{"id":"gen9anythinggoes-1974025127","p1":"mopasje","p2":"Hzozv","format":"[Gen 9] Anything Goes","log":"|j|\u2606mopasje\n|j|\u2606Hzozv\n|t:|1698043944\n|gametype|singles\n|player|p1|mopasje|clair|1481\n|player|p2|Hzozv|lusamine-nihilego|1570\n|teamsize|p1|6\n|teamsize|p2|6\n|gen|9\n|tier|[Gen 9] Anything Goes\n|rated|\n|rule|HP Percentage Mod: HP is shown in percentages\n|rule|Endless Battle Clause: Forcing endless battles is banned\n|clearpoke\n|poke|p1|Garchomp, M|\n|poke|p1|Walking Wake|\n|poke|p1|Iron Valiant|\n|poke|p1|Miraidon|\n|poke|p1|Glimmora, F|\n|poke|p1|Ogerpon-Cornerstone, F|\n|poke|p2|Glimmora, F|\n|poke|p2|Miraidon|\n|poke|p2|Koraidon|\n|poke|p2|Iron Bundle|\n|poke|p2|Great Tusk|\n|poke|p2|Ditto|\n|teampreview\n|inactive|Battle timer is ON: inactive players will automatically lose when time's up. (requested by Hzozv)\n|\n|t:|1698043952\n|start\n|switch|p1a: Walking Wake|Walking Wake|100\/100\n|switch|p2a: Glimmora|Glimmora, F|100\/100\n|-enditem|p1a: Walking Wake|Booster Energy\n|-activate|p1a: Walking Wake|ability: Protosynthesis|[fromitem]\n|-start|p1a: Walking Wake|protosynthesisspa\n|turn|1\n|\n|t:|1698043962\n|switch|p2a: Ditto|Ditto|100\/100\n|-transform|p2a: Ditto|p1a: Walking Wake|[from] ability: Imposter\n|move|p1a: Walking Wake|Hydro Steam|p2a: Ditto\n|-resisted|p2a: Ditto\n|-damage|p2a: Ditto|81\/100\n|\n|upkeep\n|turn|2\n|j| Cutecat1122\n|\n|t:|1698043971\n|-end|p2a: Ditto|Protosynthesis|[silent]\n|switch|p2a: Glimmora|Glimmora, F|100\/100\n|move|p1a: Walking Wake|Dragon Pulse|p2a: Glimmora\n|-damage|p2a: Glimmora|5\/100\n|-enditem|p2a: Glimmora|Red Card|[of] p1a: Walking Wake\n|-end|p1a: Walking Wake|Protosynthesis|[silent]\n|drag|p1a: Ogerpon|Ogerpon-Cornerstone, F|100\/100\n|\n|upkeep\n|turn|3\n|\n|t:|1698043982\n|move|p1a: Ogerpon|Swords Dance|p1a: Ogerpon\n|-boost|p1a: Ogerpon|atk|2\n|move|p2a: Glimmora|Mortal Spin|p1a: Ogerpon\n|-damage|p1a: Ogerpon|91\/100\n|-status|p1a: Ogerpon|psn\n|\n|-damage|p1a: Ogerpon|79\/100 psn|[from] psn\n|upkeep\n|turn|4\n|\n|t:|1698043991\n|move|p1a: Ogerpon|Ivy Cudgel|p2a: Glimmora\n|-damage|p2a: Glimmora|0 fnt\n|-activate|p2a: Glimmora|ability: Toxic Debris\n|-sidestart|p1: mopasje|move: Toxic Spikes\n|faint|p2a: Glimmora\n|\n|-damage|p1a: Ogerpon|67\/100 psn|[from] psn\n|upkeep\n|\n|t:|1698044006\n|switch|p2a: Ditto|Ditto|81\/100\n|-transform|p2a: Ditto|p1a: Ogerpon|[from] ability: Imposter\n|turn|5\n|\n|t:|1698044015\n|move|p2a: Ditto|Ivy Cudgel|p1a: Ogerpon\n|-crit|p1a: Ogerpon\n|-damage|p1a: Ogerpon|0 fnt\n|faint|p1a: Ogerpon\n|\n|upkeep\n|\n|t:|1698044020\n|switch|p1a: Glimmora|Glimmora, F, shiny|100\/100\n|-sideend|p1: mopasje|move: Toxic Spikes|[of] p1a: Glimmora\n|turn|6\n|\n|t:|1698044032\n|move|p2a: Ditto|Ivy Cudgel|p1a: Glimmora\n|-enditem|p1a: Glimmora|Focus Sash\n|-damage|p1a: Glimmora|1\/100\n|-activate|p1a: Glimmora|ability: Toxic Debris\n|-sidestart|p2: Hzozv|move: Toxic Spikes\n|move|p1a: Glimmora|Sludge Bomb|p2a: Ditto\n|-damage|p2a: Ditto|23\/100\n|-status|p2a: Ditto|psn\n|\n|-damage|p2a: Ditto|11\/100 psn|[from] psn\n|upkeep\n|turn|7\n|\n|t:|1698044045\n|switch|p2a: Great Tusk|Great Tusk|100\/100\n|switch|p1a: Garchomp|Garchomp, M|100\/100\n|\n|upkeep\n|turn|8\n|\n|t:|1698044059\n|switch|p1a: Glimmora|Glimmora, F, shiny|1\/100\n|move|p2a: Great Tusk|Rapid Spin|p1a: Glimmora\n|-resisted|p1a: Glimmora\n|-damage|p1a: Glimmora|0 fnt\n|-boost|p2a: Great Tusk|spe|1\n|-activate|p1a: Glimmora|ability: Toxic Debris\n|-sidestart|p2: Hzozv|move: Toxic Spikes\n|-sideend|p2: Hzozv|Toxic Spikes|[from] move: Rapid Spin|[of] p2a: Great Tusk\n|faint|p1a: Glimmora\n|\n|upkeep\n|\n|t:|1698044072\n|switch|p1a: Walking Wake|Walking Wake|100\/100\n|turn|9\n|\n|t:|1698044085\n|move|p2a: Great Tusk|Headlong Rush|p1a: Walking Wake\n|-damage|p1a: Walking Wake|26\/100\n|-unboost|p2a: Great Tusk|def|1\n|-unboost|p2a: Great Tusk|spd|1\n|move|p1a: Walking Wake|Dragon Pulse|p2a: Great Tusk\n|-damage|p2a: Great Tusk|0 fnt\n|faint|p2a: Great Tusk\n|-end|p2a: Great Tusk|Protosynthesis|[silent]\n|\n|upkeep\n|\n|t:|1698044094\n|switch|p2a: Iron Bundle|Iron Bundle|100\/100\n|turn|10\n|\n|t:|1698044099\n|move|p2a: Iron Bundle|Ice Beam|p1a: Walking Wake\n|-damage|p1a: Walking Wake|0 fnt\n|faint|p1a: Walking Wake\n|-end|p1a: Walking Wake|Protosynthesis|[silent]\n|-damage|p2a: Iron Bundle|91\/100|[from] item: Life Orb\n|\n|upkeep\n|\n|t:|1698044105\n|switch|p1a: Iron Valiant|Iron Valiant|100\/100\n|-enditem|p1a: Iron Valiant|Booster Energy\n|-activate|p1a: Iron Valiant|ability: Quark Drive|[fromitem]\n|-start|p1a: Iron Valiant|quarkdrivespe\n|turn|11\n|\n|t:|1698044113\n|-end|p2a: Iron Bundle|Quark Drive|[silent]\n|switch|p2a: Ditto|Ditto|11\/100 psn\n|-transform|p2a: Ditto|p1a: Iron Valiant|[from] ability: Imposter\n|move|p1a: Iron Valiant|Close Combat|p2a: Ditto\n|-resisted|p2a: Ditto\n|-damage|p2a: Ditto|0 fnt\n|-unboost|p1a: Iron Valiant|def|1\n|-unboost|p1a: Iron Valiant|spd|1\n|faint|p2a: Ditto\n|-end|p2a: Ditto|Quark Drive|[silent]\n|\n|upkeep\n|\n|t:|1698044132\n|switch|p2a: Koraidon|Koraidon|100\/100\n|-weather|SunnyDay|[from] ability: Orichalcum Pulse|[of] p2a: Koraidon\n|-activate|p2a: Koraidon|Orichalcum Pulse|[source]\n|turn|12\n|\n|t:|1698044138\n|move|p2a: Koraidon|Iron Head|p1a: Iron Valiant\n|-supereffective|p1a: Iron Valiant\n|-damage|p1a: Iron Valiant|0 fnt\n|faint|p1a: Iron Valiant\n|-end|p1a: Iron Valiant|Quark Drive|[silent]\n|\n|-weather|SunnyDay|[upkeep]\n|upkeep\n|\n|t:|1698044145\n|switch|p1a: Garchomp|Garchomp, M|100\/100\n|turn|13\n|\n|t:|1698044151\n|-terastallize|p1a: Garchomp|Steel\n|move|p2a: Koraidon|Iron Head|p1a: Garchomp\n|-resisted|p1a: Garchomp\n|-damage|p1a: Garchomp|84\/100\n|-damage|p2a: Koraidon|88\/100|[from] ability: Rough Skin|[of] p1a: Garchomp\n|-damage|p2a: Koraidon|72\/100|[from] item: Rocky Helmet|[of] p1a: Garchomp\n|cant|p1a: Garchomp|flinch\n|\n|-weather|SunnyDay|[upkeep]\n|upkeep\n|turn|14\n|\n|t:|1698044163\n|switch|p2a: Miraidon|Miraidon|100\/100\n|-fieldstart|move: Electric Terrain|[from] ability: Hadron Engine|[of] p2a: Miraidon\n|move|p1a: Garchomp|Dragon Tail|p2a: Miraidon\n|-supereffective|p2a: Miraidon\n|-damage|p2a: Miraidon|50\/100\n|drag|p2a: Koraidon|Koraidon|72\/100\n|-activate|p2a: Koraidon|ability: Orichalcum Pulse\n|\n|-weather|SunnyDay|[upkeep]\n|upkeep\n|turn|15\n|\n|t:|1698044174\n|move|p2a: Koraidon|Collision Course|p1a: Garchomp\n|-supereffective|p1a: Garchomp\n|-damage|p1a: Garchomp|0 fnt\n|-damage|p2a: Koraidon|59\/100|[from] ability: Rough Skin|[of] p1a: Garchomp\n|-damage|p2a: Koraidon|43\/100|[from] item: Rocky Helmet|[of] p1a: Garchomp\n|faint|p1a: Garchomp\n|\n|-weather|SunnyDay|[upkeep]\n|upkeep\n|c|\u2606mopasje|Lucky flinch\n|\n|t:|1698044185\n|switch|p1a: Miraidon|Miraidon|100\/100\n|-activate|p1a: Miraidon|ability: Hadron Engine\n|turn|16\n|-message|mopasje forfeited.\n|\n|win|Hzozv\n|raw|mopasje's rating: 1481 &rarr; <strong>1466<\/strong><br \/>(-15 for losing)\n|raw|Hzozv's rating: 1570 &rarr; <strong>1585<\/strong><br \/>(+15 for winning)\n|l|\u2606mopasje\n|c|\u2606Hzozv|Yeah cuz that dragon tail changed a lot\n","uploadtime":1698044201,"views":12,"p1id":"mopasje","p2id":"hzozv","formatid":"gen9anythinggoes","rating":1466,"private":0,"password":""}