{"id":"gen9anythinggoes-1998647581","p1":"Danny7hantom","p2":"Mr Fruitville","format":"[Gen 9] Anything Goes","log":"|j|\u2606Danny7hantom\n|j|\u2606Mr Fruitville\n|t:|1700967269\n|gametype|singles\n|player|p1|Danny7hantom|n|1151\n|player|p2|Mr Fruitville|266|1161\n|teamsize|p1|6\n|teamsize|p2|6\n|gen|9\n|tier|[Gen 9] Anything Goes\n|rated|\n|rule|HP Percentage Mod: HP is shown in percentages\n|rule|Endless Battle Clause: Forcing endless battles is banned\n|clearpoke\n|poke|p1|Mewtwo|\n|poke|p1|Corviknight, M|\n|poke|p1|Girafarig, M|\n|poke|p1|Mew|\n|poke|p1|Drifblim, F|\n|poke|p1|Cinderace, M|\n|poke|p2|Maushold-Four|\n|poke|p2|Flutter Mane|\n|poke|p2|Miraidon|\n|poke|p2|Rabsca, M|\n|poke|p2|Garganacl, F|\n|poke|p2|Houndstone, M|\n|teampreview\n|\n|t:|1700967280\n|start\n|switch|p1a: Mewtwo|Mewtwo|100\/100\n|switch|p2a: DeMarco|Miraidon|100\/100\n|-fieldstart|move: Electric Terrain|[from] ability: Hadron Engine|[of] p2a: DeMarco\n|-ability|p1a: Mewtwo|Pressure\n|turn|1\n|inactive|Battle timer is ON: inactive players will automatically lose when time's up. (requested by Mr Fruitville)\n|\n|t:|1700967294\n|-terastallize|p2a: DeMarco|Electric\n|-terastallize|p1a: Mewtwo|Dark\n|move|p2a: DeMarco|Electro Drift|p1a: Mewtwo\n|-damage|p1a: Mewtwo|0 fnt\n|faint|p1a: Mewtwo\n|\n|upkeep\n|\n|t:|1700967306\n|switch|p1a: Corvis Corax|Corviknight, M, shiny|100\/100\n|turn|2\n|\n|t:|1700967308\n|move|p2a: DeMarco|Electro Drift|p1a: Corvis Corax\n|-supereffective|p1a: Corvis Corax\n|-damage|p1a: Corvis Corax|0 fnt\n|faint|p1a: Corvis Corax\n|\n|upkeep\n|\n|t:|1700967315\n|switch|p1a: Neck|Girafarig, M, shiny|100\/100\n|turn|3\n|\n|t:|1700967318\n|move|p2a: DeMarco|Electro Drift|p1a: Neck\n|-damage|p1a: Neck|0 fnt\n|faint|p1a: Neck\n|\n|upkeep\n|\n|t:|1700967323\n|switch|p1a: Cinderace|Cinderace, M|100\/100\n|turn|4\n|\n|t:|1700967328\n|move|p2a: DeMarco|Electro Drift|p1a: Cinderace\n|-damage|p1a: Cinderace|0 fnt\n|faint|p1a: Cinderace\n|\n|upkeep\n|\n|t:|1700967333\n|switch|p1a: Drifblim|Drifblim, F|100\/100\n|turn|5\n|\n|t:|1700967337\n|move|p2a: DeMarco|Electro Drift|p1a: Drifblim\n|-supereffective|p1a: Drifblim\n|-enditem|p1a: Drifblim|Focus Sash\n|-damage|p1a: Drifblim|1\/100\n|move|p1a: Drifblim|Minimize|p1a: Drifblim\n|-boost|p1a: Drifblim|evasion|2\n|\n|-fieldend|move: Electric Terrain\n|upkeep\n|turn|6\n|\n|t:|1700967349\n|move|p1a: Drifblim|Baton Pass|p1a: Drifblim\n|\n|t:|1700967357\n|switch|p1a: Mew|Mew, shiny|100\/100|[from] Baton Pass\n|move|p2a: DeMarco|Electro Drift|p1a: Mew\n|-damage|p1a: Mew|25\/100\n|\n|upkeep\n|turn|7\n|\n|t:|1700967369\n|move|p2a: DeMarco|Electro Drift|p1a: Mew|[miss]\n|-miss|p2a: DeMarco|p1a: Mew\n|move|p1a: Mew|Poison Jab|p2a: DeMarco\n|-damage|p2a: DeMarco|72\/100\n|-status|p2a: DeMarco|psn\n|-damage|p1a: Mew|15\/100|[from] item: Life Orb\n|\n|-damage|p2a: DeMarco|60\/100 psn|[from] psn\n|upkeep\n|turn|8\n|\n|t:|1700967380\n|move|p2a: DeMarco|Dragon Pulse|p1a: Mew\n|-damage|p1a: Mew|0 fnt\n|faint|p1a: Mew\n|\n|-damage|p2a: DeMarco|48\/100 psn|[from] psn\n|upkeep\n|\n|t:|1700967385\n|switch|p1a: Drifblim|Drifblim, F|1\/100\n|turn|9\n|\n|t:|1700967387\n|move|p2a: DeMarco|Power Gem|p1a: Drifblim\n|-supereffective|p1a: Drifblim\n|-damage|p1a: Drifblim|0 fnt\n|faint|p1a: Drifblim\n|\n|win|Mr Fruitville\n|raw|Danny7hantom's rating: 1151 &rarr; <strong>1127<\/strong><br \/>(-24 for losing)\n|raw|Mr Fruitville's rating: 1161 &rarr; <strong>1185<\/strong><br \/>(+24 for winning)\n|l|\u2606Danny7hantom\n","uploadtime":1700967394,"views":2,"p1id":"danny7hantom","p2id":"mrfruitville","formatid":"gen9anythinggoes","rating":1127,"private":0,"password":""}