{"id":"gen9anythinggoes-1995174683","p1":"TheJoeyGuy","p2":"Penguinator7","format":"[Gen 9] Anything Goes","log":"|j|\u2606TheJoeyGuy\n|j|\u2606Penguinator7\n|t:|1700530950\n|gametype|singles\n|player|p1|TheJoeyGuy|1|\n|player|p2|Penguinator7|palmer|\n|teamsize|p1|6\n|teamsize|p2|6\n|gen|9\n|tier|[Gen 9] Anything Goes\n|rule|HP Percentage Mod: HP is shown in percentages\n|rule|Endless Battle Clause: Forcing endless battles is banned\n|clearpoke\n|poke|p1|Chien-Pao|\n|poke|p1|Basculegion-F, F|\n|poke|p1|Revavroom, F|\n|poke|p1|Hawlucha, M|\n|poke|p1|Hatterene, F|\n|poke|p1|Ditto|\n|poke|p2|Iron Valiant|\n|poke|p2|Meowscarada, M|\n|poke|p2|Ceruledge, F|\n|poke|p2|Glastrier|\n|poke|p2|Tornadus-Therian, M|\n|poke|p2|Pachirisu, F|\n|teampreview\n|inactive|Battle timer is ON: inactive players will automatically lose when time's up. (requested by Penguinator7)\n|inactiveoff|Battle timer is now OFF.\n|\n|t:|1700531008\n|start\n|switch|p1a: Hawlucha|Hawlucha, M|100\/100\n|switch|p2a: Joey 69|Pachirisu, F|100\/100\n|turn|1\n|j| FLOOR IT\n|\n|t:|1700531025\n|move|p1a: Hawlucha|Close Combat|p2a: Joey 69\n|-damage|p2a: Joey 69|8\/100\n|-unboost|p1a: Hawlucha|def|1\n|-unboost|p1a: Hawlucha|spd|1\n|-damage|p1a: Hawlucha|91\/100|[from] item: Life Orb\n|move|p2a: Joey 69|Nuzzle|p1a: Hawlucha\n|-supereffective|p1a: Hawlucha\n|-damage|p1a: Hawlucha|75\/100\n|\n|upkeep\n|turn|2\n|c|\u2606Penguinator7|OPE\n|\n|t:|1700531042\n|switch|p2a: Joey 3|Ceruledge, F|100\/100\n|move|p1a: Hawlucha|U-turn|p2a: Joey 3\n|-resisted|p2a: Joey 3\n|-damage|p2a: Joey 3|92\/100\n|-ability|p2a: Joey 3|Weak Armor|boost\n|-unboost|p2a: Joey 3|def|1\n|-boost|p2a: Joey 3|spe|2\n|-damage|p1a: Hawlucha|65\/100|[from] item: Life Orb\n|j| Ryno5311\n|\n|t:|1700531056\n|switch|p1a: Ditto|Ditto|100\/100|[from] U-turn\n|-transform|p1a: Ditto|p2a: Joey 3|[from] ability: Imposter\n|\n|upkeep\n|turn|3\n|\n|t:|1700531095\n|switch|p2a: Joey 2|Meowscarada, M|100\/100\n|move|p1a: Ditto|Poltergeist|p2a: Joey 2\n|-activate|p2a: Joey 2|move: Poltergeist|Choice Scarf\n|-resisted|p2a: Joey 2\n|-damage|p2a: Joey 2|49\/100\n|\n|upkeep\n|turn|4\n|\n|t:|1700531141\n|move|p2a: Joey 2|Sucker Punch|p1a: Ditto\n|-start|p2a: Joey 2|typechange|Dark|[from] ability: Protean\n|-supereffective|p1a: Ditto\n|-damage|p1a: Ditto|0 fnt\n|faint|p1a: Ditto\n|\n|upkeep\n|\n|t:|1700531167\n|switch|p1a: Chien-Pao|Chien-Pao|100\/100\n|-ability|p1a: Chien-Pao|Sword of Ruin\n|turn|5\n|\n|t:|1700531177\n|switch|p2a: Joey 3|Ceruledge, F|92\/100\n|move|p1a: Chien-Pao|Substitute|p1a: Chien-Pao\n|-start|p1a: Chien-Pao|Substitute\n|-damage|p1a: Chien-Pao|76\/100\n|\n|upkeep\n|turn|6\n|\n|t:|1700531205\n|switch|p2a: Joey 69|Pachirisu, F|8\/100\n|move|p1a: Chien-Pao|Sucker Punch||[still]\n|-fail|p1a: Chien-Pao\n|\n|upkeep\n|turn|7\n|\n|t:|1700531220\n|move|p1a: Chien-Pao|Icicle Crash|p2a: Joey 69\n|-damage|p2a: Joey 69|0 fnt\n|faint|p2a: Joey 69\n|\n|upkeep\n|\n|t:|1700531268\n|switch|p2a: Joey 1|Iron Valiant|100\/100\n|turn|8\n|\n|t:|1700531274\n|move|p2a: Joey 1|Vacuum Wave|p1a: Chien-Pao\n|-supereffective|p1a: Chien-Pao\n|-end|p1a: Chien-Pao|Substitute\n|move|p1a: Chien-Pao|Icicle Crash|p2a: Joey 1\n|-damage|p2a: Joey 1|29\/100\n|\n|upkeep\n|turn|9\n|\n|t:|1700531297\n|switch|p1a: Basculegion|Basculegion-F, F|100\/100\n|-end|p2a: Joey 1|Quark Drive|[silent]\n|switch|p2a: Joey 5|Tornadus-Therian, M|100\/100\n|\n|upkeep\n|turn|10\n|\n|t:|1700531305\n|move|p2a: Joey 5|Dark Pulse|p1a: Basculegion\n|-supereffective|p1a: Basculegion\n|-damage|p1a: Basculegion|65\/100\n|move|p1a: Basculegion|Ice Beam|p2a: Joey 5\n|-supereffective|p2a: Joey 5\n|-damage|p2a: Joey 5|27\/100\n|\n|upkeep\n|turn|11\n|\n|t:|1700531325\n|move|p2a: Joey 5|Dark Pulse|p1a: Basculegion\n|-supereffective|p1a: Basculegion\n|-damage|p1a: Basculegion|25\/100\n|move|p1a: Basculegion|Shadow Ball|p2a: Joey 5\n|-damage|p2a: Joey 5|0 fnt\n|faint|p2a: Joey 5\n|\n|upkeep\n|\n|t:|1700531387\n|switch|p2a: Joey 3|Ceruledge, F|92\/100\n|turn|12\n|\n|t:|1700531428\n|move|p2a: Joey 3|Shadow Sneak|p1a: Basculegion\n|-supereffective|p1a: Basculegion\n|-damage|p1a: Basculegion|0 fnt\n|faint|p1a: Basculegion\n|\n|upkeep\n|\n|t:|1700531464\n|switch|p1a: Hawlucha|Hawlucha, M|65\/100\n|turn|13\n|\n|t:|1700531474\n|move|p2a: Joey 3|Endure|p2a: Joey 3\n|-singleturn|p2a: Joey 3|move: Endure\n|move|p1a: Hawlucha|Stone Edge|p2a: Joey 3\n|-supereffective|p2a: Joey 3\n|-activate|p2a: Joey 3|move: Endure\n|-damage|p2a: Joey 3|1\/100\n|-ability|p2a: Joey 3|Weak Armor|boost\n|-unboost|p2a: Joey 3|def|1\n|-boost|p2a: Joey 3|spe|2\n|-enditem|p2a: Joey 3|Liechi Berry|[eat]\n|-boost|p2a: Joey 3|atk|1|[from] item: Liechi Berry\n|-damage|p1a: Hawlucha|55\/100|[from] item: Life Orb\n|\n|upkeep\n|turn|14\n|\n|t:|1700531497\n|move|p2a: Joey 3|Bitter Blade|p1a: Hawlucha\n|-damage|p1a: Hawlucha|0 fnt\n|-heal|p2a: Joey 3|29\/100|[from] drain|[of] p1a: Hawlucha\n|faint|p1a: Hawlucha\n|\n|upkeep\n|\n|t:|1700531508\n|switch|p1a: Chien-Pao|Chien-Pao|76\/100\n|-ability|p1a: Chien-Pao|Sword of Ruin\n|turn|15\n|\n|t:|1700531519\n|switch|p2a: Joey 1|Iron Valiant|29\/100\n|move|p1a: Chien-Pao|Sucker Punch||[still]\n|-fail|p1a: Chien-Pao\n|\n|upkeep\n|turn|16\n|\n|t:|1700531535\n|switch|p1a: Hatterene|Hatterene, F|100\/100\n|move|p2a: Joey 1|Vacuum Wave|p1a: Hatterene\n|-resisted|p1a: Hatterene\n|-damage|p1a: Hatterene|93\/100\n|\n|upkeep\n|turn|17\n|\n|t:|1700531571\n|-end|p2a: Joey 1|Quark Drive|[silent]\n|switch|p2a: Joey 3|Ceruledge, F|29\/100\n|move|p1a: Hatterene|Dazzling Gleam|p2a: Joey 3\n|-resisted|p2a: Joey 3\n|-damage|p2a: Joey 3|0 fnt\n|faint|p2a: Joey 3\n|\n|upkeep\n|\n|t:|1700531580\n|switch|p2a: Joey 4|Glastrier|100\/100\n|turn|18\n|\n|t:|1700531617\n|move|p2a: Joey 4|Heavy Slam|p1a: Hatterene\n|-supereffective|p1a: Hatterene\n|-damage|p1a: Hatterene|0 fnt\n|faint|p1a: Hatterene\n|-ability|p2a: Joey 4|Chilling Neigh|boost\n|-boost|p2a: Joey 4|atk|1\n|\n|upkeep\n|c| Ryno5311|Unlorse\n|\n|t:|1700531631\n|switch|p1a: Revavroom|Revavroom, F|100\/100\n|turn|19\n|\n|t:|1700531647\n|-terastallize|p2a: Joey 4|Poison\n|move|p1a: Revavroom|Iron Head|p2a: Joey 4\n|-damage|p2a: Joey 4|54\/100\n|cant|p2a: Joey 4|flinch\n|\n|upkeep\n|turn|20\n|c|\u2606Penguinator7|SADGE\n|\n|t:|1700531661\n|move|p1a: Revavroom|Iron Head|p2a: Joey 4\n|-damage|p2a: Joey 4|14\/100\n|move|p2a: Joey 4|High Horsepower|p1a: Revavroom\n|-supereffective|p1a: Revavroom\n|-damage|p1a: Revavroom|0 fnt\n|faint|p1a: Revavroom\n|-ability|p2a: Joey 4|Chilling Neigh|boost\n|-boost|p2a: Joey 4|atk|1\n|\n|upkeep\n|c| Ryno5311|The\n|\n|t:|1700531669\n|switch|p1a: Chien-Pao|Chien-Pao|76\/100\n|-ability|p1a: Chien-Pao|Sword of Ruin\n|turn|21\n|c| Ryno5311|HORSE\n|\n|t:|1700531674\n|move|p1a: Chien-Pao|Substitute|p1a: Chien-Pao\n|-start|p1a: Chien-Pao|Substitute\n|-damage|p1a: Chien-Pao|51\/100\n|move|p2a: Joey 4|Heavy Slam|p1a: Chien-Pao\n|-supereffective|p1a: Chien-Pao\n|-end|p1a: Chien-Pao|Substitute\n|\n|upkeep\n|turn|22\n|\n|t:|1700531693\n|move|p1a: Chien-Pao|Substitute|p1a: Chien-Pao\n|-start|p1a: Chien-Pao|Substitute\n|-damage|p1a: Chien-Pao|26\/100\n|move|p2a: Joey 4|Heavy Slam|p1a: Chien-Pao\n|-supereffective|p1a: Chien-Pao\n|-end|p1a: Chien-Pao|Substitute\n|\n|upkeep\n|turn|23\n|\n|t:|1700531710\n|move|p1a: Chien-Pao|Substitute|p1a: Chien-Pao\n|-start|p1a: Chien-Pao|Substitute\n|-damage|p1a: Chien-Pao|1\/100\n|-enditem|p1a: Chien-Pao|Liechi Berry|[eat]\n|-boost|p1a: Chien-Pao|atk|1|[from] item: Liechi Berry\n|move|p2a: Joey 4|Heavy Slam|p1a: Chien-Pao\n|-supereffective|p1a: Chien-Pao\n|-end|p1a: Chien-Pao|Substitute\n|\n|upkeep\n|turn|24\n|c|\u2606TheJoeyGuy|its time for desparation B)\n|\n|t:|1700531724\n|move|p1a: Chien-Pao|Sacred Sword|p2a: Joey 4\n|-resisted|p2a: Joey 4\n|-damage|p2a: Joey 4|0 fnt\n|faint|p2a: Joey 4\n|\n|upkeep\n|c|\u2606Penguinator7|gl\n|\n|t:|1700531731\n|switch|p2a: Joey 2|Meowscarada, M|49\/100\n|turn|25\n|c|\u2606Penguinator7|hf\n|\n|t:|1700531746\n|move|p2a: Joey 2|Sucker Punch|p1a: Chien-Pao\n|-start|p2a: Joey 2|typechange|Dark|[from] ability: Protean\n|-resisted|p1a: Chien-Pao\n|-damage|p1a: Chien-Pao|0 fnt\n|faint|p1a: Chien-Pao\n|\n|win|Penguinator7\n|c|\u2606Penguinator7|ggs\n|c|\u2606TheJoeyGuy|gg\n|l| Ryno5311\n|l| FLOOR IT\n|l|\u2606TheJoeyGuy\n","uploadtime":1700531767,"views":3,"p1id":"thejoeyguy","p2id":"penguinator7","formatid":"gen9anythinggoes","rating":0,"private":0,"password":""}