{"id":"gen9anythinggoes-1978324417","p1":"Alexwave55","p2":"CertifiedDumbass1","format":"[Gen 9] Anything Goes","log":"|j|\u2606Alexwave55\n|j|\u2606CertifiedDumbass1\n|t:|1698525212\n|gametype|singles\n|player|p1|Alexwave55|grimsley|\n|player|p2|CertifiedDumbass1|169|\n|teamsize|p1|6\n|teamsize|p2|6\n|gen|9\n|tier|[Gen 9] Anything Goes\n|rule|HP Percentage Mod: HP is shown in percentages\n|rule|Endless Battle Clause: Forcing endless battles is banned\n|clearpoke\n|poke|p1|Palafin, M|\n|poke|p1|Skeledirge, F|\n|poke|p1|Iron Treads|\n|poke|p1|Sinistcha-Masterpiece|\n|poke|p1|Mandibuzz, F|\n|poke|p1|Florges-White, F|\n|poke|p2|Urshifu-*, M|\n|poke|p2|Torterra, M|\n|poke|p2|Ting-Lu|\n|poke|p2|Talonflame, F|\n|poke|p2|Kilowattrel, M|\n|poke|p2|Tauros-Paldea-Aqua, M|\n|teampreview\n|\n|t:|1698525253\n|start\n|switch|p1a: Babalu|Mandibuzz, F|100\/100\n|switch|p2a: Ling-2|Ting-Lu|100\/100\n|-ability|p2a: Ling-2|Vessel of Ruin\n|turn|1\n|\n|t:|1698525266\n|move|p1a: Babalu|Toxic|p2a: Ling-2\n|-status|p2a: Ling-2|tox\n|move|p2a: Ling-2|Stealth Rock|p1a: Babalu\n|-sidestart|p1: Alexwave55|move: Stealth Rock\n|\n|-damage|p2a: Ling-2|94\/100 tox|[from] psn\n|upkeep\n|turn|2\n|\n|t:|1698525277\n|move|p1a: Babalu|Knock Off|p2a: Ling-2\n|-resisted|p2a: Ling-2\n|-damage|p2a: Ling-2|88\/100 tox\n|-enditem|p2a: Ling-2|Leftovers|[from] move: Knock Off|[of] p1a: Babalu\n|move|p2a: Ling-2|Spikes|p1a: Babalu\n|-sidestart|p1: Alexwave55|Spikes\n|\n|-damage|p2a: Ling-2|76\/100 tox|[from] psn\n|upkeep\n|turn|3\n|\n|t:|1698525302\n|switch|p2a: Palafin DIES!|Tauros-Paldea-Aqua, M|100\/100\n|move|p1a: Babalu|U-turn|p2a: Palafin DIES!\n|-resisted|p2a: Palafin DIES!\n|-damage|p2a: Palafin DIES!|94\/100\n|\n|t:|1698525321\n|switch|p1a: Queen|Skeledirge, F|100\/100|[from] U-turn\n|\n|upkeep\n|turn|4\n|\n|t:|1698525339\n|move|p2a: Palafin DIES!|Raging Bull|p1a: Queen\n|-supereffective|p1a: Queen\n|-damage|p1a: Queen|48\/100\n|move|p1a: Queen|Will-O-Wisp|p2a: Palafin DIES!\n|-status|p2a: Palafin DIES!|brn\n|\n|-damage|p2a: Palafin DIES!|88\/100 brn|[from] brn\n|upkeep\n|turn|5\n|\n|t:|1698525345\n|move|p2a: Palafin DIES!|Raging Bull|p1a: Queen\n|-supereffective|p1a: Queen\n|-damage|p1a: Queen|23\/100\n|move|p1a: Queen|Slack Off|p1a: Queen\n|-heal|p1a: Queen|73\/100\n|\n|-damage|p2a: Palafin DIES!|82\/100 brn|[from] brn\n|upkeep\n|turn|6\n|\n|t:|1698525352\n|move|p2a: Palafin DIES!|Raging Bull|p1a: Queen\n|-supereffective|p1a: Queen\n|-damage|p1a: Queen|48\/100\n|move|p1a: Queen|Slack Off|p1a: Queen\n|-heal|p1a: Queen|98\/100\n|\n|-damage|p2a: Palafin DIES!|75\/100 brn|[from] brn\n|upkeep\n|turn|7\n|\n|t:|1698525356\n|switch|p2a: Ling-2|Ting-Lu|76\/100 tox\n|-ability|p2a: Ling-2|Vessel of Ruin\n|move|p1a: Queen|Hex|p2a: Ling-2\n|-resisted|p2a: Ling-2\n|-damage|p2a: Ling-2|60\/100 tox\n|\n|-damage|p2a: Ling-2|54\/100 tox|[from] psn\n|upkeep\n|turn|8\n|\n|t:|1698525365\n|-terastallize|p1a: Queen|Flying\n|move|p1a: Queen|Torch Song|p2a: Ling-2\n|-damage|p2a: Ling-2|37\/100 tox\n|-boost|p1a: Queen|spa|1\n|move|p2a: Ling-2|Throat Chop|p1a: Queen\n|-damage|p1a: Queen|72\/100\n|-start|p1a: Queen|Throat Chop|[silent]\n|\n|-damage|p2a: Ling-2|24\/100 tox|[from] psn\n|upkeep\n|turn|9\n|\n|t:|1698525382\n|switch|p2a: Freddy|Urshifu-Rapid-Strike, M|100\/100\n|move|p1a: Queen|Hex|p2a: Freddy\n|-damage|p2a: Freddy|49\/100\n|\n|-end|p1a: Queen|Throat Chop|[silent]\n|upkeep\n|turn|10\n|\n|t:|1698525393\n|move|p2a: Freddy|Thunder Punch|p1a: Queen\n|-supereffective|p1a: Queen\n|-damage|p1a: Queen|38\/100\n|move|p1a: Queen|Will-O-Wisp|p2a: Freddy\n|-status|p2a: Freddy|brn\n|\n|-damage|p2a: Freddy|43\/100 brn|[from] brn\n|upkeep\n|turn|11\n|\n|t:|1698525401\n|move|p2a: Freddy|Thunder Punch|p1a: Queen\n|-supereffective|p1a: Queen\n|-damage|p1a: Queen|20\/100\n|move|p1a: Queen|Slack Off|p1a: Queen\n|-heal|p1a: Queen|70\/100\n|\n|-damage|p2a: Freddy|37\/100 brn|[from] brn\n|upkeep\n|turn|12\n|\n|t:|1698525419\n|move|p2a: Freddy|Bulk Up|p2a: Freddy\n|-boost|p2a: Freddy|atk|1\n|-boost|p2a: Freddy|def|1\n|move|p1a: Queen|Slack Off|p1a: Queen\n|-heal|p1a: Queen|100\/100\n|\n|-damage|p2a: Freddy|31\/100 brn|[from] brn\n|upkeep\n|turn|13\n|\n|t:|1698525421\n|move|p2a: Freddy|Thunder Punch|p1a: Queen\n|-supereffective|p1a: Queen\n|-damage|p1a: Queen|84\/100\n|move|p1a: Queen|Hex|p2a: Freddy\n|-damage|p2a: Freddy|0 fnt\n|faint|p2a: Freddy\n|\n|upkeep\n|\n|t:|1698525442\n|switch|p2a: Krill-o-wattrel|Kilowattrel, M|100\/100\n|turn|14\n|\n|t:|1698525456\n|switch|p1a: Franky|Iron Treads|100\/100\n|-damage|p1a: Franky|97\/100|[from] Stealth Rock\n|-damage|p1a: Franky|85\/100|[from] Spikes\n|move|p2a: Krill-o-wattrel|Thunderbolt|p1a: Franky\n|-immune|p1a: Franky\n|\n|upkeep\n|turn|15\n|\n|t:|1698525464\n|switch|p2a: Palafin DIES!|Tauros-Paldea-Aqua, M|75\/100 brn\n|move|p1a: Franky|Rapid Spin|p2a: Palafin DIES!\n|-damage|p2a: Palafin DIES!|59\/100 brn\n|-boost|p1a: Franky|spe|1\n|-sideend|p1: Alexwave55|Spikes|[from] move: Rapid Spin|[of] p1a: Franky\n|-sideend|p1: Alexwave55|Stealth Rock|[from] move: Rapid Spin|[of] p1a: Franky\n|\n|-damage|p2a: Palafin DIES!|52\/100 brn|[from] brn\n|upkeep\n|turn|16\n|\n|t:|1698525469\n|move|p1a: Franky|Wild Charge|p2a: Palafin DIES!\n|-supereffective|p2a: Palafin DIES!\n|-damage|p2a: Palafin DIES!|0 fnt\n|faint|p2a: Palafin DIES!\n|-damage|p1a: Franky|73\/100|[from] Recoil\n|\n|upkeep\n|\n|t:|1698525483\n|switch|p2a: real life turtle|Torterra, M|100\/100\n|turn|17\n|\n|t:|1698525488\n|move|p1a: Franky|Ice Spinner|p2a: real life turtle\n|-supereffective|p2a: real life turtle\n|-damage|p2a: real life turtle|1\/100\n|move|p2a: real life turtle|Shell Smash|p2a: real life turtle\n|-unboost|p2a: real life turtle|def|1\n|-unboost|p2a: real life turtle|spd|1\n|-boost|p2a: real life turtle|atk|2\n|-boost|p2a: real life turtle|spa|2\n|-boost|p2a: real life turtle|spe|2\n|\n|upkeep\n|turn|18\n|\n|t:|1698525513\n|-terastallize|p2a: real life turtle|Water\n|move|p1a: Franky|Rapid Spin|p2a: real life turtle\n|-damage|p2a: real life turtle|0 fnt\n|-boost|p1a: Franky|spe|1\n|faint|p2a: real life turtle\n|\n|upkeep\n|\n|t:|1698525518\n|switch|p2a: Jimmy FallonTlame|Talonflame, F|100\/100\n|turn|19\n|\n|t:|1698525526\n|move|p1a: Franky|Wild Charge|p2a: Jimmy FallonTlame\n|-supereffective|p2a: Jimmy FallonTlame\n|-damage|p2a: Jimmy FallonTlame|18\/100\n|-damage|p1a: Franky|54\/100|[from] Recoil\n|move|p2a: Jimmy FallonTlame|Flare Blitz|p1a: Franky\n|-supereffective|p1a: Franky\n|-damage|p1a: Franky|0 fnt\n|faint|p1a: Franky\n|-end|p1a: Franky|Quark Drive|[silent]\n|-damage|p2a: Jimmy FallonTlame|0 fnt|[from] Recoil\n|faint|p2a: Jimmy FallonTlame\n|\n|upkeep\n|\n|t:|1698525550\n|switch|p2a: Krill-o-wattrel|Kilowattrel, M|100\/100\n|switch|p1a: Antheia|Florges-White, F, shiny|100\/100\n|turn|20\n|\n|t:|1698525560\n|move|p2a: Krill-o-wattrel|Thunderbolt|p1a: Antheia\n|-damage|p1a: Antheia|79\/100\n|move|p1a: Antheia|Calm Mind|p1a: Antheia\n|-boost|p1a: Antheia|spa|1\n|-boost|p1a: Antheia|spd|1\n|\n|upkeep\n|turn|21\n|\n|t:|1698525572\n|switch|p2a: Ling-2|Ting-Lu|24\/100 tox\n|-ability|p2a: Ling-2|Vessel of Ruin\n|move|p1a: Antheia|Moonblast|p2a: Ling-2\n|-supereffective|p2a: Ling-2\n|-damage|p2a: Ling-2|0 fnt\n|faint|p2a: Ling-2\n|\n|upkeep\n|\n|t:|1698525574\n|switch|p2a: Krill-o-wattrel|Kilowattrel, M|100\/100\n|turn|22\n|\n|t:|1698525578\n|move|p2a: Krill-o-wattrel|Thunderbolt|p1a: Antheia\n|-damage|p1a: Antheia|66\/100\n|move|p1a: Antheia|Moonblast|p2a: Krill-o-wattrel\n|-crit|p2a: Krill-o-wattrel\n|-enditem|p2a: Krill-o-wattrel|Focus Sash\n|-damage|p2a: Krill-o-wattrel|1\/100\n|\n|upkeep\n|turn|23\n|\n|t:|1698525583\n|move|p2a: Krill-o-wattrel|Thunderbolt|p1a: Antheia\n|-damage|p1a: Antheia|53\/100\n|move|p1a: Antheia|Moonblast|p2a: Krill-o-wattrel\n|-crit|p2a: Krill-o-wattrel\n|-damage|p2a: Krill-o-wattrel|0 fnt\n|faint|p2a: Krill-o-wattrel\n|\n|win|Alexwave55\n|l|\u2606CertifiedDumbass1\n","uploadtime":1698525604,"views":35,"p1id":"alexwave55","p2id":"certifieddumbass1","formatid":"gen9anythinggoes","rating":0,"private":0,"password":""}