{"id":"gen9anythinggoes-1983145533","p1":"Frazzle99","p2":"ImBackKiddo","format":"[Gen 9] Anything Goes","log":"|j|\u2606Frazzle99\n|j|\u2606ImBackKiddo\n|t:|1699095577\n|gametype|singles\n|player|p1|Frazzle99|265|1150\n|player|p2|ImBackKiddo|lucas|1087\n|teamsize|p1|6\n|teamsize|p2|6\n|gen|9\n|tier|[Gen 9] Anything Goes\n|rated|\n|rule|HP Percentage Mod: HP is shown in percentages\n|rule|Endless Battle Clause: Forcing endless battles is banned\n|clearpoke\n|poke|p1|Gyarados, F|\n|poke|p1|Zacian-*|\n|poke|p1|Drifblim, F|\n|poke|p1|Eternatus|\n|poke|p1|Jirachi|\n|poke|p1|Polteageist|\n|poke|p2|Amoonguss, M|\n|poke|p2|Annihilape, F|\n|poke|p2|Maushold-Four|\n|poke|p2|Chien-Pao|\n|poke|p2|Basculegion, M|\n|poke|p2|Landorus-Therian, M|\n|teampreview\n|\n|t:|1699095581\n|start\n|switch|p1a: Polteageist|Polteageist|100\/100\n|switch|p2a: The men|Maushold-Four|100\/100\n|turn|1\n|\n|t:|1699095589\n|move|p2a: The men|Bite|p1a: Polteageist\n|-supereffective|p1a: Polteageist\n|-damage|p1a: Polteageist|30\/100\n|-start|p2a: The men|Disable|Bite|[from] ability: Cursed Body|[of] p1a: Polteageist\n|cant|p1a: Polteageist|flinch\n|\n|upkeep\n|turn|2\n|\n|t:|1699095601\n|move|p2a: The men|Tidy Up|p2a: The men\n|-boost|p2a: The men|atk|1\n|-boost|p2a: The men|spe|1\n|move|p1a: Polteageist|Shell Smash|p1a: Polteageist\n|-unboost|p1a: Polteageist|def|1\n|-unboost|p1a: Polteageist|spd|1\n|-boost|p1a: Polteageist|atk|2\n|-boost|p1a: Polteageist|spa|2\n|-boost|p1a: Polteageist|spe|2\n|\n|upkeep\n|turn|3\n|\n|t:|1699095612\n|move|p2a: The men|Tidy Up|p2a: The men\n|-boost|p2a: The men|atk|1\n|-boost|p2a: The men|spe|1\n|move|p1a: Polteageist|Shell Smash|p1a: Polteageist\n|-unboost|p1a: Polteageist|def|1\n|-unboost|p1a: Polteageist|spd|1\n|-boost|p1a: Polteageist|atk|2\n|-boost|p1a: Polteageist|spa|2\n|-boost|p1a: Polteageist|spe|2\n|\n|upkeep\n|turn|4\n|\n|t:|1699095622\n|move|p1a: Polteageist|Baton Pass|p1a: Polteageist\n|\n|t:|1699095625\n|switch|p1a: Drifblim|Drifblim, F|100\/100|[from] Baton Pass\n|move|p2a: The men|Encore||[still]\n|-fail|p2a: The men\n|\n|-end|p2a: The men|Disable\n|upkeep\n|turn|5\n|\n|t:|1699095640\n|move|p1a: Drifblim|Clear Smog|p2a: The men\n|-damage|p2a: The men|59\/100\n|-clearboost|p2a: The men\n|move|p2a: The men|Bite|p1a: Drifblim\n|-supereffective|p1a: Drifblim\n|-enditem|p1a: Drifblim|Focus Sash\n|-damage|p1a: Drifblim|1\/100\n|\n|upkeep\n|turn|6\n|\n|t:|1699095654\n|move|p1a: Drifblim|Baton Pass|p1a: Drifblim\n|\n|t:|1699095656\n|switch|p1a: Jirachi|Jirachi|100\/100|[from] Baton Pass\n|move|p2a: The men|Bite|p1a: Jirachi\n|-supereffective|p1a: Jirachi\n|-damage|p1a: Jirachi|23\/100\n|-damage|p2a: The men|42\/100|[from] item: Rocky Helmet|[of] p1a: Jirachi\n|\n|upkeep\n|turn|7\n|\n|t:|1699095666\n|move|p1a: Jirachi|Stored Power|p2a: The men\n|-damage|p2a: The men|0 fnt\n|faint|p2a: The men\n|\n|upkeep\n|\n|t:|1699095670\n|switch|p2a: Sissy Baka|Amoonguss, M|100\/100\n|turn|8\n|\n|t:|1699095675\n|move|p1a: Jirachi|Stored Power|p2a: Sissy Baka\n|-supereffective|p2a: Sissy Baka\n|-crit|p2a: Sissy Baka\n|-damage|p2a: Sissy Baka|0 fnt\n|faint|p2a: Sissy Baka\n|\n|upkeep\n|\n|t:|1699095678\n|switch|p2a: 3 A.M.|Annihilape, F|100\/100\n|turn|9\n|\n|t:|1699095685\n|move|p1a: Jirachi|Stored Power|p2a: 3 A.M.\n|-supereffective|p2a: 3 A.M.\n|-damage|p2a: 3 A.M.|0 fnt\n|faint|p2a: 3 A.M.\n|\n|upkeep\n|\n|t:|1699095689\n|switch|p2a: Ching Chong|Chien-Pao|100\/100\n|-ability|p2a: Ching Chong|Sword of Ruin\n|turn|10\n|\n|t:|1699095694\n|move|p2a: Ching Chong|Sucker Punch|p1a: Jirachi\n|-supereffective|p1a: Jirachi\n|-damage|p1a: Jirachi|0 fnt\n|-damage|p2a: Ching Chong|84\/100|[from] item: Rocky Helmet|[of] p1a: Jirachi\n|faint|p1a: Jirachi\n|\n|upkeep\n|\n|t:|1699095707\n|switch|p1a: Drifblim|Drifblim, F|1\/100\n|turn|11\n|\n|t:|1699095714\n|move|p2a: Ching Chong|Crunch|p1a: Drifblim\n|-supereffective|p1a: Drifblim\n|-damage|p1a: Drifblim|0 fnt\n|-damage|p2a: Ching Chong|59\/100|[from] ability: Aftermath|[of] p1a: Drifblim\n|faint|p1a: Drifblim\n|\n|upkeep\n|\n|t:|1699095721\n|switch|p1a: Polteageist|Polteageist|30\/100\n|turn|12\n|\n|t:|1699095726\n|move|p1a: Polteageist|Sucker Punch|p2a: Ching Chong\n|-resisted|p2a: Ching Chong\n|-damage|p2a: Ching Chong|51\/100\n|move|p2a: Ching Chong|Crunch|p1a: Polteageist\n|-supereffective|p1a: Polteageist\n|-damage|p1a: Polteageist|0 fnt\n|faint|p1a: Polteageist\n|\n|upkeep\n|\n|t:|1699095736\n|switch|p1a: Gyarados|Gyarados, F|100\/100\n|turn|13\n|\n|t:|1699095742\n|move|p2a: Ching Chong|Swords Dance|p2a: Ching Chong\n|-boost|p2a: Ching Chong|atk|2\n|move|p1a: Gyarados|Surf|p2a: Ching Chong\n|-damage|p2a: Ching Chong|15\/100\n|\n|upkeep\n|turn|14\n|\n|t:|1699095750\n|move|p2a: Ching Chong|Crunch|p1a: Gyarados\n|-damage|p1a: Gyarados|0 fnt\n|faint|p1a: Gyarados\n|\n|upkeep\n|\n|t:|1699095755\n|switch|p1a: Zacian|Zacian-Crowned|100\/100\n|-ability|p1a: Zacian|Intrepid Sword|boost\n|-boost|p1a: Zacian|atk|1\n|turn|15\n|\n|t:|1699095762\n|move|p2a: Ching Chong|Ice Spinner|p1a: Zacian\n|-resisted|p1a: Zacian\n|-damage|p1a: Zacian|63\/100\n|move|p1a: Zacian|Sacred Sword|p2a: Ching Chong\n|-supereffective|p2a: Ching Chong\n|-damage|p2a: Ching Chong|0 fnt\n|faint|p2a: Ching Chong\n|\n|upkeep\n|\n|t:|1699095765\n|switch|p2a: UBER DRIVER|Landorus-Therian, M|100\/100\n|-ability|p2a: UBER DRIVER|Intimidate|boost\n|-unboost|p1a: Zacian|atk|1\n|turn|16\n|\n|t:|1699095776\n|move|p1a: Zacian|Tera Blast|p2a: UBER DRIVER\n|-damage|p2a: UBER DRIVER|85\/100\n|move|p2a: UBER DRIVER|Earthquake|p1a: Zacian\n|-supereffective|p1a: Zacian\n|-damage|p1a: Zacian|0 fnt\n|faint|p1a: Zacian\n|\n|upkeep\n|\n|t:|1699095784\n|switch|p1a: Eternatus|Eternatus|100\/100\n|-ability|p1a: Eternatus|Pressure\n|turn|17\n|\n|t:|1699095792\n|move|p1a: Eternatus|Dynamax Cannon|p2a: UBER DRIVER\n|-damage|p2a: UBER DRIVER|29\/100\n|move|p2a: UBER DRIVER|Earthquake|p1a: Eternatus\n|-supereffective|p1a: Eternatus\n|-damage|p1a: Eternatus|29\/100\n|\n|-heal|p1a: Eternatus|35\/100|[from] item: Leftovers\n|upkeep\n|turn|18\n|\n|t:|1699095801\n|move|p1a: Eternatus|Dynamax Cannon|p2a: UBER DRIVER\n|-damage|p2a: UBER DRIVER|0 fnt\n|faint|p2a: UBER DRIVER\n|\n|-heal|p1a: Eternatus|42\/100|[from] item: Leftovers\n|upkeep\n|\n|t:|1699095804\n|switch|p2a: FEEESH|Basculegion, M|100\/100\n|turn|19\n|\n|t:|1699095814\n|-terastallize|p1a: Eternatus|Dark\n|move|p2a: FEEESH|Aqua Jet|p1a: Eternatus\n|-damage|p1a: Eternatus|24\/100\n|move|p1a: Eternatus|Shadow Ball|p2a: FEEESH\n|-supereffective|p2a: FEEESH\n|-crit|p2a: FEEESH\n|-damage|p2a: FEEESH|4\/100\n|\n|-heal|p1a: Eternatus|30\/100|[from] item: Leftovers\n|upkeep\n|turn|20\n|\n|t:|1699095826\n|-terastallize|p2a: FEEESH|Water\n|move|p2a: FEEESH|Aqua Jet|p1a: Eternatus\n|-damage|p1a: Eternatus|10\/100\n|move|p1a: Eternatus|Shadow Ball|p2a: FEEESH\n|-damage|p2a: FEEESH|0 fnt\n|faint|p2a: FEEESH\n|\n|win|Frazzle99\n|raw|Frazzle99's rating: 1150 &rarr; <strong>1171<\/strong><br \/>(+21 for winning)\n|raw|ImBackKiddo's rating: 1087 &rarr; <strong>1068<\/strong><br \/>(-19 for losing)\n|l|\u2606ImBackKiddo\n","uploadtime":1699095839,"views":11,"p1id":"frazzle99","p2id":"imbackkiddo","formatid":"gen9anythinggoes","rating":1068,"private":0,"password":""}