{"id":"gen9anythinggoes-1996166901","p1":"N with mismagius","p2":"LordCeobal","format":"[Gen 9] Anything Goes","log":"|j|\u2606N with mismagius\n|j|\u2606LordCeobal\n|t:|1700654017\n|gametype|singles\n|player|p1|N with mismagius|falkner|1163\n|player|p2|LordCeobal|hoopster|1020\n|teamsize|p1|6\n|teamsize|p2|6\n|gen|9\n|tier|[Gen 9] Anything Goes\n|rated|\n|rule|HP Percentage Mod: HP is shown in percentages\n|rule|Endless Battle Clause: Forcing endless battles is banned\n|clearpoke\n|poke|p1|Staraptor, F|\n|poke|p1|Dragonite, F|\n|poke|p1|Corviknight, F|\n|poke|p1|Gyarados, F|\n|poke|p1|Salamence, M|\n|poke|p1|Gliscor, M|\n|poke|p2|Kingambit, M|\n|poke|p2|Salazzle, F|\n|poke|p2|Abomasnow, M|\n|poke|p2|Rayquaza|\n|poke|p2|Urshifu-*, M|\n|poke|p2|Krookodile, F|\n|teampreview\n|inactive|Battle timer is ON: inactive players will automatically lose when time's up. (requested by LordCeobal)\n|inactive|N with mismagius also wants the timer to be on.\n|\n|t:|1700654023\n|start\n|switch|p1a: Gliscor|Gliscor, M|100\/100\n|switch|p2a: Salazzle|Salazzle, F|100\/100\n|-item|p2a: Salazzle|Air Balloon\n|turn|1\n|\n|t:|1700654030\n|move|p2a: Salazzle|Taunt|p1a: Gliscor\n|-start|p1a: Gliscor|move: Taunt\n|cant|p1a: Gliscor|move: Taunt|Substitute\n|\n|-status|p1a: Gliscor|tox|[from] item: Toxic Orb\n|upkeep\n|turn|2\n|\n|t:|1700654036\n|switch|p2a: Obamasnow|Abomasnow, M, shiny|100\/100\n|-weather|Snow|[from] ability: Snow Warning|[of] p2a: Obamasnow\n|-activate|p1a: Gliscor|move: Struggle\n|move|p1a: Gliscor|Struggle|p2a: Obamasnow\n|-damage|p2a: Obamasnow|95\/100\n|-damage|p1a: Gliscor|75\/100 tox|[from] recoil\n|\n|-weather|Snow|[upkeep]\n|-heal|p1a: Gliscor|88\/100 tox|[from] ability: Poison Heal\n|upkeep\n|turn|3\n|\n|t:|1700654048\n|switch|p1a: Corviknight|Corviknight, F|100\/100\n|move|p2a: Obamasnow|Ice Beam|p1a: Corviknight\n|-damage|p1a: Corviknight|51\/100\n|\n|-weather|Snow|[upkeep]\n|upkeep\n|turn|4\n|\n|t:|1700654055\n|switch|p2a: Salazzle|Salazzle, F|100\/100\n|-item|p2a: Salazzle|Air Balloon\n|move|p1a: Corviknight|Brave Bird|p2a: Salazzle\n|-damage|p2a: Salazzle|22\/100\n|-enditem|p2a: Salazzle|Air Balloon\n|-damage|p1a: Corviknight|29\/100|[from] Recoil\n|\n|-weather|Snow|[upkeep]\n|upkeep\n|turn|5\n|\n|t:|1700654067\n|move|p1a: Corviknight|Brave Bird|p2a: Salazzle\n|-damage|p2a: Salazzle|0 fnt\n|faint|p2a: Salazzle\n|-damage|p1a: Corviknight|23\/100|[from] Recoil\n|\n|-weather|Snow|[upkeep]\n|upkeep\n|\n|t:|1700654079\n|switch|p2a: Rayquaza|Rayquaza, shiny|100\/100\n|-ability|p2a: Rayquaza|Air Lock\n|turn|6\n|\n|t:|1700654097\n|move|p2a: Rayquaza|Extreme Speed|p1a: Corviknight\n|-resisted|p1a: Corviknight\n|-damage|p1a: Corviknight|10\/100\n|move|p1a: Corviknight|Brave Bird|p2a: Rayquaza\n|-damage|p2a: Rayquaza|54\/100\n|-damage|p1a: Corviknight|0 fnt|[from] Recoil\n|faint|p1a: Corviknight\n|\n|-weather|none\n|upkeep\n|\n|t:|1700654108\n|switch|p1a: Gliscor|Gliscor, M|88\/100 tox\n|turn|7\n|\n|t:|1700654125\n|switch|p2a: Obamasnow|Abomasnow, M, shiny|95\/100\n|-weather|Snow|[from] ability: Snow Warning|[of] p2a: Obamasnow\n|move|p1a: Gliscor|Substitute|p1a: Gliscor\n|-start|p1a: Gliscor|Substitute\n|-damage|p1a: Gliscor|63\/100 tox\n|\n|-weather|Snow|[upkeep]\n|-heal|p1a: Gliscor|75\/100 tox|[from] ability: Poison Heal\n|upkeep\n|turn|8\n|\n|t:|1700654134\n|move|p1a: Gliscor|Agility|p1a: Gliscor\n|-boost|p1a: Gliscor|spe|2\n|move|p2a: Obamasnow|Ice Beam|p1a: Gliscor\n|-supereffective|p1a: Gliscor\n|-end|p1a: Gliscor|Substitute\n|\n|-weather|Snow|[upkeep]\n|-heal|p1a: Gliscor|88\/100 tox|[from] ability: Poison Heal\n|upkeep\n|turn|9\n|\n|t:|1700654143\n|move|p1a: Gliscor|Substitute|p1a: Gliscor\n|-start|p1a: Gliscor|Substitute\n|-damage|p1a: Gliscor|63\/100 tox\n|move|p2a: Obamasnow|Ice Beam|p1a: Gliscor\n|-supereffective|p1a: Gliscor\n|-end|p1a: Gliscor|Substitute\n|\n|-weather|Snow|[upkeep]\n|-heal|p1a: Gliscor|75\/100 tox|[from] ability: Poison Heal\n|upkeep\n|turn|10\n|\n|t:|1700654156\n|move|p1a: Gliscor|Swords Dance|p1a: Gliscor\n|-boost|p1a: Gliscor|atk|2\n|move|p2a: Obamasnow|Ice Beam|p1a: Gliscor\n|-supereffective|p1a: Gliscor\n|-damage|p1a: Gliscor|0 fnt\n|faint|p1a: Gliscor\n|\n|-weather|Snow|[upkeep]\n|upkeep\n|\n|t:|1700654164\n|switch|p1a: Staraptor|Staraptor, F|100\/100\n|-ability|p1a: Staraptor|Intimidate|boost\n|-unboost|p2a: Obamasnow|atk|1\n|turn|11\n|\n|t:|1700654175\n|move|p1a: Staraptor|Brave Bird|p2a: Obamasnow\n|-supereffective|p2a: Obamasnow\n|-crit|p2a: Obamasnow\n|-damage|p2a: Obamasnow|0 fnt\n|faint|p2a: Obamasnow\n|-damage|p1a: Staraptor|66\/100|[from] Recoil\n|\n|-weather|none\n|upkeep\n|c|\u2606N with mismagius|flying mono type team is op\n|\n|t:|1700654189\n|switch|p2a: Isshin|Kingambit, M|100\/100\n|-activate|p2a: Isshin|ability: Supreme Overlord\n|-start|p2a: Isshin|fallen2|[silent]\n|turn|12\n|\n|t:|1700654214\n|switch|p1a: Dragonite|Dragonite, F|100\/100\n|move|p2a: Isshin|Sucker Punch||[still]\n|-fail|p2a: Isshin\n|\n|upkeep\n|turn|13\n|\n|t:|1700654230\n|move|p1a: Dragonite|Dragon Dance|p1a: Dragonite\n|-boost|p1a: Dragonite|atk|1\n|-boost|p1a: Dragonite|spe|1\n|move|p2a: Isshin|Iron Head|p1a: Dragonite\n|-damage|p1a: Dragonite|44\/100\n|\n|upkeep\n|turn|14\n|\n|t:|1700654239\n|move|p1a: Dragonite|Brick Break|p2a: Isshin\n|-supereffective|p2a: Isshin\n|-damage|p2a: Isshin|0 fnt\n|faint|p2a: Isshin\n|-end|p2a: Isshin|fallen2|[silent]\n|\n|upkeep\n|c|\u2606N with mismagius|damn\n|c|\u2606LordCeobal|callate hijo de puta\n|\n|t:|1700654260\n|switch|p2a: Krookodile|Krookodile, F|100\/100\n|-ability|p2a: Krookodile|Intimidate|boost\n|-fail|p1a: Dragonite|unboost|Attack|[from] ability: Inner Focus|[of] p1a: Dragonite\n|turn|15\n|\n|t:|1700654265\n|move|p1a: Dragonite|Brick Break|p2a: Krookodile\n|-supereffective|p2a: Krookodile\n|-damage|p2a: Krookodile|14\/100\n|move|p2a: Krookodile|Knock Off|p1a: Dragonite\n|-damage|p1a: Dragonite|0 fnt\n|-enditem|p1a: Dragonite|Focus Sash|[from] move: Knock Off|[of] p2a: Krookodile\n|faint|p1a: Dragonite\n|\n|upkeep\n|\n|t:|1700654274\n|switch|p1a: Salamence|Salamence, M|100\/100\n|turn|16\n|\n|t:|1700654280\n|move|p1a: Salamence|Dragon Dance|p1a: Salamence\n|-boost|p1a: Salamence|atk|1\n|-boost|p1a: Salamence|spe|1\n|move|p2a: Krookodile|Knock Off|p1a: Salamence\n|-damage|p1a: Salamence|52\/100\n|-enditem|p1a: Salamence|Focus Sash|[from] move: Knock Off|[of] p2a: Krookodile\n|\n|upkeep\n|turn|17\n|\n|t:|1700654287\n|move|p1a: Salamence|Fire Fang|p2a: Krookodile|[miss]\n|-miss|p1a: Salamence|p2a: Krookodile\n|move|p2a: Krookodile|Knock Off|p1a: Salamence\n|-damage|p1a: Salamence|21\/100\n|\n|upkeep\n|turn|18\n|\n|t:|1700654309\n|switch|p2a: Rayquaza|Rayquaza, shiny|54\/100\n|-ability|p2a: Rayquaza|Air Lock\n|move|p1a: Salamence|Fire Fang|p2a: Rayquaza\n|-resisted|p2a: Rayquaza\n|-damage|p2a: Rayquaza|36\/100\n|\n|upkeep\n|turn|19\n|\n|t:|1700654319\n|move|p2a: Rayquaza|Extreme Speed|p1a: Salamence\n|-damage|p1a: Salamence|0 fnt\n|faint|p1a: Salamence\n|\n|upkeep\n|\n|t:|1700654323\n|switch|p1a: Staraptor|Staraptor, F|66\/100\n|-ability|p1a: Staraptor|Intimidate|boost\n|-unboost|p2a: Rayquaza|atk|1\n|turn|20\n|\n|t:|1700654331\n|move|p1a: Staraptor|Brave Bird|p2a: Rayquaza\n|-damage|p2a: Rayquaza|0 fnt\n|faint|p2a: Rayquaza\n|-damage|p1a: Staraptor|52\/100|[from] Recoil\n|\n|upkeep\n|\n|t:|1700654338\n|switch|p2a: Krookodile|Krookodile, F|14\/100\n|-ability|p2a: Krookodile|Intimidate|boost\n|-unboost|p1a: Staraptor|atk|1\n|turn|21\n|\n|t:|1700654344\n|move|p1a: Staraptor|Brave Bird|p2a: Krookodile\n|-damage|p2a: Krookodile|0 fnt\n|faint|p2a: Krookodile\n|-damage|p1a: Staraptor|47\/100|[from] Recoil\n|\n|upkeep\n|\n|t:|1700654349\n|switch|p2a: Taizan|Urshifu-Rapid-Strike, M|100\/100\n|turn|22\n|\n|t:|1700654352\n|move|p1a: Staraptor|Brave Bird|p2a: Taizan\n|-supereffective|p2a: Taizan\n|-damage|p2a: Taizan|39\/100\n|-damage|p1a: Staraptor|24\/100|[from] Recoil\n|move|p2a: Taizan|Close Combat|p1a: Staraptor\n|-damage|p1a: Staraptor|0 fnt\n|-unboost|p2a: Taizan|def|1\n|-unboost|p2a: Taizan|spd|1\n|faint|p1a: Staraptor\n|\n|upkeep\n|\n|t:|1700654362\n|switch|p1a: Gyarados|Gyarados, F|100\/100\n|-ability|p1a: Gyarados|Intimidate|boost\n|-unboost|p2a: Taizan|atk|1\n|turn|23\n|\n|t:|1700654368\n|move|p1a: Gyarados|Earthquake|p2a: Taizan\n|-damage|p2a: Taizan|0 fnt\n|faint|p2a: Taizan\n|\n|win|N with mismagius\n|raw|N with mismagius's rating: 1163 &rarr; <strong>1178<\/strong><br \/>(+15 for winning)\n|raw|LordCeobal's rating: 1020 &rarr; <strong>1012<\/strong><br \/>(-8 for losing)\n","uploadtime":1700654255,"views":1,"p1id":"nwithmismagius","p2id":"lordceobal","formatid":"gen9anythinggoes","rating":1012,"private":0,"password":""}