{"id":"gen9anythinggoes-1983724980","p1":"ChokingIsAGambit","p2":"Gg188","format":"[Gen 9] Anything Goes","log":"|j|\u2606ChokingIsAGambit\n|j|\u2606Gg188\n|t:|1699167926\n|gametype|singles\n|player|p1|ChokingIsAGambit|acerola-masters|1103\n|player|p2|Gg188|169|1110\n|teamsize|p1|6\n|teamsize|p2|5\n|gen|9\n|tier|[Gen 9] Anything Goes\n|rated|\n|rule|HP Percentage Mod: HP is shown in percentages\n|rule|Endless Battle Clause: Forcing endless battles is banned\n|clearpoke\n|poke|p1|Scovillain, M|\n|poke|p1|Scovillain, F|\n|poke|p1|Scovillain, F|\n|poke|p1|Scovillain, M|\n|poke|p1|Scovillain, M|\n|poke|p1|Scovillain, F|\n|poke|p2|Roaring Moon|\n|poke|p2|Vivillon-Pokeball, M|\n|poke|p2|Ninetales, F|\n|poke|p2|Greninja-*, M|\n|poke|p2|Kommo-o, M|\n|teampreview\n|inactive|Battle timer is ON: inactive players will automatically lose when time's up. (requested by ChokingIsAGambit)\n|\n|t:|1699167945\n|start\n|switch|p1a: let me cook|Scovillain, M|100\/100\n|switch|p2a: Kommo-o|Kommo-o, M|100\/100\n|turn|1\n|\n|t:|1699167951\n|move|p1a: let me cook|Leech Seed|p2a: Kommo-o\n|-start|p2a: Kommo-o|move: Leech Seed\n|move|p2a: Kommo-o|Substitute|p2a: Kommo-o\n|-start|p2a: Kommo-o|Substitute\n|-damage|p2a: Kommo-o|76\/100\n|\n|-heal|p2a: Kommo-o|82\/100|[from] item: Leftovers\n|-damage|p2a: Kommo-o|69\/100|[from] Leech Seed|[of] p1a: let me cook\n|-ability|p1a: let me cook|Moody|boost\n|-boost|p1a: let me cook|spe|2\n|-unboost|p1a: let me cook|spd|1\n|upkeep\n|turn|2\n|\n|t:|1699167957\n|move|p1a: let me cook|Substitute|p1a: let me cook\n|-start|p1a: let me cook|Substitute\n|-damage|p1a: let me cook|76\/100\n|move|p2a: Kommo-o|Clangorous Soul|p2a: Kommo-o\n|-boost|p2a: Kommo-o|atk|1\n|-boost|p2a: Kommo-o|def|1\n|-boost|p2a: Kommo-o|spa|1\n|-boost|p2a: Kommo-o|spd|1\n|-boost|p2a: Kommo-o|spe|1\n|-damage|p2a: Kommo-o|37\/100\n|\n|-heal|p1a: let me cook|82\/100|[from] item: Leftovers\n|-heal|p2a: Kommo-o|43\/100|[from] item: Leftovers\n|-damage|p2a: Kommo-o|30\/100|[from] Leech Seed|[of] p1a: let me cook\n|-heal|p1a: let me cook|95\/100|[silent]\n|-ability|p1a: let me cook|Moody|boost\n|-boost|p1a: let me cook|def|2\n|-unboost|p1a: let me cook|spe|1\n|upkeep\n|turn|3\n|\n|t:|1699167962\n|move|p1a: let me cook|Protect|p1a: let me cook\n|-singleturn|p1a: let me cook|Protect\n|move|p2a: Kommo-o|Dragon Claw|p1a: let me cook\n|-activate|p1a: let me cook|move: Protect\n|\n|-heal|p1a: let me cook|100\/100|[from] item: Leftovers\n|-heal|p2a: Kommo-o|37\/100|[from] item: Leftovers\n|-damage|p2a: Kommo-o|24\/100|[from] Leech Seed|[of] p1a: let me cook\n|-ability|p1a: let me cook|Moody|boost\n|-boost|p1a: let me cook|spe|2\n|-unboost|p1a: let me cook|spa|1\n|upkeep\n|turn|4\n|\n|t:|1699167967\n|move|p1a: let me cook|Substitute|p1a: let me cook\n|-fail|p1a: let me cook|move: Substitute\n|move|p2a: Kommo-o|Dragon Claw|p1a: let me cook\n|-end|p1a: let me cook|Substitute\n|\n|-heal|p2a: Kommo-o|30\/100|[from] item: Leftovers\n|-damage|p2a: Kommo-o|18\/100|[from] Leech Seed|[of] p1a: let me cook\n|-ability|p1a: let me cook|Moody|boost\n|-boost|p1a: let me cook|def|2\n|-unboost|p1a: let me cook|spd|1\n|upkeep\n|turn|5\n|\n|t:|1699167973\n|move|p1a: let me cook|Protect|p1a: let me cook\n|-singleturn|p1a: let me cook|Protect\n|move|p2a: Kommo-o|Drain Punch|p1a: let me cook\n|-activate|p1a: let me cook|move: Protect\n|\n|-heal|p2a: Kommo-o|24\/100|[from] item: Leftovers\n|-damage|p2a: Kommo-o|12\/100|[from] Leech Seed|[of] p1a: let me cook\n|-ability|p1a: let me cook|Moody|boost\n|-boost|p1a: let me cook|spd|2\n|-unboost|p1a: let me cook|spa|1\n|upkeep\n|turn|6\n|\n|t:|1699167975\n|move|p1a: let me cook|Substitute|p1a: let me cook\n|-start|p1a: let me cook|Substitute\n|-damage|p1a: let me cook|76\/100\n|move|p2a: Kommo-o|Drain Punch|p1a: let me cook\n|-end|p1a: let me cook|Substitute\n|-heal|p2a: Kommo-o|24\/100|[from] drain|[of] p1a: let me cook\n|\n|-heal|p1a: let me cook|82\/100|[from] item: Leftovers\n|-heal|p2a: Kommo-o|30\/100|[from] item: Leftovers\n|-damage|p2a: Kommo-o|17\/100|[from] Leech Seed|[of] p1a: let me cook\n|-heal|p1a: let me cook|95\/100|[silent]\n|-ability|p1a: let me cook|Moody|boost\n|-boost|p1a: let me cook|spe|2\n|-unboost|p1a: let me cook|atk|1\n|upkeep\n|turn|7\n|\n|t:|1699167981\n|move|p1a: let me cook|Protect|p1a: let me cook\n|-singleturn|p1a: let me cook|Protect\n|move|p2a: Kommo-o|Drain Punch|p1a: let me cook\n|-activate|p1a: let me cook|move: Protect\n|\n|-heal|p1a: let me cook|100\/100|[from] item: Leftovers\n|-heal|p2a: Kommo-o|24\/100|[from] item: Leftovers\n|-damage|p2a: Kommo-o|11\/100|[from] Leech Seed|[of] p1a: let me cook\n|-ability|p1a: let me cook|Moody|boost\n|-boost|p1a: let me cook|def|2\n|-unboost|p1a: let me cook|atk|1\n|upkeep\n|turn|8\n|\n|t:|1699167984\n|move|p1a: let me cook|Substitute|p1a: let me cook\n|-start|p1a: let me cook|Substitute\n|-damage|p1a: let me cook|76\/100\n|move|p2a: Kommo-o|Drain Punch|p1a: let me cook\n|-activate|p1a: let me cook|move: Substitute|[damage]\n|-heal|p2a: Kommo-o|21\/100|[from] drain|[of] p1a: let me cook\n|\n|-heal|p1a: let me cook|82\/100|[from] item: Leftovers\n|-heal|p2a: Kommo-o|27\/100|[from] item: Leftovers\n|-damage|p2a: Kommo-o|15\/100|[from] Leech Seed|[of] p1a: let me cook\n|-heal|p1a: let me cook|95\/100|[silent]\n|-ability|p1a: let me cook|Moody|boost\n|-boost|p1a: let me cook|spe|1\n|-unboost|p1a: let me cook|atk|1\n|upkeep\n|turn|9\n|\n|t:|1699167995\n|move|p1a: let me cook|Protect|p1a: let me cook\n|-singleturn|p1a: let me cook|Protect\n|move|p2a: Kommo-o|Drain Punch|p1a: let me cook\n|-activate|p1a: let me cook|move: Protect\n|\n|-heal|p1a: let me cook|100\/100|[from] item: Leftovers\n|-heal|p2a: Kommo-o|21\/100|[from] item: Leftovers\n|-damage|p2a: Kommo-o|9\/100|[from] Leech Seed|[of] p1a: let me cook\n|-ability|p1a: let me cook|Moody|boost\n|-boost|p1a: let me cook|atk|2\n|-unboost|p1a: let me cook|spe|1\n|upkeep\n|turn|10\n|c|\u2606Gg188|Sigh\n|c|\u2606Gg188|So dumb\n|inactive|ChokingIsAGambit has 120 seconds left.\n|-message|Gg188 forfeited.\n|\n|win|ChokingIsAGambit\n|raw|ChokingIsAGambit's rating: 1103 &rarr; <strong>1129<\/strong><br \/>(+26 for winning)\n|raw|Gg188's rating: 1110 &rarr; <strong>1084<\/strong><br \/>(-26 for losing)\n|l|\u2606Gg188\n","uploadtime":1699168056,"views":3,"p1id":"chokingisagambit","p2id":"gg188","formatid":"gen9anythinggoes","rating":1084,"private":0,"password":""}