{"id":"gen9anythinggoes-1990703934","p1":"xXRareAbsolXx","p2":"PokeBro LOST","format":"[Gen 9] Anything Goes","log":"|j|\u2606xXRareAbsolXx\n|j|\u2606PokeBro LOST\n|t:|1699993240\n|gametype|singles\n|player|p1|xXRareAbsolXx|266|\n|player|p2|PokeBro LOST|170|\n|teamsize|p1|6\n|teamsize|p2|6\n|gen|9\n|tier|[Gen 9] Anything Goes\n|rule|HP Percentage Mod: HP is shown in percentages\n|rule|Endless Battle Clause: Forcing endless battles is banned\n|clearpoke\n|poke|p1|Gholdengo|\n|poke|p1|Amoonguss, F|\n|poke|p1|Thundurus-Therian, M|\n|poke|p1|Samurott, M|\n|poke|p1|Walking Wake|\n|poke|p1|Toxicroak, M|\n|poke|p2|Froslass, F|\n|poke|p2|Tyranitar, M|\n|poke|p2|Ogerpon-Hearthflame, F|\n|poke|p2|Mienshao, M|\n|poke|p2|Jirachi|\n|poke|p2|Goodra, M|\n|teampreview\n|\n|t:|1699993284\n|start\n|switch|p1a: Amoonguss|Amoonguss, F|100\/100\n|switch|p2a: OhneR\u00fccken|Tyranitar, M, shiny|100\/100\n|-weather|Sandstorm|[from] ability: Sand Stream|[of] p2a: OhneR\u00fccken\n|turn|1\n|\n|t:|1699993299\n|move|p2a: OhneR\u00fccken|Taunt|p1a: Amoonguss\n|-start|p1a: Amoonguss|move: Taunt\n|cant|p1a: Amoonguss|move: Taunt|Spore\n|\n|-weather|Sandstorm|[upkeep]\n|-damage|p1a: Amoonguss|94\/100|[from] Sandstorm\n|upkeep\n|turn|2\n|\n|t:|1699993308\n|move|p2a: OhneR\u00fccken|Stealth Rock|p1a: Amoonguss\n|-sidestart|p1: xXRareAbsolXx|move: Stealth Rock\n|move|p1a: Amoonguss|Foul Play|p2a: OhneR\u00fccken\n|-resisted|p2a: OhneR\u00fccken\n|-damage|p2a: OhneR\u00fccken|89\/100\n|\n|-weather|Sandstorm|[upkeep]\n|-damage|p1a: Amoonguss|88\/100|[from] Sandstorm\n|upkeep\n|turn|3\n|\n|t:|1699993320\n|switch|p2a: Godfather|Goodra, M|100\/100\n|move|p1a: Amoonguss|Sludge Bomb|p2a: Godfather\n|-damage|p2a: Godfather|81\/100\n|-status|p2a: Godfather|psn\n|\n|-weather|Sandstorm|[upkeep]\n|-damage|p2a: Godfather|75\/100 psn|[from] Sandstorm\n|-damage|p1a: Amoonguss|82\/100|[from] Sandstorm\n|-damage|p2a: Godfather|62\/100 psn|[from] psn\n|-end|p1a: Amoonguss|move: Taunt\n|upkeep\n|turn|4\n|\n|t:|1699993336\n|move|p1a: Amoonguss|Sludge Bomb|p2a: Godfather\n|-damage|p2a: Godfather|42\/100 psn\n|move|p2a: Godfather|Dragon Tail|p1a: Amoonguss\n|-damage|p1a: Amoonguss|57\/100\n|-damage|p2a: Godfather|25\/100 psn|[from] item: Rocky Helmet|[of] p1a: Amoonguss\n|drag|p1a: Toxicroak|Toxicroak, M|100\/100\n|-damage|p1a: Toxicroak|94\/100|[from] Stealth Rock\n|\n|-weather|Sandstorm|[upkeep]\n|-damage|p2a: Godfather|19\/100 psn|[from] Sandstorm\n|-damage|p1a: Toxicroak|88\/100|[from] Sandstorm\n|-heal|p1a: Toxicroak|94\/100|[from] item: Black Sludge\n|-damage|p2a: Godfather|6\/100 psn|[from] psn\n|upkeep\n|turn|5\n|\n|t:|1699993352\n|move|p1a: Toxicroak|Sucker Punch|p2a: Godfather\n|-damage|p2a: Godfather|0 fnt\n|faint|p2a: Godfather\n|\n|-weather|none\n|-heal|p1a: Toxicroak|100\/100|[from] item: Black Sludge\n|upkeep\n|\n|t:|1699993367\n|switch|p2a: Massaka|Ogerpon-Hearthflame, F|100\/100\n|-ability|p2a: Massaka|Mold Breaker\n|turn|6\n|\n|t:|1699993380\n|move|p2a: Massaka|Swords Dance|p2a: Massaka\n|-boost|p2a: Massaka|atk|2\n|move|p1a: Toxicroak|Gunk Shot|p2a: Massaka\n|-supereffective|p2a: Massaka\n|-damage|p2a: Massaka|0 fnt\n|faint|p2a: Massaka\n|\n|upkeep\n|\n|t:|1699993401\n|switch|p2a: OhneR\u00fccken|Tyranitar, M, shiny|89\/100\n|-weather|Sandstorm|[from] ability: Sand Stream|[of] p2a: OhneR\u00fccken\n|turn|7\n|\n|t:|1699993407\n|move|p1a: Toxicroak|Close Combat|p2a: OhneR\u00fccken\n|-supereffective|p2a: OhneR\u00fccken\n|-enditem|p2a: OhneR\u00fccken|Chople Berry|[eat]\n|-enditem|p2a: OhneR\u00fccken|Chople Berry|[weaken]\n|-damage|p2a: OhneR\u00fccken|0 fnt\n|-unboost|p1a: Toxicroak|def|1\n|-unboost|p1a: Toxicroak|spd|1\n|faint|p2a: OhneR\u00fccken\n|\n|-weather|Sandstorm|[upkeep]\n|-damage|p1a: Toxicroak|94\/100|[from] Sandstorm\n|-heal|p1a: Toxicroak|100\/100|[from] item: Black Sludge\n|upkeep\n|\n|t:|1699993427\n|switch|p2a: Jemand|Jirachi, shiny|100\/100\n|turn|8\n|\n|t:|1699993436\n|switch|p2a: Punisher|Mienshao, M|100\/100\n|move|p1a: Toxicroak|Gunk Shot|p2a: Punisher\n|-damage|p2a: Punisher|5\/100\n|\n|-weather|Sandstorm|[upkeep]\n|-damage|p2a: Punisher|0 fnt|[from] Sandstorm\n|-damage|p1a: Toxicroak|94\/100|[from] Sandstorm\n|faint|p2a: Punisher\n|-heal|p1a: Toxicroak|100\/100|[from] item: Black Sludge\n|upkeep\n|\n|t:|1699993455\n|switch|p2a: Brutalit\u00e4t|Froslass, F|100\/100\n|turn|9\n|\n|t:|1699993526\n|move|p1a: Toxicroak|Sucker Punch|p2a: Brutalit\u00e4t\n|-supereffective|p2a: Brutalit\u00e4t\n|-damage|p2a: Brutalit\u00e4t|29\/100\n|-start|p1a: Toxicroak|Disable|Sucker Punch|[from] ability: Cursed Body|[of] p2a: Brutalit\u00e4t\n|move|p2a: Brutalit\u00e4t|Ice Beam|p1a: Toxicroak\n|-damage|p1a: Toxicroak|0 fnt\n|faint|p1a: Toxicroak\n|-damage|p2a: Brutalit\u00e4t|19\/100|[from] item: Life Orb\n|\n|-weather|Sandstorm|[upkeep]\n|-damage|p2a: Brutalit\u00e4t|13\/100|[from] Sandstorm\n|upkeep\n|\n|t:|1699993538\n|switch|p1a: Thundurus|Thundurus-Therian, M|100\/100\n|turn|10\n|\n|t:|1699993548\n|move|p2a: Brutalit\u00e4t|Weather Ball|p1a: Thundurus\n|-supereffective|p1a: Thundurus\n|-crit|p1a: Thundurus\n|-damage|p1a: Thundurus|0 fnt\n|faint|p1a: Thundurus\n|-damage|p2a: Brutalit\u00e4t|3\/100|[from] item: Life Orb\n|\n|-weather|Sandstorm|[upkeep]\n|-damage|p2a: Brutalit\u00e4t|0 fnt|[from] Sandstorm\n|faint|p2a: Brutalit\u00e4t\n|upkeep\n|\n|t:|1699993563\n|switch|p2a: Jemand|Jirachi, shiny|100\/100\n|switch|p1a: Amoonguss|Amoonguss, F|90\/100\n|-damage|p1a: Amoonguss|78\/100|[from] Stealth Rock\n|turn|11\n|\n|t:|1699993571\n|move|p2a: Jemand|Zen Headbutt|p1a: Amoonguss\n|-supereffective|p1a: Amoonguss\n|-damage|p1a: Amoonguss|28\/100\n|-damage|p2a: Jemand|84\/100|[from] item: Rocky Helmet|[of] p1a: Amoonguss\n|move|p1a: Amoonguss|Sludge Bomb|p2a: Jemand\n|-immune|p2a: Jemand\n|\n|-weather|none\n|upkeep\n|turn|12\n|\n|t:|1699993585\n|move|p2a: Jemand|Zen Headbutt|p1a: Amoonguss\n|-supereffective|p1a: Amoonguss\n|-damage|p1a: Amoonguss|0 fnt\n|-damage|p2a: Jemand|67\/100|[from] item: Rocky Helmet|[of] p1a: Amoonguss\n|faint|p1a: Amoonguss\n|\n|upkeep\n|\n|t:|1699993591\n|switch|p1a: Gholdengo|Gholdengo|100\/100\n|-damage|p1a: Gholdengo|94\/100|[from] Stealth Rock\n|turn|13\n|\n|t:|1699993623\n|move|p1a: Gholdengo|Make It Rain|p2a: Jemand\n|-resisted|p2a: Jemand\n|-damage|p2a: Jemand|55\/100\n|-unboost|p1a: Gholdengo|spa|1\n|move|p2a: Jemand|Play Rough|p1a: Gholdengo|[miss]\n|-miss|p2a: Jemand|p1a: Gholdengo\n|\n|upkeep\n|turn|14\n|\n|t:|1699993713\n|move|p1a: Gholdengo|Make It Rain|p2a: Jemand\n|-resisted|p2a: Jemand\n|-damage|p2a: Jemand|47\/100\n|-unboost|p1a: Gholdengo|spa|1\n|move|p2a: Jemand|Zen Headbutt|p1a: Gholdengo\n|-resisted|p1a: Gholdengo\n|-damage|p1a: Gholdengo|78\/100\n|\n|upkeep\n|turn|15\n|\n|t:|1699993733\n|switch|p1a: Walking Wake|Walking Wake|100\/100\n|-damage|p1a: Walking Wake|88\/100|[from] Stealth Rock\n|move|p2a: Jemand|Zen Headbutt|p1a: Walking Wake\n|-damage|p1a: Walking Wake|57\/100\n|\n|upkeep\n|turn|16\n|\n|t:|1699993743\n|move|p1a: Walking Wake|Hydro Steam|p2a: Jemand\n|-damage|p2a: Jemand|22\/100\n|move|p2a: Jemand|Play Rough|p1a: Walking Wake\n|-supereffective|p1a: Walking Wake\n|-damage|p1a: Walking Wake|12\/100\n|\n|upkeep\n|turn|17\n|\n|t:|1699993760\n|move|p1a: Walking Wake|Hydro Steam|p2a: Jemand\n|-damage|p2a: Jemand|0 fnt\n|faint|p2a: Jemand\n|\n|win|xXRareAbsolXx\n|l|\u2606xXRareAbsolXx\n","uploadtime":1699993771,"views":40,"p1id":"xxrareabsolxx","p2id":"pokebrolost","formatid":"gen9anythinggoes","rating":0,"private":0,"password":""}