{"id":"gen9anythinggoes-1984847477","p1":"ThyRizzard","p2":"Ceg_23","format":"[Gen 9] Anything Goes","log":"|j|\u2606ThyRizzard\n|j|\u2606Ceg_23\n|t:|1699304111\n|gametype|singles\n|player|p1|ThyRizzard|unknown|1092\n|player|p2|Ceg_23|gambler|1026\n|teamsize|p1|6\n|teamsize|p2|6\n|gen|9\n|tier|[Gen 9] Anything Goes\n|rated|\n|rule|HP Percentage Mod: HP is shown in percentages\n|rule|Endless Battle Clause: Forcing endless battles is banned\n|clearpoke\n|poke|p1|Gliscor, M|\n|poke|p1|Drifblim, M|\n|poke|p1|Shaymin-Sky|\n|poke|p1|Espathra, F|\n|poke|p1|Quaquaval, F|\n|poke|p1|Urshifu-*, F|\n|poke|p2|Regieleki|\n|poke|p2|Zapdos|\n|poke|p2|Raichu, M|\n|poke|p2|Electrode-Hisui|\n|poke|p2|Magnezone|\n|poke|p2|Eelektross, M|\n|teampreview\n|\n|t:|1699304124\n|start\n|switch|p1a: Drifblim|Drifblim, M|100\/100\n|switch|p2a: Regieleki|Regieleki, shiny|100\/100\n|-item|p2a: Regieleki|Air Balloon\n|turn|1\n|\n|t:|1699304139\n|switch|p1a: Gliscor|Gliscor, M, shiny|100\/100\n|move|p2a: Regieleki|Rain Dance|p2a: Regieleki\n|-weather|RainDance\n|\n|-weather|RainDance|[upkeep]\n|-status|p1a: Gliscor|tox|[from] item: Toxic Orb\n|upkeep\n|turn|2\n|\n|t:|1699304148\n|move|p2a: Regieleki|Thunder|p1a: Gliscor\n|-immune|p1a: Gliscor\n|move|p1a: Gliscor|Toxic|p2a: Regieleki\n|-status|p2a: Regieleki|tox\n|\n|-weather|RainDance|[upkeep]\n|-damage|p2a: Regieleki|95\/100 tox|[from] psn\n|upkeep\n|turn|3\n|\n|t:|1699304158\n|move|p2a: Regieleki|Extreme Speed|p1a: Gliscor\n|-damage|p1a: Gliscor|83\/100 tox\n|move|p1a: Gliscor|Tailwind|p1a: Gliscor\n|-sidestart|p1: ThyRizzard|move: Tailwind\n|\n|-weather|RainDance|[upkeep]\n|-heal|p1a: Gliscor|96\/100 tox|[from] ability: Poison Heal\n|-damage|p2a: Regieleki|83\/100 tox|[from] psn\n|upkeep\n|turn|4\n|\n|t:|1699304175\n|switch|p1a: Espathra|Espathra, F|100\/100\n|move|p2a: Regieleki|Extreme Speed|p1a: Espathra\n|-damage|p1a: Espathra|76\/100\n|\n|-weather|RainDance|[upkeep]\n|-heal|p1a: Espathra|82\/100|[from] item: Leftovers\n|-damage|p2a: Regieleki|65\/100 tox|[from] psn\n|upkeep\n|turn|5\n|\n|t:|1699304184\n|move|p1a: Espathra|Calm Mind|p1a: Espathra\n|-boost|p1a: Espathra|spa|1\n|-boost|p1a: Espathra|spd|1\n|move|p2a: Regieleki|Thunder|p1a: Espathra\n|-damage|p1a: Espathra|20\/100\n|\n|-weather|none\n|-heal|p1a: Espathra|26\/100|[from] item: Leftovers\n|-damage|p2a: Regieleki|41\/100 tox|[from] psn\n|-ability|p1a: Espathra|Speed Boost|boost\n|-boost|p1a: Espathra|spe|1\n|upkeep\n|turn|6\n|\n|t:|1699304195\n|move|p1a: Espathra|Protect|p1a: Espathra\n|-singleturn|p1a: Espathra|Protect\n|move|p2a: Regieleki|Thunderbolt|p1a: Espathra\n|-activate|p1a: Espathra|move: Protect\n|\n|-heal|p1a: Espathra|32\/100|[from] item: Leftovers\n|-damage|p2a: Regieleki|11\/100 tox|[from] psn\n|-sideend|p1: ThyRizzard|move: Tailwind\n|-ability|p1a: Espathra|Speed Boost|boost\n|-boost|p1a: Espathra|spe|1\n|upkeep\n|turn|7\n|\n|t:|1699304204\n|move|p1a: Espathra|Stored Power|p2a: Regieleki\n|-damage|p2a: Regieleki|0 fnt\n|-enditem|p2a: Regieleki|Air Balloon\n|faint|p2a: Regieleki\n|\n|-heal|p1a: Espathra|38\/100|[from] item: Leftovers\n|-ability|p1a: Espathra|Speed Boost|boost\n|-boost|p1a: Espathra|spe|1\n|upkeep\n|\n|t:|1699304218\n|switch|p2a: Magnezone|Magnezone, shiny|100\/100\n|-item|p2a: Magnezone|Air Balloon\n|turn|8\n|\n|t:|1699304227\n|move|p1a: Espathra|Calm Mind|p1a: Espathra\n|-boost|p1a: Espathra|spa|1\n|-boost|p1a: Espathra|spd|1\n|move|p2a: Magnezone|Tri Attack|p1a: Espathra\n|-damage|p1a: Espathra|15\/100\n|\n|-heal|p1a: Espathra|21\/100|[from] item: Leftovers\n|-ability|p1a: Espathra|Speed Boost|boost\n|-boost|p1a: Espathra|spe|1\n|upkeep\n|turn|9\n|\n|t:|1699304238\n|move|p1a: Espathra|Baton Pass|p1a: Espathra\n|\n|t:|1699304246\n|switch|p1a: Drifblim|Drifblim, M|100\/100|[from] Baton Pass\n|move|p2a: Magnezone|Thunderbolt|p1a: Drifblim\n|-supereffective|p1a: Drifblim\n|-damage|p1a: Drifblim|46\/100\n|\n|-heal|p1a: Drifblim|53\/100|[from] item: Leftovers\n|upkeep\n|turn|10\n|\n|t:|1699304254\n|move|p1a: Drifblim|Minimize|p1a: Drifblim\n|-boost|p1a: Drifblim|evasion|2\n|move|p2a: Magnezone|Thunderbolt|p1a: Drifblim|[miss]\n|-miss|p2a: Magnezone|p1a: Drifblim\n|\n|-heal|p1a: Drifblim|59\/100|[from] item: Leftovers\n|upkeep\n|turn|11\n|\n|t:|1699304261\n|move|p1a: Drifblim|Minimize|p1a: Drifblim\n|-boost|p1a: Drifblim|evasion|2\n|move|p2a: Magnezone|Thunderbolt|p1a: Drifblim|[miss]\n|-miss|p2a: Magnezone|p1a: Drifblim\n|\n|-heal|p1a: Drifblim|65\/100|[from] item: Leftovers\n|upkeep\n|turn|12\n|\n|t:|1699304268\n|move|p1a: Drifblim|Minimize|p1a: Drifblim\n|-boost|p1a: Drifblim|evasion|2\n|move|p2a: Magnezone|Thunderbolt|p1a: Drifblim\n|-supereffective|p1a: Drifblim\n|-damage|p1a: Drifblim|10\/100\n|\n|-heal|p1a: Drifblim|16\/100|[from] item: Leftovers\n|upkeep\n|turn|13\n|\n|t:|1699304275\n|move|p1a: Drifblim|Disable|p2a: Magnezone\n|-start|p2a: Magnezone|Disable|Thunderbolt\n|move|p2a: Magnezone|Tri Attack|p1a: Drifblim\n|-immune|p1a: Drifblim\n|\n|-heal|p1a: Drifblim|22\/100|[from] item: Leftovers\n|upkeep\n|turn|14\n|\n|t:|1699304286\n|move|p1a: Drifblim|Baton Pass|p1a: Drifblim\n|\n|t:|1699304299\n|switch|p1a: Quaquaval|Quaquaval, F, shiny|100\/100|[from] Baton Pass\n|move|p2a: Magnezone|Iron Head|p1a: Quaquaval|[miss]\n|-miss|p2a: Magnezone|p1a: Quaquaval\n|\n|upkeep\n|turn|15\n|\n|t:|1699304310\n|switch|p2a: Electrode|Electrode-Hisui, shiny|100\/100\n|move|p1a: Quaquaval|Focus Energy|p1a: Quaquaval\n|-start|p1a: Quaquaval|move: Focus Energy\n|\n|upkeep\n|turn|16\n|\n|t:|1699304316\n|move|p1a: Quaquaval|Swords Dance|p1a: Quaquaval\n|-boost|p1a: Quaquaval|atk|2\n|move|p2a: Electrode|Energy Ball|p1a: Quaquaval\n|-supereffective|p1a: Quaquaval\n|-damage|p1a: Quaquaval|59\/100\n|\n|-heal|p1a: Quaquaval|65\/100|[from] item: Leftovers\n|upkeep\n|turn|17\n|\n|t:|1699304324\n|-terastallize|p1a: Quaquaval|Dark\n|move|p1a: Quaquaval|Swords Dance|p1a: Quaquaval\n|-boost|p1a: Quaquaval|atk|2\n|move|p2a: Electrode|Thunderbolt|p1a: Quaquaval\n|-damage|p1a: Quaquaval|44\/100\n|\n|-heal|p1a: Quaquaval|50\/100|[from] item: Leftovers\n|upkeep\n|turn|18\n|\n|t:|1699304333\n|switch|p2a: Raichu|Raichu, M, shiny|100\/100\n|move|p1a: Quaquaval|Baton Pass|p1a: Quaquaval\n|\n|t:|1699304341\n|switch|p1a: Urshifu|Urshifu-Rapid-Strike, F|100\/100|[from] Baton Pass\n|\n|upkeep\n|turn|19\n|\n|t:|1699304348\n|move|p1a: Urshifu|Swords Dance|p1a: Urshifu\n|-boost|p1a: Urshifu|atk|2\n|move|p2a: Raichu|Thunderbolt|p1a: Urshifu|[miss]\n|-miss|p2a: Raichu|p1a: Urshifu\n|\n|upkeep\n|turn|20\n|\n|t:|1699304357\n|move|p1a: Urshifu|Surging Strikes|p2a: Raichu\n|-crit|p2a: Raichu\n|-enditem|p2a: Raichu|Focus Sash\n|-damage|p2a: Raichu|1\/100\n|-crit|p2a: Raichu\n|-damage|p2a: Raichu|0 fnt\n|-status|p1a: Urshifu|par|[from] ability: Static|[of] p2a: Raichu\n|faint|p2a: Raichu\n|-hitcount|p2: Raichu|2\n|\n|upkeep\n|\n|t:|1699304371\n|switch|p2a: Zapdos|Zapdos, shiny|100\/100\n|turn|21\n|\n|t:|1699304375\n|move|p1a: Urshifu|Surging Strikes|p2a: Zapdos\n|-crit|p2a: Zapdos\n|-damage|p2a: Zapdos|21\/100\n|-crit|p2a: Zapdos\n|-damage|p2a: Zapdos|0 fnt\n|faint|p2a: Zapdos\n|-hitcount|p2: Zapdos|2\n|\n|upkeep\n|\n|t:|1699304386\n|switch|p2a: Eelektross|Eelektross, M, shiny|100\/100\n|turn|22\n|\n|t:|1699304396\n|move|p1a: Urshifu|Surging Strikes|p2a: Eelektross\n|-crit|p2a: Eelektross\n|-damage|p2a: Eelektross|26\/100\n|-crit|p2a: Eelektross\n|-damage|p2a: Eelektross|0 fnt\n|faint|p2a: Eelektross\n|-hitcount|p2: Eelektross|2\n|\n|upkeep\n|c|\u2606Ceg_23|Fu\n|c|\u2606ThyRizzard|gg\n|c|\u2606Ceg_23|Go and die\n|inactive|Battle timer is ON: inactive players will automatically lose when time's up. (requested by ThyRizzard)\n|c|\u2606Ceg_23|Piece of shit\n|\n|t:|1699304430\n|switch|p2a: Magnezone|Magnezone, shiny|100\/100\n|-item|p2a: Magnezone|Air Balloon\n|turn|23\n|c|\u2606ThyRizzard|just play the game bro\n|\n|t:|1699304438\n|move|p1a: Urshifu|Detect|p1a: Urshifu\n|-singleturn|p1a: Urshifu|Protect\n|move|p2a: Magnezone|Thunderbolt|p1a: Urshifu\n|-activate|p1a: Urshifu|move: Protect\n|\n|upkeep\n|turn|24\n|\n|t:|1699304444\n|cant|p1a: Urshifu|par\n|move|p2a: Magnezone|Thunderbolt|p1a: Urshifu|[miss]\n|-miss|p2a: Magnezone|p1a: Urshifu\n|\n|upkeep\n|turn|25\n|\n|t:|1699304453\n|cant|p1a: Urshifu|par\n|move|p2a: Magnezone|Thunderbolt|p1a: Urshifu|[miss]\n|-miss|p2a: Magnezone|p1a: Urshifu\n|\n|upkeep\n|turn|26\n|c|\u2606Ceg_23|Gigger\n|c|\u2606Ceg_23|But replace the g with a N\n|inactive|Ceg_23 has 120 seconds left.\n|\n|t:|1699304483\n|cant|p1a: Urshifu|par\n|move|p2a: Magnezone|Tri Attack|p1a: Urshifu|[miss]\n|-miss|p2a: Magnezone|p1a: Urshifu\n|\n|upkeep\n|turn|27\n|\n|t:|1699304490\n|move|p1a: Urshifu|Surging Strikes|p2a: Magnezone\n|-crit|p2a: Magnezone\n|-damage|p2a: Magnezone|37\/100\n|-enditem|p2a: Magnezone|Air Balloon\n|-crit|p2a: Magnezone\n|-damage|p2a: Magnezone|0 fnt\n|faint|p2a: Magnezone\n|-hitcount|p2: Magnezone|2\n|\n|upkeep\n|c|\u2606ThyRizzard|have fun raging bro\n|-message|Ceg_23 forfeited.\n|\n|win|ThyRizzard\n|raw|ThyRizzard's rating: 1092 &rarr; <strong>1113<\/strong><br \/>(+21 for winning)\n|raw|Ceg_23's rating: 1026 &rarr; <strong>1015<\/strong><br \/>(-11 for losing)\n|l|\u2606Ceg_23\n","uploadtime":1699304419,"views":5,"p1id":"thyrizzard","p2id":"ceg23","formatid":"gen9anythinggoes","rating":1015,"private":0,"password":""}