{"id":"gen9anythinggoes-1997910491","p1":"Hurcule","p2":"weechunk","format":"[Gen 9] Anything Goes","log":"|j|\u2606Hurcule\n|j|\u2606weechunk\n|t:|1700866431\n|gametype|singles\n|player|p1|Hurcule|102|\n|player|p2|weechunk|hiker-gen4|\n|teamsize|p1|6\n|teamsize|p2|6\n|gen|9\n|tier|[Gen 9] Anything Goes\n|rule|HP Percentage Mod: HP is shown in percentages\n|rule|Endless Battle Clause: Forcing endless battles is banned\n|clearpoke\n|poke|p1|Florges, F|\n|poke|p1|Ceruledge, F|\n|poke|p1|Tsareena, F|\n|poke|p1|Slowking-Galar, M|\n|poke|p1|Ting-Lu|\n|poke|p1|Iron Thorns|\n|poke|p2|Espeon, M|\n|poke|p2|Quaquaval, F|\n|poke|p2|Ogerpon-Hearthflame, F|\n|poke|p2|Garchomp, M|\n|poke|p2|Gengar, F|\n|poke|p2|Breloom, F|\n|teampreview\n|\n|t:|1700866445\n|start\n|switch|p1a: Ceruledge|Ceruledge, F|100\/100\n|switch|p2a: Zaddy|Gengar, F|100\/100\n|turn|1\n|\n|t:|1700866454\n|move|p1a: Ceruledge|Shadow Sneak|p2a: Zaddy\n|-supereffective|p2a: Zaddy\n|-damage|p2a: Zaddy|35\/100\n|move|p2a: Zaddy|Hex|p1a: Ceruledge\n|-supereffective|p1a: Ceruledge\n|-damage|p1a: Ceruledge|56\/100\n|\n|-heal|p2a: Zaddy|41\/100|[from] item: Leftovers\n|upkeep\n|turn|2\n|\n|t:|1700866466\n|switch|p2a: Chomp|Garchomp, M|100\/100\n|move|p1a: Ceruledge|Shadow Sneak|p2a: Chomp\n|-damage|p2a: Chomp|90\/100\n|-damage|p1a: Ceruledge|44\/100|[from] ability: Rough Skin|[of] p2a: Chomp\n|\n|upkeep\n|turn|3\n|\n|t:|1700866494\n|switch|p1a: Florges|Florges, F|100\/100\n|move|p2a: Chomp|Earthquake|p1a: Florges\n|-damage|p1a: Florges|64\/100\n|\n|-heal|p1a: Florges|70\/100|[from] item: Leftovers\n|upkeep\n|turn|4\n|\n|t:|1700866515\n|switch|p2a: El Oger|Ogerpon-Hearthflame, F|100\/100\n|-ability|p2a: El Oger|Mold Breaker\n|move|p1a: Florges|Calm Mind|p1a: Florges\n|-boost|p1a: Florges|spa|1\n|-boost|p1a: Florges|spd|1\n|\n|-heal|p1a: Florges|76\/100|[from] item: Leftovers\n|upkeep\n|turn|5\n|\n|t:|1700866542\n|move|p2a: El Oger|Ivy Cudgel|p1a: Florges|[anim] Ivy Cudgel Fire\n|-damage|p1a: Florges|25\/100\n|move|p1a: Florges|Psychic|p2a: El Oger\n|-damage|p2a: El Oger|58\/100\n|\n|-heal|p1a: Florges|31\/100|[from] item: Leftovers\n|upkeep\n|turn|6\n|\n|t:|1700866554\n|move|p2a: El Oger|Horn Leech|p1a: Florges\n|-damage|p1a: Florges|0 fnt\n|-heal|p2a: El Oger|76\/100|[from] drain|[of] p1a: Florges\n|faint|p1a: Florges\n|\n|upkeep\n|\n|t:|1700866584\n|switch|p1a: Iron Thorns|Iron Thorns|100\/100\n|-enditem|p1a: Iron Thorns|Booster Energy\n|-activate|p1a: Iron Thorns|ability: Quark Drive|[fromitem]\n|-start|p1a: Iron Thorns|quarkdriveatk\n|turn|7\n|\n|t:|1700866603\n|move|p2a: El Oger|Horn Leech|p1a: Iron Thorns\n|-supereffective|p1a: Iron Thorns\n|-damage|p1a: Iron Thorns|20\/100\n|-heal|p2a: El Oger|100\/100|[from] drain|[of] p1a: Iron Thorns\n|move|p1a: Iron Thorns|Earthquake|p2a: El Oger\n|-damage|p2a: El Oger|40\/100\n|\n|upkeep\n|turn|8\n|\n|t:|1700866615\n|move|p2a: El Oger|Horn Leech|p1a: Iron Thorns\n|-supereffective|p1a: Iron Thorns\n|-damage|p1a: Iron Thorns|0 fnt\n|-heal|p2a: El Oger|51\/100|[from] drain|[of] p1a: Iron Thorns\n|faint|p1a: Iron Thorns\n|-end|p1a: Iron Thorns|Quark Drive|[silent]\n|\n|upkeep\n|\n|t:|1700866624\n|switch|p1a: Ting-Lu|Ting-Lu|100\/100\n|-ability|p1a: Ting-Lu|Vessel of Ruin\n|turn|9\n|\n|t:|1700866633\n|move|p2a: El Oger|Horn Leech|p1a: Ting-Lu\n|-supereffective|p1a: Ting-Lu\n|-damage|p1a: Ting-Lu|53\/100\n|-heal|p2a: El Oger|89\/100|[from] drain|[of] p1a: Ting-Lu\n|move|p1a: Ting-Lu|Stone Edge|p2a: El Oger\n|-supereffective|p2a: El Oger\n|-damage|p2a: El Oger|21\/100\n|\n|-heal|p1a: Ting-Lu|59\/100|[from] item: Leftovers\n|upkeep\n|turn|10\n|\n|t:|1700866643\n|move|p2a: El Oger|Horn Leech|p1a: Ting-Lu\n|-supereffective|p1a: Ting-Lu\n|-damage|p1a: Ting-Lu|9\/100\n|-heal|p2a: El Oger|62\/100|[from] drain|[of] p1a: Ting-Lu\n|move|p1a: Ting-Lu|Stone Edge|p2a: El Oger\n|-supereffective|p2a: El Oger\n|-damage|p2a: El Oger|0 fnt\n|faint|p2a: El Oger\n|\n|-heal|p1a: Ting-Lu|16\/100|[from] item: Leftovers\n|upkeep\n|\n|t:|1700866654\n|switch|p2a: Freddy Merc|Quaquaval, F|100\/100\n|turn|11\n|\n|t:|1700866664\n|switch|p1a: Tsareena|Tsareena, F|100\/100\n|move|p2a: Freddy Merc|Aqua Jet||[still]\n|cant|p1a: Tsareena|ability: Queenly Majesty|Aqua Jet|[of] p2a: Freddy Merc\n|\n|upkeep\n|turn|12\n|\n|t:|1700866674\n|switch|p2a: Chomp|Garchomp, M|90\/100\n|-terastallize|p1a: Tsareena|Ghost\n|move|p1a: Tsareena|Seed Bomb|p2a: Chomp\n|-damage|p2a: Chomp|65\/100\n|\n|upkeep\n|turn|13\n|\n|t:|1700866708\n|move|p1a: Tsareena|Knock Off|p2a: Chomp\n|-damage|p2a: Chomp|45\/100\n|-damage|p1a: Tsareena|88\/100|[from] ability: Rough Skin|[of] p2a: Chomp\n|-enditem|p2a: Chomp|Loaded Dice|[from] move: Knock Off|[of] p1a: Tsareena\n|move|p2a: Chomp|Scale Shot|p1a: Tsareena\n|-damage|p1a: Tsareena|75\/100\n|-damage|p1a: Tsareena|60\/100\n|-hitcount|p1a: Tsareena|2\n|-unboost|p2a: Chomp|def|1\n|-boost|p2a: Chomp|spe|1\n|\n|upkeep\n|turn|14\n|\n|t:|1700866724\n|move|p2a: Chomp|Earthquake|p1a: Tsareena\n|-damage|p1a: Tsareena|3\/100\n|move|p1a: Tsareena|Seed Bomb|p2a: Chomp\n|-damage|p2a: Chomp|12\/100\n|\n|upkeep\n|turn|15\n|\n|t:|1700866730\n|move|p2a: Chomp|Iron Head|p1a: Tsareena\n|-damage|p1a: Tsareena|0 fnt\n|faint|p1a: Tsareena\n|\n|upkeep\n|\n|t:|1700866752\n|switch|p1a: Ting-Lu|Ting-Lu|16\/100\n|-ability|p1a: Ting-Lu|Vessel of Ruin\n|turn|16\n|\n|t:|1700866774\n|move|p2a: Chomp|Earthquake|p1a: Ting-Lu\n|-damage|p1a: Ting-Lu|0 fnt\n|faint|p1a: Ting-Lu\n|\n|upkeep\n|\n|t:|1700866779\n|switch|p1a: Ceruledge|Ceruledge, F|44\/100\n|turn|17\n|\n|t:|1700866787\n|move|p1a: Ceruledge|Shadow Sneak|p2a: Chomp\n|-damage|p2a: Chomp|0 fnt\n|-damage|p1a: Ceruledge|32\/100|[from] ability: Rough Skin|[of] p2a: Chomp\n|faint|p2a: Chomp\n|\n|upkeep\n|\n|t:|1700866792\n|switch|p2a: Freddy Merc|Quaquaval, F|100\/100\n|turn|18\n|\n|t:|1700866809\n|move|p2a: Freddy Merc|Aqua Jet|p1a: Ceruledge\n|-supereffective|p1a: Ceruledge\n|-damage|p1a: Ceruledge|0 fnt\n|faint|p1a: Ceruledge\n|-ability|p2a: Freddy Merc|Moxie|boost\n|-boost|p2a: Freddy Merc|atk|1\n|\n|upkeep\n|\n|t:|1700866822\n|switch|p1a: Slowking|Slowking-Galar, M|100\/100\n|turn|19\n|\n|t:|1700866828\n|move|p2a: Freddy Merc|Aqua Step|p1a: Slowking\n|-damage|p1a: Slowking|33\/100\n|-boost|p2a: Freddy Merc|spe|1\n|move|p1a: Slowking|Ice Beam|p2a: Freddy Merc\n|-resisted|p2a: Freddy Merc\n|-damage|p2a: Freddy Merc|84\/100\n|\n|upkeep\n|turn|20\n|\n|t:|1700866840\n|move|p2a: Freddy Merc|Aqua Step|p1a: Slowking\n|-damage|p1a: Slowking|0 fnt\n|-boost|p2a: Freddy Merc|spe|1\n|faint|p1a: Slowking\n|\n|win|weechunk\n","uploadtime":1700866848,"views":23,"p1id":"hurcule","p2id":"weechunk","formatid":"gen9anythinggoes","rating":0,"private":0,"password":""}