{"id":"gen9anythinggoes-1981780794","p1":"chedaarrr","p2":"TheFlamingArrowYT","format":"[Gen 9] Anything Goes","log":"|j|\u2606chedaarrr\n|j|\u203dTheFlamingArrowYT\n|t:|1698941108\n|gametype|singles\n|player|p1|chedaarrr|red|1187\n|player|p2|TheFlamingArrowYT|ethan|1088\n|teamsize|p1|6\n|teamsize|p2|6\n|gen|9\n|tier|[Gen 9] Anything Goes\n|rated|\n|rule|HP Percentage Mod: HP is shown in percentages\n|rule|Endless Battle Clause: Forcing endless battles is banned\n|clearpoke\n|poke|p1|Skeledirge, M|\n|poke|p1|Greninja-*, F|\n|poke|p1|Iron Valiant|\n|poke|p1|Cyclizar, M|\n|poke|p1|Weavile, F|\n|poke|p1|Garchomp, F|\n|poke|p2|Annihilape, M|\n|poke|p2|Annihilape, F|\n|poke|p2|Annihilape, M|\n|poke|p2|Annihilape, M|\n|poke|p2|Annihilape, F|\n|poke|p2|Kingambit, F|\n|teampreview\n|inactive|Battle timer is ON: inactive players will automatically lose when time's up. (requested by TheFlamingArrowYT)\n|\n|t:|1698941122\n|start\n|switch|p1a: Cyclizar|Cyclizar, M|100\/100\n|switch|p2a: Annihilape|Annihilape, M|100\/100\n|turn|1\n|\n|t:|1698941129\n|move|p1a: Cyclizar|Shed Tail|p1a: Cyclizar\n|-start|p1a: Cyclizar|Substitute|[from] move: Shed Tail\n|-damage|p1a: Cyclizar|50\/100\n|\n|t:|1698941132\n|switch|p1a: Iron Valiant|Iron Valiant, shiny|100\/100|[from] Shed Tail\n|-enditem|p1a: Iron Valiant|Booster Energy\n|-activate|p1a: Iron Valiant|ability: Quark Drive|[fromitem]\n|-start|p1a: Iron Valiant|quarkdriveatk\n|move|p2a: Annihilape|Outrage|p1a: Iron Valiant\n|-immune|p1a: Iron Valiant\n|\n|upkeep\n|turn|2\n|\n|t:|1698941145\n|move|p1a: Iron Valiant|Swords Dance|p1a: Iron Valiant\n|-boost|p1a: Iron Valiant|atk|2\n|move|p2a: Annihilape|Rage Fist|p1a: Iron Valiant\n|-end|p1a: Iron Valiant|Substitute\n|\n|upkeep\n|turn|3\n|\n|t:|1698941153\n|move|p1a: Iron Valiant|Night Slash|p2a: Annihilape\n|-damage|p2a: Annihilape|16\/100\n|move|p2a: Annihilape|Rage Fist|p1a: Iron Valiant\n|-damage|p1a: Iron Valiant|39\/100\n|\n|upkeep\n|turn|4\n|\n|t:|1698941160\n|move|p1a: Iron Valiant|Night Slash|p2a: Annihilape\n|-damage|p2a: Annihilape|0 fnt\n|faint|p2a: Annihilape\n|\n|upkeep\n|\n|t:|1698941164\n|switch|p2a: Annihilape|Annihilape, F|100\/100\n|turn|5\n|\n|t:|1698941169\n|move|p1a: Iron Valiant|Spirit Break|p2a: Annihilape\n|-supereffective|p2a: Annihilape\n|-enditem|p2a: Annihilape|Focus Sash\n|-damage|p2a: Annihilape|1\/100\n|-unboost|p2a: Annihilape|spa|1\n|move|p2a: Annihilape|Rage Fist|p1a: Iron Valiant\n|-damage|p1a: Iron Valiant|0 fnt\n|faint|p1a: Iron Valiant\n|-end|p1a: Iron Valiant|Quark Drive|[silent]\n|\n|upkeep\n|\n|t:|1698941180\n|switch|p1a: Garchomp|Garchomp, F|100\/100\n|turn|6\n|\n|t:|1698941185\n|move|p1a: Garchomp|Earthquake|p2a: Annihilape\n|-damage|p2a: Annihilape|0 fnt\n|faint|p2a: Annihilape\n|\n|upkeep\n|\n|t:|1698941189\n|switch|p2a: Annihilape|Annihilape, M|100\/100\n|turn|7\n|\n|t:|1698941193\n|move|p1a: Garchomp|Earthquake|p2a: Annihilape\n|-damage|p2a: Annihilape|40\/100\n|move|p2a: Annihilape|Outrage|p1a: Garchomp\n|-supereffective|p1a: Garchomp\n|-damage|p1a: Garchomp|22\/100\n|-damage|p2a: Annihilape|28\/100|[from] ability: Rough Skin|[of] p1a: Garchomp\n|\n|upkeep\n|turn|8\n|\n|t:|1698941202\n|move|p1a: Garchomp|Earthquake|p2a: Annihilape\n|-damage|p2a: Annihilape|0 fnt\n|faint|p2a: Annihilape\n|\n|upkeep\n|\n|t:|1698941205\n|switch|p2a: Annihilape|Annihilape, M|100\/100\n|turn|9\n|\n|t:|1698941209\n|move|p1a: Garchomp|Earthquake|p2a: Annihilape\n|-damage|p2a: Annihilape|33\/100\n|move|p2a: Annihilape|Outrage|p1a: Garchomp\n|-supereffective|p1a: Garchomp\n|-damage|p1a: Garchomp|0 fnt\n|-damage|p2a: Annihilape|21\/100|[from] ability: Rough Skin|[of] p1a: Garchomp\n|faint|p1a: Garchomp\n|\n|upkeep\n|\n|t:|1698941220\n|switch|p1a: Cyclizar|Cyclizar, M|83\/100\n|turn|10\n|\n|t:|1698941227\n|move|p1a: Cyclizar|Breaking Swipe|p2a: Annihilape\n|-damage|p2a: Annihilape|0 fnt\n|faint|p2a: Annihilape\n|\n|-heal|p1a: Cyclizar|89\/100|[from] item: Leftovers\n|upkeep\n|\n|t:|1698941233\n|switch|p2a: Annihilape|Annihilape, F|100\/100\n|turn|11\n|\n|t:|1698941240\n|move|p1a: Cyclizar|Shed Tail|p1a: Cyclizar\n|-start|p1a: Cyclizar|Substitute|[from] move: Shed Tail\n|-damage|p1a: Cyclizar|39\/100\n|\n|t:|1698941246\n|switch|p1a: Greninja|Greninja, F, shiny|100\/100|[from] Shed Tail\n|move|p2a: Annihilape|Outrage|p1a: Greninja\n|-end|p1a: Greninja|Substitute\n|\n|upkeep\n|turn|12\n|\n|t:|1698941256\n|move|p1a: Greninja|Hydro Pump|p2a: Annihilape\n|-start|p1a: Greninja|typechange|Water|[from] ability: Protean\n|-damage|p2a: Annihilape|38\/100\n|-damage|p1a: Greninja|91\/100|[from] item: Life Orb\n|move|p2a: Annihilape|Outrage|p1a: Greninja|[from]lockedmove\n|-damage|p1a: Greninja|29\/100\n|-start|p2a: Annihilape|confusion|[fatigue]\n|\n|upkeep\n|turn|13\n|\n|t:|1698941275\n|move|p1a: Greninja|Hydro Pump|p2a: Annihilape\n|-damage|p2a: Annihilape|0 fnt\n|faint|p2a: Annihilape\n|-damage|p1a: Greninja|19\/100|[from] item: Life Orb\n|\n|upkeep\n|\n|t:|1698941281\n|switch|p2a: Kingambit|Kingambit, F|100\/100\n|-activate|p2a: Kingambit|ability: Supreme Overlord\n|-start|p2a: Kingambit|fallen5|[silent]\n|turn|14\n|\n|t:|1698941289\n|-terastallize|p2a: Kingambit|Water\n|move|p1a: Greninja|Hydro Pump|p2a: Kingambit\n|-resisted|p2a: Kingambit\n|-damage|p2a: Kingambit|72\/100\n|-damage|p1a: Greninja|9\/100|[from] item: Life Orb\n|move|p2a: Kingambit|Swords Dance|p2a: Kingambit\n|-boost|p2a: Kingambit|atk|2\n|\n|upkeep\n|turn|15\n|\n|t:|1698941302\n|move|p2a: Kingambit|Sucker Punch|p1a: Greninja\n|-damage|p1a: Greninja|0 fnt\n|faint|p1a: Greninja\n|\n|upkeep\n|\n|t:|1698941308\n|switch|p1a: Cyclizar|Cyclizar, M|72\/100\n|turn|16\n|\n|t:|1698941315\n|move|p1a: Cyclizar|Shed Tail|p1a: Cyclizar\n|-start|p1a: Cyclizar|Substitute|[from] move: Shed Tail\n|-damage|p1a: Cyclizar|22\/100\n|\n|t:|1698941318\n|switch|p1a: Skeledirge|Skeledirge, M, shiny|100\/100|[from] Shed Tail\n|move|p2a: Kingambit|Stone Edge|p1a: Skeledirge\n|-supereffective|p1a: Skeledirge\n|-end|p1a: Skeledirge|Substitute\n|\n|upkeep\n|turn|17\n|\n|t:|1698941330\n|-terastallize|p1a: Skeledirge|Electric\n|move|p1a: Skeledirge|Will-O-Wisp|p2a: Kingambit\n|-status|p2a: Kingambit|brn\n|move|p2a: Kingambit|Stone Edge|p1a: Skeledirge|[miss]\n|-miss|p2a: Kingambit|p1a: Skeledirge\n|\n|-damage|p2a: Kingambit|65\/100 brn|[from] brn\n|upkeep\n|turn|18\n|\n|t:|1698941342\n|move|p2a: Kingambit|Sucker Punch|p1a: Skeledirge\n|-damage|p1a: Skeledirge|48\/100\n|move|p1a: Skeledirge|Overheat|p2a: Kingambit|[miss]\n|-miss|p1a: Skeledirge|p2a: Kingambit\n|\n|-damage|p2a: Kingambit|59\/100 brn|[from] brn\n|upkeep\n|turn|19\n|\n|t:|1698941353\n|move|p2a: Kingambit|Sucker Punch|p1a: Skeledirge\n|-damage|p1a: Skeledirge|0 fnt\n|faint|p1a: Skeledirge\n|\n|-damage|p2a: Kingambit|53\/100 brn|[from] brn\n|upkeep\n|\n|t:|1698941360\n|switch|p1a: Cyclizar|Cyclizar, M|55\/100\n|turn|20\n|\n|t:|1698941365\n|move|p1a: Cyclizar|Shed Tail|p1a: Cyclizar\n|-start|p1a: Cyclizar|Substitute|[from] move: Shed Tail\n|-damage|p1a: Cyclizar|5\/100\n|\n|t:|1698941368\n|switch|p1a: Weavile|Weavile, F|100\/100|[from] Shed Tail\n|-ability|p1a: Weavile|Pressure\n|move|p2a: Kingambit|Stone Edge|p1a: Weavile\n|-supereffective|p1a: Weavile\n|-end|p1a: Weavile|Substitute\n|\n|-damage|p2a: Kingambit|47\/100 brn|[from] brn\n|upkeep\n|turn|21\n|\n|t:|1698941383\n|move|p1a: Weavile|Dig||[still]\n|-prepare|p1a: Weavile|Dig\n|move|p2a: Kingambit|Stone Edge|p1a: Weavile|[miss]\n|-miss|p2a: Kingambit|p1a: Weavile\n|\n|-damage|p2a: Kingambit|41\/100 brn|[from] brn\n|upkeep\n|turn|22\n|\n|t:|1698941393\n|move|p1a: Weavile|Dig|p2a: Kingambit|[from]lockedmove\n|-damage|p2a: Kingambit|23\/100 brn\n|move|p2a: Kingambit|Stone Edge|p1a: Weavile\n|-supereffective|p1a: Weavile\n|-damage|p1a: Weavile|0 fnt\n|faint|p1a: Weavile\n|\n|-damage|p2a: Kingambit|17\/100 brn|[from] brn\n|upkeep\n|\n|t:|1698941403\n|switch|p1a: Cyclizar|Cyclizar, M|38\/100\n|turn|23\n|\n|t:|1698941409\n|move|p2a: Kingambit|Sucker Punch|p1a: Cyclizar\n|-damage|p1a: Cyclizar|0 fnt\n|faint|p1a: Cyclizar\n|\n|win|TheFlamingArrowYT\n|raw|chedaarrr's rating: 1187 &rarr; <strong>1155<\/strong><br \/>(-32 for losing)\n|raw|TheFlamingArrowYT's rating: 1088 &rarr; <strong>1122<\/strong><br \/>(+34 for winning)\n|l|\u2606chedaarrr\n","uploadtime":1698941419,"views":11,"p1id":"chedaarrr","p2id":"theflamingarrowyt","formatid":"gen9anythinggoes","rating":1122,"private":0,"password":""}