{"id":"gen9anythinggoes-1988086329","p1":"Mimikyutale","p2":"noahshotgf","format":"[Gen 9] Anything Goes","log":"|j|\u2606Mimikyutale\n|j|\u2606noahshotgf\n|t:|1699667845\n|gametype|singles\n|player|p1|Mimikyutale|iono|\n|player|p2|noahshotgf|caitlin|\n|teamsize|p1|6\n|teamsize|p2|6\n|gen|9\n|tier|[Gen 9] Anything Goes\n|rule|HP Percentage Mod: HP is shown in percentages\n|rule|Endless Battle Clause: Forcing endless battles is banned\n|clearpoke\n|poke|p1|Corviknight, F|\n|poke|p1|Annihilape, M|\n|poke|p1|Tropius, F|\n|poke|p1|Polteageist|\n|poke|p1|Dragapult, M|\n|poke|p1|Maushold|\n|poke|p2|Iron Valiant|\n|poke|p2|Koraidon|\n|poke|p2|Ceruledge, M|\n|poke|p2|Tinkaton, F|\n|poke|p2|Meowscarada, M|\n|poke|p2|Iron Moth|\n|teampreview\n|\n|t:|1699667853\n|start\n|switch|p1a: AAAAAAAA|Maushold|100\/100\n|switch|p2a: Ceruledge|Ceruledge, M|100\/100\n|turn|1\n|\n|t:|1699667860\n|switch|p2a: Koraidon|Koraidon|100\/100\n|-weather|SunnyDay|[from] ability: Orichalcum Pulse|[of] p2a: Koraidon\n|-activate|p2a: Koraidon|Orichalcum Pulse|[source]\n|move|p1a: AAAAAAAA|Tidy Up|p1a: AAAAAAAA\n|-boost|p1a: AAAAAAAA|atk|1\n|-boost|p1a: AAAAAAAA|spe|1\n|\n|-weather|SunnyDay|[upkeep]\n|upkeep\n|turn|2\n|\n|t:|1699667873\n|move|p1a: AAAAAAAA|Baton Pass|p1a: AAAAAAAA\n|\n|t:|1699667875\n|switch|p1a: The first plane|Dragapult, M|100\/100|[from] Baton Pass\n|move|p2a: Koraidon|Collision Course|p1a: The first plane\n|-immune|p1a: The first plane\n|\n|-weather|SunnyDay|[upkeep]\n|upkeep\n|turn|3\n|\n|t:|1699667884\n|switch|p2a: Iron Valiant|Iron Valiant|100\/100\n|move|p1a: The first plane|Dragon Dance|p1a: The first plane\n|-boost|p1a: The first plane|atk|1\n|-boost|p1a: The first plane|spe|1\n|\n|-weather|SunnyDay|[upkeep]\n|upkeep\n|turn|4\n|\n|t:|1699667899\n|switch|p1a: Birb|Corviknight, F|100\/100\n|-ability|p1a: Birb|Pressure\n|move|p2a: Iron Valiant|Moonblast|p1a: Birb\n|-resisted|p1a: Birb\n|-damage|p1a: Birb|73\/100\n|-unboost|p1a: Birb|spa|1\n|-damage|p2a: Iron Valiant|91\/100|[from] item: Life Orb\n|\n|-weather|SunnyDay|[upkeep]\n|-heal|p1a: Birb|79\/100|[from] item: Leftovers\n|upkeep\n|turn|5\n|\n|t:|1699667918\n|-end|p2a: Iron Valiant|Quark Drive|[silent]\n|switch|p2a: Iron Moth|Iron Moth|100\/100\n|-enditem|p2a: Iron Moth|Booster Energy\n|-activate|p2a: Iron Moth|ability: Quark Drive|[fromitem]\n|-start|p2a: Iron Moth|quarkdrivespe\n|move|p1a: Birb|Brave Bird|p2a: Iron Moth\n|-damage|p2a: Iron Moth|50\/100\n|-damage|p1a: Birb|66\/100|[from] Recoil\n|\n|-weather|SunnyDay|[upkeep]\n|-heal|p1a: Birb|72\/100|[from] item: Leftovers\n|upkeep\n|turn|6\n|\n|t:|1699667934\n|move|p2a: Iron Moth|Fiery Dance|p1a: Birb\n|-supereffective|p1a: Birb\n|-damage|p1a: Birb|0 fnt\n|faint|p1a: Birb\n|\n|-weather|SunnyDay|[upkeep]\n|upkeep\n|\n|t:|1699667948\n|switch|p1a: The queen|Polteageist|100\/100\n|turn|7\n|\n|t:|1699667963\n|-end|p2a: Iron Moth|Quark Drive|[silent]\n|switch|p2a: noah|Meowscarada, M|100\/100\n|move|p1a: The queen|Shell Smash|p1a: The queen\n|-unboost|p1a: The queen|def|1\n|-unboost|p1a: The queen|spd|1\n|-boost|p1a: The queen|atk|2\n|-boost|p1a: The queen|spa|2\n|-boost|p1a: The queen|spe|2\n|\n|-weather|SunnyDay|[upkeep]\n|upkeep\n|turn|8\n|\n|t:|1699667972\n|move|p1a: The queen|Shell Smash|p1a: The queen\n|-unboost|p1a: The queen|def|1\n|-unboost|p1a: The queen|spd|1\n|-boost|p1a: The queen|atk|2\n|-boost|p1a: The queen|spa|2\n|-boost|p1a: The queen|spe|2\n|move|p2a: noah|Night Slash|p1a: The queen\n|-start|p2a: noah|typechange|Dark|[from] ability: Protean\n|-supereffective|p1a: The queen\n|-enditem|p1a: The queen|Focus Sash\n|-damage|p1a: The queen|1\/100\n|-ability|p1a: The queen|Weak Armor|boost\n|-unboost|p1a: The queen|def|1\n|-boost|p1a: The queen|spe|2\n|\n|-weather|none\n|upkeep\n|turn|9\n|\n|t:|1699667987\n|-terastallize|p1a: The queen|Fighting\n|move|p1a: The queen|Tera Blast|p2a: noah|[anim] Tera Blast Fighting\n|-supereffective|p2a: noah\n|-enditem|p2a: noah|Focus Sash\n|-damage|p2a: noah|1\/100\n|move|p2a: noah|Night Slash|p1a: The queen\n|-resisted|p1a: The queen\n|-damage|p1a: The queen|0 fnt\n|faint|p1a: The queen\n|\n|upkeep\n|\n|t:|1699668003\n|switch|p1a: AAAAAAAA|Maushold|100\/100\n|turn|10\n|\n|t:|1699668009\n|switch|p2a: Koraidon|Koraidon|100\/100\n|-weather|SunnyDay|[from] ability: Orichalcum Pulse|[of] p2a: Koraidon\n|-activate|p2a: Koraidon|Orichalcum Pulse|[source]\n|move|p1a: AAAAAAAA|Tidy Up|p1a: AAAAAAAA\n|-boost|p1a: AAAAAAAA|atk|1\n|-boost|p1a: AAAAAAAA|spe|1\n|\n|-weather|SunnyDay|[upkeep]\n|upkeep\n|turn|11\n|\n|t:|1699668019\n|move|p1a: AAAAAAAA|Baton Pass|p1a: AAAAAAAA\n|\n|t:|1699668021\n|switch|p1a: The first plane|Dragapult, M|100\/100|[from] Baton Pass\n|move|p2a: Koraidon|Collision Course|p1a: The first plane\n|-immune|p1a: The first plane\n|\n|-weather|SunnyDay|[upkeep]\n|upkeep\n|turn|12\n|\n|t:|1699668033\n|switch|p2a: Iron Valiant|Iron Valiant|91\/100\n|move|p1a: The first plane|Thunder Wave|p2a: Iron Valiant\n|-status|p2a: Iron Valiant|par\n|\n|-weather|SunnyDay|[upkeep]\n|upkeep\n|turn|13\n|\n|t:|1699668040\n|switch|p1a: AAAAAAAA|Maushold|100\/100\n|move|p2a: Iron Valiant|Moonblast|p1a: AAAAAAAA\n|-damage|p1a: AAAAAAAA|6\/100\n|-damage|p2a: Iron Valiant|81\/100 par|[from] item: Life Orb\n|\n|-weather|SunnyDay|[upkeep]\n|upkeep\n|turn|14\n|\n|t:|1699668050\n|move|p1a: AAAAAAAA|Population Bomb|p2a: Iron Valiant\n|-damage|p2a: Iron Valiant|67\/100 par\n|-damage|p2a: Iron Valiant|52\/100 par\n|-damage|p2a: Iron Valiant|36\/100 par\n|-damage|p2a: Iron Valiant|22\/100 par\n|-damage|p2a: Iron Valiant|7\/100 par\n|-crit|p2a: Iron Valiant\n|-damage|p2a: Iron Valiant|0 fnt\n|faint|p2a: Iron Valiant\n|-end|p2a: Iron Valiant|Quark Drive|[silent]\n|-hitcount|p2: Iron Valiant|6\n|\n|-weather|SunnyDay|[upkeep]\n|upkeep\n|\n|t:|1699668067\n|switch|p2a: Ceruledge|Ceruledge, M|100\/100\n|turn|15\n|\n|t:|1699668079\n|move|p1a: AAAAAAAA|Beat Up|p2a: Ceruledge\n|-supereffective|p2a: Ceruledge\n|-damage|p2a: Ceruledge|85\/100\n|-supereffective|p2a: Ceruledge\n|-damage|p2a: Ceruledge|66\/100\n|-supereffective|p2a: Ceruledge\n|-crit|p2a: Ceruledge\n|-damage|p2a: Ceruledge|48\/100\n|-supereffective|p2a: Ceruledge\n|-damage|p2a: Ceruledge|29\/100\n|-hitcount|p2a: Ceruledge|4\n|move|p2a: Ceruledge|Close Combat|p1a: AAAAAAAA\n|-supereffective|p1a: AAAAAAAA\n|-damage|p1a: AAAAAAAA|0 fnt\n|-unboost|p2a: Ceruledge|def|1\n|-unboost|p2a: Ceruledge|spd|1\n|faint|p1a: AAAAAAAA\n|\n|-weather|SunnyDay|[upkeep]\n|upkeep\n|\n|t:|1699668096\n|switch|p1a: Me|Annihilape, M|100\/100\n|turn|16\n|\n|t:|1699668129\n|move|p2a: Ceruledge|Shadow Claw|p1a: Me\n|-supereffective|p1a: Me\n|-damage|p1a: Me|23\/100\n|move|p1a: Me|Bulk Up|p1a: Me\n|-boost|p1a: Me|atk|1\n|-boost|p1a: Me|def|1\n|\n|-weather|SunnyDay|[upkeep]\n|-heal|p1a: Me|29\/100|[from] item: Leftovers\n|upkeep\n|turn|17\n|\n|t:|1699668151\n|switch|p1a: The second plane|Tropius, F|100\/100\n|move|p2a: Ceruledge|Shadow Claw|p1a: The second plane\n|-crit|p1a: The second plane\n|-damage|p1a: The second plane|40\/100\n|-enditem|p1a: The second plane|Sitrus Berry|[eat]\n|-heal|p1a: The second plane|65\/100|[from] item: Sitrus Berry\n|\n|-weather|none\n|upkeep\n|turn|18\n|\n|t:|1699668162\n|switch|p2a: Iron Moth|Iron Moth|50\/100\n|move|p1a: The second plane|Leech Seed|p2a: Iron Moth\n|-start|p2a: Iron Moth|move: Leech Seed\n|\n|-damage|p2a: Iron Moth|38\/100|[from] Leech Seed|[of] p1a: The second plane\n|-heal|p1a: The second plane|74\/100|[silent]\n|-item|p1a: The second plane|Sitrus Berry|[from] ability: Harvest\n|upkeep\n|turn|19\n|\n|t:|1699668172\n|move|p1a: The second plane|Protect|p1a: The second plane\n|-singleturn|p1a: The second plane|Protect\n|move|p2a: Iron Moth|Fiery Dance|p1a: The second plane\n|-activate|p1a: The second plane|move: Protect\n|\n|-damage|p2a: Iron Moth|26\/100|[from] Leech Seed|[of] p1a: The second plane\n|-heal|p1a: The second plane|83\/100|[silent]\n|upkeep\n|turn|20\n|\n|t:|1699668186\n|switch|p1a: The first plane|Dragapult, M|100\/100\n|move|p2a: Iron Moth|Fiery Dance|p1a: The first plane\n|-resisted|p1a: The first plane\n|-damage|p1a: The first plane|77\/100\n|\n|-heal|p1a: The first plane|83\/100|[from] item: Leftovers\n|-damage|p2a: Iron Moth|13\/100|[from] Leech Seed|[of] p1a: The first plane\n|-heal|p1a: The first plane|93\/100|[silent]\n|upkeep\n|turn|21\n|\n|t:|1699668202\n|move|p1a: The first plane|Dragon Dance|p1a: The first plane\n|-boost|p1a: The first plane|atk|1\n|-boost|p1a: The first plane|spe|1\n|move|p2a: Iron Moth|Dazzling Gleam|p1a: The first plane\n|-supereffective|p1a: The first plane\n|-damage|p1a: The first plane|31\/100\n|\n|-heal|p1a: The first plane|37\/100|[from] item: Leftovers\n|-damage|p2a: Iron Moth|1\/100|[from] Leech Seed|[of] p1a: The first plane\n|-heal|p1a: The first plane|47\/100|[silent]\n|upkeep\n|turn|22\n|\n|t:|1699668212\n|move|p1a: The first plane|Dragon Darts|p2a: Iron Moth\n|-damage|p2a: Iron Moth|0 fnt\n|faint|p2a: Iron Moth\n|-end|p2a: Iron Moth|Quark Drive|[silent]\n|\n|-heal|p1a: The first plane|53\/100|[from] item: Leftovers\n|upkeep\n|\n|t:|1699668239\n|switch|p2a: tinkerbell|Tinkaton, F|100\/100\n|-ability|p2a: tinkerbell|Mold Breaker\n|turn|23\n|\n|t:|1699668297\n|switch|p1a: The second plane|Tropius, F|83\/100\n|-terastallize|p2a: tinkerbell|Fairy\n|move|p2a: tinkerbell|Gigaton Hammer|p1a: The second plane\n|-damage|p1a: The second plane|17\/100\n|-enditem|p1a: The second plane|Sitrus Berry|[eat]\n|-heal|p1a: The second plane|42\/100|[from] item: Sitrus Berry\n|\n|-item|p1a: The second plane|Sitrus Berry|[from] ability: Harvest\n|upkeep\n|-enditem|p1a: The second plane|Sitrus Berry|[eat]\n|-heal|p1a: The second plane|67\/100|[from] item: Sitrus Berry\n|turn|24\n|\n|t:|1699668312\n|move|p2a: tinkerbell|Knock Off|p1a: The second plane\n|-damage|p1a: The second plane|50\/100\n|move|p1a: The second plane|Leech Seed|p2a: tinkerbell|[miss]\n|-miss|p1a: The second plane|p2a: tinkerbell\n|\n|upkeep\n|turn|25\n|\n|t:|1699668319\n|move|p1a: The second plane|Protect|p1a: The second plane\n|-singleturn|p1a: The second plane|Protect\n|move|p2a: tinkerbell|Gigaton Hammer|p1a: The second plane\n|-activate|p1a: The second plane|move: Protect\n|\n|upkeep\n|turn|26\n|\n|t:|1699668324\n|move|p2a: tinkerbell|Knock Off|p1a: The second plane\n|-damage|p1a: The second plane|32\/100\n|move|p1a: The second plane|Leech Seed|p2a: tinkerbell\n|-start|p2a: tinkerbell|move: Leech Seed\n|\n|-damage|p2a: tinkerbell|88\/100|[from] Leech Seed|[of] p1a: The second plane\n|-heal|p1a: The second plane|42\/100|[silent]\n|upkeep\n|turn|27\n|\n|t:|1699668333\n|move|p1a: The second plane|Protect|p1a: The second plane\n|-singleturn|p1a: The second plane|Protect\n|move|p2a: tinkerbell|Knock Off|p1a: The second plane\n|-activate|p1a: The second plane|move: Protect\n|\n|-heal|p2a: tinkerbell|94\/100|[from] item: Leftovers\n|-damage|p2a: tinkerbell|82\/100|[from] Leech Seed|[of] p1a: The second plane\n|-heal|p1a: The second plane|52\/100|[silent]\n|upkeep\n|turn|28\n|\n|t:|1699668342\n|move|p2a: tinkerbell|Gigaton Hammer|p1a: The second plane\n|-damage|p1a: The second plane|0 fnt\n|faint|p1a: The second plane\n|\n|-heal|p2a: tinkerbell|88\/100|[from] item: Leftovers\n|upkeep\n|\n|t:|1699668348\n|switch|p1a: Me|Annihilape, M|29\/100\n|turn|29\n|\n|t:|1699668355\n|move|p2a: tinkerbell|Knock Off|p1a: Me\n|-damage|p1a: Me|2\/100\n|-enditem|p1a: Me|Leftovers|[from] move: Knock Off|[of] p2a: tinkerbell\n|move|p1a: Me|Drain Punch|p2a: tinkerbell\n|-resisted|p2a: tinkerbell\n|-damage|p2a: tinkerbell|68\/100\n|-heal|p1a: Me|9\/100|[from] drain|[of] p2a: tinkerbell\n|\n|-heal|p2a: tinkerbell|75\/100|[from] item: Leftovers\n|-damage|p2a: tinkerbell|62\/100|[from] Leech Seed|[of] p1a: Me\n|-heal|p1a: Me|18\/100|[silent]\n|upkeep\n|turn|30\n|\n|t:|1699668389\n|move|p2a: tinkerbell|Gigaton Hammer|p1a: Me\n|-damage|p1a: Me|0 fnt\n|faint|p1a: Me\n|\n|-heal|p2a: tinkerbell|68\/100|[from] item: Leftovers\n|upkeep\n|\n|t:|1699668411\n|switch|p1a: The first plane|Dragapult, M|53\/100\n|turn|31\n|\n|t:|1699668430\n|move|p1a: The first plane|Substitute|p1a: The first plane\n|-start|p1a: The first plane|Substitute\n|-damage|p1a: The first plane|28\/100\n|move|p2a: tinkerbell|Knock Off|p1a: The first plane\n|-supereffective|p1a: The first plane\n|-end|p1a: The first plane|Substitute\n|\n|-heal|p1a: The first plane|34\/100|[from] item: Leftovers\n|-heal|p2a: tinkerbell|74\/100|[from] item: Leftovers\n|-damage|p2a: tinkerbell|62\/100|[from] Leech Seed|[of] p1a: The first plane\n|-heal|p1a: The first plane|44\/100|[silent]\n|upkeep\n|turn|32\n|\n|t:|1699668441\n|move|p1a: The first plane|Thunder Wave|p2a: tinkerbell\n|-status|p2a: tinkerbell|par\n|cant|p2a: tinkerbell|par\n|\n|-heal|p1a: The first plane|50\/100|[from] item: Leftovers\n|-heal|p2a: tinkerbell|68\/100 par|[from] item: Leftovers\n|-damage|p2a: tinkerbell|55\/100 par|[from] Leech Seed|[of] p1a: The first plane\n|-heal|p1a: The first plane|60\/100|[silent]\n|upkeep\n|turn|33\n|\n|t:|1699668450\n|move|p1a: The first plane|Substitute|p1a: The first plane\n|-start|p1a: The first plane|Substitute\n|-damage|p1a: The first plane|35\/100\n|move|p2a: tinkerbell|Gigaton Hammer|p1a: The first plane\n|-end|p1a: The first plane|Substitute\n|\n|-heal|p1a: The first plane|42\/100|[from] item: Leftovers\n|-heal|p2a: tinkerbell|61\/100 par|[from] item: Leftovers\n|-damage|p2a: tinkerbell|49\/100 par|[from] Leech Seed|[of] p1a: The first plane\n|-heal|p1a: The first plane|52\/100|[silent]\n|upkeep\n|turn|34\n|\n|t:|1699668462\n|move|p1a: The first plane|Substitute|p1a: The first plane\n|-start|p1a: The first plane|Substitute\n|-damage|p1a: The first plane|27\/100\n|move|p2a: tinkerbell|Knock Off|p1a: The first plane\n|-supereffective|p1a: The first plane\n|-end|p1a: The first plane|Substitute\n|\n|-heal|p1a: The first plane|33\/100|[from] item: Leftovers\n|-heal|p2a: tinkerbell|55\/100 par|[from] item: Leftovers\n|-damage|p2a: tinkerbell|42\/100 par|[from] Leech Seed|[of] p1a: The first plane\n|-heal|p1a: The first plane|43\/100|[silent]\n|upkeep\n|turn|35\n|\n|t:|1699668472\n|move|p1a: The first plane|Substitute|p1a: The first plane\n|-start|p1a: The first plane|Substitute\n|-damage|p1a: The first plane|18\/100\n|move|p2a: tinkerbell|Gigaton Hammer|p1a: The first plane\n|-end|p1a: The first plane|Substitute\n|\n|-heal|p1a: The first plane|24\/100|[from] item: Leftovers\n|-heal|p2a: tinkerbell|49\/100 par|[from] item: Leftovers\n|-damage|p2a: tinkerbell|36\/100 par|[from] Leech Seed|[of] p1a: The first plane\n|-heal|p1a: The first plane|34\/100|[silent]\n|upkeep\n|turn|36\n|\n|t:|1699668484\n|move|p1a: The first plane|Substitute|p1a: The first plane\n|-start|p1a: The first plane|Substitute\n|-damage|p1a: The first plane|9\/100\n|move|p2a: tinkerbell|Knock Off|p1a: The first plane\n|-supereffective|p1a: The first plane\n|-end|p1a: The first plane|Substitute\n|\n|-heal|p1a: The first plane|15\/100|[from] item: Leftovers\n|-heal|p2a: tinkerbell|42\/100 par|[from] item: Leftovers\n|-damage|p2a: tinkerbell|30\/100 par|[from] Leech Seed|[of] p1a: The first plane\n|-heal|p1a: The first plane|26\/100|[silent]\n|upkeep\n|turn|37\n|\n|t:|1699668501\n|move|p1a: The first plane|Substitute|p1a: The first plane\n|-start|p1a: The first plane|Substitute\n|-damage|p1a: The first plane|1\/100\n|move|p2a: tinkerbell|Gigaton Hammer|p1a: The first plane\n|-end|p1a: The first plane|Substitute\n|\n|-heal|p1a: The first plane|7\/100|[from] item: Leftovers\n|-heal|p2a: tinkerbell|36\/100 par|[from] item: Leftovers\n|-damage|p2a: tinkerbell|23\/100 par|[from] Leech Seed|[of] p1a: The first plane\n|-heal|p1a: The first plane|17\/100|[silent]\n|upkeep\n|turn|38\n|\n|t:|1699668534\n|move|p1a: The first plane|Dragon Dance|p1a: The first plane\n|-boost|p1a: The first plane|atk|1\n|-boost|p1a: The first plane|spe|1\n|cant|p2a: tinkerbell|par\n|\n|-heal|p1a: The first plane|23\/100|[from] item: Leftovers\n|-heal|p2a: tinkerbell|29\/100 par|[from] item: Leftovers\n|-damage|p2a: tinkerbell|17\/100 par|[from] Leech Seed|[of] p1a: The first plane\n|-heal|p1a: The first plane|33\/100|[silent]\n|upkeep\n|turn|39\n|\n|t:|1699668550\n|move|p1a: The first plane|Substitute|p1a: The first plane\n|-start|p1a: The first plane|Substitute\n|-damage|p1a: The first plane|8\/100\n|move|p2a: tinkerbell|Knock Off|p1a: The first plane\n|-supereffective|p1a: The first plane\n|-end|p1a: The first plane|Substitute\n|\n|-heal|p1a: The first plane|14\/100|[from] item: Leftovers\n|-heal|p2a: tinkerbell|23\/100 par|[from] item: Leftovers\n|-damage|p2a: tinkerbell|10\/100 par|[from] Leech Seed|[of] p1a: The first plane\n|-heal|p1a: The first plane|25\/100|[silent]\n|upkeep\n|turn|40\n|\n|t:|1699668574\n|move|p1a: The first plane|Substitute|p1a: The first plane\n|-fail|p1a: The first plane|move: Substitute|[weak]\n|cant|p2a: tinkerbell|par\n|\n|-heal|p1a: The first plane|31\/100|[from] item: Leftovers\n|-heal|p2a: tinkerbell|17\/100 par|[from] item: Leftovers\n|-damage|p2a: tinkerbell|4\/100 par|[from] Leech Seed|[of] p1a: The first plane\n|-heal|p1a: The first plane|41\/100|[silent]\n|upkeep\n|turn|41\n|\n|t:|1699668589\n|move|p1a: The first plane|Substitute|p1a: The first plane\n|-start|p1a: The first plane|Substitute\n|-damage|p1a: The first plane|16\/100\n|cant|p2a: tinkerbell|par\n|\n|-heal|p1a: The first plane|22\/100|[from] item: Leftovers\n|-heal|p2a: tinkerbell|10\/100 par|[from] item: Leftovers\n|-damage|p2a: tinkerbell|0 fnt|[from] Leech Seed|[of] p1a: The first plane\n|-heal|p1a: The first plane|30\/100|[silent]\n|faint|p2a: tinkerbell\n|upkeep\n|\n|t:|1699668611\n|switch|p2a: noah|Meowscarada, M|1\/100\n|turn|42\n|\n|t:|1699668616\n|move|p1a: The first plane|Dragon Darts|p2a: noah\n|-damage|p2a: noah|0 fnt\n|faint|p2a: noah\n|\n|-heal|p1a: The first plane|36\/100|[from] item: Leftovers\n|upkeep\n|\n|t:|1699668622\n|switch|p2a: Ceruledge|Ceruledge, M|29\/100\n|turn|43\n|\n|t:|1699668633\n|move|p1a: The first plane|Dragon Darts|p2a: Ceruledge\n|-damage|p2a: Ceruledge|0 fnt\n|faint|p2a: Ceruledge\n|\n|-heal|p1a: The first plane|42\/100|[from] item: Leftovers\n|upkeep\n|\n|t:|1699668643\n|switch|p2a: Koraidon|Koraidon|100\/100\n|-weather|SunnyDay|[from] ability: Orichalcum Pulse|[of] p2a: Koraidon\n|-activate|p2a: Koraidon|Orichalcum Pulse|[source]\n|turn|44\n|\n|t:|1699668659\n|move|p1a: The first plane|Dragon Dance|p1a: The first plane\n|-boost|p1a: The first plane|atk|1\n|-boost|p1a: The first plane|spe|1\n|move|p2a: Koraidon|Dragon Claw|p1a: The first plane\n|-supereffective|p1a: The first plane\n|-end|p1a: The first plane|Substitute\n|\n|-weather|SunnyDay|[upkeep]\n|-heal|p1a: The first plane|48\/100|[from] item: Leftovers\n|upkeep\n|turn|45\n|\n|t:|1699668667\n|move|p1a: The first plane|Dragon Darts|p2a: Koraidon\n|-supereffective|p2a: Koraidon\n|-damage|p2a: Koraidon|26\/100\n|-anim|p1a: The first plane|Dragon Darts|p2a: Koraidon\n|-supereffective|p2a: Koraidon\n|-damage|p2a: Koraidon|0 fnt\n|faint|p2a: Koraidon\n|\n|win|Mimikyutale\n|l|\u2606noahshotgf\n","uploadtime":1699668686,"views":5,"p1id":"mimikyutale","p2id":"noahshotgf","formatid":"gen9anythinggoes","rating":0,"private":0,"password":""}