{"id":"gen9anythinggoes-1978668071","p1":"obese chips eater","p2":"Nahuel_Zepol","format":"[Gen 9] Anything Goes","log":"|j|\u2606obese chips eater\n|j|\u2606Nahuel_Zepol\n|t:|1698578172\n|gametype|singles\n|player|p1|obese chips eater|erika|1000\n|player|p2|Nahuel_Zepol|silver|1000\n|teamsize|p1|6\n|teamsize|p2|6\n|gen|9\n|tier|[Gen 9] Anything Goes\n|rated|\n|rule|HP Percentage Mod: HP is shown in percentages\n|rule|Endless Battle Clause: Forcing endless battles is banned\n|clearpoke\n|poke|p1|Mimikyu, M|\n|poke|p1|Florges-Blue, F|\n|poke|p1|Roaring Moon|\n|poke|p1|Hatterene, F|\n|poke|p1|Calyrex-Ice|\n|poke|p1|Rotom-Wash|\n|poke|p2|Heracross, M|\n|poke|p2|Urshifu-*, M|\n|poke|p2|Milotic, F|\n|poke|p2|Volcanion|\n|poke|p2|Rillaboom, M|\n|poke|p2|Gengar, M|\n|teampreview\n|\n|t:|1698578190\n|start\n|switch|p1a: Calyrex|Calyrex-Ice|100\/100\n|switch|p2a: Volcanion|Volcanion|100\/100\n|-ability|p1a: Calyrex|As One\n|-ability|p1a: Calyrex|Unnerve\n|turn|1\n|\n|t:|1698578221\n|switch|p1a: Mimikyu|Mimikyu, M|100\/100\n|move|p2a: Volcanion|Heat Wave|p1a: Mimikyu\n|-activate|p1a: Mimikyu|ability: Disguise\n|-damage|p1a: Mimikyu|100\/100\n|detailschange|p1a: Mimikyu|Mimikyu-Busted, M\n|-damage|p1a: Mimikyu|88\/100|[from] pokemon: Mimikyu-Busted\n|\n|upkeep\n|turn|2\n|\n|t:|1698578252\n|move|p1a: Mimikyu|Drain Punch|p2a: Volcanion\n|-damage|p2a: Volcanion|74\/100\n|-heal|p1a: Mimikyu|100\/100|[from] drain|[of] p2a: Volcanion\n|-damage|p1a: Mimikyu|91\/100|[from] item: Life Orb\n|move|p2a: Volcanion|Flamethrower|p1a: Mimikyu\n|-damage|p1a: Mimikyu|41\/100\n|-status|p1a: Mimikyu|brn\n|\n|-damage|p1a: Mimikyu|35\/100 brn|[from] brn\n|upkeep\n|turn|3\n|\n|t:|1698578276\n|move|p1a: Mimikyu|Drain Punch|p2a: Volcanion\n|-damage|p2a: Volcanion|62\/100\n|-heal|p1a: Mimikyu|43\/100 brn|[from] drain|[of] p2a: Volcanion\n|-damage|p1a: Mimikyu|33\/100 brn|[from] item: Life Orb\n|move|p2a: Volcanion|Flamethrower|p1a: Mimikyu\n|-damage|p1a: Mimikyu|0 fnt\n|faint|p1a: Mimikyu\n|\n|upkeep\n|\n|t:|1698578288\n|switch|p1a: Roaring Moon|Roaring Moon|100\/100\n|turn|4\n|inactive|Battle timer is ON: inactive players will automatically lose when time's up. (requested by obese chips eater)\n|\n|t:|1698578315\n|move|p1a: Roaring Moon|Earthquake|p2a: Volcanion\n|-supereffective|p2a: Volcanion\n|-damage|p2a: Volcanion|4\/100\n|move|p2a: Volcanion|Sludge Bomb|p1a: Roaring Moon\n|-damage|p1a: Roaring Moon|75\/100\n|-status|p1a: Roaring Moon|psn\n|\n|-damage|p1a: Roaring Moon|63\/100 psn|[from] psn\n|upkeep\n|turn|5\n|inactive|Nahuel_Zepol has 120 seconds left.\n|\n|t:|1698578353\n|switch|p2a: Urshifu|Urshifu-Rapid-Strike, M|100\/100\n|move|p1a: Roaring Moon|Earthquake|p2a: Urshifu\n|-damage|p2a: Urshifu|69\/100\n|\n|-damage|p1a: Roaring Moon|51\/100 psn|[from] psn\n|upkeep\n|turn|6\n|inactive|Nahuel_Zepol has 120 seconds left.\n|\n|t:|1698578378\n|-terastallize|p1a: Roaring Moon|Dragon\n|-terastallize|p2a: Urshifu|Fighting\n|move|p1a: Roaring Moon|Dragon Claw|p2a: Urshifu\n|-damage|p2a: Urshifu|16\/100\n|move|p2a: Urshifu|Close Combat|p1a: Roaring Moon\n|-damage|p1a: Roaring Moon|0 fnt\n|-unboost|p2a: Urshifu|def|1\n|-unboost|p2a: Urshifu|spd|1\n|faint|p1a: Roaring Moon\n|-end|p1a: Roaring Moon|Protosynthesis|[silent]\n|\n|upkeep\n|\n|t:|1698578392\n|switch|p1a: Rotom|Rotom-Wash|100\/100\n|turn|7\n|inactive|Nahuel_Zepol has 120 seconds left.\n|\n|t:|1698578410\n|switch|p1a: Florges|Florges-Blue, F, shiny|100\/100\n|move|p2a: Urshifu|Close Combat|p1a: Florges\n|-resisted|p1a: Florges\n|-damage|p1a: Florges|49\/100\n|-unboost|p2a: Urshifu|def|1\n|-unboost|p2a: Urshifu|spd|1\n|\n|upkeep\n|turn|8\n|\n|t:|1698578435\n|move|p2a: Urshifu|Zen Headbutt|p1a: Florges\n|-damage|p1a: Florges|12\/100\n|cant|p1a: Florges|flinch\n|\n|upkeep\n|turn|9\n|\n|t:|1698578441\n|move|p2a: Urshifu|Zen Headbutt|p1a: Florges\n|-damage|p1a: Florges|0 fnt\n|faint|p1a: Florges\n|\n|upkeep\n|\n|t:|1698578449\n|switch|p1a: Hatterene|Hatterene, F|100\/100\n|turn|10\n|\n|t:|1698578464\n|move|p2a: Urshifu|Rock Slide|p1a: Hatterene\n|-damage|p1a: Hatterene|74\/100\n|move|p1a: Hatterene|Trick Room|p1a: Hatterene\n|-fieldstart|move: Trick Room|[of] p1a: Hatterene\n|\n|upkeep\n|turn|11\n|\n|t:|1698578474\n|move|p1a: Hatterene|Psychic|p2a: Urshifu\n|-supereffective|p2a: Urshifu\n|-damage|p2a: Urshifu|0 fnt\n|faint|p2a: Urshifu\n|\n|upkeep\n|\n|t:|1698578485\n|switch|p2a: Heracross|Heracross, M|100\/100\n|turn|12\n|\n|t:|1698578506\n|move|p1a: Hatterene|Psychic|p2a: Heracross\n|-supereffective|p2a: Heracross\n|-damage|p2a: Heracross|9\/100\n|move|p2a: Heracross|Pin Missile|p1a: Hatterene\n|-damage|p1a: Hatterene|59\/100\n|-damage|p1a: Hatterene|43\/100\n|-hitcount|p1a: Hatterene|2\n|\n|upkeep\n|turn|13\n|\n|t:|1698578520\n|switch|p2a: Gengar|Gengar, M|100\/100\n|move|p1a: Hatterene|Psychic|p2a: Gengar\n|-supereffective|p2a: Gengar\n|-damage|p2a: Gengar|0 fnt\n|faint|p2a: Gengar\n|\n|upkeep\n|\n|t:|1698578533\n|switch|p2a: Milotic|Milotic, F|100\/100\n|turn|14\n|\n|t:|1698578546\n|move|p2a: Milotic|Dragon Pulse|p1a: Hatterene\n|-immune|p1a: Hatterene\n|move|p1a: Hatterene|Trick Room|p1a: Hatterene\n|-fieldend|move: Trick Room\n|\n|upkeep\n|turn|15\n|\n|t:|1698578555\n|move|p2a: Milotic|Hydro Pump|p1a: Hatterene|[miss]\n|-miss|p2a: Milotic|p1a: Hatterene\n|move|p1a: Hatterene|Trick Room|p1a: Hatterene\n|-fieldstart|move: Trick Room|[of] p1a: Hatterene\n|\n|upkeep\n|turn|16\n|\n|t:|1698578563\n|move|p1a: Hatterene|Psychic|p2a: Milotic\n|-damage|p2a: Milotic|68\/100\n|move|p2a: Milotic|Hydro Pump|p1a: Hatterene\n|-damage|p1a: Hatterene|1\/100\n|\n|upkeep\n|turn|17\n|inactive|Nahuel_Zepol has 120 seconds left.\n|\n|t:|1698578571\n|move|p1a: Hatterene|Psychic|p2a: Milotic\n|-damage|p2a: Milotic|36\/100\n|move|p2a: Milotic|Blizzard|p1a: Hatterene\n|-damage|p1a: Hatterene|0 fnt\n|faint|p1a: Hatterene\n|\n|upkeep\n|\n|t:|1698578577\n|switch|p1a: Rotom|Rotom-Wash|100\/100\n|turn|18\n|\n|t:|1698578589\n|move|p2a: Milotic|Hypnosis|p1a: Rotom\n|-status|p1a: Rotom|slp|[from] move: Hypnosis\n|cant|p1a: Rotom|slp\n|\n|upkeep\n|turn|19\n|\n|t:|1698578601\n|move|p2a: Milotic|Dragon Pulse|p1a: Rotom\n|-damage|p1a: Rotom|73\/100 slp\n|-curestatus|p1a: Rotom|slp|[msg]\n|move|p1a: Rotom|Trick|p2a: Milotic\n|-activate|p1a: Rotom|move: Trick|[of] p2a: Milotic\n|-item|p2a: Milotic|Choice Scarf|[from] move: Trick\n|-item|p1a: Rotom|Zoom Lens|[from] move: Trick\n|\n|-fieldend|move: Trick Room\n|upkeep\n|turn|20\n|\n|t:|1698578616\n|move|p2a: Milotic|Dragon Pulse|p1a: Rotom\n|-damage|p1a: Rotom|47\/100\n|move|p1a: Rotom|Thunderbolt|p2a: Milotic\n|-supereffective|p2a: Milotic\n|-damage|p2a: Milotic|0 fnt\n|faint|p2a: Milotic\n|\n|upkeep\n|\n|t:|1698578626\n|switch|p2a: Rillaboom|Rillaboom, M|100\/100\n|turn|21\n|\n|t:|1698578646\n|move|p1a: Rotom|Thunderbolt|p2a: Rillaboom\n|-resisted|p2a: Rillaboom\n|-damage|p2a: Rillaboom|76\/100\n|move|p2a: Rillaboom|Giga Drain|p1a: Rotom\n|-supereffective|p1a: Rotom\n|-damage|p1a: Rotom|0 fnt\n|-heal|p2a: Rillaboom|91\/100|[from] drain|[of] p1a: Rotom\n|faint|p1a: Rotom\n|\n|upkeep\n|\n|t:|1698578648\n|switch|p1a: Calyrex|Calyrex-Ice|100\/100\n|-ability|p1a: Calyrex|As One\n|-ability|p1a: Calyrex|Unnerve\n|turn|22\n|\n|t:|1698578671\n|move|p2a: Rillaboom|Drain Punch|p1a: Calyrex\n|-damage|p1a: Calyrex|85\/100\n|-heal|p2a: Rillaboom|99\/100|[from] drain|[of] p1a: Calyrex\n|move|p1a: Calyrex|Close Combat|p2a: Rillaboom\n|-damage|p2a: Rillaboom|51\/100\n|-unboost|p1a: Calyrex|def|1\n|-unboost|p1a: Calyrex|spd|1\n|\n|-heal|p1a: Calyrex|91\/100|[from] item: Leftovers\n|upkeep\n|turn|23\n|inactive|Nahuel_Zepol has 120 seconds left.\n|\n|t:|1698578688\n|move|p2a: Rillaboom|Giga Drain|p1a: Calyrex\n|-damage|p1a: Calyrex|70\/100\n|-heal|p2a: Rillaboom|61\/100|[from] drain|[of] p1a: Calyrex\n|move|p1a: Calyrex|Glacial Lance|p2a: Rillaboom\n|-supereffective|p2a: Rillaboom\n|-damage|p2a: Rillaboom|0 fnt\n|faint|p2a: Rillaboom\n|-ability|p1a: Calyrex|Chilling Neigh|boost\n|-boost|p1a: Calyrex|atk|1\n|\n|-heal|p1a: Calyrex|76\/100|[from] item: Leftovers\n|upkeep\n|inactive|Nahuel_Zepol has 120 seconds left.\n|\n|t:|1698578705\n|switch|p2a: Heracross|Heracross, M|9\/100\n|turn|24\n|\n|t:|1698578716\n|move|p2a: Heracross|High Horsepower|p1a: Calyrex\n|-damage|p1a: Calyrex|47\/100\n|move|p1a: Calyrex|Glacial Lance|p2a: Heracross\n|-damage|p2a: Heracross|0 fnt\n|faint|p2a: Heracross\n|-ability|p1a: Calyrex|Chilling Neigh|boost\n|-boost|p1a: Calyrex|atk|1\n|\n|-heal|p1a: Calyrex|53\/100|[from] item: Leftovers\n|upkeep\n|\n|t:|1698578726\n|switch|p2a: Volcanion|Volcanion|4\/100\n|turn|25\n|\n|t:|1698578732\n|move|p2a: Volcanion|Flamethrower|p1a: Calyrex\n|-supereffective|p1a: Calyrex\n|-damage|p1a: Calyrex|0 fnt\n|faint|p1a: Calyrex\n|\n|win|Nahuel_Zepol\n|raw|obese chips eater's rating: 1000 &rarr; <strong>1000<\/strong><br \/>(+0 for losing)\n|raw|Nahuel_Zepol's rating: 1000 &rarr; <strong>1040<\/strong><br \/>(+40 for winning)\n|l|\u2606obese chips eater\n","uploadtime":1698578752,"views":13,"p1id":"obesechipseater","p2id":"nahuelzepol","formatid":"gen9anythinggoes","rating":1000,"private":0,"password":""}