{"id":"gen9anythinggoes-1979026167","p1":"ArcherAlex","p2":"LingLing007","format":"[Gen 9] Anything Goes","log":"|j|\u2606ArcherAlex\n|j|\u2606LingLing007\n|t:|1698622760\n|gametype|singles\n|player|p1|ArcherAlex|pokemonbreeder-gen4|1461\n|player|p2|LingLing007|hilbert-masters2|1442\n|teamsize|p1|6\n|teamsize|p2|6\n|gen|9\n|tier|[Gen 9] Anything Goes\n|rated|\n|rule|HP Percentage Mod: HP is shown in percentages\n|rule|Endless Battle Clause: Forcing endless battles is banned\n|clearpoke\n|poke|p1|Spidops, M|\n|poke|p1|Houndstone, M|\n|poke|p1|Meowscarada, F|\n|poke|p1|Great Tusk|\n|poke|p1|Kommo-o, M|\n|poke|p1|Farigiraf, F|\n|poke|p2|Roaring Moon|\n|poke|p2|Toxapex, F|\n|poke|p2|Zoroark-Hisui, M|\n|poke|p2|Polteageist-Antique|\n|poke|p2|Great Tusk|\n|poke|p2|Ninetales-Alola, F|\n|teampreview\n|\n|t:|1698622777\n|start\n|switch|p1a: Farigiraf|Farigiraf, F|100\/100\n|switch|p2a: Ninetales|Ninetales-Alola, F, shiny|100\/100\n|-weather|Snow|[from] ability: Snow Warning|[of] p2a: Ninetales\n|turn|1\n|inactive|Battle timer is ON: inactive players will automatically lose when time's up. (requested by LingLing007)\n|\n|t:|1698622784\n|move|p2a: Ninetales|Aurora Veil|p2a: Ninetales\n|-sidestart|p2: LingLing007|move: Aurora Veil\n|move|p1a: Farigiraf|Agility|p1a: Farigiraf\n|-boost|p1a: Farigiraf|spe|2\n|\n|-weather|Snow|[upkeep]\n|upkeep\n|turn|2\n|\n|t:|1698622789\n|move|p1a: Farigiraf|Nasty Plot|p1a: Farigiraf\n|-boost|p1a: Farigiraf|spa|2\n|move|p2a: Ninetales|Encore|p1a: Farigiraf\n|-start|p1a: Farigiraf|Encore\n|\n|-weather|Snow|[upkeep]\n|upkeep\n|turn|3\n|\n|t:|1698622797\n|switch|p1a: Spidops|Spidops, M|100\/100\n|switch|p2a: Roaring Moon|Roaring Moon|100\/100\n|-enditem|p2a: Roaring Moon|Booster Energy\n|-activate|p2a: Roaring Moon|ability: Protosynthesis|[fromitem]\n|-start|p2a: Roaring Moon|protosynthesisspe\n|\n|-weather|Snow|[upkeep]\n|upkeep\n|turn|4\n|\n|t:|1698622803\n|-terastallize|p2a: Roaring Moon|Flying\n|move|p2a: Roaring Moon|Dragon Dance|p2a: Roaring Moon\n|-boost|p2a: Roaring Moon|atk|1\n|-boost|p2a: Roaring Moon|spe|1\n|move|p1a: Spidops|Lunge|p2a: Roaring Moon\n|-resisted|p2a: Roaring Moon\n|-damage|p2a: Roaring Moon|91\/100\n|-unboost|p2a: Roaring Moon|atk|1\n|\n|-weather|Snow|[upkeep]\n|upkeep\n|turn|5\n|\n|t:|1698622809\n|move|p2a: Roaring Moon|Acrobatics|p1a: Spidops\n|-supereffective|p1a: Spidops\n|-enditem|p1a: Spidops|Focus Sash\n|-damage|p1a: Spidops|1\/100\n|move|p1a: Spidops|Lunge|p2a: Roaring Moon\n|-resisted|p2a: Roaring Moon\n|-damage|p2a: Roaring Moon|81\/100\n|-unboost|p2a: Roaring Moon|atk|1\n|\n|-weather|none\n|upkeep\n|turn|6\n|\n|t:|1698622820\n|move|p2a: Roaring Moon|Knock Off|p1a: Spidops\n|-damage|p1a: Spidops|0 fnt\n|faint|p1a: Spidops\n|\n|upkeep\n|\n|t:|1698622837\n|switch|p1a: Houndstone|Houndstone, M|100\/100\n|turn|7\n|inactive|ArcherAlex has 120 seconds left.\n|\n|t:|1698622866\n|-end|p2a: Roaring Moon|Protosynthesis|[silent]\n|switch|p2a: Toxapex|Toxapex, F|100\/100\n|-terastallize|p1a: Houndstone|Normal\n|move|p1a: Houndstone|Last Respects|p2a: Toxapex\n|-damage|p2a: Toxapex|83\/100\n|\n|upkeep\n|turn|8\n|\n|t:|1698622872\n|switch|p1a: Farigiraf|Farigiraf, F|100\/100\n|move|p2a: Toxapex|Toxic|p1a: Farigiraf\n|-status|p1a: Farigiraf|tox\n|\n|-damage|p1a: Farigiraf|94\/100 tox|[from] psn\n|-sideend|p2: LingLing007|move: Aurora Veil\n|upkeep\n|turn|9\n|\n|t:|1698622877\n|move|p1a: Farigiraf|Agility|p1a: Farigiraf\n|-boost|p1a: Farigiraf|spe|2\n|move|p2a: Toxapex|Liquidation|p1a: Farigiraf\n|-crit|p1a: Farigiraf\n|-damage|p1a: Farigiraf|55\/100 tox\n|-unboost|p1a: Farigiraf|def|1\n|\n|-damage|p1a: Farigiraf|43\/100 tox|[from] psn\n|upkeep\n|turn|10\n|\n|t:|1698622883\n|move|p1a: Farigiraf|Stored Power|p2a: Toxapex\n|-supereffective|p2a: Toxapex\n|-damage|p2a: Toxapex|46\/100\n|move|p2a: Toxapex|Haze|p2a: Toxapex\n|-clearallboost\n|\n|-damage|p1a: Farigiraf|25\/100 tox|[from] psn\n|upkeep\n|-enditem|p1a: Farigiraf|Aguav Berry|[eat]\n|-heal|p1a: Farigiraf|58\/100 tox|[from] item: Aguav Berry\n|turn|11\n|\n|t:|1698622890\n|move|p1a: Farigiraf|Nasty Plot|p1a: Farigiraf\n|-boost|p1a: Farigiraf|spa|2\n|move|p2a: Toxapex|Recover|p2a: Toxapex\n|-heal|p2a: Toxapex|96\/100\n|\n|-damage|p1a: Farigiraf|34\/100 tox|[from] psn\n|upkeep\n|turn|12\n|\n|t:|1698622899\n|move|p1a: Farigiraf|Stored Power|p2a: Toxapex\n|-supereffective|p2a: Toxapex\n|-damage|p2a: Toxapex|18\/100\n|move|p2a: Toxapex|Haze|p2a: Toxapex\n|-clearallboost\n|\n|-damage|p1a: Farigiraf|4\/100 tox|[from] psn\n|upkeep\n|turn|13\n|\n|t:|1698622907\n|switch|p2a: Ninetales|Ninetales-Alola, F, shiny|100\/100\n|-weather|Snow|[from] ability: Snow Warning|[of] p2a: Ninetales\n|move|p1a: Farigiraf|Stored Power|p2a: Ninetales\n|-damage|p2a: Ninetales|91\/100\n|\n|-weather|Snow|[upkeep]\n|-damage|p1a: Farigiraf|0 fnt|[from] psn\n|faint|p1a: Farigiraf\n|upkeep\n|\n|t:|1698622918\n|switch|p1a: Houndstone|Houndstone, M, tera:Normal|100\/100\n|turn|14\n|\n|t:|1698622925\n|move|p2a: Ninetales|Aurora Veil|p2a: Ninetales\n|-sidestart|p2: LingLing007|move: Aurora Veil\n|move|p1a: Houndstone|Last Respects|p2a: Ninetales\n|-damage|p2a: Ninetales|63\/100\n|\n|-weather|Snow|[upkeep]\n|upkeep\n|turn|15\n|\n|t:|1698622938\n|switch|p1a: Kommo-o|Kommo-o, M|100\/100\n|move|p2a: Ninetales|Encore||[still]\n|-fail|p2a: Ninetales\n|\n|-weather|Snow|[upkeep]\n|upkeep\n|turn|16\n|\n|t:|1698622953\n|move|p2a: Ninetales|Moonblast|p1a: Kommo-o\n|-supereffective|p1a: Kommo-o\n|-damage|p1a: Kommo-o|0 fnt\n|faint|p1a: Kommo-o\n|\n|-weather|Snow|[upkeep]\n|upkeep\n|\n|t:|1698622962\n|switch|p1a: Meowscarada|Meowscarada, F|100\/100\n|turn|17\n|\n|t:|1698622972\n|move|p2a: Ninetales|Ice Shard|p1a: Meowscarada\n|-supereffective|p1a: Meowscarada\n|-damage|p1a: Meowscarada|73\/100\n|move|p1a: Meowscarada|Play Rough|p2a: Ninetales\n|-start|p1a: Meowscarada|typechange|Fairy|[from] ability: Protean\n|-damage|p2a: Ninetales|39\/100\n|-unboost|p2a: Ninetales|atk|1\n|-damage|p1a: Meowscarada|63\/100|[from] item: Life Orb\n|\n|-weather|none\n|upkeep\n|turn|18\n|\n|t:|1698622981\n|switch|p2a: Toxapex|Toxapex, F|51\/100\n|move|p1a: Meowscarada|Flower Trick|p2a: Toxapex\n|-crit|p2a: Toxapex\n|-damage|p2a: Toxapex|17\/100\n|-damage|p1a: Meowscarada|53\/100|[from] item: Life Orb\n|\n|upkeep\n|turn|19\n|\n|t:|1698622990\n|move|p1a: Meowscarada|Flower Trick|p2a: Toxapex\n|-crit|p2a: Toxapex\n|-damage|p2a: Toxapex|0 fnt\n|faint|p2a: Toxapex\n|-damage|p1a: Meowscarada|44\/100|[from] item: Life Orb\n|\n|upkeep\n|\n|t:|1698623007\n|switch|p2a: Great Tusk|Great Tusk|100\/100\n|turn|20\n|\n|t:|1698623015\n|move|p1a: Meowscarada|Flower Trick|p2a: Great Tusk\n|-supereffective|p2a: Great Tusk\n|-crit|p2a: Great Tusk\n|-damage|p2a: Great Tusk|45\/100\n|-damage|p1a: Meowscarada|34\/100|[from] item: Life Orb\n|move|p2a: Great Tusk|Rapid Spin|p1a: Meowscarada\n|-damage|p1a: Meowscarada|9\/100\n|-boost|p2a: Great Tusk|spe|1\n|\n|upkeep\n|turn|21\n|\n|t:|1698623024\n|move|p1a: Meowscarada|Sucker Punch|p2a: Great Tusk\n|-resisted|p2a: Great Tusk\n|-damage|p2a: Great Tusk|41\/100\n|-damage|p1a: Meowscarada|0 fnt|[from] item: Life Orb\n|faint|p1a: Meowscarada\n|move|p2a: Great Tusk|Knock Off|p1: Meowscarada|[notarget]\n|-fail|p2a: Great Tusk\n|\n|-sideend|p2: LingLing007|move: Aurora Veil\n|upkeep\n|\n|t:|1698623031\n|switch|p1a: Great Tusk|Great Tusk|100\/100\n|-enditem|p1a: Great Tusk|Booster Energy\n|-activate|p1a: Great Tusk|ability: Protosynthesis|[fromitem]\n|-start|p1a: Great Tusk|protosynthesisatk\n|turn|22\n|\n|t:|1698623040\n|move|p2a: Great Tusk|Earthquake|p1a: Great Tusk\n|-damage|p1a: Great Tusk|71\/100\n|move|p1a: Great Tusk|Close Combat|p2a: Great Tusk\n|-damage|p2a: Great Tusk|0 fnt\n|-unboost|p1a: Great Tusk|def|1\n|-unboost|p1a: Great Tusk|spd|1\n|faint|p2a: Great Tusk\n|-end|p2a: Great Tusk|Protosynthesis|[silent]\n|\n|upkeep\n|\n|t:|1698623046\n|switch|p2a: Polteageist|Polteageist-Antique|100\/100\n|turn|23\n|\n|t:|1698623049\n|move|p1a: Great Tusk|Knock Off|p2a: Polteageist\n|-supereffective|p2a: Polteageist\n|-enditem|p2a: Polteageist|Focus Sash\n|-damage|p2a: Polteageist|1\/100\n|move|p2a: Polteageist|Shell Smash|p2a: Polteageist\n|-unboost|p2a: Polteageist|def|1\n|-unboost|p2a: Polteageist|spd|1\n|-boost|p2a: Polteageist|atk|2\n|-boost|p2a: Polteageist|spa|2\n|-boost|p2a: Polteageist|spe|2\n|\n|upkeep\n|turn|24\n|\n|t:|1698623056\n|move|p2a: Polteageist|Giga Drain|p1a: Great Tusk\n|-supereffective|p1a: Great Tusk\n|-damage|p1a: Great Tusk|0 fnt\n|-heal|p2a: Polteageist|51\/100|[from] drain|[of] p1a: Great Tusk\n|faint|p1a: Great Tusk\n|-end|p1a: Great Tusk|Protosynthesis|[silent]\n|\n|upkeep\n|\n|t:|1698623059\n|switch|p1a: Houndstone|Houndstone, M, tera:Normal|100\/100\n|turn|25\n|\n|t:|1698623065\n|move|p1a: Houndstone|Shadow Sneak|p2a: Polteageist\n|-supereffective|p2a: Polteageist\n|-damage|p2a: Polteageist|0 fnt\n|faint|p2a: Polteageist\n|\n|upkeep\n|\n|t:|1698623073\n|switch|p2a: Ninetales|Ninetales-Alola, F, shiny|100\/100\n|turn|26\n|\n|t:|1698623080\n|move|p2a: Ninetales|Nasty Plot|p2a: Ninetales\n|-boost|p2a: Ninetales|spa|2\n|move|p1a: Houndstone|Play Rough|p2a: Ninetales\n|-damage|p2a: Ninetales|45\/100\n|replace|p2a: Zoroark|Zoroark-Hisui, M, shiny\n|-end|p2a: Zoroark|Illusion\n|\n|upkeep\n|turn|27\n|\n|t:|1698623088\n|move|p2a: Zoroark|Hyper Voice|p1a: Houndstone\n|-damage|p1a: Houndstone|40\/100\n|move|p1a: Houndstone|Play Rough|p2a: Zoroark\n|-damage|p2a: Zoroark|0 fnt\n|faint|p2a: Zoroark\n|\n|upkeep\n|\n|t:|1698623095\n|switch|p2a: Roaring Moon|Roaring Moon, tera:Flying|81\/100\n|turn|28\n|\n|t:|1698623099\n|move|p2a: Roaring Moon|Knock Off|p1a: Houndstone\n|-damage|p1a: Houndstone|13\/100\n|-enditem|p1a: Houndstone|Assault Vest|[from] move: Knock Off|[of] p2a: Roaring Moon\n|move|p1a: Houndstone|Last Respects|p2a: Roaring Moon\n|-damage|p2a: Roaring Moon|0 fnt\n|faint|p2a: Roaring Moon\n|-end|p2a: Roaring Moon|Protosynthesis|[silent]\n|\n|upkeep\n|\n|t:|1698623104\n|switch|p2a: Ninetales|Ninetales-Alola, F, shiny|39\/100\n|-weather|Snow|[from] ability: Snow Warning|[of] p2a: Ninetales\n|turn|29\n|\n|t:|1698623110\n|move|p1a: Houndstone|Shadow Sneak|p2a: Ninetales\n|-damage|p2a: Ninetales|23\/100\n|move|p2a: Ninetales|Moonblast|p1a: Houndstone\n|-damage|p1a: Houndstone|0 fnt\n|faint|p1a: Houndstone\n|\n|win|LingLing007\n|raw|ArcherAlex's rating: 1461 &rarr; <strong>1440<\/strong><br \/>(-21 for losing)\n|raw|LingLing007's rating: 1442 &rarr; <strong>1463<\/strong><br \/>(+21 for winning)\n|c|\u2606LingLing007|gg\n|c|\u2606ArcherAlex|gg\n|l|\u2606ArcherAlex\n","uploadtime":1698623179,"views":9,"p1id":"archeralex","p2id":"lingling007","formatid":"gen9anythinggoes","rating":1440,"private":0,"password":""}