{"id":"gen9anythinggoes-1989369599","p1":"Yugen_0513","p2":"MythiCain","format":"[Gen 9] Anything Goes","log":"|j|\u2606Yugen_0513\n|j|\u2606MythiCain\n|t:|1699841721\n|gametype|singles\n|player|p1|Yugen_0513|burglar|\n|player|p2|MythiCain|102|\n|teamsize|p1|6\n|teamsize|p2|6\n|gen|9\n|tier|[Gen 9] Anything Goes\n|rule|HP Percentage Mod: HP is shown in percentages\n|rule|Endless Battle Clause: Forcing endless battles is banned\n|clearpoke\n|poke|p1|Weezing-Galar, M|\n|poke|p1|Ogerpon-Cornerstone, F|\n|poke|p1|Spectrier|\n|poke|p1|Piloswine, F|\n|poke|p1|Slowking, M|\n|poke|p1|Murkrow, M|\n|poke|p2|Garchomp, F|\n|poke|p2|Milotic, F|\n|poke|p2|Urshifu-*, F|\n|poke|p2|Landorus, M|\n|poke|p2|Regieleki|\n|poke|p2|Umbreon, F|\n|teampreview\n|\n|t:|1699841742\n|start\n|switch|p1a: DA GODFATHA|Weezing-Galar, M|100\/100\n|switch|p2a: Garchomp|Garchomp, F|100\/100\n|turn|1\n|\n|t:|1699841746\n|move|p2a: Garchomp|Stealth Rock|p1a: DA GODFATHA\n|-sidestart|p1: Yugen_0513|move: Stealth Rock\n|move|p1a: DA GODFATHA|Toxic Spikes|p2a: Garchomp\n|-sidestart|p2: MythiCain|move: Toxic Spikes\n|\n|upkeep\n|turn|2\n|\n|t:|1699841763\n|switch|p2a: Landorus|Landorus, M|100\/100\n|move|p1a: DA GODFATHA|Toxic Spikes|p2a: Landorus\n|-sidestart|p2: MythiCain|move: Toxic Spikes\n|\n|upkeep\n|turn|3\n|\n|t:|1699841769\n|move|p2a: Landorus|Nasty Plot|p2a: Landorus\n|-boost|p2a: Landorus|spa|2\n|move|p1a: DA GODFATHA|Will-O-Wisp|p2a: Landorus\n|-status|p2a: Landorus|brn\n|\n|-damage|p2a: Landorus|95\/100 brn|[from] brn\n|upkeep\n|turn|4\n|\n|t:|1699841800\n|switch|p1a: CHIEF|Murkrow, M|100\/100\n|-damage|p1a: CHIEF|76\/100|[from] Stealth Rock\n|move|p2a: Landorus|Earth Power|p1a: CHIEF\n|-immune|p1a: CHIEF\n|\n|-damage|p2a: Landorus|89\/100 brn|[from] brn\n|upkeep\n|turn|5\n|\n|t:|1699841811\n|move|p1a: CHIEF|Haze|p1a: CHIEF\n|-clearallboost\n|move|p2a: Landorus|Focus Blast|p1a: CHIEF\n|-damage|p1a: CHIEF|43\/100\n|\n|-damage|p2a: Landorus|83\/100 brn|[from] brn\n|upkeep\n|turn|6\n|\n|t:|1699841820\n|switch|p1a: BIG BOSS|Slowking, M|100\/100\n|-damage|p1a: BIG BOSS|88\/100|[from] Stealth Rock\n|move|p2a: Landorus|Nasty Plot|p2a: Landorus\n|-boost|p2a: Landorus|spa|2\n|\n|-damage|p2a: Landorus|77\/100 brn|[from] brn\n|upkeep\n|turn|7\n|\n|t:|1699841831\n|move|p2a: Landorus|Earth Power|p1a: BIG BOSS\n|-crit|p1a: BIG BOSS\n|-damage|p1a: BIG BOSS|0 fnt\n|faint|p1a: BIG BOSS\n|\n|-damage|p2a: Landorus|71\/100 brn|[from] brn\n|upkeep\n|\n|t:|1699841843\n|switch|p1a: CAPO|Spectrier|100\/100\n|-damage|p1a: CAPO|88\/100|[from] Stealth Rock\n|turn|8\n|\n|t:|1699841883\n|switch|p2a: Umbreon|Umbreon, F|100\/100\n|-status|p2a: Umbreon|tox\n|move|p1a: CAPO|Hex|p2a: Umbreon\n|-resisted|p2a: Umbreon\n|-damage|p2a: Umbreon|85\/100 tox\n|\n|-heal|p1a: CAPO|94\/100|[from] item: Leftovers\n|-heal|p2a: Umbreon|91\/100 tox|[from] item: Leftovers\n|-damage|p2a: Umbreon|85\/100 tox|[from] psn\n|upkeep\n|turn|9\n|\n|t:|1699841900\n|move|p1a: CAPO|Taunt|p2a: Umbreon\n|-start|p2a: Umbreon|move: Taunt\n|cant|p2a: Umbreon|move: Taunt|Yawn\n|\n|-heal|p1a: CAPO|100\/100|[from] item: Leftovers\n|-heal|p2a: Umbreon|91\/100 tox|[from] item: Leftovers\n|-damage|p2a: Umbreon|78\/100 tox|[from] psn\n|upkeep\n|turn|10\n|\n|t:|1699841917\n|move|p1a: CAPO|Draining Kiss|p2a: Umbreon\n|-supereffective|p2a: Umbreon\n|-damage|p2a: Umbreon|62\/100 tox\n|move|p2a: Umbreon|Foul Play|p1a: CAPO\n|-supereffective|p1a: CAPO\n|-damage|p1a: CAPO|51\/100\n|\n|-heal|p1a: CAPO|57\/100|[from] item: Leftovers\n|-heal|p2a: Umbreon|68\/100 tox|[from] item: Leftovers\n|-damage|p2a: Umbreon|50\/100 tox|[from] psn\n|upkeep\n|turn|11\n|\n|t:|1699841933\n|switch|p2a: Garchomp|Garchomp, F|100\/100\n|-status|p2a: Garchomp|tox\n|move|p1a: CAPO|Draining Kiss|p2a: Garchomp\n|-supereffective|p2a: Garchomp\n|-crit|p2a: Garchomp\n|-damage|p2a: Garchomp|51\/100 tox\n|-heal|p1a: CAPO|96\/100|[from] drain|[of] p2a: Garchomp\n|-damage|p1a: CAPO|83\/100|[from] ability: Rough Skin|[of] p2a: Garchomp\n|-damage|p1a: CAPO|67\/100|[from] item: Rocky Helmet|[of] p2a: Garchomp\n|\n|-heal|p1a: CAPO|73\/100|[from] item: Leftovers\n|-damage|p2a: Garchomp|45\/100 tox|[from] psn\n|upkeep\n|turn|12\n|\n|t:|1699841946\n|move|p1a: CAPO|Hex|p2a: Garchomp\n|-damage|p2a: Garchomp|0 fnt\n|faint|p2a: Garchomp\n|-ability|p1a: CAPO|Grim Neigh|boost\n|-boost|p1a: CAPO|spa|1\n|\n|-heal|p1a: CAPO|79\/100|[from] item: Leftovers\n|upkeep\n|\n|t:|1699841960\n|switch|p2a: Umbreon|Umbreon, F|50\/100 tox\n|turn|13\n|\n|t:|1699841972\n|move|p1a: CAPO|Taunt|p2a: Umbreon\n|-start|p2a: Umbreon|move: Taunt\n|move|p2a: Umbreon|Foul Play|p1a: CAPO\n|-supereffective|p1a: CAPO\n|-damage|p1a: CAPO|25\/100\n|\n|-heal|p1a: CAPO|31\/100|[from] item: Leftovers\n|-heal|p2a: Umbreon|56\/100 tox|[from] item: Leftovers\n|-damage|p2a: Umbreon|50\/100 tox|[from] psn\n|upkeep\n|turn|14\n|\n|t:|1699842011\n|move|p1a: CAPO|Draining Kiss|p2a: Umbreon\n|-supereffective|p2a: Umbreon\n|-damage|p2a: Umbreon|24\/100 tox\n|-heal|p1a: CAPO|54\/100|[from] drain|[of] p2a: Umbreon\n|move|p2a: Umbreon|Foul Play|p1a: CAPO\n|-supereffective|p1a: CAPO\n|-damage|p1a: CAPO|1\/100\n|\n|-heal|p1a: CAPO|7\/100|[from] item: Leftovers\n|-heal|p2a: Umbreon|30\/100 tox|[from] item: Leftovers\n|-damage|p2a: Umbreon|18\/100 tox|[from] psn\n|upkeep\n|turn|15\n|\n|t:|1699842025\n|move|p1a: CAPO|Draining Kiss|p2a: Umbreon\n|-supereffective|p2a: Umbreon\n|-damage|p2a: Umbreon|0 fnt\n|-heal|p1a: CAPO|22\/100|[from] drain|[of] p2a: Umbreon\n|faint|p2a: Umbreon\n|-ability|p1a: CAPO|Grim Neigh|boost\n|-boost|p1a: CAPO|spa|1\n|\n|-heal|p1a: CAPO|28\/100|[from] item: Leftovers\n|upkeep\n|\n|t:|1699842034\n|switch|p2a: Regieleki|Regieleki|100\/100\n|-status|p2a: Regieleki|tox\n|turn|16\n|\n|t:|1699842044\n|switch|p1a: MAH ASSOCIATE|Piloswine, F|100\/100\n|-damage|p1a: MAH ASSOCIATE|88\/100|[from] Stealth Rock\n|move|p2a: Regieleki|Reflect|p2a: Regieleki\n|-sidestart|p2: MythiCain|Reflect\n|\n|-damage|p2a: Regieleki|94\/100 tox|[from] psn\n|upkeep\n|turn|17\n|\n|t:|1699842055\n|move|p2a: Regieleki|Rapid Spin|p1a: MAH ASSOCIATE\n|-damage|p1a: MAH ASSOCIATE|80\/100\n|-boost|p2a: Regieleki|spe|1\n|-sideend|p2: MythiCain|Toxic Spikes|[from] move: Rapid Spin|[of] p2a: Regieleki\n|move|p1a: MAH ASSOCIATE|Earthquake|p2a: Regieleki\n|-supereffective|p2a: Regieleki\n|-damage|p2a: Regieleki|14\/100 tox\n|\n|-damage|p2a: Regieleki|2\/100 tox|[from] psn\n|upkeep\n|turn|18\n|\n|t:|1699842064\n|move|p1a: MAH ASSOCIATE|Ice Shard|p2a: Regieleki\n|-damage|p2a: Regieleki|0 fnt\n|faint|p2a: Regieleki\n|\n|upkeep\n|\n|t:|1699842074\n|switch|p2a: Urshifu|Urshifu, F|100\/100\n|turn|19\n|\n|t:|1699842116\n|switch|p1a: CHIEF|Murkrow, M|43\/100\n|-damage|p1a: CHIEF|18\/100|[from] Stealth Rock\n|move|p2a: Urshifu|Close Combat|p1a: CHIEF\n|-damage|p1a: CHIEF|0 fnt\n|-unboost|p2a: Urshifu|def|1\n|-unboost|p2a: Urshifu|spd|1\n|faint|p1a: CHIEF\n|\n|upkeep\n|\n|t:|1699842124\n|switch|p1a: CAPO|Spectrier|28\/100\n|-damage|p1a: CAPO|15\/100|[from] Stealth Rock\n|turn|20\n|\n|t:|1699842132\n|switch|p2a: Landorus|Landorus, M|71\/100 brn\n|move|p1a: CAPO|Draining Kiss|p2a: Landorus\n|-damage|p2a: Landorus|51\/100 brn\n|-heal|p1a: CAPO|30\/100|[from] drain|[of] p2a: Landorus\n|\n|-heal|p1a: CAPO|36\/100|[from] item: Leftovers\n|-damage|p2a: Landorus|45\/100 brn|[from] brn\n|upkeep\n|turn|21\n|\n|t:|1699842147\n|move|p1a: CAPO|Hex|p2a: Landorus\n|-damage|p2a: Landorus|0 fnt\n|faint|p2a: Landorus\n|-ability|p1a: CAPO|Grim Neigh|boost\n|-boost|p1a: CAPO|spa|1\n|\n|-heal|p1a: CAPO|42\/100|[from] item: Leftovers\n|upkeep\n|\n|t:|1699842157\n|switch|p2a: Urshifu|Urshifu, F|100\/100\n|turn|22\n|\n|t:|1699842169\n|move|p2a: Urshifu|Sucker Punch||[still]\n|-fail|p2a: Urshifu\n|move|p1a: CAPO|Substitute|p1a: CAPO\n|-start|p1a: CAPO|Substitute\n|-damage|p1a: CAPO|17\/100\n|\n|-heal|p1a: CAPO|23\/100|[from] item: Leftovers\n|upkeep\n|turn|23\n|\n|t:|1699842177\n|switch|p2a: Milotic|Milotic, F|100\/100\n|move|p1a: CAPO|Draining Kiss|p2a: Milotic\n|-damage|p2a: Milotic|89\/100\n|-heal|p1a: CAPO|33\/100|[from] drain|[of] p2a: Milotic\n|\n|-heal|p1a: CAPO|40\/100|[from] item: Leftovers\n|-sideend|p2: MythiCain|Reflect\n|-status|p2a: Milotic|brn|[from] item: Flame Orb\n|upkeep\n|turn|24\n|\n|t:|1699842189\n|move|p1a: CAPO|Hex|p2a: Milotic\n|-damage|p2a: Milotic|37\/100 brn\n|move|p2a: Milotic|Scald|p1a: CAPO\n|-activate|p1a: CAPO|move: Substitute|[damage]\n|\n|-heal|p1a: CAPO|46\/100|[from] item: Leftovers\n|-damage|p2a: Milotic|31\/100 brn|[from] brn\n|upkeep\n|turn|25\n|\n|t:|1699842218\n|-terastallize|p2a: Milotic|Steel\n|move|p1a: CAPO|Taunt|p2a: Milotic\n|-start|p2a: Milotic|move: Taunt\n|move|p2a: Milotic|Scald|p1a: CAPO\n|-end|p1a: CAPO|Substitute\n|\n|-heal|p1a: CAPO|52\/100|[from] item: Leftovers\n|-damage|p2a: Milotic|25\/100 brn|[from] brn\n|upkeep\n|turn|26\n|\n|t:|1699842230\n|move|p1a: CAPO|Hex|p2a: Milotic\n|-damage|p2a: Milotic|0 fnt\n|faint|p2a: Milotic\n|-ability|p1a: CAPO|Grim Neigh|boost\n|-boost|p1a: CAPO|spa|1\n|\n|-heal|p1a: CAPO|58\/100|[from] item: Leftovers\n|upkeep\n|\n|t:|1699842236\n|switch|p2a: Urshifu|Urshifu, F|100\/100\n|turn|27\n|\n|t:|1699842238\n|move|p1a: CAPO|Substitute|p1a: CAPO\n|-start|p1a: CAPO|Substitute\n|-damage|p1a: CAPO|33\/100\n|move|p2a: Urshifu|Wicked Blow|p1a: CAPO\n|-supereffective|p1a: CAPO\n|-crit|p1a: CAPO\n|-end|p1a: CAPO|Substitute\n|\n|-heal|p1a: CAPO|39\/100|[from] item: Leftovers\n|upkeep\n|turn|28\n|\n|t:|1699842246\n|move|p1a: CAPO|Draining Kiss|p2a: Urshifu\n|-supereffective|p2a: Urshifu\n|-damage|p2a: Urshifu|0 fnt\n|-heal|p1a: CAPO|100\/100|[from] drain|[of] p2a: Urshifu\n|faint|p2a: Urshifu\n|\n|win|Yugen_0513\n|l|\u2606MythiCain\n","uploadtime":1699842255,"views":6,"p1id":"yugen0513","p2id":"mythicain","formatid":"gen9anythinggoes","rating":0,"private":0,"password":""}