{"id":"gen9anythinggoes-1990840887","p1":"Mucheeezy","p2":"12YOweaboo","format":"[Gen 9] Anything Goes","log":"|j|\u2606Mucheeezy\n|j|\u260612YOweaboo\n|t:|1700006393\n|gametype|singles\n|player|p1|Mucheeezy|lady-gen4|\n|player|p2|12YOweaboo|volkner|\n|teamsize|p1|6\n|teamsize|p2|6\n|gen|9\n|tier|[Gen 9] Anything Goes\n|rule|HP Percentage Mod: HP is shown in percentages\n|rule|Endless Battle Clause: Forcing endless battles is banned\n|clearpoke\n|poke|p1|Rillaboom, F|\n|poke|p1|Magnezone|\n|poke|p1|Gastrodon-East, M|\n|poke|p1|Chansey, F|\n|poke|p1|Sneasler, M|\n|poke|p1|Grimmsnarl, M|\n|poke|p2|Greninja-*, M|\n|poke|p2|Landorus-Therian, M|\n|poke|p2|Jirachi|\n|poke|p2|Gengar, F|\n|poke|p2|Sandy Shocks|\n|poke|p2|Alomomola, F|\n|teampreview\n|\n|t:|1700006417\n|start\n|switch|p1a: Rillaboom|Rillaboom, F|100\/100\n|switch|p2a: gar field|Landorus-Therian, M|100\/100\n|-ability|p2a: gar field|Intimidate|boost\n|-unboost|p1a: Rillaboom|atk|1\n|-fieldstart|move: Grassy Terrain|[from] ability: Grassy Surge|[of] p1a: Rillaboom\n|turn|1\n|\n|t:|1700006471\n|move|p2a: gar field|U-turn|p1a: Rillaboom\n|-supereffective|p1a: Rillaboom\n|-damage|p1a: Rillaboom|38\/100\n|\n|t:|1700006474\n|switch|p2a: That aint Falco|Gengar, F, shiny|100\/100|[from] U-turn\n|move|p1a: Rillaboom|Wood Hammer|p2a: That aint Falco\n|-resisted|p2a: That aint Falco\n|-damage|p2a: That aint Falco|31\/100\n|-damage|p1a: Rillaboom|20\/100|[from] Recoil\n|-damage|p1a: Rillaboom|10\/100|[from] item: Life Orb\n|\n|-heal|p2a: That aint Falco|37\/100|[from] Grassy Terrain\n|-heal|p2a: That aint Falco|43\/100|[from] item: Leftovers\n|-heal|p1a: Rillaboom|16\/100|[from] Grassy Terrain\n|upkeep\n|turn|2\n|\n|t:|1700006516\n|switch|p1a: Magnezone|Magnezone|100\/100\n|-item|p1a: Magnezone|Air Balloon\n|move|p2a: That aint Falco|Shadow Ball|p1a: Magnezone\n|-damage|p1a: Magnezone|68\/100\n|-enditem|p1a: Magnezone|Air Balloon\n|\n|-heal|p2a: That aint Falco|49\/100|[from] Grassy Terrain\n|-heal|p2a: That aint Falco|55\/100|[from] item: Leftovers\n|-heal|p1a: Magnezone|74\/100|[from] Grassy Terrain\n|upkeep\n|turn|3\n|\n|t:|1700006557\n|switch|p1a: Gastrodon|Gastrodon-East, M|100\/100\n|move|p2a: That aint Falco|Shadow Ball|p1a: Gastrodon\n|-crit|p1a: Gastrodon\n|-damage|p1a: Gastrodon|50\/100\n|-unboost|p1a: Gastrodon|spd|1\n|\n|-heal|p2a: That aint Falco|61\/100|[from] Grassy Terrain\n|-heal|p2a: That aint Falco|68\/100|[from] item: Leftovers\n|-heal|p1a: Gastrodon|56\/100|[from] Grassy Terrain\n|-heal|p1a: Gastrodon|62\/100|[from] item: Leftovers\n|upkeep\n|turn|4\n|\n|t:|1700006611\n|switch|p2a: gar field|Landorus-Therian, M|100\/100\n|-ability|p2a: gar field|Intimidate|boost\n|-unboost|p1a: Gastrodon|atk|1\n|move|p1a: Gastrodon|Recover|p1a: Gastrodon\n|-heal|p1a: Gastrodon|100\/100\n|\n|upkeep\n|turn|5\n|\n|t:|1700006626\n|move|p2a: gar field|U-turn|p1a: Gastrodon\n|-damage|p1a: Gastrodon|76\/100\n|\n|t:|1700006632\n|switch|p2a: amomolomalo|Alomomola, F|100\/100|[from] U-turn\n|move|p1a: Gastrodon|Ice Beam|p2a: amomolomalo\n|-resisted|p2a: amomolomalo\n|-damage|p2a: amomolomalo|86\/100\n|\n|-heal|p2a: amomolomalo|92\/100|[from] Grassy Terrain\n|-heal|p1a: Gastrodon|82\/100|[from] Grassy Terrain\n|-heal|p1a: Gastrodon|89\/100|[from] item: Leftovers\n|-fieldend|move: Grassy Terrain\n|upkeep\n|turn|6\n|\n|t:|1700006644\n|move|p2a: amomolomalo|Play Rough|p1a: Gastrodon\n|-damage|p1a: Gastrodon|74\/100\n|move|p1a: Gastrodon|Spikes|p2a: amomolomalo\n|-sidestart|p2: 12YOweaboo|Spikes\n|\n|-heal|p1a: Gastrodon|80\/100|[from] item: Leftovers\n|upkeep\n|turn|7\n|\n|t:|1700006678\n|move|p2a: amomolomalo|Flip Turn|p1a: Gastrodon\n|-ability|p1a: Gastrodon|Storm Drain|boost\n|-boost|p1a: Gastrodon|spa|1\n|move|p1a: Gastrodon|Spikes|p2a: amomolomalo\n|-sidestart|p2: 12YOweaboo|Spikes\n|\n|-heal|p1a: Gastrodon|86\/100|[from] item: Leftovers\n|upkeep\n|turn|8\n|\n|t:|1700006702\n|switch|p2a: Dabuz|Jirachi, shiny|100\/100\n|-damage|p2a: Dabuz|84\/100|[from] Spikes\n|move|p1a: Gastrodon|Spikes|p2a: Dabuz\n|-sidestart|p2: 12YOweaboo|Spikes\n|\n|-heal|p1a: Gastrodon|93\/100|[from] item: Leftovers\n|upkeep\n|turn|9\n|\n|t:|1700006732\n|switch|p1a: Magnezone|Magnezone|74\/100\n|move|p2a: Dabuz|Iron Head|p1a: Magnezone\n|-resisted|p1a: Magnezone\n|-damage|p1a: Magnezone|66\/100\n|\n|upkeep\n|turn|10\n|\n|t:|1700006748\n|move|p2a: Dabuz|Iron Head|p1a: Magnezone\n|-resisted|p1a: Magnezone\n|-damage|p1a: Magnezone|59\/100\n|cant|p1a: Magnezone|flinch\n|\n|upkeep\n|turn|11\n|\n|t:|1700006754\n|move|p2a: Dabuz|Iron Head|p1a: Magnezone\n|-resisted|p1a: Magnezone\n|-damage|p1a: Magnezone|50\/100\n|move|p1a: Magnezone|Substitute|p1a: Magnezone\n|-start|p1a: Magnezone|Substitute\n|-damage|p1a: Magnezone|25\/100\n|\n|upkeep\n|turn|12\n|\n|t:|1700006763\n|move|p2a: Dabuz|Iron Head|p1a: Magnezone\n|-resisted|p1a: Magnezone\n|-activate|p1a: Magnezone|move: Substitute|[damage]\n|move|p1a: Magnezone|Iron Defense|p1a: Magnezone\n|-boost|p1a: Magnezone|def|2\n|\n|upkeep\n|turn|13\n|\n|t:|1700006769\n|move|p2a: Dabuz|Iron Head|p1a: Magnezone\n|-resisted|p1a: Magnezone\n|-activate|p1a: Magnezone|move: Substitute|[damage]\n|move|p1a: Magnezone|Iron Defense|p1a: Magnezone\n|-boost|p1a: Magnezone|def|2\n|\n|upkeep\n|turn|14\n|\n|t:|1700006780\n|move|p2a: Dabuz|Iron Head|p1a: Magnezone\n|-resisted|p1a: Magnezone\n|-activate|p1a: Magnezone|move: Substitute|[damage]\n|move|p1a: Magnezone|Body Press|p2a: Dabuz\n|-damage|p2a: Dabuz|21\/100\n|\n|upkeep\n|turn|15\n|\n|t:|1700006787\n|move|p2a: Dabuz|Iron Head|p1a: Magnezone\n|-resisted|p1a: Magnezone\n|-activate|p1a: Magnezone|move: Substitute|[damage]\n|move|p1a: Magnezone|Body Press|p2a: Dabuz\n|-damage|p2a: Dabuz|0 fnt\n|faint|p2a: Dabuz\n|\n|upkeep\n|\n|t:|1700006814\n|switch|p2a: Sandy Shocks|Sandy Shocks, shiny|100\/100\n|-damage|p2a: Sandy Shocks|76\/100|[from] Spikes\n|-enditem|p2a: Sandy Shocks|Booster Energy\n|-activate|p2a: Sandy Shocks|ability: Protosynthesis|[fromitem]\n|-start|p2a: Sandy Shocks|protosynthesisspe\n|turn|16\n|\n|t:|1700006824\n|move|p2a: Sandy Shocks|Earth Power|p1a: Magnezone\n|-supereffective|p1a: Magnezone\n|-end|p1a: Magnezone|Substitute\n|move|p1a: Magnezone|Body Press|p2a: Sandy Shocks\n|-crit|p2a: Sandy Shocks\n|-damage|p2a: Sandy Shocks|0 fnt\n|faint|p2a: Sandy Shocks\n|-end|p2a: Sandy Shocks|Protosynthesis|[silent]\n|\n|upkeep\n|\n|t:|1700006834\n|switch|p2a: gar field|Landorus-Therian, M|100\/100\n|-ability|p2a: gar field|Intimidate|boost\n|-unboost|p1a: Magnezone|atk|1\n|turn|17\n|\n|t:|1700006839\n|move|p2a: gar field|Hammer Arm|p1a: Magnezone\n|-supereffective|p1a: Magnezone\n|-damage|p1a: Magnezone|5\/100\n|-unboost|p2a: gar field|spe|1\n|move|p1a: Magnezone|Body Press|p2a: gar field\n|-resisted|p2a: gar field\n|-damage|p2a: gar field|62\/100\n|\n|upkeep\n|turn|18\n|\n|t:|1700006847\n|move|p2a: gar field|U-turn|p1a: Magnezone\n|-resisted|p1a: Magnezone\n|-damage|p1a: Magnezone|1\/100\n|\n|t:|1700006851\n|switch|p2a: That aint Falco|Gengar, F, shiny|68\/100|[from] U-turn\n|-damage|p2a: That aint Falco|43\/100|[from] Spikes\n|move|p1a: Magnezone|Body Press|p2a: That aint Falco\n|-immune|p2a: That aint Falco\n|\n|-heal|p2a: That aint Falco|49\/100|[from] item: Leftovers\n|upkeep\n|turn|19\n|\n|t:|1700006870\n|switch|p1a: Chansey|Chansey, F|100\/100\n|move|p2a: That aint Falco|Shadow Ball|p1a: Chansey\n|-immune|p1a: Chansey\n|\n|-heal|p2a: That aint Falco|55\/100|[from] item: Leftovers\n|upkeep\n|turn|20\n|\n|t:|1700006878\n|move|p2a: That aint Falco|Thunder Wave|p1a: Chansey\n|-status|p1a: Chansey|par\n|move|p1a: Chansey|Thunder Wave|p2a: That aint Falco\n|-status|p2a: That aint Falco|par\n|\n|-heal|p2a: That aint Falco|61\/100 par|[from] item: Leftovers\n|upkeep\n|turn|21\n|\n|t:|1700006888\n|-curestatus|p1a: Chansey|par|[from] ability: Natural Cure\n|switch|p1a: Gastrodon|Gastrodon-East, M|93\/100\n|move|p2a: That aint Falco|Sludge Bomb|p1a: Gastrodon\n|-resisted|p1a: Gastrodon\n|-damage|p1a: Gastrodon|71\/100\n|-status|p1a: Gastrodon|psn\n|\n|-heal|p2a: That aint Falco|67\/100 par|[from] item: Leftovers\n|-heal|p1a: Gastrodon|77\/100 psn|[from] item: Leftovers\n|-damage|p1a: Gastrodon|65\/100 psn|[from] psn\n|upkeep\n|turn|22\n|\n|t:|1700006905\n|move|p2a: That aint Falco|Shadow Ball|p1a: Gastrodon\n|-damage|p1a: Gastrodon|29\/100 psn\n|-unboost|p1a: Gastrodon|spd|1\n|move|p1a: Gastrodon|Recover|p1a: Gastrodon\n|-heal|p1a: Gastrodon|79\/100 psn\n|\n|-heal|p2a: That aint Falco|73\/100 par|[from] item: Leftovers\n|-heal|p1a: Gastrodon|85\/100 psn|[from] item: Leftovers\n|-damage|p1a: Gastrodon|73\/100 psn|[from] psn\n|upkeep\n|turn|23\n|\n|t:|1700006937\n|switch|p1a: Sneasler|Sneasler, M|100\/100\n|move|p2a: That aint Falco|Shadow Ball|p1a: Sneasler\n|-damage|p1a: Sneasler|42\/100\n|\n|-heal|p2a: That aint Falco|79\/100 par|[from] item: Leftovers\n|upkeep\n|turn|24\n|\n|t:|1700006946\n|-terastallize|p1a: Sneasler|Ghost\n|move|p1a: Sneasler|Tera Blast|p2a: That aint Falco|[anim] Tera Blast Ghost\n|-supereffective|p2a: That aint Falco\n|-damage|p2a: That aint Falco|0 fnt\n|faint|p2a: That aint Falco\n|\n|upkeep\n|\n|t:|1700006952\n|switch|p2a: Triedtotellem|Greninja, M|100\/100\n|-damage|p2a: Triedtotellem|76\/100|[from] Spikes\n|turn|25\n|\n|t:|1700006964\n|switch|p1a: Chansey|Chansey, F|100\/100\n|move|p2a: Triedtotellem|Water Shuriken|p1a: Chansey\n|-damage|p1a: Chansey|98\/100\n|-damage|p1a: Chansey|96\/100\n|-hitcount|p1a: Chansey|2\n|\n|upkeep\n|turn|26\n|\n|t:|1700006973\n|move|p2a: Triedtotellem|Ice Beam|p1a: Chansey\n|-damage|p1a: Chansey|86\/100\n|-status|p1a: Chansey|frz\n|cant|p1a: Chansey|frz\n|\n|upkeep\n|turn|27\n|\n|t:|1700006982\n|-curestatus|p1a: Chansey|frz|[from] ability: Natural Cure\n|switch|p1a: Gastrodon|Gastrodon-East, M|73\/100 psn\n|move|p2a: Triedtotellem|Hydro Pump|p1a: Gastrodon\n|-ability|p1a: Gastrodon|Storm Drain|boost\n|-boost|p1a: Gastrodon|spa|1\n|\n|-heal|p1a: Gastrodon|79\/100 psn|[from] item: Leftovers\n|-damage|p1a: Gastrodon|67\/100 psn|[from] psn\n|upkeep\n|turn|28\n|\n|t:|1700006990\n|switch|p1a: Chansey|Chansey, F|86\/100\n|move|p2a: Triedtotellem|Ice Beam|p1a: Chansey\n|-damage|p1a: Chansey|77\/100\n|\n|upkeep\n|turn|29\n|\n|t:|1700006997\n|move|p2a: Triedtotellem|Ice Beam|p1a: Chansey\n|-damage|p1a: Chansey|67\/100\n|move|p1a: Chansey|Thunder Wave|p2a: Triedtotellem\n|-status|p2a: Triedtotellem|par\n|\n|upkeep\n|turn|30\n|\n|t:|1700007002\n|move|p2a: Triedtotellem|Hydro Pump|p1a: Chansey|[miss]\n|-miss|p2a: Triedtotellem|p1a: Chansey\n|move|p1a: Chansey|Seismic Toss|p2a: Triedtotellem\n|-damage|p2a: Triedtotellem|40\/100 par\n|\n|upkeep\n|turn|31\n|-message|12YOweaboo forfeited.\n|\n|win|Mucheeezy\n|l|\u260612YOweaboo\n","uploadtime":1700007038,"views":14,"p1id":"mucheeezy","p2id":"12yoweaboo","formatid":"gen9anythinggoes","rating":0,"private":0,"password":""}