{"id":"gen9anythinggoes-1988106760","p1":"Grimkix","p2":"Animemaster029","format":"[Gen 9] Anything Goes","log":"|j|\u2606Grimkix\n|j|\u2606Animemaster029\n|t:|1699670335\n|gametype|singles\n|player|p1|Grimkix|169|1117\n|player|p2|Animemaster029|shadowtriad|1000\n|teamsize|p1|6\n|teamsize|p2|6\n|gen|9\n|tier|[Gen 9] Anything Goes\n|rated|\n|rule|HP Percentage Mod: HP is shown in percentages\n|rule|Endless Battle Clause: Forcing endless battles is banned\n|clearpoke\n|poke|p1|Okidogi, M|\n|poke|p1|Ninetales-Alola, F|\n|poke|p1|Baxcalibur, F|\n|poke|p1|Manaphy|\n|poke|p1|Kingambit, M|\n|poke|p1|Ditto|\n|poke|p2|Grafaiai, M|\n|poke|p2|Palafin, M|\n|poke|p2|Mareanie, M|\n|poke|p2|Ceruledge, F|\n|poke|p2|Iron Valiant|\n|poke|p2|Kingambit, F|\n|teampreview\n|inactive|Battle timer is ON: inactive players will automatically lose when time's up. (requested by Grimkix)\n|\n|t:|1699670342\n|start\n|switch|p1a: Kingambit|Kingambit, M|100\/100\n|switch|p2a: Palafin|Palafin, M|100\/100\n|-item|p1a: Kingambit|Air Balloon\n|turn|1\n|\n|t:|1699670356\n|move|p2a: Palafin|Flip Turn|p1a: Kingambit\n|-damage|p1a: Kingambit|81\/100\n|-enditem|p1a: Kingambit|Air Balloon\n|\n|t:|1699670362\n|detailschange|p2a: Palafin|Palafin-Hero, M\n|switch|p2a: Grafaiai|Grafaiai, M|100\/100|[from] Flip Turn\n|move|p1a: Kingambit|Swords Dance|p1a: Kingambit\n|-boost|p1a: Kingambit|atk|2\n|\n|upkeep\n|turn|2\n|\n|t:|1699670386\n|-terastallize|p1a: Kingambit|Fire\n|move|p1a: Kingambit|Sucker Punch||[still]\n|-fail|p1a: Kingambit\n|move|p2a: Grafaiai|Switcheroo|p1a: Kingambit\n|-activate|p2a: Grafaiai|move: Trick|[of] p1a: Kingambit\n|-item|p1a: Kingambit|Lagging Tail|[from] move: Switcheroo\n|-enditem|p2a: Grafaiai|Lagging Tail|[silent]|[from] move: Switcheroo\n|\n|upkeep\n|turn|3\n|\n|t:|1699670396\n|move|p2a: Grafaiai|Parting Shot|p1a: Kingambit\n|-unboost|p1a: Kingambit|atk|1\n|-unboost|p1a: Kingambit|spa|1\n|\n|t:|1699670400\n|switch|p2a: Mareanie|Mareanie, M|100\/100|[from] Parting Shot\n|move|p1a: Kingambit|Kowtow Cleave|p2a: Mareanie\n|-damage|p2a: Mareanie|0 fnt\n|faint|p2a: Mareanie\n|\n|upkeep\n|\n|t:|1699670408\n|switch|p2a: Grafaiai|Grafaiai, M|100\/100\n|turn|4\n|c|\u2606Grimkix|L\n|\n|t:|1699670418\n|move|p2a: Grafaiai|Parting Shot|p1a: Kingambit\n|-unboost|p1a: Kingambit|atk|1\n|-unboost|p1a: Kingambit|spa|1\n|\n|t:|1699670423\n|switch|p2a: Palafin|Palafin-Hero, M|100\/100|[from] Parting Shot\n|-activate|p2a: Palafin|ability: Zero to Hero\n|move|p1a: Kingambit|Kowtow Cleave|p2a: Palafin\n|-damage|p2a: Palafin|52\/100\n|\n|upkeep\n|turn|5\n|\n|t:|1699670431\n|move|p2a: Palafin|Liquidation|p1a: Kingambit\n|-supereffective|p1a: Kingambit\n|-damage|p1a: Kingambit|0 fnt\n|faint|p1a: Kingambit\n|-end|p1a: Kingambit|fallenundefined|[silent]\n|\n|upkeep\n|\n|t:|1699670438\n|switch|p1a: Ninetales|Ninetales-Alola, F|100\/100\n|-weather|Snow|[from] ability: Snow Warning|[of] p1a: Ninetales\n|turn|6\n|\n|t:|1699670449\n|move|p1a: Ninetales|Hypnosis|p2a: Palafin|[miss]\n|-miss|p1a: Ninetales|p2a: Palafin\n|move|p2a: Palafin|Drain Punch|p1a: Ninetales\n|-damage|p1a: Ninetales|74\/100\n|-heal|p2a: Palafin|65\/100|[from] drain|[of] p1a: Ninetales\n|\n|-weather|Snow|[upkeep]\n|upkeep\n|turn|7\n|\n|t:|1699670467\n|move|p1a: Ninetales|Hypnosis|p2a: Palafin|[miss]\n|-miss|p1a: Ninetales|p2a: Palafin\n|move|p2a: Palafin|Flip Turn|p1a: Ninetales\n|-damage|p1a: Ninetales|42\/100\n|\n|t:|1699670473\n|switch|p2a: Grafaiai|Grafaiai, M|100\/100|[from] Flip Turn\n|\n|-weather|Snow|[upkeep]\n|upkeep\n|turn|8\n|\n|t:|1699670486\n|move|p1a: Ninetales|Freeze-Dry|p2a: Grafaiai\n|-damage|p2a: Grafaiai|68\/100\n|move|p2a: Grafaiai|Knock Off|p1a: Ninetales\n|-resisted|p1a: Ninetales\n|-damage|p1a: Ninetales|32\/100\n|-enditem|p1a: Ninetales|Light Clay|[from] move: Knock Off|[of] p2a: Grafaiai\n|\n|-weather|Snow|[upkeep]\n|upkeep\n|turn|9\n|\n|t:|1699670496\n|move|p1a: Ninetales|Freeze-Dry|p2a: Grafaiai\n|-crit|p2a: Grafaiai\n|-damage|p2a: Grafaiai|18\/100\n|move|p2a: Grafaiai|Parting Shot|p1a: Ninetales\n|-unboost|p1a: Ninetales|atk|1\n|-unboost|p1a: Ninetales|spa|1\n|\n|t:|1699670502\n|switch|p2a: Palafin|Palafin-Hero, M|65\/100|[from] Parting Shot\n|\n|-weather|Snow|[upkeep]\n|upkeep\n|turn|10\n|\n|t:|1699670508\n|move|p1a: Ninetales|Hypnosis|p2a: Palafin\n|-status|p2a: Palafin|slp|[from] move: Hypnosis\n|cant|p2a: Palafin|slp\n|\n|-weather|none\n|upkeep\n|turn|11\n|\n|t:|1699670514\n|switch|p1a: Baxcalibur|Baxcalibur, F|100\/100\n|cant|p2a: Palafin|slp\n|\n|upkeep\n|turn|12\n|\n|t:|1699670519\n|move|p1a: Baxcalibur|Dragon Dance|p1a: Baxcalibur\n|-boost|p1a: Baxcalibur|atk|1\n|-boost|p1a: Baxcalibur|spe|1\n|cant|p2a: Palafin|slp\n|\n|upkeep\n|turn|13\n|\n|t:|1699670525\n|move|p1a: Baxcalibur|Icicle Spear|p2a: Palafin\n|-resisted|p2a: Palafin\n|-damage|p2a: Palafin|54\/100 slp\n|-resisted|p2a: Palafin\n|-damage|p2a: Palafin|43\/100 slp\n|-resisted|p2a: Palafin\n|-damage|p2a: Palafin|32\/100 slp\n|-resisted|p2a: Palafin\n|-damage|p2a: Palafin|22\/100 slp\n|-hitcount|p2a: Palafin|4\n|-curestatus|p2a: Palafin|slp|[msg]\n|move|p2a: Palafin|Outrage|p1a: Baxcalibur\n|-supereffective|p1a: Baxcalibur\n|-damage|p1a: Baxcalibur|0 fnt\n|faint|p1a: Baxcalibur\n|\n|upkeep\n|\n|t:|1699670543\n|switch|p1a: Manaphy|Manaphy|100\/100\n|turn|14\n|\n|t:|1699670546\n|move|p1a: Manaphy|Tail Glow|p1a: Manaphy\n|-boost|p1a: Manaphy|spa|3\n|move|p2a: Palafin|Outrage|p1a: Manaphy|[from]lockedmove\n|-damage|p1a: Manaphy|55\/100\n|-start|p2a: Palafin|confusion|[fatigue]\n|\n|-heal|p1a: Manaphy|61\/100|[from] item: Leftovers\n|upkeep\n|turn|15\n|\n|t:|1699670555\n|move|p1a: Manaphy|Energy Ball|p2a: Palafin\n|-supereffective|p2a: Palafin\n|-damage|p2a: Palafin|0 fnt\n|faint|p2a: Palafin\n|\n|-heal|p1a: Manaphy|68\/100|[from] item: Leftovers\n|upkeep\n|\n|t:|1699670563\n|switch|p2a: Grafaiai|Grafaiai, M|18\/100\n|turn|16\n|\n|t:|1699670574\n|move|p1a: Manaphy|Tail Glow|p1a: Manaphy\n|-boost|p1a: Manaphy|spa|3\n|move|p2a: Grafaiai|Encore|p1a: Manaphy\n|-start|p1a: Manaphy|Encore\n|\n|-heal|p1a: Manaphy|74\/100|[from] item: Leftovers\n|upkeep\n|turn|17\n|\n|t:|1699670581\n|switch|p1a: Ninetales|Ninetales-Alola, F|32\/100\n|-weather|Snow|[from] ability: Snow Warning|[of] p1a: Ninetales\n|move|p2a: Grafaiai|Parting Shot|p1a: Ninetales\n|-unboost|p1a: Ninetales|atk|1\n|-unboost|p1a: Ninetales|spa|1\n|\n|t:|1699670590\n|switch|p2a: Iron Valiant|Iron Valiant|100\/100|[from] Parting Shot\n|\n|-weather|Snow|[upkeep]\n|upkeep\n|turn|18\n|\n|t:|1699670596\n|move|p1a: Ninetales|Hypnosis|p2a: Iron Valiant\n|-status|p2a: Iron Valiant|slp|[from] move: Hypnosis\n|cant|p2a: Iron Valiant|slp\n|\n|-weather|Snow|[upkeep]\n|upkeep\n|turn|19\n|l|\u2606Grimkix\n|inactive|Grimkix disconnected and has a minute to reconnect!\n|player|p1|\n|j|\u2606Grimkix\n|inactive|Grimkix reconnected and has 140 seconds left.\n|player|p1|Grimkix|169\n|\n|t:|1699670620\n|move|p1a: Ninetales|Freeze-Dry|p2a: Iron Valiant\n|-damage|p2a: Iron Valiant|76\/100 slp\n|cant|p2a: Iron Valiant|slp\n|\n|-weather|Snow|[upkeep]\n|upkeep\n|turn|20\n|\n|t:|1699670628\n|switch|p1a: Okidogi|Okidogi, M|100\/100\n|-curestatus|p2a: Iron Valiant|slp|[msg]\n|move|p2a: Iron Valiant|Fire Punch|p1a: Okidogi\n|-damage|p1a: Okidogi|80\/100\n|\n|-weather|Snow|[upkeep]\n|-heal|p1a: Okidogi|86\/100|[from] item: Leftovers\n|upkeep\n|turn|21\n|\n|t:|1699670636\n|-terastallize|p2a: Iron Valiant|Fairy\n|move|p2a: Iron Valiant|Spirit Break|p1a: Okidogi\n|-damage|p1a: Okidogi|37\/100\n|-unboost|p1a: Okidogi|spa|1\n|move|p1a: Okidogi|Bulk Up|p1a: Okidogi\n|-boost|p1a: Okidogi|atk|1\n|-boost|p1a: Okidogi|def|1\n|\n|-weather|none\n|-heal|p1a: Okidogi|43\/100|[from] item: Leftovers\n|upkeep\n|turn|22\n|\n|t:|1699670650\n|move|p2a: Iron Valiant|Spirit Break|p1a: Okidogi\n|-damage|p1a: Okidogi|16\/100\n|-unboost|p1a: Okidogi|spa|1\n|move|p1a: Okidogi|Poison Jab|p2a: Iron Valiant\n|-supereffective|p2a: Iron Valiant\n|-damage|p2a: Iron Valiant|0 fnt\n|faint|p2a: Iron Valiant\n|-end|p2a: Iron Valiant|Quark Drive|[silent]\n|\n|-heal|p1a: Okidogi|22\/100|[from] item: Leftovers\n|upkeep\n|\n|t:|1699670660\n|switch|p2a: Grafaiai|Grafaiai, M|18\/100\n|turn|23\n|\n|t:|1699670673\n|move|p2a: Grafaiai|Parting Shot|p1a: Okidogi\n|-unboost|p1a: Okidogi|atk|1\n|-unboost|p1a: Okidogi|spa|1\n|\n|t:|1699670677\n|switch|p2a: Ceruledge|Ceruledge, F|100\/100|[from] Parting Shot\n|move|p1a: Okidogi|Knock Off|p2a: Ceruledge\n|-supereffective|p2a: Ceruledge\n|-damage|p2a: Ceruledge|0 fnt\n|-enditem|p2a: Ceruledge|King's Rock|[from] move: Knock Off|[of] p1a: Okidogi\n|faint|p2a: Ceruledge\n|\n|-heal|p1a: Okidogi|28\/100|[from] item: Leftovers\n|upkeep\n|c|\u2606Grimkix|L\n|\n|t:|1699670686\n|switch|p2a: Grafaiai|Grafaiai, M|18\/100\n|turn|24\n|\n|t:|1699670698\n|move|p2a: Grafaiai|Knock Off|p1a: Okidogi\n|-resisted|p1a: Okidogi\n|-damage|p1a: Okidogi|20\/100\n|-enditem|p1a: Okidogi|Leftovers|[from] move: Knock Off|[of] p2a: Grafaiai\n|move|p1a: Okidogi|Knock Off|p2a: Grafaiai\n|-damage|p2a: Grafaiai|0 fnt\n|faint|p2a: Grafaiai\n|\n|upkeep\n|\n|t:|1699670705\n|switch|p2a: Kingambit|Kingambit, F|100\/100\n|-activate|p2a: Kingambit|ability: Supreme Overlord\n|-start|p2a: Kingambit|fallen5|[silent]\n|turn|25\n|c|\u2606Grimkix|L\n|c|\u2606Grimkix|L\n|c|\u2606Grimkix|L\n|\n|t:|1699670718\n|move|p1a: Okidogi|Drain Punch|p2a: Kingambit\n|-supereffective|p2a: Kingambit\n|-damage|p2a: Kingambit|0 fnt\n|-heal|p1a: Okidogi|68\/100|[from] drain|[of] p2a: Kingambit\n|faint|p2a: Kingambit\n|-end|p2a: Kingambit|fallen5|[silent]\n|\n|win|Grimkix\n|raw|Grimkix's rating: 1117 &rarr; <strong>1134<\/strong><br \/>(+17 for winning)\n|raw|Animemaster029's rating: 1000 &rarr; <strong>1000<\/strong><br \/>(+0 for losing)\n|l|\u2606Animemaster029\n","uploadtime":1699670752,"views":22,"p1id":"grimkix","p2id":"animemaster029","formatid":"gen9anythinggoes","rating":1000,"private":0,"password":""}