{"id":"gen9anythinggoes-1989758120","p1":"SexySunday","p2":"AmogusBR","format":"[Gen 9] Anything Goes","log":"|j|\u2606SexySunday\n|j|\u2606AmogusBR\n|t:|1699893233\n|gametype|singles\n|player|p1|SexySunday|waitress|1434\n|player|p2|AmogusBR|169|1320\n|teamsize|p1|6\n|teamsize|p2|6\n|gen|9\n|tier|[Gen 9] Anything Goes\n|rated|\n|rule|HP Percentage Mod: HP is shown in percentages\n|rule|Endless Battle Clause: Forcing endless battles is banned\n|clearpoke\n|poke|p1|Calyrex-Shadow|\n|poke|p1|Gastrodon, F|\n|poke|p1|Baxcalibur, F|\n|poke|p1|Zacian-*|\n|poke|p1|Chien-Pao|\n|poke|p1|Espathra, M|\n|poke|p2|Palafin, M|\n|poke|p2|Kyogre|\n|poke|p2|Koraidon|\n|poke|p2|Calyrex-Shadow|\n|poke|p2|Zacian-*|\n|poke|p2|Charjabug, M|\n|teampreview\n|j| Sword1097\n|\n|t:|1699893250\n|start\n|switch|p1a: Gastrodon|Gastrodon, F|100\/100\n|switch|p2a: Calyrex|Calyrex-Shadow|100\/100\n|-ability|p2a: Calyrex|As One\n|-ability|p2a: Calyrex|Unnerve\n|turn|1\n|l| Sword1097\n|\n|t:|1699893258\n|-terastallize|p2a: Calyrex|Ghost\n|move|p2a: Calyrex|Astral Barrage|p1a: Gastrodon\n|-damage|p1a: Gastrodon|3\/100\n|move|p1a: Gastrodon|Mirror Coat|p2a: Calyrex\n|-damage|p2a: Calyrex|0 fnt\n|faint|p2a: Calyrex\n|\n|upkeep\n|\n|t:|1699893268\n|switch|p2a: Palafin|Palafin, M, shiny|100\/100\n|turn|2\n|\n|t:|1699893272\n|detailschange|p2a: Palafin|Palafin-Hero, M, shiny\n|switch|p2a: Kyogre|Kyogre|100\/100\n|-weather|RainDance|[from] ability: Drizzle|[of] p2a: Kyogre\n|move|p1a: Gastrodon|Stealth Rock|p2a: Kyogre\n|-sidestart|p2: AmogusBR|move: Stealth Rock\n|\n|-weather|RainDance|[upkeep]\n|upkeep\n|turn|3\n|\n|t:|1699893282\n|move|p2a: Kyogre|Ice Beam|p1a: Gastrodon\n|-damage|p1a: Gastrodon|0 fnt\n|faint|p1a: Gastrodon\n|\n|-weather|RainDance|[upkeep]\n|upkeep\n|\n|t:|1699893296\n|switch|p1a: Calyrex|Calyrex-Shadow|100\/100\n|-ability|p1a: Calyrex|As One\n|-ability|p1a: Calyrex|Unnerve\n|turn|4\n|\n|t:|1699893303\n|move|p1a: Calyrex|Psyshock|p2a: Kyogre\n|-damage|p2a: Kyogre|54\/100\n|move|p2a: Kyogre|Ice Beam|p1a: Calyrex\n|-damage|p1a: Calyrex|51\/100\n|\n|-weather|RainDance|[upkeep]\n|upkeep\n|turn|5\n|\n|t:|1699893310\n|move|p1a: Calyrex|Psyshock|p2a: Kyogre\n|-damage|p2a: Kyogre|8\/100\n|move|p2a: Kyogre|Ice Beam|p1a: Calyrex\n|-damage|p1a: Calyrex|0 fnt\n|faint|p1a: Calyrex\n|\n|-weather|RainDance|[upkeep]\n|upkeep\n|\n|t:|1699893317\n|switch|p1a: Baxcalibur|Baxcalibur, F|100\/100\n|turn|6\n|c|\u2606AmogusBR|Psyshock?????\n|\n|t:|1699893323\n|move|p1a: Baxcalibur|Ice Shard|p2a: Kyogre\n|-resisted|p2a: Kyogre\n|-damage|p2a: Kyogre|0 fnt\n|faint|p2a: Kyogre\n|\n|-weather|none\n|upkeep\n|\n|t:|1699893330\n|switch|p2a: Charjabug|Charjabug, M|100\/100\n|-damage|p2a: Charjabug|76\/100|[from] Stealth Rock\n|turn|7\n|\n|t:|1699893335\n|move|p1a: Baxcalibur|Ice Shard|p2a: Charjabug\n|-damage|p2a: Charjabug|57\/100\n|move|p2a: Charjabug|Thunder Wave|p1a: Baxcalibur\n|-status|p1a: Baxcalibur|par\n|\n|upkeep\n|turn|8\n|\n|t:|1699893345\n|cant|p1a: Baxcalibur|par\n|move|p2a: Charjabug|Bug Bite|p1a: Baxcalibur\n|-damage|p1a: Baxcalibur|84\/100 par\n|\n|upkeep\n|turn|9\n|\n|t:|1699893350\n|move|p1a: Baxcalibur|Dragon Dance|p1a: Baxcalibur\n|-boost|p1a: Baxcalibur|atk|1\n|-boost|p1a: Baxcalibur|spe|1\n|move|p2a: Charjabug|Sticky Web|p1a: Baxcalibur\n|-sidestart|p1: SexySunday|move: Sticky Web\n|\n|upkeep\n|turn|10\n|\n|t:|1699893358\n|move|p1a: Baxcalibur|Dragon Dance|p1a: Baxcalibur\n|-boost|p1a: Baxcalibur|atk|1\n|-boost|p1a: Baxcalibur|spe|1\n|move|p2a: Charjabug|Struggle Bug|p1a: Baxcalibur\n|-damage|p1a: Baxcalibur|73\/100 par\n|-unboost|p1a: Baxcalibur|spa|1\n|\n|upkeep\n|turn|11\n|\n|t:|1699893367\n|move|p1a: Baxcalibur|Icicle Spear|p2a: Charjabug\n|-damage|p2a: Charjabug|34\/100\n|-damage|p2a: Charjabug|12\/100\n|-damage|p2a: Charjabug|0 fnt\n|faint|p2a: Charjabug\n|-hitcount|p2: Charjabug|3\n|\n|upkeep\n|\n|t:|1699893376\n|switch|p2a: Zacian|Zacian-Crowned|100\/100\n|-damage|p2a: Zacian|94\/100|[from] Stealth Rock\n|-ability|p2a: Zacian|Intrepid Sword|boost\n|-boost|p2a: Zacian|atk|1\n|turn|12\n|\n|t:|1699893384\n|-terastallize|p1a: Baxcalibur|Ice\n|move|p2a: Zacian|Behemoth Blade|p1a: Baxcalibur\n|-supereffective|p1a: Baxcalibur\n|-damage|p1a: Baxcalibur|0 fnt\n|faint|p1a: Baxcalibur\n|\n|upkeep\n|\n|t:|1699893396\n|switch|p1a: Espathra|Espathra, M|100\/100\n|-activate|p1a: Espathra|move: Sticky Web\n|-unboost|p1a: Espathra|spe|1\n|turn|13\n|\n|t:|1699893400\n|move|p1a: Espathra|Protect|p1a: Espathra\n|-singleturn|p1a: Espathra|Protect\n|move|p2a: Zacian|Crunch|p1a: Espathra\n|-activate|p1a: Espathra|move: Protect\n|\n|-ability|p1a: Espathra|Speed Boost|boost\n|-boost|p1a: Espathra|spe|1\n|upkeep\n|turn|14\n|\n|t:|1699893409\n|move|p1a: Espathra|Protect|p1a: Espathra\n|-singleturn|p1a: Espathra|Protect\n|move|p2a: Zacian|Crunch|p1a: Espathra\n|-activate|p1a: Espathra|move: Protect\n|\n|-ability|p1a: Espathra|Speed Boost|boost\n|-boost|p1a: Espathra|spe|1\n|upkeep\n|turn|15\n|inactive|Battle timer is ON: inactive players will automatically lose when time's up. (requested by AmogusBR)\n|\n|t:|1699893415\n|move|p1a: Espathra|Substitute|p1a: Espathra\n|-start|p1a: Espathra|Substitute\n|-damage|p1a: Espathra|76\/100\n|move|p2a: Zacian|Crunch|p1a: Espathra\n|-supereffective|p1a: Espathra\n|-end|p1a: Espathra|Substitute\n|\n|-heal|p1a: Espathra|82\/100|[from] item: Leftovers\n|-ability|p1a: Espathra|Speed Boost|boost\n|-boost|p1a: Espathra|spe|1\n|upkeep\n|turn|16\n|\n|t:|1699893423\n|move|p1a: Espathra|Protect|p1a: Espathra\n|-singleturn|p1a: Espathra|Protect\n|move|p2a: Zacian|Crunch|p1a: Espathra\n|-activate|p1a: Espathra|move: Protect\n|\n|-heal|p1a: Espathra|88\/100|[from] item: Leftovers\n|-ability|p1a: Espathra|Speed Boost|boost\n|-boost|p1a: Espathra|spe|1\n|upkeep\n|turn|17\n|\n|t:|1699893431\n|move|p1a: Espathra|Substitute|p1a: Espathra\n|-start|p1a: Espathra|Substitute\n|-damage|p1a: Espathra|63\/100\n|move|p2a: Zacian|Crunch|p1a: Espathra\n|-supereffective|p1a: Espathra\n|-end|p1a: Espathra|Substitute\n|\n|-heal|p1a: Espathra|69\/100|[from] item: Leftovers\n|-ability|p1a: Espathra|Speed Boost|boost\n|-boost|p1a: Espathra|spe|1\n|upkeep\n|turn|18\n|\n|t:|1699893439\n|move|p1a: Espathra|Protect|p1a: Espathra\n|-singleturn|p1a: Espathra|Protect\n|move|p2a: Zacian|Crunch|p1a: Espathra\n|-activate|p1a: Espathra|move: Protect\n|\n|-heal|p1a: Espathra|75\/100|[from] item: Leftovers\n|-ability|p1a: Espathra|Speed Boost|boost\n|-boost|p1a: Espathra|spe|1\n|upkeep\n|turn|19\n|\n|t:|1699893447\n|move|p1a: Espathra|Substitute|p1a: Espathra\n|-start|p1a: Espathra|Substitute\n|-damage|p1a: Espathra|50\/100\n|move|p2a: Zacian|Behemoth Blade|p1a: Espathra\n|-end|p1a: Espathra|Substitute\n|\n|-heal|p1a: Espathra|56\/100|[from] item: Leftovers\n|-ability|p1a: Espathra|Speed Boost|boost\n|-boost|p1a: Espathra|spe|1\n|upkeep\n|turn|20\n|\n|t:|1699893456\n|move|p1a: Espathra|Stored Power|p2a: Zacian\n|-resisted|p2a: Zacian\n|-damage|p2a: Zacian|66\/100\n|move|p2a: Zacian|Behemoth Blade|p1a: Espathra\n|-damage|p1a: Espathra|0 fnt\n|faint|p1a: Espathra\n|\n|upkeep\n|c|\u2606AmogusBR|Ez?\n|\n|t:|1699893464\n|switch|p1a: Chien-Pao|Chien-Pao|100\/100\n|-activate|p1a: Chien-Pao|move: Sticky Web\n|-unboost|p1a: Chien-Pao|spe|1\n|-ability|p1a: Chien-Pao|Sword of Ruin\n|turn|21\n|\n|t:|1699893474\n|move|p2a: Zacian|Close Combat|p1a: Chien-Pao\n|-supereffective|p1a: Chien-Pao\n|-damage|p1a: Chien-Pao|0 fnt\n|-unboost|p2a: Zacian|def|1\n|-unboost|p2a: Zacian|spd|1\n|faint|p1a: Chien-Pao\n|\n|upkeep\n|\n|t:|1699893479\n|switch|p1a: Zacian|Zacian-Crowned, shiny|100\/100\n|-activate|p1a: Zacian|move: Sticky Web\n|-unboost|p1a: Zacian|spe|1\n|-ability|p1a: Zacian|Intrepid Sword|boost\n|-boost|p1a: Zacian|atk|1\n|turn|22\n|\n|t:|1699893490\n|move|p2a: Zacian|Behemoth Blade|p1a: Zacian\n|-damage|p1a: Zacian|21\/100\n|move|p1a: Zacian|Sacred Sword|p2a: Zacian\n|-damage|p2a: Zacian|19\/100\n|\n|upkeep\n|turn|23\n|c|\u2606AmogusBR|Noob\n|c|\u2606AmogusBR|Forfeit noob\n|inactive|SexySunday has 120 seconds left.\n|c|\u2606AmogusBR|Ez noob\n|inactive|SexySunday has 90 seconds left.\n|inactive|SexySunday has 60 seconds left.\n|inactive|SexySunday has 30 seconds left.\n|inactive|SexySunday has 20 seconds left.\n|inactive|SexySunday has 15 seconds left.\n|inactive|SexySunday has 10 seconds left.\n|inactive|SexySunday has 5 seconds left.\n|-message|SexySunday lost due to inactivity.\n|\n|win|AmogusBR\n|raw|SexySunday's rating: 1434 &rarr; <strong>1408<\/strong><br \/>(-26 for losing)\n|raw|AmogusBR's rating: 1320 &rarr; <strong>1346<\/strong><br \/>(+26 for winning)\n","uploadtime":1699893653,"views":7,"p1id":"sexysunday","p2id":"amogusbr","formatid":"gen9anythinggoes","rating":1346,"private":0,"password":""}