{"id":"gen9anythinggoes-1979936612","p1":"enterthedrakon","p2":"Bakitaladelbarrio","format":"[Gen 9] Anything Goes","log":"|j|\u2606enterthedrakon\n|j|\u2606Bakitaladelbarrio\n|t:|1698732645\n|gametype|singles\n|player|p1|enterthedrakon|drayden|1310\n|player|p2|Bakitaladelbarrio|colress|1248\n|teamsize|p1|6\n|teamsize|p2|6\n|gen|9\n|tier|[Gen 9] Anything Goes\n|rated|\n|rule|HP Percentage Mod: HP is shown in percentages\n|rule|Endless Battle Clause: Forcing endless battles is banned\n|clearpoke\n|poke|p1|Okidogi, M|\n|poke|p1|Ninetales-Alola, M|\n|poke|p1|Baxcalibur, F|\n|poke|p1|Manaphy|\n|poke|p1|Kingambit, F|\n|poke|p1|Ditto|\n|poke|p2|Calyrex-Shadow|\n|poke|p2|Darkrai|\n|poke|p2|Espathra, M|\n|poke|p2|Zacian-*|\n|poke|p2|Miraidon|\n|poke|p2|Hatterene, F|\n|teampreview\n|inactive|Battle timer is ON: inactive players will automatically lose when time's up. (requested by enterthedrakon)\n|\n|t:|1698732660\n|start\n|switch|p1a: Ninetales|Ninetales-Alola, M|100\/100\n|switch|p2a: Darkrai|Darkrai|100\/100\n|-weather|Snow|[from] ability: Snow Warning|[of] p1a: Ninetales\n|turn|1\n|\n|t:|1698732673\n|move|p2a: Darkrai|Hypnosis|p1a: Ninetales\n|-status|p1a: Ninetales|slp|[from] move: Hypnosis\n|cant|p1a: Ninetales|slp\n|\n|-weather|Snow|[upkeep]\n|-damage|p1a: Ninetales|88\/100 slp|[from] ability: Bad Dreams|[of] p2a: Darkrai\n|upkeep\n|turn|2\n|\n|t:|1698732682\n|move|p2a: Darkrai|Nasty Plot|p2a: Darkrai\n|-boost|p2a: Darkrai|spa|2\n|cant|p1a: Ninetales|slp\n|\n|-weather|Snow|[upkeep]\n|-damage|p1a: Ninetales|76\/100 slp|[from] ability: Bad Dreams|[of] p2a: Darkrai\n|upkeep\n|turn|3\n|\n|t:|1698732690\n|move|p2a: Darkrai|Hex|p1a: Ninetales\n|-damage|p1a: Ninetales|0 fnt\n|faint|p1a: Ninetales\n|\n|-weather|Snow|[upkeep]\n|upkeep\n|\n|t:|1698732697\n|switch|p1a: Manaphy|Manaphy|100\/100\n|turn|4\n|\n|t:|1698732702\n|move|p2a: Darkrai|Hypnosis|p1a: Manaphy\n|-status|p1a: Manaphy|slp|[from] move: Hypnosis\n|cant|p1a: Manaphy|slp\n|\n|-weather|Snow|[upkeep]\n|-damage|p1a: Manaphy|88\/100 slp|[from] ability: Bad Dreams|[of] p2a: Darkrai\n|upkeep\n|turn|5\n|c|\u2606enterthedrakon|wow\n|\n|t:|1698732713\n|move|p2a: Darkrai|Hex|p1a: Manaphy\n|-damage|p1a: Manaphy|0 fnt\n|faint|p1a: Manaphy\n|\n|-weather|none\n|upkeep\n|\n|t:|1698732721\n|switch|p1a: Ditto|Ditto, shiny|100\/100\n|-transform|p1a: Ditto|p2a: Darkrai|[from] ability: Imposter\n|turn|6\n|\n|t:|1698732732\n|switch|p2a: Miraidon|Miraidon|100\/100\n|-fieldstart|move: Electric Terrain|[from] ability: Hadron Engine|[of] p2a: Miraidon\n|move|p1a: Ditto|Hypnosis|p2a: Miraidon|[miss]\n|-miss|p1a: Ditto|p2a: Miraidon\n|\n|upkeep\n|turn|7\n|-message|enterthedrakon forfeited.\n|\n|win|Bakitaladelbarrio\n|raw|enterthedrakon's rating: 1310 &rarr; <strong>1286<\/strong><br \/>(-24 for losing)\n|raw|Bakitaladelbarrio's rating: 1248 &rarr; <strong>1277<\/strong><br \/>(+29 for winning)\n|l|\u2606enterthedrakon\n","uploadtime":1698732753,"views":9,"p1id":"enterthedrakon","p2id":"bakitaladelbarrio","formatid":"gen9anythinggoes","rating":1277,"private":0,"password":""}