{"id":"gen9anythinggoes-1980365426","p1":"PokemonLoverFairy","p2":"Riverstar21","format":"[Gen 9] Anything Goes","log":"|j|\u2606PokemonLoverFairy\n|j|\u203dRiverstar21\n|t:|1698778660\n|gametype|singles\n|player|p1|PokemonLoverFairy|cheren-gen5bw2|1155\n|player|p2|Riverstar21|265|1174\n|teamsize|p1|6\n|teamsize|p2|5\n|gen|9\n|tier|[Gen 9] Anything Goes\n|rated|\n|rule|HP Percentage Mod: HP is shown in percentages\n|rule|Endless Battle Clause: Forcing endless battles is banned\n|clearpoke\n|poke|p1|Roaring Moon|\n|poke|p1|Koraidon|\n|poke|p1|Zacian-*|\n|poke|p1|Calyrex-Shadow|\n|poke|p1|Rayquaza|\n|poke|p1|Hoopa-Unbound|\n|poke|p2|Umbreon, M|\n|poke|p2|Espathra, M|\n|poke|p2|Groudon|\n|poke|p2|Kingambit, M|\n|poke|p2|Tropius, F|\n|teampreview\n|\n|t:|1698778671\n|start\n|switch|p1a: Rayquaza|Rayquaza, shiny|100\/100\n|switch|p2a: Umbreon|Umbreon, M, shiny|100\/100\n|-ability|p1a: Rayquaza|Air Lock\n|turn|1\n|\n|t:|1698778681\n|move|p1a: Rayquaza|Dragon Ascent|p2a: Umbreon\n|-damage|p2a: Umbreon|38\/100\n|-unboost|p1a: Rayquaza|def|1\n|-unboost|p1a: Rayquaza|spd|1\n|-damage|p1a: Rayquaza|91\/100|[from] item: Life Orb\n|move|p2a: Umbreon|Toxic|p1a: Rayquaza\n|-status|p1a: Rayquaza|tox\n|\n|-heal|p2a: Umbreon|44\/100|[from] item: Leftovers\n|-damage|p1a: Rayquaza|85\/100 tox|[from] psn\n|upkeep\n|turn|2\n|\n|t:|1698778695\n|move|p2a: Umbreon|Protect|p2a: Umbreon\n|-singleturn|p2a: Umbreon|Protect\n|move|p1a: Rayquaza|Dragon Ascent|p2a: Umbreon\n|-activate|p2a: Umbreon|move: Protect\n|\n|-heal|p2a: Umbreon|50\/100|[from] item: Leftovers\n|-damage|p1a: Rayquaza|73\/100 tox|[from] psn\n|upkeep\n|turn|3\n|\n|t:|1698778706\n|switch|p2a: Tropius|Tropius, F|100\/100\n|move|p1a: Rayquaza|Dragon Ascent|p2a: Tropius\n|-supereffective|p2a: Tropius\n|-damage|p2a: Tropius|0 fnt\n|-unboost|p1a: Rayquaza|def|1\n|-unboost|p1a: Rayquaza|spd|1\n|faint|p2a: Tropius\n|-damage|p1a: Rayquaza|63\/100 tox|[from] item: Life Orb\n|\n|-damage|p1a: Rayquaza|45\/100 tox|[from] psn\n|upkeep\n|\n|t:|1698778715\n|switch|p2a: Umbreon|Umbreon, M, shiny|50\/100\n|turn|4\n|\n|t:|1698778721\n|move|p2a: Umbreon|Protect|p2a: Umbreon\n|-singleturn|p2a: Umbreon|Protect\n|move|p1a: Rayquaza|Dragon Ascent|p2a: Umbreon\n|-activate|p2a: Umbreon|move: Protect\n|\n|-heal|p2a: Umbreon|56\/100|[from] item: Leftovers\n|-damage|p1a: Rayquaza|21\/100 tox|[from] psn\n|upkeep\n|turn|5\n|\n|t:|1698778731\n|switch|p2a: Kingambit|Kingambit, M|100\/100\n|-activate|p2a: Kingambit|ability: Supreme Overlord\n|-start|p2a: Kingambit|fallen1|[silent]\n|move|p1a: Rayquaza|Dragon Ascent|p2a: Kingambit\n|-resisted|p2a: Kingambit\n|-damage|p2a: Kingambit|73\/100\n|-unboost|p1a: Rayquaza|def|1\n|-unboost|p1a: Rayquaza|spd|1\n|-damage|p1a: Rayquaza|11\/100 tox|[from] item: Life Orb\n|\n|-heal|p2a: Kingambit|79\/100|[from] item: Leftovers\n|-damage|p1a: Rayquaza|0 fnt|[from] psn\n|faint|p1a: Rayquaza\n|upkeep\n|\n|t:|1698778767\n|switch|p1a: Roaring Moon|Roaring Moon|100\/100\n|-enditem|p1a: Roaring Moon|Booster Energy\n|-activate|p1a: Roaring Moon|ability: Protosynthesis|[fromitem]\n|-start|p1a: Roaring Moon|protosynthesisatk\n|turn|6\n|\n|t:|1698778774\n|-end|p2a: Kingambit|fallen1|[silent]\n|switch|p2a: Umbreon|Umbreon, M, shiny|56\/100\n|move|p1a: Roaring Moon|Earthquake|p2a: Umbreon\n|-damage|p2a: Umbreon|19\/100\n|\n|-heal|p2a: Umbreon|25\/100|[from] item: Leftovers\n|upkeep\n|turn|7\n|\n|t:|1698778786\n|move|p2a: Umbreon|Protect|p2a: Umbreon\n|-singleturn|p2a: Umbreon|Protect\n|move|p1a: Roaring Moon|Earthquake|p2a: Umbreon\n|-activate|p2a: Umbreon|move: Protect\n|\n|-heal|p2a: Umbreon|31\/100|[from] item: Leftovers\n|upkeep\n|turn|8\n|\n|t:|1698778803\n|switch|p2a: Espathra|Espathra, M|100\/100\n|move|p1a: Roaring Moon|Earthquake|p2a: Espathra\n|-damage|p2a: Espathra|34\/100\n|-enditem|p2a: Espathra|Sitrus Berry|[eat]\n|-heal|p2a: Espathra|59\/100|[from] item: Sitrus Berry\n|\n|upkeep\n|turn|9\n|\n|t:|1698778834\n|move|p2a: Espathra|Protect|p2a: Espathra\n|-singleturn|p2a: Espathra|Protect\n|move|p1a: Roaring Moon|Earthquake|p2a: Espathra\n|-activate|p2a: Espathra|move: Protect\n|\n|-ability|p2a: Espathra|Speed Boost|boost\n|-boost|p2a: Espathra|spe|1\n|upkeep\n|turn|10\n|\n|t:|1698778858\n|move|p2a: Espathra|Baton Pass|p2a: Espathra\n|\n|t:|1698778862\n|switch|p2a: Groudon|Groudon|100\/100|[from] Baton Pass\n|-weather|SunnyDay|[from] ability: Drought|[of] p2a: Groudon\n|move|p1a: Roaring Moon|Earthquake|p2a: Groudon\n|-damage|p2a: Groudon|66\/100\n|\n|-weather|SunnyDay|[upkeep]\n|-heal|p2a: Groudon|72\/100|[from] item: Leftovers\n|upkeep\n|turn|11\n|\n|t:|1698778875\n|-end|p1a: Roaring Moon|Protosynthesis|[silent]\n|switch|p1a: Calyrex|Calyrex-Shadow|100\/100\n|-ability|p1a: Calyrex|As One\n|-ability|p1a: Calyrex|Unnerve\n|move|p2a: Groudon|Swords Dance|p2a: Groudon\n|-boost|p2a: Groudon|atk|2\n|\n|-weather|SunnyDay|[upkeep]\n|-heal|p2a: Groudon|79\/100|[from] item: Leftovers\n|upkeep\n|turn|12\n|inactive|Battle timer is ON: inactive players will automatically lose when time's up. (requested by PokemonLoverFairy)\n|\n|t:|1698778920\n|move|p2a: Groudon|Earthquake|p1a: Calyrex\n|-damage|p1a: Calyrex|0 fnt\n|faint|p1a: Calyrex\n|\n|-weather|SunnyDay|[upkeep]\n|-heal|p2a: Groudon|85\/100|[from] item: Leftovers\n|upkeep\n|inactive|PokemonLoverFairy has 120 seconds left.\n|\n|t:|1698778957\n|switch|p1a: Koraidon|Koraidon|100\/100\n|-activate|p1a: Koraidon|ability: Orichalcum Pulse\n|turn|13\n|inactive|PokemonLoverFairy has 120 seconds left.\n|\n|t:|1698778972\n|move|p2a: Groudon|Earthquake|p1a: Koraidon\n|-damage|p1a: Koraidon|0 fnt\n|faint|p1a: Koraidon\n|\n|-weather|SunnyDay|[upkeep]\n|-heal|p2a: Groudon|91\/100|[from] item: Leftovers\n|upkeep\n|\n|t:|1698778981\n|switch|p1a: Zacian|Zacian-Crowned|100\/100\n|-ability|p1a: Zacian|Intrepid Sword|boost\n|-boost|p1a: Zacian|atk|1\n|turn|14\n|inactive|PokemonLoverFairy has 120 seconds left.\n|\n|t:|1698778992\n|-terastallize|p1a: Zacian|Ground\n|move|p2a: Groudon|Earthquake|p1a: Zacian\n|-damage|p1a: Zacian|0 fnt\n|faint|p1a: Zacian\n|\n|-weather|none\n|-heal|p2a: Groudon|97\/100|[from] item: Leftovers\n|upkeep\n|\n|t:|1698779001\n|switch|p1a: Hoopa|Hoopa-Unbound|100\/100\n|turn|15\n|inactive|PokemonLoverFairy has 120 seconds left.\n|\n|t:|1698779006\n|move|p2a: Groudon|Earthquake|p1a: Hoopa\n|-damage|p1a: Hoopa|0 fnt\n|faint|p1a: Hoopa\n|\n|-heal|p2a: Groudon|100\/100|[from] item: Leftovers\n|upkeep\n|inactive|PokemonLoverFairy has 120 seconds left.\n|\n|t:|1698779013\n|switch|p1a: Roaring Moon|Roaring Moon|100\/100\n|turn|16\n|\n|t:|1698779019\n|move|p2a: Groudon|Earthquake|p1a: Roaring Moon\n|-damage|p1a: Roaring Moon|0 fnt\n|faint|p1a: Roaring Moon\n|-end|p1a: Roaring Moon|Protosynthesis|[silent]\n|\n|win|Riverstar21\n|raw|PokemonLoverFairy's rating: 1155 &rarr; <strong>1131<\/strong><br \/>(-24 for losing)\n|raw|Riverstar21's rating: 1174 &rarr; <strong>1198<\/strong><br \/>(+24 for winning)\n","uploadtime":1698779025,"views":9,"p1id":"pokemonloverfairy","p2id":"riverstar21","formatid":"gen9anythinggoes","rating":1131,"private":0,"password":""}