{"id":"gen9anythinggoes-1979498534","p1":"person613","p2":"losttyrant","format":"[Gen 9] Anything Goes","log":"|j|\u2606person613\n|j|\u2606losttyrant\n|t:|1698687437\n|gametype|singles\n|player|p1|person613|169|1221\n|player|p2|losttyrant|169|1132\n|teamsize|p1|6\n|teamsize|p2|6\n|gen|9\n|tier|[Gen 9] Anything Goes\n|rated|\n|rule|HP Percentage Mod: HP is shown in percentages\n|rule|Endless Battle Clause: Forcing endless battles is banned\n|clearpoke\n|poke|p1|Breloom, F|\n|poke|p1|Dondozo, F|\n|poke|p1|Dragapult, M|\n|poke|p1|Calyrex-Shadow|\n|poke|p1|Zacian-*|\n|poke|p1|Zapdos|\n|poke|p2|Groudon|\n|poke|p2|Walking Wake|\n|poke|p2|Typhlosion, M|\n|poke|p2|Palossand, M|\n|poke|p2|Altaria, F|\n|poke|p2|Dachsbun, M|\n|teampreview\n|inactive|Battle timer is ON: inactive players will automatically lose when time's up. (requested by losttyrant)\n|\n|t:|1698687470\n|start\n|switch|p1a: Dondozo|Dondozo, F|100\/100\n|switch|p2a: Groudon|Groudon|100\/100\n|-weather|SunnyDay|[from] ability: Drought|[of] p2a: Groudon\n|turn|1\n|c|\u2606losttyrant|nice team fam\n|\n|t:|1698687483\n|move|p2a: Groudon|Thunder Wave|p1a: Dondozo\n|-status|p1a: Dondozo|par\n|move|p1a: Dondozo|Curse|p1a: Dondozo\n|-unboost|p1a: Dondozo|spe|1\n|-boost|p1a: Dondozo|atk|1\n|-boost|p1a: Dondozo|def|1\n|\n|-weather|SunnyDay|[upkeep]\n|upkeep\n|turn|2\n|\n|t:|1698687501\n|switch|p2a: Palossand|Palossand, M|100\/100\n|move|p1a: Dondozo|Curse|p1a: Dondozo\n|-unboost|p1a: Dondozo|spe|1\n|-boost|p1a: Dondozo|atk|1\n|-boost|p1a: Dondozo|def|1\n|\n|-weather|SunnyDay|[upkeep]\n|upkeep\n|turn|3\n|\n|t:|1698687510\n|move|p2a: Palossand|Destiny Bond|p2a: Palossand\n|-singlemove|p2a: Palossand|Destiny Bond\n|move|p1a: Dondozo|Curse|p1a: Dondozo\n|-unboost|p1a: Dondozo|spe|1\n|-boost|p1a: Dondozo|atk|1\n|-boost|p1a: Dondozo|def|1\n|\n|-weather|SunnyDay|[upkeep]\n|upkeep\n|turn|4\n|\n|t:|1698687523\n|move|p2a: Palossand|Stealth Rock|p1a: Dondozo\n|-sidestart|p1: person613|move: Stealth Rock\n|move|p1a: Dondozo|Curse|p1a: Dondozo\n|-unboost|p1a: Dondozo|spe|1\n|-boost|p1a: Dondozo|atk|1\n|-boost|p1a: Dondozo|def|1\n|\n|-weather|SunnyDay|[upkeep]\n|upkeep\n|turn|5\n|\n|t:|1698687531\n|move|p2a: Palossand|Giga Drain|p1a: Dondozo\n|-supereffective|p1a: Dondozo\n|-damage|p1a: Dondozo|68\/100 par\n|cant|p1a: Dondozo|par\n|\n|-weather|none\n|-heal|p1a: Dondozo|74\/100 par|[from] item: Leftovers\n|upkeep\n|turn|6\n|\n|t:|1698687539\n|move|p2a: Palossand|Sunny Day|p2a: Palossand\n|-weather|SunnyDay\n|move|p1a: Dondozo|Curse|p1a: Dondozo\n|-unboost|p1a: Dondozo|spe|1\n|-boost|p1a: Dondozo|atk|1\n|-boost|p1a: Dondozo|def|1\n|\n|-weather|SunnyDay|[upkeep]\n|-heal|p1a: Dondozo|80\/100 par|[from] item: Leftovers\n|upkeep\n|turn|7\n|\n|t:|1698687549\n|move|p2a: Palossand|Giga Drain|p1a: Dondozo\n|-supereffective|p1a: Dondozo\n|-damage|p1a: Dondozo|46\/100 par\n|move|p1a: Dondozo|Avalanche|p2a: Palossand\n|-supereffective|p2a: Palossand\n|-damage|p2a: Palossand|0 fnt\n|faint|p2a: Palossand\n|\n|-weather|SunnyDay|[upkeep]\n|-heal|p1a: Dondozo|52\/100 par|[from] item: Leftovers\n|upkeep\n|\n|t:|1698687559\n|switch|p2a: Walking Wake|Walking Wake|100\/100\n|-activate|p2a: Walking Wake|ability: Protosynthesis\n|-start|p2a: Walking Wake|protosynthesisspa\n|turn|8\n|\n|t:|1698687566\n|move|p2a: Walking Wake|Draco Meteor|p1a: Dondozo\n|-damage|p1a: Dondozo|0 fnt\n|-unboost|p2a: Walking Wake|spa|2\n|faint|p1a: Dondozo\n|\n|-weather|SunnyDay|[upkeep]\n|upkeep\n|\n|t:|1698687574\n|switch|p1a: Zacian|Zacian-Crowned, shiny|100\/100\n|-damage|p1a: Zacian|94\/100|[from] Stealth Rock\n|-ability|p1a: Zacian|Intrepid Sword|boost\n|-boost|p1a: Zacian|atk|1\n|turn|9\n|\n|t:|1698687584\n|-end|p2a: Walking Wake|Protosynthesis|[silent]\n|switch|p2a: Groudon|Groudon|100\/100\n|-terastallize|p1a: Zacian|Fairy\n|move|p1a: Zacian|Play Rough|p2a: Groudon\n|-damage|p2a: Groudon|32\/100\n|\n|-weather|SunnyDay|[upkeep]\n|-heal|p2a: Groudon|39\/100|[from] item: Leftovers\n|upkeep\n|turn|10\n|\n|t:|1698687594\n|move|p1a: Zacian|Play Rough|p2a: Groudon\n|-crit|p2a: Groudon\n|-damage|p2a: Groudon|0 fnt\n|faint|p2a: Groudon\n|\n|-weather|SunnyDay|[upkeep]\n|upkeep\n|\n|t:|1698687616\n|switch|p2a: Typhlosion|Typhlosion, M|100\/100\n|turn|11\n|\n|t:|1698687625\n|move|p1a: Zacian|Play Rough|p2a: Typhlosion\n|-resisted|p2a: Typhlosion\n|-damage|p2a: Typhlosion|25\/100\n|move|p2a: Typhlosion|Eruption|p1a: Zacian\n|-damage|p1a: Zacian|64\/100\n|\n|-weather|SunnyDay|[upkeep]\n|upkeep\n|turn|12\n|\n|t:|1698687633\n|move|p1a: Zacian|Play Rough|p2a: Typhlosion\n|-resisted|p2a: Typhlosion\n|-damage|p2a: Typhlosion|0 fnt\n|faint|p2a: Typhlosion\n|\n|-weather|SunnyDay|[upkeep]\n|upkeep\n|\n|t:|1698687639\n|switch|p2a: Walking Wake|Walking Wake|100\/100\n|-activate|p2a: Walking Wake|ability: Protosynthesis\n|-start|p2a: Walking Wake|protosynthesisspa\n|turn|13\n|\n|t:|1698687645\n|move|p2a: Walking Wake|Hydro Steam|p1a: Zacian\n|-damage|p1a: Zacian|0 fnt\n|faint|p1a: Zacian\n|\n|-weather|none\n|-end|p2a: Walking Wake|Protosynthesis\n|upkeep\n|\n|t:|1698687654\n|switch|p1a: Breloom|Breloom, F, shiny|100\/100\n|-damage|p1a: Breloom|94\/100|[from] Stealth Rock\n|turn|14\n|\n|t:|1698687658\n|-end|p2a: Walking Wake|Protosynthesis|[silent]\n|switch|p2a: Dachsbun|Dachsbun, M|100\/100\n|move|p1a: Breloom|Spore|p2a: Dachsbun\n|-status|p2a: Dachsbun|slp|[from] move: Spore\n|\n|-status|p1a: Breloom|tox|[from] item: Toxic Orb\n|upkeep\n|turn|15\n|\n|t:|1698687670\n|move|p1a: Breloom|Leech Seed|p2a: Dachsbun\n|-start|p2a: Dachsbun|move: Leech Seed\n|cant|p2a: Dachsbun|slp\n|\n|-damage|p2a: Dachsbun|88\/100 slp|[from] Leech Seed|[of] p1a: Breloom\n|-heal|p1a: Breloom|100\/100 tox|[silent]\n|upkeep\n|turn|16\n|\n|t:|1698687676\n|move|p1a: Breloom|Substitute|p1a: Breloom\n|-start|p1a: Breloom|Substitute\n|-damage|p1a: Breloom|75\/100 tox\n|cant|p2a: Dachsbun|slp\n|\n|-damage|p2a: Dachsbun|76\/100 slp|[from] Leech Seed|[of] p1a: Breloom\n|-heal|p1a: Breloom|88\/100 tox|[silent]\n|-heal|p1a: Breloom|99\/100 tox|[from] ability: Poison Heal\n|upkeep\n|turn|17\n|\n|t:|1698687686\n|move|p1a: Breloom|Mach Punch|p2a: Dachsbun\n|-resisted|p2a: Dachsbun\n|-damage|p2a: Dachsbun|69\/100 slp\n|-curestatus|p2a: Dachsbun|slp|[msg]\n|move|p2a: Dachsbun|Sunny Day|p2a: Dachsbun\n|-weather|SunnyDay\n|\n|-weather|SunnyDay|[upkeep]\n|-damage|p2a: Dachsbun|57\/100|[from] Leech Seed|[of] p1a: Breloom\n|-heal|p1a: Breloom|100\/100 tox|[silent]\n|upkeep\n|turn|18\n|\n|t:|1698687700\n|move|p2a: Dachsbun|Play Rough|p1a: Breloom\n|-supereffective|p1a: Breloom\n|-end|p1a: Breloom|Substitute\n|move|p1a: Breloom|Spore|p2a: Dachsbun\n|-status|p2a: Dachsbun|slp|[from] move: Spore\n|\n|-weather|SunnyDay|[upkeep]\n|-damage|p2a: Dachsbun|45\/100 slp|[from] Leech Seed|[of] p1a: Breloom\n|upkeep\n|turn|19\n|\n|t:|1698687708\n|switch|p2a: Walking Wake|Walking Wake|100\/100\n|-activate|p2a: Walking Wake|ability: Protosynthesis\n|-start|p2a: Walking Wake|protosynthesisspa\n|move|p1a: Breloom|Substitute|p1a: Breloom\n|-start|p1a: Breloom|Substitute\n|-damage|p1a: Breloom|75\/100 tox\n|\n|-weather|SunnyDay|[upkeep]\n|-heal|p1a: Breloom|88\/100 tox|[from] ability: Poison Heal\n|upkeep\n|turn|20\n|\n|t:|1698687720\n|move|p2a: Walking Wake|Weather Ball|p1a: Breloom\n|-supereffective|p1a: Breloom\n|-end|p1a: Breloom|Substitute\n|move|p1a: Breloom|Spore|p2a: Walking Wake\n|-status|p2a: Walking Wake|slp|[from] move: Spore\n|\n|-weather|SunnyDay|[upkeep]\n|-heal|p1a: Breloom|99\/100 tox|[from] ability: Poison Heal\n|upkeep\n|turn|21\n|\n|t:|1698687728\n|cant|p2a: Walking Wake|slp\n|move|p1a: Breloom|Leech Seed|p2a: Walking Wake\n|-start|p2a: Walking Wake|move: Leech Seed\n|\n|-weather|none\n|-end|p2a: Walking Wake|Protosynthesis\n|-damage|p2a: Walking Wake|88\/100 slp|[from] Leech Seed|[of] p1a: Breloom\n|-heal|p1a: Breloom|100\/100 tox|[silent]\n|upkeep\n|turn|22\n|c|\u2606losttyrant|rip sleep clause\n|\n|t:|1698687739\n|-end|p2a: Walking Wake|Protosynthesis|[silent]\n|switch|p2a: Dachsbun|Dachsbun, M|45\/100 slp\n|move|p1a: Breloom|Substitute|p1a: Breloom\n|-start|p1a: Breloom|Substitute\n|-damage|p1a: Breloom|75\/100 tox\n|\n|-heal|p1a: Breloom|88\/100 tox|[from] ability: Poison Heal\n|upkeep\n|turn|23\n|\n|t:|1698687749\n|cant|p2a: Dachsbun|slp\n|move|p1a: Breloom|Leech Seed|p2a: Dachsbun\n|-start|p2a: Dachsbun|move: Leech Seed\n|\n|-damage|p2a: Dachsbun|33\/100 slp|[from] Leech Seed|[of] p1a: Breloom\n|-heal|p1a: Breloom|99\/100 tox|[silent]\n|-heal|p1a: Breloom|100\/100 tox|[from] ability: Poison Heal\n|upkeep\n|turn|24\n|\n|t:|1698687758\n|move|p1a: Breloom|Spore|p2a: Dachsbun\n|-fail|p2a: Dachsbun|slp\n|cant|p2a: Dachsbun|slp\n|\n|-damage|p2a: Dachsbun|20\/100 slp|[from] Leech Seed|[of] p1a: Breloom\n|upkeep\n|turn|25\n|\n|t:|1698687766\n|move|p1a: Breloom|Mach Punch|p2a: Dachsbun\n|-resisted|p2a: Dachsbun\n|-damage|p2a: Dachsbun|13\/100 slp\n|cant|p2a: Dachsbun|slp\n|\n|-damage|p2a: Dachsbun|1\/100 slp|[from] Leech Seed|[of] p1a: Breloom\n|upkeep\n|turn|26\n|\n|t:|1698687773\n|move|p1a: Breloom|Mach Punch|p2a: Dachsbun\n|-resisted|p2a: Dachsbun\n|-damage|p2a: Dachsbun|0 fnt\n|faint|p2a: Dachsbun\n|\n|upkeep\n|\n|t:|1698687786\n|switch|p2a: Walking Wake|Walking Wake|88\/100 slp\n|turn|27\n|\n|t:|1698687797\n|cant|p2a: Walking Wake|slp\n|move|p1a: Breloom|Leech Seed|p2a: Walking Wake|[miss]\n|-miss|p1a: Breloom|p2a: Walking Wake\n|\n|upkeep\n|turn|28\n|\n|t:|1698687807\n|-end|p2a: Walking Wake|Protosynthesis|[silent]\n|switch|p2a: Altaria|Altaria, F|100\/100\n|-ability|p2a: Altaria|Cloud Nine\n|move|p1a: Breloom|Leech Seed|p2a: Altaria\n|-start|p2a: Altaria|move: Leech Seed\n|\n|-damage|p2a: Altaria|88\/100|[from] Leech Seed|[of] p1a: Breloom\n|upkeep\n|turn|29\n|\n|t:|1698687828\n|move|p1a: Breloom|Spore|p2a: Altaria\n|-status|p2a: Altaria|slp|[from] move: Spore\n|cant|p2a: Altaria|slp\n|\n|-damage|p2a: Altaria|76\/100 slp|[from] Leech Seed|[of] p1a: Breloom\n|upkeep\n|turn|30\n|\n|t:|1698687835\n|move|p1a: Breloom|Mach Punch|p2a: Altaria\n|-resisted|p2a: Altaria\n|-damage|p2a: Altaria|69\/100 slp\n|-curestatus|p2a: Altaria|slp|[msg]\n|move|p2a: Altaria|Tailwind|p2a: Altaria\n|-sidestart|p2: losttyrant|move: Tailwind\n|\n|-damage|p2a: Altaria|56\/100|[from] Leech Seed|[of] p1a: Breloom\n|upkeep\n|turn|31\n|\n|t:|1698687847\n|move|p1a: Breloom|Mach Punch|p2a: Altaria\n|-resisted|p2a: Altaria\n|-damage|p2a: Altaria|49\/100\n|move|p2a: Altaria|Dragon Breath|p1a: Breloom\n|-activate|p1a: Breloom|move: Substitute|[damage]\n|\n|-damage|p2a: Altaria|36\/100|[from] Leech Seed|[of] p1a: Breloom\n|upkeep\n|turn|32\n|\n|t:|1698687855\n|switch|p2a: Walking Wake|Walking Wake|88\/100 slp\n|move|p1a: Breloom|Mach Punch|p2a: Walking Wake\n|-damage|p2a: Walking Wake|69\/100 slp\n|\n|upkeep\n|turn|33\n|\n|t:|1698687871\n|-end|p2a: Walking Wake|Protosynthesis|[silent]\n|switch|p2a: Altaria|Altaria, F|36\/100\n|-ability|p2a: Altaria|Cloud Nine\n|move|p1a: Breloom|Leech Seed|p2a: Altaria\n|-start|p2a: Altaria|move: Leech Seed\n|\n|-damage|p2a: Altaria|24\/100|[from] Leech Seed|[of] p1a: Breloom\n|-sideend|p2: losttyrant|move: Tailwind\n|upkeep\n|turn|34\n|\n|t:|1698687882\n|move|p1a: Breloom|Spore|p2a: Altaria\n|-status|p2a: Altaria|slp|[from] move: Spore\n|cant|p2a: Altaria|slp\n|\n|-damage|p2a: Altaria|12\/100 slp|[from] Leech Seed|[of] p1a: Breloom\n|upkeep\n|turn|35\n|\n|t:|1698687888\n|move|p1a: Breloom|Mach Punch|p2a: Altaria\n|-resisted|p2a: Altaria\n|-damage|p2a: Altaria|4\/100 slp\n|cant|p2a: Altaria|slp\n|\n|-damage|p2a: Altaria|0 fnt|[from] Leech Seed|[of] p1a: Breloom\n|faint|p2a: Altaria\n|upkeep\n|c|\u2606losttyrant|gg man\n|\n|t:|1698687897\n|switch|p2a: Walking Wake|Walking Wake|69\/100 slp\n|turn|36\n|\n|t:|1698687912\n|move|p1a: Breloom|Mach Punch|p2a: Walking Wake\n|-damage|p2a: Walking Wake|49\/100 slp\n|cant|p2a: Walking Wake|slp\n|\n|upkeep\n|turn|37\n|\n|t:|1698687926\n|-curestatus|p2a: Walking Wake|slp|[msg]\n|move|p2a: Walking Wake|Hydro Steam|p1a: Breloom\n|-resisted|p1a: Breloom\n|-end|p1a: Breloom|Substitute\n|move|p1a: Breloom|Leech Seed|p2a: Walking Wake\n|-start|p2a: Walking Wake|move: Leech Seed\n|\n|-damage|p2a: Walking Wake|36\/100|[from] Leech Seed|[of] p1a: Breloom\n|upkeep\n|turn|38\n|\n|t:|1698687936\n|move|p2a: Walking Wake|Hydro Steam|p1a: Breloom\n|-resisted|p1a: Breloom\n|-damage|p1a: Breloom|63\/100 tox\n|move|p1a: Breloom|Spore|p2a: Walking Wake\n|-status|p2a: Walking Wake|slp|[from] move: Spore\n|\n|-damage|p2a: Walking Wake|24\/100 slp|[from] Leech Seed|[of] p1a: Breloom\n|-heal|p1a: Breloom|76\/100 tox|[silent]\n|-heal|p1a: Breloom|88\/100 tox|[from] ability: Poison Heal\n|upkeep\n|turn|39\n|\n|t:|1698687945\n|move|p1a: Breloom|Mach Punch|p2a: Walking Wake\n|-damage|p2a: Walking Wake|4\/100 slp\n|cant|p2a: Walking Wake|slp\n|\n|-damage|p2a: Walking Wake|0 fnt|[from] Leech Seed|[of] p1a: Breloom\n|-heal|p1a: Breloom|92\/100 tox|[silent]\n|faint|p2a: Walking Wake\n|-end|p2a: Walking Wake|Protosynthesis|[silent]\n|\n|win|person613\n|upkeep\n|raw|person613's rating: 1221 &rarr; <strong>1240<\/strong><br \/>(+19 for winning)\n|raw|losttyrant's rating: 1132 &rarr; <strong>1113<\/strong><br \/>(-19 for losing)\n|l|\u2606losttyrant\n","uploadtime":1698687957,"views":8,"p1id":"person613","p2id":"losttyrant","formatid":"gen9anythinggoes","rating":1113,"private":0,"password":""}