{"id":"gen9anythinggoes-1983598919","p1":"2KindsOfSunnyD","p2":"hide killer KTV","format":"[Gen 9] Anything Goes","log":"|j|\u26062KindsOfSunnyD\n|j|\u2606hide killer KTV\n|t:|1699147828\n|gametype|singles\n|player|p1|2KindsOfSunnyD|dawn|1124\n|player|p2|hide killer KTV|alain|1140\n|teamsize|p1|6\n|teamsize|p2|6\n|gen|9\n|tier|[Gen 9] Anything Goes\n|rated|\n|rule|HP Percentage Mod: HP is shown in percentages\n|rule|Endless Battle Clause: Forcing endless battles is banned\n|clearpoke\n|poke|p1|Rillaboom, F|\n|poke|p1|Slowking, M|\n|poke|p1|Miraidon|\n|poke|p1|Corviknight, F|\n|poke|p1|Ceruledge, F|\n|poke|p1|Hatterene, F|\n|poke|p2|Urshifu-*, M|\n|poke|p2|Calyrex-Shadow|\n|poke|p2|Miraidon|\n|poke|p2|Flutter Mane|\n|poke|p2|Chi-Yu|\n|poke|p2|Arceus-Ground|\n|teampreview\n|inactive|Battle timer is ON: inactive players will automatically lose when time's up. (requested by hide killer KTV)\n|\n|t:|1699147842\n|start\n|switch|p1a: Rillaboom|Rillaboom, F|100\/100\n|switch|p2a: Urshifu|Urshifu, M|100\/100\n|-fieldstart|move: Grassy Terrain|[from] ability: Grassy Surge|[of] p1a: Rillaboom\n|turn|1\n|\n|t:|1699147847\n|move|p2a: Urshifu|Wicked Blow|p1a: Rillaboom\n|-crit|p1a: Rillaboom\n|-damage|p1a: Rillaboom|5\/100\n|move|p1a: Rillaboom|Swords Dance|p1a: Rillaboom\n|-boost|p1a: Rillaboom|atk|2\n|\n|-heal|p1a: Rillaboom|11\/100|[from] Grassy Terrain\n|-heal|p1a: Rillaboom|18\/100|[from] item: Leftovers\n|upkeep\n|turn|2\n|\n|t:|1699147856\n|switch|p1a: Ceruledge|Ceruledge, F|100\/100\n|move|p2a: Urshifu|Wicked Blow|p1a: Ceruledge\n|-supereffective|p1a: Ceruledge\n|-crit|p1a: Ceruledge\n|-damage|p1a: Ceruledge|0 fnt\n|faint|p1a: Ceruledge\n|\n|upkeep\n|\n|t:|1699147864\n|switch|p1a: Miraidon|Miraidon|100\/100\n|-fieldstart|move: Electric Terrain|[from] ability: Hadron Engine|[of] p1a: Miraidon\n|turn|3\n|\n|t:|1699147871\n|move|p1a: Miraidon|Thunder Wave|p2a: Urshifu|[miss]\n|-miss|p1a: Miraidon|p2a: Urshifu\n|move|p2a: Urshifu|Wicked Blow|p1a: Miraidon\n|-crit|p1a: Miraidon\n|-damage|p1a: Miraidon|6\/100\n|\n|upkeep\n|turn|4\n|\n|t:|1699147880\n|switch|p2a: Arceus|Arceus-Ground|100\/100\n|move|p1a: Miraidon|Thunder Wave|p2a: Arceus\n|-immune|p2a: Arceus\n|\n|upkeep\n|turn|5\n|\n|t:|1699147887\n|switch|p1a: Slowking|Slowking, M|100\/100\n|move|p2a: Arceus|Judgment|p1a: Slowking\n|-damage|p1a: Slowking|52\/100\n|\n|-heal|p1a: Slowking|58\/100|[from] item: Leftovers\n|upkeep\n|turn|6\n|\n|t:|1699147896\n|move|p2a: Arceus|Thunderbolt|p1a: Slowking\n|-supereffective|p1a: Slowking\n|-damage|p1a: Slowking|0 fnt\n|faint|p1a: Slowking\n|\n|upkeep\n|\n|t:|1699147901\n|switch|p1a: Hatterene|Hatterene, F|100\/100\n|turn|7\n|\n|t:|1699147904\n|move|p2a: Arceus|Stealth Rock|p1a: Hatterene\n|move|p1a: Hatterene|Stealth Rock|p2a: Arceus|[from]ability: Magic Bounce\n|-sidestart|p2: hide killer KTV|move: Stealth Rock\n|move|p1a: Hatterene|Substitute|p1a: Hatterene\n|-start|p1a: Hatterene|Substitute\n|-damage|p1a: Hatterene|75\/100\n|\n|-heal|p1a: Hatterene|82\/100|[from] item: Leftovers\n|-fieldend|move: Electric Terrain\n|upkeep\n|turn|8\n|\n|t:|1699147912\n|move|p2a: Arceus|Judgment|p1a: Hatterene\n|-end|p1a: Hatterene|Substitute\n|move|p1a: Hatterene|Calm Mind|p1a: Hatterene\n|-boost|p1a: Hatterene|spa|1\n|-boost|p1a: Hatterene|spd|1\n|\n|-heal|p1a: Hatterene|88\/100|[from] item: Leftovers\n|upkeep\n|turn|9\n|\n|t:|1699147924\n|move|p2a: Arceus|Judgment|p1a: Hatterene\n|-damage|p1a: Hatterene|42\/100\n|move|p1a: Hatterene|Substitute|p1a: Hatterene\n|-start|p1a: Hatterene|Substitute\n|-damage|p1a: Hatterene|17\/100\n|\n|-heal|p1a: Hatterene|23\/100|[from] item: Leftovers\n|upkeep\n|turn|10\n|\n|t:|1699147932\n|move|p2a: Arceus|Judgment|p1a: Hatterene\n|-end|p1a: Hatterene|Substitute\n|move|p1a: Hatterene|Stored Power|p2a: Arceus\n|-damage|p2a: Arceus|67\/100\n|\n|-heal|p1a: Hatterene|29\/100|[from] item: Leftovers\n|upkeep\n|turn|11\n|\n|t:|1699147940\n|switch|p1a: Corviknight|Corviknight, F|100\/100\n|move|p2a: Arceus|Judgment|p1a: Corviknight\n|-immune|p1a: Corviknight\n|\n|upkeep\n|turn|12\n|\n|t:|1699147951\n|move|p2a: Arceus|Thunderbolt|p1a: Corviknight\n|-supereffective|p1a: Corviknight\n|-damage|p1a: Corviknight|42\/100\n|move|p1a: Corviknight|Iron Head|p2a: Arceus\n|-damage|p2a: Arceus|42\/100\n|\n|upkeep\n|turn|13\n|\n|t:|1699147958\n|switch|p1a: Rillaboom|Rillaboom, F|18\/100\n|-fieldstart|move: Grassy Terrain|[from] ability: Grassy Surge|[of] p1a: Rillaboom\n|move|p2a: Arceus|Stealth Rock|p1a: Rillaboom\n|-sidestart|p1: 2KindsOfSunnyD|move: Stealth Rock\n|\n|-heal|p2a: Arceus|48\/100|[from] Grassy Terrain\n|-heal|p1a: Rillaboom|24\/100|[from] Grassy Terrain\n|-heal|p1a: Rillaboom|30\/100|[from] item: Leftovers\n|upkeep\n|turn|14\n|\n|t:|1699147971\n|move|p2a: Arceus|Recover|p2a: Arceus\n|-heal|p2a: Arceus|98\/100\n|move|p1a: Rillaboom|Drain Punch|p2a: Arceus\n|-damage|p2a: Arceus|82\/100\n|-heal|p1a: Rillaboom|40\/100|[from] drain|[of] p2a: Arceus\n|\n|-heal|p2a: Arceus|88\/100|[from] Grassy Terrain\n|-heal|p1a: Rillaboom|46\/100|[from] Grassy Terrain\n|-heal|p1a: Rillaboom|52\/100|[from] item: Leftovers\n|upkeep\n|turn|15\n|\n|t:|1699147989\n|switch|p2a: Miraidon|Miraidon|100\/100\n|-damage|p2a: Miraidon|88\/100|[from] Stealth Rock\n|-fieldstart|move: Electric Terrain|[from] ability: Hadron Engine|[of] p2a: Miraidon\n|move|p1a: Rillaboom|Drain Punch|p2a: Miraidon\n|-damage|p2a: Miraidon|70\/100\n|-heal|p1a: Rillaboom|62\/100|[from] drain|[of] p2a: Miraidon\n|\n|-heal|p2a: Miraidon|76\/100|[from] item: Leftovers\n|-heal|p1a: Rillaboom|69\/100|[from] item: Leftovers\n|upkeep\n|turn|16\n|\n|t:|1699148008\n|move|p2a: Miraidon|Calm Mind|p2a: Miraidon\n|-boost|p2a: Miraidon|spa|1\n|-boost|p2a: Miraidon|spd|1\n|move|p1a: Rillaboom|Drain Punch|p2a: Miraidon\n|-damage|p2a: Miraidon|60\/100\n|-heal|p1a: Rillaboom|78\/100|[from] drain|[of] p2a: Miraidon\n|\n|-heal|p2a: Miraidon|66\/100|[from] item: Leftovers\n|-heal|p1a: Rillaboom|84\/100|[from] item: Leftovers\n|upkeep\n|turn|17\n|\n|t:|1699148017\n|switch|p1a: Corviknight|Corviknight, F|42\/100\n|-damage|p1a: Corviknight|30\/100|[from] Stealth Rock\n|move|p2a: Miraidon|Dragon Pulse|p1a: Corviknight\n|-resisted|p1a: Corviknight\n|-damage|p1a: Corviknight|0 fnt\n|faint|p1a: Corviknight\n|\n|-heal|p2a: Miraidon|72\/100|[from] item: Leftovers\n|upkeep\n|\n|t:|1699148026\n|switch|p1a: Rillaboom|Rillaboom, F|84\/100\n|-damage|p1a: Rillaboom|71\/100|[from] Stealth Rock\n|-fieldstart|move: Grassy Terrain|[from] ability: Grassy Surge|[of] p1a: Rillaboom\n|turn|18\n|\n|t:|1699148040\n|move|p2a: Miraidon|Dragon Pulse|p1a: Rillaboom\n|-damage|p1a: Rillaboom|2\/100\n|move|p1a: Rillaboom|Swords Dance|p1a: Rillaboom\n|-boost|p1a: Rillaboom|atk|2\n|\n|-heal|p2a: Miraidon|78\/100|[from] Grassy Terrain\n|-heal|p2a: Miraidon|84\/100|[from] item: Leftovers\n|-heal|p1a: Rillaboom|8\/100|[from] Grassy Terrain\n|-heal|p1a: Rillaboom|14\/100|[from] item: Leftovers\n|upkeep\n|turn|19\n|\n|t:|1699148050\n|move|p2a: Miraidon|Dragon Pulse|p1a: Rillaboom\n|-damage|p1a: Rillaboom|0 fnt\n|faint|p1a: Rillaboom\n|\n|-heal|p2a: Miraidon|90\/100|[from] Grassy Terrain\n|-heal|p2a: Miraidon|96\/100|[from] item: Leftovers\n|upkeep\n|\n|t:|1699148057\n|switch|p1a: Hatterene|Hatterene, F|29\/100\n|-damage|p1a: Hatterene|17\/100|[from] Stealth Rock\n|turn|20\n|\n|t:|1699148060\n|move|p2a: Miraidon|Parabolic Charge|p1a: Hatterene\n|-damage|p1a: Hatterene|0 fnt\n|-heal|p2a: Miraidon|100\/100|[from] drain|[of] p1a: Hatterene\n|faint|p1a: Hatterene\n|\n|upkeep\n|\n|t:|1699148066\n|switch|p1a: Miraidon|Miraidon|6\/100\n|-damage|p1a: Miraidon|0 fnt|[from] Stealth Rock\n|faint|p1a: Miraidon\n|\n|win|hide killer KTV\n|raw|2KindsOfSunnyD's rating: 1124 &rarr; <strong>1100<\/strong><br \/>(-24 for losing)\n|raw|hide killer KTV's rating: 1140 &rarr; <strong>1164<\/strong><br \/>(+24 for winning)\n|l|\u26062KindsOfSunnyD\n","uploadtime":1699148472,"views":10,"p1id":"2kindsofsunnyd","p2id":"hidekillerktv","formatid":"gen9anythinggoes","rating":1100,"private":0,"password":""}