{"id":"gen9anythinggoes-1993925804","p1":"Elite2008","p2":"carlopp","format":"[Gen 9] Anything Goes","log":"|j|\u2606Elite2008\n|j|\u2606carlopp\n|t:|1700376580\n|gametype|singles\n|player|p1|Elite2008|rocketgrunt|1145\n|player|p2|carlopp|steven|1082\n|teamsize|p1|6\n|teamsize|p2|6\n|gen|9\n|tier|[Gen 9] Anything Goes\n|rated|\n|rule|HP Percentage Mod: HP is shown in percentages\n|rule|Endless Battle Clause: Forcing endless battles is banned\n|clearpoke\n|poke|p1|Chien-Pao|\n|poke|p1|Gholdengo|\n|poke|p1|Tyranitar, M|\n|poke|p1|Quaquaval, M|\n|poke|p1|Amoonguss, M|\n|poke|p1|Iron Treads|\n|poke|p2|Tyranitar, F|\n|poke|p2|Regieleki|\n|poke|p2|Regieleki|\n|poke|p2|Houndstone, M|\n|poke|p2|Magearna-Original|\n|poke|p2|Regieleki|\n|teampreview\n|\n|t:|1700376601\n|start\n|switch|p1a: Knockoff Donphan|Iron Treads|100\/100\n|switch|p2a: Regieleki|Regieleki|100\/100\n|turn|1\n|inactive|Battle timer is ON: inactive players will automatically lose when time's up. (requested by Elite2008)\n|n|!Elite2008|elite2008\n|\n|t:|1700376617\n|move|p2a: Regieleki|Explosion|p1a: Knockoff Donphan\n|-resisted|p1a: Knockoff Donphan\n|-damage|p1a: Knockoff Donphan|81\/100\n|faint|p2a: Regieleki\n|move|p1a: Knockoff Donphan|Earthquake|p2: Regieleki|[notarget]\n|-fail|p1a: Knockoff Donphan\n|\n|-heal|p1a: Knockoff Donphan|87\/100|[from] item: Leftovers\n|upkeep\n|\n|t:|1700376625\n|switch|p2a: Magearna|Magearna-Original|100\/100\n|turn|2\n|\n|t:|1700376632\n|move|p2a: Magearna|Misty Explosion|p1a: Knockoff Donphan\n|-resisted|p1a: Knockoff Donphan\n|-damage|p1a: Knockoff Donphan|62\/100\n|faint|p2a: Magearna\n|move|p1a: Knockoff Donphan|Earthquake|p2: Magearna|[notarget]\n|-fail|p1a: Knockoff Donphan\n|\n|-heal|p1a: Knockoff Donphan|68\/100|[from] item: Leftovers\n|upkeep\n|inactive|carlopp has 120 seconds left.\n|\n|t:|1700376677\n|switch|p2a: Regieleki|Regieleki|100\/100\n|turn|3\n|\n|t:|1700376692\n|move|p2a: Regieleki|Explosion|p1a: Knockoff Donphan\n|-resisted|p1a: Knockoff Donphan\n|-damage|p1a: Knockoff Donphan|46\/100\n|faint|p2a: Regieleki\n|move|p1a: Knockoff Donphan|Earthquake|p2: Regieleki|[notarget]\n|-fail|p1a: Knockoff Donphan\n|\n|-heal|p1a: Knockoff Donphan|53\/100|[from] item: Leftovers\n|upkeep\n|inactive|carlopp has 120 seconds left.\n|\n|t:|1700376700\n|switch|p2a: Regieleki|Regieleki|100\/100\n|turn|4\n|\n|t:|1700376704\n|move|p2a: Regieleki|Explosion|p1a: Knockoff Donphan\n|-resisted|p1a: Knockoff Donphan\n|-damage|p1a: Knockoff Donphan|37\/100\n|faint|p2a: Regieleki\n|move|p1a: Knockoff Donphan|Earthquake|p2: Regieleki|[notarget]\n|-fail|p1a: Knockoff Donphan\n|\n|-heal|p1a: Knockoff Donphan|43\/100|[from] item: Leftovers\n|upkeep\n|\n|t:|1700376717\n|switch|p2a: Tyranitar|Tyranitar, F|100\/100\n|-weather|Sandstorm|[from] ability: Sand Stream|[of] p2a: Tyranitar\n|turn|5\n|\n|t:|1700376722\n|switch|p2a: Houndstone|Houndstone, M|100\/100\n|move|p1a: Knockoff Donphan|Heavy Slam|p2a: Houndstone\n|-damage|p2a: Houndstone|48\/100\n|\n|-weather|Sandstorm|[upkeep]\n|-heal|p1a: Knockoff Donphan|49\/100|[from] item: Leftovers\n|upkeep\n|turn|6\n|\n|t:|1700376740\n|move|p2a: Houndstone|Last Respects|p1a: Knockoff Donphan\n|-damage|p1a: Knockoff Donphan|4\/100\n|move|p1a: Knockoff Donphan|Heavy Slam|p2a: Houndstone\n|-damage|p2a: Houndstone|0 fnt\n|faint|p2a: Houndstone\n|\n|-weather|Sandstorm|[upkeep]\n|-heal|p1a: Knockoff Donphan|11\/100|[from] item: Leftovers\n|upkeep\n|-message|carlopp forfeited.\n|\n|win|Elite2008\n|raw|Elite2008's rating: 1145 &rarr; <strong>1166<\/strong><br \/>(+21 for winning)\n|raw|carlopp's rating: 1082 &rarr; <strong>1064<\/strong><br \/>(-18 for losing)\n|l|\u2606carlopp\n","uploadtime":1700376613,"views":2,"p1id":"elite2008","p2id":"carlopp","formatid":"gen9anythinggoes","rating":1064,"private":0,"password":""}