{"id":"gen9anythinggoes-1983243303","p1":"lese256","p2":"Ai is good","format":"[Gen 9] Anything Goes","log":"|j|\u2606lese256\n|j|\u2606Ai is good\n|t:|1699109636\n|gametype|singles\n|player|p1|lese256|266|1814\n|player|p2|Ai is good|lillie-masters|1864\n|teamsize|p1|6\n|teamsize|p2|6\n|gen|9\n|tier|[Gen 9] Anything Goes\n|rated|\n|rule|HP Percentage Mod: HP is shown in percentages\n|rule|Endless Battle Clause: Forcing endless battles is banned\n|clearpoke\n|poke|p1|Arceus-Ground|\n|poke|p1|Ribombee, M|\n|poke|p1|Arceus|\n|poke|p1|Koraidon|\n|poke|p1|Calyrex-Shadow|\n|poke|p1|Kingambit, M|\n|poke|p2|Zacian-*|\n|poke|p2|Calyrex-Ice|\n|poke|p2|Koraidon|\n|poke|p2|Arceus|\n|poke|p2|Farigiraf, F|\n|poke|p2|Landorus-Therian, M|\n|teampreview\n|c|\u2606Ai is good|\u9001\u6211\u5427\n|c|\u2606Ai is good|()\n|j| AGisgood\u82cd\u54cd\u4fa0\n|c|\u2606lese256|\u4e0d\u9001\n|c| AGisgood\u82cd\u54cd\u4fa0|\uff1f\n|c| AGisgood\u82cd\u54cd\u4fa0|\u6211\u53bb\n|c|\u2606lese256|\ud83d\ude21\n|c|\u2606Ai is good|\u901f\u5ea6\u9001\u6211()\n|\n|t:|1699109666\n|start\n|switch|p1a: Ribombee|Ribombee, M|100\/100\n|switch|p2a: Koraidon|Koraidon|100\/100\n|-weather|SunnyDay|[from] ability: Orichalcum Pulse|[of] p2a: Koraidon\n|-activate|p2a: Koraidon|Orichalcum Pulse|[source]\n|turn|1\n|c|\u2606lese256|\u6211\u8981\u767b\u9876\n|c| AGisgood\u82cd\u54cd\u4fa0|\u82b1\u82b1\u8981k9\u4e86\ud83d\ude21\n|c|\u2606lese256|\ud83d\ude21\n|\n|t:|1699109681\n|move|p2a: Koraidon|Taunt|p1a: Ribombee\n|-start|p1a: Ribombee|move: Taunt\n|cant|p1a: Ribombee|move: Taunt|Sticky Web\n|\n|-weather|SunnyDay|[upkeep]\n|upkeep\n|turn|2\n|c|\u2606Ai is good|\ud83d\ude21\n|\n|t:|1699109686\n|switch|p2a: Zacian|Zacian-Crowned|100\/100\n|-ability|p2a: Zacian|Intrepid Sword|boost\n|-boost|p2a: Zacian|atk|1\n|move|p1a: Ribombee|Moonblast|p2a: Zacian\n|-resisted|p2a: Zacian\n|-damage|p2a: Zacian|80\/100\n|-unboost|p2a: Zacian|spa|1\n|\n|-weather|SunnyDay|[upkeep]\n|upkeep\n|turn|3\n|\n|t:|1699109692\n|switch|p1a: Arceus|Arceus-Ground|100\/100\n|move|p2a: Zacian|Behemoth Blade|p1a: Arceus\n|-damage|p1a: Arceus|39\/100\n|\n|-weather|SunnyDay|[upkeep]\n|upkeep\n|turn|4\n|\n|t:|1699109700\n|move|p2a: Zacian|Solar Blade||[still]\n|-prepare|p2a: Zacian|Solar Blade\n|-anim|p2a: Zacian|Solar Blade|p1a: Arceus\n|-supereffective|p1a: Arceus\n|-damage|p1a: Arceus|0 fnt\n|faint|p1a: Arceus\n|\n|-weather|SunnyDay|[upkeep]\n|upkeep\n|c| AGisgood\u82cd\u54cd\u4fa0|\u5783\u573e\u5730\u521b\n|\n|t:|1699109702\n|switch|p1a: Ribombee|Ribombee, M|100\/100\n|turn|5\n|\n|t:|1699109705\n|move|p2a: Zacian|Behemoth Blade|p1a: Ribombee\n|-supereffective|p1a: Ribombee\n|-enditem|p1a: Ribombee|Focus Sash\n|-damage|p1a: Ribombee|1\/100\n|move|p1a: Ribombee|Sticky Web|p2a: Zacian\n|-sidestart|p2: Ai is good|move: Sticky Web\n|\n|-weather|none\n|upkeep\n|turn|6\n|\n|t:|1699109708\n|move|p2a: Zacian|Behemoth Blade|p1a: Ribombee\n|-supereffective|p1a: Ribombee\n|-damage|p1a: Ribombee|0 fnt\n|faint|p1a: Ribombee\n|\n|upkeep\n|c| AGisgood\u82cd\u54cd\u4fa0|\u5367\u69fd\n|c|\u2606Ai is good|solar blade\n|\n|t:|1699109712\n|switch|p1a: Calyrex|Calyrex-Shadow|100\/100\n|-ability|p1a: Calyrex|As One\n|-ability|p1a: Calyrex|Unnerve\n|turn|7\n|\n|t:|1699109715\n|move|p1a: Calyrex|Astral Barrage|p2a: Zacian\n|-damage|p2a: Zacian|7\/100\n|move|p2a: Zacian|Behemoth Blade|p1a: Calyrex\n|-crit|p1a: Calyrex\n|-enditem|p1a: Calyrex|Focus Sash\n|-damage|p1a: Calyrex|1\/100\n|\n|upkeep\n|turn|8\n|\n|t:|1699109719\n|switch|p2a: Farigiraf|Farigiraf, F|100\/100\n|move|p1a: Calyrex|Psychic|p2a: Farigiraf\n|-resisted|p2a: Farigiraf\n|-damage|p2a: Farigiraf|80\/100\n|\n|upkeep\n|turn|9\n|\n|t:|1699109723\n|switch|p1a: Kingambit|Kingambit, M|100\/100\n|-activate|p1a: Kingambit|ability: Supreme Overlord\n|-start|p1a: Kingambit|fallen2|[silent]\n|move|p2a: Farigiraf|Foul Play|p1a: Kingambit\n|-resisted|p1a: Kingambit\n|-damage|p1a: Kingambit|87\/100\n|\n|-heal|p1a: Kingambit|93\/100|[from] item: Leftovers\n|upkeep\n|turn|10\n|j| i am a mcrib\n|inactive|Battle timer is ON: inactive players will automatically lose when time's up. (requested by Ai is good)\n|l| i am a mcrib\n|\n|t:|1699109743\n|switch|p2a: Landorus|Landorus-Therian, M|100\/100\n|-ability|p2a: Landorus|Intimidate|boost\n|-unboost|p1a: Kingambit|atk|1\n|move|p1a: Kingambit|Swords Dance|p1a: Kingambit\n|-boost|p1a: Kingambit|atk|2\n|\n|-heal|p1a: Kingambit|99\/100|[from] item: Leftovers\n|upkeep\n|turn|11\n|\n|t:|1699109747\n|move|p2a: Landorus|Stealth Rock|p1a: Kingambit\n|-sidestart|p1: lese256|move: Stealth Rock\n|move|p1a: Kingambit|Kowtow Cleave|p2a: Landorus\n|-damage|p2a: Landorus|33\/100\n|-damage|p1a: Kingambit|82\/100|[from] item: Rocky Helmet|[of] p2a: Landorus\n|\n|-heal|p1a: Kingambit|89\/100|[from] item: Leftovers\n|upkeep\n|turn|12\n|\n|t:|1699109751\n|move|p2a: Landorus|Taunt|p1a: Kingambit\n|-start|p1a: Kingambit|move: Taunt\n|move|p1a: Kingambit|Kowtow Cleave|p2a: Landorus\n|-damage|p2a: Landorus|0 fnt\n|-damage|p1a: Kingambit|72\/100|[from] item: Rocky Helmet|[of] p2a: Landorus\n|faint|p2a: Landorus\n|\n|-heal|p1a: Kingambit|78\/100|[from] item: Leftovers\n|upkeep\n|\n|t:|1699109754\n|switch|p2a: Koraidon|Koraidon|100\/100\n|-activate|p2a: Koraidon|move: Sticky Web\n|-unboost|p2a: Koraidon|spe|1\n|-weather|SunnyDay|[from] ability: Orichalcum Pulse|[of] p2a: Koraidon\n|-activate|p2a: Koraidon|Orichalcum Pulse|[source]\n|turn|13\n|\n|t:|1699109761\n|move|p2a: Koraidon|Flare Blitz|p1a: Kingambit\n|-supereffective|p1a: Kingambit\n|-damage|p1a: Kingambit|0 fnt\n|faint|p1a: Kingambit\n|-end|p1a: Kingambit|fallen2|[silent]\n|-damage|p2a: Koraidon|71\/100|[from] Recoil\n|\n|-weather|SunnyDay|[upkeep]\n|upkeep\n|\n|t:|1699109765\n|switch|p1a: Calyrex|Calyrex-Shadow|1\/100\n|-ability|p1a: Calyrex|As One\n|-ability|p1a: Calyrex|Unnerve\n|-damage|p1a: Calyrex|0 fnt|[from] Stealth Rock\n|faint|p1a: Calyrex\n|\n|t:|1699109767\n|switch|p1a: Koraidon|Koraidon|100\/100\n|-damage|p1a: Koraidon|94\/100|[from] Stealth Rock\n|-activate|p1a: Koraidon|ability: Orichalcum Pulse\n|turn|14\n|c|\u2606Ai is good|\u548b\u4e0d\u7a81\u88ad\n|\n|t:|1699109781\n|move|p1a: Koraidon|Low Kick|p2a: Koraidon\n|-damage|p2a: Koraidon|0 fnt\n|faint|p2a: Koraidon\n|\n|-weather|SunnyDay|[upkeep]\n|upkeep\n|\n|t:|1699109786\n|switch|p2a: Calyrex|Calyrex-Ice|100\/100\n|-ability|p2a: Calyrex|As One\n|-ability|p2a: Calyrex|Unnerve\n|turn|15\n|\n|t:|1699109797\n|move|p1a: Koraidon|Low Kick|p2a: Calyrex\n|-damage|p2a: Calyrex|51\/100\n|move|p2a: Calyrex|Trick Room|p2a: Calyrex\n|-fieldstart|move: Trick Room|[of] p2a: Calyrex\n|\n|-weather|SunnyDay|[upkeep]\n|upkeep\n|turn|16\n|\n|t:|1699109802\n|switch|p1a: Arceus|Arceus|100\/100\n|-damage|p1a: Arceus|88\/100|[from] Stealth Rock\n|move|p2a: Calyrex|Glacial Lance|p1a: Arceus\n|-damage|p1a: Arceus|34\/100\n|\n|-weather|SunnyDay|[upkeep]\n|upkeep\n|turn|17\n|\n|t:|1699109806\n|-terastallize|p1a: Arceus|Normal\n|move|p1a: Arceus|Extreme Speed|p2a: Calyrex\n|-damage|p2a: Calyrex|11\/100\n|-damage|p1a: Arceus|24\/100|[from] item: Life Orb\n|move|p2a: Calyrex|Glacial Lance|p1a: Arceus\n|-damage|p1a: Arceus|0 fnt\n|faint|p1a: Arceus\n|-ability|p2a: Calyrex|Chilling Neigh|boost\n|-boost|p2a: Calyrex|atk|1\n|\n|-weather|none\n|upkeep\n|c|\u2606Ai is good|Gg\n|\n|t:|1699109812\n|switch|p1a: Koraidon|Koraidon|94\/100\n|-damage|p1a: Koraidon|88\/100|[from] Stealth Rock\n|-weather|SunnyDay|[from] ability: Orichalcum Pulse|[of] p1a: Koraidon\n|-activate|p1a: Koraidon|Orichalcum Pulse|[source]\n|turn|18\n|c|\u2606Ai is good|\u547d\u7389\u592a\u6676\u666e\n|c|\u2606Ai is good|\u8fd9\u4e48\u51f6\n|\n|t:|1699109822\n|move|p2a: Calyrex|Glacial Lance|p1a: Koraidon\n|-supereffective|p1a: Koraidon\n|-damage|p1a: Koraidon|0 fnt\n|faint|p1a: Koraidon\n|\n|win|Ai is good\n|raw|lese256's rating: 1814 &rarr; <strong>1797<\/strong><br \/>(-17 for losing)\n|raw|Ai is good's rating: 1864 &rarr; <strong>1881<\/strong><br \/>(+17 for winning)\n|l|\u2606lese256\n","uploadtime":1699109832,"views":7,"p1id":"lese256","p2id":"aiisgood","formatid":"gen9anythinggoes","rating":1797,"private":0,"password":""}