{"id":"gen9anythinggoes-1978496313","p1":"Rowan_Rocket","p2":"PurchaseATulip","format":"[Gen 9] Anything Goes","log":"|j|\u2606Rowan_Rocket\n|j|\u2606PurchaseATulip\n|t:|1698546558\n|gametype|singles\n|player|p1|Rowan_Rocket|rocketgrunt|1047\n|player|p2|PurchaseATulip|lass-gen4dp|1028\n|teamsize|p1|6\n|teamsize|p2|6\n|gen|9\n|tier|[Gen 9] Anything Goes\n|rated|\n|rule|HP Percentage Mod: HP is shown in percentages\n|rule|Endless Battle Clause: Forcing endless battles is banned\n|clearpoke\n|poke|p1|Farigiraf, F|\n|poke|p1|Wyrdeer, F|\n|poke|p1|Ursaluna, M|\n|poke|p1|Grafaiai, M|\n|poke|p1|Zoroark-Hisui, M|\n|poke|p1|Ambipom, M|\n|poke|p2|Murkrow, M|\n|poke|p2|Dratini, M|\n|poke|p2|Cloyster, F|\n|poke|p2|Arboliva, M|\n|poke|p2|Slither Wing|\n|poke|p2|Krokorok, M|\n|teampreview\n|\n|t:|1698546567\n|start\n|switch|p1a: Ambipom|Ambipom, M|100\/100\n|switch|p2a: Murkrow|Murkrow, M|100\/100\n|turn|1\n|\n|t:|1698546575\n|move|p1a: Ambipom|Fake Out|p2a: Murkrow\n|-enditem|p1a: Ambipom|Normal Gem|[from] gem\n|-damage|p2a: Murkrow|26\/100\n|cant|p2a: Murkrow|flinch\n|\n|upkeep\n|turn|2\n|\n|t:|1698546581\n|move|p2a: Murkrow|Perish Song|p2a: Murkrow\n|-start|p1a: Ambipom|perish3|[silent]\n|-start|p2a: Murkrow|perish3|[silent]\n|-fieldactivate|move: Perish Song\n|move|p1a: Ambipom|U-turn|p2a: Murkrow\n|-damage|p2a: Murkrow|0 fnt\n|faint|p2a: Murkrow\n|\n|t:|1698546588\n|switch|p1a: Grafaiai|Grafaiai, M|100\/100|[from] U-turn\n|\n|upkeep\n|\n|t:|1698546595\n|switch|p2a: Dratini|Dratini, M|100\/100\n|turn|3\n|\n|t:|1698546606\n|move|p1a: Grafaiai|Poison Jab|p2a: Dratini\n|-damage|p2a: Dratini|24\/100\n|move|p2a: Dratini|Dragon Tail|p1a: Grafaiai\n|-damage|p1a: Grafaiai|71\/100\n|drag|p1a: Farigiraf|Farigiraf, F|100\/100\n|\n|upkeep\n|turn|4\n|\n|t:|1698546619\n|move|p1a: Farigiraf|Hyper Voice|p2a: Dratini\n|-damage|p2a: Dratini|0 fnt\n|faint|p2a: Dratini\n|\n|upkeep\n|\n|t:|1698546627\n|switch|p2a: Arboliva|Arboliva, M|100\/100\n|turn|5\n|\n|t:|1698546631\n|switch|p1a: Wyrdeer|Wyrdeer, F|100\/100\n|move|p2a: Arboliva|Light Screen|p2a: Arboliva\n|-sidestart|p2: PurchaseATulip|move: Light Screen\n|\n|upkeep\n|turn|6\n|\n|t:|1698546644\n|move|p1a: Wyrdeer|Trailblaze|p2a: Arboliva\n|-resisted|p2a: Arboliva\n|-damage|p2a: Arboliva|94\/100\n|-boost|p1a: Wyrdeer|spe|1\n|move|p2a: Arboliva|Strength Sap|p1a: Wyrdeer\n|-ability|p1a: Wyrdeer|Sap Sipper|boost\n|-boost|p1a: Wyrdeer|atk|1\n|\n|upkeep\n|turn|7\n|\n|t:|1698546655\n|move|p1a: Wyrdeer|Psyshield Bash|p2a: Arboliva\n|-damage|p2a: Arboliva|57\/100\n|-boost|p1a: Wyrdeer|def|1\n|move|p2a: Arboliva|Reflect|p2a: Arboliva\n|-sidestart|p2: PurchaseATulip|Reflect\n|\n|upkeep\n|turn|8\n|\n|t:|1698546668\n|switch|p2a: Slither Wing|Slither Wing|100\/100\n|-enditem|p2a: Slither Wing|Booster Energy\n|-activate|p2a: Slither Wing|ability: Protosynthesis|[fromitem]\n|-start|p2a: Slither Wing|protosynthesisatk\n|move|p1a: Wyrdeer|Trailblaze|p2a: Slither Wing\n|-resisted|p2a: Slither Wing\n|-damage|p2a: Slither Wing|95\/100\n|-boost|p1a: Wyrdeer|spe|1\n|\n|upkeep\n|turn|9\n|\n|t:|1698546677\n|move|p2a: Slither Wing|First Impression|p1a: Wyrdeer\n|-supereffective|p1a: Wyrdeer\n|-damage|p1a: Wyrdeer|32\/100\n|move|p1a: Wyrdeer|Psyshield Bash|p2a: Slither Wing\n|-supereffective|p2a: Slither Wing\n|-damage|p2a: Slither Wing|46\/100\n|-boost|p1a: Wyrdeer|def|1\n|\n|-heal|p1a: Wyrdeer|38\/100|[from] item: Leftovers\n|-sideend|p2: PurchaseATulip|move: Light Screen\n|upkeep\n|turn|10\n|\n|t:|1698546689\n|move|p1a: Wyrdeer|Psyshield Bash|p2a: Slither Wing\n|-supereffective|p2a: Slither Wing\n|-damage|p2a: Slither Wing|0 fnt\n|-boost|p1a: Wyrdeer|def|1\n|faint|p2a: Slither Wing\n|-end|p2a: Slither Wing|Protosynthesis|[silent]\n|\n|-heal|p1a: Wyrdeer|44\/100|[from] item: Leftovers\n|upkeep\n|\n|t:|1698546708\n|switch|p2a: Krokorok|Krokorok, M|100\/100\n|turn|11\n|\n|t:|1698546723\n|move|p1a: Wyrdeer|Lunge|p2a: Krokorok\n|-supereffective|p2a: Krokorok\n|-crit|p2a: Krokorok\n|-damage|p2a: Krokorok|0 fnt\n|faint|p2a: Krokorok\n|\n|-heal|p1a: Wyrdeer|50\/100|[from] item: Leftovers\n|-sideend|p2: PurchaseATulip|Reflect\n|upkeep\n|\n|t:|1698546731\n|switch|p2a: Cloyster|Cloyster, F|100\/100\n|turn|12\n|\n|t:|1698546737\n|move|p1a: Wyrdeer|Stored Power|p2a: Cloyster\n|-enditem|p2a: Cloyster|Focus Sash\n|-damage|p2a: Cloyster|1\/100\n|move|p2a: Cloyster|Shell Smash|p2a: Cloyster\n|-unboost|p2a: Cloyster|def|1\n|-unboost|p2a: Cloyster|spd|1\n|-boost|p2a: Cloyster|atk|2\n|-boost|p2a: Cloyster|spa|2\n|-boost|p2a: Cloyster|spe|2\n|\n|-heal|p1a: Wyrdeer|56\/100|[from] item: Leftovers\n|upkeep\n|turn|13\n|\n|t:|1698546756\n|switch|p1a: Ursaluna|Ursaluna, M|100\/100\n|move|p2a: Cloyster|Icicle Spear|p1a: Ursaluna\n|-supereffective|p1a: Ursaluna\n|-damage|p1a: Ursaluna|66\/100\n|-supereffective|p1a: Ursaluna\n|-damage|p1a: Ursaluna|25\/100\n|-supereffective|p1a: Ursaluna\n|-damage|p1a: Ursaluna|0 fnt\n|faint|p1a: Ursaluna\n|-hitcount|p1: Ursaluna|3\n|\n|upkeep\n|\n|t:|1698546766\n|switch|p1a: Ambipom|Ambipom, M|100\/100\n|turn|14\n|\n|t:|1698546775\n|move|p1a: Ambipom|Fake Out|p2a: Cloyster\n|-damage|p2a: Cloyster|0 fnt\n|faint|p2a: Cloyster\n|\n|upkeep\n|-message|PurchaseATulip forfeited.\n|\n|win|Rowan_Rocket\n|raw|Rowan_Rocket's rating: 1047 &rarr; <strong>1078<\/strong><br \/>(+31 for winning)\n|raw|PurchaseATulip's rating: 1028 &rarr; <strong>1015<\/strong><br \/>(-13 for losing)\n|l|\u2606PurchaseATulip\n","uploadtime":1698546790,"views":9,"p1id":"rowanrocket","p2id":"purchaseatulip","formatid":"gen9anythinggoes","rating":1015,"private":0,"password":""}