{"id":"gen9anythinggoes-1988352299","p1":"AnIronicKiwi","p2":"2448a","format":"[Gen 9] Anything Goes","log":"|j|\u2606AnIronicKiwi\n|j|\u26062448a\n|t:|1699712707\n|gametype|singles\n|player|p1|AnIronicKiwi|101|1562\n|player|p2|2448a|erika-gen2|1786\n|teamsize|p1|6\n|teamsize|p2|6\n|gen|9\n|tier|[Gen 9] Anything Goes\n|rated|\n|rule|HP Percentage Mod: HP is shown in percentages\n|rule|Endless Battle Clause: Forcing endless battles is banned\n|clearpoke\n|poke|p1|Koraidon|\n|poke|p1|Skeledirge, M|\n|poke|p1|Toxapex, F|\n|poke|p1|Flutter Mane|\n|poke|p1|Clodsire, M|\n|poke|p1|Great Tusk|\n|poke|p2|Mandibuzz, F|\n|poke|p2|Gliscor, M|\n|poke|p2|Blissey, F|\n|poke|p2|Alomomola, M|\n|poke|p2|Clodsire, M|\n|poke|p2|Dondozo, M|\n|teampreview\n|inactive|Battle timer is ON: inactive players will automatically lose when time's up. (requested by 2448a)\n|j| laprasplayer\n|\n|t:|1699712721\n|start\n|switch|p1a: Clodsire|Clodsire, M|100\/100\n|switch|p2a: Malevolent Shrine|Gliscor, M, shiny|100\/100\n|turn|1\n|\n|t:|1699712739\n|switch|p1a: Toxapex|Toxapex, F|100\/100\n|move|p2a: Malevolent Shrine|Protect||[still]\n|-fail|p2a: Malevolent Shrine\n|\n|-status|p2a: Malevolent Shrine|tox|[from] item: Toxic Orb\n|upkeep\n|turn|2\n|\n|t:|1699712743\n|move|p2a: Malevolent Shrine|Knock Off|p1a: Toxapex\n|-damage|p1a: Toxapex|88\/100\n|-damage|p2a: Malevolent Shrine|84\/100 tox|[from] item: Rocky Helmet|[of] p1a: Toxapex\n|-enditem|p1a: Toxapex|Rocky Helmet|[from] move: Knock Off|[of] p2a: Malevolent Shrine\n|move|p1a: Toxapex|Chilling Water|p2a: Malevolent Shrine\n|-supereffective|p2a: Malevolent Shrine\n|-damage|p2a: Malevolent Shrine|60\/100 tox\n|-unboost|p2a: Malevolent Shrine|atk|1\n|\n|-heal|p2a: Malevolent Shrine|72\/100 tox|[from] ability: Poison Heal\n|upkeep\n|turn|3\n|\n|t:|1699712750\n|move|p2a: Malevolent Shrine|Spikes|p1a: Toxapex\n|-sidestart|p1: AnIronicKiwi|Spikes\n|move|p1a: Toxapex|Chilling Water|p2a: Malevolent Shrine\n|-supereffective|p2a: Malevolent Shrine\n|-damage|p2a: Malevolent Shrine|47\/100 tox\n|-unboost|p2a: Malevolent Shrine|atk|1\n|\n|-heal|p2a: Malevolent Shrine|59\/100 tox|[from] ability: Poison Heal\n|upkeep\n|turn|4\n|\n|t:|1699712759\n|move|p2a: Malevolent Shrine|Spikes|p1a: Toxapex\n|-sidestart|p1: AnIronicKiwi|Spikes\n|move|p1a: Toxapex|Chilling Water|p2a: Malevolent Shrine\n|-supereffective|p2a: Malevolent Shrine\n|-damage|p2a: Malevolent Shrine|35\/100 tox\n|-unboost|p2a: Malevolent Shrine|atk|1\n|\n|-heal|p2a: Malevolent Shrine|47\/100 tox|[from] ability: Poison Heal\n|upkeep\n|turn|5\n|\n|t:|1699712766\n|switch|p1a: Great Tusk|Great Tusk|100\/100\n|-damage|p1a: Great Tusk|84\/100|[from] Spikes\n|move|p2a: Malevolent Shrine|Protect||[still]\n|-fail|p2a: Malevolent Shrine\n|\n|-heal|p2a: Malevolent Shrine|60\/100 tox|[from] ability: Poison Heal\n|upkeep\n|turn|6\n|\n|t:|1699712773\n|move|p2a: Malevolent Shrine|Protect|p2a: Malevolent Shrine\n|-singleturn|p2a: Malevolent Shrine|Protect\n|move|p1a: Great Tusk|Rapid Spin|p2a: Malevolent Shrine\n|-activate|p2a: Malevolent Shrine|move: Protect\n|\n|-heal|p2a: Malevolent Shrine|72\/100 tox|[from] ability: Poison Heal\n|upkeep\n|turn|7\n|\n|t:|1699712787\n|switch|p2a: Only Chance|Dondozo, M|100\/100\n|move|p1a: Great Tusk|Rapid Spin|p2a: Only Chance\n|-damage|p2a: Only Chance|92\/100\n|-boost|p1a: Great Tusk|spe|1\n|-sideend|p1: AnIronicKiwi|Spikes|[from] move: Rapid Spin|[of] p1a: Great Tusk\n|\n|upkeep\n|turn|8\n|\n|t:|1699712792\n|-end|p1a: Great Tusk|Protosynthesis|[silent]\n|switch|p1a: Clodsire|Clodsire, M|100\/100\n|move|p2a: Only Chance|Fissure|p1a: Clodsire|[miss]\n|-miss|p2a: Only Chance|p1a: Clodsire\n|\n|upkeep\n|turn|9\n|\n|t:|1699712799\n|switch|p2a: Malevolent Shrine|Gliscor, M, shiny|72\/100 tox\n|move|p1a: Clodsire|Toxic|p2a: Malevolent Shrine\n|-fail|p2a: Malevolent Shrine|tox\n|\n|-heal|p2a: Malevolent Shrine|84\/100 tox|[from] ability: Poison Heal\n|upkeep\n|turn|10\n|\n|t:|1699712809\n|move|p2a: Malevolent Shrine|Spikes|p1a: Clodsire\n|-sidestart|p1: AnIronicKiwi|Spikes\n|move|p1a: Clodsire|Spikes|p2a: Malevolent Shrine\n|-sidestart|p2: 2448a|Spikes\n|\n|-heal|p2a: Malevolent Shrine|97\/100 tox|[from] ability: Poison Heal\n|upkeep\n|turn|11\n|\n|t:|1699712822\n|move|p2a: Malevolent Shrine|Spikes|p1a: Clodsire\n|-sidestart|p1: AnIronicKiwi|Spikes\n|move|p1a: Clodsire|Spikes|p2a: Malevolent Shrine\n|-sidestart|p2: 2448a|Spikes\n|\n|-heal|p2a: Malevolent Shrine|100\/100 tox|[from] ability: Poison Heal\n|upkeep\n|turn|12\n|\n|t:|1699712826\n|move|p2a: Malevolent Shrine|Spikes|p1a: Clodsire\n|-sidestart|p1: AnIronicKiwi|Spikes\n|move|p1a: Clodsire|Spikes|p2a: Malevolent Shrine\n|-sidestart|p2: 2448a|Spikes\n|\n|upkeep\n|turn|13\n|\n|t:|1699712834\n|switch|p1a: Toxapex|Toxapex, F|100\/100\n|-damage|p1a: Toxapex|75\/100|[from] Spikes\n|move|p2a: Malevolent Shrine|Knock Off|p1a: Toxapex\n|-damage|p1a: Toxapex|67\/100\n|\n|upkeep\n|turn|14\n|\n|t:|1699712843\n|switch|p2a: Only Chance|Clodsire, M|100\/100\n|move|p1a: Toxapex|Chilling Water|p2a: Only Chance\n|-supereffective|p2a: Only Chance\n|-damage|p2a: Only Chance|89\/100\n|-unboost|p2a: Only Chance|atk|1\n|\n|upkeep\n|turn|15\n|\n|t:|1699712849\n|move|p1a: Toxapex|Recover|p1a: Toxapex\n|-heal|p1a: Toxapex|100\/100\n|move|p2a: Only Chance|Stealth Rock|p1a: Toxapex\n|-sidestart|p1: AnIronicKiwi|move: Stealth Rock\n|\n|upkeep\n|turn|16\n|\n|t:|1699712853\n|switch|p1a: Great Tusk|Great Tusk|84\/100\n|-damage|p1a: Great Tusk|59\/100|[from] Spikes\n|-damage|p1a: Great Tusk|56\/100|[from] Stealth Rock\n|move|p2a: Only Chance|Earthquake|p1a: Great Tusk\n|-damage|p1a: Great Tusk|43\/100\n|\n|upkeep\n|turn|17\n|\n|t:|1699712868\n|switch|p2a: Malevolent Shrine|Gliscor, M, shiny|100\/100 tox\n|move|p1a: Great Tusk|Rapid Spin|p2a: Malevolent Shrine\n|-damage|p2a: Malevolent Shrine|88\/100 tox\n|-boost|p1a: Great Tusk|spe|1\n|-sideend|p1: AnIronicKiwi|Spikes|[from] move: Rapid Spin|[of] p1a: Great Tusk\n|-sideend|p1: AnIronicKiwi|Stealth Rock|[from] move: Rapid Spin|[of] p1a: Great Tusk\n|\n|-heal|p2a: Malevolent Shrine|99\/100 tox|[from] ability: Poison Heal\n|upkeep\n|turn|18\n|\n|t:|1699712883\n|-end|p1a: Great Tusk|Protosynthesis|[silent]\n|switch|p1a: Toxapex|Toxapex, F|100\/100\n|switch|p2a: Only Chance|Dondozo, M|92\/100\n|\n|upkeep\n|turn|19\n|\n|t:|1699712889\n|move|p1a: Toxapex|Toxic|p2a: Only Chance\n|-status|p2a: Only Chance|tox\n|move|p2a: Only Chance|Fissure|p1a: Toxapex|[miss]\n|-miss|p2a: Only Chance|p1a: Toxapex\n|\n|-damage|p2a: Only Chance|86\/100 tox|[from] psn\n|upkeep\n|turn|20\n|\n|t:|1699712896\n|move|p2a: Only Chance|Fissure|p1a: Toxapex|[miss]\n|-miss|p2a: Only Chance|p1a: Toxapex\n|move|p1a: Toxapex|Chilling Water|p2a: Only Chance\n|-resisted|p2a: Only Chance\n|-damage|p2a: Only Chance|81\/100 tox\n|-unboost|p2a: Only Chance|atk|1\n|\n|-damage|p2a: Only Chance|69\/100 tox|[from] psn\n|upkeep\n|turn|21\n|\n|t:|1699712912\n|move|p1a: Toxapex|Chilling Water|p2a: Only Chance\n|-resisted|p2a: Only Chance\n|-damage|p2a: Only Chance|65\/100 tox\n|-unboost|p2a: Only Chance|atk|1\n|move|p2a: Only Chance|Rest|p2a: Only Chance\n|-status|p2a: Only Chance|slp|[from] move: Rest\n|-heal|p2a: Only Chance|100\/100 slp|[silent]\n|\n|upkeep\n|turn|22\n|\n|t:|1699712922\n|switch|p1a: Flutter Mane|Flutter Mane|100\/100\n|cant|p2a: Only Chance|slp\n|move|p2a: Only Chance|Sleep Talk|p2a: Only Chance\n|move|p2a: Only Chance|Fissure|p1a: Flutter Mane|[from]move: Sleep Talk|[miss]\n|-miss|p2a: Only Chance|p1a: Flutter Mane\n|\n|upkeep\n|turn|23\n|\n|t:|1699712940\n|switch|p2a: Soothing Wetlands|Blissey, F|100\/100\n|move|p1a: Flutter Mane|Calm Mind|p1a: Flutter Mane\n|-boost|p1a: Flutter Mane|spa|1\n|-boost|p1a: Flutter Mane|spd|1\n|\n|upkeep\n|turn|24\n|\n|t:|1699712946\n|-end|p1a: Flutter Mane|Protosynthesis|[silent]\n|switch|p1a: Koraidon|Koraidon|100\/100\n|-weather|SunnyDay|[from] ability: Orichalcum Pulse|[of] p1a: Koraidon\n|-activate|p1a: Koraidon|Orichalcum Pulse|[source]\n|move|p2a: Soothing Wetlands|Shadow Ball|p1a: Koraidon\n|-damage|p1a: Koraidon|86\/100\n|\n|-weather|SunnyDay|[upkeep]\n|upkeep\n|turn|25\n|\n|t:|1699712950\n|switch|p2a: Only Chance|Dondozo, M|100\/100 slp\n|move|p1a: Koraidon|Collision Course|p2a: Only Chance\n|-damage|p2a: Only Chance|70\/100 slp\n|\n|-weather|SunnyDay|[upkeep]\n|upkeep\n|turn|26\n|\n|t:|1699712960\n|move|p1a: Koraidon|Collision Course|p2a: Only Chance\n|-damage|p2a: Only Chance|37\/100 slp\n|cant|p2a: Only Chance|slp\n|move|p2a: Only Chance|Sleep Talk|p2a: Only Chance\n|move|p2a: Only Chance|Fissure|p1a: Koraidon|[from]move: Sleep Talk|[miss]\n|-miss|p2a: Only Chance|p1a: Koraidon\n|\n|-weather|SunnyDay|[upkeep]\n|upkeep\n|turn|27\n|\n|t:|1699712993\n|move|p1a: Koraidon|Collision Course|p2a: Only Chance\n|-damage|p2a: Only Chance|7\/100 slp\n|-curestatus|p2a: Only Chance|slp|[msg]\n|move|p2a: Only Chance|Rest|p2a: Only Chance\n|-status|p2a: Only Chance|slp|[from] move: Rest\n|-heal|p2a: Only Chance|100\/100 slp|[silent]\n|\n|-weather|SunnyDay|[upkeep]\n|upkeep\n|turn|28\n|inactive|2448a has 120 seconds left.\n|\n|t:|1699713053\n|switch|p1a: Flutter Mane|Flutter Mane|100\/100\n|-activate|p1a: Flutter Mane|ability: Protosynthesis\n|-start|p1a: Flutter Mane|protosynthesisspe\n|cant|p2a: Only Chance|slp\n|move|p2a: Only Chance|Sleep Talk|p2a: Only Chance\n|move|p2a: Only Chance|Waterfall|p1a: Flutter Mane|[from]move: Sleep Talk\n|-damage|p1a: Flutter Mane|73\/100\n|\n|-weather|none\n|-end|p1a: Flutter Mane|Protosynthesis\n|upkeep\n|turn|29\n|\n|t:|1699713064\n|switch|p2a: Soothing Wetlands|Blissey, F|100\/100\n|move|p1a: Flutter Mane|Calm Mind|p1a: Flutter Mane\n|-boost|p1a: Flutter Mane|spa|1\n|-boost|p1a: Flutter Mane|spd|1\n|\n|upkeep\n|turn|30\n|\n|t:|1699713093\n|-end|p1a: Flutter Mane|Protosynthesis|[silent]\n|switch|p1a: Toxapex|Toxapex, F|100\/100\n|move|p2a: Soothing Wetlands|Shadow Ball|p1a: Toxapex\n|-damage|p1a: Toxapex|88\/100\n|\n|upkeep\n|turn|31\n|inactive|2448a has 120 seconds left.\n|inactive|AnIronicKiwi has 120 seconds left.\n|\n|t:|1699713110\n|switch|p2a: Malevolent Shrine|Gliscor, M, shiny|99\/100 tox\n|move|p1a: Toxapex|Toxic|p2a: Malevolent Shrine\n|-fail|p2a: Malevolent Shrine|tox\n|\n|-heal|p2a: Malevolent Shrine|100\/100 tox|[from] ability: Poison Heal\n|upkeep\n|turn|32\n|\n|t:|1699713115\n|move|p2a: Malevolent Shrine|Spikes|p1a: Toxapex\n|-sidestart|p1: AnIronicKiwi|Spikes\n|move|p1a: Toxapex|Chilling Water|p2a: Malevolent Shrine\n|-supereffective|p2a: Malevolent Shrine\n|-damage|p2a: Malevolent Shrine|78\/100 tox\n|-unboost|p2a: Malevolent Shrine|atk|1\n|\n|-heal|p2a: Malevolent Shrine|90\/100 tox|[from] ability: Poison Heal\n|upkeep\n|turn|33\n|\n|t:|1699713118\n|move|p2a: Malevolent Shrine|Spikes|p1a: Toxapex\n|-sidestart|p1: AnIronicKiwi|Spikes\n|move|p1a: Toxapex|Chilling Water|p2a: Malevolent Shrine\n|-supereffective|p2a: Malevolent Shrine\n|-damage|p2a: Malevolent Shrine|67\/100 tox\n|-unboost|p2a: Malevolent Shrine|atk|1\n|\n|-heal|p2a: Malevolent Shrine|79\/100 tox|[from] ability: Poison Heal\n|upkeep\n|turn|34\n|\n|t:|1699713121\n|move|p2a: Malevolent Shrine|Spikes|p1a: Toxapex\n|-sidestart|p1: AnIronicKiwi|Spikes\n|move|p1a: Toxapex|Chilling Water|p2a: Malevolent Shrine\n|-supereffective|p2a: Malevolent Shrine\n|-damage|p2a: Malevolent Shrine|53\/100 tox\n|-unboost|p2a: Malevolent Shrine|atk|1\n|\n|-heal|p2a: Malevolent Shrine|65\/100 tox|[from] ability: Poison Heal\n|upkeep\n|turn|35\n|\n|t:|1699713125\n|move|p2a: Malevolent Shrine|Protect|p2a: Malevolent Shrine\n|-singleturn|p2a: Malevolent Shrine|Protect\n|move|p1a: Toxapex|Chilling Water|p2a: Malevolent Shrine\n|-activate|p2a: Malevolent Shrine|move: Protect\n|\n|-heal|p2a: Malevolent Shrine|78\/100 tox|[from] ability: Poison Heal\n|upkeep\n|turn|36\n|inactive|2448a has 120 seconds left.\n|\n|t:|1699713163\n|switch|p2a: Only Chance|Clodsire, M|89\/100\n|move|p1a: Toxapex|Chilling Water|p2a: Only Chance\n|-supereffective|p2a: Only Chance\n|-damage|p2a: Only Chance|77\/100\n|-unboost|p2a: Only Chance|atk|1\n|\n|upkeep\n|turn|37\n|inactive|2448a has 120 seconds left.\n|\n|t:|1699713169\n|move|p1a: Toxapex|Chilling Water|p2a: Only Chance\n|-supereffective|p2a: Only Chance\n|-damage|p2a: Only Chance|65\/100\n|-unboost|p2a: Only Chance|atk|1\n|move|p2a: Only Chance|Stealth Rock|p1a: Toxapex\n|-sidestart|p1: AnIronicKiwi|move: Stealth Rock\n|\n|upkeep\n|turn|38\n|\n|t:|1699713173\n|move|p1a: Toxapex|Chilling Water|p2a: Only Chance\n|-supereffective|p2a: Only Chance\n|-damage|p2a: Only Chance|54\/100\n|-unboost|p2a: Only Chance|atk|1\n|move|p2a: Only Chance|Recover|p2a: Only Chance\n|-heal|p2a: Only Chance|100\/100\n|\n|upkeep\n|turn|39\n|\n|t:|1699713179\n|move|p1a: Toxapex|Chilling Water|p2a: Only Chance\n|-supereffective|p2a: Only Chance\n|-damage|p2a: Only Chance|90\/100\n|-unboost|p2a: Only Chance|atk|1\n|move|p2a: Only Chance|Earthquake|p1a: Toxapex\n|-supereffective|p1a: Toxapex\n|-damage|p1a: Toxapex|77\/100\n|\n|upkeep\n|turn|40\n|\n|t:|1699713185\n|switch|p2a: Only Chance|Dondozo, M|100\/100 slp\n|move|p1a: Toxapex|Chilling Water|p2a: Only Chance\n|-resisted|p2a: Only Chance\n|-damage|p2a: Only Chance|96\/100 slp\n|-unboost|p2a: Only Chance|atk|1\n|\n|upkeep\n|turn|41\n|j| mid ladder memes\n|\n|t:|1699713192\n|move|p1a: Toxapex|Recover|p1a: Toxapex\n|-heal|p1a: Toxapex|100\/100\n|cant|p2a: Only Chance|slp\n|move|p2a: Only Chance|Sleep Talk|p2a: Only Chance\n|move|p2a: Only Chance|Rest||[from]move: Sleep Talk|[still]\n|-fail|p2a: Only Chance\n|\n|upkeep\n|turn|42\n|\n|t:|1699713196\n|move|p1a: Toxapex|Chilling Water|p2a: Only Chance\n|-resisted|p2a: Only Chance\n|-damage|p2a: Only Chance|91\/100 slp\n|-unboost|p2a: Only Chance|atk|1\n|-curestatus|p2a: Only Chance|slp|[msg]\n|move|p2a: Only Chance|Sleep Talk||[still]\n|-fail|p2a: Only Chance\n|\n|upkeep\n|turn|43\n|\n|t:|1699713201\n|move|p2a: Only Chance|Fissure|p1a: Toxapex\n|-damage|p1a: Toxapex|0 fnt\n|faint|p1a: Toxapex\n|-ohko\n|\n|upkeep\n|c| laprasplayer|that's hot\n|\n|t:|1699713206\n|switch|p1a: Skeledirge|Skeledirge, M|100\/100\n|turn|44\n|\n|t:|1699713214\n|move|p1a: Skeledirge|Will-O-Wisp|p2a: Only Chance\n|-status|p2a: Only Chance|brn\n|move|p2a: Only Chance|Waterfall|p1a: Skeledirge\n|-supereffective|p1a: Skeledirge\n|-damage|p1a: Skeledirge|83\/100\n|\n|-damage|p2a: Only Chance|85\/100 brn|[from] brn\n|upkeep\n|turn|45\n|\n|t:|1699713219\n|move|p1a: Skeledirge|Torch Song|p2a: Only Chance\n|-resisted|p2a: Only Chance\n|-damage|p2a: Only Chance|71\/100 brn\n|-boost|p1a: Skeledirge|spa|1\n|move|p2a: Only Chance|Rest|p2a: Only Chance\n|-status|p2a: Only Chance|slp|[from] move: Rest\n|-heal|p2a: Only Chance|100\/100 slp|[silent]\n|\n|upkeep\n|turn|46\n|\n|t:|1699713226\n|switch|p2a: Only Chance|Clodsire, M|90\/100\n|move|p1a: Skeledirge|Torch Song|p2a: Only Chance\n|-damage|p2a: Only Chance|74\/100\n|-boost|p1a: Skeledirge|spa|1\n|\n|upkeep\n|turn|47\n|\n|t:|1699713231\n|move|p1a: Skeledirge|Will-O-Wisp|p2a: Only Chance\n|-status|p2a: Only Chance|brn\n|move|p2a: Only Chance|Earthquake|p1a: Skeledirge\n|-supereffective|p1a: Skeledirge\n|-crit|p1a: Skeledirge\n|-damage|p1a: Skeledirge|58\/100\n|\n|-damage|p2a: Only Chance|67\/100 brn|[from] brn\n|upkeep\n|turn|48\n|\n|t:|1699713235\n|move|p1a: Skeledirge|Slack Off|p1a: Skeledirge\n|-heal|p1a: Skeledirge|100\/100\n|move|p2a: Only Chance|Recover|p2a: Only Chance\n|-heal|p2a: Only Chance|100\/100 brn\n|\n|-damage|p2a: Only Chance|94\/100 brn|[from] brn\n|upkeep\n|turn|49\n|\n|t:|1699713238\n|move|p1a: Skeledirge|Torch Song|p2a: Only Chance\n|-crit|p2a: Only Chance\n|-damage|p2a: Only Chance|70\/100 brn\n|-boost|p1a: Skeledirge|spa|1\n|move|p2a: Only Chance|Poison Jab|p1a: Skeledirge\n|-resisted|p1a: Skeledirge\n|-damage|p1a: Skeledirge|97\/100\n|\n|-damage|p2a: Only Chance|63\/100 brn|[from] brn\n|upkeep\n|turn|50\n|\n|t:|1699713245\n|move|p1a: Skeledirge|Hex|p2a: Only Chance\n|-damage|p2a: Only Chance|38\/100 brn\n|move|p2a: Only Chance|Poison Jab|p1a: Skeledirge\n|-resisted|p1a: Skeledirge\n|-damage|p1a: Skeledirge|94\/100\n|-status|p1a: Skeledirge|psn\n|\n|-damage|p1a: Skeledirge|81\/100 psn|[from] psn\n|-damage|p2a: Only Chance|32\/100 brn|[from] brn\n|upkeep\n|turn|51\n|\n|t:|1699713253\n|move|p1a: Skeledirge|Hex|p2a: Only Chance\n|-damage|p2a: Only Chance|5\/100 brn\n|move|p2a: Only Chance|Recover|p2a: Only Chance\n|-heal|p2a: Only Chance|55\/100 brn\n|\n|-damage|p1a: Skeledirge|69\/100 psn|[from] psn\n|-damage|p2a: Only Chance|49\/100 brn|[from] brn\n|upkeep\n|turn|52\n|\n|t:|1699713264\n|switch|p1a: Clodsire|Clodsire, M|100\/100\n|-damage|p1a: Clodsire|75\/100|[from] Spikes\n|-damage|p1a: Clodsire|69\/100|[from] Stealth Rock\n|move|p2a: Only Chance|Recover|p2a: Only Chance\n|-heal|p2a: Only Chance|99\/100 brn\n|\n|-heal|p1a: Clodsire|75\/100|[from] item: Leftovers\n|-damage|p2a: Only Chance|92\/100 brn|[from] brn\n|upkeep\n|turn|53\n|\n|t:|1699713274\n|switch|p2a: Only Chance|Dondozo, M|100\/100 slp\n|move|p1a: Clodsire|Earthquake|p2a: Only Chance\n|-damage|p2a: Only Chance|88\/100 slp\n|\n|-heal|p1a: Clodsire|82\/100|[from] item: Leftovers\n|upkeep\n|turn|54\n|\n|t:|1699713282\n|cant|p2a: Only Chance|slp\n|move|p2a: Only Chance|Sleep Talk|p2a: Only Chance\n|move|p2a: Only Chance|Waterfall|p1a: Clodsire|[from]move: Sleep Talk\n|-heal|p1a: Clodsire|100\/100|[from] ability: Water Absorb|[of] p2a: Only Chance\n|move|p1a: Clodsire|Earthquake|p2a: Only Chance\n|-damage|p2a: Only Chance|76\/100 slp\n|\n|upkeep\n|turn|55\n|\n|t:|1699713286\n|cant|p2a: Only Chance|slp\n|move|p2a: Only Chance|Sleep Talk|p2a: Only Chance\n|move|p2a: Only Chance|Rest||[from]move: Sleep Talk|[still]\n|-fail|p2a: Only Chance\n|move|p1a: Clodsire|Earthquake|p2a: Only Chance\n|-damage|p2a: Only Chance|64\/100 slp\n|\n|upkeep\n|turn|56\n|\n|t:|1699713293\n|-curestatus|p2a: Only Chance|slp|[msg]\n|move|p2a: Only Chance|Fissure|p1a: Clodsire|[miss]\n|-miss|p2a: Only Chance|p1a: Clodsire\n|move|p1a: Clodsire|Toxic|p2a: Only Chance\n|-status|p2a: Only Chance|tox\n|\n|-damage|p2a: Only Chance|58\/100 tox|[from] psn\n|upkeep\n|turn|57\n|inactive|2448a has 120 seconds left.\n|\n|t:|1699713347\n|move|p2a: Only Chance|Fissure|p1a: Clodsire|[miss]\n|-miss|p2a: Only Chance|p1a: Clodsire\n|move|p1a: Clodsire|Earthquake|p2a: Only Chance\n|-damage|p2a: Only Chance|47\/100 tox\n|\n|-damage|p2a: Only Chance|35\/100 tox|[from] psn\n|upkeep\n|turn|58\n|\n|t:|1699713356\n|move|p2a: Only Chance|Rest|p2a: Only Chance\n|-status|p2a: Only Chance|slp|[from] move: Rest\n|-heal|p2a: Only Chance|100\/100 slp|[silent]\n|move|p1a: Clodsire|Earthquake|p2a: Only Chance\n|-damage|p2a: Only Chance|89\/100 slp\n|\n|upkeep\n|turn|59\n|\n|t:|1699713378\n|cant|p2a: Only Chance|slp\n|move|p2a: Only Chance|Sleep Talk|p2a: Only Chance\n|move|p2a: Only Chance|Waterfall|p1a: Clodsire|[from]move: Sleep Talk\n|-immune|p1a: Clodsire|[from] ability: Water Absorb\n|move|p1a: Clodsire|Earthquake|p2a: Only Chance\n|-damage|p2a: Only Chance|77\/100 slp\n|\n|upkeep\n|turn|60\n|\n|t:|1699713389\n|cant|p2a: Only Chance|slp\n|move|p2a: Only Chance|Sleep Talk|p2a: Only Chance\n|move|p2a: Only Chance|Fissure|p1a: Clodsire|[from]move: Sleep Talk|[miss]\n|-miss|p2a: Only Chance|p1a: Clodsire\n|move|p1a: Clodsire|Spikes||[still]\n|-fail|p1a: Clodsire\n|\n|upkeep\n|turn|61\n|\n|t:|1699713396\n|-curestatus|p2a: Only Chance|slp|[msg]\n|move|p2a: Only Chance|Fissure|p1a: Clodsire|[miss]\n|-miss|p2a: Only Chance|p1a: Clodsire\n|move|p1a: Clodsire|Spikes||[still]\n|-fail|p1a: Clodsire\n|\n|upkeep\n|turn|62\n|\n|t:|1699713399\n|move|p2a: Only Chance|Fissure|p1a: Clodsire|[miss]\n|-miss|p2a: Only Chance|p1a: Clodsire\n|move|p1a: Clodsire|Toxic|p2a: Only Chance\n|-status|p2a: Only Chance|tox\n|\n|-damage|p2a: Only Chance|71\/100 tox|[from] psn\n|upkeep\n|turn|63\n|\n|t:|1699713406\n|move|p2a: Only Chance|Rest|p2a: Only Chance\n|-status|p2a: Only Chance|slp|[from] move: Rest\n|-heal|p2a: Only Chance|100\/100 slp|[silent]\n|move|p1a: Clodsire|Spikes||[still]\n|-fail|p1a: Clodsire\n|\n|upkeep\n|turn|64\n|c| laprasplayer|what is blud doing\n|\n|t:|1699713429\n|switch|p2a: Malevolent Shrine|Gliscor, M, shiny|78\/100 tox\n|move|p1a: Clodsire|Spikes||[still]\n|-fail|p1a: Clodsire\n|\n|-heal|p2a: Malevolent Shrine|90\/100 tox|[from] ability: Poison Heal\n|upkeep\n|turn|65\n|\n|t:|1699713446\n|switch|p1a: Koraidon|Koraidon|86\/100\n|-damage|p1a: Koraidon|61\/100|[from] Spikes\n|-damage|p1a: Koraidon|55\/100|[from] Stealth Rock\n|-weather|SunnyDay|[from] ability: Orichalcum Pulse|[of] p1a: Koraidon\n|-activate|p1a: Koraidon|Orichalcum Pulse|[source]\n|move|p2a: Malevolent Shrine|Knock Off|p1a: Koraidon\n|-resisted|p1a: Koraidon\n|-damage|p1a: Koraidon|46\/100\n|-enditem|p1a: Koraidon|Choice Scarf|[from] move: Knock Off|[of] p2a: Malevolent Shrine\n|\n|-weather|SunnyDay|[upkeep]\n|-heal|p2a: Malevolent Shrine|100\/100 tox|[from] ability: Poison Heal\n|upkeep\n|turn|66\n|\n|t:|1699713451\n|move|p2a: Malevolent Shrine|Protect|p2a: Malevolent Shrine\n|-singleturn|p2a: Malevolent Shrine|Protect\n|move|p1a: Koraidon|Dragon Claw|p2a: Malevolent Shrine\n|-activate|p2a: Malevolent Shrine|move: Protect\n|\n|-weather|SunnyDay|[upkeep]\n|upkeep\n|turn|67\n|\n|t:|1699713457\n|move|p1a: Koraidon|Dragon Claw|p2a: Malevolent Shrine\n|-damage|p2a: Malevolent Shrine|66\/100 tox\n|move|p2a: Malevolent Shrine|Knock Off|p1a: Koraidon\n|-resisted|p1a: Koraidon\n|-damage|p1a: Koraidon|40\/100\n|\n|-weather|SunnyDay|[upkeep]\n|-heal|p2a: Malevolent Shrine|78\/100 tox|[from] ability: Poison Heal\n|upkeep\n|turn|68\n|\n|t:|1699713463\n|move|p2a: Malevolent Shrine|Protect|p2a: Malevolent Shrine\n|-singleturn|p2a: Malevolent Shrine|Protect\n|move|p1a: Koraidon|Dragon Claw|p2a: Malevolent Shrine\n|-activate|p2a: Malevolent Shrine|move: Protect\n|\n|-weather|SunnyDay|[upkeep]\n|-heal|p2a: Malevolent Shrine|91\/100 tox|[from] ability: Poison Heal\n|upkeep\n|turn|69\n|\n|t:|1699713479\n|move|p1a: Koraidon|Dragon Claw|p2a: Malevolent Shrine\n|-damage|p2a: Malevolent Shrine|57\/100 tox\n|move|p2a: Malevolent Shrine|Knock Off|p1a: Koraidon\n|-resisted|p1a: Koraidon\n|-damage|p1a: Koraidon|34\/100\n|\n|-weather|none\n|-heal|p2a: Malevolent Shrine|70\/100 tox|[from] ability: Poison Heal\n|upkeep\n|turn|70\n|\n|t:|1699713493\n|move|p1a: Koraidon|Dragon Claw|p2a: Malevolent Shrine\n|-damage|p2a: Malevolent Shrine|42\/100 tox\n|move|p2a: Malevolent Shrine|Toxic|p1a: Koraidon\n|-status|p1a: Koraidon|tox\n|\n|-damage|p1a: Koraidon|27\/100 tox|[from] psn\n|-heal|p2a: Malevolent Shrine|55\/100 tox|[from] ability: Poison Heal\n|upkeep\n|turn|71\n|\n|t:|1699713505\n|move|p2a: Malevolent Shrine|Protect|p2a: Malevolent Shrine\n|-singleturn|p2a: Malevolent Shrine|Protect\n|move|p1a: Koraidon|Dragon Claw|p2a: Malevolent Shrine\n|-activate|p2a: Malevolent Shrine|move: Protect\n|\n|-damage|p1a: Koraidon|15\/100 tox|[from] psn\n|-heal|p2a: Malevolent Shrine|67\/100 tox|[from] ability: Poison Heal\n|upkeep\n|turn|72\n|\n|t:|1699713523\n|move|p1a: Koraidon|Dragon Claw|p2a: Malevolent Shrine\n|-damage|p2a: Malevolent Shrine|39\/100 tox\n|move|p2a: Malevolent Shrine|Knock Off|p1a: Koraidon\n|-resisted|p1a: Koraidon\n|-damage|p1a: Koraidon|9\/100 tox\n|\n|-damage|p1a: Koraidon|0 fnt|[from] psn\n|faint|p1a: Koraidon\n|-heal|p2a: Malevolent Shrine|51\/100 tox|[from] ability: Poison Heal\n|upkeep\n|\n|t:|1699713529\n|switch|p1a: Great Tusk|Great Tusk|43\/100\n|-damage|p1a: Great Tusk|18\/100|[from] Spikes\n|-damage|p1a: Great Tusk|15\/100|[from] Stealth Rock\n|turn|73\n|l| mid ladder memes\n|\n|t:|1699713545\n|move|p2a: Malevolent Shrine|Protect|p2a: Malevolent Shrine\n|-singleturn|p2a: Malevolent Shrine|Protect\n|move|p1a: Great Tusk|Rapid Spin|p2a: Malevolent Shrine\n|-activate|p2a: Malevolent Shrine|move: Protect\n|\n|-heal|p2a: Malevolent Shrine|64\/100 tox|[from] ability: Poison Heal\n|upkeep\n|turn|74\n|\n|t:|1699713549\n|move|p1a: Great Tusk|Rapid Spin|p2a: Malevolent Shrine\n|-damage|p2a: Malevolent Shrine|52\/100 tox\n|-boost|p1a: Great Tusk|spe|1\n|-sideend|p1: AnIronicKiwi|Spikes|[from] move: Rapid Spin|[of] p1a: Great Tusk\n|-sideend|p1: AnIronicKiwi|Stealth Rock|[from] move: Rapid Spin|[of] p1a: Great Tusk\n|move|p2a: Malevolent Shrine|Knock Off|p1a: Great Tusk\n|-resisted|p1a: Great Tusk\n|-damage|p1a: Great Tusk|8\/100\n|-enditem|p1a: Great Tusk|Assault Vest|[from] move: Knock Off|[of] p2a: Malevolent Shrine\n|\n|-heal|p2a: Malevolent Shrine|64\/100 tox|[from] ability: Poison Heal\n|upkeep\n|turn|75\n|\n|t:|1699713562\n|-end|p1a: Great Tusk|Protosynthesis|[silent]\n|switch|p1a: Flutter Mane|Flutter Mane|73\/100\n|move|p2a: Malevolent Shrine|Knock Off|p1a: Flutter Mane\n|-damage|p1a: Flutter Mane|28\/100\n|-enditem|p1a: Flutter Mane|Life Orb|[from] move: Knock Off|[of] p2a: Malevolent Shrine\n|\n|-heal|p2a: Malevolent Shrine|77\/100 tox|[from] ability: Poison Heal\n|upkeep\n|turn|76\n|inactive|2448a has 120 seconds left.\n|\n|t:|1699713598\n|move|p2a: Malevolent Shrine|Protect|p2a: Malevolent Shrine\n|-singleturn|p2a: Malevolent Shrine|Protect\n|move|p1a: Flutter Mane|Moonblast|p2a: Malevolent Shrine\n|-activate|p2a: Malevolent Shrine|move: Protect\n|\n|-heal|p2a: Malevolent Shrine|89\/100 tox|[from] ability: Poison Heal\n|upkeep\n|turn|77\n|\n|t:|1699713602\n|move|p1a: Flutter Mane|Moonblast|p2a: Malevolent Shrine\n|-damage|p2a: Malevolent Shrine|35\/100 tox\n|-unboost|p2a: Malevolent Shrine|spa|1\n|move|p2a: Malevolent Shrine|Knock Off|p1a: Flutter Mane\n|-damage|p1a: Flutter Mane|0 fnt\n|faint|p1a: Flutter Mane\n|-end|p1a: Flutter Mane|Protosynthesis|[silent]\n|\n|-heal|p2a: Malevolent Shrine|47\/100 tox|[from] ability: Poison Heal\n|upkeep\n|\n|t:|1699713619\n|switch|p1a: Skeledirge|Skeledirge, M|69\/100 psn\n|turn|78\n|\n|t:|1699713633\n|-terastallize|p1a: Skeledirge|Normal\n|move|p2a: Malevolent Shrine|Protect|p2a: Malevolent Shrine\n|-singleturn|p2a: Malevolent Shrine|Protect\n|move|p1a: Skeledirge|Hex|p2a: Malevolent Shrine\n|-activate|p2a: Malevolent Shrine|move: Protect\n|\n|-heal|p2a: Malevolent Shrine|60\/100 tox|[from] ability: Poison Heal\n|-damage|p1a: Skeledirge|57\/100 psn|[from] psn\n|upkeep\n|turn|79\n|\n|t:|1699713647\n|switch|p2a: Only Chance|Clodsire, M|92\/100 brn\n|move|p1a: Skeledirge|Slack Off|p1a: Skeledirge\n|-heal|p1a: Skeledirge|100\/100 psn\n|\n|-damage|p1a: Skeledirge|88\/100 psn|[from] psn\n|-damage|p2a: Only Chance|86\/100 brn|[from] brn\n|upkeep\n|turn|80\n|\n|t:|1699713656\n|move|p1a: Skeledirge|Will-O-Wisp|p2a: Only Chance\n|-fail|p2a: Only Chance|brn\n|move|p2a: Only Chance|Stealth Rock|p1a: Skeledirge\n|-sidestart|p1: AnIronicKiwi|move: Stealth Rock\n|\n|-damage|p1a: Skeledirge|76\/100 psn|[from] psn\n|-damage|p2a: Only Chance|80\/100 brn|[from] brn\n|upkeep\n|turn|81\n|inactive|2448a has 120 seconds left.\n|\n|t:|1699713713\n|move|p1a: Skeledirge|Torch Song|p2a: Only Chance\n|-damage|p2a: Only Chance|62\/100 brn\n|-boost|p1a: Skeledirge|spa|1\n|move|p2a: Only Chance|Earthquake|p1a: Skeledirge\n|-damage|p1a: Skeledirge|68\/100 psn\n|\n|-damage|p1a: Skeledirge|56\/100 psn|[from] psn\n|-damage|p2a: Only Chance|56\/100 brn|[from] brn\n|upkeep\n|turn|82\n|inactive|2448a has 90 seconds left.\n|inactive|2448a has 60 seconds left.\n|\n|t:|1699713776\n|move|p1a: Skeledirge|Slack Off|p1a: Skeledirge\n|-heal|p1a: Skeledirge|100\/100 psn\n|move|p2a: Only Chance|Earthquake|p1a: Skeledirge\n|-damage|p1a: Skeledirge|92\/100 psn\n|\n|-damage|p1a: Skeledirge|79\/100 psn|[from] psn\n|-damage|p2a: Only Chance|50\/100 brn|[from] brn\n|upkeep\n|turn|83\n|\n|t:|1699713781\n|move|p1a: Skeledirge|Torch Song|p2a: Only Chance\n|-damage|p2a: Only Chance|32\/100 brn\n|-boost|p1a: Skeledirge|spa|1\n|move|p2a: Only Chance|Recover|p2a: Only Chance\n|-heal|p2a: Only Chance|82\/100 brn\n|\n|-damage|p1a: Skeledirge|67\/100 psn|[from] psn\n|-damage|p2a: Only Chance|76\/100 brn|[from] brn\n|upkeep\n|turn|84\n|\n|t:|1699713787\n|move|p1a: Skeledirge|Torch Song|p2a: Only Chance\n|-damage|p2a: Only Chance|61\/100 brn\n|-boost|p1a: Skeledirge|spa|1\n|move|p2a: Only Chance|Recover|p2a: Only Chance\n|-heal|p2a: Only Chance|100\/100 brn\n|\n|-damage|p1a: Skeledirge|55\/100 psn|[from] psn\n|-damage|p2a: Only Chance|94\/100 brn|[from] brn\n|upkeep\n|turn|85\n|inactive|2448a has 60 seconds left.\n|\n|t:|1699713829\n|move|p1a: Skeledirge|Torch Song|p2a: Only Chance\n|-damage|p2a: Only Chance|77\/100 brn\n|-boost|p1a: Skeledirge|spa|1\n|move|p2a: Only Chance|Earthquake|p1a: Skeledirge\n|-damage|p1a: Skeledirge|47\/100 psn\n|\n|-damage|p1a: Skeledirge|34\/100 psn|[from] psn\n|-damage|p2a: Only Chance|71\/100 brn|[from] brn\n|upkeep\n|turn|86\n|\n|t:|1699713836\n|move|p1a: Skeledirge|Slack Off|p1a: Skeledirge\n|-heal|p1a: Skeledirge|84\/100 psn\n|move|p2a: Only Chance|Earthquake|p1a: Skeledirge\n|-damage|p1a: Skeledirge|77\/100 psn\n|\n|-damage|p1a: Skeledirge|64\/100 psn|[from] psn\n|-damage|p2a: Only Chance|65\/100 brn|[from] brn\n|upkeep\n|turn|87\n|inactive|2448a has 30 seconds left.\n|inactive|2448a has 20 seconds left.\n|inactive|2448a has 15 seconds left.\n|inactive|2448a has 10 seconds left.\n|inactive|2448a has 5 seconds left.\n|-message|2448a lost due to inactivity.\n|\n|win|AnIronicKiwi\n|raw|AnIronicKiwi's rating: 1562 &rarr; <strong>1594<\/strong><br \/>(+32 for winning)\n|raw|2448a's rating: 1795 &rarr; <strong>1763<\/strong><br \/>(-32 for losing)\n|l|\u2606AnIronicKiwi\n|l|\u26062448a\n","uploadtime":1699713998,"views":5,"p1id":"anironickiwi","p2id":"2448a","formatid":"gen9anythinggoes","rating":1594,"private":0,"password":""}