{"id":"gen9anythinggoes-2000287126","p1":"Slow3","p2":"Koibitio","format":"[Gen 9] Anything Goes","log":"|j|\u2606Slow3\n|j|\u203dKoibitio\n|t:|1701181514\n|gametype|singles\n|player|p1|Slow3|266|1538\n|player|p2|Koibitio|buck|1486\n|teamsize|p1|6\n|teamsize|p2|6\n|gen|9\n|tier|[Gen 9] Anything Goes\n|rated|\n|rule|HP Percentage Mod: HP is shown in percentages\n|rule|Endless Battle Clause: Forcing endless battles is banned\n|clearpoke\n|poke|p1|Calyrex-Shadow|\n|poke|p1|Koraidon|\n|poke|p1|Arceus-Steel|\n|poke|p1|Arceus|\n|poke|p1|Flutter Mane|\n|poke|p1|Great Tusk|\n|poke|p2|Koraidon|\n|poke|p2|Flutter Mane|\n|poke|p2|Torkoal, L99, F|\n|poke|p2|Chi-Yu|\n|poke|p2|Lilligant-Hisui, F|\n|poke|p2|Salazzle, F|\n|teampreview\n|inactive|Battle timer is ON: inactive players will automatically lose when time's up. (requested by Slow3)\n|\n|t:|1701181528\n|start\n|switch|p1a: Great Tusk|Great Tusk|100\/100\n|switch|p2a: Torkoal|Torkoal, L99, F, shiny|100\/100\n|-weather|SunnyDay|[from] ability: Drought|[of] p2a: Torkoal\n|-activate|p1a: Great Tusk|ability: Protosynthesis\n|-start|p1a: Great Tusk|protosynthesisatk\n|turn|1\n|\n|t:|1701181533\n|move|p1a: Great Tusk|Rapid Spin|p2a: Torkoal\n|-damage|p2a: Torkoal|85\/100\n|-boost|p1a: Great Tusk|spe|1\n|move|p2a: Torkoal|Yawn|p1a: Great Tusk\n|-start|p1a: Great Tusk|move: Yawn|[of] p2a: Torkoal\n|\n|-weather|SunnyDay|[upkeep]\n|upkeep\n|turn|2\n|\n|t:|1701181538\n|move|p1a: Great Tusk|Headlong Rush|p2a: Torkoal\n|-supereffective|p2a: Torkoal\n|-damage|p2a: Torkoal|0 fnt\n|-unboost|p1a: Great Tusk|def|1\n|-unboost|p1a: Great Tusk|spd|1\n|faint|p2a: Torkoal\n|\n|-weather|SunnyDay|[upkeep]\n|-end|p1a: Great Tusk|move: Yawn|[silent]\n|-status|p1a: Great Tusk|slp\n|upkeep\n|\n|t:|1701181541\n|switch|p2a: Lilligant|Lilligant-Hisui, F, shiny|100\/100\n|turn|3\n|\n|t:|1701181545\n|-end|p1a: Great Tusk|Protosynthesis|[silent]\n|switch|p1a: Arceus|Arceus-Steel|100\/100\n|move|p2a: Lilligant|Solar Blade||[still]\n|-prepare|p2a: Lilligant|Solar Blade\n|-anim|p2a: Lilligant|Solar Blade|p1a: Arceus\n|-resisted|p1a: Arceus\n|-damage|p1a: Arceus|62\/100\n|\n|-weather|SunnyDay|[upkeep]\n|upkeep\n|turn|4\n|\n|t:|1701181550\n|switch|p2a: Chi-Yu|Chi-Yu|100\/100\n|-ability|p2a: Chi-Yu|Beads of Ruin\n|move|p1a: Arceus|Taunt|p2a: Chi-Yu\n|-start|p2a: Chi-Yu|move: Taunt\n|\n|-weather|SunnyDay|[upkeep]\n|upkeep\n|turn|5\n|\n|t:|1701181557\n|switch|p1a: Koraidon|Koraidon|100\/100\n|-activate|p1a: Koraidon|ability: Orichalcum Pulse\n|move|p2a: Chi-Yu|Heat Wave|p1a: Koraidon\n|-resisted|p1a: Koraidon\n|-damage|p1a: Koraidon|51\/100\n|\n|-weather|SunnyDay|[upkeep]\n|upkeep\n|turn|6\n|\n|t:|1701181568\n|switch|p2a: Flutter Mane|Flutter Mane|100\/100\n|-activate|p2a: Flutter Mane|ability: Protosynthesis\n|-start|p2a: Flutter Mane|protosynthesisspe\n|move|p1a: Koraidon|Collision Course|p2a: Flutter Mane\n|-immune|p2a: Flutter Mane\n|\n|-weather|SunnyDay|[upkeep]\n|upkeep\n|turn|7\n|inactive|Slow3 has 120 seconds left.\n|\n|t:|1701181614\n|switch|p1a: Arceus|Arceus|100\/100\n|move|p2a: Flutter Mane|Mystical Fire|p1a: Arceus\n|-damage|p1a: Arceus|51\/100\n|-unboost|p1a: Arceus|spa|1\n|\n|-weather|SunnyDay|[upkeep]\n|upkeep\n|turn|8\n|\n|t:|1701181622\n|switch|p1a: Arceus|Arceus-Steel|62\/100\n|move|p2a: Flutter Mane|Mystical Fire|p1a: Arceus\n|-supereffective|p1a: Arceus\n|-damage|p1a: Arceus|0 fnt\n|faint|p1a: Arceus\n|\n|-weather|none\n|-end|p2a: Flutter Mane|Protosynthesis\n|upkeep\n|\n|t:|1701181625\n|switch|p1a: Flutter Mane|Flutter Mane|100\/100\n|turn|9\n|\n|t:|1701181630\n|-end|p2a: Flutter Mane|Protosynthesis|[silent]\n|switch|p2a: Chi-Yu|Chi-Yu|100\/100\n|-ability|p2a: Chi-Yu|Beads of Ruin\n|move|p1a: Flutter Mane|Shadow Ball|p2a: Chi-Yu\n|-resisted|p2a: Chi-Yu\n|-damage|p2a: Chi-Yu|73\/100\n|\n|upkeep\n|turn|10\n|\n|t:|1701181637\n|move|p2a: Chi-Yu|Heat Wave|p1a: Flutter Mane\n|-damage|p1a: Flutter Mane|30\/100\n|move|p1a: Flutter Mane|Moonblast|p2a: Chi-Yu\n|-damage|p2a: Chi-Yu|15\/100\n|-unboost|p2a: Chi-Yu|spa|1\n|\n|upkeep\n|turn|11\n|\n|t:|1701181646\n|-end|p1a: Flutter Mane|Protosynthesis|[silent]\n|switch|p1a: Great Tusk|Great Tusk|100\/100 slp\n|move|p2a: Chi-Yu|Heat Wave|p1a: Great Tusk\n|-damage|p1a: Great Tusk|69\/100 slp\n|\n|upkeep\n|turn|12\n|\n|t:|1701181654\n|switch|p2a: Koraidon|Koraidon|100\/100\n|-weather|SunnyDay|[from] ability: Orichalcum Pulse|[of] p2a: Koraidon\n|-activate|p1a: Great Tusk|ability: Protosynthesis\n|-start|p1a: Great Tusk|protosynthesisatk\n|-activate|p2a: Koraidon|Orichalcum Pulse|[source]\n|cant|p1a: Great Tusk|slp\n|\n|-weather|SunnyDay|[upkeep]\n|upkeep\n|turn|13\n|\n|t:|1701181665\n|switch|p2a: Flutter Mane|Flutter Mane|100\/100\n|-activate|p2a: Flutter Mane|ability: Protosynthesis\n|-start|p2a: Flutter Mane|protosynthesisspe\n|-curestatus|p1a: Great Tusk|slp|[msg]\n|move|p1a: Great Tusk|Play Rough|p2a: Flutter Mane\n|-damage|p2a: Flutter Mane|6\/100\n|\n|-weather|SunnyDay|[upkeep]\n|upkeep\n|turn|14\n|\n|t:|1701181676\n|-end|p1a: Great Tusk|Protosynthesis|[silent]\n|switch|p1a: Arceus|Arceus|51\/100\n|move|p2a: Flutter Mane|Moonblast|p1a: Arceus\n|-damage|p1a: Arceus|0 fnt\n|faint|p1a: Arceus\n|\n|-weather|SunnyDay|[upkeep]\n|upkeep\n|\n|t:|1701181679\n|switch|p1a: Calyrex|Calyrex-Shadow|100\/100\n|-ability|p1a: Calyrex|As One\n|-ability|p1a: Calyrex|Unnerve\n|turn|15\n|\n|t:|1701181686\n|-end|p2a: Flutter Mane|Protosynthesis|[silent]\n|switch|p2a: Chi-Yu|Chi-Yu|15\/100\n|-ability|p2a: Chi-Yu|Beads of Ruin\n|move|p1a: Calyrex|Astral Barrage|p2a: Chi-Yu\n|-resisted|p2a: Chi-Yu\n|-damage|p2a: Chi-Yu|0 fnt\n|faint|p2a: Chi-Yu\n|-ability|p1a: Calyrex|Grim Neigh|boost\n|-boost|p1a: Calyrex|spa|1\n|\n|-weather|SunnyDay|[upkeep]\n|upkeep\n|\n|t:|1701181688\n|switch|p2a: Lilligant|Lilligant-Hisui, F, shiny|100\/100\n|turn|16\n|\n|t:|1701181694\n|-terastallize|p1a: Calyrex|Dark\n|move|p2a: Lilligant|Solar Blade||[still]\n|-prepare|p2a: Lilligant|Solar Blade\n|-anim|p2a: Lilligant|Solar Blade|p1a: Calyrex\n|-damage|p1a: Calyrex|12\/100\n|move|p1a: Calyrex|Astral Barrage|p2a: Lilligant\n|-damage|p2a: Lilligant|0 fnt\n|faint|p2a: Lilligant\n|-ability|p1a: Calyrex|Grim Neigh|boost\n|-boost|p1a: Calyrex|spa|1\n|\n|-weather|none\n|upkeep\n|\n|t:|1701181702\n|switch|p2a: Koraidon|Koraidon|100\/100\n|-weather|SunnyDay|[from] ability: Orichalcum Pulse|[of] p2a: Koraidon\n|-activate|p2a: Koraidon|Orichalcum Pulse|[source]\n|turn|17\n|\n|t:|1701181713\n|switch|p2a: Salazzle|Salazzle, F, shiny|100\/100\n|move|p1a: Calyrex|Astral Barrage|p2a: Salazzle\n|-damage|p2a: Salazzle|0 fnt\n|faint|p2a: Salazzle\n|-ability|p1a: Calyrex|Grim Neigh|boost\n|-boost|p1a: Calyrex|spa|1\n|\n|-weather|SunnyDay|[upkeep]\n|upkeep\n|\n|t:|1701181716\n|switch|p2a: Flutter Mane|Flutter Mane|6\/100\n|-activate|p2a: Flutter Mane|ability: Protosynthesis\n|-start|p2a: Flutter Mane|protosynthesisspe\n|turn|18\n|\n|t:|1701181731\n|-terastallize|p2a: Flutter Mane|Normal\n|move|p1a: Calyrex|Astral Barrage|p2a: Flutter Mane\n|-immune|p2a: Flutter Mane\n|move|p2a: Flutter Mane|Moonblast|p1a: Calyrex\n|-supereffective|p1a: Calyrex\n|-damage|p1a: Calyrex|0 fnt\n|faint|p1a: Calyrex\n|\n|-weather|SunnyDay|[upkeep]\n|upkeep\n|\n|t:|1701181742\n|switch|p1a: Flutter Mane|Flutter Mane|30\/100\n|-activate|p1a: Flutter Mane|ability: Protosynthesis\n|-start|p1a: Flutter Mane|protosynthesisspe\n|turn|19\n|\n|t:|1701181748\n|move|p1a: Flutter Mane|Moonblast|p2a: Flutter Mane\n|-damage|p2a: Flutter Mane|0 fnt\n|faint|p2a: Flutter Mane\n|-end|p2a: Flutter Mane|Protosynthesis|[silent]\n|\n|-weather|SunnyDay|[upkeep]\n|upkeep\n|\n|t:|1701181767\n|switch|p2a: Koraidon|Koraidon|100\/100\n|-activate|p2a: Koraidon|ability: Orichalcum Pulse\n|turn|20\n|\n|t:|1701181772\n|move|p1a: Flutter Mane|Moonblast|p2a: Koraidon\n|-supereffective|p2a: Koraidon\n|-damage|p2a: Koraidon|0 fnt\n|faint|p2a: Koraidon\n|\n|win|Slow3\n|raw|Slow3's rating: 1538 &rarr; <strong>1555<\/strong><br \/>(+17 for winning)\n|raw|Koibitio's rating: 1486 &rarr; <strong>1469<\/strong><br \/>(-17 for losing)\n","uploadtime":1701181778,"views":0,"p1id":"slow3","p2id":"koibitio","formatid":"gen9anythinggoes","rating":1469,"private":0,"password":""}