{"id":"gen9anythinggoes-2000275680","p1":"Shterman","p2":"baby keeem","format":"[Gen 9] Anything Goes","log":"|j|\u2606Shterman\n|j|\u2606baby keeem\n|t:|1701180354\n|gametype|singles\n|player|p1|Shterman|dawn|1324\n|player|p2|baby keeem|silver|1458\n|teamsize|p1|6\n|teamsize|p2|6\n|gen|9\n|tier|[Gen 9] Anything Goes\n|rated|\n|rule|HP Percentage Mod: HP is shown in percentages\n|rule|Endless Battle Clause: Forcing endless battles is banned\n|clearpoke\n|poke|p1|Espathra, M|\n|poke|p1|Gliscor, F|\n|poke|p1|Jirachi|\n|poke|p1|Calyrex-Shadow|\n|poke|p1|Tatsugiri, M|\n|poke|p1|Heatran, M|\n|poke|p2|Zacian-*|\n|poke|p2|Zacian-*|\n|poke|p2|Zacian-*|\n|poke|p2|Zacian-*|\n|poke|p2|Calyrex-Shadow|\n|poke|p2|Cyclizar, M|\n|teampreview\n|inactive|Battle timer is ON: inactive players will automatically lose when time's up. (requested by baby keeem)\n|\n|t:|1701180366\n|start\n|switch|p1a: Espathra|Espathra, M|100\/100\n|switch|p2a: Zacian|Zacian-Crowned|100\/100\n|-ability|p2a: Zacian|Intrepid Sword|boost\n|-boost|p2a: Zacian|atk|1\n|turn|1\n|\n|t:|1701180373\n|switch|p2a: Cyclizar|Cyclizar, M|100\/100\n|move|p1a: Espathra|Protect||[still]\n|-fail|p1a: Espathra\n|\n|-ability|p1a: Espathra|Speed Boost|boost\n|-boost|p1a: Espathra|spe|1\n|upkeep\n|turn|2\n|\n|t:|1701180378\n|move|p1a: Espathra|Substitute|p1a: Espathra\n|-start|p1a: Espathra|Substitute\n|-damage|p1a: Espathra|76\/100\n|move|p2a: Cyclizar|Dragon Tail|p1a: Espathra\n|-activate|p1a: Espathra|move: Substitute|[damage]\n|\n|-heal|p1a: Espathra|82\/100|[from] item: Leftovers\n|-ability|p1a: Espathra|Speed Boost|boost\n|-boost|p1a: Espathra|spe|1\n|upkeep\n|turn|3\n|\n|t:|1701180395\n|switch|p2a: Zacian|Zacian-Crowned|100\/100\n|move|p1a: Espathra|Calm Mind|p1a: Espathra\n|-boost|p1a: Espathra|spa|1\n|-boost|p1a: Espathra|spd|1\n|\n|-heal|p1a: Espathra|88\/100|[from] item: Leftovers\n|-ability|p1a: Espathra|Speed Boost|boost\n|-boost|p1a: Espathra|spe|1\n|upkeep\n|turn|4\n|\n|t:|1701180400\n|switch|p2a: Zacian|Zacian-Crowned|100\/100\n|-ability|p2a: Zacian|Intrepid Sword|boost\n|-boost|p2a: Zacian|atk|1\n|move|p1a: Espathra|Protect||[still]\n|-fail|p1a: Espathra\n|\n|-heal|p1a: Espathra|94\/100|[from] item: Leftovers\n|-ability|p1a: Espathra|Speed Boost|boost\n|-boost|p1a: Espathra|spe|1\n|upkeep\n|turn|5\n|\n|t:|1701180402\n|move|p1a: Espathra|Calm Mind|p1a: Espathra\n|-boost|p1a: Espathra|spa|1\n|-boost|p1a: Espathra|spd|1\n|move|p2a: Zacian|Crunch|p1a: Espathra\n|-supereffective|p1a: Espathra\n|-end|p1a: Espathra|Substitute\n|\n|-heal|p1a: Espathra|99\/100|[from] item: Leftovers\n|-ability|p1a: Espathra|Speed Boost|boost\n|-boost|p1a: Espathra|spe|1\n|upkeep\n|turn|6\n|\n|t:|1701180417\n|move|p1a: Espathra|Protect|p1a: Espathra\n|-singleturn|p1a: Espathra|Protect\n|move|p2a: Zacian|Agility|p2a: Zacian\n|-boost|p2a: Zacian|spe|2\n|\n|-heal|p1a: Espathra|100\/100|[from] item: Leftovers\n|-ability|p1a: Espathra|Speed Boost|boost\n|-boost|p1a: Espathra|spe|1\n|upkeep\n|turn|7\n|\n|t:|1701180422\n|move|p1a: Espathra|Substitute|p1a: Espathra\n|-start|p1a: Espathra|Substitute\n|-damage|p1a: Espathra|76\/100\n|move|p2a: Zacian|Crunch|p1a: Espathra\n|-supereffective|p1a: Espathra\n|-end|p1a: Espathra|Substitute\n|\n|-heal|p1a: Espathra|82\/100|[from] item: Leftovers\n|upkeep\n|turn|8\n|\n|t:|1701180426\n|move|p1a: Espathra|Protect|p1a: Espathra\n|-singleturn|p1a: Espathra|Protect\n|move|p2a: Zacian|Agility|p2a: Zacian\n|-boost|p2a: Zacian|spe|2\n|\n|-heal|p1a: Espathra|88\/100|[from] item: Leftovers\n|upkeep\n|turn|9\n|\n|t:|1701180436\n|move|p2a: Zacian|Crunch|p1a: Espathra\n|-supereffective|p1a: Espathra\n|-damage|p1a: Espathra|13\/100\n|move|p1a: Espathra|Baton Pass|p1a: Espathra\n|\n|t:|1701180441\n|switch|p1a: Jirachi|Jirachi|100\/100|[from] Baton Pass\n|\n|upkeep\n|turn|10\n|\n|t:|1701180451\n|-terastallize|p1a: Jirachi|Steel\n|move|p2a: Zacian|Agility|p2a: Zacian\n|-boost|p2a: Zacian|spe|2\n|move|p1a: Jirachi|Iron Defense|p1a: Jirachi\n|-boost|p1a: Jirachi|def|2\n|\n|upkeep\n|turn|11\n|\n|t:|1701180458\n|move|p2a: Zacian|Crunch|p1a: Jirachi\n|-damage|p1a: Jirachi|82\/100\n|move|p1a: Jirachi|Iron Defense|p1a: Jirachi\n|-boost|p1a: Jirachi|def|2\n|\n|upkeep\n|turn|12\n|\n|t:|1701180463\n|move|p2a: Zacian|Crunch|p1a: Jirachi\n|-damage|p1a: Jirachi|69\/100\n|-unboost|p1a: Jirachi|def|1\n|move|p1a: Jirachi|Iron Defense|p1a: Jirachi\n|-boost|p1a: Jirachi|def|2\n|\n|upkeep\n|turn|13\n|\n|t:|1701180468\n|move|p2a: Zacian|Crunch|p1a: Jirachi\n|-damage|p1a: Jirachi|58\/100\n|move|p1a: Jirachi|Amnesia|p1a: Jirachi\n|-boost|p1a: Jirachi|spd|2\n|\n|upkeep\n|turn|14\n|\n|t:|1701180473\n|move|p2a: Zacian|Crunch|p1a: Jirachi\n|-damage|p1a: Jirachi|48\/100\n|-unboost|p1a: Jirachi|def|1\n|move|p1a: Jirachi|Baton Pass|p1a: Jirachi\n|\n|t:|1701180478\n|switch|p1a: Gliscor|Gliscor, F|100\/100|[from] Baton Pass\n|\n|-status|p1a: Gliscor|tox|[from] item: Toxic Orb\n|upkeep\n|turn|15\n|\n|t:|1701180490\n|move|p2a: Zacian|Play Rough|p1a: Gliscor\n|-damage|p1a: Gliscor|84\/100 tox\n|move|p1a: Gliscor|Earth Power|p2a: Zacian\n|-supereffective|p2a: Zacian\n|-damage|p2a: Zacian|36\/100\n|\n|-heal|p1a: Gliscor|97\/100 tox|[from] ability: Poison Heal\n|upkeep\n|turn|16\n|\n|t:|1701180495\n|move|p2a: Zacian|Behemoth Blade|p1a: Gliscor\n|-damage|p1a: Gliscor|76\/100 tox\n|move|p1a: Gliscor|Earth Power|p2a: Zacian\n|-supereffective|p2a: Zacian\n|-damage|p2a: Zacian|0 fnt\n|faint|p2a: Zacian\n|\n|-heal|p1a: Gliscor|89\/100 tox|[from] ability: Poison Heal\n|upkeep\n|\n|t:|1701180499\n|switch|p2a: Cyclizar|Cyclizar, M|100\/100\n|turn|17\n|\n|t:|1701180503\n|move|p1a: Gliscor|Protect|p1a: Gliscor\n|-singleturn|p1a: Gliscor|Protect\n|move|p2a: Cyclizar|Dragon Tail|p1a: Gliscor\n|-activate|p1a: Gliscor|move: Protect\n|\n|-heal|p1a: Gliscor|100\/100 tox|[from] ability: Poison Heal\n|upkeep\n|turn|18\n|c|\u2606baby keeem|i'm comign for you motehrfucker\n|\n|t:|1701180513\n|move|p1a: Gliscor|Earth Power|p2a: Cyclizar\n|-damage|p2a: Cyclizar|48\/100\n|move|p2a: Cyclizar|Dragon Tail|p1a: Gliscor\n|-damage|p1a: Gliscor|95\/100 tox\n|drag|p1a: Tatsugiri|Tatsugiri, M|100\/100\n|\n|upkeep\n|turn|19\n|c|\u2606baby keeem|HAAHAHAHHAHAHAHA\n|c|\u2606baby keeem|HAHAHAHHAHAHA\n|c|\u2606baby keeem|LMAOOO\n|-message|Shterman forfeited.\n|\n|win|baby keeem\n|raw|Shterman's rating: 1324 &rarr; <strong>1311<\/strong><br \/>(-13 for losing)\n|raw|baby keeem's rating: 1458 &rarr; <strong>1471<\/strong><br \/>(+13 for winning)\n|l|\u2606Shterman\n","uploadtime":1701180512,"views":0,"p1id":"shterman","p2id":"babykeeem","formatid":"gen9anythinggoes","rating":1311,"private":0,"password":""}