{"id":"gen9anythinggoes-1972624261","p1":"Gibbbbbles","p2":"bufebaofo","format":"[Gen 9] Anything Goes","log":"|j|\u2606Gibbbbbles\n|j|\u2606bufebaofo\n|t:|1697866217\n|gametype|singles\n|player|p1|Gibbbbbles|102|\n|player|p2|bufebaofo|266|\n|teamsize|p1|6\n|teamsize|p2|6\n|gen|9\n|tier|[Gen 9] Anything Goes\n|rule|HP Percentage Mod: HP is shown in percentages\n|rule|Endless Battle Clause: Forcing endless battles is banned\n|clearpoke\n|poke|p1|Giratina|\n|poke|p1|Zoroark, M|\n|poke|p1|Zamazenta-*|\n|poke|p1|Milotic, M|\n|poke|p1|Gardevoir, F|\n|poke|p1|Garchomp, M|\n|poke|p2|Lucario, M|\n|poke|p2|Cyclizar, M|\n|poke|p2|Gengar, F|\n|poke|p2|Clefable, M|\n|poke|p2|Dragonite, F|\n|poke|p2|Mew|\n|teampreview\n|\n|t:|1697866230\n|start\n|switch|p1a: worm|Milotic, M|100\/100\n|switch|p2a: Mew|Mew|100\/100\n|turn|1\n|\n|t:|1697866245\n|move|p2a: Mew|Spikes|p1a: worm\n|-sidestart|p1: Gibbbbbles|Spikes\n|move|p1a: worm|Avalanche|p2a: Mew\n|-damage|p2a: Mew|89\/100\n|\n|upkeep\n|turn|2\n|\n|t:|1697866255\n|move|p2a: Mew|Aura Sphere|p1a: worm\n|-crit|p1a: worm\n|-damage|p1a: worm|76\/100\n|move|p1a: worm|Draining Kiss|p2a: Mew\n|-damage|p2a: Mew|79\/100\n|-heal|p1a: worm|84\/100|[from] drain|[of] p2a: Mew\n|\n|upkeep\n|turn|3\n|\n|t:|1697866263\n|move|p2a: Mew|Aura Sphere|p1a: worm\n|-damage|p1a: worm|67\/100\n|move|p1a: worm|Surf|p2a: Mew\n|-damage|p2a: Mew|49\/100\n|\n|upkeep\n|turn|4\n|\n|t:|1697866280\n|move|p2a: Mew|Bulk Up|p2a: Mew\n|-boost|p2a: Mew|atk|1\n|-boost|p2a: Mew|def|1\n|move|p1a: worm|Draining Kiss|p2a: Mew\n|-damage|p2a: Mew|39\/100\n|-heal|p1a: worm|75\/100|[from] drain|[of] p2a: Mew\n|\n|upkeep\n|turn|5\n|\n|t:|1697866298\n|move|p2a: Mew|Bulk Up|p2a: Mew\n|-boost|p2a: Mew|atk|1\n|-boost|p2a: Mew|def|1\n|move|p1a: worm|Surf|p2a: Mew\n|-damage|p2a: Mew|7\/100\n|\n|upkeep\n|turn|6\n|\n|t:|1697866305\n|move|p2a: Mew|Aura Sphere|p1a: worm\n|-damage|p1a: worm|58\/100\n|move|p1a: worm|Draining Kiss|p2a: Mew\n|-damage|p2a: Mew|0 fnt\n|-heal|p1a: worm|63\/100|[from] drain|[of] p2a: Mew\n|faint|p2a: Mew\n|\n|upkeep\n|\n|t:|1697866317\n|switch|p2a: Clefable|Clefable, M|100\/100\n|turn|7\n|\n|t:|1697866325\n|move|p1a: worm|Recover|p1a: worm\n|-heal|p1a: worm|100\/100\n|move|p2a: Clefable|Thunder Wave|p1a: worm\n|-status|p1a: worm|par\n|\n|upkeep\n|turn|8\n|\n|t:|1697866342\n|move|p2a: Clefable|Substitute|p2a: Clefable\n|-start|p2a: Clefable|Substitute\n|-damage|p2a: Clefable|76\/100\n|move|p1a: worm|Avalanche|p2a: Clefable\n|-activate|p2a: Clefable|move: Substitute|[damage]\n|\n|upkeep\n|turn|9\n|\n|t:|1697866350\n|move|p2a: Clefable|Draining Kiss|p1a: worm\n|-damage|p1a: worm|87\/100 par\n|-heal|p2a: Clefable|86\/100|[from] drain|[of] p1a: worm\n|cant|p1a: worm|par\n|\n|upkeep\n|turn|10\n|\n|t:|1697866357\n|move|p2a: Clefable|Night Shade|p1a: worm\n|-damage|p1a: worm|59\/100 par\n|move|p1a: worm|Avalanche|p2a: Clefable\n|-end|p2a: Clefable|Substitute\n|\n|upkeep\n|turn|11\n|\n|t:|1697866366\n|move|p2a: Clefable|Night Shade|p1a: worm\n|-damage|p1a: worm|32\/100 par\n|move|p1a: worm|Draining Kiss|p2a: Clefable\n|-damage|p2a: Clefable|75\/100\n|-heal|p1a: worm|40\/100 par|[from] drain|[of] p2a: Clefable\n|\n|upkeep\n|turn|12\n|\n|t:|1697866373\n|move|p2a: Clefable|Substitute|p2a: Clefable\n|-start|p2a: Clefable|Substitute\n|-damage|p2a: Clefable|50\/100\n|cant|p1a: worm|par\n|\n|upkeep\n|turn|13\n|\n|t:|1697866378\n|move|p2a: Clefable|Draining Kiss|p1a: worm\n|-damage|p1a: worm|26\/100 par\n|-heal|p2a: Clefable|60\/100|[from] drain|[of] p1a: worm\n|cant|p1a: worm|par\n|\n|upkeep\n|turn|14\n|\n|t:|1697866385\n|move|p2a: Clefable|Draining Kiss|p1a: worm\n|-damage|p1a: worm|12\/100 par\n|-heal|p2a: Clefable|70\/100|[from] drain|[of] p1a: worm\n|move|p1a: worm|Recover|p1a: worm\n|-heal|p1a: worm|62\/100 par\n|\n|upkeep\n|turn|15\n|\n|t:|1697866398\n|move|p2a: Clefable|Night Shade|p1a: worm\n|-damage|p1a: worm|35\/100 par\n|move|p1a: worm|Surf|p2a: Clefable\n|-end|p2a: Clefable|Substitute\n|\n|upkeep\n|turn|16\n|\n|t:|1697866405\n|move|p2a: Clefable|Draining Kiss|p1a: worm\n|-damage|p1a: worm|20\/100 par\n|-heal|p2a: Clefable|80\/100|[from] drain|[of] p1a: worm\n|move|p1a: worm|Recover|p1a: worm\n|-heal|p1a: worm|70\/100 par\n|\n|upkeep\n|turn|17\n|\n|t:|1697866412\n|move|p2a: Clefable|Substitute|p2a: Clefable\n|-start|p2a: Clefable|Substitute\n|-damage|p2a: Clefable|56\/100\n|cant|p1a: worm|par\n|\n|upkeep\n|turn|18\n|\n|t:|1697866419\n|move|p2a: Clefable|Night Shade|p1a: worm\n|-damage|p1a: worm|43\/100 par\n|move|p1a: worm|Draining Kiss|p2a: Clefable\n|-activate|p2a: Clefable|move: Substitute|[damage]\n|-heal|p1a: worm|50\/100 par|[from] drain|[of] p2a: Clefable\n|\n|upkeep\n|turn|19\n|\n|t:|1697866426\n|move|p2a: Clefable|Night Shade|p1a: worm\n|-damage|p1a: worm|23\/100 par\n|move|p1a: worm|Avalanche|p2a: Clefable\n|-end|p2a: Clefable|Substitute\n|\n|upkeep\n|turn|20\n|\n|t:|1697866434\n|move|p2a: Clefable|Night Shade|p1a: worm\n|-damage|p1a: worm|0 fnt\n|faint|p1a: worm\n|\n|upkeep\n|\n|t:|1697866445\n|switch|p1a: john|Giratina, shiny|100\/100\n|-damage|p1a: john|88\/100|[from] Spikes\n|-ability|p1a: john|Pressure\n|turn|21\n|\n|t:|1697866451\n|move|p1a: john|Destiny Bond|p1a: john\n|-singlemove|p1a: john|Destiny Bond\n|move|p2a: Clefable|Draining Kiss|p1a: john\n|-supereffective|p1a: john\n|-damage|p1a: john|68\/100\n|-heal|p2a: Clefable|74\/100|[from] drain|[of] p1a: john\n|\n|upkeep\n|turn|22\n|\n|t:|1697866460\n|move|p1a: john|Draco Meteor|p2a: Clefable\n|-immune|p2a: Clefable\n|move|p2a: Clefable|Substitute|p2a: Clefable\n|-start|p2a: Clefable|Substitute\n|-damage|p2a: Clefable|49\/100\n|\n|upkeep\n|turn|23\n|\n|t:|1697866466\n|move|p1a: john|Hex|p2a: Clefable\n|-activate|p2a: Clefable|move: Substitute|[damage]\n|move|p2a: Clefable|Thunder Wave|p1a: john\n|-status|p1a: john|par\n|\n|upkeep\n|turn|24\n|\n|t:|1697866476\n|switch|p2a: Gengar|Gengar, F|100\/100\n|cant|p1a: john|par\n|\n|upkeep\n|turn|25\n|\n|t:|1697866483\n|move|p2a: Gengar|Hex|p1a: john\n|-supereffective|p1a: john\n|-damage|p1a: john|0 fnt\n|faint|p1a: john\n|\n|upkeep\n|\n|t:|1697866490\n|switch|p1a: weird lizard thing|Garchomp, M|100\/100\n|-damage|p1a: weird lizard thing|88\/100|[from] Spikes\n|turn|26\n|\n|t:|1697866496\n|move|p2a: Gengar|Poison Jab|p1a: weird lizard thing\n|-resisted|p1a: weird lizard thing\n|-damage|p1a: weird lizard thing|80\/100\n|move|p1a: weird lizard thing|Stealth Rock|p2a: Gengar\n|-sidestart|p2: bufebaofo|move: Stealth Rock\n|\n|upkeep\n|turn|27\n|\n|t:|1697866509\n|move|p2a: Gengar|Dark Pulse|p1a: weird lizard thing\n|-damage|p1a: weird lizard thing|57\/100\n|move|p1a: weird lizard thing|Earthquake|p2a: Gengar\n|-supereffective|p2a: Gengar\n|-damage|p2a: Gengar|0 fnt\n|faint|p2a: Gengar\n|\n|upkeep\n|\n|t:|1697866517\n|switch|p2a: Cyclizar|Cyclizar, M|100\/100\n|-damage|p2a: Cyclizar|88\/100|[from] Stealth Rock\n|turn|28\n|\n|t:|1697866528\n|move|p2a: Cyclizar|Shed Tail|p2a: Cyclizar\n|-start|p2a: Cyclizar|Substitute|[from] move: Shed Tail\n|-damage|p2a: Cyclizar|38\/100\n|-enditem|p2a: Cyclizar|Sitrus Berry|[eat]\n|-heal|p2a: Cyclizar|63\/100|[from] item: Sitrus Berry\n|\n|t:|1697866534\n|switch|p2a: Lucario|Lucario, M|100\/100|[from] Shed Tail\n|-damage|p2a: Lucario|98\/100|[from] Stealth Rock\n|move|p1a: weird lizard thing|Dragon Tail|p2a: Lucario\n|-resisted|p2a: Lucario\n|-activate|p2a: Lucario|move: Substitute|[damage]\n|\n|upkeep\n|turn|29\n|\n|t:|1697866545\n|-terastallize|p1a: weird lizard thing|Dragon\n|move|p2a: Lucario|Swords Dance|p2a: Lucario\n|-boost|p2a: Lucario|atk|2\n|move|p1a: weird lizard thing|Dragon Tail|p2a: Lucario\n|-resisted|p2a: Lucario\n|-end|p2a: Lucario|Substitute\n|\n|upkeep\n|turn|30\n|\n|t:|1697866553\n|move|p1a: weird lizard thing|Earthquake|p2a: Lucario\n|-supereffective|p2a: Lucario\n|-damage|p2a: Lucario|0 fnt\n|faint|p2a: Lucario\n|\n|upkeep\n|\n|t:|1697866559\n|switch|p2a: Dragonite|Dragonite, F|100\/100\n|-damage|p2a: Dragonite|76\/100|[from] Stealth Rock\n|turn|31\n|\n|t:|1697866572\n|move|p2a: Dragonite|Tailwind|p2a: Dragonite\n|-sidestart|p2: bufebaofo|move: Tailwind\n|move|p1a: weird lizard thing|Dragon Tail|p2a: Dragonite\n|-supereffective|p2a: Dragonite\n|-damage|p2a: Dragonite|9\/100\n|drag|p2a: Clefable|Clefable, M|49\/100\n|\n|upkeep\n|turn|32\n|\n|t:|1697866580\n|move|p2a: Clefable|Substitute|p2a: Clefable\n|-start|p2a: Clefable|Substitute\n|-damage|p2a: Clefable|24\/100\n|-enditem|p2a: Clefable|Aguav Berry|[eat]\n|-heal|p2a: Clefable|57\/100|[from] item: Aguav Berry\n|move|p1a: weird lizard thing|Dragon Tail|p2a: Clefable\n|-immune|p2a: Clefable\n|\n|upkeep\n|turn|33\n|\n|t:|1697866588\n|move|p2a: Clefable|Draining Kiss|p1a: weird lizard thing\n|-supereffective|p1a: weird lizard thing\n|-damage|p1a: weird lizard thing|27\/100\n|-heal|p2a: Clefable|82\/100|[from] drain|[of] p1a: weird lizard thing\n|move|p1a: weird lizard thing|Earthquake|p2a: Clefable\n|-end|p2a: Clefable|Substitute\n|\n|upkeep\n|turn|34\n|\n|t:|1697866595\n|move|p2a: Clefable|Draining Kiss|p1a: weird lizard thing\n|-supereffective|p1a: weird lizard thing\n|-damage|p1a: weird lizard thing|0 fnt\n|-heal|p2a: Clefable|100\/100|[from] drain|[of] p1a: weird lizard thing\n|faint|p1a: weird lizard thing\n|\n|-sideend|p2: bufebaofo|move: Tailwind\n|upkeep\n|\n|t:|1697866602\n|switch|p1a: clifford|Zamazenta|100\/100\n|-damage|p1a: clifford|88\/100|[from] Spikes\n|turn|35\n|\n|t:|1697866609\n|-terastallize|p2a: Clefable|Fairy\n|move|p1a: clifford|Taunt|p2a: Clefable\n|-start|p2a: Clefable|move: Taunt\n|cant|p2a: Clefable|move: Taunt|Substitute\n|\n|upkeep\n|turn|36\n|\n|t:|1697866615\n|move|p1a: clifford|Sucker Punch|p2a: Clefable\n|-resisted|p2a: Clefable\n|-damage|p2a: Clefable|86\/100\n|move|p2a: Clefable|Night Shade|p1a: clifford\n|-damage|p1a: clifford|57\/100\n|replace|p1a: Beans|Zoroark, M, shiny\n|-end|p1a: Beans|Illusion\n|\n|upkeep\n|turn|37\n|\n|t:|1697866623\n|switch|p1a: cabbage head|Gardevoir, F, shiny|100\/100\n|-damage|p1a: cabbage head|88\/100|[from] Spikes\n|move|p2a: Clefable|Draining Kiss|p1a: cabbage head\n|-damage|p1a: cabbage head|64\/100\n|-heal|p2a: Clefable|100\/100|[from] drain|[of] p1a: cabbage head\n|\n|-end|p2a: Clefable|move: Taunt\n|upkeep\n|turn|38\n|\n|t:|1697866640\n|move|p1a: cabbage head|Night Shade|p2a: Clefable\n|-damage|p2a: Clefable|74\/100\n|move|p2a: Clefable|Night Shade|p1a: cabbage head\n|-damage|p1a: cabbage head|34\/100\n|\n|upkeep\n|turn|39\n|\n|t:|1697866647\n|move|p1a: cabbage head|Energy Ball|p2a: Clefable\n|-damage|p2a: Clefable|53\/100\n|-unboost|p2a: Clefable|spd|1\n|move|p2a: Clefable|Substitute|p2a: Clefable\n|-start|p2a: Clefable|Substitute\n|-damage|p2a: Clefable|28\/100\n|\n|upkeep\n|turn|40\n|\n|t:|1697866654\n|move|p1a: cabbage head|Draining Kiss|p2a: Clefable\n|-end|p2a: Clefable|Substitute\n|-heal|p1a: cabbage head|55\/100|[from] drain|[of] p2a: Clefable\n|move|p2a: Clefable|Draining Kiss|p1a: cabbage head\n|-damage|p1a: cabbage head|30\/100\n|-heal|p2a: Clefable|45\/100|[from] drain|[of] p1a: cabbage head\n|\n|upkeep\n|turn|41\n|\n|t:|1697866664\n|move|p1a: cabbage head|Draining Kiss|p2a: Clefable\n|-damage|p2a: Clefable|12\/100\n|-heal|p1a: cabbage head|58\/100|[from] drain|[of] p2a: Clefable\n|move|p2a: Clefable|Thunder Wave|p1a: cabbage head\n|-status|p1a: cabbage head|par\n|-activate|p1a: cabbage head|ability: Synchronize\n|-status|p2a: Clefable|par\n|\n|upkeep\n|turn|42\n|\n|t:|1697866674\n|cant|p1a: cabbage head|par\n|move|p2a: Clefable|Draining Kiss|p1a: cabbage head\n|-damage|p1a: cabbage head|32\/100 par\n|-heal|p2a: Clefable|29\/100 par|[from] drain|[of] p1a: cabbage head\n|\n|upkeep\n|turn|43\n|\n|t:|1697866683\n|move|p1a: cabbage head|Energy Ball|p2a: Clefable\n|-damage|p2a: Clefable|0 fnt\n|faint|p2a: Clefable\n|\n|upkeep\n|\n|t:|1697866688\n|switch|p2a: Cyclizar|Cyclizar, M|96\/100\n|-damage|p2a: Cyclizar|84\/100|[from] Stealth Rock\n|turn|44\n|\n|t:|1697866702\n|move|p2a: Cyclizar|U-turn|p1a: cabbage head\n|-damage|p1a: cabbage head|11\/100 par\n|\n|t:|1697866705\n|switch|p2a: Dragonite|Dragonite, F|9\/100|[from] U-turn\n|-damage|p2a: Dragonite|0 fnt|[from] Stealth Rock\n|faint|p2a: Dragonite\n|move|p1a: cabbage head|Draining Kiss|p2: Dragonite|[notarget]\n|-fail|p1a: cabbage head\n|\n|upkeep\n|\n|t:|1697866712\n|switch|p2a: Cyclizar|Cyclizar, M|100\/100\n|-damage|p2a: Cyclizar|88\/100|[from] Stealth Rock\n|turn|45\n|\n|t:|1697866717\n|switch|p1a: clifford|Zamazenta|100\/100\n|-damage|p1a: clifford|88\/100|[from] Spikes\n|-ability|p1a: clifford|Dauntless Shield|boost\n|-boost|p1a: clifford|def|1\n|move|p2a: Cyclizar|Breaking Swipe|p1a: clifford\n|-damage|p1a: clifford|79\/100\n|-unboost|p1a: clifford|atk|1\n|\n|upkeep\n|turn|46\n|\n|t:|1697866728\n|move|p2a: Cyclizar|Shed Tail|p2a: Cyclizar\n|-fail|p2a: Cyclizar\n|move|p1a: clifford|Close Combat|p2a: Cyclizar\n|-supereffective|p2a: Cyclizar\n|-damage|p2a: Cyclizar|0 fnt\n|-unboost|p1a: clifford|def|1\n|-unboost|p1a: clifford|spd|1\n|faint|p2a: Cyclizar\n|\n|win|Gibbbbbles\n","uploadtime":1697866740,"views":8,"p1id":"gibbbbbles","p2id":"bufebaofo","formatid":"gen9anythinggoes","rating":0,"private":0,"password":""}