{"id":"gen9anythinggoes-1991718279","p1":"Jacknightdragon","p2":"Matsurizzzu","format":"[Gen 9] Anything Goes","log":"|j|\u2606Jacknightdragon\n|j|\u2606Matsurizzzu\n|t:|1700106478\n|gametype|singles\n|player|p1|Jacknightdragon|hilbert-wonderlauncher|1238\n|player|p2|Matsurizzzu|dawn|1149\n|teamsize|p1|6\n|teamsize|p2|6\n|gen|9\n|tier|[Gen 9] Anything Goes\n|rated|\n|rule|HP Percentage Mod: HP is shown in percentages\n|rule|Endless Battle Clause: Forcing endless battles is banned\n|clearpoke\n|poke|p1|Haxorus, M|\n|poke|p1|Zoroark-Hisui, F|\n|poke|p1|Okidogi, M|\n|poke|p1|Rillaboom, M|\n|poke|p1|Roaring Moon|\n|poke|p1|Torkoal, F|\n|poke|p2|Masquerain, M|\n|poke|p2|Krookodile, F|\n|poke|p2|Krookodile, F|\n|poke|p2|Krookodile, F|\n|poke|p2|Krookodile, M|\n|poke|p2|Krookodile, F|\n|teampreview\n|inactive|Battle timer is ON: inactive players will automatically lose when time's up. (requested by Matsurizzzu)\n|c|\u2606Matsurizzzu|Glhf\n|\n|t:|1700106497\n|start\n|switch|p1a: Torkoal|Torkoal, F|100\/100\n|switch|p2a: Masquerain|Masquerain, M|100\/100\n|-ability|p2a: Masquerain|Intimidate|boost\n|-unboost|p1a: Torkoal|atk|1\n|turn|1\n|\n|t:|1700106510\n|move|p1a: Torkoal|Nasty Plot|p1a: Torkoal\n|-boost|p1a: Torkoal|spa|2\n|move|p2a: Masquerain|Sticky Web|p1a: Torkoal\n|-sidestart|p1: Jacknightdragon|move: Sticky Web\n|\n|upkeep\n|turn|2\n|\n|t:|1700106515\n|move|p1a: Torkoal|Bitter Malice|p2a: Masquerain\n|-enditem|p2a: Masquerain|Focus Sash\n|-damage|p2a: Masquerain|1\/100\n|-unboost|p2a: Masquerain|atk|1\n|move|p2a: Masquerain|Hydro Pump|p1a: Torkoal\n|-damage|p1a: Torkoal|28\/100\n|replace|p1a: Zoroark|Zoroark-Hisui, F\n|-end|p1a: Zoroark|Illusion\n|\n|upkeep\n|turn|3\n|\n|t:|1700106525\n|move|p1a: Zoroark|Bitter Malice|p2a: Masquerain\n|-damage|p2a: Masquerain|0 fnt\n|faint|p2a: Masquerain\n|\n|upkeep\n|\n|t:|1700106527\n|switch|p2a: Feraligtor|Krookodile, F|100\/100\n|-ability|p2a: Feraligtor|Intimidate|boost\n|-unboost|p1a: Zoroark|atk|1\n|turn|4\n|\n|t:|1700106536\n|move|p1a: Zoroark|Bitter Malice|p2a: Feraligtor\n|-resisted|p2a: Feraligtor\n|-damage|p2a: Feraligtor|47\/100\n|-unboost|p2a: Feraligtor|atk|1\n|move|p2a: Feraligtor|Knock Off|p1a: Zoroark\n|-supereffective|p1a: Zoroark\n|-damage|p1a: Zoroark|0 fnt\n|-enditem|p1a: Zoroark|Focus Sash|[from] move: Knock Off|[of] p2a: Feraligtor\n|faint|p1a: Zoroark\n|-damage|p2a: Feraligtor|37\/100|[from] item: Life Orb\n|\n|upkeep\n|\n|t:|1700106547\n|switch|p1a: Rillaboom|Rillaboom, M|100\/100\n|-activate|p1a: Rillaboom|move: Sticky Web\n|-unboost|p1a: Rillaboom|spe|1\n|-fieldstart|move: Grassy Terrain|[from] ability: Grassy Surge|[of] p1a: Rillaboom\n|turn|5\n|\n|t:|1700106552\n|move|p2a: Feraligtor|Knock Off|p1a: Rillaboom\n|-damage|p1a: Rillaboom|58\/100\n|-enditem|p1a: Rillaboom|Leftovers|[from] move: Knock Off|[of] p2a: Feraligtor\n|-damage|p2a: Feraligtor|27\/100|[from] item: Life Orb\n|move|p1a: Rillaboom|Drum Beating|p2a: Feraligtor\n|-supereffective|p2a: Feraligtor\n|-damage|p2a: Feraligtor|0 fnt\n|faint|p2a: Feraligtor\n|\n|-heal|p1a: Rillaboom|64\/100|[from] Grassy Terrain\n|upkeep\n|\n|t:|1700106560\n|switch|p2a: Feraligtor|Krookodile, F|100\/100\n|-ability|p2a: Feraligtor|Intimidate|boost\n|-unboost|p1a: Rillaboom|atk|1\n|turn|6\n|\n|t:|1700106566\n|move|p2a: Feraligtor|Close Combat|p1a: Rillaboom\n|-crit|p1a: Rillaboom\n|-damage|p1a: Rillaboom|0 fnt\n|-unboost|p2a: Feraligtor|def|1\n|-unboost|p2a: Feraligtor|spd|1\n|faint|p1a: Rillaboom\n|-damage|p2a: Feraligtor|91\/100|[from] item: Life Orb\n|\n|-heal|p2a: Feraligtor|97\/100|[from] Grassy Terrain\n|upkeep\n|\n|t:|1700106581\n|switch|p1a: Haxorus|Haxorus, M, shiny|100\/100\n|-activate|p1a: Haxorus|move: Sticky Web\n|-unboost|p1a: Haxorus|spe|1\n|-ability|p1a: Haxorus|Mold Breaker\n|turn|7\n|\n|t:|1700106588\n|move|p2a: Feraligtor|Knock Off|p1a: Haxorus\n|-damage|p1a: Haxorus|27\/100\n|-enditem|p1a: Haxorus|Life Orb|[from] move: Knock Off|[of] p2a: Feraligtor\n|-damage|p2a: Feraligtor|87\/100|[from] item: Life Orb\n|move|p1a: Haxorus|Dragon Dance|p1a: Haxorus\n|-boost|p1a: Haxorus|atk|1\n|-boost|p1a: Haxorus|spe|1\n|\n|-heal|p1a: Haxorus|33\/100|[from] Grassy Terrain\n|-heal|p2a: Feraligtor|93\/100|[from] Grassy Terrain\n|upkeep\n|turn|8\n|\n|t:|1700106599\n|move|p1a: Haxorus|Dragon Claw|p2a: Feraligtor\n|-damage|p2a: Feraligtor|0 fnt\n|faint|p2a: Feraligtor\n|\n|-heal|p1a: Haxorus|39\/100|[from] Grassy Terrain\n|upkeep\n|\n|t:|1700106602\n|switch|p2a: Feraligtor|Krookodile, F|100\/100\n|-ability|p2a: Feraligtor|Intimidate|boost\n|-unboost|p1a: Haxorus|atk|1\n|turn|9\n|\n|t:|1700106608\n|move|p1a: Haxorus|Dragon Claw|p2a: Feraligtor\n|-damage|p2a: Feraligtor|48\/100\n|move|p2a: Feraligtor|Knock Off|p1a: Haxorus\n|-damage|p1a: Haxorus|0 fnt\n|faint|p1a: Haxorus\n|-damage|p2a: Feraligtor|38\/100|[from] item: Life Orb\n|\n|-heal|p2a: Feraligtor|44\/100|[from] Grassy Terrain\n|-fieldend|move: Grassy Terrain\n|upkeep\n|\n|t:|1700106617\n|switch|p1a: Okidogi|Okidogi, M|100\/100\n|-activate|p1a: Okidogi|move: Sticky Web\n|-unboost|p1a: Okidogi|spe|1\n|turn|10\n|\n|t:|1700106623\n|-terastallize|p1a: Okidogi|Dark\n|move|p2a: Feraligtor|Earthquake|p1a: Okidogi\n|-damage|p1a: Okidogi|54\/100\n|-damage|p2a: Feraligtor|34\/100|[from] item: Life Orb\n|move|p1a: Okidogi|Close Combat|p2a: Feraligtor\n|-supereffective|p2a: Feraligtor\n|-damage|p2a: Feraligtor|0 fnt\n|-unboost|p1a: Okidogi|def|1\n|-unboost|p1a: Okidogi|spd|1\n|faint|p2a: Feraligtor\n|\n|-damage|p1a: Okidogi|41\/100|[from] item: Black Sludge\n|upkeep\n|\n|t:|1700106630\n|switch|p2a: Feraligtor|Krookodile, M|100\/100\n|-ability|p2a: Feraligtor|Intimidate|boost\n|-unboost|p1a: Okidogi|atk|1\n|turn|11\n|\n|t:|1700106637\n|switch|p1a: Torkoal|Torkoal, F|100\/100\n|-activate|p1a: Torkoal|move: Sticky Web\n|-unboost|p1a: Torkoal|spe|1\n|-weather|SunnyDay|[from] ability: Drought|[of] p1a: Torkoal\n|move|p2a: Feraligtor|Earthquake|p1a: Torkoal\n|-supereffective|p1a: Torkoal\n|-crit|p1a: Torkoal\n|-damage|p1a: Torkoal|0 fnt\n|faint|p1a: Torkoal\n|-damage|p2a: Feraligtor|91\/100|[from] item: Life Orb\n|\n|-weather|SunnyDay|[upkeep]\n|upkeep\n|\n|t:|1700106649\n|switch|p1a: Okidogi|Okidogi, M, tera:Dark|41\/100\n|-activate|p1a: Okidogi|move: Sticky Web\n|-unboost|p1a: Okidogi|spe|1\n|turn|12\n|\n|t:|1700106653\n|move|p2a: Feraligtor|Close Combat|p1a: Okidogi\n|-supereffective|p1a: Okidogi\n|-damage|p1a: Okidogi|0 fnt\n|-unboost|p2a: Feraligtor|def|1\n|-unboost|p2a: Feraligtor|spd|1\n|faint|p1a: Okidogi\n|-damage|p2a: Feraligtor|81\/100|[from] item: Life Orb\n|\n|-weather|SunnyDay|[upkeep]\n|upkeep\n|\n|t:|1700106660\n|switch|p1a: Roaring Moon|Roaring Moon|100\/100\n|-activate|p1a: Roaring Moon|move: Sticky Web\n|-unboost|p1a: Roaring Moon|spe|1\n|-activate|p1a: Roaring Moon|ability: Protosynthesis\n|-start|p1a: Roaring Moon|protosynthesisatk\n|turn|13\n|\n|t:|1700106668\n|move|p2a: Feraligtor|Close Combat|p1a: Roaring Moon\n|-supereffective|p1a: Roaring Moon\n|-damage|p1a: Roaring Moon|0 fnt\n|-unboost|p2a: Feraligtor|def|1\n|-unboost|p2a: Feraligtor|spd|1\n|faint|p1a: Roaring Moon\n|-end|p1a: Roaring Moon|Protosynthesis|[silent]\n|-damage|p2a: Feraligtor|71\/100|[from] item: Life Orb\n|\n|win|Matsurizzzu\n|raw|Jacknightdragon's rating: 1238 &rarr; <strong>1207<\/strong><br \/>(-31 for losing)\n|raw|Matsurizzzu's rating: 1149 &rarr; <strong>1180<\/strong><br \/>(+31 for winning)\n|c|\u2606Matsurizzzu|Gg\n|c|\u2606Jacknightdragon|gg\n","uploadtime":1700106678,"views":14,"p1id":"jacknightdragon","p2id":"matsurizzzu","formatid":"gen9anythinggoes","rating":1180,"private":0,"password":""}