{"id":"gen9anythinggoes-1971471496","p1":"iSHATKK","p2":"TheShade87","format":"[Gen 9] Anything Goes","log":"|j|\u2606iSHATKK\n|j|\u2606TheShade87\n|t:|1697741108\n|gametype|singles\n|player|p1|iSHATKK|ghetsis-gen5bw|1492\n|player|p2|TheShade87|102|1408\n|teamsize|p1|6\n|teamsize|p2|6\n|gen|9\n|tier|[Gen 9] Anything Goes\n|rated|\n|rule|HP Percentage Mod: HP is shown in percentages\n|rule|Endless Battle Clause: Forcing endless battles is banned\n|clearpoke\n|poke|p1|Chien-Pao|\n|poke|p1|Toxapex, M|\n|poke|p1|Flutter Mane|\n|poke|p1|Sableye, M|\n|poke|p1|Clodsire, M|\n|poke|p1|Chi-Yu|\n|poke|p2|Skeledirge, M|\n|poke|p2|Dondozo, M|\n|poke|p2|Blissey, F|\n|poke|p2|Toxapex, M|\n|poke|p2|Arceus-Dark|\n|poke|p2|Clodsire, M|\n|teampreview\n|inactive|Battle timer is ON: inactive players will automatically lose when time's up. (requested by iSHATKK)\n|\n|t:|1697741123\n|start\n|switch|p1a: Sableye|Sableye, M|100\/100\n|switch|p2a: Toxapex|Toxapex, M|100\/100\n|turn|1\n|\n|t:|1697741130\n|move|p2a: Toxapex|Toxic|p1a: Sableye\n|-status|p1a: Sableye|tox\n|move|p1a: Sableye|Trick|p2a: Toxapex\n|-activate|p1a: Sableye|move: Trick|[of] p2a: Toxapex\n|-item|p2a: Toxapex|Choice Scarf|[from] move: Trick\n|-item|p1a: Sableye|Heavy-Duty Boots|[from] move: Trick\n|\n|-damage|p1a: Sableye|94\/100 tox|[from] psn\n|upkeep\n|turn|2\n|\n|t:|1697741142\n|switch|p2a: Clodsire|Clodsire, M|100\/100\n|move|p1a: Sableye|Mean Look|p2a: Clodsire\n|-activate|p2a: Clodsire|trapped\n|\n|-damage|p1a: Sableye|82\/100 tox|[from] psn\n|upkeep\n|turn|3\n|\n|t:|1697741152\n|switch|p1a: Clodsire|Clodsire, M|100\/100\n|move|p2a: Clodsire|Spikes|p1a: Clodsire\n|-sidestart|p1: iSHATKK|Spikes\n|\n|upkeep\n|turn|4\n|\n|t:|1697741159\n|move|p2a: Clodsire|Spikes|p1a: Clodsire\n|-sidestart|p1: iSHATKK|Spikes\n|move|p1a: Clodsire|Earthquake|p2a: Clodsire\n|-supereffective|p2a: Clodsire\n|-damage|p2a: Clodsire|43\/100\n|\n|upkeep\n|turn|5\n|\n|t:|1697741164\n|move|p2a: Clodsire|Spikes|p1a: Clodsire\n|-sidestart|p1: iSHATKK|Spikes\n|move|p1a: Clodsire|Earthquake|p2a: Clodsire\n|-supereffective|p2a: Clodsire\n|-damage|p2a: Clodsire|0 fnt\n|faint|p2a: Clodsire\n|\n|upkeep\n|\n|t:|1697741170\n|switch|p2a: Dondozo|Dondozo, M|100\/100\n|turn|6\n|\n|t:|1697741178\n|move|p2a: Dondozo|Curse|p2a: Dondozo\n|-unboost|p2a: Dondozo|spe|1\n|-boost|p2a: Dondozo|atk|1\n|-boost|p2a: Dondozo|def|1\n|move|p1a: Clodsire|Toxic Spikes|p2a: Dondozo\n|-sidestart|p2: TheShade87|move: Toxic Spikes\n|\n|upkeep\n|turn|7\n|\n|t:|1697741184\n|move|p2a: Dondozo|Curse|p2a: Dondozo\n|-unboost|p2a: Dondozo|spe|1\n|-boost|p2a: Dondozo|atk|1\n|-boost|p2a: Dondozo|def|1\n|move|p1a: Clodsire|Earthquake|p2a: Dondozo\n|-damage|p2a: Dondozo|95\/100\n|\n|upkeep\n|turn|8\n|\n|t:|1697741193\n|switch|p1a: Toxapex|Toxapex, M|100\/100\n|-damage|p1a: Toxapex|76\/100|[from] Spikes\n|move|p2a: Dondozo|Curse|p2a: Dondozo\n|-unboost|p2a: Dondozo|spe|1\n|-boost|p2a: Dondozo|atk|1\n|-boost|p2a: Dondozo|def|1\n|\n|upkeep\n|turn|9\n|\n|t:|1697741201\n|move|p1a: Toxapex|Recover|p1a: Toxapex\n|-heal|p1a: Toxapex|100\/100\n|move|p2a: Dondozo|Curse|p2a: Dondozo\n|-unboost|p2a: Dondozo|spe|1\n|-boost|p2a: Dondozo|atk|1\n|-boost|p2a: Dondozo|def|1\n|\n|upkeep\n|turn|10\n|\n|t:|1697741208\n|move|p1a: Toxapex|Haze|p1a: Toxapex\n|-clearallboost\n|move|p2a: Dondozo|Curse|p2a: Dondozo\n|-unboost|p2a: Dondozo|spe|1\n|-boost|p2a: Dondozo|atk|1\n|-boost|p2a: Dondozo|def|1\n|\n|upkeep\n|turn|11\n|\n|t:|1697741218\n|switch|p2a: Arceus|Arceus-Dark|100\/100\n|-status|p2a: Arceus|psn\n|move|p1a: Toxapex|Toxic||[still]\n|-fail|p1a: Toxapex\n|\n|-damage|p2a: Arceus|88\/100 psn|[from] psn\n|upkeep\n|turn|12\n|\n|t:|1697741225\n|move|p2a: Arceus|Will-O-Wisp|p1a: Toxapex\n|-status|p1a: Toxapex|brn\n|move|p1a: Toxapex|Infestation|p2a: Arceus\n|-supereffective|p2a: Arceus\n|-damage|p2a: Arceus|84\/100 psn\n|-activate|p2a: Arceus|move: Infestation|[of] p1a: Toxapex\n|\n|-damage|p2a: Arceus|71\/100 psn|[from] psn\n|-damage|p1a: Toxapex|94\/100 brn|[from] brn\n|-damage|p2a: Arceus|59\/100 psn|[from] move: Infestation|[partiallytrapped]\n|upkeep\n|turn|13\n|\n|t:|1697741237\n|move|p2a: Arceus|Taunt|p1a: Toxapex\n|-start|p1a: Toxapex|move: Taunt\n|cant|p1a: Toxapex|move: Taunt|Recover\n|\n|-damage|p2a: Arceus|46\/100 psn|[from] psn\n|-damage|p1a: Toxapex|88\/100 brn|[from] brn\n|-damage|p2a: Arceus|34\/100 psn|[from] move: Infestation|[partiallytrapped]\n|upkeep\n|turn|14\n|\n|t:|1697741247\n|switch|p1a: Flutter Mane|Flutter Mane|100\/100\n|-damage|p1a: Flutter Mane|76\/100|[from] Spikes\n|move|p2a: Arceus|Recover|p2a: Arceus\n|-heal|p2a: Arceus|84\/100 psn\n|\n|-damage|p2a: Arceus|72\/100 psn|[from] psn\n|-end|p2a: Arceus|Infestation|[partiallytrapped]|[silent]\n|upkeep\n|turn|15\n|\n|t:|1697741256\n|switch|p2a: Blissey|Blissey, F|100\/100\n|move|p1a: Flutter Mane|Moonblast|p2a: Blissey\n|-damage|p2a: Blissey|80\/100\n|-unboost|p2a: Blissey|spa|1\n|-damage|p1a: Flutter Mane|66\/100|[from] item: Life Orb\n|\n|upkeep\n|turn|16\n|\n|t:|1697741265\n|-end|p1a: Flutter Mane|Protosynthesis|[silent]\n|switch|p1a: Sableye|Sableye, M|82\/100 tox\n|move|p2a: Blissey|Heal Bell|p2a: Blissey\n|-activate|p2a: Blissey|move: Heal Bell\n|-curestatus|p2: Arceus|psn|[msg]\n|\n|-damage|p1a: Sableye|76\/100 tox|[from] psn\n|upkeep\n|turn|17\n|\n|t:|1697741278\n|move|p2a: Blissey|Seismic Toss|p1a: Sableye\n|-immune|p1a: Sableye\n|move|p1a: Sableye|Drain Punch|p2a: Blissey\n|-supereffective|p2a: Blissey\n|-damage|p2a: Blissey|50\/100\n|-heal|p1a: Sableye|100\/100 tox|[from] drain|[of] p2a: Blissey\n|\n|-damage|p1a: Sableye|88\/100 tox|[from] psn\n|upkeep\n|turn|18\n|\n|t:|1697741288\n|switch|p1a: Toxapex|Toxapex, M|100\/100 brn\n|-damage|p1a: Toxapex|76\/100 brn|[from] Spikes\n|move|p2a: Blissey|Soft-Boiled|p2a: Blissey\n|-heal|p2a: Blissey|99\/100\n|\n|-damage|p1a: Toxapex|69\/100 brn|[from] brn\n|upkeep\n|turn|19\n|\n|t:|1697741297\n|move|p2a: Blissey|Seismic Toss|p1a: Toxapex\n|-damage|p1a: Toxapex|28\/100 brn\n|-damage|p2a: Blissey|83\/100|[from] item: Rocky Helmet|[of] p1a: Toxapex\n|move|p1a: Toxapex|Infestation|p2a: Blissey\n|-damage|p2a: Blissey|82\/100\n|-activate|p2a: Blissey|move: Infestation|[of] p1a: Toxapex\n|\n|-damage|p1a: Toxapex|22\/100 brn|[from] brn\n|-damage|p2a: Blissey|70\/100|[from] move: Infestation|[partiallytrapped]\n|upkeep\n|turn|20\n|\n|t:|1697741307\n|switch|p1a: Sableye|Sableye, M|88\/100 tox\n|move|p2a: Blissey|Seismic Toss|p1a: Sableye\n|-immune|p1a: Sableye\n|\n|-damage|p1a: Sableye|82\/100 tox|[from] psn\n|-end|p2a: Blissey|Infestation|[partiallytrapped]|[silent]\n|upkeep\n|turn|21\n|\n|t:|1697741317\n|switch|p1a: Chien-Pao|Chien-Pao|100\/100\n|-damage|p1a: Chien-Pao|76\/100|[from] Spikes\n|-ability|p1a: Chien-Pao|Sword of Ruin\n|move|p2a: Blissey|Soft-Boiled|p2a: Blissey\n|-heal|p2a: Blissey|100\/100\n|\n|upkeep\n|turn|22\n|\n|t:|1697741326\n|move|p1a: Chien-Pao|Sacred Sword|p2a: Blissey\n|-supereffective|p2a: Blissey\n|-damage|p2a: Blissey|3\/100\n|-damage|p1a: Chien-Pao|66\/100|[from] item: Life Orb\n|move|p2a: Blissey|Seismic Toss|p1a: Chien-Pao\n|-damage|p1a: Chien-Pao|32\/100\n|\n|upkeep\n|turn|23\n|\n|t:|1697741335\n|switch|p2a: Skeledirge|Skeledirge, M|100\/100\n|move|p1a: Chien-Pao|Ice Spinner|p2a: Skeledirge\n|-resisted|p2a: Skeledirge\n|-damage|p2a: Skeledirge|79\/100\n|-damage|p1a: Chien-Pao|22\/100|[from] item: Life Orb\n|\n|upkeep\n|turn|24\n|\n|t:|1697741343\n|switch|p1a: Sableye|Sableye, M|82\/100 tox\n|move|p2a: Skeledirge|Hex|p1a: Sableye\n|-damage|p1a: Sableye|13\/100 tox\n|\n|-damage|p1a: Sableye|7\/100 tox|[from] psn\n|upkeep\n|turn|25\n|\n|t:|1697741355\n|move|p2a: Skeledirge|Hex|p1a: Sableye\n|-damage|p1a: Sableye|0 fnt\n|faint|p1a: Sableye\n|\n|upkeep\n|\n|t:|1697741365\n|switch|p1a: Chi-Yu|Chi-Yu|100\/100\n|-damage|p1a: Chi-Yu|76\/100|[from] Spikes\n|-ability|p1a: Chi-Yu|Beads of Ruin\n|turn|26\n|\n|t:|1697741375\n|switch|p2a: Dondozo|Dondozo, M|95\/100\n|move|p1a: Chi-Yu|Dark Pulse|p2a: Dondozo\n|-damage|p2a: Dondozo|43\/100\n|\n|upkeep\n|turn|27\n|\n|t:|1697741381\n|move|p1a: Chi-Yu|Dark Pulse|p2a: Dondozo\n|-damage|p2a: Dondozo|0 fnt\n|faint|p2a: Dondozo\n|\n|upkeep\n|\n|t:|1697741388\n|switch|p2a: Arceus|Arceus-Dark|72\/100\n|-status|p2a: Arceus|psn\n|turn|28\n|\n|t:|1697741395\n|switch|p1a: Toxapex|Toxapex, M|55\/100 brn\n|-damage|p1a: Toxapex|30\/100 brn|[from] Spikes\n|move|p2a: Arceus|Will-O-Wisp|p1a: Toxapex\n|-fail|p1a: Toxapex|brn\n|\n|-damage|p2a: Arceus|59\/100 psn|[from] psn\n|-damage|p1a: Toxapex|24\/100 brn|[from] brn\n|upkeep\n|turn|29\n|\n|t:|1697741405\n|move|p2a: Arceus|Judgment|p1a: Toxapex\n|-damage|p1a: Toxapex|0 fnt\n|faint|p1a: Toxapex\n|\n|-damage|p2a: Arceus|47\/100 psn|[from] psn\n|upkeep\n|\n|t:|1697741414\n|switch|p1a: Chien-Pao|Chien-Pao|22\/100\n|-damage|p1a: Chien-Pao|0 fnt|[from] Spikes\n|faint|p1a: Chien-Pao\n|\n|t:|1697741422\n|switch|p1a: Flutter Mane|Flutter Mane|66\/100\n|-damage|p1a: Flutter Mane|41\/100|[from] Spikes\n|turn|30\n|\n|t:|1697741428\n|move|p1a: Flutter Mane|Moonblast|p2a: Arceus\n|-supereffective|p2a: Arceus\n|-damage|p2a: Arceus|0 fnt\n|faint|p2a: Arceus\n|-damage|p1a: Flutter Mane|31\/100|[from] item: Life Orb\n|\n|upkeep\n|\n|t:|1697741432\n|switch|p2a: Skeledirge|Skeledirge, M|79\/100\n|turn|31\n|\n|t:|1697741437\n|move|p1a: Flutter Mane|Shadow Ball|p2a: Skeledirge\n|-supereffective|p2a: Skeledirge\n|-damage|p2a: Skeledirge|0 fnt\n|faint|p2a: Skeledirge\n|-damage|p1a: Flutter Mane|21\/100|[from] item: Life Orb\n|\n|upkeep\n|\n|t:|1697741441\n|switch|p2a: Toxapex|Toxapex, M|100\/100\n|-sideend|p2: TheShade87|move: Toxic Spikes|[of] p2a: Toxapex\n|turn|32\n|\n|t:|1697741448\n|move|p1a: Flutter Mane|Thunderbolt|p2a: Toxapex\n|-supereffective|p2a: Toxapex\n|-damage|p2a: Toxapex|33\/100\n|-damage|p1a: Flutter Mane|11\/100|[from] item: Life Orb\n|move|p2a: Toxapex|Toxic|p1a: Flutter Mane\n|-status|p1a: Flutter Mane|tox\n|\n|-damage|p1a: Flutter Mane|5\/100 tox|[from] psn\n|upkeep\n|turn|33\n|inactive|TheShade87 has 120 seconds left.\n|\n|t:|1697741479\n|switch|p2a: Blissey|Blissey, F|3\/100\n|move|p1a: Flutter Mane|Thunderbolt|p2a: Blissey\n|-damage|p2a: Blissey|0 fnt\n|faint|p2a: Blissey\n|-damage|p1a: Flutter Mane|0 fnt|[from] item: Life Orb\n|faint|p1a: Flutter Mane\n|-end|p1a: Flutter Mane|Protosynthesis|[silent]\n|\n|upkeep\n|\n|t:|1697741487\n|switch|p1a: Chi-Yu|Chi-Yu|76\/100\n|switch|p2a: Toxapex|Toxapex, M|66\/100\n|-damage|p1a: Chi-Yu|51\/100|[from] Spikes\n|-ability|p1a: Chi-Yu|Beads of Ruin\n|turn|34\n|\n|t:|1697741496\n|move|p1a: Chi-Yu|Psychic|p2a: Toxapex\n|-supereffective|p2a: Toxapex\n|-damage|p2a: Toxapex|0 fnt\n|faint|p2a: Toxapex\n|\n|win|iSHATKK\n|raw|iSHATKK's rating: 1492 &rarr; <strong>1507<\/strong><br \/>(+15 for winning)\n|raw|TheShade87's rating: 1408 &rarr; <strong>1393<\/strong><br \/>(-15 for losing)\n|c|\u2606TheShade87|GG\n","uploadtime":1697741505,"views":9,"p1id":"ishatkk","p2id":"theshade87","formatid":"gen9anythinggoes","rating":1393,"private":0,"password":""}