{"id":"gen9anythinggoes-1985056701","p1":"Ataki","p2":"darth xman","format":"[Gen 9] Anything Goes","log":"|j|\u2606Ataki\n|j|\u2606darth xman\n|t:|1699325481\n|gametype|singles\n|player|p1|Ataki|hop-masters|\n|player|p2|darth xman|170|\n|teamsize|p1|6\n|teamsize|p2|6\n|gen|9\n|tier|[Gen 9] Anything Goes\n|rated|Tournament battle\n|rule|HP Percentage Mod: HP is shown in percentages\n|rule|Endless Battle Clause: Forcing endless battles is banned\n|rule|Species Clause: Limit one of each Pok\u00e9mon\n|rule|OHKO Clause: OHKO moves are banned\n|rule|Evasion Moves Clause: Evasion moves are banned\n|rule|Tier Shift Mod: Pok\u00e9mon get stat buffs depending on their tier, excluding HP.\n|rule|Sleep Clause Mod: Limit one foe put to sleep\n|rule|1 Ability Clause: Limit 1 of each ability\n|clearpoke\n|poke|p1|Azelf|\n|poke|p1|Houndoom, F|\n|poke|p1|Morpeko, F|\n|poke|p1|Sableye, M|\n|poke|p1|Naclstack, M|\n|poke|p1|Florges, F|\n|poke|p2|Muk, M|\n|poke|p2|Bisharp, M|\n|poke|p2|Toedscruel, M|\n|poke|p2|Camerupt, F|\n|poke|p2|Mandibuzz, F|\n|poke|p2|Mienshao, F|\n|teampreview\n|j|%Iolanthe\n|inactive|Battle timer is ON: inactive players will automatically lose when time's up. (requested by darth xman)\n|j|+Pure Hackmons\n|\n|t:|1699325487\n|start\n|switch|p1a: Naclstack|Naclstack, M|100\/100\n|switch|p2a: Toedscruel|Toedscruel, M|100\/100\n|turn|1\n|l|%Iolanthe\n|\n|t:|1699325493\n|move|p1a: Naclstack|Protect|p1a: Naclstack\n|-singleturn|p1a: Naclstack|Protect\n|move|p2a: Toedscruel|Spore|p1a: Naclstack\n|-activate|p1a: Naclstack|move: Protect\n|\n|upkeep\n|turn|2\n|\n|t:|1699325510\n|move|p2a: Toedscruel|Spore|p1a: Naclstack\n|-status|p1a: Naclstack|slp|[from] move: Spore\n|cant|p1a: Naclstack|slp\n|\n|upkeep\n|turn|3\n|\n|t:|1699325517\n|switch|p1a: Florges|Florges, F|100\/100\n|move|p2a: Toedscruel|Leech Seed|p1a: Florges\n|-start|p1a: Florges|move: Leech Seed\n|\n|-damage|p1a: Florges|88\/100|[from] Leech Seed|[of] p2a: Toedscruel\n|upkeep\n|turn|4\n|\n|t:|1699325538\n|switch|p2a: Camerupt|Camerupt, F|100\/100\n|move|p1a: Florges|Wish|p1a: Florges\n|\n|-heal|p1a: Florges|94\/100|[from] item: Leftovers\n|-damage|p1a: Florges|82\/100|[from] Leech Seed|[of] p2a: Camerupt\n|upkeep\n|turn|5\n|\n|t:|1699325548\n|move|p1a: Florges|Calm Mind|p1a: Florges\n|-boost|p1a: Florges|spa|1\n|-boost|p1a: Florges|spd|1\n|move|p2a: Camerupt|Mud-Slap|p1a: Florges\n|-damage|p1a: Florges|78\/100\n|-unboost|p1a: Florges|accuracy|1\n|\n|-heal|p1a: Florges|100\/100|[from] move: Wish|[wisher] Florges\n|-damage|p1a: Florges|88\/100|[from] Leech Seed|[of] p2a: Camerupt\n|upkeep\n|turn|6\n|c|\u2606Ataki|wha\n|\n|t:|1699325560\n|move|p1a: Florges|Calm Mind|p1a: Florges\n|-boost|p1a: Florges|spa|1\n|-boost|p1a: Florges|spd|1\n|move|p2a: Camerupt|Eruption|p1a: Florges\n|-damage|p1a: Florges|65\/100\n|\n|-heal|p1a: Florges|71\/100|[from] item: Leftovers\n|-damage|p1a: Florges|58\/100|[from] Leech Seed|[of] p2a: Camerupt\n|upkeep\n|turn|7\n|\n|t:|1699325572\n|move|p1a: Florges|Wish|p1a: Florges\n|move|p2a: Camerupt|Mud-Slap|p1a: Florges\n|-damage|p1a: Florges|55\/100\n|-unboost|p1a: Florges|accuracy|1\n|\n|-heal|p1a: Florges|61\/100|[from] item: Leftovers\n|-damage|p1a: Florges|49\/100|[from] Leech Seed|[of] p2a: Camerupt\n|upkeep\n|turn|8\n|\n|t:|1699325586\n|switch|p2a: Muk|Muk, M|100\/100\n|move|p1a: Florges|Protect||[still]\n|-fail|p1a: Florges\n|\n|-heal|p1a: Florges|99\/100|[from] move: Wish|[wisher] Florges\n|-heal|p1a: Florges|100\/100|[from] item: Leftovers\n|-damage|p1a: Florges|88\/100|[from] Leech Seed|[of] p2a: Muk\n|upkeep\n|turn|9\n|\n|t:|1699325593\n|switch|p1a: Naclstack|Naclstack, M|100\/100 slp\n|move|p2a: Muk|Gunk Shot|p1a: Naclstack\n|-resisted|p1a: Naclstack\n|-damage|p1a: Naclstack|72\/100 slp\n|\n|-heal|p1a: Naclstack|79\/100 slp|[from] item: Leftovers\n|upkeep\n|turn|10\n|\n|t:|1699325599\n|move|p2a: Muk|Drain Punch|p1a: Naclstack\n|-supereffective|p1a: Naclstack\n|-damage|p1a: Naclstack|34\/100 slp\n|cant|p1a: Naclstack|slp\n|\n|-heal|p1a: Naclstack|40\/100 slp|[from] item: Leftovers\n|upkeep\n|turn|11\n|\n|t:|1699325604\n|switch|p1a: Sableye|Sableye, M|100\/100\n|move|p2a: Muk|Drain Punch|p1a: Sableye\n|-immune|p1a: Sableye\n|\n|upkeep\n|turn|12\n|\n|t:|1699325625\n|switch|p2a: Bisharp|Bisharp, M|100\/100\n|move|p1a: Sableye|Knock Off|p2a: Bisharp\n|-resisted|p2a: Bisharp\n|-damage|p2a: Bisharp|82\/100\n|-enditem|p2a: Bisharp|Choice Scarf|[from] move: Knock Off|[of] p1a: Sableye\n|\n|upkeep\n|turn|13\n|\n|t:|1699325635\n|move|p2a: Bisharp|Sucker Punch||[still]\n|-fail|p2a: Bisharp\n|move|p1a: Sableye|Will-O-Wisp|p2a: Bisharp\n|-status|p2a: Bisharp|brn\n|\n|-damage|p2a: Bisharp|76\/100 brn|[from] brn\n|upkeep\n|turn|14\n|\n|t:|1699325645\n|switch|p1a: Houndoom|Houndoom, F|100\/100\n|move|p2a: Bisharp|X-Scissor|p1a: Houndoom\n|-damage|p1a: Houndoom|67\/100\n|\n|-damage|p2a: Bisharp|70\/100 brn|[from] brn\n|upkeep\n|turn|15\n|\n|t:|1699325650\n|switch|p2a: Camerupt|Camerupt, F|100\/100\n|move|p1a: Houndoom|Flamethrower|p2a: Camerupt\n|-resisted|p2a: Camerupt\n|-damage|p2a: Camerupt|75\/100\n|\n|upkeep\n|turn|16\n|\n|t:|1699325659\n|switch|p1a: Naclstack|Naclstack, M|40\/100 slp\n|move|p2a: Camerupt|Earth Power|p1a: Naclstack\n|-supereffective|p1a: Naclstack\n|-damage|p1a: Naclstack|1\/100 slp\n|\n|-heal|p1a: Naclstack|7\/100 slp|[from] item: Leftovers\n|upkeep\n|turn|17\n|\n|t:|1699325666\n|switch|p1a: Florges|Florges, F|88\/100\n|move|p2a: Camerupt|Earth Power|p1a: Florges\n|-damage|p1a: Florges|59\/100\n|\n|-heal|p1a: Florges|65\/100|[from] item: Leftovers\n|upkeep\n|turn|18\n|\n|t:|1699325675\n|move|p1a: Florges|Protect|p1a: Florges\n|-singleturn|p1a: Florges|Protect\n|move|p2a: Camerupt|Eruption|p1a: Florges\n|-activate|p1a: Florges|move: Protect\n|\n|-heal|p1a: Florges|71\/100|[from] item: Leftovers\n|upkeep\n|turn|19\n|\n|t:|1699325678\n|move|p1a: Florges|Moonblast|p2a: Camerupt\n|-resisted|p2a: Camerupt\n|-damage|p2a: Camerupt|60\/100\n|-unboost|p2a: Camerupt|spa|1\n|move|p2a: Camerupt|Eruption|p1a: Florges\n|-damage|p1a: Florges|40\/100\n|\n|-heal|p1a: Florges|46\/100|[from] item: Leftovers\n|upkeep\n|turn|20\n|\n|t:|1699325685\n|move|p1a: Florges|Moonblast|p2a: Camerupt\n|-resisted|p2a: Camerupt\n|-damage|p2a: Camerupt|47\/100\n|-unboost|p2a: Camerupt|spa|1\n|move|p2a: Camerupt|Lava Plume|p1a: Florges\n|-damage|p1a: Florges|21\/100\n|-status|p1a: Florges|brn\n|\n|-heal|p1a: Florges|27\/100 brn|[from] item: Leftovers\n|-damage|p1a: Florges|21\/100 brn|[from] brn\n|upkeep\n|turn|21\n|\n|t:|1699325695\n|switch|p1a: Naclstack|Naclstack, M|7\/100 slp\n|move|p2a: Camerupt|Earth Power|p1a: Naclstack\n|-supereffective|p1a: Naclstack\n|-damage|p1a: Naclstack|0 fnt\n|faint|p1a: Naclstack\n|\n|upkeep\n|\n|t:|1699325698\n|switch|p1a: Morpeko|Morpeko, F|100\/100\n|turn|22\n|\n|t:|1699325703\n|switch|p2a: Toedscruel|Toedscruel, M|100\/100\n|move|p1a: Morpeko|Knock Off|p2a: Toedscruel\n|-damage|p2a: Toedscruel|18\/100\n|-enditem|p2a: Toedscruel|Heavy-Duty Boots|[from] move: Knock Off|[of] p1a: Morpeko\n|\n|upkeep\n|turn|23\n|\n|t:|1699325709\n|move|p2a: Toedscruel|Spore|p1a: Morpeko\n|-hint|Since gen 7, Dark is immune to Prankster moves.\n|-immune|p1a: Morpeko\n|move|p1a: Morpeko|Knock Off|p2a: Toedscruel\n|-damage|p2a: Toedscruel|0 fnt\n|faint|p2a: Toedscruel\n|\n|upkeep\n|\n|t:|1699325715\n|switch|p2a: Mienshao|Mienshao, F|100\/100\n|turn|24\n|\n|t:|1699325722\n|switch|p1a: Florges|Florges, F|21\/100 brn\n|move|p2a: Mienshao|High Jump Kick|p1a: Florges\n|-resisted|p1a: Florges\n|-damage|p1a: Florges|0 fnt\n|faint|p1a: Florges\n|\n|upkeep\n|\n|t:|1699325728\n|switch|p1a: Sableye|Sableye, M|100\/100\n|turn|25\n|\n|t:|1699325732\n|switch|p2a: Mandibuzz|Mandibuzz, F|100\/100\n|-activate|p2a: Mandibuzz|ability: Supreme Overlord\n|-start|p2a: Mandibuzz|fallen1|[silent]\n|move|p1a: Sableye|Knock Off|p2a: Mandibuzz\n|-resisted|p2a: Mandibuzz\n|-damage|p2a: Mandibuzz|89\/100\n|-enditem|p2a: Mandibuzz|Weakness Policy|[from] move: Knock Off|[of] p1a: Sableye\n|\n|upkeep\n|turn|26\n|\n|t:|1699325739\n|move|p2a: Mandibuzz|Brave Bird|p1a: Sableye\n|-damage|p1a: Sableye|81\/100\n|-damage|p2a: Mandibuzz|73\/100|[from] item: Rocky Helmet|[of] p1a: Sableye\n|-damage|p2a: Mandibuzz|67\/100|[from] Recoil\n|move|p1a: Sableye|Will-O-Wisp|p2a: Mandibuzz\n|-status|p2a: Mandibuzz|brn\n|\n|-damage|p2a: Mandibuzz|61\/100 brn|[from] brn\n|upkeep\n|turn|27\n|\n|t:|1699325746\n|-end|p2a: Mandibuzz|fallen1|[silent]\n|switch|p2a: Mienshao|Mienshao, F|100\/100\n|move|p1a: Sableye|Knock Off|p2a: Mienshao\n|-resisted|p2a: Mienshao\n|-damage|p2a: Mienshao|73\/100\n|-enditem|p2a: Mienshao|Choice Scarf|[from] move: Knock Off|[of] p1a: Sableye\n|\n|upkeep\n|turn|28\n|\n|t:|1699325756\n|move|p2a: Mienshao|Knock Off|p1a: Sableye\n|-damage|p1a: Sableye|67\/100\n|-damage|p2a: Mienshao|57\/100|[from] item: Rocky Helmet|[of] p1a: Sableye\n|-enditem|p1a: Sableye|Rocky Helmet|[from] move: Knock Off|[of] p2a: Mienshao\n|move|p1a: Sableye|Will-O-Wisp|p2a: Mienshao|[miss]\n|-miss|p1a: Sableye|p2a: Mienshao\n|\n|upkeep\n|turn|29\n|\n|t:|1699325768\n|move|p2a: Mienshao|U-turn|p1a: Sableye\n|-damage|p1a: Sableye|58\/100\n|\n|t:|1699325776\n|switch|p2a: Camerupt|Camerupt, F|47\/100|[from] U-turn\n|move|p1a: Sableye|Recover|p1a: Sableye\n|-heal|p1a: Sableye|100\/100\n|\n|upkeep\n|turn|30\n|\n|t:|1699325787\n|switch|p1a: Azelf|Azelf|100\/100\n|-fieldstart|move: Psychic Terrain|[from] ability: Psychic Surge|[of] p1a: Azelf\n|move|p2a: Camerupt|Earth Power|p1a: Azelf\n|-damage|p1a: Azelf|30\/100\n|\n|upkeep\n|turn|31\n|\n|t:|1699325794\n|move|p1a: Azelf|Trick|p2a: Camerupt\n|-activate|p1a: Azelf|move: Trick|[of] p2a: Camerupt\n|-item|p2a: Camerupt|Choice Scarf|[from] move: Trick\n|-item|p1a: Azelf|Assault Vest|[from] move: Trick\n|move|p2a: Camerupt|Mud-Slap|p1a: Azelf\n|-damage|p1a: Azelf|20\/100\n|-unboost|p1a: Azelf|accuracy|1\n|\n|upkeep\n|turn|32\n|\n|t:|1699325800\n|move|p1a: Azelf|Expanding Force|p2a: Camerupt\n|-damage|p2a: Camerupt|0 fnt\n|faint|p2a: Camerupt\n|\n|upkeep\n|\n|t:|1699325803\n|switch|p2a: Mandibuzz|Mandibuzz, F|61\/100 brn\n|-activate|p2a: Mandibuzz|ability: Supreme Overlord\n|-start|p2a: Mandibuzz|fallen2|[silent]\n|turn|33\n|\n|t:|1699325813\n|move|p1a: Azelf|Dazzling Gleam|p2a: Mandibuzz|[miss]\n|-miss|p1a: Azelf|p2a: Mandibuzz\n|move|p2a: Mandibuzz|Knock Off|p1a: Azelf\n|-supereffective|p1a: Azelf\n|-damage|p1a: Azelf|0 fnt\n|-enditem|p1a: Azelf|Assault Vest|[from] move: Knock Off|[of] p2a: Mandibuzz\n|faint|p1a: Azelf\n|\n|-damage|p2a: Mandibuzz|55\/100 brn|[from] brn\n|upkeep\n|\n|t:|1699325817\n|switch|p1a: Morpeko|Morpeko, F|100\/100\n|turn|34\n|\n|t:|1699325823\n|-terastallize|p2a: Mandibuzz|Dark\n|move|p1a: Morpeko|Aura Wheel|p2a: Mandibuzz\n|-damage|p2a: Mandibuzz|0 fnt\n|-boost|p1a: Morpeko|spe|1\n|faint|p2a: Mandibuzz\n|-end|p2a: Mandibuzz|fallen2|[silent]\n|\n|-fieldend|move: Psychic Terrain\n|upkeep\n|\n|t:|1699325832\n|switch|p2a: Mienshao|Mienshao, F|57\/100\n|turn|35\n|\n|t:|1699325839\n|-terastallize|p1a: Morpeko|Electric\n|move|p2a: Mienshao|Fake Out|p1a: Morpeko\n|-damage|p1a: Morpeko|78\/100\n|cant|p1a: Morpeko|flinch\n|\n|upkeep\n|turn|36\n|\n|t:|1699325850\n|move|p1a: Morpeko|Aura Wheel|p2a: Mienshao\n|-damage|p2a: Mienshao|0 fnt\n|-boost|p1a: Morpeko|spe|1\n|faint|p2a: Mienshao\n|\n|upkeep\n|\n|t:|1699325856\n|switch|p2a: Bisharp|Bisharp, M|70\/100 brn\n|turn|37\n|\n|t:|1699325860\n|move|p2a: Bisharp|Sucker Punch|p1a: Morpeko\n|-damage|p1a: Morpeko|47\/100\n|move|p1a: Morpeko|Aura Wheel|p2a: Bisharp\n|-damage|p2a: Bisharp|0 fnt\n|-boost|p1a: Morpeko|spe|1\n|faint|p2a: Bisharp\n|\n|upkeep\n|\n|t:|1699325863\n|switch|p2a: Muk|Muk, M|100\/100\n|turn|38\n|\n|t:|1699325867\n|switch|p1a: Sableye|Sableye, M|100\/100\n|move|p2a: Muk|Drain Punch|p1a: Sableye\n|-immune|p1a: Sableye\n|\n|upkeep\n|turn|39\n|\n|t:|1699325873\n|move|p1a: Sableye|Will-O-Wisp|p2a: Muk\n|-status|p2a: Muk|brn\n|move|p2a: Muk|Gunk Shot|p1a: Sableye\n|-resisted|p1a: Sableye\n|-damage|p1a: Sableye|94\/100\n|\n|-damage|p2a: Muk|94\/100 brn|[from] brn\n|upkeep\n|turn|40\n|\n|t:|1699325876\n|move|p1a: Sableye|Knock Off|p2a: Muk\n|-damage|p2a: Muk|65\/100 brn\n|-enditem|p2a: Muk|Covert Cloak|[from] move: Knock Off|[of] p1a: Sableye\n|move|p2a: Muk|Gunk Shot|p1a: Sableye|[miss]\n|-miss|p2a: Muk|p1a: Sableye\n|\n|-damage|p2a: Muk|58\/100 brn|[from] brn\n|upkeep\n|turn|41\n|\n|t:|1699325881\n|switch|p1a: Morpeko|Morpeko, F, tera:Electric|47\/100\n|move|p2a: Muk|Gunk Shot|p1a: Morpeko\n|-damage|p1a: Morpeko|0 fnt\n|faint|p1a: Morpeko\n|\n|-damage|p2a: Muk|52\/100 brn|[from] brn\n|upkeep\n|\n|t:|1699325886\n|switch|p1a: Houndoom|Houndoom, F|67\/100\n|turn|42\n|\n|t:|1699325889\n|move|p1a: Houndoom|Flamethrower|p2a: Muk\n|-damage|p2a: Muk|0 fnt\n|faint|p2a: Muk\n|\n|win|Ataki\n|n|\u2606Ataki|ataki\n|n|\u2606darth xman|darthxman\n|n| Pure Hackmons|purehackmons\n","uploadtime":1699325890,"views":4,"p1id":"ataki","p2id":"darthxman","formatid":"gen9anythinggoes","rating":0,"private":0,"password":""}