{"id":"gen9anythinggoes-1982648629","p1":"Gooooper","p2":"PapuhJohn","format":"[Gen 9] Anything Goes","log":"|j|\u2606Gooooper\n|j|\u2606PapuhJohn\n|t:|1699032671\n|gametype|singles\n|player|p1|Gooooper|evelyn|1474\n|player|p2|PapuhJohn|265|1523\n|teamsize|p1|6\n|teamsize|p2|6\n|gen|9\n|tier|[Gen 9] Anything Goes\n|rated|\n|rule|HP Percentage Mod: HP is shown in percentages\n|rule|Endless Battle Clause: Forcing endless battles is banned\n|clearpoke\n|poke|p1|Ditto|\n|poke|p1|Wooper-Paldea, M|\n|poke|p1|Clodsire, M|\n|poke|p1|Arceus|\n|poke|p1|Eternatus|\n|poke|p1|Calyrex-Shadow|\n|poke|p2|Calyrex-Shadow|\n|poke|p2|Ditto|\n|poke|p2|Kyogre|\n|poke|p2|Zacian-*|\n|poke|p2|Ursaluna-Bloodmoon, M|\n|poke|p2|Iron Bundle|\n|teampreview\n|inactive|Battle timer is ON: inactive players will automatically lose when time's up. (requested by PapuhJohn)\n|\n|t:|1699032676\n|start\n|switch|p1a: Gooper|Wooper-Paldea, M, shiny|100\/100\n|switch|p2a: Iron Bundle|Iron Bundle, shiny|100\/100\n|-enditem|p2a: Iron Bundle|Booster Energy\n|-activate|p2a: Iron Bundle|ability: Quark Drive|[fromitem]\n|-start|p2a: Iron Bundle|quarkdrivespe\n|turn|1\n|\n|t:|1699032683\n|move|p2a: Iron Bundle|Ice Beam|p1a: Gooper\n|-supereffective|p1a: Gooper\n|-damage|p1a: Gooper|1\/100\n|move|p1a: Gooper|Toxic Spikes|p2a: Iron Bundle\n|-sidestart|p2: PapuhJohn|move: Toxic Spikes\n|\n|upkeep\n|turn|2\n|\n|t:|1699032691\n|move|p2a: Iron Bundle|Ice Beam|p1a: Gooper\n|-supereffective|p1a: Gooper\n|-damage|p1a: Gooper|0 fnt\n|faint|p1a: Gooper\n|\n|upkeep\n|\n|t:|1699032696\n|switch|p1a: Clod|Clodsire, M, shiny|100\/100\n|turn|3\n|\n|t:|1699032699\n|move|p2a: Iron Bundle|Ice Beam|p1a: Clod\n|-supereffective|p1a: Clod\n|-damage|p1a: Clod|33\/100\n|-status|p1a: Clod|frz\n|cant|p1a: Clod|frz\n|\n|-heal|p1a: Clod|39\/100 frz|[from] item: Leftovers\n|upkeep\n|turn|4\n|\n|t:|1699032710\n|switch|p1a: Blue|Ditto, shiny|100\/100\n|-transform|p1a: Blue|p2a: Iron Bundle|[from] ability: Imposter\n|move|p2a: Iron Bundle|Ice Beam|p1a: Blue\n|-resisted|p1a: Blue\n|-damage|p1a: Blue|82\/100\n|\n|upkeep\n|turn|5\n|\n|t:|1699032719\n|-terastallize|p2a: Iron Bundle|Ice\n|move|p1a: Blue|Freeze-Dry|p2a: Iron Bundle\n|-resisted|p2a: Iron Bundle\n|-damage|p2a: Iron Bundle|66\/100\n|move|p2a: Iron Bundle|Freeze-Dry|p1a: Blue\n|-damage|p1a: Blue|4\/100\n|\n|upkeep\n|turn|6\n|\n|t:|1699032728\n|-end|p1a: Blue|Quark Drive|[silent]\n|switch|p1a: God ?|Arceus, shiny|100\/100\n|move|p2a: Iron Bundle|Ice Beam|p1a: God ?\n|-damage|p1a: God ?|65\/100\n|\n|-heal|p1a: God ?|71\/100|[from] item: Leftovers\n|upkeep\n|turn|7\n|\n|t:|1699032736\n|move|p1a: God ?|Extreme Speed|p2a: Iron Bundle\n|-damage|p2a: Iron Bundle|25\/100\n|move|p2a: Iron Bundle|Hydro Pump|p1a: God ?\n|-damage|p1a: God ?|40\/100\n|\n|-heal|p1a: God ?|46\/100|[from] item: Leftovers\n|upkeep\n|turn|8\n|\n|t:|1699032745\n|-end|p2a: Iron Bundle|Quark Drive|[silent]\n|switch|p2a: Calyrex|Calyrex-Shadow|100\/100\n|-ability|p2a: Calyrex|As One\n|-ability|p2a: Calyrex|Unnerve\n|-status|p2a: Calyrex|psn\n|move|p1a: God ?|Extreme Speed|p2a: Calyrex\n|-immune|p2a: Calyrex\n|\n|-heal|p1a: God ?|53\/100|[from] item: Leftovers\n|-damage|p2a: Calyrex|88\/100 psn|[from] psn\n|upkeep\n|turn|9\n|\n|t:|1699032756\n|move|p2a: Calyrex|Psychic|p1a: God ?\n|-damage|p1a: God ?|20\/100\n|move|p1a: God ?|Recover|p1a: God ?\n|-heal|p1a: God ?|70\/100\n|\n|-heal|p1a: God ?|76\/100|[from] item: Leftovers\n|-damage|p2a: Calyrex|76\/100 psn|[from] psn\n|upkeep\n|turn|10\n|\n|t:|1699032780\n|move|p2a: Calyrex|Psychic|p1a: God ?\n|-damage|p1a: God ?|46\/100\n|-unboost|p1a: God ?|spd|1\n|move|p1a: God ?|Roar|p2a: Calyrex\n|drag|p2a: Ditto|Ditto|100\/100\n|-status|p2a: Ditto|psn\n|-transform|p2a: Ditto|p1a: God ?|[from] ability: Imposter\n|\n|-heal|p1a: God ?|52\/100|[from] item: Leftovers\n|-damage|p2a: Ditto|88\/100 psn|[from] psn\n|upkeep\n|turn|11\n|\n|t:|1699032794\n|move|p2a: Ditto|Extreme Speed|p1a: God ?\n|-damage|p1a: God ?|34\/100\n|move|p1a: God ?|Recover|p1a: God ?\n|-heal|p1a: God ?|84\/100\n|\n|-heal|p1a: God ?|90\/100|[from] item: Leftovers\n|-damage|p2a: Ditto|76\/100 psn|[from] psn\n|upkeep\n|turn|12\n|\n|t:|1699032807\n|switch|p2a: Zacian|Zacian-Crowned|100\/100\n|-ability|p2a: Zacian|Intrepid Sword|boost\n|-boost|p2a: Zacian|atk|1\n|switch|p1a: Death|Calyrex-Shadow|100\/100\n|-ability|p1a: Death|As One\n|-ability|p1a: Death|Unnerve\n|\n|upkeep\n|turn|13\n|\n|t:|1699032819\n|switch|p1a: Clod|Clodsire, M, shiny|39\/100 frz\n|move|p2a: Zacian|Crunch|p1a: Clod\n|-crit|p1a: Clod\n|-damage|p1a: Clod|7\/100 frz\n|-unboost|p1a: Clod|def|1\n|\n|-heal|p1a: Clod|14\/100 frz|[from] item: Leftovers\n|upkeep\n|turn|14\n|\n|t:|1699032828\n|move|p2a: Zacian|Behemoth Blade|p1a: Clod\n|-damage|p1a: Clod|0 fnt\n|faint|p1a: Clod\n|\n|upkeep\n|\n|t:|1699032834\n|switch|p1a: Blue|Ditto, shiny|4\/100\n|-transform|p1a: Blue|p2a: Zacian|[from] ability: Imposter\n|-ability|p1a: Blue|Intrepid Sword|boost\n|-boost|p1a: Blue|atk|1\n|turn|15\n|\n|t:|1699032850\n|switch|p2a: Ursaluna|Ursaluna-Bloodmoon, M|100\/100\n|-status|p2a: Ursaluna|psn\n|move|p1a: Blue|Behemoth Blade|p2a: Ursaluna\n|-damage|p2a: Ursaluna|1\/100 psn\n|\n|-damage|p2a: Ursaluna|0 fnt|[from] psn\n|faint|p2a: Ursaluna\n|upkeep\n|\n|t:|1699032861\n|switch|p2a: Iron Bundle|Iron Bundle, shiny, tera:Ice|25\/100\n|-status|p2a: Iron Bundle|psn\n|turn|16\n|\n|t:|1699032875\n|move|p1a: Blue|Behemoth Blade|p2a: Iron Bundle\n|-supereffective|p2a: Iron Bundle\n|-damage|p2a: Iron Bundle|0 fnt\n|faint|p2a: Iron Bundle\n|-end|p2a: Iron Bundle|Quark Drive|[silent]\n|\n|upkeep\n|\n|t:|1699032879\n|switch|p2a: Kyogre|Kyogre|100\/100\n|-status|p2a: Kyogre|psn\n|-weather|RainDance|[from] ability: Drizzle|[of] p2a: Kyogre\n|turn|17\n|\n|t:|1699032885\n|move|p1a: Blue|Behemoth Blade|p2a: Kyogre\n|-resisted|p2a: Kyogre\n|-damage|p2a: Kyogre|33\/100 psn\n|move|p2a: Kyogre|Ice Beam|p1a: Blue\n|-resisted|p1a: Blue\n|-damage|p1a: Blue|0 fnt\n|faint|p1a: Blue\n|\n|-weather|RainDance|[upkeep]\n|-damage|p2a: Kyogre|21\/100 psn|[from] psn\n|upkeep\n|\n|t:|1699032913\n|switch|p1a: God ?|Arceus, shiny|90\/100\n|turn|18\n|\n|t:|1699032920\n|switch|p2a: Zacian|Zacian-Crowned|100\/100\n|move|p1a: God ?|Extreme Speed|p2a: Zacian\n|-resisted|p2a: Zacian\n|-damage|p2a: Zacian|87\/100\n|\n|-weather|RainDance|[upkeep]\n|-heal|p1a: God ?|96\/100|[from] item: Leftovers\n|upkeep\n|turn|19\n|l|\u2606PapuhJohn\n|inactive|PapuhJohn disconnected and has a minute to reconnect!\n|player|p2|\n|\n|t:|1699032934\n|move|p2a: Zacian|Close Combat|p1a: God ?\n|-supereffective|p1a: God ?\n|-damage|p1a: God ?|46\/100\n|-unboost|p2a: Zacian|def|1\n|-unboost|p2a: Zacian|spd|1\n|move|p1a: God ?|Roar|p2a: Zacian\n|drag|p2a: Kyogre|Kyogre|21\/100 psn\n|\n|-weather|RainDance|[upkeep]\n|-heal|p1a: God ?|52\/100|[from] item: Leftovers\n|-damage|p2a: Kyogre|8\/100 psn|[from] psn\n|upkeep\n|turn|20\n|inactive|PapuhJohn has 30 seconds to reconnect!\n|inactive|PapuhJohn has 20 seconds to reconnect!\n|inactive|PapuhJohn has 15 seconds to reconnect!\n|inactive|PapuhJohn has 10 seconds to reconnect!\n|inactive|PapuhJohn has 5 seconds to reconnect!\n|-message|PapuhJohn lost due to inactivity.\n|\n|win|Gooooper\n|raw|Gooooper's rating: 1474 &rarr; <strong>1497<\/strong><br \/>(+23 for winning)\n|raw|PapuhJohn's rating: 1523 &rarr; <strong>1500<\/strong><br \/>(-23 for losing)\n","uploadtime":1699033000,"views":8,"p1id":"gooooper","p2id":"papuhjohn","formatid":"gen9anythinggoes","rating":1497,"private":0,"password":""}