{"id":"gen9anythinggoes-1982895963","p1":"JokeTeamMaker","p2":"Sylveon2023","format":"[Gen 9] Anything Goes","log":"|j|\u2606JokeTeamMaker\n|j|\u2606Sylveon2023\n|t:|1699056009\n|gametype|singles\n|player|p1|JokeTeamMaker|maid|1056\n|player|p2|Sylveon2023|2|1156\n|teamsize|p1|6\n|teamsize|p2|6\n|gen|9\n|tier|[Gen 9] Anything Goes\n|rated|\n|rule|HP Percentage Mod: HP is shown in percentages\n|rule|Endless Battle Clause: Forcing endless battles is banned\n|clearpoke\n|poke|p1|Hatterene, F|\n|poke|p1|Leavanny, F|\n|poke|p1|Salazzle, F|\n|poke|p1|Lurantis, F|\n|poke|p1|Lilligant, F|\n|poke|p1|Delphox, F|\n|poke|p2|Vivillon-Modern, F|\n|poke|p2|Vivillon-Modern, F|\n|poke|p2|Vivillon-Modern, M|\n|poke|p2|Vivillon-Modern, F|\n|poke|p2|Vivillon-Modern, M|\n|poke|p2|Vivillon-Modern, F|\n|teampreview\n|\n|t:|1699056016\n|start\n|switch|p1a: Hatterene|Hatterene, F, shiny|100\/100\n|switch|p2a: smashable|Vivillon-Modern, F, shiny|100\/100\n|turn|1\n|\n|t:|1699056036\n|move|p2a: smashable|Sleep Powder|p1a: Hatterene\n|-status|p1a: Hatterene|slp|[from] move: Sleep Powder\n|cant|p1a: Hatterene|slp\n|\n|upkeep\n|turn|2\n|\n|t:|1699056047\n|move|p2a: smashable|Substitute|p2a: smashable\n|-start|p2a: smashable|Substitute\n|-damage|p2a: smashable|76\/100\n|cant|p1a: Hatterene|slp\n|\n|-heal|p2a: smashable|82\/100|[from] item: Leftovers\n|upkeep\n|turn|3\n|\n|t:|1699056054\n|move|p2a: smashable|Quiver Dance|p2a: smashable\n|-boost|p2a: smashable|spa|1\n|-boost|p2a: smashable|spd|1\n|-boost|p2a: smashable|spe|1\n|cant|p1a: Hatterene|slp\n|\n|-heal|p2a: smashable|88\/100|[from] item: Leftovers\n|upkeep\n|turn|4\n|\n|t:|1699056062\n|move|p2a: smashable|Quiver Dance|p2a: smashable\n|-boost|p2a: smashable|spa|1\n|-boost|p2a: smashable|spd|1\n|-boost|p2a: smashable|spe|1\n|-curestatus|p1a: Hatterene|slp|[msg]\n|move|p1a: Hatterene|Play Rough|p2a: smashable\n|-end|p2a: smashable|Substitute\n|\n|-heal|p2a: smashable|94\/100|[from] item: Leftovers\n|upkeep\n|turn|5\n|\n|t:|1699056071\n|move|p2a: smashable|Hurricane|p1a: Hatterene\n|-damage|p1a: Hatterene|8\/100\n|move|p1a: Hatterene|Play Rough|p2a: smashable\n|-damage|p2a: smashable|36\/100\n|\n|-heal|p2a: smashable|42\/100|[from] item: Leftovers\n|-heal|p1a: Hatterene|14\/100|[from] item: Leftovers\n|upkeep\n|turn|6\n|\n|t:|1699056095\n|move|p2a: smashable|Sleep Powder|p1a: Hatterene\n|-status|p1a: Hatterene|slp|[from] move: Sleep Powder\n|cant|p1a: Hatterene|slp\n|\n|-heal|p2a: smashable|48\/100|[from] item: Leftovers\n|-heal|p1a: Hatterene|20\/100 slp|[from] item: Leftovers\n|upkeep\n|turn|7\n|\n|t:|1699056104\n|move|p2a: smashable|Hurricane|p1a: Hatterene\n|-damage|p1a: Hatterene|0 fnt\n|faint|p1a: Hatterene\n|\n|-heal|p2a: smashable|54\/100|[from] item: Leftovers\n|upkeep\n|\n|t:|1699056111\n|switch|p1a: Leavanny|Leavanny, F, shiny|100\/100\n|turn|8\n|\n|t:|1699056118\n|move|p2a: smashable|Hurricane|p1a: Leavanny\n|-supereffective|p1a: Leavanny\n|-damage|p1a: Leavanny|0 fnt\n|faint|p1a: Leavanny\n|\n|-heal|p2a: smashable|60\/100|[from] item: Leftovers\n|upkeep\n|\n|t:|1699056124\n|switch|p1a: Salazzle|Salazzle, F|100\/100\n|turn|9\n|\n|t:|1699056132\n|move|p2a: smashable|Sleep Powder|p1a: Salazzle\n|-status|p1a: Salazzle|slp|[from] move: Sleep Powder\n|cant|p1a: Salazzle|slp\n|\n|-heal|p2a: smashable|66\/100|[from] item: Leftovers\n|upkeep\n|turn|10\n|\n|t:|1699056143\n|move|p2a: smashable|Hurricane|p1a: Salazzle\n|-damage|p1a: Salazzle|0 fnt\n|faint|p1a: Salazzle\n|\n|-heal|p2a: smashable|72\/100|[from] item: Leftovers\n|upkeep\n|\n|t:|1699056149\n|switch|p1a: Lurantis|Lurantis, F, shiny|100\/100\n|turn|11\n|\n|t:|1699056158\n|move|p2a: smashable|Hurricane|p1a: Lurantis\n|-supereffective|p1a: Lurantis\n|-damage|p1a: Lurantis|0 fnt\n|faint|p1a: Lurantis\n|\n|-heal|p2a: smashable|78\/100|[from] item: Leftovers\n|upkeep\n|\n|t:|1699056164\n|switch|p1a: Lilligant|Lilligant, F, shiny|100\/100\n|turn|12\n|\n|t:|1699056169\n|move|p2a: smashable|Hurricane|p1a: Lilligant\n|-supereffective|p1a: Lilligant\n|-damage|p1a: Lilligant|0 fnt\n|faint|p1a: Lilligant\n|\n|-heal|p2a: smashable|84\/100|[from] item: Leftovers\n|upkeep\n|\n|t:|1699056175\n|switch|p1a: Delphox|Delphox, F|100\/100\n|turn|13\n|j| allisterghostgym5\n|l| allisterghostgym5\n|\n|t:|1699056202\n|move|p2a: smashable|Sleep Powder|p1a: Delphox\n|-status|p1a: Delphox|slp|[from] move: Sleep Powder\n|cant|p1a: Delphox|slp\n|\n|-heal|p2a: smashable|90\/100|[from] item: Leftovers\n|upkeep\n|turn|14\n|\n|t:|1699056211\n|-terastallize|p1a: Delphox|Fire\n|move|p2a: smashable|Hurricane|p1a: Delphox\n|-damage|p1a: Delphox|0 fnt\n|faint|p1a: Delphox\n|\n|win|Sylveon2023\n|raw|JokeTeamMaker's rating: 1056 &rarr; <strong>1043<\/strong><br \/>(-13 for losing)\n|raw|Sylveon2023's rating: 1156 &rarr; <strong>1174<\/strong><br \/>(+18 for winning)\n|l|\u2606Sylveon2023\n","uploadtime":1699056219,"views":4,"p1id":"joketeammaker","p2id":"sylveon2023","formatid":"gen9anythinggoes","rating":1043,"private":0,"password":""}