{"id":"gen9anythinggoes-1975318587","p1":"QD lol","p2":"Begformermaids","format":"[Gen 9] Anything Goes","log":"|j|\u2606QD lol\n|j|\u2606Begformermaids\n|t:|1698179357\n|gametype|singles\n|player|p1|QD lol|scientist-gen4dp|1152\n|player|p2|Begformermaids|backpacker|1040\n|teamsize|p1|6\n|teamsize|p2|6\n|gen|9\n|tier|[Gen 9] Anything Goes\n|rated|\n|rule|HP Percentage Mod: HP is shown in percentages\n|rule|Endless Battle Clause: Forcing endless battles is banned\n|clearpoke\n|poke|p1|Hatterene, F|\n|poke|p1|Kingambit, F|\n|poke|p1|Talonflame, M|\n|poke|p1|Zoroark-Hisui, M|\n|poke|p1|Calyrex-Ice|\n|poke|p1|Great Tusk|\n|poke|p2|Orthworm, M|\n|poke|p2|Clodsire, F|\n|poke|p2|Glimmora, M|\n|poke|p2|Garganacl, F|\n|poke|p2|Kingambit, F|\n|poke|p2|Ceruledge, M|\n|teampreview\n|\n|t:|1698179364\n|start\n|switch|p1a: ( \u0361~ \u035c\u0296 \u0361\u00b0)|Hatterene, F, shiny|100\/100\n|switch|p2a: Glimmora|Glimmora, M, shiny|100\/100\n|turn|1\n|inactive|Battle timer is ON: inactive players will automatically lose when time's up. (requested by QD lol)\n|\n|t:|1698179373\n|move|p2a: Glimmora|Stealth Rock|p1a: ( \u0361~ \u035c\u0296 \u0361\u00b0)\n|move|p1a: ( \u0361~ \u035c\u0296 \u0361\u00b0)|Stealth Rock|p2a: Glimmora|[from]ability: Magic Bounce\n|-sidestart|p2: Begformermaids|move: Stealth Rock\n|move|p1a: ( \u0361~ \u035c\u0296 \u0361\u00b0)|Trick Room|p1a: ( \u0361~ \u035c\u0296 \u0361\u00b0)\n|-fieldstart|move: Trick Room|[of] p1a: ( \u0361~ \u035c\u0296 \u0361\u00b0)\n|\n|upkeep\n|turn|2\n|\n|t:|1698179383\n|switch|p2a: Garganacl|Garganacl, F, shiny|100\/100\n|-damage|p2a: Garganacl|88\/100|[from] Stealth Rock\n|move|p1a: ( \u0361~ \u035c\u0296 \u0361\u00b0)|Psychic|p2a: Garganacl\n|-damage|p2a: Garganacl|54\/100\n|\n|upkeep\n|turn|3\n|\n|t:|1698179391\n|move|p1a: ( \u0361~ \u035c\u0296 \u0361\u00b0)|Psychic|p2a: Garganacl\n|-damage|p2a: Garganacl|23\/100\n|move|p2a: Garganacl|Salt Cure|p1a: ( \u0361~ \u035c\u0296 \u0361\u00b0)\n|-damage|p1a: ( \u0361~ \u035c\u0296 \u0361\u00b0)|88\/100\n|-start|p1a: ( \u0361~ \u035c\u0296 \u0361\u00b0)|Salt Cure\n|\n|-heal|p1a: ( \u0361~ \u035c\u0296 \u0361\u00b0)|94\/100|[from] item: Leftovers\n|-damage|p1a: ( \u0361~ \u035c\u0296 \u0361\u00b0)|82\/100|[from] Salt Cure\n|upkeep\n|turn|4\n|\n|t:|1698179403\n|switch|p2a: Kingambit|Kingambit, F, shiny|100\/100\n|-damage|p2a: Kingambit|94\/100|[from] Stealth Rock\n|move|p1a: ( \u0361~ \u035c\u0296 \u0361\u00b0)|Psychic|p2a: Kingambit\n|-immune|p2a: Kingambit\n|\n|-heal|p1a: ( \u0361~ \u035c\u0296 \u0361\u00b0)|88\/100|[from] item: Leftovers\n|-damage|p1a: ( \u0361~ \u035c\u0296 \u0361\u00b0)|76\/100|[from] Salt Cure\n|upkeep\n|turn|5\n|\n|t:|1698179411\n|move|p2a: Kingambit|Sucker Punch|p1a: ( \u0361~ \u035c\u0296 \u0361\u00b0)\n|-damage|p1a: ( \u0361~ \u035c\u0296 \u0361\u00b0)|45\/100\n|move|p1a: ( \u0361~ \u035c\u0296 \u0361\u00b0)|Nuzzle|p2a: Kingambit\n|-damage|p2a: Kingambit|91\/100\n|-status|p2a: Kingambit|par\n|\n|-heal|p1a: ( \u0361~ \u035c\u0296 \u0361\u00b0)|51\/100|[from] item: Leftovers\n|-damage|p1a: ( \u0361~ \u035c\u0296 \u0361\u00b0)|39\/100|[from] Salt Cure\n|-fieldend|move: Trick Room\n|upkeep\n|turn|6\n|\n|t:|1698179424\n|cant|p2a: Kingambit|par\n|move|p1a: ( \u0361~ \u035c\u0296 \u0361\u00b0)|Trick Room|p1a: ( \u0361~ \u035c\u0296 \u0361\u00b0)\n|-fieldstart|move: Trick Room|[of] p1a: ( \u0361~ \u035c\u0296 \u0361\u00b0)\n|\n|-heal|p1a: ( \u0361~ \u035c\u0296 \u0361\u00b0)|45\/100|[from] item: Leftovers\n|-damage|p1a: ( \u0361~ \u035c\u0296 \u0361\u00b0)|33\/100|[from] Salt Cure\n|upkeep\n|turn|7\n|\n|t:|1698179432\n|switch|p1a: Ice > Ghost|Calyrex-Ice|100\/100\n|-ability|p1a: Ice > Ghost|As One\n|-ability|p1a: Ice > Ghost|Unnerve\n|move|p2a: Kingambit|Metal Burst||[still]\n|-fail|p2a: Kingambit\n|\n|upkeep\n|turn|8\n|\n|t:|1698179440\n|move|p2a: Kingambit|Kowtow Cleave|p1a: Ice > Ghost\n|-supereffective|p1a: Ice > Ghost\n|-damage|p1a: Ice > Ghost|44\/100\n|-enditem|p1a: Ice > Ghost|Weakness Policy\n|-boost|p1a: Ice > Ghost|atk|2|[from] item: Weakness Policy\n|-boost|p1a: Ice > Ghost|spa|2|[from] item: Weakness Policy\n|move|p1a: Ice > Ghost|High Horsepower|p2a: Kingambit\n|-supereffective|p2a: Kingambit\n|-damage|p2a: Kingambit|0 fnt\n|faint|p2a: Kingambit\n|-end|p2a: Kingambit|fallenundefined|[silent]\n|-ability|p1a: Ice > Ghost|Chilling Neigh|boost\n|-boost|p1a: Ice > Ghost|atk|1\n|\n|upkeep\n|\n|t:|1698179450\n|switch|p2a: Orthworm|Orthworm, M, shiny|100\/100\n|-damage|p2a: Orthworm|94\/100|[from] Stealth Rock\n|turn|9\n|\n|t:|1698179462\n|move|p1a: Ice > Ghost|Baton Pass|p1a: Ice > Ghost\n|\n|t:|1698179464\n|switch|p1a: Manny|Great Tusk|100\/100|[from] Baton Pass\n|move|p2a: Orthworm|Iron Tail|p1a: Manny\n|-damage|p1a: Manny|75\/100\n|-unboost|p1a: Manny|def|1\n|\n|-heal|p2a: Orthworm|100\/100|[from] item: Leftovers\n|upkeep\n|turn|10\n|\n|t:|1698179477\n|move|p2a: Orthworm|Protect|p2a: Orthworm\n|-singleturn|p2a: Orthworm|Protect\n|move|p1a: Manny|Close Combat|p2a: Orthworm\n|-activate|p2a: Orthworm|move: Protect\n|\n|-fieldend|move: Trick Room\n|upkeep\n|turn|11\n|\n|t:|1698179486\n|-terastallize|p2a: Orthworm|Fairy\n|move|p1a: Manny|Close Combat|p2a: Orthworm\n|-resisted|p2a: Orthworm\n|-damage|p2a: Orthworm|44\/100\n|-unboost|p1a: Manny|def|1\n|-unboost|p1a: Manny|spd|1\n|move|p2a: Orthworm|Coil|p2a: Orthworm\n|-boost|p2a: Orthworm|atk|1\n|-boost|p2a: Orthworm|def|1\n|-boost|p2a: Orthworm|accuracy|1\n|\n|-heal|p2a: Orthworm|50\/100|[from] item: Leftovers\n|upkeep\n|turn|12\n|\n|t:|1698179499\n|move|p2a: Orthworm|Protect|p2a: Orthworm\n|-singleturn|p2a: Orthworm|Protect\n|move|p1a: Manny|Ice Spinner|p2a: Orthworm\n|-activate|p2a: Orthworm|move: Protect\n|\n|-heal|p2a: Orthworm|56\/100|[from] item: Leftovers\n|upkeep\n|turn|13\n|\n|t:|1698179511\n|move|p1a: Manny|Ice Spinner|p2a: Orthworm\n|-damage|p2a: Orthworm|25\/100\n|move|p2a: Orthworm|Iron Tail|p1a: Manny\n|-damage|p1a: Manny|6\/100\n|\n|-heal|p2a: Orthworm|31\/100|[from] item: Leftovers\n|upkeep\n|turn|14\n|\n|t:|1698179522\n|move|p2a: Orthworm|Protect|p2a: Orthworm\n|-singleturn|p2a: Orthworm|Protect\n|move|p1a: Manny|Ice Spinner|p2a: Orthworm\n|-activate|p2a: Orthworm|move: Protect\n|\n|-heal|p2a: Orthworm|37\/100|[from] item: Leftovers\n|upkeep\n|turn|15\n|\n|t:|1698179538\n|move|p1a: Manny|Ice Spinner|p2a: Orthworm\n|-damage|p2a: Orthworm|6\/100\n|move|p2a: Orthworm|Coil|p2a: Orthworm\n|-boost|p2a: Orthworm|atk|1\n|-boost|p2a: Orthworm|def|1\n|-boost|p2a: Orthworm|accuracy|1\n|\n|-heal|p2a: Orthworm|12\/100|[from] item: Leftovers\n|upkeep\n|turn|16\n|\n|t:|1698179554\n|move|p2a: Orthworm|Protect|p2a: Orthworm\n|-singleturn|p2a: Orthworm|Protect\n|move|p1a: Manny|Rapid Spin|p2a: Orthworm\n|-activate|p2a: Orthworm|move: Protect\n|\n|-heal|p2a: Orthworm|18\/100|[from] item: Leftovers\n|upkeep\n|turn|17\n|\n|t:|1698179576\n|move|p1a: Manny|Ice Spinner|p2a: Orthworm\n|-damage|p2a: Orthworm|0 fnt\n|faint|p2a: Orthworm\n|\n|upkeep\n|\n|t:|1698179580\n|switch|p2a: Ceruledge|Ceruledge, M, shiny|100\/100\n|-damage|p2a: Ceruledge|76\/100|[from] Stealth Rock\n|turn|18\n|\n|t:|1698179589\n|move|p2a: Ceruledge|Bitter Blade|p1a: Manny\n|-damage|p1a: Manny|0 fnt\n|-heal|p2a: Ceruledge|80\/100|[from] drain|[of] p1a: Manny\n|faint|p1a: Manny\n|-end|p1a: Manny|Protosynthesis|[silent]\n|\n|upkeep\n|inactive|QD lol has 120 seconds left.\n|\n|t:|1698179635\n|switch|p1a: ( \u0361~ \u035c\u0296 \u0361\u00b0)|Hatterene, F, shiny|33\/100\n|turn|19\n|\n|t:|1698179640\n|move|p2a: Ceruledge|Bitter Blade|p1a: ( \u0361~ \u035c\u0296 \u0361\u00b0)\n|-damage|p1a: ( \u0361~ \u035c\u0296 \u0361\u00b0)|0 fnt\n|-heal|p2a: Ceruledge|98\/100|[from] drain|[of] p1a: ( \u0361~ \u035c\u0296 \u0361\u00b0)\n|faint|p1a: ( \u0361~ \u035c\u0296 \u0361\u00b0)\n|\n|upkeep\n|\n|t:|1698179645\n|switch|p1a: Tony Hawk|Talonflame, M|100\/100\n|turn|20\n|\n|t:|1698179650\n|switch|p2a: Glimmora|Glimmora, M, shiny|100\/100\n|-damage|p2a: Glimmora|88\/100|[from] Stealth Rock\n|move|p1a: Tony Hawk|Acrobatics|p2a: Glimmora\n|-resisted|p2a: Glimmora\n|-damage|p2a: Glimmora|68\/100\n|-activate|p2a: Glimmora|ability: Toxic Debris\n|-sidestart|p1: QD lol|move: Toxic Spikes\n|\n|-heal|p2a: Glimmora|74\/100|[from] item: Black Sludge\n|upkeep\n|turn|21\n|inactive|QD lol has 120 seconds left.\n|\n|t:|1698179660\n|move|p1a: Tony Hawk|Taunt|p2a: Glimmora\n|-start|p2a: Glimmora|move: Taunt\n|cant|p2a: Glimmora|move: Taunt|Stealth Rock\n|\n|-heal|p2a: Glimmora|80\/100|[from] item: Black Sludge\n|upkeep\n|turn|22\n|\n|t:|1698179667\n|move|p1a: Tony Hawk|Fire Blast|p2a: Glimmora\n|-resisted|p2a: Glimmora\n|-damage|p2a: Glimmora|63\/100\n|move|p2a: Glimmora|Power Gem|p1a: Tony Hawk\n|-supereffective|p1a: Tony Hawk\n|-damage|p1a: Tony Hawk|0 fnt\n|faint|p1a: Tony Hawk\n|\n|-heal|p2a: Glimmora|69\/100|[from] item: Black Sludge\n|upkeep\n|\n|t:|1698179676\n|switch|p1a: Lloyd's Dad|Kingambit, F, shiny|100\/100\n|-status|p1a: Lloyd's Dad|psn\n|turn|23\n|\n|t:|1698179683\n|move|p1a: Lloyd's Dad|Poltergeist|p2a: Glimmora\n|-activate|p2a: Glimmora|move: Poltergeist|Black Sludge\n|-damage|p2a: Glimmora|34\/100\n|-activate|p2a: Glimmora|ability: Toxic Debris\n|-sidestart|p1: QD lol|move: Toxic Spikes\n|move|p2a: Glimmora|Power Gem|p1a: Lloyd's Dad\n|-damage|p1a: Lloyd's Dad|49\/100 psn\n|replace|p1a: Emo Dog|Zoroark-Hisui, M\n|-end|p1a: Emo Dog|Illusion\n|\n|-heal|p2a: Glimmora|40\/100|[from] item: Black Sludge\n|-damage|p1a: Emo Dog|36\/100 psn|[from] psn\n|-end|p2a: Glimmora|move: Taunt\n|upkeep\n|turn|24\n|\n|t:|1698179697\n|move|p2a: Glimmora|Spiky Shield|p2a: Glimmora\n|-singleturn|p2a: Glimmora|move: Protect\n|move|p1a: Emo Dog|Poltergeist|p2a: Glimmora\n|-activate|p2a: Glimmora|move: Protect\n|\n|-heal|p2a: Glimmora|46\/100|[from] item: Black Sludge\n|-damage|p1a: Emo Dog|24\/100 psn|[from] psn\n|upkeep\n|turn|25\n|\n|t:|1698179708\n|move|p1a: Emo Dog|Poltergeist|p2a: Glimmora\n|-activate|p2a: Glimmora|move: Poltergeist|Black Sludge\n|-damage|p2a: Glimmora|6\/100\n|move|p2a: Glimmora|Stealth Rock|p1a: Emo Dog\n|-sidestart|p1: QD lol|move: Stealth Rock\n|\n|-heal|p2a: Glimmora|12\/100|[from] item: Black Sludge\n|-damage|p1a: Emo Dog|12\/100 psn|[from] psn\n|upkeep\n|turn|26\n|\n|t:|1698179716\n|move|p2a: Glimmora|Spiky Shield|p2a: Glimmora\n|-singleturn|p2a: Glimmora|move: Protect\n|move|p1a: Emo Dog|Burning Jealousy|p2a: Glimmora\n|-activate|p2a: Glimmora|move: Protect\n|\n|-heal|p2a: Glimmora|18\/100|[from] item: Black Sludge\n|-damage|p1a: Emo Dog|0 fnt|[from] psn\n|faint|p1a: Emo Dog\n|upkeep\n|\n|t:|1698179724\n|switch|p1a: Ice > Ghost|Calyrex-Ice|44\/100\n|-ability|p1a: Ice > Ghost|As One\n|-ability|p1a: Ice > Ghost|Unnerve\n|-status|p1a: Ice > Ghost|tox\n|-damage|p1a: Ice > Ghost|19\/100 tox|[from] Stealth Rock\n|turn|27\n|\n|t:|1698179736\n|move|p2a: Glimmora|Power Gem|p1a: Ice > Ghost\n|-supereffective|p1a: Ice > Ghost\n|-damage|p1a: Ice > Ghost|0 fnt\n|faint|p1a: Ice > Ghost\n|\n|-heal|p2a: Glimmora|24\/100|[from] item: Black Sludge\n|upkeep\n|\n|t:|1698179742\n|switch|p1a: Lloyd's Dad|Kingambit, F, shiny|100\/100\n|-damage|p1a: Lloyd's Dad|94\/100|[from] Stealth Rock\n|-activate|p1a: Lloyd's Dad|ability: Supreme Overlord\n|-start|p1a: Lloyd's Dad|fallen5|[silent]\n|turn|28\n|\n|t:|1698179748\n|move|p2a: Glimmora|Spiky Shield|p2a: Glimmora\n|-singleturn|p2a: Glimmora|move: Protect\n|move|p1a: Lloyd's Dad|Dig||[still]\n|-prepare|p1a: Lloyd's Dad|Dig\n|\n|-heal|p2a: Glimmora|30\/100|[from] item: Black Sludge\n|upkeep\n|turn|29\n|\n|t:|1698179757\n|move|p2a: Glimmora|Spiky Shield|p2a: Glimmora\n|-singleturn|p2a: Glimmora|move: Protect\n|move|p1a: Lloyd's Dad|Dig|p2a: Glimmora|[from]lockedmove\n|-activate|p2a: Glimmora|move: Protect\n|-damage|p1a: Lloyd's Dad|82\/100|[from] Spiky Shield|[of] p2a: Glimmora\n|\n|-heal|p2a: Glimmora|37\/100|[from] item: Black Sludge\n|upkeep\n|turn|30\n|\n|t:|1698179766\n|move|p2a: Glimmora|Acid Armor|p2a: Glimmora\n|-boost|p2a: Glimmora|def|2\n|move|p1a: Lloyd's Dad|Brick Break|p2a: Glimmora\n|-damage|p2a: Glimmora|21\/100\n|\n|-heal|p2a: Glimmora|27\/100|[from] item: Black Sludge\n|upkeep\n|turn|31\n|\n|t:|1698179776\n|move|p2a: Glimmora|Power Gem|p1a: Lloyd's Dad\n|-resisted|p1a: Lloyd's Dad\n|-damage|p1a: Lloyd's Dad|60\/100\n|move|p1a: Lloyd's Dad|Dig||[still]\n|-prepare|p1a: Lloyd's Dad|Dig\n|\n|-heal|p2a: Glimmora|33\/100|[from] item: Black Sludge\n|upkeep\n|turn|32\n|\n|t:|1698179784\n|move|p2a: Glimmora|Spiky Shield|p2a: Glimmora\n|-singleturn|p2a: Glimmora|move: Protect\n|move|p1a: Lloyd's Dad|Dig|p2a: Glimmora|[from]lockedmove\n|-activate|p2a: Glimmora|move: Protect\n|-damage|p1a: Lloyd's Dad|48\/100|[from] Spiky Shield|[of] p2a: Glimmora\n|\n|-heal|p2a: Glimmora|39\/100|[from] item: Black Sludge\n|upkeep\n|turn|33\n|\n|t:|1698179793\n|move|p1a: Lloyd's Dad|Sucker Punch||[still]\n|-fail|p1a: Lloyd's Dad\n|move|p2a: Glimmora|Acid Armor|p2a: Glimmora\n|-boost|p2a: Glimmora|def|2\n|\n|-heal|p2a: Glimmora|45\/100|[from] item: Black Sludge\n|upkeep\n|turn|34\n|\n|t:|1698179801\n|move|p1a: Lloyd's Dad|Sucker Punch|p2a: Glimmora\n|-damage|p2a: Glimmora|27\/100\n|move|p2a: Glimmora|Power Gem|p1a: Lloyd's Dad\n|-resisted|p1a: Lloyd's Dad\n|-damage|p1a: Lloyd's Dad|27\/100\n|\n|-heal|p2a: Glimmora|33\/100|[from] item: Black Sludge\n|upkeep\n|turn|35\n|\n|t:|1698179808\n|move|p2a: Glimmora|Spiky Shield|p2a: Glimmora\n|-singleturn|p2a: Glimmora|move: Protect\n|move|p1a: Lloyd's Dad|Brick Break|p2a: Glimmora\n|-activate|p2a: Glimmora|move: Protect\n|-damage|p1a: Lloyd's Dad|15\/100|[from] Spiky Shield|[of] p2a: Glimmora\n|\n|-heal|p2a: Glimmora|39\/100|[from] item: Black Sludge\n|upkeep\n|turn|36\n|\n|t:|1698179818\n|move|p2a: Glimmora|Acid Armor|p2a: Glimmora\n|-boost|p2a: Glimmora|def|2\n|move|p1a: Lloyd's Dad|Tera Blast|p2a: Glimmora\n|-resisted|p2a: Glimmora\n|-damage|p2a: Glimmora|28\/100\n|\n|-heal|p2a: Glimmora|34\/100|[from] item: Black Sludge\n|upkeep\n|turn|37\n|\n|t:|1698179828\n|move|p2a: Glimmora|Power Gem|p1a: Lloyd's Dad\n|-resisted|p1a: Lloyd's Dad\n|-damage|p1a: Lloyd's Dad|0 fnt\n|faint|p1a: Lloyd's Dad\n|-end|p1a: Lloyd's Dad|fallen5|[silent]\n|\n|win|Begformermaids\n|raw|QD lol's rating: 1152 &rarr; <strong>1119<\/strong><br \/>(-33 for losing)\n|raw|Begformermaids's rating: 1040 &rarr; <strong>1085<\/strong><br \/>(+45 for winning)\n","uploadtime":1698179836,"views":11,"p1id":"qdlol","p2id":"begformermaids","formatid":"gen9anythinggoes","rating":1085,"private":0,"password":""}