{"id":"gen9anythinggoes-1977042230","p1":"adpg.alt","p2":"KaenSoul","format":"[Gen 9] Anything Goes","log":"|j|\u2606adpg.alt\n|j|\u2606KaenSoul\n|inactive|Battle timer is ON: inactive players will automatically lose when time's up.\n|t:|1698365009\n|gametype|singles\n|player|p1|adpg.alt|hilbert-wonderlauncher|\n|player|p2|KaenSoul|iono|\n|teamsize|p1|6\n|teamsize|p2|6\n|gen|9\n|tier|[Gen 9] Anything Goes\n|rated|Tournament battle\n|rule|HP Percentage Mod: HP is shown in percentages\n|rule|Endless Battle Clause: Forcing endless battles is banned\n|rule|Re-Evolution Mod: Pok\u00e9mon gain the boosts they would gain from evolving again\n|rule|Sleep Moves Clause: Sleep-inducing moves are banned\n|rule|Species Clause: Limit one of each Pok\u00e9mon\n|rule|OHKO Clause: OHKO moves are banned\n|rule|Evasion Moves Clause: Evasion moves are banned\n|rule|Terastal Clause: You cannot Terastallize\n|clearpoke\n|poke|p1|Glimmora, M|\n|poke|p1|Urshifu-*, F|\n|poke|p1|Maushold|\n|poke|p1|Dragapult, F|\n|poke|p1|Kingambit, M|\n|poke|p1|Volcarona, M|\n|poke|p2|Slowking-Galar, F|\n|poke|p2|Baxcalibur, F|\n|poke|p2|Corviknight, M|\n|poke|p2|Urshifu-*, M|\n|poke|p2|Tyranitar, M|\n|poke|p2|Gardevoir, M|\n|teampreview\n|c|\u2606KaenSoul|glhf\n|\n|t:|1698365018\n|start\n|switch|p1a: Glimmora|Glimmora, M|100\/100\n|switch|p2a: Urshifu|Urshifu-Rapid-Strike, M|100\/100\n|turn|1\n|j|+Ataki\n|\n|t:|1698365032\n|switch|p1a: Urshifu|Urshifu-Rapid-Strike, F|100\/100\n|move|p2a: Urshifu|Surging Strikes|p1a: Urshifu\n|-resisted|p1a: Urshifu\n|-crit|p1a: Urshifu\n|-damage|p1a: Urshifu|93\/100\n|-resisted|p1a: Urshifu\n|-crit|p1a: Urshifu\n|-damage|p1a: Urshifu|85\/100\n|-resisted|p1a: Urshifu\n|-crit|p1a: Urshifu\n|-damage|p1a: Urshifu|77\/100\n|-hitcount|p1a: Urshifu|3\n|\n|upkeep\n|turn|2\n|\n|t:|1698365043\n|move|p1a: Urshifu|U-turn|p2a: Urshifu\n|-resisted|p2a: Urshifu\n|-damage|p2a: Urshifu|87\/100\n|\n|t:|1698365047\n|switch|p1a: Glimmora|Glimmora, M|100\/100|[from] U-turn\n|move|p2a: Urshifu|U-turn|p1a: Glimmora\n|-resisted|p1a: Glimmora\n|-damage|p1a: Glimmora|90\/100\n|-activate|p1a: Glimmora|ability: Toxic Debris\n|-sidestart|p2: KaenSoul|move: Toxic Spikes\n|\n|t:|1698365052\n|switch|p2a: Slowking|Slowking-Galar, F|100\/100|[from] U-turn\n|-sideend|p2: KaenSoul|move: Toxic Spikes|[of] p2a: Slowking\n|\n|upkeep\n|turn|3\n|\n|t:|1698365060\n|move|p1a: Glimmora|Stealth Rock|p2a: Slowking\n|-sidestart|p2: KaenSoul|move: Stealth Rock\n|move|p2a: Slowking|Future Sight|p1a: Glimmora\n|-start|p2a: Slowking|move: Future Sight\n|\n|upkeep\n|turn|4\n|\n|t:|1698365065\n|switch|p1a: Kingambit|Kingambit, M|100\/100\n|move|p2a: Slowking|Chilly Reception|p2a: Slowking\n|-weather|Snow\n|\n|t:|1698365068\n|switch|p2a: Urshifu|Urshifu-Rapid-Strike, M|87\/100|[from] Chilly Reception\n|-damage|p2a: Urshifu|81\/100|[from] Stealth Rock\n|\n|-weather|Snow|[upkeep]\n|upkeep\n|turn|5\n|\n|t:|1698365075\n|-end|p1a: Kingambit|fallenundefined|[silent]\n|switch|p1a: Dragapult|Dragapult, F|100\/100\n|move|p2a: Urshifu|Surging Strikes|p1a: Dragapult\n|-resisted|p1a: Dragapult\n|-crit|p1a: Dragapult\n|-damage|p1a: Dragapult|86\/100\n|-resisted|p1a: Dragapult\n|-crit|p1a: Dragapult\n|-damage|p1a: Dragapult|74\/100\n|-resisted|p1a: Dragapult\n|-crit|p1a: Dragapult\n|-damage|p1a: Dragapult|62\/100\n|-hitcount|p1a: Dragapult|3\n|\n|-weather|Snow|[upkeep]\n|-end|p1a: Dragapult|move: Future Sight\n|-damage|p1a: Dragapult|0 fnt\n|faint|p1a: Dragapult\n|upkeep\n|\n|t:|1698365097\n|switch|p1a: Urshifu|Urshifu-Rapid-Strike, F|77\/100\n|turn|6\n|\n|t:|1698365102\n|move|p2a: Urshifu|U-turn|p1a: Urshifu\n|-resisted|p1a: Urshifu\n|-damage|p1a: Urshifu|67\/100\n|\n|t:|1698365106\n|switch|p2a: Corviknight|Corviknight, M|100\/100|[from] U-turn\n|-damage|p2a: Corviknight|88\/100|[from] Stealth Rock\n|-ability|p2a: Corviknight|Pressure\n|move|p1a: Urshifu|Close Combat|p2a: Corviknight\n|-damage|p2a: Corviknight|45\/100\n|-unboost|p1a: Urshifu|def|1\n|-unboost|p1a: Urshifu|spd|1\n|-damage|p1a: Urshifu|51\/100|[from] item: Rocky Helmet|[of] p2a: Corviknight\n|\n|-weather|Snow|[upkeep]\n|upkeep\n|turn|7\n|\n|t:|1698365119\n|switch|p1a: Glimmora|Glimmora, M|90\/100\n|move|p2a: Corviknight|Roost|p2a: Corviknight\n|-heal|p2a: Corviknight|95\/100\n|-singleturn|p2a: Corviknight|move: Roost\n|\n|-weather|Snow|[upkeep]\n|upkeep\n|turn|8\n|\n|t:|1698365128\n|move|p1a: Glimmora|Power Gem|p2a: Corviknight\n|-damage|p2a: Corviknight|66\/100\n|move|p2a: Corviknight|Defog|p1a: Glimmora\n|-unboost|p1a: Glimmora|evasion|1\n|-sideend|p2: KaenSoul|Stealth Rock|[from] move: Defog|[of] p2a: Corviknight\n|\n|-weather|none\n|upkeep\n|turn|9\n|\n|t:|1698365136\n|move|p1a: Glimmora|Stealth Rock|p2a: Corviknight\n|-sidestart|p2: KaenSoul|move: Stealth Rock\n|move|p2a: Corviknight|Roost|p2a: Corviknight\n|-heal|p2a: Corviknight|100\/100\n|-singleturn|p2a: Corviknight|move: Roost\n|\n|upkeep\n|turn|10\n|\n|t:|1698365140\n|move|p1a: Glimmora|Power Gem|p2a: Corviknight\n|-damage|p2a: Corviknight|70\/100\n|move|p2a: Corviknight|Defog|p1a: Glimmora\n|-unboost|p1a: Glimmora|evasion|1\n|-sideend|p2: KaenSoul|Stealth Rock|[from] move: Defog|[of] p2a: Corviknight\n|\n|upkeep\n|turn|11\n|\n|t:|1698365148\n|switch|p2a: Urshifu|Urshifu-Rapid-Strike, M|81\/100\n|move|p1a: Glimmora|Power Gem|p2a: Urshifu\n|-resisted|p2a: Urshifu\n|-damage|p2a: Urshifu|54\/100\n|\n|upkeep\n|turn|12\n|\n|t:|1698365155\n|move|p2a: Urshifu|Surging Strikes|p1a: Glimmora\n|-supereffective|p1a: Glimmora\n|-crit|p1a: Glimmora\n|-damage|p1a: Glimmora|53\/100\n|-activate|p1a: Glimmora|ability: Toxic Debris\n|-sidestart|p2: KaenSoul|move: Toxic Spikes\n|-supereffective|p1a: Glimmora\n|-crit|p1a: Glimmora\n|-damage|p1a: Glimmora|14\/100\n|-activate|p1a: Glimmora|ability: Toxic Debris\n|-sidestart|p2: KaenSoul|move: Toxic Spikes\n|-supereffective|p1a: Glimmora\n|-crit|p1a: Glimmora\n|-damage|p1a: Glimmora|0 fnt\n|faint|p1a: Glimmora\n|-hitcount|p1: Glimmora|3\n|\n|upkeep\n|\n|t:|1698365163\n|switch|p1a: Urshifu|Urshifu-Rapid-Strike, F|51\/100\n|turn|13\n|\n|t:|1698365171\n|move|p1a: Urshifu|Surging Strikes|p2a: Urshifu\n|-resisted|p2a: Urshifu\n|-crit|p2a: Urshifu\n|-damage|p2a: Urshifu|42\/100\n|-resisted|p2a: Urshifu\n|-crit|p2a: Urshifu\n|-damage|p2a: Urshifu|32\/100\n|-resisted|p2a: Urshifu\n|-crit|p2a: Urshifu\n|-damage|p2a: Urshifu|22\/100\n|-hitcount|p2a: Urshifu|3\n|move|p2a: Urshifu|Close Combat|p1a: Urshifu\n|-damage|p1a: Urshifu|7\/100\n|-unboost|p2a: Urshifu|def|1\n|-unboost|p2a: Urshifu|spd|1\n|\n|upkeep\n|turn|14\n|l|+Ataki\n|\n|t:|1698365179\n|switch|p2a: Corviknight|Corviknight, M|70\/100\n|-ability|p2a: Corviknight|Pressure\n|move|p1a: Urshifu|Surging Strikes|p2a: Corviknight\n|-crit|p2a: Corviknight\n|-damage|p2a: Corviknight|57\/100\n|-damage|p1a: Urshifu|0 fnt|[from] item: Rocky Helmet|[of] p2a: Corviknight\n|faint|p1a: Urshifu\n|-hitcount|p2a: Corviknight|1\n|\n|upkeep\n|\n|t:|1698365192\n|switch|p1a: Volcarona|Volcarona, M|100\/100\n|turn|15\n|\n|t:|1698365200\n|switch|p2a: Slowking|Slowking-Galar, F|100\/100\n|-sideend|p2: KaenSoul|move: Toxic Spikes|[of] p2a: Slowking\n|move|p1a: Volcarona|Quiver Dance|p1a: Volcarona\n|-boost|p1a: Volcarona|spa|1\n|-boost|p1a: Volcarona|spd|1\n|-boost|p1a: Volcarona|spe|1\n|\n|upkeep\n|turn|16\n|\n|t:|1698365205\n|move|p1a: Volcarona|Quiver Dance|p1a: Volcarona\n|-boost|p1a: Volcarona|spa|1\n|-boost|p1a: Volcarona|spd|1\n|-boost|p1a: Volcarona|spe|1\n|move|p2a: Slowking|Chilly Reception|p2a: Slowking\n|-weather|Snow\n|\n|t:|1698365209\n|switch|p2a: Tyranitar|Tyranitar, M|100\/100|[from] Chilly Reception\n|-weather|Sandstorm|[from] ability: Sand Stream|[of] p2a: Tyranitar\n|\n|-weather|Sandstorm|[upkeep]\n|-damage|p1a: Volcarona|94\/100|[from] Sandstorm\n|upkeep\n|turn|17\n|\n|t:|1698365213\n|move|p1a: Volcarona|Bug Buzz|p2a: Tyranitar\n|-supereffective|p2a: Tyranitar\n|-damage|p2a: Tyranitar|0 fnt\n|faint|p2a: Tyranitar\n|\n|-weather|Sandstorm|[upkeep]\n|-damage|p1a: Volcarona|88\/100|[from] Sandstorm\n|upkeep\n|\n|t:|1698365223\n|switch|p2a: Urshifu|Urshifu-Rapid-Strike, M|22\/100\n|turn|18\n|\n|t:|1698365226\n|move|p2a: Urshifu|Aqua Jet|p1a: Volcarona\n|-supereffective|p1a: Volcarona\n|-damage|p1a: Volcarona|27\/100\n|move|p1a: Volcarona|Giga Drain|p2a: Urshifu\n|-supereffective|p2a: Urshifu\n|-damage|p2a: Urshifu|0 fnt\n|-heal|p1a: Volcarona|39\/100|[from] drain|[of] p2a: Urshifu\n|faint|p2a: Urshifu\n|\n|-weather|Sandstorm|[upkeep]\n|-damage|p1a: Volcarona|33\/100|[from] Sandstorm\n|upkeep\n|\n|t:|1698365234\n|switch|p2a: Baxcalibur|Baxcalibur, F|100\/100\n|turn|19\n|\n|t:|1698365242\n|move|p1a: Volcarona|Bug Buzz|p2a: Baxcalibur\n|-damage|p2a: Baxcalibur|0 fnt\n|faint|p2a: Baxcalibur\n|\n|-weather|Sandstorm|[upkeep]\n|-damage|p1a: Volcarona|26\/100|[from] Sandstorm\n|upkeep\n|\n|t:|1698365249\n|switch|p2a: Slowking|Slowking-Galar, F|100\/100\n|turn|20\n|\n|t:|1698365255\n|move|p1a: Volcarona|Bug Buzz|p2a: Slowking\n|-damage|p2a: Slowking|16\/100\n|move|p2a: Slowking|Sludge Bomb|p1a: Volcarona\n|-damage|p1a: Volcarona|11\/100\n|\n|-weather|none\n|upkeep\n|turn|21\n|c|\u2606KaenSoul|gg\n|\n|t:|1698365263\n|move|p1a: Volcarona|Fiery Dance|p2a: Slowking\n|-damage|p2a: Slowking|0 fnt\n|-boost|p1a: Volcarona|spa|1\n|faint|p2a: Slowking\n|\n|upkeep\n|\n|t:|1698365266\n|switch|p2a: Gardevoir|Gardevoir, M|100\/100\n|-ability|p2a: Gardevoir|Flame Body|[from] ability: Trace|[of] p1a: Volcarona\n|turn|22\n|\n|t:|1698365272\n|move|p1a: Volcarona|Bug Buzz|p2a: Gardevoir\n|-crit|p2a: Gardevoir\n|-damage|p2a: Gardevoir|0 fnt\n|faint|p2a: Gardevoir\n|\n|upkeep\n|\n|t:|1698365275\n|switch|p2a: Corviknight|Corviknight, M|57\/100\n|-ability|p2a: Corviknight|Pressure\n|turn|23\n|j|+Ataki\n|c|\u2606adpg.alt|GG\n|\n|t:|1698365294\n|move|p1a: Volcarona|Fiery Dance|p2a: Corviknight\n|-supereffective|p2a: Corviknight\n|-damage|p2a: Corviknight|0 fnt\n|faint|p2a: Corviknight\n|\n|win|adpg.alt\n|n|\u2606adpg.alt|adpgalt\n|n|\u2606KaenSoul|kaensoul\n|n| Ataki|ataki\n|l|\u2606KaenSoul\n|l| Ataki\n","uploadtime":1698365295,"views":5,"p1id":"adpgalt","p2id":"kaensoul","formatid":"gen9anythinggoes","rating":0,"private":0,"password":""}