{"id":"gen9anythinggoes-1999289071","p1":"Xcf bd","p2":"cbreezy222","format":"[Gen 9] Anything Goes","log":"|j|\u2606Xcf bd\n|j|\u2606cbreezy222\n|t:|1701055563\n|gametype|singles\n|player|p1|Xcf bd|266|1113\n|player|p2|cbreezy222|170|1151\n|teamsize|p1|6\n|teamsize|p2|6\n|gen|9\n|tier|[Gen 9] Anything Goes\n|rated|\n|rule|HP Percentage Mod: HP is shown in percentages\n|rule|Endless Battle Clause: Forcing endless battles is banned\n|clearpoke\n|poke|p1|Calyrex-Shadow|\n|poke|p1|Groudon|\n|poke|p1|Kyogre|\n|poke|p1|Dragapult, F|\n|poke|p1|Maushold-Four|\n|poke|p1|Drifblim, F|\n|poke|p2|Darkrai|\n|poke|p2|Sylveon, F|\n|poke|p2|Gliscor, F|\n|poke|p2|Rayquaza|\n|poke|p2|Gyarados, F|\n|poke|p2|Volcarona, F|\n|teampreview\n|\n|t:|1701055576\n|start\n|switch|p1a: Drifblim|Drifblim, F|100\/100\n|switch|p2a: Darkrai|Darkrai|100\/100\n|turn|1\n|\n|t:|1701055583\n|move|p2a: Darkrai|Dark Pulse|p1a: Drifblim\n|-supereffective|p1a: Drifblim\n|-damage|p1a: Drifblim|24\/100\n|-enditem|p1a: Drifblim|Aguav Berry|[eat]\n|-heal|p1a: Drifblim|57\/100|[from] item: Aguav Berry\n|move|p1a: Drifblim|Minimize|p1a: Drifblim\n|-boost|p1a: Drifblim|evasion|2\n|\n|upkeep\n|turn|2\n|c|\u2606cbreezy222|every gay idiot tries this strat\n|\n|t:|1701055617\n|move|p2a: Darkrai|Haze|p2a: Darkrai\n|-clearallboost\n|move|p1a: Drifblim|Minimize|p1a: Drifblim\n|-boost|p1a: Drifblim|evasion|2\n|\n|upkeep\n|turn|3\n|\n|t:|1701055624\n|move|p2a: Darkrai|Haze|p2a: Darkrai\n|-clearallboost\n|move|p1a: Drifblim|Calm Mind|p1a: Drifblim\n|-boost|p1a: Drifblim|spa|1\n|-boost|p1a: Drifblim|spd|1\n|\n|upkeep\n|turn|4\n|\n|t:|1701055631\n|move|p2a: Darkrai|Haze|p2a: Darkrai\n|-clearallboost\n|move|p1a: Drifblim|Acrobatics|p2a: Darkrai\n|-damage|p2a: Darkrai|68\/100\n|\n|-heal|p2a: Darkrai|75\/100|[from] item: Leftovers\n|upkeep\n|turn|5\n|\n|t:|1701055638\n|move|p2a: Darkrai|Dark Pulse|p1a: Drifblim\n|-supereffective|p1a: Drifblim\n|-crit|p1a: Drifblim\n|-damage|p1a: Drifblim|0 fnt\n|faint|p1a: Drifblim\n|\n|-heal|p2a: Darkrai|81\/100|[from] item: Leftovers\n|upkeep\n|\n|t:|1701055645\n|switch|p1a: Maushold|Maushold-Four|100\/100\n|turn|6\n|\n|t:|1701055650\n|switch|p2a: Gliscor|Gliscor, F|100\/100\n|move|p1a: Maushold|Population Bomb|p2a: Gliscor\n|-damage|p2a: Gliscor|95\/100\n|-damage|p2a: Gliscor|89\/100\n|-damage|p2a: Gliscor|83\/100\n|-damage|p2a: Gliscor|77\/100\n|-damage|p2a: Gliscor|71\/100\n|-hitcount|p2a: Gliscor|5\n|\n|-status|p2a: Gliscor|tox|[from] item: Toxic Orb\n|upkeep\n|turn|7\n|\n|t:|1701055662\n|move|p1a: Maushold|Play Rough|p2a: Gliscor\n|-damage|p2a: Gliscor|55\/100 tox\n|move|p2a: Gliscor|Toxic|p1a: Maushold\n|-status|p1a: Maushold|tox\n|\n|-damage|p1a: Maushold|94\/100 tox|[from] psn\n|-heal|p2a: Gliscor|67\/100 tox|[from] ability: Poison Heal\n|upkeep\n|turn|8\n|\n|t:|1701055671\n|move|p1a: Maushold|Grass Knot|p2a: Gliscor\n|-damage|p2a: Gliscor|56\/100 tox\n|move|p2a: Gliscor|Facade|p1a: Maushold\n|-damage|p1a: Maushold|46\/100 tox\n|\n|-damage|p1a: Maushold|34\/100 tox|[from] psn\n|-heal|p2a: Gliscor|68\/100 tox|[from] ability: Poison Heal\n|upkeep\n|turn|9\n|\n|t:|1701055680\n|move|p1a: Maushold|Chilling Water|p2a: Gliscor\n|-supereffective|p2a: Gliscor\n|-damage|p2a: Gliscor|48\/100 tox\n|-unboost|p2a: Gliscor|atk|1\n|move|p2a: Gliscor|Facade|p1a: Maushold\n|-damage|p1a: Maushold|3\/100 tox\n|-enditem|p1a: Maushold|Aguav Berry|[eat]\n|-heal|p1a: Maushold|37\/100 tox|[from] item: Aguav Berry\n|-heal|p1a: Maushold|70\/100 tox|[from] ability: Cheek Pouch\n|\n|-damage|p1a: Maushold|52\/100 tox|[from] psn\n|-heal|p2a: Gliscor|60\/100 tox|[from] ability: Poison Heal\n|upkeep\n|turn|10\n|\n|t:|1701055694\n|move|p1a: Maushold|Population Bomb|p2a: Gliscor\n|-damage|p2a: Gliscor|54\/100 tox\n|-damage|p2a: Gliscor|49\/100 tox\n|-damage|p2a: Gliscor|43\/100 tox\n|-damage|p2a: Gliscor|38\/100 tox\n|-damage|p2a: Gliscor|32\/100 tox\n|-damage|p2a: Gliscor|26\/100 tox\n|-damage|p2a: Gliscor|21\/100 tox\n|-damage|p2a: Gliscor|15\/100 tox\n|-damage|p2a: Gliscor|8\/100 tox\n|-damage|p2a: Gliscor|3\/100 tox\n|-hitcount|p2a: Gliscor|10\n|move|p2a: Gliscor|Facade|p1a: Maushold\n|-damage|p1a: Maushold|18\/100 tox\n|\n|-damage|p1a: Maushold|0 fnt|[from] psn\n|faint|p1a: Maushold\n|-heal|p2a: Gliscor|15\/100 tox|[from] ability: Poison Heal\n|upkeep\n|\n|t:|1701055715\n|switch|p1a: Groudon|Groudon|100\/100\n|-weather|SunnyDay|[from] ability: Drought|[of] p1a: Groudon\n|turn|11\n|\n|t:|1701055720\n|switch|p2a: Gyarados|Gyarados, F|100\/100\n|-ability|p2a: Gyarados|Intimidate|boost\n|-unboost|p1a: Groudon|atk|1\n|move|p1a: Groudon|Ancient Power|p2a: Gyarados\n|-supereffective|p2a: Gyarados\n|-damage|p2a: Gyarados|74\/100\n|\n|-weather|SunnyDay|[upkeep]\n|-heal|p2a: Gyarados|80\/100|[from] item: Leftovers\n|upkeep\n|turn|12\n|\n|t:|1701055732\n|move|p1a: Groudon|Dragon Pulse|p2a: Gyarados\n|-damage|p2a: Gyarados|62\/100\n|move|p2a: Gyarados|Dragon Dance|p2a: Gyarados\n|-boost|p2a: Gyarados|atk|1\n|-boost|p2a: Gyarados|spe|1\n|\n|-weather|SunnyDay|[upkeep]\n|-heal|p2a: Gyarados|68\/100|[from] item: Leftovers\n|upkeep\n|turn|13\n|\n|t:|1701055739\n|move|p2a: Gyarados|Dragon Dance|p2a: Gyarados\n|-boost|p2a: Gyarados|atk|1\n|-boost|p2a: Gyarados|spe|1\n|move|p1a: Groudon|Ancient Power|p2a: Gyarados\n|-supereffective|p2a: Gyarados\n|-damage|p2a: Gyarados|43\/100\n|-boost|p1a: Groudon|atk|1\n|-boost|p1a: Groudon|def|1\n|-boost|p1a: Groudon|spa|1\n|-boost|p1a: Groudon|spd|1\n|-boost|p1a: Groudon|spe|1\n|\n|-weather|SunnyDay|[upkeep]\n|-heal|p2a: Gyarados|49\/100|[from] item: Leftovers\n|upkeep\n|turn|14\n|\n|t:|1701055750\n|move|p2a: Gyarados|Earthquake|p1a: Groudon\n|-damage|p1a: Groudon|76\/100\n|move|p1a: Groudon|Ancient Power|p2a: Gyarados\n|-supereffective|p2a: Gyarados\n|-damage|p2a: Gyarados|11\/100\n|\n|-weather|SunnyDay|[upkeep]\n|-heal|p2a: Gyarados|17\/100|[from] item: Leftovers\n|upkeep\n|turn|15\n|\n|t:|1701055760\n|move|p2a: Gyarados|Lash Out|p1a: Groudon\n|-damage|p1a: Groudon|55\/100\n|move|p1a: Groudon|Dragon Pulse|p2a: Gyarados\n|-damage|p2a: Gyarados|0 fnt\n|faint|p2a: Gyarados\n|\n|-weather|none\n|upkeep\n|\n|t:|1701055773\n|switch|p2a: Darkrai|Darkrai|81\/100\n|turn|16\n|\n|t:|1701055778\n|move|p1a: Groudon|Dragon Pulse|p2a: Darkrai\n|-damage|p2a: Darkrai|42\/100\n|move|p2a: Darkrai|Haze|p2a: Darkrai\n|-clearallboost\n|\n|-heal|p2a: Darkrai|48\/100|[from] item: Leftovers\n|upkeep\n|turn|17\n|\n|t:|1701055790\n|move|p2a: Darkrai|Dark Pulse|p1a: Groudon\n|-damage|p1a: Groudon|19\/100\n|-enditem|p1a: Groudon|Mago Berry|[eat]\n|-heal|p1a: Groudon|52\/100|[from] item: Mago Berry\n|move|p1a: Groudon|Dragon Pulse|p2a: Darkrai\n|-damage|p2a: Darkrai|24\/100\n|\n|-heal|p2a: Darkrai|30\/100|[from] item: Leftovers\n|upkeep\n|turn|18\n|\n|t:|1701055800\n|move|p2a: Darkrai|Dark Pulse|p1a: Groudon\n|-damage|p1a: Groudon|13\/100\n|move|p1a: Groudon|Ancient Power|p2a: Darkrai\n|-damage|p2a: Darkrai|10\/100\n|\n|-heal|p2a: Darkrai|16\/100|[from] item: Leftovers\n|upkeep\n|turn|19\n|\n|t:|1701055807\n|move|p2a: Darkrai|Dark Pulse|p1a: Groudon\n|-damage|p1a: Groudon|0 fnt\n|faint|p1a: Groudon\n|\n|-heal|p2a: Darkrai|23\/100|[from] item: Leftovers\n|upkeep\n|\n|t:|1701055814\n|switch|p1a: Dragapult|Dragapult, F|100\/100\n|turn|20\n|\n|t:|1701055820\n|switch|p2a: Sylveon|Sylveon, F|100\/100\n|move|p1a: Dragapult|Dragon Darts|p2a: Sylveon\n|-immune|p2a: Sylveon\n|\n|upkeep\n|turn|21\n|\n|t:|1701055826\n|move|p1a: Dragapult|Thunderbolt|p2a: Sylveon\n|-damage|p2a: Sylveon|86\/100\n|move|p2a: Sylveon|Dazzling Gleam|p1a: Dragapult\n|-supereffective|p1a: Dragapult\n|-crit|p1a: Dragapult\n|-damage|p1a: Dragapult|8\/100\n|-enditem|p1a: Dragapult|Aguav Berry|[eat]\n|-heal|p1a: Dragapult|41\/100|[from] item: Aguav Berry\n|\n|-heal|p2a: Sylveon|92\/100|[from] item: Leftovers\n|upkeep\n|turn|22\n|\n|t:|1701055838\n|move|p1a: Dragapult|Thunderbolt|p2a: Sylveon\n|-damage|p2a: Sylveon|77\/100\n|-status|p2a: Sylveon|par\n|move|p2a: Sylveon|Dazzling Gleam|p1a: Dragapult\n|-supereffective|p1a: Dragapult\n|-damage|p1a: Dragapult|0 fnt\n|faint|p1a: Dragapult\n|\n|-heal|p2a: Sylveon|83\/100 par|[from] item: Leftovers\n|upkeep\n|\n|t:|1701055847\n|switch|p1a: Calyrex|Calyrex-Shadow|100\/100\n|-ability|p1a: Calyrex|As One\n|-ability|p1a: Calyrex|Unnerve\n|turn|23\n|\n|t:|1701055871\n|move|p1a: Calyrex|Stored Power|p2a: Sylveon\n|-damage|p2a: Sylveon|76\/100 par\n|cant|p2a: Sylveon|par\n|\n|-heal|p2a: Sylveon|82\/100 par|[from] item: Leftovers\n|upkeep\n|turn|24\n|\n|t:|1701055879\n|move|p1a: Calyrex|Astral Barrage|p2a: Sylveon\n|-damage|p2a: Sylveon|33\/100 par\n|move|p2a: Sylveon|Light Screen|p2a: Sylveon\n|-sidestart|p2: cbreezy222|move: Light Screen\n|\n|-heal|p2a: Sylveon|40\/100 par|[from] item: Leftovers\n|upkeep\n|turn|25\n|\n|t:|1701055887\n|move|p1a: Calyrex|Astral Barrage|p2a: Sylveon\n|-damage|p2a: Sylveon|17\/100 par\n|move|p2a: Sylveon|Wish|p2a: Sylveon\n|\n|-heal|p2a: Sylveon|23\/100 par|[from] item: Leftovers\n|upkeep\n|turn|26\n|\n|t:|1701055903\n|switch|p2a: Volcarona|Volcarona, F|100\/100\n|move|p1a: Calyrex|Astral Barrage|p2a: Volcarona\n|-damage|p2a: Volcarona|68\/100\n|\n|-heal|p2a: Volcarona|100\/100|[from] move: Wish|[wisher] Sylveon\n|upkeep\n|turn|27\n|\n|t:|1701055914\n|move|p1a: Calyrex|Stored Power|p2a: Volcarona\n|-damage|p2a: Volcarona|96\/100\n|move|p2a: Volcarona|Quiver Dance|p2a: Volcarona\n|-boost|p2a: Volcarona|spa|1\n|-boost|p2a: Volcarona|spd|1\n|-boost|p2a: Volcarona|spe|1\n|\n|-heal|p2a: Volcarona|100\/100|[from] item: Leftovers\n|upkeep\n|turn|28\n|\n|t:|1701055923\n|move|p1a: Calyrex|Calm Mind|p1a: Calyrex\n|-boost|p1a: Calyrex|spa|1\n|-boost|p1a: Calyrex|spd|1\n|move|p2a: Volcarona|Fiery Dance|p1a: Calyrex\n|-damage|p1a: Calyrex|68\/100\n|-boost|p2a: Volcarona|spa|1\n|\n|-sideend|p2: cbreezy222|move: Light Screen\n|upkeep\n|turn|29\n|\n|t:|1701055931\n|move|p1a: Calyrex|Calm Mind|p1a: Calyrex\n|-boost|p1a: Calyrex|spa|1\n|-boost|p1a: Calyrex|spd|1\n|move|p2a: Volcarona|Whirlwind|p1a: Calyrex\n|drag|p1a: Kyogre|Kyogre|100\/100\n|-weather|RainDance|[from] ability: Drizzle|[of] p1a: Kyogre\n|\n|-weather|RainDance|[upkeep]\n|upkeep\n|turn|30\n|\n|t:|1701055940\n|move|p2a: Volcarona|Giga Drain|p1a: Kyogre\n|-supereffective|p1a: Kyogre\n|-damage|p1a: Kyogre|31\/100\n|move|p1a: Kyogre|Blizzard|p2a: Volcarona\n|-resisted|p2a: Volcarona\n|-damage|p2a: Volcarona|90\/100\n|\n|-weather|RainDance|[upkeep]\n|-heal|p2a: Volcarona|96\/100|[from] item: Leftovers\n|upkeep\n|turn|31\n|\n|t:|1701055949\n|move|p2a: Volcarona|Giga Drain|p1a: Kyogre\n|-supereffective|p1a: Kyogre\n|-damage|p1a: Kyogre|0 fnt\n|-heal|p2a: Volcarona|100\/100|[from] drain|[of] p1a: Kyogre\n|faint|p1a: Kyogre\n|\n|-weather|RainDance|[upkeep]\n|upkeep\n|\n|t:|1701055955\n|switch|p1a: Calyrex|Calyrex-Shadow|68\/100\n|-ability|p1a: Calyrex|As One\n|-ability|p1a: Calyrex|Unnerve\n|turn|32\n|\n|t:|1701055962\n|move|p1a: Calyrex|Astral Barrage|p2a: Volcarona\n|-damage|p2a: Volcarona|60\/100\n|move|p2a: Volcarona|Fiery Dance|p1a: Calyrex\n|-damage|p1a: Calyrex|32\/100\n|\n|-weather|RainDance|[upkeep]\n|-heal|p2a: Volcarona|66\/100|[from] item: Leftovers\n|upkeep\n|turn|33\n|\n|t:|1701055973\n|move|p1a: Calyrex|Calm Mind|p1a: Calyrex\n|-boost|p1a: Calyrex|spa|1\n|-boost|p1a: Calyrex|spd|1\n|move|p2a: Volcarona|Giga Drain|p1a: Calyrex\n|-damage|p1a: Calyrex|3\/100\n|-heal|p2a: Volcarona|82\/100|[from] drain|[of] p1a: Calyrex\n|\n|-weather|none\n|-heal|p2a: Volcarona|88\/100|[from] item: Leftovers\n|upkeep\n|turn|34\n|\n|t:|1701055982\n|move|p1a: Calyrex|Astral Barrage|p2a: Volcarona\n|-damage|p2a: Volcarona|27\/100\n|move|p2a: Volcarona|Giga Drain|p1a: Calyrex\n|-damage|p1a: Calyrex|0 fnt\n|-heal|p2a: Volcarona|28\/100|[from] drain|[of] p1a: Calyrex\n|faint|p1a: Calyrex\n|\n|win|cbreezy222\n|raw|Xcf bd's rating: 1113 &rarr; <strong>1091<\/strong><br \/>(-22 for losing)\n|raw|cbreezy222's rating: 1151 &rarr; <strong>1173<\/strong><br \/>(+22 for winning)\n","uploadtime":1701055615,"views":0,"p1id":"xcfbd","p2id":"cbreezy222","formatid":"gen9anythinggoes","rating":1091,"private":0,"password":""}