{"id":"gen9anythinggoes-1982809354","p1":"pigeon9","p2":"AyanManPlays yt","format":"[Gen 9] Anything Goes","log":"|j|\u2606pigeon9\n|j|\u2606AyanManPlays yt\n|t:|1699047016\n|gametype|singles\n|player|p1|pigeon9|acerola|1313\n|player|p2|AyanManPlays yt|alder|1394\n|teamsize|p1|6\n|teamsize|p2|6\n|gen|9\n|tier|[Gen 9] Anything Goes\n|rated|\n|rule|HP Percentage Mod: HP is shown in percentages\n|rule|Endless Battle Clause: Forcing endless battles is banned\n|clearpoke\n|poke|p1|Calyrex-Shadow|\n|poke|p1|Arceus-Dark|\n|poke|p1|Groudon|\n|poke|p1|Koraidon|\n|poke|p1|Miraidon|\n|poke|p1|Flutter Mane|\n|poke|p2|Espathra, F|\n|poke|p2|Magearna|\n|poke|p2|Drifblim, M|\n|poke|p2|Umbreon, M|\n|poke|p2|Mew|\n|poke|p2|Krookodile, M|\n|teampreview\n|inactive|Battle timer is ON: inactive players will automatically lose when time's up. (requested by pigeon9)\n|\n|t:|1699047026\n|start\n|switch|p1a: Arceus|Arceus-Dark|100\/100\n|switch|p2a: Drifblim|Drifblim, M|100\/100\n|turn|1\n|inactive|AyanManPlays yt has 120 seconds left.\n|\n|t:|1699047068\n|switch|p2a: Umbreon|Umbreon, M|100\/100\n|move|p1a: Arceus|Judgment|p2a: Umbreon\n|-resisted|p2a: Umbreon\n|-damage|p2a: Umbreon|88\/100\n|\n|-heal|p2a: Umbreon|94\/100|[from] item: Leftovers\n|upkeep\n|turn|2\n|\n|t:|1699047077\n|move|p1a: Arceus|Taunt|p2a: Umbreon\n|-start|p2a: Umbreon|move: Taunt\n|cant|p2a: Umbreon|move: Taunt|Thunder Wave\n|\n|-heal|p2a: Umbreon|100\/100|[from] item: Leftovers\n|upkeep\n|turn|3\n|inactive|AyanManPlays yt has 120 seconds left.\n|\n|t:|1699047086\n|switch|p1a: Koraidon|Koraidon|100\/100\n|-weather|SunnyDay|[from] ability: Orichalcum Pulse|[of] p1a: Koraidon\n|-activate|p1a: Koraidon|Orichalcum Pulse|[source]\n|switch|p2a: Magearna|Magearna|100\/100\n|\n|-weather|SunnyDay|[upkeep]\n|upkeep\n|turn|4\n|inactive|AyanManPlays yt has 120 seconds left.\n|\n|t:|1699047102\n|switch|p2a: Umbreon|Umbreon, M|100\/100\n|move|p1a: Koraidon|Flare Blitz|p2a: Umbreon\n|-damage|p2a: Umbreon|35\/100\n|-damage|p1a: Koraidon|76\/100|[from] Recoil\n|\n|-weather|SunnyDay|[upkeep]\n|-heal|p2a: Umbreon|41\/100|[from] item: Leftovers\n|upkeep\n|turn|5\n|inactive|AyanManPlays yt has 120 seconds left.\n|\n|t:|1699047118\n|switch|p2a: Mew|Mew|100\/100\n|move|p1a: Koraidon|Flare Blitz|p2a: Mew\n|-damage|p2a: Mew|33\/100\n|-damage|p1a: Koraidon|49\/100|[from] Recoil\n|\n|-weather|SunnyDay|[upkeep]\n|-heal|p2a: Mew|39\/100|[from] item: Leftovers\n|upkeep\n|turn|6\n|\n|t:|1699047127\n|move|p1a: Koraidon|Flare Blitz|p2a: Mew\n|-damage|p2a: Mew|0 fnt\n|faint|p2a: Mew\n|-damage|p1a: Koraidon|34\/100|[from] Recoil\n|\n|-weather|SunnyDay|[upkeep]\n|upkeep\n|\n|t:|1699047138\n|switch|p2a: Espathra|Espathra, F|100\/100\n|turn|7\n|\n|t:|1699047143\n|switch|p1a: Calyrex|Calyrex-Shadow|100\/100\n|-ability|p1a: Calyrex|As One\n|-ability|p1a: Calyrex|Unnerve\n|move|p2a: Espathra|Protect||[still]\n|-fail|p2a: Espathra\n|\n|-weather|none\n|-ability|p2a: Espathra|Speed Boost|boost\n|-boost|p2a: Espathra|spe|1\n|upkeep\n|turn|8\n|inactive|AyanManPlays yt has 120 seconds left.\n|\n|t:|1699047153\n|move|p1a: Calyrex|Astral Barrage|p2a: Espathra\n|-supereffective|p2a: Espathra\n|-crit|p2a: Espathra\n|-enditem|p2a: Espathra|Focus Sash\n|-damage|p2a: Espathra|1\/100\n|move|p2a: Espathra|Substitute|p2a: Espathra\n|-fail|p2a: Espathra|move: Substitute|[weak]\n|\n|-ability|p2a: Espathra|Speed Boost|boost\n|-boost|p2a: Espathra|spe|1\n|upkeep\n|turn|9\n|\n|t:|1699047169\n|switch|p1a: Arceus|Arceus-Dark|100\/100\n|move|p2a: Espathra|Protect||[still]\n|-fail|p2a: Espathra\n|\n|-ability|p2a: Espathra|Speed Boost|boost\n|-boost|p2a: Espathra|spe|1\n|upkeep\n|turn|10\n|\n|t:|1699047175\n|move|p2a: Espathra|Protect|p2a: Espathra\n|-singleturn|p2a: Espathra|Protect\n|move|p1a: Arceus|Judgment|p2a: Espathra\n|-activate|p2a: Espathra|move: Protect\n|\n|-ability|p2a: Espathra|Speed Boost|boost\n|-boost|p2a: Espathra|spe|1\n|upkeep\n|turn|11\n|\n|t:|1699047186\n|move|p2a: Espathra|Baton Pass|p2a: Espathra\n|\n|t:|1699047197\n|switch|p2a: Drifblim|Drifblim, M|100\/100|[from] Baton Pass\n|move|p1a: Arceus|Judgment|p2a: Drifblim\n|-supereffective|p2a: Drifblim\n|-damage|p2a: Drifblim|26\/100\n|\n|upkeep\n|turn|12\n|\n|t:|1699047208\n|move|p2a: Drifblim|Minimize|p2a: Drifblim\n|-boost|p2a: Drifblim|evasion|2\n|move|p1a: Arceus|Judgment|p2a: Drifblim|[miss]\n|-miss|p1a: Arceus|p2a: Drifblim\n|\n|upkeep\n|turn|13\n|\n|t:|1699047215\n|move|p2a: Drifblim|Minimize|p2a: Drifblim\n|-boost|p2a: Drifblim|evasion|2\n|move|p1a: Arceus|Taunt|p2a: Drifblim|[miss]\n|-miss|p1a: Arceus|p2a: Drifblim\n|\n|upkeep\n|turn|14\n|\n|t:|1699047220\n|move|p2a: Drifblim|Substitute|p2a: Drifblim\n|-start|p2a: Drifblim|Substitute\n|-damage|p2a: Drifblim|1\/100\n|move|p1a: Arceus|Judgment|p2a: Drifblim|[miss]\n|-miss|p1a: Arceus|p2a: Drifblim\n|\n|upkeep\n|turn|15\n|\n|t:|1699047227\n|move|p2a: Drifblim|Minimize|p2a: Drifblim\n|-boost|p2a: Drifblim|evasion|2\n|move|p1a: Arceus|Judgment|p2a: Drifblim|[miss]\n|-miss|p1a: Arceus|p2a: Drifblim\n|\n|upkeep\n|turn|16\n|\n|t:|1699047234\n|move|p2a: Drifblim|Thunder Wave|p1a: Arceus\n|-status|p1a: Arceus|par\n|move|p1a: Arceus|Judgment|p2a: Drifblim|[miss]\n|-miss|p1a: Arceus|p2a: Drifblim\n|\n|upkeep\n|turn|17\n|\n|t:|1699047239\n|move|p2a: Drifblim|Baton Pass|p2a: Drifblim\n|\n|t:|1699047249\n|switch|p2a: Magearna|Magearna|100\/100|[from] Baton Pass\n|move|p1a: Arceus|Judgment|p2a: Magearna|[miss]\n|-miss|p1a: Arceus|p2a: Magearna\n|\n|upkeep\n|turn|18\n|\n|t:|1699047269\n|move|p2a: Magearna|Shift Gear|p2a: Magearna\n|-boost|p2a: Magearna|spe|2\n|-boost|p2a: Magearna|atk|1\n|move|p1a: Arceus|Judgment|p2a: Magearna|[miss]\n|-miss|p1a: Arceus|p2a: Magearna\n|\n|upkeep\n|turn|19\n|\n|t:|1699047279\n|move|p2a: Magearna|Calm Mind|p2a: Magearna\n|-boost|p2a: Magearna|spa|1\n|-boost|p2a: Magearna|spd|1\n|cant|p1a: Arceus|par\n|\n|upkeep\n|turn|20\n|\n|t:|1699047284\n|move|p2a: Magearna|Calm Mind|p2a: Magearna\n|-boost|p2a: Magearna|spa|1\n|-boost|p2a: Magearna|spd|1\n|move|p1a: Arceus|Judgment|p2a: Magearna|[miss]\n|-miss|p1a: Arceus|p2a: Magearna\n|\n|upkeep\n|turn|21\n|\n|t:|1699047289\n|move|p2a: Magearna|Calm Mind|p2a: Magearna\n|-boost|p2a: Magearna|spa|1\n|-boost|p2a: Magearna|spd|1\n|move|p1a: Arceus|Judgment|p2a: Magearna|[miss]\n|-miss|p1a: Arceus|p2a: Magearna\n|\n|upkeep\n|turn|22\n|\n|t:|1699047294\n|move|p2a: Magearna|Calm Mind|p2a: Magearna\n|-boost|p2a: Magearna|spa|1\n|-boost|p2a: Magearna|spd|1\n|move|p1a: Arceus|Judgment|p2a: Magearna\n|-resisted|p2a: Magearna\n|-activate|p2a: Magearna|move: Substitute|[damage]\n|\n|upkeep\n|turn|23\n|\n|t:|1699047299\n|move|p2a: Magearna|Calm Mind|p2a: Magearna\n|-boost|p2a: Magearna|spa|1\n|-boost|p2a: Magearna|spd|1\n|move|p1a: Arceus|Judgment|p2a: Magearna\n|-resisted|p2a: Magearna\n|-activate|p2a: Magearna|move: Substitute|[damage]\n|\n|upkeep\n|turn|24\n|\n|t:|1699047306\n|move|p2a: Magearna|Calm Mind|p2a: Magearna\n|-boost|p2a: Magearna|spa|1\n|-boost|p2a: Magearna|spd|1\n|move|p1a: Arceus|Judgment|p2a: Magearna|[miss]\n|-miss|p1a: Arceus|p2a: Magearna\n|\n|upkeep\n|turn|25\n|\n|t:|1699047311\n|move|p2a: Magearna|Shift Gear|p2a: Magearna\n|-boost|p2a: Magearna|spe|0\n|-boost|p2a: Magearna|atk|1\n|move|p1a: Arceus|Judgment|p2a: Magearna|[miss]\n|-miss|p1a: Arceus|p2a: Magearna\n|\n|upkeep\n|turn|26\n|\n|t:|1699047316\n|move|p2a: Magearna|Shift Gear|p2a: Magearna\n|-boost|p2a: Magearna|spe|0\n|-boost|p2a: Magearna|atk|1\n|cant|p1a: Arceus|par\n|\n|upkeep\n|turn|27\n|\n|t:|1699047321\n|move|p2a: Magearna|Shift Gear|p2a: Magearna\n|-boost|p2a: Magearna|spe|0\n|-boost|p2a: Magearna|atk|1\n|move|p1a: Arceus|Judgment|p2a: Magearna|[miss]\n|-miss|p1a: Arceus|p2a: Magearna\n|\n|upkeep\n|turn|28\n|\n|t:|1699047327\n|move|p2a: Magearna|Shift Gear|p2a: Magearna\n|-boost|p2a: Magearna|spe|0\n|-boost|p2a: Magearna|atk|1\n|move|p1a: Arceus|Sludge Bomb|p2a: Magearna\n|-immune|p2a: Magearna\n|\n|upkeep\n|turn|29\n|\n|t:|1699047333\n|move|p2a: Magearna|Shift Gear|p2a: Magearna\n|-boost|p2a: Magearna|spe|0\n|-boost|p2a: Magearna|atk|1\n|move|p1a: Arceus|Sludge Bomb|p2a: Magearna\n|-immune|p2a: Magearna\n|\n|upkeep\n|turn|30\n|\n|t:|1699047347\n|move|p2a: Magearna|Baton Pass|p2a: Magearna\n|\n|t:|1699047372\n|switch|p2a: Krookodile|Krookodile, M|100\/100|[from] Baton Pass\n|move|p1a: Arceus|Sludge Bomb|p2a: Krookodile\n|-resisted|p2a: Krookodile\n|-activate|p2a: Krookodile|move: Substitute|[damage]\n|\n|upkeep\n|turn|31\n|\n|t:|1699047387\n|move|p2a: Krookodile|Power Trip|p1a: Arceus\n|-resisted|p1a: Arceus\n|-damage|p1a: Arceus|0 fnt\n|faint|p1a: Arceus\n|\n|upkeep\n|\n|t:|1699047392\n|switch|p1a: Koraidon|Koraidon|34\/100\n|-weather|SunnyDay|[from] ability: Orichalcum Pulse|[of] p1a: Koraidon\n|-activate|p1a: Koraidon|Orichalcum Pulse|[source]\n|turn|32\n|\n|t:|1699047395\n|move|p2a: Krookodile|Power Trip|p1a: Koraidon\n|-resisted|p1a: Koraidon\n|-damage|p1a: Koraidon|0 fnt\n|faint|p1a: Koraidon\n|\n|-weather|SunnyDay|[upkeep]\n|upkeep\n|\n|t:|1699047399\n|switch|p1a: Groudon|Groudon|100\/100\n|turn|33\n|\n|t:|1699047405\n|-terastallize|p1a: Groudon|Fire\n|move|p2a: Krookodile|Power Trip|p1a: Groudon\n|-damage|p1a: Groudon|0 fnt\n|faint|p1a: Groudon\n|\n|-weather|SunnyDay|[upkeep]\n|upkeep\n|\n|t:|1699047411\n|switch|p1a: Flutter Mane|Flutter Mane|100\/100\n|-activate|p1a: Flutter Mane|ability: Protosynthesis\n|-start|p1a: Flutter Mane|protosynthesisspe\n|turn|34\n|\n|t:|1699047416\n|move|p2a: Krookodile|Power Trip|p1a: Flutter Mane\n|-damage|p1a: Flutter Mane|0 fnt\n|faint|p1a: Flutter Mane\n|-end|p1a: Flutter Mane|Protosynthesis|[silent]\n|\n|-weather|SunnyDay|[upkeep]\n|upkeep\n|\n|t:|1699047419\n|switch|p1a: Miraidon|Miraidon|100\/100\n|-fieldstart|move: Electric Terrain|[from] ability: Hadron Engine|[of] p1a: Miraidon\n|turn|35\n|\n|t:|1699047424\n|move|p2a: Krookodile|Power Trip|p1a: Miraidon\n|-damage|p1a: Miraidon|0 fnt\n|faint|p1a: Miraidon\n|\n|-weather|SunnyDay|[upkeep]\n|upkeep\n|\n|t:|1699047426\n|switch|p1a: Calyrex|Calyrex-Shadow|100\/100\n|-ability|p1a: Calyrex|As One\n|-ability|p1a: Calyrex|Unnerve\n|turn|36\n|\n|t:|1699047442\n|-terastallize|p2a: Krookodile|Ground\n|move|p2a: Krookodile|Power Trip|p1a: Calyrex\n|-supereffective|p1a: Calyrex\n|-damage|p1a: Calyrex|0 fnt\n|faint|p1a: Calyrex\n|\n|win|AyanManPlays yt\n|raw|pigeon9's rating: 1313 &rarr; <strong>1298<\/strong><br \/>(-15 for losing)\n|raw|AyanManPlays yt's rating: 1394 &rarr; <strong>1409<\/strong><br \/>(+15 for winning)\n|l|\u2606pigeon9\n","uploadtime":1699047450,"views":17,"p1id":"pigeon9","p2id":"ayanmanplaysyt","formatid":"gen9anythinggoes","rating":1298,"private":0,"password":""}