{"id":"gen9anythinggoes-1991282267","p1":"LPtiDim","p2":"milesforhire","format":"[Gen 9] Anything Goes","log":"|j|\u2606LPtiDim\n|j|\u2606milesforhire\n|t:|1700064050\n|gametype|singles\n|player|p1|LPtiDim|alder|1150\n|player|p2|milesforhire|rosa-masters2|1311\n|teamsize|p1|6\n|teamsize|p2|6\n|gen|9\n|tier|[Gen 9] Anything Goes\n|rated|\n|rule|HP Percentage Mod: HP is shown in percentages\n|rule|Endless Battle Clause: Forcing endless battles is banned\n|clearpoke\n|poke|p1|Landorus-Therian, M|\n|poke|p1|Great Tusk|\n|poke|p1|Gliscor, M|\n|poke|p1|Clodsire, M|\n|poke|p1|Ursaluna, F|\n|poke|p1|Groudon|\n|poke|p2|Gothitelle, F|\n|poke|p2|Skeledirge, M|\n|poke|p2|Froslass, F|\n|poke|p2|Iron Valiant|\n|poke|p2|Miraidon|\n|poke|p2|Alomomola, F|\n|teampreview\n|\n|t:|1700064059\n|start\n|switch|p1a: Clodsire|Clodsire, M|100\/100\n|switch|p2a: Tomie|Froslass, F, shiny|100\/100\n|turn|1\n|\n|t:|1700064066\n|move|p2a: Tomie|Spikes|p1a: Clodsire\n|-sidestart|p1: LPtiDim|Spikes\n|move|p1a: Clodsire|Stealth Rock|p2a: Tomie\n|-sidestart|p2: milesforhire|move: Stealth Rock\n|\n|upkeep\n|turn|2\n|\n|t:|1700064070\n|move|p2a: Tomie|Spikes|p1a: Clodsire\n|-sidestart|p1: LPtiDim|Spikes\n|move|p1a: Clodsire|Toxic Spikes|p2a: Tomie\n|-sidestart|p2: milesforhire|move: Toxic Spikes\n|\n|upkeep\n|turn|3\n|\n|t:|1700064075\n|move|p2a: Tomie|Spikes|p1a: Clodsire\n|-sidestart|p1: LPtiDim|Spikes\n|move|p1a: Clodsire|Hydro Pump|p2a: Tomie\n|-damage|p2a: Tomie|65\/100\n|\n|upkeep\n|turn|4\n|\n|t:|1700064082\n|move|p2a: Tomie|Icy Wind|p1a: Clodsire\n|-supereffective|p1a: Clodsire\n|-damage|p1a: Clodsire|64\/100\n|-unboost|p1a: Clodsire|spe|1\n|move|p1a: Clodsire|Hydro Pump|p2a: Tomie\n|-damage|p2a: Tomie|32\/100\n|\n|upkeep\n|turn|5\n|\n|t:|1700064089\n|move|p2a: Tomie|Icy Wind|p1a: Clodsire\n|-supereffective|p1a: Clodsire\n|-damage|p1a: Clodsire|29\/100\n|-unboost|p1a: Clodsire|spe|1\n|move|p1a: Clodsire|Hydro Pump|p2a: Tomie\n|-damage|p2a: Tomie|0 fnt\n|faint|p2a: Tomie\n|\n|upkeep\n|\n|t:|1700064100\n|switch|p2a: Downshift|Miraidon|100\/100\n|-damage|p2a: Downshift|88\/100|[from] Stealth Rock\n|-status|p2a: Downshift|psn\n|-fieldstart|move: Electric Terrain|[from] ability: Hadron Engine|[of] p2a: Downshift\n|turn|6\n|\n|t:|1700064111\n|move|p2a: Downshift|U-turn|p1a: Clodsire\n|-resisted|p1a: Clodsire\n|-damage|p1a: Clodsire|24\/100\n|\n|t:|1700064114\n|switch|p2a: Chili|Skeledirge, M, shiny|100\/100|[from] U-turn\n|move|p1a: Clodsire|Hydro Pump|p2a: Chili\n|-supereffective|p2a: Chili\n|-damage|p2a: Chili|61\/100\n|\n|upkeep\n|turn|7\n|\n|t:|1700064122\n|move|p2a: Chili|Torch Song|p1a: Clodsire\n|-damage|p1a: Clodsire|0 fnt\n|-boost|p2a: Chili|spa|1\n|faint|p1a: Clodsire\n|\n|upkeep\n|\n|t:|1700064130\n|switch|p1a: Gliscor|Gliscor, M|100\/100\n|turn|8\n|\n|t:|1700064136\n|move|p1a: Gliscor|Knock Off|p2a: Chili\n|-supereffective|p2a: Chili\n|-damage|p2a: Chili|35\/100\n|-enditem|p2a: Chili|Heavy-Duty Boots|[from] move: Knock Off|[of] p1a: Gliscor\n|move|p2a: Chili|Will-O-Wisp|p1a: Gliscor\n|-status|p1a: Gliscor|brn\n|\n|-damage|p1a: Gliscor|94\/100 brn|[from] brn\n|upkeep\n|turn|9\n|\n|t:|1700064147\n|move|p1a: Gliscor|Facade|p2a: Chili\n|-immune|p2a: Chili\n|move|p2a: Chili|Slack Off|p2a: Chili\n|-heal|p2a: Chili|85\/100\n|\n|-damage|p1a: Gliscor|88\/100 brn|[from] brn\n|upkeep\n|turn|10\n|\n|t:|1700064155\n|move|p1a: Gliscor|Toxic|p2a: Chili\n|-status|p2a: Chili|tox\n|move|p2a: Chili|Torch Song|p1a: Gliscor\n|-damage|p1a: Gliscor|41\/100 brn\n|-boost|p2a: Chili|spa|1\n|\n|-damage|p2a: Chili|79\/100 tox|[from] psn\n|-damage|p1a: Gliscor|35\/100 brn|[from] brn\n|-fieldend|move: Electric Terrain\n|upkeep\n|turn|11\n|\n|t:|1700064165\n|move|p1a: Gliscor|U-turn|p2a: Chili\n|-resisted|p2a: Chili\n|-damage|p2a: Chili|78\/100 tox\n|\n|t:|1700064169\n|switch|p1a: Landorus|Landorus-Therian, M|100\/100|[from] U-turn\n|-ability|p1a: Landorus|Intimidate|boost\n|-unboost|p2a: Chili|atk|1\n|move|p2a: Chili|Torch Song|p1a: Landorus\n|-crit|p1a: Landorus\n|-damage|p1a: Landorus|31\/100\n|-boost|p2a: Chili|spa|1\n|-enditem|p1a: Landorus|Sitrus Berry|[eat]\n|-heal|p1a: Landorus|55\/100|[from] item: Sitrus Berry\n|\n|-damage|p2a: Chili|66\/100 tox|[from] psn\n|upkeep\n|turn|12\n|\n|t:|1700064183\n|move|p1a: Landorus|Earthquake|p2a: Chili\n|-supereffective|p2a: Chili\n|-damage|p2a: Chili|17\/100 tox\n|move|p2a: Chili|Torch Song|p1a: Landorus\n|-damage|p1a: Landorus|0 fnt\n|-boost|p2a: Chili|spa|1\n|faint|p1a: Landorus\n|\n|-damage|p2a: Chili|0 fnt|[from] psn\n|faint|p2a: Chili\n|upkeep\n|\n|t:|1700064196\n|switch|p1a: Gliscor|Gliscor, M|35\/100 brn\n|switch|p2a: Celeste|Gothitelle, F, shiny|100\/100\n|-damage|p2a: Celeste|88\/100|[from] Stealth Rock\n|-status|p2a: Celeste|psn\n|turn|13\n|\n|t:|1700064215\n|move|p1a: Gliscor|Knock Off|p2a: Celeste\n|-supereffective|p2a: Celeste\n|-damage|p2a: Celeste|62\/100 psn\n|-enditem|p2a: Celeste|Choice Specs|[from] move: Knock Off|[of] p1a: Gliscor\n|move|p2a: Celeste|Psyshock|p1a: Gliscor\n|-damage|p1a: Gliscor|0 fnt\n|faint|p1a: Gliscor\n|\n|-damage|p2a: Celeste|49\/100 psn|[from] psn\n|upkeep\n|\n|t:|1700064226\n|switch|p1a: Ursaluna|Ursaluna, F|100\/100\n|-damage|p1a: Ursaluna|76\/100|[from] Spikes\n|turn|14\n|\n|t:|1700064232\n|-terastallize|p2a: Celeste|Grass\n|move|p2a: Celeste|Grass Knot|p1a: Ursaluna\n|-supereffective|p1a: Ursaluna\n|-damage|p1a: Ursaluna|0 fnt\n|faint|p1a: Ursaluna\n|\n|-damage|p2a: Celeste|37\/100 psn|[from] psn\n|upkeep\n|\n|t:|1700064243\n|switch|p1a: Groudon|Groudon|100\/100\n|-damage|p1a: Groudon|76\/100|[from] Spikes\n|-weather|SunnyDay|[from] ability: Drought|[of] p1a: Groudon\n|turn|15\n|\n|t:|1700064252\n|move|p1a: Groudon|Solar Beam||[still]\n|-prepare|p1a: Groudon|Solar Beam\n|-anim|p1a: Groudon|Solar Beam|p2a: Celeste\n|-resisted|p2a: Celeste\n|-damage|p2a: Celeste|20\/100 psn\n|move|p2a: Celeste|Grass Knot|p1a: Groudon\n|-supereffective|p1a: Groudon\n|-damage|p1a: Groudon|0 fnt\n|faint|p1a: Groudon\n|\n|-weather|SunnyDay|[upkeep]\n|-damage|p2a: Celeste|8\/100 psn|[from] psn\n|upkeep\n|\n|t:|1700064261\n|switch|p1a: Great Tusk|Great Tusk|100\/100\n|-activate|p1a: Great Tusk|ability: Protosynthesis\n|-start|p1a: Great Tusk|protosynthesisatk\n|turn|16\n|\n|t:|1700064268\n|move|p1a: Great Tusk|Megahorn|p2a: Celeste|[miss]\n|-miss|p1a: Great Tusk|p2a: Celeste\n|move|p2a: Celeste|Grass Knot|p1a: Great Tusk\n|-supereffective|p1a: Great Tusk\n|-damage|p1a: Great Tusk|0 fnt\n|faint|p1a: Great Tusk\n|-end|p1a: Great Tusk|Protosynthesis|[silent]\n|\n|win|milesforhire\n|raw|LPtiDim's rating: 1150 &rarr; <strong>1136<\/strong><br \/>(-14 for losing)\n|raw|milesforhire's rating: 1311 &rarr; <strong>1322<\/strong><br \/>(+11 for winning)\n|c|\u2606milesforhire|gg\n|l|\u2606LPtiDim\n","uploadtime":1700064316,"views":5,"p1id":"lptidim","p2id":"milesforhire","formatid":"gen9anythinggoes","rating":1136,"private":0,"password":""}