{"id":"gen9anythinggoes-1997700861","p1":"StellarMudkip","p2":"Mr Armstead","format":"[Gen 9] Anything Goes","log":"|j|\u2606StellarMudkip\n|j|\u2606Mr Armstead\n|t:|1700843331\n|gametype|singles\n|player|p1|StellarMudkip|roark|1075\n|player|p2|Mr Armstead|170|1126\n|teamsize|p1|6\n|teamsize|p2|6\n|gen|9\n|tier|[Gen 9] Anything Goes\n|rated|\n|rule|HP Percentage Mod: HP is shown in percentages\n|rule|Endless Battle Clause: Forcing endless battles is banned\n|clearpoke\n|poke|p1|Electrode|\n|poke|p1|Electrode|\n|poke|p1|Electrode|\n|poke|p1|Electrode|\n|poke|p1|Electrode|\n|poke|p1|Kingambit, M|\n|poke|p2|Maushold-Four|\n|poke|p2|Flutter Mane|\n|poke|p2|Miraidon|\n|poke|p2|Rabsca, M|\n|poke|p2|Garganacl, F|\n|poke|p2|Houndstone, M|\n|teampreview\n|inactive|Battle timer is ON: inactive players will automatically lose when time's up. (requested by StellarMudkip)\n|\n|t:|1700843341\n|start\n|switch|p1a: Electrode|Electrode, shiny|100\/100\n|switch|p2a: Flutter Mane|Flutter Mane, shiny|100\/100\n|turn|1\n|\n|t:|1700843346\n|move|p2a: Flutter Mane|Moonblast|p1a: Electrode\n|-damage|p1a: Electrode|0 fnt\n|faint|p1a: Electrode\n|-damage|p2a: Flutter Mane|91\/100|[from] item: Life Orb\n|\n|upkeep\n|\n|t:|1700843351\n|switch|p1a: Electrode|Electrode, shiny|100\/100\n|turn|2\n|\n|t:|1700843354\n|move|p2a: Flutter Mane|Moonblast|p1a: Electrode\n|-damage|p1a: Electrode|0 fnt\n|faint|p1a: Electrode\n|-damage|p2a: Flutter Mane|81\/100|[from] item: Life Orb\n|\n|upkeep\n|\n|t:|1700843360\n|switch|p1a: Electrode|Electrode, shiny|100\/100\n|turn|3\n|\n|t:|1700843363\n|move|p2a: Flutter Mane|Moonblast|p1a: Electrode\n|-damage|p1a: Electrode|2\/100\n|-unboost|p1a: Electrode|spa|1\n|-damage|p2a: Flutter Mane|71\/100|[from] item: Life Orb\n|move|p1a: Electrode|Foul Play|p2a: Flutter Mane\n|-damage|p2a: Flutter Mane|50\/100\n|\n|upkeep\n|turn|4\n|\n|t:|1700843370\n|move|p2a: Flutter Mane|Moonblast|p1a: Electrode\n|-damage|p1a: Electrode|0 fnt\n|faint|p1a: Electrode\n|-damage|p2a: Flutter Mane|40\/100|[from] item: Life Orb\n|\n|upkeep\n|\n|t:|1700843376\n|switch|p1a: Electrode|Electrode, shiny|100\/100\n|turn|5\n|\n|t:|1700843378\n|move|p2a: Flutter Mane|Moonblast|p1a: Electrode\n|-damage|p1a: Electrode|2\/100\n|-unboost|p1a: Electrode|spa|1\n|-damage|p2a: Flutter Mane|30\/100|[from] item: Life Orb\n|move|p1a: Electrode|Wild Charge|p2a: Flutter Mane\n|-damage|p2a: Flutter Mane|0 fnt\n|faint|p2a: Flutter Mane\n|-end|p2a: Flutter Mane|Protosynthesis|[silent]\n|-damage|p1a: Electrode|0 fnt|[from] Recoil\n|faint|p1a: Electrode\n|\n|upkeep\n|\n|t:|1700843391\n|switch|p2a: SSSReplacement|Garganacl, F, shiny|100\/100\n|switch|p1a: Electrode|Electrode, shiny|100\/100\n|turn|6\n|\n|t:|1700843395\n|move|p1a: Electrode|Taunt|p2a: SSSReplacement\n|-start|p2a: SSSReplacement|move: Taunt\n|cant|p2a: SSSReplacement|move: Taunt|Iron Defense\n|\n|upkeep\n|turn|7\n|\n|t:|1700843400\n|move|p1a: Electrode|Foul Play|p2a: SSSReplacement\n|-damage|p2a: SSSReplacement|86\/100\n|move|p2a: SSSReplacement|Salt Cure|p1a: Electrode\n|-damage|p1a: Electrode|76\/100\n|-start|p1a: Electrode|Salt Cure\n|\n|-heal|p2a: SSSReplacement|92\/100|[from] item: Leftovers\n|-damage|p1a: Electrode|64\/100|[from] Salt Cure\n|upkeep\n|turn|8\n|\n|t:|1700843407\n|move|p1a: Electrode|Foul Play|p2a: SSSReplacement\n|-damage|p2a: SSSReplacement|76\/100\n|move|p2a: SSSReplacement|Body Press|p1a: Electrode\n|-damage|p1a: Electrode|22\/100\n|\n|-heal|p2a: SSSReplacement|82\/100|[from] item: Leftovers\n|-damage|p1a: Electrode|10\/100|[from] Salt Cure\n|-end|p2a: SSSReplacement|move: Taunt\n|upkeep\n|turn|9\n|\n|t:|1700843426\n|move|p1a: Electrode|Taunt|p2a: SSSReplacement\n|-start|p2a: SSSReplacement|move: Taunt\n|move|p2a: SSSReplacement|Body Press|p1a: Electrode\n|-damage|p1a: Electrode|0 fnt\n|-damage|p2a: SSSReplacement|57\/100|[from] ability: Aftermath|[of] p1a: Electrode\n|faint|p1a: Electrode\n|\n|-heal|p2a: SSSReplacement|64\/100|[from] item: Leftovers\n|upkeep\n|\n|t:|1700843434\n|switch|p1a: Kingambit|Kingambit, M|100\/100\n|-activate|p1a: Kingambit|ability: Supreme Overlord\n|-start|p1a: Kingambit|fallen5|[silent]\n|turn|10\n|\n|t:|1700843439\n|-terastallize|p1a: Kingambit|Electric\n|move|p1a: Kingambit|Iron Head|p2a: SSSReplacement\n|-supereffective|p2a: SSSReplacement\n|-damage|p2a: SSSReplacement|0 fnt\n|faint|p2a: SSSReplacement\n|\n|upkeep\n|\n|t:|1700843459\n|switch|p2a: DeMarco|Miraidon|100\/100\n|-fieldstart|move: Electric Terrain|[from] ability: Hadron Engine|[of] p2a: DeMarco\n|turn|11\n|\n|t:|1700843468\n|move|p2a: DeMarco|Dragon Pulse|p1a: Kingambit\n|-damage|p1a: Kingambit|32\/100\n|move|p1a: Kingambit|Iron Head|p2a: DeMarco\n|-resisted|p2a: DeMarco\n|-damage|p2a: DeMarco|71\/100\n|\n|upkeep\n|turn|12\n|-message|StellarMudkip forfeited.\n|\n|win|Mr Armstead\n|raw|StellarMudkip's rating: 1075 &rarr; <strong>1057<\/strong><br \/>(-18 for losing)\n|raw|Mr Armstead's rating: 1126 &rarr; <strong>1147<\/strong><br \/>(+21 for winning)\n|l|\u2606StellarMudkip\n","uploadtime":1700843477,"views":0,"p1id":"stellarmudkip","p2id":"mrarmstead","formatid":"gen9anythinggoes","rating":1057,"private":0,"password":""}