{"id":"gen9anythinggoes-1987712111","p1":"Cheikhlock Holmes","p2":"Strong Lea","format":"[Gen 9] Anything Goes","log":"|j|\u2606Cheikhlock Holmes\n|j|\u2606Strong Lea\n|t:|1699630014\n|gametype|singles\n|player|p1|Cheikhlock Holmes|veteran|\n|player|p2|Strong Lea|korrina|\n|teamsize|p1|6\n|teamsize|p2|6\n|gen|9\n|tier|[Gen 9] Anything Goes\n|rule|HP Percentage Mod: HP is shown in percentages\n|rule|Endless Battle Clause: Forcing endless battles is banned\n|clearpoke\n|poke|p1|Umbreon, F|\n|poke|p1|Rotom-Wash|\n|poke|p1|Arcanine-Hisui, M|\n|poke|p1|Noivern, M|\n|poke|p1|Gholdengo|\n|poke|p1|Persian-Alola, M|\n|poke|p2|Salazzle, F|\n|poke|p2|Dudunsparce-*, F|\n|poke|p2|Garganacl, M|\n|poke|p2|Annihilape, F|\n|poke|p2|Chesnaught, F|\n|poke|p2|Qwilfish-Hisui, M|\n|teampreview\n|c|\u2606Strong Lea|gl hf\n|\n|t:|1699630083\n|start\n|switch|p1a: Samsung|Rotom-Wash|100\/100\n|switch|p2a: Chesnaught|Chesnaught, F|100\/100\n|turn|1\n|\n|t:|1699630135\n|move|p2a: Chesnaught|Wood Hammer|p1a: Samsung\n|-supereffective|p1a: Samsung\n|-damage|p1a: Samsung|25\/100\n|-damage|p2a: Chesnaught|84\/100|[from] item: Rocky Helmet|[of] p1a: Samsung\n|-damage|p2a: Chesnaught|64\/100|[from] Recoil\n|move|p1a: Samsung|Volt Switch|p2a: Chesnaught\n|-resisted|p2a: Chesnaught\n|-damage|p2a: Chesnaught|51\/100\n|\n|t:|1699630155\n|switch|p1a: Schattenkatze|Persian-Alola, M, shiny|100\/100|[from] Volt Switch\n|\n|upkeep\n|turn|2\n|\n|t:|1699630181\n|move|p1a: Schattenkatze|Thunder Wave|p2a: Chesnaught|[miss]\n|-miss|p1a: Schattenkatze|p2a: Chesnaught\n|move|p2a: Chesnaught|Synthesis|p2a: Chesnaught\n|-heal|p2a: Chesnaught|100\/100\n|\n|upkeep\n|turn|3\n|\n|t:|1699630189\n|switch|p2a: Garganacl|Garganacl, M|100\/100\n|move|p1a: Schattenkatze|Thunder Wave|p2a: Garganacl\n|-immune|p2a: Garganacl|[from] ability: Purifying Salt\n|\n|upkeep\n|turn|4\n|\n|t:|1699630211\n|move|p1a: Schattenkatze|Parting Shot|p2a: Garganacl\n|-unboost|p2a: Garganacl|atk|1\n|-unboost|p2a: Garganacl|spa|1\n|\n|t:|1699630224\n|switch|p1a: Mondhund|Umbreon, F|100\/100|[from] Parting Shot\n|move|p2a: Garganacl|Salt Cure|p1a: Mondhund\n|-damage|p1a: Mondhund|93\/100\n|-start|p1a: Mondhund|Salt Cure\n|\n|-heal|p1a: Mondhund|99\/100|[from] item: Leftovers\n|-damage|p1a: Mondhund|87\/100|[from] Salt Cure\n|upkeep\n|turn|5\n|\n|t:|1699630247\n|move|p1a: Mondhund|Toxic|p2a: Garganacl\n|-immune|p2a: Garganacl|[from] ability: Purifying Salt\n|move|p2a: Garganacl|Stealth Rock|p1a: Mondhund\n|-sidestart|p1: Cheikhlock Holmes|move: Stealth Rock\n|\n|-heal|p1a: Mondhund|93\/100|[from] item: Leftovers\n|-damage|p1a: Mondhund|80\/100|[from] Salt Cure\n|upkeep\n|turn|6\n|\n|t:|1699630256\n|switch|p2a: Salazzle|Salazzle, F|100\/100\n|move|p1a: Mondhund|Wish|p1a: Mondhund\n|\n|-heal|p1a: Mondhund|86\/100|[from] item: Leftovers\n|-damage|p1a: Mondhund|74\/100|[from] Salt Cure\n|upkeep\n|turn|7\n|\n|t:|1699630304\n|switch|p1a: Schattenkatze|Persian-Alola, M, shiny|100\/100\n|move|p2a: Salazzle|Sludge Bomb|p1a: Schattenkatze\n|-damage|p1a: Schattenkatze|14\/100\n|\n|-heal|p1a: Schattenkatze|86\/100|[from] move: Wish|[wisher] Mondhund\n|upkeep\n|turn|8\n|\n|t:|1699630330\n|switch|p2a: Garganacl|Garganacl, M|100\/100\n|move|p1a: Schattenkatze|Fake Out|p2a: Garganacl\n|-resisted|p2a: Garganacl\n|-damage|p2a: Garganacl|99\/100\n|-damage|p1a: Schattenkatze|70\/100|[from] item: Rocky Helmet|[of] p2a: Garganacl\n|\n|upkeep\n|turn|9\n|\n|t:|1699630354\n|move|p1a: Schattenkatze|Knock Off|p2a: Garganacl\n|-damage|p2a: Garganacl|87\/100\n|-damage|p1a: Schattenkatze|53\/100|[from] item: Rocky Helmet|[of] p2a: Garganacl\n|-enditem|p2a: Garganacl|Rocky Helmet|[from] move: Knock Off|[of] p1a: Schattenkatze\n|move|p2a: Garganacl|Salt Cure|p1a: Schattenkatze\n|-damage|p1a: Schattenkatze|43\/100\n|-start|p1a: Schattenkatze|Salt Cure\n|\n|-damage|p1a: Schattenkatze|31\/100|[from] Salt Cure\n|upkeep\n|turn|10\n|\n|t:|1699630372\n|move|p1a: Schattenkatze|Parting Shot|p2a: Garganacl\n|-unboost|p2a: Garganacl|atk|1\n|-unboost|p2a: Garganacl|spa|1\n|\n|t:|1699630379\n|switch|p1a: Mondhund|Umbreon, F|74\/100|[from] Parting Shot\n|-damage|p1a: Mondhund|61\/100|[from] Stealth Rock\n|move|p2a: Garganacl|Salt Cure|p1a: Mondhund\n|-damage|p1a: Mondhund|54\/100\n|-start|p1a: Mondhund|Salt Cure\n|\n|-heal|p1a: Mondhund|60\/100|[from] item: Leftovers\n|-damage|p1a: Mondhund|47\/100|[from] Salt Cure\n|upkeep\n|turn|11\n|\n|t:|1699630393\n|switch|p2a: Annihilape|Annihilape, F|100\/100\n|move|p1a: Mondhund|Wish|p1a: Mondhund\n|\n|-heal|p1a: Mondhund|54\/100|[from] item: Leftovers\n|-damage|p1a: Mondhund|41\/100|[from] Salt Cure\n|upkeep\n|turn|12\n|\n|t:|1699630410\n|move|p1a: Mondhund|Protect|p1a: Mondhund\n|-singleturn|p1a: Mondhund|Protect\n|move|p2a: Annihilape|Substitute|p2a: Annihilape\n|-start|p2a: Annihilape|Substitute\n|-damage|p2a: Annihilape|76\/100\n|\n|-heal|p1a: Mondhund|91\/100|[from] move: Wish|[wisher] Mondhund\n|-heal|p2a: Annihilape|82\/100|[from] item: Leftovers\n|-heal|p1a: Mondhund|97\/100|[from] item: Leftovers\n|-damage|p1a: Mondhund|85\/100|[from] Salt Cure\n|upkeep\n|turn|13\n|\n|t:|1699630444\n|switch|p1a: Schattenkatze|Persian-Alola, M, shiny|31\/100\n|move|p2a: Annihilape|Drain Punch|p1a: Schattenkatze\n|-supereffective|p1a: Schattenkatze\n|-damage|p1a: Schattenkatze|0 fnt\n|-heal|p2a: Annihilape|92\/100|[from] drain|[of] p1a: Schattenkatze\n|faint|p1a: Schattenkatze\n|\n|-heal|p2a: Annihilape|98\/100|[from] item: Leftovers\n|upkeep\n|\n|t:|1699630463\n|switch|p1a: Goldg\u00f6tze|Gholdengo|100\/100\n|-damage|p1a: Goldg\u00f6tze|94\/100|[from] Stealth Rock\n|turn|14\n|\n|t:|1699630498\n|move|p1a: Goldg\u00f6tze|Shadow Ball|p2a: Annihilape\n|-supereffective|p2a: Annihilape\n|-end|p2a: Annihilape|Substitute\n|move|p2a: Annihilape|Rage Fist|p1a: Goldg\u00f6tze\n|-supereffective|p1a: Goldg\u00f6tze\n|-damage|p1a: Goldg\u00f6tze|39\/100\n|\n|-heal|p2a: Annihilape|100\/100|[from] item: Leftovers\n|upkeep\n|turn|15\n|\n|t:|1699630611\n|switch|p1a: Mondhund|Umbreon, F|85\/100\n|-damage|p1a: Mondhund|72\/100|[from] Stealth Rock\n|switch|p2a: Dudunsparce|Dudunsparce, F|100\/100\n|\n|-heal|p1a: Mondhund|78\/100|[from] item: Leftovers\n|upkeep\n|turn|16\n|\n|t:|1699630647\n|switch|p2a: Garganacl|Garganacl, M|87\/100\n|move|p1a: Mondhund|Toxic|p2a: Garganacl\n|-immune|p2a: Garganacl|[from] ability: Purifying Salt\n|\n|-heal|p1a: Mondhund|85\/100|[from] item: Leftovers\n|upkeep\n|turn|17\n|\n|t:|1699630665\n|move|p1a: Mondhund|Protect|p1a: Mondhund\n|-singleturn|p1a: Mondhund|Protect\n|move|p2a: Garganacl|Salt Cure|p1a: Mondhund\n|-activate|p1a: Mondhund|move: Protect\n|\n|-heal|p1a: Mondhund|91\/100|[from] item: Leftovers\n|upkeep\n|turn|18\n|\n|t:|1699630685\n|switch|p1a: Aschetiger|Arcanine-Hisui, M|100\/100\n|-damage|p1a: Aschetiger|76\/100|[from] Stealth Rock\n|move|p2a: Garganacl|Salt Cure|p1a: Aschetiger\n|-supereffective|p1a: Aschetiger\n|-damage|p1a: Aschetiger|43\/100\n|-start|p1a: Aschetiger|Salt Cure\n|\n|-damage|p1a: Aschetiger|31\/100|[from] Salt Cure\n|upkeep\n|turn|19\n|\n|t:|1699630709\n|switch|p1a: Flughund|Noivern, M|100\/100\n|move|p2a: Garganacl|Recover|p2a: Garganacl\n|-heal|p2a: Garganacl|100\/100\n|\n|upkeep\n|turn|20\n|\n|t:|1699630717\n|move|p1a: Flughund|U-turn|p2a: Garganacl\n|-damage|p2a: Garganacl|94\/100\n|\n|t:|1699630724\n|switch|p1a: Mondhund|Umbreon, F|91\/100|[from] U-turn\n|-damage|p1a: Mondhund|78\/100|[from] Stealth Rock\n|move|p2a: Garganacl|Salt Cure|p1a: Mondhund\n|-damage|p1a: Mondhund|66\/100\n|-start|p1a: Mondhund|Salt Cure\n|\n|-heal|p1a: Mondhund|72\/100|[from] item: Leftovers\n|-damage|p1a: Mondhund|60\/100|[from] Salt Cure\n|upkeep\n|turn|21\n|\n|t:|1699630736\n|switch|p2a: Annihilape|Annihilape, F|100\/100\n|move|p1a: Mondhund|Wish|p1a: Mondhund\n|\n|-heal|p1a: Mondhund|66\/100|[from] item: Leftovers\n|-damage|p1a: Mondhund|53\/100|[from] Salt Cure\n|upkeep\n|turn|22\n|\n|t:|1699630757\n|switch|p1a: Flughund|Noivern, M|100\/100\n|move|p2a: Annihilape|Drain Punch|p1a: Flughund\n|-resisted|p1a: Flughund\n|-damage|p1a: Flughund|81\/100\n|\n|-heal|p1a: Flughund|100\/100|[from] move: Wish|[wisher] Mondhund\n|upkeep\n|turn|23\n|\n|t:|1699630778\n|switch|p2a: Garganacl|Garganacl, M|94\/100\n|move|p1a: Flughund|Defog|p2a: Garganacl\n|-unboost|p2a: Garganacl|evasion|1\n|-sideend|p1: Cheikhlock Holmes|Stealth Rock|[from] move: Defog|[of] p1a: Flughund\n|\n|upkeep\n|turn|24\n|\n|t:|1699630788\n|move|p1a: Flughund|U-turn|p2a: Garganacl\n|-damage|p2a: Garganacl|89\/100\n|\n|t:|1699630801\n|switch|p1a: Goldg\u00f6tze|Gholdengo|39\/100|[from] U-turn\n|move|p2a: Garganacl|Salt Cure|p1a: Goldg\u00f6tze\n|-resisted|p1a: Goldg\u00f6tze\n|-crit|p1a: Goldg\u00f6tze\n|-damage|p1a: Goldg\u00f6tze|27\/100\n|-start|p1a: Goldg\u00f6tze|Salt Cure\n|\n|-damage|p1a: Goldg\u00f6tze|3\/100|[from] Salt Cure\n|upkeep\n|turn|25\n|\n|t:|1699630815\n|switch|p2a: Dudunsparce|Dudunsparce, F|100\/100\n|move|p1a: Goldg\u00f6tze|Make It Rain|p2a: Dudunsparce\n|-damage|p2a: Dudunsparce|60\/100\n|-unboost|p1a: Goldg\u00f6tze|spa|1\n|\n|-damage|p1a: Goldg\u00f6tze|0 fnt|[from] Salt Cure\n|faint|p1a: Goldg\u00f6tze\n|upkeep\n|\n|t:|1699630830\n|switch|p1a: Aschetiger|Arcanine-Hisui, M|31\/100\n|turn|26\n|\n|t:|1699630845\n|switch|p2a: Garganacl|Garganacl, M|89\/100\n|move|p1a: Aschetiger|Head Smash|p2a: Garganacl\n|-damage|p2a: Garganacl|31\/100\n|\n|upkeep\n|turn|27\n|\n|t:|1699630854\n|switch|p2a: Chesnaught|Chesnaught, F|100\/100\n|move|p1a: Aschetiger|Head Smash|p2a: Chesnaught\n|-resisted|p2a: Chesnaught\n|-damage|p2a: Chesnaught|66\/100\n|\n|upkeep\n|turn|28\n|\n|t:|1699630866\n|switch|p1a: Flughund|Noivern, M|100\/100\n|move|p2a: Chesnaught|Synthesis|p2a: Chesnaught\n|-heal|p2a: Chesnaught|100\/100\n|\n|upkeep\n|turn|29\n|\n|t:|1699630898\n|-terastallize|p2a: Chesnaught|Steel\n|move|p1a: Flughund|Draco Meteor|p2a: Chesnaught\n|-resisted|p2a: Chesnaught\n|-damage|p2a: Chesnaught|78\/100\n|-unboost|p1a: Flughund|spa|2\n|move|p2a: Chesnaught|Iron Head|p1a: Flughund\n|-crit|p1a: Flughund\n|-damage|p1a: Flughund|55\/100\n|\n|upkeep\n|turn|30\n|\n|t:|1699630930\n|move|p1a: Flughund|U-turn|p2a: Chesnaught\n|-resisted|p2a: Chesnaught\n|-damage|p2a: Chesnaught|73\/100\n|\n|t:|1699630934\n|switch|p1a: Samsung|Rotom-Wash|25\/100|[from] U-turn\n|move|p2a: Chesnaught|Spikes|p1a: Samsung\n|-sidestart|p1: Cheikhlock Holmes|Spikes\n|\n|upkeep\n|turn|31\n|\n|t:|1699630947\n|move|p1a: Samsung|Protect|p1a: Samsung\n|-singleturn|p1a: Samsung|Protect\n|move|p2a: Chesnaught|Wood Hammer|p1a: Samsung\n|-activate|p1a: Samsung|move: Protect\n|\n|upkeep\n|turn|32\n|\n|t:|1699630964\n|switch|p1a: Flughund|Noivern, M|55\/100\n|move|p2a: Chesnaught|Wood Hammer|p1a: Flughund\n|-resisted|p1a: Flughund\n|-damage|p1a: Flughund|44\/100\n|-damage|p2a: Chesnaught|70\/100|[from] Recoil\n|\n|upkeep\n|turn|33\n|\n|t:|1699630972\n|move|p1a: Flughund|Roost|p1a: Flughund\n|-heal|p1a: Flughund|94\/100\n|-singleturn|p1a: Flughund|move: Roost\n|move|p2a: Chesnaught|Synthesis|p2a: Chesnaught\n|-heal|p2a: Chesnaught|100\/100\n|\n|upkeep\n|turn|34\n|\n|t:|1699630982\n|switch|p2a: Annihilape|Annihilape, F|100\/100\n|move|p1a: Flughund|U-turn|p2a: Annihilape\n|-resisted|p2a: Annihilape\n|-damage|p2a: Annihilape|98\/100\n|\n|t:|1699630990\n|switch|p1a: Aschetiger|Arcanine-Hisui, M|31\/100|[from] U-turn\n|-damage|p1a: Aschetiger|18\/100|[from] Spikes\n|\n|-heal|p2a: Annihilape|100\/100|[from] item: Leftovers\n|upkeep\n|turn|35\n|\n|t:|1699631035\n|switch|p2a: Salazzle|Salazzle, F|100\/100\n|move|p1a: Aschetiger|Flare Blitz|p2a: Salazzle\n|-resisted|p2a: Salazzle\n|-damage|p2a: Salazzle|20\/100\n|\n|upkeep\n|turn|36\n|\n|t:|1699631047\n|switch|p1a: Mondhund|Umbreon, F|53\/100\n|-damage|p1a: Mondhund|41\/100|[from] Spikes\n|move|p2a: Salazzle|Sludge Bomb|p1a: Mondhund\n|-damage|p1a: Mondhund|16\/100\n|-status|p1a: Mondhund|psn\n|-activate|p1a: Mondhund|ability: Synchronize\n|-immune|p2a: Salazzle\n|\n|-heal|p1a: Mondhund|23\/100 psn|[from] item: Leftovers\n|-damage|p1a: Mondhund|10\/100 psn|[from] psn\n|upkeep\n|turn|37\n|\n|t:|1699631068\n|move|p2a: Salazzle|Sludge Bomb|p1a: Mondhund\n|-damage|p1a: Mondhund|0 fnt\n|faint|p1a: Mondhund\n|\n|upkeep\n|\n|t:|1699631079\n|switch|p1a: Flughund|Noivern, M|94\/100\n|turn|38\n|\n|t:|1699631090\n|switch|p2a: Annihilape|Annihilape, F|100\/100\n|move|p1a: Flughund|Defog|p2a: Annihilape\n|-unboost|p2a: Annihilape|evasion|1\n|-ability|p2a: Annihilape|Defiant|boost\n|-boost|p2a: Annihilape|atk|2\n|-sideend|p1: Cheikhlock Holmes|Spikes|[from] move: Defog|[of] p1a: Flughund\n|\n|upkeep\n|turn|39\n|\n|t:|1699631114\n|move|p1a: Flughund|Draco Meteor|p2a: Annihilape\n|-damage|p2a: Annihilape|62\/100\n|-unboost|p1a: Flughund|spa|2\n|move|p2a: Annihilape|Rage Fist|p1a: Flughund\n|-damage|p1a: Flughund|0 fnt\n|faint|p1a: Flughund\n|\n|-heal|p2a: Annihilape|68\/100|[from] item: Leftovers\n|upkeep\n|\n|t:|1699631126\n|switch|p1a: Aschetiger|Arcanine-Hisui, M|18\/100\n|turn|40\n|\n|t:|1699631195\n|switch|p2a: Salazzle|Salazzle, F|20\/100\n|move|p1a: Aschetiger|Head Smash|p2a: Salazzle\n|-supereffective|p2a: Salazzle\n|-damage|p2a: Salazzle|0 fnt\n|faint|p2a: Salazzle\n|\n|upkeep\n|\n|t:|1699631207\n|switch|p2a: Annihilape|Annihilape, F|68\/100\n|turn|41\n|\n|t:|1699631232\n|move|p1a: Aschetiger|Head Smash|p2a: Annihilape\n|-resisted|p2a: Annihilape\n|-damage|p2a: Annihilape|8\/100\n|move|p2a: Annihilape|Drain Punch|p1a: Aschetiger\n|-supereffective|p1a: Aschetiger\n|-damage|p1a: Aschetiger|0 fnt\n|-heal|p2a: Annihilape|16\/100|[from] drain|[of] p1a: Aschetiger\n|faint|p1a: Aschetiger\n|\n|-heal|p2a: Annihilape|22\/100|[from] item: Leftovers\n|upkeep\n|\n|t:|1699631243\n|switch|p1a: Samsung|Rotom-Wash|25\/100\n|turn|42\n|\n|t:|1699631252\n|move|p2a: Annihilape|Rage Fist|p1a: Samsung\n|-damage|p1a: Samsung|0 fnt\n|-damage|p2a: Annihilape|5\/100|[from] item: Rocky Helmet|[of] p1a: Samsung\n|faint|p1a: Samsung\n|\n|win|Strong Lea\n|c|\u2606Strong Lea|gg!\n","uploadtime":1699631260,"views":31,"p1id":"cheikhlockholmes","p2id":"stronglea","formatid":"gen9anythinggoes","rating":0,"private":0,"password":""}