{"id":"gen9anythinggoes-1992348739","p1":"Cookies777","p2":"BrooklynSavage","format":"[Gen 9] Anything Goes","log":"|j|\u2606Cookies777\n|j|\u2606BrooklynSavage\n|t:|1700177340\n|gametype|singles\n|player|p1|Cookies777|juggler|1473\n|player|p2|BrooklynSavage|102|1378\n|teamsize|p1|6\n|teamsize|p2|6\n|gen|9\n|tier|[Gen 9] Anything Goes\n|rated|\n|rule|HP Percentage Mod: HP is shown in percentages\n|rule|Endless Battle Clause: Forcing endless battles is banned\n|clearpoke\n|poke|p1|Espeon, F|\n|poke|p1|Skeledirge, M|\n|poke|p1|Ditto|\n|poke|p1|Garganacl, M|\n|poke|p1|Iron Bundle|\n|poke|p1|Clodsire, M|\n|poke|p2|Ursaluna-Bloodmoon, M|\n|poke|p2|Zoroark-Hisui, M|\n|poke|p2|Flutter Mane|\n|poke|p2|Iron Bundle|\n|poke|p2|Pawmot, F|\n|poke|p2|Ditto|\n|teampreview\n|\n|t:|1700177369\n|start\n|switch|p1a: Jangle|Iron Bundle|100\/100\n|switch|p2a: Ditto|Ditto|100\/100\n|-transform|p2a: Ditto|p1a: Jangle|[from] ability: Imposter\n|turn|1\n|\n|t:|1700177392\n|-end|p1a: Jangle|Quark Drive|[silent]\n|switch|p1a: Echo|Skeledirge, M, shiny|100\/100\n|move|p2a: Ditto|Freeze-Dry|p1a: Echo\n|-resisted|p1a: Echo\n|-damage|p1a: Echo|86\/100\n|\n|-heal|p1a: Echo|92\/100|[from] item: Leftovers\n|upkeep\n|turn|2\n|\n|t:|1700177403\n|-end|p2a: Ditto|Quark Drive|[silent]\n|switch|p2a: Ursaluna|Ursaluna-Bloodmoon, M|100\/100\n|move|p1a: Echo|Will-O-Wisp|p2a: Ursaluna|[miss]\n|-miss|p1a: Echo|p2a: Ursaluna\n|\n|-heal|p1a: Echo|98\/100|[from] item: Leftovers\n|upkeep\n|turn|3\n|\n|t:|1700177414\n|switch|p1a: Skipper|Clodsire, M|100\/100\n|move|p2a: Ursaluna|Blood Moon|p1a: Skipper\n|-damage|p1a: Skipper|60\/100\n|\n|-heal|p1a: Skipper|67\/100|[from] item: Leftovers\n|upkeep\n|turn|4\n|\n|t:|1700177426\n|-terastallize|p1a: Skipper|Ground\n|move|p2a: Ursaluna|Earth Power|p1a: Skipper\n|-damage|p1a: Skipper|39\/100\n|move|p1a: Skipper|Recover|p1a: Skipper\n|-heal|p1a: Skipper|89\/100\n|\n|-heal|p1a: Skipper|96\/100|[from] item: Leftovers\n|upkeep\n|turn|5\n|\n|t:|1700177437\n|switch|p2a: Ditto|Ditto|100\/100\n|-transform|p2a: Ditto|p1a: Skipper|[from] ability: Imposter\n|move|p1a: Skipper|Toxic|p2a: Ditto\n|-immune|p2a: Ditto\n|\n|-heal|p1a: Skipper|100\/100|[from] item: Leftovers\n|upkeep\n|-start|p2a: Ditto|typechange|Poison\/Ground|[silent]\n|turn|6\n|\n|t:|1700177448\n|switch|p1a: Viv|Espeon, F|100\/100\n|move|p2a: Ditto|Toxic|p1a: Viv\n|move|p1a: Viv|Toxic|p2a: Ditto|[from]ability: Magic Bounce\n|-immune|p2a: Ditto\n|\n|upkeep\n|turn|7\n|c|\u2606BrooklynSavage|Hehe...\n|\n|t:|1700177466\n|switch|p2a: Ursaluna|Ursaluna-Bloodmoon, M|100\/100\n|move|p1a: Viv|Psyshock|p2a: Ursaluna\n|-damage|p2a: Ursaluna|70\/100\n|\n|upkeep\n|turn|8\n|\n|t:|1700177475\n|switch|p1a: Skipper|Clodsire, M, tera:Ground|100\/100\n|move|p2a: Ursaluna|Blood Moon|p1a: Skipper\n|-damage|p1a: Skipper|56\/100\n|\n|-heal|p1a: Skipper|62\/100|[from] item: Leftovers\n|upkeep\n|turn|9\n|\n|t:|1700177485\n|switch|p2a: Ditto|Ditto|100\/100\n|-transform|p2a: Ditto|p1a: Skipper|[from] ability: Imposter\n|move|p1a: Skipper|Earthquake|p2a: Ditto\n|-supereffective|p2a: Ditto\n|-crit|p2a: Ditto\n|-damage|p2a: Ditto|0 fnt\n|faint|p2a: Ditto\n|\n|-heal|p1a: Skipper|68\/100|[from] item: Leftovers\n|upkeep\n|\n|t:|1700177498\n|switch|p2a: Iron Bundle|Iron Bundle|100\/100\n|turn|10\n|\n|t:|1700177502\n|move|p2a: Iron Bundle|Freeze-Dry|p1a: Skipper\n|-supereffective|p1a: Skipper\n|-damage|p1a: Skipper|33\/100\n|move|p1a: Skipper|Recover|p1a: Skipper\n|-heal|p1a: Skipper|83\/100\n|\n|-heal|p1a: Skipper|89\/100|[from] item: Leftovers\n|upkeep\n|turn|11\n|\n|t:|1700177511\n|move|p2a: Iron Bundle|Hydro Pump|p1a: Skipper\n|-heal|p1a: Skipper|100\/100|[from] ability: Water Absorb|[of] p2a: Iron Bundle\n|move|p1a: Skipper|Toxic|p2a: Iron Bundle\n|-status|p2a: Iron Bundle|tox\n|\n|-damage|p2a: Iron Bundle|95\/100 tox|[from] psn\n|upkeep\n|turn|12\n|\n|t:|1700177536\n|move|p2a: Iron Bundle|Encore|p1a: Skipper\n|-start|p1a: Skipper|Encore\n|move|p1a: Skipper|Toxic|p2a: Iron Bundle\n|-fail|p2a: Iron Bundle|tox\n|\n|-damage|p2a: Iron Bundle|83\/100 tox|[from] psn\n|upkeep\n|turn|13\n|\n|t:|1700177549\n|switch|p1a: Morton|Garganacl, M|100\/100\n|move|p2a: Iron Bundle|Hydro Pump|p1a: Morton\n|-supereffective|p1a: Morton\n|-damage|p1a: Morton|10\/100\n|\n|-heal|p1a: Morton|16\/100|[from] item: Leftovers\n|-damage|p2a: Iron Bundle|65\/100 tox|[from] psn\n|upkeep\n|turn|14\n|\n|t:|1700177560\n|switch|p1a: Skipper|Clodsire, M, tera:Ground|100\/100\n|move|p2a: Iron Bundle|Freeze-Dry|p1a: Skipper\n|-supereffective|p1a: Skipper\n|-damage|p1a: Skipper|64\/100\n|\n|-heal|p1a: Skipper|71\/100|[from] item: Leftovers\n|-damage|p2a: Iron Bundle|41\/100 tox|[from] psn\n|upkeep\n|turn|15\n|\n|t:|1700177570\n|-terastallize|p2a: Iron Bundle|Ice\n|move|p2a: Iron Bundle|Freeze-Dry|p1a: Skipper\n|-supereffective|p1a: Skipper\n|-damage|p1a: Skipper|17\/100\n|-status|p1a: Skipper|frz\n|cant|p1a: Skipper|frz\n|\n|-heal|p1a: Skipper|23\/100 frz|[from] item: Leftovers\n|-damage|p2a: Iron Bundle|12\/100 tox|[from] psn\n|upkeep\n|turn|16\n|inactive|Battle timer is ON: inactive players will automatically lose when time's up. (requested by BrooklynSavage)\n|\n|t:|1700177583\n|move|p2a: Iron Bundle|Freeze-Dry|p1a: Skipper\n|-supereffective|p1a: Skipper\n|-damage|p1a: Skipper|0 fnt\n|faint|p1a: Skipper\n|\n|-damage|p2a: Iron Bundle|0 fnt|[from] psn\n|faint|p2a: Iron Bundle\n|-end|p2a: Iron Bundle|Quark Drive|[silent]\n|upkeep\n|inactive|BrooklynSavage has 120 seconds left.\n|\n|t:|1700177626\n|switch|p2a: Flutter Mane|Flutter Mane|100\/100\n|switch|p1a: Jangle|Iron Bundle|100\/100\n|-enditem|p2a: Flutter Mane|Booster Energy\n|-activate|p2a: Flutter Mane|ability: Protosynthesis|[fromitem]\n|-start|p2a: Flutter Mane|protosynthesisspe\n|turn|17\n|inactive|Cookies777 has 120 seconds left.\n|\n|t:|1700177663\n|move|p2a: Flutter Mane|Thunder Wave|p1a: Jangle|[miss]\n|-miss|p2a: Flutter Mane|p1a: Jangle\n|move|p1a: Jangle|Flip Turn|p2a: Flutter Mane\n|-damage|p2a: Flutter Mane|70\/100\n|\n|t:|1700177670\n|-end|p1a: Jangle|Quark Drive|[silent]\n|switch|p1a: Morton|Garganacl, M|16\/100|[from] Flip Turn\n|\n|-heal|p1a: Morton|22\/100|[from] item: Leftovers\n|upkeep\n|turn|18\n|inactive|Cookies777 has 120 seconds left.\n|\n|t:|1700177678\n|move|p2a: Flutter Mane|Moonblast|p1a: Morton\n|-damage|p1a: Morton|0 fnt\n|faint|p1a: Morton\n|\n|upkeep\n|inactive|Cookies777 has 120 seconds left.\n|\n|t:|1700177684\n|switch|p1a: Imago|Ditto|100\/100\n|-transform|p1a: Imago|p2a: Flutter Mane|[from] ability: Imposter\n|turn|19\n|\n|t:|1700177690\n|move|p1a: Imago|Hex|p2a: Flutter Mane\n|-supereffective|p2a: Flutter Mane\n|-damage|p2a: Flutter Mane|6\/100\n|move|p2a: Flutter Mane|Thunder Wave|p1a: Imago|[miss]\n|-miss|p2a: Flutter Mane|p1a: Imago\n|\n|upkeep\n|turn|20\n|\n|t:|1700177704\n|move|p2a: Flutter Mane|Thunder Wave|p1a: Imago\n|-status|p1a: Imago|par\n|move|p1a: Imago|Hex|p2a: Flutter Mane\n|-supereffective|p2a: Flutter Mane\n|-crit|p2a: Flutter Mane\n|-damage|p2a: Flutter Mane|0 fnt\n|faint|p2a: Flutter Mane\n|-end|p2a: Flutter Mane|Protosynthesis|[silent]\n|\n|upkeep\n|\n|t:|1700177714\n|switch|p2a: Ursaluna|Ursaluna-Bloodmoon, M|100\/100\n|turn|21\n|\n|t:|1700177730\n|move|p2a: Ursaluna|Calm Mind|p2a: Ursaluna\n|-boost|p2a: Ursaluna|spa|1\n|-boost|p2a: Ursaluna|spd|1\n|move|p1a: Imago|Hex|p2a: Ursaluna\n|-immune|p2a: Ursaluna\n|\n|upkeep\n|turn|22\n|\n|t:|1700177740\n|-end|p1a: Imago|Protosynthesis|[silent]\n|switch|p1a: Viv|Espeon, F|100\/100\n|move|p2a: Ursaluna|Calm Mind|p2a: Ursaluna\n|-boost|p2a: Ursaluna|spa|1\n|-boost|p2a: Ursaluna|spd|1\n|\n|upkeep\n|turn|23\n|\n|t:|1700177749\n|move|p1a: Viv|Trick|p2a: Ursaluna\n|-activate|p1a: Viv|move: Trick|[of] p2a: Ursaluna\n|-item|p2a: Ursaluna|Choice Scarf|[from] move: Trick\n|-enditem|p1a: Viv|Choice Scarf|[silent]|[from] move: Trick\n|move|p2a: Ursaluna|Bitter Malice|p1a: Viv\n|-supereffective|p1a: Viv\n|-damage|p1a: Viv|0 fnt\n|faint|p1a: Viv\n|\n|upkeep\n|\n|t:|1700177760\n|switch|p1a: Echo|Skeledirge, M, shiny|98\/100\n|turn|24\n|c|\u2606BrooklynSavage|BAD MOVE\n|\n|t:|1700177767\n|move|p2a: Ursaluna|Bitter Malice|p1a: Echo\n|-supereffective|p1a: Echo\n|-damage|p1a: Echo|40\/100\n|-unboost|p1a: Echo|atk|1\n|move|p1a: Echo|Torch Song|p2a: Ursaluna\n|-damage|p2a: Ursaluna|30\/100\n|-boost|p1a: Echo|spa|1\n|replace|p2a: Zoroark|Zoroark-Hisui, M\n|-end|p2a: Zoroark|Illusion\n|\n|-heal|p1a: Echo|46\/100|[from] item: Leftovers\n|upkeep\n|turn|25\n|\n|t:|1700177782\n|switch|p1a: Imago|Ditto|100\/100 par\n|-transform|p1a: Imago|p2a: Zoroark|[from] ability: Imposter\n|move|p2a: Zoroark|Bitter Malice|p1a: Imago\n|-immune|p1a: Imago\n|\n|upkeep\n|turn|26\n|\n|t:|1700177796\n|switch|p2a: Ursaluna|Ursaluna-Bloodmoon, M|70\/100\n|move|p1a: Imago|Sludge Bomb|p2a: Ursaluna\n|-resisted|p2a: Ursaluna\n|-damage|p2a: Ursaluna|48\/100\n|-status|p2a: Ursaluna|psn\n|\n|-damage|p2a: Ursaluna|35\/100 psn|[from] psn\n|upkeep\n|turn|27\n|\n|t:|1700177809\n|switch|p1a: Echo|Skeledirge, M, shiny|46\/100\n|move|p2a: Ursaluna|Blood Moon|p1a: Echo\n|-damage|p1a: Echo|0 fnt\n|faint|p1a: Echo\n|\n|-damage|p2a: Ursaluna|23\/100 psn|[from] psn\n|upkeep\n|\n|t:|1700177820\n|switch|p1a: Jangle|Iron Bundle|100\/100\n|turn|28\n|\n|t:|1700177824\n|move|p2a: Ursaluna|Vacuum Wave|p1a: Jangle\n|-supereffective|p1a: Jangle\n|-damage|p1a: Jangle|59\/100\n|move|p1a: Jangle|Ice Beam|p2a: Ursaluna\n|-supereffective|p2a: Ursaluna\n|-damage|p2a: Ursaluna|0 fnt\n|faint|p2a: Ursaluna\n|\n|upkeep\n|\n|t:|1700177832\n|switch|p2a: Pawmot|Pawmot, F|100\/100\n|turn|29\n|\n|t:|1700177844\n|move|p1a: Jangle|Flip Turn|p2a: Pawmot\n|-crit|p2a: Pawmot\n|-damage|p2a: Pawmot|65\/100\n|\n|t:|1700177849\n|-end|p1a: Jangle|Quark Drive|[silent]\n|switch|p1a: Imago|Ditto|100\/100 par|[from] Flip Turn\n|-transform|p1a: Imago|p2a: Pawmot|[from] ability: Imposter\n|move|p2a: Pawmot|Revival Blessing|p2a: Pawmot\n|-enditem|p2a: Pawmot|Leppa Berry|[eat]\n|-activate|p2a: Pawmot|item: Leppa Berry|Revival Blessing|[consumed]\n|inactive|BrooklynSavage has 120 seconds left.\n|c|\u2606BrooklynSavage|This battle is amazing and intense dude. Good shit!!!\n|\n|t:|1700177903\n|-heal|p2: Ditto|50\/100|[from] move: Revival Blessing\n|\n|upkeep\n|turn|30\n|inactive|BrooklynSavage has 90 seconds left.\n|c|\u2606BrooklynSavage|But only one of us can revive two pokemon hehe....\n|\n|t:|1700177928\n|move|p2a: Pawmot|Revival Blessing|p2a: Pawmot\n|inactive|BrooklynSavage has 90 seconds left.\n|\n|t:|1700177961\n|-heal|p2: Iron Bundle|50\/100|[from] move: Revival Blessing\n|move|p1a: Imago|Revival Blessing|p1a: Imago\n|inactive|Cookies777 has 120 seconds left.\n|\n|t:|1700178021\n|-heal|p1: Skipper|50\/100|[from] move: Revival Blessing\n|\n|upkeep\n|turn|31\n|\n|t:|1700178028\n|switch|p1a: Skipper|Clodsire, M|50\/100\n|move|p2a: Pawmot|Encore||[still]\n|-fail|p2a: Pawmot\n|\n|-heal|p1a: Skipper|57\/100|[from] item: Leftovers\n|upkeep\n|turn|32\n|\n|t:|1700178051\n|move|p2a: Pawmot|Mach Punch|p1a: Skipper\n|-resisted|p1a: Skipper\n|-damage|p1a: Skipper|47\/100\n|move|p1a: Skipper|Earthquake|p2a: Pawmot\n|-supereffective|p2a: Pawmot\n|-damage|p2a: Pawmot|0 fnt\n|faint|p2a: Pawmot\n|\n|-heal|p1a: Skipper|53\/100|[from] item: Leftovers\n|upkeep\n|\n|t:|1700178057\n|switch|p2a: Ditto|Ditto|50\/100\n|-transform|p2a: Ditto|p1a: Skipper|[from] ability: Imposter\n|turn|33\n|\n|t:|1700178067\n|move|p2a: Ditto|Earthquake|p1a: Skipper\n|-supereffective|p1a: Skipper\n|-damage|p1a: Skipper|0 fnt\n|faint|p1a: Skipper\n|\n|upkeep\n|\n|t:|1700178073\n|switch|p1a: Jangle|Iron Bundle|59\/100\n|turn|34\n|\n|t:|1700178076\n|move|p1a: Jangle|Ice Beam|p2a: Ditto\n|-supereffective|p2a: Ditto\n|-damage|p2a: Ditto|0 fnt\n|faint|p2a: Ditto\n|\n|upkeep\n|inactive|BrooklynSavage has 90 seconds left.\n|\n|t:|1700178082\n|switch|p2a: Iron Bundle|Iron Bundle|50\/100\n|turn|35\n|\n|t:|1700178086\n|move|p2a: Iron Bundle|Freeze-Dry|p1a: Jangle\n|-damage|p1a: Jangle|9\/100\n|move|p1a: Jangle|Freeze-Dry|p2a: Iron Bundle\n|-damage|p2a: Iron Bundle|0 fnt\n|faint|p2a: Iron Bundle\n|-end|p2a: Iron Bundle|Quark Drive|[silent]\n|\n|upkeep\n|\n|t:|1700178089\n|switch|p2a: Zoroark|Zoroark-Hisui, M|30\/100\n|turn|36\n|\n|t:|1700178098\n|move|p2a: Zoroark|Bitter Malice|p1a: Jangle\n|-damage|p1a: Jangle|0 fnt\n|faint|p1a: Jangle\n|-end|p1a: Jangle|Quark Drive|[silent]\n|\n|upkeep\n|c|\u2606BrooklynSavage|GG!!!!\n|\n|t:|1700178104\n|switch|p1a: Imago|Ditto|100\/100 par\n|-transform|p1a: Imago|p2a: Zoroark|[from] ability: Imposter\n|turn|37\n|\n|t:|1700178110\n|move|p2a: Zoroark|Bitter Malice|p1a: Imago\n|-immune|p1a: Imago\n|move|p1a: Imago|Sludge Bomb|p2a: Zoroark\n|-resisted|p2a: Zoroark\n|-damage|p2a: Zoroark|0 fnt\n|faint|p2a: Zoroark\n|\n|win|Cookies777\n|raw|Cookies777's rating: 1473 &rarr; <strong>1488<\/strong><br \/>(+15 for winning)\n|raw|BrooklynSavage's rating: 1378 &rarr; <strong>1363<\/strong><br \/>(-15 for losing)\n|c|\u2606Cookies777|Seriously\n|c|\u2606Cookies777|gg\n|l|\u2606BrooklynSavage\n","uploadtime":1700178694,"views":11,"p1id":"cookies777","p2id":"brooklynsavage","formatid":"gen9anythinggoes","rating":1363,"private":0,"password":""}