{"id":"gen9anythinggoes-1981493195","p1":"ThatOnePerson1432","p2":"CalamityGames","format":"[Gen 9] Anything Goes","log":"|j|\u2606ThatOnePerson1432\n|j|\u2606CalamityGames\n|t:|1698906075\n|gametype|singles\n|player|p1|ThatOnePerson1432|170|1175\n|player|p2|CalamityGames|marley|1173\n|teamsize|p1|6\n|teamsize|p2|6\n|gen|9\n|tier|[Gen 9] Anything Goes\n|rated|\n|rule|HP Percentage Mod: HP is shown in percentages\n|rule|Endless Battle Clause: Forcing endless battles is banned\n|clearpoke\n|poke|p1|Grimmsnarl, M|\n|poke|p1|Ceruledge, M|\n|poke|p1|Gliscor, M|\n|poke|p1|Barraskewda, F|\n|poke|p1|Chi-Yu|\n|poke|p1|Koraidon|\n|poke|p2|Annihilape, M|\n|poke|p2|Skeledirge, F|\n|poke|p2|Sinistcha|\n|poke|p2|Zoroark-Hisui, M|\n|poke|p2|Gholdengo|\n|poke|p2|Mimikyu, M|\n|teampreview\n|inactive|Battle timer is ON: inactive players will automatically lose when time's up. (requested by CalamityGames)\n|\n|t:|1698906088\n|start\n|switch|p1a: Grimmsnarl|Grimmsnarl, M|100\/100\n|switch|p2a: Mimikyu|Mimikyu, M, shiny|100\/100\n|turn|1\n|\n|t:|1698906100\n|move|p1a: Grimmsnarl|Trick|p2a: Mimikyu\n|-activate|p1a: Grimmsnarl|move: Trick|[of] p2a: Mimikyu\n|-item|p2a: Mimikyu|Lagging Tail|[from] move: Trick\n|-item|p1a: Grimmsnarl|Leftovers|[from] move: Trick\n|move|p2a: Mimikyu|Leech Life|p1a: Grimmsnarl\n|-damage|p1a: Grimmsnarl|76\/100\n|\n|-heal|p1a: Grimmsnarl|82\/100|[from] item: Leftovers\n|upkeep\n|turn|2\n|\n|t:|1698906109\n|move|p1a: Grimmsnarl|Parting Shot|p2a: Mimikyu\n|-unboost|p2a: Mimikyu|atk|1\n|-unboost|p2a: Mimikyu|spa|1\n|\n|t:|1698906128\n|switch|p1a: Barraskewda|Barraskewda, F|100\/100|[from] Parting Shot\n|move|p2a: Mimikyu|Trailblaze|p1a: Barraskewda\n|-supereffective|p1a: Barraskewda\n|-damage|p1a: Barraskewda|69\/100\n|-boost|p2a: Mimikyu|spe|1\n|\n|upkeep\n|turn|3\n|\n|t:|1698906137\n|move|p1a: Barraskewda|Aqua Jet|p2a: Mimikyu\n|-activate|p2a: Mimikyu|ability: Disguise\n|-damage|p2a: Mimikyu|100\/100\n|detailschange|p2a: Mimikyu|Mimikyu-Busted, M, shiny\n|-damage|p2a: Mimikyu|88\/100|[from] pokemon: Mimikyu-Busted\n|-damage|p1a: Barraskewda|59\/100|[from] item: Life Orb\n|move|p2a: Mimikyu|Trailblaze|p1a: Barraskewda\n|-supereffective|p1a: Barraskewda\n|-damage|p1a: Barraskewda|26\/100\n|-boost|p2a: Mimikyu|spe|1\n|\n|upkeep\n|turn|4\n|\n|t:|1698906150\n|move|p1a: Barraskewda|Poison Jab|p2a: Mimikyu\n|-damage|p2a: Mimikyu|42\/100\n|-damage|p1a: Barraskewda|16\/100|[from] item: Life Orb\n|move|p2a: Mimikyu|Trailblaze|p1a: Barraskewda\n|-supereffective|p1a: Barraskewda\n|-damage|p1a: Barraskewda|0 fnt\n|-boost|p2a: Mimikyu|spe|1\n|faint|p1a: Barraskewda\n|\n|upkeep\n|\n|t:|1698906160\n|switch|p1a: Ceruledge|Ceruledge, M|100\/100\n|turn|5\n|\n|t:|1698906168\n|move|p1a: Ceruledge|Swords Dance|p1a: Ceruledge\n|-boost|p1a: Ceruledge|atk|2\n|move|p2a: Mimikyu|Dark Pulse|p1a: Ceruledge\n|-supereffective|p1a: Ceruledge\n|-damage|p1a: Ceruledge|80\/100\n|\n|upkeep\n|turn|6\n|\n|t:|1698906179\n|move|p1a: Ceruledge|Swords Dance|p1a: Ceruledge\n|-boost|p1a: Ceruledge|atk|2\n|move|p2a: Mimikyu|Leech Life|p1a: Ceruledge\n|-resisted|p1a: Ceruledge\n|-damage|p1a: Ceruledge|75\/100\n|-heal|p2a: Mimikyu|44\/100|[from] drain|[of] p1a: Ceruledge\n|-ability|p1a: Ceruledge|Weak Armor|boost\n|-unboost|p1a: Ceruledge|def|1\n|-boost|p1a: Ceruledge|spe|2\n|\n|upkeep\n|turn|7\n|\n|t:|1698906192\n|move|p1a: Ceruledge|Bitter Blade|p2a: Mimikyu\n|-damage|p2a: Mimikyu|0 fnt\n|-heal|p1a: Ceruledge|98\/100|[from] drain|[of] p2a: Mimikyu\n|faint|p2a: Mimikyu\n|\n|upkeep\n|\n|t:|1698906206\n|switch|p2a: Annihilape|Annihilape, M, shiny|100\/100\n|turn|8\n|\n|t:|1698906212\n|move|p1a: Ceruledge|Bitter Blade|p2a: Annihilape\n|-damage|p2a: Annihilape|0 fnt\n|-heal|p1a: Ceruledge|100\/100|[from] drain|[of] p2a: Annihilape\n|replace|p2a: Zoroark|Zoroark-Hisui, M, shiny\n|-end|p2a: Zoroark|Illusion\n|faint|p2a: Zoroark\n|\n|upkeep\n|\n|t:|1698906221\n|switch|p2a: Skeledirge|Skeledirge, F, shiny|100\/100\n|turn|9\n|\n|t:|1698906226\n|move|p1a: Ceruledge|Shadow Sneak|p2a: Skeledirge\n|-supereffective|p2a: Skeledirge\n|-damage|p2a: Skeledirge|60\/100\n|move|p2a: Skeledirge|Earth Power|p1a: Ceruledge\n|-supereffective|p1a: Ceruledge\n|-damage|p1a: Ceruledge|33\/100\n|\n|-heal|p2a: Skeledirge|66\/100|[from] item: Leftovers\n|upkeep\n|turn|10\n|\n|t:|1698906236\n|move|p1a: Ceruledge|Shadow Sneak|p2a: Skeledirge\n|-supereffective|p2a: Skeledirge\n|-damage|p2a: Skeledirge|29\/100\n|move|p2a: Skeledirge|Earth Power|p1a: Ceruledge\n|-supereffective|p1a: Ceruledge\n|-damage|p1a: Ceruledge|0 fnt\n|faint|p1a: Ceruledge\n|\n|-heal|p2a: Skeledirge|35\/100|[from] item: Leftovers\n|upkeep\n|\n|t:|1698906247\n|switch|p1a: Koraidon|Koraidon|100\/100\n|-weather|SunnyDay|[from] ability: Orichalcum Pulse|[of] p1a: Koraidon\n|-activate|p1a: Koraidon|Orichalcum Pulse|[source]\n|turn|11\n|\n|t:|1698906254\n|move|p1a: Koraidon|Crunch|p2a: Skeledirge\n|-supereffective|p2a: Skeledirge\n|-damage|p2a: Skeledirge|0 fnt\n|faint|p2a: Skeledirge\n|-damage|p1a: Koraidon|91\/100|[from] item: Life Orb\n|\n|-weather|SunnyDay|[upkeep]\n|upkeep\n|\n|t:|1698906262\n|switch|p2a: Sinistcha|Sinistcha, shiny|100\/100\n|turn|12\n|\n|t:|1698906266\n|move|p1a: Koraidon|Flare Blitz|p2a: Sinistcha\n|-supereffective|p2a: Sinistcha\n|-damage|p2a: Sinistcha|0 fnt\n|faint|p2a: Sinistcha\n|-damage|p1a: Koraidon|60\/100|[from] Recoil\n|-damage|p1a: Koraidon|50\/100|[from] item: Life Orb\n|\n|-weather|SunnyDay|[upkeep]\n|upkeep\n|\n|t:|1698906275\n|switch|p2a: Annihilape|Annihilape, M, shiny|100\/100\n|turn|13\n|\n|t:|1698906281\n|move|p1a: Koraidon|Flare Blitz|p2a: Annihilape\n|-damage|p2a: Annihilape|0 fnt\n|faint|p2a: Annihilape\n|-damage|p1a: Koraidon|15\/100|[from] Recoil\n|-damage|p1a: Koraidon|5\/100|[from] item: Life Orb\n|\n|-weather|SunnyDay|[upkeep]\n|upkeep\n|\n|t:|1698906291\n|switch|p2a: Gholdengo|Gholdengo, shiny|100\/100\n|turn|14\n|\n|t:|1698906297\n|move|p1a: Koraidon|Flare Blitz|p2a: Gholdengo\n|-supereffective|p2a: Gholdengo\n|-damage|p2a: Gholdengo|0 fnt\n|faint|p2a: Gholdengo\n|-damage|p1a: Koraidon|0 fnt|[from] Recoil\n|faint|p1a: Koraidon\n|\n|win|ThatOnePerson1432\n|raw|ThatOnePerson1432's rating: 1175 &rarr; <strong>1200<\/strong><br \/>(+25 for winning)\n|raw|CalamityGames's rating: 1173 &rarr; <strong>1148<\/strong><br \/>(-25 for losing)\n|l|\u2606CalamityGames\n","uploadtime":1698906311,"views":7,"p1id":"thatoneperson1432","p2id":"calamitygames","formatid":"gen9anythinggoes","rating":1148,"private":0,"password":""}