{"id":"gen9anythinggoes-1992794341","p1":"Coffeepigeon511","p2":"Allan383","format":"[Gen 9] Anything Goes","log":"|j|\u2606Coffeepigeon511\n|j|\u2606Allan383\n|t:|1700236028\n|gametype|singles\n|player|p1|Coffeepigeon511|170|1211\n|player|p2|Allan383|170|1134\n|teamsize|p1|6\n|teamsize|p2|6\n|gen|9\n|tier|[Gen 9] Anything Goes\n|rated|\n|rule|HP Percentage Mod: HP is shown in percentages\n|rule|Endless Battle Clause: Forcing endless battles is banned\n|clearpoke\n|poke|p1|Gliscor, F|\n|poke|p1|Ribombee, F|\n|poke|p1|Tsareena, F|\n|poke|p1|Okidogi, M|\n|poke|p1|Greninja-*, M|\n|poke|p1|Dudunsparce-*, F|\n|poke|p2|Iron Bundle|\n|poke|p2|Iron Hands|\n|poke|p2|Lokix, F|\n|poke|p2|Glimmora, F|\n|poke|p2|Ceruledge, F|\n|poke|p2|Ogerpon-Wellspring, F|\n|teampreview\n|inactive|Battle timer is ON: inactive players will automatically lose when time's up. (requested by Coffeepigeon511)\n|\n|t:|1700236036\n|start\n|switch|p1a: Gliscor|Gliscor, F, shiny|100\/100\n|switch|p2a: Iron Bundle|Iron Bundle|100\/100\n|turn|1\n|\n|t:|1700236050\n|move|p2a: Iron Bundle|Ice Beam|p1a: Gliscor\n|-supereffective|p1a: Gliscor\n|-damage|p1a: Gliscor|0 fnt\n|faint|p1a: Gliscor\n|\n|upkeep\n|\n|t:|1700236054\n|switch|p1a: Ribombee|Ribombee, F, shiny|100\/100\n|turn|2\n|\n|t:|1700236066\n|-terastallize|p2a: Iron Bundle|Ice\n|move|p1a: Ribombee|Quiver Dance|p1a: Ribombee\n|-boost|p1a: Ribombee|spa|1\n|-boost|p1a: Ribombee|spd|1\n|-boost|p1a: Ribombee|spe|1\n|move|p2a: Iron Bundle|Ice Beam|p1a: Ribombee\n|-damage|p1a: Ribombee|31\/100\n|\n|-heal|p1a: Ribombee|37\/100|[from] item: Leftovers\n|upkeep\n|turn|3\n|\n|t:|1700236085\n|move|p1a: Ribombee|Baton Pass|p1a: Ribombee\n|\n|t:|1700236090\n|switch|p1a: Greninja|Greninja, M|100\/100|[from] Baton Pass\n|move|p2a: Iron Bundle|Ice Beam|p1a: Greninja\n|-resisted|p1a: Greninja\n|-damage|p1a: Greninja|55\/100\n|\n|upkeep\n|turn|4\n|\n|t:|1700236102\n|move|p1a: Greninja|Dark Pulse|p2a: Iron Bundle\n|-damage|p2a: Iron Bundle|0 fnt\n|faint|p2a: Iron Bundle\n|-end|p2a: Iron Bundle|Quark Drive|[silent]\n|-ability|p1a: Greninja|Battle Bond|boost\n|-boost|p1a: Greninja|atk|1\n|-boost|p1a: Greninja|spa|1\n|-boost|p1a: Greninja|spe|1\n|-activate|p1a: Greninja|ability: Battle Bond\n|\n|upkeep\n|\n|t:|1700236111\n|switch|p2a: Lokix|Lokix, F|100\/100\n|turn|5\n|\n|t:|1700236130\n|-terastallize|p1a: Greninja|Poison\n|move|p2a: Lokix|First Impression|p1a: Greninja\n|-resisted|p1a: Greninja\n|-damage|p1a: Greninja|0 fnt\n|faint|p1a: Greninja\n|-damage|p2a: Lokix|91\/100|[from] item: Life Orb\n|\n|upkeep\n|\n|t:|1700236141\n|switch|p1a: Ribombee|Ribombee, F, shiny|37\/100\n|turn|6\n|\n|t:|1700236151\n|switch|p2a: Ogerpon|Ogerpon-Wellspring, F|100\/100\n|move|p1a: Ribombee|Sticky Web|p2a: Ogerpon\n|-sidestart|p2: Allan383|move: Sticky Web\n|\n|-heal|p1a: Ribombee|43\/100|[from] item: Leftovers\n|upkeep\n|turn|7\n|\n|t:|1700236161\n|move|p1a: Ribombee|Quiver Dance|p1a: Ribombee\n|-boost|p1a: Ribombee|spa|1\n|-boost|p1a: Ribombee|spd|1\n|-boost|p1a: Ribombee|spe|1\n|move|p2a: Ogerpon|Ivy Cudgel|p1a: Ribombee|[anim] Ivy Cudgel Water\n|-damage|p1a: Ribombee|0 fnt\n|faint|p1a: Ribombee\n|\n|upkeep\n|\n|t:|1700236170\n|switch|p1a: Dudunsparce|Dudunsparce-Three-Segment, F, shiny|100\/100\n|turn|8\n|\n|t:|1700236174\n|move|p2a: Ogerpon|Low Kick|p1a: Dudunsparce\n|-supereffective|p1a: Dudunsparce\n|-damage|p1a: Dudunsparce|47\/100\n|move|p1a: Dudunsparce|Agility|p1a: Dudunsparce\n|-boost|p1a: Dudunsparce|spe|2\n|\n|upkeep\n|turn|9\n|\n|t:|1700236182\n|move|p1a: Dudunsparce|Air Slash|p2a: Ogerpon\n|-supereffective|p2a: Ogerpon\n|-damage|p2a: Ogerpon|51\/100\n|cant|p2a: Ogerpon|flinch\n|\n|upkeep\n|turn|10\n|\n|t:|1700236188\n|move|p1a: Dudunsparce|Air Slash|p2a: Ogerpon\n|-supereffective|p2a: Ogerpon\n|-damage|p2a: Ogerpon|0 fnt\n|faint|p2a: Ogerpon\n|\n|upkeep\n|\n|t:|1700236193\n|switch|p2a: Lokix|Lokix, F|91\/100\n|-activate|p2a: Lokix|move: Sticky Web\n|-unboost|p2a: Lokix|spe|1\n|turn|11\n|\n|t:|1700236200\n|move|p2a: Lokix|First Impression|p1a: Dudunsparce\n|-damage|p1a: Dudunsparce|0 fnt\n|faint|p1a: Dudunsparce\n|-damage|p2a: Lokix|81\/100|[from] item: Life Orb\n|\n|upkeep\n|\n|t:|1700236208\n|switch|p1a: Tsareena|Tsareena, F, shiny|100\/100\n|turn|12\n|\n|t:|1700236213\n|switch|p2a: Ceruledge|Ceruledge, F|100\/100\n|-activate|p2a: Ceruledge|move: Sticky Web\n|-unboost|p2a: Ceruledge|spe|1\n|move|p1a: Tsareena|Play Rough|p2a: Ceruledge|[miss]\n|-miss|p1a: Tsareena|p2a: Ceruledge\n|\n|upkeep\n|turn|13\n|\n|t:|1700236223\n|move|p1a: Tsareena|Knock Off|p2a: Ceruledge\n|-supereffective|p2a: Ceruledge\n|-damage|p2a: Ceruledge|23\/100\n|-ability|p2a: Ceruledge|Weak Armor|boost\n|-unboost|p2a: Ceruledge|def|1\n|-boost|p2a: Ceruledge|spe|2\n|-enditem|p2a: Ceruledge|Razor Claw|[from] move: Knock Off|[of] p1a: Tsareena\n|move|p2a: Ceruledge|Bitter Blade|p1a: Tsareena\n|-supereffective|p1a: Tsareena\n|-damage|p1a: Tsareena|0 fnt\n|-heal|p2a: Ceruledge|83\/100|[from] drain|[of] p1a: Tsareena\n|faint|p1a: Tsareena\n|\n|upkeep\n|\n|t:|1700236234\n|switch|p1a: Okidogi|Okidogi, M|100\/100\n|turn|14\n|\n|t:|1700236246\n|move|p2a: Ceruledge|Bitter Blade|p1a: Okidogi\n|-damage|p1a: Okidogi|60\/100\n|-heal|p2a: Ceruledge|100\/100|[from] drain|[of] p1a: Okidogi\n|move|p1a: Okidogi|Poison Jab|p2a: Ceruledge\n|-resisted|p2a: Ceruledge\n|-damage|p2a: Ceruledge|62\/100\n|-ability|p2a: Ceruledge|Weak Armor|boost\n|-unboost|p2a: Ceruledge|def|1\n|-boost|p2a: Ceruledge|spe|2\n|\n|-heal|p1a: Okidogi|66\/100|[from] item: Black Sludge\n|upkeep\n|turn|15\n|inactive|Coffeepigeon511 has 120 seconds left.\n|\n|t:|1700236278\n|move|p2a: Ceruledge|Bitter Blade|p1a: Okidogi\n|-damage|p1a: Okidogi|23\/100\n|-heal|p2a: Ceruledge|91\/100|[from] drain|[of] p1a: Okidogi\n|move|p1a: Okidogi|Poison Jab|p2a: Ceruledge\n|-resisted|p2a: Ceruledge\n|-damage|p2a: Ceruledge|36\/100\n|-status|p2a: Ceruledge|psn\n|-ability|p2a: Ceruledge|Weak Armor|boost\n|-unboost|p2a: Ceruledge|def|1\n|-boost|p2a: Ceruledge|spe|2\n|\n|-heal|p1a: Okidogi|29\/100|[from] item: Black Sludge\n|-damage|p2a: Ceruledge|23\/100 psn|[from] psn\n|upkeep\n|turn|16\n|inactive|Coffeepigeon511 has 120 seconds left.\n|\n|t:|1700236295\n|move|p1a: Okidogi|Protect|p1a: Okidogi\n|-singleturn|p1a: Okidogi|Protect\n|move|p2a: Ceruledge|Shadow Claw|p1a: Okidogi\n|-activate|p1a: Okidogi|move: Protect\n|\n|-heal|p1a: Okidogi|35\/100|[from] item: Black Sludge\n|-damage|p2a: Ceruledge|11\/100 psn|[from] psn\n|upkeep\n|turn|17\n|inactive|Coffeepigeon511 has 120 seconds left.\n|\n|t:|1700236305\n|move|p1a: Okidogi|Protect|p1a: Okidogi\n|-singleturn|p1a: Okidogi|Protect\n|move|p2a: Ceruledge|Bitter Blade|p1a: Okidogi\n|-activate|p1a: Okidogi|move: Protect\n|\n|-heal|p1a: Okidogi|41\/100|[from] item: Black Sludge\n|-damage|p2a: Ceruledge|0 fnt|[from] psn\n|faint|p2a: Ceruledge\n|upkeep\n|\n|t:|1700236315\n|switch|p2a: Lokix|Lokix, F|81\/100\n|-activate|p2a: Lokix|move: Sticky Web\n|-unboost|p2a: Lokix|spe|1\n|turn|18\n|\n|t:|1700236322\n|move|p2a: Lokix|First Impression|p1a: Okidogi\n|-resisted|p1a: Okidogi\n|-damage|p1a: Okidogi|16\/100\n|-damage|p2a: Lokix|71\/100|[from] item: Life Orb\n|move|p1a: Okidogi|Drain Punch|p2a: Lokix\n|-damage|p2a: Lokix|5\/100\n|-heal|p1a: Okidogi|40\/100|[from] drain|[of] p2a: Lokix\n|-status|p2a: Lokix|tox|[from] ability: Toxic Chain|[of] p1a: Okidogi\n|\n|-heal|p1a: Okidogi|47\/100|[from] item: Black Sludge\n|-damage|p2a: Lokix|0 fnt|[from] psn\n|faint|p2a: Lokix\n|upkeep\n|\n|t:|1700236338\n|switch|p2a: Glimmora|Glimmora, F|100\/100\n|-activate|p2a: Glimmora|move: Sticky Web\n|-unboost|p2a: Glimmora|spe|1\n|turn|19\n|\n|t:|1700236344\n|move|p1a: Okidogi|Drain Punch|p2a: Glimmora\n|-damage|p2a: Glimmora|58\/100\n|-heal|p1a: Okidogi|64\/100|[from] drain|[of] p2a: Glimmora\n|-activate|p2a: Glimmora|ability: Toxic Debris\n|-sidestart|p1: Coffeepigeon511|move: Toxic Spikes\n|move|p2a: Glimmora|Mortal Spin|p1a: Okidogi\n|-resisted|p1a: Okidogi\n|-damage|p1a: Okidogi|62\/100\n|-sideend|p2: Allan383|Sticky Web|[from] move: Mortal Spin|[of] p2a: Glimmora\n|\n|-heal|p1a: Okidogi|68\/100|[from] item: Black Sludge\n|upkeep\n|turn|20\n|\n|t:|1700236360\n|move|p1a: Okidogi|Drain Punch|p2a: Glimmora\n|-damage|p2a: Glimmora|15\/100\n|-heal|p1a: Okidogi|85\/100|[from] drain|[of] p2a: Glimmora\n|-activate|p2a: Glimmora|ability: Toxic Debris\n|-sidestart|p1: Coffeepigeon511|move: Toxic Spikes\n|move|p2a: Glimmora|Power Gem|p1a: Okidogi\n|-resisted|p1a: Okidogi\n|-damage|p1a: Okidogi|66\/100\n|\n|-heal|p1a: Okidogi|72\/100|[from] item: Black Sludge\n|upkeep\n|turn|21\n|\n|t:|1700236371\n|move|p1a: Okidogi|Drain Punch|p2a: Glimmora\n|-damage|p2a: Glimmora|0 fnt\n|-heal|p1a: Okidogi|78\/100|[from] drain|[of] p2a: Glimmora\n|faint|p2a: Glimmora\n|\n|-heal|p1a: Okidogi|84\/100|[from] item: Black Sludge\n|upkeep\n|\n|t:|1700236380\n|switch|p2a: Iron Hands|Iron Hands|100\/100\n|turn|22\n|\n|t:|1700236386\n|move|p2a: Iron Hands|Fake Out|p1a: Okidogi\n|-damage|p1a: Okidogi|72\/100\n|cant|p1a: Okidogi|flinch\n|\n|-heal|p1a: Okidogi|78\/100|[from] item: Black Sludge\n|upkeep\n|turn|23\n|\n|t:|1700236394\n|move|p1a: Okidogi|Poison Jab|p2a: Iron Hands\n|-damage|p2a: Iron Hands|74\/100\n|-status|p2a: Iron Hands|tox|[from] ability: Toxic Chain|[of] p1a: Okidogi\n|move|p2a: Iron Hands|Swords Dance|p2a: Iron Hands\n|-boost|p2a: Iron Hands|atk|2\n|\n|-heal|p1a: Okidogi|84\/100|[from] item: Black Sludge\n|-heal|p2a: Iron Hands|81\/100 tox|[from] item: Leftovers\n|-damage|p2a: Iron Hands|74\/100 tox|[from] psn\n|upkeep\n|turn|24\n|\n|t:|1700236406\n|move|p1a: Okidogi|Drain Punch|p2a: Iron Hands\n|-damage|p2a: Iron Hands|47\/100 tox\n|-heal|p1a: Okidogi|99\/100|[from] drain|[of] p2a: Iron Hands\n|move|p2a: Iron Hands|Earthquake|p1a: Okidogi\n|-supereffective|p1a: Okidogi\n|-damage|p1a: Okidogi|0 fnt\n|faint|p1a: Okidogi\n|\n|win|Allan383\n|raw|Coffeepigeon511's rating: 1211 &rarr; <strong>1182<\/strong><br \/>(-29 for losing)\n|raw|Allan383's rating: 1150 &rarr; <strong>1179<\/strong><br \/>(+29 for winning)\n|c|\u2606Coffeepigeon511|gg\n|l|\u2606Coffeepigeon511\n","uploadtime":1700236418,"views":10,"p1id":"coffeepigeon511","p2id":"allan383","formatid":"gen9anythinggoes","rating":1179,"private":0,"password":""}