{"id":"gen9anythinggoes-1981910071","p1":"Ghid","p2":"RogerJoseph26","format":"[Gen 9] Anything Goes","log":"|j|\u2606Ghid\n|j|\u2606RogerJoseph26\n|t:|1698950941\n|gametype|singles\n|player|p1|Ghid|red|1339\n|player|p2|RogerJoseph26|101|1418\n|teamsize|p1|6\n|teamsize|p2|6\n|gen|9\n|tier|[Gen 9] Anything Goes\n|rated|\n|rule|HP Percentage Mod: HP is shown in percentages\n|rule|Endless Battle Clause: Forcing endless battles is banned\n|clearpoke\n|poke|p1|Great Tusk|\n|poke|p1|Rotom-Wash|\n|poke|p1|Meowscarada, F|\n|poke|p1|Grimmsnarl, M|\n|poke|p1|Gliscor, F|\n|poke|p1|Arcanine-Hisui, F|\n|poke|p2|Garchomp, M|\n|poke|p2|Miraidon|\n|poke|p2|Dialga-Origin|\n|poke|p2|Calyrex-Shadow|\n|poke|p2|Palkia-Origin|\n|poke|p2|Eternatus|\n|teampreview\n|\n|t:|1698950954\n|start\n|switch|p1a: Rotom|Rotom-Wash|100\/100\n|switch|p2a: Calyrex|Calyrex-Shadow|100\/100\n|-ability|p2a: Calyrex|As One\n|-ability|p2a: Calyrex|Unnerve\n|turn|1\n|\n|t:|1698950960\n|switch|p1a: Grimmsnarl|Grimmsnarl, M|100\/100\n|move|p2a: Calyrex|Nasty Plot|p2a: Calyrex\n|-boost|p2a: Calyrex|spa|2\n|\n|upkeep\n|turn|2\n|\n|t:|1698950973\n|-terastallize|p2a: Calyrex|Normal\n|move|p1a: Grimmsnarl|Light Screen|p1a: Grimmsnarl\n|-sidestart|p1: Ghid|move: Light Screen\n|move|p2a: Calyrex|Astral Barrage|p1a: Grimmsnarl\n|-resisted|p1a: Grimmsnarl\n|-damage|p1a: Grimmsnarl|65\/100\n|\n|upkeep\n|turn|3\n|inactive|Battle timer is ON: inactive players will automatically lose when time's up. (requested by RogerJoseph26)\n|\n|t:|1698950981\n|move|p1a: Grimmsnarl|Parting Shot|p2a: Calyrex\n|-unboost|p2a: Calyrex|atk|1\n|-unboost|p2a: Calyrex|spa|1\n|\n|t:|1698950998\n|switch|p1a: Meowscarada|Meowscarada, F|100\/100|[from] Parting Shot\n|move|p2a: Calyrex|Nasty Plot|p2a: Calyrex\n|-boost|p2a: Calyrex|spa|2\n|\n|upkeep\n|turn|4\n|\n|t:|1698951004\n|move|p1a: Meowscarada|U-turn|p2a: Calyrex\n|-start|p1a: Meowscarada|typechange|Bug|[from] ability: Protean\n|-damage|p2a: Calyrex|59\/100\n|\n|t:|1698951012\n|switch|p1a: Grimmsnarl|Grimmsnarl, M|65\/100|[from] U-turn\n|move|p2a: Calyrex|Astral Barrage|p1a: Grimmsnarl\n|-resisted|p1a: Grimmsnarl\n|-damage|p1a: Grimmsnarl|20\/100\n|\n|upkeep\n|turn|5\n|\n|t:|1698951019\n|move|p1a: Grimmsnarl|Parting Shot|p2a: Calyrex\n|-unboost|p2a: Calyrex|atk|1\n|-unboost|p2a: Calyrex|spa|1\n|\n|t:|1698951026\n|switch|p1a: Meowscarada|Meowscarada, F|100\/100|[from] Parting Shot\n|move|p2a: Calyrex|Astral Barrage|p1a: Meowscarada\n|-resisted|p1a: Meowscarada\n|-damage|p1a: Meowscarada|38\/100\n|\n|upkeep\n|turn|6\n|\n|t:|1698951037\n|move|p1a: Meowscarada|U-turn|p2a: Calyrex\n|-start|p1a: Meowscarada|typechange|Bug|[from] ability: Protean\n|-damage|p2a: Calyrex|12\/100\n|\n|t:|1698951042\n|switch|p1a: Great Tusk|Great Tusk|100\/100|[from] U-turn\n|move|p2a: Calyrex|Nasty Plot|p2a: Calyrex\n|-boost|p2a: Calyrex|spa|2\n|\n|upkeep\n|turn|7\n|\n|t:|1698951051\n|move|p2a: Calyrex|Astral Barrage|p1a: Great Tusk\n|-damage|p1a: Great Tusk|0 fnt\n|faint|p1a: Great Tusk\n|-end|p1a: Great Tusk|Protosynthesis|[silent]\n|-ability|p2a: Calyrex|Grim Neigh|boost\n|-boost|p2a: Calyrex|spa|1\n|\n|upkeep\n|\n|t:|1698951056\n|switch|p1a: Meowscarada|Meowscarada, F|38\/100\n|turn|8\n|\n|t:|1698951058\n|move|p1a: Meowscarada|U-turn|p2a: Calyrex\n|-start|p1a: Meowscarada|typechange|Bug|[from] ability: Protean\n|-damage|p2a: Calyrex|0 fnt\n|faint|p2a: Calyrex\n|\n|t:|1698951065\n|switch|p1a: Grimmsnarl|Grimmsnarl, M|20\/100|[from] U-turn\n|\n|upkeep\n|\n|t:|1698951069\n|switch|p2a: Garchomp|Garchomp, M|100\/100\n|turn|9\n|\n|t:|1698951083\n|move|p1a: Grimmsnarl|Parting Shot|p2a: Garchomp\n|-unboost|p2a: Garchomp|atk|1\n|-unboost|p2a: Garchomp|spa|1\n|\n|t:|1698951091\n|switch|p1a: Rotom|Rotom-Wash|100\/100|[from] Parting Shot\n|move|p2a: Garchomp|Earthquake|p1a: Rotom\n|-immune|p1a: Rotom|[from] ability: Levitate\n|\n|-sideend|p1: Ghid|move: Light Screen\n|upkeep\n|turn|10\n|\n|t:|1698951099\n|switch|p2a: Miraidon|Miraidon|100\/100\n|-fieldstart|move: Electric Terrain|[from] ability: Hadron Engine|[of] p2a: Miraidon\n|move|p1a: Rotom|Will-O-Wisp|p2a: Miraidon\n|-status|p2a: Miraidon|brn\n|\n|-damage|p2a: Miraidon|94\/100 brn|[from] brn\n|upkeep\n|turn|11\n|\n|t:|1698951112\n|switch|p1a: Gliscor|Gliscor, F, shiny|100\/100\n|move|p2a: Miraidon|Calm Mind|p2a: Miraidon\n|-boost|p2a: Miraidon|spa|1\n|-boost|p2a: Miraidon|spd|1\n|\n|-damage|p2a: Miraidon|88\/100 brn|[from] brn\n|-status|p1a: Gliscor|tox|[from] item: Toxic Orb\n|upkeep\n|turn|12\n|\n|t:|1698951121\n|move|p2a: Miraidon|Dragon Pulse|p1a: Gliscor\n|-damage|p1a: Gliscor|23\/100 tox\n|move|p1a: Gliscor|Earthquake|p2a: Miraidon\n|-supereffective|p2a: Miraidon\n|-damage|p2a: Miraidon|22\/100 brn\n|\n|-heal|p1a: Gliscor|35\/100 tox|[from] ability: Poison Heal\n|-damage|p2a: Miraidon|15\/100 brn|[from] brn\n|upkeep\n|turn|13\n|\n|t:|1698951129\n|move|p1a: Gliscor|Protect|p1a: Gliscor\n|-singleturn|p1a: Gliscor|Protect\n|move|p2a: Miraidon|Dragon Pulse|p1a: Gliscor\n|-activate|p1a: Gliscor|move: Protect\n|\n|-heal|p1a: Gliscor|48\/100 tox|[from] ability: Poison Heal\n|-damage|p2a: Miraidon|9\/100 brn|[from] brn\n|upkeep\n|turn|14\n|\n|t:|1698951140\n|switch|p1a: Grimmsnarl|Grimmsnarl, M|20\/100\n|move|p2a: Miraidon|Dragon Pulse|p1a: Grimmsnarl\n|-immune|p1a: Grimmsnarl\n|\n|-damage|p2a: Miraidon|3\/100 brn|[from] brn\n|-fieldend|move: Electric Terrain\n|upkeep\n|turn|15\n|\n|t:|1698951158\n|move|p1a: Grimmsnarl|Parting Shot|p2a: Miraidon\n|-unboost|p2a: Miraidon|atk|1\n|-unboost|p2a: Miraidon|spa|1\n|\n|t:|1698951163\n|switch|p1a: Gliscor|Gliscor, F, shiny|48\/100 tox|[from] Parting Shot\n|move|p2a: Miraidon|Electro Drift|p1a: Gliscor\n|-immune|p1a: Gliscor\n|\n|-heal|p1a: Gliscor|60\/100 tox|[from] ability: Poison Heal\n|-damage|p2a: Miraidon|0 fnt|[from] brn\n|faint|p2a: Miraidon\n|upkeep\n|\n|t:|1698951169\n|switch|p2a: Eternatus|Eternatus|100\/100\n|-ability|p2a: Eternatus|Pressure\n|turn|16\n|\n|t:|1698951178\n|move|p1a: Gliscor|Protect|p1a: Gliscor\n|-singleturn|p1a: Gliscor|Protect\n|move|p2a: Eternatus|Shadow Ball|p1a: Gliscor\n|-activate|p1a: Gliscor|move: Protect\n|\n|-heal|p1a: Gliscor|73\/100 tox|[from] ability: Poison Heal\n|upkeep\n|turn|17\n|\n|t:|1698951189\n|move|p2a: Eternatus|Shadow Ball|p1a: Gliscor\n|-damage|p1a: Gliscor|46\/100 tox\n|-unboost|p1a: Gliscor|spd|1\n|move|p1a: Gliscor|Earthquake|p2a: Eternatus\n|-supereffective|p2a: Eternatus\n|-damage|p2a: Eternatus|44\/100\n|\n|-heal|p1a: Gliscor|58\/100 tox|[from] ability: Poison Heal\n|upkeep\n|turn|18\n|\n|t:|1698951199\n|move|p1a: Gliscor|Protect|p1a: Gliscor\n|-singleturn|p1a: Gliscor|Protect\n|move|p2a: Eternatus|Dynamax Cannon|p1a: Gliscor\n|-activate|p1a: Gliscor|move: Protect\n|\n|-heal|p1a: Gliscor|71\/100 tox|[from] ability: Poison Heal\n|upkeep\n|turn|19\n|\n|t:|1698951206\n|switch|p1a: Grimmsnarl|Grimmsnarl, M|20\/100\n|move|p2a: Eternatus|Dynamax Cannon|p1a: Grimmsnarl\n|-immune|p1a: Grimmsnarl\n|\n|upkeep\n|turn|20\n|\n|t:|1698951211\n|move|p1a: Grimmsnarl|Parting Shot|p2a: Eternatus\n|-unboost|p2a: Eternatus|atk|1\n|-unboost|p2a: Eternatus|spa|1\n|\n|t:|1698951216\n|switch|p1a: Gliscor|Gliscor, F, shiny|71\/100 tox|[from] Parting Shot\n|move|p2a: Eternatus|Flash Cannon|p1a: Gliscor\n|-damage|p1a: Gliscor|52\/100 tox\n|\n|-heal|p1a: Gliscor|64\/100 tox|[from] ability: Poison Heal\n|upkeep\n|turn|21\n|\n|t:|1698951226\n|move|p1a: Gliscor|Protect|p1a: Gliscor\n|-singleturn|p1a: Gliscor|Protect\n|move|p2a: Eternatus|Shadow Ball|p1a: Gliscor\n|-activate|p1a: Gliscor|move: Protect\n|\n|-heal|p1a: Gliscor|77\/100 tox|[from] ability: Poison Heal\n|upkeep\n|turn|22\n|\n|t:|1698951240\n|move|p2a: Eternatus|Shadow Ball|p1a: Gliscor\n|-damage|p1a: Gliscor|58\/100 tox\n|move|p1a: Gliscor|Spikes|p2a: Eternatus\n|-sidestart|p2: RogerJoseph26|Spikes\n|\n|-heal|p1a: Gliscor|71\/100 tox|[from] ability: Poison Heal\n|upkeep\n|turn|23\n|\n|t:|1698951247\n|move|p1a: Gliscor|Protect|p1a: Gliscor\n|-singleturn|p1a: Gliscor|Protect\n|move|p2a: Eternatus|Dynamax Cannon|p1a: Gliscor\n|-activate|p1a: Gliscor|move: Protect\n|\n|-heal|p1a: Gliscor|83\/100 tox|[from] ability: Poison Heal\n|upkeep\n|turn|24\n|\n|t:|1698951256\n|move|p2a: Eternatus|Flash Cannon|p1a: Gliscor\n|-damage|p1a: Gliscor|66\/100 tox\n|move|p1a: Gliscor|Spikes|p2a: Eternatus\n|-sidestart|p2: RogerJoseph26|Spikes\n|\n|-heal|p1a: Gliscor|79\/100 tox|[from] ability: Poison Heal\n|upkeep\n|turn|25\n|\n|t:|1698951266\n|move|p1a: Gliscor|Protect|p1a: Gliscor\n|-singleturn|p1a: Gliscor|Protect\n|move|p2a: Eternatus|Dynamax Cannon|p1a: Gliscor\n|-activate|p1a: Gliscor|move: Protect\n|\n|-heal|p1a: Gliscor|91\/100 tox|[from] ability: Poison Heal\n|upkeep\n|turn|26\n|\n|t:|1698951275\n|move|p2a: Eternatus|Flash Cannon|p1a: Gliscor\n|-damage|p1a: Gliscor|72\/100 tox\n|move|p1a: Gliscor|Spikes|p2a: Eternatus\n|-sidestart|p2: RogerJoseph26|Spikes\n|\n|-heal|p1a: Gliscor|84\/100 tox|[from] ability: Poison Heal\n|upkeep\n|turn|27\n|\n|t:|1698951282\n|move|p1a: Gliscor|Protect|p1a: Gliscor\n|-singleturn|p1a: Gliscor|Protect\n|move|p2a: Eternatus|Flash Cannon|p1a: Gliscor\n|-activate|p1a: Gliscor|move: Protect\n|\n|-heal|p1a: Gliscor|97\/100 tox|[from] ability: Poison Heal\n|upkeep\n|turn|28\n|\n|t:|1698951289\n|move|p2a: Eternatus|Dynamax Cannon|p1a: Gliscor\n|-damage|p1a: Gliscor|61\/100 tox\n|move|p1a: Gliscor|Earthquake|p2a: Eternatus\n|-supereffective|p2a: Eternatus\n|-damage|p2a: Eternatus|0 fnt\n|faint|p2a: Eternatus\n|\n|-heal|p1a: Gliscor|74\/100 tox|[from] ability: Poison Heal\n|upkeep\n|l|\u2606RogerJoseph26\n|inactive|RogerJoseph26 disconnected and has a minute to reconnect!\n|player|p2|\n|inactive|RogerJoseph26 has 30 seconds to reconnect!\n|inactive|RogerJoseph26 has 20 seconds to reconnect!\n|inactive|RogerJoseph26 has 15 seconds to reconnect!\n|inactive|RogerJoseph26 has 10 seconds to reconnect!\n|inactive|RogerJoseph26 has 5 seconds to reconnect!\n|-message|RogerJoseph26 lost due to inactivity.\n|\n|win|Ghid\n|raw|Ghid's rating: 1339 &rarr; <strong>1363<\/strong><br \/>(+24 for winning)\n|raw|RogerJoseph26's rating: 1418 &rarr; <strong>1394<\/strong><br \/>(-24 for losing)\n","uploadtime":1698951373,"views":9,"p1id":"ghid","p2id":"rogerjoseph26","formatid":"gen9anythinggoes","rating":1363,"private":0,"password":""}