{"id":"gen9anythinggoes-1997299066","p1":"TheOmen1298","p2":"baby.shark.828373","format":"[Gen 9] Anything Goes","log":"|j|\u2606TheOmen1298\n|j|\u2606baby.shark.828373\n|t:|1700786366\n|gametype|singles\n|player|p1|TheOmen1298|170|1070\n|player|p2|baby.shark.828373|schoolkid-gen4dp|1127\n|teamsize|p1|6\n|teamsize|p2|6\n|gen|9\n|tier|[Gen 9] Anything Goes\n|rated|\n|rule|HP Percentage Mod: HP is shown in percentages\n|rule|Endless Battle Clause: Forcing endless battles is banned\n|clearpoke\n|poke|p1|Dialga-Origin|\n|poke|p1|Palafin, M|\n|poke|p1|Snorlax, M|\n|poke|p1|Espeon, M|\n|poke|p1|Rotom-Heat|\n|poke|p1|Garchomp, M|\n|poke|p2|Arceus|\n|poke|p2|Ting-Lu|\n|poke|p2|Zacian-*|\n|poke|p2|Eternatus|\n|poke|p2|Koraidon|\n|poke|p2|Calyrex-Shadow|\n|teampreview\n|inactive|Battle timer is ON: inactive players will automatically lose when time's up. (requested by baby.shark.828373)\n|\n|t:|1700786381\n|start\n|switch|p1a: Garchomp|Garchomp, M|100\/100\n|switch|p2a: Zacian|Zacian-Crowned|100\/100\n|-ability|p2a: Zacian|Intrepid Sword|boost\n|-boost|p2a: Zacian|atk|1\n|turn|1\n|\n|t:|1700786394\n|-terastallize|p2a: Zacian|Fairy\n|move|p2a: Zacian|Behemoth Blade|p1a: Garchomp\n|-damage|p1a: Garchomp|3\/100\n|-damage|p2a: Zacian|88\/100|[from] ability: Rough Skin|[of] p1a: Garchomp\n|move|p1a: Garchomp|Earthquake|p2a: Zacian\n|-damage|p2a: Zacian|37\/100\n|\n|upkeep\n|turn|2\n|\n|t:|1700786406\n|move|p2a: Zacian|Behemoth Blade|p1a: Garchomp\n|-damage|p1a: Garchomp|0 fnt\n|-damage|p2a: Zacian|24\/100|[from] ability: Rough Skin|[of] p1a: Garchomp\n|faint|p1a: Garchomp\n|\n|upkeep\n|\n|t:|1700786415\n|switch|p1a: Snorlax|Snorlax, M|100\/100\n|turn|3\n|\n|t:|1700786421\n|move|p2a: Zacian|Close Combat|p1a: Snorlax\n|-supereffective|p1a: Snorlax\n|-damage|p1a: Snorlax|2\/100\n|-unboost|p2a: Zacian|def|1\n|-unboost|p2a: Zacian|spd|1\n|move|p1a: Snorlax|Crunch|p2a: Zacian\n|-resisted|p2a: Zacian\n|-damage|p2a: Zacian|12\/100\n|-unboost|p2a: Zacian|def|1\n|\n|upkeep\n|turn|4\n|\n|t:|1700786436\n|move|p2a: Zacian|Behemoth Blade|p1a: Snorlax\n|-damage|p1a: Snorlax|0 fnt\n|faint|p1a: Snorlax\n|\n|upkeep\n|\n|t:|1700786447\n|switch|p1a: Dialga|Dialga-Origin|100\/100\n|-ability|p1a: Dialga|Pressure\n|turn|5\n|\n|t:|1700786454\n|move|p2a: Zacian|Close Combat|p1a: Dialga\n|-supereffective|p1a: Dialga\n|-damage|p1a: Dialga|0 fnt\n|-unboost|p2a: Zacian|def|1\n|-unboost|p2a: Zacian|spd|1\n|faint|p1a: Dialga\n|\n|upkeep\n|\n|t:|1700786462\n|switch|p1a: Espeon|Espeon, M|100\/100\n|turn|6\n|\n|t:|1700786471\n|move|p2a: Zacian|Behemoth Blade|p1a: Espeon\n|-damage|p1a: Espeon|0 fnt\n|faint|p1a: Espeon\n|\n|upkeep\n|\n|t:|1700786477\n|switch|p1a: Palafin|Palafin, M|100\/100\n|turn|7\n|\n|t:|1700786482\n|detailschange|p1a: Palafin|Palafin-Hero, M\n|switch|p1a: Rotom|Rotom-Heat|100\/100\n|move|p2a: Zacian|Wild Charge|p1a: Rotom\n|-resisted|p1a: Rotom\n|-damage|p1a: Rotom|70\/100\n|-damage|p2a: Zacian|0 fnt|[from] item: Rocky Helmet|[of] p1a: Rotom\n|faint|p2a: Zacian\n|\n|upkeep\n|\n|t:|1700786494\n|switch|p2a: Ting-Lu|Ting-Lu|100\/100\n|-ability|p2a: Ting-Lu|Vessel of Ruin\n|turn|8\n|\n|t:|1700786503\n|move|p1a: Rotom|Shadow Ball|p2a: Ting-Lu\n|-resisted|p2a: Ting-Lu\n|-damage|p2a: Ting-Lu|94\/100\n|move|p2a: Ting-Lu|Stealth Rock|p1a: Rotom\n|-sidestart|p1: TheOmen1298|move: Stealth Rock\n|\n|-heal|p2a: Ting-Lu|100\/100|[from] item: Leftovers\n|upkeep\n|turn|9\n|\n|t:|1700786517\n|move|p1a: Rotom|Facade|p2a: Ting-Lu\n|-damage|p2a: Ting-Lu|94\/100\n|move|p2a: Ting-Lu|Spikes|p1a: Rotom\n|-sidestart|p1: TheOmen1298|Spikes\n|\n|-heal|p2a: Ting-Lu|99\/100|[from] item: Leftovers\n|upkeep\n|turn|10\n|\n|t:|1700786526\n|move|p1a: Rotom|Facade|p2a: Ting-Lu\n|-damage|p2a: Ting-Lu|94\/100\n|move|p2a: Ting-Lu|Spikes|p1a: Rotom\n|-sidestart|p1: TheOmen1298|Spikes\n|\n|-heal|p2a: Ting-Lu|100\/100|[from] item: Leftovers\n|upkeep\n|turn|11\n|\n|t:|1700786535\n|move|p1a: Rotom|Facade|p2a: Ting-Lu\n|-damage|p2a: Ting-Lu|94\/100\n|move|p2a: Ting-Lu|Spikes|p1a: Rotom\n|-sidestart|p1: TheOmen1298|Spikes\n|\n|-heal|p2a: Ting-Lu|99\/100|[from] item: Leftovers\n|upkeep\n|turn|12\n|\n|t:|1700786544\n|move|p1a: Rotom|Shadow Ball|p2a: Ting-Lu\n|-resisted|p2a: Ting-Lu\n|-damage|p2a: Ting-Lu|95\/100\n|-unboost|p2a: Ting-Lu|spd|1\n|move|p2a: Ting-Lu|Whirlwind|p1a: Rotom\n|drag|p1a: Palafin|Palafin-Hero, M|100\/100\n|-damage|p1a: Palafin|88\/100|[from] Stealth Rock\n|-damage|p1a: Palafin|63\/100|[from] Spikes\n|-activate|p1a: Palafin|ability: Zero to Hero\n|\n|-heal|p2a: Ting-Lu|100\/100|[from] item: Leftovers\n|upkeep\n|turn|13\n|\n|t:|1700786561\n|-terastallize|p1a: Palafin|Fairy\n|move|p1a: Palafin|Iron Head|p2a: Ting-Lu\n|-damage|p2a: Ting-Lu|82\/100\n|move|p2a: Ting-Lu|Whirlwind|p1a: Palafin\n|drag|p1a: Rotom|Rotom-Heat|70\/100\n|-damage|p1a: Rotom|45\/100|[from] Stealth Rock\n|\n|-heal|p2a: Ting-Lu|88\/100|[from] item: Leftovers\n|upkeep\n|turn|14\n|\n|t:|1700786574\n|move|p1a: Rotom|Discharge|p2a: Ting-Lu\n|-immune|p2a: Ting-Lu\n|move|p2a: Ting-Lu|Whirlwind|p1a: Rotom\n|drag|p1a: Palafin|Palafin-Hero, M, tera:Fairy|63\/100\n|-damage|p1a: Palafin|51\/100|[from] Stealth Rock\n|-damage|p1a: Palafin|26\/100|[from] Spikes\n|\n|-heal|p2a: Ting-Lu|94\/100|[from] item: Leftovers\n|upkeep\n|turn|15\n|n|!TheOmen1298|theomen1298\n|inactive|TheOmen1298 has 120 seconds left.\n|\n|t:|1700786600\n|move|p1a: Palafin|Ice Punch|p2a: Ting-Lu\n|-supereffective|p2a: Ting-Lu\n|-damage|p2a: Ting-Lu|58\/100\n|move|p2a: Ting-Lu|Whirlwind|p1a: Palafin\n|drag|p1a: Rotom|Rotom-Heat|45\/100\n|-damage|p1a: Rotom|20\/100|[from] Stealth Rock\n|\n|-heal|p2a: Ting-Lu|65\/100|[from] item: Leftovers\n|upkeep\n|turn|16\n|inactive|TheOmen1298 has 120 seconds left.\n|\n|t:|1700786617\n|move|p1a: Rotom|Overheat|p2a: Ting-Lu|[miss]\n|-miss|p1a: Rotom|p2a: Ting-Lu\n|move|p2a: Ting-Lu|Whirlwind|p1a: Rotom\n|drag|p1a: Palafin|Palafin-Hero, M, tera:Fairy|26\/100\n|-damage|p1a: Palafin|14\/100|[from] Stealth Rock\n|-damage|p1a: Palafin|0 fnt|[from] Spikes\n|faint|p1a: Palafin\n|\n|-heal|p2a: Ting-Lu|71\/100|[from] item: Leftovers\n|upkeep\n|inactive|TheOmen1298 has 120 seconds left.\n|\n|t:|1700786630\n|switch|p1a: Rotom|Rotom-Heat|20\/100\n|-damage|p1a: Rotom|0 fnt|[from] Stealth Rock\n|faint|p1a: Rotom\n|\n|win|baby.shark.828373\n|raw|TheOmen1298's rating: 1070 &rarr; <strong>1053<\/strong><br \/>(-17 for losing)\n|raw|baby.shark.828373's rating: 1127 &rarr; <strong>1148<\/strong><br \/>(+21 for winning)\n","uploadtime":1700786590,"views":0,"p1id":"theomen1298","p2id":"babyshark828373","formatid":"gen9anythinggoes","rating":1053,"private":0,"password":""}