{"id":"gen9anythinggoes-1997462405","p1":"scytherwing","p2":"boogerglazed","format":"[Gen 9] Anything Goes","log":"|j|\u2606scytherwing\n|j|\u2606boogerglazed\n|t:|1700809573\n|gametype|singles\n|player|p1|scytherwing|thorton|1170\n|player|p2|boogerglazed|1|1165\n|teamsize|p1|6\n|teamsize|p2|6\n|gen|9\n|tier|[Gen 9] Anything Goes\n|rated|\n|rule|HP Percentage Mod: HP is shown in percentages\n|rule|Endless Battle Clause: Forcing endless battles is banned\n|clearpoke\n|poke|p1|Sinistcha-Masterpiece|\n|poke|p1|Quaxwell, F|\n|poke|p1|Scorbunny, F|\n|poke|p1|Avalugg, F|\n|poke|p1|Chansey, F|\n|poke|p1|Volbeat, M|\n|poke|p2|Torterra, M|\n|poke|p2|Goodra-Hisui, M|\n|poke|p2|Maushold|\n|poke|p2|Tsareena, F|\n|poke|p2|Darkrai|\n|poke|p2|Sneasler, F|\n|teampreview\n|inactive|Battle timer is ON: inactive players will automatically lose when time's up. (requested by scytherwing)\n|\n|t:|1700809591\n|start\n|switch|p1a: #313|Volbeat, M|100\/100\n|switch|p2a: Tsareena|Tsareena, F, shiny|100\/100\n|turn|1\n|\n|t:|1700809600\n|move|p2a: Tsareena|Trailblaze|p1a: #313\n|-resisted|p1a: #313\n|-damage|p1a: #313|77\/100\n|-boost|p2a: Tsareena|spe|1\n|move|p1a: #313|Tail Glow|p1a: #313\n|-boost|p1a: #313|spa|3\n|\n|upkeep\n|turn|2\n|\n|t:|1700809618\n|move|p2a: Tsareena|Trailblaze|p1a: #313\n|-resisted|p1a: #313\n|-damage|p1a: #313|57\/100\n|-boost|p2a: Tsareena|spe|1\n|move|p1a: #313|Bug Buzz|p2a: Tsareena\n|-supereffective|p2a: Tsareena\n|-damage|p2a: Tsareena|0 fnt\n|faint|p2a: Tsareena\n|\n|upkeep\n|\n|t:|1700809635\n|switch|p2a: Maushold|Maushold|100\/100\n|turn|3\n|\n|t:|1700809639\n|move|p1a: #313|Endure|p1a: #313\n|-singleturn|p1a: #313|move: Endure\n|move|p2a: Maushold|Tidy Up|p2a: Maushold\n|-boost|p2a: Maushold|atk|1\n|-boost|p2a: Maushold|spe|1\n|\n|upkeep\n|turn|4\n|\n|t:|1700809645\n|move|p2a: Maushold|Population Bomb|p1a: #313\n|-damage|p1a: #313|27\/100\n|-damage|p1a: #313|0 fnt\n|faint|p1a: #313\n|-hitcount|p1: #313|2\n|\n|upkeep\n|\n|t:|1700809650\n|switch|p1a: #1013|Sinistcha-Masterpiece|100\/100\n|turn|5\n|\n|t:|1700809654\n|move|p2a: Maushold|Tidy Up|p2a: Maushold\n|-boost|p2a: Maushold|atk|1\n|-boost|p2a: Maushold|spe|1\n|move|p1a: #1013|Matcha Gotcha|p2a: Maushold\n|-damage|p2a: Maushold|39\/100\n|\n|-heal|p2a: Maushold|45\/100|[from] item: Leftovers\n|upkeep\n|turn|6\n|\n|t:|1700809662\n|move|p2a: Maushold|Shadow Claw|p1a: #1013\n|-supereffective|p1a: #1013\n|-damage|p1a: #1013|33\/100\n|move|p1a: #1013|Matcha Gotcha|p2a: Maushold\n|-crit|p2a: Maushold\n|-damage|p2a: Maushold|0 fnt\n|-heal|p1a: #1013|52\/100|[from] drain|[of] p2a: Maushold\n|faint|p2a: Maushold\n|\n|-heal|p1a: #1013|58\/100|[from] item: Leftovers\n|upkeep\n|\n|t:|1700809680\n|switch|p2a: Goodra|Goodra-Hisui, M, shiny|100\/100\n|turn|7\n|\n|t:|1700809693\n|move|p1a: #1013|Strength Sap|p2a: Goodra\n|-unboost|p2a: Goodra|atk|1\n|-heal|p1a: #1013|100\/100\n|move|p2a: Goodra|Sludge Bomb|p1a: #1013\n|-damage|p1a: #1013|75\/100\n|\n|-heal|p1a: #1013|81\/100|[from] item: Leftovers\n|upkeep\n|turn|8\n|\n|t:|1700809703\n|switch|p1a: #113|Chansey, F|100\/100\n|move|p2a: Goodra|Acid Armor|p2a: Goodra\n|-boost|p2a: Goodra|def|2\n|\n|upkeep\n|turn|9\n|\n|t:|1700809712\n|move|p2a: Goodra|Sludge Bomb|p1a: #113\n|-damage|p1a: #113|91\/100\n|move|p1a: #113|Blizzard|p2a: Goodra\n|-damage|p2a: Goodra|89\/100\n|\n|upkeep\n|turn|10\n|\n|t:|1700809717\n|move|p2a: Goodra|Sludge Bomb|p1a: #113\n|-damage|p1a: #113|80\/100\n|move|p1a: #113|Blizzard|p2a: Goodra\n|-damage|p2a: Goodra|76\/100\n|\n|upkeep\n|turn|11\n|\n|t:|1700809723\n|move|p2a: Goodra|Sludge Bomb|p1a: #113\n|-damage|p1a: #113|69\/100\n|move|p1a: #113|Blizzard|p2a: Goodra|[miss]\n|-miss|p1a: #113|p2a: Goodra\n|\n|upkeep\n|turn|12\n|\n|t:|1700809731\n|move|p2a: Goodra|Sludge Bomb|p1a: #113\n|-damage|p1a: #113|58\/100\n|-status|p1a: #113|psn\n|move|p1a: #113|Blizzard|p2a: Goodra\n|-damage|p2a: Goodra|63\/100\n|\n|-damage|p1a: #113|46\/100 psn|[from] psn\n|upkeep\n|turn|13\n|\n|t:|1700809739\n|move|p2a: Goodra|Acid Armor|p2a: Goodra\n|-boost|p2a: Goodra|def|2\n|move|p1a: #113|Blizzard|p2a: Goodra\n|-crit|p2a: Goodra\n|-damage|p2a: Goodra|46\/100\n|-status|p2a: Goodra|frz\n|\n|-damage|p1a: #113|34\/100 psn|[from] psn\n|upkeep\n|turn|14\n|\n|t:|1700809752\n|switch|p1a: #1013|Sinistcha-Masterpiece|81\/100\n|-curestatus|p2a: Goodra|frz|[msg]\n|move|p2a: Goodra|Acid Armor|p2a: Goodra\n|-boost|p2a: Goodra|def|2\n|\n|-heal|p1a: #1013|87\/100|[from] item: Leftovers\n|upkeep\n|turn|15\n|\n|t:|1700809760\n|move|p1a: #1013|Matcha Gotcha|p2a: Goodra\n|-resisted|p2a: Goodra\n|-damage|p2a: Goodra|39\/100\n|-heal|p1a: #1013|90\/100|[from] drain|[of] p2a: Goodra\n|move|p2a: Goodra|Sludge Bomb|p1a: #1013\n|-damage|p1a: #1013|61\/100\n|\n|-heal|p1a: #1013|68\/100|[from] item: Leftovers\n|upkeep\n|turn|16\n|\n|t:|1700809769\n|move|p1a: #1013|Scald|p2a: Goodra\n|-resisted|p2a: Goodra\n|-damage|p2a: Goodra|30\/100\n|move|p2a: Goodra|Sludge Bomb|p1a: #1013\n|-crit|p1a: #1013\n|-damage|p1a: #1013|26\/100\n|-status|p1a: #1013|psn\n|\n|-heal|p1a: #1013|32\/100 psn|[from] item: Leftovers\n|-damage|p1a: #1013|20\/100 psn|[from] psn\n|upkeep\n|turn|17\n|c|\u2606scytherwing|ofc\n|c|\u2606scytherwing|only rotrded sweats be lucky\n|c|\u2606scytherwing|with zero skill\n|\n|t:|1700809786\n|switch|p1a: #113|Chansey, F|34\/100 psn\n|move|p2a: Goodra|Sludge Bomb|p1a: #113\n|-damage|p1a: #113|23\/100 psn\n|\n|-damage|p1a: #113|11\/100 psn|[from] psn\n|upkeep\n|turn|18\n|\n|t:|1700809796\n|move|p2a: Goodra|Sludge Bomb|p1a: #113\n|-damage|p1a: #113|0 fnt\n|faint|p1a: #113\n|\n|upkeep\n|\n|t:|1700809798\n|switch|p1a: #1013|Sinistcha-Masterpiece|20\/100 psn\n|turn|19\n|\n|t:|1700809802\n|move|p1a: #1013|Strength Sap|p2a: Goodra\n|-unboost|p2a: Goodra|atk|1\n|-heal|p1a: #1013|59\/100 psn\n|move|p2a: Goodra|Sludge Bomb|p1a: #1013\n|-damage|p1a: #1013|31\/100 psn\n|\n|-heal|p1a: #1013|37\/100 psn|[from] item: Leftovers\n|-damage|p1a: #1013|24\/100 psn|[from] psn\n|upkeep\n|turn|20\n|\n|t:|1700809812\n|move|p1a: #1013|Hex|p2a: Goodra\n|-damage|p2a: Goodra|6\/100\n|-enditem|p2a: Goodra|Iapapa Berry|[eat]\n|-heal|p2a: Goodra|39\/100|[from] item: Iapapa Berry\n|move|p2a: Goodra|Sludge Bomb|p1a: #1013\n|-damage|p1a: #1013|0 fnt\n|faint|p1a: #1013\n|\n|upkeep\n|\n|t:|1700809820\n|switch|p1a: #813|Scorbunny, F|100\/100\n|turn|21\n|\n|t:|1700809831\n|move|p2a: Goodra|Sludge Bomb|p1a: #813\n|-damage|p1a: #813|54\/100\n|-status|p1a: #813|psn\n|move|p1a: #813|Counter||[still]\n|-fail|p1a: #813\n|\n|-damage|p1a: #813|41\/100 psn|[from] psn\n|upkeep\n|turn|22\n|c|\u2606scytherwing|fk u idiot\n|-message|scytherwing forfeited.\n|\n|win|boogerglazed\n|raw|scytherwing's rating: 1170 &rarr; <strong>1145<\/strong><br \/>(-25 for losing)\n|raw|boogerglazed's rating: 1165 &rarr; <strong>1190<\/strong><br \/>(+25 for winning)\n|l|\u2606scytherwing\n","uploadtime":1700809838,"views":0,"p1id":"scytherwing","p2id":"boogerglazed","formatid":"gen9anythinggoes","rating":1145,"private":0,"password":""}