{"id":"gen9anythinggoes-1973340542","p1":"Memezter","p2":"MAFIA_JOKER","format":"[Gen 9] Anything Goes","log":"|j|\u2606Memezter\n|j|\u2606MAFIA_JOKER\n|t:|1697957664\n|gametype|singles\n|player|p1|Memezter|pokemaniac|1041\n|player|p2|MAFIA_JOKER|265|1030\n|teamsize|p1|6\n|teamsize|p2|6\n|gen|9\n|tier|[Gen 9] Anything Goes\n|rated|\n|rule|HP Percentage Mod: HP is shown in percentages\n|rule|Endless Battle Clause: Forcing endless battles is banned\n|clearpoke\n|poke|p1|Iron Valiant|\n|poke|p1|Iron Valiant|\n|poke|p1|Iron Valiant|\n|poke|p1|Iron Valiant|\n|poke|p1|Iron Valiant|\n|poke|p1|Kingambit, M|\n|poke|p2|Dialga-Origin|\n|poke|p2|Cresselia, F|\n|poke|p2|Rayquaza|\n|poke|p2|Giratina-Origin|\n|poke|p2|Miraidon|\n|poke|p2|Koraidon|\n|teampreview\n|\n|t:|1697957673\n|start\n|switch|p1a: Iron Valiant|Iron Valiant|100\/100\n|switch|p2a: Rayquaza|Rayquaza|100\/100\n|-ability|p2a: Rayquaza|Air Lock\n|turn|1\n|\n|t:|1697957688\n|move|p1a: Iron Valiant|Destiny Bond|p1a: Iron Valiant\n|-singlemove|p1a: Iron Valiant|Destiny Bond\n|move|p2a: Rayquaza|Draco Meteor|p1a: Iron Valiant\n|-immune|p1a: Iron Valiant\n|\n|upkeep\n|turn|2\n|\n|t:|1697957696\n|switch|p2a: Cresselia|Cresselia, F|100\/100\n|move|p1a: Iron Valiant|Knock Off|p2a: Cresselia\n|-supereffective|p2a: Cresselia\n|-damage|p2a: Cresselia|59\/100\n|-enditem|p2a: Cresselia|Assault Vest|[from] move: Knock Off|[of] p1a: Iron Valiant\n|\n|upkeep\n|turn|3\n|\n|t:|1697957706\n|move|p1a: Iron Valiant|Encore||[still]\n|-fail|p1a: Iron Valiant\n|move|p2a: Cresselia|Psychic|p1a: Iron Valiant\n|-supereffective|p1a: Iron Valiant\n|-damage|p1a: Iron Valiant|9\/100\n|\n|upkeep\n|turn|4\n|\n|t:|1697957713\n|move|p1a: Iron Valiant|Destiny Bond|p1a: Iron Valiant\n|-singlemove|p1a: Iron Valiant|Destiny Bond\n|move|p2a: Cresselia|Psychic|p1a: Iron Valiant\n|-supereffective|p1a: Iron Valiant\n|-damage|p1a: Iron Valiant|0 fnt\n|faint|p1a: Iron Valiant\n|-activate|p1a: Iron Valiant|move: Destiny Bond\n|-end|p1a: Iron Valiant|Quark Drive|[silent]\n|faint|p2a: Cresselia\n|\n|upkeep\n|\n|t:|1697957727\n|switch|p1a: Iron Valiant|Iron Valiant|100\/100\n|switch|p2a: Dialga|Dialga-Origin|100\/100\n|-ability|p2a: Dialga|Pressure\n|turn|5\n|\n|t:|1697957734\n|move|p1a: Iron Valiant|Destiny Bond|p1a: Iron Valiant\n|-singlemove|p1a: Iron Valiant|Destiny Bond\n|move|p2a: Dialga|Roar of Time|p1a: Iron Valiant\n|-immune|p1a: Iron Valiant\n|\n|upkeep\n|turn|6\n|\n|t:|1697957748\n|switch|p2a: Giratina|Giratina-Origin|100\/100\n|move|p1a: Iron Valiant|Disable||[still]\n|-fail|p1a: Iron Valiant\n|\n|upkeep\n|turn|7\n|\n|t:|1697957755\n|move|p1a: Iron Valiant|Destiny Bond|p1a: Iron Valiant\n|-singlemove|p1a: Iron Valiant|Destiny Bond\n|move|p2a: Giratina|Dragon Pulse|p1a: Iron Valiant\n|-immune|p1a: Iron Valiant\n|\n|upkeep\n|turn|8\n|\n|t:|1697957766\n|move|p1a: Iron Valiant|Knock Off|p2a: Giratina\n|-supereffective|p2a: Giratina\n|-damage|p2a: Giratina|76\/100\n|move|p2a: Giratina|Shadow Ball|p1a: Iron Valiant\n|-damage|p1a: Iron Valiant|48\/100\n|\n|upkeep\n|turn|9\n|\n|t:|1697957776\n|move|p1a: Iron Valiant|Destiny Bond|p1a: Iron Valiant\n|-singlemove|p1a: Iron Valiant|Destiny Bond\n|move|p2a: Giratina|Shadow Ball|p1a: Iron Valiant\n|-damage|p1a: Iron Valiant|0 fnt\n|faint|p1a: Iron Valiant\n|-activate|p1a: Iron Valiant|move: Destiny Bond\n|-end|p1a: Iron Valiant|Quark Drive|[silent]\n|faint|p2a: Giratina\n|\n|upkeep\n|\n|t:|1697957791\n|switch|p1a: Iron Valiant|Iron Valiant|100\/100\n|switch|p2a: Koraidon|Koraidon|100\/100\n|-weather|SunnyDay|[from] ability: Orichalcum Pulse|[of] p2a: Koraidon\n|-activate|p2a: Koraidon|Orichalcum Pulse|[source]\n|turn|10\n|c|\u2606Memezter|this is fun\n|\n|t:|1697957801\n|-singleturn|p2a: Koraidon|move: Focus Punch\n|move|p1a: Iron Valiant|Encore||[still]\n|-fail|p1a: Iron Valiant\n|move|p2a: Koraidon|Focus Punch|p1a: Iron Valiant\n|-resisted|p1a: Iron Valiant\n|-damage|p1a: Iron Valiant|55\/100\n|\n|-weather|SunnyDay|[upkeep]\n|upkeep\n|turn|11\n|\n|t:|1697957811\n|-singleturn|p2a: Koraidon|move: Focus Punch\n|move|p1a: Iron Valiant|Encore|p2a: Koraidon\n|-start|p2a: Koraidon|Encore\n|move|p2a: Koraidon|Focus Punch|p1a: Iron Valiant\n|-resisted|p1a: Iron Valiant\n|-damage|p1a: Iron Valiant|8\/100\n|\n|-weather|SunnyDay|[upkeep]\n|upkeep\n|turn|12\n|\n|t:|1697957822\n|-singleturn|p2a: Koraidon|move: Focus Punch\n|move|p1a: Iron Valiant|Destiny Bond|p1a: Iron Valiant\n|-singlemove|p1a: Iron Valiant|Destiny Bond\n|move|p2a: Koraidon|Focus Punch|p1a: Iron Valiant\n|-resisted|p1a: Iron Valiant\n|-damage|p1a: Iron Valiant|0 fnt\n|faint|p1a: Iron Valiant\n|-activate|p1a: Iron Valiant|move: Destiny Bond\n|-end|p1a: Iron Valiant|Quark Drive|[silent]\n|faint|p2a: Koraidon\n|\n|-weather|SunnyDay|[upkeep]\n|upkeep\n|\n|t:|1697957837\n|switch|p1a: Iron Valiant|Iron Valiant|100\/100\n|switch|p2a: Rayquaza|Rayquaza|100\/100\n|-ability|p2a: Rayquaza|Air Lock\n|turn|13\n|\n|t:|1697957848\n|move|p1a: Iron Valiant|Destiny Bond|p1a: Iron Valiant\n|-singlemove|p1a: Iron Valiant|Destiny Bond\n|move|p2a: Rayquaza|Dragon Ascent|p1a: Iron Valiant\n|-supereffective|p1a: Iron Valiant\n|-damage|p1a: Iron Valiant|0 fnt\n|-unboost|p2a: Rayquaza|def|1\n|-unboost|p2a: Rayquaza|spd|1\n|faint|p1a: Iron Valiant\n|-activate|p1a: Iron Valiant|move: Destiny Bond\n|-end|p1a: Iron Valiant|Quark Drive|[silent]\n|faint|p2a: Rayquaza\n|\n|-weather|SunnyDay|[upkeep]\n|upkeep\n|\n|t:|1697957863\n|switch|p1a: Kingambit|Kingambit, M, shiny|100\/100\n|switch|p2a: Dialga|Dialga-Origin|100\/100\n|-activate|p1a: Kingambit|ability: Supreme Overlord\n|-start|p1a: Kingambit|fallen4|[silent]\n|-ability|p2a: Dialga|Pressure\n|turn|14\n|\n|t:|1697957873\n|-end|p1a: Kingambit|fallen4|[silent]\n|switch|p1a: Iron Valiant|Iron Valiant|100\/100\n|move|p2a: Dialga|Roar of Time|p1a: Iron Valiant\n|-immune|p1a: Iron Valiant\n|\n|-weather|none\n|upkeep\n|turn|15\n|\n|t:|1697957884\n|move|p1a: Iron Valiant|Destiny Bond|p1a: Iron Valiant\n|-singlemove|p1a: Iron Valiant|Destiny Bond\n|move|p2a: Dialga|Dragon Pulse|p1a: Iron Valiant\n|-immune|p1a: Iron Valiant\n|\n|upkeep\n|turn|16\n|\n|t:|1697957894\n|move|p1a: Iron Valiant|Disable|p2a: Dialga\n|-start|p2a: Dialga|Disable|Dragon Pulse\n|move|p2a: Dialga|Draco Meteor|p1a: Iron Valiant\n|-immune|p1a: Iron Valiant\n|\n|upkeep\n|turn|17\n|\n|t:|1697957904\n|move|p1a: Iron Valiant|Destiny Bond|p1a: Iron Valiant\n|-singlemove|p1a: Iron Valiant|Destiny Bond\n|move|p2a: Dialga|Dragon Claw|p1a: Iron Valiant\n|-immune|p1a: Iron Valiant\n|\n|upkeep\n|turn|18\n|\n|t:|1697957919\n|switch|p2a: Miraidon|Miraidon|100\/100\n|-fieldstart|move: Electric Terrain|[from] ability: Hadron Engine|[of] p2a: Miraidon\n|-activate|p1a: Iron Valiant|ability: Quark Drive\n|-start|p1a: Iron Valiant|quarkdrivespe\n|move|p1a: Iron Valiant|Disable||[still]\n|-fail|p1a: Iron Valiant\n|\n|upkeep\n|turn|19\n|\n|t:|1697957930\n|move|p1a: Iron Valiant|Destiny Bond|p1a: Iron Valiant\n|-singlemove|p1a: Iron Valiant|Destiny Bond\n|move|p2a: Miraidon|Electro Drift|p1a: Iron Valiant\n|-damage|p1a: Iron Valiant|0 fnt\n|faint|p1a: Iron Valiant\n|-activate|p1a: Iron Valiant|move: Destiny Bond\n|-end|p1a: Iron Valiant|Quark Drive|[silent]\n|faint|p2a: Miraidon\n|\n|upkeep\n|\n|t:|1697957941\n|switch|p1a: Kingambit|Kingambit, M, shiny|100\/100\n|switch|p2a: Dialga|Dialga-Origin|100\/100\n|-activate|p1a: Kingambit|ability: Supreme Overlord\n|-start|p1a: Kingambit|fallen5|[silent]\n|-ability|p2a: Dialga|Pressure\n|turn|20\n|c|\u2606Memezter|gg\n|\n|t:|1697957957\n|-terastallize|p1a: Kingambit|Fairy\n|-terastallize|p2a: Dialga|Steel\n|move|p1a: Kingambit|Brick Break|p2a: Dialga\n|-supereffective|p2a: Dialga\n|-damage|p2a: Dialga|42\/100\n|move|p2a: Dialga|Roar of Time|p1a: Kingambit\n|-immune|p1a: Kingambit\n|\n|upkeep\n|turn|21\n|\n|t:|1697957969\n|move|p1a: Kingambit|Brick Break|p2a: Dialga\n|-supereffective|p2a: Dialga\n|-damage|p2a: Dialga|0 fnt\n|faint|p2a: Dialga\n|\n|win|Memezter\n|raw|Memezter's rating: 1041 &rarr; <strong>1074<\/strong><br \/>(+33 for winning)\n|raw|MAFIA_JOKER's rating: 1030 &rarr; <strong>1016<\/strong><br \/>(-14 for losing)\n|c|\u2606Memezter|gg\n","uploadtime":1697957978,"views":11,"p1id":"memezter","p2id":"mafiajoker","formatid":"gen9anythinggoes","rating":1016,"private":0,"password":""}