{"id":"gen9anythinggoes-1974939418","p1":"Lildkenergy69","p2":"Lapin2111","format":"[Gen 9] Anything Goes","log":"|j|\u2606Lildkenergy69\n|j|\u2606Lapin2111\n|t:|1698147234\n|gametype|singles\n|player|p1|Lildkenergy69|medium|1511\n|player|p2|Lapin2111|caitlin|1590\n|teamsize|p1|6\n|teamsize|p2|6\n|gen|9\n|tier|[Gen 9] Anything Goes\n|rated|\n|rule|HP Percentage Mod: HP is shown in percentages\n|rule|Endless Battle Clause: Forcing endless battles is banned\n|clearpoke\n|poke|p1|Miraidon|\n|poke|p1|Koraidon|\n|poke|p1|Giratina-Origin|\n|poke|p1|Hoopa-Unbound|\n|poke|p1|Calyrex-Ice|\n|poke|p1|Zacian-*|\n|poke|p2|Calyrex-Shadow|\n|poke|p2|Koraidon|\n|poke|p2|Landorus-Therian, M|\n|poke|p2|Arceus-Dark|\n|poke|p2|Arceus-Fairy|\n|poke|p2|Miraidon|\n|teampreview\n|inactive|Battle timer is ON: inactive players will automatically lose when time's up. (requested by Lapin2111)\n|\n|t:|1698147263\n|start\n|switch|p1a: Calyrex|Calyrex-Ice|100\/100\n|switch|p2a: Landorus|Landorus-Therian, M, shiny|100\/100\n|-ability|p1a: Calyrex|As One\n|-ability|p1a: Calyrex|Unnerve\n|-ability|p2a: Landorus|Intimidate|boost\n|-unboost|p1a: Calyrex|atk|1\n|turn|1\n|\n|t:|1698147273\n|move|p2a: Landorus|U-turn|p1a: Calyrex\n|-supereffective|p1a: Calyrex\n|-damage|p1a: Calyrex|69\/100\n|\n|t:|1698147288\n|switch|p2a: Arceus|Arceus-Dark, shiny|100\/100|[from] U-turn\n|move|p1a: Calyrex|Trick Room|p1a: Calyrex\n|-fieldstart|move: Trick Room|[of] p1a: Calyrex\n|\n|upkeep\n|turn|2\n|\n|t:|1698147302\n|move|p1a: Calyrex|Close Combat|p2a: Arceus\n|-supereffective|p2a: Arceus\n|-damage|p2a: Arceus|66\/100\n|-unboost|p1a: Calyrex|def|1\n|-unboost|p1a: Calyrex|spd|1\n|move|p2a: Arceus|Will-O-Wisp|p1a: Calyrex\n|-status|p1a: Calyrex|brn\n|\n|-damage|p1a: Calyrex|63\/100 brn|[from] brn\n|upkeep\n|turn|3\n|\n|t:|1698147315\n|switch|p1a: Zacian|Zacian-Crowned|100\/100\n|-ability|p1a: Zacian|Intrepid Sword|boost\n|-boost|p1a: Zacian|atk|1\n|move|p2a: Arceus|Recover|p2a: Arceus\n|-heal|p2a: Arceus|100\/100\n|\n|upkeep\n|turn|4\n|\n|t:|1698147323\n|move|p2a: Arceus|Will-O-Wisp|p1a: Zacian|[miss]\n|-miss|p2a: Arceus|p1a: Zacian\n|move|p1a: Zacian|Play Rough|p2a: Arceus\n|-supereffective|p2a: Arceus\n|-damage|p2a: Arceus|20\/100\n|\n|upkeep\n|turn|5\n|\n|t:|1698147331\n|move|p2a: Arceus|Will-O-Wisp|p1a: Zacian\n|-status|p1a: Zacian|brn\n|move|p1a: Zacian|Play Rough|p2a: Arceus\n|-supereffective|p2a: Arceus\n|-damage|p2a: Arceus|0 fnt\n|faint|p2a: Arceus\n|\n|-damage|p1a: Zacian|94\/100 brn|[from] brn\n|-fieldend|move: Trick Room\n|upkeep\n|\n|t:|1698147339\n|switch|p2a: Landorus|Landorus-Therian, M, shiny|100\/100\n|-ability|p2a: Landorus|Intimidate|boost\n|-unboost|p1a: Zacian|atk|1\n|turn|6\n|\n|t:|1698147345\n|move|p1a: Zacian|Behemoth Blade|p2a: Landorus\n|-damage|p2a: Landorus|81\/100\n|-damage|p1a: Zacian|78\/100 brn|[from] item: Rocky Helmet|[of] p2a: Landorus\n|move|p2a: Landorus|Stealth Rock|p1a: Zacian\n|-sidestart|p1: Lildkenergy69|move: Stealth Rock\n|\n|-damage|p1a: Zacian|72\/100 brn|[from] brn\n|upkeep\n|turn|7\n|\n|t:|1698147355\n|switch|p1a: Giratina|Giratina-Origin|100\/100\n|-damage|p1a: Giratina|88\/100|[from] Stealth Rock\n|move|p2a: Landorus|Earthquake|p1a: Giratina\n|-immune|p1a: Giratina|[from] ability: Levitate\n|\n|upkeep\n|turn|8\n|\n|t:|1698147364\n|move|p2a: Landorus|U-turn|p1a: Giratina\n|-resisted|p1a: Giratina\n|-damage|p1a: Giratina|80\/100\n|\n|t:|1698147367\n|switch|p2a: Arceus|Arceus-Fairy, shiny|100\/100|[from] U-turn\n|move|p1a: Giratina|Defog|p2a: Arceus\n|-unboost|p2a: Arceus|evasion|1\n|-sideend|p1: Lildkenergy69|Stealth Rock|[from] move: Defog|[of] p1a: Giratina\n|\n|upkeep\n|turn|9\n|\n|t:|1698147381\n|switch|p1a: Zacian|Zacian-Crowned|72\/100 brn\n|move|p2a: Arceus|Judgment|p1a: Zacian\n|-resisted|p1a: Zacian\n|-damage|p1a: Zacian|42\/100 brn\n|\n|-damage|p1a: Zacian|36\/100 brn|[from] brn\n|upkeep\n|turn|10\n|\n|t:|1698147390\n|switch|p2a: Landorus|Landorus-Therian, M, shiny|81\/100\n|-ability|p2a: Landorus|Intimidate|boost\n|-unboost|p1a: Zacian|atk|1\n|move|p1a: Zacian|Behemoth Blade|p2a: Landorus\n|-damage|p2a: Landorus|67\/100\n|-damage|p1a: Zacian|19\/100 brn|[from] item: Rocky Helmet|[of] p2a: Landorus\n|\n|-damage|p1a: Zacian|13\/100 brn|[from] brn\n|upkeep\n|turn|11\n|\n|t:|1698147406\n|switch|p1a: Giratina|Giratina-Origin|80\/100\n|move|p2a: Landorus|Stealth Rock|p1a: Giratina\n|-sidestart|p1: Lildkenergy69|move: Stealth Rock\n|\n|upkeep\n|turn|12\n|\n|t:|1698147412\n|move|p2a: Landorus|U-turn|p1a: Giratina\n|-resisted|p1a: Giratina\n|-damage|p1a: Giratina|72\/100\n|\n|t:|1698147419\n|switch|p2a: Arceus|Arceus-Fairy, shiny|100\/100|[from] U-turn\n|move|p1a: Giratina|Dragon Pulse|p2a: Arceus\n|-immune|p2a: Arceus\n|\n|upkeep\n|turn|13\n|\n|t:|1698147426\n|move|p2a: Arceus|Judgment|p1a: Giratina\n|-supereffective|p1a: Giratina\n|-damage|p1a: Giratina|0 fnt\n|faint|p1a: Giratina\n|\n|upkeep\n|\n|t:|1698147432\n|switch|p1a: Koraidon|Koraidon|100\/100\n|-damage|p1a: Koraidon|94\/100|[from] Stealth Rock\n|-weather|SunnyDay|[from] ability: Orichalcum Pulse|[of] p1a: Koraidon\n|-activate|p1a: Koraidon|Orichalcum Pulse|[source]\n|turn|14\n|\n|t:|1698147452\n|move|p1a: Koraidon|Iron Head|p2a: Arceus\n|-supereffective|p2a: Arceus\n|-damage|p2a: Arceus|47\/100\n|move|p2a: Arceus|Judgment|p1a: Koraidon\n|-supereffective|p1a: Koraidon\n|-damage|p1a: Koraidon|0 fnt\n|faint|p1a: Koraidon\n|\n|-weather|SunnyDay|[upkeep]\n|upkeep\n|\n|t:|1698147463\n|switch|p1a: Miraidon|Miraidon|100\/100\n|-damage|p1a: Miraidon|88\/100|[from] Stealth Rock\n|-fieldstart|move: Electric Terrain|[from] ability: Hadron Engine|[of] p1a: Miraidon\n|turn|15\n|\n|t:|1698147475\n|move|p1a: Miraidon|Electro Drift|p2a: Arceus\n|-damage|p2a: Arceus|0 fnt\n|faint|p2a: Arceus\n|\n|-weather|SunnyDay|[upkeep]\n|upkeep\n|\n|t:|1698147479\n|switch|p2a: Landorus|Landorus-Therian, M, shiny|67\/100\n|-ability|p2a: Landorus|Intimidate|boost\n|-unboost|p1a: Miraidon|atk|1\n|turn|16\n|\n|t:|1698147489\n|switch|p1a: Calyrex|Calyrex-Ice|63\/100 brn\n|-ability|p1a: Calyrex|As One\n|-ability|p1a: Calyrex|Unnerve\n|-damage|p1a: Calyrex|38\/100 brn|[from] Stealth Rock\n|move|p2a: Landorus|Earthquake|p1a: Calyrex\n|-damage|p1a: Calyrex|9\/100 brn\n|\n|-weather|SunnyDay|[upkeep]\n|-damage|p1a: Calyrex|3\/100 brn|[from] brn\n|upkeep\n|turn|17\n|\n|t:|1698147501\n|move|p2a: Landorus|Earthquake|p1a: Calyrex\n|-damage|p1a: Calyrex|0 fnt\n|faint|p1a: Calyrex\n|\n|-weather|SunnyDay|[upkeep]\n|upkeep\n|\n|t:|1698147513\n|switch|p1a: Hoopa|Hoopa-Unbound|100\/100\n|-damage|p1a: Hoopa|88\/100|[from] Stealth Rock\n|turn|18\n|\n|t:|1698147520\n|move|p2a: Landorus|U-turn|p1a: Hoopa\n|-supereffective|p1a: Hoopa\n|-damage|p1a: Hoopa|0 fnt\n|faint|p1a: Hoopa\n|\n|t:|1698147525\n|switch|p2a: Koraidon|Koraidon|100\/100|[from] U-turn\n|-activate|p2a: Koraidon|ability: Orichalcum Pulse\n|\n|-weather|none\n|upkeep\n|\n|t:|1698147533\n|switch|p1a: Miraidon|Miraidon|88\/100\n|-damage|p1a: Miraidon|76\/100|[from] Stealth Rock\n|-activate|p1a: Miraidon|ability: Hadron Engine\n|turn|19\n|j| aaacccaaa\n|\n|t:|1698147546\n|-terastallize|p1a: Miraidon|Fairy\n|move|p2a: Koraidon|Low Kick|p1a: Miraidon\n|-resisted|p1a: Miraidon\n|-damage|p1a: Miraidon|39\/100\n|move|p1a: Miraidon|Dragon Pulse|p2a: Koraidon\n|-supereffective|p2a: Koraidon\n|-damage|p2a: Koraidon|0 fnt\n|faint|p2a: Koraidon\n|\n|-fieldend|move: Electric Terrain\n|upkeep\n|\n|t:|1698147556\n|switch|p2a: Landorus|Landorus-Therian, M, shiny|67\/100\n|-ability|p2a: Landorus|Intimidate|boost\n|-unboost|p1a: Miraidon|atk|1\n|turn|20\n|\n|t:|1698147561\n|-terastallize|p2a: Landorus|Fairy\n|move|p1a: Miraidon|Dragon Pulse|p2a: Landorus\n|-immune|p2a: Landorus\n|move|p2a: Landorus|Earthquake|p1a: Miraidon\n|-damage|p1a: Miraidon|0 fnt\n|faint|p1a: Miraidon\n|\n|upkeep\n|-message|Lildkenergy69 forfeited.\n|\n|win|Lapin2111\n|raw|Lildkenergy69's rating: 1511 &rarr; <strong>1495<\/strong><br \/>(-16 for losing)\n|raw|Lapin2111's rating: 1590 &rarr; <strong>1606<\/strong><br \/>(+16 for winning)\n|l|\u2606Lildkenergy69\n|l|\u2606Lapin2111\n","uploadtime":1698147579,"views":12,"p1id":"lildkenergy69","p2id":"lapin2111","formatid":"gen9anythinggoes","rating":1495,"private":0,"password":""}