{"id":"gen9anythinggoes-1995731698","p1":"BigE123","p2":"lobster89","format":"[Gen 9] Anything Goes","log":"|j|\u2606BigE123\n|j|\u2606lobster89\n|t:|1700597941\n|gametype|singles\n|player|p1|BigE123|265|1068\n|player|p2|lobster89|pokemaniac|1106\n|teamsize|p1|3\n|teamsize|p2|6\n|gen|9\n|tier|[Gen 9] Anything Goes\n|rated|\n|rule|HP Percentage Mod: HP is shown in percentages\n|rule|Endless Battle Clause: Forcing endless battles is banned\n|clearpoke\n|poke|p1|Wo-Chien|\n|poke|p1|Drifblim, F|\n|poke|p1|Garganacl, M|\n|poke|p2|Kyogre|\n|poke|p2|Hydreigon, M|\n|poke|p2|Groudon|\n|poke|p2|Dragapult, M|\n|poke|p2|Palafin, F|\n|poke|p2|Ariados, F|\n|teampreview\n|c|\u2606lobster89|this\n|c|\u2606lobster89|is another mf'ing Eva Reference\n|\n|t:|1700597957\n|start\n|switch|p1a: Drifblim|Drifblim, F, shiny|100\/100\n|switch|p2a: Israfel|Palafin, F|100\/100\n|turn|1\n|\n|t:|1700597966\n|move|p2a: Israfel|Flip Turn|p1a: Drifblim\n|-crit|p1a: Drifblim\n|-damage|p1a: Drifblim|65\/100\n|-damage|p2a: Israfel|84\/100|[from] item: Rocky Helmet|[of] p1a: Drifblim\n|\n|t:|1700597978\n|detailschange|p2a: Israfel|Palafin-Hero, F\n|switch|p2a: Sahaquiel|Hydreigon, M|100\/100|[from] Flip Turn\n|move|p1a: Drifblim|Minimize|p1a: Drifblim\n|-boost|p1a: Drifblim|evasion|2\n|\n|upkeep\n|turn|2\n|inactive|Battle timer is ON: inactive players will automatically lose when time's up. (requested by BigE123)\n|\n|t:|1700597986\n|move|p2a: Sahaquiel|Thunder Wave|p1a: Drifblim\n|-status|p1a: Drifblim|par\n|move|p1a: Drifblim|Stockpile|p1a: Drifblim\n|-start|p1a: Drifblim|stockpile1\n|-boost|p1a: Drifblim|def|1\n|-boost|p1a: Drifblim|spd|1\n|\n|upkeep\n|turn|3\n|\n|t:|1700597995\n|switch|p2a: Matteral|Ariados, F, shiny|100\/100\n|move|p1a: Drifblim|Calm Mind|p1a: Drifblim\n|-boost|p1a: Drifblim|spa|1\n|-boost|p1a: Drifblim|spd|1\n|\n|upkeep\n|turn|4\n|\n|t:|1700598000\n|move|p2a: Matteral|Toxic||[still]\n|-fail|p2a: Matteral\n|cant|p1a: Drifblim|par\n|\n|upkeep\n|turn|5\n|\n|t:|1700598008\n|move|p2a: Matteral|Sludge Bomb|p1a: Drifblim\n|-resisted|p1a: Drifblim\n|-damage|p1a: Drifblim|61\/100 par\n|cant|p1a: Drifblim|par\n|\n|upkeep\n|turn|6\n|\n|t:|1700598014\n|move|p2a: Matteral|Sludge Bomb|p1a: Drifblim\n|-resisted|p1a: Drifblim\n|-damage|p1a: Drifblim|56\/100 par\n|move|p1a: Drifblim|Minimize|p1a: Drifblim\n|-boost|p1a: Drifblim|evasion|2\n|\n|upkeep\n|turn|7\n|\n|t:|1700598022\n|move|p2a: Matteral|Sludge Bomb|p1a: Drifblim|[miss]\n|-miss|p2a: Matteral|p1a: Drifblim\n|move|p1a: Drifblim|Stockpile|p1a: Drifblim\n|-start|p1a: Drifblim|stockpile2\n|-boost|p1a: Drifblim|def|1\n|-boost|p1a: Drifblim|spd|1\n|\n|upkeep\n|turn|8\n|\n|t:|1700598028\n|move|p2a: Matteral|Sludge Bomb|p1a: Drifblim|[miss]\n|-miss|p2a: Matteral|p1a: Drifblim\n|cant|p1a: Drifblim|par\n|\n|upkeep\n|turn|9\n|\n|t:|1700598033\n|move|p2a: Matteral|Sludge Bomb|p1a: Drifblim\n|-resisted|p1a: Drifblim\n|-damage|p1a: Drifblim|53\/100 par\n|move|p1a: Drifblim|Minimize|p1a: Drifblim\n|-boost|p1a: Drifblim|evasion|2\n|\n|upkeep\n|turn|10\n|\n|t:|1700598042\n|switch|p2a: Sandalphon|Dragapult, M, shiny|100\/100\n|move|p1a: Drifblim|Calm Mind|p1a: Drifblim\n|-boost|p1a: Drifblim|spa|1\n|-boost|p1a: Drifblim|spd|1\n|\n|upkeep\n|turn|11\n|\n|t:|1700598066\n|move|p2a: Sandalphon|Dragon Darts|p1a: Drifblim|[miss]\n|-miss|p2a: Sandalphon|p1a: Drifblim\n|move|p1a: Drifblim|Baton Pass|p1a: Drifblim\n|\n|t:|1700598070\n|switch|p1a: Wo-Chien|Wo-Chien|100\/100|[from] Baton Pass\n|-ability|p1a: Wo-Chien|Tablets of Ruin\n|\n|upkeep\n|turn|12\n|c|\u2606BigE123|i have 1200 special defense\n|\n|t:|1700598086\n|move|p2a: Sandalphon|Outrage|p1a: Wo-Chien\n|-damage|p1a: Wo-Chien|81\/100\n|move|p1a: Wo-Chien|Leech Seed|p2a: Sandalphon\n|-start|p2a: Sandalphon|move: Leech Seed\n|\n|-heal|p1a: Wo-Chien|87\/100|[from] item: Leftovers\n|-damage|p2a: Sandalphon|88\/100|[from] Leech Seed|[of] p1a: Wo-Chien\n|-heal|p1a: Wo-Chien|98\/100|[silent]\n|upkeep\n|turn|13\n|c|\u2606lobster89|and I have an Eva reference\n|\n|t:|1700598096\n|move|p2a: Sandalphon|Outrage|p1a: Wo-Chien|[from]lockedmove|[miss]\n|-miss|p2a: Sandalphon|p1a: Wo-Chien\n|-start|p2a: Sandalphon|confusion|[fatigue]\n|move|p1a: Wo-Chien|Ingrain|p1a: Wo-Chien\n|-start|p1a: Wo-Chien|move: Ingrain\n|\n|-heal|p1a: Wo-Chien|100\/100|[from] item: Leftovers\n|-damage|p2a: Sandalphon|76\/100|[from] Leech Seed|[of] p1a: Wo-Chien\n|upkeep\n|turn|14\n|\n|t:|1700598108\n|-activate|p2a: Sandalphon|confusion\n|move|p2a: Sandalphon|Body Slam|p1a: Wo-Chien|[miss]\n|-miss|p2a: Sandalphon|p1a: Wo-Chien\n|move|p1a: Wo-Chien|Giga Drain|p2a: Sandalphon\n|-resisted|p2a: Sandalphon\n|-damage|p2a: Sandalphon|44\/100\n|\n|-damage|p2a: Sandalphon|31\/100|[from] Leech Seed|[of] p1a: Wo-Chien\n|upkeep\n|turn|15\n|c|\u2606BigE123|what is eva reference\n|\n|t:|1700598127\n|-activate|p2a: Sandalphon|confusion\n|move|p2a: Sandalphon|Body Slam|p1a: Wo-Chien|[miss]\n|-miss|p2a: Sandalphon|p1a: Wo-Chien\n|move|p1a: Wo-Chien|Giga Drain|p2a: Sandalphon\n|-resisted|p2a: Sandalphon\n|-damage|p2a: Sandalphon|0 fnt\n|faint|p2a: Sandalphon\n|\n|upkeep\n|c|\u2606lobster89|ahem\n|c|\u2606lobster89|Neon Genesis Evangelion\n|\n|t:|1700598147\n|switch|p2a: Matteral|Ariados, F, shiny|100\/100\n|turn|16\n|\n|t:|1700598160\n|move|p1a: Wo-Chien|Leech Seed|p2a: Matteral\n|-start|p2a: Matteral|move: Leech Seed\n|move|p2a: Matteral|Toxic|p1a: Wo-Chien\n|-status|p1a: Wo-Chien|tox\n|\n|-damage|p2a: Matteral|88\/100|[from] Leech Seed|[of] p1a: Wo-Chien\n|-damage|p1a: Wo-Chien|94\/100 tox|[from] psn\n|upkeep\n|turn|17\n|c|\u2606lobster89|YYYYEEEEEESSSSS\n|\n|t:|1700598172\n|-terastallize|p1a: Wo-Chien|Ghost\n|move|p1a: Wo-Chien|Giga Drain|p2a: Matteral\n|-resisted|p2a: Matteral\n|-damage|p2a: Matteral|72\/100\n|-heal|p1a: Wo-Chien|100\/100 tox|[from] drain|[of] p2a: Matteral\n|move|p2a: Matteral|Infestation|p1a: Wo-Chien|[miss]\n|-miss|p2a: Matteral|p1a: Wo-Chien\n|\n|-heal|p2a: Matteral|78\/100|[from] item: Black Sludge\n|-damage|p2a: Matteral|66\/100|[from] Leech Seed|[of] p1a: Wo-Chien\n|-damage|p1a: Wo-Chien|88\/100 tox|[from] psn\n|upkeep\n|turn|18\n|\n|t:|1700598184\n|move|p1a: Wo-Chien|Giga Drain|p2a: Matteral\n|-resisted|p2a: Matteral\n|-damage|p2a: Matteral|49\/100\n|-heal|p1a: Wo-Chien|96\/100 tox|[from] drain|[of] p2a: Matteral\n|move|p2a: Matteral|Infestation|p1a: Wo-Chien\n|-resisted|p1a: Wo-Chien\n|-damage|p1a: Wo-Chien|95\/100 tox\n|-activate|p1a: Wo-Chien|move: Infestation|[of] p2a: Matteral\n|\n|-heal|p1a: Wo-Chien|100\/100 tox|[from] item: Leftovers\n|-heal|p2a: Matteral|55\/100|[from] item: Black Sludge\n|-damage|p2a: Matteral|43\/100|[from] Leech Seed|[of] p1a: Wo-Chien\n|-damage|p1a: Wo-Chien|82\/100 tox|[from] psn\n|-damage|p1a: Wo-Chien|70\/100 tox|[from] move: Infestation|[partiallytrapped]\n|upkeep\n|turn|19\n|\n|t:|1700598204\n|move|p1a: Wo-Chien|Giga Drain|p2a: Matteral\n|-resisted|p2a: Matteral\n|-damage|p2a: Matteral|26\/100\n|-heal|p1a: Wo-Chien|78\/100 tox|[from] drain|[of] p2a: Matteral\n|move|p2a: Matteral|Poison Jab|p1a: Wo-Chien|[miss]\n|-miss|p2a: Matteral|p1a: Wo-Chien\n|\n|-heal|p1a: Wo-Chien|84\/100 tox|[from] item: Leftovers\n|-heal|p2a: Matteral|32\/100|[from] item: Black Sludge\n|-heal|p1a: Wo-Chien|90\/100 tox|[from] Ingrain\n|-damage|p2a: Matteral|20\/100|[from] Leech Seed|[of] p1a: Wo-Chien\n|-heal|p1a: Wo-Chien|100\/100 tox|[silent]\n|-damage|p1a: Wo-Chien|76\/100 tox|[from] psn\n|-damage|p1a: Wo-Chien|64\/100 tox|[from] move: Infestation|[partiallytrapped]\n|upkeep\n|turn|20\n|\n|t:|1700598218\n|move|p1a: Wo-Chien|Giga Drain|p2a: Matteral\n|-resisted|p2a: Matteral\n|-damage|p2a: Matteral|4\/100\n|-heal|p1a: Wo-Chien|71\/100 tox|[from] drain|[of] p2a: Matteral\n|move|p2a: Matteral|Sludge Bomb|p1a: Wo-Chien|[miss]\n|-miss|p2a: Matteral|p1a: Wo-Chien\n|\n|-heal|p1a: Wo-Chien|77\/100 tox|[from] item: Leftovers\n|-heal|p2a: Matteral|10\/100|[from] item: Black Sludge\n|-heal|p1a: Wo-Chien|83\/100 tox|[from] Ingrain\n|-damage|p2a: Matteral|0 fnt|[from] Leech Seed|[of] p1a: Wo-Chien\n|-heal|p1a: Wo-Chien|92\/100 tox|[silent]\n|faint|p2a: Matteral\n|-damage|p1a: Wo-Chien|61\/100 tox|[from] psn\n|-end|p1a: Wo-Chien|Infestation|[partiallytrapped]|[silent]\n|upkeep\n|inactive|lobster89 has 120 seconds left.\n|\n|t:|1700598239\n|switch|p2a: Sahaquiel|Hydreigon, M|100\/100\n|turn|21\n|\n|t:|1700598243\n|move|p2a: Sahaquiel|Thunder Wave|p1a: Wo-Chien|[miss]\n|-miss|p2a: Sahaquiel|p1a: Wo-Chien\n|move|p1a: Wo-Chien|Giga Drain|p2a: Sahaquiel\n|-resisted|p2a: Sahaquiel\n|-damage|p2a: Sahaquiel|78\/100\n|-heal|p1a: Wo-Chien|73\/100 tox|[from] drain|[of] p2a: Sahaquiel\n|\n|-heal|p1a: Wo-Chien|79\/100 tox|[from] item: Leftovers\n|-heal|p1a: Wo-Chien|85\/100 tox|[from] Ingrain\n|-damage|p1a: Wo-Chien|48\/100 tox|[from] psn\n|upkeep\n|turn|22\n|\n|t:|1700598254\n|move|p2a: Sahaquiel|Thunder Wave|p1a: Wo-Chien|[miss]\n|-miss|p2a: Sahaquiel|p1a: Wo-Chien\n|move|p1a: Wo-Chien|Leech Seed|p2a: Sahaquiel\n|-start|p2a: Sahaquiel|move: Leech Seed\n|\n|-heal|p1a: Wo-Chien|55\/100 tox|[from] item: Leftovers\n|-heal|p1a: Wo-Chien|61\/100 tox|[from] Ingrain\n|-damage|p2a: Sahaquiel|66\/100|[from] Leech Seed|[of] p1a: Wo-Chien\n|-heal|p1a: Wo-Chien|73\/100 tox|[silent]\n|-damage|p1a: Wo-Chien|30\/100 tox|[from] psn\n|upkeep\n|turn|23\n|c|\u2606lobster89|No.\n|inactive|lobster89 has 120 seconds left.\n|\n|t:|1700598271\n|move|p1a: Wo-Chien|Protect|p1a: Wo-Chien\n|-singleturn|p1a: Wo-Chien|Protect\n|move|p2a: Sahaquiel|Thunder Wave|p1a: Wo-Chien\n|-activate|p1a: Wo-Chien|move: Protect\n|\n|-heal|p1a: Wo-Chien|37\/100 tox|[from] item: Leftovers\n|-heal|p1a: Wo-Chien|43\/100 tox|[from] Ingrain\n|-damage|p2a: Sahaquiel|53\/100|[from] Leech Seed|[of] p1a: Wo-Chien\n|-heal|p1a: Wo-Chien|56\/100 tox|[silent]\n|-damage|p1a: Wo-Chien|6\/100 tox|[from] psn\n|upkeep\n|turn|24\n|c|\u2606BigE123|yes\n|inactive|lobster89 has 120 seconds left.\n|\n|t:|1700598287\n|switch|p2a: Israfel|Palafin-Hero, F|84\/100\n|-activate|p2a: Israfel|ability: Zero to Hero\n|move|p1a: Wo-Chien|Giga Drain|p2a: Israfel\n|-supereffective|p2a: Israfel\n|-damage|p2a: Israfel|0 fnt\n|-heal|p1a: Wo-Chien|52\/100 tox|[from] drain|[of] p2a: Israfel\n|faint|p2a: Israfel\n|\n|-heal|p1a: Wo-Chien|58\/100 tox|[from] item: Leftovers\n|-heal|p1a: Wo-Chien|64\/100 tox|[from] Ingrain\n|-damage|p1a: Wo-Chien|9\/100 tox|[from] psn\n|upkeep\n|\n|t:|1700598299\n|switch|p2a: Sahaquiel|Hydreigon, M|53\/100\n|turn|25\n|\n|t:|1700598304\n|move|p2a: Sahaquiel|Body Slam|p1a: Wo-Chien\n|-immune|p1a: Wo-Chien\n|move|p1a: Wo-Chien|Giga Drain|p2a: Sahaquiel\n|-resisted|p2a: Sahaquiel\n|-damage|p2a: Sahaquiel|31\/100\n|-heal|p1a: Wo-Chien|20\/100 tox|[from] drain|[of] p2a: Sahaquiel\n|\n|-heal|p1a: Wo-Chien|26\/100 tox|[from] item: Leftovers\n|-heal|p1a: Wo-Chien|33\/100 tox|[from] Ingrain\n|-damage|p1a: Wo-Chien|0 fnt|[from] psn\n|faint|p1a: Wo-Chien\n|upkeep\n|\n|t:|1700598317\n|switch|p1a: Garganacl|Garganacl, M, shiny|100\/100\n|turn|26\n|c|\u2606lobster89|We are now matchee\n|\n|t:|1700598322\n|move|p2a: Sahaquiel|Thunder Wave|p1a: Garganacl|[miss]\n|-miss|p2a: Sahaquiel|p1a: Garganacl\n|move|p1a: Garganacl|Salt Cure|p2a: Sahaquiel\n|-damage|p2a: Sahaquiel|18\/100\n|-start|p2a: Sahaquiel|Salt Cure\n|\n|-damage|p2a: Sahaquiel|6\/100|[from] Salt Cure\n|upkeep\n|turn|27\n|\n|t:|1700598329\n|move|p2a: Sahaquiel|Thunder Wave|p1a: Garganacl\n|-immune|p1a: Garganacl|[from] ability: Purifying Salt\n|move|p1a: Garganacl|Recover||[still]\n|-fail|p1a: Garganacl|heal\n|\n|-damage|p2a: Sahaquiel|0 fnt|[from] Salt Cure\n|faint|p2a: Sahaquiel\n|upkeep\n|c|\u2606lobster89|Damn\n|\n|t:|1700598338\n|switch|p2a: Sachiel|Groudon|100\/100\n|-weather|SunnyDay|[from] ability: Drought|[of] p2a: Sachiel\n|turn|28\n|\n|t:|1700598347\n|move|p2a: Sachiel|Precipice Blades|p1a: Garganacl|[miss]\n|-miss|p2a: Sachiel|p1a: Garganacl\n|move|p1a: Garganacl|Salt Cure|p2a: Sachiel\n|-resisted|p2a: Sachiel\n|-damage|p2a: Sachiel|96\/100\n|-start|p2a: Sachiel|Salt Cure\n|\n|-weather|SunnyDay|[upkeep]\n|-damage|p2a: Sachiel|84\/100|[from] Salt Cure\n|upkeep\n|turn|29\n|\n|t:|1700598356\n|move|p2a: Sachiel|Precipice Blades|p1a: Garganacl\n|-supereffective|p1a: Garganacl\n|-damage|p1a: Garganacl|5\/100\n|move|p1a: Garganacl|Iron Defense|p1a: Garganacl\n|-boost|p1a: Garganacl|def|2\n|\n|-weather|SunnyDay|[upkeep]\n|-heal|p1a: Garganacl|11\/100|[from] item: Leftovers\n|-damage|p2a: Sachiel|71\/100|[from] Salt Cure\n|upkeep\n|turn|30\n|c|\u2606lobster89|RRRRRAAAAAAAHHHH!!!\n|\n|t:|1700598366\n|switch|p1a: Drifblim|Drifblim, F, shiny|53\/100 par\n|move|p2a: Sachiel|Ancient Power|p1a: Drifblim\n|-supereffective|p1a: Drifblim\n|-damage|p1a: Drifblim|31\/100 par\n|\n|-weather|SunnyDay|[upkeep]\n|-damage|p2a: Sachiel|59\/100|[from] Salt Cure\n|upkeep\n|turn|31\n|\n|t:|1700598375\n|move|p2a: Sachiel|Ancient Power|p1a: Drifblim\n|-supereffective|p1a: Drifblim\n|-damage|p1a: Drifblim|12\/100 par\n|move|p1a: Drifblim|Minimize|p1a: Drifblim\n|-boost|p1a: Drifblim|evasion|2\n|\n|-weather|SunnyDay|[upkeep]\n|-damage|p2a: Sachiel|47\/100|[from] Salt Cure\n|upkeep\n|turn|32\n|\n|t:|1700598383\n|move|p2a: Sachiel|Ancient Power|p1a: Drifblim|[miss]\n|-miss|p2a: Sachiel|p1a: Drifblim\n|move|p1a: Drifblim|Minimize|p1a: Drifblim\n|-boost|p1a: Drifblim|evasion|2\n|\n|-weather|none\n|-damage|p2a: Sachiel|35\/100|[from] Salt Cure\n|upkeep\n|turn|33\n|\n|t:|1700598391\n|move|p2a: Sachiel|Ancient Power|p1a: Drifblim|[miss]\n|-miss|p2a: Sachiel|p1a: Drifblim\n|cant|p1a: Drifblim|par\n|\n|-damage|p2a: Sachiel|22\/100|[from] Salt Cure\n|upkeep\n|turn|34\n|\n|t:|1700598396\n|move|p2a: Sachiel|Ancient Power|p1a: Drifblim|[miss]\n|-miss|p2a: Sachiel|p1a: Drifblim\n|move|p1a: Drifblim|Baton Pass|p1a: Drifblim\n|\n|t:|1700598400\n|switch|p1a: Garganacl|Garganacl, M, shiny|11\/100|[from] Baton Pass\n|\n|-heal|p1a: Garganacl|17\/100|[from] item: Leftovers\n|-damage|p2a: Sachiel|10\/100|[from] Salt Cure\n|upkeep\n|turn|35\n|\n|t:|1700598409\n|move|p2a: Sachiel|Ancient Power|p1a: Garganacl|[miss]\n|-miss|p2a: Sachiel|p1a: Garganacl\n|move|p1a: Garganacl|Recover|p1a: Garganacl\n|-heal|p1a: Garganacl|67\/100\n|\n|-heal|p1a: Garganacl|74\/100|[from] item: Leftovers\n|-damage|p2a: Sachiel|0 fnt|[from] Salt Cure\n|faint|p2a: Sachiel\n|upkeep\n|c|\u2606lobster89|YOU\n|\n|t:|1700598419\n|switch|p2a: Ghagiel|Kyogre|100\/100\n|-weather|RainDance|[from] ability: Drizzle|[of] p2a: Ghagiel\n|turn|36\n|\n|t:|1700598427\n|-terastallize|p2a: Ghagiel|Water\n|move|p2a: Ghagiel|Iron Head|p1a: Garganacl|[miss]\n|-miss|p2a: Ghagiel|p1a: Garganacl\n|move|p1a: Garganacl|Salt Cure|p2a: Ghagiel\n|-damage|p2a: Ghagiel|84\/100\n|-start|p2a: Ghagiel|Salt Cure\n|\n|-weather|RainDance|[upkeep]\n|-heal|p1a: Garganacl|80\/100|[from] item: Leftovers\n|-damage|p2a: Ghagiel|60\/100|[from] Salt Cure\n|upkeep\n|turn|37\n|c|\u2606lobster89|gg's\n|\n|t:|1700598442\n|move|p2a: Ghagiel|Aqua Ring|p2a: Ghagiel\n|-start|p2a: Ghagiel|Aqua Ring\n|move|p1a: Garganacl|Iron Defense|p1a: Garganacl\n|-boost|p1a: Garganacl|def|2\n|\n|-weather|RainDance|[upkeep]\n|-heal|p1a: Garganacl|86\/100|[from] item: Leftovers\n|-heal|p2a: Ghagiel|66\/100|[from] Aqua Ring\n|-damage|p2a: Ghagiel|41\/100|[from] Salt Cure\n|upkeep\n|turn|38\n|c|\u2606BigE123|gg\n|c|\u2606BigE123|honestly\n|inactive|BigE123 has 120 seconds left.\n|c|\u2606lobster89|almost got the drif\n|c|\u2606lobster89|but Sachiel kept missing\n|c|\u2606BigE123|you would beat me if you didnt have the spider thing and get rid of kyogre because of the type overlap\n|\n|t:|1700598501\n|move|p2a: Ghagiel|Iron Head|p1a: Garganacl\n|-supereffective|p1a: Garganacl\n|-damage|p1a: Garganacl|73\/100\n|cant|p1a: Garganacl|flinch\n|\n|-weather|RainDance|[upkeep]\n|-heal|p1a: Garganacl|79\/100|[from] item: Leftovers\n|-heal|p2a: Ghagiel|47\/100|[from] Aqua Ring\n|-damage|p2a: Ghagiel|22\/100|[from] Salt Cure\n|upkeep\n|turn|39\n|c|\u2606lobster89|No other pokemon who looks like Ghagiel or Matteral\n|\n|t:|1700598528\n|move|p2a: Ghagiel|Aqua Tail|p1a: Garganacl\n|-supereffective|p1a: Garganacl\n|-damage|p1a: Garganacl|33\/100\n|move|p1a: Garganacl|Iron Defense|p1a: Garganacl\n|-boost|p1a: Garganacl|def|2\n|\n|-weather|RainDance|[upkeep]\n|-heal|p1a: Garganacl|39\/100|[from] item: Leftovers\n|-heal|p2a: Ghagiel|28\/100|[from] Aqua Ring\n|-damage|p2a: Ghagiel|3\/100|[from] Salt Cure\n|upkeep\n|turn|40\n|\n|t:|1700598538\n|move|p2a: Ghagiel|Aqua Tail|p1a: Garganacl|[miss]\n|-miss|p2a: Ghagiel|p1a: Garganacl\n|move|p1a: Garganacl|Recover|p1a: Garganacl\n|-heal|p1a: Garganacl|89\/100\n|\n|-weather|none\n|-heal|p1a: Garganacl|95\/100|[from] item: Leftovers\n|-heal|p2a: Ghagiel|10\/100|[from] Aqua Ring\n|-damage|p2a: Ghagiel|0 fnt|[from] Salt Cure\n|faint|p2a: Ghagiel\n|\n|win|BigE123\n|upkeep\n|raw|BigE123's rating: 1068 &rarr; <strong>1101<\/strong><br \/>(+33 for winning)\n|raw|lobster89's rating: 1106 &rarr; <strong>1078<\/strong><br \/>(-28 for losing)\n|c|\u2606lobster89|gg\n|c|\u2606BigE123|gg\n","uploadtime":1700598554,"views":2,"p1id":"bige123","p2id":"lobster89","formatid":"gen9anythinggoes","rating":1078,"private":0,"password":""}