{"id":"gen9anythinggoes-1975484618","p1":"Nasty N","p2":"NightX120","format":"[Gen 9] Anything Goes","log":"|j|\u2606Nasty N\n|j|\u2606NightX120\n|t:|1698196318\n|gametype|singles\n|player|p1|Nasty N|n|1314\n|player|p2|NightX120|cynthia-gen4|1183\n|teamsize|p1|6\n|teamsize|p2|6\n|gen|9\n|tier|[Gen 9] Anything Goes\n|rated|\n|rule|HP Percentage Mod: HP is shown in percentages\n|rule|Endless Battle Clause: Forcing endless battles is banned\n|clearpoke\n|poke|p1|Pawmot, F|\n|poke|p1|Pawmot, M|\n|poke|p1|Pawmot, F|\n|poke|p1|Pawmot, F|\n|poke|p1|Basculegion, M|\n|poke|p1|Mandibuzz, F|\n|poke|p2|Mimikyu, F|\n|poke|p2|Garchomp, F|\n|poke|p2|Lucario, M|\n|poke|p2|Greninja-*, M|\n|poke|p2|Jirachi|\n|poke|p2|Talonflame, F|\n|teampreview\n|inactive|Battle timer is ON: inactive players will automatically lose when time's up. (requested by Nasty N)\n|\n|t:|1698196332\n|start\n|switch|p1a: Basculegion|Basculegion, M, shiny|100\/100\n|switch|p2a: Nibbles|Garchomp, F, shiny|100\/100\n|turn|1\n|inactive|NightX120 has 120 seconds left.\n|c|\u2606Nasty N|Glhf\n|c|\u2606NightX120|yes\n|\n|t:|1698196389\n|-terastallize|p2a: Nibbles|Fairy\n|move|p1a: Basculegion|Wave Crash|p2a: Nibbles\n|-damage|p2a: Nibbles|22\/100\n|-damage|p1a: Basculegion|88\/100|[from] ability: Rough Skin|[of] p2a: Nibbles\n|-damage|p1a: Basculegion|72\/100|[from] item: Rocky Helmet|[of] p2a: Nibbles\n|-damage|p1a: Basculegion|47\/100|[from] Recoil\n|move|p2a: Nibbles|Dragon Claw|p1a: Basculegion\n|-damage|p1a: Basculegion|0 fnt\n|faint|p1a: Basculegion\n|\n|upkeep\n|inactive|Nasty N has 120 seconds left.\n|inactive|Nasty N has 90 seconds left.\n|\n|t:|1698196464\n|switch|p1a: Pawmot|Pawmot, M, shiny|100\/100\n|turn|2\n|\n|t:|1698196474\n|move|p1a: Pawmot|Double Shock|p2a: Nibbles\n|-damage|p2a: Nibbles|0 fnt\n|-start|p1a: Pawmot|typechange|???\/Fighting|[from] move: Double Shock\n|-damage|p1a: Pawmot|88\/100|[from] ability: Rough Skin|[of] p2a: Nibbles\n|-damage|p1a: Pawmot|72\/100|[from] item: Rocky Helmet|[of] p2a: Nibbles\n|faint|p2a: Nibbles\n|\n|upkeep\n|\n|t:|1698196481\n|switch|p2a: Sleepy|Mimikyu, F, shiny|100\/100\n|turn|3\n|\n|t:|1698196487\n|move|p1a: Pawmot|Revival Blessing|p1a: Pawmot\n|\n|t:|1698196488\n|-heal|p1: Basculegion|50\/100|[from] move: Revival Blessing\n|move|p2a: Sleepy|Play Rough|p1a: Pawmot\n|-supereffective|p1a: Pawmot\n|-damage|p1a: Pawmot|0 fnt\n|faint|p1a: Pawmot\n|\n|upkeep\n|\n|t:|1698196497\n|switch|p1a: Mandibuzz|Mandibuzz, F, shiny|100\/100\n|turn|4\n|\n|t:|1698196503\n|move|p2a: Sleepy|Play Rough|p1a: Mandibuzz|[miss]\n|-miss|p2a: Sleepy|p1a: Mandibuzz\n|move|p1a: Mandibuzz|Toxic|p2a: Sleepy\n|-status|p2a: Sleepy|tox\n|\n|-damage|p2a: Sleepy|95\/100 tox|[from] psn\n|upkeep\n|turn|5\n|c|\u2606NightX120|bad rng\n|\n|t:|1698196511\n|move|p2a: Sleepy|Play Rough|p1a: Mandibuzz\n|-supereffective|p1a: Mandibuzz\n|-damage|p1a: Mandibuzz|51\/100\n|move|p1a: Mandibuzz|Knock Off|p2a: Sleepy\n|-activate|p2a: Sleepy|ability: Disguise\n|-damage|p2a: Sleepy|95\/100 tox\n|-enditem|p2a: Sleepy|Expert Belt|[from] move: Knock Off|[of] p1a: Mandibuzz\n|detailschange|p2a: Sleepy|Mimikyu-Busted, F, shiny\n|-damage|p2a: Sleepy|82\/100 tox|[from] pokemon: Mimikyu-Busted\n|\n|-damage|p2a: Sleepy|70\/100 tox|[from] psn\n|upkeep\n|turn|6\n|\n|t:|1698196528\n|move|p2a: Sleepy|Play Rough|p1a: Mandibuzz|[miss]\n|-miss|p2a: Sleepy|p1a: Mandibuzz\n|move|p1a: Mandibuzz|Tailwind|p1a: Mandibuzz\n|-sidestart|p1: Nasty N|move: Tailwind\n|\n|-damage|p2a: Sleepy|52\/100 tox|[from] psn\n|upkeep\n|turn|7\n|\n|t:|1698196538\n|move|p1a: Mandibuzz|Knock Off|p2a: Sleepy\n|-damage|p2a: Sleepy|28\/100 tox\n|move|p2a: Sleepy|Play Rough|p1a: Mandibuzz\n|-supereffective|p1a: Mandibuzz\n|-damage|p1a: Mandibuzz|8\/100\n|\n|-damage|p2a: Sleepy|4\/100 tox|[from] psn\n|upkeep\n|turn|8\n|inactive|Nasty N has 90 seconds left.\n|\n|t:|1698196578\n|move|p1a: Mandibuzz|Knock Off|p2a: Sleepy\n|-damage|p2a: Sleepy|0 fnt\n|faint|p2a: Sleepy\n|\n|upkeep\n|\n|t:|1698196584\n|switch|p2a: Dogfight|Lucario, M|100\/100\n|turn|9\n|\n|t:|1698196590\n|move|p1a: Mandibuzz|Knock Off|p2a: Dogfight\n|-resisted|p2a: Dogfight\n|-damage|p2a: Dogfight|82\/100\n|-ability|p2a: Dogfight|Justified|boost\n|-boost|p2a: Dogfight|atk|1\n|-enditem|p2a: Dogfight|Quick Claw|[from] move: Knock Off|[of] p1a: Mandibuzz\n|move|p2a: Dogfight|Meteor Mash|p1a: Mandibuzz|[miss]\n|-miss|p2a: Dogfight|p1a: Mandibuzz\n|\n|-sideend|p1: Nasty N|move: Tailwind\n|upkeep\n|turn|10\n|\n|t:|1698196596\n|move|p2a: Dogfight|Meteor Mash|p1a: Mandibuzz\n|-damage|p1a: Mandibuzz|0 fnt\n|faint|p1a: Mandibuzz\n|\n|upkeep\n|\n|t:|1698196601\n|switch|p1a: Basculegion|Basculegion, M, shiny|50\/100\n|turn|11\n|\n|t:|1698196606\n|move|p1a: Basculegion|Last Respects|p2a: Dogfight\n|-damage|p2a: Dogfight|0 fnt\n|faint|p2a: Dogfight\n|\n|upkeep\n|\n|t:|1698196612\n|switch|p2a: Samurana|Greninja, M, shiny|100\/100\n|turn|12\n|\n|t:|1698196620\n|move|p1a: Basculegion|Last Respects|p2a: Samurana\n|-resisted|p2a: Samurana\n|-damage|p2a: Samurana|0 fnt\n|faint|p2a: Samurana\n|\n|upkeep\n|\n|t:|1698196625\n|switch|p2a: Kamikaze|Talonflame, F|100\/100\n|turn|13\n|c|\u2606Nasty N|Gg\n|c|\u2606NightX120|gg\n|\n|t:|1698196634\n|move|p1a: Basculegion|Last Respects|p2a: Kamikaze\n|-damage|p2a: Kamikaze|0 fnt\n|faint|p2a: Kamikaze\n|\n|upkeep\n|\n|t:|1698196638\n|switch|p2a: Make-A-Wish|Jirachi, shiny|100\/100\n|turn|14\n|\n|t:|1698196641\n|-terastallize|p1a: Basculegion|Normal\n|move|p1a: Basculegion|Last Respects|p2a: Make-A-Wish\n|-supereffective|p2a: Make-A-Wish\n|-damage|p2a: Make-A-Wish|0 fnt\n|faint|p2a: Make-A-Wish\n|\n|win|Nasty N\n|raw|Nasty N's rating: 1314 &rarr; <strong>1327<\/strong><br \/>(+13 for winning)\n|raw|NightX120's rating: 1183 &rarr; <strong>1167<\/strong><br \/>(-16 for losing)\n|l|\u2606NightX120\n","uploadtime":1698196649,"views":9,"p1id":"nastyn","p2id":"nightx120","formatid":"gen9anythinggoes","rating":1167,"private":0,"password":""}