{"id":"gen9anythinggoes-1997952351","p1":"joshi123465","p2":"GildedSapphire","format":"[Gen 9] Anything Goes","log":"|j|\u2606joshi123465\n|j|\u2606GildedSapphire\n|t:|1700871440\n|gametype|singles\n|player|p1|joshi123465|steven|1069\n|player|p2|GildedSapphire|wallace|1145\n|teamsize|p1|6\n|teamsize|p2|6\n|gen|9\n|tier|[Gen 9] Anything Goes\n|rated|\n|rule|HP Percentage Mod: HP is shown in percentages\n|rule|Endless Battle Clause: Forcing endless battles is banned\n|clearpoke\n|poke|p1|Typhlosion-Hisui, M|\n|poke|p1|Gliscor, M|\n|poke|p1|Zoroark, M|\n|poke|p1|Cinderace, M|\n|poke|p1|Krookodile, F|\n|poke|p1|Abomasnow, F|\n|poke|p2|Espathra, F|\n|poke|p2|Koraidon|\n|poke|p2|Ogerpon-Hearthflame, F|\n|poke|p2|Miraidon|\n|poke|p2|Iron Bundle|\n|poke|p2|Drifblim, M|\n|teampreview\n|inactive|Battle timer is ON: inactive players will automatically lose when time's up. (requested by GildedSapphire)\n|\n|t:|1700871448\n|start\n|switch|p1a: Abomasnow|Abomasnow, F|100\/100\n|switch|p2a: Iron Bundle|Iron Bundle|100\/100\n|-enditem|p2a: Iron Bundle|Booster Energy\n|-activate|p2a: Iron Bundle|ability: Quark Drive|[fromitem]\n|-start|p2a: Iron Bundle|quarkdrivespa\n|turn|1\n|\n|t:|1700871458\n|move|p2a: Iron Bundle|Ice Beam|p1a: Abomasnow\n|-damage|p1a: Abomasnow|0 fnt\n|replace|p1a: Zoroark|Zoroark, M\n|-end|p1a: Zoroark|Illusion\n|faint|p1a: Zoroark\n|\n|upkeep\n|c|\u2606GildedSapphire|JESUS\n|\n|t:|1700871467\n|switch|p1a: Krookodile|Krookodile, F|100\/100\n|turn|2\n|\n|t:|1700871472\n|move|p2a: Iron Bundle|Ice Beam|p1a: Krookodile\n|-supereffective|p1a: Krookodile\n|-damage|p1a: Krookodile|0 fnt\n|faint|p1a: Krookodile\n|\n|upkeep\n|\n|t:|1700871482\n|switch|p1a: Typhlosion|Typhlosion-Hisui, M|100\/100\n|turn|3\n|\n|t:|1700871488\n|move|p2a: Iron Bundle|Hydro Pump|p1a: Typhlosion\n|-supereffective|p1a: Typhlosion\n|-damage|p1a: Typhlosion|0 fnt\n|faint|p1a: Typhlosion\n|\n|upkeep\n|\n|t:|1700871495\n|switch|p1a: Cinderace|Cinderace, M|100\/100\n|turn|4\n|\n|t:|1700871509\n|move|p2a: Iron Bundle|Hydro Pump|p1a: Cinderace\n|-supereffective|p1a: Cinderace\n|-damage|p1a: Cinderace|0 fnt\n|faint|p1a: Cinderace\n|\n|upkeep\n|c|\u2606GildedSapphire|Why is this penguin so frickin fast omg\n|inactive|joshi123465 has 120 seconds left.\n|c|\u2606GildedSapphire|I am so sorry for sweeping your team I did NOT expect this to happen\n|inactive|joshi123465 has 90 seconds left.\n|\n|t:|1700871586\n|switch|p1a: Abomasnow|Abomasnow, F|100\/100\n|-weather|Snow|[from] ability: Snow Warning|[of] p1a: Abomasnow\n|turn|5\n|\n|t:|1700871592\n|move|p2a: Iron Bundle|Ice Beam|p1a: Abomasnow\n|-damage|p1a: Abomasnow|26\/100\n|-enditem|p1a: Abomasnow|Sitrus Berry|[eat]\n|-heal|p1a: Abomasnow|50\/100|[from] item: Sitrus Berry\n|move|p1a: Abomasnow|Grass Knot|p2a: Iron Bundle\n|-supereffective|p2a: Iron Bundle\n|-damage|p2a: Iron Bundle|40\/100\n|\n|-weather|Snow|[upkeep]\n|upkeep\n|turn|6\n|\n|t:|1700871605\n|-terastallize|p2a: Iron Bundle|Ice\n|-terastallize|p1a: Abomasnow|Grass\n|move|p2a: Iron Bundle|Ice Beam|p1a: Abomasnow\n|-supereffective|p1a: Abomasnow\n|-damage|p1a: Abomasnow|0 fnt\n|faint|p1a: Abomasnow\n|\n|-weather|Snow|[upkeep]\n|upkeep\n|\n|t:|1700871613\n|switch|p1a: Gliscor|Gliscor, M, shiny|100\/100\n|turn|7\n|c|\u2606GildedSapphire|Welp, ggwp\n|\n|t:|1700871622\n|move|p2a: Iron Bundle|Ice Beam|p1a: Gliscor\n|-supereffective|p1a: Gliscor\n|-damage|p1a: Gliscor|0 fnt\n|faint|p1a: Gliscor\n|\n|win|GildedSapphire\n|raw|joshi123465's rating: 1069 &rarr; <strong>1053<\/strong><br \/>(-16 for losing)\n|raw|GildedSapphire's rating: 1145 &rarr; <strong>1165<\/strong><br \/>(+20 for winning)\n","uploadtime":1700871634,"views":16,"p1id":"joshi123465","p2id":"gildedsapphire","formatid":"gen9anythinggoes","rating":1053,"private":0,"password":""}