{"id":"gen9anythinggoes-1991675280","p1":"chicknom","p2":"Tractoryeet","format":"[Gen 9] Anything Goes","log":"|j|\u203dchicknom\n|j|\u2606Tractoryeet\n|t:|1700101312\n|gametype|singles\n|player|p1|chicknom|101|1537\n|player|p2|Tractoryeet|karen|1504\n|teamsize|p1|6\n|teamsize|p2|6\n|gen|9\n|tier|[Gen 9] Anything Goes\n|rated|\n|rule|HP Percentage Mod: HP is shown in percentages\n|rule|Endless Battle Clause: Forcing endless battles is banned\n|clearpoke\n|poke|p1|Kyogre|\n|poke|p1|Rayquaza|\n|poke|p1|Groudon|\n|poke|p1|Zacian-*|\n|poke|p1|Zacian-*|\n|poke|p1|Calyrex-Shadow|\n|poke|p2|Great Tusk|\n|poke|p2|Corviknight, M|\n|poke|p2|Kingambit, M|\n|poke|p2|Ursaluna-Bloodmoon, M|\n|poke|p2|Ting-Lu|\n|poke|p2|Polteageist-Antique|\n|teampreview\n|inactive|Battle timer is ON: inactive players will automatically lose when time's up. (requested by chicknom)\n|\n|t:|1700101353\n|start\n|switch|p1a: Kyogre|Kyogre, shiny|100\/100\n|switch|p2a: Teatime|Polteageist-Antique|100\/100\n|-weather|RainDance|[from] ability: Drizzle|[of] p1a: Kyogre\n|turn|1\n|\n|t:|1700101358\n|move|p1a: Kyogre|Origin Pulse|p2a: Teatime\n|-enditem|p2a: Teatime|Focus Sash\n|-damage|p2a: Teatime|1\/100\n|move|p2a: Teatime|Shell Smash|p2a: Teatime\n|-unboost|p2a: Teatime|def|1\n|-unboost|p2a: Teatime|spd|1\n|-boost|p2a: Teatime|atk|2\n|-boost|p2a: Teatime|spa|2\n|-boost|p2a: Teatime|spe|2\n|\n|-weather|RainDance|[upkeep]\n|upkeep\n|turn|2\n|\n|t:|1700101364\n|move|p2a: Teatime|Stored Power|p1a: Kyogre\n|-damage|p1a: Kyogre|16\/100\n|move|p1a: Kyogre|Ice Beam|p2a: Teatime\n|-crit|p2a: Teatime\n|-damage|p2a: Teatime|0 fnt\n|faint|p2a: Teatime\n|\n|-weather|RainDance|[upkeep]\n|upkeep\n|\n|t:|1700101388\n|switch|p2a: Kingambit|Kingambit, M|100\/100\n|turn|3\n|\n|t:|1700101394\n|move|p2a: Kingambit|Sucker Punch|p1a: Kyogre\n|-damage|p1a: Kyogre|0 fnt\n|faint|p1a: Kyogre\n|-damage|p2a: Kingambit|91\/100|[from] item: Life Orb\n|\n|-weather|RainDance|[upkeep]\n|upkeep\n|\n|t:|1700101398\n|switch|p1a: Groudon|Groudon, shiny|100\/100\n|-weather|SunnyDay|[from] ability: Drought|[of] p1a: Groudon\n|turn|4\n|\n|t:|1700101408\n|switch|p2a: Beep Cheep|Corviknight, M|100\/100\n|-ability|p2a: Beep Cheep|Pressure\n|move|p1a: Groudon|Fire Punch|p2a: Beep Cheep\n|-supereffective|p2a: Beep Cheep\n|-damage|p2a: Beep Cheep|26\/100\n|\n|-weather|SunnyDay|[upkeep]\n|-heal|p2a: Beep Cheep|33\/100|[from] item: Leftovers\n|upkeep\n|turn|5\n|\n|t:|1700101418\n|move|p1a: Groudon|Fire Punch|p2a: Beep Cheep\n|-supereffective|p2a: Beep Cheep\n|-damage|p2a: Beep Cheep|0 fnt\n|faint|p2a: Beep Cheep\n|\n|-weather|SunnyDay|[upkeep]\n|upkeep\n|\n|t:|1700101420\n|switch|p2a: Ting-Lu|Ting-Lu|100\/100\n|-ability|p2a: Ting-Lu|Vessel of Ruin\n|turn|6\n|\n|t:|1700101425\n|move|p1a: Groudon|Precipice Blades|p2a: Ting-Lu\n|-damage|p2a: Ting-Lu|63\/100\n|move|p2a: Ting-Lu|Stealth Rock|p1a: Groudon\n|-sidestart|p1: chicknom|move: Stealth Rock\n|\n|-weather|SunnyDay|[upkeep]\n|-heal|p2a: Ting-Lu|69\/100|[from] item: Leftovers\n|upkeep\n|turn|7\n|\n|t:|1700101431\n|move|p1a: Groudon|Precipice Blades|p2a: Ting-Lu\n|-damage|p2a: Ting-Lu|28\/100\n|move|p2a: Ting-Lu|Spikes|p1a: Groudon\n|-sidestart|p1: chicknom|Spikes\n|\n|-weather|SunnyDay|[upkeep]\n|-heal|p2a: Ting-Lu|34\/100|[from] item: Leftovers\n|upkeep\n|turn|8\n|\n|t:|1700101436\n|move|p1a: Groudon|Precipice Blades|p2a: Ting-Lu\n|-damage|p2a: Ting-Lu|0 fnt\n|faint|p2a: Ting-Lu\n|\n|-weather|none\n|upkeep\n|\n|t:|1700101439\n|switch|p2a: Great Tusk|Great Tusk|100\/100\n|turn|9\n|\n|t:|1700101443\n|move|p2a: Great Tusk|Rapid Spin|p1a: Groudon\n|-damage|p1a: Groudon|88\/100\n|-boost|p2a: Great Tusk|spe|1\n|move|p1a: Groudon|Precipice Blades|p2a: Great Tusk\n|-damage|p2a: Great Tusk|44\/100\n|\n|-heal|p2a: Great Tusk|51\/100|[from] item: Leftovers\n|upkeep\n|turn|10\n|\n|t:|1700101448\n|move|p2a: Great Tusk|Bulk Up|p2a: Great Tusk\n|-boost|p2a: Great Tusk|atk|1\n|-boost|p2a: Great Tusk|def|1\n|move|p1a: Groudon|Precipice Blades|p2a: Great Tusk|[miss]\n|-miss|p1a: Groudon|p2a: Great Tusk\n|\n|-heal|p2a: Great Tusk|57\/100|[from] item: Leftovers\n|upkeep\n|turn|11\n|\n|t:|1700101454\n|move|p2a: Great Tusk|Bulk Up|p2a: Great Tusk\n|-boost|p2a: Great Tusk|atk|1\n|-boost|p2a: Great Tusk|def|1\n|move|p1a: Groudon|Precipice Blades|p2a: Great Tusk\n|-damage|p2a: Great Tusk|31\/100\n|\n|-heal|p2a: Great Tusk|38\/100|[from] item: Leftovers\n|upkeep\n|turn|12\n|\n|t:|1700101456\n|move|p2a: Great Tusk|Bulk Up|p2a: Great Tusk\n|-boost|p2a: Great Tusk|atk|1\n|-boost|p2a: Great Tusk|def|1\n|move|p1a: Groudon|Precipice Blades|p2a: Great Tusk\n|-damage|p2a: Great Tusk|16\/100\n|\n|-heal|p2a: Great Tusk|22\/100|[from] item: Leftovers\n|upkeep\n|turn|13\n|\n|t:|1700101462\n|move|p2a: Great Tusk|Ice Spinner|p1a: Groudon\n|-supereffective|p1a: Groudon\n|-damage|p1a: Groudon|0 fnt\n|faint|p1a: Groudon\n|\n|-heal|p2a: Great Tusk|28\/100|[from] item: Leftovers\n|upkeep\n|\n|t:|1700101471\n|switch|p1a: Calyrex|Calyrex-Shadow|100\/100\n|-ability|p1a: Calyrex|As One\n|-ability|p1a: Calyrex|Unnerve\n|-damage|p1a: Calyrex|88\/100|[from] Stealth Rock\n|-damage|p1a: Calyrex|76\/100|[from] Spikes\n|turn|14\n|\n|t:|1700101474\n|move|p2a: Great Tusk|Earthquake|p1a: Calyrex\n|-damage|p1a: Calyrex|0 fnt\n|faint|p1a: Calyrex\n|\n|-heal|p2a: Great Tusk|34\/100|[from] item: Leftovers\n|upkeep\n|\n|t:|1700101477\n|switch|p1a: Rayquaza|Rayquaza, shiny|100\/100\n|-damage|p1a: Rayquaza|76\/100|[from] Stealth Rock\n|-ability|p1a: Rayquaza|Air Lock\n|turn|15\n|\n|t:|1700101481\n|move|p1a: Rayquaza|Extreme Speed|p2a: Great Tusk\n|-damage|p2a: Great Tusk|22\/100\n|-damage|p1a: Rayquaza|66\/100|[from] item: Life Orb\n|move|p2a: Great Tusk|Ice Spinner|p1a: Rayquaza\n|-supereffective|p1a: Rayquaza\n|-damage|p1a: Rayquaza|0 fnt\n|faint|p1a: Rayquaza\n|\n|-heal|p2a: Great Tusk|29\/100|[from] item: Leftovers\n|upkeep\n|\n|t:|1700101490\n|switch|p1a: Zacian|Zacian-Crowned, shiny|100\/100\n|-damage|p1a: Zacian|94\/100|[from] Stealth Rock\n|-damage|p1a: Zacian|82\/100|[from] Spikes\n|-ability|p1a: Zacian|Intrepid Sword|boost\n|-boost|p1a: Zacian|atk|1\n|turn|16\n|\n|t:|1700101493\n|move|p2a: Great Tusk|Earthquake|p1a: Zacian\n|-supereffective|p1a: Zacian\n|-crit|p1a: Zacian\n|-damage|p1a: Zacian|0 fnt\n|faint|p1a: Zacian\n|\n|-heal|p2a: Great Tusk|35\/100|[from] item: Leftovers\n|upkeep\n|\n|t:|1700101495\n|switch|p1a: Zacian|Zacian-Crowned, shiny|100\/100\n|-damage|p1a: Zacian|94\/100|[from] Stealth Rock\n|-damage|p1a: Zacian|82\/100|[from] Spikes\n|-ability|p1a: Zacian|Intrepid Sword|boost\n|-boost|p1a: Zacian|atk|1\n|turn|17\n|\n|t:|1700101499\n|move|p2a: Great Tusk|Earthquake|p1a: Zacian\n|-supereffective|p1a: Zacian\n|-damage|p1a: Zacian|0 fnt\n|faint|p1a: Zacian\n|\n|win|Tractoryeet\n|raw|chicknom's rating: 1537 &rarr; <strong>1515<\/strong><br \/>(-22 for losing)\n|raw|Tractoryeet's rating: 1504 &rarr; <strong>1526<\/strong><br \/>(+22 for winning)\n","uploadtime":1700101505,"views":5,"p1id":"chicknom","p2id":"tractoryeet","formatid":"gen9anythinggoes","rating":1515,"private":0,"password":""}