{"id":"gen9anythinggoes-1996955304","p1":"arafatr871","p2":"Agastyaa","format":"[Gen 9] Anything Goes","log":"|j|\u2606arafatr871\n|j|\u2606Agastyaa\n|t:|1700749281\n|gametype|singles\n|player|p1|arafatr871|ingo|1607\n|player|p2|Agastyaa|1|1666\n|teamsize|p1|6\n|teamsize|p2|6\n|gen|9\n|tier|[Gen 9] Anything Goes\n|rated|\n|rule|HP Percentage Mod: HP is shown in percentages\n|rule|Endless Battle Clause: Forcing endless battles is banned\n|clearpoke\n|poke|p1|Calyrex-Shadow|\n|poke|p1|Chansey, F|\n|poke|p1|Clodsire, F|\n|poke|p1|Mandibuzz, F|\n|poke|p1|Skeledirge, F|\n|poke|p1|Gliscor, M|\n|poke|p2|Koraidon|\n|poke|p2|Arceus|\n|poke|p2|Calyrex-Shadow|\n|poke|p2|Miraidon|\n|poke|p2|Kyogre|\n|poke|p2|Giratina-Origin|\n|teampreview\n|inactive|Battle timer is ON: inactive players will automatically lose when time's up. (requested by arafatr871)\n|\n|t:|1700749292\n|start\n|switch|p1a: Gliscor|Gliscor, M|100\/100\n|switch|p2a: Koraidon|Koraidon|100\/100\n|-weather|SunnyDay|[from] ability: Orichalcum Pulse|[of] p2a: Koraidon\n|-activate|p2a: Koraidon|Orichalcum Pulse|[source]\n|turn|1\n|\n|t:|1700749299\n|move|p2a: Koraidon|Swords Dance|p2a: Koraidon\n|-boost|p2a: Koraidon|atk|2\n|move|p1a: Gliscor|Toxic|p2a: Koraidon\n|-status|p2a: Koraidon|tox\n|\n|-weather|SunnyDay|[upkeep]\n|-damage|p2a: Koraidon|94\/100 tox|[from] psn\n|-status|p1a: Gliscor|tox|[from] item: Toxic Orb\n|upkeep\n|turn|2\n|\n|t:|1700749306\n|move|p2a: Koraidon|Scale Shot|p1a: Gliscor\n|-damage|p1a: Gliscor|79\/100 tox\n|-damage|p1a: Gliscor|57\/100 tox\n|-damage|p1a: Gliscor|37\/100 tox\n|-damage|p1a: Gliscor|17\/100 tox\n|-damage|p1a: Gliscor|0 fnt\n|faint|p1a: Gliscor\n|-hitcount|p1: Gliscor|5\n|-unboost|p2a: Koraidon|def|1\n|-boost|p2a: Koraidon|spe|1\n|\n|-weather|SunnyDay|[upkeep]\n|-damage|p2a: Koraidon|82\/100 tox|[from] psn\n|upkeep\n|\n|t:|1700749321\n|switch|p1a: Mandibuzz|Mandibuzz, F, shiny|100\/100\n|turn|3\n|\n|t:|1700749325\n|move|p2a: Koraidon|Flare Blitz|p1a: Mandibuzz\n|-damage|p1a: Mandibuzz|4\/100\n|-damage|p2a: Koraidon|42\/100 tox|[from] Recoil\n|move|p1a: Mandibuzz|Roost|p1a: Mandibuzz\n|-heal|p1a: Mandibuzz|54\/100\n|-singleturn|p1a: Mandibuzz|move: Roost\n|\n|-weather|SunnyDay|[upkeep]\n|-heal|p1a: Mandibuzz|60\/100|[from] item: Leftovers\n|-damage|p2a: Koraidon|24\/100 tox|[from] psn\n|upkeep\n|turn|4\n|\n|t:|1700749332\n|move|p2a: Koraidon|Flare Blitz|p1a: Mandibuzz\n|-damage|p1a: Mandibuzz|0 fnt\n|faint|p1a: Mandibuzz\n|-damage|p2a: Koraidon|0 fnt|[from] Recoil\n|faint|p2a: Koraidon\n|\n|-weather|SunnyDay|[upkeep]\n|upkeep\n|\n|t:|1700749341\n|switch|p2a: Arceus|Arceus|100\/100\n|switch|p1a: Chansey|Chansey, F, shiny|100\/100\n|turn|5\n|\n|t:|1700749350\n|move|p2a: Arceus|Extreme Speed|p1a: Chansey\n|-damage|p1a: Chansey|62\/100\n|-damage|p2a: Arceus|91\/100|[from] item: Life Orb\n|move|p1a: Chansey|Thunder Wave|p2a: Arceus\n|-status|p2a: Arceus|par\n|\n|-weather|none\n|upkeep\n|turn|6\n|\n|t:|1700749357\n|move|p2a: Arceus|Swords Dance|p2a: Arceus\n|-boost|p2a: Arceus|atk|2\n|move|p1a: Chansey|Stealth Rock|p2a: Arceus\n|-sidestart|p2: Agastyaa|move: Stealth Rock\n|\n|upkeep\n|turn|7\n|\n|t:|1700749368\n|switch|p1a: Skeledirge|Skeledirge, F, shiny|100\/100\n|move|p2a: Arceus|Extreme Speed|p1a: Skeledirge\n|-immune|p1a: Skeledirge\n|\n|upkeep\n|turn|8\n|\n|t:|1700749376\n|move|p1a: Skeledirge|Torch Song|p2a: Arceus\n|-damage|p2a: Arceus|66\/100 par\n|-boost|p1a: Skeledirge|spa|1\n|move|p2a: Arceus|Shadow Claw|p1a: Skeledirge\n|-supereffective|p1a: Skeledirge\n|-damage|p1a: Skeledirge|48\/100\n|-damage|p2a: Arceus|56\/100 par|[from] item: Life Orb\n|\n|upkeep\n|turn|9\n|\n|t:|1700749386\n|switch|p2a: Giratina|Giratina-Origin|100\/100\n|-damage|p2a: Giratina|88\/100|[from] Stealth Rock\n|-terastallize|p1a: Skeledirge|Normal\n|move|p1a: Skeledirge|Torch Song|p2a: Giratina\n|-resisted|p2a: Giratina\n|-damage|p2a: Giratina|71\/100\n|-boost|p1a: Skeledirge|spa|1\n|\n|upkeep\n|turn|10\n|\n|t:|1700749395\n|move|p2a: Giratina|Defog|p1a: Skeledirge\n|-unboost|p1a: Skeledirge|evasion|1\n|-sideend|p2: Agastyaa|Stealth Rock|[from] move: Defog|[of] p2a: Giratina\n|move|p1a: Skeledirge|Hex|p2a: Giratina\n|-supereffective|p2a: Giratina\n|-damage|p2a: Giratina|0 fnt\n|faint|p2a: Giratina\n|\n|upkeep\n|\n|t:|1700749413\n|switch|p2a: Arceus|Arceus|56\/100 par\n|turn|11\n|\n|t:|1700749421\n|cant|p2a: Arceus|par\n|move|p1a: Skeledirge|Slack Off|p1a: Skeledirge\n|-heal|p1a: Skeledirge|98\/100\n|\n|upkeep\n|turn|12\n|\n|t:|1700749426\n|move|p2a: Arceus|Extreme Speed|p1a: Skeledirge\n|-damage|p1a: Skeledirge|53\/100\n|-damage|p2a: Arceus|46\/100 par|[from] item: Life Orb\n|move|p1a: Skeledirge|Torch Song|p2a: Arceus\n|-damage|p2a: Arceus|0 fnt\n|-boost|p1a: Skeledirge|spa|1\n|faint|p2a: Arceus\n|\n|upkeep\n|\n|t:|1700749439\n|switch|p2a: Calyrex|Calyrex-Shadow|100\/100\n|-ability|p2a: Calyrex|As One\n|-ability|p2a: Calyrex|Unnerve\n|turn|13\n|\n|t:|1700749443\n|move|p2a: Calyrex|Grass Knot|p1a: Skeledirge\n|-damage|p1a: Skeledirge|0 fnt\n|faint|p1a: Skeledirge\n|-ability|p2a: Calyrex|Grim Neigh|boost\n|-boost|p2a: Calyrex|spa|1\n|\n|upkeep\n|\n|t:|1700749447\n|switch|p1a: Chansey|Chansey, F, shiny|62\/100\n|turn|14\n|\n|t:|1700749452\n|switch|p2a: Kyogre|Kyogre|100\/100\n|-weather|RainDance|[from] ability: Drizzle|[of] p2a: Kyogre\n|move|p1a: Chansey|Thunder Wave|p2a: Kyogre\n|-status|p2a: Kyogre|par\n|\n|-weather|RainDance|[upkeep]\n|upkeep\n|turn|15\n|\n|t:|1700749461\n|move|p2a: Kyogre|Water Spout|p1a: Chansey\n|-damage|p1a: Chansey|19\/100\n|move|p1a: Chansey|Stealth Rock|p2a: Kyogre\n|-sidestart|p2: Agastyaa|move: Stealth Rock\n|\n|-weather|RainDance|[upkeep]\n|upkeep\n|turn|16\n|\n|t:|1700749468\n|move|p2a: Kyogre|Water Spout|p1a: Chansey\n|-damage|p1a: Chansey|0 fnt\n|faint|p1a: Chansey\n|\n|-weather|RainDance|[upkeep]\n|upkeep\n|\n|t:|1700749471\n|switch|p1a: Clodsire|Clodsire, F, shiny|100\/100\n|turn|17\n|\n|t:|1700749478\n|move|p1a: Clodsire|Protect|p1a: Clodsire\n|-singleturn|p1a: Clodsire|Protect\n|move|p2a: Kyogre|Water Spout|p1a: Clodsire\n|-activate|p1a: Clodsire|move: Protect\n|\n|-weather|RainDance|[upkeep]\n|upkeep\n|turn|18\n|\n|t:|1700749484\n|move|p2a: Kyogre|Water Spout|p1a: Clodsire\n|-supereffective|p1a: Clodsire\n|-damage|p1a: Clodsire|0 fnt\n|faint|p1a: Clodsire\n|\n|-weather|none\n|upkeep\n|\n|t:|1700749489\n|switch|p1a: Calyrex|Calyrex-Shadow|100\/100\n|-ability|p1a: Calyrex|As One\n|-ability|p1a: Calyrex|Unnerve\n|turn|19\n|\n|t:|1700749494\n|move|p1a: Calyrex|Astral Barrage|p2a: Kyogre\n|-damage|p2a: Kyogre|43\/100 par\n|move|p2a: Kyogre|Water Spout|p1a: Calyrex\n|-damage|p1a: Calyrex|65\/100\n|\n|upkeep\n|turn|20\n|\n|t:|1700749502\n|move|p1a: Calyrex|Astral Barrage|p2a: Kyogre\n|-damage|p2a: Kyogre|0 fnt\n|faint|p2a: Kyogre\n|-ability|p1a: Calyrex|Grim Neigh|boost\n|-boost|p1a: Calyrex|spa|1\n|\n|upkeep\n|\n|t:|1700749504\n|switch|p2a: Miraidon|Miraidon|100\/100\n|-damage|p2a: Miraidon|88\/100|[from] Stealth Rock\n|-fieldstart|move: Electric Terrain|[from] ability: Hadron Engine|[of] p2a: Miraidon\n|turn|21\n|\n|t:|1700749508\n|move|p2a: Miraidon|Electro Drift|p1a: Calyrex\n|-damage|p1a: Calyrex|0 fnt\n|faint|p1a: Calyrex\n|\n|win|Agastyaa\n|raw|arafatr871's rating: 1607 &rarr; <strong>1590<\/strong><br \/>(-17 for losing)\n|raw|Agastyaa's rating: 1666 &rarr; <strong>1683<\/strong><br \/>(+17 for winning)\n|l|\u2606Agastyaa\n|l|\u2606arafatr871\n","uploadtime":1700749570,"views":0,"p1id":"arafatr871","p2id":"agastyaa","formatid":"gen9anythinggoes","rating":1590,"private":0,"password":""}