{"id":"gen9anythinggoes-1971563295","p1":"dripdio","p2":"pedreirocantor","format":"[Gen 9] Anything Goes","log":"|j|\u2606dripdio\n|j|\u2606pedreirocantor\n|t:|1697748700\n|gametype|singles\n|player|p1|dripdio|1|1347\n|player|p2|pedreirocantor|byron|1512\n|teamsize|p1|6\n|teamsize|p2|6\n|gen|9\n|tier|[Gen 9] Anything Goes\n|rated|\n|rule|HP Percentage Mod: HP is shown in percentages\n|rule|Endless Battle Clause: Forcing endless battles is banned\n|clearpoke\n|poke|p1|Calyrex-Shadow|\n|poke|p1|Kingambit, M|\n|poke|p1|Zacian-*|\n|poke|p1|Flutter Mane|\n|poke|p1|Koraidon|\n|poke|p1|Toxapex, M|\n|poke|p2|Arceus|\n|poke|p2|Shaymin-Sky|\n|poke|p2|Calyrex-Shadow|\n|poke|p2|Koraidon|\n|poke|p2|Zacian-*|\n|poke|p2|Giratina|\n|teampreview\n|\n|t:|1697748723\n|start\n|switch|p1a: Toxapex|Toxapex, M|100\/100\n|switch|p2a: Shaymin|Shaymin-Sky|100\/100\n|turn|1\n|\n|t:|1697748754\n|move|p2a: Shaymin|Air Slash|p1a: Toxapex\n|-damage|p1a: Toxapex|76\/100\n|cant|p1a: Toxapex|flinch\n|\n|-heal|p1a: Toxapex|83\/100|[from] item: Black Sludge\n|upkeep\n|turn|2\n|\n|t:|1697748758\n|move|p2a: Shaymin|Air Slash|p1a: Toxapex\n|-damage|p1a: Toxapex|57\/100\n|move|p1a: Toxapex|Toxic Spikes|p2a: Shaymin\n|-sidestart|p2: pedreirocantor|move: Toxic Spikes\n|\n|-heal|p1a: Toxapex|63\/100|[from] item: Black Sludge\n|upkeep\n|turn|3\n|\n|t:|1697748762\n|move|p2a: Shaymin|Air Slash|p1a: Toxapex\n|-damage|p1a: Toxapex|37\/100\n|cant|p1a: Toxapex|flinch\n|\n|-heal|p1a: Toxapex|44\/100|[from] item: Black Sludge\n|upkeep\n|turn|4\n|\n|t:|1697748769\n|move|p2a: Shaymin|Air Slash|p1a: Toxapex\n|-damage|p1a: Toxapex|19\/100\n|move|p1a: Toxapex|Toxic Spikes|p2a: Shaymin\n|-sidestart|p2: pedreirocantor|move: Toxic Spikes\n|\n|-heal|p1a: Toxapex|25\/100|[from] item: Black Sludge\n|upkeep\n|turn|5\n|\n|t:|1697748776\n|move|p2a: Shaymin|Air Slash|p1a: Toxapex\n|-damage|p1a: Toxapex|0 fnt\n|faint|p1a: Toxapex\n|\n|upkeep\n|\n|t:|1697748781\n|switch|p1a: Koraidon|Koraidon|100\/100\n|-weather|SunnyDay|[from] ability: Orichalcum Pulse|[of] p1a: Koraidon\n|-activate|p1a: Koraidon|Orichalcum Pulse|[source]\n|turn|6\n|\n|t:|1697748785\n|move|p2a: Shaymin|Air Slash|p1a: Koraidon\n|-supereffective|p1a: Koraidon\n|-damage|p1a: Koraidon|23\/100\n|cant|p1a: Koraidon|flinch\n|\n|-weather|SunnyDay|[upkeep]\n|-heal|p1a: Koraidon|29\/100|[from] item: Leftovers\n|upkeep\n|turn|7\n|\n|t:|1697748789\n|move|p2a: Shaymin|Air Slash|p1a: Koraidon\n|-supereffective|p1a: Koraidon\n|-damage|p1a: Koraidon|0 fnt\n|faint|p1a: Koraidon\n|\n|-weather|SunnyDay|[upkeep]\n|upkeep\n|\n|t:|1697748796\n|switch|p1a: Zacian|Zacian-Crowned|100\/100\n|-ability|p1a: Zacian|Intrepid Sword|boost\n|-boost|p1a: Zacian|atk|1\n|turn|8\n|\n|t:|1697748805\n|move|p2a: Shaymin|Air Slash|p1a: Zacian\n|-resisted|p1a: Zacian\n|-damage|p1a: Zacian|83\/100\n|cant|p1a: Zacian|flinch\n|\n|-weather|SunnyDay|[upkeep]\n|upkeep\n|turn|9\n|\n|t:|1697748813\n|move|p2a: Shaymin|Air Slash|p1a: Zacian\n|-resisted|p1a: Zacian\n|-damage|p1a: Zacian|63\/100\n|cant|p1a: Zacian|flinch\n|\n|-weather|SunnyDay|[upkeep]\n|upkeep\n|turn|10\n|\n|t:|1697748817\n|move|p2a: Shaymin|Air Slash|p1a: Zacian\n|-resisted|p1a: Zacian\n|-damage|p1a: Zacian|45\/100\n|move|p1a: Zacian|Swords Dance|p1a: Zacian\n|-boost|p1a: Zacian|atk|2\n|\n|-weather|none\n|upkeep\n|turn|11\n|\n|t:|1697748821\n|move|p2a: Shaymin|Air Slash|p1a: Zacian\n|-resisted|p1a: Zacian\n|-damage|p1a: Zacian|27\/100\n|cant|p1a: Zacian|flinch\n|\n|upkeep\n|turn|12\n|\n|t:|1697748826\n|move|p2a: Shaymin|Air Slash|p1a: Zacian\n|-resisted|p1a: Zacian\n|-damage|p1a: Zacian|7\/100\n|move|p1a: Zacian|Play Rough|p2a: Shaymin\n|-damage|p2a: Shaymin|0 fnt\n|faint|p2a: Shaymin\n|\n|upkeep\n|c|\u2606dripdio|lucky ah flinches\n|c|\u2606dripdio|3 in a round\n|\n|t:|1697748848\n|switch|p2a: Giratina|Giratina|100\/100\n|-ability|p2a: Giratina|Pressure\n|turn|13\n|\n|t:|1697748852\n|move|p2a: Giratina|Shadow Sneak|p1a: Zacian\n|-damage|p1a: Zacian|0 fnt\n|faint|p1a: Zacian\n|\n|upkeep\n|\n|t:|1697748858\n|switch|p1a: Calyrex|Calyrex-Shadow|100\/100\n|-ability|p1a: Calyrex|As One\n|-ability|p1a: Calyrex|Unnerve\n|turn|14\n|\n|t:|1697748863\n|-terastallize|p2a: Giratina|Normal\n|move|p1a: Calyrex|Astral Barrage|p2a: Giratina\n|-immune|p2a: Giratina\n|move|p2a: Giratina|Shadow Ball|p1a: Calyrex\n|-supereffective|p1a: Calyrex\n|-damage|p1a: Calyrex|0 fnt\n|faint|p1a: Calyrex\n|\n|upkeep\n|\n|t:|1697748869\n|switch|p1a: Flutter Mane|Flutter Mane|100\/100\n|turn|15\n|\n|t:|1697748875\n|move|p1a: Flutter Mane|Moonblast|p2a: Giratina\n|-damage|p2a: Giratina|72\/100\n|-damage|p1a: Flutter Mane|91\/100|[from] item: Life Orb\n|move|p2a: Giratina|Shadow Ball|p1a: Flutter Mane\n|-supereffective|p1a: Flutter Mane\n|-damage|p1a: Flutter Mane|32\/100\n|-unboost|p1a: Flutter Mane|spd|1\n|\n|upkeep\n|turn|16\n|\n|t:|1697748883\n|move|p1a: Flutter Mane|Moonblast|p2a: Giratina\n|-damage|p2a: Giratina|43\/100\n|-damage|p1a: Flutter Mane|22\/100|[from] item: Life Orb\n|move|p2a: Giratina|Defog|p1a: Flutter Mane\n|-unboost|p1a: Flutter Mane|evasion|1\n|-sideend|p2: pedreirocantor|Toxic Spikes|[from] move: Defog|[of] p2a: Giratina\n|\n|upkeep\n|turn|17\n|\n|t:|1697748892\n|move|p1a: Flutter Mane|Moonblast|p2a: Giratina\n|-damage|p2a: Giratina|13\/100\n|-damage|p1a: Flutter Mane|12\/100|[from] item: Life Orb\n|move|p2a: Giratina|Roar|p1a: Flutter Mane\n|-end|p1a: Flutter Mane|Protosynthesis|[silent]\n|drag|p1a: Kingambit|Kingambit, M|100\/100\n|-activate|p1a: Kingambit|ability: Supreme Overlord\n|-start|p1a: Kingambit|fallen4|[silent]\n|\n|upkeep\n|turn|18\n|-message|dripdio forfeited.\n|\n|win|pedreirocantor\n|raw|dripdio's rating: 1347 &rarr; <strong>1336<\/strong><br \/>(-11 for losing)\n|raw|pedreirocantor's rating: 1512 &rarr; <strong>1523<\/strong><br \/>(+11 for winning)\n|l|\u2606dripdio\n","uploadtime":1697748929,"views":10,"p1id":"dripdio","p2id":"pedreirocantor","formatid":"gen9anythinggoes","rating":1336,"private":0,"password":""}