{"id":"gen9anythinggoes-1996471887","p1":"Duketheduke","p2":"Agent4b","format":"[Gen 9] Anything Goes","log":"|j|\u2606Duketheduke\n|j|\u2606Agent4b\n|t:|1700685292\n|gametype|singles\n|player|p1|Duketheduke|ash-kalos|1051\n|player|p2|Agent4b|rosa|1136\n|teamsize|p1|6\n|teamsize|p2|6\n|gen|9\n|tier|[Gen 9] Anything Goes\n|rated|\n|rule|HP Percentage Mod: HP is shown in percentages\n|rule|Endless Battle Clause: Forcing endless battles is banned\n|clearpoke\n|poke|p1|Garganacl, M|\n|poke|p1|Glimmora, F|\n|poke|p1|Sinistcha-Masterpiece|\n|poke|p1|Pawmot, M|\n|poke|p1|Espathra, F|\n|poke|p1|Samurott-Hisui, M|\n|poke|p2|Chien-Pao|\n|poke|p2|Zamazenta-*|\n|poke|p2|Palkia|\n|poke|p2|Jirachi|\n|poke|p2|Miraidon|\n|poke|p2|Ditto|\n|teampreview\n|inactive|Battle timer is ON: inactive players will automatically lose when time's up. (requested by Agent4b)\n|\n|t:|1700685297\n|start\n|switch|p1a: Garganacl|Garganacl, M, shiny|100\/100\n|switch|p2a: Among us|Ditto, shiny|100\/100\n|-transform|p2a: Among us|p1a: Garganacl|[from] ability: Imposter\n|turn|1\n|\n|t:|1700685310\n|move|p1a: Garganacl|Salt Cure|p2a: Among us\n|-damage|p2a: Among us|90\/100\n|-start|p2a: Among us|Salt Cure\n|move|p2a: Among us|Substitute|p2a: Among us\n|-start|p2a: Among us|Substitute\n|-damage|p2a: Among us|65\/100\n|\n|-heal|p2a: Among us|71\/100|[from] item: Leftovers\n|-damage|p2a: Among us|59\/100|[from] Salt Cure\n|upkeep\n|turn|2\n|\n|t:|1700685322\n|-terastallize|p1a: Garganacl|Ghost\n|move|p2a: Among us|Salt Cure|p1a: Garganacl\n|-damage|p1a: Garganacl|94\/100\n|-start|p1a: Garganacl|Salt Cure\n|move|p1a: Garganacl|Substitute|p1a: Garganacl\n|-start|p1a: Garganacl|Substitute\n|-damage|p1a: Garganacl|69\/100\n|\n|-heal|p2a: Among us|65\/100|[from] item: Leftovers\n|-damage|p1a: Garganacl|56\/100|[from] Salt Cure\n|-damage|p2a: Among us|52\/100|[from] Salt Cure\n|upkeep\n|turn|3\n|\n|t:|1700685335\n|move|p2a: Among us|Recover|p2a: Among us\n|-heal|p2a: Among us|100\/100\n|move|p1a: Garganacl|Recover|p1a: Garganacl\n|-heal|p1a: Garganacl|100\/100\n|\n|-damage|p1a: Garganacl|88\/100|[from] Salt Cure\n|-damage|p2a: Among us|88\/100|[from] Salt Cure\n|upkeep\n|turn|4\n|\n|t:|1700685344\n|move|p1a: Garganacl|Curse|p2a: Among us\n|-start|p2a: Among us|Curse|[of] p1a: Garganacl\n|-damage|p1a: Garganacl|38\/100\n|move|p2a: Among us|Curse|p2a: Among us\n|-unboost|p2a: Among us|spe|1\n|-boost|p2a: Among us|atk|1\n|-boost|p2a: Among us|def|1\n|\n|-heal|p2a: Among us|94\/100|[from] item: Leftovers\n|-damage|p2a: Among us|69\/100|[from] Curse\n|-damage|p1a: Garganacl|26\/100|[from] Salt Cure\n|-damage|p2a: Among us|57\/100|[from] Salt Cure\n|upkeep\n|turn|5\n|\n|t:|1700685358\n|move|p1a: Garganacl|Recover|p1a: Garganacl\n|-heal|p1a: Garganacl|76\/100\n|move|p2a: Among us|Curse|p2a: Among us\n|-unboost|p2a: Among us|spe|1\n|-boost|p2a: Among us|atk|1\n|-boost|p2a: Among us|def|1\n|\n|-heal|p2a: Among us|63\/100|[from] item: Leftovers\n|-damage|p2a: Among us|38\/100|[from] Curse\n|-damage|p1a: Garganacl|64\/100|[from] Salt Cure\n|-damage|p2a: Among us|25\/100|[from] Salt Cure\n|upkeep\n|turn|6\n|\n|t:|1700685370\n|move|p1a: Garganacl|Recover|p1a: Garganacl\n|-heal|p1a: Garganacl|100\/100\n|move|p2a: Among us|Recover|p2a: Among us\n|-heal|p2a: Among us|75\/100\n|\n|-heal|p2a: Among us|81\/100|[from] item: Leftovers\n|-damage|p2a: Among us|57\/100|[from] Curse\n|-damage|p1a: Garganacl|88\/100|[from] Salt Cure\n|-damage|p2a: Among us|44\/100|[from] Salt Cure\n|upkeep\n|turn|7\n|\n|t:|1700685382\n|move|p1a: Garganacl|Recover|p1a: Garganacl\n|-heal|p1a: Garganacl|100\/100\n|move|p2a: Among us|Salt Cure|p1a: Garganacl\n|-activate|p1a: Garganacl|move: Substitute|[damage]\n|\n|-heal|p2a: Among us|50\/100|[from] item: Leftovers\n|-damage|p2a: Among us|25\/100|[from] Curse\n|-damage|p1a: Garganacl|88\/100|[from] Salt Cure\n|-damage|p2a: Among us|13\/100|[from] Salt Cure\n|upkeep\n|turn|8\n|\n|t:|1700685395\n|move|p1a: Garganacl|Recover|p1a: Garganacl\n|-heal|p1a: Garganacl|100\/100\n|move|p2a: Among us|Recover|p2a: Among us\n|-heal|p2a: Among us|63\/100\n|\n|-heal|p2a: Among us|69\/100|[from] item: Leftovers\n|-damage|p2a: Among us|44\/100|[from] Curse\n|-damage|p1a: Garganacl|88\/100|[from] Salt Cure\n|-damage|p2a: Among us|31\/100|[from] Salt Cure\n|upkeep\n|turn|9\n|\n|t:|1700685427\n|switch|p2a: California gurls|Palkia, shiny|100\/100\n|-ability|p2a: California gurls|Pressure\n|move|p1a: Garganacl|Salt Cure|p2a: California gurls\n|-damage|p2a: California gurls|85\/100\n|-start|p2a: California gurls|Salt Cure\n|\n|-damage|p2a: California gurls|60\/100|[from] Salt Cure\n|-damage|p1a: Garganacl|76\/100|[from] Salt Cure\n|upkeep\n|turn|10\n|\n|t:|1700685439\n|move|p2a: California gurls|Spacial Rend|p1a: Garganacl\n|-end|p1a: Garganacl|Substitute\n|move|p1a: Garganacl|Recover|p1a: Garganacl\n|-heal|p1a: Garganacl|100\/100\n|\n|-damage|p2a: California gurls|35\/100|[from] Salt Cure\n|-damage|p1a: Garganacl|88\/100|[from] Salt Cure\n|upkeep\n|turn|11\n|\n|t:|1700685448\n|move|p2a: California gurls|Spacial Rend|p1a: Garganacl\n|-damage|p1a: Garganacl|23\/100\n|move|p1a: Garganacl|Recover|p1a: Garganacl\n|-heal|p1a: Garganacl|73\/100\n|\n|-damage|p2a: California gurls|10\/100|[from] Salt Cure\n|-damage|p1a: Garganacl|61\/100|[from] Salt Cure\n|upkeep\n|turn|12\n|\n|t:|1700685458\n|move|p2a: California gurls|Spacial Rend|p1a: Garganacl\n|-damage|p1a: Garganacl|0 fnt\n|faint|p1a: Garganacl\n|\n|-damage|p2a: California gurls|0 fnt|[from] Salt Cure\n|faint|p2a: California gurls\n|upkeep\n|\n|t:|1700685468\n|switch|p2a: Bruno|Zamazenta-Crowned|100\/100\n|switch|p1a: Glimmora|Glimmora, F, shiny|100\/100\n|-ability|p2a: Bruno|Dauntless Shield|boost\n|-boost|p2a: Bruno|def|1\n|turn|13\n|\n|t:|1700685477\n|move|p2a: Bruno|Behemoth Bash|p1a: Glimmora\n|-supereffective|p1a: Glimmora\n|-damage|p1a: Glimmora|0 fnt\n|-activate|p1a: Glimmora|ability: Toxic Debris\n|-sidestart|p2: Agent4b|move: Toxic Spikes\n|faint|p1a: Glimmora\n|\n|upkeep\n|\n|t:|1700685494\n|switch|p1a: Pawmot|Pawmot, M, shiny|100\/100\n|turn|14\n|\n|t:|1700685503\n|move|p2a: Bruno|Moonblast|p1a: Pawmot\n|-supereffective|p1a: Pawmot\n|-damage|p1a: Pawmot|30\/100\n|move|p1a: Pawmot|Fire Punch|p2a: Bruno\n|-supereffective|p2a: Bruno\n|-damage|p2a: Bruno|61\/100\n|-damage|p1a: Pawmot|20\/100|[from] item: Life Orb\n|\n|upkeep\n|turn|15\n|\n|t:|1700685517\n|move|p2a: Bruno|Moonblast|p1a: Pawmot\n|-supereffective|p1a: Pawmot\n|-damage|p1a: Pawmot|0 fnt\n|faint|p1a: Pawmot\n|\n|upkeep\n|\n|t:|1700685524\n|switch|p1a: Sinistcha|Sinistcha-Masterpiece, shiny|100\/100\n|turn|16\n|\n|t:|1700685530\n|move|p2a: Bruno|Fire Fang|p1a: Sinistcha\n|-supereffective|p1a: Sinistcha\n|-crit|p1a: Sinistcha\n|-damage|p1a: Sinistcha|72\/100\n|cant|p1a: Sinistcha|flinch\n|\n|-heal|p1a: Sinistcha|78\/100|[from] item: Leftovers\n|upkeep\n|turn|17\n|\n|t:|1700685539\n|move|p2a: Bruno|Fire Fang|p1a: Sinistcha\n|-supereffective|p1a: Sinistcha\n|-damage|p1a: Sinistcha|57\/100\n|move|p1a: Sinistcha|Strength Sap|p2a: Bruno\n|-unboost|p2a: Bruno|atk|1\n|-heal|p1a: Sinistcha|100\/100\n|\n|upkeep\n|turn|18\n|\n|t:|1700685547\n|move|p2a: Bruno|Fire Fang|p1a: Sinistcha\n|-supereffective|p1a: Sinistcha\n|-damage|p1a: Sinistcha|87\/100\n|-status|p1a: Sinistcha|brn\n|move|p1a: Sinistcha|Strength Sap|p2a: Bruno\n|-unboost|p2a: Bruno|atk|1\n|-heal|p1a: Sinistcha|100\/100 brn\n|\n|-damage|p1a: Sinistcha|98\/100 brn|[from] brn\n|upkeep\n|turn|19\n|\n|t:|1700685561\n|move|p2a: Bruno|Behemoth Bash|p1a: Sinistcha\n|-damage|p1a: Sinistcha|74\/100 brn\n|move|p1a: Sinistcha|Strength Sap|p2a: Bruno\n|-unboost|p2a: Bruno|atk|1\n|-heal|p1a: Sinistcha|100\/100 brn\n|\n|-damage|p1a: Sinistcha|98\/100 brn|[from] brn\n|upkeep\n|turn|20\n|\n|t:|1700685572\n|move|p2a: Bruno|Fire Fang|p1a: Sinistcha\n|-supereffective|p1a: Sinistcha\n|-damage|p1a: Sinistcha|90\/100 brn\n|move|p1a: Sinistcha|Strength Sap|p2a: Bruno\n|-unboost|p2a: Bruno|atk|1\n|-heal|p1a: Sinistcha|100\/100 brn\n|\n|-damage|p1a: Sinistcha|98\/100 brn|[from] brn\n|upkeep\n|turn|21\n|\n|t:|1700685585\n|switch|p2a: Simba|Chien-Pao|100\/100\n|-status|p2a: Simba|psn\n|-ability|p2a: Simba|Sword of Ruin\n|move|p1a: Sinistcha|Strength Sap|p2a: Simba\n|-unboost|p2a: Simba|atk|1\n|-heal|p1a: Sinistcha|100\/100 brn\n|\n|-damage|p2a: Simba|88\/100 psn|[from] psn\n|-damage|p1a: Sinistcha|98\/100 brn|[from] brn\n|upkeep\n|turn|22\n|\n|t:|1700685598\n|move|p2a: Simba|Sheer Cold|p1a: Sinistcha|[miss]\n|-miss|p2a: Simba|p1a: Sinistcha\n|move|p1a: Sinistcha|Strength Sap|p2a: Simba\n|-unboost|p2a: Simba|atk|1\n|-heal|p1a: Sinistcha|100\/100 brn\n|\n|-damage|p2a: Simba|76\/100 psn|[from] psn\n|-damage|p1a: Sinistcha|98\/100 brn|[from] brn\n|upkeep\n|turn|23\n|\n|t:|1700685610\n|move|p2a: Simba|Sheer Cold|p1a: Sinistcha\n|-damage|p1a: Sinistcha|0 fnt\n|faint|p1a: Sinistcha\n|-ohko\n|\n|-damage|p2a: Simba|64\/100 psn|[from] psn\n|upkeep\n|\n|t:|1700685619\n|switch|p1a: Samurott|Samurott-Hisui, M, shiny|100\/100\n|turn|24\n|\n|t:|1700685626\n|move|p2a: Simba|Sheer Cold|p1a: Samurott|[miss]\n|-miss|p2a: Simba|p1a: Samurott\n|move|p1a: Samurott|Ceaseless Edge|p2a: Simba\n|-resisted|p2a: Simba\n|-damage|p2a: Simba|33\/100 psn\n|-sidestart|p2: Agent4b|Spikes\n|\n|-damage|p2a: Simba|21\/100 psn|[from] psn\n|upkeep\n|turn|25\n|\n|t:|1700685635\n|move|p2a: Simba|Sheer Cold|p1a: Samurott|[miss]\n|-miss|p2a: Simba|p1a: Samurott\n|move|p1a: Samurott|Ceaseless Edge|p2a: Simba\n|-resisted|p2a: Simba\n|-damage|p2a: Simba|0 fnt\n|-sidestart|p2: Agent4b|Spikes\n|faint|p2a: Simba\n|\n|upkeep\n|\n|t:|1700685639\n|switch|p2a: Among us|Ditto, shiny|31\/100\n|-status|p2a: Among us|psn\n|-damage|p2a: Among us|15\/100 psn|[from] Spikes\n|-transform|p2a: Among us|p1a: Samurott|[from] ability: Imposter\n|turn|26\n|\n|t:|1700685650\n|move|p1a: Samurott|Sucker Punch|p2a: Among us\n|-resisted|p2a: Among us\n|-damage|p2a: Among us|0 fnt\n|faint|p2a: Among us\n|\n|upkeep\n|\n|t:|1700685654\n|switch|p2a: Bruno|Zamazenta-Crowned|61\/100\n|-damage|p2a: Bruno|45\/100|[from] Spikes\n|turn|27\n|\n|t:|1700685661\n|move|p1a: Samurott|Sucker Punch|p2a: Bruno\n|-resisted|p2a: Bruno\n|-damage|p2a: Bruno|33\/100\n|move|p2a: Bruno|Brick Break|p1a: Samurott\n|-supereffective|p1a: Samurott\n|-damage|p1a: Samurott|14\/100\n|-damage|p2a: Bruno|16\/100|[from] item: Rocky Helmet|[of] p1a: Samurott\n|\n|upkeep\n|turn|28\n|\n|t:|1700685670\n|move|p2a: Bruno|Moonblast|p1a: Samurott\n|-supereffective|p1a: Samurott\n|-damage|p1a: Samurott|0 fnt\n|faint|p1a: Samurott\n|\n|upkeep\n|\n|t:|1700685676\n|switch|p1a: Espathra|Espathra, F, shiny|100\/100\n|turn|29\n|\n|t:|1700685681\n|move|p2a: Bruno|Behemoth Bash|p1a: Espathra\n|-damage|p1a: Espathra|56\/100\n|-damage|p2a: Bruno|0 fnt|[from] item: Rocky Helmet|[of] p1a: Espathra\n|faint|p2a: Bruno\n|move|p1a: Espathra|Roost|p1a: Espathra\n|-heal|p1a: Espathra|100\/100\n|-singleturn|p1a: Espathra|move: Roost\n|\n|-ability|p1a: Espathra|Speed Boost|boost\n|-boost|p1a: Espathra|spe|1\n|upkeep\n|\n|t:|1700685684\n|switch|p2a: All in 1|Jirachi, shiny|100\/100\n|-damage|p2a: All in 1|84\/100|[from] Spikes\n|turn|30\n|\n|t:|1700685695\n|move|p1a: Espathra|Calm Mind|p1a: Espathra\n|-boost|p1a: Espathra|spa|1\n|-boost|p1a: Espathra|spd|1\n|move|p2a: All in 1|Wish|p2a: All in 1\n|\n|-heal|p2a: All in 1|90\/100|[from] item: Leftovers\n|-ability|p1a: Espathra|Speed Boost|boost\n|-boost|p1a: Espathra|spe|1\n|upkeep\n|turn|31\n|\n|t:|1700685708\n|move|p1a: Espathra|Calm Mind|p1a: Espathra\n|-boost|p1a: Espathra|spa|1\n|-boost|p1a: Espathra|spd|1\n|move|p2a: All in 1|Fire Punch|p1a: Espathra\n|-damage|p1a: Espathra|82\/100\n|-damage|p2a: All in 1|74\/100|[from] item: Rocky Helmet|[of] p1a: Espathra\n|\n|-heal|p2a: All in 1|100\/100|[from] move: Wish|[wisher] All in 1\n|-ability|p1a: Espathra|Speed Boost|boost\n|-boost|p1a: Espathra|spe|1\n|upkeep\n|turn|32\n|\n|t:|1700685720\n|move|p1a: Espathra|Calm Mind|p1a: Espathra\n|-boost|p1a: Espathra|spa|1\n|-boost|p1a: Espathra|spd|1\n|move|p2a: All in 1|Aura Sphere|p1a: Espathra\n|-resisted|p1a: Espathra\n|-damage|p1a: Espathra|78\/100\n|\n|-ability|p1a: Espathra|Speed Boost|boost\n|-boost|p1a: Espathra|spe|1\n|upkeep\n|turn|33\n|\n|t:|1700685729\n|move|p1a: Espathra|Calm Mind|p1a: Espathra\n|-boost|p1a: Espathra|spa|1\n|-boost|p1a: Espathra|spd|1\n|move|p2a: All in 1|Wish|p2a: All in 1\n|\n|-ability|p1a: Espathra|Speed Boost|boost\n|-boost|p1a: Espathra|spe|1\n|upkeep\n|turn|34\n|\n|t:|1700685740\n|move|p1a: Espathra|Calm Mind|p1a: Espathra\n|-boost|p1a: Espathra|spa|1\n|-boost|p1a: Espathra|spd|1\n|move|p2a: All in 1|Iron Head|p1a: Espathra\n|-damage|p1a: Espathra|49\/100\n|-damage|p2a: All in 1|84\/100|[from] item: Rocky Helmet|[of] p1a: Espathra\n|\n|-heal|p2a: All in 1|100\/100|[from] move: Wish|[wisher] All in 1\n|-ability|p1a: Espathra|Speed Boost|boost\n|-boost|p1a: Espathra|spe|1\n|upkeep\n|turn|35\n|\n|t:|1700685751\n|move|p1a: Espathra|Roost|p1a: Espathra\n|-heal|p1a: Espathra|99\/100\n|-singleturn|p1a: Espathra|move: Roost\n|move|p2a: All in 1|Iron Head|p1a: Espathra\n|-damage|p1a: Espathra|73\/100\n|-damage|p2a: All in 1|84\/100|[from] item: Rocky Helmet|[of] p1a: Espathra\n|\n|-heal|p2a: All in 1|90\/100|[from] item: Leftovers\n|upkeep\n|turn|36\n|\n|t:|1700685761\n|move|p1a: Espathra|Calm Mind|p1a: Espathra\n|-boost|p1a: Espathra|spa|1\n|-boost|p1a: Espathra|spd|1\n|move|p2a: All in 1|Iron Head|p1a: Espathra\n|-damage|p1a: Espathra|45\/100\n|-damage|p2a: All in 1|74\/100|[from] item: Rocky Helmet|[of] p1a: Espathra\n|\n|-heal|p2a: All in 1|80\/100|[from] item: Leftovers\n|upkeep\n|turn|37\n|\n|t:|1700685771\n|move|p1a: Espathra|Roost|p1a: Espathra\n|-heal|p1a: Espathra|95\/100\n|-singleturn|p1a: Espathra|move: Roost\n|move|p2a: All in 1|Iron Head|p1a: Espathra\n|-damage|p1a: Espathra|69\/100\n|-damage|p2a: All in 1|63\/100|[from] item: Rocky Helmet|[of] p1a: Espathra\n|\n|-heal|p2a: All in 1|69\/100|[from] item: Leftovers\n|upkeep\n|turn|38\n|\n|t:|1700685782\n|move|p1a: Espathra|Stored Power|p2a: All in 1\n|-resisted|p2a: All in 1\n|-damage|p2a: All in 1|0 fnt\n|faint|p2a: All in 1\n|\n|upkeep\n|\n|t:|1700685786\n|switch|p2a: God|Miraidon|100\/100\n|-status|p2a: God|psn\n|-damage|p2a: God|84\/100 psn|[from] Spikes\n|-fieldstart|move: Electric Terrain|[from] ability: Hadron Engine|[of] p2a: God\n|turn|39\n|\n|t:|1700685794\n|-terastallize|p2a: God|Electric\n|move|p1a: Espathra|Stored Power|p2a: God\n|-damage|p2a: God|0 fnt\n|faint|p2a: God\n|\n|win|Duketheduke\n|raw|Duketheduke's rating: 1051 &rarr; <strong>1091<\/strong><br \/>(+40 for winning)\n|raw|Agent4b's rating: 1136 &rarr; <strong>1105<\/strong><br \/>(-31 for losing)\n|l|\u2606Agent4b\n","uploadtime":1700685807,"views":0,"p1id":"duketheduke","p2id":"agent4b","formatid":"gen9anythinggoes","rating":1091,"private":0,"password":""}