{"id":"gen9anythinggoes-1990778378","p1":"voqgz on tiktok","p2":"Mrbeegamer1","format":"[Gen 9] Anything Goes","log":"|j|\u2606voqgz on tiktok\n|j|\u2606Mrbeegamer1\n|t:|1699999945\n|gametype|singles\n|player|p1|voqgz on tiktok|266|1113\n|player|p2|Mrbeegamer1|lucas|1159\n|teamsize|p1|6\n|teamsize|p2|6\n|gen|9\n|tier|[Gen 9] Anything Goes\n|rated|\n|rule|HP Percentage Mod: HP is shown in percentages\n|rule|Endless Battle Clause: Forcing endless battles is banned\n|clearpoke\n|poke|p1|Jolteon, F|\n|poke|p1|Quagsire, M|\n|poke|p1|Chi-Yu|\n|poke|p1|Meowscarada, M|\n|poke|p1|Gothitelle, M|\n|poke|p1|Gliscor, F|\n|poke|p2|Cloyster, M|\n|poke|p2|Annihilape, M|\n|poke|p2|Ogerpon-Hearthflame, F|\n|poke|p2|Ursaluna-Bloodmoon, M|\n|poke|p2|Hatterene, F|\n|poke|p2|Ursaluna, F|\n|teampreview\n|\n|t:|1699999954\n|start\n|switch|p1a: Quagsire|Quagsire, M|100\/100\n|switch|p2a: Trick Room|Hatterene, F|100\/100\n|turn|1\n|\n|t:|1699999970\n|move|p1a: Quagsire|Yawn|p2a: Trick Room\n|move|p2a: Trick Room|Yawn|p1a: Quagsire|[from]ability: Magic Bounce\n|-start|p1a: Quagsire|move: Yawn|[of] p2a: Trick Room\n|move|p2a: Trick Room|Draining Kiss|p1a: Quagsire\n|-damage|p1a: Quagsire|81\/100\n|-damage|p2a: Trick Room|84\/100|[from] item: Rocky Helmet|[of] p1a: Quagsire\n|\n|-heal|p2a: Trick Room|90\/100|[from] item: Leftovers\n|upkeep\n|turn|2\n|\n|t:|1699999987\n|move|p1a: Quagsire|Curse|p1a: Quagsire\n|-unboost|p1a: Quagsire|spe|1\n|-boost|p1a: Quagsire|atk|1\n|-boost|p1a: Quagsire|def|1\n|move|p2a: Trick Room|Dazzling Gleam|p1a: Quagsire\n|-damage|p1a: Quagsire|48\/100\n|\n|-heal|p2a: Trick Room|96\/100|[from] item: Leftovers\n|-end|p1a: Quagsire|move: Yawn|[silent]\n|-status|p1a: Quagsire|slp\n|upkeep\n|turn|3\n|\n|t:|1700000000\n|switch|p1a: Jolteon|Jolteon, F|100\/100\n|-item|p1a: Jolteon|Air Balloon\n|move|p2a: Trick Room|Trick Room|p2a: Trick Room\n|-fieldstart|move: Trick Room|[of] p2a: Trick Room\n|\n|-heal|p2a: Trick Room|100\/100|[from] item: Leftovers\n|upkeep\n|turn|4\n|\n|t:|1700000015\n|switch|p2a: Jef Fredbear|Ursaluna, F|100\/100\n|move|p1a: Jolteon|Shadow Ball|p2a: Jef Fredbear\n|-immune|p2a: Jef Fredbear\n|\n|-status|p2a: Jef Fredbear|brn|[from] item: Flame Orb\n|upkeep\n|turn|5\n|c|\u2606Mrbeegamer1|go jef\n|\n|t:|1700000033\n|switch|p1a: Quagsire|Quagsire, M|48\/100 slp\n|move|p2a: Jef Fredbear|Swords Dance|p2a: Jef Fredbear\n|-boost|p2a: Jef Fredbear|atk|2\n|\n|-damage|p2a: Jef Fredbear|94\/100 brn|[from] brn\n|upkeep\n|turn|6\n|\n|t:|1700000043\n|cant|p1a: Quagsire|slp\n|move|p2a: Jef Fredbear|Facade|p1a: Quagsire\n|-damage|p1a: Quagsire|0 fnt\n|-damage|p2a: Jef Fredbear|78\/100 brn|[from] item: Rocky Helmet|[of] p1a: Quagsire\n|faint|p1a: Quagsire\n|\n|-damage|p2a: Jef Fredbear|71\/100 brn|[from] brn\n|upkeep\n|\n|t:|1700000070\n|switch|p1a: Gothitelle|Gothitelle, M|100\/100\n|turn|7\n|-activate|p1a: Gothitelle|item: Quick Claw\n|\n|t:|1700000080\n|move|p1a: Gothitelle|Future Sight|p2a: Jef Fredbear\n|-start|p1a: Gothitelle|move: Future Sight\n|move|p2a: Jef Fredbear|Crunch|p1a: Gothitelle\n|-supereffective|p1a: Gothitelle\n|-damage|p1a: Gothitelle|0 fnt\n|faint|p1a: Gothitelle\n|\n|-damage|p2a: Jef Fredbear|65\/100 brn|[from] brn\n|-fieldend|move: Trick Room\n|upkeep\n|\n|t:|1700000104\n|switch|p1a: Jolteon|Jolteon, F|100\/100\n|-item|p1a: Jolteon|Air Balloon\n|turn|8\n|\n|t:|1700000111\n|switch|p1a: Gliscor|Gliscor, F|100\/100\n|switch|p2a: Trick Room|Hatterene, F|100\/100\n|\n|upkeep\n|turn|9\n|\n|t:|1700000117\n|move|p1a: Gliscor|Earthquake|p2a: Trick Room\n|-damage|p2a: Trick Room|52\/100\n|move|p2a: Trick Room|Trick Room|p2a: Trick Room\n|-fieldstart|move: Trick Room|[of] p2a: Trick Room\n|\n|-end|p2a: Trick Room|move: Future Sight\n|-resisted|p2a: Trick Room\n|-damage|p2a: Trick Room|28\/100\n|-heal|p2a: Trick Room|34\/100|[from] item: Leftovers\n|upkeep\n|turn|10\n|\n|t:|1700000127\n|switch|p2a: Jef Fredbear|Ursaluna, F|65\/100 brn\n|move|p1a: Gliscor|Earthquake|p2a: Jef Fredbear\n|-damage|p2a: Jef Fredbear|39\/100 brn\n|\n|-damage|p2a: Jef Fredbear|33\/100 brn|[from] brn\n|upkeep\n|turn|11\n|\n|t:|1700000141\n|switch|p1a: Jolteon|Jolteon, F|100\/100\n|-item|p1a: Jolteon|Air Balloon\n|move|p2a: Jef Fredbear|Facade|p1a: Jolteon\n|-damage|p1a: Jolteon|0 fnt\n|-enditem|p1a: Jolteon|Air Balloon\n|faint|p1a: Jolteon\n|\n|-damage|p2a: Jef Fredbear|27\/100 brn|[from] brn\n|upkeep\n|\n|t:|1700000162\n|switch|p1a: Chi-Yu|Chi-Yu|100\/100\n|-ability|p1a: Chi-Yu|Beads of Ruin\n|turn|12\n|\n|t:|1700000171\n|switch|p1a: Gliscor|Gliscor, F|100\/100\n|move|p2a: Jef Fredbear|Facade|p1a: Gliscor\n|-damage|p1a: Gliscor|0 fnt\n|faint|p1a: Gliscor\n|\n|-damage|p2a: Jef Fredbear|20\/100 brn|[from] brn\n|upkeep\n|c|\u2606Mrbeegamer1|is that Freddy Fazbear!?\n|\n|t:|1700000202\n|switch|p1a: Meowscarada|Meowscarada, M|100\/100\n|turn|13\n|\n|t:|1700000215\n|-terastallize|p1a: Meowscarada|Ice\n|move|p2a: Jef Fredbear|Facade|p1a: Meowscarada\n|-damage|p1a: Meowscarada|0 fnt\n|faint|p1a: Meowscarada\n|\n|-damage|p2a: Jef Fredbear|14\/100 brn|[from] brn\n|-fieldend|move: Trick Room\n|upkeep\n|\n|t:|1700000223\n|switch|p1a: Chi-Yu|Chi-Yu|100\/100\n|-ability|p1a: Chi-Yu|Beads of Ruin\n|turn|14\n|\n|t:|1700000232\n|switch|p2a: Freddy Fazbear|Ursaluna-Bloodmoon, M|100\/100\n|move|p1a: Chi-Yu|Dark Pulse|p2a: Freddy Fazbear\n|-damage|p2a: Freddy Fazbear|59\/100\n|\n|upkeep\n|turn|15\n|\n|t:|1700000245\n|move|p1a: Chi-Yu|Tera Blast|p2a: Freddy Fazbear\n|-damage|p2a: Freddy Fazbear|29\/100\n|move|p2a: Freddy Fazbear|Blood Moon|p1a: Chi-Yu\n|-damage|p1a: Chi-Yu|14\/100\n|\n|upkeep\n|turn|16\n|\n|t:|1700000256\n|-terastallize|p2a: Freddy Fazbear|Ghost\n|move|p1a: Chi-Yu|Tera Blast|p2a: Freddy Fazbear\n|-immune|p2a: Freddy Fazbear\n|move|p2a: Freddy Fazbear|Hyper Voice|p1a: Chi-Yu\n|-damage|p1a: Chi-Yu|0 fnt\n|faint|p1a: Chi-Yu\n|\n|win|Mrbeegamer1\n|raw|voqgz on tiktok's rating: 1113 &rarr; <strong>1091<\/strong><br \/>(-22 for losing)\n|raw|Mrbeegamer1's rating: 1159 &rarr; <strong>1181<\/strong><br \/>(+22 for winning)\n|c|\u2606Mrbeegamer1|GG\n|l|\u2606voqgz on tiktok\n","uploadtime":1700000276,"views":10,"p1id":"voqgzontiktok","p2id":"mrbeegamer1","formatid":"gen9anythinggoes","rating":1091,"private":0,"password":""}