{"id":"gen9anythinggoes-1974330058","p1":"PrimalKyogre555","p2":"mc56556","format":"[Gen 9] Anything Goes","log":"|j|\u2606PrimalKyogre555\n|j|\u2606mc56556\n|inactive|Battle timer is ON: inactive players will automatically lose when time's up.\n|t:|1698078395\n|gametype|singles\n|player|p1|PrimalKyogre555|nate|\n|player|p2|mc56556|#teamgapdos|\n|teamsize|p1|6\n|teamsize|p2|6\n|gen|9\n|tier|[Gen 9] Anything Goes\n|rated|Tournament battle\n|rule|HP Percentage Mod: HP is shown in percentages\n|rule|Endless Battle Clause: Forcing endless battles is banned\n|clearpoke\n|poke|p1|Kyogre|\n|poke|p1|Koraidon|\n|poke|p1|Arceus|\n|poke|p1|Ting-Lu|\n|poke|p1|Landorus-Therian, M|\n|poke|p1|Calyrex-Shadow|\n|poke|p2|Calyrex-Shadow|\n|poke|p2|Blissey, F|\n|poke|p2|Ting-Lu|\n|poke|p2|Skeledirge, F|\n|poke|p2|Arceus-Fairy|\n|poke|p2|Giratina-Origin|\n|teampreview\n|j| artemisery\n|c|\u2606mc56556|Have fun! :)\n|c|\u2606PrimalKyogre555|u2!\n|j| laprasplayer\n|\n|t:|1698078409\n|start\n|switch|p1a: Kyogre|Kyogre|100\/100\n|switch|p2a: Arceus|Arceus-Fairy|100\/100\n|-weather|RainDance|[from] ability: Drizzle|[of] p1a: Kyogre\n|turn|1\n|j|+Primordiallite\n|\n|t:|1698078425\n|move|p2a: Arceus|Calm Mind|p2a: Arceus\n|-boost|p2a: Arceus|spa|1\n|-boost|p2a: Arceus|spd|1\n|move|p1a: Kyogre|Origin Pulse|p2a: Arceus\n|-damage|p2a: Arceus|35\/100\n|\n|-weather|RainDance|[upkeep]\n|upkeep\n|turn|2\n|c|\u2606mc56556|Oh wow, that did a lot.\n|\n|t:|1698078441\n|move|p2a: Arceus|Recover|p2a: Arceus\n|-heal|p2a: Arceus|85\/100\n|move|p1a: Kyogre|Origin Pulse|p2a: Arceus|[miss]\n|-miss|p1a: Kyogre|p2a: Arceus\n|\n|-weather|RainDance|[upkeep]\n|upkeep\n|turn|3\n|c|\u2606mc56556|Sorry\n|\n|t:|1698078447\n|move|p2a: Arceus|Judgment|p1a: Kyogre\n|-damage|p1a: Kyogre|52\/100\n|move|p1a: Kyogre|Origin Pulse|p2a: Arceus\n|-damage|p2a: Arceus|16\/100\n|\n|-weather|RainDance|[upkeep]\n|upkeep\n|turn|4\n|c|\u2606PrimalKyogre555|nw\n|\n|t:|1698078460\n|switch|p2a: Blissey|Blissey, F|100\/100\n|move|p1a: Kyogre|Origin Pulse|p2a: Blissey\n|-damage|p2a: Blissey|50\/100\n|\n|-weather|RainDance|[upkeep]\n|upkeep\n|turn|5\n|c|\u2606mc56556|:O\n|c|+Primordiallite|Whoa\n|\n|t:|1698078476\n|move|p1a: Kyogre|Origin Pulse|p2a: Blissey\n|-damage|p2a: Blissey|0 fnt\n|faint|p2a: Blissey\n|\n|-weather|none\n|upkeep\n|c|+Primordiallite|Is that max def?\n|c|\u2606PrimalKyogre555|its probably not full HP SpD?\n|c|\u2606mc56556|More Def than SpD, yeah\n|c|\u2606mc56556|But is that Specs?\n|inactive|mc56556 has 120 seconds left.\n|c|\u2606PrimalKyogre555|yep\n|c|\u2606mc56556|Damnnn\n|\n|t:|1698078496\n|switch|p2a: Calyrex|Calyrex-Shadow|100\/100\n|-ability|p2a: Calyrex|As One\n|-ability|p2a: Calyrex|Unnerve\n|turn|6\n|c|\u2606mc56556|Nasty\n|c|\u2606PrimalKyogre555|modest specs in fact\n|inactive|mc56556 has 120 seconds left.\n|\n|t:|1698078506\n|switch|p1a: Arceus|Arceus|100\/100\n|move|p2a: Calyrex|Astral Barrage|p1a: Arceus\n|-immune|p1a: Arceus\n|\n|upkeep\n|turn|7\n|\n|t:|1698078510\n|switch|p2a: Giratina|Giratina-Origin|100\/100\n|move|p1a: Arceus|Shadow Claw|p2a: Giratina\n|-supereffective|p2a: Giratina\n|-damage|p2a: Giratina|68\/100\n|\n|upkeep\n|turn|8\n|\n|t:|1698078515\n|switch|p1a: Ting-Lu|Ting-Lu|100\/100\n|-ability|p1a: Ting-Lu|Vessel of Ruin\n|move|p2a: Giratina|Will-O-Wisp|p1a: Ting-Lu\n|-status|p1a: Ting-Lu|brn\n|\n|-damage|p1a: Ting-Lu|94\/100 brn|[from] brn\n|upkeep\n|turn|9\n|\n|t:|1698078521\n|switch|p2a: Ting-Lu|Ting-Lu|100\/100\n|-ability|p2a: Ting-Lu|Vessel of Ruin\n|move|p1a: Ting-Lu|Spikes|p2a: Ting-Lu\n|-sidestart|p2: mc56556|Spikes\n|\n|-heal|p1a: Ting-Lu|100\/100 brn|[from] item: Leftovers\n|-damage|p1a: Ting-Lu|94\/100 brn|[from] brn\n|upkeep\n|turn|10\n|\n|t:|1698078525\n|move|p1a: Ting-Lu|Spikes|p2a: Ting-Lu\n|-sidestart|p2: mc56556|Spikes\n|move|p2a: Ting-Lu|Stealth Rock|p1a: Ting-Lu\n|-sidestart|p1: PrimalKyogre555|move: Stealth Rock\n|\n|-heal|p1a: Ting-Lu|100\/100 brn|[from] item: Leftovers\n|-damage|p1a: Ting-Lu|94\/100 brn|[from] brn\n|upkeep\n|turn|11\n|\n|t:|1698078539\n|switch|p2a: Skeledirge|Skeledirge, F|100\/100\n|move|p1a: Ting-Lu|Ruination|p2a: Skeledirge\n|-damage|p2a: Skeledirge|51\/100\n|\n|-heal|p1a: Ting-Lu|100\/100 brn|[from] item: Leftovers\n|-damage|p1a: Ting-Lu|94\/100 brn|[from] brn\n|upkeep\n|turn|12\n|\n|t:|1698078544\n|switch|p1a: Kyogre|Kyogre|52\/100\n|-damage|p1a: Kyogre|40\/100|[from] Stealth Rock\n|-weather|RainDance|[from] ability: Drizzle|[of] p1a: Kyogre\n|move|p2a: Skeledirge|Slack Off|p2a: Skeledirge\n|-heal|p2a: Skeledirge|100\/100\n|\n|-weather|RainDance|[upkeep]\n|upkeep\n|turn|13\n|\n|t:|1698078553\n|switch|p2a: Arceus|Arceus-Fairy|16\/100\n|-damage|p2a: Arceus|0 fnt|[from] Spikes\n|faint|p2a: Arceus\n|move|p1a: Kyogre|Origin Pulse|p2: Arceus|[notarget]\n|-fail|p1a: Kyogre\n|\n|-weather|RainDance|[upkeep]\n|upkeep\n|\n|t:|1698078557\n|switch|p2a: Calyrex|Calyrex-Shadow|100\/100\n|-ability|p2a: Calyrex|As One\n|-ability|p2a: Calyrex|Unnerve\n|-damage|p2a: Calyrex|84\/100|[from] Spikes\n|turn|14\n|\n|t:|1698078566\n|switch|p1a: Arceus|Arceus|100\/100\n|move|p2a: Calyrex|Astral Barrage|p1a: Arceus\n|-immune|p1a: Arceus\n|\n|-weather|RainDance|[upkeep]\n|upkeep\n|turn|15\n|\n|t:|1698078572\n|switch|p2a: Giratina|Giratina-Origin|68\/100\n|switch|p1a: Kyogre|Kyogre|40\/100\n|-damage|p1a: Kyogre|27\/100|[from] Stealth Rock\n|\n|-weather|RainDance|[upkeep]\n|upkeep\n|turn|16\n|c| laprasplayer|Nice mu for stall fr\n|\n|t:|1698078584\n|move|p2a: Giratina|Hex|p1a: Kyogre\n|-damage|p1a: Kyogre|8\/100\n|move|p1a: Kyogre|Ice Beam|p2a: Giratina\n|-supereffective|p2a: Giratina\n|-damage|p2a: Giratina|0 fnt\n|faint|p2a: Giratina\n|\n|-weather|none\n|upkeep\n|c|\u2606mc56556|Ah, almost\n|\n|t:|1698078597\n|switch|p2a: Calyrex|Calyrex-Shadow|84\/100\n|-ability|p2a: Calyrex|As One\n|-ability|p2a: Calyrex|Unnerve\n|-damage|p2a: Calyrex|68\/100|[from] Spikes\n|turn|17\n|c|+Primordiallite|I will vote kyogre to A+ now\n|c|\u2606PrimalKyogre555|bulky specs always solos fat that is the design of the team\n|c|+Primordiallite|This is insane\n|\n|t:|1698078611\n|switch|p1a: Arceus|Arceus|100\/100\n|move|p2a: Calyrex|Draining Kiss|p1a: Arceus\n|-damage|p1a: Arceus|87\/100\n|-heal|p2a: Calyrex|81\/100|[from] drain|[of] p1a: Arceus\n|\n|upkeep\n|turn|18\n|c|\u2606mc56556|Kyogre does seem like it's very unaccounted for in the metagame.\n|\n|t:|1698078621\n|switch|p2a: Skeledirge|Skeledirge, F|100\/100\n|move|p1a: Arceus|Shadow Claw|p2a: Skeledirge\n|-supereffective|p2a: Skeledirge\n|-damage|p2a: Skeledirge|70\/100\n|\n|upkeep\n|turn|19\n|c| laprasplayer|Isn't kyogre already at A+ or I'm tripping\n|c|\u2606PrimalKyogre555|its A rn\n|c| laprasplayer|ah\n|c|+Primordiallite|I meant in the newer votings\n|c|\u2606PrimalKyogre555|A+ in ubers iirc\n|\n|t:|1698078636\n|switch|p1a: Kyogre|Kyogre|8\/100\n|-damage|p1a: Kyogre|0 fnt|[from] Stealth Rock\n|faint|p1a: Kyogre\n|move|p2a: Skeledirge|Will-O-Wisp|p1: Kyogre|[notarget]\n|-fail|p2a: Skeledirge\n|\n|upkeep\n|\n|t:|1698078645\n|switch|p1a: Calyrex|Calyrex-Shadow|100\/100\n|-ability|p1a: Calyrex|As One\n|-ability|p1a: Calyrex|Unnerve\n|turn|20\n|\n|t:|1698078649\n|switch|p2a: Ting-Lu|Ting-Lu|100\/100\n|-damage|p2a: Ting-Lu|84\/100|[from] Spikes\n|-ability|p2a: Ting-Lu|Vessel of Ruin\n|-terastallize|p1a: Calyrex|Grass\n|move|p1a: Calyrex|Nasty Plot|p1a: Calyrex\n|-boost|p1a: Calyrex|spa|2\n|\n|-heal|p2a: Ting-Lu|90\/100|[from] item: Leftovers\n|upkeep\n|turn|21\n|\n|t:|1698078652\n|move|p1a: Calyrex|Grass Knot|p2a: Ting-Lu\n|-supereffective|p2a: Ting-Lu\n|-damage|p2a: Ting-Lu|0 fnt\n|faint|p2a: Ting-Lu\n|-ability|p1a: Calyrex|Grim Neigh|boost\n|-boost|p1a: Calyrex|spa|1\n|\n|upkeep\n|\n|t:|1698078656\n|switch|p2a: Calyrex|Calyrex-Shadow|81\/100\n|-ability|p2a: Calyrex|As One\n|-ability|p2a: Calyrex|Unnerve\n|-damage|p2a: Calyrex|64\/100|[from] Spikes\n|turn|22\n|\n|t:|1698078659\n|move|p2a: Calyrex|Astral Barrage|p1a: Calyrex\n|-damage|p1a: Calyrex|25\/100\n|move|p1a: Calyrex|Grass Knot|p2a: Calyrex\n|-damage|p2a: Calyrex|0 fnt\n|faint|p2a: Calyrex\n|-ability|p1a: Calyrex|Grim Neigh|boost\n|-boost|p1a: Calyrex|spa|1\n|\n|upkeep\n|c|\u2606mc56556|gg\n|\n|t:|1698078665\n|switch|p2a: Skeledirge|Skeledirge, F|70\/100\n|turn|23\n|c|\u2606PrimalKyogre555|ggwp\n|\n|t:|1698078668\n|move|p1a: Calyrex|Astral Barrage|p2a: Skeledirge\n|-supereffective|p2a: Skeledirge\n|-damage|p2a: Skeledirge|0 fnt\n|faint|p2a: Skeledirge\n|\n|win|PrimalKyogre555\n|n|\u2606PrimalKyogre555|primalkyogre555\n|n|\u2606mc56556|mc56556\n|n| artemisery|artemisery\n|n| laprasplayer|laprasplayer\n|n| Primordiallite|primordiallite\n","uploadtime":1698078668,"views":13,"p1id":"primalkyogre555","p2id":"mc56556","formatid":"gen9anythinggoes","rating":0,"private":0,"password":""}