{"id":"gen9anythinggoes-1996035852","p1":"shadowCG","p2":"ZacianHero160","format":"[Gen 9] Anything Goes","log":"|j|\u2606shadowCG\n|j|\u2606ZacianHero160\n|inactive|Battle timer is ON: inactive players will automatically lose when time's up.\n|t:|1700633002\n|gametype|singles\n|player|p1|shadowCG|winona|\n|player|p2|ZacianHero160|cynthia-masters|\n|teamsize|p1|6\n|teamsize|p2|6\n|gen|9\n|tier|[Gen 9] Anything Goes\n|rated|Tournament battle\n|rule|HP Percentage Mod: HP is shown in percentages\n|rule|Endless Battle Clause: Forcing endless battles is banned\n|clearpoke\n|poke|p1|Zacian-*|\n|poke|p1|Miraidon|\n|poke|p1|Basculegion, M|\n|poke|p1|Ceruledge, F|\n|poke|p1|Jolteon, M|\n|poke|p1|Calyrex-Ice|\n|poke|p2|Calyrex-Shadow|\n|poke|p2|Arceus-Ground|\n|poke|p2|Koraidon|\n|poke|p2|Arceus|\n|poke|p2|Eternatus|\n|poke|p2|Arceus-Fairy|\n|teampreview\n|inactive|ZacianHero160 also wants the timer to be on.\n|inactive|shadowCG also wants the timer to be on.\n|j| shinysmeargle1212\n|c|\u2606ZacianHero160|gl\n|\n|t:|1700633008\n|start\n|switch|p1a: Alpha Dog|Zacian-Crowned, shiny|100\/100\n|switch|p2a: Arceus|Arceus-Ground|100\/100\n|-ability|p1a: Alpha Dog|Intrepid Sword|boost\n|-boost|p1a: Alpha Dog|atk|1\n|turn|1\n|c|\u2606shadowCG|gl\n|\n|t:|1700633020\n|-terastallize|p1a: Alpha Dog|Water\n|move|p1a: Alpha Dog|Air Slash|p2a: Arceus\n|-damage|p2a: Arceus|89\/100\n|move|p2a: Arceus|Stealth Rock|p1a: Alpha Dog\n|-sidestart|p1: shadowCG|move: Stealth Rock\n|\n|upkeep\n|turn|2\n|\n|t:|1700633025\n|move|p1a: Alpha Dog|Behemoth Blade|p2a: Arceus\n|-crit|p2a: Arceus\n|-damage|p2a: Arceus|0 fnt\n|faint|p2a: Arceus\n|\n|upkeep\n|\n|t:|1700633034\n|switch|p2a: Calyrex|Calyrex-Shadow|100\/100\n|-ability|p2a: Calyrex|As One\n|-ability|p2a: Calyrex|Unnerve\n|turn|3\n|\n|t:|1700633042\n|move|p2a: Calyrex|Astral Barrage|p1a: Alpha Dog\n|-damage|p1a: Alpha Dog|33\/100\n|move|p1a: Alpha Dog|Behemoth Blade|p2a: Calyrex\n|-enditem|p2a: Calyrex|Focus Sash\n|-damage|p2a: Calyrex|1\/100\n|\n|upkeep\n|turn|4\n|\n|t:|1700633065\n|switch|p1a: Attacker|Miraidon|100\/100\n|-damage|p1a: Attacker|88\/100|[from] Stealth Rock\n|-fieldstart|move: Electric Terrain|[from] ability: Hadron Engine|[of] p1a: Attacker\n|move|p2a: Calyrex|Astral Barrage|p1a: Attacker\n|-damage|p1a: Attacker|19\/100\n|\n|upkeep\n|turn|5\n|\n|t:|1700633074\n|move|p2a: Calyrex|Astral Barrage|p1a: Attacker\n|-damage|p1a: Attacker|0 fnt\n|faint|p1a: Attacker\n|-ability|p2a: Calyrex|Grim Neigh|boost\n|-boost|p2a: Calyrex|spa|1\n|\n|upkeep\n|\n|t:|1700633080\n|switch|p1a: Savior|Basculegion, M|100\/100\n|-damage|p1a: Savior|88\/100|[from] Stealth Rock\n|turn|6\n|\n|t:|1700633084\n|switch|p2a: Arceus|Arceus|100\/100\n|move|p1a: Savior|Last Respects|p2a: Arceus\n|-immune|p2a: Arceus\n|\n|upkeep\n|turn|7\n|\n|t:|1700633094\n|switch|p1a: Alpha Dog|Zacian-Crowned, shiny, tera:Water|33\/100\n|-damage|p1a: Alpha Dog|20\/100|[from] Stealth Rock\n|move|p2a: Arceus|Swords Dance|p2a: Arceus\n|-boost|p2a: Arceus|atk|2\n|\n|upkeep\n|turn|8\n|\n|t:|1700633096\n|move|p2a: Arceus|Extreme Speed|p1a: Alpha Dog\n|-damage|p1a: Alpha Dog|0 fnt\n|faint|p1a: Alpha Dog\n|\n|-fieldend|move: Electric Terrain\n|upkeep\n|\n|t:|1700633100\n|switch|p1a: Calyrex|Calyrex-Ice|100\/100\n|-ability|p1a: Calyrex|As One\n|-ability|p1a: Calyrex|Unnerve\n|-damage|p1a: Calyrex|76\/100|[from] Stealth Rock\n|turn|9\n|\n|t:|1700633105\n|move|p2a: Arceus|Swords Dance|p2a: Arceus\n|-boost|p2a: Arceus|atk|2\n|move|p1a: Calyrex|Zen Headbutt|p2a: Arceus\n|-damage|p2a: Arceus|69\/100\n|\n|upkeep\n|turn|10\n|\n|t:|1700633110\n|move|p2a: Arceus|Extreme Speed|p1a: Calyrex\n|-damage|p1a: Calyrex|0 fnt\n|faint|p1a: Calyrex\n|\n|upkeep\n|\n|t:|1700633113\n|switch|p1a: Defender|Ceruledge, F|100\/100\n|-damage|p1a: Defender|76\/100|[from] Stealth Rock\n|turn|11\n|\n|t:|1700633117\n|move|p2a: Arceus|Shadow Claw|p1a: Defender\n|-supereffective|p1a: Defender\n|-damage|p1a: Defender|0 fnt\n|faint|p1a: Defender\n|\n|upkeep\n|\n|t:|1700633120\n|switch|p1a: Jolteon|Jolteon, M|100\/100\n|-damage|p1a: Jolteon|88\/100|[from] Stealth Rock\n|turn|12\n|\n|t:|1700633126\n|move|p2a: Arceus|Extreme Speed|p1a: Jolteon\n|-damage|p1a: Jolteon|0 fnt\n|faint|p1a: Jolteon\n|\n|upkeep\n|c|\u2606shadowCG|Gg\n|\n|t:|1700633132\n|switch|p1a: Savior|Basculegion, M|88\/100\n|-damage|p1a: Savior|76\/100|[from] Stealth Rock\n|turn|13\n|\n|t:|1700633141\n|move|p2a: Arceus|Shadow Claw|p1a: Savior\n|-supereffective|p1a: Savior\n|-damage|p1a: Savior|0 fnt\n|faint|p1a: Savior\n|\n|win|ZacianHero160\n|n|\u2606shadowCG|shadowcg\n|n|\u2606ZacianHero160|zacianhero160\n|n| shinysmeargle1212|shinysmeargle1212\n","uploadtime":1700633142,"views":3,"p1id":"shadowcg","p2id":"zacianhero160","formatid":"gen9anythinggoes","rating":0,"private":0,"password":""}