{"id":"gen9anythinggoes-1975115422","p1":"TaxFraud094","p2":"flamingbomber","format":"[Gen 9] Anything Goes","log":"|j|\u2606TaxFraud094\n|j|\u203dflamingbomber\n|inactive|Battle timer is ON: inactive players will automatically lose when time's up.\n|t:|1698163077\n|gametype|singles\n|player|p1|TaxFraud094|acetrainerf-gen4|\n|player|p2|flamingbomber|red-masters2|\n|teamsize|p1|6\n|teamsize|p2|6\n|gen|9\n|tier|[Gen 9] Anything Goes\n|rated|Tournament battle\n|rule|Tera Type Preview: Tera Types are shown at Team Preview\n|rule|HP Percentage Mod: HP is shown in percentages\n|rule|Endless Battle Clause: Forcing endless battles is banned\n|rule|Bonus Type Mod: Pok\u00e9mon have their Tera Type added onto their current ones.\n|rule|Species Clause: Limit one of each Pok\u00e9mon\n|rule|OHKO Clause: OHKO moves are banned\n|rule|Evasion Moves Clause: Evasion moves are banned\n|rule|Sleep Moves Clause: Sleep-inducing moves are banned\n|rule|Evasion Clause: Evasion abilities, items, and moves are banned\n|rule|Evasion Abilities Clause: Evasion abilities are banned\n|rule|Evasion Items Clause: Evasion items are banned\n|rule|Terastal Clause: You cannot Terastallize\n|clearpoke\n|poke|p1|Kingambit, M|\n|poke|p1|Dragapult, M|\n|poke|p1|Iron Valiant|\n|poke|p1|Zapdos|\n|poke|p1|Gliscor, M|\n|poke|p1|Slowking-Galar, F|\n|poke|p2|Greninja-*, M|\n|poke|p2|Skeledirge, M|\n|poke|p2|Gholdengo|\n|poke|p2|Ting-Lu|\n|poke|p2|Walking Wake|\n|poke|p2|Dragapult, M|\n|teampreview\n|raw|TaxFraud094's Tera Types:<br \/><psicon pokemon=\"kingambit\" \/><psicon type=\"Flying\" \/> \/ <psicon pokemon=\"dragapult\" \/><psicon type=\"Electric\" \/> \/ <psicon pokemon=\"ironvaliant\" \/><psicon type=\"Dark\" \/> \/ <psicon pokemon=\"zapdos\" \/><psicon type=\"Steel\" \/> \/ <psicon pokemon=\"gliscor\" \/><psicon type=\"Water\" \/> \/ <psicon pokemon=\"slowkinggalar\" \/><psicon type=\"Normal\" \/>\n|raw|flamingbomber's Tera Types:<br \/><psicon pokemon=\"greninjabond\" \/><psicon type=\"Ice\" \/> \/ <psicon pokemon=\"skeledirge\" \/><psicon type=\"Fairy\" \/> \/ <psicon pokemon=\"gholdengo\" \/><psicon type=\"Flying\" \/> \/ <psicon pokemon=\"tinglu\" \/><psicon type=\"Poison\" \/> \/ <psicon pokemon=\"walkingwake\" \/><psicon type=\"Fire\" \/> \/ <psicon pokemon=\"dragapult\" \/><psicon type=\"Steel\" \/>\n|inactive|TaxFraud094 also wants the timer to be on.\n|inactive|flamingbomber also wants the timer to be on.\n|l|\u203dflamingbomber\n|inactive|flamingbomber disconnected and has a minute to reconnect!\n|player|p2|\n|j|\u203dflamingbomber\n|inactive|flamingbomber reconnected and has 140 seconds left.\n|player|p2|flamingbomber|red-masters2\n|n|\u203dflamingbomber|flamingbomber\n|n|\u203dflamingbomber|flamingbomber\n|n|\u203dflamingbomber|flamingbomber\n|\n|t:|1698163103\n|start\n|switch|p1a: Gliscor|Gliscor, M|100\/100\n|switch|p2a: Greninja|Greninja, M|100\/100\n|-start|p2a: Greninja|typechange|Water\/Dark\/Ice|[silent]\n|-start|p1a: Gliscor|typechange|Ground\/Flying\/Water|[silent]\n|-start|p1a: Gliscor|typechange|Ground\/Flying\/Water|[silent]\n|-start|p2a: Greninja|typechange|Water\/Dark\/Ice|[silent]\n|turn|1\n|\n|t:|1698163116\n|move|p1a: Gliscor|Protect|p1a: Gliscor\n|-singleturn|p1a: Gliscor|Protect\n|move|p2a: Greninja|Ice Beam|p1a: Gliscor\n|-activate|p1a: Gliscor|move: Protect\n|\n|-status|p1a: Gliscor|tox|[from] item: Toxic Orb\n|upkeep\n|turn|2\n|\n|t:|1698163119\n|switch|p1a: Slowking|Slowking-Galar, F|100\/100\n|-start|p1a: Slowking|typechange|Poison\/Psychic\/Normal|[silent]\n|move|p2a: Greninja|Ice Beam|p1a: Slowking\n|-damage|p1a: Slowking|64\/100\n|-damage|p2a: Greninja|91\/100|[from] item: Life Orb\n|\n|upkeep\n|-start|p1a: Slowking|typechange|Poison\/Psychic\/Normal|[silent]\n|turn|3\n|\n|t:|1698163132\n|switch|p1a: Kingambit|Kingambit, M|100\/100\n|-start|p1a: Kingambit|typechange|Dark\/Steel\/Flying|[silent]\n|move|p2a: Greninja|Dark Pulse|p1a: Kingambit\n|-resisted|p1a: Kingambit\n|-damage|p1a: Kingambit|77\/100\n|-damage|p2a: Greninja|81\/100|[from] item: Life Orb\n|\n|-heal|p1a: Kingambit|84\/100|[from] item: Leftovers\n|upkeep\n|-start|p1a: Kingambit|typechange|Dark\/Steel\/Flying|[silent]\n|turn|4\n|\n|t:|1698163145\n|switch|p2a: Skeledirge|Skeledirge, M|100\/100\n|-start|p2a: Skeledirge|typechange|Fire\/Ghost\/Fairy|[silent]\n|move|p1a: Kingambit|Kowtow Cleave|p2a: Skeledirge\n|-damage|p2a: Skeledirge|73\/100\n|\n|-heal|p1a: Kingambit|90\/100|[from] item: Leftovers\n|upkeep\n|-start|p2a: Skeledirge|typechange|Fire\/Ghost\/Fairy|[silent]\n|turn|5\n|\n|t:|1698163150\n|-end|p1a: Kingambit|fallenundefined|[silent]\n|switch|p1a: Gliscor|Gliscor, M|100\/100 tox\n|-start|p1a: Gliscor|typechange|Ground\/Flying\/Water|[silent]\n|move|p2a: Skeledirge|Will-O-Wisp|p1a: Gliscor|[miss]\n|-miss|p2a: Skeledirge|p1a: Gliscor\n|\n|upkeep\n|-start|p1a: Gliscor|typechange|Ground\/Flying\/Water|[silent]\n|turn|6\n|\n|t:|1698163156\n|switch|p2a: Gholdengo|Gholdengo|100\/100\n|-start|p2a: Gholdengo|typechange|Steel\/Ghost\/Flying|[silent]\n|move|p1a: Gliscor|Knock Off|p2a: Gholdengo\n|-supereffective|p2a: Gholdengo\n|-damage|p2a: Gholdengo|64\/100\n|-enditem|p2a: Gholdengo|Leftovers|[from] move: Knock Off|[of] p1a: Gliscor\n|\n|upkeep\n|-start|p2a: Gholdengo|typechange|Steel\/Ghost\/Flying|[silent]\n|turn|7\n|\n|t:|1698163159\n|move|p1a: Gliscor|Stealth Rock|p2a: Gholdengo\n|-sidestart|p2: flamingbomber|move: Stealth Rock\n|move|p2a: Gholdengo|Recover|p2a: Gholdengo\n|-heal|p2a: Gholdengo|100\/100\n|\n|upkeep\n|turn|8\n|j|@kenn\n|\n|t:|1698163169\n|switch|p1a: Slowking|Slowking-Galar, F|64\/100\n|-start|p1a: Slowking|typechange|Poison\/Psychic\/Normal|[silent]\n|move|p2a: Gholdengo|Shadow Ball|p1a: Slowking\n|-immune|p1a: Slowking\n|\n|upkeep\n|-start|p1a: Slowking|typechange|Poison\/Psychic\/Normal|[silent]\n|turn|9\n|\n|t:|1698163173\n|move|p2a: Gholdengo|Thunder Wave|p1a: Slowking\n|-status|p1a: Slowking|par\n|move|p1a: Slowking|Chilly Reception|p1a: Slowking\n|-weather|Snow\n|j|#UT\n|\n|t:|1698163183\n|switch|p1a: Dragapult|Dragapult, M|100\/100|[from] Chilly Reception\n|-start|p1a: Dragapult|typechange|Dragon\/Ghost\/Electric|[silent]\n|\n|-weather|Snow|[upkeep]\n|upkeep\n|-start|p1a: Dragapult|typechange|Dragon\/Ghost\/Electric|[silent]\n|turn|10\n|\n|t:|1698163196\n|switch|p2a: Ting-Lu|Ting-Lu|100\/100\n|-start|p2a: Ting-Lu|typechange|Dark\/Ground\/Poison|[silent]\n|-damage|p2a: Ting-Lu|94\/100|[from] Stealth Rock\n|-ability|p2a: Ting-Lu|Vessel of Ruin\n|move|p1a: Dragapult|U-turn|p2a: Ting-Lu\n|-damage|p2a: Ting-Lu|85\/100\n|\n|t:|1698163209\n|switch|p1a: Gliscor|Gliscor, M|100\/100 tox|[from] U-turn\n|-start|p1a: Gliscor|typechange|Ground\/Flying\/Water|[silent]\n|\n|-weather|Snow|[upkeep]\n|upkeep\n|-start|p1a: Gliscor|typechange|Ground\/Flying\/Water|[silent]\n|-start|p2a: Ting-Lu|typechange|Dark\/Ground\/Poison|[silent]\n|turn|11\n|\n|t:|1698163223\n|move|p1a: Gliscor|Knock Off|p2a: Ting-Lu\n|-resisted|p2a: Ting-Lu\n|-damage|p2a: Ting-Lu|80\/100\n|-enditem|p2a: Ting-Lu|Assault Vest|[from] move: Knock Off|[of] p1a: Gliscor\n|move|p2a: Ting-Lu|Ruination|p1a: Gliscor\n|-damage|p1a: Gliscor|50\/100 tox\n|\n|-weather|Snow|[upkeep]\n|-heal|p1a: Gliscor|63\/100 tox|[from] ability: Poison Heal\n|upkeep\n|turn|12\n|j|+Ataki\n|\n|t:|1698163251\n|switch|p2a: Dragapult|Dragapult, M|100\/100\n|-start|p2a: Dragapult|typechange|Dragon\/Ghost\/Steel|[silent]\n|-damage|p2a: Dragapult|95\/100|[from] Stealth Rock\n|move|p1a: Gliscor|Earthquake|p2a: Dragapult\n|-supereffective|p2a: Dragapult\n|-damage|p2a: Dragapult|6\/100\n|\n|-weather|Snow|[upkeep]\n|-heal|p2a: Dragapult|12\/100|[from] item: Leftovers\n|-heal|p1a: Gliscor|75\/100 tox|[from] ability: Poison Heal\n|upkeep\n|-start|p2a: Dragapult|typechange|Dragon\/Ghost\/Steel|[silent]\n|turn|13\n|inactive|flamingbomber has 120 seconds left.\n|\n|t:|1698163274\n|move|p2a: Dragapult|Hex|p1a: Gliscor\n|-damage|p1a: Gliscor|0 fnt\n|faint|p1a: Gliscor\n|\n|-weather|none\n|-heal|p2a: Dragapult|18\/100|[from] item: Leftovers\n|upkeep\n|\n|t:|1698163285\n|switch|p1a: Iron Valiant|Iron Valiant|100\/100\n|-start|p1a: Iron Valiant|typechange|Fairy\/Fighting\/Dark|[silent]\n|-enditem|p1a: Iron Valiant|Booster Energy\n|-activate|p1a: Iron Valiant|ability: Quark Drive|[fromitem]\n|-start|p1a: Iron Valiant|quarkdrivespe\n|-start|p1a: Iron Valiant|typechange|Fairy\/Fighting\/Dark|[silent]\n|turn|14\n|inactive|flamingbomber has 120 seconds left.\n|\n|t:|1698163302\n|move|p1a: Iron Valiant|Knock Off|p2a: Dragapult\n|-supereffective|p2a: Dragapult\n|-damage|p2a: Dragapult|0 fnt\n|-enditem|p2a: Dragapult|Leftovers|[from] move: Knock Off|[of] p1a: Iron Valiant\n|faint|p2a: Dragapult\n|\n|upkeep\n|\n|t:|1698163306\n|switch|p2a: Skeledirge|Skeledirge, M|73\/100\n|-start|p2a: Skeledirge|typechange|Fire\/Ghost\/Fairy|[silent]\n|-start|p2a: Skeledirge|typechange|Fire\/Ghost\/Fairy|[silent]\n|turn|15\n|\n|t:|1698163315\n|-end|p1a: Iron Valiant|Quark Drive|[silent]\n|switch|p1a: Zapdos|Zapdos|100\/100\n|-start|p1a: Zapdos|typechange|Electric\/Flying\/Steel|[silent]\n|move|p2a: Skeledirge|Will-O-Wisp|p1a: Zapdos\n|-status|p1a: Zapdos|brn\n|\n|-damage|p1a: Zapdos|94\/100 brn|[from] brn\n|upkeep\n|-start|p1a: Zapdos|typechange|Electric\/Flying\/Steel|[silent]\n|turn|16\n|\n|t:|1698163321\n|move|p1a: Zapdos|Discharge|p2a: Skeledirge\n|-damage|p2a: Skeledirge|39\/100\n|move|p2a: Skeledirge|Torch Song|p1a: Zapdos\n|-supereffective|p1a: Zapdos\n|-damage|p1a: Zapdos|32\/100 brn\n|-boost|p2a: Skeledirge|spa|1\n|\n|-heal|p1a: Zapdos|38\/100 brn|[from] item: Leftovers\n|-damage|p1a: Zapdos|32\/100 brn|[from] brn\n|upkeep\n|turn|17\n|\n|t:|1698163332\n|move|p1a: Zapdos|Hurricane|p2a: Skeledirge\n|-damage|p2a: Skeledirge|0 fnt\n|faint|p2a: Skeledirge\n|\n|-heal|p1a: Zapdos|38\/100 brn|[from] item: Leftovers\n|-damage|p1a: Zapdos|32\/100 brn|[from] brn\n|upkeep\n|\n|t:|1698163340\n|switch|p2a: Walking Wake|Walking Wake|100\/100\n|-start|p2a: Walking Wake|typechange|Water\/Dragon\/Fire|[silent]\n|-damage|p2a: Walking Wake|76\/100|[from] Stealth Rock\n|-start|p2a: Walking Wake|typechange|Water\/Dragon\/Fire|[silent]\n|turn|18\n|\n|t:|1698163344\n|move|p2a: Walking Wake|Flamethrower|p1a: Zapdos\n|-supereffective|p1a: Zapdos\n|-damage|p1a: Zapdos|0 fnt\n|faint|p1a: Zapdos\n|\n|upkeep\n|\n|t:|1698163350\n|switch|p1a: Dragapult|Dragapult, M|100\/100\n|-start|p1a: Dragapult|typechange|Dragon\/Ghost\/Electric|[silent]\n|-start|p1a: Dragapult|typechange|Dragon\/Ghost\/Electric|[silent]\n|turn|19\n|\n|t:|1698163354\n|-end|p2a: Walking Wake|Protosynthesis|[silent]\n|switch|p2a: Ting-Lu|Ting-Lu|80\/100\n|-start|p2a: Ting-Lu|typechange|Dark\/Ground\/Poison|[silent]\n|-damage|p2a: Ting-Lu|74\/100|[from] Stealth Rock\n|-ability|p2a: Ting-Lu|Vessel of Ruin\n|move|p1a: Dragapult|Shadow Ball|p2a: Ting-Lu\n|-resisted|p2a: Ting-Lu\n|-damage|p2a: Ting-Lu|62\/100\n|\n|upkeep\n|-start|p2a: Ting-Lu|typechange|Dark\/Ground\/Poison|[silent]\n|turn|20\n|\n|t:|1698163363\n|switch|p1a: Kingambit|Kingambit, M|90\/100\n|-start|p1a: Kingambit|typechange|Dark\/Steel\/Flying|[silent]\n|-activate|p1a: Kingambit|ability: Supreme Overlord\n|-start|p1a: Kingambit|fallen2|[silent]\n|move|p2a: Ting-Lu|Throat Chop|p1a: Kingambit\n|-resisted|p1a: Kingambit\n|-damage|p1a: Kingambit|79\/100\n|-start|p1a: Kingambit|Throat Chop|[silent]\n|\n|-heal|p1a: Kingambit|85\/100|[from] item: Leftovers\n|upkeep\n|-start|p1a: Kingambit|typechange|Dark\/Steel\/Flying|[silent]\n|turn|21\n|\n|t:|1698163376\n|move|p1a: Kingambit|Swords Dance|p1a: Kingambit\n|-boost|p1a: Kingambit|atk|2\n|move|p2a: Ting-Lu|Ruination|p1a: Kingambit\n|-damage|p1a: Kingambit|43\/100\n|\n|-heal|p1a: Kingambit|49\/100|[from] item: Leftovers\n|-end|p1a: Kingambit|Throat Chop|[silent]\n|upkeep\n|turn|22\n|\n|t:|1698163379\n|move|p1a: Kingambit|Iron Head|p2a: Ting-Lu\n|-crit|p2a: Ting-Lu\n|-damage|p2a: Ting-Lu|0 fnt\n|faint|p2a: Ting-Lu\n|\n|-heal|p1a: Kingambit|55\/100|[from] item: Leftovers\n|upkeep\n|l|#UT\n|\n|t:|1698163386\n|switch|p2a: Walking Wake|Walking Wake|76\/100\n|-start|p2a: Walking Wake|typechange|Water\/Dragon\/Fire|[silent]\n|-damage|p2a: Walking Wake|51\/100|[from] Stealth Rock\n|-start|p2a: Walking Wake|typechange|Water\/Dragon\/Fire|[silent]\n|turn|23\n|\n|t:|1698163388\n|move|p1a: Kingambit|Sucker Punch|p2a: Walking Wake\n|-damage|p2a: Walking Wake|0 fnt\n|faint|p2a: Walking Wake\n|-end|p2a: Walking Wake|Protosynthesis|[silent]\n|\n|-heal|p1a: Kingambit|61\/100|[from] item: Leftovers\n|upkeep\n|-message|flamingbomber forfeited.\n|\n|win|TaxFraud094\n|n|\u2606TaxFraud094|taxfraud094\n|n|\u203dflamingbomber|flamingbomber\n|n|@kenn|kenn\n|n| Ataki|ataki\n","uploadtime":1698163394,"views":13,"p1id":"taxfraud094","p2id":"flamingbomber","formatid":"gen9anythinggoes","rating":0,"private":0,"password":""}