{"id":"gen9anythinggoes-1979638107","p1":"hoenn militian","p2":"AnimeZZZZ5","format":"[Gen 9] Anything Goes","log":"|j|\u2606hoenn militian\n|j|\u2606AnimeZZZZ5\n|t:|1698698841\n|gametype|singles\n|player|p1|hoenn militian|266|1763\n|player|p2|AnimeZZZZ5|101|1930\n|teamsize|p1|6\n|teamsize|p2|6\n|gen|9\n|tier|[Gen 9] Anything Goes\n|rated|\n|rule|HP Percentage Mod: HP is shown in percentages\n|rule|Endless Battle Clause: Forcing endless battles is banned\n|clearpoke\n|poke|p1|Miraidon|\n|poke|p1|Grimmsnarl, M|\n|poke|p1|Skeledirge, M|\n|poke|p1|Blissey, F|\n|poke|p1|Moltres|\n|poke|p1|Calyrex-Ice|\n|poke|p2|Zacian-*|\n|poke|p2|Miraidon|\n|poke|p2|Kingambit, F|\n|poke|p2|Glimmora, M|\n|poke|p2|Calyrex-Shadow|\n|poke|p2|Ceruledge, M|\n|teampreview\n|\n|t:|1698698872\n|start\n|switch|p1a: Calyrex|Calyrex-Ice|100\/100\n|switch|p2a: Glimmora|Glimmora, M|100\/100\n|-ability|p1a: Calyrex|As One\n|-ability|p1a: Calyrex|Unnerve\n|turn|1\n|\n|t:|1698698879\n|move|p2a: Glimmora|Mortal Spin|p1a: Calyrex\n|-damage|p1a: Calyrex|97\/100\n|-status|p1a: Calyrex|psn\n|move|p1a: Calyrex|Glacial Lance|p2a: Glimmora\n|-damage|p2a: Glimmora|2\/100\n|-activate|p2a: Glimmora|ability: Toxic Debris\n|-sidestart|p1: hoenn militian|move: Toxic Spikes\n|\n|-damage|p1a: Calyrex|85\/100 psn|[from] psn\n|upkeep\n|turn|2\n|\n|t:|1698698889\n|move|p2a: Glimmora|Stealth Rock|p1a: Calyrex\n|-sidestart|p1: hoenn militian|move: Stealth Rock\n|move|p1a: Calyrex|Glacial Lance|p2a: Glimmora\n|-damage|p2a: Glimmora|0 fnt\n|-activate|p2a: Glimmora|ability: Toxic Debris\n|-sidestart|p1: hoenn militian|move: Toxic Spikes\n|faint|p2a: Glimmora\n|-ability|p1a: Calyrex|Chilling Neigh|boost\n|-boost|p1a: Calyrex|atk|1\n|\n|-damage|p1a: Calyrex|73\/100 psn|[from] psn\n|upkeep\n|\n|t:|1698698892\n|switch|p2a: Ceruledge|Ceruledge, M|100\/100\n|turn|3\n|\n|t:|1698698901\n|-terastallize|p2a: Ceruledge|Ghost\n|move|p2a: Ceruledge|Poltergeist|p1a: Calyrex\n|-activate|p1a: Calyrex|move: Poltergeist|Heavy-Duty Boots\n|-supereffective|p1a: Calyrex\n|-crit|p1a: Calyrex\n|-damage|p1a: Calyrex|0 fnt\n|faint|p1a: Calyrex\n|\n|upkeep\n|\n|t:|1698698910\n|switch|p1a: Miraidon|Miraidon|100\/100\n|-fieldstart|move: Electric Terrain|[from] ability: Hadron Engine|[of] p1a: Miraidon\n|turn|4\n|\n|t:|1698698917\n|move|p1a: Miraidon|Dragon Pulse|p2a: Ceruledge\n|-damage|p2a: Ceruledge|30\/100\n|move|p2a: Ceruledge|Poltergeist|p1a: Miraidon\n|-activate|p1a: Miraidon|move: Poltergeist|Heavy-Duty Boots\n|-damage|p1a: Miraidon|30\/100\n|\n|upkeep\n|turn|5\n|\n|t:|1698698925\n|move|p2a: Ceruledge|Shadow Sneak|p1a: Miraidon\n|-damage|p1a: Miraidon|2\/100\n|move|p1a: Miraidon|Dragon Pulse|p2a: Ceruledge\n|-damage|p2a: Ceruledge|0 fnt\n|faint|p2a: Ceruledge\n|\n|upkeep\n|\n|t:|1698698932\n|switch|p2a: Calyrex|Calyrex-Shadow|100\/100\n|-ability|p2a: Calyrex|As One\n|-ability|p2a: Calyrex|Unnerve\n|turn|6\n|\n|t:|1698698937\n|switch|p1a: Grimmsnarl|Grimmsnarl, M|100\/100\n|move|p2a: Calyrex|Astral Barrage|p1a: Grimmsnarl\n|-resisted|p1a: Grimmsnarl\n|-damage|p1a: Grimmsnarl|75\/100\n|\n|upkeep\n|turn|7\n|\n|t:|1698698947\n|switch|p2a: Zacian|Zacian-Crowned|100\/100\n|-ability|p2a: Zacian|Intrepid Sword|boost\n|-boost|p2a: Zacian|atk|1\n|move|p1a: Grimmsnarl|Spirit Break|p2a: Zacian\n|-resisted|p2a: Zacian\n|-damage|p2a: Zacian|85\/100\n|-unboost|p2a: Zacian|spa|1\n|\n|upkeep\n|turn|8\n|\n|t:|1698698956\n|move|p1a: Grimmsnarl|Parting Shot|p2a: Zacian\n|-unboost|p2a: Zacian|atk|1\n|-unboost|p2a: Zacian|spa|1\n|\n|t:|1698698961\n|switch|p1a: Skeledirge|Skeledirge, M|100\/100|[from] Parting Shot\n|move|p2a: Zacian|Behemoth Blade|p1a: Skeledirge\n|-resisted|p1a: Skeledirge\n|-damage|p1a: Skeledirge|83\/100\n|\n|-fieldend|move: Electric Terrain\n|upkeep\n|turn|9\n|\n|t:|1698698979\n|switch|p2a: Calyrex|Calyrex-Shadow|100\/100\n|-ability|p2a: Calyrex|As One\n|-ability|p2a: Calyrex|Unnerve\n|move|p1a: Skeledirge|Will-O-Wisp|p2a: Calyrex\n|-status|p2a: Calyrex|brn\n|\n|-damage|p2a: Calyrex|94\/100 brn|[from] brn\n|upkeep\n|turn|10\n|\n|t:|1698698991\n|switch|p1a: Grimmsnarl|Grimmsnarl, M|75\/100\n|move|p2a: Calyrex|Astral Barrage|p1a: Grimmsnarl\n|-resisted|p1a: Grimmsnarl\n|-damage|p1a: Grimmsnarl|48\/100\n|\n|-damage|p2a: Calyrex|88\/100 brn|[from] brn\n|upkeep\n|turn|11\n|\n|t:|1698699004\n|move|p2a: Calyrex|Astral Barrage|p1a: Grimmsnarl\n|-resisted|p1a: Grimmsnarl\n|-damage|p1a: Grimmsnarl|20\/100\n|move|p1a: Grimmsnarl|Foul Play|p2a: Calyrex\n|-supereffective|p2a: Calyrex\n|-damage|p2a: Calyrex|0 fnt\n|faint|p2a: Calyrex\n|\n|upkeep\n|\n|t:|1698699009\n|switch|p2a: Miraidon|Miraidon|100\/100\n|-fieldstart|move: Electric Terrain|[from] ability: Hadron Engine|[of] p2a: Miraidon\n|-enditem|p2a: Miraidon|Electric Seed\n|-boost|p2a: Miraidon|def|1|[from] item: Electric Seed\n|turn|12\n|\n|t:|1698699019\n|move|p1a: Grimmsnarl|Parting Shot|p2a: Miraidon\n|-unboost|p2a: Miraidon|atk|1\n|-unboost|p2a: Miraidon|spa|1\n|\n|t:|1698699025\n|switch|p1a: Blissey|Blissey, F|100\/100|[from] Parting Shot\n|move|p2a: Miraidon|Parabolic Charge|p1a: Blissey\n|-damage|p1a: Blissey|87\/100\n|\n|upkeep\n|turn|13\n|\n|t:|1698699031\n|switch|p2a: Kingambit|Kingambit, F|100\/100\n|-activate|p2a: Kingambit|ability: Supreme Overlord\n|-start|p2a: Kingambit|fallen3|[silent]\n|move|p1a: Blissey|Stealth Rock|p2a: Kingambit\n|-sidestart|p2: AnimeZZZZ5|move: Stealth Rock\n|\n|upkeep\n|turn|14\n|\n|t:|1698699038\n|switch|p1a: Moltres|Moltres|100\/100\n|move|p2a: Kingambit|Kowtow Cleave|p1a: Moltres\n|-damage|p1a: Moltres|57\/100\n|\n|upkeep\n|turn|15\n|\n|t:|1698699047\n|-end|p2a: Kingambit|fallen3|[silent]\n|switch|p2a: Zacian|Zacian-Crowned|85\/100\n|-damage|p2a: Zacian|79\/100|[from] Stealth Rock\n|move|p1a: Moltres|Will-O-Wisp|p2a: Zacian\n|-status|p2a: Zacian|brn\n|\n|-damage|p2a: Zacian|73\/100 brn|[from] brn\n|upkeep\n|turn|16\n|\n|t:|1698699081\n|move|p2a: Zacian|Wild Charge|p1a: Moltres\n|-supereffective|p1a: Moltres\n|-damage|p1a: Moltres|25\/100\n|-damage|p2a: Zacian|63\/100 brn|[from] Recoil\n|move|p1a: Moltres|Roost|p1a: Moltres\n|-heal|p1a: Moltres|75\/100\n|-singleturn|p1a: Moltres|move: Roost\n|\n|-damage|p2a: Zacian|57\/100 brn|[from] brn\n|-fieldend|move: Electric Terrain\n|upkeep\n|turn|17\n|\n|t:|1698699091\n|switch|p1a: Skeledirge|Skeledirge, M|83\/100\n|move|p2a: Zacian|Wild Charge|p1a: Skeledirge\n|-damage|p1a: Skeledirge|73\/100\n|-damage|p2a: Zacian|54\/100 brn|[from] Recoil\n|\n|-damage|p2a: Zacian|48\/100 brn|[from] brn\n|upkeep\n|turn|18\n|\n|t:|1698699143\n|move|p2a: Zacian|Wild Charge|p1a: Skeledirge\n|-damage|p1a: Skeledirge|63\/100\n|-damage|p2a: Zacian|45\/100 brn|[from] Recoil\n|move|p1a: Skeledirge|Will-O-Wisp|p2a: Zacian\n|-fail|p2a: Zacian|brn\n|\n|-damage|p2a: Zacian|39\/100 brn|[from] brn\n|upkeep\n|turn|19\n|\n|t:|1698699152\n|move|p2a: Zacian|Wild Charge|p1a: Skeledirge\n|-damage|p1a: Skeledirge|52\/100\n|-damage|p2a: Zacian|35\/100 brn|[from] Recoil\n|move|p1a: Skeledirge|Slack Off|p1a: Skeledirge\n|-heal|p1a: Skeledirge|100\/100\n|\n|-damage|p2a: Zacian|29\/100 brn|[from] brn\n|upkeep\n|turn|20\n|\n|t:|1698699162\n|move|p2a: Zacian|Wild Charge|p1a: Skeledirge\n|-damage|p1a: Skeledirge|89\/100\n|-damage|p2a: Zacian|25\/100 brn|[from] Recoil\n|move|p1a: Skeledirge|Torch Song|p2a: Zacian\n|-supereffective|p2a: Zacian\n|-damage|p2a: Zacian|0 fnt\n|-boost|p1a: Skeledirge|spa|1\n|faint|p2a: Zacian\n|\n|upkeep\n|\n|t:|1698699188\n|switch|p2a: Kingambit|Kingambit, F|100\/100\n|-damage|p2a: Kingambit|94\/100|[from] Stealth Rock\n|-activate|p2a: Kingambit|ability: Supreme Overlord\n|-start|p2a: Kingambit|fallen4|[silent]\n|turn|21\n|\n|t:|1698699194\n|move|p2a: Kingambit|Kowtow Cleave|p1a: Skeledirge\n|-supereffective|p1a: Skeledirge\n|-damage|p1a: Skeledirge|4\/100\n|move|p1a: Skeledirge|Will-O-Wisp|p2a: Kingambit|[miss]\n|-miss|p1a: Skeledirge|p2a: Kingambit\n|\n|upkeep\n|turn|22\n|\n|t:|1698699209\n|move|p2a: Kingambit|Kowtow Cleave|p1a: Skeledirge\n|-supereffective|p1a: Skeledirge\n|-damage|p1a: Skeledirge|0 fnt\n|faint|p1a: Skeledirge\n|\n|upkeep\n|\n|t:|1698699214\n|switch|p1a: Moltres|Moltres|75\/100\n|turn|23\n|\n|t:|1698699220\n|move|p1a: Moltres|Will-O-Wisp|p2a: Kingambit\n|-status|p2a: Kingambit|brn\n|move|p2a: Kingambit|Kowtow Cleave|p1a: Moltres\n|-damage|p1a: Moltres|52\/100\n|\n|-damage|p2a: Kingambit|88\/100 brn|[from] brn\n|upkeep\n|turn|24\n|\n|t:|1698699232\n|move|p1a: Moltres|Burning Jealousy|p2a: Kingambit\n|-supereffective|p2a: Kingambit\n|-damage|p2a: Kingambit|45\/100 brn\n|move|p2a: Kingambit|Kowtow Cleave|p1a: Moltres\n|-damage|p1a: Moltres|27\/100\n|\n|-damage|p2a: Kingambit|39\/100 brn|[from] brn\n|upkeep\n|turn|25\n|\n|t:|1698699239\n|move|p1a: Moltres|Roost|p1a: Moltres\n|-heal|p1a: Moltres|77\/100\n|-singleturn|p1a: Moltres|move: Roost\n|move|p2a: Kingambit|Kowtow Cleave|p1a: Moltres\n|-damage|p1a: Moltres|51\/100\n|\n|-damage|p2a: Kingambit|33\/100 brn|[from] brn\n|upkeep\n|turn|26\n|\n|t:|1698699248\n|move|p1a: Moltres|Burning Jealousy|p2a: Kingambit\n|-supereffective|p2a: Kingambit\n|-damage|p2a: Kingambit|0 fnt\n|faint|p2a: Kingambit\n|-end|p2a: Kingambit|fallen4|[silent]\n|\n|upkeep\n|\n|t:|1698699261\n|switch|p2a: Miraidon|Miraidon|100\/100\n|-damage|p2a: Miraidon|88\/100|[from] Stealth Rock\n|-fieldstart|move: Electric Terrain|[from] ability: Hadron Engine|[of] p2a: Miraidon\n|turn|27\n|\n|t:|1698699267\n|move|p2a: Miraidon|Calm Mind|p2a: Miraidon\n|-boost|p2a: Miraidon|spa|1\n|-boost|p2a: Miraidon|spd|1\n|move|p1a: Moltres|U-turn|p2a: Miraidon\n|-damage|p2a: Miraidon|75\/100\n|\n|t:|1698699276\n|switch|p1a: Grimmsnarl|Grimmsnarl, M|20\/100|[from] U-turn\n|\n|upkeep\n|turn|28\n|\n|t:|1698699283\n|move|p1a: Grimmsnarl|Parting Shot|p2a: Miraidon\n|-unboost|p2a: Miraidon|atk|1\n|-unboost|p2a: Miraidon|spa|1\n|\n|t:|1698699292\n|switch|p1a: Moltres|Moltres|51\/100|[from] Parting Shot\n|move|p2a: Miraidon|Calm Mind|p2a: Miraidon\n|-boost|p2a: Miraidon|spa|1\n|-boost|p2a: Miraidon|spd|1\n|\n|upkeep\n|turn|29\n|\n|t:|1698699305\n|switch|p1a: Miraidon|Miraidon|2\/100\n|-activate|p1a: Miraidon|ability: Hadron Engine\n|move|p2a: Miraidon|Parabolic Charge|p1a: Miraidon\n|-resisted|p1a: Miraidon\n|-damage|p1a: Miraidon|0 fnt\n|-heal|p2a: Miraidon|76\/100|[from] drain|[of] p1a: Miraidon\n|faint|p1a: Miraidon\n|\n|upkeep\n|\n|t:|1698699319\n|switch|p1a: Grimmsnarl|Grimmsnarl, M|20\/100\n|turn|30\n|\n|t:|1698699327\n|move|p1a: Grimmsnarl|Parting Shot|p2a: Miraidon\n|-unboost|p2a: Miraidon|atk|1\n|-unboost|p2a: Miraidon|spa|1\n|\n|t:|1698699333\n|switch|p1a: Blissey|Blissey, F|87\/100|[from] Parting Shot\n|move|p2a: Miraidon|Parabolic Charge|p1a: Blissey\n|-damage|p1a: Blissey|69\/100\n|-heal|p2a: Miraidon|92\/100|[from] drain|[of] p1a: Blissey\n|\n|upkeep\n|turn|31\n|\n|t:|1698699341\n|move|p2a: Miraidon|Calm Mind|p2a: Miraidon\n|-boost|p2a: Miraidon|spa|1\n|-boost|p2a: Miraidon|spd|1\n|move|p1a: Blissey|Seismic Toss|p2a: Miraidon\n|-damage|p2a: Miraidon|67\/100\n|\n|-fieldend|move: Electric Terrain\n|upkeep\n|turn|32\n|\n|t:|1698699347\n|move|p2a: Miraidon|Calm Mind|p2a: Miraidon\n|-boost|p2a: Miraidon|spa|1\n|-boost|p2a: Miraidon|spd|1\n|move|p1a: Blissey|Seismic Toss|p2a: Miraidon\n|-damage|p2a: Miraidon|42\/100\n|\n|upkeep\n|turn|33\n|\n|t:|1698699355\n|-terastallize|p1a: Blissey|Ground\n|move|p2a: Miraidon|Parabolic Charge|p1a: Blissey\n|-immune|p1a: Blissey\n|move|p1a: Blissey|Seismic Toss|p2a: Miraidon\n|-damage|p2a: Miraidon|18\/100\n|\n|upkeep\n|turn|34\n|\n|t:|1698699362\n|move|p2a: Miraidon|Dragon Pulse|p1a: Blissey\n|-damage|p1a: Blissey|40\/100\n|move|p1a: Blissey|Seismic Toss|p2a: Miraidon\n|-damage|p2a: Miraidon|0 fnt\n|faint|p2a: Miraidon\n|\n|win|hoenn militian\n|raw|hoenn militian's rating: 1763 &rarr; <strong>1792<\/strong><br \/>(+29 for winning)\n|raw|AnimeZZZZ5's rating: 1936 &rarr; <strong>1907<\/strong><br \/>(-29 for losing)\n","uploadtime":1698699395,"views":6,"p1id":"hoennmilitian","p2id":"animezzzz5","formatid":"gen9anythinggoes","rating":1792,"private":0,"password":""}