{"id":"gen9anythinggoes-1989638559","p1":"Tiger373slow","p2":"Yuanshen61\u6211\u8981\u73a9\u539f\u795e","format":"[Gen 9] Anything Goes","log":"|j|\u2606Tiger373slow\n|j|\u2606Yuanshen61\u6211\u8981\u73a9\u539f\u795e\n|t:|1699881921\n|gametype|singles\n|player|p1|Tiger373slow|volkner|1224\n|player|p2|Yuanshen61\u6211\u8981\u73a9\u539f\u795e|dawn-contest|1192\n|teamsize|p1|6\n|teamsize|p2|6\n|gen|9\n|tier|[Gen 9] Anything Goes\n|rated|\n|rule|HP Percentage Mod: HP is shown in percentages\n|rule|Endless Battle Clause: Forcing endless battles is banned\n|clearpoke\n|poke|p1|Scizor, M|\n|poke|p1|Dudunsparce-*, M|\n|poke|p1|Glimmora, M|\n|poke|p1|Baxcalibur, F|\n|poke|p1|Iron Valiant|\n|poke|p1|Cyclizar, M|\n|poke|p2|Snover, F|\n|poke|p2|Snover, M|\n|poke|p2|Snover, M|\n|poke|p2|Kingambit, M|\n|poke|p2|Kingambit, M|\n|poke|p2|Kingambit, M|\n|teampreview\n|inactive|Battle timer is ON: inactive players will automatically lose when time's up. (requested by Yuanshen61\u6211\u8981\u73a9\u539f\u795e)\n|\n|t:|1699881928\n|start\n|switch|p1a: Glimmer like rocks|Glimmora, M, shiny|100\/100\n|switch|p2a: Snover|Snover, F|100\/100\n|turn|1\n|\n|t:|1699881933\n|move|p2a: Snover|Ice Shard|p1a: Glimmer like rocks\n|-damage|p1a: Glimmer like rocks|92\/100\n|-activate|p1a: Glimmer like rocks|ability: Toxic Debris\n|-sidestart|p2: Yuanshen61\u6211\u8981\u73a9\u539f\u795e|move: Toxic Spikes\n|move|p1a: Glimmer like rocks|Mortal Spin|p2a: Snover\n|-supereffective|p2a: Snover\n|-damage|p2a: Snover|75\/100\n|-status|p2a: Snover|psn\n|\n|-damage|p2a: Snover|62\/100 psn|[from] psn\n|upkeep\n|turn|2\n|\n|t:|1699881936\n|move|p1a: Glimmer like rocks|Stealth Rock|p2a: Snover\n|-sidestart|p2: Yuanshen61\u6211\u8981\u73a9\u539f\u795e|move: Stealth Rock\n|move|p2a: Snover|Sheer Cold|p1a: Glimmer like rocks\n|-damage|p1a: Glimmer like rocks|0 fnt\n|faint|p1a: Glimmer like rocks\n|-ohko\n|\n|-damage|p2a: Snover|50\/100 psn|[from] psn\n|upkeep\n|\n|t:|1699881942\n|switch|p1a: Trans Valliant|Iron Valiant|100\/100\n|-enditem|p1a: Trans Valliant|Booster Energy\n|-activate|p1a: Trans Valliant|ability: Quark Drive|[fromitem]\n|-start|p1a: Trans Valliant|quarkdrivespe\n|turn|3\n|\n|t:|1699881944\n|move|p2a: Snover|Ice Shard|p1a: Trans Valliant\n|-damage|p1a: Trans Valliant|89\/100\n|move|p1a: Trans Valliant|Aura Sphere|p2a: Snover\n|-supereffective|p2a: Snover\n|-damage|p2a: Snover|0 fnt\n|faint|p2a: Snover\n|\n|upkeep\n|\n|t:|1699881946\n|switch|p2a: Snover|Snover, M|100\/100\n|-status|p2a: Snover|psn\n|-damage|p2a: Snover|75\/100 psn|[from] Stealth Rock\n|turn|4\n|\n|t:|1699881952\n|-end|p1a: Trans Valliant|Quark Drive|[silent]\n|switch|p1a: VROOOOMMMNM|Cyclizar, M|100\/100\n|move|p2a: Snover|Sheer Cold|p1a: VROOOOMMMNM|[miss]\n|-miss|p2a: Snover|p1a: VROOOOMMMNM\n|\n|-damage|p2a: Snover|63\/100 psn|[from] psn\n|upkeep\n|turn|5\n|\n|t:|1699881958\n|move|p2a: Snover|Ice Shard|p1a: VROOOOMMMNM\n|-supereffective|p1a: VROOOOMMMNM\n|-damage|p1a: VROOOOMMMNM|71\/100\n|move|p1a: VROOOOMMMNM|Substitute|p1a: VROOOOMMMNM\n|-start|p1a: VROOOOMMMNM|Substitute\n|-damage|p1a: VROOOOMMMNM|46\/100\n|\n|-heal|p1a: VROOOOMMMNM|52\/100|[from] item: Leftovers\n|-damage|p2a: Snover|51\/100 psn|[from] psn\n|upkeep\n|turn|6\n|\n|t:|1699881965\n|move|p2a: Snover|Ice Shard|p1a: VROOOOMMMNM\n|-supereffective|p1a: VROOOOMMMNM\n|-end|p1a: VROOOOMMMNM|Substitute\n|move|p1a: VROOOOMMMNM|Dragon Tail|p2a: Snover\n|-damage|p2a: Snover|0 fnt\n|faint|p2a: Snover\n|\n|-heal|p1a: VROOOOMMMNM|58\/100|[from] item: Leftovers\n|upkeep\n|\n|t:|1699881971\n|switch|p2a: Snover|Snover, M|100\/100\n|-status|p2a: Snover|psn\n|-damage|p2a: Snover|76\/100 psn|[from] Stealth Rock\n|turn|7\n|\n|t:|1699881974\n|move|p1a: VROOOOMMMNM|Substitute|p1a: VROOOOMMMNM\n|-start|p1a: VROOOOMMMNM|Substitute\n|-damage|p1a: VROOOOMMMNM|33\/100\n|move|p2a: Snover|Sheer Cold|p1a: VROOOOMMMNM|[miss]\n|-miss|p2a: Snover|p1a: VROOOOMMMNM\n|\n|-heal|p1a: VROOOOMMMNM|39\/100|[from] item: Leftovers\n|-damage|p2a: Snover|63\/100 psn|[from] psn\n|upkeep\n|turn|8\n|\n|t:|1699881977\n|move|p2a: Snover|Ice Shard|p1a: VROOOOMMMNM\n|-supereffective|p1a: VROOOOMMMNM\n|-end|p1a: VROOOOMMMNM|Substitute\n|move|p1a: VROOOOMMMNM|Dragon Tail|p2a: Snover\n|-damage|p2a: Snover|16\/100 psn\n|drag|p2a: Kingambit|Kingambit, M|100\/100\n|-damage|p2a: Kingambit|94\/100|[from] Stealth Rock\n|-activate|p2a: Kingambit|ability: Supreme Overlord\n|-start|p2a: Kingambit|fallen2|[silent]\n|\n|-heal|p1a: VROOOOMMMNM|45\/100|[from] item: Leftovers\n|upkeep\n|turn|9\n|\n|t:|1699881989\n|move|p1a: VROOOOMMMNM|Substitute|p1a: VROOOOMMMNM\n|-start|p1a: VROOOOMMMNM|Substitute\n|-damage|p1a: VROOOOMMMNM|20\/100\n|move|p2a: Kingambit|Kowtow Cleave|p1a: VROOOOMMMNM\n|-end|p1a: VROOOOMMMNM|Substitute\n|\n|-heal|p1a: VROOOOMMMNM|26\/100|[from] item: Leftovers\n|upkeep\n|turn|10\n|\n|t:|1699881993\n|move|p1a: VROOOOMMMNM|Ice Spinner|p2a: Kingambit\n|-resisted|p2a: Kingambit\n|-damage|p2a: Kingambit|86\/100\n|move|p2a: Kingambit|Kowtow Cleave|p1a: VROOOOMMMNM\n|-damage|p1a: VROOOOMMMNM|0 fnt\n|faint|p1a: VROOOOMMMNM\n|\n|upkeep\n|\n|t:|1699881996\n|switch|p1a: Trans Valliant|Iron Valiant|89\/100\n|turn|11\n|\n|t:|1699882001\n|-end|p2a: Kingambit|fallen2|[silent]\n|switch|p2a: Snover|Snover, M|16\/100 psn\n|-damage|p2a: Snover|0 fnt|[from] Stealth Rock\n|faint|p2a: Snover\n|move|p1a: Trans Valliant|Aura Sphere|p2: Snover|[notarget]\n|-fail|p1a: Trans Valliant\n|\n|upkeep\n|\n|t:|1699882011\n|switch|p2a: Kingambit|Kingambit, M|86\/100\n|-damage|p2a: Kingambit|80\/100|[from] Stealth Rock\n|-activate|p2a: Kingambit|ability: Supreme Overlord\n|-start|p2a: Kingambit|fallen3|[silent]\n|turn|12\n|\n|t:|1699882014\n|-terastallize|p2a: Kingambit|Flying\n|move|p1a: Trans Valliant|Aura Sphere|p2a: Kingambit\n|-resisted|p2a: Kingambit\n|-damage|p2a: Kingambit|60\/100\n|move|p2a: Kingambit|Iron Head|p1a: Trans Valliant\n|-supereffective|p1a: Trans Valliant\n|-damage|p1a: Trans Valliant|0 fnt\n|faint|p1a: Trans Valliant\n|-end|p1a: Trans Valliant|Quark Drive|[silent]\n|\n|upkeep\n|\n|t:|1699882019\n|switch|p1a: Baxster Building|Baxcalibur, F|100\/100\n|turn|13\n|\n|t:|1699882029\n|-end|p2a: Kingambit|fallen3|[silent]\n|switch|p2a: Kingambit|Kingambit, M|100\/100\n|-damage|p2a: Kingambit|94\/100|[from] Stealth Rock\n|-ability|p2a: Kingambit|Pressure\n|-terastallize|p1a: Baxster Building|Steel\n|move|p1a: Baxster Building|Dragon Dance|p1a: Baxster Building\n|-boost|p1a: Baxster Building|atk|1\n|-boost|p1a: Baxster Building|spe|1\n|\n|upkeep\n|turn|14\n|\n|t:|1699882037\n|move|p1a: Baxster Building|Dragon Dance|p1a: Baxster Building\n|-boost|p1a: Baxster Building|atk|1\n|-boost|p1a: Baxster Building|spe|1\n|move|p2a: Kingambit|Guillotine|p1a: Baxster Building|[miss]\n|-miss|p2a: Kingambit|p1a: Baxster Building\n|\n|upkeep\n|turn|15\n|\n|t:|1699882043\n|move|p1a: Baxster Building|Glaive Rush|p2a: Kingambit\n|-resisted|p2a: Kingambit\n|-damage|p2a: Kingambit|39\/100\n|-singlemove|p1a: Baxster Building|Glaive Rush|[silent]\n|move|p2a: Kingambit|Guillotine|p1a: Baxster Building\n|-damage|p1a: Baxster Building|0 fnt\n|faint|p1a: Baxster Building\n|-ohko\n|\n|upkeep\n|\n|t:|1699882047\n|switch|p1a: Dun Dun Dun|Dudunsparce-Three-Segment, M, shiny|100\/100\n|turn|16\n|\n|t:|1699882051\n|move|p1a: Dun Dun Dun|Headbutt|p2a: Kingambit\n|-resisted|p2a: Kingambit\n|-damage|p2a: Kingambit|30\/100\n|cant|p2a: Kingambit|flinch\n|\n|upkeep\n|turn|17\n|\n|t:|1699882055\n|move|p1a: Dun Dun Dun|Glare|p2a: Kingambit\n|-status|p2a: Kingambit|par\n|cant|p2a: Kingambit|par\n|\n|upkeep\n|turn|18\n|\n|t:|1699882058\n|move|p1a: Dun Dun Dun|Coil|p1a: Dun Dun Dun\n|-boost|p1a: Dun Dun Dun|atk|1\n|-boost|p1a: Dun Dun Dun|def|1\n|-boost|p1a: Dun Dun Dun|accuracy|1\n|move|p2a: Kingambit|Guillotine|p1a: Dun Dun Dun|[miss]\n|-miss|p2a: Kingambit|p1a: Dun Dun Dun\n|\n|upkeep\n|turn|19\n|\n|t:|1699882064\n|move|p1a: Dun Dun Dun|Headbutt|p2a: Kingambit\n|-resisted|p2a: Kingambit\n|-damage|p2a: Kingambit|17\/100 par\n|cant|p2a: Kingambit|flinch\n|\n|upkeep\n|turn|20\n|\n|t:|1699882067\n|move|p1a: Dun Dun Dun|Headbutt|p2a: Kingambit\n|-resisted|p2a: Kingambit\n|-damage|p2a: Kingambit|5\/100 par\n|cant|p2a: Kingambit|flinch\n|\n|upkeep\n|turn|21\n|\n|t:|1699882071\n|move|p1a: Dun Dun Dun|Headbutt|p2a: Kingambit\n|-resisted|p2a: Kingambit\n|-damage|p2a: Kingambit|0 fnt\n|faint|p2a: Kingambit\n|\n|upkeep\n|\n|t:|1699882074\n|switch|p2a: Kingambit|Kingambit, M|100\/100\n|-damage|p2a: Kingambit|94\/100|[from] Stealth Rock\n|-activate|p2a: Kingambit|ability: Supreme Overlord\n|-start|p2a: Kingambit|fallen4|[silent]\n|turn|22\n|\n|t:|1699882078\n|move|p1a: Dun Dun Dun|Glare|p2a: Kingambit\n|-status|p2a: Kingambit|par\n|move|p2a: Kingambit|Guillotine|p1a: Dun Dun Dun|[miss]\n|-miss|p2a: Kingambit|p1a: Dun Dun Dun\n|\n|upkeep\n|turn|23\n|\n|t:|1699882082\n|move|p1a: Dun Dun Dun|Coil|p1a: Dun Dun Dun\n|-boost|p1a: Dun Dun Dun|atk|1\n|-boost|p1a: Dun Dun Dun|def|1\n|-boost|p1a: Dun Dun Dun|accuracy|1\n|move|p2a: Kingambit|Guillotine|p1a: Dun Dun Dun\n|-damage|p1a: Dun Dun Dun|0 fnt\n|faint|p1a: Dun Dun Dun\n|-ohko\n|\n|upkeep\n|\n|t:|1699882084\n|switch|p1a: Scissors|Scizor, M|100\/100\n|turn|24\n|\n|t:|1699882089\n|move|p1a: Scissors|Swords Dance|p1a: Scissors\n|-boost|p1a: Scissors|atk|2\n|cant|p2a: Kingambit|par\n|\n|upkeep\n|turn|25\n|\n|t:|1699882091\n|move|p1a: Scissors|Bullet Punch|p2a: Kingambit\n|-resisted|p2a: Kingambit\n|-damage|p2a: Kingambit|66\/100 par\n|move|p2a: Kingambit|Guillotine|p1a: Scissors|[miss]\n|-miss|p2a: Kingambit|p1a: Scissors\n|\n|upkeep\n|turn|26\n|\n|t:|1699882096\n|move|p1a: Scissors|Bullet Punch|p2a: Kingambit\n|-resisted|p2a: Kingambit\n|-damage|p2a: Kingambit|36\/100 par\n|move|p2a: Kingambit|Guillotine|p1a: Scissors|[miss]\n|-miss|p2a: Kingambit|p1a: Scissors\n|\n|upkeep\n|turn|27\n|\n|t:|1699882100\n|move|p1a: Scissors|Bullet Punch|p2a: Kingambit\n|-resisted|p2a: Kingambit\n|-damage|p2a: Kingambit|6\/100 par\n|move|p2a: Kingambit|Guillotine|p1a: Scissors\n|-damage|p1a: Scissors|0 fnt\n|faint|p1a: Scissors\n|-ohko\n|\n|win|Yuanshen61\u6211\u8981\u73a9\u539f\u795e\n|raw|Tiger373slow's rating: 1224 &rarr; <strong>1197<\/strong><br \/>(-27 for losing)\n|raw|Yuanshen61\u6211\u8981\u73a9\u539f\u795e's rating: 1192 &rarr; <strong>1219<\/strong><br \/>(+27 for winning)\n","uploadtime":1699882105,"views":5,"p1id":"tiger373slow","p2id":"yuanshen61","formatid":"gen9anythinggoes","rating":1197,"private":0,"password":""}