{"id":"gen9anythinggoes-1999726201","p1":"josema_09","p2":"Jisco03","format":"[Gen 9] Anything Goes","log":"|j|\u2606josema_09\n|j|\u2606Jisco03\n|t:|1701111270\n|gametype|singles\n|player|p1|josema_09|waiter-gen4|\n|player|p2|Jisco03|lucas|\n|teamsize|p1|6\n|teamsize|p2|6\n|gen|9\n|tier|[Gen 9] Anything Goes\n|rule|HP Percentage Mod: HP is shown in percentages\n|rule|Endless Battle Clause: Forcing endless battles is banned\n|clearpoke\n|poke|p1|Roaring Moon|\n|poke|p1|Ursaluna-Bloodmoon, M|\n|poke|p1|Volcarona, M|\n|poke|p1|Grimmsnarl, M|\n|poke|p1|Corviknight, M|\n|poke|p1|Toxapex, F|\n|poke|p2|Moltres-Galar|\n|poke|p2|Empoleon, M|\n|poke|p2|Infernape, F|\n|poke|p2|Zoroark-Hisui, M|\n|poke|p2|Sylveon, F|\n|poke|p2|Jolteon, F|\n|teampreview\n|inactive|Battle timer is ON: inactive players will automatically lose when time's up. (requested by josema_09)\n|\n|t:|1701111293\n|start\n|switch|p1a: Grimmsnarl|Grimmsnarl, M|100\/100\n|switch|p2a: Empoleon|Empoleon, M|100\/100\n|turn|1\n|\n|t:|1701111303\n|move|p1a: Grimmsnarl|Light Screen|p1a: Grimmsnarl\n|-sidestart|p1: josema_09|move: Light Screen\n|move|p2a: Empoleon|Flash Cannon|p1a: Grimmsnarl\n|-supereffective|p1a: Grimmsnarl\n|-damage|p1a: Grimmsnarl|69\/100\n|\n|upkeep\n|turn|2\n|\n|t:|1701111310\n|move|p1a: Grimmsnarl|Reflect|p1a: Grimmsnarl\n|-sidestart|p1: josema_09|Reflect\n|move|p2a: Empoleon|Agility|p2a: Empoleon\n|-boost|p2a: Empoleon|spe|2\n|\n|upkeep\n|turn|3\n|\n|t:|1701111318\n|switch|p1a: Ursaluna|Ursaluna-Bloodmoon, M|100\/100\n|move|p2a: Empoleon|Flash Cannon|p1a: Ursaluna\n|-damage|p1a: Ursaluna|87\/100\n|\n|upkeep\n|turn|4\n|\n|t:|1701111326\n|move|p2a: Empoleon|Ice Beam|p1a: Ursaluna\n|-supereffective|p1a: Ursaluna\n|-damage|p1a: Ursaluna|67\/100\n|move|p1a: Ursaluna|Earth Power|p2a: Empoleon\n|-supereffective|p2a: Empoleon\n|-damage|p2a: Empoleon|0 fnt\n|faint|p2a: Empoleon\n|\n|upkeep\n|\n|t:|1701111344\n|switch|p2a: Moltres|Moltres-Galar|100\/100\n|turn|5\n|\n|t:|1701111352\n|move|p2a: Moltres|Hurricane|p1a: Ursaluna\n|-damage|p1a: Ursaluna|51\/100\n|move|p1a: Ursaluna|Blood Moon|p2a: Moltres\n|-damage|p2a: Moltres|43\/100\n|-ability|p2a: Moltres|Berserk|boost\n|-boost|p2a: Moltres|spa|1\n|\n|upkeep\n|turn|6\n|\n|t:|1701111367\n|switch|p1a: Toxapex|Toxapex, F|100\/100\n|move|p2a: Moltres|Fiery Wrath|p1a: Toxapex\n|-damage|p1a: Toxapex|85\/100\n|\n|-heal|p1a: Toxapex|91\/100|[from] item: Black Sludge\n|upkeep\n|turn|7\n|\n|t:|1701111381\n|switch|p2a: Jolteon|Jolteon, F|100\/100\n|move|p1a: Toxapex|Toxic|p2a: Jolteon\n|-status|p2a: Jolteon|tox\n|\n|-heal|p1a: Toxapex|97\/100|[from] item: Black Sludge\n|-damage|p2a: Jolteon|95\/100 tox|[from] psn\n|upkeep\n|turn|8\n|\n|t:|1701111392\n|-terastallize|p2a: Jolteon|Electric\n|move|p2a: Jolteon|Discharge|p1a: Toxapex\n|-supereffective|p1a: Toxapex\n|-damage|p1a: Toxapex|72\/100\n|move|p1a: Toxapex|Chilling Water|p2a: Jolteon\n|-damage|p2a: Jolteon|87\/100 tox\n|-unboost|p2a: Jolteon|atk|1\n|\n|-heal|p1a: Toxapex|78\/100|[from] item: Black Sludge\n|-damage|p2a: Jolteon|75\/100 tox|[from] psn\n|-sideend|p1: josema_09|move: Light Screen\n|upkeep\n|turn|9\n|\n|t:|1701111407\n|switch|p2a: Infernape|Infernape, F|100\/100\n|switch|p1a: Ursaluna|Ursaluna-Bloodmoon, M|51\/100\n|\n|-sideend|p1: josema_09|Reflect\n|upkeep\n|turn|10\n|\n|t:|1701111422\n|switch|p1a: Toxapex|Toxapex, F|100\/100\n|move|p2a: Infernape|Earthquake|p1a: Toxapex\n|-supereffective|p1a: Toxapex\n|-damage|p1a: Toxapex|39\/100\n|\n|-heal|p1a: Toxapex|45\/100|[from] item: Black Sludge\n|upkeep\n|turn|11\n|\n|t:|1701111433\n|switch|p1a: Corviknight|Corviknight, M|100\/100\n|-ability|p1a: Corviknight|Pressure\n|move|p2a: Infernape|Earthquake|p1a: Corviknight\n|-immune|p1a: Corviknight\n|\n|upkeep\n|turn|12\n|\n|t:|1701111445\n|switch|p2a: Sylveon|Sylveon, F|100\/100\n|move|p1a: Corviknight|U-turn|p2a: Sylveon\n|-resisted|p2a: Sylveon\n|-damage|p2a: Sylveon|88\/100\n|-damage|p1a: Corviknight|84\/100|[from] item: Rocky Helmet|[of] p2a: Sylveon\n|replace|p2a: Zoroark|Zoroark-Hisui, M\n|-end|p2a: Zoroark|Illusion\n|\n|t:|1701111473\n|switch|p1a: Grimmsnarl|Grimmsnarl, M|69\/100|[from] U-turn\n|\n|upkeep\n|turn|13\n|\n|t:|1701111496\n|move|p1a: Grimmsnarl|Light Screen|p1a: Grimmsnarl\n|-sidestart|p1: josema_09|move: Light Screen\n|move|p2a: Zoroark|Focus Blast|p1a: Grimmsnarl|[miss]\n|-miss|p2a: Zoroark|p1a: Grimmsnarl\n|\n|upkeep\n|turn|14\n|\n|t:|1701111505\n|move|p1a: Grimmsnarl|Reflect|p1a: Grimmsnarl\n|-sidestart|p1: josema_09|Reflect\n|move|p2a: Zoroark|Flamethrower|p1a: Grimmsnarl\n|-damage|p1a: Grimmsnarl|58\/100\n|\n|upkeep\n|turn|15\n|\n|t:|1701111518\n|switch|p2a: Sylveon|Sylveon, F|100\/100\n|move|p1a: Grimmsnarl|Parting Shot|p2a: Sylveon\n|-unboost|p2a: Sylveon|atk|1\n|-unboost|p2a: Sylveon|spa|1\n|\n|t:|1701111527\n|switch|p1a: Volcarona|Volcarona, M|100\/100|[from] Parting Shot\n|\n|upkeep\n|turn|16\n|\n|t:|1701111536\n|move|p1a: Volcarona|Quiver Dance|p1a: Volcarona\n|-boost|p1a: Volcarona|spa|1\n|-boost|p1a: Volcarona|spd|1\n|-boost|p1a: Volcarona|spe|1\n|move|p2a: Sylveon|Psychic|p1a: Volcarona\n|-damage|p1a: Volcarona|96\/100\n|\n|-heal|p1a: Volcarona|100\/100|[from] item: Leftovers\n|upkeep\n|turn|17\n|\n|t:|1701111561\n|switch|p2a: Infernape|Infernape, F|100\/100\n|move|p1a: Volcarona|Flamethrower|p2a: Infernape\n|-resisted|p2a: Infernape\n|-damage|p2a: Infernape|43\/100\n|\n|upkeep\n|turn|18\n|\n|t:|1701111573\n|move|p1a: Volcarona|Psychic|p2a: Infernape\n|-supereffective|p2a: Infernape\n|-damage|p2a: Infernape|0 fnt\n|faint|p2a: Infernape\n|\n|upkeep\n|\n|t:|1701111581\n|switch|p2a: Moltres|Moltres-Galar|43\/100\n|turn|19\n|\n|t:|1701111585\n|move|p1a: Volcarona|Flamethrower|p2a: Moltres\n|-crit|p2a: Moltres\n|-damage|p2a: Moltres|0 fnt\n|faint|p2a: Moltres\n|\n|upkeep\n|\n|t:|1701111594\n|switch|p2a: Jolteon|Jolteon, F, tera:Electric|75\/100 tox\n|turn|20\n|\n|t:|1701111600\n|move|p1a: Volcarona|Flamethrower|p2a: Jolteon\n|-damage|p2a: Jolteon|15\/100 tox\n|move|p2a: Jolteon|Discharge|p1a: Volcarona\n|-damage|p1a: Volcarona|88\/100\n|-status|p1a: Volcarona|par\n|\n|-heal|p1a: Volcarona|94\/100 par|[from] item: Leftovers\n|-damage|p2a: Jolteon|9\/100 tox|[from] psn\n|-sideend|p1: josema_09|move: Light Screen\n|upkeep\n|turn|21\n|\n|t:|1701111613\n|move|p2a: Jolteon|Hyper Voice|p1a: Volcarona\n|-damage|p1a: Volcarona|78\/100 par\n|move|p1a: Volcarona|Flamethrower|p2a: Jolteon\n|-damage|p2a: Jolteon|0 fnt\n|faint|p2a: Jolteon\n|\n|-heal|p1a: Volcarona|84\/100 par|[from] item: Leftovers\n|-sideend|p1: josema_09|Reflect\n|upkeep\n|\n|t:|1701111624\n|switch|p2a: Sylveon|Sylveon, F|88\/100\n|turn|22\n|\n|t:|1701111631\n|move|p2a: Sylveon|Flamethrower|p1a: Volcarona\n|-crit|p1a: Volcarona\n|-damage|p1a: Volcarona|46\/100 par\n|move|p1a: Volcarona|Flamethrower|p2a: Sylveon\n|-damage|p2a: Sylveon|0 fnt\n|replace|p2a: Zoroark|Zoroark-Hisui, M\n|-end|p2a: Zoroark|Illusion\n|faint|p2a: Zoroark\n|\n|-heal|p1a: Volcarona|52\/100 par|[from] item: Leftovers\n|upkeep\n|\n|t:|1701111642\n|switch|p2a: Sylveon|Sylveon, F|100\/100\n|turn|23\n|\n|t:|1701111647\n|move|p2a: Sylveon|Quick Attack|p1a: Volcarona\n|-resisted|p1a: Volcarona\n|-damage|p1a: Volcarona|42\/100 par\n|move|p1a: Volcarona|Flamethrower|p2a: Sylveon\n|-damage|p2a: Sylveon|43\/100\n|\n|-heal|p1a: Volcarona|48\/100 par|[from] item: Leftovers\n|-heal|p2a: Sylveon|49\/100|[from] item: Leftovers\n|upkeep\n|turn|24\n|\n|t:|1701111656\n|move|p1a: Volcarona|Flamethrower|p2a: Sylveon\n|-damage|p2a: Sylveon|0 fnt\n|faint|p2a: Sylveon\n|\n|win|josema_09\n|c|\u2606josema_09|gg\n|l|\u2606Jisco03\n","uploadtime":1701111695,"views":18,"p1id":"josema09","p2id":"jisco03","formatid":"gen9anythinggoes","rating":0,"private":0,"password":""}