{"id":"gen9anythinggoes-1997577337","p1":"ringlord","p2":"sumitvs138","format":"[Gen 9] Anything Goes","log":"|j|\u2606ringlord\n|j|\u2606sumitvs138\n|inactive|Battle timer is ON: inactive players will automatically lose when time's up.\n|t:|1700828130\n|gametype|singles\n|player|p1|ringlord|266|\n|player|p2|sumitvs138|102|\n|teamsize|p1|6\n|teamsize|p2|6\n|gen|9\n|tier|[Gen 9] Anything Goes\n|rated|Tournament battle\n|rule|HP Percentage Mod: HP is shown in percentages\n|rule|Endless Battle Clause: Forcing endless battles is banned\n|clearpoke\n|poke|p1|Arceus-Ground|\n|poke|p1|Arceus|\n|poke|p1|Ditto|\n|poke|p1|Eternatus|\n|poke|p1|Koraidon|\n|poke|p1|Miraidon|\n|poke|p2|Glimmora, F|\n|poke|p2|Calyrex-Shadow|\n|poke|p2|Basculegion, M|\n|poke|p2|Arceus|\n|poke|p2|Iron Leaves|\n|poke|p2|Miraidon|\n|teampreview\n|j| dasort\n|\n|t:|1700828151\n|start\n|switch|p1a: Eternatus|Eternatus|100\/100\n|switch|p2a: Miraidon|Miraidon|100\/100\n|-fieldstart|move: Electric Terrain|[from] ability: Hadron Engine|[of] p2a: Miraidon\n|-ability|p1a: Eternatus|Pressure\n|turn|1\n|\n|t:|1700828161\n|move|p2a: Miraidon|Volt Switch|p1a: Eternatus\n|-resisted|p1a: Eternatus\n|-damage|p1a: Eternatus|75\/100\n|\n|t:|1700828173\n|switch|p2a: Glimmora|Glimmora, F|100\/100|[from] Volt Switch\n|move|p1a: Eternatus|Dynamax Cannon|p2a: Glimmora\n|-damage|p2a: Glimmora|32\/100\n|-damage|p1a: Eternatus|65\/100|[from] item: Life Orb\n|\n|upkeep\n|turn|2\n|\n|t:|1700828197\n|move|p1a: Eternatus|Dynamax Cannon|p2a: Glimmora\n|-damage|p2a: Glimmora|0 fnt\n|faint|p2a: Glimmora\n|-damage|p1a: Eternatus|55\/100|[from] item: Life Orb\n|\n|upkeep\n|\n|t:|1700828206\n|switch|p2a: Calyrex|Calyrex-Shadow|100\/100\n|-ability|p2a: Calyrex|As One\n|-ability|p2a: Calyrex|Unnerve\n|turn|3\n|\n|t:|1700828216\n|switch|p1a: Arceus|Arceus|100\/100\n|move|p2a: Calyrex|Psyshock|p1a: Arceus\n|-damage|p1a: Arceus|69\/100\n|\n|-heal|p1a: Arceus|75\/100|[from] item: Leftovers\n|upkeep\n|turn|4\n|\n|t:|1700828230\n|switch|p2a: Arceus|Arceus|100\/100\n|move|p1a: Arceus|Stealth Rock|p2a: Arceus\n|-sidestart|p2: sumitvs138|move: Stealth Rock\n|\n|-heal|p1a: Arceus|81\/100|[from] item: Leftovers\n|upkeep\n|turn|5\n|\n|t:|1700828246\n|move|p2a: Arceus|Extreme Speed|p1a: Arceus\n|-damage|p1a: Arceus|48\/100\n|move|p1a: Arceus|Extreme Speed|p2a: Arceus\n|-damage|p2a: Arceus|70\/100\n|\n|-heal|p1a: Arceus|54\/100|[from] item: Leftovers\n|-fieldend|move: Electric Terrain\n|upkeep\n|turn|6\n|\n|t:|1700828256\n|move|p2a: Arceus|Extreme Speed|p1a: Arceus\n|-damage|p1a: Arceus|17\/100\n|move|p1a: Arceus|Extreme Speed|p2a: Arceus\n|-damage|p2a: Arceus|37\/100\n|\n|-heal|p1a: Arceus|23\/100|[from] item: Leftovers\n|upkeep\n|turn|7\n|\n|t:|1700828265\n|move|p2a: Arceus|Extreme Speed|p1a: Arceus\n|-damage|p1a: Arceus|0 fnt\n|faint|p1a: Arceus\n|\n|upkeep\n|\n|t:|1700828282\n|switch|p1a: Koraidon|Koraidon|100\/100\n|-weather|SunnyDay|[from] ability: Orichalcum Pulse|[of] p1a: Koraidon\n|-activate|p1a: Koraidon|Orichalcum Pulse|[source]\n|turn|8\n|\n|t:|1700828295\n|move|p2a: Arceus|Extreme Speed|p1a: Koraidon\n|-damage|p1a: Koraidon|54\/100\n|move|p1a: Koraidon|Flare Blitz|p2a: Arceus\n|-damage|p2a: Arceus|0 fnt\n|faint|p2a: Arceus\n|-damage|p1a: Koraidon|40\/100|[from] Recoil\n|\n|-weather|SunnyDay|[upkeep]\n|upkeep\n|\n|t:|1700828309\n|switch|p2a: Calyrex|Calyrex-Shadow|100\/100\n|-ability|p2a: Calyrex|As One\n|-ability|p2a: Calyrex|Unnerve\n|-damage|p2a: Calyrex|88\/100|[from] Stealth Rock\n|turn|9\n|inactive|sumitvs138 has 120 seconds left.\n|\n|t:|1700828334\n|move|p2a: Calyrex|Psyshock|p1a: Koraidon\n|-supereffective|p1a: Koraidon\n|-damage|p1a: Koraidon|0 fnt\n|faint|p1a: Koraidon\n|-ability|p2a: Calyrex|Grim Neigh|boost\n|-boost|p2a: Calyrex|spa|1\n|\n|-weather|SunnyDay|[upkeep]\n|upkeep\n|j| NWAlfie\n|\n|t:|1700828348\n|switch|p1a: Miraidon|Miraidon|100\/100\n|-fieldstart|move: Electric Terrain|[from] ability: Hadron Engine|[of] p1a: Miraidon\n|turn|10\n|\n|t:|1700828356\n|move|p2a: Calyrex|Psyshock|p1a: Miraidon\n|-damage|p1a: Miraidon|41\/100\n|move|p1a: Miraidon|Electro Drift|p2a: Calyrex\n|-damage|p2a: Calyrex|0 fnt\n|faint|p2a: Calyrex\n|\n|-weather|SunnyDay|[upkeep]\n|upkeep\n|\n|t:|1700828368\n|switch|p2a: Iron Leaves|Iron Leaves|100\/100\n|-damage|p2a: Iron Leaves|88\/100|[from] Stealth Rock\n|-activate|p2a: Iron Leaves|ability: Quark Drive\n|-start|p2a: Iron Leaves|quarkdriveatk\n|turn|11\n|inactive|sumitvs138 has 120 seconds left.\n|\n|t:|1700828390\n|move|p2a: Iron Leaves|Psyblade|p1a: Miraidon\n|-damage|p1a: Miraidon|0 fnt\n|faint|p1a: Miraidon\n|\n|-weather|SunnyDay|[upkeep]\n|upkeep\n|\n|t:|1700828399\n|switch|p1a: Eternatus|Eternatus|55\/100\n|-ability|p1a: Eternatus|Pressure\n|turn|12\n|\n|t:|1700828404\n|move|p2a: Iron Leaves|Psyblade|p1a: Eternatus\n|-supereffective|p1a: Eternatus\n|-damage|p1a: Eternatus|0 fnt\n|faint|p1a: Eternatus\n|\n|-weather|none\n|upkeep\n|\n|t:|1700828413\n|switch|p1a: Arceus|Arceus-Ground|100\/100\n|turn|13\n|\n|t:|1700828431\n|move|p2a: Iron Leaves|Psyblade|p1a: Arceus\n|-damage|p1a: Arceus|55\/100\n|move|p1a: Arceus|Ice Beam|p2a: Iron Leaves\n|-supereffective|p2a: Iron Leaves\n|-damage|p2a: Iron Leaves|42\/100\n|\n|upkeep\n|turn|14\n|\n|t:|1700828439\n|-end|p2a: Iron Leaves|Quark Drive|[silent]\n|switch|p2a: Basculegion|Basculegion, M|100\/100\n|-damage|p2a: Basculegion|88\/100|[from] Stealth Rock\n|move|p1a: Arceus|Recover|p1a: Arceus\n|-heal|p1a: Arceus|100\/100\n|\n|-fieldend|move: Electric Terrain\n|upkeep\n|turn|15\n|l| NWAlfie\n|\n|t:|1700828450\n|-terastallize|p1a: Arceus|Fairy\n|move|p2a: Basculegion|Last Respects|p1a: Arceus\n|-damage|p1a: Arceus|33\/100\n|move|p1a: Arceus|Judgment|p2a: Basculegion\n|-damage|p2a: Basculegion|32\/100\n|\n|upkeep\n|turn|16\n|\n|t:|1700828459\n|move|p2a: Basculegion|Last Respects|p1a: Arceus\n|-damage|p1a: Arceus|0 fnt\n|faint|p1a: Arceus\n|\n|upkeep\n|\n|t:|1700828461\n|switch|p1a: Ditto|Ditto|100\/100\n|-transform|p1a: Ditto|p2a: Basculegion|[from] ability: Imposter\n|turn|17\n|\n|t:|1700828468\n|move|p1a: Ditto|Last Respects|p2a: Basculegion\n|-supereffective|p2a: Basculegion\n|-damage|p2a: Basculegion|0 fnt\n|faint|p2a: Basculegion\n|\n|upkeep\n|\n|t:|1700828474\n|switch|p2a: Miraidon|Miraidon|100\/100\n|-damage|p2a: Miraidon|88\/100|[from] Stealth Rock\n|-fieldstart|move: Electric Terrain|[from] ability: Hadron Engine|[of] p2a: Miraidon\n|turn|18\n|\n|t:|1700828480\n|move|p2a: Miraidon|Electro Drift|p1a: Ditto\n|-supereffective|p1a: Ditto\n|-damage|p1a: Ditto|0 fnt\n|faint|p1a: Ditto\n|\n|win|sumitvs138\n|n|\u2606ringlord|ringlord\n|n|\u2606sumitvs138|sumitvs138\n|n| dasort|dasort\n","uploadtime":1700828481,"views":0,"p1id":"ringlord","p2id":"sumitvs138","formatid":"gen9anythinggoes","rating":0,"private":0,"password":""}