{"id":"gen9anythinggoes-1999263175","p1":"Claxxical","p2":"LingLing007","format":"[Gen 9] Anything Goes","log":"|j|\u2606Claxxical\n|j|\u2606LingLing007\n|t:|1701052305\n|gametype|singles\n|player|p1|Claxxical|marshal|1138\n|player|p2|LingLing007|proton|1240\n|teamsize|p1|6\n|teamsize|p2|6\n|gen|9\n|tier|[Gen 9] Anything Goes\n|rated|\n|rule|HP Percentage Mod: HP is shown in percentages\n|rule|Endless Battle Clause: Forcing endless battles is banned\n|clearpoke\n|poke|p1|Corviknight, F|\n|poke|p1|Chien-Pao|\n|poke|p1|Trevenant, F|\n|poke|p1|Kommo-o, F|\n|poke|p1|Toxapex, M|\n|poke|p1|Iron Valiant|\n|poke|p2|Hydreigon, M|\n|poke|p2|Grimmsnarl, M|\n|poke|p2|Kingambit, M|\n|poke|p2|Sableye, M|\n|poke|p2|Lokix, F|\n|poke|p2|Skuntank, M|\n|teampreview\n|inactive|Battle timer is ON: inactive players will automatically lose when time's up. (requested by LingLing007)\n|\n|t:|1701052318\n|start\n|switch|p1a: Iron Valiant|Iron Valiant, shiny|100\/100\n|switch|p2a: Grimmsnarl|Grimmsnarl, M|100\/100\n|-enditem|p1a: Iron Valiant|Booster Energy\n|-activate|p1a: Iron Valiant|ability: Quark Drive|[fromitem]\n|-start|p1a: Iron Valiant|quarkdrivespe\n|turn|1\n|\n|t:|1701052325\n|move|p2a: Grimmsnarl|Parting Shot|p1a: Iron Valiant\n|-unboost|p1a: Iron Valiant|atk|1\n|-unboost|p1a: Iron Valiant|spa|1\n|\n|t:|1701052330\n|switch|p2a: Sableye|Sableye, M|100\/100|[from] Parting Shot\n|move|p1a: Iron Valiant|Swords Dance|p1a: Iron Valiant\n|-boost|p1a: Iron Valiant|atk|2\n|\n|upkeep\n|turn|2\n|\n|t:|1701052336\n|move|p2a: Sableye|Encore|p1a: Iron Valiant\n|-start|p1a: Iron Valiant|Encore\n|move|p1a: Iron Valiant|Swords Dance|p1a: Iron Valiant\n|-boost|p1a: Iron Valiant|atk|2\n|\n|upkeep\n|turn|3\n|inactive|LingLing007 has 120 seconds left.\n|\n|t:|1701052371\n|switch|p2a: Kingambit|Kingambit, M|100\/100\n|move|p1a: Iron Valiant|Swords Dance|p1a: Iron Valiant\n|-boost|p1a: Iron Valiant|atk|2\n|\n|upkeep\n|turn|4\n|\n|t:|1701052387\n|-terastallize|p1a: Iron Valiant|Steel\n|move|p1a: Iron Valiant|Swords Dance|p1a: Iron Valiant\n|-boost|p1a: Iron Valiant|atk|1\n|move|p2a: Kingambit|Iron Head|p1a: Iron Valiant\n|-resisted|p1a: Iron Valiant\n|-damage|p1a: Iron Valiant|68\/100\n|\n|-end|p1a: Iron Valiant|Encore\n|upkeep\n|turn|5\n|c|\u2606Claxxical|oh no\n|\n|t:|1701052403\n|-end|p2a: Kingambit|fallenundefined|[silent]\n|switch|p2a: Sableye|Sableye, M|100\/100\n|move|p1a: Iron Valiant|Spirit Break|p2a: Sableye\n|-supereffective|p2a: Sableye\n|-damage|p2a: Sableye|0 fnt\n|faint|p2a: Sableye\n|\n|upkeep\n|\n|t:|1701052409\n|switch|p2a: Grimmsnarl|Grimmsnarl, M|100\/100\n|turn|6\n|\n|t:|1701052414\n|move|p2a: Grimmsnarl|Reflect|p2a: Grimmsnarl\n|-sidestart|p2: LingLing007|Reflect\n|move|p1a: Iron Valiant|Knock Off|p2a: Grimmsnarl\n|-resisted|p2a: Grimmsnarl\n|-damage|p2a: Grimmsnarl|85\/100\n|-enditem|p2a: Grimmsnarl|Light Clay|[from] move: Knock Off|[of] p1a: Iron Valiant\n|\n|upkeep\n|turn|7\n|\n|t:|1701052422\n|move|p2a: Grimmsnarl|Parting Shot|p1a: Iron Valiant\n|-unboost|p1a: Iron Valiant|atk|1\n|-unboost|p1a: Iron Valiant|spa|1\n|\n|t:|1701052424\n|switch|p2a: Skuntank|Skuntank, M|100\/100|[from] Parting Shot\n|move|p1a: Iron Valiant|Spirit Break|p2a: Skuntank\n|-damage|p2a: Skuntank|38\/100\n|-unboost|p2a: Skuntank|spa|1\n|-damage|p1a: Iron Valiant|52\/100|[from] item: Rocky Helmet|[of] p2a: Skuntank\n|\n|upkeep\n|turn|8\n|\n|t:|1701052434\n|move|p1a: Iron Valiant|Spirit Break|p2a: Skuntank\n|-damage|p2a: Skuntank|0 fnt\n|-damage|p1a: Iron Valiant|27\/100|[from] ability: Aftermath|[of] p2a: Skuntank\n|-damage|p1a: Iron Valiant|10\/100|[from] item: Rocky Helmet|[of] p2a: Skuntank\n|faint|p2a: Skuntank\n|\n|upkeep\n|\n|t:|1701052439\n|switch|p2a: Lokix|Lokix, F|100\/100\n|turn|9\n|\n|t:|1701052444\n|move|p2a: Lokix|First Impression|p1a: Iron Valiant\n|-resisted|p1a: Iron Valiant\n|-damage|p1a: Iron Valiant|0 fnt\n|faint|p1a: Iron Valiant\n|-end|p1a: Iron Valiant|Quark Drive|[silent]\n|\n|upkeep\n|\n|t:|1701052451\n|switch|p1a: Trevenant|Trevenant, F|100\/100\n|turn|10\n|\n|t:|1701052461\n|move|p2a: Lokix|U-turn|p1a: Trevenant\n|-damage|p1a: Trevenant|63\/100\n|\n|t:|1701052465\n|switch|p2a: Hydreigon|Hydreigon, M|100\/100|[from] U-turn\n|move|p1a: Trevenant|Toxic|p2a: Hydreigon\n|-status|p2a: Hydreigon|tox\n|\n|-damage|p2a: Hydreigon|94\/100 tox|[from] psn\n|upkeep\n|turn|11\n|\n|t:|1701052473\n|move|p1a: Trevenant|Protect|p1a: Trevenant\n|-singleturn|p1a: Trevenant|Protect\n|move|p2a: Hydreigon|Nasty Plot|p2a: Hydreigon\n|-boost|p2a: Hydreigon|spa|2\n|\n|-heal|p2a: Hydreigon|100\/100 tox|[from] item: Leftovers\n|-damage|p2a: Hydreigon|88\/100 tox|[from] psn\n|upkeep\n|turn|12\n|\n|t:|1701052477\n|move|p2a: Hydreigon|Dark Pulse|p1a: Trevenant\n|-supereffective|p1a: Trevenant\n|-damage|p1a: Trevenant|0 fnt\n|faint|p1a: Trevenant\n|\n|-heal|p2a: Hydreigon|94\/100 tox|[from] item: Leftovers\n|-damage|p2a: Hydreigon|76\/100 tox|[from] psn\n|upkeep\n|\n|t:|1701052491\n|switch|p1a: Toxapex|Toxapex, M, shiny|100\/100\n|turn|13\n|\n|t:|1701052493\n|move|p2a: Hydreigon|Dark Pulse|p1a: Toxapex\n|-damage|p1a: Toxapex|39\/100\n|move|p1a: Toxapex|Haze|p1a: Toxapex\n|-clearallboost\n|\n|-heal|p2a: Hydreigon|82\/100 tox|[from] item: Leftovers\n|-damage|p2a: Hydreigon|57\/100 tox|[from] psn\n|-sideend|p2: LingLing007|Reflect\n|upkeep\n|turn|14\n|\n|t:|1701052500\n|switch|p1a: Corviknight|Corviknight, F|100\/100\n|move|p2a: Hydreigon|Dark Pulse|p1a: Corviknight\n|-damage|p1a: Corviknight|69\/100\n|\n|-heal|p2a: Hydreigon|64\/100 tox|[from] item: Leftovers\n|-heal|p1a: Corviknight|75\/100|[from] item: Leftovers\n|-damage|p2a: Hydreigon|33\/100 tox|[from] psn\n|upkeep\n|turn|15\n|\n|t:|1701052510\n|move|p2a: Hydreigon|Flamethrower|p1a: Corviknight\n|-supereffective|p1a: Corviknight\n|-damage|p1a: Corviknight|30\/100\n|move|p1a: Corviknight|Bulk Up|p1a: Corviknight\n|-boost|p1a: Corviknight|atk|1\n|-boost|p1a: Corviknight|def|1\n|\n|-heal|p2a: Hydreigon|39\/100 tox|[from] item: Leftovers\n|-heal|p1a: Corviknight|36\/100|[from] item: Leftovers\n|-damage|p2a: Hydreigon|2\/100 tox|[from] psn\n|upkeep\n|turn|16\n|\n|t:|1701052521\n|move|p2a: Hydreigon|Flamethrower|p1a: Corviknight\n|-supereffective|p1a: Corviknight\n|-damage|p1a: Corviknight|0 fnt\n|faint|p1a: Corviknight\n|\n|-heal|p2a: Hydreigon|8\/100 tox|[from] item: Leftovers\n|-damage|p2a: Hydreigon|0 fnt|[from] psn\n|faint|p2a: Hydreigon\n|upkeep\n|\n|t:|1701052534\n|switch|p2a: Lokix|Lokix, F|100\/100\n|switch|p1a: Toxapex|Toxapex, M, shiny|72\/100\n|turn|17\n|\n|t:|1701052539\n|move|p2a: Lokix|First Impression|p1a: Toxapex\n|-resisted|p1a: Toxapex\n|-damage|p1a: Toxapex|46\/100\n|move|p1a: Toxapex|Toxic|p2a: Lokix\n|-status|p2a: Lokix|tox\n|\n|-damage|p2a: Lokix|94\/100 tox|[from] psn\n|upkeep\n|turn|18\n|\n|t:|1701052547\n|move|p2a: Lokix|U-turn|p1a: Toxapex\n|-resisted|p1a: Toxapex\n|-damage|p1a: Toxapex|24\/100\n|\n|t:|1701052551\n|switch|p2a: Grimmsnarl|Grimmsnarl, M|85\/100|[from] U-turn\n|move|p1a: Toxapex|Recover|p1a: Toxapex\n|-heal|p1a: Toxapex|74\/100\n|\n|upkeep\n|turn|19\n|\n|t:|1701052559\n|move|p2a: Grimmsnarl|Reflect|p2a: Grimmsnarl\n|-sidestart|p2: LingLing007|Reflect\n|move|p1a: Toxapex|Infestation|p2a: Grimmsnarl\n|-damage|p2a: Grimmsnarl|82\/100\n|-activate|p2a: Grimmsnarl|move: Infestation|[of] p1a: Toxapex\n|\n|-damage|p2a: Grimmsnarl|70\/100|[from] move: Infestation|[partiallytrapped]\n|upkeep\n|turn|20\n|\n|t:|1701052564\n|move|p2a: Grimmsnarl|Parting Shot|p1a: Toxapex\n|-unboost|p1a: Toxapex|atk|1\n|-unboost|p1a: Toxapex|spa|1\n|\n|t:|1701052566\n|switch|p2a: Kingambit|Kingambit, M|100\/100|[from] Parting Shot\n|-activate|p2a: Kingambit|ability: Supreme Overlord\n|-start|p2a: Kingambit|fallen3|[silent]\n|move|p1a: Toxapex|Toxic|p2a: Kingambit\n|-immune|p2a: Kingambit\n|\n|upkeep\n|turn|21\n|\n|t:|1701052585\n|move|p2a: Kingambit|Swords Dance|p2a: Kingambit\n|-boost|p2a: Kingambit|atk|2\n|move|p1a: Toxapex|Recover|p1a: Toxapex\n|-heal|p1a: Toxapex|100\/100\n|\n|upkeep\n|turn|22\n|\n|t:|1701052590\n|move|p2a: Kingambit|Kowtow Cleave|p1a: Toxapex\n|-damage|p1a: Toxapex|16\/100\n|move|p1a: Toxapex|Haze|p1a: Toxapex\n|-clearallboost\n|\n|upkeep\n|turn|23\n|\n|t:|1701052599\n|switch|p1a: Chien-Pao|Chien-Pao|100\/100\n|-ability|p1a: Chien-Pao|Sword of Ruin\n|move|p2a: Kingambit|Kowtow Cleave|p1a: Chien-Pao\n|-resisted|p1a: Chien-Pao\n|-damage|p1a: Chien-Pao|53\/100\n|\n|-sideend|p2: LingLing007|Reflect\n|upkeep\n|turn|24\n|\n|t:|1701052603\n|move|p1a: Chien-Pao|Icicle Crash|p2a: Kingambit|[miss]\n|-miss|p1a: Chien-Pao|p2a: Kingambit\n|move|p2a: Kingambit|Iron Head|p1a: Chien-Pao\n|-supereffective|p1a: Chien-Pao\n|-damage|p1a: Chien-Pao|0 fnt\n|faint|p1a: Chien-Pao\n|\n|upkeep\n|\n|t:|1701052606\n|switch|p1a: Toxapex|Toxapex, M, shiny|50\/100\n|turn|25\n|\n|t:|1701052624\n|-end|p2a: Kingambit|fallen3|[silent]\n|switch|p2a: Grimmsnarl|Grimmsnarl, M|70\/100\n|move|p1a: Toxapex|Infestation|p2a: Grimmsnarl\n|-damage|p2a: Grimmsnarl|67\/100\n|-activate|p2a: Grimmsnarl|move: Infestation|[of] p1a: Toxapex\n|\n|-damage|p2a: Grimmsnarl|54\/100|[from] move: Infestation|[partiallytrapped]\n|upkeep\n|turn|26\n|\n|t:|1701052633\n|move|p2a: Grimmsnarl|Reflect|p2a: Grimmsnarl\n|-sidestart|p2: LingLing007|Reflect\n|move|p1a: Toxapex|Toxic|p2a: Grimmsnarl\n|-status|p2a: Grimmsnarl|tox\n|\n|-damage|p2a: Grimmsnarl|48\/100 tox|[from] psn\n|-damage|p2a: Grimmsnarl|36\/100 tox|[from] move: Infestation|[partiallytrapped]\n|upkeep\n|turn|27\n|\n|t:|1701052640\n|move|p2a: Grimmsnarl|Parting Shot|p1a: Toxapex\n|-unboost|p1a: Toxapex|atk|1\n|-unboost|p1a: Toxapex|spa|1\n|\n|t:|1701052643\n|switch|p2a: Kingambit|Kingambit, M|100\/100|[from] Parting Shot\n|-activate|p2a: Kingambit|ability: Supreme Overlord\n|-start|p2a: Kingambit|fallen3|[silent]\n|move|p1a: Toxapex|Recover|p1a: Toxapex\n|-heal|p1a: Toxapex|99\/100\n|\n|upkeep\n|turn|28\n|\n|t:|1701052659\n|move|p2a: Kingambit|Kowtow Cleave|p1a: Toxapex\n|-damage|p1a: Toxapex|62\/100\n|move|p1a: Toxapex|Infestation|p2a: Kingambit\n|-damage|p2a: Kingambit|99\/100\n|-activate|p2a: Kingambit|move: Infestation|[of] p1a: Toxapex\n|\n|-heal|p2a: Kingambit|100\/100|[from] item: Leftovers\n|-damage|p2a: Kingambit|88\/100|[from] move: Infestation|[partiallytrapped]\n|upkeep\n|turn|29\n|\n|t:|1701052665\n|move|p2a: Kingambit|Swords Dance|p2a: Kingambit\n|-boost|p2a: Kingambit|atk|2\n|move|p1a: Toxapex|Recover|p1a: Toxapex\n|-heal|p1a: Toxapex|100\/100\n|\n|-heal|p2a: Kingambit|94\/100|[from] item: Leftovers\n|-damage|p2a: Kingambit|82\/100|[from] move: Infestation|[partiallytrapped]\n|upkeep\n|turn|30\n|\n|t:|1701052670\n|move|p2a: Kingambit|Kowtow Cleave|p1a: Toxapex\n|-damage|p1a: Toxapex|17\/100\n|move|p1a: Toxapex|Haze|p1a: Toxapex\n|-clearallboost\n|\n|-heal|p2a: Kingambit|88\/100|[from] item: Leftovers\n|-damage|p2a: Kingambit|76\/100|[from] move: Infestation|[partiallytrapped]\n|-sideend|p2: LingLing007|Reflect\n|upkeep\n|turn|31\n|\n|t:|1701052680\n|switch|p1a: Kommo-o|Kommo-o, F|100\/100\n|move|p2a: Kingambit|Kowtow Cleave|p1a: Kommo-o\n|-resisted|p1a: Kommo-o\n|-damage|p1a: Kommo-o|71\/100\n|\n|-heal|p2a: Kingambit|82\/100|[from] item: Leftovers\n|-end|p2a: Kingambit|Infestation|[partiallytrapped]|[silent]\n|upkeep\n|turn|32\n|\n|t:|1701052684\n|-end|p2a: Kingambit|fallen3|[silent]\n|switch|p2a: Grimmsnarl|Grimmsnarl, M|36\/100 tox\n|move|p1a: Kommo-o|Drain Punch|p2a: Grimmsnarl\n|-damage|p2a: Grimmsnarl|14\/100 tox\n|-heal|p1a: Kommo-o|86\/100|[from] drain|[of] p2a: Grimmsnarl\n|\n|-damage|p2a: Grimmsnarl|8\/100 tox|[from] psn\n|upkeep\n|turn|33\n|\n|t:|1701052694\n|move|p2a: Grimmsnarl|Reflect|p2a: Grimmsnarl\n|-sidestart|p2: LingLing007|Reflect\n|move|p1a: Kommo-o|Clangorous Soul|p1a: Kommo-o\n|-boost|p1a: Kommo-o|atk|1\n|-boost|p1a: Kommo-o|def|1\n|-boost|p1a: Kommo-o|spa|1\n|-boost|p1a: Kommo-o|spd|1\n|-boost|p1a: Kommo-o|spe|1\n|-damage|p1a: Kommo-o|53\/100\n|-enditem|p1a: Kommo-o|Throat Spray\n|-boost|p1a: Kommo-o|spa|1|[from] item: Throat Spray\n|\n|-damage|p2a: Grimmsnarl|0 fnt|[from] psn\n|faint|p2a: Grimmsnarl\n|upkeep\n|\n|t:|1701052698\n|switch|p2a: Kingambit|Kingambit, M|82\/100\n|-activate|p2a: Kingambit|ability: Supreme Overlord\n|-start|p2a: Kingambit|fallen4|[silent]\n|turn|34\n|\n|t:|1701052705\n|-terastallize|p2a: Kingambit|Dark\n|move|p1a: Kommo-o|Drain Punch|p2a: Kingambit\n|-supereffective|p2a: Kingambit\n|-damage|p2a: Kingambit|55\/100\n|-heal|p1a: Kommo-o|71\/100|[from] drain|[of] p2a: Kingambit\n|move|p2a: Kingambit|Swords Dance|p2a: Kingambit\n|-boost|p2a: Kingambit|atk|2\n|\n|-heal|p2a: Kingambit|61\/100|[from] item: Leftovers\n|upkeep\n|turn|35\n|\n|t:|1701052714\n|switch|p1a: Toxapex|Toxapex, M, shiny|50\/100\n|move|p2a: Kingambit|Iron Head|p1a: Toxapex\n|-resisted|p1a: Toxapex\n|-damage|p1a: Toxapex|8\/100\n|\n|-heal|p2a: Kingambit|67\/100|[from] item: Leftovers\n|upkeep\n|turn|36\n|\n|t:|1701052719\n|move|p2a: Kingambit|Kowtow Cleave|p1a: Toxapex\n|-damage|p1a: Toxapex|0 fnt\n|faint|p1a: Toxapex\n|\n|-heal|p2a: Kingambit|74\/100|[from] item: Leftovers\n|upkeep\n|\n|t:|1701052721\n|switch|p1a: Kommo-o|Kommo-o, F|71\/100\n|turn|37\n|\n|t:|1701052727\n|move|p1a: Kommo-o|Drain Punch|p2a: Kingambit\n|-supereffective|p2a: Kingambit\n|-damage|p2a: Kingambit|56\/100\n|-heal|p1a: Kommo-o|83\/100|[from] drain|[of] p2a: Kingambit\n|move|p2a: Kingambit|Kowtow Cleave|p1a: Kommo-o\n|-resisted|p1a: Kommo-o\n|-damage|p1a: Kommo-o|0 fnt\n|faint|p1a: Kommo-o\n|\n|win|LingLing007\n|raw|Claxxical's rating: 1138 &rarr; <strong>1120<\/strong><br \/>(-18 for losing)\n|raw|LingLing007's rating: 1240 &rarr; <strong>1258<\/strong><br \/>(+18 for winning)\n|c|\u2606LingLing007|gg\n","uploadtime":1701052734,"views":1,"p1id":"claxxical","p2id":"lingling007","formatid":"gen9anythinggoes","rating":1120,"private":0,"password":""}