{"id":"gen9anythinggoes-1988011293","p1":"tuttyliketurt","p2":"myusernamesyes","format":"[Gen 9] Anything Goes","log":"|j|\u2606tuttyliketurt\n|j|\u2606myusernamesyes\n|t:|1699658919\n|gametype|singles\n|player|p1|tuttyliketurt|170|1029\n|player|p2|myusernamesyes|nate|1049\n|teamsize|p1|3\n|teamsize|p2|6\n|gen|9\n|tier|[Gen 9] Anything Goes\n|rated|\n|rule|HP Percentage Mod: HP is shown in percentages\n|rule|Endless Battle Clause: Forcing endless battles is banned\n|clearpoke\n|poke|p1|Hatterene, F|\n|poke|p1|Annihilape, F|\n|poke|p1|Maushold-Four|\n|poke|p2|Corviknight, F|\n|poke|p2|Koraidon|\n|poke|p2|Ogerpon-Hearthflame, F|\n|poke|p2|Skeledirge, M|\n|poke|p2|Quaquaval, F|\n|poke|p2|Mewtwo|\n|teampreview\n|\n|t:|1699658944\n|start\n|switch|p1a: Hatterene|Hatterene, F|100\/100\n|switch|p2a: Cupcake|Mewtwo, shiny|100\/100\n|-ability|p2a: Cupcake|Pressure\n|turn|1\n|c|\u2606myusernamesyes|Hi\n|c|\u2606tuttyliketurt|hey\n|\n|t:|1699658972\n|move|p2a: Cupcake|Psystrike|p1a: Hatterene\n|-resisted|p1a: Hatterene\n|-damage|p1a: Hatterene|53\/100\n|move|p1a: Hatterene|Substitute|p1a: Hatterene\n|-start|p1a: Hatterene|Substitute\n|-damage|p1a: Hatterene|29\/100\n|\n|-heal|p1a: Hatterene|35\/100|[from] item: Leftovers\n|upkeep\n|turn|2\n|\n|t:|1699658984\n|move|p2a: Cupcake|Life Dew||[still]\n|-fail|p2a: Cupcake|heal\n|move|p1a: Hatterene|Calm Mind|p1a: Hatterene\n|-boost|p1a: Hatterene|spa|1\n|-boost|p1a: Hatterene|spd|1\n|\n|-heal|p1a: Hatterene|40\/100|[from] item: Leftovers\n|upkeep\n|turn|3\n|\n|t:|1699658994\n|move|p2a: Cupcake|Psyshock|p1a: Hatterene\n|-resisted|p1a: Hatterene\n|-end|p1a: Hatterene|Substitute\n|move|p1a: Hatterene|Calm Mind|p1a: Hatterene\n|-boost|p1a: Hatterene|spa|1\n|-boost|p1a: Hatterene|spd|1\n|\n|-heal|p1a: Hatterene|46\/100|[from] item: Leftovers\n|upkeep\n|turn|4\n|\n|t:|1699659004\n|move|p2a: Cupcake|Psystrike|p1a: Hatterene\n|-resisted|p1a: Hatterene\n|-damage|p1a: Hatterene|0 fnt\n|faint|p1a: Hatterene\n|\n|upkeep\n|\n|t:|1699659009\n|switch|p1a: Maushold|Maushold-Four|100\/100\n|turn|5\n|\n|t:|1699659012\n|move|p1a: Maushold|Baton Pass|p1a: Maushold\n|\n|t:|1699659014\n|switch|p1a: Annihilape|Annihilape, F|100\/100|[from] Baton Pass\n|move|p2a: Cupcake|Psystrike|p1a: Annihilape\n|-supereffective|p1a: Annihilape\n|-damage|p1a: Annihilape|0 fnt\n|faint|p1a: Annihilape\n|\n|upkeep\n|-message|tuttyliketurt forfeited.\n|\n|win|myusernamesyes\n|raw|tuttyliketurt's rating: 1029 &rarr; <strong>1015<\/strong><br \/>(-14 for losing)\n|raw|myusernamesyes's rating: 1049 &rarr; <strong>1080<\/strong><br \/>(+31 for winning)\n|l|\u2606tuttyliketurt\n","uploadtime":1699659112,"views":16,"p1id":"tuttyliketurt","p2id":"myusernamesyes","formatid":"gen9anythinggoes","rating":1015,"private":0,"password":""}