{"id":"gen9anythinggoes-1984196635","p1":"Ceddo","p2":"rugbeh","format":"[Gen 9] Anything Goes","log":"|j|\u2606Ceddo\n|j|\u2606rugbeh\n|t:|1699229018\n|gametype|singles\n|player|p1|Ceddo|ethan|1198\n|player|p2|rugbeh|266|1245\n|teamsize|p1|6\n|teamsize|p2|6\n|gen|9\n|tier|[Gen 9] Anything Goes\n|rated|\n|rule|HP Percentage Mod: HP is shown in percentages\n|rule|Endless Battle Clause: Forcing endless battles is banned\n|clearpoke\n|poke|p1|Staraptor, M|\n|poke|p1|Scizor, F|\n|poke|p1|Gengar, M|\n|poke|p1|Jolteon, F|\n|poke|p1|Heracross, F|\n|poke|p1|Magneton|\n|poke|p2|Calyrex-Shadow|\n|poke|p2|Regieleki|\n|poke|p2|Urshifu-*, M|\n|poke|p2|Zacian-*|\n|poke|p2|Kyogre|\n|poke|p2|Giratina-Origin|\n|teampreview\n|c|\u2606Ceddo|oh no\n|c|\u2606Ceddo|glhf\n|\n|t:|1699229050\n|start\n|switch|p1a: Gengar|Gengar, M|100\/100\n|switch|p2a: Calyrex|Calyrex-Shadow|100\/100\n|-ability|p2a: Calyrex|As One\n|-ability|p2a: Calyrex|Unnerve\n|turn|1\n|\n|t:|1699229059\n|move|p2a: Calyrex|Astral Barrage|p1a: Gengar\n|-supereffective|p1a: Gengar\n|-damage|p1a: Gengar|0 fnt\n|faint|p1a: Gengar\n|-ability|p2a: Calyrex|Grim Neigh|boost\n|-boost|p2a: Calyrex|spa|1\n|\n|upkeep\n|\n|t:|1699229080\n|switch|p1a: genga|Scizor, F|100\/100\n|turn|2\n|\n|t:|1699229085\n|move|p2a: Calyrex|Astral Barrage|p1a: genga\n|-damage|p1a: genga|0 fnt\n|faint|p1a: genga\n|-ability|p2a: Calyrex|Grim Neigh|boost\n|-boost|p2a: Calyrex|spa|1\n|\n|upkeep\n|inactive|Battle timer is ON: inactive players will automatically lose when time's up. (requested by rugbeh)\n|\n|t:|1699229100\n|switch|p1a: Staraptor|Staraptor, M|100\/100\n|turn|3\n|\n|t:|1699229105\n|move|p2a: Calyrex|Psychic|p1a: Staraptor\n|-damage|p1a: Staraptor|0 fnt\n|faint|p1a: Staraptor\n|-ability|p2a: Calyrex|Grim Neigh|boost\n|-boost|p2a: Calyrex|spa|1\n|\n|upkeep\n|\n|t:|1699229115\n|switch|p1a: Jolteon|Jolteon, F|100\/100\n|turn|4\n|\n|t:|1699229119\n|move|p2a: Calyrex|Astral Barrage|p1a: Jolteon\n|-damage|p1a: Jolteon|0 fnt\n|faint|p1a: Jolteon\n|-ability|p2a: Calyrex|Grim Neigh|boost\n|-boost|p2a: Calyrex|spa|1\n|\n|upkeep\n|\n|t:|1699229127\n|switch|p1a: Heracross|Heracross, F|100\/100\n|turn|5\n|\n|t:|1699229131\n|move|p2a: Calyrex|Psychic|p1a: Heracross\n|-supereffective|p1a: Heracross\n|-damage|p1a: Heracross|0 fnt\n|faint|p1a: Heracross\n|-ability|p2a: Calyrex|Grim Neigh|boost\n|-boost|p2a: Calyrex|spa|1\n|\n|upkeep\n|\n|t:|1699229137\n|switch|p1a: Magneton|Magneton|100\/100\n|turn|6\n|\n|t:|1699229144\n|move|p2a: Calyrex|Astral Barrage|p1a: Magneton\n|-damage|p1a: Magneton|0 fnt\n|faint|p1a: Magneton\n|\n|win|rugbeh\n|raw|Ceddo's rating: 1198 &rarr; <strong>1176<\/strong><br \/>(-22 for losing)\n|raw|rugbeh's rating: 1245 &rarr; <strong>1267<\/strong><br \/>(+22 for winning)\n","uploadtime":1699229155,"views":5,"p1id":"ceddo","p2id":"rugbeh","formatid":"gen9anythinggoes","rating":1176,"private":0,"password":""}