{"id":"gen9anythinggoes-1997273893","p1":"Koibitio","p2":"Sammias","format":"[Gen 9] Anything Goes","log":"|j|\u203dKoibitio\n|j|\u2606Sammias\n|t:|1700783248\n|gametype|singles\n|player|p1|Koibitio|buck|1500\n|player|p2|Sammias|swimmerf-gen4dp|1393\n|teamsize|p1|6\n|teamsize|p2|6\n|gen|9\n|tier|[Gen 9] Anything Goes\n|rated|\n|rule|HP Percentage Mod: HP is shown in percentages\n|rule|Endless Battle Clause: Forcing endless battles is banned\n|clearpoke\n|poke|p1|Koraidon|\n|poke|p1|Flutter Mane|\n|poke|p1|Torkoal, F|\n|poke|p1|Chi-Yu|\n|poke|p1|Lilligant-Hisui, F|\n|poke|p1|Maushold-Four|\n|poke|p2|Quaquaval, M|\n|poke|p2|Quagsire, F|\n|poke|p2|Zacian-*|\n|poke|p2|Glimmora, M|\n|poke|p2|Calyrex-Shadow|\n|poke|p2|Breloom, F|\n|teampreview\n|j| azhduha\n|l| azhduha\n|\n|t:|1700783264\n|start\n|switch|p1a: Torkoal|Torkoal, F, shiny|100\/100\n|switch|p2a: steps on u cutely|Quaquaval, M|100\/100\n|-weather|SunnyDay|[from] ability: Drought|[of] p1a: Torkoal\n|turn|1\n|\n|t:|1700783271\n|move|p2a: steps on u cutely|Aqua Step|p1a: Torkoal\n|-supereffective|p1a: Torkoal\n|-damage|p1a: Torkoal|79\/100\n|-boost|p2a: steps on u cutely|spe|1\n|move|p1a: Torkoal|Yawn|p2a: steps on u cutely\n|-start|p2a: steps on u cutely|move: Yawn|[of] p1a: Torkoal\n|\n|-weather|SunnyDay|[upkeep]\n|upkeep\n|turn|2\n|\n|t:|1700783284\n|move|p2a: steps on u cutely|Close Combat|p1a: Torkoal\n|-damage|p1a: Torkoal|44\/100\n|-unboost|p2a: steps on u cutely|def|1\n|-unboost|p2a: steps on u cutely|spd|1\n|move|p1a: Torkoal|Stealth Rock|p2a: steps on u cutely\n|-sidestart|p2: Sammias|move: Stealth Rock\n|\n|-weather|SunnyDay|[upkeep]\n|-end|p2a: steps on u cutely|move: Yawn|[silent]\n|-status|p2a: steps on u cutely|slp\n|upkeep\n|turn|3\n|inactive|Battle timer is ON: inactive players will automatically lose when time's up. (requested by Sammias)\n|\n|t:|1700783294\n|switch|p1a: Lilligant|Lilligant-Hisui, F, shiny|100\/100\n|cant|p2a: steps on u cutely|slp\n|\n|-weather|SunnyDay|[upkeep]\n|upkeep\n|turn|4\n|\n|t:|1700783303\n|move|p1a: Lilligant|Solar Blade||[still]\n|-prepare|p1a: Lilligant|Solar Blade\n|-anim|p1a: Lilligant|Solar Blade|p2a: steps on u cutely\n|-supereffective|p2a: steps on u cutely\n|-crit|p2a: steps on u cutely\n|-damage|p2a: steps on u cutely|0 fnt\n|faint|p2a: steps on u cutely\n|\n|-weather|SunnyDay|[upkeep]\n|upkeep\n|\n|t:|1700783314\n|switch|p2a: Ball sack|Glimmora, M|100\/100\n|-damage|p2a: Ball sack|88\/100|[from] Stealth Rock\n|turn|5\n|\n|t:|1700783320\n|move|p1a: Lilligant|Solar Blade||[still]\n|-prepare|p1a: Lilligant|Solar Blade\n|-anim|p1a: Lilligant|Solar Blade|p2a: Ball sack\n|-damage|p2a: Ball sack|0 fnt\n|faint|p2a: Ball sack\n|\n|-weather|SunnyDay|[upkeep]\n|upkeep\n|\n|t:|1700783328\n|switch|p2a: Cuz Replacement|Breloom, F|100\/100\n|-damage|p2a: Cuz Replacement|94\/100|[from] Stealth Rock\n|turn|6\n|\n|t:|1700783333\n|switch|p1a: Chi-Yu|Chi-Yu|100\/100\n|-ability|p1a: Chi-Yu|Beads of Ruin\n|move|p2a: Cuz Replacement|Substitute|p2a: Cuz Replacement\n|-start|p2a: Cuz Replacement|Substitute\n|-damage|p2a: Cuz Replacement|69\/100\n|\n|-weather|SunnyDay|[upkeep]\n|-status|p2a: Cuz Replacement|tox|[from] item: Toxic Orb\n|upkeep\n|turn|7\n|\n|t:|1700783344\n|move|p1a: Chi-Yu|Psychic|p2a: Cuz Replacement\n|-supereffective|p2a: Cuz Replacement\n|-end|p2a: Cuz Replacement|Substitute\n|move|p2a: Cuz Replacement|Spore|p1a: Chi-Yu\n|-status|p1a: Chi-Yu|slp|[from] move: Spore\n|\n|-weather|SunnyDay|[upkeep]\n|-heal|p2a: Cuz Replacement|82\/100 tox|[from] ability: Poison Heal\n|upkeep\n|turn|8\n|\n|t:|1700783355\n|switch|p1a: Lilligant|Lilligant-Hisui, F, shiny|100\/100\n|move|p2a: Cuz Replacement|Leech Seed|p1a: Lilligant\n|-immune|p1a: Lilligant\n|\n|-weather|none\n|-heal|p2a: Cuz Replacement|94\/100 tox|[from] ability: Poison Heal\n|upkeep\n|turn|9\n|\n|t:|1700783363\n|move|p1a: Lilligant|Ice Spinner|p2a: Cuz Replacement\n|-supereffective|p2a: Cuz Replacement\n|-damage|p2a: Cuz Replacement|0 fnt\n|faint|p2a: Cuz Replacement\n|\n|upkeep\n|\n|t:|1700783369\n|switch|p2a: Clown emoji|Calyrex-Shadow|100\/100\n|-ability|p2a: Clown emoji|As One\n|-ability|p2a: Clown emoji|Unnerve\n|-damage|p2a: Clown emoji|88\/100|[from] Stealth Rock\n|turn|10\n|\n|t:|1700783381\n|switch|p1a: Chi-Yu|Chi-Yu|100\/100 slp\n|-ability|p1a: Chi-Yu|Beads of Ruin\n|-terastallize|p2a: Clown emoji|Dark\n|move|p2a: Clown emoji|Astral Barrage|p1a: Chi-Yu\n|-resisted|p1a: Chi-Yu\n|-damage|p1a: Chi-Yu|57\/100 slp\n|\n|upkeep\n|turn|11\n|\n|t:|1700783393\n|cant|p1a: Chi-Yu|slp\n|move|p2a: Clown emoji|Astral Barrage|p1a: Chi-Yu\n|-resisted|p1a: Chi-Yu\n|-damage|p1a: Chi-Yu|12\/100 slp\n|\n|upkeep\n|turn|12\n|\n|t:|1700783400\n|switch|p1a: Maushold|Maushold-Four|100\/100\n|move|p2a: Clown emoji|Dark Pulse|p1a: Maushold\n|-damage|p1a: Maushold|26\/100\n|\n|upkeep\n|turn|13\n|\n|t:|1700783407\n|switch|p1a: Chi-Yu|Chi-Yu|12\/100 slp\n|-ability|p1a: Chi-Yu|Beads of Ruin\n|move|p2a: Clown emoji|Dark Pulse|p1a: Chi-Yu\n|-resisted|p1a: Chi-Yu\n|-damage|p1a: Chi-Yu|0 fnt\n|faint|p1a: Chi-Yu\n|-ability|p2a: Clown emoji|Grim Neigh|boost\n|-boost|p2a: Clown emoji|spa|1\n|\n|upkeep\n|\n|t:|1700783417\n|switch|p1a: Koraidon|Koraidon|100\/100\n|-weather|SunnyDay|[from] ability: Orichalcum Pulse|[of] p1a: Koraidon\n|-activate|p1a: Koraidon|Orichalcum Pulse|[source]\n|turn|14\n|\n|t:|1700783421\n|-terastallize|p1a: Koraidon|Steel\n|move|p2a: Clown emoji|Psychic|p1a: Koraidon\n|-resisted|p1a: Koraidon\n|-damage|p1a: Koraidon|61\/100\n|move|p1a: Koraidon|Flame Charge|p2a: Clown emoji\n|-damage|p2a: Clown emoji|39\/100\n|-boost|p1a: Koraidon|spe|1\n|\n|-weather|SunnyDay|[upkeep]\n|upkeep\n|turn|15\n|\n|t:|1700783432\n|move|p1a: Koraidon|Collision Course|p2a: Clown emoji\n|-supereffective|p2a: Clown emoji\n|-damage|p2a: Clown emoji|0 fnt\n|faint|p2a: Clown emoji\n|\n|-weather|SunnyDay|[upkeep]\n|upkeep\n|\n|t:|1700783439\n|switch|p2a: vertical borger|Quagsire, F|100\/100\n|-damage|p2a: vertical borger|94\/100|[from] Stealth Rock\n|turn|16\n|\n|t:|1700783447\n|switch|p1a: Lilligant|Lilligant-Hisui, F, shiny|100\/100\n|move|p2a: vertical borger|Haze|p2a: vertical borger\n|-clearallboost\n|\n|-weather|SunnyDay|[upkeep]\n|-heal|p2a: vertical borger|100\/100|[from] item: Leftovers\n|upkeep\n|turn|17\n|\n|t:|1700783456\n|switch|p2a: bork|Zacian-Crowned|100\/100\n|-damage|p2a: bork|94\/100|[from] Stealth Rock\n|-ability|p2a: bork|Intrepid Sword|boost\n|-boost|p2a: bork|atk|1\n|move|p1a: Lilligant|Sleep Powder|p2a: bork|[miss]\n|-miss|p1a: Lilligant|p2a: bork\n|\n|-weather|SunnyDay|[upkeep]\n|upkeep\n|turn|18\n|\n|t:|1700783470\n|move|p1a: Lilligant|Sleep Powder|p2a: bork\n|-status|p2a: bork|slp|[from] move: Sleep Powder\n|cant|p2a: bork|slp\n|\n|-weather|none\n|upkeep\n|turn|19\n|\n|t:|1700783477\n|switch|p1a: Torkoal|Torkoal, F, shiny|44\/100\n|-weather|SunnyDay|[from] ability: Drought|[of] p1a: Torkoal\n|-curestatus|p2a: bork|slp|[msg]\n|move|p2a: bork|Behemoth Blade|p1a: Torkoal\n|-resisted|p1a: Torkoal\n|-damage|p1a: Torkoal|19\/100\n|\n|-weather|SunnyDay|[upkeep]\n|upkeep\n|turn|20\n|\n|t:|1700783498\n|move|p2a: bork|Crunch|p1a: Torkoal\n|-damage|p1a: Torkoal|0 fnt\n|faint|p1a: Torkoal\n|\n|-weather|SunnyDay|[upkeep]\n|upkeep\n|\n|t:|1700783502\n|switch|p1a: Lilligant|Lilligant-Hisui, F, shiny|100\/100\n|turn|21\n|\n|t:|1700783509\n|move|p1a: Lilligant|Close Combat|p2a: bork\n|-damage|p2a: bork|10\/100\n|-unboost|p1a: Lilligant|def|1\n|-unboost|p1a: Lilligant|spd|1\n|move|p2a: bork|Play Rough|p1a: Lilligant\n|-supereffective|p1a: Lilligant\n|-damage|p1a: Lilligant|0 fnt\n|faint|p1a: Lilligant\n|\n|-weather|SunnyDay|[upkeep]\n|upkeep\n|\n|t:|1700783515\n|switch|p1a: Flutter Mane|Flutter Mane|100\/100\n|-activate|p1a: Flutter Mane|ability: Protosynthesis\n|-start|p1a: Flutter Mane|protosynthesisspe\n|turn|22\n|\n|t:|1700783525\n|move|p1a: Flutter Mane|Energy Ball|p2a: bork\n|-resisted|p2a: bork\n|-damage|p2a: bork|0 fnt\n|faint|p2a: bork\n|\n|-weather|SunnyDay|[upkeep]\n|upkeep\n|-message|Sammias forfeited.\n|\n|win|Koibitio\n|raw|Koibitio's rating: 1500 &rarr; <strong>1514<\/strong><br \/>(+14 for winning)\n|raw|Sammias's rating: 1393 &rarr; <strong>1379<\/strong><br \/>(-14 for losing)\n|l|\u2606Sammias\n","uploadtime":1700783540,"views":0,"p1id":"koibitio","p2id":"sammias","formatid":"gen9anythinggoes","rating":1379,"private":0,"password":""}