{"id":"gen9anythinggoes-1987375327","p1":"FunniestDoubleEver","p2":"Guyisprettycool","format":"[Gen 9] Anything Goes","log":"|j|\u2606FunniestDoubleEver\n|j|\u2606Guyisprettycool\n|t:|1699583431\n|gametype|singles\n|player|p1|FunniestDoubleEver|102|1048\n|player|p2|Guyisprettycool|ash|1016\n|teamsize|p1|6\n|teamsize|p2|6\n|gen|9\n|tier|[Gen 9] Anything Goes\n|rated|\n|rule|HP Percentage Mod: HP is shown in percentages\n|rule|Endless Battle Clause: Forcing endless battles is banned\n|clearpoke\n|poke|p1|Lucario, M|\n|poke|p1|Quaquaval, M|\n|poke|p1|Avalugg, M|\n|poke|p1|Iron Treads|\n|poke|p1|Lucario, F|\n|poke|p1|Slowbro, M|\n|poke|p2|Urshifu-*, F|\n|poke|p2|Drifblim, M|\n|poke|p2|Polteageist-Antique|\n|poke|p2|Pawmot, M|\n|poke|p2|Pawmot, F|\n|poke|p2|Darkrai|\n|teampreview\n|inactive|Battle timer is ON: inactive players will automatically lose when time's up. (requested by Guyisprettycool)\n|\n|t:|1699583438\n|start\n|switch|p1a: Lucario|Lucario, M|100\/100\n|switch|p2a: Darkrai|Darkrai|100\/100\n|turn|1\n|\n|t:|1699583449\n|move|p2a: Darkrai|Hypnosis|p1a: Lucario\n|-status|p1a: Lucario|slp|[from] move: Hypnosis\n|cant|p1a: Lucario|slp\n|\n|-damage|p1a: Lucario|88\/100 slp|[from] ability: Bad Dreams|[of] p2a: Darkrai\n|upkeep\n|turn|2\n|\n|t:|1699583458\n|switch|p1a: Steel Wall|Avalugg, M|100\/100\n|move|p2a: Darkrai|Hex|p1a: Steel Wall\n|-damage|p1a: Steel Wall|73\/100\n|\n|upkeep\n|turn|3\n|\n|t:|1699583464\n|move|p2a: Darkrai|Hypnosis|p1a: Steel Wall\n|-status|p1a: Steel Wall|slp|[from] move: Hypnosis\n|cant|p1a: Steel Wall|slp\n|\n|-damage|p1a: Steel Wall|61\/100 slp|[from] ability: Bad Dreams|[of] p2a: Darkrai\n|upkeep\n|turn|4\n|\n|t:|1699583468\n|move|p2a: Darkrai|Hex|p1a: Steel Wall\n|-damage|p1a: Steel Wall|4\/100 slp\n|-curestatus|p1a: Steel Wall|slp|[msg]\n|move|p1a: Steel Wall|Iron Defense|p1a: Steel Wall\n|-boost|p1a: Steel Wall|def|2\n|\n|upkeep\n|turn|5\n|\n|t:|1699583483\n|switch|p1a: Lucario|Lucario, F, shiny|100\/100\n|move|p2a: Darkrai|Hex|p1a: Lucario\n|-damage|p1a: Lucario|63\/100\n|\n|-heal|p1a: Lucario|69\/100|[from] item: Leftovers\n|upkeep\n|turn|6\n|\n|t:|1699583488\n|move|p2a: Darkrai|Hypnosis|p1a: Lucario\n|-status|p1a: Lucario|slp|[from] move: Hypnosis\n|cant|p1a: Lucario|slp\n|\n|-heal|p1a: Lucario|75\/100 slp|[from] item: Leftovers\n|-damage|p1a: Lucario|62\/100 slp|[from] ability: Bad Dreams|[of] p2a: Darkrai\n|upkeep\n|turn|7\n|\n|t:|1699583491\n|move|p2a: Darkrai|Hex|p1a: Lucario\n|-damage|p1a: Lucario|0 fnt\n|faint|p1a: Lucario\n|\n|upkeep\n|\n|t:|1699583496\n|switch|p1a: Slowbro|Slowbro, M|100\/100\n|turn|8\n|\n|t:|1699583500\n|move|p2a: Darkrai|Hypnosis|p1a: Slowbro|[miss]\n|-miss|p2a: Darkrai|p1a: Slowbro\n|move|p1a: Slowbro|Slack Off||[still]\n|-fail|p1a: Slowbro|heal\n|\n|upkeep\n|turn|9\n|\n|t:|1699583505\n|move|p2a: Darkrai|Hypnosis|p1a: Slowbro\n|-status|p1a: Slowbro|slp|[from] move: Hypnosis\n|cant|p1a: Slowbro|slp\n|\n|-damage|p1a: Slowbro|88\/100 slp|[from] ability: Bad Dreams|[of] p2a: Darkrai\n|upkeep\n|turn|10\n|\n|t:|1699583508\n|move|p2a: Darkrai|Hex|p1a: Slowbro\n|-supereffective|p1a: Slowbro\n|-crit|p1a: Slowbro\n|-damage|p1a: Slowbro|0 fnt\n|faint|p1a: Slowbro\n|\n|upkeep\n|\n|t:|1699583514\n|switch|p1a: Quaquaval|Quaquaval, M|100\/100\n|turn|11\n|\n|t:|1699583521\n|move|p2a: Darkrai|Hypnosis|p1a: Quaquaval\n|-status|p1a: Quaquaval|slp|[from] move: Hypnosis\n|cant|p1a: Quaquaval|slp\n|\n|-damage|p1a: Quaquaval|88\/100 slp|[from] ability: Bad Dreams|[of] p2a: Darkrai\n|upkeep\n|turn|12\n|\n|t:|1699583529\n|move|p2a: Darkrai|Hex|p1a: Quaquaval\n|-damage|p1a: Quaquaval|31\/100 slp\n|-curestatus|p1a: Quaquaval|slp|[msg]\n|move|p1a: Quaquaval|Bulk Up|p1a: Quaquaval\n|-boost|p1a: Quaquaval|atk|1\n|-boost|p1a: Quaquaval|def|1\n|\n|-heal|p1a: Quaquaval|37\/100|[from] item: Leftovers\n|upkeep\n|turn|13\n|\n|t:|1699583538\n|move|p2a: Darkrai|Hex|p1a: Quaquaval\n|-damage|p1a: Quaquaval|10\/100\n|move|p1a: Quaquaval|Baton Pass|p1a: Quaquaval\n|\n|t:|1699583542\n|switch|p1a: Lucario|Lucario, M|88\/100 slp|[from] Baton Pass\n|\n|-heal|p1a: Lucario|94\/100 slp|[from] item: Leftovers\n|-damage|p1a: Lucario|82\/100 slp|[from] ability: Bad Dreams|[of] p2a: Darkrai\n|upkeep\n|turn|14\n|\n|t:|1699583548\n|move|p2a: Darkrai|Hex|p1a: Lucario\n|-damage|p1a: Lucario|21\/100 slp\n|cant|p1a: Lucario|slp\n|\n|-heal|p1a: Lucario|27\/100 slp|[from] item: Leftovers\n|-damage|p1a: Lucario|14\/100 slp|[from] ability: Bad Dreams|[of] p2a: Darkrai\n|upkeep\n|turn|15\n|\n|t:|1699583557\n|move|p2a: Darkrai|Hex|p1a: Lucario\n|-damage|p1a: Lucario|0 fnt\n|faint|p1a: Lucario\n|\n|upkeep\n|c|\u2606FunniestDoubleEver|yikes\n|\n|t:|1699583564\n|switch|p1a: Iron Treads|Iron Treads|100\/100\n|turn|16\n|\n|t:|1699583574\n|move|p2a: Darkrai|Hypnosis|p1a: Iron Treads|[miss]\n|-miss|p2a: Darkrai|p1a: Iron Treads\n|move|p1a: Iron Treads|Electric Terrain|p1a: Iron Treads\n|-fieldstart|move: Electric Terrain\n|-activate|p1a: Iron Treads|ability: Quark Drive\n|-start|p1a: Iron Treads|quarkdrivespe\n|\n|upkeep\n|turn|17\n|\n|t:|1699583582\n|move|p1a: Iron Treads|Volt Switch|p2a: Darkrai\n|-damage|p2a: Darkrai|81\/100\n|\n|t:|1699583587\n|-end|p1a: Iron Treads|Quark Drive|[silent]\n|switch|p1a: Steel Wall|Avalugg, M|4\/100|[from] Volt Switch\n|move|p2a: Darkrai|Hypnosis|p1a: Steel Wall\n|-activate|p1a: Steel Wall|move: Electric Terrain\n|\n|upkeep\n|turn|18\n|\n|t:|1699583597\n|move|p2a: Darkrai|Hex|p1a: Steel Wall\n|-damage|p1a: Steel Wall|0 fnt\n|faint|p1a: Steel Wall\n|\n|upkeep\n|\n|t:|1699583600\n|switch|p1a: Quaquaval|Quaquaval, M|10\/100\n|turn|19\n|\n|t:|1699583604\n|move|p2a: Darkrai|Hex|p1a: Quaquaval\n|-damage|p1a: Quaquaval|0 fnt\n|faint|p1a: Quaquaval\n|\n|upkeep\n|\n|t:|1699583608\n|switch|p1a: Iron Treads|Iron Treads|100\/100\n|-activate|p1a: Iron Treads|ability: Quark Drive\n|-start|p1a: Iron Treads|quarkdrivespe\n|turn|20\n|\n|t:|1699583613\n|move|p1a: Iron Treads|Megahorn|p2a: Darkrai\n|-supereffective|p2a: Darkrai\n|-damage|p2a: Darkrai|0 fnt\n|faint|p2a: Darkrai\n|\n|-fieldend|move: Electric Terrain\n|-end|p1a: Iron Treads|Quark Drive\n|upkeep\n|c|\u2606FunniestDoubleEver|ah\n|\n|t:|1699583620\n|switch|p2a: Urshifu|Urshifu-Rapid-Strike, F|100\/100\n|turn|21\n|\n|t:|1699583632\n|move|p1a: Iron Treads|Megahorn|p2a: Urshifu\n|-resisted|p2a: Urshifu\n|-crit|p2a: Urshifu\n|-damage|p2a: Urshifu|78\/100\n|move|p2a: Urshifu|Surging Strikes|p1a: Iron Treads\n|-supereffective|p1a: Iron Treads\n|-crit|p1a: Iron Treads\n|-damage|p1a: Iron Treads|71\/100\n|-supereffective|p1a: Iron Treads\n|-crit|p1a: Iron Treads\n|-damage|p1a: Iron Treads|37\/100\n|-supereffective|p1a: Iron Treads\n|-crit|p1a: Iron Treads\n|-damage|p1a: Iron Treads|3\/100\n|-hitcount|p1a: Iron Treads|3\n|\n|-heal|p1a: Iron Treads|10\/100|[from] item: Leftovers\n|upkeep\n|turn|22\n|\n|t:|1699583650\n|-terastallize|p1a: Iron Treads|Grass\n|move|p1a: Iron Treads|High Horsepower|p2a: Urshifu\n|-damage|p2a: Urshifu|44\/100\n|move|p2a: Urshifu|Surging Strikes|p1a: Iron Treads\n|-resisted|p1a: Iron Treads\n|-crit|p1a: Iron Treads\n|-damage|p1a: Iron Treads|2\/100\n|-resisted|p1a: Iron Treads\n|-crit|p1a: Iron Treads\n|-damage|p1a: Iron Treads|0 fnt\n|faint|p1a: Iron Treads\n|-end|p1a: Iron Treads|Quark Drive|[silent]\n|-hitcount|p1: Iron Treads|2\n|\n|win|Guyisprettycool\n|raw|FunniestDoubleEver's rating: 1048 &rarr; <strong>1029<\/strong><br \/>(-19 for losing)\n|raw|Guyisprettycool's rating: 1016 &rarr; <strong>1057<\/strong><br \/>(+41 for winning)\n|c|\u2606Guyisprettycool|gg\n|l|\u2606FunniestDoubleEver\n","uploadtime":1699583709,"views":5,"p1id":"funniestdoubleever","p2id":"guyisprettycool","formatid":"gen9anythinggoes","rating":1029,"private":0,"password":""}