{"id":"gen9anythinggoes-1994755511","p1":"oosugsagnjkd","p2":"mopasje","format":"[Gen 9] Anything Goes","log":"|j|\u2606oosugsagnjkd\n|j|\u2606mopasje\n|t:|1700489521\n|gametype|singles\n|player|p1|oosugsagnjkd|pokemonrangerf|1445\n|player|p2|mopasje|clair|1498\n|teamsize|p1|6\n|teamsize|p2|6\n|gen|9\n|tier|[Gen 9] Anything Goes\n|rated|\n|rule|HP Percentage Mod: HP is shown in percentages\n|rule|Endless Battle Clause: Forcing endless battles is banned\n|clearpoke\n|poke|p1|Sandaconda, M|\n|poke|p1|Scovillain, M|\n|poke|p1|Toxapex, M|\n|poke|p1|Gliscor, M|\n|poke|p1|Ditto|\n|poke|p1|Blissey, F|\n|poke|p2|Garchomp, M|\n|poke|p2|Walking Wake|\n|poke|p2|Iron Valiant|\n|poke|p2|Miraidon|\n|poke|p2|Glimmora, F|\n|poke|p2|Ogerpon-Cornerstone, F|\n|teampreview\n|\n|t:|1700489531\n|start\n|switch|p1a: The Frustration|Blissey, F|100\/100\n|switch|p2a: Ogerpon|Ogerpon-Cornerstone, F|100\/100\n|turn|1\n|inactive|Battle timer is ON: inactive players will automatically lose when time's up. (requested by mopasje)\n|inactive|oosugsagnjkd also wants the timer to be on.\n|\n|t:|1700489550\n|switch|p1a: The Fortress|Toxapex, M|100\/100\n|move|p2a: Ogerpon|Knock Off|p1a: The Fortress\n|-damage|p1a: The Fortress|71\/100\n|-enditem|p1a: The Fortress|Leftovers|[from] move: Knock Off|[of] p2a: Ogerpon\n|\n|upkeep\n|turn|2\n|\n|t:|1700489559\n|move|p1a: The Fortress|Baneful Bunker|p1a: The Fortress\n|-singleturn|p1a: The Fortress|move: Protect\n|move|p2a: Ogerpon|Power Whip|p1a: The Fortress\n|-activate|p1a: The Fortress|move: Protect\n|-status|p2a: Ogerpon|psn\n|\n|-damage|p2a: Ogerpon|88\/100 psn|[from] psn\n|upkeep\n|turn|3\n|\n|t:|1700489570\n|move|p2a: Ogerpon|Power Whip|p1a: The Fortress\n|-damage|p1a: The Fortress|18\/100\n|move|p1a: The Fortress|Infestation|p2a: Ogerpon\n|-supereffective|p2a: Ogerpon\n|-damage|p2a: Ogerpon|82\/100 psn\n|-activate|p2a: Ogerpon|move: Infestation|[of] p1a: The Fortress\n|\n|-damage|p2a: Ogerpon|69\/100 psn|[from] psn\n|-damage|p2a: Ogerpon|57\/100 psn|[from] move: Infestation|[partiallytrapped]\n|upkeep\n|turn|4\n|\n|t:|1700489580\n|move|p1a: The Fortress|Baneful Bunker|p1a: The Fortress\n|-singleturn|p1a: The Fortress|move: Protect\n|move|p2a: Ogerpon|Swords Dance|p2a: Ogerpon\n|-boost|p2a: Ogerpon|atk|2\n|\n|-damage|p2a: Ogerpon|45\/100 psn|[from] psn\n|-damage|p2a: Ogerpon|32\/100 psn|[from] move: Infestation|[partiallytrapped]\n|upkeep\n|turn|5\n|\n|t:|1700489589\n|switch|p1a: The Villain|Scovillain, M|100\/100\n|move|p2a: Ogerpon|Ivy Cudgel|p1a: The Villain|[anim] Ivy Cudgel Rock\n|-supereffective|p1a: The Villain\n|-damage|p1a: The Villain|0 fnt\n|faint|p1a: The Villain\n|\n|-damage|p2a: Ogerpon|20\/100 psn|[from] psn\n|-end|p2a: Ogerpon|Infestation|[partiallytrapped]|[silent]\n|upkeep\n|\n|t:|1700489596\n|switch|p1a: The Fortress|Toxapex, M|51\/100\n|turn|6\n|\n|t:|1700489610\n|switch|p2a: Garchomp|Garchomp, M|100\/100\n|move|p1a: The Fortress|Infestation|p2a: Garchomp\n|-damage|p2a: Garchomp|97\/100\n|-activate|p2a: Garchomp|move: Infestation|[of] p1a: The Fortress\n|-damage|p1a: The Fortress|39\/100|[from] ability: Rough Skin|[of] p2a: Garchomp\n|-damage|p1a: The Fortress|22\/100|[from] item: Rocky Helmet|[of] p2a: Garchomp\n|\n|-damage|p2a: Garchomp|85\/100|[from] move: Infestation|[partiallytrapped]\n|upkeep\n|turn|7\n|\n|t:|1700489624\n|move|p1a: The Fortress|Baneful Bunker|p1a: The Fortress\n|-singleturn|p1a: The Fortress|move: Protect\n|move|p2a: Garchomp|Dragon Tail|p1a: The Fortress\n|-activate|p1a: The Fortress|move: Protect\n|-status|p2a: Garchomp|psn\n|\n|-damage|p2a: Garchomp|73\/100 psn|[from] psn\n|-damage|p2a: Garchomp|60\/100 psn|[from] move: Infestation|[partiallytrapped]\n|upkeep\n|turn|8\n|\n|t:|1700489637\n|switch|p1a: Sandaconda|Sandaconda, M|100\/100\n|move|p2a: Garchomp|Dragon Tail|p1a: Sandaconda\n|-damage|p1a: Sandaconda|82\/100\n|-weather|Sandstorm|[from] ability: Sand Spit|[of] p1a: Sandaconda\n|drag|p1a: Thats you|Ditto|100\/100\n|-transform|p1a: Thats you|p2a: Garchomp|[from] ability: Imposter\n|\n|-weather|Sandstorm|[upkeep]\n|-damage|p2a: Garchomp|48\/100 psn|[from] psn\n|-end|p2a: Garchomp|Infestation|[partiallytrapped]|[silent]\n|upkeep\n|turn|9\n|\n|t:|1700489652\n|move|p1a: Thats you|Dragon Tail|p2a: Garchomp\n|-supereffective|p2a: Garchomp\n|-damage|p2a: Garchomp|5\/100 psn\n|-damage|p1a: Thats you|88\/100|[from] ability: Rough Skin|[of] p2a: Garchomp\n|-damage|p1a: Thats you|71\/100|[from] item: Rocky Helmet|[of] p2a: Garchomp\n|drag|p2a: Walking Wake|Walking Wake|100\/100\n|-enditem|p2a: Walking Wake|Booster Energy\n|-activate|p2a: Walking Wake|ability: Protosynthesis|[fromitem]\n|-start|p2a: Walking Wake|protosynthesisspa\n|\n|-weather|Sandstorm|[upkeep]\n|-damage|p2a: Walking Wake|94\/100|[from] Sandstorm\n|upkeep\n|turn|10\n|\n|t:|1700489664\n|switch|p1a: The Frustration|Blissey, F|100\/100\n|move|p2a: Walking Wake|Dragon Pulse|p1a: The Frustration\n|-damage|p1a: The Frustration|80\/100\n|\n|-weather|Sandstorm|[upkeep]\n|-damage|p2a: Walking Wake|88\/100|[from] Sandstorm\n|-damage|p1a: The Frustration|74\/100|[from] Sandstorm\n|-heal|p1a: The Frustration|80\/100|[from] item: Leftovers\n|upkeep\n|turn|11\n|\n|t:|1700489677\n|-end|p2a: Walking Wake|Protosynthesis|[silent]\n|switch|p2a: Garchomp|Garchomp, M|5\/100 psn\n|move|p1a: The Frustration|Copycat|p1a: The Frustration\n|move|p1a: The Frustration|Dragon Pulse|p2a: Garchomp|[from]move: Copycat\n|-supereffective|p2a: Garchomp\n|-damage|p2a: Garchomp|0 fnt\n|faint|p2a: Garchomp\n|\n|-weather|Sandstorm|[upkeep]\n|-damage|p1a: The Frustration|74\/100|[from] Sandstorm\n|-heal|p1a: The Frustration|80\/100|[from] item: Leftovers\n|upkeep\n|\n|t:|1700489691\n|switch|p2a: Ogerpon|Ogerpon-Cornerstone, F|20\/100 psn\n|turn|12\n|\n|t:|1700489708\n|switch|p1a: Thats you|Ditto|71\/100\n|-transform|p1a: Thats you|p2a: Ogerpon|[from] ability: Imposter\n|move|p2a: Ogerpon|Ivy Cudgel|p1a: Thats you|[anim] Ivy Cudgel Rock\n|-damage|p1a: Thats you|0 fnt\n|faint|p1a: Thats you\n|\n|-weather|none\n|-damage|p2a: Ogerpon|8\/100 psn|[from] psn\n|upkeep\n|\n|t:|1700489717\n|switch|p1a: The Fortress|Toxapex, M|55\/100\n|turn|13\n|\n|t:|1700489724\n|switch|p2a: Miraidon|Miraidon|100\/100\n|-fieldstart|move: Electric Terrain|[from] ability: Hadron Engine|[of] p2a: Miraidon\n|move|p1a: The Fortress|Baneful Bunker||[still]\n|-fail|p1a: The Fortress\n|\n|upkeep\n|turn|14\n|\n|t:|1700489732\n|switch|p2a: Iron Valiant|Iron Valiant|100\/100\n|-activate|p2a: Iron Valiant|ability: Quark Drive\n|-start|p2a: Iron Valiant|quarkdrivespe\n|switch|p1a: The Frustration|Blissey, F|80\/100\n|\n|-heal|p1a: The Frustration|86\/100|[from] item: Leftovers\n|upkeep\n|turn|15\n|\n|t:|1700489745\n|-end|p2a: Iron Valiant|Quark Drive|[silent]\n|switch|p2a: Miraidon|Miraidon|100\/100\n|-activate|p2a: Miraidon|ability: Hadron Engine\n|switch|p1a: The Fortress|Toxapex, M|88\/100\n|\n|upkeep\n|turn|16\n|\n|t:|1700489764\n|switch|p1a: The Frustration|Blissey, F|86\/100\n|move|p2a: Miraidon|Draco Meteor|p1a: The Frustration\n|-damage|p1a: The Frustration|59\/100\n|-unboost|p2a: Miraidon|spa|2\n|\n|-heal|p1a: The Frustration|66\/100|[from] item: Leftovers\n|upkeep\n|turn|17\n|\n|t:|1700489774\n|switch|p2a: Iron Valiant|Iron Valiant|100\/100\n|-activate|p2a: Iron Valiant|ability: Quark Drive\n|-start|p2a: Iron Valiant|quarkdrivespe\n|move|p1a: The Frustration|Ice Beam|p2a: Iron Valiant\n|-damage|p2a: Iron Valiant|68\/100\n|\n|-heal|p1a: The Frustration|72\/100|[from] item: Leftovers\n|-fieldend|move: Electric Terrain\n|-end|p2a: Iron Valiant|Quark Drive\n|upkeep\n|-enditem|p2a: Iron Valiant|Booster Energy\n|-activate|p2a: Iron Valiant|ability: Quark Drive|[fromitem]\n|-start|p2a: Iron Valiant|quarkdrivespe\n|turn|18\n|\n|t:|1700489790\n|switch|p1a: The Fortress|Toxapex, M|100\/100\n|move|p2a: Iron Valiant|Close Combat|p1a: The Fortress\n|-resisted|p1a: The Fortress\n|-damage|p1a: The Fortress|79\/100\n|-unboost|p2a: Iron Valiant|def|1\n|-unboost|p2a: Iron Valiant|spd|1\n|\n|upkeep\n|turn|19\n|\n|t:|1700489800\n|-end|p2a: Iron Valiant|Quark Drive|[silent]\n|switch|p2a: Glimmora|Glimmora, F, shiny|100\/100\n|move|p1a: The Fortress|Toxic Spikes|p2a: Glimmora\n|-sidestart|p2: mopasje|move: Toxic Spikes\n|\n|upkeep\n|turn|20\n|\n|t:|1700489808\n|move|p2a: Glimmora|Mortal Spin|p1a: The Fortress\n|-resisted|p1a: The Fortress\n|-damage|p1a: The Fortress|77\/100\n|-sideend|p2: mopasje|Toxic Spikes|[from] move: Mortal Spin|[of] p2a: Glimmora\n|move|p1a: The Fortress|Infestation|p2a: Glimmora\n|-resisted|p2a: Glimmora\n|-damage|p2a: Glimmora|99\/100\n|-activate|p2a: Glimmora|move: Infestation|[of] p1a: The Fortress\n|\n|-damage|p2a: Glimmora|86\/100|[from] move: Infestation|[partiallytrapped]\n|upkeep\n|turn|21\n|\n|t:|1700489817\n|move|p2a: Glimmora|Power Gem|p1a: The Fortress\n|-damage|p1a: The Fortress|48\/100\n|move|p1a: The Fortress|Toxic Spikes|p2a: Glimmora\n|-sidestart|p2: mopasje|move: Toxic Spikes\n|\n|-damage|p2a: Glimmora|74\/100|[from] move: Infestation|[partiallytrapped]\n|upkeep\n|turn|22\n|\n|t:|1700489824\n|move|p1a: The Fortress|Baneful Bunker|p1a: The Fortress\n|-singleturn|p1a: The Fortress|move: Protect\n|move|p2a: Glimmora|Power Gem|p1a: The Fortress\n|-activate|p1a: The Fortress|move: Protect\n|\n|-damage|p2a: Glimmora|61\/100|[from] move: Infestation|[partiallytrapped]\n|upkeep\n|turn|23\n|\n|t:|1700489834\n|switch|p1a: The Frustration|Blissey, F|72\/100\n|move|p2a: Glimmora|Mortal Spin|p1a: The Frustration\n|-damage|p1a: The Frustration|58\/100\n|-status|p1a: The Frustration|psn\n|-sideend|p2: mopasje|Toxic Spikes|[from] move: Mortal Spin|[of] p2a: Glimmora\n|-end|p2a: Glimmora|Infestation|[partiallytrapped]\n|\n|-heal|p1a: The Frustration|64\/100 psn|[from] item: Leftovers\n|-damage|p1a: The Frustration|52\/100 psn|[from] psn\n|upkeep\n|turn|24\n|\n|t:|1700489846\n|move|p2a: Glimmora|Spiky Shield|p2a: Glimmora\n|-singleturn|p2a: Glimmora|move: Protect\n|move|p1a: The Frustration|Soft-Boiled|p1a: The Frustration\n|-heal|p1a: The Frustration|100\/100 psn\n|\n|-damage|p1a: The Frustration|88\/100 psn|[from] psn\n|upkeep\n|turn|25\n|\n|t:|1700489861\n|move|p2a: Glimmora|Power Gem|p1a: The Frustration\n|-damage|p1a: The Frustration|74\/100 psn\n|move|p1a: The Frustration|Copycat|p1a: The Frustration\n|move|p1a: The Frustration|Power Gem|p2a: Glimmora|[from]move: Copycat\n|-damage|p2a: Glimmora|37\/100\n|\n|-heal|p1a: The Frustration|80\/100 psn|[from] item: Leftovers\n|-damage|p1a: The Frustration|67\/100 psn|[from] psn\n|upkeep\n|turn|26\n|\n|t:|1700489872\n|move|p2a: Glimmora|Spiky Shield|p2a: Glimmora\n|-singleturn|p2a: Glimmora|move: Protect\n|move|p1a: The Frustration|Copycat||[still]\n|-fail|p1a: The Frustration\n|\n|-heal|p1a: The Frustration|74\/100 psn|[from] item: Leftovers\n|-damage|p1a: The Frustration|61\/100 psn|[from] psn\n|upkeep\n|turn|27\n|\n|t:|1700489886\n|move|p2a: Glimmora|Power Gem|p1a: The Frustration\n|-damage|p1a: The Frustration|47\/100 psn\n|move|p1a: The Frustration|Copycat|p1a: The Frustration\n|move|p1a: The Frustration|Power Gem|p2a: Glimmora|[from]move: Copycat\n|-damage|p2a: Glimmora|13\/100\n|\n|-heal|p1a: The Frustration|53\/100 psn|[from] item: Leftovers\n|-damage|p1a: The Frustration|41\/100 psn|[from] psn\n|upkeep\n|turn|28\n|\n|t:|1700489902\n|switch|p2a: Ogerpon|Ogerpon-Cornerstone, F|8\/100 psn\n|move|p1a: The Frustration|Soft-Boiled|p1a: The Frustration\n|-heal|p1a: The Frustration|91\/100 psn\n|\n|-heal|p1a: The Frustration|97\/100 psn|[from] item: Leftovers\n|-damage|p2a: Ogerpon|0 fnt|[from] psn\n|faint|p2a: Ogerpon\n|-damage|p1a: The Frustration|85\/100 psn|[from] psn\n|upkeep\n|\n|t:|1700489914\n|switch|p2a: Iron Valiant|Iron Valiant|68\/100\n|turn|29\n|\n|t:|1700489919\n|-end|p2a: Iron Valiant|Quark Drive|[silent]\n|switch|p2a: Miraidon|Miraidon|100\/100\n|-fieldstart|move: Electric Terrain|[from] ability: Hadron Engine|[of] p2a: Miraidon\n|switch|p1a: The Fortress|Toxapex, M|81\/100\n|\n|upkeep\n|turn|30\n|\n|t:|1700489927\n|switch|p1a: The Frustration|Blissey, F|85\/100 psn\n|move|p2a: Miraidon|Electro Drift|p1a: The Frustration\n|-damage|p1a: The Frustration|58\/100 psn\n|\n|-heal|p1a: The Frustration|64\/100 psn|[from] item: Leftovers\n|-damage|p1a: The Frustration|52\/100 psn|[from] psn\n|upkeep\n|turn|31\n|\n|t:|1700489939\n|move|p2a: Miraidon|Electro Drift|p1a: The Frustration\n|-damage|p1a: The Frustration|25\/100 psn\n|move|p1a: The Frustration|Heal Bell|p1a: The Frustration\n|-activate|p1a: The Frustration|move: Heal Bell\n|-curestatus|p1a: The Frustration|psn|[msg]\n|\n|-heal|p1a: The Frustration|31\/100|[from] item: Leftovers\n|upkeep\n|turn|32\n|\n|t:|1700489949\n|move|p2a: Miraidon|Draco Meteor|p1a: The Frustration\n|-damage|p1a: The Frustration|5\/100\n|-unboost|p2a: Miraidon|spa|2\n|move|p1a: The Frustration|Soft-Boiled|p1a: The Frustration\n|-heal|p1a: The Frustration|55\/100\n|\n|-heal|p1a: The Frustration|61\/100|[from] item: Leftovers\n|upkeep\n|turn|33\n|\n|t:|1700489959\n|switch|p2a: Iron Valiant|Iron Valiant|68\/100\n|-activate|p2a: Iron Valiant|ability: Quark Drive\n|-start|p2a: Iron Valiant|quarkdrivespe\n|move|p1a: The Frustration|Ice Beam|p2a: Iron Valiant\n|-damage|p2a: Iron Valiant|37\/100\n|\n|-heal|p1a: The Frustration|67\/100|[from] item: Leftovers\n|-fieldend|move: Electric Terrain\n|-end|p2a: Iron Valiant|Quark Drive\n|upkeep\n|turn|34\n|\n|t:|1700489972\n|switch|p1a: The Fortress|Toxapex, M|100\/100\n|move|p2a: Iron Valiant|Close Combat|p1a: The Fortress\n|-resisted|p1a: The Fortress\n|-damage|p1a: The Fortress|78\/100\n|-unboost|p2a: Iron Valiant|def|1\n|-unboost|p2a: Iron Valiant|spd|1\n|\n|upkeep\n|turn|35\n|\n|t:|1700489980\n|-end|p2a: Iron Valiant|Quark Drive|[silent]\n|switch|p2a: Glimmora|Glimmora, F, shiny|13\/100\n|move|p1a: The Fortress|Toxic Spikes|p2a: Glimmora\n|-sidestart|p2: mopasje|move: Toxic Spikes\n|\n|upkeep\n|turn|36\n|\n|t:|1700489989\n|move|p2a: Glimmora|Spiky Shield|p2a: Glimmora\n|-singleturn|p2a: Glimmora|move: Protect\n|move|p1a: The Fortress|Infestation|p2a: Glimmora\n|-activate|p2a: Glimmora|move: Protect\n|-damage|p1a: The Fortress|66\/100|[from] Spiky Shield|[of] p2a: Glimmora\n|\n|upkeep\n|turn|37\n|\n|t:|1700489996\n|move|p2a: Glimmora|Mortal Spin|p1a: The Fortress\n|-resisted|p1a: The Fortress\n|-damage|p1a: The Fortress|63\/100\n|-sideend|p2: mopasje|Toxic Spikes|[from] move: Mortal Spin|[of] p2a: Glimmora\n|move|p1a: The Fortress|Infestation|p2a: Glimmora\n|-resisted|p2a: Glimmora\n|-damage|p2a: Glimmora|11\/100\n|-activate|p2a: Glimmora|move: Infestation|[of] p1a: The Fortress\n|\n|-damage|p2a: Glimmora|0 fnt|[from] move: Infestation|[partiallytrapped]\n|faint|p2a: Glimmora\n|upkeep\n|\n|t:|1700490009\n|switch|p2a: Miraidon|Miraidon|100\/100\n|-fieldstart|move: Electric Terrain|[from] ability: Hadron Engine|[of] p2a: Miraidon\n|turn|38\n|\n|t:|1700490015\n|switch|p1a: The Frustration|Blissey, F|67\/100\n|move|p2a: Miraidon|Electro Drift|p1a: The Frustration\n|-damage|p1a: The Frustration|40\/100\n|\n|-heal|p1a: The Frustration|46\/100|[from] item: Leftovers\n|upkeep\n|turn|39\n|\n|t:|1700490024\n|move|p2a: Miraidon|Electro Drift|p1a: The Frustration\n|-damage|p1a: The Frustration|20\/100\n|move|p1a: The Frustration|Soft-Boiled|p1a: The Frustration\n|-heal|p1a: The Frustration|70\/100\n|\n|-heal|p1a: The Frustration|76\/100|[from] item: Leftovers\n|upkeep\n|turn|40\n|\n|t:|1700490034\n|move|p2a: Miraidon|Flash Cannon|p1a: The Frustration\n|-damage|p1a: The Frustration|65\/100\n|move|p1a: The Frustration|Ice Beam|p2a: Miraidon\n|-supereffective|p2a: Miraidon\n|-damage|p2a: Miraidon|87\/100\n|\n|-heal|p1a: The Frustration|71\/100|[from] item: Leftovers\n|upkeep\n|turn|41\n|\n|t:|1700490042\n|move|p2a: Miraidon|Flash Cannon|p1a: The Frustration\n|-damage|p1a: The Frustration|61\/100\n|-unboost|p1a: The Frustration|spd|1\n|move|p1a: The Frustration|Ice Beam|p2a: Miraidon\n|-supereffective|p2a: Miraidon\n|-damage|p2a: Miraidon|74\/100\n|\n|-heal|p1a: The Frustration|67\/100|[from] item: Leftovers\n|upkeep\n|turn|42\n|\n|t:|1700490052\n|move|p2a: Miraidon|Electro Drift|p1a: The Frustration\n|-crit|p1a: The Frustration\n|-damage|p1a: The Frustration|6\/100\n|move|p1a: The Frustration|Ice Beam|p2a: Miraidon\n|-supereffective|p2a: Miraidon\n|-damage|p2a: Miraidon|61\/100\n|\n|-heal|p1a: The Frustration|12\/100|[from] item: Leftovers\n|-fieldend|move: Electric Terrain\n|upkeep\n|turn|43\n|\n|t:|1700490062\n|switch|p1a: Gliscor|Gliscor, M|100\/100\n|move|p2a: Miraidon|Draco Meteor|p1a: Gliscor\n|-damage|p1a: Gliscor|19\/100\n|-unboost|p2a: Miraidon|spa|2\n|\n|-status|p1a: Gliscor|tox|[from] item: Toxic Orb\n|upkeep\n|turn|44\n|\n|t:|1700490071\n|move|p1a: Gliscor|Protect|p1a: Gliscor\n|-singleturn|p1a: Gliscor|Protect\n|move|p2a: Miraidon|Draco Meteor|p1a: Gliscor\n|-activate|p1a: Gliscor|move: Protect\n|\n|-heal|p1a: Gliscor|31\/100 tox|[from] ability: Poison Heal\n|upkeep\n|turn|45\n|\n|t:|1700490079\n|switch|p1a: The Fortress|Toxapex, M|96\/100\n|move|p2a: Miraidon|Draco Meteor|p1a: The Fortress\n|-damage|p1a: The Fortress|75\/100\n|-unboost|p2a: Miraidon|spa|2\n|\n|upkeep\n|turn|46\n|\n|t:|1700490090\n|switch|p2a: Iron Valiant|Iron Valiant|37\/100\n|switch|p1a: Sandaconda|Sandaconda, M|82\/100\n|\n|upkeep\n|turn|47\n|\n|t:|1700490097\n|move|p2a: Iron Valiant|Liquidation|p1a: Sandaconda\n|-supereffective|p1a: Sandaconda\n|-damage|p1a: Sandaconda|32\/100\n|-weather|Sandstorm|[from] ability: Sand Spit|[of] p1a: Sandaconda\n|move|p1a: Sandaconda|Iron Head|p2a: Iron Valiant\n|-supereffective|p2a: Iron Valiant\n|-damage|p2a: Iron Valiant|0 fnt\n|faint|p2a: Iron Valiant\n|-end|p2a: Iron Valiant|Quark Drive|[silent]\n|\n|-weather|Sandstorm|[upkeep]\n|upkeep\n|\n|t:|1700490107\n|switch|p2a: Walking Wake|Walking Wake|88\/100\n|turn|48\n|\n|t:|1700490124\n|switch|p1a: The Fortress|Toxapex, M|100\/100\n|move|p2a: Walking Wake|Dragon Pulse|p1a: The Fortress\n|-damage|p1a: The Fortress|67\/100\n|\n|-weather|Sandstorm|[upkeep]\n|-damage|p2a: Walking Wake|82\/100|[from] Sandstorm\n|-damage|p1a: The Fortress|61\/100|[from] Sandstorm\n|upkeep\n|turn|49\n|\n|t:|1700490133\n|move|p2a: Walking Wake|Dragon Pulse|p1a: The Fortress\n|-damage|p1a: The Fortress|29\/100\n|move|p1a: The Fortress|Toxic Spikes|p2a: Walking Wake\n|-sidestart|p2: mopasje|move: Toxic Spikes\n|\n|-weather|Sandstorm|[upkeep]\n|-damage|p2a: Walking Wake|76\/100|[from] Sandstorm\n|-damage|p1a: The Fortress|23\/100|[from] Sandstorm\n|upkeep\n|turn|50\n|\n|t:|1700490142\n|move|p1a: The Fortress|Baneful Bunker|p1a: The Fortress\n|-singleturn|p1a: The Fortress|move: Protect\n|move|p2a: Walking Wake|Hydro Steam|p1a: The Fortress\n|-activate|p1a: The Fortress|move: Protect\n|\n|-weather|Sandstorm|[upkeep]\n|-damage|p2a: Walking Wake|70\/100|[from] Sandstorm\n|-damage|p1a: The Fortress|17\/100|[from] Sandstorm\n|upkeep\n|turn|51\n|\n|t:|1700490154\n|switch|p1a: Sandaconda|Sandaconda, M|32\/100\n|move|p2a: Walking Wake|Dragon Pulse|p1a: Sandaconda\n|-damage|p1a: Sandaconda|0 fnt\n|faint|p1a: Sandaconda\n|\n|-weather|none\n|upkeep\n|\n|t:|1700490172\n|switch|p1a: The Fortress|Toxapex, M|50\/100\n|turn|52\n|\n|t:|1700490175\n|move|p2a: Walking Wake|Dragon Pulse|p1a: The Fortress\n|-damage|p1a: The Fortress|19\/100\n|move|p1a: The Fortress|Infestation|p2a: Walking Wake\n|-damage|p2a: Walking Wake|66\/100\n|-activate|p2a: Walking Wake|move: Infestation|[of] p1a: The Fortress\n|\n|-damage|p2a: Walking Wake|54\/100|[from] move: Infestation|[partiallytrapped]\n|upkeep\n|turn|53\n|\n|t:|1700490185\n|move|p1a: The Fortress|Baneful Bunker|p1a: The Fortress\n|-singleturn|p1a: The Fortress|move: Protect\n|move|p2a: Walking Wake|Dragon Pulse|p1a: The Fortress\n|-activate|p1a: The Fortress|move: Protect\n|\n|-damage|p2a: Walking Wake|42\/100|[from] move: Infestation|[partiallytrapped]\n|upkeep\n|turn|54\n|\n|t:|1700490193\n|move|p1a: The Fortress|Baneful Bunker||[still]\n|-fail|p1a: The Fortress\n|move|p2a: Walking Wake|Dragon Pulse|p1a: The Fortress\n|-damage|p1a: The Fortress|0 fnt\n|faint|p1a: The Fortress\n|\n|-end|p2a: Walking Wake|Infestation|[partiallytrapped]|[silent]\n|upkeep\n|\n|t:|1700490197\n|switch|p1a: Gliscor|Gliscor, M|31\/100 tox\n|turn|55\n|\n|t:|1700490204\n|move|p1a: Gliscor|Protect|p1a: Gliscor\n|-singleturn|p1a: Gliscor|Protect\n|move|p2a: Walking Wake|Hydro Steam|p1a: Gliscor\n|-activate|p1a: Gliscor|move: Protect\n|\n|-heal|p1a: Gliscor|44\/100 tox|[from] ability: Poison Heal\n|upkeep\n|turn|56\n|\n|t:|1700490213\n|-terastallize|p1a: Gliscor|Water\n|move|p1a: Gliscor|Earthquake|p2a: Walking Wake\n|-damage|p2a: Walking Wake|7\/100\n|move|p2a: Walking Wake|Hydro Steam|p1a: Gliscor\n|-resisted|p1a: Gliscor\n|-damage|p1a: Gliscor|16\/100 tox\n|\n|-heal|p1a: Gliscor|28\/100 tox|[from] ability: Poison Heal\n|upkeep\n|turn|57\n|\n|t:|1700490224\n|move|p1a: Gliscor|Protect|p1a: Gliscor\n|-singleturn|p1a: Gliscor|Protect\n|move|p2a: Walking Wake|Dragon Pulse|p1a: Gliscor\n|-activate|p1a: Gliscor|move: Protect\n|\n|-heal|p1a: Gliscor|41\/100 tox|[from] ability: Poison Heal\n|upkeep\n|turn|58\n|\n|t:|1700490231\n|move|p2a: Walking Wake|Dragon Pulse|p1a: Gliscor\n|-damage|p1a: Gliscor|0 fnt\n|faint|p1a: Gliscor\n|\n|upkeep\n|\n|t:|1700490236\n|switch|p1a: The Frustration|Blissey, F|12\/100\n|turn|59\n|\n|t:|1700490246\n|move|p2a: Walking Wake|Dragon Pulse|p1a: The Frustration\n|-damage|p1a: The Frustration|0 fnt\n|faint|p1a: The Frustration\n|\n|win|mopasje\n|raw|oosugsagnjkd's rating: 1445 &rarr; <strong>1428<\/strong><br \/>(-17 for losing)\n|raw|mopasje's rating: 1498 &rarr; <strong>1515<\/strong><br \/>(+17 for winning)\n|c|\u2606oosugsagnjkd|how was i faster than you there\n|c|\u2606mopasje|Way too easy\n|c|\u2606oosugsagnjkd|ok gg\n|l|\u2606oosugsagnjkd\n|l|\u2606mopasje\n","uploadtime":1700490266,"views":0,"p1id":"oosugsagnjkd","p2id":"mopasje","formatid":"gen9anythinggoes","rating":1428,"private":0,"password":""}