{"id":"gen9anythinggoes-1982927223","p1":"RickCapotaUno","p2":"LingLing007","format":"[Gen 9] Anything Goes","log":"|j|\u2606RickCapotaUno\n|j|\u2606LingLing007\n|t:|1699059567\n|gametype|singles\n|player|p1|RickCapotaUno|plasmagrunt|1158\n|player|p2|LingLing007|hilbert-masters2|1240\n|teamsize|p1|6\n|teamsize|p2|6\n|gen|9\n|tier|[Gen 9] Anything Goes\n|rated|\n|rule|HP Percentage Mod: HP is shown in percentages\n|rule|Endless Battle Clause: Forcing endless battles is banned\n|clearpoke\n|poke|p1|Gliscor, F|\n|poke|p1|Volcanion|\n|poke|p1|Glimmora, M|\n|poke|p1|Kommo-o, F|\n|poke|p1|Zoroark-Hisui, F|\n|poke|p1|Manaphy|\n|poke|p2|Roaring Moon|\n|poke|p2|Toxapex, F|\n|poke|p2|Gliscor, M|\n|poke|p2|Polteageist-Antique|\n|poke|p2|Tinkaton, F|\n|poke|p2|Gengar, M|\n|teampreview\n|inactive|Battle timer is ON: inactive players will automatically lose when time's up. (requested by LingLing007)\n|\n|t:|1699059580\n|start\n|switch|p1a: Glimmora|Glimmora, M, shiny|100\/100\n|switch|p2a: Tinkaton|Tinkaton, F|100\/100\n|-ability|p2a: Tinkaton|Mold Breaker\n|turn|1\n|\n|t:|1699059608\n|switch|p1a: Gliscor|Gliscor, F, shiny|100\/100\n|move|p2a: Tinkaton|Thunder Wave|p1a: Gliscor\n|-immune|p1a: Gliscor\n|\n|-status|p1a: Gliscor|tox|[from] item: Toxic Orb\n|upkeep\n|turn|2\n|\n|t:|1699059620\n|move|p1a: Gliscor|Substitute|p1a: Gliscor\n|-start|p1a: Gliscor|Substitute\n|-damage|p1a: Gliscor|75\/100 tox\n|move|p2a: Tinkaton|Knock Off|p1a: Gliscor\n|-activate|p1a: Gliscor|move: Substitute|[damage]\n|\n|-heal|p1a: Gliscor|88\/100 tox|[from] ability: Poison Heal\n|upkeep\n|turn|3\n|\n|t:|1699059627\n|move|p1a: Gliscor|Swords Dance|p1a: Gliscor\n|-boost|p1a: Gliscor|atk|2\n|move|p2a: Tinkaton|Encore|p1a: Gliscor\n|-start|p1a: Gliscor|Encore\n|\n|-heal|p1a: Gliscor|99\/100 tox|[from] ability: Poison Heal\n|upkeep\n|turn|4\n|\n|t:|1699059635\n|move|p1a: Gliscor|Swords Dance|p1a: Gliscor\n|-boost|p1a: Gliscor|atk|2\n|move|p2a: Tinkaton|Knock Off|p1a: Gliscor\n|-end|p1a: Gliscor|Substitute\n|\n|-heal|p1a: Gliscor|100\/100 tox|[from] ability: Poison Heal\n|upkeep\n|turn|5\n|\n|t:|1699059638\n|move|p1a: Gliscor|Swords Dance|p1a: Gliscor\n|-boost|p1a: Gliscor|atk|2\n|move|p2a: Tinkaton|Knock Off|p1a: Gliscor\n|-damage|p1a: Gliscor|83\/100 tox\n|-enditem|p1a: Gliscor|Toxic Orb|[from] move: Knock Off|[of] p2a: Tinkaton\n|\n|-heal|p1a: Gliscor|95\/100 tox|[from] ability: Poison Heal\n|upkeep\n|turn|6\n|\n|t:|1699059648\n|switch|p2a: Toxapex|Toxapex, F|100\/100\n|move|p1a: Gliscor|Swords Dance|p1a: Gliscor\n|-boost|p1a: Gliscor|atk|0\n|\n|-heal|p1a: Gliscor|100\/100 tox|[from] ability: Poison Heal\n|-end|p1a: Gliscor|Encore\n|upkeep\n|turn|7\n|\n|t:|1699059652\n|move|p1a: Gliscor|Earthquake|p2a: Toxapex\n|-supereffective|p2a: Toxapex\n|-damage|p2a: Toxapex|0 fnt\n|faint|p2a: Toxapex\n|\n|upkeep\n|\n|t:|1699059656\n|switch|p2a: Polteageist|Polteageist-Antique|100\/100\n|turn|8\n|c|\u2606RickCapotaUno|Tisc tisc\n|\n|t:|1699059662\n|move|p1a: Gliscor|Earthquake|p2a: Polteageist\n|-crit|p2a: Polteageist\n|-enditem|p2a: Polteageist|Focus Sash\n|-damage|p2a: Polteageist|1\/100\n|-start|p1a: Gliscor|Disable|Earthquake|[from] ability: Cursed Body|[of] p2a: Polteageist\n|move|p2a: Polteageist|Shell Smash|p2a: Polteageist\n|-unboost|p2a: Polteageist|def|1\n|-unboost|p2a: Polteageist|spd|1\n|-boost|p2a: Polteageist|atk|2\n|-boost|p2a: Polteageist|spa|2\n|-boost|p2a: Polteageist|spe|2\n|\n|upkeep\n|turn|9\n|\n|t:|1699059667\n|move|p2a: Polteageist|Stored Power|p1a: Gliscor\n|-damage|p1a: Gliscor|0 fnt\n|faint|p1a: Gliscor\n|\n|upkeep\n|\n|t:|1699059670\n|switch|p1a: Manaphy|Manaphy, shiny|100\/100\n|turn|10\n|\n|t:|1699059673\n|move|p2a: Polteageist|Giga Drain|p1a: Manaphy\n|-supereffective|p1a: Manaphy\n|-enditem|p1a: Manaphy|Focus Sash\n|-damage|p1a: Manaphy|1\/100\n|-heal|p2a: Polteageist|66\/100|[from] drain|[of] p1a: Manaphy\n|move|p1a: Manaphy|Heart Swap|p2a: Polteageist\n|-swapboost|p1a: Manaphy|p2a: Polteageist|[from] move: Heart Swap\n|\n|upkeep\n|turn|11\n|\n|t:|1699059687\n|move|p1a: Manaphy|Ice Beam|p2a: Polteageist\n|-damage|p2a: Polteageist|10\/100\n|move|p2a: Polteageist|Giga Drain|p1a: Manaphy\n|-supereffective|p1a: Manaphy\n|-damage|p1a: Manaphy|0 fnt\n|-heal|p2a: Polteageist|10\/100|[from] drain|[of] p1a: Manaphy\n|faint|p1a: Manaphy\n|\n|upkeep\n|\n|t:|1699059695\n|switch|p1a: Volcanion|Volcanion|100\/100\n|turn|12\n|\n|t:|1699059699\n|move|p1a: Volcanion|Flame Charge|p2a: Polteageist\n|-damage|p2a: Polteageist|0 fnt\n|-boost|p1a: Volcanion|spe|1\n|faint|p2a: Polteageist\n|\n|upkeep\n|\n|t:|1699059704\n|switch|p2a: Roaring Moon|Roaring Moon|100\/100\n|-enditem|p2a: Roaring Moon|Booster Energy\n|-activate|p2a: Roaring Moon|ability: Protosynthesis|[fromitem]\n|-start|p2a: Roaring Moon|protosynthesisspe\n|turn|13\n|\n|t:|1699059708\n|move|p2a: Roaring Moon|Dragon Dance|p2a: Roaring Moon\n|-boost|p2a: Roaring Moon|atk|1\n|-boost|p2a: Roaring Moon|spe|1\n|move|p1a: Volcanion|Roar|p2a: Roaring Moon\n|-end|p2a: Roaring Moon|Protosynthesis|[silent]\n|drag|p2a: Gengar|Gengar, M|100\/100\n|\n|upkeep\n|turn|14\n|\n|t:|1699059722\n|move|p1a: Volcanion|Flamethrower|p2a: Gengar\n|-damage|p2a: Gengar|29\/100\n|-start|p1a: Volcanion|Disable|Flamethrower|[from] ability: Cursed Body|[of] p2a: Gengar\n|move|p2a: Gengar|Thunder|p1a: Volcanion\n|-supereffective|p1a: Volcanion\n|-damage|p1a: Volcanion|11\/100\n|\n|-heal|p1a: Volcanion|17\/100|[from] item: Leftovers\n|upkeep\n|turn|15\n|\n|t:|1699059727\n|move|p1a: Volcanion|Flame Charge|p2a: Gengar\n|-damage|p2a: Gengar|0 fnt\n|-boost|p1a: Volcanion|spe|1\n|faint|p2a: Gengar\n|\n|-heal|p1a: Volcanion|23\/100|[from] item: Leftovers\n|upkeep\n|\n|t:|1699059746\n|switch|p2a: Tinkaton|Tinkaton, F|100\/100\n|-ability|p2a: Tinkaton|Mold Breaker\n|turn|16\n|\n|t:|1699059755\n|move|p1a: Volcanion|Flame Charge|p2a: Tinkaton\n|-supereffective|p2a: Tinkaton\n|-damage|p2a: Tinkaton|73\/100\n|-boost|p1a: Volcanion|spe|1\n|move|p2a: Tinkaton|Thunder Wave|p1a: Volcanion\n|-status|p1a: Volcanion|par\n|\n|-heal|p1a: Volcanion|29\/100 par|[from] item: Leftovers\n|-heal|p2a: Tinkaton|79\/100|[from] item: Leftovers\n|upkeep\n|turn|17\n|\n|t:|1699059758\n|cant|p1a: Volcanion|par\n|move|p2a: Tinkaton|Knock Off|p1a: Volcanion\n|-damage|p1a: Volcanion|11\/100 par\n|-enditem|p1a: Volcanion|Leftovers|[from] move: Knock Off|[of] p2a: Tinkaton\n|\n|-heal|p2a: Tinkaton|85\/100|[from] item: Leftovers\n|-end|p1a: Volcanion|Disable\n|upkeep\n|turn|18\n|\n|t:|1699059764\n|cant|p1a: Volcanion|par\n|move|p2a: Tinkaton|Knock Off|p1a: Volcanion\n|-damage|p1a: Volcanion|1\/100 par\n|\n|-heal|p2a: Tinkaton|91\/100|[from] item: Leftovers\n|upkeep\n|turn|19\n|\n|t:|1699059766\n|move|p1a: Volcanion|Flamethrower|p2a: Tinkaton\n|-supereffective|p2a: Tinkaton\n|-damage|p2a: Tinkaton|14\/100\n|move|p2a: Tinkaton|Knock Off|p1a: Volcanion\n|-damage|p1a: Volcanion|0 fnt\n|faint|p1a: Volcanion\n|\n|-heal|p2a: Tinkaton|20\/100|[from] item: Leftovers\n|upkeep\n|\n|t:|1699059769\n|switch|p1a: Glimmora|Glimmora, M, shiny|100\/100\n|turn|20\n|\n|t:|1699059774\n|move|p1a: Glimmora|Acid Armor|p1a: Glimmora\n|-boost|p1a: Glimmora|def|2\n|move|p2a: Tinkaton|Thunder Wave|p1a: Glimmora\n|-status|p1a: Glimmora|par\n|\n|-heal|p2a: Tinkaton|26\/100|[from] item: Leftovers\n|upkeep\n|turn|21\n|\n|t:|1699059783\n|move|p2a: Tinkaton|Knock Off|p1a: Glimmora\n|-damage|p1a: Glimmora|90\/100 par\n|-damage|p2a: Tinkaton|9\/100|[from] item: Rocky Helmet|[of] p1a: Glimmora\n|-activate|p1a: Glimmora|ability: Toxic Debris\n|-sidestart|p2: LingLing007|move: Toxic Spikes\n|-enditem|p1a: Glimmora|Rocky Helmet|[from] move: Knock Off|[of] p2a: Tinkaton\n|move|p1a: Glimmora|Energy Ball|p2a: Tinkaton\n|-resisted|p2a: Tinkaton\n|-damage|p2a: Tinkaton|0 fnt\n|faint|p2a: Tinkaton\n|\n|upkeep\n|\n|t:|1699059789\n|switch|p2a: Gliscor|Gliscor, M|100\/100\n|turn|22\n|\n|t:|1699059792\n|switch|p1a: Glimmora|Glimmora, M, shiny|100\/100\n|move|p2a: Gliscor|Spikes|p1a: Glimmora\n|-sidestart|p1: RickCapotaUno|Spikes\n|\n|-status|p2a: Gliscor|tox|[from] item: Toxic Orb\n|upkeep\n|turn|23\n|\n|t:|1699059799\n|move|p1a: Glimmora|Calm Mind|p1a: Glimmora\n|-boost|p1a: Glimmora|spa|1\n|-boost|p1a: Glimmora|spd|1\n|move|p2a: Gliscor|Earthquake|p1a: Glimmora\n|-damage|p1a: Glimmora|33\/100\n|replace|p1a: Zoroark|Zoroark-Hisui, F, shiny\n|-end|p1a: Zoroark|Illusion\n|\n|-heal|p1a: Zoroark|39\/100|[from] item: Leftovers\n|upkeep\n|turn|24\n|\n|t:|1699059810\n|move|p1a: Zoroark|Psychic|p2a: Gliscor\n|-damage|p2a: Gliscor|50\/100 tox\n|move|p2a: Gliscor|Earthquake|p1a: Zoroark\n|-damage|p1a: Zoroark|0 fnt\n|faint|p1a: Zoroark\n|\n|-heal|p2a: Gliscor|62\/100 tox|[from] ability: Poison Heal\n|upkeep\n|\n|t:|1699059814\n|switch|p1a: Kommo-o|Kommo-o, F, shiny|100\/100\n|-damage|p1a: Kommo-o|88\/100|[from] Spikes\n|turn|25\n|\n|t:|1699059827\n|move|p1a: Kommo-o|Clangorous Soul|p1a: Kommo-o\n|-boost|p1a: Kommo-o|atk|1\n|-boost|p1a: Kommo-o|def|1\n|-boost|p1a: Kommo-o|spa|1\n|-boost|p1a: Kommo-o|spd|1\n|-boost|p1a: Kommo-o|spe|1\n|-damage|p1a: Kommo-o|55\/100\n|move|p2a: Gliscor|Toxic|p1a: Kommo-o\n|-status|p1a: Kommo-o|tox\n|\n|-damage|p1a: Kommo-o|49\/100 tox|[from] psn\n|-heal|p2a: Gliscor|75\/100 tox|[from] ability: Poison Heal\n|upkeep\n|turn|26\n|\n|t:|1699059832\n|move|p2a: Gliscor|Protect|p2a: Gliscor\n|-singleturn|p2a: Gliscor|Protect\n|move|p1a: Kommo-o|Ice Punch|p2a: Gliscor\n|-activate|p2a: Gliscor|move: Protect\n|\n|-damage|p1a: Kommo-o|37\/100 tox|[from] psn\n|-heal|p2a: Gliscor|87\/100 tox|[from] ability: Poison Heal\n|upkeep\n|turn|27\n|\n|t:|1699059841\n|-terastallize|p2a: Gliscor|Water\n|move|p1a: Kommo-o|Ice Punch|p2a: Gliscor\n|-resisted|p2a: Gliscor\n|-damage|p2a: Gliscor|76\/100 tox\n|move|p2a: Gliscor|Spikes|p1a: Kommo-o\n|-sidestart|p1: RickCapotaUno|Spikes\n|\n|-damage|p1a: Kommo-o|18\/100 tox|[from] psn\n|-heal|p2a: Gliscor|88\/100 tox|[from] ability: Poison Heal\n|upkeep\n|-enditem|p1a: Kommo-o|Aguav Berry|[eat]\n|-heal|p1a: Kommo-o|51\/100 tox|[from] item: Aguav Berry\n|turn|28\n|\n|t:|1699059846\n|move|p2a: Gliscor|Protect|p2a: Gliscor\n|-singleturn|p2a: Gliscor|Protect\n|move|p1a: Kommo-o|Drain Punch|p2a: Gliscor\n|-activate|p2a: Gliscor|move: Protect\n|\n|-damage|p1a: Kommo-o|27\/100 tox|[from] psn\n|-heal|p2a: Gliscor|100\/100 tox|[from] ability: Poison Heal\n|upkeep\n|turn|29\n|\n|t:|1699059853\n|move|p1a: Kommo-o|Drain Punch|p2a: Gliscor\n|-damage|p2a: Gliscor|66\/100 tox\n|-heal|p1a: Kommo-o|48\/100 tox|[from] drain|[of] p2a: Gliscor\n|move|p2a: Gliscor|Spikes|p1a: Kommo-o\n|-sidestart|p1: RickCapotaUno|Spikes\n|\n|-damage|p1a: Kommo-o|17\/100 tox|[from] psn\n|-heal|p2a: Gliscor|79\/100 tox|[from] ability: Poison Heal\n|upkeep\n|turn|30\n|\n|t:|1699059856\n|move|p2a: Gliscor|Protect|p2a: Gliscor\n|-singleturn|p2a: Gliscor|Protect\n|move|p1a: Kommo-o|Iron Head|p2a: Gliscor\n|-activate|p2a: Gliscor|move: Protect\n|\n|-damage|p1a: Kommo-o|0 fnt|[from] psn\n|faint|p1a: Kommo-o\n|-heal|p2a: Gliscor|91\/100 tox|[from] ability: Poison Heal\n|upkeep\n|\n|t:|1699059857\n|switch|p1a: Glimmora|Glimmora, M, shiny|90\/100 par\n|-damage|p1a: Glimmora|65\/100 par|[from] Spikes\n|turn|31\n|\n|t:|1699059861\n|move|p2a: Gliscor|Earthquake|p1a: Glimmora\n|-supereffective|p1a: Glimmora\n|-damage|p1a: Glimmora|0 fnt\n|-activate|p1a: Glimmora|ability: Toxic Debris\n|-sidestart|p2: LingLing007|move: Toxic Spikes\n|faint|p1a: Glimmora\n|\n|win|LingLing007\n|raw|RickCapotaUno's rating: 1158 &rarr; <strong>1139<\/strong><br \/>(-19 for losing)\n|raw|LingLing007's rating: 1240 &rarr; <strong>1259<\/strong><br \/>(+19 for winning)\n|l|\u2606RickCapotaUno\n|c|\u2606LingLing007|gg\n","uploadtime":1699059917,"views":11,"p1id":"rickcapotauno","p2id":"lingling007","formatid":"gen9anythinggoes","rating":1139,"private":0,"password":""}