{"id":"gen9anythinggoes-1992130238","p1":"ItsCapman","p2":"xxxlaniusxxx","format":"[Gen 9] Anything Goes","log":"|j|\u2606ItsCapman\n|j|\u2606xxxlaniusxxx\n|t:|1700157542\n|gametype|singles\n|player|p1|ItsCapman|palmer|\n|player|p2|xxxlaniusxxx|cynthia-gen4|\n|teamsize|p1|6\n|teamsize|p2|6\n|gen|9\n|tier|[Gen 9] Anything Goes\n|rule|HP Percentage Mod: HP is shown in percentages\n|rule|Endless Battle Clause: Forcing endless battles is banned\n|clearpoke\n|poke|p1|Iron Bundle|\n|poke|p1|Okidogi, M|\n|poke|p1|Ting-Lu|\n|poke|p1|Goodra-Hisui, F|\n|poke|p1|Cresselia, F|\n|poke|p1|Sableye, F|\n|poke|p2|Uxie|\n|poke|p2|Umbreon, F|\n|poke|p2|Urshifu-*, F|\n|poke|p2|Lycanroc-Dusk, F|\n|poke|p2|Dragapult, F|\n|poke|p2|Scizor, F|\n|teampreview\n|inactive|Battle timer is ON: inactive players will automatically lose when time's up. (requested by ItsCapman)\n|inactiveoff|Battle timer is now OFF.\n|c|\u2606ItsCapman|gl hf\n|c|\u2606xxxlaniusxxx|dir auch\n|\n|t:|1700157604\n|start\n|switch|p1a: Okidogi|Okidogi, M|100\/100\n|switch|p2a: Urshifu|Urshifu-Rapid-Strike, F|100\/100\n|turn|1\n|\n|t:|1700157637\n|move|p1a: Okidogi|Poison Jab|p2a: Urshifu\n|-damage|p2a: Urshifu|58\/100\n|move|p2a: Urshifu|Substitute|p2a: Urshifu\n|-start|p2a: Urshifu|Substitute\n|-damage|p2a: Urshifu|34\/100\n|\n|upkeep\n|turn|2\n|\n|t:|1700157647\n|move|p1a: Okidogi|Poison Jab|p2a: Urshifu\n|-end|p2a: Urshifu|Substitute\n|move|p2a: Urshifu|Surging Strikes|p1a: Okidogi\n|-crit|p1a: Okidogi\n|-damage|p1a: Okidogi|79\/100\n|-crit|p1a: Okidogi\n|-damage|p1a: Okidogi|59\/100\n|-crit|p1a: Okidogi\n|-damage|p1a: Okidogi|40\/100\n|-hitcount|p1a: Okidogi|3\n|\n|upkeep\n|turn|3\n|\n|t:|1700157657\n|switch|p2a: Scizor|Scizor, F|100\/100\n|move|p1a: Okidogi|Poison Jab|p2a: Scizor\n|-immune|p2a: Scizor\n|\n|upkeep\n|turn|4\n|\n|t:|1700157667\n|switch|p1a: Goodra|Goodra-Hisui, F|100\/100\n|move|p2a: Scizor|U-turn|p1a: Goodra\n|-resisted|p1a: Goodra\n|-damage|p1a: Goodra|85\/100\n|\n|t:|1700157682\n|switch|p2a: Uxie|Uxie|100\/100|[from] U-turn\n|\n|upkeep\n|turn|5\n|\n|t:|1700157691\n|move|p2a: Uxie|Stealth Rock|p1a: Goodra\n|-sidestart|p1: ItsCapman|move: Stealth Rock\n|move|p1a: Goodra|Knock Off|p2a: Uxie\n|-supereffective|p2a: Uxie\n|-damage|p2a: Uxie|76\/100\n|-enditem|p2a: Uxie|Leftovers|[from] move: Knock Off|[of] p1a: Goodra\n|\n|upkeep\n|turn|6\n|\n|t:|1700157703\n|switch|p1a: Sableye|Sableye, F, shiny|100\/100\n|-damage|p1a: Sableye|88\/100|[from] Stealth Rock\n|move|p2a: Uxie|Knock Off|p1a: Sableye\n|-damage|p1a: Sableye|70\/100\n|-enditem|p1a: Sableye|Light Clay|[from] move: Knock Off|[of] p2a: Uxie\n|\n|upkeep\n|turn|7\n|\n|t:|1700157716\n|switch|p2a: Umbreon|Umbreon, F|100\/100\n|move|p1a: Sableye|Will-O-Wisp|p2a: Umbreon\n|-hint|Since gen 7, Dark is immune to Prankster moves.\n|-immune|p2a: Umbreon\n|\n|upkeep\n|turn|8\n|\n|t:|1700157726\n|move|p2a: Umbreon|Baton Pass|p2a: Umbreon\n|\n|t:|1700157736\n|switch|p2a: Scizor|Scizor, F|100\/100|[from] Baton Pass\n|move|p1a: Sableye|Knock Off|p2a: Scizor\n|-damage|p2a: Scizor|80\/100\n|-enditem|p2a: Scizor|Heavy-Duty Boots|[from] move: Knock Off|[of] p1a: Sableye\n|\n|upkeep\n|turn|9\n|\n|t:|1700157746\n|switch|p2a: Umbreon|Umbreon, F|100\/100\n|move|p1a: Sableye|Will-O-Wisp|p2a: Umbreon\n|-hint|Since gen 7, Dark is immune to Prankster moves.\n|-immune|p2a: Umbreon\n|\n|upkeep\n|turn|10\n|\n|t:|1700157753\n|move|p1a: Sableye|Will-O-Wisp|p2a: Umbreon\n|-hint|Since gen 7, Dark is immune to Prankster moves.\n|-immune|p2a: Umbreon\n|move|p2a: Umbreon|Toxic|p1a: Sableye|[miss]\n|-miss|p2a: Umbreon|p1a: Sableye\n|\n|upkeep\n|turn|11\n|\n|t:|1700157761\n|switch|p1a: Goodra|Goodra-Hisui, F|85\/100\n|-damage|p1a: Goodra|79\/100|[from] Stealth Rock\n|move|p2a: Umbreon|Toxic|p1a: Goodra\n|-immune|p1a: Goodra\n|\n|upkeep\n|turn|12\n|\n|t:|1700157770\n|move|p2a: Umbreon|Wish|p2a: Umbreon\n|move|p1a: Goodra|Knock Off|p2a: Umbreon\n|-resisted|p2a: Umbreon\n|-damage|p2a: Umbreon|92\/100\n|-enditem|p2a: Umbreon|Heavy-Duty Boots|[from] move: Knock Off|[of] p1a: Goodra\n|\n|upkeep\n|turn|13\n|\n|t:|1700157799\n|switch|p2a: Scizor|Scizor, F|80\/100\n|switch|p1a: Sableye|Sableye, F, shiny|70\/100\n|-damage|p1a: Sableye|58\/100|[from] Stealth Rock\n|\n|-heal|p2a: Scizor|100\/100|[from] move: Wish|[wisher] Umbreon\n|upkeep\n|turn|14\n|\n|t:|1700157808\n|switch|p2a: Umbreon|Umbreon, F|92\/100\n|move|p1a: Sableye|Will-O-Wisp|p2a: Umbreon\n|-hint|Since gen 7, Dark is immune to Prankster moves.\n|-immune|p2a: Umbreon\n|\n|upkeep\n|turn|15\n|\n|t:|1700157817\n|switch|p1a: Goodra|Goodra-Hisui, F|79\/100\n|-damage|p1a: Goodra|73\/100|[from] Stealth Rock\n|move|p2a: Umbreon|Wish|p2a: Umbreon\n|\n|upkeep\n|turn|16\n|\n|t:|1700157826\n|switch|p2a: Uxie|Uxie|76\/100\n|move|p1a: Goodra|Flamethrower|p2a: Uxie\n|-damage|p2a: Uxie|58\/100\n|\n|-heal|p2a: Uxie|100\/100|[from] move: Wish|[wisher] Umbreon\n|upkeep\n|turn|17\n|\n|t:|1700157838\n|switch|p1a: Ting-Lu|Ting-Lu|100\/100\n|-damage|p1a: Ting-Lu|94\/100|[from] Stealth Rock\n|-ability|p1a: Ting-Lu|Vessel of Ruin\n|move|p2a: Uxie|Knock Off|p1a: Ting-Lu\n|-resisted|p1a: Ting-Lu\n|-damage|p1a: Ting-Lu|92\/100\n|-enditem|p1a: Ting-Lu|Leftovers|[from] move: Knock Off|[of] p2a: Uxie\n|\n|upkeep\n|turn|18\n|\n|t:|1700157848\n|move|p2a: Uxie|U-turn|p1a: Ting-Lu\n|-supereffective|p1a: Ting-Lu\n|-damage|p1a: Ting-Lu|83\/100\n|\n|t:|1700157871\n|switch|p2a: Umbreon|Umbreon, F|92\/100|[from] U-turn\n|move|p1a: Ting-Lu|Stealth Rock|p2a: Umbreon\n|-sidestart|p2: xxxlaniusxxx|move: Stealth Rock\n|\n|upkeep\n|turn|19\n|\n|t:|1700157877\n|move|p2a: Umbreon|Toxic|p1a: Ting-Lu\n|-status|p1a: Ting-Lu|tox\n|move|p1a: Ting-Lu|Body Press|p2a: Umbreon\n|-supereffective|p2a: Umbreon\n|-damage|p2a: Umbreon|48\/100\n|\n|-damage|p1a: Ting-Lu|77\/100 tox|[from] psn\n|upkeep\n|turn|20\n|\n|t:|1700157892\n|switch|p2a: Scizor|Scizor, F|100\/100\n|-damage|p2a: Scizor|88\/100|[from] Stealth Rock\n|move|p1a: Ting-Lu|Ruination|p2a: Scizor\n|-damage|p2a: Scizor|45\/100\n|\n|-damage|p1a: Ting-Lu|65\/100 tox|[from] psn\n|upkeep\n|turn|21\n|\n|t:|1700157902\n|switch|p1a: Sableye|Sableye, F, shiny|58\/100\n|-damage|p1a: Sableye|46\/100|[from] Stealth Rock\n|move|p2a: Scizor|Defog|p1a: Sableye\n|-unboost|p1a: Sableye|evasion|1\n|-sideend|p1: ItsCapman|Stealth Rock|[from] move: Defog|[of] p2a: Scizor\n|-sideend|p2: xxxlaniusxxx|Stealth Rock|[from] move: Defog|[of] p2a: Scizor\n|\n|upkeep\n|turn|22\n|j| Nrox\n|\n|t:|1700157911\n|switch|p2a: Umbreon|Umbreon, F|48\/100\n|move|p1a: Sableye|Reflect|p1a: Sableye\n|-sidestart|p1: ItsCapman|Reflect\n|\n|upkeep\n|turn|23\n|l| Nrox\n|\n|t:|1700157917\n|switch|p1a: Ting-Lu|Ting-Lu|65\/100 tox\n|-ability|p1a: Ting-Lu|Vessel of Ruin\n|move|p2a: Umbreon|Wish|p2a: Umbreon\n|\n|-damage|p1a: Ting-Lu|58\/100 tox|[from] psn\n|upkeep\n|turn|24\n|j| Nrox\n|\n|t:|1700157927\n|move|p2a: Umbreon|Dark Pulse|p1a: Ting-Lu\n|-resisted|p1a: Ting-Lu\n|-damage|p1a: Ting-Lu|52\/100 tox\n|move|p1a: Ting-Lu|Stealth Rock|p2a: Umbreon\n|-sidestart|p2: xxxlaniusxxx|move: Stealth Rock\n|\n|-heal|p2a: Umbreon|98\/100|[from] move: Wish|[wisher] Umbreon\n|-damage|p1a: Ting-Lu|40\/100 tox|[from] psn\n|upkeep\n|turn|25\n|\n|t:|1700157942\n|switch|p1a: Goodra|Goodra-Hisui, F|73\/100\n|move|p2a: Umbreon|Wish|p2a: Umbreon\n|\n|upkeep\n|turn|26\n|c| Nrox|Shige guckt auch zu, on pressure\n|\n|t:|1700157956\n|move|p2a: Umbreon|Dark Pulse|p1a: Goodra\n|-damage|p1a: Goodra|67\/100\n|move|p1a: Goodra|Knock Off|p2a: Umbreon\n|-resisted|p2a: Umbreon\n|-damage|p2a: Umbreon|92\/100\n|\n|-heal|p2a: Umbreon|100\/100|[from] move: Wish|[wisher] Umbreon\n|-sideend|p1: ItsCapman|Reflect\n|upkeep\n|turn|27\n|\n|t:|1700157970\n|move|p2a: Umbreon|Wish|p2a: Umbreon\n|move|p1a: Goodra|Knock Off|p2a: Umbreon\n|-resisted|p2a: Umbreon\n|-damage|p2a: Umbreon|94\/100\n|\n|upkeep\n|turn|28\n|l| Nrox\n|j| Nrox\n|\n|t:|1700158001\n|switch|p2a: Urshifu|Urshifu-Rapid-Strike, F|34\/100\n|-damage|p2a: Urshifu|27\/100|[from] Stealth Rock\n|switch|p1a: Ting-Lu|Ting-Lu|40\/100 tox\n|-ability|p1a: Ting-Lu|Vessel of Ruin\n|\n|-heal|p2a: Urshifu|84\/100|[from] move: Wish|[wisher] Umbreon\n|-damage|p1a: Ting-Lu|34\/100 tox|[from] psn\n|upkeep\n|turn|29\n|\n|t:|1700158014\n|switch|p1a: Sableye|Sableye, F, shiny|46\/100\n|move|p2a: Urshifu|Substitute|p2a: Urshifu\n|-start|p2a: Urshifu|Substitute\n|-damage|p2a: Urshifu|59\/100\n|\n|upkeep\n|turn|30\n|\n|t:|1700158021\n|move|p1a: Sableye|Reflect|p1a: Sableye\n|-sidestart|p1: ItsCapman|Reflect\n|move|p2a: Urshifu|Surging Strikes|p1a: Sableye\n|-crit|p1a: Sableye\n|-damage|p1a: Sableye|14\/100\n|-crit|p1a: Sableye\n|-damage|p1a: Sableye|0 fnt\n|faint|p1a: Sableye\n|-hitcount|p1: Sableye|2\n|\n|upkeep\n|\n|t:|1700158032\n|switch|p1a: Okidogi|Okidogi, M|40\/100\n|turn|31\n|\n|t:|1700158049\n|move|p1a: Okidogi|Poison Jab|p2a: Urshifu\n|-end|p2a: Urshifu|Substitute\n|move|p2a: Urshifu|Surging Strikes|p1a: Okidogi\n|-crit|p1a: Okidogi\n|-damage|p1a: Okidogi|19\/100\n|-crit|p1a: Okidogi\n|-damage|p1a: Okidogi|0 fnt\n|faint|p1a: Okidogi\n|-hitcount|p1: Okidogi|2\n|\n|upkeep\n|l| Nrox\n|\n|t:|1700158071\n|switch|p1a: Cresselia|Cresselia, F|100\/100\n|turn|32\n|c|\u2606xxxlaniusxxx|Nrox ist gleichmal abgehauen\n|\n|t:|1700158086\n|move|p2a: Urshifu|Substitute|p2a: Urshifu\n|-start|p2a: Urshifu|Substitute\n|-damage|p2a: Urshifu|34\/100\n|move|p1a: Cresselia|Moonblast|p2a: Urshifu\n|-supereffective|p2a: Urshifu\n|-end|p2a: Urshifu|Substitute\n|\n|upkeep\n|turn|33\n|\n|t:|1700158102\n|switch|p2a: Uxie|Uxie|100\/100\n|-damage|p2a: Uxie|88\/100|[from] Stealth Rock\n|-terastallize|p1a: Cresselia|Electric\n|move|p1a: Cresselia|Moonblast|p2a: Uxie\n|-damage|p2a: Uxie|75\/100\n|-unboost|p2a: Uxie|spa|1\n|\n|upkeep\n|turn|34\n|\n|t:|1700158113\n|switch|p1a: Goodra|Goodra-Hisui, F|67\/100\n|move|p2a: Uxie|Knock Off|p1a: Goodra\n|-damage|p1a: Goodra|61\/100\n|-enditem|p1a: Goodra|Assault Vest|[from] move: Knock Off|[of] p2a: Uxie\n|\n|-sideend|p1: ItsCapman|Reflect\n|upkeep\n|turn|35\n|\n|t:|1700158131\n|move|p2a: Uxie|Stealth Rock|p1a: Goodra\n|-sidestart|p1: ItsCapman|move: Stealth Rock\n|move|p1a: Goodra|Knock Off|p2a: Uxie\n|-supereffective|p2a: Uxie\n|-damage|p2a: Uxie|59\/100\n|\n|upkeep\n|turn|36\n|\n|t:|1700158137\n|switch|p2a: Umbreon|Umbreon, F|94\/100\n|-damage|p2a: Umbreon|82\/100|[from] Stealth Rock\n|move|p1a: Goodra|Knock Off|p2a: Umbreon\n|-resisted|p2a: Umbreon\n|-damage|p2a: Umbreon|75\/100\n|\n|upkeep\n|turn|37\n|\n|t:|1700158148\n|move|p2a: Umbreon|Wish|p2a: Umbreon\n|move|p1a: Goodra|Flamethrower|p2a: Umbreon\n|-damage|p2a: Umbreon|63\/100\n|\n|upkeep\n|turn|38\n|\n|t:|1700158159\n|switch|p2a: Uxie|Uxie|59\/100\n|-damage|p2a: Uxie|47\/100|[from] Stealth Rock\n|move|p1a: Goodra|Flamethrower|p2a: Uxie\n|-damage|p2a: Uxie|28\/100\n|\n|-heal|p2a: Uxie|83\/100|[from] move: Wish|[wisher] Umbreon\n|upkeep\n|turn|39\n|\n|t:|1700158171\n|move|p2a: Uxie|Psychic|p1a: Goodra\n|-resisted|p1a: Goodra\n|-damage|p1a: Goodra|55\/100\n|move|p1a: Goodra|Flamethrower|p2a: Uxie\n|-damage|p2a: Uxie|67\/100\n|\n|upkeep\n|turn|40\n|j| EnOfFla\n|\n|t:|1700158182\n|move|p2a: Uxie|U-turn|p1a: Goodra\n|-resisted|p1a: Goodra\n|-damage|p1a: Goodra|50\/100\n|\n|t:|1700158185\n|switch|p2a: Umbreon|Umbreon, F|63\/100|[from] U-turn\n|-damage|p2a: Umbreon|50\/100|[from] Stealth Rock\n|move|p1a: Goodra|Flamethrower|p2a: Umbreon\n|-damage|p2a: Umbreon|39\/100\n|\n|upkeep\n|turn|41\n|\n|t:|1700158194\n|move|p2a: Umbreon|Wish|p2a: Umbreon\n|move|p1a: Goodra|Draco Meteor|p2a: Umbreon\n|-damage|p2a: Umbreon|15\/100\n|-unboost|p1a: Goodra|spa|2\n|\n|upkeep\n|turn|42\n|\n|t:|1700158205\n|switch|p1a: Cresselia|Cresselia, F, tera:Electric|100\/100\n|-damage|p1a: Cresselia|88\/100|[from] Stealth Rock\n|move|p2a: Umbreon|Toxic|p1a: Cresselia\n|-status|p1a: Cresselia|tox\n|-enditem|p1a: Cresselia|Lum Berry|[eat]\n|-curestatus|p1a: Cresselia|tox|[msg]\n|\n|-heal|p2a: Umbreon|65\/100|[from] move: Wish|[wisher] Umbreon\n|upkeep\n|turn|43\n|\n|t:|1700158217\n|switch|p1a: Ting-Lu|Ting-Lu|34\/100 tox\n|-damage|p1a: Ting-Lu|28\/100 tox|[from] Stealth Rock\n|-ability|p1a: Ting-Lu|Vessel of Ruin\n|move|p2a: Umbreon|Wish|p2a: Umbreon\n|\n|-damage|p1a: Ting-Lu|21\/100 tox|[from] psn\n|upkeep\n|turn|44\n|\n|t:|1700158228\n|move|p2a: Umbreon|Dark Pulse|p1a: Ting-Lu\n|-resisted|p1a: Ting-Lu\n|-damage|p1a: Ting-Lu|15\/100 tox\n|move|p1a: Ting-Lu|Ruination|p2a: Umbreon\n|-damage|p2a: Umbreon|33\/100\n|\n|-heal|p2a: Umbreon|83\/100|[from] move: Wish|[wisher] Umbreon\n|-damage|p1a: Ting-Lu|3\/100 tox|[from] psn\n|upkeep\n|turn|45\n|\n|t:|1700158238\n|move|p2a: Umbreon|Wish|p2a: Umbreon\n|move|p1a: Ting-Lu|Body Press|p2a: Umbreon\n|-supereffective|p2a: Umbreon\n|-damage|p2a: Umbreon|32\/100\n|\n|-damage|p1a: Ting-Lu|0 fnt|[from] psn\n|faint|p1a: Ting-Lu\n|upkeep\n|\n|t:|1700158252\n|switch|p1a: Iron Bundle|Iron Bundle|100\/100\n|-damage|p1a: Iron Bundle|76\/100|[from] Stealth Rock\n|-enditem|p1a: Iron Bundle|Booster Energy\n|-activate|p1a: Iron Bundle|ability: Quark Drive|[fromitem]\n|-start|p1a: Iron Bundle|quarkdrivespe\n|turn|46\n|\n|t:|1700158272\n|switch|p2a: Uxie|Uxie|67\/100\n|-damage|p2a: Uxie|54\/100|[from] Stealth Rock\n|move|p1a: Iron Bundle|Hydro Pump|p2a: Uxie|[miss]\n|-miss|p1a: Iron Bundle|p2a: Uxie\n|\n|-heal|p2a: Uxie|100\/100|[from] move: Wish|[wisher] Umbreon\n|upkeep\n|turn|47\n|\n|t:|1700158283\n|move|p1a: Iron Bundle|Hydro Pump|p2a: Uxie\n|-damage|p2a: Uxie|55\/100\n|move|p2a: Uxie|Psychic|p1a: Iron Bundle\n|-damage|p1a: Iron Bundle|22\/100\n|\n|upkeep\n|turn|48\n|\n|t:|1700158294\n|move|p1a: Iron Bundle|Hydro Pump|p2a: Uxie\n|-damage|p2a: Uxie|12\/100\n|move|p2a: Uxie|U-turn|p1a: Iron Bundle\n|-damage|p1a: Iron Bundle|11\/100\n|\n|t:|1700158305\n|switch|p2a: Lycanroc|Lycanroc-Dusk, F|100\/100|[from] U-turn\n|-damage|p2a: Lycanroc|88\/100|[from] Stealth Rock\n|\n|upkeep\n|turn|49\n|\n|t:|1700158310\n|move|p2a: Lycanroc|Accelerock|p1a: Iron Bundle\n|-supereffective|p1a: Iron Bundle\n|-damage|p1a: Iron Bundle|0 fnt\n|faint|p1a: Iron Bundle\n|-end|p1a: Iron Bundle|Quark Drive|[silent]\n|\n|upkeep\n|\n|t:|1700158315\n|switch|p1a: Cresselia|Cresselia, F, tera:Electric|88\/100\n|-damage|p1a: Cresselia|76\/100|[from] Stealth Rock\n|turn|50\n|\n|t:|1700158342\n|switch|p2a: Uxie|Uxie|12\/100\n|-damage|p2a: Uxie|0 fnt|[from] Stealth Rock\n|faint|p2a: Uxie\n|move|p1a: Cresselia|Calm Mind|p1a: Cresselia\n|-boost|p1a: Cresselia|spa|1\n|-boost|p1a: Cresselia|spd|1\n|\n|upkeep\n|\n|t:|1700158350\n|switch|p2a: Umbreon|Umbreon, F|32\/100\n|-damage|p2a: Umbreon|20\/100|[from] Stealth Rock\n|turn|51\n|\n|t:|1700158354\n|move|p1a: Cresselia|Moonblast|p2a: Umbreon\n|-supereffective|p2a: Umbreon\n|-damage|p2a: Umbreon|0 fnt\n|faint|p2a: Umbreon\n|\n|upkeep\n|\n|t:|1700158362\n|switch|p2a: Urshifu|Urshifu-Rapid-Strike, F|34\/100\n|-damage|p2a: Urshifu|28\/100|[from] Stealth Rock\n|turn|52\n|\n|t:|1700158367\n|move|p2a: Urshifu|Surging Strikes|p1a: Cresselia\n|-crit|p1a: Cresselia\n|-damage|p1a: Cresselia|64\/100\n|-crit|p1a: Cresselia\n|-damage|p1a: Cresselia|51\/100\n|-crit|p1a: Cresselia\n|-damage|p1a: Cresselia|40\/100\n|-hitcount|p1a: Cresselia|3\n|move|p1a: Cresselia|Moonblast|p2a: Urshifu\n|-supereffective|p2a: Urshifu\n|-damage|p2a: Urshifu|0 fnt\n|faint|p2a: Urshifu\n|\n|upkeep\n|\n|t:|1700158397\n|switch|p2a: Dragapult|Dragapult, F|100\/100\n|-damage|p2a: Dragapult|88\/100|[from] Stealth Rock\n|turn|53\n|\n|t:|1700158412\n|move|p2a: Dragapult|Dragon Darts|p1a: Cresselia\n|-damage|p1a: Cresselia|24\/100\n|-anim|p2a: Dragapult|Dragon Darts|p1a: Cresselia\n|-damage|p1a: Cresselia|9\/100\n|-damage|p2a: Dragapult|78\/100|[from] item: Life Orb\n|move|p1a: Cresselia|Moonlight|p1a: Cresselia\n|-heal|p1a: Cresselia|59\/100\n|\n|upkeep\n|turn|54\n|\n|t:|1700158425\n|move|p2a: Dragapult|Will-O-Wisp|p1a: Cresselia\n|-status|p1a: Cresselia|brn\n|move|p1a: Cresselia|Moonlight|p1a: Cresselia\n|-heal|p1a: Cresselia|100\/100 brn\n|\n|-damage|p1a: Cresselia|94\/100 brn|[from] brn\n|upkeep\n|turn|55\n|\n|t:|1700158434\n|switch|p2a: Scizor|Scizor, F|45\/100\n|-damage|p2a: Scizor|32\/100|[from] Stealth Rock\n|move|p1a: Cresselia|Moonblast|p2a: Scizor\n|-resisted|p2a: Scizor\n|-damage|p2a: Scizor|16\/100\n|\n|-damage|p1a: Cresselia|88\/100 brn|[from] brn\n|upkeep\n|turn|56\n|\n|t:|1700158452\n|move|p1a: Cresselia|Thunderbolt|p2a: Scizor\n|-damage|p2a: Scizor|0 fnt\n|faint|p2a: Scizor\n|\n|-damage|p1a: Cresselia|82\/100 brn|[from] brn\n|upkeep\n|\n|t:|1700158460\n|switch|p2a: Dragapult|Dragapult, F|78\/100\n|-damage|p2a: Dragapult|66\/100|[from] Stealth Rock\n|turn|57\n|j| Nrox\n|\n|t:|1700158471\n|move|p2a: Dragapult|Hex|p1a: Cresselia\n|-damage|p1a: Cresselia|57\/100 brn\n|-damage|p2a: Dragapult|56\/100|[from] item: Life Orb\n|move|p1a: Cresselia|Moonblast|p2a: Dragapult\n|-supereffective|p2a: Dragapult\n|-crit|p2a: Dragapult\n|-damage|p2a: Dragapult|0 fnt\n|faint|p2a: Dragapult\n|\n|-damage|p1a: Cresselia|51\/100 brn|[from] brn\n|upkeep\n|\n|t:|1700158481\n|switch|p2a: Lycanroc|Lycanroc-Dusk, F|88\/100\n|-damage|p2a: Lycanroc|76\/100|[from] Stealth Rock\n|turn|58\n|\n|t:|1700158507\n|move|p2a: Lycanroc|Stone Edge|p1a: Cresselia\n|-damage|p1a: Cresselia|21\/100 brn\n|move|p1a: Cresselia|Thunderbolt|p2a: Lycanroc\n|-damage|p2a: Lycanroc|14\/100\n|-status|p2a: Lycanroc|par\n|\n|-damage|p1a: Cresselia|15\/100 brn|[from] brn\n|upkeep\n|turn|59\n|\n|t:|1700158516\n|move|p2a: Lycanroc|Accelerock|p1a: Cresselia\n|-damage|p1a: Cresselia|0 fnt\n|faint|p1a: Cresselia\n|\n|upkeep\n|\n|t:|1700158520\n|switch|p1a: Goodra|Goodra-Hisui, F|50\/100\n|-damage|p1a: Goodra|44\/100|[from] Stealth Rock\n|turn|60\n|\n|t:|1700158527\n|move|p2a: Lycanroc|Close Combat|p1a: Goodra\n|-supereffective|p1a: Goodra\n|-damage|p1a: Goodra|0 fnt\n|-unboost|p2a: Lycanroc|def|1\n|-unboost|p2a: Lycanroc|spd|1\n|faint|p1a: Goodra\n|\n|win|xxxlaniusxxx\n|c|\u2606xxxlaniusxxx|gg\n|c|\u2606ItsCapman|gg\n|l| Nrox\n","uploadtime":1700158578,"views":34,"p1id":"itscapman","p2id":"xxxlaniusxxx","formatid":"gen9anythinggoes","rating":0,"private":0,"password":""}