{"id":"gen9anythinggoes-1979286188","p1":"Etwando1","p2":"Un0Eg0","format":"[Gen 9] Anything Goes","log":"|j|\u2606Etwando1\n|j|\u2606Un0Eg0\n|t:|1698666535\n|gametype|singles\n|player|p1|Etwando1|fisherman-gen4|1332\n|player|p2|Un0Eg0|ash|1427\n|teamsize|p1|6\n|teamsize|p2|6\n|gen|9\n|tier|[Gen 9] Anything Goes\n|rated|\n|rule|HP Percentage Mod: HP is shown in percentages\n|rule|Endless Battle Clause: Forcing endless battles is banned\n|clearpoke\n|poke|p1|Ditto|\n|poke|p1|Palafin, F|\n|poke|p1|Garganacl, M|\n|poke|p1|Calyrex-Shadow|\n|poke|p1|Tinkaton, F|\n|poke|p1|Maushold-Four|\n|poke|p2|Kingambit, M|\n|poke|p2|Iron Valiant|\n|poke|p2|Iron Moth|\n|poke|p2|Dragonite, M|\n|poke|p2|Ceruledge, F|\n|poke|p2|Iron Hands|\n|teampreview\n|inactive|Battle timer is ON: inactive players will automatically lose when time's up. (requested by Un0Eg0)\n|inactive|Etwando1 also wants the timer to be on.\n|\n|t:|1698666548\n|start\n|switch|p1a: Calyrex|Calyrex-Shadow|100\/100\n|switch|p2a: Whampire|Dragonite, M|100\/100\n|-ability|p1a: Calyrex|As One\n|-ability|p1a: Calyrex|Unnerve\n|turn|1\n|\n|t:|1698666555\n|move|p1a: Calyrex|Nasty Plot|p1a: Calyrex\n|-boost|p1a: Calyrex|spa|2\n|move|p2a: Whampire|Earthquake|p1a: Calyrex\n|-damage|p1a: Calyrex|54\/100\n|\n|-heal|p1a: Calyrex|60\/100|[from] item: Leftovers\n|upkeep\n|turn|2\n|\n|t:|1698666560\n|move|p1a: Calyrex|Draining Kiss|p2a: Whampire\n|-supereffective|p2a: Whampire\n|-damage|p2a: Whampire|58\/100\n|-heal|p1a: Calyrex|90\/100|[from] drain|[of] p2a: Whampire\n|-enditem|p2a: Whampire|Weakness Policy\n|-boost|p2a: Whampire|atk|2|[from] item: Weakness Policy\n|-boost|p2a: Whampire|spa|2|[from] item: Weakness Policy\n|move|p2a: Whampire|Earthquake|p1a: Calyrex\n|-damage|p1a: Calyrex|0 fnt\n|faint|p1a: Calyrex\n|\n|upkeep\n|\n|t:|1698666581\n|switch|p1a: Maushold|Maushold-Four|100\/100\n|turn|3\n|\n|t:|1698666585\n|move|p2a: Whampire|Extreme Speed|p1a: Maushold\n|-damage|p1a: Maushold|3\/100\n|move|p1a: Maushold|Population Bomb|p2a: Whampire\n|-damage|p2a: Whampire|40\/100\n|-damage|p2a: Whampire|23\/100\n|-damage|p2a: Whampire|4\/100\n|-damage|p2a: Whampire|0 fnt\n|faint|p2a: Whampire\n|-hitcount|p2: Whampire|4\n|\n|upkeep\n|\n|t:|1698666592\n|switch|p2a: Ultimate Big Chill|Iron Moth|100\/100\n|turn|4\n|\n|t:|1698666597\n|move|p2a: Ultimate Big Chill|U-turn|p1a: Maushold\n|-damage|p1a: Maushold|0 fnt\n|faint|p1a: Maushold\n|\n|t:|1698666600\n|-end|p2a: Ultimate Big Chill|Quark Drive|[silent]\n|switch|p2a: Ben 10|Ceruledge, F|100\/100|[from] U-turn\n|\n|upkeep\n|l|\u2606Etwando1\n|inactive|Etwando1 disconnected and has a minute to reconnect!\n|player|p1|\n|inactive|Etwando1 has 30 seconds to reconnect!\n|j|\u2606Etwando1\n|inactive|Etwando1 reconnected and has 110 seconds left.\n|player|p1|Etwando1|fisherman-gen4\n|\n|t:|1698666655\n|switch|p1a: Palafin|Palafin, F|100\/100\n|turn|5\n|\n|t:|1698666658\n|move|p1a: Palafin|Aqua Tail|p2a: Ben 10|[miss]\n|-miss|p1a: Palafin|p2a: Ben 10\n|move|p2a: Ben 10|Swords Dance|p2a: Ben 10\n|-boost|p2a: Ben 10|atk|2\n|\n|upkeep\n|turn|6\n|\n|t:|1698666663\n|move|p1a: Palafin|Aqua Tail|p2a: Ben 10\n|-supereffective|p2a: Ben 10\n|-damage|p2a: Ben 10|12\/100\n|-ability|p2a: Ben 10|Weak Armor|boost\n|-unboost|p2a: Ben 10|def|1\n|-boost|p2a: Ben 10|spe|2\n|move|p2a: Ben 10|Bitter Blade|p1a: Palafin\n|-resisted|p1a: Palafin\n|-damage|p1a: Palafin|36\/100\n|-heal|p2a: Ben 10|50\/100|[from] drain|[of] p1a: Palafin\n|\n|upkeep\n|turn|7\n|inactive|Etwando1 has 120 seconds left.\n|\n|t:|1698666685\n|move|p2a: Ben 10|Shadow Sneak|p1a: Palafin\n|-damage|p1a: Palafin|0 fnt\n|faint|p1a: Palafin\n|\n|upkeep\n|\n|t:|1698666690\n|switch|p1a: Ditto|Ditto|100\/100\n|-transform|p1a: Ditto|p2a: Ben 10|[from] ability: Imposter\n|turn|8\n|inactive|Etwando1 has 120 seconds left.\n|\n|t:|1698666711\n|-terastallize|p1a: Ditto|Normal\n|move|p2a: Ben 10|Shadow Sneak|p1a: Ditto\n|-immune|p1a: Ditto\n|move|p1a: Ditto|Bitter Blade|p2a: Ben 10\n|-resisted|p2a: Ben 10\n|-damage|p2a: Ben 10|0 fnt\n|faint|p2a: Ben 10\n|\n|upkeep\n|\n|t:|1698666722\n|switch|p2a: Ultimate Big Chill|Iron Moth|100\/100\n|turn|9\n|\n|t:|1698666727\n|move|p1a: Ditto|Bitter Blade|p2a: Ultimate Big Chill\n|-resisted|p2a: Ultimate Big Chill\n|-damage|p2a: Ultimate Big Chill|19\/100\n|move|p2a: Ultimate Big Chill|Fiery Dance|p1a: Ditto\n|-damage|p1a: Ditto|37\/100\n|-boost|p2a: Ultimate Big Chill|spa|1\n|\n|upkeep\n|turn|10\n|\n|t:|1698666735\n|move|p1a: Ditto|Bitter Blade|p2a: Ultimate Big Chill\n|-resisted|p2a: Ultimate Big Chill\n|-damage|p2a: Ultimate Big Chill|0 fnt\n|-heal|p1a: Ditto|49\/100|[from] drain|[of] p2a: Ultimate Big Chill\n|faint|p2a: Ultimate Big Chill\n|-end|p2a: Ultimate Big Chill|Quark Drive|[silent]\n|\n|upkeep\n|\n|t:|1698666738\n|switch|p2a: Armadrillo|Iron Hands|100\/100\n|turn|11\n|\n|t:|1698666741\n|move|p1a: Ditto|Bitter Blade|p2a: Armadrillo\n|-damage|p2a: Armadrillo|41\/100\n|-heal|p1a: Ditto|100\/100|[from] drain|[of] p2a: Armadrillo\n|move|p2a: Armadrillo|Drain Punch|p1a: Ditto\n|-supereffective|p1a: Ditto\n|-damage|p1a: Ditto|0 fnt\n|-heal|p2a: Armadrillo|64\/100|[from] drain|[of] p1a: Ditto\n|faint|p1a: Ditto\n|\n|upkeep\n|\n|t:|1698666753\n|switch|p1a: Garganacl|Garganacl, M|100\/100\n|turn|12\n|\n|t:|1698666757\n|move|p2a: Armadrillo|Earthquake|p1a: Garganacl\n|-supereffective|p1a: Garganacl\n|-damage|p1a: Garganacl|49\/100\n|move|p1a: Garganacl|Earthquake|p2a: Armadrillo\n|-supereffective|p2a: Armadrillo\n|-damage|p2a: Armadrillo|25\/100\n|\n|-heal|p1a: Garganacl|55\/100|[from] item: Leftovers\n|upkeep\n|turn|13\n|\n|t:|1698666763\n|move|p2a: Armadrillo|Drain Punch|p1a: Garganacl\n|-supereffective|p1a: Garganacl\n|-damage|p1a: Garganacl|0 fnt\n|-heal|p2a: Armadrillo|46\/100|[from] drain|[of] p1a: Garganacl\n|faint|p1a: Garganacl\n|\n|upkeep\n|\n|t:|1698666767\n|switch|p1a: Tinkaton|Tinkaton, F|100\/100\n|-ability|p1a: Tinkaton|Mold Breaker\n|turn|14\n|\n|t:|1698666774\n|move|p1a: Tinkaton|Gigaton Hammer|p2a: Armadrillo\n|-resisted|p2a: Armadrillo\n|-crit|p2a: Armadrillo\n|-damage|p2a: Armadrillo|17\/100\n|move|p2a: Armadrillo|Earthquake|p1a: Tinkaton\n|-supereffective|p1a: Tinkaton\n|-damage|p1a: Tinkaton|0 fnt\n|faint|p1a: Tinkaton\n|\n|win|Un0Eg0\n|raw|Etwando1's rating: 1332 &rarr; <strong>1317<\/strong><br \/>(-15 for losing)\n|raw|Un0Eg0's rating: 1427 &rarr; <strong>1442<\/strong><br \/>(+15 for winning)\n|l|\u2606Etwando1\n","uploadtime":1698666783,"views":11,"p1id":"etwando1","p2id":"un0eg0","formatid":"gen9anythinggoes","rating":1317,"private":0,"password":""}