{"id":"gen9anythinggoes-1976605266","p1":"ubbbber","p2":"JayoticNL","format":"[Gen 9] Anything Goes","log":"|j|\u2606ubbbber\n|j|\u2606JayoticNL\n|t:|1698326526\n|gametype|singles\n|player|p1|ubbbber|ingo|1087\n|player|p2|JayoticNL|emmet|1141\n|teamsize|p1|6\n|teamsize|p2|6\n|gen|9\n|tier|[Gen 9] Anything Goes\n|rated|\n|rule|HP Percentage Mod: HP is shown in percentages\n|rule|Endless Battle Clause: Forcing endless battles is banned\n|clearpoke\n|poke|p1|Orthworm, M|\n|poke|p1|Kommo-o, F|\n|poke|p1|Corviknight, M|\n|poke|p1|Landorus-Therian, M|\n|poke|p1|Salamence, M|\n|poke|p1|Arcanine-Hisui, M|\n|poke|p2|Ditto|\n|poke|p2|Ditto|\n|poke|p2|Ditto|\n|poke|p2|Ditto|\n|poke|p2|Ditto|\n|poke|p2|Ditto|\n|teampreview\n|\n|t:|1698326530\n|start\n|switch|p1a: Orthworm|Orthworm, M|100\/100\n|switch|p2a: Ditto|Ditto|100\/100\n|-transform|p2a: Ditto|p1a: Orthworm|[from] ability: Imposter\n|turn|1\n|\n|t:|1698326539\n|move|p2a: Ditto|Steel Beam|p1a: Orthworm\n|-resisted|p1a: Orthworm\n|-damage|p1a: Orthworm|83\/100\n|-damage|p2a: Ditto|50\/100|[from] steelbeam\n|move|p1a: Orthworm|Shed Tail|p1a: Orthworm\n|-start|p1a: Orthworm|Substitute|[from] move: Shed Tail\n|-damage|p1a: Orthworm|33\/100\n|-enditem|p1a: Orthworm|Sitrus Berry|[eat]\n|-heal|p1a: Orthworm|58\/100|[from] item: Sitrus Berry\n|\n|t:|1698326550\n|switch|p1a: Kommo-o|Kommo-o, F|100\/100|[from] Shed Tail\n|\n|upkeep\n|turn|2\n|\n|t:|1698326553\n|move|p1a: Kommo-o|Clangorous Soul|p1a: Kommo-o\n|-boost|p1a: Kommo-o|atk|1\n|-boost|p1a: Kommo-o|def|1\n|-boost|p1a: Kommo-o|spa|1\n|-boost|p1a: Kommo-o|spd|1\n|-boost|p1a: Kommo-o|spe|1\n|-damage|p1a: Kommo-o|68\/100\n|-enditem|p1a: Kommo-o|Throat Spray\n|-boost|p1a: Kommo-o|spa|1|[from] item: Throat Spray\n|move|p2a: Ditto|Steel Beam|p1a: Kommo-o\n|-end|p1a: Kommo-o|Substitute\n|-damage|p2a: Ditto|0 fnt|[from] steelbeam\n|faint|p2a: Ditto\n|\n|upkeep\n|\n|t:|1698326556\n|switch|p2a: Ditto|Ditto|100\/100\n|-transform|p2a: Ditto|p1a: Kommo-o|[from] ability: Imposter\n|turn|3\n|\n|t:|1698326567\n|-terastallize|p1a: Kommo-o|Dragon\n|move|p2a: Ditto|Clanging Scales|p1a: Kommo-o\n|-supereffective|p1a: Kommo-o\n|-damage|p1a: Kommo-o|0 fnt\n|faint|p1a: Kommo-o\n|-unboost|p2a: Ditto|def|1\n|\n|upkeep\n|\n|t:|1698326577\n|switch|p1a: Arcanine|Arcanine-Hisui, M|100\/100\n|turn|4\n|\n|t:|1698326583\n|move|p2a: Ditto|Clanging Scales|p1a: Arcanine\n|-damage|p1a: Arcanine|0 fnt\n|faint|p1a: Arcanine\n|-unboost|p2a: Ditto|def|1\n|\n|upkeep\n|\n|t:|1698326589\n|switch|p1a: Corviknight|Corviknight, M|100\/100\n|turn|5\n|\n|t:|1698326593\n|move|p2a: Ditto|Clanging Scales|p1a: Corviknight\n|-resisted|p1a: Corviknight\n|-damage|p1a: Corviknight|52\/100\n|-unboost|p2a: Ditto|def|1\n|move|p1a: Corviknight|Defog|p2a: Ditto\n|-unboost|p2a: Ditto|evasion|1\n|\n|upkeep\n|turn|6\n|\n|t:|1698326601\n|move|p2a: Ditto|Clanging Scales|p1a: Corviknight\n|-resisted|p1a: Corviknight\n|-damage|p1a: Corviknight|0 fnt\n|faint|p1a: Corviknight\n|-unboost|p2a: Ditto|def|1\n|\n|upkeep\n|\n|t:|1698326605\n|switch|p1a: Salamence|Salamence, M|100\/100\n|turn|7\n|\n|t:|1698326608\n|move|p2a: Ditto|Clanging Scales|p1a: Salamence\n|-supereffective|p1a: Salamence\n|-enditem|p1a: Salamence|Focus Sash\n|-damage|p1a: Salamence|1\/100\n|-unboost|p2a: Ditto|def|1\n|move|p1a: Salamence|Dragon Claw|p2a: Ditto\n|-supereffective|p2a: Ditto\n|-damage|p2a: Ditto|0 fnt\n|faint|p2a: Ditto\n|-ability|p1a: Salamence|Moxie|boost\n|-boost|p1a: Salamence|atk|1\n|\n|upkeep\n|\n|t:|1698326612\n|switch|p2a: Ditto|Ditto|100\/100\n|-transform|p2a: Ditto|p1a: Salamence|[from] ability: Imposter\n|turn|8\n|\n|t:|1698326618\n|move|p2a: Ditto|Dragon Claw|p1a: Salamence\n|-supereffective|p1a: Salamence\n|-damage|p1a: Salamence|0 fnt\n|faint|p1a: Salamence\n|-ability|p2a: Ditto|Moxie|boost\n|-boost|p2a: Ditto|atk|1\n|\n|upkeep\n|\n|t:|1698326620\n|switch|p1a: Landorus|Landorus-Therian, M|100\/100\n|-ability|p1a: Landorus|Intimidate|boost\n|-unboost|p2a: Ditto|atk|1\n|turn|9\n|\n|t:|1698326624\n|move|p1a: Landorus|Rock Slide|p2a: Ditto\n|-supereffective|p2a: Ditto\n|-damage|p2a: Ditto|16\/100\n|move|p2a: Ditto|Dragon Claw|p1a: Landorus\n|-damage|p1a: Landorus|11\/100\n|\n|upkeep\n|turn|10\n|\n|t:|1698326632\n|move|p1a: Landorus|Rock Slide|p2a: Ditto\n|-supereffective|p2a: Ditto\n|-damage|p2a: Ditto|0 fnt\n|faint|p2a: Ditto\n|\n|upkeep\n|\n|t:|1698326634\n|switch|p2a: Ditto|Ditto|100\/100\n|-transform|p2a: Ditto|p1a: Landorus|[from] ability: Imposter\n|-ability|p2a: Ditto|Intimidate|boost\n|-unboost|p1a: Landorus|atk|1\n|turn|11\n|\n|t:|1698326642\n|move|p2a: Ditto|Hammer Arm|p1a: Landorus\n|-resisted|p1a: Landorus\n|-damage|p1a: Landorus|0 fnt\n|-unboost|p2a: Ditto|spe|1\n|faint|p1a: Landorus\n|\n|upkeep\n|\n|t:|1698326648\n|switch|p1a: Orthworm|Orthworm, M|58\/100\n|turn|12\n|\n|t:|1698326651\n|move|p2a: Ditto|Hammer Arm|p1a: Orthworm\n|-supereffective|p1a: Orthworm\n|-damage|p1a: Orthworm|6\/100\n|-unboost|p2a: Ditto|spe|1\n|move|p1a: Orthworm|Steel Beam|p2a: Ditto\n|-damage|p2a: Ditto|57\/100\n|-damage|p1a: Orthworm|0 fnt|[from] steelbeam\n|faint|p1a: Orthworm\n|\n|win|JayoticNL\n|raw|ubbbber's rating: 1087 &rarr; <strong>1068<\/strong><br \/>(-19 for losing)\n|raw|JayoticNL's rating: 1141 &rarr; <strong>1162<\/strong><br \/>(+21 for winning)\n|l|\u2606ubbbber\n","uploadtime":1698326665,"views":7,"p1id":"ubbbber","p2id":"jayoticnl","formatid":"gen9anythinggoes","rating":1068,"private":0,"password":""}