{"id":"gen9anythinggoes-1979630013","p1":"EnderEw","p2":"Mr. Deliwyrm","format":"[Gen 9] Anything Goes","log":"|j|\u2606EnderEw\n|j|\u2606Mr. Deliwyrm\n|t:|1698698149\n|gametype|singles\n|player|p1|EnderEw|giovanni|\n|player|p2|Mr. Deliwyrm|giovanni|\n|teamsize|p1|6\n|teamsize|p2|6\n|gen|9\n|tier|[Gen 9] Anything Goes\n|rule|HP Percentage Mod: HP is shown in percentages\n|rule|Endless Battle Clause: Forcing endless battles is banned\n|clearpoke\n|poke|p1|Trevenant, F|\n|poke|p1|Hatterene, F|\n|poke|p1|Vikavolt, F|\n|poke|p1|Probopass, F|\n|poke|p1|Sandy Shocks|\n|poke|p1|Gliscor, M|\n|poke|p2|Delibird, M|\n|poke|p2|Delibird, M|\n|poke|p2|Delibird, M|\n|poke|p2|Delibird, M|\n|poke|p2|Delibird, M|\n|poke|p2|Delibird, M|\n|teampreview\n|\n|t:|1698698156\n|start\n|switch|p1a: Hannah|Hatterene, F|100\/100\n|switch|p2a: Bob|Delibird, M, shiny|100\/100\n|turn|1\n|c|\u2606Mr. Deliwyrm|round 2 lets go\n|\n|t:|1698698164\n|move|p2a: Bob|Brave Bird|p1a: Hannah\n|-damage|p1a: Hannah|0 fnt\n|faint|p1a: Hannah\n|-damage|p2a: Bob|55\/100|[from] Recoil\n|\n|upkeep\n|\n|t:|1698698171\n|switch|p1a: Proscilla|Probopass, F|100\/100\n|turn|2\n|\n|t:|1698698178\n|switch|p2a: Deliwyrm IV|Delibird, M, shiny|100\/100\n|move|p1a: Proscilla|Heavy Slam|p2a: Deliwyrm IV\n|-supereffective|p2a: Deliwyrm IV\n|-damage|p2a: Deliwyrm IV|0 fnt\n|faint|p2a: Deliwyrm IV\n|\n|upkeep\n|\n|t:|1698698193\n|switch|p2a: Deliwyrm|Delibird, M, shiny|100\/100\n|turn|3\n|\n|t:|1698698197\n|move|p2a: Deliwyrm|Tailwind|p2a: Deliwyrm\n|-sidestart|p2: Mr. Deliwyrm|move: Tailwind\n|move|p1a: Proscilla|Flash Cannon|p2a: Deliwyrm\n|-supereffective|p2a: Deliwyrm\n|-enditem|p2a: Deliwyrm|Focus Sash\n|-damage|p2a: Deliwyrm|1\/100\n|\n|upkeep\n|turn|4\n|\n|t:|1698698213\n|switch|p1a: Trevor|Trevenant, F|100\/100\n|move|p2a: Deliwyrm|Reversal|p1a: Trevor\n|-immune|p1a: Trevor\n|\n|upkeep\n|turn|5\n|\n|t:|1698698243\n|move|p2a: Deliwyrm|Destiny Bond|p2a: Deliwyrm\n|-singlemove|p2a: Deliwyrm|Destiny Bond\n|move|p1a: Trevor|Knock Off|p2a: Deliwyrm\n|-damage|p2a: Deliwyrm|0 fnt\n|faint|p2a: Deliwyrm\n|-activate|p2a: Deliwyrm|move: Destiny Bond\n|faint|p1a: Trevor\n|\n|upkeep\n|\n|t:|1698698254\n|switch|p2a: Deliwyrm III|Delibird, M, shiny|100\/100\n|switch|p1a: Glenn|Gliscor, M|100\/100\n|turn|6\n|\n|t:|1698698261\n|move|p2a: Deliwyrm III|Ice Shard|p1a: Glenn\n|-supereffective|p1a: Glenn\n|-damage|p1a: Glenn|0 fnt\n|faint|p1a: Glenn\n|\n|-sideend|p2: Mr. Deliwyrm|move: Tailwind\n|upkeep\n|\n|t:|1698698267\n|switch|p1a: Proscilla|Probopass, F|100\/100\n|turn|7\n|\n|t:|1698698274\n|switch|p2a: Deliwyrm III jr.|Delibird, M, shiny|100\/100\n|move|p1a: Proscilla|Heavy Slam|p2a: Deliwyrm III jr.\n|-supereffective|p2a: Deliwyrm III jr.\n|-damage|p2a: Deliwyrm III jr.|0 fnt\n|faint|p2a: Deliwyrm III jr.\n|\n|upkeep\n|\n|t:|1698698283\n|switch|p2a: Deliwyrm II|Delibird, M, shiny|100\/100\n|turn|8\n|\n|t:|1698698288\n|move|p2a: Deliwyrm II|Agility|p2a: Deliwyrm II\n|-boost|p2a: Deliwyrm II|spe|2\n|move|p1a: Proscilla|Body Press|p2a: Deliwyrm II\n|-damage|p2a: Deliwyrm II|17\/100\n|\n|upkeep\n|turn|9\n|\n|t:|1698698297\n|move|p2a: Deliwyrm II|Reversal|p1a: Proscilla\n|-supereffective|p1a: Proscilla\n|-crit|p1a: Proscilla\n|-ability|p1a: Proscilla|Sturdy\n|-damage|p1a: Proscilla|1\/100\n|-enditem|p1a: Proscilla|Aguav Berry|[eat]\n|-heal|p1a: Proscilla|34\/100|[from] item: Aguav Berry\n|move|p1a: Proscilla|Flash Cannon|p2a: Deliwyrm II\n|-supereffective|p2a: Deliwyrm II\n|-damage|p2a: Deliwyrm II|0 fnt\n|faint|p2a: Deliwyrm II\n|\n|upkeep\n|\n|t:|1698698307\n|switch|p2a: Deliwyrm III|Delibird, M, shiny|100\/100\n|turn|10\n|\n|t:|1698698316\n|move|p2a: Deliwyrm III|Destiny Bond|p2a: Deliwyrm III\n|-singlemove|p2a: Deliwyrm III|Destiny Bond\n|move|p1a: Proscilla|Heavy Slam|p2a: Deliwyrm III\n|-supereffective|p2a: Deliwyrm III\n|-damage|p2a: Deliwyrm III|0 fnt\n|faint|p2a: Deliwyrm III\n|-activate|p2a: Deliwyrm III|move: Destiny Bond\n|faint|p1a: Proscilla\n|\n|upkeep\n|\n|t:|1698698324\n|switch|p2a: Bob|Delibird, M, shiny|55\/100\n|switch|p1a: Viktoria|Vikavolt, F, shiny|100\/100\n|turn|11\n|\n|t:|1698698334\n|move|p2a: Bob|Brave Bird|p1a: Viktoria\n|-damage|p1a: Viktoria|5\/100\n|-damage|p2a: Bob|7\/100|[from] Recoil\n|move|p1a: Viktoria|Volt Switch|p2a: Bob\n|-supereffective|p2a: Bob\n|-damage|p2a: Bob|0 fnt\n|faint|p2a: Bob\n|\n|win|EnderEw\n|c|\u2606Mr. Deliwyrm|ggwp\n|c|\u2606EnderEw|ggwp\n|c|\u2606EnderEw|close one\n","uploadtime":1698698362,"views":3,"p1id":"enderew","p2id":"mrdeliwyrm","formatid":"gen9anythinggoes","rating":0,"private":0,"password":""}