{"id":"gen9anythinggoes-1978919108","p1":"turtle weeeee boi","p2":"polompok","format":"[Gen 9] Anything Goes","log":"|j|\u203dturtle weeeee boi\n|j|\u2606polompok\n|t:|1698610215\n|gametype|singles\n|player|p1|turtle weeeee boi|benga|1203\n|player|p2|polompok|guitarist|1076\n|teamsize|p1|6\n|teamsize|p2|6\n|gen|9\n|tier|[Gen 9] Anything Goes\n|rated|\n|rule|HP Percentage Mod: HP is shown in percentages\n|rule|Endless Battle Clause: Forcing endless battles is banned\n|clearpoke\n|poke|p1|Lechonk, M|\n|poke|p1|Lechonk, M|\n|poke|p1|Lechonk, F|\n|poke|p1|Lechonk, F|\n|poke|p1|Lechonk, F|\n|poke|p1|Lechonk, M|\n|poke|p2|Calyrex-Ice|\n|poke|p2|Scream Tail|\n|poke|p2|Espathra, F|\n|poke|p2|Espeon, F|\n|poke|p2|Umbreon, F|\n|poke|p2|Drifblim, M|\n|teampreview\n|\n|t:|1698610229\n|start\n|switch|p1a: Lechonk|Lechonk, M|100\/100\n|switch|p2a: Espathra|Espathra, F|100\/100\n|turn|1\n|\n|t:|1698610239\n|-terastallize|p1a: Lechonk|Normal\n|move|p2a: Espathra|Protect|p2a: Espathra\n|-singleturn|p2a: Espathra|Protect\n|move|p1a: Lechonk|Body Slam|p2a: Espathra\n|-activate|p2a: Espathra|move: Protect\n|\n|-ability|p2a: Espathra|Speed Boost|boost\n|-boost|p2a: Espathra|spe|1\n|upkeep\n|turn|2\n|\n|t:|1698610250\n|move|p2a: Espathra|Substitute|p2a: Espathra\n|-start|p2a: Espathra|Substitute\n|-damage|p2a: Espathra|76\/100\n|move|p1a: Lechonk|Body Slam|p2a: Espathra\n|-end|p2a: Espathra|Substitute\n|\n|-ability|p2a: Espathra|Speed Boost|boost\n|-boost|p2a: Espathra|spe|1\n|upkeep\n|turn|3\n|\n|t:|1698610257\n|move|p2a: Espathra|Protect|p2a: Espathra\n|-singleturn|p2a: Espathra|Protect\n|move|p1a: Lechonk|Body Slam|p2a: Espathra\n|-activate|p2a: Espathra|move: Protect\n|\n|-ability|p2a: Espathra|Speed Boost|boost\n|-boost|p2a: Espathra|spe|1\n|upkeep\n|turn|4\n|\n|t:|1698610264\n|move|p2a: Espathra|Substitute|p2a: Espathra\n|-start|p2a: Espathra|Substitute\n|-damage|p2a: Espathra|51\/100\n|move|p1a: Lechonk|Body Slam|p2a: Espathra\n|-end|p2a: Espathra|Substitute\n|\n|-ability|p2a: Espathra|Speed Boost|boost\n|-boost|p2a: Espathra|spe|1\n|upkeep\n|turn|5\n|\n|t:|1698610273\n|move|p2a: Espathra|Protect|p2a: Espathra\n|-singleturn|p2a: Espathra|Protect\n|move|p1a: Lechonk|Body Slam|p2a: Espathra\n|-activate|p2a: Espathra|move: Protect\n|\n|-ability|p2a: Espathra|Speed Boost|boost\n|-boost|p2a: Espathra|spe|1\n|upkeep\n|turn|6\n|\n|t:|1698610281\n|move|p2a: Espathra|Substitute|p2a: Espathra\n|-start|p2a: Espathra|Substitute\n|-damage|p2a: Espathra|26\/100\n|move|p1a: Lechonk|Body Slam|p2a: Espathra\n|-end|p2a: Espathra|Substitute\n|\n|-ability|p2a: Espathra|Speed Boost|boost\n|-boost|p2a: Espathra|spe|1\n|upkeep\n|turn|7\n|\n|t:|1698610289\n|move|p2a: Espathra|Baton Pass|p2a: Espathra\n|\n|t:|1698610290\n|switch|p2a: Drifblim|Drifblim, M|100\/100|[from] Baton Pass\n|move|p1a: Lechonk|Body Slam|p2a: Drifblim\n|-immune|p2a: Drifblim\n|\n|upkeep\n|turn|8\n|\n|t:|1698610302\n|switch|p1a: Lechonk|Lechonk, M|100\/100\n|move|p2a: Drifblim|Will-O-Wisp|p1a: Lechonk\n|-status|p1a: Lechonk|brn\n|\n|-damage|p1a: Lechonk|94\/100 brn|[from] brn\n|upkeep\n|turn|9\n|\n|t:|1698610319\n|move|p2a: Drifblim|Minimize|p2a: Drifblim\n|-boost|p2a: Drifblim|evasion|2\n|move|p1a: Lechonk|Iron Head|p2a: Drifblim\n|-crit|p2a: Drifblim\n|-damage|p2a: Drifblim|85\/100\n|\n|-heal|p2a: Drifblim|92\/100|[from] item: Leftovers\n|-damage|p1a: Lechonk|88\/100 brn|[from] brn\n|upkeep\n|turn|10\n|inactive|Battle timer is ON: inactive players will automatically lose when time's up. (requested by polompok)\n|\n|t:|1698610348\n|move|p2a: Drifblim|Substitute|p2a: Drifblim\n|-start|p2a: Drifblim|Substitute\n|-damage|p2a: Drifblim|67\/100\n|move|p1a: Lechonk|Play Rough|p2a: Drifblim\n|-activate|p2a: Drifblim|move: Substitute|[damage]\n|\n|-heal|p2a: Drifblim|73\/100|[from] item: Leftovers\n|-damage|p1a: Lechonk|82\/100 brn|[from] brn\n|upkeep\n|turn|11\n|\n|t:|1698610356\n|move|p2a: Drifblim|Minimize|p2a: Drifblim\n|-boost|p2a: Drifblim|evasion|2\n|move|p1a: Lechonk|Play Rough|p2a: Drifblim\n|-activate|p2a: Drifblim|move: Substitute|[damage]\n|\n|-heal|p2a: Drifblim|79\/100|[from] item: Leftovers\n|-damage|p1a: Lechonk|76\/100 brn|[from] brn\n|upkeep\n|turn|12\n|\n|t:|1698610365\n|move|p2a: Drifblim|Minimize|p2a: Drifblim\n|-boost|p2a: Drifblim|evasion|2\n|move|p1a: Lechonk|Play Rough|p2a: Drifblim\n|-end|p2a: Drifblim|Substitute\n|\n|-heal|p2a: Drifblim|85\/100|[from] item: Leftovers\n|-damage|p1a: Lechonk|70\/100 brn|[from] brn\n|upkeep\n|turn|13\n|\n|t:|1698610374\n|move|p2a: Drifblim|Substitute|p2a: Drifblim\n|-start|p2a: Drifblim|Substitute\n|-damage|p2a: Drifblim|60\/100\n|move|p1a: Lechonk|Play Rough|p2a: Drifblim|[miss]\n|-miss|p1a: Lechonk|p2a: Drifblim\n|\n|-heal|p2a: Drifblim|67\/100|[from] item: Leftovers\n|-damage|p1a: Lechonk|64\/100 brn|[from] brn\n|upkeep\n|turn|14\n|\n|t:|1698610384\n|move|p2a: Drifblim|Baton Pass|p2a: Drifblim\n|\n|t:|1698610390\n|switch|p2a: Scream Tail|Scream Tail|100\/100|[from] Baton Pass\n|-enditem|p2a: Scream Tail|Booster Energy\n|-activate|p2a: Scream Tail|ability: Protosynthesis|[fromitem]\n|-start|p2a: Scream Tail|protosynthesisspe\n|move|p1a: Lechonk|Play Rough|p2a: Scream Tail|[miss]\n|-miss|p1a: Lechonk|p2a: Scream Tail\n|\n|-damage|p1a: Lechonk|58\/100 brn|[from] brn\n|upkeep\n|turn|15\n|\n|t:|1698610409\n|move|p2a: Scream Tail|Bulk Up|p2a: Scream Tail\n|-boost|p2a: Scream Tail|atk|1\n|-boost|p2a: Scream Tail|def|1\n|move|p1a: Lechonk|Iron Head|p2a: Scream Tail\n|-supereffective|p2a: Scream Tail\n|-activate|p2a: Scream Tail|move: Substitute|[damage]\n|\n|-damage|p1a: Lechonk|52\/100 brn|[from] brn\n|upkeep\n|turn|16\n|\n|t:|1698610419\n|move|p2a: Scream Tail|Bulk Up|p2a: Scream Tail\n|-boost|p2a: Scream Tail|atk|1\n|-boost|p2a: Scream Tail|def|1\n|move|p1a: Lechonk|Iron Head|p2a: Scream Tail\n|-supereffective|p2a: Scream Tail\n|-activate|p2a: Scream Tail|move: Substitute|[damage]\n|\n|-damage|p1a: Lechonk|46\/100 brn|[from] brn\n|upkeep\n|turn|17\n|\n|t:|1698610427\n|move|p2a: Scream Tail|Bulk Up|p2a: Scream Tail\n|-boost|p2a: Scream Tail|atk|1\n|-boost|p2a: Scream Tail|def|1\n|move|p1a: Lechonk|Iron Head|p2a: Scream Tail|[miss]\n|-miss|p1a: Lechonk|p2a: Scream Tail\n|\n|-damage|p1a: Lechonk|40\/100 brn|[from] brn\n|upkeep\n|turn|18\n|\n|t:|1698610435\n|move|p2a: Scream Tail|Bulk Up|p2a: Scream Tail\n|-boost|p2a: Scream Tail|atk|1\n|-boost|p2a: Scream Tail|def|1\n|move|p1a: Lechonk|Iron Head|p2a: Scream Tail|[miss]\n|-miss|p1a: Lechonk|p2a: Scream Tail\n|\n|-damage|p1a: Lechonk|34\/100 brn|[from] brn\n|upkeep\n|turn|19\n|-message|turtle weeeee boi forfeited.\n|\n|win|polompok\n|raw|turtle weeeee boi's rating: 1203 &rarr; <strong>1169<\/strong><br \/>(-34 for losing)\n|raw|polompok's rating: 1076 &rarr; <strong>1115<\/strong><br \/>(+39 for winning)\n","uploadtime":1698610444,"views":7,"p1id":"turtleweeeeeboi","p2id":"polompok","formatid":"gen9anythinggoes","rating":1115,"private":0,"password":""}