{"id":"gen9anythinggoes-1989283913","p1":"DukeGoolies","p2":"LimerplazYT","format":"[Gen 9] Anything Goes","log":"|j|\u2606DukeGoolies\n|j|\u2606LimerplazYT\n|t:|1699831738\n|gametype|singles\n|player|p1|DukeGoolies|266|\n|player|p2|LimerplazYT|dawn|\n|teamsize|p1|6\n|teamsize|p2|6\n|gen|9\n|tier|[Gen 9] Anything Goes\n|rule|HP Percentage Mod: HP is shown in percentages\n|rule|Endless Battle Clause: Forcing endless battles is banned\n|clearpoke\n|poke|p1|Dragapult, F|\n|poke|p1|Clefable, M|\n|poke|p1|Iron Moth|\n|poke|p1|Azumarill, M|\n|poke|p1|Zapdos|\n|poke|p1|Lucario, F|\n|poke|p2|Maushold-Four|\n|poke|p2|Cyclizar, M|\n|poke|p2|Polteageist|\n|poke|p2|Azelf|\n|poke|p2|Starly, M|\n|poke|p2|Chansey, F|\n|teampreview\n|j| weechunk\n|c|\u2606LimerplazYT|sorry for the delay\n|j| ssmithfd\n|\n|t:|1699831782\n|start\n|switch|p1a: Lucario|Lucario, F|100\/100\n|switch|p2a: BIRB|Starly, M|100\/100\n|turn|1\n|c| ssmithfd|who will win\n|c|\u2606LimerplazYT|a bird or a furry?\n|c| ssmithfd|bird\n|c|\u2606LimerplazYT|fr\n|\n|t:|1699831822\n|move|p1a: Lucario|Close Combat|p2a: BIRB\n|-enditem|p2a: BIRB|Focus Sash\n|-damage|p2a: BIRB|1\/100\n|-unboost|p1a: Lucario|def|1\n|-unboost|p1a: Lucario|spd|1\n|-damage|p1a: Lucario|91\/100|[from] item: Life Orb\n|move|p2a: BIRB|Endeavor|p1a: Lucario\n|-damage|p1a: Lucario|1\/100\n|\n|upkeep\n|turn|2\n|c| ssmithfd|oh god\n|\n|t:|1699831834\n|move|p1a: Lucario|Extreme Speed|p2a: BIRB\n|-damage|p2a: BIRB|0 fnt\n|faint|p2a: BIRB\n|-damage|p1a: Lucario|0 fnt|[from] item: Life Orb\n|faint|p1a: Lucario\n|\n|upkeep\n|c|\u2606LimerplazYT|op strat\n|c| ssmithfd|ok\n|c|\u2606LimerplazYT|looks like its a tie\n|c|\u2606LimerplazYT|is this still for your wife?\n|\n|t:|1699831873\n|switch|p1a: Dragapult|Dragapult, F|100\/100\n|switch|p2a: Cyclizar|Cyclizar, M|100\/100\n|turn|3\n|c| ssmithfd|?\n|\n|t:|1699831891\n|move|p1a: Dragapult|Dragon Darts|p2a: Cyclizar\n|-supereffective|p2a: Cyclizar\n|-damage|p2a: Cyclizar|63\/100\n|-anim|p1a: Dragapult|Dragon Darts|p2a: Cyclizar\n|-supereffective|p2a: Cyclizar\n|-damage|p2a: Cyclizar|25\/100\n|-enditem|p2a: Cyclizar|Aguav Berry|[eat]\n|-heal|p2a: Cyclizar|58\/100|[from] item: Aguav Berry\n|move|p2a: Cyclizar|Shed Tail|p2a: Cyclizar\n|-start|p2a: Cyclizar|Substitute|[from] move: Shed Tail\n|-damage|p2a: Cyclizar|8\/100\n|c|\u2606LimerplazYT|talking to the other guy\n|c| ssmithfd|k\n|\n|t:|1699831909\n|switch|p2a: BABY BOMB|Maushold-Four|100\/100|[from] Shed Tail\n|\n|upkeep\n|turn|4\n|c|\u2606LimerplazYT|last battle was to see if his wife left him or not\n|\n|t:|1699831955\n|move|p1a: Dragapult|Will-O-Wisp|p2a: BABY BOMB\n|-status|p2a: BABY BOMB|brn\n|move|p2a: BABY BOMB|Shadow Claw|p1a: Dragapult\n|-supereffective|p1a: Dragapult\n|-damage|p1a: Dragapult|77\/100\n|\n|-heal|p1a: Dragapult|83\/100|[from] item: Leftovers\n|-damage|p2a: BABY BOMB|94\/100 brn|[from] brn\n|upkeep\n|turn|5\n|c|\u2606LimerplazYT|noooooo\n|c|\u2606LimerplazYT|stupid infiltrator\n|\n|t:|1699831992\n|switch|p1a: Azumarill|Azumarill, M|100\/100\n|move|p2a: BABY BOMB|Shadow Claw|p1a: Azumarill\n|-damage|p1a: Azumarill|92\/100\n|\n|-damage|p2a: BABY BOMB|88\/100 brn|[from] brn\n|upkeep\n|turn|6\n|c|\u2606LimerplazYT|weechunk\n|\n|t:|1699832020\n|move|p1a: Azumarill|Aqua Jet|p2a: BABY BOMB\n|-end|p2a: BABY BOMB|Substitute\n|move|p2a: BABY BOMB|Population Bomb|p1a: Azumarill\n|-crit|p1a: Azumarill\n|-damage|p1a: Azumarill|82\/100\n|-damage|p1a: Azumarill|75\/100\n|-damage|p1a: Azumarill|68\/100\n|-damage|p1a: Azumarill|62\/100\n|-damage|p1a: Azumarill|55\/100\n|-hitcount|p1a: Azumarill|5\n|\n|-damage|p2a: BABY BOMB|82\/100 brn|[from] brn\n|upkeep\n|turn|7\n|\n|t:|1699832050\n|move|p2a: BABY BOMB|Population Bomb|p1a: Azumarill\n|-damage|p1a: Azumarill|49\/100\n|-damage|p1a: Azumarill|42\/100\n|-hitcount|p1a: Azumarill|2\n|move|p1a: Azumarill|Knock Off|p2a: BABY BOMB\n|-damage|p2a: BABY BOMB|36\/100 brn\n|-enditem|p2a: BABY BOMB|Silk Scarf|[from] move: Knock Off|[of] p1a: Azumarill\n|\n|-damage|p2a: BABY BOMB|30\/100 brn|[from] brn\n|upkeep\n|turn|8\n|c|\u2606LimerplazYT|ssmithfd\n|c| weechunk|is my husband winning\n|c|\u2606LimerplazYT|i can show you the bird strat after if you want\n|\n|t:|1699832074\n|move|p1a: Azumarill|Aqua Jet|p2a: BABY BOMB\n|-damage|p2a: BABY BOMB|4\/100 brn\n|move|p2a: BABY BOMB|Population Bomb|p1a: Azumarill\n|-damage|p1a: Azumarill|36\/100\n|-damage|p1a: Azumarill|31\/100\n|-crit|p1a: Azumarill\n|-damage|p1a: Azumarill|22\/100\n|-damage|p1a: Azumarill|16\/100\n|-damage|p1a: Azumarill|10\/100\n|-damage|p1a: Azumarill|5\/100\n|-damage|p1a: Azumarill|0 fnt\n|faint|p1a: Azumarill\n|-hitcount|p1: Azumarill|7\n|\n|-damage|p2a: BABY BOMB|0 fnt|[from] brn\n|faint|p2a: BABY BOMB\n|upkeep\n|c| ssmithfd|yea\n|c|\u2606LimerplazYT|ok\n|c|\u2606LimerplazYT|and heres another one\n|\n|t:|1699832118\n|switch|p2a: NUKE|Azelf|100\/100\n|switch|p1a: Clefable|Clefable, M|100\/100\n|turn|9\n|\n|t:|1699832138\n|move|p2a: NUKE|U-turn|p1a: Clefable\n|-resisted|p1a: Clefable\n|-damage|p1a: Clefable|90\/100\n|\n|t:|1699832144\n|switch|p2a: Cyclizar|Cyclizar, M|41\/100|[from] U-turn\n|move|p1a: Clefable|Stealth Rock|p2a: Cyclizar\n|-sidestart|p2: LimerplazYT|move: Stealth Rock\n|\n|-heal|p1a: Clefable|96\/100|[from] item: Leftovers\n|upkeep\n|turn|10\n|c|\u2606LimerplazYT|noooooo\n|\n|t:|1699832174\n|switch|p2a: NUKE|Azelf|100\/100\n|-damage|p2a: NUKE|88\/100|[from] Stealth Rock\n|move|p1a: Clefable|Wish|p1a: Clefable\n|\n|-heal|p1a: Clefable|100\/100|[from] item: Leftovers\n|upkeep\n|turn|11\n|\n|t:|1699832186\n|move|p2a: NUKE|Explosion|p1a: Clefable\n|-damage|p1a: Clefable|34\/100\n|faint|p2a: NUKE\n|move|p1a: Clefable|Moonblast|p2: NUKE|[notarget]\n|-fail|p1a: Clefable\n|\n|-heal|p1a: Clefable|84\/100|[from] move: Wish|[wisher] Clefable\n|-heal|p1a: Clefable|90\/100|[from] item: Leftovers\n|upkeep\n|c| weechunk|lol\n|c|\u2606LimerplazYT|bruh\n|c| weechunk|rekt\n|c|\u2606LimerplazYT|ive been rect before\n|\n|t:|1699832217\n|switch|p2a: Cyclizar|Cyclizar, M|74\/100\n|-damage|p2a: Cyclizar|62\/100|[from] Stealth Rock\n|turn|12\n|c|\u2606LimerplazYT|its ok\n|\n|t:|1699832236\n|move|p2a: Cyclizar|Shed Tail|p2a: Cyclizar\n|-start|p2a: Cyclizar|Substitute|[from] move: Shed Tail\n|-damage|p2a: Cyclizar|12\/100\n|\n|t:|1699832245\n|switch|p2a: Care for Tea?|Polteageist, shiny|100\/100|[from] Shed Tail\n|-damage|p2a: Care for Tea?|88\/100|[from] Stealth Rock\n|move|p1a: Clefable|Moonblast|p2a: Care for Tea?\n|-end|p2a: Care for Tea?|Substitute\n|\n|-heal|p1a: Clefable|96\/100|[from] item: Leftovers\n|upkeep\n|turn|13\n|c|\u2606LimerplazYT|teatime:)\n|\n|t:|1699832276\n|move|p2a: Care for Tea?|Shell Smash|p2a: Care for Tea?\n|-unboost|p2a: Care for Tea?|def|1\n|-unboost|p2a: Care for Tea?|spd|1\n|-boost|p2a: Care for Tea?|atk|2\n|-boost|p2a: Care for Tea?|spa|2\n|-boost|p2a: Care for Tea?|spe|2\n|move|p1a: Clefable|Moonblast|p2a: Care for Tea?\n|-damage|p2a: Care for Tea?|38\/100\n|\n|-heal|p1a: Clefable|100\/100|[from] item: Leftovers\n|upkeep\n|turn|14\n|\n|t:|1699832298\n|-terastallize|p2a: Care for Tea?|Psychic\n|move|p2a: Care for Tea?|Stored Power|p1a: Clefable\n|-crit|p1a: Clefable\n|-damage|p1a: Clefable|0 fnt\n|faint|p1a: Clefable\n|\n|upkeep\n|c|\u2606LimerplazYT|the op teapot\n|c| weechunk|whats the speed on him rn\n|\n|t:|1699832350\n|switch|p1a: Zapdos|Zapdos|100\/100\n|turn|15\n|c|\u2606LimerplazYT|im not telling you that\n|c| weechunk|y\n|c|\u2606LimerplazYT|why would i\n|\n|t:|1699832379\n|move|p2a: Care for Tea?|Endure|p2a: Care for Tea?\n|-singleturn|p2a: Care for Tea?|move: Endure\n|move|p1a: Zapdos|Tailwind|p1a: Zapdos\n|-sidestart|p1: DukeGoolies|move: Tailwind\n|\n|upkeep\n|turn|16\n|c|\u2606DukeGoolies|cuz of ur fat cock\n|c|\u2606LimerplazYT|wut is wrong with you\n|c|\u2606DukeGoolies|just playing some pokemon man\n|c|\u2606LimerplazYT|get a life man\n|inactive|Battle timer is ON: inactive players will automatically lose when time's up. (requested by LimerplazYT)\n|\n|t:|1699832440\n|move|p1a: Zapdos|Volt Switch|p2a: Care for Tea?\n|-damage|p2a: Care for Tea?|0 fnt\n|faint|p2a: Care for Tea?\n|c|\u2606LimerplazYT|gg\n|\n|t:|1699832458\n|switch|p1a: Iron Moth|Iron Moth|100\/100|[from] Volt Switch\n|-enditem|p1a: Iron Moth|Booster Energy\n|-activate|p1a: Iron Moth|ability: Quark Drive|[fromitem]\n|-start|p1a: Iron Moth|quarkdrivespe\n|\n|upkeep\n|\n|t:|1699832467\n|switch|p2a: Chansey|Chansey, F|100\/100\n|-damage|p2a: Chansey|88\/100|[from] Stealth Rock\n|turn|17\n|\n|t:|1699832488\n|move|p1a: Iron Moth|Energy Ball|p2a: Chansey\n|-damage|p2a: Chansey|79\/100\n|move|p2a: Chansey|Stealth Rock|p1a: Iron Moth\n|-sidestart|p1: DukeGoolies|move: Stealth Rock\n|\n|upkeep\n|turn|18\n|\n|t:|1699832495\n|move|p1a: Iron Moth|Sludge Wave|p2a: Chansey\n|-damage|p2a: Chansey|63\/100\n|move|p2a: Chansey|Seismic Toss|p1a: Iron Moth\n|-damage|p1a: Iron Moth|67\/100\n|\n|-sideend|p1: DukeGoolies|move: Tailwind\n|upkeep\n|turn|19\n|\n|t:|1699832505\n|move|p1a: Iron Moth|Fiery Dance|p2a: Chansey\n|-damage|p2a: Chansey|50\/100\n|-boost|p1a: Iron Moth|spa|1\n|move|p2a: Chansey|Seismic Toss|p1a: Iron Moth\n|-damage|p1a: Iron Moth|34\/100\n|\n|upkeep\n|turn|20\n|\n|t:|1699832520\n|move|p1a: Iron Moth|Sludge Wave|p2a: Chansey\n|-crit|p2a: Chansey\n|-damage|p2a: Chansey|16\/100\n|move|p2a: Chansey|Soft-Boiled|p2a: Chansey\n|-heal|p2a: Chansey|66\/100\n|\n|upkeep\n|turn|21\n|\n|t:|1699832536\n|move|p1a: Iron Moth|Sludge Wave|p2a: Chansey\n|-damage|p2a: Chansey|45\/100\n|move|p2a: Chansey|Soft-Boiled|p2a: Chansey\n|-heal|p2a: Chansey|95\/100\n|\n|upkeep\n|turn|22\n|inactive|LimerplazYT has 270 seconds left.\n|\n|t:|1699832581\n|move|p1a: Iron Moth|Fiery Dance|p2a: Chansey\n|-damage|p2a: Chansey|75\/100\n|-boost|p1a: Iron Moth|spa|1\n|move|p2a: Chansey|Seismic Toss|p1a: Iron Moth\n|-damage|p1a: Iron Moth|1\/100\n|\n|upkeep\n|turn|23\n|c|\u2606LimerplazYT|bruh\n|\n|t:|1699832593\n|move|p1a: Iron Moth|Energy Ball|p2a: Chansey\n|-damage|p2a: Chansey|57\/100\n|move|p2a: Chansey|Seismic Toss|p1a: Iron Moth\n|-damage|p1a: Iron Moth|0 fnt\n|faint|p1a: Iron Moth\n|-end|p1a: Iron Moth|Quark Drive|[silent]\n|\n|upkeep\n|inactive|DukeGoolies has 270 seconds left.\n|\n|t:|1699832609\n|switch|p1a: Zapdos|Zapdos|100\/100\n|turn|24\n|inactive|DukeGoolies has 270 seconds left.\n|\n|t:|1699832627\n|move|p1a: Zapdos|Tailwind|p1a: Zapdos\n|-sidestart|p1: DukeGoolies|move: Tailwind\n|move|p2a: Chansey|Soft-Boiled|p2a: Chansey\n|-heal|p2a: Chansey|100\/100\n|\n|upkeep\n|turn|25\n|inactive|LimerplazYT has 270 seconds left.\n|c|\u2606LimerplazYT|i will admit i like gen 7 ag more\n|\n|t:|1699832645\n|move|p1a: Zapdos|Hurricane|p2a: Chansey\n|-damage|p2a: Chansey|82\/100\n|move|p2a: Chansey|Seismic Toss|p1a: Zapdos\n|-damage|p1a: Zapdos|69\/100\n|\n|upkeep\n|turn|26\n|inactive|DukeGoolies has 270 seconds left.\n|\n|t:|1699832655\n|move|p1a: Zapdos|Roost|p1a: Zapdos\n|-heal|p1a: Zapdos|100\/100\n|-singleturn|p1a: Zapdos|move: Roost\n|move|p2a: Chansey|Seismic Toss|p1a: Zapdos\n|-damage|p1a: Zapdos|69\/100\n|\n|upkeep\n|turn|27\n|inactive|LimerplazYT has 270 seconds left.\n|inactive|DukeGoolies has 270 seconds left.\n|\n|t:|1699832672\n|move|p1a: Zapdos|Hurricane|p2a: Chansey|[miss]\n|-miss|p1a: Zapdos|p2a: Chansey\n|move|p2a: Chansey|Stealth Rock||[still]\n|-fail|p2a: Chansey\n|\n|-sideend|p1: DukeGoolies|move: Tailwind\n|upkeep\n|turn|28\n|inactive|DukeGoolies has 270 seconds left.\n|\n|t:|1699832681\n|move|p1a: Zapdos|Roost|p1a: Zapdos\n|-heal|p1a: Zapdos|100\/100\n|-singleturn|p1a: Zapdos|move: Roost\n|move|p2a: Chansey|Seismic Toss|p1a: Zapdos\n|-damage|p1a: Zapdos|69\/100\n|\n|upkeep\n|turn|29\n|\n|t:|1699832687\n|move|p1a: Zapdos|Hurricane|p2a: Chansey\n|-damage|p2a: Chansey|63\/100\n|-start|p2a: Chansey|confusion\n|-activate|p2a: Chansey|confusion\n|move|p2a: Chansey|Seismic Toss|p1a: Zapdos\n|-damage|p1a: Zapdos|38\/100\n|\n|upkeep\n|turn|30\n|\n|t:|1699832701\n|move|p1a: Zapdos|Roost|p1a: Zapdos\n|-heal|p1a: Zapdos|88\/100\n|-singleturn|p1a: Zapdos|move: Roost\n|-activate|p2a: Chansey|confusion\n|move|p2a: Chansey|Seismic Toss|p1a: Zapdos\n|-damage|p1a: Zapdos|57\/100\n|-status|p2a: Chansey|par|[from] ability: Static|[of] p1a: Zapdos\n|\n|upkeep\n|turn|31\n|\n|t:|1699832718\n|move|p1a: Zapdos|Roost|p1a: Zapdos\n|-heal|p1a: Zapdos|100\/100\n|-singleturn|p1a: Zapdos|move: Roost\n|-end|p2a: Chansey|confusion\n|move|p2a: Chansey|Seismic Toss|p1a: Zapdos\n|-damage|p1a: Zapdos|69\/100\n|\n|upkeep\n|turn|32\n|\n|t:|1699832733\n|move|p1a: Zapdos|Hurricane|p2a: Chansey\n|-damage|p2a: Chansey|46\/100 par\n|cant|p2a: Chansey|par\n|\n|upkeep\n|turn|33\n|\n|t:|1699832743\n|move|p1a: Zapdos|Roost|p1a: Zapdos\n|-heal|p1a: Zapdos|100\/100\n|-singleturn|p1a: Zapdos|move: Roost\n|move|p2a: Chansey|Soft-Boiled|p2a: Chansey\n|-heal|p2a: Chansey|96\/100 par\n|\n|upkeep\n|turn|34\n|c|\u2606LimerplazYT|gg man\n|inactive|LimerplazYT has 270 seconds left.\n|c|\u2606LimerplazYT|im asuming your probably 2 11year old kids trying to troll me\n|c|\u2606DukeGoolies|no\n|inactive|LimerplazYT has 240 seconds left.\n|c|\u2606LimerplazYT|prove it\n|\n|t:|1699832832\n|move|p1a: Zapdos|Hurricane|p2a: Chansey|[miss]\n|-miss|p1a: Zapdos|p2a: Chansey\n|move|p2a: Chansey|Seismic Toss|p1a: Zapdos\n|-damage|p1a: Zapdos|69\/100\n|\n|upkeep\n|turn|35\n|\n|t:|1699832844\n|move|p1a: Zapdos|Roost|p1a: Zapdos\n|-heal|p1a: Zapdos|100\/100\n|-singleturn|p1a: Zapdos|move: Roost\n|cant|p2a: Chansey|par\n|\n|upkeep\n|turn|36\n|c| weechunk|im 30 with 2 kids and a deadbeat  husband\n|\n|t:|1699832856\n|move|p2a: Chansey|Protect|p2a: Chansey\n|-singleturn|p2a: Chansey|Protect\n|move|p1a: Zapdos|Tailwind|p1a: Zapdos\n|-sidestart|p1: DukeGoolies|move: Tailwind\n|\n|upkeep\n|turn|37\n|c|\u2606LimerplazYT|name of kids?\n|\n|t:|1699832867\n|move|p2a: Chansey|Protect|p2a: Chansey\n|-singleturn|p2a: Chansey|Protect\n|move|p1a: Zapdos|Hurricane|p2a: Chansey\n|-activate|p2a: Chansey|move: Protect\n|\n|upkeep\n|turn|38\n|c| weechunk|sarah and rebecca\n|c|\u2606LimerplazYT|pardon me asking\n|c| weechunk|you are pardoned\n|inactive|LimerplazYT has 210 seconds left.\n|c|\u2606LimerplazYT|but how did this situation happened\n|c| weechunk|carefully\n|c|\u2606LimerplazYT|?\n|\n|t:|1699832915\n|move|p1a: Zapdos|Hurricane|p2a: Chansey|[miss]\n|-miss|p1a: Zapdos|p2a: Chansey\n|move|p2a: Chansey|Seismic Toss|p1a: Zapdos\n|-damage|p1a: Zapdos|69\/100\n|\n|upkeep\n|turn|39\n|\n|t:|1699832924\n|move|p1a: Zapdos|Roost|p1a: Zapdos\n|-heal|p1a: Zapdos|100\/100\n|-singleturn|p1a: Zapdos|move: Roost\n|cant|p2a: Chansey|par\n|\n|-sideend|p1: DukeGoolies|move: Tailwind\n|upkeep\n|turn|40\n|c|\u2606LimerplazYT|wdym\n|\n|t:|1699832932\n|move|p2a: Chansey|Protect|p2a: Chansey\n|-singleturn|p2a: Chansey|Protect\n|move|p1a: Zapdos|Hurricane|p2a: Chansey\n|-activate|p2a: Chansey|move: Protect\n|\n|upkeep\n|turn|41\n|inactive|LimerplazYT has 210 seconds left.\n|\n|t:|1699832941\n|move|p1a: Zapdos|Hurricane|p2a: Chansey|[miss]\n|-miss|p1a: Zapdos|p2a: Chansey\n|move|p2a: Chansey|Seismic Toss|p1a: Zapdos\n|-damage|p1a: Zapdos|69\/100\n|\n|upkeep\n|turn|42\n|inactive|LimerplazYT has 210 seconds left.\n|c| weechunk|we have been in a court battle over the kids for 2 years and we have tried everything to settle it so we are now trying pokemon\n|c| weechunk|is that enough of my personal life for you?\n|inactive|LimerplazYT has 180 seconds left.\n|c|\u2606LimerplazYT|sorry\n|inactive|LimerplazYT has 150 seconds left.\n|\n|t:|1699833015\n|move|p1a: Zapdos|Roost|p1a: Zapdos\n|-heal|p1a: Zapdos|100\/100\n|-singleturn|p1a: Zapdos|move: Roost\n|move|p2a: Chansey|Seismic Toss|p1a: Zapdos\n|-damage|p1a: Zapdos|69\/100\n|\n|upkeep\n|turn|43\n|inactive|LimerplazYT has 150 seconds left.\n|c|\u2606LimerplazYT|it just sounded really weird\n|\n|t:|1699833029\n|move|p1a: Zapdos|Volt Switch|p2a: Chansey\n|-damage|p2a: Chansey|85\/100 par\n|\n|t:|1699833032\n|switch|p1a: Dragapult|Dragapult, F|83\/100|[from] Volt Switch\n|-damage|p1a: Dragapult|71\/100|[from] Stealth Rock\n|cant|p2a: Chansey|par\n|\n|-heal|p1a: Dragapult|77\/100|[from] item: Leftovers\n|upkeep\n|turn|44\n|\n|t:|1699833046\n|cant|p2a: Chansey|par\n|move|p1a: Dragapult|Dragon Darts|p2a: Chansey\n|-damage|p2a: Chansey|70\/100 par\n|-anim|p1a: Dragapult|Dragon Darts|p2a: Chansey\n|-damage|p2a: Chansey|57\/100 par\n|\n|-heal|p1a: Dragapult|83\/100|[from] item: Leftovers\n|upkeep\n|turn|45\n|c|\u2606LimerplazYT|what an honnor to be part of this\n|\n|t:|1699833065\n|move|p1a: Dragapult|Hex|p2a: Chansey\n|-immune|p2a: Chansey\n|move|p2a: Chansey|Soft-Boiled|p2a: Chansey\n|-heal|p2a: Chansey|100\/100 par\n|\n|-heal|p1a: Dragapult|89\/100|[from] item: Leftovers\n|upkeep\n|turn|46\n|c| ssmithfd|back\n|c|\u2606LimerplazYT|lololololollolololololollololololl\n|c|\u2606LimerplazYT|hi\n|inactive|LimerplazYT has 150 seconds left.\n|\n|t:|1699833089\n|move|p1a: Dragapult|Dragon Darts|p2a: Chansey\n|-damage|p2a: Chansey|86\/100 par\n|-anim|p1a: Dragapult|Dragon Darts|p2a: Chansey\n|-damage|p2a: Chansey|71\/100 par\n|move|p2a: Chansey|Stealth Rock||[still]\n|-fail|p2a: Chansey\n|\n|-heal|p1a: Dragapult|95\/100|[from] item: Leftovers\n|upkeep\n|turn|47\n|inactive|LimerplazYT has 150 seconds left.\n|\n|t:|1699833098\n|move|p1a: Dragapult|Dragon Darts|p2a: Chansey\n|-damage|p2a: Chansey|56\/100 par\n|-anim|p1a: Dragapult|Dragon Darts|p2a: Chansey\n|-damage|p2a: Chansey|41\/100 par\n|move|p2a: Chansey|Soft-Boiled|p2a: Chansey\n|-heal|p2a: Chansey|91\/100 par\n|\n|-heal|p1a: Dragapult|100\/100|[from] item: Leftovers\n|upkeep\n|turn|48\n|inactive|LimerplazYT has 150 seconds left.\n|\n|t:|1699833109\n|move|p1a: Dragapult|Dragon Darts|p2a: Chansey\n|-damage|p2a: Chansey|77\/100 par\n|-anim|p1a: Dragapult|Dragon Darts|p2a: Chansey\n|-damage|p2a: Chansey|62\/100 par\n|cant|p2a: Chansey|par\n|\n|upkeep\n|turn|49\n|\n|t:|1699833114\n|move|p1a: Dragapult|Dragon Darts|p2a: Chansey\n|-damage|p2a: Chansey|47\/100 par\n|-anim|p1a: Dragapult|Dragon Darts|p2a: Chansey\n|-damage|p2a: Chansey|32\/100 par\n|move|p2a: Chansey|Soft-Boiled|p2a: Chansey\n|-heal|p2a: Chansey|82\/100 par\n|\n|upkeep\n|turn|50\n|\n|t:|1699833124\n|move|p1a: Dragapult|Dragon Darts|p2a: Chansey\n|-damage|p2a: Chansey|69\/100 par\n|-anim|p1a: Dragapult|Dragon Darts|p2a: Chansey\n|-damage|p2a: Chansey|56\/100 par\n|move|p2a: Chansey|Stealth Rock||[still]\n|-fail|p2a: Chansey\n|\n|upkeep\n|turn|51\n|\n|t:|1699833133\n|-curestatus|p2a: Chansey|par|[from] ability: Natural Cure\n|switch|p2a: Cyclizar|Cyclizar, M|45\/100\n|-damage|p2a: Cyclizar|32\/100|[from] Stealth Rock\n|move|p1a: Dragapult|Dragon Darts|p2a: Cyclizar\n|-supereffective|p2a: Cyclizar\n|-damage|p2a: Cyclizar|0 fnt\n|faint|p2a: Cyclizar\n|\n|upkeep\n|\n|t:|1699833138\n|switch|p2a: Chansey|Chansey, F|56\/100\n|-damage|p2a: Chansey|43\/100|[from] Stealth Rock\n|turn|52\n|c|\u2606LimerplazYT|gg\n|\n|t:|1699833144\n|move|p1a: Dragapult|Dragon Darts|p2a: Chansey\n|-damage|p2a: Chansey|29\/100\n|-anim|p1a: Dragapult|Dragon Darts|p2a: Chansey\n|-damage|p2a: Chansey|16\/100\n|move|p2a: Chansey|Seismic Toss|p1a: Dragapult\n|-immune|p1a: Dragapult\n|\n|upkeep\n|turn|53\n|\n|t:|1699833151\n|move|p1a: Dragapult|Dragon Darts|p2a: Chansey\n|-damage|p2a: Chansey|2\/100\n|-anim|p1a: Dragapult|Dragon Darts|p2a: Chansey\n|-damage|p2a: Chansey|0 fnt\n|faint|p2a: Chansey\n|\n|win|DukeGoolies\n|c|\u2606LimerplazYT|rematch\n|c|\u2606LimerplazYT|j\n|c|\u2606DukeGoolies|gg\n|c| weechunk|duke won 2 in a row\n|c| weechunk|he keeps the kidsa\n|l|\u2606DukeGoolies\n","uploadtime":1699833172,"views":19,"p1id":"dukegoolies","p2id":"limerplazyt","formatid":"gen9anythinggoes","rating":0,"private":0,"password":""}