{"id":"gen9anythinggoes-1989554885","p1":"Dumbfudge","p2":"NightShade505","format":"[Gen 9] Anything Goes","log":"|j|\u2606Dumbfudge\n|j|\u2606NightShade505\n|t:|1699870503\n|gametype|singles\n|player|p1|Dumbfudge|blackbelt-gen4dp|1367\n|player|p2|NightShade505|winona-gen6|1406\n|teamsize|p1|6\n|teamsize|p2|6\n|gen|9\n|tier|[Gen 9] Anything Goes\n|rated|\n|rule|HP Percentage Mod: HP is shown in percentages\n|rule|Endless Battle Clause: Forcing endless battles is banned\n|clearpoke\n|poke|p1|Espathra, F|\n|poke|p1|Shaymin-Sky|\n|poke|p1|Zacian-*|\n|poke|p1|Breloom, F|\n|poke|p1|Drifblim, M|\n|poke|p1|Grimmsnarl, M|\n|poke|p2|Calyrex-Shadow|\n|poke|p2|Ribombee, F|\n|poke|p2|Sneasler, M|\n|poke|p2|Shaymin-Sky|\n|poke|p2|Volbeat, M|\n|poke|p2|Iron Treads|\n|teampreview\n|inactive|Battle timer is ON: inactive players will automatically lose when time's up. (requested by NightShade505)\n|\n|t:|1699870520\n|start\n|switch|p1a: Ptsd|Grimmsnarl, M|100\/100\n|switch|p2a: Volbeat|Volbeat, M|100\/100\n|turn|1\n|\n|t:|1699870535\n|move|p2a: Volbeat|Double Team|p2a: Volbeat\n|-boost|p2a: Volbeat|evasion|1\n|move|p1a: Ptsd|Taunt|p2a: Volbeat\n|-start|p2a: Volbeat|move: Taunt\n|\n|upkeep\n|turn|2\n|\n|t:|1699870543\n|switch|p2a: Sneasler|Sneasler, M|100\/100\n|move|p1a: Ptsd|Light Screen|p1a: Ptsd\n|-sidestart|p1: Dumbfudge|move: Light Screen\n|\n|upkeep\n|turn|3\n|\n|t:|1699870549\n|move|p2a: Sneasler|Fake Out|p1a: Ptsd\n|-enditem|p2a: Sneasler|Normal Gem|[from] gem\n|-damage|p1a: Ptsd|81\/100\n|cant|p1a: Ptsd|flinch\n|\n|upkeep\n|turn|4\n|\n|t:|1699870554\n|move|p1a: Ptsd|Reflect|p1a: Ptsd\n|-sidestart|p1: Dumbfudge|Reflect\n|move|p2a: Sneasler|Dire Claw|p1a: Ptsd\n|-supereffective|p1a: Ptsd\n|-damage|p1a: Ptsd|35\/100\n|\n|upkeep\n|turn|5\n|\n|t:|1699870560\n|move|p1a: Ptsd|Taunt|p2a: Sneasler\n|-start|p2a: Sneasler|move: Taunt\n|move|p2a: Sneasler|Dire Claw|p1a: Ptsd\n|-supereffective|p1a: Ptsd\n|-damage|p1a: Ptsd|0 fnt\n|faint|p1a: Ptsd\n|\n|upkeep\n|\n|t:|1699870569\n|switch|p1a: Drifblim|Drifblim, M|100\/100\n|turn|6\n|\n|t:|1699870574\n|move|p2a: Sneasler|Dire Claw|p1a: Drifblim\n|-resisted|p1a: Drifblim\n|-damage|p1a: Drifblim|88\/100\n|-status|p1a: Drifblim|par\n|move|p1a: Drifblim|Minimize|p1a: Drifblim\n|-boost|p1a: Drifblim|evasion|2\n|\n|upkeep\n|turn|7\n|\n|t:|1699870582\n|move|p2a: Sneasler|Night Slash|p1a: Drifblim|[miss]\n|-miss|p2a: Sneasler|p1a: Drifblim\n|move|p1a: Drifblim|Baton Pass|p1a: Drifblim\n|\n|t:|1699870587\n|switch|p1a: Chickenpox|Espathra, F|100\/100|[from] Baton Pass\n|\n|-end|p2a: Sneasler|move: Taunt\n|upkeep\n|turn|8\n|\n|t:|1699870594\n|move|p1a: Chickenpox|Protect|p1a: Chickenpox\n|-singleturn|p1a: Chickenpox|Protect\n|move|p2a: Sneasler|Night Slash|p1a: Chickenpox\n|-activate|p1a: Chickenpox|move: Protect\n|\n|-ability|p1a: Chickenpox|Speed Boost|boost\n|-boost|p1a: Chickenpox|spe|1\n|upkeep\n|turn|9\n|\n|t:|1699870603\n|move|p2a: Sneasler|Dire Claw|p1a: Chickenpox\n|-damage|p1a: Chickenpox|72\/100\n|-status|p1a: Chickenpox|slp\n|cant|p1a: Chickenpox|slp\n|\n|-sideend|p1: Dumbfudge|move: Light Screen\n|-ability|p1a: Chickenpox|Speed Boost|boost\n|-boost|p1a: Chickenpox|spe|1\n|upkeep\n|turn|10\n|\n|t:|1699870614\n|move|p2a: Sneasler|Night Slash|p1a: Chickenpox\n|-supereffective|p1a: Chickenpox\n|-damage|p1a: Chickenpox|37\/100 slp\n|cant|p1a: Chickenpox|slp\n|\n|-ability|p1a: Chickenpox|Speed Boost|boost\n|-boost|p1a: Chickenpox|spe|1\n|upkeep\n|turn|11\n|\n|t:|1699870623\n|cant|p1a: Chickenpox|slp\n|move|p2a: Sneasler|Night Slash|p1a: Chickenpox|[miss]\n|-miss|p2a: Sneasler|p1a: Chickenpox\n|\n|-sideend|p1: Dumbfudge|Reflect\n|-ability|p1a: Chickenpox|Speed Boost|boost\n|-boost|p1a: Chickenpox|spe|1\n|upkeep\n|turn|12\n|\n|t:|1699870631\n|-curestatus|p1a: Chickenpox|slp|[msg]\n|move|p1a: Chickenpox|Baton Pass|p1a: Chickenpox\n|\n|t:|1699870641\n|switch|p1a: Flat out AIDS|Breloom, F|100\/100|[from] Baton Pass\n|move|p2a: Sneasler|Night Slash|p1a: Flat out AIDS\n|-resisted|p1a: Flat out AIDS\n|-damage|p1a: Flat out AIDS|87\/100\n|\n|-status|p1a: Flat out AIDS|tox|[from] item: Toxic Orb\n|upkeep\n|turn|13\n|\n|t:|1699870653\n|-terastallize|p1a: Flat out AIDS|Ghost\n|move|p2a: Sneasler|Close Combat|p1a: Flat out AIDS\n|-immune|p1a: Flat out AIDS\n|move|p1a: Flat out AIDS|Spore|p2a: Sneasler\n|-status|p2a: Sneasler|slp|[from] move: Spore\n|\n|-heal|p1a: Flat out AIDS|99\/100 tox|[from] ability: Poison Heal\n|upkeep\n|turn|14\n|\n|t:|1699870664\n|cant|p2a: Sneasler|slp\n|move|p1a: Flat out AIDS|Substitute|p1a: Flat out AIDS\n|-start|p1a: Flat out AIDS|Substitute\n|-damage|p1a: Flat out AIDS|74\/100 tox\n|\n|-heal|p1a: Flat out AIDS|87\/100 tox|[from] ability: Poison Heal\n|upkeep\n|turn|15\n|\n|t:|1699870672\n|cant|p2a: Sneasler|slp\n|move|p1a: Flat out AIDS|Leech Seed|p2a: Sneasler\n|-start|p2a: Sneasler|move: Leech Seed\n|\n|-damage|p2a: Sneasler|88\/100 slp|[from] Leech Seed|[of] p1a: Flat out AIDS\n|-heal|p1a: Flat out AIDS|98\/100 tox|[silent]\n|-heal|p1a: Flat out AIDS|100\/100 tox|[from] ability: Poison Heal\n|upkeep\n|turn|16\n|\n|t:|1699870681\n|-curestatus|p2a: Sneasler|slp|[msg]\n|move|p2a: Sneasler|Dire Claw|p1a: Flat out AIDS|[miss]\n|-miss|p2a: Sneasler|p1a: Flat out AIDS\n|move|p1a: Flat out AIDS|Facade|p2a: Sneasler\n|-damage|p2a: Sneasler|16\/100\n|\n|-damage|p2a: Sneasler|3\/100|[from] Leech Seed|[of] p1a: Flat out AIDS\n|upkeep\n|turn|17\n|\n|t:|1699870692\n|move|p2a: Sneasler|Dire Claw|p1a: Flat out AIDS\n|-resisted|p1a: Flat out AIDS\n|-activate|p1a: Flat out AIDS|move: Substitute|[damage]\n|move|p1a: Flat out AIDS|Facade|p2a: Sneasler\n|-damage|p2a: Sneasler|0 fnt\n|faint|p2a: Sneasler\n|\n|upkeep\n|c|\u2606Dumbfudge|Why are you going first\n|c|\u2606Dumbfudge|how fast are you\n|c|\u2606NightShade505|wym why\n|c|\u2606NightShade505|744\n|inactive|NightShade505 has 120 seconds left.\n|c|\u2606Dumbfudge|How holy\n|\n|t:|1699870724\n|switch|p2a: Ribombee|Ribombee, F|100\/100\n|turn|18\n|\n|t:|1699870734\n|move|p1a: Flat out AIDS|Spore|p2a: Ribombee\n|-block|p2a: Ribombee|ability: Sweet Veil|[of] p2a: Ribombee\n|move|p2a: Ribombee|Sticky Web|p1a: Flat out AIDS\n|-sidestart|p1: Dumbfudge|move: Sticky Web\n|\n|upkeep\n|turn|19\n|\n|t:|1699870742\n|move|p1a: Flat out AIDS|Facade|p2a: Ribombee\n|-damage|p2a: Ribombee|34\/100\n|move|p2a: Ribombee|Dazzling Gleam|p1a: Flat out AIDS|[miss]\n|-miss|p2a: Ribombee|p1a: Flat out AIDS\n|\n|upkeep\n|turn|20\n|\n|t:|1699870749\n|switch|p2a: Calyrex|Calyrex-Shadow|100\/100\n|-ability|p2a: Calyrex|As One\n|-ability|p2a: Calyrex|Unnerve\n|move|p1a: Flat out AIDS|Facade|p2a: Calyrex\n|-immune|p2a: Calyrex\n|\n|upkeep\n|turn|21\n|\n|t:|1699870760\n|move|p1a: Flat out AIDS|Spore|p2a: Calyrex\n|-status|p2a: Calyrex|slp|[from] move: Spore\n|cant|p2a: Calyrex|slp\n|\n|upkeep\n|turn|22\n|c|\u2606NightShade505|omfg\n|\n|t:|1699870766\n|move|p1a: Flat out AIDS|Leech Seed|p2a: Calyrex\n|-start|p2a: Calyrex|move: Leech Seed\n|-curestatus|p2a: Calyrex|slp|[msg]\n|move|p2a: Calyrex|Astral Barrage|p1a: Flat out AIDS\n|-supereffective|p1a: Flat out AIDS\n|-end|p1a: Flat out AIDS|Substitute\n|\n|-damage|p2a: Calyrex|88\/100|[from] Leech Seed|[of] p1a: Flat out AIDS\n|upkeep\n|turn|23\n|\n|t:|1699870777\n|move|p1a: Flat out AIDS|Spore|p2a: Calyrex\n|-status|p2a: Calyrex|slp|[from] move: Spore\n|cant|p2a: Calyrex|slp\n|\n|-damage|p2a: Calyrex|76\/100 slp|[from] Leech Seed|[of] p1a: Flat out AIDS\n|upkeep\n|turn|24\n|c|\u2606NightShade505|now substitute\n|n|!NightShade505|nightshade505\n|-message|NightShade505 forfeited.\n|\n|win|Dumbfudge\n|raw|Dumbfudge's rating: 1367 &rarr; <strong>1389<\/strong><br \/>(+22 for winning)\n|raw|NightShade505's rating: 1406 &rarr; <strong>1384<\/strong><br \/>(-22 for losing)\n|l|!NightShade505\n","uploadtime":1699870793,"views":3,"p1id":"dumbfudge","p2id":"nightshade505","formatid":"gen9anythinggoes","rating":1384,"private":0,"password":""}