{"id":"gen9anythinggoes-1974979777","p1":"cp99","p2":"PlasticTeamTester","format":"[Gen 9] Anything Goes","log":"|j|\u2606cp99\n|j|\u2606PlasticTeamTester\n|t:|1698151719\n|gametype|singles\n|player|p1|cp99|266|\n|player|p2|PlasticTeamTester|policeman-gen4|\n|teamsize|p1|6\n|teamsize|p2|6\n|gen|9\n|tier|[Gen 9] Anything Goes\n|rule|HP Percentage Mod: HP is shown in percentages\n|rule|Endless Battle Clause: Forcing endless battles is banned\n|clearpoke\n|poke|p1|Clodsire, F|\n|poke|p1|Tauros-Paldea-Blaze, M|\n|poke|p1|Noivern, M|\n|poke|p1|Iron Treads|\n|poke|p1|Iron Jugulis|\n|poke|p1|Slither Wing|\n|poke|p2|Kingambit, F|\n|poke|p2|Slowking-Galar, M|\n|poke|p2|Tatsugiri, F|\n|poke|p2|Hippowdon, M|\n|poke|p2|Rotom-Heat|\n|poke|p2|Polteageist|\n|teampreview\n|inactive|Battle timer is ON: inactive players will automatically lose when time's up. (requested by PlasticTeamTester)\n|c|\u2606cp99|wait i still dont know how to kill hippo\n|\n|t:|1698151752\n|start\n|switch|p1a: Noivern|Noivern, M|100\/100\n|switch|p2a: Hippowdon|Hippowdon, M|100\/100\n|-weather|Sandstorm|[from] ability: Sand Stream|[of] p2a: Hippowdon\n|turn|1\n|c|\u2606PlasticTeamTester|taunt and trade is your best bet\n|c|\u2606PlasticTeamTester|also slither 2hko with cc\n|inactive|PlasticTeamTester has 270 seconds left.\n|c|\u2606cp99|ok thanks\n|c|\u2606PlasticTeamTester|also inti+burn basically disables it\n|\n|t:|1698151795\n|move|p1a: Noivern|Super Fang|p2a: Hippowdon\n|-damage|p2a: Hippowdon|50\/100\n|move|p2a: Hippowdon|Stealth Rock|p1a: Noivern\n|-sidestart|p1: cp99|move: Stealth Rock\n|\n|-weather|Sandstorm|[upkeep]\n|-damage|p1a: Noivern|94\/100|[from] Sandstorm\n|-heal|p2a: Hippowdon|57\/100|[from] item: Leftovers\n|upkeep\n|turn|2\n|\n|t:|1698151800\n|move|p1a: Noivern|Draco Meteor|p2a: Hippowdon\n|-damage|p2a: Hippowdon|0 fnt\n|-unboost|p1a: Noivern|spa|2\n|faint|p2a: Hippowdon\n|\n|-weather|Sandstorm|[upkeep]\n|-damage|p1a: Noivern|88\/100|[from] Sandstorm\n|upkeep\n|inactive|PlasticTeamTester has 270 seconds left.\n|\n|t:|1698151812\n|switch|p2a: Polteageist|Polteageist|100\/100\n|turn|3\n|c|\u2606cp99|fuck\n|inactive|PlasticTeamTester has 270 seconds left.\n|\n|t:|1698151832\n|switch|p2a: Slowking|Slowking-Galar, M|100\/100\n|move|p1a: Noivern|Draco Meteor|p2a: Slowking\n|-damage|p2a: Slowking|83\/100\n|-unboost|p1a: Noivern|spa|2\n|\n|-weather|Sandstorm|[upkeep]\n|-damage|p1a: Noivern|82\/100|[from] Sandstorm\n|-damage|p2a: Slowking|77\/100|[from] Sandstorm\n|upkeep\n|turn|4\n|\n|t:|1698151839\n|move|p1a: Noivern|Super Fang|p2a: Slowking\n|-damage|p2a: Slowking|39\/100\n|move|p2a: Slowking|Sludge Bomb|p1a: Noivern\n|-damage|p1a: Noivern|23\/100\n|\n|-weather|Sandstorm|[upkeep]\n|-damage|p1a: Noivern|17\/100|[from] Sandstorm\n|-damage|p2a: Slowking|33\/100|[from] Sandstorm\n|upkeep\n|turn|5\n|\n|t:|1698151847\n|switch|p1a: Iron Treads|Iron Treads|100\/100\n|-damage|p1a: Iron Treads|97\/100|[from] Stealth Rock\n|-enditem|p1a: Iron Treads|Booster Energy\n|-activate|p1a: Iron Treads|ability: Quark Drive|[fromitem]\n|-start|p1a: Iron Treads|quarkdrivespe\n|move|p2a: Slowking|Psyshock|p1a: Iron Treads\n|-resisted|p1a: Iron Treads\n|-damage|p1a: Iron Treads|78\/100\n|\n|-weather|none\n|upkeep\n|turn|6\n|\n|t:|1698151859\n|switch|p2a: Rotom|Rotom-Heat|100\/100\n|move|p1a: Iron Treads|Rapid Spin|p2a: Rotom\n|-damage|p2a: Rotom|84\/100\n|-boost|p1a: Iron Treads|spe|1\n|-sideend|p1: cp99|Stealth Rock|[from] move: Rapid Spin|[of] p1a: Iron Treads\n|\n|upkeep\n|turn|7\n|\n|t:|1698151871\n|-end|p1a: Iron Treads|Quark Drive|[silent]\n|switch|p1a: Noivern|Noivern, M|17\/100\n|move|p2a: Rotom|Will-O-Wisp|p1a: Noivern\n|-status|p1a: Noivern|brn\n|\n|-damage|p1a: Noivern|11\/100 brn|[from] brn\n|upkeep\n|turn|8\n|\n|t:|1698151876\n|move|p1a: Noivern|Roost|p1a: Noivern\n|-heal|p1a: Noivern|61\/100 brn\n|-singleturn|p1a: Noivern|move: Roost\n|move|p2a: Rotom|Volt Switch|p1a: Noivern\n|-resisted|p1a: Noivern\n|-damage|p1a: Noivern|45\/100 brn\n|\n|t:|1698151882\n|switch|p2a: Slowking|Slowking-Galar, M|66\/100|[from] Volt Switch\n|\n|-damage|p1a: Noivern|38\/100 brn|[from] brn\n|upkeep\n|turn|9\n|\n|t:|1698151886\n|move|p1a: Noivern|Draco Meteor|p2a: Slowking\n|-damage|p2a: Slowking|32\/100\n|-unboost|p1a: Noivern|spa|2\n|move|p2a: Slowking|Sludge Bomb|p1a: Noivern\n|-damage|p1a: Noivern|0 fnt\n|faint|p1a: Noivern\n|\n|upkeep\n|\n|t:|1698151890\n|switch|p1a: Iron Treads|Iron Treads|78\/100\n|turn|10\n|\n|t:|1698151895\n|switch|p2a: Rotom|Rotom-Heat|84\/100\n|move|p1a: Iron Treads|Knock Off|p2a: Rotom\n|-damage|p2a: Rotom|51\/100\n|-enditem|p2a: Rotom|Heavy-Duty Boots|[from] move: Knock Off|[of] p1a: Iron Treads\n|\n|upkeep\n|turn|11\n|\n|t:|1698151903\n|-end|p1a: Iron Treads|Quark Drive|[silent]\n|switch|p1a: Tauros|Tauros-Paldea-Blaze, M|100\/100\n|-ability|p1a: Tauros|Intimidate|boost\n|-unboost|p2a: Rotom|atk|1\n|move|p2a: Rotom|Volt Switch|p1a: Tauros\n|-damage|p1a: Tauros|67\/100\n|\n|t:|1698151907\n|switch|p2a: Tatsugiri|Tatsugiri, F|100\/100|[from] Volt Switch\n|\n|-heal|p1a: Tauros|73\/100|[from] item: Leftovers\n|upkeep\n|turn|12\n|\n|t:|1698151913\n|switch|p1a: Clodsire|Clodsire, F|100\/100\n|move|p2a: Tatsugiri|Nasty Plot|p2a: Tatsugiri\n|-boost|p2a: Tatsugiri|spa|2\n|\n|upkeep\n|turn|13\n|inactive|cp99 has 270 seconds left.\n|\n|t:|1698151944\n|move|p2a: Tatsugiri|Draco Meteor|p1a: Clodsire\n|-damage|p1a: Clodsire|35\/100\n|-unboost|p2a: Tatsugiri|spa|2\n|move|p1a: Clodsire|Recover|p1a: Clodsire\n|-heal|p1a: Clodsire|85\/100\n|\n|-heal|p1a: Clodsire|91\/100|[from] item: Black Sludge\n|upkeep\n|turn|14\n|c|\u2606cp99|W\n|\n|t:|1698151955\n|move|p2a: Tatsugiri|Nasty Plot|p2a: Tatsugiri\n|-boost|p2a: Tatsugiri|spa|2\n|move|p1a: Clodsire|Earthquake|p2a: Tatsugiri\n|-damage|p2a: Tatsugiri|45\/100\n|\n|-heal|p1a: Clodsire|97\/100|[from] item: Black Sludge\n|upkeep\n|turn|15\n|\n|t:|1698151965\n|move|p2a: Tatsugiri|Draco Meteor|p1a: Clodsire\n|-damage|p1a: Clodsire|29\/100\n|-unboost|p2a: Tatsugiri|spa|2\n|move|p1a: Clodsire|Recover|p1a: Clodsire\n|-heal|p1a: Clodsire|79\/100\n|\n|-heal|p1a: Clodsire|85\/100|[from] item: Black Sludge\n|upkeep\n|turn|16\n|\n|t:|1698151972\n|switch|p2a: Rotom|Rotom-Heat|51\/100\n|move|p1a: Clodsire|Stealth Rock|p2a: Rotom\n|-sidestart|p2: PlasticTeamTester|move: Stealth Rock\n|\n|-heal|p1a: Clodsire|91\/100|[from] item: Black Sludge\n|upkeep\n|turn|17\n|\n|t:|1698151976\n|switch|p1a: Tauros|Tauros-Paldea-Blaze, M|73\/100\n|-ability|p1a: Tauros|Intimidate|boost\n|-unboost|p2a: Rotom|atk|1\n|move|p2a: Rotom|Will-O-Wisp|p1a: Tauros\n|-immune|p1a: Tauros\n|\n|-heal|p1a: Tauros|79\/100|[from] item: Leftovers\n|upkeep\n|turn|18\n|\n|t:|1698151992\n|move|p1a: Tauros|Earthquake|p2a: Rotom\n|-immune|p2a: Rotom|[from] ability: Levitate\n|move|p2a: Rotom|Volt Switch|p1a: Tauros\n|-damage|p1a: Tauros|48\/100\n|\n|t:|1698151999\n|switch|p2a: Polteageist|Polteageist|100\/100|[from] Volt Switch\n|-damage|p2a: Polteageist|88\/100|[from] Stealth Rock\n|\n|-heal|p1a: Tauros|54\/100|[from] item: Leftovers\n|upkeep\n|turn|19\n|c|\u2606cp99|why are you so slow\n|\n|t:|1698152006\n|move|p1a: Tauros|Raging Bull|p2a: Polteageist\n|-damage|p2a: Polteageist|23\/100\n|-ability|p2a: Polteageist|Weak Armor|boost\n|-unboost|p2a: Polteageist|def|1\n|-boost|p2a: Polteageist|spe|2\n|-enditem|p2a: Polteageist|White Herb\n|-clearnegativeboost|p2a: Polteageist|[silent]\n|move|p2a: Polteageist|Shell Smash|p2a: Polteageist\n|-unboost|p2a: Polteageist|def|1\n|-unboost|p2a: Polteageist|spd|1\n|-boost|p2a: Polteageist|atk|2\n|-boost|p2a: Polteageist|spa|2\n|-boost|p2a: Polteageist|spe|2\n|\n|-heal|p1a: Tauros|61\/100|[from] item: Leftovers\n|upkeep\n|turn|20\n|c|\u2606PlasticTeamTester|its max sp.def to switch into enam\n|\n|t:|1698152021\n|switch|p1a: Iron Jugulis|Iron Jugulis|100\/100\n|-enditem|p1a: Iron Jugulis|Booster Energy\n|-activate|p1a: Iron Jugulis|ability: Quark Drive|[fromitem]\n|-start|p1a: Iron Jugulis|quarkdrivespe\n|move|p2a: Polteageist|Shadow Ball|p1a: Iron Jugulis\n|-resisted|p1a: Iron Jugulis\n|-damage|p1a: Iron Jugulis|46\/100\n|\n|upkeep\n|turn|21\n|\n|t:|1698152032\n|move|p2a: Polteageist|Shadow Ball|p1a: Iron Jugulis\n|-resisted|p1a: Iron Jugulis\n|-damage|p1a: Iron Jugulis|0 fnt\n|faint|p1a: Iron Jugulis\n|-end|p1a: Iron Jugulis|Quark Drive|[silent]\n|\n|upkeep\n|\n|t:|1698152034\n|switch|p1a: Slither Wing|Slither Wing|100\/100\n|turn|22\n|\n|t:|1698152043\n|move|p1a: Slither Wing|First Impression|p2a: Polteageist\n|-resisted|p2a: Polteageist\n|-damage|p2a: Polteageist|0 fnt\n|faint|p2a: Polteageist\n|\n|upkeep\n|\n|t:|1698152046\n|switch|p2a: Kingambit|Kingambit, F|100\/100\n|-damage|p2a: Kingambit|94\/100|[from] Stealth Rock\n|-activate|p2a: Kingambit|ability: Supreme Overlord\n|-start|p2a: Kingambit|fallen2|[silent]\n|turn|23\n|\n|t:|1698152052\n|-end|p1a: Slither Wing|Protosynthesis|[silent]\n|switch|p1a: Tauros|Tauros-Paldea-Blaze, M|61\/100\n|-ability|p1a: Tauros|Intimidate|boost\n|-unboost|p2a: Kingambit|atk|1\n|move|p2a: Kingambit|Kowtow Cleave|p1a: Tauros\n|-resisted|p1a: Tauros\n|-damage|p1a: Tauros|46\/100\n|\n|-heal|p1a: Tauros|52\/100|[from] item: Leftovers\n|-heal|p2a: Kingambit|100\/100|[from] item: Leftovers\n|upkeep\n|turn|24\n|\n|t:|1698152068\n|-end|p2a: Kingambit|fallen2|[silent]\n|switch|p2a: Slowking|Slowking-Galar, M|65\/100\n|-damage|p2a: Slowking|53\/100|[from] Stealth Rock\n|move|p1a: Tauros|Earthquake|p2a: Slowking\n|-supereffective|p2a: Slowking\n|-damage|p2a: Slowking|1\/100\n|\n|-heal|p1a: Tauros|59\/100|[from] item: Leftovers\n|upkeep\n|turn|25\n|\n|t:|1698152074\n|switch|p2a: Tatsugiri|Tatsugiri, F|45\/100\n|move|p1a: Tauros|Body Press|p2a: Tatsugiri\n|-damage|p2a: Tatsugiri|0 fnt\n|faint|p2a: Tatsugiri\n|\n|-heal|p1a: Tauros|65\/100|[from] item: Leftovers\n|upkeep\n|c|\u2606PlasticTeamTester|yeah gg\n|c|\u2606cp99|gg\n|-message|PlasticTeamTester forfeited.\n|\n|win|cp99\n|l|\u2606PlasticTeamTester\n","uploadtime":1698152106,"views":11,"p1id":"cp99","p2id":"plasticteamtester","formatid":"gen9anythinggoes","rating":0,"private":0,"password":""}