{"id":"gen9anythinggoes-1986791061","p1":"realtree crocs","p2":"BrooklynSavage","format":"[Gen 9] Anything Goes","log":"|j|\u2606realtree crocs\n|j|\u2606BrooklynSavage\n|t:|1699525786\n|gametype|singles\n|player|p1|realtree crocs|psychic|1347\n|player|p2|BrooklynSavage|102|1415\n|teamsize|p1|6\n|teamsize|p2|6\n|gen|9\n|tier|[Gen 9] Anything Goes\n|rated|\n|rule|HP Percentage Mod: HP is shown in percentages\n|rule|Endless Battle Clause: Forcing endless battles is banned\n|clearpoke\n|poke|p1|Calyrex-Shadow|\n|poke|p1|Glimmora, M|\n|poke|p1|Kingambit, F|\n|poke|p1|Annihilape, M|\n|poke|p1|Clodsire, M|\n|poke|p1|Dondozo, M|\n|poke|p2|Samurott-Hisui, M|\n|poke|p2|Pawmot, F|\n|poke|p2|Iron Bundle|\n|poke|p2|Alomomola, M|\n|poke|p2|Miraidon|\n|poke|p2|Iron Valiant|\n|teampreview\n|inactive|Battle timer is ON: inactive players will automatically lose when time's up. (requested by realtree crocs)\n|inactive|BrooklynSavage has 120 seconds left.\n|\n|t:|1699525819\n|start\n|switch|p1a: muk|Glimmora, M, shiny|100\/100\n|switch|p2a: Alomomola|Alomomola, M|100\/100\n|turn|1\n|\n|t:|1699525827\n|-terastallize|p2a: Alomomola|Poison\n|move|p1a: muk|Mortal Spin|p2a: Alomomola\n|-resisted|p2a: Alomomola\n|-damage|p2a: Alomomola|99\/100\n|-damage|p1a: muk|84\/100|[from] item: Rocky Helmet|[of] p2a: Alomomola\n|move|p2a: Alomomola|Flip Turn|p1a: muk\n|-supereffective|p1a: muk\n|-damage|p1a: muk|49\/100\n|-activate|p1a: muk|ability: Toxic Debris\n|-sidestart|p2: BrooklynSavage|move: Toxic Spikes\n|\n|t:|1699525838\n|switch|p2a: Iron Bundle|Iron Bundle|100\/100|[from] Flip Turn\n|\n|upkeep\n|turn|2\n|\n|t:|1699525848\n|move|p2a: Iron Bundle|Flip Turn|p1a: muk\n|-supereffective|p1a: muk\n|-damage|p1a: muk|11\/100\n|-activate|p1a: muk|ability: Toxic Debris\n|-sidestart|p2: BrooklynSavage|move: Toxic Spikes\n|\n|t:|1699525855\n|-end|p2a: Iron Bundle|Quark Drive|[silent]\n|switch|p2a: Alomomola|Alomomola, M, tera:Poison|100\/100|[from] Flip Turn\n|-sideend|p2: BrooklynSavage|move: Toxic Spikes|[of] p2a: Alomomola\n|move|p1a: muk|Stealth Rock|p2a: Alomomola\n|-sidestart|p2: BrooklynSavage|move: Stealth Rock\n|\n|upkeep\n|turn|3\n|\n|t:|1699525866\n|switch|p1a: dugtrio|Clodsire, M|100\/100\n|move|p2a: Alomomola|Flip Turn|p1a: dugtrio\n|-immune|p1a: dugtrio|[from] ability: Water Absorb\n|\n|upkeep\n|turn|4\n|\n|t:|1699525875\n|move|p2a: Alomomola|Wish|p2a: Alomomola\n|move|p1a: dugtrio|Spikes|p2a: Alomomola\n|-sidestart|p2: BrooklynSavage|Spikes\n|\n|upkeep\n|turn|5\n|\n|t:|1699525881\n|switch|p2a: Iron Bundle|Iron Bundle|100\/100\n|move|p1a: dugtrio|Spikes|p2a: Iron Bundle\n|-sidestart|p2: BrooklynSavage|Spikes\n|\n|upkeep\n|turn|6\n|\n|t:|1699525890\n|switch|p1a: snorlax|Dondozo, M|100\/100\n|move|p2a: Iron Bundle|Encore||[still]\n|-fail|p2a: Iron Bundle\n|\n|upkeep\n|turn|7\n|\n|t:|1699525896\n|move|p2a: Iron Bundle|Freeze-Dry|p1a: snorlax\n|-supereffective|p1a: snorlax\n|-damage|p1a: snorlax|35\/100\n|move|p1a: snorlax|Curse|p1a: snorlax\n|-unboost|p1a: snorlax|spe|1\n|-boost|p1a: snorlax|atk|1\n|-boost|p1a: snorlax|def|1\n|\n|-heal|p1a: snorlax|41\/100|[from] item: Leftovers\n|upkeep\n|turn|8\n|\n|t:|1699525907\n|switch|p1a: gengar|Calyrex-Shadow|100\/100\n|-ability|p1a: gengar|As One\n|-ability|p1a: gengar|Unnerve\n|move|p2a: Iron Bundle|Freeze-Dry|p1a: gengar\n|-damage|p1a: gengar|64\/100\n|\n|upkeep\n|turn|9\n|\n|t:|1699525921\n|-end|p2a: Iron Bundle|Quark Drive|[silent]\n|switch|p2a: Samurott|Samurott-Hisui, M|100\/100\n|-damage|p2a: Samurott|88\/100|[from] Stealth Rock\n|-damage|p2a: Samurott|72\/100|[from] Spikes\n|move|p1a: gengar|Nasty Plot|p1a: gengar\n|-boost|p1a: gengar|spa|2\n|\n|upkeep\n|turn|10\n|\n|t:|1699525933\n|-terastallize|p1a: gengar|Fairy\n|move|p2a: Samurott|Ceaseless Edge|p1a: gengar\n|-resisted|p1a: gengar\n|-damage|p1a: gengar|37\/100\n|-sidestart|p1: realtree crocs|Spikes\n|move|p1a: gengar|Draining Kiss|p2a: Samurott\n|-supereffective|p2a: Samurott\n|-damage|p2a: Samurott|0 fnt\n|-heal|p1a: gengar|87\/100|[from] drain|[of] p2a: Samurott\n|faint|p2a: Samurott\n|-ability|p1a: gengar|Grim Neigh|boost\n|-boost|p1a: gengar|spa|1\n|-damage|p1a: gengar|77\/100|[from] item: Life Orb\n|\n|upkeep\n|\n|t:|1699525950\n|switch|p2a: Miraidon|Miraidon|100\/100\n|-damage|p2a: Miraidon|88\/100|[from] Stealth Rock\n|-damage|p2a: Miraidon|72\/100|[from] Spikes\n|-fieldstart|move: Electric Terrain|[from] ability: Hadron Engine|[of] p2a: Miraidon\n|turn|11\n|\n|t:|1699525956\n|move|p1a: gengar|Draining Kiss|p2a: Miraidon\n|-supereffective|p2a: Miraidon\n|-damage|p2a: Miraidon|0 fnt\n|-heal|p1a: gengar|100\/100|[from] drain|[of] p2a: Miraidon\n|faint|p2a: Miraidon\n|-ability|p1a: gengar|Grim Neigh|boost\n|-boost|p1a: gengar|spa|1\n|-damage|p1a: gengar|91\/100|[from] item: Life Orb\n|\n|upkeep\n|\n|t:|1699525984\n|switch|p2a: Iron Bundle|Iron Bundle|100\/100\n|-activate|p2a: Iron Bundle|ability: Quark Drive\n|-start|p2a: Iron Bundle|quarkdrivespe\n|turn|12\n|\n|t:|1699525990\n|move|p2a: Iron Bundle|Hydro Pump|p1a: gengar\n|-damage|p1a: gengar|32\/100\n|move|p1a: gengar|Astral Barrage|p2a: Iron Bundle\n|-damage|p2a: Iron Bundle|0 fnt\n|faint|p2a: Iron Bundle\n|-end|p2a: Iron Bundle|Quark Drive|[silent]\n|-ability|p1a: gengar|Grim Neigh|boost\n|-boost|p1a: gengar|spa|1\n|-damage|p1a: gengar|22\/100|[from] item: Life Orb\n|\n|upkeep\n|\n|t:|1699525994\n|switch|p2a: Iron Valiant|Iron Valiant|100\/100\n|-damage|p2a: Iron Valiant|94\/100|[from] Stealth Rock\n|-damage|p2a: Iron Valiant|78\/100|[from] Spikes\n|-activate|p2a: Iron Valiant|ability: Quark Drive\n|-start|p2a: Iron Valiant|quarkdrivespe\n|turn|13\n|\n|t:|1699526009\n|move|p2a: Iron Valiant|Spirit Break|p1a: gengar\n|-damage|p1a: gengar|0 fnt\n|faint|p1a: gengar\n|\n|upkeep\n|\n|t:|1699526020\n|switch|p1a: dugtrio|Clodsire, M|100\/100\n|-damage|p1a: dugtrio|88\/100|[from] Spikes\n|turn|14\n|\n|t:|1699526026\n|move|p2a: Iron Valiant|Swords Dance|p2a: Iron Valiant\n|-boost|p2a: Iron Valiant|atk|2\n|move|p1a: dugtrio|Toxic|p2a: Iron Valiant\n|-status|p2a: Iron Valiant|tox\n|\n|-heal|p1a: dugtrio|94\/100|[from] item: Leftovers\n|-damage|p2a: Iron Valiant|71\/100 tox|[from] psn\n|upkeep\n|turn|15\n|\n|t:|1699526034\n|move|p2a: Iron Valiant|Encore|p1a: dugtrio\n|-start|p1a: dugtrio|Encore\n|move|p1a: dugtrio|Toxic|p2a: Iron Valiant\n|-fail|p2a: Iron Valiant|tox\n|\n|-heal|p1a: dugtrio|100\/100|[from] item: Leftovers\n|-damage|p2a: Iron Valiant|59\/100 tox|[from] psn\n|-fieldend|move: Electric Terrain\n|-end|p2a: Iron Valiant|Quark Drive\n|upkeep\n|turn|16\n|\n|t:|1699526048\n|switch|p1a: muk|Glimmora, M, shiny|11\/100\n|-damage|p1a: muk|0 fnt|[from] Spikes\n|faint|p1a: muk\n|move|p2a: Iron Valiant|Swords Dance|p2a: Iron Valiant\n|-boost|p2a: Iron Valiant|atk|2\n|\n|-damage|p2a: Iron Valiant|40\/100 tox|[from] psn\n|upkeep\n|\n|t:|1699526056\n|switch|p1a: snorlax|Dondozo, M|41\/100\n|-damage|p1a: snorlax|29\/100|[from] Spikes\n|turn|17\n|\n|t:|1699526060\n|move|p2a: Iron Valiant|Drain Punch|p1a: snorlax\n|-damage|p1a: snorlax|12\/100\n|-heal|p2a: Iron Valiant|55\/100 tox|[from] drain|[of] p1a: snorlax\n|move|p1a: snorlax|Rest|p1a: snorlax\n|-status|p1a: snorlax|slp|[from] move: Rest\n|-heal|p1a: snorlax|100\/100 slp|[silent]\n|\n|-damage|p2a: Iron Valiant|30\/100 tox|[from] psn\n|upkeep\n|turn|18\n|\n|t:|1699526075\n|move|p2a: Iron Valiant|Spirit Break|p1a: snorlax\n|-damage|p1a: snorlax|83\/100 slp\n|-unboost|p1a: snorlax|spa|1\n|cant|p1a: snorlax|slp\n|\n|-heal|p1a: snorlax|89\/100 slp|[from] item: Leftovers\n|-damage|p2a: Iron Valiant|0 fnt|[from] psn\n|faint|p2a: Iron Valiant\n|-end|p2a: Iron Valiant|Quark Drive|[silent]\n|upkeep\n|\n|t:|1699526079\n|switch|p2a: Pawmot|Pawmot, F|100\/100\n|-damage|p2a: Pawmot|94\/100|[from] Stealth Rock\n|-damage|p2a: Pawmot|78\/100|[from] Spikes\n|turn|19\n|\n|t:|1699526086\n|move|p2a: Pawmot|Encore|p1a: snorlax\n|-start|p1a: snorlax|Encore\n|cant|p1a: snorlax|slp\n|\n|-heal|p1a: snorlax|95\/100 slp|[from] item: Leftovers\n|upkeep\n|turn|20\n|\n|t:|1699526097\n|switch|p1a: dugtrio|Clodsire, M|100\/100\n|-damage|p1a: dugtrio|88\/100|[from] Spikes\n|move|p2a: Pawmot|Revival Blessing|p2a: Pawmot\n|-enditem|p2a: Pawmot|Leppa Berry|[eat]\n|-activate|p2a: Pawmot|item: Leppa Berry|Revival Blessing|[consumed]\n|\n|t:|1699526124\n|-heal|p2: Miraidon|50\/100|[from] move: Revival Blessing\n|\n|-heal|p1a: dugtrio|94\/100|[from] item: Leftovers\n|upkeep\n|turn|21\n|\n|t:|1699526132\n|switch|p2a: Alomomola|Alomomola, M, tera:Poison|100\/100\n|-damage|p2a: Alomomola|88\/100|[from] Stealth Rock\n|-damage|p2a: Alomomola|71\/100|[from] Spikes\n|move|p1a: dugtrio|Toxic|p2a: Alomomola\n|-immune|p2a: Alomomola\n|\n|-heal|p1a: dugtrio|100\/100|[from] item: Leftovers\n|upkeep\n|turn|22\n|\n|t:|1699526138\n|move|p2a: Alomomola|Wish|p2a: Alomomola\n|move|p1a: dugtrio|Earthquake|p2a: Alomomola\n|-supereffective|p2a: Alomomola\n|-damage|p2a: Alomomola|43\/100\n|\n|upkeep\n|turn|23\n|\n|t:|1699526148\n|move|p2a: Alomomola|Protect|p2a: Alomomola\n|-singleturn|p2a: Alomomola|Protect\n|move|p1a: dugtrio|Earthquake|p2a: Alomomola\n|-activate|p2a: Alomomola|move: Protect\n|\n|-heal|p2a: Alomomola|93\/100|[from] move: Wish|[wisher] Alomomola\n|upkeep\n|turn|24\n|\n|t:|1699526157\n|switch|p1a: alakazam|Kingambit, F|100\/100\n|-damage|p1a: alakazam|88\/100|[from] Spikes\n|-activate|p1a: alakazam|ability: Supreme Overlord\n|-start|p1a: alakazam|fallen2|[silent]\n|move|p2a: Alomomola|Wish|p2a: Alomomola\n|\n|-heal|p1a: alakazam|94\/100|[from] item: Leftovers\n|upkeep\n|turn|25\n|\n|t:|1699526166\n|move|p2a: Alomomola|Flip Turn|p1a: alakazam\n|-damage|p1a: alakazam|82\/100\n|\n|t:|1699526175\n|switch|p2a: Pawmot|Pawmot, F|78\/100|[from] Flip Turn\n|-damage|p2a: Pawmot|72\/100|[from] Stealth Rock\n|-damage|p2a: Pawmot|56\/100|[from] Spikes\n|move|p1a: alakazam|Swords Dance|p1a: alakazam\n|-boost|p1a: alakazam|atk|2\n|\n|-heal|p2a: Pawmot|100\/100|[from] move: Wish|[wisher] Alomomola\n|-heal|p1a: alakazam|88\/100|[from] item: Leftovers\n|upkeep\n|turn|26\n|\n|t:|1699526189\n|move|p2a: Pawmot|Encore|p1a: alakazam\n|-start|p1a: alakazam|Encore\n|move|p1a: alakazam|Swords Dance|p1a: alakazam\n|-boost|p1a: alakazam|atk|2\n|\n|-heal|p1a: alakazam|95\/100|[from] item: Leftovers\n|upkeep\n|turn|27\n|\n|t:|1699526193\n|move|p2a: Pawmot|Revival Blessing|p2a: Pawmot\n|\n|t:|1699526206\n|-heal|p2: Iron Valiant|50\/100|[from] move: Revival Blessing\n|move|p1a: alakazam|Swords Dance|p1a: alakazam\n|-boost|p1a: alakazam|atk|2\n|\n|-heal|p1a: alakazam|100\/100|[from] item: Leftovers\n|upkeep\n|turn|28\n|\n|t:|1699526215\n|move|p2a: Pawmot|Mach Punch|p1a: alakazam\n|-supereffective|p1a: alakazam\n|-damage|p1a: alakazam|43\/100\n|move|p1a: alakazam|Swords Dance|p1a: alakazam\n|-boost|p1a: alakazam|atk|0\n|\n|-heal|p1a: alakazam|50\/100|[from] item: Leftovers\n|-end|p1a: alakazam|Encore\n|upkeep\n|turn|29\n|\n|t:|1699526221\n|move|p1a: alakazam|Sucker Punch||[still]\n|-fail|p1a: alakazam\n|move|p2a: Pawmot|Encore|p1a: alakazam\n|-start|p1a: alakazam|Encore\n|\n|-heal|p1a: alakazam|56\/100|[from] item: Leftovers\n|upkeep\n|turn|30\n|\n|t:|1699526234\n|switch|p2a: Alomomola|Alomomola, M, tera:Poison|100\/100\n|-damage|p2a: Alomomola|88\/100|[from] Stealth Rock\n|-damage|p2a: Alomomola|71\/100|[from] Spikes\n|move|p1a: alakazam|Sucker Punch||[still]\n|-fail|p1a: alakazam\n|\n|-heal|p1a: alakazam|62\/100|[from] item: Leftovers\n|upkeep\n|turn|31\n|\n|t:|1699526241\n|move|p1a: alakazam|Sucker Punch||[still]\n|-fail|p1a: alakazam\n|move|p2a: Alomomola|Wish|p2a: Alomomola\n|\n|-heal|p1a: alakazam|68\/100|[from] item: Leftovers\n|upkeep\n|turn|32\n|\n|t:|1699526255\n|switch|p2a: Iron Valiant|Iron Valiant|50\/100\n|-damage|p2a: Iron Valiant|44\/100|[from] Stealth Rock\n|-damage|p2a: Iron Valiant|27\/100|[from] Spikes\n|move|p1a: alakazam|Sucker Punch||[still]\n|-fail|p1a: alakazam\n|\n|-heal|p2a: Iron Valiant|100\/100|[from] move: Wish|[wisher] Alomomola\n|-heal|p1a: alakazam|75\/100|[from] item: Leftovers\n|-end|p1a: alakazam|Encore\n|upkeep\n|turn|33\n|\n|t:|1699526274\n|move|p2a: Iron Valiant|Encore|p1a: alakazam\n|-start|p1a: alakazam|Encore\n|move|p1a: alakazam|Sucker Punch||[still]\n|-fail|p1a: alakazam\n|\n|-heal|p1a: alakazam|81\/100|[from] item: Leftovers\n|upkeep\n|turn|34\n|\n|t:|1699526282\n|-end|p1a: alakazam|fallen2|[silent]\n|switch|p1a: dugtrio|Clodsire, M|100\/100\n|-damage|p1a: dugtrio|88\/100|[from] Spikes\n|move|p2a: Iron Valiant|Drain Punch|p1a: dugtrio\n|-resisted|p1a: dugtrio\n|-damage|p1a: dugtrio|67\/100\n|\n|-heal|p1a: dugtrio|73\/100|[from] item: Leftovers\n|upkeep\n|turn|35\n|\n|t:|1699526292\n|-end|p2a: Iron Valiant|Quark Drive|[silent]\n|switch|p2a: Alomomola|Alomomola, M, tera:Poison|100\/100\n|-damage|p2a: Alomomola|88\/100|[from] Stealth Rock\n|-damage|p2a: Alomomola|71\/100|[from] Spikes\n|move|p1a: dugtrio|Earthquake|p2a: Alomomola\n|-supereffective|p2a: Alomomola\n|-damage|p2a: Alomomola|42\/100\n|\n|-heal|p1a: dugtrio|79\/100|[from] item: Leftovers\n|upkeep\n|turn|36\n|\n|t:|1699526304\n|move|p2a: Alomomola|Wish|p2a: Alomomola\n|move|p1a: dugtrio|Earthquake|p2a: Alomomola\n|-supereffective|p2a: Alomomola\n|-damage|p2a: Alomomola|12\/100\n|\n|-heal|p1a: dugtrio|85\/100|[from] item: Leftovers\n|upkeep\n|turn|37\n|\n|t:|1699526313\n|move|p2a: Alomomola|Protect|p2a: Alomomola\n|-singleturn|p2a: Alomomola|Protect\n|move|p1a: dugtrio|Spikes|p2a: Alomomola\n|-sidestart|p2: BrooklynSavage|Spikes\n|\n|-heal|p2a: Alomomola|62\/100|[from] move: Wish|[wisher] Alomomola\n|-heal|p1a: dugtrio|92\/100|[from] item: Leftovers\n|upkeep\n|turn|38\n|\n|t:|1699526322\n|move|p2a: Alomomola|Wish|p2a: Alomomola\n|move|p1a: dugtrio|Earthquake|p2a: Alomomola\n|-supereffective|p2a: Alomomola\n|-damage|p2a: Alomomola|31\/100\n|\n|-heal|p1a: dugtrio|98\/100|[from] item: Leftovers\n|upkeep\n|turn|39\n|\n|t:|1699526330\n|move|p2a: Alomomola|Protect|p2a: Alomomola\n|-singleturn|p2a: Alomomola|Protect\n|move|p1a: dugtrio|Earthquake|p2a: Alomomola\n|-activate|p2a: Alomomola|move: Protect\n|\n|-heal|p2a: Alomomola|81\/100|[from] move: Wish|[wisher] Alomomola\n|-heal|p1a: dugtrio|100\/100|[from] item: Leftovers\n|upkeep\n|turn|40\n|\n|t:|1699526339\n|move|p2a: Alomomola|Wish|p2a: Alomomola\n|move|p1a: dugtrio|Earthquake|p2a: Alomomola\n|-supereffective|p2a: Alomomola\n|-crit|p2a: Alomomola\n|-damage|p2a: Alomomola|36\/100\n|\n|upkeep\n|turn|41\n|\n|t:|1699526351\n|switch|p1a: snorlax|Dondozo, M|95\/100 slp\n|-damage|p1a: snorlax|82\/100 slp|[from] Spikes\n|move|p2a: Alomomola|Protect||[still]\n|-fail|p2a: Alomomola\n|\n|-heal|p2a: Alomomola|86\/100|[from] move: Wish|[wisher] Alomomola\n|-heal|p1a: snorlax|89\/100 slp|[from] item: Leftovers\n|upkeep\n|turn|42\n|c|\u2606BrooklynSavage|Our battle is legendary imo\n|\n|t:|1699526378\n|move|p2a: Alomomola|Wish|p2a: Alomomola\n|-curestatus|p1a: snorlax|slp|[msg]\n|move|p1a: snorlax|Curse|p1a: snorlax\n|-unboost|p1a: snorlax|spe|1\n|-boost|p1a: snorlax|atk|1\n|-boost|p1a: snorlax|def|1\n|\n|-heal|p1a: snorlax|95\/100|[from] item: Leftovers\n|upkeep\n|turn|43\n|c|\u2606realtree crocs|this is great i loved watching this unfold\n|\n|t:|1699526402\n|move|p2a: Alomomola|Flip Turn|p1a: snorlax\n|-resisted|p1a: snorlax\n|-damage|p1a: snorlax|93\/100\n|\n|t:|1699526405\n|switch|p2a: Miraidon|Miraidon|50\/100|[from] Flip Turn\n|-damage|p2a: Miraidon|38\/100|[from] Stealth Rock\n|-damage|p2a: Miraidon|13\/100|[from] Spikes\n|-fieldstart|move: Electric Terrain|[from] ability: Hadron Engine|[of] p2a: Miraidon\n|move|p1a: snorlax|Curse|p1a: snorlax\n|-unboost|p1a: snorlax|spe|1\n|-boost|p1a: snorlax|atk|1\n|-boost|p1a: snorlax|def|1\n|\n|-heal|p2a: Miraidon|91\/100|[from] move: Wish|[wisher] Alomomola\n|-heal|p1a: snorlax|99\/100|[from] item: Leftovers\n|upkeep\n|turn|44\n|c|\u2606BrooklynSavage|Same lol\n|\n|t:|1699526427\n|move|p2a: Miraidon|Electro Drift|p1a: snorlax\n|-supereffective|p1a: snorlax\n|-damage|p1a: snorlax|0 fnt\n|faint|p1a: snorlax\n|\n|upkeep\n|\n|t:|1699526432\n|switch|p1a: dugtrio|Clodsire, M|100\/100\n|-damage|p1a: dugtrio|88\/100|[from] Spikes\n|turn|45\n|\n|t:|1699526440\n|switch|p2a: Alomomola|Alomomola, M, tera:Poison|100\/100\n|-damage|p2a: Alomomola|88\/100|[from] Stealth Rock\n|-damage|p2a: Alomomola|63\/100|[from] Spikes\n|move|p1a: dugtrio|Toxic|p2a: Alomomola\n|-immune|p2a: Alomomola\n|\n|-heal|p1a: dugtrio|94\/100|[from] item: Leftovers\n|upkeep\n|turn|46\n|\n|t:|1699526443\n|move|p2a: Alomomola|Wish|p2a: Alomomola\n|move|p1a: dugtrio|Earthquake|p2a: Alomomola\n|-supereffective|p2a: Alomomola\n|-damage|p2a: Alomomola|34\/100\n|\n|-heal|p1a: dugtrio|100\/100|[from] item: Leftovers\n|upkeep\n|turn|47\n|\n|t:|1699526451\n|switch|p2a: Miraidon|Miraidon|91\/100\n|-damage|p2a: Miraidon|79\/100|[from] Stealth Rock\n|-damage|p2a: Miraidon|54\/100|[from] Spikes\n|-activate|p2a: Miraidon|ability: Hadron Engine\n|move|p1a: dugtrio|Earthquake|p2a: Miraidon\n|-supereffective|p2a: Miraidon\n|-damage|p2a: Miraidon|0 fnt\n|faint|p2a: Miraidon\n|\n|-fieldend|move: Electric Terrain\n|upkeep\n|\n|t:|1699526461\n|switch|p2a: Alomomola|Alomomola, M, tera:Poison|67\/100\n|-damage|p2a: Alomomola|55\/100|[from] Stealth Rock\n|-damage|p2a: Alomomola|30\/100|[from] Spikes\n|turn|48\n|\n|t:|1699526476\n|move|p2a: Alomomola|Wish|p2a: Alomomola\n|move|p1a: dugtrio|Earthquake|p2a: Alomomola\n|-supereffective|p2a: Alomomola\n|-damage|p2a: Alomomola|1\/100\n|\n|upkeep\n|turn|49\n|c|\u2606BrooklynSavage|Yoooo\n|c|\u2606BrooklynSavage|Lucky lmaooo\n|\n|t:|1699526496\n|switch|p1a: alakazam|Kingambit, F|81\/100\n|-damage|p1a: alakazam|68\/100|[from] Spikes\n|-activate|p1a: alakazam|ability: Supreme Overlord\n|-start|p1a: alakazam|fallen3|[silent]\n|move|p2a: Alomomola|Protect||[still]\n|-fail|p2a: Alomomola\n|\n|-heal|p2a: Alomomola|51\/100|[from] move: Wish|[wisher] Alomomola\n|-heal|p1a: alakazam|75\/100|[from] item: Leftovers\n|upkeep\n|turn|50\n|\n|t:|1699526507\n|move|p2a: Alomomola|Wish|p2a: Alomomola\n|move|p1a: alakazam|Kowtow Cleave|p2a: Alomomola\n|-crit|p2a: Alomomola\n|-damage|p2a: Alomomola|0 fnt\n|-damage|p1a: alakazam|58\/100|[from] item: Rocky Helmet|[of] p2a: Alomomola\n|faint|p2a: Alomomola\n|\n|-heal|p1a: alakazam|64\/100|[from] item: Leftovers\n|upkeep\n|\n|t:|1699526516\n|switch|p2a: Iron Valiant|Iron Valiant|100\/100\n|-damage|p2a: Iron Valiant|94\/100|[from] Stealth Rock\n|-damage|p2a: Iron Valiant|69\/100|[from] Spikes\n|turn|51\n|\n|t:|1699526526\n|move|p2a: Iron Valiant|Drain Punch|p1a: alakazam\n|-supereffective|p1a: alakazam\n|-damage|p1a: alakazam|0 fnt\n|-heal|p2a: Iron Valiant|100\/100|[from] drain|[of] p1a: alakazam\n|faint|p1a: alakazam\n|-end|p1a: alakazam|fallen3|[silent]\n|\n|upkeep\n|\n|t:|1699526530\n|switch|p1a: dugtrio|Clodsire, M|100\/100\n|-damage|p1a: dugtrio|88\/100|[from] Spikes\n|turn|52\n|\n|t:|1699526540\n|move|p2a: Iron Valiant|Swords Dance|p2a: Iron Valiant\n|-boost|p2a: Iron Valiant|atk|2\n|move|p1a: dugtrio|Toxic|p2a: Iron Valiant\n|-status|p2a: Iron Valiant|tox\n|\n|-heal|p1a: dugtrio|94\/100|[from] item: Leftovers\n|-damage|p2a: Iron Valiant|94\/100 tox|[from] psn\n|upkeep\n|turn|53\n|c|\u2606realtree crocs|last time you held on by 1%\n|inactive|realtree crocs has 120 seconds left.\n|c|\u2606realtree crocs|plot armor\n|c|\u2606BrooklynSavage|Yo man respect. Great Game\n|\n|t:|1699526583\n|move|p2a: Iron Valiant|Encore|p1a: dugtrio\n|-start|p1a: dugtrio|Encore\n|move|p1a: dugtrio|Toxic|p2a: Iron Valiant\n|-fail|p2a: Iron Valiant|tox\n|\n|-heal|p1a: dugtrio|100\/100|[from] item: Leftovers\n|-damage|p2a: Iron Valiant|82\/100 tox|[from] psn\n|upkeep\n|turn|54\n|c|\u2606BrooklynSavage|Hella plot armor lol\n|\n|t:|1699526598\n|switch|p1a: regular primeape|Annihilape, M|100\/100\n|-damage|p1a: regular primeape|88\/100|[from] Spikes\n|move|p2a: Iron Valiant|Drain Punch|p1a: regular primeape\n|-immune|p1a: regular primeape\n|\n|-heal|p1a: regular primeape|94\/100|[from] item: Leftovers\n|-damage|p2a: Iron Valiant|63\/100 tox|[from] psn\n|upkeep\n|turn|55\n|inactive|realtree crocs has 120 seconds left.\n|\n|t:|1699526615\n|move|p2a: Iron Valiant|Spirit Break|p1a: regular primeape\n|-supereffective|p1a: regular primeape\n|-damage|p1a: regular primeape|0 fnt\n|faint|p1a: regular primeape\n|\n|-damage|p2a: Iron Valiant|38\/100 tox|[from] psn\n|upkeep\n|\n|t:|1699526621\n|switch|p1a: dugtrio|Clodsire, M|100\/100\n|-damage|p1a: dugtrio|88\/100|[from] Spikes\n|turn|56\n|inactive|realtree crocs has 120 seconds left.\n|\n|t:|1699526630\n|move|p2a: Iron Valiant|Drain Punch|p1a: dugtrio\n|-resisted|p1a: dugtrio\n|-damage|p1a: dugtrio|45\/100\n|-heal|p2a: Iron Valiant|73\/100 tox|[from] drain|[of] p1a: dugtrio\n|move|p1a: dugtrio|Earthquake|p2a: Iron Valiant\n|-damage|p2a: Iron Valiant|35\/100 tox\n|\n|-heal|p1a: dugtrio|51\/100|[from] item: Leftovers\n|-damage|p2a: Iron Valiant|4\/100 tox|[from] psn\n|upkeep\n|turn|57\n|c|\u2606BrooklynSavage|I think you got this one man\n|inactive|realtree crocs has 120 seconds left.\n|\n|t:|1699526644\n|move|p2a: Iron Valiant|Drain Punch|p1a: dugtrio\n|-resisted|p1a: dugtrio\n|-damage|p1a: dugtrio|11\/100\n|-heal|p2a: Iron Valiant|35\/100 tox|[from] drain|[of] p1a: dugtrio\n|move|p1a: dugtrio|Recover|p1a: dugtrio\n|-heal|p1a: dugtrio|61\/100\n|\n|-heal|p1a: dugtrio|68\/100|[from] item: Leftovers\n|-damage|p2a: Iron Valiant|0 fnt|[from] psn\n|faint|p2a: Iron Valiant\n|-end|p2a: Iron Valiant|Quark Drive|[silent]\n|upkeep\n|\n|t:|1699526648\n|switch|p2a: Pawmot|Pawmot, F|100\/100\n|-damage|p2a: Pawmot|94\/100|[from] Stealth Rock\n|-damage|p2a: Pawmot|70\/100|[from] Spikes\n|turn|58\n|c|\u2606realtree crocs|i might clutch this\n|inactive|realtree crocs has 120 seconds left.\n|\n|t:|1699526668\n|move|p2a: Pawmot|Encore|p1a: dugtrio\n|-start|p1a: dugtrio|Encore\n|move|p1a: dugtrio|Recover|p1a: dugtrio\n|-heal|p1a: dugtrio|100\/100\n|\n|upkeep\n|turn|59\n|inactive|realtree crocs has 120 seconds left.\n|\n|t:|1699526680\n|move|p2a: Pawmot|Mach Punch|p1a: dugtrio\n|-resisted|p1a: dugtrio\n|-damage|p1a: dugtrio|90\/100\n|move|p1a: dugtrio|Recover|p1a: dugtrio\n|-heal|p1a: dugtrio|100\/100\n|\n|upkeep\n|turn|60\n|\n|t:|1699526686\n|move|p2a: Pawmot|Mach Punch|p1a: dugtrio\n|-resisted|p1a: dugtrio\n|-damage|p1a: dugtrio|90\/100\n|move|p1a: dugtrio|Recover|p1a: dugtrio\n|-heal|p1a: dugtrio|100\/100\n|\n|-end|p1a: dugtrio|Encore\n|upkeep\n|turn|61\n|\n|t:|1699526697\n|move|p2a: Pawmot|Encore|p1a: dugtrio\n|-start|p1a: dugtrio|Encore\n|move|p1a: dugtrio|Recover||[still]\n|-fail|p1a: dugtrio|heal\n|\n|upkeep\n|turn|62\n|\n|t:|1699526702\n|move|p2a: Pawmot|Mach Punch|p1a: dugtrio\n|-resisted|p1a: dugtrio\n|-damage|p1a: dugtrio|90\/100\n|move|p1a: dugtrio|Recover|p1a: dugtrio\n|-heal|p1a: dugtrio|100\/100\n|\n|upkeep\n|turn|63\n|\n|t:|1699526709\n|move|p2a: Pawmot|Mach Punch|p1a: dugtrio\n|-resisted|p1a: dugtrio\n|-damage|p1a: dugtrio|91\/100\n|move|p1a: dugtrio|Recover|p1a: dugtrio\n|-heal|p1a: dugtrio|100\/100\n|\n|-end|p1a: dugtrio|Encore\n|upkeep\n|turn|64\n|c|\u2606BrooklynSavage|We're going down swinging! Lol\n|\n|t:|1699526725\n|move|p2a: Pawmot|Encore|p1a: dugtrio\n|-start|p1a: dugtrio|Encore\n|move|p1a: dugtrio|Recover||[still]\n|-fail|p1a: dugtrio|heal\n|\n|-end|p1a: dugtrio|Encore\n|upkeep\n|turn|65\n|c|\u2606realtree crocs|yeah i\u2019m done\n|\n|t:|1699526741\n|move|p2a: Pawmot|Encore||[still]\n|-fail|p2a: Pawmot\n|move|p1a: dugtrio|Earthquake|p2a: Pawmot\n|-supereffective|p2a: Pawmot\n|-damage|p2a: Pawmot|0 fnt\n|faint|p2a: Pawmot\n|\n|win|realtree crocs\n|raw|realtree crocs's rating: 1347 &rarr; <strong>1371<\/strong><br \/>(+24 for winning)\n|raw|BrooklynSavage's rating: 1415 &rarr; <strong>1391<\/strong><br \/>(-24 for losing)\n|c|\u2606BrooklynSavage|Gg!!\n|c|\u2606realtree crocs|ggwp\n","uploadtime":1699526753,"views":6,"p1id":"realtreecrocs","p2id":"brooklynsavage","formatid":"gen9anythinggoes","rating":1371,"private":0,"password":""}