{"id":"gen9anythinggoes-1982746506","p1":"WeaselmanWasTaken","p2":"aattam","format":"[Gen 9] Anything Goes","log":"|j|\u2606WeaselmanWasTaken\n|j|\u2606aattam\n|t:|1699041036\n|gametype|singles\n|player|p1|WeaselmanWasTaken|pokekid|\n|player|p2|aattam|169|\n|teamsize|p1|3\n|teamsize|p2|2\n|gen|9\n|tier|[Gen 9] Anything Goes\n|rule|HP Percentage Mod: HP is shown in percentages\n|rule|Endless Battle Clause: Forcing endless battles is banned\n|clearpoke\n|poke|p1|Spectrier|\n|poke|p1|Toxapex, M|\n|poke|p1|Hatterene, F|\n|poke|p2|Arcanine-Hisui, F|\n|poke|p2|Great Tusk|\n|teampreview\n|inactive|Battle timer is ON: inactive players will automatically lose when time's up. (requested by WeaselmanWasTaken)\n|\n|t:|1699041063\n|start\n|switch|p1a: Misery X CPR|Toxapex, M, shiny|100\/100\n|switch|p2a: Great Tusk|Great Tusk|100\/100\n|turn|1\n|\n|t:|1699041080\n|move|p2a: Great Tusk|Earthquake|p1a: Misery X CPR\n|-supereffective|p1a: Misery X CPR\n|-damage|p1a: Misery X CPR|49\/100\n|move|p1a: Misery X CPR|Toxic|p2a: Great Tusk\n|-status|p2a: Great Tusk|tox\n|\n|-heal|p1a: Misery X CPR|55\/100|[from] item: Black Sludge\n|-damage|p2a: Great Tusk|94\/100 tox|[from] psn\n|upkeep\n|turn|2\n|inactive|aattam has 270 seconds left.\n|inactive|WeaselmanWasTaken has 270 seconds left.\n|inactiveoff|Battle timer is now OFF.\n|j| jkduane\n|j| PorygonTheBot\n|c| PorygonTheBot|y'all suck\n|j| Miramac\n|j| Not-Amara\n|c| Not-Amara|LMAOOO\n|\n|t:|1699041154\n|move|p2a: Great Tusk|Knock Off|p1a: Misery X CPR\n|-damage|p1a: Misery X CPR|38\/100\n|-enditem|p1a: Misery X CPR|Black Sludge|[from] move: Knock Off|[of] p2a: Great Tusk\n|move|p1a: Misery X CPR|Recover|p1a: Misery X CPR\n|-heal|p1a: Misery X CPR|88\/100\n|\n|-damage|p2a: Great Tusk|82\/100 tox|[from] psn\n|upkeep\n|turn|3\n|c| jkduane|i hacked the bot\n|\n|t:|1699041164\n|move|p2a: Great Tusk|Earthquake|p1a: Misery X CPR\n|-supereffective|p1a: Misery X CPR\n|-damage|p1a: Misery X CPR|31\/100\n|move|p1a: Misery X CPR|Ice Beam|p2a: Great Tusk\n|-supereffective|p2a: Great Tusk\n|-damage|p2a: Great Tusk|60\/100 tox\n|\n|-damage|p2a: Great Tusk|41\/100 tox|[from] psn\n|upkeep\n|turn|4\n|\n|t:|1699041179\n|switch|p1a: Washing Machine|Hatterene, F|100\/100\n|move|p2a: Great Tusk|Earthquake|p1a: Washing Machine\n|-damage|p1a: Washing Machine|62\/100\n|\n|-heal|p1a: Washing Machine|68\/100|[from] item: Leftovers\n|-damage|p2a: Great Tusk|16\/100 tox|[from] psn\n|upkeep\n|turn|5\n|\n|t:|1699041201\n|move|p2a: Great Tusk|Knock Off|p1a: Washing Machine\n|-damage|p1a: Washing Machine|45\/100\n|-enditem|p1a: Washing Machine|Leftovers|[from] move: Knock Off|[of] p2a: Great Tusk\n|move|p1a: Washing Machine|Draining Kiss|p2a: Great Tusk\n|-supereffective|p2a: Great Tusk\n|-damage|p2a: Great Tusk|0 fnt\n|-heal|p1a: Washing Machine|61\/100|[from] drain|[of] p2a: Great Tusk\n|faint|p2a: Great Tusk\n|-end|p2a: Great Tusk|Protosynthesis|[silent]\n|\n|upkeep\n|\n|t:|1699041209\n|switch|p2a: Arcanine|Arcanine-Hisui, F|100\/100\n|turn|6\n|\n|t:|1699041238\n|move|p2a: Arcanine|Double-Edge|p1a: Washing Machine\n|-damage|p1a: Washing Machine|30\/100\n|move|p1a: Washing Machine|Nuzzle|p2a: Arcanine\n|-damage|p2a: Arcanine|96\/100\n|-status|p2a: Arcanine|par\n|\n|upkeep\n|turn|7\n|\n|t:|1699041249\n|move|p2a: Arcanine|Flare Blitz|p1a: Washing Machine\n|-damage|p1a: Washing Machine|0 fnt\n|faint|p1a: Washing Machine\n|\n|upkeep\n|\n|t:|1699041253\n|switch|p1a: Misery X CPR|Toxapex, M, shiny|64\/100\n|turn|8\n|\n|t:|1699041264\n|move|p2a: Arcanine|Wild Charge|p1a: Misery X CPR\n|-supereffective|p1a: Misery X CPR\n|-damage|p1a: Misery X CPR|22\/100\n|move|p1a: Misery X CPR|Recover|p1a: Misery X CPR\n|-heal|p1a: Misery X CPR|72\/100\n|\n|upkeep\n|turn|9\n|\n|t:|1699041271\n|move|p2a: Arcanine|Wild Charge|p1a: Misery X CPR\n|-supereffective|p1a: Misery X CPR\n|-damage|p1a: Misery X CPR|31\/100\n|move|p1a: Misery X CPR|Ice Beam|p2a: Arcanine\n|-resisted|p2a: Arcanine\n|-crit|p2a: Arcanine\n|-damage|p2a: Arcanine|85\/100 par\n|\n|upkeep\n|turn|10\n|\n|t:|1699041279\n|move|p2a: Arcanine|Wild Charge|p1a: Misery X CPR\n|-supereffective|p1a: Misery X CPR\n|-damage|p1a: Misery X CPR|0 fnt\n|faint|p1a: Misery X CPR\n|\n|upkeep\n|\n|t:|1699041283\n|switch|p1a: Spectrier|Spectrier|100\/100\n|turn|11\n|\n|t:|1699041293\n|move|p1a: Spectrier|Substitute|p1a: Spectrier\n|-start|p1a: Spectrier|Substitute\n|-damage|p1a: Spectrier|76\/100\n|cant|p2a: Arcanine|par\n|\n|-heal|p1a: Spectrier|82\/100|[from] item: Leftovers\n|upkeep\n|turn|12\n|\n|t:|1699041304\n|move|p1a: Spectrier|Shadow Ball|p2a: Arcanine\n|-damage|p2a: Arcanine|25\/100 par\n|-unboost|p2a: Arcanine|spd|1\n|move|p2a: Arcanine|Flare Blitz|p1a: Spectrier\n|-end|p1a: Spectrier|Substitute\n|\n|-heal|p1a: Spectrier|88\/100|[from] item: Leftovers\n|upkeep\n|turn|13\n|\n|t:|1699041315\n|move|p2a: Arcanine|Extreme Speed|p1a: Spectrier\n|-immune|p1a: Spectrier\n|move|p1a: Spectrier|Shadow Ball|p2a: Arcanine\n|-damage|p2a: Arcanine|0 fnt\n|faint|p2a: Arcanine\n|\n|win|WeaselmanWasTaken\n","uploadtime":1699041318,"views":4,"p1id":"weaselmanwastaken","p2id":"aattam","formatid":"gen9anythinggoes","rating":0,"private":0,"password":null}