{"id":"gen9anythinggoes-1980071668","p1":"Feraligators","p2":"AshGreninja7X","format":"[Gen 9] Anything Goes","log":"|j|\u2606Feraligators\n|j|\u2606AshGreninja7X\n|t:|1698754234\n|gametype|singles\n|player|p1|Feraligators|hooligans|1769\n|player|p2|AshGreninja7X|lucas|1833\n|teamsize|p1|6\n|teamsize|p2|6\n|gen|9\n|tier|[Gen 9] Anything Goes\n|rated|\n|rule|HP Percentage Mod: HP is shown in percentages\n|rule|Endless Battle Clause: Forcing endless battles is banned\n|clearpoke\n|poke|p1|Calyrex-Shadow|\n|poke|p1|Arceus|\n|poke|p1|Koraidon|\n|poke|p1|Ditto|\n|poke|p1|Ting-Lu|\n|poke|p1|Miraidon|\n|poke|p2|Grimmsnarl, M|\n|poke|p2|Mewtwo|\n|poke|p2|Arceus-Ground|\n|poke|p2|Koraidon|\n|poke|p2|Miraidon|\n|poke|p2|Arceus|\n|teampreview\n|inactive|Battle timer is ON: inactive players will automatically lose when time's up. (requested by AshGreninja7X)\n|\n|t:|1698754247\n|start\n|switch|p1a: Moose Of Ruin|Ting-Lu|100\/100\n|switch|p2a: Arceus|Arceus-Ground|100\/100\n|-ability|p1a: Moose Of Ruin|Vessel of Ruin\n|turn|1\n|\n|t:|1698754263\n|move|p2a: Arceus|Taunt|p1a: Moose Of Ruin\n|-start|p1a: Moose Of Ruin|move: Taunt\n|cant|p1a: Moose Of Ruin|move: Taunt|Spikes\n|\n|upkeep\n|turn|2\n|\n|t:|1698754266\n|move|p2a: Arceus|Dragon Dance|p2a: Arceus\n|-boost|p2a: Arceus|atk|1\n|-boost|p2a: Arceus|spe|1\n|move|p1a: Moose Of Ruin|Ruination|p2a: Arceus\n|-damage|p2a: Arceus|51\/100\n|\n|upkeep\n|turn|3\n|\n|t:|1698754268\n|move|p2a: Arceus|Earthquake|p1a: Moose Of Ruin\n|-damage|p1a: Moose Of Ruin|51\/100\n|move|p1a: Moose Of Ruin|Earthquake|p2a: Arceus\n|-damage|p2a: Arceus|23\/100\n|\n|-heal|p1a: Moose Of Ruin|58\/100|[from] item: Leftovers\n|-end|p1a: Moose Of Ruin|move: Taunt\n|upkeep\n|turn|4\n|\n|t:|1698754272\n|move|p2a: Arceus|Earthquake|p1a: Moose Of Ruin\n|-damage|p1a: Moose Of Ruin|2\/100\n|move|p1a: Moose Of Ruin|Earthquake|p2a: Arceus\n|-damage|p2a: Arceus|0 fnt\n|faint|p2a: Arceus\n|\n|-heal|p1a: Moose Of Ruin|9\/100|[from] item: Leftovers\n|upkeep\n|\n|t:|1698754279\n|switch|p2a: Grimmsnarl|Grimmsnarl, M|100\/100\n|turn|5\n|\n|t:|1698754283\n|move|p2a: Grimmsnarl|Spirit Break|p1a: Moose Of Ruin\n|-supereffective|p1a: Moose Of Ruin\n|-damage|p1a: Moose Of Ruin|0 fnt\n|faint|p1a: Moose Of Ruin\n|\n|upkeep\n|\n|t:|1698754288\n|switch|p1a: Light of Hope|Arceus|100\/100\n|turn|6\n|\n|t:|1698754290\n|move|p2a: Grimmsnarl|Reflect|p2a: Grimmsnarl\n|-sidestart|p2: AshGreninja7X|Reflect\n|move|p1a: Light of Hope|Swords Dance|p1a: Light of Hope\n|-boost|p1a: Light of Hope|atk|2\n|\n|upkeep\n|turn|7\n|\n|t:|1698754296\n|-terastallize|p1a: Light of Hope|Normal\n|move|p1a: Light of Hope|Extreme Speed|p2a: Grimmsnarl\n|-damage|p2a: Grimmsnarl|47\/100\n|move|p2a: Grimmsnarl|Thunder Wave|p1a: Light of Hope\n|-status|p1a: Light of Hope|par\n|\n|upkeep\n|turn|8\n|\n|t:|1698754301\n|switch|p2a: Arceus|Arceus|100\/100\n|move|p1a: Light of Hope|Extreme Speed|p2a: Arceus\n|-damage|p2a: Arceus|57\/100\n|\n|upkeep\n|turn|9\n|\n|t:|1698754305\n|move|p2a: Arceus|Dragon Dance|p2a: Arceus\n|-boost|p2a: Arceus|atk|1\n|-boost|p2a: Arceus|spe|1\n|move|p1a: Light of Hope|Earthquake|p2a: Arceus\n|-damage|p2a: Arceus|32\/100\n|\n|upkeep\n|turn|10\n|\n|t:|1698754312\n|move|p2a: Arceus|Extreme Speed|p1a: Light of Hope\n|-damage|p1a: Light of Hope|48\/100 par\n|-damage|p2a: Arceus|22\/100|[from] item: Life Orb\n|move|p1a: Light of Hope|Extreme Speed|p2a: Arceus\n|-damage|p2a: Arceus|0 fnt\n|faint|p2a: Arceus\n|\n|-heal|p1a: Light of Hope|54\/100 par|[from] item: Leftovers\n|upkeep\n|\n|t:|1698754318\n|switch|p2a: Miraidon|Miraidon|100\/100\n|-fieldstart|move: Electric Terrain|[from] ability: Hadron Engine|[of] p2a: Miraidon\n|turn|11\n|\n|t:|1698754322\n|move|p1a: Light of Hope|Extreme Speed|p2a: Miraidon\n|-damage|p2a: Miraidon|56\/100\n|move|p2a: Miraidon|Agility|p2a: Miraidon\n|-boost|p2a: Miraidon|spe|2\n|\n|-heal|p2a: Miraidon|62\/100|[from] item: Leftovers\n|-heal|p1a: Light of Hope|60\/100 par|[from] item: Leftovers\n|upkeep\n|turn|12\n|\n|t:|1698754326\n|move|p1a: Light of Hope|Extreme Speed|p2a: Miraidon\n|-damage|p2a: Miraidon|11\/100\n|move|p2a: Miraidon|Parabolic Charge|p1a: Light of Hope\n|-damage|p1a: Light of Hope|18\/100 par\n|-heal|p2a: Miraidon|34\/100|[from] drain|[of] p1a: Light of Hope\n|\n|-heal|p2a: Miraidon|40\/100|[from] item: Leftovers\n|-heal|p1a: Light of Hope|24\/100 par|[from] item: Leftovers\n|upkeep\n|turn|13\n|\n|t:|1698754331\n|move|p1a: Light of Hope|Extreme Speed|p2a: Miraidon\n|-damage|p2a: Miraidon|0 fnt\n|faint|p2a: Miraidon\n|\n|-heal|p1a: Light of Hope|30\/100 par|[from] item: Leftovers\n|-sideend|p2: AshGreninja7X|Reflect\n|upkeep\n|\n|t:|1698754335\n|switch|p2a: Grimmsnarl|Grimmsnarl, M|47\/100\n|turn|14\n|\n|t:|1698754340\n|-terastallize|p2a: Grimmsnarl|Ghost\n|cant|p1a: Light of Hope|par\n|move|p2a: Grimmsnarl|Reflect|p2a: Grimmsnarl\n|-sidestart|p2: AshGreninja7X|Reflect\n|\n|-heal|p1a: Light of Hope|36\/100 par|[from] item: Leftovers\n|upkeep\n|turn|15\n|\n|t:|1698754348\n|move|p2a: Grimmsnarl|Light Screen|p2a: Grimmsnarl\n|-sidestart|p2: AshGreninja7X|move: Light Screen\n|cant|p1a: Light of Hope|par\n|\n|-heal|p1a: Light of Hope|42\/100 par|[from] item: Leftovers\n|-fieldend|move: Electric Terrain\n|upkeep\n|turn|16\n|\n|t:|1698754351\n|move|p2a: Grimmsnarl|Spirit Break|p1a: Light of Hope\n|-damage|p1a: Light of Hope|22\/100 par\n|-unboost|p1a: Light of Hope|spa|1\n|move|p1a: Light of Hope|Shadow Claw|p2a: Grimmsnarl\n|-supereffective|p2a: Grimmsnarl\n|-damage|p2a: Grimmsnarl|0 fnt\n|faint|p2a: Grimmsnarl\n|\n|-heal|p1a: Light of Hope|28\/100 par|[from] item: Leftovers\n|upkeep\n|\n|t:|1698754353\n|switch|p2a: Mewtwo|Mewtwo|100\/100\n|-ability|p2a: Mewtwo|Pressure\n|turn|17\n|\n|t:|1698754357\n|move|p1a: Light of Hope|Extreme Speed|p2a: Mewtwo\n|-damage|p2a: Mewtwo|43\/100\n|move|p2a: Mewtwo|Agility|p2a: Mewtwo\n|-boost|p2a: Mewtwo|spe|2\n|\n|-heal|p2a: Mewtwo|49\/100|[from] item: Leftovers\n|-heal|p1a: Light of Hope|34\/100 par|[from] item: Leftovers\n|upkeep\n|turn|18\n|\n|t:|1698754361\n|move|p2a: Mewtwo|Psystrike|p1a: Light of Hope\n|-damage|p1a: Light of Hope|0 fnt\n|faint|p1a: Light of Hope\n|\n|-heal|p2a: Mewtwo|55\/100|[from] item: Leftovers\n|upkeep\n|\n|t:|1698754367\n|switch|p1a: Disguise Da Limit|Ditto, shiny|100\/100\n|-transform|p1a: Disguise Da Limit|p2a: Mewtwo|[from] ability: Imposter\n|-ability|p1a: Disguise Da Limit|Pressure\n|turn|19\n|\n|t:|1698754373\n|move|p1a: Disguise Da Limit|Psystrike|p2a: Mewtwo\n|-resisted|p2a: Mewtwo\n|-damage|p2a: Mewtwo|40\/100\n|move|p2a: Mewtwo|Nasty Plot|p2a: Mewtwo\n|-boost|p2a: Mewtwo|spa|2\n|\n|-heal|p2a: Mewtwo|46\/100|[from] item: Leftovers\n|upkeep\n|turn|20\n|\n|t:|1698754379\n|switch|p1a: Miraidon|Miraidon|100\/100\n|-fieldstart|move: Electric Terrain|[from] ability: Hadron Engine|[of] p1a: Miraidon\n|move|p2a: Mewtwo|Psystrike|p1a: Miraidon\n|-damage|p1a: Miraidon|0 fnt\n|faint|p1a: Miraidon\n|\n|-heal|p2a: Mewtwo|52\/100|[from] item: Leftovers\n|upkeep\n|\n|t:|1698754384\n|switch|p1a: Shadow Knight|Calyrex-Shadow|100\/100\n|-ability|p1a: Shadow Knight|As One\n|-ability|p1a: Shadow Knight|Unnerve\n|turn|21\n|\n|t:|1698754389\n|move|p2a: Mewtwo|Psystrike|p1a: Shadow Knight\n|-resisted|p1a: Shadow Knight\n|-damage|p1a: Shadow Knight|30\/100\n|move|p1a: Shadow Knight|Astral Barrage|p2a: Mewtwo\n|-supereffective|p2a: Mewtwo\n|-damage|p2a: Mewtwo|0 fnt\n|faint|p2a: Mewtwo\n|-ability|p1a: Shadow Knight|Grim Neigh|boost\n|-boost|p1a: Shadow Knight|spa|1\n|\n|-sideend|p2: AshGreninja7X|Reflect\n|upkeep\n|\n|t:|1698754393\n|switch|p2a: Koraidon|Koraidon|100\/100\n|-weather|SunnyDay|[from] ability: Orichalcum Pulse|[of] p2a: Koraidon\n|-activate|p2a: Koraidon|Orichalcum Pulse|[source]\n|turn|22\n|c|\u2606AshGreninja7X|Bg fuker\n|l|\u2606AshGreninja7X\n|inactive|AshGreninja7X disconnected and has a minute to reconnect!\n|player|p2|\n|inactive|AshGreninja7X has 30 seconds to reconnect!\n|inactive|AshGreninja7X has 20 seconds to reconnect!\n|inactive|AshGreninja7X has 15 seconds to reconnect!\n|inactive|AshGreninja7X has 10 seconds to reconnect!\n|inactive|AshGreninja7X has 5 seconds to reconnect!\n|j| GrassyStorm\n|-message|AshGreninja7X lost due to inactivity.\n|\n|win|Feraligators\n|raw|Feraligators's rating: 1769 &rarr; <strong>1793<\/strong><br \/>(+24 for winning)\n|raw|AshGreninja7X's rating: 1833 &rarr; <strong>1809<\/strong><br \/>(-24 for losing)\n|l| GrassyStorm\n","uploadtime":1698754466,"views":4,"p1id":"feraligators","p2id":"ashgreninja7x","formatid":"gen9anythinggoes","rating":1793,"private":0,"password":""}