{"id":"gen9anythinggoes-1986064891","p1":"Jjayy09","p2":"Deathdarkgon","format":"[Gen 9] Anything Goes","log":"|j|\u2606Jjayy09\n|j|\u2606Deathdarkgon\n|t:|1699445956\n|gametype|singles\n|player|p1|Jjayy09|101|1227\n|player|p2|Deathdarkgon|richboy-gen4|1240\n|teamsize|p1|6\n|teamsize|p2|6\n|gen|9\n|tier|[Gen 9] Anything Goes\n|rated|\n|rule|HP Percentage Mod: HP is shown in percentages\n|rule|Endless Battle Clause: Forcing endless battles is banned\n|clearpoke\n|poke|p1|Toxapex, F|\n|poke|p1|Blissey, F|\n|poke|p1|Calyrex-Shadow|\n|poke|p1|Zacian-*|\n|poke|p1|Miraidon|\n|poke|p1|Espathra, F|\n|poke|p2|Skeledirge, F|\n|poke|p2|Lokix, F|\n|poke|p2|Garganacl, F|\n|poke|p2|Corviknight, M|\n|poke|p2|Clodsire, M|\n|poke|p2|Ogerpon-Wellspring, F|\n|teampreview\n|c|\u2606Deathdarkgon|Glhf\n|\n|t:|1699445963\n|start\n|switch|p1a: Peacock|Espathra, F|100\/100\n|switch|p2a: Hefestus|Lokix, F|100\/100\n|turn|1\n|\n|t:|1699445970\n|move|p1a: Peacock|Substitute|p1a: Peacock\n|-start|p1a: Peacock|Substitute\n|-damage|p1a: Peacock|75\/100\n|move|p2a: Hefestus|Leech Life|p1a: Peacock\n|-supereffective|p1a: Peacock\n|-crit|p1a: Peacock\n|-end|p1a: Peacock|Substitute\n|-damage|p2a: Hefestus|91\/100|[from] item: Life Orb\n|\n|-ability|p1a: Peacock|Speed Boost|boost\n|-boost|p1a: Peacock|spe|1\n|upkeep\n|turn|2\n|\n|t:|1699445981\n|move|p1a: Peacock|Stored Power|p2a: Hefestus\n|-immune|p2a: Hefestus\n|move|p2a: Hefestus|Leech Life|p1a: Peacock\n|-supereffective|p1a: Peacock\n|-damage|p1a: Peacock|0 fnt\n|-heal|p2a: Hefestus|100\/100|[from] drain|[of] p1a: Peacock\n|faint|p1a: Peacock\n|-damage|p2a: Hefestus|91\/100|[from] item: Life Orb\n|\n|upkeep\n|\n|t:|1699446000\n|switch|p1a: Speedblitzer|Zacian-Crowned|100\/100\n|-ability|p1a: Speedblitzer|Intrepid Sword|boost\n|-boost|p1a: Speedblitzer|atk|1\n|turn|3\n|\n|t:|1699446009\n|switch|p2a: DeVito|Skeledirge, F|100\/100\n|move|p1a: Speedblitzer|Behemoth Blade|p2a: DeVito\n|-resisted|p2a: DeVito\n|-damage|p2a: DeVito|76\/100\n|\n|upkeep\n|turn|4\n|\n|t:|1699446023\n|switch|p1a: Poison Ocky|Toxapex, F, shiny|100\/100\n|move|p2a: DeVito|Will-O-Wisp|p1a: Poison Ocky\n|-status|p1a: Poison Ocky|brn\n|\n|-damage|p1a: Poison Ocky|94\/100 brn|[from] brn\n|upkeep\n|turn|5\n|\n|t:|1699446034\n|move|p2a: DeVito|Earth Power|p1a: Poison Ocky\n|-supereffective|p1a: Poison Ocky\n|-damage|p1a: Poison Ocky|46\/100 brn\n|-unboost|p1a: Poison Ocky|spd|1\n|move|p1a: Poison Ocky|Toxic|p2a: DeVito\n|-status|p2a: DeVito|tox\n|\n|-heal|p1a: Poison Ocky|52\/100 brn|[from] item: Leftovers\n|-damage|p2a: DeVito|70\/100 tox|[from] psn\n|-damage|p1a: Poison Ocky|46\/100 brn|[from] brn\n|upkeep\n|turn|6\n|\n|t:|1699446047\n|move|p1a: Poison Ocky|Baneful Bunker|p1a: Poison Ocky\n|-singleturn|p1a: Poison Ocky|move: Protect\n|move|p2a: DeVito|Earth Power|p1a: Poison Ocky\n|-activate|p1a: Poison Ocky|move: Protect\n|\n|-heal|p1a: Poison Ocky|52\/100 brn|[from] item: Leftovers\n|-damage|p2a: DeVito|58\/100 tox|[from] psn\n|-damage|p1a: Poison Ocky|46\/100 brn|[from] brn\n|upkeep\n|turn|7\n|\n|t:|1699446058\n|move|p2a: DeVito|Earth Power|p1a: Poison Ocky\n|-supereffective|p1a: Poison Ocky\n|-damage|p1a: Poison Ocky|0 fnt\n|faint|p1a: Poison Ocky\n|\n|-damage|p2a: DeVito|40\/100 tox|[from] psn\n|upkeep\n|-enditem|p2a: DeVito|Sitrus Berry|[eat]\n|-heal|p2a: DeVito|65\/100 tox|[from] item: Sitrus Berry\n|\n|t:|1699446066\n|switch|p1a: Nurse|Blissey, F|100\/100\n|turn|8\n|\n|t:|1699446076\n|move|p2a: DeVito|Torch Song|p1a: Nurse\n|-damage|p1a: Nurse|90\/100\n|-boost|p2a: DeVito|spa|1\n|move|p1a: Nurse|Soft-Boiled|p1a: Nurse\n|-heal|p1a: Nurse|100\/100\n|\n|-damage|p2a: DeVito|40\/100 tox|[from] psn\n|upkeep\n|turn|9\n|\n|t:|1699446090\n|move|p2a: DeVito|Torch Song|p1a: Nurse\n|-damage|p1a: Nurse|85\/100\n|-boost|p2a: DeVito|spa|1\n|move|p1a: Nurse|Calm Mind|p1a: Nurse\n|-boost|p1a: Nurse|spa|1\n|-boost|p1a: Nurse|spd|1\n|\n|-damage|p2a: DeVito|10\/100 tox|[from] psn\n|upkeep\n|turn|10\n|\n|t:|1699446100\n|move|p2a: DeVito|Torch Song|p1a: Nurse\n|-damage|p1a: Nurse|60\/100\n|-boost|p2a: DeVito|spa|1\n|move|p1a: Nurse|Soft-Boiled|p1a: Nurse\n|-heal|p1a: Nurse|100\/100\n|\n|-damage|p2a: DeVito|0 fnt|[from] psn\n|faint|p2a: DeVito\n|upkeep\n|\n|t:|1699446110\n|switch|p2a: Talus|Garganacl, F|100\/100\n|turn|11\n|\n|t:|1699446123\n|move|p1a: Nurse|Flamethrower|p2a: Talus\n|-resisted|p2a: Talus\n|-crit|p2a: Talus\n|-damage|p2a: Talus|82\/100\n|move|p2a: Talus|Iron Defense|p2a: Talus\n|-boost|p2a: Talus|def|2\n|\n|-heal|p2a: Talus|88\/100|[from] item: Leftovers\n|upkeep\n|turn|12\n|\n|t:|1699446133\n|move|p1a: Nurse|Fling|p2a: Talus\n|-damage|p2a: Talus|87\/100\n|-enditem|p1a: Nurse|Poison Barb|[from] move: Fling\n|move|p2a: Talus|Iron Defense|p2a: Talus\n|-boost|p2a: Talus|def|2\n|\n|-heal|p2a: Talus|93\/100|[from] item: Leftovers\n|upkeep\n|turn|13\n|\n|t:|1699446144\n|switch|p1a: Dark Horse|Calyrex-Shadow|100\/100\n|-ability|p1a: Dark Horse|As One\n|-ability|p1a: Dark Horse|Unnerve\n|move|p2a: Talus|Iron Defense|p2a: Talus\n|-boost|p2a: Talus|def|2\n|\n|-heal|p2a: Talus|99\/100|[from] item: Leftovers\n|upkeep\n|turn|14\n|\n|t:|1699446160\n|move|p1a: Dark Horse|Giga Drain|p2a: Talus\n|-supereffective|p2a: Talus\n|-damage|p2a: Talus|38\/100\n|move|p2a: Talus|Salt Cure|p1a: Dark Horse\n|-damage|p1a: Dark Horse|76\/100\n|-start|p1a: Dark Horse|Salt Cure\n|\n|-heal|p2a: Talus|44\/100|[from] item: Leftovers\n|-damage|p1a: Dark Horse|64\/100|[from] Salt Cure\n|upkeep\n|turn|15\n|\n|t:|1699446174\n|switch|p2a: Hefestus|Lokix, F|91\/100\n|move|p1a: Dark Horse|Giga Drain|p2a: Hefestus\n|-resisted|p2a: Hefestus\n|-damage|p2a: Hefestus|60\/100\n|-heal|p1a: Dark Horse|76\/100|[from] drain|[of] p2a: Hefestus\n|\n|-damage|p1a: Dark Horse|64\/100|[from] Salt Cure\n|upkeep\n|turn|16\n|\n|t:|1699446184\n|move|p1a: Dark Horse|Psychic|p2a: Hefestus\n|-immune|p2a: Hefestus\n|move|p2a: Hefestus|Throat Chop|p1a: Dark Horse\n|-supereffective|p1a: Dark Horse\n|-damage|p1a: Dark Horse|0 fnt\n|faint|p1a: Dark Horse\n|-damage|p2a: Hefestus|50\/100|[from] item: Life Orb\n|\n|upkeep\n|\n|t:|1699446194\n|switch|p1a: Nurse|Blissey, F|100\/100\n|turn|17\n|\n|t:|1699446199\n|move|p2a: Hefestus|Axe Kick|p1a: Nurse\n|-supereffective|p1a: Nurse\n|-damage|p1a: Nurse|0 fnt\n|faint|p1a: Nurse\n|-damage|p2a: Hefestus|40\/100|[from] item: Life Orb\n|\n|upkeep\n|\n|t:|1699446205\n|switch|p1a: Voltcrasher|Miraidon|100\/100\n|-fieldstart|move: Electric Terrain|[from] ability: Hadron Engine|[of] p1a: Voltcrasher\n|turn|18\n|\n|t:|1699446210\n|switch|p2a: Big Mac|Clodsire, M|100\/100\n|move|p1a: Voltcrasher|Electro Drift|p2a: Big Mac\n|-immune|p2a: Big Mac\n|\n|upkeep\n|turn|19\n|\n|t:|1699446219\n|move|p1a: Voltcrasher|Dragon Pulse|p2a: Big Mac\n|-damage|p2a: Big Mac|55\/100\n|move|p2a: Big Mac|Toxic|p1a: Voltcrasher\n|-status|p1a: Voltcrasher|tox\n|\n|-heal|p2a: Big Mac|61\/100|[from] item: Black Sludge\n|-damage|p1a: Voltcrasher|94\/100 tox|[from] psn\n|upkeep\n|turn|20\n|\n|t:|1699446229\n|move|p1a: Voltcrasher|Dazzling Gleam|p2a: Big Mac\n|-resisted|p2a: Big Mac\n|-damage|p2a: Big Mac|47\/100\n|move|p2a: Big Mac|Earthquake|p1a: Voltcrasher\n|-supereffective|p1a: Voltcrasher\n|-damage|p1a: Voltcrasher|15\/100 tox\n|\n|-heal|p1a: Voltcrasher|21\/100 tox|[from] item: Leftovers\n|-heal|p2a: Big Mac|53\/100|[from] item: Black Sludge\n|-damage|p1a: Voltcrasher|8\/100 tox|[from] psn\n|upkeep\n|turn|21\n|\n|t:|1699446242\n|switch|p1a: Speedblitzer|Zacian-Crowned|100\/100\n|move|p2a: Big Mac|Stealth Rock|p1a: Speedblitzer\n|-sidestart|p1: Jjayy09|move: Stealth Rock\n|\n|-heal|p2a: Big Mac|59\/100|[from] item: Black Sludge\n|upkeep\n|turn|22\n|\n|t:|1699446250\n|move|p1a: Speedblitzer|Behemoth Blade|p2a: Big Mac\n|-damage|p2a: Big Mac|0 fnt\n|faint|p2a: Big Mac\n|\n|-fieldend|move: Electric Terrain\n|upkeep\n|\n|t:|1699446266\n|switch|p2a: Ares|Corviknight, M|100\/100\n|turn|23\n|\n|t:|1699446278\n|move|p1a: Speedblitzer|Swords Dance|p1a: Speedblitzer\n|-boost|p1a: Speedblitzer|atk|2\n|move|p2a: Ares|Iron Defense|p2a: Ares\n|-boost|p2a: Ares|def|2\n|\n|upkeep\n|turn|24\n|\n|t:|1699446284\n|move|p1a: Speedblitzer|Swords Dance|p1a: Speedblitzer\n|-boost|p1a: Speedblitzer|atk|2\n|move|p2a: Ares|Iron Defense|p2a: Ares\n|-boost|p2a: Ares|def|2\n|\n|upkeep\n|turn|25\n|\n|t:|1699446291\n|move|p1a: Speedblitzer|Close Combat|p2a: Ares\n|-damage|p2a: Ares|63\/100\n|-unboost|p1a: Speedblitzer|def|1\n|-unboost|p1a: Speedblitzer|spd|1\n|move|p2a: Ares|Iron Defense|p2a: Ares\n|-boost|p2a: Ares|def|2\n|\n|upkeep\n|turn|26\n|\n|t:|1699446299\n|-terastallize|p1a: Speedblitzer|Fairy\n|move|p1a: Speedblitzer|Play Rough|p2a: Ares\n|-resisted|p2a: Ares\n|-damage|p2a: Ares|42\/100\n|move|p2a: Ares|Body Press|p1a: Speedblitzer\n|-resisted|p1a: Speedblitzer\n|-damage|p1a: Speedblitzer|43\/100\n|\n|upkeep\n|turn|27\n|-message|Jjayy09 forfeited.\n|\n|win|Deathdarkgon\n|raw|Jjayy09's rating: 1227 &rarr; <strong>1203<\/strong><br \/>(-24 for losing)\n|raw|Deathdarkgon's rating: 1240 &rarr; <strong>1264<\/strong><br \/>(+24 for winning)\n|l|\u2606Jjayy09\n|c|\u2606Deathdarkgon|Gg\n","uploadtime":1699446319,"views":6,"p1id":"jjayy09","p2id":"deathdarkgon","formatid":"gen9anythinggoes","rating":1203,"private":0,"password":""}