{"id":"gen9anythinggoes-1987114969","p1":"Rowan_Rocket","p2":"Bloodycat","format":"[Gen 9] Anything Goes","log":"|j|\u2606Rowan_Rocket\n|j|\u2606Bloodycat\n|t:|1699557275\n|gametype|singles\n|player|p1|Rowan_Rocket|rocketgruntf|1077\n|player|p2|Bloodycat|2|1191\n|teamsize|p1|6\n|teamsize|p2|6\n|gen|9\n|tier|[Gen 9] Anything Goes\n|rated|\n|rule|HP Percentage Mod: HP is shown in percentages\n|rule|Endless Battle Clause: Forcing endless battles is banned\n|clearpoke\n|poke|p1|Weezing, M|\n|poke|p1|Arbok, M|\n|poke|p1|Ariados, F|\n|poke|p1|Persian-Alola, M|\n|poke|p1|Mabosstiff, F|\n|poke|p1|Drifblim, F|\n|poke|p2|Pikachu, M|\n|poke|p2|Ambipom, F|\n|poke|p2|Ariados, F|\n|poke|p2|Ditto|\n|poke|p2|Rotom-Frost|\n|poke|p2|Clefable, F|\n|teampreview\n|inactive|Battle timer is ON: inactive players will automatically lose when time's up. (requested by Bloodycat)\n|c|\u2606Bloodycat|hihi\n|\n|t:|1699557305\n|start\n|switch|p1a: Ariados|Ariados, F|100\/100\n|switch|p2a: Rotom|Rotom-Frost|100\/100\n|turn|1\n|c|\u2606Rowan_Rocket|Had to start the match for it to let me type\n|c|\u2606Bloodycat|okay\n|inactive|Rowan_Rocket has 120 seconds left.\n|c|\u2606Rowan_Rocket|As I was trying to say holy heck, the only other person with an ariados!\n|c|\u2606Bloodycat|lovely team btw\n|\n|t:|1699557364\n|move|p2a: Rotom|Substitute|p2a: Rotom\n|-start|p2a: Rotom|Substitute\n|-damage|p2a: Rotom|76\/100\n|move|p1a: Ariados|Toxic Thread||[still]\n|-fail|p1a: Ariados\n|\n|upkeep\n|turn|2\n|c|\u2606Bloodycat|same! ariados is the best\n|\n|t:|1699557380\n|move|p2a: Rotom|Will-O-Wisp|p1a: Ariados|[miss]\n|-miss|p2a: Rotom|p1a: Ariados\n|move|p1a: Ariados|Sticky Web|p2a: Rotom\n|-sidestart|p2: Bloodycat|move: Sticky Web\n|\n|upkeep\n|turn|3\n|c|\u2606Rowan_Rocket|Thanks, yours it better to be fair\n|c|\u2606Rowan_Rocket|Mine is made for a theme not effectiveness XD\n|\n|t:|1699557398\n|switch|p1a: Drifblim|Drifblim, F|100\/100\n|move|p2a: Rotom|Thunderbolt|p1a: Drifblim\n|-supereffective|p1a: Drifblim\n|-damage|p1a: Drifblim|0 fnt\n|faint|p1a: Drifblim\n|\n|upkeep\n|c|\u2606Bloodycat|aw really?\n|inactive|Rowan_Rocket has 90 seconds left.\n|\n|t:|1699557423\n|switch|p1a: Weezing|Weezing, M|100\/100\n|turn|4\n|inactive|Rowan_Rocket has 60 seconds left.\n|\n|t:|1699557454\n|move|p2a: Rotom|Will-O-Wisp|p1a: Weezing\n|-status|p1a: Weezing|brn\n|move|p1a: Weezing|Sludge Bomb|p2a: Rotom\n|-end|p2a: Rotom|Substitute\n|\n|-damage|p1a: Weezing|94\/100 brn|[from] brn\n|upkeep\n|turn|5\n|inactive|Rowan_Rocket has 60 seconds left.\n|\n|t:|1699557465\n|move|p2a: Rotom|Thunderbolt|p1a: Weezing\n|-damage|p1a: Weezing|48\/100 brn\n|move|p1a: Weezing|Sludge Bomb|p2a: Rotom\n|-damage|p2a: Rotom|38\/100\n|\n|-damage|p1a: Weezing|42\/100 brn|[from] brn\n|upkeep\n|turn|6\n|inactive|Rowan_Rocket has 60 seconds left.\n|\n|t:|1699557484\n|switch|p1a: Mabosstiff|Mabosstiff, F|100\/100\n|move|p2a: Rotom|Thunderbolt|p1a: Mabosstiff\n|-damage|p1a: Mabosstiff|61\/100\n|\n|upkeep\n|turn|7\n|inactive|Rowan_Rocket has 60 seconds left.\n|\n|t:|1699557498\n|move|p2a: Rotom|Blizzard|p1a: Mabosstiff\n|-damage|p1a: Mabosstiff|13\/100\n|move|p1a: Mabosstiff|Crunch|p2a: Rotom\n|-damage|p2a: Rotom|0 fnt\n|-damage|p1a: Mabosstiff|0 fnt|[from] item: Rocky Helmet|[of] p2a: Rotom\n|faint|p2a: Rotom\n|faint|p1a: Mabosstiff\n|\n|upkeep\n|inactive|Rowan_Rocket has 60 seconds left.\n|\n|t:|1699557519\n|switch|p2a: Ariados|Ariados, F|100\/100\n|switch|p1a: Ariados|Ariados, F|100\/100\n|-activate|p2a: Ariados|move: Sticky Web\n|-unboost|p2a: Ariados|spe|1\n|turn|8\n|\n|t:|1699557526\n|switch|p1a: Weezing|Weezing, M|42\/100 brn\n|move|p2a: Ariados|Swords Dance|p2a: Ariados\n|-boost|p2a: Ariados|atk|2\n|\n|-damage|p1a: Weezing|35\/100 brn|[from] brn\n|upkeep\n|turn|9\n|inactive|Rowan_Rocket has 30 seconds left.\n|c|\u2606Rowan_Rocket|Ah yes, the aggressive version :) good to see, im giga dead here\n|c|\u2606Bloodycat|yepp\n|inactive|Rowan_Rocket has 20 seconds left.\n|\n|t:|1699557567\n|move|p1a: Weezing|Pain Split|p2a: Ariados\n|-sethp|p2a: Ariados|67\/100|[from] move: Pain Split|[silent]\n|-sethp|p1a: Weezing|70\/100 brn|[from] move: Pain Split\n|move|p2a: Ariados|Swords Dance|p2a: Ariados\n|-boost|p2a: Ariados|atk|2\n|\n|-damage|p1a: Weezing|63\/100 brn|[from] brn\n|upkeep\n|turn|10\n|inactive|Rowan_Rocket has 30 seconds left this turn.\n|\n|t:|1699557576\n|move|p1a: Weezing|Toxic Spikes|p2a: Ariados\n|-sidestart|p2: Bloodycat|move: Toxic Spikes\n|move|p2a: Ariados|Lunge|p1a: Weezing\n|-resisted|p1a: Weezing\n|-damage|p1a: Weezing|19\/100 brn\n|-unboost|p1a: Weezing|atk|1\n|-damage|p2a: Ariados|51\/100|[from] item: Rocky Helmet|[of] p1a: Weezing\n|\n|-damage|p1a: Weezing|13\/100 brn|[from] brn\n|upkeep\n|turn|11\n|inactive|Rowan_Rocket has 30 seconds left.\n|inactive|Rowan_Rocket has 20 seconds left.\n|\n|t:|1699557592\n|move|p2a: Ariados|Shadow Sneak|p1a: Weezing\n|-damage|p1a: Weezing|0 fnt\n|-damage|p2a: Ariados|35\/100|[from] item: Rocky Helmet|[of] p1a: Weezing\n|faint|p1a: Weezing\n|\n|upkeep\n|inactive|Rowan_Rocket has 25 seconds left this turn.\n|inactive|Rowan_Rocket has 20 seconds left.\n|\n|t:|1699557600\n|switch|p1a: Persian|Persian-Alola, M|100\/100\n|turn|12\n|inactive|Rowan_Rocket has 30 seconds left this turn.\n|\n|t:|1699557609\n|move|p1a: Persian|Foul Play|p2a: Ariados\n|-damage|p2a: Ariados|0 fnt\n|faint|p2a: Ariados\n|\n|upkeep\n|inactive|Rowan_Rocket has 30 seconds left this turn.\n|\n|t:|1699557613\n|switch|p2a: Ambipom|Ambipom, F|100\/100\n|-activate|p2a: Ambipom|move: Sticky Web\n|-unboost|p2a: Ambipom|spe|1\n|-status|p2a: Ambipom|psn\n|-enditem|p2a: Ambipom|Lum Berry|[eat]\n|-curestatus|p2a: Ambipom|psn|[msg]\n|turn|13\n|inactive|Rowan_Rocket has 30 seconds left.\n|\n|t:|1699557624\n|move|p2a: Ambipom|Fake Out|p1a: Persian\n|-damage|p1a: Persian|81\/100\n|cant|p1a: Persian|flinch\n|\n|upkeep\n|turn|14\n|\n|t:|1699557629\n|move|p1a: Persian|Foul Play|p2a: Ambipom\n|-damage|p2a: Ambipom|30\/100\n|move|p2a: Ambipom|Acrobatics|p1a: Persian\n|-damage|p1a: Persian|60\/100\n|\n|upkeep\n|turn|15\n|\n|t:|1699557638\n|move|p1a: Persian|Foul Play|p2a: Ambipom\n|-damage|p2a: Ambipom|0 fnt\n|faint|p2a: Ambipom\n|\n|upkeep\n|\n|t:|1699557643\n|switch|p2a: Clefable|Clefable, F|100\/100\n|-activate|p2a: Clefable|move: Sticky Web\n|-unboost|p2a: Clefable|spe|1\n|-status|p2a: Clefable|psn\n|turn|16\n|\n|t:|1699557652\n|move|p1a: Persian|Parting Shot|p2a: Clefable\n|-unboost|p2a: Clefable|atk|1\n|-unboost|p2a: Clefable|spa|1\n|\n|t:|1699557658\n|switch|p1a: Arbok|Arbok, M|100\/100|[from] Parting Shot\n|move|p2a: Clefable|Moonblast|p1a: Arbok\n|-resisted|p1a: Arbok\n|-damage|p1a: Arbok|80\/100\n|\n|-damage|p2a: Clefable|88\/100 psn|[from] psn\n|upkeep\n|turn|17\n|\n|t:|1699557670\n|switch|p2a: Ditto|Ditto|100\/100\n|-activate|p2a: Ditto|move: Sticky Web\n|-unboost|p2a: Ditto|spe|1\n|-status|p2a: Ditto|psn\n|-transform|p2a: Ditto|p1a: Arbok|[from] ability: Imposter\n|move|p1a: Arbok|Coil|p1a: Arbok\n|-boost|p1a: Arbok|atk|1\n|-boost|p1a: Arbok|def|1\n|-boost|p1a: Arbok|accuracy|1\n|\n|-damage|p2a: Ditto|88\/100 psn|[from] psn\n|upkeep\n|turn|18\n|\n|t:|1699557683\n|move|p2a: Ditto|Glare|p1a: Arbok\n|-status|p1a: Arbok|par\n|move|p1a: Arbok|Coil|p1a: Arbok\n|-boost|p1a: Arbok|atk|1\n|-boost|p1a: Arbok|def|1\n|-boost|p1a: Arbok|accuracy|1\n|\n|-damage|p2a: Ditto|76\/100 psn|[from] psn\n|upkeep\n|turn|19\n|\n|t:|1699557697\n|switch|p2a: Clefable|Clefable, F|88\/100 psn\n|-activate|p2a: Clefable|move: Sticky Web\n|-unboost|p2a: Clefable|spe|1\n|move|p1a: Arbok|Coil|p1a: Arbok\n|-boost|p1a: Arbok|atk|1\n|-boost|p1a: Arbok|def|1\n|-boost|p1a: Arbok|accuracy|1\n|\n|-heal|p2a: Clefable|94\/100 psn|[from] item: Leftovers\n|-damage|p2a: Clefable|82\/100 psn|[from] psn\n|upkeep\n|turn|20\n|\n|t:|1699557708\n|move|p2a: Clefable|Flamethrower|p1a: Arbok\n|-damage|p1a: Arbok|48\/100 par\n|move|p1a: Arbok|Gunk Shot|p2a: Clefable\n|-supereffective|p2a: Clefable\n|-damage|p2a: Clefable|0 fnt\n|faint|p2a: Clefable\n|\n|-activate|p1a: Arbok|ability: Shed Skin\n|-curestatus|p1a: Arbok|par|[msg]\n|upkeep\n|\n|t:|1699557719\n|switch|p2a: Ditto|Ditto|76\/100 psn\n|-activate|p2a: Ditto|move: Sticky Web\n|-unboost|p2a: Ditto|spe|1\n|-transform|p2a: Ditto|p1a: Arbok|[from] ability: Imposter\n|turn|21\n|inactive|Rowan_Rocket has 60 seconds left.\n|\n|t:|1699557727\n|move|p1a: Arbok|Gunk Shot|p2a: Ditto\n|-resisted|p2a: Ditto\n|-damage|p2a: Ditto|52\/100 psn\n|move|p2a: Ditto|Gunk Shot|p1a: Arbok\n|-resisted|p1a: Arbok\n|-damage|p1a: Arbok|23\/100\n|-damage|p2a: Ditto|42\/100 psn|[from] item: Life Orb\n|\n|-activate|p2a: Ditto|ability: Shed Skin\n|-curestatus|p2a: Ditto|psn|[msg]\n|upkeep\n|turn|22\n|inactive|Rowan_Rocket has 60 seconds left.\n|\n|t:|1699557749\n|move|p2a: Ditto|Gunk Shot|p1a: Arbok\n|-resisted|p1a: Arbok\n|-crit|p1a: Arbok\n|-damage|p1a: Arbok|0 fnt\n|faint|p1a: Arbok\n|-damage|p2a: Ditto|33\/100|[from] item: Life Orb\n|\n|upkeep\n|\n|t:|1699557761\n|switch|p1a: Persian|Persian-Alola, M|60\/100\n|turn|23\n|\n|t:|1699557771\n|move|p1a: Persian|Fake Out|p2a: Ditto\n|-crit|p2a: Ditto\n|-damage|p2a: Ditto|19\/100\n|cant|p2a: Ditto|flinch\n|\n|upkeep\n|turn|24\n|\n|t:|1699557778\n|move|p1a: Persian|Foul Play|p2a: Ditto\n|-damage|p2a: Ditto|0 fnt\n|faint|p2a: Ditto\n|\n|upkeep\n|\n|t:|1699557782\n|switch|p2a: Pikachu|Pikachu, M|100\/100\n|-activate|p2a: Pikachu|move: Sticky Web\n|-unboost|p2a: Pikachu|spe|1\n|-status|p2a: Pikachu|psn\n|turn|25\n|inactive|Rowan_Rocket has 60 seconds left.\n|\n|t:|1699557792\n|move|p2a: Pikachu|Fake Out|p1a: Persian\n|-damage|p1a: Persian|48\/100\n|cant|p1a: Persian|flinch\n|\n|-damage|p2a: Pikachu|88\/100 psn|[from] psn\n|upkeep\n|turn|26\n|\n|t:|1699557800\n|move|p1a: Persian|Parting Shot|p2a: Pikachu\n|-unboost|p2a: Pikachu|atk|1\n|-unboost|p2a: Pikachu|spa|1\n|inactive|Rowan_Rocket has 60 seconds left.\n|\n|t:|1699557810\n|switch|p1a: Ariados|Ariados, F|100\/100|[from] Parting Shot\n|move|p2a: Pikachu|Fly||[still]\n|-prepare|p2a: Pikachu|Fly\n|\n|-damage|p2a: Pikachu|76\/100 psn|[from] psn\n|upkeep\n|turn|27\n|c|\u2606Rowan_Rocket|My god\n|inactive|Rowan_Rocket has 60 seconds left.\n|c|\u2606Rowan_Rocket|The fly tech\n|c|\u2606Bloodycat|yesss\n|\n|t:|1699557830\n|move|p2a: Pikachu|Fly|p1a: Ariados|[from]lockedmove\n|-supereffective|p1a: Ariados\n|-damage|p1a: Ariados|57\/100\n|move|p1a: Ariados|Knock Off|p2a: Pikachu\n|-damage|p2a: Pikachu|7\/100 psn\n|-enditem|p2a: Pikachu|Light Ball|[from] move: Knock Off|[of] p1a: Ariados\n|\n|-damage|p2a: Pikachu|0 fnt|[from] psn\n|faint|p2a: Pikachu\n|\n|win|Rowan_Rocket\n|upkeep\n|raw|Rowan_Rocket's rating: 1077 &rarr; <strong>1114<\/strong><br \/>(+37 for winning)\n|raw|Bloodycat's rating: 1191 &rarr; <strong>1158<\/strong><br \/>(-33 for losing)\n|c|\u2606Bloodycat|aw\n|c|\u2606Rowan_Rocket|You're beautiful never change\n|c|\u2606Bloodycat|aww thanks u too!\n|c|\u2606Bloodycat|ur too sweet\n|c|\u2606Rowan_Rocket|<3 thanks for the match!\n|c|\u2606Bloodycat|ur welcome!\n|c|\u2606Rowan_Rocket|And ill be taking that pikachu! Kekeke\n|c|\u2606Bloodycat|have a wonderful day!\n|c|\u2606Rowan_Rocket|You too!\n|c|\u2606Bloodycat|byeeee\n|l|\u2606Bloodycat\n|l|\u2606Rowan_Rocket\n|j|\u2606Rowan_Rocket\n|player|p1|Rowan_Rocket|rocketgruntf\n","uploadtime":1699558144,"views":11,"p1id":"rowanrocket","p2id":"bloodycat","formatid":"gen9anythinggoes","rating":1114,"private":0,"password":""}