{"id":"gen9anythinggoes-1977123113","p1":"LudoThePumpkinBro","p2":"HanzKrautsmann","format":"[Gen 9] Anything Goes","log":"|j|\u2606LudoThePumpkinBro\n|j|\u2606HanzKrautsmann\n|t:|1698374182\n|gametype|singles\n|player|p1|LudoThePumpkinBro|266|1066\n|player|p2|HanzKrautsmann|fisherman-gen4|1116\n|teamsize|p1|6\n|teamsize|p2|6\n|gen|9\n|tier|[Gen 9] Anything Goes\n|rated|\n|rule|HP Percentage Mod: HP is shown in percentages\n|rule|Endless Battle Clause: Forcing endless battles is banned\n|clearpoke\n|poke|p1|Regieleki|\n|poke|p1|Maushold|\n|poke|p1|Cloyster, M|\n|poke|p1|Klefki, F|\n|poke|p1|Palossand, F|\n|poke|p1|Darkrai|\n|poke|p2|Drifblim, M|\n|poke|p2|Clefable, F|\n|poke|p2|Calyrex-Shadow|\n|poke|p2|Shaymin-Sky|\n|poke|p2|Thundurus, M|\n|poke|p2|Espathra, F|\n|teampreview\n|\n|t:|1698374187\n|start\n|switch|p1a: Kleffy|Klefki, F, shiny|100\/100\n|switch|p2a: Espathra|Espathra, F, shiny|100\/100\n|turn|1\n|\n|t:|1698374192\n|move|p1a: Kleffy|Switcheroo|p2a: Espathra\n|-activate|p1a: Kleffy|move: Trick|[of] p2a: Espathra\n|-item|p2a: Espathra|Choice Specs|[from] move: Switcheroo\n|-item|p1a: Kleffy|Leftovers|[from] move: Switcheroo\n|move|p2a: Espathra|Substitute|p2a: Espathra\n|-start|p2a: Espathra|Substitute\n|-damage|p2a: Espathra|76\/100\n|\n|-ability|p2a: Espathra|Speed Boost|boost\n|-boost|p2a: Espathra|spe|1\n|upkeep\n|turn|2\n|\n|t:|1698374206\n|switch|p2a: Drifblim|Drifblim, M, shiny|100\/100\n|move|p1a: Kleffy|Light Screen|p1a: Kleffy\n|-sidestart|p1: LudoThePumpkinBro|move: Light Screen\n|\n|upkeep\n|turn|3\n|\n|t:|1698374216\n|move|p1a: Kleffy|Switcheroo|p2a: Drifblim\n|-activate|p1a: Kleffy|move: Trick|[of] p2a: Drifblim\n|-item|p2a: Drifblim|Leftovers|[from] move: Switcheroo\n|-item|p1a: Kleffy|Bright Powder|[from] move: Switcheroo\n|move|p2a: Drifblim|Substitute|p2a: Drifblim\n|-start|p2a: Drifblim|Substitute\n|-damage|p2a: Drifblim|75\/100\n|\n|-heal|p2a: Drifblim|82\/100|[from] item: Leftovers\n|upkeep\n|turn|4\n|\n|t:|1698374224\n|move|p1a: Kleffy|Reflect|p1a: Kleffy\n|-sidestart|p1: LudoThePumpkinBro|Reflect\n|move|p2a: Drifblim|Minimize|p2a: Drifblim\n|-boost|p2a: Drifblim|evasion|2\n|\n|-heal|p2a: Drifblim|88\/100|[from] item: Leftovers\n|upkeep\n|turn|5\n|\n|t:|1698374230\n|switch|p1a: Clitster|Cloyster, M|100\/100\n|move|p2a: Drifblim|Minimize|p2a: Drifblim\n|-boost|p2a: Drifblim|evasion|2\n|\n|-heal|p2a: Drifblim|94\/100|[from] item: Leftovers\n|upkeep\n|turn|6\n|\n|t:|1698374238\n|move|p2a: Drifblim|Minimize|p2a: Drifblim\n|-boost|p2a: Drifblim|evasion|2\n|move|p1a: Clitster|Shell Smash|p1a: Clitster\n|-unboost|p1a: Clitster|def|1\n|-unboost|p1a: Clitster|spd|1\n|-boost|p1a: Clitster|atk|2\n|-boost|p1a: Clitster|spa|2\n|-boost|p1a: Clitster|spe|2\n|\n|-heal|p2a: Drifblim|99\/100|[from] item: Leftovers\n|-sideend|p1: LudoThePumpkinBro|move: Light Screen\n|upkeep\n|turn|7\n|\n|t:|1698374250\n|move|p1a: Clitster|Icicle Spear|p2a: Drifblim|[miss]\n|-miss|p1a: Clitster|p2a: Drifblim\n|move|p2a: Drifblim|Disable|p1a: Clitster\n|-start|p1a: Clitster|Disable|Icicle Spear\n|\n|-heal|p2a: Drifblim|100\/100|[from] item: Leftovers\n|upkeep\n|turn|8\n|\n|t:|1698374259\n|move|p1a: Clitster|Rock Blast|p2a: Drifblim|[miss]\n|-miss|p1a: Clitster|p2a: Drifblim\n|move|p2a: Drifblim|Baton Pass|p2a: Drifblim\n|\n|t:|1698374265\n|switch|p2a: Calyrex|Calyrex-Shadow|100\/100|[from] Baton Pass\n|-ability|p2a: Calyrex|As One\n|-ability|p2a: Calyrex|Unnerve\n|\n|-sideend|p1: LudoThePumpkinBro|Reflect\n|upkeep\n|turn|9\n|c|\u2606LudoThePumpkinBro|jesus christ dude..\n|\n|t:|1698374279\n|move|p1a: Clitster|Rock Blast|p2a: Calyrex|[miss]\n|-miss|p1a: Clitster|p2a: Calyrex\n|move|p2a: Calyrex|Astral Barrage|p1a: Clitster\n|-damage|p1a: Clitster|0 fnt\n|faint|p1a: Clitster\n|-ability|p2a: Calyrex|Grim Neigh|boost\n|-boost|p2a: Calyrex|spa|1\n|\n|upkeep\n|c|\u2606HanzKrautsmann|yup\n|\n|t:|1698374285\n|switch|p1a: Kleffy|Klefki, F, shiny|100\/100\n|turn|10\n|\n|t:|1698374306\n|switch|p1a: Night Knight|Darkrai, shiny|100\/100\n|move|p2a: Calyrex|Astral Barrage|p1a: Night Knight\n|-resisted|p1a: Night Knight\n|-damage|p1a: Night Knight|44\/100\n|\n|-heal|p1a: Night Knight|50\/100|[from] item: Leftovers\n|upkeep\n|turn|11\n|\n|t:|1698374317\n|move|p2a: Calyrex|Astral Barrage|p1a: Night Knight\n|-resisted|p1a: Night Knight\n|-damage|p1a: Night Knight|0 fnt\n|faint|p1a: Night Knight\n|-ability|p2a: Calyrex|Grim Neigh|boost\n|-boost|p2a: Calyrex|spa|1\n|\n|upkeep\n|\n|t:|1698374320\n|switch|p1a: Lightning Mcqueen|Regieleki|100\/100\n|turn|12\n|c|\u2606HanzKrautsmann|hmm\n|c|\u2606LudoThePumpkinBro|idk what to do here\n|c|\u2606LudoThePumpkinBro|I'm truely lost.\n|c|\u2606HanzKrautsmann|:)\n|c|\u2606LudoThePumpkinBro|What's this button do..\n|-message|LudoThePumpkinBro forfeited.\n|\n|win|HanzKrautsmann\n|raw|LudoThePumpkinBro's rating: 1066 &rarr; <strong>1049<\/strong><br \/>(-17 for losing)\n|raw|HanzKrautsmann's rating: 1116 &rarr; <strong>1137<\/strong><br \/>(+21 for winning)\n|l|\u2606LudoThePumpkinBro\n|c|\u2606HanzKrautsmann|LMAO\n","uploadtime":1698374359,"views":11,"p1id":"ludothepumpkinbro","p2id":"hanzkrautsmann","formatid":"gen9anythinggoes","rating":1049,"private":0,"password":""}