{"id":"gen9anythinggoes-1984833125","p1":"ayushg1r1","p2":"meloprince","format":"[Gen 9] Anything Goes","log":"|j|\u2606ayushg1r1\n|j|\u2606meloprince\n|t:|1699302849\n|gametype|singles\n|player|p1|ayushg1r1|101|1189\n|player|p2|meloprince|1|1110\n|teamsize|p1|6\n|teamsize|p2|6\n|gen|9\n|tier|[Gen 9] Anything Goes\n|rated|\n|rule|HP Percentage Mod: HP is shown in percentages\n|rule|Endless Battle Clause: Forcing endless battles is banned\n|clearpoke\n|poke|p1|Mewtwo|\n|poke|p1|Arceus-Dark|\n|poke|p1|Zacian-*|\n|poke|p1|Basculegion, M|\n|poke|p1|Calyrex-Shadow|\n|poke|p1|Annihilape, F|\n|poke|p2|Poliwrath, M|\n|poke|p2|Ambipom, F|\n|poke|p2|Greedent, F|\n|poke|p2|Forretress, F|\n|poke|p2|Ditto|\n|poke|p2|Bronzong|\n|teampreview\n|\n|t:|1699302873\n|start\n|switch|p1a: Annihilape|Annihilape, F, shiny|100\/100\n|switch|p2a: Bronzong|Bronzong|100\/100\n|turn|1\n|\n|t:|1699302887\n|move|p1a: Annihilape|Rage Fist|p2a: Bronzong\n|-supereffective|p2a: Bronzong\n|-damage|p2a: Bronzong|63\/100\n|move|p2a: Bronzong|Gravity|p2a: Bronzong\n|-fieldstart|move: Gravity\n|\n|-heal|p2a: Bronzong|69\/100|[from] item: Leftovers\n|upkeep\n|turn|2\n|\n|t:|1699302897\n|move|p1a: Annihilape|Bulk Up|p1a: Annihilape\n|-boost|p1a: Annihilape|atk|1\n|-boost|p1a: Annihilape|def|1\n|move|p2a: Bronzong|Hypnosis|p1a: Annihilape\n|-status|p1a: Annihilape|slp|[from] move: Hypnosis\n|-enditem|p1a: Annihilape|Chesto Berry|[eat]\n|-curestatus|p1a: Annihilape|slp|[msg]\n|\n|-heal|p2a: Bronzong|75\/100|[from] item: Leftovers\n|upkeep\n|turn|3\n|\n|t:|1699302912\n|move|p1a: Annihilape|Rage Fist|p2a: Bronzong\n|-supereffective|p2a: Bronzong\n|-damage|p2a: Bronzong|23\/100\n|move|p2a: Bronzong|Hypnosis|p1a: Annihilape\n|-status|p1a: Annihilape|slp|[from] move: Hypnosis\n|\n|-heal|p2a: Bronzong|29\/100|[from] item: Leftovers\n|upkeep\n|turn|4\n|\n|t:|1699302930\n|switch|p2a: Ditto|Ditto|100\/100\n|-transform|p2a: Ditto|p1a: Annihilape|[from] ability: Imposter\n|cant|p1a: Annihilape|slp\n|\n|upkeep\n|turn|5\n|\n|t:|1699302938\n|move|p2a: Ditto|Rage Fist|p1a: Annihilape\n|-supereffective|p1a: Annihilape\n|-damage|p1a: Annihilape|44\/100 slp\n|cant|p1a: Annihilape|slp\n|\n|-fieldend|move: Gravity\n|upkeep\n|turn|6\n|\n|t:|1699302946\n|move|p2a: Ditto|Rage Fist|p1a: Annihilape\n|-supereffective|p1a: Annihilape\n|-damage|p1a: Annihilape|0 fnt\n|faint|p1a: Annihilape\n|\n|upkeep\n|\n|t:|1699302957\n|switch|p1a: Calyrex|Calyrex-Shadow|100\/100\n|-ability|p1a: Calyrex|As One\n|-ability|p1a: Calyrex|Unnerve\n|turn|7\n|\n|t:|1699302982\n|switch|p2a: Forretress|Forretress, F|100\/100\n|move|p1a: Calyrex|Astral Barrage|p2a: Forretress\n|-damage|p2a: Forretress|30\/100\n|-enditem|p2a: Forretress|Red Card|[of] p1a: Calyrex\n|drag|p1a: Mewtwo|Mewtwo|100\/100\n|-ability|p1a: Mewtwo|Unnerve\n|\n|upkeep\n|turn|8\n|\n|t:|1699302996\n|move|p1a: Mewtwo|Psystrike|p2a: Forretress\n|-resisted|p2a: Forretress\n|-damage|p2a: Forretress|9\/100\n|move|p2a: Forretress|Toxic Spikes|p1a: Mewtwo\n|-sidestart|p1: ayushg1r1|move: Toxic Spikes\n|\n|upkeep\n|turn|9\n|\n|t:|1699303006\n|move|p1a: Mewtwo|Dark Pulse|p2a: Forretress\n|-damage|p2a: Forretress|0 fnt\n|faint|p2a: Forretress\n|\n|upkeep\n|\n|t:|1699303022\n|switch|p2a: Ditto|Ditto|100\/100\n|-transform|p2a: Ditto|p1a: Mewtwo|[from] ability: Imposter\n|-ability|p2a: Ditto|Unnerve\n|turn|10\n|\n|t:|1699303034\n|move|p2a: Ditto|Dark Pulse|p1a: Mewtwo\n|-supereffective|p1a: Mewtwo\n|-damage|p1a: Mewtwo|31\/100\n|cant|p1a: Mewtwo|flinch\n|\n|upkeep\n|turn|11\n|\n|t:|1699303043\n|move|p2a: Ditto|Dark Pulse|p1a: Mewtwo\n|-supereffective|p1a: Mewtwo\n|-damage|p1a: Mewtwo|0 fnt\n|faint|p1a: Mewtwo\n|\n|upkeep\n|\n|t:|1699303048\n|switch|p1a: Zacian|Zacian-Crowned|100\/100\n|-ability|p1a: Zacian|Intrepid Sword|boost\n|-boost|p1a: Zacian|atk|1\n|turn|12\n|\n|t:|1699303060\n|switch|p2a: Bronzong|Bronzong|29\/100\n|move|p1a: Zacian|Behemoth Blade|p2a: Bronzong\n|-resisted|p2a: Bronzong\n|-damage|p2a: Bronzong|0 fnt\n|faint|p2a: Bronzong\n|\n|upkeep\n|\n|t:|1699303074\n|switch|p2a: Ditto|Ditto|100\/100\n|-transform|p2a: Ditto|p1a: Zacian|[from] ability: Imposter\n|-ability|p2a: Ditto|Intrepid Sword|boost\n|-boost|p2a: Ditto|atk|1\n|turn|13\n|\n|t:|1699303100\n|move|p2a: Ditto|Behemoth Blade|p1a: Zacian\n|-damage|p1a: Zacian|0 fnt\n|faint|p1a: Zacian\n|\n|upkeep\n|\n|t:|1699303111\n|switch|p1a: Calyrex|Calyrex-Shadow|100\/100\n|-ability|p1a: Calyrex|As One\n|-ability|p1a: Calyrex|Unnerve\n|-status|p1a: Calyrex|psn\n|turn|14\n|\n|t:|1699303128\n|-terastallize|p2a: Ditto|Normal\n|move|p2a: Ditto|Behemoth Blade|p1a: Calyrex\n|-damage|p1a: Calyrex|0 fnt\n|faint|p1a: Calyrex\n|\n|upkeep\n|\n|t:|1699303136\n|switch|p1a: Arceus|Arceus-Dark|100\/100\n|-status|p1a: Arceus|psn\n|turn|15\n|\n|t:|1699303141\n|move|p2a: Ditto|Behemoth Blade|p1a: Arceus\n|-damage|p1a: Arceus|0 fnt\n|faint|p1a: Arceus\n|\n|upkeep\n|\n|t:|1699303153\n|switch|p1a: Basculegion|Basculegion, M, shiny|100\/100\n|-status|p1a: Basculegion|psn\n|turn|16\n|\n|t:|1699303158\n|move|p2a: Ditto|Behemoth Blade|p1a: Basculegion\n|-resisted|p1a: Basculegion\n|-damage|p1a: Basculegion|35\/100 psn\n|move|p1a: Basculegion|Last Respects|p2a: Ditto\n|-immune|p2a: Ditto\n|\n|-damage|p1a: Basculegion|22\/100 psn|[from] psn\n|upkeep\n|-enditem|p1a: Basculegion|Aguav Berry|[eat]\n|-heal|p1a: Basculegion|55\/100 psn|[from] item: Aguav Berry\n|-start|p1a: Basculegion|confusion\n|turn|17\n|-message|ayushg1r1 forfeited.\n|\n|win|meloprince\n|raw|ayushg1r1's rating: 1189 &rarr; <strong>1158<\/strong><br \/>(-31 for losing)\n|raw|meloprince's rating: 1110 &rarr; <strong>1141<\/strong><br \/>(+31 for winning)\n|l|\u2606ayushg1r1\n","uploadtime":1699303174,"views":7,"p1id":"ayushg1r1","p2id":"meloprince","formatid":"gen9anythinggoes","rating":1141,"private":0,"password":""}