{"id":"gen9anythinggoes-1983749296","p1":"Super Suit","p2":"4th Acct To 1700","format":"[Gen 9] Anything Goes","log":"|j|\u2606Super Suit\n|j|\u26064th Acct To 1700\n|t:|1699173127\n|gametype|singles\n|player|p1|Super Suit|yellow|1528\n|player|p2|4th Acct To 1700|clown|1598\n|teamsize|p1|6\n|teamsize|p2|6\n|gen|9\n|tier|[Gen 9] Anything Goes\n|rated|\n|rule|HP Percentage Mod: HP is shown in percentages\n|rule|Endless Battle Clause: Forcing endless battles is banned\n|clearpoke\n|poke|p1|Calyrex-Shadow|\n|poke|p1|Arceus-Ground|\n|poke|p1|Arceus-Dark|\n|poke|p1|Miraidon|\n|poke|p1|Giratina-Origin|\n|poke|p1|Koraidon|\n|poke|p2|Koraidon|\n|poke|p2|Calyrex-Shadow|\n|poke|p2|Arceus|\n|poke|p2|Miraidon|\n|poke|p2|Arceus-Ground|\n|poke|p2|Arceus-Fairy|\n|teampreview\n|inactive|Battle timer is ON: inactive players will automatically lose when time's up. (requested by Super Suit)\n|\n|t:|1699173151\n|start\n|switch|p1a: Satan|Giratina-Origin|100\/100\n|switch|p2a: Arceus|Arceus-Ground|100\/100\n|turn|1\n|\n|t:|1699173157\n|move|p2a: Arceus|Will-O-Wisp|p1a: Satan|[miss]\n|-miss|p2a: Arceus|p1a: Satan\n|move|p1a: Satan|Will-O-Wisp|p2a: Arceus\n|-status|p2a: Arceus|brn\n|\n|-damage|p2a: Arceus|94\/100 brn|[from] brn\n|upkeep\n|turn|2\n|\n|t:|1699173166\n|switch|p1a: Arceus|Arceus-Ground|100\/100\n|move|p2a: Arceus|Will-O-Wisp|p1a: Arceus\n|-status|p1a: Arceus|brn\n|\n|-damage|p2a: Arceus|88\/100 brn|[from] brn\n|-damage|p1a: Arceus|94\/100 brn|[from] brn\n|upkeep\n|turn|3\n|\n|t:|1699173169\n|move|p2a: Arceus|Stealth Rock|p1a: Arceus\n|-sidestart|p1: Super Suit|move: Stealth Rock\n|move|p1a: Arceus|Stealth Rock|p2a: Arceus\n|-sidestart|p2: 4th Acct To 1700|move: Stealth Rock\n|\n|-damage|p2a: Arceus|82\/100 brn|[from] brn\n|-damage|p1a: Arceus|88\/100 brn|[from] brn\n|upkeep\n|turn|4\n|\n|t:|1699173186\n|move|p2a: Arceus|Dragon Dance|p2a: Arceus\n|-boost|p2a: Arceus|atk|1\n|-boost|p2a: Arceus|spe|1\n|move|p1a: Arceus|Judgment|p2a: Arceus\n|-damage|p2a: Arceus|49\/100 brn\n|\n|-damage|p2a: Arceus|43\/100 brn|[from] brn\n|-damage|p1a: Arceus|82\/100 brn|[from] brn\n|upkeep\n|turn|5\n|\n|t:|1699173195\n|move|p2a: Arceus|Earthquake|p1a: Arceus\n|-damage|p1a: Arceus|57\/100 brn\n|move|p1a: Arceus|Recover|p1a: Arceus\n|-heal|p1a: Arceus|100\/100 brn\n|\n|-damage|p2a: Arceus|37\/100 brn|[from] brn\n|-damage|p1a: Arceus|94\/100 brn|[from] brn\n|upkeep\n|turn|6\n|\n|t:|1699173202\n|move|p2a: Arceus|Earthquake|p1a: Arceus\n|-damage|p1a: Arceus|70\/100 brn\n|move|p1a: Arceus|Judgment|p2a: Arceus\n|-damage|p2a: Arceus|2\/100 brn\n|\n|-damage|p2a: Arceus|0 fnt|[from] brn\n|faint|p2a: Arceus\n|-damage|p1a: Arceus|64\/100 brn|[from] brn\n|upkeep\n|\n|t:|1699173227\n|switch|p2a: Koraidon|Koraidon|100\/100\n|-damage|p2a: Koraidon|94\/100|[from] Stealth Rock\n|-weather|SunnyDay|[from] ability: Orichalcum Pulse|[of] p2a: Koraidon\n|-activate|p2a: Koraidon|Orichalcum Pulse|[source]\n|turn|7\n|\n|t:|1699173236\n|move|p2a: Koraidon|Close Combat|p1a: Arceus\n|-damage|p1a: Arceus|15\/100 brn\n|-unboost|p2a: Koraidon|def|1\n|-unboost|p2a: Koraidon|spd|1\n|move|p1a: Arceus|Judgment|p2a: Koraidon\n|-crit|p2a: Koraidon\n|-damage|p2a: Koraidon|0 fnt\n|faint|p2a: Koraidon\n|\n|-weather|SunnyDay|[upkeep]\n|-damage|p1a: Arceus|9\/100 brn|[from] brn\n|upkeep\n|\n|t:|1699173246\n|switch|p2a: Calyrex|Calyrex-Shadow|100\/100\n|-ability|p2a: Calyrex|As One\n|-ability|p2a: Calyrex|Unnerve\n|-damage|p2a: Calyrex|88\/100|[from] Stealth Rock\n|turn|8\n|\n|t:|1699173250\n|switch|p1a: Arceus|Arceus-Dark|100\/100\n|-damage|p1a: Arceus|88\/100|[from] Stealth Rock\n|move|p2a: Calyrex|Psychic|p1a: Arceus\n|-immune|p1a: Arceus\n|\n|-weather|SunnyDay|[upkeep]\n|upkeep\n|turn|9\n|\n|t:|1699173266\n|switch|p2a: Arceus|Arceus-Fairy|100\/100\n|-damage|p2a: Arceus|88\/100|[from] Stealth Rock\n|switch|p1a: Miraidon|Miraidon|100\/100\n|-damage|p1a: Miraidon|88\/100|[from] Stealth Rock\n|-fieldstart|move: Electric Terrain|[from] ability: Hadron Engine|[of] p1a: Miraidon\n|\n|-weather|SunnyDay|[upkeep]\n|upkeep\n|turn|10\n|\n|t:|1699173272\n|move|p1a: Miraidon|Volt Switch|p2a: Arceus\n|-damage|p2a: Arceus|43\/100\n|\n|t:|1699173276\n|switch|p1a: Arceus|Arceus-Ground|9\/100 brn|[from] Volt Switch\n|-damage|p1a: Arceus|3\/100 brn|[from] Stealth Rock\n|move|p2a: Arceus|Judgment|p1a: Arceus\n|-damage|p1a: Arceus|0 fnt\n|faint|p1a: Arceus\n|\n|-weather|SunnyDay|[upkeep]\n|upkeep\n|\n|t:|1699173278\n|switch|p1a: Arceus|Arceus-Dark|88\/100\n|-damage|p1a: Arceus|76\/100|[from] Stealth Rock\n|turn|11\n|c|\u2606Super Suit|Fuck misclick\n|\n|t:|1699173295\n|switch|p1a: Calyrex|Calyrex-Shadow|100\/100\n|-ability|p1a: Calyrex|As One\n|-ability|p1a: Calyrex|Unnerve\n|-damage|p1a: Calyrex|88\/100|[from] Stealth Rock\n|move|p2a: Arceus|Recover|p2a: Arceus\n|-heal|p2a: Arceus|93\/100\n|\n|-weather|none\n|-heal|p1a: Calyrex|94\/100|[from] item: Leftovers\n|upkeep\n|turn|12\n|\n|t:|1699173302\n|move|p1a: Calyrex|Nasty Plot|p1a: Calyrex\n|-boost|p1a: Calyrex|spa|2\n|move|p2a: Arceus|Judgment|p1a: Calyrex\n|-damage|p1a: Calyrex|26\/100\n|\n|-heal|p1a: Calyrex|32\/100|[from] item: Leftovers\n|upkeep\n|turn|13\n|\n|t:|1699173306\n|move|p1a: Calyrex|Astral Barrage|p2a: Arceus\n|-damage|p2a: Arceus|0 fnt\n|faint|p2a: Arceus\n|-ability|p1a: Calyrex|Grim Neigh|boost\n|-boost|p1a: Calyrex|spa|1\n|\n|-heal|p1a: Calyrex|39\/100|[from] item: Leftovers\n|-fieldend|move: Electric Terrain\n|upkeep\n|\n|t:|1699173309\n|switch|p2a: Calyrex|Calyrex-Shadow|88\/100\n|-ability|p2a: Calyrex|As One\n|-ability|p2a: Calyrex|Unnerve\n|-damage|p2a: Calyrex|76\/100|[from] Stealth Rock\n|turn|14\n|\n|t:|1699173314\n|switch|p1a: Arceus|Arceus-Dark|76\/100\n|-damage|p1a: Arceus|63\/100|[from] Stealth Rock\n|-terastallize|p2a: Calyrex|Normal\n|move|p2a: Calyrex|Astral Barrage|p1a: Arceus\n|-resisted|p1a: Arceus\n|-damage|p1a: Arceus|44\/100\n|\n|upkeep\n|turn|15\n|\n|t:|1699173318\n|switch|p2a: Arceus|Arceus|100\/100\n|move|p1a: Arceus|Recover|p1a: Arceus\n|-heal|p1a: Arceus|94\/100\n|\n|upkeep\n|turn|16\n|\n|t:|1699173325\n|switch|p1a: Satan|Giratina-Origin|100\/100\n|-damage|p1a: Satan|88\/100|[from] Stealth Rock\n|move|p2a: Arceus|Swords Dance|p2a: Arceus\n|-boost|p2a: Arceus|atk|2\n|\n|upkeep\n|turn|17\n|\n|t:|1699173332\n|switch|p2a: Madara Uchiha|Miraidon|100\/100\n|-damage|p2a: Madara Uchiha|88\/100|[from] Stealth Rock\n|-fieldstart|move: Electric Terrain|[from] ability: Hadron Engine|[of] p2a: Madara Uchiha\n|move|p1a: Satan|Will-O-Wisp|p2a: Madara Uchiha\n|-status|p2a: Madara Uchiha|brn\n|\n|-damage|p2a: Madara Uchiha|82\/100 brn|[from] brn\n|upkeep\n|turn|18\n|\n|t:|1699173338\n|switch|p1a: Calyrex|Calyrex-Shadow|39\/100\n|-ability|p1a: Calyrex|As One\n|-ability|p1a: Calyrex|Unnerve\n|-damage|p1a: Calyrex|26\/100|[from] Stealth Rock\n|move|p2a: Madara Uchiha|Agility|p2a: Madara Uchiha\n|-boost|p2a: Madara Uchiha|spe|2\n|\n|-heal|p1a: Calyrex|32\/100|[from] item: Leftovers\n|-damage|p2a: Madara Uchiha|76\/100 brn|[from] brn\n|upkeep\n|turn|19\n|\n|t:|1699173341\n|move|p2a: Madara Uchiha|Parabolic Charge|p1a: Calyrex\n|-damage|p1a: Calyrex|0 fnt\n|-heal|p2a: Madara Uchiha|92\/100 brn|[from] drain|[of] p1a: Calyrex\n|faint|p1a: Calyrex\n|\n|-damage|p2a: Madara Uchiha|86\/100 brn|[from] brn\n|upkeep\n|\n|t:|1699173350\n|switch|p1a: Koraidon|Koraidon|100\/100\n|-damage|p1a: Koraidon|94\/100|[from] Stealth Rock\n|-weather|SunnyDay|[from] ability: Orichalcum Pulse|[of] p1a: Koraidon\n|-activate|p1a: Koraidon|Orichalcum Pulse|[source]\n|turn|20\n|\n|t:|1699173356\n|-terastallize|p1a: Koraidon|Fire\n|move|p2a: Madara Uchiha|Parabolic Charge|p1a: Koraidon\n|-damage|p1a: Koraidon|29\/100\n|-heal|p2a: Madara Uchiha|100\/100 brn|[from] drain|[of] p1a: Koraidon\n|move|p1a: Koraidon|Scale Shot|p2a: Madara Uchiha\n|-supereffective|p2a: Madara Uchiha\n|-damage|p2a: Madara Uchiha|65\/100 brn\n|-supereffective|p2a: Madara Uchiha\n|-damage|p2a: Madara Uchiha|26\/100 brn\n|-supereffective|p2a: Madara Uchiha\n|-damage|p2a: Madara Uchiha|0 fnt\n|faint|p2a: Madara Uchiha\n|-hitcount|p2: Madara Uchiha|3\n|-unboost|p1a: Koraidon|def|1\n|-boost|p1a: Koraidon|spe|1\n|\n|-weather|SunnyDay|[upkeep]\n|upkeep\n|\n|t:|1699173358\n|switch|p2a: Arceus|Arceus|100\/100\n|turn|21\n|\n|t:|1699173363\n|switch|p1a: Satan|Giratina-Origin|88\/100\n|-damage|p1a: Satan|76\/100|[from] Stealth Rock\n|move|p2a: Arceus|Extreme Speed|p1a: Satan\n|-immune|p1a: Satan\n|\n|-weather|SunnyDay|[upkeep]\n|-fieldend|move: Electric Terrain\n|upkeep\n|turn|22\n|\n|t:|1699173368\n|move|p2a: Arceus|Swords Dance|p2a: Arceus\n|-boost|p2a: Arceus|atk|2\n|move|p1a: Satan|Will-O-Wisp|p2a: Arceus\n|-status|p2a: Arceus|brn\n|\n|-weather|SunnyDay|[upkeep]\n|-damage|p2a: Arceus|94\/100 brn|[from] brn\n|upkeep\n|turn|23\n|\n|t:|1699173373\n|move|p2a: Arceus|Swords Dance|p2a: Arceus\n|-boost|p2a: Arceus|atk|2\n|move|p1a: Satan|Dragon Tail|p2a: Arceus\n|-damage|p2a: Arceus|69\/100 brn\n|drag|p2a: Calyrex|Calyrex-Shadow, tera:Normal|76\/100\n|-ability|p2a: Calyrex|As One\n|-ability|p2a: Calyrex|Unnerve\n|-damage|p2a: Calyrex|64\/100|[from] Stealth Rock\n|\n|-weather|SunnyDay|[upkeep]\n|upkeep\n|turn|24\n|\n|t:|1699173380\n|switch|p1a: Arceus|Arceus-Dark|94\/100\n|-damage|p1a: Arceus|81\/100|[from] Stealth Rock\n|move|p2a: Calyrex|Astral Barrage|p1a: Arceus\n|-resisted|p1a: Arceus\n|-damage|p1a: Arceus|61\/100\n|\n|-weather|none\n|upkeep\n|turn|25\n|\n|t:|1699173384\n|move|p2a: Calyrex|Nasty Plot|p2a: Calyrex\n|-boost|p2a: Calyrex|spa|2\n|move|p1a: Arceus|Calm Mind|p1a: Arceus\n|-boost|p1a: Arceus|spa|1\n|-boost|p1a: Arceus|spd|1\n|\n|upkeep\n|turn|26\n|\n|t:|1699173387\n|move|p2a: Calyrex|Encore|p1a: Arceus\n|-start|p1a: Arceus|Encore\n|move|p1a: Arceus|Calm Mind|p1a: Arceus\n|-boost|p1a: Arceus|spa|1\n|-boost|p1a: Arceus|spd|1\n|\n|upkeep\n|turn|27\n|\n|t:|1699173395\n|switch|p1a: Koraidon|Koraidon, tera:Fire|29\/100\n|-damage|p1a: Koraidon|4\/100|[from] Stealth Rock\n|-weather|SunnyDay|[from] ability: Orichalcum Pulse|[of] p1a: Koraidon\n|-activate|p1a: Koraidon|Orichalcum Pulse|[source]\n|move|p2a: Calyrex|Nasty Plot|p2a: Calyrex\n|-boost|p2a: Calyrex|spa|2\n|\n|-weather|SunnyDay|[upkeep]\n|upkeep\n|turn|28\n|\n|t:|1699173399\n|move|p2a: Calyrex|Psychic|p1a: Koraidon\n|-damage|p1a: Koraidon|0 fnt\n|faint|p1a: Koraidon\n|-ability|p2a: Calyrex|Grim Neigh|boost\n|-boost|p2a: Calyrex|spa|1\n|\n|-weather|SunnyDay|[upkeep]\n|upkeep\n|\n|t:|1699173401\n|switch|p1a: Miraidon|Miraidon|88\/100\n|-damage|p1a: Miraidon|76\/100|[from] Stealth Rock\n|-fieldstart|move: Electric Terrain|[from] ability: Hadron Engine|[of] p1a: Miraidon\n|turn|29\n|\n|t:|1699173405\n|move|p1a: Miraidon|Electro Drift|p2a: Calyrex\n|-damage|p2a: Calyrex|0 fnt\n|faint|p2a: Calyrex\n|\n|-weather|SunnyDay|[upkeep]\n|upkeep\n|\n|t:|1699173407\n|switch|p2a: Arceus|Arceus|69\/100 brn\n|turn|30\n|\n|t:|1699173410\n|move|p2a: Arceus|Extreme Speed|p1a: Miraidon\n|-damage|p1a: Miraidon|54\/100\n|move|p1a: Miraidon|Electro Drift|p2a: Arceus\n|-crit|p2a: Arceus\n|-damage|p2a: Arceus|0 fnt\n|faint|p2a: Arceus\n|\n|win|Super Suit\n|raw|Super Suit's rating: 1528 &rarr; <strong>1552<\/strong><br \/>(+24 for winning)\n|raw|4th Acct To 1700's rating: 1598 &rarr; <strong>1574<\/strong><br \/>(-24 for losing)\n|l|\u26064th Acct To 1700\n","uploadtime":1699173436,"views":3,"p1id":"supersuit","p2id":"4thacctto1700","formatid":"gen9anythinggoes","rating":1552,"private":0,"password":""}