{"id":"gen9anythinggoes-1989857258","p1":"slickPokemon","p2":"Gio1872","format":"[Gen 9] Anything Goes","log":"|j|\u2606slickPokemon\n|j|\u2606Gio1872\n|t:|1699901524\n|gametype|singles\n|player|p1|slickPokemon|artist|1307\n|player|p2|Gio1872|1|1366\n|teamsize|p1|6\n|teamsize|p2|6\n|gen|9\n|tier|[Gen 9] Anything Goes\n|rated|\n|rule|HP Percentage Mod: HP is shown in percentages\n|rule|Endless Battle Clause: Forcing endless battles is banned\n|clearpoke\n|poke|p1|Calyrex-Shadow|\n|poke|p1|Koraidon|\n|poke|p1|Arceus|\n|poke|p1|Ditto|\n|poke|p1|Chi-Yu|\n|poke|p1|Koraidon|\n|poke|p2|Calyrex-Ice|\n|poke|p2|Dusclops, F|\n|poke|p2|Hatterene, F|\n|poke|p2|Toxapex, F|\n|poke|p2|Hippowdon, F|\n|poke|p2|Ursaluna, M|\n|teampreview\n|inactive|Battle timer is ON: inactive players will automatically lose when time's up. (requested by slickPokemon)\n|\n|t:|1699901537\n|start\n|switch|p1a: Calyrex|Calyrex-Shadow|100\/100\n|switch|p2a: Hippowdon|Hippowdon, F|100\/100\n|-ability|p1a: Calyrex|As One\n|-ability|p1a: Calyrex|Unnerve\n|-weather|Sandstorm|[from] ability: Sand Stream|[of] p2a: Hippowdon\n|turn|1\n|\n|t:|1699901548\n|move|p1a: Calyrex|Substitute|p1a: Calyrex\n|-start|p1a: Calyrex|Substitute\n|-damage|p1a: Calyrex|76\/100\n|move|p2a: Hippowdon|Yawn||[still]\n|-fail|p2a: Hippowdon\n|\n|-weather|Sandstorm|[upkeep]\n|-damage|p1a: Calyrex|69\/100|[from] Sandstorm\n|-heal|p1a: Calyrex|76\/100|[from] item: Leftovers\n|upkeep\n|turn|2\n|\n|t:|1699901558\n|move|p1a: Calyrex|Astral Barrage|p2a: Hippowdon\n|-damage|p2a: Hippowdon|17\/100\n|move|p2a: Hippowdon|Whirlwind|p1a: Calyrex\n|drag|p1a: Koraidon|Koraidon|100\/100\n|-weather|SunnyDay|[from] ability: Orichalcum Pulse|[of] p1a: Koraidon\n|-activate|p1a: Koraidon|Orichalcum Pulse|[source]\n|\n|-weather|SunnyDay|[upkeep]\n|upkeep\n|turn|3\n|\n|t:|1699901572\n|switch|p2a: Toxapex|Toxapex, F|100\/100\n|move|p1a: Koraidon|Flare Blitz|p2a: Toxapex\n|-resisted|p2a: Toxapex\n|-damage|p2a: Toxapex|72\/100\n|-damage|p1a: Koraidon|84\/100|[from] item: Rocky Helmet|[of] p2a: Toxapex\n|-damage|p1a: Koraidon|76\/100|[from] Recoil\n|\n|-weather|SunnyDay|[upkeep]\n|upkeep\n|turn|4\n|\n|t:|1699901582\n|switch|p1a: Ditto|Ditto|100\/100\n|-transform|p1a: Ditto|p2a: Toxapex|[from] ability: Imposter\n|move|p2a: Toxapex|Toxic|p1a: Ditto\n|-immune|p1a: Ditto\n|\n|-weather|SunnyDay|[upkeep]\n|upkeep\n|turn|5\n|\n|t:|1699901591\n|move|p1a: Ditto|Toxic|p2a: Toxapex\n|-immune|p2a: Toxapex\n|move|p2a: Toxapex|Toxic|p1a: Ditto\n|-immune|p1a: Ditto\n|\n|-weather|SunnyDay|[upkeep]\n|upkeep\n|turn|6\n|\n|t:|1699901599\n|move|p1a: Ditto|Toxic|p2a: Toxapex\n|-immune|p2a: Toxapex\n|move|p2a: Toxapex|Toxic|p1a: Ditto\n|-immune|p1a: Ditto\n|\n|-weather|none\n|upkeep\n|turn|7\n|\n|t:|1699901608\n|move|p1a: Ditto|Toxic|p2a: Toxapex\n|-immune|p2a: Toxapex\n|move|p2a: Toxapex|Toxic|p1a: Ditto\n|-immune|p1a: Ditto\n|\n|upkeep\n|turn|8\n|\n|t:|1699901615\n|move|p1a: Ditto|Toxic|p2a: Toxapex\n|-immune|p2a: Toxapex\n|move|p2a: Toxapex|Toxic|p1a: Ditto\n|-immune|p1a: Ditto\n|\n|upkeep\n|turn|9\n|\n|t:|1699901622\n|move|p1a: Ditto|Toxic|p2a: Toxapex\n|-immune|p2a: Toxapex\n|move|p2a: Toxapex|Toxic|p1a: Ditto\n|-immune|p1a: Ditto\n|\n|upkeep\n|turn|10\n|\n|t:|1699901652\n|-activate|p1a: Ditto|move: Struggle\n|move|p1a: Ditto|Struggle|p2a: Toxapex\n|-damage|p2a: Toxapex|68\/100\n|-damage|p1a: Ditto|84\/100|[from] item: Rocky Helmet|[of] p2a: Toxapex\n|-damage|p1a: Ditto|59\/100|[from] recoil\n|move|p2a: Toxapex|Toxic|p1a: Ditto\n|-immune|p1a: Ditto\n|\n|upkeep\n|turn|11\n|\n|t:|1699901666\n|switch|p1a: Koraidon|Koraidon|76\/100\n|-weather|SunnyDay|[from] ability: Orichalcum Pulse|[of] p1a: Koraidon\n|-activate|p1a: Koraidon|Orichalcum Pulse|[source]\n|move|p2a: Toxapex|Toxic|p1a: Koraidon\n|-status|p1a: Koraidon|tox\n|\n|-weather|SunnyDay|[upkeep]\n|-damage|p1a: Koraidon|69\/100 tox|[from] psn\n|upkeep\n|turn|12\n|\n|t:|1699901676\n|switch|p1a: Ditto|Ditto|92\/100\n|-transform|p1a: Ditto|p2a: Toxapex|[from] ability: Imposter\n|move|p2a: Toxapex|Baneful Bunker||[still]\n|-fail|p2a: Toxapex\n|\n|-weather|SunnyDay|[upkeep]\n|upkeep\n|turn|13\n|\n|t:|1699901685\n|move|p2a: Toxapex|Baneful Bunker|p2a: Toxapex\n|-singleturn|p2a: Toxapex|move: Protect\n|move|p1a: Ditto|Surf|p2a: Toxapex\n|-activate|p2a: Toxapex|move: Protect\n|\n|-weather|SunnyDay|[upkeep]\n|upkeep\n|turn|14\n|\n|t:|1699901694\n|move|p1a: Ditto|Surf|p2a: Toxapex\n|-resisted|p2a: Toxapex\n|-damage|p2a: Toxapex|64\/100\n|move|p2a: Toxapex|Recover|p2a: Toxapex\n|-heal|p2a: Toxapex|100\/100\n|\n|-weather|SunnyDay|[upkeep]\n|upkeep\n|turn|15\n|\n|t:|1699901703\n|move|p1a: Ditto|Surf|p2a: Toxapex\n|-resisted|p2a: Toxapex\n|-damage|p2a: Toxapex|97\/100\n|move|p2a: Toxapex|Surf|p1a: Ditto\n|-resisted|p1a: Ditto\n|-damage|p1a: Ditto|88\/100\n|\n|-weather|none\n|upkeep\n|turn|16\n|\n|t:|1699901712\n|move|p1a: Ditto|Surf|p2a: Toxapex\n|-resisted|p2a: Toxapex\n|-damage|p2a: Toxapex|89\/100\n|move|p2a: Toxapex|Surf|p1a: Ditto\n|-resisted|p1a: Ditto\n|-damage|p1a: Ditto|80\/100\n|\n|upkeep\n|turn|17\n|\n|t:|1699901720\n|move|p1a: Ditto|Surf|p2a: Toxapex\n|-resisted|p2a: Toxapex\n|-damage|p2a: Toxapex|80\/100\n|move|p2a: Toxapex|Surf|p1a: Ditto\n|-resisted|p1a: Ditto\n|-damage|p1a: Ditto|72\/100\n|\n|upkeep\n|turn|18\n|\n|t:|1699901730\n|switch|p1a: Koraidon|Koraidon|69\/100 tox\n|-weather|SunnyDay|[from] ability: Orichalcum Pulse|[of] p1a: Koraidon\n|-activate|p1a: Koraidon|Orichalcum Pulse|[source]\n|switch|p2a: Hatterene|Hatterene, F|100\/100\n|\n|-weather|SunnyDay|[upkeep]\n|-damage|p1a: Koraidon|63\/100 tox|[from] psn\n|upkeep\n|turn|19\n|\n|t:|1699901742\n|move|p1a: Koraidon|Flare Blitz|p2a: Hatterene\n|-enditem|p2a: Hatterene|Focus Sash\n|-damage|p2a: Hatterene|1\/100\n|-damage|p1a: Koraidon|32\/100 tox|[from] Recoil\n|move|p2a: Hatterene|Trick Room|p2a: Hatterene\n|-fieldstart|move: Trick Room|[of] p2a: Hatterene\n|\n|-weather|SunnyDay|[upkeep]\n|-damage|p1a: Koraidon|20\/100 tox|[from] psn\n|upkeep\n|turn|20\n|\n|t:|1699901766\n|move|p2a: Hatterene|Misty Explosion|p1a: Koraidon\n|-supereffective|p1a: Koraidon\n|-damage|p1a: Koraidon|0 fnt\n|faint|p2a: Hatterene\n|faint|p1a: Koraidon\n|\n|-weather|SunnyDay|[upkeep]\n|upkeep\n|\n|t:|1699901776\n|switch|p2a: Calyrex|Calyrex-Ice|100\/100\n|switch|p1a: Ditto|Ditto|100\/100\n|-ability|p2a: Calyrex|As One\n|-ability|p2a: Calyrex|Unnerve\n|-transform|p1a: Ditto|p2a: Calyrex|[from] ability: Imposter\n|turn|21\n|\n|t:|1699901786\n|move|p2a: Calyrex|Glacial Lance|p1a: Ditto\n|-resisted|p1a: Ditto\n|-damage|p1a: Ditto|57\/100\n|-damage|p2a: Calyrex|91\/100|[from] item: Life Orb\n|move|p1a: Ditto|Trick Room|p1a: Ditto\n|-fieldend|move: Trick Room\n|\n|-weather|SunnyDay|[upkeep]\n|upkeep\n|turn|22\n|l|\u2606Gio1872\n|inactive|Gio1872 disconnected and has a minute to reconnect!\n|player|p2|\n|inactive|Gio1872 has 30 seconds to reconnect!\n|inactive|Gio1872 has 20 seconds to reconnect!\n|inactive|Gio1872 has 15 seconds to reconnect!\n|inactive|Gio1872 has 10 seconds to reconnect!\n|inactive|Gio1872 has 5 seconds to reconnect!\n|-message|Gio1872 lost due to inactivity.\n|\n|win|slickPokemon\n|raw|slickPokemon's rating: 1307 &rarr; <strong>1330<\/strong><br \/>(+23 for winning)\n|raw|Gio1872's rating: 1366 &rarr; <strong>1343<\/strong><br \/>(-23 for losing)\n","uploadtime":1699901865,"views":6,"p1id":"slickpokemon","p2id":"gio1872","formatid":"gen9anythinggoes","rating":1330,"private":0,"password":""}