{"id":"gen9anythinggoes-1983610738","p1":"OJ Did Not Do It","p2":"4th Acct To 1700","format":"[Gen 9] Anything Goes","log":"|j|\u203dOJ Did Not Do It\n|j|\u26064th Acct To 1700\n|t:|1699149202\n|gametype|singles\n|player|p1|OJ Did Not Do It|n|1559\n|player|p2|4th Acct To 1700|clown|1619\n|teamsize|p1|6\n|teamsize|p2|6\n|gen|9\n|tier|[Gen 9] Anything Goes\n|rated|\n|rule|HP Percentage Mod: HP is shown in percentages\n|rule|Endless Battle Clause: Forcing endless battles is banned\n|clearpoke\n|poke|p1|Koraidon|\n|poke|p1|Zacian-*|\n|poke|p1|Kingambit, F|\n|poke|p1|Calyrex-Shadow|\n|poke|p1|Arceus-Fairy|\n|poke|p1|Landorus-Therian, M|\n|poke|p2|Koraidon|\n|poke|p2|Calyrex-Shadow|\n|poke|p2|Arceus|\n|poke|p2|Miraidon|\n|poke|p2|Arceus-Ground|\n|poke|p2|Arceus-Fairy|\n|teampreview\n|inactive|Battle timer is ON: inactive players will automatically lose when time's up. (requested by 4th Acct To 1700)\n|inactive|OJ Did Not Do It has 120 seconds left.\n|\n|t:|1699149248\n|start\n|switch|p1a: Zacian|Zacian-Crowned, shiny|100\/100\n|switch|p2a: Madara Uchiha|Miraidon|100\/100\n|-ability|p1a: Zacian|Intrepid Sword|boost\n|-boost|p1a: Zacian|atk|1\n|-fieldstart|move: Electric Terrain|[from] ability: Hadron Engine|[of] p2a: Madara Uchiha\n|turn|1\n|\n|t:|1699149276\n|move|p1a: Zacian|Play Rough|p2a: Madara Uchiha\n|-supereffective|p2a: Madara Uchiha\n|-enditem|p2a: Madara Uchiha|Focus Sash\n|-damage|p2a: Madara Uchiha|1\/100\n|move|p2a: Madara Uchiha|Parabolic Charge|p1a: Zacian\n|-damage|p1a: Zacian|44\/100\n|-heal|p2a: Madara Uchiha|28\/100|[from] drain|[of] p1a: Zacian\n|\n|upkeep\n|turn|2\n|\n|t:|1699149283\n|move|p1a: Zacian|Behemoth Blade|p2a: Madara Uchiha\n|-resisted|p2a: Madara Uchiha\n|-damage|p2a: Madara Uchiha|0 fnt\n|faint|p2a: Madara Uchiha\n|\n|upkeep\n|\n|t:|1699149286\n|switch|p2a: Arceus|Arceus-Ground|100\/100\n|turn|3\n|\n|t:|1699149315\n|move|p1a: Zacian|Behemoth Blade|p2a: Arceus\n|-damage|p2a: Arceus|44\/100\n|move|p2a: Arceus|Dragon Dance|p2a: Arceus\n|-boost|p2a: Arceus|atk|1\n|-boost|p2a: Arceus|spe|1\n|\n|upkeep\n|turn|4\n|\n|t:|1699149319\n|move|p1a: Zacian|Behemoth Blade|p2a: Arceus\n|-damage|p2a: Arceus|0 fnt\n|faint|p2a: Arceus\n|\n|upkeep\n|\n|t:|1699149346\n|switch|p2a: Calyrex|Calyrex-Shadow|100\/100\n|-ability|p2a: Calyrex|As One\n|-ability|p2a: Calyrex|Unnerve\n|turn|5\n|inactive|OJ Did Not Do It has 120 seconds left.\n|\n|t:|1699149386\n|switch|p1a: Kingambit|Kingambit, F|100\/100\n|move|p2a: Calyrex|Astral Barrage|p1a: Kingambit\n|-resisted|p1a: Kingambit\n|-damage|p1a: Kingambit|59\/100\n|\n|-fieldend|move: Electric Terrain\n|upkeep\n|turn|6\n|inactive|OJ Did Not Do It has 120 seconds left.\n|\n|t:|1699149393\n|move|p2a: Calyrex|Nasty Plot|p2a: Calyrex\n|-boost|p2a: Calyrex|spa|2\n|move|p1a: Kingambit|Kowtow Cleave|p2a: Calyrex\n|-supereffective|p2a: Calyrex\n|-enditem|p2a: Calyrex|Focus Sash\n|-damage|p2a: Calyrex|1\/100\n|\n|upkeep\n|turn|7\n|\n|t:|1699149401\n|move|p1a: Kingambit|Sucker Punch|p2a: Calyrex\n|-supereffective|p2a: Calyrex\n|-damage|p2a: Calyrex|0 fnt\n|faint|p2a: Calyrex\n|\n|upkeep\n|\n|t:|1699149403\n|switch|p2a: Koraidon|Koraidon|100\/100\n|-weather|SunnyDay|[from] ability: Orichalcum Pulse|[of] p2a: Koraidon\n|-activate|p2a: Koraidon|Orichalcum Pulse|[source]\n|turn|8\n|\n|t:|1699149409\n|move|p1a: Kingambit|Sucker Punch|p2a: Koraidon\n|-resisted|p2a: Koraidon\n|-damage|p2a: Koraidon|77\/100\n|move|p2a: Koraidon|Close Combat|p1a: Kingambit\n|-supereffective|p1a: Kingambit\n|-damage|p1a: Kingambit|0 fnt\n|-unboost|p2a: Koraidon|def|1\n|-unboost|p2a: Koraidon|spd|1\n|faint|p1a: Kingambit\n|-end|p1a: Kingambit|fallenundefined|[silent]\n|\n|-weather|SunnyDay|[upkeep]\n|upkeep\n|\n|t:|1699149421\n|switch|p1a: Arceus|Arceus-Fairy|100\/100\n|turn|9\n|\n|t:|1699149424\n|move|p2a: Koraidon|Flare Blitz|p1a: Arceus\n|-damage|p1a: Arceus|59\/100\n|-status|p1a: Arceus|brn\n|-damage|p2a: Koraidon|60\/100|[from] Recoil\n|move|p1a: Arceus|Will-O-Wisp|p2a: Koraidon\n|-status|p2a: Koraidon|brn\n|\n|-weather|SunnyDay|[upkeep]\n|-damage|p2a: Koraidon|54\/100 brn|[from] brn\n|-damage|p1a: Arceus|53\/100 brn|[from] brn\n|upkeep\n|turn|10\n|\n|t:|1699149430\n|move|p2a: Koraidon|Flare Blitz|p1a: Arceus\n|-damage|p1a: Arceus|32\/100 brn\n|-damage|p2a: Koraidon|44\/100 brn|[from] Recoil\n|move|p1a: Arceus|Recover|p1a: Arceus\n|-heal|p1a: Arceus|82\/100 brn\n|\n|-weather|SunnyDay|[upkeep]\n|-damage|p2a: Koraidon|38\/100 brn|[from] brn\n|-damage|p1a: Arceus|76\/100 brn|[from] brn\n|upkeep\n|turn|11\n|\n|t:|1699149443\n|move|p2a: Koraidon|Swords Dance|p2a: Koraidon\n|-boost|p2a: Koraidon|atk|2\n|move|p1a: Arceus|Recover|p1a: Arceus\n|-heal|p1a: Arceus|100\/100 brn\n|\n|-weather|SunnyDay|[upkeep]\n|-damage|p2a: Koraidon|32\/100 brn|[from] brn\n|-damage|p1a: Arceus|94\/100 brn|[from] brn\n|upkeep\n|turn|12\n|\n|t:|1699149449\n|move|p2a: Koraidon|Flare Blitz|p1a: Arceus\n|-damage|p1a: Arceus|53\/100 brn\n|-damage|p2a: Koraidon|14\/100 brn|[from] Recoil\n|move|p1a: Arceus|Judgment|p2a: Koraidon\n|-supereffective|p2a: Koraidon\n|-damage|p2a: Koraidon|0 fnt\n|faint|p2a: Koraidon\n|\n|-weather|none\n|-damage|p1a: Arceus|46\/100 brn|[from] brn\n|upkeep\n|\n|t:|1699149453\n|switch|p2a: Arceus|Arceus-Fairy|100\/100\n|turn|13\n|\n|t:|1699149456\n|move|p1a: Arceus|Recover|p1a: Arceus\n|-heal|p1a: Arceus|96\/100 brn\n|move|p2a: Arceus|Calm Mind|p2a: Arceus\n|-boost|p2a: Arceus|spa|1\n|-boost|p2a: Arceus|spd|1\n|\n|-damage|p1a: Arceus|90\/100 brn|[from] brn\n|upkeep\n|turn|14\n|\n|t:|1699149460\n|switch|p1a: Zacian|Zacian-Crowned, shiny|44\/100\n|move|p2a: Arceus|Judgment|p1a: Zacian\n|-resisted|p1a: Zacian\n|-damage|p1a: Zacian|0 fnt\n|faint|p1a: Zacian\n|\n|upkeep\n|\n|t:|1699149475\n|switch|p1a: Koraidon|Koraidon|100\/100\n|-weather|SunnyDay|[from] ability: Orichalcum Pulse|[of] p1a: Koraidon\n|-activate|p1a: Koraidon|Orichalcum Pulse|[source]\n|turn|15\n|\n|t:|1699149480\n|move|p1a: Koraidon|Flare Blitz|p2a: Arceus\n|-damage|p2a: Arceus|41\/100\n|-damage|p1a: Koraidon|75\/100|[from] Recoil\n|move|p2a: Arceus|Judgment|p1a: Koraidon\n|-supereffective|p1a: Koraidon\n|-damage|p1a: Koraidon|0 fnt\n|faint|p1a: Koraidon\n|\n|-weather|SunnyDay|[upkeep]\n|upkeep\n|inactive|OJ Did Not Do It has 120 seconds left.\n|\n|t:|1699149514\n|switch|p1a: Arceus|Arceus-Fairy|90\/100 brn\n|turn|16\n|\n|t:|1699149519\n|-terastallize|p1a: Arceus|Poison\n|move|p1a: Arceus|Calm Mind|p1a: Arceus\n|-boost|p1a: Arceus|spa|1\n|-boost|p1a: Arceus|spd|1\n|move|p2a: Arceus|Judgment|p1a: Arceus\n|-resisted|p1a: Arceus\n|-damage|p1a: Arceus|69\/100 brn\n|\n|-weather|SunnyDay|[upkeep]\n|-damage|p1a: Arceus|63\/100 brn|[from] brn\n|upkeep\n|turn|17\n|\n|t:|1699149527\n|move|p1a: Arceus|Calm Mind|p1a: Arceus\n|-boost|p1a: Arceus|spa|1\n|-boost|p1a: Arceus|spd|1\n|move|p2a: Arceus|Taunt|p1a: Arceus\n|-start|p1a: Arceus|move: Taunt\n|\n|-weather|SunnyDay|[upkeep]\n|-damage|p1a: Arceus|57\/100 brn|[from] brn\n|upkeep\n|turn|18\n|\n|t:|1699149530\n|move|p1a: Arceus|Judgment|p2a: Arceus\n|-damage|p2a: Arceus|0 fnt\n|faint|p2a: Arceus\n|\n|-weather|SunnyDay|[upkeep]\n|-damage|p1a: Arceus|51\/100 brn|[from] brn\n|upkeep\n|\n|t:|1699149532\n|switch|p2a: Arceus|Arceus|100\/100\n|turn|19\n|\n|t:|1699149535\n|move|p1a: Arceus|Judgment|p2a: Arceus\n|-crit|p2a: Arceus\n|-damage|p2a: Arceus|0 fnt\n|faint|p2a: Arceus\n|\n|win|OJ Did Not Do It\n|raw|OJ Did Not Do It's rating: 1559 &rarr; <strong>1582<\/strong><br \/>(+23 for winning)\n|raw|4th Acct To 1700's rating: 1619 &rarr; <strong>1596<\/strong><br \/>(-23 for losing)\n|l|\u26064th Acct To 1700\n|l|\u203dOJ Did Not Do It\n","uploadtime":1699149561,"views":8,"p1id":"ojdidnotdoit","p2id":"4thacctto1700","formatid":"gen9anythinggoes","rating":1582,"private":0,"password":""}