{"id":"gen9anythinggoes-1998734508","p1":"bootlegkanye","p2":"D1flicted","format":"[Gen 9] Anything Goes","log":"|j|\u2606bootlegkanye\n|j|\u2606D1flicted\n|t:|1700980070\n|gametype|singles\n|player|p1|bootlegkanye|265|1127\n|player|p2|D1flicted|170|1137\n|teamsize|p1|6\n|teamsize|p2|6\n|gen|9\n|tier|[Gen 9] Anything Goes\n|rated|\n|rule|HP Percentage Mod: HP is shown in percentages\n|rule|Endless Battle Clause: Forcing endless battles is banned\n|clearpoke\n|poke|p1|Uxie|\n|poke|p1|Slowbro-Galar, M|\n|poke|p1|Azumarill, F|\n|poke|p1|Kommo-o, M|\n|poke|p1|Charizard, F|\n|poke|p1|Ribombee, M|\n|poke|p2|Conkeldurr, M|\n|poke|p2|Cloyster, M|\n|poke|p2|Heatran, M|\n|poke|p2|Grimmsnarl, M|\n|poke|p2|Gyarados, F|\n|poke|p2|Hatterene, F|\n|teampreview\n|\n|t:|1700980079\n|start\n|switch|p1a: Uxie|Uxie|100\/100\n|switch|p2a: Cloyster|Cloyster, M|100\/100\n|turn|1\n|\n|t:|1700980087\n|move|p2a: Cloyster|Shell Smash|p2a: Cloyster\n|-unboost|p2a: Cloyster|def|1\n|-unboost|p2a: Cloyster|spd|1\n|-boost|p2a: Cloyster|atk|2\n|-boost|p2a: Cloyster|spa|2\n|-boost|p2a: Cloyster|spe|2\n|move|p1a: Uxie|Yawn|p2a: Cloyster\n|-start|p2a: Cloyster|move: Yawn|[of] p1a: Uxie\n|\n|upkeep\n|turn|2\n|\n|t:|1700980096\n|move|p2a: Cloyster|Rock Blast|p1a: Uxie|[miss]\n|-miss|p2a: Cloyster|p1a: Uxie\n|move|p1a: Uxie|Stealth Rock|p2a: Cloyster\n|-sidestart|p2: D1flicted|move: Stealth Rock\n|\n|-end|p2a: Cloyster|move: Yawn|[silent]\n|-status|p2a: Cloyster|slp\n|upkeep\n|turn|3\n|\n|t:|1700980103\n|cant|p2a: Cloyster|slp\n|move|p1a: Uxie|Yawn||[still]\n|-fail|p1a: Uxie\n|\n|upkeep\n|turn|4\n|l|\u2606D1flicted\n|player|p2|\n|n|!bootlegkanye|bootlegkanye\n|inactive|Battle timer is ON: inactive players will automatically lose when time's up. (requested by bootlegkanye)\n|inactive|D1flicted has 30 seconds to reconnect!\n|inactive|D1flicted has 20 seconds to reconnect!\n|j|\u2606D1flicted\n|inactive|D1flicted reconnected and has 110 seconds left.\n|player|p2|D1flicted|170\n|\n|t:|1700980170\n|cant|p2a: Cloyster|slp\n|move|p1a: Uxie|Yawn||[still]\n|-fail|p1a: Uxie\n|\n|upkeep\n|turn|5\n|\n|t:|1700980176\n|cant|p2a: Cloyster|slp\n|move|p1a: Uxie|Yawn||[still]\n|-fail|p1a: Uxie\n|\n|upkeep\n|turn|6\n|\n|t:|1700980182\n|-curestatus|p2a: Cloyster|slp|[msg]\n|move|p2a: Cloyster|Rock Blast|p1a: Uxie\n|-damage|p1a: Uxie|91\/100\n|-damage|p1a: Uxie|81\/100\n|-damage|p1a: Uxie|71\/100\n|-crit|p1a: Uxie\n|-damage|p1a: Uxie|57\/100\n|-damage|p1a: Uxie|47\/100\n|-hitcount|p1a: Uxie|5\n|move|p1a: Uxie|Yawn|p2a: Cloyster\n|-start|p2a: Cloyster|move: Yawn|[of] p1a: Uxie\n|\n|-heal|p1a: Uxie|53\/100|[from] item: Leftovers\n|upkeep\n|turn|7\n|\n|t:|1700980197\n|move|p2a: Cloyster|Icicle Spear|p1a: Uxie\n|-damage|p1a: Uxie|40\/100\n|-damage|p1a: Uxie|25\/100\n|-crit|p1a: Uxie\n|-damage|p1a: Uxie|3\/100\n|-damage|p1a: Uxie|0 fnt\n|faint|p1a: Uxie\n|-hitcount|p1: Uxie|4\n|\n|-end|p2a: Cloyster|move: Yawn|[silent]\n|-status|p2a: Cloyster|slp\n|upkeep\n|\n|t:|1700980211\n|switch|p1a: Ribombee|Ribombee, M|100\/100\n|turn|8\n|\n|t:|1700980215\n|cant|p2a: Cloyster|slp\n|move|p1a: Ribombee|Quiver Dance|p1a: Ribombee\n|-boost|p1a: Ribombee|spa|1\n|-boost|p1a: Ribombee|spd|1\n|-boost|p1a: Ribombee|spe|1\n|\n|upkeep\n|turn|9\n|\n|t:|1700980221\n|-curestatus|p2a: Cloyster|slp|[msg]\n|move|p2a: Cloyster|Rock Blast|p1a: Ribombee\n|-supereffective|p1a: Ribombee\n|-damage|p1a: Ribombee|41\/100\n|-supereffective|p1a: Ribombee\n|-damage|p1a: Ribombee|0 fnt\n|faint|p1a: Ribombee\n|-hitcount|p1: Ribombee|2\n|\n|upkeep\n|-message|bootlegkanye forfeited.\n|\n|win|D1flicted\n|raw|bootlegkanye's rating: 1127 &rarr; <strong>1103<\/strong><br \/>(-24 for losing)\n|raw|D1flicted's rating: 1137 &rarr; <strong>1161<\/strong><br \/>(+24 for winning)\n|l|!bootlegkanye\n","uploadtime":1700980119,"views":0,"p1id":"bootlegkanye","p2id":"d1flicted","formatid":"gen9anythinggoes","rating":1103,"private":0,"password":""}