{"id":"gen9anythinggoes-1998286242","p1":"Vileplume420","p2":"Kcna","format":"[Gen 9] Anything Goes","log":"|j|\u2606Vileplume420\n|j|\u2606Kcna\n|t:|1700924821\n|gametype|singles\n|player|p1|Vileplume420|koga|1176\n|player|p2|Kcna|101|1161\n|teamsize|p1|6\n|teamsize|p2|6\n|gen|9\n|tier|[Gen 9] Anything Goes\n|rated|\n|rule|HP Percentage Mod: HP is shown in percentages\n|rule|Endless Battle Clause: Forcing endless battles is banned\n|clearpoke\n|poke|p1|Miraidon|\n|poke|p1|Calyrex-Shadow|\n|poke|p1|Zacian-*|\n|poke|p1|Iron Bundle|\n|poke|p1|Ursaluna-Bloodmoon, M|\n|poke|p1|Chien-Pao|\n|poke|p2|Palafin, M|\n|poke|p2|Rillaboom, M|\n|poke|p2|Corviknight, M|\n|poke|p2|Clodsire, M|\n|poke|p2|Cinderace, M|\n|poke|p2|Scream Tail|\n|teampreview\n|inactive|Battle timer is ON: inactive players will automatically lose when time's up. (requested by Vileplume420)\n|\n|t:|1700924832\n|start\n|switch|p1a: Chien-Pao|Chien-Pao|100\/100\n|switch|p2a: Palafin|Palafin, M|100\/100\n|-ability|p1a: Chien-Pao|Sword of Ruin\n|turn|1\n|\n|t:|1700924852\n|detailschange|p2a: Palafin|Palafin-Hero, M\n|switch|p2a: Corviknight|Corviknight, M|100\/100\n|-ability|p2a: Corviknight|Pressure\n|move|p1a: Chien-Pao|Psychic Fangs|p2a: Corviknight\n|-resisted|p2a: Corviknight\n|-damage|p2a: Corviknight|80\/100\n|\n|-heal|p2a: Corviknight|86\/100|[from] item: Leftovers\n|upkeep\n|turn|2\n|\n|t:|1700924864\n|switch|p1a: Ursaluna|Ursaluna-Bloodmoon, M|100\/100\n|move|p2a: Corviknight|U-turn|p1a: Ursaluna\n|-damage|p1a: Ursaluna|91\/100\n|\n|t:|1700924871\n|switch|p2a: Scream Tail|Scream Tail, shiny|100\/100|[from] U-turn\n|\n|upkeep\n|turn|3\n|\n|t:|1700924879\n|move|p2a: Scream Tail|Bulk Up|p2a: Scream Tail\n|-boost|p2a: Scream Tail|atk|1\n|-boost|p2a: Scream Tail|def|1\n|move|p1a: Ursaluna|Yawn|p2a: Scream Tail\n|-start|p2a: Scream Tail|move: Yawn|[of] p1a: Ursaluna\n|\n|upkeep\n|turn|4\n|\n|t:|1700924890\n|move|p2a: Scream Tail|Substitute|p2a: Scream Tail\n|-start|p2a: Scream Tail|Substitute\n|-damage|p2a: Scream Tail|76\/100\n|move|p1a: Ursaluna|Calm Mind|p1a: Ursaluna\n|-boost|p1a: Ursaluna|spa|1\n|-boost|p1a: Ursaluna|spd|1\n|\n|-heal|p2a: Scream Tail|82\/100|[from] item: Leftovers\n|-end|p2a: Scream Tail|move: Yawn|[silent]\n|-status|p2a: Scream Tail|slp\n|upkeep\n|turn|5\n|\n|t:|1700924903\n|cant|p2a: Scream Tail|slp\n|move|p1a: Ursaluna|Earth Power|p2a: Scream Tail\n|-end|p2a: Scream Tail|Substitute\n|-damage|p1a: Ursaluna|81\/100|[from] item: Life Orb\n|\n|-heal|p2a: Scream Tail|88\/100 slp|[from] item: Leftovers\n|upkeep\n|turn|6\n|\n|t:|1700924912\n|-curestatus|p2a: Scream Tail|slp|[msg]\n|move|p2a: Scream Tail|Play Rough|p1a: Ursaluna\n|-damage|p1a: Ursaluna|58\/100\n|move|p1a: Ursaluna|Blood Moon|p2a: Scream Tail\n|-damage|p2a: Scream Tail|0 fnt\n|faint|p2a: Scream Tail\n|-end|p2a: Scream Tail|Protosynthesis|[silent]\n|-damage|p1a: Ursaluna|48\/100|[from] item: Life Orb\n|\n|upkeep\n|\n|t:|1700924926\n|switch|p2a: Palafin|Palafin-Hero, M|100\/100\n|-activate|p2a: Palafin|ability: Zero to Hero\n|turn|7\n|\n|t:|1700924934\n|switch|p1a: Miraidon|Miraidon|100\/100\n|-fieldstart|move: Electric Terrain|[from] ability: Hadron Engine|[of] p1a: Miraidon\n|-terastallize|p2a: Palafin|Water\n|move|p2a: Palafin|Jet Punch|p1a: Miraidon\n|-resisted|p1a: Miraidon\n|-damage|p1a: Miraidon|63\/100\n|\n|upkeep\n|turn|8\n|\n|t:|1700924947\n|switch|p2a: Clodsire|Clodsire, M|100\/100\n|move|p1a: Miraidon|Draco Meteor|p2a: Clodsire\n|-damage|p2a: Clodsire|1\/100\n|-unboost|p1a: Miraidon|spa|2\n|\n|-heal|p2a: Clodsire|8\/100|[from] item: Leftovers\n|upkeep\n|turn|9\n|\n|t:|1700924959\n|move|p1a: Miraidon|Draco Meteor|p2a: Clodsire\n|-damage|p2a: Clodsire|0 fnt\n|-unboost|p1a: Miraidon|spa|2\n|faint|p2a: Clodsire\n|\n|upkeep\n|\n|t:|1700924967\n|switch|p2a: Palafin|Palafin-Hero, M, tera:Water|100\/100\n|turn|10\n|\n|t:|1700924972\n|switch|p1a: Ursaluna|Ursaluna-Bloodmoon, M|48\/100\n|move|p2a: Palafin|Jet Punch|p1a: Ursaluna\n|-supereffective|p1a: Ursaluna\n|-damage|p1a: Ursaluna|0 fnt\n|faint|p1a: Ursaluna\n|\n|upkeep\n|\n|t:|1700924980\n|switch|p1a: Miraidon|Miraidon|63\/100\n|-activate|p1a: Miraidon|ability: Hadron Engine\n|turn|11\n|\n|t:|1700924989\n|switch|p2a: Rillaboom|Rillaboom, M|100\/100\n|-fieldstart|move: Grassy Terrain|[from] ability: Grassy Surge|[of] p2a: Rillaboom\n|move|p1a: Miraidon|Electro Drift|p2a: Rillaboom\n|-resisted|p2a: Rillaboom\n|-damage|p2a: Rillaboom|44\/100\n|\n|-heal|p1a: Miraidon|69\/100|[from] Grassy Terrain\n|-heal|p2a: Rillaboom|50\/100|[from] Grassy Terrain\n|upkeep\n|turn|12\n|\n|t:|1700925002\n|switch|p1a: Zacian|Zacian-Crowned|100\/100\n|-ability|p1a: Zacian|Intrepid Sword|boost\n|-boost|p1a: Zacian|atk|1\n|move|p2a: Rillaboom|Grassy Glide|p1a: Zacian\n|-resisted|p1a: Zacian\n|-damage|p1a: Zacian|72\/100\n|\n|-heal|p1a: Zacian|79\/100|[from] Grassy Terrain\n|-heal|p2a: Rillaboom|56\/100|[from] Grassy Terrain\n|upkeep\n|turn|13\n|\n|t:|1700925015\n|switch|p2a: Cinderace|Cinderace, M|100\/100\n|move|p1a: Zacian|Trailblaze|p2a: Cinderace\n|-resisted|p2a: Cinderace\n|-crit|p2a: Cinderace\n|-damage|p2a: Cinderace|58\/100\n|-boost|p1a: Zacian|spe|1\n|\n|-heal|p1a: Zacian|85\/100|[from] Grassy Terrain\n|-heal|p2a: Cinderace|64\/100|[from] Grassy Terrain\n|upkeep\n|turn|14\n|\n|t:|1700925032\n|switch|p2a: Corviknight|Corviknight, M|86\/100\n|-ability|p2a: Corviknight|Pressure\n|move|p1a: Zacian|Behemoth Blade|p2a: Corviknight\n|-resisted|p2a: Corviknight\n|-damage|p2a: Corviknight|56\/100\n|\n|-heal|p1a: Zacian|91\/100|[from] Grassy Terrain\n|-heal|p2a: Corviknight|62\/100|[from] item: Leftovers\n|upkeep\n|turn|15\n|\n|t:|1700925050\n|switch|p1a: Iron Bundle|Iron Bundle|100\/100\n|move|p2a: Corviknight|U-turn|p1a: Iron Bundle\n|-damage|p1a: Iron Bundle|82\/100\n|\n|t:|1700925063\n|switch|p2a: Rillaboom|Rillaboom, M|56\/100|[from] U-turn\n|\n|-heal|p1a: Iron Bundle|87\/100|[from] Grassy Terrain\n|-heal|p2a: Rillaboom|62\/100|[from] Grassy Terrain\n|-fieldend|move: Grassy Terrain\n|upkeep\n|turn|16\n|\n|t:|1700925072\n|switch|p2a: Corviknight|Corviknight, M|62\/100\n|-ability|p2a: Corviknight|Pressure\n|move|p1a: Iron Bundle|Freeze-Dry|p2a: Corviknight\n|-damage|p2a: Corviknight|37\/100\n|\n|-heal|p2a: Corviknight|43\/100|[from] item: Leftovers\n|upkeep\n|turn|17\n|\n|t:|1700925083\n|move|p1a: Iron Bundle|Hydro Pump|p2a: Corviknight\n|-damage|p2a: Corviknight|0 fnt\n|faint|p2a: Corviknight\n|\n|upkeep\n|\n|t:|1700925092\n|switch|p2a: Rillaboom|Rillaboom, M|62\/100\n|-fieldstart|move: Grassy Terrain|[from] ability: Grassy Surge|[of] p2a: Rillaboom\n|turn|18\n|\n|t:|1700925099\n|-end|p1a: Iron Bundle|Quark Drive|[silent]\n|switch|p1a: Miraidon|Miraidon|69\/100\n|-fieldstart|move: Electric Terrain|[from] ability: Hadron Engine|[of] p1a: Miraidon\n|move|p2a: Rillaboom|Grassy Glide|p1a: Miraidon\n|-resisted|p1a: Miraidon\n|-damage|p1a: Miraidon|44\/100\n|\n|upkeep\n|turn|19\n|\n|t:|1700925108\n|switch|p2a: Cinderace|Cinderace, M|64\/100\n|move|p1a: Miraidon|Volt Switch|p2a: Cinderace\n|-damage|p2a: Cinderace|0 fnt\n|faint|p2a: Cinderace\n|\n|t:|1700925116\n|switch|p1a: Iron Bundle|Iron Bundle|87\/100|[from] Volt Switch\n|-activate|p1a: Iron Bundle|ability: Quark Drive\n|-start|p1a: Iron Bundle|quarkdrivespe\n|-enditem|p1a: Iron Bundle|Electric Seed\n|-boost|p1a: Iron Bundle|def|1|[from] item: Electric Seed\n|\n|upkeep\n|\n|t:|1700925123\n|switch|p2a: Rillaboom|Rillaboom, M|62\/100\n|-fieldstart|move: Grassy Terrain|[from] ability: Grassy Surge|[of] p2a: Rillaboom\n|-end|p1a: Iron Bundle|Quark Drive\n|turn|20\n|\n|t:|1700925129\n|move|p1a: Iron Bundle|Ice Beam|p2a: Rillaboom\n|-supereffective|p2a: Rillaboom\n|-damage|p2a: Rillaboom|0 fnt\n|faint|p2a: Rillaboom\n|\n|-heal|p1a: Iron Bundle|93\/100|[from] Grassy Terrain\n|upkeep\n|-message|Kcna forfeited.\n|\n|win|Vileplume420\n|raw|Vileplume420's rating: 1176 &rarr; <strong>1200<\/strong><br \/>(+24 for winning)\n|raw|Kcna's rating: 1161 &rarr; <strong>1137<\/strong><br \/>(-24 for losing)\n|l|\u2606Kcna\n|c|\u2606Vileplume420|Gg\n","uploadtime":1700925147,"views":2,"p1id":"vileplume420","p2id":"kcna","formatid":"gen9anythinggoes","rating":1137,"private":0,"password":""}