{"id":"gen9anythinggoes-1976287725","p1":"wesospro3","p2":"lookielou777","format":"[Gen 9] Anything Goes","log":"|j|\u2606wesospro3\n|j|\u2606lookielou777\n|t:|1698282564\n|gametype|singles\n|player|p1|wesospro3|artist-gen4|1257\n|player|p2|lookielou777|swimmerf|1319\n|teamsize|p1|6\n|teamsize|p2|6\n|gen|9\n|tier|[Gen 9] Anything Goes\n|rated|\n|rule|HP Percentage Mod: HP is shown in percentages\n|rule|Endless Battle Clause: Forcing endless battles is banned\n|clearpoke\n|poke|p1|Volbeat, M|\n|poke|p1|Shaymin-Sky|\n|poke|p1|Chansey, F|\n|poke|p1|Shuppet, M|\n|poke|p1|Skeledirge, M|\n|poke|p1|Vivillon-Fancy, F|\n|poke|p2|Calyrex-Shadow|\n|poke|p2|Zacian-*|\n|poke|p2|Arceus|\n|poke|p2|Giratina-Origin|\n|poke|p2|Eternatus|\n|poke|p2|Urshifu-*, M|\n|teampreview\n|inactive|Battle timer is ON: inactive players will automatically lose when time's up. (requested by lookielou777)\n|\n|t:|1698282589\n|start\n|switch|p1a: Zumbateala|Volbeat, M|100\/100\n|switch|p2a: Eternatus|Eternatus|100\/100\n|-ability|p2a: Eternatus|Pressure\n|turn|1\n|\n|t:|1698282595\n|move|p1a: Zumbateala|Tail Glow|p1a: Zumbateala\n|-boost|p1a: Zumbateala|spa|3\n|move|p2a: Eternatus|Agility|p2a: Eternatus\n|-boost|p2a: Eternatus|spe|2\n|\n|upkeep\n|turn|2\n|\n|t:|1698282603\n|move|p1a: Zumbateala|Encore|p2a: Eternatus\n|-start|p2a: Eternatus|Encore\n|move|p2a: Eternatus|Agility|p2a: Eternatus\n|-boost|p2a: Eternatus|spe|2\n|\n|upkeep\n|turn|3\n|\n|t:|1698282609\n|move|p1a: Zumbateala|Tail Glow|p1a: Zumbateala\n|-boost|p1a: Zumbateala|spa|3\n|move|p2a: Eternatus|Agility|p2a: Eternatus\n|-boost|p2a: Eternatus|spe|2\n|\n|upkeep\n|turn|4\n|\n|t:|1698282617\n|move|p1a: Zumbateala|Baton Pass|p1a: Zumbateala\n|\n|t:|1698282619\n|switch|p1a: Flintched?|Shaymin-Sky|100\/100|[from] Baton Pass\n|move|p2a: Eternatus|Agility|p2a: Eternatus\n|-boost|p2a: Eternatus|spe|0\n|\n|-end|p2a: Eternatus|Encore\n|upkeep\n|turn|5\n|\n|t:|1698282629\n|-terastallize|p1a: Flintched?|Fighting\n|move|p2a: Eternatus|Flamethrower|p1a: Flintched?\n|-damage|p1a: Flintched?|50\/100\n|move|p1a: Flintched?|Air Slash|p2a: Eternatus\n|-crit|p2a: Eternatus\n|-damage|p2a: Eternatus|0 fnt\n|faint|p2a: Eternatus\n|\n|upkeep\n|\n|t:|1698282640\n|switch|p2a: Calyrex|Calyrex-Shadow|100\/100\n|-ability|p2a: Calyrex|As One\n|-ability|p2a: Calyrex|Unnerve\n|turn|6\n|\n|t:|1698282647\n|move|p1a: Flintched?|Air Slash|p2a: Calyrex\n|-enditem|p2a: Calyrex|Focus Sash\n|-damage|p2a: Calyrex|1\/100\n|move|p2a: Calyrex|Psychic|p1a: Flintched?\n|-supereffective|p1a: Flintched?\n|-crit|p1a: Flintched?\n|-damage|p1a: Flintched?|0 fnt\n|faint|p1a: Flintched?\n|-ability|p2a: Calyrex|Grim Neigh|boost\n|-boost|p2a: Calyrex|spa|1\n|\n|upkeep\n|\n|t:|1698282655\n|switch|p1a: UwU|Shuppet, M|100\/100\n|turn|7\n|\n|t:|1698282658\n|move|p1a: UwU|Shadow Sneak|p2a: Calyrex\n|-supereffective|p2a: Calyrex\n|-damage|p2a: Calyrex|0 fnt\n|faint|p2a: Calyrex\n|\n|upkeep\n|\n|t:|1698282667\n|switch|p2a: Giratina|Giratina-Origin, shiny|100\/100\n|turn|8\n|\n|t:|1698282670\n|move|p1a: UwU|Endure|p1a: UwU\n|-singleturn|p1a: UwU|move: Endure\n|move|p2a: Giratina|Shadow Ball|p1a: UwU\n|-supereffective|p1a: UwU\n|-activate|p1a: UwU|move: Endure\n|-damage|p1a: UwU|1\/100\n|\n|upkeep\n|turn|9\n|-enditem|p1a: UwU|Custap Berry|[eat]\n|-activate|p1a: UwU|item: Custap Berry|[consumed]\n|\n|t:|1698282678\n|move|p1a: UwU|Destiny Bond|p1a: UwU\n|-singlemove|p1a: UwU|Destiny Bond\n|move|p2a: Giratina|Shadow Ball|p1a: UwU\n|-supereffective|p1a: UwU\n|-damage|p1a: UwU|0 fnt\n|faint|p1a: UwU\n|-activate|p1a: UwU|move: Destiny Bond\n|faint|p2a: Giratina\n|\n|upkeep\n|\n|t:|1698282693\n|switch|p2a: Zacian|Zacian-Crowned|100\/100\n|switch|p1a: Zumbateala|Volbeat, M|100\/100\n|-ability|p2a: Zacian|Intrepid Sword|boost\n|-boost|p2a: Zacian|atk|1\n|turn|10\n|\n|t:|1698282707\n|move|p1a: Zumbateala|Tailwind|p1a: Zumbateala\n|-sidestart|p1: wesospro3|move: Tailwind\n|move|p2a: Zacian|Swords Dance|p2a: Zacian\n|-boost|p2a: Zacian|atk|2\n|\n|upkeep\n|turn|11\n|\n|t:|1698282720\n|move|p1a: Zumbateala|Encore|p2a: Zacian\n|-start|p2a: Zacian|Encore\n|move|p2a: Zacian|Swords Dance|p2a: Zacian\n|-boost|p2a: Zacian|atk|2\n|\n|upkeep\n|turn|12\n|\n|t:|1698282725\n|move|p1a: Zumbateala|Tail Glow|p1a: Zumbateala\n|-boost|p1a: Zumbateala|spa|3\n|move|p2a: Zacian|Swords Dance|p2a: Zacian\n|-boost|p2a: Zacian|atk|1\n|\n|upkeep\n|turn|13\n|\n|t:|1698282735\n|move|p1a: Zumbateala|Tail Glow|p1a: Zumbateala\n|-boost|p1a: Zumbateala|spa|3\n|move|p2a: Zacian|Swords Dance|p2a: Zacian\n|-boost|p2a: Zacian|atk|0\n|\n|-end|p2a: Zacian|Encore\n|-sideend|p1: wesospro3|move: Tailwind\n|upkeep\n|turn|14\n|\n|t:|1698282743\n|move|p1a: Zumbateala|Encore|p2a: Zacian\n|-start|p2a: Zacian|Encore\n|move|p2a: Zacian|Swords Dance|p2a: Zacian\n|-boost|p2a: Zacian|atk|0\n|\n|upkeep\n|turn|15\n|\n|t:|1698282748\n|move|p1a: Zumbateala|Tailwind|p1a: Zumbateala\n|-sidestart|p1: wesospro3|move: Tailwind\n|move|p2a: Zacian|Swords Dance|p2a: Zacian\n|-boost|p2a: Zacian|atk|0\n|\n|upkeep\n|turn|16\n|\n|t:|1698282753\n|move|p1a: Zumbateala|Baton Pass|p1a: Zumbateala\n|\n|t:|1698282755\n|switch|p1a: Somi|Vivillon-Fancy, F|100\/100|[from] Baton Pass\n|move|p2a: Zacian|Swords Dance|p2a: Zacian\n|-boost|p2a: Zacian|atk|0\n|\n|-end|p2a: Zacian|Encore\n|upkeep\n|turn|17\n|\n|t:|1698282770\n|move|p1a: Somi|Air Slash|p2a: Zacian\n|-resisted|p2a: Zacian\n|-damage|p2a: Zacian|42\/100\n|move|p2a: Zacian|Behemoth Blade|p1a: Somi\n|-damage|p1a: Somi|0 fnt\n|faint|p1a: Somi\n|\n|upkeep\n|\n|t:|1698282785\n|switch|p1a: Rag|Skeledirge, M|100\/100\n|turn|18\n|\n|t:|1698282793\n|move|p2a: Zacian|Play Rough|p1a: Rag\n|-resisted|p1a: Rag\n|-damage|p1a: Rag|80\/100\n|-unboost|p1a: Rag|atk|1\n|move|p1a: Rag|Torch Song|p2a: Zacian\n|-supereffective|p2a: Zacian\n|-damage|p2a: Zacian|0 fnt\n|-boost|p1a: Rag|spa|1\n|faint|p2a: Zacian\n|\n|-heal|p1a: Rag|86\/100|[from] item: Leftovers\n|-sideend|p1: wesospro3|move: Tailwind\n|upkeep\n|\n|t:|1698282810\n|switch|p2a: Urshifu|Urshifu-Rapid-Strike, M|100\/100\n|turn|19\n|\n|t:|1698282813\n|switch|p1a: Chansey|Chansey, F|100\/100\n|move|p2a: Urshifu|Surging Strikes|p1a: Chansey\n|-crit|p1a: Chansey\n|-damage|p1a: Chansey|61\/100\n|-crit|p1a: Chansey\n|-damage|p1a: Chansey|21\/100\n|-crit|p1a: Chansey\n|-damage|p1a: Chansey|0 fnt\n|faint|p1a: Chansey\n|-hitcount|p1: Chansey|3\n|-damage|p2a: Urshifu|91\/100|[from] item: Life Orb\n|\n|upkeep\n|\n|t:|1698282817\n|switch|p1a: Zumbateala|Volbeat, M|100\/100\n|turn|20\n|\n|t:|1698282830\n|move|p1a: Zumbateala|Tail Glow|p1a: Zumbateala\n|-boost|p1a: Zumbateala|spa|3\n|move|p2a: Urshifu|Poison Jab|p1a: Zumbateala\n|-damage|p1a: Zumbateala|65\/100\n|-damage|p2a: Urshifu|81\/100|[from] item: Life Orb\n|\n|upkeep\n|turn|21\n|\n|t:|1698282838\n|move|p1a: Zumbateala|Encore|p2a: Urshifu\n|-start|p2a: Urshifu|Encore\n|move|p2a: Urshifu|Poison Jab|p1a: Zumbateala\n|-damage|p1a: Zumbateala|27\/100\n|-damage|p2a: Urshifu|71\/100|[from] item: Life Orb\n|\n|upkeep\n|turn|22\n|\n|t:|1698282844\n|move|p1a: Zumbateala|Baton Pass|p1a: Zumbateala\n|\n|t:|1698282845\n|switch|p1a: Rag|Skeledirge, M|86\/100|[from] Baton Pass\n|move|p2a: Urshifu|Poison Jab|p1a: Rag\n|-resisted|p1a: Rag\n|-damage|p1a: Rag|70\/100\n|-damage|p2a: Urshifu|61\/100|[from] item: Life Orb\n|\n|-heal|p1a: Rag|76\/100|[from] item: Leftovers\n|upkeep\n|turn|23\n|\n|t:|1698282854\n|move|p2a: Urshifu|Poison Jab|p1a: Rag\n|-resisted|p1a: Rag\n|-damage|p1a: Rag|62\/100\n|-damage|p2a: Urshifu|51\/100|[from] item: Life Orb\n|move|p1a: Rag|Shadow Ball|p2a: Urshifu\n|-damage|p2a: Urshifu|0 fnt\n|faint|p2a: Urshifu\n|\n|-heal|p1a: Rag|68\/100|[from] item: Leftovers\n|upkeep\n|\n|t:|1698282864\n|switch|p2a: Arceus|Arceus|100\/100\n|turn|24\n|\n|t:|1698282869\n|move|p2a: Arceus|Swords Dance|p2a: Arceus\n|-boost|p2a: Arceus|atk|2\n|move|p1a: Rag|Torch Song|p2a: Arceus\n|-damage|p2a: Arceus|26\/100\n|-boost|p1a: Rag|spa|1\n|\n|-heal|p1a: Rag|74\/100|[from] item: Leftovers\n|upkeep\n|turn|25\n|\n|t:|1698282877\n|move|p2a: Arceus|Earthquake|p1a: Rag\n|-supereffective|p1a: Rag\n|-damage|p1a: Rag|0 fnt\n|faint|p1a: Rag\n|-damage|p2a: Arceus|16\/100|[from] item: Life Orb\n|\n|upkeep\n|\n|t:|1698282880\n|switch|p1a: Zumbateala|Volbeat, M|27\/100\n|turn|26\n|\n|t:|1698282885\n|move|p2a: Arceus|Extreme Speed|p1a: Zumbateala\n|-damage|p1a: Zumbateala|0 fnt\n|faint|p1a: Zumbateala\n|-damage|p2a: Arceus|7\/100|[from] item: Life Orb\n|\n|win|lookielou777\n|raw|wesospro3's rating: 1257 &rarr; <strong>1236<\/strong><br \/>(-21 for losing)\n|raw|lookielou777's rating: 1319 &rarr; <strong>1335<\/strong><br \/>(+16 for winning)\n","uploadtime":1698282894,"views":13,"p1id":"wesospro3","p2id":"lookielou777","formatid":"gen9anythinggoes","rating":1236,"private":0,"password":""}