{"id":"gen9anythinggoes-1976166752","p1":"myname69","p2":"tsixi","format":"[Gen 9] Anything Goes","log":"|j|\u2606myname69\n|j|\u2606tsixi\n|t:|1698269693\n|gametype|singles\n|player|p1|myname69|carmine|1079\n|player|p2|tsixi|caitlin|1044\n|teamsize|p1|1\n|teamsize|p2|2\n|gen|9\n|tier|[Gen 9] Anything Goes\n|rated|\n|rule|HP Percentage Mod: HP is shown in percentages\n|rule|Endless Battle Clause: Forcing endless battles is banned\n|clearpoke\n|poke|p1|Drifloon, M|\n|poke|p2|Empoleon, F|\n|poke|p2|Chi-Yu|\n|teampreview\n|\n|t:|1698269697\n|start\n|switch|p1a: Drifloon|Drifloon, M|100\/100\n|switch|p2a: Chi-Yu|Chi-Yu|100\/100\n|-ability|p2a: Chi-Yu|Beads of Ruin\n|turn|1\n|c|\u2606myname69|yay taem\n|\n|t:|1698269702\n|move|p2a: Chi-Yu|Light Screen|p2a: Chi-Yu\n|-sidestart|p2: tsixi|move: Light Screen\n|move|p1a: Drifloon|Minimize|p1a: Drifloon\n|-boost|p1a: Drifloon|evasion|2\n|\n|upkeep\n|turn|2\n|\n|t:|1698269705\n|move|p2a: Chi-Yu|Memento|p1a: Drifloon|[miss]\n|-miss|p2a: Chi-Yu|p1a: Drifloon\n|move|p1a: Drifloon|Minimize|p1a: Drifloon\n|-boost|p1a: Drifloon|evasion|2\n|\n|upkeep\n|turn|3\n|\n|t:|1698269708\n|move|p2a: Chi-Yu|Memento|p1a: Drifloon|[miss]\n|-miss|p2a: Chi-Yu|p1a: Drifloon\n|move|p1a: Drifloon|Minimize|p1a: Drifloon\n|-boost|p1a: Drifloon|evasion|2\n|\n|upkeep\n|turn|4\n|\n|t:|1698269710\n|move|p2a: Chi-Yu|Memento|p1a: Drifloon\n|-unboost|p1a: Drifloon|atk|2\n|-unboost|p1a: Drifloon|spa|2\n|faint|p2a: Chi-Yu\n|move|p1a: Drifloon|Calm Mind|p1a: Drifloon\n|-boost|p1a: Drifloon|spa|1\n|-boost|p1a: Drifloon|spd|1\n|\n|upkeep\n|\n|t:|1698269713\n|switch|p2a: Empoleon|Empoleon, F, shiny|100\/100\n|turn|5\n|\n|t:|1698269717\n|-terastallize|p2a: Empoleon|Water\n|move|p1a: Drifloon|Calm Mind|p1a: Drifloon\n|-boost|p1a: Drifloon|spa|1\n|-boost|p1a: Drifloon|spd|1\n|move|p2a: Empoleon|Surf|p1a: Drifloon|[miss]\n|-miss|p2a: Empoleon|p1a: Drifloon\n|\n|upkeep\n|turn|6\n|\n|t:|1698269724\n|move|p1a: Drifloon|Calm Mind|p1a: Drifloon\n|-boost|p1a: Drifloon|spa|1\n|-boost|p1a: Drifloon|spd|1\n|move|p2a: Empoleon|Surf|p1a: Drifloon|[miss]\n|-miss|p2a: Empoleon|p1a: Drifloon\n|\n|upkeep\n|turn|7\n|\n|t:|1698269726\n|move|p1a: Drifloon|Calm Mind|p1a: Drifloon\n|-boost|p1a: Drifloon|spa|1\n|-boost|p1a: Drifloon|spd|1\n|move|p2a: Empoleon|Surf|p1a: Drifloon|[miss]\n|-miss|p2a: Empoleon|p1a: Drifloon\n|\n|upkeep\n|turn|8\n|\n|t:|1698269731\n|move|p1a: Drifloon|Calm Mind|p1a: Drifloon\n|-boost|p1a: Drifloon|spa|1\n|-boost|p1a: Drifloon|spd|1\n|move|p2a: Empoleon|Surf|p1a: Drifloon|[miss]\n|-miss|p2a: Empoleon|p1a: Drifloon\n|\n|-sideend|p2: tsixi|move: Light Screen\n|upkeep\n|turn|9\n|\n|t:|1698269735\n|move|p1a: Drifloon|Shadow Ball|p2a: Empoleon\n|-damage|p2a: Empoleon|28\/100\n|move|p2a: Empoleon|Surf|p1a: Drifloon|[miss]\n|-miss|p2a: Empoleon|p1a: Drifloon\n|\n|upkeep\n|turn|10\n|c|\u2606tsixi|gg\n|c|\u2606myname69|gg\n|c|\u2606tsixi|thats funny\n|-message|tsixi forfeited.\n|\n|win|myname69\n|raw|myname69's rating: 1079 &rarr; <strong>1104<\/strong><br \/>(+25 for winning)\n|raw|tsixi's rating: 1044 &rarr; <strong>1029<\/strong><br \/>(-15 for losing)\n|l|\u2606tsixi\n|c|\u2606myname69|drifloon ftw\n","uploadtime":1698269755,"views":8,"p1id":"myname69","p2id":"tsixi","formatid":"gen9anythinggoes","rating":1029,"private":0,"password":""}