{"id":"gen9anythinggoes-1990785064","p1":"Wielder Zeon","p2":"Mrbeegamer1","format":"[Gen 9] Anything Goes","log":"|j|\u2606Wielder Zeon\n|j|\u2606Mrbeegamer1\n|t:|1700000591\n|gametype|singles\n|player|p1|Wielder Zeon|veteran-gen4|1331\n|player|p2|Mrbeegamer1|lucas|1228\n|teamsize|p1|6\n|teamsize|p2|6\n|gen|9\n|tier|[Gen 9] Anything Goes\n|rated|\n|rule|HP Percentage Mod: HP is shown in percentages\n|rule|Endless Battle Clause: Forcing endless battles is banned\n|clearpoke\n|poke|p1|Annihilape, F|\n|poke|p1|Azumarill, F|\n|poke|p1|Cinderace, F|\n|poke|p1|Zacian-*|\n|poke|p1|Arceus-Grass|\n|poke|p1|Groudon|\n|poke|p2|Cloyster, M|\n|poke|p2|Annihilape, M|\n|poke|p2|Ogerpon-Hearthflame, F|\n|poke|p2|Ursaluna-Bloodmoon, M|\n|poke|p2|Hatterene, F|\n|poke|p2|Ursaluna, M|\n|teampreview\n|inactive|Battle timer is ON: inactive players will automatically lose when time's up. (requested by Wielder Zeon)\n|\n|t:|1700000606\n|start\n|switch|p1a: GROUL|Groudon|100\/100\n|switch|p2a: Trick Room|Hatterene, F|100\/100\n|-weather|SunnyDay|[from] ability: Drought|[of] p1a: GROUL\n|turn|1\n|\n|t:|1700000614\n|move|p1a: GROUL|Heat Crash|p2a: Trick Room\n|-damage|p2a: Trick Room|15\/100\n|move|p2a: Trick Room|Trick Room|p2a: Trick Room\n|-fieldstart|move: Trick Room|[of] p2a: Trick Room\n|\n|-weather|SunnyDay|[upkeep]\n|-heal|p2a: Trick Room|21\/100|[from] item: Leftovers\n|upkeep\n|turn|2\n|\n|t:|1700000621\n|switch|p2a: Jef Fredbear|Ursaluna, M|100\/100\n|switch|p1a: AZU|Azumarill, F|100\/100\n|\n|-weather|SunnyDay|[upkeep]\n|-status|p2a: Jef Fredbear|brn|[from] item: Flame Orb\n|upkeep\n|turn|3\n|\n|t:|1700000631\n|move|p2a: Jef Fredbear|Swords Dance|p2a: Jef Fredbear\n|-boost|p2a: Jef Fredbear|atk|2\n|move|p1a: AZU|Belly Drum|p1a: AZU\n|-damage|p1a: AZU|50\/100\n|-setboost|p1a: AZU|atk|6|[from] move: Belly Drum\n|-enditem|p1a: AZU|Sitrus Berry|[eat]\n|-heal|p1a: AZU|75\/100|[from] item: Sitrus Berry\n|\n|-weather|SunnyDay|[upkeep]\n|-damage|p2a: Jef Fredbear|94\/100 brn|[from] brn\n|upkeep\n|turn|4\n|\n|t:|1700000644\n|move|p1a: AZU|Aqua Jet|p2a: Jef Fredbear\n|-supereffective|p2a: Jef Fredbear\n|-damage|p2a: Jef Fredbear|21\/100 brn\n|move|p2a: Jef Fredbear|Facade|p1a: AZU\n|-damage|p1a: AZU|0 fnt\n|faint|p1a: AZU\n|\n|-weather|SunnyDay|[upkeep]\n|-damage|p2a: Jef Fredbear|15\/100 brn|[from] brn\n|upkeep\n|c|\u2606Mrbeegamer1|Is that Freddy fazbear!?!?\n|\n|t:|1700000654\n|switch|p1a: ANGY|Annihilape, F, shiny|100\/100\n|turn|5\n|\n|t:|1700000660\n|switch|p1a: ARC|Arceus-Grass|100\/100\n|move|p2a: Jef Fredbear|Crunch|p1a: ARC\n|-damage|p1a: ARC|39\/100\n|\n|-weather|none\n|-damage|p2a: Jef Fredbear|9\/100 brn|[from] brn\n|-fieldend|move: Trick Room\n|upkeep\n|turn|6\n|\n|t:|1700000673\n|switch|p2a: Ogrepon|Ogerpon-Hearthflame, F|100\/100\n|-ability|p2a: Ogrepon|Mold Breaker\n|move|p1a: ARC|Judgment|p2a: Ogrepon\n|-resisted|p2a: Ogrepon\n|-damage|p2a: Ogrepon|81\/100\n|\n|upkeep\n|turn|7\n|\n|t:|1700000687\n|switch|p1a: GROUL|Groudon|100\/100\n|-weather|SunnyDay|[from] ability: Drought|[of] p1a: GROUL\n|-terastallize|p2a: Ogrepon|Fire\n|detailschange|p2a: Ogrepon|Ogerpon-Hearthflame-Tera, F, tera:Fire\n|-ability|p2a: Ogrepon|Embody Aspect (Hearthflame)|boost\n|-boost|p2a: Ogrepon|atk|1\n|move|p2a: Ogrepon|Ivy Cudgel|p1a: GROUL|[anim] Ivy Cudgel Fire\n|-damage|p1a: GROUL|0 fnt\n|faint|p1a: GROUL\n|\n|-weather|SunnyDay|[upkeep]\n|upkeep\n|\n|t:|1700000692\n|switch|p1a: Cinder Race|Cinderace, F|100\/100\n|turn|8\n|\n|t:|1700000704\n|move|p1a: Cinder Race|Pyro Ball|p2a: Ogrepon\n|-resisted|p2a: Ogrepon\n|-damage|p2a: Ogrepon|25\/100\n|move|p2a: Ogrepon|Ivy Cudgel|p1a: Cinder Race|[anim] Ivy Cudgel Fire\n|-resisted|p1a: Cinder Race\n|-damage|p1a: Cinder Race|0 fnt\n|faint|p1a: Cinder Race\n|\n|-weather|SunnyDay|[upkeep]\n|upkeep\n|\n|t:|1700000711\n|switch|p1a: ZAC|Zacian-Crowned|100\/100\n|-ability|p1a: ZAC|Intrepid Sword|boost\n|-boost|p1a: ZAC|atk|1\n|turn|9\n|\n|t:|1700000716\n|move|p1a: ZAC|Behemoth Blade|p2a: Ogrepon\n|-resisted|p2a: Ogrepon\n|-damage|p2a: Ogrepon|0 fnt\n|faint|p2a: Ogrepon\n|\n|-weather|SunnyDay|[upkeep]\n|upkeep\n|\n|t:|1700000734\n|switch|p2a: Freddy Fazbear|Ursaluna-Bloodmoon, M|100\/100\n|turn|10\n|\n|t:|1700000743\n|move|p1a: ZAC|Close Combat|p2a: Freddy Fazbear\n|-supereffective|p2a: Freddy Fazbear\n|-damage|p2a: Freddy Fazbear|2\/100\n|-unboost|p1a: ZAC|def|1\n|-unboost|p1a: ZAC|spd|1\n|move|p2a: Freddy Fazbear|Blood Moon|p1a: ZAC\n|-resisted|p1a: ZAC\n|-damage|p1a: ZAC|46\/100\n|\n|-weather|SunnyDay|[upkeep]\n|upkeep\n|turn|11\n|\n|t:|1700000754\n|switch|p1a: ANGY|Annihilape, F, shiny|100\/100\n|switch|p2a: Annihilate|Annihilape, M|100\/100\n|\n|-weather|none\n|upkeep\n|turn|12\n|\n|t:|1700000769\n|move|p1a: ANGY|Rage Fist|p2a: Annihilate\n|-supereffective|p2a: Annihilate\n|-damage|p2a: Annihilate|56\/100\n|move|p2a: Annihilate|Rage Fist|p1a: ANGY\n|-supereffective|p1a: ANGY\n|-damage|p1a: ANGY|0 fnt\n|faint|p1a: ANGY\n|\n|-heal|p2a: Annihilate|62\/100|[from] item: Leftovers\n|upkeep\n|\n|t:|1700000780\n|switch|p1a: ARC|Arceus-Grass|39\/100\n|turn|13\n|\n|t:|1700000786\n|move|p1a: ARC|Will-O-Wisp|p2a: Annihilate\n|-status|p2a: Annihilate|brn\n|move|p2a: Annihilate|Rage Fist|p1a: ARC\n|-damage|p1a: ARC|22\/100\n|\n|-heal|p2a: Annihilate|68\/100 brn|[from] item: Leftovers\n|-damage|p2a: Annihilate|62\/100 brn|[from] brn\n|upkeep\n|turn|14\n|\n|t:|1700000795\n|move|p1a: ARC|Judgment|p2a: Annihilate\n|-damage|p2a: Annihilate|5\/100 brn\n|move|p2a: Annihilate|Drain Punch|p1a: ARC\n|-damage|p1a: ARC|9\/100\n|-heal|p2a: Annihilate|13\/100 brn|[from] drain|[of] p1a: ARC\n|\n|-heal|p2a: Annihilate|19\/100 brn|[from] item: Leftovers\n|-damage|p2a: Annihilate|13\/100 brn|[from] brn\n|upkeep\n|turn|15\n|l|\u2606Wielder Zeon\n|inactive|Wielder Zeon disconnected and has a minute to reconnect!\n|player|p1|\n|inactive|Wielder Zeon has 30 seconds to reconnect!\n|inactive|Wielder Zeon has 20 seconds to reconnect!\n|inactive|Wielder Zeon has 15 seconds to reconnect!\n|inactive|Wielder Zeon has 10 seconds to reconnect!\n|inactive|Wielder Zeon has 5 seconds to reconnect!\n|-message|Wielder Zeon lost due to inactivity.\n|\n|win|Mrbeegamer1\n|raw|Wielder Zeon's rating: 1331 &rarr; <strong>1305<\/strong><br \/>(-26 for losing)\n|raw|Mrbeegamer1's rating: 1228 &rarr; <strong>1260<\/strong><br \/>(+32 for winning)\n","uploadtime":1700000870,"views":11,"p1id":"wielderzeon","p2id":"mrbeegamer1","formatid":"gen9anythinggoes","rating":1260,"private":0,"password":""}