{"id":"gen9anythinggoes-1987163573","p1":"FreeedTheDolfin","p2":"Zerex53","format":"[Gen 9] Anything Goes","log":"|j|\u2606FreeedTheDolfin\n|j|\u2606Zerex53\n|t:|1699561388\n|gametype|singles\n|player|p1|FreeedTheDolfin|169|\n|player|p2|Zerex53|plasmagrunt|\n|teamsize|p1|6\n|teamsize|p2|6\n|gen|9\n|tier|[Gen 9] Anything Goes\n|rule|HP Percentage Mod: HP is shown in percentages\n|rule|Endless Battle Clause: Forcing endless battles is banned\n|clearpoke\n|poke|p1|Weavile, M|\n|poke|p1|Slowking-Galar, M|\n|poke|p1|Zoroark-Hisui, F|\n|poke|p1|Cetitan, M|\n|poke|p1|Frosmoth, M|\n|poke|p1|Indeedee, M|\n|poke|p2|Meowscarada, F|\n|poke|p2|Sinistcha|\n|poke|p2|Hawlucha, F|\n|poke|p2|Pincurchin, M|\n|poke|p2|Revavroom, F|\n|poke|p2|Vaporeon, F|\n|teampreview\n|j| napg0d\n|j| Edicts\n|\n|t:|1699561414\n|start\n|switch|p1a: GOL D ROGER|Slowking-Galar, M|100\/100\n|switch|p2a: Pincurchin|Pincurchin, M|100\/100\n|-fieldstart|move: Electric Terrain|[from] ability: Electric Surge|[of] p2a: Pincurchin\n|turn|1\n|c|\u2606FreeedTheDolfin|is tony joining\n|c| Edicts|se\n|c| Edicts|c\n|c|\u2606Zerex53|oh oops\n|j| lumpfren\n|j| KINGTONY6\n|c| Edicts|good\n|c| KINGTONY6|here\n|c| Edicts|go\n|c| KINGTONY6|:)\n|c|\u2606FreeedTheDolfin|ok\n|c| napg0d|the one piece\n|\n|t:|1699561468\n|move|p1a: GOL D ROGER|Future Sight|p2a: Pincurchin\n|-start|p1a: GOL D ROGER|move: Future Sight\n|move|p2a: Pincurchin|Spikes|p1a: GOL D ROGER\n|-sidestart|p1: FreeedTheDolfin|Spikes\n|\n|upkeep\n|turn|2\n|\n|t:|1699561481\n|move|p1a: GOL D ROGER|Sludge Bomb|p2a: Pincurchin\n|-damage|p2a: Pincurchin|56\/100\n|-enditem|p2a: Pincurchin|Eject Button\n|\n|t:|1699561487\n|switch|p2a: Hawlucha|Hawlucha, F|100\/100\n|-enditem|p2a: Hawlucha|Electric Seed\n|-boost|p2a: Hawlucha|def|1|[from] item: Electric Seed\n|\n|upkeep\n|turn|3\n|\n|t:|1699561495\n|move|p2a: Hawlucha|Acrobatics|p1a: GOL D ROGER\n|-damage|p1a: GOL D ROGER|62\/100\n|move|p1a: GOL D ROGER|Chilly Reception|p1a: GOL D ROGER\n|-weather|Snow\n|\n|t:|1699561516\n|switch|p1a: Slowking|Cetitan, M|100\/100|[from] Chilly Reception\n|-damage|p1a: Slowking|88\/100|[from] Spikes\n|\n|-weather|Snow|[upkeep]\n|-end|p2a: Hawlucha|move: Future Sight\n|-supereffective|p2a: Hawlucha\n|-damage|p2a: Hawlucha|0 fnt\n|faint|p2a: Hawlucha\n|upkeep\n|\n|t:|1699561527\n|switch|p2a: Meowscarada|Meowscarada, F|100\/100\n|turn|4\n|\n|t:|1699561541\n|-terastallize|p1a: Slowking|Ground\n|move|p1a: Slowking|Belly Drum|p1a: Slowking\n|-damage|p1a: Slowking|38\/100\n|-setboost|p1a: Slowking|atk|6|[from] move: Belly Drum\n|-enditem|p1a: Slowking|Sitrus Berry|[eat]\n|-heal|p1a: Slowking|63\/100|[from] item: Sitrus Berry\n|move|p2a: Meowscarada|Low Kick|p1a: Slowking\n|-start|p2a: Meowscarada|typechange|Fighting|[from] ability: Protean\n|-damage|p1a: Slowking|0 fnt\n|faint|p1a: Slowking\n|\n|-weather|Snow|[upkeep]\n|upkeep\n|\n|t:|1699561571\n|switch|p1a: Slowking|Indeedee, M|100\/100\n|-damage|p1a: Slowking|88\/100|[from] Spikes\n|-fieldstart|move: Psychic Terrain|[from] ability: Psychic Surge|[of] p1a: Slowking\n|turn|5\n|\n|t:|1699561598\n|switch|p2a: Pincurchin|Pincurchin, M|56\/100\n|-fieldstart|move: Electric Terrain|[from] ability: Electric Surge|[of] p2a: Pincurchin\n|move|p1a: Slowking|Skill Swap|p2a: Pincurchin\n|-activate|p1a: Slowking|move: Skill Swap|Electric Surge|Psychic Surge|[of] p2a: Pincurchin\n|-fieldstart|move: Psychic Terrain|[from] ability: Psychic Surge|[of] p2a: Pincurchin\n|\n|-weather|Snow|[upkeep]\n|upkeep\n|turn|6\n|c| Edicts|???\n|c| Edicts|LOL\n|\n|t:|1699561614\n|move|p1a: Slowking|Psychic|p2a: Pincurchin\n|-damage|p2a: Pincurchin|0 fnt\n|faint|p2a: Pincurchin\n|\n|-weather|Snow|[upkeep]\n|upkeep\n|c|\u2606FreeedTheDolfin|:)\n|\n|t:|1699561621\n|switch|p2a: Meowscarada|Meowscarada, F|100\/100\n|turn|7\n|c| lumpfren|the skill swap is actually such a banger play the more I think about it\n|\n|t:|1699561696\n|switch|p1a: Slowking|Frosmoth, M|100\/100\n|-damage|p1a: Slowking|88\/100|[from] Spikes\n|move|p2a: Meowscarada|Flower Trick|p1a: Slowking\n|-start|p2a: Meowscarada|typechange|Grass|[from] ability: Protean\n|-resisted|p1a: Slowking\n|-crit|p1a: Slowking\n|-damage|p1a: Slowking|49\/100\n|\n|-weather|Snow|[upkeep]\n|-heal|p1a: Slowking|55\/100|[from] item: Leftovers\n|upkeep\n|turn|8\n|\n|t:|1699561723\n|switch|p2a: Revavroom|Revavroom, F|100\/100\n|-item|p2a: Revavroom|Air Balloon\n|move|p1a: Slowking|Bug Buzz|p2a: Revavroom\n|-resisted|p2a: Revavroom\n|-damage|p2a: Revavroom|80\/100\n|-enditem|p2a: Revavroom|Air Balloon\n|\n|-weather|Snow|[upkeep]\n|-heal|p1a: Slowking|61\/100|[from] item: Leftovers\n|upkeep\n|turn|9\n|\n|t:|1699561752\n|switch|p1a: GOL D ROGER|Slowking-Galar, M|95\/100\n|-damage|p1a: GOL D ROGER|83\/100|[from] Spikes\n|move|p2a: Revavroom|Shift Gear|p2a: Revavroom\n|-boost|p2a: Revavroom|spe|2\n|-boost|p2a: Revavroom|atk|1\n|\n|-weather|Snow|[upkeep]\n|-fieldend|move: Psychic Terrain\n|upkeep\n|turn|10\n|\n|t:|1699561771\n|move|p2a: Revavroom|Iron Head|p1a: GOL D ROGER\n|-damage|p1a: GOL D ROGER|40\/100\n|move|p1a: GOL D ROGER|Flamethrower|p2a: Revavroom\n|-supereffective|p2a: Revavroom\n|-damage|p2a: Revavroom|29\/100\n|\n|-weather|none\n|upkeep\n|turn|11\n|\n|t:|1699561788\n|switch|p1a: Slowking|Indeedee, M|88\/100\n|-damage|p1a: Slowking|76\/100|[from] Spikes\n|-fieldstart|move: Psychic Terrain|[from] ability: Psychic Surge|[of] p1a: Slowking\n|move|p2a: Revavroom|Parting Shot|p1a: Slowking\n|-unboost|p1a: Slowking|atk|1\n|-unboost|p1a: Slowking|spa|1\n|\n|t:|1699561797\n|switch|p2a: Vaporeon|Vaporeon, F|100\/100|[from] Parting Shot\n|\n|upkeep\n|turn|12\n|\n|t:|1699561811\n|move|p1a: Slowking|Psychic|p2a: Vaporeon\n|-damage|p2a: Vaporeon|78\/100\n|move|p2a: Vaporeon|Scald|p1a: Slowking\n|-damage|p1a: Slowking|41\/100\n|-status|p1a: Slowking|brn\n|\n|-heal|p2a: Vaporeon|84\/100|[from] item: Leftovers\n|-damage|p1a: Slowking|35\/100 brn|[from] brn\n|upkeep\n|turn|13\n|c| Edicts|damn girl you burn with that water?\n|\n|t:|1699561865\n|move|p2a: Vaporeon|Protect|p2a: Vaporeon\n|-singleturn|p2a: Vaporeon|Protect\n|move|p1a: Slowking|Healing Wish|p1a: Slowking\n|faint|p1a: Slowking\n|\n|-heal|p2a: Vaporeon|90\/100|[from] item: Leftovers\n|upkeep\n|\n|t:|1699561877\n|switch|p1a: Slowking|Weavile, M|100\/100\n|-damage|p1a: Slowking|88\/100|[from] Spikes\n|-ability|p1a: Slowking|Pressure\n|turn|14\n|\n|t:|1699561886\n|move|p1a: Slowking|Swords Dance|p1a: Slowking\n|-boost|p1a: Slowking|atk|2\n|move|p2a: Vaporeon|Wish|p2a: Vaporeon\n|\n|-heal|p2a: Vaporeon|97\/100|[from] item: Leftovers\n|upkeep\n|turn|15\n|\n|t:|1699561896\n|move|p1a: Slowking|Swords Dance|p1a: Slowking\n|-boost|p1a: Slowking|atk|2\n|move|p2a: Vaporeon|Haze|p2a: Vaporeon\n|-clearallboost\n|\n|-heal|p2a: Vaporeon|100\/100|[from] move: Wish|[wisher] Vaporeon\n|upkeep\n|turn|16\n|c| Edicts|uh oh.\n|\n|t:|1699561908\n|move|p1a: Slowking|Swords Dance|p1a: Slowking\n|-boost|p1a: Slowking|atk|2\n|move|p2a: Vaporeon|Scald|p1a: Slowking\n|-damage|p1a: Slowking|49\/100\n|\n|upkeep\n|turn|17\n|\n|t:|1699561918\n|move|p2a: Vaporeon|Protect|p2a: Vaporeon\n|-singleturn|p2a: Vaporeon|Protect\n|move|p1a: Slowking|Knock Off|p2a: Vaporeon\n|-activate|p2a: Vaporeon|move: Protect\n|\n|upkeep\n|turn|18\n|\n|t:|1699561927\n|move|p1a: Slowking|Knock Off|p2a: Vaporeon\n|-damage|p2a: Vaporeon|30\/100\n|-enditem|p2a: Vaporeon|Leftovers|[from] move: Knock Off|[of] p1a: Slowking\n|move|p2a: Vaporeon|Haze|p2a: Vaporeon\n|-clearallboost\n|\n|-fieldend|move: Psychic Terrain\n|upkeep\n|turn|19\n|\n|t:|1699561940\n|move|p1a: Slowking|Knock Off|p2a: Vaporeon\n|-damage|p2a: Vaporeon|5\/100\n|move|p2a: Vaporeon|Wish|p2a: Vaporeon\n|\n|upkeep\n|turn|20\n|\n|t:|1699561949\n|switch|p2a: Revavroom|Revavroom, F|29\/100\n|move|p1a: Slowking|Swords Dance|p1a: Slowking\n|-boost|p1a: Slowking|atk|2\n|\n|-heal|p2a: Revavroom|100\/100|[from] move: Wish|[wisher] Vaporeon\n|upkeep\n|turn|21\n|\n|t:|1699561959\n|move|p1a: Slowking|Knock Off|p2a: Revavroom\n|-damage|p2a: Revavroom|25\/100\n|move|p2a: Revavroom|Shift Gear|p2a: Revavroom\n|-boost|p2a: Revavroom|spe|2\n|-boost|p2a: Revavroom|atk|1\n|\n|upkeep\n|turn|22\n|\n|t:|1699561986\n|move|p2a: Revavroom|Iron Head|p1a: Slowking\n|-supereffective|p1a: Slowking\n|-damage|p1a: Slowking|0 fnt\n|faint|p1a: Slowking\n|\n|upkeep\n|\n|t:|1699561990\n|switch|p1a: GOL D ROGER|Slowking-Galar, M|73\/100\n|-heal|p1a: GOL D ROGER|100\/100|[from] move: Healing Wish\n|-damage|p1a: GOL D ROGER|88\/100|[from] Spikes\n|turn|23\n|\n|t:|1699562004\n|move|p2a: Revavroom|Parting Shot|p1a: GOL D ROGER\n|-unboost|p1a: GOL D ROGER|atk|1\n|-unboost|p1a: GOL D ROGER|spa|1\n|\n|t:|1699562007\n|switch|p2a: Vaporeon|Vaporeon, F|5\/100|[from] Parting Shot\n|move|p1a: GOL D ROGER|Future Sight|p2a: Vaporeon\n|-start|p1a: GOL D ROGER|move: Future Sight\n|\n|upkeep\n|turn|24\n|\n|t:|1699562019\n|move|p2a: Vaporeon|Wish|p2a: Vaporeon\n|move|p1a: GOL D ROGER|Sludge Bomb|p2a: Vaporeon\n|-damage|p2a: Vaporeon|0 fnt\n|faint|p2a: Vaporeon\n|\n|upkeep\n|\n|t:|1699562024\n|switch|p2a: Revavroom|Revavroom, F|25\/100\n|turn|25\n|c| lumpfren|theyre so cute together\n|\n|t:|1699562044\n|move|p2a: Revavroom|Gunk Shot|p1a: GOL D ROGER|[miss]\n|-miss|p2a: Revavroom|p1a: GOL D ROGER\n|move|p1a: GOL D ROGER|Flamethrower|p2a: Revavroom\n|-supereffective|p2a: Revavroom\n|-damage|p2a: Revavroom|0 fnt\n|faint|p2a: Revavroom\n|\n|-hint|Future Sight did not hit because the target is fainted.\n|upkeep\n|\n|t:|1699562052\n|switch|p2a: Meowscarada|Meowscarada, F|100\/100\n|turn|26\n|\n|t:|1699562085\n|move|p2a: Meowscarada|Low Kick|p1a: GOL D ROGER\n|-start|p2a: Meowscarada|typechange|Fighting|[from] ability: Protean\n|-resisted|p1a: GOL D ROGER\n|-damage|p1a: GOL D ROGER|78\/100\n|move|p1a: GOL D ROGER|Future Sight|p2a: Meowscarada\n|-start|p1a: GOL D ROGER|move: Future Sight\n|\n|upkeep\n|turn|27\n|c| KINGTONY6|Bruno\n|c| KINGTONY6|you can use\n|c| KINGTONY6|.\/weak (pokemon)\n|c| KINGTONY6|to tell what types it is weak to\n|c|\u2606Zerex53|no kidding huh\n|\n|t:|1699562132\n|switch|p2a: Sinistcha|Sinistcha|100\/100\n|move|p1a: GOL D ROGER|Sludge Bomb|p2a: Sinistcha\n|-damage|p2a: Sinistcha|76\/100\n|\n|-heal|p2a: Sinistcha|82\/100|[from] item: Leftovers\n|upkeep\n|turn|28\n|\n|t:|1699562154\n|move|p2a: Sinistcha|Shadow Ball|p1a: GOL D ROGER\n|-supereffective|p1a: GOL D ROGER\n|-damage|p1a: GOL D ROGER|3\/100\n|move|p1a: GOL D ROGER|Chilly Reception|p1a: GOL D ROGER\n|-weather|Snow\n|\n|t:|1699562162\n|switch|p1a: Slowking|Frosmoth, M|100\/100|[from] Chilly Reception\n|-damage|p1a: Slowking|88\/100|[from] Spikes\n|\n|-weather|Snow|[upkeep]\n|-end|p2a: Sinistcha|move: Future Sight\n|-crit|p2a: Sinistcha\n|-damage|p2a: Sinistcha|3\/100\n|-heal|p2a: Sinistcha|9\/100|[from] item: Leftovers\n|upkeep\n|turn|29\n|\n|t:|1699562181\n|move|p1a: Slowking|Flamethrower|p2a: Sinistcha\n|-supereffective|p2a: Sinistcha\n|-damage|p2a: Sinistcha|0 fnt\n|faint|p2a: Sinistcha\n|\n|-weather|Snow|[upkeep]\n|upkeep\n|\n|t:|1699562186\n|switch|p2a: Meowscarada|Meowscarada, F|100\/100\n|turn|30\n|\n|t:|1699562199\n|-terastallize|p2a: Meowscarada|Dark\n|move|p2a: Meowscarada|Knock Off|p1a: Slowking\n|-supereffective|p1a: Slowking\n|-damage|p1a: Slowking|0 fnt\n|replace|p1a: Slowking|Zoroark-Hisui, F\n|-end|p1a: Slowking|Illusion\n|-enditem|p1a: Slowking|Focus Sash|[from] move: Knock Off|[of] p2a: Meowscarada\n|faint|p1a: Slowking\n|\n|-weather|Snow|[upkeep]\n|upkeep\n|\n|t:|1699562211\n|switch|p1a: Slowking|Frosmoth, M|61\/100\n|-damage|p1a: Slowking|49\/100|[from] Spikes\n|turn|31\n|\n|t:|1699562216\n|move|p2a: Meowscarada|Knock Off|p1a: Slowking\n|-damage|p1a: Slowking|0 fnt\n|-enditem|p1a: Slowking|Leftovers|[from] move: Knock Off|[of] p2a: Meowscarada\n|faint|p1a: Slowking\n|\n|-weather|Snow|[upkeep]\n|upkeep\n|\n|t:|1699562221\n|switch|p1a: GOL D ROGER|Slowking-Galar, M|36\/100\n|-damage|p1a: GOL D ROGER|23\/100|[from] Spikes\n|turn|32\n|\n|t:|1699562226\n|move|p2a: Meowscarada|Knock Off|p1a: GOL D ROGER\n|-supereffective|p1a: GOL D ROGER\n|-damage|p1a: GOL D ROGER|0 fnt\n|-enditem|p1a: GOL D ROGER|Icy Rock|[from] move: Knock Off|[of] p2a: Meowscarada\n|faint|p1a: GOL D ROGER\n|\n|win|Zerex53\n|l|\u2606FreeedTheDolfin\n","uploadtime":1699562236,"views":7,"p1id":"freeedthedolfin","p2id":"zerex53","formatid":"gen9anythinggoes","rating":0,"private":0,"password":""}