{"id":"gen9anythinggoes-1993220353","p1":"xiaotwo","p2":"lytienhung","format":"[Gen 9] Anything Goes","log":"|j|\u2606xiaotwo\n|j|\u2606lytienhung\n|t:|1700279838\n|gametype|singles\n|player|p1|xiaotwo|hilbert-wonderlauncher|1297\n|player|p2|lytienhung|dawn|1179\n|teamsize|p1|6\n|teamsize|p2|6\n|gen|9\n|tier|[Gen 9] Anything Goes\n|rated|\n|rule|HP Percentage Mod: HP is shown in percentages\n|rule|Endless Battle Clause: Forcing endless battles is banned\n|clearpoke\n|poke|p1|Miraidon|\n|poke|p1|Iron Hands|\n|poke|p1|Iron Bundle|\n|poke|p1|Iron Moth|\n|poke|p1|Iron Valiant|\n|poke|p1|Iron Treads|\n|poke|p2|Pelipper, M|\n|poke|p2|Kyogre|\n|poke|p2|Gliscor, F|\n|poke|p2|Ribombee, M|\n|poke|p2|Zapdos|\n|poke|p2|Palkia-Origin|\n|teampreview\n|inactive|Battle timer is ON: inactive players will automatically lose when time's up. (requested by lytienhung)\n|\n|t:|1700279850\n|start\n|switch|p1a: Miraidon|Miraidon|100\/100\n|switch|p2a: Gliscor|Gliscor, F|100\/100\n|-fieldstart|move: Electric Terrain|[from] ability: Hadron Engine|[of] p1a: Miraidon\n|turn|1\n|\n|t:|1700279867\n|switch|p1a: Iron Bundle|Iron Bundle|100\/100\n|-activate|p1a: Iron Bundle|ability: Quark Drive\n|-start|p1a: Iron Bundle|quarkdrivespa\n|move|p2a: Gliscor|Toxic|p1a: Iron Bundle\n|-status|p1a: Iron Bundle|tox\n|\n|-damage|p1a: Iron Bundle|95\/100 tox|[from] psn\n|-status|p2a: Gliscor|tox|[from] item: Toxic Orb\n|upkeep\n|turn|2\n|\n|t:|1700279876\n|move|p2a: Gliscor|Protect|p2a: Gliscor\n|-singleturn|p2a: Gliscor|Protect\n|move|p1a: Iron Bundle|Hydro Pump|p2a: Gliscor\n|-activate|p2a: Gliscor|move: Protect\n|\n|-damage|p1a: Iron Bundle|83\/100 tox|[from] psn\n|upkeep\n|turn|3\n|\n|t:|1700279904\n|switch|p2a: Palkia|Palkia-Origin|100\/100\n|-ability|p2a: Palkia|Pressure\n|move|p1a: Iron Bundle|Hydro Pump|p2a: Palkia|[miss]\n|-miss|p1a: Iron Bundle|p2a: Palkia\n|\n|-damage|p1a: Iron Bundle|65\/100 tox|[from] psn\n|upkeep\n|turn|4\n|\n|t:|1700279921\n|-end|p1a: Iron Bundle|Quark Drive|[silent]\n|switch|p1a: Iron Treads|Iron Treads|100\/100\n|-activate|p1a: Iron Treads|ability: Quark Drive\n|-start|p1a: Iron Treads|quarkdrivespe\n|move|p2a: Palkia|Surf|p1a: Iron Treads\n|-supereffective|p1a: Iron Treads\n|-enditem|p1a: Iron Treads|Focus Sash\n|-damage|p1a: Iron Treads|1\/100\n|\n|upkeep\n|turn|5\n|\n|t:|1700279931\n|move|p1a: Iron Treads|Stealth Rock|p2a: Palkia\n|-sidestart|p2: lytienhung|move: Stealth Rock\n|move|p2a: Palkia|Surf|p1a: Iron Treads\n|-supereffective|p1a: Iron Treads\n|-damage|p1a: Iron Treads|0 fnt\n|faint|p1a: Iron Treads\n|-end|p1a: Iron Treads|Quark Drive|[silent]\n|\n|-fieldend|move: Electric Terrain\n|upkeep\n|\n|t:|1700279936\n|switch|p1a: Miraidon|Miraidon|100\/100\n|-fieldstart|move: Electric Terrain|[from] ability: Hadron Engine|[of] p1a: Miraidon\n|turn|6\n|\n|t:|1700279944\n|switch|p2a: Gliscor|Gliscor, F|100\/100 tox\n|-damage|p2a: Gliscor|88\/100 tox|[from] Stealth Rock\n|move|p1a: Miraidon|Draco Meteor|p2a: Gliscor\n|-crit|p2a: Gliscor\n|-damage|p2a: Gliscor|0 fnt\n|-unboost|p1a: Miraidon|spa|2\n|faint|p2a: Gliscor\n|\n|upkeep\n|\n|t:|1700279953\n|switch|p2a: Palkia|Palkia-Origin|100\/100\n|-damage|p2a: Palkia|88\/100|[from] Stealth Rock\n|-ability|p2a: Palkia|Pressure\n|turn|7\n|\n|t:|1700279959\n|switch|p1a: Iron Valiant|Iron Valiant|100\/100\n|-activate|p1a: Iron Valiant|ability: Quark Drive\n|-start|p1a: Iron Valiant|quarkdriveatk\n|move|p2a: Palkia|Earth Power|p1a: Iron Valiant\n|-crit|p1a: Iron Valiant\n|-damage|p1a: Iron Valiant|0 fnt\n|faint|p1a: Iron Valiant\n|-end|p1a: Iron Valiant|Quark Drive|[silent]\n|\n|upkeep\n|\n|t:|1700279968\n|switch|p1a: Iron Bundle|Iron Bundle|65\/100 tox\n|-activate|p1a: Iron Bundle|ability: Quark Drive\n|-start|p1a: Iron Bundle|quarkdrivespa\n|turn|8\n|\n|t:|1700279978\n|switch|p2a: Ribombee|Ribombee, M|100\/100\n|-damage|p2a: Ribombee|75\/100|[from] Stealth Rock\n|move|p1a: Iron Bundle|Freeze-Dry|p2a: Ribombee\n|-damage|p2a: Ribombee|0 fnt\n|faint|p2a: Ribombee\n|\n|-damage|p1a: Iron Bundle|59\/100 tox|[from] psn\n|upkeep\n|\n|t:|1700279988\n|switch|p2a: Pelipper|Pelipper, M, shiny|100\/100\n|-damage|p2a: Pelipper|76\/100|[from] Stealth Rock\n|-weather|RainDance|[from] ability: Drizzle|[of] p2a: Pelipper\n|turn|9\n|\n|t:|1700280000\n|move|p1a: Iron Bundle|Freeze-Dry|p2a: Pelipper\n|-supereffective|p2a: Pelipper\n|-damage|p2a: Pelipper|0 fnt\n|faint|p2a: Pelipper\n|\n|-weather|RainDance|[upkeep]\n|-damage|p1a: Iron Bundle|47\/100 tox|[from] psn\n|upkeep\n|\n|t:|1700280007\n|switch|p2a: Zapdos|Zapdos|100\/100\n|-damage|p2a: Zapdos|76\/100|[from] Stealth Rock\n|turn|10\n|\n|t:|1700280016\n|move|p1a: Iron Bundle|Freeze-Dry|p2a: Zapdos\n|-supereffective|p2a: Zapdos\n|-damage|p2a: Zapdos|0 fnt\n|faint|p2a: Zapdos\n|\n|-weather|RainDance|[upkeep]\n|-damage|p1a: Iron Bundle|30\/100 tox|[from] psn\n|-fieldend|move: Electric Terrain\n|-end|p1a: Iron Bundle|Quark Drive\n|upkeep\n|\n|t:|1700280024\n|switch|p2a: Palkia|Palkia-Origin|88\/100\n|-damage|p2a: Palkia|76\/100|[from] Stealth Rock\n|-ability|p2a: Palkia|Pressure\n|turn|11\n|\n|t:|1700280031\n|move|p1a: Iron Bundle|Freeze-Dry|p2a: Palkia\n|-supereffective|p2a: Palkia\n|-damage|p2a: Palkia|0 fnt\n|faint|p2a: Palkia\n|\n|-weather|RainDance|[upkeep]\n|-damage|p1a: Iron Bundle|6\/100 tox|[from] psn\n|upkeep\n|\n|t:|1700280038\n|switch|p2a: Kyogre|Kyogre, shiny|100\/100\n|-damage|p2a: Kyogre|88\/100|[from] Stealth Rock\n|turn|12\n|\n|t:|1700280042\n|move|p1a: Iron Bundle|Freeze-Dry|p2a: Kyogre\n|-supereffective|p2a: Kyogre\n|-damage|p2a: Kyogre|0 fnt\n|faint|p2a: Kyogre\n|\n|win|xiaotwo\n|raw|xiaotwo's rating: 1297 &rarr; <strong>1314<\/strong><br \/>(+17 for winning)\n|raw|lytienhung's rating: 1179 &rarr; <strong>1162<\/strong><br \/>(-17 for losing)\n|l|\u2606lytienhung\n","uploadtime":1700280053,"views":10,"p1id":"xiaotwo","p2id":"lytienhung","formatid":"gen9anythinggoes","rating":1162,"private":0,"password":""}