{"id":"gen9anythinggoes-1995368474","p1":"Khryce","p2":"Dream28","format":"[Gen 9] Anything Goes","log":"|j|\u2606Khryce\n|j|\u2606Dream28\n|t:|1700561022\n|gametype|singles\n|player|p1|Khryce|preschooler|1238\n|player|p2|Dream28|red|1188\n|teamsize|p1|6\n|teamsize|p2|6\n|gen|9\n|tier|[Gen 9] Anything Goes\n|rated|\n|rule|HP Percentage Mod: HP is shown in percentages\n|rule|Endless Battle Clause: Forcing endless battles is banned\n|clearpoke\n|poke|p1|Cinderace, F|\n|poke|p1|Mandibuzz, F|\n|poke|p1|Mudsdale, M|\n|poke|p1|Gholdengo|\n|poke|p1|Kommo-o, M|\n|poke|p1|Clefable, F|\n|poke|p2|Zacian-*|\n|poke|p2|Lucario, F|\n|poke|p2|Zoroark-Hisui, M|\n|poke|p2|Zamazenta-*|\n|poke|p2|Arceus-Poison|\n|poke|p2|Zacian-*|\n|teampreview\n|inactive|Battle timer is ON: inactive players will automatically lose when time's up. (requested by Khryce)\n|\n|t:|1700561039\n|start\n|switch|p1a: Mandibuzz|Mandibuzz, F|100\/100\n|switch|p2a: Ronaldo|Zacian-Crowned, shiny|100\/100\n|-ability|p2a: Ronaldo|Intrepid Sword|boost\n|-boost|p2a: Ronaldo|atk|1\n|turn|1\n|\n|t:|1700561054\n|switch|p1a: Gholdengo|Gholdengo|100\/100\n|move|p2a: Ronaldo|Behemoth Blade|p1a: Gholdengo\n|-resisted|p1a: Gholdengo\n|-damage|p1a: Gholdengo|59\/100\n|\n|-heal|p1a: Gholdengo|65\/100|[from] item: Leftovers\n|upkeep\n|turn|2\n|\n|t:|1700561065\n|move|p2a: Ronaldo|Behemoth Blade|p1a: Gholdengo\n|-resisted|p1a: Gholdengo\n|-damage|p1a: Gholdengo|26\/100\n|move|p1a: Gholdengo|Thunder|p2a: Ronaldo\n|-damage|p2a: Ronaldo|65\/100\n|\n|-heal|p1a: Gholdengo|32\/100|[from] item: Leftovers\n|upkeep\n|turn|3\n|\n|t:|1700561079\n|move|p2a: Ronaldo|Behemoth Blade|p1a: Gholdengo\n|-resisted|p1a: Gholdengo\n|-damage|p1a: Gholdengo|0 fnt\n|faint|p1a: Gholdengo\n|\n|upkeep\n|\n|t:|1700561084\n|switch|p1a: Mandibuzz|Mandibuzz, F|100\/100\n|turn|4\n|\n|t:|1700561088\n|move|p2a: Ronaldo|Behemoth Blade|p1a: Mandibuzz\n|-damage|p1a: Mandibuzz|43\/100\n|move|p1a: Mandibuzz|Whirlwind|p2a: Ronaldo\n|drag|p2a: messi bodyguard|Zacian-Crowned|100\/100\n|\n|upkeep\n|turn|5\n|\n|t:|1700561102\n|move|p2a: messi bodyguard|Shadow Claw|p1a: Mandibuzz\n|-resisted|p1a: Mandibuzz\n|-damage|p1a: Mandibuzz|33\/100\n|move|p1a: Mandibuzz|Roost|p1a: Mandibuzz\n|-heal|p1a: Mandibuzz|83\/100\n|-singleturn|p1a: Mandibuzz|move: Roost\n|\n|upkeep\n|turn|6\n|\n|t:|1700561116\n|switch|p1a: Mudsdale|Mudsdale, M|100\/100\n|move|p2a: messi bodyguard|Flamethrower|p1a: Mudsdale\n|-damage|p1a: Mudsdale|75\/100\n|-ability|p1a: Mudsdale|Stamina|boost\n|-boost|p1a: Mudsdale|def|1\n|\n|upkeep\n|turn|7\n|\n|t:|1700561129\n|move|p2a: messi bodyguard|Shadow Claw|p1a: Mudsdale\n|-crit|p1a: Mudsdale\n|-damage|p1a: Mudsdale|36\/100\n|-damage|p2a: messi bodyguard|84\/100|[from] item: Rocky Helmet|[of] p1a: Mudsdale\n|-ability|p1a: Mudsdale|Stamina|boost\n|-boost|p1a: Mudsdale|def|1\n|move|p1a: Mudsdale|High Horsepower|p2a: messi bodyguard\n|-damage|p2a: messi bodyguard|1\/100\n|replace|p2a: shadow claws|Zoroark-Hisui, M, shiny\n|-end|p2a: shadow claws|Illusion\n|\n|-heal|p2a: shadow claws|7\/100|[from] item: Leftovers\n|upkeep\n|turn|8\n|\n|t:|1700561141\n|move|p2a: shadow claws|Shadow Claw|p1a: Mudsdale\n|-damage|p1a: Mudsdale|23\/100\n|-damage|p2a: shadow claws|0 fnt|[from] item: Rocky Helmet|[of] p1a: Mudsdale\n|-ability|p1a: Mudsdale|Stamina|boost\n|-boost|p1a: Mudsdale|def|1\n|faint|p2a: shadow claws\n|move|p1a: Mudsdale|Rest|p1a: Mudsdale\n|-status|p1a: Mudsdale|slp|[from] move: Rest\n|-heal|p1a: Mudsdale|100\/100 slp|[silent]\n|\n|upkeep\n|\n|t:|1700561154\n|switch|p2a: rio|Lucario, F|100\/100\n|turn|9\n|\n|t:|1700561158\n|move|p2a: rio|Close Combat|p1a: Mudsdale\n|-damage|p1a: Mudsdale|84\/100 slp\n|-unboost|p2a: rio|def|1\n|-unboost|p2a: rio|spd|1\n|-damage|p2a: rio|84\/100|[from] item: Rocky Helmet|[of] p1a: Mudsdale\n|-ability|p1a: Mudsdale|Stamina|boost\n|-boost|p1a: Mudsdale|def|1\n|cant|p1a: Mudsdale|slp\n|\n|-heal|p2a: rio|90\/100|[from] item: Leftovers\n|upkeep\n|turn|10\n|\n|t:|1700561169\n|move|p2a: rio|Earthquake|p1a: Mudsdale\n|-damage|p1a: Mudsdale|76\/100 slp\n|-ability|p1a: Mudsdale|Stamina|boost\n|-boost|p1a: Mudsdale|def|1\n|cant|p1a: Mudsdale|slp\n|\n|-heal|p2a: rio|96\/100|[from] item: Leftovers\n|upkeep\n|turn|11\n|\n|t:|1700561180\n|move|p2a: rio|Aura Sphere|p1a: Mudsdale\n|-damage|p1a: Mudsdale|44\/100 slp\n|-ability|p1a: Mudsdale|Stamina|boost\n|-boost|p1a: Mudsdale|def|1\n|-curestatus|p1a: Mudsdale|slp|[msg]\n|move|p1a: Mudsdale|High Horsepower|p2a: rio\n|-supereffective|p2a: rio\n|-damage|p2a: rio|0 fnt\n|faint|p2a: rio\n|\n|upkeep\n|\n|t:|1700561190\n|switch|p2a: he protec|Zamazenta-Crowned|100\/100\n|-ability|p2a: he protec|Dauntless Shield|boost\n|-boost|p2a: he protec|def|1\n|turn|12\n|\n|t:|1700561197\n|move|p2a: he protec|Behemoth Bash|p1a: Mudsdale\n|-damage|p1a: Mudsdale|34\/100\n|-damage|p2a: he protec|84\/100|[from] item: Rocky Helmet|[of] p1a: Mudsdale\n|move|p1a: Mudsdale|Rest|p1a: Mudsdale\n|-status|p1a: Mudsdale|slp|[from] move: Rest\n|-heal|p1a: Mudsdale|100\/100 slp|[silent]\n|\n|upkeep\n|turn|13\n|\n|t:|1700561206\n|move|p2a: he protec|Close Combat|p1a: Mudsdale\n|-damage|p1a: Mudsdale|86\/100 slp\n|-unboost|p2a: he protec|def|1\n|-unboost|p2a: he protec|spd|1\n|-damage|p2a: he protec|68\/100|[from] item: Rocky Helmet|[of] p1a: Mudsdale\n|cant|p1a: Mudsdale|slp\n|\n|upkeep\n|turn|14\n|c|\u2606Dream28|bro stop\n|\n|t:|1700561218\n|move|p2a: he protec|Iron Defense|p2a: he protec\n|-boost|p2a: he protec|def|2\n|cant|p1a: Mudsdale|slp\n|\n|upkeep\n|turn|15\n|\n|t:|1700561226\n|move|p2a: he protec|Iron Defense|p2a: he protec\n|-boost|p2a: he protec|def|2\n|-curestatus|p1a: Mudsdale|slp|[msg]\n|move|p1a: Mudsdale|Body Press|p2a: he protec\n|-supereffective|p2a: he protec\n|-damage|p2a: he protec|35\/100\n|\n|upkeep\n|turn|16\n|\n|t:|1700561234\n|move|p2a: he protec|Iron Defense|p2a: he protec\n|-boost|p2a: he protec|def|2\n|move|p1a: Mudsdale|Body Press|p2a: he protec\n|-supereffective|p2a: he protec\n|-damage|p2a: he protec|10\/100\n|\n|upkeep\n|turn|17\n|\n|t:|1700561240\n|move|p2a: he protec|Iron Defense|p2a: he protec\n|-boost|p2a: he protec|def|0\n|move|p1a: Mudsdale|Body Press|p2a: he protec\n|-supereffective|p2a: he protec\n|-damage|p2a: he protec|0 fnt\n|faint|p2a: he protec\n|\n|upkeep\n|\n|t:|1700561248\n|switch|p2a: Ronaldo|Zacian-Crowned, shiny|65\/100\n|turn|18\n|j| p74\n|\n|t:|1700561252\n|move|p2a: Ronaldo|Behemoth Blade|p1a: Mudsdale\n|-damage|p1a: Mudsdale|75\/100\n|-damage|p2a: Ronaldo|49\/100|[from] item: Rocky Helmet|[of] p1a: Mudsdale\n|move|p1a: Mudsdale|High Horsepower|p2a: Ronaldo\n|-supereffective|p2a: Ronaldo\n|-damage|p2a: Ronaldo|0 fnt\n|faint|p2a: Ronaldo\n|\n|upkeep\n|-message|Dream28 forfeited.\n|\n|win|Khryce\n|raw|Khryce's rating: 1238 &rarr; <strong>1259<\/strong><br \/>(+21 for winning)\n|raw|Dream28's rating: 1188 &rarr; <strong>1167<\/strong><br \/>(-21 for losing)\n|l|\u2606Dream28\n|l|\u2606Khryce\n","uploadtime":1700561262,"views":13,"p1id":"khryce","p2id":"dream28","formatid":"gen9anythinggoes","rating":1167,"private":0,"password":""}