{"id":"gen9anythinggoes-1978890797","p1":"jacaremaluco","p2":"SacredSale","format":"[Gen 9] Anything Goes","log":"|j|\u2606jacaremaluco\n|j|\u2606SacredSale\n|t:|1698607066\n|gametype|singles\n|player|p1|jacaremaluco|101|1079\n|player|p2|SacredSale|lance|1043\n|teamsize|p1|6\n|teamsize|p2|3\n|gen|9\n|tier|[Gen 9] Anything Goes\n|rated|\n|rule|HP Percentage Mod: HP is shown in percentages\n|rule|Endless Battle Clause: Forcing endless battles is banned\n|clearpoke\n|poke|p1|Dipplin, M|\n|poke|p1|Slowking, F|\n|poke|p1|Gengar, M|\n|poke|p1|Bisharp, M|\n|poke|p1|Garchomp, M|\n|poke|p1|Heracross, M|\n|poke|p2|Ursaluna-Bloodmoon, M|\n|poke|p2|Meowscarada, M|\n|poke|p2|Alomomola, M|\n|teampreview\n|\n|t:|1698607079\n|start\n|switch|p1a: Slowking|Slowking, F|100\/100\n|switch|p2a: Meowscarada|Meowscarada, M|100\/100\n|turn|1\n|c|\u2606SacredSale|hey there\n|\n|t:|1698607092\n|switch|p1a: Gengar|Gengar, M|100\/100\n|move|p2a: Meowscarada|Trailblaze|p1a: Gengar\n|-resisted|p1a: Gengar\n|-damage|p1a: Gengar|75\/100\n|-boost|p2a: Meowscarada|spe|1\n|-start|p2a: Meowscarada|Disable|Trailblaze|[from] ability: Cursed Body|[of] p1a: Gengar\n|\n|upkeep\n|turn|2\n|\n|t:|1698607103\n|move|p2a: Meowscarada|Knock Off|p1a: Gengar\n|-supereffective|p1a: Gengar\n|-damage|p1a: Gengar|0 fnt\n|-enditem|p1a: Gengar|Salac Berry|[from] move: Knock Off|[of] p2a: Meowscarada\n|faint|p1a: Gengar\n|\n|upkeep\n|\n|t:|1698607117\n|switch|p1a: Heracross|Heracross, M|100\/100\n|turn|3\n|\n|t:|1698607127\n|move|p2a: Meowscarada|Flower Trick|p1a: Heracross\n|-resisted|p1a: Heracross\n|-crit|p1a: Heracross\n|-damage|p1a: Heracross|65\/100\n|move|p1a: Heracross|Focus Blast|p2a: Meowscarada|[miss]\n|-miss|p1a: Heracross|p2a: Meowscarada\n|\n|upkeep\n|turn|4\n|\n|t:|1698607135\n|move|p2a: Meowscarada|Knock Off|p1a: Heracross\n|-resisted|p1a: Heracross\n|-damage|p1a: Heracross|28\/100\n|-damage|p2a: Meowscarada|84\/100|[from] item: Rocky Helmet|[of] p1a: Heracross\n|-enditem|p1a: Heracross|Rocky Helmet|[from] move: Knock Off|[of] p2a: Meowscarada\n|move|p1a: Heracross|Focus Blast|p2a: Meowscarada|[miss]\n|-miss|p1a: Heracross|p2a: Meowscarada\n|\n|-end|p2a: Meowscarada|Disable\n|upkeep\n|turn|5\n|\n|t:|1698607150\n|move|p2a: Meowscarada|Flower Trick|p1a: Heracross\n|-resisted|p1a: Heracross\n|-crit|p1a: Heracross\n|-damage|p1a: Heracross|0 fnt\n|faint|p1a: Heracross\n|\n|upkeep\n|\n|t:|1698607171\n|switch|p1a: Dipplin|Dipplin, M|100\/100\n|-ability|p1a: Dipplin|Supersweet Syrup\n|-ability|p1a: Dipplin|Supersweet Syrup|boost\n|-unboost|p2a: Meowscarada|evasion|1\n|turn|6\n|\n|t:|1698607181\n|move|p2a: Meowscarada|Knock Off|p1a: Dipplin\n|-damage|p1a: Dipplin|51\/100\n|-enditem|p1a: Dipplin|Aguav Berry|[from] move: Knock Off|[of] p2a: Meowscarada\n|move|p1a: Dipplin|Substitute|p1a: Dipplin\n|-start|p1a: Dipplin|Substitute\n|-damage|p1a: Dipplin|26\/100\n|\n|upkeep\n|turn|7\n|\n|t:|1698607188\n|move|p2a: Meowscarada|Giga Drain|p1a: Dipplin\n|-resisted|p1a: Dipplin\n|-activate|p1a: Dipplin|move: Substitute|[damage]\n|-heal|p2a: Meowscarada|88\/100|[from] drain|[of] p1a: Dipplin\n|move|p1a: Dipplin|Dragon Tail|p2a: Meowscarada\n|-damage|p2a: Meowscarada|56\/100\n|drag|p2a: Ursaluna|Ursaluna-Bloodmoon, M|100\/100\n|\n|upkeep\n|turn|8\n|\n|t:|1698607203\n|move|p2a: Ursaluna|Calm Mind|p2a: Ursaluna\n|-boost|p2a: Ursaluna|spa|1\n|-boost|p2a: Ursaluna|spd|1\n|move|p1a: Dipplin|Giga Drain|p2a: Ursaluna\n|-supereffective|p2a: Ursaluna\n|-damage|p2a: Ursaluna|71\/100\n|-heal|p1a: Dipplin|45\/100|[from] drain|[of] p2a: Ursaluna\n|\n|upkeep\n|turn|9\n|-activate|p2a: Ursaluna|item: Quick Claw\n|\n|t:|1698607214\n|move|p2a: Ursaluna|Earth Power|p1a: Dipplin\n|-resisted|p1a: Dipplin\n|-end|p1a: Dipplin|Substitute\n|move|p1a: Dipplin|Dragon Tail|p2a: Ursaluna\n|-damage|p2a: Ursaluna|57\/100\n|drag|p2a: Meowscarada|Meowscarada, M|56\/100\n|\n|upkeep\n|turn|10\n|\n|t:|1698607226\n|move|p2a: Meowscarada|Flower Trick|p1a: Dipplin\n|-resisted|p1a: Dipplin\n|-crit|p1a: Dipplin\n|-damage|p1a: Dipplin|32\/100\n|move|p1a: Dipplin|Substitute|p1a: Dipplin\n|-start|p1a: Dipplin|Substitute\n|-damage|p1a: Dipplin|7\/100\n|\n|upkeep\n|turn|11\n|\n|t:|1698607234\n|move|p2a: Meowscarada|Knock Off|p1a: Dipplin\n|-end|p1a: Dipplin|Substitute\n|move|p1a: Dipplin|Recover|p1a: Dipplin\n|-heal|p1a: Dipplin|57\/100\n|\n|upkeep\n|turn|12\n|\n|t:|1698607241\n|move|p2a: Meowscarada|Knock Off|p1a: Dipplin\n|-damage|p1a: Dipplin|21\/100\n|move|p1a: Dipplin|Recover|p1a: Dipplin\n|-heal|p1a: Dipplin|71\/100\n|\n|upkeep\n|turn|13\n|\n|t:|1698607249\n|move|p2a: Meowscarada|Knock Off|p1a: Dipplin\n|-damage|p1a: Dipplin|35\/100\n|move|p1a: Dipplin|Giga Drain|p2a: Meowscarada\n|-resisted|p2a: Meowscarada\n|-damage|p2a: Meowscarada|36\/100\n|-heal|p1a: Dipplin|45\/100|[from] drain|[of] p2a: Meowscarada\n|\n|upkeep\n|turn|14\n|\n|t:|1698607256\n|move|p2a: Meowscarada|Knock Off|p1a: Dipplin\n|-damage|p1a: Dipplin|8\/100\n|move|p1a: Dipplin|Dragon Tail|p2a: Meowscarada\n|-damage|p2a: Meowscarada|5\/100\n|drag|p2a: Ursaluna|Ursaluna-Bloodmoon, M|57\/100\n|\n|upkeep\n|turn|15\n|\n|t:|1698607266\n|move|p2a: Ursaluna|Hyper Voice|p1a: Dipplin\n|-damage|p1a: Dipplin|0 fnt\n|faint|p1a: Dipplin\n|\n|upkeep\n|\n|t:|1698607278\n|switch|p1a: Bisharp|Bisharp, M|100\/100\n|turn|16\n|\n|t:|1698607283\n|move|p1a: Bisharp|Low Kick|p2a: Ursaluna\n|-supereffective|p2a: Ursaluna\n|-damage|p2a: Ursaluna|4\/100\n|move|p2a: Ursaluna|Blood Moon|p1a: Bisharp\n|-resisted|p1a: Bisharp\n|-damage|p1a: Bisharp|32\/100\n|\n|-heal|p1a: Bisharp|38\/100|[from] item: Leftovers\n|upkeep\n|turn|17\n|\n|t:|1698607293\n|switch|p2a: Alomomola|Alomomola, M|100\/100\n|move|p1a: Bisharp|Low Kick|p2a: Alomomola\n|-damage|p2a: Alomomola|86\/100\n|\n|-heal|p1a: Bisharp|44\/100|[from] item: Leftovers\n|upkeep\n|turn|18\n|\n|t:|1698607310\n|switch|p1a: Slowking|Slowking, F|100\/100\n|move|p2a: Alomomola|Wish|p2a: Alomomola\n|\n|upkeep\n|turn|19\n|\n|t:|1698607319\n|move|p2a: Alomomola|Flip Turn|p1a: Slowking\n|-resisted|p1a: Slowking\n|-damage|p1a: Slowking|91\/100\n|\n|t:|1698607330\n|switch|p2a: Ursaluna|Ursaluna-Bloodmoon, M|4\/100|[from] Flip Turn\n|move|p1a: Slowking|Substitute|p1a: Slowking\n|-start|p1a: Slowking|Substitute\n|-damage|p1a: Slowking|66\/100\n|\n|-heal|p2a: Ursaluna|72\/100|[from] move: Wish|[wisher] Alomomola\n|-heal|p1a: Slowking|72\/100|[from] item: Leftovers\n|upkeep\n|turn|20\n|\n|t:|1698607341\n|move|p2a: Ursaluna|Hyper Voice|p1a: Slowking\n|-damage|p1a: Slowking|19\/100\n|move|p1a: Slowking|Calm Mind|p1a: Slowking\n|-boost|p1a: Slowking|spa|1\n|-boost|p1a: Slowking|spd|1\n|\n|-heal|p1a: Slowking|25\/100|[from] item: Leftovers\n|upkeep\n|turn|21\n|-activate|p2a: Ursaluna|item: Quick Claw\n|\n|t:|1698607360\n|switch|p1a: Garchomp|Garchomp, M|100\/100\n|move|p2a: Ursaluna|Blood Moon|p1a: Garchomp\n|-damage|p1a: Garchomp|15\/100\n|\n|upkeep\n|turn|22\n|\n|t:|1698607371\n|-terastallize|p2a: Ursaluna|Normal\n|move|p1a: Garchomp|Crunch|p2a: Ursaluna\n|-damage|p2a: Ursaluna|52\/100\n|move|p2a: Ursaluna|Hyper Voice|p1a: Garchomp\n|-damage|p1a: Garchomp|0 fnt\n|faint|p1a: Garchomp\n|\n|upkeep\n|\n|t:|1698607381\n|switch|p1a: Bisharp|Bisharp, M|44\/100\n|turn|23\n|\n|t:|1698607387\n|move|p1a: Bisharp|Low Kick|p2a: Ursaluna\n|-supereffective|p2a: Ursaluna\n|-damage|p2a: Ursaluna|0 fnt\n|faint|p2a: Ursaluna\n|\n|-heal|p1a: Bisharp|50\/100|[from] item: Leftovers\n|upkeep\n|\n|t:|1698607395\n|switch|p2a: Meowscarada|Meowscarada, M|5\/100\n|turn|24\n|\n|t:|1698607408\n|move|p2a: Meowscarada|Flower Trick|p1a: Bisharp\n|-resisted|p1a: Bisharp\n|-crit|p1a: Bisharp\n|-damage|p1a: Bisharp|0 fnt\n|faint|p1a: Bisharp\n|\n|upkeep\n|\n|t:|1698607414\n|switch|p1a: Slowking|Slowking, F|25\/100\n|turn|25\n|\n|t:|1698607419\n|move|p2a: Meowscarada|Flower Trick|p1a: Slowking\n|-supereffective|p1a: Slowking\n|-crit|p1a: Slowking\n|-damage|p1a: Slowking|0 fnt\n|faint|p1a: Slowking\n|\n|win|SacredSale\n|raw|jacaremaluco's rating: 1079 &rarr; <strong>1055<\/strong><br \/>(-24 for losing)\n|raw|SacredSale's rating: 1043 &rarr; <strong>1080<\/strong><br \/>(+37 for winning)\n|l|\u2606jacaremaluco\n|c|\u2606SacredSale|yes1\n","uploadtime":1698607512,"views":11,"p1id":"jacaremaluco","p2id":"sacredsale","formatid":"gen9anythinggoes","rating":1055,"private":0,"password":""}