{"id":"gen9anythinggoes-1988765105","p1":"Rayth22","p2":"Janitoor","format":"[Gen 9] Anything Goes","log":"|j|\u2606Rayth22\n|j|\u2606Janitoor\n|t:|1699760229\n|gametype|singles\n|player|p1|Rayth22|wallace|\n|player|p2|Janitoor|tuber-gen6|\n|teamsize|p1|6\n|teamsize|p2|6\n|gen|9\n|tier|[Gen 9] Anything Goes\n|rule|HP Percentage Mod: HP is shown in percentages\n|rule|Endless Battle Clause: Forcing endless battles is banned\n|clearpoke\n|poke|p1|Tornadus-Therian, M|\n|poke|p1|Zapdos|\n|poke|p1|Greninja-*, M|\n|poke|p1|Ogerpon, F|\n|poke|p1|Walking Wake|\n|poke|p1|Garchomp, F|\n|poke|p2|Roaring Moon|\n|poke|p2|Calyrex-Shadow|\n|poke|p2|Miraidon|\n|poke|p2|Chien-Pao|\n|poke|p2|Flutter Mane|\n|poke|p2|Gastrodon, F|\n|teampreview\n|c|\u2606Janitoor|glhf!\n|\n|t:|1699760244\n|start\n|switch|p1a: Garchomp|Garchomp, F|100\/100\n|switch|p2a: Gastrodon|Gastrodon, F|100\/100\n|turn|1\n|\n|t:|1699760304\n|move|p2a: Gastrodon|Yawn|p1a: Garchomp\n|-start|p1a: Garchomp|move: Yawn|[of] p2a: Gastrodon\n|move|p1a: Garchomp|Dragon Tail|p2a: Gastrodon\n|-damage|p2a: Gastrodon|61\/100\n|drag|p2a: Chien-Pao|Chien-Pao|100\/100\n|-ability|p2a: Chien-Pao|Sword of Ruin\n|\n|upkeep\n|turn|2\n|\n|t:|1699760320\n|switch|p2a: Flutter Mane|Flutter Mane|100\/100\n|-enditem|p2a: Flutter Mane|Booster Energy\n|-activate|p2a: Flutter Mane|ability: Protosynthesis|[fromitem]\n|-start|p2a: Flutter Mane|protosynthesisspe\n|move|p1a: Garchomp|Swords Dance|p1a: Garchomp\n|-boost|p1a: Garchomp|atk|2\n|\n|-end|p1a: Garchomp|move: Yawn|[silent]\n|-status|p1a: Garchomp|slp\n|upkeep\n|turn|3\n|\n|t:|1699760340\n|switch|p1a: Zapdos|Zapdos|100\/100\n|move|p2a: Flutter Mane|Moonblast|p1a: Zapdos\n|-damage|p1a: Zapdos|41\/100\n|\n|upkeep\n|turn|4\n|\n|t:|1699760355\n|move|p2a: Flutter Mane|Moonblast|p1a: Zapdos\n|-damage|p1a: Zapdos|0 fnt\n|faint|p1a: Zapdos\n|\n|upkeep\n|\n|t:|1699760385\n|switch|p1a: Garchomp|Garchomp, F|100\/100 slp\n|turn|5\n|\n|t:|1699760389\n|move|p2a: Flutter Mane|Moonblast|p1a: Garchomp\n|-supereffective|p1a: Garchomp\n|-damage|p1a: Garchomp|0 fnt\n|faint|p1a: Garchomp\n|\n|upkeep\n|\n|t:|1699760413\n|switch|p1a: Tornadus|Tornadus-Therian, M, shiny|100\/100\n|turn|6\n|\n|t:|1699760424\n|move|p2a: Flutter Mane|Thunderbolt|p1a: Tornadus\n|-supereffective|p1a: Tornadus\n|-damage|p1a: Tornadus|25\/100\n|move|p1a: Tornadus|Brick Break|p2a: Flutter Mane\n|-immune|p2a: Flutter Mane\n|\n|-heal|p1a: Tornadus|31\/100|[from] item: Leftovers\n|upkeep\n|turn|7\n|\n|t:|1699760432\n|move|p2a: Flutter Mane|Thunderbolt|p1a: Tornadus\n|-supereffective|p1a: Tornadus\n|-damage|p1a: Tornadus|0 fnt\n|faint|p1a: Tornadus\n|\n|upkeep\n|c|\u2606Janitoor|it's part ghost type\n|c|\u2606Janitoor|also physical tornadus?\n|\n|t:|1699760450\n|switch|p1a: Greninja|Greninja, M|100\/100\n|turn|8\n|\n|t:|1699760459\n|move|p2a: Flutter Mane|Moonblast|p1a: Greninja\n|-supereffective|p1a: Greninja\n|-damage|p1a: Greninja|0 fnt\n|faint|p1a: Greninja\n|\n|upkeep\n|\n|t:|1699760465\n|switch|p1a: Ogerpon|Ogerpon, F|100\/100\n|turn|9\n|\n|t:|1699760469\n|move|p2a: Flutter Mane|Moonblast|p1a: Ogerpon\n|-damage|p1a: Ogerpon|38\/100\n|move|p1a: Ogerpon|Counter||[still]\n|-fail|p1a: Ogerpon\n|\n|-heal|p1a: Ogerpon|44\/100|[from] item: Leftovers\n|upkeep\n|turn|10\n|\n|t:|1699760477\n|move|p2a: Flutter Mane|Moonblast|p1a: Ogerpon\n|-damage|p1a: Ogerpon|0 fnt\n|faint|p1a: Ogerpon\n|\n|upkeep\n|c|\u2606Janitoor|moonblast is a special move\n|\n|t:|1699760482\n|switch|p1a: Walking Wake|Walking Wake|100\/100\n|turn|11\n|\n|t:|1699760487\n|move|p2a: Flutter Mane|Moonblast|p1a: Walking Wake\n|-supereffective|p1a: Walking Wake\n|-damage|p1a: Walking Wake|0 fnt\n|faint|p1a: Walking Wake\n|-end|p1a: Walking Wake|Protosynthesis|[silent]\n|\n|win|Janitoor\n|c|\u2606Janitoor|gg wp\n|l|\u2606Rayth22\n","uploadtime":1699760494,"views":5,"p1id":"rayth22","p2id":"janitoor","formatid":"gen9anythinggoes","rating":0,"private":0,"password":""}