{"id":"gen9anythinggoes-1975895758","p1":"Primordiallite","p2":"jb291","format":"[Gen 9] Anything Goes","log":"|j|\u2606Primordiallite\n|j|\u2606jb291\n|inactive|Battle timer is ON: inactive players will automatically lose when time's up.\n|t:|1698247350\n|gametype|singles\n|player|p1|Primordiallite|boarder|\n|player|p2|jb291|cyrus-masters|\n|teamsize|p1|6\n|teamsize|p2|6\n|gen|9\n|tier|[Gen 9] Anything Goes\n|rated|Tournament battle\n|rule|HP Percentage Mod: HP is shown in percentages\n|rule|Endless Battle Clause: Forcing endless battles is banned\n|clearpoke\n|poke|p1|Kyogre|\n|poke|p1|Calyrex-Shadow|\n|poke|p1|Koraidon|\n|poke|p1|Landorus-Therian, M|\n|poke|p1|Ting-Lu|\n|poke|p1|Arceus-Ground|\n|poke|p2|Ribombee, F|\n|poke|p2|Calyrex-Shadow|\n|poke|p2|Koraidon|\n|poke|p2|Arceus|\n|poke|p2|Eternatus|\n|poke|p2|Arceus-Ground|\n|teampreview\n|inactive|jb291 also wants the timer to be on.\n|inactive|Primordiallite also wants the timer to be on.\n|j| Dewwm14\n|j| GigaBytes7\n|inactive|Primordiallite has 120 seconds left.\n|\n|t:|1698247388\n|start\n|switch|p1a: Calyrex|Calyrex-Shadow|100\/100\n|switch|p2a: Ribombee|Ribombee, F|100\/100\n|-ability|p1a: Calyrex|As One\n|-ability|p1a: Calyrex|Unnerve\n|turn|1\n|\n|t:|1698247399\n|move|p1a: Calyrex|Psyshock|p2a: Ribombee\n|-damage|p2a: Ribombee|5\/100\n|move|p2a: Ribombee|U-turn|p1a: Calyrex\n|-damage|p1a: Calyrex|84\/100\n|\n|t:|1698247404\n|switch|p2a: Koraidon|Koraidon|100\/100|[from] U-turn\n|-weather|SunnyDay|[from] ability: Orichalcum Pulse|[of] p2a: Koraidon\n|-activate|p2a: Koraidon|Orichalcum Pulse|[source]\n|\n|-weather|SunnyDay|[upkeep]\n|upkeep\n|turn|2\n|l| Dewwm14\n|\n|t:|1698247412\n|switch|p1a: Landorus|Landorus-Therian, M|100\/100\n|-ability|p1a: Landorus|Intimidate|boost\n|-unboost|p2a: Koraidon|atk|1\n|move|p2a: Koraidon|Scale Shot|p1a: Landorus\n|-damage|p1a: Landorus|91\/100\n|-damage|p1a: Landorus|82\/100\n|-damage|p1a: Landorus|73\/100\n|-damage|p1a: Landorus|64\/100\n|-damage|p1a: Landorus|54\/100\n|-hitcount|p1a: Landorus|5\n|-unboost|p2a: Koraidon|def|1\n|-boost|p2a: Koraidon|spe|1\n|\n|-weather|SunnyDay|[upkeep]\n|upkeep\n|turn|3\n|\n|t:|1698247418\n|move|p2a: Koraidon|Swords Dance|p2a: Koraidon\n|-boost|p2a: Koraidon|atk|2\n|move|p1a: Landorus|Earthquake|p2a: Koraidon\n|-crit|p2a: Koraidon\n|-damage|p2a: Koraidon|18\/100\n|\n|-weather|SunnyDay|[upkeep]\n|upkeep\n|turn|4\n|\n|t:|1698247423\n|-terastallize|p1a: Landorus|Fairy\n|move|p2a: Koraidon|Scale Shot|p1a: Landorus\n|-immune|p1a: Landorus\n|move|p1a: Landorus|Stealth Rock|p2a: Koraidon\n|-sidestart|p2: jb291|move: Stealth Rock\n|\n|-weather|SunnyDay|[upkeep]\n|upkeep\n|turn|5\n|j| eavo\n|c| eavo|Sus\n|\n|t:|1698247431\n|switch|p1a: Kyogre|Kyogre|100\/100\n|-weather|RainDance|[from] ability: Drizzle|[of] p1a: Kyogre\n|move|p2a: Koraidon|Flare Blitz|p1a: Kyogre\n|-resisted|p1a: Kyogre\n|-damage|p1a: Kyogre|84\/100\n|-damage|p2a: Koraidon|12\/100|[from] Recoil\n|\n|-weather|RainDance|[upkeep]\n|upkeep\n|turn|6\n|\n|t:|1698247435\n|switch|p1a: Landorus|Landorus-Therian, M, tera:Fairy|54\/100\n|-ability|p1a: Landorus|Intimidate|boost\n|-unboost|p2a: Koraidon|atk|1\n|move|p2a: Koraidon|Scale Shot|p1a: Landorus\n|-immune|p1a: Landorus\n|\n|-weather|RainDance|[upkeep]\n|upkeep\n|turn|7\n|l| GigaBytes7\n|\n|t:|1698247445\n|move|p2a: Koraidon|Low Kick|p1a: Landorus\n|-resisted|p1a: Landorus\n|-damage|p1a: Landorus|37\/100\n|-damage|p2a: Koraidon|0 fnt|[from] item: Rocky Helmet|[of] p1a: Landorus\n|faint|p2a: Koraidon\n|move|p1a: Landorus|Earthquake|p2: Koraidon|[notarget]\n|-fail|p1a: Landorus\n|\n|-weather|RainDance|[upkeep]\n|upkeep\n|j| Dewwm14\n|\n|t:|1698247450\n|switch|p2a: Eternatus|Eternatus|100\/100\n|-damage|p2a: Eternatus|88\/100|[from] Stealth Rock\n|-ability|p2a: Eternatus|Pressure\n|turn|8\n|\n|t:|1698247454\n|switch|p1a: Ting-Lu|Ting-Lu|100\/100\n|-ability|p1a: Ting-Lu|Vessel of Ruin\n|move|p2a: Eternatus|Dynamax Cannon|p1a: Ting-Lu\n|-damage|p1a: Ting-Lu|69\/100\n|-damage|p2a: Eternatus|78\/100|[from] item: Life Orb\n|\n|-weather|RainDance|[upkeep]\n|-heal|p1a: Ting-Lu|75\/100|[from] item: Leftovers\n|upkeep\n|turn|9\n|j| Artisteford\n|\n|t:|1698247462\n|switch|p2a: Arceus|Arceus|100\/100\n|move|p1a: Ting-Lu|Spikes|p2a: Arceus\n|-sidestart|p2: jb291|Spikes\n|\n|-weather|none\n|-heal|p1a: Ting-Lu|82\/100|[from] item: Leftovers\n|upkeep\n|turn|10\n|\n|t:|1698247469\n|move|p2a: Arceus|Swords Dance|p2a: Arceus\n|-boost|p2a: Arceus|atk|2\n|move|p1a: Ting-Lu|Ruination|p2a: Arceus\n|-damage|p2a: Arceus|50\/100\n|\n|-heal|p1a: Ting-Lu|88\/100|[from] item: Leftovers\n|upkeep\n|turn|11\n|\n|t:|1698247485\n|switch|p1a: Landorus|Landorus-Therian, M, tera:Fairy|37\/100\n|-ability|p1a: Landorus|Intimidate|boost\n|-unboost|p2a: Arceus|atk|1\n|move|p2a: Arceus|Swords Dance|p2a: Arceus\n|-boost|p2a: Arceus|atk|2\n|\n|upkeep\n|turn|12\n|\n|t:|1698247489\n|move|p2a: Arceus|Recover|p2a: Arceus\n|-heal|p2a: Arceus|100\/100\n|move|p1a: Landorus|Earthquake|p2a: Arceus\n|-damage|p2a: Arceus|70\/100\n|\n|upkeep\n|turn|13\n|\n|t:|1698247495\n|move|p2a: Arceus|Shadow Claw|p1a: Landorus\n|-damage|p1a: Landorus|0 fnt\n|-damage|p2a: Arceus|54\/100|[from] item: Rocky Helmet|[of] p1a: Landorus\n|faint|p1a: Landorus\n|\n|upkeep\n|\n|t:|1698247509\n|switch|p1a: Calyrex|Calyrex-Shadow|84\/100\n|-ability|p1a: Calyrex|As One\n|-ability|p1a: Calyrex|Unnerve\n|turn|14\n|\n|t:|1698247513\n|move|p1a: Calyrex|Trick|p2a: Arceus\n|-activate|p1a: Calyrex|move: Trick|[of] p2a: Arceus\n|-item|p2a: Arceus|Choice Scarf|[from] move: Trick\n|-item|p1a: Calyrex|Heavy-Duty Boots|[from] move: Trick\n|move|p2a: Arceus|Shadow Claw|p1a: Calyrex\n|-supereffective|p1a: Calyrex\n|-damage|p1a: Calyrex|0 fnt\n|faint|p1a: Calyrex\n|\n|upkeep\n|\n|t:|1698247515\n|switch|p1a: Ting-Lu|Ting-Lu|88\/100\n|-ability|p1a: Ting-Lu|Vessel of Ruin\n|turn|15\n|\n|t:|1698247521\n|switch|p2a: Ribombee|Ribombee, F|5\/100\n|-damage|p2a: Ribombee|0 fnt|[from] Stealth Rock\n|faint|p2a: Ribombee\n|move|p1a: Ting-Lu|Spikes|p2: Ribombee\n|-sidestart|p2: jb291|Spikes\n|\n|-heal|p1a: Ting-Lu|94\/100|[from] item: Leftovers\n|upkeep\n|\n|t:|1698247524\n|switch|p2a: Calyrex|Calyrex-Shadow|100\/100\n|-ability|p2a: Calyrex|As One\n|-ability|p2a: Calyrex|Unnerve\n|turn|16\n|\n|t:|1698247531\n|switch|p1a: Koraidon|Koraidon|100\/100\n|-weather|SunnyDay|[from] ability: Orichalcum Pulse|[of] p1a: Koraidon\n|-activate|p1a: Koraidon|Orichalcum Pulse|[source]\n|move|p2a: Calyrex|Nasty Plot|p2a: Calyrex\n|-boost|p2a: Calyrex|spa|2\n|\n|-weather|SunnyDay|[upkeep]\n|upkeep\n|turn|17\n|\n|t:|1698247538\n|move|p2a: Calyrex|Astral Barrage|p1a: Koraidon\n|-damage|p1a: Koraidon|0 fnt\n|faint|p1a: Koraidon\n|-ability|p2a: Calyrex|Grim Neigh|boost\n|-boost|p2a: Calyrex|spa|1\n|\n|-weather|SunnyDay|[upkeep]\n|upkeep\n|c| eavo|over\n|c|\u2606Primordiallite|Reep\n|c|\u2606Primordiallite|Gg\n|\n|t:|1698247568\n|switch|p1a: Ting-Lu|Ting-Lu|94\/100\n|-ability|p1a: Ting-Lu|Vessel of Ruin\n|turn|18\n|\n|t:|1698247571\n|move|p2a: Calyrex|Grass Knot|p1a: Ting-Lu\n|-supereffective|p1a: Ting-Lu\n|-damage|p1a: Ting-Lu|0 fnt\n|faint|p1a: Ting-Lu\n|-ability|p2a: Calyrex|Grim Neigh|boost\n|-boost|p2a: Calyrex|spa|1\n|\n|-weather|SunnyDay|[upkeep]\n|upkeep\n|-message|Primordiallite forfeited.\n|\n|win|jb291\n|n|\u2606Primordiallite|primordiallite\n|n|\u2606jb291|jb291\n|n| eavo|eavo\n|n| Dewwm14|dewwm14\n|n| Artisteford|artisteford\n|l|\u2606jb291\n|j| PrimalKyogre555\n|l| PrimalKyogre555\n|l| Artisteford\n|l| eavo\n","uploadtime":1698247696,"views":37,"p1id":"primordiallite","p2id":"jb291","formatid":"gen9anythinggoes","rating":0,"private":0,"password":""}