{"id":"gen9anythinggoes-1981405753","p1":"Tvrtko420","p2":"ZowwyCafe\u2764","format":"[Gen 9] Anything Goes","log":"|j|\u2606Tvrtko420\n|j|\u2606ZowwyCafe\u2764\n|inactive|Battle timer is ON: inactive players will automatically lose when time's up.\n|t:|1698892217\n|gametype|singles\n|player|p1|Tvrtko420|red-masters2|\n|player|p2|ZowwyCafe\u2764|marnie|\n|teamsize|p1|6\n|teamsize|p2|6\n|gen|9\n|tier|[Gen 9] Anything Goes\n|rated|Tournament battle\n|rule|HP Percentage Mod: HP is shown in percentages\n|rule|Endless Battle Clause: Forcing endless battles is banned\n|clearpoke\n|poke|p1|Calyrex-Shadow|\n|poke|p1|Arceus|\n|poke|p1|Zacian-*|\n|poke|p1|Koraidon|\n|poke|p1|Leavanny, F|\n|poke|p1|Chien-Pao|\n|poke|p2|Ribombee, M|\n|poke|p2|Calyrex-Shadow|\n|poke|p2|Arceus-Ground|\n|poke|p2|Koraidon|\n|poke|p2|Zacian-*|\n|poke|p2|Arceus|\n|teampreview\n|inactive|ZowwyCafe\u2764 also wants the timer to be on.\n|j| s3rp3rior\n|c|\u2606ZowwyCafe\u2764|hf\n|c|\u2606Tvrtko420|u2\n|\n|t:|1698892232\n|start\n|switch|p1a: Koraidon|Koraidon|100\/100\n|switch|p2a: Ribombee|Ribombee, M|100\/100\n|-weather|SunnyDay|[from] ability: Orichalcum Pulse|[of] p1a: Koraidon\n|-activate|p1a: Koraidon|Orichalcum Pulse|[source]\n|turn|1\n|\n|t:|1698892236\n|move|p1a: Koraidon|Taunt|p2a: Ribombee\n|-start|p2a: Ribombee|move: Taunt\n|move|p2a: Ribombee|Moonblast|p1a: Koraidon\n|-supereffective|p1a: Koraidon\n|-enditem|p1a: Koraidon|Focus Sash\n|-damage|p1a: Koraidon|1\/100\n|\n|-weather|SunnyDay|[upkeep]\n|upkeep\n|turn|2\n|\n|t:|1698892249\n|switch|p2a: Koraidon|Koraidon|100\/100\n|-activate|p2a: Koraidon|ability: Orichalcum Pulse\n|move|p1a: Koraidon|U-turn|p2a: Koraidon\n|-resisted|p2a: Koraidon\n|-damage|p2a: Koraidon|86\/100\n|\n|t:|1698892252\n|switch|p1a: Leavanny|Leavanny, F, shiny|100\/100|[from] U-turn\n|\n|-weather|SunnyDay|[upkeep]\n|upkeep\n|turn|3\n|\n|t:|1698892256\n|move|p1a: Leavanny|Air Slash|p2a: Koraidon\n|-supereffective|p2a: Koraidon\n|-damage|p2a: Koraidon|60\/100\n|move|p2a: Koraidon|Scale Shot|p1a: Leavanny\n|-crit|p1a: Leavanny\n|-damage|p1a: Leavanny|61\/100\n|-damage|p1a: Leavanny|32\/100\n|-damage|p1a: Leavanny|5\/100\n|-damage|p1a: Leavanny|0 fnt\n|faint|p1a: Leavanny\n|-hitcount|p1: Leavanny|4\n|-unboost|p2a: Koraidon|def|1\n|-boost|p2a: Koraidon|spe|1\n|\n|-weather|SunnyDay|[upkeep]\n|upkeep\n|c|\u2606Tvrtko420|fuck me lol\n|\n|t:|1698892274\n|switch|p1a: Chien-Pao|Chien-Pao|100\/100\n|-ability|p1a: Chien-Pao|Sword of Ruin\n|turn|4\n|\n|t:|1698892278\n|switch|p2a: Zacian|Zacian-Crowned|100\/100\n|-ability|p2a: Zacian|Intrepid Sword|boost\n|-boost|p2a: Zacian|atk|1\n|move|p1a: Chien-Pao|Ice Shard|p2a: Zacian\n|-resisted|p2a: Zacian\n|-damage|p2a: Zacian|87\/100\n|\n|-weather|SunnyDay|[upkeep]\n|upkeep\n|turn|5\n|\n|t:|1698892283\n|switch|p1a: Koraidon|Koraidon|1\/100\n|-activate|p1a: Koraidon|ability: Orichalcum Pulse\n|move|p2a: Zacian|Substitute|p2a: Zacian\n|-start|p2a: Zacian|Substitute\n|-damage|p2a: Zacian|63\/100\n|\n|-weather|none\n|upkeep\n|turn|6\n|\n|t:|1698892294\n|move|p1a: Koraidon|Close Combat|p2a: Zacian\n|-end|p2a: Zacian|Substitute\n|-unboost|p1a: Koraidon|def|1\n|-unboost|p1a: Koraidon|spd|1\n|move|p2a: Zacian|Behemoth Blade|p1a: Koraidon\n|-damage|p1a: Koraidon|0 fnt\n|faint|p1a: Koraidon\n|\n|upkeep\n|\n|t:|1698892314\n|switch|p1a: Zacian|Zacian-Crowned|100\/100\n|-ability|p1a: Zacian|Intrepid Sword|boost\n|-boost|p1a: Zacian|atk|1\n|turn|7\n|j| Junaa\n|\n|t:|1698892326\n|move|p1a: Zacian|Behemoth Blade|p2a: Zacian\n|-damage|p2a: Zacian|0 fnt\n|faint|p2a: Zacian\n|\n|upkeep\n|\n|t:|1698892328\n|switch|p2a: Ribombee|Ribombee, M|100\/100\n|turn|8\n|\n|t:|1698892338\n|move|p1a: Zacian|Substitute|p1a: Zacian\n|-start|p1a: Zacian|Substitute\n|-damage|p1a: Zacian|76\/100\n|move|p2a: Ribombee|Tailwind|p2a: Ribombee\n|-sidestart|p2: ZowwyCafe\u2764|move: Tailwind\n|\n|upkeep\n|turn|9\n|\n|t:|1698892343\n|move|p2a: Ribombee|Sticky Web|p1a: Zacian\n|-sidestart|p1: Tvrtko420|move: Sticky Web\n|move|p1a: Zacian|Behemoth Blade|p2a: Ribombee\n|-supereffective|p2a: Ribombee\n|-enditem|p2a: Ribombee|Focus Sash\n|-damage|p2a: Ribombee|1\/100\n|\n|upkeep\n|turn|10\n|\n|t:|1698892355\n|move|p2a: Ribombee|Moonblast|p1a: Zacian\n|-resisted|p1a: Zacian\n|-activate|p1a: Zacian|move: Substitute|[damage]\n|move|p1a: Zacian|Behemoth Blade|p2a: Ribombee\n|-supereffective|p2a: Ribombee\n|-damage|p2a: Ribombee|0 fnt\n|faint|p2a: Ribombee\n|\n|upkeep\n|\n|t:|1698892357\n|switch|p2a: Arceus|Arceus-Ground|100\/100\n|turn|11\n|\n|t:|1698892367\n|move|p2a: Arceus|Judgment|p1a: Zacian\n|-supereffective|p1a: Zacian\n|-end|p1a: Zacian|Substitute\n|move|p1a: Zacian|Behemoth Blade|p2a: Arceus\n|-damage|p2a: Arceus|38\/100\n|\n|-sideend|p2: ZowwyCafe\u2764|move: Tailwind\n|upkeep\n|turn|12\n|\n|t:|1698892376\n|move|p1a: Zacian|Behemoth Blade|p2a: Arceus\n|-damage|p2a: Arceus|0 fnt\n|faint|p2a: Arceus\n|\n|upkeep\n|\n|t:|1698892378\n|switch|p2a: Arceus|Arceus|100\/100\n|turn|13\n|\n|t:|1698892385\n|move|p1a: Zacian|Substitute|p1a: Zacian\n|-start|p1a: Zacian|Substitute\n|-damage|p1a: Zacian|51\/100\n|move|p2a: Arceus|Earthquake|p1a: Zacian\n|-supereffective|p1a: Zacian\n|-end|p1a: Zacian|Substitute\n|-damage|p2a: Arceus|91\/100|[from] item: Life Orb\n|\n|upkeep\n|turn|14\n|inactive|Tvrtko420 has 120 seconds left.\n|\n|t:|1698892427\n|move|p1a: Zacian|Behemoth Blade|p2a: Arceus\n|-damage|p2a: Arceus|33\/100\n|move|p2a: Arceus|Earthquake|p1a: Zacian\n|-supereffective|p1a: Zacian\n|-damage|p1a: Zacian|0 fnt\n|faint|p1a: Zacian\n|-damage|p2a: Arceus|23\/100|[from] item: Life Orb\n|\n|upkeep\n|inactive|Tvrtko420 has 90 seconds left.\n|\n|t:|1698892473\n|switch|p1a: Arceus|Arceus|100\/100\n|-activate|p1a: Arceus|move: Sticky Web\n|-unboost|p1a: Arceus|spe|1\n|turn|15\n|\n|t:|1698892485\n|move|p1a: Arceus|Extreme Speed|p2a: Arceus\n|-damage|p2a: Arceus|0 fnt\n|faint|p2a: Arceus\n|\n|upkeep\n|\n|t:|1698892488\n|switch|p2a: Koraidon|Koraidon|60\/100\n|-weather|SunnyDay|[from] ability: Orichalcum Pulse|[of] p2a: Koraidon\n|-activate|p2a: Koraidon|Orichalcum Pulse|[source]\n|turn|16\n|\n|t:|1698892503\n|move|p1a: Arceus|Extreme Speed|p2a: Koraidon\n|-damage|p2a: Koraidon|24\/100\n|move|p2a: Koraidon|Low Kick|p1a: Arceus\n|-supereffective|p1a: Arceus\n|-damage|p1a: Arceus|0 fnt\n|faint|p1a: Arceus\n|\n|-weather|SunnyDay|[upkeep]\n|upkeep\n|\n|t:|1698892518\n|switch|p1a: Chien-Pao|Chien-Pao|100\/100\n|-ability|p1a: Chien-Pao|Sword of Ruin\n|turn|17\n|\n|t:|1698892531\n|switch|p2a: Calyrex|Calyrex-Shadow|100\/100\n|-ability|p2a: Calyrex|As One\n|-ability|p2a: Calyrex|Unnerve\n|move|p1a: Chien-Pao|Ice Shard|p2a: Calyrex\n|-damage|p2a: Calyrex|67\/100\n|\n|-weather|SunnyDay|[upkeep]\n|upkeep\n|turn|18\n|inactive|Tvrtko420 has 60 seconds left.\n|l| s3rp3rior\n|inactive|Tvrtko420 has 30 seconds left.\n|inactive|Tvrtko420 has 20 seconds left.\n|\n|t:|1698892602\n|move|p2a: Calyrex|Grass Knot|p1a: Chien-Pao\n|-damage|p1a: Chien-Pao|14\/100\n|-damage|p2a: Calyrex|57\/100|[from] item: Life Orb\n|move|p1a: Chien-Pao|Lash Out|p2a: Calyrex\n|-supereffective|p2a: Calyrex\n|-damage|p2a: Calyrex|0 fnt\n|faint|p2a: Calyrex\n|\n|-weather|SunnyDay|[upkeep]\n|upkeep\n|inactive|Tvrtko420 has 25 seconds left this turn.\n|\n|t:|1698892606\n|switch|p2a: Koraidon|Koraidon|24\/100\n|-activate|p2a: Koraidon|ability: Orichalcum Pulse\n|turn|19\n|\n|t:|1698892612\n|-terastallize|p2a: Koraidon|Ghost\n|move|p1a: Chien-Pao|Ice Shard|p2a: Koraidon\n|-damage|p2a: Koraidon|1\/100\n|move|p2a: Koraidon|Scale Shot|p1a: Chien-Pao\n|-damage|p1a: Chien-Pao|0 fnt\n|faint|p1a: Chien-Pao\n|-hitcount|p1: Chien-Pao|1\n|-unboost|p2a: Koraidon|def|1\n|-boost|p2a: Koraidon|spe|1\n|\n|-weather|SunnyDay|[upkeep]\n|upkeep\n|c|\u2606ZowwyCafe\u2764|o_o\n|c|\u2606Tvrtko420|lool\n|c|\u2606Tvrtko420|gg\n|inactive|Tvrtko420 has 30 seconds left.\n|\n|t:|1698892622\n|switch|p1a: Calyrex|Calyrex-Shadow|100\/100\n|-ability|p1a: Calyrex|As One\n|-ability|p1a: Calyrex|Unnerve\n|-activate|p1a: Calyrex|move: Sticky Web\n|-unboost|p1a: Calyrex|spe|1\n|turn|20\n|inactive|Tvrtko420 has 30 seconds left.\n|inactive|Tvrtko420 has 20 seconds left.\n|inactive|Tvrtko420 has 15 seconds left.\n|inactive|Tvrtko420 has 10 seconds left.\n|inactive|ZowwyCafe\u2764 has 120 seconds left.\n|c|\u2606Tvrtko420|whats your speed on kora?\n|c|\u2606ZowwyCafe\u2764|uhhh how does fblitz recoil work o_o\n|c|\u2606Tvrtko420|you win\n|c|\u2606Tvrtko420|if you kill me\n|c|\u2606Tvrtko420|dw\n|\n|t:|1698892678\n|move|p2a: Koraidon|Flare Blitz|p1a: Calyrex\n|-damage|p1a: Calyrex|1\/100\n|-damage|p2a: Koraidon|0 fnt|[from] Recoil\n|faint|p2a: Koraidon\n|\n|win|Tvrtko420\n|inactive|Tvrtko420 has 15 seconds left this turn.\n|n|\u2606Tvrtko420|tvrtko420\n|n|\u2606ZowwyCafe\u2764|zowwycafe\n|n| Junaa|junaa\n","uploadtime":1698892679,"views":17,"p1id":"tvrtko420","p2id":"zowwycafe","formatid":"gen9anythinggoes","rating":0,"private":0,"password":""}