{"id":"gen9anythinggoes-1996772521","p1":"Ibeginner","p2":"bob1122","format":"[Gen 9] Anything Goes","log":"|j|\u2606Ibeginner\n|j|\u2606bob1122\n|t:|1700722751\n|gametype|singles\n|player|p1|Ibeginner|1|1043\n|player|p2|bob1122|266|1000\n|teamsize|p1|3\n|teamsize|p2|6\n|gen|9\n|tier|[Gen 9] Anything Goes\n|rated|\n|rule|HP Percentage Mod: HP is shown in percentages\n|rule|Endless Battle Clause: Forcing endless battles is banned\n|clearpoke\n|poke|p1|Drifblim, F|\n|poke|p1|Clefable, F|\n|poke|p1|Snorlax, M|\n|poke|p2|Typhlosion, F|\n|poke|p2|Kommo-o, M|\n|poke|p2|Ceruledge, M|\n|poke|p2|Dragapult, M|\n|poke|p2|Sneasler, M|\n|poke|p2|Urshifu-*, M|\n|teampreview\n|\n|t:|1700722756\n|start\n|switch|p1a: Ghast|Drifblim, F|100\/100\n|switch|p2a: Typhlosion|Typhlosion, F|100\/100\n|turn|1\n|\n|t:|1700722767\n|move|p2a: Typhlosion|Shadow Ball|p1a: Ghast\n|-supereffective|p1a: Ghast\n|-damage|p1a: Ghast|60\/100\n|-unboost|p1a: Ghast|spd|1\n|move|p1a: Ghast|Minimize|p1a: Ghast\n|-boost|p1a: Ghast|evasion|2\n|\n|upkeep\n|turn|2\n|\n|t:|1700722778\n|move|p2a: Typhlosion|Heat Wave|p1a: Ghast\n|-damage|p1a: Ghast|1\/100\n|move|p1a: Ghast|Minimize|p1a: Ghast\n|-boost|p1a: Ghast|evasion|2\n|\n|upkeep\n|turn|3\n|\n|t:|1700722785\n|move|p2a: Typhlosion|Quick Attack|p1a: Ghast\n|-immune|p1a: Ghast\n|move|p1a: Ghast|Strength Sap|p2a: Typhlosion\n|-unboost|p2a: Typhlosion|atk|1\n|-heal|p1a: Ghast|54\/100\n|\n|upkeep\n|turn|4\n|\n|t:|1700722794\n|move|p2a: Typhlosion|Heat Wave|p1a: Ghast|[miss]\n|-miss|p2a: Typhlosion|p1a: Ghast\n|move|p1a: Ghast|Minimize|p1a: Ghast\n|-boost|p1a: Ghast|evasion|2\n|\n|upkeep\n|turn|5\n|\n|t:|1700722803\n|move|p2a: Typhlosion|Shadow Ball|p1a: Ghast|[miss]\n|-miss|p2a: Typhlosion|p1a: Ghast\n|move|p1a: Ghast|Substitute|p1a: Ghast\n|-start|p1a: Ghast|Substitute\n|-damage|p1a: Ghast|30\/100\n|\n|upkeep\n|turn|6\n|\n|t:|1700722811\n|move|p2a: Typhlosion|Heat Wave|p1a: Ghast|[miss]\n|-miss|p2a: Typhlosion|p1a: Ghast\n|move|p1a: Ghast|Baton Pass|p1a: Ghast\n|\n|t:|1700722816\n|switch|p1a: Fair fairy|Clefable, F|100\/100|[from] Baton Pass\n|\n|upkeep\n|turn|7\n|\n|t:|1700722825\n|move|p2a: Typhlosion|Heat Wave|p1a: Fair fairy\n|-end|p1a: Fair fairy|Substitute\n|move|p1a: Fair fairy|Calm Mind|p1a: Fair fairy\n|-boost|p1a: Fair fairy|spa|1\n|-boost|p1a: Fair fairy|spd|1\n|\n|upkeep\n|turn|8\n|\n|t:|1700722833\n|move|p2a: Typhlosion|Heat Wave|p1a: Fair fairy|[miss]\n|-miss|p2a: Typhlosion|p1a: Fair fairy\n|move|p1a: Fair fairy|Substitute|p1a: Fair fairy\n|-start|p1a: Fair fairy|Substitute\n|-damage|p1a: Fair fairy|76\/100\n|\n|upkeep\n|turn|9\n|\n|t:|1700722842\n|move|p2a: Typhlosion|Low Kick|p1a: Fair fairy|[miss]\n|-miss|p2a: Typhlosion|p1a: Fair fairy\n|move|p1a: Fair fairy|Calm Mind|p1a: Fair fairy\n|-boost|p1a: Fair fairy|spa|1\n|-boost|p1a: Fair fairy|spd|1\n|\n|upkeep\n|turn|10\n|\n|t:|1700722852\n|move|p2a: Typhlosion|Low Kick|p1a: Fair fairy|[miss]\n|-miss|p2a: Typhlosion|p1a: Fair fairy\n|move|p1a: Fair fairy|Calm Mind|p1a: Fair fairy\n|-boost|p1a: Fair fairy|spa|1\n|-boost|p1a: Fair fairy|spd|1\n|\n|upkeep\n|turn|11\n|\n|t:|1700722862\n|move|p2a: Typhlosion|Heat Wave|p1a: Fair fairy|[miss]\n|-miss|p2a: Typhlosion|p1a: Fair fairy\n|move|p1a: Fair fairy|Calm Mind|p1a: Fair fairy\n|-boost|p1a: Fair fairy|spa|1\n|-boost|p1a: Fair fairy|spd|1\n|\n|upkeep\n|turn|12\n|\n|t:|1700722870\n|move|p2a: Typhlosion|Low Kick|p1a: Fair fairy|[miss]\n|-miss|p2a: Typhlosion|p1a: Fair fairy\n|move|p1a: Fair fairy|Calm Mind|p1a: Fair fairy\n|-boost|p1a: Fair fairy|spa|1\n|-boost|p1a: Fair fairy|spd|1\n|\n|upkeep\n|turn|13\n|\n|t:|1700722879\n|move|p2a: Typhlosion|Shadow Ball|p1a: Fair fairy|[miss]\n|-miss|p2a: Typhlosion|p1a: Fair fairy\n|move|p1a: Fair fairy|Calm Mind|p1a: Fair fairy\n|-boost|p1a: Fair fairy|spa|1\n|-boost|p1a: Fair fairy|spd|1\n|\n|upkeep\n|turn|14\n|\n|t:|1700722889\n|move|p2a: Typhlosion|Shadow Ball|p1a: Fair fairy|[miss]\n|-miss|p2a: Typhlosion|p1a: Fair fairy\n|move|p1a: Fair fairy|Calm Mind|p1a: Fair fairy\n|-boost|p1a: Fair fairy|spa|0\n|-boost|p1a: Fair fairy|spd|1\n|\n|upkeep\n|turn|15\n|\n|t:|1700722901\n|switch|p2a: Sneasler|Sneasler, M|100\/100\n|move|p1a: Fair fairy|Baton Pass|p1a: Fair fairy\n|\n|t:|1700722906\n|switch|p1a: Fat man|Snorlax, M|100\/100|[from] Baton Pass\n|\n|upkeep\n|turn|16\n|\n|t:|1700722913\n|move|p2a: Sneasler|Grass Knot|p1a: Fat man|[miss]\n|-miss|p2a: Sneasler|p1a: Fat man\n|move|p1a: Fat man|Curse|p1a: Fat man\n|-unboost|p1a: Fat man|spe|1\n|-boost|p1a: Fat man|atk|1\n|-boost|p1a: Fat man|def|1\n|\n|upkeep\n|turn|17\n|\n|t:|1700722929\n|move|p2a: Sneasler|Dire Claw|p1a: Fat man|[miss]\n|-miss|p2a: Sneasler|p1a: Fat man\n|move|p1a: Fat man|Curse|p1a: Fat man\n|-unboost|p1a: Fat man|spe|1\n|-boost|p1a: Fat man|atk|1\n|-boost|p1a: Fat man|def|1\n|\n|upkeep\n|turn|18\n|c|\u2606Ibeginner|This set up is completely humane\n|\n|t:|1700722941\n|move|p2a: Sneasler|Grass Knot|p1a: Fat man|[miss]\n|-miss|p2a: Sneasler|p1a: Fat man\n|move|p1a: Fat man|Curse|p1a: Fat man\n|-unboost|p1a: Fat man|spe|1\n|-boost|p1a: Fat man|atk|1\n|-boost|p1a: Fat man|def|1\n|\n|upkeep\n|turn|19\n|\n|t:|1700722961\n|switch|p2a: Ceruledge|Ceruledge, M|100\/100\n|move|p1a: Fat man|Curse|p1a: Fat man\n|-unboost|p1a: Fat man|spe|1\n|-boost|p1a: Fat man|atk|1\n|-boost|p1a: Fat man|def|1\n|\n|upkeep\n|turn|20\n|\n|t:|1700722972\n|move|p2a: Ceruledge|Lava Plume|p1a: Fat man|[miss]\n|-miss|p2a: Ceruledge|p1a: Fat man\n|move|p1a: Fat man|Curse|p1a: Fat man\n|-unboost|p1a: Fat man|spe|1\n|-boost|p1a: Fat man|atk|1\n|-boost|p1a: Fat man|def|1\n|\n|upkeep\n|turn|21\n|\n|t:|1700722982\n|move|p2a: Ceruledge|Bitter Blade|p1a: Fat man|[miss]\n|-miss|p2a: Ceruledge|p1a: Fat man\n|move|p1a: Fat man|Curse|p1a: Fat man\n|-unboost|p1a: Fat man|spe|1\n|-boost|p1a: Fat man|atk|1\n|-boost|p1a: Fat man|def|1\n|\n|upkeep\n|turn|22\n|\n|t:|1700722995\n|move|p2a: Ceruledge|Clear Smog|p1a: Fat man\n|-activate|p1a: Fat man|move: Substitute|[damage]\n|move|p1a: Fat man|Thunder Punch|p2a: Ceruledge\n|-damage|p2a: Ceruledge|0 fnt\n|faint|p2a: Ceruledge\n|\n|upkeep\n|\n|t:|1700723006\n|switch|p2a: Dragapult|Dragapult, M|100\/100\n|turn|23\n|c|\u2606Ibeginner|:)\n|\n|t:|1700723012\n|move|p2a: Dragapult|Confuse Ray|p1a: Fat man|[miss]\n|-miss|p2a: Dragapult|p1a: Fat man\n|move|p1a: Fat man|Thunder Punch|p2a: Dragapult\n|-resisted|p2a: Dragapult\n|-damage|p2a: Dragapult|70\/100\n|-start|p1a: Fat man|Disable|Thunder Punch|[from] ability: Cursed Body|[of] p2a: Dragapult\n|\n|upkeep\n|turn|24\n|\n|t:|1700723024\n|move|p1a: Fat man|Encore|p2a: Dragapult\n|-start|p2a: Dragapult|Encore\n|move|p2a: Dragapult|Confuse Ray|p1a: Fat man|[miss]\n|-miss|p2a: Dragapult|p1a: Fat man\n|\n|upkeep\n|turn|25\n|\n|t:|1700723034\n|move|p2a: Dragapult|Confuse Ray||[still]\n|-fail|p2a: Dragapult\n|move|p1a: Fat man|Curse|p1a: Fat man\n|\n|upkeep\n|turn|26\n|\n|t:|1700723040\n|move|p2a: Dragapult|Confuse Ray||[still]\n|-fail|p2a: Dragapult\n|move|p1a: Fat man|Curse|p1a: Fat man\n|\n|-end|p2a: Dragapult|Encore\n|-end|p1a: Fat man|Disable\n|upkeep\n|turn|27\n|\n|t:|1700723052\n|move|p2a: Dragapult|Body Slam|p1a: Fat man|[miss]\n|-miss|p2a: Dragapult|p1a: Fat man\n|move|p1a: Fat man|Encore|p2a: Dragapult\n|-start|p2a: Dragapult|Encore\n|\n|upkeep\n|turn|28\n|\n|t:|1700723059\n|move|p2a: Dragapult|Body Slam|p1a: Fat man|[miss]\n|-miss|p2a: Dragapult|p1a: Fat man\n|move|p1a: Fat man|Thunder Punch|p2a: Dragapult\n|-resisted|p2a: Dragapult\n|-damage|p2a: Dragapult|43\/100\n|\n|upkeep\n|turn|29\n|\n|t:|1700723068\n|move|p2a: Dragapult|Body Slam|p1a: Fat man|[miss]\n|-miss|p2a: Dragapult|p1a: Fat man\n|move|p1a: Fat man|Thunder Punch|p2a: Dragapult\n|-resisted|p2a: Dragapult\n|-damage|p2a: Dragapult|13\/100\n|-status|p2a: Dragapult|par\n|-start|p1a: Fat man|Disable|Thunder Punch|[from] ability: Cursed Body|[of] p2a: Dragapult\n|\n|upkeep\n|turn|30\n|\n|t:|1700723078\n|cant|p2a: Dragapult|par\n|move|p1a: Fat man|Curse|p1a: Fat man\n|\n|-end|p2a: Dragapult|Encore\n|upkeep\n|turn|31\n|\n|t:|1700723086\n|move|p2a: Dragapult|Body Slam|p1a: Fat man|[miss]\n|-miss|p2a: Dragapult|p1a: Fat man\n|move|p1a: Fat man|Encore|p2a: Dragapult\n|-start|p2a: Dragapult|Encore\n|\n|upkeep\n|turn|32\n|\n|t:|1700723096\n|move|p2a: Dragapult|Body Slam|p1a: Fat man|[miss]\n|-miss|p2a: Dragapult|p1a: Fat man\n|move|p1a: Fat man|Curse|p1a: Fat man\n|\n|-end|p1a: Fat man|Disable\n|upkeep\n|turn|33\n|\n|t:|1700723107\n|switch|p2a: Urshifu|Urshifu, M|100\/100\n|move|p1a: Fat man|Thunder Punch|p2a: Urshifu\n|-damage|p2a: Urshifu|33\/100\n|-damage|p1a: Fat man|84\/100|[from] item: Rocky Helmet|[of] p2a: Urshifu\n|\n|upkeep\n|turn|34\n|\n|t:|1700723138\n|move|p2a: Urshifu|Foul Play|p1a: Fat man|[miss]\n|-miss|p2a: Urshifu|p1a: Fat man\n|move|p1a: Fat man|Thunder Punch|p2a: Urshifu\n|-damage|p2a: Urshifu|0 fnt\n|-damage|p1a: Fat man|67\/100|[from] item: Rocky Helmet|[of] p2a: Urshifu\n|faint|p2a: Urshifu\n|\n|upkeep\n|\n|t:|1700723150\n|switch|p2a: Kommo-o|Kommo-o, M|100\/100\n|turn|35\n|\n|t:|1700723156\n|move|p2a: Kommo-o|Stealth Rock|p1a: Fat man\n|-sidestart|p1: Ibeginner|move: Stealth Rock\n|move|p1a: Fat man|Thunder Punch|p2a: Kommo-o\n|-resisted|p2a: Kommo-o\n|-damage|p2a: Kommo-o|67\/100\n|-damage|p1a: Fat man|51\/100|[from] item: Rocky Helmet|[of] p2a: Kommo-o\n|\n|upkeep\n|turn|36\n|\n|t:|1700723185\n|move|p2a: Kommo-o|Facade|p1a: Fat man|[miss]\n|-miss|p2a: Kommo-o|p1a: Fat man\n|move|p1a: Fat man|Thunder Punch|p2a: Kommo-o\n|-resisted|p2a: Kommo-o\n|-damage|p2a: Kommo-o|29\/100\n|-damage|p1a: Fat man|34\/100|[from] item: Rocky Helmet|[of] p2a: Kommo-o\n|-enditem|p1a: Fat man|Sitrus Berry|[eat]\n|-heal|p1a: Fat man|59\/100|[from] item: Sitrus Berry\n|\n|upkeep\n|turn|37\n|\n|t:|1700723201\n|move|p2a: Kommo-o|Draco Meteor|p1a: Fat man|[miss]\n|-miss|p2a: Kommo-o|p1a: Fat man\n|move|p1a: Fat man|Recycle|p1a: Fat man\n|-item|p1a: Fat man|Sitrus Berry|[from] move: Recycle\n|\n|upkeep\n|turn|38\n|\n|t:|1700723212\n|move|p2a: Kommo-o|Drain Punch|p1a: Fat man|[miss]\n|-miss|p2a: Kommo-o|p1a: Fat man\n|move|p1a: Fat man|Encore|p2a: Kommo-o\n|-start|p2a: Kommo-o|Encore\n|\n|upkeep\n|turn|39\n|\n|t:|1700723236\n|move|p2a: Kommo-o|Drain Punch|p1a: Fat man|[miss]\n|-miss|p2a: Kommo-o|p1a: Fat man\n|move|p1a: Fat man|Thunder Punch|p2a: Kommo-o\n|-resisted|p2a: Kommo-o\n|-damage|p2a: Kommo-o|0 fnt\n|-damage|p1a: Fat man|42\/100|[from] item: Rocky Helmet|[of] p2a: Kommo-o\n|-enditem|p1a: Fat man|Sitrus Berry|[eat]\n|-heal|p1a: Fat man|67\/100|[from] item: Sitrus Berry\n|faint|p2a: Kommo-o\n|\n|upkeep\n|\n|t:|1700723251\n|switch|p2a: Dragapult|Dragapult, M|13\/100 par\n|turn|40\n|\n|t:|1700723258\n|move|p2a: Dragapult|Confuse Ray||[still]\n|-fail|p2a: Dragapult\n|move|p1a: Fat man|Recycle|p1a: Fat man\n|-item|p1a: Fat man|Sitrus Berry|[from] move: Recycle\n|\n|upkeep\n|turn|41\n|\n|t:|1700723268\n|move|p1a: Fat man|Thunder Punch|p2a: Dragapult\n|-resisted|p2a: Dragapult\n|-damage|p2a: Dragapult|0 fnt\n|-start|p1a: Fat man|Disable|Thunder Punch|[from] ability: Cursed Body|[of] p2a: Dragapult\n|faint|p2a: Dragapult\n|\n|upkeep\n|\n|t:|1700723275\n|switch|p2a: Typhlosion|Typhlosion, F|100\/100\n|turn|42\n|\n|t:|1700723281\n|move|p2a: Typhlosion|Low Kick|p1a: Fat man|[miss]\n|-miss|p2a: Typhlosion|p1a: Fat man\n|move|p1a: Fat man|Encore|p2a: Typhlosion\n|-start|p2a: Typhlosion|Encore\n|\n|upkeep\n|turn|43\n|\n|t:|1700723291\n|move|p2a: Typhlosion|Low Kick|p1a: Fat man|[miss]\n|-miss|p2a: Typhlosion|p1a: Fat man\n|move|p1a: Fat man|Curse|p1a: Fat man\n|\n|upkeep\n|turn|44\n|\n|t:|1700723298\n|move|p2a: Typhlosion|Low Kick|p1a: Fat man\n|-supereffective|p1a: Fat man\n|-activate|p1a: Fat man|move: Substitute|[damage]\n|move|p1a: Fat man|Curse|p1a: Fat man\n|\n|-end|p1a: Fat man|Disable\n|upkeep\n|turn|45\n|\n|t:|1700723307\n|move|p2a: Typhlosion|Low Kick|p1a: Fat man|[miss]\n|-miss|p2a: Typhlosion|p1a: Fat man\n|move|p1a: Fat man|Thunder Punch|p2a: Typhlosion\n|-damage|p2a: Typhlosion|0 fnt\n|-damage|p1a: Fat man|51\/100|[from] item: Rocky Helmet|[of] p2a: Typhlosion\n|faint|p2a: Typhlosion\n|\n|upkeep\n|\n|t:|1700723316\n|switch|p2a: Sneasler|Sneasler, M|100\/100\n|turn|46\n|c|\u2606Ibeginner|Ggs\n|c|\u2606Ibeginner|Any last words?\n|\n|t:|1700723342\n|move|p1a: Fat man|Thunder Punch|p2a: Sneasler\n|-damage|p2a: Sneasler|31\/100\n|move|p2a: Sneasler|Counter|p1a: Fat man|[miss]\n|-miss|p2a: Sneasler|p1a: Fat man\n|\n|upkeep\n|turn|47\n|\n|t:|1700723356\n|-terastallize|p2a: Sneasler|Fighting\n|move|p2a: Sneasler|Grass Knot|p1a: Fat man\n|-end|p1a: Fat man|Substitute\n|move|p1a: Fat man|Thunder Punch|p2a: Sneasler\n|-damage|p2a: Sneasler|0 fnt\n|faint|p2a: Sneasler\n|\n|win|Ibeginner\n|raw|Ibeginner's rating: 1043 &rarr; <strong>1072<\/strong><br \/>(+29 for winning)\n|raw|bob1122's rating: 1000 &rarr; <strong>1000<\/strong><br \/>(+0 for losing)\n|l|\u2606bob1122\n|l|\u2606Ibeginner\n|j|\u2606Ibeginner\n|player|p1|Ibeginner|1\n","uploadtime":1700723408,"views":16,"p1id":"ibeginner","p2id":"bob1122","formatid":"gen9anythinggoes","rating":1000,"private":0,"password":""}