{"id":"gen9anythinggoes-1985868761","p1":"Kalas714","p2":"tchantnh","format":"[Gen 9] Anything Goes","log":"|j|\u2606Kalas714\n|j|\u2606tchantnh\n|t:|1699415326\n|gametype|singles\n|player|p1|Kalas714|169|\n|player|p2|tchantnh|skierf-gen4dp|\n|teamsize|p1|6\n|teamsize|p2|6\n|gen|9\n|tier|[Gen 9] Anything Goes\n|rule|HP Percentage Mod: HP is shown in percentages\n|rule|Endless Battle Clause: Forcing endless battles is banned\n|clearpoke\n|poke|p1|Hatterene, F|\n|poke|p1|Greninja-*, M|\n|poke|p1|Fezandipiti, M|\n|poke|p1|Kleavor, F|\n|poke|p1|Lilligant, F|\n|poke|p1|Yanmega, M|\n|poke|p2|Jirachi|\n|poke|p2|Quaquaval, F|\n|poke|p2|Sandy Shocks|\n|poke|p2|Drednaw, F|\n|poke|p2|Torkoal, M|\n|poke|p2|Meowscarada, F|\n|teampreview\n|j| AuXanthus\n|c|\u2606tchantnh|Oh hey Phil\n|c|\u2606Kalas714|ready?\n|c|\u2606tchantnh|Yeah I already picked\n|\n|t:|1699415443\n|start\n|switch|p1a: Kleavor|Kleavor, F|100\/100\n|switch|p2a: Jirachi|Jirachi|100\/100\n|turn|1\n|c| AuXanthus|oh hey there\n|c| AuXanthus|bet ya didn't think you'd get a spectator did you\n|c|\u2606tchantnh|No sir\n|\n|t:|1699415513\n|move|p2a: Jirachi|Iron Head|p1a: Kleavor\n|-supereffective|p1a: Kleavor\n|-damage|p1a: Kleavor|25\/100\n|move|p1a: Kleavor|Stone Axe|p2a: Jirachi\n|-resisted|p2a: Jirachi\n|-damage|p2a: Jirachi|67\/100\n|-sidestart|p2: tchantnh|move: Stealth Rock\n|\n|upkeep\n|turn|2\n|c| AuXanthus|what else am I gonna do if we're not playing baldur's gate y'know\n|c|\u2606tchantnh|Troo\n|\n|t:|1699415542\n|move|p2a: Jirachi|Stealth Rock|p1a: Kleavor\n|-sidestart|p1: Kalas714|move: Stealth Rock\n|move|p1a: Kleavor|X-Scissor|p2a: Jirachi\n|-damage|p2a: Jirachi|0 fnt\n|faint|p2a: Jirachi\n|\n|upkeep\n|c|\u2606tchantnh|i'm real tired\n|c|\u2606Kalas714|yo same tho\n|\n|t:|1699415599\n|switch|p2a: Sandy Shocks|Sandy Shocks|100\/100\n|-damage|p2a: Sandy Shocks|94\/100|[from] Stealth Rock\n|turn|3\n|c|\u2606tchantnh|Probably shouldn't have just let you kill Jirachi tbh\n|\n|t:|1699415656\n|move|p2a: Sandy Shocks|Earth Power|p1a: Kleavor\n|-damage|p1a: Kleavor|0 fnt\n|faint|p1a: Kleavor\n|\n|upkeep\n|\n|t:|1699415670\n|switch|p1a: Hatterene|Hatterene, F|100\/100\n|-damage|p1a: Hatterene|88\/100|[from] Stealth Rock\n|turn|4\n|\n|t:|1699415683\n|move|p2a: Sandy Shocks|Volt Switch|p1a: Hatterene\n|-damage|p1a: Hatterene|50\/100\n|\n|t:|1699415790\n|-end|p2a: Sandy Shocks|Protosynthesis|[silent]\n|switch|p2a: Drednaw|Drednaw, F|100\/100|[from] Volt Switch\n|-damage|p2a: Drednaw|88\/100|[from] Stealth Rock\n|move|p1a: Hatterene|Substitute|p1a: Hatterene\n|-start|p1a: Hatterene|Substitute\n|-damage|p1a: Hatterene|26\/100\n|\n|-heal|p1a: Hatterene|32\/100|[from] item: Leftovers\n|upkeep\n|turn|5\n|\n|t:|1699415840\n|move|p2a: Drednaw|Razor Shell|p1a: Hatterene\n|-end|p1a: Hatterene|Substitute\n|-damage|p2a: Drednaw|78\/100|[from] item: Life Orb\n|move|p1a: Hatterene|Calm Mind|p1a: Hatterene\n|-boost|p1a: Hatterene|spa|1\n|-boost|p1a: Hatterene|spd|1\n|\n|-heal|p1a: Hatterene|38\/100|[from] item: Leftovers\n|upkeep\n|turn|6\n|\n|t:|1699415862\n|move|p2a: Drednaw|Razor Shell|p1a: Hatterene\n|-damage|p1a: Hatterene|0 fnt\n|faint|p1a: Hatterene\n|-damage|p2a: Drednaw|68\/100|[from] item: Life Orb\n|\n|upkeep\n|c|\u2606tchantnh|Bold to calm mind there\n|c|\u2606Kalas714|I think I lost a roll to try to sustain off draining kiss\n|\n|t:|1699415914\n|switch|p1a: Lilligant|Lilligant, F|100\/100\n|turn|7\n|\n|t:|1699415976\n|switch|p1a: Greninja|Greninja, M|100\/100\n|-damage|p1a: Greninja|88\/100|[from] Stealth Rock\n|-terastallize|p2a: Drednaw|Flying\n|move|p2a: Drednaw|Ice Fang|p1a: Greninja\n|-resisted|p1a: Greninja\n|-damage|p1a: Greninja|55\/100\n|-damage|p2a: Drednaw|59\/100|[from] item: Life Orb\n|\n|upkeep\n|turn|8\n|c|\u2606tchantnh|Do we have water shuriken banned?\n|c| AuXanthus|Can I say one way or the other\n|c|\u2606Kalas714|I don't believe so\n|c| AuXanthus|or was that rhetorical\n|\n|t:|1699416094\n|move|p1a: Greninja|Dark Pulse|p2a: Drednaw\n|-damage|p2a: Drednaw|0 fnt\n|faint|p2a: Drednaw\n|-ability|p1a: Greninja|Battle Bond|boost\n|-boost|p1a: Greninja|atk|1\n|-boost|p1a: Greninja|spa|1\n|-boost|p1a: Greninja|spe|1\n|-activate|p1a: Greninja|ability: Battle Bond\n|-damage|p1a: Greninja|45\/100|[from] item: Life Orb\n|\n|upkeep\n|c|\u2606tchantnh|Huh, I really thought we had battle bond banned for some reason, but I don't see it, oh well\n|c| AuXanthus|Shed Tail is banned, Last Respects is banned and Revival Blessing is banned, Baton Pass is allowed but cannot be used to pass stats or Substitute, Take Heart is banned on Manaphy.\n|c| AuXanthus|this is copied from the move ban list\n|c|\u2606Kalas714|I think we had battle bond banned last season\n|\n|t:|1699416151\n|switch|p2a: Meowscarada|Meowscarada, F|100\/100\n|turn|9\n|\n|t:|1699416166\n|move|p1a: Greninja|Ice Beam|p2a: Meowscarada\n|-supereffective|p2a: Meowscarada\n|-damage|p2a: Meowscarada|0 fnt\n|faint|p2a: Meowscarada\n|-damage|p1a: Greninja|35\/100|[from] item: Life Orb\n|\n|upkeep\n|\n|t:|1699416171\n|switch|p2a: Quaquaval|Quaquaval, F|100\/100\n|-damage|p2a: Quaquaval|94\/100|[from] Stealth Rock\n|turn|10\n|c| AuXanthus|Moody, Sand Veil and Snow Cloak are banned\n|c| AuXanthus|this is the abilities banned from what I see\n|c| AuXanthus|probably why gren is 18 pts\n|\n|t:|1699416212\n|move|p1a: Greninja|Hydro Pump|p2a: Quaquaval\n|-resisted|p2a: Quaquaval\n|-damage|p2a: Quaquaval|34\/100\n|-damage|p1a: Greninja|25\/100|[from] item: Life Orb\n|move|p2a: Quaquaval|Aqua Step|p1a: Greninja\n|-resisted|p1a: Greninja\n|-damage|p1a: Greninja|0 fnt\n|-boost|p2a: Quaquaval|spe|1\n|faint|p1a: Greninja\n|-ability|p2a: Quaquaval|Moxie|boost\n|-boost|p2a: Quaquaval|atk|1\n|-damage|p2a: Quaquaval|24\/100|[from] item: Life Orb\n|\n|upkeep\n|\n|t:|1699416232\n|switch|p1a: Fezandipiti|Fezandipiti, M|100\/100\n|-damage|p1a: Fezandipiti|88\/100|[from] Stealth Rock\n|turn|11\n|c| AuXanthus|I think it's also unbanned because it changed going into gen IX\n|\n|t:|1699416259\n|move|p2a: Quaquaval|Aqua Step|p1a: Fezandipiti\n|-damage|p1a: Fezandipiti|28\/100\n|-boost|p2a: Quaquaval|spe|1\n|-damage|p2a: Quaquaval|8\/100|[from] item: Rocky Helmet|[of] p1a: Fezandipiti\n|-damage|p2a: Quaquaval|0 fnt|[from] item: Life Orb\n|faint|p2a: Quaquaval\n|move|p1a: Fezandipiti|Play Rough|p2: Quaquaval|[notarget]\n|-fail|p1a: Fezandipiti\n|\n|upkeep\n|\n|t:|1699416279\n|switch|p2a: Sandy Shocks|Sandy Shocks|94\/100\n|-damage|p2a: Sandy Shocks|88\/100|[from] Stealth Rock\n|turn|12\n|\n|t:|1699416319\n|move|p2a: Sandy Shocks|Earth Power|p1a: Fezandipiti\n|-supereffective|p1a: Fezandipiti\n|-damage|p1a: Fezandipiti|0 fnt\n|faint|p1a: Fezandipiti\n|\n|upkeep\n|\n|t:|1699416328\n|switch|p1a: Lilligant|Lilligant, F|100\/100\n|turn|13\n|\n|t:|1699416364\n|move|p2a: Sandy Shocks|Volt Switch|p1a: Lilligant\n|-resisted|p1a: Lilligant\n|-damage|p1a: Lilligant|75\/100\n|\n|t:|1699416367\n|-end|p2a: Sandy Shocks|Protosynthesis|[silent]\n|switch|p2a: Torkoal|Torkoal, M|100\/100|[from] Volt Switch\n|move|p1a: Lilligant|Giga Drain|p2a: Torkoal\n|-resisted|p2a: Torkoal\n|-damage|p2a: Torkoal|73\/100\n|-heal|p1a: Lilligant|91\/100|[from] drain|[of] p2a: Torkoal\n|\n|upkeep\n|turn|14\n|\n|t:|1699416385\n|move|p1a: Lilligant|Quiver Dance|p1a: Lilligant\n|-boost|p1a: Lilligant|spa|1\n|-boost|p1a: Lilligant|spd|1\n|-boost|p1a: Lilligant|spe|1\n|move|p2a: Torkoal|Body Press|p1a: Lilligant\n|-damage|p1a: Lilligant|45\/100\n|\n|upkeep\n|turn|15\n|\n|t:|1699416392\n|move|p1a: Lilligant|Giga Drain|p2a: Torkoal\n|-resisted|p2a: Torkoal\n|-damage|p2a: Torkoal|38\/100\n|-heal|p1a: Lilligant|66\/100|[from] drain|[of] p2a: Torkoal\n|move|p2a: Torkoal|Body Press|p1a: Lilligant\n|-crit|p1a: Lilligant\n|-damage|p1a: Lilligant|0 fnt\n|faint|p1a: Lilligant\n|\n|upkeep\n|\n|t:|1699416400\n|switch|p1a: Yanmega|Yanmega, M|100\/100\n|-damage|p1a: Yanmega|51\/100|[from] Stealth Rock\n|turn|16\n|c| AuXanthus|oof that crit\n|\n|t:|1699416436\n|move|p1a: Yanmega|Air Slash|p2a: Torkoal\n|-damage|p2a: Torkoal|0 fnt\n|faint|p2a: Torkoal\n|-damage|p1a: Yanmega|41\/100|[from] item: Life Orb\n|\n|-ability|p1a: Yanmega|Speed Boost|boost\n|-boost|p1a: Yanmega|spe|1\n|upkeep\n|\n|t:|1699416450\n|switch|p2a: Sandy Shocks|Sandy Shocks|88\/100\n|-damage|p2a: Sandy Shocks|82\/100|[from] Stealth Rock\n|turn|17\n|c|\u2606tchantnh|Eh, did it change the way that plays out? Not 100% sure\n|c|\u2606tchantnh|Too tired to think through the decision tree\n|\n|t:|1699416484\n|move|p1a: Yanmega|Giga Drain|p2a: Sandy Shocks\n|-supereffective|p2a: Sandy Shocks\n|-damage|p2a: Sandy Shocks|0 fnt\n|-heal|p1a: Yanmega|83\/100|[from] drain|[of] p2a: Sandy Shocks\n|faint|p2a: Sandy Shocks\n|-end|p2a: Sandy Shocks|Protosynthesis|[silent]\n|-damage|p1a: Yanmega|73\/100|[from] item: Life Orb\n|\n|win|Kalas714\n|c|\u2606tchantnh|GG\n|c| AuXanthus|oh idk\n|c|\u2606Kalas714|ggs\n","uploadtime":1699416502,"views":25,"p1id":"kalas714","p2id":"tchantnh","formatid":"gen9anythinggoes","rating":0,"private":0,"password":""}