{"id":"gen9anythinggoes-1972867058","p1":"Jdub11111111","p2":"Beary1337","format":"[Gen 9] Anything Goes","log":"|j|\u2606Jdub11111111\n|j|\u2606Beary1337\n|t:|1697903774\n|gametype|singles\n|player|p1|Jdub11111111|101|1127\n|player|p2|Beary1337|steven|1193\n|teamsize|p1|6\n|teamsize|p2|6\n|gen|9\n|tier|[Gen 9] Anything Goes\n|rated|\n|rule|HP Percentage Mod: HP is shown in percentages\n|rule|Endless Battle Clause: Forcing endless battles is banned\n|clearpoke\n|poke|p1|Dragapult, M|\n|poke|p1|Toedscruel, M|\n|poke|p1|Delphox, F|\n|poke|p1|Toxapex, F|\n|poke|p1|Samurott-Hisui, M|\n|poke|p1|Tinkaton, F|\n|poke|p2|Roaring Moon|\n|poke|p2|Ogerpon-Hearthflame, F|\n|poke|p2|Volcarona, F|\n|poke|p2|Shaymin-Sky|\n|poke|p2|Dragonite, F|\n|poke|p2|Great Tusk|\n|teampreview\n|inactive|Battle timer is ON: inactive players will automatically lose when time's up. (requested by Jdub11111111)\n|\n|t:|1697903784\n|start\n|switch|p1a: Squid|Toedscruel, M|100\/100\n|switch|p2a: Shaymin|Shaymin-Sky|100\/100\n|turn|1\n|\n|t:|1697903792\n|move|p2a: Shaymin|Air Slash|p1a: Squid\n|-supereffective|p1a: Squid\n|-damage|p1a: Squid|34\/100\n|cant|p1a: Squid|flinch\n|\n|upkeep\n|turn|2\n|\n|t:|1697903797\n|move|p2a: Shaymin|Air Slash|p1a: Squid\n|-supereffective|p1a: Squid\n|-damage|p1a: Squid|0 fnt\n|faint|p1a: Squid\n|\n|upkeep\n|\n|t:|1697903805\n|switch|p1a: Furry|Delphox, F|100\/100\n|turn|3\n|\n|t:|1697903816\n|move|p2a: Shaymin|Air Slash|p1a: Furry\n|-damage|p1a: Furry|54\/100\n|cant|p1a: Furry|flinch\n|\n|upkeep\n|turn|4\n|\n|t:|1697903819\n|move|p2a: Shaymin|Earth Power|p1a: Furry\n|-supereffective|p1a: Furry\n|-damage|p1a: Furry|0 fnt\n|faint|p1a: Furry\n|\n|upkeep\n|\n|t:|1697903822\n|switch|p1a: Blow dart|Dragapult, M|100\/100\n|turn|5\n|\n|t:|1697903830\n|move|p2a: Shaymin|Seed Flare|p1a: Blow dart\n|-resisted|p1a: Blow dart\n|-damage|p1a: Blow dart|59\/100\n|move|p1a: Blow dart|Dragon Dance|p1a: Blow dart\n|-boost|p1a: Blow dart|atk|1\n|-boost|p1a: Blow dart|spe|1\n|\n|upkeep\n|turn|6\n|\n|t:|1697903835\n|move|p1a: Blow dart|Dragon Dance|p1a: Blow dart\n|-boost|p1a: Blow dart|atk|1\n|-boost|p1a: Blow dart|spe|1\n|move|p2a: Shaymin|Air Slash|p1a: Blow dart\n|-damage|p1a: Blow dart|4\/100\n|\n|upkeep\n|turn|7\n|\n|t:|1697903842\n|move|p1a: Blow dart|Flamethrower|p2a: Shaymin\n|-supereffective|p2a: Shaymin\n|-damage|p2a: Shaymin|27\/100\n|-damage|p1a: Blow dart|0 fnt|[from] item: Life Orb\n|faint|p1a: Blow dart\n|move|p2a: Shaymin|Seed Flare|p1: Blow dart|[notarget]\n|-fail|p2a: Shaymin\n|\n|upkeep\n|\n|t:|1697903849\n|switch|p1a: Big Hammer|Tinkaton, F|100\/100\n|-ability|p1a: Big Hammer|Mold Breaker\n|turn|8\n|\n|t:|1697903854\n|move|p2a: Shaymin|Earth Power|p1a: Big Hammer\n|-supereffective|p1a: Big Hammer\n|-damage|p1a: Big Hammer|53\/100\n|move|p1a: Big Hammer|Knock Off|p2a: Shaymin\n|-damage|p2a: Shaymin|5\/100\n|-enditem|p2a: Shaymin|Focus Sash|[from] move: Knock Off|[of] p1a: Big Hammer\n|\n|-heal|p1a: Big Hammer|60\/100|[from] item: Leftovers\n|upkeep\n|turn|9\n|\n|t:|1697903859\n|move|p2a: Shaymin|Air Slash|p1a: Big Hammer\n|-resisted|p1a: Big Hammer\n|-damage|p1a: Big Hammer|46\/100\n|cant|p1a: Big Hammer|flinch\n|\n|-heal|p1a: Big Hammer|53\/100|[from] item: Leftovers\n|upkeep\n|turn|10\n|\n|t:|1697903862\n|move|p2a: Shaymin|Earth Power|p1a: Big Hammer\n|-supereffective|p1a: Big Hammer\n|-damage|p1a: Big Hammer|11\/100\n|move|p1a: Big Hammer|Knock Off|p2a: Shaymin\n|-damage|p2a: Shaymin|0 fnt\n|faint|p2a: Shaymin\n|\n|-heal|p1a: Big Hammer|18\/100|[from] item: Leftovers\n|upkeep\n|\n|t:|1697903870\n|switch|p2a: Ogerpon|Ogerpon-Hearthflame, F|100\/100\n|-ability|p2a: Ogerpon|Mold Breaker\n|turn|11\n|\n|t:|1697903874\n|move|p2a: Ogerpon|Ivy Cudgel|p1a: Big Hammer\n|-supereffective|p1a: Big Hammer\n|-damage|p1a: Big Hammer|0 fnt\n|faint|p1a: Big Hammer\n|\n|upkeep\n|\n|t:|1697903877\n|switch|p1a: edgey sea lion|Samurott-Hisui, M|100\/100\n|turn|12\n|\n|t:|1697903881\n|move|p2a: Ogerpon|U-turn|p1a: edgey sea lion\n|-supereffective|p1a: edgey sea lion\n|-damage|p1a: edgey sea lion|28\/100\n|\n|t:|1697903883\n|switch|p2a: Roaring Moon|Roaring Moon|100\/100|[from] U-turn\n|move|p1a: edgey sea lion|Razor Shell|p2a: Roaring Moon\n|-resisted|p2a: Roaring Moon\n|-damage|p2a: Roaring Moon|67\/100\n|-unboost|p2a: Roaring Moon|def|1\n|\n|upkeep\n|turn|13\n|\n|t:|1697903896\n|-terastallize|p2a: Roaring Moon|Dark\n|move|p1a: edgey sea lion|Aqua Jet|p2a: Roaring Moon\n|-damage|p2a: Roaring Moon|34\/100\n|move|p2a: Roaring Moon|Knock Off|p1a: edgey sea lion\n|-resisted|p1a: edgey sea lion\n|-damage|p1a: edgey sea lion|0 fnt\n|-enditem|p1a: edgey sea lion|Focus Sash|[from] move: Knock Off|[of] p2a: Roaring Moon\n|faint|p1a: edgey sea lion\n|\n|upkeep\n|\n|t:|1697903901\n|switch|p1a: Nuclear Bunker|Toxapex, F|100\/100\n|turn|14\n|\n|t:|1697903905\n|move|p2a: Roaring Moon|Knock Off|p1a: Nuclear Bunker\n|-damage|p1a: Nuclear Bunker|27\/100\n|-enditem|p1a: Nuclear Bunker|Black Sludge|[from] move: Knock Off|[of] p2a: Roaring Moon\n|move|p1a: Nuclear Bunker|Surf|p2a: Roaring Moon\n|-damage|p2a: Roaring Moon|14\/100\n|\n|upkeep\n|turn|15\n|\n|t:|1697903911\n|move|p1a: Nuclear Bunker|Baneful Bunker|p1a: Nuclear Bunker\n|-singleturn|p1a: Nuclear Bunker|move: Protect\n|move|p2a: Roaring Moon|Knock Off|p1a: Nuclear Bunker\n|-activate|p1a: Nuclear Bunker|move: Protect\n|-status|p2a: Roaring Moon|psn\n|\n|-damage|p2a: Roaring Moon|1\/100 psn|[from] psn\n|upkeep\n|turn|16\n|\n|t:|1697903917\n|move|p1a: Nuclear Bunker|Baneful Bunker||[still]\n|-fail|p1a: Nuclear Bunker\n|move|p2a: Roaring Moon|Knock Off|p1a: Nuclear Bunker\n|-damage|p1a: Nuclear Bunker|0 fnt\n|faint|p1a: Nuclear Bunker\n|\n|win|Beary1337\n|raw|Jdub11111111's rating: 1127 &rarr; <strong>1107<\/strong><br \/>(-20 for losing)\n|raw|Beary1337's rating: 1193 &rarr; <strong>1213<\/strong><br \/>(+20 for winning)\n|l|\u2606Jdub11111111\n","uploadtime":1697903924,"views":9,"p1id":"jdub11111111","p2id":"beary1337","formatid":"gen9anythinggoes","rating":1107,"private":0,"password":""}