{"id":"gen9anythinggoes-1992688714","p1":"pphub","p2":"MEME\/\/BRAIN","format":"[Gen 9] Anything Goes","log":"|j|\u2606pphub\n|j|\u203dMEME\/\/BRAIN\n|t:|1700225460\n|gametype|singles\n|player|p1|pphub|veteran|1137\n|player|p2|MEME\/\/BRAIN|guitarist|1157\n|teamsize|p1|6\n|teamsize|p2|6\n|gen|9\n|tier|[Gen 9] Anything Goes\n|rated|\n|rule|HP Percentage Mod: HP is shown in percentages\n|rule|Endless Battle Clause: Forcing endless battles is banned\n|clearpoke\n|poke|p1|Corviknight, M|\n|poke|p1|Haxorus, M|\n|poke|p1|Mimikyu, F|\n|poke|p1|Darkrai|\n|poke|p1|Skeledirge, M|\n|poke|p1|Iron Hands|\n|poke|p2|Cyclizar, M|\n|poke|p2|Espathra, F|\n|poke|p2|Medicham, F|\n|poke|p2|Cloyster, F|\n|poke|p2|Drifblim, F|\n|poke|p2|Skeledirge, M|\n|teampreview\n|\n|t:|1700225466\n|start\n|switch|p1a: Handsy|Iron Hands|100\/100\n|switch|p2a: Cyclizar|Cyclizar, M|100\/100\n|turn|1\n|inactive|Battle timer is ON: inactive players will automatically lose when time's up. (requested by MEME\/\/BRAIN)\n|\n|t:|1700225476\n|move|p2a: Cyclizar|Shed Tail|p2a: Cyclizar\n|-start|p2a: Cyclizar|Substitute|[from] move: Shed Tail\n|-damage|p2a: Cyclizar|50\/100\n|\n|t:|1700225480\n|switch|p2a: Espathra|Espathra, F|100\/100|[from] Shed Tail\n|move|p1a: Handsy|Body Press|p2a: Espathra\n|-resisted|p2a: Espathra\n|-activate|p2a: Espathra|move: Substitute|[damage]\n|\n|upkeep\n|turn|2\n|\n|t:|1700225490\n|move|p2a: Espathra|Calm Mind|p2a: Espathra\n|-boost|p2a: Espathra|spa|1\n|-boost|p2a: Espathra|spd|1\n|move|p1a: Handsy|Heavy Slam|p2a: Espathra\n|-end|p2a: Espathra|Substitute\n|\n|-ability|p2a: Espathra|Speed Boost|boost\n|-boost|p2a: Espathra|spe|1\n|upkeep\n|turn|3\n|\n|t:|1700225502\n|move|p2a: Espathra|Stored Power|p1a: Handsy\n|-supereffective|p1a: Handsy\n|-damage|p1a: Handsy|30\/100\n|move|p1a: Handsy|Heavy Slam|p2a: Espathra\n|-damage|p2a: Espathra|64\/100\n|\n|-ability|p2a: Espathra|Speed Boost|boost\n|-boost|p2a: Espathra|spe|1\n|upkeep\n|turn|4\n|\n|t:|1700225512\n|-end|p1a: Handsy|Quark Drive|[silent]\n|switch|p1a: Rex|Haxorus, M, shiny|100\/100\n|-ability|p1a: Rex|Unnerve\n|move|p2a: Espathra|Calm Mind|p2a: Espathra\n|-boost|p2a: Espathra|spa|1\n|-boost|p2a: Espathra|spd|1\n|\n|-ability|p2a: Espathra|Speed Boost|boost\n|-boost|p2a: Espathra|spe|1\n|upkeep\n|turn|5\n|\n|t:|1700225523\n|-terastallize|p1a: Rex|Dragon\n|move|p2a: Espathra|Stored Power|p1a: Rex\n|-enditem|p1a: Rex|Focus Sash\n|-damage|p1a: Rex|1\/100\n|move|p1a: Rex|Outrage|p2a: Espathra\n|-damage|p2a: Espathra|0 fnt\n|faint|p2a: Espathra\n|\n|upkeep\n|\n|t:|1700225534\n|switch|p2a: Cyclizar|Cyclizar, M|84\/100\n|turn|6\n|\n|t:|1700225538\n|move|p1a: Rex|Outrage|p2a: Cyclizar|[from]lockedmove\n|-supereffective|p2a: Cyclizar\n|-damage|p2a: Cyclizar|0 fnt\n|faint|p2a: Cyclizar\n|-start|p1a: Rex|confusion|[fatigue]\n|\n|upkeep\n|\n|t:|1700225550\n|switch|p2a: Drifblim|Drifblim, F|100\/100\n|turn|7\n|\n|t:|1700225557\n|-terastallize|p2a: Drifblim|Ground\n|-activate|p1a: Rex|confusion\n|move|p1a: Rex|Outrage|p2a: Drifblim\n|-damage|p2a: Drifblim|0 fnt\n|-damage|p1a: Rex|0 fnt|[from] ability: Aftermath|[of] p2a: Drifblim\n|faint|p2a: Drifblim\n|faint|p1a: Rex\n|\n|upkeep\n|\n|t:|1700225568\n|switch|p1a: Drake|Darkrai|100\/100\n|switch|p2a: Cloyster|Cloyster, F, shiny|100\/100\n|turn|8\n|\n|t:|1700225577\n|move|p1a: Drake|Foul Play|p2a: Cloyster\n|-damage|p2a: Cloyster|65\/100\n|move|p2a: Cloyster|Shell Smash|p2a: Cloyster\n|-unboost|p2a: Cloyster|def|1\n|-unboost|p2a: Cloyster|spd|1\n|-boost|p2a: Cloyster|atk|2\n|-boost|p2a: Cloyster|spa|2\n|-boost|p2a: Cloyster|spe|2\n|-enditem|p2a: Cloyster|White Herb\n|-clearnegativeboost|p2a: Cloyster|[silent]\n|\n|upkeep\n|turn|9\n|\n|t:|1700225593\n|switch|p1a: Mick|Corviknight, M, shiny|100\/100\n|move|p2a: Cloyster|Icicle Spear|p1a: Mick\n|-damage|p1a: Mick|84\/100\n|-damage|p1a: Mick|67\/100\n|-damage|p1a: Mick|51\/100\n|-damage|p1a: Mick|33\/100\n|-damage|p1a: Mick|15\/100\n|-hitcount|p1a: Mick|5\n|\n|-heal|p1a: Mick|21\/100|[from] item: Leftovers\n|upkeep\n|turn|10\n|\n|t:|1700225606\n|move|p2a: Cloyster|Icicle Spear|p1a: Mick\n|-damage|p1a: Mick|2\/100\n|-crit|p1a: Mick\n|-damage|p1a: Mick|0 fnt\n|faint|p1a: Mick\n|-hitcount|p1: Mick|2\n|\n|upkeep\n|\n|t:|1700225612\n|switch|p1a: Handsy|Iron Hands|30\/100\n|turn|11\n|\n|t:|1700225618\n|move|p2a: Cloyster|Icicle Spear|p1a: Handsy\n|-damage|p1a: Handsy|16\/100\n|-damage|p1a: Handsy|4\/100\n|-damage|p1a: Handsy|0 fnt\n|faint|p1a: Handsy\n|-end|p1a: Handsy|Quark Drive|[silent]\n|-hitcount|p1: Handsy|3\n|\n|upkeep\n|\n|t:|1700225625\n|switch|p1a: Mily|Mimikyu, F, shiny|100\/100\n|turn|12\n|\n|t:|1700225629\n|move|p2a: Cloyster|Icicle Spear|p1a: Mily\n|-activate|p1a: Mily|ability: Disguise\n|-damage|p1a: Mily|100\/100\n|detailschange|p1a: Mily|Mimikyu-Busted, F, shiny\n|-damage|p1a: Mily|88\/100|[from] pokemon: Mimikyu-Busted\n|-damage|p1a: Mily|58\/100\n|-damage|p1a: Mily|27\/100\n|-damage|p1a: Mily|0 fnt\n|faint|p1a: Mily\n|-hitcount|p1: Mily|4\n|\n|upkeep\n|\n|t:|1700225635\n|switch|p1a: Ice spice|Skeledirge, M, shiny|100\/100\n|turn|13\n|\n|t:|1700225643\n|move|p2a: Cloyster|Rock Blast|p1a: Ice spice\n|-supereffective|p1a: Ice spice\n|-damage|p1a: Ice spice|76\/100\n|-supereffective|p1a: Ice spice\n|-damage|p1a: Ice spice|52\/100\n|-supereffective|p1a: Ice spice\n|-damage|p1a: Ice spice|28\/100\n|-supereffective|p1a: Ice spice\n|-damage|p1a: Ice spice|2\/100\n|-supereffective|p1a: Ice spice\n|-damage|p1a: Ice spice|0 fnt\n|faint|p1a: Ice spice\n|-hitcount|p1: Ice spice|5\n|\n|upkeep\n|\n|t:|1700225654\n|switch|p1a: Drake|Darkrai|100\/100\n|turn|14\n|\n|t:|1700225660\n|move|p2a: Cloyster|Icicle Spear|p1a: Drake\n|-damage|p1a: Drake|71\/100\n|-damage|p1a: Drake|45\/100\n|-damage|p1a: Drake|15\/100\n|-damage|p1a: Drake|0 fnt\n|faint|p1a: Drake\n|-hitcount|p1: Drake|4\n|\n|win|MEME\/\/BRAIN\n|raw|pphub's rating: 1137 &rarr; <strong>1113<\/strong><br \/>(-24 for losing)\n|raw|MEME&#x2f;&#x2f;BRAIN's rating: 1157 &rarr; <strong>1181<\/strong><br \/>(+24 for winning)\n","uploadtime":1700225674,"views":9,"p1id":"pphub","p2id":"memebrain","formatid":"gen9anythinggoes","rating":1113,"private":0,"password":""}