{"id":"gen9anythinggoes-1992291829","p1":"AlmightyGamer1221","p2":"dinoboy3red","format":"[Gen 9] Anything Goes","log":"|j|\u2606AlmightyGamer1221\n|j|\u2606dinoboy3red\n|t:|1700171551\n|gametype|singles\n|player|p1|AlmightyGamer1221|101|1192\n|player|p2|dinoboy3red|101|1145\n|teamsize|p1|6\n|teamsize|p2|6\n|gen|9\n|tier|[Gen 9] Anything Goes\n|rated|\n|rule|HP Percentage Mod: HP is shown in percentages\n|rule|Endless Battle Clause: Forcing endless battles is banned\n|clearpoke\n|poke|p1|Regieleki|\n|poke|p1|Barraskewda, F|\n|poke|p1|Flutter Mane|\n|poke|p1|Talonflame, F|\n|poke|p1|Mewtwo|\n|poke|p1|Chien-Pao|\n|poke|p2|Tropius, F|\n|poke|p2|Toxapex, M|\n|poke|p2|Breloom, F|\n|poke|p2|Hatterene, F|\n|poke|p2|Kingambit, F|\n|poke|p2|Houndstone, M|\n|teampreview\n|inactive|Battle timer is ON: inactive players will automatically lose when time's up. (requested by dinoboy3red)\n|\n|t:|1700171561\n|start\n|switch|p1a: Regieleki|Regieleki, shiny|100\/100\n|switch|p2a: bunky|Toxapex, M, shiny|100\/100\n|turn|1\n|\n|t:|1700171569\n|move|p1a: Regieleki|Thunder|p2a: bunky\n|-supereffective|p2a: bunky\n|-damage|p2a: bunky|0 fnt\n|faint|p2a: bunky\n|\n|upkeep\n|\n|t:|1700171573\n|switch|p2a: birb|Tropius, F, shiny|100\/100\n|turn|2\n|c|\u2606dinoboy3red|that was the wrong one\n|\n|t:|1700171584\n|switch|p2a: loom|Breloom, F, shiny|100\/100\n|move|p1a: Regieleki|Volt Switch|p2a: loom\n|-resisted|p2a: loom\n|-damage|p2a: loom|60\/100\n|\n|t:|1700171596\n|switch|p1a: Flutter Mane|Flutter Mane, shiny|100\/100|[from] Volt Switch\n|-enditem|p1a: Flutter Mane|Booster Energy\n|-activate|p1a: Flutter Mane|ability: Protosynthesis|[fromitem]\n|-start|p1a: Flutter Mane|protosynthesisspe\n|\n|-heal|p2a: loom|66\/100|[from] item: Leftovers\n|upkeep\n|turn|3\n|\n|t:|1700171604\n|move|p1a: Flutter Mane|Moonblast|p2a: loom\n|-supereffective|p2a: loom\n|-damage|p2a: loom|0 fnt\n|faint|p2a: loom\n|\n|upkeep\n|\n|t:|1700171609\n|switch|p2a: birb|Tropius, F, shiny|100\/100\n|turn|4\n|\n|t:|1700171613\n|move|p1a: Flutter Mane|Icy Wind|p2a: birb\n|-supereffective|p2a: birb\n|-damage|p2a: birb|39\/100\n|-unboost|p2a: birb|spe|1\n|-enditem|p2a: birb|Sitrus Berry|[eat]\n|-heal|p2a: birb|64\/100|[from] item: Sitrus Berry\n|move|p2a: birb|Leech Seed|p1a: Flutter Mane\n|-start|p1a: Flutter Mane|move: Leech Seed\n|\n|-damage|p1a: Flutter Mane|88\/100|[from] Leech Seed|[of] p2a: birb\n|-heal|p2a: birb|71\/100|[silent]\n|upkeep\n|turn|5\n|\n|t:|1700171622\n|move|p2a: birb|Protect|p2a: birb\n|-singleturn|p2a: birb|Protect\n|move|p1a: Flutter Mane|Icy Wind|p2a: birb\n|-activate|p2a: birb|move: Protect\n|\n|-damage|p1a: Flutter Mane|76\/100|[from] Leech Seed|[of] p2a: birb\n|-heal|p2a: birb|79\/100|[silent]\n|upkeep\n|turn|6\n|\n|t:|1700171630\n|move|p1a: Flutter Mane|Icy Wind|p2a: birb\n|-supereffective|p2a: birb\n|-damage|p2a: birb|16\/100\n|-unboost|p2a: birb|spe|1\n|move|p2a: birb|Substitute|p2a: birb\n|-fail|p2a: birb|move: Substitute|[weak]\n|\n|-damage|p1a: Flutter Mane|63\/100|[from] Leech Seed|[of] p2a: birb\n|-heal|p2a: birb|24\/100|[silent]\n|-item|p2a: birb|Sitrus Berry|[from] ability: Harvest\n|upkeep\n|-enditem|p2a: birb|Sitrus Berry|[eat]\n|-heal|p2a: birb|49\/100|[from] item: Sitrus Berry\n|turn|7\n|\n|t:|1700171642\n|move|p2a: birb|Protect|p2a: birb\n|-singleturn|p2a: birb|Protect\n|move|p1a: Flutter Mane|Icy Wind|p2a: birb\n|-activate|p2a: birb|move: Protect\n|\n|-damage|p1a: Flutter Mane|51\/100|[from] Leech Seed|[of] p2a: birb\n|-heal|p2a: birb|57\/100|[silent]\n|-item|p2a: birb|Sitrus Berry|[from] ability: Harvest\n|upkeep\n|turn|8\n|\n|t:|1700171656\n|move|p2a: birb|Protect|p2a: birb\n|-singleturn|p2a: birb|Protect\n|move|p1a: Flutter Mane|Icy Wind|p2a: birb\n|-activate|p2a: birb|move: Protect\n|\n|-damage|p1a: Flutter Mane|39\/100|[from] Leech Seed|[of] p2a: birb\n|-heal|p2a: birb|64\/100|[silent]\n|upkeep\n|turn|9\n|\n|t:|1700171678\n|move|p1a: Flutter Mane|Icy Wind|p2a: birb\n|-supereffective|p2a: birb\n|-damage|p2a: birb|0 fnt\n|faint|p2a: birb\n|\n|upkeep\n|\n|t:|1700171685\n|switch|p2a: hatt|Hatterene, F, shiny|100\/100\n|turn|10\n|\n|t:|1700171691\n|move|p1a: Flutter Mane|Shadow Ball|p2a: hatt\n|-supereffective|p2a: hatt\n|-enditem|p2a: hatt|Focus Sash\n|-damage|p2a: hatt|1\/100\n|move|p2a: hatt|Draining Kiss|p1a: Flutter Mane\n|-damage|p1a: Flutter Mane|10\/100\n|-heal|p2a: hatt|22\/100|[from] drain|[of] p1a: Flutter Mane\n|\n|-damage|p1a: Flutter Mane|0 fnt|[from] Leech Seed|[of] p2a: hatt\n|-heal|p2a: hatt|31\/100|[silent]\n|faint|p1a: Flutter Mane\n|-end|p1a: Flutter Mane|Protosynthesis|[silent]\n|upkeep\n|inactive|AlmightyGamer1221 has 120 seconds left.\n|\n|t:|1700171721\n|switch|p1a: Talonflame|Talonflame, F, shiny|100\/100\n|turn|11\n|inactive|AlmightyGamer1221 has 120 seconds left.\n|\n|t:|1700171727\n|move|p1a: Talonflame|Swords Dance|p1a: Talonflame\n|-boost|p1a: Talonflame|atk|2\n|move|p2a: hatt|Draining Kiss|p1a: Talonflame\n|-resisted|p1a: Talonflame\n|-damage|p1a: Talonflame|79\/100\n|-heal|p2a: hatt|50\/100|[from] drain|[of] p1a: Talonflame\n|\n|upkeep\n|turn|12\n|\n|t:|1700171735\n|move|p1a: Talonflame|Swords Dance|p1a: Talonflame\n|-boost|p1a: Talonflame|atk|2\n|move|p2a: hatt|Draining Kiss|p1a: Talonflame\n|-resisted|p1a: Talonflame\n|-damage|p1a: Talonflame|57\/100\n|-heal|p2a: hatt|70\/100|[from] drain|[of] p1a: Talonflame\n|\n|upkeep\n|turn|13\n|\n|t:|1700171746\n|move|p1a: Talonflame|Swords Dance|p1a: Talonflame\n|-boost|p1a: Talonflame|atk|2\n|move|p2a: hatt|Substitute|p2a: hatt\n|-start|p2a: hatt|Substitute\n|-damage|p2a: hatt|45\/100\n|\n|upkeep\n|turn|14\n|\n|t:|1700171755\n|move|p1a: Talonflame|Steel Wing|p2a: hatt\n|-supereffective|p2a: hatt\n|-end|p2a: hatt|Substitute\n|-boost|p1a: Talonflame|def|1\n|move|p2a: hatt|Draining Kiss|p1a: Talonflame\n|-resisted|p1a: Talonflame\n|-damage|p1a: Talonflame|38\/100\n|-heal|p2a: hatt|62\/100|[from] drain|[of] p1a: Talonflame\n|\n|upkeep\n|turn|15\n|\n|t:|1700171764\n|move|p1a: Talonflame|Flame Charge|p2a: hatt\n|-damage|p2a: hatt|0 fnt\n|-boost|p1a: Talonflame|spe|1\n|faint|p2a: hatt\n|\n|upkeep\n|\n|t:|1700171769\n|switch|p2a: gambit|Kingambit, F|100\/100\n|-activate|p2a: gambit|ability: Supreme Overlord\n|-start|p2a: gambit|fallen4|[silent]\n|turn|16\n|\n|t:|1700171774\n|move|p1a: Talonflame|Swords Dance|p1a: Talonflame\n|-boost|p1a: Talonflame|atk|0\n|move|p2a: gambit|Sandstorm|p2a: gambit\n|-weather|Sandstorm\n|\n|-weather|Sandstorm|[upkeep]\n|-damage|p1a: Talonflame|32\/100|[from] Sandstorm\n|upkeep\n|turn|17\n|\n|t:|1700171781\n|move|p1a: Talonflame|Swords Dance|p1a: Talonflame\n|-boost|p1a: Talonflame|atk|0\n|move|p2a: gambit|Kowtow Cleave|p1a: Talonflame\n|-damage|p1a: Talonflame|0 fnt\n|faint|p1a: Talonflame\n|\n|-weather|Sandstorm|[upkeep]\n|upkeep\n|\n|t:|1700171789\n|switch|p1a: Chien-Pao|Chien-Pao|100\/100\n|-ability|p1a: Chien-Pao|Sword of Ruin\n|turn|18\n|\n|t:|1700171795\n|move|p1a: Chien-Pao|Sacred Sword|p2a: gambit\n|-supereffective|p2a: gambit\n|-enditem|p2a: gambit|Focus Sash\n|-damage|p2a: gambit|1\/100\n|move|p2a: gambit|Kowtow Cleave|p1a: Chien-Pao\n|-resisted|p1a: Chien-Pao\n|-damage|p1a: Chien-Pao|62\/100\n|\n|-weather|Sandstorm|[upkeep]\n|-damage|p1a: Chien-Pao|56\/100|[from] Sandstorm\n|upkeep\n|turn|19\n|\n|t:|1700171806\n|move|p1a: Chien-Pao|Crunch|p2a: gambit\n|-resisted|p2a: gambit\n|-damage|p2a: gambit|0 fnt\n|faint|p2a: gambit\n|-end|p2a: gambit|fallen4|[silent]\n|\n|-weather|Sandstorm|[upkeep]\n|-damage|p1a: Chien-Pao|50\/100|[from] Sandstorm\n|upkeep\n|\n|t:|1700171812\n|switch|p2a: finalcountdown|Houndstone, M|100\/100\n|turn|20\n|\n|t:|1700171816\n|move|p2a: finalcountdown|Last Respects|p1a: Chien-Pao\n|-resisted|p1a: Chien-Pao\n|-damage|p1a: Chien-Pao|0 fnt\n|faint|p1a: Chien-Pao\n|\n|-weather|none\n|upkeep\n|c|\u2606AlmightyGamer1221|no, i stalled out your sandstorm\n|c|\u2606AlmightyGamer1221|bitch\n|\n|t:|1700171832\n|switch|p1a: Regieleki|Regieleki, shiny|100\/100\n|turn|21\n|c|\u2606dinoboy3red|jesus calm down\n|\n|t:|1700171840\n|move|p1a: Regieleki|Thunder Wave|p2a: finalcountdown\n|-status|p2a: finalcountdown|par\n|cant|p2a: finalcountdown|par\n|\n|upkeep\n|turn|22\n|c|\u2606dinoboy3red|its just a game\n|c|\u2606AlmightyGamer1221|i fucking hate that last respect spamming shit, getting reversed swept by that shit makes me wanna kill someone\n|inactive|AlmightyGamer1221 has 120 seconds left.\n|n|\u203dAlmightyGamer1221|almightygamer1221\n|c|&|\/log AlmightyGamer1221 was locked from talking by Artemis for a week. (\u2606AlmightyGamer1221: i fucking hate that last respect spamming shit, getting reversed swept by that shit makes me wanna someone)\n|c|&|\/raw <small>This action was done automatically. Want to learn more about the AI? <a href=\"https:\/\/www.smogon.com\/forums\/threads\/3570628\/#post-9056769\">Visit the information thread<\/a>.<\/small>\n|\n|t:|1700171886\n|move|p1a: Regieleki|Thunder|p2a: finalcountdown\n|-enditem|p2a: finalcountdown|Focus Sash\n|-damage|p2a: finalcountdown|1\/100 par\n|move|p2a: finalcountdown|Last Respects|p1a: Regieleki\n|-damage|p1a: Regieleki|0 fnt\n|faint|p1a: Regieleki\n|\n|upkeep\n|c|\u2606dinoboy3red|l imagine getting banned\n|\n|t:|1700171894\n|switch|p1a: Mewtwo|Mewtwo, shiny|100\/100\n|-ability|p1a: Mewtwo|Unnerve\n|turn|23\n|\n|t:|1700171900\n|move|p1a: Mewtwo|Psystrike|p2a: finalcountdown\n|-damage|p2a: finalcountdown|0 fnt\n|faint|p2a: finalcountdown\n|\n|win|AlmightyGamer1221\n|raw|AlmightyGamer1221's rating: 1192 &rarr; <strong>1214<\/strong><br \/>(+22 for winning)\n|raw|dinoboy3red's rating: 1145 &rarr; <strong>1123<\/strong><br \/>(-22 for losing)\n","uploadtime":1700171870,"views":5,"p1id":"almightygamer1221","p2id":"dinoboy3red","formatid":"gen9anythinggoes","rating":1123,"private":0,"password":""}