{"id":"gen9anythinggoes-1975195117","p1":"ttvB4t4t4_fr","p2":"TbhIdekU","format":"[Gen 9] Anything Goes","log":"|j|\u2606ttvB4t4t4_fr\n|j|\u2606TbhIdekU\n|t:|1698169279\n|gametype|singles\n|player|p1|ttvB4t4t4_fr|hilbert-wonderlauncher|1048\n|player|p2|TbhIdekU|harlequin|1039\n|teamsize|p1|6\n|teamsize|p2|6\n|gen|9\n|tier|[Gen 9] Anything Goes\n|rated|\n|rule|HP Percentage Mod: HP is shown in percentages\n|rule|Endless Battle Clause: Forcing endless battles is banned\n|clearpoke\n|poke|p1|Decidueye, M|\n|poke|p1|Torkoal, F|\n|poke|p1|Garchomp, F|\n|poke|p1|Golem-Alola, F|\n|poke|p1|Flutter Mane|\n|poke|p1|Chansey, F|\n|poke|p2|Espathra, M|\n|poke|p2|Kingambit, F|\n|poke|p2|Ribombee, F|\n|poke|p2|Polteageist|\n|poke|p2|Vivillon-Pokeball, F|\n|poke|p2|Snorlax, F|\n|teampreview\n|\n|t:|1698169301\n|start\n|switch|p1a: Golem|Golem-Alola, F|100\/100\n|switch|p2a: Ribombee|Ribombee, F|100\/100\n|turn|1\n|\n|t:|1698169307\n|move|p2a: Ribombee|Sticky Web|p1a: Golem\n|-sidestart|p1: ttvB4t4t4_fr|move: Sticky Web\n|move|p1a: Golem|Stealth Rock|p2a: Ribombee\n|-sidestart|p2: TbhIdekU|move: Stealth Rock\n|\n|upkeep\n|turn|2\n|\n|t:|1698169315\n|move|p2a: Ribombee|Tailwind|p2a: Ribombee\n|-sidestart|p2: TbhIdekU|move: Tailwind\n|move|p1a: Golem|Facade|p2a: Ribombee\n|-damage|p2a: Ribombee|24\/100\n|\n|upkeep\n|turn|3\n|\n|t:|1698169320\n|move|p2a: Ribombee|Bug Buzz|p1a: Golem\n|-damage|p1a: Golem|40\/100\n|move|p1a: Golem|Facade|p2a: Ribombee\n|-damage|p2a: Ribombee|0 fnt\n|faint|p2a: Ribombee\n|\n|upkeep\n|\n|t:|1698169334\n|switch|p2a: Espathra|Espathra, M|100\/100\n|-damage|p2a: Espathra|88\/100|[from] Stealth Rock\n|turn|4\n|\n|t:|1698169343\n|switch|p1a: Augusto|Decidueye, M|100\/100\n|move|p2a: Espathra|Dazzling Gleam|p1a: Augusto\n|-damage|p1a: Augusto|73\/100\n|\n|upkeep\n|turn|5\n|\n|t:|1698169352\n|switch|p2a: Vivillon|Vivillon-Pokeball, F|100\/100\n|-damage|p2a: Vivillon|50\/100|[from] Stealth Rock\n|move|p1a: Augusto|Swords Dance|p1a: Augusto\n|-boost|p1a: Augusto|atk|2\n|\n|-sideend|p2: TbhIdekU|move: Tailwind\n|upkeep\n|turn|6\n|\n|t:|1698169362\n|move|p2a: Vivillon|Sleep Powder|p1a: Augusto\n|-immune|p1a: Augusto\n|move|p1a: Augusto|Acrobatics|p2a: Vivillon\n|-supereffective|p2a: Vivillon\n|-damage|p2a: Vivillon|0 fnt\n|faint|p2a: Vivillon\n|\n|upkeep\n|\n|t:|1698169379\n|switch|p2a: Polteageist|Polteageist|100\/100\n|-damage|p2a: Polteageist|88\/100|[from] Stealth Rock\n|turn|7\n|\n|t:|1698169386\n|move|p2a: Polteageist|Strength Sap|p1a: Augusto\n|-unboost|p1a: Augusto|atk|1\n|-heal|p2a: Polteageist|100\/100\n|move|p1a: Augusto|Swords Dance|p1a: Augusto\n|-boost|p1a: Augusto|atk|2\n|\n|upkeep\n|turn|8\n|\n|t:|1698169396\n|-terastallize|p1a: Augusto|Grass\n|move|p2a: Polteageist|Shell Smash|p2a: Polteageist\n|-unboost|p2a: Polteageist|def|1\n|-unboost|p2a: Polteageist|spd|1\n|-boost|p2a: Polteageist|atk|2\n|-boost|p2a: Polteageist|spa|2\n|-boost|p2a: Polteageist|spe|2\n|-enditem|p2a: Polteageist|White Herb\n|-clearnegativeboost|p2a: Polteageist|[silent]\n|move|p1a: Augusto|Brave Bird|p2a: Polteageist\n|-damage|p2a: Polteageist|0 fnt\n|faint|p2a: Polteageist\n|-damage|p1a: Augusto|43\/100|[from] Recoil\n|\n|upkeep\n|\n|t:|1698169409\n|switch|p2a: Espathra|Espathra, M|88\/100\n|-damage|p2a: Espathra|76\/100|[from] Stealth Rock\n|turn|9\n|\n|t:|1698169419\n|move|p2a: Espathra|Dazzling Gleam|p1a: Augusto\n|-damage|p1a: Augusto|13\/100\n|move|p1a: Augusto|Swords Dance|p1a: Augusto\n|-boost|p1a: Augusto|atk|2\n|-ability|p2a: Espathra|Opportunist|boost\n|-boost|p2a: Espathra|atk|2\n|\n|upkeep\n|turn|10\n|\n|t:|1698169429\n|move|p2a: Espathra|Dazzling Gleam|p1a: Augusto\n|-damage|p1a: Augusto|0 fnt\n|faint|p1a: Augusto\n|\n|upkeep\n|\n|t:|1698169434\n|switch|p1a: Flutter Mane|Flutter Mane|100\/100\n|-activate|p1a: Flutter Mane|move: Sticky Web\n|-unboost|p1a: Flutter Mane|spe|1\n|turn|11\n|\n|t:|1698169443\n|move|p2a: Espathra|Calm Mind|p2a: Espathra\n|-boost|p2a: Espathra|spa|1\n|-boost|p2a: Espathra|spd|1\n|move|p1a: Flutter Mane|Night Shade|p2a: Espathra\n|-damage|p2a: Espathra|46\/100\n|\n|upkeep\n|turn|12\n|\n|t:|1698169452\n|move|p2a: Espathra|Dazzling Gleam|p1a: Flutter Mane\n|-damage|p1a: Flutter Mane|69\/100\n|move|p1a: Flutter Mane|Moonblast|p2a: Espathra\n|-damage|p2a: Espathra|3\/100\n|\n|upkeep\n|turn|13\n|\n|t:|1698169498\n|move|p2a: Espathra|Stored Power|p1a: Flutter Mane\n|-damage|p1a: Flutter Mane|13\/100\n|-enditem|p1a: Flutter Mane|Salac Berry|[eat]\n|-boost|p1a: Flutter Mane|spe|1|[from] item: Salac Berry\n|-ability|p2a: Espathra|Opportunist|boost\n|-boost|p2a: Espathra|spe|1\n|move|p1a: Flutter Mane|Draining Kiss|p2a: Espathra\n|-damage|p2a: Espathra|0 fnt\n|-heal|p1a: Flutter Mane|16\/100|[from] drain|[of] p2a: Espathra\n|faint|p2a: Espathra\n|\n|upkeep\n|\n|t:|1698169509\n|switch|p2a: Snorlax|Snorlax, F|100\/100\n|-damage|p2a: Snorlax|88\/100|[from] Stealth Rock\n|turn|14\n|\n|t:|1698169541\n|move|p1a: Flutter Mane|Draining Kiss|p2a: Snorlax\n|-damage|p2a: Snorlax|75\/100\n|-heal|p1a: Flutter Mane|34\/100|[from] drain|[of] p2a: Snorlax\n|move|p2a: Snorlax|Body Slam|p1a: Flutter Mane\n|-immune|p1a: Flutter Mane\n|\n|-heal|p2a: Snorlax|81\/100|[from] item: Leftovers\n|upkeep\n|turn|15\n|\n|t:|1698169556\n|move|p1a: Flutter Mane|Moonblast|p2a: Snorlax\n|-damage|p2a: Snorlax|52\/100\n|-unboost|p2a: Snorlax|spa|1\n|move|p2a: Snorlax|Body Slam|p1a: Flutter Mane\n|-immune|p1a: Flutter Mane\n|\n|-heal|p2a: Snorlax|58\/100|[from] item: Leftovers\n|upkeep\n|turn|16\n|\n|t:|1698169565\n|move|p1a: Flutter Mane|Moonblast|p2a: Snorlax\n|-damage|p2a: Snorlax|30\/100\n|move|p2a: Snorlax|Body Slam|p1a: Flutter Mane\n|-immune|p1a: Flutter Mane\n|\n|-heal|p2a: Snorlax|36\/100|[from] item: Leftovers\n|upkeep\n|turn|17\n|\n|t:|1698169585\n|move|p1a: Flutter Mane|Moonblast|p2a: Snorlax\n|-damage|p2a: Snorlax|8\/100\n|move|p2a: Snorlax|Body Slam|p1a: Flutter Mane\n|-immune|p1a: Flutter Mane\n|\n|-heal|p2a: Snorlax|14\/100|[from] item: Leftovers\n|upkeep\n|turn|18\n|\n|t:|1698169596\n|move|p1a: Flutter Mane|Night Shade|p2a: Snorlax\n|-immune|p2a: Snorlax\n|move|p2a: Snorlax|Body Slam|p1a: Flutter Mane\n|-immune|p1a: Flutter Mane\n|\n|-heal|p2a: Snorlax|20\/100|[from] item: Leftovers\n|upkeep\n|turn|19\n|inactive|Battle timer is ON: inactive players will automatically lose when time's up. (requested by ttvB4t4t4_fr)\n|\n|t:|1698169629\n|move|p1a: Flutter Mane|Moonblast|p2a: Snorlax\n|-damage|p2a: Snorlax|0 fnt\n|faint|p2a: Snorlax\n|\n|upkeep\n|\n|t:|1698169649\n|switch|p2a: Kingambit|Kingambit, F|100\/100\n|-damage|p2a: Kingambit|95\/100|[from] Stealth Rock\n|-activate|p2a: Kingambit|ability: Supreme Overlord\n|-start|p2a: Kingambit|fallen5|[silent]\n|turn|20\n|\n|t:|1698169662\n|move|p2a: Kingambit|Sucker Punch|p1a: Flutter Mane\n|-damage|p1a: Flutter Mane|0 fnt\n|faint|p1a: Flutter Mane\n|-end|p1a: Flutter Mane|Protosynthesis|[silent]\n|-damage|p2a: Kingambit|85\/100|[from] item: Life Orb\n|\n|upkeep\n|\n|t:|1698169668\n|switch|p1a: Golem|Golem-Alola, F|40\/100\n|-activate|p1a: Golem|move: Sticky Web\n|-unboost|p1a: Golem|spe|1\n|turn|21\n|\n|t:|1698169672\n|move|p2a: Kingambit|Sucker Punch|p1a: Golem\n|-damage|p1a: Golem|0 fnt\n|faint|p1a: Golem\n|-damage|p2a: Kingambit|75\/100|[from] item: Life Orb\n|\n|upkeep\n|\n|t:|1698169677\n|switch|p1a: Chansey|Chansey, F|100\/100\n|-activate|p1a: Chansey|move: Sticky Web\n|-unboost|p1a: Chansey|spe|1\n|turn|22\n|\n|t:|1698169685\n|move|p2a: Kingambit|Kowtow Cleave|p1a: Chansey\n|-damage|p1a: Chansey|0 fnt\n|faint|p1a: Chansey\n|-damage|p2a: Kingambit|65\/100|[from] item: Life Orb\n|\n|upkeep\n|\n|t:|1698169691\n|switch|p1a: Torkoal|Torkoal, F|100\/100\n|-activate|p1a: Torkoal|move: Sticky Web\n|-unboost|p1a: Torkoal|spe|1\n|-weather|SunnyDay|[from] ability: Drought|[of] p1a: Torkoal\n|turn|23\n|\n|t:|1698169700\n|-terastallize|p2a: Kingambit|Dark\n|move|p2a: Kingambit|Kowtow Cleave|p1a: Torkoal\n|-damage|p1a: Torkoal|29\/100\n|-damage|p2a: Kingambit|48\/100|[from] item: Rocky Helmet|[of] p1a: Torkoal\n|-damage|p2a: Kingambit|38\/100|[from] item: Life Orb\n|move|p1a: Torkoal|Earthquake|p2a: Kingambit\n|-damage|p2a: Kingambit|23\/100\n|\n|-weather|SunnyDay|[upkeep]\n|upkeep\n|turn|24\n|inactive|TbhIdekU has 120 seconds left.\n|inactiveoff|Battle timer is now OFF.\n|\n|t:|1698169767\n|move|p1a: Torkoal|Protect|p1a: Torkoal\n|-singleturn|p1a: Torkoal|Protect\n|move|p2a: Kingambit|Sucker Punch||[still]\n|-fail|p2a: Kingambit\n|\n|-weather|SunnyDay|[upkeep]\n|upkeep\n|turn|25\n|\n|t:|1698169773\n|move|p2a: Kingambit|Kowtow Cleave|p1a: Torkoal\n|-damage|p1a: Torkoal|0 fnt\n|-damage|p2a: Kingambit|6\/100|[from] item: Rocky Helmet|[of] p1a: Torkoal\n|faint|p1a: Torkoal\n|-damage|p2a: Kingambit|0 fnt|[from] item: Life Orb\n|faint|p2a: Kingambit\n|-end|p2a: Kingambit|fallen5|[silent]\n|\n|win|ttvB4t4t4_fr\n|raw|ttvB4t4t4_fr's rating: 1048 &rarr; <strong>1080<\/strong><br \/>(+32 for winning)\n|raw|TbhIdekU's rating: 1039 &rarr; <strong>1024<\/strong><br \/>(-15 for losing)\n","uploadtime":1698169784,"views":9,"p1id":"ttvb4t4t4fr","p2id":"tbhideku","formatid":"gen9anythinggoes","rating":1024,"private":0,"password":""}