{"id":"gen9anythinggoes-1981967704","p1":"hawkman100","p2":"YourFriendCat","format":"[Gen 9] Anything Goes","log":"|j|\u2606hawkman100\n|j|\u2606YourFriendCat\n|t:|1698955698\n|gametype|singles\n|player|p1|hawkman100|102|1342\n|player|p2|YourFriendCat|102|1334\n|teamsize|p1|6\n|teamsize|p2|6\n|gen|9\n|tier|[Gen 9] Anything Goes\n|rated|\n|rule|HP Percentage Mod: HP is shown in percentages\n|rule|Endless Battle Clause: Forcing endless battles is banned\n|clearpoke\n|poke|p1|Iron Bundle|\n|poke|p1|Corviknight, F|\n|poke|p1|Clodsire, M|\n|poke|p1|Calyrex-Shadow|\n|poke|p1|Arceus|\n|poke|p1|Miraidon|\n|poke|p2|Walking Wake|\n|poke|p2|Torkoal, F|\n|poke|p2|Ogerpon-Hearthflame, F|\n|poke|p2|Chi-Yu|\n|poke|p2|Great Tusk|\n|poke|p2|Roaring Moon|\n|teampreview\n|\n|t:|1698955713\n|start\n|switch|p1a: Iron Bundle|Iron Bundle|100\/100\n|switch|p2a: Torkoal|Torkoal, F|100\/100\n|-weather|SunnyDay|[from] ability: Drought|[of] p2a: Torkoal\n|-enditem|p1a: Iron Bundle|Booster Energy\n|-activate|p1a: Iron Bundle|ability: Quark Drive|[fromitem]\n|-start|p1a: Iron Bundle|quarkdrivespe\n|turn|1\n|\n|t:|1698955725\n|-end|p1a: Iron Bundle|Quark Drive|[silent]\n|switch|p1a: Clodsire|Clodsire, M|100\/100\n|move|p2a: Torkoal|Stealth Rock|p1a: Clodsire\n|-sidestart|p1: hawkman100|move: Stealth Rock\n|\n|-weather|SunnyDay|[upkeep]\n|upkeep\n|turn|2\n|\n|t:|1698955739\n|move|p1a: Clodsire|Yawn|p2a: Torkoal\n|-start|p2a: Torkoal|move: Yawn|[of] p1a: Clodsire\n|move|p2a: Torkoal|Earth Power|p1a: Clodsire\n|-supereffective|p1a: Clodsire\n|-damage|p1a: Clodsire|81\/100\n|\n|-weather|SunnyDay|[upkeep]\n|-heal|p1a: Clodsire|87\/100|[from] item: Black Sludge\n|upkeep\n|turn|3\n|\n|t:|1698955751\n|move|p2a: Torkoal|Protect|p2a: Torkoal\n|-singleturn|p2a: Torkoal|Protect\n|move|p1a: Clodsire|Earthquake|p2a: Torkoal\n|-activate|p2a: Torkoal|move: Protect\n|\n|-weather|SunnyDay|[upkeep]\n|-heal|p1a: Clodsire|94\/100|[from] item: Black Sludge\n|-end|p2a: Torkoal|move: Yawn|[silent]\n|-status|p2a: Torkoal|slp\n|upkeep\n|turn|4\n|\n|t:|1698955759\n|cant|p2a: Torkoal|slp\n|move|p1a: Clodsire|Earthquake|p2a: Torkoal\n|-supereffective|p2a: Torkoal\n|-damage|p2a: Torkoal|68\/100 slp\n|\n|-weather|SunnyDay|[upkeep]\n|-heal|p1a: Clodsire|99\/100|[from] item: Black Sludge\n|upkeep\n|turn|5\n|\n|t:|1698955772\n|switch|p2a: Great Tusk|Great Tusk|100\/100\n|-activate|p2a: Great Tusk|ability: Protosynthesis\n|-start|p2a: Great Tusk|protosynthesisatk\n|move|p1a: Clodsire|Toxic Spikes|p2a: Great Tusk\n|-sidestart|p2: YourFriendCat|move: Toxic Spikes\n|\n|-weather|SunnyDay|[upkeep]\n|-heal|p1a: Clodsire|100\/100|[from] item: Black Sludge\n|upkeep\n|turn|6\n|\n|t:|1698955783\n|move|p2a: Great Tusk|Ice Spinner|p1a: Clodsire\n|-supereffective|p1a: Clodsire\n|-damage|p1a: Clodsire|13\/100\n|move|p1a: Clodsire|Yawn|p2a: Great Tusk\n|-start|p2a: Great Tusk|move: Yawn|[of] p1a: Clodsire\n|\n|-weather|SunnyDay|[upkeep]\n|-heal|p1a: Clodsire|19\/100|[from] item: Black Sludge\n|upkeep\n|turn|7\n|\n|t:|1698955791\n|move|p2a: Great Tusk|Rapid Spin|p1a: Clodsire\n|-damage|p1a: Clodsire|0 fnt\n|-boost|p2a: Great Tusk|spe|1\n|-sideend|p2: YourFriendCat|Toxic Spikes|[from] move: Rapid Spin|[of] p2a: Great Tusk\n|faint|p1a: Clodsire\n|\n|-weather|SunnyDay|[upkeep]\n|-end|p2a: Great Tusk|move: Yawn|[silent]\n|-status|p2a: Great Tusk|slp\n|upkeep\n|\n|t:|1698955800\n|switch|p1a: Iron Bundle|Iron Bundle|100\/100\n|-damage|p1a: Iron Bundle|76\/100|[from] Stealth Rock\n|turn|8\n|\n|t:|1698955811\n|cant|p2a: Great Tusk|slp\n|move|p1a: Iron Bundle|Ice Beam|p2a: Great Tusk\n|-supereffective|p2a: Great Tusk\n|-damage|p2a: Great Tusk|0 fnt\n|faint|p2a: Great Tusk\n|-end|p2a: Great Tusk|Protosynthesis|[silent]\n|\n|-weather|none\n|upkeep\n|\n|t:|1698955821\n|switch|p2a: Torkoal|Torkoal, F|68\/100 slp\n|-weather|SunnyDay|[from] ability: Drought|[of] p2a: Torkoal\n|turn|9\n|\n|t:|1698955831\n|cant|p2a: Torkoal|slp\n|move|p1a: Iron Bundle|Ice Beam|p2a: Torkoal\n|-resisted|p2a: Torkoal\n|-damage|p2a: Torkoal|38\/100 slp\n|\n|-weather|SunnyDay|[upkeep]\n|upkeep\n|turn|10\n|\n|t:|1698955839\n|-curestatus|p2a: Torkoal|slp|[msg]\n|move|p2a: Torkoal|Protect|p2a: Torkoal\n|-singleturn|p2a: Torkoal|Protect\n|move|p1a: Iron Bundle|Freeze-Dry|p2a: Torkoal\n|-activate|p2a: Torkoal|move: Protect\n|\n|-weather|SunnyDay|[upkeep]\n|upkeep\n|turn|11\n|\n|t:|1698955856\n|-end|p1a: Iron Bundle|Quark Drive|[silent]\n|switch|p1a: Arceus|Arceus|100\/100\n|-damage|p1a: Arceus|88\/100|[from] Stealth Rock\n|move|p2a: Torkoal|Earth Power|p1a: Arceus\n|-damage|p1a: Arceus|75\/100\n|\n|-weather|SunnyDay|[upkeep]\n|-heal|p1a: Arceus|82\/100|[from] item: Leftovers\n|upkeep\n|turn|12\n|\n|t:|1698955873\n|move|p2a: Torkoal|Protect|p2a: Torkoal\n|-singleturn|p2a: Torkoal|Protect\n|move|p1a: Arceus|Calm Mind|p1a: Arceus\n|-boost|p1a: Arceus|spa|1\n|-boost|p1a: Arceus|spd|1\n|\n|-weather|SunnyDay|[upkeep]\n|-heal|p1a: Arceus|88\/100|[from] item: Leftovers\n|upkeep\n|turn|13\n|\n|t:|1698955882\n|move|p1a: Arceus|Shadow Ball|p2a: Torkoal\n|-damage|p2a: Torkoal|0 fnt\n|faint|p2a: Torkoal\n|\n|-weather|SunnyDay|[upkeep]\n|-heal|p1a: Arceus|94\/100|[from] item: Leftovers\n|upkeep\n|\n|t:|1698955893\n|switch|p2a: Ogerpon|Ogerpon-Hearthflame, F|100\/100\n|-ability|p2a: Ogerpon|Mold Breaker\n|turn|14\n|\n|t:|1698955902\n|move|p1a: Arceus|Extreme Speed|p2a: Ogerpon\n|-damage|p2a: Ogerpon|40\/100\n|move|p2a: Ogerpon|Ivy Cudgel|p1a: Arceus\n|-damage|p1a: Arceus|34\/100\n|\n|-weather|SunnyDay|[upkeep]\n|-heal|p1a: Arceus|40\/100|[from] item: Leftovers\n|upkeep\n|turn|15\n|\n|t:|1698955909\n|move|p2a: Ogerpon|Spiky Shield|p2a: Ogerpon\n|-singleturn|p2a: Ogerpon|move: Protect\n|move|p1a: Arceus|Extreme Speed|p2a: Ogerpon\n|-activate|p2a: Ogerpon|move: Protect\n|-damage|p1a: Arceus|28\/100|[from] Spiky Shield|[of] p2a: Ogerpon\n|\n|-weather|SunnyDay|[upkeep]\n|-heal|p1a: Arceus|34\/100|[from] item: Leftovers\n|upkeep\n|turn|16\n|\n|t:|1698955919\n|move|p1a: Arceus|Extreme Speed|p2a: Ogerpon\n|-damage|p2a: Ogerpon|0 fnt\n|faint|p2a: Ogerpon\n|\n|-weather|none\n|-heal|p1a: Arceus|40\/100|[from] item: Leftovers\n|upkeep\n|\n|t:|1698955922\n|switch|p2a: Chi-Yu|Chi-Yu|100\/100\n|-ability|p2a: Chi-Yu|Beads of Ruin\n|turn|17\n|\n|t:|1698955940\n|move|p1a: Arceus|Extreme Speed|p2a: Chi-Yu\n|-damage|p2a: Chi-Yu|36\/100\n|move|p2a: Chi-Yu|Sunny Day|p2a: Chi-Yu\n|-weather|SunnyDay\n|\n|-weather|SunnyDay|[upkeep]\n|-heal|p1a: Arceus|46\/100|[from] item: Leftovers\n|upkeep\n|turn|18\n|\n|t:|1698955948\n|move|p2a: Chi-Yu|Heat Wave|p1a: Arceus\n|-damage|p1a: Arceus|0 fnt\n|faint|p1a: Arceus\n|\n|-weather|SunnyDay|[upkeep]\n|upkeep\n|\n|t:|1698955968\n|switch|p1a: Iron Bundle|Iron Bundle|76\/100\n|-damage|p1a: Iron Bundle|51\/100|[from] Stealth Rock\n|turn|19\n|\n|t:|1698955976\n|-terastallize|p1a: Iron Bundle|Fairy\n|move|p1a: Iron Bundle|Hydro Pump|p2a: Chi-Yu\n|-supereffective|p2a: Chi-Yu\n|-damage|p2a: Chi-Yu|0 fnt\n|faint|p2a: Chi-Yu\n|\n|-weather|SunnyDay|[upkeep]\n|upkeep\n|\n|t:|1698955980\n|switch|p2a: Walking Wake|Walking Wake|100\/100\n|-activate|p2a: Walking Wake|ability: Protosynthesis\n|-start|p2a: Walking Wake|protosynthesisspa\n|turn|20\n|\n|t:|1698955992\n|move|p2a: Walking Wake|Hydro Steam|p1a: Iron Bundle\n|-damage|p1a: Iron Bundle|0 fnt\n|faint|p1a: Iron Bundle\n|-end|p1a: Iron Bundle|Quark Drive|[silent]\n|\n|-weather|SunnyDay|[upkeep]\n|upkeep\n|\n|t:|1698955999\n|switch|p1a: Miraidon|Miraidon|100\/100\n|-fieldstart|move: Electric Terrain|[from] ability: Hadron Engine|[of] p1a: Miraidon\n|turn|21\n|\n|t:|1698956007\n|move|p2a: Walking Wake|Hydro Steam|p1a: Miraidon\n|-resisted|p1a: Miraidon\n|-damage|p1a: Miraidon|62\/100\n|move|p1a: Miraidon|Parabolic Charge|p2a: Walking Wake\n|-damage|p2a: Walking Wake|31\/100\n|-heal|p1a: Miraidon|97\/100|[from] drain|[of] p2a: Walking Wake\n|\n|-weather|none\n|-end|p2a: Walking Wake|Protosynthesis\n|upkeep\n|turn|22\n|\n|t:|1698956019\n|move|p2a: Walking Wake|Hydro Steam|p1a: Miraidon\n|-resisted|p1a: Miraidon\n|-crit|p1a: Miraidon\n|-damage|p1a: Miraidon|69\/100\n|move|p1a: Miraidon|Calm Mind|p1a: Miraidon\n|-boost|p1a: Miraidon|spa|1\n|-boost|p1a: Miraidon|spd|1\n|\n|upkeep\n|turn|23\n|\n|t:|1698956026\n|move|p2a: Walking Wake|Hydro Steam|p1a: Miraidon\n|-resisted|p1a: Miraidon\n|-crit|p1a: Miraidon\n|-damage|p1a: Miraidon|42\/100\n|move|p1a: Miraidon|Parabolic Charge|p2a: Walking Wake\n|-damage|p2a: Walking Wake|0 fnt\n|-heal|p1a: Miraidon|58\/100|[from] drain|[of] p2a: Walking Wake\n|faint|p2a: Walking Wake\n|-end|p2a: Walking Wake|Protosynthesis|[silent]\n|\n|upkeep\n|\n|t:|1698956034\n|switch|p2a: Roaring Moon|Roaring Moon|100\/100\n|-enditem|p2a: Roaring Moon|Booster Energy\n|-activate|p2a: Roaring Moon|ability: Protosynthesis|[fromitem]\n|-start|p2a: Roaring Moon|protosynthesisatk\n|turn|24\n|\n|t:|1698956040\n|move|p1a: Miraidon|Parabolic Charge|p2a: Roaring Moon\n|-resisted|p2a: Roaring Moon\n|-damage|p2a: Roaring Moon|57\/100\n|-heal|p1a: Miraidon|80\/100|[from] drain|[of] p2a: Roaring Moon\n|move|p2a: Roaring Moon|Dragon Claw|p1a: Miraidon\n|-supereffective|p1a: Miraidon\n|-damage|p1a: Miraidon|0 fnt\n|faint|p1a: Miraidon\n|\n|upkeep\n|\n|t:|1698956050\n|switch|p1a: Corviknight|Corviknight, F|100\/100\n|-damage|p1a: Corviknight|88\/100|[from] Stealth Rock\n|-ability|p1a: Corviknight|Pressure\n|turn|25\n|\n|t:|1698956057\n|-terastallize|p2a: Roaring Moon|Dragon\n|move|p2a: Roaring Moon|Dragon Claw|p1a: Corviknight\n|-resisted|p1a: Corviknight\n|-damage|p1a: Corviknight|52\/100\n|-damage|p2a: Roaring Moon|40\/100|[from] item: Rocky Helmet|[of] p1a: Corviknight\n|move|p1a: Corviknight|Roost|p1a: Corviknight\n|-heal|p1a: Corviknight|100\/100\n|-singleturn|p1a: Corviknight|move: Roost\n|\n|-fieldend|move: Electric Terrain\n|upkeep\n|turn|26\n|\n|t:|1698956068\n|move|p2a: Roaring Moon|Jaw Lock|p1a: Corviknight\n|-damage|p1a: Corviknight|51\/100\n|-activate|p2a: Roaring Moon|trapped\n|-activate|p1a: Corviknight|trapped\n|-damage|p2a: Roaring Moon|24\/100|[from] item: Rocky Helmet|[of] p1a: Corviknight\n|move|p1a: Corviknight|Bulk Up|p1a: Corviknight\n|-boost|p1a: Corviknight|atk|1\n|-boost|p1a: Corviknight|def|1\n|\n|upkeep\n|turn|27\n|\n|t:|1698956077\n|move|p2a: Roaring Moon|Dragon Dance|p2a: Roaring Moon\n|-boost|p2a: Roaring Moon|atk|1\n|-boost|p2a: Roaring Moon|spe|1\n|move|p1a: Corviknight|Roost|p1a: Corviknight\n|-heal|p1a: Corviknight|100\/100\n|-singleturn|p1a: Corviknight|move: Roost\n|\n|upkeep\n|turn|28\n|\n|t:|1698956084\n|move|p2a: Roaring Moon|Jaw Lock|p1a: Corviknight\n|-damage|p1a: Corviknight|52\/100\n|-damage|p2a: Roaring Moon|7\/100|[from] item: Rocky Helmet|[of] p1a: Corviknight\n|move|p1a: Corviknight|Bulk Up|p1a: Corviknight\n|-boost|p1a: Corviknight|atk|1\n|-boost|p1a: Corviknight|def|1\n|\n|upkeep\n|turn|29\n|\n|t:|1698956099\n|move|p2a: Roaring Moon|Dragon Dance|p2a: Roaring Moon\n|-boost|p2a: Roaring Moon|atk|1\n|-boost|p2a: Roaring Moon|spe|1\n|move|p1a: Corviknight|Roost|p1a: Corviknight\n|-heal|p1a: Corviknight|100\/100\n|-singleturn|p1a: Corviknight|move: Roost\n|\n|upkeep\n|turn|30\n|\n|t:|1698956109\n|move|p2a: Roaring Moon|Dragon Dance|p2a: Roaring Moon\n|-boost|p2a: Roaring Moon|atk|1\n|-boost|p2a: Roaring Moon|spe|1\n|move|p1a: Corviknight|Roost||[still]\n|-fail|p1a: Corviknight|heal\n|\n|upkeep\n|turn|31\n|\n|t:|1698956115\n|move|p2a: Roaring Moon|Dragon Dance|p2a: Roaring Moon\n|-boost|p2a: Roaring Moon|atk|1\n|-boost|p2a: Roaring Moon|spe|1\n|move|p1a: Corviknight|Bulk Up|p1a: Corviknight\n|-boost|p1a: Corviknight|atk|1\n|-boost|p1a: Corviknight|def|1\n|\n|upkeep\n|turn|32\n|\n|t:|1698956122\n|move|p2a: Roaring Moon|Dragon Dance|p2a: Roaring Moon\n|-boost|p2a: Roaring Moon|atk|1\n|-boost|p2a: Roaring Moon|spe|1\n|move|p1a: Corviknight|Bulk Up|p1a: Corviknight\n|-boost|p1a: Corviknight|atk|1\n|-boost|p1a: Corviknight|def|1\n|\n|upkeep\n|turn|33\n|\n|t:|1698956130\n|move|p2a: Roaring Moon|Dragon Dance|p2a: Roaring Moon\n|-boost|p2a: Roaring Moon|atk|1\n|-boost|p2a: Roaring Moon|spe|1\n|move|p1a: Corviknight|Bulk Up|p1a: Corviknight\n|-boost|p1a: Corviknight|atk|1\n|-boost|p1a: Corviknight|def|1\n|\n|upkeep\n|turn|34\n|\n|t:|1698956137\n|move|p2a: Roaring Moon|Jaw Lock|p1a: Corviknight\n|-damage|p1a: Corviknight|39\/100\n|-damage|p2a: Roaring Moon|0 fnt|[from] item: Rocky Helmet|[of] p1a: Corviknight\n|faint|p2a: Roaring Moon\n|-end|p2a: Roaring Moon|Protosynthesis|[silent]\n|\n|win|hawkman100\n|raw|hawkman100's rating: 1342 &rarr; <strong>1362<\/strong><br \/>(+20 for winning)\n|raw|YourFriendCat's rating: 1334 &rarr; <strong>1314<\/strong><br \/>(-20 for losing)\n","uploadtime":1698956150,"views":8,"p1id":"hawkman100","p2id":"yourfriendcat","formatid":"gen9anythinggoes","rating":1314,"private":0,"password":""}