{"id":"gen9anythinggoes-1975822527","p1":"Jacataca37","p2":"A2SH","format":"[Gen 9] Anything Goes","log":"|j|\u2606Jacataca37\n|j|\u2606A2SH\n|t:|1698241339\n|gametype|singles\n|player|p1|Jacataca37|medium|1174\n|player|p2|A2SH|1|1244\n|teamsize|p1|6\n|teamsize|p2|6\n|gen|9\n|tier|[Gen 9] Anything Goes\n|rated|\n|rule|HP Percentage Mod: HP is shown in percentages\n|rule|Endless Battle Clause: Forcing endless battles is banned\n|clearpoke\n|poke|p1|Bergmite, M|\n|poke|p1|Klefki, M|\n|poke|p1|Volcarona, M|\n|poke|p1|Grafaiai, M|\n|poke|p1|Dragonite, F|\n|poke|p1|Shaymin-Sky|\n|poke|p2|Kyogre|\n|poke|p2|Calyrex-Shadow|\n|poke|p2|Eternatus|\n|poke|p2|Maushold|\n|poke|p2|Talonflame, M|\n|poke|p2|Gliscor, M|\n|teampreview\n|inactive|Battle timer is ON: inactive players will automatically lose when time's up. (requested by Jacataca37)\n|\n|t:|1698241349\n|start\n|switch|p1a: Lead Keychain|Klefki, M|100\/100\n|switch|p2a: Talonflame|Talonflame, M, shiny|100\/100\n|turn|1\n|\n|t:|1698241354\n|move|p1a: Lead Keychain|Thunder Wave|p2a: Talonflame\n|-status|p2a: Talonflame|par\n|move|p2a: Talonflame|Flare Blitz|p1a: Lead Keychain\n|-supereffective|p1a: Lead Keychain\n|-damage|p1a: Lead Keychain|15\/100\n|-damage|p2a: Talonflame|70\/100 par|[from] Recoil\n|\n|upkeep\n|turn|2\n|\n|t:|1698241366\n|move|p1a: Lead Keychain|Spikes|p2a: Talonflame\n|-sidestart|p2: A2SH|Spikes\n|move|p2a: Talonflame|Brave Bird|p1a: Lead Keychain\n|-resisted|p1a: Lead Keychain\n|-damage|p1a: Lead Keychain|0 fnt\n|faint|p1a: Lead Keychain\n|-damage|p2a: Talonflame|65\/100 par|[from] Recoil\n|\n|upkeep\n|\n|t:|1698241385\n|switch|p1a: Sonic|Shaymin-Sky|100\/100\n|turn|3\n|\n|t:|1698241388\n|move|p1a: Sonic|Air Slash|p2a: Talonflame\n|-damage|p2a: Talonflame|10\/100 par\n|cant|p2a: Talonflame|flinch\n|\n|upkeep\n|turn|4\n|\n|t:|1698241393\n|move|p1a: Sonic|Air Slash|p2a: Talonflame\n|-damage|p2a: Talonflame|0 fnt\n|faint|p2a: Talonflame\n|\n|upkeep\n|\n|t:|1698241400\n|switch|p2a: nathan|Maushold, shiny|100\/100\n|-damage|p2a: nathan|88\/100|[from] Spikes\n|turn|5\n|\n|t:|1698241403\n|move|p1a: Sonic|Air Slash|p2a: nathan|[miss]\n|-miss|p1a: Sonic|p2a: nathan\n|move|p2a: nathan|Tidy Up|p2a: nathan\n|-sideend|p2: A2SH|Spikes\n|-activate|p2a: nathan|move: Tidy Up\n|-boost|p2a: nathan|atk|1\n|-boost|p2a: nathan|spe|1\n|\n|upkeep\n|turn|6\n|\n|t:|1698241412\n|-terastallize|p2a: nathan|Normal\n|move|p1a: Sonic|Air Slash|p2a: nathan\n|-crit|p2a: nathan\n|-damage|p2a: nathan|12\/100\n|move|p2a: nathan|Population Bomb|p1a: Sonic\n|-damage|p1a: Sonic|73\/100\n|-damage|p1a: Sonic|44\/100\n|-damage|p1a: Sonic|17\/100\n|-damage|p1a: Sonic|0 fnt\n|faint|p1a: Sonic\n|-hitcount|p1: Sonic|4\n|\n|upkeep\n|\n|t:|1698241426\n|switch|p1a: Funky Kong|Grafaiai, M|100\/100\n|-item|p1a: Funky Kong|Air Balloon\n|turn|7\n|\n|t:|1698241430\n|move|p1a: Funky Kong|Copycat|p1a: Funky Kong\n|move|p1a: Funky Kong|Population Bomb|p2a: nathan|[from]move: Copycat\n|-damage|p2a: nathan|0 fnt\n|faint|p2a: nathan\n|-hitcount|p2: nathan|1\n|\n|upkeep\n|\n|t:|1698241437\n|switch|p2a: i like men|Calyrex-Shadow|100\/100\n|-ability|p2a: i like men|As One\n|-ability|p2a: i like men|Unnerve\n|turn|8\n|\n|t:|1698241444\n|-terastallize|p1a: Funky Kong|Dark\n|move|p2a: i like men|Psychic|p1a: Funky Kong\n|-immune|p1a: Funky Kong\n|move|p1a: Funky Kong|Knock Off|p2a: i like men\n|-supereffective|p2a: i like men\n|-enditem|p2a: i like men|Focus Sash\n|-damage|p2a: i like men|1\/100\n|\n|upkeep\n|turn|9\n|\n|t:|1698241453\n|switch|p2a: Kyogre|Kyogre, shiny|100\/100\n|-weather|RainDance|[from] ability: Drizzle|[of] p2a: Kyogre\n|move|p1a: Funky Kong|Encore||[still]\n|-fail|p1a: Funky Kong\n|\n|-weather|RainDance|[upkeep]\n|upkeep\n|turn|10\n|\n|t:|1698241460\n|move|p1a: Funky Kong|Parting Shot|p2a: Kyogre\n|-unboost|p2a: Kyogre|atk|1\n|-unboost|p2a: Kyogre|spa|1\n|\n|t:|1698241463\n|switch|p1a: Gremlin|Dragonite, F|100\/100|[from] Parting Shot\n|move|p2a: Kyogre|Origin Pulse|p1a: Gremlin\n|-resisted|p1a: Gremlin\n|-damage|p1a: Gremlin|83\/100\n|\n|-weather|RainDance|[upkeep]\n|upkeep\n|turn|11\n|\n|t:|1698241470\n|move|p2a: Kyogre|Calm Mind|p2a: Kyogre\n|-boost|p2a: Kyogre|spa|1\n|-boost|p2a: Kyogre|spd|1\n|move|p1a: Gremlin|Dragon Dance|p1a: Gremlin\n|-boost|p1a: Gremlin|atk|1\n|-boost|p1a: Gremlin|spe|1\n|\n|-weather|RainDance|[upkeep]\n|upkeep\n|turn|12\n|\n|t:|1698241477\n|move|p1a: Gremlin|Extreme Speed|p2a: Kyogre\n|-damage|p2a: Kyogre|46\/100\n|move|p2a: Kyogre|Origin Pulse|p1a: Gremlin\n|-resisted|p1a: Gremlin\n|-crit|p1a: Gremlin\n|-damage|p1a: Gremlin|2\/100\n|\n|-weather|RainDance|[upkeep]\n|upkeep\n|turn|13\n|\n|t:|1698241485\n|move|p1a: Gremlin|Extreme Speed|p2a: Kyogre\n|-damage|p2a: Kyogre|0 fnt\n|faint|p2a: Kyogre\n|\n|-weather|none\n|upkeep\n|\n|t:|1698241490\n|switch|p2a: Living canon|Eternatus|100\/100\n|-ability|p2a: Living canon|Pressure\n|turn|14\n|\n|t:|1698241495\n|move|p1a: Gremlin|Ice Spinner|p2a: Living canon\n|-supereffective|p2a: Living canon\n|-damage|p2a: Living canon|27\/100\n|move|p2a: Living canon|Flamethrower|p1a: Gremlin\n|-resisted|p1a: Gremlin\n|-damage|p1a: Gremlin|0 fnt\n|faint|p1a: Gremlin\n|-heal|p2a: Living canon|28\/100|[from] item: Shell Bell|[of] p1: Gremlin\n|\n|upkeep\n|l|\u2606A2SH\n|inactive|A2SH disconnected and has a minute to reconnect!\n|player|p2|\n|\n|t:|1698241512\n|switch|p1a: Slayer of Gods|Bergmite, M|100\/100\n|turn|15\n|j|\u2606A2SH\n|inactive|A2SH reconnected and has 135 seconds left.\n|player|p2|A2SH|1\n|\n|t:|1698241531\n|move|p2a: Living canon|Flamethrower|p1a: Slayer of Gods\n|-supereffective|p1a: Slayer of Gods\n|-ability|p1a: Slayer of Gods|Sturdy\n|-damage|p1a: Slayer of Gods|1\/100\n|-heal|p2a: Living canon|37\/100|[from] item: Shell Bell|[of] p1a: Slayer of Gods\n|move|p1a: Slayer of Gods|Mirror Coat|p2a: Living canon\n|-damage|p2a: Living canon|0 fnt\n|faint|p2a: Living canon\n|\n|upkeep\n|\n|t:|1698241541\n|switch|p2a: i like men|Calyrex-Shadow|1\/100\n|-ability|p2a: i like men|As One\n|-ability|p2a: i like men|Unnerve\n|turn|16\n|\n|t:|1698241548\n|move|p2a: i like men|Psychic|p1a: Slayer of Gods\n|-damage|p1a: Slayer of Gods|0 fnt\n|faint|p1a: Slayer of Gods\n|-ability|p2a: i like men|Grim Neigh|boost\n|-boost|p2a: i like men|spa|1\n|\n|upkeep\n|\n|t:|1698241554\n|switch|p1a: Funky Kong|Grafaiai, M, tera:Dark|100\/100\n|-item|p1a: Funky Kong|Air Balloon\n|turn|17\n|\n|t:|1698241559\n|move|p1a: Funky Kong|Copycat|p1a: Funky Kong\n|move|p1a: Funky Kong|Psychic|p2a: i like men|[from]move: Copycat\n|-resisted|p2a: i like men\n|-damage|p2a: i like men|0 fnt\n|faint|p2a: i like men\n|\n|upkeep\n|\n|t:|1698241565\n|switch|p2a: Gliscor|Gliscor, M, shiny|100\/100\n|turn|18\n|\n|t:|1698241570\n|move|p1a: Funky Kong|Copycat|p1a: Funky Kong\n|move|p1a: Funky Kong|Psychic|p2a: Gliscor|[from]move: Copycat\n|-damage|p2a: Gliscor|80\/100\n|move|p2a: Gliscor|Swords Dance|p2a: Gliscor\n|-boost|p2a: Gliscor|atk|2\n|\n|-status|p2a: Gliscor|tox|[from] item: Toxic Orb\n|upkeep\n|turn|19\n|\n|t:|1698241579\n|move|p1a: Funky Kong|Encore|p2a: Gliscor\n|-start|p2a: Gliscor|Encore\n|move|p2a: Gliscor|Swords Dance|p2a: Gliscor\n|-boost|p2a: Gliscor|atk|2\n|\n|-heal|p2a: Gliscor|93\/100 tox|[from] ability: Poison Heal\n|upkeep\n|turn|20\n|\n|t:|1698241596\n|move|p1a: Funky Kong|Copycat|p1a: Funky Kong\n|move|p1a: Funky Kong|Swords Dance|p1a: Funky Kong|[from]move: Copycat\n|-boost|p1a: Funky Kong|atk|2\n|move|p2a: Gliscor|Swords Dance|p2a: Gliscor\n|-boost|p2a: Gliscor|atk|2\n|\n|-heal|p2a: Gliscor|100\/100 tox|[from] ability: Poison Heal\n|upkeep\n|turn|21\n|\n|t:|1698241605\n|move|p1a: Funky Kong|Copycat|p1a: Funky Kong\n|move|p1a: Funky Kong|Swords Dance|p1a: Funky Kong|[from]move: Copycat\n|-boost|p1a: Funky Kong|atk|2\n|move|p2a: Gliscor|Swords Dance|p2a: Gliscor\n|-boost|p2a: Gliscor|atk|0\n|\n|-end|p2a: Gliscor|Encore\n|upkeep\n|turn|22\n|\n|t:|1698241616\n|move|p1a: Funky Kong|Encore|p2a: Gliscor\n|-start|p2a: Gliscor|Encore\n|move|p2a: Gliscor|Swords Dance|p2a: Gliscor\n|-boost|p2a: Gliscor|atk|0\n|\n|upkeep\n|turn|23\n|\n|t:|1698241623\n|move|p1a: Funky Kong|Copycat|p1a: Funky Kong\n|move|p1a: Funky Kong|Swords Dance|p1a: Funky Kong|[from]move: Copycat\n|-boost|p1a: Funky Kong|atk|2\n|move|p2a: Gliscor|Swords Dance|p2a: Gliscor\n|-boost|p2a: Gliscor|atk|0\n|\n|upkeep\n|turn|24\n|\n|t:|1698241630\n|move|p1a: Funky Kong|Knock Off|p2a: Gliscor\n|-damage|p2a: Gliscor|0 fnt\n|-enditem|p2a: Gliscor|Toxic Orb|[from] move: Knock Off|[of] p1a: Funky Kong\n|faint|p2a: Gliscor\n|\n|win|Jacataca37\n|raw|Jacataca37's rating: 1174 &rarr; <strong>1204<\/strong><br \/>(+30 for winning)\n|raw|A2SH's rating: 1244 &rarr; <strong>1214<\/strong><br \/>(-30 for losing)\n|c|\u2606Jacataca37|gg\n|l|\u2606A2SH\n","uploadtime":1698241643,"views":16,"p1id":"jacataca37","p2id":"a2sh","formatid":"gen9anythinggoes","rating":1204,"private":0,"password":""}