{"id":"gen9anythinggoes-1999656600","p1":"Phantom1234567890","p2":"Uxantro","format":"[Gen 9] Anything Goes","log":"|j|\u2606Phantom1234567890\n|j|\u2606Uxantro\n|t:|1701105148\n|gametype|singles\n|player|p1|Phantom1234567890|veteran|1000\n|player|p2|Uxantro|benga|1065\n|teamsize|p1|6\n|teamsize|p2|6\n|gen|9\n|tier|[Gen 9] Anything Goes\n|rated|\n|rule|HP Percentage Mod: HP is shown in percentages\n|rule|Endless Battle Clause: Forcing endless battles is banned\n|clearpoke\n|poke|p1|Zangoose, M|\n|poke|p1|Hatterene, F|\n|poke|p1|Rabsca, M|\n|poke|p1|Pawmot, M|\n|poke|p1|Poliwrath, F|\n|poke|p1|Ceruledge, M|\n|poke|p2|Dudunsparce-*, M|\n|poke|p2|Dudunsparce-*, F|\n|poke|p2|Dudunsparce-*, F|\n|poke|p2|Dudunsparce-*, F|\n|poke|p2|Dudunsparce-*, M|\n|poke|p2|Dudunsparce-*, F|\n|teampreview\n|\n|t:|1701105153\n|start\n|switch|p1a: Poliwrath|Poliwrath, F|100\/100\n|switch|p2a: Dudunsparce|Dudunsparce-Three-Segment, M|100\/100\n|turn|1\n|\n|t:|1701105161\n|move|p2a: Dudunsparce|Glare|p1a: Poliwrath\n|-status|p1a: Poliwrath|par\n|move|p1a: Poliwrath|Belly Drum|p1a: Poliwrath\n|-damage|p1a: Poliwrath|51\/100 par\n|-setboost|p1a: Poliwrath|atk|6|[from] move: Belly Drum\n|\n|-heal|p1a: Poliwrath|57\/100 par|[from] item: Leftovers\n|upkeep\n|turn|2\n|\n|t:|1701105172\n|move|p2a: Dudunsparce|Hyper Drill|p1a: Poliwrath\n|-damage|p1a: Poliwrath|24\/100 par\n|cant|p1a: Poliwrath|par\n|\n|-heal|p1a: Poliwrath|30\/100 par|[from] item: Leftovers\n|upkeep\n|turn|3\n|\n|t:|1701105181\n|move|p2a: Dudunsparce|Hyper Drill|p1a: Poliwrath\n|-damage|p1a: Poliwrath|0 fnt\n|faint|p1a: Poliwrath\n|\n|upkeep\n|\n|t:|1701105191\n|switch|p1a: Ceruledge|Ceruledge, M|100\/100\n|turn|4\n|\n|t:|1701105201\n|move|p2a: Dudunsparce|Tailwind|p2a: Dudunsparce\n|-sidestart|p2: Uxantro|move: Tailwind\n|move|p1a: Ceruledge|Swords Dance|p1a: Ceruledge\n|-boost|p1a: Ceruledge|atk|2\n|\n|-status|p1a: Ceruledge|tox|[from] item: Toxic Orb\n|upkeep\n|turn|5\n|\n|t:|1701105208\n|move|p2a: Dudunsparce|Rock Slide|p1a: Ceruledge\n|-supereffective|p1a: Ceruledge\n|-damage|p1a: Ceruledge|54\/100 tox\n|-ability|p1a: Ceruledge|Weak Armor|boost\n|-unboost|p1a: Ceruledge|def|1\n|-boost|p1a: Ceruledge|spe|2\n|cant|p1a: Ceruledge|flinch\n|\n|-damage|p1a: Ceruledge|48\/100 tox|[from] psn\n|upkeep\n|turn|6\n|\n|t:|1701105219\n|move|p2a: Dudunsparce|Rock Slide|p1a: Ceruledge\n|-supereffective|p1a: Ceruledge\n|-damage|p1a: Ceruledge|0 fnt\n|faint|p1a: Ceruledge\n|\n|upkeep\n|inactive|Battle timer is ON: inactive players will automatically lose when time's up. (requested by Uxantro)\n|\n|t:|1701105270\n|switch|p1a: Rabsca|Rabsca, M|100\/100\n|turn|7\n|\n|t:|1701105276\n|move|p2a: Dudunsparce|Rock Slide|p1a: Rabsca\n|-supereffective|p1a: Rabsca\n|-damage|p1a: Rabsca|55\/100\n|move|p1a: Rabsca|Revival Blessing|p1a: Rabsca\n|\n|t:|1701105281\n|-heal|p1: Poliwrath|50\/100|[from] move: Revival Blessing\n|\n|-sideend|p2: Uxantro|move: Tailwind\n|upkeep\n|turn|8\n|\n|t:|1701105290\n|move|p2a: Dudunsparce|Tailwind|p2a: Dudunsparce\n|-sidestart|p2: Uxantro|move: Tailwind\n|move|p1a: Rabsca|Bug Buzz|p2a: Dudunsparce\n|-damage|p2a: Dudunsparce|63\/100\n|\n|-heal|p2a: Dudunsparce|70\/100|[from] item: Leftovers\n|upkeep\n|turn|9\n|\n|t:|1701105299\n|move|p2a: Dudunsparce|Rock Slide|p1a: Rabsca\n|-supereffective|p1a: Rabsca\n|-damage|p1a: Rabsca|16\/100\n|move|p1a: Rabsca|Extrasensory|p2a: Dudunsparce\n|-damage|p2a: Dudunsparce|34\/100\n|\n|-heal|p2a: Dudunsparce|40\/100|[from] item: Leftovers\n|upkeep\n|turn|10\n|\n|t:|1701105309\n|move|p2a: Dudunsparce|Hyper Drill|p1a: Rabsca\n|-damage|p1a: Rabsca|0 fnt\n|faint|p1a: Rabsca\n|\n|-heal|p2a: Dudunsparce|46\/100|[from] item: Leftovers\n|upkeep\n|\n|t:|1701105320\n|switch|p1a: Hatterene|Hatterene, F|100\/100\n|turn|11\n|\n|t:|1701105326\n|move|p2a: Dudunsparce|Rock Slide|p1a: Hatterene\n|-damage|p1a: Hatterene|78\/100\n|cant|p1a: Hatterene|flinch\n|\n|-heal|p2a: Dudunsparce|52\/100|[from] item: Leftovers\n|-heal|p1a: Hatterene|84\/100|[from] item: Leftovers\n|-sideend|p2: Uxantro|move: Tailwind\n|upkeep\n|turn|12\n|\n|t:|1701105334\n|move|p2a: Dudunsparce|Rock Slide|p1a: Hatterene\n|-damage|p1a: Hatterene|63\/100\n|cant|p1a: Hatterene|flinch\n|\n|-heal|p2a: Dudunsparce|58\/100|[from] item: Leftovers\n|-heal|p1a: Hatterene|70\/100|[from] item: Leftovers\n|upkeep\n|turn|13\n|\n|t:|1701105342\n|move|p2a: Dudunsparce|Rock Slide|p1a: Hatterene\n|-damage|p1a: Hatterene|49\/100\n|cant|p1a: Hatterene|flinch\n|\n|-heal|p2a: Dudunsparce|65\/100|[from] item: Leftovers\n|-heal|p1a: Hatterene|56\/100|[from] item: Leftovers\n|upkeep\n|turn|14\n|\n|t:|1701105351\n|move|p2a: Dudunsparce|Rock Slide|p1a: Hatterene\n|-damage|p1a: Hatterene|36\/100\n|cant|p1a: Hatterene|flinch\n|\n|-heal|p2a: Dudunsparce|71\/100|[from] item: Leftovers\n|-heal|p1a: Hatterene|43\/100|[from] item: Leftovers\n|upkeep\n|turn|15\n|\n|t:|1701105363\n|move|p1a: Hatterene|Protect|p1a: Hatterene\n|-singleturn|p1a: Hatterene|Protect\n|move|p2a: Dudunsparce|Rock Slide|p1a: Hatterene\n|-activate|p1a: Hatterene|move: Protect\n|\n|-heal|p2a: Dudunsparce|77\/100|[from] item: Leftovers\n|-heal|p1a: Hatterene|49\/100|[from] item: Leftovers\n|upkeep\n|turn|16\n|\n|t:|1701105371\n|move|p2a: Dudunsparce|Rock Slide|p1a: Hatterene\n|-damage|p1a: Hatterene|29\/100\n|move|p1a: Hatterene|Draining Kiss|p2a: Dudunsparce\n|-damage|p2a: Dudunsparce|55\/100\n|-heal|p1a: Hatterene|52\/100|[from] drain|[of] p2a: Dudunsparce\n|\n|-heal|p2a: Dudunsparce|61\/100|[from] item: Leftovers\n|-heal|p1a: Hatterene|58\/100|[from] item: Leftovers\n|upkeep\n|turn|17\n|\n|t:|1701105381\n|move|p1a: Hatterene|Protect|p1a: Hatterene\n|-singleturn|p1a: Hatterene|Protect\n|move|p2a: Dudunsparce|Hyper Drill|p1a: Hatterene\n|-damage|p1a: Hatterene|13\/100\n|\n|-heal|p2a: Dudunsparce|68\/100|[from] item: Leftovers\n|-heal|p1a: Hatterene|20\/100|[from] item: Leftovers\n|upkeep\n|turn|18\n|\n|t:|1701105390\n|move|p2a: Dudunsparce|Rock Slide|p1a: Hatterene\n|-damage|p1a: Hatterene|0 fnt\n|faint|p1a: Hatterene\n|\n|-heal|p2a: Dudunsparce|74\/100|[from] item: Leftovers\n|upkeep\n|\n|t:|1701105402\n|switch|p1a: Zangoose|Zangoose, M|100\/100\n|turn|19\n|\n|t:|1701105410\n|move|p1a: Zangoose|Belly Drum|p1a: Zangoose\n|-damage|p1a: Zangoose|51\/100\n|-setboost|p1a: Zangoose|atk|6|[from] move: Belly Drum\n|move|p2a: Dudunsparce|Glare|p1a: Zangoose\n|-status|p1a: Zangoose|par\n|\n|-heal|p2a: Dudunsparce|80\/100|[from] item: Leftovers\n|upkeep\n|turn|20\n|\n|t:|1701105419\n|move|p2a: Dudunsparce|Tailwind|p2a: Dudunsparce\n|-sidestart|p2: Uxantro|move: Tailwind\n|move|p1a: Zangoose|Facade|p2a: Dudunsparce\n|-damage|p2a: Dudunsparce|0 fnt\n|faint|p2a: Dudunsparce\n|\n|upkeep\n|\n|t:|1701105425\n|switch|p2a: Dudunsparce|Dudunsparce-Three-Segment, F|100\/100\n|turn|21\n|\n|t:|1701105428\n|move|p2a: Dudunsparce|Rock Slide|p1a: Zangoose\n|-damage|p1a: Zangoose|20\/100 par\n|move|p1a: Zangoose|Facade|p2a: Dudunsparce\n|-damage|p2a: Dudunsparce|0 fnt\n|faint|p2a: Dudunsparce\n|\n|upkeep\n|\n|t:|1701105435\n|switch|p2a: Dudunsparce|Dudunsparce-Three-Segment, F|100\/100\n|turn|22\n|\n|t:|1701105439\n|move|p2a: Dudunsparce|Rock Slide|p1a: Zangoose\n|-damage|p1a: Zangoose|0 fnt\n|faint|p1a: Zangoose\n|\n|upkeep\n|\n|t:|1701105444\n|switch|p1a: Pawmot|Pawmot, M|100\/100\n|turn|23\n|\n|t:|1701105447\n|move|p2a: Dudunsparce|Rock Slide|p1a: Pawmot\n|-resisted|p1a: Pawmot\n|-damage|p1a: Pawmot|88\/100\n|move|p1a: Pawmot|Revival Blessing|p1a: Pawmot\n|\n|t:|1701105453\n|-heal|p1: Zangoose|50\/100|[from] move: Revival Blessing\n|\n|-heal|p1a: Pawmot|94\/100|[from] item: Leftovers\n|-sideend|p2: Uxantro|move: Tailwind\n|upkeep\n|turn|24\n|\n|t:|1701105465\n|move|p1a: Pawmot|Double Shock|p2a: Dudunsparce\n|-damage|p2a: Dudunsparce|46\/100\n|-start|p1a: Pawmot|typechange|???\/Fighting|[from] move: Double Shock\n|move|p2a: Dudunsparce|Tailwind|p2a: Dudunsparce\n|-sidestart|p2: Uxantro|move: Tailwind\n|\n|-heal|p2a: Dudunsparce|53\/100|[from] item: Leftovers\n|-heal|p1a: Pawmot|100\/100|[from] item: Leftovers\n|upkeep\n|turn|25\n|\n|t:|1701105477\n|move|p2a: Dudunsparce|Glare|p1a: Pawmot\n|-status|p1a: Pawmot|par\n|move|p1a: Pawmot|Nuzzle|p2a: Dudunsparce\n|-damage|p2a: Dudunsparce|47\/100\n|-status|p2a: Dudunsparce|par\n|\n|-heal|p2a: Dudunsparce|53\/100 par|[from] item: Leftovers\n|upkeep\n|turn|26\n|\n|t:|1701105495\n|move|p2a: Dudunsparce|Hyper Drill|p1a: Pawmot\n|-damage|p1a: Pawmot|48\/100 par\n|move|p1a: Pawmot|Nuzzle|p2a: Dudunsparce\n|-damage|p2a: Dudunsparce|47\/100 par\n|\n|-heal|p2a: Dudunsparce|53\/100 par|[from] item: Leftovers\n|-heal|p1a: Pawmot|54\/100 par|[from] item: Leftovers\n|upkeep\n|turn|27\n|\n|t:|1701105512\n|move|p2a: Dudunsparce|Hyper Drill|p1a: Pawmot\n|-damage|p1a: Pawmot|6\/100 par\n|move|p1a: Pawmot|Nuzzle|p2a: Dudunsparce\n|-damage|p2a: Dudunsparce|47\/100 par\n|\n|-heal|p2a: Dudunsparce|53\/100 par|[from] item: Leftovers\n|-heal|p1a: Pawmot|12\/100 par|[from] item: Leftovers\n|-sideend|p2: Uxantro|move: Tailwind\n|upkeep\n|turn|28\n|\n|t:|1701105523\n|move|p1a: Pawmot|Nuzzle|p2a: Dudunsparce\n|-damage|p2a: Dudunsparce|47\/100 par\n|move|p2a: Dudunsparce|Tailwind|p2a: Dudunsparce\n|-sidestart|p2: Uxantro|move: Tailwind\n|\n|-heal|p2a: Dudunsparce|53\/100 par|[from] item: Leftovers\n|-heal|p1a: Pawmot|18\/100 par|[from] item: Leftovers\n|upkeep\n|turn|29\n|\n|t:|1701105530\n|move|p2a: Dudunsparce|Hyper Drill|p1a: Pawmot\n|-damage|p1a: Pawmot|0 fnt\n|faint|p1a: Pawmot\n|\n|-heal|p2a: Dudunsparce|60\/100 par|[from] item: Leftovers\n|upkeep\n|\n|t:|1701105536\n|switch|p1a: Poliwrath|Poliwrath, F|50\/100\n|turn|30\n|\n|t:|1701105540\n|move|p2a: Dudunsparce|Glare|p1a: Poliwrath\n|-status|p1a: Poliwrath|par\n|move|p1a: Poliwrath|Drain Punch|p2a: Dudunsparce\n|-supereffective|p2a: Dudunsparce\n|-damage|p2a: Dudunsparce|6\/100 par\n|-heal|p1a: Poliwrath|83\/100 par|[from] drain|[of] p2a: Dudunsparce\n|\n|-heal|p2a: Dudunsparce|12\/100 par|[from] item: Leftovers\n|-heal|p1a: Poliwrath|89\/100 par|[from] item: Leftovers\n|upkeep\n|turn|31\n|\n|t:|1701105553\n|cant|p2a: Dudunsparce|par\n|move|p1a: Poliwrath|Drain Punch|p2a: Dudunsparce\n|-supereffective|p2a: Dudunsparce\n|-damage|p2a: Dudunsparce|0 fnt\n|-heal|p1a: Poliwrath|96\/100 par|[from] drain|[of] p2a: Dudunsparce\n|faint|p2a: Dudunsparce\n|\n|-heal|p1a: Poliwrath|100\/100 par|[from] item: Leftovers\n|-sideend|p2: Uxantro|move: Tailwind\n|upkeep\n|\n|t:|1701105562\n|switch|p2a: Dudunsparce|Dudunsparce-Three-Segment, F|100\/100\n|turn|32\n|\n|t:|1701105566\n|move|p2a: Dudunsparce|Hyper Drill|p1a: Poliwrath\n|-damage|p1a: Poliwrath|67\/100 par\n|move|p1a: Poliwrath|Belly Drum|p1a: Poliwrath\n|-damage|p1a: Poliwrath|17\/100 par\n|-setboost|p1a: Poliwrath|atk|6|[from] move: Belly Drum\n|\n|-heal|p1a: Poliwrath|23\/100 par|[from] item: Leftovers\n|upkeep\n|turn|33\n|\n|t:|1701105577\n|move|p2a: Dudunsparce|Hyper Drill|p1a: Poliwrath\n|-damage|p1a: Poliwrath|0 fnt\n|faint|p1a: Poliwrath\n|\n|upkeep\n|\n|t:|1701105587\n|switch|p1a: Zangoose|Zangoose, M|50\/100\n|turn|34\n|\n|t:|1701105601\n|move|p1a: Zangoose|Facade|p2a: Dudunsparce\n|-damage|p2a: Dudunsparce|71\/100\n|move|p2a: Dudunsparce|Glare|p1a: Zangoose\n|-status|p1a: Zangoose|par\n|\n|-heal|p2a: Dudunsparce|77\/100|[from] item: Leftovers\n|upkeep\n|turn|35\n|\n|t:|1701105613\n|-terastallize|p1a: Zangoose|Normal\n|move|p2a: Dudunsparce|Tailwind|p2a: Dudunsparce\n|-sidestart|p2: Uxantro|move: Tailwind\n|cant|p1a: Zangoose|par\n|\n|-heal|p2a: Dudunsparce|83\/100|[from] item: Leftovers\n|upkeep\n|turn|36\n|\n|t:|1701105620\n|move|p2a: Dudunsparce|Rock Slide|p1a: Zangoose\n|-damage|p1a: Zangoose|17\/100 par\n|move|p1a: Zangoose|Facade|p2a: Dudunsparce\n|-damage|p2a: Dudunsparce|3\/100\n|\n|-heal|p2a: Dudunsparce|9\/100|[from] item: Leftovers\n|upkeep\n|turn|37\n|\n|t:|1701105632\n|move|p2a: Dudunsparce|Rock Slide|p1a: Zangoose\n|-damage|p1a: Zangoose|0 fnt\n|faint|p1a: Zangoose\n|\n|win|Uxantro\n|raw|Phantom1234567890's rating: 1000 &rarr; <strong>1000<\/strong><br \/>(+0 for losing)\n|raw|Uxantro's rating: 1065 &rarr; <strong>1090<\/strong><br \/>(+25 for winning)\n|c|\u2606Phantom1234567890|gg\n|l|\u2606Phantom1234567890\n|c|\u2606Uxantro|gg\n","uploadtime":1701105670,"views":1,"p1id":"phantom1234567890","p2id":"uxantro","formatid":"gen9anythinggoes","rating":1000,"private":0,"password":""}