{"id":"gen9anythinggoes-1972255052","p1":"Coomie1","p2":"Glizzorp","format":"[Gen 9] Anything Goes","log":"|j|\u2606Coomie1\n|j|\u2606Glizzorp\n|t:|1697825453\n|gametype|singles\n|player|p1|Coomie1|darach-caitlin|1333\n|player|p2|Glizzorp|102|1446\n|teamsize|p1|6\n|teamsize|p2|6\n|gen|9\n|tier|[Gen 9] Anything Goes\n|rated|\n|rule|HP Percentage Mod: HP is shown in percentages\n|rule|Endless Battle Clause: Forcing endless battles is banned\n|clearpoke\n|poke|p1|Chien-Pao|\n|poke|p1|Koraidon|\n|poke|p1|Dondozo, M|\n|poke|p1|Ting-Lu|\n|poke|p1|Calyrex-Shadow|\n|poke|p1|Miraidon|\n|poke|p2|Cloyster, M|\n|poke|p2|Calyrex-Shadow|\n|poke|p2|Miraidon|\n|poke|p2|Zacian-*|\n|poke|p2|Kyogre|\n|poke|p2|Baxcalibur, M|\n|teampreview\n|inactive|Battle timer is ON: inactive players will automatically lose when time's up. (requested by Coomie1)\n|\n|t:|1697825464\n|start\n|switch|p1a: Miraidon|Miraidon|100\/100\n|switch|p2a: Clam|Cloyster, M, shiny|100\/100\n|-fieldstart|move: Electric Terrain|[from] ability: Hadron Engine|[of] p1a: Miraidon\n|turn|1\n|\n|t:|1697825477\n|move|p1a: Miraidon|U-turn|p2a: Clam\n|-damage|p2a: Clam|89\/100\n|\n|t:|1697825493\n|switch|p1a: Koraidon|Koraidon|100\/100|[from] U-turn\n|-weather|SunnyDay|[from] ability: Orichalcum Pulse|[of] p1a: Koraidon\n|-activate|p1a: Koraidon|Orichalcum Pulse|[source]\n|move|p2a: Clam|Shell Smash|p2a: Clam\n|-unboost|p2a: Clam|def|1\n|-unboost|p2a: Clam|spd|1\n|-boost|p2a: Clam|atk|2\n|-boost|p2a: Clam|spa|2\n|-boost|p2a: Clam|spe|2\n|\n|-weather|SunnyDay|[upkeep]\n|upkeep\n|turn|2\n|\n|t:|1697825512\n|move|p1a: Koraidon|Flare Blitz|p2a: Clam\n|-damage|p2a: Clam|0 fnt\n|faint|p2a: Clam\n|-damage|p1a: Koraidon|80\/100|[from] Recoil\n|\n|-weather|SunnyDay|[upkeep]\n|upkeep\n|\n|t:|1697825529\n|switch|p2a: Eel|Miraidon|100\/100\n|-activate|p2a: Eel|ability: Hadron Engine\n|turn|3\n|\n|t:|1697825540\n|-terastallize|p1a: Koraidon|Fire\n|move|p1a: Koraidon|Flare Blitz|p2a: Eel\n|-resisted|p2a: Eel\n|-damage|p2a: Eel|24\/100\n|-damage|p1a: Koraidon|54\/100|[from] Recoil\n|move|p2a: Eel|Dragon Pulse|p1a: Koraidon\n|-damage|p1a: Koraidon|0 fnt\n|faint|p1a: Koraidon\n|\n|-weather|SunnyDay|[upkeep]\n|upkeep\n|inactive|Coomie1 has 120 seconds left.\n|\n|t:|1697825569\n|switch|p1a: Chien-Pao|Chien-Pao|100\/100\n|-ability|p1a: Chien-Pao|Sword of Ruin\n|turn|4\n|\n|t:|1697825591\n|move|p1a: Chien-Pao|Sucker Punch|p2a: Eel\n|-damage|p2a: Eel|0 fnt\n|faint|p2a: Eel\n|\n|-weather|SunnyDay|[upkeep]\n|upkeep\n|\n|t:|1697825604\n|switch|p2a: Fish|Kyogre, shiny|100\/100\n|-weather|RainDance|[from] ability: Drizzle|[of] p2a: Fish\n|turn|5\n|\n|t:|1697825616\n|move|p1a: Chien-Pao|Swords Dance|p1a: Chien-Pao\n|-boost|p1a: Chien-Pao|atk|2\n|move|p2a: Fish|Thunder|p1a: Chien-Pao\n|-damage|p1a: Chien-Pao|0 fnt\n|faint|p1a: Chien-Pao\n|\n|-weather|RainDance|[upkeep]\n|-fieldend|move: Electric Terrain\n|upkeep\n|\n|t:|1697825632\n|switch|p1a: Miraidon|Miraidon|100\/100\n|-fieldstart|move: Electric Terrain|[from] ability: Hadron Engine|[of] p1a: Miraidon\n|turn|6\n|\n|t:|1697825647\n|move|p1a: Miraidon|Electro Drift|p2a: Fish\n|-supereffective|p2a: Fish\n|-enditem|p2a: Fish|Focus Sash\n|-damage|p2a: Fish|1\/100\n|move|p2a: Fish|Ice Beam|p1a: Miraidon\n|-supereffective|p1a: Miraidon\n|-damage|p1a: Miraidon|34\/100\n|\n|-weather|RainDance|[upkeep]\n|upkeep\n|turn|7\n|inactive|Coomie1 has 90 seconds left.\n|\n|t:|1697825666\n|move|p1a: Miraidon|U-turn|p2a: Fish\n|-damage|p2a: Fish|0 fnt\n|faint|p2a: Fish\n|inactive|Coomie1 has 90 seconds left.\n|j| itzZen\n|\n|t:|1697825690\n|switch|p1a: Calyrex|Calyrex-Shadow|100\/100|[from] U-turn\n|-ability|p1a: Calyrex|As One\n|-ability|p1a: Calyrex|Unnerve\n|\n|-weather|RainDance|[upkeep]\n|upkeep\n|\n|t:|1697825694\n|switch|p2a: Mushroom Horse|Calyrex-Shadow|100\/100\n|-ability|p2a: Mushroom Horse|As One\n|-ability|p2a: Mushroom Horse|Unnerve\n|turn|8\n|\n|t:|1697825713\n|switch|p1a: Ting-Lu|Ting-Lu|100\/100\n|-ability|p1a: Ting-Lu|Vessel of Ruin\n|-terastallize|p2a: Mushroom Horse|Normal\n|move|p2a: Mushroom Horse|Astral Barrage|p1a: Ting-Lu\n|-resisted|p1a: Ting-Lu\n|-damage|p1a: Ting-Lu|84\/100\n|\n|-weather|RainDance|[upkeep]\n|-heal|p1a: Ting-Lu|90\/100|[from] item: Leftovers\n|upkeep\n|turn|9\n|\n|t:|1697825728\n|move|p2a: Mushroom Horse|Energy Ball|p1a: Ting-Lu\n|-supereffective|p1a: Ting-Lu\n|-damage|p1a: Ting-Lu|57\/100\n|move|p1a: Ting-Lu|Spikes|p2a: Mushroom Horse\n|-sidestart|p2: Glizzorp|Spikes\n|\n|-weather|none\n|-heal|p1a: Ting-Lu|63\/100|[from] item: Leftovers\n|upkeep\n|turn|10\n|\n|t:|1697825744\n|move|p2a: Mushroom Horse|Energy Ball|p1a: Ting-Lu\n|-supereffective|p1a: Ting-Lu\n|-damage|p1a: Ting-Lu|26\/100\n|move|p1a: Ting-Lu|Earthquake|p2a: Mushroom Horse\n|-damage|p2a: Mushroom Horse|59\/100\n|\n|-heal|p1a: Ting-Lu|32\/100|[from] item: Leftovers\n|-fieldend|move: Electric Terrain\n|upkeep\n|turn|11\n|\n|t:|1697825761\n|move|p2a: Mushroom Horse|Energy Ball|p1a: Ting-Lu\n|-supereffective|p1a: Ting-Lu\n|-damage|p1a: Ting-Lu|0 fnt\n|faint|p1a: Ting-Lu\n|-ability|p2a: Mushroom Horse|Grim Neigh|boost\n|-boost|p2a: Mushroom Horse|spa|1\n|\n|upkeep\n|inactive|Coomie1 has 60 seconds left.\n|\n|t:|1697825784\n|switch|p1a: Calyrex|Calyrex-Shadow|100\/100\n|-ability|p1a: Calyrex|As One\n|-ability|p1a: Calyrex|Unnerve\n|turn|12\n|inactive|Coomie1 has 60 seconds left.\n|\n|t:|1697825812\n|move|p1a: Calyrex|Psyshock|p2a: Mushroom Horse\n|-damage|p2a: Mushroom Horse|0 fnt\n|faint|p2a: Mushroom Horse\n|-ability|p1a: Calyrex|Grim Neigh|boost\n|-boost|p1a: Calyrex|spa|1\n|\n|upkeep\n|\n|t:|1697825821\n|switch|p2a: Baxcalibur|Baxcalibur, M|100\/100\n|-damage|p2a: Baxcalibur|88\/100|[from] Spikes\n|turn|13\n|\n|t:|1697825829\n|move|p1a: Calyrex|Psyshock|p2a: Baxcalibur\n|-damage|p2a: Baxcalibur|0 fnt\n|faint|p2a: Baxcalibur\n|-ability|p1a: Calyrex|Grim Neigh|boost\n|-boost|p1a: Calyrex|spa|1\n|\n|upkeep\n|\n|t:|1697825831\n|switch|p2a: Dog|Zacian-Crowned, shiny|100\/100\n|-damage|p2a: Dog|88\/100|[from] Spikes\n|-ability|p2a: Dog|Intrepid Sword|boost\n|-boost|p2a: Dog|atk|1\n|turn|14\n|inactive|Coomie1 has 60 seconds left.\n|\n|t:|1697825844\n|move|p1a: Calyrex|Psyshock|p2a: Dog\n|-resisted|p2a: Dog\n|-damage|p2a: Dog|24\/100\n|move|p2a: Dog|Behemoth Blade|p1a: Calyrex\n|-damage|p1a: Calyrex|0 fnt\n|faint|p1a: Calyrex\n|\n|upkeep\n|inactive|Coomie1 has 60 seconds left.\n|\n|t:|1697825865\n|switch|p1a: Dondozo|Dondozo, M|100\/100\n|turn|15\n|\n|t:|1697825880\n|move|p2a: Dog|Ice Fang|p1a: Dondozo\n|-resisted|p1a: Dondozo\n|-damage|p1a: Dondozo|94\/100\n|move|p1a: Dondozo|Earthquake|p2a: Dog\n|-supereffective|p2a: Dog\n|-damage|p2a: Dog|0 fnt\n|faint|p2a: Dog\n|\n|win|Coomie1\n|raw|Coomie1's rating: 1333 &rarr; <strong>1359<\/strong><br \/>(+26 for winning)\n|raw|Glizzorp's rating: 1446 &rarr; <strong>1420<\/strong><br \/>(-26 for losing)\n|l|\u2606Glizzorp\n|c|\u2606Coomie1|gg\n|l| itzZen\n","uploadtime":1697826121,"views":9,"p1id":"coomie1","p2id":"glizzorp","formatid":"gen9anythinggoes","rating":1359,"private":0,"password":""}