{"id":"gen9anythinggoes-1971821865","p1":"dreepy airlines","p2":"Pure Hackmons","format":"[Gen 9] Anything Goes","log":"|j|\u2606dreepy airlines\n|j|\u2606Pure Hackmons\n|inactive|Battle timer is ON: inactive players will automatically lose when time's up.\n|t:|1697776776\n|gametype|singles\n|player|p1|dreepy airlines|shauna-masters|\n|player|p2|Pure Hackmons|ethan|\n|teamsize|p1|6\n|teamsize|p2|6\n|gen|9\n|tier|[Gen 9] Anything Goes\n|rated|Tournament battle\n|rule|HP Percentage Mod: HP is shown in percentages\n|rule|Endless Battle Clause: Forcing endless battles is banned\n|clearpoke\n|poke|p1|Ursaluna, F|\n|poke|p1|Ursaluna, F|\n|poke|p1|Calyrex-Shadow|\n|poke|p1|Corviknight, F|\n|poke|p1|Chien-Pao|\n|poke|p1|Grimmsnarl, M|\n|poke|p2|Electrode-Hisui|\n|poke|p2|Miraidon|\n|poke|p2|Calyrex-Shadow|\n|poke|p2|Ditto|\n|poke|p2|Koraidon|\n|poke|p2|Donphan, F|\n|teampreview\n|j|*Lady Monita \u263d\n|c|\u2606dreepy airlines|hf\n|c|\u2606Pure Hackmons|u2\n|\n|t:|1697776785\n|start\n|switch|p1a: Grimmsnarl|Grimmsnarl, M|100\/100\n|switch|p2a: Electrode|Electrode-Hisui|100\/100\n|turn|1\n|\n|t:|1697776791\n|move|p1a: Grimmsnarl|Shed Tail|p1a: Grimmsnarl\n|-start|p1a: Grimmsnarl|Substitute|[from] move: Shed Tail\n|-damage|p1a: Grimmsnarl|50\/100\n|\n|t:|1697776794\n|switch|p1a: Ursaluna|Ursaluna, F|100\/100|[from] Shed Tail\n|move|p2a: Electrode|Stone Axe|p1a: Ursaluna\n|-resisted|p1a: Ursaluna\n|-activate|p1a: Ursaluna|move: Substitute|[damage]\n|-sidestart|p1: dreepy airlines|move: Stealth Rock\n|\n|-status|p1a: Ursaluna|brn|[from] item: Flame Orb\n|upkeep\n|turn|2\n|\n|t:|1697776809\n|switch|p2a: Donphan|Donphan, F|100\/100\n|-item|p2a: Donphan|Air Balloon\n|move|p1a: Ursaluna|Extreme Speed|p2a: Donphan\n|-damage|p2a: Donphan|37\/100\n|-enditem|p2a: Donphan|Air Balloon\n|\n|-damage|p1a: Ursaluna|94\/100 brn|[from] brn\n|upkeep\n|turn|3\n|\n|t:|1697776815\n|switch|p2a: Calyrex|Calyrex-Shadow|100\/100\n|-ability|p2a: Calyrex|As One\n|-ability|p2a: Calyrex|Unnerve\n|move|p1a: Ursaluna|Extreme Speed|p2a: Calyrex\n|-immune|p2a: Calyrex\n|\n|-damage|p1a: Ursaluna|88\/100 brn|[from] brn\n|upkeep\n|turn|4\n|\n|t:|1697776819\n|move|p1a: Ursaluna|Shadow Sneak|p2a: Calyrex\n|-supereffective|p2a: Calyrex\n|-damage|p2a: Calyrex|0 fnt\n|faint|p2a: Calyrex\n|\n|-damage|p1a: Ursaluna|82\/100 brn|[from] brn\n|upkeep\n|\n|t:|1697776828\n|switch|p2a: Miraidon|Miraidon|100\/100\n|-fieldstart|move: Electric Terrain|[from] ability: Hadron Engine|[of] p2a: Miraidon\n|turn|5\n|\n|t:|1697776843\n|-terastallize|p2a: Miraidon|Ghost\n|move|p2a: Miraidon|Dynamax Cannon|p1a: Ursaluna\n|-end|p1a: Ursaluna|Substitute\n|-damage|p2a: Miraidon|91\/100|[from] item: Life Orb\n|move|p1a: Ursaluna|Earthquake|p2a: Miraidon\n|-damage|p2a: Miraidon|0 fnt\n|faint|p2a: Miraidon\n|\n|-damage|p1a: Ursaluna|76\/100 brn|[from] brn\n|upkeep\n|\n|t:|1697776851\n|switch|p2a: Electrode|Electrode-Hisui|100\/100\n|turn|6\n|\n|t:|1697776855\n|move|p1a: Ursaluna|Extreme Speed|p2a: Electrode\n|-enditem|p2a: Electrode|Focus Sash\n|-damage|p2a: Electrode|1\/100\n|move|p2a: Electrode|Sticky Web|p1a: Ursaluna\n|-sidestart|p1: dreepy airlines|move: Sticky Web\n|\n|-damage|p1a: Ursaluna|69\/100 brn|[from] brn\n|upkeep\n|turn|7\n|\n|t:|1697776865\n|move|p1a: Ursaluna|Extreme Speed|p2a: Electrode\n|-damage|p2a: Electrode|0 fnt\n|faint|p2a: Electrode\n|\n|-damage|p1a: Ursaluna|63\/100 brn|[from] brn\n|upkeep\n|\n|t:|1697776869\n|switch|p2a: Koraidon|Koraidon|100\/100\n|-weather|SunnyDay|[from] ability: Orichalcum Pulse|[of] p2a: Koraidon\n|-activate|p2a: Koraidon|Orichalcum Pulse|[source]\n|turn|8\n|\n|t:|1697776874\n|move|p1a: Ursaluna|Extreme Speed|p2a: Koraidon\n|-damage|p2a: Koraidon|41\/100\n|move|p2a: Koraidon|Collision Course|p1a: Ursaluna\n|-supereffective|p1a: Ursaluna\n|-damage|p1a: Ursaluna|0 fnt\n|faint|p1a: Ursaluna\n|\n|-weather|SunnyDay|[upkeep]\n|upkeep\n|\n|t:|1697776892\n|switch|p1a: Calyrex|Calyrex-Shadow|100\/100\n|-ability|p1a: Calyrex|As One\n|-ability|p1a: Calyrex|Unnerve\n|-damage|p1a: Calyrex|88\/100|[from] Stealth Rock\n|-activate|p1a: Calyrex|move: Sticky Web\n|-unboost|p1a: Calyrex|spe|1\n|turn|9\n|c|\u2606dreepy airlines|oh wait\n|c|\u2606dreepy airlines|thats why web\n|\n|t:|1697776910\n|switch|p1a: Chien-Pao|Chien-Pao|100\/100\n|-damage|p1a: Chien-Pao|76\/100|[from] Stealth Rock\n|-activate|p1a: Chien-Pao|move: Sticky Web\n|-unboost|p1a: Chien-Pao|spe|1\n|-ability|p1a: Chien-Pao|Sword of Ruin\n|move|p2a: Koraidon|Last Respects|p1a: Chien-Pao\n|-resisted|p1a: Chien-Pao\n|-damage|p1a: Chien-Pao|14\/100\n|\n|-weather|SunnyDay|[upkeep]\n|-fieldend|move: Electric Terrain\n|upkeep\n|turn|10\n|\n|t:|1697776915\n|switch|p2a: Donphan|Donphan, F|37\/100\n|move|p1a: Chien-Pao|Glacial Lance|p2a: Donphan\n|-supereffective|p2a: Donphan\n|-damage|p2a: Donphan|0 fnt\n|faint|p2a: Donphan\n|\n|-weather|SunnyDay|[upkeep]\n|upkeep\n|\n|t:|1697776917\n|switch|p2a: Ditto|Ditto|100\/100\n|-transform|p2a: Ditto|p1a: Chien-Pao|[from] ability: Imposter\n|-ability|p2a: Ditto|Sword of Ruin\n|turn|11\n|\n|t:|1697776924\n|move|p2a: Ditto|U-turn|p1a: Chien-Pao\n|-supereffective|p1a: Chien-Pao\n|-damage|p1a: Chien-Pao|0 fnt\n|faint|p1a: Chien-Pao\n|\n|t:|1697776926\n|switch|p2a: Koraidon|Koraidon|41\/100|[from] U-turn\n|-activate|p2a: Koraidon|ability: Orichalcum Pulse\n|\n|-weather|SunnyDay|[upkeep]\n|upkeep\n|\n|t:|1697776930\n|switch|p1a: Grimmsnarl|Grimmsnarl, M|50\/100\n|-damage|p1a: Grimmsnarl|38\/100|[from] Stealth Rock\n|-activate|p1a: Grimmsnarl|move: Sticky Web\n|-unboost|p1a: Grimmsnarl|spe|1\n|turn|12\n|\n|t:|1697776933\n|move|p1a: Grimmsnarl|Spore|p2a: Koraidon\n|-status|p2a: Koraidon|slp|[from] move: Spore\n|cant|p2a: Koraidon|slp\n|\n|-weather|none\n|upkeep\n|turn|13\n|\n|t:|1697776940\n|switch|p2a: Ditto|Ditto|100\/100\n|-transform|p2a: Ditto|p1a: Grimmsnarl|[from] ability: Imposter\n|switch|p1a: Ursaluna|Ursaluna, F|100\/100\n|-damage|p1a: Ursaluna|94\/100|[from] Stealth Rock\n|-activate|p1a: Ursaluna|move: Sticky Web\n|-unboost|p1a: Ursaluna|spe|1\n|\n|-status|p1a: Ursaluna|brn|[from] item: Flame Orb\n|upkeep\n|turn|14\n|\n|t:|1697776946\n|move|p1a: Ursaluna|Extreme Speed|p2a: Ditto\n|-damage|p2a: Ditto|0 fnt\n|faint|p2a: Ditto\n|\n|-damage|p1a: Ursaluna|88\/100 brn|[from] brn\n|upkeep\n|\n|t:|1697776949\n|switch|p2a: Koraidon|Koraidon|41\/100 slp\n|-weather|SunnyDay|[from] ability: Orichalcum Pulse|[of] p2a: Koraidon\n|-activate|p2a: Koraidon|Orichalcum Pulse|[source]\n|turn|15\n|c|\u2606dreepy airlines|gg\n|c|\u2606Pure Hackmons|g_g\n|\n|t:|1697776953\n|move|p1a: Ursaluna|Extreme Speed|p2a: Koraidon\n|-damage|p2a: Koraidon|0 fnt\n|faint|p2a: Koraidon\n|\n|win|dreepy airlines\n|n|\u2606dreepy airlines|dreepyairlines\n|n|\u2606Pure Hackmons|purehackmons\n|n|*Lady Monita \u263d|ladymonita\n|l|*Lady Monita \u263d\n|l|\u2606Pure Hackmons\n|l|\u2606dreepy airlines\n|j|\u2606dreepy airlines\n|player|p1|dreepy airlines|shauna-masters\n","uploadtime":1697776964,"views":9,"p1id":"dreepyairlines","p2id":"purehackmons","formatid":"gen9anythinggoes","rating":0,"private":0,"password":""}