{"id":"gen9anythinggoes-1999573019","p1":"Flare_Warrior","p2":"ara-tya","format":"[Gen 9] Anything Goes","log":"|j|\u2606Flare_Warrior\n|j|\u2606ara-tya\n|t:|1701097468\n|gametype|singles\n|player|p1|Flare_Warrior|ingo|1130\n|player|p2|ara-tya|sisandbro|1110\n|teamsize|p1|6\n|teamsize|p2|6\n|gen|9\n|tier|[Gen 9] Anything Goes\n|rated|\n|rule|HP Percentage Mod: HP is shown in percentages\n|rule|Endless Battle Clause: Forcing endless battles is banned\n|clearpoke\n|poke|p1|Dragapult, M|\n|poke|p1|Volcarona, F|\n|poke|p1|Appletun, F|\n|poke|p1|Sylveon, F|\n|poke|p1|Greninja-*, M|\n|poke|p1|Clodsire, M|\n|poke|p2|Slowking-Galar, M|\n|poke|p2|Palafin, F|\n|poke|p2|Tsareena, F|\n|poke|p2|Heatran, M|\n|poke|p2|Zoroark-Hisui, M|\n|poke|p2|Forretress, M|\n|teampreview\n|\n|t:|1701097478\n|start\n|switch|p1a: Clodsire|Clodsire, M|100\/100\n|switch|p2a: \u3054\u304f\u3082\u3093\u304d\u3087\u3046|Forretress, M|100\/100\n|turn|1\n|\n|t:|1701097484\n|move|p2a: \u3054\u304f\u3082\u3093\u304d\u3087\u3046|Stealth Rock|p1a: Clodsire\n|-sidestart|p1: Flare_Warrior|move: Stealth Rock\n|move|p1a: Clodsire|Toxic Spikes|p2a: \u3054\u304f\u3082\u3093\u304d\u3087\u3046\n|-sidestart|p2: ara-tya|move: Toxic Spikes\n|\n|upkeep\n|turn|2\n|\n|t:|1701097488\n|move|p2a: \u3054\u304f\u3082\u3093\u304d\u3087\u3046|Toxic Spikes|p1a: Clodsire\n|-sidestart|p1: Flare_Warrior|move: Toxic Spikes\n|move|p1a: Clodsire|Toxic Spikes|p2a: \u3054\u304f\u3082\u3093\u304d\u3087\u3046\n|-sidestart|p2: ara-tya|move: Toxic Spikes\n|\n|upkeep\n|turn|3\n|\n|t:|1701097494\n|switch|p1a: Volcarona|Volcarona, F|100\/100\n|move|p2a: \u3054\u304f\u3082\u3093\u304d\u3087\u3046|Toxic Spikes|p1a: Volcarona\n|-sidestart|p1: Flare_Warrior|move: Toxic Spikes\n|\n|upkeep\n|turn|4\n|\n|t:|1701097505\n|switch|p2a: \u3051\u3093\u3058\u3083\u304f|Slowking-Galar, M|100\/100\n|-sideend|p2: ara-tya|move: Toxic Spikes|[of] p2a: \u3051\u3093\u3058\u3083\u304f\n|move|p1a: Volcarona|Fiery Dance|p2a: \u3051\u3093\u3058\u3083\u304f\n|-damage|p2a: \u3051\u3093\u3058\u3083\u304f|63\/100\n|\n|-heal|p2a: \u3051\u3093\u3058\u3083\u304f|69\/100|[from] item: Black Sludge\n|upkeep\n|turn|5\n|\n|t:|1701097515\n|move|p1a: Volcarona|Quiver Dance|p1a: Volcarona\n|-boost|p1a: Volcarona|spa|1\n|-boost|p1a: Volcarona|spd|1\n|-boost|p1a: Volcarona|spe|1\n|move|p2a: \u3051\u3093\u3058\u3083\u304f|Yawn|p1a: Volcarona\n|-start|p1a: Volcarona|move: Yawn|[of] p2a: \u3051\u3093\u3058\u3083\u304f\n|\n|-heal|p2a: \u3051\u3093\u3058\u3083\u304f|75\/100|[from] item: Black Sludge\n|upkeep\n|turn|6\n|\n|t:|1701097527\n|switch|p1a: Clodsire|Clodsire, M|100\/100\n|-damage|p1a: Clodsire|94\/100|[from] Stealth Rock\n|-sideend|p1: Flare_Warrior|move: Toxic Spikes|[of] p1a: Clodsire\n|switch|p2a: \u3060\u3054\u3093|Palafin, F|100\/100\n|\n|-heal|p1a: Clodsire|100\/100|[from] item: Leftovers\n|upkeep\n|turn|7\n|\n|t:|1701097538\n|detailschange|p2a: \u3060\u3054\u3093|Palafin-Hero, F\n|switch|p2a: \u3054\u304f\u3082\u3093\u304d\u3087\u3046|Forretress, M|100\/100\n|move|p1a: Clodsire|High Horsepower|p2a: \u3054\u304f\u3082\u3093\u304d\u3087\u3046\n|-damage|p2a: \u3054\u304f\u3082\u3093\u304d\u3087\u3046|81\/100\n|\n|upkeep\n|turn|8\n|\n|t:|1701097546\n|switch|p1a: Volcarona|Volcarona, F|100\/100\n|move|p2a: \u3054\u304f\u3082\u3093\u304d\u3087\u3046|Toxic Spikes|p1a: Volcarona\n|-sidestart|p1: Flare_Warrior|move: Toxic Spikes\n|\n|upkeep\n|turn|9\n|\n|t:|1701097558\n|switch|p2a: \u3051\u3093\u3058\u3083\u304f|Slowking-Galar, M|100\/100\n|move|p1a: Volcarona|Quiver Dance|p1a: Volcarona\n|-boost|p1a: Volcarona|spa|1\n|-boost|p1a: Volcarona|spd|1\n|-boost|p1a: Volcarona|spe|1\n|\n|upkeep\n|turn|10\n|\n|t:|1701097565\n|move|p1a: Volcarona|Bug Buzz|p2a: \u3051\u3093\u3058\u3083\u304f\n|-damage|p2a: \u3051\u3093\u3058\u3083\u304f|34\/100\n|move|p2a: \u3051\u3093\u3058\u3083\u304f|Yawn|p1a: Volcarona\n|-start|p1a: Volcarona|move: Yawn|[of] p2a: \u3051\u3093\u3058\u3083\u304f\n|\n|-heal|p2a: \u3051\u3093\u3058\u3083\u304f|40\/100|[from] item: Black Sludge\n|upkeep\n|turn|11\n|\n|t:|1701097574\n|switch|p1a: Clodsire|Clodsire, M|100\/100\n|-damage|p1a: Clodsire|94\/100|[from] Stealth Rock\n|-sideend|p1: Flare_Warrior|move: Toxic Spikes|[of] p1a: Clodsire\n|move|p2a: \u3051\u3093\u3058\u3083\u304f|Nasty Plot|p2a: \u3051\u3093\u3058\u3083\u304f\n|-boost|p2a: \u3051\u3093\u3058\u3083\u304f|spa|2\n|\n|-heal|p2a: \u3051\u3093\u3058\u3083\u304f|46\/100|[from] item: Black Sludge\n|-heal|p1a: Clodsire|100\/100|[from] item: Leftovers\n|upkeep\n|turn|12\n|\n|t:|1701097585\n|move|p2a: \u3051\u3093\u3058\u3083\u304f|Yawn|p1a: Clodsire\n|-start|p1a: Clodsire|move: Yawn|[of] p2a: \u3051\u3093\u3058\u3083\u304f\n|move|p1a: Clodsire|Megahorn|p2a: \u3051\u3093\u3058\u3083\u304f|[miss]\n|-miss|p1a: Clodsire|p2a: \u3051\u3093\u3058\u3083\u304f\n|\n|-heal|p2a: \u3051\u3093\u3058\u3083\u304f|52\/100|[from] item: Black Sludge\n|upkeep\n|turn|13\n|\n|t:|1701097596\n|switch|p1a: Volcarona|Volcarona, F|100\/100\n|move|p2a: \u3051\u3093\u3058\u3083\u304f|Nasty Plot|p2a: \u3051\u3093\u3058\u3083\u304f\n|-boost|p2a: \u3051\u3093\u3058\u3083\u304f|spa|2\n|\n|-heal|p2a: \u3051\u3093\u3058\u3083\u304f|58\/100|[from] item: Black Sludge\n|upkeep\n|turn|14\n|\n|t:|1701097604\n|move|p1a: Volcarona|Quiver Dance|p1a: Volcarona\n|-boost|p1a: Volcarona|spa|1\n|-boost|p1a: Volcarona|spd|1\n|-boost|p1a: Volcarona|spe|1\n|move|p2a: \u3051\u3093\u3058\u3083\u304f|Yawn|p1a: Volcarona\n|-start|p1a: Volcarona|move: Yawn|[of] p2a: \u3051\u3093\u3058\u3083\u304f\n|\n|-heal|p2a: \u3051\u3093\u3058\u3083\u304f|64\/100|[from] item: Black Sludge\n|upkeep\n|turn|15\n|\n|t:|1701097612\n|move|p1a: Volcarona|Bug Buzz|p2a: \u3051\u3093\u3058\u3083\u304f\n|-damage|p2a: \u3051\u3093\u3058\u3083\u304f|0 fnt\n|faint|p2a: \u3051\u3093\u3058\u3083\u304f\n|\n|-end|p1a: Volcarona|move: Yawn|[silent]\n|-status|p1a: Volcarona|slp\n|upkeep\n|\n|t:|1701097621\n|switch|p2a: \u306f\u306a\u307f|Tsareena, F|100\/100\n|turn|16\n|\n|t:|1701097625\n|cant|p1a: Volcarona|slp\n|move|p2a: \u306f\u306a\u307f|Trick|p1a: Volcarona\n|-activate|p2a: \u306f\u306a\u307f|move: Trick|[of] p1a: Volcarona\n|-item|p1a: Volcarona|Choice Scarf|[from] move: Trick\n|-item|p2a: \u306f\u306a\u307f|Heavy-Duty Boots|[from] move: Trick\n|\n|upkeep\n|turn|17\n|\n|t:|1701097640\n|switch|p2a: \u3060\u3054\u3093|Palafin-Hero, F|100\/100\n|-activate|p2a: \u3060\u3054\u3093|ability: Zero to Hero\n|cant|p1a: Volcarona|slp\n|\n|upkeep\n|turn|18\n|\n|t:|1701097646\n|cant|p1a: Volcarona|slp\n|move|p2a: \u3060\u3054\u3093|Bulk Up|p2a: \u3060\u3054\u3093\n|-boost|p2a: \u3060\u3054\u3093|atk|1\n|-boost|p2a: \u3060\u3054\u3093|def|1\n|\n|upkeep\n|turn|19\n|\n|t:|1701097652\n|-curestatus|p1a: Volcarona|slp|[msg]\n|move|p1a: Volcarona|Giga Drain|p2a: \u3060\u3054\u3093\n|-supereffective|p2a: \u3060\u3054\u3093\n|-damage|p2a: \u3060\u3054\u3093|37\/100\n|-enditem|p2a: \u3060\u3054\u3093|Weakness Policy\n|-boost|p2a: \u3060\u3054\u3093|atk|2|[from] item: Weakness Policy\n|-boost|p2a: \u3060\u3054\u3093|spa|2|[from] item: Weakness Policy\n|move|p2a: \u3060\u3054\u3093|Bulk Up|p2a: \u3060\u3054\u3093\n|-boost|p2a: \u3060\u3054\u3093|atk|1\n|-boost|p2a: \u3060\u3054\u3093|def|1\n|\n|upkeep\n|turn|20\n|\n|t:|1701097663\n|move|p2a: \u3060\u3054\u3093|Jet Punch|p1a: Volcarona\n|-supereffective|p1a: Volcarona\n|-damage|p1a: Volcarona|0 fnt\n|faint|p1a: Volcarona\n|\n|upkeep\n|\n|t:|1701097669\n|switch|p1a: Appletun|Appletun, F|100\/100\n|-damage|p1a: Appletun|88\/100|[from] Stealth Rock\n|turn|21\n|\n|t:|1701097674\n|move|p2a: \u3060\u3054\u3093|Drain Punch|p1a: Appletun\n|-damage|p1a: Appletun|15\/100\n|-heal|p2a: \u3060\u3054\u3093|75\/100|[from] drain|[of] p1a: Appletun\n|move|p1a: Appletun|Leech Seed|p2a: \u3060\u3054\u3093\n|-start|p2a: \u3060\u3054\u3093|move: Leech Seed\n|\n|-damage|p2a: \u3060\u3054\u3093|63\/100|[from] Leech Seed|[of] p1a: Appletun\n|-heal|p1a: Appletun|30\/100|[silent]\n|upkeep\n|turn|22\n|\n|t:|1701097682\n|move|p2a: \u3060\u3054\u3093|Drain Punch|p1a: Appletun\n|-damage|p1a: Appletun|0 fnt\n|-heal|p2a: \u3060\u3054\u3093|79\/100|[from] drain|[of] p1a: Appletun\n|faint|p1a: Appletun\n|\n|upkeep\n|\n|t:|1701097689\n|switch|p1a: Clodsire|Clodsire, M|100\/100\n|-damage|p1a: Clodsire|94\/100|[from] Stealth Rock\n|turn|23\n|\n|t:|1701097694\n|move|p2a: \u3060\u3054\u3093|Drain Punch|p1a: Clodsire\n|-resisted|p1a: Clodsire\n|-damage|p1a: Clodsire|62\/100\n|-heal|p2a: \u3060\u3054\u3093|98\/100|[from] drain|[of] p1a: Clodsire\n|move|p1a: Clodsire|High Horsepower|p2a: \u3060\u3054\u3093\n|-damage|p2a: \u3060\u3054\u3093|86\/100\n|\n|-heal|p1a: Clodsire|68\/100|[from] item: Leftovers\n|-damage|p2a: \u3060\u3054\u3093|74\/100|[from] Leech Seed|[of] p1a: Clodsire\n|-heal|p1a: Clodsire|79\/100|[silent]\n|upkeep\n|turn|24\n|\n|t:|1701097707\n|move|p2a: \u3060\u3054\u3093|Bulk Up|p2a: \u3060\u3054\u3093\n|-boost|p2a: \u3060\u3054\u3093|atk|1\n|-boost|p2a: \u3060\u3054\u3093|def|1\n|move|p1a: Clodsire|Toxic Spikes|p2a: \u3060\u3054\u3093\n|-sidestart|p2: ara-tya|move: Toxic Spikes\n|\n|-heal|p1a: Clodsire|85\/100|[from] item: Leftovers\n|-damage|p2a: \u3060\u3054\u3093|62\/100|[from] Leech Seed|[of] p1a: Clodsire\n|-heal|p1a: Clodsire|96\/100|[silent]\n|upkeep\n|turn|25\n|\n|t:|1701097715\n|move|p2a: \u3060\u3054\u3093|Bulk Up|p2a: \u3060\u3054\u3093\n|-boost|p2a: \u3060\u3054\u3093|atk|1\n|-boost|p2a: \u3060\u3054\u3093|def|1\n|move|p1a: Clodsire|Toxic Spikes|p2a: \u3060\u3054\u3093\n|-sidestart|p2: ara-tya|move: Toxic Spikes\n|\n|-heal|p1a: Clodsire|100\/100|[from] item: Leftovers\n|-damage|p2a: \u3060\u3054\u3093|49\/100|[from] Leech Seed|[of] p1a: Clodsire\n|upkeep\n|turn|26\n|\n|t:|1701097724\n|move|p2a: \u3060\u3054\u3093|Drain Punch|p1a: Clodsire\n|-resisted|p1a: Clodsire\n|-damage|p1a: Clodsire|55\/100\n|-heal|p2a: \u3060\u3054\u3093|75\/100|[from] drain|[of] p1a: Clodsire\n|-status|p2a: \u3060\u3054\u3093|psn|[from] ability: Poison Point|[of] p1a: Clodsire\n|move|p1a: Clodsire|Liquidation|p2a: \u3060\u3054\u3093\n|-resisted|p2a: \u3060\u3054\u3093\n|-damage|p2a: \u3060\u3054\u3093|73\/100 psn\n|\n|-heal|p1a: Clodsire|61\/100|[from] item: Leftovers\n|-damage|p2a: \u3060\u3054\u3093|61\/100 psn|[from] Leech Seed|[of] p1a: Clodsire\n|-heal|p1a: Clodsire|72\/100|[silent]\n|-damage|p2a: \u3060\u3054\u3093|48\/100 psn|[from] psn\n|upkeep\n|turn|27\n|\n|t:|1701097744\n|move|p2a: \u3060\u3054\u3093|Wave Crash|p1a: Clodsire\n|-supereffective|p1a: Clodsire\n|-damage|p1a: Clodsire|0 fnt\n|faint|p1a: Clodsire\n|-damage|p2a: \u3060\u3054\u3093|21\/100 psn|[from] Recoil\n|\n|-damage|p2a: \u3060\u3054\u3093|9\/100 psn|[from] psn\n|upkeep\n|\n|t:|1701097751\n|switch|p1a: Sylveon|Sylveon, F|100\/100\n|-damage|p1a: Sylveon|88\/100|[from] Stealth Rock\n|turn|28\n|\n|t:|1701097761\n|move|p2a: \u3060\u3054\u3093|Jet Punch|p1a: Sylveon\n|-damage|p1a: Sylveon|0 fnt\n|faint|p1a: Sylveon\n|\n|-damage|p2a: \u3060\u3054\u3093|0 fnt|[from] psn\n|faint|p2a: \u3060\u3054\u3093\n|upkeep\n|\n|t:|1701097769\n|switch|p2a: \u3054\u304f\u3082\u3093\u304d\u3087\u3046|Forretress, M|81\/100\n|switch|p1a: Greninja|Greninja, M|100\/100\n|-damage|p1a: Greninja|88\/100|[from] Stealth Rock\n|turn|29\n|\n|t:|1701097775\n|move|p1a: Greninja|Double Team|p1a: Greninja\n|-boost|p1a: Greninja|evasion|1\n|move|p2a: \u3054\u304f\u3082\u3093\u304d\u3087\u3046|Rapid Spin|p1a: Greninja\n|-damage|p1a: Greninja|69\/100\n|-boost|p2a: \u3054\u304f\u3082\u3093\u304d\u3087\u3046|spe|1\n|-sideend|p2: ara-tya|Toxic Spikes|[from] move: Rapid Spin|[of] p2a: \u3054\u304f\u3082\u3093\u304d\u3087\u3046\n|\n|upkeep\n|turn|30\n|\n|t:|1701097783\n|move|p1a: Greninja|Double Team|p1a: Greninja\n|-boost|p1a: Greninja|evasion|1\n|move|p2a: \u3054\u304f\u3082\u3093\u304d\u3087\u3046|Toxic Spikes|p1a: Greninja\n|-sidestart|p1: Flare_Warrior|move: Toxic Spikes\n|\n|upkeep\n|turn|31\n|\n|t:|1701097789\n|move|p1a: Greninja|Double Team|p1a: Greninja\n|-boost|p1a: Greninja|evasion|1\n|move|p2a: \u3054\u304f\u3082\u3093\u304d\u3087\u3046|Toxic Spikes|p1a: Greninja\n|-sidestart|p1: Flare_Warrior|move: Toxic Spikes\n|\n|upkeep\n|turn|32\n|\n|t:|1701097799\n|move|p1a: Greninja|Double Team|p1a: Greninja\n|-boost|p1a: Greninja|evasion|1\n|move|p2a: \u3054\u304f\u3082\u3093\u304d\u3087\u3046|Rapid Spin|p1a: Greninja\n|-crit|p1a: Greninja\n|-damage|p1a: Greninja|39\/100\n|-boost|p2a: \u3054\u304f\u3082\u3093\u304d\u3087\u3046|spe|1\n|\n|upkeep\n|turn|33\n|\n|t:|1701097808\n|move|p1a: Greninja|Double Team|p1a: Greninja\n|-boost|p1a: Greninja|evasion|1\n|move|p2a: \u3054\u304f\u3082\u3093\u304d\u3087\u3046|Rapid Spin|p1a: Greninja\n|-damage|p1a: Greninja|18\/100\n|-boost|p2a: \u3054\u304f\u3082\u3093\u304d\u3087\u3046|spe|1\n|\n|upkeep\n|turn|34\n|\n|t:|1701097815\n|move|p1a: Greninja|Double Team|p1a: Greninja\n|-boost|p1a: Greninja|evasion|1\n|move|p2a: \u3054\u304f\u3082\u3093\u304d\u3087\u3046|Rapid Spin|p1a: Greninja|[miss]\n|-miss|p2a: \u3054\u304f\u3082\u3093\u304d\u3087\u3046|p1a: Greninja\n|\n|upkeep\n|turn|35\n|\n|t:|1701097823\n|move|p1a: Greninja|Mud Shot|p2a: \u3054\u304f\u3082\u3093\u304d\u3087\u3046\n|-damage|p2a: \u3054\u304f\u3082\u3093\u304d\u3087\u3046|61\/100\n|-unboost|p2a: \u3054\u304f\u3082\u3093\u304d\u3087\u3046|spe|1\n|move|p2a: \u3054\u304f\u3082\u3093\u304d\u3087\u3046|Counter||[still]\n|-fail|p2a: \u3054\u304f\u3082\u3093\u304d\u3087\u3046\n|\n|upkeep\n|turn|36\n|\n|t:|1701097834\n|move|p1a: Greninja|Mud Shot|p2a: \u3054\u304f\u3082\u3093\u304d\u3087\u3046\n|-damage|p2a: \u3054\u304f\u3082\u3093\u304d\u3087\u3046|41\/100\n|-unboost|p2a: \u3054\u304f\u3082\u3093\u304d\u3087\u3046|spe|1\n|move|p2a: \u3054\u304f\u3082\u3093\u304d\u3087\u3046|Rapid Spin|p1a: Greninja|[miss]\n|-miss|p2a: \u3054\u304f\u3082\u3093\u304d\u3087\u3046|p1a: Greninja\n|\n|upkeep\n|turn|37\n|\n|t:|1701097843\n|move|p1a: Greninja|Mud Shot|p2a: \u3054\u304f\u3082\u3093\u304d\u3087\u3046\n|-damage|p2a: \u3054\u304f\u3082\u3093\u304d\u3087\u3046|18\/100\n|-unboost|p2a: \u3054\u304f\u3082\u3093\u304d\u3087\u3046|spe|1\n|move|p2a: \u3054\u304f\u3082\u3093\u304d\u3087\u3046|Rapid Spin|p1a: Greninja|[miss]\n|-miss|p2a: \u3054\u304f\u3082\u3093\u304d\u3087\u3046|p1a: Greninja\n|\n|upkeep\n|turn|38\n|-enditem|p2a: \u3054\u304f\u3082\u3093\u304d\u3087\u3046|Custap Berry|[eat]\n|-activate|p2a: \u3054\u304f\u3082\u3093\u304d\u3087\u3046|item: Custap Berry|[consumed]\n|\n|t:|1701097850\n|move|p2a: \u3054\u304f\u3082\u3093\u304d\u3087\u3046|Rapid Spin|p1a: Greninja|[miss]\n|-miss|p2a: \u3054\u304f\u3082\u3093\u304d\u3087\u3046|p1a: Greninja\n|move|p1a: Greninja|Mud Shot|p2a: \u3054\u304f\u3082\u3093\u304d\u3087\u3046\n|-damage|p2a: \u3054\u304f\u3082\u3093\u304d\u3087\u3046|0 fnt\n|faint|p2a: \u3054\u304f\u3082\u3093\u304d\u3087\u3046\n|\n|upkeep\n|\n|t:|1701097865\n|switch|p2a: \u306f\u306a\u307f|Tsareena, F|100\/100\n|turn|39\n|\n|t:|1701097873\n|move|p1a: Greninja|Night Slash|p2a: \u306f\u306a\u307f\n|-supereffective|p2a: \u306f\u306a\u307f\n|-damage|p2a: \u306f\u306a\u307f|28\/100\n|replace|p2a: \u307e\u3072\u3068|Zoroark-Hisui, M\n|-end|p2a: \u307e\u3072\u3068|Illusion\n|move|p2a: \u307e\u3072\u3068|Curse|p1a: Greninja\n|-start|p1a: Greninja|Curse|[of] p2a: \u307e\u3072\u3068\n|-damage|p2a: \u307e\u3072\u3068|0 fnt\n|faint|p2a: \u307e\u3072\u3068\n|\n|-damage|p1a: Greninja|0 fnt|[from] Curse\n|faint|p1a: Greninja\n|upkeep\n|\n|t:|1701097885\n|switch|p1a: Dragapult|Dragapult, M|100\/100\n|switch|p2a: \u306f\u306a\u307f|Tsareena, F|100\/100\n|-damage|p1a: Dragapult|88\/100|[from] Stealth Rock\n|-status|p1a: Dragapult|tox\n|turn|40\n|\n|t:|1701097893\n|-terastallize|p1a: Dragapult|Ghost\n|move|p2a: \u306f\u306a\u307f|Protect|p2a: \u306f\u306a\u307f\n|-singleturn|p2a: \u306f\u306a\u307f|Protect\n|move|p1a: Dragapult|U-turn|p2a: \u306f\u306a\u307f\n|-activate|p2a: \u306f\u306a\u307f|move: Protect\n|\n|-damage|p1a: Dragapult|82\/100 tox|[from] psn\n|upkeep\n|turn|41\n|\n|t:|1701097903\n|move|p1a: Dragapult|U-turn|p2a: \u306f\u306a\u307f\n|-supereffective|p2a: \u306f\u306a\u307f\n|-damage|p2a: \u306f\u306a\u307f|52\/100\n|move|p2a: \u306f\u306a\u307f|Substitute|p2a: \u306f\u306a\u307f\n|-start|p2a: \u306f\u306a\u307f|Substitute\n|-damage|p2a: \u306f\u306a\u307f|27\/100\n|\n|-heal|p2a: \u306f\u306a\u307f|33\/100|[from] item: Leftovers\n|-damage|p1a: Dragapult|70\/100 tox|[from] psn\n|upkeep\n|turn|42\n|\n|t:|1701097911\n|move|p2a: \u306f\u306a\u307f|Protect|p2a: \u306f\u306a\u307f\n|-singleturn|p2a: \u306f\u306a\u307f|Protect\n|move|p1a: Dragapult|U-turn|p2a: \u306f\u306a\u307f\n|-activate|p2a: \u306f\u306a\u307f|move: Protect\n|\n|-heal|p2a: \u306f\u306a\u307f|39\/100|[from] item: Leftovers\n|-damage|p1a: Dragapult|52\/100 tox|[from] psn\n|upkeep\n|turn|43\n|\n|t:|1701097922\n|move|p1a: Dragapult|U-turn|p2a: \u306f\u306a\u307f\n|-supereffective|p2a: \u306f\u306a\u307f\n|-end|p2a: \u306f\u306a\u307f|Substitute\n|move|p2a: \u306f\u306a\u307f|Substitute|p2a: \u306f\u306a\u307f\n|-start|p2a: \u306f\u306a\u307f|Substitute\n|-damage|p2a: \u306f\u306a\u307f|14\/100\n|\n|-heal|p2a: \u306f\u306a\u307f|20\/100|[from] item: Leftovers\n|-damage|p1a: Dragapult|28\/100 tox|[from] psn\n|upkeep\n|turn|44\n|\n|t:|1701097930\n|move|p2a: \u306f\u306a\u307f|Protect|p2a: \u306f\u306a\u307f\n|-singleturn|p2a: \u306f\u306a\u307f|Protect\n|move|p1a: Dragapult|Tera Blast|p2a: \u306f\u306a\u307f|[anim] Tera Blast Ghost\n|-activate|p2a: \u306f\u306a\u307f|move: Protect\n|\n|-heal|p2a: \u306f\u306a\u307f|26\/100|[from] item: Leftovers\n|-damage|p1a: Dragapult|0 fnt|[from] psn\n|faint|p1a: Dragapult\n|\n|win|ara-tya\n|upkeep\n|raw|Flare_Warrior's rating: 1130 &rarr; <strong>1104<\/strong><br \/>(-26 for losing)\n|raw|ara-tya's rating: 1110 &rarr; <strong>1136<\/strong><br \/>(+26 for winning)\n|l|\u2606Flare_Warrior\n","uploadtime":1701097944,"views":6,"p1id":"flarewarrior","p2id":"aratya","formatid":"gen9anythinggoes","rating":1104,"private":0,"password":""}