{"id":"gen9anythinggoes-1982701574","p1":"Kaick1478","p2":"carlocontiregna","format":"[Gen 9] Anything Goes","log":"|j|\u2606Kaick1478\n|j|\u2606carlocontiregna\n|t:|1699037047\n|gametype|singles\n|player|p1|Kaick1478|schoolkid-gen4|1437\n|player|p2|carlocontiregna|cyrus|1345\n|teamsize|p1|6\n|teamsize|p2|6\n|gen|9\n|tier|[Gen 9] Anything Goes\n|rated|\n|rule|HP Percentage Mod: HP is shown in percentages\n|rule|Endless Battle Clause: Forcing endless battles is banned\n|clearpoke\n|poke|p1|Miraidon|\n|poke|p1|Calyrex-Shadow|\n|poke|p1|Zacian-*|\n|poke|p1|Arceus|\n|poke|p1|Murkrow, F|\n|poke|p1|Regieleki|\n|poke|p2|Palafin, M|\n|poke|p2|Dondozo, M|\n|poke|p2|Walking Wake|\n|poke|p2|Urshifu-*, M|\n|poke|p2|Empoleon, M|\n|poke|p2|Kyogre|\n|teampreview\n|inactive|Battle timer is ON: inactive players will automatically lose when time's up. (requested by Kaick1478)\n|\n|t:|1699037057\n|start\n|switch|p1a: Miraidon|Miraidon|100\/100\n|switch|p2a: Urshifu|Urshifu-Rapid-Strike, M|100\/100\n|-fieldstart|move: Electric Terrain|[from] ability: Hadron Engine|[of] p1a: Miraidon\n|turn|1\n|\n|t:|1699037079\n|move|p2a: Urshifu|Drain Punch|p1a: Miraidon\n|-damage|p1a: Miraidon|60\/100\n|move|p1a: Miraidon|Electro Drift|p2a: Urshifu\n|-supereffective|p2a: Urshifu\n|-damage|p2a: Urshifu|0 fnt\n|faint|p2a: Urshifu\n|-damage|p1a: Miraidon|50\/100|[from] item: Life Orb\n|\n|upkeep\n|\n|t:|1699037089\n|switch|p2a: Dondozo|Dondozo, M|100\/100\n|turn|2\n|\n|t:|1699037096\n|-terastallize|p2a: Dondozo|Ground\n|move|p1a: Miraidon|Electro Drift|p2a: Dondozo\n|-immune|p2a: Dondozo\n|move|p2a: Dondozo|Earthquake|p1a: Miraidon\n|-supereffective|p1a: Miraidon\n|-damage|p1a: Miraidon|0 fnt\n|faint|p1a: Miraidon\n|\n|upkeep\n|\n|t:|1699037105\n|switch|p1a: Arceus|Arceus|100\/100\n|turn|3\n|\n|t:|1699037111\n|move|p1a: Arceus|Swords Dance|p1a: Arceus\n|-boost|p1a: Arceus|atk|2\n|move|p2a: Dondozo|Body Press|p1a: Arceus\n|-supereffective|p1a: Arceus\n|-damage|p1a: Arceus|63\/100\n|\n|upkeep\n|turn|4\n|\n|t:|1699037121\n|move|p1a: Arceus|Swords Dance|p1a: Arceus\n|-boost|p1a: Arceus|atk|2\n|move|p2a: Dondozo|Body Press|p1a: Arceus\n|-supereffective|p1a: Arceus\n|-damage|p1a: Arceus|22\/100\n|\n|upkeep\n|turn|5\n|\n|t:|1699037139\n|switch|p2a: Empoleon|Empoleon, M|100\/100\n|move|p1a: Arceus|Extreme Speed|p2a: Empoleon\n|-resisted|p2a: Empoleon\n|-enditem|p2a: Empoleon|Focus Sash\n|-damage|p2a: Empoleon|1\/100\n|-damage|p1a: Arceus|12\/100|[from] item: Life Orb\n|\n|-fieldend|move: Electric Terrain\n|upkeep\n|turn|6\n|\n|t:|1699037151\n|move|p1a: Arceus|Extreme Speed|p2a: Empoleon\n|-resisted|p2a: Empoleon\n|-damage|p2a: Empoleon|0 fnt\n|faint|p2a: Empoleon\n|-damage|p1a: Arceus|2\/100|[from] item: Life Orb\n|\n|upkeep\n|inactive|carlocontiregna has 120 seconds left.\n|\n|t:|1699037175\n|switch|p2a: Walking Wake|Walking Wake|100\/100\n|-enditem|p2a: Walking Wake|Booster Energy\n|-activate|p2a: Walking Wake|ability: Protosynthesis|[fromitem]\n|-start|p2a: Walking Wake|protosynthesisspa\n|turn|7\n|\n|t:|1699037182\n|move|p1a: Arceus|Extreme Speed|p2a: Walking Wake\n|-crit|p2a: Walking Wake\n|-damage|p2a: Walking Wake|0 fnt\n|faint|p2a: Walking Wake\n|-end|p2a: Walking Wake|Protosynthesis|[silent]\n|-damage|p1a: Arceus|0 fnt|[from] item: Life Orb\n|faint|p1a: Arceus\n|\n|upkeep\n|\n|t:|1699037195\n|switch|p1a: Calyrex|Calyrex-Shadow|100\/100\n|switch|p2a: Dondozo|Dondozo, M, tera:Ground|100\/100\n|-ability|p1a: Calyrex|As One\n|-ability|p1a: Calyrex|Unnerve\n|turn|8\n|\n|t:|1699037206\n|move|p1a: Calyrex|Astral Barrage|p2a: Dondozo\n|-damage|p2a: Dondozo|55\/100\n|move|p2a: Dondozo|Earthquake|p1a: Calyrex\n|-damage|p1a: Calyrex|59\/100\n|\n|upkeep\n|turn|9\n|\n|t:|1699037217\n|move|p1a: Calyrex|Astral Barrage|p2a: Dondozo\n|-damage|p2a: Dondozo|9\/100\n|move|p2a: Dondozo|Avalanche|p1a: Calyrex\n|-damage|p1a: Calyrex|27\/100\n|\n|upkeep\n|turn|10\n|\n|t:|1699037229\n|move|p1a: Calyrex|Astral Barrage|p2a: Dondozo\n|-damage|p2a: Dondozo|0 fnt\n|faint|p2a: Dondozo\n|-ability|p1a: Calyrex|Grim Neigh|boost\n|-boost|p1a: Calyrex|spa|1\n|\n|upkeep\n|\n|t:|1699037236\n|switch|p2a: Palafin|Palafin, M|100\/100\n|turn|11\n|\n|t:|1699037242\n|move|p2a: Palafin|Jet Punch|p1a: Calyrex\n|-damage|p1a: Calyrex|0 fnt\n|faint|p1a: Calyrex\n|\n|upkeep\n|\n|t:|1699037244\n|switch|p1a: Zacian|Zacian-Crowned|100\/100\n|-ability|p1a: Zacian|Intrepid Sword|boost\n|-boost|p1a: Zacian|atk|1\n|turn|12\n|\n|t:|1699037250\n|detailschange|p2a: Palafin|Palafin-Hero, M\n|switch|p2a: Kyogre|Kyogre|100\/100\n|-weather|RainDance|[from] ability: Drizzle|[of] p2a: Kyogre\n|move|p1a: Zacian|Wild Charge|p2a: Kyogre\n|-supereffective|p2a: Kyogre\n|-damage|p2a: Kyogre|0 fnt\n|faint|p2a: Kyogre\n|-damage|p1a: Zacian|74\/100|[from] Recoil\n|\n|-weather|RainDance|[upkeep]\n|upkeep\n|\n|t:|1699037262\n|switch|p2a: Palafin|Palafin-Hero, M|100\/100\n|-activate|p2a: Palafin|ability: Zero to Hero\n|turn|13\n|\n|t:|1699037270\n|move|p2a: Palafin|Jet Punch|p1a: Zacian\n|-damage|p1a: Zacian|0 fnt\n|faint|p1a: Zacian\n|\n|-weather|RainDance|[upkeep]\n|upkeep\n|\n|t:|1699037272\n|switch|p1a: Regieleki|Regieleki|100\/100\n|turn|14\n|\n|t:|1699037278\n|-terastallize|p1a: Regieleki|Electric\n|move|p2a: Palafin|Jet Punch|p1a: Regieleki\n|-damage|p1a: Regieleki|0 fnt\n|faint|p1a: Regieleki\n|\n|-weather|RainDance|[upkeep]\n|upkeep\n|\n|t:|1699037283\n|switch|p1a: Murkrow|Murkrow, F|100\/100\n|turn|15\n|\n|t:|1699037289\n|move|p2a: Palafin|Jet Punch|p1a: Murkrow\n|-enditem|p1a: Murkrow|Focus Sash\n|-damage|p1a: Murkrow|1\/100\n|move|p1a: Murkrow|Perish Song|p1a: Murkrow\n|-start|p1a: Murkrow|perish3|[silent]\n|-start|p2a: Palafin|perish3|[silent]\n|-fieldactivate|move: Perish Song\n|\n|-weather|RainDance|[upkeep]\n|-start|p2a: Palafin|perish3\n|-start|p1a: Murkrow|perish3\n|upkeep\n|turn|16\n|\n|t:|1699037299\n|move|p2a: Palafin|Jet Punch|p1a: Murkrow\n|-damage|p1a: Murkrow|0 fnt\n|faint|p1a: Murkrow\n|\n|win|carlocontiregna\n|raw|Kaick1478's rating: 1437 &rarr; <strong>1412<\/strong><br \/>(-25 for losing)\n|raw|carlocontiregna's rating: 1345 &rarr; <strong>1370<\/strong><br \/>(+25 for winning)\n|l|\u2606Kaick1478\n|j|\u2606Kaick1478\n|player|p1|Kaick1478|schoolkid-gen4\n|l|\u2606Kaick1478\n|player|p1|\n","uploadtime":1699037315,"views":12,"p1id":"kaick1478","p2id":"carlocontiregna","formatid":"gen9anythinggoes","rating":1370,"private":0,"password":""}