{"id":"gen9anythinggoes-1994666018","p1":"MrBoxhill","p2":"The_Last_Cringe","format":"[Gen 9] Anything Goes","log":"|j|\u2606MrBoxhill\n|j|\u2606The_Last_Cringe\n|t:|1700477965\n|gametype|singles\n|player|p1|MrBoxhill|riley|1209\n|player|p2|The_Last_Cringe|pokemaniac|1184\n|teamsize|p1|6\n|teamsize|p2|6\n|gen|9\n|tier|[Gen 9] Anything Goes\n|rated|\n|rule|HP Percentage Mod: HP is shown in percentages\n|rule|Endless Battle Clause: Forcing endless battles is banned\n|clearpoke\n|poke|p1|Maushold-Four|\n|poke|p1|Flutter Mane|\n|poke|p1|Miraidon|\n|poke|p1|Rabsca, M|\n|poke|p1|Garganacl, F|\n|poke|p1|Houndstone, M|\n|poke|p2|Gyarados, F|\n|poke|p2|Clodsire, F|\n|poke|p2|Garchomp, F|\n|poke|p2|Volcarona, F|\n|poke|p2|Meowscarada, M|\n|poke|p2|Mimikyu, M|\n|teampreview\n|\n|t:|1700477970\n|start\n|switch|p1a: Flutter Mane|Flutter Mane, shiny|100\/100\n|switch|p2a: Clodsire|Clodsire, F|100\/100\n|turn|1\n|\n|t:|1700477985\n|move|p1a: Flutter Mane|Psyshock|p2a: Clodsire\n|-supereffective|p2a: Clodsire\n|-damage|p2a: Clodsire|15\/100\n|-enditem|p2a: Clodsire|Figy Berry|[eat]\n|-heal|p2a: Clodsire|48\/100|[from] item: Figy Berry\n|-damage|p1a: Flutter Mane|91\/100|[from] item: Life Orb\n|move|p2a: Clodsire|Earthquake|p1a: Flutter Mane\n|-damage|p1a: Flutter Mane|7\/100\n|\n|upkeep\n|turn|2\n|\n|t:|1700477998\n|switch|p2a: Meowscarada|Meowscarada, M|100\/100\n|move|p1a: Flutter Mane|Psyshock|p2a: Meowscarada\n|-immune|p2a: Meowscarada\n|\n|upkeep\n|turn|3\n|\n|t:|1700478015\n|switch|p2a: Clodsire|Clodsire, F|48\/100\n|move|p1a: Flutter Mane|Moonblast|p2a: Clodsire\n|-resisted|p2a: Clodsire\n|-damage|p2a: Clodsire|20\/100\n|-unboost|p2a: Clodsire|spa|1\n|-damage|p1a: Flutter Mane|0 fnt|[from] item: Life Orb\n|faint|p1a: Flutter Mane\n|-end|p1a: Flutter Mane|Protosynthesis|[silent]\n|\n|upkeep\n|\n|t:|1700478020\n|switch|p1a: SSSReplacement|Garganacl, F, shiny|100\/100\n|turn|4\n|\n|t:|1700478023\n|switch|p2a: Gyarados|Gyarados, F|100\/100\n|-ability|p2a: Gyarados|Intimidate|boost\n|-unboost|p1a: SSSReplacement|atk|1\n|move|p1a: SSSReplacement|Iron Defense|p1a: SSSReplacement\n|-boost|p1a: SSSReplacement|def|2\n|\n|upkeep\n|turn|5\n|\n|t:|1700478029\n|-terastallize|p1a: SSSReplacement|Fairy\n|move|p2a: Gyarados|Waterfall|p1a: SSSReplacement\n|-damage|p1a: SSSReplacement|88\/100\n|move|p1a: SSSReplacement|Salt Cure|p2a: Gyarados\n|-supereffective|p2a: Gyarados\n|-damage|p2a: Gyarados|80\/100\n|-start|p2a: Gyarados|Salt Cure\n|\n|-heal|p1a: SSSReplacement|94\/100|[from] item: Leftovers\n|-damage|p2a: Gyarados|55\/100|[from] Salt Cure\n|upkeep\n|turn|6\n|\n|t:|1700478036\n|move|p2a: Gyarados|Earthquake|p1a: SSSReplacement\n|-damage|p1a: SSSReplacement|84\/100\n|move|p1a: SSSReplacement|Iron Defense|p1a: SSSReplacement\n|-boost|p1a: SSSReplacement|def|2\n|\n|-heal|p1a: SSSReplacement|91\/100|[from] item: Leftovers\n|-damage|p2a: Gyarados|30\/100|[from] Salt Cure\n|upkeep\n|turn|7\n|\n|t:|1700478041\n|switch|p2a: Clodsire|Clodsire, F|20\/100\n|move|p1a: SSSReplacement|Iron Defense|p1a: SSSReplacement\n|-boost|p1a: SSSReplacement|def|2\n|\n|-heal|p1a: SSSReplacement|97\/100|[from] item: Leftovers\n|upkeep\n|turn|8\n|\n|t:|1700478043\n|move|p1a: SSSReplacement|Body Press|p2a: Clodsire\n|-resisted|p2a: Clodsire\n|-damage|p2a: Clodsire|0 fnt\n|faint|p2a: Clodsire\n|\n|-heal|p1a: SSSReplacement|100\/100|[from] item: Leftovers\n|upkeep\n|\n|t:|1700478048\n|switch|p2a: Garchomp|Garchomp, F|100\/100\n|turn|9\n|\n|t:|1700478051\n|move|p2a: Garchomp|Iron Head|p1a: SSSReplacement\n|-supereffective|p1a: SSSReplacement\n|-crit|p1a: SSSReplacement\n|-damage|p1a: SSSReplacement|49\/100\n|move|p1a: SSSReplacement|Salt Cure|p2a: Garchomp\n|-resisted|p2a: Garchomp\n|-damage|p2a: Garchomp|97\/100\n|-start|p2a: Garchomp|Salt Cure\n|\n|-heal|p1a: SSSReplacement|55\/100|[from] item: Leftovers\n|-damage|p2a: Garchomp|84\/100|[from] Salt Cure\n|upkeep\n|turn|10\n|\n|t:|1700478057\n|move|p2a: Garchomp|Iron Head|p1a: SSSReplacement\n|-supereffective|p1a: SSSReplacement\n|-crit|p1a: SSSReplacement\n|-damage|p1a: SSSReplacement|7\/100\n|move|p1a: SSSReplacement|Recover|p1a: SSSReplacement\n|-heal|p1a: SSSReplacement|57\/100\n|\n|-heal|p1a: SSSReplacement|63\/100|[from] item: Leftovers\n|-damage|p2a: Garchomp|72\/100|[from] Salt Cure\n|upkeep\n|turn|11\n|\n|t:|1700478060\n|move|p2a: Garchomp|Iron Head|p1a: SSSReplacement\n|-supereffective|p1a: SSSReplacement\n|-damage|p1a: SSSReplacement|54\/100\n|move|p1a: SSSReplacement|Recover|p1a: SSSReplacement\n|-heal|p1a: SSSReplacement|100\/100\n|\n|-damage|p2a: Garchomp|60\/100|[from] Salt Cure\n|upkeep\n|turn|12\n|\n|t:|1700478064\n|move|p2a: Garchomp|Iron Head|p1a: SSSReplacement\n|-supereffective|p1a: SSSReplacement\n|-damage|p1a: SSSReplacement|91\/100\n|move|p1a: SSSReplacement|Body Press|p2a: Garchomp\n|-damage|p2a: Garchomp|0 fnt\n|-damage|p1a: SSSReplacement|79\/100|[from] ability: Rough Skin|[of] p2a: Garchomp\n|faint|p2a: Garchomp\n|\n|-heal|p1a: SSSReplacement|85\/100|[from] item: Leftovers\n|upkeep\n|\n|t:|1700478068\n|switch|p2a: Volcarona|Volcarona, F|100\/100\n|turn|13\n|\n|t:|1700478071\n|move|p2a: Volcarona|Fiery Dance|p1a: SSSReplacement\n|-damage|p1a: SSSReplacement|62\/100\n|move|p1a: SSSReplacement|Salt Cure|p2a: Volcarona\n|-supereffective|p2a: Volcarona\n|-damage|p2a: Volcarona|54\/100\n|-start|p2a: Volcarona|Salt Cure\n|\n|-heal|p1a: SSSReplacement|68\/100|[from] item: Leftovers\n|-damage|p2a: Volcarona|42\/100|[from] Salt Cure\n|upkeep\n|turn|14\n|\n|t:|1700478076\n|move|p2a: Volcarona|Fiery Dance|p1a: SSSReplacement\n|-damage|p1a: SSSReplacement|43\/100\n|-boost|p2a: Volcarona|spa|1\n|move|p1a: SSSReplacement|Recover|p1a: SSSReplacement\n|-heal|p1a: SSSReplacement|93\/100\n|\n|-heal|p1a: SSSReplacement|99\/100|[from] item: Leftovers\n|-damage|p2a: Volcarona|29\/100|[from] Salt Cure\n|upkeep\n|turn|15\n|\n|t:|1700478087\n|move|p2a: Volcarona|Fiery Dance|p1a: SSSReplacement\n|-damage|p1a: SSSReplacement|62\/100\n|move|p1a: SSSReplacement|Salt Cure|p2a: Volcarona\n|-supereffective|p2a: Volcarona\n|-damage|p2a: Volcarona|0 fnt\n|faint|p2a: Volcarona\n|\n|-heal|p1a: SSSReplacement|68\/100|[from] item: Leftovers\n|upkeep\n|\n|t:|1700478093\n|switch|p2a: Gyarados|Gyarados, F|30\/100\n|-ability|p2a: Gyarados|Intimidate|boost\n|-unboost|p1a: SSSReplacement|atk|1\n|turn|16\n|\n|t:|1700478097\n|move|p2a: Gyarados|Waterfall|p1a: SSSReplacement\n|-damage|p1a: SSSReplacement|62\/100\n|move|p1a: SSSReplacement|Salt Cure|p2a: Gyarados\n|-supereffective|p2a: Gyarados\n|-damage|p2a: Gyarados|14\/100\n|-start|p2a: Gyarados|Salt Cure\n|-enditem|p2a: Gyarados|Figy Berry|[eat]\n|-heal|p2a: Gyarados|47\/100|[from] item: Figy Berry\n|\n|-heal|p1a: SSSReplacement|68\/100|[from] item: Leftovers\n|-damage|p2a: Gyarados|23\/100|[from] Salt Cure\n|upkeep\n|turn|17\n|-message|The_Last_Cringe forfeited.\n|\n|win|MrBoxhill\n|raw|MrBoxhill's rating: 1209 &rarr; <strong>1232<\/strong><br \/>(+23 for winning)\n|raw|The_Last_Cringe's rating: 1184 &rarr; <strong>1161<\/strong><br \/>(-23 for losing)\n|l|\u2606The_Last_Cringe\n","uploadtime":1700478107,"views":1,"p1id":"mrboxhill","p2id":"thelastcringe","formatid":"gen9anythinggoes","rating":1161,"private":0,"password":""}