{"id":"gen9anythinggoes-1988375462","p1":"2448a","p2":"Tommetjeeh","format":"[Gen 9] Anything Goes","log":"|j|\u26062448a\n|j|\u2606Tommetjeeh\n|t:|1699715763\n|gametype|singles\n|player|p1|2448a|erika-gen2|1736\n|player|p2|Tommetjeeh|pokekid|1694\n|teamsize|p1|6\n|teamsize|p2|6\n|gen|9\n|tier|[Gen 9] Anything Goes\n|rated|\n|rule|HP Percentage Mod: HP is shown in percentages\n|rule|Endless Battle Clause: Forcing endless battles is banned\n|clearpoke\n|poke|p1|Kingambit, F|\n|poke|p1|Ting-Lu|\n|poke|p1|Eternatus|\n|poke|p1|Calyrex-Shadow|\n|poke|p1|Landorus-Therian, M|\n|poke|p1|Koraidon|\n|poke|p2|Koraidon|\n|poke|p2|Ditto|\n|poke|p2|Arceus-Ground|\n|poke|p2|Arceus-Fairy|\n|poke|p2|Calyrex-Shadow|\n|poke|p2|Arceus|\n|teampreview\n|inactive|Battle timer is ON: inactive players will automatically lose when time's up. (requested by 2448a)\n|inactive|Tommetjeeh has 120 seconds left.\n|\n|t:|1699715802\n|start\n|switch|p1a: In The Clouds|Landorus-Therian, M, shiny|100\/100\n|switch|p2a: Arceus|Arceus-Fairy|100\/100\n|-ability|p1a: In The Clouds|Intimidate|boost\n|-unboost|p2a: Arceus|atk|1\n|turn|1\n|\n|t:|1699715823\n|move|p2a: Arceus|Taunt|p1a: In The Clouds\n|-start|p1a: In The Clouds|move: Taunt\n|cant|p1a: In The Clouds|move: Taunt|Stealth Rock\n|\n|upkeep\n|turn|2\n|inactive|Tommetjeeh has 120 seconds left.\n|\n|t:|1699715870\n|switch|p1a: Eternal Suffering|Eternatus, shiny|100\/100\n|-ability|p1a: Eternal Suffering|Pressure\n|move|p2a: Arceus|Calm Mind|p2a: Arceus\n|-boost|p2a: Arceus|spa|1\n|-boost|p2a: Arceus|spd|1\n|\n|upkeep\n|turn|3\n|inactive|2448a has 120 seconds left.\n|\n|t:|1699715901\n|move|p1a: Eternal Suffering|Toxic Spikes|p2a: Arceus\n|-sidestart|p2: Tommetjeeh|move: Toxic Spikes\n|move|p2a: Arceus|Judgment|p1a: Eternal Suffering\n|-damage|p1a: Eternal Suffering|42\/100\n|\n|upkeep\n|turn|4\n|\n|t:|1699715910\n|move|p1a: Eternal Suffering|Toxic Spikes|p2a: Arceus\n|-sidestart|p2: Tommetjeeh|move: Toxic Spikes\n|move|p2a: Arceus|Judgment|p1a: Eternal Suffering\n|-damage|p1a: Eternal Suffering|0 fnt\n|faint|p1a: Eternal Suffering\n|\n|upkeep\n|\n|t:|1699715916\n|switch|p1a: Featured Today|Koraidon|100\/100\n|-weather|SunnyDay|[from] ability: Orichalcum Pulse|[of] p1a: Featured Today\n|-activate|p1a: Featured Today|Orichalcum Pulse|[source]\n|turn|5\n|\n|t:|1699715923\n|-terastallize|p1a: Featured Today|Ghost\n|move|p1a: Featured Today|Flare Blitz|p2a: Arceus\n|-damage|p2a: Arceus|24\/100\n|-damage|p1a: Featured Today|74\/100|[from] Recoil\n|move|p2a: Arceus|Judgment|p1a: Featured Today\n|-damage|p1a: Featured Today|0 fnt\n|faint|p1a: Featured Today\n|\n|-weather|SunnyDay|[upkeep]\n|upkeep\n|\n|t:|1699715931\n|switch|p1a: The Dark Horse|Calyrex-Shadow|100\/100\n|-ability|p1a: The Dark Horse|As One\n|-ability|p1a: The Dark Horse|Unnerve\n|turn|6\n|inactive|Tommetjeeh has 120 seconds left.\n|\n|t:|1699715952\n|switch|p2a: Arceus|Arceus|100\/100\n|-status|p2a: Arceus|tox\n|move|p1a: The Dark Horse|Astral Barrage|p2a: Arceus\n|-immune|p2a: Arceus\n|\n|-weather|SunnyDay|[upkeep]\n|-damage|p2a: Arceus|94\/100 tox|[from] psn\n|upkeep\n|turn|7\n|inactive|Tommetjeeh has 120 seconds left.\n|\n|t:|1699715968\n|switch|p1a: In The Clouds|Landorus-Therian, M, shiny|100\/100\n|-enditem|p2a: Arceus|Lum Berry|[eat]\n|-curestatus|p2a: Arceus|tox|[msg]\n|-ability|p1a: In The Clouds|Intimidate|boost\n|-unboost|p2a: Arceus|atk|1\n|move|p2a: Arceus|Swords Dance|p2a: Arceus\n|-boost|p2a: Arceus|atk|2\n|\n|-weather|SunnyDay|[upkeep]\n|upkeep\n|turn|8\n|inactive|Tommetjeeh has 120 seconds left.\n|\n|t:|1699715978\n|move|p2a: Arceus|Extreme Speed|p1a: In The Clouds\n|-damage|p1a: In The Clouds|53\/100\n|-damage|p2a: Arceus|78\/100|[from] item: Rocky Helmet|[of] p1a: In The Clouds\n|move|p1a: In The Clouds|U-turn|p2a: Arceus\n|-damage|p2a: Arceus|62\/100\n|\n|t:|1699715981\n|switch|p1a: The Dark Horse|Calyrex-Shadow|100\/100|[from] U-turn\n|-ability|p1a: The Dark Horse|As One\n|-ability|p1a: The Dark Horse|Unnerve\n|\n|-weather|SunnyDay|[upkeep]\n|upkeep\n|turn|9\n|\n|t:|1699715985\n|move|p1a: The Dark Horse|Encore|p2a: Arceus\n|-start|p2a: Arceus|Encore\n|move|p2a: Arceus|Extreme Speed|p1a: The Dark Horse\n|-immune|p1a: The Dark Horse\n|\n|-weather|none\n|upkeep\n|turn|10\n|\n|t:|1699715996\n|switch|p2a: Koraidon|Koraidon|100\/100\n|-status|p2a: Koraidon|tox\n|-weather|SunnyDay|[from] ability: Orichalcum Pulse|[of] p2a: Koraidon\n|-activate|p2a: Koraidon|Orichalcum Pulse|[source]\n|move|p1a: The Dark Horse|Grass Knot|p2a: Koraidon\n|-resisted|p2a: Koraidon\n|-damage|p2a: Koraidon|75\/100 tox\n|\n|-weather|SunnyDay|[upkeep]\n|-damage|p2a: Koraidon|69\/100 tox|[from] psn\n|upkeep\n|turn|11\n|\n|t:|1699716006\n|switch|p1a: In The Clouds|Landorus-Therian, M, shiny|53\/100\n|-ability|p1a: In The Clouds|Intimidate|boost\n|-unboost|p2a: Koraidon|atk|1\n|move|p2a: Koraidon|Flare Blitz|p1a: In The Clouds\n|-damage|p1a: In The Clouds|10\/100\n|-damage|p2a: Koraidon|52\/100 tox|[from] item: Rocky Helmet|[of] p1a: In The Clouds\n|-damage|p2a: Koraidon|36\/100 tox|[from] Recoil\n|\n|-weather|SunnyDay|[upkeep]\n|-damage|p2a: Koraidon|24\/100 tox|[from] psn\n|upkeep\n|turn|12\n|\n|t:|1699716011\n|move|p2a: Koraidon|Flare Blitz|p1a: In The Clouds\n|-damage|p1a: In The Clouds|0 fnt\n|-damage|p2a: Koraidon|8\/100 tox|[from] item: Rocky Helmet|[of] p1a: In The Clouds\n|faint|p1a: In The Clouds\n|-damage|p2a: Koraidon|4\/100 tox|[from] Recoil\n|\n|-weather|SunnyDay|[upkeep]\n|-damage|p2a: Koraidon|0 fnt|[from] psn\n|faint|p2a: Koraidon\n|upkeep\n|\n|t:|1699716030\n|switch|p2a: Arceus|Arceus-Ground|100\/100\n|switch|p1a: Desert Anchor|Ting-Lu|100\/100\n|-status|p2a: Arceus|tox\n|-ability|p1a: Desert Anchor|Vessel of Ruin\n|turn|13\n|\n|t:|1699716045\n|move|p2a: Arceus|Ice Beam|p1a: Desert Anchor\n|-supereffective|p1a: Desert Anchor\n|-crit|p1a: Desert Anchor\n|-damage|p1a: Desert Anchor|60\/100\n|move|p1a: Desert Anchor|Spikes|p2a: Arceus\n|-sidestart|p2: Tommetjeeh|Spikes\n|\n|-weather|SunnyDay|[upkeep]\n|-heal|p1a: Desert Anchor|67\/100|[from] item: Leftovers\n|-damage|p2a: Arceus|94\/100 tox|[from] psn\n|upkeep\n|turn|14\n|\n|t:|1699716049\n|move|p2a: Arceus|Ice Beam|p1a: Desert Anchor\n|-supereffective|p1a: Desert Anchor\n|-damage|p1a: Desert Anchor|40\/100\n|move|p1a: Desert Anchor|Spikes|p2a: Arceus\n|-sidestart|p2: Tommetjeeh|Spikes\n|\n|-weather|none\n|-heal|p1a: Desert Anchor|46\/100|[from] item: Leftovers\n|-damage|p2a: Arceus|82\/100 tox|[from] psn\n|upkeep\n|turn|15\n|\n|t:|1699716055\n|move|p2a: Arceus|Ice Beam|p1a: Desert Anchor\n|-supereffective|p1a: Desert Anchor\n|-damage|p1a: Desert Anchor|18\/100\n|move|p1a: Desert Anchor|Earthquake|p2a: Arceus\n|-damage|p2a: Arceus|58\/100 tox\n|\n|-heal|p1a: Desert Anchor|24\/100|[from] item: Leftovers\n|-damage|p2a: Arceus|39\/100 tox|[from] psn\n|upkeep\n|turn|16\n|\n|t:|1699716061\n|switch|p1a: The Dark Horse|Calyrex-Shadow|100\/100\n|-ability|p1a: The Dark Horse|As One\n|-ability|p1a: The Dark Horse|Unnerve\n|move|p2a: Arceus|Ice Beam|p1a: The Dark Horse\n|-damage|p1a: The Dark Horse|66\/100\n|-status|p1a: The Dark Horse|frz\n|\n|-damage|p2a: Arceus|14\/100 tox|[from] psn\n|upkeep\n|turn|17\n|\n|t:|1699716067\n|-curestatus|p1a: The Dark Horse|frz|[msg]\n|move|p1a: The Dark Horse|Grass Knot|p2a: Arceus\n|-supereffective|p2a: Arceus\n|-damage|p2a: Arceus|0 fnt\n|faint|p2a: Arceus\n|-ability|p1a: The Dark Horse|Grim Neigh|boost\n|-boost|p1a: The Dark Horse|spa|1\n|\n|upkeep\n|\n|t:|1699716087\n|switch|p2a: Arceus|Arceus|62\/100\n|-status|p2a: Arceus|tox\n|-damage|p2a: Arceus|46\/100 tox|[from] Spikes\n|turn|18\n|\n|t:|1699716108\n|move|p1a: The Dark Horse|Grass Knot|p2a: Arceus\n|-damage|p2a: Arceus|1\/100 tox\n|move|p2a: Arceus|Shadow Claw|p1a: The Dark Horse\n|-supereffective|p1a: The Dark Horse\n|-damage|p1a: The Dark Horse|0 fnt\n|faint|p1a: The Dark Horse\n|\n|-damage|p2a: Arceus|0 fnt|[from] psn\n|faint|p2a: Arceus\n|upkeep\n|l|\u2606Tommetjeeh\n|inactive|Tommetjeeh disconnected and has a minute to reconnect!\n|player|p2|\n|j|\u2606Tommetjeeh\n|inactive|Tommetjeeh reconnected and has 130 seconds left.\n|player|p2|Tommetjeeh|pokekid\n|inactive|Tommetjeeh has 120 seconds left.\n|\n|t:|1699716137\n|switch|p1a: Desert Anchor|Ting-Lu|24\/100\n|switch|p2a: Arceus|Arceus-Fairy|24\/100\n|-status|p2a: Arceus|tox\n|-damage|p2a: Arceus|8\/100 tox|[from] Spikes\n|-ability|p1a: Desert Anchor|Vessel of Ruin\n|turn|19\n|\n|t:|1699716143\n|switch|p1a: The Botez Gambit|Kingambit, F, shiny|100\/100\n|-activate|p1a: The Botez Gambit|ability: Supreme Overlord\n|-start|p1a: The Botez Gambit|fallen4|[silent]\n|move|p2a: Arceus|Judgment|p1a: The Botez Gambit\n|-damage|p1a: The Botez Gambit|49\/100\n|\n|-heal|p1a: The Botez Gambit|55\/100|[from] item: Leftovers\n|-damage|p2a: Arceus|2\/100 tox|[from] psn\n|upkeep\n|turn|20\n|inactive|Tommetjeeh has 120 seconds left.\n|\n|t:|1699716149\n|move|p1a: The Botez Gambit|Sucker Punch|p2a: Arceus\n|-resisted|p2a: Arceus\n|-damage|p2a: Arceus|0 fnt\n|faint|p2a: Arceus\n|\n|-heal|p1a: The Botez Gambit|61\/100|[from] item: Leftovers\n|upkeep\n|inactive|Tommetjeeh has 120 seconds left.\n|\n|t:|1699716159\n|switch|p2a: Calyrex|Calyrex-Shadow|100\/100\n|-ability|p2a: Calyrex|As One\n|-ability|p2a: Calyrex|Unnerve\n|-status|p2a: Calyrex|tox\n|-damage|p2a: Calyrex|84\/100 tox|[from] Spikes\n|turn|21\n|\n|t:|1699716167\n|-end|p1a: The Botez Gambit|fallen4|[silent]\n|switch|p1a: Desert Anchor|Ting-Lu|24\/100\n|-ability|p1a: Desert Anchor|Vessel of Ruin\n|-terastallize|p2a: Calyrex|Fairy\n|move|p2a: Calyrex|Astral Barrage|p1a: Desert Anchor\n|-resisted|p1a: Desert Anchor\n|-damage|p1a: Desert Anchor|8\/100\n|\n|-heal|p1a: Desert Anchor|14\/100|[from] item: Leftovers\n|-damage|p2a: Calyrex|78\/100 tox|[from] psn\n|upkeep\n|turn|22\n|\n|t:|1699716177\n|move|p2a: Calyrex|Astral Barrage|p1a: Desert Anchor\n|-resisted|p1a: Desert Anchor\n|-damage|p1a: Desert Anchor|0 fnt\n|faint|p1a: Desert Anchor\n|-ability|p2a: Calyrex|Grim Neigh|boost\n|-boost|p2a: Calyrex|spa|1\n|\n|-damage|p2a: Calyrex|66\/100 tox|[from] psn\n|upkeep\n|\n|t:|1699716179\n|switch|p1a: The Botez Gambit|Kingambit, F, shiny|61\/100\n|-activate|p1a: The Botez Gambit|ability: Supreme Overlord\n|-start|p1a: The Botez Gambit|fallen5|[silent]\n|turn|23\n|\n|t:|1699716182\n|move|p1a: The Botez Gambit|Sucker Punch|p2a: Calyrex\n|-resisted|p2a: Calyrex\n|-damage|p2a: Calyrex|35\/100 tox\n|move|p2a: Calyrex|Astral Barrage|p1a: The Botez Gambit\n|-resisted|p1a: The Botez Gambit\n|-damage|p1a: The Botez Gambit|16\/100\n|\n|-heal|p1a: The Botez Gambit|22\/100|[from] item: Leftovers\n|-damage|p2a: Calyrex|16\/100 tox|[from] psn\n|upkeep\n|turn|24\n|\n|t:|1699716186\n|move|p1a: The Botez Gambit|Sucker Punch|p2a: Calyrex\n|-resisted|p2a: Calyrex\n|-damage|p2a: Calyrex|0 fnt\n|faint|p2a: Calyrex\n|\n|-heal|p1a: The Botez Gambit|28\/100|[from] item: Leftovers\n|upkeep\n|\n|t:|1699716188\n|switch|p2a: Ditto|Ditto|100\/100\n|-status|p2a: Ditto|tox\n|-damage|p2a: Ditto|84\/100 tox|[from] Spikes\n|-transform|p2a: Ditto|p1a: The Botez Gambit|[from] ability: Imposter\n|-activate|p2a: Ditto|ability: Supreme Overlord\n|-start|p2a: Ditto|fallen5|[silent]\n|turn|25\n|\n|t:|1699716196\n|move|p2a: Ditto|Low Kick|p1a: The Botez Gambit\n|-supereffective|p1a: The Botez Gambit\n|-damage|p1a: The Botez Gambit|0 fnt\n|faint|p1a: The Botez Gambit\n|-end|p1a: The Botez Gambit|fallen5|[silent]\n|\n|win|Tommetjeeh\n|raw|2448a's rating: 1736 &rarr; <strong>1714<\/strong><br \/>(-22 for losing)\n|raw|Tommetjeeh's rating: 1694 &rarr; <strong>1716<\/strong><br \/>(+22 for winning)\n|l|\u26062448a\n|l|\u2606Tommetjeeh\n","uploadtime":1699716203,"views":5,"p1id":"2448a","p2id":"tommetjeeh","formatid":"gen9anythinggoes","rating":1714,"private":0,"password":""}