{"id":"gen9anythinggoes-1975393402","p1":"dboy114922","p2":"Victinus","format":"[Gen 9] Anything Goes","log":"|j|\u2606dboy114922\n|j|\u2606Victinus\n|t:|1698186494\n|gametype|singles\n|player|p1|dboy114922|pokekid|1077\n|player|p2|Victinus|rosa|1017\n|teamsize|p1|6\n|teamsize|p2|6\n|gen|9\n|tier|[Gen 9] Anything Goes\n|rated|\n|rule|HP Percentage Mod: HP is shown in percentages\n|rule|Endless Battle Clause: Forcing endless battles is banned\n|clearpoke\n|poke|p1|Mewtwo|\n|poke|p1|Zoroark-Hisui, M|\n|poke|p1|Garchomp, F|\n|poke|p1|Maushold-Four|\n|poke|p1|Cacturne, M|\n|poke|p1|Zacian-*|\n|poke|p2|Diancie|\n|poke|p2|Skeledirge, M|\n|poke|p2|Lilligant-Hisui, F|\n|poke|p2|Volcarona, F|\n|poke|p2|Vikavolt, M|\n|poke|p2|Haxorus, M|\n|teampreview\n|c|\u2606Victinus|GLHF guys\n|\n|t:|1698186506\n|start\n|switch|p1a: Mewtwo|Mewtwo|100\/100\n|switch|p2a: Sun Goddess|Volcarona, F, shiny|100\/100\n|-ability|p1a: Mewtwo|Unnerve\n|turn|1\n|c|\u2606Victinus|This should be interesting\n|c|\u2606dboy114922|he\n|inactive|Battle timer is ON: inactive players will automatically lose when time's up. (requested by Victinus)\n|\n|t:|1698186527\n|move|p1a: Mewtwo|Future Sight|p2a: Sun Goddess\n|-start|p1a: Mewtwo|move: Future Sight\n|move|p2a: Sun Goddess|Bug Buzz|p1a: Mewtwo\n|-supereffective|p1a: Mewtwo\n|-damage|p1a: Mewtwo|19\/100\n|\n|upkeep\n|turn|2\n|\n|t:|1698186535\n|move|p1a: Mewtwo|Recover|p1a: Mewtwo\n|-heal|p1a: Mewtwo|69\/100\n|move|p2a: Sun Goddess|Fiery Dance|p1a: Mewtwo\n|-damage|p1a: Mewtwo|32\/100\n|-boost|p2a: Sun Goddess|spa|1\n|\n|upkeep\n|turn|3\n|\n|t:|1698186546\n|move|p1a: Mewtwo|Protect|p1a: Mewtwo\n|-singleturn|p1a: Mewtwo|Protect\n|move|p2a: Sun Goddess|Bug Buzz|p1a: Mewtwo\n|-activate|p1a: Mewtwo|move: Protect\n|\n|-end|p2a: Sun Goddess|move: Future Sight\n|-damage|p2a: Sun Goddess|41\/100\n|upkeep\n|turn|4\n|\n|t:|1698186557\n|move|p1a: Mewtwo|Fire Punch|p2a: Sun Goddess\n|-damage|p2a: Sun Goddess|10\/100\n|move|p2a: Sun Goddess|Bug Buzz|p1a: Mewtwo\n|-supereffective|p1a: Mewtwo\n|-crit|p1a: Mewtwo\n|-damage|p1a: Mewtwo|0 fnt\n|faint|p1a: Mewtwo\n|\n|upkeep\n|\n|t:|1698186565\n|switch|p1a: Maushold|Maushold-Four|100\/100\n|turn|5\n|\n|t:|1698186573\n|move|p2a: Sun Goddess|Giga Drain|p1a: Maushold\n|-damage|p1a: Maushold|34\/100\n|-heal|p2a: Sun Goddess|43\/100|[from] drain|[of] p1a: Maushold\n|replace|p1a: Zoroark|Zoroark-Hisui, M, shiny\n|-end|p1a: Zoroark|Illusion\n|move|p1a: Zoroark|Swords Dance|p1a: Zoroark\n|-boost|p1a: Zoroark|atk|2\n|\n|upkeep\n|turn|6\n|c|\u2606dboy114922|swords\n|\n|t:|1698186583\n|move|p2a: Sun Goddess|Giga Drain|p1a: Zoroark\n|-damage|p1a: Zoroark|0 fnt\n|-heal|p2a: Sun Goddess|60\/100|[from] drain|[of] p1a: Zoroark\n|faint|p1a: Zoroark\n|\n|upkeep\n|\n|t:|1698186588\n|switch|p1a: Maushold|Maushold-Four|100\/100\n|turn|7\n|\n|t:|1698186593\n|move|p2a: Sun Goddess|Giga Drain|p1a: Maushold\n|-crit|p1a: Maushold\n|-damage|p1a: Maushold|19\/100\n|-heal|p2a: Sun Goddess|100\/100|[from] drain|[of] p1a: Maushold\n|move|p1a: Maushold|Population Bomb|p2a: Sun Goddess\n|-damage|p2a: Sun Goddess|85\/100\n|-status|p1a: Maushold|brn|[from] ability: Flame Body|[of] p2a: Sun Goddess\n|-damage|p2a: Sun Goddess|77\/100\n|-damage|p2a: Sun Goddess|69\/100\n|-damage|p2a: Sun Goddess|62\/100\n|-crit|p2a: Sun Goddess\n|-damage|p2a: Sun Goddess|50\/100\n|-damage|p2a: Sun Goddess|42\/100\n|-crit|p2a: Sun Goddess\n|-damage|p2a: Sun Goddess|30\/100\n|-damage|p2a: Sun Goddess|23\/100\n|-crit|p2a: Sun Goddess\n|-damage|p2a: Sun Goddess|11\/100\n|-damage|p2a: Sun Goddess|5\/100\n|-hitcount|p2a: Sun Goddess|10\n|\n|-damage|p1a: Maushold|13\/100 brn|[from] brn\n|upkeep\n|turn|8\n|c|\u2606dboy114922|uhh\n|\n|t:|1698186618\n|move|p2a: Sun Goddess|Psychic|p1a: Maushold\n|-damage|p1a: Maushold|0 fnt\n|faint|p1a: Maushold\n|\n|upkeep\n|\n|t:|1698186622\n|switch|p1a: Garchomp|Garchomp, F|100\/100\n|turn|9\n|\n|t:|1698186630\n|move|p2a: Sun Goddess|Giga Drain|p1a: Garchomp\n|-damage|p1a: Garchomp|63\/100\n|-heal|p2a: Sun Goddess|30\/100|[from] drain|[of] p1a: Garchomp\n|move|p1a: Garchomp|Substitute|p1a: Garchomp\n|-start|p1a: Garchomp|Substitute\n|-damage|p1a: Garchomp|38\/100\n|\n|upkeep\n|turn|10\n|\n|t:|1698186639\n|move|p2a: Sun Goddess|Fiery Dance|p1a: Garchomp\n|-resisted|p1a: Garchomp\n|-end|p1a: Garchomp|Substitute\n|-boost|p2a: Sun Goddess|spa|1\n|move|p1a: Garchomp|Sandstorm|p1a: Garchomp\n|-weather|Sandstorm\n|\n|-weather|Sandstorm|[upkeep]\n|-damage|p2a: Sun Goddess|24\/100|[from] Sandstorm\n|upkeep\n|turn|11\n|\n|t:|1698186656\n|switch|p1a: Zacian|Zacian-Crowned, shiny|100\/100\n|-ability|p1a: Zacian|Intrepid Sword|boost\n|-boost|p1a: Zacian|atk|1\n|move|p2a: Sun Goddess|Fiery Dance|p1a: Zacian\n|-supereffective|p1a: Zacian\n|-damage|p1a: Zacian|0 fnt\n|faint|p1a: Zacian\n|\n|-weather|Sandstorm|[upkeep]\n|-damage|p2a: Sun Goddess|18\/100|[from] Sandstorm\n|upkeep\n|\n|t:|1698186665\n|switch|p1a: Cacturne|Cacturne, M, shiny|100\/100\n|turn|12\n|c|\u2606dboy114922|uh\n|\n|t:|1698186686\n|move|p2a: Sun Goddess|Bug Buzz|p1a: Cacturne\n|-supereffective|p1a: Cacturne\n|-damage|p1a: Cacturne|0 fnt\n|faint|p1a: Cacturne\n|\n|-weather|Sandstorm|[upkeep]\n|-damage|p2a: Sun Goddess|12\/100|[from] Sandstorm\n|upkeep\n|\n|t:|1698186692\n|switch|p1a: Garchomp|Garchomp, F|38\/100\n|turn|13\n|\n|t:|1698186696\n|move|p2a: Sun Goddess|Giga Drain|p1a: Garchomp\n|-damage|p1a: Garchomp|0 fnt\n|-heal|p2a: Sun Goddess|37\/100|[from] drain|[of] p1a: Garchomp\n|faint|p1a: Garchomp\n|\n|win|Victinus\n|raw|dboy114922's rating: 1077 &rarr; <strong>1052<\/strong><br \/>(-25 for losing)\n|raw|Victinus's rating: 1017 &rarr; <strong>1061<\/strong><br \/>(+44 for winning)\n|c|\u2606dboy114922|gg\n|l|\u2606dboy114922\n","uploadtime":1698186705,"views":8,"p1id":"dboy114922","p2id":"victinus","formatid":"gen9anythinggoes","rating":1052,"private":0,"password":""}