{"id":"gen9anythinggoes-1976234846","p1":"YoungsterJoey_LOL","p2":"hhhujbvg8","format":"[Gen 9] Anything Goes","log":"|j|\u2606YoungsterJoey_LOL\n|j|\u2606hhhujbvg8\n|t:|1698276791\n|gametype|singles\n|player|p1|YoungsterJoey_LOL|blue|1116\n|player|p2|hhhujbvg8|266|1113\n|teamsize|p1|6\n|teamsize|p2|6\n|gen|9\n|tier|[Gen 9] Anything Goes\n|rated|\n|rule|HP Percentage Mod: HP is shown in percentages\n|rule|Endless Battle Clause: Forcing endless battles is banned\n|clearpoke\n|poke|p1|Espathra, M|\n|poke|p1|Scream Tail|\n|poke|p1|Maushold-Four|\n|poke|p1|Kingambit, M|\n|poke|p1|Urshifu-*, M|\n|poke|p1|Dudunsparce-*, M|\n|poke|p2|Appletun, F|\n|poke|p2|Appletun, F|\n|poke|p2|Appletun, F|\n|poke|p2|Appletun, M|\n|poke|p2|Appletun, F|\n|poke|p2|Appletun, M|\n|teampreview\n|inactive|Battle timer is ON: inactive players will automatically lose when time's up. (requested by YoungsterJoey_LOL)\n|c|\u2606YoungsterJoey_LOL|Uhm\n|c|\u2606YoungsterJoey_LOL|Apple team?\n|\n|t:|1698276803\n|start\n|switch|p1a: I Am Speed|Espathra, M, shiny|100\/100\n|switch|p2a: Appletun|Appletun, F|100\/100\n|turn|1\n|\n|t:|1698276821\n|move|p1a: I Am Speed|Substitute|p1a: I Am Speed\n|-start|p1a: I Am Speed|Substitute\n|-damage|p1a: I Am Speed|76\/100\n|move|p2a: Appletun|Substitute|p2a: Appletun\n|-start|p2a: Appletun|Substitute\n|-damage|p2a: Appletun|75\/100\n|\n|-ability|p1a: I Am Speed|Speed Boost|boost\n|-boost|p1a: I Am Speed|spe|1\n|upkeep\n|turn|2\n|c|\u2606YoungsterJoey_LOL|Android is better!\n|c|\u2606YoungsterJoey_LOL|Jk\n|\n|t:|1698276830\n|move|p1a: I Am Speed|Calm Mind|p1a: I Am Speed\n|-boost|p1a: I Am Speed|spa|1\n|-boost|p1a: I Am Speed|spd|1\n|move|p2a: Appletun|Leech Seed||[still]\n|-fail|p2a: Appletun\n|\n|-ability|p1a: I Am Speed|Speed Boost|boost\n|-boost|p1a: I Am Speed|spe|1\n|upkeep\n|turn|3\n|\n|t:|1698276839\n|move|p1a: I Am Speed|Calm Mind|p1a: I Am Speed\n|-boost|p1a: I Am Speed|spa|1\n|-boost|p1a: I Am Speed|spd|1\n|move|p2a: Appletun|Leech Seed||[still]\n|-fail|p2a: Appletun\n|\n|-ability|p1a: I Am Speed|Speed Boost|boost\n|-boost|p1a: I Am Speed|spe|1\n|upkeep\n|turn|4\n|\n|t:|1698276850\n|move|p1a: I Am Speed|Calm Mind|p1a: I Am Speed\n|-boost|p1a: I Am Speed|spa|1\n|-boost|p1a: I Am Speed|spd|1\n|move|p2a: Appletun|Leech Seed||[still]\n|-fail|p2a: Appletun\n|\n|-ability|p1a: I Am Speed|Speed Boost|boost\n|-boost|p1a: I Am Speed|spe|1\n|upkeep\n|turn|5\n|\n|t:|1698276870\n|-terastallize|p2a: Appletun|Grass\n|move|p1a: I Am Speed|Stored Power|p2a: Appletun\n|-end|p2a: Appletun|Substitute\n|move|p2a: Appletun|Leech Seed|p1a: I Am Speed|[miss]\n|-miss|p2a: Appletun|p1a: I Am Speed\n|\n|-ability|p1a: I Am Speed|Speed Boost|boost\n|-boost|p1a: I Am Speed|spe|1\n|upkeep\n|turn|6\n|\n|t:|1698276882\n|move|p1a: I Am Speed|Stored Power|p2a: Appletun\n|-damage|p2a: Appletun|0 fnt\n|faint|p2a: Appletun\n|\n|-ability|p1a: I Am Speed|Speed Boost|boost\n|-boost|p1a: I Am Speed|spe|1\n|upkeep\n|\n|t:|1698276889\n|switch|p2a: Appletun|Appletun, F|100\/100\n|turn|7\n|\n|t:|1698276893\n|move|p1a: I Am Speed|Stored Power|p2a: Appletun\n|-damage|p2a: Appletun|0 fnt\n|faint|p2a: Appletun\n|\n|upkeep\n|\n|t:|1698276898\n|switch|p2a: Appletun|Appletun, M|100\/100\n|turn|8\n|\n|t:|1698276901\n|move|p2a: Appletun|Protect|p2a: Appletun\n|-singleturn|p2a: Appletun|Protect\n|move|p1a: I Am Speed|Stored Power|p2a: Appletun\n|-activate|p2a: Appletun|move: Protect\n|\n|upkeep\n|turn|9\n|\n|t:|1698276909\n|move|p1a: I Am Speed|Stored Power|p2a: Appletun\n|-damage|p2a: Appletun|0 fnt\n|faint|p2a: Appletun\n|\n|upkeep\n|\n|t:|1698276916\n|switch|p2a: Appletun|Appletun, F|100\/100\n|turn|10\n|\n|t:|1698276920\n|move|p1a: I Am Speed|Calm Mind|p1a: I Am Speed\n|-boost|p1a: I Am Speed|spa|1\n|-boost|p1a: I Am Speed|spd|1\n|move|p2a: Appletun|Substitute|p2a: Appletun\n|-start|p2a: Appletun|Substitute\n|-damage|p2a: Appletun|75\/100\n|\n|-heal|p2a: Appletun|82\/100|[from] item: Leftovers\n|upkeep\n|turn|11\n|\n|t:|1698276929\n|move|p2a: Appletun|Protect|p2a: Appletun\n|-singleturn|p2a: Appletun|Protect\n|move|p1a: I Am Speed|Stored Power|p2a: Appletun\n|-activate|p2a: Appletun|move: Protect\n|\n|-heal|p2a: Appletun|88\/100|[from] item: Leftovers\n|upkeep\n|turn|12\n|\n|t:|1698276942\n|move|p1a: I Am Speed|Stored Power|p2a: Appletun\n|-crit|p2a: Appletun\n|-end|p2a: Appletun|Substitute\n|move|p2a: Appletun|Leech Seed||[still]\n|-fail|p2a: Appletun\n|\n|-heal|p2a: Appletun|94\/100|[from] item: Leftovers\n|upkeep\n|turn|13\n|\n|t:|1698276951\n|move|p2a: Appletun|Protect|p2a: Appletun\n|-singleturn|p2a: Appletun|Protect\n|move|p1a: I Am Speed|Stored Power|p2a: Appletun\n|-activate|p2a: Appletun|move: Protect\n|\n|-heal|p2a: Appletun|99\/100|[from] item: Leftovers\n|upkeep\n|turn|14\n|\n|t:|1698276960\n|move|p1a: I Am Speed|Stored Power|p2a: Appletun\n|-damage|p2a: Appletun|0 fnt\n|faint|p2a: Appletun\n|\n|upkeep\n|\n|t:|1698276965\n|switch|p2a: Appletun|Appletun, M|100\/100\n|turn|15\n|\n|t:|1698276969\n|move|p2a: Appletun|Protect|p2a: Appletun\n|-singleturn|p2a: Appletun|Protect\n|move|p1a: I Am Speed|Stored Power|p2a: Appletun\n|-activate|p2a: Appletun|move: Protect\n|\n|upkeep\n|turn|16\n|\n|t:|1698276988\n|move|p1a: I Am Speed|Stored Power|p2a: Appletun\n|-damage|p2a: Appletun|0 fnt\n|faint|p2a: Appletun\n|\n|upkeep\n|\n|t:|1698276993\n|switch|p2a: Appletun|Appletun, F|100\/100\n|turn|17\n|\n|t:|1698276999\n|move|p1a: I Am Speed|Stored Power|p2a: Appletun\n|-damage|p2a: Appletun|0 fnt\n|faint|p2a: Appletun\n|\n|win|YoungsterJoey_LOL\n|raw|YoungsterJoey_LOL's rating: 1116 &rarr; <strong>1141<\/strong><br \/>(+25 for winning)\n|raw|hhhujbvg8's rating: 1113 &rarr; <strong>1088<\/strong><br \/>(-25 for losing)\n","uploadtime":1698277005,"views":11,"p1id":"youngsterjoeylol","p2id":"hhhujbvg8","formatid":"gen9anythinggoes","rating":1088,"private":0,"password":""}