{"id":"gen9anythinggoes-1998885843","p1":"eavo","p2":"Adhiraj8202","format":"[Gen 9] Anything Goes","log":"|j|\u2606eavo\n|j|\u2606Adhiraj8202\n|inactive|Battle timer is ON: inactive players will automatically lose when time's up.\n|t:|1701008589\n|gametype|singles\n|player|p1|eavo|erika-gen2|\n|player|p2|Adhiraj8202|caitlin|\n|teamsize|p1|6\n|teamsize|p2|6\n|gen|9\n|tier|[Gen 9] Anything Goes\n|rated|Tournament battle\n|rule|HP Percentage Mod: HP is shown in percentages\n|rule|Endless Battle Clause: Forcing endless battles is banned\n|clearpoke\n|poke|p1|Jirachi|\n|poke|p1|Koraidon|\n|poke|p1|Arceus|\n|poke|p1|Arceus|\n|poke|p1|Arceus-Ground|\n|poke|p1|Kyogre|\n|poke|p2|Giratina-Origin|\n|poke|p2|Arceus|\n|poke|p2|Koraidon|\n|poke|p2|Skeledirge, M|\n|poke|p2|Zacian-*|\n|poke|p2|Arceus-Ground|\n|teampreview\n|inactive|eavo also wants the timer to be on.\n|j| ZowwyCafe\u2764\n|c|\u2606eavo|i was not joking.\n|c|\u2606Adhiraj8202|mother\u2026\n|c|\u2606Adhiraj8202|board.\n|c|\u2606Adhiraj8202|have fun\n|inactive|Adhiraj8202 has 120 seconds left.\n|c|\u2606eavo|u3\n|c|\u2606eavo|U2*\n|\n|t:|1701008630\n|start\n|switch|p1a: PrimalKyogre555|Kyogre|100\/100\n|switch|p2a: Koraidon|Koraidon|100\/100\n|-weather|SunnyDay|[from] ability: Orichalcum Pulse|[of] p2a: Koraidon\n|-activate|p2a: Koraidon|Orichalcum Pulse|[source]\n|-weather|RainDance|[from] ability: Drizzle|[of] p1a: PrimalKyogre555\n|turn|1\n|\n|t:|1701008645\n|switch|p1a: Arceus|Arceus|100\/100\n|move|p2a: Koraidon|Low Kick|p1a: Arceus\n|-supereffective|p1a: Arceus\n|-damage|p1a: Arceus|6\/100\n|\n|-weather|RainDance|[upkeep]\n|upkeep\n|turn|2\n|\n|t:|1701008652\n|move|p1a: Arceus|Extreme Speed|p2a: Koraidon\n|-damage|p2a: Koraidon|65\/100\n|move|p2a: Koraidon|Low Kick|p1a: Arceus\n|-supereffective|p1a: Arceus\n|-damage|p1a: Arceus|0 fnt\n|faint|p1a: Arceus\n|\n|-weather|RainDance|[upkeep]\n|upkeep\n|\n|t:|1701008664\n|switch|p1a: Arceus|Arceus-Ground|100\/100\n|turn|3\n|\n|t:|1701008671\n|switch|p2a: Giratina|Giratina-Origin|100\/100\n|move|p1a: Arceus|Stealth Rock|p2a: Giratina\n|-sidestart|p2: Adhiraj8202|move: Stealth Rock\n|\n|-weather|RainDance|[upkeep]\n|upkeep\n|turn|4\n|\n|t:|1701008676\n|move|p1a: Arceus|Taunt|p2a: Giratina\n|-start|p2a: Giratina|move: Taunt\n|move|p2a: Giratina|Poltergeist|p1a: Arceus\n|-activate|p1a: Arceus|move: Poltergeist|Earth Plate\n|-damage|p1a: Arceus|58\/100\n|\n|-weather|RainDance|[upkeep]\n|upkeep\n|turn|5\n|\n|t:|1701008681\n|move|p1a: Arceus|Ice Beam|p2a: Giratina\n|-supereffective|p2a: Giratina\n|-damage|p2a: Giratina|73\/100\n|move|p2a: Giratina|Poltergeist|p1a: Arceus\n|-activate|p1a: Arceus|move: Poltergeist|Earth Plate\n|-damage|p1a: Arceus|20\/100\n|\n|-weather|none\n|upkeep\n|turn|6\n|\n|t:|1701008683\n|move|p2a: Giratina|Shadow Sneak|p1a: Arceus\n|-damage|p1a: Arceus|5\/100\n|move|p1a: Arceus|Ice Beam|p2a: Giratina\n|-supereffective|p2a: Giratina\n|-damage|p2a: Giratina|43\/100\n|\n|-end|p2a: Giratina|move: Taunt\n|upkeep\n|turn|7\n|c|\u2606eavo|so uh\n|\n|t:|1701008703\n|move|p2a: Giratina|Shadow Sneak|p1a: Arceus\n|-damage|p1a: Arceus|0 fnt\n|faint|p1a: Arceus\n|\n|upkeep\n|\n|t:|1701008727\n|switch|p1a: Primordiallite|Koraidon|100\/100\n|-weather|SunnyDay|[from] ability: Orichalcum Pulse|[of] p1a: Primordiallite\n|-activate|p1a: Primordiallite|Orichalcum Pulse|[source]\n|turn|8\n|\n|t:|1701008740\n|switch|p2a: Skeledirge|Skeledirge, M|100\/100\n|move|p1a: Primordiallite|Scale Shot|p2a: Skeledirge\n|-damage|p2a: Skeledirge|90\/100\n|-damage|p2a: Skeledirge|79\/100\n|-damage|p2a: Skeledirge|68\/100\n|-damage|p2a: Skeledirge|58\/100\n|-hitcount|p2a: Skeledirge|4\n|-unboost|p1a: Primordiallite|def|1\n|-boost|p1a: Primordiallite|spe|1\n|\n|-weather|SunnyDay|[upkeep]\n|upkeep\n|turn|9\n|\n|t:|1701008759\n|switch|p1a: PrimalKyogre555|Kyogre|100\/100\n|-weather|RainDance|[from] ability: Drizzle|[of] p1a: PrimalKyogre555\n|move|p2a: Skeledirge|Slack Off|p2a: Skeledirge\n|-heal|p2a: Skeledirge|100\/100\n|\n|-weather|RainDance|[upkeep]\n|upkeep\n|turn|10\n|\n|t:|1701008763\n|switch|p2a: Giratina|Giratina-Origin|43\/100\n|-damage|p2a: Giratina|31\/100|[from] Stealth Rock\n|move|p1a: PrimalKyogre555|Water Spout|p2a: Giratina\n|-resisted|p2a: Giratina\n|-damage|p2a: Giratina|0 fnt\n|faint|p2a: Giratina\n|\n|-weather|RainDance|[upkeep]\n|upkeep\n|\n|t:|1701008766\n|switch|p2a: Koraidon|Koraidon|65\/100\n|-damage|p2a: Koraidon|59\/100|[from] Stealth Rock\n|-weather|SunnyDay|[from] ability: Orichalcum Pulse|[of] p2a: Koraidon\n|-activate|p2a: Koraidon|Orichalcum Pulse|[source]\n|turn|11\n|\n|t:|1701008772\n|switch|p1a: jiracheeser|Jirachi|100\/100\n|move|p2a: Koraidon|Low Kick|p1a: jiracheeser\n|-damage|p1a: jiracheeser|84\/100\n|\n|-weather|SunnyDay|[upkeep]\n|upkeep\n|turn|12\n|\n|t:|1701008780\n|switch|p2a: Skeledirge|Skeledirge, M|100\/100\n|move|p1a: jiracheeser|Trick|p2a: Skeledirge\n|-activate|p1a: jiracheeser|move: Trick|[of] p2a: Skeledirge\n|-item|p2a: Skeledirge|Choice Scarf|[from] move: Trick\n|-item|p1a: jiracheeser|Heavy-Duty Boots|[from] move: Trick\n|\n|-weather|SunnyDay|[upkeep]\n|upkeep\n|turn|13\n|\n|t:|1701008788\n|switch|p1a: PrimalKyogre555|Kyogre|100\/100\n|-weather|RainDance|[from] ability: Drizzle|[of] p1a: PrimalKyogre555\n|move|p2a: Skeledirge|Will-O-Wisp|p1a: PrimalKyogre555\n|-status|p1a: PrimalKyogre555|brn\n|\n|-weather|RainDance|[upkeep]\n|-damage|p1a: PrimalKyogre555|94\/100 brn|[from] brn\n|upkeep\n|turn|14\n|\n|t:|1701008797\n|switch|p2a: Koraidon|Koraidon|59\/100\n|-damage|p2a: Koraidon|53\/100|[from] Stealth Rock\n|-weather|SunnyDay|[from] ability: Orichalcum Pulse|[of] p2a: Koraidon\n|-activate|p2a: Koraidon|Orichalcum Pulse|[source]\n|move|p1a: PrimalKyogre555|Water Spout|p2a: Koraidon\n|-resisted|p2a: Koraidon\n|-damage|p2a: Koraidon|21\/100\n|\n|-weather|SunnyDay|[upkeep]\n|-damage|p1a: PrimalKyogre555|88\/100 brn|[from] brn\n|upkeep\n|turn|15\n|j| Champions 95\n|j|%PrimalKyogre555\n|\n|t:|1701008806\n|switch|p1a: jiracheeser|Jirachi|84\/100\n|move|p2a: Koraidon|Flare Blitz|p1a: jiracheeser\n|-supereffective|p1a: jiracheeser\n|-damage|p1a: jiracheeser|0 fnt\n|faint|p1a: jiracheeser\n|-damage|p2a: Koraidon|0 fnt|[from] Recoil\n|faint|p2a: Koraidon\n|\n|-weather|SunnyDay|[upkeep]\n|upkeep\n|\n|t:|1701008827\n|switch|p2a: Zacian|Zacian-Crowned|100\/100\n|switch|p1a: Arceus|Arceus|100\/100\n|-damage|p2a: Zacian|94\/100|[from] Stealth Rock\n|-ability|p2a: Zacian|Intrepid Sword|boost\n|-boost|p2a: Zacian|atk|1\n|turn|16\n|j| laprasplayer\n|inactive|eavo has 120 seconds left.\n|\n|t:|1701008849\n|move|p2a: Zacian|Swords Dance|p2a: Zacian\n|-boost|p2a: Zacian|atk|2\n|move|p1a: Arceus|Swords Dance|p1a: Arceus\n|-boost|p1a: Arceus|atk|2\n|\n|-weather|SunnyDay|[upkeep]\n|upkeep\n|turn|17\n|j| me bean 2\n|\n|t:|1701008854\n|-terastallize|p1a: Arceus|Ghost\n|move|p2a: Zacian|Behemoth Blade|p1a: Arceus\n|-damage|p1a: Arceus|5\/100\n|move|p1a: Arceus|Shadow Claw|p2a: Zacian\n|-damage|p2a: Zacian|27\/100\n|\n|-weather|SunnyDay|[upkeep]\n|upkeep\n|turn|18\n|c| me bean 2|Adhiraj8202 gl\n|c| me bean 2|hope you win :)\n|\n|t:|1701008872\n|move|p1a: Arceus|Extreme Speed|p2a: Zacian\n|-resisted|p2a: Zacian\n|-damage|p2a: Zacian|0 fnt\n|faint|p2a: Zacian\n|\n|-weather|none\n|upkeep\n|\n|t:|1701008882\n|switch|p2a: Arceus|Arceus|100\/100\n|turn|19\n|\n|t:|1701008889\n|move|p2a: Arceus|Shadow Claw|p1a: Arceus\n|-supereffective|p1a: Arceus\n|-damage|p1a: Arceus|0 fnt\n|faint|p1a: Arceus\n|\n|upkeep\n|j|#Frozoid\n|\n|t:|1701008900\n|switch|p1a: PrimalKyogre555|Kyogre|88\/100 brn\n|-weather|RainDance|[from] ability: Drizzle|[of] p1a: PrimalKyogre555\n|turn|20\n|\n|t:|1701008908\n|move|p2a: Arceus|Extreme Speed|p1a: PrimalKyogre555\n|-damage|p1a: PrimalKyogre555|45\/100 brn\n|move|p1a: PrimalKyogre555|Origin Pulse|p2a: Arceus\n|-damage|p2a: Arceus|0 fnt\n|faint|p2a: Arceus\n|\n|-weather|RainDance|[upkeep]\n|-damage|p1a: PrimalKyogre555|39\/100 brn|[from] brn\n|upkeep\n|\n|t:|1701008918\n|switch|p2a: Arceus|Arceus-Ground|100\/100\n|-damage|p2a: Arceus|94\/100|[from] Stealth Rock\n|turn|21\n|c|\u2606eavo|;)\n|\n|t:|1701008924\n|-terastallize|p2a: Arceus|Fairy\n|move|p2a: Arceus|Calm Mind|p2a: Arceus\n|-boost|p2a: Arceus|spa|1\n|-boost|p2a: Arceus|spd|1\n|move|p1a: PrimalKyogre555|Origin Pulse|p2a: Arceus\n|-damage|p2a: Arceus|15\/100\n|\n|-weather|RainDance|[upkeep]\n|-damage|p1a: PrimalKyogre555|33\/100 brn|[from] brn\n|upkeep\n|turn|22\n|\n|t:|1701008928\n|move|p2a: Arceus|Recover|p2a: Arceus\n|-heal|p2a: Arceus|65\/100\n|move|p1a: PrimalKyogre555|Origin Pulse|p2a: Arceus\n|-damage|p2a: Arceus|0 fnt\n|faint|p2a: Arceus\n|\n|-weather|RainDance|[upkeep]\n|-damage|p1a: PrimalKyogre555|27\/100 brn|[from] brn\n|upkeep\n|c| ZowwyCafe\u2764|omg\n|c|\u2606Adhiraj8202|bann kyogre\n|c|\u2606eavo|LOL\n|c|\u2606Adhiraj8202|good game haha\n|c| ZowwyCafe\u2764|lol\n|-message|Adhiraj8202 forfeited.\n|\n|win|eavo\n|n|\u2606eavo|eavo\n|n|\u2606Adhiraj8202|adhiraj8202\n|n| ZowwyCafe\u2764|zowwycafe\n|n| Champions 95|champions95\n|n| PrimalKyogre555|primalkyogre555\n|n| laprasplayer|laprasplayer\n|n| me bean 2|mebean2\n|n|%Frozoid|frozoid\n|l| ZowwyCafe\u2764\n|c| PrimalKyogre555|i won no way?\n|l|%Frozoid\n|l| PrimalKyogre555\n|l| Champions 95\n|l|\u2606Adhiraj8202\n|l| laprasplayer\n|l| me bean 2\n","uploadtime":1701009435,"views":43,"p1id":"eavo","p2id":"adhiraj8202","formatid":"gen9anythinggoes","rating":0,"private":0,"password":""}