{"id":"gen9anythinggoes-1986878335","p1":"DiffusionDiff","p2":"Zero zelttk","format":"[Gen 9] Anything Goes","log":"|j|\u2606DiffusionDiff\n|j|\u2606Zero zelttk\n|t:|1699537045\n|gametype|singles\n|player|p1|DiffusionDiff|riley|1172\n|player|p2|Zero zelttk|hilda|1277\n|teamsize|p1|6\n|teamsize|p2|6\n|gen|9\n|tier|[Gen 9] Anything Goes\n|rated|\n|rule|HP Percentage Mod: HP is shown in percentages\n|rule|Endless Battle Clause: Forcing endless battles is banned\n|clearpoke\n|poke|p1|Maushold-Four|\n|poke|p1|Flutter Mane|\n|poke|p1|Miraidon|\n|poke|p1|Rabsca, M|\n|poke|p1|Garganacl, F|\n|poke|p1|Houndstone, M|\n|poke|p2|Ogerpon, F|\n|poke|p2|Ogerpon-Cornerstone, F|\n|poke|p2|Ogerpon-Wellspring, F|\n|poke|p2|Ogerpon-Hearthflame, F|\n|poke|p2|Ogerpon, F|\n|poke|p2|Ogerpon, F|\n|teampreview\n|\n|t:|1699537057\n|start\n|switch|p1a: Maushold|Maushold-Four|100\/100\n|switch|p2a: Wogi|Ogerpon-Wellspring, F|100\/100\n|turn|1\n|\n|t:|1699537070\n|move|p1a: Maushold|Population Bomb|p2a: Wogi\n|-damage|p2a: Wogi|88\/100\n|-damage|p2a: Wogi|75\/100\n|-damage|p2a: Wogi|63\/100\n|-damage|p2a: Wogi|51\/100\n|-damage|p2a: Wogi|38\/100\n|-damage|p2a: Wogi|27\/100\n|-damage|p2a: Wogi|15\/100\n|-crit|p2a: Wogi\n|-damage|p2a: Wogi|0 fnt\n|faint|p2a: Wogi\n|-hitcount|p2: Wogi|8\n|\n|upkeep\n|\n|t:|1699537087\n|switch|p2a: Rogi|Ogerpon-Cornerstone, F|100\/100\n|turn|2\n|\n|t:|1699537093\n|move|p2a: Rogi|Spiky Shield|p2a: Rogi\n|-singleturn|p2a: Rogi|move: Protect\n|move|p1a: Maushold|Population Bomb|p2a: Rogi\n|-activate|p2a: Rogi|move: Protect\n|-damage|p1a: Maushold|88\/100|[from] Spiky Shield|[of] p2a: Rogi\n|\n|upkeep\n|turn|3\n|\n|t:|1699537102\n|move|p1a: Maushold|Encore|p2a: Rogi\n|-start|p2a: Rogi|Encore\n|move|p2a: Rogi|Spiky Shield||[still]\n|-fail|p2a: Rogi\n|\n|upkeep\n|turn|4\n|inactive|Battle timer is ON: inactive players will automatically lose when time's up. (requested by DiffusionDiff)\n|\n|t:|1699537133\n|switch|p2a: Togi|Ogerpon, F|100\/100\n|move|p1a: Maushold|Tidy Up|p1a: Maushold\n|-boost|p1a: Maushold|atk|1\n|-boost|p1a: Maushold|spe|1\n|\n|-status|p2a: Togi|tox|[from] item: Toxic Orb\n|upkeep\n|turn|5\n|\n|t:|1699537146\n|move|p1a: Maushold|Population Bomb|p2a: Togi\n|-damage|p2a: Togi|81\/100 tox\n|-damage|p2a: Togi|60\/100 tox\n|-damage|p2a: Togi|37\/100 tox\n|-damage|p2a: Togi|15\/100 tox\n|-damage|p2a: Togi|0 fnt\n|faint|p2a: Togi\n|-hitcount|p2: Togi|5\n|\n|upkeep\n|\n|t:|1699537156\n|switch|p2a: Rogi|Ogerpon-Cornerstone, F|100\/100\n|turn|6\n|\n|t:|1699537161\n|move|p1a: Maushold|Population Bomb|p2a: Rogi\n|-resisted|p2a: Rogi\n|-damage|p2a: Rogi|91\/100\n|-resisted|p2a: Rogi\n|-damage|p2a: Rogi|81\/100\n|-resisted|p2a: Rogi\n|-damage|p2a: Rogi|72\/100\n|-resisted|p2a: Rogi\n|-damage|p2a: Rogi|63\/100\n|-resisted|p2a: Rogi\n|-damage|p2a: Rogi|54\/100\n|-resisted|p2a: Rogi\n|-damage|p2a: Rogi|44\/100\n|-resisted|p2a: Rogi\n|-damage|p2a: Rogi|35\/100\n|-resisted|p2a: Rogi\n|-damage|p2a: Rogi|26\/100\n|-hitcount|p2a: Rogi|8\n|move|p2a: Rogi|Ivy Cudgel|p1a: Maushold\n|-damage|p1a: Maushold|0 fnt\n|faint|p1a: Maushold\n|\n|upkeep\n|\n|t:|1699537182\n|switch|p1a: Flutter Mane|Flutter Mane, shiny|100\/100\n|turn|7\n|\n|t:|1699537188\n|move|p1a: Flutter Mane|Moonblast|p2a: Rogi\n|-damage|p2a: Rogi|0 fnt\n|faint|p2a: Rogi\n|-damage|p1a: Flutter Mane|91\/100|[from] item: Life Orb\n|\n|upkeep\n|\n|t:|1699537196\n|switch|p2a: Fogi|Ogerpon-Hearthflame, F|100\/100\n|-ability|p2a: Fogi|Mold Breaker\n|turn|8\n|\n|t:|1699537201\n|move|p1a: Flutter Mane|Shadow Ball|p2a: Fogi\n|-damage|p2a: Fogi|38\/100\n|-damage|p1a: Flutter Mane|81\/100|[from] item: Life Orb\n|move|p2a: Fogi|Ivy Cudgel|p1a: Flutter Mane\n|-damage|p1a: Flutter Mane|0 fnt\n|faint|p1a: Flutter Mane\n|-end|p1a: Flutter Mane|Protosynthesis|[silent]\n|\n|upkeep\n|\n|t:|1699537205\n|switch|p1a: DeMarco|Miraidon|100\/100\n|-fieldstart|move: Electric Terrain|[from] ability: Hadron Engine|[of] p1a: DeMarco\n|turn|9\n|inactive|DiffusionDiff has 120 seconds left.\n|\n|t:|1699537243\n|move|p1a: DeMarco|Power Gem|p2a: Fogi\n|-supereffective|p2a: Fogi\n|-damage|p2a: Fogi|0 fnt\n|faint|p2a: Fogi\n|\n|upkeep\n|\n|t:|1699537250\n|switch|p2a: Gogi|Ogerpon, F|100\/100\n|turn|10\n|\n|t:|1699537257\n|-terastallize|p2a: Gogi|Grass\n|detailschange|p2a: Gogi|Ogerpon-Teal-Tera, F, tera:Grass\n|-ability|p2a: Gogi|Embody Aspect (Teal)|boost\n|-boost|p2a: Gogi|spe|1\n|move|p2a: Gogi|Play Rough|p1a: DeMarco\n|-supereffective|p1a: DeMarco\n|-damage|p1a: DeMarco|18\/100\n|move|p1a: DeMarco|Dragon Pulse|p2a: Gogi\n|-damage|p2a: Gogi|26\/100\n|\n|upkeep\n|turn|11\n|inactive|DiffusionDiff has 120 seconds left.\n|\n|t:|1699537281\n|move|p2a: Gogi|Play Rough|p1a: DeMarco|[miss]\n|-miss|p2a: Gogi|p1a: DeMarco\n|move|p1a: DeMarco|Dragon Pulse|p2a: Gogi\n|-damage|p2a: Gogi|0 fnt\n|faint|p2a: Gogi\n|\n|upkeep\n|inactive|Zero zelttk has 120 seconds left.\n|inactive|Zero zelttk has 90 seconds left.\n|l|\u2606Zero zelttk\n|inactive|Zero zelttk disconnected and has a minute to reconnect!\n|player|p2|\n|inactive|Zero zelttk has 30 seconds to reconnect!\n|inactive|Zero zelttk has 20 seconds to reconnect!\n|inactive|Zero zelttk has 15 seconds to reconnect!\n|inactive|Zero zelttk has 10 seconds to reconnect!\n|inactive|Zero zelttk has 5 seconds to reconnect!\n|-message|Zero zelttk lost due to inactivity.\n|\n|win|DiffusionDiff\n|inactive|Zero zelttk has 15 seconds left this turn.\n|raw|DiffusionDiff's rating: 1172 &rarr; <strong>1204<\/strong><br \/>(+32 for winning)\n|raw|Zero zelttk's rating: 1277 &rarr; <strong>1245<\/strong><br \/>(-32 for losing)\n","uploadtime":1699537486,"views":6,"p1id":"diffusiondiff","p2id":"zerozelttk","formatid":"gen9anythinggoes","rating":1204,"private":0,"password":""}