{"id":"gen9anythinggoes-1974163832","p1":"laprasplayer","p2":"Future king of ou","format":"[Gen 9] Anything Goes","log":"|j|\u2606laprasplayer\n|j|\u2606Future king of ou\n|inactive|Battle timer is ON: inactive players will automatically lose when time's up.\n|t:|1698063975\n|gametype|singles\n|player|p1|laprasplayer|picnicker|\n|player|p2|Future king of ou|lady-gen4|\n|teamsize|p1|6\n|teamsize|p2|6\n|gen|9\n|tier|[Gen 9] Anything Goes\n|rated|Tournament battle\n|rule|HP Percentage Mod: HP is shown in percentages\n|rule|Endless Battle Clause: Forcing endless battles is banned\n|clearpoke\n|poke|p1|Miraidon|\n|poke|p1|Koraidon|\n|poke|p1|Arceus-Fairy|\n|poke|p1|Landorus-Therian, M|\n|poke|p1|Arceus-Water|\n|poke|p1|Mandibuzz, F|\n|poke|p2|Kyogre|\n|poke|p2|Koraidon|\n|poke|p2|Landorus-Therian, M|\n|poke|p2|Ting-Lu|\n|poke|p2|Arceus|\n|poke|p2|Calyrex-Shadow|\n|teampreview\n|\n|t:|1698063986\n|start\n|switch|p1a: Crashing Waves|Arceus-Water|100\/100\n|switch|p2a: Kyogre|Kyogre|100\/100\n|-weather|RainDance|[from] ability: Drizzle|[of] p2a: Kyogre\n|turn|1\n|\n|t:|1698063990\n|switch|p1a: Violet Violence|Miraidon|100\/100\n|-fieldstart|move: Electric Terrain|[from] ability: Hadron Engine|[of] p1a: Violet Violence\n|move|p2a: Kyogre|Thunder|p1a: Violet Violence\n|-resisted|p1a: Violet Violence\n|-damage|p1a: Violet Violence|82\/100\n|\n|-weather|RainDance|[upkeep]\n|upkeep\n|turn|2\n|\n|t:|1698063994\n|switch|p2a: Ting-Lu|Ting-Lu|100\/100\n|-ability|p2a: Ting-Lu|Vessel of Ruin\n|move|p1a: Violet Violence|Draco Meteor|p2a: Ting-Lu\n|-damage|p2a: Ting-Lu|42\/100\n|-unboost|p1a: Violet Violence|spa|2\n|\n|-weather|RainDance|[upkeep]\n|-heal|p2a: Ting-Lu|48\/100|[from] item: Leftovers\n|upkeep\n|turn|3\n|\n|t:|1698063997\n|switch|p1a: a Fallen Warrior|Mandibuzz, F|100\/100\n|move|p2a: Ting-Lu|Spikes|p1a: a Fallen Warrior\n|-sidestart|p1: laprasplayer|Spikes\n|\n|-weather|RainDance|[upkeep]\n|-heal|p2a: Ting-Lu|54\/100|[from] item: Leftovers\n|upkeep\n|turn|4\n|\n|t:|1698063999\n|move|p1a: a Fallen Warrior|Toxic|p2a: Ting-Lu\n|-status|p2a: Ting-Lu|tox\n|move|p2a: Ting-Lu|Spikes|p1a: a Fallen Warrior\n|-sidestart|p1: laprasplayer|Spikes\n|\n|-weather|RainDance|[upkeep]\n|-heal|p2a: Ting-Lu|60\/100 tox|[from] item: Leftovers\n|-damage|p2a: Ting-Lu|54\/100 tox|[from] psn\n|upkeep\n|turn|5\n|\n|t:|1698064003\n|switch|p2a: Calyrex|Calyrex-Shadow|100\/100\n|-ability|p2a: Calyrex|As One\n|-ability|p2a: Calyrex|Unnerve\n|move|p1a: a Fallen Warrior|Defog|p2a: Calyrex\n|-unboost|p2a: Calyrex|evasion|1\n|-sideend|p1: laprasplayer|Spikes|[from] move: Defog|[of] p1a: a Fallen Warrior\n|-fieldend|move: Electric Terrain\n|\n|-weather|none\n|upkeep\n|turn|6\n|\n|t:|1698064006\n|move|p2a: Calyrex|Encore|p1a: a Fallen Warrior\n|-start|p1a: a Fallen Warrior|Encore\n|move|p1a: a Fallen Warrior|Defog|p2a: Calyrex\n|-unboost|p2a: Calyrex|evasion|1\n|\n|upkeep\n|turn|7\n|\n|t:|1698064009\n|switch|p1a: Scarlet Savagery|Koraidon|100\/100\n|-weather|SunnyDay|[from] ability: Orichalcum Pulse|[of] p1a: Scarlet Savagery\n|-activate|p1a: Scarlet Savagery|Orichalcum Pulse|[source]\n|move|p2a: Calyrex|Nasty Plot|p2a: Calyrex\n|-boost|p2a: Calyrex|spa|2\n|\n|-weather|SunnyDay|[upkeep]\n|upkeep\n|turn|8\n|\n|t:|1698064012\n|move|p1a: Scarlet Savagery|U-turn|p2a: Calyrex\n|-damage|p2a: Calyrex|59\/100\n|\n|t:|1698064014\n|switch|p1a: a Fallen Warrior|Mandibuzz, F|100\/100|[from] U-turn\n|move|p2a: Calyrex|Astral Barrage|p1a: a Fallen Warrior\n|-resisted|p1a: a Fallen Warrior\n|-damage|p1a: a Fallen Warrior|54\/100\n|\n|-weather|SunnyDay|[upkeep]\n|upkeep\n|turn|9\n|\n|t:|1698064020\n|move|p2a: Calyrex|Astral Barrage|p1a: a Fallen Warrior\n|-resisted|p1a: a Fallen Warrior\n|-damage|p1a: a Fallen Warrior|11\/100\n|move|p1a: a Fallen Warrior|Foul Play|p2a: Calyrex\n|-supereffective|p2a: Calyrex\n|-damage|p2a: Calyrex|0 fnt\n|faint|p2a: Calyrex\n|\n|-weather|SunnyDay|[upkeep]\n|upkeep\n|\n|t:|1698064021\n|switch|p2a: Koraidon|Koraidon|100\/100\n|-activate|p2a: Koraidon|ability: Orichalcum Pulse\n|turn|10\n|\n|t:|1698064024\n|switch|p1a: Last Standing|Landorus-Therian, M|100\/100\n|-ability|p1a: Last Standing|Intimidate|boost\n|-unboost|p2a: Koraidon|atk|1\n|move|p2a: Koraidon|U-turn|p1a: Last Standing\n|-resisted|p1a: Last Standing\n|-damage|p1a: Last Standing|93\/100\n|-damage|p2a: Koraidon|84\/100|[from] item: Rocky Helmet|[of] p1a: Last Standing\n|\n|t:|1698064026\n|switch|p2a: Kyogre|Kyogre|100\/100|[from] U-turn\n|-weather|RainDance|[from] ability: Drizzle|[of] p2a: Kyogre\n|\n|-weather|RainDance|[upkeep]\n|upkeep\n|turn|11\n|\n|t:|1698064034\n|switch|p1a: Crashing Waves|Arceus-Water|100\/100\n|move|p2a: Kyogre|Water Spout|p1a: Crashing Waves\n|-resisted|p1a: Crashing Waves\n|-damage|p1a: Crashing Waves|40\/100\n|\n|-weather|RainDance|[upkeep]\n|upkeep\n|turn|12\n|\n|t:|1698064039\n|move|p1a: Crashing Waves|Recover|p1a: Crashing Waves\n|-heal|p1a: Crashing Waves|90\/100\n|move|p2a: Kyogre|Water Spout|p1a: Crashing Waves\n|-resisted|p1a: Crashing Waves\n|-crit|p1a: Crashing Waves\n|-damage|p1a: Crashing Waves|0 fnt\n|faint|p1a: Crashing Waves\n|\n|-weather|RainDance|[upkeep]\n|upkeep\n|\n|t:|1698064042\n|switch|p1a: Scarlet Savagery|Koraidon|100\/100\n|-weather|SunnyDay|[from] ability: Orichalcum Pulse|[of] p1a: Scarlet Savagery\n|-activate|p1a: Scarlet Savagery|Orichalcum Pulse|[source]\n|turn|13\n|\n|t:|1698064044\n|switch|p2a: Landorus|Landorus-Therian, M|100\/100\n|-ability|p2a: Landorus|Intimidate|boost\n|-unboost|p1a: Scarlet Savagery|atk|1\n|move|p1a: Scarlet Savagery|U-turn|p2a: Landorus\n|-resisted|p2a: Landorus\n|-damage|p2a: Landorus|93\/100\n|-damage|p1a: Scarlet Savagery|84\/100|[from] item: Rocky Helmet|[of] p2a: Landorus\n|\n|t:|1698064046\n|switch|p1a: Violet Violence|Miraidon|82\/100|[from] U-turn\n|-fieldstart|move: Electric Terrain|[from] ability: Hadron Engine|[of] p1a: Violet Violence\n|\n|-weather|SunnyDay|[upkeep]\n|upkeep\n|turn|14\n|\n|t:|1698064050\n|switch|p2a: Ting-Lu|Ting-Lu|54\/100 tox\n|-ability|p2a: Ting-Lu|Vessel of Ruin\n|move|p1a: Violet Violence|Overheat|p2a: Ting-Lu\n|-damage|p2a: Ting-Lu|0 fnt\n|-unboost|p1a: Violet Violence|spa|2\n|faint|p2a: Ting-Lu\n|\n|-weather|SunnyDay|[upkeep]\n|upkeep\n|\n|t:|1698064052\n|switch|p2a: Kyogre|Kyogre|100\/100\n|-weather|RainDance|[from] ability: Drizzle|[of] p2a: Kyogre\n|turn|15\n|\n|t:|1698064055\n|switch|p1a: a Fallen Warrior|Mandibuzz, F|11\/100\n|move|p2a: Kyogre|Ice Beam|p1a: a Fallen Warrior\n|-supereffective|p1a: a Fallen Warrior\n|-crit|p1a: a Fallen Warrior\n|-damage|p1a: a Fallen Warrior|0 fnt\n|faint|p1a: a Fallen Warrior\n|\n|-weather|RainDance|[upkeep]\n|upkeep\n|\n|t:|1698064059\n|switch|p1a: Fought for All|Arceus-Fairy|100\/100\n|turn|16\n|j| Kanha Greninja\n|\n|t:|1698064068\n|switch|p2a: Arceus|Arceus|100\/100\n|move|p1a: Fought for All|Calm Mind|p1a: Fought for All\n|-boost|p1a: Fought for All|spa|1\n|-boost|p1a: Fought for All|spd|1\n|\n|-weather|RainDance|[upkeep]\n|upkeep\n|turn|17\n|\n|t:|1698064070\n|move|p1a: Fought for All|Taunt|p2a: Arceus\n|-start|p2a: Arceus|move: Taunt\n|cant|p2a: Arceus|move: Taunt|Swords Dance\n|\n|-weather|RainDance|[upkeep]\n|-fieldend|move: Electric Terrain\n|upkeep\n|turn|18\n|\n|t:|1698064072\n|move|p2a: Arceus|Extreme Speed|p1a: Fought for All\n|-damage|p1a: Fought for All|70\/100\n|move|p1a: Fought for All|Judgment|p2a: Arceus\n|-damage|p2a: Arceus|48\/100\n|\n|-weather|RainDance|[upkeep]\n|upkeep\n|turn|19\n|l| Kanha Greninja\n|\n|t:|1698064076\n|move|p2a: Arceus|Extreme Speed|p1a: Fought for All\n|-damage|p1a: Fought for All|43\/100\n|move|p1a: Fought for All|Recover|p1a: Fought for All\n|-heal|p1a: Fought for All|94\/100\n|\n|-weather|none\n|-end|p2a: Arceus|move: Taunt\n|upkeep\n|turn|20\n|\n|t:|1698064077\n|move|p2a: Arceus|Extreme Speed|p1a: Fought for All\n|-damage|p1a: Fought for All|67\/100\n|move|p1a: Fought for All|Judgment|p2a: Arceus\n|-crit|p2a: Arceus\n|-damage|p2a: Arceus|0 fnt\n|faint|p2a: Arceus\n|\n|upkeep\n|\n|t:|1698064079\n|switch|p2a: Koraidon|Koraidon|84\/100\n|-weather|SunnyDay|[from] ability: Orichalcum Pulse|[of] p2a: Koraidon\n|-activate|p2a: Koraidon|Orichalcum Pulse|[source]\n|turn|21\n|\n|t:|1698064081\n|switch|p1a: Last Standing|Landorus-Therian, M|93\/100\n|-ability|p1a: Last Standing|Intimidate|boost\n|-unboost|p2a: Koraidon|atk|1\n|-terastallize|p2a: Koraidon|Fire\n|move|p2a: Koraidon|Flare Blitz|p1a: Last Standing\n|-damage|p1a: Last Standing|35\/100\n|-damage|p2a: Koraidon|68\/100|[from] item: Rocky Helmet|[of] p1a: Last Standing\n|-damage|p2a: Koraidon|46\/100|[from] Recoil\n|\n|-weather|SunnyDay|[upkeep]\n|upkeep\n|turn|22\n|\n|t:|1698064086\n|switch|p1a: Scarlet Savagery|Koraidon|84\/100\n|-activate|p1a: Scarlet Savagery|ability: Orichalcum Pulse\n|move|p2a: Koraidon|Flare Blitz|p1a: Scarlet Savagery\n|-resisted|p1a: Scarlet Savagery\n|-damage|p1a: Scarlet Savagery|49\/100\n|-damage|p2a: Koraidon|34\/100|[from] Recoil\n|\n|-weather|SunnyDay|[upkeep]\n|upkeep\n|turn|23\n|\n|t:|1698064088\n|switch|p2a: Landorus|Landorus-Therian, M|93\/100\n|-ability|p2a: Landorus|Intimidate|boost\n|-unboost|p1a: Scarlet Savagery|atk|1\n|move|p1a: Scarlet Savagery|U-turn|p2a: Landorus\n|-resisted|p2a: Landorus\n|-crit|p2a: Landorus\n|-damage|p2a: Landorus|77\/100\n|-damage|p1a: Scarlet Savagery|32\/100|[from] item: Rocky Helmet|[of] p2a: Landorus\n|\n|t:|1698064090\n|switch|p1a: Violet Violence|Miraidon|82\/100|[from] U-turn\n|-fieldstart|move: Electric Terrain|[from] ability: Hadron Engine|[of] p1a: Violet Violence\n|\n|-weather|SunnyDay|[upkeep]\n|upkeep\n|turn|24\n|\n|t:|1698064093\n|move|p1a: Violet Violence|Overheat|p2a: Landorus\n|-damage|p2a: Landorus|0 fnt\n|-unboost|p1a: Violet Violence|spa|2\n|faint|p2a: Landorus\n|\n|-weather|SunnyDay|[upkeep]\n|upkeep\n|\n|t:|1698064095\n|switch|p2a: Kyogre|Kyogre|100\/100\n|-weather|RainDance|[from] ability: Drizzle|[of] p2a: Kyogre\n|turn|25\n|\n|t:|1698064101\n|switch|p1a: Last Standing|Landorus-Therian, M|35\/100\n|-ability|p1a: Last Standing|Intimidate|boost\n|-unboost|p2a: Kyogre|atk|1\n|move|p2a: Kyogre|Water Spout|p1a: Last Standing\n|-supereffective|p1a: Last Standing\n|-damage|p1a: Last Standing|0 fnt\n|faint|p1a: Last Standing\n|\n|-weather|RainDance|[upkeep]\n|upkeep\n|\n|t:|1698064103\n|switch|p1a: Scarlet Savagery|Koraidon|32\/100\n|-weather|SunnyDay|[from] ability: Orichalcum Pulse|[of] p1a: Scarlet Savagery\n|-activate|p1a: Scarlet Savagery|Orichalcum Pulse|[source]\n|turn|26\n|\n|t:|1698064117\n|switch|p2a: Koraidon|Koraidon, tera:Fire|34\/100\n|-activate|p2a: Koraidon|ability: Orichalcum Pulse\n|move|p1a: Scarlet Savagery|Close Combat|p2a: Koraidon\n|-damage|p2a: Koraidon|0 fnt\n|-unboost|p1a: Scarlet Savagery|def|1\n|-unboost|p1a: Scarlet Savagery|spd|1\n|faint|p2a: Koraidon\n|\n|-weather|SunnyDay|[upkeep]\n|upkeep\n|\n|t:|1698064118\n|switch|p2a: Kyogre|Kyogre|100\/100\n|-weather|RainDance|[from] ability: Drizzle|[of] p2a: Kyogre\n|turn|27\n|\n|t:|1698064120\n|move|p1a: Scarlet Savagery|Close Combat|p2a: Kyogre\n|-damage|p2a: Kyogre|46\/100\n|-unboost|p1a: Scarlet Savagery|def|1\n|-unboost|p1a: Scarlet Savagery|spd|1\n|move|p2a: Kyogre|Ice Beam|p1a: Scarlet Savagery\n|-supereffective|p1a: Scarlet Savagery\n|-damage|p1a: Scarlet Savagery|0 fnt\n|faint|p1a: Scarlet Savagery\n|\n|-weather|RainDance|[upkeep]\n|-fieldend|move: Electric Terrain\n|upkeep\n|\n|t:|1698064122\n|switch|p1a: Violet Violence|Miraidon|82\/100\n|-fieldstart|move: Electric Terrain|[from] ability: Hadron Engine|[of] p1a: Violet Violence\n|turn|28\n|\n|t:|1698064125\n|move|p1a: Violet Violence|Volt Switch|p2a: Kyogre\n|-supereffective|p2a: Kyogre\n|-damage|p2a: Kyogre|0 fnt\n|faint|p2a: Kyogre\n|\n|win|laprasplayer\n|n|\u2606laprasplayer|laprasplayer\n|n|\u2606Future king of ou|futurekingofou\n|l|\u2606Future king of ou\n|c|\u2606laprasplayer|gg\n","uploadtime":1698064134,"views":25,"p1id":"laprasplayer","p2id":"futurekingofou","formatid":"gen9anythinggoes","rating":0,"private":0,"password":""}