{"id":"gen9anythinggoes-1980075826","p1":"Average~Prods","p2":"babbona","format":"[Gen 9] Anything Goes","log":"|j|\u2606Average~Prods\n|j|\u2606babbona\n|t:|1698754696\n|gametype|singles\n|player|p1|Average~Prods|clerkf|1195\n|player|p2|babbona|medium|1272\n|teamsize|p1|6\n|teamsize|p2|6\n|gen|9\n|tier|[Gen 9] Anything Goes\n|rated|\n|rule|HP Percentage Mod: HP is shown in percentages\n|rule|Endless Battle Clause: Forcing endless battles is banned\n|clearpoke\n|poke|p1|Politoed, F|\n|poke|p1|Azumarill, F|\n|poke|p1|Rotom-Wash|\n|poke|p1|Milotic, F|\n|poke|p1|Urshifu-*, F|\n|poke|p1|Ogerpon-Wellspring, F|\n|poke|p2|Darkrai|\n|poke|p2|Calyrex-Shadow|\n|poke|p2|Azumarill, M|\n|poke|p2|Ribombee, M|\n|poke|p2|Shaymin-Sky|\n|poke|p2|Eternatus|\n|teampreview\n|inactive|Battle timer is ON: inactive players will automatically lose when time's up. (requested by Average~Prods)\n|\n|t:|1698754724\n|start\n|switch|p1a: Politoed|Politoed, F|100\/100\n|switch|p2a: Ribombee|Ribombee, M|100\/100\n|-weather|RainDance|[from] ability: Drizzle|[of] p1a: Politoed\n|turn|1\n|\n|t:|1698754731\n|move|p2a: Ribombee|Sticky Web|p1a: Politoed\n|-sidestart|p1: Average~Prods|move: Sticky Web\n|move|p1a: Politoed|Weather Ball|p2a: Ribombee\n|-damage|p2a: Ribombee|10\/100\n|\n|-weather|RainDance|[upkeep]\n|upkeep\n|turn|2\n|\n|t:|1698754735\n|move|p2a: Ribombee|Stun Spore|p1a: Politoed\n|-status|p1a: Politoed|par\n|move|p1a: Politoed|Weather Ball|p2a: Ribombee\n|-damage|p2a: Ribombee|0 fnt\n|faint|p2a: Ribombee\n|\n|-weather|RainDance|[upkeep]\n|upkeep\n|\n|t:|1698754751\n|switch|p2a: Azumarill|Azumarill, M|100\/100\n|turn|3\n|\n|t:|1698754757\n|move|p2a: Azumarill|Belly Drum|p2a: Azumarill\n|-damage|p2a: Azumarill|50\/100\n|-setboost|p2a: Azumarill|atk|6|[from] move: Belly Drum\n|-enditem|p2a: Azumarill|Sitrus Berry|[eat]\n|-heal|p2a: Azumarill|75\/100|[from] item: Sitrus Berry\n|move|p1a: Politoed|Chilling Water|p2a: Azumarill\n|-resisted|p2a: Azumarill\n|-damage|p2a: Azumarill|58\/100\n|-unboost|p2a: Azumarill|atk|1\n|\n|-weather|RainDance|[upkeep]\n|upkeep\n|turn|4\n|\n|t:|1698754761\n|move|p2a: Azumarill|Trailblaze|p1a: Politoed\n|-supereffective|p1a: Politoed\n|-damage|p1a: Politoed|0 fnt\n|-boost|p2a: Azumarill|spe|1\n|faint|p1a: Politoed\n|\n|-weather|RainDance|[upkeep]\n|upkeep\n|\n|t:|1698754765\n|switch|p1a: Rotom|Rotom-Wash|100\/100\n|turn|5\n|\n|t:|1698754774\n|-terastallize|p1a: Rotom|Electric\n|move|p1a: Rotom|Thunder|p2a: Azumarill\n|-supereffective|p2a: Azumarill\n|-damage|p2a: Azumarill|0 fnt\n|faint|p2a: Azumarill\n|\n|-weather|RainDance|[upkeep]\n|upkeep\n|\n|t:|1698754787\n|switch|p2a: Calyrex|Calyrex-Shadow|100\/100\n|-ability|p2a: Calyrex|As One\n|-ability|p2a: Calyrex|Unnerve\n|turn|6\n|\n|t:|1698754795\n|move|p2a: Calyrex|Nasty Plot|p2a: Calyrex\n|-boost|p2a: Calyrex|spa|2\n|move|p1a: Rotom|Thunder|p2a: Calyrex\n|-damage|p2a: Calyrex|32\/100\n|-status|p2a: Calyrex|par\n|\n|-weather|RainDance|[upkeep]\n|upkeep\n|turn|7\n|\n|t:|1698754802\n|move|p1a: Rotom|Thunder|p2a: Calyrex\n|-damage|p2a: Calyrex|0 fnt\n|faint|p2a: Calyrex\n|\n|-weather|RainDance|[upkeep]\n|upkeep\n|\n|t:|1698754812\n|switch|p2a: Eternatus|Eternatus|100\/100\n|-ability|p2a: Eternatus|Pressure\n|turn|8\n|\n|t:|1698754816\n|move|p2a: Eternatus|Dynamax Cannon|p1a: Rotom\n|-crit|p1a: Rotom\n|-damage|p1a: Rotom|32\/100\n|move|p1a: Rotom|Thunder|p2a: Eternatus\n|-resisted|p2a: Eternatus\n|-damage|p2a: Eternatus|76\/100\n|-status|p2a: Eternatus|par\n|\n|-weather|none\n|-heal|p2a: Eternatus|82\/100 par|[from] item: Black Sludge\n|upkeep\n|turn|9\n|\n|t:|1698754828\n|move|p1a: Rotom|Volt Switch|p2a: Eternatus\n|-resisted|p2a: Eternatus\n|-damage|p2a: Eternatus|68\/100 par\n|\n|t:|1698754834\n|switch|p1a: Ogerpon|Ogerpon-Wellspring, F|100\/100|[from] Volt Switch\n|-activate|p1a: Ogerpon|move: Sticky Web\n|-unboost|p1a: Ogerpon|spe|1\n|move|p2a: Eternatus|Toxic|p1a: Ogerpon\n|-status|p1a: Ogerpon|tox\n|\n|-heal|p2a: Eternatus|74\/100 par|[from] item: Black Sludge\n|-damage|p1a: Ogerpon|95\/100 tox|[from] psn\n|upkeep\n|turn|10\n|\n|t:|1698754842\n|move|p1a: Ogerpon|Rain Dance|p1a: Ogerpon\n|-weather|RainDance\n|move|p2a: Eternatus|Recover|p2a: Eternatus\n|-heal|p2a: Eternatus|100\/100 par\n|\n|-weather|RainDance|[upkeep]\n|-damage|p1a: Ogerpon|83\/100 tox|[from] psn\n|upkeep\n|turn|11\n|\n|t:|1698754848\n|move|p1a: Ogerpon|Ivy Cudgel|p2a: Eternatus\n|-resisted|p2a: Eternatus\n|-damage|p2a: Eternatus|66\/100 par\n|move|p2a: Eternatus|Dynamax Cannon|p1a: Ogerpon\n|-damage|p1a: Ogerpon|28\/100 tox\n|\n|-weather|RainDance|[upkeep]\n|-heal|p2a: Eternatus|72\/100 par|[from] item: Black Sludge\n|-damage|p1a: Ogerpon|10\/100 tox|[from] psn\n|upkeep\n|turn|12\n|\n|t:|1698754856\n|move|p1a: Ogerpon|Ivy Cudgel|p2a: Eternatus\n|-resisted|p2a: Eternatus\n|-crit|p2a: Eternatus\n|-damage|p2a: Eternatus|24\/100 par\n|cant|p2a: Eternatus|par\n|\n|-weather|RainDance|[upkeep]\n|-heal|p2a: Eternatus|30\/100 par|[from] item: Black Sludge\n|-damage|p1a: Ogerpon|0 fnt|[from] psn\n|faint|p1a: Ogerpon\n|upkeep\n|\n|t:|1698754860\n|switch|p1a: Azumarill|Azumarill, F|100\/100\n|-activate|p1a: Azumarill|move: Sticky Web\n|-unboost|p1a: Azumarill|spe|1\n|turn|13\n|\n|t:|1698754862\n|move|p1a: Azumarill|Aqua Jet|p2a: Eternatus\n|-resisted|p2a: Eternatus\n|-damage|p2a: Eternatus|15\/100 par\n|move|p2a: Eternatus|Toxic|p1a: Azumarill\n|-status|p1a: Azumarill|tox\n|\n|-weather|RainDance|[upkeep]\n|-heal|p2a: Eternatus|21\/100 par|[from] item: Black Sludge\n|-damage|p1a: Azumarill|94\/100 tox|[from] psn\n|upkeep\n|turn|14\n|\n|t:|1698754869\n|move|p1a: Azumarill|Aqua Jet|p2a: Eternatus\n|-resisted|p2a: Eternatus\n|-damage|p2a: Eternatus|6\/100 par\n|move|p2a: Eternatus|Recover|p2a: Eternatus\n|-heal|p2a: Eternatus|56\/100 par\n|\n|-weather|none\n|-heal|p2a: Eternatus|63\/100 par|[from] item: Black Sludge\n|-damage|p1a: Azumarill|82\/100 tox|[from] psn\n|upkeep\n|turn|15\n|\n|t:|1698754876\n|move|p2a: Eternatus|Recover|p2a: Eternatus\n|-heal|p2a: Eternatus|100\/100 par\n|move|p1a: Azumarill|Belly Drum|p1a: Azumarill\n|-damage|p1a: Azumarill|32\/100 tox\n|-setboost|p1a: Azumarill|atk|6|[from] move: Belly Drum\n|\n|-damage|p1a: Azumarill|13\/100 tox|[from] psn\n|upkeep\n|turn|16\n|\n|t:|1698754883\n|move|p1a: Azumarill|Aqua Jet|p2a: Eternatus\n|-resisted|p2a: Eternatus\n|-damage|p2a: Eternatus|63\/100 par\n|move|p2a: Eternatus|Sludge Bomb|p1a: Azumarill\n|-supereffective|p1a: Azumarill\n|-damage|p1a: Azumarill|0 fnt\n|faint|p1a: Azumarill\n|\n|-heal|p2a: Eternatus|69\/100 par|[from] item: Black Sludge\n|upkeep\n|\n|t:|1698754888\n|switch|p1a: Milotic|Milotic, F|100\/100\n|-activate|p1a: Milotic|move: Sticky Web\n|-unboost|p1a: Milotic|spe|1\n|turn|17\n|\n|t:|1698754892\n|move|p1a: Milotic|Protect|p1a: Milotic\n|-singleturn|p1a: Milotic|Protect\n|move|p2a: Eternatus|Toxic|p1a: Milotic\n|-activate|p1a: Milotic|move: Protect\n|\n|-heal|p2a: Eternatus|75\/100 par|[from] item: Black Sludge\n|-status|p1a: Milotic|brn|[from] item: Flame Orb\n|upkeep\n|turn|18\n|\n|t:|1698754900\n|cant|p2a: Eternatus|par\n|move|p1a: Milotic|Surf|p2a: Eternatus\n|-resisted|p2a: Eternatus\n|-damage|p2a: Eternatus|61\/100 par\n|\n|-heal|p2a: Eternatus|67\/100 par|[from] item: Black Sludge\n|-damage|p1a: Milotic|95\/100 brn|[from] brn\n|upkeep\n|turn|19\n|\n|t:|1698754908\n|move|p2a: Eternatus|Dynamax Cannon|p1a: Milotic\n|-damage|p1a: Milotic|62\/100 brn\n|move|p1a: Milotic|Surf|p2a: Eternatus\n|-resisted|p2a: Eternatus\n|-damage|p2a: Eternatus|52\/100 par\n|\n|-heal|p2a: Eternatus|58\/100 par|[from] item: Black Sludge\n|-damage|p1a: Milotic|56\/100 brn|[from] brn\n|upkeep\n|turn|20\n|\n|t:|1698754915\n|move|p2a: Eternatus|Dynamax Cannon|p1a: Milotic\n|-damage|p1a: Milotic|21\/100 brn\n|move|p1a: Milotic|Recover|p1a: Milotic\n|-heal|p1a: Milotic|71\/100 brn\n|\n|-heal|p2a: Eternatus|65\/100 par|[from] item: Black Sludge\n|-damage|p1a: Milotic|65\/100 brn|[from] brn\n|upkeep\n|turn|21\n|\n|t:|1698754917\n|cant|p2a: Eternatus|par\n|move|p1a: Milotic|Recover|p1a: Milotic\n|-heal|p1a: Milotic|100\/100 brn\n|\n|-heal|p2a: Eternatus|71\/100 par|[from] item: Black Sludge\n|-damage|p1a: Milotic|95\/100 brn|[from] brn\n|upkeep\n|turn|22\n|\n|t:|1698754921\n|move|p2a: Eternatus|Dynamax Cannon|p1a: Milotic\n|-damage|p1a: Milotic|63\/100 brn\n|move|p1a: Milotic|Haze|p1a: Milotic\n|-clearallboost\n|\n|-heal|p2a: Eternatus|77\/100 par|[from] item: Black Sludge\n|-damage|p1a: Milotic|57\/100 brn|[from] brn\n|upkeep\n|turn|23\n|\n|t:|1698754931\n|move|p1a: Milotic|Surf|p2a: Eternatus\n|-resisted|p2a: Eternatus\n|-damage|p2a: Eternatus|63\/100 par\n|move|p2a: Eternatus|Dynamax Cannon|p1a: Milotic\n|-damage|p1a: Milotic|21\/100 brn\n|\n|-heal|p2a: Eternatus|70\/100 par|[from] item: Black Sludge\n|-damage|p1a: Milotic|15\/100 brn|[from] brn\n|upkeep\n|turn|24\n|\n|t:|1698754940\n|move|p1a: Milotic|Recover|p1a: Milotic\n|-heal|p1a: Milotic|66\/100 brn\n|move|p2a: Eternatus|Dynamax Cannon|p1a: Milotic\n|-damage|p1a: Milotic|31\/100 brn\n|\n|-heal|p2a: Eternatus|76\/100 par|[from] item: Black Sludge\n|-damage|p1a: Milotic|25\/100 brn|[from] brn\n|upkeep\n|turn|25\n|\n|t:|1698754944\n|move|p1a: Milotic|Recover|p1a: Milotic\n|-heal|p1a: Milotic|75\/100 brn\n|move|p2a: Eternatus|Dynamax Cannon|p1a: Milotic\n|-damage|p1a: Milotic|44\/100 brn\n|\n|-heal|p2a: Eternatus|82\/100 par|[from] item: Black Sludge\n|-damage|p1a: Milotic|38\/100 brn|[from] brn\n|upkeep\n|turn|26\n|\n|t:|1698754948\n|move|p1a: Milotic|Recover|p1a: Milotic\n|-heal|p1a: Milotic|89\/100 brn\n|move|p2a: Eternatus|Sludge Bomb|p1a: Milotic\n|-damage|p1a: Milotic|58\/100 brn\n|\n|-heal|p2a: Eternatus|88\/100 par|[from] item: Black Sludge\n|-damage|p1a: Milotic|52\/100 brn|[from] brn\n|upkeep\n|turn|27\n|\n|t:|1698754950\n|move|p1a: Milotic|Recover|p1a: Milotic\n|-heal|p1a: Milotic|100\/100 brn\n|move|p2a: Eternatus|Sludge Bomb|p1a: Milotic\n|-damage|p1a: Milotic|72\/100 brn\n|\n|-heal|p2a: Eternatus|94\/100 par|[from] item: Black Sludge\n|-damage|p1a: Milotic|66\/100 brn|[from] brn\n|upkeep\n|turn|28\n|\n|t:|1698754972\n|switch|p1a: Urshifu|Urshifu-Rapid-Strike, F|100\/100\n|-activate|p1a: Urshifu|move: Sticky Web\n|-unboost|p1a: Urshifu|spe|1\n|switch|p2a: Shaymin|Shaymin-Sky|100\/100\n|\n|upkeep\n|turn|29\n|\n|t:|1698754979\n|move|p2a: Shaymin|Air Slash|p1a: Urshifu\n|-supereffective|p1a: Urshifu\n|-damage|p1a: Urshifu|0 fnt\n|faint|p1a: Urshifu\n|\n|upkeep\n|\n|t:|1698754982\n|switch|p1a: Milotic|Milotic, F|66\/100 brn\n|-activate|p1a: Milotic|move: Sticky Web\n|-unboost|p1a: Milotic|spe|1\n|turn|30\n|\n|t:|1698754986\n|move|p2a: Shaymin|Air Slash|p1a: Milotic\n|-damage|p1a: Milotic|41\/100 brn\n|cant|p1a: Milotic|flinch\n|\n|-damage|p1a: Milotic|35\/100 brn|[from] brn\n|upkeep\n|turn|31\n|\n|t:|1698754989\n|move|p2a: Shaymin|Air Slash|p1a: Milotic\n|-damage|p1a: Milotic|11\/100 brn\n|cant|p1a: Milotic|flinch\n|\n|-damage|p1a: Milotic|5\/100 brn|[from] brn\n|upkeep\n|turn|32\n|\n|t:|1698754994\n|move|p1a: Milotic|Protect|p1a: Milotic\n|-singleturn|p1a: Milotic|Protect\n|move|p2a: Shaymin|Air Slash|p1a: Milotic\n|-activate|p1a: Milotic|move: Protect\n|\n|-damage|p1a: Milotic|0 fnt|[from] brn\n|faint|p1a: Milotic\n|upkeep\n|\n|t:|1698754997\n|switch|p1a: Rotom|Rotom-Wash, tera:Electric|32\/100\n|turn|33\n|\n|t:|1698755002\n|move|p2a: Shaymin|Air Slash|p1a: Rotom\n|-resisted|p1a: Rotom\n|-damage|p1a: Rotom|14\/100\n|cant|p1a: Rotom|flinch\n|\n|upkeep\n|turn|34\n|\n|t:|1698755005\n|move|p2a: Shaymin|Air Slash|p1a: Rotom\n|-resisted|p1a: Rotom\n|-damage|p1a: Rotom|0 fnt\n|faint|p1a: Rotom\n|\n|win|babbona\n|raw|Average~Prods's rating: 1195 &rarr; <strong>1175<\/strong><br \/>(-20 for losing)\n|raw|babbona's rating: 1272 &rarr; <strong>1292<\/strong><br \/>(+20 for winning)\n|l|\u2606Average~Prods\n|c|\u2606babbona|gg\n","uploadtime":1698755067,"views":3,"p1id":"averageprods","p2id":"babbona","formatid":"gen9anythinggoes","rating":1175,"private":0,"password":""}