{"id":"gen9anythinggoes-1987817852","p1":"Dregone","p2":"HX Shiftry","format":"[Gen 9] Anything Goes","log":"|j|\u2606Dregone\n|j|\u2606HX Shiftry\n|inactive|Battle timer is ON: inactive players will automatically lose when time's up.\n|t:|1699639632\n|gametype|singles\n|player|p1|Dregone|cynthia-masters|\n|player|p2|HX Shiftry|psychic-gen2|\n|teamsize|p1|6\n|teamsize|p2|6\n|gen|9\n|tier|[Gen 9] Anything Goes\n|rated|Tournament battle\n|rule|HP Percentage Mod: HP is shown in percentages\n|rule|Endless Battle Clause: Forcing endless battles is banned\n|clearpoke\n|poke|p1|Calyrex-Shadow|\n|poke|p1|Arceus-Ground|\n|poke|p1|Koraidon|\n|poke|p1|Arceus|\n|poke|p1|Arceus-Fairy|\n|poke|p1|Arceus-Water|\n|poke|p2|Donphan, L1, F|\n|poke|p2|Calyrex-Shadow|\n|poke|p2|Arceus|\n|poke|p2|Moltres|\n|poke|p2|Zacian-*|\n|poke|p2|Kyogre|\n|teampreview\n|inactive|Dregone also wants the timer to be on.\n|c|\u2606Dregone|glhf\n|\n|t:|1699639659\n|start\n|switch|p1a: Arceus|Arceus-Ground|100\/100\n|switch|p2a: decent tusk|Donphan, L1, F|100\/100\n|turn|1\n|\n|t:|1699639664\n|move|p1a: Arceus|Taunt|p2a: decent tusk\n|-start|p2a: decent tusk|move: Taunt\n|cant|p2a: decent tusk|move: Taunt|Stealth Rock\n|\n|upkeep\n|turn|2\n|\n|t:|1699639668\n|move|p1a: Arceus|Judgment|p2a: decent tusk\n|-ability|p2a: decent tusk|Sturdy\n|-damage|p2a: decent tusk|9\/100\n|move|p2a: decent tusk|Endeavor|p1a: Arceus\n|-damage|p1a: Arceus|1\/100\n|\n|upkeep\n|turn|3\n|\n|t:|1699639677\n|switch|p1a: Calyrex|Calyrex-Shadow|100\/100\n|-ability|p1a: Calyrex|As One\n|-ability|p1a: Calyrex|Unnerve\n|move|p2a: decent tusk|Ice Shard|p1a: Calyrex\n|-damage|p1a: Calyrex|99\/100\n|\n|-end|p2a: decent tusk|move: Taunt\n|upkeep\n|turn|4\n|\n|t:|1699639685\n|switch|p2a: Arceus|Arceus|100\/100\n|move|p1a: Calyrex|Grass Knot|p2a: Arceus\n|-damage|p2a: Arceus|48\/100\n|\n|upkeep\n|turn|5\n|\n|t:|1699639701\n|switch|p2a: Moltres|Moltres|100\/100\n|move|p1a: Calyrex|Grass Knot|p2a: Moltres\n|-resisted|p2a: Moltres\n|-damage|p2a: Moltres|87\/100\n|\n|upkeep\n|turn|6\n|\n|t:|1699639715\n|switch|p1a: Koraidon|Koraidon|100\/100\n|-weather|SunnyDay|[from] ability: Orichalcum Pulse|[of] p1a: Koraidon\n|-activate|p1a: Koraidon|Orichalcum Pulse|[source]\n|move|p2a: Moltres|U-turn|p1a: Koraidon\n|-resisted|p1a: Koraidon\n|-damage|p1a: Koraidon|93\/100\n|\n|t:|1699639727\n|switch|p2a: Kyogre|Kyogre|100\/100|[from] U-turn\n|-weather|RainDance|[from] ability: Drizzle|[of] p2a: Kyogre\n|\n|-weather|RainDance|[upkeep]\n|upkeep\n|turn|7\n|\n|t:|1699639744\n|move|p1a: Koraidon|Low Kick|p2a: Kyogre\n|-damage|p2a: Kyogre|31\/100\n|move|p2a: Kyogre|Ice Beam|p1a: Koraidon\n|-supereffective|p1a: Koraidon\n|-damage|p1a: Koraidon|22\/100\n|\n|-weather|RainDance|[upkeep]\n|upkeep\n|turn|8\n|\n|t:|1699639751\n|switch|p2a: Moltres|Moltres|87\/100\n|move|p1a: Koraidon|Low Kick|p2a: Moltres\n|-resisted|p2a: Moltres\n|-crit|p2a: Moltres\n|-damage|p2a: Moltres|67\/100\n|-status|p1a: Koraidon|brn|[from] ability: Flame Body|[of] p2a: Moltres\n|\n|-weather|RainDance|[upkeep]\n|-damage|p1a: Koraidon|16\/100 brn|[from] brn\n|upkeep\n|turn|9\n|\n|t:|1699639768\n|switch|p1a: Arceus|Arceus-Water|100\/100\n|move|p2a: Moltres|U-turn|p1a: Arceus\n|-damage|p1a: Arceus|91\/100\n|\n|t:|1699639784\n|switch|p2a: Kyogre|Kyogre|31\/100|[from] U-turn\n|\n|-weather|RainDance|[upkeep]\n|upkeep\n|turn|10\n|\n|t:|1699639794\n|switch|p1a: Arceus|Arceus-Ground|1\/100\n|move|p2a: Kyogre|Thunder|p1a: Arceus\n|-immune|p1a: Arceus\n|\n|-weather|none\n|upkeep\n|turn|11\n|\n|t:|1699639801\n|switch|p2a: decent tusk|Donphan, L1, F|9\/100\n|move|p1a: Arceus|Stealth Rock|p2a: decent tusk\n|-sidestart|p2: HX Shiftry|move: Stealth Rock\n|\n|upkeep\n|turn|12\n|\n|t:|1699639811\n|switch|p1a: Calyrex|Calyrex-Shadow|99\/100\n|-ability|p1a: Calyrex|As One\n|-ability|p1a: Calyrex|Unnerve\n|move|p2a: decent tusk|Ice Shard|p1a: Calyrex\n|-damage|p1a: Calyrex|99\/100\n|\n|upkeep\n|turn|13\n|\n|t:|1699639817\n|move|p1a: Calyrex|Psyshock|p2a: decent tusk\n|-damage|p2a: decent tusk|0 fnt\n|faint|p2a: decent tusk\n|-ability|p1a: Calyrex|Grim Neigh|boost\n|-boost|p1a: Calyrex|spa|1\n|\n|upkeep\n|\n|t:|1699639839\n|switch|p2a: Zacian|Zacian-Crowned|100\/100\n|-damage|p2a: Zacian|94\/100|[from] Stealth Rock\n|-ability|p2a: Zacian|Intrepid Sword|boost\n|-boost|p2a: Zacian|atk|1\n|turn|14\n|\n|t:|1699639866\n|switch|p1a: Arceus|Arceus-Ground|1\/100\n|move|p2a: Zacian|Behemoth Blade|p1a: Arceus\n|-damage|p1a: Arceus|0 fnt\n|faint|p1a: Arceus\n|\n|upkeep\n|\n|t:|1699639874\n|switch|p1a: Koraidon|Koraidon|16\/100 brn\n|-weather|SunnyDay|[from] ability: Orichalcum Pulse|[of] p1a: Koraidon\n|-activate|p1a: Koraidon|Orichalcum Pulse|[source]\n|turn|15\n|\n|t:|1699639888\n|switch|p2a: Moltres|Moltres|67\/100\n|move|p1a: Koraidon|Low Kick|p2a: Moltres\n|-resisted|p2a: Moltres\n|-damage|p2a: Moltres|57\/100\n|\n|-weather|SunnyDay|[upkeep]\n|-damage|p1a: Koraidon|10\/100 brn|[from] brn\n|upkeep\n|turn|16\n|\n|t:|1699639909\n|move|p1a: Koraidon|Low Kick|p2a: Moltres\n|-resisted|p2a: Moltres\n|-damage|p2a: Moltres|47\/100\n|move|p2a: Moltres|U-turn|p1a: Koraidon\n|-resisted|p1a: Koraidon\n|-damage|p1a: Koraidon|3\/100 brn\n|\n|t:|1699639915\n|switch|p2a: Calyrex|Calyrex-Shadow|100\/100|[from] U-turn\n|-ability|p2a: Calyrex|As One\n|-ability|p2a: Calyrex|Unnerve\n|-damage|p2a: Calyrex|88\/100|[from] Stealth Rock\n|\n|-weather|SunnyDay|[upkeep]\n|-damage|p1a: Koraidon|0 fnt|[from] brn\n|faint|p1a: Koraidon\n|upkeep\n|\n|t:|1699639929\n|switch|p1a: Arceus|Arceus|100\/100\n|turn|17\n|\n|t:|1699639938\n|move|p2a: Calyrex|Substitute|p2a: Calyrex\n|-start|p2a: Calyrex|Substitute\n|-damage|p2a: Calyrex|63\/100\n|move|p1a: Arceus|Swords Dance|p1a: Arceus\n|-boost|p1a: Arceus|atk|2\n|\n|-weather|SunnyDay|[upkeep]\n|upkeep\n|turn|18\n|inactive|HX Shiftry has 120 seconds left.\n|inactive|HX Shiftry has 90 seconds left.\n|\n|t:|1699640010\n|-terastallize|p2a: Calyrex|Psychic\n|move|p2a: Calyrex|Psychic|p1a: Arceus\n|-damage|p1a: Arceus|49\/100\n|move|p1a: Arceus|Shadow Claw|p2a: Calyrex\n|-supereffective|p2a: Calyrex\n|-end|p2a: Calyrex|Substitute\n|-damage|p1a: Arceus|39\/100|[from] item: Life Orb\n|\n|-weather|SunnyDay|[upkeep]\n|upkeep\n|turn|19\n|\n|t:|1699640020\n|move|p1a: Arceus|Extreme Speed|p2a: Calyrex\n|-damage|p2a: Calyrex|0 fnt\n|faint|p2a: Calyrex\n|-damage|p1a: Arceus|29\/100|[from] item: Life Orb\n|\n|-weather|none\n|upkeep\n|inactive|HX Shiftry has 60 seconds left.\n|\n|t:|1699640046\n|switch|p2a: Moltres|Moltres|47\/100\n|turn|20\n|\n|t:|1699640050\n|move|p1a: Arceus|Extreme Speed|p2a: Moltres\n|-crit|p2a: Moltres\n|-damage|p2a: Moltres|0 fnt\n|-status|p1a: Arceus|brn|[from] ability: Flame Body|[of] p2a: Moltres\n|faint|p2a: Moltres\n|-damage|p1a: Arceus|19\/100 brn|[from] item: Life Orb\n|\n|-damage|p1a: Arceus|13\/100 brn|[from] brn\n|upkeep\n|\n|t:|1699640054\n|switch|p2a: Zacian|Zacian-Crowned|94\/100\n|-damage|p2a: Zacian|88\/100|[from] Stealth Rock\n|turn|21\n|c|\u2606Dregone|man\n|\n|t:|1699640060\n|move|p1a: Arceus|Extreme Speed|p2a: Zacian\n|-resisted|p2a: Zacian\n|-damage|p2a: Zacian|67\/100\n|-damage|p1a: Arceus|3\/100 brn|[from] item: Life Orb\n|move|p2a: Zacian|Agility|p2a: Zacian\n|-boost|p2a: Zacian|spe|2\n|\n|-damage|p1a: Arceus|0 fnt|[from] brn\n|faint|p1a: Arceus\n|upkeep\n|\n|t:|1699640066\n|switch|p1a: Arceus|Arceus-Water|91\/100\n|turn|22\n|inactive|HX Shiftry has 90 seconds left.\n|\n|t:|1699640081\n|switch|p2a: Arceus|Arceus|48\/100\n|-damage|p2a: Arceus|36\/100|[from] Stealth Rock\n|move|p1a: Arceus|Will-O-Wisp|p2a: Arceus\n|-status|p2a: Arceus|brn\n|\n|-damage|p2a: Arceus|30\/100 brn|[from] brn\n|upkeep\n|turn|23\n|\n|t:|1699640085\n|move|p1a: Arceus|Taunt|p2a: Arceus\n|-start|p2a: Arceus|move: Taunt\n|cant|p2a: Arceus|move: Taunt|Recover\n|\n|-damage|p2a: Arceus|24\/100 brn|[from] brn\n|upkeep\n|turn|24\n|\n|t:|1699640096\n|move|p2a: Arceus|Extreme Speed|p1a: Arceus\n|-damage|p1a: Arceus|77\/100\n|move|p1a: Arceus|Judgment|p2a: Arceus\n|-damage|p2a: Arceus|0 fnt\n|faint|p2a: Arceus\n|\n|upkeep\n|\n|t:|1699640099\n|switch|p2a: Kyogre|Kyogre|31\/100\n|-damage|p2a: Kyogre|19\/100|[from] Stealth Rock\n|-weather|RainDance|[from] ability: Drizzle|[of] p2a: Kyogre\n|turn|25\n|\n|t:|1699640108\n|switch|p1a: Arceus|Arceus-Fairy|100\/100\n|move|p2a: Kyogre|Thunder|p1a: Arceus\n|-damage|p1a: Arceus|77\/100\n|\n|-weather|RainDance|[upkeep]\n|upkeep\n|turn|26\n|\n|t:|1699640120\n|switch|p2a: Zacian|Zacian-Crowned|67\/100\n|-damage|p2a: Zacian|61\/100|[from] Stealth Rock\n|move|p1a: Arceus|Judgment|p2a: Zacian\n|-resisted|p2a: Zacian\n|-damage|p2a: Zacian|40\/100\n|\n|-weather|RainDance|[upkeep]\n|upkeep\n|turn|27\n|\n|t:|1699640130\n|move|p2a: Zacian|Behemoth Blade|p1a: Arceus\n|-supereffective|p1a: Arceus\n|-damage|p1a: Arceus|0 fnt\n|faint|p1a: Arceus\n|\n|-weather|RainDance|[upkeep]\n|upkeep\n|\n|t:|1699640133\n|switch|p1a: Calyrex|Calyrex-Shadow|99\/100\n|-ability|p1a: Calyrex|As One\n|-ability|p1a: Calyrex|Unnerve\n|turn|28\n|\n|t:|1699640143\n|move|p1a: Calyrex|Astral Barrage|p2a: Zacian\n|-crit|p2a: Zacian\n|-damage|p2a: Zacian|0 fnt\n|faint|p2a: Zacian\n|-ability|p1a: Calyrex|Grim Neigh|boost\n|-boost|p1a: Calyrex|spa|1\n|\n|-weather|RainDance|[upkeep]\n|upkeep\n|\n|t:|1699640145\n|switch|p2a: Kyogre|Kyogre|19\/100\n|-damage|p2a: Kyogre|6\/100|[from] Stealth Rock\n|turn|29\n|\n|t:|1699640157\n|-terastallize|p1a: Calyrex|Grass\n|move|p2a: Kyogre|Thunder|p1a: Calyrex\n|-resisted|p1a: Calyrex\n|-damage|p1a: Calyrex|78\/100\n|move|p1a: Calyrex|Astral Barrage|p2a: Kyogre\n|-damage|p2a: Kyogre|0 fnt\n|faint|p2a: Kyogre\n|\n|win|Dregone\n|n|\u2606Dregone|dregone\n|n|\u2606HX Shiftry|hxshiftry\n|c|\u2606Dregone|gg\n|c|\u2606HX Shiftry|gg\n","uploadtime":1699640168,"views":8,"p1id":"dregone","p2id":"hxshiftry","formatid":"gen9anythinggoes","rating":0,"private":0,"password":""}