{"id":"gen9anythinggoes-1978589979","p1":"L0$tVision","p2":"Chiken321fun","format":"[Gen 9] Anything Goes","log":"|j|\u2606L0$tVision\n|j|\u2606Chiken321fun\n|t:|1698561826\n|gametype|singles\n|player|p1|L0$tVision|steven|1070\n|player|p2|Chiken321fun|plasmagrunt|1055\n|teamsize|p1|6\n|teamsize|p2|6\n|gen|9\n|tier|[Gen 9] Anything Goes\n|rated|\n|rule|HP Percentage Mod: HP is shown in percentages\n|rule|Endless Battle Clause: Forcing endless battles is banned\n|clearpoke\n|poke|p1|Mewtwo|\n|poke|p1|Greninja-*, F|\n|poke|p1|Arceus-Steel|\n|poke|p1|Kingambit, F|\n|poke|p1|Kommo-o, M|\n|poke|p1|Garchomp, F|\n|poke|p2|Dudunsparce-*, M|\n|poke|p2|Blissey, F|\n|poke|p2|Maushold-Four|\n|poke|p2|Noivern, M|\n|poke|p2|Dondozo, M|\n|poke|p2|Scream Tail|\n|teampreview\n|\n|t:|1698561830\n|start\n|switch|p1a: Mewtwo|Mewtwo|100\/100\n|switch|p2a: Dondozo|Dondozo, M|100\/100\n|-ability|p1a: Mewtwo|Pressure\n|-item|p2a: Dondozo|Air Balloon\n|turn|1\n|inactive|Battle timer is ON: inactive players will automatically lose when time's up. (requested by Chiken321fun)\n|\n|t:|1698561844\n|move|p1a: Mewtwo|Calm Mind|p1a: Mewtwo\n|-boost|p1a: Mewtwo|spa|1\n|-boost|p1a: Mewtwo|spd|1\n|move|p2a: Dondozo|Yawn|p1a: Mewtwo\n|-start|p1a: Mewtwo|move: Yawn|[of] p2a: Dondozo\n|\n|upkeep\n|turn|2\n|\n|t:|1698561852\n|move|p1a: Mewtwo|Calm Mind|p1a: Mewtwo\n|-boost|p1a: Mewtwo|spa|1\n|-boost|p1a: Mewtwo|spd|1\n|move|p2a: Dondozo|Heavy Slam|p1a: Mewtwo\n|-damage|p1a: Mewtwo|89\/100\n|\n|-end|p1a: Mewtwo|move: Yawn|[silent]\n|-status|p1a: Mewtwo|slp\n|upkeep\n|turn|3\n|\n|t:|1698561862\n|cant|p1a: Mewtwo|slp\n|move|p2a: Dondozo|Fissure|p1a: Mewtwo|[miss]\n|-miss|p2a: Dondozo|p1a: Mewtwo\n|\n|upkeep\n|turn|4\n|\n|t:|1698561867\n|-curestatus|p1a: Mewtwo|slp|[msg]\n|move|p1a: Mewtwo|Calm Mind|p1a: Mewtwo\n|-boost|p1a: Mewtwo|spa|1\n|-boost|p1a: Mewtwo|spd|1\n|move|p2a: Dondozo|Fissure|p1a: Mewtwo|[miss]\n|-miss|p2a: Dondozo|p1a: Mewtwo\n|\n|upkeep\n|turn|5\n|\n|t:|1698561877\n|move|p1a: Mewtwo|Calm Mind|p1a: Mewtwo\n|-boost|p1a: Mewtwo|spa|1\n|-boost|p1a: Mewtwo|spd|1\n|move|p2a: Dondozo|Yawn|p1a: Mewtwo\n|-start|p1a: Mewtwo|move: Yawn|[of] p2a: Dondozo\n|\n|upkeep\n|turn|6\n|\n|t:|1698561884\n|move|p1a: Mewtwo|Light Screen|p1a: Mewtwo\n|-sidestart|p1: L0$tVision|move: Light Screen\n|move|p2a: Dondozo|Fissure|p1a: Mewtwo\n|-damage|p1a: Mewtwo|0 fnt\n|faint|p1a: Mewtwo\n|-ohko\n|\n|upkeep\n|\n|t:|1698561894\n|switch|p1a: Arceus|Arceus-Steel|100\/100\n|turn|7\n|\n|t:|1698561899\n|move|p1a: Arceus|Dark Pulse|p2a: Dondozo\n|-damage|p2a: Dondozo|85\/100\n|-enditem|p2a: Dondozo|Air Balloon\n|cant|p2a: Dondozo|flinch\n|\n|upkeep\n|turn|8\n|\n|t:|1698561907\n|move|p1a: Arceus|Heavy Slam|p2a: Dondozo\n|-resisted|p2a: Dondozo\n|-damage|p2a: Dondozo|79\/100\n|move|p2a: Dondozo|Yawn|p1a: Arceus\n|-start|p1a: Arceus|move: Yawn|[of] p2a: Dondozo\n|\n|upkeep\n|turn|9\n|\n|t:|1698561914\n|move|p1a: Arceus|Dark Pulse|p2a: Dondozo\n|-damage|p2a: Dondozo|63\/100\n|move|p2a: Dondozo|Earthquake|p1a: Arceus\n|-supereffective|p1a: Arceus\n|-damage|p1a: Arceus|72\/100\n|\n|-end|p1a: Arceus|move: Yawn|[silent]\n|-status|p1a: Arceus|slp\n|upkeep\n|turn|10\n|\n|t:|1698561923\n|cant|p1a: Arceus|slp\n|move|p2a: Dondozo|Fissure|p1a: Arceus\n|-damage|p1a: Arceus|0 fnt\n|faint|p1a: Arceus\n|-ohko\n|\n|-sideend|p1: L0$tVision|move: Light Screen\n|upkeep\n|\n|t:|1698561928\n|switch|p1a: Kommo-o|Kommo-o, M|100\/100\n|turn|11\n|\n|t:|1698561934\n|move|p2a: Dondozo|Yawn|p1a: Kommo-o\n|-start|p1a: Kommo-o|move: Yawn|[of] p2a: Dondozo\n|move|p1a: Kommo-o|Counter||[still]\n|-fail|p1a: Kommo-o\n|\n|upkeep\n|turn|12\n|\n|t:|1698561941\n|move|p1a: Kommo-o|Brick Break|p2a: Dondozo\n|-damage|p2a: Dondozo|36\/100\n|-damage|p1a: Kommo-o|91\/100|[from] item: Life Orb\n|move|p2a: Dondozo|Fissure|p1a: Kommo-o|[miss]\n|-miss|p2a: Dondozo|p1a: Kommo-o\n|\n|-end|p1a: Kommo-o|move: Yawn|[silent]\n|-status|p1a: Kommo-o|slp\n|upkeep\n|turn|13\n|\n|t:|1698561955\n|cant|p1a: Kommo-o|slp\n|move|p2a: Dondozo|Heavy Slam|p1a: Kommo-o\n|-damage|p1a: Kommo-o|78\/100 slp\n|\n|upkeep\n|turn|14\n|\n|t:|1698561963\n|-curestatus|p1a: Kommo-o|slp|[msg]\n|move|p1a: Kommo-o|Draco Meteor|p2a: Dondozo\n|-damage|p2a: Dondozo|0 fnt\n|-unboost|p1a: Kommo-o|spa|2\n|faint|p2a: Dondozo\n|-damage|p1a: Kommo-o|68\/100|[from] item: Life Orb\n|\n|upkeep\n|\n|t:|1698561977\n|switch|p2a: Scream Tail|Scream Tail|100\/100\n|turn|15\n|\n|t:|1698561981\n|move|p2a: Scream Tail|Encore|p1a: Kommo-o\n|-start|p1a: Kommo-o|Encore\n|move|p1a: Kommo-o|Draco Meteor|p2a: Scream Tail\n|-immune|p2a: Scream Tail\n|\n|upkeep\n|turn|16\n|\n|t:|1698561991\n|switch|p1a: Garchomp|Garchomp, F|100\/100\n|move|p2a: Scream Tail|Boomburst|p1a: Garchomp\n|-damage|p1a: Garchomp|75\/100\n|\n|upkeep\n|turn|17\n|\n|t:|1698561994\n|move|p1a: Garchomp|Spikes|p2a: Scream Tail\n|-sidestart|p2: Chiken321fun|Spikes\n|move|p2a: Scream Tail|Boomburst|p1a: Garchomp\n|-damage|p1a: Garchomp|51\/100\n|\n|upkeep\n|turn|18\n|\n|t:|1698562003\n|move|p1a: Garchomp|Spikes|p2a: Scream Tail\n|-sidestart|p2: Chiken321fun|Spikes\n|move|p2a: Scream Tail|Perish Song|p2a: Scream Tail\n|-start|p1a: Garchomp|perish3|[silent]\n|-start|p2a: Scream Tail|perish3|[silent]\n|-fieldactivate|move: Perish Song\n|\n|-start|p1a: Garchomp|perish3\n|-start|p2a: Scream Tail|perish3\n|upkeep\n|turn|19\n|\n|t:|1698562012\n|move|p1a: Garchomp|Spikes|p2a: Scream Tail\n|-sidestart|p2: Chiken321fun|Spikes\n|move|p2a: Scream Tail|Encore|p1a: Garchomp\n|-start|p1a: Garchomp|Encore\n|\n|-start|p1a: Garchomp|perish2\n|-start|p2a: Scream Tail|perish2\n|upkeep\n|turn|20\n|\n|t:|1698562023\n|switch|p1a: Greninja|Greninja, F|100\/100\n|move|p2a: Scream Tail|Trick Room|p2a: Scream Tail\n|-fieldstart|move: Trick Room|[of] p2a: Scream Tail\n|\n|-start|p2a: Scream Tail|perish1\n|upkeep\n|turn|21\n|\n|t:|1698562030\n|move|p2a: Scream Tail|Boomburst|p1a: Greninja\n|-damage|p1a: Greninja|78\/100\n|move|p1a: Greninja|Night Slash|p2a: Scream Tail\n|-damage|p2a: Scream Tail|84\/100\n|\n|-heal|p2a: Scream Tail|90\/100|[from] item: Leftovers\n|-start|p2a: Scream Tail|perish0\n|faint|p2a: Scream Tail\n|-end|p2a: Scream Tail|Protosynthesis|[silent]\n|upkeep\n|\n|t:|1698562044\n|switch|p2a: Blissey|Blissey, F|100\/100\n|-damage|p2a: Blissey|76\/100|[from] Spikes\n|turn|22\n|\n|t:|1698562050\n|move|p2a: Blissey|Thunder Wave|p1a: Greninja|[miss]\n|-miss|p2a: Blissey|p1a: Greninja\n|move|p1a: Greninja|Night Slash|p2a: Blissey\n|-damage|p2a: Blissey|55\/100\n|\n|upkeep\n|turn|23\n|\n|t:|1698562057\n|move|p2a: Blissey|Thunder Wave|p1a: Greninja\n|-status|p1a: Greninja|par\n|move|p1a: Greninja|Hydro Pump|p2a: Blissey\n|-damage|p2a: Blissey|39\/100\n|\n|upkeep\n|turn|24\n|\n|t:|1698562064\n|move|p2a: Blissey|Soft-Boiled|p2a: Blissey\n|-heal|p2a: Blissey|89\/100\n|move|p1a: Greninja|Dark Pulse|p2a: Blissey\n|-damage|p2a: Blissey|77\/100\n|\n|-fieldend|move: Trick Room\n|upkeep\n|turn|25\n|\n|t:|1698562072\n|cant|p1a: Greninja|par\n|move|p2a: Blissey|Defense Curl|p2a: Blissey\n|-boost|p2a: Blissey|def|1\n|\n|upkeep\n|turn|26\n|\n|t:|1698562077\n|move|p1a: Greninja|Hydro Pump|p2a: Blissey\n|-damage|p2a: Blissey|61\/100\n|move|p2a: Blissey|Defense Curl|p2a: Blissey\n|-boost|p2a: Blissey|def|1\n|\n|upkeep\n|turn|27\n|\n|t:|1698562084\n|move|p1a: Greninja|Night Slash|p2a: Blissey\n|-damage|p2a: Blissey|50\/100\n|move|p2a: Blissey|Defense Curl|p2a: Blissey\n|-boost|p2a: Blissey|def|1\n|\n|upkeep\n|turn|28\n|\n|t:|1698562091\n|switch|p1a: Kommo-o|Kommo-o, M|68\/100\n|move|p2a: Blissey|Soft-Boiled|p2a: Blissey\n|-heal|p2a: Blissey|99\/100\n|\n|upkeep\n|turn|29\n|\n|t:|1698562098\n|-terastallize|p2a: Blissey|Poison\n|move|p1a: Kommo-o|Brick Break|p2a: Blissey\n|-resisted|p2a: Blissey\n|-damage|p2a: Blissey|91\/100\n|-damage|p1a: Kommo-o|58\/100|[from] item: Life Orb\n|move|p2a: Blissey|Defense Curl|p2a: Blissey\n|-boost|p2a: Blissey|def|1\n|\n|upkeep\n|turn|30\n|\n|t:|1698562107\n|move|p1a: Kommo-o|Draco Meteor|p2a: Blissey\n|-damage|p2a: Blissey|71\/100\n|-unboost|p1a: Kommo-o|spa|2\n|-damage|p1a: Kommo-o|48\/100|[from] item: Life Orb\n|move|p2a: Blissey|Defense Curl|p2a: Blissey\n|-boost|p2a: Blissey|def|1\n|\n|upkeep\n|turn|31\n|\n|t:|1698562116\n|switch|p1a: Garchomp|Garchomp, F|51\/100\n|move|p2a: Blissey|Soft-Boiled|p2a: Blissey\n|-heal|p2a: Blissey|100\/100\n|\n|upkeep\n|turn|32\n|\n|t:|1698562124\n|move|p1a: Garchomp|Outrage|p2a: Blissey\n|-damage|p2a: Blissey|79\/100\n|-damage|p1a: Garchomp|41\/100|[from] item: Life Orb\n|move|p2a: Blissey|Defense Curl|p2a: Blissey\n|-boost|p2a: Blissey|def|1\n|\n|upkeep\n|turn|33\n|\n|t:|1698562141\n|move|p1a: Garchomp|Outrage|p2a: Blissey|[from]lockedmove\n|-damage|p2a: Blissey|61\/100\n|-damage|p1a: Garchomp|31\/100|[from] item: Life Orb\n|move|p2a: Blissey|Soft-Boiled|p2a: Blissey\n|-heal|p2a: Blissey|100\/100\n|\n|upkeep\n|turn|34\n|\n|t:|1698562149\n|move|p1a: Garchomp|Outrage|p2a: Blissey|[from]lockedmove\n|-damage|p2a: Blissey|82\/100\n|-damage|p1a: Garchomp|21\/100|[from] item: Life Orb\n|-start|p1a: Garchomp|confusion|[fatigue]\n|move|p2a: Blissey|Seismic Toss|p1a: Garchomp\n|-damage|p1a: Garchomp|0 fnt\n|faint|p1a: Garchomp\n|\n|upkeep\n|\n|t:|1698562153\n|switch|p1a: Kommo-o|Kommo-o, M|48\/100\n|turn|35\n|\n|t:|1698562161\n|move|p2a: Blissey|Seismic Toss|p1a: Kommo-o\n|-damage|p1a: Kommo-o|14\/100\n|move|p1a: Kommo-o|Counter|p2a: Blissey\n|-damage|p2a: Blissey|51\/100\n|-damage|p1a: Kommo-o|4\/100|[from] item: Life Orb\n|\n|upkeep\n|turn|36\n|\n|t:|1698562169\n|move|p1a: Kommo-o|Brick Break|p2a: Blissey\n|-resisted|p2a: Blissey\n|-damage|p2a: Blissey|46\/100\n|-damage|p1a: Kommo-o|0 fnt|[from] item: Life Orb\n|faint|p1a: Kommo-o\n|move|p2a: Blissey|Soft-Boiled|p2a: Blissey\n|-heal|p2a: Blissey|96\/100\n|\n|upkeep\n|\n|t:|1698562174\n|switch|p1a: Greninja|Greninja, F|78\/100 par\n|turn|37\n|\n|t:|1698562179\n|cant|p1a: Greninja|par\n|move|p2a: Blissey|Seismic Toss|p1a: Greninja\n|-damage|p1a: Greninja|43\/100 par\n|\n|upkeep\n|turn|38\n|\n|t:|1698562185\n|move|p1a: Greninja|Hydro Pump|p2a: Blissey\n|-crit|p2a: Blissey\n|-damage|p2a: Blissey|71\/100\n|move|p2a: Blissey|Seismic Toss|p1a: Greninja\n|-damage|p1a: Greninja|8\/100 par\n|\n|upkeep\n|turn|39\n|\n|t:|1698562193\n|cant|p1a: Greninja|par\n|move|p2a: Blissey|Soft-Boiled|p2a: Blissey\n|-heal|p2a: Blissey|100\/100\n|\n|upkeep\n|turn|40\n|\n|t:|1698562200\n|move|p1a: Greninja|Hydro Pump|p2a: Blissey\n|-damage|p2a: Blissey|74\/100\n|move|p2a: Blissey|Seismic Toss|p1a: Greninja\n|-damage|p1a: Greninja|0 fnt\n|faint|p1a: Greninja\n|\n|upkeep\n|\n|t:|1698562203\n|switch|p1a: Kingambit|Kingambit, F|100\/100\n|turn|41\n|\n|t:|1698562215\n|move|p2a: Blissey|Thunder Wave|p1a: Kingambit\n|-status|p1a: Kingambit|par\n|cant|p1a: Kingambit|par\n|\n|upkeep\n|turn|42\n|\n|t:|1698562222\n|move|p2a: Blissey|Seismic Toss|p1a: Kingambit\n|-damage|p1a: Kingambit|71\/100 par\n|move|p1a: Kingambit|Iron Head|p2a: Blissey\n|-damage|p2a: Blissey|59\/100\n|-damage|p1a: Kingambit|61\/100 par|[from] item: Life Orb\n|\n|upkeep\n|turn|43\n|\n|t:|1698562230\n|move|p1a: Kingambit|Sucker Punch||[still]\n|-fail|p1a: Kingambit\n|move|p2a: Blissey|Soft-Boiled|p2a: Blissey\n|-heal|p2a: Blissey|100\/100\n|\n|upkeep\n|turn|44\n|\n|t:|1698562236\n|move|p2a: Blissey|Seismic Toss|p1a: Kingambit\n|-damage|p1a: Kingambit|32\/100 par\n|move|p1a: Kingambit|Kowtow Cleave|p2a: Blissey\n|-damage|p2a: Blissey|84\/100\n|-damage|p1a: Kingambit|22\/100 par|[from] item: Life Orb\n|\n|upkeep\n|turn|45\n|\n|t:|1698562243\n|move|p2a: Blissey|Seismic Toss|p1a: Kingambit\n|-damage|p1a: Kingambit|0 fnt\n|faint|p1a: Kingambit\n|\n|win|Chiken321fun\n|raw|L0$tVision's rating: 1070 &rarr; <strong>1049<\/strong><br \/>(-21 for losing)\n|raw|Chiken321fun's rating: 1055 &rarr; <strong>1088<\/strong><br \/>(+33 for winning)\n|l|\u2606L0$tVision\n","uploadtime":1698562250,"views":19,"p1id":"l0tvision","p2id":"chiken321fun","formatid":"gen9anythinggoes","rating":1049,"private":0,"password":""}