{"id":"gen9anythinggoes-1983680640","p1":"Ethanzapro","p2":"Pikminfan126","format":"[Gen 9] Anything Goes","log":"|j|\u2606Ethanzapro\n|j|\u2606Pikminfan126\n|t:|1699159814\n|gametype|singles\n|player|p1|Ethanzapro|1|1000\n|player|p2|Pikminfan126|1|1000\n|teamsize|p1|6\n|teamsize|p2|4\n|gen|9\n|tier|[Gen 9] Anything Goes\n|rated|\n|rule|HP Percentage Mod: HP is shown in percentages\n|rule|Endless Battle Clause: Forcing endless battles is banned\n|clearpoke\n|poke|p1|Chesnaught, M|\n|poke|p1|Flapple, F|\n|poke|p1|Sinistcha-Masterpiece|\n|poke|p1|Koraidon|\n|poke|p1|Regidrago|\n|poke|p1|Cramorant, M|\n|poke|p2|Scyther, M|\n|poke|p2|Manaphy|\n|poke|p2|Drifblim, M|\n|poke|p2|Salamence, M|\n|teampreview\n|inactive|Battle timer is ON: inactive players will automatically lose when time's up. (requested by Pikminfan126)\n|\n|t:|1699159819\n|start\n|switch|p1a: Chesnaught|Chesnaught, M|100\/100\n|switch|p2a: Drifblim|Drifblim, M|100\/100\n|turn|1\n|\n|t:|1699159825\n|move|p2a: Drifblim|Substitute|p2a: Drifblim\n|-start|p2a: Drifblim|Substitute\n|-damage|p2a: Drifblim|76\/100\n|move|p1a: Chesnaught|Roar|p2a: Drifblim\n|drag|p2a: Scyther|Scyther, M, shiny|100\/100\n|\n|upkeep\n|turn|2\n|\n|t:|1699159837\n|move|p2a: Scyther|Swords Dance|p2a: Scyther\n|-boost|p2a: Scyther|atk|2\n|move|p1a: Chesnaught|Leaf Storm|p2a: Scyther\n|-resisted|p2a: Scyther\n|-damage|p2a: Scyther|90\/100\n|-unboost|p1a: Chesnaught|spa|2\n|\n|upkeep\n|turn|3\n|\n|t:|1699159844\n|move|p2a: Scyther|Swords Dance|p2a: Scyther\n|-boost|p2a: Scyther|atk|2\n|move|p1a: Chesnaught|Roar|p2a: Scyther\n|drag|p2a: Manaphy|Manaphy|100\/100\n|\n|upkeep\n|turn|4\n|\n|t:|1699159852\n|switch|p2a: Scyther|Scyther, M, shiny|90\/100\n|move|p1a: Chesnaught|Leaf Storm|p2a: Scyther\n|-resisted|p2a: Scyther\n|-damage|p2a: Scyther|84\/100\n|-unboost|p1a: Chesnaught|spa|2\n|\n|upkeep\n|turn|5\n|\n|t:|1699159859\n|move|p2a: Scyther|Dual Wingbeat|p1a: Chesnaught\n|-supereffective|p1a: Chesnaught\n|-damage|p1a: Chesnaught|9\/100\n|-supereffective|p1a: Chesnaught\n|-damage|p1a: Chesnaught|0 fnt\n|faint|p1a: Chesnaught\n|-hitcount|p1: Chesnaught|2\n|\n|upkeep\n|\n|t:|1699159869\n|switch|p1a: Sinistcha|Sinistcha-Masterpiece|100\/100\n|turn|6\n|\n|t:|1699159880\n|move|p2a: Scyther|Swords Dance|p2a: Scyther\n|-boost|p2a: Scyther|atk|2\n|-enditem|p1a: Sinistcha|Mirror Herb\n|-boost|p1a: Sinistcha|atk|2|[from] item: Mirror Herb\n|move|p1a: Sinistcha|Calm Mind|p1a: Sinistcha\n|-boost|p1a: Sinistcha|spa|1\n|-boost|p1a: Sinistcha|spd|1\n|\n|upkeep\n|turn|7\n|\n|t:|1699159891\n|move|p2a: Scyther|Swords Dance|p2a: Scyther\n|-boost|p2a: Scyther|atk|2\n|move|p1a: Sinistcha|Scald|p2a: Scyther\n|-damage|p2a: Scyther|44\/100\n|\n|upkeep\n|turn|8\n|\n|t:|1699159900\n|move|p2a: Scyther|Dual Wingbeat|p1a: Sinistcha\n|-supereffective|p1a: Sinistcha\n|-damage|p1a: Sinistcha|0 fnt\n|faint|p1a: Sinistcha\n|-hitcount|p1: Sinistcha|1\n|\n|upkeep\n|\n|t:|1699159906\n|switch|p1a: Koraidon|Koraidon|100\/100\n|-weather|SunnyDay|[from] ability: Orichalcum Pulse|[of] p1a: Koraidon\n|-activate|p1a: Koraidon|Orichalcum Pulse|[source]\n|turn|9\n|\n|t:|1699159914\n|-terastallize|p2a: Scyther|Fighting\n|move|p2a: Scyther|Close Combat|p1a: Koraidon\n|-damage|p1a: Koraidon|0 fnt\n|-unboost|p2a: Scyther|def|1\n|-unboost|p2a: Scyther|spd|1\n|-damage|p2a: Scyther|27\/100|[from] item: Rocky Helmet|[of] p1a: Koraidon\n|faint|p1a: Koraidon\n|\n|-weather|SunnyDay|[upkeep]\n|upkeep\n|\n|t:|1699159923\n|switch|p1a: Regidrago|Regidrago|100\/100\n|turn|10\n|\n|t:|1699159929\n|move|p2a: Scyther|Bug Bite|p1a: Regidrago\n|-damage|p1a: Regidrago|0 fnt\n|faint|p1a: Regidrago\n|\n|-weather|SunnyDay|[upkeep]\n|upkeep\n|\n|t:|1699159936\n|switch|p1a: Flapple|Flapple, F|100\/100\n|turn|11\n|\n|t:|1699159944\n|move|p2a: Scyther|Dual Wingbeat|p1a: Flapple\n|-supereffective|p1a: Flapple\n|-damage|p1a: Flapple|0 fnt\n|faint|p1a: Flapple\n|-hitcount|p1: Flapple|1\n|\n|-weather|SunnyDay|[upkeep]\n|upkeep\n|\n|t:|1699159950\n|switch|p1a: Cramorant|Cramorant, M|100\/100\n|turn|12\n|\n|t:|1699159955\n|move|p2a: Scyther|Close Combat|p1a: Cramorant\n|-resisted|p1a: Cramorant\n|-damage|p1a: Cramorant|0 fnt\n|-unboost|p2a: Scyther|def|1\n|-unboost|p2a: Scyther|spd|1\n|faint|p1a: Cramorant\n|\n|win|Pikminfan126\n|raw|Ethanzapro's rating: 1000 &rarr; <strong>1000<\/strong><br \/>(+0 for losing)\n|raw|Pikminfan126's rating: 1000 &rarr; <strong>1040<\/strong><br \/>(+40 for winning)\n","uploadtime":1699159963,"views":12,"p1id":"ethanzapro","p2id":"pikminfan126","formatid":"gen9anythinggoes","rating":1000,"private":0,"password":""}