{"id":"gen9anythinggoes-1974021087","p1":"zuccs","p2":"Hzozv","format":"[Gen 9] Anything Goes","log":"|j|\u2606zuccs\n|j|\u2606Hzozv\n|t:|1698043218\n|gametype|singles\n|player|p1|zuccs|medium|1570\n|player|p2|Hzozv|lusamine-nihilego|1554\n|teamsize|p1|6\n|teamsize|p2|6\n|gen|9\n|tier|[Gen 9] Anything Goes\n|rated|\n|rule|HP Percentage Mod: HP is shown in percentages\n|rule|Endless Battle Clause: Forcing endless battles is banned\n|clearpoke\n|poke|p1|Venomoth, M|\n|poke|p1|Eternatus|\n|poke|p1|Calyrex-Shadow|\n|poke|p1|Zacian-*|\n|poke|p1|Ditto|\n|poke|p1|Landorus-Therian, M|\n|poke|p2|Glimmora, F|\n|poke|p2|Miraidon|\n|poke|p2|Koraidon|\n|poke|p2|Iron Bundle|\n|poke|p2|Great Tusk|\n|poke|p2|Ditto|\n|teampreview\n|inactive|Battle timer is ON: inactive players will automatically lose when time's up. (requested by Hzozv)\n|\n|t:|1698043223\n|start\n|switch|p1a: Venomoth|Venomoth, M, shiny|100\/100\n|switch|p2a: Glimmora|Glimmora, F|100\/100\n|turn|1\n|\n|t:|1698043229\n|switch|p2a: Miraidon|Miraidon|100\/100\n|-fieldstart|move: Electric Terrain|[from] ability: Hadron Engine|[of] p2a: Miraidon\n|move|p1a: Venomoth|Sleep Powder|p2a: Miraidon|[miss]\n|-miss|p1a: Venomoth|p2a: Miraidon\n|\n|upkeep\n|turn|2\n|\n|t:|1698043236\n|switch|p2a: Glimmora|Glimmora, F|100\/100\n|switch|p1a: Landorus|Landorus-Therian, M|100\/100\n|-ability|p1a: Landorus|Intimidate|boost\n|-unboost|p2a: Glimmora|atk|1\n|\n|upkeep\n|turn|3\n|\n|t:|1698043242\n|move|p2a: Glimmora|Stealth Rock|p1a: Landorus\n|-sidestart|p1: zuccs|move: Stealth Rock\n|move|p1a: Landorus|Earthquake|p2a: Glimmora\n|-supereffective|p2a: Glimmora\n|-damage|p2a: Glimmora|0 fnt\n|-activate|p2a: Glimmora|ability: Toxic Debris\n|-sidestart|p1: zuccs|move: Toxic Spikes\n|faint|p2a: Glimmora\n|\n|upkeep\n|\n|t:|1698043250\n|switch|p2a: Iron Bundle|Iron Bundle|100\/100\n|-activate|p2a: Iron Bundle|ability: Quark Drive\n|-start|p2a: Iron Bundle|quarkdrivespe\n|turn|4\n|\n|t:|1698043257\n|switch|p1a: Zacian|Zacian-Crowned, shiny|100\/100\n|-damage|p1a: Zacian|94\/100|[from] Stealth Rock\n|-ability|p1a: Zacian|Intrepid Sword|boost\n|-boost|p1a: Zacian|atk|1\n|move|p2a: Iron Bundle|Ice Beam|p1a: Zacian\n|-resisted|p1a: Zacian\n|-damage|p1a: Zacian|68\/100\n|-damage|p2a: Iron Bundle|91\/100|[from] item: Life Orb\n|\n|upkeep\n|turn|5\n|\n|t:|1698043266\n|move|p2a: Iron Bundle|Hydro Pump|p1a: Zacian|[miss]\n|-miss|p2a: Iron Bundle|p1a: Zacian\n|move|p1a: Zacian|Behemoth Blade|p2a: Iron Bundle\n|-damage|p2a: Iron Bundle|0 fnt\n|faint|p2a: Iron Bundle\n|-end|p2a: Iron Bundle|Quark Drive|[silent]\n|\n|-fieldend|move: Electric Terrain\n|upkeep\n|\n|t:|1698043273\n|switch|p2a: Ditto|Ditto|100\/100\n|-transform|p2a: Ditto|p1a: Zacian|[from] ability: Imposter\n|-ability|p2a: Ditto|Intrepid Sword|boost\n|-boost|p2a: Ditto|atk|1\n|turn|6\n|\n|t:|1698043288\n|move|p2a: Ditto|Behemoth Blade|p1a: Zacian\n|-damage|p1a: Zacian|0 fnt\n|faint|p1a: Zacian\n|\n|upkeep\n|\n|t:|1698043290\n|switch|p1a: Venomoth|Venomoth, M, shiny|100\/100\n|-damage|p1a: Venomoth|76\/100|[from] Stealth Rock\n|-sideend|p1: zuccs|move: Toxic Spikes|[of] p1a: Venomoth\n|turn|7\n|\n|t:|1698043296\n|move|p2a: Ditto|Behemoth Blade|p1a: Venomoth\n|-crit|p1a: Venomoth\n|-damage|p1a: Venomoth|0 fnt\n|faint|p1a: Venomoth\n|\n|upkeep\n|\n|t:|1698043299\n|switch|p1a: Landorus|Landorus-Therian, M|100\/100\n|-damage|p1a: Landorus|88\/100|[from] Stealth Rock\n|-ability|p1a: Landorus|Intimidate|boost\n|-unboost|p2a: Ditto|atk|1\n|turn|8\n|\n|t:|1698043306\n|switch|p2a: Great Tusk|Great Tusk|100\/100\n|move|p1a: Landorus|Earthquake|p2a: Great Tusk\n|-damage|p2a: Great Tusk|29\/100\n|\n|upkeep\n|turn|9\n|\n|t:|1698043311\n|move|p2a: Great Tusk|Ice Spinner|p1a: Landorus\n|-supereffective|p1a: Landorus\n|-damage|p1a: Landorus|0 fnt\n|faint|p1a: Landorus\n|\n|upkeep\n|\n|t:|1698043319\n|switch|p1a: Eternatus|Eternatus|100\/100\n|-damage|p1a: Eternatus|88\/100|[from] Stealth Rock\n|-ability|p1a: Eternatus|Pressure\n|turn|10\n|\n|t:|1698043324\n|move|p1a: Eternatus|Dynamax Cannon|p2a: Great Tusk\n|-damage|p2a: Great Tusk|0 fnt\n|faint|p2a: Great Tusk\n|-end|p2a: Great Tusk|Protosynthesis|[silent]\n|\n|upkeep\n|\n|t:|1698043335\n|switch|p2a: Ditto|Ditto|100\/100\n|-transform|p2a: Ditto|p1a: Eternatus|[from] ability: Imposter\n|-ability|p2a: Ditto|Pressure\n|turn|11\n|\n|t:|1698043345\n|move|p2a: Ditto|Dynamax Cannon|p1a: Eternatus\n|-supereffective|p1a: Eternatus\n|-damage|p1a: Eternatus|0 fnt\n|faint|p1a: Eternatus\n|\n|upkeep\n|\n|t:|1698043350\n|switch|p1a: Calyrex|Calyrex-Shadow|100\/100\n|-ability|p1a: Calyrex|As One\n|-ability|p1a: Calyrex|Unnerve\n|-damage|p1a: Calyrex|88\/100|[from] Stealth Rock\n|turn|12\n|\n|t:|1698043375\n|-terastallize|p1a: Calyrex|Fairy\n|move|p2a: Ditto|Dynamax Cannon|p1a: Calyrex\n|-immune|p1a: Calyrex\n|move|p1a: Calyrex|Draining Kiss|p2a: Ditto\n|-damage|p2a: Ditto|39\/100\n|-heal|p1a: Calyrex|100\/100|[from] drain|[of] p2a: Ditto\n|-damage|p1a: Calyrex|91\/100|[from] item: Life Orb\n|\n|upkeep\n|turn|13\n|\n|t:|1698043386\n|move|p2a: Ditto|Dynamax Cannon|p1a: Calyrex\n|-immune|p1a: Calyrex\n|move|p1a: Calyrex|Draining Kiss|p2a: Ditto\n|-damage|p2a: Ditto|0 fnt\n|-heal|p1a: Calyrex|100\/100|[from] drain|[of] p2a: Ditto\n|faint|p2a: Ditto\n|-ability|p1a: Calyrex|Grim Neigh|boost\n|-boost|p1a: Calyrex|spa|1\n|-damage|p1a: Calyrex|91\/100|[from] item: Life Orb\n|\n|upkeep\n|inactive|Hzozv has 120 seconds left.\n|\n|t:|1698043404\n|switch|p2a: Koraidon|Koraidon|100\/100\n|-weather|SunnyDay|[from] ability: Orichalcum Pulse|[of] p2a: Koraidon\n|-activate|p2a: Koraidon|Orichalcum Pulse|[source]\n|turn|14\n|\n|t:|1698043410\n|move|p2a: Koraidon|Iron Head|p1a: Calyrex\n|-supereffective|p1a: Calyrex\n|-crit|p1a: Calyrex\n|-damage|p1a: Calyrex|0 fnt\n|faint|p1a: Calyrex\n|\n|-weather|SunnyDay|[upkeep]\n|upkeep\n|\n|t:|1698043412\n|switch|p1a: Ditto|Ditto, shiny|100\/100\n|-damage|p1a: Ditto|88\/100|[from] Stealth Rock\n|-transform|p1a: Ditto|p2a: Koraidon|[from] ability: Imposter\n|-activate|p1a: Ditto|ability: Orichalcum Pulse\n|turn|15\n|\n|t:|1698043421\n|move|p1a: Ditto|Flare Blitz|p2a: Koraidon\n|-resisted|p2a: Koraidon\n|-damage|p2a: Koraidon|57\/100\n|-damage|p1a: Ditto|72\/100|[from] Recoil\n|move|p2a: Koraidon|Iron Head|p1a: Ditto\n|-damage|p1a: Ditto|29\/100\n|\n|-weather|SunnyDay|[upkeep]\n|upkeep\n|turn|16\n|-message|zuccs forfeited.\n|\n|win|Hzozv\n|raw|zuccs's rating: 1570 &rarr; <strong>1549<\/strong><br \/>(-21 for losing)\n|raw|Hzozv's rating: 1554 &rarr; <strong>1575<\/strong><br \/>(+21 for winning)\n","uploadtime":1698043433,"views":16,"p1id":"zuccs","p2id":"hzozv","formatid":"gen9anythinggoes","rating":1549,"private":0,"password":""}