{"id":"gen9anythinggoes-1994388344","p1":"UnderRuin","p2":"trotman","format":"[Gen 9] Anything Goes","log":"|j|\u2606UnderRuin\n|j|\u2606trotman\n|t:|1700438221\n|gametype|singles\n|player|p1|UnderRuin|169|1275\n|player|p2|trotman|brycenman|1312\n|teamsize|p1|6\n|teamsize|p2|6\n|gen|9\n|tier|[Gen 9] Anything Goes\n|rated|\n|rule|HP Percentage Mod: HP is shown in percentages\n|rule|Endless Battle Clause: Forcing endless battles is banned\n|clearpoke\n|poke|p1|Garchomp, M|\n|poke|p1|Ninetales-Alola, F|\n|poke|p1|Iron Moth|\n|poke|p1|Kingambit, M|\n|poke|p1|Gholdengo|\n|poke|p1|Iron Valiant|\n|poke|p2|Ogerpon-Cornerstone, F|\n|poke|p2|Sinistcha-Masterpiece|\n|poke|p2|Fezandipiti, M|\n|poke|p2|Landorus-Therian, M|\n|poke|p2|Kyogre|\n|poke|p2|Regieleki|\n|teampreview\n|inactive|Battle timer is ON: inactive players will automatically lose when time's up. (requested by UnderRuin)\n|\n|t:|1700438225\n|start\n|switch|p1a: Kingambit|Kingambit, M, shiny|100\/100\n|switch|p2a: Landorus|Landorus-Therian, M|100\/100\n|-ability|p2a: Landorus|Intimidate|boost\n|-unboost|p1a: Kingambit|atk|1\n|turn|1\n|\n|t:|1700438232\n|move|p2a: Landorus|Stealth Rock|p1a: Kingambit\n|-sidestart|p1: UnderRuin|move: Stealth Rock\n|move|p1a: Kingambit|Swords Dance|p1a: Kingambit\n|-boost|p1a: Kingambit|atk|2\n|\n|upkeep\n|turn|2\n|\n|t:|1700438240\n|move|p2a: Landorus|Taunt|p1a: Kingambit\n|-start|p1a: Kingambit|move: Taunt\n|cant|p1a: Kingambit|move: Taunt|Substitute\n|\n|upkeep\n|turn|3\n|\n|t:|1700438248\n|move|p2a: Landorus|Earthquake|p1a: Kingambit\n|-supereffective|p1a: Kingambit\n|-damage|p1a: Kingambit|37\/100\n|move|p1a: Kingambit|Iron Head|p2a: Landorus\n|-crit|p2a: Landorus\n|-damage|p2a: Landorus|24\/100\n|\n|-heal|p2a: Landorus|30\/100|[from] item: Leftovers\n|-heal|p1a: Kingambit|43\/100|[from] item: Leftovers\n|upkeep\n|turn|4\n|\n|t:|1700438260\n|move|p1a: Kingambit|Sucker Punch|p2a: Landorus\n|-damage|p2a: Landorus|0 fnt\n|faint|p2a: Landorus\n|\n|-heal|p1a: Kingambit|49\/100|[from] item: Leftovers\n|-end|p1a: Kingambit|move: Taunt\n|upkeep\n|\n|t:|1700438276\n|switch|p2a: Ogerpon|Ogerpon-Cornerstone, F|100\/100\n|turn|5\n|\n|t:|1700438282\n|move|p2a: Ogerpon|Superpower|p1a: Kingambit\n|-supereffective|p1a: Kingambit\n|-damage|p1a: Kingambit|0 fnt\n|-unboost|p2a: Ogerpon|atk|1\n|-unboost|p2a: Ogerpon|def|1\n|faint|p1a: Kingambit\n|-end|p1a: Kingambit|fallenundefined|[silent]\n|\n|upkeep\n|\n|t:|1700438289\n|switch|p1a: Garchomp|Garchomp, M|100\/100\n|-damage|p1a: Garchomp|94\/100|[from] Stealth Rock\n|turn|6\n|\n|t:|1700438307\n|switch|p2a: Sinistcha|Sinistcha-Masterpiece, shiny|100\/100\n|move|p1a: Garchomp|Earthquake|p2a: Sinistcha\n|-resisted|p2a: Sinistcha\n|-damage|p2a: Sinistcha|74\/100\n|\n|upkeep\n|turn|7\n|\n|t:|1700438316\n|move|p1a: Garchomp|Swords Dance|p1a: Garchomp\n|-boost|p1a: Garchomp|atk|2\n|move|p2a: Sinistcha|Strength Sap|p1a: Garchomp\n|-unboost|p1a: Garchomp|atk|1\n|-heal|p2a: Sinistcha|100\/100\n|\n|upkeep\n|turn|8\n|\n|t:|1700438326\n|move|p1a: Garchomp|Scale Shot|p2a: Sinistcha|[miss]\n|-miss|p1a: Garchomp|p2a: Sinistcha\n|move|p2a: Sinistcha|Stun Spore|p1a: Garchomp\n|-status|p1a: Garchomp|par\n|\n|upkeep\n|turn|9\n|\n|t:|1700438331\n|move|p2a: Sinistcha|Hex|p1a: Garchomp\n|-damage|p1a: Garchomp|35\/100 par\n|move|p1a: Garchomp|Scale Shot|p2a: Sinistcha\n|-damage|p2a: Sinistcha|80\/100\n|-damage|p2a: Sinistcha|61\/100\n|-damage|p2a: Sinistcha|42\/100\n|-damage|p2a: Sinistcha|24\/100\n|-hitcount|p2a: Sinistcha|4\n|-unboost|p1a: Garchomp|def|1\n|-boost|p1a: Garchomp|spe|1\n|\n|upkeep\n|turn|10\n|\n|t:|1700438346\n|move|p1a: Garchomp|Iron Head|p2a: Sinistcha\n|-damage|p2a: Sinistcha|0 fnt\n|-damage|p1a: Garchomp|18\/100 par|[from] item: Rocky Helmet|[of] p2a: Sinistcha\n|faint|p2a: Sinistcha\n|\n|upkeep\n|\n|t:|1700438357\n|switch|p2a: Regieleki|Regieleki, shiny|100\/100\n|turn|11\n|\n|t:|1700438360\n|move|p2a: Regieleki|Tera Blast|p1a: Garchomp\n|-damage|p1a: Garchomp|0 fnt\n|faint|p1a: Garchomp\n|-damage|p2a: Regieleki|91\/100|[from] item: Life Orb\n|\n|upkeep\n|\n|t:|1700438373\n|switch|p1a: Ninetales|Ninetales-Alola, F, shiny|100\/100\n|-damage|p1a: Ninetales|76\/100|[from] Stealth Rock\n|-weather|Snow|[from] ability: Snow Warning|[of] p1a: Ninetales\n|turn|12\n|\n|t:|1700438383\n|move|p2a: Regieleki|Volt Switch|p1a: Ninetales\n|-damage|p1a: Ninetales|26\/100\n|-damage|p2a: Regieleki|81\/100|[from] item: Life Orb\n|\n|t:|1700438389\n|switch|p2a: Fezandipiti|Fezandipiti, M|100\/100|[from] Volt Switch\n|move|p1a: Ninetales|Moonblast|p2a: Fezandipiti\n|-resisted|p2a: Fezandipiti\n|-damage|p2a: Fezandipiti|90\/100\n|-unboost|p2a: Fezandipiti|spa|1\n|\n|-weather|Snow|[upkeep]\n|upkeep\n|turn|13\n|\n|t:|1700438397\n|move|p1a: Ninetales|Freeze-Dry|p2a: Fezandipiti\n|-damage|p2a: Fezandipiti|74\/100\n|move|p2a: Fezandipiti|Light Screen|p2a: Fezandipiti\n|-sidestart|p2: trotman|move: Light Screen\n|\n|-weather|Snow|[upkeep]\n|upkeep\n|turn|14\n|\n|t:|1700438402\n|move|p1a: Ninetales|Encore|p2a: Fezandipiti\n|-start|p2a: Fezandipiti|Encore\n|move|p2a: Fezandipiti|Light Screen||[still]\n|-fail|p2a: Fezandipiti\n|\n|-weather|Snow|[upkeep]\n|upkeep\n|turn|15\n|\n|t:|1700438420\n|switch|p2a: Regieleki|Regieleki, shiny|81\/100\n|move|p1a: Ninetales|Freeze-Dry|p2a: Regieleki\n|-damage|p2a: Regieleki|61\/100\n|\n|-weather|Snow|[upkeep]\n|upkeep\n|turn|16\n|\n|t:|1700438430\n|move|p2a: Regieleki|Thunderbolt|p1a: Ninetales\n|-damage|p1a: Ninetales|0 fnt\n|faint|p1a: Ninetales\n|-damage|p2a: Regieleki|51\/100|[from] item: Life Orb\n|\n|-weather|none\n|upkeep\n|\n|t:|1700438435\n|switch|p1a: Gholdengo|Gholdengo|100\/100\n|-damage|p1a: Gholdengo|94\/100|[from] Stealth Rock\n|turn|17\n|\n|t:|1700438442\n|move|p2a: Regieleki|Volt Switch|p1a: Gholdengo\n|-damage|p1a: Gholdengo|36\/100\n|-damage|p2a: Regieleki|41\/100|[from] item: Life Orb\n|\n|t:|1700438456\n|switch|p2a: Fezandipiti|Fezandipiti, M|74\/100|[from] Volt Switch\n|move|p1a: Gholdengo|Make It Rain|p2a: Fezandipiti\n|-supereffective|p2a: Fezandipiti\n|-damage|p2a: Fezandipiti|20\/100\n|-unboost|p1a: Gholdengo|spa|1\n|\n|upkeep\n|turn|18\n|\n|t:|1700438466\n|move|p1a: Gholdengo|Make It Rain|p2a: Fezandipiti\n|-supereffective|p2a: Fezandipiti\n|-damage|p2a: Fezandipiti|0 fnt\n|-unboost|p1a: Gholdengo|spa|1\n|faint|p2a: Fezandipiti\n|\n|upkeep\n|\n|t:|1700438480\n|switch|p2a: Ogerpon|Ogerpon-Cornerstone, F|100\/100\n|turn|19\n|\n|t:|1700438484\n|move|p1a: Gholdengo|Make It Rain|p2a: Ogerpon\n|-supereffective|p2a: Ogerpon\n|-damage|p2a: Ogerpon|61\/100\n|-unboost|p1a: Gholdengo|spa|1\n|move|p2a: Ogerpon|Knock Off|p1a: Gholdengo\n|-supereffective|p1a: Gholdengo\n|-damage|p1a: Gholdengo|0 fnt\n|-enditem|p1a: Gholdengo|Choice Scarf|[from] move: Knock Off|[of] p2a: Ogerpon\n|faint|p1a: Gholdengo\n|\n|upkeep\n|\n|t:|1700438492\n|switch|p1a: Iron Valiant|Iron Valiant, shiny|100\/100\n|-damage|p1a: Iron Valiant|94\/100|[from] Stealth Rock\n|-enditem|p1a: Iron Valiant|Booster Energy\n|-activate|p1a: Iron Valiant|ability: Quark Drive|[fromitem]\n|-start|p1a: Iron Valiant|quarkdrivespe\n|turn|20\n|\n|t:|1700438500\n|move|p1a: Iron Valiant|Aura Sphere|p2a: Ogerpon\n|-supereffective|p2a: Ogerpon\n|-damage|p2a: Ogerpon|14\/100\n|move|p2a: Ogerpon|Horn Leech|p1a: Iron Valiant\n|-damage|p1a: Iron Valiant|38\/100\n|-heal|p2a: Ogerpon|41\/100|[from] drain|[of] p1a: Iron Valiant\n|\n|-sideend|p2: trotman|move: Light Screen\n|upkeep\n|turn|21\n|\n|t:|1700438509\n|move|p1a: Iron Valiant|Aura Sphere|p2a: Ogerpon\n|-supereffective|p2a: Ogerpon\n|-crit|p2a: Ogerpon\n|-damage|p2a: Ogerpon|0 fnt\n|faint|p2a: Ogerpon\n|\n|upkeep\n|\n|t:|1700438518\n|switch|p2a: Regieleki|Regieleki, shiny|41\/100\n|turn|22\n|\n|t:|1700438522\n|move|p2a: Regieleki|Thunderbolt|p1a: Iron Valiant\n|-damage|p1a: Iron Valiant|0 fnt\n|faint|p1a: Iron Valiant\n|-end|p1a: Iron Valiant|Quark Drive|[silent]\n|-damage|p2a: Regieleki|31\/100|[from] item: Life Orb\n|\n|upkeep\n|\n|t:|1700438525\n|switch|p1a: Iron Moth|Iron Moth|100\/100\n|-damage|p1a: Iron Moth|76\/100|[from] Stealth Rock\n|turn|23\n|\n|t:|1700438538\n|move|p2a: Regieleki|Thunderbolt|p1a: Iron Moth\n|-damage|p1a: Iron Moth|4\/100\n|-damage|p2a: Regieleki|21\/100|[from] item: Life Orb\n|move|p1a: Iron Moth|Sludge Wave|p2a: Regieleki\n|-damage|p2a: Regieleki|0 fnt\n|faint|p2a: Regieleki\n|\n|upkeep\n|\n|t:|1700438546\n|switch|p2a: Kyogre|Kyogre, shiny|100\/100\n|-weather|RainDance|[from] ability: Drizzle|[of] p2a: Kyogre\n|turn|24\n|\n|t:|1700438553\n|move|p2a: Kyogre|Water Spout|p1a: Iron Moth\n|-supereffective|p1a: Iron Moth\n|-damage|p1a: Iron Moth|0 fnt\n|faint|p1a: Iron Moth\n|-end|p1a: Iron Moth|Quark Drive|[silent]\n|\n|win|trotman\n|raw|UnderRuin's rating: 1275 &rarr; <strong>1253<\/strong><br \/>(-22 for losing)\n|raw|trotman's rating: 1312 &rarr; <strong>1330<\/strong><br \/>(+18 for winning)\n|l|\u2606UnderRuin\n","uploadtime":1700438567,"views":1,"p1id":"underruin","p2id":"trotman","formatid":"gen9anythinggoes","rating":1253,"private":0,"password":""}