{"id":"gen9anythinggoes-1993926829","p1":"divyansh01","p2":"trotman","format":"[Gen 9] Anything Goes","log":"|j|\u2606divyansh01\n|j|\u2606trotman\n|t:|1700376771\n|gametype|singles\n|player|p1|divyansh01|palmer|1112\n|player|p2|trotman|brycenman|1129\n|teamsize|p1|6\n|teamsize|p2|6\n|gen|9\n|tier|[Gen 9] Anything Goes\n|rated|\n|rule|HP Percentage Mod: HP is shown in percentages\n|rule|Endless Battle Clause: Forcing endless battles is banned\n|clearpoke\n|poke|p1|Ceruledge, M|\n|poke|p1|Gholdengo|\n|poke|p1|Dragapult, M|\n|poke|p1|Annihilape, F|\n|poke|p1|Typhlosion-Hisui, F|\n|poke|p1|Arceus-Ghost|\n|poke|p2|Ogerpon, F|\n|poke|p2|Landorus-Therian, M|\n|poke|p2|Sneasler, M|\n|poke|p2|Greninja-*, M|\n|poke|p2|Gholdengo|\n|poke|p2|Skeledirge, F|\n|teampreview\n|inactive|Battle timer is ON: inactive players will automatically lose when time's up. (requested by divyansh01)\n|\n|t:|1700376777\n|start\n|switch|p1a: Typhlosion|Typhlosion-Hisui, F|100\/100\n|switch|p2a: Landorus|Landorus-Therian, M, shiny|100\/100\n|-item|p2a: Landorus|Leftovers|[from] ability: Frisk|[of] p1a: Typhlosion|[identify]\n|-ability|p2a: Landorus|Intimidate|boost\n|-unboost|p1a: Typhlosion|atk|1\n|turn|1\n|\n|t:|1700376787\n|move|p1a: Typhlosion|Eruption|p2a: Landorus\n|-damage|p2a: Landorus|21\/100\n|move|p2a: Landorus|Stealth Rock|p1a: Typhlosion\n|-sidestart|p1: divyansh01|move: Stealth Rock\n|\n|-heal|p2a: Landorus|27\/100|[from] item: Leftovers\n|upkeep\n|turn|2\n|\n|t:|1700376798\n|switch|p2a: Skeledirge|Skeledirge, F, shiny|100\/100\n|move|p1a: Typhlosion|Eruption|p2a: Skeledirge\n|-resisted|p2a: Skeledirge\n|-damage|p2a: Skeledirge|65\/100\n|\n|upkeep\n|turn|3\n|\n|t:|1700376810\n|switch|p1a: Annihilape|Annihilape, F|100\/100\n|-damage|p1a: Annihilape|94\/100|[from] Stealth Rock\n|move|p2a: Skeledirge|Yawn|p1a: Annihilape\n|-start|p1a: Annihilape|move: Yawn|[of] p2a: Skeledirge\n|\n|upkeep\n|turn|4\n|\n|t:|1700376821\n|move|p1a: Annihilape|Drain Punch|p2a: Skeledirge\n|-immune|p2a: Skeledirge\n|move|p2a: Skeledirge|Slack Off|p2a: Skeledirge\n|-heal|p2a: Skeledirge|100\/100\n|\n|-end|p1a: Annihilape|move: Yawn|[silent]\n|-status|p1a: Annihilape|slp\n|upkeep\n|turn|5\n|\n|t:|1700376842\n|switch|p1a: Arceus|Arceus-Ghost|100\/100\n|-damage|p1a: Arceus|88\/100|[from] Stealth Rock\n|move|p2a: Skeledirge|Torch Song|p1a: Arceus\n|-damage|p1a: Arceus|69\/100\n|-boost|p2a: Skeledirge|spa|1\n|\n|upkeep\n|turn|6\n|\n|t:|1700376854\n|move|p1a: Arceus|Judgment|p2a: Skeledirge\n|-supereffective|p2a: Skeledirge\n|-damage|p2a: Skeledirge|24\/100\n|move|p2a: Skeledirge|Yawn|p1a: Arceus\n|-start|p1a: Arceus|move: Yawn|[of] p2a: Skeledirge\n|\n|upkeep\n|turn|7\n|\n|t:|1700376866\n|switch|p1a: Dragapult|Dragapult, M|100\/100\n|-damage|p1a: Dragapult|88\/100|[from] Stealth Rock\n|move|p2a: Skeledirge|Slack Off|p2a: Skeledirge\n|-heal|p2a: Skeledirge|74\/100\n|\n|upkeep\n|turn|8\n|\n|t:|1700376884\n|move|p1a: Dragapult|Double-Edge|p2a: Skeledirge\n|-immune|p2a: Skeledirge\n|move|p2a: Skeledirge|Yawn|p1a: Dragapult\n|-start|p1a: Dragapult|move: Yawn|[of] p2a: Skeledirge\n|\n|upkeep\n|turn|9\n|\n|t:|1700376894\n|switch|p1a: Annihilape|Annihilape, F|94\/100 slp\n|-damage|p1a: Annihilape|88\/100 slp|[from] Stealth Rock\n|move|p2a: Skeledirge|Torch Song|p1a: Annihilape\n|-damage|p1a: Annihilape|50\/100 slp\n|-boost|p2a: Skeledirge|spa|1\n|\n|upkeep\n|turn|10\n|\n|t:|1700376904\n|cant|p1a: Annihilape|slp\n|move|p2a: Skeledirge|Torch Song|p1a: Annihilape\n|-damage|p1a: Annihilape|0 fnt\n|-boost|p2a: Skeledirge|spa|1\n|faint|p1a: Annihilape\n|\n|upkeep\n|inactive|divyansh01 has 120 seconds left.\n|\n|t:|1700376923\n|switch|p1a: Typhlosion|Typhlosion-Hisui, F|100\/100\n|-damage|p1a: Typhlosion|76\/100|[from] Stealth Rock\n|-item|p2a: Skeledirge|Heavy-Duty Boots|[from] ability: Frisk|[of] p1a: Typhlosion|[identify]\n|turn|11\n|\n|t:|1700376938\n|move|p1a: Typhlosion|Earthquake|p2a: Skeledirge\n|-supereffective|p2a: Skeledirge\n|-damage|p2a: Skeledirge|43\/100\n|move|p2a: Skeledirge|Yawn|p1a: Typhlosion\n|-start|p1a: Typhlosion|move: Yawn|[of] p2a: Skeledirge\n|\n|upkeep\n|turn|12\n|\n|t:|1700376952\n|switch|p1a: Dragapult|Dragapult, M|88\/100\n|-damage|p1a: Dragapult|76\/100|[from] Stealth Rock\n|move|p2a: Skeledirge|Slack Off|p2a: Skeledirge\n|-heal|p2a: Skeledirge|93\/100\n|\n|upkeep\n|turn|13\n|\n|t:|1700376964\n|switch|p1a: Arceus|Arceus-Ghost|69\/100\n|-damage|p1a: Arceus|57\/100|[from] Stealth Rock\n|move|p2a: Skeledirge|Torch Song|p1a: Arceus\n|-damage|p1a: Arceus|9\/100\n|-boost|p2a: Skeledirge|spa|1\n|\n|upkeep\n|turn|14\n|\n|t:|1700376973\n|move|p1a: Arceus|Judgment|p2a: Skeledirge\n|-supereffective|p2a: Skeledirge\n|-damage|p2a: Skeledirge|16\/100\n|move|p2a: Skeledirge|Torch Song|p1a: Arceus\n|-damage|p1a: Arceus|0 fnt\n|-boost|p2a: Skeledirge|spa|1\n|faint|p1a: Arceus\n|\n|upkeep\n|\n|t:|1700376985\n|switch|p1a: Dragapult|Dragapult, M|76\/100\n|-damage|p1a: Dragapult|64\/100|[from] Stealth Rock\n|turn|15\n|\n|t:|1700376989\n|move|p1a: Dragapult|Sucker Punch||[still]\n|-fail|p1a: Dragapult\n|move|p2a: Skeledirge|Yawn|p1a: Dragapult\n|-start|p1a: Dragapult|move: Yawn|[of] p2a: Skeledirge\n|\n|upkeep\n|turn|16\n|\n|t:|1700376997\n|move|p1a: Dragapult|Flamethrower|p2a: Skeledirge\n|-resisted|p2a: Skeledirge\n|-damage|p2a: Skeledirge|8\/100\n|move|p2a: Skeledirge|Slack Off|p2a: Skeledirge\n|-heal|p2a: Skeledirge|58\/100\n|\n|-end|p1a: Dragapult|move: Yawn|[silent]\n|-status|p1a: Dragapult|slp\n|upkeep\n|turn|17\n|-message|divyansh01 forfeited.\n|\n|win|trotman\n|raw|divyansh01's rating: 1112 &rarr; <strong>1088<\/strong><br \/>(-24 for losing)\n|raw|trotman's rating: 1129 &rarr; <strong>1153<\/strong><br \/>(+24 for winning)\n|l|\u2606divyansh01\n","uploadtime":1700377008,"views":7,"p1id":"divyansh01","p2id":"trotman","formatid":"gen9anythinggoes","rating":1088,"private":0,"password":""}