{"id":"gen9anythinggoes-1977913921","p1":"theblandino","p2":"Rinumaki","format":"[Gen 9] Anything Goes","log":"|j|\u2606theblandino\n|j|\u2606Rinumaki\n|t:|1698465644\n|gametype|singles\n|player|p1|theblandino|yellow|\n|player|p2|Rinumaki|n|\n|teamsize|p1|6\n|teamsize|p2|6\n|gen|9\n|tier|[Gen 9] Anything Goes\n|rule|HP Percentage Mod: HP is shown in percentages\n|rule|Endless Battle Clause: Forcing endless battles is banned\n|clearpoke\n|poke|p1|Gallade, M|\n|poke|p1|Slowking, F|\n|poke|p1|Monferno, F|\n|poke|p1|Iron Treads|\n|poke|p1|Tyranitar, F|\n|poke|p1|Ogerpon-Cornerstone, F|\n|poke|p2|Hawlucha, F|\n|poke|p2|Garchomp, F|\n|poke|p2|Lucario, M|\n|poke|p2|Milotic, M|\n|poke|p2|Copperajah, F|\n|poke|p2|Toedscruel, M|\n|teampreview\n|j| caligulahar\n|\n|t:|1698465651\n|start\n|switch|p1a: Simeon Ayp|Monferno, F, shiny|100\/100\n|switch|p2a: Vergil|Garchomp, F|100\/100\n|turn|1\n|\n|t:|1698465662\n|move|p1a: Simeon Ayp|Fake Out|p2a: Vergil\n|-damage|p2a: Vergil|95\/100\n|-damage|p1a: Simeon Ayp|88\/100|[from] ability: Rough Skin|[of] p2a: Vergil\n|-damage|p1a: Simeon Ayp|72\/100|[from] item: Rocky Helmet|[of] p2a: Vergil\n|cant|p2a: Vergil|flinch\n|\n|upkeep\n|turn|2\n|\n|t:|1698465671\n|switch|p1a: Ptumri|Slowking, F, shiny|100\/100\n|move|p2a: Vergil|Swords Dance|p2a: Vergil\n|-boost|p2a: Vergil|atk|2\n|\n|upkeep\n|turn|3\n|\n|t:|1698465684\n|switch|p2a: Thwomp|Copperajah, F|100\/100\n|move|p1a: Ptumri|Ice Beam|p2a: Thwomp\n|-resisted|p2a: Thwomp\n|-damage|p2a: Thwomp|89\/100\n|\n|-heal|p2a: Thwomp|96\/100|[from] item: Leftovers\n|upkeep\n|turn|4\n|\n|t:|1698465692\n|move|p1a: Ptumri|Yawn|p2a: Thwomp\n|-start|p2a: Thwomp|move: Yawn|[of] p1a: Ptumri\n|move|p2a: Thwomp|Heat Crash|p1a: Ptumri\n|-resisted|p1a: Ptumri\n|-damage|p1a: Ptumri|81\/100\n|\n|-heal|p2a: Thwomp|100\/100|[from] item: Leftovers\n|upkeep\n|turn|5\n|\n|t:|1698465714\n|switch|p1a: Simeon Ayp|Monferno, F, shiny|72\/100\n|move|p2a: Thwomp|Heat Crash|p1a: Simeon Ayp\n|-resisted|p1a: Simeon Ayp\n|-damage|p1a: Simeon Ayp|49\/100\n|\n|-end|p2a: Thwomp|move: Yawn|[silent]\n|-status|p2a: Thwomp|slp\n|upkeep\n|turn|6\n|\n|t:|1698465725\n|switch|p2a: It don't go down|Milotic, M|100\/100\n|move|p1a: Simeon Ayp|Stealth Rock|p2a: It don't go down\n|-sidestart|p2: Rinumaki|move: Stealth Rock\n|\n|upkeep\n|turn|7\n|\n|t:|1698465734\n|-terastallize|p1a: Simeon Ayp|Ghost\n|move|p2a: It don't go down|Scald|p1a: Simeon Ayp\n|-damage|p1a: Simeon Ayp|23\/100\n|move|p1a: Simeon Ayp|Slack Off|p1a: Simeon Ayp\n|-heal|p1a: Simeon Ayp|73\/100\n|\n|upkeep\n|turn|8\n|\n|t:|1698465748\n|switch|p2a: Luke From SF|Lucario, M|100\/100\n|-damage|p2a: Luke From SF|98\/100|[from] Stealth Rock\n|switch|p1a: Ptumri|Slowking, F, shiny|100\/100\n|\n|upkeep\n|turn|9\n|\n|t:|1698465761\n|move|p2a: Luke From SF|Aura Sphere|p1a: Ptumri\n|-resisted|p1a: Ptumri\n|-damage|p1a: Ptumri|86\/100\n|move|p1a: Ptumri|Yawn|p2a: Luke From SF\n|-start|p2a: Luke From SF|move: Yawn|[of] p1a: Ptumri\n|\n|upkeep\n|turn|10\n|\n|t:|1698465792\n|switch|p2a: Squid Ink|Toedscruel, M|100\/100\n|move|p1a: Ptumri|Ice Beam|p2a: Squid Ink\n|-supereffective|p2a: Squid Ink\n|-damage|p2a: Squid Ink|44\/100\n|\n|upkeep\n|turn|11\n|\n|t:|1698465807\n|move|p1a: Ptumri|Ice Beam|p2a: Squid Ink\n|-supereffective|p2a: Squid Ink\n|-damage|p2a: Squid Ink|0 fnt\n|faint|p2a: Squid Ink\n|\n|upkeep\n|\n|t:|1698465860\n|switch|p2a: Luke From SF|Lucario, M|98\/100\n|-damage|p2a: Luke From SF|95\/100|[from] Stealth Rock\n|turn|12\n|\n|t:|1698465872\n|move|p2a: Luke From SF|Dark Pulse|p1a: Ptumri\n|-supereffective|p1a: Ptumri\n|-damage|p1a: Ptumri|51\/100\n|move|p1a: Ptumri|Yawn|p2a: Luke From SF\n|-start|p2a: Luke From SF|move: Yawn|[of] p1a: Ptumri\n|\n|upkeep\n|turn|13\n|\n|t:|1698465880\n|switch|p1a: Edgar Partinus|Gallade, M, shiny|100\/100\n|move|p2a: Luke From SF|Dark Pulse|p1a: Edgar Partinus\n|-damage|p1a: Edgar Partinus|76\/100\n|\n|-end|p2a: Luke From SF|move: Yawn|[silent]\n|-status|p2a: Luke From SF|slp\n|upkeep\n|turn|14\n|\n|t:|1698465914\n|switch|p2a: Rey Mysterio|Hawlucha, F|100\/100\n|-damage|p2a: Rey Mysterio|88\/100|[from] Stealth Rock\n|move|p1a: Edgar Partinus|Sacred Sword|p2a: Rey Mysterio\n|-resisted|p2a: Rey Mysterio\n|-damage|p2a: Rey Mysterio|6\/100\n|\n|upkeep\n|turn|15\n|\n|t:|1698465930\n|switch|p1a: Ptumri|Slowking, F, shiny|84\/100\n|move|p2a: Rey Mysterio|Close Combat|p1a: Ptumri\n|-resisted|p1a: Ptumri\n|-damage|p1a: Ptumri|64\/100\n|-unboost|p2a: Rey Mysterio|def|1\n|-unboost|p2a: Rey Mysterio|spd|1\n|\n|upkeep\n|turn|16\n|\n|t:|1698465939\n|move|p2a: Rey Mysterio|Roost|p2a: Rey Mysterio\n|-heal|p2a: Rey Mysterio|56\/100\n|-singleturn|p2a: Rey Mysterio|move: Roost\n|move|p1a: Ptumri|Ice Beam|p2a: Rey Mysterio\n|-damage|p2a: Rey Mysterio|8\/100\n|\n|upkeep\n|turn|17\n|\n|t:|1698465953\n|switch|p2a: Thwomp|Copperajah, F|100\/100 slp\n|-damage|p2a: Thwomp|94\/100 slp|[from] Stealth Rock\n|move|p1a: Ptumri|Yawn||[still]\n|-fail|p1a: Ptumri\n|\n|-heal|p2a: Thwomp|100\/100 slp|[from] item: Leftovers\n|upkeep\n|turn|18\n|\n|t:|1698465988\n|switch|p1a: Edgar Partinus|Gallade, M, shiny|76\/100\n|cant|p2a: Thwomp|slp\n|\n|upkeep\n|turn|19\n|\n|t:|1698465995\n|move|p1a: Edgar Partinus|Sacred Sword|p2a: Thwomp\n|-supereffective|p2a: Thwomp\n|-damage|p2a: Thwomp|0 fnt\n|faint|p2a: Thwomp\n|\n|upkeep\n|\n|t:|1698466015\n|switch|p2a: It don't go down|Milotic, M|100\/100\n|-damage|p2a: It don't go down|88\/100|[from] Stealth Rock\n|turn|20\n|\n|t:|1698466026\n|switch|p1a: Ptumri|Slowking, F, shiny|97\/100\n|move|p2a: It don't go down|Rest|p2a: It don't go down\n|-status|p2a: It don't go down|slp|[from] move: Rest\n|-heal|p2a: It don't go down|100\/100 slp|[silent]\n|\n|upkeep\n|turn|21\n|\n|t:|1698466041\n|cant|p2a: It don't go down|slp\n|move|p2a: It don't go down|Sleep Talk|p2a: It don't go down\n|move|p2a: It don't go down|Scald|p1a: Ptumri|[from]move: Sleep Talk\n|-resisted|p1a: Ptumri\n|-damage|p1a: Ptumri|87\/100\n|move|p1a: Ptumri|Yawn||[still]\n|-fail|p1a: Ptumri\n|\n|upkeep\n|turn|22\n|\n|t:|1698466049\n|cant|p2a: It don't go down|slp\n|move|p2a: It don't go down|Sleep Talk|p2a: It don't go down\n|move|p2a: It don't go down|Scald|p1a: Ptumri|[from]move: Sleep Talk\n|-resisted|p1a: Ptumri\n|-damage|p1a: Ptumri|77\/100\n|move|p1a: Ptumri|Thunder Wave||[still]\n|-fail|p1a: Ptumri\n|\n|upkeep\n|turn|23\n|\n|t:|1698466057\n|-curestatus|p2a: It don't go down|slp|[msg]\n|move|p2a: It don't go down|Sleep Talk||[still]\n|-fail|p2a: It don't go down\n|move|p1a: Ptumri|Thunder Wave|p2a: It don't go down\n|-status|p2a: It don't go down|par\n|\n|upkeep\n|turn|24\n|\n|t:|1698466068\n|move|p2a: It don't go down|Rest|p2a: It don't go down\n|-fail|p2a: It don't go down|heal\n|move|p1a: Ptumri|Ice Beam|p2a: It don't go down\n|-resisted|p2a: It don't go down\n|-damage|p2a: It don't go down|93\/100 par\n|\n|-heal|p2a: It don't go down|99\/100 par|[from] item: Leftovers\n|upkeep\n|turn|25\n|\n|t:|1698466093\n|switch|p1a: Bay Laurel|Ogerpon-Cornerstone, F|100\/100\n|cant|p2a: It don't go down|par\n|\n|-heal|p2a: It don't go down|100\/100 par|[from] item: Leftovers\n|upkeep\n|turn|26\n|\n|t:|1698466109\n|switch|p2a: Luke From SF|Lucario, M|95\/100 slp\n|-damage|p2a: Luke From SF|92\/100 slp|[from] Stealth Rock\n|move|p1a: Bay Laurel|Knock Off|p2a: Luke From SF\n|-resisted|p2a: Luke From SF\n|-damage|p2a: Luke From SF|61\/100 slp\n|-enditem|p2a: Luke From SF|Choice Scarf|[from] move: Knock Off|[of] p1a: Bay Laurel\n|\n|upkeep\n|turn|27\n|\n|t:|1698466124\n|move|p1a: Bay Laurel|Ivy Cudgel|p2a: Luke From SF\n|-resisted|p2a: Luke From SF\n|-damage|p2a: Luke From SF|36\/100 slp\n|cant|p2a: Luke From SF|slp\n|\n|upkeep\n|turn|28\n|\n|t:|1698466132\n|-curestatus|p2a: Luke From SF|slp|[msg]\n|move|p2a: Luke From SF|Vacuum Wave|p1a: Bay Laurel\n|-supereffective|p1a: Bay Laurel\n|-damage|p1a: Bay Laurel|55\/100\n|move|p1a: Bay Laurel|Ivy Cudgel|p2a: Luke From SF\n|-resisted|p2a: Luke From SF\n|-damage|p2a: Luke From SF|9\/100\n|\n|upkeep\n|turn|29\n|\n|t:|1698466147\n|switch|p1a: Simeon Ayp|Monferno, F, shiny, tera:Ghost|73\/100\n|move|p2a: Luke From SF|Aura Sphere|p1a: Simeon Ayp\n|-immune|p1a: Simeon Ayp\n|\n|upkeep\n|turn|30\n|\n|t:|1698466156\n|move|p1a: Simeon Ayp|Mach Punch|p2a: Luke From SF\n|-supereffective|p2a: Luke From SF\n|-damage|p2a: Luke From SF|0 fnt\n|faint|p2a: Luke From SF\n|\n|upkeep\n|\n|t:|1698466168\n|switch|p2a: Vergil|Garchomp, F|95\/100\n|-damage|p2a: Vergil|88\/100|[from] Stealth Rock\n|turn|31\n|\n|t:|1698466220\n|move|p1a: Simeon Ayp|Fake Out||[still]\n|-hint|Fake Out only works on your first turn out.\n|-fail|p1a: Simeon Ayp\n|move|p2a: Vergil|Earthquake|p1a: Simeon Ayp\n|-damage|p1a: Simeon Ayp|20\/100\n|\n|upkeep\n|turn|32\n|\n|t:|1698466236\n|switch|p1a: Ptumri|Slowking, F, shiny|100\/100\n|move|p2a: Vergil|Earthquake|p1a: Ptumri\n|-damage|p1a: Ptumri|56\/100\n|\n|upkeep\n|turn|33\n|\n|t:|1698466262\n|switch|p2a: It don't go down|Milotic, M|100\/100 par\n|-damage|p2a: It don't go down|88\/100 par|[from] Stealth Rock\n|move|p1a: Ptumri|Yawn||[still]\n|-fail|p1a: Ptumri\n|\n|-heal|p2a: It don't go down|94\/100 par|[from] item: Leftovers\n|upkeep\n|turn|34\n|\n|t:|1698466278\n|switch|p1a: Thor Stoutberg|Tyranitar, F|100\/100\n|-weather|Sandstorm|[from] ability: Sand Stream|[of] p1a: Thor Stoutberg\n|cant|p2a: It don't go down|par\n|\n|-weather|Sandstorm|[upkeep]\n|-damage|p2a: It don't go down|88\/100 par|[from] Sandstorm\n|-heal|p2a: It don't go down|94\/100 par|[from] item: Leftovers\n|upkeep\n|turn|35\n|\n|t:|1698466292\n|move|p2a: It don't go down|Scald|p1a: Thor Stoutberg\n|-supereffective|p1a: Thor Stoutberg\n|-damage|p1a: Thor Stoutberg|71\/100\n|-status|p1a: Thor Stoutberg|brn\n|move|p1a: Thor Stoutberg|Roar|p2a: It don't go down\n|drag|p2a: Vergil|Garchomp, F|88\/100\n|-damage|p2a: Vergil|82\/100|[from] Stealth Rock\n|\n|-weather|Sandstorm|[upkeep]\n|-heal|p1a: Thor Stoutberg|77\/100 brn|[from] item: Leftovers\n|-damage|p1a: Thor Stoutberg|71\/100 brn|[from] brn\n|upkeep\n|turn|36\n|\n|t:|1698466313\n|switch|p2a: Rey Mysterio|Hawlucha, F|8\/100\n|-damage|p2a: Rey Mysterio|0 fnt|[from] Stealth Rock\n|faint|p2a: Rey Mysterio\n|move|p1a: Thor Stoutberg|Ice Beam|p2: Rey Mysterio|[notarget]\n|-fail|p1a: Thor Stoutberg\n|\n|-weather|Sandstorm|[upkeep]\n|-heal|p1a: Thor Stoutberg|77\/100 brn|[from] item: Leftovers\n|-damage|p1a: Thor Stoutberg|71\/100 brn|[from] brn\n|upkeep\n|\n|t:|1698466323\n|switch|p2a: It don't go down|Milotic, M|94\/100 par\n|-damage|p2a: It don't go down|82\/100 par|[from] Stealth Rock\n|turn|37\n|\n|t:|1698466327\n|move|p2a: It don't go down|Scald|p1a: Thor Stoutberg\n|-supereffective|p1a: Thor Stoutberg\n|-damage|p1a: Thor Stoutberg|38\/100 brn\n|move|p1a: Thor Stoutberg|Roar|p2a: It don't go down\n|drag|p2a: Vergil|Garchomp, F|82\/100\n|-damage|p2a: Vergil|76\/100|[from] Stealth Rock\n|\n|-weather|Sandstorm|[upkeep]\n|-heal|p1a: Thor Stoutberg|44\/100 brn|[from] item: Leftovers\n|-damage|p1a: Thor Stoutberg|38\/100 brn|[from] brn\n|upkeep\n|turn|38\n|\n|t:|1698466343\n|switch|p2a: It don't go down|Milotic, M|82\/100 par\n|-damage|p2a: It don't go down|69\/100 par|[from] Stealth Rock\n|move|p1a: Thor Stoutberg|Ice Beam|p2a: It don't go down\n|-resisted|p2a: It don't go down\n|-damage|p2a: It don't go down|59\/100 par\n|\n|-weather|none\n|-heal|p1a: Thor Stoutberg|44\/100 brn|[from] item: Leftovers\n|-heal|p2a: It don't go down|65\/100 par|[from] item: Leftovers\n|-damage|p1a: Thor Stoutberg|38\/100 brn|[from] brn\n|upkeep\n|turn|39\n|\n|t:|1698466355\n|switch|p1a: Simeon Ayp|Monferno, F, shiny, tera:Ghost|20\/100\n|move|p2a: It don't go down|Scald|p1a: Simeon Ayp\n|-damage|p1a: Simeon Ayp|0 fnt\n|faint|p1a: Simeon Ayp\n|\n|-heal|p2a: It don't go down|71\/100 par|[from] item: Leftovers\n|upkeep\n|\n|t:|1698466363\n|switch|p1a: Bay Laurel|Ogerpon-Cornerstone, F|55\/100\n|turn|40\n|\n|t:|1698466370\n|move|p1a: Bay Laurel|Knock Off|p2a: It don't go down\n|-damage|p2a: It don't go down|49\/100 par\n|-enditem|p2a: It don't go down|Leftovers|[from] move: Knock Off|[of] p1a: Bay Laurel\n|move|p2a: It don't go down|Scald|p1a: Bay Laurel\n|-damage|p1a: Bay Laurel|22\/100\n|\n|upkeep\n|turn|41\n|\n|t:|1698466382\n|move|p1a: Bay Laurel|Ivy Cudgel|p2a: It don't go down\n|-damage|p2a: It don't go down|12\/100 par\n|cant|p2a: It don't go down|par\n|\n|upkeep\n|turn|42\n|\n|t:|1698466387\n|move|p1a: Bay Laurel|Play Rough|p2a: It don't go down\n|-damage|p2a: It don't go down|0 fnt\n|faint|p2a: It don't go down\n|\n|upkeep\n|\n|t:|1698466393\n|switch|p2a: Vergil|Garchomp, F|76\/100\n|-damage|p2a: Vergil|70\/100|[from] Stealth Rock\n|turn|43\n|\n|t:|1698466404\n|move|p1a: Bay Laurel|Play Rough|p2a: Vergil\n|-supereffective|p2a: Vergil\n|-damage|p2a: Vergil|9\/100\n|-damage|p1a: Bay Laurel|10\/100|[from] ability: Rough Skin|[of] p2a: Vergil\n|-damage|p1a: Bay Laurel|0 fnt|[from] item: Rocky Helmet|[of] p2a: Vergil\n|faint|p1a: Bay Laurel\n|move|p2a: Vergil|Earthquake|p1: Bay Laurel|[notarget]\n|-fail|p2a: Vergil\n|\n|upkeep\n|\n|t:|1698466418\n|switch|p1a: Ptumri|Slowking, F, shiny|89\/100\n|turn|44\n|\n|t:|1698466423\n|move|p2a: Vergil|Earthquake|p1a: Ptumri\n|-damage|p1a: Ptumri|47\/100\n|move|p1a: Ptumri|Ice Beam|p2a: Vergil\n|-supereffective|p2a: Vergil\n|-damage|p2a: Vergil|0 fnt\n|faint|p2a: Vergil\n|\n|win|theblandino\n","uploadtime":1698466432,"views":12,"p1id":"theblandino","p2id":"rinumaki","formatid":"gen9anythinggoes","rating":0,"private":0,"password":""}