{"id":"gen9anythinggoes-1998467953","p1":"SonicSpeedKaleb","p2":"Blocky_Mudkip","format":"[Gen 9] Anything Goes","log":"|j|\u2606SonicSpeedKaleb\n|j|\u2606Blocky_Mudkip\n|t:|1700945664\n|gametype|singles\n|player|p1|SonicSpeedKaleb|169|1298\n|player|p2|Blocky_Mudkip|ninjaboy|1334\n|teamsize|p1|6\n|teamsize|p2|6\n|gen|9\n|tier|[Gen 9] Anything Goes\n|rated|\n|rule|HP Percentage Mod: HP is shown in percentages\n|rule|Endless Battle Clause: Forcing endless battles is banned\n|clearpoke\n|poke|p1|Skeledirge, M|\n|poke|p1|Pawmot, M|\n|poke|p1|Weavile, M|\n|poke|p1|Gliscor, F|\n|poke|p1|Lycanroc, M|\n|poke|p1|Koraidon|\n|poke|p2|Ditto|\n|poke|p2|Ditto|\n|poke|p2|Ditto|\n|poke|p2|Ditto|\n|poke|p2|Ditto|\n|poke|p2|Ditto|\n|teampreview\n|\n|t:|1700945685\n|start\n|switch|p1a: Skeledirge|Skeledirge, M|100\/100\n|switch|p2a: Ditto|Ditto|100\/100\n|-transform|p2a: Ditto|p1a: Skeledirge|[from] ability: Imposter\n|turn|1\n|inactive|Battle timer is ON: inactive players will automatically lose when time's up. (requested by SonicSpeedKaleb)\n|c|\u2606SonicSpeedKaleb|Oh, great. Ditto spammer.\n|\n|t:|1700945702\n|-terastallize|p1a: Skeledirge|Fire\n|move|p1a: Skeledirge|Torch Song|p2a: Ditto\n|-resisted|p2a: Ditto\n|-damage|p2a: Ditto|63\/100\n|-boost|p1a: Skeledirge|spa|1\n|move|p2a: Ditto|Shadow Ball|p1a: Skeledirge\n|-damage|p1a: Skeledirge|47\/100\n|\n|upkeep\n|turn|2\n|c|\u2606SonicSpeedKaleb|Have fun spamming cheat moves you ditto spammer.\n|\n|t:|1700945713\n|move|p2a: Ditto|Shadow Ball|p1a: Skeledirge\n|-damage|p1a: Skeledirge|0 fnt\n|faint|p1a: Skeledirge\n|\n|upkeep\n|\n|t:|1700945726\n|switch|p1a: Gliscor|Gliscor, F|100\/100\n|turn|3\n|\n|t:|1700945732\n|move|p1a: Gliscor|Earthquake|p2a: Ditto\n|-supereffective|p2a: Ditto\n|-damage|p2a: Ditto|0 fnt\n|faint|p2a: Ditto\n|\n|upkeep\n|\n|t:|1700945735\n|switch|p2a: Ditto|Ditto|100\/100\n|-transform|p2a: Ditto|p1a: Gliscor|[from] ability: Imposter\n|turn|4\n|\n|t:|1700945748\n|switch|p1a: Lycanroc|Lycanroc, M|100\/100\n|move|p2a: Ditto|Swords Dance|p2a: Ditto\n|-boost|p2a: Ditto|atk|2\n|\n|upkeep\n|turn|5\n|\n|t:|1700945754\n|move|p1a: Lycanroc|Stealth Rock|p2a: Ditto\n|-sidestart|p2: Blocky_Mudkip|move: Stealth Rock\n|move|p2a: Ditto|Earthquake|p1a: Lycanroc\n|-supereffective|p1a: Lycanroc\n|-enditem|p1a: Lycanroc|Focus Sash\n|-damage|p1a: Lycanroc|1\/100\n|\n|upkeep\n|turn|6\n|c|\u2606Blocky_Mudkip|Ditto be crazy\n|\n|t:|1700945770\n|move|p1a: Lycanroc|Accelerock|p2a: Ditto\n|-damage|p2a: Ditto|82\/100\n|move|p2a: Ditto|Earthquake|p1a: Lycanroc\n|-supereffective|p1a: Lycanroc\n|-damage|p1a: Lycanroc|0 fnt\n|faint|p1a: Lycanroc\n|\n|upkeep\n|c|\u2606SonicSpeedKaleb|He be cheap as balls.\n|\n|t:|1700945784\n|switch|p1a: Koraidon|Koraidon|100\/100\n|-weather|SunnyDay|[from] ability: Orichalcum Pulse|[of] p1a: Koraidon\n|-activate|p1a: Koraidon|Orichalcum Pulse|[source]\n|turn|7\n|c|\u2606Blocky_Mudkip|We are playing anything goes\n|\n|t:|1700945794\n|move|p1a: Koraidon|Dragon Claw|p2a: Ditto\n|-damage|p2a: Ditto|28\/100\n|move|p2a: Ditto|Earthquake|p1a: Koraidon\n|-damage|p1a: Koraidon|25\/100\n|\n|-weather|SunnyDay|[upkeep]\n|upkeep\n|turn|8\n|c|\u2606SonicSpeedKaleb|And Ditto is cheap.\n|\n|t:|1700945799\n|move|p1a: Koraidon|Dragon Claw|p2a: Ditto\n|-damage|p2a: Ditto|0 fnt\n|faint|p2a: Ditto\n|\n|-weather|SunnyDay|[upkeep]\n|upkeep\n|\n|t:|1700945801\n|switch|p2a: Ditto|Ditto|100\/100\n|-damage|p2a: Ditto|88\/100|[from] Stealth Rock\n|-transform|p2a: Ditto|p1a: Koraidon|[from] ability: Imposter\n|-activate|p2a: Ditto|ability: Orichalcum Pulse\n|turn|9\n|\n|t:|1700945809\n|-terastallize|p2a: Ditto|Normal\n|move|p2a: Ditto|Dragon Claw|p1a: Koraidon\n|-supereffective|p1a: Koraidon\n|-damage|p1a: Koraidon|0 fnt\n|faint|p1a: Koraidon\n|\n|-weather|SunnyDay|[upkeep]\n|upkeep\n|\n|t:|1700945814\n|switch|p1a: Pawmot|Pawmot, M|100\/100\n|turn|10\n|c|\u2606Blocky_Mudkip|Fun to use tho\n|\n|t:|1700945829\n|move|p2a: Ditto|Tera Blast|p1a: Pawmot|[anim] Tera Blast Normal\n|-enditem|p1a: Pawmot|Focus Sash\n|-damage|p1a: Pawmot|1\/100\n|move|p1a: Pawmot|Revival Blessing|p1a: Pawmot\n|c|\u2606SonicSpeedKaleb|It really isn't.\n|-message|SonicSpeedKaleb forfeited.\n|\n|win|Blocky_Mudkip\n|raw|SonicSpeedKaleb's rating: 1298 &rarr; <strong>1276<\/strong><br \/>(-22 for losing)\n|raw|Blocky_Mudkip's rating: 1334 &rarr; <strong>1352<\/strong><br \/>(+18 for winning)\n|l|\u2606SonicSpeedKaleb\n","uploadtime":1700945847,"views":0,"p1id":"sonicspeedkaleb","p2id":"blockymudkip","formatid":"gen9anythinggoes","rating":1276,"private":0,"password":""}