{"id":"gen9anythinggoes-1978150431","p1":"NDAG was banned","p2":"Kamitami","format":"[Gen 9] Anything Goes","log":"|j|\u2606NDAG was banned\n|j|\u2606Kamitami\n|t:|1698505497\n|gametype|singles\n|player|p1|NDAG was banned|lillie-masters|1784\n|player|p2|Kamitami|steven|1614\n|teamsize|p1|6\n|teamsize|p2|6\n|gen|9\n|tier|[Gen 9] Anything Goes\n|rated|\n|rule|HP Percentage Mod: HP is shown in percentages\n|rule|Endless Battle Clause: Forcing endless battles is banned\n|clearpoke\n|poke|p1|Calyrex-Shadow|\n|poke|p1|Arceus-Ground|\n|poke|p1|Zoroark-Hisui, M|\n|poke|p1|Arceus|\n|poke|p1|Zacian-*|\n|poke|p1|Koraidon|\n|poke|p2|Amoonguss, M|\n|poke|p2|Grimmsnarl, M|\n|poke|p2|Ditto|\n|poke|p2|Glalie, M|\n|poke|p2|Scovillain, M|\n|poke|p2|Miraidon|\n|teampreview\n|inactive|Battle timer is ON: inactive players will automatically lose when time's up. (requested by Kamitami)\n|\n|t:|1698505511\n|start\n|switch|p1a: Arceus|Arceus-Ground|100\/100\n|switch|p2a: Grimmsnarl|Grimmsnarl, M|100\/100\n|turn|1\n|inactive|Kamitami has 120 seconds left.\n|\n|t:|1698505556\n|move|p2a: Grimmsnarl|Reflect|p2a: Grimmsnarl\n|-sidestart|p2: Kamitami|Reflect\n|move|p1a: Arceus|Judgment|p2a: Grimmsnarl\n|-damage|p2a: Grimmsnarl|45\/100\n|\n|upkeep\n|turn|2\n|\n|t:|1698505561\n|move|p2a: Grimmsnarl|Light Screen|p2a: Grimmsnarl\n|-sidestart|p2: Kamitami|move: Light Screen\n|move|p1a: Arceus|Stealth Rock|p2a: Grimmsnarl\n|-sidestart|p2: Kamitami|move: Stealth Rock\n|\n|upkeep\n|turn|3\n|\n|t:|1698505566\n|move|p2a: Grimmsnarl|Parting Shot|p1a: Arceus\n|-unboost|p1a: Arceus|atk|1\n|-unboost|p1a: Arceus|spa|1\n|\n|t:|1698505569\n|switch|p2a: Scovillain|Scovillain, M|100\/100|[from] Parting Shot\n|-damage|p2a: Scovillain|75\/100|[from] Stealth Rock\n|move|p1a: Arceus|Judgment|p2a: Scovillain\n|-damage|p2a: Scovillain|43\/100\n|\n|-heal|p2a: Scovillain|49\/100|[from] item: Leftovers\n|-ability|p2a: Scovillain|Moody|boost\n|-boost|p2a: Scovillain|atk|2\n|-unboost|p2a: Scovillain|spa|1\n|upkeep\n|turn|4\n|\n|t:|1698505582\n|move|p2a: Scovillain|Protect|p2a: Scovillain\n|-singleturn|p2a: Scovillain|Protect\n|move|p1a: Arceus|Taunt|p2a: Scovillain\n|-activate|p2a: Scovillain|move: Protect\n|\n|-heal|p2a: Scovillain|56\/100|[from] item: Leftovers\n|-ability|p2a: Scovillain|Moody|boost\n|-boost|p2a: Scovillain|spe|2\n|-unboost|p2a: Scovillain|atk|1\n|upkeep\n|turn|5\n|inactive|NDAG was banned has 120 seconds left.\n|inactive|NDAG was banned has 90 seconds left.\n|inactive|NDAG was banned has 60 seconds left.\n|\n|t:|1698505673\n|move|p2a: Scovillain|Substitute|p2a: Scovillain\n|-start|p2a: Scovillain|Substitute\n|-damage|p2a: Scovillain|31\/100\n|move|p1a: Arceus|Taunt|p2a: Scovillain\n|-start|p2a: Scovillain|move: Taunt\n|\n|-heal|p2a: Scovillain|37\/100|[from] item: Leftovers\n|-ability|p2a: Scovillain|Moody|boost\n|-boost|p2a: Scovillain|atk|2\n|-unboost|p2a: Scovillain|def|1\n|upkeep\n|turn|6\n|\n|t:|1698505689\n|move|p2a: Scovillain|Giga Drain|p1a: Arceus\n|-supereffective|p1a: Arceus\n|-damage|p1a: Arceus|66\/100\n|-heal|p2a: Scovillain|61\/100|[from] drain|[of] p1a: Arceus\n|move|p1a: Arceus|Judgment|p2a: Scovillain\n|-end|p2a: Scovillain|Substitute\n|\n|-heal|p2a: Scovillain|67\/100|[from] item: Leftovers\n|-ability|p2a: Scovillain|Moody|boost\n|-boost|p2a: Scovillain|def|2\n|-unboost|p2a: Scovillain|spe|1\n|upkeep\n|turn|7\n|\n|t:|1698505701\n|move|p2a: Scovillain|Giga Drain|p1a: Arceus\n|-supereffective|p1a: Arceus\n|-damage|p1a: Arceus|31\/100\n|-heal|p2a: Scovillain|92\/100|[from] drain|[of] p1a: Arceus\n|move|p1a: Arceus|Judgment|p2a: Scovillain\n|-damage|p2a: Scovillain|56\/100\n|\n|-heal|p2a: Scovillain|63\/100|[from] item: Leftovers\n|-ability|p2a: Scovillain|Moody|boost\n|-boost|p2a: Scovillain|spe|2\n|-unboost|p2a: Scovillain|def|1\n|upkeep\n|turn|8\n|inactive|NDAG was banned has 60 seconds left.\n|\n|t:|1698505749\n|move|p2a: Scovillain|Giga Drain|p1a: Arceus\n|-supereffective|p1a: Arceus\n|-damage|p1a: Arceus|0 fnt\n|-heal|p2a: Scovillain|84\/100|[from] drain|[of] p1a: Arceus\n|faint|p1a: Arceus\n|\n|-heal|p2a: Scovillain|91\/100|[from] item: Leftovers\n|-end|p2a: Scovillain|move: Taunt\n|-sideend|p2: Kamitami|Reflect\n|-ability|p2a: Scovillain|Moody|boost\n|-boost|p2a: Scovillain|spa|2\n|-unboost|p2a: Scovillain|atk|1\n|upkeep\n|\n|t:|1698505755\n|switch|p1a: Koraidon|Koraidon|100\/100\n|-weather|SunnyDay|[from] ability: Orichalcum Pulse|[of] p1a: Koraidon\n|-activate|p1a: Koraidon|Orichalcum Pulse|[source]\n|turn|9\n|\n|t:|1698505766\n|move|p2a: Scovillain|Substitute|p2a: Scovillain\n|-start|p2a: Scovillain|Substitute\n|-damage|p2a: Scovillain|66\/100\n|move|p1a: Koraidon|Flare Blitz|p2a: Scovillain\n|-crit|p2a: Scovillain\n|-end|p2a: Scovillain|Substitute\n|-damage|p1a: Koraidon|94\/100|[from] Recoil|[of] p2a: Scovillain\n|\n|-weather|SunnyDay|[upkeep]\n|-heal|p2a: Scovillain|72\/100|[from] item: Leftovers\n|-sideend|p2: Kamitami|move: Light Screen\n|-ability|p2a: Scovillain|Moody|boost\n|-boost|p2a: Scovillain|spa|2\n|-unboost|p2a: Scovillain|spd|1\n|upkeep\n|turn|10\n|\n|t:|1698505779\n|move|p2a: Scovillain|Protect|p2a: Scovillain\n|-singleturn|p2a: Scovillain|Protect\n|move|p1a: Koraidon|Scale Shot|p2a: Scovillain\n|-activate|p2a: Scovillain|move: Protect\n|\n|-weather|SunnyDay|[upkeep]\n|-heal|p2a: Scovillain|78\/100|[from] item: Leftovers\n|-ability|p2a: Scovillain|Moody|boost\n|-boost|p2a: Scovillain|spd|2\n|-unboost|p2a: Scovillain|def|1\n|upkeep\n|turn|11\n|\n|t:|1698505791\n|-terastallize|p2a: Scovillain|Fire\n|move|p2a: Scovillain|Flamethrower|p1a: Koraidon\n|-resisted|p1a: Koraidon\n|-damage|p1a: Koraidon|0 fnt\n|faint|p1a: Koraidon\n|\n|-weather|SunnyDay|[upkeep]\n|-heal|p2a: Scovillain|84\/100|[from] item: Leftovers\n|-ability|p2a: Scovillain|Moody|boost\n|-boost|p2a: Scovillain|spd|2\n|-unboost|p2a: Scovillain|spa|1\n|upkeep\n|\n|t:|1698505814\n|switch|p1a: Arceus|Arceus|100\/100\n|turn|12\n|\n|t:|1698505825\n|move|p2a: Scovillain|Flamethrower|p1a: Arceus\n|-damage|p1a: Arceus|0 fnt\n|faint|p1a: Arceus\n|\n|-weather|SunnyDay|[upkeep]\n|-heal|p2a: Scovillain|91\/100|[from] item: Leftovers\n|-ability|p2a: Scovillain|Moody|boost\n|-boost|p2a: Scovillain|def|2\n|-unboost|p2a: Scovillain|atk|1\n|upkeep\n|\n|t:|1698505830\n|switch|p1a: Calyrex|Calyrex-Shadow|100\/100\n|-item|p1a: Calyrex|Air Balloon\n|turn|13\n|\n|t:|1698505838\n|move|p1a: Calyrex|Shadow Sneak|p2a: Scovillain\n|-damage|p2a: Scovillain|66\/100\n|move|p2a: Scovillain|Flamethrower|p1a: Calyrex\n|-damage|p1a: Calyrex|0 fnt\n|replace|p1a: Zoroark|Zoroark-Hisui, M\n|-end|p1a: Zoroark|Illusion\n|-enditem|p1a: Zoroark|Air Balloon\n|faint|p1a: Zoroark\n|\n|-weather|none\n|-heal|p2a: Scovillain|73\/100|[from] item: Leftovers\n|-ability|p2a: Scovillain|Moody|boost\n|-boost|p2a: Scovillain|def|2\n|-unboost|p2a: Scovillain|spe|1\n|upkeep\n|-message|NDAG was banned forfeited.\n|\n|win|Kamitami\n|raw|NDAG was banned's rating: 1793 &rarr; <strong>1764<\/strong><br \/>(-29 for losing)\n|raw|Kamitami's rating: 1614 &rarr; <strong>1643<\/strong><br \/>(+29 for winning)\n|l|\u2606Kamitami\n|l|\u2606NDAG was banned\n","uploadtime":1698505951,"views":6,"p1id":"ndagwasbanned","p2id":"kamitami","formatid":"gen9anythinggoes","rating":1643,"private":0,"password":""}