{"id":"gen9anythinggoes-1972985558","p1":"cannedbone","p2":"mauriciopateacaras","format":"[Gen 9] Anything Goes","log":"|j|\u2606cannedbone\n|j|\u2606mauriciopateacaras\n|t:|1697915557\n|gametype|singles\n|player|p1|cannedbone|gentleman-gen4|1234\n|player|p2|mauriciopateacaras|allister|1360\n|teamsize|p1|6\n|teamsize|p2|6\n|gen|9\n|tier|[Gen 9] Anything Goes\n|rated|\n|rule|HP Percentage Mod: HP is shown in percentages\n|rule|Endless Battle Clause: Forcing endless battles is banned\n|clearpoke\n|poke|p1|Greninja-*, M|\n|poke|p1|Skeledirge, M|\n|poke|p1|Revavroom, F|\n|poke|p1|Iron Hands|\n|poke|p1|Espeon, F|\n|poke|p1|Garchomp, M|\n|poke|p2|Vespiquen, F|\n|poke|p2|Spidops, F|\n|poke|p2|Masquerain, F|\n|poke|p2|Lokix, F|\n|poke|p2|Volcarona, F|\n|poke|p2|Ariados, M|\n|teampreview\n|\n|t:|1697915565\n|start\n|switch|p1a: Espeon|Espeon, F|100\/100\n|switch|p2a: Spidops|Spidops, F|100\/100\n|turn|1\n|\n|t:|1697915574\n|move|p1a: Espeon|Reflect|p1a: Espeon\n|-sidestart|p1: cannedbone|Reflect\n|move|p2a: Spidops|Circle Throw|p1a: Espeon\n|-resisted|p1a: Espeon\n|-damage|p1a: Espeon|97\/100\n|drag|p1a: Revavroom|Revavroom, F|100\/100\n|\n|upkeep\n|turn|2\n|\n|t:|1697915583\n|move|p1a: Revavroom|Shift Gear|p1a: Revavroom\n|-boost|p1a: Revavroom|spe|2\n|-boost|p1a: Revavroom|atk|1\n|move|p2a: Spidops|Sticky Web|p1a: Revavroom\n|-sidestart|p1: cannedbone|move: Sticky Web\n|\n|upkeep\n|turn|3\n|\n|t:|1697915590\n|move|p1a: Revavroom|Shift Gear|p1a: Revavroom\n|-boost|p1a: Revavroom|spe|2\n|-boost|p1a: Revavroom|atk|1\n|move|p2a: Spidops|Circle Throw|p1a: Revavroom\n|-damage|p1a: Revavroom|93\/100\n|drag|p1a: Greninja|Greninja, M|100\/100\n|-activate|p1a: Greninja|move: Sticky Web\n|-unboost|p1a: Greninja|spe|1\n|\n|upkeep\n|turn|4\n|\n|t:|1697915606\n|move|p1a: Greninja|Ice Beam|p2a: Spidops\n|-damage|p2a: Spidops|72\/100\n|move|p2a: Spidops|Spikes|p1a: Greninja\n|-sidestart|p1: cannedbone|Spikes\n|\n|-heal|p2a: Spidops|78\/100|[from] item: Leftovers\n|upkeep\n|turn|5\n|\n|t:|1697915619\n|move|p1a: Greninja|Role Play|p2a: Spidops\n|-endability|p1a: Greninja|Torrent|[from] move: Role Play\n|-ability|p1a: Greninja|Stakeout|[from] move: Role Play|[of] p2a: Spidops\n|move|p2a: Spidops|Circle Throw|p1a: Greninja|[miss]\n|-miss|p2a: Spidops|p1a: Greninja\n|\n|-heal|p2a: Spidops|84\/100|[from] item: Leftovers\n|-sideend|p1: cannedbone|Reflect\n|upkeep\n|turn|6\n|\n|t:|1697915638\n|-terastallize|p1a: Greninja|Ghost\n|move|p1a: Greninja|Water Shuriken|p2a: Spidops\n|-damage|p2a: Spidops|77\/100\n|-damage|p2a: Spidops|69\/100\n|-damage|p2a: Spidops|61\/100\n|-damage|p2a: Spidops|52\/100\n|-hitcount|p2a: Spidops|4\n|move|p2a: Spidops|Circle Throw|p1a: Greninja\n|-immune|p1a: Greninja\n|\n|-heal|p2a: Spidops|58\/100|[from] item: Leftovers\n|upkeep\n|turn|7\n|\n|t:|1697915650\n|move|p1a: Greninja|Ice Beam|p2a: Spidops\n|-damage|p2a: Spidops|30\/100\n|move|p2a: Spidops|Spikes|p1a: Greninja\n|-sidestart|p1: cannedbone|Spikes\n|\n|-heal|p2a: Spidops|36\/100|[from] item: Leftovers\n|upkeep\n|turn|8\n|\n|t:|1697915656\n|move|p1a: Greninja|Ice Beam|p2a: Spidops\n|-damage|p2a: Spidops|4\/100\n|move|p2a: Spidops|Spikes|p1a: Greninja\n|-sidestart|p1: cannedbone|Spikes\n|\n|-heal|p2a: Spidops|10\/100|[from] item: Leftovers\n|upkeep\n|turn|9\n|\n|t:|1697915663\n|move|p1a: Greninja|Ice Beam|p2a: Spidops\n|-damage|p2a: Spidops|0 fnt\n|faint|p2a: Spidops\n|\n|upkeep\n|\n|t:|1697915667\n|switch|p2a: Lokix|Lokix, F|100\/100\n|turn|10\n|\n|t:|1697915676\n|move|p2a: Lokix|Sucker Punch|p1a: Greninja\n|-supereffective|p1a: Greninja\n|-damage|p1a: Greninja|0 fnt\n|faint|p1a: Greninja\n|-damage|p2a: Lokix|91\/100|[from] item: Life Orb\n|\n|upkeep\n|\n|t:|1697915684\n|switch|p1a: Iron Hands|Iron Hands|100\/100\n|-item|p1a: Iron Hands|Air Balloon\n|turn|11\n|\n|t:|1697915691\n|move|p2a: Lokix|U-turn|p1a: Iron Hands\n|-resisted|p1a: Iron Hands\n|-damage|p1a: Iron Hands|76\/100\n|-enditem|p1a: Iron Hands|Air Balloon\n|-damage|p2a: Lokix|81\/100|[from] item: Life Orb\n|\n|t:|1697915697\n|switch|p2a: Ariados|Ariados, M|100\/100|[from] U-turn\n|move|p1a: Iron Hands|Drain Punch|p2a: Ariados\n|-resisted|p2a: Ariados\n|-damage|p2a: Ariados|87\/100\n|-heal|p1a: Iron Hands|80\/100|[from] drain|[of] p2a: Ariados\n|\n|upkeep\n|turn|12\n|\n|t:|1697915709\n|move|p2a: Ariados|Agility|p2a: Ariados\n|-boost|p2a: Ariados|spe|2\n|move|p1a: Iron Hands|Substitute|p1a: Iron Hands\n|-start|p1a: Iron Hands|Substitute\n|-damage|p1a: Iron Hands|56\/100\n|\n|upkeep\n|turn|13\n|\n|t:|1697915724\n|move|p2a: Ariados|Baton Pass|p2a: Ariados\n|\n|t:|1697915725\n|switch|p2a: Volcarona|Volcarona, F|100\/100|[from] Baton Pass\n|move|p1a: Iron Hands|Thunder Punch|p2a: Volcarona\n|-damage|p2a: Volcarona|28\/100\n|\n|upkeep\n|turn|14\n|\n|t:|1697915734\n|move|p2a: Volcarona|Fiery Dance|p1a: Iron Hands\n|-end|p1a: Iron Hands|Substitute\n|-boost|p2a: Volcarona|spa|1\n|move|p1a: Iron Hands|Drain Punch|p2a: Volcarona\n|-resisted|p2a: Volcarona\n|-damage|p2a: Volcarona|0 fnt\n|-heal|p1a: Iron Hands|65\/100|[from] drain|[of] p2a: Volcarona\n|-status|p1a: Iron Hands|brn|[from] ability: Flame Body|[of] p2a: Volcarona\n|faint|p2a: Volcarona\n|\n|-damage|p1a: Iron Hands|59\/100 brn|[from] brn\n|upkeep\n|\n|t:|1697915744\n|switch|p2a: Ariados|Ariados, M|87\/100\n|turn|15\n|\n|t:|1697915750\n|move|p2a: Ariados|Swords Dance|p2a: Ariados\n|-boost|p2a: Ariados|atk|2\n|move|p1a: Iron Hands|Thunder Punch|p2a: Ariados\n|-damage|p2a: Ariados|63\/100\n|\n|-damage|p1a: Iron Hands|53\/100 brn|[from] brn\n|upkeep\n|turn|16\n|\n|t:|1697915758\n|move|p2a: Ariados|Swords Dance|p2a: Ariados\n|-boost|p2a: Ariados|atk|2\n|move|p1a: Iron Hands|Thunder Punch|p2a: Ariados\n|-damage|p2a: Ariados|36\/100\n|\n|-damage|p1a: Iron Hands|46\/100 brn|[from] brn\n|upkeep\n|turn|17\n|\n|t:|1697915768\n|-end|p1a: Iron Hands|Quark Drive|[silent]\n|switch|p1a: Skeledirge|Skeledirge, M|100\/100\n|-activate|p1a: Skeledirge|move: Sticky Web\n|-unboost|p1a: Skeledirge|spe|1\n|-damage|p1a: Skeledirge|76\/100|[from] Spikes\n|move|p2a: Ariados|Rest|p2a: Ariados\n|-status|p2a: Ariados|slp|[from] move: Rest\n|-heal|p2a: Ariados|100\/100 slp|[silent]\n|-enditem|p2a: Ariados|Chesto Berry|[eat]\n|-curestatus|p2a: Ariados|slp|[msg]\n|\n|-heal|p1a: Skeledirge|82\/100|[from] item: Leftovers\n|upkeep\n|turn|18\n|\n|t:|1697915788\n|move|p2a: Ariados|Agility|p2a: Ariados\n|-boost|p2a: Ariados|spe|2\n|move|p1a: Skeledirge|Torch Song|p2a: Ariados\n|-supereffective|p2a: Ariados\n|-damage|p2a: Ariados|21\/100\n|-boost|p1a: Skeledirge|spa|1\n|\n|-heal|p1a: Skeledirge|88\/100|[from] item: Leftovers\n|upkeep\n|turn|19\n|\n|t:|1697915799\n|move|p2a: Ariados|Baton Pass|p2a: Ariados\n|\n|t:|1697915801\n|switch|p2a: Vespiquen|Vespiquen, F|100\/100|[from] Baton Pass\n|-ability|p2a: Vespiquen|Pressure\n|move|p1a: Skeledirge|Torch Song|p2a: Vespiquen\n|-supereffective|p2a: Vespiquen\n|-damage|p2a: Vespiquen|20\/100\n|-boost|p1a: Skeledirge|spa|1\n|\n|-heal|p2a: Vespiquen|26\/100|[from] item: Leftovers\n|-heal|p1a: Skeledirge|94\/100|[from] item: Leftovers\n|upkeep\n|turn|20\n|\n|t:|1697915815\n|move|p2a: Vespiquen|Roost|p2a: Vespiquen\n|-heal|p2a: Vespiquen|76\/100\n|-singleturn|p2a: Vespiquen|move: Roost\n|move|p1a: Skeledirge|Torch Song|p2a: Vespiquen\n|-supereffective|p2a: Vespiquen\n|-damage|p2a: Vespiquen|0 fnt\n|-boost|p1a: Skeledirge|spa|1\n|faint|p2a: Vespiquen\n|\n|-heal|p1a: Skeledirge|99\/100|[from] item: Leftovers\n|upkeep\n|\n|t:|1697915827\n|switch|p2a: Lokix|Lokix, F|81\/100\n|turn|21\n|\n|t:|1697915831\n|move|p2a: Lokix|Sucker Punch||[still]\n|-fail|p2a: Lokix\n|move|p1a: Skeledirge|Roar|p2a: Lokix\n|drag|p2a: Ariados|Ariados, M|21\/100\n|\n|-heal|p1a: Skeledirge|100\/100|[from] item: Leftovers\n|upkeep\n|turn|22\n|\n|t:|1697915844\n|move|p2a: Ariados|Agility|p2a: Ariados\n|-boost|p2a: Ariados|spe|2\n|move|p1a: Skeledirge|Torch Song|p2a: Ariados\n|-supereffective|p2a: Ariados\n|-damage|p2a: Ariados|0 fnt\n|-boost|p1a: Skeledirge|spa|1\n|faint|p2a: Ariados\n|\n|upkeep\n|\n|t:|1697915853\n|switch|p2a: Masquerain|Masquerain, F|100\/100\n|-ability|p2a: Masquerain|Intimidate|boost\n|-unboost|p1a: Skeledirge|atk|1\n|turn|23\n|\n|t:|1697915865\n|move|p2a: Masquerain|Surf|p1a: Skeledirge\n|-supereffective|p1a: Skeledirge\n|-damage|p1a: Skeledirge|47\/100\n|move|p1a: Skeledirge|Torch Song|p2a: Masquerain\n|-supereffective|p2a: Masquerain\n|-crit|p2a: Masquerain\n|-damage|p2a: Masquerain|0 fnt\n|-boost|p1a: Skeledirge|spa|1\n|faint|p2a: Masquerain\n|\n|-heal|p1a: Skeledirge|53\/100|[from] item: Leftovers\n|upkeep\n|\n|t:|1697915871\n|switch|p2a: Lokix|Lokix, F|81\/100\n|turn|24\n|\n|t:|1697915880\n|move|p2a: Lokix|Sucker Punch|p1a: Skeledirge\n|-supereffective|p1a: Skeledirge\n|-damage|p1a: Skeledirge|0 fnt\n|faint|p1a: Skeledirge\n|-damage|p2a: Lokix|71\/100|[from] item: Life Orb\n|\n|upkeep\n|\n|t:|1697915887\n|switch|p1a: Iron Hands|Iron Hands|46\/100 brn\n|-activate|p1a: Iron Hands|move: Sticky Web\n|-unboost|p1a: Iron Hands|spe|1\n|-damage|p1a: Iron Hands|21\/100 brn|[from] Spikes\n|turn|25\n|\n|t:|1697915898\n|-terastallize|p2a: Lokix|Bug\n|move|p2a: Lokix|Leech Life|p1a: Iron Hands\n|-resisted|p1a: Iron Hands\n|-damage|p1a: Iron Hands|0 fnt\n|-heal|p2a: Lokix|87\/100|[from] drain|[of] p1a: Iron Hands\n|faint|p1a: Iron Hands\n|-end|p1a: Iron Hands|Quark Drive|[silent]\n|-damage|p2a: Lokix|78\/100|[from] item: Life Orb\n|\n|upkeep\n|\n|t:|1697915910\n|switch|p1a: Revavroom|Revavroom, F|93\/100\n|-activate|p1a: Revavroom|move: Sticky Web\n|-unboost|p1a: Revavroom|spe|1\n|-damage|p1a: Revavroom|68\/100|[from] Spikes\n|turn|26\n|\n|t:|1697915917\n|move|p2a: Lokix|Leech Life|p1a: Revavroom\n|-resisted|p1a: Revavroom\n|-damage|p1a: Revavroom|28\/100\n|-heal|p2a: Lokix|99\/100|[from] drain|[of] p1a: Revavroom\n|-damage|p2a: Lokix|89\/100|[from] item: Life Orb\n|move|p1a: Revavroom|Shift Gear|p1a: Revavroom\n|-boost|p1a: Revavroom|spe|2\n|-boost|p1a: Revavroom|atk|1\n|\n|-heal|p1a: Revavroom|34\/100|[from] item: Black Sludge\n|upkeep\n|turn|27\n|inactive|Battle timer is ON: inactive players will automatically lose when time's up. (requested by cannedbone)\n|\n|t:|1697915974\n|move|p2a: Lokix|Sucker Punch|p1a: Revavroom\n|-damage|p1a: Revavroom|0 fnt\n|faint|p1a: Revavroom\n|-damage|p2a: Lokix|79\/100|[from] item: Life Orb\n|\n|upkeep\n|\n|t:|1697915980\n|switch|p1a: Garchomp|Garchomp, M|100\/100\n|-activate|p1a: Garchomp|move: Sticky Web\n|-unboost|p1a: Garchomp|spe|1\n|-damage|p1a: Garchomp|76\/100|[from] Spikes\n|turn|28\n|\n|t:|1697915986\n|move|p2a: Lokix|Leech Life|p1a: Garchomp\n|-damage|p1a: Garchomp|30\/100\n|-heal|p2a: Lokix|100\/100|[from] drain|[of] p1a: Garchomp\n|-damage|p2a: Lokix|88\/100|[from] ability: Rough Skin|[of] p1a: Garchomp\n|-damage|p2a: Lokix|78\/100|[from] item: Life Orb\n|move|p1a: Garchomp|Swords Dance|p1a: Garchomp\n|-boost|p1a: Garchomp|atk|2\n|\n|-heal|p1a: Garchomp|37\/100|[from] item: Leftovers\n|upkeep\n|turn|29\n|inactive|mauriciopateacaras has 120 seconds left.\n|\n|t:|1697916026\n|switch|p1a: Espeon|Espeon, F|97\/100\n|-activate|p1a: Espeon|move: Sticky Web\n|-unboost|p1a: Espeon|spe|1\n|-damage|p1a: Espeon|72\/100|[from] Spikes\n|move|p2a: Lokix|Leech Life|p1a: Espeon\n|-supereffective|p1a: Espeon\n|-damage|p1a: Espeon|0 fnt\n|-heal|p2a: Lokix|100\/100|[from] drain|[of] p1a: Espeon\n|faint|p1a: Espeon\n|-damage|p2a: Lokix|91\/100|[from] item: Life Orb\n|\n|upkeep\n|\n|t:|1697916038\n|switch|p1a: Garchomp|Garchomp, M|37\/100\n|-activate|p1a: Garchomp|move: Sticky Web\n|-unboost|p1a: Garchomp|spe|1\n|-damage|p1a: Garchomp|12\/100|[from] Spikes\n|turn|30\n|c|\u2606cannedbone|GG\n|inactive|mauriciopateacaras has 120 seconds left.\n|\n|t:|1697916059\n|move|p2a: Lokix|Sucker Punch|p1a: Garchomp\n|-damage|p1a: Garchomp|0 fnt\n|-damage|p2a: Lokix|78\/100|[from] ability: Rough Skin|[of] p1a: Garchomp\n|faint|p1a: Garchomp\n|-damage|p2a: Lokix|68\/100|[from] item: Life Orb\n|\n|win|mauriciopateacaras\n|raw|cannedbone's rating: 1234 &rarr; <strong>1218<\/strong><br \/>(-16 for losing)\n|raw|mauriciopateacaras's rating: 1360 &rarr; <strong>1373<\/strong><br \/>(+13 for winning)\n|l|\u2606cannedbone\n","uploadtime":1697916068,"views":15,"p1id":"cannedbone","p2id":"mauriciopateacaras","formatid":"gen9anythinggoes","rating":1218,"private":0,"password":""}