{"id":"gen9anythinggoes-1984296844","p1":"sasquatch753","p2":"yeetthe pokemon","format":"[Gen 9] Anything Goes","log":"|j|\u2606sasquatch753\n|j|\u2606yeetthe pokemon\n|t:|1699240376\n|gametype|singles\n|player|p1|sasquatch753|pokemaniac|1147\n|player|p2|yeetthe pokemon|169|1277\n|teamsize|p1|6\n|teamsize|p2|6\n|gen|9\n|tier|[Gen 9] Anything Goes\n|rated|\n|rule|HP Percentage Mod: HP is shown in percentages\n|rule|Endless Battle Clause: Forcing endless battles is banned\n|clearpoke\n|poke|p1|Cyclizar, M|\n|poke|p1|Espeon, F|\n|poke|p1|Bisharp, F|\n|poke|p1|Orthworm, M|\n|poke|p1|Dragonite, F|\n|poke|p1|Ambipom, F|\n|poke|p2|Lokix, M|\n|poke|p2|Great Tusk|\n|poke|p2|Skeledirge, M|\n|poke|p2|Garganacl, F|\n|poke|p2|Rotom-Wash|\n|poke|p2|Dragapult, M|\n|teampreview\n|\n|t:|1699240387\n|start\n|switch|p1a: Ambipom|Ambipom, F|100\/100\n|switch|p2a: Dragapult|Dragapult, M|100\/100\n|turn|1\n|\n|t:|1699240405\n|-terastallize|p1a: Ambipom|Dark\n|move|p2a: Dragapult|U-turn|p1a: Ambipom\n|-supereffective|p1a: Ambipom\n|-damage|p1a: Ambipom|43\/100\n|\n|t:|1699240412\n|switch|p2a: Garganacl|Garganacl, F|100\/100|[from] U-turn\n|move|p1a: Ambipom|Beat Up|p2a: Garganacl\n|-damage|p2a: Garganacl|97\/100\n|-damage|p2a: Garganacl|94\/100\n|-damage|p2a: Garganacl|89\/100\n|-damage|p2a: Garganacl|85\/100\n|-damage|p2a: Garganacl|81\/100\n|-damage|p2a: Garganacl|77\/100\n|-hitcount|p2a: Garganacl|6\n|\n|-heal|p2a: Garganacl|83\/100|[from] item: Leftovers\n|upkeep\n|turn|2\n|\n|t:|1699240426\n|move|p1a: Ambipom|Thunder Wave|p2a: Garganacl\n|-immune|p2a: Garganacl|[from] ability: Purifying Salt\n|move|p2a: Garganacl|Stealth Rock|p1a: Ambipom\n|-sidestart|p1: sasquatch753|move: Stealth Rock\n|\n|-heal|p2a: Garganacl|89\/100|[from] item: Leftovers\n|upkeep\n|turn|3\n|\n|t:|1699240440\n|switch|p2a: Rotom|Rotom-Wash|100\/100\n|move|p1a: Ambipom|Switcheroo|p2a: Rotom\n|-activate|p1a: Ambipom|move: Trick|[of] p2a: Rotom\n|-item|p2a: Rotom|King's Rock|[from] move: Switcheroo\n|-item|p1a: Ambipom|Leftovers|[from] move: Switcheroo\n|\n|-heal|p1a: Ambipom|49\/100|[from] item: Leftovers\n|upkeep\n|turn|4\n|\n|t:|1699240451\n|move|p1a: Ambipom|Switcheroo|p2a: Rotom\n|-activate|p1a: Ambipom|move: Trick|[of] p2a: Rotom\n|-item|p2a: Rotom|Leftovers|[from] move: Switcheroo\n|-item|p1a: Ambipom|King's Rock|[from] move: Switcheroo\n|move|p2a: Rotom|Hydro Pump|p1a: Ambipom|[miss]\n|-miss|p2a: Rotom|p1a: Ambipom\n|\n|upkeep\n|turn|5\n|\n|t:|1699240461\n|move|p1a: Ambipom|Beat Up|p2a: Rotom\n|-damage|p2a: Rotom|92\/100\n|-damage|p2a: Rotom|87\/100\n|-damage|p2a: Rotom|78\/100\n|-damage|p2a: Rotom|71\/100\n|-damage|p2a: Rotom|61\/100\n|-damage|p2a: Rotom|54\/100\n|-hitcount|p2a: Rotom|6\n|cant|p2a: Rotom|flinch\n|\n|-heal|p2a: Rotom|60\/100|[from] item: Leftovers\n|upkeep\n|turn|6\n|\n|t:|1699240472\n|move|p1a: Ambipom|Beat Up|p2a: Rotom\n|-damage|p2a: Rotom|52\/100\n|-damage|p2a: Rotom|45\/100\n|-damage|p2a: Rotom|36\/100\n|-damage|p2a: Rotom|29\/100\n|-damage|p2a: Rotom|19\/100\n|-damage|p2a: Rotom|11\/100\n|-hitcount|p2a: Rotom|6\n|cant|p2a: Rotom|flinch\n|\n|-heal|p2a: Rotom|17\/100|[from] item: Leftovers\n|upkeep\n|turn|7\n|\n|t:|1699240483\n|move|p2a: Rotom|Protect|p2a: Rotom\n|-singleturn|p2a: Rotom|Protect\n|move|p1a: Ambipom|Beat Up|p2a: Rotom\n|-activate|p2a: Rotom|move: Protect\n|\n|-heal|p2a: Rotom|23\/100|[from] item: Leftovers\n|upkeep\n|turn|8\n|\n|t:|1699240489\n|move|p1a: Ambipom|Beat Up|p2a: Rotom\n|-crit|p2a: Rotom\n|-damage|p2a: Rotom|12\/100\n|-damage|p2a: Rotom|5\/100\n|-damage|p2a: Rotom|0 fnt\n|faint|p2a: Rotom\n|-hitcount|p2: Rotom|3\n|\n|upkeep\n|\n|t:|1699240494\n|switch|p2a: Dragapult|Dragapult, M|100\/100\n|turn|9\n|\n|t:|1699240499\n|switch|p1a: tickle the pickle|Dragonite, F, shiny|100\/100\n|-damage|p1a: tickle the pickle|75\/100|[from] Stealth Rock\n|move|p2a: Dragapult|U-turn|p1a: tickle the pickle\n|-resisted|p1a: tickle the pickle\n|-damage|p1a: tickle the pickle|67\/100\n|\n|t:|1699240503\n|switch|p2a: Lokix|Lokix, M|100\/100|[from] U-turn\n|\n|upkeep\n|turn|10\n|\n|t:|1699240511\n|-terastallize|p2a: Lokix|Bug\n|move|p2a: Lokix|First Impression|p1a: tickle the pickle\n|-resisted|p1a: tickle the pickle\n|-damage|p1a: tickle the pickle|0 fnt\n|faint|p1a: tickle the pickle\n|\n|upkeep\n|\n|t:|1699240518\n|switch|p1a: Cyclizar|Cyclizar, M|100\/100\n|turn|11\n|\n|t:|1699240525\n|switch|p2a: Great Tusk|Great Tusk|100\/100\n|move|p1a: Cyclizar|Shed Tail|p1a: Cyclizar\n|-start|p1a: Cyclizar|Substitute|[from] move: Shed Tail\n|-damage|p1a: Cyclizar|50\/100\n|\n|t:|1699240534\n|switch|p1a: Espeon|Espeon, F|100\/100|[from] Shed Tail\n|-damage|p1a: Espeon|88\/100|[from] Stealth Rock\n|\n|upkeep\n|turn|12\n|\n|t:|1699240540\n|-end|p2a: Great Tusk|Protosynthesis|[silent]\n|switch|p2a: Dragapult|Dragapult, M|100\/100\n|move|p1a: Espeon|Yawn|p2a: Dragapult\n|-start|p2a: Dragapult|move: Yawn|[of] p1a: Espeon\n|\n|upkeep\n|turn|13\n|\n|t:|1699240547\n|switch|p2a: Garganacl|Garganacl, F|89\/100\n|move|p1a: Espeon|Calm Mind|p1a: Espeon\n|-boost|p1a: Espeon|spa|1\n|-boost|p1a: Espeon|spd|1\n|\n|-heal|p2a: Garganacl|96\/100|[from] item: Leftovers\n|upkeep\n|turn|14\n|inactive|Battle timer is ON: inactive players will automatically lose when time's up. (requested by yeetthe pokemon)\n|\n|t:|1699240558\n|switch|p2a: Skeledirge|Skeledirge, M|100\/100\n|move|p1a: Espeon|Yawn|p2a: Skeledirge\n|-start|p2a: Skeledirge|move: Yawn|[of] p1a: Espeon\n|\n|upkeep\n|turn|15\n|\n|t:|1699240566\n|switch|p2a: Garganacl|Garganacl, F|96\/100\n|move|p1a: Espeon|Calm Mind|p1a: Espeon\n|-boost|p1a: Espeon|spa|1\n|-boost|p1a: Espeon|spd|1\n|\n|-heal|p2a: Garganacl|100\/100|[from] item: Leftovers\n|upkeep\n|turn|16\n|\n|t:|1699240573\n|move|p1a: Espeon|Yawn|p2a: Garganacl\n|-immune|p2a: Garganacl|[from] ability: Purifying Salt\n|move|p2a: Garganacl|Salt Cure|p1a: Espeon\n|-end|p1a: Espeon|Substitute\n|\n|upkeep\n|turn|17\n|\n|t:|1699240580\n|move|p1a: Espeon|Psychic|p2a: Garganacl\n|-damage|p2a: Garganacl|12\/100\n|move|p2a: Garganacl|Salt Cure|p1a: Espeon\n|-damage|p1a: Espeon|62\/100\n|-start|p1a: Espeon|Salt Cure\n|\n|-heal|p2a: Garganacl|18\/100|[from] item: Leftovers\n|-damage|p1a: Espeon|49\/100|[from] Salt Cure\n|upkeep\n|turn|18\n|\n|t:|1699240588\n|switch|p2a: Skeledirge|Skeledirge, M|100\/100\n|move|p1a: Espeon|Psychic|p2a: Skeledirge\n|-damage|p2a: Skeledirge|69\/100\n|\n|-damage|p1a: Espeon|37\/100|[from] Salt Cure\n|upkeep\n|turn|19\n|\n|t:|1699240596\n|move|p1a: Espeon|Yawn|p2a: Skeledirge\n|-start|p2a: Skeledirge|move: Yawn|[of] p1a: Espeon\n|move|p2a: Skeledirge|Hex|p1a: Espeon\n|-supereffective|p1a: Espeon\n|-damage|p1a: Espeon|0 fnt\n|faint|p1a: Espeon\n|\n|upkeep\n|\n|t:|1699240604\n|switch|p1a: Ambipom|Ambipom, F, tera:Dark|49\/100\n|-damage|p1a: Ambipom|37\/100|[from] Stealth Rock\n|turn|20\n|\n|t:|1699240608\n|switch|p2a: Dragapult|Dragapult, M|100\/100\n|move|p1a: Ambipom|Beat Up|p2a: Dragapult\n|-supereffective|p2a: Dragapult\n|-damage|p2a: Dragapult|78\/100\n|-supereffective|p2a: Dragapult\n|-damage|p2a: Dragapult|59\/100\n|-supereffective|p2a: Dragapult\n|-damage|p2a: Dragapult|37\/100\n|-supereffective|p2a: Dragapult\n|-damage|p2a: Dragapult|18\/100\n|-hitcount|p2a: Dragapult|4\n|\n|upkeep\n|turn|21\n|\n|t:|1699240619\n|move|p2a: Dragapult|U-turn|p1a: Ambipom\n|-supereffective|p1a: Ambipom\n|-damage|p1a: Ambipom|0 fnt\n|faint|p1a: Ambipom\n|\n|t:|1699240623\n|switch|p2a: Lokix|Lokix, M, tera:Bug|100\/100|[from] U-turn\n|\n|upkeep\n|\n|t:|1699240627\n|switch|p1a: Orthworm|Orthworm, M|100\/100\n|-damage|p1a: Orthworm|94\/100|[from] Stealth Rock\n|turn|22\n|\n|t:|1699240632\n|move|p2a: Lokix|First Impression|p1a: Orthworm\n|-resisted|p1a: Orthworm\n|-damage|p1a: Orthworm|32\/100\n|move|p1a: Orthworm|Iron Defense|p1a: Orthworm\n|-boost|p1a: Orthworm|def|2\n|\n|upkeep\n|turn|23\n|\n|t:|1699240641\n|switch|p2a: Skeledirge|Skeledirge, M|69\/100\n|move|p1a: Orthworm|Heavy Slam|p2a: Skeledirge\n|-resisted|p2a: Skeledirge\n|-damage|p2a: Skeledirge|62\/100\n|\n|upkeep\n|turn|24\n|\n|t:|1699240650\n|move|p2a: Skeledirge|Torch Song|p1a: Orthworm\n|-supereffective|p1a: Orthworm\n|-damage|p1a: Orthworm|0 fnt\n|-boost|p2a: Skeledirge|spa|1\n|faint|p1a: Orthworm\n|\n|upkeep\n|\n|t:|1699240656\n|switch|p1a: Cyclizar|Cyclizar, M|83\/100\n|turn|25\n|\n|t:|1699240670\n|switch|p2a: Lokix|Lokix, M, tera:Bug|100\/100\n|move|p1a: Cyclizar|Draco Meteor|p2a: Lokix\n|-damage|p2a: Lokix|35\/100\n|-unboost|p1a: Cyclizar|spa|2\n|\n|upkeep\n|turn|26\n|\n|t:|1699240678\n|move|p2a: Lokix|First Impression|p1a: Cyclizar\n|-damage|p1a: Cyclizar|0 fnt\n|faint|p1a: Cyclizar\n|\n|upkeep\n|\n|t:|1699240682\n|switch|p1a: Bisharp|Bisharp, F|100\/100\n|-damage|p1a: Bisharp|95\/100|[from] Stealth Rock\n|turn|27\n|\n|t:|1699240688\n|switch|p2a: Dragapult|Dragapult, M|18\/100\n|move|p1a: Bisharp|Swords Dance|p1a: Bisharp\n|-boost|p1a: Bisharp|atk|2\n|\n|upkeep\n|turn|28\n|\n|t:|1699240694\n|move|p1a: Bisharp|Sucker Punch|p2a: Dragapult\n|-supereffective|p2a: Dragapult\n|-damage|p2a: Dragapult|0 fnt\n|faint|p2a: Dragapult\n|\n|upkeep\n|\n|t:|1699240698\n|switch|p2a: Lokix|Lokix, M, tera:Bug|35\/100\n|turn|29\n|\n|t:|1699240702\n|move|p2a: Lokix|First Impression|p1a: Bisharp\n|-damage|p1a: Bisharp|0 fnt\n|faint|p1a: Bisharp\n|\n|win|yeetthe pokemon\n|raw|sasquatch753's rating: 1147 &rarr; <strong>1131<\/strong><br \/>(-16 for losing)\n|raw|yeetthe pokemon's rating: 1277 &rarr; <strong>1293<\/strong><br \/>(+16 for winning)\n","uploadtime":1699240708,"views":7,"p1id":"sasquatch753","p2id":"yeetthepokemon","formatid":"gen9anythinggoes","rating":1131,"private":0,"password":""}