{"id":"gen9anythinggoes-1985799467","p1":"Awsomprofoxy","p2":"el agente D","format":"[Gen 9] Anything Goes","log":"|j|\u2606Awsomprofoxy\n|j|\u2606el agente D\n|t:|1699407418\n|gametype|singles\n|player|p1|Awsomprofoxy|benga|1082\n|player|p2|el agente D|veteranf|1027\n|teamsize|p1|6\n|teamsize|p2|6\n|gen|9\n|tier|[Gen 9] Anything Goes\n|rated|\n|rule|HP Percentage Mod: HP is shown in percentages\n|rule|Endless Battle Clause: Forcing endless battles is banned\n|clearpoke\n|poke|p1|Maushold-Four|\n|poke|p1|Maushold-Four|\n|poke|p1|Maushold-Four|\n|poke|p1|Maushold-Four|\n|poke|p1|Maushold-Four|\n|poke|p1|Maushold-Four|\n|poke|p2|Barraskewda, M|\n|poke|p2|Lokix, M|\n|poke|p2|Revavroom, M|\n|poke|p2|Inteleon, F|\n|poke|p2|Scizor, M|\n|poke|p2|Grimmsnarl, M|\n|teampreview\n|c|\u2606Awsomprofoxy|Only 36 mons :(\n|c|\u2606el agente D|Oh man\n|c|\u2606el agente D|Thats cool\n|\n|t:|1699407460\n|start\n|switch|p1a: Maushold|Maushold-Four|100\/100\n|switch|p2a: Oswin|Grimmsnarl, M|100\/100\n|turn|1\n|c|\u2606Awsomprofoxy|You'll think otherwise if I'm lucky\n|\n|t:|1699407472\n|move|p1a: Maushold|Population Bomb|p2a: Oswin\n|-damage|p2a: Oswin|86\/100\n|-damage|p2a: Oswin|71\/100\n|-damage|p2a: Oswin|57\/100\n|-damage|p2a: Oswin|43\/100\n|-damage|p2a: Oswin|30\/100\n|-damage|p2a: Oswin|18\/100\n|-enditem|p2a: Oswin|Iapapa Berry|[eat]\n|-heal|p2a: Oswin|51\/100|[from] item: Iapapa Berry\n|-damage|p2a: Oswin|38\/100\n|-damage|p2a: Oswin|24\/100\n|-damage|p2a: Oswin|11\/100\n|-damage|p2a: Oswin|0 fnt\n|faint|p2a: Oswin\n|-hitcount|p2: Oswin|10\n|\n|upkeep\n|\n|t:|1699407493\n|switch|p2a: Sylvester|Inteleon, F|100\/100\n|turn|2\n|\n|t:|1699407517\n|move|p2a: Sylvester|Snipe Shot|p1a: Maushold\n|-damage|p1a: Maushold|0 fnt\n|faint|p1a: Maushold\n|\n|upkeep\n|\n|t:|1699407522\n|switch|p1a: Maushold|Maushold-Four|100\/100\n|turn|3\n|c|\u2606Awsomprofoxy|a\n|\n|t:|1699407526\n|move|p2a: Sylvester|Snipe Shot|p1a: Maushold\n|-crit|p1a: Maushold\n|-damage|p1a: Maushold|0 fnt\n|faint|p1a: Maushold\n|\n|upkeep\n|\n|t:|1699407530\n|switch|p1a: Maushold|Maushold-Four|100\/100\n|turn|4\n|\n|t:|1699407534\n|move|p2a: Sylvester|Snipe Shot|p1a: Maushold\n|-damage|p1a: Maushold|2\/100\n|move|p1a: Maushold|Population Bomb|p2a: Sylvester\n|-damage|p2a: Sylvester|82\/100\n|-damage|p2a: Sylvester|64\/100\n|-hitcount|p2a: Sylvester|2\n|\n|upkeep\n|turn|5\n|c|\u2606Awsomprofoxy|GG lol\n|c|\u2606Awsomprofoxy|That ended me\n|\n|t:|1699407549\n|move|p2a: Sylvester|Snipe Shot|p1a: Maushold\n|-damage|p1a: Maushold|0 fnt\n|faint|p1a: Maushold\n|\n|upkeep\n|c|\u2606el agente D|Good game\n|\n|t:|1699407553\n|switch|p1a: Maushold|Maushold-Four|100\/100\n|turn|6\n|\n|t:|1699407555\n|move|p2a: Sylvester|Snipe Shot|p1a: Maushold\n|-damage|p1a: Maushold|1\/100\n|move|p1a: Maushold|Seed Bomb|p2a: Sylvester\n|-supereffective|p2a: Sylvester\n|-damage|p2a: Sylvester|0 fnt\n|faint|p2a: Sylvester\n|\n|upkeep\n|\n|t:|1699407562\n|switch|p2a: Invitado :D|Scizor, M, shiny|100\/100\n|turn|7\n|\n|t:|1699407571\n|move|p2a: Invitado :D|Bullet Punch|p1a: Maushold\n|-damage|p1a: Maushold|0 fnt\n|faint|p1a: Maushold\n|\n|upkeep\n|\n|t:|1699407575\n|switch|p1a: Maushold|Maushold-Four|100\/100\n|turn|8\n|\n|t:|1699407585\n|move|p2a: Invitado :D|Bullet Punch|p1a: Maushold\n|-damage|p1a: Maushold|41\/100\n|move|p1a: Maushold|Tidy Up|p1a: Maushold\n|-boost|p1a: Maushold|atk|1\n|-boost|p1a: Maushold|spe|1\n|\n|upkeep\n|turn|9\n|\n|t:|1699407598\n|move|p2a: Invitado :D|Bullet Punch|p1a: Maushold\n|-damage|p1a: Maushold|0 fnt\n|faint|p1a: Maushold\n|\n|upkeep\n|\n|t:|1699407602\n|switch|p1a: Maushold|Maushold-Four|100\/100\n|turn|10\n|\n|t:|1699407606\n|move|p1a: Maushold|Population Bomb|p2a: Invitado :D\n|-resisted|p2a: Invitado :D\n|-damage|p2a: Invitado :D|95\/100\n|-damage|p1a: Maushold|84\/100|[from] item: Rocky Helmet|[of] p2a: Invitado :D\n|-resisted|p2a: Invitado :D\n|-damage|p2a: Invitado :D|90\/100\n|-damage|p1a: Maushold|67\/100|[from] item: Rocky Helmet|[of] p2a: Invitado :D\n|-resisted|p2a: Invitado :D\n|-damage|p2a: Invitado :D|85\/100\n|-damage|p1a: Maushold|51\/100|[from] item: Rocky Helmet|[of] p2a: Invitado :D\n|-resisted|p2a: Invitado :D\n|-crit|p2a: Invitado :D\n|-damage|p2a: Invitado :D|77\/100\n|-damage|p1a: Maushold|34\/100|[from] item: Rocky Helmet|[of] p2a: Invitado :D\n|-resisted|p2a: Invitado :D\n|-damage|p2a: Invitado :D|73\/100\n|-damage|p1a: Maushold|17\/100|[from] item: Rocky Helmet|[of] p2a: Invitado :D\n|-resisted|p2a: Invitado :D\n|-damage|p2a: Invitado :D|68\/100\n|-damage|p1a: Maushold|1\/100|[from] item: Rocky Helmet|[of] p2a: Invitado :D\n|-resisted|p2a: Invitado :D\n|-damage|p2a: Invitado :D|62\/100\n|-damage|p1a: Maushold|0 fnt|[from] item: Rocky Helmet|[of] p2a: Invitado :D\n|faint|p1a: Maushold\n|\n|win|el agente D\n|-hitcount|p2a: Invitado :D|7\n|raw|Awsomprofoxy's rating: 1082 &rarr; <strong>1056<\/strong><br \/>(-26 for losing)\n|raw|el agente D's rating: 1027 &rarr; <strong>1069<\/strong><br \/>(+42 for winning)\n|c|\u2606Awsomprofoxy|gg\n|c|\u2606Awsomprofoxy|That's a good item against Maushold lol\n|l|\u2606Awsomprofoxy\n|c|\u2606el agente D|Good game, that was really awesome\n","uploadtime":1699407658,"views":12,"p1id":"awsomprofoxy","p2id":"elagented","formatid":"gen9anythinggoes","rating":1056,"private":0,"password":""}