{"id":"gen9anythinggoes-1995119944","p1":"Steeltachi","p2":"Bogaes","format":"[Gen 9] Anything Goes","log":"|j|\u2606Steeltachi\n|j|\u2606Bogaes\n|t:|1700524747\n|gametype|singles\n|player|p1|Steeltachi|clown|\n|player|p2|Bogaes|valerie|\n|teamsize|p1|6\n|teamsize|p2|6\n|gen|9\n|tier|[Gen 9] Anything Goes\n|rule|HP Percentage Mod: HP is shown in percentages\n|rule|Endless Battle Clause: Forcing endless battles is banned\n|clearpoke\n|poke|p1|Ditto|\n|poke|p1|Zoroark-Hisui, F|\n|poke|p1|Zoroark, F|\n|poke|p1|Ursaluna-Bloodmoon, M|\n|poke|p1|Mew|\n|poke|p1|Heracross, F|\n|poke|p2|Ninetales-Alola, F|\n|poke|p2|Rillaboom, F|\n|poke|p2|Gliscor, F|\n|poke|p2|Kleavor, M|\n|poke|p2|Sneasler, F|\n|poke|p2|Jolteon, F|\n|teampreview\n|c|\u2606Bogaes|ok perf, ty\n|c|\u2606Bogaes|sorry about that\n|c|\u2606Bogaes|gl hf man\n|c|\u2606Steeltachi|no worries! you as well!\n|\n|t:|1700524777\n|start\n|switch|p1a: Ditto|Ditto|100\/100\n|switch|p2a: Gliscor|Gliscor, F|100\/100\n|-transform|p1a: Ditto|p2a: Gliscor|[from] ability: Imposter\n|turn|1\n|\n|t:|1700524786\n|move|p2a: Gliscor|Protect|p2a: Gliscor\n|-singleturn|p2a: Gliscor|Protect\n|move|p1a: Ditto|Knock Off|p2a: Gliscor\n|-activate|p2a: Gliscor|move: Protect\n|\n|-status|p2a: Gliscor|tox|[from] item: Toxic Orb\n|upkeep\n|turn|2\n|\n|t:|1700524792\n|move|p1a: Ditto|Knock Off|p2a: Gliscor\n|-damage|p2a: Gliscor|85\/100 tox\n|-enditem|p2a: Gliscor|Toxic Orb|[from] move: Knock Off|[of] p1a: Ditto\n|move|p2a: Gliscor|U-turn|p1a: Ditto\n|-resisted|p1a: Ditto\n|-damage|p1a: Ditto|93\/100\n|-enditem|p1a: Ditto|Red Card|[of] p2a: Gliscor\n|drag|p2a: Sneasler|Sneasler, F|100\/100\n|\n|upkeep\n|turn|3\n|\n|t:|1700524800\n|switch|p2a: Gliscor|Gliscor, F|85\/100 tox\n|move|p1a: Ditto|Knock Off|p2a: Gliscor\n|-damage|p2a: Gliscor|74\/100 tox\n|\n|-heal|p2a: Gliscor|86\/100 tox|[from] ability: Poison Heal\n|upkeep\n|turn|4\n|\n|t:|1700524809\n|move|p1a: Ditto|Protect|p1a: Ditto\n|-singleturn|p1a: Ditto|Protect\n|move|p2a: Gliscor|Knock Off|p1a: Ditto\n|-activate|p1a: Ditto|move: Protect\n|\n|-heal|p2a: Gliscor|99\/100 tox|[from] ability: Poison Heal\n|upkeep\n|turn|5\n|\n|t:|1700524818\n|move|p1a: Ditto|U-turn|p2a: Gliscor\n|-resisted|p2a: Gliscor\n|-damage|p2a: Gliscor|93\/100 tox\n|\n|t:|1700524825\n|switch|p1a: Heracross|Heracross, F|100\/100|[from] U-turn\n|move|p2a: Gliscor|Knock Off|p1a: Heracross\n|-resisted|p1a: Heracross\n|-crit|p1a: Heracross\n|-damage|p1a: Heracross|77\/100\n|-enditem|p1a: Heracross|Choice Band|[from] move: Knock Off|[of] p2a: Gliscor\n|\n|-heal|p2a: Gliscor|100\/100 tox|[from] ability: Poison Heal\n|upkeep\n|turn|6\n|\n|t:|1700524859\n|move|p1a: Heracross|Rock Slide|p2a: Gliscor\n|-damage|p2a: Gliscor|80\/100 tox\n|move|p2a: Gliscor|U-turn|p1a: Heracross\n|-resisted|p1a: Heracross\n|-damage|p1a: Heracross|66\/100\n|\n|t:|1700524898\n|switch|p2a: Sneasler|Sneasler, F|100\/100|[from] U-turn\n|\n|upkeep\n|turn|7\n|\n|t:|1700524907\n|move|p2a: Sneasler|Acrobatics|p1a: Heracross\n|-supereffective|p1a: Heracross\n|-damage|p1a: Heracross|0 fnt\n|faint|p1a: Heracross\n|\n|upkeep\n|\n|t:|1700524920\n|switch|p1a: Ditto|Ditto|93\/100\n|-transform|p1a: Ditto|p2a: Sneasler|[from] ability: Imposter\n|turn|8\n|\n|t:|1700524934\n|switch|p2a: Gliscor|Gliscor, F|80\/100 tox\n|move|p1a: Ditto|Acrobatics|p2a: Gliscor\n|-damage|p2a: Gliscor|45\/100 tox\n|\n|-heal|p2a: Gliscor|58\/100 tox|[from] ability: Poison Heal\n|upkeep\n|turn|9\n|\n|t:|1700524948\n|move|p1a: Ditto|Swords Dance|p1a: Ditto\n|-boost|p1a: Ditto|atk|2\n|move|p2a: Gliscor|Dual Wingbeat|p1a: Ditto\n|-supereffective|p1a: Ditto\n|-damage|p1a: Ditto|50\/100\n|-supereffective|p1a: Ditto\n|-damage|p1a: Ditto|5\/100\n|-hitcount|p1a: Ditto|2\n|\n|-heal|p2a: Gliscor|70\/100 tox|[from] ability: Poison Heal\n|upkeep\n|turn|10\n|\n|t:|1700524966\n|move|p2a: Gliscor|Protect|p2a: Gliscor\n|-singleturn|p2a: Gliscor|Protect\n|move|p1a: Ditto|Acrobatics|p2a: Gliscor\n|-activate|p2a: Gliscor|move: Protect\n|\n|-heal|p2a: Gliscor|83\/100 tox|[from] ability: Poison Heal\n|upkeep\n|turn|11\n|\n|t:|1700524972\n|move|p1a: Ditto|Acrobatics|p2a: Gliscor\n|-damage|p2a: Gliscor|17\/100 tox\n|move|p2a: Gliscor|U-turn|p1a: Ditto\n|-resisted|p1a: Ditto\n|-damage|p1a: Ditto|0 fnt\n|faint|p1a: Ditto\n|\n|t:|1700524979\n|switch|p2a: Rillaboom|Rillaboom, F|100\/100|[from] U-turn\n|-fieldstart|move: Grassy Terrain|[from] ability: Grassy Surge|[of] p2a: Rillaboom\n|\n|upkeep\n|\n|t:|1700524984\n|switch|p1a: Mew|Mew|100\/100\n|turn|12\n|\n|t:|1700525002\n|move|p1a: Mew|Flamethrower|p2a: Rillaboom\n|-supereffective|p2a: Rillaboom\n|-damage|p2a: Rillaboom|50\/100\n|move|p2a: Rillaboom|U-turn|p1a: Mew\n|-supereffective|p1a: Mew\n|-damage|p1a: Mew|0 fnt\n|replace|p1a: Zoroark|Zoroark, F\n|-end|p1a: Zoroark|Illusion\n|faint|p1a: Zoroark\n|\n|t:|1700525013\n|switch|p2a: Ninetales|Ninetales-Alola, F|100\/100|[from] U-turn\n|-weather|Snow|[from] ability: Snow Warning|[of] p2a: Ninetales\n|\n|-weather|Snow|[upkeep]\n|upkeep\n|\n|t:|1700525018\n|switch|p1a: Mew|Mew|100\/100\n|turn|13\n|\n|t:|1700525025\n|move|p1a: Mew|Transform|p2a: Ninetales\n|-transform|p1a: Mew|p2a: Ninetales\n|move|p2a: Ninetales|Blizzard|p1a: Mew\n|-resisted|p1a: Mew\n|-damage|p1a: Mew|75\/100\n|\n|-weather|Snow|[upkeep]\n|-heal|p1a: Mew|81\/100|[from] Grassy Terrain\n|upkeep\n|turn|14\n|\n|t:|1700525056\n|switch|p2a: Gliscor|Gliscor, F|17\/100 tox\n|move|p1a: Mew|Blizzard|p2a: Gliscor\n|-supereffective|p2a: Gliscor\n|-damage|p2a: Gliscor|0 fnt\n|faint|p2a: Gliscor\n|\n|-weather|Snow|[upkeep]\n|-heal|p1a: Mew|87\/100|[from] Grassy Terrain\n|upkeep\n|\n|t:|1700525058\n|switch|p2a: Jolteon|Jolteon, F|100\/100\n|turn|15\n|\n|t:|1700525065\n|move|p1a: Mew|Blizzard|p2a: Jolteon\n|-damage|p2a: Jolteon|50\/100\n|move|p2a: Jolteon|Hyper Voice|p1a: Mew\n|-damage|p1a: Mew|47\/100\n|\n|-weather|Snow|[upkeep]\n|-heal|p1a: Mew|53\/100|[from] Grassy Terrain\n|-heal|p2a: Jolteon|55\/100|[from] Grassy Terrain\n|-fieldend|move: Grassy Terrain\n|upkeep\n|turn|16\n|\n|t:|1700525082\n|move|p1a: Mew|Blizzard|p2a: Jolteon\n|-damage|p2a: Jolteon|0 fnt\n|faint|p2a: Jolteon\n|\n|-weather|none\n|upkeep\n|\n|t:|1700525088\n|switch|p2a: Rillaboom|Rillaboom, F|50\/100\n|-fieldstart|move: Grassy Terrain|[from] ability: Grassy Surge|[of] p2a: Rillaboom\n|turn|17\n|\n|t:|1700525093\n|move|p2a: Rillaboom|Grassy Glide|p1a: Mew\n|-damage|p1a: Mew|0 fnt\n|faint|p1a: Mew\n|\n|-heal|p2a: Rillaboom|56\/100|[from] Grassy Terrain\n|upkeep\n|\n|t:|1700525099\n|switch|p1a: Ursaluna|Ursaluna-Bloodmoon, M|100\/100\n|turn|18\n|\n|t:|1700525106\n|move|p2a: Rillaboom|Grassy Glide|p1a: Ursaluna\n|-damage|p1a: Ursaluna|0 fnt\n|replace|p1a: Zoroark|Zoroark-Hisui, F\n|-end|p1a: Zoroark|Illusion\n|faint|p1a: Zoroark\n|\n|-heal|p2a: Rillaboom|62\/100|[from] Grassy Terrain\n|upkeep\n|\n|t:|1700525112\n|switch|p1a: Ursaluna|Ursaluna-Bloodmoon, M|100\/100\n|turn|19\n|\n|t:|1700525116\n|move|p2a: Rillaboom|Grassy Glide|p1a: Ursaluna\n|-supereffective|p1a: Ursaluna\n|-damage|p1a: Ursaluna|21\/100\n|move|p1a: Ursaluna|Blood Moon|p2a: Rillaboom\n|-damage|p2a: Rillaboom|0 fnt\n|faint|p2a: Rillaboom\n|\n|-heal|p1a: Ursaluna|27\/100|[from] Grassy Terrain\n|-heal|p1a: Ursaluna|33\/100|[from] item: Leftovers\n|upkeep\n|\n|t:|1700525121\n|switch|p2a: Sneasler|Sneasler, F|100\/100\n|-enditem|p2a: Sneasler|Grassy Seed\n|-boost|p2a: Sneasler|def|1|[from] item: Grassy Seed\n|turn|20\n|\n|t:|1700525132\n|move|p2a: Sneasler|Close Combat|p1a: Ursaluna\n|-supereffective|p1a: Ursaluna\n|-damage|p1a: Ursaluna|0 fnt\n|-unboost|p2a: Sneasler|def|1\n|-unboost|p2a: Sneasler|spd|1\n|faint|p1a: Ursaluna\n|\n|win|Bogaes\n|c|\u2606Bogaes|gg\n|c|\u2606Steeltachi|ggs\n","uploadtime":1700525141,"views":26,"p1id":"steeltachi","p2id":"bogaes","formatid":"gen9anythinggoes","rating":0,"private":0,"password":""}