{"id":"gen9anythinggoes-1983079328","p1":"Kayleb1718","p2":"B14z6","format":"[Gen 9] Anything Goes","log":"|j|\u2606Kayleb1718\n|j|\u2606B14z6\n|t:|1699081247\n|gametype|singles\n|player|p1|Kayleb1718|lucas-gen4pt|1424\n|player|p2|B14z6|266|1362\n|teamsize|p1|6\n|teamsize|p2|6\n|gen|9\n|tier|[Gen 9] Anything Goes\n|rated|\n|rule|HP Percentage Mod: HP is shown in percentages\n|rule|Endless Battle Clause: Forcing endless battles is banned\n|clearpoke\n|poke|p1|Zacian-*|\n|poke|p1|Calyrex-Shadow|\n|poke|p1|Urshifu-*, M|\n|poke|p1|Kingambit, M|\n|poke|p1|Miraidon|\n|poke|p1|Arceus-Fire|\n|poke|p2|Iron Thorns|\n|poke|p2|Baxcalibur, F|\n|poke|p2|Gholdengo|\n|poke|p2|Wo-Chien|\n|poke|p2|Chien-Pao|\n|poke|p2|Ting-Lu|\n|teampreview\n|\n|t:|1699081256\n|start\n|switch|p1a: Urshifu|Urshifu-Rapid-Strike, M|100\/100\n|switch|p2a: Iron Thorns|Iron Thorns|100\/100\n|-enditem|p2a: Iron Thorns|Booster Energy\n|-activate|p2a: Iron Thorns|ability: Quark Drive|[fromitem]\n|-start|p2a: Iron Thorns|quarkdriveatk\n|turn|1\n|\n|t:|1699081265\n|move|p1a: Urshifu|Surging Strikes|p2a: Iron Thorns\n|-supereffective|p2a: Iron Thorns\n|-crit|p2a: Iron Thorns\n|-damage|p2a: Iron Thorns|65\/100\n|-supereffective|p2a: Iron Thorns\n|-crit|p2a: Iron Thorns\n|-damage|p2a: Iron Thorns|30\/100\n|-supereffective|p2a: Iron Thorns\n|-crit|p2a: Iron Thorns\n|-damage|p2a: Iron Thorns|0 fnt\n|faint|p2a: Iron Thorns\n|-end|p2a: Iron Thorns|Quark Drive|[silent]\n|-hitcount|p2: Iron Thorns|3\n|\n|upkeep\n|\n|t:|1699081277\n|switch|p2a: Baxcalibur|Baxcalibur, F|100\/100\n|turn|2\n|\n|t:|1699081282\n|-terastallize|p2a: Baxcalibur|Dragon\n|move|p2a: Baxcalibur|Swords Dance|p2a: Baxcalibur\n|-boost|p2a: Baxcalibur|atk|2\n|move|p1a: Urshifu|Drain Punch|p2a: Baxcalibur\n|-damage|p2a: Baxcalibur|62\/100\n|\n|upkeep\n|turn|3\n|\n|t:|1699081296\n|move|p2a: Baxcalibur|Scale Shot|p1a: Urshifu\n|-damage|p1a: Urshifu|64\/100\n|-damage|p1a: Urshifu|25\/100\n|-damage|p1a: Urshifu|0 fnt\n|faint|p1a: Urshifu\n|-hitcount|p1: Urshifu|3\n|-unboost|p2a: Baxcalibur|def|1\n|-boost|p2a: Baxcalibur|spe|1\n|\n|upkeep\n|\n|t:|1699081310\n|switch|p1a: Zacian|Zacian-Crowned, shiny|100\/100\n|-ability|p1a: Zacian|Intrepid Sword|boost\n|-boost|p1a: Zacian|atk|1\n|turn|4\n|\n|t:|1699081320\n|move|p2a: Baxcalibur|Icicle Spear|p1a: Zacian\n|-resisted|p1a: Zacian\n|-damage|p1a: Zacian|87\/100\n|-resisted|p1a: Zacian\n|-damage|p1a: Zacian|73\/100\n|-resisted|p1a: Zacian\n|-damage|p1a: Zacian|61\/100\n|-resisted|p1a: Zacian\n|-damage|p1a: Zacian|47\/100\n|-hitcount|p1a: Zacian|4\n|move|p1a: Zacian|Agility|p1a: Zacian\n|-boost|p1a: Zacian|spe|2\n|\n|upkeep\n|turn|5\n|\n|t:|1699081333\n|move|p1a: Zacian|Play Rough|p2a: Baxcalibur\n|-supereffective|p2a: Baxcalibur\n|-damage|p2a: Baxcalibur|0 fnt\n|faint|p2a: Baxcalibur\n|\n|upkeep\n|\n|t:|1699081343\n|switch|p2a: Wo-Chien|Wo-Chien|100\/100\n|-ability|p2a: Wo-Chien|Tablets of Ruin\n|turn|6\n|\n|t:|1699081348\n|move|p1a: Zacian|Sacred Sword|p2a: Wo-Chien\n|-supereffective|p2a: Wo-Chien\n|-crit|p2a: Wo-Chien\n|-damage|p2a: Wo-Chien|0 fnt\n|faint|p2a: Wo-Chien\n|\n|upkeep\n|\n|t:|1699081358\n|switch|p2a: Chien-Pao|Chien-Pao|100\/100\n|-ability|p2a: Chien-Pao|Sword of Ruin\n|turn|7\n|\n|t:|1699081364\n|move|p1a: Zacian|Sacred Sword|p2a: Chien-Pao\n|-supereffective|p2a: Chien-Pao\n|-enditem|p2a: Chien-Pao|Focus Sash\n|-damage|p2a: Chien-Pao|1\/100\n|move|p2a: Chien-Pao|Sacred Sword|p1a: Zacian\n|-damage|p1a: Zacian|11\/100\n|\n|upkeep\n|turn|8\n|\n|t:|1699081375\n|move|p2a: Chien-Pao|Ice Shard|p1a: Zacian\n|-resisted|p1a: Zacian\n|-damage|p1a: Zacian|0 fnt\n|faint|p1a: Zacian\n|\n|upkeep\n|\n|t:|1699081380\n|switch|p1a: Arceus|Arceus-Fire|100\/100\n|turn|9\n|\n|t:|1699081386\n|move|p1a: Arceus|Extreme Speed|p2a: Chien-Pao\n|-damage|p2a: Chien-Pao|0 fnt\n|faint|p2a: Chien-Pao\n|\n|upkeep\n|\n|t:|1699081391\n|switch|p2a: Ting-Lu|Ting-Lu|100\/100\n|-ability|p2a: Ting-Lu|Vessel of Ruin\n|turn|10\n|\n|t:|1699081397\n|move|p1a: Arceus|Dragon Dance|p1a: Arceus\n|-boost|p1a: Arceus|atk|1\n|-boost|p1a: Arceus|spe|1\n|move|p2a: Ting-Lu|Earthquake|p1a: Arceus\n|-supereffective|p1a: Arceus\n|-damage|p1a: Arceus|20\/100\n|\n|upkeep\n|turn|11\n|\n|t:|1699081407\n|move|p1a: Arceus|Extreme Speed|p2a: Ting-Lu\n|-damage|p2a: Ting-Lu|81\/100\n|move|p2a: Ting-Lu|Earthquake|p1a: Arceus\n|-supereffective|p1a: Arceus\n|-damage|p1a: Arceus|0 fnt\n|faint|p1a: Arceus\n|\n|upkeep\n|\n|t:|1699081417\n|switch|p1a: Calyrex|Calyrex-Shadow|100\/100\n|-ability|p1a: Calyrex|As One\n|-ability|p1a: Calyrex|Unnerve\n|turn|12\n|\n|t:|1699081427\n|move|p1a: Calyrex|Draining Kiss|p2a: Ting-Lu\n|-supereffective|p2a: Ting-Lu\n|-damage|p2a: Ting-Lu|66\/100\n|move|p2a: Ting-Lu|Throat Chop|p1a: Calyrex\n|-supereffective|p1a: Calyrex\n|-damage|p1a: Calyrex|0 fnt\n|faint|p1a: Calyrex\n|\n|upkeep\n|\n|t:|1699081435\n|switch|p1a: Miraidon|Miraidon|100\/100\n|-fieldstart|move: Electric Terrain|[from] ability: Hadron Engine|[of] p1a: Miraidon\n|turn|13\n|\n|t:|1699081442\n|move|p1a: Miraidon|Dragon Pulse|p2a: Ting-Lu\n|-damage|p2a: Ting-Lu|39\/100\n|move|p2a: Ting-Lu|Earthquake|p1a: Miraidon\n|-supereffective|p1a: Miraidon\n|-damage|p1a: Miraidon|2\/100\n|\n|-heal|p1a: Miraidon|8\/100|[from] item: Leftovers\n|upkeep\n|turn|14\n|\n|t:|1699081461\n|move|p1a: Miraidon|Dragon Pulse|p2a: Ting-Lu\n|-damage|p2a: Ting-Lu|14\/100\n|move|p2a: Ting-Lu|Earthquake|p1a: Miraidon\n|-supereffective|p1a: Miraidon\n|-damage|p1a: Miraidon|0 fnt\n|faint|p1a: Miraidon\n|\n|upkeep\n|\n|t:|1699081469\n|switch|p1a: Kingambit|Kingambit, M|100\/100\n|-activate|p1a: Kingambit|ability: Supreme Overlord\n|-start|p1a: Kingambit|fallen5|[silent]\n|turn|15\n|\n|t:|1699081480\n|move|p1a: Kingambit|Sucker Punch|p2a: Ting-Lu\n|-resisted|p2a: Ting-Lu\n|-damage|p2a: Ting-Lu|0 fnt\n|faint|p2a: Ting-Lu\n|\n|upkeep\n|\n|t:|1699081488\n|switch|p2a: Gholdengo|Gholdengo|100\/100\n|turn|16\n|\n|t:|1699081493\n|move|p1a: Kingambit|Sucker Punch|p2a: Gholdengo\n|-supereffective|p2a: Gholdengo\n|-damage|p2a: Gholdengo|0 fnt\n|faint|p2a: Gholdengo\n|\n|win|Kayleb1718\n|raw|Kayleb1718's rating: 1424 &rarr; <strong>1440<\/strong><br \/>(+16 for winning)\n|raw|B14z6's rating: 1362 &rarr; <strong>1346<\/strong><br \/>(-16 for losing)\n|l|\u2606B14z6\n|c|\u2606Kayleb1718|Gg\n","uploadtime":1699081505,"views":4,"p1id":"kayleb1718","p2id":"b14z6","formatid":"gen9anythinggoes","rating":1346,"private":0,"password":""}