{"id":"gen9anythinggoes-1993048596","p1":"voqgz on tiktok","p2":"AlmightyGamer1221","format":"[Gen 9] Anything Goes","log":"|j|\u2606voqgz on tiktok\n|j|\u203dAlmightyGamer1221\n|t:|1700259070\n|gametype|singles\n|player|p1|voqgz on tiktok|265|1159\n|player|p2|AlmightyGamer1221|265|1341\n|teamsize|p1|6\n|teamsize|p2|6\n|gen|9\n|tier|[Gen 9] Anything Goes\n|rated|\n|rule|HP Percentage Mod: HP is shown in percentages\n|rule|Endless Battle Clause: Forcing endless battles is banned\n|clearpoke\n|poke|p1|Jolteon, M|\n|poke|p1|Chi-Yu|\n|poke|p1|Meowscarada, M|\n|poke|p1|Gothitelle, F|\n|poke|p1|Gliscor, F|\n|poke|p1|Ursaluna-Bloodmoon, M|\n|poke|p2|Kingambit, F|\n|poke|p2|Iron Valiant|\n|poke|p2|Garchomp, F|\n|poke|p2|Arcanine-Hisui, F|\n|poke|p2|Manaphy|\n|poke|p2|Gengar, F|\n|teampreview\n|\n|t:|1700259076\n|start\n|switch|p1a: Jolteon|Jolteon, M|100\/100\n|switch|p2a: Iron Valiant|Iron Valiant, shiny|100\/100\n|-item|p1a: Jolteon|Air Balloon\n|-enditem|p2a: Iron Valiant|Booster Energy\n|-activate|p2a: Iron Valiant|ability: Quark Drive|[fromitem]\n|-start|p2a: Iron Valiant|quarkdrivespe\n|turn|1\n|\n|t:|1700259087\n|move|p2a: Iron Valiant|Spirit Break|p1a: Jolteon\n|-damage|p1a: Jolteon|45\/100\n|-unboost|p1a: Jolteon|spa|1\n|-enditem|p1a: Jolteon|Air Balloon\n|move|p1a: Jolteon|Calm Mind|p1a: Jolteon\n|-boost|p1a: Jolteon|spa|1\n|-boost|p1a: Jolteon|spd|1\n|\n|upkeep\n|turn|2\n|\n|t:|1700259096\n|move|p2a: Iron Valiant|Spirit Break|p1a: Jolteon\n|-damage|p1a: Jolteon|0 fnt\n|faint|p1a: Jolteon\n|\n|upkeep\n|\n|t:|1700259108\n|switch|p1a: Gothitelle|Gothitelle, F|100\/100\n|turn|3\n|\n|t:|1700259113\n|move|p2a: Iron Valiant|Spirit Break|p1a: Gothitelle\n|-damage|p1a: Gothitelle|58\/100\n|-unboost|p1a: Gothitelle|spa|1\n|move|p1a: Gothitelle|Trick Room|p1a: Gothitelle\n|-fieldstart|move: Trick Room|[of] p1a: Gothitelle\n|\n|upkeep\n|turn|4\n|\n|t:|1700259120\n|move|p1a: Gothitelle|Calm Mind|p1a: Gothitelle\n|-boost|p1a: Gothitelle|spa|1\n|-boost|p1a: Gothitelle|spd|1\n|move|p2a: Iron Valiant|Spirit Break|p1a: Gothitelle\n|-damage|p1a: Gothitelle|15\/100\n|-unboost|p1a: Gothitelle|spa|1\n|\n|upkeep\n|turn|5\n|\n|t:|1700259128\n|move|p1a: Gothitelle|Future Sight|p2a: Iron Valiant\n|-start|p1a: Gothitelle|move: Future Sight\n|move|p2a: Iron Valiant|Spirit Break|p1a: Gothitelle\n|-damage|p1a: Gothitelle|0 fnt\n|faint|p1a: Gothitelle\n|\n|upkeep\n|\n|t:|1700259136\n|switch|p1a: Gliscor|Gliscor, F|100\/100\n|turn|6\n|\n|t:|1700259149\n|-terastallize|p2a: Iron Valiant|Steel\n|move|p1a: Gliscor|Earthquake|p2a: Iron Valiant\n|-supereffective|p2a: Iron Valiant\n|-damage|p2a: Iron Valiant|0 fnt\n|faint|p2a: Iron Valiant\n|-end|p2a: Iron Valiant|Quark Drive|[silent]\n|\n|upkeep\n|\n|t:|1700259162\n|switch|p2a: Kingambit|Kingambit, F, shiny|100\/100\n|-activate|p2a: Kingambit|ability: Supreme Overlord\n|-start|p2a: Kingambit|fallen1|[silent]\n|turn|7\n|\n|t:|1700259170\n|move|p2a: Kingambit|Kowtow Cleave|p1a: Gliscor\n|-damage|p1a: Gliscor|60\/100\n|move|p1a: Gliscor|Earthquake|p2a: Kingambit\n|-supereffective|p2a: Kingambit\n|-damage|p2a: Kingambit|31\/100\n|\n|-end|p2a: Kingambit|move: Future Sight\n|-immune|p2a: Kingambit\n|-fieldend|move: Trick Room\n|upkeep\n|turn|8\n|\n|t:|1700259178\n|move|p2a: Kingambit|Sucker Punch|p1a: Gliscor\n|-damage|p1a: Gliscor|25\/100\n|move|p1a: Gliscor|Earthquake|p2a: Kingambit\n|-supereffective|p2a: Kingambit\n|-damage|p2a: Kingambit|0 fnt\n|faint|p2a: Kingambit\n|-end|p2a: Kingambit|fallen1|[silent]\n|\n|upkeep\n|\n|t:|1700259207\n|switch|p2a: Garchomp|Garchomp, F, shiny|100\/100\n|turn|9\n|\n|t:|1700259221\n|move|p2a: Garchomp|Scale Shot|p1a: Gliscor\n|-damage|p1a: Gliscor|13\/100\n|-damage|p1a: Gliscor|3\/100\n|-crit|p1a: Gliscor\n|-damage|p1a: Gliscor|0 fnt\n|faint|p1a: Gliscor\n|-hitcount|p1: Gliscor|3\n|-unboost|p2a: Garchomp|def|1\n|-boost|p2a: Garchomp|spe|1\n|\n|upkeep\n|\n|t:|1700259231\n|switch|p1a: Ursaluna|Ursaluna-Bloodmoon, M|100\/100\n|turn|10\n|\n|t:|1700259239\n|move|p2a: Garchomp|Earthquake|p1a: Ursaluna\n|-damage|p1a: Ursaluna|67\/100\n|move|p1a: Ursaluna|Moonblast|p2a: Garchomp\n|-supereffective|p2a: Garchomp\n|-damage|p2a: Garchomp|39\/100\n|\n|-heal|p1a: Ursaluna|73\/100|[from] item: Leftovers\n|upkeep\n|turn|11\n|\n|t:|1700259248\n|move|p2a: Garchomp|Earthquake|p1a: Ursaluna\n|-damage|p1a: Ursaluna|42\/100\n|move|p1a: Ursaluna|Moonblast|p2a: Garchomp\n|-supereffective|p2a: Garchomp\n|-damage|p2a: Garchomp|0 fnt\n|faint|p2a: Garchomp\n|\n|-heal|p1a: Ursaluna|49\/100|[from] item: Leftovers\n|upkeep\n|\n|t:|1700259270\n|switch|p2a: Manaphy|Manaphy, shiny|100\/100\n|turn|12\n|\n|t:|1700259277\n|move|p2a: Manaphy|Scald|p1a: Ursaluna\n|-supereffective|p1a: Ursaluna\n|-damage|p1a: Ursaluna|0 fnt\n|faint|p1a: Ursaluna\n|\n|upkeep\n|\n|t:|1700259282\n|switch|p1a: Meowscarada|Meowscarada, M|100\/100\n|turn|13\n|\n|t:|1700259289\n|switch|p2a: Arcanine|Arcanine-Hisui, F, shiny|100\/100\n|move|p1a: Meowscarada|Knock Off|p2a: Arcanine\n|-start|p1a: Meowscarada|typechange|Dark|[from] ability: Protean\n|-damage|p2a: Arcanine|48\/100\n|-enditem|p2a: Arcanine|Muscle Band|[from] move: Knock Off|[of] p1a: Meowscarada\n|\n|upkeep\n|turn|14\n|\n|t:|1700259300\n|move|p1a: Meowscarada|Knock Off|p2a: Arcanine\n|-damage|p2a: Arcanine|9\/100\n|move|p2a: Arcanine|Head Smash|p1a: Meowscarada\n|-damage|p1a: Meowscarada|2\/100\n|\n|upkeep\n|turn|15\n|\n|t:|1700259308\n|move|p1a: Meowscarada|Knock Off|p2a: Arcanine\n|-damage|p2a: Arcanine|0 fnt\n|faint|p2a: Arcanine\n|\n|upkeep\n|\n|t:|1700259320\n|switch|p2a: Gengar|Gengar, F, shiny|100\/100\n|turn|16\n|\n|t:|1700259327\n|move|p1a: Meowscarada|Knock Off|p2a: Gengar\n|-supereffective|p2a: Gengar\n|-damage|p2a: Gengar|0 fnt\n|-enditem|p2a: Gengar|Wise Glasses|[from] move: Knock Off|[of] p1a: Meowscarada\n|faint|p2a: Gengar\n|\n|upkeep\n|\n|t:|1700259332\n|switch|p2a: Manaphy|Manaphy, shiny|100\/100\n|turn|17\n|\n|t:|1700259339\n|move|p1a: Meowscarada|Knock Off|p2a: Manaphy\n|-damage|p2a: Manaphy|65\/100\n|-enditem|p2a: Manaphy|Leftovers|[from] move: Knock Off|[of] p1a: Meowscarada\n|move|p2a: Manaphy|Acid Armor|p2a: Manaphy\n|-boost|p2a: Manaphy|def|2\n|\n|upkeep\n|turn|18\n|\n|t:|1700259348\n|move|p1a: Meowscarada|Knock Off|p2a: Manaphy\n|-damage|p2a: Manaphy|54\/100\n|move|p2a: Manaphy|Scald|p1a: Meowscarada\n|-damage|p1a: Meowscarada|0 fnt\n|faint|p1a: Meowscarada\n|\n|upkeep\n|\n|t:|1700259354\n|switch|p1a: Chi-Yu|Chi-Yu|100\/100\n|-ability|p1a: Chi-Yu|Beads of Ruin\n|turn|19\n|\n|t:|1700259362\n|-terastallize|p1a: Chi-Yu|Water\n|move|p1a: Chi-Yu|Dark Pulse|p2a: Manaphy\n|-damage|p2a: Manaphy|12\/100\n|move|p2a: Manaphy|Take Heart|p2a: Manaphy\n|-boost|p2a: Manaphy|spa|1\n|-boost|p2a: Manaphy|spd|1\n|\n|upkeep\n|turn|20\n|\n|t:|1700259369\n|move|p1a: Chi-Yu|Dark Pulse|p2a: Manaphy\n|-damage|p2a: Manaphy|0 fnt\n|faint|p2a: Manaphy\n|\n|win|voqgz on tiktok\n|raw|voqgz on tiktok's rating: 1159 &rarr; <strong>1196<\/strong><br \/>(+37 for winning)\n|raw|AlmightyGamer1221's rating: 1341 &rarr; <strong>1311<\/strong><br \/>(-30 for losing)\n|l|\u203dAlmightyGamer1221\n","uploadtime":1700259386,"views":5,"p1id":"voqgzontiktok","p2id":"almightygamer1221","formatid":"gen9anythinggoes","rating":1196,"private":0,"password":""}