{"id":"gen9anythinggoes-1979596387","p1":"antdursan98","p2":"Pablo331","format":"[Gen 9] Anything Goes","log":"|j|\u2606antdursan98\n|j|\u2606Pablo331\n|t:|1698695291\n|gametype|singles\n|player|p1|antdursan98|2|\n|player|p2|Pablo331|wally|\n|teamsize|p1|6\n|teamsize|p2|6\n|gen|9\n|tier|[Gen 9] Anything Goes\n|rule|HP Percentage Mod: HP is shown in percentages\n|rule|Endless Battle Clause: Forcing endless battles is banned\n|clearpoke\n|poke|p1|Meowscarada, M|\n|poke|p1|Clodsire, M|\n|poke|p1|Dragapult, M|\n|poke|p1|Moltres|\n|poke|p1|Iron Treads|\n|poke|p1|Hatterene, F|\n|poke|p2|Glimmora, M|\n|poke|p2|Iron Valiant|\n|poke|p2|Torkoal, M|\n|poke|p2|Lilligant-Hisui, F|\n|poke|p2|Braviary, M|\n|poke|p2|Goodra, M|\n|teampreview\n|l|\u2606Pablo331\n|player|p2|\n|inactive|Battle timer is ON: inactive players will automatically lose when time's up. (requested by antdursan98)\n|j| Okutum\n|j|\u2606Pablo331\n|inactive|Pablo331 reconnected and has 300 seconds left.\n|player|p2|Pablo331|wally\n|inactiveoff|Battle timer is now OFF.\n|c|\u2606Pablo331|Suerte\n|c|\u2606antdursan98|Suertee\n|\n|t:|1698695343\n|start\n|switch|p1a: Meowscarada|Meowscarada, M|100\/100\n|switch|p2a: Speedy|Torkoal, M, shiny|100\/100\n|-weather|SunnyDay|[from] ability: Drought|[of] p2a: Speedy\n|turn|1\n|j| pepitodecrema\n|\n|t:|1698695354\n|move|p1a: Meowscarada|U-turn|p2a: Speedy\n|-start|p1a: Meowscarada|typechange|Bug|[from] ability: Protean\n|-resisted|p2a: Speedy\n|-damage|p2a: Speedy|91\/100\n|\n|t:|1698695361\n|switch|p1a: Hatterene|Hatterene, F|100\/100|[from] U-turn\n|move|p2a: Speedy|Will-O-Wisp|p1a: Hatterene\n|move|p1a: Hatterene|Will-O-Wisp|p2a: Speedy|[from]ability: Magic Bounce\n|-immune|p2a: Speedy\n|\n|-weather|SunnyDay|[upkeep]\n|upkeep\n|turn|2\n|\n|t:|1698695384\n|switch|p2a: Cubo Gelatinoso|Goodra, M, shiny|100\/100\n|move|p1a: Hatterene|Nuzzle|p2a: Cubo Gelatinoso\n|-resisted|p2a: Cubo Gelatinoso\n|-damage|p2a: Cubo Gelatinoso|99\/100\n|-status|p2a: Cubo Gelatinoso|par\n|\n|-weather|SunnyDay|[upkeep]\n|upkeep\n|turn|3\n|\n|t:|1698695417\n|move|p2a: Cubo Gelatinoso|Knock Off|p1a: Hatterene\n|-damage|p1a: Hatterene|80\/100\n|-enditem|p1a: Hatterene|Leftovers|[from] move: Knock Off|[of] p2a: Cubo Gelatinoso\n|move|p1a: Hatterene|Calm Mind|p1a: Hatterene\n|-boost|p1a: Hatterene|spa|1\n|-boost|p1a: Hatterene|spd|1\n|\n|-weather|SunnyDay|[upkeep]\n|upkeep\n|turn|4\n|\n|t:|1698695442\n|move|p2a: Cubo Gelatinoso|Sludge Bomb|p1a: Hatterene\n|-supereffective|p1a: Hatterene\n|-damage|p1a: Hatterene|56\/100\n|-status|p1a: Hatterene|psn\n|move|p1a: Hatterene|Draining Kiss|p2a: Cubo Gelatinoso\n|-supereffective|p2a: Cubo Gelatinoso\n|-damage|p2a: Cubo Gelatinoso|72\/100 par\n|-heal|p1a: Hatterene|80\/100 psn|[from] drain|[of] p2a: Cubo Gelatinoso\n|\n|-weather|SunnyDay|[upkeep]\n|-damage|p1a: Hatterene|67\/100 psn|[from] psn\n|upkeep\n|turn|5\n|\n|t:|1698695458\n|move|p2a: Cubo Gelatinoso|Sludge Bomb|p1a: Hatterene\n|-supereffective|p1a: Hatterene\n|-damage|p1a: Hatterene|41\/100 psn\n|move|p1a: Hatterene|Draining Kiss|p2a: Cubo Gelatinoso\n|-supereffective|p2a: Cubo Gelatinoso\n|-damage|p2a: Cubo Gelatinoso|44\/100 par\n|-heal|p1a: Hatterene|67\/100 psn|[from] drain|[of] p2a: Cubo Gelatinoso\n|\n|-weather|none\n|-damage|p1a: Hatterene|54\/100 psn|[from] psn\n|upkeep\n|turn|6\n|\n|t:|1698695474\n|switch|p2a: Petunia|Glimmora, M, shiny|100\/100\n|move|p1a: Hatterene|Draining Kiss|p2a: Petunia\n|-resisted|p2a: Petunia\n|-damage|p2a: Petunia|80\/100\n|-heal|p1a: Hatterene|69\/100 psn|[from] drain|[of] p2a: Petunia\n|\n|-damage|p1a: Hatterene|57\/100 psn|[from] psn\n|upkeep\n|turn|7\n|\n|t:|1698695487\n|move|p2a: Petunia|Sludge Wave|p1a: Hatterene\n|-supereffective|p1a: Hatterene\n|-damage|p1a: Hatterene|0 fnt\n|faint|p1a: Hatterene\n|\n|upkeep\n|\n|t:|1698695513\n|switch|p1a: Iron Treads|Iron Treads|100\/100\n|-enditem|p1a: Iron Treads|Booster Energy\n|-activate|p1a: Iron Treads|ability: Quark Drive|[fromitem]\n|-start|p1a: Iron Treads|quarkdrivespe\n|turn|8\n|\n|t:|1698695529\n|move|p1a: Iron Treads|Volt Switch|p2a: Petunia\n|-damage|p2a: Petunia|65\/100\n|\n|t:|1698695533\n|-end|p1a: Iron Treads|Quark Drive|[silent]\n|switch|p1a: Clodsire|Clodsire, M|100\/100|[from] Volt Switch\n|move|p2a: Petunia|Earth Power|p1a: Clodsire\n|-supereffective|p1a: Clodsire\n|-damage|p1a: Clodsire|60\/100\n|\n|-heal|p1a: Clodsire|66\/100|[from] item: Black Sludge\n|upkeep\n|turn|9\n|\n|t:|1698695545\n|move|p2a: Petunia|Earth Power|p1a: Clodsire\n|-supereffective|p1a: Clodsire\n|-damage|p1a: Clodsire|31\/100\n|-unboost|p1a: Clodsire|spd|1\n|move|p1a: Clodsire|Earthquake|p2a: Petunia\n|-supereffective|p2a: Petunia\n|-damage|p2a: Petunia|0 fnt\n|-activate|p2a: Petunia|ability: Toxic Debris\n|-sidestart|p1: antdursan98|move: Toxic Spikes\n|faint|p2a: Petunia\n|\n|-heal|p1a: Clodsire|37\/100|[from] item: Black Sludge\n|upkeep\n|\n|t:|1698695570\n|switch|p2a: Revali|Braviary, M, shiny|100\/100\n|turn|10\n|\n|t:|1698695576\n|switch|p1a: Moltres|Moltres|100\/100\n|-terastallize|p2a: Revali|Steel\n|move|p2a: Revali|Zen Headbutt|p1a: Moltres\n|-crit|p1a: Moltres\n|-damage|p1a: Moltres|65\/100\n|\n|upkeep\n|turn|11\n|\n|t:|1698695592\n|move|p2a: Revali|Rock Slide|p1a: Moltres|[miss]\n|-miss|p2a: Revali|p1a: Moltres\n|move|p1a: Moltres|Roost|p1a: Moltres\n|-heal|p1a: Moltres|100\/100\n|-singleturn|p1a: Moltres|move: Roost\n|\n|upkeep\n|turn|12\n|\n|t:|1698695620\n|switch|p1a: Iron Treads|Iron Treads|100\/100\n|move|p2a: Revali|U-turn|p1a: Iron Treads\n|-resisted|p1a: Iron Treads\n|-damage|p1a: Iron Treads|91\/100\n|l|\u2606Pablo331\n|player|p2|\n|j|\u2606Pablo331\n|player|p2|Pablo331|wally\n|n|\u2606Pablo331|pablo331\n|\n|t:|1698695651\n|switch|p2a: Lilly|Lilligant-Hisui, F, shiny|100\/100|[from] U-turn\n|\n|upkeep\n|turn|13\n|\n|t:|1698695660\n|-end|p1a: Iron Treads|Quark Drive|[silent]\n|switch|p1a: Moltres|Moltres|100\/100\n|move|p2a: Lilly|Close Combat|p1a: Moltres\n|-resisted|p1a: Moltres\n|-damage|p1a: Moltres|80\/100\n|-unboost|p2a: Lilly|def|1\n|-unboost|p2a: Lilly|spd|1\n|-status|p2a: Lilly|brn|[from] ability: Flame Body|[of] p1a: Moltres\n|\n|-damage|p2a: Lilly|94\/100 brn|[from] brn\n|upkeep\n|turn|14\n|\n|t:|1698695678\n|switch|p2a: Speedy|Torkoal, M, shiny|91\/100\n|-weather|SunnyDay|[from] ability: Drought|[of] p2a: Speedy\n|move|p1a: Moltres|Air Slash|p2a: Speedy\n|-damage|p2a: Speedy|47\/100\n|\n|-weather|SunnyDay|[upkeep]\n|upkeep\n|turn|15\n|\n|t:|1698695704\n|move|p1a: Moltres|U-turn|p2a: Speedy\n|-resisted|p2a: Speedy\n|-damage|p2a: Speedy|43\/100\n|\n|t:|1698695729\n|switch|p1a: Dragapult|Dragapult, M|100\/100|[from] U-turn\n|-status|p1a: Dragapult|psn\n|move|p2a: Speedy|Stealth Rock|p1a: Dragapult\n|-sidestart|p1: antdursan98|move: Stealth Rock\n|\n|-weather|SunnyDay|[upkeep]\n|-damage|p1a: Dragapult|88\/100 psn|[from] psn\n|upkeep\n|turn|16\n|\n|t:|1698695752\n|move|p1a: Dragapult|U-turn|p2a: Speedy\n|-resisted|p2a: Speedy\n|-damage|p2a: Speedy|32\/100\n|\n|t:|1698695761\n|switch|p1a: Moltres|Moltres|80\/100|[from] U-turn\n|move|p2a: Speedy|Overheat|p1a: Moltres\n|-resisted|p1a: Moltres\n|-damage|p1a: Moltres|50\/100\n|-unboost|p2a: Speedy|spa|2\n|\n|-weather|SunnyDay|[upkeep]\n|upkeep\n|turn|17\n|\n|t:|1698695780\n|switch|p2a: Revali|Braviary, M, shiny, tera:Steel|100\/100\n|move|p1a: Moltres|Roost|p1a: Moltres\n|-heal|p1a: Moltres|99\/100\n|-singleturn|p1a: Moltres|move: Roost\n|\n|-weather|SunnyDay|[upkeep]\n|upkeep\n|turn|18\n|\n|t:|1698695811\n|move|p2a: Revali|Shadow Claw|p1a: Moltres\n|-damage|p1a: Moltres|84\/100\n|move|p1a: Moltres|Flamethrower|p2a: Revali\n|-supereffective|p2a: Revali\n|-damage|p2a: Revali|0 fnt\n|faint|p2a: Revali\n|\n|-weather|none\n|upkeep\n|\n|t:|1698695826\n|switch|p2a: Them|Iron Valiant, shiny|100\/100\n|-enditem|p2a: Them|Booster Energy\n|-activate|p2a: Them|ability: Quark Drive|[fromitem]\n|-start|p2a: Them|quarkdrivespe\n|turn|19\n|\n|t:|1698695836\n|move|p2a: Them|Thunderbolt|p1a: Moltres\n|-supereffective|p1a: Moltres\n|-damage|p1a: Moltres|18\/100\n|move|p1a: Moltres|Air Slash|p2a: Them\n|-supereffective|p2a: Them\n|-damage|p2a: Them|0 fnt\n|faint|p2a: Them\n|-end|p2a: Them|Quark Drive|[silent]\n|\n|upkeep\n|\n|t:|1698695848\n|switch|p2a: Speedy|Torkoal, M, shiny|32\/100\n|-weather|SunnyDay|[from] ability: Drought|[of] p2a: Speedy\n|turn|20\n|\n|t:|1698695892\n|move|p1a: Moltres|Air Slash|p2a: Speedy\n|-damage|p2a: Speedy|0 fnt\n|faint|p2a: Speedy\n|\n|-weather|SunnyDay|[upkeep]\n|upkeep\n|\n|t:|1698695901\n|switch|p2a: Lilly|Lilligant-Hisui, F, shiny|94\/100 brn\n|turn|21\n|l| Okutum\n|\n|t:|1698695922\n|switch|p1a: Clodsire|Clodsire, M|37\/100\n|-sideend|p1: antdursan98|move: Toxic Spikes|[of] p1a: Clodsire\n|-damage|p1a: Clodsire|31\/100|[from] Stealth Rock\n|move|p2a: Lilly|Solar Blade||[still]\n|-prepare|p2a: Lilly|Solar Blade\n|-anim|p2a: Lilly|Solar Blade|p1a: Clodsire\n|-damage|p1a: Clodsire|0 fnt\n|faint|p1a: Clodsire\n|\n|-weather|SunnyDay|[upkeep]\n|-heal|p2a: Lilly|100\/100 brn|[from] item: Leftovers\n|-damage|p2a: Lilly|94\/100 brn|[from] brn\n|upkeep\n|\n|t:|1698695937\n|switch|p1a: Moltres|Moltres|18\/100\n|turn|22\n|\n|t:|1698695943\n|move|p2a: Lilly|Solar Blade||[still]\n|-prepare|p2a: Lilly|Solar Blade\n|-anim|p2a: Lilly|Solar Blade|p1a: Moltres\n|-resisted|p1a: Moltres\n|-damage|p1a: Moltres|12\/100\n|move|p1a: Moltres|Roost|p1a: Moltres\n|-heal|p1a: Moltres|62\/100\n|-singleturn|p1a: Moltres|move: Roost\n|\n|-weather|SunnyDay|[upkeep]\n|-heal|p2a: Lilly|100\/100 brn|[from] item: Leftovers\n|-damage|p2a: Lilly|94\/100 brn|[from] brn\n|upkeep\n|turn|23\n|\n|t:|1698695956\n|move|p2a: Lilly|Victory Dance|p2a: Lilly\n|-boost|p2a: Lilly|atk|1\n|-boost|p2a: Lilly|def|1\n|-boost|p2a: Lilly|spe|1\n|move|p1a: Moltres|Roost|p1a: Moltres\n|-heal|p1a: Moltres|100\/100\n|-singleturn|p1a: Moltres|move: Roost\n|\n|-weather|SunnyDay|[upkeep]\n|-heal|p2a: Lilly|100\/100 brn|[from] item: Leftovers\n|-damage|p2a: Lilly|94\/100 brn|[from] brn\n|upkeep\n|turn|24\n|\n|t:|1698695968\n|move|p2a: Lilly|Victory Dance|p2a: Lilly\n|-boost|p2a: Lilly|atk|1\n|-boost|p2a: Lilly|def|1\n|-boost|p2a: Lilly|spe|1\n|move|p1a: Moltres|Air Slash|p2a: Lilly\n|-supereffective|p2a: Lilly\n|-damage|p2a: Lilly|0 fnt\n|faint|p2a: Lilly\n|\n|-weather|none\n|upkeep\n|\n|t:|1698695978\n|switch|p2a: Cubo Gelatinoso|Goodra, M, shiny|44\/100 par\n|turn|25\n|\n|t:|1698696008\n|move|p1a: Moltres|U-turn|p2a: Cubo Gelatinoso\n|-damage|p2a: Cubo Gelatinoso|32\/100 par\n|\n|t:|1698696010\n|switch|p1a: Iron Treads|Iron Treads|91\/100|[from] U-turn\n|-damage|p1a: Iron Treads|88\/100|[from] Stealth Rock\n|move|p2a: Cubo Gelatinoso|Scald|p1a: Iron Treads\n|-supereffective|p1a: Iron Treads\n|-damage|p1a: Iron Treads|31\/100\n|\n|upkeep\n|turn|26\n|\n|t:|1698696027\n|move|p1a: Iron Treads|Ice Spinner|p2a: Cubo Gelatinoso\n|-supereffective|p2a: Cubo Gelatinoso\n|-damage|p2a: Cubo Gelatinoso|0 fnt\n|faint|p2a: Cubo Gelatinoso\n|\n|win|antdursan98\n|c|\u2606Pablo331|Gg\n|c|\u2606antdursan98|gg\n|c|\u2606Pablo331|lo pasas tu?\n|c|\u2606antdursan98|s\u00ed\n","uploadtime":1698696052,"views":36,"p1id":"antdursan98","p2id":"pablo331","formatid":"gen9anythinggoes","rating":0,"private":0,"password":""}