{"id":"gen9anythinggoes-1988177087","p1":"EELiott","p2":"pdogulus","format":"[Gen 9] Anything Goes","log":"|j|\u2606EELiott\n|j|\u2606pdogulus\n|t:|1699680001\n|gametype|singles\n|player|p1|EELiott|265|1111\n|player|p2|pdogulus|265|1016\n|teamsize|p1|6\n|teamsize|p2|6\n|gen|9\n|tier|[Gen 9] Anything Goes\n|rated|\n|rule|HP Percentage Mod: HP is shown in percentages\n|rule|Endless Battle Clause: Forcing endless battles is banned\n|clearpoke\n|poke|p1|Maushold-Four|\n|poke|p1|Maushold-Four|\n|poke|p1|Maushold-Four|\n|poke|p1|Maushold-Four|\n|poke|p1|Maushold-Four|\n|poke|p1|Maushold-Four|\n|poke|p2|Lucario, M|\n|poke|p2|Rayquaza|\n|poke|p2|Chandelure, F|\n|poke|p2|Kyogre|\n|poke|p2|Dusknoir, M|\n|poke|p2|Chi-Yu|\n|teampreview\n|inactive|Battle timer is ON: inactive players will automatically lose when time's up. (requested by EELiott)\n|\n|t:|1699680008\n|start\n|switch|p1a: Maushold|Maushold-Four|100\/100\n|switch|p2a: Lucario|Lucario, M|100\/100\n|turn|1\n|\n|t:|1699680016\n|-terastallize|p2a: Lucario|Fighting\n|move|p1a: Maushold|Population Bomb|p2a: Lucario\n|-damage|p2a: Lucario|84\/100\n|-damage|p2a: Lucario|68\/100\n|-crit|p2a: Lucario\n|-damage|p2a: Lucario|43\/100\n|-damage|p2a: Lucario|26\/100\n|-damage|p2a: Lucario|11\/100\n|-damage|p2a: Lucario|0 fnt\n|faint|p2a: Lucario\n|-hitcount|p2: Lucario|6\n|\n|upkeep\n|\n|t:|1699680022\n|switch|p2a: Rayquaza|Rayquaza|100\/100\n|-ability|p2a: Rayquaza|Air Lock\n|turn|2\n|inactive|pdogulus has 120 seconds left.\n|c|\u2606EELiott|HURRY UP BRO\n|\n|t:|1699680079\n|move|p1a: Maushold|Population Bomb|p2a: Rayquaza\n|-damage|p2a: Rayquaza|89\/100\n|-damage|p2a: Rayquaza|78\/100\n|-damage|p2a: Rayquaza|68\/100\n|-damage|p2a: Rayquaza|57\/100\n|-damage|p2a: Rayquaza|47\/100\n|-damage|p2a: Rayquaza|37\/100\n|-hitcount|p2a: Rayquaza|6\n|move|p2a: Rayquaza|Dragon Ascent|p1a: Maushold\n|-damage|p1a: Maushold|6\/100\n|-unboost|p2a: Rayquaza|def|1\n|-unboost|p2a: Rayquaza|spd|1\n|\n|upkeep\n|turn|3\n|c|\u2606EELiott|IM GETTING BORED WITH MY EXTREMELY HIGH SKILL DECK\n|\n|t:|1699680093\n|move|p2a: Rayquaza|Extreme Speed|p1a: Maushold\n|-damage|p1a: Maushold|0 fnt\n|faint|p1a: Maushold\n|\n|upkeep\n|\n|t:|1699680099\n|switch|p1a: Maushold|Maushold-Four|100\/100\n|turn|4\n|\n|t:|1699680102\n|move|p1a: Maushold|Population Bomb|p2a: Rayquaza\n|-damage|p2a: Rayquaza|21\/100\n|-damage|p2a: Rayquaza|5\/100\n|-damage|p2a: Rayquaza|0 fnt\n|faint|p2a: Rayquaza\n|-hitcount|p2: Rayquaza|3\n|\n|upkeep\n|c|\u2606EELiott|IM GETTING BORED WITH MY EXTREMELY HIGH SKILL DECK\n|c|\u2606EELiott|IM GETTING BORED WITH MY EXTREMELY HIGH SKILL DECK\n|c|\u2606EELiott|IM GETTING BORED WITH MY EXTREMELY HIGH SKILL DECK\n|c|\u2606EELiott|IM GETTING BORED WITH MY EXTREMELY HIGH SKILL DECK\n|c|\u2606EELiott|IM GETTING BORED WITH MY EXTREMELY HIGH SKILL DECK\n|c|\u2606EELiott|IM GETTING BORED WITH MY EXTREMELY HIGH SKILL DECK\n|c|\u2606EELiott|IM GETTING BORED WITH MY EXTREMELY HIGH SKILL DECK\n|c|\u2606EELiott|IM GETTING BORED WITH MY EXTREMELY HIGH SKILL DECK\n|c|\u2606EELiott|IM GETTING BORED WITH MY EXTREMELY HIGH SKILL DECK\n|c|\u2606EELiott|IM GETTING BORED WITH MY EXTREMELY HIGH SKILL DECK\n|inactive|pdogulus has 90 seconds left.\n|c|\u2606EELiott|IM GETTING BORED WITH MY EXTREMELY HIGH SKILL DECK\n|c|\u2606EELiott|HURRY UP IM GETTING BORED WITH MY EXTREMELY HIGH SKILL DECK\n|c|\u2606EELiott|HURRY UP IM GETTING BORED WITH MY EXTREMELY HIGH SKILL DECK\n|c|\u2606EELiott|HURRY UP IM GETTING BORED WITH MY EXTREMELY HIGH SKILL DECK\n|c|\u2606EELiott|HURRY UP IM GETTING BORED WITH MY EXTREMELY HIGH SKILL DECK\n|c|\u2606EELiott|HURRY UP IM GETTING BORED WITH MY EXTREMELY HIGH SKILL DECK\n|c|\u2606EELiott|HURRY UP IM GETTING BORED WITH MY EXTREMELY HIGH SKILL DECK\n|c|\u2606EELiott|HURRY UP IM GETTING BORED WITH MY EXTREMELY HIGH SKILL DECK\n|c|\u2606EELiott|HURRY UP IM GETTING BORED WITH MY EXTREMELY HIGH SKILL DECK\n|c|\u2606EELiott|HURRY UP IM GETTING BORED WITH MY EXTREMELY HIGH SKILL DECK\n|inactive|pdogulus has 60 seconds left.\n|inactive|pdogulus has 30 seconds left.\n|l|\u2606pdogulus\n|inactive|pdogulus disconnected and has a minute to reconnect!\n|player|p2|\n|inactive|pdogulus has 20 seconds left.\n|j|\u2606pdogulus\n|inactive|pdogulus reconnected and has 20 seconds left.\n|player|p2|pdogulus|265\n|inactive|pdogulus has 15 seconds left.\n|inactive|pdogulus has 10 seconds left.\n|\n|t:|1699680209\n|switch|p2a: Kyogre|Kyogre|100\/100\n|-weather|RainDance|[from] ability: Drizzle|[of] p2a: Kyogre\n|turn|5\n|inactive|pdogulus has 20 seconds left this turn.\n|inactive|pdogulus has 15 seconds left.\n|\n|t:|1699680217\n|move|p1a: Maushold|Population Bomb|p2a: Kyogre\n|-damage|p2a: Kyogre|90\/100\n|-damage|p2a: Kyogre|78\/100\n|-damage|p2a: Kyogre|66\/100\n|-damage|p2a: Kyogre|56\/100\n|-damage|p2a: Kyogre|43\/100\n|-damage|p2a: Kyogre|32\/100\n|-damage|p2a: Kyogre|22\/100\n|-crit|p2a: Kyogre\n|-damage|p2a: Kyogre|4\/100\n|-damage|p2a: Kyogre|0 fnt\n|faint|p2a: Kyogre\n|-hitcount|p2: Kyogre|9\n|\n|-weather|RainDance|[upkeep]\n|upkeep\n|inactive|pdogulus has 20 seconds left this turn.\n|\n|t:|1699680220\n|switch|p2a: Dusknoir|Dusknoir, M|100\/100\n|-ability|p2a: Dusknoir|Pressure\n|turn|6\n|inactive|pdogulus has 30 seconds left this turn.\n|\n|t:|1699680240\n|move|p1a: Maushold|Crunch|p2a: Dusknoir\n|-supereffective|p2a: Dusknoir\n|-damage|p2a: Dusknoir|59\/100\n|move|p2a: Dusknoir|Disable|p1a: Maushold\n|-start|p1a: Maushold|Disable|Crunch\n|\n|-weather|RainDance|[upkeep]\n|-heal|p2a: Dusknoir|65\/100|[from] item: Leftovers\n|upkeep\n|turn|7\n|\n|t:|1699680249\n|move|p1a: Maushold|Protect|p1a: Maushold\n|-singleturn|p1a: Maushold|Protect\n|move|p2a: Dusknoir|Pain Split|p1a: Maushold\n|-activate|p1a: Maushold|move: Protect\n|\n|-weather|RainDance|[upkeep]\n|-heal|p2a: Dusknoir|71\/100|[from] item: Leftovers\n|upkeep\n|turn|8\n|\n|t:|1699680261\n|move|p1a: Maushold|Play Rough|p2a: Dusknoir\n|-damage|p2a: Dusknoir|48\/100\n|move|p2a: Dusknoir|Pain Split|p1a: Maushold\n|-sethp|p1a: Maushold|70\/100|[from] move: Pain Split|[silent]\n|-sethp|p2a: Dusknoir|84\/100|[from] move: Pain Split\n|\n|-weather|RainDance|[upkeep]\n|-heal|p2a: Dusknoir|90\/100|[from] item: Leftovers\n|upkeep\n|turn|9\n|n|!pdogulus|pdogulus\n|\n|t:|1699680272\n|move|p1a: Maushold|Protect|p1a: Maushold\n|-singleturn|p1a: Maushold|Protect\n|move|p2a: Dusknoir|Disable|p1a: Maushold\n|-activate|p1a: Maushold|move: Protect\n|\n|-weather|none\n|-heal|p2a: Dusknoir|96\/100|[from] item: Leftovers\n|upkeep\n|turn|10\n|\n|t:|1699680280\n|move|p1a: Maushold|Play Rough|p2a: Dusknoir\n|-damage|p2a: Dusknoir|75\/100\n|move|p2a: Dusknoir|Disable||[still]\n|-fail|p2a: Dusknoir\n|\n|-heal|p2a: Dusknoir|81\/100|[from] item: Leftovers\n|-end|p1a: Maushold|Disable\n|upkeep\n|turn|11\n|\n|t:|1699680288\n|move|p1a: Maushold|Crunch|p2a: Dusknoir\n|-supereffective|p2a: Dusknoir\n|-damage|p2a: Dusknoir|40\/100\n|-unboost|p2a: Dusknoir|def|1\n|move|p2a: Dusknoir|Taunt|p1a: Maushold\n|-start|p1a: Maushold|move: Taunt\n|\n|-heal|p2a: Dusknoir|47\/100|[from] item: Leftovers\n|upkeep\n|turn|12\n|\n|t:|1699680297\n|move|p1a: Maushold|Crunch|p2a: Dusknoir\n|-supereffective|p2a: Dusknoir\n|-damage|p2a: Dusknoir|0 fnt\n|faint|p2a: Dusknoir\n|\n|upkeep\n|\n|t:|1699680300\n|switch|p2a: Chi-Yu|Chi-Yu|100\/100\n|-ability|p2a: Chi-Yu|Beads of Ruin\n|turn|13\n|\n|t:|1699680305\n|move|p1a: Maushold|Population Bomb|p2a: Chi-Yu\n|-damage|p2a: Chi-Yu|83\/100\n|-damage|p2a: Chi-Yu|65\/100\n|-damage|p2a: Chi-Yu|47\/100\n|-damage|p2a: Chi-Yu|31\/100\n|-damage|p2a: Chi-Yu|15\/100\n|-enditem|p2a: Chi-Yu|Aguav Berry|[eat]\n|-heal|p2a: Chi-Yu|48\/100|[from] item: Aguav Berry\n|-damage|p2a: Chi-Yu|31\/100\n|-damage|p2a: Chi-Yu|14\/100\n|-damage|p2a: Chi-Yu|0 fnt\n|faint|p2a: Chi-Yu\n|-hitcount|p2: Chi-Yu|8\n|\n|upkeep\n|\n|t:|1699680309\n|switch|p2a: Chandelure|Chandelure, F|100\/100\n|turn|14\n|inactive|EELiott has 120 seconds left.\n|-message|pdogulus forfeited.\n|\n|win|EELiott\n|raw|EELiott's rating: 1111 &rarr; <strong>1129<\/strong><br \/>(+18 for winning)\n|raw|pdogulus's rating: 1016 &rarr; <strong>1007<\/strong><br \/>(-9 for losing)\n|l|!pdogulus\n","uploadtime":1699680266,"views":4,"p1id":"eeliott","p2id":"pdogulus","formatid":"gen9anythinggoes","rating":1007,"private":0,"password":""}