{"id":"gen9anythinggoes-1973313360","p1":"Dom8934","p2":"Litendermen","format":"[Gen 9] Anything Goes","log":"|j|\u2606Dom8934\n|j|\u2606Litendermen\n|t:|1697953023\n|gametype|singles\n|player|p1|Dom8934|blackbelt-gen4dp|1045\n|player|p2|Litendermen|hilda-wonderlauncher|1027\n|teamsize|p1|6\n|teamsize|p2|6\n|gen|9\n|tier|[Gen 9] Anything Goes\n|rated|\n|rule|HP Percentage Mod: HP is shown in percentages\n|rule|Endless Battle Clause: Forcing endless battles is banned\n|clearpoke\n|poke|p1|Noivern, M|\n|poke|p1|Dugtrio, M|\n|poke|p1|Arcanine-Hisui, M|\n|poke|p1|Poliwrath, M|\n|poke|p1|Muk-Alola, M|\n|poke|p1|Electrode-Hisui|\n|poke|p2|Gholdengo|\n|poke|p2|Cinderace, M|\n|poke|p2|Spiritomb, F|\n|poke|p2|Amoonguss, F|\n|poke|p2|Corviknight, M|\n|poke|p2|Annihilape, F|\n|teampreview\n|\n|t:|1697953054\n|start\n|switch|p1a: Muk|Muk-Alola, M, shiny|100\/100\n|switch|p2a: Annihilape|Annihilape, F, shiny|100\/100\n|turn|1\n|inactive|Battle timer is ON: inactive players will automatically lose when time's up. (requested by Litendermen)\n|\n|t:|1697953064\n|move|p2a: Annihilape|Bulk Up|p2a: Annihilape\n|-boost|p2a: Annihilape|atk|1\n|-boost|p2a: Annihilape|def|1\n|move|p1a: Muk|Minimize|p1a: Muk\n|-boost|p1a: Muk|evasion|2\n|\n|upkeep\n|turn|2\n|\n|t:|1697953071\n|move|p2a: Annihilape|Final Gambit|p1a: Muk\n|-damage|p1a: Muk|0 fnt\n|faint|p2a: Annihilape\n|faint|p1a: Muk\n|\n|upkeep\n|\n|t:|1697953083\n|switch|p2a: Amoonguss|Amoonguss, F, shiny|100\/100\n|switch|p1a: Poliwrath|Poliwrath, M|100\/100\n|turn|3\n|\n|t:|1697953092\n|move|p1a: Poliwrath|Ice Beam|p2a: Amoonguss\n|-supereffective|p2a: Amoonguss\n|-damage|p2a: Amoonguss|58\/100\n|-damage|p1a: Poliwrath|91\/100|[from] item: Life Orb\n|move|p2a: Amoonguss|Ingrain|p2a: Amoonguss\n|-start|p2a: Amoonguss|move: Ingrain\n|\n|-heal|p2a: Amoonguss|64\/100|[from] item: Black Sludge\n|-heal|p2a: Amoonguss|70\/100|[from] Ingrain\n|upkeep\n|turn|4\n|\n|t:|1697953107\n|switch|p1a: Electrode|Electrode-Hisui, shiny|100\/100\n|move|p2a: Amoonguss|Giga Drain|p1a: Electrode\n|-resisted|p1a: Electrode\n|-damage|p1a: Electrode|83\/100\n|-heal|p2a: Amoonguss|76\/100|[from] drain|[of] p1a: Electrode\n|\n|-heal|p2a: Amoonguss|82\/100|[from] item: Black Sludge\n|-heal|p2a: Amoonguss|88\/100|[from] Ingrain\n|upkeep\n|turn|5\n|\n|t:|1697953118\n|move|p2a: Amoonguss|Protect|p2a: Amoonguss\n|-singleturn|p2a: Amoonguss|Protect\n|move|p1a: Electrode|Electric Terrain|p1a: Electrode\n|-fieldstart|move: Electric Terrain\n|-enditem|p1a: Electrode|Electric Seed\n|-boost|p1a: Electrode|def|1|[from] item: Electric Seed\n|\n|-heal|p2a: Amoonguss|94\/100|[from] item: Black Sludge\n|-heal|p2a: Amoonguss|99\/100|[from] Ingrain\n|upkeep\n|turn|6\n|\n|t:|1697953127\n|switch|p1a: Arcanine|Arcanine-Hisui, M|100\/100\n|-ability|p1a: Arcanine|Intimidate|boost\n|-unboost|p2a: Amoonguss|atk|1\n|move|p2a: Amoonguss|Tera Blast|p1a: Arcanine\n|-resisted|p1a: Arcanine\n|-damage|p1a: Arcanine|94\/100\n|\n|-heal|p2a: Amoonguss|100\/100|[from] item: Black Sludge\n|upkeep\n|turn|7\n|\n|t:|1697953143\n|move|p1a: Arcanine|Extreme Speed|p2a: Amoonguss\n|-damage|p2a: Amoonguss|72\/100\n|-status|p1a: Arcanine|psn|[from] ability: Effect Spore|[of] p2a: Amoonguss\n|move|p2a: Amoonguss|Giga Drain|p1a: Arcanine\n|-damage|p1a: Arcanine|75\/100 psn\n|-heal|p2a: Amoonguss|79\/100|[from] drain|[of] p1a: Arcanine\n|\n|-heal|p2a: Amoonguss|85\/100|[from] item: Black Sludge\n|-heal|p2a: Amoonguss|91\/100|[from] Ingrain\n|-damage|p1a: Arcanine|62\/100 psn|[from] psn\n|upkeep\n|turn|8\n|\n|t:|1697953160\n|move|p1a: Arcanine|Raging Fury|p2a: Amoonguss\n|-supereffective|p2a: Amoonguss\n|-damage|p2a: Amoonguss|0 fnt\n|faint|p2a: Amoonguss\n|\n|-damage|p1a: Arcanine|50\/100 psn|[from] psn\n|upkeep\n|\n|t:|1697953170\n|switch|p2a: Cinderace|Cinderace, M, shiny|100\/100\n|turn|9\n|\n|t:|1697953174\n|move|p2a: Cinderace|Sucker Punch|p1a: Arcanine\n|-start|p2a: Cinderace|typechange|Dark|[from] ability: Libero\n|-damage|p1a: Arcanine|0 fnt\n|faint|p1a: Arcanine\n|-damage|p2a: Cinderace|91\/100|[from] item: Life Orb\n|\n|-fieldend|move: Electric Terrain\n|upkeep\n|\n|t:|1697953187\n|switch|p1a: Poliwrath|Poliwrath, M|91\/100\n|turn|10\n|\n|t:|1697953193\n|move|p2a: Cinderace|Acrobatics|p1a: Poliwrath\n|-supereffective|p1a: Poliwrath\n|-damage|p1a: Poliwrath|47\/100\n|-damage|p2a: Cinderace|81\/100|[from] item: Life Orb\n|move|p1a: Poliwrath|Brick Break|p2a: Cinderace\n|-supereffective|p2a: Cinderace\n|-damage|p2a: Cinderace|4\/100\n|-damage|p1a: Poliwrath|37\/100|[from] item: Life Orb\n|\n|upkeep\n|turn|11\n|\n|t:|1697953208\n|move|p2a: Cinderace|Acrobatics|p1a: Poliwrath\n|-supereffective|p1a: Poliwrath\n|-damage|p1a: Poliwrath|0 fnt\n|faint|p1a: Poliwrath\n|-damage|p2a: Cinderace|0 fnt|[from] item: Life Orb\n|faint|p2a: Cinderace\n|\n|upkeep\n|\n|t:|1697953216\n|switch|p2a: Corviknight|Corviknight, M, shiny|100\/100\n|switch|p1a: Dugtrio|Dugtrio, M, shiny|100\/100\n|turn|12\n|\n|t:|1697953229\n|move|p1a: Dugtrio|Ancient Power|p2a: Corviknight\n|-damage|p2a: Corviknight|92\/100\n|move|p2a: Corviknight|Bulk Up|p2a: Corviknight\n|-boost|p2a: Corviknight|atk|1\n|-boost|p2a: Corviknight|def|1\n|\n|upkeep\n|turn|13\n|\n|t:|1697953239\n|move|p1a: Dugtrio|Foul Play|p2a: Corviknight\n|-crit|p2a: Corviknight\n|-damage|p2a: Corviknight|57\/100\n|-damage|p1a: Dugtrio|84\/100|[from] item: Rocky Helmet|[of] p2a: Corviknight\n|move|p2a: Corviknight|Bulk Up|p2a: Corviknight\n|-boost|p2a: Corviknight|atk|1\n|-boost|p2a: Corviknight|def|1\n|\n|upkeep\n|turn|14\n|\n|t:|1697953249\n|move|p1a: Dugtrio|Foul Play|p2a: Corviknight\n|-damage|p2a: Corviknight|39\/100\n|-damage|p1a: Dugtrio|67\/100|[from] item: Rocky Helmet|[of] p2a: Corviknight\n|move|p2a: Corviknight|Bulk Up|p2a: Corviknight\n|-boost|p2a: Corviknight|atk|1\n|-boost|p2a: Corviknight|def|1\n|\n|upkeep\n|turn|15\n|\n|t:|1697953258\n|move|p1a: Dugtrio|Foul Play|p2a: Corviknight\n|-damage|p2a: Corviknight|23\/100\n|-damage|p1a: Dugtrio|51\/100|[from] item: Rocky Helmet|[of] p2a: Corviknight\n|move|p2a: Corviknight|Roost|p2a: Corviknight\n|-heal|p2a: Corviknight|73\/100\n|-singleturn|p2a: Corviknight|move: Roost\n|\n|upkeep\n|turn|16\n|\n|t:|1697953267\n|move|p1a: Dugtrio|Earth Power|p2a: Corviknight\n|-immune|p2a: Corviknight\n|move|p2a: Corviknight|Bulk Up|p2a: Corviknight\n|-boost|p2a: Corviknight|atk|1\n|-boost|p2a: Corviknight|def|1\n|\n|upkeep\n|turn|17\n|\n|t:|1697953278\n|move|p1a: Dugtrio|Foul Play|p2a: Corviknight\n|-damage|p2a: Corviknight|56\/100\n|-damage|p1a: Dugtrio|34\/100|[from] item: Rocky Helmet|[of] p2a: Corviknight\n|move|p2a: Corviknight|Bulk Up|p2a: Corviknight\n|-boost|p2a: Corviknight|atk|1\n|-boost|p2a: Corviknight|def|1\n|\n|upkeep\n|turn|18\n|\n|t:|1697953286\n|move|p1a: Dugtrio|Foul Play|p2a: Corviknight\n|-damage|p2a: Corviknight|39\/100\n|-damage|p1a: Dugtrio|18\/100|[from] item: Rocky Helmet|[of] p2a: Corviknight\n|move|p2a: Corviknight|Roost|p2a: Corviknight\n|-heal|p2a: Corviknight|89\/100\n|-singleturn|p2a: Corviknight|move: Roost\n|\n|upkeep\n|turn|19\n|\n|t:|1697953293\n|move|p1a: Dugtrio|Foul Play|p2a: Corviknight\n|-damage|p2a: Corviknight|71\/100\n|-damage|p1a: Dugtrio|1\/100|[from] item: Rocky Helmet|[of] p2a: Corviknight\n|move|p2a: Corviknight|Bulk Up|p2a: Corviknight\n|-boost|p2a: Corviknight|atk|1\n|-boost|p2a: Corviknight|def|1\n|\n|upkeep\n|turn|20\n|\n|t:|1697953303\n|move|p1a: Dugtrio|Foul Play|p2a: Corviknight\n|-damage|p2a: Corviknight|54\/100\n|-damage|p1a: Dugtrio|0 fnt|[from] item: Rocky Helmet|[of] p2a: Corviknight\n|faint|p1a: Dugtrio\n|move|p2a: Corviknight|Body Press|p1: Dugtrio|[notarget]\n|-fail|p2a: Corviknight\n|\n|upkeep\n|\n|t:|1697953310\n|switch|p1a: Electrode|Electrode-Hisui, shiny|83\/100\n|turn|21\n|\n|t:|1697953315\n|move|p1a: Electrode|Electric Terrain|p1a: Electrode\n|-fieldstart|move: Electric Terrain\n|move|p2a: Corviknight|Roost|p2a: Corviknight\n|-heal|p2a: Corviknight|100\/100\n|-singleturn|p2a: Corviknight|move: Roost\n|\n|upkeep\n|turn|22\n|\n|t:|1697953322\n|move|p1a: Electrode|Electro Ball|p2a: Corviknight\n|-supereffective|p2a: Corviknight\n|-damage|p2a: Corviknight|50\/100\n|move|p2a: Corviknight|Brave Bird|p1a: Electrode\n|-damage|p1a: Electrode|0 fnt\n|faint|p1a: Electrode\n|-damage|p2a: Corviknight|32\/100|[from] Recoil\n|\n|upkeep\n|\n|t:|1697953330\n|switch|p1a: Noivern|Noivern, M, shiny|100\/100\n|turn|23\n|\n|t:|1697953338\n|-terastallize|p1a: Noivern|Normal\n|move|p1a: Noivern|Boomburst|p2a: Corviknight\n|-resisted|p2a: Corviknight\n|-damage|p2a: Corviknight|12\/100\n|move|p2a: Corviknight|Roost|p2a: Corviknight\n|-heal|p2a: Corviknight|62\/100\n|-singleturn|p2a: Corviknight|move: Roost\n|\n|upkeep\n|turn|24\n|\n|t:|1697953347\n|move|p1a: Noivern|Boomburst|p2a: Corviknight\n|-resisted|p2a: Corviknight\n|-damage|p2a: Corviknight|43\/100\n|move|p2a: Corviknight|Roost|p2a: Corviknight\n|-heal|p2a: Corviknight|93\/100\n|-singleturn|p2a: Corviknight|move: Roost\n|\n|upkeep\n|turn|25\n|\n|t:|1697953358\n|move|p1a: Noivern|Air Slash|p2a: Corviknight\n|-resisted|p2a: Corviknight\n|-damage|p2a: Corviknight|82\/100\n|cant|p2a: Corviknight|flinch\n|\n|-fieldend|move: Electric Terrain\n|upkeep\n|turn|26\n|\n|t:|1697953367\n|move|p1a: Noivern|Air Slash|p2a: Corviknight\n|-resisted|p2a: Corviknight\n|-crit|p2a: Corviknight\n|-damage|p2a: Corviknight|66\/100\n|move|p2a: Corviknight|Body Press|p1a: Noivern\n|-supereffective|p1a: Noivern\n|-damage|p1a: Noivern|0 fnt\n|faint|p1a: Noivern\n|\n|win|Litendermen\n|raw|Dom8934's rating: 1045 &rarr; <strong>1027<\/strong><br \/>(-18 for losing)\n|raw|Litendermen's rating: 1027 &rarr; <strong>1065<\/strong><br \/>(+38 for winning)\n|l|\u2606Dom8934\n","uploadtime":1697953379,"views":7,"p1id":"dom8934","p2id":"litendermen","formatid":"gen9anythinggoes","rating":1027,"private":0,"password":""}