{"id":"gen9anythinggoes-1997451866","p1":"Future king of ou","p2":"ashfqwer","format":"[Gen 9] Anything Goes","log":"|j|\u2606Future king of ou\n|j|\u2606ashfqwer\n|inactive|Battle timer is ON: inactive players will automatically lose when time's up.\n|t:|1700807645\n|gametype|singles\n|player|p1|Future king of ou|rosa-pokestar|\n|player|p2|ashfqwer|lusamine-nihilego|\n|teamsize|p1|6\n|teamsize|p2|6\n|gen|9\n|tier|[Gen 9] Anything Goes\n|rated|Tournament battle\n|rule|HP Percentage Mod: HP is shown in percentages\n|rule|Endless Battle Clause: Forcing endless battles is banned\n|rule|Frantic Fusions Mod: Pok\u00e9mon nicknamed after another Pok\u00e9mon get buffed stats and more abilities.\n|clearpoke\n|poke|p1|Calyrex-Shadow|\n|poke|p1|Miraidon|\n|poke|p1|Arceus|\n|poke|p1|Landorus-Therian, M|\n|poke|p1|Slowking-Galar, F|\n|poke|p1|Kyogre|\n|poke|p2|Kyogre|\n|poke|p2|Calyrex-Ice|\n|poke|p2|Ditto|\n|poke|p2|Umbreon, M|\n|poke|p2|Arceus|\n|poke|p2|Groudon|\n|teampreview\n|inactive|ashfqwer also wants the timer to be on.\n|c|\u2606Future king of ou|Hf\n|c|\u2606ashfqwer|glhf\n|\n|t:|1700807659\n|start\n|switch|p1a: Chi-Yu|Kyogre|100\/100\n|switch|p2a: Calyrex-Shadow|Kyogre|100\/100\n|-weather|RainDance|[from] ability: Drizzle|[of] p1a: Chi-Yu\n|turn|1\n|\n|t:|1700807669\n|-terastallize|p2a: Calyrex-Shadow|Water\n|move|p1a: Chi-Yu|Thunder|p2a: Calyrex-Shadow\n|-supereffective|p2a: Calyrex-Shadow\n|-damage|p2a: Calyrex-Shadow|37\/100\n|move|p2a: Calyrex-Shadow|Water Spout|p1a: Chi-Yu\n|-resisted|p1a: Chi-Yu\n|-damage|p1a: Chi-Yu|64\/100\n|\n|-weather|RainDance|[upkeep]\n|upkeep\n|turn|2\n|\n|t:|1700807674\n|switch|p2a: Ting-Lu|Umbreon, M|100\/100\n|move|p1a: Chi-Yu|Thunder|p2a: Ting-Lu\n|-damage|p2a: Ting-Lu|78\/100\n|-status|p2a: Ting-Lu|par\n|-activate|p2a: Ting-Lu|ability: Synchronize\n|-status|p1a: Chi-Yu|par\n|\n|-weather|RainDance|[upkeep]\n|-heal|p2a: Ting-Lu|84\/100 par|[from] item: Leftovers\n|upkeep\n|turn|3\n|\n|t:|1700807679\n|switch|p1a: Goodra-Hisui|Slowking-Galar, F|100\/100\n|move|p2a: Ting-Lu|Wish|p2a: Ting-Lu\n|\n|-weather|RainDance|[upkeep]\n|-heal|p2a: Ting-Lu|90\/100 par|[from] item: Leftovers\n|upkeep\n|turn|4\n|\n|t:|1700807683\n|switch|p2a: Calyrex-Shadow|Kyogre, tera:Water|37\/100\n|move|p1a: Goodra-Hisui|Toxic|p2a: Calyrex-Shadow\n|-status|p2a: Calyrex-Shadow|tox\n|\n|-weather|RainDance|[upkeep]\n|-heal|p2a: Calyrex-Shadow|95\/100 tox|[from] move: Wish|[wisher] Ting-Lu\n|-damage|p2a: Calyrex-Shadow|89\/100 tox|[from] psn\n|upkeep\n|turn|5\n|\n|t:|1700807690\n|move|p2a: Calyrex-Shadow|Origin Pulse|p1a: Goodra-Hisui\n|-damage|p1a: Goodra-Hisui|0 fnt\n|faint|p1a: Goodra-Hisui\n|\n|-weather|none\n|-damage|p2a: Calyrex-Shadow|76\/100 tox|[from] psn\n|upkeep\n|\n|t:|1700807697\n|switch|p1a: Regieleki|Miraidon|100\/100\n|-fieldstart|move: Electric Terrain|[from] ability: Hadron Engine|[of] p1a: Regieleki\n|turn|6\n|\n|t:|1700807705\n|switch|p2a: Ting-Lu|Umbreon, M|90\/100 par\n|move|p1a: Regieleki|Agility|p1a: Regieleki\n|-boost|p1a: Regieleki|spe|2\n|\n|-heal|p2a: Ting-Lu|96\/100 par|[from] item: Leftovers\n|upkeep\n|turn|7\n|\n|t:|1700807708\n|move|p1a: Regieleki|Calm Mind|p1a: Regieleki\n|-boost|p1a: Regieleki|spa|1\n|-boost|p1a: Regieleki|spd|1\n|move|p2a: Ting-Lu|Toxic|p1a: Regieleki\n|-status|p1a: Regieleki|tox\n|\n|-heal|p2a: Ting-Lu|100\/100 par|[from] item: Leftovers\n|-damage|p1a: Regieleki|94\/100 tox|[from] psn\n|upkeep\n|turn|8\n|\n|t:|1700807713\n|move|p1a: Regieleki|Dazzling Gleam|p2a: Ting-Lu\n|-supereffective|p2a: Ting-Lu\n|-damage|p2a: Ting-Lu|28\/100 par\n|move|p2a: Ting-Lu|Wish|p2a: Ting-Lu\n|\n|-heal|p1a: Regieleki|100\/100 tox|[from] item: Leftovers\n|-heal|p2a: Ting-Lu|34\/100 par|[from] item: Leftovers\n|-damage|p1a: Regieleki|88\/100 tox|[from] psn\n|upkeep\n|turn|9\n|\n|t:|1700807716\n|cant|p2a: Ting-Lu|par\n|move|p1a: Regieleki|Parabolic Charge|p2a: Ting-Lu\n|-damage|p2a: Ting-Lu|0 fnt\n|-heal|p1a: Regieleki|100\/100 tox|[from] drain|[of] p2a: Ting-Lu\n|faint|p2a: Ting-Lu\n|\n|-damage|p1a: Regieleki|82\/100 tox|[from] psn\n|upkeep\n|\n|t:|1700807719\n|switch|p2a: Blissey|Ditto|100\/100\n|-transform|p2a: Blissey|p1a: Regieleki|[from] ability: Imposter\n|-activate|p2a: Blissey|ability: Hadron Engine\n|turn|10\n|\n|t:|1700807724\n|-terastallize|p1a: Regieleki|Fairy\n|move|p2a: Blissey|Dazzling Gleam|p1a: Regieleki\n|-damage|p1a: Regieleki|48\/100 tox\n|move|p1a: Regieleki|Dazzling Gleam|p2a: Blissey\n|-supereffective|p2a: Blissey\n|-damage|p2a: Blissey|0 fnt\n|faint|p2a: Blissey\n|\n|-heal|p1a: Regieleki|54\/100 tox|[from] item: Leftovers\n|-damage|p1a: Regieleki|29\/100 tox|[from] psn\n|-fieldend|move: Electric Terrain\n|upkeep\n|\n|t:|1700807728\n|switch|p2a: Medicham|Arceus|100\/100\n|turn|11\n|\n|t:|1700807729\n|move|p2a: Medicham|Extreme Speed|p1a: Regieleki\n|-damage|p1a: Regieleki|0 fnt\n|faint|p1a: Regieleki\n|\n|upkeep\n|\n|t:|1700807734\n|switch|p1a: Avalugg-Hisui|Landorus-Therian, M|100\/100\n|-ability|p1a: Avalugg-Hisui|Intimidate|boost\n|-unboost|p2a: Medicham|atk|1\n|turn|12\n|\n|t:|1700807738\n|switch|p2a: Hoopa-Unbound|Calyrex-Ice|100\/100\n|-ability|p2a: Hoopa-Unbound|As One\n|-ability|p2a: Hoopa-Unbound|Unnerve\n|move|p1a: Avalugg-Hisui|Stealth Rock|p2a: Hoopa-Unbound\n|-sidestart|p2: ashfqwer|move: Stealth Rock\n|\n|upkeep\n|turn|13\n|\n|t:|1700807745\n|move|p1a: Avalugg-Hisui|U-turn|p2a: Hoopa-Unbound\n|-supereffective|p2a: Hoopa-Unbound\n|-damage|p2a: Hoopa-Unbound|71\/100\n|\n|t:|1700807750\n|switch|p1a: Chi-Yu|Kyogre|64\/100 par|[from] U-turn\n|-weather|RainDance|[from] ability: Drizzle|[of] p1a: Chi-Yu\n|move|p2a: Hoopa-Unbound|Glacial Lance|p1a: Chi-Yu\n|-resisted|p1a: Chi-Yu\n|-damage|p1a: Chi-Yu|7\/100 par\n|-damage|p2a: Hoopa-Unbound|61\/100|[from] item: Life Orb\n|\n|-weather|RainDance|[upkeep]\n|upkeep\n|turn|14\n|\n|t:|1700807756\n|switch|p2a: Calyrex-Shadow|Kyogre, tera:Water|76\/100 tox\n|-damage|p2a: Calyrex-Shadow|64\/100 tox|[from] Stealth Rock\n|cant|p1a: Chi-Yu|par\n|\n|-weather|RainDance|[upkeep]\n|-damage|p2a: Calyrex-Shadow|58\/100 tox|[from] psn\n|upkeep\n|turn|15\n|\n|t:|1700807763\n|move|p2a: Calyrex-Shadow|Origin Pulse|p1a: Chi-Yu\n|-resisted|p1a: Chi-Yu\n|-damage|p1a: Chi-Yu|0 fnt\n|faint|p1a: Chi-Yu\n|\n|-weather|RainDance|[upkeep]\n|-damage|p2a: Calyrex-Shadow|46\/100 tox|[from] psn\n|upkeep\n|\n|t:|1700807766\n|switch|p1a: Arceus-Fairy|Calyrex-Shadow|100\/100\n|-ability|p1a: Arceus-Fairy|As One\n|-ability|p1a: Arceus-Fairy|Unnerve\n|turn|16\n|\n|t:|1700807768\n|switch|p2a: Medicham|Arceus|100\/100\n|move|p1a: Arceus-Fairy|Psyshock|p2a: Medicham\n|-damage|p2a: Medicham|61\/100\n|\n|-weather|RainDance|[upkeep]\n|upkeep\n|turn|17\n|\n|t:|1700807771\n|switch|p1a: Avalugg-Hisui|Landorus-Therian, M|100\/100\n|-ability|p1a: Avalugg-Hisui|Intimidate|boost\n|-unboost|p2a: Medicham|atk|1\n|move|p2a: Medicham|Shadow Claw|p1a: Avalugg-Hisui\n|-damage|p1a: Avalugg-Hisui|91\/100\n|\n|-weather|none\n|-heal|p1a: Avalugg-Hisui|97\/100|[from] item: Leftovers\n|upkeep\n|turn|18\n|\n|t:|1700807774\n|move|p2a: Medicham|Recover|p2a: Medicham\n|-heal|p2a: Medicham|100\/100\n|move|p1a: Avalugg-Hisui|Earthquake|p2a: Medicham\n|-damage|p2a: Medicham|68\/100\n|\n|-heal|p1a: Avalugg-Hisui|100\/100|[from] item: Leftovers\n|upkeep\n|turn|19\n|\n|t:|1700807777\n|switch|p2a: Toxapex|Groudon|100\/100\n|-damage|p2a: Toxapex|94\/100|[from] Stealth Rock\n|-weather|SunnyDay|[from] ability: Drought|[of] p2a: Toxapex\n|move|p1a: Avalugg-Hisui|Earthquake|p2a: Toxapex\n|-damage|p2a: Toxapex|71\/100\n|\n|-weather|SunnyDay|[upkeep]\n|-heal|p2a: Toxapex|77\/100|[from] item: Leftovers\n|upkeep\n|turn|20\n|\n|t:|1700807782\n|move|p1a: Avalugg-Hisui|Earthquake|p2a: Toxapex\n|-damage|p2a: Toxapex|54\/100\n|move|p2a: Toxapex|Will-O-Wisp|p1a: Avalugg-Hisui\n|-status|p1a: Avalugg-Hisui|brn\n|\n|-weather|SunnyDay|[upkeep]\n|-heal|p2a: Toxapex|61\/100|[from] item: Leftovers\n|-damage|p1a: Avalugg-Hisui|94\/100 brn|[from] brn\n|upkeep\n|turn|21\n|\n|t:|1700807785\n|move|p1a: Avalugg-Hisui|U-turn|p2a: Toxapex\n|-damage|p2a: Toxapex|56\/100\n|\n|t:|1700807787\n|switch|p1a: Arceus-Fairy|Calyrex-Shadow|100\/100|[from] U-turn\n|-ability|p1a: Arceus-Fairy|As One\n|-ability|p1a: Arceus-Fairy|Unnerve\n|move|p2a: Toxapex|Spikes|p1a: Arceus-Fairy\n|-sidestart|p1: Future king of ou|Spikes\n|\n|-weather|SunnyDay|[upkeep]\n|-heal|p2a: Toxapex|62\/100|[from] item: Leftovers\n|upkeep\n|turn|22\n|\n|t:|1700807792\n|move|p1a: Arceus-Fairy|Nasty Plot|p1a: Arceus-Fairy\n|-boost|p1a: Arceus-Fairy|spa|2\n|move|p2a: Toxapex|Precipice Blades|p1a: Arceus-Fairy\n|-damage|p1a: Arceus-Fairy|44\/100\n|\n|-weather|SunnyDay|[upkeep]\n|-heal|p1a: Arceus-Fairy|50\/100|[from] item: Leftovers\n|-heal|p2a: Toxapex|68\/100|[from] item: Leftovers\n|upkeep\n|turn|23\n|j| 1hfkqhwhrelk%\u25d5\u203f\u203f\u25d5%\n|\n|t:|1700807797\n|move|p1a: Arceus-Fairy|Psyshock|p2a: Toxapex\n|-damage|p2a: Toxapex|16\/100\n|move|p2a: Toxapex|Roar|p1a: Arceus-Fairy\n|drag|p1a: Calyrex-Ice|Arceus|100\/100\n|-damage|p1a: Calyrex-Ice|88\/100|[from] Spikes\n|\n|-weather|none\n|-heal|p2a: Toxapex|22\/100|[from] item: Leftovers\n|upkeep\n|turn|24\n|\n|t:|1700807799\n|move|p1a: Calyrex-Ice|Extreme Speed|p2a: Toxapex\n|-damage|p2a: Toxapex|0 fnt\n|faint|p2a: Toxapex\n|\n|upkeep\n|l| 1hfkqhwhrelk%\u25d5\u203f\u203f\u25d5%\n|\n|t:|1700807804\n|switch|p2a: Medicham|Arceus|68\/100\n|turn|25\n|\n|t:|1700807807\n|move|p1a: Calyrex-Ice|Dragon Dance|p1a: Calyrex-Ice\n|-boost|p1a: Calyrex-Ice|atk|1\n|-boost|p1a: Calyrex-Ice|spe|1\n|move|p2a: Medicham|Swords Dance|p2a: Medicham\n|-boost|p2a: Medicham|atk|2\n|\n|upkeep\n|turn|26\n|\n|t:|1700807811\n|move|p1a: Calyrex-Ice|Extreme Speed|p2a: Medicham\n|-damage|p2a: Medicham|15\/100\n|move|p2a: Medicham|Extreme Speed|p1a: Calyrex-Ice\n|-damage|p1a: Calyrex-Ice|31\/100\n|\n|upkeep\n|turn|27\n|\n|t:|1700807815\n|move|p1a: Calyrex-Ice|Extreme Speed|p2a: Medicham\n|-damage|p2a: Medicham|0 fnt\n|faint|p2a: Medicham\n|\n|upkeep\n|\n|t:|1700807817\n|switch|p2a: Hoopa-Unbound|Calyrex-Ice|61\/100\n|-ability|p2a: Hoopa-Unbound|As One\n|-ability|p2a: Hoopa-Unbound|Unnerve\n|-damage|p2a: Hoopa-Unbound|36\/100|[from] Stealth Rock\n|turn|28\n|\n|t:|1700807819\n|move|p1a: Calyrex-Ice|Shadow Claw|p2a: Hoopa-Unbound\n|-supereffective|p2a: Hoopa-Unbound\n|-damage|p2a: Hoopa-Unbound|0 fnt\n|faint|p2a: Hoopa-Unbound\n|\n|upkeep\n|-message|ashfqwer forfeited.\n|\n|win|Future king of ou\n|n|\u2606Future king of ou|futurekingofou\n|n|\u2606ashfqwer|ashfqwer\n","uploadtime":1700807824,"views":8,"p1id":"futurekingofou","p2id":"ashfqwer","formatid":"gen9anythinggoes","rating":0,"private":0,"password":""}