{"id":"gen9anythinggoes-1999031597","p1":"GildedSapphire","p2":"vindog1","format":"[Gen 9] Anything Goes","log":"|j|\u2606GildedSapphire\n|j|\u2606vindog1\n|t:|1701025834\n|gametype|singles\n|player|p1|GildedSapphire|wallace|1175\n|player|p2|vindog1|266|1124\n|teamsize|p1|6\n|teamsize|p2|6\n|gen|9\n|tier|[Gen 9] Anything Goes\n|rated|\n|rule|HP Percentage Mod: HP is shown in percentages\n|rule|Endless Battle Clause: Forcing endless battles is banned\n|clearpoke\n|poke|p1|Gliscor, M|\n|poke|p1|Drifblim, M|\n|poke|p1|Clodsire, M|\n|poke|p1|Toxapex, F|\n|poke|p1|Skeledirge, M|\n|poke|p1|Calyrex-Shadow|\n|poke|p2|Gengar, F|\n|poke|p2|Snorlax, M|\n|poke|p2|Greninja-*, M|\n|poke|p2|Cloyster, F|\n|poke|p2|Gyarados, F|\n|poke|p2|Torterra, F|\n|teampreview\n|inactive|Battle timer is ON: inactive players will automatically lose when time's up. (requested by GildedSapphire)\n|\n|t:|1701025845\n|start\n|switch|p1a: Clodsire|Clodsire, M, shiny|100\/100\n|switch|p2a: Gyarados|Gyarados, F|100\/100\n|turn|1\n|\n|t:|1701025853\n|move|p2a: Gyarados|Dragon Dance|p2a: Gyarados\n|-boost|p2a: Gyarados|atk|1\n|-boost|p2a: Gyarados|spe|1\n|move|p1a: Clodsire|Toxic|p2a: Gyarados\n|-status|p2a: Gyarados|tox\n|\n|-damage|p2a: Gyarados|94\/100 tox|[from] psn\n|upkeep\n|turn|2\n|\n|t:|1701025861\n|switch|p1a: Drifblim|Drifblim, M, shiny|100\/100\n|move|p2a: Gyarados|Surf|p1a: Drifblim\n|-damage|p1a: Drifblim|87\/100\n|\n|-heal|p2a: Gyarados|100\/100 tox|[from] item: Leftovers\n|-heal|p1a: Drifblim|93\/100|[from] item: Leftovers\n|-damage|p2a: Gyarados|88\/100 tox|[from] psn\n|upkeep\n|turn|3\n|\n|t:|1701025870\n|move|p2a: Gyarados|Thunderbolt|p1a: Drifblim\n|-supereffective|p1a: Drifblim\n|-crit|p1a: Drifblim\n|-damage|p1a: Drifblim|64\/100\n|move|p1a: Drifblim|Clear Smog|p2a: Gyarados\n|-damage|p2a: Gyarados|78\/100 tox\n|-clearboost|p2a: Gyarados\n|\n|-heal|p2a: Gyarados|85\/100 tox|[from] item: Leftovers\n|-heal|p1a: Drifblim|70\/100|[from] item: Leftovers\n|-damage|p2a: Gyarados|66\/100 tox|[from] psn\n|upkeep\n|turn|4\n|\n|t:|1701025881\n|move|p2a: Gyarados|Thunderbolt|p1a: Drifblim\n|-supereffective|p1a: Drifblim\n|-damage|p1a: Drifblim|50\/100\n|move|p1a: Drifblim|Minimize|p1a: Drifblim\n|-boost|p1a: Drifblim|evasion|2\n|\n|-heal|p2a: Gyarados|72\/100 tox|[from] item: Leftovers\n|-heal|p1a: Drifblim|56\/100|[from] item: Leftovers\n|-damage|p2a: Gyarados|47\/100 tox|[from] psn\n|upkeep\n|turn|5\n|\n|t:|1701025890\n|move|p2a: Gyarados|Thunderbolt|p1a: Drifblim\n|-supereffective|p1a: Drifblim\n|-damage|p1a: Drifblim|36\/100\n|move|p1a: Drifblim|Minimize|p1a: Drifblim\n|-boost|p1a: Drifblim|evasion|2\n|\n|-heal|p2a: Gyarados|53\/100 tox|[from] item: Leftovers\n|-heal|p1a: Drifblim|43\/100|[from] item: Leftovers\n|-damage|p2a: Gyarados|22\/100 tox|[from] psn\n|upkeep\n|turn|6\n|\n|t:|1701025902\n|move|p2a: Gyarados|Thunderbolt|p1a: Drifblim\n|-supereffective|p1a: Drifblim\n|-damage|p1a: Drifblim|24\/100\n|move|p1a: Drifblim|Minimize|p1a: Drifblim\n|-boost|p1a: Drifblim|evasion|2\n|\n|-heal|p2a: Gyarados|29\/100 tox|[from] item: Leftovers\n|-heal|p1a: Drifblim|30\/100|[from] item: Leftovers\n|-damage|p2a: Gyarados|0 fnt|[from] psn\n|faint|p2a: Gyarados\n|upkeep\n|\n|t:|1701025911\n|switch|p2a: Cloyster|Cloyster, F, shiny|100\/100\n|turn|7\n|\n|t:|1701025914\n|move|p1a: Drifblim|Baton Pass|p1a: Drifblim\n|\n|t:|1701025922\n|switch|p1a: Gliscor|Gliscor, M, shiny|100\/100|[from] Baton Pass\n|move|p2a: Cloyster|Shell Smash|p2a: Cloyster\n|-unboost|p2a: Cloyster|def|1\n|-unboost|p2a: Cloyster|spd|1\n|-boost|p2a: Cloyster|atk|2\n|-boost|p2a: Cloyster|spa|2\n|-boost|p2a: Cloyster|spe|2\n|\n|-status|p1a: Gliscor|tox|[from] item: Toxic Orb\n|upkeep\n|turn|8\n|\n|t:|1701025936\n|move|p2a: Cloyster|Icicle Spear|p1a: Gliscor\n|-supereffective|p1a: Gliscor\n|-damage|p1a: Gliscor|50\/100 tox\n|-supereffective|p1a: Gliscor\n|-damage|p1a: Gliscor|4\/100 tox\n|-supereffective|p1a: Gliscor\n|-damage|p1a: Gliscor|0 fnt\n|faint|p1a: Gliscor\n|-hitcount|p1: Gliscor|3\n|\n|upkeep\n|\n|t:|1701025943\n|switch|p1a: Drifblim|Drifblim, M, shiny|30\/100\n|turn|9\n|\n|t:|1701025947\n|move|p2a: Cloyster|Icicle Spear|p1a: Drifblim\n|-supereffective|p1a: Drifblim\n|-damage|p1a: Drifblim|0 fnt\n|faint|p1a: Drifblim\n|-hitcount|p1: Drifblim|1\n|\n|upkeep\n|\n|t:|1701025952\n|switch|p1a: Calyrex|Calyrex-Shadow|100\/100\n|-ability|p1a: Calyrex|As One\n|-ability|p1a: Calyrex|Unnerve\n|turn|10\n|\n|t:|1701025959\n|-terastallize|p1a: Calyrex|Grass\n|move|p1a: Calyrex|Astral Barrage|p2a: Cloyster\n|-damage|p2a: Cloyster|0 fnt\n|faint|p2a: Cloyster\n|-ability|p1a: Calyrex|Grim Neigh|boost\n|-boost|p1a: Calyrex|spa|1\n|\n|upkeep\n|\n|t:|1701025967\n|switch|p2a: Snorlax|Snorlax, M|100\/100\n|turn|11\n|\n|t:|1701025972\n|switch|p1a: Toxapex|Toxapex, F, shiny|100\/100\n|move|p2a: Snorlax|Curse|p2a: Snorlax\n|-unboost|p2a: Snorlax|spe|1\n|-boost|p2a: Snorlax|atk|1\n|-boost|p2a: Snorlax|def|1\n|\n|upkeep\n|turn|12\n|\n|t:|1701025980\n|move|p1a: Toxapex|Toxic|p2a: Snorlax\n|-status|p2a: Snorlax|tox\n|move|p2a: Snorlax|Earthquake|p1a: Toxapex\n|-supereffective|p1a: Toxapex\n|-damage|p1a: Toxapex|47\/100\n|\n|-damage|p2a: Snorlax|94\/100 tox|[from] psn\n|upkeep\n|turn|13\n|\n|t:|1701025987\n|move|p1a: Toxapex|Baneful Bunker|p1a: Toxapex\n|-singleturn|p1a: Toxapex|move: Protect\n|move|p2a: Snorlax|Earthquake|p1a: Toxapex\n|-activate|p1a: Toxapex|move: Protect\n|\n|-damage|p2a: Snorlax|82\/100 tox|[from] psn\n|upkeep\n|turn|14\n|\n|t:|1701025994\n|move|p1a: Toxapex|Haze|p1a: Toxapex\n|-clearallboost\n|move|p2a: Snorlax|Earthquake|p1a: Toxapex\n|-supereffective|p1a: Toxapex\n|-damage|p1a: Toxapex|11\/100\n|-heal|p2a: Snorlax|85\/100 tox|[from] item: Shell Bell|[of] p1a: Toxapex\n|\n|-damage|p2a: Snorlax|67\/100 tox|[from] psn\n|upkeep\n|turn|15\n|\n|t:|1701026003\n|move|p1a: Toxapex|Baneful Bunker|p1a: Toxapex\n|-singleturn|p1a: Toxapex|move: Protect\n|move|p2a: Snorlax|Curse|p2a: Snorlax\n|-unboost|p2a: Snorlax|spe|1\n|-boost|p2a: Snorlax|atk|1\n|-boost|p2a: Snorlax|def|1\n|\n|-damage|p2a: Snorlax|43\/100 tox|[from] psn\n|upkeep\n|turn|16\n|\n|t:|1701026013\n|move|p1a: Toxapex|Baneful Bunker|p1a: Toxapex\n|-singleturn|p1a: Toxapex|move: Protect\n|move|p2a: Snorlax|Earthquake|p1a: Toxapex\n|-activate|p1a: Toxapex|move: Protect\n|\n|-damage|p2a: Snorlax|12\/100 tox|[from] psn\n|upkeep\n|turn|17\n|\n|t:|1701026020\n|move|p1a: Toxapex|Haze|p1a: Toxapex\n|-clearallboost\n|move|p2a: Snorlax|Earthquake|p1a: Toxapex\n|-supereffective|p1a: Toxapex\n|-damage|p1a: Toxapex|0 fnt\n|faint|p1a: Toxapex\n|-heal|p2a: Snorlax|13\/100 tox|[from] item: Shell Bell|[of] p1: Toxapex\n|\n|-damage|p2a: Snorlax|0 fnt|[from] psn\n|faint|p2a: Snorlax\n|upkeep\n|\n|t:|1701026031\n|switch|p1a: Calyrex|Calyrex-Shadow, tera:Grass|100\/100\n|switch|p2a: Greninja|Greninja, M, shiny|100\/100\n|-ability|p1a: Calyrex|As One\n|-ability|p1a: Calyrex|Unnerve\n|turn|18\n|\n|t:|1701026038\n|move|p1a: Calyrex|Astral Barrage|p2a: Greninja\n|-resisted|p2a: Greninja\n|-damage|p2a: Greninja|55\/100\n|move|p2a: Greninja|Toxic Spikes|p1a: Calyrex\n|-sidestart|p1: GildedSapphire|move: Toxic Spikes\n|\n|upkeep\n|turn|19\n|\n|t:|1701026045\n|move|p1a: Calyrex|Astral Barrage|p2a: Greninja\n|-resisted|p2a: Greninja\n|-damage|p2a: Greninja|7\/100\n|move|p2a: Greninja|Gunk Shot|p1a: Calyrex\n|-supereffective|p1a: Calyrex\n|-damage|p1a: Calyrex|33\/100\n|\n|upkeep\n|turn|20\n|\n|t:|1701026062\n|switch|p2a: Torterra|Torterra, F, shiny|100\/100\n|move|p1a: Calyrex|Astral Barrage|p2a: Torterra\n|-damage|p2a: Torterra|27\/100\n|\n|upkeep\n|turn|21\n|\n|t:|1701026071\n|switch|p1a: Clodsire|Clodsire, M, shiny|100\/100\n|-sideend|p1: GildedSapphire|move: Toxic Spikes|[of] p1a: Clodsire\n|move|p2a: Torterra|Giga Drain|p1a: Clodsire\n|-damage|p1a: Clodsire|79\/100\n|-heal|p2a: Torterra|41\/100|[from] drain|[of] p1a: Clodsire\n|\n|-heal|p1a: Clodsire|85\/100|[from] item: Leftovers\n|upkeep\n|turn|22\n|\n|t:|1701026081\n|move|p2a: Torterra|Zen Headbutt|p1a: Clodsire|[miss]\n|-miss|p2a: Torterra|p1a: Clodsire\n|move|p1a: Clodsire|Toxic|p2a: Torterra\n|-status|p2a: Torterra|tox\n|\n|-heal|p1a: Clodsire|91\/100|[from] item: Leftovers\n|-damage|p2a: Torterra|34\/100 tox|[from] psn\n|upkeep\n|turn|23\n|\n|t:|1701026089\n|move|p2a: Torterra|Zen Headbutt|p1a: Clodsire\n|-supereffective|p1a: Clodsire\n|-damage|p1a: Clodsire|55\/100\n|move|p1a: Clodsire|Spikes|p2a: Torterra\n|-sidestart|p2: vindog1|Spikes\n|\n|-heal|p1a: Clodsire|61\/100|[from] item: Leftovers\n|-damage|p2a: Torterra|22\/100 tox|[from] psn\n|upkeep\n|turn|24\n|\n|t:|1701026096\n|move|p2a: Torterra|Zen Headbutt|p1a: Clodsire\n|-supereffective|p1a: Clodsire\n|-damage|p1a: Clodsire|24\/100\n|cant|p1a: Clodsire|flinch\n|\n|-heal|p1a: Clodsire|30\/100|[from] item: Leftovers\n|-damage|p2a: Torterra|4\/100 tox|[from] psn\n|upkeep\n|turn|25\n|\n|t:|1701026104\n|move|p2a: Torterra|Zen Headbutt|p1a: Clodsire\n|-supereffective|p1a: Clodsire\n|-damage|p1a: Clodsire|0 fnt\n|faint|p1a: Clodsire\n|\n|-damage|p2a: Torterra|0 fnt|[from] psn\n|faint|p2a: Torterra\n|upkeep\n|\n|t:|1701026112\n|switch|p2a: Gengar|Gengar, F|100\/100\n|switch|p1a: Skeledirge|Skeledirge, M|100\/100\n|-damage|p2a: Gengar|88\/100|[from] Spikes\n|turn|26\n|-activate|p2a: Gengar|item: Quick Claw\n|\n|t:|1701026119\n|move|p2a: Gengar|Destiny Bond|p2a: Gengar\n|-singlemove|p2a: Gengar|Destiny Bond\n|move|p1a: Skeledirge|Will-O-Wisp|p2a: Gengar\n|-status|p2a: Gengar|brn\n|\n|-damage|p2a: Gengar|82\/100 brn|[from] brn\n|upkeep\n|turn|27\n|-activate|p2a: Gengar|item: Quick Claw\n|\n|t:|1701026138\n|move|p2a: Gengar|Shadow Ball|p1a: Skeledirge\n|-supereffective|p1a: Skeledirge\n|-damage|p1a: Skeledirge|29\/100\n|move|p1a: Skeledirge|Torch Song|p2a: Gengar\n|-damage|p2a: Gengar|42\/100 brn\n|-boost|p1a: Skeledirge|spa|1\n|\n|-damage|p2a: Gengar|36\/100 brn|[from] brn\n|upkeep\n|turn|28\n|-activate|p2a: Gengar|item: Quick Claw\n|\n|t:|1701026148\n|move|p2a: Gengar|Shadow Ball|p1a: Skeledirge\n|-supereffective|p1a: Skeledirge\n|-damage|p1a: Skeledirge|0 fnt\n|faint|p1a: Skeledirge\n|\n|-damage|p2a: Gengar|30\/100 brn|[from] brn\n|upkeep\n|\n|t:|1701026155\n|switch|p1a: Calyrex|Calyrex-Shadow, tera:Grass|33\/100\n|-ability|p1a: Calyrex|As One\n|-ability|p1a: Calyrex|Unnerve\n|turn|29\n|\n|t:|1701026161\n|move|p1a: Calyrex|Astral Barrage|p2a: Gengar\n|-supereffective|p2a: Gengar\n|-damage|p2a: Gengar|0 fnt\n|faint|p2a: Gengar\n|-ability|p1a: Calyrex|Grim Neigh|boost\n|-boost|p1a: Calyrex|spa|1\n|\n|upkeep\n|\n|t:|1701026168\n|switch|p2a: Greninja|Greninja, M, shiny|7\/100\n|-damage|p2a: Greninja|0 fnt|[from] Spikes\n|faint|p2a: Greninja\n|\n|win|GildedSapphire\n|raw|GildedSapphire's rating: 1175 &rarr; <strong>1196<\/strong><br \/>(+21 for winning)\n|raw|vindog1's rating: 1124 &rarr; <strong>1103<\/strong><br \/>(-21 for losing)\n|c|\u2606GildedSapphire|lmfao\n","uploadtime":1701026178,"views":0,"p1id":"gildedsapphire","p2id":"vindog1","formatid":"gen9anythinggoes","rating":1103,"private":0,"password":""}