{"id":"gen9anythinggoes-1980454683","p1":"NTW9891","p2":"grass knot zygarde","format":"[Gen 9] Anything Goes","log":"|j|\u2606NTW9891\n|j|\u2606grass knot zygarde\n|t:|1698786457\n|gametype|singles\n|player|p1|NTW9891|kieran|1195\n|player|p2|grass knot zygarde|dawn|1286\n|teamsize|p1|6\n|teamsize|p2|6\n|gen|9\n|tier|[Gen 9] Anything Goes\n|rated|\n|rule|HP Percentage Mod: HP is shown in percentages\n|rule|Endless Battle Clause: Forcing endless battles is banned\n|clearpoke\n|poke|p1|Zoroark-Hisui, M|\n|poke|p1|Zangoose, M|\n|poke|p1|Polteageist|\n|poke|p1|Ceruledge, M|\n|poke|p1|Tinkaton, F|\n|poke|p1|Ursaluna-Bloodmoon, M|\n|poke|p2|Ursaluna-Bloodmoon, M|\n|poke|p2|Calyrex-Ice|\n|poke|p2|Arceus|\n|poke|p2|Arceus-Grass|\n|poke|p2|Koraidon|\n|poke|p2|Rayquaza|\n|teampreview\n|inactive|Battle timer is ON: inactive players will automatically lose when time's up. (requested by grass knot zygarde)\n|inactive|grass knot zygarde has 120 seconds left.\n|\n|t:|1698786493\n|start\n|switch|p1a: Zangoose|Zangoose, M|100\/100\n|switch|p2a: Rayquaza|Rayquaza|100\/100\n|-ability|p2a: Rayquaza|Air Lock\n|turn|1\n|j| incrediblebraps\n|\n|t:|1698786500\n|move|p1a: Zangoose|Trick|p2a: Rayquaza\n|-activate|p1a: Zangoose|move: Trick|[of] p2a: Rayquaza\n|-item|p2a: Rayquaza|Choice Scarf|[from] move: Trick\n|-item|p1a: Zangoose|Focus Sash|[from] move: Trick\n|move|p2a: Rayquaza|Stealth Rock|p1a: Zangoose\n|-sidestart|p1: NTW9891|move: Stealth Rock\n|\n|upkeep\n|turn|2\n|c| incrediblebraps|aand ur getting outplayed\n|\n|t:|1698786513\n|switch|p2a: Arceus|Arceus|100\/100\n|move|p1a: Zangoose|Nasty Plot|p1a: Zangoose\n|-boost|p1a: Zangoose|spa|2\n|\n|upkeep\n|turn|3\n|c| incrediblebraps|nvm then\n|\n|t:|1698786523\n|move|p2a: Arceus|Extreme Speed|p1a: Zangoose\n|-immune|p1a: Zangoose\n|move|p1a: Zangoose|Dark Pulse|p2a: Arceus\n|-damage|p2a: Arceus|65\/100\n|\n|upkeep\n|turn|4\n|c| incrediblebraps|PFFFT\n|\n|t:|1698786527\n|move|p1a: Zangoose|Dark Pulse|p2a: Arceus\n|-damage|p2a: Arceus|31\/100\n|move|p2a: Arceus|Trick Room|p2a: Arceus\n|-fieldstart|move: Trick Room|[of] p2a: Arceus\n|\n|upkeep\n|turn|5\n|c| incrediblebraps|CUH\n|c| incrediblebraps|CMON NOW\n|\n|t:|1698786536\n|move|p2a: Arceus|Snarl|p1a: Zangoose\n|-supereffective|p1a: Zangoose\n|-damage|p1a: Zangoose|41\/100\n|-unboost|p1a: Zangoose|spa|1\n|replace|p1a: Zoroark|Zoroark-Hisui, M, shiny\n|-end|p1a: Zoroark|Illusion\n|move|p1a: Zoroark|Dark Pulse|p2a: Arceus\n|-damage|p2a: Arceus|6\/100\n|\n|upkeep\n|turn|6\n|\n|t:|1698786542\n|move|p2a: Arceus|Snarl|p1a: Zoroark\n|-supereffective|p1a: Zoroark\n|-damage|p1a: Zoroark|0 fnt\n|faint|p1a: Zoroark\n|\n|upkeep\n|\n|t:|1698786549\n|switch|p1a: Tinkaton|Tinkaton, F|100\/100\n|-damage|p1a: Tinkaton|94\/100|[from] Stealth Rock\n|turn|7\n|\n|t:|1698786553\n|move|p2a: Arceus|Healing Wish|p2a: Arceus\n|faint|p2a: Arceus\n|move|p1a: Tinkaton|Play Rough|p2: Arceus|[notarget]\n|-fail|p1a: Tinkaton\n|\n|upkeep\n|\n|t:|1698786557\n|switch|p2a: Ursaluna|Ursaluna-Bloodmoon, M|100\/100\n|turn|8\n|\n|t:|1698786564\n|move|p2a: Ursaluna|Earth Power|p1a: Tinkaton\n|-supereffective|p1a: Tinkaton\n|-damage|p1a: Tinkaton|0 fnt\n|faint|p1a: Tinkaton\n|\n|-fieldend|move: Trick Room\n|upkeep\n|\n|t:|1698786570\n|switch|p1a: Zangoose|Zangoose, M|100\/100\n|-damage|p1a: Zangoose|88\/100|[from] Stealth Rock\n|turn|9\n|\n|t:|1698786575\n|move|p1a: Zangoose|Protect|p1a: Zangoose\n|-singleturn|p1a: Zangoose|Protect\n|move|p2a: Ursaluna|Blood Moon|p1a: Zangoose\n|-activate|p1a: Zangoose|move: Protect\n|\n|-status|p1a: Zangoose|tox|[from] item: Toxic Orb\n|upkeep\n|turn|10\n|\n|t:|1698786587\n|move|p1a: Zangoose|Ice Punch|p2a: Ursaluna\n|-supereffective|p2a: Ursaluna\n|-damage|p2a: Ursaluna|48\/100\n|move|p2a: Ursaluna|Hyper Voice|p1a: Zangoose\n|-damage|p1a: Zangoose|0 fnt\n|faint|p1a: Zangoose\n|\n|upkeep\n|-message|NTW9891 forfeited.\n|\n|win|grass knot zygarde\n|raw|NTW9891's rating: 1195 &rarr; <strong>1176<\/strong><br \/>(-19 for losing)\n|raw|grass knot zygarde's rating: 1286 &rarr; <strong>1305<\/strong><br \/>(+19 for winning)\n|l|\u2606NTW9891\n|c|\u2606grass knot zygarde|yerp\n","uploadtime":1698786604,"views":3,"p1id":"ntw9891","p2id":"grassknotzygarde","formatid":"gen9anythinggoes","rating":1176,"private":0,"password":""}