{"id":"gen9anythinggoes-1997974513","p1":"matrixxi","p2":"Hawkman100","format":"[Gen 9] Anything Goes","log":"|j|\u2606matrixxi\n|j|\u2606Hawkman100\n|t:|1700874148\n|gametype|singles\n|player|p1|matrixxi|ingo|1434\n|player|p2|Hawkman100|2|1411\n|teamsize|p1|6\n|teamsize|p2|6\n|gen|9\n|tier|[Gen 9] Anything Goes\n|rated|\n|rule|HP Percentage Mod: HP is shown in percentages\n|rule|Endless Battle Clause: Forcing endless battles is banned\n|clearpoke\n|poke|p1|Calyrex-Shadow|\n|poke|p1|Zacian-*|\n|poke|p1|Flutter Mane|\n|poke|p1|Ribombee, F|\n|poke|p1|Urshifu-*, F|\n|poke|p1|Toxapex, M|\n|poke|p2|Iron Bundle|\n|poke|p2|Corviknight, F|\n|poke|p2|Clodsire, M|\n|poke|p2|Calyrex-Shadow|\n|poke|p2|Arceus|\n|poke|p2|Eternatus|\n|teampreview\n|inactive|Battle timer is ON: inactive players will automatically lose when time's up. (requested by matrixxi)\n|\n|t:|1700874161\n|start\n|switch|p1a: Calyrex|Calyrex-Shadow|100\/100\n|switch|p2a: Iron Bundle|Iron Bundle|100\/100\n|-ability|p1a: Calyrex|As One\n|-ability|p1a: Calyrex|Unnerve\n|-enditem|p2a: Iron Bundle|Booster Energy\n|-activate|p2a: Iron Bundle|ability: Quark Drive|[fromitem]\n|-start|p2a: Iron Bundle|quarkdrivespe\n|turn|1\n|\n|t:|1700874175\n|-end|p2a: Iron Bundle|Quark Drive|[silent]\n|switch|p2a: Clodsire|Clodsire, M|100\/100\n|move|p1a: Calyrex|Astral Barrage|p2a: Clodsire\n|-damage|p2a: Clodsire|60\/100\n|\n|-heal|p2a: Clodsire|66\/100|[from] item: Black Sludge\n|upkeep\n|turn|2\n|\n|t:|1700874184\n|move|p1a: Calyrex|Psychic|p2a: Clodsire\n|-supereffective|p2a: Clodsire\n|-damage|p2a: Clodsire|5\/100\n|move|p2a: Clodsire|Yawn|p1a: Calyrex\n|-start|p1a: Calyrex|move: Yawn|[of] p2a: Clodsire\n|\n|-heal|p2a: Clodsire|11\/100|[from] item: Black Sludge\n|upkeep\n|turn|3\n|\n|t:|1700874193\n|switch|p1a: Ribombee|Ribombee, F|100\/100\n|move|p2a: Clodsire|Toxic Spikes|p1a: Ribombee\n|-sidestart|p1: matrixxi|move: Toxic Spikes\n|\n|-heal|p2a: Clodsire|17\/100|[from] item: Black Sludge\n|upkeep\n|turn|4\n|\n|t:|1700874200\n|move|p1a: Ribombee|Moonblast|p2a: Clodsire\n|-resisted|p2a: Clodsire\n|-damage|p2a: Clodsire|7\/100\n|move|p2a: Clodsire|Yawn|p1a: Ribombee\n|-start|p1a: Ribombee|move: Yawn|[of] p2a: Clodsire\n|\n|-heal|p2a: Clodsire|13\/100|[from] item: Black Sludge\n|upkeep\n|turn|5\n|\n|t:|1700874211\n|switch|p2a: Iron Bundle|Iron Bundle|100\/100\n|move|p1a: Ribombee|Sticky Web|p2a: Iron Bundle\n|-sidestart|p2: Hawkman100|move: Sticky Web\n|\n|-end|p1a: Ribombee|move: Yawn|[silent]\n|-status|p1a: Ribombee|slp\n|upkeep\n|turn|6\n|\n|t:|1700874219\n|move|p2a: Iron Bundle|Ice Beam|p1a: Ribombee\n|-damage|p1a: Ribombee|31\/100 slp\n|cant|p1a: Ribombee|slp\n|\n|upkeep\n|turn|7\n|\n|t:|1700874224\n|move|p2a: Iron Bundle|Freeze-Dry|p1a: Ribombee\n|-damage|p1a: Ribombee|0 fnt\n|faint|p1a: Ribombee\n|\n|upkeep\n|\n|t:|1700874231\n|switch|p1a: Toxapex|Toxapex, M|100\/100\n|-sideend|p1: matrixxi|move: Toxic Spikes|[of] p1a: Toxapex\n|turn|8\n|\n|t:|1700874235\n|move|p2a: Iron Bundle|Freeze-Dry|p1a: Toxapex\n|-supereffective|p1a: Toxapex\n|-damage|p1a: Toxapex|48\/100\n|-enditem|p1a: Toxapex|Red Card|[of] p2a: Iron Bundle\n|-end|p2a: Iron Bundle|Quark Drive|[silent]\n|drag|p2a: Arceus|Arceus|100\/100\n|-activate|p2a: Arceus|move: Sticky Web\n|-unboost|p2a: Arceus|spe|1\n|move|p1a: Toxapex|Toxic|p2a: Arceus\n|-status|p2a: Arceus|tox\n|\n|-damage|p2a: Arceus|94\/100 tox|[from] psn\n|upkeep\n|turn|9\n|\n|t:|1700874247\n|move|p2a: Arceus|Calm Mind|p2a: Arceus\n|-boost|p2a: Arceus|spa|1\n|-boost|p2a: Arceus|spd|1\n|move|p1a: Toxapex|Infestation|p2a: Arceus\n|-crit|p2a: Arceus\n|-damage|p2a: Arceus|91\/100 tox\n|-activate|p2a: Arceus|move: Infestation|[of] p1a: Toxapex\n|\n|-heal|p2a: Arceus|98\/100 tox|[from] item: Leftovers\n|-damage|p2a: Arceus|85\/100 tox|[from] psn\n|-damage|p2a: Arceus|73\/100 tox|[from] move: Infestation|[partiallytrapped]\n|upkeep\n|turn|10\n|\n|t:|1700874259\n|move|p1a: Toxapex|Baneful Bunker|p1a: Toxapex\n|-singleturn|p1a: Toxapex|move: Protect\n|move|p2a: Arceus|Extreme Speed|p1a: Toxapex\n|-activate|p1a: Toxapex|move: Protect\n|\n|-heal|p2a: Arceus|79\/100 tox|[from] item: Leftovers\n|-damage|p2a: Arceus|61\/100 tox|[from] psn\n|-damage|p2a: Arceus|48\/100 tox|[from] move: Infestation|[partiallytrapped]\n|upkeep\n|turn|11\n|\n|t:|1700874270\n|move|p2a: Arceus|Shadow Ball|p1a: Toxapex\n|-damage|p1a: Toxapex|24\/100\n|move|p1a: Toxapex|Recover|p1a: Toxapex\n|-heal|p1a: Toxapex|74\/100\n|\n|-heal|p2a: Arceus|55\/100 tox|[from] item: Leftovers\n|-damage|p2a: Arceus|30\/100 tox|[from] psn\n|-damage|p2a: Arceus|18\/100 tox|[from] move: Infestation|[partiallytrapped]\n|upkeep\n|turn|12\n|\n|t:|1700874281\n|move|p1a: Toxapex|Baneful Bunker|p1a: Toxapex\n|-singleturn|p1a: Toxapex|move: Protect\n|move|p2a: Arceus|Shadow Ball|p1a: Toxapex\n|-activate|p1a: Toxapex|move: Protect\n|\n|-heal|p2a: Arceus|24\/100 tox|[from] item: Leftovers\n|-damage|p2a: Arceus|0 fnt|[from] psn\n|faint|p2a: Arceus\n|upkeep\n|\n|t:|1700874292\n|switch|p2a: Corviknight|Corviknight, F|100\/100\n|-ability|p2a: Corviknight|Pressure\n|turn|13\n|\n|t:|1700874297\n|move|p2a: Corviknight|Defog|p1a: Toxapex\n|-unboost|p1a: Toxapex|evasion|1\n|-sideend|p2: Hawkman100|Sticky Web|[from] move: Defog|[of] p2a: Corviknight\n|move|p1a: Toxapex|Infestation|p2a: Corviknight\n|-resisted|p2a: Corviknight\n|-damage|p2a: Corviknight|99\/100\n|-activate|p2a: Corviknight|move: Infestation|[of] p1a: Toxapex\n|-damage|p1a: Toxapex|57\/100|[from] item: Rocky Helmet|[of] p2a: Corviknight\n|\n|-damage|p2a: Corviknight|88\/100|[from] move: Infestation|[partiallytrapped]\n|upkeep\n|turn|14\n|\n|t:|1700874313\n|switch|p1a: Zacian|Zacian-Crowned|100\/100\n|-ability|p1a: Zacian|Intrepid Sword|boost\n|-boost|p1a: Zacian|atk|1\n|move|p2a: Corviknight|Bulk Up|p2a: Corviknight\n|-boost|p2a: Corviknight|atk|1\n|-boost|p2a: Corviknight|def|1\n|\n|-end|p2a: Corviknight|Infestation|[partiallytrapped]|[silent]\n|upkeep\n|turn|15\n|\n|t:|1700874323\n|move|p1a: Zacian|Sacred Sword|p2a: Corviknight\n|-damage|p2a: Corviknight|46\/100\n|-damage|p1a: Zacian|84\/100|[from] item: Rocky Helmet|[of] p2a: Corviknight\n|move|p2a: Corviknight|Bulk Up|p2a: Corviknight\n|-boost|p2a: Corviknight|atk|1\n|-boost|p2a: Corviknight|def|1\n|\n|upkeep\n|turn|16\n|\n|t:|1700874330\n|move|p1a: Zacian|Sacred Sword|p2a: Corviknight\n|-damage|p2a: Corviknight|1\/100\n|-damage|p1a: Zacian|67\/100|[from] item: Rocky Helmet|[of] p2a: Corviknight\n|move|p2a: Corviknight|Roost|p2a: Corviknight\n|-heal|p2a: Corviknight|51\/100\n|-singleturn|p2a: Corviknight|move: Roost\n|\n|upkeep\n|turn|17\n|\n|t:|1700874339\n|move|p1a: Zacian|Sacred Sword|p2a: Corviknight\n|-damage|p2a: Corviknight|11\/100\n|-damage|p1a: Zacian|51\/100|[from] item: Rocky Helmet|[of] p2a: Corviknight\n|move|p2a: Corviknight|Roost|p2a: Corviknight\n|-heal|p2a: Corviknight|61\/100\n|-singleturn|p2a: Corviknight|move: Roost\n|\n|upkeep\n|turn|18\n|\n|t:|1700874349\n|switch|p1a: Calyrex|Calyrex-Shadow|100\/100\n|-ability|p1a: Calyrex|As One\n|-ability|p1a: Calyrex|Unnerve\n|move|p2a: Corviknight|Roost|p2a: Corviknight\n|-heal|p2a: Corviknight|100\/100\n|-singleturn|p2a: Corviknight|move: Roost\n|\n|upkeep\n|turn|19\n|\n|t:|1700874361\n|-terastallize|p1a: Calyrex|Fire\n|move|p1a: Calyrex|Tera Blast|p2a: Corviknight|[anim] Tera Blast Fire\n|-supereffective|p2a: Corviknight\n|-damage|p2a: Corviknight|37\/100\n|move|p2a: Corviknight|Brave Bird|p1a: Calyrex\n|-damage|p1a: Calyrex|9\/100\n|-damage|p2a: Corviknight|11\/100|[from] Recoil\n|\n|upkeep\n|turn|20\n|\n|t:|1700874375\n|switch|p2a: Calyrex|Calyrex-Shadow|100\/100\n|-ability|p2a: Calyrex|As One\n|-ability|p2a: Calyrex|Unnerve\n|move|p1a: Calyrex|Tera Blast|p2a: Calyrex|[anim] Tera Blast Fire\n|-damage|p2a: Calyrex|48\/100\n|\n|-heal|p2a: Calyrex|54\/100|[from] item: Leftovers\n|upkeep\n|turn|21\n|\n|t:|1700874390\n|move|p1a: Calyrex|Astral Barrage|p2a: Calyrex\n|-supereffective|p2a: Calyrex\n|-damage|p2a: Calyrex|0 fnt\n|faint|p2a: Calyrex\n|-ability|p1a: Calyrex|Grim Neigh|boost\n|-boost|p1a: Calyrex|spa|1\n|\n|upkeep\n|\n|t:|1700874400\n|switch|p2a: Iron Bundle|Iron Bundle|100\/100\n|turn|22\n|\n|t:|1700874406\n|move|p1a: Calyrex|Tera Blast|p2a: Iron Bundle|[anim] Tera Blast Fire\n|-damage|p2a: Iron Bundle|0 fnt\n|faint|p2a: Iron Bundle\n|-end|p2a: Iron Bundle|Quark Drive|[silent]\n|-ability|p1a: Calyrex|Grim Neigh|boost\n|-boost|p1a: Calyrex|spa|1\n|\n|upkeep\n|\n|t:|1700874425\n|switch|p2a: Clodsire|Clodsire, M|13\/100\n|turn|23\n|inactive|matrixxi has 120 seconds left.\n|\n|t:|1700874471\n|move|p1a: Calyrex|Astral Barrage|p2a: Clodsire\n|-damage|p2a: Clodsire|0 fnt\n|faint|p2a: Clodsire\n|-ability|p1a: Calyrex|Grim Neigh|boost\n|-boost|p1a: Calyrex|spa|1\n|\n|upkeep\n|\n|t:|1700874480\n|switch|p2a: Corviknight|Corviknight, F|11\/100\n|-ability|p2a: Corviknight|Pressure\n|turn|24\n|\n|t:|1700874486\n|move|p1a: Calyrex|Astral Barrage|p2a: Corviknight\n|-damage|p2a: Corviknight|0 fnt\n|faint|p2a: Corviknight\n|-ability|p1a: Calyrex|Grim Neigh|boost\n|-boost|p1a: Calyrex|spa|1\n|\n|upkeep\n|\n|t:|1700874495\n|switch|p2a: Eternatus|Eternatus|100\/100\n|-ability|p2a: Eternatus|Pressure\n|turn|25\n|\n|t:|1700874509\n|move|p1a: Calyrex|Psychic|p2a: Eternatus\n|-supereffective|p2a: Eternatus\n|-damage|p2a: Eternatus|0 fnt\n|faint|p2a: Eternatus\n|\n|win|matrixxi\n|raw|matrixxi's rating: 1434 &rarr; <strong>1453<\/strong><br \/>(+19 for winning)\n|raw|Hawkman100's rating: 1411 &rarr; <strong>1392<\/strong><br \/>(-19 for losing)\n|l|\u2606matrixxi\n","uploadtime":1700874522,"views":0,"p1id":"matrixxi","p2id":"hawkman100","formatid":"gen9anythinggoes","rating":1392,"private":0,"password":""}