{"id":"gen9anythinggoes-1975627570","p1":"Dumbfudge","p2":"RiizenGaming","format":"[Gen 9] Anything Goes","log":"|j|\u2606Dumbfudge\n|j|\u2606RiizenGaming\n|t:|1698215566\n|gametype|singles\n|player|p1|Dumbfudge|blackbelt-gen4dp|1257\n|player|p2|RiizenGaming|265|1322\n|teamsize|p1|6\n|teamsize|p2|6\n|gen|9\n|tier|[Gen 9] Anything Goes\n|rated|\n|rule|HP Percentage Mod: HP is shown in percentages\n|rule|Endless Battle Clause: Forcing endless battles is banned\n|clearpoke\n|poke|p1|Grimmsnarl, M|\n|poke|p1|Dudunsparce-*, M|\n|poke|p1|Zacian-*|\n|poke|p1|Calyrex-Shadow|\n|poke|p1|Drifblim, M|\n|poke|p1|Darkrai|\n|poke|p2|Spidops, M|\n|poke|p2|Baxcalibur, F|\n|poke|p2|Kingambit, M|\n|poke|p2|Ogerpon-Hearthflame, F|\n|poke|p2|Urshifu-*, F|\n|poke|p2|Dragonite, M|\n|teampreview\n|inactive|Battle timer is ON: inactive players will automatically lose when time's up. (requested by Dumbfudge)\n|\n|t:|1698215576\n|start\n|switch|p1a: Grimmsnarl|Grimmsnarl, M|100\/100\n|switch|p2a: Ogerpon|Ogerpon-Hearthflame, F|100\/100\n|-ability|p2a: Ogerpon|Mold Breaker\n|turn|1\n|\n|t:|1698215590\n|move|p1a: Grimmsnarl|Taunt|p2a: Ogerpon\n|-start|p2a: Ogerpon|move: Taunt\n|move|p2a: Ogerpon|Ivy Cudgel|p1a: Grimmsnarl\n|-damage|p1a: Grimmsnarl|41\/100\n|\n|upkeep\n|turn|2\n|\n|t:|1698215596\n|move|p1a: Grimmsnarl|Reflect|p1a: Grimmsnarl\n|-sidestart|p1: Dumbfudge|Reflect\n|move|p2a: Ogerpon|Ivy Cudgel|p1a: Grimmsnarl\n|-damage|p1a: Grimmsnarl|10\/100\n|\n|upkeep\n|turn|3\n|\n|t:|1698215601\n|move|p1a: Grimmsnarl|Light Screen|p1a: Grimmsnarl\n|-sidestart|p1: Dumbfudge|move: Light Screen\n|move|p2a: Ogerpon|Ivy Cudgel|p1a: Grimmsnarl\n|-damage|p1a: Grimmsnarl|0 fnt\n|faint|p1a: Grimmsnarl\n|\n|-end|p2a: Ogerpon|move: Taunt\n|upkeep\n|\n|t:|1698215609\n|switch|p1a: Dudunsparce|Dudunsparce, M|100\/100\n|turn|4\n|\n|t:|1698215614\n|move|p2a: Ogerpon|Knock Off|p1a: Dudunsparce\n|-damage|p1a: Dudunsparce|85\/100\n|-damage|p2a: Ogerpon|84\/100|[from] item: Rocky Helmet|[of] p1a: Dudunsparce\n|-enditem|p1a: Dudunsparce|Rocky Helmet|[from] move: Knock Off|[of] p2a: Ogerpon\n|move|p1a: Dudunsparce|Yawn|p2a: Ogerpon\n|-start|p2a: Ogerpon|move: Yawn|[of] p1a: Dudunsparce\n|\n|upkeep\n|turn|5\n|\n|t:|1698215623\n|switch|p2a: Urshifu|Urshifu-Rapid-Strike, F|100\/100\n|move|p1a: Dudunsparce|Coil|p1a: Dudunsparce\n|-boost|p1a: Dudunsparce|atk|1\n|-boost|p1a: Dudunsparce|def|1\n|-boost|p1a: Dudunsparce|accuracy|1\n|\n|upkeep\n|turn|6\n|\n|t:|1698215641\n|move|p2a: Urshifu|Close Combat|p1a: Dudunsparce\n|-supereffective|p1a: Dudunsparce\n|-damage|p1a: Dudunsparce|34\/100\n|-unboost|p2a: Urshifu|def|1\n|-unboost|p2a: Urshifu|spd|1\n|move|p1a: Dudunsparce|Yawn|p2a: Urshifu\n|-start|p2a: Urshifu|move: Yawn|[of] p1a: Dudunsparce\n|\n|upkeep\n|turn|7\n|\n|t:|1698215665\n|switch|p2a: Spidops|Spidops, M|100\/100\n|move|p1a: Dudunsparce|Roost|p1a: Dudunsparce\n|-heal|p1a: Dudunsparce|84\/100\n|-singleturn|p1a: Dudunsparce|move: Roost\n|\n|upkeep\n|turn|8\n|\n|t:|1698215672\n|move|p1a: Dudunsparce|Baton Pass|p1a: Dudunsparce\n|\n|t:|1698215675\n|switch|p1a: Calyrex|Calyrex-Shadow|100\/100|[from] Baton Pass\n|-ability|p1a: Calyrex|As One\n|-ability|p1a: Calyrex|Unnerve\n|move|p2a: Spidops|Circle Throw|p1a: Calyrex\n|-immune|p1a: Calyrex\n|\n|upkeep\n|turn|9\n|\n|t:|1698215684\n|move|p2a: Spidops|Silk Trap|p2a: Spidops\n|-singleturn|p2a: Spidops|Protect\n|move|p1a: Calyrex|Agility|p1a: Calyrex\n|-boost|p1a: Calyrex|spe|2\n|\n|-sideend|p1: Dumbfudge|Reflect\n|upkeep\n|turn|10\n|\n|t:|1698215692\n|move|p1a: Calyrex|Astral Barrage|p2a: Spidops\n|-damage|p2a: Spidops|9\/100\n|move|p2a: Spidops|Sticky Web|p1a: Calyrex\n|-sidestart|p1: Dumbfudge|move: Sticky Web\n|\n|-sideend|p1: Dumbfudge|move: Light Screen\n|upkeep\n|turn|11\n|\n|t:|1698215701\n|move|p2a: Spidops|Silk Trap|p2a: Spidops\n|-singleturn|p2a: Spidops|Protect\n|move|p1a: Calyrex|Baton Pass|p1a: Calyrex\n|\n|t:|1698215707\n|switch|p1a: Darkrai|Darkrai|100\/100|[from] Baton Pass\n|-activate|p1a: Darkrai|move: Sticky Web\n|-unboost|p1a: Darkrai|spe|1\n|\n|upkeep\n|turn|12\n|\n|t:|1698215713\n|move|p1a: Darkrai|Hypnosis|p2a: Spidops\n|-status|p2a: Spidops|slp|[from] move: Hypnosis\n|cant|p2a: Spidops|slp\n|\n|-damage|p2a: Spidops|0 fnt|[from] ability: Bad Dreams|[of] p1a: Darkrai\n|faint|p2a: Spidops\n|upkeep\n|\n|t:|1698215719\n|switch|p2a: Urshifu|Urshifu-Rapid-Strike, F|100\/100\n|turn|13\n|\n|t:|1698215729\n|-terastallize|p2a: Urshifu|Fighting\n|move|p1a: Darkrai|Hypnosis|p2a: Urshifu\n|-status|p2a: Urshifu|slp|[from] move: Hypnosis\n|cant|p2a: Urshifu|slp\n|\n|-damage|p2a: Urshifu|88\/100 slp|[from] ability: Bad Dreams|[of] p1a: Darkrai\n|upkeep\n|turn|14\n|\n|t:|1698215739\n|-terastallize|p1a: Darkrai|Dark\n|move|p1a: Darkrai|Dark Pulse|p2a: Urshifu\n|-resisted|p2a: Urshifu\n|-damage|p2a: Urshifu|50\/100 slp\n|cant|p2a: Urshifu|slp\n|\n|-damage|p2a: Urshifu|38\/100 slp|[from] ability: Bad Dreams|[of] p1a: Darkrai\n|upkeep\n|turn|15\n|\n|t:|1698215749\n|move|p1a: Darkrai|Dark Pulse|p2a: Urshifu\n|-resisted|p2a: Urshifu\n|-damage|p2a: Urshifu|3\/100 slp\n|cant|p2a: Urshifu|slp\n|\n|-damage|p2a: Urshifu|0 fnt|[from] ability: Bad Dreams|[of] p1a: Darkrai\n|faint|p2a: Urshifu\n|upkeep\n|\n|t:|1698215756\n|switch|p2a: Dragonite|Dragonite, M, shiny|100\/100\n|turn|16\n|\n|t:|1698215760\n|move|p2a: Dragonite|Extreme Speed|p1a: Darkrai\n|-damage|p1a: Darkrai|67\/100\n|move|p1a: Darkrai|Hypnosis|p2a: Dragonite\n|-status|p2a: Dragonite|slp|[from] move: Hypnosis\n|\n|-damage|p2a: Dragonite|88\/100 slp|[from] ability: Bad Dreams|[of] p1a: Darkrai\n|upkeep\n|turn|17\n|\n|t:|1698215770\n|cant|p2a: Dragonite|slp\n|move|p1a: Darkrai|Dark Pulse|p2a: Dragonite\n|-damage|p2a: Dragonite|38\/100 slp\n|\n|-damage|p2a: Dragonite|25\/100 slp|[from] ability: Bad Dreams|[of] p1a: Darkrai\n|upkeep\n|turn|18\n|\n|t:|1698215778\n|cant|p2a: Dragonite|slp\n|move|p1a: Darkrai|Dark Pulse|p2a: Dragonite\n|-damage|p2a: Dragonite|0 fnt\n|faint|p2a: Dragonite\n|\n|upkeep\n|\n|t:|1698215783\n|switch|p2a: Ogerpon|Ogerpon-Hearthflame, F|84\/100\n|-ability|p2a: Ogerpon|Mold Breaker\n|turn|19\n|\n|t:|1698215788\n|move|p1a: Darkrai|Hypnosis|p2a: Ogerpon\n|-status|p2a: Ogerpon|slp|[from] move: Hypnosis\n|cant|p2a: Ogerpon|slp\n|\n|-damage|p2a: Ogerpon|72\/100 slp|[from] ability: Bad Dreams|[of] p1a: Darkrai\n|upkeep\n|turn|20\n|\n|t:|1698215796\n|move|p1a: Darkrai|Dark Pulse|p2a: Ogerpon\n|-damage|p2a: Ogerpon|18\/100 slp\n|cant|p2a: Ogerpon|slp\n|\n|-damage|p2a: Ogerpon|5\/100 slp|[from] ability: Bad Dreams|[of] p1a: Darkrai\n|upkeep\n|turn|21\n|c|\u2606RiizenGaming|Your literally bad at the game\n|\n|t:|1698215804\n|move|p1a: Darkrai|Dark Pulse|p2a: Ogerpon\n|-damage|p2a: Ogerpon|0 fnt\n|faint|p2a: Ogerpon\n|\n|upkeep\n|\n|t:|1698215806\n|switch|p2a: Baxcalibur|Baxcalibur, F|100\/100\n|turn|22\n|c|\u2606Dumbfudge|Im winning here\n|\n|t:|1698215821\n|move|p1a: Darkrai|Hypnosis|p2a: Baxcalibur|[miss]\n|-miss|p1a: Darkrai|p2a: Baxcalibur\n|move|p2a: Baxcalibur|Glaive Rush|p1a: Darkrai\n|-crit|p1a: Darkrai\n|-damage|p1a: Darkrai|0 fnt\n|-singlemove|p2a: Baxcalibur|Glaive Rush|[silent]\n|faint|p1a: Darkrai\n|\n|upkeep\n|c|\u2606RiizenGaming|No shit I'm constantly asleep\n|\n|t:|1698215831\n|switch|p1a: Dudunsparce|Dudunsparce, M|84\/100\n|-activate|p1a: Dudunsparce|move: Sticky Web\n|-unboost|p1a: Dudunsparce|spe|1\n|turn|23\n|\n|t:|1698215848\n|move|p2a: Baxcalibur|Dragon Dance|p2a: Baxcalibur\n|-boost|p2a: Baxcalibur|atk|1\n|-boost|p2a: Baxcalibur|spe|1\n|move|p1a: Dudunsparce|Yawn|p2a: Baxcalibur\n|-start|p2a: Baxcalibur|move: Yawn|[of] p1a: Dudunsparce\n|\n|upkeep\n|turn|24\n|\n|t:|1698215855\n|move|p2a: Baxcalibur|Glaive Rush|p1a: Dudunsparce\n|-damage|p1a: Dudunsparce|0 fnt\n|-singlemove|p2a: Baxcalibur|Glaive Rush|[silent]\n|faint|p1a: Dudunsparce\n|\n|-end|p2a: Baxcalibur|move: Yawn|[silent]\n|-status|p2a: Baxcalibur|slp\n|upkeep\n|\n|t:|1698215867\n|switch|p1a: Drifblim|Drifblim, M|100\/100\n|turn|25\n|\n|t:|1698215872\n|cant|p2a: Baxcalibur|slp\n|move|p1a: Drifblim|Defog|p2a: Baxcalibur\n|-unboost|p2a: Baxcalibur|evasion|1\n|-sideend|p1: Dumbfudge|Sticky Web|[from] move: Defog|[of] p1a: Drifblim\n|\n|upkeep\n|turn|26\n|\n|t:|1698215883\n|switch|p1a: Calyrex|Calyrex-Shadow|100\/100\n|-ability|p1a: Calyrex|As One\n|-ability|p1a: Calyrex|Unnerve\n|cant|p2a: Baxcalibur|slp\n|\n|upkeep\n|turn|27\n|\n|t:|1698215894\n|-curestatus|p2a: Baxcalibur|slp|[msg]\n|move|p2a: Baxcalibur|Crunch|p1a: Calyrex\n|-supereffective|p1a: Calyrex\n|-damage|p1a: Calyrex|0 fnt\n|faint|p1a: Calyrex\n|\n|upkeep\n|\n|t:|1698215901\n|switch|p1a: Zacian|Zacian-Crowned|100\/100\n|-ability|p1a: Zacian|Intrepid Sword|boost\n|-boost|p1a: Zacian|atk|1\n|turn|28\n|c|\u2606RiizenGaming|What was that about winning?\n|\n|t:|1698215911\n|move|p1a: Zacian|Behemoth Blade|p2a: Baxcalibur\n|-supereffective|p2a: Baxcalibur\n|-damage|p2a: Baxcalibur|0 fnt\n|faint|p2a: Baxcalibur\n|\n|upkeep\n|\n|t:|1698215917\n|switch|p2a: Kingambit|Kingambit, M|100\/100\n|-activate|p2a: Kingambit|ability: Supreme Overlord\n|-start|p2a: Kingambit|fallen5|[silent]\n|turn|29\n|inactive|RiizenGaming has 120 seconds left.\n|c|\u2606Dumbfudge|Dude im new and i gave a good fight\n|n|!Dumbfudge|dumbfudge\n|inactive|RiizenGaming has 90 seconds left.\n|inactive|RiizenGaming has 60 seconds left.\n|inactive|RiizenGaming has 30 seconds left.\n|inactive|RiizenGaming has 20 seconds left.\n|inactive|RiizenGaming has 15 seconds left.\n|inactive|RiizenGaming has 10 seconds left.\n|inactive|RiizenGaming has 5 seconds left.\n|\n|t:|1698216062\n|switch|p1a: Drifblim|Drifblim, M|100\/100\n|move|p2a: Kingambit|Sucker Punch||[still]\n|-fail|p2a: Kingambit\n|\n|upkeep\n|turn|30\n|inactive|RiizenGaming has 15 seconds left this turn.\n|\n|t:|1698216071\n|move|p1a: Drifblim|Substitute|p1a: Drifblim\n|-start|p1a: Drifblim|Substitute\n|-damage|p1a: Drifblim|76\/100\n|move|p2a: Kingambit|Kowtow Cleave|p1a: Drifblim\n|-supereffective|p1a: Drifblim\n|-end|p1a: Drifblim|Substitute\n|\n|upkeep\n|turn|31\n|inactive|RiizenGaming has 25 seconds left this turn.\n|inactive|RiizenGaming has 20 seconds left.\n|\n|t:|1698216083\n|move|p2a: Kingambit|Sucker Punch||[still]\n|-fail|p2a: Kingambit\n|move|p1a: Drifblim|Substitute|p1a: Drifblim\n|-start|p1a: Drifblim|Substitute\n|-damage|p1a: Drifblim|51\/100\n|\n|upkeep\n|turn|32\n|inactive|RiizenGaming has 30 seconds left this turn.\n|\n|t:|1698216090\n|move|p1a: Drifblim|Baton Pass|p1a: Drifblim\n|\n|t:|1698216091\n|switch|p1a: Zacian|Zacian-Crowned|100\/100|[from] Baton Pass\n|move|p2a: Kingambit|Kowtow Cleave|p1a: Zacian\n|-resisted|p1a: Zacian\n|-end|p1a: Zacian|Substitute\n|\n|upkeep\n|turn|33\n|\n|t:|1698216101\n|move|p1a: Zacian|Behemoth Blade|p2a: Kingambit\n|-resisted|p2a: Kingambit\n|-damage|p2a: Kingambit|80\/100\n|move|p2a: Kingambit|Kowtow Cleave|p1a: Zacian\n|-resisted|p1a: Zacian\n|-damage|p1a: Zacian|66\/100\n|\n|upkeep\n|turn|34\n|\n|t:|1698216109\n|move|p1a: Zacian|Play Rough|p2a: Kingambit\n|-damage|p2a: Kingambit|45\/100\n|move|p2a: Kingambit|Kowtow Cleave|p1a: Zacian\n|-resisted|p1a: Zacian\n|-damage|p1a: Zacian|32\/100\n|\n|upkeep\n|turn|35\n|\n|t:|1698216121\n|move|p1a: Zacian|Play Rough|p2a: Kingambit\n|-crit|p2a: Kingambit\n|-damage|p2a: Kingambit|0 fnt\n|faint|p2a: Kingambit\n|-end|p2a: Kingambit|fallen5|[silent]\n|\n|win|Dumbfudge\n|raw|Dumbfudge's rating: 1257 &rarr; <strong>1287<\/strong><br \/>(+30 for winning)\n|raw|RiizenGaming's rating: 1322 &rarr; <strong>1298<\/strong><br \/>(-24 for losing)\n","uploadtime":1698215954,"views":9,"p1id":"dumbfudge","p2id":"riizengaming","formatid":"gen9anythinggoes","rating":1287,"private":0,"password":""}