{"id":"gen9anythinggoes-1991251704","p1":"vagirina","p2":"Uur Mommy","format":"[Gen 9] Anything Goes","log":"|j|\u2606vagirina\n|j|\u2606Uur Mommy\n|t:|1700061389\n|gametype|singles\n|player|p1|vagirina|swimmer|1067\n|player|p2|Uur Mommy|workerice|1057\n|teamsize|p1|6\n|teamsize|p2|6\n|gen|9\n|tier|[Gen 9] Anything Goes\n|rated|\n|rule|HP Percentage Mod: HP is shown in percentages\n|rule|Endless Battle Clause: Forcing endless battles is banned\n|clearpoke\n|poke|p1|Gliscor, M|\n|poke|p1|Breloom, F|\n|poke|p1|Sneasler, F|\n|poke|p1|Toxapex, F|\n|poke|p1|Clodsire, F|\n|poke|p1|Zangoose, F|\n|poke|p2|Sawsbuck-Autumn, M|\n|poke|p2|Ceruledge, F|\n|poke|p2|Slowking-Galar, F|\n|poke|p2|Empoleon, M|\n|poke|p2|Greninja-*, M|\n|poke|p2|Espeon, M|\n|teampreview\n|\n|t:|1700061402\n|start\n|switch|p1a: Sneasler|Sneasler, F, shiny|100\/100\n|switch|p2a: See-Saw|Sawsbuck-Autumn, M, shiny|100\/100\n|turn|1\n|\n|t:|1700061410\n|switch|p2a: Cerulean|Ceruledge, F, shiny|100\/100\n|move|p1a: Sneasler|U-turn|p2a: Cerulean\n|-resisted|p2a: Cerulean\n|-damage|p2a: Cerulean|92\/100\n|-damage|p1a: Sneasler|84\/100|[from] item: Rocky Helmet|[of] p2a: Cerulean\n|\n|t:|1700061423\n|switch|p1a: Toxapex|Toxapex, F, shiny|100\/100|[from] U-turn\n|\n|upkeep\n|turn|2\n|\n|t:|1700061432\n|switch|p2a: WHY NO FLYYYY|Empoleon, M|100\/100\n|move|p1a: Toxapex|Chilling Water|p2a: WHY NO FLYYYY\n|-resisted|p2a: WHY NO FLYYYY\n|-damage|p2a: WHY NO FLYYYY|91\/100\n|-unboost|p2a: WHY NO FLYYYY|atk|1\n|-ability|p2a: WHY NO FLYYYY|Competitive|boost\n|-boost|p2a: WHY NO FLYYYY|spa|2\n|\n|upkeep\n|turn|3\n|\n|t:|1700061446\n|move|p2a: WHY NO FLYYYY|Swords Dance|p2a: WHY NO FLYYYY\n|-boost|p2a: WHY NO FLYYYY|atk|2\n|move|p1a: Toxapex|Haze|p1a: Toxapex\n|-clearallboost\n|\n|upkeep\n|turn|4\n|\n|t:|1700061454\n|move|p2a: WHY NO FLYYYY|Weather Ball|p1a: Toxapex\n|-damage|p1a: Toxapex|91\/100\n|move|p1a: Toxapex|Chilling Water|p2a: WHY NO FLYYYY\n|-resisted|p2a: WHY NO FLYYYY\n|-damage|p2a: WHY NO FLYYYY|82\/100\n|-unboost|p2a: WHY NO FLYYYY|atk|1\n|-ability|p2a: WHY NO FLYYYY|Competitive|boost\n|-boost|p2a: WHY NO FLYYYY|spa|2\n|\n|-heal|p1a: Toxapex|97\/100|[from] item: Leftovers\n|upkeep\n|turn|5\n|\n|t:|1700061465\n|move|p2a: WHY NO FLYYYY|Surf|p1a: Toxapex\n|-resisted|p1a: Toxapex\n|-damage|p1a: Toxapex|71\/100\n|move|p1a: Toxapex|Haze|p1a: Toxapex\n|-clearallboost\n|\n|-heal|p1a: Toxapex|77\/100|[from] item: Leftovers\n|upkeep\n|turn|6\n|\n|t:|1700061476\n|switch|p1a: Breloom|Breloom, F, shiny|100\/100\n|move|p2a: WHY NO FLYYYY|Swords Dance|p2a: WHY NO FLYYYY\n|-boost|p2a: WHY NO FLYYYY|atk|2\n|\n|-status|p1a: Breloom|tox|[from] item: Toxic Orb\n|upkeep\n|turn|7\n|\n|t:|1700061488\n|move|p2a: WHY NO FLYYYY|Drill Peck|p1a: Breloom\n|-supereffective|p1a: Breloom\n|-damage|p1a: Breloom|0 fnt\n|faint|p1a: Breloom\n|\n|upkeep\n|-message|vagirina forfeited.\n|\n|win|Uur Mommy\n|raw|vagirina's rating: 1067 &rarr; <strong>1046<\/strong><br \/>(-21 for losing)\n|raw|Uur Mommy's rating: 1057 &rarr; <strong>1089<\/strong><br \/>(+32 for winning)\n|l|\u2606vagirina\n","uploadtime":1700061515,"views":37,"p1id":"vagirina","p2id":"uurmommy","formatid":"gen9anythinggoes","rating":1046,"private":0,"password":""}