{"id":"gen9anythinggoes-1994012776","p1":"IkaVictini","p2":"Hirokimon","format":"[Gen 9] Anything Goes","log":"|j|\u2606IkaVictini\n|j|\u2606Hirokimon\n|t:|1700393445\n|gametype|singles\n|player|p1|IkaVictini|waitress|1044\n|player|p2|Hirokimon|veteran|1065\n|teamsize|p1|6\n|teamsize|p2|6\n|gen|9\n|tier|[Gen 9] Anything Goes\n|rated|\n|rule|HP Percentage Mod: HP is shown in percentages\n|rule|Endless Battle Clause: Forcing endless battles is banned\n|clearpoke\n|poke|p1|Froslass, F|\n|poke|p1|Sneasel, F|\n|poke|p1|Delibird, F|\n|poke|p1|Glaceon, F|\n|poke|p1|Rotom-Frost|\n|poke|p1|Ninetales-Alola, F|\n|poke|p2|Rotom-Fan|\n|poke|p2|Rotom-Wash|\n|poke|p2|Pawmot, F|\n|poke|p2|Oricorio-Pom-Pom, M|\n|poke|p2|Regieleki|\n|poke|p2|Thundurus-Therian, M|\n|teampreview\n|c|\u2606Hirokimon|Hmm ice types\n|c|\u2606IkaVictini|Inde3d\n|\n|t:|1700393466\n|start\n|switch|p1a: Glaceon|Glaceon, F, shiny|100\/100\n|switch|p2a: Never ground|Rotom-Fan|100\/100\n|turn|1\n|c|\u2606IkaVictini|Ice types best type (maybe)\n|c|\u2606Hirokimon|That threats half of my team\n|\n|t:|1700393491\n|move|p2a: Never ground|Will-O-Wisp|p1a: Glaceon\n|-status|p1a: Glaceon|brn\n|move|p1a: Glaceon|Snowscape|p1a: Glaceon\n|-weather|Snow\n|\n|-weather|Snow|[upkeep]\n|-damage|p1a: Glaceon|95\/100 brn|[from] brn\n|upkeep\n|turn|2\n|c|\u2606IkaVictini|Lol\n|\n|t:|1700393500\n|move|p2a: Never ground|Protect|p2a: Never ground\n|-singleturn|p2a: Never ground|Protect\n|move|p1a: Glaceon|Blizzard|p2a: Never ground\n|-activate|p2a: Never ground|move: Protect\n|\n|-weather|Snow|[upkeep]\n|-heal|p1a: Glaceon|100\/100 brn|[from] ability: Ice Body\n|-damage|p1a: Glaceon|95\/100 brn|[from] brn\n|upkeep\n|turn|3\n|\n|t:|1700393510\n|move|p2a: Never ground|Volt Switch|p1a: Glaceon\n|-damage|p1a: Glaceon|66\/100 brn\n|\n|t:|1700393514\n|switch|p2a: Washing machine|Rotom-Wash|100\/100|[from] Volt Switch\n|move|p1a: Glaceon|Blizzard|p2a: Washing machine\n|-resisted|p2a: Washing machine\n|-damage|p2a: Washing machine|66\/100\n|\n|-weather|Snow|[upkeep]\n|-heal|p1a: Glaceon|72\/100 brn|[from] ability: Ice Body\n|-damage|p1a: Glaceon|66\/100 brn|[from] brn\n|upkeep\n|turn|4\n|\n|t:|1700393531\n|-terastallize|p2a: Washing machine|Electric\n|move|p2a: Washing machine|Discharge|p1a: Glaceon\n|-damage|p1a: Glaceon|17\/100 brn\n|move|p1a: Glaceon|Blizzard|p2a: Washing machine\n|-damage|p2a: Washing machine|0 fnt\n|faint|p2a: Washing machine\n|\n|-weather|Snow|[upkeep]\n|-heal|p1a: Glaceon|23\/100 brn|[from] ability: Ice Body\n|-damage|p1a: Glaceon|17\/100 brn|[from] brn\n|upkeep\n|c|\u2606Hirokimon|That hurts\n|\n|t:|1700393547\n|switch|p2a: Never ground|Rotom-Fan|100\/100\n|turn|5\n|\n|t:|1700393552\n|move|p2a: Never ground|Volt Switch|p1a: Glaceon\n|-damage|p1a: Glaceon|0 fnt\n|faint|p1a: Glaceon\n|c|\u2606IkaVictini|Indeed\n|\n|t:|1700393562\n|switch|p2a: Oricorio|Oricorio-Pom-Pom, M, shiny|100\/100|[from] Volt Switch\n|\n|-weather|Snow|[upkeep]\n|upkeep\n|\n|t:|1700393573\n|switch|p1a: Froslass|Froslass, F, shiny|100\/100\n|turn|6\n|\n|t:|1700393579\n|move|p1a: Froslass|Ice Beam|p2a: Oricorio\n|-supereffective|p2a: Oricorio\n|-enditem|p2a: Oricorio|Focus Sash\n|-damage|p2a: Oricorio|1\/100\n|move|p2a: Oricorio|Quiver Dance|p2a: Oricorio\n|-boost|p2a: Oricorio|spa|1\n|-boost|p2a: Oricorio|spd|1\n|-boost|p2a: Oricorio|spe|1\n|\n|-weather|Snow|[upkeep]\n|upkeep\n|turn|7\n|c|\u2606IkaVictini|Sash is smart\n|\n|t:|1700393590\n|move|p2a: Oricorio|Revelation Dance|p1a: Froslass\n|-damage|p1a: Froslass|0 fnt\n|faint|p1a: Froslass\n|\n|-weather|Snow|[upkeep]\n|upkeep\n|c|\u2606IkaVictini|The clutch ayp\n|c|\u2606IkaVictini|ayo\n|\n|t:|1700393604\n|switch|p1a: Delibird|Delibird, F|100\/100\n|turn|8\n|\n|t:|1700393612\n|move|p2a: Oricorio|Protect|p2a: Oricorio\n|-singleturn|p2a: Oricorio|Protect\n|move|p1a: Delibird|Quick Attack|p2a: Oricorio\n|-activate|p2a: Oricorio|move: Protect\n|\n|-weather|none\n|upkeep\n|turn|9\n|c|\u2606Hirokimon|O\n|\n|t:|1700393626\n|move|p1a: Delibird|Quick Attack|p2a: Oricorio\n|-damage|p2a: Oricorio|0 fnt\n|faint|p2a: Oricorio\n|\n|upkeep\n|\n|t:|1700393636\n|switch|p2a: Holy|Pawmot, F|100\/100\n|turn|10\n|\n|t:|1700393646\n|-terastallize|p1a: Delibird|Ground\n|move|p2a: Holy|Revival Blessing|p2a: Holy\n|c|\u2606Hirokimon|Lets go counter to ice types\n|\n|t:|1700393655\n|-heal|p2: Oricorio|50\/100|[from] move: Revival Blessing\n|move|p1a: Delibird|Freeze-Dry|p2a: Holy\n|-damage|p2a: Holy|58\/100\n|\n|upkeep\n|turn|11\n|c|\u2606Hirokimon|Jk\n|c|\u2606IkaVictini|Noooo \ud83d\ude02\n|\n|t:|1700393672\n|move|p2a: Holy|Wish|p2a: Holy\n|move|p1a: Delibird|Freeze-Dry|p2a: Holy\n|-damage|p2a: Holy|12\/100\n|\n|upkeep\n|turn|12\n|c|\u2606Hirokimon|Dont have any attacking koves\n|c|\u2606IkaVictini|Oh\n|\n|t:|1700393682\n|move|p2a: Holy|Fake Out||[still]\n|-hint|Fake Out only works on your first turn out.\n|-fail|p2a: Holy\n|move|p1a: Delibird|Quick Attack|p2a: Holy\n|-damage|p2a: Holy|4\/100\n|\n|-heal|p2a: Holy|54\/100|[from] move: Wish|[wisher] Holy\n|upkeep\n|turn|13\n|c|\u2606Hirokimon|NO\n|\n|t:|1700393694\n|move|p2a: Holy|Wish|p2a: Holy\n|move|p1a: Delibird|Freeze-Dry|p2a: Holy\n|-damage|p2a: Holy|14\/100\n|\n|upkeep\n|turn|14\n|c|\u2606Hirokimon|Pls kill me\n|\n|t:|1700393703\n|move|p1a: Delibird|Quick Attack|p2a: Holy\n|-crit|p2a: Holy\n|-damage|p2a: Holy|5\/100\n|move|p2a: Holy|Wish||[still]\n|-fail|p2a: Holy\n|\n|-heal|p2a: Holy|54\/100|[from] move: Wish|[wisher] Holy\n|upkeep\n|turn|15\n|c|\u2606IkaVictini|Hmmm\n|\n|t:|1700393712\n|move|p2a: Holy|Wish|p2a: Holy\n|move|p1a: Delibird|Freeze-Dry|p2a: Holy\n|-damage|p2a: Holy|16\/100\n|\n|upkeep\n|turn|16\n|\n|t:|1700393723\n|switch|p2a: Oricorio|Oricorio-Pom-Pom, M, shiny|50\/100\n|move|p1a: Delibird|Air Slash|p2a: Oricorio\n|-resisted|p2a: Oricorio\n|-damage|p2a: Oricorio|32\/100\n|\n|-heal|p2a: Oricorio|91\/100|[from] move: Wish|[wisher] Holy\n|upkeep\n|turn|17\n|c|\u2606Hirokimon|Dont kill\n|c|\u2606Hirokimon|Dont kill\n|c|\u2606Hirokimon|Dont kill\n|c|\u2606IkaVictini|Okay\n|\n|t:|1700393748\n|move|p2a: Oricorio|Quiver Dance|p2a: Oricorio\n|-boost|p2a: Oricorio|spa|1\n|-boost|p2a: Oricorio|spd|1\n|-boost|p2a: Oricorio|spe|1\n|move|p1a: Delibird|Destiny Bond|p1a: Delibird\n|-singlemove|p1a: Delibird|Destiny Bond\n|\n|upkeep\n|turn|18\n|c|\u2606Hirokimon|Ub\n|c|\u2606Hirokimon|Uh\n|\n|t:|1700393771\n|move|p2a: Oricorio|Revelation Dance|p1a: Delibird\n|-immune|p1a: Delibird\n|move|p1a: Delibird|Freeze-Dry|p2a: Oricorio\n|-supereffective|p2a: Oricorio\n|-damage|p2a: Oricorio|32\/100\n|\n|upkeep\n|turn|19\n|c|\u2606Hirokimon|My only attacking move is elec\n|\n|t:|1700393789\n|switch|p2a: Holy|Pawmot, F|16\/100\n|move|p1a: Delibird|Freeze-Dry|p2a: Holy\n|-damage|p2a: Holy|0 fnt\n|faint|p2a: Holy\n|\n|upkeep\n|\n|t:|1700393797\n|switch|p2a: Regieleki|Regieleki|100\/100\n|turn|20\n|\n|t:|1700393802\n|move|p2a: Regieleki|Explosion|p1a: Delibird\n|-damage|p1a: Delibird|0 fnt\n|faint|p2a: Regieleki\n|faint|p1a: Delibird\n|\n|upkeep\n|c|\u2606IkaVictini|Owie\n|\n|t:|1700393813\n|switch|p2a: Never ground|Rotom-Fan|100\/100\n|switch|p1a: Sneasel|Sneasel, F|100\/100\n|turn|21\n|\n|t:|1700393818\n|move|p1a: Sneasel|Ice Beam|p2a: Never ground\n|-supereffective|p2a: Never ground\n|-damage|p2a: Never ground|70\/100\n|move|p2a: Never ground|Will-O-Wisp|p1a: Sneasel\n|-status|p1a: Sneasel|brn\n|\n|-damage|p1a: Sneasel|95\/100 brn|[from] brn\n|upkeep\n|turn|22\n|c|\u2606Hirokimon|Im tanky\n|\n|t:|1700393831\n|move|p2a: Never ground|Protect|p2a: Never ground\n|-singleturn|p2a: Never ground|Protect\n|move|p1a: Sneasel|Ice Beam|p2a: Never ground\n|-activate|p2a: Never ground|move: Protect\n|\n|-damage|p1a: Sneasel|89\/100 brn|[from] brn\n|upkeep\n|turn|23\n|c|\u2606IkaVictini|Indeed\n|\n|t:|1700393843\n|move|p2a: Never ground|Volt Switch|p1a: Sneasel\n|-damage|p1a: Sneasel|47\/100 brn\n|\n|t:|1700393846\n|switch|p2a: Oricorio|Oricorio-Pom-Pom, M, shiny|32\/100|[from] Volt Switch\n|move|p1a: Sneasel|Avalanche|p2a: Oricorio\n|-supereffective|p2a: Oricorio\n|-damage|p2a: Oricorio|0 fnt\n|faint|p2a: Oricorio\n|\n|-damage|p1a: Sneasel|41\/100 brn|[from] brn\n|upkeep\n|\n|t:|1700393858\n|switch|p2a: Never ground|Rotom-Fan|70\/100\n|turn|24\n|\n|t:|1700393866\n|move|p1a: Sneasel|Ice Beam|p2a: Never ground\n|-supereffective|p2a: Never ground\n|-damage|p2a: Never ground|38\/100\n|move|p2a: Never ground|Volt Switch|p1a: Sneasel\n|-damage|p1a: Sneasel|0 fnt\n|faint|p1a: Sneasel\n|\n|t:|1700393874\n|switch|p2a: T-T|Thundurus-Therian, M|100\/100|[from] Volt Switch\n|\n|upkeep\n|\n|t:|1700393883\n|switch|p1a: Rotom|Rotom-Frost|100\/100\n|turn|25\n|\n|t:|1700393896\n|move|p2a: T-T|Nasty Plot|p2a: T-T\n|-boost|p2a: T-T|spa|2\n|move|p1a: Rotom|Rain Dance|p1a: Rotom\n|-weather|RainDance\n|\n|-weather|RainDance|[upkeep]\n|upkeep\n|turn|26\n|c|\u2606Hirokimon|What\n|\n|t:|1700393909\n|move|p2a: T-T|Wildbolt Storm|p1a: Rotom\n|-resisted|p1a: Rotom\n|-damage|p1a: Rotom|27\/100\n|move|p1a: Rotom|Thunder|p2a: T-T\n|-immune|p2a: T-T|[from] ability: Volt Absorb\n|\n|-weather|RainDance|[upkeep]\n|upkeep\n|turn|27\n|c|\u2606IkaVictini|Goofy setup\n|c|\u2606IkaVictini|I was hoping it would be resistant \ud83d\udc80\n|c|\u2606Hirokimon|Why did you press\n|c|\u2606Hirokimon|Rain\n|c|\u2606IkaVictini|Thunder gets 100% accuracy in rain\n|c|\u2606Hirokimon|Oh\n|\n|t:|1700393956\n|move|p2a: T-T|Wildbolt Storm|p1a: Rotom\n|-resisted|p1a: Rotom\n|-damage|p1a: Rotom|0 fnt\n|faint|p1a: Rotom\n|\n|-weather|RainDance|[upkeep]\n|upkeep\n|\n|t:|1700393958\n|switch|p1a: Ninetales|Ninetales-Alola, F|100\/100\n|-weather|Snow|[from] ability: Snow Warning|[of] p1a: Ninetales\n|turn|28\n|c|\u2606Hirokimon|Didnt know that\n|\n|t:|1700393975\n|move|p1a: Ninetales|Blizzard|p2a: T-T\n|-supereffective|p2a: T-T\n|-damage|p2a: T-T|18\/100\n|move|p2a: T-T|Wildbolt Storm|p1a: Ninetales\n|-damage|p1a: Ninetales|0 fnt\n|faint|p1a: Ninetales\n|\n|win|Hirokimon\n|raw|IkaVictini's rating: 1044 &rarr; <strong>1028<\/strong><br \/>(-16 for losing)\n|raw|Hirokimon's rating: 1065 &rarr; <strong>1093<\/strong><br \/>(+28 for winning)\n|c|\u2606IkaVictini|Damn\n|c|\u2606Hirokimon|YOOOO\n|c|\u2606IkaVictini|Gg\n|c|\u2606Hirokimon|ggs\n|c|\u2606Hirokimon|I had electric types you had ice\n|c|\u2606IkaVictini|Teehee\n|c|\u2606Hirokimon|Definitely saving that\n","uploadtime":1700394011,"views":3,"p1id":"ikavictini","p2id":"hirokimon","formatid":"gen9anythinggoes","rating":1028,"private":0,"password":""}