{"id":"gen9anythinggoes-1989384803","p1":"akasyperman","p2":"ooohhh99","format":"[Gen 9] Anything Goes","log":"|j|\u2606akasyperman\n|j|\u2606ooohhh99\n|t:|1699843511\n|gametype|singles\n|player|p1|akasyperman|170|\n|player|p2|ooohhh99|hilbert-wonderlauncher|\n|teamsize|p1|6\n|teamsize|p2|6\n|gen|9\n|tier|[Gen 9] Anything Goes\n|rule|HP Percentage Mod: HP is shown in percentages\n|rule|Endless Battle Clause: Forcing endless battles is banned\n|clearpoke\n|poke|p1|Kingambit, F|\n|poke|p1|Breloom, M|\n|poke|p1|Slowbro, F|\n|poke|p1|Maushold-Four|\n|poke|p1|Gardevoir, F|\n|poke|p1|Volcarona, F|\n|poke|p2|Dondozo, M|\n|poke|p2|Lokix, F|\n|poke|p2|Houndstone, F|\n|poke|p2|Tauros-Paldea-Blaze, M|\n|poke|p2|Slowking, M|\n|poke|p2|Donphan, M|\n|teampreview\n|\n|t:|1699843534\n|start\n|switch|p1a: white family|Maushold-Four|100\/100\n|switch|p2a: Donbozo|Dondozo, M|100\/100\n|turn|1\n|\n|t:|1699843539\n|move|p1a: white family|Population Bomb|p2a: Donbozo\n|-damage|p2a: Donbozo|96\/100\n|-damage|p2a: Donbozo|91\/100\n|-damage|p2a: Donbozo|86\/100\n|-damage|p2a: Donbozo|81\/100\n|-damage|p2a: Donbozo|77\/100\n|-damage|p2a: Donbozo|72\/100\n|-damage|p2a: Donbozo|67\/100\n|-damage|p2a: Donbozo|61\/100\n|-damage|p2a: Donbozo|56\/100\n|-damage|p2a: Donbozo|52\/100\n|-hitcount|p2a: Donbozo|10\n|move|p2a: Donbozo|Curse|p2a: Donbozo\n|-unboost|p2a: Donbozo|spe|1\n|-boost|p2a: Donbozo|atk|1\n|-boost|p2a: Donbozo|def|1\n|\n|-heal|p2a: Donbozo|58\/100|[from] item: Leftovers\n|upkeep\n|turn|2\n|\n|t:|1699843551\n|move|p1a: white family|Population Bomb|p2a: Donbozo\n|-damage|p2a: Donbozo|55\/100\n|-damage|p2a: Donbozo|51\/100\n|-damage|p2a: Donbozo|48\/100\n|-damage|p2a: Donbozo|44\/100\n|-damage|p2a: Donbozo|41\/100\n|-damage|p2a: Donbozo|38\/100\n|-damage|p2a: Donbozo|34\/100\n|-damage|p2a: Donbozo|31\/100\n|-damage|p2a: Donbozo|28\/100\n|-damage|p2a: Donbozo|25\/100\n|-hitcount|p2a: Donbozo|10\n|move|p2a: Donbozo|Rest|p2a: Donbozo\n|-status|p2a: Donbozo|slp|[from] move: Rest\n|-heal|p2a: Donbozo|100\/100 slp|[silent]\n|\n|upkeep\n|turn|3\n|\n|t:|1699843559\n|switch|p1a: the focking sun|Volcarona, F|100\/100\n|cant|p2a: Donbozo|slp\n|move|p2a: Donbozo|Sleep Talk|p2a: Donbozo\n|move|p2a: Donbozo|Curse|p2a: Donbozo|[from]move: Sleep Talk\n|-unboost|p2a: Donbozo|spe|1\n|-boost|p2a: Donbozo|atk|1\n|-boost|p2a: Donbozo|def|1\n|\n|upkeep\n|turn|4\n|\n|t:|1699843565\n|move|p1a: the focking sun|Quiver Dance|p1a: the focking sun\n|-boost|p1a: the focking sun|spa|1\n|-boost|p1a: the focking sun|spd|1\n|-boost|p1a: the focking sun|spe|1\n|cant|p2a: Donbozo|slp\n|move|p2a: Donbozo|Sleep Talk|p2a: Donbozo\n|move|p2a: Donbozo|Wave Crash|p1a: the focking sun|[from]move: Sleep Talk\n|-supereffective|p1a: the focking sun\n|-damage|p1a: the focking sun|0 fnt\n|faint|p1a: the focking sun\n|-damage|p2a: Donbozo|80\/100 slp|[from] Recoil\n|\n|-heal|p2a: Donbozo|86\/100 slp|[from] item: Leftovers\n|upkeep\n|\n|t:|1699843574\n|switch|p1a: parsnip|Breloom, M|100\/100\n|turn|5\n|\n|t:|1699843586\n|-terastallize|p2a: Donbozo|Grass\n|move|p1a: parsnip|Leech Seed|p2a: Donbozo\n|-immune|p2a: Donbozo\n|-curestatus|p2a: Donbozo|slp|[msg]\n|move|p2a: Donbozo|Curse|p2a: Donbozo\n|-unboost|p2a: Donbozo|spe|1\n|-boost|p2a: Donbozo|atk|1\n|-boost|p2a: Donbozo|def|1\n|\n|-heal|p2a: Donbozo|92\/100|[from] item: Leftovers\n|-status|p1a: parsnip|tox|[from] item: Toxic Orb\n|upkeep\n|turn|6\n|\n|t:|1699843598\n|move|p1a: parsnip|Drain Punch|p2a: Donbozo\n|-damage|p2a: Donbozo|86\/100\n|move|p2a: Donbozo|Wave Crash|p1a: parsnip\n|-resisted|p1a: parsnip\n|-crit|p1a: parsnip\n|-damage|p1a: parsnip|32\/100 tox\n|-damage|p2a: Donbozo|72\/100|[from] Recoil\n|\n|-heal|p2a: Donbozo|78\/100|[from] item: Leftovers\n|-heal|p1a: parsnip|45\/100 tox|[from] ability: Poison Heal\n|upkeep\n|turn|7\n|\n|t:|1699843605\n|move|p1a: parsnip|Protect|p1a: parsnip\n|-singleturn|p1a: parsnip|Protect\n|move|p2a: Donbozo|Wave Crash|p1a: parsnip\n|-activate|p1a: parsnip|move: Protect\n|\n|-heal|p2a: Donbozo|84\/100|[from] item: Leftovers\n|-heal|p1a: parsnip|57\/100 tox|[from] ability: Poison Heal\n|upkeep\n|turn|8\n|\n|t:|1699843613\n|move|p1a: parsnip|Drain Punch|p2a: Donbozo\n|-damage|p2a: Donbozo|78\/100\n|-heal|p1a: parsnip|62\/100 tox|[from] drain|[of] p2a: Donbozo\n|move|p2a: Donbozo|Wave Crash|p1a: parsnip\n|-resisted|p1a: parsnip\n|-damage|p1a: parsnip|14\/100 tox\n|-damage|p2a: Donbozo|68\/100|[from] Recoil\n|\n|-heal|p2a: Donbozo|74\/100|[from] item: Leftovers\n|-heal|p1a: parsnip|26\/100 tox|[from] ability: Poison Heal\n|upkeep\n|turn|9\n|\n|t:|1699843629\n|move|p1a: parsnip|Drain Punch|p2a: Donbozo\n|-damage|p2a: Donbozo|68\/100\n|-heal|p1a: parsnip|31\/100 tox|[from] drain|[of] p2a: Donbozo\n|move|p2a: Donbozo|Curse|p2a: Donbozo\n|-unboost|p2a: Donbozo|spe|1\n|-boost|p2a: Donbozo|atk|1\n|-boost|p2a: Donbozo|def|1\n|\n|-heal|p2a: Donbozo|74\/100|[from] item: Leftovers\n|-heal|p1a: parsnip|43\/100 tox|[from] ability: Poison Heal\n|upkeep\n|turn|10\n|\n|t:|1699843635\n|switch|p1a: mother|Gardevoir, F|100\/100\n|-ability|p1a: mother|Unaware|[from] ability: Trace|[of] p2a: Donbozo\n|move|p2a: Donbozo|Wave Crash|p1a: mother\n|-damage|p1a: mother|28\/100\n|-damage|p2a: Donbozo|61\/100|[from] Recoil\n|\n|-heal|p2a: Donbozo|67\/100|[from] item: Leftovers\n|upkeep\n|turn|11\n|j| getsomegrass\n|\n|t:|1699843642\n|move|p1a: mother|Energy Ball|p2a: Donbozo\n|-resisted|p2a: Donbozo\n|-damage|p2a: Donbozo|50\/100\n|move|p2a: Donbozo|Wave Crash|p1a: mother\n|-damage|p1a: mother|0 fnt\n|faint|p1a: mother\n|-damage|p2a: Donbozo|46\/100|[from] Recoil\n|\n|-heal|p2a: Donbozo|52\/100|[from] item: Leftovers\n|upkeep\n|\n|t:|1699843650\n|switch|p1a: autism|Slowbro, F|100\/100\n|turn|12\n|c| getsomegrass|womp womp\n|\n|t:|1699843660\n|move|p1a: autism|Flamethrower|p2a: Donbozo\n|-supereffective|p2a: Donbozo\n|-damage|p2a: Donbozo|12\/100\n|move|p2a: Donbozo|Wave Crash|p1a: autism\n|-resisted|p1a: autism\n|-damage|p1a: autism|63\/100\n|-damage|p2a: Donbozo|2\/100|[from] Recoil\n|\n|-heal|p1a: autism|69\/100|[from] item: Leftovers\n|-heal|p2a: Donbozo|8\/100|[from] item: Leftovers\n|upkeep\n|turn|13\n|\n|t:|1699843666\n|move|p1a: autism|Flamethrower|p2a: Donbozo\n|-supereffective|p2a: Donbozo\n|-damage|p2a: Donbozo|0 fnt\n|faint|p2a: Donbozo\n|\n|-heal|p1a: autism|75\/100|[from] item: Leftovers\n|upkeep\n|\n|t:|1699843677\n|switch|p2a: Lokix|Lokix, F|100\/100\n|turn|14\n|\n|t:|1699843686\n|move|p1a: autism|Protect|p1a: autism\n|-singleturn|p1a: autism|Protect\n|move|p2a: Lokix|First Impression|p1a: autism\n|-activate|p1a: autism|move: Protect\n|\n|-heal|p1a: autism|81\/100|[from] item: Leftovers\n|upkeep\n|turn|15\n|\n|t:|1699843692\n|switch|p2a: Slowking|Slowking, M|100\/100\n|move|p1a: autism|Flamethrower|p2a: Slowking\n|-resisted|p2a: Slowking\n|-damage|p2a: Slowking|94\/100\n|\n|-heal|p1a: autism|88\/100|[from] item: Leftovers\n|-heal|p2a: Slowking|100\/100|[from] item: Leftovers\n|upkeep\n|turn|16\n|\n|t:|1699843700\n|move|p1a: autism|Protect|p1a: autism\n|-singleturn|p1a: autism|Protect\n|move|p2a: Slowking|Chilly Reception|p2a: Slowking\n|-weather|Snow\n|\n|t:|1699843703\n|switch|p2a: Lokix|Lokix, F|100\/100|[from] Chilly Reception\n|\n|-weather|Snow|[upkeep]\n|-heal|p1a: autism|94\/100|[from] item: Leftovers\n|upkeep\n|turn|17\n|\n|t:|1699843714\n|switch|p1a: unicorn|Kingambit, F|100\/100\n|-activate|p1a: unicorn|ability: Supreme Overlord\n|-start|p1a: unicorn|fallen2|[silent]\n|move|p2a: Lokix|First Impression|p1a: unicorn\n|-damage|p1a: unicorn|66\/100\n|\n|-weather|Snow|[upkeep]\n|upkeep\n|turn|18\n|\n|t:|1699843725\n|switch|p2a: Tusks|Donphan, M|100\/100\n|move|p1a: unicorn|Stealth Rock|p2a: Tusks\n|-sidestart|p2: ooohhh99|move: Stealth Rock\n|\n|-weather|Snow|[upkeep]\n|upkeep\n|turn|19\n|\n|t:|1699843731\n|-end|p1a: unicorn|fallen2|[silent]\n|switch|p1a: parsnip|Breloom, M|43\/100 tox\n|move|p2a: Tusks|Stealth Rock|p1a: parsnip\n|-sidestart|p1: akasyperman|move: Stealth Rock\n|\n|-weather|Snow|[upkeep]\n|-heal|p1a: parsnip|55\/100 tox|[from] ability: Poison Heal\n|upkeep\n|turn|20\n|\n|t:|1699843741\n|switch|p2a: Tauros|Tauros-Paldea-Blaze, M|100\/100\n|-damage|p2a: Tauros|88\/100|[from] Stealth Rock\n|-ability|p2a: Tauros|Intimidate|boost\n|-unboost|p1a: parsnip|atk|1\n|move|p1a: parsnip|Protect||[still]\n|-fail|p1a: parsnip\n|\n|-weather|none\n|-heal|p1a: parsnip|68\/100 tox|[from] ability: Poison Heal\n|upkeep\n|turn|21\n|\n|t:|1699843751\n|-terastallize|p1a: parsnip|Water\n|move|p2a: Tauros|Flare Blitz|p1a: parsnip\n|-resisted|p1a: parsnip\n|-damage|p1a: parsnip|35\/100 tox\n|-damage|p2a: Tauros|76\/100|[from] Recoil\n|-damage|p2a: Tauros|66\/100|[from] item: Life Orb\n|move|p1a: parsnip|Spore|p2a: Tauros\n|-status|p2a: Tauros|slp|[from] move: Spore\n|\n|-heal|p1a: parsnip|47\/100 tox|[from] ability: Poison Heal\n|upkeep\n|turn|22\n|\n|t:|1699843764\n|cant|p2a: Tauros|slp\n|move|p1a: parsnip|Leech Seed|p2a: Tauros|[miss]\n|-miss|p1a: parsnip|p2a: Tauros\n|\n|-heal|p1a: parsnip|59\/100 tox|[from] ability: Poison Heal\n|upkeep\n|turn|23\n|\n|t:|1699843770\n|cant|p2a: Tauros|slp\n|move|p1a: parsnip|Leech Seed|p2a: Tauros\n|-start|p2a: Tauros|move: Leech Seed\n|\n|-damage|p2a: Tauros|54\/100 slp|[from] Leech Seed|[of] p1a: parsnip\n|-heal|p1a: parsnip|71\/100 tox|[silent]\n|-heal|p1a: parsnip|83\/100 tox|[from] ability: Poison Heal\n|upkeep\n|turn|24\n|\n|t:|1699843774\n|cant|p2a: Tauros|slp\n|move|p1a: parsnip|Drain Punch|p2a: Tauros\n|-damage|p2a: Tauros|28\/100 slp\n|-heal|p1a: parsnip|95\/100 tox|[from] drain|[of] p2a: Tauros\n|\n|-damage|p2a: Tauros|16\/100 slp|[from] Leech Seed|[of] p1a: parsnip\n|-heal|p1a: parsnip|100\/100 tox|[silent]\n|upkeep\n|turn|25\n|\n|t:|1699843783\n|move|p1a: parsnip|Protect|p1a: parsnip\n|-singleturn|p1a: parsnip|Protect\n|-curestatus|p2a: Tauros|slp|[msg]\n|move|p2a: Tauros|Close Combat|p1a: parsnip\n|-activate|p1a: parsnip|move: Protect\n|\n|-damage|p2a: Tauros|3\/100|[from] Leech Seed|[of] p1a: parsnip\n|upkeep\n|turn|26\n|\n|t:|1699843803\n|move|p2a: Tauros|Close Combat|p1a: parsnip\n|-damage|p1a: parsnip|35\/100 tox\n|-unboost|p2a: Tauros|def|1\n|-unboost|p2a: Tauros|spd|1\n|-damage|p2a: Tauros|0 fnt|[from] item: Life Orb\n|faint|p2a: Tauros\n|move|p1a: parsnip|Spore|p2: Tauros|[notarget]\n|-fail|p1a: parsnip\n|\n|-heal|p1a: parsnip|48\/100 tox|[from] ability: Poison Heal\n|upkeep\n|\n|t:|1699843811\n|switch|p2a: Lokix|Lokix, F|100\/100\n|-damage|p2a: Lokix|76\/100|[from] Stealth Rock\n|turn|27\n|\n|t:|1699843819\n|move|p1a: parsnip|Protect|p1a: parsnip\n|-singleturn|p1a: parsnip|Protect\n|move|p2a: Lokix|Knock Off|p1a: parsnip\n|-activate|p1a: parsnip|move: Protect\n|\n|-heal|p1a: parsnip|60\/100 tox|[from] ability: Poison Heal\n|upkeep\n|turn|28\n|\n|t:|1699843832\n|move|p2a: Lokix|Knock Off|p1a: parsnip\n|-damage|p1a: parsnip|3\/100 tox\n|-enditem|p1a: parsnip|Toxic Orb|[from] move: Knock Off|[of] p2a: Lokix\n|move|p1a: parsnip|Spore|p2a: Lokix\n|-status|p2a: Lokix|slp|[from] move: Spore\n|\n|-heal|p1a: parsnip|15\/100 tox|[from] ability: Poison Heal\n|upkeep\n|turn|29\n|\n|t:|1699843838\n|cant|p2a: Lokix|slp\n|move|p1a: parsnip|Leech Seed|p2a: Lokix\n|-start|p2a: Lokix|move: Leech Seed\n|\n|-damage|p2a: Lokix|63\/100 slp|[from] Leech Seed|[of] p1a: parsnip\n|-heal|p1a: parsnip|26\/100 tox|[silent]\n|-heal|p1a: parsnip|38\/100 tox|[from] ability: Poison Heal\n|upkeep\n|turn|30\n|\n|t:|1699843842\n|cant|p2a: Lokix|slp\n|move|p1a: parsnip|Drain Punch|p2a: Lokix\n|-damage|p2a: Lokix|29\/100 slp\n|-heal|p1a: parsnip|53\/100 tox|[from] drain|[of] p2a: Lokix\n|\n|-damage|p2a: Lokix|17\/100 slp|[from] Leech Seed|[of] p1a: parsnip\n|-heal|p1a: parsnip|64\/100 tox|[silent]\n|-heal|p1a: parsnip|76\/100 tox|[from] ability: Poison Heal\n|upkeep\n|turn|31\n|\n|t:|1699843846\n|move|p1a: parsnip|Protect|p1a: parsnip\n|-singleturn|p1a: parsnip|Protect\n|cant|p2a: Lokix|slp\n|\n|-damage|p2a: Lokix|5\/100 slp|[from] Leech Seed|[of] p1a: parsnip\n|-heal|p1a: parsnip|87\/100 tox|[silent]\n|-heal|p1a: parsnip|99\/100 tox|[from] ability: Poison Heal\n|upkeep\n|turn|32\n|\n|t:|1699843856\n|-curestatus|p2a: Lokix|slp|[msg]\n|move|p2a: Lokix|Knock Off|p1a: parsnip\n|-damage|p1a: parsnip|56\/100 tox\n|move|p1a: parsnip|Drain Punch|p2a: Lokix\n|-damage|p2a: Lokix|0 fnt\n|-heal|p1a: parsnip|58\/100 tox|[from] drain|[of] p2a: Lokix\n|faint|p2a: Lokix\n|\n|-heal|p1a: parsnip|71\/100 tox|[from] ability: Poison Heal\n|upkeep\n|\n|t:|1699843861\n|switch|p2a: Slowking|Slowking, M|100\/100\n|-damage|p2a: Slowking|88\/100|[from] Stealth Rock\n|turn|33\n|\n|t:|1699843866\n|move|p1a: parsnip|Spore|p2a: Slowking\n|-status|p2a: Slowking|slp|[from] move: Spore\n|cant|p2a: Slowking|slp\n|\n|-heal|p2a: Slowking|94\/100 slp|[from] item: Leftovers\n|-heal|p1a: parsnip|83\/100 tox|[from] ability: Poison Heal\n|upkeep\n|turn|34\n|\n|t:|1699843894\n|switch|p2a: Fallback Plan|Houndstone, F|100\/100\n|-damage|p2a: Fallback Plan|88\/100|[from] Stealth Rock\n|move|p1a: parsnip|Leech Seed|p2a: Fallback Plan\n|-start|p2a: Fallback Plan|move: Leech Seed\n|\n|-damage|p2a: Fallback Plan|76\/100|[from] Leech Seed|[of] p1a: parsnip\n|-heal|p1a: parsnip|94\/100 tox|[silent]\n|-heal|p1a: parsnip|100\/100 tox|[from] ability: Poison Heal\n|upkeep\n|turn|35\n|\n|t:|1699843903\n|move|p2a: Fallback Plan|Trick|p1a: parsnip\n|-activate|p2a: Fallback Plan|move: Trick|[of] p1a: parsnip\n|-item|p1a: parsnip|Choice Scarf|[from] move: Trick\n|-enditem|p2a: Fallback Plan|Choice Scarf|[silent]|[from] move: Trick\n|move|p1a: parsnip|Spore|p2a: Fallback Plan\n|-status|p2a: Fallback Plan|slp|[from] move: Spore\n|\n|-damage|p2a: Fallback Plan|64\/100 slp|[from] Leech Seed|[of] p1a: parsnip\n|upkeep\n|turn|36\n|\n|t:|1699843912\n|switch|p1a: autism|Slowbro, F|100\/100\n|-damage|p1a: autism|88\/100|[from] Stealth Rock\n|cant|p2a: Fallback Plan|slp\n|\n|-heal|p1a: autism|94\/100|[from] item: Leftovers\n|-damage|p2a: Fallback Plan|51\/100 slp|[from] Leech Seed|[of] p1a: autism\n|-heal|p1a: autism|100\/100|[silent]\n|upkeep\n|turn|37\n|\n|t:|1699843919\n|switch|p2a: Slowking|Slowking, M|94\/100 slp\n|-damage|p2a: Slowking|82\/100 slp|[from] Stealth Rock\n|move|p1a: autism|Chilling Water|p2a: Slowking\n|-resisted|p2a: Slowking\n|-damage|p2a: Slowking|77\/100 slp\n|-unboost|p2a: Slowking|atk|1\n|\n|-heal|p2a: Slowking|83\/100 slp|[from] item: Leftovers\n|upkeep\n|turn|38\n|\n|t:|1699843929\n|switch|p1a: unicorn|Kingambit, F|66\/100\n|-damage|p1a: unicorn|59\/100|[from] Stealth Rock\n|-activate|p1a: unicorn|ability: Supreme Overlord\n|-start|p1a: unicorn|fallen2|[silent]\n|cant|p2a: Slowking|slp\n|\n|-heal|p2a: Slowking|89\/100 slp|[from] item: Leftovers\n|upkeep\n|turn|39\n|\n|t:|1699843934\n|switch|p2a: Tusks|Donphan, M|100\/100\n|-damage|p2a: Tusks|94\/100|[from] Stealth Rock\n|move|p1a: unicorn|Sucker Punch||[still]\n|-fail|p1a: unicorn\n|\n|-heal|p2a: Tusks|100\/100|[from] item: Leftovers\n|upkeep\n|turn|40\n|\n|t:|1699843940\n|move|p1a: unicorn|Protect|p1a: unicorn\n|-singleturn|p1a: unicorn|Protect\n|move|p2a: Tusks|Stealth Rock||[still]\n|-fail|p2a: Tusks\n|\n|upkeep\n|turn|41\n|\n|t:|1699843948\n|-end|p1a: unicorn|fallen2|[silent]\n|switch|p1a: autism|Slowbro, F|100\/100\n|-damage|p1a: autism|88\/100|[from] Stealth Rock\n|move|p2a: Tusks|Earthquake|p1a: autism\n|-damage|p1a: autism|61\/100\n|\n|-heal|p1a: autism|67\/100|[from] item: Leftovers\n|upkeep\n|turn|42\n|\n|t:|1699843956\n|move|p1a: autism|Protect|p1a: autism\n|-singleturn|p1a: autism|Protect\n|move|p2a: Tusks|Knock Off|p1a: autism\n|-activate|p1a: autism|move: Protect\n|\n|-heal|p1a: autism|73\/100|[from] item: Leftovers\n|upkeep\n|turn|43\n|\n|t:|1699843965\n|switch|p1a: parsnip|Breloom, M, tera:Water|100\/100 tox\n|-damage|p1a: parsnip|88\/100 tox|[from] Stealth Rock\n|move|p2a: Tusks|Knock Off|p1a: parsnip\n|-damage|p1a: parsnip|59\/100 tox\n|-enditem|p1a: parsnip|Choice Scarf|[from] move: Knock Off|[of] p2a: Tusks\n|\n|-heal|p1a: parsnip|72\/100 tox|[from] ability: Poison Heal\n|upkeep\n|turn|44\n|\n|t:|1699843987\n|move|p1a: parsnip|Protect|p1a: parsnip\n|-singleturn|p1a: parsnip|Protect\n|move|p2a: Tusks|Rapid Spin|p1a: parsnip\n|-activate|p1a: parsnip|move: Protect\n|\n|-heal|p1a: parsnip|84\/100 tox|[from] ability: Poison Heal\n|upkeep\n|turn|45\n|\n|t:|1699844004\n|switch|p2a: Slowking|Slowking, M|89\/100 slp\n|-damage|p2a: Slowking|77\/100 slp|[from] Stealth Rock\n|move|p1a: parsnip|Spore|p2a: Slowking\n|-fail|p2a: Slowking|slp\n|\n|-heal|p2a: Slowking|83\/100 slp|[from] item: Leftovers\n|-heal|p1a: parsnip|96\/100 tox|[from] ability: Poison Heal\n|upkeep\n|turn|46\n|\n|t:|1699844015\n|move|p1a: parsnip|Leech Seed|p2a: Slowking\n|-start|p2a: Slowking|move: Leech Seed\n|-curestatus|p2a: Slowking|slp|[msg]\n|move|p2a: Slowking|Scald|p1a: parsnip\n|-resisted|p1a: parsnip\n|-damage|p1a: parsnip|73\/100 tox\n|\n|-heal|p2a: Slowking|89\/100|[from] item: Leftovers\n|-damage|p2a: Slowking|76\/100|[from] Leech Seed|[of] p1a: parsnip\n|-heal|p1a: parsnip|88\/100 tox|[silent]\n|-heal|p1a: parsnip|100\/100 tox|[from] ability: Poison Heal\n|upkeep\n|turn|47\n|\n|t:|1699844027\n|move|p1a: parsnip|Spore|p2a: Slowking\n|-status|p2a: Slowking|slp|[from] move: Spore\n|cant|p2a: Slowking|slp\n|\n|-heal|p2a: Slowking|82\/100 slp|[from] item: Leftovers\n|-damage|p2a: Slowking|70\/100 slp|[from] Leech Seed|[of] p1a: parsnip\n|upkeep\n|turn|48\n|\n|t:|1699844034\n|move|p1a: parsnip|Drain Punch|p2a: Slowking\n|-resisted|p2a: Slowking\n|-damage|p2a: Slowking|55\/100 slp\n|cant|p2a: Slowking|slp\n|\n|-heal|p2a: Slowking|61\/100 slp|[from] item: Leftovers\n|-damage|p2a: Slowking|48\/100 slp|[from] Leech Seed|[of] p1a: parsnip\n|upkeep\n|turn|49\n|\n|t:|1699844039\n|move|p1a: parsnip|Drain Punch|p2a: Slowking\n|-resisted|p2a: Slowking\n|-damage|p2a: Slowking|31\/100 slp\n|-curestatus|p2a: Slowking|slp|[msg]\n|move|p2a: Slowking|Slack Off|p2a: Slowking\n|-heal|p2a: Slowking|81\/100\n|\n|-heal|p2a: Slowking|88\/100|[from] item: Leftovers\n|-damage|p2a: Slowking|75\/100|[from] Leech Seed|[of] p1a: parsnip\n|upkeep\n|turn|50\n|\n|t:|1699844052\n|move|p1a: parsnip|Spore|p2a: Slowking\n|-status|p2a: Slowking|slp|[from] move: Spore\n|cant|p2a: Slowking|slp\n|\n|-heal|p2a: Slowking|81\/100 slp|[from] item: Leftovers\n|-damage|p2a: Slowking|69\/100 slp|[from] Leech Seed|[of] p1a: parsnip\n|upkeep\n|turn|51\n|\n|t:|1699844055\n|switch|p1a: white family|Maushold-Four|100\/100\n|-damage|p1a: white family|88\/100|[from] Stealth Rock\n|cant|p2a: Slowking|slp\n|\n|-heal|p2a: Slowking|75\/100 slp|[from] item: Leftovers\n|-damage|p2a: Slowking|62\/100 slp|[from] Leech Seed|[of] p1a: white family\n|-heal|p1a: white family|100\/100|[silent]\n|upkeep\n|turn|52\n|\n|t:|1699844070\n|switch|p2a: Fallback Plan|Houndstone, F|51\/100 slp\n|-damage|p2a: Fallback Plan|39\/100 slp|[from] Stealth Rock\n|move|p1a: white family|Population Bomb|p2a: Fallback Plan\n|-immune|p2a: Fallback Plan\n|\n|upkeep\n|turn|53\n|\n|t:|1699844078\n|move|p1a: white family|Bite|p2a: Fallback Plan\n|-supereffective|p2a: Fallback Plan\n|-damage|p2a: Fallback Plan|15\/100 slp\n|cant|p2a: Fallback Plan|slp\n|\n|upkeep\n|turn|54\n|\n|t:|1699844082\n|move|p1a: white family|Bite|p2a: Fallback Plan\n|-supereffective|p2a: Fallback Plan\n|-damage|p2a: Fallback Plan|0 fnt\n|faint|p2a: Fallback Plan\n|\n|upkeep\n|\n|t:|1699844086\n|switch|p2a: Tusks|Donphan, M|100\/100\n|-damage|p2a: Tusks|94\/100|[from] Stealth Rock\n|turn|55\n|\n|t:|1699844092\n|move|p1a: white family|Population Bomb|p2a: Tusks\n|-damage|p2a: Tusks|86\/100\n|-damage|p2a: Tusks|78\/100\n|-damage|p2a: Tusks|71\/100\n|-crit|p2a: Tusks\n|-damage|p2a: Tusks|58\/100\n|-damage|p2a: Tusks|50\/100\n|-damage|p2a: Tusks|43\/100\n|-damage|p2a: Tusks|35\/100\n|-damage|p2a: Tusks|28\/100\n|-damage|p2a: Tusks|20\/100\n|-damage|p2a: Tusks|13\/100\n|-hitcount|p2a: Tusks|10\n|move|p2a: Tusks|Earthquake|p1a: white family\n|-damage|p1a: white family|24\/100\n|\n|-heal|p2a: Tusks|19\/100|[from] item: Leftovers\n|upkeep\n|turn|56\n|\n|t:|1699844107\n|move|p1a: white family|Population Bomb|p2a: Tusks\n|-damage|p2a: Tusks|12\/100\n|-damage|p2a: Tusks|5\/100\n|-damage|p2a: Tusks|0 fnt\n|faint|p2a: Tusks\n|-hitcount|p2: Tusks|3\n|\n|upkeep\n|\n|t:|1699844110\n|switch|p2a: Slowking|Slowking, M|62\/100 slp\n|-damage|p2a: Slowking|50\/100 slp|[from] Stealth Rock\n|turn|57\n|\n|t:|1699844114\n|move|p1a: white family|U-turn|p2a: Slowking\n|-supereffective|p2a: Slowking\n|-damage|p2a: Slowking|13\/100 slp\n|\n|t:|1699844122\n|switch|p1a: autism|Slowbro, F|100\/100|[from] U-turn\n|-damage|p1a: autism|88\/100|[from] Stealth Rock\n|cant|p2a: Slowking|slp\n|\n|-heal|p1a: autism|94\/100|[from] item: Leftovers\n|-heal|p2a: Slowking|20\/100 slp|[from] item: Leftovers\n|upkeep\n|turn|58\n|\n|t:|1699844127\n|-curestatus|p2a: Slowking|slp|[msg]\n|move|p2a: Slowking|Slack Off|p2a: Slowking\n|-heal|p2a: Slowking|70\/100\n|move|p1a: autism|Chilling Water|p2a: Slowking\n|-resisted|p2a: Slowking\n|-damage|p2a: Slowking|65\/100\n|-unboost|p2a: Slowking|atk|1\n|\n|-heal|p1a: autism|99\/100|[from] item: Leftovers\n|-heal|p2a: Slowking|71\/100|[from] item: Leftovers\n|upkeep\n|turn|59\n|-message|ooohhh99 forfeited.\n|\n|win|akasyperman\n|l|\u2606akasyperman\n|j|\u2606akasyperman\n|player|p1|akasyperman|170\n","uploadtime":1699844154,"views":25,"p1id":"akasyperman","p2id":"ooohhh99","formatid":"gen9anythinggoes","rating":0,"private":0,"password":""}