{"id":"gen9anythinggoes-1973775012","p1":"DaCatKing","p2":"Trdhufd","format":"[Gen 9] Anything Goes","log":"|j|\u2606DaCatKing\n|j|\u2606Trdhufd\n|t:|1698012141\n|gametype|singles\n|player|p1|DaCatKing|plasmagrunt|1136\n|player|p2|Trdhufd|266|1000\n|teamsize|p1|6\n|teamsize|p2|6\n|gen|9\n|tier|[Gen 9] Anything Goes\n|rated|\n|rule|HP Percentage Mod: HP is shown in percentages\n|rule|Endless Battle Clause: Forcing endless battles is banned\n|clearpoke\n|poke|p1|Quagsire, F|\n|poke|p1|Dragonite, M|\n|poke|p1|Zacian-*|\n|poke|p1|Snorlax, M|\n|poke|p1|Clodsire, F|\n|poke|p1|Umbreon, F|\n|poke|p2|Annihilape, M|\n|poke|p2|Annihilape, M|\n|poke|p2|Annihilape, M|\n|poke|p2|Ursaluna-Bloodmoon, M|\n|poke|p2|Annihilape, M|\n|poke|p2|Annihilape, F|\n|teampreview\n|\n|t:|1698012146\n|start\n|switch|p1a: Chocolate|Clodsire, F, shiny|100\/100\n|switch|p2a: Annihilape|Annihilape, M|100\/100\n|turn|1\n|inactive|Battle timer is ON: inactive players will automatically lose when time's up. (requested by Trdhufd)\n|\n|t:|1698012152\n|move|p2a: Annihilape|Bulk Up|p2a: Annihilape\n|-boost|p2a: Annihilape|atk|1\n|-boost|p2a: Annihilape|def|1\n|move|p1a: Chocolate|Toxic Spikes|p2a: Annihilape\n|-sidestart|p2: Trdhufd|move: Toxic Spikes\n|\n|upkeep\n|turn|2\n|\n|t:|1698012158\n|move|p2a: Annihilape|Bulk Up|p2a: Annihilape\n|-boost|p2a: Annihilape|atk|1\n|-boost|p2a: Annihilape|def|1\n|move|p1a: Chocolate|Toxic Spikes|p2a: Annihilape\n|-sidestart|p2: Trdhufd|move: Toxic Spikes\n|\n|upkeep\n|turn|3\n|\n|t:|1698012163\n|move|p2a: Annihilape|Bulk Up|p2a: Annihilape\n|-boost|p2a: Annihilape|atk|1\n|-boost|p2a: Annihilape|def|1\n|move|p1a: Chocolate|Toxic|p2a: Annihilape\n|-status|p2a: Annihilape|tox\n|\n|-damage|p2a: Annihilape|94\/100 tox|[from] psn\n|upkeep\n|turn|4\n|\n|t:|1698012171\n|move|p2a: Annihilape|Bulk Up|p2a: Annihilape\n|-boost|p2a: Annihilape|atk|1\n|-boost|p2a: Annihilape|def|1\n|move|p1a: Chocolate|Stealth Rock|p2a: Annihilape\n|-sidestart|p2: Trdhufd|move: Stealth Rock\n|\n|-damage|p2a: Annihilape|82\/100 tox|[from] psn\n|upkeep\n|turn|5\n|\n|t:|1698012177\n|move|p2a: Annihilape|Drain Punch|p1a: Chocolate\n|-resisted|p1a: Chocolate\n|-damage|p1a: Chocolate|48\/100\n|-heal|p2a: Annihilape|100\/100 tox|[from] drain|[of] p1a: Chocolate\n|move|p1a: Chocolate|Spikes|p2a: Annihilape\n|-sidestart|p2: Trdhufd|Spikes\n|\n|-damage|p2a: Annihilape|82\/100 tox|[from] psn\n|upkeep\n|turn|6\n|\n|t:|1698012186\n|move|p2a: Annihilape|Rest|p2a: Annihilape\n|-status|p2a: Annihilape|slp|[from] move: Rest\n|-heal|p2a: Annihilape|100\/100 slp|[silent]\n|-enditem|p2a: Annihilape|Chesto Berry|[eat]\n|-curestatus|p2a: Annihilape|slp|[msg]\n|move|p1a: Chocolate|Spikes|p2a: Annihilape\n|-sidestart|p2: Trdhufd|Spikes\n|\n|upkeep\n|turn|7\n|\n|t:|1698012194\n|move|p2a: Annihilape|Drain Punch|p1a: Chocolate\n|-resisted|p1a: Chocolate\n|-damage|p1a: Chocolate|0 fnt\n|faint|p1a: Chocolate\n|\n|upkeep\n|\n|t:|1698012200\n|switch|p1a: Rings|Umbreon, F, shiny|100\/100\n|turn|8\n|\n|t:|1698012222\n|move|p2a: Annihilape|Drain Punch|p1a: Rings\n|-supereffective|p1a: Rings\n|-damage|p1a: Rings|0 fnt\n|faint|p1a: Rings\n|\n|upkeep\n|\n|t:|1698012236\n|switch|p1a: Snor|Snorlax, M|100\/100\n|turn|9\n|\n|t:|1698012242\n|move|p2a: Annihilape|Drain Punch|p1a: Snor\n|-supereffective|p1a: Snor\n|-damage|p1a: Snor|0 fnt\n|faint|p1a: Snor\n|\n|upkeep\n|\n|t:|1698012248\n|switch|p1a: Round Guy|Quagsire, F, shiny|100\/100\n|turn|10\n|\n|t:|1698012255\n|move|p2a: Annihilape|Drain Punch|p1a: Round Guy\n|-damage|p1a: Round Guy|21\/100\n|move|p1a: Round Guy|Earthquake|p2a: Annihilape\n|-damage|p2a: Annihilape|90\/100\n|\n|-heal|p1a: Round Guy|27\/100|[from] item: Leftovers\n|upkeep\n|turn|11\n|\n|t:|1698012271\n|move|p2a: Annihilape|Drain Punch|p1a: Round Guy\n|-damage|p1a: Round Guy|0 fnt\n|-heal|p2a: Annihilape|100\/100|[from] drain|[of] p1a: Round Guy\n|faint|p1a: Round Guy\n|\n|upkeep\n|\n|t:|1698012278\n|switch|p1a: Doge|Zacian-Crowned, shiny|100\/100\n|-ability|p1a: Doge|Intrepid Sword|boost\n|-boost|p1a: Doge|atk|1\n|turn|12\n|\n|t:|1698012286\n|move|p1a: Doge|Play Rough|p2a: Annihilape\n|-supereffective|p2a: Annihilape\n|-damage|p2a: Annihilape|50\/100\n|move|p2a: Annihilape|Rage Fist|p1a: Doge\n|-damage|p1a: Doge|0 fnt\n|faint|p1a: Doge\n|\n|upkeep\n|\n|t:|1698012293\n|switch|p1a: Snakey|Dragonite, M|100\/100\n|turn|13\n|\n|t:|1698012308\n|move|p2a: Annihilape|Rage Fist|p1a: Snakey\n|-damage|p1a: Snakey|0 fnt\n|faint|p1a: Snakey\n|\n|win|Trdhufd\n|raw|DaCatKing's rating: 1136 &rarr; <strong>1102<\/strong><br \/>(-34 for losing)\n|raw|Trdhufd's rating: 1000 &rarr; <strong>1055<\/strong><br \/>(+55 for winning)\n","uploadtime":1698012318,"views":14,"p1id":"dacatking","p2id":"trdhufd","formatid":"gen9anythinggoes","rating":1055,"private":0,"password":""}