{"id":"gen9anythinggoes-1974328350","p1":"Wildfiree","p2":"analysis geek","format":"[Gen 9] Anything Goes","log":"|j|\u2606Wildfiree\n|j|\u2606analysis geek\n|t:|1698078255\n|gametype|singles\n|player|p1|Wildfiree|carmine-festival|1146\n|player|p2|analysis geek|acetrainer-gen3|1054\n|teamsize|p1|6\n|teamsize|p2|6\n|gen|9\n|tier|[Gen 9] Anything Goes\n|rated|\n|rule|HP Percentage Mod: HP is shown in percentages\n|rule|Endless Battle Clause: Forcing endless battles is banned\n|clearpoke\n|poke|p1|Koraidon|\n|poke|p1|Calyrex-Shadow|\n|poke|p1|Landorus-Therian, M|\n|poke|p1|Arceus|\n|poke|p1|Arceus-Fairy|\n|poke|p1|Ting-Lu|\n|poke|p2|Miraidon|\n|poke|p2|Koraidon|\n|poke|p2|Ting-Lu|\n|poke|p2|Arceus|\n|poke|p2|Skeledirge, M|\n|poke|p2|Calyrex-Shadow|\n|teampreview\n|inactive|Battle timer is ON: inactive players will automatically lose when time's up. (requested by Wildfiree)\n|inactive|analysis geek has 120 seconds left.\n|\n|t:|1698078296\n|start\n|switch|p1a: Landorus|Landorus-Therian, M|100\/100\n|switch|p2a: Ting-Lu|Ting-Lu|100\/100\n|-ability|p1a: Landorus|Intimidate|boost\n|-unboost|p2a: Ting-Lu|atk|1\n|-ability|p2a: Ting-Lu|Vessel of Ruin\n|turn|1\n|\n|t:|1698078308\n|move|p1a: Landorus|Taunt|p2a: Ting-Lu\n|-start|p2a: Ting-Lu|move: Taunt\n|cant|p2a: Ting-Lu|move: Taunt|Spikes\n|\n|upkeep\n|turn|2\n|\n|t:|1698078317\n|move|p1a: Landorus|Stealth Rock|p2a: Ting-Lu\n|-sidestart|p2: analysis geek|move: Stealth Rock\n|move|p2a: Ting-Lu|Ruination|p1a: Landorus\n|-damage|p1a: Landorus|51\/100\n|\n|upkeep\n|turn|3\n|\n|t:|1698078343\n|switch|p2a: Arceus|Arceus|100\/100\n|move|p1a: Landorus|U-turn|p2a: Arceus\n|-damage|p2a: Arceus|87\/100\n|\n|t:|1698078351\n|switch|p1a: Koraidon|Koraidon|100\/100|[from] U-turn\n|-weather|SunnyDay|[from] ability: Orichalcum Pulse|[of] p1a: Koraidon\n|-activate|p1a: Koraidon|Orichalcum Pulse|[source]\n|\n|-weather|SunnyDay|[upkeep]\n|upkeep\n|turn|4\n|\n|t:|1698078359\n|switch|p2a: Skeledirge|Skeledirge, M|100\/100\n|move|p1a: Koraidon|Low Kick|p2a: Skeledirge\n|-immune|p2a: Skeledirge\n|\n|-weather|SunnyDay|[upkeep]\n|upkeep\n|turn|5\n|\n|t:|1698078377\n|switch|p1a: Ting-Lu|Ting-Lu|100\/100\n|-ability|p1a: Ting-Lu|Vessel of Ruin\n|move|p2a: Skeledirge|Will-O-Wisp|p1a: Ting-Lu\n|-status|p1a: Ting-Lu|brn\n|\n|-weather|SunnyDay|[upkeep]\n|-damage|p1a: Ting-Lu|94\/100 brn|[from] brn\n|upkeep\n|turn|6\n|\n|t:|1698078398\n|switch|p2a: Ting-Lu|Ting-Lu|100\/100\n|-damage|p2a: Ting-Lu|94\/100|[from] Stealth Rock\n|-ability|p2a: Ting-Lu|Vessel of Ruin\n|move|p1a: Ting-Lu|Spikes|p2a: Ting-Lu\n|-sidestart|p2: analysis geek|Spikes\n|\n|-weather|SunnyDay|[upkeep]\n|-heal|p1a: Ting-Lu|100\/100 brn|[from] item: Leftovers\n|-heal|p2a: Ting-Lu|100\/100|[from] item: Leftovers\n|-damage|p1a: Ting-Lu|94\/100 brn|[from] brn\n|upkeep\n|turn|7\n|\n|t:|1698078405\n|move|p1a: Ting-Lu|Taunt|p2a: Ting-Lu\n|-start|p2a: Ting-Lu|move: Taunt\n|cant|p2a: Ting-Lu|move: Taunt|Spikes\n|\n|-weather|none\n|-heal|p1a: Ting-Lu|100\/100 brn|[from] item: Leftovers\n|-damage|p1a: Ting-Lu|94\/100 brn|[from] brn\n|upkeep\n|turn|8\n|\n|t:|1698078408\n|move|p1a: Ting-Lu|Spikes|p2a: Ting-Lu\n|-sidestart|p2: analysis geek|Spikes\n|move|p2a: Ting-Lu|Ruination|p1a: Ting-Lu\n|-damage|p1a: Ting-Lu|47\/100 brn\n|\n|-heal|p1a: Ting-Lu|54\/100 brn|[from] item: Leftovers\n|-damage|p1a: Ting-Lu|47\/100 brn|[from] brn\n|upkeep\n|turn|9\n|\n|t:|1698078413\n|move|p1a: Ting-Lu|Spikes|p2a: Ting-Lu\n|-sidestart|p2: analysis geek|Spikes\n|move|p2a: Ting-Lu|Ruination|p1a: Ting-Lu\n|-damage|p1a: Ting-Lu|24\/100 brn\n|\n|-heal|p1a: Ting-Lu|30\/100 brn|[from] item: Leftovers\n|-damage|p1a: Ting-Lu|24\/100 brn|[from] brn\n|-end|p2a: Ting-Lu|move: Taunt\n|upkeep\n|turn|10\n|\n|t:|1698078426\n|move|p1a: Ting-Lu|Taunt|p2a: Ting-Lu\n|-start|p2a: Ting-Lu|move: Taunt\n|move|p2a: Ting-Lu|Earthquake|p1a: Ting-Lu\n|-damage|p1a: Ting-Lu|5\/100 brn\n|\n|-heal|p1a: Ting-Lu|11\/100 brn|[from] item: Leftovers\n|-damage|p1a: Ting-Lu|5\/100 brn|[from] brn\n|upkeep\n|turn|11\n|\n|t:|1698078432\n|move|p1a: Ting-Lu|Ruination|p2a: Ting-Lu|[miss]\n|-miss|p1a: Ting-Lu|p2a: Ting-Lu\n|move|p2a: Ting-Lu|Ruination|p1a: Ting-Lu\n|-damage|p1a: Ting-Lu|3\/100 brn\n|\n|-heal|p1a: Ting-Lu|9\/100 brn|[from] item: Leftovers\n|-damage|p1a: Ting-Lu|3\/100 brn|[from] brn\n|upkeep\n|turn|12\n|\n|t:|1698078435\n|move|p1a: Ting-Lu|Ruination|p2a: Ting-Lu\n|-damage|p2a: Ting-Lu|51\/100\n|move|p2a: Ting-Lu|Earthquake|p1a: Ting-Lu\n|-damage|p1a: Ting-Lu|0 fnt\n|faint|p1a: Ting-Lu\n|\n|-heal|p2a: Ting-Lu|57\/100|[from] item: Leftovers\n|-end|p2a: Ting-Lu|move: Taunt\n|upkeep\n|\n|t:|1698078437\n|switch|p1a: Calyrex|Calyrex-Shadow|100\/100\n|-ability|p1a: Calyrex|As One\n|-ability|p1a: Calyrex|Unnerve\n|turn|13\n|\n|t:|1698078457\n|move|p1a: Calyrex|Grass Knot|p2a: Ting-Lu\n|-supereffective|p2a: Ting-Lu\n|-damage|p2a: Ting-Lu|16\/100\n|move|p2a: Ting-Lu|Whirlwind|p1a: Calyrex\n|drag|p1a: Koraidon|Koraidon|100\/100\n|-weather|SunnyDay|[from] ability: Orichalcum Pulse|[of] p1a: Koraidon\n|-activate|p1a: Koraidon|Orichalcum Pulse|[source]\n|\n|-weather|SunnyDay|[upkeep]\n|-heal|p2a: Ting-Lu|22\/100|[from] item: Leftovers\n|upkeep\n|turn|14\n|\n|t:|1698078470\n|switch|p2a: Skeledirge|Skeledirge, M|100\/100\n|move|p1a: Koraidon|U-turn|p2a: Skeledirge\n|-resisted|p2a: Skeledirge\n|-damage|p2a: Skeledirge|95\/100\n|\n|t:|1698078485\n|switch|p1a: Calyrex|Calyrex-Shadow|100\/100|[from] U-turn\n|-ability|p1a: Calyrex|As One\n|-ability|p1a: Calyrex|Unnerve\n|\n|-weather|SunnyDay|[upkeep]\n|upkeep\n|turn|15\n|\n|t:|1698078495\n|switch|p2a: Ting-Lu|Ting-Lu|22\/100\n|-damage|p2a: Ting-Lu|16\/100|[from] Stealth Rock\n|-damage|p2a: Ting-Lu|0 fnt|[from] Spikes\n|faint|p2a: Ting-Lu\n|move|p1a: Calyrex|Astral Barrage|p2: Ting-Lu|[notarget]\n|-fail|p1a: Calyrex\n|\n|-weather|SunnyDay|[upkeep]\n|upkeep\n|\n|t:|1698078507\n|switch|p2a: Arceus|Arceus|87\/100\n|turn|16\n|\n|t:|1698078513\n|switch|p1a: Landorus|Landorus-Therian, M|51\/100\n|-ability|p1a: Landorus|Intimidate|boost\n|-unboost|p2a: Arceus|atk|1\n|move|p2a: Arceus|Shadow Claw|p1a: Landorus\n|-damage|p1a: Landorus|38\/100\n|-damage|p2a: Arceus|70\/100|[from] item: Rocky Helmet|[of] p1a: Landorus\n|\n|-weather|SunnyDay|[upkeep]\n|upkeep\n|turn|17\n|\n|t:|1698078521\n|move|p2a: Arceus|Recover|p2a: Arceus\n|-heal|p2a: Arceus|100\/100\n|move|p1a: Landorus|U-turn|p2a: Arceus\n|-damage|p2a: Arceus|85\/100\n|\n|t:|1698078525\n|switch|p1a: Koraidon|Koraidon|100\/100|[from] U-turn\n|-activate|p1a: Koraidon|ability: Orichalcum Pulse\n|\n|-weather|none\n|upkeep\n|turn|18\n|\n|t:|1698078538\n|switch|p2a: Skeledirge|Skeledirge, M|95\/100\n|move|p1a: Koraidon|Low Kick|p2a: Skeledirge\n|-immune|p2a: Skeledirge\n|\n|upkeep\n|turn|19\n|\n|t:|1698078547\n|switch|p1a: Arceus|Arceus-Fairy|100\/100\n|move|p2a: Skeledirge|Hex|p1a: Arceus\n|-damage|p1a: Arceus|85\/100\n|\n|upkeep\n|turn|20\n|\n|t:|1698078563\n|switch|p2a: Calyrex|Calyrex-Shadow|100\/100\n|-ability|p2a: Calyrex|As One\n|-ability|p2a: Calyrex|Unnerve\n|move|p1a: Arceus|Earth Power|p2a: Calyrex\n|-damage|p2a: Calyrex|76\/100\n|\n|upkeep\n|turn|21\n|\n|t:|1698078579\n|move|p2a: Calyrex|Encore|p1a: Arceus\n|-start|p1a: Arceus|Encore\n|move|p1a: Arceus|Earth Power|p2a: Calyrex\n|-damage|p2a: Calyrex|52\/100\n|\n|upkeep\n|turn|22\n|\n|t:|1698078594\n|switch|p1a: Arceus|Arceus|100\/100\n|-terastallize|p2a: Calyrex|Grass\n|move|p2a: Calyrex|Grass Knot|p1a: Arceus\n|-damage|p1a: Arceus|50\/100\n|\n|upkeep\n|turn|23\n|\n|t:|1698078610\n|switch|p2a: Skeledirge|Skeledirge, M|95\/100\n|move|p1a: Arceus|Extreme Speed|p2a: Skeledirge\n|-immune|p2a: Skeledirge\n|\n|upkeep\n|turn|24\n|\n|t:|1698078619\n|-terastallize|p1a: Arceus|Fire\n|move|p1a: Arceus|Recover|p1a: Arceus\n|-heal|p1a: Arceus|99\/100\n|move|p2a: Skeledirge|Will-O-Wisp|p1a: Arceus|[miss]\n|-miss|p2a: Skeledirge|p1a: Arceus\n|\n|upkeep\n|turn|25\n|\n|t:|1698078626\n|move|p1a: Arceus|Swords Dance|p1a: Arceus\n|-boost|p1a: Arceus|atk|2\n|move|p2a: Skeledirge|Torch Song|p1a: Arceus\n|-resisted|p1a: Arceus\n|-damage|p1a: Arceus|89\/100\n|-boost|p2a: Skeledirge|spa|1\n|\n|upkeep\n|turn|26\n|\n|t:|1698078634\n|move|p1a: Arceus|Shadow Claw|p2a: Skeledirge\n|-supereffective|p2a: Skeledirge\n|-damage|p2a: Skeledirge|67\/100\n|move|p2a: Skeledirge|Hex|p1a: Arceus\n|-damage|p1a: Arceus|65\/100\n|\n|upkeep\n|turn|27\n|\n|t:|1698078641\n|move|p1a: Arceus|Shadow Claw|p2a: Skeledirge\n|-supereffective|p2a: Skeledirge\n|-damage|p2a: Skeledirge|35\/100\n|move|p2a: Skeledirge|Slack Off|p2a: Skeledirge\n|-heal|p2a: Skeledirge|85\/100\n|\n|upkeep\n|turn|28\n|\n|t:|1698078649\n|move|p1a: Arceus|Recover|p1a: Arceus\n|-heal|p1a: Arceus|100\/100\n|move|p2a: Skeledirge|Torch Song|p1a: Arceus\n|-resisted|p1a: Arceus\n|-damage|p1a: Arceus|85\/100\n|-boost|p2a: Skeledirge|spa|1\n|\n|upkeep\n|turn|29\n|\n|t:|1698078657\n|switch|p1a: Landorus|Landorus-Therian, M|38\/100\n|-ability|p1a: Landorus|Intimidate|boost\n|-unboost|p2a: Skeledirge|atk|1\n|move|p2a: Skeledirge|Torch Song|p1a: Landorus\n|-damage|p1a: Landorus|0 fnt\n|-boost|p2a: Skeledirge|spa|1\n|faint|p1a: Landorus\n|\n|upkeep\n|\n|t:|1698078669\n|switch|p1a: Calyrex|Calyrex-Shadow|100\/100\n|-ability|p1a: Calyrex|As One\n|-ability|p1a: Calyrex|Unnerve\n|turn|30\n|\n|t:|1698078678\n|switch|p2a: Arceus|Arceus|85\/100\n|move|p1a: Calyrex|Astral Barrage|p2a: Arceus\n|-immune|p2a: Arceus\n|\n|upkeep\n|turn|31\n|\n|t:|1698078687\n|switch|p1a: Arceus|Arceus-Fairy|85\/100\n|move|p2a: Arceus|Shadow Claw|p1a: Arceus\n|-damage|p1a: Arceus|68\/100\n|\n|upkeep\n|turn|32\n|\n|t:|1698078699\n|switch|p2a: Calyrex|Calyrex-Shadow, tera:Grass|52\/100\n|-ability|p2a: Calyrex|As One\n|-ability|p2a: Calyrex|Unnerve\n|move|p1a: Arceus|Calm Mind|p1a: Arceus\n|-boost|p1a: Arceus|spa|1\n|-boost|p1a: Arceus|spd|1\n|\n|upkeep\n|turn|33\n|\n|t:|1698078707\n|move|p2a: Calyrex|Encore|p1a: Arceus\n|-start|p1a: Arceus|Encore\n|move|p1a: Arceus|Calm Mind|p1a: Arceus\n|-boost|p1a: Arceus|spa|1\n|-boost|p1a: Arceus|spd|1\n|\n|upkeep\n|turn|34\n|\n|t:|1698078713\n|switch|p2a: Skeledirge|Skeledirge, M|85\/100\n|move|p1a: Arceus|Calm Mind|p1a: Arceus\n|-boost|p1a: Arceus|spa|1\n|-boost|p1a: Arceus|spd|1\n|\n|upkeep\n|turn|35\n|\n|t:|1698078717\n|move|p1a: Arceus|Calm Mind|p1a: Arceus\n|-boost|p1a: Arceus|spa|1\n|-boost|p1a: Arceus|spd|1\n|move|p2a: Skeledirge|Torch Song|p1a: Arceus\n|-damage|p1a: Arceus|49\/100\n|-boost|p2a: Skeledirge|spa|1\n|\n|-end|p1a: Arceus|Encore\n|upkeep\n|turn|36\n|\n|t:|1698078727\n|move|p1a: Arceus|Recover|p1a: Arceus\n|-heal|p1a: Arceus|99\/100\n|move|p2a: Skeledirge|Will-O-Wisp|p1a: Arceus|[miss]\n|-miss|p2a: Skeledirge|p1a: Arceus\n|\n|upkeep\n|turn|37\n|\n|t:|1698078733\n|move|p1a: Arceus|Earth Power|p2a: Skeledirge\n|-supereffective|p2a: Skeledirge\n|-damage|p2a: Skeledirge|35\/100\n|move|p2a: Skeledirge|Will-O-Wisp|p1a: Arceus\n|-status|p1a: Arceus|brn\n|\n|-damage|p1a: Arceus|93\/100 brn|[from] brn\n|upkeep\n|turn|38\n|\n|t:|1698078740\n|move|p1a: Arceus|Judgment|p2a: Skeledirge\n|-resisted|p2a: Skeledirge\n|-damage|p2a: Skeledirge|11\/100\n|move|p2a: Skeledirge|Slack Off|p2a: Skeledirge\n|-heal|p2a: Skeledirge|61\/100\n|\n|-damage|p1a: Arceus|87\/100 brn|[from] brn\n|upkeep\n|turn|39\n|\n|t:|1698078762\n|move|p1a: Arceus|Earth Power|p2a: Skeledirge\n|-supereffective|p2a: Skeledirge\n|-damage|p2a: Skeledirge|8\/100\n|move|p2a: Skeledirge|Slack Off|p2a: Skeledirge\n|-heal|p2a: Skeledirge|58\/100\n|\n|-damage|p1a: Arceus|81\/100 brn|[from] brn\n|upkeep\n|turn|40\n|\n|t:|1698078769\n|move|p1a: Arceus|Earth Power|p2a: Skeledirge\n|-supereffective|p2a: Skeledirge\n|-damage|p2a: Skeledirge|9\/100\n|move|p2a: Skeledirge|Hex|p1a: Arceus\n|-damage|p1a: Arceus|31\/100 brn\n|\n|-damage|p1a: Arceus|25\/100 brn|[from] brn\n|upkeep\n|turn|41\n|\n|t:|1698078776\n|move|p1a: Arceus|Recover|p1a: Arceus\n|-heal|p1a: Arceus|75\/100 brn\n|move|p2a: Skeledirge|Hex|p1a: Arceus\n|-damage|p1a: Arceus|31\/100 brn\n|\n|-damage|p1a: Arceus|25\/100 brn|[from] brn\n|upkeep\n|turn|42\n|\n|t:|1698078783\n|move|p1a: Arceus|Earth Power|p2a: Skeledirge\n|-supereffective|p2a: Skeledirge\n|-damage|p2a: Skeledirge|0 fnt\n|faint|p2a: Skeledirge\n|\n|-damage|p1a: Arceus|19\/100 brn|[from] brn\n|upkeep\n|\n|t:|1698078797\n|switch|p2a: Arceus|Arceus|85\/100\n|turn|43\n|\n|t:|1698078802\n|move|p2a: Arceus|Extreme Speed|p1a: Arceus\n|-damage|p1a: Arceus|0 fnt\n|faint|p1a: Arceus\n|\n|upkeep\n|\n|t:|1698078805\n|switch|p1a: Koraidon|Koraidon|100\/100\n|-weather|SunnyDay|[from] ability: Orichalcum Pulse|[of] p1a: Koraidon\n|-activate|p1a: Koraidon|Orichalcum Pulse|[source]\n|turn|44\n|\n|t:|1698078828\n|switch|p2a: Calyrex|Calyrex-Shadow, tera:Grass|52\/100\n|-ability|p2a: Calyrex|As One\n|-ability|p2a: Calyrex|Unnerve\n|move|p1a: Koraidon|Outrage|p2a: Calyrex\n|-damage|p2a: Calyrex|0 fnt\n|faint|p2a: Calyrex\n|\n|-weather|SunnyDay|[upkeep]\n|upkeep\n|\n|t:|1698078840\n|switch|p2a: Koraidon|Koraidon|100\/100\n|-damage|p2a: Koraidon|94\/100|[from] Stealth Rock\n|-damage|p2a: Koraidon|69\/100|[from] Spikes\n|-activate|p2a: Koraidon|ability: Orichalcum Pulse\n|turn|45\n|\n|t:|1698078846\n|move|p2a: Koraidon|Dragon Claw|p1a: Koraidon\n|-supereffective|p1a: Koraidon\n|-damage|p1a: Koraidon|11\/100\n|move|p1a: Koraidon|Outrage|p2a: Koraidon|[from]lockedmove\n|-supereffective|p2a: Koraidon\n|-damage|p2a: Koraidon|0 fnt\n|faint|p2a: Koraidon\n|\n|-weather|SunnyDay|[upkeep]\n|upkeep\n|\n|t:|1698078852\n|switch|p2a: Arceus|Arceus|85\/100\n|turn|46\n|\n|t:|1698078857\n|move|p2a: Arceus|Extreme Speed|p1a: Koraidon\n|-crit|p1a: Koraidon\n|-damage|p1a: Koraidon|0 fnt\n|faint|p1a: Koraidon\n|\n|-weather|SunnyDay|[upkeep]\n|upkeep\n|\n|t:|1698078862\n|switch|p1a: Calyrex|Calyrex-Shadow|100\/100\n|-ability|p1a: Calyrex|As One\n|-ability|p1a: Calyrex|Unnerve\n|turn|47\n|\n|t:|1698078872\n|move|p1a: Calyrex|Encore|p2a: Arceus\n|-start|p2a: Arceus|Encore\n|move|p2a: Arceus|Extreme Speed|p1a: Calyrex\n|-immune|p1a: Calyrex\n|\n|-weather|SunnyDay|[upkeep]\n|upkeep\n|turn|48\n|\n|t:|1698078878\n|switch|p2a: Miraidon|Miraidon|100\/100\n|-fieldstart|move: Electric Terrain|[from] ability: Hadron Engine|[of] p2a: Miraidon\n|move|p1a: Calyrex|Nasty Plot|p1a: Calyrex\n|-boost|p1a: Calyrex|spa|2\n|\n|-weather|none\n|upkeep\n|turn|49\n|\n|t:|1698078890\n|move|p1a: Calyrex|Astral Barrage|p2a: Miraidon\n|-damage|p2a: Miraidon|0 fnt\n|faint|p2a: Miraidon\n|-ability|p1a: Calyrex|Grim Neigh|boost\n|-boost|p1a: Calyrex|spa|1\n|\n|upkeep\n|\n|t:|1698078894\n|switch|p2a: Arceus|Arceus|85\/100\n|turn|50\n|\n|t:|1698078899\n|move|p1a: Calyrex|Grass Knot|p2a: Arceus\n|-damage|p2a: Arceus|0 fnt\n|faint|p2a: Arceus\n|\n|win|Wildfiree\n|raw|Wildfiree's rating: 1146 &rarr; <strong>1165<\/strong><br \/>(+19 for winning)\n|raw|analysis geek's rating: 1054 &rarr; <strong>1041<\/strong><br \/>(-13 for losing)\n|l|\u2606analysis geek\n|c|\u2606Wildfiree|Gg\n","uploadtime":1698078946,"views":7,"p1id":"wildfiree","p2id":"analysisgeek","formatid":"gen9anythinggoes","rating":1041,"private":0,"password":""}