{"id":"gen9anythinggoes-1973372293","p1":"Arceuso","p2":"noobsisme","format":"[Gen 9] Anything Goes","log":"|j|\u2606Arceuso\n|j|\u2606noobsisme\n|t:|1697963791\n|gametype|singles\n|player|p1|Arceuso|hero2-conquest|1210\n|player|p2|noobsisme|265|1111\n|teamsize|p1|6\n|teamsize|p2|6\n|gen|9\n|tier|[Gen 9] Anything Goes\n|rated|\n|rule|HP Percentage Mod: HP is shown in percentages\n|rule|Endless Battle Clause: Forcing endless battles is banned\n|clearpoke\n|poke|p1|Arceus|\n|poke|p1|Koraidon|\n|poke|p1|Miraidon|\n|poke|p1|Skeledirge, M|\n|poke|p1|Glimmora, M|\n|poke|p1|Arceus-Ground|\n|poke|p2|Kyogre|\n|poke|p2|Lurantis, M|\n|poke|p2|Ursaluna-Bloodmoon, M|\n|poke|p2|Gliscor, F|\n|poke|p2|Iron Moth|\n|poke|p2|Calyrex-Shadow|\n|teampreview\n|\n|t:|1697963806\n|start\n|switch|p1a: Glimmora|Glimmora, M|100\/100\n|switch|p2a: Calyrex|Calyrex-Shadow|100\/100\n|-ability|p2a: Calyrex|As One\n|-ability|p2a: Calyrex|Unnerve\n|turn|1\n|\n|t:|1697963816\n|move|p2a: Calyrex|Astral Barrage|p1a: Glimmora\n|-damage|p1a: Glimmora|12\/100\n|move|p1a: Glimmora|Mud Shot|p2a: Calyrex\n|-damage|p2a: Calyrex|86\/100\n|-unboost|p2a: Calyrex|spe|1\n|\n|upkeep\n|turn|2\n|\n|t:|1697963827\n|move|p1a: Glimmora|Memento|p2a: Calyrex\n|-unboost|p2a: Calyrex|atk|2\n|-unboost|p2a: Calyrex|spa|2\n|faint|p1a: Glimmora\n|move|p2a: Calyrex|Will-O-Wisp|p1: Glimmora|[notarget]\n|-fail|p2a: Calyrex\n|\n|upkeep\n|\n|t:|1697963830\n|switch|p1a: Koraidon|Koraidon|100\/100\n|-weather|SunnyDay|[from] ability: Orichalcum Pulse|[of] p1a: Koraidon\n|-activate|p1a: Koraidon|Orichalcum Pulse|[source]\n|turn|3\n|\n|t:|1697963843\n|switch|p2a: Gliscor|Gliscor, F, shiny|100\/100\n|move|p1a: Koraidon|Swords Dance|p1a: Koraidon\n|-boost|p1a: Koraidon|atk|2\n|\n|-weather|SunnyDay|[upkeep]\n|-status|p2a: Gliscor|tox|[from] item: Toxic Orb\n|upkeep\n|turn|4\n|inactive|Battle timer is ON: inactive players will automatically lose when time's up. (requested by Arceuso)\n|\n|t:|1697963850\n|move|p1a: Koraidon|Scale Shot|p2a: Gliscor\n|-damage|p2a: Gliscor|69\/100 tox\n|-damage|p2a: Gliscor|38\/100 tox\n|-damage|p2a: Gliscor|6\/100 tox\n|-damage|p2a: Gliscor|0 fnt\n|faint|p2a: Gliscor\n|-hitcount|p2: Gliscor|4\n|-unboost|p1a: Koraidon|def|1\n|-boost|p1a: Koraidon|spe|1\n|\n|-weather|SunnyDay|[upkeep]\n|upkeep\n|\n|t:|1697963862\n|switch|p2a: Lurantis|Lurantis, M, shiny|100\/100\n|turn|5\n|\n|t:|1697963869\n|-terastallize|p2a: Lurantis|Steel\n|move|p1a: Koraidon|Scale Shot|p2a: Lurantis\n|-resisted|p2a: Lurantis\n|-damage|p2a: Lurantis|76\/100\n|-resisted|p2a: Lurantis\n|-damage|p2a: Lurantis|51\/100\n|-resisted|p2a: Lurantis\n|-damage|p2a: Lurantis|25\/100\n|-resisted|p2a: Lurantis\n|-crit|p2a: Lurantis\n|-damage|p2a: Lurantis|0 fnt\n|faint|p2a: Lurantis\n|-hitcount|p2: Lurantis|4\n|-unboost|p1a: Koraidon|def|1\n|-boost|p1a: Koraidon|spe|1\n|\n|-weather|SunnyDay|[upkeep]\n|upkeep\n|\n|t:|1697963888\n|switch|p2a: Calyrex|Calyrex-Shadow|86\/100\n|-ability|p2a: Calyrex|As One\n|-ability|p2a: Calyrex|Unnerve\n|turn|6\n|\n|t:|1697963894\n|move|p1a: Koraidon|Flare Blitz|p2a: Calyrex\n|-damage|p2a: Calyrex|0 fnt\n|faint|p2a: Calyrex\n|-damage|p1a: Koraidon|73\/100|[from] Recoil\n|\n|-weather|SunnyDay|[upkeep]\n|upkeep\n|\n|t:|1697963906\n|switch|p2a: Kyogre|Kyogre, shiny|100\/100\n|-weather|RainDance|[from] ability: Drizzle|[of] p2a: Kyogre\n|turn|7\n|\n|t:|1697963910\n|move|p1a: Koraidon|Low Kick|p2a: Kyogre\n|-damage|p2a: Kyogre|0 fnt\n|faint|p2a: Kyogre\n|\n|-weather|RainDance|[upkeep]\n|upkeep\n|\n|t:|1697963915\n|switch|p2a: Iron Moth|Iron Moth|100\/100\n|-enditem|p2a: Iron Moth|Booster Energy\n|-activate|p2a: Iron Moth|ability: Quark Drive|[fromitem]\n|-start|p2a: Iron Moth|quarkdrivespe\n|turn|8\n|\n|t:|1697963933\n|move|p1a: Koraidon|Scale Shot|p2a: Iron Moth|[miss]\n|-miss|p1a: Koraidon|p2a: Iron Moth\n|move|p2a: Iron Moth|Sludge Wave|p1a: Koraidon\n|-damage|p1a: Koraidon|26\/100\n|\n|-weather|RainDance|[upkeep]\n|upkeep\n|turn|9\n|\n|t:|1697963940\n|move|p1a: Koraidon|Scale Shot|p2a: Iron Moth\n|-damage|p2a: Iron Moth|58\/100\n|-damage|p2a: Iron Moth|15\/100\n|-damage|p2a: Iron Moth|0 fnt\n|faint|p2a: Iron Moth\n|-end|p2a: Iron Moth|Quark Drive|[silent]\n|-hitcount|p2: Iron Moth|3\n|-unboost|p1a: Koraidon|def|1\n|-boost|p1a: Koraidon|spe|1\n|\n|-weather|RainDance|[upkeep]\n|upkeep\n|\n|t:|1697963950\n|switch|p2a: Ursaluna|Ursaluna-Bloodmoon, M|100\/100\n|turn|10\n|\n|t:|1697963956\n|move|p1a: Koraidon|Low Kick|p2a: Ursaluna\n|-supereffective|p2a: Ursaluna\n|-damage|p2a: Ursaluna|0 fnt\n|faint|p2a: Ursaluna\n|\n|win|Arceuso\n|raw|Arceuso's rating: 1210 &rarr; <strong>1228<\/strong><br \/>(+18 for winning)\n|raw|noobsisme's rating: 1111 &rarr; <strong>1093<\/strong><br \/>(-18 for losing)\n|l|\u2606noobsisme\n","uploadtime":1697963962,"views":8,"p1id":"arceuso","p2id":"noobsisme","formatid":"gen9anythinggoes","rating":1093,"private":0,"password":""}