{"id":"gen9anythinggoes-1981500947","p1":"Sargenbob","p2":"CoolPokemonPerson","format":"[Gen 9] Anything Goes","log":"|j|\u2606Sargenbob\n|j|\u2606CoolPokemonPerson\n|t:|1698907605\n|gametype|singles\n|player|p1|Sargenbob|red|1071\n|player|p2|CoolPokemonPerson|101|1077\n|teamsize|p1|6\n|teamsize|p2|6\n|gen|9\n|tier|[Gen 9] Anything Goes\n|rated|\n|rule|HP Percentage Mod: HP is shown in percentages\n|rule|Endless Battle Clause: Forcing endless battles is banned\n|clearpoke\n|poke|p1|Koraidon|\n|poke|p1|Flutter Mane|\n|poke|p1|Wo-Chien|\n|poke|p1|Calyrex-Shadow|\n|poke|p1|Zoroark-Hisui, F|\n|poke|p1|Skeledirge, M|\n|poke|p2|Venomoth, M|\n|poke|p2|Grafaiai, M|\n|poke|p2|Vespiquen, F|\n|poke|p2|Gardevoir, F|\n|poke|p2|Clodsire, F|\n|poke|p2|Manaphy|\n|teampreview\n|inactive|Battle timer is ON: inactive players will automatically lose when time's up. (requested by Sargenbob)\n|\n|t:|1698907621\n|start\n|switch|p1a: Matt|Skeledirge, M|100\/100\n|switch|p2a: Venomoth|Venomoth, M|100\/100\n|turn|1\n|\n|t:|1698907642\n|move|p2a: Venomoth|Bug Buzz|p1a: Matt\n|-resisted|p1a: Matt\n|-damage|p1a: Matt|82\/100\n|move|p1a: Matt|Torch Song|p2a: Venomoth\n|-supereffective|p2a: Venomoth\n|-damage|p2a: Venomoth|10\/100\n|-boost|p1a: Matt|spa|1\n|-enditem|p2a: Venomoth|Wiki Berry|[eat]\n|-heal|p2a: Venomoth|43\/100|[from] item: Wiki Berry\n|\n|-heal|p1a: Matt|88\/100|[from] item: Leftovers\n|upkeep\n|turn|2\n|\n|t:|1698907656\n|switch|p2a: Clodsire|Clodsire, F|100\/100\n|move|p1a: Matt|Torch Song|p2a: Clodsire\n|-damage|p2a: Clodsire|69\/100\n|-boost|p1a: Matt|spa|1\n|\n|-heal|p1a: Matt|94\/100|[from] item: Leftovers\n|upkeep\n|turn|3\n|\n|t:|1698907668\n|move|p1a: Matt|Shadow Ball|p2a: Clodsire\n|-damage|p2a: Clodsire|38\/100\n|move|p2a: Clodsire|Earthquake|p1a: Matt\n|-supereffective|p1a: Matt\n|-damage|p1a: Matt|29\/100\n|\n|-heal|p1a: Matt|35\/100|[from] item: Leftovers\n|upkeep\n|turn|4\n|\n|t:|1698907681\n|switch|p1a: Jon|Wo-Chien|100\/100\n|-ability|p1a: Jon|Tablets of Ruin\n|move|p2a: Clodsire|Earthquake|p1a: Jon\n|-resisted|p1a: Jon\n|-damage|p1a: Jon|84\/100\n|\n|-heal|p1a: Jon|90\/100|[from] item: Leftovers\n|upkeep\n|turn|5\n|\n|t:|1698907697\n|switch|p2a: Venomoth|Venomoth, M|43\/100\n|move|p1a: Jon|Leech Seed|p2a: Venomoth\n|-start|p2a: Venomoth|move: Leech Seed\n|\n|-heal|p1a: Jon|96\/100|[from] item: Leftovers\n|-damage|p2a: Venomoth|31\/100|[from] Leech Seed|[of] p1a: Jon\n|-heal|p1a: Jon|100\/100|[silent]\n|upkeep\n|turn|6\n|\n|t:|1698907715\n|switch|p1a: Matt|Skeledirge, M|35\/100\n|move|p2a: Venomoth|Quiver Dance|p2a: Venomoth\n|-boost|p2a: Venomoth|spa|1\n|-boost|p2a: Venomoth|spd|1\n|-boost|p2a: Venomoth|spe|1\n|\n|-heal|p1a: Matt|41\/100|[from] item: Leftovers\n|-damage|p2a: Venomoth|19\/100|[from] Leech Seed|[of] p1a: Matt\n|-heal|p1a: Matt|52\/100|[silent]\n|upkeep\n|turn|7\n|\n|t:|1698907729\n|move|p2a: Venomoth|Sludge Bomb|p1a: Matt\n|-resisted|p1a: Matt\n|-damage|p1a: Matt|14\/100\n|move|p1a: Matt|Torch Song|p2a: Venomoth\n|-supereffective|p2a: Venomoth\n|-damage|p2a: Venomoth|0 fnt\n|-boost|p1a: Matt|spa|1\n|faint|p2a: Venomoth\n|\n|-heal|p1a: Matt|20\/100|[from] item: Leftovers\n|upkeep\n|inactive|CoolPokemonPerson has 120 seconds left.\n|\n|t:|1698907740\n|switch|p2a: Manaphy|Manaphy|100\/100\n|turn|8\n|\n|t:|1698907745\n|switch|p1a: Jon|Wo-Chien|100\/100\n|-ability|p1a: Jon|Tablets of Ruin\n|move|p2a: Manaphy|Tail Glow|p2a: Manaphy\n|-boost|p2a: Manaphy|spa|3\n|\n|upkeep\n|turn|9\n|\n|t:|1698907756\n|move|p2a: Manaphy|Baton Pass|p2a: Manaphy\n|\n|t:|1698907758\n|switch|p2a: Gardevoir|Gardevoir, F|100\/100|[from] Baton Pass\n|move|p1a: Jon|Leech Seed|p2a: Gardevoir\n|-start|p2a: Gardevoir|move: Leech Seed\n|\n|-damage|p2a: Gardevoir|88\/100|[from] Leech Seed|[of] p1a: Jon\n|upkeep\n|turn|10\n|\n|t:|1698907767\n|move|p1a: Jon|Knock Off|p2a: Gardevoir\n|-damage|p2a: Gardevoir|57\/100\n|-enditem|p2a: Gardevoir|Leftovers|[from] move: Knock Off|[of] p1a: Jon\n|move|p2a: Gardevoir|Moonblast|p1a: Jon\n|-supereffective|p1a: Jon\n|-damage|p1a: Jon|0 fnt\n|faint|p1a: Jon\n|\n|upkeep\n|\n|t:|1698907777\n|switch|p1a: Matt|Skeledirge, M|20\/100\n|turn|11\n|\n|t:|1698907788\n|move|p1a: Matt|Protect|p1a: Matt\n|-singleturn|p1a: Matt|Protect\n|move|p2a: Gardevoir|Psyshock|p1a: Matt\n|-activate|p1a: Matt|move: Protect\n|\n|-heal|p1a: Matt|27\/100|[from] item: Leftovers\n|-damage|p2a: Gardevoir|45\/100|[from] Leech Seed|[of] p1a: Matt\n|-heal|p1a: Matt|38\/100|[silent]\n|upkeep\n|turn|12\n|\n|t:|1698907798\n|move|p1a: Matt|Torch Song|p2a: Gardevoir\n|-damage|p2a: Gardevoir|15\/100\n|-boost|p1a: Matt|spa|1\n|move|p2a: Gardevoir|Psyshock|p1a: Matt\n|-crit|p1a: Matt\n|-damage|p1a: Matt|0 fnt\n|faint|p1a: Matt\n|\n|upkeep\n|\n|t:|1698907812\n|switch|p1a: Owen|Calyrex-Shadow|100\/100\n|turn|13\n|\n|t:|1698907819\n|-terastallize|p2a: Gardevoir|Normal\n|move|p1a: Owen|Nasty Plot|p1a: Owen\n|-boost|p1a: Owen|spa|2\n|move|p2a: Gardevoir|Trick Room|p2a: Gardevoir\n|-fieldstart|move: Trick Room|[of] p2a: Gardevoir\n|\n|-damage|p2a: Gardevoir|3\/100|[from] Leech Seed|[of] p1a: Owen\n|upkeep\n|turn|14\n|\n|t:|1698907831\n|move|p2a: Gardevoir|Moonblast|p1a: Owen\n|-enditem|p1a: Owen|Focus Sash\n|-damage|p1a: Owen|1\/100\n|-unboost|p1a: Owen|spa|1\n|replace|p1a: Zoroark|Zoroark-Hisui, F, shiny\n|-end|p1a: Zoroark|Illusion\n|move|p1a: Zoroark|Hyper Voice|p2a: Gardevoir\n|-damage|p2a: Gardevoir|0 fnt\n|faint|p2a: Gardevoir\n|\n|upkeep\n|\n|t:|1698907844\n|switch|p2a: Clodsire|Clodsire, F|38\/100\n|turn|15\n|\n|t:|1698907853\n|move|p2a: Clodsire|Earthquake|p1a: Zoroark\n|-damage|p1a: Zoroark|0 fnt\n|faint|p1a: Zoroark\n|\n|upkeep\n|\n|t:|1698907859\n|switch|p1a: Owen|Calyrex-Shadow|100\/100\n|-ability|p1a: Owen|As One\n|-ability|p1a: Owen|Unnerve\n|turn|16\n|\n|t:|1698907865\n|move|p2a: Clodsire|Earthquake|p1a: Owen\n|-crit|p1a: Owen\n|-damage|p1a: Owen|32\/100\n|move|p1a: Owen|Psychic|p2a: Clodsire\n|-supereffective|p2a: Clodsire\n|-damage|p2a: Clodsire|0 fnt\n|faint|p2a: Clodsire\n|-ability|p1a: Owen|Grim Neigh|boost\n|-boost|p1a: Owen|spa|1\n|-damage|p1a: Owen|23\/100|[from] item: Life Orb\n|\n|upkeep\n|\n|t:|1698907875\n|switch|p2a: Vespiquen|Vespiquen, F|100\/100\n|-ability|p2a: Vespiquen|Pressure\n|turn|17\n|\n|t:|1698907881\n|move|p2a: Vespiquen|Fell Stinger|p1a: Owen\n|-damage|p1a: Owen|1\/100\n|move|p1a: Owen|Astral Barrage|p2a: Vespiquen\n|-damage|p2a: Vespiquen|20\/100\n|-damage|p1a: Owen|0 fnt|[from] item: Life Orb\n|faint|p1a: Owen\n|\n|-fieldend|move: Trick Room\n|upkeep\n|\n|t:|1698907889\n|switch|p1a: Oliver|Koraidon|100\/100\n|-weather|SunnyDay|[from] ability: Orichalcum Pulse|[of] p1a: Oliver\n|-activate|p1a: Oliver|Orichalcum Pulse|[source]\n|turn|18\n|\n|t:|1698907897\n|move|p1a: Oliver|Flame Charge|p2a: Vespiquen\n|-supereffective|p2a: Vespiquen\n|-damage|p2a: Vespiquen|0 fnt\n|-boost|p1a: Oliver|spe|1\n|faint|p2a: Vespiquen\n|\n|-weather|SunnyDay|[upkeep]\n|upkeep\n|\n|t:|1698907904\n|switch|p2a: Manaphy|Manaphy|100\/100\n|turn|19\n|\n|t:|1698907910\n|move|p1a: Oliver|Collision Course|p2a: Manaphy\n|-damage|p2a: Manaphy|43\/100\n|move|p2a: Manaphy|Tail Glow|p2a: Manaphy\n|-boost|p2a: Manaphy|spa|3\n|\n|-weather|SunnyDay|[upkeep]\n|upkeep\n|turn|20\n|\n|t:|1698907919\n|move|p1a: Oliver|Collision Course|p2a: Manaphy\n|-damage|p2a: Manaphy|0 fnt\n|faint|p2a: Manaphy\n|\n|-weather|SunnyDay|[upkeep]\n|upkeep\n|\n|t:|1698907925\n|switch|p2a: Grafaiai|Grafaiai, M|100\/100\n|turn|21\n|\n|t:|1698907932\n|move|p2a: Grafaiai|Copycat|p2a: Grafaiai\n|move|p2a: Grafaiai|Collision Course|p1a: Oliver|[from]move: Copycat\n|-damage|p1a: Oliver|80\/100\n|move|p1a: Oliver|Collision Course|p2a: Grafaiai\n|-damage|p2a: Grafaiai|0 fnt\n|faint|p2a: Grafaiai\n|\n|win|Sargenbob\n|raw|Sargenbob's rating: 1071 &rarr; <strong>1101<\/strong><br \/>(+30 for winning)\n|raw|CoolPokemonPerson's rating: 1077 &rarr; <strong>1055<\/strong><br \/>(-22 for losing)\n|c|\u2606Sargenbob|gg\n","uploadtime":1698907943,"views":5,"p1id":"sargenbob","p2id":"coolpokemonperson","formatid":"gen9anythinggoes","rating":1055,"private":0,"password":""}