{"id":"gen9anythinggoes-1990076541","p1":"dat_one_dude13","p2":"Tulio Muniz","format":"[Gen 9] Anything Goes","log":"|j|\u2606dat_one_dude13\n|j|\u2606Tulio Muniz\n|t:|1699922009\n|gametype|singles\n|player|p1|dat_one_dude13|alder|1135\n|player|p2|Tulio Muniz|li|1190\n|teamsize|p1|6\n|teamsize|p2|6\n|gen|9\n|tier|[Gen 9] Anything Goes\n|rated|\n|rule|HP Percentage Mod: HP is shown in percentages\n|rule|Endless Battle Clause: Forcing endless battles is banned\n|clearpoke\n|poke|p1|Skeledirge, F|\n|poke|p1|Meowscarada, M|\n|poke|p1|Hydreigon, F|\n|poke|p1|Kingambit, M|\n|poke|p1|Annihilape, F|\n|poke|p1|Grimmsnarl, M|\n|poke|p2|Garganacl, M|\n|poke|p2|Regieleki|\n|poke|p2|Annihilape, M|\n|poke|p2|Zacian-*|\n|poke|p2|Darkrai|\n|poke|p2|Vivillon-Ocean, M|\n|teampreview\n|\n|t:|1699922019\n|start\n|switch|p1a: Meowscarada|Meowscarada, M|100\/100\n|switch|p2a: Annihilape|Annihilape, M, shiny|100\/100\n|turn|1\n|\n|t:|1699922031\n|move|p2a: Annihilape|Protect|p2a: Annihilape\n|-singleturn|p2a: Annihilape|Protect\n|move|p1a: Meowscarada|Knock Off|p2a: Annihilape\n|-activate|p2a: Annihilape|move: Protect\n|\n|upkeep\n|turn|2\n|\n|t:|1699922037\n|move|p1a: Meowscarada|Knock Off|p2a: Annihilape\n|-damage|p2a: Annihilape|54\/100\n|-enditem|p2a: Annihilape|Expert Belt|[from] move: Knock Off|[of] p1a: Meowscarada\n|move|p2a: Annihilape|Body Slam|p1a: Meowscarada\n|-damage|p1a: Meowscarada|52\/100\n|\n|upkeep\n|turn|3\n|\n|t:|1699922052\n|move|p1a: Meowscarada|Flower Trick|p2a: Annihilape\n|-crit|p2a: Annihilape\n|-damage|p2a: Annihilape|0 fnt\n|faint|p2a: Annihilape\n|\n|upkeep\n|\n|t:|1699922057\n|switch|p2a: Zacian|Zacian-Crowned|100\/100\n|-ability|p2a: Zacian|Intrepid Sword|boost\n|-boost|p2a: Zacian|atk|1\n|turn|4\n|\n|t:|1699922061\n|move|p2a: Zacian|Sacred Sword|p1a: Meowscarada\n|-supereffective|p1a: Meowscarada\n|-damage|p1a: Meowscarada|0 fnt\n|faint|p1a: Meowscarada\n|\n|upkeep\n|\n|t:|1699922065\n|switch|p1a: Skeledirge|Skeledirge, F|100\/100\n|turn|5\n|\n|t:|1699922073\n|-terastallize|p2a: Zacian|Fairy\n|move|p2a: Zacian|Crunch|p1a: Skeledirge\n|-supereffective|p1a: Skeledirge\n|-damage|p1a: Skeledirge|46\/100\n|move|p1a: Skeledirge|Torch Song|p2a: Zacian\n|-damage|p2a: Zacian|71\/100\n|-boost|p1a: Skeledirge|spa|1\n|\n|-heal|p1a: Skeledirge|52\/100|[from] item: Leftovers\n|upkeep\n|turn|6\n|\n|t:|1699922080\n|move|p2a: Zacian|Crunch|p1a: Skeledirge\n|-supereffective|p1a: Skeledirge\n|-damage|p1a: Skeledirge|0 fnt\n|faint|p1a: Skeledirge\n|\n|upkeep\n|-message|dat_one_dude13 forfeited.\n|\n|win|Tulio Muniz\n|raw|dat_one_dude13's rating: 1135 &rarr; <strong>1114<\/strong><br \/>(-21 for losing)\n|raw|Tulio Muniz's rating: 1190 &rarr; <strong>1211<\/strong><br \/>(+21 for winning)\n|l|\u2606dat_one_dude13\n","uploadtime":1699922090,"views":3,"p1id":"datonedude13","p2id":"tuliomuniz","formatid":"gen9anythinggoes","rating":1114,"private":0,"password":""}