{"id":"gen9anythinggoes-1997725541","p1":"relentlessXZ","p2":"Reivya","format":"[Gen 9] Anything Goes","log":"|j|\u2606relentlessXZ\n|j|\u2606Reivya\n|t:|1700846048\n|gametype|singles\n|player|p1|relentlessXZ|iris-gen5bw2|1118\n|player|p2|Reivya|jupiter|1045\n|teamsize|p1|6\n|teamsize|p2|6\n|gen|9\n|tier|[Gen 9] Anything Goes\n|rated|\n|rule|HP Percentage Mod: HP is shown in percentages\n|rule|Endless Battle Clause: Forcing endless battles is banned\n|clearpoke\n|poke|p1|Baxcalibur, M|\n|poke|p1|Rayquaza|\n|poke|p1|Garchomp, M|\n|poke|p1|Greninja-*, M|\n|poke|p1|Giratina-Origin|\n|poke|p1|Tyranitar, F|\n|poke|p2|Gothitelle, F|\n|poke|p2|Azumarill, F|\n|poke|p2|Mismagius, F|\n|poke|p2|Lucario, F|\n|poke|p2|Mew|\n|poke|p2|Altaria, M|\n|teampreview\n|c|\u2606Reivya|glhf\n|\n|t:|1700846057\n|start\n|switch|p1a: Tyranitar|Tyranitar, F|100\/100\n|switch|p2a: Mismagius|Mismagius, F|100\/100\n|-weather|Sandstorm|[from] ability: Sand Stream|[of] p1a: Tyranitar\n|turn|1\n|\n|t:|1700846071\n|move|p2a: Mismagius|Perish Song|p2a: Mismagius\n|-start|p1a: Tyranitar|perish3|[silent]\n|-start|p2a: Mismagius|perish3|[silent]\n|-fieldactivate|move: Perish Song\n|move|p1a: Tyranitar|Dragon Pulse|p2a: Mismagius\n|-damage|p2a: Mismagius|80\/100\n|\n|-weather|Sandstorm|[upkeep]\n|-damage|p2a: Mismagius|74\/100|[from] Sandstorm\n|-start|p2a: Mismagius|perish3\n|-start|p1a: Tyranitar|perish3\n|upkeep\n|turn|2\n|\n|t:|1700846081\n|move|p2a: Mismagius|Mean Look|p1a: Tyranitar\n|-activate|p1a: Tyranitar|trapped\n|move|p1a: Tyranitar|Fire Punch|p2a: Mismagius\n|-damage|p2a: Mismagius|37\/100\n|\n|-weather|Sandstorm|[upkeep]\n|-damage|p2a: Mismagius|31\/100|[from] Sandstorm\n|-start|p2a: Mismagius|perish2\n|-start|p1a: Tyranitar|perish2\n|upkeep\n|turn|3\n|\n|t:|1700846090\n|move|p2a: Mismagius|Protect|p2a: Mismagius\n|-singleturn|p2a: Mismagius|Protect\n|move|p1a: Tyranitar|Fire Punch|p2a: Mismagius\n|-activate|p2a: Mismagius|move: Protect\n|\n|-weather|Sandstorm|[upkeep]\n|-damage|p2a: Mismagius|25\/100|[from] Sandstorm\n|-start|p2a: Mismagius|perish1\n|-start|p1a: Tyranitar|perish1\n|upkeep\n|turn|4\n|\n|t:|1700846100\n|move|p2a: Mismagius|Shadow Ball|p1a: Tyranitar\n|-resisted|p1a: Tyranitar\n|-damage|p1a: Tyranitar|97\/100\n|move|p1a: Tyranitar|Fire Punch|p2a: Mismagius\n|-damage|p2a: Mismagius|0 fnt\n|faint|p2a: Mismagius\n|\n|-weather|Sandstorm|[upkeep]\n|-start|p1a: Tyranitar|perish0\n|upkeep\n|faint|p1a: Tyranitar\n|\n|t:|1700846116\n|switch|p2a: Altaria|Altaria, M|100\/100\n|switch|p1a: Greninja|Greninja, M|100\/100\n|turn|5\n|\n|t:|1700846132\n|-terastallize|p2a: Altaria|Steel\n|move|p1a: Greninja|Water Shuriken|p2a: Altaria\n|-crit|p2a: Altaria\n|-damage|p2a: Altaria|93\/100\n|-damage|p2a: Altaria|88\/100\n|-damage|p2a: Altaria|83\/100\n|-damage|p2a: Altaria|78\/100\n|-hitcount|p2a: Altaria|4\n|move|p2a: Altaria|Fire Spin|p1a: Greninja\n|-resisted|p1a: Greninja\n|-damage|p1a: Greninja|96\/100\n|-activate|p1a: Greninja|move: Fire Spin|[of] p2a: Altaria\n|\n|-weather|none\n|-damage|p1a: Greninja|84\/100|[from] move: Fire Spin|[partiallytrapped]\n|upkeep\n|turn|6\n|\n|t:|1700846151\n|move|p1a: Greninja|Water Shuriken|p2a: Altaria\n|-damage|p2a: Altaria|73\/100\n|-damage|p2a: Altaria|68\/100\n|-damage|p2a: Altaria|64\/100\n|-damage|p2a: Altaria|59\/100\n|-damage|p2a: Altaria|54\/100\n|-hitcount|p2a: Altaria|5\n|move|p2a: Altaria|Perish Song|p2a: Altaria\n|-start|p1a: Greninja|perish3|[silent]\n|-start|p2a: Altaria|perish3|[silent]\n|-fieldactivate|move: Perish Song\n|\n|-damage|p1a: Greninja|71\/100|[from] move: Fire Spin|[partiallytrapped]\n|-start|p1a: Greninja|perish3\n|-start|p2a: Altaria|perish3\n|upkeep\n|turn|7\n|\n|t:|1700846167\n|move|p1a: Greninja|Water Shuriken|p2a: Altaria\n|-damage|p2a: Altaria|50\/100\n|-damage|p2a: Altaria|45\/100\n|-damage|p2a: Altaria|41\/100\n|-damage|p2a: Altaria|36\/100\n|-hitcount|p2a: Altaria|4\n|move|p2a: Altaria|Roost|p2a: Altaria\n|-heal|p2a: Altaria|86\/100\n|\n|-damage|p1a: Greninja|59\/100|[from] move: Fire Spin|[partiallytrapped]\n|-start|p1a: Greninja|perish2\n|-start|p2a: Altaria|perish2\n|upkeep\n|turn|8\n|\n|t:|1700846183\n|move|p1a: Greninja|Shadow Sneak|p2a: Altaria\n|-damage|p2a: Altaria|77\/100\n|move|p2a: Altaria|Fire Spin|p1a: Greninja\n|-resisted|p1a: Greninja\n|-damage|p1a: Greninja|54\/100\n|\n|-damage|p1a: Greninja|42\/100|[from] move: Fire Spin|[partiallytrapped]\n|-start|p1a: Greninja|perish1\n|-start|p2a: Altaria|perish1\n|upkeep\n|turn|9\n|\n|t:|1700846193\n|move|p1a: Greninja|Surf|p2a: Altaria\n|-damage|p2a: Altaria|48\/100\n|move|p2a: Altaria|Roost|p2a: Altaria\n|-heal|p2a: Altaria|98\/100\n|\n|-end|p1a: Greninja|Fire Spin|[partiallytrapped]\n|-start|p1a: Greninja|perish0\n|-start|p2a: Altaria|perish0\n|upkeep\n|faint|p1a: Greninja\n|faint|p2a: Altaria\n|\n|t:|1700846210\n|switch|p1a: Rayquaza|Rayquaza|100\/100\n|switch|p2a: Mew|Mew|100\/100\n|-ability|p1a: Rayquaza|Air Lock\n|turn|10\n|\n|t:|1700846230\n|move|p2a: Mew|Bulk Up|p2a: Mew\n|-boost|p2a: Mew|atk|1\n|-boost|p2a: Mew|def|1\n|move|p1a: Rayquaza|Swords Dance|p1a: Rayquaza\n|-boost|p1a: Rayquaza|atk|2\n|\n|upkeep\n|turn|11\n|\n|t:|1700846238\n|move|p1a: Rayquaza|Extreme Speed|p2a: Mew\n|-damage|p2a: Mew|70\/100\n|move|p2a: Mew|Bulk Up|p2a: Mew\n|-boost|p2a: Mew|atk|1\n|-boost|p2a: Mew|def|1\n|\n|upkeep\n|turn|12\n|\n|t:|1700846245\n|move|p2a: Mew|Bulk Up|p2a: Mew\n|-boost|p2a: Mew|atk|1\n|-boost|p2a: Mew|def|1\n|move|p1a: Rayquaza|Dragon Ascent|p2a: Mew\n|-damage|p2a: Mew|30\/100\n|-unboost|p1a: Rayquaza|def|1\n|-unboost|p1a: Rayquaza|spd|1\n|\n|upkeep\n|turn|13\n|\n|t:|1700846257\n|move|p1a: Rayquaza|Extreme Speed|p2a: Mew\n|-damage|p2a: Mew|12\/100\n|move|p2a: Mew|Baton Pass|p2a: Mew\n|\n|t:|1700846264\n|switch|p2a: Gothitelle|Gothitelle, F|100\/100|[from] Baton Pass\n|\n|upkeep\n|turn|14\n|\n|t:|1700846271\n|move|p2a: Gothitelle|Protect|p2a: Gothitelle\n|-singleturn|p2a: Gothitelle|Protect\n|move|p1a: Rayquaza|Dragon Ascent|p2a: Gothitelle\n|-activate|p2a: Gothitelle|move: Protect\n|\n|upkeep\n|turn|15\n|\n|t:|1700846279\n|move|p1a: Rayquaza|Dragon Ascent|p2a: Gothitelle\n|-damage|p2a: Gothitelle|66\/100\n|-unboost|p1a: Rayquaza|def|1\n|-unboost|p1a: Rayquaza|spd|1\n|move|p2a: Gothitelle|Substitute|p2a: Gothitelle\n|-start|p2a: Gothitelle|Substitute\n|-damage|p2a: Gothitelle|41\/100\n|\n|-heal|p2a: Gothitelle|47\/100|[from] item: Leftovers\n|upkeep\n|turn|16\n|\n|t:|1700846289\n|move|p2a: Gothitelle|Protect|p2a: Gothitelle\n|-singleturn|p2a: Gothitelle|Protect\n|move|p1a: Rayquaza|Extreme Speed|p2a: Gothitelle\n|-activate|p2a: Gothitelle|move: Protect\n|\n|-heal|p2a: Gothitelle|53\/100|[from] item: Leftovers\n|upkeep\n|turn|17\n|\n|t:|1700846299\n|move|p1a: Rayquaza|Swords Dance|p1a: Rayquaza\n|-boost|p1a: Rayquaza|atk|2\n|move|p2a: Gothitelle|Calm Mind|p2a: Gothitelle\n|-boost|p2a: Gothitelle|spa|1\n|-boost|p2a: Gothitelle|spd|1\n|\n|-heal|p2a: Gothitelle|59\/100|[from] item: Leftovers\n|upkeep\n|turn|18\n|\n|t:|1700846310\n|move|p1a: Rayquaza|Swords Dance|p1a: Rayquaza\n|-boost|p1a: Rayquaza|atk|2\n|move|p2a: Gothitelle|Stored Power|p1a: Rayquaza\n|-crit|p1a: Rayquaza\n|-enditem|p1a: Rayquaza|Focus Sash\n|-damage|p1a: Rayquaza|1\/100\n|\n|-heal|p2a: Gothitelle|65\/100|[from] item: Leftovers\n|upkeep\n|turn|19\n|\n|t:|1700846321\n|move|p2a: Gothitelle|Protect|p2a: Gothitelle\n|-singleturn|p2a: Gothitelle|Protect\n|move|p1a: Rayquaza|Extreme Speed|p2a: Gothitelle\n|-activate|p2a: Gothitelle|move: Protect\n|\n|-heal|p2a: Gothitelle|71\/100|[from] item: Leftovers\n|upkeep\n|turn|20\n|\n|t:|1700846330\n|move|p1a: Rayquaza|Extreme Speed|p2a: Gothitelle\n|-end|p2a: Gothitelle|Substitute\n|move|p2a: Gothitelle|Stored Power|p1a: Rayquaza\n|-damage|p1a: Rayquaza|0 fnt\n|faint|p1a: Rayquaza\n|\n|-heal|p2a: Gothitelle|77\/100|[from] item: Leftovers\n|upkeep\n|\n|t:|1700846340\n|switch|p1a: Giratina|Giratina-Origin|100\/100\n|turn|21\n|\n|t:|1700846345\n|move|p2a: Gothitelle|Protect|p2a: Gothitelle\n|-singleturn|p2a: Gothitelle|Protect\n|move|p1a: Giratina|Shadow Ball|p2a: Gothitelle\n|-activate|p2a: Gothitelle|move: Protect\n|\n|-heal|p2a: Gothitelle|84\/100|[from] item: Leftovers\n|upkeep\n|turn|22\n|\n|t:|1700846355\n|move|p1a: Giratina|Phantom Force||[still]\n|-prepare|p1a: Giratina|Phantom Force\n|move|p2a: Gothitelle|Substitute|p2a: Gothitelle\n|-start|p2a: Gothitelle|Substitute\n|-damage|p2a: Gothitelle|59\/100\n|\n|-heal|p2a: Gothitelle|65\/100|[from] item: Leftovers\n|upkeep\n|turn|23\n|\n|t:|1700846361\n|move|p2a: Gothitelle|Protect|p2a: Gothitelle\n|-singleturn|p2a: Gothitelle|Protect\n|move|p1a: Giratina|Phantom Force|p2a: Gothitelle|[from]lockedmove\n|-activate|p2a: Gothitelle|move: Phantom Force|[broken]\n|-supereffective|p2a: Gothitelle\n|-end|p2a: Gothitelle|Substitute\n|\n|-heal|p2a: Gothitelle|71\/100|[from] item: Leftovers\n|upkeep\n|turn|24\n|\n|t:|1700846371\n|move|p1a: Giratina|Phantom Force||[still]\n|-prepare|p1a: Giratina|Phantom Force\n|move|p2a: Gothitelle|Calm Mind|p2a: Gothitelle\n|-boost|p2a: Gothitelle|spa|1\n|-boost|p2a: Gothitelle|spd|1\n|\n|-heal|p2a: Gothitelle|77\/100|[from] item: Leftovers\n|upkeep\n|turn|25\n|\n|t:|1700846377\n|move|p1a: Giratina|Phantom Force|p2a: Gothitelle|[from]lockedmove\n|-supereffective|p2a: Gothitelle\n|-damage|p2a: Gothitelle|51\/100\n|move|p2a: Gothitelle|Calm Mind|p2a: Gothitelle\n|-boost|p2a: Gothitelle|spa|1\n|-boost|p2a: Gothitelle|spd|1\n|\n|-heal|p2a: Gothitelle|57\/100|[from] item: Leftovers\n|upkeep\n|turn|26\n|\n|t:|1700846385\n|move|p2a: Gothitelle|Protect|p2a: Gothitelle\n|-singleturn|p2a: Gothitelle|Protect\n|move|p1a: Giratina|Shadow Ball|p2a: Gothitelle\n|-activate|p2a: Gothitelle|move: Protect\n|\n|-heal|p2a: Gothitelle|63\/100|[from] item: Leftovers\n|upkeep\n|turn|27\n|\n|t:|1700846392\n|move|p1a: Giratina|Shadow Ball|p2a: Gothitelle\n|-supereffective|p2a: Gothitelle\n|-damage|p2a: Gothitelle|25\/100\n|move|p2a: Gothitelle|Calm Mind|p2a: Gothitelle\n|-boost|p2a: Gothitelle|spa|1\n|-boost|p2a: Gothitelle|spd|1\n|\n|-heal|p2a: Gothitelle|31\/100|[from] item: Leftovers\n|upkeep\n|turn|28\n|\n|t:|1700846400\n|move|p2a: Gothitelle|Protect|p2a: Gothitelle\n|-singleturn|p2a: Gothitelle|Protect\n|move|p1a: Giratina|Shadow Ball|p2a: Gothitelle\n|-activate|p2a: Gothitelle|move: Protect\n|\n|-heal|p2a: Gothitelle|37\/100|[from] item: Leftovers\n|upkeep\n|turn|29\n|\n|t:|1700846408\n|move|p1a: Giratina|Shadow Ball|p2a: Gothitelle\n|-supereffective|p2a: Gothitelle\n|-damage|p2a: Gothitelle|1\/100\n|-unboost|p2a: Gothitelle|spd|1\n|move|p2a: Gothitelle|Stored Power|p1a: Giratina\n|-damage|p1a: Giratina|0 fnt\n|faint|p1a: Giratina\n|\n|-heal|p2a: Gothitelle|7\/100|[from] item: Leftovers\n|upkeep\n|\n|t:|1700846418\n|switch|p1a: Garchomp|Garchomp, M|100\/100\n|turn|30\n|\n|t:|1700846422\n|move|p2a: Gothitelle|Protect|p2a: Gothitelle\n|-singleturn|p2a: Gothitelle|Protect\n|move|p1a: Garchomp|Stealth Rock|p2a: Gothitelle\n|-sidestart|p2: Reivya|move: Stealth Rock\n|\n|-heal|p2a: Gothitelle|14\/100|[from] item: Leftovers\n|upkeep\n|turn|31\n|\n|t:|1700846432\n|move|p1a: Garchomp|Earthquake|p2a: Gothitelle\n|-damage|p2a: Gothitelle|1\/100\n|move|p2a: Gothitelle|Stored Power|p1a: Garchomp\n|-damage|p1a: Garchomp|0 fnt\n|faint|p1a: Garchomp\n|\n|-heal|p2a: Gothitelle|7\/100|[from] item: Leftovers\n|upkeep\n|\n|t:|1700846439\n|switch|p1a: godzilla|Baxcalibur, M|100\/100\n|turn|32\n|\n|t:|1700846444\n|move|p1a: godzilla|Dragon Dance|p1a: godzilla\n|-boost|p1a: godzilla|atk|1\n|-boost|p1a: godzilla|spe|1\n|move|p2a: Gothitelle|Stored Power|p1a: godzilla\n|-damage|p1a: godzilla|0 fnt\n|faint|p1a: godzilla\n|\n|win|Reivya\n|raw|relentlessXZ's rating: 1118 &rarr; <strong>1088<\/strong><br \/>(-30 for losing)\n|raw|Reivya's rating: 1045 &rarr; <strong>1085<\/strong><br \/>(+40 for winning)\n|c|\u2606Reivya|gg\n|l|\u2606relentlessXZ\n","uploadtime":1700846455,"views":1,"p1id":"relentlessxz","p2id":"reivya","formatid":"gen9anythinggoes","rating":1085,"private":0,"password":""}