{"id":"gen9anythinggoes-1994301027","p1":"flurpdafish","p2":"TallGuyInATophat","format":"[Gen 9] Anything Goes","log":"|j|\u2606flurpdafish\n|j|\u2606TallGuyInATophat\n|t:|1700428703\n|gametype|singles\n|player|p1|flurpdafish|101|1126\n|player|p2|TallGuyInATophat|gentleman-gen4|1114\n|teamsize|p1|6\n|teamsize|p2|6\n|gen|9\n|tier|[Gen 9] Anything Goes\n|rated|\n|rule|HP Percentage Mod: HP is shown in percentages\n|rule|Endless Battle Clause: Forcing endless battles is banned\n|clearpoke\n|poke|p1|Calyrex-Shadow|\n|poke|p1|Annihilape, F|\n|poke|p1|Mewtwo|\n|poke|p1|Ribombee, M|\n|poke|p1|Maushold-Four|\n|poke|p1|Chien-Pao|\n|poke|p2|Maushold-Four|\n|poke|p2|Maushold-Four|\n|poke|p2|Maushold-Four|\n|poke|p2|Maushold-Four|\n|poke|p2|Maushold-Four|\n|poke|p2|Maushold-Four|\n|teampreview\n|\n|t:|1700428711\n|start\n|switch|p1a: Ribombee|Ribombee, M|100\/100\n|switch|p2a: Pestilence|Maushold-Four|100\/100\n|turn|1\n|c|\u2606flurpdafish|Mouse of a party\n|\n|t:|1700428729\n|move|p1a: Ribombee|Substitute|p1a: Ribombee\n|-start|p1a: Ribombee|Substitute\n|-damage|p1a: Ribombee|76\/100\n|move|p2a: Pestilence|Population Bomb|p1a: Ribombee\n|-activate|p1a: Ribombee|move: Substitute|[damage]\n|-end|p1a: Ribombee|Substitute\n|-damage|p1a: Ribombee|57\/100\n|-damage|p1a: Ribombee|40\/100\n|-damage|p1a: Ribombee|21\/100\n|-damage|p1a: Ribombee|5\/100\n|-damage|p1a: Ribombee|0 fnt\n|faint|p1a: Ribombee\n|-hitcount|p1: Ribombee|7\n|\n|upkeep\n|c|\u2606TallGuyInATophat|mice are funny imo\n|\n|t:|1700428744\n|switch|p1a: Maushold|Maushold-Four|100\/100\n|turn|2\n|\n|t:|1700428752\n|-terastallize|p1a: Maushold|Normal\n|move|p1a: Maushold|Population Bomb|p2a: Pestilence\n|-crit|p2a: Pestilence\n|-damage|p2a: Pestilence|69\/100\n|-damage|p2a: Pestilence|44\/100\n|-damage|p2a: Pestilence|18\/100\n|-damage|p2a: Pestilence|0 fnt\n|faint|p2a: Pestilence\n|-hitcount|p2: Pestilence|4\n|\n|upkeep\n|\n|t:|1700428764\n|switch|p2a: Terror|Maushold-Four|100\/100\n|turn|3\n|c|\u2606flurpdafish|Brought a mouse to a trap lol\n|\n|t:|1700428775\n|-terastallize|p2a: Terror|Ghost\n|move|p2a: Terror|Population Bomb|p1a: Maushold\n|-damage|p1a: Maushold|83\/100\n|-damage|p1a: Maushold|64\/100\n|-damage|p1a: Maushold|47\/100\n|-damage|p1a: Maushold|31\/100\n|-damage|p1a: Maushold|14\/100\n|-damage|p1a: Maushold|0 fnt\n|faint|p1a: Maushold\n|-hitcount|p1: Maushold|6\n|\n|upkeep\n|c|\u2606TallGuyInATophat|oh god\n|\n|t:|1700428788\n|switch|p1a: Chien-Pao|Chien-Pao|100\/100\n|-ability|p1a: Chien-Pao|Sword of Ruin\n|-item|p1a: Chien-Pao|Air Balloon\n|turn|4\n|\n|t:|1700428799\n|move|p1a: Chien-Pao|Sucker Punch|p2a: Terror\n|-supereffective|p2a: Terror\n|-damage|p2a: Terror|0 fnt\n|faint|p2a: Terror\n|\n|upkeep\n|\n|t:|1700428803\n|switch|p2a: Emptiness|Maushold-Four|100\/100\n|turn|5\n|c|\u2606flurpdafish|I agree\n|c|\u2606flurpdafish|I love them\n|c|\u2606TallGuyInATophat|good to make people rage with\n|\n|t:|1700428821\n|move|p1a: Chien-Pao|Sucker Punch||[still]\n|-fail|p1a: Chien-Pao\n|move|p2a: Emptiness|Tidy Up|p2a: Emptiness\n|-boost|p2a: Emptiness|atk|1\n|-boost|p2a: Emptiness|spe|1\n|\n|upkeep\n|turn|6\n|\n|t:|1700428833\n|move|p2a: Emptiness|Population Bomb|p1a: Chien-Pao\n|-damage|p1a: Chien-Pao|80\/100\n|-enditem|p1a: Chien-Pao|Air Balloon\n|-damage|p1a: Chien-Pao|58\/100\n|-damage|p1a: Chien-Pao|36\/100\n|-damage|p1a: Chien-Pao|12\/100\n|-damage|p1a: Chien-Pao|0 fnt\n|faint|p1a: Chien-Pao\n|-hitcount|p1: Chien-Pao|5\n|\n|upkeep\n|c|\u2606flurpdafish|Loaded dice huh\n|c|\u2606TallGuyInATophat|yuh\n|\n|t:|1700428863\n|switch|p1a: Mewtwo|Mewtwo|100\/100\n|-ability|p1a: Mewtwo|Unnerve\n|turn|7\n|\n|t:|1700428870\n|move|p2a: Emptiness|Population Bomb|p1a: Mewtwo|[miss]\n|-miss|p2a: Emptiness|p1a: Mewtwo\n|move|p1a: Mewtwo|Aura Sphere|p2a: Emptiness\n|-supereffective|p2a: Emptiness\n|-damage|p2a: Emptiness|0 fnt\n|faint|p2a: Emptiness\n|\n|upkeep\n|c|\u2606TallGuyInATophat|damn\n|c|\u2606TallGuyInATophat|DAMN\n|\n|t:|1700428880\n|switch|p2a: Rage|Maushold-Four|100\/100\n|turn|8\n|\n|t:|1700428888\n|move|p1a: Mewtwo|Aura Sphere|p2a: Rage\n|-supereffective|p2a: Rage\n|-damage|p2a: Rage|0 fnt\n|faint|p2a: Rage\n|\n|upkeep\n|c|\u2606TallGuyInATophat|well its joever\n|c|\u2606TallGuyInATophat|gg\n|\n|t:|1700428893\n|switch|p2a: Anger|Maushold-Four|100\/100\n|turn|9\n|c|\u2606flurpdafish|Lol\n|c|\u2606flurpdafish|Gg\n|\n|t:|1700428905\n|move|p1a: Mewtwo|Aura Sphere|p2a: Anger\n|-supereffective|p2a: Anger\n|-damage|p2a: Anger|0 fnt\n|faint|p2a: Anger\n|\n|upkeep\n|\n|t:|1700428909\n|switch|p2a: Malice|Maushold-Four|100\/100\n|turn|10\n|\n|t:|1700428914\n|move|p1a: Mewtwo|Aura Sphere|p2a: Malice\n|-supereffective|p2a: Malice\n|-damage|p2a: Malice|0 fnt\n|faint|p2a: Malice\n|\n|win|flurpdafish\n|raw|flurpdafish's rating: 1126 &rarr; <strong>1150<\/strong><br \/>(+24 for winning)\n|raw|TallGuyInATophat's rating: 1114 &rarr; <strong>1090<\/strong><br \/>(-24 for losing)\n|l|\u2606TallGuyInATophat\n|c|\u2606flurpdafish|Knew I had a trap in back lol\n","uploadtime":1700428942,"views":9,"p1id":"flurpdafish","p2id":"tallguyinatophat","formatid":"gen9anythinggoes","rating":1090,"private":0,"password":""}