{"id":"gen9anythinggoes-1982741438","p1":"Tapir94","p2":"nothership","format":"[Gen 9] Anything Goes","log":"|j|\u2606Tapir94\n|j|\u2606nothership\n|t:|1699040581\n|gametype|singles\n|player|p1|Tapir94|102|\n|player|p2|nothership|n|\n|teamsize|p1|6\n|teamsize|p2|6\n|gen|9\n|tier|[Gen 9] Anything Goes\n|rule|HP Percentage Mod: HP is shown in percentages\n|rule|Endless Battle Clause: Forcing endless battles is banned\n|clearpoke\n|poke|p1|Sneasler, F|\n|poke|p1|Klefki, F|\n|poke|p1|Pelipper, M|\n|poke|p1|Amoonguss, M|\n|poke|p1|Barraskewda, M|\n|poke|p1|Thundurus-Therian, M|\n|poke|p2|Chi-Yu|\n|poke|p2|Lilligant-Hisui, F|\n|poke|p2|Torkoal, M|\n|poke|p2|Rotom-Wash|\n|poke|p2|Sylveon, F|\n|poke|p2|Great Tusk|\n|teampreview\n|\n|t:|1699040603\n|start\n|switch|p1a: Klefki|Klefki, F|100\/100\n|switch|p2a: Torkoal|Torkoal, M|100\/100\n|-weather|SunnyDay|[from] ability: Drought|[of] p2a: Torkoal\n|turn|1\n|j| Kanave\n|\n|t:|1699040622\n|move|p1a: Klefki|Light Screen|p1a: Klefki\n|-sidestart|p1: Tapir94|move: Light Screen\n|move|p2a: Torkoal|Overheat|p1a: Klefki\n|-supereffective|p1a: Klefki\n|-damage|p1a: Klefki|33\/100\n|-unboost|p2a: Torkoal|spa|2\n|\n|-weather|SunnyDay|[upkeep]\n|upkeep\n|turn|2\n|\n|t:|1699040635\n|switch|p1a: Pelipper|Pelipper, M|100\/100\n|-weather|RainDance|[from] ability: Drizzle|[of] p1a: Pelipper\n|move|p2a: Torkoal|Overheat|p1a: Pelipper\n|-resisted|p1a: Pelipper\n|-damage|p1a: Pelipper|97\/100\n|-unboost|p2a: Torkoal|spa|2\n|\n|-weather|RainDance|[upkeep]\n|upkeep\n|turn|3\n|\n|t:|1699040647\n|switch|p2a: Rotom|Rotom-Wash|100\/100\n|move|p1a: Pelipper|Knock Off|p2a: Rotom\n|-damage|p2a: Rotom|89\/100\n|-enditem|p2a: Rotom|Leftovers|[from] move: Knock Off|[of] p1a: Pelipper\n|\n|-weather|RainDance|[upkeep]\n|upkeep\n|turn|4\n|\n|t:|1699040663\n|switch|p1a: Thundurus|Thundurus-Therian, M|100\/100\n|move|p2a: Rotom|Will-O-Wisp|p1a: Thundurus\n|-status|p1a: Thundurus|brn\n|\n|-weather|RainDance|[upkeep]\n|-damage|p1a: Thundurus|94\/100 brn|[from] brn\n|upkeep\n|turn|5\n|\n|t:|1699040675\n|move|p1a: Thundurus|Volt Switch|p2a: Rotom\n|-damage|p2a: Rotom|35\/100\n|\n|t:|1699040679\n|switch|p1a: Amoonguss|Amoonguss, M|100\/100|[from] Volt Switch\n|move|p2a: Rotom|Hydro Pump|p1a: Amoonguss|[miss]\n|-miss|p2a: Rotom|p1a: Amoonguss\n|\n|-weather|RainDance|[upkeep]\n|upkeep\n|turn|6\n|\n|t:|1699040688\n|switch|p2a: Torkoal|Torkoal, M|100\/100\n|-weather|SunnyDay|[from] ability: Drought|[of] p2a: Torkoal\n|move|p1a: Amoonguss|Spore|p2a: Torkoal\n|-status|p2a: Torkoal|slp|[from] move: Spore\n|\n|-weather|SunnyDay|[upkeep]\n|upkeep\n|turn|7\n|\n|t:|1699040701\n|switch|p1a: Pelipper|Pelipper, M|97\/100\n|-weather|RainDance|[from] ability: Drizzle|[of] p1a: Pelipper\n|switch|p2a: Great Tusk|Great Tusk|100\/100\n|\n|-weather|RainDance|[upkeep]\n|upkeep\n|turn|8\n|\n|t:|1699040709\n|-end|p2a: Great Tusk|Protosynthesis|[silent]\n|switch|p2a: Sylveon|Sylveon, F|100\/100\n|move|p1a: Pelipper|Hurricane|p2a: Sylveon\n|-damage|p2a: Sylveon|83\/100\n|\n|-weather|RainDance|[upkeep]\n|-heal|p2a: Sylveon|89\/100|[from] item: Leftovers\n|-sideend|p1: Tapir94|move: Light Screen\n|upkeep\n|turn|9\n|\n|t:|1699040719\n|move|p2a: Sylveon|Hyper Voice|p1a: Pelipper\n|-damage|p1a: Pelipper|42\/100\n|move|p1a: Pelipper|U-turn|p2a: Sylveon\n|-resisted|p2a: Sylveon\n|-damage|p2a: Sylveon|83\/100\n|\n|t:|1699040725\n|switch|p1a: Sneasler|Sneasler, F|100\/100|[from] U-turn\n|\n|-weather|RainDance|[upkeep]\n|-heal|p2a: Sylveon|89\/100|[from] item: Leftovers\n|upkeep\n|turn|10\n|\n|t:|1699040753\n|switch|p2a: Great Tusk|Great Tusk|100\/100\n|move|p1a: Sneasler|Fake Out|p2a: Great Tusk\n|-damage|p2a: Great Tusk|92\/100\n|\n|-weather|RainDance|[upkeep]\n|upkeep\n|turn|11\n|\n|t:|1699040766\n|switch|p1a: Pelipper|Pelipper, M|42\/100\n|move|p2a: Great Tusk|Knock Off|p1a: Pelipper\n|-damage|p1a: Pelipper|11\/100\n|-enditem|p1a: Pelipper|Heavy-Duty Boots|[from] move: Knock Off|[of] p2a: Great Tusk\n|\n|-weather|none\n|upkeep\n|turn|12\n|\n|t:|1699040778\n|-end|p2a: Great Tusk|Protosynthesis|[silent]\n|switch|p2a: Sylveon|Sylveon, F|89\/100\n|switch|p1a: Amoonguss|Amoonguss, M|100\/100\n|\n|-heal|p2a: Sylveon|95\/100|[from] item: Leftovers\n|upkeep\n|turn|13\n|\n|t:|1699040789\n|move|p2a: Sylveon|Wish|p2a: Sylveon\n|move|p1a: Amoonguss|Sludge Bomb|p2a: Sylveon\n|-supereffective|p2a: Sylveon\n|-damage|p2a: Sylveon|68\/100\n|\n|-heal|p2a: Sylveon|74\/100|[from] item: Leftovers\n|upkeep\n|turn|14\n|\n|t:|1699040798\n|move|p2a: Sylveon|Baton Pass|p2a: Sylveon\n|\n|t:|1699040799\n|switch|p2a: Rotom|Rotom-Wash|35\/100|[from] Baton Pass\n|move|p1a: Amoonguss|Sludge Bomb|p2a: Rotom\n|-crit|p2a: Rotom\n|-damage|p2a: Rotom|0 fnt\n|faint|p2a: Rotom\n|\n|upkeep\n|\n|t:|1699040808\n|switch|p2a: Chi-Yu|Chi-Yu|100\/100\n|-ability|p2a: Chi-Yu|Beads of Ruin\n|turn|15\n|\n|t:|1699040813\n|switch|p1a: Pelipper|Pelipper, M|11\/100\n|-weather|RainDance|[from] ability: Drizzle|[of] p1a: Pelipper\n|move|p2a: Chi-Yu|Flamethrower|p1a: Pelipper\n|-resisted|p1a: Pelipper\n|-damage|p1a: Pelipper|0 fnt\n|faint|p1a: Pelipper\n|\n|-weather|RainDance|[upkeep]\n|upkeep\n|\n|t:|1699040822\n|switch|p1a: Barraskewda|Barraskewda, M|100\/100\n|turn|16\n|\n|t:|1699040831\n|switch|p2a: Torkoal|Torkoal, M|100\/100 slp\n|-weather|SunnyDay|[from] ability: Drought|[of] p2a: Torkoal\n|move|p1a: Barraskewda|Liquidation|p2a: Torkoal\n|-supereffective|p2a: Torkoal\n|-damage|p2a: Torkoal|62\/100 slp\n|\n|-weather|SunnyDay|[upkeep]\n|upkeep\n|turn|17\n|\n|t:|1699040850\n|switch|p2a: Lilligant|Lilligant-Hisui, F|100\/100\n|move|p1a: Barraskewda|Liquidation|p2a: Lilligant\n|-resisted|p2a: Lilligant\n|-damage|p2a: Lilligant|77\/100\n|\n|-weather|SunnyDay|[upkeep]\n|-heal|p2a: Lilligant|84\/100|[from] item: Leftovers\n|upkeep\n|turn|18\n|\n|t:|1699040859\n|switch|p1a: Amoonguss|Amoonguss, M|100\/100\n|move|p2a: Lilligant|Victory Dance|p2a: Lilligant\n|-boost|p2a: Lilligant|atk|1\n|-boost|p2a: Lilligant|def|1\n|-boost|p2a: Lilligant|spe|1\n|\n|-weather|SunnyDay|[upkeep]\n|-heal|p2a: Lilligant|90\/100|[from] item: Leftovers\n|upkeep\n|turn|19\n|\n|t:|1699040919\n|-terastallize|p2a: Lilligant|Ghost\n|move|p2a: Lilligant|Victory Dance|p2a: Lilligant\n|-boost|p2a: Lilligant|atk|1\n|-boost|p2a: Lilligant|def|1\n|-boost|p2a: Lilligant|spe|1\n|move|p1a: Amoonguss|Clear Smog|p2a: Lilligant\n|-resisted|p2a: Lilligant\n|-damage|p2a: Lilligant|80\/100\n|-clearboost|p2a: Lilligant\n|\n|-weather|SunnyDay|[upkeep]\n|-heal|p2a: Lilligant|86\/100|[from] item: Leftovers\n|upkeep\n|turn|20\n|\n|t:|1699040939\n|move|p2a: Lilligant|Encore|p1a: Amoonguss\n|-start|p1a: Amoonguss|Encore\n|move|p1a: Amoonguss|Clear Smog|p2a: Lilligant\n|-resisted|p2a: Lilligant\n|-damage|p2a: Lilligant|77\/100\n|-clearboost|p2a: Lilligant\n|\n|-weather|SunnyDay|[upkeep]\n|-heal|p2a: Lilligant|83\/100|[from] item: Leftovers\n|upkeep\n|turn|21\n|\n|t:|1699040950\n|switch|p1a: Klefki|Klefki, F|33\/100\n|move|p2a: Lilligant|Tera Blast|p1a: Klefki|[anim] Tera Blast Ghost\n|-damage|p1a: Klefki|5\/100\n|\n|-weather|SunnyDay|[upkeep]\n|-heal|p2a: Lilligant|89\/100|[from] item: Leftovers\n|upkeep\n|turn|22\n|\n|t:|1699040981\n|move|p1a: Klefki|Light Screen|p1a: Klefki\n|-sidestart|p1: Tapir94|move: Light Screen\n|move|p2a: Lilligant|Tera Blast|p1a: Klefki|[anim] Tera Blast Ghost\n|-damage|p1a: Klefki|0 fnt\n|faint|p1a: Klefki\n|\n|-weather|SunnyDay|[upkeep]\n|-heal|p2a: Lilligant|95\/100|[from] item: Leftovers\n|upkeep\n|\n|t:|1699040989\n|switch|p1a: Thundurus|Thundurus-Therian, M|94\/100 brn\n|turn|23\n|\n|t:|1699040996\n|switch|p2a: Great Tusk|Great Tusk|92\/100\n|-activate|p2a: Great Tusk|ability: Protosynthesis\n|-start|p2a: Great Tusk|protosynthesisatk\n|-terastallize|p1a: Thundurus|Flying\n|move|p1a: Thundurus|Tera Blast|p2a: Great Tusk|[anim] Tera Blast Flying\n|-supereffective|p2a: Great Tusk\n|-damage|p2a: Great Tusk|0 fnt\n|faint|p2a: Great Tusk\n|-end|p2a: Great Tusk|Protosynthesis|[silent]\n|\n|-weather|none\n|-damage|p1a: Thundurus|88\/100 brn|[from] brn\n|upkeep\n|\n|t:|1699041010\n|switch|p2a: Sylveon|Sylveon, F|74\/100\n|turn|24\n|\n|t:|1699041015\n|move|p1a: Thundurus|Tera Blast|p2a: Sylveon|[anim] Tera Blast Flying\n|-damage|p2a: Sylveon|41\/100\n|move|p2a: Sylveon|Wish|p2a: Sylveon\n|\n|-heal|p2a: Sylveon|47\/100|[from] item: Leftovers\n|-damage|p1a: Thundurus|82\/100 brn|[from] brn\n|upkeep\n|turn|25\n|\n|t:|1699041024\n|move|p2a: Sylveon|Protect|p2a: Sylveon\n|-singleturn|p2a: Sylveon|Protect\n|move|p1a: Thundurus|Volt Switch|p2a: Sylveon\n|-activate|p2a: Sylveon|move: Protect\n|\n|-heal|p2a: Sylveon|97\/100|[from] move: Wish|[wisher] Sylveon\n|-heal|p2a: Sylveon|100\/100|[from] item: Leftovers\n|-damage|p1a: Thundurus|76\/100 brn|[from] brn\n|upkeep\n|turn|26\n|\n|t:|1699041040\n|move|p1a: Thundurus|Volt Switch|p2a: Sylveon\n|-damage|p2a: Sylveon|78\/100\n|\n|t:|1699041047\n|switch|p1a: Sneasler|Sneasler, F|100\/100|[from] Volt Switch\n|move|p2a: Sylveon|Baton Pass|p2a: Sylveon\n|\n|t:|1699041054\n|switch|p2a: Chi-Yu|Chi-Yu|100\/100|[from] Baton Pass\n|-ability|p2a: Chi-Yu|Beads of Ruin\n|\n|upkeep\n|turn|27\n|\n|t:|1699041098\n|move|p2a: Chi-Yu|Overheat|p1a: Sneasler\n|-damage|p1a: Sneasler|27\/100\n|-unboost|p2a: Chi-Yu|spa|2\n|move|p1a: Sneasler|Close Combat|p2a: Chi-Yu\n|-supereffective|p2a: Chi-Yu\n|-damage|p2a: Chi-Yu|0 fnt\n|-unboost|p1a: Sneasler|def|1\n|-unboost|p1a: Sneasler|spd|1\n|faint|p2a: Chi-Yu\n|\n|upkeep\n|\n|t:|1699041113\n|switch|p2a: Torkoal|Torkoal, M|62\/100 slp\n|-weather|SunnyDay|[from] ability: Drought|[of] p2a: Torkoal\n|turn|28\n|\n|t:|1699041122\n|switch|p1a: Thundurus|Thundurus-Therian, M, tera:Flying|76\/100 brn\n|cant|p2a: Torkoal|slp\n|\n|-weather|SunnyDay|[upkeep]\n|-damage|p1a: Thundurus|70\/100 brn|[from] brn\n|upkeep\n|turn|29\n|\n|t:|1699041130\n|switch|p2a: Sylveon|Sylveon, F|78\/100\n|move|p1a: Thundurus|Thunderbolt|p2a: Sylveon\n|-damage|p2a: Sylveon|50\/100\n|\n|-weather|SunnyDay|[upkeep]\n|-heal|p2a: Sylveon|56\/100|[from] item: Leftovers\n|-damage|p1a: Thundurus|64\/100 brn|[from] brn\n|-sideend|p1: Tapir94|move: Light Screen\n|upkeep\n|turn|30\n|\n|t:|1699041139\n|move|p1a: Thundurus|Volt Switch|p2a: Sylveon\n|-damage|p2a: Sylveon|33\/100\n|\n|t:|1699041163\n|switch|p1a: Barraskewda|Barraskewda, M|100\/100|[from] Volt Switch\n|move|p2a: Sylveon|Wish|p2a: Sylveon\n|\n|-weather|SunnyDay|[upkeep]\n|-heal|p2a: Sylveon|39\/100|[from] item: Leftovers\n|upkeep\n|turn|31\n|\n|t:|1699041172\n|move|p2a: Sylveon|Protect|p2a: Sylveon\n|-singleturn|p2a: Sylveon|Protect\n|move|p1a: Barraskewda|Psychic Fangs|p2a: Sylveon\n|-activate|p2a: Sylveon|move: Protect\n|\n|-weather|SunnyDay|[upkeep]\n|-heal|p2a: Sylveon|89\/100|[from] move: Wish|[wisher] Sylveon\n|-heal|p2a: Sylveon|95\/100|[from] item: Leftovers\n|upkeep\n|turn|32\n|\n|t:|1699041183\n|move|p1a: Barraskewda|Psychic Fangs|p2a: Sylveon\n|-damage|p2a: Sylveon|39\/100\n|move|p2a: Sylveon|Hyper Voice|p1a: Barraskewda\n|-damage|p1a: Barraskewda|15\/100\n|\n|-weather|SunnyDay|[upkeep]\n|-heal|p2a: Sylveon|45\/100|[from] item: Leftovers\n|upkeep\n|turn|33\n|\n|t:|1699041190\n|move|p2a: Sylveon|Protect|p2a: Sylveon\n|-singleturn|p2a: Sylveon|Protect\n|move|p1a: Barraskewda|Psychic Fangs|p2a: Sylveon\n|-activate|p2a: Sylveon|move: Protect\n|\n|-weather|SunnyDay|[upkeep]\n|-heal|p2a: Sylveon|52\/100|[from] item: Leftovers\n|upkeep\n|turn|34\n|\n|t:|1699041201\n|switch|p2a: Torkoal|Torkoal, M|62\/100 slp\n|move|p1a: Barraskewda|Psychic Fangs|p2a: Torkoal\n|-damage|p2a: Torkoal|35\/100 slp\n|\n|-weather|SunnyDay|[upkeep]\n|upkeep\n|turn|35\n|\n|t:|1699041223\n|switch|p1a: Amoonguss|Amoonguss, M|100\/100\n|cant|p2a: Torkoal|slp\n|\n|-weather|none\n|upkeep\n|turn|36\n|\n|t:|1699041230\n|switch|p2a: Sylveon|Sylveon, F|52\/100\n|move|p1a: Amoonguss|Sludge Bomb|p2a: Sylveon\n|-supereffective|p2a: Sylveon\n|-damage|p2a: Sylveon|21\/100\n|\n|-heal|p2a: Sylveon|27\/100|[from] item: Leftovers\n|upkeep\n|turn|37\n|\n|t:|1699041238\n|move|p2a: Sylveon|Protect|p2a: Sylveon\n|-singleturn|p2a: Sylveon|Protect\n|move|p1a: Amoonguss|Sludge Bomb|p2a: Sylveon\n|-activate|p2a: Sylveon|move: Protect\n|\n|-heal|p2a: Sylveon|33\/100|[from] item: Leftovers\n|upkeep\n|turn|38\n|\n|t:|1699041255\n|move|p2a: Sylveon|Wish|p2a: Sylveon\n|move|p1a: Amoonguss|Sludge Bomb|p2a: Sylveon\n|-supereffective|p2a: Sylveon\n|-damage|p2a: Sylveon|5\/100\n|\n|-heal|p2a: Sylveon|11\/100|[from] item: Leftovers\n|upkeep\n|turn|39\n|\n|t:|1699041263\n|switch|p1a: Barraskewda|Barraskewda, M|15\/100\n|move|p2a: Sylveon|Protect||[still]\n|-fail|p2a: Sylveon\n|\n|-heal|p2a: Sylveon|61\/100|[from] move: Wish|[wisher] Sylveon\n|-heal|p2a: Sylveon|68\/100|[from] item: Leftovers\n|upkeep\n|turn|40\n|\n|t:|1699041276\n|move|p1a: Barraskewda|Psychic Fangs|p2a: Sylveon\n|-damage|p2a: Sylveon|5\/100\n|move|p2a: Sylveon|Wish|p2a: Sylveon\n|\n|-heal|p2a: Sylveon|11\/100|[from] item: Leftovers\n|upkeep\n|turn|41\n|\n|t:|1699041282\n|move|p2a: Sylveon|Protect|p2a: Sylveon\n|-singleturn|p2a: Sylveon|Protect\n|move|p1a: Barraskewda|Psychic Fangs|p2a: Sylveon\n|-activate|p2a: Sylveon|move: Protect\n|\n|-heal|p2a: Sylveon|61\/100|[from] move: Wish|[wisher] Sylveon\n|-heal|p2a: Sylveon|67\/100|[from] item: Leftovers\n|upkeep\n|turn|42\n|c|\u2606Tapir94|grumble grumble\n|\n|t:|1699041296\n|move|p1a: Barraskewda|Psychic Fangs|p2a: Sylveon\n|-damage|p2a: Sylveon|14\/100\n|move|p2a: Sylveon|Wish|p2a: Sylveon\n|\n|-heal|p2a: Sylveon|20\/100|[from] item: Leftovers\n|upkeep\n|turn|43\n|\n|t:|1699041308\n|move|p2a: Sylveon|Protect|p2a: Sylveon\n|-singleturn|p2a: Sylveon|Protect\n|move|p1a: Barraskewda|Psychic Fangs|p2a: Sylveon\n|-activate|p2a: Sylveon|move: Protect\n|\n|-heal|p2a: Sylveon|70\/100|[from] move: Wish|[wisher] Sylveon\n|-heal|p2a: Sylveon|76\/100|[from] item: Leftovers\n|upkeep\n|turn|44\n|\n|t:|1699041316\n|move|p1a: Barraskewda|Psychic Fangs|p2a: Sylveon\n|-damage|p2a: Sylveon|17\/100\n|move|p2a: Sylveon|Wish|p2a: Sylveon\n|\n|-heal|p2a: Sylveon|23\/100|[from] item: Leftovers\n|upkeep\n|turn|45\n|\n|t:|1699041323\n|switch|p1a: Amoonguss|Amoonguss, M|100\/100\n|move|p2a: Sylveon|Protect||[still]\n|-fail|p2a: Sylveon\n|\n|-heal|p2a: Sylveon|73\/100|[from] move: Wish|[wisher] Sylveon\n|-heal|p2a: Sylveon|79\/100|[from] item: Leftovers\n|upkeep\n|turn|46\n|\n|t:|1699041332\n|move|p2a: Sylveon|Hyper Voice|p1a: Amoonguss\n|-resisted|p1a: Amoonguss\n|-damage|p1a: Amoonguss|83\/100\n|-enditem|p1a: Amoonguss|Red Card|[of] p2a: Sylveon\n|drag|p2a: Lilligant|Lilligant-Hisui, F, tera:Ghost|95\/100\n|move|p1a: Amoonguss|Sludge Bomb|p2a: Lilligant\n|-resisted|p2a: Lilligant\n|-damage|p2a: Lilligant|78\/100\n|-status|p2a: Lilligant|psn\n|\n|-heal|p2a: Lilligant|84\/100 psn|[from] item: Leftovers\n|-damage|p2a: Lilligant|72\/100 psn|[from] psn\n|upkeep\n|turn|47\n|\n|t:|1699041350\n|move|p2a: Lilligant|Victory Dance|p2a: Lilligant\n|-boost|p2a: Lilligant|atk|1\n|-boost|p2a: Lilligant|def|1\n|-boost|p2a: Lilligant|spe|1\n|move|p1a: Amoonguss|Giga Drain|p2a: Lilligant\n|-damage|p2a: Lilligant|40\/100 psn\n|-heal|p1a: Amoonguss|95\/100|[from] drain|[of] p2a: Lilligant\n|\n|-heal|p2a: Lilligant|46\/100 psn|[from] item: Leftovers\n|-damage|p2a: Lilligant|33\/100 psn|[from] psn\n|upkeep\n|turn|48\n|\n|t:|1699041362\n|move|p2a: Lilligant|Tera Blast|p1a: Amoonguss|[anim] Tera Blast Ghost\n|-damage|p1a: Amoonguss|54\/100\n|move|p1a: Amoonguss|Clear Smog|p2a: Lilligant\n|-resisted|p2a: Lilligant\n|-damage|p2a: Lilligant|22\/100 psn\n|-clearboost|p2a: Lilligant\n|\n|-heal|p2a: Lilligant|28\/100 psn|[from] item: Leftovers\n|-damage|p2a: Lilligant|16\/100 psn|[from] psn\n|upkeep\n|turn|49\n|\n|t:|1699041373\n|switch|p2a: Torkoal|Torkoal, M|35\/100 slp\n|-weather|SunnyDay|[from] ability: Drought|[of] p2a: Torkoal\n|move|p1a: Amoonguss|Giga Drain|p2a: Torkoal\n|-resisted|p2a: Torkoal\n|-damage|p2a: Torkoal|20\/100 slp\n|-heal|p1a: Amoonguss|60\/100|[from] drain|[of] p2a: Torkoal\n|\n|-weather|SunnyDay|[upkeep]\n|upkeep\n|turn|50\n|\n|t:|1699041395\n|switch|p2a: Sylveon|Sylveon, F|79\/100\n|move|p1a: Amoonguss|Sludge Bomb|p2a: Sylveon\n|-supereffective|p2a: Sylveon\n|-crit|p2a: Sylveon\n|-damage|p2a: Sylveon|34\/100\n|\n|-weather|SunnyDay|[upkeep]\n|-heal|p2a: Sylveon|40\/100|[from] item: Leftovers\n|upkeep\n|turn|51\n|\n|t:|1699041411\n|move|p2a: Sylveon|Wish|p2a: Sylveon\n|move|p1a: Amoonguss|Giga Drain|p2a: Sylveon\n|-damage|p2a: Sylveon|28\/100\n|-heal|p1a: Amoonguss|65\/100|[from] drain|[of] p2a: Sylveon\n|\n|-weather|SunnyDay|[upkeep]\n|-heal|p2a: Sylveon|35\/100|[from] item: Leftovers\n|upkeep\n|turn|52\n|\n|t:|1699041422\n|switch|p1a: Barraskewda|Barraskewda, M|15\/100\n|move|p2a: Sylveon|Hyper Voice|p1a: Barraskewda\n|-damage|p1a: Barraskewda|0 fnt\n|faint|p1a: Barraskewda\n|\n|-weather|SunnyDay|[upkeep]\n|-heal|p2a: Sylveon|85\/100|[from] move: Wish|[wisher] Sylveon\n|-heal|p2a: Sylveon|91\/100|[from] item: Leftovers\n|upkeep\n|\n|t:|1699041431\n|switch|p1a: Sneasler|Sneasler, F|27\/100\n|turn|53\n|\n|t:|1699041444\n|move|p2a: Sylveon|Protect|p2a: Sylveon\n|-singleturn|p2a: Sylveon|Protect\n|move|p1a: Sneasler|Fake Out|p2a: Sylveon\n|-activate|p2a: Sylveon|move: Protect\n|\n|-weather|SunnyDay|[upkeep]\n|-heal|p2a: Sylveon|97\/100|[from] item: Leftovers\n|upkeep\n|turn|54\n|\n|t:|1699041458\n|move|p1a: Sneasler|Dire Claw|p2a: Sylveon\n|-supereffective|p2a: Sylveon\n|-damage|p2a: Sylveon|0 fnt\n|faint|p2a: Sylveon\n|\n|-weather|SunnyDay|[upkeep]\n|upkeep\n|c|\u2606nothership|gg\n|\n|t:|1699041466\n|switch|p2a: Lilligant|Lilligant-Hisui, F, tera:Ghost|16\/100 psn\n|turn|55\n|\n|t:|1699041470\n|move|p2a: Lilligant|Tera Blast|p1a: Sneasler|[anim] Tera Blast Ghost\n|-crit|p1a: Sneasler\n|-damage|p1a: Sneasler|0 fnt\n|faint|p1a: Sneasler\n|\n|-weather|SunnyDay|[upkeep]\n|-heal|p2a: Lilligant|22\/100 psn|[from] item: Leftovers\n|-damage|p2a: Lilligant|10\/100 psn|[from] psn\n|upkeep\n|\n|t:|1699041482\n|switch|p1a: Amoonguss|Amoonguss, M|98\/100\n|turn|56\n|\n|t:|1699041486\n|move|p2a: Lilligant|Tera Blast|p1a: Amoonguss|[anim] Tera Blast Ghost\n|-damage|p1a: Amoonguss|71\/100\n|move|p1a: Amoonguss|Sludge Bomb|p2a: Lilligant\n|-resisted|p2a: Lilligant\n|-damage|p2a: Lilligant|0 fnt\n|faint|p2a: Lilligant\n|\n|-weather|none\n|upkeep\n|\n|t:|1699041493\n|switch|p2a: Torkoal|Torkoal, M|20\/100 slp\n|-weather|SunnyDay|[from] ability: Drought|[of] p2a: Torkoal\n|turn|57\n|\n|t:|1699041498\n|move|p1a: Amoonguss|Sludge Bomb|p2a: Torkoal\n|-damage|p2a: Torkoal|0 fnt\n|faint|p2a: Torkoal\n|\n|win|Tapir94\n|c|\u2606Tapir94|gg\n|l|\u2606nothership\n","uploadtime":1699041509,"views":15,"p1id":"tapir94","p2id":"nothership","formatid":"gen9anythinggoes","rating":0,"private":0,"password":""}