{"id":"gen9anythinggoes-1991999549","p1":"SumBacons","p2":"amogusfan21","format":"[Gen 9] Anything Goes","log":"|j|\u2606SumBacons\n|j|\u2606amogusfan21\n|t:|1700146491\n|gametype|singles\n|player|p1|SumBacons|gambler|1018\n|player|p2|amogusfan21|hilbert|1000\n|teamsize|p1|6\n|teamsize|p2|6\n|gen|9\n|tier|[Gen 9] Anything Goes\n|rated|\n|rule|HP Percentage Mod: HP is shown in percentages\n|rule|Endless Battle Clause: Forcing endless battles is banned\n|clearpoke\n|poke|p1|Ludicolo, M|\n|poke|p1|Lucario, F|\n|poke|p1|Toxapex, M|\n|poke|p1|Camerupt, M|\n|poke|p1|Kingambit, M|\n|poke|p1|Rayquaza|\n|poke|p2|Urshifu-*, F|\n|poke|p2|Maushold-Four|\n|poke|p2|Maushold-Four|\n|poke|p2|Maushold-Four|\n|poke|p2|Maushold-Four|\n|poke|p2|Maushold-Four|\n|teampreview\n|\n|t:|1700146545\n|start\n|switch|p1a: Toxapex|Toxapex, M|100\/100\n|switch|p2a: Maushold|Maushold-Four|100\/100\n|turn|1\n|\n|t:|1700146555\n|move|p2a: Maushold|Tidy Up|p2a: Maushold\n|-boost|p2a: Maushold|atk|1\n|-boost|p2a: Maushold|spe|1\n|move|p1a: Toxapex|Toxic Spikes|p2a: Maushold\n|-sidestart|p2: amogusfan21|move: Toxic Spikes\n|\n|upkeep\n|turn|2\n|\n|t:|1700146562\n|move|p2a: Maushold|Tidy Up|p2a: Maushold\n|-sideend|p2: amogusfan21|Toxic Spikes\n|-activate|p2a: Maushold|move: Tidy Up\n|-boost|p2a: Maushold|atk|1\n|-boost|p2a: Maushold|spe|1\n|move|p1a: Toxapex|Poison Jab|p2a: Maushold\n|-damage|p2a: Maushold|75\/100\n|\n|upkeep\n|turn|3\n|\n|t:|1700146572\n|move|p2a: Maushold|Population Bomb|p1a: Toxapex\n|-damage|p1a: Toxapex|87\/100\n|-damage|p1a: Toxapex|73\/100\n|-damage|p1a: Toxapex|58\/100\n|-damage|p1a: Toxapex|44\/100\n|-hitcount|p1a: Toxapex|4\n|cant|p1a: Toxapex|flinch\n|\n|-heal|p1a: Toxapex|50\/100|[from] item: Leftovers\n|upkeep\n|turn|4\n|j| Poketale Necrozma\n|j| Bawse307\n|j| lakakauaf\n|j|&DaWoblefet\n|j| 07Pineapple07\n|l| 07Pineapple07\n|\n|t:|1700146687\n|switch|p1a: Lucario|Lucario, F|100\/100\n|move|p2a: Maushold|Population Bomb|p1a: Lucario\n|-resisted|p1a: Lucario\n|-damage|p1a: Lucario|88\/100\n|-resisted|p1a: Lucario\n|-damage|p1a: Lucario|75\/100\n|-resisted|p1a: Lucario\n|-damage|p1a: Lucario|63\/100\n|-resisted|p1a: Lucario\n|-damage|p1a: Lucario|50\/100\n|-resisted|p1a: Lucario\n|-crit|p1a: Lucario\n|-damage|p1a: Lucario|32\/100\n|-resisted|p1a: Lucario\n|-damage|p1a: Lucario|20\/100\n|-resisted|p1a: Lucario\n|-damage|p1a: Lucario|7\/100\n|-resisted|p1a: Lucario\n|-damage|p1a: Lucario|0 fnt\n|faint|p1a: Lucario\n|-hitcount|p1: Lucario|8\n|\n|upkeep\n|inactive|Battle timer is ON: inactive players will automatically lose when time's up. (requested by amogusfan21)\n|j| ParadoxAnxiety\n|l|&DaWoblefet\n|l| ParadoxAnxiety\n|inactive|SumBacons has 120 seconds left.\n|\n|t:|1700146732\n|switch|p1a: Kingambit|Kingambit, M|100\/100\n|turn|5\n|j| Rosalia\n|l| Poketale Necrozma\n|\n|t:|1700146753\n|move|p2a: Maushold|Tidy Up|p2a: Maushold\n|-boost|p2a: Maushold|atk|1\n|-boost|p2a: Maushold|spe|1\n|move|p1a: Kingambit|Iron Head|p2a: Maushold\n|-damage|p2a: Maushold|14\/100\n|\n|upkeep\n|turn|6\n|\n|t:|1700146765\n|move|p2a: Maushold|Population Bomb|p1a: Kingambit\n|-resisted|p1a: Kingambit\n|-damage|p1a: Kingambit|89\/100\n|-hitcount|p1a: Kingambit|1\n|move|p1a: Kingambit|Flash Cannon|p2a: Maushold\n|-damage|p2a: Maushold|0 fnt\n|faint|p2a: Maushold\n|\n|-heal|p1a: Kingambit|95\/100|[from] item: Leftovers\n|upkeep\n|\n|t:|1700146777\n|switch|p2a: Maushold|Maushold-Four|100\/100\n|turn|7\n|\n|t:|1700146781\n|move|p2a: Maushold|Play Rough|p1a: Kingambit\n|-damage|p1a: Kingambit|78\/100\n|move|p1a: Kingambit|Flash Cannon|p2a: Maushold\n|-damage|p2a: Maushold|79\/100\n|-unboost|p2a: Maushold|spd|1\n|\n|-heal|p1a: Kingambit|84\/100|[from] item: Leftovers\n|upkeep\n|turn|8\n|\n|t:|1700146792\n|move|p2a: Maushold|Tidy Up|p2a: Maushold\n|-boost|p2a: Maushold|atk|1\n|-boost|p2a: Maushold|spe|1\n|move|p1a: Kingambit|Iron Head|p2a: Maushold\n|-damage|p2a: Maushold|25\/100\n|\n|-heal|p1a: Kingambit|90\/100|[from] item: Leftovers\n|upkeep\n|turn|9\n|\n|t:|1700146803\n|move|p2a: Maushold|Population Bomb|p1a: Kingambit\n|-resisted|p1a: Kingambit\n|-damage|p1a: Kingambit|83\/100\n|-resisted|p1a: Kingambit\n|-damage|p1a: Kingambit|77\/100\n|-resisted|p1a: Kingambit\n|-damage|p1a: Kingambit|70\/100\n|-resisted|p1a: Kingambit\n|-damage|p1a: Kingambit|63\/100\n|-resisted|p1a: Kingambit\n|-damage|p1a: Kingambit|56\/100\n|-resisted|p1a: Kingambit\n|-damage|p1a: Kingambit|49\/100\n|-resisted|p1a: Kingambit\n|-damage|p1a: Kingambit|43\/100\n|-resisted|p1a: Kingambit\n|-damage|p1a: Kingambit|36\/100\n|-resisted|p1a: Kingambit\n|-crit|p1a: Kingambit\n|-damage|p1a: Kingambit|26\/100\n|-resisted|p1a: Kingambit\n|-crit|p1a: Kingambit\n|-damage|p1a: Kingambit|17\/100\n|-hitcount|p1a: Kingambit|10\n|move|p1a: Kingambit|Iron Head|p2a: Maushold\n|-damage|p2a: Maushold|0 fnt\n|faint|p2a: Maushold\n|\n|-heal|p1a: Kingambit|23\/100|[from] item: Leftovers\n|upkeep\n|c|\u2606SumBacons|ow\n|c|\u2606SumBacons|ow\n|c|\u2606SumBacons|ow\n|c|\u2606SumBacons|ow\n|c|\u2606SumBacons|ow\n|c|\u2606SumBacons|ow\n|c|\u2606SumBacons|ow\n|c|\u2606SumBacons|ow\n|inactive|amogusfan21 has 120 seconds left.\n|\n|t:|1700146833\n|switch|p2a: Maushold|Maushold-Four|100\/100\n|turn|10\n|\n|t:|1700146841\n|move|p2a: Maushold|Population Bomb|p1a: Kingambit\n|-resisted|p1a: Kingambit\n|-damage|p1a: Kingambit|18\/100\n|-resisted|p1a: Kingambit\n|-damage|p1a: Kingambit|14\/100\n|-resisted|p1a: Kingambit\n|-damage|p1a: Kingambit|10\/100\n|-resisted|p1a: Kingambit\n|-damage|p1a: Kingambit|5\/100\n|-resisted|p1a: Kingambit\n|-damage|p1a: Kingambit|1\/100\n|-resisted|p1a: Kingambit\n|-damage|p1a: Kingambit|0 fnt\n|faint|p1a: Kingambit\n|-hitcount|p1: Kingambit|6\n|\n|upkeep\n|c|\u2606SumBacons|DD\n|\n|t:|1700146857\n|switch|p1a: Rayquaza|Rayquaza|100\/100\n|-ability|p1a: Rayquaza|Air Lock\n|turn|11\n|l| Bawse307\n|inactive|SumBacons has 120 seconds left.\n|\n|t:|1700146885\n|move|p2a: Maushold|Population Bomb|p1a: Rayquaza\n|-damage|p1a: Rayquaza|92\/100\n|-damage|p1a: Rayquaza|83\/100\n|-damage|p1a: Rayquaza|73\/100\n|-damage|p1a: Rayquaza|63\/100\n|-damage|p1a: Rayquaza|54\/100\n|-damage|p1a: Rayquaza|44\/100\n|-damage|p1a: Rayquaza|35\/100\n|-damage|p1a: Rayquaza|25\/100\n|-enditem|p1a: Rayquaza|Aguav Berry|[eat]\n|-heal|p1a: Rayquaza|58\/100|[from] item: Aguav Berry\n|-damage|p1a: Rayquaza|48\/100\n|-damage|p1a: Rayquaza|38\/100\n|-hitcount|p1a: Rayquaza|10\n|cant|p1a: Rayquaza|flinch\n|\n|upkeep\n|turn|12\n|inactive|SumBacons has 120 seconds left.\n|\n|t:|1700146913\n|move|p2a: Maushold|Population Bomb|p1a: Rayquaza\n|-damage|p1a: Rayquaza|29\/100\n|-damage|p1a: Rayquaza|20\/100\n|-damage|p1a: Rayquaza|10\/100\n|-damage|p1a: Rayquaza|1\/100\n|-hitcount|p1a: Rayquaza|4\n|move|p1a: Rayquaza|Outrage|p2a: Maushold\n|-damage|p2a: Maushold|4\/100\n|\n|upkeep\n|turn|13\n|\n|t:|1700146928\n|move|p2a: Maushold|Play Rough|p1a: Rayquaza\n|-supereffective|p1a: Rayquaza\n|-damage|p1a: Rayquaza|0 fnt\n|faint|p1a: Rayquaza\n|\n|upkeep\n|\n|t:|1700146935\n|switch|p1a: Toxapex|Toxapex, M|50\/100\n|turn|14\n|\n|t:|1700146948\n|move|p2a: Maushold|Rest|p2a: Maushold\n|-status|p2a: Maushold|slp|[from] move: Rest\n|-heal|p2a: Maushold|100\/100 slp|[silent]\n|move|p1a: Toxapex|Toxic Spikes|p2a: Maushold\n|-sidestart|p2: amogusfan21|move: Toxic Spikes\n|\n|-heal|p1a: Toxapex|56\/100|[from] item: Leftovers\n|upkeep\n|turn|15\n|\n|t:|1700146957\n|cant|p2a: Maushold|slp\n|move|p1a: Toxapex|Poison Jab|p2a: Maushold\n|-damage|p2a: Maushold|73\/100 slp\n|\n|-heal|p1a: Toxapex|63\/100|[from] item: Leftovers\n|upkeep\n|turn|16\n|\n|t:|1700146964\n|switch|p1a: Ludicolo|Ludicolo, M|100\/100\n|cant|p2a: Maushold|slp\n|\n|upkeep\n|turn|17\n|\n|t:|1700146970\n|-curestatus|p2a: Maushold|slp|[msg]\n|move|p2a: Maushold|Tidy Up|p2a: Maushold\n|-sideend|p2: amogusfan21|Toxic Spikes\n|-activate|p2a: Maushold|move: Tidy Up\n|-boost|p2a: Maushold|atk|1\n|-boost|p2a: Maushold|spe|1\n|move|p1a: Ludicolo|Leech Seed|p2a: Maushold\n|-start|p2a: Maushold|move: Leech Seed\n|\n|-damage|p2a: Maushold|60\/100|[from] Leech Seed|[of] p1a: Ludicolo\n|upkeep\n|turn|18\n|\n|t:|1700146985\n|switch|p1a: Toxapex|Toxapex, M|63\/100\n|move|p2a: Maushold|Population Bomb|p1a: Toxapex\n|-damage|p1a: Toxapex|52\/100\n|-damage|p1a: Toxapex|41\/100\n|-damage|p1a: Toxapex|31\/100\n|-damage|p1a: Toxapex|20\/100\n|-damage|p1a: Toxapex|9\/100\n|-damage|p1a: Toxapex|0 fnt\n|faint|p1a: Toxapex\n|-hitcount|p1: Toxapex|6\n|\n|upkeep\n|\n|t:|1700146996\n|switch|p1a: Camerupt|Camerupt, M|100\/100\n|turn|19\n|\n|t:|1700147004\n|move|p2a: Maushold|Tidy Up|p2a: Maushold\n|-boost|p2a: Maushold|atk|1\n|-boost|p2a: Maushold|spe|1\n|move|p1a: Camerupt|Earth Power|p2a: Maushold\n|-damage|p2a: Maushold|9\/100\n|\n|-damage|p2a: Maushold|0 fnt|[from] Leech Seed|[of] p1a: Camerupt\n|faint|p2a: Maushold\n|upkeep\n|\n|t:|1700147014\n|switch|p2a: Maushold|Maushold-Four|100\/100\n|turn|20\n|\n|t:|1700147037\n|move|p2a: Maushold|Tidy Up|p2a: Maushold\n|-boost|p2a: Maushold|atk|1\n|-boost|p2a: Maushold|spe|1\n|move|p1a: Camerupt|Earth Power|p2a: Maushold\n|-damage|p2a: Maushold|51\/100\n|\n|upkeep\n|turn|21\n|l| lakakauaf\n|\n|t:|1700147047\n|move|p2a: Maushold|Population Bomb|p1a: Camerupt\n|-damage|p1a: Camerupt|75\/100\n|-damage|p1a: Camerupt|51\/100\n|-damage|p1a: Camerupt|26\/100\n|-damage|p1a: Camerupt|0 fnt\n|faint|p1a: Camerupt\n|-hitcount|p1: Camerupt|4\n|\n|upkeep\n|\n|t:|1700147050\n|switch|p1a: Ludicolo|Ludicolo, M|100\/100\n|turn|22\n|\n|t:|1700147058\n|move|p2a: Maushold|Population Bomb|p1a: Ludicolo|[miss]\n|-miss|p2a: Maushold|p1a: Ludicolo\n|move|p1a: Ludicolo|Leech Seed|p2a: Maushold\n|-start|p2a: Maushold|move: Leech Seed\n|\n|-damage|p2a: Maushold|39\/100|[from] Leech Seed|[of] p1a: Ludicolo\n|upkeep\n|turn|23\n|\n|t:|1700147068\n|move|p2a: Maushold|Population Bomb|p1a: Ludicolo\n|-damage|p1a: Ludicolo|81\/100\n|-damage|p1a: Ludicolo|59\/100\n|-crit|p1a: Ludicolo\n|-damage|p1a: Ludicolo|29\/100\n|-damage|p1a: Ludicolo|9\/100\n|-damage|p1a: Ludicolo|0 fnt\n|faint|p1a: Ludicolo\n|-hitcount|p1: Ludicolo|5\n|\n|win|amogusfan21\n|raw|SumBacons's rating: 1018 &rarr; <strong>1005<\/strong><br \/>(-13 for losing)\n|raw|amogusfan21's rating: 1000 &rarr; <strong>1042<\/strong><br \/>(+42 for winning)\n|c|\u2606SumBacons|ggs ig\n|l|\u2606SumBacons\n|c| Rosalia|lol\n","uploadtime":1700147088,"views":6,"p1id":"sumbacons","p2id":"amogusfan21","formatid":"gen9anythinggoes","rating":1005,"private":0,"password":""}