{"id":"gen9anythinggoes-1984520785","p1":"Dumbfudge","p2":"nolan_berge911","format":"[Gen 9] Anything Goes","log":"|j|\u2606Dumbfudge\n|j|\u2606nolan_berge911\n|t:|1699275618\n|gametype|singles\n|player|p1|Dumbfudge|blackbelt-gen4dp|1363\n|player|p2|nolan_berge911|ghetsis|1285\n|teamsize|p1|6\n|teamsize|p2|6\n|gen|9\n|tier|[Gen 9] Anything Goes\n|rated|\n|rule|HP Percentage Mod: HP is shown in percentages\n|rule|Endless Battle Clause: Forcing endless battles is banned\n|clearpoke\n|poke|p1|Espathra, F|\n|poke|p1|Giratina|\n|poke|p1|Shaymin-Sky|\n|poke|p1|Zacian-*|\n|poke|p1|Ditto|\n|poke|p1|Breloom, F|\n|poke|p2|Zacian-*|\n|poke|p2|Houndstone, F|\n|poke|p2|Ogerpon-Cornerstone, F|\n|poke|p2|Cloyster, M|\n|poke|p2|Koraidon|\n|poke|p2|Toxapex, M|\n|teampreview\n|inactive|Battle timer is ON: inactive players will automatically lose when time's up. (requested by Dumbfudge)\n|inactive|nolan_berge911 also wants the timer to be on.\n|\n|t:|1699275632\n|start\n|switch|p1a: Cancer|Shaymin-Sky|100\/100\n|switch|p2a: Zacian|Zacian-Crowned|100\/100\n|-ability|p2a: Zacian|Intrepid Sword|boost\n|-boost|p2a: Zacian|atk|1\n|turn|1\n|\n|t:|1699275645\n|move|p1a: Cancer|Air Slash|p2a: Zacian\n|-resisted|p2a: Zacian\n|-damage|p2a: Zacian|84\/100\n|move|p2a: Zacian|Behemoth Blade|p1a: Cancer\n|-damage|p1a: Cancer|0 fnt\n|faint|p1a: Cancer\n|\n|upkeep\n|\n|t:|1699275655\n|switch|p1a: Whooping cough|Zacian-Crowned|100\/100\n|-ability|p1a: Whooping cough|Intrepid Sword|boost\n|-boost|p1a: Whooping cough|atk|1\n|turn|2\n|\n|t:|1699275661\n|-terastallize|p1a: Whooping cough|Steel\n|move|p1a: Whooping cough|Behemoth Blade|p2a: Zacian\n|-damage|p2a: Zacian|0 fnt\n|faint|p2a: Zacian\n|\n|upkeep\n|\n|t:|1699275665\n|switch|p2a: Koraidon|Koraidon|100\/100\n|-weather|SunnyDay|[from] ability: Orichalcum Pulse|[of] p2a: Koraidon\n|-activate|p2a: Koraidon|Orichalcum Pulse|[source]\n|turn|3\n|\n|t:|1699275675\n|switch|p1a: Lice|Giratina|100\/100\n|-ability|p1a: Lice|Pressure\n|move|p2a: Koraidon|Flame Charge|p1a: Lice\n|-resisted|p1a: Lice\n|-damage|p1a: Lice|89\/100\n|-boost|p2a: Koraidon|spe|1\n|\n|-weather|SunnyDay|[upkeep]\n|upkeep\n|turn|4\n|\n|t:|1699275687\n|move|p2a: Koraidon|Scale Shot|p1a: Lice\n|-supereffective|p1a: Lice\n|-damage|p1a: Lice|63\/100\n|-supereffective|p1a: Lice\n|-damage|p1a: Lice|40\/100\n|-hitcount|p1a: Lice|2\n|-unboost|p2a: Koraidon|def|1\n|-boost|p2a: Koraidon|spe|1\n|move|p1a: Lice|Outrage|p2a: Koraidon\n|-supereffective|p2a: Koraidon\n|-damage|p2a: Koraidon|0 fnt\n|faint|p2a: Koraidon\n|\n|-weather|SunnyDay|[upkeep]\n|upkeep\n|\n|t:|1699275692\n|switch|p2a: Ogerpon|Ogerpon-Cornerstone, F|100\/100\n|turn|5\n|\n|t:|1699275704\n|move|p2a: Ogerpon|Spiky Shield|p2a: Ogerpon\n|-singleturn|p2a: Ogerpon|move: Protect\n|move|p1a: Lice|Outrage|p2a: Ogerpon|[from]lockedmove\n|-activate|p2a: Ogerpon|move: Protect\n|-damage|p1a: Lice|27\/100|[from] Spiky Shield|[of] p2a: Ogerpon\n|-start|p1a: Lice|confusion|[fatigue]\n|\n|-weather|SunnyDay|[upkeep]\n|upkeep\n|turn|6\n|\n|t:|1699275720\n|move|p2a: Ogerpon|Knock Off|p1a: Lice\n|-supereffective|p1a: Lice\n|-damage|p1a: Lice|0 fnt\n|-enditem|p1a: Lice|Griseous Orb|[from] move: Knock Off|[of] p2a: Ogerpon\n|faint|p1a: Lice\n|\n|-weather|SunnyDay|[upkeep]\n|upkeep\n|\n|t:|1699275739\n|switch|p1a: Chickenpox|Espathra, F|100\/100\n|turn|7\n|\n|t:|1699275743\n|move|p1a: Chickenpox|Protect|p1a: Chickenpox\n|-singleturn|p1a: Chickenpox|Protect\n|move|p2a: Ogerpon|Knock Off|p1a: Chickenpox\n|-activate|p1a: Chickenpox|move: Protect\n|\n|-weather|none\n|-ability|p1a: Chickenpox|Speed Boost|boost\n|-boost|p1a: Chickenpox|spe|1\n|upkeep\n|turn|8\n|\n|t:|1699275752\n|move|p1a: Chickenpox|Substitute|p1a: Chickenpox\n|-start|p1a: Chickenpox|Substitute\n|-damage|p1a: Chickenpox|76\/100\n|move|p2a: Ogerpon|Knock Off|p1a: Chickenpox\n|-supereffective|p1a: Chickenpox\n|-end|p1a: Chickenpox|Substitute\n|\n|-ability|p1a: Chickenpox|Speed Boost|boost\n|-boost|p1a: Chickenpox|spe|1\n|upkeep\n|turn|9\n|\n|t:|1699275762\n|move|p1a: Chickenpox|Hypnosis|p2a: Ogerpon|[miss]\n|-miss|p1a: Chickenpox|p2a: Ogerpon\n|move|p2a: Ogerpon|Knock Off|p1a: Chickenpox\n|-supereffective|p1a: Chickenpox\n|-damage|p1a: Chickenpox|0 fnt\n|-enditem|p1a: Chickenpox|Wide Lens|[from] move: Knock Off|[of] p2a: Ogerpon\n|faint|p1a: Chickenpox\n|\n|upkeep\n|\n|t:|1699275773\n|switch|p1a: Flat out AIDS|Breloom, F|100\/100\n|turn|10\n|\n|t:|1699275781\n|move|p2a: Ogerpon|Spiky Shield|p2a: Ogerpon\n|-singleturn|p2a: Ogerpon|move: Protect\n|move|p1a: Flat out AIDS|Mach Punch|p2a: Ogerpon\n|-activate|p2a: Ogerpon|move: Protect\n|-damage|p1a: Flat out AIDS|88\/100|[from] Spiky Shield|[of] p2a: Ogerpon\n|\n|upkeep\n|turn|11\n|\n|t:|1699275789\n|move|p1a: Flat out AIDS|Mach Punch|p2a: Ogerpon\n|-supereffective|p2a: Ogerpon\n|-damage|p2a: Ogerpon|13\/100\n|move|p2a: Ogerpon|Ivy Cudgel|p1a: Flat out AIDS\n|-resisted|p1a: Flat out AIDS\n|-crit|p1a: Flat out AIDS\n|-damage|p1a: Flat out AIDS|31\/100\n|\n|upkeep\n|turn|12\n|\n|t:|1699275796\n|move|p2a: Ogerpon|Spiky Shield|p2a: Ogerpon\n|-singleturn|p2a: Ogerpon|move: Protect\n|move|p1a: Flat out AIDS|Mach Punch|p2a: Ogerpon\n|-activate|p2a: Ogerpon|move: Protect\n|-damage|p1a: Flat out AIDS|18\/100|[from] Spiky Shield|[of] p2a: Ogerpon\n|\n|upkeep\n|turn|13\n|\n|t:|1699275803\n|move|p1a: Flat out AIDS|Mach Punch|p2a: Ogerpon\n|-supereffective|p2a: Ogerpon\n|-damage|p2a: Ogerpon|0 fnt\n|faint|p2a: Ogerpon\n|\n|upkeep\n|\n|t:|1699275807\n|switch|p2a: Cloyster|Cloyster, M|100\/100\n|turn|14\n|\n|t:|1699275811\n|move|p1a: Flat out AIDS|Mach Punch|p2a: Cloyster\n|-supereffective|p2a: Cloyster\n|-damage|p2a: Cloyster|32\/100\n|move|p2a: Cloyster|Shell Smash|p2a: Cloyster\n|-unboost|p2a: Cloyster|def|1\n|-unboost|p2a: Cloyster|spd|1\n|-boost|p2a: Cloyster|atk|2\n|-boost|p2a: Cloyster|spa|2\n|-boost|p2a: Cloyster|spe|2\n|-enditem|p2a: Cloyster|White Herb\n|-clearnegativeboost|p2a: Cloyster|[silent]\n|\n|upkeep\n|turn|15\n|\n|t:|1699275821\n|move|p1a: Flat out AIDS|Mach Punch|p2a: Cloyster\n|-supereffective|p2a: Cloyster\n|-damage|p2a: Cloyster|0 fnt\n|faint|p2a: Cloyster\n|\n|upkeep\n|\n|t:|1699275824\n|switch|p2a: Toxapex|Toxapex, M|100\/100\n|turn|16\n|\n|t:|1699275829\n|move|p1a: Flat out AIDS|Mach Punch|p2a: Toxapex\n|-resisted|p2a: Toxapex\n|-crit|p2a: Toxapex\n|-damage|p2a: Toxapex|75\/100\n|-damage|p1a: Flat out AIDS|2\/100|[from] item: Rocky Helmet|[of] p2a: Toxapex\n|move|p2a: Toxapex|Sludge Bomb|p1a: Flat out AIDS\n|-supereffective|p1a: Flat out AIDS\n|-damage|p1a: Flat out AIDS|0 fnt\n|faint|p1a: Flat out AIDS\n|\n|upkeep\n|\n|t:|1699275839\n|switch|p1a: Ditto|Ditto|100\/100\n|-transform|p1a: Ditto|p2a: Toxapex|[from] ability: Imposter\n|turn|17\n|\n|t:|1699275850\n|move|p2a: Toxapex|Baneful Bunker|p2a: Toxapex\n|-singleturn|p2a: Toxapex|move: Protect\n|move|p1a: Ditto|Sludge Bomb|p2a: Toxapex\n|-activate|p2a: Toxapex|move: Protect\n|\n|upkeep\n|turn|18\n|\n|t:|1699275856\n|move|p1a: Ditto|Sludge Bomb|p2a: Toxapex\n|-resisted|p2a: Toxapex\n|-damage|p2a: Toxapex|67\/100\n|move|p2a: Toxapex|Sludge Bomb|p1a: Ditto\n|-resisted|p1a: Ditto\n|-damage|p1a: Ditto|91\/100\n|\n|upkeep\n|turn|19\n|\n|t:|1699275863\n|move|p1a: Ditto|Sludge Bomb|p2a: Toxapex\n|-resisted|p2a: Toxapex\n|-damage|p2a: Toxapex|58\/100\n|move|p2a: Toxapex|Sludge Bomb|p1a: Ditto\n|-resisted|p1a: Ditto\n|-damage|p1a: Ditto|82\/100\n|\n|upkeep\n|turn|20\n|\n|t:|1699275871\n|move|p1a: Ditto|Sludge Bomb|p2a: Toxapex\n|-resisted|p2a: Toxapex\n|-damage|p2a: Toxapex|49\/100\n|move|p2a: Toxapex|Sludge Bomb|p1a: Ditto\n|-resisted|p1a: Ditto\n|-damage|p1a: Ditto|74\/100\n|\n|upkeep\n|turn|21\n|\n|t:|1699275878\n|move|p1a: Ditto|Sludge Bomb|p2a: Toxapex\n|-resisted|p2a: Toxapex\n|-damage|p2a: Toxapex|42\/100\n|move|p2a: Toxapex|Sludge Bomb|p1a: Ditto\n|-resisted|p1a: Ditto\n|-damage|p1a: Ditto|66\/100\n|\n|upkeep\n|turn|22\n|\n|t:|1699275890\n|switch|p1a: Whooping cough|Zacian-Crowned, tera:Steel|100\/100\n|move|p2a: Toxapex|Recover|p2a: Toxapex\n|-heal|p2a: Toxapex|92\/100\n|\n|upkeep\n|turn|23\n|\n|t:|1699275899\n|move|p2a: Toxapex|Baneful Bunker|p2a: Toxapex\n|-singleturn|p2a: Toxapex|move: Protect\n|move|p1a: Whooping cough|Sacred Sword|p2a: Toxapex\n|-activate|p2a: Toxapex|move: Protect\n|\n|upkeep\n|turn|24\n|\n|t:|1699275907\n|move|p1a: Whooping cough|Sacred Sword|p2a: Toxapex\n|-resisted|p2a: Toxapex\n|-damage|p2a: Toxapex|81\/100\n|-damage|p1a: Whooping cough|84\/100|[from] item: Rocky Helmet|[of] p2a: Toxapex\n|move|p2a: Toxapex|Sludge Bomb|p1a: Whooping cough\n|-immune|p1a: Whooping cough\n|\n|upkeep\n|turn|25\n|\n|t:|1699275918\n|move|p1a: Whooping cough|Play Rough|p2a: Toxapex\n|-resisted|p2a: Toxapex\n|-damage|p2a: Toxapex|64\/100\n|-damage|p1a: Whooping cough|67\/100|[from] item: Rocky Helmet|[of] p2a: Toxapex\n|move|p2a: Toxapex|Sludge Bomb|p1a: Whooping cough\n|-immune|p1a: Whooping cough\n|\n|upkeep\n|turn|26\n|\n|t:|1699275929\n|switch|p1a: Ditto|Ditto|99\/100\n|-transform|p1a: Ditto|p2a: Toxapex|[from] ability: Imposter\n|move|p2a: Toxapex|Recover|p2a: Toxapex\n|-heal|p2a: Toxapex|100\/100\n|\n|upkeep\n|turn|27\n|\n|t:|1699275949\n|move|p1a: Ditto|Sludge Bomb|p2a: Toxapex\n|-resisted|p2a: Toxapex\n|-damage|p2a: Toxapex|93\/100\n|move|p2a: Toxapex|Sludge Bomb|p1a: Ditto\n|-resisted|p1a: Ditto\n|-damage|p1a: Ditto|92\/100\n|\n|upkeep\n|turn|28\n|\n|t:|1699275956\n|move|p1a: Ditto|Sludge Bomb|p2a: Toxapex\n|-resisted|p2a: Toxapex\n|-damage|p2a: Toxapex|84\/100\n|move|p2a: Toxapex|Sludge Bomb|p1a: Ditto\n|-resisted|p1a: Ditto\n|-damage|p1a: Ditto|83\/100\n|\n|upkeep\n|turn|29\n|\n|t:|1699275963\n|move|p1a: Ditto|Sludge Bomb|p2a: Toxapex\n|-resisted|p2a: Toxapex\n|-damage|p2a: Toxapex|76\/100\n|move|p2a: Toxapex|Sludge Bomb|p1a: Ditto\n|-resisted|p1a: Ditto\n|-damage|p1a: Ditto|75\/100\n|\n|upkeep\n|turn|30\n|\n|t:|1699275971\n|move|p1a: Ditto|Sludge Bomb|p2a: Toxapex\n|-resisted|p2a: Toxapex\n|-crit|p2a: Toxapex\n|-damage|p2a: Toxapex|65\/100\n|move|p2a: Toxapex|Sludge Bomb|p1a: Ditto\n|-resisted|p1a: Ditto\n|-damage|p1a: Ditto|68\/100\n|\n|upkeep\n|turn|31\n|\n|t:|1699275978\n|move|p1a: Ditto|Sludge Bomb|p2a: Toxapex\n|-resisted|p2a: Toxapex\n|-damage|p2a: Toxapex|56\/100\n|move|p2a: Toxapex|Sludge Bomb|p1a: Ditto\n|-resisted|p1a: Ditto\n|-damage|p1a: Ditto|60\/100\n|\n|upkeep\n|turn|32\n|\n|t:|1699275987\n|switch|p1a: Whooping cough|Zacian-Crowned, tera:Steel|67\/100\n|move|p2a: Toxapex|Sludge Bomb|p1a: Whooping cough\n|-immune|p1a: Whooping cough\n|\n|upkeep\n|turn|33\n|\n|t:|1699275994\n|switch|p1a: Ditto|Ditto|93\/100\n|-transform|p1a: Ditto|p2a: Toxapex|[from] ability: Imposter\n|move|p2a: Toxapex|Recover|p2a: Toxapex\n|-heal|p2a: Toxapex|100\/100\n|\n|upkeep\n|turn|34\n|\n|t:|1699276003\n|switch|p2a: Houndstone|Houndstone, F|100\/100\n|move|p1a: Ditto|Sludge Bomb|p2a: Houndstone\n|-resisted|p2a: Houndstone\n|-damage|p2a: Houndstone|88\/100\n|\n|upkeep\n|turn|35\n|\n|t:|1699276015\n|switch|p1a: Whooping cough|Zacian-Crowned, tera:Steel|67\/100\n|move|p2a: Houndstone|Sandstorm|p2a: Houndstone\n|-weather|Sandstorm\n|\n|-weather|Sandstorm|[upkeep]\n|upkeep\n|turn|36\n|\n|t:|1699276024\n|-terastallize|p2a: Houndstone|Ghost\n|move|p2a: Houndstone|Last Respects|p1a: Whooping cough\n|-damage|p1a: Whooping cough|0 fnt\n|faint|p1a: Whooping cough\n|\n|-weather|Sandstorm|[upkeep]\n|upkeep\n|\n|t:|1699276032\n|switch|p1a: Ditto|Ditto|100\/100\n|-transform|p1a: Ditto|p2a: Houndstone|[from] ability: Imposter\n|turn|37\n|\n|t:|1699276040\n|move|p1a: Ditto|Last Respects|p2a: Houndstone\n|-supereffective|p2a: Houndstone\n|-damage|p2a: Houndstone|0 fnt\n|faint|p2a: Houndstone\n|\n|-weather|Sandstorm|[upkeep]\n|upkeep\n|\n|t:|1699276043\n|switch|p2a: Toxapex|Toxapex, M|100\/100\n|turn|38\n|\n|t:|1699276049\n|move|p2a: Toxapex|Baneful Bunker|p2a: Toxapex\n|-singleturn|p2a: Toxapex|move: Protect\n|move|p1a: Ditto|Last Respects|p2a: Toxapex\n|-activate|p2a: Toxapex|move: Protect\n|\n|-weather|Sandstorm|[upkeep]\n|-damage|p2a: Toxapex|95\/100|[from] Sandstorm\n|upkeep\n|turn|39\n|\n|t:|1699276058\n|move|p1a: Ditto|Last Respects|p2a: Toxapex\n|-damage|p2a: Toxapex|7\/100\n|move|p2a: Toxapex|Sludge Bomb|p1a: Ditto\n|-resisted|p1a: Ditto\n|-damage|p1a: Ditto|90\/100\n|\n|-weather|none\n|upkeep\n|turn|40\n|\n|t:|1699276066\n|move|p2a: Toxapex|Baneful Bunker|p2a: Toxapex\n|-singleturn|p2a: Toxapex|move: Protect\n|move|p1a: Ditto|Last Respects|p2a: Toxapex\n|-activate|p2a: Toxapex|move: Protect\n|\n|upkeep\n|turn|41\n|\n|t:|1699276073\n|move|p1a: Ditto|Last Respects|p2a: Toxapex\n|-damage|p2a: Toxapex|0 fnt\n|faint|p2a: Toxapex\n|\n|win|Dumbfudge\n|raw|Dumbfudge's rating: 1363 &rarr; <strong>1379<\/strong><br \/>(+16 for winning)\n|raw|nolan_berge911's rating: 1285 &rarr; <strong>1266<\/strong><br \/>(-19 for losing)\n|l|\u2606nolan_berge911\n","uploadtime":1699276082,"views":3,"p1id":"dumbfudge","p2id":"nolanberge911","formatid":"gen9anythinggoes","rating":1266,"private":0,"password":""}