{"id":"gen9anythinggoes-1992238264","p1":"Noobsmash7","p2":"Garythe","format":"[Gen 9] Anything Goes","log":"|j|\u2606Noobsmash7\n|j|\u2606Garythe\n|t:|1700166605\n|gametype|singles\n|player|p1|Noobsmash7|sailor|\n|player|p2|Garythe|unknown|\n|teamsize|p1|6\n|teamsize|p2|6\n|gen|9\n|tier|[Gen 9] Anything Goes\n|rule|HP Percentage Mod: HP is shown in percentages\n|rule|Endless Battle Clause: Forcing endless battles is banned\n|clearpoke\n|poke|p1|Infernape, M|\n|poke|p1|Tauros-Paldea-Aqua, M|\n|poke|p1|Golem, F|\n|poke|p1|Kommo-o, F|\n|poke|p1|Slowbro, M|\n|poke|p1|Munkidori, M|\n|poke|p2|Alomomola, M|\n|poke|p2|Corviknight, M|\n|poke|p2|Meowscarada, M|\n|poke|p2|Munkidori, M|\n|poke|p2|Pelipper, M|\n|poke|p2|Toxicroak, F|\n|teampreview\n|inactive|Battle timer is ON: inactive players will automatically lose when time's up. (requested by Garythe)\n|c|\u2606Garythe|oo\n|c|\u2606Noobsmash7|lets do this'\n|c|\u2606Garythe|munkidori battle?\n|\n|t:|1700166628\n|start\n|switch|p1a: Dwayne|Golem, F|100\/100\n|switch|p2a: Alomomola|Alomomola, M|100\/100\n|turn|1\n|\n|t:|1700166632\n|move|p1a: Dwayne|Stealth Rock|p2a: Alomomola\n|-sidestart|p2: Garythe|move: Stealth Rock\n|move|p2a: Alomomola|Scald|p1a: Dwayne\n|-supereffective|p1a: Dwayne\n|-damage|p1a: Dwayne|19\/100\n|-enditem|p1a: Dwayne|Weakness Policy\n|-boost|p1a: Dwayne|atk|2|[from] item: Weakness Policy\n|-boost|p1a: Dwayne|spa|2|[from] item: Weakness Policy\n|\n|upkeep\n|turn|2\n|c|\u2606Noobsmash7|not right away\n|c|\u2606Garythe|:o\n|\n|t:|1700166647\n|move|p2a: Alomomola|Protect|p2a: Alomomola\n|-singleturn|p2a: Alomomola|Protect\n|move|p1a: Dwayne|Explosion|p2a: Alomomola\n|-activate|p2a: Alomomola|move: Protect\n|faint|p1a: Dwayne\n|\n|upkeep\n|c|\u2606Noobsmash7|AHHH\n|\n|t:|1700166662\n|switch|p1a: Kommo-o|Kommo-o, F|100\/100\n|turn|3\n|c|\u2606Garythe|u have a water weakness\n|\n|t:|1700166670\n|move|p1a: Kommo-o|Clangorous Soul|p1a: Kommo-o\n|-boost|p1a: Kommo-o|atk|1\n|-boost|p1a: Kommo-o|def|1\n|-boost|p1a: Kommo-o|spa|1\n|-boost|p1a: Kommo-o|spd|1\n|-boost|p1a: Kommo-o|spe|1\n|-damage|p1a: Kommo-o|68\/100\n|move|p2a: Alomomola|Scald|p1a: Kommo-o\n|-resisted|p1a: Kommo-o\n|-damage|p1a: Kommo-o|63\/100\n|\n|upkeep\n|turn|4\n|c|\u2606Noobsmash7|not too big of one\n|\n|t:|1700166680\n|move|p1a: Kommo-o|Drain Punch|p2a: Alomomola\n|-damage|p2a: Alomomola|74\/100\n|-heal|p1a: Kommo-o|83\/100|[from] drain|[of] p2a: Alomomola\n|move|p2a: Alomomola|Scald|p1a: Kommo-o\n|-resisted|p1a: Kommo-o\n|-damage|p1a: Kommo-o|78\/100\n|\n|-heal|p2a: Alomomola|81\/100|[from] item: Leftovers\n|upkeep\n|turn|5\n|\n|t:|1700166687\n|move|p1a: Kommo-o|Clangorous Soul|p1a: Kommo-o\n|-boost|p1a: Kommo-o|atk|1\n|-boost|p1a: Kommo-o|def|1\n|-boost|p1a: Kommo-o|spa|1\n|-boost|p1a: Kommo-o|spd|1\n|-boost|p1a: Kommo-o|spe|1\n|-damage|p1a: Kommo-o|46\/100\n|move|p2a: Alomomola|Scald|p1a: Kommo-o\n|-resisted|p1a: Kommo-o\n|-damage|p1a: Kommo-o|43\/100\n|-status|p1a: Kommo-o|brn\n|\n|-heal|p2a: Alomomola|87\/100|[from] item: Leftovers\n|-damage|p1a: Kommo-o|36\/100 brn|[from] brn\n|upkeep\n|turn|6\n|c|\u2606Noobsmash7|that sucks\n|c|\u2606Garythe|yay\n|\n|t:|1700166701\n|move|p1a: Kommo-o|Drain Punch|p2a: Alomomola\n|-damage|p2a: Alomomola|69\/100\n|-heal|p1a: Kommo-o|50\/100 brn|[from] drain|[of] p2a: Alomomola\n|move|p2a: Alomomola|Scald|p1a: Kommo-o\n|-resisted|p1a: Kommo-o\n|-damage|p1a: Kommo-o|47\/100 brn\n|\n|-heal|p2a: Alomomola|76\/100|[from] item: Leftovers\n|-damage|p1a: Kommo-o|41\/100 brn|[from] brn\n|upkeep\n|turn|7\n|\n|t:|1700166708\n|move|p1a: Kommo-o|Dragon Claw|p2a: Alomomola\n|-damage|p2a: Alomomola|56\/100\n|move|p2a: Alomomola|Flip Turn|p1a: Kommo-o\n|-resisted|p1a: Kommo-o\n|-damage|p1a: Kommo-o|38\/100 brn\n|\n|t:|1700166714\n|switch|p2a: Pelipper|Pelipper, M|100\/100|[from] Flip Turn\n|-damage|p2a: Pelipper|76\/100|[from] Stealth Rock\n|-weather|RainDance|[from] ability: Drizzle|[of] p2a: Pelipper\n|\n|-weather|RainDance|[upkeep]\n|-damage|p1a: Kommo-o|32\/100 brn|[from] brn\n|upkeep\n|turn|8\n|\n|t:|1700166717\n|move|p1a: Kommo-o|Dragon Claw|p2a: Pelipper\n|-damage|p2a: Pelipper|47\/100\n|move|p2a: Pelipper|Tailwind|p2a: Pelipper\n|-sidestart|p2: Garythe|move: Tailwind\n|\n|-weather|RainDance|[upkeep]\n|-damage|p1a: Kommo-o|25\/100 brn|[from] brn\n|upkeep\n|-enditem|p1a: Kommo-o|Salac Berry|[eat]\n|-boost|p1a: Kommo-o|spe|1|[from] item: Salac Berry\n|turn|9\n|\n|t:|1700166721\n|move|p1a: Kommo-o|Dragon Claw|p2a: Pelipper\n|-damage|p2a: Pelipper|20\/100\n|move|p2a: Pelipper|Hurricane|p1a: Kommo-o\n|-supereffective|p1a: Kommo-o\n|-damage|p1a: Kommo-o|0 fnt\n|faint|p1a: Kommo-o\n|\n|-weather|RainDance|[upkeep]\n|upkeep\n|\n|t:|1700166727\n|switch|p1a: Slowgoat|Slowbro, M|100\/100\n|turn|10\n|c|\u2606Garythe|:o\n|\n|t:|1700166734\n|move|p2a: Pelipper|Hurricane|p1a: Slowgoat\n|-damage|p1a: Slowgoat|64\/100\n|-start|p1a: Slowgoat|confusion\n|-activate|p1a: Slowgoat|confusion\n|move|p1a: Slowgoat|Slack Off|p1a: Slowgoat\n|-heal|p1a: Slowgoat|100\/100\n|\n|-weather|RainDance|[upkeep]\n|upkeep\n|turn|11\n|\n|t:|1700166744\n|move|p2a: Pelipper|Gunk Shot|p1a: Slowgoat\n|-damage|p1a: Slowgoat|91\/100\n|-status|p1a: Slowgoat|psn\n|-end|p1a: Slowgoat|confusion\n|move|p1a: Slowgoat|Ice Beam|p2a: Pelipper\n|-damage|p2a: Pelipper|0 fnt\n|faint|p2a: Pelipper\n|\n|-weather|none\n|-heal|p1a: Slowgoat|97\/100 psn|[from] item: Leftovers\n|-damage|p1a: Slowgoat|85\/100 psn|[from] psn\n|-sideend|p2: Garythe|move: Tailwind\n|upkeep\n|c|\u2606Noobsmash7|he did his job\n|\n|t:|1700166754\n|switch|p2a: Munkidori|Munkidori, M|100\/100\n|-damage|p2a: Munkidori|88\/100|[from] Stealth Rock\n|-item|p1a: Slowgoat|Leftovers|[from] ability: Frisk|[of] p2a: Munkidori|[identify]\n|turn|12\n|c|\u2606Noobsmash7|destroy the tailwind\n|\n|t:|1700166761\n|-terastallize|p1a: Slowgoat|Ground\n|move|p2a: Munkidori|Shadow Ball|p1a: Slowgoat\n|-damage|p1a: Slowgoat|54\/100 psn\n|move|p1a: Slowgoat|Psyshock|p2a: Munkidori\n|-damage|p2a: Munkidori|43\/100\n|\n|-heal|p1a: Slowgoat|60\/100 psn|[from] item: Leftovers\n|-damage|p1a: Slowgoat|47\/100 psn|[from] psn\n|upkeep\n|turn|13\n|\n|t:|1700166768\n|move|p2a: Munkidori|Shadow Ball|p1a: Slowgoat\n|-damage|p1a: Slowgoat|19\/100 psn\n|move|p1a: Slowgoat|Psyshock|p2a: Munkidori\n|-damage|p2a: Munkidori|0 fnt\n|faint|p2a: Munkidori\n|\n|-heal|p1a: Slowgoat|25\/100 psn|[from] item: Leftovers\n|-damage|p1a: Slowgoat|12\/100 psn|[from] psn\n|upkeep\n|\n|t:|1700166774\n|switch|p2a: Meowscarada|Meowscarada, M|100\/100\n|turn|14\n|\n|t:|1700166781\n|switch|p1a: Bullsh-|Tauros-Paldea-Aqua, M|100\/100\n|-ability|p1a: Bullsh-|Intimidate|boost\n|-unboost|p2a: Meowscarada|atk|1\n|move|p2a: Meowscarada|U-turn|p1a: Bullsh-\n|-start|p2a: Meowscarada|typechange|Bug|[from] ability: Protean\n|-resisted|p1a: Bullsh-\n|-damage|p1a: Bullsh-|87\/100\n|\n|t:|1700166793\n|switch|p2a: Alomomola|Alomomola, M|89\/100|[from] U-turn\n|-damage|p2a: Alomomola|77\/100|[from] Stealth Rock\n|\n|-heal|p2a: Alomomola|83\/100|[from] item: Leftovers\n|upkeep\n|turn|15\n|\n|t:|1700166802\n|switch|p1a: Slowgoat|Slowbro, M, tera:Ground|46\/100 psn\n|move|p2a: Alomomola|Scald|p1a: Slowgoat\n|-supereffective|p1a: Slowgoat\n|-damage|p1a: Slowgoat|15\/100 psn\n|\n|-heal|p2a: Alomomola|89\/100|[from] item: Leftovers\n|-heal|p1a: Slowgoat|21\/100 psn|[from] item: Leftovers\n|-damage|p1a: Slowgoat|9\/100 psn|[from] psn\n|upkeep\n|turn|16\n|\n|t:|1700166810\n|move|p2a: Alomomola|Flip Turn|p1a: Slowgoat\n|-supereffective|p1a: Slowgoat\n|-crit|p1a: Slowgoat\n|-damage|p1a: Slowgoat|0 fnt\n|faint|p1a: Slowgoat\n|\n|t:|1700166813\n|switch|p2a: Toxicroak|Toxicroak, F|100\/100|[from] Flip Turn\n|-damage|p2a: Toxicroak|94\/100|[from] Stealth Rock\n|\n|-heal|p2a: Toxicroak|100\/100|[from] item: Leftovers\n|upkeep\n|c|\u2606Noobsmash7|had to sac\n|\n|t:|1700166818\n|switch|p1a: 1$ chi-yu|Munkidori, M|100\/100\n|-item|p2a: Toxicroak|Leftovers|[from] ability: Frisk|[of] p1a: 1$ chi-yu|[identify]\n|turn|17\n|c|\u2606Garythe|yooooo\n|\n|t:|1700166827\n|move|p2a: Toxicroak|Fake Out|p1a: 1$ chi-yu\n|-damage|p1a: 1$ chi-yu|82\/100\n|cant|p1a: 1$ chi-yu|flinch\n|\n|upkeep\n|turn|18\n|c|\u2606Noobsmash7|psychic one shot?\n|\n|t:|1700166838\n|-terastallize|p2a: Toxicroak|Dark\n|move|p1a: 1$ chi-yu|Sludge Wave|p2a: Toxicroak\n|-damage|p2a: Toxicroak|24\/100\n|move|p2a: Toxicroak|Knock Off|p1a: 1$ chi-yu\n|-supereffective|p1a: 1$ chi-yu\n|-damage|p1a: 1$ chi-yu|0 fnt\n|-enditem|p1a: 1$ chi-yu|Choice Scarf|[from] move: Knock Off|[of] p2a: Toxicroak\n|faint|p1a: 1$ chi-yu\n|\n|-heal|p2a: Toxicroak|30\/100|[from] item: Leftovers\n|upkeep\n|c|\u2606Noobsmash7|i expected the switch\n|\n|t:|1700166847\n|switch|p1a: Little mac|Infernape, M|100\/100\n|turn|19\n|\n|t:|1700166852\n|move|p1a: Little mac|Mach Punch|p2a: Toxicroak\n|-supereffective|p2a: Toxicroak\n|-damage|p2a: Toxicroak|0 fnt\n|faint|p2a: Toxicroak\n|\n|upkeep\n|\n|t:|1700166862\n|switch|p2a: Alomomola|Alomomola, M|100\/100\n|-damage|p2a: Alomomola|88\/100|[from] Stealth Rock\n|turn|20\n|\n|t:|1700166865\n|move|p1a: Little mac|Thunder Punch|p2a: Alomomola\n|-supereffective|p2a: Alomomola\n|-damage|p2a: Alomomola|54\/100\n|move|p2a: Alomomola|Scald|p1a: Little mac\n|-supereffective|p1a: Little mac\n|-damage|p1a: Little mac|61\/100\n|\n|-heal|p2a: Alomomola|60\/100|[from] item: Leftovers\n|upkeep\n|turn|21\n|\n|t:|1700166873\n|move|p1a: Little mac|Thunder Punch|p2a: Alomomola\n|-supereffective|p2a: Alomomola\n|-damage|p2a: Alomomola|27\/100\n|move|p2a: Alomomola|Wish|p2a: Alomomola\n|\n|-heal|p2a: Alomomola|33\/100|[from] item: Leftovers\n|upkeep\n|turn|22\n|\n|t:|1700166876\n|move|p1a: Little mac|Thunder Punch|p2a: Alomomola\n|-supereffective|p2a: Alomomola\n|-damage|p2a: Alomomola|2\/100\n|move|p2a: Alomomola|Scald|p1a: Little mac\n|-supereffective|p1a: Little mac\n|-damage|p1a: Little mac|16\/100\n|\n|-heal|p2a: Alomomola|52\/100|[from] move: Wish|[wisher] Alomomola\n|-heal|p2a: Alomomola|58\/100|[from] item: Leftovers\n|upkeep\n|turn|23\n|\n|t:|1700166885\n|move|p1a: Little mac|Thunder Punch|p2a: Alomomola\n|-supereffective|p2a: Alomomola\n|-damage|p2a: Alomomola|24\/100\n|move|p2a: Alomomola|Wish|p2a: Alomomola\n|\n|-heal|p2a: Alomomola|30\/100|[from] item: Leftovers\n|upkeep\n|turn|24\n|\n|t:|1700166889\n|move|p1a: Little mac|Thunder Punch|p2a: Alomomola\n|-supereffective|p2a: Alomomola\n|-damage|p2a: Alomomola|0 fnt\n|faint|p2a: Alomomola\n|\n|upkeep\n|\n|t:|1700166893\n|switch|p2a: Meowscarada|Meowscarada, M|100\/100\n|turn|25\n|\n|t:|1700166897\n|move|p1a: Little mac|Mach Punch|p2a: Meowscarada\n|-supereffective|p2a: Meowscarada\n|-damage|p2a: Meowscarada|32\/100\n|move|p2a: Meowscarada|Flower Trick|p1a: Little mac\n|-start|p2a: Meowscarada|typechange|Grass|[from] ability: Protean\n|-resisted|p1a: Little mac\n|-crit|p1a: Little mac\n|-damage|p1a: Little mac|0 fnt\n|faint|p1a: Little mac\n|\n|upkeep\n|\n|t:|1700166900\n|switch|p1a: Bullsh-|Tauros-Paldea-Aqua, M|87\/100\n|-ability|p1a: Bullsh-|Intimidate|boost\n|-unboost|p2a: Meowscarada|atk|1\n|turn|26\n|\n|t:|1700166918\n|move|p1a: Bullsh-|Close Combat|p2a: Meowscarada\n|-damage|p2a: Meowscarada|0 fnt\n|-unboost|p1a: Bullsh-|def|1\n|-unboost|p1a: Bullsh-|spd|1\n|faint|p2a: Meowscarada\n|\n|upkeep\n|\n|t:|1700166921\n|switch|p2a: Corviknight|Corviknight, M|100\/100\n|-damage|p2a: Corviknight|88\/100|[from] Stealth Rock\n|turn|27\n|\n|t:|1700166925\n|move|p1a: Bullsh-|Close Combat|p2a: Corviknight\n|-damage|p2a: Corviknight|44\/100\n|-unboost|p1a: Bullsh-|def|1\n|-unboost|p1a: Bullsh-|spd|1\n|move|p2a: Corviknight|Brave Bird|p1a: Bullsh-\n|-supereffective|p1a: Bullsh-\n|-damage|p1a: Bullsh-|0 fnt\n|faint|p1a: Bullsh-\n|-damage|p2a: Corviknight|23\/100|[from] Recoil\n|\n|win|Garythe\n|c|\u2606Noobsmash7|gg\n|l|\u2606Noobsmash7\n|c|\u2606Garythe|gg\n","uploadtime":1700166938,"views":5,"p1id":"noobsmash7","p2id":"garythe","formatid":"gen9anythinggoes","rating":0,"private":0,"password":""}