{"id":"gen9anythinggoes-1971875218","p1":"NoLuckYouSuck_03","p2":"Aussie Brutal","format":"[Gen 9] Anything Goes","log":"|j|\u2606NoLuckYouSuck_03\n|j|\u2606Aussie Brutal\n|t:|1697785295\n|gametype|singles\n|player|p1|NoLuckYouSuck_03|dragontamer|\n|player|p2|Aussie Brutal|n-masters|\n|teamsize|p1|6\n|teamsize|p2|6\n|gen|9\n|tier|[Gen 9] Anything Goes\n|rule|HP Percentage Mod: HP is shown in percentages\n|rule|Endless Battle Clause: Forcing endless battles is banned\n|clearpoke\n|poke|p1|Crocalor, F|\n|poke|p1|Samurott-Hisui, F|\n|poke|p1|Annihilape, F|\n|poke|p1|Krookodile, F|\n|poke|p1|Farigiraf, F|\n|poke|p1|Delphox, M|\n|poke|p2|Iron Valiant|\n|poke|p2|Hoopa-Unbound|\n|poke|p2|Zoroark-Hisui, M|\n|poke|p2|Donphan, M|\n|poke|p2|Iron Hands|\n|poke|p2|Rotom-Wash|\n|teampreview\n|\n|t:|1697785332\n|start\n|switch|p1a: Zoroark Killer|Krookodile, F|100\/100\n|switch|p2a: Hoopa|Hoopa-Unbound|100\/100\n|-ability|p1a: Zoroark Killer|Intimidate|boost\n|-unboost|p2a: Hoopa|atk|1\n|turn|1\n|inactive|Battle timer is ON: inactive players will automatically lose when time's up. (requested by NoLuckYouSuck_03)\n|\n|t:|1697785351\n|switch|p2a: Donphan|Donphan, M|100\/100\n|move|p1a: Zoroark Killer|Stealth Rock|p2a: Donphan\n|-sidestart|p2: Aussie Brutal|move: Stealth Rock\n|\n|upkeep\n|turn|2\n|\n|t:|1697785357\n|move|p1a: Zoroark Killer|Taunt|p2a: Donphan\n|-start|p2a: Donphan|move: Taunt\n|cant|p2a: Donphan|move: Taunt|Stealth Rock\n|\n|upkeep\n|turn|3\n|\n|t:|1697785361\n|switch|p1a: Hit Me Already|Annihilape, F|100\/100\n|move|p2a: Donphan|Rapid Spin|p1a: Hit Me Already\n|-immune|p1a: Hit Me Already\n|\n|upkeep\n|turn|4\n|\n|t:|1697785376\n|switch|p2a: Rotom|Rotom-Wash|100\/100\n|-damage|p2a: Rotom|88\/100|[from] Stealth Rock\n|move|p1a: Hit Me Already|U-turn|p2a: Rotom\n|-damage|p2a: Rotom|64\/100\n|inactive|NoLuckYouSuck_03 has 270 seconds left.\n|\n|t:|1697785402\n|switch|p1a: Y'all Weak to me|Delphox, M, shiny|100\/100|[from] U-turn\n|\n|upkeep\n|turn|5\n|\n|t:|1697785408\n|-terastallize|p1a: Y'all Weak to me|Fairy\n|move|p1a: Y'all Weak to me|Nasty Plot|p1a: Y'all Weak to me\n|-boost|p1a: Y'all Weak to me|spa|2\n|move|p2a: Rotom|Electric Terrain|p2a: Rotom\n|-fieldstart|move: Electric Terrain\n|\n|upkeep\n|turn|6\n|\n|t:|1697785419\n|move|p1a: Y'all Weak to me|Dazzling Gleam|p2a: Rotom\n|-damage|p2a: Rotom|9\/100\n|move|p2a: Rotom|Volt Switch|p1a: Y'all Weak to me\n|-damage|p1a: Y'all Weak to me|71\/100\n|\n|t:|1697785429\n|switch|p2a: Iron Hands|Iron Hands|100\/100|[from] Volt Switch\n|-damage|p2a: Iron Hands|94\/100|[from] Stealth Rock\n|-activate|p2a: Iron Hands|ability: Quark Drive\n|-start|p2a: Iron Hands|quarkdriveatk\n|-enditem|p2a: Iron Hands|Electric Seed\n|-boost|p2a: Iron Hands|def|1|[from] item: Electric Seed\n|\n|upkeep\n|turn|7\n|\n|t:|1697785443\n|move|p1a: Y'all Weak to me|Psychic|p2a: Iron Hands\n|-supereffective|p2a: Iron Hands\n|-damage|p2a: Iron Hands|0 fnt\n|faint|p2a: Iron Hands\n|-end|p2a: Iron Hands|Quark Drive|[silent]\n|\n|upkeep\n|\n|t:|1697785453\n|switch|p2a: Hoopa|Hoopa-Unbound|100\/100\n|-damage|p2a: Hoopa|88\/100|[from] Stealth Rock\n|turn|8\n|\n|t:|1697785459\n|switch|p1a: Zoroark Killer|Krookodile, F|100\/100\n|-ability|p1a: Zoroark Killer|Intimidate|boost\n|-unboost|p2a: Hoopa|atk|1\n|move|p2a: Hoopa|Gunk Shot|p1a: Zoroark Killer|[miss]\n|-miss|p2a: Hoopa|p1a: Zoroark Killer\n|\n|upkeep\n|turn|9\n|\n|t:|1697785471\n|move|p2a: Hoopa|Drain Punch|p1a: Zoroark Killer\n|-supereffective|p1a: Zoroark Killer\n|-damage|p1a: Zoroark Killer|69\/100\n|-heal|p2a: Hoopa|100\/100|[from] drain|[of] p1a: Zoroark Killer\n|-damage|p2a: Hoopa|84\/100|[from] item: Rocky Helmet|[of] p1a: Zoroark Killer\n|move|p1a: Zoroark Killer|Low Kick|p2a: Hoopa\n|-crit|p2a: Hoopa\n|-damage|p2a: Hoopa|9\/100\n|\n|upkeep\n|turn|10\n|\n|t:|1697785481\n|move|p2a: Hoopa|Hyperspace Fury|p1a: Zoroark Killer\n|-resisted|p1a: Zoroark Killer\n|-damage|p1a: Zoroark Killer|55\/100\n|-unboost|p2a: Hoopa|def|1\n|move|p1a: Zoroark Killer|Earthquake|p2a: Hoopa\n|-damage|p2a: Hoopa|0 fnt\n|faint|p2a: Hoopa\n|\n|upkeep\n|\n|t:|1697785490\n|switch|p2a: Iron Valiant|Iron Valiant|100\/100\n|-damage|p2a: Iron Valiant|94\/100|[from] Stealth Rock\n|-activate|p2a: Iron Valiant|ability: Quark Drive\n|-start|p2a: Iron Valiant|quarkdrivespe\n|turn|11\n|\n|t:|1697785505\n|switch|p1a: Lolz|Crocalor, F, shiny|100\/100\n|move|p2a: Iron Valiant|Moonblast|p1a: Lolz\n|-resisted|p1a: Lolz\n|-damage|p1a: Lolz|75\/100\n|-damage|p2a: Iron Valiant|85\/100|[from] item: Life Orb\n|\n|upkeep\n|turn|12\n|\n|t:|1697785515\n|move|p2a: Iron Valiant|Knock Off|p1a: Lolz\n|-damage|p1a: Lolz|54\/100\n|-enditem|p1a: Lolz|Eviolite|[from] move: Knock Off|[of] p2a: Iron Valiant\n|-damage|p2a: Iron Valiant|75\/100|[from] item: Life Orb\n|move|p1a: Lolz|Yawn|p2a: Iron Valiant\n|-activate|p2a: Iron Valiant|move: Electric Terrain\n|\n|-fieldend|move: Electric Terrain\n|-end|p2a: Iron Valiant|Quark Drive\n|upkeep\n|turn|13\n|\n|t:|1697785527\n|move|p2a: Iron Valiant|Close Combat|p1a: Lolz\n|-damage|p1a: Lolz|0 fnt\n|-unboost|p2a: Iron Valiant|def|1\n|-unboost|p2a: Iron Valiant|spd|1\n|faint|p1a: Lolz\n|-damage|p2a: Iron Valiant|65\/100|[from] item: Life Orb\n|\n|upkeep\n|\n|t:|1697785534\n|switch|p1a: Hit Me Already|Annihilape, F|100\/100\n|turn|14\n|\n|t:|1697785546\n|-end|p2a: Iron Valiant|Quark Drive|[silent]\n|switch|p2a: Donphan|Donphan, M|100\/100\n|-damage|p2a: Donphan|94\/100|[from] Stealth Rock\n|move|p1a: Hit Me Already|U-turn|p2a: Donphan\n|-damage|p2a: Donphan|81\/100\n|\n|t:|1697785566\n|switch|p1a: King of Darkness|Samurott-Hisui, F|100\/100|[from] U-turn\n|\n|-heal|p2a: Donphan|87\/100|[from] item: Leftovers\n|upkeep\n|turn|15\n|\n|t:|1697785577\n|move|p1a: King of Darkness|Aqua Cutter|p2a: Donphan\n|-supereffective|p2a: Donphan\n|-crit|p2a: Donphan\n|-damage|p2a: Donphan|10\/100\n|move|p2a: Donphan|Rapid Spin|p1a: King of Darkness\n|-damage|p1a: King of Darkness|83\/100\n|-boost|p2a: Donphan|spe|1\n|-sideend|p2: Aussie Brutal|Stealth Rock|[from] move: Rapid Spin|[of] p2a: Donphan\n|\n|-heal|p2a: Donphan|16\/100|[from] item: Leftovers\n|upkeep\n|turn|16\n|\n|t:|1697785587\n|move|p1a: King of Darkness|Aqua Jet|p2a: Donphan\n|-supereffective|p2a: Donphan\n|-damage|p2a: Donphan|0 fnt\n|faint|p2a: Donphan\n|\n|upkeep\n|\n|t:|1697785596\n|switch|p2a: Iron Valiant|Iron Valiant|100\/100\n|turn|17\n|\n|t:|1697785609\n|move|p1a: King of Darkness|Sucker Punch|p2a: Iron Valiant\n|-supereffective|p2a: Iron Valiant\n|-enditem|p2a: Iron Valiant|Focus Sash\n|-damage|p2a: Iron Valiant|1\/100\n|replace|p2a: Zoroark|Zoroark-Hisui, M\n|-end|p2a: Zoroark|Illusion\n|move|p2a: Zoroark|Grass Knot|p1a: King of Darkness\n|-supereffective|p1a: King of Darkness\n|-damage|p1a: King of Darkness|47\/100\n|\n|upkeep\n|turn|18\n|c|\u2606Aussie Brutal|Av?\n|\n|t:|1697785628\n|move|p1a: King of Darkness|Aqua Jet|p2a: Zoroark\n|-damage|p2a: Zoroark|0 fnt\n|faint|p2a: Zoroark\n|\n|upkeep\n|c|\u2606NoLuckYouSuck_03|yea\n|\n|t:|1697785631\n|switch|p2a: Rotom|Rotom-Wash|9\/100\n|turn|19\n|\n|t:|1697785638\n|move|p1a: King of Darkness|Aqua Jet|p2a: Rotom\n|-resisted|p2a: Rotom\n|-crit|p2a: Rotom\n|-damage|p2a: Rotom|0 fnt\n|faint|p2a: Rotom\n|\n|upkeep\n|\n|t:|1697785641\n|switch|p2a: Iron Valiant|Iron Valiant|65\/100\n|turn|20\n|\n|t:|1697785652\n|switch|p1a: Uncut|Farigiraf, F|100\/100\n|move|p2a: Iron Valiant|Moonblast|p1a: Uncut\n|-damage|p1a: Uncut|48\/100\n|-unboost|p1a: Uncut|spa|1\n|-damage|p2a: Iron Valiant|56\/100|[from] item: Life Orb\n|\n|-heal|p1a: Uncut|54\/100|[from] item: Leftovers\n|upkeep\n|turn|21\n|\n|t:|1697785662\n|move|p1a: Uncut|Protect|p1a: Uncut\n|-singleturn|p1a: Uncut|Protect\n|move|p2a: Iron Valiant|Knock Off|p1a: Uncut\n|-activate|p1a: Uncut|move: Protect\n|\n|-heal|p1a: Uncut|60\/100|[from] item: Leftovers\n|upkeep\n|turn|22\n|\n|t:|1697785669\n|move|p2a: Iron Valiant|Knock Off|p1a: Uncut\n|-supereffective|p1a: Uncut\n|-damage|p1a: Uncut|0 fnt\n|-enditem|p1a: Uncut|Leftovers|[from] move: Knock Off|[of] p2a: Iron Valiant\n|faint|p1a: Uncut\n|-damage|p2a: Iron Valiant|46\/100|[from] item: Life Orb\n|\n|upkeep\n|\n|t:|1697785678\n|switch|p1a: Hit Me Already|Annihilape, F|100\/100\n|turn|23\n|\n|t:|1697785683\n|move|p1a: Hit Me Already|Rage Fist|p2a: Iron Valiant\n|-damage|p2a: Iron Valiant|9\/100\n|move|p2a: Iron Valiant|Moonblast|p1a: Hit Me Already\n|-supereffective|p1a: Hit Me Already\n|-damage|p1a: Hit Me Already|9\/100\n|-damage|p2a: Iron Valiant|0 fnt|[from] item: Life Orb\n|faint|p2a: Iron Valiant\n|-end|p2a: Iron Valiant|Quark Drive|[silent]\n|\n|win|NoLuckYouSuck_03\n|c|\u2606NoLuckYouSuck_03|gg\n|c|\u2606Aussie Brutal|gg\n|l|\u2606Aussie Brutal\n|j|\u2606Aussie Brutal\n|player|p2|Aussie Brutal|n-masters\n|l|\u2606Aussie Brutal\n|player|p2|\n","uploadtime":1697785694,"views":27,"p1id":"noluckyousuck03","p2id":"aussiebrutal","formatid":"gen9anythinggoes","rating":0,"private":0,"password":""}