{"id":"gen9anythinggoes-1975480572","p1":"50UP","p2":"dookboy69","format":"[Gen 9] Anything Goes","log":"|j|\u260650UP\n|j|\u2606dookboy69\n|t:|1698195885\n|gametype|singles\n|player|p1|50UP|ethan|\n|player|p2|dookboy69|ramos|\n|teamsize|p1|6\n|teamsize|p2|6\n|gen|9\n|tier|[Gen 9] Anything Goes\n|rule|HP Percentage Mod: HP is shown in percentages\n|rule|Endless Battle Clause: Forcing endless battles is banned\n|clearpoke\n|poke|p1|Mew|\n|poke|p1|Greninja-*, M|\n|poke|p1|Zarude|\n|poke|p1|Hariyama, F|\n|poke|p1|Sylveon, M|\n|poke|p1|Zoroark-Hisui, M|\n|poke|p2|Iron Valiant|\n|poke|p2|Kingambit, M|\n|poke|p2|Quagsire, M|\n|poke|p2|Muk-Alola, M|\n|poke|p2|Arcanine-Hisui, M|\n|poke|p2|Jolteon, F|\n|teampreview\n|\n|t:|1698195918\n|start\n|switch|p1a: Mew|Mew|100\/100\n|switch|p2a: Shibuya|Muk-Alola, M, shiny|100\/100\n|turn|1\n|\n|t:|1698195937\n|switch|p1a: Hariyama|Hariyama, F|100\/100\n|move|p2a: Shibuya|Knock Off|p1a: Hariyama\n|-resisted|p1a: Hariyama\n|-damage|p1a: Hariyama|82\/100\n|-enditem|p1a: Hariyama|Flame Orb|[from] move: Knock Off|[of] p2a: Shibuya\n|\n|upkeep\n|turn|2\n|j| patddontpee\n|\n|t:|1698195967\n|switch|p2a: Koi|Quagsire, M, shiny|100\/100\n|move|p1a: Hariyama|Drain Punch|p2a: Koi\n|-damage|p2a: Koi|73\/100\n|-heal|p1a: Hariyama|93\/100|[from] drain|[of] p2a: Koi\n|-damage|p1a: Hariyama|77\/100|[from] item: Rocky Helmet|[of] p2a: Koi\n|\n|upkeep\n|turn|3\n|\n|t:|1698195994\n|switch|p1a: Zarude|Zarude|100\/100\n|move|p2a: Koi|Stealth Rock|p1a: Zarude\n|-sidestart|p1: 50UP|move: Stealth Rock\n|\n|upkeep\n|turn|4\n|\n|t:|1698196004\n|switch|p2a: Shibuya|Muk-Alola, M, shiny|100\/100\n|move|p1a: Zarude|Trailblaze|p2a: Shibuya\n|-resisted|p2a: Shibuya\n|-damage|p2a: Shibuya|81\/100\n|-boost|p1a: Zarude|spe|1\n|-damage|p1a: Zarude|91\/100|[from] item: Life Orb\n|\n|upkeep\n|turn|5\n|\n|t:|1698196021\n|move|p1a: Zarude|Knock Off|p2a: Shibuya\n|-resisted|p2a: Shibuya\n|-damage|p2a: Shibuya|48\/100\n|-enditem|p2a: Shibuya|Assault Vest|[from] move: Knock Off|[of] p1a: Zarude\n|-damage|p1a: Zarude|81\/100|[from] item: Life Orb\n|move|p2a: Shibuya|Drain Punch|p1a: Zarude\n|-supereffective|p1a: Zarude\n|-damage|p1a: Zarude|50\/100\n|-heal|p2a: Shibuya|61\/100|[from] drain|[of] p1a: Zarude\n|\n|upkeep\n|turn|6\n|\n|t:|1698196063\n|move|p1a: Zarude|Drain Punch|p2a: Shibuya\n|-damage|p2a: Shibuya|21\/100\n|-heal|p1a: Zarude|73\/100|[from] drain|[of] p2a: Shibuya\n|-damage|p1a: Zarude|63\/100|[from] item: Life Orb\n|move|p2a: Shibuya|Poison Jab|p1a: Zarude\n|-supereffective|p1a: Zarude\n|-damage|p1a: Zarude|12\/100\n|-status|p1a: Zarude|psn\n|\n|-damage|p1a: Zarude|0 fnt|[from] psn\n|faint|p1a: Zarude\n|upkeep\n|c| patddontpee|ZARUDE\n|\n|t:|1698196088\n|switch|p1a: Mew|Mew|100\/100\n|-damage|p1a: Mew|88\/100|[from] Stealth Rock\n|turn|7\n|\n|t:|1698196097\n|move|p1a: Mew|Body Press|p2a: Shibuya\n|-damage|p2a: Shibuya|0 fnt\n|faint|p2a: Shibuya\n|\n|-heal|p1a: Mew|94\/100|[from] item: Leftovers\n|upkeep\n|\n|t:|1698196118\n|switch|p2a: Kiwi|Jolteon, F, shiny|100\/100\n|turn|8\n|\n|t:|1698196127\n|-terastallize|p2a: Kiwi|Ghost\n|move|p2a: Kiwi|Calm Mind|p2a: Kiwi\n|-boost|p2a: Kiwi|spa|1\n|-boost|p2a: Kiwi|spd|1\n|move|p1a: Mew|Stealth Rock|p2a: Kiwi\n|-sidestart|p2: dookboy69|move: Stealth Rock\n|\n|-heal|p1a: Mew|99\/100|[from] item: Leftovers\n|upkeep\n|turn|9\n|c| patddontpee|Oh hell nah\n|\n|t:|1698196195\n|switch|p1a: Greninja|Greninja, M|100\/100\n|-damage|p1a: Greninja|88\/100|[from] Stealth Rock\n|move|p2a: Kiwi|Calm Mind|p2a: Kiwi\n|-boost|p2a: Kiwi|spa|1\n|-boost|p2a: Kiwi|spd|1\n|\n|upkeep\n|turn|10\n|c| patddontpee|Oh fuck bro\n|\n|t:|1698196209\n|move|p2a: Kiwi|Thunderbolt|p1a: Greninja\n|-damage|p1a: Greninja|0 fnt\n|replace|p1a: Purple|Zoroark-Hisui, M, shiny\n|-end|p1a: Purple|Illusion\n|faint|p1a: Purple\n|\n|upkeep\n|\n|t:|1698196217\n|switch|p1a: Hariyama|Hariyama, F|77\/100\n|-damage|p1a: Hariyama|70\/100|[from] Stealth Rock\n|turn|11\n|\n|t:|1698196232\n|move|p2a: Kiwi|Thunderbolt|p1a: Hariyama\n|-damage|p1a: Hariyama|0 fnt\n|faint|p1a: Hariyama\n|\n|upkeep\n|\n|t:|1698196252\n|switch|p1a: Sylveon|Sylveon, M|100\/100\n|-damage|p1a: Sylveon|88\/100|[from] Stealth Rock\n|turn|12\n|\n|t:|1698196263\n|move|p2a: Kiwi|Thunderbolt|p1a: Sylveon\n|-damage|p1a: Sylveon|57\/100\n|move|p1a: Sylveon|Shadow Ball|p2a: Kiwi\n|-supereffective|p2a: Kiwi\n|-damage|p2a: Kiwi|75\/100\n|\n|-heal|p2a: Kiwi|81\/100|[from] item: Leftovers\n|upkeep\n|turn|13\n|\n|t:|1698196271\n|move|p2a: Kiwi|Calm Mind|p2a: Kiwi\n|-boost|p2a: Kiwi|spa|1\n|-boost|p2a: Kiwi|spd|1\n|move|p1a: Sylveon|Shadow Ball|p2a: Kiwi\n|-supereffective|p2a: Kiwi\n|-damage|p2a: Kiwi|61\/100\n|\n|-heal|p2a: Kiwi|67\/100|[from] item: Leftovers\n|upkeep\n|turn|14\n|c| patddontpee|Holy shit did nothing to sylveon\n|\n|t:|1698196280\n|move|p2a: Kiwi|Thunderbolt|p1a: Sylveon\n|-damage|p1a: Sylveon|23\/100\n|move|p1a: Sylveon|Shadow Ball|p2a: Kiwi\n|-supereffective|p2a: Kiwi\n|-damage|p2a: Kiwi|46\/100\n|-unboost|p2a: Kiwi|spd|1\n|\n|-heal|p2a: Kiwi|52\/100|[from] item: Leftovers\n|upkeep\n|turn|15\n|\n|t:|1698196289\n|move|p2a: Kiwi|Thunderbolt|p1a: Sylveon\n|-damage|p1a: Sylveon|0 fnt\n|faint|p1a: Sylveon\n|\n|-heal|p2a: Kiwi|58\/100|[from] item: Leftovers\n|upkeep\n|\n|t:|1698196289\n|switch|p1a: Mew|Mew|99\/100\n|-damage|p1a: Mew|88\/100|[from] Stealth Rock\n|turn|16\n|\n|t:|1698196300\n|move|p2a: Kiwi|Shadow Ball|p1a: Mew\n|-supereffective|p1a: Mew\n|-damage|p1a: Mew|0 fnt\n|faint|p1a: Mew\n|\n|-heal|p2a: Kiwi|64\/100|[from] item: Leftovers\n|upkeep\n|\n|t:|1698196307\n|switch|p1a: Greninja|Greninja, M|100\/100\n|-damage|p1a: Greninja|88\/100|[from] Stealth Rock\n|turn|17\n|\n|t:|1698196311\n|move|p1a: Greninja|Surf|p2a: Kiwi\n|-start|p1a: Greninja|typechange|Water|[from] ability: Protean\n|-damage|p2a: Kiwi|38\/100\n|move|p2a: Kiwi|Thunderbolt|p1a: Greninja\n|-supereffective|p1a: Greninja\n|-damage|p1a: Greninja|0 fnt\n|faint|p1a: Greninja\n|\n|win|dookboy69\n|c|\u260650UP|gg\n|c|\u2606dookboy69|ggeez\n|l|\u260650UP\n|c| patddontpee|Gg\n","uploadtime":1698196326,"views":14,"p1id":"50up","p2id":"dookboy69","formatid":"gen9anythinggoes","rating":0,"private":0,"password":""}