{"id":"gen9anythinggoes-1998126705","p1":"TheCloudySkySys","p2":"Saito hajime chan","format":"[Gen 9] Anything Goes","log":"|j|\u2606TheCloudySkySys\n|j|\u2606Saito hajime chan\n|t:|1700896206\n|gametype|singles\n|player|p1|TheCloudySkySys|266|1125\n|player|p2|Saito hajime chan|veteran|1078\n|teamsize|p1|6\n|teamsize|p2|6\n|gen|9\n|tier|[Gen 9] Anything Goes\n|rated|\n|rule|HP Percentage Mod: HP is shown in percentages\n|rule|Endless Battle Clause: Forcing endless battles is banned\n|clearpoke\n|poke|p1|Ceruledge, F|\n|poke|p1|Dragapult, M|\n|poke|p1|Kingambit, F|\n|poke|p1|Clefable, F|\n|poke|p1|Arboliva, F|\n|poke|p1|Iron Bundle|\n|poke|p2|Arceus|\n|poke|p2|Chien-Pao|\n|poke|p2|Regieleki|\n|poke|p2|Miraidon|\n|poke|p2|Dragapult, M|\n|poke|p2|Giratina|\n|teampreview\n|\n|t:|1700896218\n|start\n|switch|p1a: Trebuchet|Dragapult, M, shiny|100\/100\n|switch|p2a: Regieleki|Regieleki|100\/100\n|turn|1\n|\n|t:|1700896223\n|move|p2a: Regieleki|Volt Switch|p1a: Trebuchet\n|-resisted|p1a: Trebuchet\n|-damage|p1a: Trebuchet|71\/100\n|-damage|p2a: Regieleki|91\/100|[from] item: Life Orb\n|\n|t:|1700896228\n|switch|p2a: Giratina|Giratina|100\/100|[from] Volt Switch\n|-ability|p2a: Giratina|Pressure\n|move|p1a: Trebuchet|Dragon Darts|p2a: Giratina\n|-supereffective|p2a: Giratina\n|-damage|p2a: Giratina|60\/100\n|-enditem|p2a: Giratina|Weakness Policy\n|-boost|p2a: Giratina|atk|2|[from] item: Weakness Policy\n|-boost|p2a: Giratina|spa|2|[from] item: Weakness Policy\n|-anim|p1a: Trebuchet|Dragon Darts|p2a: Giratina\n|-supereffective|p2a: Giratina\n|-damage|p2a: Giratina|13\/100\n|\n|upkeep\n|turn|2\n|\n|t:|1700896239\n|move|p2a: Giratina|Shadow Sneak|p1a: Trebuchet\n|-supereffective|p1a: Trebuchet\n|-damage|p1a: Trebuchet|0 fnt\n|faint|p1a: Trebuchet\n|\n|upkeep\n|\n|t:|1700896244\n|switch|p1a: Funko|Ceruledge, F|100\/100\n|turn|3\n|\n|t:|1700896248\n|move|p1a: Funko|Shadow Claw|p2a: Giratina\n|-supereffective|p2a: Giratina\n|-damage|p2a: Giratina|0 fnt\n|faint|p2a: Giratina\n|\n|upkeep\n|\n|t:|1700896253\n|switch|p2a: Regieleki|Regieleki|91\/100\n|turn|4\n|\n|t:|1700896258\n|move|p2a: Regieleki|Volt Switch|p1a: Funko\n|-crit|p1a: Funko\n|-damage|p1a: Funko|22\/100\n|-damage|p2a: Regieleki|81\/100|[from] item: Life Orb\n|\n|t:|1700896261\n|switch|p2a: Arceus|Arceus|100\/100|[from] Volt Switch\n|move|p1a: Funko|Bitter Blade|p2a: Arceus\n|-damage|p2a: Arceus|75\/100\n|-heal|p1a: Funko|40\/100|[from] drain|[of] p2a: Arceus\n|\n|upkeep\n|turn|5\n|\n|t:|1700896269\n|move|p2a: Arceus|Thunder Wave|p1a: Funko\n|-status|p1a: Funko|par\n|move|p1a: Funko|Brick Break|p2a: Arceus\n|-supereffective|p2a: Arceus\n|-damage|p2a: Arceus|40\/100\n|\n|upkeep\n|turn|6\n|\n|t:|1700896275\n|move|p2a: Arceus|Recover|p2a: Arceus\n|-heal|p2a: Arceus|90\/100\n|cant|p1a: Funko|par\n|\n|upkeep\n|turn|7\n|\n|t:|1700896280\n|switch|p2a: Dragapult|Dragapult, M|100\/100\n|move|p1a: Funko|Brick Break|p2a: Dragapult\n|-immune|p2a: Dragapult\n|\n|upkeep\n|turn|8\n|\n|t:|1700896285\n|move|p2a: Dragapult|Hex|p1a: Funko\n|-supereffective|p1a: Funko\n|-damage|p1a: Funko|0 fnt\n|faint|p1a: Funko\n|\n|upkeep\n|\n|t:|1700896290\n|switch|p1a: Thanos|Kingambit, F, shiny|100\/100\n|-activate|p1a: Thanos|ability: Supreme Overlord\n|-start|p1a: Thanos|fallen2|[silent]\n|turn|9\n|\n|t:|1700896294\n|move|p2a: Dragapult|Will-O-Wisp|p1a: Thanos\n|-status|p1a: Thanos|brn\n|move|p1a: Thanos|Kowtow Cleave|p2a: Dragapult\n|-supereffective|p2a: Dragapult\n|-damage|p2a: Dragapult|4\/100\n|-damage|p1a: Thanos|91\/100 brn|[from] item: Life Orb\n|\n|-damage|p1a: Thanos|84\/100 brn|[from] brn\n|upkeep\n|turn|10\n|\n|t:|1700896303\n|move|p2a: Dragapult|Thunderbolt|p1a: Thanos\n|-damage|p1a: Thanos|61\/100 brn\n|move|p1a: Thanos|Kowtow Cleave|p2a: Dragapult\n|-supereffective|p2a: Dragapult\n|-damage|p2a: Dragapult|0 fnt\n|faint|p2a: Dragapult\n|-damage|p1a: Thanos|51\/100 brn|[from] item: Life Orb\n|\n|-damage|p1a: Thanos|45\/100 brn|[from] brn\n|upkeep\n|\n|t:|1700896311\n|switch|p2a: Miraidon|Miraidon|100\/100\n|-fieldstart|move: Electric Terrain|[from] ability: Hadron Engine|[of] p2a: Miraidon\n|turn|11\n|\n|t:|1700896322\n|move|p2a: Miraidon|Agility|p2a: Miraidon\n|-boost|p2a: Miraidon|spe|2\n|move|p1a: Thanos|Iron Head|p2a: Miraidon\n|-resisted|p2a: Miraidon\n|-damage|p2a: Miraidon|83\/100\n|-damage|p1a: Thanos|35\/100 brn|[from] item: Life Orb\n|\n|-damage|p1a: Thanos|29\/100 brn|[from] brn\n|upkeep\n|turn|12\n|\n|t:|1700896331\n|move|p2a: Miraidon|Parabolic Charge|p1a: Thanos\n|-damage|p1a: Thanos|0 fnt\n|-heal|p2a: Miraidon|99\/100|[from] drain|[of] p1a: Thanos\n|faint|p1a: Thanos\n|-end|p1a: Thanos|fallen2|[silent]\n|\n|upkeep\n|\n|t:|1700896341\n|switch|p1a: Comet|Clefable, F|100\/100\n|turn|13\n|\n|t:|1700896346\n|move|p2a: Miraidon|Parabolic Charge|p1a: Comet\n|-damage|p1a: Comet|32\/100\n|-heal|p2a: Miraidon|100\/100|[from] drain|[of] p1a: Comet\n|move|p1a: Comet|Light Screen|p1a: Comet\n|-sidestart|p1: TheCloudySkySys|move: Light Screen\n|\n|upkeep\n|turn|14\n|\n|t:|1700896351\n|move|p2a: Miraidon|Parabolic Charge|p1a: Comet\n|-damage|p1a: Comet|1\/100\n|move|p1a: Comet|Reflect|p1a: Comet\n|-sidestart|p1: TheCloudySkySys|Reflect\n|\n|upkeep\n|turn|15\n|\n|t:|1700896355\n|move|p2a: Miraidon|Parabolic Charge|p1a: Comet\n|-damage|p1a: Comet|0 fnt\n|faint|p1a: Comet\n|\n|-fieldend|move: Electric Terrain\n|upkeep\n|\n|t:|1700896361\n|switch|p1a: Olivia|Arboliva, F, shiny|100\/100\n|turn|16\n|\n|t:|1700896368\n|switch|p2a: Arceus|Arceus|90\/100\n|move|p1a: Olivia|Giga Drain|p2a: Arceus\n|-damage|p2a: Arceus|51\/100\n|\n|upkeep\n|turn|17\n|\n|t:|1700896373\n|move|p2a: Arceus|Thunder Wave|p1a: Olivia\n|-status|p1a: Olivia|par\n|move|p1a: Olivia|Giga Drain|p2a: Arceus\n|-damage|p2a: Arceus|12\/100\n|\n|upkeep\n|turn|18\n|\n|t:|1700896378\n|move|p2a: Arceus|Recover|p2a: Arceus\n|-heal|p2a: Arceus|62\/100\n|move|p1a: Olivia|Giga Drain|p2a: Arceus\n|-damage|p2a: Arceus|23\/100\n|\n|upkeep\n|turn|19\n|\n|t:|1700896383\n|move|p2a: Arceus|Recover|p2a: Arceus\n|-heal|p2a: Arceus|73\/100\n|move|p1a: Olivia|Giga Drain|p2a: Arceus\n|-crit|p2a: Arceus\n|-damage|p2a: Arceus|18\/100\n|\n|upkeep\n|turn|20\n|\n|t:|1700896388\n|move|p2a: Arceus|Recover|p2a: Arceus\n|-heal|p2a: Arceus|68\/100\n|move|p1a: Olivia|Giga Drain|p2a: Arceus\n|-damage|p2a: Arceus|26\/100\n|\n|-sideend|p1: TheCloudySkySys|move: Light Screen\n|upkeep\n|turn|21\n|\n|t:|1700896395\n|-terastallize|p1a: Olivia|Grass\n|move|p2a: Arceus|Recover|p2a: Arceus\n|-heal|p2a: Arceus|76\/100\n|move|p1a: Olivia|Giga Drain|p2a: Arceus\n|-damage|p2a: Arceus|23\/100\n|\n|-sideend|p1: TheCloudySkySys|Reflect\n|upkeep\n|turn|22\n|\n|t:|1700896402\n|move|p2a: Arceus|Recover|p2a: Arceus\n|-heal|p2a: Arceus|73\/100\n|move|p1a: Olivia|Giga Drain|p2a: Arceus\n|-damage|p2a: Arceus|23\/100\n|\n|upkeep\n|turn|23\n|c|\u2606TheCloudySkySys|why are you like this\n|\n|t:|1700896414\n|move|p2a: Arceus|Recover|p2a: Arceus\n|-heal|p2a: Arceus|73\/100\n|cant|p1a: Olivia|par\n|\n|upkeep\n|turn|24\n|\n|t:|1700896419\n|cant|p1a: Olivia|par\n|move|p2a: Arceus|Dragon Tail|p1a: Olivia\n|-damage|p1a: Olivia|84\/100 par\n|-fieldstart|move: Grassy Terrain|[from] ability: Seed Sower|[of] p1a: Olivia\n|drag|p1a: Bungle|Iron Bundle, shiny|100\/100\n|-enditem|p1a: Bungle|Booster Energy\n|-activate|p1a: Bungle|ability: Quark Drive|[fromitem]\n|-start|p1a: Bungle|quarkdrivespa\n|\n|-heal|p2a: Arceus|79\/100|[from] Grassy Terrain\n|upkeep\n|turn|25\n|\n|t:|1700896430\n|move|p2a: Arceus|Thunder Wave|p1a: Bungle\n|-status|p1a: Bungle|par\n|move|p1a: Bungle|Freeze-Dry|p2a: Arceus\n|-damage|p2a: Arceus|45\/100\n|\n|-heal|p2a: Arceus|51\/100|[from] Grassy Terrain\n|upkeep\n|turn|26\n|\n|t:|1700896437\n|move|p1a: Bungle|Freeze-Dry|p2a: Arceus\n|-damage|p2a: Arceus|18\/100\n|move|p2a: Arceus|Dragon Tail|p1a: Bungle\n|-damage|p1a: Bungle|85\/100 par\n|-end|p1a: Bungle|Quark Drive|[silent]\n|drag|p1a: Olivia|Arboliva, F, shiny, tera:Grass|84\/100 par\n|\n|-heal|p2a: Arceus|24\/100|[from] Grassy Terrain\n|-heal|p1a: Olivia|90\/100 par|[from] Grassy Terrain\n|upkeep\n|turn|27\n|\n|t:|1700896446\n|move|p2a: Arceus|Recover|p2a: Arceus\n|-heal|p2a: Arceus|74\/100\n|move|p1a: Olivia|Giga Drain|p2a: Arceus\n|-damage|p2a: Arceus|10\/100\n|-heal|p1a: Olivia|100\/100 par|[from] drain|[of] p2a: Arceus\n|\n|-heal|p2a: Arceus|16\/100|[from] Grassy Terrain\n|upkeep\n|turn|28\n|\n|t:|1700896453\n|move|p1a: Olivia|Giga Drain|p2a: Arceus\n|-damage|p2a: Arceus|0 fnt\n|faint|p2a: Arceus\n|\n|-fieldend|move: Grassy Terrain\n|upkeep\n|\n|t:|1700896457\n|switch|p2a: Chien-Pao|Chien-Pao|100\/100\n|-ability|p2a: Chien-Pao|Sword of Ruin\n|turn|29\n|c|\u2606TheCloudySkySys|get fucked\n|c|\u2606TheCloudySkySys|idc if i lose now\n|c|\u2606Saito hajime chan|Lmao\n|c|\u2606TheCloudySkySys|i beat that stupid arceus\n|\n|t:|1700896476\n|move|p2a: Chien-Pao|Swords Dance|p2a: Chien-Pao\n|-boost|p2a: Chien-Pao|atk|2\n|move|p1a: Olivia|Giga Drain|p2a: Chien-Pao\n|-enditem|p2a: Chien-Pao|Focus Sash\n|-damage|p2a: Chien-Pao|1\/100\n|\n|upkeep\n|turn|30\n|c|\u2606Saito hajime chan|It served it's purpose\n|\n|t:|1700896484\n|move|p2a: Chien-Pao|Ice Spinner|p1a: Olivia\n|-supereffective|p1a: Olivia\n|-damage|p1a: Olivia|0 fnt\n|-fieldstart|move: Grassy Terrain|[from] ability: Seed Sower|[of] p1a: Olivia\n|-fieldend|move: Grassy Terrain\n|faint|p1a: Olivia\n|\n|upkeep\n|\n|t:|1700896490\n|switch|p1a: Bungle|Iron Bundle, shiny|85\/100 par\n|turn|31\n|\n|t:|1700896496\n|move|p2a: Chien-Pao|Crunch|p1a: Bungle\n|-damage|p1a: Bungle|0 fnt\n|faint|p1a: Bungle\n|-end|p1a: Bungle|Quark Drive|[silent]\n|\n|win|Saito hajime chan\n|raw|TheCloudySkySys's rating: 1125 &rarr; <strong>1097<\/strong><br \/>(-28 for losing)\n|raw|Saito hajime chan's rating: 1078 &rarr; <strong>1110<\/strong><br \/>(+32 for winning)\n","uploadtime":1700896460,"views":0,"p1id":"thecloudyskysys","p2id":"saitohajimechan","formatid":"gen9anythinggoes","rating":1097,"private":0,"password":""}