{"id":"gen9anythinggoes-1986084871","p1":"daddyshometonight","p2":"Fureiyaz","format":"[Gen 9] Anything Goes","log":"|j|\u2606daddyshometonight\n|j|\u2606Fureiyaz\n|t:|1699448363\n|gametype|singles\n|player|p1|daddyshometonight|firebreather|1518\n|player|p2|Fureiyaz|unknownf|1481\n|teamsize|p1|6\n|teamsize|p2|6\n|gen|9\n|tier|[Gen 9] Anything Goes\n|rated|\n|rule|HP Percentage Mod: HP is shown in percentages\n|rule|Endless Battle Clause: Forcing endless battles is banned\n|clearpoke\n|poke|p1|Zacian-*|\n|poke|p1|Calyrex-Shadow|\n|poke|p1|Blissey, F|\n|poke|p1|Miraidon|\n|poke|p1|Giratina-Origin|\n|poke|p1|Arceus-Ice|\n|poke|p2|Grimmsnarl, M|\n|poke|p2|Landorus-Therian, M|\n|poke|p2|Volcanion|\n|poke|p2|Corviknight, F|\n|poke|p2|Wo-Chien|\n|poke|p2|Magearna|\n|teampreview\n|\n|t:|1699448402\n|start\n|switch|p1a: zacianed on|Zacian-Crowned|100\/100\n|switch|p2a: Grimmsnarl|Grimmsnarl, M|100\/100\n|-ability|p1a: zacianed on|Intrepid Sword|boost\n|-boost|p1a: zacianed on|atk|1\n|turn|1\n|\n|t:|1699448406\n|move|p2a: Grimmsnarl|Parting Shot|p1a: zacianed on\n|-unboost|p1a: zacianed on|atk|1\n|-unboost|p1a: zacianed on|spa|1\n|\n|t:|1699448409\n|switch|p2a: Corviknight|Corviknight, F|100\/100|[from] Parting Shot\n|-ability|p2a: Corviknight|Pressure\n|move|p1a: zacianed on|Behemoth Blade|p2a: Corviknight\n|-resisted|p2a: Corviknight\n|-damage|p2a: Corviknight|85\/100\n|-damage|p1a: zacianed on|84\/100|[from] item: Rocky Helmet|[of] p2a: Corviknight\n|\n|upkeep\n|turn|2\n|\n|t:|1699448430\n|switch|p1a: miraidone|Miraidon|100\/100\n|-fieldstart|move: Electric Terrain|[from] ability: Hadron Engine|[of] p1a: miraidone\n|move|p2a: Corviknight|Iron Head|p1a: miraidone\n|-resisted|p1a: miraidone\n|-damage|p1a: miraidone|87\/100\n|\n|upkeep\n|turn|3\n|\n|t:|1699448438\n|switch|p2a: Landorus|Landorus-Therian, M|100\/100\n|-ability|p2a: Landorus|Intimidate|boost\n|-unboost|p1a: miraidone|atk|1\n|move|p1a: miraidone|Electro Drift|p2a: Landorus\n|-immune|p2a: Landorus\n|\n|upkeep\n|turn|4\n|\n|t:|1699448443\n|switch|p1a: Arceus|Arceus-Ice|100\/100\n|move|p2a: Landorus|Earthquake|p1a: Arceus\n|-damage|p1a: Arceus|61\/100\n|\n|upkeep\n|turn|5\n|\n|t:|1699448452\n|switch|p2a: Magearna|Magearna|100\/100\n|move|p1a: Arceus|Judgment|p2a: Magearna\n|-resisted|p2a: Magearna\n|-damage|p2a: Magearna|85\/100\n|\n|upkeep\n|turn|6\n|\n|t:|1699448459\n|switch|p1a: Blissey|Blissey, F|100\/100\n|move|p2a: Magearna|Volt Switch|p1a: Blissey\n|-damage|p1a: Blissey|89\/100\n|\n|t:|1699448471\n|switch|p2a: Landorus|Landorus-Therian, M|100\/100|[from] Volt Switch\n|-ability|p2a: Landorus|Intimidate|boost\n|-unboost|p1a: Blissey|atk|1\n|\n|-heal|p1a: Blissey|95\/100|[from] item: Leftovers\n|-fieldend|move: Electric Terrain\n|upkeep\n|turn|7\n|\n|t:|1699448482\n|move|p2a: Landorus|U-turn|p1a: Blissey\n|-damage|p1a: Blissey|71\/100\n|\n|t:|1699448486\n|switch|p2a: Corviknight|Corviknight, F|85\/100|[from] U-turn\n|-ability|p2a: Corviknight|Pressure\n|move|p1a: Blissey|Flamethrower|p2a: Corviknight\n|-supereffective|p2a: Corviknight\n|-damage|p2a: Corviknight|55\/100\n|\n|-heal|p1a: Blissey|77\/100|[from] item: Leftovers\n|upkeep\n|turn|8\n|\n|t:|1699448493\n|switch|p2a: Volcanion|Volcanion|100\/100\n|move|p1a: Blissey|Flamethrower|p2a: Volcanion\n|-resisted|p2a: Volcanion\n|-damage|p2a: Volcanion|95\/100\n|\n|-heal|p2a: Volcanion|100\/100|[from] item: Leftovers\n|-heal|p1a: Blissey|83\/100|[from] item: Leftovers\n|upkeep\n|turn|9\n|\n|t:|1699448512\n|switch|p1a: miraidone|Miraidon|87\/100\n|-fieldstart|move: Electric Terrain|[from] ability: Hadron Engine|[of] p1a: miraidone\n|move|p2a: Volcanion|Sludge Bomb|p1a: miraidone\n|-damage|p1a: miraidone|58\/100\n|\n|upkeep\n|turn|10\n|\n|t:|1699448520\n|switch|p2a: Magearna|Magearna|85\/100\n|move|p1a: miraidone|Power Gem|p2a: Magearna\n|-resisted|p2a: Magearna\n|-damage|p2a: Magearna|70\/100\n|\n|upkeep\n|turn|11\n|\n|t:|1699448537\n|switch|p1a: Blissey|Blissey, F|83\/100\n|move|p2a: Magearna|Fleur Cannon|p1a: Blissey\n|-damage|p1a: Blissey|57\/100\n|-unboost|p2a: Magearna|spa|2\n|\n|-heal|p1a: Blissey|64\/100|[from] item: Leftovers\n|upkeep\n|turn|12\n|\n|t:|1699448540\n|move|p2a: Magearna|Volt Switch|p1a: Blissey\n|-damage|p1a: Blissey|58\/100\n|\n|t:|1699448544\n|switch|p2a: Grimmsnarl|Grimmsnarl, M|100\/100|[from] Volt Switch\n|move|p1a: Blissey|Flamethrower|p2a: Grimmsnarl\n|-damage|p2a: Grimmsnarl|82\/100\n|\n|-heal|p2a: Grimmsnarl|89\/100|[from] item: Leftovers\n|-heal|p1a: Blissey|64\/100|[from] item: Leftovers\n|upkeep\n|turn|13\n|c|\u2606daddyshometonight|this is so so so so so so cringe\n|\n|t:|1699448555\n|switch|p1a: zacianed on|Zacian-Crowned|84\/100\n|move|p2a: Grimmsnarl|Thunder Wave|p1a: zacianed on\n|-status|p1a: zacianed on|par\n|\n|-heal|p2a: Grimmsnarl|95\/100|[from] item: Leftovers\n|-fieldend|move: Electric Terrain\n|upkeep\n|turn|14\n|c|\u2606Fureiyaz|yeah\n|\n|t:|1699448560\n|move|p2a: Grimmsnarl|Parting Shot|p1a: zacianed on\n|-unboost|p1a: zacianed on|atk|1\n|-unboost|p1a: zacianed on|spa|1\n|\n|t:|1699448565\n|switch|p2a: Corviknight|Corviknight, F|55\/100|[from] Parting Shot\n|-ability|p2a: Corviknight|Pressure\n|move|p1a: zacianed on|Behemoth Blade|p2a: Corviknight\n|-resisted|p2a: Corviknight\n|-damage|p2a: Corviknight|44\/100\n|-damage|p1a: zacianed on|67\/100 par|[from] item: Rocky Helmet|[of] p2a: Corviknight\n|\n|upkeep\n|turn|15\n|\n|t:|1699448571\n|switch|p1a: Blissey|Blissey, F|64\/100\n|move|p2a: Corviknight|Roost|p2a: Corviknight\n|-heal|p2a: Corviknight|94\/100\n|-singleturn|p2a: Corviknight|move: Roost\n|\n|-heal|p1a: Blissey|70\/100|[from] item: Leftovers\n|upkeep\n|turn|16\n|\n|t:|1699448575\n|move|p2a: Corviknight|Iron Head|p1a: Blissey\n|-damage|p1a: Blissey|48\/100\n|cant|p1a: Blissey|flinch\n|\n|-heal|p1a: Blissey|54\/100|[from] item: Leftovers\n|upkeep\n|turn|17\n|\n|t:|1699448581\n|move|p2a: Corviknight|Iron Head|p1a: Blissey\n|-damage|p1a: Blissey|32\/100\n|cant|p1a: Blissey|flinch\n|\n|-heal|p1a: Blissey|39\/100|[from] item: Leftovers\n|upkeep\n|turn|18\n|\n|t:|1699448587\n|move|p2a: Corviknight|Iron Head|p1a: Blissey\n|-damage|p1a: Blissey|18\/100\n|move|p1a: Blissey|Soft-Boiled|p1a: Blissey\n|-heal|p1a: Blissey|68\/100\n|\n|-heal|p1a: Blissey|74\/100|[from] item: Leftovers\n|upkeep\n|turn|19\n|\n|t:|1699448599\n|move|p2a: Corviknight|Iron Head|p1a: Blissey\n|-damage|p1a: Blissey|54\/100\n|move|p1a: Blissey|Heal Bell|p1a: Blissey\n|-activate|p1a: Blissey|move: Heal Bell\n|-curestatus|p1: zacianed on|par|[msg]\n|\n|-heal|p1a: Blissey|60\/100|[from] item: Leftovers\n|upkeep\n|turn|20\n|\n|t:|1699448622\n|switch|p2a: Grimmsnarl|Grimmsnarl, M|95\/100\n|move|p1a: Blissey|Soft-Boiled|p1a: Blissey\n|-heal|p1a: Blissey|100\/100\n|\n|-heal|p2a: Grimmsnarl|100\/100|[from] item: Leftovers\n|upkeep\n|turn|21\n|\n|t:|1699448626\n|move|p2a: Grimmsnarl|Spirit Break|p1a: Blissey\n|-damage|p1a: Blissey|68\/100\n|-unboost|p1a: Blissey|spa|1\n|move|p1a: Blissey|Healing Wish|p1a: Blissey\n|faint|p1a: Blissey\n|\n|upkeep\n|\n|t:|1699448634\n|switch|p1a: calurmommy|Calyrex-Shadow|100\/100\n|-ability|p1a: calurmommy|As One\n|-ability|p1a: calurmommy|Unnerve\n|turn|22\n|\n|t:|1699448640\n|move|p2a: Grimmsnarl|Sucker Punch|p1a: calurmommy\n|-supereffective|p1a: calurmommy\n|-enditem|p1a: calurmommy|Focus Sash\n|-damage|p1a: calurmommy|1\/100\n|move|p1a: calurmommy|Astral Barrage|p2a: Grimmsnarl\n|-resisted|p2a: Grimmsnarl\n|-damage|p2a: Grimmsnarl|60\/100\n|\n|-heal|p2a: Grimmsnarl|66\/100|[from] item: Leftovers\n|upkeep\n|turn|23\n|\n|t:|1699448647\n|switch|p1a: miraidone|Miraidon|58\/100\n|-heal|p1a: miraidone|100\/100|[from] move: Healing Wish\n|-fieldstart|move: Electric Terrain|[from] ability: Hadron Engine|[of] p1a: miraidone\n|move|p2a: Grimmsnarl|Sucker Punch||[still]\n|-fail|p2a: Grimmsnarl\n|\n|-heal|p2a: Grimmsnarl|72\/100|[from] item: Leftovers\n|upkeep\n|turn|24\n|\n|t:|1699448655\n|move|p2a: Grimmsnarl|Parting Shot|p1a: miraidone\n|-unboost|p1a: miraidone|atk|1\n|-unboost|p1a: miraidone|spa|1\n|\n|t:|1699448658\n|switch|p2a: Landorus|Landorus-Therian, M|100\/100|[from] Parting Shot\n|-ability|p2a: Landorus|Intimidate|boost\n|-unboost|p1a: miraidone|atk|1\n|move|p1a: miraidone|Electro Drift|p2a: Landorus\n|-immune|p2a: Landorus\n|\n|upkeep\n|turn|25\n|n|!daddyshometonight|daddyshometonight\n|-message|daddyshometonight forfeited.\n|\n|win|Fureiyaz\n|raw|daddyshometonight's rating: 1531 &rarr; <strong>1508<\/strong><br \/>(-23 for losing)\n|raw|Fureiyaz's rating: 1481 &rarr; <strong>1504<\/strong><br \/>(+23 for winning)\n|l|!daddyshometonight\n","uploadtime":1699448664,"views":4,"p1id":"daddyshometonight","p2id":"fureiyaz","formatid":"gen9anythinggoes","rating":1504,"private":0,"password":""}