{"id":"gen9anythinggoes-1990539055","p1":"Imgonnamakeyoucry","p2":"qazniak","format":"[Gen 9] Anything Goes","log":"|j|\u2606Imgonnamakeyoucry\n|j|\u2606qazniak\n|t:|1699979756\n|gametype|singles\n|player|p1|Imgonnamakeyoucry|petrel|1264\n|player|p2|qazniak|102|1212\n|teamsize|p1|6\n|teamsize|p2|6\n|gen|9\n|tier|[Gen 9] Anything Goes\n|rated|\n|rule|HP Percentage Mod: HP is shown in percentages\n|rule|Endless Battle Clause: Forcing endless battles is banned\n|clearpoke\n|poke|p1|Cloyster, M|\n|poke|p1|Cyclizar, F|\n|poke|p1|Torterra, M|\n|poke|p1|Glimmora, M|\n|poke|p1|Skeledirge, F|\n|poke|p1|Haxorus, M|\n|poke|p2|Annihilape, M|\n|poke|p2|Baxcalibur, M|\n|poke|p2|Iron Bundle|\n|poke|p2|Pincurchin, M|\n|poke|p2|Calyrex-Shadow|\n|poke|p2|Chi-Yu|\n|teampreview\n|inactive|Battle timer is ON: inactive players will automatically lose when time's up. (requested by Imgonnamakeyoucry)\n|\n|t:|1699979768\n|start\n|switch|p1a: Obi Wan|Cyclizar, F|100\/100\n|switch|p2a: Calyrex|Calyrex-Shadow|100\/100\n|-ability|p2a: Calyrex|As One\n|-ability|p2a: Calyrex|Unnerve\n|turn|1\n|\n|t:|1699979779\n|move|p2a: Calyrex|Nasty Plot|p2a: Calyrex\n|-boost|p2a: Calyrex|spa|2\n|move|p1a: Obi Wan|Shed Tail|p1a: Obi Wan\n|-start|p1a: Obi Wan|Substitute|[from] move: Shed Tail\n|-damage|p1a: Obi Wan|50\/100\n|\n|t:|1699979784\n|switch|p1a: Nuh uh|Cloyster, M, shiny|100\/100|[from] Shed Tail\n|\n|upkeep\n|turn|2\n|\n|t:|1699979791\n|move|p2a: Calyrex|Astral Barrage|p1a: Nuh uh\n|-end|p1a: Nuh uh|Substitute\n|move|p1a: Nuh uh|Shell Smash|p1a: Nuh uh\n|-unboost|p1a: Nuh uh|def|1\n|-unboost|p1a: Nuh uh|spd|1\n|-boost|p1a: Nuh uh|atk|2\n|-boost|p1a: Nuh uh|spa|2\n|-boost|p1a: Nuh uh|spe|2\n|-enditem|p1a: Nuh uh|White Herb\n|-clearnegativeboost|p1a: Nuh uh|[silent]\n|\n|upkeep\n|turn|3\n|c|\u2606Imgonnamakeyoucry|you don't learn\n|\n|t:|1699979802\n|move|p1a: Nuh uh|Icicle Spear|p2a: Calyrex\n|-damage|p2a: Calyrex|72\/100\n|-damage|p2a: Calyrex|44\/100\n|-damage|p2a: Calyrex|17\/100\n|-damage|p2a: Calyrex|0 fnt\n|faint|p2a: Calyrex\n|-hitcount|p2: Calyrex|4\n|\n|upkeep\n|c|\u2606Imgonnamakeyoucry|hahahahhaa\n|\n|t:|1699979815\n|switch|p2a: Pincurchin|Pincurchin, M|100\/100\n|-fieldstart|move: Electric Terrain|[from] ability: Electric Surge|[of] p2a: Pincurchin\n|turn|4\n|c|\u2606qazniak|u sure about that\n|\n|t:|1699979822\n|move|p1a: Nuh uh|Icicle Spear|p2a: Pincurchin\n|-damage|p2a: Pincurchin|81\/100\n|-damage|p2a: Pincurchin|60\/100\n|-damage|p2a: Pincurchin|39\/100\n|-damage|p2a: Pincurchin|19\/100\n|-damage|p2a: Pincurchin|1\/100\n|-hitcount|p2a: Pincurchin|5\n|move|p2a: Pincurchin|Toxic Spikes|p1a: Nuh uh\n|-sidestart|p1: Imgonnamakeyoucry|move: Toxic Spikes\n|\n|upkeep\n|turn|5\n|c|\u2606Imgonnamakeyoucry|yes\n|\n|t:|1699979836\n|switch|p2a: Iron Bundle|Iron Bundle, shiny|100\/100\n|-activate|p2a: Iron Bundle|ability: Quark Drive\n|-start|p2a: Iron Bundle|quarkdrivespe\n|move|p1a: Nuh uh|Ice Shard|p2a: Iron Bundle\n|-resisted|p2a: Iron Bundle\n|-damage|p2a: Iron Bundle|89\/100\n|\n|upkeep\n|turn|6\n|c|\u2606Imgonnamakeyoucry|urgh\n|\n|t:|1699979857\n|switch|p1a: Glimmora|Glimmora, M|100\/100\n|-sideend|p1: Imgonnamakeyoucry|move: Toxic Spikes|[of] p1a: Glimmora\n|move|p2a: Iron Bundle|Freeze-Dry|p1a: Glimmora\n|-damage|p1a: Glimmora|60\/100\n|\n|-heal|p1a: Glimmora|66\/100|[from] item: Leftovers\n|upkeep\n|turn|7\n|\n|t:|1699979866\n|move|p2a: Iron Bundle|Hydro Pump|p1a: Glimmora\n|-supereffective|p1a: Glimmora\n|-damage|p1a: Glimmora|0 fnt\n|faint|p1a: Glimmora\n|\n|upkeep\n|c|\u2606Imgonnamakeyoucry|oh you finaly hit\n|\n|t:|1699979876\n|switch|p1a: Lizard|Haxorus, M, shiny|100\/100\n|-ability|p1a: Lizard|Mold Breaker\n|turn|8\n|\n|t:|1699979881\n|-terastallize|p1a: Lizard|Bug\n|move|p1a: Lizard|First Impression|p2a: Iron Bundle\n|-damage|p2a: Iron Bundle|20\/100\n|move|p2a: Iron Bundle|Ice Beam|p1a: Lizard\n|-crit|p1a: Lizard\n|-damage|p1a: Lizard|0 fnt\n|faint|p1a: Lizard\n|\n|-fieldend|move: Electric Terrain\n|-end|p2a: Iron Bundle|Quark Drive\n|upkeep\n|\n|t:|1699979900\n|switch|p1a: Nuh uh|Cloyster, M, shiny|100\/100\n|turn|9\n|\n|t:|1699979911\n|move|p2a: Iron Bundle|Freeze-Dry|p1a: Nuh uh\n|-damage|p1a: Nuh uh|9\/100\n|move|p1a: Nuh uh|Shell Smash|p1a: Nuh uh\n|-unboost|p1a: Nuh uh|def|1\n|-unboost|p1a: Nuh uh|spd|1\n|-boost|p1a: Nuh uh|atk|2\n|-boost|p1a: Nuh uh|spa|2\n|-boost|p1a: Nuh uh|spe|2\n|\n|upkeep\n|turn|10\n|\n|t:|1699979933\n|-end|p2a: Iron Bundle|Quark Drive|[silent]\n|switch|p2a: Pincurchin|Pincurchin, M|1\/100\n|-fieldstart|move: Electric Terrain|[from] ability: Electric Surge|[of] p2a: Pincurchin\n|move|p1a: Nuh uh|Icicle Spear|p2a: Pincurchin\n|-damage|p2a: Pincurchin|0 fnt\n|faint|p2a: Pincurchin\n|-hitcount|p2: Pincurchin|1\n|\n|upkeep\n|\n|t:|1699979941\n|switch|p2a: Iron Bundle|Iron Bundle, shiny|20\/100\n|-activate|p2a: Iron Bundle|ability: Quark Drive\n|-start|p2a: Iron Bundle|quarkdrivespe\n|turn|11\n|\n|t:|1699979951\n|move|p1a: Nuh uh|Ice Shard|p2a: Iron Bundle\n|-resisted|p2a: Iron Bundle\n|-damage|p2a: Iron Bundle|9\/100\n|move|p2a: Iron Bundle|Freeze-Dry|p1a: Nuh uh\n|-damage|p1a: Nuh uh|0 fnt\n|faint|p1a: Nuh uh\n|\n|upkeep\n|\n|t:|1699979959\n|switch|p1a: Rock|Torterra, M|100\/100\n|turn|12\n|\n|t:|1699979964\n|move|p2a: Iron Bundle|Ice Beam|p1a: Rock\n|-supereffective|p1a: Rock\n|-damage|p1a: Rock|0 fnt\n|faint|p1a: Rock\n|\n|upkeep\n|\n|t:|1699979971\n|switch|p1a: Skeledirge|Skeledirge, F|100\/100\n|turn|13\n|\n|t:|1699979976\n|move|p2a: Iron Bundle|Hydro Pump|p1a: Skeledirge\n|-supereffective|p1a: Skeledirge\n|-damage|p1a: Skeledirge|0 fnt\n|faint|p1a: Skeledirge\n|\n|upkeep\n|\n|t:|1699979980\n|switch|p1a: Obi Wan|Cyclizar, F|83\/100\n|turn|14\n|c|\u2606qazniak|u never learn\n|\n|t:|1699979985\n|move|p2a: Iron Bundle|Ice Beam|p1a: Obi Wan\n|-supereffective|p1a: Obi Wan\n|-damage|p1a: Obi Wan|0 fnt\n|faint|p1a: Obi Wan\n|\n|win|qazniak\n|raw|Imgonnamakeyoucry's rating: 1264 &rarr; <strong>1235<\/strong><br \/>(-29 for losing)\n|raw|qazniak's rating: 1212 &rarr; <strong>1241<\/strong><br \/>(+29 for winning)\n|c|\u2606Imgonnamakeyoucry|your first and only win\n|l|\u2606Imgonnamakeyoucry\n|c|\u2606qazniak|then how do i have 1200 rating\n","uploadtime":1699980021,"views":7,"p1id":"imgonnamakeyoucry","p2id":"qazniak","formatid":"gen9anythinggoes","rating":1235,"private":0,"password":""}