{"id":"gen9anythinggoes-1984070328","p1":"Djnueb","p2":"Uggfgdst","format":"[Gen 9] Anything Goes","log":"|j|\u2606Djnueb\n|j|\u2606Uggfgdst\n|t:|1699215607\n|gametype|singles\n|player|p1|Djnueb|clerkf|1198\n|player|p2|Uggfgdst|dancer|1143\n|teamsize|p1|6\n|teamsize|p2|6\n|gen|9\n|tier|[Gen 9] Anything Goes\n|rated|\n|rule|HP Percentage Mod: HP is shown in percentages\n|rule|Endless Battle Clause: Forcing endless battles is banned\n|clearpoke\n|poke|p1|Chi-Yu|\n|poke|p1|Miraidon|\n|poke|p1|Houndstone, M|\n|poke|p1|Tyranitar, F|\n|poke|p1|Iron Valiant|\n|poke|p1|Chien-Pao|\n|poke|p2|Flutter Mane|\n|poke|p2|Rillaboom, M|\n|poke|p2|Haxorus, F|\n|poke|p2|Gallade, M|\n|poke|p2|Arceus-Dark|\n|poke|p2|Regieleki|\n|teampreview\n|inactive|Battle timer is ON: inactive players will automatically lose when time's up. (requested by Djnueb)\n|\n|t:|1699215622\n|start\n|switch|p1a: Mate He's Big|Tyranitar, F|100\/100\n|switch|p2a: Infer Mane|Flutter Mane, shiny|100\/100\n|-weather|Sandstorm|[from] ability: Sand Stream|[of] p1a: Mate He's Big\n|turn|1\n|\n|t:|1699215632\n|-terastallize|p1a: Mate He's Big|Rock\n|move|p2a: Infer Mane|Moonblast|p1a: Mate He's Big\n|-damage|p1a: Mate He's Big|69\/100\n|move|p1a: Mate He's Big|Thunder Wave|p2a: Infer Mane\n|-status|p2a: Infer Mane|par\n|\n|-weather|Sandstorm|[upkeep]\n|-damage|p2a: Infer Mane|95\/100 par|[from] Sandstorm\n|upkeep\n|turn|2\n|\n|t:|1699215637\n|move|p1a: Mate He's Big|Stealth Rock|p2a: Infer Mane\n|-sidestart|p2: Uggfgdst|move: Stealth Rock\n|move|p2a: Infer Mane|Energy Ball|p1a: Mate He's Big\n|-supereffective|p1a: Mate He's Big\n|-damage|p1a: Mate He's Big|22\/100\n|\n|-weather|Sandstorm|[upkeep]\n|-damage|p2a: Infer Mane|89\/100 par|[from] Sandstorm\n|upkeep\n|turn|3\n|\n|t:|1699215645\n|move|p1a: Mate He's Big|Rock Blast|p2a: Infer Mane\n|-damage|p2a: Infer Mane|48\/100 par\n|-damage|p2a: Infer Mane|12\/100 par\n|-hitcount|p2a: Infer Mane|2\n|move|p2a: Infer Mane|Energy Ball|p1a: Mate He's Big\n|-supereffective|p1a: Mate He's Big\n|-damage|p1a: Mate He's Big|0 fnt\n|faint|p1a: Mate He's Big\n|\n|-weather|Sandstorm|[upkeep]\n|-damage|p2a: Infer Mane|6\/100 par|[from] Sandstorm\n|upkeep\n|\n|t:|1699215651\n|switch|p1a: Murasama|Chien-Pao|100\/100\n|-ability|p1a: Murasama|Sword of Ruin\n|turn|4\n|\n|t:|1699215657\n|move|p1a: Murasama|Sucker Punch|p2a: Infer Mane\n|-crit|p2a: Infer Mane\n|-damage|p2a: Infer Mane|0 fnt\n|faint|p2a: Infer Mane\n|-end|p2a: Infer Mane|Protosynthesis|[silent]\n|\n|-weather|Sandstorm|[upkeep]\n|-damage|p1a: Murasama|95\/100|[from] Sandstorm\n|upkeep\n|\n|t:|1699215673\n|switch|p2a: Inferlade|Gallade, M, shiny|100\/100\n|-damage|p2a: Inferlade|94\/100|[from] Stealth Rock\n|turn|5\n|\n|t:|1699215682\n|move|p1a: Murasama|Sucker Punch|p2a: Inferlade\n|-damage|p2a: Inferlade|0 fnt\n|faint|p2a: Inferlade\n|\n|-weather|Sandstorm|[upkeep]\n|-damage|p1a: Murasama|89\/100|[from] Sandstorm\n|upkeep\n|\n|t:|1699215693\n|switch|p2a: Inferceus|Arceus-Dark|100\/100\n|-damage|p2a: Inferceus|88\/100|[from] Stealth Rock\n|turn|6\n|\n|t:|1699215698\n|switch|p1a: Demonfish|Chi-Yu|100\/100\n|-ability|p1a: Demonfish|Beads of Ruin\n|move|p2a: Inferceus|Flamethrower|p1a: Demonfish\n|-resisted|p1a: Demonfish\n|-damage|p1a: Demonfish|83\/100\n|\n|-weather|Sandstorm|[upkeep]\n|-damage|p1a: Demonfish|77\/100|[from] Sandstorm\n|-damage|p2a: Inferceus|82\/100|[from] Sandstorm\n|upkeep\n|turn|7\n|\n|t:|1699215709\n|move|p1a: Demonfish|Overheat|p2a: Inferceus\n|-damage|p2a: Inferceus|0 fnt\n|-unboost|p1a: Demonfish|spa|2\n|faint|p2a: Inferceus\n|\n|-weather|Sandstorm|[upkeep]\n|-damage|p1a: Demonfish|71\/100|[from] Sandstorm\n|upkeep\n|-message|Uggfgdst forfeited.\n|\n|win|Djnueb\n|raw|Djnueb's rating: 1198 &rarr; <strong>1219<\/strong><br \/>(+21 for winning)\n|raw|Uggfgdst's rating: 1143 &rarr; <strong>1122<\/strong><br \/>(-21 for losing)\n|l|\u2606Uggfgdst\n","uploadtime":1699215720,"views":5,"p1id":"djnueb","p2id":"uggfgdst","formatid":"gen9anythinggoes","rating":1122,"private":0,"password":""}