{"id":"gen9anythinggoes-1995958984","p1":"Arbucks","p2":"kastrian","format":"[Gen 9] Anything Goes","log":"|j|\u2606Arbucks\n|j|\u2606kastrian\n|t:|1700622119\n|gametype|singles\n|player|p1|Arbucks|adaman|\n|player|p2|kastrian|102|\n|teamsize|p1|6\n|teamsize|p2|6\n|gen|9\n|tier|[Gen 9] Anything Goes\n|rule|HP Percentage Mod: HP is shown in percentages\n|rule|Endless Battle Clause: Forcing endless battles is banned\n|clearpoke\n|poke|p1|Muk, M|\n|poke|p1|Gliscor, M|\n|poke|p1|Walking Wake|\n|poke|p1|Annihilape, F|\n|poke|p1|Jolteon, F|\n|poke|p1|Iron Treads|\n|poke|p2|Dragapult, F|\n|poke|p2|Iron Valiant|\n|poke|p2|Ogerpon-Wellspring, F|\n|poke|p2|Coalossal, F|\n|poke|p2|Bisharp, F|\n|poke|p2|Slowbro-Galar, M|\n|teampreview\n|j| AuXanthus\n|j| tchantnh\n|\n|t:|1700622216\n|start\n|switch|p1a: Shocking!|Jolteon, F|100\/100\n|switch|p2a: Dragapult|Dragapult, F|100\/100\n|turn|1\n|\n|t:|1700622320\n|-terastallize|p1a: Shocking!|Ice\n|move|p2a: Dragapult|Draco Meteor|p1a: Shocking!|[miss]\n|-miss|p2a: Dragapult|p1a: Shocking!\n|move|p1a: Shocking!|Tera Blast|p2a: Dragapult|[anim] Tera Blast Ice\n|-supereffective|p2a: Dragapult\n|-damage|p2a: Dragapult|11\/100\n|\n|upkeep\n|turn|2\n|\n|t:|1700622337\n|move|p2a: Dragapult|Flamethrower|p1a: Shocking!\n|-supereffective|p1a: Shocking!\n|-damage|p1a: Shocking!|28\/100\n|move|p1a: Shocking!|Tera Blast|p2a: Dragapult|[anim] Tera Blast Ice\n|-supereffective|p2a: Dragapult\n|-damage|p2a: Dragapult|0 fnt\n|faint|p2a: Dragapult\n|\n|upkeep\n|\n|t:|1700622368\n|switch|p2a: Coalossal|Coalossal, F|100\/100\n|turn|3\n|\n|t:|1700622379\n|switch|p1a: Chop Suey!|Walking Wake|100\/100\n|-enditem|p1a: Chop Suey!|Booster Energy\n|-activate|p1a: Chop Suey!|ability: Protosynthesis|[fromitem]\n|-start|p1a: Chop Suey!|protosynthesisspe\n|move|p2a: Coalossal|Stealth Rock|p1a: Chop Suey!\n|-sidestart|p1: Arbucks|move: Stealth Rock\n|\n|upkeep\n|turn|4\n|\n|t:|1700622409\n|switch|p2a: Slowbro|Slowbro-Galar, M|100\/100\n|move|p1a: Chop Suey!|Substitute|p1a: Chop Suey!\n|-start|p1a: Chop Suey!|Substitute\n|-damage|p1a: Chop Suey!|76\/100\n|\n|upkeep\n|turn|5\n|\n|t:|1700622419\n|move|p1a: Chop Suey!|Dragon Pulse|p2a: Slowbro\n|-damage|p2a: Slowbro|79\/100\n|move|p2a: Slowbro|Psychic|p1a: Chop Suey!\n|-end|p1a: Chop Suey!|Substitute\n|\n|upkeep\n|turn|6\n|\n|t:|1700622427\n|-end|p1a: Chop Suey!|Protosynthesis|[silent]\n|switch|p1a: Elon Tusk|Iron Treads|100\/100\n|-damage|p1a: Elon Tusk|97\/100|[from] Stealth Rock\n|move|p2a: Slowbro|Psychic|p1a: Elon Tusk\n|-resisted|p1a: Elon Tusk\n|-damage|p1a: Elon Tusk|77\/100\n|\n|upkeep\n|turn|7\n|\n|t:|1700622475\n|switch|p2a: Ogerpon|Ogerpon-Wellspring, F|100\/100\n|move|p1a: Elon Tusk|Rapid Spin|p2a: Ogerpon\n|-damage|p2a: Ogerpon|81\/100\n|-boost|p1a: Elon Tusk|spe|1\n|-sideend|p1: Arbucks|Stealth Rock|[from] move: Rapid Spin|[of] p1a: Elon Tusk\n|\n|upkeep\n|turn|8\n|\n|t:|1700622510\n|-end|p1a: Elon Tusk|Quark Drive|[silent]\n|switch|p1a: Chop Suey!|Walking Wake|76\/100\n|move|p2a: Ogerpon|Ivy Cudgel|p1a: Chop Suey!|[anim] Ivy Cudgel Water\n|-resisted|p1a: Chop Suey!\n|-damage|p1a: Chop Suey!|59\/100\n|\n|upkeep\n|turn|9\n|\n|t:|1700622523\n|move|p2a: Ogerpon|Power Whip|p1a: Chop Suey!\n|-damage|p1a: Chop Suey!|0 fnt\n|faint|p1a: Chop Suey!\n|-end|p1a: Chop Suey!|Protosynthesis|[silent]\n|\n|upkeep\n|\n|t:|1700622532\n|switch|p1a: Revenant|Annihilape, F|100\/100\n|turn|10\n|\n|t:|1700622548\n|move|p2a: Ogerpon|Power Whip|p1a: Revenant\n|-damage|p1a: Revenant|28\/100\n|move|p1a: Revenant|Drain Punch|p2a: Ogerpon\n|-damage|p2a: Ogerpon|41\/100\n|-heal|p1a: Revenant|42\/100|[from] drain|[of] p2a: Ogerpon\n|\n|upkeep\n|turn|11\n|\n|t:|1700622580\n|move|p2a: Ogerpon|Ivy Cudgel|p1a: Revenant|[anim] Ivy Cudgel Water\n|-damage|p1a: Revenant|0 fnt\n|faint|p1a: Revenant\n|\n|upkeep\n|\n|t:|1700622589\n|switch|p1a: Shocking!|Jolteon, F, tera:Ice|28\/100\n|turn|12\n|\n|t:|1700622599\n|switch|p2a: Coalossal|Coalossal, F|100\/100\n|move|p1a: Shocking!|Thunderbolt|p2a: Coalossal\n|-damage|p2a: Coalossal|64\/100\n|\n|upkeep\n|turn|13\n|\n|t:|1700622646\n|switch|p1a: Itz Da Bat!|Gliscor, M, shiny|100\/100\n|move|p2a: Coalossal|Flamethrower|p1a: Itz Da Bat!\n|-damage|p1a: Itz Da Bat!|60\/100\n|\n|-status|p1a: Itz Da Bat!|tox|[from] item: Toxic Orb\n|upkeep\n|turn|14\n|\n|t:|1700622664\n|move|p1a: Itz Da Bat!|Knock Off|p2a: Coalossal\n|-damage|p2a: Coalossal|48\/100\n|-enditem|p2a: Coalossal|Heavy-Duty Boots|[from] move: Knock Off|[of] p1a: Itz Da Bat!\n|move|p2a: Coalossal|Scald|p1a: Itz Da Bat!\n|-supereffective|p1a: Itz Da Bat!\n|-crit|p1a: Itz Da Bat!\n|-damage|p1a: Itz Da Bat!|0 fnt\n|faint|p1a: Itz Da Bat!\n|\n|upkeep\n|\n|t:|1700622674\n|switch|p1a: Elon Tusk|Iron Treads|77\/100\n|turn|15\n|\n|t:|1700622722\n|move|p1a: Elon Tusk|Earthquake|p2a: Coalossal\n|-supereffective|p2a: Coalossal\n|-crit|p2a: Coalossal\n|-damage|p2a: Coalossal|0 fnt\n|faint|p2a: Coalossal\n|\n|upkeep\n|\n|t:|1700622724\n|switch|p2a: Ogerpon|Ogerpon-Wellspring, F|41\/100\n|turn|16\n|\n|t:|1700622743\n|move|p2a: Ogerpon|Ivy Cudgel|p1a: Elon Tusk|[anim] Ivy Cudgel Water\n|-supereffective|p1a: Elon Tusk\n|-damage|p1a: Elon Tusk|0 fnt\n|faint|p1a: Elon Tusk\n|-end|p1a: Elon Tusk|Quark Drive|[silent]\n|\n|upkeep\n|\n|t:|1700622746\n|switch|p1a: Shocking!|Jolteon, F, tera:Ice|28\/100\n|turn|17\n|\n|t:|1700622749\n|switch|p2a: Slowbro|Slowbro-Galar, M|100\/100\n|move|p1a: Shocking!|Thunderbolt|p2a: Slowbro\n|-damage|p2a: Slowbro|80\/100\n|\n|upkeep\n|turn|18\n|\n|t:|1700622756\n|switch|p1a: Jeffrey|Muk, M|100\/100\n|move|p2a: Slowbro|Psychic|p1a: Jeffrey\n|-supereffective|p1a: Jeffrey\n|-damage|p1a: Jeffrey|44\/100\n|\n|-heal|p1a: Jeffrey|50\/100|[from] item: Black Sludge\n|upkeep\n|turn|19\n|\n|t:|1700622765\n|move|p1a: Jeffrey|Knock Off|p2a: Slowbro\n|-supereffective|p2a: Slowbro\n|-damage|p2a: Slowbro|36\/100\n|-enditem|p2a: Slowbro|Assault Vest|[from] move: Knock Off|[of] p1a: Jeffrey\n|move|p2a: Slowbro|Psychic|p1a: Jeffrey\n|-supereffective|p1a: Jeffrey\n|-damage|p1a: Jeffrey|0 fnt\n|faint|p1a: Jeffrey\n|\n|upkeep\n|\n|t:|1700622768\n|switch|p1a: Shocking!|Jolteon, F, tera:Ice|28\/100\n|turn|20\n|\n|t:|1700622773\n|switch|p2a: Bisharp|Bisharp, F|100\/100\n|move|p1a: Shocking!|Thunderbolt|p2a: Bisharp\n|-damage|p2a: Bisharp|61\/100\n|\n|upkeep\n|turn|21\n|c|\u2606Arbucks|gg I was pretty sure Ogerpon was going to be a problem lol\n|\n|t:|1700622793\n|move|p2a: Bisharp|Sucker Punch|p1a: Shocking!\n|-damage|p1a: Shocking!|0 fnt\n|faint|p1a: Shocking!\n|\n|win|kastrian\n|c|\u2606kastrian|gg\n|c| AuXanthus|gg gents\n","uploadtime":1700622834,"views":1,"p1id":"arbucks","p2id":"kastrian","formatid":"gen9anythinggoes","rating":0,"private":0,"password":""}