{"id":"gen9anythinggoes-1984549221","p1":"Hexagon Purpsix","p2":"The sussinator","format":"[Gen 9] Anything Goes","log":"|j|\u2606Hexagon Purpsix\n|j|\u2606The sussinator\n|t:|1699278741\n|gametype|singles\n|player|p1|Hexagon Purpsix|101|1156\n|player|p2|The sussinator|bugcatcher-gen4dp|1066\n|teamsize|p1|6\n|teamsize|p2|6\n|gen|9\n|tier|[Gen 9] Anything Goes\n|rated|\n|rule|HP Percentage Mod: HP is shown in percentages\n|rule|Endless Battle Clause: Forcing endless battles is banned\n|clearpoke\n|poke|p1|Ditto|\n|poke|p1|Ditto|\n|poke|p1|Ditto|\n|poke|p1|Ditto|\n|poke|p1|Ditto|\n|poke|p1|Ditto|\n|poke|p2|Amoonguss, F|\n|poke|p2|Amoonguss, F|\n|poke|p2|Amoonguss, F|\n|poke|p2|Amoonguss, F|\n|poke|p2|Amoonguss, M|\n|poke|p2|Amoonguss, M|\n|teampreview\n|inactive|Battle timer is ON: inactive players will automatically lose when time's up. (requested by Hexagon Purpsix)\n|\n|t:|1699278747\n|start\n|switch|p1a: Ditto|Ditto, shiny|100\/100\n|switch|p2a: Among us|Amoonguss, F|100\/100\n|-transform|p1a: Ditto|p2a: Among us|[from] ability: Imposter\n|turn|1\n|\n|t:|1699278759\n|move|p1a: Ditto|Clear Smog|p2a: Among us\n|-damage|p2a: Among us|86\/100\n|-clearboost|p2a: Among us\n|move|p2a: Among us|Foul Play|p1a: Ditto\n|-damage|p1a: Ditto|82\/100\n|\n|-heal|p2a: Among us|92\/100|[from] item: Leftovers\n|upkeep\n|turn|2\n|\n|t:|1699278769\n|move|p1a: Ditto|Clear Smog|p2a: Among us\n|-damage|p2a: Among us|76\/100\n|-clearboost|p2a: Among us\n|move|p2a: Among us|Foul Play|p1a: Ditto\n|-damage|p1a: Ditto|65\/100\n|\n|-heal|p2a: Among us|82\/100|[from] item: Leftovers\n|upkeep\n|turn|3\n|\n|t:|1699278779\n|move|p1a: Ditto|Clear Smog|p2a: Among us\n|-damage|p2a: Among us|66\/100\n|-clearboost|p2a: Among us\n|move|p2a: Among us|Foul Play|p1a: Ditto\n|-damage|p1a: Ditto|45\/100\n|\n|-heal|p2a: Among us|72\/100|[from] item: Leftovers\n|upkeep\n|turn|4\n|\n|t:|1699278787\n|switch|p1a: Ditto|Ditto, shiny|100\/100\n|-transform|p1a: Ditto|p2a: Among us|[from] ability: Imposter\n|move|p2a: Among us|Foul Play|p1a: Ditto\n|-damage|p1a: Ditto|81\/100\n|\n|-heal|p2a: Among us|79\/100|[from] item: Leftovers\n|-heal|p1a: Ditto|87\/100|[from] item: Leftovers\n|upkeep\n|turn|5\n|\n|t:|1699278796\n|move|p1a: Ditto|Foul Play|p2a: Among us\n|-damage|p2a: Among us|66\/100\n|move|p2a: Among us|Foul Play|p1a: Ditto\n|-damage|p1a: Ditto|70\/100\n|\n|-heal|p1a: Ditto|76\/100|[from] item: Leftovers\n|-heal|p2a: Among us|72\/100|[from] item: Leftovers\n|upkeep\n|turn|6\n|\n|t:|1699278806\n|move|p1a: Ditto|Clear Smog|p2a: Among us\n|-damage|p2a: Among us|59\/100\n|-clearboost|p2a: Among us\n|move|p2a: Among us|Foul Play|p1a: Ditto\n|-damage|p1a: Ditto|58\/100\n|\n|-heal|p2a: Among us|65\/100|[from] item: Leftovers\n|-heal|p1a: Ditto|64\/100|[from] item: Leftovers\n|upkeep\n|turn|7\n|\n|t:|1699278815\n|move|p2a: Among us|Foul Play|p1a: Ditto\n|-damage|p1a: Ditto|47\/100\n|move|p1a: Ditto|Foul Play|p2a: Among us\n|-damage|p2a: Among us|51\/100\n|\n|-heal|p2a: Among us|58\/100|[from] item: Leftovers\n|-heal|p1a: Ditto|53\/100|[from] item: Leftovers\n|upkeep\n|turn|8\n|\n|t:|1699278834\n|move|p2a: Among us|Foul Play|p1a: Ditto\n|-damage|p1a: Ditto|35\/100\n|move|p1a: Ditto|Clear Smog|p2a: Among us\n|-damage|p2a: Among us|42\/100\n|-clearboost|p2a: Among us\n|\n|-heal|p1a: Ditto|41\/100|[from] item: Leftovers\n|-heal|p2a: Among us|48\/100|[from] item: Leftovers\n|upkeep\n|turn|9\n|\n|t:|1699278846\n|switch|p1a: Ditto|Ditto, shiny|100\/100\n|-transform|p1a: Ditto|p2a: Among us|[from] ability: Imposter\n|move|p2a: Among us|Foul Play|p1a: Ditto\n|-damage|p1a: Ditto|83\/100\n|\n|-heal|p2a: Among us|54\/100|[from] item: Leftovers\n|upkeep\n|turn|10\n|\n|t:|1699278855\n|move|p1a: Ditto|Foul Play|p2a: Among us\n|-damage|p2a: Among us|42\/100\n|move|p2a: Among us|Foul Play|p1a: Ditto\n|-damage|p1a: Ditto|64\/100\n|\n|-heal|p2a: Among us|48\/100|[from] item: Leftovers\n|upkeep\n|turn|11\n|\n|t:|1699278874\n|move|p2a: Among us|Foul Play|p1a: Ditto\n|-damage|p1a: Ditto|46\/100\n|move|p1a: Ditto|Foul Play|p2a: Among us\n|-damage|p2a: Among us|36\/100\n|\n|-heal|p2a: Among us|42\/100|[from] item: Leftovers\n|upkeep\n|turn|12\n|\n|t:|1699278894\n|move|p1a: Ditto|Foul Play|p2a: Among us\n|-damage|p2a: Among us|29\/100\n|move|p2a: Among us|Foul Play|p1a: Ditto\n|-damage|p1a: Ditto|28\/100\n|\n|-heal|p2a: Among us|35\/100|[from] item: Leftovers\n|upkeep\n|turn|13\n|\n|t:|1699278905\n|switch|p1a: Ditto|Ditto, shiny|100\/100\n|-transform|p1a: Ditto|p2a: Among us|[from] ability: Imposter\n|move|p2a: Among us|Foul Play|p1a: Ditto\n|-damage|p1a: Ditto|83\/100\n|-enditem|p1a: Ditto|Eject Button\n|\n|t:|1699278912\n|switch|p1a: Ditto|Ditto, shiny|61\/100\n|-transform|p1a: Ditto|p2a: Among us|[from] ability: Imposter\n|\n|-heal|p2a: Among us|41\/100|[from] item: Leftovers\n|upkeep\n|turn|14\n|\n|t:|1699278920\n|switch|p1a: Ditto|Ditto, shiny|74\/100\n|-transform|p1a: Ditto|p2a: Among us|[from] ability: Imposter\n|move|p2a: Among us|Foul Play|p1a: Ditto\n|-damage|p1a: Ditto|55\/100\n|\n|-heal|p2a: Among us|48\/100|[from] item: Leftovers\n|-heal|p1a: Ditto|61\/100|[from] item: Leftovers\n|upkeep\n|turn|15\n|\n|t:|1699278930\n|switch|p1a: Ditto|Ditto, shiny|78\/100\n|-transform|p1a: Ditto|p2a: Among us|[from] ability: Imposter\n|move|p2a: Among us|Foul Play|p1a: Ditto\n|-damage|p1a: Ditto|61\/100\n|\n|-heal|p2a: Among us|54\/100|[from] item: Leftovers\n|upkeep\n|turn|16\n|\n|t:|1699278938\n|switch|p1a: Ditto|Ditto, shiny|94\/100\n|-transform|p1a: Ditto|p2a: Among us|[from] ability: Imposter\n|move|p2a: Among us|Foul Play|p1a: Ditto\n|-damage|p1a: Ditto|76\/100\n|\n|-heal|p2a: Among us|60\/100|[from] item: Leftovers\n|-heal|p1a: Ditto|82\/100|[from] item: Leftovers\n|upkeep\n|turn|17\n|\n|t:|1699278948\n|switch|p1a: Ditto|Ditto, shiny|100\/100\n|-transform|p1a: Ditto|p2a: Among us|[from] ability: Imposter\n|move|p2a: Among us|Foul Play|p1a: Ditto\n|-damage|p1a: Ditto|81\/100\n|\n|-heal|p2a: Among us|66\/100|[from] item: Leftovers\n|upkeep\n|turn|18\n|\n|t:|1699278957\n|move|p1a: Ditto|Clear Smog|p2a: Among us\n|-damage|p2a: Among us|52\/100\n|-clearboost|p2a: Among us\n|move|p2a: Among us|Foul Play|p1a: Ditto\n|-damage|p1a: Ditto|63\/100\n|\n|-heal|p2a: Among us|58\/100|[from] item: Leftovers\n|upkeep\n|turn|19\n|\n|t:|1699278965\n|move|p1a: Ditto|Clear Smog|p2a: Among us\n|-damage|p2a: Among us|44\/100\n|-clearboost|p2a: Among us\n|move|p2a: Among us|Foul Play|p1a: Ditto\n|-damage|p1a: Ditto|45\/100\n|\n|-heal|p2a: Among us|50\/100|[from] item: Leftovers\n|upkeep\n|turn|20\n|\n|t:|1699278974\n|move|p1a: Ditto|Clear Smog|p2a: Among us\n|-damage|p2a: Among us|37\/100\n|-clearboost|p2a: Among us\n|move|p2a: Among us|Foul Play|p1a: Ditto\n|-damage|p1a: Ditto|27\/100\n|\n|-heal|p2a: Among us|43\/100|[from] item: Leftovers\n|upkeep\n|turn|21\n|\n|t:|1699278984\n|switch|p1a: Ditto|Ditto, shiny|100\/100\n|-transform|p1a: Ditto|p2a: Among us|[from] ability: Imposter\n|move|p2a: Among us|Foul Play|p1a: Ditto\n|-damage|p1a: Ditto|81\/100\n|\n|-heal|p1a: Ditto|87\/100|[from] item: Leftovers\n|-heal|p2a: Among us|49\/100|[from] item: Leftovers\n|upkeep\n|turn|22\n|\n|t:|1699278994\n|switch|p1a: Ditto|Ditto, shiny|60\/100\n|-transform|p1a: Ditto|p2a: Among us|[from] ability: Imposter\n|move|p2a: Among us|Foul Play|p1a: Ditto\n|-damage|p1a: Ditto|42\/100\n|\n|-heal|p2a: Among us|55\/100|[from] item: Leftovers\n|upkeep\n|turn|23\n|\n|t:|1699279003\n|switch|p1a: Ditto|Ditto, shiny|100\/100\n|-transform|p1a: Ditto|p2a: Among us|[from] ability: Imposter\n|move|p2a: Among us|Foul Play|p1a: Ditto\n|-damage|p1a: Ditto|82\/100\n|-damage|p2a: Among us|39\/100|[from] item: Rocky Helmet|[of] p1a: Ditto\n|\n|-heal|p2a: Among us|45\/100|[from] item: Leftovers\n|upkeep\n|turn|24\n|\n|t:|1699279013\n|move|p2a: Among us|Foul Play|p1a: Ditto\n|-damage|p1a: Ditto|64\/100\n|-damage|p2a: Among us|28\/100|[from] item: Rocky Helmet|[of] p1a: Ditto\n|move|p1a: Ditto|Foul Play|p2a: Among us\n|-crit|p2a: Among us\n|-damage|p2a: Among us|10\/100\n|\n|-heal|p2a: Among us|16\/100|[from] item: Leftovers\n|upkeep\n|turn|25\n|\n|t:|1699279022\n|switch|p2a: Among us|Amoonguss, F|100\/100\n|move|p1a: Ditto|Foul Play|p2a: Among us\n|-damage|p2a: Among us|88\/100\n|\n|-heal|p2a: Among us|94\/100|[from] item: Leftovers\n|upkeep\n|turn|26\n|\n|t:|1699279030\n|switch|p1a: Ditto|Ditto, shiny|75\/100\n|-transform|p1a: Ditto|p2a: Among us|[from] ability: Imposter\n|move|p2a: Among us|Foul Play|p1a: Ditto\n|-damage|p1a: Ditto|57\/100\n|\n|-heal|p2a: Among us|99\/100|[from] item: Leftovers\n|upkeep\n|turn|27\n|\n|t:|1699279042\n|switch|p1a: Ditto|Ditto, shiny|97\/100\n|-transform|p1a: Ditto|p2a: Among us|[from] ability: Imposter\n|-terastallize|p2a: Among us|Fire\n|move|p2a: Among us|Foul Play|p1a: Ditto\n|-damage|p1a: Ditto|79\/100\n|-damage|p2a: Among us|84\/100|[from] item: Rocky Helmet|[of] p1a: Ditto\n|\n|-heal|p2a: Among us|90\/100|[from] item: Leftovers\n|upkeep\n|turn|28\n|\n|t:|1699279054\n|move|p1a: Ditto|Spore|p2a: Among us\n|-status|p2a: Among us|slp|[from] move: Spore\n|cant|p2a: Among us|slp\n|\n|-heal|p2a: Among us|96\/100 slp|[from] item: Leftovers\n|upkeep\n|turn|29\n|\n|t:|1699279062\n|switch|p2a: Among us|Amoonguss, F|100\/100\n|move|p1a: Ditto|Clear Smog|p2a: Among us\n|-damage|p2a: Among us|86\/100\n|-clearboost|p2a: Among us\n|\n|-heal|p2a: Among us|92\/100|[from] item: Leftovers\n|upkeep\n|turn|30\n|\n|t:|1699279071\n|switch|p1a: Ditto|Ditto, shiny|90\/100\n|-transform|p1a: Ditto|p2a: Among us|[from] ability: Imposter\n|move|p2a: Among us|Foul Play|p1a: Ditto\n|-damage|p1a: Ditto|70\/100\n|\n|-heal|p2a: Among us|98\/100|[from] item: Leftovers\n|upkeep\n|turn|31\n|\n|t:|1699279080\n|switch|p1a: Ditto|Ditto, shiny|100\/100\n|-transform|p1a: Ditto|p2a: Among us|[from] ability: Imposter\n|switch|p2a: Among us|Amoonguss, F|50\/100\n|\n|-heal|p2a: Among us|56\/100|[from] item: Leftovers\n|upkeep\n|turn|32\n|\n|t:|1699279094\n|move|p1a: Ditto|Foul Play|p2a: Among us\n|-damage|p2a: Among us|43\/100\n|move|p2a: Among us|Giga Drain|p1a: Ditto\n|-resisted|p1a: Ditto\n|-damage|p1a: Ditto|93\/100\n|-heal|p2a: Among us|46\/100|[from] drain|[of] p1a: Ditto\n|\n|-heal|p2a: Among us|52\/100|[from] item: Leftovers\n|upkeep\n|turn|33\n|\n|t:|1699279103\n|move|p2a: Among us|Giga Drain|p1a: Ditto\n|-resisted|p1a: Ditto\n|-damage|p1a: Ditto|85\/100\n|-heal|p2a: Among us|55\/100|[from] drain|[of] p1a: Ditto\n|move|p1a: Ditto|Foul Play|p2a: Among us\n|-crit|p2a: Among us\n|-damage|p2a: Among us|36\/100\n|\n|-heal|p2a: Among us|43\/100|[from] item: Leftovers\n|upkeep\n|turn|34\n|\n|t:|1699279112\n|move|p2a: Among us|Clear Smog|p1a: Ditto\n|-damage|p1a: Ditto|65\/100\n|-clearboost|p1a: Ditto\n|move|p1a: Ditto|Foul Play|p2a: Among us\n|-crit|p2a: Among us\n|-damage|p2a: Among us|23\/100\n|\n|-heal|p2a: Among us|30\/100|[from] item: Leftovers\n|upkeep\n|turn|35\n|\n|t:|1699279122\n|move|p1a: Ditto|Clear Smog|p2a: Among us\n|-damage|p2a: Among us|16\/100\n|-clearboost|p2a: Among us\n|move|p2a: Among us|Clear Smog|p1a: Ditto\n|-damage|p1a: Ditto|45\/100\n|-clearboost|p1a: Ditto\n|\n|-heal|p2a: Among us|22\/100|[from] item: Leftovers\n|upkeep\n|turn|36\n|\n|t:|1699279132\n|move|p1a: Ditto|Clear Smog|p2a: Among us\n|-damage|p2a: Among us|9\/100\n|-clearboost|p2a: Among us\n|move|p2a: Among us|Clear Smog|p1a: Ditto\n|-damage|p1a: Ditto|25\/100\n|-clearboost|p1a: Ditto\n|\n|-heal|p2a: Among us|15\/100|[from] item: Leftovers\n|upkeep\n|turn|37\n|\n|t:|1699279142\n|switch|p1a: Ditto|Ditto, shiny|100\/100\n|-transform|p1a: Ditto|p2a: Among us|[from] ability: Imposter\n|switch|p2a: Among us|Amoonguss, F, tera:Fire|100\/100 slp\n|\n|upkeep\n|turn|38\n|\n|t:|1699279153\n|switch|p2a: Among us|Amoonguss, M|100\/100\n|move|p1a: Ditto|Foul Play|p2a: Among us\n|-damage|p2a: Among us|87\/100\n|\n|-heal|p2a: Among us|94\/100|[from] item: Leftovers\n|upkeep\n|turn|39\n|\n|t:|1699279160\n|move|p1a: Ditto|Foul Play|p2a: Among us\n|-damage|p2a: Among us|81\/100\n|move|p2a: Among us|Foul Play|p1a: Ditto\n|-damage|p1a: Ditto|82\/100\n|\n|-heal|p2a: Among us|87\/100|[from] item: Leftovers\n|upkeep\n|turn|40\n|\n|t:|1699279186\n|switch|p1a: Ditto|Ditto, shiny|58\/100\n|-transform|p1a: Ditto|p2a: Among us|[from] ability: Imposter\n|move|p2a: Among us|Foul Play|p1a: Ditto\n|-damage|p1a: Ditto|40\/100\n|-damage|p2a: Among us|71\/100|[from] item: Rocky Helmet|[of] p1a: Ditto\n|\n|-heal|p2a: Among us|77\/100|[from] item: Leftovers\n|upkeep\n|turn|41\n|\n|t:|1699279197\n|switch|p1a: Ditto|Ditto, shiny|100\/100\n|-transform|p1a: Ditto|p2a: Among us|[from] ability: Imposter\n|move|p2a: Among us|Clear Smog|p1a: Ditto\n|-damage|p1a: Ditto|80\/100\n|-clearboost|p1a: Ditto\n|\n|-heal|p2a: Among us|83\/100|[from] item: Leftovers\n|upkeep\n|turn|42\n|\n|t:|1699279207\n|switch|p1a: Ditto|Ditto, shiny|73\/100\n|-transform|p1a: Ditto|p2a: Among us|[from] ability: Imposter\n|move|p2a: Among us|Clear Smog|p1a: Ditto\n|-damage|p1a: Ditto|53\/100\n|-clearboost|p1a: Ditto\n|\n|-heal|p2a: Among us|89\/100|[from] item: Leftovers\n|upkeep\n|turn|43\n|\n|t:|1699279216\n|switch|p1a: Ditto|Ditto, shiny|100\/100\n|-transform|p1a: Ditto|p2a: Among us|[from] ability: Imposter\n|move|p2a: Among us|Clear Smog|p1a: Ditto\n|-damage|p1a: Ditto|78\/100\n|-clearboost|p1a: Ditto\n|\n|-heal|p2a: Among us|96\/100|[from] item: Leftovers\n|upkeep\n|turn|44\n|\n|t:|1699279230\n|switch|p1a: Ditto|Ditto, shiny|86\/100\n|-transform|p1a: Ditto|p2a: Among us|[from] ability: Imposter\n|switch|p2a: Among us|Amoonguss, F|49\/100\n|\n|-heal|p2a: Among us|55\/100|[from] item: Leftovers\n|upkeep\n|turn|45\n|\n|t:|1699279240\n|switch|p1a: Ditto|Ditto, shiny|100\/100\n|-transform|p1a: Ditto|p2a: Among us|[from] ability: Imposter\n|move|p2a: Among us|Clear Smog|p1a: Ditto\n|-damage|p1a: Ditto|79\/100\n|-clearboost|p1a: Ditto\n|\n|-heal|p1a: Ditto|85\/100|[from] item: Leftovers\n|-heal|p2a: Among us|61\/100|[from] item: Leftovers\n|upkeep\n|turn|46\n|\n|t:|1699279251\n|switch|p1a: Ditto|Ditto, shiny|100\/100\n|-transform|p1a: Ditto|p2a: Among us|[from] ability: Imposter\n|move|p2a: Among us|Clear Smog|p1a: Ditto\n|-damage|p1a: Ditto|77\/100\n|-clearboost|p1a: Ditto\n|\n|-heal|p2a: Among us|67\/100|[from] item: Leftovers\n|upkeep\n|turn|47\n|\n|t:|1699279269\n|switch|p2a: Among us|Amoonguss, F|100\/100\n|switch|p1a: Ditto|Ditto, shiny|94\/100\n|-transform|p1a: Ditto|p2a: Among us|[from] ability: Imposter\n|\n|upkeep\n|turn|48\n|\n|t:|1699279277\n|switch|p1a: Ditto|Ditto, shiny|94\/100\n|-transform|p1a: Ditto|p2a: Among us|[from] ability: Imposter\n|switch|p2a: Among us|Amoonguss, M|100\/100\n|\n|upkeep\n|turn|49\n|\n|t:|1699279284\n|switch|p1a: Ditto|Ditto, shiny|100\/100\n|-transform|p1a: Ditto|p2a: Among us|[from] ability: Imposter\n|switch|p2a: Among us|Amoonguss, F|100\/100\n|\n|upkeep\n|turn|50\n|\n|t:|1699279293\n|switch|p1a: Ditto|Ditto, shiny|100\/100\n|-transform|p1a: Ditto|p2a: Among us|[from] ability: Imposter\n|switch|p2a: Among us|Amoonguss, M|100\/100\n|\n|upkeep\n|turn|51\n|\n|t:|1699279299\n|switch|p1a: Ditto|Ditto, shiny|100\/100\n|-transform|p1a: Ditto|p2a: Among us|[from] ability: Imposter\n|switch|p2a: Among us|Amoonguss, F, tera:Fire|100\/100 slp\n|\n|upkeep\n|turn|52\n|\n|t:|1699279304\n|-curestatus|p2a: Among us|slp|[msg]\n|move|p2a: Among us|Spore|p1a: Ditto\n|-immune|p1a: Ditto\n|move|p1a: Ditto|Foul Play|p2a: Among us\n|-damage|p2a: Among us|88\/100\n|\n|-heal|p2a: Among us|94\/100|[from] item: Leftovers\n|upkeep\n|turn|53\n|c|\u2606Hexagon Purpsix|you cant win\n|\n|t:|1699279316\n|move|p2a: Among us|Clear Smog|p1a: Ditto\n|-damage|p1a: Ditto|80\/100\n|-clearboost|p1a: Ditto\n|move|p1a: Ditto|Giga Drain|p2a: Among us\n|-resisted|p2a: Among us\n|-damage|p2a: Among us|83\/100\n|-heal|p1a: Ditto|88\/100|[from] drain|[of] p2a: Among us\n|\n|-heal|p2a: Among us|89\/100|[from] item: Leftovers\n|upkeep\n|turn|54\n|\n|t:|1699279327\n|move|p1a: Ditto|Spore|p2a: Among us\n|-status|p2a: Among us|slp|[from] move: Spore\n|cant|p2a: Among us|slp\n|\n|-heal|p2a: Among us|95\/100 slp|[from] item: Leftovers\n|upkeep\n|turn|55\n|\n|t:|1699279335\n|cant|p2a: Among us|slp\n|move|p1a: Ditto|Giga Drain|p2a: Among us\n|-resisted|p2a: Among us\n|-damage|p2a: Among us|84\/100 slp\n|-heal|p1a: Ditto|96\/100|[from] drain|[of] p2a: Among us\n|\n|-heal|p2a: Among us|91\/100 slp|[from] item: Leftovers\n|upkeep\n|turn|56\n|\n|t:|1699279342\n|switch|p1a: Ditto|Ditto, shiny|100\/100\n|-transform|p1a: Ditto|p2a: Among us|[from] ability: Imposter\n|-curestatus|p2a: Among us|slp|[msg]\n|move|p2a: Among us|Clear Smog|p1a: Ditto\n|-damage|p1a: Ditto|79\/100\n|-clearboost|p1a: Ditto\n|\n|-heal|p2a: Among us|97\/100|[from] item: Leftovers\n|upkeep\n|turn|57\n|\n|t:|1699279361\n|switch|p2a: Among us|Amoonguss, F|100\/100\n|move|p1a: Ditto|Clear Smog|p2a: Among us\n|-damage|p2a: Among us|85\/100\n|-clearboost|p2a: Among us\n|\n|-heal|p2a: Among us|91\/100|[from] item: Leftovers\n|upkeep\n|turn|58\n|\n|t:|1699279371\n|switch|p2a: Among us|Amoonguss, F|100\/100\n|move|p1a: Ditto|Clear Smog|p2a: Among us\n|-damage|p2a: Among us|87\/100\n|-clearboost|p2a: Among us\n|\n|-heal|p2a: Among us|93\/100|[from] item: Leftovers\n|upkeep\n|turn|59\n|c|\u2606Hexagon Purpsix|i have infinite PP AND HP\n|\n|t:|1699279398\n|switch|p2a: Among us|Amoonguss, F|100\/100\n|move|p1a: Ditto|Clear Smog|p2a: Among us\n|-damage|p2a: Among us|85\/100\n|-clearboost|p2a: Among us\n|\n|-heal|p2a: Among us|91\/100|[from] item: Leftovers\n|upkeep\n|turn|60\n|\n|t:|1699279409\n|switch|p1a: Ditto|Ditto, shiny|100\/100\n|-transform|p1a: Ditto|p2a: Among us|[from] ability: Imposter\n|move|p2a: Among us|Clear Smog|p1a: Ditto\n|-damage|p1a: Ditto|78\/100\n|-clearboost|p1a: Ditto\n|\n|-heal|p2a: Among us|97\/100|[from] item: Leftovers\n|upkeep\n|turn|61\n|\n|t:|1699279423\n|switch|p2a: Among us|Amoonguss, F, tera:Fire|100\/100\n|move|p1a: Ditto|Giga Drain|p2a: Among us\n|-resisted|p2a: Among us\n|-damage|p2a: Among us|89\/100\n|-heal|p1a: Ditto|87\/100|[from] drain|[of] p2a: Among us\n|\n|-heal|p2a: Among us|95\/100|[from] item: Leftovers\n|upkeep\n|turn|62\n|\n|t:|1699279432\n|switch|p2a: Among us|Amoonguss, F|100\/100\n|move|p1a: Ditto|Giga Drain|p2a: Among us\n|-resisted|p2a: Among us\n|-damage|p2a: Among us|96\/100\n|-heal|p1a: Ditto|90\/100|[from] drain|[of] p2a: Among us\n|\n|-heal|p2a: Among us|100\/100|[from] item: Leftovers\n|upkeep\n|turn|63\n|\n|t:|1699279442\n|switch|p2a: Among us|Amoonguss, F, tera:Fire|100\/100\n|move|p1a: Ditto|Giga Drain|p2a: Among us\n|-resisted|p2a: Among us\n|-damage|p2a: Among us|90\/100\n|-heal|p1a: Ditto|98\/100|[from] drain|[of] p2a: Among us\n|\n|-heal|p2a: Among us|97\/100|[from] item: Leftovers\n|upkeep\n|turn|64\n|\n|t:|1699279452\n|switch|p2a: Among us|Amoonguss, F|100\/100\n|move|p1a: Ditto|Giga Drain|p2a: Among us\n|-resisted|p2a: Among us\n|-damage|p2a: Among us|96\/100\n|-heal|p1a: Ditto|100\/100|[from] drain|[of] p2a: Among us\n|\n|-heal|p2a: Among us|100\/100|[from] item: Leftovers\n|upkeep\n|turn|65\n|c|\u2606Hexagon Purpsix|ok lets go\n|\n|t:|1699279470\n|switch|p2a: Among us|Amoonguss, M|100\/100\n|move|p1a: Ditto|Giga Drain|p2a: Among us\n|-resisted|p2a: Among us\n|-damage|p2a: Among us|95\/100\n|\n|-heal|p2a: Among us|100\/100|[from] item: Leftovers\n|upkeep\n|turn|66\n|\n|t:|1699279478\n|switch|p2a: Among us|Amoonguss, F, tera:Fire|100\/100\n|move|p1a: Ditto|Clear Smog|p2a: Among us\n|-damage|p2a: Among us|86\/100\n|-clearboost|p2a: Among us\n|\n|-heal|p2a: Among us|92\/100|[from] item: Leftovers\n|upkeep\n|turn|67\n|c|\u2606Hexagon Purpsix|you can stall me out\n|\n|t:|1699279494\n|switch|p2a: Among us|Amoonguss, F|100\/100\n|move|p1a: Ditto|Clear Smog|p2a: Among us\n|-damage|p2a: Among us|87\/100\n|-clearboost|p2a: Among us\n|\n|-heal|p2a: Among us|93\/100|[from] item: Leftovers\n|upkeep\n|turn|68\n|\n|t:|1699279503\n|switch|p2a: Among us|Amoonguss, M|100\/100\n|move|p1a: Ditto|Clear Smog|p2a: Among us\n|-damage|p2a: Among us|86\/100\n|-clearboost|p2a: Among us\n|\n|-heal|p2a: Among us|92\/100|[from] item: Leftovers\n|upkeep\n|turn|69\n|\n|t:|1699279514\n|switch|p2a: Among us|Amoonguss, F, tera:Fire|100\/100\n|move|p1a: Ditto|Clear Smog|p2a: Among us\n|-damage|p2a: Among us|86\/100\n|-clearboost|p2a: Among us\n|\n|-heal|p2a: Among us|92\/100|[from] item: Leftovers\n|upkeep\n|turn|70\n|c|\u2606Hexagon Purpsix|and a new mon with all moves back tp 5pp\n|\n|t:|1699279541\n|switch|p1a: Ditto|Ditto, shiny|100\/100\n|-transform|p1a: Ditto|p2a: Among us|[from] ability: Imposter\n|switch|p2a: Among us|Amoonguss, F|100\/100\n|\n|upkeep\n|turn|71\n|\n|t:|1699279554\n|switch|p1a: Ditto|Ditto, shiny|100\/100\n|-transform|p1a: Ditto|p2a: Among us|[from] ability: Imposter\n|switch|p2a: Among us|Amoonguss, F|100\/100\n|\n|upkeep\n|turn|72\n|\n|t:|1699279563\n|switch|p2a: Among us|Amoonguss, F|100\/100\n|switch|p1a: Ditto|Ditto, shiny|100\/100\n|-transform|p1a: Ditto|p2a: Among us|[from] ability: Imposter\n|\n|upkeep\n|turn|73\n|\n|t:|1699279569\n|switch|p1a: Ditto|Ditto, shiny|100\/100\n|-transform|p1a: Ditto|p2a: Among us|[from] ability: Imposter\n|switch|p2a: Among us|Amoonguss, M|100\/100\n|\n|upkeep\n|turn|74\n|\n|t:|1699279572\n|switch|p2a: Among us|Amoonguss, F, tera:Fire|100\/100\n|switch|p1a: Ditto|Ditto, shiny|100\/100\n|-transform|p1a: Ditto|p2a: Among us|[from] ability: Imposter\n|\n|upkeep\n|turn|75\n|\n|t:|1699279577\n|switch|p2a: Among us|Amoonguss, M|100\/100\n|move|p1a: Ditto|Foul Play|p2a: Among us\n|-damage|p2a: Among us|88\/100\n|\n|-heal|p2a: Among us|94\/100|[from] item: Leftovers\n|upkeep\n|turn|76\n|\n|t:|1699279586\n|switch|p2a: Among us|Amoonguss, F|100\/100\n|move|p1a: Ditto|Foul Play|p2a: Among us\n|-damage|p2a: Among us|87\/100\n|\n|-heal|p2a: Among us|94\/100|[from] item: Leftovers\n|upkeep\n|turn|77\n|\n|t:|1699279595\n|switch|p2a: Among us|Amoonguss, F|100\/100\n|move|p1a: Ditto|Foul Play|p2a: Among us\n|-damage|p2a: Among us|87\/100\n|\n|-heal|p2a: Among us|93\/100|[from] item: Leftovers\n|upkeep\n|turn|78\n|\n|t:|1699279624\n|switch|p2a: Among us|Amoonguss, F, tera:Fire|100\/100\n|move|p1a: Ditto|Clear Smog|p2a: Among us\n|-damage|p2a: Among us|87\/100\n|-clearboost|p2a: Among us\n|\n|-heal|p2a: Among us|93\/100|[from] item: Leftovers\n|upkeep\n|turn|79\n|\n|t:|1699279633\n|switch|p2a: Among us|Amoonguss, F|100\/100\n|move|p1a: Ditto|Spore|p2a: Among us\n|-immune|p2a: Among us\n|\n|upkeep\n|turn|80\n|\n|t:|1699279640\n|switch|p2a: Among us|Amoonguss, F, tera:Fire|100\/100\n|move|p1a: Ditto|Spore|p2a: Among us\n|-status|p2a: Among us|slp|[from] move: Spore\n|\n|upkeep\n|turn|81\n|\n|t:|1699279646\n|switch|p2a: Among us|Amoonguss, F|100\/100\n|move|p1a: Ditto|Giga Drain|p2a: Among us\n|-resisted|p2a: Among us\n|-damage|p2a: Among us|95\/100\n|\n|-heal|p2a: Among us|100\/100|[from] item: Leftovers\n|upkeep\n|turn|82\n|c|\u2606Hexagon Purpsix|if you dont attack this game will not end you do know that\n|inactive|Hexagon Purpsix has 120 seconds left.\n|\n|t:|1699279679\n|switch|p2a: Among us|Amoonguss, M|100\/100\n|move|p1a: Ditto|Clear Smog|p2a: Among us\n|-damage|p2a: Among us|86\/100\n|-clearboost|p2a: Among us\n|\n|-heal|p2a: Among us|92\/100|[from] item: Leftovers\n|upkeep\n|turn|83\n|\n|t:|1699279700\n|switch|p2a: Among us|Amoonguss, F|100\/100\n|move|p1a: Ditto|Clear Smog|p2a: Among us\n|-damage|p2a: Among us|85\/100\n|-clearboost|p2a: Among us\n|\n|-heal|p2a: Among us|91\/100|[from] item: Leftovers\n|upkeep\n|turn|84\n|\n|t:|1699279710\n|switch|p2a: Among us|Amoonguss, M|100\/100\n|move|p1a: Ditto|Clear Smog|p2a: Among us\n|-damage|p2a: Among us|86\/100\n|-clearboost|p2a: Among us\n|\n|-heal|p2a: Among us|92\/100|[from] item: Leftovers\n|upkeep\n|turn|85\n|\n|t:|1699279718\n|switch|p2a: Among us|Amoonguss, F|100\/100\n|move|p1a: Ditto|Clear Smog|p2a: Among us\n|-damage|p2a: Among us|86\/100\n|-clearboost|p2a: Among us\n|\n|-heal|p2a: Among us|92\/100|[from] item: Leftovers\n|upkeep\n|turn|86\n|\n|t:|1699279747\n|switch|p2a: Among us|Amoonguss, M|100\/100\n|move|p1a: Ditto|Foul Play|p2a: Among us\n|-damage|p2a: Among us|89\/100\n|\n|-heal|p2a: Among us|95\/100|[from] item: Leftovers\n|upkeep\n|turn|87\n|\n|t:|1699279754\n|switch|p2a: Among us|Amoonguss, F|100\/100\n|move|p1a: Ditto|Foul Play|p2a: Among us\n|-damage|p2a: Among us|87\/100\n|\n|-heal|p2a: Among us|93\/100|[from] item: Leftovers\n|upkeep\n|turn|88\n|\n|t:|1699279763\n|switch|p2a: Among us|Amoonguss, M|100\/100\n|move|p1a: Ditto|Giga Drain|p2a: Among us\n|-resisted|p2a: Among us\n|-damage|p2a: Among us|95\/100\n|\n|-heal|p2a: Among us|100\/100|[from] item: Leftovers\n|upkeep\n|turn|89\n|\n|t:|1699279772\n|switch|p2a: Among us|Amoonguss, F|100\/100\n|move|p1a: Ditto|Giga Drain|p2a: Among us\n|-resisted|p2a: Among us\n|-damage|p2a: Among us|96\/100\n|\n|-heal|p2a: Among us|100\/100|[from] item: Leftovers\n|upkeep\n|turn|90\n|\n|t:|1699279782\n|switch|p2a: Among us|Amoonguss, M|100\/100\n|move|p1a: Ditto|Giga Drain|p2a: Among us\n|-resisted|p2a: Among us\n|-damage|p2a: Among us|95\/100\n|\n|-heal|p2a: Among us|100\/100|[from] item: Leftovers\n|upkeep\n|turn|91\n|\n|t:|1699279791\n|switch|p2a: Among us|Amoonguss, F|100\/100\n|move|p1a: Ditto|Giga Drain|p2a: Among us\n|-resisted|p2a: Among us\n|-damage|p2a: Among us|95\/100\n|\n|-heal|p2a: Among us|100\/100|[from] item: Leftovers\n|upkeep\n|turn|92\n|\n|t:|1699279799\n|switch|p2a: Among us|Amoonguss, M|100\/100\n|move|p1a: Ditto|Spore|p2a: Among us\n|-immune|p2a: Among us\n|\n|upkeep\n|turn|93\n|\n|t:|1699279805\n|switch|p2a: Among us|Amoonguss, F|100\/100\n|move|p1a: Ditto|Spore|p2a: Among us\n|-immune|p2a: Among us\n|\n|upkeep\n|turn|94\n|\n|t:|1699279810\n|switch|p2a: Among us|Amoonguss, M|100\/100\n|move|p1a: Ditto|Spore|p2a: Among us\n|-immune|p2a: Among us\n|\n|upkeep\n|turn|95\n|c|\u2606Hexagon Purpsix|and know i switch to a new mon nothing happens\n|\n|t:|1699279834\n|switch|p2a: Among us|Amoonguss, F|100\/100\n|switch|p1a: Ditto|Ditto, shiny|100\/100\n|-transform|p1a: Ditto|p2a: Among us|[from] ability: Imposter\n|\n|upkeep\n|turn|96\n|\n|t:|1699279842\n|switch|p2a: Among us|Amoonguss, M|100\/100\n|switch|p1a: Ditto|Ditto, shiny|100\/100\n|-transform|p1a: Ditto|p2a: Among us|[from] ability: Imposter\n|\n|upkeep\n|turn|97\n|\n|t:|1699279851\n|switch|p1a: Ditto|Ditto, shiny|100\/100\n|-transform|p1a: Ditto|p2a: Among us|[from] ability: Imposter\n|move|p2a: Among us|Clear Smog|p1a: Ditto\n|-crit|p1a: Ditto\n|-damage|p1a: Ditto|70\/100\n|-clearboost|p1a: Ditto\n|\n|upkeep\n|turn|98\n|\n|t:|1699279865\n|switch|p1a: Ditto|Ditto, shiny|100\/100\n|-transform|p1a: Ditto|p2a: Among us|[from] ability: Imposter\n|move|p2a: Among us|Clear Smog|p1a: Ditto\n|-damage|p1a: Ditto|80\/100\n|-clearboost|p1a: Ditto\n|\n|upkeep\n|turn|99\n|\n|t:|1699279874\n|switch|p1a: Ditto|Ditto, shiny|100\/100\n|-transform|p1a: Ditto|p2a: Among us|[from] ability: Imposter\n|move|p2a: Among us|Clear Smog|p1a: Ditto\n|-damage|p1a: Ditto|79\/100\n|-clearboost|p1a: Ditto\n|\n|upkeep\n|turn|100\n|\n|t:|1699279883\n|switch|p2a: Among us|Amoonguss, F|100\/100\n|switch|p1a: Ditto|Ditto, shiny|100\/100\n|-transform|p1a: Ditto|p2a: Among us|[from] ability: Imposter\n|\n|upkeep\n|turn|101\n|\n|t:|1699279892\n|switch|p1a: Ditto|Ditto, shiny|100\/100\n|-transform|p1a: Ditto|p2a: Among us|[from] ability: Imposter\n|switch|p2a: Among us|Amoonguss, M|100\/100\n|\n|upkeep\n|turn|102\n|\n|t:|1699279904\n|switch|p1a: Ditto|Ditto, shiny|100\/100\n|-transform|p1a: Ditto|p2a: Among us|[from] ability: Imposter\n|switch|p2a: Among us|Amoonguss, F|100\/100\n|\n|upkeep\n|turn|103\n|\n|t:|1699279910\n|switch|p2a: Among us|Amoonguss, F|100\/100\n|switch|p1a: Ditto|Ditto, shiny|100\/100\n|-transform|p1a: Ditto|p2a: Among us|[from] ability: Imposter\n|\n|upkeep\n|turn|104\n|\n|t:|1699279918\n|switch|p1a: Ditto|Ditto, shiny|100\/100\n|-transform|p1a: Ditto|p2a: Among us|[from] ability: Imposter\n|switch|p2a: Among us|Amoonguss, F|100\/100\n|\n|upkeep\n|turn|105\n|\n|t:|1699279922\n|switch|p2a: Among us|Amoonguss, F|100\/100\n|switch|p1a: Ditto|Ditto, shiny|100\/100\n|-transform|p1a: Ditto|p2a: Among us|[from] ability: Imposter\n|\n|upkeep\n|turn|106\n|\n|t:|1699279926\n|switch|p2a: Among us|Amoonguss, F|100\/100\n|switch|p1a: Ditto|Ditto, shiny|100\/100\n|-transform|p1a: Ditto|p2a: Among us|[from] ability: Imposter\n|\n|upkeep\n|turn|107\n|\n|t:|1699279929\n|switch|p2a: Among us|Amoonguss, F|100\/100\n|switch|p1a: Ditto|Ditto, shiny|100\/100\n|-transform|p1a: Ditto|p2a: Among us|[from] ability: Imposter\n|\n|upkeep\n|turn|108\n|\n|t:|1699279932\n|switch|p1a: Ditto|Ditto, shiny|100\/100\n|-transform|p1a: Ditto|p2a: Among us|[from] ability: Imposter\n|switch|p2a: Among us|Amoonguss, F|100\/100\n|\n|upkeep\n|turn|109\n|c|\u2606Hexagon Purpsix|ok have fun\n|\n|t:|1699279942\n|switch|p1a: Ditto|Ditto, shiny|100\/100\n|-transform|p1a: Ditto|p2a: Among us|[from] ability: Imposter\n|switch|p2a: Among us|Amoonguss, F|100\/100\n|\n|upkeep\n|turn|110\n|\n|t:|1699279952\n|switch|p1a: Ditto|Ditto, shiny|100\/100\n|-transform|p1a: Ditto|p2a: Among us|[from] ability: Imposter\n|switch|p2a: Among us|Amoonguss, F|100\/100\n|\n|upkeep\n|turn|111\n|\n|t:|1699279960\n|switch|p1a: Ditto|Ditto, shiny|100\/100\n|-transform|p1a: Ditto|p2a: Among us|[from] ability: Imposter\n|move|p2a: Among us|Clear Smog|p1a: Ditto\n|-damage|p1a: Ditto|80\/100\n|-clearboost|p1a: Ditto\n|\n|-heal|p1a: Ditto|86\/100|[from] item: Leftovers\n|upkeep\n|turn|112\n|\n|t:|1699279969\n|move|p1a: Ditto|Clear Smog|p2a: Among us\n|-damage|p2a: Among us|85\/100\n|-clearboost|p2a: Among us\n|move|p2a: Among us|Clear Smog|p1a: Ditto\n|-damage|p1a: Ditto|65\/100\n|-clearboost|p1a: Ditto\n|\n|-heal|p2a: Among us|91\/100|[from] item: Leftovers\n|-heal|p1a: Ditto|71\/100|[from] item: Leftovers\n|upkeep\n|turn|113\n|\n|t:|1699279980\n|move|p2a: Among us|Clear Smog|p1a: Ditto\n|-damage|p1a: Ditto|51\/100\n|-clearboost|p1a: Ditto\n|move|p1a: Ditto|Clear Smog|p2a: Among us\n|-damage|p2a: Among us|75\/100\n|-clearboost|p2a: Among us\n|\n|-heal|p1a: Ditto|57\/100|[from] item: Leftovers\n|-heal|p2a: Among us|81\/100|[from] item: Leftovers\n|upkeep\n|turn|114\n|\n|t:|1699279991\n|move|p1a: Ditto|Foul Play|p2a: Among us\n|-damage|p2a: Among us|68\/100\n|move|p2a: Among us|Clear Smog|p1a: Ditto\n|-damage|p1a: Ditto|35\/100\n|-clearboost|p1a: Ditto\n|\n|-heal|p1a: Ditto|41\/100|[from] item: Leftovers\n|-heal|p2a: Among us|75\/100|[from] item: Leftovers\n|upkeep\n|turn|115\n|\n|t:|1699280001\n|move|p1a: Ditto|Giga Drain|p2a: Among us\n|-resisted|p2a: Among us\n|-damage|p2a: Among us|69\/100\n|-heal|p1a: Ditto|46\/100|[from] drain|[of] p2a: Among us\n|move|p2a: Among us|Clear Smog|p1a: Ditto\n|-damage|p1a: Ditto|26\/100\n|-clearboost|p1a: Ditto\n|\n|-heal|p2a: Among us|75\/100|[from] item: Leftovers\n|-heal|p1a: Ditto|32\/100|[from] item: Leftovers\n|upkeep\n|turn|116\n|\n|t:|1699280014\n|move|p1a: Ditto|Giga Drain|p2a: Among us\n|-resisted|p2a: Among us\n|-damage|p2a: Among us|70\/100\n|-heal|p1a: Ditto|36\/100|[from] drain|[of] p2a: Among us\n|move|p2a: Among us|Clear Smog|p1a: Ditto\n|-damage|p1a: Ditto|14\/100\n|-clearboost|p1a: Ditto\n|\n|-heal|p2a: Among us|76\/100|[from] item: Leftovers\n|-heal|p1a: Ditto|20\/100|[from] item: Leftovers\n|upkeep\n|turn|117\n|inactive|The sussinator has 120 seconds left.\n|\n|t:|1699280025\n|switch|p1a: Ditto|Ditto, shiny|100\/100\n|-transform|p1a: Ditto|p2a: Among us|[from] ability: Imposter\n|move|p2a: Among us|Clear Smog|p1a: Ditto\n|-damage|p1a: Ditto|78\/100\n|-clearboost|p1a: Ditto\n|\n|-heal|p2a: Among us|82\/100|[from] item: Leftovers\n|upkeep\n|turn|118\n|inactive|The sussinator has 120 seconds left.\n|\n|t:|1699280036\n|switch|p2a: Among us|Amoonguss, F|100\/100\n|move|p1a: Ditto|Clear Smog|p2a: Among us\n|-damage|p2a: Among us|86\/100\n|-clearboost|p2a: Among us\n|\n|-heal|p2a: Among us|93\/100|[from] item: Leftovers\n|upkeep\n|turn|119\n|\n|t:|1699280045\n|switch|p2a: Among us|Amoonguss, F|100\/100\n|move|p1a: Ditto|Clear Smog|p2a: Among us\n|-damage|p2a: Among us|86\/100\n|-clearboost|p2a: Among us\n|\n|-heal|p2a: Among us|92\/100|[from] item: Leftovers\n|upkeep\n|turn|120\n|inactive|Hexagon Purpsix has 120 seconds left.\n|c|\u2606Hexagon Purpsix|do you think you can win\n|\n|t:|1699280063\n|switch|p2a: Among us|Amoonguss, F|100\/100\n|move|p1a: Ditto|Clear Smog|p2a: Among us\n|-damage|p2a: Among us|86\/100\n|-clearboost|p2a: Among us\n|\n|-heal|p2a: Among us|92\/100|[from] item: Leftovers\n|upkeep\n|turn|121\n|\n|t:|1699280072\n|move|p1a: Ditto|Clear Smog|p2a: Among us\n|-damage|p2a: Among us|77\/100\n|-clearboost|p2a: Among us\n|move|p2a: Among us|Clear Smog|p1a: Ditto\n|-damage|p1a: Ditto|59\/100\n|-clearboost|p1a: Ditto\n|\n|-heal|p2a: Among us|83\/100|[from] item: Leftovers\n|upkeep\n|turn|122\n|\n|t:|1699280082\n|move|p1a: Ditto|Clear Smog|p2a: Among us\n|-damage|p2a: Among us|68\/100\n|-clearboost|p2a: Among us\n|move|p2a: Among us|Clear Smog|p1a: Ditto\n|-damage|p1a: Ditto|39\/100\n|-clearboost|p1a: Ditto\n|\n|-heal|p2a: Among us|74\/100|[from] item: Leftovers\n|upkeep\n|turn|123\n|\n|t:|1699280094\n|switch|p1a: Ditto|Ditto, shiny|53\/100\n|-transform|p1a: Ditto|p2a: Among us|[from] ability: Imposter\n|move|p2a: Among us|Clear Smog|p1a: Ditto\n|-damage|p1a: Ditto|32\/100\n|-clearboost|p1a: Ditto\n|\n|-heal|p2a: Among us|80\/100|[from] item: Leftovers\n|-heal|p1a: Ditto|38\/100|[from] item: Leftovers\n|upkeep\n|turn|124\n|\n|t:|1699280105\n|switch|p1a: Ditto|Ditto, shiny|72\/100\n|-transform|p1a: Ditto|p2a: Among us|[from] ability: Imposter\n|move|p2a: Among us|Clear Smog|p1a: Ditto\n|-damage|p1a: Ditto|51\/100\n|-clearboost|p1a: Ditto\n|\n|-heal|p2a: Among us|86\/100|[from] item: Leftovers\n|upkeep\n|turn|125\n|\n|t:|1699280114\n|switch|p1a: Ditto|Ditto, shiny|71\/100\n|-transform|p1a: Ditto|p2a: Among us|[from] ability: Imposter\n|move|p2a: Among us|Clear Smog|p1a: Ditto\n|-damage|p1a: Ditto|50\/100\n|-clearboost|p1a: Ditto\n|\n|-heal|p1a: Ditto|56\/100|[from] item: Leftovers\n|-heal|p2a: Among us|93\/100|[from] item: Leftovers\n|upkeep\n|turn|126\n|\n|t:|1699280125\n|switch|p1a: Ditto|Ditto, shiny|84\/100\n|-transform|p1a: Ditto|p2a: Among us|[from] ability: Imposter\n|move|p2a: Among us|Clear Smog|p1a: Ditto\n|-damage|p1a: Ditto|64\/100\n|-clearboost|p1a: Ditto\n|\n|-heal|p2a: Among us|99\/100|[from] item: Leftovers\n|upkeep\n|turn|127\n|\n|t:|1699280135\n|switch|p1a: Ditto|Ditto, shiny|89\/100\n|-transform|p1a: Ditto|p2a: Among us|[from] ability: Imposter\n|move|p2a: Among us|Clear Smog|p1a: Ditto\n|-damage|p1a: Ditto|68\/100\n|-clearboost|p1a: Ditto\n|\n|-heal|p1a: Ditto|74\/100|[from] item: Leftovers\n|-heal|p2a: Among us|100\/100|[from] item: Leftovers\n|upkeep\n|turn|128\n|\n|t:|1699280146\n|switch|p1a: Ditto|Ditto, shiny|97\/100\n|-transform|p1a: Ditto|p2a: Among us|[from] ability: Imposter\n|move|p2a: Among us|Clear Smog|p1a: Ditto\n|-damage|p1a: Ditto|78\/100\n|-clearboost|p1a: Ditto\n|\n|upkeep\n|turn|129\n|\n|t:|1699280157\n|switch|p1a: Ditto|Ditto, shiny|100\/100\n|-transform|p1a: Ditto|p2a: Among us|[from] ability: Imposter\n|move|p2a: Among us|Clear Smog|p1a: Ditto\n|-crit|p1a: Ditto\n|-damage|p1a: Ditto|70\/100\n|-clearboost|p1a: Ditto\n|\n|upkeep\n|turn|130\n|\n|t:|1699280167\n|switch|p1a: Ditto|Ditto, shiny|100\/100\n|-transform|p1a: Ditto|p2a: Among us|[from] ability: Imposter\n|move|p2a: Among us|Clear Smog|p1a: Ditto\n|-damage|p1a: Ditto|77\/100\n|-clearboost|p1a: Ditto\n|\n|upkeep\n|turn|131\n|\n|t:|1699280176\n|switch|p2a: Among us|Amoonguss, F|100\/100\n|switch|p1a: Ditto|Ditto, shiny|100\/100\n|-transform|p1a: Ditto|p2a: Among us|[from] ability: Imposter\n|\n|upkeep\n|turn|132\n|\n|t:|1699280185\n|switch|p2a: Among us|Amoonguss, F, tera:Fire|100\/100 slp\n|switch|p1a: Ditto|Ditto, shiny|100\/100\n|-transform|p1a: Ditto|p2a: Among us|[from] ability: Imposter\n|\n|upkeep\n|turn|133\n|\n|t:|1699280194\n|move|p1a: Ditto|Giga Drain|p2a: Among us\n|-resisted|p2a: Among us\n|-damage|p2a: Among us|89\/100 slp\n|cant|p2a: Among us|slp\n|\n|-heal|p2a: Among us|96\/100 slp|[from] item: Leftovers\n|upkeep\n|turn|134\n|\n|t:|1699280201\n|move|p1a: Ditto|Clear Smog|p2a: Among us\n|-damage|p2a: Among us|80\/100 slp\n|-clearboost|p2a: Among us\n|-curestatus|p2a: Among us|slp|[msg]\n|move|p2a: Among us|Clear Smog|p1a: Ditto\n|-damage|p1a: Ditto|80\/100\n|-clearboost|p1a: Ditto\n|\n|-heal|p2a: Among us|87\/100|[from] item: Leftovers\n|upkeep\n|turn|135\n|inactive|The sussinator has 90 seconds left.\n|\n|t:|1699280212\n|switch|p2a: Among us|Amoonguss, F|100\/100\n|move|p1a: Ditto|Spore|p2a: Among us\n|-immune|p2a: Among us\n|\n|upkeep\n|turn|136\n|inactive|The sussinator has 90 seconds left.\n|\n|t:|1699280218\n|switch|p1a: Ditto|Ditto, shiny|100\/100\n|-transform|p1a: Ditto|p2a: Among us|[from] ability: Imposter\n|move|p2a: Among us|Clear Smog|p1a: Ditto\n|-damage|p1a: Ditto|78\/100\n|-clearboost|p1a: Ditto\n|\n|-heal|p1a: Ditto|84\/100|[from] item: Leftovers\n|upkeep\n|turn|137\n|inactive|Hexagon Purpsix has 120 seconds left.\n|inactive|The sussinator has 90 seconds left.\n|\n|t:|1699280231\n|-terastallize|p1a: Ditto|Ghost\n|move|p1a: Ditto|Clear Smog|p2a: Among us\n|-damage|p2a: Among us|86\/100\n|-clearboost|p2a: Among us\n|move|p2a: Among us|Spore|p1a: Ditto\n|-status|p1a: Ditto|slp|[from] move: Spore\n|\n|-heal|p2a: Among us|92\/100|[from] item: Leftovers\n|-heal|p1a: Ditto|90\/100 slp|[from] item: Leftovers\n|upkeep\n|turn|138\n|\n|t:|1699280245\n|switch|p1a: Ditto|Ditto, shiny|100\/100\n|-transform|p1a: Ditto|p2a: Among us|[from] ability: Imposter\n|move|p2a: Among us|Clear Smog|p1a: Ditto\n|-damage|p1a: Ditto|80\/100\n|-clearboost|p1a: Ditto\n|\n|-heal|p2a: Among us|98\/100|[from] item: Leftovers\n|upkeep\n|turn|139\n|\n|t:|1699280256\n|move|p1a: Ditto|Giga Drain|p2a: Among us\n|-resisted|p2a: Among us\n|-damage|p2a: Among us|93\/100\n|-heal|p1a: Ditto|84\/100|[from] drain|[of] p2a: Among us\n|move|p2a: Among us|Spore|p1a: Ditto\n|-immune|p1a: Ditto\n|\n|-heal|p2a: Among us|99\/100|[from] item: Leftovers\n|upkeep\n|turn|140\n|\n|t:|1699280266\n|move|p2a: Among us|Clear Smog|p1a: Ditto\n|-damage|p1a: Ditto|63\/100\n|-clearboost|p1a: Ditto\n|move|p1a: Ditto|Clear Smog|p2a: Among us\n|-damage|p2a: Among us|85\/100\n|-clearboost|p2a: Among us\n|\n|-heal|p2a: Among us|91\/100|[from] item: Leftovers\n|upkeep\n|turn|141\n|\n|t:|1699280277\n|move|p2a: Among us|Clear Smog|p1a: Ditto\n|-damage|p1a: Ditto|42\/100\n|-clearboost|p1a: Ditto\n|move|p1a: Ditto|Giga Drain|p2a: Among us\n|-resisted|p2a: Among us\n|-damage|p2a: Among us|86\/100\n|-heal|p1a: Ditto|45\/100|[from] drain|[of] p2a: Among us\n|\n|-heal|p2a: Among us|93\/100|[from] item: Leftovers\n|upkeep\n|turn|142\n|\n|t:|1699280289\n|switch|p1a: Ditto|Ditto, shiny, tera:Ghost|100\/100 slp\n|-transform|p1a: Ditto|p2a: Among us|[from] ability: Imposter\n|move|p2a: Among us|Clear Smog|p1a: Ditto\n|-resisted|p1a: Ditto\n|-damage|p1a: Ditto|90\/100 slp\n|-clearboost|p1a: Ditto\n|\n|-heal|p1a: Ditto|96\/100 slp|[from] item: Leftovers\n|-heal|p2a: Among us|99\/100|[from] item: Leftovers\n|upkeep\n|turn|143\n|\n|t:|1699280301\n|switch|p1a: Ditto|Ditto, shiny|78\/100\n|-transform|p1a: Ditto|p2a: Among us|[from] ability: Imposter\n|move|p2a: Among us|Giga Drain|p1a: Ditto\n|-resisted|p1a: Ditto\n|-damage|p1a: Ditto|71\/100\n|-heal|p2a: Among us|100\/100|[from] drain|[of] p1a: Ditto\n|\n|upkeep\n|turn|144\n|\n|t:|1699280309\n|switch|p2a: Among us|Amoonguss, F|100\/100\n|move|p1a: Ditto|Giga Drain|p2a: Among us\n|-resisted|p2a: Among us\n|-damage|p2a: Among us|95\/100\n|-heal|p1a: Ditto|74\/100|[from] drain|[of] p2a: Among us\n|\n|-heal|p2a: Among us|100\/100|[from] item: Leftovers\n|upkeep\n|turn|145\n|\n|t:|1699280319\n|switch|p2a: Among us|Amoonguss, F|100\/100\n|switch|p1a: Ditto|Ditto, shiny, tera:Ghost|100\/100 slp\n|-transform|p1a: Ditto|p2a: Among us|[from] ability: Imposter\n|\n|upkeep\n|turn|146\n|\n|t:|1699280326\n|switch|p2a: Among us|Amoonguss, F|100\/100\n|switch|p1a: Ditto|Ditto, shiny|100\/100\n|-transform|p1a: Ditto|p2a: Among us|[from] ability: Imposter\n|\n|upkeep\n|turn|147\n|\n|t:|1699280334\n|switch|p2a: Among us|Amoonguss, F|100\/100\n|switch|p1a: Ditto|Ditto, shiny, tera:Ghost|100\/100 slp\n|-transform|p1a: Ditto|p2a: Among us|[from] ability: Imposter\n|\n|upkeep\n|turn|148\n|\n|t:|1699280341\n|switch|p1a: Ditto|Ditto, shiny|100\/100\n|-transform|p1a: Ditto|p2a: Among us|[from] ability: Imposter\n|move|p2a: Among us|Clear Smog|p1a: Ditto\n|-damage|p1a: Ditto|78\/100\n|-clearboost|p1a: Ditto\n|\n|upkeep\n|turn|149\n|\n|t:|1699280349\n|switch|p1a: Ditto|Ditto, shiny, tera:Ghost|100\/100 slp\n|-transform|p1a: Ditto|p2a: Among us|[from] ability: Imposter\n|switch|p2a: Among us|Amoonguss, F|100\/100\n|\n|upkeep\n|turn|150\n|\n|t:|1699280358\n|switch|p1a: Ditto|Ditto, shiny|100\/100\n|-transform|p1a: Ditto|p2a: Among us|[from] ability: Imposter\n|move|p2a: Among us|Clear Smog|p1a: Ditto\n|-damage|p1a: Ditto|79\/100\n|-clearboost|p1a: Ditto\n|\n|upkeep\n|turn|151\n|inactive|The sussinator has 60 seconds left.\n|\n|t:|1699280371\n|switch|p1a: Ditto|Ditto, shiny, tera:Ghost|100\/100 slp\n|-transform|p1a: Ditto|p2a: Among us|[from] ability: Imposter\n|switch|p2a: Among us|Amoonguss, F, tera:Fire|100\/100\n|\n|upkeep\n|turn|152\n|inactive|The sussinator has 60 seconds left.\n|\n|t:|1699280381\n|switch|p2a: Among us|Amoonguss, F|100\/100\n|cant|p1a: Ditto|slp\n|\n|upkeep\n|turn|153\n|\n|t:|1699280387\n|switch|p2a: Among us|Amoonguss, F, tera:Fire|100\/100\n|-curestatus|p1a: Ditto|slp|[msg]\n|move|p1a: Ditto|Spore|p2a: Among us\n|-status|p2a: Among us|slp|[from] move: Spore\n|\n|upkeep\n|turn|154\n|inactive|The sussinator has 60 seconds left.\n|\n|t:|1699280395\n|switch|p2a: Among us|Amoonguss, F|100\/100\n|move|p1a: Ditto|Foul Play|p2a: Among us\n|-damage|p2a: Among us|87\/100\n|\n|-heal|p2a: Among us|94\/100|[from] item: Leftovers\n|upkeep\n|turn|155\n|inactive|The sussinator has 60 seconds left.\n|\n|t:|1699280403\n|switch|p2a: Among us|Amoonguss, F, tera:Fire|100\/100 slp\n|move|p1a: Ditto|Foul Play|p2a: Among us\n|-damage|p2a: Among us|88\/100 slp\n|\n|-heal|p2a: Among us|95\/100 slp|[from] item: Leftovers\n|upkeep\n|turn|156\n|inactive|The sussinator has 60 seconds left.\n|\n|t:|1699280410\n|switch|p2a: Among us|Amoonguss, F|100\/100\n|move|p1a: Ditto|Foul Play|p2a: Among us\n|-damage|p2a: Among us|88\/100\n|\n|-heal|p2a: Among us|95\/100|[from] item: Leftovers\n|upkeep\n|turn|157\n|inactive|The sussinator has 60 seconds left.\n|\n|t:|1699280418\n|switch|p2a: Among us|Amoonguss, F, tera:Fire|100\/100 slp\n|move|p1a: Ditto|Foul Play|p2a: Among us\n|-damage|p2a: Among us|87\/100 slp\n|\n|-heal|p2a: Among us|93\/100 slp|[from] item: Leftovers\n|upkeep\n|turn|158\n|inactive|The sussinator has 60 seconds left.\n|\n|t:|1699280426\n|switch|p2a: Among us|Amoonguss, F|100\/100\n|move|p1a: Ditto|Foul Play|p2a: Among us\n|-damage|p2a: Among us|89\/100\n|\n|-heal|p2a: Among us|95\/100|[from] item: Leftovers\n|upkeep\n|turn|159\n|inactive|The sussinator has 60 seconds left.\n|\n|t:|1699280434\n|switch|p2a: Among us|Amoonguss, F, tera:Fire|100\/100 slp\n|move|p1a: Ditto|Clear Smog|p2a: Among us\n|-damage|p2a: Among us|85\/100 slp\n|-clearboost|p2a: Among us\n|\n|-heal|p2a: Among us|91\/100 slp|[from] item: Leftovers\n|upkeep\n|turn|160\n|inactive|The sussinator has 60 seconds left.\n|\n|t:|1699280443\n|switch|p2a: Among us|Amoonguss, F|100\/100\n|move|p1a: Ditto|Clear Smog|p2a: Among us\n|-damage|p2a: Among us|86\/100\n|-clearboost|p2a: Among us\n|\n|-heal|p2a: Among us|93\/100|[from] item: Leftovers\n|upkeep\n|turn|161\n|inactive|The sussinator has 60 seconds left.\n|\n|t:|1699280452\n|switch|p2a: Among us|Amoonguss, F, tera:Fire|100\/100 slp\n|move|p1a: Ditto|Clear Smog|p2a: Among us\n|-damage|p2a: Among us|86\/100 slp\n|-clearboost|p2a: Among us\n|\n|-heal|p2a: Among us|92\/100 slp|[from] item: Leftovers\n|upkeep\n|turn|162\n|inactive|The sussinator has 60 seconds left.\n|\n|t:|1699280462\n|switch|p2a: Among us|Amoonguss, M|100\/100\n|move|p1a: Ditto|Clear Smog|p2a: Among us\n|-damage|p2a: Among us|86\/100\n|-clearboost|p2a: Among us\n|\n|-heal|p2a: Among us|92\/100|[from] item: Leftovers\n|upkeep\n|turn|163\n|c|\u2606Hexagon Purpsix|i can refresh my pp\n|inactive|The sussinator has 60 seconds left.\n|c|\u2606Hexagon Purpsix|you cant\n|\n|t:|1699280475\n|switch|p2a: Among us|Amoonguss, F|100\/100\n|move|p1a: Ditto|Clear Smog|p2a: Among us\n|-damage|p2a: Among us|86\/100\n|-clearboost|p2a: Among us\n|\n|-heal|p2a: Among us|92\/100|[from] item: Leftovers\n|upkeep\n|turn|164\n|inactive|The sussinator has 60 seconds left.\n|\n|t:|1699280485\n|switch|p2a: Among us|Amoonguss, M|100\/100\n|switch|p1a: Ditto|Ditto, shiny|100\/100\n|-transform|p1a: Ditto|p2a: Among us|[from] ability: Imposter\n|\n|upkeep\n|turn|165\n|inactive|The sussinator has 60 seconds left.\n|\n|t:|1699280494\n|switch|p2a: Among us|Amoonguss, F|100\/100\n|move|p1a: Ditto|Clear Smog|p2a: Among us\n|-damage|p2a: Among us|87\/100\n|-clearboost|p2a: Among us\n|\n|-heal|p2a: Among us|93\/100|[from] item: Leftovers\n|upkeep\n|turn|166\n|inactive|The sussinator has 60 seconds left.\n|c|\u2606Hexagon Purpsix|attack\n|\n|t:|1699280513\n|switch|p2a: Among us|Amoonguss, M|100\/100\n|move|p1a: Ditto|Clear Smog|p2a: Among us\n|-damage|p2a: Among us|87\/100\n|-clearboost|p2a: Among us\n|\n|-heal|p2a: Among us|93\/100|[from] item: Leftovers\n|upkeep\n|turn|167\n|inactive|The sussinator has 60 seconds left.\n|inactive|Hexagon Purpsix has 90 seconds left.\n|c|\u2606Hexagon Purpsix|ok if you what to do this\n|\n|t:|1699280535\n|switch|p2a: Among us|Amoonguss, F|100\/100\n|switch|p1a: Ditto|Ditto, shiny, tera:Ghost|100\/100\n|-transform|p1a: Ditto|p2a: Among us|[from] ability: Imposter\n|\n|upkeep\n|turn|168\n|inactive|The sussinator has 60 seconds left.\n|\n|t:|1699280551\n|switch|p2a: Among us|Amoonguss, F|100\/100\n|switch|p1a: Ditto|Ditto, shiny|100\/100\n|-transform|p1a: Ditto|p2a: Among us|[from] ability: Imposter\n|\n|upkeep\n|turn|169\n|\n|t:|1699280559\n|switch|p1a: Ditto|Ditto, shiny, tera:Ghost|100\/100\n|-transform|p1a: Ditto|p2a: Among us|[from] ability: Imposter\n|switch|p2a: Among us|Amoonguss, F|100\/100\n|\n|upkeep\n|turn|170\n|\n|t:|1699280564\n|switch|p1a: Ditto|Ditto, shiny|100\/100\n|-transform|p1a: Ditto|p2a: Among us|[from] ability: Imposter\n|switch|p2a: Among us|Amoonguss, F|100\/100\n|\n|upkeep\n|turn|171\n|\n|t:|1699280571\n|switch|p1a: Ditto|Ditto, shiny|100\/100\n|-transform|p1a: Ditto|p2a: Among us|[from] ability: Imposter\n|switch|p2a: Among us|Amoonguss, M|100\/100\n|\n|upkeep\n|turn|172\n|\n|t:|1699280576\n|switch|p1a: Ditto|Ditto, shiny|100\/100\n|-transform|p1a: Ditto|p2a: Among us|[from] ability: Imposter\n|switch|p2a: Among us|Amoonguss, M|100\/100\n|\n|upkeep\n|turn|173\n|\n|t:|1699280583\n|switch|p1a: Ditto|Ditto, shiny|100\/100\n|-transform|p1a: Ditto|p2a: Among us|[from] ability: Imposter\n|switch|p2a: Among us|Amoonguss, M|100\/100\n|\n|upkeep\n|turn|174\n|\n|t:|1699280591\n|switch|p1a: Ditto|Ditto, shiny|100\/100\n|-transform|p1a: Ditto|p2a: Among us|[from] ability: Imposter\n|switch|p2a: Among us|Amoonguss, F|100\/100\n|\n|upkeep\n|turn|175\n|\n|t:|1699280596\n|switch|p1a: Ditto|Ditto, shiny|100\/100\n|-transform|p1a: Ditto|p2a: Among us|[from] ability: Imposter\n|switch|p2a: Among us|Amoonguss, F, tera:Fire|100\/100 slp\n|\n|upkeep\n|turn|176\n|\n|t:|1699280601\n|switch|p1a: Ditto|Ditto, shiny|100\/100\n|-transform|p1a: Ditto|p2a: Among us|[from] ability: Imposter\n|cant|p2a: Among us|slp\n|\n|upkeep\n|turn|177\n|\n|t:|1699280606\n|switch|p1a: Ditto|Ditto, shiny|100\/100\n|-transform|p1a: Ditto|p2a: Among us|[from] ability: Imposter\n|cant|p2a: Among us|slp\n|\n|upkeep\n|turn|178\n|\n|t:|1699280615\n|switch|p1a: Ditto|Ditto, shiny|100\/100\n|-transform|p1a: Ditto|p2a: Among us|[from] ability: Imposter\n|-curestatus|p2a: Among us|slp|[msg]\n|move|p2a: Among us|Spore|p1a: Ditto\n|-immune|p1a: Ditto\n|\n|upkeep\n|turn|179\n|\n|t:|1699280624\n|switch|p1a: Ditto|Ditto, shiny|100\/100\n|-transform|p1a: Ditto|p2a: Among us|[from] ability: Imposter\n|switch|p2a: Among us|Amoonguss, F|100\/100\n|\n|upkeep\n|turn|180\n|\n|t:|1699280635\n|switch|p1a: Ditto|Ditto, shiny|100\/100\n|-transform|p1a: Ditto|p2a: Among us|[from] ability: Imposter\n|switch|p2a: Among us|Amoonguss, F|100\/100\n|\n|upkeep\n|turn|181\n|\n|t:|1699280641\n|switch|p2a: Among us|Amoonguss, F|100\/100\n|switch|p1a: Ditto|Ditto, shiny, tera:Ghost|100\/100\n|-transform|p1a: Ditto|p2a: Among us|[from] ability: Imposter\n|\n|upkeep\n|turn|182\n|inactive|Hexagon Purpsix has 120 seconds left.\n|\n|t:|1699280649\n|switch|p1a: Ditto|Ditto, shiny|100\/100\n|-transform|p1a: Ditto|p2a: Among us|[from] ability: Imposter\n|switch|p2a: Among us|Amoonguss, F|100\/100\n|\n|upkeep\n|turn|183\n|inactive|Hexagon Purpsix has 120 seconds left.\n|\n|t:|1699280655\n|switch|p1a: Ditto|Ditto, shiny|100\/100\n|-transform|p1a: Ditto|p2a: Among us|[from] ability: Imposter\n|switch|p2a: Among us|Amoonguss, F|100\/100\n|\n|upkeep\n|turn|184\n|\n|t:|1699280659\n|switch|p2a: Among us|Amoonguss, F|100\/100\n|switch|p1a: Ditto|Ditto, shiny|100\/100\n|-transform|p1a: Ditto|p2a: Among us|[from] ability: Imposter\n|\n|upkeep\n|turn|185\n|\n|t:|1699280662\n|switch|p2a: Among us|Amoonguss, F|100\/100\n|switch|p1a: Ditto|Ditto, shiny|100\/100\n|-transform|p1a: Ditto|p2a: Among us|[from] ability: Imposter\n|\n|upkeep\n|turn|186\n|\n|t:|1699280665\n|switch|p1a: Ditto|Ditto, shiny|100\/100\n|-transform|p1a: Ditto|p2a: Among us|[from] ability: Imposter\n|switch|p2a: Among us|Amoonguss, F|100\/100\n|\n|upkeep\n|turn|187\n|\n|t:|1699280669\n|switch|p2a: Among us|Amoonguss, F|100\/100\n|switch|p1a: Ditto|Ditto, shiny|100\/100\n|-transform|p1a: Ditto|p2a: Among us|[from] ability: Imposter\n|\n|upkeep\n|turn|188\n|\n|t:|1699280672\n|switch|p1a: Ditto|Ditto, shiny|100\/100\n|-transform|p1a: Ditto|p2a: Among us|[from] ability: Imposter\n|switch|p2a: Among us|Amoonguss, F|100\/100\n|\n|upkeep\n|turn|189\n|\n|t:|1699280675\n|switch|p1a: Ditto|Ditto, shiny, tera:Ghost|100\/100\n|-transform|p1a: Ditto|p2a: Among us|[from] ability: Imposter\n|switch|p2a: Among us|Amoonguss, F|100\/100\n|\n|upkeep\n|turn|190\n|\n|t:|1699280683\n|switch|p2a: Among us|Amoonguss, F|100\/100\n|switch|p1a: Ditto|Ditto, shiny|100\/100\n|-transform|p1a: Ditto|p2a: Among us|[from] ability: Imposter\n|\n|upkeep\n|turn|191\n|\n|t:|1699280688\n|switch|p2a: Among us|Amoonguss, F|100\/100\n|switch|p1a: Ditto|Ditto, shiny|100\/100\n|-transform|p1a: Ditto|p2a: Among us|[from] ability: Imposter\n|\n|upkeep\n|turn|192\n|\n|t:|1699280691\n|switch|p2a: Among us|Amoonguss, F|100\/100\n|switch|p1a: Ditto|Ditto, shiny|100\/100\n|-transform|p1a: Ditto|p2a: Among us|[from] ability: Imposter\n|\n|upkeep\n|turn|193\n|\n|t:|1699280695\n|switch|p2a: Among us|Amoonguss, F|100\/100\n|switch|p1a: Ditto|Ditto, shiny|100\/100\n|-transform|p1a: Ditto|p2a: Among us|[from] ability: Imposter\n|\n|upkeep\n|turn|194\n|\n|t:|1699280698\n|switch|p2a: Among us|Amoonguss, F|100\/100\n|switch|p1a: Ditto|Ditto, shiny|100\/100\n|-transform|p1a: Ditto|p2a: Among us|[from] ability: Imposter\n|\n|upkeep\n|turn|195\n|\n|t:|1699280701\n|switch|p1a: Ditto|Ditto, shiny|100\/100\n|-transform|p1a: Ditto|p2a: Among us|[from] ability: Imposter\n|switch|p2a: Among us|Amoonguss, F|100\/100\n|\n|upkeep\n|turn|196\n|\n|t:|1699280705\n|switch|p2a: Among us|Amoonguss, F|100\/100\n|switch|p1a: Ditto|Ditto, shiny|100\/100\n|-transform|p1a: Ditto|p2a: Among us|[from] ability: Imposter\n|\n|upkeep\n|turn|197\n|\n|t:|1699280708\n|switch|p1a: Ditto|Ditto, shiny|100\/100\n|-transform|p1a: Ditto|p2a: Among us|[from] ability: Imposter\n|switch|p2a: Among us|Amoonguss, F|100\/100\n|\n|upkeep\n|turn|198\n|\n|t:|1699280711\n|switch|p1a: Ditto|Ditto, shiny|100\/100\n|-transform|p1a: Ditto|p2a: Among us|[from] ability: Imposter\n|switch|p2a: Among us|Amoonguss, F|100\/100\n|\n|upkeep\n|turn|199\n|\n|t:|1699280721\n|switch|p2a: Among us|Amoonguss, F|100\/100\n|switch|p1a: Ditto|Ditto, shiny|100\/100\n|-transform|p1a: Ditto|p2a: Among us|[from] ability: Imposter\n|\n|upkeep\n|turn|200\n|\n|t:|1699280726\n|switch|p2a: Among us|Amoonguss, F|100\/100\n|move|p1a: Ditto|Foul Play|p2a: Among us\n|-damage|p2a: Among us|87\/100\n|\n|-heal|p2a: Among us|94\/100|[from] item: Leftovers\n|upkeep\n|turn|201\n|\n|t:|1699280732\n|switch|p2a: Among us|Amoonguss, F|100\/100\n|move|p1a: Ditto|Foul Play|p2a: Among us\n|-damage|p2a: Among us|88\/100\n|\n|-heal|p2a: Among us|94\/100|[from] item: Leftovers\n|upkeep\n|turn|202\n|\n|t:|1699280740\n|switch|p2a: Among us|Amoonguss, F|100\/100\n|move|p1a: Ditto|Foul Play|p2a: Among us\n|-damage|p2a: Among us|89\/100\n|\n|-heal|p2a: Among us|95\/100|[from] item: Leftovers\n|upkeep\n|turn|203\n|c|\u2606Hexagon Purpsix|YOU CANT WIN ARE YOU THERE\n|\n|t:|1699280757\n|move|p1a: Ditto|Foul Play|p2a: Among us\n|-damage|p2a: Among us|81\/100\n|move|p2a: Among us|Clear Smog|p1a: Ditto\n|-damage|p1a: Ditto|78\/100\n|-clearboost|p1a: Ditto\n|\n|-heal|p2a: Among us|88\/100|[from] item: Leftovers\n|upkeep\n|turn|204\n|\n|t:|1699280770\n|move|p1a: Ditto|Foul Play|p2a: Among us\n|-damage|p2a: Among us|74\/100\n|move|p2a: Among us|Clear Smog|p1a: Ditto\n|-damage|p1a: Ditto|55\/100\n|-clearboost|p1a: Ditto\n|\n|-heal|p2a: Among us|80\/100|[from] item: Leftovers\n|upkeep\n|turn|205\n|\n|t:|1699280780\n|move|p1a: Ditto|Clear Smog|p2a: Among us\n|-damage|p2a: Among us|65\/100\n|-clearboost|p2a: Among us\n|move|p2a: Among us|Clear Smog|p1a: Ditto\n|-damage|p1a: Ditto|33\/100\n|-clearboost|p1a: Ditto\n|\n|-heal|p2a: Among us|72\/100|[from] item: Leftovers\n|upkeep\n|turn|206\n|\n|t:|1699280789\n|move|p1a: Ditto|Clear Smog|p2a: Among us\n|-damage|p2a: Among us|57\/100\n|-clearboost|p2a: Among us\n|move|p2a: Among us|Clear Smog|p1a: Ditto\n|-crit|p1a: Ditto\n|-damage|p1a: Ditto|4\/100\n|-clearboost|p1a: Ditto\n|\n|-heal|p2a: Among us|63\/100|[from] item: Leftovers\n|upkeep\n|turn|207\n|inactive|The sussinator has 120 seconds left.\n|\n|t:|1699280799\n|switch|p1a: Ditto|Ditto, shiny|100\/100\n|-transform|p1a: Ditto|p2a: Among us|[from] ability: Imposter\n|move|p2a: Among us|Clear Smog|p1a: Ditto\n|-damage|p1a: Ditto|78\/100\n|-clearboost|p1a: Ditto\n|\n|-heal|p2a: Among us|69\/100|[from] item: Leftovers\n|upkeep\n|turn|208\n|inactive|The sussinator has 120 seconds left.\n|\n|t:|1699280809\n|move|p1a: Ditto|Clear Smog|p2a: Among us\n|-damage|p2a: Among us|54\/100\n|-clearboost|p2a: Among us\n|move|p2a: Among us|Clear Smog|p1a: Ditto\n|-damage|p1a: Ditto|57\/100\n|-clearboost|p1a: Ditto\n|\n|-heal|p2a: Among us|61\/100|[from] item: Leftovers\n|upkeep\n|turn|209\n|\n|t:|1699280819\n|move|p2a: Among us|Foul Play|p1a: Ditto\n|-damage|p1a: Ditto|40\/100\n|-damage|p2a: Among us|44\/100|[from] item: Rocky Helmet|[of] p1a: Ditto\n|move|p1a: Ditto|Clear Smog|p2a: Among us\n|-crit|p2a: Among us\n|-damage|p2a: Among us|22\/100\n|-clearboost|p2a: Among us\n|\n|-heal|p2a: Among us|29\/100|[from] item: Leftovers\n|upkeep\n|turn|210\n|\n|t:|1699280830\n|switch|p2a: Among us|Amoonguss, M|100\/100\n|move|p1a: Ditto|Clear Smog|p2a: Among us\n|-damage|p2a: Among us|86\/100\n|-clearboost|p2a: Among us\n|\n|-heal|p2a: Among us|93\/100|[from] item: Leftovers\n|upkeep\n|turn|211\n|\n|t:|1699280839\n|switch|p1a: Ditto|Ditto, shiny|37\/100\n|-transform|p1a: Ditto|p2a: Among us|[from] ability: Imposter\n|move|p2a: Among us|Clear Smog|p1a: Ditto\n|-damage|p1a: Ditto|17\/100\n|-clearboost|p1a: Ditto\n|\n|-heal|p2a: Among us|99\/100|[from] item: Leftovers\n|upkeep\n|turn|212\n|\n|t:|1699280849\n|switch|p1a: Ditto|Ditto, shiny, tera:Ghost|100\/100\n|-transform|p1a: Ditto|p2a: Among us|[from] ability: Imposter\n|move|p2a: Among us|Clear Smog|p1a: Ditto\n|-resisted|p1a: Ditto\n|-damage|p1a: Ditto|89\/100\n|-clearboost|p1a: Ditto\n|\n|-heal|p1a: Ditto|95\/100|[from] item: Leftovers\n|-heal|p2a: Among us|100\/100|[from] item: Leftovers\n|upkeep\n|turn|213\n|inactive|The sussinator has 90 seconds left.\n|\n|t:|1699280861\n|switch|p1a: Ditto|Ditto, shiny|50\/100\n|-transform|p1a: Ditto|p2a: Among us|[from] ability: Imposter\n|move|p2a: Among us|Giga Drain|p1a: Ditto\n|-resisted|p1a: Ditto\n|-damage|p1a: Ditto|42\/100\n|\n|upkeep\n|turn|214\n|inactive|The sussinator has 90 seconds left.\n|\n|t:|1699280868\n|move|p1a: Ditto|Clear Smog|p2a: Among us\n|-damage|p2a: Among us|87\/100\n|-clearboost|p2a: Among us\n|move|p2a: Among us|Clear Smog|p1a: Ditto\n|-damage|p1a: Ditto|22\/100\n|-clearboost|p1a: Ditto\n|\n|-heal|p2a: Among us|93\/100|[from] item: Leftovers\n|upkeep\n|turn|215\n|inactive|Hexagon Purpsix has 120 seconds left.\n|\n|t:|1699280878\n|move|p2a: Among us|Clear Smog|p1a: Ditto\n|-damage|p1a: Ditto|1\/100\n|-clearboost|p1a: Ditto\n|move|p1a: Ditto|Foul Play|p2a: Among us\n|-damage|p2a: Among us|81\/100\n|\n|-heal|p2a: Among us|87\/100|[from] item: Leftovers\n|upkeep\n|turn|216\n|inactive|Hexagon Purpsix has 120 seconds left.\n|\n|t:|1699280888\n|switch|p1a: Ditto|Ditto, shiny|100\/100\n|-transform|p1a: Ditto|p2a: Among us|[from] ability: Imposter\n|move|p2a: Among us|Clear Smog|p1a: Ditto\n|-damage|p1a: Ditto|79\/100\n|-clearboost|p1a: Ditto\n|\n|-heal|p2a: Among us|93\/100|[from] item: Leftovers\n|upkeep\n|turn|217\n|\n|t:|1699280898\n|move|p2a: Among us|Clear Smog|p1a: Ditto\n|-damage|p1a: Ditto|58\/100\n|-clearboost|p1a: Ditto\n|move|p1a: Ditto|Foul Play|p2a: Among us\n|-damage|p2a: Among us|80\/100\n|\n|-heal|p2a: Among us|86\/100|[from] item: Leftovers\n|upkeep\n|turn|218\n|inactive|Hexagon Purpsix has 120 seconds left.\n|c|\u2606Hexagon Purpsix|ZZZZZZZZZZZZZZZZZZZZZZZZZZZZZZZZZZZZZZZZZZZZZZZZ\n|\n|t:|1699280909\n|move|p2a: Among us|Clear Smog|p1a: Ditto\n|-damage|p1a: Ditto|37\/100\n|-clearboost|p1a: Ditto\n|move|p1a: Ditto|Foul Play|p2a: Among us\n|-damage|p2a: Among us|73\/100\n|\n|-heal|p2a: Among us|79\/100|[from] item: Leftovers\n|upkeep\n|turn|219\n|\n|t:|1699280917\n|switch|p1a: Ditto|Ditto, shiny|100\/100\n|-transform|p1a: Ditto|p2a: Among us|[from] ability: Imposter\n|move|p2a: Among us|Clear Smog|p1a: Ditto\n|-damage|p1a: Ditto|80\/100\n|-clearboost|p1a: Ditto\n|\n|-heal|p2a: Among us|85\/100|[from] item: Leftovers\n|upkeep\n|turn|220\n|\n|t:|1699280927\n|move|p2a: Among us|Clear Smog|p1a: Ditto\n|-damage|p1a: Ditto|61\/100\n|-clearboost|p1a: Ditto\n|move|p1a: Ditto|Foul Play|p2a: Among us\n|-damage|p2a: Among us|73\/100\n|\n|-heal|p2a: Among us|80\/100|[from] item: Leftovers\n|upkeep\n|turn|221\n|\n|t:|1699280936\n|move|p2a: Among us|Clear Smog|p1a: Ditto\n|-damage|p1a: Ditto|40\/100\n|-clearboost|p1a: Ditto\n|move|p1a: Ditto|Clear Smog|p2a: Among us\n|-crit|p2a: Among us\n|-damage|p2a: Among us|56\/100\n|-clearboost|p2a: Among us\n|\n|-heal|p2a: Among us|62\/100|[from] item: Leftovers\n|upkeep\n|turn|222\n|inactive|The sussinator has 60 seconds left.\n|\n|t:|1699280946\n|move|p1a: Ditto|Clear Smog|p2a: Among us\n|-damage|p2a: Among us|48\/100\n|-clearboost|p2a: Among us\n|move|p2a: Among us|Clear Smog|p1a: Ditto\n|-damage|p1a: Ditto|19\/100\n|-clearboost|p1a: Ditto\n|\n|-heal|p2a: Among us|55\/100|[from] item: Leftovers\n|upkeep\n|turn|223\n|\n|t:|1699280958\n|switch|p1a: Ditto|Ditto, shiny|70\/100\n|-transform|p1a: Ditto|p2a: Among us|[from] ability: Imposter\n|move|p2a: Among us|Clear Smog|p1a: Ditto\n|-damage|p1a: Ditto|48\/100\n|-clearboost|p1a: Ditto\n|\n|-heal|p2a: Among us|61\/100|[from] item: Leftovers\n|upkeep\n|turn|224\n|\n|t:|1699280967\n|move|p1a: Ditto|Clear Smog|p2a: Among us\n|-damage|p2a: Among us|46\/100\n|-clearboost|p2a: Among us\n|move|p2a: Among us|Clear Smog|p1a: Ditto\n|-damage|p1a: Ditto|29\/100\n|-clearboost|p1a: Ditto\n|\n|-heal|p2a: Among us|53\/100|[from] item: Leftovers\n|upkeep\n|turn|225\n|\n|t:|1699280977\n|move|p1a: Ditto|Clear Smog|p2a: Among us\n|-damage|p2a: Among us|39\/100\n|-clearboost|p2a: Among us\n|move|p2a: Among us|Clear Smog|p1a: Ditto\n|-damage|p1a: Ditto|9\/100\n|-clearboost|p1a: Ditto\n|\n|-heal|p2a: Among us|45\/100|[from] item: Leftovers\n|upkeep\n|turn|226\n|inactive|Hexagon Purpsix has 90 seconds left.\n|\n|t:|1699280988\n|switch|p1a: Ditto|Ditto, shiny, tera:Ghost|100\/100\n|-transform|p1a: Ditto|p2a: Among us|[from] ability: Imposter\n|move|p2a: Among us|Clear Smog|p1a: Ditto\n|-resisted|p1a: Ditto\n|-damage|p1a: Ditto|90\/100\n|-clearboost|p1a: Ditto\n|\n|-heal|p1a: Ditto|96\/100|[from] item: Leftovers\n|-heal|p2a: Among us|51\/100|[from] item: Leftovers\n|upkeep\n|turn|227\n|\n|t:|1699280999\n|switch|p1a: Ditto|Ditto, shiny|100\/100\n|-transform|p1a: Ditto|p2a: Among us|[from] ability: Imposter\n|move|p2a: Among us|Spore|p1a: Ditto\n|-immune|p1a: Ditto\n|\n|-heal|p2a: Among us|57\/100|[from] item: Leftovers\n|upkeep\n|turn|228\n|\n|t:|1699281010\n|switch|p2a: Among us|Amoonguss, F|100\/100\n|move|p1a: Ditto|Clear Smog|p2a: Among us\n|-damage|p2a: Among us|86\/100\n|-clearboost|p2a: Among us\n|\n|-heal|p2a: Among us|92\/100|[from] item: Leftovers\n|upkeep\n|turn|229\n|inactive|The sussinator has 30 seconds left.\n|\n|t:|1699281020\n|move|p1a: Ditto|Clear Smog|p2a: Among us\n|-damage|p2a: Among us|77\/100\n|-clearboost|p2a: Among us\n|move|p2a: Among us|Clear Smog|p1a: Ditto\n|-damage|p1a: Ditto|79\/100\n|-clearboost|p1a: Ditto\n|\n|-heal|p2a: Among us|83\/100|[from] item: Leftovers\n|upkeep\n|turn|230\n|inactive|The sussinator has 30 seconds left.\n|\n|t:|1699281031\n|move|p1a: Ditto|Clear Smog|p2a: Among us\n|-damage|p2a: Among us|68\/100\n|-clearboost|p2a: Among us\n|move|p2a: Among us|Clear Smog|p1a: Ditto\n|-damage|p1a: Ditto|58\/100\n|-clearboost|p1a: Ditto\n|\n|-heal|p2a: Among us|74\/100|[from] item: Leftovers\n|upkeep\n|turn|231\n|inactive|The sussinator has 25 seconds left this turn.\n|inactive|The sussinator has 20 seconds left.\n|\n|t:|1699281041\n|move|p1a: Ditto|Clear Smog|p2a: Among us\n|-damage|p2a: Among us|60\/100\n|-clearboost|p2a: Among us\n|move|p2a: Among us|Clear Smog|p1a: Ditto\n|-damage|p1a: Ditto|37\/100\n|-clearboost|p1a: Ditto\n|\n|-heal|p2a: Among us|66\/100|[from] item: Leftovers\n|upkeep\n|turn|232\n|inactive|The sussinator has 25 seconds left this turn.\n|inactive|Hexagon Purpsix has 90 seconds left.\n|inactive|The sussinator has 20 seconds left.\n|\n|t:|1699281050\n|switch|p1a: Ditto|Ditto, shiny, tera:Ghost|100\/100\n|-transform|p1a: Ditto|p2a: Among us|[from] ability: Imposter\n|move|p2a: Among us|Clear Smog|p1a: Ditto\n|-resisted|p1a: Ditto\n|-damage|p1a: Ditto|90\/100\n|-clearboost|p1a: Ditto\n|\n|-heal|p1a: Ditto|96\/100|[from] item: Leftovers\n|-heal|p2a: Among us|73\/100|[from] item: Leftovers\n|upkeep\n|turn|233\n|inactive|The sussinator has 20 seconds left this turn.\n|inactive|The sussinator has 15 seconds left.\n|inactive|The sussinator has 10 seconds left.\n|\n|t:|1699281061\n|move|p2a: Among us|Clear Smog|p1a: Ditto\n|-resisted|p1a: Ditto\n|-damage|p1a: Ditto|87\/100\n|-clearboost|p1a: Ditto\n|move|p1a: Ditto|Clear Smog|p2a: Among us\n|-damage|p2a: Among us|57\/100\n|-clearboost|p2a: Among us\n|\n|-heal|p1a: Ditto|93\/100|[from] item: Leftovers\n|-heal|p2a: Among us|64\/100|[from] item: Leftovers\n|upkeep\n|turn|234\n|inactive|The sussinator has 15 seconds left this turn.\n|inactive|Hexagon Purpsix has 90 seconds left.\n|inactive|The sussinator has 10 seconds left.\n|inactive|The sussinator has 5 seconds left.\n|\n|t:|1699281073\n|switch|p1a: Ditto|Ditto, shiny|34\/100\n|-transform|p1a: Ditto|p2a: Among us|[from] ability: Imposter\n|move|p2a: Among us|Giga Drain|p1a: Ditto\n|-resisted|p1a: Ditto\n|-damage|p1a: Ditto|26\/100\n|-heal|p2a: Among us|66\/100|[from] drain|[of] p1a: Ditto\n|\n|-heal|p2a: Among us|73\/100|[from] item: Leftovers\n|upkeep\n|turn|235\n|inactive|The sussinator has 5 seconds left this turn.\n|-message|The sussinator lost due to inactivity.\n|\n|win|Hexagon Purpsix\n|raw|Hexagon Purpsix's rating: 1156 &rarr; <strong>1175<\/strong><br \/>(+19 for winning)\n|raw|The sussinator's rating: 1066 &rarr; <strong>1051<\/strong><br \/>(-15 for losing)\n|c|\u2606Hexagon Purpsix|god dam\n","uploadtime":1699281089,"views":5,"p1id":"hexagonpurpsix","p2id":"thesussinator","formatid":"gen9anythinggoes","rating":1051,"private":0,"password":""}