{"id":"gen9anythinggoes-1993002241","p1":"Strong Lea","p2":"Denjamin1986","format":"[Gen 9] Anything Goes","log":"|j|\u2606Strong Lea\n|j|\u2606Denjamin1986\n|t:|1700254410\n|gametype|singles\n|player|p1|Strong Lea|korrina|\n|player|p2|Denjamin1986|gentleman-gen4dp|\n|teamsize|p1|6\n|teamsize|p2|6\n|gen|9\n|tier|[Gen 9] Anything Goes\n|rule|HP Percentage Mod: HP is shown in percentages\n|rule|Endless Battle Clause: Forcing endless battles is banned\n|clearpoke\n|poke|p1|Annihilape, M|\n|poke|p1|Chesnaught, F|\n|poke|p1|Donphan, M|\n|poke|p1|Salazzle, F|\n|poke|p1|Garganacl, M|\n|poke|p1|Slowking, M|\n|poke|p2|Magearna|\n|poke|p2|Gliscor, M|\n|poke|p2|Skeledirge, M|\n|poke|p2|Vaporeon, F|\n|poke|p2|Tsareena, F|\n|poke|p2|Spiritomb, M|\n|teampreview\n|c|\u2606Denjamin1986|GL hf\n|c|\u2606Strong Lea|gl hf\n|\n|t:|1700254441\n|start\n|switch|p1a: Chesnaught|Chesnaught, F|100\/100\n|switch|p2a: Elsa|Tsareena, F, shiny|100\/100\n|turn|1\n|\n|t:|1700254465\n|move|p1a: Chesnaught|Knock Off|p2a: Elsa\n|-damage|p2a: Elsa|80\/100\n|-enditem|p2a: Elsa|Heavy-Duty Boots|[from] move: Knock Off|[of] p1a: Chesnaught\n|move|p2a: Elsa|Play Rough|p1a: Chesnaught\n|-supereffective|p1a: Chesnaught\n|-damage|p1a: Chesnaught|60\/100\n|-unboost|p1a: Chesnaught|atk|1\n|\n|upkeep\n|turn|2\n|\n|t:|1700254496\n|switch|p1a: Salazzle|Salazzle, F|100\/100\n|move|p2a: Elsa|Play Rough|p1a: Salazzle\n|-resisted|p1a: Salazzle\n|-damage|p1a: Salazzle|88\/100\n|-unboost|p1a: Salazzle|atk|1\n|\n|upkeep\n|turn|3\n|\n|t:|1700254511\n|switch|p2a: Bartok|Gliscor, M, shiny|100\/100\n|move|p1a: Salazzle|Knock Off|p2a: Bartok\n|-damage|p2a: Bartok|93\/100\n|-enditem|p2a: Bartok|Toxic Orb|[from] move: Knock Off|[of] p1a: Salazzle\n|\n|upkeep\n|turn|4\n|\n|t:|1700254559\n|switch|p1a: Chesnaught|Chesnaught, F|60\/100\n|move|p2a: Bartok|Dual Wingbeat|p1a: Chesnaught\n|-supereffective|p1a: Chesnaught\n|-damage|p1a: Chesnaught|3\/100\n|-supereffective|p1a: Chesnaught\n|-damage|p1a: Chesnaught|0 fnt\n|faint|p1a: Chesnaught\n|-hitcount|p1: Chesnaught|2\n|\n|upkeep\n|\n|t:|1700254572\n|switch|p1a: Slowking|Slowking, M, shiny|100\/100\n|turn|5\n|\n|t:|1700254580\n|move|p2a: Bartok|Knock Off|p1a: Slowking\n|-supereffective|p1a: Slowking\n|-damage|p1a: Slowking|49\/100\n|-enditem|p1a: Slowking|Assault Vest|[from] move: Knock Off|[of] p2a: Bartok\n|move|p1a: Slowking|Future Sight|p2a: Bartok\n|-start|p1a: Slowking|move: Future Sight\n|\n|upkeep\n|turn|6\n|\n|t:|1700254599\n|switch|p2a: Dschinni|Spiritomb, M, shiny|100\/100\n|switch|p1a: Leo vor 2 Jahren|Annihilape, M|100\/100\n|\n|upkeep\n|turn|7\n|\n|t:|1700254607\n|switch|p1a: Garganacl|Garganacl, M, shiny|100\/100\n|move|p2a: Dschinni|Will-O-Wisp|p1a: Garganacl\n|-immune|p1a: Garganacl|[from] ability: Purifying Salt\n|\n|-end|p2a: Dschinni|move: Future Sight\n|-immune|p2a: Dschinni\n|upkeep\n|turn|8\n|\n|t:|1700254620\n|switch|p2a: Attina|Vaporeon, F, shiny|100\/100\n|move|p1a: Garganacl|Stealth Rock|p2a: Attina\n|-sidestart|p2: Denjamin1986|move: Stealth Rock\n|\n|upkeep\n|turn|9\n|\n|t:|1700254630\n|switch|p1a: Slowking|Slowking, M, shiny|82\/100\n|move|p2a: Attina|Shadow Ball|p1a: Slowking\n|-supereffective|p1a: Slowking\n|-damage|p1a: Slowking|54\/100\n|\n|upkeep\n|turn|10\n|\n|t:|1700254639\n|move|p2a: Attina|Shadow Ball|p1a: Slowking\n|-supereffective|p1a: Slowking\n|-damage|p1a: Slowking|25\/100\n|move|p1a: Slowking|Future Sight|p2a: Attina\n|-start|p1a: Slowking|move: Future Sight\n|\n|upkeep\n|turn|11\n|\n|t:|1700254661\n|move|p2a: Attina|Shadow Ball|p1a: Slowking\n|-supereffective|p1a: Slowking\n|-damage|p1a: Slowking|0 fnt\n|faint|p1a: Slowking\n|\n|upkeep\n|\n|t:|1700254665\n|switch|p1a: Salazzle|Salazzle, F|88\/100\n|turn|12\n|\n|t:|1700254679\n|switch|p2a: Bartok|Gliscor, M, shiny|93\/100\n|-damage|p2a: Bartok|80\/100|[from] Stealth Rock\n|move|p1a: Salazzle|Flamethrower|p2a: Bartok\n|-damage|p2a: Bartok|37\/100\n|\n|-end|p2a: Bartok|move: Future Sight\n|-damage|p2a: Bartok|0 fnt\n|faint|p2a: Bartok\n|upkeep\n|\n|t:|1700254693\n|switch|p2a: Attina|Vaporeon, F, shiny|100\/100\n|-damage|p2a: Attina|88\/100|[from] Stealth Rock\n|turn|13\n|\n|t:|1700254699\n|move|p1a: Salazzle|Knock Off|p2a: Attina\n|-damage|p2a: Attina|75\/100\n|-enditem|p2a: Attina|Covert Cloak|[from] move: Knock Off|[of] p1a: Salazzle\n|move|p2a: Attina|Surf|p1a: Salazzle\n|-supereffective|p1a: Salazzle\n|-damage|p1a: Salazzle|0 fnt\n|faint|p1a: Salazzle\n|\n|upkeep\n|\n|t:|1700254705\n|switch|p1a: Leo vor 2 Jahren|Annihilape, M|100\/100\n|turn|14\n|\n|t:|1700254712\n|switch|p2a: Dschinni|Spiritomb, M, shiny|100\/100\n|-damage|p2a: Dschinni|88\/100|[from] Stealth Rock\n|move|p1a: Leo vor 2 Jahren|Shadow Claw|p2a: Dschinni\n|-damage|p2a: Dschinni|45\/100\n|\n|-heal|p2a: Dschinni|51\/100|[from] item: Leftovers\n|upkeep\n|turn|15\n|\n|t:|1700254735\n|switch|p1a: Garganacl|Garganacl, M, shiny|100\/100\n|switch|p2a: Attina|Vaporeon, F, shiny|75\/100\n|-damage|p2a: Attina|62\/100|[from] Stealth Rock\n|\n|upkeep\n|turn|16\n|\n|t:|1700254756\n|switch|p1a: Leo vor 2 Jahren|Annihilape, M|100\/100\n|move|p2a: Attina|Surf|p1a: Leo vor 2 Jahren\n|-damage|p1a: Leo vor 2 Jahren|62\/100\n|\n|upkeep\n|turn|17\n|\n|t:|1700254768\n|move|p1a: Leo vor 2 Jahren|Rage Fist|p2a: Attina\n|-damage|p2a: Attina|0 fnt\n|faint|p2a: Attina\n|\n|upkeep\n|\n|t:|1700254774\n|switch|p2a: Tick-Tock|Skeledirge, M|100\/100\n|turn|18\n|\n|t:|1700254791\n|switch|p1a: Donphan|Donphan, M|100\/100\n|move|p2a: Tick-Tock|Shadow Ball|p1a: Donphan\n|-damage|p1a: Donphan|61\/100\n|\n|upkeep\n|turn|19\n|\n|t:|1700254809\n|switch|p2a: Elsa|Tsareena, F, shiny|80\/100\n|-damage|p2a: Elsa|67\/100|[from] Stealth Rock\n|move|p1a: Donphan|Ice Spinner|p2a: Elsa\n|-supereffective|p2a: Elsa\n|-damage|p2a: Elsa|30\/100\n|\n|upkeep\n|turn|20\n|\n|t:|1700254819\n|move|p2a: Elsa|Synthesis|p2a: Elsa\n|-heal|p2a: Elsa|80\/100\n|move|p1a: Donphan|Ice Spinner|p2a: Elsa\n|-supereffective|p2a: Elsa\n|-damage|p2a: Elsa|44\/100\n|\n|upkeep\n|turn|21\n|\n|t:|1700254828\n|switch|p1a: Leo vor 2 Jahren|Annihilape, M|62\/100\n|move|p2a: Elsa|Synthesis|p2a: Elsa\n|-heal|p2a: Elsa|94\/100\n|\n|upkeep\n|turn|22\n|\n|t:|1700254863\n|move|p1a: Leo vor 2 Jahren|Drain Punch|p2a: Elsa\n|-damage|p2a: Elsa|49\/100\n|-heal|p1a: Leo vor 2 Jahren|83\/100|[from] drain|[of] p2a: Elsa\n|move|p2a: Elsa|Play Rough|p1a: Leo vor 2 Jahren\n|-supereffective|p1a: Leo vor 2 Jahren\n|-damage|p1a: Leo vor 2 Jahren|18\/100\n|\n|upkeep\n|turn|23\n|\n|t:|1700254878\n|switch|p1a: Donphan|Donphan, M|61\/100\n|move|p2a: Elsa|Play Rough|p1a: Donphan\n|-damage|p1a: Donphan|45\/100\n|-damage|p2a: Elsa|32\/100|[from] item: Rocky Helmet|[of] p1a: Donphan\n|\n|upkeep\n|turn|24\n|\n|t:|1700254895\n|switch|p1a: Leo vor 2 Jahren|Annihilape, M|18\/100\n|move|p2a: Elsa|Synthesis|p2a: Elsa\n|-heal|p2a: Elsa|82\/100\n|\n|upkeep\n|turn|25\n|\n|t:|1700254909\n|move|p1a: Leo vor 2 Jahren|Rage Fist|p2a: Elsa\n|-damage|p2a: Elsa|0 fnt\n|faint|p2a: Elsa\n|\n|upkeep\n|\n|t:|1700254918\n|switch|p2a: Tick-Tock|Skeledirge, M|100\/100\n|turn|26\n|\n|t:|1700254927\n|move|p1a: Leo vor 2 Jahren|Rage Fist|p2a: Tick-Tock\n|-supereffective|p2a: Tick-Tock\n|-damage|p2a: Tick-Tock|0 fnt\n|faint|p2a: Tick-Tock\n|\n|upkeep\n|\n|t:|1700254933\n|switch|p2a: Klopfer|Magearna|100\/100\n|-damage|p2a: Klopfer|95\/100|[from] Stealth Rock\n|turn|27\n|\n|t:|1700254955\n|move|p1a: Leo vor 2 Jahren|Rage Fist|p2a: Klopfer\n|-damage|p2a: Klopfer|3\/100\n|move|p2a: Klopfer|Psychic|p1a: Leo vor 2 Jahren\n|-supereffective|p1a: Leo vor 2 Jahren\n|-damage|p1a: Leo vor 2 Jahren|0 fnt\n|faint|p1a: Leo vor 2 Jahren\n|-ability|p2a: Klopfer|Soul-Heart|boost\n|-boost|p2a: Klopfer|spa|1\n|\n|upkeep\n|\n|t:|1700254971\n|switch|p1a: Garganacl|Garganacl, M, shiny|100\/100\n|turn|28\n|\n|t:|1700254975\n|move|p2a: Klopfer|Flash Cannon|p1a: Garganacl\n|-supereffective|p1a: Garganacl\n|-damage|p1a: Garganacl|9\/100\n|move|p1a: Garganacl|Earthquake|p2a: Klopfer\n|-supereffective|p2a: Klopfer\n|-damage|p2a: Klopfer|0 fnt\n|faint|p2a: Klopfer\n|\n|-heal|p1a: Garganacl|15\/100|[from] item: Leftovers\n|upkeep\n|\n|t:|1700254985\n|switch|p2a: Dschinni|Spiritomb, M, shiny|51\/100\n|-damage|p2a: Dschinni|39\/100|[from] Stealth Rock\n|turn|29\n|\n|t:|1700255003\n|move|p1a: Garganacl|Salt Cure|p2a: Dschinni\n|-damage|p2a: Dschinni|26\/100\n|-start|p2a: Dschinni|Salt Cure\n|move|p2a: Dschinni|Psychic|p1a: Garganacl\n|-damage|p1a: Garganacl|0 fnt\n|faint|p1a: Garganacl\n|\n|-heal|p2a: Dschinni|32\/100|[from] item: Leftovers\n|-damage|p2a: Dschinni|20\/100|[from] Salt Cure\n|upkeep\n|\n|t:|1700255007\n|switch|p1a: Donphan|Donphan, M|45\/100\n|turn|30\n|\n|t:|1700255018\n|move|p1a: Donphan|Earthquake|p2a: Dschinni\n|-damage|p2a: Dschinni|0 fnt\n|faint|p2a: Dschinni\n|\n|win|Strong Lea\n|c|\u2606Denjamin1986|Gg\n|c|\u2606Strong Lea|gg!\n|c|\u2606Strong Lea|ich schicke :)\n|c|\u2606Denjamin1986|Hatte ich Mal skelokrok noch behalten\n|c|\u2606Strong Lea|mega spannend\n|c|\u2606Denjamin1986|Ja auf jeden Fall\n","uploadtime":1700255034,"views":29,"p1id":"stronglea","p2id":"denjamin1986","formatid":"gen9anythinggoes","rating":0,"private":0,"password":""}