{"id":"gen9anythinggoes-1988591400","p1":"Kalas714","p2":"kastrian","format":"[Gen 9] Anything Goes","log":"|j|\u2606Kalas714\n|j|\u2606kastrian\n|t:|1699739582\n|gametype|singles\n|player|p1|Kalas714|102|\n|player|p2|kastrian|265|\n|teamsize|p1|6\n|teamsize|p2|6\n|gen|9\n|tier|[Gen 9] Anything Goes\n|rule|HP Percentage Mod: HP is shown in percentages\n|rule|Endless Battle Clause: Forcing endless battles is banned\n|clearpoke\n|poke|p1|Fezandipiti, M|\n|poke|p1|Dudunsparce-*, F|\n|poke|p1|Zoroark-Hisui, F|\n|poke|p1|Greninja-*, M|\n|poke|p1|Hatterene, F|\n|poke|p1|Glastrier|\n|poke|p2|Bisharp, M|\n|poke|p2|Landorus-Therian, M|\n|poke|p2|Rotom-Mow|\n|poke|p2|Ditto|\n|poke|p2|Coalossal, M|\n|poke|p2|Iron Valiant|\n|teampreview\n|c|\u2606kastrian|hey there, just giving people a moment to join\n|c|\u2606Kalas714|yee no worries\n|c|\u2606kastrian|alright i figure we can start\n|c|\u2606Kalas714|kk\n|c|\u2606kastrian|as for who to lead off, no idea haha\n|\n|t:|1699739824\n|start\n|switch|p1a: Greninja|Greninja, M|100\/100\n|switch|p2a: Landorus|Landorus-Therian, M|100\/100\n|-ability|p2a: Landorus|Intimidate|boost\n|-unboost|p1a: Greninja|atk|1\n|turn|1\n|\n|t:|1699739847\n|move|p2a: Landorus|U-turn|p1a: Greninja\n|-supereffective|p1a: Greninja\n|-damage|p1a: Greninja|5\/100\n|\n|t:|1699739891\n|switch|p2a: Ditto|Ditto|100\/100|[from] U-turn\n|-transform|p2a: Ditto|p1a: Greninja|[from] ability: Imposter\n|move|p1a: Greninja|Ice Beam|p2a: Ditto\n|-resisted|p2a: Ditto\n|-damage|p2a: Ditto|76\/100\n|-damage|p1a: Greninja|0 fnt|[from] item: Life Orb\n|faint|p1a: Greninja\n|\n|upkeep\n|\n|t:|1699739946\n|switch|p1a: Dudunsparce|Dudunsparce-Three-Segment, F|100\/100\n|turn|2\n|j| lumenestes\n|\n|t:|1699740012\n|switch|p2a: Bisharp|Bisharp, M|100\/100\n|move|p1a: Dudunsparce|Boomburst|p2a: Bisharp\n|-resisted|p2a: Bisharp\n|-damage|p2a: Bisharp|83\/100\n|\n|upkeep\n|turn|3\n|\n|t:|1699740042\n|switch|p1a: Fezandipiti|Fezandipiti, M|100\/100\n|move|p2a: Bisharp|Swords Dance|p2a: Bisharp\n|-boost|p2a: Bisharp|atk|2\n|\n|upkeep\n|turn|4\n|\n|t:|1699740084\n|move|p1a: Fezandipiti|Heat Wave|p2a: Bisharp\n|-supereffective|p2a: Bisharp\n|-damage|p2a: Bisharp|43\/100\n|move|p2a: Bisharp|Iron Head|p1a: Fezandipiti\n|-supereffective|p1a: Fezandipiti\n|-damage|p1a: Fezandipiti|0 fnt\n|faint|p1a: Fezandipiti\n|\n|upkeep\n|\n|t:|1699740096\n|switch|p1a: Glastrier|Glastrier|100\/100\n|turn|5\n|\n|t:|1699740112\n|-terastallize|p2a: Bisharp|Dark\n|move|p1a: Glastrier|Flamethrower|p2a: Bisharp\n|-damage|p2a: Bisharp|0 fnt\n|faint|p2a: Bisharp\n|\n|upkeep\n|c| lumenestes|wtf\n|c| lumenestes|ice hortse breath fire..\n|c|\u2606kastrian|lol\n|c|\u2606Kalas714|spicy lunch\n|\n|t:|1699740167\n|switch|p2a: Coalossal|Coalossal, M|100\/100\n|turn|6\n|c| lumenestes|picked up the spicy currt in smash brothers\n|\n|t:|1699740187\n|switch|p1a: Hatterene|Hatterene, F|100\/100\n|move|p2a: Coalossal|Power Gem|p1a: Hatterene\n|-damage|p1a: Hatterene|83\/100\n|-enditem|p1a: Hatterene|Eject Button\n|\n|t:|1699740195\n|switch|p1a: Dudunsparce|Dudunsparce-Three-Segment, F|100\/100\n|\n|upkeep\n|turn|7\n|\n|t:|1699740239\n|switch|p2a: Iron Valiant|Iron Valiant|100\/100\n|-enditem|p2a: Iron Valiant|Booster Energy\n|-activate|p2a: Iron Valiant|ability: Quark Drive|[fromitem]\n|-start|p2a: Iron Valiant|quarkdrivespe\n|move|p1a: Dudunsparce|Calm Mind|p1a: Dudunsparce\n|-boost|p1a: Dudunsparce|spa|1\n|-boost|p1a: Dudunsparce|spd|1\n|\n|upkeep\n|turn|8\n|\n|t:|1699740261\n|move|p2a: Iron Valiant|Aura Sphere|p1a: Dudunsparce\n|-supereffective|p1a: Dudunsparce\n|-enditem|p1a: Dudunsparce|Chople Berry|[eat]\n|-enditem|p1a: Dudunsparce|Chople Berry|[weaken]\n|-damage|p1a: Dudunsparce|76\/100\n|move|p1a: Dudunsparce|Boomburst|p2a: Iron Valiant\n|-damage|p2a: Iron Valiant|9\/100\n|\n|upkeep\n|turn|9\n|\n|t:|1699740305\n|move|p2a: Iron Valiant|Aura Sphere|p1a: Dudunsparce\n|-supereffective|p1a: Dudunsparce\n|-damage|p1a: Dudunsparce|24\/100\n|move|p1a: Dudunsparce|Roost|p1a: Dudunsparce\n|-heal|p1a: Dudunsparce|74\/100\n|-singleturn|p1a: Dudunsparce|move: Roost\n|\n|upkeep\n|turn|10\n|\n|t:|1699740329\n|move|p2a: Iron Valiant|Aura Sphere|p1a: Dudunsparce\n|-supereffective|p1a: Dudunsparce\n|-damage|p1a: Dudunsparce|19\/100\n|move|p1a: Dudunsparce|Roost|p1a: Dudunsparce\n|-heal|p1a: Dudunsparce|69\/100\n|-singleturn|p1a: Dudunsparce|move: Roost\n|\n|upkeep\n|turn|11\n|\n|t:|1699740334\n|move|p2a: Iron Valiant|Aura Sphere|p1a: Dudunsparce\n|-supereffective|p1a: Dudunsparce\n|-damage|p1a: Dudunsparce|15\/100\n|move|p1a: Dudunsparce|Boomburst|p2a: Iron Valiant\n|-damage|p2a: Iron Valiant|0 fnt\n|faint|p2a: Iron Valiant\n|-end|p2a: Iron Valiant|Quark Drive|[silent]\n|\n|upkeep\n|\n|t:|1699740383\n|switch|p2a: Rotom|Rotom-Mow|100\/100\n|turn|12\n|\n|t:|1699740403\n|switch|p1a: Hatterene|Hatterene, F|83\/100\n|move|p2a: Rotom|Thunderbolt|p1a: Hatterene\n|-damage|p1a: Hatterene|33\/100\n|\n|upkeep\n|turn|13\n|\n|t:|1699740411\n|move|p2a: Rotom|Thunderbolt|p1a: Hatterene\n|-damage|p1a: Hatterene|0 fnt\n|faint|p1a: Hatterene\n|\n|upkeep\n|\n|t:|1699740416\n|switch|p1a: Glastrier|Glastrier|100\/100\n|turn|14\n|\n|t:|1699740431\n|switch|p2a: Coalossal|Coalossal, M|100\/100\n|move|p1a: Glastrier|Trick|p2a: Coalossal\n|-activate|p1a: Glastrier|move: Trick|[of] p2a: Coalossal\n|-item|p2a: Coalossal|Choice Specs|[from] move: Trick\n|-item|p1a: Glastrier|Heavy-Duty Boots|[from] move: Trick\n|\n|upkeep\n|turn|15\n|\n|t:|1699740467\n|move|p1a: Glastrier|Shadow Ball|p2a: Coalossal\n|-damage|p2a: Coalossal|76\/100\n|-unboost|p2a: Coalossal|spd|1\n|move|p2a: Coalossal|Stealth Rock|p1a: Glastrier\n|-sidestart|p1: Kalas714|move: Stealth Rock\n|\n|upkeep\n|turn|16\n|\n|t:|1699740487\n|switch|p2a: Ditto|Ditto|76\/100\n|move|p1a: Glastrier|Flamethrower|p2a: Ditto\n|-damage|p2a: Ditto|11\/100\n|\n|upkeep\n|turn|17\n|c|\u2606kastrian|im sorry what\n|c|\u2606Kalas714|huh\n|c|\u2606kastrian|why did i not transform\n|c|\u2606kastrian|thats a weird interaction, didnt expect that with zoroark\n|c| lumenestes|how 2 imposter the imposter\n|c|\u2606Kalas714|I was wondering that earlier\n|\n|t:|1699740545\n|switch|p2a: Coalossal|Coalossal, M|76\/100\n|move|p1a: Glastrier|Shadow Ball|p2a: Coalossal\n|-damage|p2a: Coalossal|52\/100\n|\n|upkeep\n|turn|18\n|\n|t:|1699740561\n|move|p1a: Glastrier|Shadow Ball|p2a: Coalossal\n|-damage|p2a: Coalossal|29\/100\n|-unboost|p2a: Coalossal|spd|1\n|move|p2a: Coalossal|Power Gem|p1a: Glastrier\n|-crit|p1a: Glastrier\n|-damage|p1a: Glastrier|0 fnt\n|replace|p1a: Zoroark|Zoroark-Hisui, F\n|-end|p1a: Zoroark|Illusion\n|faint|p1a: Zoroark\n|\n|upkeep\n|c|\u2606kastrian|lol the choice specs got me the kill\n|\n|t:|1699740589\n|switch|p1a: Dudunsparce|Dudunsparce-Three-Segment, F|15\/100\n|-damage|p1a: Dudunsparce|2\/100|[from] Stealth Rock\n|turn|19\n|\n|t:|1699740669\n|switch|p2a: Rotom|Rotom-Mow|100\/100\n|move|p1a: Dudunsparce|Roost|p1a: Dudunsparce\n|-heal|p1a: Dudunsparce|52\/100\n|-singleturn|p1a: Dudunsparce|move: Roost\n|\n|upkeep\n|turn|20\n|\n|t:|1699740680\n|switch|p1a: Glastrier|Glastrier|100\/100\n|-damage|p1a: Glastrier|76\/100|[from] Stealth Rock\n|move|p2a: Rotom|Thunderbolt|p1a: Glastrier\n|-damage|p1a: Glastrier|30\/100\n|\n|-heal|p1a: Glastrier|36\/100|[from] item: Leftovers\n|upkeep\n|turn|21\n|\n|t:|1699740691\n|-terastallize|p1a: Glastrier|Ice\n|move|p2a: Rotom|Thunderbolt|p1a: Glastrier\n|-damage|p1a: Glastrier|0 fnt\n|faint|p1a: Glastrier\n|\n|upkeep\n|\n|t:|1699740696\n|switch|p1a: Dudunsparce|Dudunsparce-Three-Segment, F|52\/100\n|-damage|p1a: Dudunsparce|40\/100|[from] Stealth Rock\n|turn|22\n|c|\u2606kastrian|gg\n|\n|t:|1699740703\n|move|p2a: Rotom|Thunderbolt|p1a: Dudunsparce\n|-damage|p1a: Dudunsparce|0 fnt\n|faint|p1a: Dudunsparce\n|\n|win|kastrian\n|c|\u2606Kalas714|ggs\n|c| lumenestes|gg\n","uploadtime":1699740727,"views":16,"p1id":"kalas714","p2id":"kastrian","formatid":"gen9anythinggoes","rating":0,"private":0,"password":""}