{"id":"gen9anythinggoes-1981719031","p1":"Glaceran","p2":"4th Acct To 1700","format":"[Gen 9] Anything Goes","log":"|j|\u2606Glaceran\n|j|\u26064th Acct To 1700\n|t:|1698936342\n|gametype|singles\n|player|p1|Glaceran|wally-gen3|1566\n|player|p2|4th Acct To 1700|clown|1551\n|teamsize|p1|6\n|teamsize|p2|6\n|gen|9\n|tier|[Gen 9] Anything Goes\n|rated|\n|rule|HP Percentage Mod: HP is shown in percentages\n|rule|Endless Battle Clause: Forcing endless battles is banned\n|clearpoke\n|poke|p1|Ceruledge, F|\n|poke|p1|Calyrex-Shadow|\n|poke|p1|Baxcalibur, F|\n|poke|p1|Skeledirge, F|\n|poke|p1|Corviknight, F|\n|poke|p1|Cyclizar, F|\n|poke|p2|Koraidon|\n|poke|p2|Calyrex-Shadow|\n|poke|p2|Arceus|\n|poke|p2|Ting-Lu|\n|poke|p2|Miraidon|\n|poke|p2|Toxapex, F|\n|teampreview\n|\n|t:|1698936377\n|start\n|switch|p1a: Cyclizar|Cyclizar, F|100\/100\n|switch|p2a: Madara Uchiha|Miraidon|100\/100\n|-fieldstart|move: Electric Terrain|[from] ability: Hadron Engine|[of] p2a: Madara Uchiha\n|turn|1\n|\n|t:|1698936386\n|switch|p1a: Baxcalibur|Baxcalibur, F|100\/100\n|move|p2a: Madara Uchiha|Calm Mind|p2a: Madara Uchiha\n|-boost|p2a: Madara Uchiha|spa|1\n|-boost|p2a: Madara Uchiha|spd|1\n|\n|upkeep\n|turn|2\n|\n|t:|1698936404\n|switch|p2a: Toxapex|Toxapex, F|100\/100\n|move|p1a: Baxcalibur|Scale Shot|p2a: Toxapex\n|-damage|p2a: Toxapex|91\/100\n|-damage|p2a: Toxapex|81\/100\n|-damage|p2a: Toxapex|71\/100\n|-damage|p2a: Toxapex|61\/100\n|-hitcount|p2a: Toxapex|4\n|-unboost|p1a: Baxcalibur|def|1\n|-boost|p1a: Baxcalibur|spe|1\n|\n|upkeep\n|turn|3\n|c|\u2606Glaceran|oh, oh thanks i misclicked\n|\n|t:|1698936415\n|switch|p1a: Cyclizar|Cyclizar, F|100\/100\n|move|p2a: Toxapex|Toxic|p1a: Cyclizar\n|-status|p1a: Cyclizar|tox\n|\n|-damage|p1a: Cyclizar|94\/100 tox|[from] psn\n|upkeep\n|turn|4\n|\n|t:|1698936418\n|switch|p2a: Ting-Lu|Ting-Lu|100\/100\n|-ability|p2a: Ting-Lu|Vessel of Ruin\n|move|p1a: Cyclizar|Shed Tail|p1a: Cyclizar\n|-start|p1a: Cyclizar|Substitute|[from] move: Shed Tail\n|-damage|p1a: Cyclizar|44\/100 tox\n|\n|t:|1698936421\n|switch|p1a: Baxcalibur|Baxcalibur, F|100\/100|[from] Shed Tail\n|\n|upkeep\n|turn|5\n|\n|t:|1698936439\n|move|p1a: Baxcalibur|Icicle Spear|p2a: Ting-Lu\n|-supereffective|p2a: Ting-Lu\n|-damage|p2a: Ting-Lu|85\/100\n|-supereffective|p2a: Ting-Lu\n|-damage|p2a: Ting-Lu|72\/100\n|-supereffective|p2a: Ting-Lu\n|-damage|p2a: Ting-Lu|57\/100\n|-supereffective|p2a: Ting-Lu\n|-damage|p2a: Ting-Lu|41\/100\n|-hitcount|p2a: Ting-Lu|4\n|move|p2a: Ting-Lu|Whirlwind|p1a: Baxcalibur\n|drag|p1a: Corviknight|Corviknight, F|100\/100\n|-ability|p1a: Corviknight|Pressure\n|\n|-heal|p2a: Ting-Lu|48\/100|[from] item: Leftovers\n|-fieldend|move: Electric Terrain\n|upkeep\n|turn|6\n|\n|t:|1698936452\n|switch|p2a: Madara Uchiha|Miraidon|100\/100\n|-fieldstart|move: Electric Terrain|[from] ability: Hadron Engine|[of] p2a: Madara Uchiha\n|move|p1a: Corviknight|U-turn|p2a: Madara Uchiha\n|-damage|p2a: Madara Uchiha|85\/100\n|\n|t:|1698936454\n|switch|p1a: Cyclizar|Cyclizar, F|77\/100 tox|[from] U-turn\n|\n|-damage|p1a: Cyclizar|71\/100 tox|[from] psn\n|upkeep\n|turn|7\n|\n|t:|1698936469\n|move|p1a: Cyclizar|Shed Tail|p1a: Cyclizar\n|-start|p1a: Cyclizar|Substitute|[from] move: Shed Tail\n|-damage|p1a: Cyclizar|21\/100 tox\n|\n|t:|1698936472\n|switch|p1a: Baxcalibur|Baxcalibur, F|100\/100|[from] Shed Tail\n|move|p2a: Madara Uchiha|Parabolic Charge|p1a: Baxcalibur\n|-resisted|p1a: Baxcalibur\n|-end|p1a: Baxcalibur|Substitute\n|-heal|p2a: Madara Uchiha|95\/100|[from] drain|[of] p1a: Baxcalibur\n|\n|upkeep\n|turn|8\n|\n|t:|1698936480\n|-terastallize|p2a: Madara Uchiha|Ice\n|move|p2a: Madara Uchiha|Tera Blast|p1a: Baxcalibur|[anim] Tera Blast Ice\n|-damage|p1a: Baxcalibur|37\/100\n|move|p1a: Baxcalibur|Scale Shot|p2a: Madara Uchiha|[miss]\n|-miss|p1a: Baxcalibur|p2a: Madara Uchiha\n|\n|upkeep\n|turn|9\n|\n|t:|1698936490\n|move|p2a: Madara Uchiha|Tera Blast|p1a: Baxcalibur|[anim] Tera Blast Ice\n|-damage|p1a: Baxcalibur|0 fnt\n|faint|p1a: Baxcalibur\n|\n|upkeep\n|\n|t:|1698936491\n|switch|p1a: Ceruledge|Ceruledge, F|100\/100\n|turn|10\n|\n|t:|1698936512\n|move|p2a: Madara Uchiha|Parabolic Charge|p1a: Ceruledge\n|-damage|p1a: Ceruledge|28\/100\n|-heal|p2a: Madara Uchiha|100\/100|[from] drain|[of] p1a: Ceruledge\n|move|p1a: Ceruledge|Close Combat|p2a: Madara Uchiha\n|-supereffective|p2a: Madara Uchiha\n|-damage|p2a: Madara Uchiha|14\/100\n|-unboost|p1a: Ceruledge|def|1\n|-unboost|p1a: Ceruledge|spd|1\n|\n|-fieldend|move: Electric Terrain\n|upkeep\n|turn|11\n|\n|t:|1698936518\n|move|p1a: Ceruledge|Shadow Sneak|p2a: Madara Uchiha\n|-crit|p2a: Madara Uchiha\n|-damage|p2a: Madara Uchiha|0 fnt\n|faint|p2a: Madara Uchiha\n|\n|upkeep\n|\n|t:|1698936528\n|switch|p2a: Koraidon|Koraidon|100\/100\n|-weather|SunnyDay|[from] ability: Orichalcum Pulse|[of] p2a: Koraidon\n|-activate|p2a: Koraidon|Orichalcum Pulse|[source]\n|turn|12\n|\n|t:|1698936533\n|move|p1a: Ceruledge|Shadow Sneak|p2a: Koraidon\n|-damage|p2a: Koraidon|83\/100\n|move|p2a: Koraidon|Scale Shot|p1a: Ceruledge\n|-damage|p1a: Ceruledge|0 fnt\n|faint|p1a: Ceruledge\n|-hitcount|p1: Ceruledge|1\n|-unboost|p2a: Koraidon|def|1\n|-boost|p2a: Koraidon|spe|1\n|\n|-weather|SunnyDay|[upkeep]\n|upkeep\n|\n|t:|1698936534\n|switch|p1a: Skeledirge|Skeledirge, F|100\/100\n|turn|13\n|\n|t:|1698936540\n|switch|p2a: Toxapex|Toxapex, F|94\/100\n|move|p1a: Skeledirge|Sing|p2a: Toxapex\n|-status|p2a: Toxapex|slp|[from] move: Sing\n|\n|-weather|SunnyDay|[upkeep]\n|upkeep\n|turn|14\n|\n|t:|1698936545\n|switch|p1a: Cyclizar|Cyclizar, F|54\/100 tox\n|cant|p2a: Toxapex|slp\n|\n|-weather|SunnyDay|[upkeep]\n|-damage|p1a: Cyclizar|48\/100 tox|[from] psn\n|upkeep\n|turn|15\n|\n|t:|1698936549\n|switch|p1a: Corviknight|Corviknight, F|100\/100\n|-ability|p1a: Corviknight|Pressure\n|switch|p2a: Ting-Lu|Ting-Lu|48\/100\n|-ability|p2a: Ting-Lu|Vessel of Ruin\n|\n|-weather|SunnyDay|[upkeep]\n|-heal|p2a: Ting-Lu|54\/100|[from] item: Leftovers\n|upkeep\n|turn|16\n|\n|t:|1698936558\n|move|p1a: Corviknight|Brave Bird|p2a: Ting-Lu\n|-damage|p2a: Ting-Lu|34\/100\n|-damage|p1a: Corviknight|92\/100|[from] Recoil\n|move|p2a: Ting-Lu|Stealth Rock|p1a: Corviknight\n|-sidestart|p1: Glaceran|move: Stealth Rock\n|\n|-weather|none\n|-heal|p1a: Corviknight|98\/100|[from] item: Leftovers\n|-heal|p2a: Ting-Lu|40\/100|[from] item: Leftovers\n|upkeep\n|turn|17\n|\n|t:|1698936566\n|switch|p2a: Koraidon|Koraidon|83\/100\n|-weather|SunnyDay|[from] ability: Orichalcum Pulse|[of] p2a: Koraidon\n|-activate|p2a: Koraidon|Orichalcum Pulse|[source]\n|move|p1a: Corviknight|Defog|p2a: Koraidon\n|-unboost|p2a: Koraidon|evasion|1\n|-sideend|p1: Glaceran|Stealth Rock|[from] move: Defog|[of] p1a: Corviknight\n|\n|-weather|SunnyDay|[upkeep]\n|-heal|p1a: Corviknight|100\/100|[from] item: Leftovers\n|upkeep\n|turn|18\n|\n|t:|1698936570\n|switch|p1a: Skeledirge|Skeledirge, F|100\/100\n|move|p2a: Koraidon|Flare Blitz|p1a: Skeledirge\n|-resisted|p1a: Skeledirge\n|-damage|p1a: Skeledirge|72\/100\n|-damage|p2a: Koraidon|72\/100|[from] Recoil\n|\n|-weather|SunnyDay|[upkeep]\n|upkeep\n|turn|19\n|\n|t:|1698936575\n|switch|p2a: Toxapex|Toxapex, F|100\/100 slp\n|move|p1a: Skeledirge|Sing|p2a: Toxapex\n|-fail|p2a: Toxapex|slp\n|\n|-weather|SunnyDay|[upkeep]\n|upkeep\n|turn|20\n|\n|t:|1698936578\n|switch|p1a: Cyclizar|Cyclizar, F|81\/100 tox\n|-curestatus|p2a: Toxapex|slp|[msg]\n|move|p2a: Toxapex|Toxic Spikes|p1a: Cyclizar\n|-sidestart|p1: Glaceran|move: Toxic Spikes\n|\n|-weather|SunnyDay|[upkeep]\n|-damage|p1a: Cyclizar|75\/100 tox|[from] psn\n|upkeep\n|turn|21\n|\n|t:|1698936588\n|switch|p2a: Ting-Lu|Ting-Lu|40\/100\n|-ability|p2a: Ting-Lu|Vessel of Ruin\n|move|p1a: Cyclizar|Shed Tail|p1a: Cyclizar\n|-start|p1a: Cyclizar|Substitute|[from] move: Shed Tail\n|-damage|p1a: Cyclizar|25\/100 tox\n|\n|t:|1698936594\n|switch|p1a: Corviknight|Corviknight, F|100\/100|[from] Shed Tail\n|-ability|p1a: Corviknight|Pressure\n|\n|-weather|none\n|-heal|p2a: Ting-Lu|46\/100|[from] item: Leftovers\n|upkeep\n|turn|22\n|\n|t:|1698936597\n|move|p1a: Corviknight|Defog|p2a: Ting-Lu\n|-unboost|p2a: Ting-Lu|evasion|1\n|-sideend|p1: Glaceran|Toxic Spikes|[from] move: Defog|[of] p1a: Corviknight\n|move|p2a: Ting-Lu|Whirlwind|p1a: Corviknight\n|drag|p1a: Calyrex|Calyrex-Shadow|100\/100\n|-ability|p1a: Calyrex|As One\n|-ability|p1a: Calyrex|Unnerve\n|\n|-heal|p2a: Ting-Lu|52\/100|[from] item: Leftovers\n|upkeep\n|turn|23\n|\n|t:|1698936604\n|move|p1a: Calyrex|Grass Knot|p2a: Ting-Lu\n|-supereffective|p2a: Ting-Lu\n|-damage|p2a: Ting-Lu|0 fnt\n|faint|p2a: Ting-Lu\n|-ability|p1a: Calyrex|Grim Neigh|boost\n|-boost|p1a: Calyrex|spa|1\n|\n|upkeep\n|\n|t:|1698936610\n|switch|p2a: Calyrex|Calyrex-Shadow|100\/100\n|-ability|p2a: Calyrex|As One\n|-ability|p2a: Calyrex|Unnerve\n|turn|24\n|\n|t:|1698936614\n|move|p1a: Calyrex|Astral Barrage|p2a: Calyrex\n|-supereffective|p2a: Calyrex\n|-enditem|p2a: Calyrex|Focus Sash\n|-damage|p2a: Calyrex|1\/100\n|move|p2a: Calyrex|Astral Barrage|p1a: Calyrex\n|-supereffective|p1a: Calyrex\n|-enditem|p1a: Calyrex|Focus Sash\n|-damage|p1a: Calyrex|1\/100\n|\n|upkeep\n|turn|25\n|\n|t:|1698936618\n|switch|p2a: Arceus|Arceus|100\/100\n|move|p1a: Calyrex|Draining Kiss|p2a: Arceus\n|-damage|p2a: Arceus|79\/100\n|-heal|p1a: Calyrex|22\/100|[from] drain|[of] p2a: Arceus\n|\n|upkeep\n|turn|26\n|\n|t:|1698936623\n|switch|p1a: Corviknight|Corviknight, F|100\/100\n|-ability|p1a: Corviknight|Pressure\n|move|p2a: Arceus|Shadow Claw|p1a: Corviknight\n|-damage|p1a: Corviknight|83\/100\n|\n|-heal|p1a: Corviknight|89\/100|[from] item: Leftovers\n|upkeep\n|turn|27\n|\n|t:|1698936628\n|switch|p2a: Koraidon|Koraidon|72\/100\n|-weather|SunnyDay|[from] ability: Orichalcum Pulse|[of] p2a: Koraidon\n|-activate|p2a: Koraidon|Orichalcum Pulse|[source]\n|move|p1a: Corviknight|U-turn|p2a: Koraidon\n|-resisted|p2a: Koraidon\n|-damage|p2a: Koraidon|65\/100\n|\n|t:|1698936632\n|switch|p1a: Calyrex|Calyrex-Shadow|22\/100|[from] U-turn\n|-ability|p1a: Calyrex|As One\n|-ability|p1a: Calyrex|Unnerve\n|\n|-weather|SunnyDay|[upkeep]\n|upkeep\n|turn|28\n|\n|t:|1698936644\n|move|p1a: Calyrex|Psyshock|p2a: Koraidon\n|-supereffective|p2a: Koraidon\n|-damage|p2a: Koraidon|0 fnt\n|faint|p2a: Koraidon\n|-ability|p1a: Calyrex|Grim Neigh|boost\n|-boost|p1a: Calyrex|spa|1\n|\n|-weather|SunnyDay|[upkeep]\n|upkeep\n|\n|t:|1698936652\n|switch|p2a: Calyrex|Calyrex-Shadow|1\/100\n|-ability|p2a: Calyrex|As One\n|-ability|p2a: Calyrex|Unnerve\n|turn|29\n|\n|t:|1698936656\n|move|p2a: Calyrex|Psychic|p1a: Calyrex\n|-resisted|p1a: Calyrex\n|-damage|p1a: Calyrex|0 fnt\n|faint|p1a: Calyrex\n|-ability|p2a: Calyrex|Grim Neigh|boost\n|-boost|p2a: Calyrex|spa|1\n|\n|-weather|SunnyDay|[upkeep]\n|upkeep\n|\n|t:|1698936659\n|switch|p1a: Cyclizar|Cyclizar, F|58\/100 tox\n|turn|30\n|\n|t:|1698936664\n|switch|p2a: Toxapex|Toxapex, F|100\/100\n|move|p1a: Cyclizar|Thunderbolt|p2a: Toxapex\n|-supereffective|p2a: Toxapex\n|-damage|p2a: Toxapex|59\/100\n|\n|-weather|SunnyDay|[upkeep]\n|-damage|p1a: Cyclizar|52\/100 tox|[from] psn\n|upkeep\n|turn|31\n|\n|t:|1698936670\n|switch|p1a: Corviknight|Corviknight, F|89\/100\n|-ability|p1a: Corviknight|Pressure\n|switch|p2a: Arceus|Arceus|79\/100\n|\n|-weather|none\n|-heal|p1a: Corviknight|95\/100|[from] item: Leftovers\n|upkeep\n|turn|32\n|\n|t:|1698936674\n|move|p2a: Arceus|Swords Dance|p2a: Arceus\n|-boost|p2a: Arceus|atk|2\n|move|p1a: Corviknight|U-turn|p2a: Arceus\n|-damage|p2a: Arceus|70\/100\n|\n|t:|1698936676\n|switch|p1a: Skeledirge|Skeledirge, F|72\/100|[from] U-turn\n|\n|upkeep\n|turn|33\n|\n|t:|1698936680\n|move|p2a: Arceus|Shadow Claw|p1a: Skeledirge\n|-supereffective|p1a: Skeledirge\n|-damage|p1a: Skeledirge|38\/100\n|move|p1a: Skeledirge|Sing|p2a: Arceus|[miss]\n|-miss|p1a: Skeledirge|p2a: Arceus\n|-enditem|p1a: Skeledirge|Blunder Policy\n|-boost|p1a: Skeledirge|spe|2\n|\n|upkeep\n|turn|34\n|\n|t:|1698936685\n|move|p1a: Skeledirge|Slack Off|p1a: Skeledirge\n|-heal|p1a: Skeledirge|89\/100\n|move|p2a: Arceus|Shadow Claw|p1a: Skeledirge\n|-supereffective|p1a: Skeledirge\n|-damage|p1a: Skeledirge|55\/100\n|\n|upkeep\n|turn|35\n|\n|t:|1698936689\n|move|p1a: Skeledirge|Torch Song|p2a: Arceus\n|-damage|p2a: Arceus|49\/100\n|-boost|p1a: Skeledirge|spa|1\n|move|p2a: Arceus|Shadow Claw|p1a: Skeledirge\n|-supereffective|p1a: Skeledirge\n|-damage|p1a: Skeledirge|22\/100\n|\n|upkeep\n|turn|36\n|\n|t:|1698936693\n|move|p1a: Skeledirge|Slack Off|p1a: Skeledirge\n|-heal|p1a: Skeledirge|72\/100\n|move|p2a: Arceus|Shadow Claw|p1a: Skeledirge\n|-supereffective|p1a: Skeledirge\n|-damage|p1a: Skeledirge|35\/100\n|\n|upkeep\n|turn|37\n|\n|t:|1698936697\n|switch|p2a: Calyrex|Calyrex-Shadow|1\/100\n|-ability|p2a: Calyrex|As One\n|-ability|p2a: Calyrex|Unnerve\n|move|p1a: Skeledirge|Slack Off|p1a: Skeledirge\n|-heal|p1a: Skeledirge|85\/100\n|\n|upkeep\n|turn|38\n|\n|t:|1698936701\n|switch|p1a: Corviknight|Corviknight, F|95\/100\n|-ability|p1a: Corviknight|Pressure\n|move|p2a: Calyrex|Astral Barrage|p1a: Corviknight\n|-damage|p1a: Corviknight|31\/100\n|\n|-heal|p1a: Corviknight|37\/100|[from] item: Leftovers\n|upkeep\n|turn|39\n|\n|t:|1698936704\n|switch|p1a: Cyclizar|Cyclizar, F|85\/100 tox\n|move|p2a: Calyrex|Astral Barrage|p1a: Cyclizar\n|-immune|p1a: Cyclizar\n|\n|-damage|p1a: Cyclizar|79\/100 tox|[from] psn\n|upkeep\n|turn|40\n|\n|t:|1698936710\n|switch|p2a: Arceus|Arceus|49\/100\n|move|p1a: Cyclizar|Shed Tail|p1a: Cyclizar\n|-start|p1a: Cyclizar|Substitute|[from] move: Shed Tail\n|-damage|p1a: Cyclizar|29\/100 tox\n|\n|t:|1698936715\n|switch|p1a: Skeledirge|Skeledirge, F|85\/100|[from] Shed Tail\n|\n|upkeep\n|turn|41\n|\n|t:|1698936719\n|move|p2a: Arceus|Shadow Claw|p1a: Skeledirge\n|-supereffective|p1a: Skeledirge\n|-end|p1a: Skeledirge|Substitute\n|move|p1a: Skeledirge|Sing|p2a: Arceus|[miss]\n|-miss|p1a: Skeledirge|p2a: Arceus\n|\n|upkeep\n|turn|42\n|\n|t:|1698936728\n|switch|p2a: Toxapex|Toxapex, F|92\/100\n|move|p1a: Skeledirge|Sing|p2a: Toxapex\n|-status|p2a: Toxapex|slp|[from] move: Sing\n|\n|upkeep\n|turn|43\n|\n|t:|1698936732\n|switch|p1a: Cyclizar|Cyclizar, F|62\/100 tox\n|cant|p2a: Toxapex|slp\n|\n|-damage|p1a: Cyclizar|56\/100 tox|[from] psn\n|upkeep\n|turn|44\n|\n|t:|1698936735\n|switch|p2a: Calyrex|Calyrex-Shadow|1\/100\n|-ability|p2a: Calyrex|As One\n|-ability|p2a: Calyrex|Unnerve\n|move|p1a: Cyclizar|Shed Tail|p1a: Cyclizar\n|-start|p1a: Cyclizar|Substitute|[from] move: Shed Tail\n|-damage|p1a: Cyclizar|6\/100 tox\n|\n|t:|1698936741\n|switch|p1a: Skeledirge|Skeledirge, F|85\/100|[from] Shed Tail\n|\n|upkeep\n|turn|45\n|\n|t:|1698936745\n|move|p2a: Calyrex|Astral Barrage|p1a: Skeledirge\n|-supereffective|p1a: Skeledirge\n|-end|p1a: Skeledirge|Substitute\n|move|p1a: Skeledirge|Torch Song|p2a: Calyrex\n|-damage|p2a: Calyrex|0 fnt\n|-boost|p1a: Skeledirge|spa|1\n|faint|p2a: Calyrex\n|\n|upkeep\n|-message|4th Acct To 1700 forfeited.\n|\n|win|Glaceran\n|raw|Glaceran's rating: 1566 &rarr; <strong>1585<\/strong><br \/>(+19 for winning)\n|raw|4th Acct To 1700's rating: 1551 &rarr; <strong>1532<\/strong><br \/>(-19 for losing)\n|l|\u26064th Acct To 1700\n|j| Laprasplayer\n|j| Coronet077\n|j| eavo\n","uploadtime":1698936776,"views":7,"p1id":"glaceran","p2id":"4thacctto1700","formatid":"gen9anythinggoes","rating":1532,"private":0,"password":""}