{"id":"gen9anythinggoes-1996317400","p1":"Agent4b","p2":"geesegoose","format":"[Gen 9] Anything Goes","log":"|j|\u2606Agent4b\n|j|\u2606geesegoose\n|t:|1700670573\n|gametype|singles\n|player|p1|Agent4b|rosa|1257\n|player|p2|geesegoose|102|1166\n|teamsize|p1|6\n|teamsize|p2|6\n|gen|9\n|tier|[Gen 9] Anything Goes\n|rated|\n|rule|HP Percentage Mod: HP is shown in percentages\n|rule|Endless Battle Clause: Forcing endless battles is banned\n|clearpoke\n|poke|p1|Chien-Pao|\n|poke|p1|Zamazenta-*|\n|poke|p1|Palkia|\n|poke|p1|Jirachi|\n|poke|p1|Miraidon|\n|poke|p1|Ditto|\n|poke|p2|Gastrodon, M|\n|poke|p2|Rotom-Mow|\n|poke|p2|Skeledirge, F|\n|poke|p2|Urshifu-*, M|\n|poke|p2|Mandibuzz, F|\n|poke|p2|Iron Moth|\n|teampreview\n|\n|t:|1700670587\n|start\n|switch|p1a: Among us|Ditto, shiny|100\/100\n|switch|p2a: Rotom|Rotom-Mow|100\/100\n|-transform|p1a: Among us|p2a: Rotom|[from] ability: Imposter\n|turn|1\n|\n|t:|1700670594\n|move|p2a: Rotom|Volt Switch|p1a: Among us\n|-resisted|p1a: Among us\n|-damage|p1a: Among us|93\/100\n|\n|t:|1700670599\n|switch|p2a: Gastrodon|Gastrodon, M|100\/100|[from] Volt Switch\n|move|p1a: Among us|Trick|p2a: Gastrodon\n|-activate|p1a: Among us|move: Trick|[of] p2a: Gastrodon\n|-item|p2a: Gastrodon|Leftovers|[from] move: Trick\n|-item|p1a: Among us|Leftovers|[from] move: Trick\n|\n|-heal|p1a: Among us|99\/100|[from] item: Leftovers\n|upkeep\n|turn|2\n|\n|t:|1700670617\n|switch|p2a: Iron Moth|Iron Moth|100\/100\n|-enditem|p2a: Iron Moth|Booster Energy\n|-activate|p2a: Iron Moth|ability: Quark Drive|[fromitem]\n|-start|p2a: Iron Moth|quarkdrivespe\n|move|p1a: Among us|Leaf Storm|p2a: Iron Moth\n|-resisted|p2a: Iron Moth\n|-damage|p2a: Iron Moth|87\/100\n|-unboost|p1a: Among us|spa|2\n|\n|-heal|p1a: Among us|100\/100|[from] item: Leftovers\n|upkeep\n|turn|3\n|\n|t:|1700670630\n|move|p2a: Iron Moth|Fiery Dance|p1a: Among us\n|-supereffective|p1a: Among us\n|-damage|p1a: Among us|20\/100\n|move|p1a: Among us|Volt Switch|p2a: Iron Moth\n|-crit|p2a: Iron Moth\n|-damage|p2a: Iron Moth|35\/100\n|\n|t:|1700670639\n|switch|p1a: California gurls|Palkia, shiny|100\/100|[from] Volt Switch\n|-ability|p1a: California gurls|Pressure\n|\n|upkeep\n|turn|4\n|\n|t:|1700670655\n|move|p2a: Iron Moth|Sludge Wave|p1a: California gurls\n|-damage|p1a: California gurls|61\/100\n|move|p1a: California gurls|Waterfall|p2a: Iron Moth\n|-supereffective|p2a: Iron Moth\n|-damage|p2a: Iron Moth|0 fnt\n|faint|p2a: Iron Moth\n|-end|p2a: Iron Moth|Quark Drive|[silent]\n|\n|upkeep\n|\n|t:|1700670672\n|switch|p2a: Gastrodon|Gastrodon, M|100\/100\n|turn|5\n|\n|t:|1700670682\n|move|p1a: California gurls|Spacial Rend|p2a: Gastrodon|[miss]\n|-miss|p1a: California gurls|p2a: Gastrodon\n|move|p2a: Gastrodon|Stealth Rock|p1a: California gurls\n|-sidestart|p1: Agent4b|move: Stealth Rock\n|\n|upkeep\n|turn|6\n|\n|t:|1700670688\n|move|p1a: California gurls|Spacial Rend|p2a: Gastrodon\n|-crit|p2a: Gastrodon\n|-damage|p2a: Gastrodon|40\/100\n|move|p2a: Gastrodon|Spikes|p1a: California gurls\n|-sidestart|p1: Agent4b|Spikes\n|\n|-heal|p2a: Gastrodon|46\/100|[from] item: Leftovers\n|upkeep\n|turn|7\n|\n|t:|1700670697\n|move|p1a: California gurls|Spacial Rend|p2a: Gastrodon\n|-damage|p2a: Gastrodon|1\/100\n|move|p2a: Gastrodon|Recover|p2a: Gastrodon\n|-heal|p2a: Gastrodon|51\/100\n|\n|-heal|p2a: Gastrodon|58\/100|[from] item: Leftovers\n|upkeep\n|turn|8\n|\n|t:|1700670701\n|move|p1a: California gurls|Spacial Rend|p2a: Gastrodon\n|-damage|p2a: Gastrodon|18\/100\n|move|p2a: Gastrodon|Recover|p2a: Gastrodon\n|-heal|p2a: Gastrodon|68\/100\n|\n|-heal|p2a: Gastrodon|74\/100|[from] item: Leftovers\n|upkeep\n|turn|9\n|\n|t:|1700670707\n|move|p1a: California gurls|Spacial Rend|p2a: Gastrodon\n|-damage|p2a: Gastrodon|35\/100\n|move|p2a: Gastrodon|Recover|p2a: Gastrodon\n|-heal|p2a: Gastrodon|85\/100\n|\n|-heal|p2a: Gastrodon|91\/100|[from] item: Leftovers\n|upkeep\n|turn|10\n|\n|t:|1700670720\n|switch|p2a: Mandibuzz|Mandibuzz, F|100\/100\n|move|p1a: California gurls|Spacial Rend|p2a: Mandibuzz\n|-damage|p2a: Mandibuzz|46\/100\n|\n|upkeep\n|turn|11\n|\n|t:|1700670735\n|move|p1a: California gurls|Spacial Rend|p2a: Mandibuzz\n|-damage|p2a: Mandibuzz|0 fnt\n|faint|p2a: Mandibuzz\n|\n|upkeep\n|\n|t:|1700670752\n|switch|p2a: Rotom|Rotom-Mow|100\/100\n|turn|12\n|\n|t:|1700670756\n|move|p2a: Rotom|Leaf Storm|p1a: California gurls\n|-damage|p1a: California gurls|8\/100\n|-unboost|p2a: Rotom|spa|2\n|move|p1a: California gurls|Dual Wingbeat|p2a: Rotom\n|-damage|p2a: Rotom|84\/100\n|-damage|p2a: Rotom|66\/100\n|-hitcount|p2a: Rotom|2\n|\n|upkeep\n|turn|13\n|\n|t:|1700670760\n|move|p2a: Rotom|Leaf Storm|p1a: California gurls\n|-damage|p1a: California gurls|0 fnt\n|-unboost|p2a: Rotom|spa|2\n|faint|p1a: California gurls\n|\n|upkeep\n|\n|t:|1700670767\n|switch|p1a: Simba|Chien-Pao|100\/100\n|-damage|p1a: Simba|76\/100|[from] Stealth Rock\n|-damage|p1a: Simba|63\/100|[from] Spikes\n|-ability|p1a: Simba|Sword of Ruin\n|turn|14\n|\n|t:|1700670773\n|move|p1a: Simba|Ice Shard|p2a: Rotom\n|-supereffective|p2a: Rotom\n|-damage|p2a: Rotom|0 fnt\n|faint|p2a: Rotom\n|\n|upkeep\n|\n|t:|1700670780\n|switch|p2a: Urshifu|Urshifu-Rapid-Strike, M|100\/100\n|turn|15\n|\n|t:|1700670786\n|move|p1a: Simba|Sheer Cold|p2a: Urshifu\n|-damage|p2a: Urshifu|0 fnt\n|faint|p2a: Urshifu\n|-ohko\n|\n|upkeep\n|c|\u2606geesegoose|damn okay\n|\n|t:|1700670804\n|switch|p2a: Skeledirge|Skeledirge, F|100\/100\n|turn|16\n|\n|t:|1700670808\n|-terastallize|p2a: Skeledirge|Fairy\n|move|p1a: Simba|Sheer Cold|p2a: Skeledirge\n|-damage|p2a: Skeledirge|0 fnt\n|faint|p2a: Skeledirge\n|-ohko\n|\n|upkeep\n|\n|t:|1700670813\n|switch|p2a: Gastrodon|Gastrodon, M|91\/100\n|turn|17\n|\n|t:|1700670817\n|move|p1a: Simba|Sheer Cold|p2a: Gastrodon\n|-damage|p2a: Gastrodon|0 fnt\n|faint|p2a: Gastrodon\n|-ohko\n|\n|win|Agent4b\n|raw|Agent4b's rating: 1257 &rarr; <strong>1276<\/strong><br \/>(+19 for winning)\n|raw|geesegoose's rating: 1166 &rarr; <strong>1147<\/strong><br \/>(-19 for losing)\n|l|\u2606Agent4b\n","uploadtime":1700670831,"views":2,"p1id":"agent4b","p2id":"geesegoose","formatid":"gen9anythinggoes","rating":1147,"private":0,"password":""}