{"id":"gen9anythinggoes-1986543493","p1":"Bonecula123","p2":"789789456456L","format":"[Gen 9] Anything Goes","log":"|j|\u2606Bonecula123\n|j|\u2606789789456456L\n|t:|1699490143\n|gametype|singles\n|player|p1|Bonecula123|colress|1395\n|player|p2|789789456456L|169|1382\n|teamsize|p1|6\n|teamsize|p2|6\n|gen|9\n|tier|[Gen 9] Anything Goes\n|rated|\n|rule|HP Percentage Mod: HP is shown in percentages\n|rule|Endless Battle Clause: Forcing endless battles is banned\n|clearpoke\n|poke|p1|Calyrex-Shadow|\n|poke|p1|Basculegion-F, F|\n|poke|p1|Maushold-Four|\n|poke|p1|Shaymin-Sky|\n|poke|p1|Manaphy|\n|poke|p1|Kyogre|\n|poke|p2|Toxapex, F|\n|poke|p2|Dragapult, M|\n|poke|p2|Tsareena, F|\n|poke|p2|Murkrow, M|\n|poke|p2|Iron Treads|\n|poke|p2|Arboliva, F|\n|teampreview\n|inactive|Battle timer is ON: inactive players will automatically lose when time's up. (requested by Bonecula123)\n|\n|t:|1699490152\n|start\n|switch|p1a: I don't even know|Shaymin-Sky|100\/100\n|switch|p2a: Arboliva|Arboliva, F|100\/100\n|turn|1\n|\n|t:|1699490159\n|move|p1a: I don't even know|Sunny Day|p1a: I don't even know\n|-weather|SunnyDay\n|move|p2a: Arboliva|Light Screen|p2a: Arboliva\n|-sidestart|p2: 789789456456L|move: Light Screen\n|\n|-weather|SunnyDay|[upkeep]\n|upkeep\n|turn|2\n|\n|t:|1699490165\n|move|p1a: I don't even know|Growth|p1a: I don't even know\n|-boost|p1a: I don't even know|atk|2\n|-boost|p1a: I don't even know|spa|2\n|move|p2a: Arboliva|Hyper Voice|p1a: I don't even know\n|-damage|p1a: I don't even know|38\/100\n|\n|-weather|SunnyDay|[upkeep]\n|upkeep\n|turn|3\n|\n|t:|1699490171\n|move|p1a: I don't even know|Baton Pass|p1a: I don't even know\n|\n|t:|1699490174\n|switch|p1a: My Little Pony|Calyrex-Shadow|100\/100|[from] Baton Pass\n|-ability|p1a: My Little Pony|As One\n|-ability|p1a: My Little Pony|Unnerve\n|move|p2a: Arboliva|Hyper Voice|p1a: My Little Pony\n|-immune|p1a: My Little Pony\n|\n|-weather|SunnyDay|[upkeep]\n|upkeep\n|turn|4\n|\n|t:|1699490185\n|move|p1a: My Little Pony|Energy Ball|p2a: Arboliva\n|-resisted|p2a: Arboliva\n|-damage|p2a: Arboliva|84\/100\n|-fieldstart|move: Grassy Terrain|[from] ability: Seed Sower|[of] p2a: Arboliva\n|move|p2a: Arboliva|Strength Sap|p1a: My Little Pony\n|-unboost|p1a: My Little Pony|atk|1\n|-heal|p2a: Arboliva|100\/100\n|\n|-weather|SunnyDay|[upkeep]\n|upkeep\n|turn|5\n|\n|t:|1699490194\n|move|p1a: My Little Pony|Draining Kiss|p2a: Arboliva\n|-damage|p2a: Arboliva|82\/100\n|move|p2a: Arboliva|Strength Sap|p1a: My Little Pony\n|-unboost|p1a: My Little Pony|atk|1\n|-heal|p2a: Arboliva|100\/100\n|\n|-weather|none\n|-sideend|p2: 789789456456L|move: Light Screen\n|upkeep\n|turn|6\n|\n|t:|1699490201\n|move|p1a: My Little Pony|Nasty Plot|p1a: My Little Pony\n|-boost|p1a: My Little Pony|spa|2\n|move|p2a: Arboliva|Light Screen|p2a: Arboliva\n|-sidestart|p2: 789789456456L|move: Light Screen\n|\n|upkeep\n|turn|7\n|\n|t:|1699490210\n|move|p1a: My Little Pony|Nasty Plot|p1a: My Little Pony\n|-boost|p1a: My Little Pony|spa|2\n|move|p2a: Arboliva|Substitute|p2a: Arboliva\n|-start|p2a: Arboliva|Substitute\n|-damage|p2a: Arboliva|75\/100\n|\n|-heal|p2a: Arboliva|82\/100|[from] Grassy Terrain\n|-heal|p2a: Arboliva|88\/100|[from] item: Leftovers\n|upkeep\n|turn|8\n|\n|t:|1699490218\n|move|p1a: My Little Pony|Draining Kiss|p2a: Arboliva\n|-end|p2a: Arboliva|Substitute\n|move|p2a: Arboliva|Strength Sap|p1a: My Little Pony\n|-unboost|p1a: My Little Pony|atk|1\n|-heal|p2a: Arboliva|100\/100\n|\n|-fieldend|move: Grassy Terrain\n|upkeep\n|turn|9\n|\n|t:|1699490226\n|move|p1a: My Little Pony|Draining Kiss|p2a: Arboliva\n|-damage|p2a: Arboliva|64\/100\n|-fieldstart|move: Grassy Terrain|[from] ability: Seed Sower|[of] p2a: Arboliva\n|move|p2a: Arboliva|Substitute|p2a: Arboliva\n|-start|p2a: Arboliva|Substitute\n|-damage|p2a: Arboliva|39\/100\n|\n|-heal|p2a: Arboliva|45\/100|[from] Grassy Terrain\n|-heal|p2a: Arboliva|51\/100|[from] item: Leftovers\n|upkeep\n|turn|10\n|\n|t:|1699490237\n|move|p1a: My Little Pony|Draining Kiss|p2a: Arboliva\n|-end|p2a: Arboliva|Substitute\n|move|p2a: Arboliva|Strength Sap|p1a: My Little Pony\n|-unboost|p1a: My Little Pony|atk|1\n|-heal|p2a: Arboliva|80\/100\n|\n|-heal|p2a: Arboliva|86\/100|[from] Grassy Terrain\n|-heal|p2a: Arboliva|92\/100|[from] item: Leftovers\n|-sideend|p2: 789789456456L|move: Light Screen\n|upkeep\n|turn|11\n|\n|t:|1699490248\n|move|p1a: My Little Pony|Draining Kiss|p2a: Arboliva\n|-damage|p2a: Arboliva|17\/100\n|move|p2a: Arboliva|Light Screen|p2a: Arboliva\n|-sidestart|p2: 789789456456L|move: Light Screen\n|\n|-heal|p2a: Arboliva|24\/100|[from] Grassy Terrain\n|-heal|p2a: Arboliva|30\/100|[from] item: Leftovers\n|upkeep\n|turn|12\n|\n|t:|1699490254\n|move|p1a: My Little Pony|Draining Kiss|p2a: Arboliva\n|-damage|p2a: Arboliva|0 fnt\n|faint|p2a: Arboliva\n|\n|upkeep\n|\n|t:|1699490259\n|switch|p2a: Murkrow|Murkrow, M|100\/100\n|turn|13\n|\n|t:|1699490262\n|move|p2a: Murkrow|Thunder Wave|p1a: My Little Pony\n|-status|p1a: My Little Pony|par\n|cant|p1a: My Little Pony|par\n|\n|-fieldend|move: Grassy Terrain\n|upkeep\n|turn|14\n|\n|t:|1699490270\n|move|p2a: Murkrow|Haze|p2a: Murkrow\n|-clearallboost\n|move|p1a: My Little Pony|Draining Kiss|p2a: Murkrow\n|-supereffective|p2a: Murkrow\n|-damage|p2a: Murkrow|74\/100\n|\n|upkeep\n|turn|15\n|\n|t:|1699490278\n|move|p2a: Murkrow|Confuse Ray|p1a: My Little Pony\n|-start|p1a: My Little Pony|confusion\n|-activate|p1a: My Little Pony|confusion\n|move|p1a: My Little Pony|Draining Kiss|p2a: Murkrow\n|-supereffective|p2a: Murkrow\n|-crit|p2a: Murkrow\n|-damage|p2a: Murkrow|0 fnt\n|faint|p2a: Murkrow\n|-ability|p1a: My Little Pony|Grim Neigh|boost\n|-boost|p1a: My Little Pony|spa|1\n|\n|-sideend|p2: 789789456456L|move: Light Screen\n|upkeep\n|\n|t:|1699490289\n|switch|p2a: Iron Treads|Iron Treads|100\/100\n|turn|16\n|\n|t:|1699490293\n|move|p2a: Iron Treads|Knock Off|p1a: My Little Pony\n|-supereffective|p1a: My Little Pony\n|-enditem|p1a: My Little Pony|Focus Sash\n|-damage|p1a: My Little Pony|1\/100 par\n|-end|p1a: My Little Pony|confusion\n|move|p1a: My Little Pony|Astral Barrage|p2a: Iron Treads\n|-damage|p2a: Iron Treads|0 fnt\n|faint|p2a: Iron Treads\n|-end|p2a: Iron Treads|Quark Drive|[silent]\n|-ability|p1a: My Little Pony|Grim Neigh|boost\n|-boost|p1a: My Little Pony|spa|1\n|\n|upkeep\n|\n|t:|1699490304\n|switch|p2a: Drago|Dragapult, M|100\/100\n|turn|17\n|\n|t:|1699490308\n|switch|p1a: Happy Family|Maushold-Four|100\/100\n|move|p2a: Drago|Dragon Dance|p2a: Drago\n|-boost|p2a: Drago|atk|1\n|-boost|p2a: Drago|spe|1\n|\n|upkeep\n|turn|18\n|\n|t:|1699490317\n|move|p2a: Drago|Dragon Darts|p1a: Happy Family\n|-damage|p1a: Happy Family|37\/100\n|-anim|p2a: Drago|Dragon Darts|p1a: Happy Family\n|-damage|p1a: Happy Family|0 fnt\n|faint|p1a: Happy Family\n|\n|upkeep\n|\n|t:|1699490323\n|switch|p1a: I don't even know|Shaymin-Sky|38\/100\n|turn|19\n|\n|t:|1699490327\n|move|p2a: Drago|Dragon Darts|p1a: I don't even know\n|-damage|p1a: I don't even know|0 fnt\n|faint|p1a: I don't even know\n|\n|upkeep\n|\n|t:|1699490334\n|switch|p1a: My Little Pony|Calyrex-Shadow|1\/100 par\n|-ability|p1a: My Little Pony|As One\n|-ability|p1a: My Little Pony|Unnerve\n|turn|20\n|\n|t:|1699490341\n|move|p2a: Drago|Phantom Force||[still]\n|-prepare|p2a: Drago|Phantom Force\n|move|p1a: My Little Pony|Astral Barrage|p2a: Drago|[miss]\n|-miss|p1a: My Little Pony|p2a: Drago\n|\n|upkeep\n|turn|21\n|\n|t:|1699490349\n|move|p2a: Drago|Phantom Force|p1a: My Little Pony|[from]lockedmove\n|-supereffective|p1a: My Little Pony\n|-damage|p1a: My Little Pony|0 fnt\n|faint|p1a: My Little Pony\n|\n|upkeep\n|\n|t:|1699490351\n|switch|p1a: your mom|Kyogre|100\/100\n|-weather|RainDance|[from] ability: Drizzle|[of] p1a: your mom\n|turn|22\n|\n|t:|1699490356\n|move|p2a: Drago|Dragon Darts|p1a: your mom\n|-damage|p1a: your mom|61\/100\n|-anim|p2a: Drago|Dragon Darts|p1a: your mom\n|-damage|p1a: your mom|26\/100\n|move|p1a: your mom|Ancient Power|p2a: Drago\n|-damage|p2a: Drago|68\/100\n|\n|-weather|RainDance|[upkeep]\n|upkeep\n|turn|23\n|\n|t:|1699490365\n|move|p2a: Drago|Dragon Darts|p1a: your mom\n|-damage|p1a: your mom|0 fnt\n|faint|p1a: your mom\n|\n|-weather|RainDance|[upkeep]\n|upkeep\n|\n|t:|1699490369\n|switch|p1a: Mmm tasty|Manaphy|100\/100\n|turn|24\n|\n|t:|1699490373\n|move|p2a: Drago|Dragon Darts|p1a: Mmm tasty\n|-damage|p1a: Mmm tasty|61\/100\n|-anim|p2a: Drago|Dragon Darts|p1a: Mmm tasty\n|-damage|p1a: Mmm tasty|19\/100\n|move|p1a: Mmm tasty|Heart Swap|p2a: Drago\n|-swapboost|p1a: Mmm tasty|p2a: Drago|[from] move: Heart Swap\n|\n|-weather|RainDance|[upkeep]\n|upkeep\n|turn|25\n|\n|t:|1699490384\n|-terastallize|p2a: Drago|Fairy\n|move|p1a: Mmm tasty|Baton Pass|p1a: Mmm tasty\n|\n|t:|1699490387\n|switch|p1a: fish|Basculegion-F, F|100\/100|[from] Baton Pass\n|move|p2a: Drago|Dragon Dance|p2a: Drago\n|-boost|p2a: Drago|atk|1\n|-boost|p2a: Drago|spe|1\n|\n|-weather|RainDance|[upkeep]\n|upkeep\n|turn|26\n|\n|t:|1699490396\n|move|p1a: fish|Last Respects|p2a: Drago\n|-damage|p2a: Drago|0 fnt\n|faint|p2a: Drago\n|\n|-weather|RainDance|[upkeep]\n|upkeep\n|\n|t:|1699490405\n|switch|p2a: Toxapex|Toxapex, F|100\/100\n|turn|27\n|\n|t:|1699490408\n|move|p1a: fish|Last Respects|p2a: Toxapex\n|-damage|p2a: Toxapex|0 fnt\n|faint|p2a: Toxapex\n|\n|-weather|RainDance|[upkeep]\n|upkeep\n|-message|789789456456L forfeited.\n|\n|win|Bonecula123\n|raw|Bonecula123's rating: 1395 &rarr; <strong>1414<\/strong><br \/>(+19 for winning)\n|raw|789789456456L's rating: 1382 &rarr; <strong>1363<\/strong><br \/>(-19 for losing)\n|l|\u2606789789456456L\n|c|\u2606Bonecula123|ggs\n","uploadtime":1699490419,"views":10,"p1id":"bonecula123","p2id":"789789456456l","formatid":"gen9anythinggoes","rating":1363,"private":0,"password":""}