{"id":"gen9anythinggoes-1974959775","p1":"Galactic skylar","p2":"Hzozv","format":"[Gen 9] Anything Goes","log":"|j|\u2606Galactic skylar\n|j|\u2606Hzozv\n|t:|1698149602\n|gametype|singles\n|player|p1|Galactic skylar|cynthia-gen4|1525\n|player|p2|Hzozv|lusamine-nihilego|1473\n|teamsize|p1|6\n|teamsize|p2|6\n|gen|9\n|tier|[Gen 9] Anything Goes\n|rated|\n|rule|HP Percentage Mod: HP is shown in percentages\n|rule|Endless Battle Clause: Forcing endless battles is banned\n|clearpoke\n|poke|p1|Chien-Pao|\n|poke|p1|Flutter Mane|\n|poke|p1|Quaquaval, M|\n|poke|p1|Kingambit, F|\n|poke|p1|Koraidon|\n|poke|p1|Koraidon|\n|poke|p2|Tatsugiri-Droopy, F|\n|poke|p2|Espeon, F|\n|poke|p2|Clefable, F|\n|poke|p2|Drifblim, F|\n|poke|p2|Krookodile, F|\n|poke|p2|Ditto|\n|teampreview\n|inactive|Battle timer is ON: inactive players will automatically lose when time's up. (requested by Hzozv)\n|\n|t:|1698149609\n|start\n|switch|p1a: Flutter Mane|Flutter Mane|100\/100\n|switch|p2a: Drifblim|Drifblim, F|100\/100\n|turn|1\n|\n|t:|1698149616\n|-terastallize|p2a: Drifblim|Dragon\n|move|p1a: Flutter Mane|Thunder Wave|p2a: Drifblim\n|-status|p2a: Drifblim|par\n|move|p2a: Drifblim|Substitute|p2a: Drifblim\n|-start|p2a: Drifblim|Substitute\n|-damage|p2a: Drifblim|76\/100 par\n|\n|upkeep\n|turn|2\n|\n|t:|1698149623\n|move|p1a: Flutter Mane|Moonblast|p2a: Drifblim\n|-supereffective|p2a: Drifblim\n|-end|p2a: Drifblim|Substitute\n|move|p2a: Drifblim|Minimize|p2a: Drifblim\n|-boost|p2a: Drifblim|evasion|2\n|\n|upkeep\n|turn|3\n|\n|t:|1698149635\n|move|p1a: Flutter Mane|Moonblast|p2a: Drifblim|[miss]\n|-miss|p1a: Flutter Mane|p2a: Drifblim\n|move|p2a: Drifblim|Baton Pass|p2a: Drifblim\n|\n|t:|1698149651\n|switch|p2a: Clefable|Clefable, F|100\/100|[from] Baton Pass\n|\n|upkeep\n|turn|4\n|\n|t:|1698149662\n|-end|p1a: Flutter Mane|Protosynthesis|[silent]\n|switch|p1a: Quaquaval|Quaquaval, M|100\/100\n|move|p2a: Clefable|Cosmic Power|p2a: Clefable\n|-boost|p2a: Clefable|def|1\n|-boost|p2a: Clefable|spd|1\n|-enditem|p1a: Quaquaval|Mirror Herb\n|-boost|p1a: Quaquaval|def|1|[from] item: Mirror Herb\n|-boost|p1a: Quaquaval|spd|1|[from] item: Mirror Herb\n|\n|upkeep\n|turn|5\n|\n|t:|1698149672\n|move|p1a: Quaquaval|Aqua Step|p2a: Clefable\n|-damage|p2a: Clefable|70\/100\n|-boost|p1a: Quaquaval|spe|1\n|move|p2a: Clefable|Cosmic Power|p2a: Clefable\n|-boost|p2a: Clefable|def|1\n|-boost|p2a: Clefable|spd|1\n|\n|-heal|p2a: Clefable|76\/100|[from] item: Leftovers\n|upkeep\n|turn|6\n|\n|t:|1698149682\n|move|p1a: Quaquaval|Aqua Step|p2a: Clefable\n|-crit|p2a: Clefable\n|-damage|p2a: Clefable|10\/100\n|-boost|p1a: Quaquaval|spe|1\n|move|p2a: Clefable|Wish|p2a: Clefable\n|\n|-heal|p2a: Clefable|16\/100|[from] item: Leftovers\n|upkeep\n|turn|7\n|\n|t:|1698149691\n|move|p1a: Quaquaval|Aqua Step|p2a: Clefable|[miss]\n|-miss|p1a: Quaquaval|p2a: Clefable\n|move|p2a: Clefable|Cosmic Power|p2a: Clefable\n|-boost|p2a: Clefable|def|1\n|-boost|p2a: Clefable|spd|1\n|\n|-heal|p2a: Clefable|66\/100|[from] move: Wish|[wisher] Clefable\n|-heal|p2a: Clefable|72\/100|[from] item: Leftovers\n|upkeep\n|turn|8\n|\n|t:|1698149699\n|move|p1a: Quaquaval|Aqua Step|p2a: Clefable\n|-crit|p2a: Clefable\n|-damage|p2a: Clefable|2\/100\n|-boost|p1a: Quaquaval|spe|1\n|move|p2a: Clefable|Wish|p2a: Clefable\n|\n|-heal|p2a: Clefable|8\/100|[from] item: Leftovers\n|upkeep\n|turn|9\n|c|\u2606Hzozv|YO WTF\n|\n|t:|1698149709\n|move|p1a: Quaquaval|Aqua Step|p2a: Clefable|[miss]\n|-miss|p1a: Quaquaval|p2a: Clefable\n|move|p2a: Clefable|Cosmic Power|p2a: Clefable\n|-boost|p2a: Clefable|def|1\n|-boost|p2a: Clefable|spd|1\n|\n|-heal|p2a: Clefable|58\/100|[from] move: Wish|[wisher] Clefable\n|-heal|p2a: Clefable|64\/100|[from] item: Leftovers\n|upkeep\n|turn|10\n|c|\u2606Galactic skylar|Plz one more crit\n|\n|t:|1698149720\n|move|p1a: Quaquaval|Aqua Step|p2a: Clefable|[miss]\n|-miss|p1a: Quaquaval|p2a: Clefable\n|move|p2a: Clefable|Wish|p2a: Clefable\n|\n|-heal|p2a: Clefable|70\/100|[from] item: Leftovers\n|upkeep\n|turn|11\n|c|\u2606Hzozv|AW HELL NAW\n|\n|t:|1698149729\n|move|p1a: Quaquaval|Aqua Step|p2a: Clefable\n|-crit|p2a: Clefable\n|-damage|p2a: Clefable|6\/100\n|-boost|p1a: Quaquaval|spe|1\n|move|p2a: Clefable|Cosmic Power|p2a: Clefable\n|-boost|p2a: Clefable|def|1\n|-boost|p2a: Clefable|spd|1\n|\n|-heal|p2a: Clefable|56\/100|[from] move: Wish|[wisher] Clefable\n|-heal|p2a: Clefable|62\/100|[from] item: Leftovers\n|upkeep\n|turn|12\n|c|\u2606Galactic skylar|Omg\n|c|\u2606Hzozv|STOP THAT RN\n|\n|t:|1698149741\n|move|p1a: Quaquaval|Aqua Step|p2a: Clefable\n|-damage|p2a: Clefable|49\/100\n|-boost|p1a: Quaquaval|spe|1\n|move|p2a: Clefable|Wish|p2a: Clefable\n|\n|-heal|p2a: Clefable|56\/100|[from] item: Leftovers\n|upkeep\n|turn|13\n|\n|t:|1698149752\n|move|p1a: Quaquaval|Aqua Step|p2a: Clefable|[miss]\n|-miss|p1a: Quaquaval|p2a: Clefable\n|move|p2a: Clefable|Baton Pass|p2a: Clefable\n|c|\u2606Galactic skylar|Oh holy god one more crit\n|\n|t:|1698149762\n|switch|p2a: Drifblim|Drifblim, F, tera:Dragon|76\/100 par|[from] Baton Pass\n|\n|-heal|p2a: Drifblim|100\/100 par|[from] move: Wish|[wisher] Clefable\n|upkeep\n|turn|14\n|\n|t:|1698149768\n|move|p1a: Quaquaval|Ice Spinner|p2a: Drifblim|[miss]\n|-miss|p1a: Quaquaval|p2a: Drifblim\n|move|p2a: Drifblim|Substitute|p2a: Drifblim\n|-start|p2a: Drifblim|Substitute\n|-damage|p2a: Drifblim|76\/100 par\n|\n|upkeep\n|turn|15\n|\n|t:|1698149774\n|move|p1a: Quaquaval|Ice Spinner|p2a: Drifblim\n|-supereffective|p2a: Drifblim\n|-activate|p2a: Drifblim|move: Substitute|[damage]\n|move|p2a: Drifblim|Minimize|p2a: Drifblim\n|-boost|p2a: Drifblim|evasion|2\n|\n|upkeep\n|turn|16\n|\n|t:|1698149781\n|move|p1a: Quaquaval|Ice Spinner|p2a: Drifblim|[miss]\n|-miss|p1a: Quaquaval|p2a: Drifblim\n|move|p2a: Drifblim|Baton Pass|p2a: Drifblim\n|\n|t:|1698149785\n|switch|p2a: Tatsugiri|Tatsugiri-Droopy, F|100\/100|[from] Baton Pass\n|\n|upkeep\n|turn|17\n|c|\u2606Galactic skylar|Honestly yah i can't defeate u\n|c|\u2606Galactic skylar|Gg\n|c|\u2606Hzozv|Gg\n|-message|Galactic skylar forfeited.\n|\n|win|Hzozv\n|raw|Galactic skylar's rating: 1525 &rarr; <strong>1502<\/strong><br \/>(-23 for losing)\n|raw|Hzozv's rating: 1473 &rarr; <strong>1496<\/strong><br \/>(+23 for winning)\n|c|\u2606Galactic skylar|But crits was fun\n","uploadtime":1698149806,"views":7,"p1id":"galacticskylar","p2id":"hzozv","formatid":"gen9anythinggoes","rating":1496,"private":0,"password":""}