{"id":"gen9anythinggoes-1987867332","p1":"Yella_Altaria","p2":"LingLing007","format":"[Gen 9] Anything Goes","log":"|j|\u2606Yella_Altaria\n|j|\u2606LingLing007\n|t:|1699644173\n|gametype|singles\n|player|p1|Yella_Altaria|volkner|1221\n|player|p2|LingLing007|cynthia-masters2|1189\n|teamsize|p1|6\n|teamsize|p2|6\n|gen|9\n|tier|[Gen 9] Anything Goes\n|rated|\n|rule|HP Percentage Mod: HP is shown in percentages\n|rule|Endless Battle Clause: Forcing endless battles is banned\n|clearpoke\n|poke|p1|Flutter Mane|\n|poke|p1|Espathra, M|\n|poke|p1|Ogerpon, F|\n|poke|p1|Arcanine-Hisui, M|\n|poke|p1|Sneasler, F|\n|poke|p1|Baxcalibur, M|\n|poke|p2|Spiritomb, F|\n|poke|p2|Milotic, F|\n|poke|p2|Lucario, M|\n|poke|p2|Garchomp, F|\n|poke|p2|Gastrodon, F|\n|poke|p2|Kommo-o, M|\n|teampreview\n|inactive|Battle timer is ON: inactive players will automatically lose when time's up. (requested by LingLing007)\n|\n|t:|1699644203\n|start\n|switch|p1a: Popeye|Espathra, M|100\/100\n|switch|p2a: Garchomp|Garchomp, F|100\/100\n|turn|1\n|\n|t:|1699644207\n|move|p2a: Garchomp|Swords Dance|p2a: Garchomp\n|-boost|p2a: Garchomp|atk|2\n|move|p1a: Popeye|Calm Mind|p1a: Popeye\n|-boost|p1a: Popeye|spa|1\n|-boost|p1a: Popeye|spd|1\n|\n|-ability|p1a: Popeye|Speed Boost|boost\n|-boost|p1a: Popeye|spe|1\n|upkeep\n|turn|2\n|\n|t:|1699644213\n|move|p1a: Popeye|Lumina Crash|p2a: Garchomp\n|-damage|p2a: Garchomp|45\/100\n|-unboost|p2a: Garchomp|spd|2\n|move|p2a: Garchomp|Stealth Rock|p1a: Popeye\n|-sidestart|p1: Yella_Altaria|move: Stealth Rock\n|\n|-ability|p1a: Popeye|Speed Boost|boost\n|-boost|p1a: Popeye|spe|1\n|upkeep\n|turn|3\n|inactive|Yella_Altaria has 120 seconds left.\n|\n|t:|1699644244\n|move|p1a: Popeye|Lumina Crash|p2a: Garchomp\n|-damage|p2a: Garchomp|0 fnt\n|faint|p2a: Garchomp\n|\n|-ability|p1a: Popeye|Speed Boost|boost\n|-boost|p1a: Popeye|spe|1\n|upkeep\n|\n|t:|1699644251\n|switch|p2a: Gastrodon|Gastrodon, F|100\/100\n|turn|4\n|inactive|Yella_Altaria has 120 seconds left.\n|\n|t:|1699644271\n|move|p1a: Popeye|Calm Mind|p1a: Popeye\n|-boost|p1a: Popeye|spa|1\n|-boost|p1a: Popeye|spd|1\n|move|p2a: Gastrodon|Clear Smog|p1a: Popeye\n|-damage|p1a: Popeye|93\/100\n|-clearboost|p1a: Popeye\n|\n|-heal|p1a: Popeye|99\/100|[from] item: Leftovers\n|-ability|p1a: Popeye|Speed Boost|boost\n|-boost|p1a: Popeye|spe|1\n|upkeep\n|turn|5\n|\n|t:|1699644276\n|move|p1a: Popeye|Lumina Crash|p2a: Gastrodon\n|-damage|p2a: Gastrodon|66\/100\n|-unboost|p2a: Gastrodon|spd|2\n|move|p2a: Gastrodon|Amnesia|p2a: Gastrodon\n|-boost|p2a: Gastrodon|spd|2\n|\n|-heal|p1a: Popeye|100\/100|[from] item: Leftovers\n|-heal|p2a: Gastrodon|73\/100|[from] item: Leftovers\n|-ability|p1a: Popeye|Speed Boost|boost\n|-boost|p1a: Popeye|spe|1\n|upkeep\n|turn|6\n|\n|t:|1699644281\n|move|p1a: Popeye|Lumina Crash|p2a: Gastrodon\n|-damage|p2a: Gastrodon|37\/100\n|-unboost|p2a: Gastrodon|spd|2\n|move|p2a: Gastrodon|Amnesia|p2a: Gastrodon\n|-boost|p2a: Gastrodon|spd|2\n|\n|-heal|p2a: Gastrodon|43\/100|[from] item: Leftovers\n|-ability|p1a: Popeye|Speed Boost|boost\n|-boost|p1a: Popeye|spe|1\n|upkeep\n|turn|7\n|\n|t:|1699644285\n|switch|p2a: Spiritomb|Spiritomb, F|100\/100\n|-ability|p2a: Spiritomb|Pressure\n|move|p1a: Popeye|Lumina Crash|p2a: Spiritomb\n|-immune|p2a: Spiritomb\n|\n|-ability|p1a: Popeye|Speed Boost|boost\n|-boost|p1a: Popeye|spe|1\n|upkeep\n|turn|8\n|\n|t:|1699644291\n|move|p1a: Popeye|Flash Cannon|p2a: Spiritomb\n|-damage|p2a: Spiritomb|81\/100\n|move|p2a: Spiritomb|Will-O-Wisp|p1a: Popeye\n|-status|p1a: Popeye|brn\n|\n|-heal|p2a: Spiritomb|87\/100|[from] item: Leftovers\n|-damage|p1a: Popeye|94\/100 brn|[from] brn\n|-ability|p1a: Popeye|Speed Boost|boost\n|-boost|p1a: Popeye|spe|1\n|upkeep\n|turn|9\n|\n|t:|1699644297\n|move|p1a: Popeye|Calm Mind|p1a: Popeye\n|-boost|p1a: Popeye|spa|1\n|-boost|p1a: Popeye|spd|1\n|move|p2a: Spiritomb|Hex|p1a: Popeye\n|-supereffective|p1a: Popeye\n|-damage|p1a: Popeye|30\/100 brn\n|\n|-heal|p1a: Popeye|36\/100 brn|[from] item: Leftovers\n|-heal|p2a: Spiritomb|93\/100|[from] item: Leftovers\n|-damage|p1a: Popeye|30\/100 brn|[from] brn\n|-ability|p1a: Popeye|Speed Boost|boost\n|-boost|p1a: Popeye|spe|1\n|upkeep\n|turn|10\n|inactive|Yella_Altaria has 120 seconds left.\n|\n|t:|1699644330\n|move|p1a: Popeye|Flash Cannon|p2a: Spiritomb\n|-damage|p2a: Spiritomb|68\/100\n|move|p2a: Spiritomb|Hex|p1a: Popeye\n|-supereffective|p1a: Popeye\n|-damage|p1a: Popeye|0 fnt\n|faint|p1a: Popeye\n|\n|-heal|p2a: Spiritomb|74\/100|[from] item: Leftovers\n|upkeep\n|inactive|Yella_Altaria has 120 seconds left.\n|\n|t:|1699644336\n|switch|p1a: Headbanger|Arcanine-Hisui, M|100\/100\n|-damage|p1a: Headbanger|76\/100|[from] Stealth Rock\n|turn|11\n|\n|t:|1699644343\n|move|p2a: Spiritomb|Protect|p2a: Spiritomb\n|-singleturn|p2a: Spiritomb|Protect\n|move|p1a: Headbanger|Head Smash|p2a: Spiritomb\n|-activate|p2a: Spiritomb|move: Protect\n|\n|-heal|p2a: Spiritomb|80\/100|[from] item: Leftovers\n|upkeep\n|turn|12\n|inactive|Yella_Altaria has 120 seconds left.\n|\n|t:|1699644369\n|move|p1a: Headbanger|Head Smash|p2a: Spiritomb\n|-damage|p2a: Spiritomb|0 fnt\n|faint|p2a: Spiritomb\n|\n|upkeep\n|\n|t:|1699644377\n|switch|p2a: Lucario|Lucario, M|100\/100\n|turn|13\n|inactive|Yella_Altaria has 120 seconds left.\n|\n|t:|1699644407\n|move|p1a: Headbanger|Head Smash|p2a: Lucario\n|-resisted|p2a: Lucario\n|-damage|p2a: Lucario|60\/100\n|move|p2a: Lucario|Meteor Mash|p1a: Headbanger\n|-damage|p1a: Headbanger|25\/100\n|\n|upkeep\n|turn|14\n|\n|t:|1699644417\n|move|p2a: Lucario|Swords Dance|p2a: Lucario\n|-boost|p2a: Lucario|atk|2\n|move|p1a: Headbanger|Head Smash|p2a: Lucario\n|-resisted|p2a: Lucario\n|-damage|p2a: Lucario|19\/100\n|\n|upkeep\n|turn|15\n|\n|t:|1699644423\n|move|p2a: Lucario|Bullet Punch|p1a: Headbanger\n|-damage|p1a: Headbanger|0 fnt\n|faint|p1a: Headbanger\n|\n|upkeep\n|\n|t:|1699644429\n|switch|p1a: Besmondburth|Sneasler, F|100\/100\n|-damage|p1a: Besmondburth|95\/100|[from] Stealth Rock\n|turn|16\n|\n|t:|1699644435\n|move|p1a: Besmondburth|Fake Out|p2a: Lucario\n|-resisted|p2a: Lucario\n|-damage|p2a: Lucario|7\/100\n|move|p2a: Lucario|Extreme Speed|p1a: Besmondburth\n|-damage|p1a: Besmondburth|30\/100\n|\n|upkeep\n|turn|17\n|inactive|Yella_Altaria has 120 seconds left.\n|\n|t:|1699644452\n|move|p2a: Lucario|Extreme Speed|p1a: Besmondburth\n|-damage|p1a: Besmondburth|0 fnt\n|faint|p1a: Besmondburth\n|\n|upkeep\n|inactive|Yella_Altaria has 120 seconds left.\n|\n|t:|1699644458\n|switch|p1a: McQueen|Baxcalibur, M|100\/100\n|-damage|p1a: McQueen|75\/100|[from] Stealth Rock\n|turn|18\n|\n|t:|1699644466\n|move|p1a: McQueen|Ice Shard|p2a: Lucario\n|-resisted|p2a: Lucario\n|-damage|p2a: Lucario|0 fnt\n|faint|p2a: Lucario\n|\n|upkeep\n|\n|t:|1699644470\n|switch|p2a: Kommo-o|Kommo-o, M|100\/100\n|turn|19\n|\n|t:|1699644473\n|-terastallize|p2a: Kommo-o|Steel\n|move|p1a: McQueen|Ice Shard|p2a: Kommo-o\n|-resisted|p2a: Kommo-o\n|-damage|p2a: Kommo-o|89\/100\n|move|p2a: Kommo-o|Clangorous Soul|p2a: Kommo-o\n|-boost|p2a: Kommo-o|atk|1\n|-boost|p2a: Kommo-o|def|1\n|-boost|p2a: Kommo-o|spa|1\n|-boost|p2a: Kommo-o|spd|1\n|-boost|p2a: Kommo-o|spe|1\n|-damage|p2a: Kommo-o|56\/100\n|-enditem|p2a: Kommo-o|Throat Spray\n|-boost|p2a: Kommo-o|spa|1|[from] item: Throat Spray\n|\n|upkeep\n|turn|20\n|\n|t:|1699644483\n|move|p1a: McQueen|Ice Shard|p2a: Kommo-o\n|-resisted|p2a: Kommo-o\n|-damage|p2a: Kommo-o|48\/100\n|move|p2a: Kommo-o|Clanging Scales|p1a: McQueen\n|-supereffective|p1a: McQueen\n|-damage|p1a: McQueen|0 fnt\n|faint|p1a: McQueen\n|-unboost|p2a: Kommo-o|def|1\n|\n|upkeep\n|\n|t:|1699644495\n|switch|p1a: Ribbons|Flutter Mane|100\/100\n|-damage|p1a: Ribbons|88\/100|[from] Stealth Rock\n|-enditem|p1a: Ribbons|Booster Energy\n|-activate|p1a: Ribbons|ability: Protosynthesis|[fromitem]\n|-start|p1a: Ribbons|protosynthesisspa\n|turn|21\n|\n|t:|1699644499\n|move|p2a: Kommo-o|Flash Cannon|p1a: Ribbons\n|-supereffective|p1a: Ribbons\n|-damage|p1a: Ribbons|0 fnt\n|faint|p1a: Ribbons\n|-end|p1a: Ribbons|Protosynthesis|[silent]\n|\n|upkeep\n|\n|t:|1699644502\n|switch|p1a: Nuh-Uh|Ogerpon, F|100\/100\n|-damage|p1a: Nuh-Uh|88\/100|[from] Stealth Rock\n|turn|22\n|\n|t:|1699644510\n|move|p1a: Nuh-Uh|Endure|p1a: Nuh-Uh\n|-singleturn|p1a: Nuh-Uh|move: Endure\n|move|p2a: Kommo-o|Boomburst|p1a: Nuh-Uh\n|-activate|p1a: Nuh-Uh|move: Endure\n|-damage|p1a: Nuh-Uh|1\/100\n|\n|upkeep\n|turn|23\n|\n|t:|1699644517\n|-terastallize|p1a: Nuh-Uh|Grass\n|detailschange|p1a: Nuh-Uh|Ogerpon-Teal-Tera, F, tera:Grass\n|-ability|p1a: Nuh-Uh|Embody Aspect (Teal)|boost\n|-boost|p1a: Nuh-Uh|spe|1\n|move|p1a: Nuh-Uh|Brick Break|p2a: Kommo-o\n|-supereffective|p2a: Kommo-o\n|-damage|p2a: Kommo-o|0 fnt\n|faint|p2a: Kommo-o\n|\n|upkeep\n|\n|t:|1699644523\n|switch|p2a: Milotic|Milotic, F|100\/100\n|turn|24\n|\n|t:|1699644533\n|move|p1a: Nuh-Uh|Spiky Shield|p1a: Nuh-Uh\n|-singleturn|p1a: Nuh-Uh|move: Protect\n|move|p2a: Milotic|Dragon Pulse|p1a: Nuh-Uh\n|-activate|p1a: Nuh-Uh|move: Protect\n|\n|upkeep\n|turn|25\n|\n|t:|1699644539\n|move|p1a: Nuh-Uh|Ivy Cudgel|p2a: Milotic\n|-supereffective|p2a: Milotic\n|-damage|p2a: Milotic|13\/100\n|move|p2a: Milotic|Dragon Pulse|p1a: Nuh-Uh\n|-damage|p1a: Nuh-Uh|0 fnt\n|faint|p1a: Nuh-Uh\n|\n|win|LingLing007\n|raw|Yella_Altaria's rating: 1221 &rarr; <strong>1194<\/strong><br \/>(-27 for losing)\n|raw|LingLing007's rating: 1189 &rarr; <strong>1216<\/strong><br \/>(+27 for winning)\n|c|\u2606LingLing007|gg\n|l|\u2606Yella_Altaria\n","uploadtime":1699645116,"views":9,"p1id":"yellaaltaria","p2id":"lingling007","formatid":"gen9anythinggoes","rating":1194,"private":0,"password":""}