{"id":"gen9anythinggoes-1976114203","p1":"Rowan_Rocket","p2":"Sebian the plebain","format":"[Gen 9] Anything Goes","log":"|j|\u2606Rowan_Rocket\n|j|\u2606Sebian the plebain\n|t:|1698264860\n|gametype|singles\n|player|p1|Rowan_Rocket|rocketgrunt|1170\n|player|p2|Sebian the plebain|169|1073\n|teamsize|p1|6\n|teamsize|p2|6\n|gen|9\n|tier|[Gen 9] Anything Goes\n|rated|\n|rule|HP Percentage Mod: HP is shown in percentages\n|rule|Endless Battle Clause: Forcing endless battles is banned\n|clearpoke\n|poke|p1|Farigiraf, F|\n|poke|p1|Wyrdeer, M|\n|poke|p1|Ursaluna, F|\n|poke|p1|Grafaiai, F|\n|poke|p1|Zoroark-Hisui, F|\n|poke|p1|Ambipom, M|\n|poke|p2|Infernape, F|\n|poke|p2|Iron Valiant|\n|poke|p2|Lucario, F|\n|poke|p2|Breloom, F|\n|poke|p2|Conkeldurr, M|\n|poke|p2|Iron Hands|\n|teampreview\n|\n|t:|1698264869\n|start\n|switch|p1a: Grafaiai|Grafaiai, F|100\/100\n|switch|p2a: Infernape|Infernape, F, shiny|100\/100\n|turn|1\n|inactive|Battle timer is ON: inactive players will automatically lose when time's up. (requested by Sebian the plebain)\n|\n|t:|1698264888\n|move|p2a: Infernape|Fake Out|p1a: Grafaiai\n|-damage|p1a: Grafaiai|78\/100\n|cant|p1a: Grafaiai|flinch\n|\n|-heal|p1a: Grafaiai|84\/100|[from] item: Black Sludge\n|upkeep\n|turn|2\n|\n|t:|1698264902\n|move|p1a: Grafaiai|Parting Shot|p2a: Infernape\n|-unboost|p2a: Infernape|atk|1\n|-unboost|p2a: Infernape|spa|1\n|\n|t:|1698264906\n|switch|p1a: Farigiraf|Farigiraf, F|100\/100|[from] Parting Shot\n|move|p2a: Infernape|Drain Punch|p1a: Farigiraf\n|-damage|p1a: Farigiraf|82\/100\n|\n|upkeep\n|turn|3\n|\n|t:|1698264914\n|switch|p2a: Lucario|Lucario, F, shiny|100\/100\n|move|p1a: Farigiraf|Wish|p1a: Farigiraf\n|\n|upkeep\n|turn|4\n|\n|t:|1698264920\n|move|p2a: Lucario|Aura Sphere|p1a: Farigiraf\n|-damage|p1a: Farigiraf|38\/100\n|move|p1a: Farigiraf|Calm Mind|p1a: Farigiraf\n|-boost|p1a: Farigiraf|spa|1\n|-boost|p1a: Farigiraf|spd|1\n|\n|-heal|p1a: Farigiraf|88\/100|[from] move: Wish|[wisher] Farigiraf\n|upkeep\n|turn|5\n|\n|t:|1698264930\n|move|p2a: Lucario|Dark Pulse|p1a: Farigiraf\n|-supereffective|p1a: Farigiraf\n|-damage|p1a: Farigiraf|50\/100\n|move|p1a: Farigiraf|Wish|p1a: Farigiraf\n|\n|upkeep\n|turn|6\n|\n|t:|1698264936\n|switch|p2a: Iron Valiant|Iron Valiant, shiny|100\/100\n|move|p1a: Farigiraf|Calm Mind|p1a: Farigiraf\n|-boost|p1a: Farigiraf|spa|1\n|-boost|p1a: Farigiraf|spd|1\n|\n|-heal|p1a: Farigiraf|99\/100|[from] move: Wish|[wisher] Farigiraf\n|upkeep\n|turn|7\n|\n|t:|1698264945\n|move|p2a: Iron Valiant|Knock Off|p1a: Farigiraf\n|-supereffective|p1a: Farigiraf\n|-damage|p1a: Farigiraf|27\/100\n|-enditem|p1a: Farigiraf|Bright Powder|[from] move: Knock Off|[of] p2a: Iron Valiant\n|move|p1a: Farigiraf|Twin Beam|p2a: Iron Valiant\n|-supereffective|p2a: Iron Valiant\n|-damage|p2a: Iron Valiant|0 fnt\n|faint|p2a: Iron Valiant\n|-end|p2a: Iron Valiant|Quark Drive|[silent]\n|-hitcount|p2: Iron Valiant|1\n|\n|upkeep\n|\n|t:|1698264955\n|switch|p2a: Infernape|Infernape, F, shiny|100\/100\n|turn|8\n|\n|t:|1698264958\n|move|p2a: Infernape|Fake Out||[still]\n|cant|p1a: Farigiraf|ability: Armor Tail|Fake Out|[of] p2a: Infernape\n|move|p1a: Farigiraf|Twin Beam|p2a: Infernape\n|-supereffective|p2a: Infernape\n|-damage|p2a: Infernape|4\/100\n|-supereffective|p2a: Infernape\n|-damage|p2a: Infernape|0 fnt\n|faint|p2a: Infernape\n|-hitcount|p2: Infernape|2\n|\n|upkeep\n|\n|t:|1698264978\n|switch|p2a: Iron Hands|Iron Hands, shiny|100\/100\n|turn|9\n|\n|t:|1698264985\n|move|p1a: Farigiraf|Baton Pass|p1a: Farigiraf\n|\n|t:|1698264988\n|switch|p1a: Wyrdeer|Wyrdeer, M|100\/100|[from] Baton Pass\n|move|p2a: Iron Hands|Thunder Punch|p1a: Wyrdeer\n|-damage|p1a: Wyrdeer|45\/100\n|-damage|p2a: Iron Hands|91\/100|[from] item: Life Orb\n|\n|-heal|p1a: Wyrdeer|51\/100|[from] item: Leftovers\n|upkeep\n|turn|10\n|\n|t:|1698264999\n|move|p1a: Wyrdeer|Psyshield Bash|p2a: Iron Hands\n|-supereffective|p2a: Iron Hands\n|-damage|p2a: Iron Hands|57\/100\n|-boost|p1a: Wyrdeer|def|1\n|move|p2a: Iron Hands|Thunder Punch|p1a: Wyrdeer\n|-damage|p1a: Wyrdeer|15\/100\n|-damage|p2a: Iron Hands|47\/100|[from] item: Life Orb\n|\n|-heal|p1a: Wyrdeer|21\/100|[from] item: Leftovers\n|upkeep\n|turn|11\n|\n|t:|1698265009\n|move|p1a: Wyrdeer|Stored Power|p2a: Iron Hands\n|-supereffective|p2a: Iron Hands\n|-damage|p2a: Iron Hands|0 fnt\n|faint|p2a: Iron Hands\n|-end|p2a: Iron Hands|Quark Drive|[silent]\n|\n|-heal|p1a: Wyrdeer|28\/100|[from] item: Leftovers\n|upkeep\n|\n|t:|1698265011\n|switch|p2a: Lucario|Lucario, F, shiny|100\/100\n|turn|12\n|\n|t:|1698265021\n|-terastallize|p2a: Lucario|Dark\n|move|p2a: Lucario|Dark Pulse|p1a: Wyrdeer\n|-supereffective|p1a: Wyrdeer\n|-damage|p1a: Wyrdeer|0 fnt\n|faint|p1a: Wyrdeer\n|\n|upkeep\n|\n|t:|1698265030\n|switch|p1a: Ambipom|Ambipom, M|100\/100\n|turn|13\n|\n|t:|1698265036\n|-terastallize|p1a: Ambipom|Normal\n|move|p1a: Ambipom|Fake Out|p2a: Lucario\n|-enditem|p1a: Ambipom|Normal Gem|[from] gem\n|-crit|p2a: Lucario\n|-damage|p2a: Lucario|0 fnt\n|faint|p2a: Lucario\n|\n|upkeep\n|\n|t:|1698265044\n|switch|p2a: Conkeldurr|Conkeldurr, M, shiny|100\/100\n|turn|14\n|\n|t:|1698265048\n|switch|p1a: Farigiraf|Farigiraf, F|27\/100\n|move|p2a: Conkeldurr|Bulk Up|p2a: Conkeldurr\n|-boost|p2a: Conkeldurr|atk|1\n|-boost|p2a: Conkeldurr|def|1\n|\n|-status|p2a: Conkeldurr|brn|[from] item: Flame Orb\n|upkeep\n|turn|15\n|\n|t:|1698265062\n|move|p1a: Farigiraf|Twin Beam|p2a: Conkeldurr\n|-supereffective|p2a: Conkeldurr\n|-damage|p2a: Conkeldurr|66\/100 brn\n|-supereffective|p2a: Conkeldurr\n|-damage|p2a: Conkeldurr|24\/100 brn\n|-hitcount|p2a: Conkeldurr|2\n|move|p2a: Conkeldurr|Facade|p1a: Farigiraf\n|-damage|p1a: Farigiraf|0 fnt\n|faint|p1a: Farigiraf\n|\n|-damage|p2a: Conkeldurr|18\/100 brn|[from] brn\n|upkeep\n|\n|t:|1698265074\n|switch|p1a: Grafaiai|Grafaiai, F|100\/100\n|turn|16\n|\n|t:|1698265081\n|move|p1a: Grafaiai|Hyper Voice|p2a: Conkeldurr\n|-crit|p2a: Conkeldurr\n|-damage|p2a: Conkeldurr|0 fnt\n|faint|p2a: Conkeldurr\n|\n|upkeep\n|\n|t:|1698265084\n|switch|p2a: Breloom|Breloom, F, shiny|100\/100\n|turn|17\n|\n|t:|1698265089\n|move|p1a: Grafaiai|Curse|p2a: Breloom\n|-start|p2a: Breloom|Curse|[of] p1a: Grafaiai\n|-damage|p1a: Grafaiai|51\/100\n|move|p2a: Breloom|Spore|p1a: Grafaiai\n|-status|p1a: Grafaiai|slp|[from] move: Spore\n|\n|-damage|p2a: Breloom|75\/100|[from] Curse\n|upkeep\n|turn|18\n|\n|t:|1698265099\n|cant|p1a: Grafaiai|slp\n|move|p2a: Breloom|Bulk Up|p2a: Breloom\n|-boost|p2a: Breloom|atk|1\n|-boost|p2a: Breloom|def|1\n|\n|-damage|p2a: Breloom|50\/100|[from] Curse\n|upkeep\n|turn|19\n|\n|t:|1698265107\n|move|p2a: Breloom|Mach Punch|p1a: Grafaiai\n|-immune|p1a: Grafaiai\n|cant|p1a: Grafaiai|slp\n|\n|-damage|p2a: Breloom|25\/100|[from] Curse\n|upkeep\n|turn|20\n|\n|t:|1698265114\n|cant|p1a: Grafaiai|slp\n|move|p2a: Breloom|Bullet Seed|p1a: Grafaiai\n|-damage|p1a: Grafaiai|0 fnt\n|replace|p1a: Zoroark|Zoroark-Hisui, F\n|-end|p1a: Zoroark|Illusion\n|faint|p1a: Zoroark\n|-hitcount|p1: Zoroark|1\n|\n|-damage|p2a: Breloom|0 fnt|[from] Curse\n|faint|p2a: Breloom\n|\n|win|Rowan_Rocket\n|upkeep\n|raw|Rowan_Rocket's rating: 1170 &rarr; <strong>1188<\/strong><br \/>(+18 for winning)\n|raw|Sebian the plebain's rating: 1073 &rarr; <strong>1058<\/strong><br \/>(-15 for losing)\n|l|\u2606Sebian the plebain\n","uploadtime":1698265133,"views":10,"p1id":"rowanrocket","p2id":"sebiantheplebain","formatid":"gen9anythinggoes","rating":1058,"private":0,"password":""}