{"id":"gen9anythinggoes-1977462859","p1":"Thricicle","p2":"Shade4418","format":"[Gen 9] Anything Goes","log":"|j|\u2606Thricicle\n|j|\u2606Shade4418\n|t:|1698419197\n|gametype|singles\n|player|p1|Thricicle|266|1051\n|player|p2|Shade4418|gambler|1070\n|teamsize|p1|6\n|teamsize|p2|6\n|gen|9\n|tier|[Gen 9] Anything Goes\n|rated|\n|rule|HP Percentage Mod: HP is shown in percentages\n|rule|Endless Battle Clause: Forcing endless battles is banned\n|clearpoke\n|poke|p1|Oricorio, F|\n|poke|p1|Quagsire, F|\n|poke|p1|Farigiraf, M|\n|poke|p1|Muk, M|\n|poke|p1|Snorlax, F|\n|poke|p1|Gardevoir, M|\n|poke|p2|Torterra, F|\n|poke|p2|Dialga|\n|poke|p2|Ceruledge, M|\n|poke|p2|Slowking-Galar, M|\n|poke|p2|Rotom-Wash|\n|poke|p2|Iron Valiant|\n|teampreview\n|inactive|Battle timer is ON: inactive players will automatically lose when time's up. (requested by Thricicle)\n|\n|t:|1698419208\n|start\n|switch|p1a: Oricorio|Oricorio, F|100\/100\n|switch|p2a: Rotom|Rotom-Wash|100\/100\n|turn|1\n|\n|t:|1698419217\n|move|p1a: Oricorio|Quiver Dance|p1a: Oricorio\n|-boost|p1a: Oricorio|spa|1\n|-boost|p1a: Oricorio|spd|1\n|-boost|p1a: Oricorio|spe|1\n|move|p2a: Rotom|Hydro Pump|p1a: Oricorio\n|-supereffective|p1a: Oricorio\n|-damage|p1a: Oricorio|13\/100\n|\n|upkeep\n|turn|2\n|\n|t:|1698419226\n|move|p1a: Oricorio|Baton Pass|p1a: Oricorio\n|\n|t:|1698419228\n|switch|p1a: Farigiraf|Farigiraf, M|100\/100|[from] Baton Pass\n|move|p2a: Rotom|Shadow Ball|p1a: Farigiraf\n|-supereffective|p1a: Farigiraf\n|-damage|p1a: Farigiraf|66\/100\n|\n|upkeep\n|turn|3\n|\n|t:|1698419240\n|move|p2a: Rotom|Shadow Ball|p1a: Farigiraf\n|-supereffective|p1a: Farigiraf\n|-damage|p1a: Farigiraf|31\/100\n|move|p1a: Farigiraf|Trick|p2a: Rotom\n|-activate|p1a: Farigiraf|move: Trick|[of] p2a: Rotom\n|-item|p2a: Rotom|Ring Target|[from] move: Trick\n|-item|p1a: Farigiraf|Covert Cloak|[from] move: Trick\n|\n|upkeep\n|turn|4\n|\n|t:|1698419248\n|-terastallize|p1a: Farigiraf|Fire\n|move|p2a: Rotom|Shadow Ball|p1a: Farigiraf\n|-damage|p1a: Farigiraf|14\/100\n|move|p1a: Farigiraf|Tera Blast|p2a: Rotom|[anim] Tera Blast Fire\n|-resisted|p2a: Rotom\n|-damage|p2a: Rotom|61\/100\n|\n|upkeep\n|turn|5\n|\n|t:|1698419261\n|switch|p1a: Gardevoir|Gardevoir, M|100\/100\n|-ability|p1a: Gardevoir|Levitate|[from] ability: Trace|[of] p2a: Rotom\n|move|p2a: Rotom|Shadow Ball|p1a: Gardevoir\n|-supereffective|p1a: Gardevoir\n|-damage|p1a: Gardevoir|63\/100\n|\n|upkeep\n|turn|6\n|\n|t:|1698419273\n|move|p2a: Rotom|Shadow Ball|p1a: Gardevoir\n|-supereffective|p1a: Gardevoir\n|-damage|p1a: Gardevoir|27\/100\n|move|p1a: Gardevoir|Light Screen|p1a: Gardevoir\n|-sidestart|p1: Thricicle|move: Light Screen\n|\n|upkeep\n|turn|7\n|\n|t:|1698419288\n|move|p2a: Rotom|Shadow Ball|p1a: Gardevoir\n|-supereffective|p1a: Gardevoir\n|-damage|p1a: Gardevoir|9\/100\n|move|p1a: Gardevoir|Healing Wish|p1a: Gardevoir\n|faint|p1a: Gardevoir\n|\n|upkeep\n|\n|t:|1698419293\n|switch|p1a: Oricorio|Oricorio, F|13\/100\n|-heal|p1a: Oricorio|100\/100|[from] move: Healing Wish\n|turn|8\n|\n|t:|1698419303\n|move|p1a: Oricorio|Quiver Dance|p1a: Oricorio\n|-boost|p1a: Oricorio|spa|1\n|-boost|p1a: Oricorio|spd|1\n|-boost|p1a: Oricorio|spe|1\n|move|p2a: Rotom|Shadow Ball|p1a: Oricorio\n|-damage|p1a: Oricorio|90\/100\n|-unboost|p1a: Oricorio|spd|1\n|\n|upkeep\n|turn|9\n|\n|t:|1698419316\n|move|p1a: Oricorio|Calm Mind|p1a: Oricorio\n|-boost|p1a: Oricorio|spa|1\n|-boost|p1a: Oricorio|spd|1\n|move|p2a: Rotom|Hydro Pump|p1a: Oricorio\n|-supereffective|p1a: Oricorio\n|-damage|p1a: Oricorio|49\/100\n|\n|upkeep\n|turn|10\n|\n|t:|1698419328\n|move|p1a: Oricorio|Quiver Dance|p1a: Oricorio\n|-boost|p1a: Oricorio|spa|1\n|-boost|p1a: Oricorio|spd|1\n|-boost|p1a: Oricorio|spe|1\n|move|p2a: Rotom|Hydro Pump|p1a: Oricorio\n|-supereffective|p1a: Oricorio\n|-damage|p1a: Oricorio|18\/100\n|\n|-sideend|p1: Thricicle|move: Light Screen\n|upkeep\n|turn|11\n|\n|t:|1698419339\n|move|p1a: Oricorio|Baton Pass|p1a: Oricorio\n|\n|t:|1698419342\n|switch|p1a: Snorlax|Snorlax, F|100\/100|[from] Baton Pass\n|move|p2a: Rotom|Hydro Pump|p1a: Snorlax\n|-damage|p1a: Snorlax|86\/100\n|\n|-heal|p1a: Snorlax|92\/100|[from] item: Leftovers\n|upkeep\n|turn|12\n|\n|t:|1698419354\n|move|p2a: Rotom|Discharge|p1a: Snorlax\n|-damage|p1a: Snorlax|83\/100\n|-status|p1a: Snorlax|par\n|move|p1a: Snorlax|Belly Drum|p1a: Snorlax\n|-damage|p1a: Snorlax|33\/100 par\n|-setboost|p1a: Snorlax|atk|6|[from] move: Belly Drum\n|\n|-heal|p1a: Snorlax|39\/100 par|[from] item: Leftovers\n|upkeep\n|turn|13\n|\n|t:|1698419368\n|move|p2a: Rotom|Discharge|p1a: Snorlax\n|-damage|p1a: Snorlax|29\/100 par\n|move|p1a: Snorlax|Rest|p1a: Snorlax\n|-status|p1a: Snorlax|slp|[from] move: Rest\n|-heal|p1a: Snorlax|100\/100 slp|[silent]\n|\n|upkeep\n|turn|14\n|\n|t:|1698419377\n|move|p2a: Rotom|Uproar|p1a: Snorlax\n|-curestatus|p1a: Snorlax|slp|[msg]\n|-damage|p1a: Snorlax|93\/100\n|-start|p2a: Rotom|Uproar\n|move|p1a: Snorlax|Yawn|p2a: Rotom\n|-start|p2a: Rotom|move: Yawn|[of] p1a: Snorlax\n|\n|-heal|p1a: Snorlax|99\/100|[from] item: Leftovers\n|-start|p2a: Rotom|Uproar|[upkeep]\n|upkeep\n|turn|15\n|\n|t:|1698419389\n|move|p2a: Rotom|Uproar|p1a: Snorlax|[from]lockedmove\n|-damage|p1a: Snorlax|92\/100\n|move|p1a: Snorlax|Earthquake|p2a: Rotom\n|-immune|p2a: Rotom|[from] ability: Levitate\n|\n|-heal|p1a: Snorlax|99\/100|[from] item: Leftovers\n|-end|p2a: Rotom|move: Yawn|[silent]\n|-fail|p2a: Rotom|slp|[from] Uproar|[msg]\n|-start|p2a: Rotom|Uproar|[upkeep]\n|upkeep\n|turn|16\n|\n|t:|1698419401\n|move|p2a: Rotom|Uproar|p1a: Snorlax|[from]lockedmove\n|-damage|p1a: Snorlax|92\/100\n|move|p1a: Snorlax|Earthquake|p2a: Rotom\n|-immune|p2a: Rotom|[from] ability: Levitate\n|\n|-heal|p1a: Snorlax|98\/100|[from] item: Leftovers\n|-end|p2a: Rotom|Uproar\n|upkeep\n|turn|17\n|\n|t:|1698419413\n|move|p2a: Rotom|Hydro Pump|p1a: Snorlax\n|-damage|p1a: Snorlax|86\/100\n|move|p1a: Snorlax|Earthquake|p2a: Rotom\n|-immune|p2a: Rotom|[from] ability: Levitate\n|\n|-heal|p1a: Snorlax|92\/100|[from] item: Leftovers\n|upkeep\n|turn|18\n|\n|t:|1698419430\n|move|p2a: Rotom|Discharge|p1a: Snorlax\n|-damage|p1a: Snorlax|82\/100\n|move|p1a: Snorlax|Earthquake|p2a: Rotom\n|-immune|p2a: Rotom|[from] ability: Levitate\n|\n|-heal|p1a: Snorlax|88\/100|[from] item: Leftovers\n|upkeep\n|turn|19\n|\n|t:|1698419443\n|move|p2a: Rotom|Discharge|p1a: Snorlax\n|-damage|p1a: Snorlax|79\/100\n|-status|p1a: Snorlax|par\n|move|p1a: Snorlax|Rest|p1a: Snorlax\n|-status|p1a: Snorlax|slp|[from] move: Rest\n|-heal|p1a: Snorlax|100\/100 slp|[silent]\n|\n|upkeep\n|turn|20\n|\n|t:|1698419456\n|move|p2a: Rotom|Discharge|p1a: Snorlax\n|-damage|p1a: Snorlax|90\/100 slp\n|cant|p1a: Snorlax|slp\n|\n|-heal|p1a: Snorlax|96\/100 slp|[from] item: Leftovers\n|upkeep\n|turn|21\n|\n|t:|1698419465\n|move|p2a: Rotom|Discharge|p1a: Snorlax\n|-damage|p1a: Snorlax|86\/100 slp\n|cant|p1a: Snorlax|slp\n|\n|-heal|p1a: Snorlax|92\/100 slp|[from] item: Leftovers\n|upkeep\n|turn|22\n|\n|t:|1698419477\n|move|p2a: Rotom|Discharge|p1a: Snorlax\n|-damage|p1a: Snorlax|82\/100 slp\n|-curestatus|p1a: Snorlax|slp|[msg]\n|move|p1a: Snorlax|Belly Drum||[still]\n|-fail|p1a: Snorlax\n|\n|-heal|p1a: Snorlax|88\/100|[from] item: Leftovers\n|upkeep\n|turn|23\n|\n|t:|1698419491\n|move|p2a: Rotom|Hydro Pump|p1a: Snorlax\n|-damage|p1a: Snorlax|76\/100\n|move|p1a: Snorlax|Belly Drum||[still]\n|-fail|p1a: Snorlax\n|\n|-heal|p1a: Snorlax|82\/100|[from] item: Leftovers\n|upkeep\n|turn|24\n|\n|t:|1698419500\n|move|p2a: Rotom|Hydro Pump|p1a: Snorlax\n|-damage|p1a: Snorlax|70\/100\n|move|p1a: Snorlax|Belly Drum||[still]\n|-fail|p1a: Snorlax\n|\n|-heal|p1a: Snorlax|76\/100|[from] item: Leftovers\n|upkeep\n|turn|25\n|\n|t:|1698419509\n|move|p2a: Rotom|Hydro Pump|p1a: Snorlax\n|-damage|p1a: Snorlax|63\/100\n|move|p1a: Snorlax|Belly Drum||[still]\n|-fail|p1a: Snorlax\n|\n|-heal|p1a: Snorlax|69\/100|[from] item: Leftovers\n|upkeep\n|turn|26\n|\n|t:|1698419528\n|move|p2a: Rotom|Discharge|p1a: Snorlax\n|-damage|p1a: Snorlax|61\/100\n|move|p1a: Snorlax|Belly Drum||[still]\n|-fail|p1a: Snorlax\n|\n|-heal|p1a: Snorlax|67\/100|[from] item: Leftovers\n|upkeep\n|turn|27\n|c|\u2606Thricicle|Forgot that ring target doesn't affect abilities rip\n|\n|t:|1698419540\n|move|p2a: Rotom|Discharge|p1a: Snorlax\n|-damage|p1a: Snorlax|57\/100\n|move|p1a: Snorlax|Belly Drum||[still]\n|-fail|p1a: Snorlax\n|\n|-heal|p1a: Snorlax|63\/100|[from] item: Leftovers\n|upkeep\n|turn|28\n|\n|t:|1698419550\n|move|p2a: Rotom|Discharge|p1a: Snorlax\n|-damage|p1a: Snorlax|53\/100\n|move|p1a: Snorlax|Belly Drum||[still]\n|-fail|p1a: Snorlax\n|\n|-heal|p1a: Snorlax|59\/100|[from] item: Leftovers\n|upkeep\n|turn|29\n|\n|t:|1698419560\n|move|p2a: Rotom|Discharge|p1a: Snorlax\n|-damage|p1a: Snorlax|50\/100\n|move|p1a: Snorlax|Belly Drum||[still]\n|-fail|p1a: Snorlax\n|\n|-heal|p1a: Snorlax|56\/100|[from] item: Leftovers\n|upkeep\n|turn|30\n|\n|t:|1698419569\n|move|p2a: Rotom|Discharge|p1a: Snorlax\n|-damage|p1a: Snorlax|45\/100\n|-status|p1a: Snorlax|par\n|cant|p1a: Snorlax|par\n|\n|-heal|p1a: Snorlax|52\/100 par|[from] item: Leftovers\n|upkeep\n|turn|31\n|\n|t:|1698419579\n|move|p2a: Rotom|Discharge|p1a: Snorlax\n|-damage|p1a: Snorlax|42\/100 par\n|move|p1a: Snorlax|Rest|p1a: Snorlax\n|-status|p1a: Snorlax|slp|[from] move: Rest\n|-heal|p1a: Snorlax|100\/100 slp|[silent]\n|\n|upkeep\n|turn|32\n|\n|t:|1698419588\n|move|p2a: Rotom|Discharge|p1a: Snorlax\n|-damage|p1a: Snorlax|91\/100 slp\n|cant|p1a: Snorlax|slp\n|\n|-heal|p1a: Snorlax|97\/100 slp|[from] item: Leftovers\n|upkeep\n|turn|33\n|\n|t:|1698419597\n|move|p2a: Rotom|Discharge|p1a: Snorlax\n|-damage|p1a: Snorlax|88\/100 slp\n|cant|p1a: Snorlax|slp\n|\n|-heal|p1a: Snorlax|94\/100 slp|[from] item: Leftovers\n|upkeep\n|turn|34\n|\n|t:|1698419608\n|move|p2a: Rotom|Discharge|p1a: Snorlax\n|-damage|p1a: Snorlax|84\/100 slp\n|-curestatus|p1a: Snorlax|slp|[msg]\n|move|p1a: Snorlax|Belly Drum||[still]\n|-fail|p1a: Snorlax\n|\n|-heal|p1a: Snorlax|91\/100|[from] item: Leftovers\n|upkeep\n|turn|35\n|\n|t:|1698419623\n|switch|p2a: Torterra|Torterra, F|100\/100\n|move|p1a: Snorlax|Belly Drum||[still]\n|-fail|p1a: Snorlax\n|\n|-heal|p1a: Snorlax|97\/100|[from] item: Leftovers\n|upkeep\n|turn|36\n|\n|t:|1698419632\n|move|p2a: Torterra|Heavy Slam|p1a: Snorlax\n|-damage|p1a: Snorlax|88\/100\n|move|p1a: Snorlax|Yawn|p2a: Torterra\n|-start|p2a: Torterra|move: Yawn|[of] p1a: Snorlax\n|\n|-heal|p1a: Snorlax|94\/100|[from] item: Leftovers\n|upkeep\n|turn|37\n|\n|t:|1698419644\n|move|p2a: Torterra|Frenzy Plant|p1a: Snorlax\n|-crit|p1a: Snorlax\n|-damage|p1a: Snorlax|62\/100\n|-mustrecharge|p2a: Torterra\n|move|p1a: Snorlax|Earthquake|p2a: Torterra\n|-resisted|p2a: Torterra\n|-damage|p2a: Torterra|45\/100\n|\n|-heal|p2a: Torterra|51\/100|[from] item: Leftovers\n|-heal|p1a: Snorlax|68\/100|[from] item: Leftovers\n|-end|p2a: Torterra|move: Yawn|[silent]\n|-status|p2a: Torterra|slp\n|upkeep\n|turn|38\n|\n|t:|1698419656\n|cant|p2a: Torterra|recharge\n|move|p1a: Snorlax|Earthquake|p2a: Torterra\n|-resisted|p2a: Torterra\n|-damage|p2a: Torterra|0 fnt\n|faint|p2a: Torterra\n|\n|-heal|p1a: Snorlax|75\/100|[from] item: Leftovers\n|upkeep\n|\n|t:|1698419665\n|switch|p2a: Dialga|Dialga|100\/100\n|-ability|p2a: Dialga|Pressure\n|turn|39\n|\n|t:|1698419672\n|move|p2a: Dialga|Iron Tail|p1a: Snorlax\n|-damage|p1a: Snorlax|41\/100\n|cant|p1a: Snorlax|flinch\n|\n|-heal|p1a: Snorlax|48\/100|[from] item: Leftovers\n|upkeep\n|turn|40\n|\n|t:|1698419680\n|move|p2a: Dialga|Iron Tail|p1a: Snorlax\n|-damage|p1a: Snorlax|16\/100\n|move|p1a: Snorlax|Earthquake|p2a: Dialga\n|-supereffective|p2a: Dialga\n|-damage|p2a: Dialga|0 fnt\n|faint|p2a: Dialga\n|\n|-heal|p1a: Snorlax|22\/100|[from] item: Leftovers\n|upkeep\n|\n|t:|1698419691\n|switch|p2a: Ceruledge|Ceruledge, M|100\/100\n|turn|41\n|\n|t:|1698419696\n|move|p2a: Ceruledge|Close Combat|p1a: Snorlax\n|-supereffective|p1a: Snorlax\n|-damage|p1a: Snorlax|0 fnt\n|-unboost|p2a: Ceruledge|def|1\n|-unboost|p2a: Ceruledge|spd|1\n|faint|p1a: Snorlax\n|\n|upkeep\n|\n|t:|1698419702\n|switch|p1a: Quagsire|Quagsire, F|100\/100\n|turn|42\n|\n|t:|1698419712\n|move|p2a: Ceruledge|Shadow Ball|p1a: Quagsire\n|-damage|p1a: Quagsire|83\/100\n|move|p1a: Quagsire|Yawn|p2a: Ceruledge\n|-start|p2a: Ceruledge|move: Yawn|[of] p1a: Quagsire\n|\n|-heal|p1a: Quagsire|89\/100|[from] item: Leftovers\n|upkeep\n|turn|43\n|\n|t:|1698419723\n|move|p2a: Ceruledge|Shadow Ball|p1a: Quagsire\n|-damage|p1a: Quagsire|70\/100\n|-unboost|p1a: Quagsire|spd|1\n|move|p1a: Quagsire|Trailblaze|p2a: Ceruledge\n|-resisted|p2a: Ceruledge\n|-crit|p2a: Ceruledge\n|-damage|p2a: Ceruledge|91\/100\n|-boost|p1a: Quagsire|spe|1\n|-ability|p2a: Ceruledge|Weak Armor|boost\n|-unboost|p2a: Ceruledge|def|1\n|-boost|p2a: Ceruledge|spe|2\n|\n|-heal|p2a: Ceruledge|97\/100|[from] item: Leftovers\n|-heal|p1a: Quagsire|76\/100|[from] item: Leftovers\n|-end|p2a: Ceruledge|move: Yawn|[silent]\n|-status|p2a: Ceruledge|slp\n|upkeep\n|turn|44\n|\n|t:|1698419744\n|cant|p2a: Ceruledge|slp\n|move|p1a: Quagsire|Earthquake|p2a: Ceruledge\n|-supereffective|p2a: Ceruledge\n|-damage|p2a: Ceruledge|14\/100 slp\n|-ability|p2a: Ceruledge|Weak Armor|boost\n|-unboost|p2a: Ceruledge|def|1\n|-boost|p2a: Ceruledge|spe|2\n|\n|-heal|p2a: Ceruledge|20\/100 slp|[from] item: Leftovers\n|-heal|p1a: Quagsire|83\/100|[from] item: Leftovers\n|upkeep\n|turn|45\n|\n|t:|1698419756\n|cant|p2a: Ceruledge|slp\n|move|p1a: Quagsire|Earthquake|p2a: Ceruledge\n|-supereffective|p2a: Ceruledge\n|-damage|p2a: Ceruledge|0 fnt\n|faint|p2a: Ceruledge\n|\n|-heal|p1a: Quagsire|89\/100|[from] item: Leftovers\n|upkeep\n|\n|t:|1698419767\n|switch|p2a: Slowking|Slowking-Galar, M|100\/100\n|turn|46\n|\n|t:|1698419773\n|move|p1a: Quagsire|Yawn|p2a: Slowking\n|-start|p2a: Slowking|move: Yawn|[of] p1a: Quagsire\n|move|p2a: Slowking|Gunk Shot|p1a: Quagsire\n|-resisted|p1a: Quagsire\n|-damage|p1a: Quagsire|76\/100\n|\n|-heal|p1a: Quagsire|82\/100|[from] item: Leftovers\n|upkeep\n|turn|47\n|\n|t:|1698419798\n|move|p1a: Quagsire|Trailblaze|p2a: Slowking\n|-resisted|p2a: Slowking\n|-damage|p2a: Slowking|96\/100\n|-boost|p1a: Quagsire|spe|1\n|-damage|p1a: Quagsire|65\/100|[from] item: Rocky Helmet|[of] p2a: Slowking\n|move|p2a: Slowking|Gunk Shot|p1a: Quagsire\n|-resisted|p1a: Quagsire\n|-damage|p1a: Quagsire|53\/100\n|-status|p1a: Quagsire|psn\n|\n|-heal|p1a: Quagsire|59\/100 psn|[from] item: Leftovers\n|-damage|p1a: Quagsire|47\/100 psn|[from] psn\n|-end|p2a: Slowking|move: Yawn|[silent]\n|-status|p2a: Slowking|slp\n|upkeep\n|turn|48\n|inactive|Shade4418 has 120 seconds left.\n|\n|t:|1698419817\n|move|p1a: Quagsire|Earthquake|p2a: Slowking\n|-supereffective|p2a: Slowking\n|-damage|p2a: Slowking|35\/100 slp\n|cant|p2a: Slowking|slp\n|\n|-heal|p1a: Quagsire|53\/100 psn|[from] item: Leftovers\n|-damage|p1a: Quagsire|40\/100 psn|[from] psn\n|upkeep\n|turn|49\n|inactive|Shade4418 has 120 seconds left.\n|\n|t:|1698419829\n|move|p1a: Quagsire|Earthquake|p2a: Slowking\n|-supereffective|p2a: Slowking\n|-damage|p2a: Slowking|0 fnt\n|faint|p2a: Slowking\n|\n|-heal|p1a: Quagsire|47\/100 psn|[from] item: Leftovers\n|-damage|p1a: Quagsire|34\/100 psn|[from] psn\n|upkeep\n|inactive|Shade4418 has 120 seconds left.\n|\n|t:|1698419839\n|switch|p2a: Rotom|Rotom-Wash|61\/100\n|turn|50\n|\n|t:|1698419848\n|move|p2a: Rotom|Shadow Ball|p1a: Quagsire\n|-damage|p1a: Quagsire|0 fnt\n|faint|p1a: Quagsire\n|\n|upkeep\n|\n|t:|1698419857\n|switch|p1a: Muk|Muk, M|100\/100\n|turn|51\n|\n|t:|1698419862\n|move|p2a: Rotom|Shadow Ball|p1a: Muk\n|-damage|p1a: Muk|83\/100\n|-unboost|p1a: Muk|spd|1\n|move|p1a: Muk|Metronome|p1a: Muk\n|move|p1a: Muk|Focus Blast|p2a: Rotom|[from]move: Metronome|[miss]\n|-miss|p1a: Muk|p2a: Rotom\n|\n|upkeep\n|turn|52\n|\n|t:|1698419874\n|move|p2a: Rotom|Discharge|p1a: Muk\n|-damage|p1a: Muk|46\/100\n|move|p1a: Muk|Metronome|p1a: Muk\n|move|p1a: Muk|Lick|p2a: Rotom|[from]move: Metronome\n|-damage|p2a: Rotom|50\/100\n|\n|upkeep\n|turn|53\n|\n|t:|1698419889\n|move|p2a: Rotom|Shadow Ball|p1a: Muk\n|-damage|p1a: Muk|19\/100\n|-unboost|p1a: Muk|spd|1\n|move|p1a: Muk|Metronome|p1a: Muk\n|move|p1a: Muk|Gunk Shot|p2a: Rotom|[from]move: Metronome\n|-damage|p2a: Rotom|0 fnt\n|faint|p2a: Rotom\n|\n|upkeep\n|\n|t:|1698419900\n|switch|p2a: Iron Valiant|Iron Valiant|100\/100\n|-enditem|p2a: Iron Valiant|Booster Energy\n|-activate|p2a: Iron Valiant|ability: Quark Drive|[fromitem]\n|-start|p2a: Iron Valiant|quarkdrivespe\n|turn|54\n|\n|t:|1698419919\n|move|p2a: Iron Valiant|Drain Punch|p1a: Muk\n|-resisted|p1a: Muk\n|-damage|p1a: Muk|0 fnt\n|faint|p1a: Muk\n|\n|upkeep\n|\n|t:|1698419924\n|switch|p1a: Oricorio|Oricorio, F|18\/100\n|turn|55\n|\n|t:|1698419942\n|move|p2a: Iron Valiant|Psychic|p1a: Oricorio\n|-damage|p1a: Oricorio|0 fnt\n|faint|p1a: Oricorio\n|\n|upkeep\n|\n|t:|1698419946\n|switch|p1a: Farigiraf|Farigiraf, M, tera:Fire|14\/100\n|turn|56\n|\n|t:|1698419951\n|move|p2a: Iron Valiant|Fire Punch|p1a: Farigiraf\n|-resisted|p1a: Farigiraf\n|-damage|p1a: Farigiraf|0 fnt\n|faint|p1a: Farigiraf\n|\n|win|Shade4418\n|raw|Thricicle's rating: 1051 &rarr; <strong>1034<\/strong><br \/>(-17 for losing)\n|raw|Shade4418's rating: 1070 &rarr; <strong>1098<\/strong><br \/>(+28 for winning)\n|c|\u2606Thricicle|gg, that was tense\n","uploadtime":1698419962,"views":9,"p1id":"thricicle","p2id":"shade4418","formatid":"gen9anythinggoes","rating":1034,"private":0,"password":""}