{"id":"gen9anythinggoes-1987062558","p1":"HandOfSoul","p2":"k1ng0r","format":"[Gen 9] Anything Goes","log":"|j|\u2606HandOfSoul\n|j|\u2606k1ng0r\n|t:|1699553010\n|gametype|singles\n|player|p1|HandOfSoul|veteranf|\n|player|p2|k1ng0r|265|\n|teamsize|p1|6\n|teamsize|p2|6\n|gen|9\n|tier|[Gen 9] Anything Goes\n|rule|HP Percentage Mod: HP is shown in percentages\n|rule|Endless Battle Clause: Forcing endless battles is banned\n|clearpoke\n|poke|p1|Shaymin|\n|poke|p1|Kommo-o, F|\n|poke|p1|Cinderace, M|\n|poke|p1|Ursaring, M|\n|poke|p1|Florges-White, F|\n|poke|p1|Venomoth, F|\n|poke|p2|Baxcalibur, F|\n|poke|p2|Clefable, M|\n|poke|p2|Toxapex, F|\n|poke|p2|Mandibuzz, F|\n|poke|p2|Raichu-Alola, F|\n|poke|p2|Sandaconda, M|\n|teampreview\n|c|\u2606k1ng0r|Viel erfolg\n|c|\u2606HandOfSoul|dir auch ;)\n|c|\u2606k1ng0r|=)\n|\n|t:|1699553137\n|start\n|switch|p1a: Ursaring|Ursaring, M|100\/100\n|switch|p2a: Sandaconda|Sandaconda, M, shiny|100\/100\n|turn|1\n|\n|t:|1699553155\n|move|p2a: Sandaconda|Stealth Rock|p1a: Ursaring\n|-sidestart|p1: HandOfSoul|move: Stealth Rock\n|move|p1a: Ursaring|Body Slam|p2a: Sandaconda\n|-damage|p2a: Sandaconda|70\/100\n|-damage|p1a: Ursaring|84\/100|[from] item: Rocky Helmet|[of] p2a: Sandaconda\n|\n|upkeep\n|turn|2\n|\n|t:|1699553179\n|switch|p2a: Toxapex|Toxapex, F, shiny|100\/100\n|move|p1a: Ursaring|Earthquake|p2a: Toxapex\n|-supereffective|p2a: Toxapex\n|-damage|p2a: Toxapex|64\/100\n|\n|-heal|p2a: Toxapex|70\/100|[from] item: Black Sludge\n|upkeep\n|turn|3\n|\n|t:|1699553237\n|switch|p2a: Mandibuzz|Mandibuzz, F, shiny|100\/100\n|move|p1a: Ursaring|Body Slam|p2a: Mandibuzz\n|-damage|p2a: Mandibuzz|80\/100\n|\n|upkeep\n|turn|4\n|\n|t:|1699553296\n|switch|p1a: Florges|Florges-White, F|100\/100\n|-damage|p1a: Florges|88\/100|[from] Stealth Rock\n|move|p2a: Mandibuzz|Brave Bird|p1a: Florges\n|-damage|p1a: Florges|61\/100\n|-damage|p2a: Mandibuzz|72\/100|[from] Recoil\n|\n|-heal|p1a: Florges|67\/100|[from] item: Leftovers\n|upkeep\n|turn|5\n|\n|t:|1699553362\n|switch|p2a: Toxapex|Toxapex, F, shiny|100\/100\n|move|p1a: Florges|Baton Pass|p1a: Florges\n|\n|t:|1699553461\n|switch|p1a: Venomoth|Venomoth, F, shiny|100\/100|[from] Baton Pass\n|-damage|p1a: Venomoth|75\/100|[from] Stealth Rock\n|\n|upkeep\n|turn|6\n|\n|t:|1699553484\n|move|p1a: Venomoth|Quiver Dance|p1a: Venomoth\n|-boost|p1a: Venomoth|spa|1\n|-boost|p1a: Venomoth|spd|1\n|-boost|p1a: Venomoth|spe|1\n|move|p2a: Toxapex|Toxic Spikes|p1a: Venomoth\n|-sidestart|p1: HandOfSoul|move: Toxic Spikes\n|\n|upkeep\n|turn|7\n|\n|t:|1699553591\n|move|p1a: Venomoth|Sludge Bomb|p2a: Toxapex\n|-resisted|p2a: Toxapex\n|-damage|p2a: Toxapex|48\/100\n|-damage|p1a: Venomoth|66\/100|[from] item: Life Orb\n|move|p2a: Toxapex|Haze|p2a: Toxapex\n|-clearallboost\n|\n|-heal|p2a: Toxapex|54\/100|[from] item: Black Sludge\n|upkeep\n|turn|8\n|\n|t:|1699553612\n|move|p1a: Venomoth|Quiver Dance|p1a: Venomoth\n|-boost|p1a: Venomoth|spa|1\n|-boost|p1a: Venomoth|spd|1\n|-boost|p1a: Venomoth|spe|1\n|move|p2a: Toxapex|Liquidation|p1a: Venomoth\n|-damage|p1a: Venomoth|28\/100\n|\n|-heal|p2a: Toxapex|60\/100|[from] item: Black Sludge\n|upkeep\n|turn|9\n|\n|t:|1699553647\n|move|p1a: Venomoth|Bug Buzz|p2a: Toxapex\n|-resisted|p2a: Toxapex\n|-crit|p2a: Toxapex\n|-damage|p2a: Toxapex|0 fnt\n|faint|p2a: Toxapex\n|-damage|p1a: Venomoth|18\/100|[from] item: Life Orb\n|\n|upkeep\n|\n|t:|1699553659\n|switch|p2a: Baxcalibur|Baxcalibur, F, shiny|100\/100\n|turn|10\n|c|\u2606k1ng0r|Ih der crit\n|\n|t:|1699553696\n|move|p1a: Venomoth|Sludge Bomb|p2a: Baxcalibur\n|-damage|p2a: Baxcalibur|30\/100\n|-damage|p1a: Venomoth|9\/100|[from] item: Life Orb\n|move|p2a: Baxcalibur|Dragon Dance|p2a: Baxcalibur\n|-boost|p2a: Baxcalibur|atk|1\n|-boost|p2a: Baxcalibur|spe|1\n|\n|upkeep\n|turn|11\n|\n|t:|1699553749\n|move|p2a: Baxcalibur|Ice Shard|p1a: Venomoth\n|-damage|p1a: Venomoth|0 fnt\n|faint|p1a: Venomoth\n|\n|upkeep\n|\n|t:|1699553837\n|switch|p1a: Cinderace|Cinderace, M|100\/100\n|turn|12\n|\n|t:|1699553856\n|move|p1a: Cinderace|Sucker Punch|p2a: Baxcalibur\n|-start|p1a: Cinderace|typechange|Dark|[from] ability: Libero\n|-damage|p2a: Baxcalibur|0 fnt\n|faint|p2a: Baxcalibur\n|\n|upkeep\n|\n|t:|1699553938\n|switch|p2a: Sandaconda|Sandaconda, M, shiny|70\/100\n|turn|13\n|\n|t:|1699553982\n|move|p1a: Cinderace|Court Change|p1a: Cinderace\n|-swapsideconditions\n|-activate|p1a: Cinderace|move: Court Change\n|move|p2a: Sandaconda|Coil|p2a: Sandaconda\n|-boost|p2a: Sandaconda|atk|1\n|-boost|p2a: Sandaconda|def|1\n|-boost|p2a: Sandaconda|accuracy|1\n|\n|upkeep\n|turn|14\n|\n|t:|1699554021\n|switch|p1a: Shaymin|Shaymin|100\/100\n|move|p2a: Sandaconda|Stealth Rock|p1a: Shaymin\n|-sidestart|p1: HandOfSoul|move: Stealth Rock\n|\n|upkeep\n|turn|15\n|\n|t:|1699554131\n|switch|p2a: Clefable|Clefable, M, shiny|100\/100\n|-damage|p2a: Clefable|88\/100|[from] Stealth Rock\n|-status|p2a: Clefable|psn\n|move|p1a: Shaymin|Leech Seed|p2a: Clefable\n|-start|p2a: Clefable|move: Leech Seed\n|\n|-heal|p2a: Clefable|94\/100 psn|[from] item: Leftovers\n|-damage|p2a: Clefable|82\/100 psn|[from] Leech Seed|[of] p1a: Shaymin\n|-damage|p2a: Clefable|69\/100 psn|[from] psn\n|upkeep\n|turn|16\n|\n|t:|1699554148\n|switch|p1a: Ursaring|Ursaring, M|84\/100\n|-damage|p1a: Ursaring|71\/100|[from] Stealth Rock\n|move|p2a: Clefable|Wish|p2a: Clefable\n|\n|-heal|p2a: Clefable|75\/100 psn|[from] item: Leftovers\n|-damage|p2a: Clefable|63\/100 psn|[from] Leech Seed|[of] p1a: Ursaring\n|-heal|p1a: Ursaring|84\/100|[silent]\n|-damage|p2a: Clefable|50\/100 psn|[from] psn\n|upkeep\n|turn|17\n|\n|t:|1699554185\n|switch|p2a: Mandibuzz|Mandibuzz, F, shiny|72\/100\n|move|p1a: Ursaring|Body Slam|p2a: Mandibuzz\n|-damage|p2a: Mandibuzz|53\/100\n|\n|-heal|p2a: Mandibuzz|99\/100|[from] move: Wish|[wisher] Clefable\n|upkeep\n|turn|18\n|\n|t:|1699554204\n|switch|p1a: Florges|Florges-White, F|67\/100\n|-damage|p1a: Florges|55\/100|[from] Stealth Rock\n|move|p2a: Mandibuzz|Defog|p1a: Florges\n|-unboost|p1a: Florges|evasion|1\n|-sideend|p1: HandOfSoul|Stealth Rock|[from] move: Defog|[of] p2a: Mandibuzz\n|-sideend|p2: k1ng0r|Toxic Spikes|[from] move: Defog|[of] p2a: Mandibuzz\n|-sideend|p2: k1ng0r|Stealth Rock|[from] move: Defog|[of] p2a: Mandibuzz\n|\n|-heal|p1a: Florges|61\/100|[from] item: Leftovers\n|upkeep\n|turn|19\n|\n|t:|1699554245\n|switch|p2a: Clefable|Clefable, M, shiny|50\/100 psn\n|move|p1a: Florges|Calm Mind|p1a: Florges\n|-boost|p1a: Florges|spa|1\n|-boost|p1a: Florges|spd|1\n|\n|-heal|p1a: Florges|67\/100|[from] item: Leftovers\n|-heal|p2a: Clefable|57\/100 psn|[from] item: Leftovers\n|-damage|p2a: Clefable|44\/100 psn|[from] psn\n|upkeep\n|turn|20\n|\n|t:|1699554257\n|move|p1a: Florges|Moonblast|p2a: Clefable\n|-damage|p2a: Clefable|20\/100 psn\n|move|p2a: Clefable|Wish|p2a: Clefable\n|\n|-heal|p1a: Florges|73\/100|[from] item: Leftovers\n|-heal|p2a: Clefable|26\/100 psn|[from] item: Leftovers\n|-damage|p2a: Clefable|13\/100 psn|[from] psn\n|upkeep\n|turn|21\n|\n|t:|1699554275\n|move|p2a: Clefable|Protect|p2a: Clefable\n|-singleturn|p2a: Clefable|Protect\n|move|p1a: Florges|Moonblast|p2a: Clefable\n|-activate|p2a: Clefable|move: Protect\n|\n|-heal|p2a: Clefable|63\/100 psn|[from] move: Wish|[wisher] Clefable\n|-heal|p1a: Florges|79\/100|[from] item: Leftovers\n|-heal|p2a: Clefable|69\/100 psn|[from] item: Leftovers\n|-damage|p2a: Clefable|57\/100 psn|[from] psn\n|upkeep\n|turn|22\n|\n|t:|1699554353\n|move|p1a: Florges|Baton Pass|p1a: Florges\n|\n|t:|1699554354\n|switch|p1a: Shaymin|Shaymin|100\/100|[from] Baton Pass\n|move|p2a: Clefable|Wish|p2a: Clefable\n|\n|-heal|p2a: Clefable|63\/100 psn|[from] item: Leftovers\n|-damage|p2a: Clefable|50\/100 psn|[from] psn\n|upkeep\n|turn|23\n|\n|t:|1699554379\n|move|p1a: Shaymin|Seed Flare|p2a: Clefable\n|-damage|p2a: Clefable|22\/100 psn\n|move|p2a: Clefable|Moonblast|p1a: Shaymin\n|-damage|p1a: Shaymin|73\/100\n|-unboost|p1a: Shaymin|spa|1\n|\n|-heal|p2a: Clefable|72\/100 psn|[from] move: Wish|[wisher] Clefable\n|-heal|p2a: Clefable|78\/100 psn|[from] item: Leftovers\n|-damage|p2a: Clefable|66\/100 psn|[from] psn\n|upkeep\n|turn|24\n|\n|t:|1699554417\n|switch|p2a: Mandibuzz|Mandibuzz, F, shiny|99\/100\n|move|p1a: Shaymin|Leech Seed|p2a: Mandibuzz\n|-start|p2a: Mandibuzz|move: Leech Seed\n|\n|-damage|p2a: Mandibuzz|87\/100|[from] Leech Seed|[of] p1a: Shaymin\n|-heal|p1a: Shaymin|86\/100|[silent]\n|upkeep\n|turn|25\n|\n|t:|1699554494\n|switch|p1a: Florges|Florges-White, F|79\/100\n|move|p2a: Mandibuzz|U-turn|p1a: Florges\n|-resisted|p1a: Florges\n|-damage|p1a: Florges|75\/100\n|\n|t:|1699554504\n|switch|p2a: Sandaconda|Sandaconda, M, shiny|70\/100|[from] U-turn\n|\n|-heal|p1a: Florges|81\/100|[from] item: Leftovers\n|upkeep\n|turn|26\n|\n|t:|1699554519\n|move|p1a: Florges|Baton Pass|p1a: Florges\n|\n|t:|1699554520\n|switch|p1a: Shaymin|Shaymin|86\/100|[from] Baton Pass\n|move|p2a: Sandaconda|Earthquake|p1a: Shaymin\n|-resisted|p1a: Shaymin\n|-damage|p1a: Shaymin|72\/100\n|\n|upkeep\n|turn|27\n|\n|t:|1699554532\n|switch|p2a: Mandibuzz|Mandibuzz, F, shiny|87\/100\n|move|p1a: Shaymin|Leech Seed|p2a: Mandibuzz\n|-start|p2a: Mandibuzz|move: Leech Seed\n|\n|-damage|p2a: Mandibuzz|74\/100|[from] Leech Seed|[of] p1a: Shaymin\n|-heal|p1a: Shaymin|84\/100|[silent]\n|upkeep\n|turn|28\n|\n|t:|1699554563\n|switch|p1a: Ursaring|Ursaring, M|84\/100\n|move|p2a: Mandibuzz|Brave Bird|p1a: Ursaring\n|-damage|p1a: Ursaring|60\/100\n|-damage|p2a: Mandibuzz|67\/100|[from] Recoil\n|\n|-damage|p2a: Mandibuzz|55\/100|[from] Leech Seed|[of] p1a: Ursaring\n|-heal|p1a: Ursaring|74\/100|[silent]\n|upkeep\n|turn|29\n|\n|t:|1699554587\n|move|p2a: Mandibuzz|U-turn|p1a: Ursaring\n|-damage|p1a: Ursaring|65\/100\n|\n|t:|1699554603\n|switch|p2a: Sandaconda|Sandaconda, M, shiny|70\/100|[from] U-turn\n|move|p1a: Ursaring|Body Slam|p2a: Sandaconda\n|-damage|p2a: Sandaconda|41\/100\n|-damage|p1a: Ursaring|48\/100|[from] item: Rocky Helmet|[of] p2a: Sandaconda\n|\n|upkeep\n|turn|30\n|\n|t:|1699554626\n|switch|p2a: Raichu|Raichu-Alola, F, shiny|100\/100\n|move|p1a: Ursaring|Rest|p1a: Ursaring\n|-status|p1a: Ursaring|slp|[from] move: Rest\n|-heal|p1a: Ursaring|100\/100 slp|[silent]\n|\n|upkeep\n|turn|31\n|\n|t:|1699554642\n|move|p2a: Raichu|Volt Switch|p1a: Ursaring\n|-damage|p1a: Ursaring|80\/100 slp\n|-damage|p2a: Raichu|91\/100|[from] item: Life Orb\n|\n|t:|1699554652\n|switch|p2a: Clefable|Clefable, M, shiny|66\/100 psn|[from] Volt Switch\n|cant|p1a: Ursaring|slp\n|move|p1a: Ursaring|Sleep Talk|p1a: Ursaring\n|move|p1a: Ursaring|Rest||[from]move: Sleep Talk|[still]\n|-fail|p1a: Ursaring\n|\n|-heal|p2a: Clefable|72\/100 psn|[from] item: Leftovers\n|-damage|p2a: Clefable|59\/100 psn|[from] psn\n|upkeep\n|turn|32\n|\n|t:|1699554666\n|move|p2a: Clefable|Wish|p2a: Clefable\n|cant|p1a: Ursaring|slp\n|move|p1a: Ursaring|Sleep Talk|p1a: Ursaring\n|move|p1a: Ursaring|Earthquake|p2a: Clefable|[from]move: Sleep Talk\n|-damage|p2a: Clefable|15\/100 psn\n|\n|-heal|p2a: Clefable|21\/100 psn|[from] item: Leftovers\n|-damage|p2a: Clefable|9\/100 psn|[from] psn\n|upkeep\n|turn|33\n|\n|t:|1699554682\n|move|p2a: Clefable|Protect|p2a: Clefable\n|-singleturn|p2a: Clefable|Protect\n|-curestatus|p1a: Ursaring|slp|[msg]\n|move|p1a: Ursaring|Body Slam|p2a: Clefable\n|-activate|p2a: Clefable|move: Protect\n|\n|-heal|p2a: Clefable|59\/100 psn|[from] move: Wish|[wisher] Clefable\n|-heal|p2a: Clefable|65\/100 psn|[from] item: Leftovers\n|-damage|p2a: Clefable|52\/100 psn|[from] psn\n|upkeep\n|turn|34\n|\n|t:|1699554717\n|move|p2a: Clefable|Wish|p2a: Clefable\n|move|p1a: Ursaring|Body Slam|p2a: Clefable\n|-damage|p2a: Clefable|10\/100 psn\n|\n|-heal|p2a: Clefable|16\/100 psn|[from] item: Leftovers\n|-damage|p2a: Clefable|3\/100 psn|[from] psn\n|upkeep\n|turn|35\n|\n|t:|1699554731\n|move|p2a: Clefable|Baton Pass|p2a: Clefable\n|\n|t:|1699554748\n|switch|p2a: Raichu|Raichu-Alola, F, shiny|91\/100|[from] Baton Pass\n|move|p1a: Ursaring|Body Slam|p2a: Raichu\n|-damage|p2a: Raichu|4\/100\n|\n|-heal|p2a: Raichu|79\/100|[from] move: Wish|[wisher] Clefable\n|upkeep\n|turn|36\n|\n|t:|1699554762\n|move|p2a: Raichu|Grass Knot|p1a: Ursaring\n|-damage|p1a: Ursaring|62\/100\n|-damage|p2a: Raichu|69\/100|[from] item: Life Orb\n|move|p1a: Ursaring|Body Slam|p2a: Raichu\n|-damage|p2a: Raichu|0 fnt\n|faint|p2a: Raichu\n|\n|upkeep\n|c|\u2606k1ng0r|Gg\n|\n|t:|1699554773\n|switch|p2a: Sandaconda|Sandaconda, M, shiny|41\/100\n|turn|37\n|\n|t:|1699554780\n|move|p2a: Sandaconda|Earthquake|p1a: Ursaring\n|-damage|p1a: Ursaring|22\/100\n|move|p1a: Ursaring|Body Slam|p2a: Sandaconda\n|-damage|p2a: Sandaconda|11\/100\n|-damage|p1a: Ursaring|5\/100|[from] item: Rocky Helmet|[of] p2a: Sandaconda\n|\n|upkeep\n|turn|38\n|\n|t:|1699554788\n|switch|p1a: Shaymin|Shaymin|84\/100\n|move|p2a: Sandaconda|Earthquake|p1a: Shaymin\n|-resisted|p1a: Shaymin\n|-damage|p1a: Shaymin|68\/100\n|\n|upkeep\n|turn|39\n|\n|t:|1699554805\n|move|p1a: Shaymin|Seed Flare|p2a: Sandaconda\n|-supereffective|p2a: Sandaconda\n|-damage|p2a: Sandaconda|0 fnt\n|faint|p2a: Sandaconda\n|\n|upkeep\n|\n|t:|1699554811\n|switch|p2a: Mandibuzz|Mandibuzz, F, shiny|55\/100\n|turn|40\n|\n|t:|1699554818\n|switch|p1a: Florges|Florges-White, F|81\/100\n|move|p2a: Mandibuzz|Brave Bird|p1a: Florges\n|-damage|p1a: Florges|54\/100\n|-damage|p2a: Mandibuzz|48\/100|[from] Recoil\n|\n|-heal|p1a: Florges|60\/100|[from] item: Leftovers\n|upkeep\n|turn|41\n|\n|t:|1699554828\n|move|p2a: Mandibuzz|Brave Bird|p1a: Florges\n|-damage|p1a: Florges|37\/100\n|-damage|p2a: Mandibuzz|41\/100|[from] Recoil\n|move|p1a: Florges|Moonblast|p2a: Mandibuzz\n|-supereffective|p2a: Mandibuzz\n|-damage|p2a: Mandibuzz|0 fnt\n|faint|p2a: Mandibuzz\n|\n|-heal|p1a: Florges|43\/100|[from] item: Leftovers\n|upkeep\n|\n|t:|1699554840\n|switch|p2a: Clefable|Clefable, M, shiny|3\/100 psn\n|turn|42\n|\n|t:|1699554847\n|move|p1a: Florges|Moonblast|p2a: Clefable\n|-damage|p2a: Clefable|0 fnt\n|faint|p2a: Clefable\n|\n|win|HandOfSoul\n|c|\u2606HandOfSoul|GG\n|c|\u2606k1ng0r|Postest du\n|c|\u2606HandOfSoul|klar\n","uploadtime":1699554869,"views":25,"p1id":"handofsoul","p2id":"k1ng0r","formatid":"gen9anythinggoes","rating":0,"private":0,"password":""}