{"id":"gen9anythinggoes-1998461344","p1":"brenchy3","p2":"RollingPearl","format":"[Gen 9] Anything Goes","log":"|j|\u2606brenchy3\n|j|\u2606RollingPearl\n|t:|1700944914\n|gametype|singles\n|player|p1|brenchy3|1|1230\n|player|p2|RollingPearl|pokemonbreederf-gen4|1234\n|teamsize|p1|6\n|teamsize|p2|6\n|gen|9\n|tier|[Gen 9] Anything Goes\n|rated|\n|rule|HP Percentage Mod: HP is shown in percentages\n|rule|Endless Battle Clause: Forcing endless battles is banned\n|clearpoke\n|poke|p1|Sneasler, M|\n|poke|p1|Calyrex-Shadow|\n|poke|p1|Palkia-Origin|\n|poke|p1|Tinkaton, F|\n|poke|p1|Ceruledge, M|\n|poke|p1|Ogerpon-Cornerstone, F|\n|poke|p2|Orthworm, F|\n|poke|p2|Dachsbun, M|\n|poke|p2|Polteageist|\n|poke|p2|Garganacl, F|\n|poke|p2|Meowscarada, F|\n|poke|p2|Morpeko, M|\n|teampreview\n|inactive|Battle timer is ON: inactive players will automatically lose when time's up. (requested by RollingPearl)\n|inactive|brenchy3 has 120 seconds left.\n|\n|t:|1700944947\n|start\n|switch|p1a: Sneasler|Sneasler, M|100\/100\n|switch|p2a: Doppio|Morpeko, M|100\/100\n|turn|1\n|\n|t:|1700944961\n|move|p1a: Sneasler|Fake Out|p2a: Doppio\n|-damage|p2a: Doppio|71\/100\n|cant|p2a: Doppio|flinch\n|\n|-formechange|p2a: Doppio|Morpeko-Hangry||[from] ability: Hunger Switch\n|upkeep\n|turn|2\n|\n|t:|1700944972\n|move|p1a: Sneasler|Dire Claw|p2a: Doppio\n|-damage|p2a: Doppio|0 fnt\n|faint|p2a: Doppio\n|\n|upkeep\n|\n|t:|1700944985\n|switch|p2a: Lola lombriz|Orthworm, F|100\/100\n|turn|3\n|\n|t:|1700944994\n|switch|p1a: Ceruledge|Ceruledge, M|100\/100\n|-terastallize|p2a: Lola lombriz|Ghost\n|move|p2a: Lola lombriz|Stealth Rock|p1a: Ceruledge\n|-sidestart|p1: brenchy3|move: Stealth Rock\n|\n|upkeep\n|turn|4\n|inactive|brenchy3 has 120 seconds left.\n|\n|t:|1700945035\n|move|p1a: Ceruledge|Bitter Blade|p2a: Lola lombriz\n|-damage|p2a: Lola lombriz|65\/100\n|-damage|p1a: Ceruledge|91\/100|[from] item: Life Orb\n|move|p2a: Lola lombriz|Shed Tail|p2a: Lola lombriz\n|-start|p2a: Lola lombriz|Substitute|[from] move: Shed Tail\n|-damage|p2a: Lola lombriz|15\/100\n|-enditem|p2a: Lola lombriz|Sitrus Berry|[eat]\n|-heal|p2a: Lola lombriz|40\/100|[from] item: Sitrus Berry\n|\n|t:|1700945044\n|switch|p2a: Tecito|Polteageist|100\/100|[from] Shed Tail\n|\n|upkeep\n|turn|5\n|inactive|brenchy3 has 120 seconds left.\n|\n|t:|1700945050\n|move|p1a: Ceruledge|Bitter Blade|p2a: Tecito\n|-end|p2a: Tecito|Substitute\n|-heal|p1a: Ceruledge|100\/100|[from] drain|[of] p2a: Tecito\n|-damage|p1a: Ceruledge|91\/100|[from] item: Life Orb\n|move|p2a: Tecito|Shell Smash|p2a: Tecito\n|-unboost|p2a: Tecito|def|1\n|-unboost|p2a: Tecito|spd|1\n|-boost|p2a: Tecito|atk|2\n|-boost|p2a: Tecito|spa|2\n|-boost|p2a: Tecito|spe|2\n|\n|upkeep\n|turn|6\n|\n|t:|1700945062\n|move|p1a: Ceruledge|Shadow Sneak|p2a: Tecito\n|-supereffective|p2a: Tecito\n|-enditem|p2a: Tecito|Focus Sash\n|-damage|p2a: Tecito|1\/100\n|-ability|p2a: Tecito|Weak Armor|boost\n|-unboost|p2a: Tecito|def|1\n|-boost|p2a: Tecito|spe|2\n|-damage|p1a: Ceruledge|81\/100|[from] item: Life Orb\n|move|p2a: Tecito|Shadow Ball|p1a: Ceruledge\n|-supereffective|p1a: Ceruledge\n|-damage|p1a: Ceruledge|0 fnt\n|faint|p1a: Ceruledge\n|\n|upkeep\n|\n|t:|1700945068\n|switch|p1a: Sneasler|Sneasler, M|100\/100\n|turn|7\n|\n|t:|1700945081\n|move|p1a: Sneasler|Fake Out|p2a: Tecito\n|-immune|p2a: Tecito\n|move|p2a: Tecito|Stored Power|p1a: Sneasler\n|-supereffective|p1a: Sneasler\n|-damage|p1a: Sneasler|0 fnt\n|faint|p1a: Sneasler\n|\n|upkeep\n|c|\u2606brenchy3|oh\n|\n|t:|1700945092\n|switch|p1a: Ogerpon|Ogerpon-Cornerstone, F|100\/100\n|-damage|p1a: Ogerpon|88\/100|[from] Stealth Rock\n|turn|8\n|\n|t:|1700945099\n|move|p2a: Tecito|Stored Power|p1a: Ogerpon\n|-damage|p1a: Ogerpon|0 fnt\n|faint|p1a: Ogerpon\n|\n|upkeep\n|\n|t:|1700945100\n|switch|p1a: Calyrex|Calyrex-Shadow|100\/100\n|-ability|p1a: Calyrex|As One\n|-ability|p1a: Calyrex|Unnerve\n|-damage|p1a: Calyrex|88\/100|[from] Stealth Rock\n|turn|9\n|\n|t:|1700945112\n|move|p2a: Tecito|Shadow Ball|p1a: Calyrex\n|-supereffective|p1a: Calyrex\n|-damage|p1a: Calyrex|0 fnt\n|faint|p1a: Calyrex\n|\n|upkeep\n|\n|t:|1700945115\n|switch|p1a: Palkia|Palkia-Origin, shiny|100\/100\n|-damage|p1a: Palkia|88\/100|[from] Stealth Rock\n|-ability|p1a: Palkia|Pressure\n|turn|10\n|\n|t:|1700945126\n|move|p2a: Tecito|Stored Power|p1a: Palkia\n|-damage|p1a: Palkia|0 fnt\n|faint|p1a: Palkia\n|\n|upkeep\n|\n|t:|1700945128\n|switch|p1a: Tinkaton|Tinkaton, F|100\/100\n|-damage|p1a: Tinkaton|94\/100|[from] Stealth Rock\n|-ability|p1a: Tinkaton|Mold Breaker\n|turn|11\n|\n|t:|1700945136\n|-terastallize|p1a: Tinkaton|Flying\n|move|p2a: Tecito|Shadow Ball|p1a: Tinkaton\n|-damage|p1a: Tinkaton|0 fnt\n|faint|p1a: Tinkaton\n|\n|win|RollingPearl\n|raw|brenchy3's rating: 1230 &rarr; <strong>1205<\/strong><br \/>(-25 for losing)\n|raw|RollingPearl's rating: 1234 &rarr; <strong>1259<\/strong><br \/>(+25 for winning)\n|c|\u2606RollingPearl|gg\n|c|\u2606brenchy3|gg\n|l|\u2606brenchy3\n|c|\u2606RollingPearl|\ud83d\ude0e\n","uploadtime":1700945167,"views":10,"p1id":"brenchy3","p2id":"rollingpearl","formatid":"gen9anythinggoes","rating":1205,"private":0,"password":""}