{"id":"gen9anythinggoes-1985284114","p1":"Lunarquay","p2":"MelancholyBill","format":"[Gen 9] Anything Goes","log":"|j|\u2606Lunarquay\n|j|\u2606MelancholyBill\n|t:|1699359930\n|gametype|singles\n|player|p1|Lunarquay|cynthia-gen4|1311\n|player|p2|MelancholyBill|benga|1278\n|teamsize|p1|6\n|teamsize|p2|6\n|gen|9\n|tier|[Gen 9] Anything Goes\n|rated|\n|rule|HP Percentage Mod: HP is shown in percentages\n|rule|Endless Battle Clause: Forcing endless battles is banned\n|clearpoke\n|poke|p1|Manaphy|\n|poke|p1|Politoed, F|\n|poke|p1|Pelipper, F|\n|poke|p1|Basculegion, M|\n|poke|p1|Mew|\n|poke|p1|Cloyster, M|\n|poke|p2|Salamence, M|\n|poke|p2|Quaquaval, M|\n|poke|p2|Garganacl, F|\n|poke|p2|Ting-Lu|\n|poke|p2|Toxapex, F|\n|poke|p2|Ceruledge, M|\n|teampreview\n|inactive|Battle timer is ON: inactive players will automatically lose when time's up. (requested by Lunarquay)\n|\n|t:|1699359940\n|start\n|switch|p1a: blue pain|Cloyster, M, shiny|100\/100\n|switch|p2a: Wammu|Ting-Lu|100\/100\n|-ability|p2a: Wammu|Vessel of Ruin\n|turn|1\n|\n|t:|1699359948\n|move|p1a: blue pain|Shell Smash|p1a: blue pain\n|-unboost|p1a: blue pain|def|1\n|-unboost|p1a: blue pain|spd|1\n|-boost|p1a: blue pain|atk|2\n|-boost|p1a: blue pain|spa|2\n|-boost|p1a: blue pain|spe|2\n|-enditem|p1a: blue pain|White Herb\n|-clearnegativeboost|p1a: blue pain|[silent]\n|move|p2a: Wammu|Whirlwind|p1a: blue pain\n|drag|p1a: death violet|Basculegion, M, shiny|100\/100\n|\n|upkeep\n|turn|2\n|c|\u2606Lunarquay|oh you loser\n|\n|t:|1699359961\n|move|p1a: death violet|Wave Crash|p2a: Wammu\n|-supereffective|p2a: Wammu\n|-damage|p2a: Wammu|20\/100\n|-damage|p1a: death violet|65\/100|[from] Recoil\n|move|p2a: Wammu|Stealth Rock|p1a: death violet\n|-sidestart|p1: Lunarquay|move: Stealth Rock\n|\n|-heal|p2a: Wammu|26\/100|[from] item: Leftovers\n|upkeep\n|turn|3\n|\n|t:|1699359977\n|switch|p2a: Meanie|Toxapex, F, shiny|100\/100\n|move|p1a: death violet|Wave Crash|p2a: Meanie\n|-resisted|p2a: Meanie\n|-damage|p2a: Meanie|74\/100\n|-damage|p1a: death violet|48\/100|[from] item: Rocky Helmet|[of] p2a: Meanie\n|-damage|p1a: death violet|41\/100|[from] Recoil\n|\n|upkeep\n|turn|4\n|\n|t:|1699359994\n|switch|p1a: fish swallower|Pelipper, F, shiny|100\/100\n|-damage|p1a: fish swallower|76\/100|[from] Stealth Rock\n|-weather|RainDance|[from] ability: Drizzle|[of] p1a: fish swallower\n|move|p2a: Meanie|Toxic Spikes|p1a: fish swallower\n|-sidestart|p1: Lunarquay|move: Toxic Spikes\n|\n|-weather|RainDance|[upkeep]\n|upkeep\n|turn|5\n|\n|t:|1699360003\n|switch|p1a: death violet|Basculegion, M, shiny|41\/100\n|-damage|p1a: death violet|29\/100|[from] Stealth Rock\n|-status|p1a: death violet|psn\n|move|p2a: Meanie|Toxic Spikes|p1a: death violet\n|-sidestart|p1: Lunarquay|move: Toxic Spikes\n|\n|-weather|RainDance|[upkeep]\n|-damage|p1a: death violet|16\/100 psn|[from] psn\n|upkeep\n|turn|6\n|\n|t:|1699360012\n|move|p1a: death violet|Zen Headbutt|p2a: Meanie\n|-supereffective|p2a: Meanie\n|-damage|p2a: Meanie|22\/100\n|-damage|p1a: death violet|0 fnt|[from] item: Rocky Helmet|[of] p2a: Meanie\n|faint|p1a: death violet\n|move|p2a: Meanie|Recover|p2a: Meanie\n|-heal|p2a: Meanie|72\/100\n|\n|-weather|RainDance|[upkeep]\n|upkeep\n|\n|t:|1699360030\n|switch|p1a: fish swallower|Pelipper, F, shiny|76\/100\n|-damage|p1a: fish swallower|51\/100|[from] Stealth Rock\n|turn|7\n|\n|t:|1699360042\n|move|p1a: fish swallower|Hurricane|p2a: Meanie\n|-crit|p2a: Meanie\n|-damage|p2a: Meanie|21\/100\n|-start|p2a: Meanie|confusion\n|-activate|p2a: Meanie|confusion\n|move|p2a: Meanie|Toxic Spikes||[still]\n|-fail|p2a: Meanie\n|\n|-weather|RainDance|[upkeep]\n|upkeep\n|turn|8\n|c|\u2606MelancholyBill|Wrong button\n|\n|t:|1699360050\n|switch|p2a: Wammu|Ting-Lu|26\/100\n|-ability|p2a: Wammu|Vessel of Ruin\n|move|p1a: fish swallower|Hurricane|p2a: Wammu\n|-damage|p2a: Wammu|1\/100\n|-start|p2a: Wammu|confusion\n|\n|-weather|none\n|-heal|p2a: Wammu|8\/100|[from] item: Leftovers\n|upkeep\n|turn|9\n|c|\u2606MelancholyBill|Lmao\n|\n|t:|1699360059\n|move|p1a: fish swallower|Surf|p2a: Wammu\n|-supereffective|p2a: Wammu\n|-damage|p2a: Wammu|0 fnt\n|faint|p2a: Wammu\n|\n|upkeep\n|\n|t:|1699360062\n|switch|p2a: Hail 2 U!|Garganacl, F|100\/100\n|turn|10\n|c|\u2606Lunarquay|skill issue\n|c|\u2606MelancholyBill|Haha\n|\n|t:|1699360077\n|move|p1a: fish swallower|Surf|p2a: Hail 2 U!\n|-supereffective|p2a: Hail 2 U!\n|-damage|p2a: Hail 2 U!|49\/100\n|move|p2a: Hail 2 U!|Salt Cure|p1a: fish swallower\n|-supereffective|p1a: fish swallower\n|-damage|p1a: fish swallower|25\/100\n|-start|p1a: fish swallower|Salt Cure\n|-enditem|p1a: fish swallower|Red Card|[of] p2a: Hail 2 U!\n|drag|p2a: Salamanca|Salamence, M|100\/100\n|\n|-damage|p1a: fish swallower|0 fnt|[from] Salt Cure\n|faint|p1a: fish swallower\n|upkeep\n|c|\u2606Lunarquay|ez\n|\n|t:|1699360092\n|switch|p1a: blue pain|Cloyster, M, shiny|100\/100\n|-damage|p1a: blue pain|76\/100|[from] Stealth Rock\n|-status|p1a: blue pain|tox\n|turn|11\n|\n|t:|1699360111\n|switch|p2a: Meanie|Toxapex, F, shiny|54\/100\n|move|p1a: blue pain|Shell Smash|p1a: blue pain\n|-unboost|p1a: blue pain|def|1\n|-unboost|p1a: blue pain|spd|1\n|-boost|p1a: blue pain|atk|2\n|-boost|p1a: blue pain|spa|2\n|-boost|p1a: blue pain|spe|2\n|\n|-damage|p1a: blue pain|69\/100 tox|[from] psn\n|upkeep\n|turn|12\n|c|\u2606Lunarquay|Come on homie\n|\n|t:|1699360121\n|move|p1a: blue pain|Rock Blast|p2a: Meanie\n|-damage|p2a: Meanie|45\/100\n|-damage|p2a: Meanie|35\/100\n|-damage|p2a: Meanie|25\/100\n|-damage|p2a: Meanie|14\/100\n|-damage|p2a: Meanie|4\/100\n|-hitcount|p2a: Meanie|5\n|move|p2a: Meanie|Recover|p2a: Meanie\n|-heal|p2a: Meanie|54\/100\n|\n|-damage|p1a: blue pain|57\/100 tox|[from] psn\n|upkeep\n|turn|13\n|\n|t:|1699360132\n|move|p1a: blue pain|Shell Smash|p1a: blue pain\n|-unboost|p1a: blue pain|def|1\n|-unboost|p1a: blue pain|spd|1\n|-boost|p1a: blue pain|atk|2\n|-boost|p1a: blue pain|spa|2\n|-boost|p1a: blue pain|spe|2\n|move|p2a: Meanie|Recover|p2a: Meanie\n|-heal|p2a: Meanie|100\/100\n|\n|-damage|p1a: blue pain|38\/100 tox|[from] psn\n|upkeep\n|turn|14\n|\n|t:|1699360142\n|move|p1a: blue pain|Shell Smash|p1a: blue pain\n|-unboost|p1a: blue pain|def|1\n|-unboost|p1a: blue pain|spd|1\n|-boost|p1a: blue pain|atk|2\n|-boost|p1a: blue pain|spa|2\n|-boost|p1a: blue pain|spe|2\n|move|p2a: Meanie|Recover||[still]\n|-fail|p2a: Meanie|heal\n|\n|-damage|p1a: blue pain|13\/100 tox|[from] psn\n|upkeep\n|turn|15\n|\n|t:|1699360151\n|move|p2a: Meanie|Baneful Bunker|p2a: Meanie\n|-singleturn|p2a: Meanie|move: Protect\n|move|p1a: blue pain|Rock Blast|p2a: Meanie\n|-activate|p2a: Meanie|move: Protect\n|\n|-damage|p1a: blue pain|0 fnt|[from] psn\n|faint|p1a: blue pain\n|upkeep\n|c|\u2606Lunarquay|ewwww\n|c|\u2606MelancholyBill|Ez\n|c|\u2606Lunarquay|XDDD\n|c|\u2606Lunarquay|people like you.. the community laughs in ur face even if u win..\n|inactive|Lunarquay has 120 seconds left.\n|c|\u2606MelancholyBill|Nah man u aint got much skill sorry\n|\n|t:|1699360189\n|switch|p1a: pleb|Mew, shiny|100\/100\n|-damage|p1a: pleb|88\/100|[from] Stealth Rock\n|-status|p1a: pleb|tox\n|turn|16\n|inactive|Lunarquay has 120 seconds left.\n|c|\u2606Lunarquay|a toxapex user talking about skill?!\n|c|\u2606Lunarquay|XDDDDD\n|c|\u2606MelancholyBill|Been playing this game longer than youve been alive judging by the way u type\n|c|\u2606MelancholyBill|I like the pokemon\n|c|\u2606MelancholyBill|Not my fault hes good\n|inactive|MelancholyBill has 120 seconds left.\n|\n|t:|1699360223\n|switch|p2a: Hail 2 U!|Garganacl, F|49\/100\n|move|p1a: pleb|Calm Mind|p1a: pleb\n|-boost|p1a: pleb|spa|1\n|-boost|p1a: pleb|spd|1\n|\n|-heal|p1a: pleb|94\/100 tox|[from] item: Leftovers\n|-heal|p2a: Hail 2 U!|55\/100|[from] item: Leftovers\n|-damage|p1a: pleb|88\/100 tox|[from] psn\n|upkeep\n|turn|17\n|c|\u2606Lunarquay|Well even if u playing for 80 years and even if u win\n|c|\u2606Lunarquay|you use stall so\n|c|\u2606Lunarquay|you have 0 respect among us\n|c|\u2606Lunarquay|D\n|c|\u2606Lunarquay|XD\n|\n|t:|1699360243\n|move|p1a: pleb|Psychic|p2a: Hail 2 U!\n|-damage|p2a: Hail 2 U!|25\/100\n|move|p2a: Hail 2 U!|Salt Cure|p1a: pleb\n|-damage|p1a: pleb|77\/100 tox\n|-start|p1a: pleb|Salt Cure\n|\n|-heal|p1a: pleb|83\/100 tox|[from] item: Leftovers\n|-heal|p2a: Hail 2 U!|32\/100|[from] item: Leftovers\n|-damage|p1a: pleb|71\/100 tox|[from] psn\n|-damage|p1a: pleb|58\/100 tox|[from] Salt Cure\n|upkeep\n|turn|18\n|\n|t:|1699360257\n|move|p1a: pleb|Calm Mind|p1a: pleb\n|-boost|p1a: pleb|spa|1\n|-boost|p1a: pleb|spd|1\n|move|p2a: Hail 2 U!|Recover|p2a: Hail 2 U!\n|-heal|p2a: Hail 2 U!|82\/100\n|\n|-heal|p1a: pleb|65\/100 tox|[from] item: Leftovers\n|-heal|p2a: Hail 2 U!|88\/100|[from] item: Leftovers\n|-damage|p1a: pleb|46\/100 tox|[from] psn\n|-damage|p1a: pleb|34\/100 tox|[from] Salt Cure\n|upkeep\n|turn|19\n|c|\u2606Lunarquay|Stall users get no respect here\n|\n|t:|1699360267\n|move|p2a: Hail 2 U!|Protect|p2a: Hail 2 U!\n|-singleturn|p2a: Hail 2 U!|Protect\n|move|p1a: pleb|Psychic|p2a: Hail 2 U!\n|-activate|p2a: Hail 2 U!|move: Protect\n|\n|-heal|p1a: pleb|40\/100 tox|[from] item: Leftovers\n|-heal|p2a: Hail 2 U!|94\/100|[from] item: Leftovers\n|-damage|p1a: pleb|15\/100 tox|[from] psn\n|-damage|p1a: pleb|3\/100 tox|[from] Salt Cure\n|upkeep\n|turn|20\n|c|\u2606MelancholyBill|Oh this is just one of my teams. My main team is offensive\n|c|\u2606MelancholyBill|Bit sure man\n|c|\u2606MelancholyBill|Whatre u yapping about\n|c|\u2606Lunarquay|hahahaha\n|\n|t:|1699360281\n|move|p1a: pleb|Psychic|p2a: Hail 2 U!\n|-damage|p2a: Hail 2 U!|52\/100\n|move|p2a: Hail 2 U!|Recover|p2a: Hail 2 U!\n|-heal|p2a: Hail 2 U!|100\/100\n|\n|-heal|p1a: pleb|9\/100 tox|[from] item: Leftovers\n|-damage|p1a: pleb|0 fnt|[from] psn\n|faint|p1a: pleb\n|upkeep\n|c|\u2606Lunarquay|Recover protect spam\n|\n|t:|1699360292\n|switch|p1a: cute toad|Politoed, F, shiny|100\/100\n|-damage|p1a: cute toad|88\/100|[from] Stealth Rock\n|-status|p1a: cute toad|tox\n|-weather|RainDance|[from] ability: Drizzle|[of] p1a: cute toad\n|turn|21\n|c|\u2606MelancholyBill|Ok.\n|c|\u2606Lunarquay|Gosh ur so pathetic\n|c|\u2606Lunarquay|XD\n|\n|t:|1699360301\n|move|p1a: cute toad|Weather Ball|p2a: Hail 2 U!\n|-supereffective|p2a: Hail 2 U!\n|-damage|p2a: Hail 2 U!|23\/100\n|move|p2a: Hail 2 U!|Salt Cure|p1a: cute toad\n|-damage|p1a: cute toad|69\/100 tox\n|-start|p1a: cute toad|Salt Cure\n|-enditem|p1a: cute toad|Red Card|[of] p2a: Hail 2 U!\n|drag|p2a: The Hand|Quaquaval, M|100\/100\n|\n|-weather|RainDance|[upkeep]\n|-damage|p1a: cute toad|63\/100 tox|[from] psn\n|-damage|p1a: cute toad|38\/100 tox|[from] Salt Cure\n|upkeep\n|turn|22\n|\n|t:|1699360313\n|switch|p2a: Meanie|Toxapex, F, shiny|100\/100\n|move|p1a: cute toad|Earth Power|p2a: Meanie\n|-supereffective|p2a: Meanie\n|-damage|p2a: Meanie|62\/100\n|\n|-weather|RainDance|[upkeep]\n|-damage|p1a: cute toad|26\/100 tox|[from] psn\n|-damage|p1a: cute toad|1\/100 tox|[from] Salt Cure\n|upkeep\n|turn|23\n|\n|t:|1699360323\n|move|p2a: Meanie|Baneful Bunker|p2a: Meanie\n|-singleturn|p2a: Meanie|move: Protect\n|move|p1a: cute toad|Earth Power|p2a: Meanie\n|-activate|p2a: Meanie|move: Protect\n|\n|-weather|RainDance|[upkeep]\n|-damage|p1a: cute toad|0 fnt|[from] psn\n|faint|p1a: cute toad\n|upkeep\n|\n|t:|1699360331\n|switch|p1a: lost project|Manaphy, shiny|100\/100\n|-damage|p1a: lost project|88\/100|[from] Stealth Rock\n|-status|p1a: lost project|tox\n|turn|24\n|c|\u2606Lunarquay|come on make a move :p\n|\n|t:|1699360354\n|switch|p2a: Hail 2 U!|Garganacl, F|23\/100\n|move|p1a: lost project|Tail Glow|p1a: lost project\n|-boost|p1a: lost project|spa|3\n|\n|-weather|RainDance|[upkeep]\n|-activate|p1a: lost project|ability: Hydration\n|-curestatus|p1a: lost project|tox|[msg]\n|-heal|p1a: lost project|94\/100|[from] item: Leftovers\n|-heal|p2a: Hail 2 U!|29\/100|[from] item: Leftovers\n|upkeep\n|turn|25\n|c|\u2606MelancholyBill|Tail glow user\n|c|\u2606MelancholyBill|Ew\n|c|\u2606Lunarquay|XDDD\n|\n|t:|1699360373\n|move|p1a: lost project|Surf|p2a: Hail 2 U!\n|-supereffective|p2a: Hail 2 U!\n|-damage|p2a: Hail 2 U!|0 fnt\n|faint|p2a: Hail 2 U!\n|\n|-weather|none\n|-heal|p1a: lost project|100\/100|[from] item: Leftovers\n|upkeep\n|c|\u2606Lunarquay|You're crazy!\n|\n|t:|1699360378\n|switch|p2a: The Hand|Quaquaval, M|100\/100\n|turn|26\n|inactive|Lunarquay has 120 seconds left.\n|c|\u2606MelancholyBill|Gg if you win tho\n|\n|t:|1699360387\n|move|p1a: lost project|Surf|p2a: The Hand\n|-resisted|p2a: The Hand\n|-damage|p2a: The Hand|30\/100\n|move|p2a: The Hand|Close Combat|p1a: lost project\n|-damage|p1a: lost project|43\/100\n|-unboost|p2a: The Hand|def|1\n|-unboost|p2a: The Hand|spd|1\n|\n|-heal|p1a: lost project|49\/100|[from] item: Leftovers\n|upkeep\n|turn|27\n|inactive|Lunarquay has 120 seconds left.\n|\n|t:|1699360399\n|move|p1a: lost project|Surf|p2a: The Hand\n|-resisted|p2a: The Hand\n|-damage|p2a: The Hand|0 fnt\n|faint|p2a: The Hand\n|\n|-heal|p1a: lost project|55\/100|[from] item: Leftovers\n|upkeep\n|c|\u2606Lunarquay|Yeah gg if u win too\n|\n|t:|1699360411\n|switch|p2a: Salamanca|Salamence, M|100\/100\n|turn|28\n|\n|t:|1699360415\n|-terastallize|p2a: Salamanca|Fire\n|move|p1a: lost project|Ice Beam|p2a: Salamanca\n|-resisted|p2a: Salamanca\n|-damage|p2a: Salamanca|63\/100\n|move|p2a: Salamanca|Dragon Dance|p2a: Salamanca\n|-boost|p2a: Salamanca|atk|1\n|-boost|p2a: Salamanca|spe|1\n|\n|-heal|p1a: lost project|61\/100|[from] item: Leftovers\n|upkeep\n|turn|29\n|\n|t:|1699360423\n|move|p2a: Salamanca|Dragon Claw|p1a: lost project\n|-damage|p1a: lost project|0 fnt\n|faint|p1a: lost project\n|\n|win|MelancholyBill\n|raw|Lunarquay's rating: 1311 &rarr; <strong>1289<\/strong><br \/>(-22 for losing)\n|raw|MelancholyBill's rating: 1278 &rarr; <strong>1305<\/strong><br \/>(+27 for winning)\n|c|\u2606MelancholyBill|Ahhhhhhhghhhg\n|c|\u2606Lunarquay|Gg i was just kdiding sorry\n|l|\u2606Lunarquay\n","uploadtime":1699360446,"views":12,"p1id":"lunarquay","p2id":"melancholybill","formatid":"gen9anythinggoes","rating":1289,"private":0,"password":""}