{"id":"gen9anythinggoes-1984551937","p1":"Dr Guzzlord","p2":"Zaya575","format":"[Gen 9] Anything Goes","log":"|j|\u2606Dr Guzzlord\n|j|\u2606Zaya575\n|t:|1699279015\n|gametype|singles\n|player|p1|Dr Guzzlord|roughneck|1080\n|player|p2|Zaya575|veteran|1053\n|teamsize|p1|1\n|teamsize|p2|6\n|gen|9\n|tier|[Gen 9] Anything Goes\n|rated|\n|rule|HP Percentage Mod: HP is shown in percentages\n|rule|Endless Battle Clause: Forcing endless battles is banned\n|clearpoke\n|poke|p1|Meditite, M|\n|poke|p2|Arceus-Dragon|\n|poke|p2|Zamazenta-*|\n|poke|p2|Zacian-*|\n|poke|p2|Koraidon|\n|poke|p2|Miraidon|\n|poke|p2|Kingambit, F|\n|teampreview\n|c|\u2606Zaya575|why?\n|\n|t:|1699279021\n|start\n|switch|p1a: Meditite|Meditite, M, shiny|100\/100\n|switch|p2a: Kingambit|Kingambit, F|100\/100\n|turn|1\n|\n|t:|1699279025\n|move|p2a: Kingambit|Quick Guard|p2a: Kingambit\n|-singleturn|p2a: Kingambit|Quick Guard\n|move|p1a: Meditite|Bulk Up|p1a: Meditite\n|-boost|p1a: Meditite|atk|1\n|-boost|p1a: Meditite|def|1\n|\n|upkeep\n|turn|2\n|\n|t:|1699279034\n|move|p2a: Kingambit|Quick Guard|p2a: Kingambit\n|-singleturn|p2a: Kingambit|Quick Guard\n|move|p1a: Meditite|Bulk Up|p1a: Meditite\n|-boost|p1a: Meditite|atk|1\n|-boost|p1a: Meditite|def|1\n|\n|upkeep\n|turn|3\n|\n|t:|1699279038\n|move|p2a: Kingambit|Protect||[still]\n|-fail|p2a: Kingambit\n|move|p1a: Meditite|Bulk Up|p1a: Meditite\n|-boost|p1a: Meditite|atk|1\n|-boost|p1a: Meditite|def|1\n|\n|upkeep\n|turn|4\n|\n|t:|1699279042\n|move|p2a: Kingambit|Kowtow Cleave|p1a: Meditite\n|-damage|p1a: Meditite|78\/100\n|move|p1a: Meditite|Bulk Up|p1a: Meditite\n|-boost|p1a: Meditite|atk|1\n|-boost|p1a: Meditite|def|1\n|\n|upkeep\n|turn|5\n|\n|t:|1699279050\n|-end|p2a: Kingambit|fallenundefined|[silent]\n|switch|p2a: Arceus|Arceus-Dragon, shiny|100\/100\n|move|p1a: Meditite|Bulk Up|p1a: Meditite\n|-boost|p1a: Meditite|atk|1\n|-boost|p1a: Meditite|def|1\n|\n|upkeep\n|turn|6\n|\n|t:|1699279053\n|move|p2a: Arceus|Hyper Beam|p1a: Meditite|[miss]\n|-miss|p2a: Arceus|p1a: Meditite\n|move|p1a: Meditite|Drain Punch|p2a: Arceus\n|-damage|p2a: Arceus|47\/100\n|-heal|p1a: Meditite|100\/100|[from] drain|[of] p2a: Arceus\n|\n|upkeep\n|turn|7\n|\n|t:|1699279059\n|move|p2a: Arceus|Hyper Beam|p1a: Meditite\n|-damage|p1a: Meditite|65\/100\n|-mustrecharge|p2a: Arceus\n|move|p1a: Meditite|Drain Punch|p2a: Arceus\n|-damage|p2a: Arceus|0 fnt\n|-heal|p1a: Meditite|100\/100|[from] drain|[of] p2a: Arceus\n|faint|p2a: Arceus\n|\n|upkeep\n|\n|t:|1699279062\n|switch|p2a: Koraidon|Koraidon|100\/100\n|-weather|SunnyDay|[from] ability: Orichalcum Pulse|[of] p2a: Koraidon\n|-activate|p2a: Koraidon|Orichalcum Pulse|[source]\n|turn|8\n|\n|t:|1699279065\n|move|p2a: Koraidon|Collision Course|p1a: Meditite\n|-resisted|p1a: Meditite\n|-damage|p1a: Meditite|88\/100\n|move|p1a: Meditite|Bulk Up|p1a: Meditite\n|-boost|p1a: Meditite|atk|1\n|-boost|p1a: Meditite|def|1\n|\n|-weather|SunnyDay|[upkeep]\n|upkeep\n|turn|9\n|\n|t:|1699279070\n|move|p2a: Koraidon|Dragon Pulse|p1a: Meditite\n|-damage|p1a: Meditite|58\/100\n|move|p1a: Meditite|Drain Punch|p2a: Koraidon\n|-damage|p2a: Koraidon|29\/100\n|-heal|p1a: Meditite|100\/100|[from] drain|[of] p2a: Koraidon\n|\n|-weather|SunnyDay|[upkeep]\n|-heal|p2a: Koraidon|35\/100|[from] item: Leftovers\n|upkeep\n|turn|10\n|\n|t:|1699279076\n|move|p2a: Koraidon|Drain Punch|p1a: Meditite\n|-resisted|p1a: Meditite\n|-damage|p1a: Meditite|92\/100\n|-heal|p2a: Koraidon|38\/100|[from] drain|[of] p1a: Meditite\n|move|p1a: Meditite|Drain Punch|p2a: Koraidon\n|-damage|p2a: Koraidon|0 fnt\n|-heal|p1a: Meditite|100\/100|[from] drain|[of] p2a: Koraidon\n|faint|p2a: Koraidon\n|\n|-weather|SunnyDay|[upkeep]\n|upkeep\n|\n|t:|1699279083\n|switch|p2a: Miraidon|Miraidon|100\/100\n|-fieldstart|move: Electric Terrain|[from] ability: Hadron Engine|[of] p2a: Miraidon\n|turn|11\n|\n|t:|1699279085\n|move|p2a: Miraidon|Electro Drift|p1a: Meditite\n|-damage|p1a: Meditite|31\/100\n|move|p1a: Meditite|Drain Punch|p2a: Miraidon\n|-damage|p2a: Miraidon|20\/100\n|-heal|p1a: Meditite|88\/100|[from] drain|[of] p2a: Miraidon\n|\n|-weather|SunnyDay|[upkeep]\n|-heal|p2a: Miraidon|26\/100|[from] item: Leftovers\n|upkeep\n|turn|12\n|\n|t:|1699279101\n|-terastallize|p1a: Meditite|Steel\n|move|p1a: Meditite|Bullet Punch|p2a: Miraidon\n|-resisted|p2a: Miraidon\n|-damage|p2a: Miraidon|3\/100\n|move|p2a: Miraidon|Electro Drift|p1a: Meditite\n|-damage|p1a: Meditite|16\/100\n|\n|-weather|none\n|-heal|p2a: Miraidon|9\/100|[from] item: Leftovers\n|upkeep\n|turn|13\n|\n|t:|1699279115\n|move|p1a: Meditite|Bullet Punch|p2a: Miraidon\n|-resisted|p2a: Miraidon\n|-damage|p2a: Miraidon|0 fnt\n|faint|p2a: Miraidon\n|\n|upkeep\n|\n|t:|1699279121\n|switch|p2a: Zamazenta|Zamazenta-Crowned, shiny|100\/100\n|-ability|p2a: Zamazenta|Dauntless Shield|boost\n|-boost|p2a: Zamazenta|def|1\n|turn|14\n|\n|t:|1699279126\n|move|p2a: Zamazenta|Behemoth Bash|p1a: Meditite\n|-resisted|p1a: Meditite\n|-damage|p1a: Meditite|9\/100\n|move|p1a: Meditite|Drain Punch|p2a: Zamazenta\n|-supereffective|p2a: Zamazenta\n|-damage|p2a: Zamazenta|14\/100\n|-heal|p1a: Meditite|70\/100|[from] drain|[of] p2a: Zamazenta\n|\n|upkeep\n|turn|15\n|\n|t:|1699279135\n|move|p2a: Zamazenta|Steel Beam|p1a: Meditite\n|-resisted|p1a: Meditite\n|-damage|p1a: Meditite|52\/100\n|-damage|p2a: Zamazenta|0 fnt|[from] steelbeam\n|faint|p2a: Zamazenta\n|move|p1a: Meditite|Drain Punch|p2: Zamazenta|[notarget]\n|-fail|p1a: Meditite\n|\n|-fieldend|move: Electric Terrain\n|upkeep\n|\n|t:|1699279139\n|switch|p2a: Zacian|Zacian-Crowned, shiny|100\/100\n|-ability|p2a: Zacian|Intrepid Sword|boost\n|-boost|p2a: Zacian|atk|1\n|turn|16\n|\n|t:|1699279143\n|move|p2a: Zacian|Close Combat|p1a: Meditite\n|-supereffective|p1a: Meditite\n|-damage|p1a: Meditite|9\/100\n|-unboost|p2a: Zacian|def|1\n|-unboost|p2a: Zacian|spd|1\n|move|p1a: Meditite|Drain Punch|p2a: Zacian\n|-damage|p2a: Zacian|0 fnt\n|-heal|p1a: Meditite|76\/100|[from] drain|[of] p2a: Zacian\n|faint|p2a: Zacian\n|\n|upkeep\n|\n|t:|1699279150\n|switch|p2a: Kingambit|Kingambit, F|100\/100\n|-activate|p2a: Kingambit|ability: Supreme Overlord\n|-start|p2a: Kingambit|fallen5|[silent]\n|turn|17\n|\n|t:|1699279158\n|move|p2a: Kingambit|Kowtow Cleave|p1a: Meditite\n|-damage|p1a: Meditite|54\/100\n|move|p1a: Meditite|Drain Punch|p2a: Kingambit\n|-supereffective|p2a: Kingambit\n|-damage|p2a: Kingambit|0 fnt\n|-heal|p1a: Meditite|100\/100|[from] drain|[of] p2a: Kingambit\n|faint|p2a: Kingambit\n|-end|p2a: Kingambit|fallen5|[silent]\n|\n|win|Dr Guzzlord\n|raw|Dr Guzzlord's rating: 1013 &rarr; <strong>1055<\/strong><br \/>(+42 for winning)\n|raw|Zaya575's rating: 1053 &rarr; <strong>1033<\/strong><br \/>(-20 for losing)\n|c|\u2606Zaya575|wow\n","uploadtime":1699279175,"views":7,"p1id":"drguzzlord","p2id":"zaya575","formatid":"gen9anythinggoes","rating":1033,"private":0,"password":""}