{"id":"gen9anythinggoes-1994507835","p1":"yekom test","p2":"SonicSpeedKaleb","format":"[Gen 9] Anything Goes","log":"|j|\u2606yekom test\n|j|\u2606SonicSpeedKaleb\n|t:|1700452226\n|gametype|singles\n|player|p1|yekom test|will|1458\n|player|p2|SonicSpeedKaleb|265|1284\n|teamsize|p1|6\n|teamsize|p2|6\n|gen|9\n|tier|[Gen 9] Anything Goes\n|rated|\n|rule|HP Percentage Mod: HP is shown in percentages\n|rule|Endless Battle Clause: Forcing endless battles is banned\n|clearpoke\n|poke|p1|Perrserker, M|\n|poke|p1|Perrserker, F|\n|poke|p1|Kingambit, F|\n|poke|p1|Lycanroc, F|\n|poke|p1|Calyrex-Shadow|\n|poke|p1|Geodude-Alola, F|\n|poke|p2|Skeledirge, M|\n|poke|p2|Pawmot, M|\n|poke|p2|Gardevoir, F|\n|poke|p2|Gliscor, F|\n|poke|p2|Lycanroc, M|\n|poke|p2|Koraidon|\n|teampreview\n|inactive|Battle timer is ON: inactive players will automatically lose when time's up. (requested by yekom test)\n|c|\u2606SonicSpeedKaleb|Let's rock WITHOUT Sucker Punch!\n|\n|t:|1700452237\n|start\n|switch|p1a: Raw|Lycanroc, F|100\/100\n|switch|p2a: Gliscor|Gliscor, F|100\/100\n|turn|1\n|\n|t:|1700452241\n|move|p1a: Raw|Taunt|p2a: Gliscor\n|-start|p2a: Gliscor|move: Taunt\n|cant|p2a: Gliscor|move: Taunt|Agility\n|\n|upkeep\n|turn|2\n|\n|t:|1700452245\n|move|p1a: Raw|Stealth Rock|p2a: Gliscor\n|-sidestart|p2: SonicSpeedKaleb|move: Stealth Rock\n|move|p2a: Gliscor|Earthquake|p1a: Raw\n|-supereffective|p1a: Raw\n|-enditem|p1a: Raw|Focus Sash\n|-damage|p1a: Raw|1\/100\n|\n|upkeep\n|turn|3\n|\n|t:|1700452247\n|move|p1a: Raw|Endeavor|p2a: Gliscor\n|-damage|p2a: Gliscor|1\/100\n|move|p2a: Gliscor|Earthquake|p1a: Raw\n|-supereffective|p1a: Raw\n|-damage|p1a: Raw|0 fnt\n|faint|p1a: Raw\n|\n|-end|p2a: Gliscor|move: Taunt\n|upkeep\n|\n|t:|1700452252\n|switch|p1a: rusty cat|Perrserker, F|100\/100\n|turn|4\n|\n|t:|1700452255\n|move|p1a: rusty cat|Fake Out|p2a: Gliscor\n|-damage|p2a: Gliscor|0 fnt\n|faint|p2a: Gliscor\n|\n|upkeep\n|\n|t:|1700452260\n|switch|p2a: Pawmot|Pawmot, M|100\/100\n|-damage|p2a: Pawmot|94\/100|[from] Stealth Rock\n|turn|5\n|\n|t:|1700452264\n|move|p2a: Pawmot|Agility|p2a: Pawmot\n|-boost|p2a: Pawmot|spe|2\n|move|p1a: rusty cat|Metal Burst||[still]\n|-fail|p1a: rusty cat\n|\n|upkeep\n|turn|6\n|\n|t:|1700452272\n|move|p2a: Pawmot|Baton Pass|p2a: Pawmot\n|\n|t:|1700452273\n|switch|p2a: Koraidon|Koraidon|100\/100|[from] Baton Pass\n|-damage|p2a: Koraidon|94\/100|[from] Stealth Rock\n|-weather|SunnyDay|[from] ability: Orichalcum Pulse|[of] p2a: Koraidon\n|-activate|p2a: Koraidon|Orichalcum Pulse|[source]\n|move|p1a: rusty cat|Metal Burst||[still]\n|-fail|p1a: rusty cat\n|\n|-weather|SunnyDay|[upkeep]\n|upkeep\n|turn|7\n|\n|t:|1700452279\n|move|p2a: Koraidon|Collision Course|p1a: rusty cat\n|-supereffective|p1a: rusty cat\n|-enditem|p1a: rusty cat|Focus Sash\n|-damage|p1a: rusty cat|1\/100\n|move|p1a: rusty cat|Metal Burst|p2a: Koraidon\n|-damage|p2a: Koraidon|0 fnt\n|faint|p2a: Koraidon\n|\n|-weather|SunnyDay|[upkeep]\n|upkeep\n|\n|t:|1700452290\n|switch|p2a: Lycanroc|Lycanroc, M|100\/100\n|-damage|p2a: Lycanroc|88\/100|[from] Stealth Rock\n|turn|8\n|c|\u2606SonicSpeedKaleb|Are you KIDDING ME!?\n|-message|SonicSpeedKaleb forfeited.\n|\n|win|yekom test\n|raw|yekom test's rating: 1458 &rarr; <strong>1469<\/strong><br \/>(+11 for winning)\n|raw|SonicSpeedKaleb's rating: 1284 &rarr; <strong>1271<\/strong><br \/>(-13 for losing)\n|l|\u2606SonicSpeedKaleb\n","uploadtime":1700452310,"views":1,"p1id":"yekomtest","p2id":"sonicspeedkaleb","formatid":"gen9anythinggoes","rating":1271,"private":0,"password":""}