{"id":"gen9anythinggoes-1997905775","p1":"bhtegfwfr3g","p2":"DaKingK","format":"[Gen 9] Anything Goes","log":"|j|\u2606bhtegfwfr3g\n|j|\u203dDaKingK\n|t:|1700865900\n|gametype|singles\n|player|p1|bhtegfwfr3g|102|1000\n|player|p2|DaKingK|169|1003\n|teamsize|p1|6\n|teamsize|p2|6\n|gen|9\n|tier|[Gen 9] Anything Goes\n|rated|\n|rule|HP Percentage Mod: HP is shown in percentages\n|rule|Endless Battle Clause: Forcing endless battles is banned\n|clearpoke\n|poke|p1|Trevenant, F|\n|poke|p1|Corviknight, M|\n|poke|p1|Gallade, M|\n|poke|p1|Azumarill, M|\n|poke|p1|Gholdengo|\n|poke|p1|Scream Tail|\n|poke|p2|Drifblim, F|\n|poke|p2|Espathra, M|\n|poke|p2|Jirachi|\n|poke|p2|Dudunsparce-*, F|\n|poke|p2|Uxie|\n|poke|p2|Urshifu-*, F|\n|teampreview\n|inactive|Battle timer is ON: inactive players will automatically lose when time's up. (requested by DaKingK)\n|\n|t:|1700865911\n|start\n|switch|p1a: Trevenant|Trevenant, F|100\/100\n|switch|p2a: Drifblim|Drifblim, F|100\/100\n|turn|1\n|\n|t:|1700865924\n|move|p2a: Drifblim|Minimize|p2a: Drifblim\n|-boost|p2a: Drifblim|evasion|2\n|move|p1a: Trevenant|Leech Seed|p2a: Drifblim|[miss]\n|-miss|p1a: Trevenant|p2a: Drifblim\n|\n|upkeep\n|turn|2\n|\n|t:|1700865930\n|move|p2a: Drifblim|Minimize|p2a: Drifblim\n|-boost|p2a: Drifblim|evasion|2\n|move|p1a: Trevenant|Shadow Ball|p2a: Drifblim\n|-supereffective|p2a: Drifblim\n|-damage|p2a: Drifblim|56\/100\n|\n|upkeep\n|turn|3\n|j| Scorpion257\n|\n|t:|1700865939\n|move|p2a: Drifblim|Minimize|p2a: Drifblim\n|-boost|p2a: Drifblim|evasion|2\n|move|p1a: Trevenant|Shadow Ball|p2a: Drifblim|[miss]\n|-miss|p1a: Trevenant|p2a: Drifblim\n|\n|upkeep\n|turn|4\n|\n|t:|1700865945\n|move|p2a: Drifblim|Baton Pass|p2a: Drifblim\n|\n|t:|1700865947\n|switch|p2a: Dudunsparce|Dudunsparce-Three-Segment, F|100\/100|[from] Baton Pass\n|move|p1a: Trevenant|Shadow Ball|p2a: Dudunsparce\n|-immune|p2a: Dudunsparce\n|\n|upkeep\n|turn|5\n|\n|t:|1700865954\n|move|p2a: Dudunsparce|Substitute|p2a: Dudunsparce\n|-start|p2a: Dudunsparce|Substitute\n|-damage|p2a: Dudunsparce|76\/100\n|move|p1a: Trevenant|Leech Seed|p2a: Dudunsparce|[miss]\n|-miss|p1a: Trevenant|p2a: Dudunsparce\n|\n|-heal|p2a: Dudunsparce|82\/100|[from] item: Leftovers\n|upkeep\n|turn|6\n|\n|t:|1700865961\n|move|p2a: Dudunsparce|Coil|p2a: Dudunsparce\n|-boost|p2a: Dudunsparce|atk|1\n|-boost|p2a: Dudunsparce|def|1\n|-boost|p2a: Dudunsparce|accuracy|1\n|move|p1a: Trevenant|Leech Seed|p2a: Dudunsparce|[miss]\n|-miss|p1a: Trevenant|p2a: Dudunsparce\n|\n|-heal|p2a: Dudunsparce|88\/100|[from] item: Leftovers\n|upkeep\n|turn|7\n|\n|t:|1700865969\n|move|p2a: Dudunsparce|Stored Power|p1a: Trevenant\n|-damage|p1a: Trevenant|69\/100\n|move|p1a: Trevenant|Leech Seed|p2a: Dudunsparce|[miss]\n|-miss|p1a: Trevenant|p2a: Dudunsparce\n|\n|-heal|p2a: Dudunsparce|94\/100|[from] item: Leftovers\n|upkeep\n|turn|8\n|\n|t:|1700865977\n|move|p2a: Dudunsparce|Coil|p2a: Dudunsparce\n|-boost|p2a: Dudunsparce|atk|1\n|-boost|p2a: Dudunsparce|def|1\n|-boost|p2a: Dudunsparce|accuracy|1\n|move|p1a: Trevenant|Leech Seed|p2a: Dudunsparce|[miss]\n|-miss|p1a: Trevenant|p2a: Dudunsparce\n|\n|-heal|p2a: Dudunsparce|99\/100|[from] item: Leftovers\n|upkeep\n|turn|9\n|\n|t:|1700865986\n|move|p2a: Dudunsparce|Coil|p2a: Dudunsparce\n|-boost|p2a: Dudunsparce|atk|1\n|-boost|p2a: Dudunsparce|def|1\n|-boost|p2a: Dudunsparce|accuracy|1\n|move|p1a: Trevenant|Leech Seed||[still]\n|-fail|p1a: Trevenant\n|\n|-heal|p2a: Dudunsparce|100\/100|[from] item: Leftovers\n|upkeep\n|turn|10\n|\n|t:|1700866001\n|switch|p1a: Scream Tail|Scream Tail|100\/100\n|move|p2a: Dudunsparce|Coil|p2a: Dudunsparce\n|-boost|p2a: Dudunsparce|atk|1\n|-boost|p2a: Dudunsparce|def|1\n|-boost|p2a: Dudunsparce|accuracy|1\n|\n|upkeep\n|turn|11\n|\n|t:|1700866010\n|move|p1a: Scream Tail|Drain Punch|p2a: Dudunsparce|[miss]\n|-miss|p1a: Scream Tail|p2a: Dudunsparce\n|move|p2a: Dudunsparce|Coil|p2a: Dudunsparce\n|-boost|p2a: Dudunsparce|atk|1\n|-boost|p2a: Dudunsparce|def|1\n|-boost|p2a: Dudunsparce|accuracy|1\n|\n|upkeep\n|turn|12\n|\n|t:|1700866017\n|move|p1a: Scream Tail|Drain Punch|p2a: Dudunsparce|[miss]\n|-miss|p1a: Scream Tail|p2a: Dudunsparce\n|move|p2a: Dudunsparce|Coil|p2a: Dudunsparce\n|-boost|p2a: Dudunsparce|atk|1\n|-boost|p2a: Dudunsparce|def|1\n|-boost|p2a: Dudunsparce|accuracy|1\n|\n|upkeep\n|turn|13\n|\n|t:|1700866024\n|move|p1a: Scream Tail|Drain Punch|p2a: Dudunsparce|[miss]\n|-miss|p1a: Scream Tail|p2a: Dudunsparce\n|move|p2a: Dudunsparce|Baton Pass|p2a: Dudunsparce\n|\n|t:|1700866028\n|switch|p2a: Jirachi|Jirachi|100\/100|[from] Baton Pass\n|\n|upkeep\n|turn|14\n|\n|t:|1700866038\n|move|p1a: Scream Tail|Flamethrower|p2a: Jirachi|[miss]\n|-miss|p1a: Scream Tail|p2a: Jirachi\n|move|p2a: Jirachi|Amnesia|p2a: Jirachi\n|-boost|p2a: Jirachi|spd|2\n|\n|upkeep\n|turn|15\n|\n|t:|1700866044\n|move|p1a: Scream Tail|Flamethrower|p2a: Jirachi|[miss]\n|-miss|p1a: Scream Tail|p2a: Jirachi\n|move|p2a: Jirachi|Amnesia|p2a: Jirachi\n|-boost|p2a: Jirachi|spd|2\n|\n|upkeep\n|turn|16\n|\n|t:|1700866049\n|move|p1a: Scream Tail|Flamethrower|p2a: Jirachi\n|-supereffective|p2a: Jirachi\n|-activate|p2a: Jirachi|move: Substitute|[damage]\n|move|p2a: Jirachi|Amnesia|p2a: Jirachi\n|-boost|p2a: Jirachi|spd|2\n|\n|upkeep\n|turn|17\n|\n|t:|1700866055\n|move|p1a: Scream Tail|Flamethrower|p2a: Jirachi\n|-supereffective|p2a: Jirachi\n|-activate|p2a: Jirachi|move: Substitute|[damage]\n|move|p2a: Jirachi|Baton Pass|p2a: Jirachi\n|\n|t:|1700866061\n|switch|p2a: Uxie|Uxie|100\/100|[from] Baton Pass\n|\n|upkeep\n|turn|18\n|\n|t:|1700866071\n|move|p1a: Scream Tail|Stomping Tantrum|p2a: Uxie\n|-immune|p2a: Uxie|[from] ability: Levitate\n|move|p2a: Uxie|Nasty Plot|p2a: Uxie\n|-boost|p2a: Uxie|spa|2\n|\n|upkeep\n|turn|19\n|\n|t:|1700866078\n|move|p1a: Scream Tail|Dazzling Gleam|p2a: Uxie|[miss]\n|-miss|p1a: Scream Tail|p2a: Uxie\n|move|p2a: Uxie|Nasty Plot|p2a: Uxie\n|-boost|p2a: Uxie|spa|2\n|\n|upkeep\n|turn|20\n|\n|t:|1700866083\n|move|p1a: Scream Tail|Dazzling Gleam|p2a: Uxie|[miss]\n|-miss|p1a: Scream Tail|p2a: Uxie\n|move|p2a: Uxie|Nasty Plot|p2a: Uxie\n|-boost|p2a: Uxie|spa|2\n|\n|upkeep\n|turn|21\n|\n|t:|1700866090\n|move|p1a: Scream Tail|Dazzling Gleam|p2a: Uxie|[miss]\n|-miss|p1a: Scream Tail|p2a: Uxie\n|move|p2a: Uxie|Baton Pass|p2a: Uxie\n|\n|t:|1700866093\n|switch|p2a: Espathra|Espathra, M|100\/100|[from] Baton Pass\n|\n|upkeep\n|turn|22\n|\n|t:|1700866101\n|move|p2a: Espathra|Agility|p2a: Espathra\n|-boost|p2a: Espathra|spe|2\n|move|p1a: Scream Tail|Stomping Tantrum|p2a: Espathra|[miss]\n|-miss|p1a: Scream Tail|p2a: Espathra\n|\n|-ability|p2a: Espathra|Speed Boost|boost\n|-boost|p2a: Espathra|spe|1\n|upkeep\n|turn|23\n|\n|t:|1700866112\n|move|p2a: Espathra|Agility|p2a: Espathra\n|-boost|p2a: Espathra|spe|2\n|move|p1a: Scream Tail|Stomping Tantrum|p2a: Espathra\n|-end|p2a: Espathra|Substitute\n|\n|-ability|p2a: Espathra|Speed Boost|boost\n|-boost|p2a: Espathra|spe|1\n|upkeep\n|turn|24\n|\n|t:|1700866125\n|move|p2a: Espathra|Stored Power|p1a: Scream Tail\n|-resisted|p1a: Scream Tail\n|-crit|p1a: Scream Tail\n|-damage|p1a: Scream Tail|0 fnt\n|faint|p1a: Scream Tail\n|-end|p1a: Scream Tail|Protosynthesis|[silent]\n|\n|upkeep\n|\n|t:|1700866143\n|switch|p1a: Trevenant|Trevenant, F|69\/100\n|turn|25\n|\n|t:|1700866148\n|move|p2a: Espathra|Stored Power|p1a: Trevenant\n|-damage|p1a: Trevenant|0 fnt\n|faint|p1a: Trevenant\n|\n|upkeep\n|\n|t:|1700866154\n|switch|p1a: Gholdengo|Gholdengo|100\/100\n|-item|p1a: Gholdengo|Air Balloon\n|turn|26\n|\n|t:|1700866162\n|move|p2a: Espathra|Stored Power|p1a: Gholdengo\n|-resisted|p1a: Gholdengo\n|-damage|p1a: Gholdengo|0 fnt\n|-enditem|p1a: Gholdengo|Air Balloon\n|faint|p1a: Gholdengo\n|\n|upkeep\n|\n|t:|1700866175\n|switch|p1a: Gallade|Gallade, M|100\/100\n|turn|27\n|\n|t:|1700866184\n|move|p2a: Espathra|Stored Power|p1a: Gallade\n|-damage|p1a: Gallade|0 fnt\n|faint|p1a: Gallade\n|\n|upkeep\n|\n|t:|1700866189\n|switch|p1a: Corviknight|Corviknight, M, shiny|100\/100\n|-ability|p1a: Corviknight|Pressure\n|turn|28\n|\n|t:|1700866197\n|move|p2a: Espathra|Stored Power|p1a: Corviknight\n|-resisted|p1a: Corviknight\n|-damage|p1a: Corviknight|0 fnt\n|faint|p1a: Corviknight\n|\n|upkeep\n|\n|t:|1700866201\n|switch|p1a: Azumarill|Azumarill, M, shiny|100\/100\n|turn|29\n|\n|t:|1700866208\n|move|p2a: Espathra|Stored Power|p1a: Azumarill\n|-damage|p1a: Azumarill|0 fnt\n|faint|p1a: Azumarill\n|\n|win|DaKingK\n|raw|bhtegfwfr3g's rating: 1000 &rarr; <strong>1000<\/strong><br \/>(+0 for losing)\n|raw|DaKingK's rating: 1003 &rarr; <strong>1042<\/strong><br \/>(+39 for winning)\n|l|\u2606bhtegfwfr3g\n","uploadtime":1700866215,"views":25,"p1id":"bhtegfwfr3g","p2id":"dakingk","formatid":"gen9anythinggoes","rating":1000,"private":0,"password":""}