{"id":"gen9anythinggoes-1975286182","p1":"BlendoxTheYonk","p2":"trtgth","format":"[Gen 9] Anything Goes","log":"|j|\u2606BlendoxTheYonk\n|j|\u2606trtgth\n|t:|1698176612\n|gametype|singles\n|player|p1|BlendoxTheYonk|clown|1156\n|player|p2|trtgth|265|1038\n|teamsize|p1|6\n|teamsize|p2|6\n|gen|9\n|tier|[Gen 9] Anything Goes\n|rated|\n|rule|HP Percentage Mod: HP is shown in percentages\n|rule|Endless Battle Clause: Forcing endless battles is banned\n|clearpoke\n|poke|p1|Oricorio, F|\n|poke|p1|Oricorio-Pa'u, F|\n|poke|p1|Oricorio-Pom-Pom, M|\n|poke|p1|Oricorio-Sensu, F|\n|poke|p1|Espathra, M|\n|poke|p1|Fezandipiti, M|\n|poke|p2|Tinkaton, F|\n|poke|p2|Haxorus, M|\n|poke|p2|Scovillain, F|\n|poke|p2|Drednaw, M|\n|poke|p2|Kilowattrel, M|\n|poke|p2|Dudunsparce-*, F|\n|teampreview\n|\n|t:|1698176626\n|start\n|switch|p1a: Fezandipiti|Fezandipiti, M|100\/100\n|switch|p2a: Dudunsparce|Dudunsparce, F|100\/100\n|turn|1\n|\n|t:|1698176642\n|move|p1a: Fezandipiti|Swagger|p2a: Dudunsparce\n|-boost|p2a: Dudunsparce|atk|2\n|-enditem|p1a: Fezandipiti|Mirror Herb\n|-boost|p1a: Fezandipiti|atk|2|[from] item: Mirror Herb\n|-start|p2a: Dudunsparce|confusion\n|-activate|p2a: Dudunsparce|confusion\n|move|p2a: Dudunsparce|Glare|p1a: Fezandipiti\n|-status|p1a: Fezandipiti|par\n|\n|upkeep\n|turn|2\n|\n|t:|1698176653\n|-activate|p2a: Dudunsparce|confusion\n|move|p2a: Dudunsparce|Boomburst|p1a: Fezandipiti\n|-damage|p1a: Fezandipiti|60\/100 par\n|move|p1a: Fezandipiti|Acrobatics|p2a: Dudunsparce\n|-damage|p2a: Dudunsparce|49\/100\n|-status|p2a: Dudunsparce|tox|[from] ability: Toxic Chain|[of] p1a: Fezandipiti\n|\n|-damage|p2a: Dudunsparce|42\/100 tox|[from] psn\n|upkeep\n|turn|3\n|\n|t:|1698176663\n|-activate|p2a: Dudunsparce|confusion\n|move|p2a: Dudunsparce|Boomburst|p1a: Fezandipiti\n|-crit|p1a: Fezandipiti\n|-damage|p1a: Fezandipiti|2\/100 par\n|move|p1a: Fezandipiti|Acrobatics|p2a: Dudunsparce\n|-damage|p2a: Dudunsparce|0 fnt\n|faint|p2a: Dudunsparce\n|\n|upkeep\n|\n|t:|1698176672\n|switch|p2a: Kilowattrel|Kilowattrel, M|100\/100\n|turn|4\n|\n|t:|1698176677\n|move|p2a: Kilowattrel|Air Slash|p1a: Fezandipiti\n|-damage|p1a: Fezandipiti|0 fnt\n|faint|p1a: Fezandipiti\n|\n|upkeep\n|\n|t:|1698176680\n|switch|p1a: The Secretary|Espathra, M|100\/100\n|turn|5\n|\n|t:|1698176707\n|move|p1a: The Secretary|Protect|p1a: The Secretary\n|-singleturn|p1a: The Secretary|Protect\n|move|p2a: Kilowattrel|Air Slash|p1a: The Secretary\n|-activate|p1a: The Secretary|move: Protect\n|\n|upkeep\n|turn|6\n|\n|t:|1698176713\n|switch|p1a: Louisa|Oricorio, F, shiny|100\/100\n|move|p2a: Kilowattrel|Thunder|p1a: Louisa\n|-supereffective|p1a: Louisa\n|-damage|p1a: Louisa|0 fnt\n|faint|p1a: Louisa\n|\n|upkeep\n|\n|t:|1698176717\n|switch|p1a: Kimberly|Oricorio-Pom-Pom, M|100\/100\n|turn|7\n|\n|t:|1698176723\n|move|p1a: Kimberly|Quiver Dance|p1a: Kimberly\n|-boost|p1a: Kimberly|spa|1\n|-boost|p1a: Kimberly|spd|1\n|-boost|p1a: Kimberly|spe|1\n|move|p2a: Kilowattrel|Thunderbolt|p1a: Kimberly\n|-damage|p1a: Kimberly|67\/100\n|\n|upkeep\n|turn|8\n|\n|t:|1698176737\n|-terastallize|p1a: Kimberly|Ground\n|move|p1a: Kimberly|Quiver Dance|p1a: Kimberly\n|-boost|p1a: Kimberly|spa|1\n|-boost|p1a: Kimberly|spd|1\n|-boost|p1a: Kimberly|spe|1\n|move|p2a: Kilowattrel|Thunder|p1a: Kimberly\n|-immune|p1a: Kimberly\n|\n|upkeep\n|turn|9\n|\n|t:|1698176747\n|move|p1a: Kimberly|Quiver Dance|p1a: Kimberly\n|-boost|p1a: Kimberly|spa|1\n|-boost|p1a: Kimberly|spd|1\n|-boost|p1a: Kimberly|spe|1\n|move|p2a: Kilowattrel|Air Slash|p1a: Kimberly\n|-damage|p1a: Kimberly|48\/100\n|\n|upkeep\n|turn|10\n|\n|t:|1698176758\n|move|p1a: Kimberly|Baton Pass|p1a: Kimberly\n|\n|t:|1698176762\n|switch|p1a: The Secretary|Espathra, M|100\/100|[from] Baton Pass\n|move|p2a: Kilowattrel|Air Slash|p1a: The Secretary\n|-damage|p1a: The Secretary|82\/100\n|\n|upkeep\n|turn|11\n|\n|t:|1698176770\n|move|p1a: The Secretary|Stored Power|p2a: Kilowattrel\n|-enditem|p2a: Kilowattrel|Focus Sash\n|-damage|p2a: Kilowattrel|1\/100\n|move|p2a: Kilowattrel|Thunder|p1a: The Secretary\n|-damage|p1a: The Secretary|57\/100\n|\n|upkeep\n|turn|12\n|\n|t:|1698176780\n|move|p1a: The Secretary|Stored Power|p2a: Kilowattrel\n|-damage|p2a: Kilowattrel|0 fnt\n|faint|p2a: Kilowattrel\n|\n|upkeep\n|\n|t:|1698176788\n|switch|p2a: Drednaw|Drednaw, M|100\/100\n|-item|p2a: Drednaw|Air Balloon\n|turn|13\n|\n|t:|1698176793\n|move|p1a: The Secretary|Stored Power|p2a: Drednaw\n|-damage|p2a: Drednaw|0 fnt\n|-enditem|p2a: Drednaw|Air Balloon\n|faint|p2a: Drednaw\n|\n|upkeep\n|\n|t:|1698176801\n|switch|p2a: Tinkaton|Tinkaton, F|100\/100\n|-ability|p2a: Tinkaton|Mold Breaker\n|turn|14\n|\n|t:|1698176806\n|move|p1a: The Secretary|Baton Pass|p1a: The Secretary\n|\n|t:|1698176816\n|switch|p1a: Hibana|Oricorio-Sensu, F|100\/100|[from] Baton Pass\n|move|p2a: Tinkaton|Gigaton Hammer|p1a: Hibana\n|-damage|p1a: Hibana|7\/100\n|\n|upkeep\n|turn|15\n|\n|t:|1698176826\n|move|p2a: Tinkaton|Protect|p2a: Tinkaton\n|-singleturn|p2a: Tinkaton|Protect\n|move|p1a: Hibana|Baton Pass|p1a: Hibana\n|\n|t:|1698176830\n|switch|p1a: Kimberly|Oricorio-Pom-Pom, M, tera:Ground|48\/100|[from] Baton Pass\n|\n|upkeep\n|turn|16\n|\n|t:|1698176835\n|move|p1a: Kimberly|Revelation Dance|p2a: Tinkaton\n|-supereffective|p2a: Tinkaton\n|-damage|p2a: Tinkaton|0 fnt\n|faint|p2a: Tinkaton\n|-damage|p1a: Kimberly|38\/100|[from] item: Life Orb\n|\n|upkeep\n|\n|t:|1698176842\n|switch|p2a: Haxorus|Haxorus, M, shiny|100\/100\n|-item|p2a: Haxorus|Air Balloon\n|turn|17\n|\n|t:|1698176853\n|move|p1a: Kimberly|Revelation Dance|p2a: Haxorus\n|-immune|p2a: Haxorus\n|move|p2a: Haxorus|Close Combat|p1a: Kimberly\n|-damage|p1a: Kimberly|0 fnt\n|-unboost|p2a: Haxorus|def|1\n|-unboost|p2a: Haxorus|spd|1\n|faint|p1a: Kimberly\n|\n|upkeep\n|\n|t:|1698176864\n|switch|p1a: Lani|Oricorio-Pa'u, F, shiny|100\/100\n|turn|18\n|\n|t:|1698176870\n|move|p1a: Lani|Quiver Dance|p1a: Lani\n|-boost|p1a: Lani|spa|1\n|-boost|p1a: Lani|spd|1\n|-boost|p1a: Lani|spe|1\n|move|p2a: Haxorus|Earthquake|p1a: Lani\n|-immune|p1a: Lani\n|\n|upkeep\n|turn|19\n|\n|t:|1698176885\n|move|p1a: Lani|Hurricane|p2a: Haxorus\n|-damage|p2a: Haxorus|0 fnt\n|-enditem|p2a: Haxorus|Air Balloon\n|faint|p2a: Haxorus\n|\n|upkeep\n|\n|t:|1698176891\n|switch|p2a: Scovillain|Scovillain, F|100\/100\n|-item|p2a: Scovillain|Air Balloon\n|turn|20\n|\n|t:|1698176901\n|move|p1a: Lani|Hurricane|p2a: Scovillain\n|-supereffective|p2a: Scovillain\n|-damage|p2a: Scovillain|0 fnt\n|-enditem|p2a: Scovillain|Air Balloon\n|faint|p2a: Scovillain\n|\n|win|BlendoxTheYonk\n|raw|BlendoxTheYonk's rating: 1156 &rarr; <strong>1173<\/strong><br \/>(+17 for winning)\n|raw|trtgth's rating: 1038 &rarr; <strong>1027<\/strong><br \/>(-11 for losing)\n|l|\u2606trtgth\n","uploadtime":1698176915,"views":8,"p1id":"blendoxtheyonk","p2id":"trtgth","formatid":"gen9anythinggoes","rating":1027,"private":0,"password":""}