{"id":"gen9anythinggoes-1979854974","p1":"Jcapoots23","p2":"Lefty0714","format":"[Gen 9] Anything Goes","log":"|j|\u2606Jcapoots23\n|j|\u2606Lefty0714\n|t:|1698720453\n|gametype|singles\n|player|p1|Jcapoots23|1|\n|player|p2|Lefty0714|266|\n|teamsize|p1|6\n|teamsize|p2|6\n|gen|9\n|tier|[Gen 9] Anything Goes\n|rule|HP Percentage Mod: HP is shown in percentages\n|rule|Endless Battle Clause: Forcing endless battles is banned\n|clearpoke\n|poke|p1|Weavile, M|\n|poke|p1|Ursaluna, M|\n|poke|p1|Regieleki|\n|poke|p1|Scizor, F|\n|poke|p1|Samurott-Hisui, F|\n|poke|p1|Typhlosion-Hisui, F|\n|poke|p2|Orthworm, F|\n|poke|p2|Hawlucha, F|\n|poke|p2|Chien-Pao|\n|poke|p2|Gengar, F|\n|poke|p2|Toxtricity, M|\n|poke|p2|Volcarona, F|\n|teampreview\n|\n|t:|1698720466\n|start\n|switch|p1a: Regieleki|Regieleki, shiny|100\/100\n|switch|p2a: Orthworm|Orthworm, F|100\/100\n|turn|1\n|\n|t:|1698720478\n|move|p1a: Regieleki|Volt Switch|p2a: Orthworm\n|-damage|p2a: Orthworm|54\/100\n|\n|t:|1698720486\n|switch|p1a: Typhlosion|Typhlosion-Hisui, F, shiny|100\/100|[from] Volt Switch\n|-item|p2a: Orthworm|Sitrus Berry|[from] ability: Frisk|[of] p1a: Typhlosion|[identify]\n|move|p2a: Orthworm|Stealth Rock|p1a: Typhlosion\n|-sidestart|p1: Jcapoots23|move: Stealth Rock\n|\n|upkeep\n|turn|2\n|c|\u2606Jcapoots23|Hmmm\n|c|\u2606Lefty0714|lol\n|\n|t:|1698720552\n|switch|p2a: Hawlucha|Hawlucha, F|100\/100\n|move|p1a: Typhlosion|Flamethrower|p2a: Hawlucha\n|-damage|p2a: Hawlucha|37\/100\n|\n|-heal|p2a: Hawlucha|43\/100|[from] item: Leftovers\n|upkeep\n|turn|3\n|\n|t:|1698720569\n|move|p1a: Typhlosion|Flamethrower|p2a: Hawlucha\n|-crit|p2a: Hawlucha\n|-damage|p2a: Hawlucha|0 fnt\n|faint|p2a: Hawlucha\n|\n|upkeep\n|\n|t:|1698720575\n|switch|p2a: Toxtricity|Toxtricity, M|100\/100\n|turn|4\n|\n|t:|1698720595\n|move|p1a: Typhlosion|Flamethrower|p2a: Toxtricity\n|-damage|p2a: Toxtricity|32\/100\n|-status|p2a: Toxtricity|brn\n|move|p2a: Toxtricity|Overdrive|p1a: Typhlosion\n|-damage|p1a: Typhlosion|22\/100\n|\n|-damage|p2a: Toxtricity|26\/100 brn|[from] brn\n|upkeep\n|turn|5\n|c|\u2606Jcapoots23|Tommy\n|\n|t:|1698720652\n|switch|p2a: Orthworm|Orthworm, F|54\/100\n|move|p1a: Typhlosion|Flamethrower|p2a: Orthworm\n|-supereffective|p2a: Orthworm\n|-damage|p2a: Orthworm|0 fnt\n|faint|p2a: Orthworm\n|\n|upkeep\n|\n|t:|1698720662\n|switch|p2a: Gengar|Gengar, F|100\/100\n|turn|6\n|\n|t:|1698720679\n|switch|p1a: Ursaluna|Ursaluna, M|100\/100\n|-damage|p1a: Ursaluna|94\/100|[from] Stealth Rock\n|move|p2a: Gengar|Sludge Bomb|p1a: Ursaluna\n|-resisted|p1a: Ursaluna\n|-damage|p1a: Ursaluna|77\/100\n|-status|p1a: Ursaluna|psn\n|\n|-heal|p1a: Ursaluna|83\/100 psn|[from] item: Leftovers\n|-damage|p1a: Ursaluna|71\/100 psn|[from] psn\n|upkeep\n|turn|7\n|\n|t:|1698720760\n|move|p2a: Gengar|Hex|p1a: Ursaluna\n|-immune|p1a: Ursaluna\n|move|p1a: Ursaluna|Bulk Up|p1a: Ursaluna\n|-boost|p1a: Ursaluna|atk|1\n|-boost|p1a: Ursaluna|def|1\n|\n|-heal|p1a: Ursaluna|77\/100 psn|[from] item: Leftovers\n|-damage|p1a: Ursaluna|64\/100 psn|[from] psn\n|upkeep\n|turn|8\n|c|\u2606Lefty0714|fuck\n|\n|t:|1698720774\n|move|p2a: Gengar|Sludge Bomb|p1a: Ursaluna\n|-resisted|p1a: Ursaluna\n|-damage|p1a: Ursaluna|45\/100 psn\n|move|p1a: Ursaluna|Body Slam|p2a: Gengar\n|-immune|p2a: Gengar\n|\n|-heal|p1a: Ursaluna|51\/100 psn|[from] item: Leftovers\n|-damage|p1a: Ursaluna|39\/100 psn|[from] psn\n|upkeep\n|turn|9\n|c|\u2606Lefty0714|respect\n|\n|t:|1698720796\n|move|p2a: Gengar|Toxic Spikes|p1a: Ursaluna\n|-sidestart|p1: Jcapoots23|move: Toxic Spikes\n|move|p1a: Ursaluna|Stone Edge|p2a: Gengar|[miss]\n|-miss|p1a: Ursaluna|p2a: Gengar\n|\n|-heal|p1a: Ursaluna|45\/100 psn|[from] item: Leftovers\n|-damage|p1a: Ursaluna|32\/100 psn|[from] psn\n|upkeep\n|turn|10\n|\n|t:|1698720806\n|move|p2a: Gengar|Sludge Bomb|p1a: Ursaluna\n|-resisted|p1a: Ursaluna\n|-damage|p1a: Ursaluna|15\/100 psn\n|move|p1a: Ursaluna|Bulk Up|p1a: Ursaluna\n|-boost|p1a: Ursaluna|atk|1\n|-boost|p1a: Ursaluna|def|1\n|\n|-heal|p1a: Ursaluna|21\/100 psn|[from] item: Leftovers\n|-damage|p1a: Ursaluna|8\/100 psn|[from] psn\n|upkeep\n|turn|11\n|\n|t:|1698720816\n|move|p2a: Gengar|Sludge Bomb|p1a: Ursaluna\n|-resisted|p1a: Ursaluna\n|-damage|p1a: Ursaluna|0 fnt\n|faint|p1a: Ursaluna\n|\n|upkeep\n|\n|t:|1698720822\n|switch|p1a: Typhlosion|Typhlosion-Hisui, F, shiny|22\/100\n|-damage|p1a: Typhlosion|0 fnt|[from] Stealth Rock\n|faint|p1a: Typhlosion\n|\n|t:|1698720832\n|switch|p1a: Scizor|Scizor, F, shiny|100\/100\n|turn|12\n|\n|t:|1698720840\n|move|p2a: Gengar|Will-O-Wisp|p1a: Scizor\n|-status|p1a: Scizor|brn\n|move|p1a: Scizor|Thief|p2a: Gengar\n|-supereffective|p2a: Gengar\n|-crit|p2a: Gengar\n|-damage|p2a: Gengar|2\/100\n|\n|-heal|p2a: Gengar|9\/100|[from] item: Leftovers\n|-damage|p1a: Scizor|94\/100 brn|[from] brn\n|upkeep\n|turn|13\n|\n|t:|1698720864\n|move|p1a: Scizor|Bullet Punch|p2a: Gengar\n|-damage|p2a: Gengar|0 fnt\n|-start|p1a: Scizor|Disable|Bullet Punch|[from] ability: Cursed Body|[of] p2a: Gengar\n|faint|p2a: Gengar\n|\n|-damage|p1a: Scizor|88\/100 brn|[from] brn\n|upkeep\n|\n|t:|1698720907\n|switch|p2a: Volcarona|Volcarona, F|100\/100\n|turn|14\n|\n|t:|1698720916\n|move|p2a: Volcarona|Quiver Dance|p2a: Volcarona\n|-boost|p2a: Volcarona|spa|1\n|-boost|p2a: Volcarona|spd|1\n|-boost|p2a: Volcarona|spe|1\n|move|p1a: Scizor|U-turn|p2a: Volcarona\n|-resisted|p2a: Volcarona\n|-damage|p2a: Volcarona|91\/100\n|\n|t:|1698720924\n|switch|p1a: Weavile|Weavile, M, shiny|100\/100|[from] U-turn\n|-damage|p1a: Weavile|76\/100|[from] Stealth Rock\n|-status|p1a: Weavile|psn\n|-ability|p1a: Weavile|Pressure\n|\n|-damage|p1a: Weavile|63\/100 psn|[from] psn\n|upkeep\n|turn|15\n|\n|t:|1698720977\n|move|p1a: Weavile|Ice Shard|p2a: Volcarona\n|-resisted|p2a: Volcarona\n|-damage|p2a: Volcarona|75\/100\n|move|p2a: Volcarona|Bug Buzz|p1a: Weavile\n|-supereffective|p1a: Weavile\n|-damage|p1a: Weavile|0 fnt\n|faint|p1a: Weavile\n|\n|upkeep\n|\n|t:|1698720987\n|switch|p1a: Scizor|Scizor, F, shiny|88\/100 brn\n|turn|16\n|\n|t:|1698720991\n|move|p1a: Scizor|Bullet Punch|p2a: Volcarona\n|-resisted|p2a: Volcarona\n|-damage|p2a: Volcarona|66\/100\n|move|p2a: Volcarona|Flamethrower|p1a: Scizor\n|-supereffective|p1a: Scizor\n|-damage|p1a: Scizor|0 fnt\n|faint|p1a: Scizor\n|\n|upkeep\n|\n|t:|1698720998\n|switch|p1a: Samurott|Samurott-Hisui, F|100\/100\n|-damage|p1a: Samurott|88\/100|[from] Stealth Rock\n|-status|p1a: Samurott|psn\n|turn|17\n|c|\u2606Jcapoots23|im an stupid\n|\n|t:|1698721043\n|move|p2a: Volcarona|Bug Buzz|p1a: Samurott\n|-supereffective|p1a: Samurott\n|-damage|p1a: Samurott|0 fnt\n|faint|p1a: Samurott\n|\n|upkeep\n|\n|t:|1698721048\n|switch|p1a: Regieleki|Regieleki, shiny|100\/100\n|-damage|p1a: Regieleki|88\/100|[from] Stealth Rock\n|-status|p1a: Regieleki|psn\n|turn|18\n|\n|t:|1698721058\n|move|p1a: Regieleki|Thunderbolt|p2a: Volcarona\n|-damage|p2a: Volcarona|40\/100\n|move|p2a: Volcarona|Bug Buzz|p1a: Regieleki\n|-damage|p1a: Regieleki|0 fnt\n|faint|p1a: Regieleki\n|\n|win|Lefty0714\n|c|\u2606Jcapoots23|wow\n|c|\u2606Jcapoots23|gg\n|c|\u2606Lefty0714|gg\n","uploadtime":1698721077,"views":20,"p1id":"jcapoots23","p2id":"lefty0714","formatid":"gen9anythinggoes","rating":0,"private":0,"password":""}