{"id":"gen9anythinggoes-1975307376","p1":"000Epsilon","p2":"Azrael_Meowscarada","format":"[Gen 9] Anything Goes","log":"|j|\u2606000Epsilon\n|j|\u2606Azrael_Meowscarada\n|t:|1698178393\n|gametype|singles\n|player|p1|000Epsilon|nate|1343\n|player|p2|Azrael_Meowscarada|turo-ai|1378\n|teamsize|p1|6\n|teamsize|p2|6\n|gen|9\n|tier|[Gen 9] Anything Goes\n|rated|\n|rule|HP Percentage Mod: HP is shown in percentages\n|rule|Endless Battle Clause: Forcing endless battles is banned\n|clearpoke\n|poke|p1|Ribombee, M|\n|poke|p1|Gliscor, M|\n|poke|p1|Gholdengo|\n|poke|p1|Ting-Lu|\n|poke|p1|Clodsire, F|\n|poke|p1|Glimmora, F|\n|poke|p2|Calyrex-Shadow|\n|poke|p2|Zacian-*|\n|poke|p2|Ogerpon-Hearthflame, F|\n|poke|p2|Arceus-Dark|\n|poke|p2|Miraidon|\n|poke|p2|Tornadus, M|\n|teampreview\n|inactive|Battle timer is ON: inactive players will automatically lose when time's up. (requested by Azrael_Meowscarada)\n|\n|t:|1698178398\n|start\n|switch|p1a: Ribombee|Ribombee, M|100\/100\n|switch|p2a: Tornadus|Tornadus, M|100\/100\n|turn|1\n|\n|t:|1698178404\n|switch|p1a: Glimmora|Glimmora, F|100\/100\n|move|p2a: Tornadus|Taunt|p1a: Glimmora\n|-start|p1a: Glimmora|move: Taunt\n|\n|upkeep\n|turn|2\n|\n|t:|1698178410\n|move|p2a: Tornadus|Tailwind|p2a: Tornadus\n|-sidestart|p2: Azrael_Meowscarada|move: Tailwind\n|move|p1a: Glimmora|Mortal Spin|p2a: Tornadus\n|-damage|p2a: Tornadus|92\/100\n|-status|p2a: Tornadus|psn\n|\n|-damage|p2a: Tornadus|80\/100 psn|[from] psn\n|upkeep\n|turn|3\n|\n|t:|1698178418\n|switch|p1a: Gholdengo|Gholdengo|100\/100\n|-item|p1a: Gholdengo|Air Balloon\n|move|p2a: Tornadus|Bleakwind Storm|p1a: Gholdengo|[miss]\n|-miss|p2a: Tornadus|p1a: Gholdengo\n|\n|-damage|p2a: Tornadus|67\/100 psn|[from] psn\n|upkeep\n|turn|4\n|\n|t:|1698178425\n|switch|p2a: Vilhelm|Zacian-Crowned, shiny|100\/100\n|-ability|p2a: Vilhelm|Intrepid Sword|boost\n|-boost|p2a: Vilhelm|atk|1\n|move|p1a: Gholdengo|Nasty Plot|p1a: Gholdengo\n|-boost|p1a: Gholdengo|spa|2\n|\n|upkeep\n|turn|5\n|\n|t:|1698178432\n|switch|p1a: Clodsire|Clodsire, F|100\/100\n|-terastallize|p2a: Vilhelm|Steel\n|move|p2a: Vilhelm|Behemoth Blade|p1a: Clodsire\n|-damage|p1a: Clodsire|0 fnt\n|faint|p1a: Clodsire\n|\n|-sideend|p2: Azrael_Meowscarada|move: Tailwind\n|upkeep\n|\n|t:|1698178446\n|switch|p1a: Glimmora|Glimmora, F|100\/100\n|turn|6\n|\n|t:|1698178456\n|move|p2a: Vilhelm|Behemoth Blade|p1a: Glimmora\n|-supereffective|p1a: Glimmora\n|-damage|p1a: Glimmora|0 fnt\n|-activate|p1a: Glimmora|ability: Toxic Debris\n|-sidestart|p2: Azrael_Meowscarada|move: Toxic Spikes\n|faint|p1a: Glimmora\n|\n|upkeep\n|\n|t:|1698178463\n|switch|p1a: Gliscor|Gliscor, M|100\/100\n|turn|7\n|\n|t:|1698178467\n|-terastallize|p1a: Gliscor|Water\n|move|p2a: Vilhelm|Behemoth Blade|p1a: Gliscor\n|-resisted|p1a: Gliscor\n|-crit|p1a: Gliscor\n|-damage|p1a: Gliscor|45\/100\n|move|p1a: Gliscor|Spikes|p2a: Vilhelm\n|-sidestart|p2: Azrael_Meowscarada|Spikes\n|\n|-status|p1a: Gliscor|tox|[from] item: Toxic Orb\n|upkeep\n|turn|8\n|\n|t:|1698178477\n|move|p1a: Gliscor|Protect|p1a: Gliscor\n|-singleturn|p1a: Gliscor|Protect\n|move|p2a: Vilhelm|Sacred Sword|p1a: Gliscor\n|-activate|p1a: Gliscor|move: Protect\n|\n|-heal|p1a: Gliscor|58\/100 tox|[from] ability: Poison Heal\n|upkeep\n|turn|9\n|\n|t:|1698178488\n|move|p2a: Vilhelm|Sacred Sword|p1a: Gliscor\n|-damage|p1a: Gliscor|25\/100 tox\n|move|p1a: Gliscor|Earthquake|p2a: Vilhelm\n|-supereffective|p2a: Vilhelm\n|-damage|p2a: Vilhelm|46\/100\n|\n|-heal|p1a: Gliscor|38\/100 tox|[from] ability: Poison Heal\n|upkeep\n|turn|10\n|\n|t:|1698178499\n|move|p1a: Gliscor|Protect|p1a: Gliscor\n|-singleturn|p1a: Gliscor|Protect\n|move|p2a: Vilhelm|Behemoth Blade|p1a: Gliscor\n|-activate|p1a: Gliscor|move: Protect\n|\n|-heal|p1a: Gliscor|50\/100 tox|[from] ability: Poison Heal\n|upkeep\n|turn|11\n|\n|t:|1698178506\n|move|p2a: Vilhelm|Behemoth Blade|p1a: Gliscor\n|-resisted|p1a: Gliscor\n|-damage|p1a: Gliscor|11\/100 tox\n|move|p1a: Gliscor|Earthquake|p2a: Vilhelm\n|-supereffective|p2a: Vilhelm\n|-damage|p2a: Vilhelm|0 fnt\n|faint|p2a: Vilhelm\n|\n|-heal|p1a: Gliscor|23\/100 tox|[from] ability: Poison Heal\n|upkeep\n|\n|t:|1698178512\n|switch|p2a: Tornadus|Tornadus, M|67\/100 psn\n|turn|12\n|\n|t:|1698178521\n|switch|p1a: Gholdengo|Gholdengo|100\/100\n|-item|p1a: Gholdengo|Air Balloon\n|move|p2a: Tornadus|Tailwind|p2a: Tornadus\n|-sidestart|p2: Azrael_Meowscarada|move: Tailwind\n|\n|-damage|p2a: Tornadus|55\/100 psn|[from] psn\n|upkeep\n|turn|13\n|\n|t:|1698178531\n|move|p2a: Tornadus|Bleakwind Storm|p1a: Gholdengo\n|-resisted|p1a: Gholdengo\n|-damage|p1a: Gholdengo|67\/100\n|-enditem|p1a: Gholdengo|Air Balloon\n|move|p1a: Gholdengo|Nasty Plot|p1a: Gholdengo\n|-boost|p1a: Gholdengo|spa|2\n|\n|-damage|p2a: Tornadus|43\/100 psn|[from] psn\n|upkeep\n|turn|14\n|\n|t:|1698178539\n|switch|p2a: Zeus|Arceus-Dark|100\/100\n|-status|p2a: Zeus|psn\n|-damage|p2a: Zeus|88\/100 psn|[from] Spikes\n|move|p1a: Gholdengo|Shadow Ball|p2a: Zeus\n|-resisted|p2a: Zeus\n|-damage|p2a: Zeus|59\/100 psn\n|\n|-damage|p2a: Zeus|47\/100 psn|[from] psn\n|upkeep\n|turn|15\n|\n|t:|1698178549\n|switch|p1a: Ting-Lu|Ting-Lu|100\/100\n|-ability|p1a: Ting-Lu|Vessel of Ruin\n|move|p2a: Zeus|Judgment|p1a: Ting-Lu\n|-resisted|p1a: Ting-Lu\n|-damage|p1a: Ting-Lu|81\/100\n|-enditem|p1a: Ting-Lu|Red Card|[of] p2a: Zeus\n|drag|p2a: Apocalypse|Calyrex-Shadow|100\/100\n|-ability|p2a: Apocalypse|As One\n|-ability|p2a: Apocalypse|Unnerve\n|-status|p2a: Apocalypse|psn\n|-damage|p2a: Apocalypse|88\/100 psn|[from] Spikes\n|\n|-damage|p2a: Apocalypse|76\/100 psn|[from] psn\n|-sideend|p2: Azrael_Meowscarada|move: Tailwind\n|upkeep\n|turn|16\n|\n|t:|1698178564\n|move|p2a: Apocalypse|Astral Barrage|p1a: Ting-Lu\n|-resisted|p1a: Ting-Lu\n|-damage|p1a: Ting-Lu|59\/100\n|move|p1a: Ting-Lu|Stealth Rock|p2a: Apocalypse\n|-sidestart|p2: Azrael_Meowscarada|move: Stealth Rock\n|\n|-damage|p2a: Apocalypse|63\/100 psn|[from] psn\n|upkeep\n|turn|17\n|\n|t:|1698178573\n|move|p2a: Apocalypse|Sunny Day|p2a: Apocalypse\n|-weather|SunnyDay\n|move|p1a: Ting-Lu|Spikes|p2a: Apocalypse\n|-sidestart|p2: Azrael_Meowscarada|Spikes\n|\n|-weather|SunnyDay|[upkeep]\n|-damage|p2a: Apocalypse|51\/100 psn|[from] psn\n|upkeep\n|turn|18\n|\n|t:|1698178578\n|move|p2a: Apocalypse|Solar Beam||[still]\n|-prepare|p2a: Apocalypse|Solar Beam\n|-anim|p2a: Apocalypse|Solar Beam|p1a: Ting-Lu\n|-supereffective|p1a: Ting-Lu\n|-damage|p1a: Ting-Lu|0 fnt\n|faint|p1a: Ting-Lu\n|-ability|p2a: Apocalypse|Grim Neigh|boost\n|-boost|p2a: Apocalypse|spa|1\n|\n|-weather|SunnyDay|[upkeep]\n|-damage|p2a: Apocalypse|38\/100 psn|[from] psn\n|upkeep\n|\n|t:|1698178588\n|switch|p1a: Ribombee|Ribombee, M|100\/100\n|turn|19\n|\n|t:|1698178596\n|move|p1a: Ribombee|Sticky Web|p2a: Apocalypse\n|-sidestart|p2: Azrael_Meowscarada|move: Sticky Web\n|move|p2a: Apocalypse|Astral Barrage|p1a: Ribombee\n|-enditem|p1a: Ribombee|Focus Sash\n|-damage|p1a: Ribombee|1\/100\n|\n|-weather|SunnyDay|[upkeep]\n|-damage|p2a: Apocalypse|26\/100 psn|[from] psn\n|upkeep\n|turn|20\n|\n|t:|1698178604\n|move|p1a: Ribombee|Moonblast|p2a: Apocalypse\n|-damage|p2a: Apocalypse|0 fnt\n|faint|p2a: Apocalypse\n|\n|-weather|SunnyDay|[upkeep]\n|upkeep\n|\n|t:|1698178609\n|switch|p2a: Hestia|Ogerpon-Hearthflame, F|100\/100\n|-status|p2a: Hestia|psn\n|-damage|p2a: Hestia|84\/100 psn|[from] Spikes\n|-damage|p2a: Hestia|59\/100 psn|[from] Stealth Rock\n|-activate|p2a: Hestia|move: Sticky Web\n|-unboost|p2a: Hestia|spe|1\n|-ability|p2a: Hestia|Mold Breaker\n|turn|21\n|\n|t:|1698178617\n|move|p2a: Hestia|Spiky Shield|p2a: Hestia\n|-singleturn|p2a: Hestia|move: Protect\n|move|p1a: Ribombee|U-turn|p2a: Hestia\n|-activate|p2a: Hestia|move: Protect\n|-damage|p1a: Ribombee|0 fnt|[from] Spiky Shield|[of] p2a: Hestia\n|faint|p1a: Ribombee\n|\n|-weather|none\n|-damage|p2a: Hestia|47\/100 psn|[from] psn\n|upkeep\n|\n|t:|1698178626\n|switch|p1a: Gliscor|Gliscor, M, tera:Water|23\/100 tox\n|turn|22\n|\n|t:|1698178632\n|move|p1a: Gliscor|Protect|p1a: Gliscor\n|-singleturn|p1a: Gliscor|Protect\n|move|p2a: Hestia|Ivy Cudgel|p1a: Gliscor\n|-activate|p1a: Gliscor|move: Protect\n|\n|-heal|p1a: Gliscor|36\/100 tox|[from] ability: Poison Heal\n|-damage|p2a: Hestia|34\/100 psn|[from] psn\n|upkeep\n|turn|23\n|\n|t:|1698178640\n|move|p2a: Hestia|Spiky Shield|p2a: Hestia\n|-singleturn|p2a: Hestia|move: Protect\n|move|p1a: Gliscor|Earthquake|p2a: Hestia\n|-activate|p2a: Hestia|move: Protect\n|\n|-heal|p1a: Gliscor|48\/100 tox|[from] ability: Poison Heal\n|-damage|p2a: Hestia|22\/100 psn|[from] psn\n|upkeep\n|turn|24\n|\n|t:|1698178648\n|move|p1a: Gliscor|Earthquake|p2a: Hestia\n|-damage|p2a: Hestia|0 fnt\n|faint|p2a: Hestia\n|\n|-heal|p1a: Gliscor|60\/100 tox|[from] ability: Poison Heal\n|upkeep\n|\n|t:|1698178654\n|switch|p2a: Tornadus|Tornadus, M|43\/100 psn\n|-damage|p2a: Tornadus|18\/100 psn|[from] Stealth Rock\n|turn|25\n|\n|t:|1698178661\n|move|p1a: Gliscor|Protect|p1a: Gliscor\n|-singleturn|p1a: Gliscor|Protect\n|move|p2a: Tornadus|Tailwind|p2a: Tornadus\n|-sidestart|p2: Azrael_Meowscarada|move: Tailwind\n|\n|-damage|p2a: Tornadus|5\/100 psn|[from] psn\n|-heal|p1a: Gliscor|73\/100 tox|[from] ability: Poison Heal\n|upkeep\n|turn|26\n|\n|t:|1698178668\n|move|p2a: Tornadus|Taunt|p1a: Gliscor\n|-start|p1a: Gliscor|move: Taunt\n|move|p1a: Gliscor|Earthquake|p2a: Tornadus\n|-immune|p2a: Tornadus\n|\n|-damage|p2a: Tornadus|0 fnt|[from] psn\n|faint|p2a: Tornadus\n|-heal|p1a: Gliscor|85\/100 tox|[from] ability: Poison Heal\n|upkeep\n|\n|t:|1698178674\n|switch|p2a: Pluto|Miraidon|100\/100\n|-status|p2a: Pluto|psn\n|-damage|p2a: Pluto|84\/100 psn|[from] Spikes\n|-damage|p2a: Pluto|72\/100 psn|[from] Stealth Rock\n|-activate|p2a: Pluto|move: Sticky Web\n|-unboost|p2a: Pluto|spe|1\n|-fieldstart|move: Electric Terrain|[from] ability: Hadron Engine|[of] p2a: Pluto\n|turn|27\n|\n|t:|1698178685\n|switch|p1a: Gholdengo|Gholdengo|67\/100\n|move|p2a: Pluto|Parabolic Charge|p1a: Gholdengo\n|-damage|p1a: Gholdengo|0 fnt\n|-heal|p2a: Pluto|98\/100 psn|[from] drain|[of] p1a: Gholdengo\n|faint|p1a: Gholdengo\n|\n|-damage|p2a: Pluto|86\/100 psn|[from] psn\n|upkeep\n|\n|t:|1698178693\n|switch|p1a: Gliscor|Gliscor, M, tera:Water|85\/100 tox\n|turn|28\n|\n|t:|1698178696\n|move|p1a: Gliscor|Protect|p1a: Gliscor\n|-singleturn|p1a: Gliscor|Protect\n|move|p2a: Pluto|Parabolic Charge|p1a: Gliscor\n|-activate|p1a: Gliscor|move: Protect\n|\n|-damage|p2a: Pluto|74\/100 psn|[from] psn\n|-heal|p1a: Gliscor|98\/100 tox|[from] ability: Poison Heal\n|-sideend|p2: Azrael_Meowscarada|move: Tailwind\n|upkeep\n|turn|29\n|\n|t:|1698178720\n|move|p1a: Gliscor|Protect||[still]\n|-fail|p1a: Gliscor\n|move|p2a: Pluto|Parabolic Charge|p1a: Gliscor\n|-supereffective|p1a: Gliscor\n|-damage|p1a: Gliscor|0 fnt\n|-heal|p2a: Pluto|100\/100 psn|[from] drain|[of] p1a: Gliscor\n|faint|p1a: Gliscor\n|\n|win|Azrael_Meowscarada\n|raw|000Epsilon's rating: 1356 &rarr; <strong>1337<\/strong><br \/>(-19 for losing)\n|raw|Azrael_Meowscarada's rating: 1378 &rarr; <strong>1397<\/strong><br \/>(+19 for winning)\n|c|\u2606Azrael_Meowscarada|Gg\n|c|\u2606000Epsilon|gg\n|c|\u2606000Epsilon|gj overcoming my hazards\n|c|\u2606Azrael_Meowscarada|Want try again in custom game\n|c|\u2606Azrael_Meowscarada|actually I usually predicted\n|c|\u2606000Epsilon|fair\n|l|\u2606Azrael_Meowscarada\n|j|\u2606Azrael_Meowscarada\n|player|p2|Azrael_Meowscarada|turo-ai\n|l|\u2606Azrael_Meowscarada\n|player|p2|\n|j|\u2606Azrael_Meowscarada\n|player|p2|Azrael_Meowscarada|turo-ai\n|l|\u2606Azrael_Meowscarada\n|player|p2|\n|j|\u2606Azrael_Meowscarada\n|player|p2|Azrael_Meowscarada|turo-ai\n|l|\u2606Azrael_Meowscarada\n|player|p2|\n","uploadtime":1698180016,"views":20,"p1id":"000epsilon","p2id":"azraelmeowscarada","formatid":"gen9anythinggoes","rating":1337,"private":0,"password":""}