{"id":"gen9anythinggoes-1985723404","p1":"R1212","p2":"Smurfcatrocks","format":"[Gen 9] Anything Goes","log":"|j|\u2606R1212\n|j|\u2606Smurfcatrocks\n|t:|1699399434\n|gametype|singles\n|player|p1|R1212|2|1119\n|player|p2|Smurfcatrocks|n|1085\n|teamsize|p1|6\n|teamsize|p2|6\n|gen|9\n|tier|[Gen 9] Anything Goes\n|rated|\n|rule|HP Percentage Mod: HP is shown in percentages\n|rule|Endless Battle Clause: Forcing endless battles is banned\n|clearpoke\n|poke|p1|Inteleon, M|\n|poke|p1|Drifblim, M|\n|poke|p1|Clefable, F|\n|poke|p1|Manaphy|\n|poke|p1|Espathra, M|\n|poke|p1|Espeon, F|\n|poke|p2|Magearna|\n|poke|p2|Munkidori, M|\n|poke|p2|Calyrex-Ice|\n|poke|p2|Sinistcha|\n|poke|p2|Meowscarada, F|\n|poke|p2|Dialga-Origin|\n|teampreview\n|\n|t:|1699399446\n|start\n|switch|p1a: Espathra|Espathra, M|100\/100\n|switch|p2a: Munkidori|Munkidori, M|100\/100\n|turn|1\n|\n|t:|1699399458\n|move|p2a: Munkidori|U-turn|p1a: Espathra\n|-supereffective|p1a: Espathra\n|-damage|p1a: Espathra|75\/100\n|\n|t:|1699399472\n|switch|p2a: Meowscarada|Meowscarada, F, shiny|100\/100|[from] U-turn\n|move|p1a: Espathra|Substitute|p1a: Espathra\n|-start|p1a: Espathra|Substitute\n|-damage|p1a: Espathra|50\/100\n|\n|-heal|p1a: Espathra|56\/100|[from] item: Leftovers\n|-ability|p1a: Espathra|Speed Boost|boost\n|-boost|p1a: Espathra|spe|1\n|upkeep\n|turn|2\n|\n|t:|1699399487\n|move|p2a: Meowscarada|Knock Off|p1a: Espathra\n|-supereffective|p1a: Espathra\n|-end|p1a: Espathra|Substitute\n|move|p1a: Espathra|Calm Mind|p1a: Espathra\n|-boost|p1a: Espathra|spa|1\n|-boost|p1a: Espathra|spd|1\n|\n|-heal|p1a: Espathra|62\/100|[from] item: Leftovers\n|-ability|p1a: Espathra|Speed Boost|boost\n|-boost|p1a: Espathra|spe|1\n|upkeep\n|turn|3\n|\n|t:|1699399507\n|move|p1a: Espathra|Baton Pass|p1a: Espathra\n|\n|t:|1699399508\n|switch|p1a: Clefable|Clefable, F|100\/100|[from] Baton Pass\n|move|p2a: Meowscarada|Knock Off|p1a: Clefable\n|-resisted|p1a: Clefable\n|-damage|p1a: Clefable|82\/100\n|-enditem|p1a: Clefable|Leftovers|[from] move: Knock Off|[of] p2a: Meowscarada\n|\n|upkeep\n|turn|4\n|\n|t:|1699399521\n|switch|p2a: Munkidori|Munkidori, M|100\/100\n|move|p1a: Clefable|Stealth Rock|p2a: Munkidori\n|-sidestart|p2: Smurfcatrocks|move: Stealth Rock\n|\n|upkeep\n|turn|5\n|\n|t:|1699399527\n|move|p2a: Munkidori|Acid Spray|p1a: Clefable\n|-supereffective|p1a: Clefable\n|-damage|p1a: Clefable|60\/100\n|-unboost|p1a: Clefable|spd|2\n|move|p1a: Clefable|Cosmic Power|p1a: Clefable\n|-boost|p1a: Clefable|def|1\n|-boost|p1a: Clefable|spd|1\n|\n|upkeep\n|turn|6\n|\n|t:|1699399537\n|move|p2a: Munkidori|Future Sight|p1a: Clefable\n|-start|p2a: Munkidori|move: Future Sight\n|move|p1a: Clefable|Baton Pass|p1a: Clefable\n|\n|t:|1699399541\n|switch|p1a: Espathra|Espathra, M|62\/100|[from] Baton Pass\n|\n|-heal|p1a: Espathra|68\/100|[from] item: Leftovers\n|upkeep\n|turn|7\n|\n|t:|1699399549\n|move|p1a: Espathra|Substitute|p1a: Espathra\n|-start|p1a: Espathra|Substitute\n|-damage|p1a: Espathra|43\/100\n|move|p2a: Munkidori|U-turn|p1a: Espathra\n|-supereffective|p1a: Espathra\n|-activate|p1a: Espathra|move: Substitute|[damage]\n|\n|t:|1699399559\n|switch|p2a: Meowscarada|Meowscarada, F, shiny|100\/100|[from] U-turn\n|-damage|p2a: Meowscarada|88\/100|[from] Stealth Rock\n|\n|-heal|p1a: Espathra|49\/100|[from] item: Leftovers\n|-ability|p1a: Espathra|Speed Boost|boost\n|-boost|p1a: Espathra|spe|1\n|upkeep\n|turn|8\n|\n|t:|1699399571\n|move|p1a: Espathra|Baton Pass|p1a: Espathra\n|\n|t:|1699399573\n|switch|p1a: Clefable|Clefable, F|60\/100|[from] Baton Pass\n|move|p2a: Meowscarada|Hone Claws|p2a: Meowscarada\n|-boost|p2a: Meowscarada|atk|1\n|-boost|p2a: Meowscarada|accuracy|1\n|\n|-end|p1a: Clefable|move: Future Sight\n|-end|p1a: Clefable|Substitute\n|upkeep\n|turn|9\n|\n|t:|1699399594\n|move|p1a: Clefable|Encore|p2a: Meowscarada\n|-start|p2a: Meowscarada|Encore\n|move|p2a: Meowscarada|Hone Claws|p2a: Meowscarada\n|-boost|p2a: Meowscarada|atk|1\n|-boost|p2a: Meowscarada|accuracy|1\n|\n|upkeep\n|turn|10\n|\n|t:|1699399601\n|move|p1a: Clefable|Cosmic Power|p1a: Clefable\n|-boost|p1a: Clefable|def|1\n|-boost|p1a: Clefable|spd|1\n|move|p2a: Meowscarada|Hone Claws|p2a: Meowscarada\n|-boost|p2a: Meowscarada|atk|1\n|-boost|p2a: Meowscarada|accuracy|1\n|\n|upkeep\n|turn|11\n|\n|t:|1699399609\n|move|p1a: Clefable|Cosmic Power|p1a: Clefable\n|-boost|p1a: Clefable|def|1\n|-boost|p1a: Clefable|spd|1\n|move|p2a: Meowscarada|Hone Claws|p2a: Meowscarada\n|-boost|p2a: Meowscarada|atk|1\n|-boost|p2a: Meowscarada|accuracy|1\n|\n|-end|p2a: Meowscarada|Encore\n|upkeep\n|turn|12\n|\n|t:|1699399625\n|move|p1a: Clefable|Encore|p2a: Meowscarada\n|-start|p2a: Meowscarada|Encore\n|move|p2a: Meowscarada|Hone Claws|p2a: Meowscarada\n|-boost|p2a: Meowscarada|atk|1\n|-boost|p2a: Meowscarada|accuracy|1\n|\n|upkeep\n|turn|13\n|\n|t:|1699399631\n|move|p1a: Clefable|Cosmic Power|p1a: Clefable\n|-boost|p1a: Clefable|def|1\n|-boost|p1a: Clefable|spd|1\n|move|p2a: Meowscarada|Hone Claws|p2a: Meowscarada\n|-boost|p2a: Meowscarada|atk|1\n|-boost|p2a: Meowscarada|accuracy|1\n|\n|upkeep\n|turn|14\n|\n|t:|1699399639\n|move|p1a: Clefable|Cosmic Power|p1a: Clefable\n|-boost|p1a: Clefable|def|1\n|-boost|p1a: Clefable|spd|1\n|move|p2a: Meowscarada|Hone Claws|p2a: Meowscarada\n|-boost|p2a: Meowscarada|atk|0\n|-boost|p2a: Meowscarada|accuracy|0\n|\n|-end|p2a: Meowscarada|Encore\n|upkeep\n|turn|15\n|\n|t:|1699399649\n|move|p1a: Clefable|Encore|p2a: Meowscarada\n|-start|p2a: Meowscarada|Encore\n|move|p2a: Meowscarada|Hone Claws|p2a: Meowscarada\n|-boost|p2a: Meowscarada|atk|0\n|-boost|p2a: Meowscarada|accuracy|0\n|\n|upkeep\n|turn|16\n|\n|t:|1699399658\n|move|p1a: Clefable|Baton Pass|p1a: Clefable\n|\n|t:|1699399660\n|switch|p1a: Drifblim|Drifblim, M|100\/100|[from] Baton Pass\n|move|p2a: Meowscarada|Hone Claws|p2a: Meowscarada\n|-boost|p2a: Meowscarada|atk|0\n|-boost|p2a: Meowscarada|accuracy|0\n|\n|upkeep\n|turn|17\n|\n|t:|1699399668\n|move|p1a: Drifblim|Substitute|p1a: Drifblim\n|-start|p1a: Drifblim|Substitute\n|-damage|p1a: Drifblim|76\/100\n|move|p2a: Meowscarada|Hone Claws|p2a: Meowscarada\n|-boost|p2a: Meowscarada|atk|0\n|-boost|p2a: Meowscarada|accuracy|0\n|\n|-heal|p1a: Drifblim|82\/100|[from] item: Leftovers\n|-end|p2a: Meowscarada|Encore\n|upkeep\n|turn|18\n|\n|t:|1699399678\n|move|p1a: Drifblim|Minimize|p1a: Drifblim\n|-boost|p1a: Drifblim|evasion|2\n|move|p2a: Meowscarada|Knock Off|p1a: Drifblim\n|-supereffective|p1a: Drifblim\n|-end|p1a: Drifblim|Substitute\n|\n|-heal|p1a: Drifblim|88\/100|[from] item: Leftovers\n|upkeep\n|turn|19\n|\n|t:|1699399688\n|move|p1a: Drifblim|Baton Pass|p1a: Drifblim\n|\n|t:|1699399689\n|switch|p1a: Clefable|Clefable, F|60\/100|[from] Baton Pass\n|move|p2a: Meowscarada|Knock Off|p1a: Clefable\n|-resisted|p1a: Clefable\n|-damage|p1a: Clefable|57\/100\n|\n|upkeep\n|turn|20\n|\n|t:|1699399700\n|move|p1a: Clefable|Encore|p2a: Meowscarada\n|-start|p2a: Meowscarada|Encore\n|move|p2a: Meowscarada|Knock Off|p1a: Clefable\n|-resisted|p1a: Clefable\n|-damage|p1a: Clefable|53\/100\n|\n|upkeep\n|turn|21\n|\n|t:|1699399706\n|move|p1a: Clefable|Cosmic Power|p1a: Clefable\n|-boost|p1a: Clefable|def|1\n|-boost|p1a: Clefable|spd|1\n|move|p2a: Meowscarada|Knock Off|p1a: Clefable\n|-resisted|p1a: Clefable\n|-damage|p1a: Clefable|50\/100\n|\n|upkeep\n|turn|22\n|\n|t:|1699399714\n|move|p1a: Clefable|Cosmic Power|p1a: Clefable\n|-boost|p1a: Clefable|def|0\n|-boost|p1a: Clefable|spd|1\n|move|p2a: Meowscarada|Knock Off|p1a: Clefable\n|-resisted|p1a: Clefable\n|-crit|p1a: Clefable\n|-damage|p1a: Clefable|31\/100\n|\n|-end|p2a: Meowscarada|Encore\n|upkeep\n|turn|23\n|\n|t:|1699399724\n|move|p1a: Clefable|Baton Pass|p1a: Clefable\n|\n|t:|1699399727\n|switch|p1a: Inteleon|Inteleon, M|100\/100|[from] Baton Pass\n|move|p2a: Meowscarada|Petal Blizzard|p1a: Inteleon\n|-supereffective|p1a: Inteleon\n|-damage|p1a: Inteleon|0 fnt\n|faint|p1a: Inteleon\n|\n|upkeep\n|-message|R1212 forfeited.\n|\n|win|Smurfcatrocks\n|raw|R1212's rating: 1119 &rarr; <strong>1092<\/strong><br \/>(-27 for losing)\n|raw|Smurfcatrocks's rating: 1085 &rarr; <strong>1115<\/strong><br \/>(+30 for winning)\n|l|\u2606R1212\n","uploadtime":1699399743,"views":17,"p1id":"r1212","p2id":"smurfcatrocks","formatid":"gen9anythinggoes","rating":1092,"private":0,"password":""}