{"id":"gen9anythinggoes-1988447503","p1":"Calyrex-Flower","p2":"hdjajahha","format":"[Gen 9] Anything Goes","log":"|j|\u2606Calyrex-Flower\n|j|\u2606hdjajahha\n|t:|1699723944\n|gametype|singles\n|player|p1|Calyrex-Flower|lillie-masters|1312\n|player|p2|hdjajahha|102|1308\n|teamsize|p1|6\n|teamsize|p2|6\n|gen|9\n|tier|[Gen 9] Anything Goes\n|rated|\n|rule|HP Percentage Mod: HP is shown in percentages\n|rule|Endless Battle Clause: Forcing endless battles is banned\n|clearpoke\n|poke|p1|Kyogre|\n|poke|p1|Koraidon|\n|poke|p1|Calyrex-Shadow|\n|poke|p1|Roaring Moon|\n|poke|p1|Moltres|\n|poke|p1|Iron Treads|\n|poke|p2|Scovillain, F|\n|poke|p2|Kingambit, F|\n|poke|p2|Ting-Lu|\n|poke|p2|Calyrex-Ice|\n|poke|p2|Corviknight, F|\n|poke|p2|Kyogre|\n|teampreview\n|\n|t:|1699723958\n|start\n|switch|p1a: Kyogre|Kyogre|100\/100\n|switch|p2a: Ting-Lu|Ting-Lu|100\/100\n|-weather|RainDance|[from] ability: Drizzle|[of] p1a: Kyogre\n|-ability|p2a: Ting-Lu|Vessel of Ruin\n|turn|1\n|inactive|Battle timer is ON: inactive players will automatically lose when time's up. (requested by Calyrex-Flower)\n|\n|t:|1699723976\n|move|p1a: Kyogre|Water Spout|p2a: Ting-Lu\n|-supereffective|p2a: Ting-Lu\n|-damage|p2a: Ting-Lu|0 fnt\n|faint|p2a: Ting-Lu\n|\n|-weather|RainDance|[upkeep]\n|upkeep\n|\n|t:|1699723983\n|switch|p2a: Kyogre|Kyogre|100\/100\n|turn|2\n|\n|t:|1699723997\n|move|p2a: Kyogre|Thunder|p1a: Kyogre\n|-supereffective|p1a: Kyogre\n|-damage|p1a: Kyogre|42\/100\n|move|p1a: Kyogre|Water Spout|p2a: Kyogre\n|-resisted|p2a: Kyogre\n|-damage|p2a: Kyogre|69\/100\n|\n|-weather|RainDance|[upkeep]\n|upkeep\n|turn|3\n|\n|t:|1699724007\n|move|p2a: Kyogre|Thunder|p1a: Kyogre\n|-supereffective|p1a: Kyogre\n|-damage|p1a: Kyogre|0 fnt\n|faint|p1a: Kyogre\n|\n|-weather|RainDance|[upkeep]\n|upkeep\n|\n|t:|1699724009\n|switch|p1a: Roaring Moon|Roaring Moon|100\/100\n|turn|4\n|\n|t:|1699724025\n|switch|p2a: Corviknight|Corviknight, F|100\/100\n|move|p1a: Roaring Moon|Knock Off|p2a: Corviknight\n|-damage|p2a: Corviknight|69\/100\n|-damage|p1a: Roaring Moon|84\/100|[from] item: Rocky Helmet|[of] p2a: Corviknight\n|-enditem|p2a: Corviknight|Rocky Helmet|[from] move: Knock Off|[of] p1a: Roaring Moon\n|\n|-weather|RainDance|[upkeep]\n|upkeep\n|turn|5\n|inactive|Calyrex-Flower has 120 seconds left.\n|\n|t:|1699724065\n|move|p1a: Roaring Moon|Taunt|p2a: Corviknight\n|-start|p2a: Corviknight|move: Taunt\n|cant|p2a: Corviknight|move: Taunt|Reflect\n|\n|-weather|none\n|upkeep\n|turn|6\n|\n|t:|1699724072\n|move|p1a: Roaring Moon|U-turn|p2a: Corviknight\n|-resisted|p2a: Corviknight\n|-damage|p2a: Corviknight|65\/100\n|inactive|Calyrex-Flower has 120 seconds left.\n|\n|t:|1699724080\n|-end|p1a: Roaring Moon|Protosynthesis|[silent]\n|switch|p1a: Moltres|Moltres|100\/100|[from] U-turn\n|move|p2a: Corviknight|U-turn|p1a: Moltres\n|-resisted|p1a: Moltres\n|-damage|p1a: Moltres|98\/100\n|\n|t:|1699724088\n|switch|p2a: Kyogre|Kyogre|69\/100|[from] U-turn\n|-weather|RainDance|[from] ability: Drizzle|[of] p2a: Kyogre\n|\n|-weather|RainDance|[upkeep]\n|upkeep\n|turn|7\n|inactive|Calyrex-Flower has 120 seconds left.\n|\n|t:|1699724112\n|switch|p1a: Koraidon|Koraidon|100\/100\n|-weather|SunnyDay|[from] ability: Orichalcum Pulse|[of] p1a: Koraidon\n|-activate|p1a: Koraidon|Orichalcum Pulse|[source]\n|move|p2a: Kyogre|Ice Beam|p1a: Koraidon\n|-supereffective|p1a: Koraidon\n|-damage|p1a: Koraidon|34\/100\n|\n|-weather|SunnyDay|[upkeep]\n|upkeep\n|turn|8\n|\n|t:|1699724123\n|move|p1a: Koraidon|U-turn|p2a: Kyogre\n|-damage|p2a: Kyogre|31\/100\n|inactive|Calyrex-Flower has 120 seconds left.\n|\n|t:|1699724154\n|switch|p1a: Calyrex|Calyrex-Shadow|100\/100|[from] U-turn\n|-ability|p1a: Calyrex|As One\n|-ability|p1a: Calyrex|Unnerve\n|move|p2a: Kyogre|Ice Beam|p1a: Calyrex\n|-damage|p1a: Calyrex|63\/100\n|\n|-weather|SunnyDay|[upkeep]\n|upkeep\n|turn|9\n|\n|t:|1699724167\n|switch|p2a: Kingambit|Kingambit, F|100\/100\n|-activate|p2a: Kingambit|ability: Supreme Overlord\n|-start|p2a: Kingambit|fallen1|[silent]\n|move|p1a: Calyrex|Astral Barrage|p2a: Kingambit\n|-resisted|p2a: Kingambit\n|-damage|p2a: Kingambit|56\/100\n|\n|-weather|SunnyDay|[upkeep]\n|upkeep\n|turn|10\n|inactive|Calyrex-Flower has 90 seconds left.\n|\n|t:|1699724206\n|switch|p1a: Moltres|Moltres|98\/100\n|move|p2a: Kingambit|Swords Dance|p2a: Kingambit\n|-boost|p2a: Kingambit|atk|2\n|\n|-weather|SunnyDay|[upkeep]\n|upkeep\n|turn|11\n|inactive|Calyrex-Flower has 90 seconds left.\n|\n|t:|1699724217\n|-terastallize|p2a: Kingambit|Dark\n|move|p2a: Kingambit|Sucker Punch||[still]\n|-fail|p2a: Kingambit\n|move|p1a: Moltres|Will-O-Wisp|p2a: Kingambit\n|-status|p2a: Kingambit|brn\n|\n|-weather|none\n|-damage|p2a: Kingambit|50\/100 brn|[from] brn\n|upkeep\n|turn|12\n|inactive|Calyrex-Flower has 90 seconds left.\n|\n|t:|1699724233\n|move|p2a: Kingambit|Sucker Punch|p1a: Moltres\n|-damage|p1a: Moltres|45\/100\n|-damage|p2a: Kingambit|40\/100 brn|[from] item: Life Orb\n|move|p1a: Moltres|Burning Jealousy|p2a: Kingambit\n|-damage|p2a: Kingambit|8\/100 brn\n|\n|-damage|p2a: Kingambit|2\/100 brn|[from] brn\n|upkeep\n|turn|13\n|\n|t:|1699724243\n|move|p2a: Kingambit|Sucker Punch||[still]\n|-fail|p2a: Kingambit\n|move|p1a: Moltres|Roost|p1a: Moltres\n|-heal|p1a: Moltres|95\/100\n|-singleturn|p1a: Moltres|move: Roost\n|\n|-damage|p2a: Kingambit|0 fnt|[from] brn\n|faint|p2a: Kingambit\n|-end|p2a: Kingambit|fallen1|[silent]\n|upkeep\n|\n|t:|1699724254\n|switch|p2a: Kyogre|Kyogre|31\/100\n|-weather|RainDance|[from] ability: Drizzle|[of] p2a: Kyogre\n|turn|14\n|\n|t:|1699724261\n|switch|p1a: Koraidon|Koraidon|34\/100\n|-weather|SunnyDay|[from] ability: Orichalcum Pulse|[of] p1a: Koraidon\n|-activate|p1a: Koraidon|Orichalcum Pulse|[source]\n|move|p2a: Kyogre|Thunder|p1a: Koraidon\n|-resisted|p1a: Koraidon\n|-damage|p1a: Koraidon|13\/100\n|\n|-weather|SunnyDay|[upkeep]\n|upkeep\n|turn|15\n|\n|t:|1699724273\n|switch|p2a: Corviknight|Corviknight, F|65\/100\n|move|p1a: Koraidon|U-turn|p2a: Corviknight\n|-resisted|p2a: Corviknight\n|-damage|p2a: Corviknight|60\/100\n|inactive|Calyrex-Flower has 120 seconds left.\n|\n|t:|1699724296\n|switch|p1a: Moltres|Moltres|95\/100|[from] U-turn\n|\n|-weather|SunnyDay|[upkeep]\n|upkeep\n|turn|16\n|\n|t:|1699724305\n|switch|p2a: Kyogre|Kyogre|31\/100\n|-weather|RainDance|[from] ability: Drizzle|[of] p2a: Kyogre\n|move|p1a: Moltres|U-turn|p2a: Kyogre\n|-damage|p2a: Kyogre|15\/100\n|\n|t:|1699724308\n|switch|p1a: Calyrex|Calyrex-Shadow|63\/100|[from] U-turn\n|-ability|p1a: Calyrex|As One\n|-ability|p1a: Calyrex|Unnerve\n|\n|-weather|RainDance|[upkeep]\n|upkeep\n|turn|17\n|\n|t:|1699724319\n|switch|p1a: Koraidon|Koraidon|13\/100\n|-weather|SunnyDay|[from] ability: Orichalcum Pulse|[of] p1a: Koraidon\n|-activate|p1a: Koraidon|Orichalcum Pulse|[source]\n|move|p2a: Kyogre|Ice Beam|p1a: Koraidon\n|-supereffective|p1a: Koraidon\n|-damage|p1a: Koraidon|0 fnt\n|faint|p1a: Koraidon\n|\n|-weather|SunnyDay|[upkeep]\n|upkeep\n|\n|t:|1699724329\n|switch|p1a: Calyrex|Calyrex-Shadow|63\/100\n|-ability|p1a: Calyrex|As One\n|-ability|p1a: Calyrex|Unnerve\n|turn|18\n|\n|t:|1699724335\n|move|p2a: Kyogre|Ice Beam|p1a: Calyrex\n|-damage|p1a: Calyrex|27\/100\n|move|p1a: Calyrex|Astral Barrage|p2a: Kyogre\n|-damage|p2a: Kyogre|0 fnt\n|faint|p2a: Kyogre\n|-ability|p1a: Calyrex|Grim Neigh|boost\n|-boost|p1a: Calyrex|spa|1\n|\n|-weather|SunnyDay|[upkeep]\n|upkeep\n|\n|t:|1699724349\n|switch|p2a: Scovillain|Scovillain, F|100\/100\n|turn|19\n|inactive|Calyrex-Flower has 120 seconds left.\n|\n|t:|1699724383\n|move|p1a: Calyrex|Astral Barrage|p2a: Scovillain\n|-damage|p2a: Scovillain|0 fnt\n|faint|p2a: Scovillain\n|-ability|p1a: Calyrex|Grim Neigh|boost\n|-boost|p1a: Calyrex|spa|1\n|\n|-weather|SunnyDay|[upkeep]\n|upkeep\n|\n|t:|1699724392\n|switch|p2a: Calyrex|Calyrex-Ice|100\/100\n|-ability|p2a: Calyrex|As One\n|-ability|p2a: Calyrex|Unnerve\n|turn|20\n|inactive|Calyrex-Flower has 120 seconds left.\n|\n|t:|1699724412\n|move|p1a: Calyrex|Astral Barrage|p2a: Calyrex\n|-supereffective|p2a: Calyrex\n|-damage|p2a: Calyrex|0 fnt\n|faint|p2a: Calyrex\n|-ability|p1a: Calyrex|Grim Neigh|boost\n|-boost|p1a: Calyrex|spa|1\n|\n|-weather|SunnyDay|[upkeep]\n|upkeep\n|\n|t:|1699724421\n|switch|p2a: Corviknight|Corviknight, F|60\/100\n|turn|21\n|inactive|Calyrex-Flower has 120 seconds left.\n|\n|t:|1699724445\n|move|p1a: Calyrex|Astral Barrage|p2a: Corviknight\n|-damage|p2a: Corviknight|0 fnt\n|faint|p2a: Corviknight\n|\n|win|Calyrex-Flower\n|raw|Calyrex-Flower's rating: 1312 &rarr; <strong>1332<\/strong><br \/>(+20 for winning)\n|raw|hdjajahha's rating: 1308 &rarr; <strong>1288<\/strong><br \/>(-20 for losing)\n|l|\u2606Calyrex-Flower\n|l|\u2606hdjajahha\n|j|\u2606hdjajahha\n|player|p2|hdjajahha|102\n","uploadtime":1699724552,"views":3,"p1id":"calyrexflower","p2id":"hdjajahha","formatid":"gen9anythinggoes","rating":1288,"private":0,"password":""}