{"id":"gen9anythinggoes-1972221443","p1":"Sir Grandmaster","p2":"RUMYMOME","format":"[Gen 9] Anything Goes","log":"|j|\u2606Sir Grandmaster\n|j|\u2606RUMYMOME\n|inactive|Battle timer is ON: inactive players will automatically lose when time's up.\n|t:|1697822676\n|gametype|singles\n|player|p1|Sir Grandmaster|ghetsis|\n|player|p2|RUMYMOME|marshal|\n|teamsize|p1|6\n|teamsize|p2|6\n|gen|9\n|tier|[Gen 9] Anything Goes\n|rated|Tournament battle\n|rule|HP Percentage Mod: HP is shown in percentages\n|rule|Endless Battle Clause: Forcing endless battles is banned\n|rule|Species Clause: Limit one of each Pok\u00e9mon\n|rule|OHKO Clause: OHKO moves are banned\n|rule|Evasion Moves Clause: Evasion moves are banned\n|rule|Sleep Moves Clause: Sleep-inducing moves are banned\n|rule|Terastal Clause: You cannot Terastallize\n|rule|1 Ability Clause: Limit 1 of each ability\n|clearpoke\n|poke|p1|Corviknight, M|\n|poke|p1|Gyarados, M|\n|poke|p1|Rotom-Wash|\n|poke|p1|Iron Moth|\n|poke|p1|Ting-Lu|\n|poke|p1|Arcanine-Hisui, F|\n|poke|p2|Breloom, M|\n|poke|p2|Gyarados, F|\n|poke|p2|Polteageist|\n|poke|p2|Kingambit, F|\n|poke|p2|Volcarona, M|\n|poke|p2|Regieleki|\n|teampreview\n|j|*Lady Monita \u263d\n|\n|t:|1697822703\n|start\n|switch|p1a: Corviknight|Corviknight, M|100\/100\n|switch|p2a: Gyarados|Gyarados, F|100\/100\n|-weather|RainDance|[from] ability: Drizzle|[of] p1a: Corviknight\n|turn|1\n|inactive|Sir Grandmaster has 120 seconds left.\n|c|\u2606RUMYMOME|The rotom\n|\n|t:|1697822745\n|move|p2a: Gyarados|Dragon Dance|p2a: Gyarados\n|-boost|p2a: Gyarados|atk|1\n|-boost|p2a: Gyarados|spe|1\n|move|p1a: Corviknight|Taunt|p2a: Gyarados\n|-start|p2a: Gyarados|move: Taunt\n|\n|-weather|RainDance|[upkeep]\n|upkeep\n|turn|2\n|c|\u2606RUMYMOME|The fear\n|\n|t:|1697822752\n|move|p2a: Gyarados|Surging Strikes|p1a: Corviknight\n|-crit|p1a: Corviknight\n|-damage|p1a: Corviknight|67\/100\n|-crit|p1a: Corviknight\n|-damage|p1a: Corviknight|28\/100\n|-crit|p1a: Corviknight\n|-damage|p1a: Corviknight|0 fnt\n|faint|p1a: Corviknight\n|-hitcount|p1: Corviknight|3\n|\n|-weather|RainDance|[upkeep]\n|upkeep\n|inactive|Sir Grandmaster has 120 seconds left.\n|\n|t:|1697822764\n|switch|p1a: Rotom|Rotom-Wash|100\/100\n|turn|3\n|\n|t:|1697822770\n|move|p2a: Gyarados|Earthquake|p1a: Rotom\n|-supereffective|p1a: Rotom\n|-damage|p1a: Rotom|0 fnt\n|faint|p1a: Rotom\n|\n|-weather|RainDance|[upkeep]\n|upkeep\n|\n|t:|1697822777\n|switch|p1a: Gyarados|Gyarados, M|100\/100\n|turn|4\n|\n|t:|1697822781\n|move|p2a: Gyarados|Dragon Ascent|p1a: Gyarados\n|-enditem|p1a: Gyarados|Focus Sash\n|-damage|p1a: Gyarados|1\/100\n|-unboost|p2a: Gyarados|def|1\n|-unboost|p2a: Gyarados|spd|1\n|move|p1a: Gyarados|Outrage|p2a: Gyarados\n|-damage|p2a: Gyarados|21\/100\n|\n|-weather|RainDance|[upkeep]\n|-end|p2a: Gyarados|move: Taunt\n|upkeep\n|turn|5\n|\n|t:|1697822790\n|move|p2a: Gyarados|Dragon Ascent|p1a: Gyarados\n|-damage|p1a: Gyarados|0 fnt\n|-unboost|p2a: Gyarados|def|1\n|-unboost|p2a: Gyarados|spd|1\n|faint|p1a: Gyarados\n|\n|-weather|RainDance|[upkeep]\n|upkeep\n|\n|t:|1697822792\n|switch|p1a: Arcanine|Arcanine-Hisui, F|100\/100\n|turn|6\n|\n|t:|1697822802\n|move|p1a: Arcanine|Extreme Speed|p2a: Gyarados\n|-damage|p2a: Gyarados|0 fnt\n|faint|p2a: Gyarados\n|-damage|p1a: Arcanine|91\/100|[from] item: Life Orb\n|\n|-weather|RainDance|[upkeep]\n|upkeep\n|inactive|RUMYMOME has 120 seconds left.\n|\n|t:|1697822848\n|switch|p2a: Polteageist|Polteageist|100\/100\n|turn|7\n|\n|t:|1697822853\n|switch|p1a: Ting-Lu|Ting-Lu|100\/100\n|move|p2a: Polteageist|Shell Smash|p2a: Polteageist\n|-unboost|p2a: Polteageist|def|1\n|-unboost|p2a: Polteageist|spd|1\n|-boost|p2a: Polteageist|atk|2\n|-boost|p2a: Polteageist|spa|2\n|-boost|p2a: Polteageist|spe|2\n|\n|-weather|RainDance|[upkeep]\n|upkeep\n|turn|8\n|inactive|RUMYMOME has 120 seconds left.\n|\n|t:|1697822858\n|move|p2a: Polteageist|Giga Drain|p1a: Ting-Lu\n|-supereffective|p1a: Ting-Lu\n|-damage|p1a: Ting-Lu|12\/100\n|move|p1a: Ting-Lu|Whirlwind|p2a: Polteageist\n|drag|p2a: Kingambit|Kingambit, F|100\/100\n|\n|-weather|none\n|-heal|p1a: Ting-Lu|18\/100|[from] item: Leftovers\n|upkeep\n|turn|9\n|\n|t:|1697822866\n|switch|p1a: Iron Moth|Iron Moth|100\/100\n|move|p2a: Kingambit|Low Sweep|p1a: Iron Moth\n|-resisted|p1a: Iron Moth\n|-damage|p1a: Iron Moth|83\/100\n|-unboost|p1a: Iron Moth|spe|1\n|\n|upkeep\n|turn|10\n|\n|t:|1697822874\n|move|p1a: Iron Moth|Agility|p1a: Iron Moth\n|-boost|p1a: Iron Moth|spe|2\n|move|p2a: Kingambit|Swords Dance|p2a: Kingambit\n|-boost|p2a: Kingambit|atk|2\n|\n|upkeep\n|turn|11\n|\n|t:|1697822881\n|move|p1a: Iron Moth|Fiery Dance|p2a: Kingambit\n|-ability|p2a: Kingambit|Well-Baked Body|boost\n|-boost|p2a: Kingambit|def|2\n|move|p2a: Kingambit|Low Sweep|p1a: Iron Moth\n|-resisted|p1a: Iron Moth\n|-damage|p1a: Iron Moth|48\/100\n|-unboost|p1a: Iron Moth|spe|1\n|\n|upkeep\n|turn|12\n|\n|t:|1697822888\n|move|p2a: Kingambit|Sucker Punch|p1a: Iron Moth\n|-damage|p1a: Iron Moth|0 fnt\n|faint|p1a: Iron Moth\n|\n|upkeep\n|\n|t:|1697822891\n|switch|p1a: Ting-Lu|Ting-Lu|51\/100\n|turn|13\n|\n|t:|1697822894\n|move|p2a: Kingambit|Low Sweep|p1a: Ting-Lu\n|-supereffective|p1a: Ting-Lu\n|-damage|p1a: Ting-Lu|8\/100\n|-unboost|p1a: Ting-Lu|spe|1\n|move|p1a: Ting-Lu|Body Press|p2a: Kingambit\n|-supereffective|p2a: Kingambit\n|-damage|p2a: Kingambit|52\/100\n|\n|-heal|p1a: Ting-Lu|14\/100|[from] item: Leftovers\n|upkeep\n|turn|14\n|j| happysh\n|\n|t:|1697822898\n|move|p2a: Kingambit|Low Sweep|p1a: Ting-Lu\n|-supereffective|p1a: Ting-Lu\n|-damage|p1a: Ting-Lu|0 fnt\n|faint|p1a: Ting-Lu\n|\n|upkeep\n|\n|t:|1697822899\n|switch|p1a: Arcanine|Arcanine-Hisui, F|91\/100\n|turn|15\n|c|\u2606Sir Grandmaster|gg\n|\n|t:|1697822903\n|move|p1a: Arcanine|Extreme Speed|p2a: Kingambit\n|-damage|p2a: Kingambit|35\/100\n|-damage|p1a: Arcanine|81\/100|[from] item: Life Orb\n|move|p2a: Kingambit|Iron Head|p1a: Arcanine\n|-damage|p1a: Arcanine|0 fnt\n|faint|p1a: Arcanine\n|\n|win|RUMYMOME\n|n|\u2606Sir Grandmaster|sirgrandmaster\n|n|\u2606RUMYMOME|rumymome\n|n|*Lady Monita \u263d|ladymonita\n|n| happysh|happysh\n|l|*Lady Monita \u263d\n|l|\u2606Sir Grandmaster\n","uploadtime":1697822982,"views":9,"p1id":"sirgrandmaster","p2id":"rumymome","formatid":"gen9anythinggoes","rating":0,"private":0,"password":""}