{"id":"gen9anythinggoes-1982573209","p1":"4th Acct To 1700","p2":"jun\u5e73\u5b89xianshen","format":"[Gen 9] Anything Goes","log":"|j|\u26064th Acct To 1700\n|j|\u2606jun\u5e73\u5b89xianshen\n|t:|1699026640\n|gametype|singles\n|player|p1|4th Acct To 1700|clown|1650\n|player|p2|jun\u5e73\u5b89xianshen|dragontamer|1836\n|teamsize|p1|6\n|teamsize|p2|6\n|gen|9\n|tier|[Gen 9] Anything Goes\n|rated|\n|rule|HP Percentage Mod: HP is shown in percentages\n|rule|Endless Battle Clause: Forcing endless battles is banned\n|clearpoke\n|poke|p1|Koraidon|\n|poke|p1|Calyrex-Shadow|\n|poke|p1|Arceus|\n|poke|p1|Ting-Lu|\n|poke|p1|Miraidon|\n|poke|p1|Toxapex, M|\n|poke|p2|Calyrex-Shadow|\n|poke|p2|Arceus-Ground|\n|poke|p2|Miraidon|\n|poke|p2|Arceus|\n|poke|p2|Zacian-*|\n|poke|p2|Koraidon|\n|teampreview\n|j| Ltxtim\n|inactive|Battle timer is ON: inactive players will automatically lose when time's up. (requested by jun\u5e73\u5b89xianshen)\n|inactive|4th Acct To 1700 has 120 seconds left.\n|c|\u2606jun\u5e73\u5b89xianshen|\u6709\u4e9b\u6162\u542f\u52a8\u554a\n|inactive|4th Acct To 1700 has 90 seconds left.\n|\n|t:|1699026735\n|start\n|switch|p1a: Madara Uchiha|Miraidon|100\/100\n|switch|p2a: Arceus|Arceus-Ground|100\/100\n|-fieldstart|move: Electric Terrain|[from] ability: Hadron Engine|[of] p1a: Madara Uchiha\n|turn|1\n|\n|t:|1699026758\n|move|p1a: Madara Uchiha|Calm Mind|p1a: Madara Uchiha\n|-boost|p1a: Madara Uchiha|spa|1\n|-boost|p1a: Madara Uchiha|spd|1\n|move|p2a: Arceus|Judgment|p1a: Madara Uchiha\n|-supereffective|p1a: Madara Uchiha\n|-damage|p1a: Madara Uchiha|37\/100\n|\n|upkeep\n|turn|2\n|\n|t:|1699026765\n|-terastallize|p1a: Madara Uchiha|Ice\n|move|p1a: Madara Uchiha|Tera Blast|p2a: Arceus|[anim] Tera Blast Ice\n|-supereffective|p2a: Arceus\n|-damage|p2a: Arceus|0 fnt\n|faint|p2a: Arceus\n|\n|upkeep\n|\n|t:|1699026770\n|switch|p2a: Zacian|Zacian-Crowned|100\/100\n|-ability|p2a: Zacian|Intrepid Sword|boost\n|-boost|p2a: Zacian|atk|1\n|turn|3\n|\n|t:|1699026774\n|move|p2a: Zacian|Behemoth Blade|p1a: Madara Uchiha\n|-supereffective|p1a: Madara Uchiha\n|-damage|p1a: Madara Uchiha|0 fnt\n|faint|p1a: Madara Uchiha\n|\n|upkeep\n|\n|t:|1699026778\n|switch|p1a: Toxapex|Toxapex, M|100\/100\n|turn|4\n|\n|t:|1699026783\n|move|p2a: Zacian|Swords Dance|p2a: Zacian\n|-boost|p2a: Zacian|atk|2\n|move|p1a: Toxapex|Toxic Spikes|p2a: Zacian\n|-sidestart|p2: jun\u5e73\u5b89xianshen|move: Toxic Spikes\n|\n|upkeep\n|turn|5\n|\n|t:|1699026787\n|move|p2a: Zacian|Wild Charge|p1a: Toxapex\n|-supereffective|p1a: Toxapex\n|-damage|p1a: Toxapex|0 fnt\n|-damage|p2a: Zacian|84\/100|[from] item: Rocky Helmet|[of] p1a: Toxapex\n|faint|p1a: Toxapex\n|-damage|p2a: Zacian|61\/100|[from] Recoil\n|\n|-fieldend|move: Electric Terrain\n|upkeep\n|\n|t:|1699026790\n|switch|p1a: Ting-Lu|Ting-Lu|100\/100\n|-ability|p1a: Ting-Lu|Vessel of Ruin\n|turn|6\n|\n|t:|1699026797\n|move|p2a: Zacian|Play Rough|p1a: Ting-Lu\n|-supereffective|p1a: Ting-Lu\n|-damage|p1a: Ting-Lu|0 fnt\n|faint|p1a: Ting-Lu\n|\n|upkeep\n|\n|t:|1699026805\n|switch|p1a: Calyrex|Calyrex-Shadow|100\/100\n|-ability|p1a: Calyrex|As One\n|-ability|p1a: Calyrex|Unnerve\n|turn|7\n|\n|t:|1699026833\n|-terastallize|p2a: Zacian|Dark\n|move|p1a: Calyrex|Astral Barrage|p2a: Zacian\n|-resisted|p2a: Zacian\n|-damage|p2a: Zacian|27\/100\n|move|p2a: Zacian|Behemoth Blade|p1a: Calyrex\n|-enditem|p1a: Calyrex|Focus Sash\n|-damage|p1a: Calyrex|1\/100\n|\n|upkeep\n|turn|8\n|\n|t:|1699026842\n|switch|p2a: Arceus|Arceus|100\/100\n|move|p1a: Calyrex|Astral Barrage|p2a: Arceus\n|-immune|p2a: Arceus\n|\n|upkeep\n|turn|9\n|\n|t:|1699026848\n|move|p1a: Calyrex|Psychic|p2a: Arceus\n|-damage|p2a: Arceus|63\/100\n|move|p2a: Arceus|Shadow Claw|p1a: Calyrex\n|-supereffective|p1a: Calyrex\n|-damage|p1a: Calyrex|0 fnt\n|faint|p1a: Calyrex\n|\n|upkeep\n|\n|t:|1699026852\n|switch|p1a: Arceus|Arceus|100\/100\n|turn|10\n|\n|t:|1699026861\n|move|p2a: Arceus|Swords Dance|p2a: Arceus\n|-boost|p2a: Arceus|atk|2\n|move|p1a: Arceus|Swords Dance|p1a: Arceus\n|-boost|p1a: Arceus|atk|2\n|\n|upkeep\n|turn|11\n|\n|t:|1699026869\n|move|p2a: Arceus|Extreme Speed|p1a: Arceus\n|-damage|p1a: Arceus|44\/100\n|move|p1a: Arceus|Extreme Speed|p2a: Arceus\n|-damage|p2a: Arceus|9\/100\n|\n|upkeep\n|turn|12\n|\n|t:|1699026875\n|move|p2a: Arceus|Extreme Speed|p1a: Arceus\n|-damage|p1a: Arceus|0 fnt\n|faint|p1a: Arceus\n|\n|upkeep\n|\n|t:|1699026877\n|switch|p1a: Koraidon|Koraidon|100\/100\n|-weather|SunnyDay|[from] ability: Orichalcum Pulse|[of] p1a: Koraidon\n|-activate|p1a: Koraidon|Orichalcum Pulse|[source]\n|turn|13\n|\n|t:|1699026880\n|move|p2a: Arceus|Extreme Speed|p1a: Koraidon\n|-damage|p1a: Koraidon|29\/100\n|move|p1a: Koraidon|Scale Shot|p2a: Arceus\n|-damage|p2a: Arceus|0 fnt\n|faint|p2a: Arceus\n|-hitcount|p2: Arceus|1\n|-unboost|p1a: Koraidon|def|1\n|-boost|p1a: Koraidon|spe|1\n|\n|-weather|SunnyDay|[upkeep]\n|upkeep\n|\n|t:|1699026882\n|switch|p2a: Calyrex|Calyrex-Shadow|100\/100\n|-ability|p2a: Calyrex|As One\n|-ability|p2a: Calyrex|Unnerve\n|-status|p2a: Calyrex|psn\n|turn|14\n|\n|t:|1699026888\n|move|p2a: Calyrex|Psychic|p1a: Koraidon\n|-supereffective|p1a: Koraidon\n|-damage|p1a: Koraidon|0 fnt\n|faint|p1a: Koraidon\n|\n|win|jun\u5e73\u5b89xianshen\n|raw|4th Acct To 1700's rating: 1650 &rarr; <strong>1640<\/strong><br \/>(-10 for losing)\n|raw|jun\u5e73\u5b89xianshen's rating: 1836 &rarr; <strong>1846<\/strong><br \/>(+10 for winning)\n|l|\u26064th Acct To 1700\n|l|\u2606jun\u5e73\u5b89xianshen\n|l| Ltxtim\n","uploadtime":1699027007,"views":2,"p1id":"4thacctto1700","p2id":"junxianshen","formatid":"gen9anythinggoes","rating":1640,"private":0,"password":""}