{"id":"gen9anythinggoes-1990911229","p1":"AnnaNotPoggers","p2":"Agustin jedi","format":"[Gen 9] Anything Goes","log":"|j|\u2606AnnaNotPoggers\n|j|\u2606Agustin jedi\n|t:|1700014218\n|gametype|singles\n|player|p1|AnnaNotPoggers|medium|1098\n|player|p2|Agustin jedi|selene|1185\n|teamsize|p1|6\n|teamsize|p2|6\n|gen|9\n|tier|[Gen 9] Anything Goes\n|rated|\n|rule|HP Percentage Mod: HP is shown in percentages\n|rule|Endless Battle Clause: Forcing endless battles is banned\n|clearpoke\n|poke|p1|Masquerain, F|\n|poke|p1|Kleavor, M|\n|poke|p1|Lokix, M|\n|poke|p1|Ribombee, F|\n|poke|p1|Volcarona, F|\n|poke|p1|Slither Wing|\n|poke|p2|Ariados, M|\n|poke|p2|Arbok, M|\n|poke|p2|Noctowl, F|\n|poke|p2|Dusknoir, M|\n|poke|p2|Coalossal, M|\n|poke|p2|Eelektross, M|\n|teampreview\n|\n|t:|1700014230\n|start\n|switch|p1a: Masquerain|Masquerain, F, shiny|100\/100\n|switch|p2a: Ariados|Ariados, M|100\/100\n|-ability|p1a: Masquerain|Intimidate|boost\n|-unboost|p2a: Ariados|atk|1\n|turn|1\n|inactive|Battle timer is ON: inactive players will automatically lose when time's up. (requested by Agustin jedi)\n|\n|t:|1700014238\n|move|p1a: Masquerain|Sticky Web|p2a: Ariados\n|-sidestart|p2: Agustin jedi|move: Sticky Web\n|move|p2a: Ariados|Sticky Web|p1a: Masquerain\n|-sidestart|p1: AnnaNotPoggers|move: Sticky Web\n|\n|upkeep\n|turn|2\n|\n|t:|1700014242\n|move|p1a: Masquerain|Tailwind|p1a: Masquerain\n|-sidestart|p1: AnnaNotPoggers|move: Tailwind\n|move|p2a: Ariados|Poison Jab|p1a: Masquerain\n|-damage|p1a: Masquerain|61\/100\n|-status|p1a: Masquerain|psn\n|\n|-damage|p1a: Masquerain|49\/100 psn|[from] psn\n|upkeep\n|turn|3\n|\n|t:|1700014249\n|move|p2a: Ariados|Sucker Punch|p1a: Masquerain\n|-damage|p1a: Masquerain|24\/100 psn\n|move|p1a: Masquerain|Hydro Pump|p2a: Ariados\n|-damage|p2a: Ariados|62\/100\n|\n|-damage|p1a: Masquerain|12\/100 psn|[from] psn\n|upkeep\n|turn|4\n|\n|t:|1700014256\n|move|p2a: Ariados|Sucker Punch|p1a: Masquerain\n|-damage|p1a: Masquerain|0 fnt\n|faint|p1a: Masquerain\n|\n|upkeep\n|\n|t:|1700014260\n|switch|p1a: Kleavor|Kleavor, M, shiny|100\/100\n|turn|5\n|\n|t:|1700014264\n|move|p2a: Ariados|Sucker Punch|p1a: Kleavor\n|-damage|p1a: Kleavor|84\/100\n|move|p1a: Kleavor|Stone Axe|p2a: Ariados\n|-supereffective|p2a: Ariados\n|-damage|p2a: Ariados|0 fnt\n|-sidestart|p2: Agustin jedi|move: Stealth Rock\n|faint|p2a: Ariados\n|\n|-sideend|p1: AnnaNotPoggers|move: Tailwind\n|upkeep\n|\n|t:|1700014269\n|switch|p2a: Coalossal|Coalossal, M|100\/100\n|-activate|p2a: Coalossal|move: Sticky Web\n|-unboost|p2a: Coalossal|spe|1\n|-damage|p2a: Coalossal|76\/100|[from] Stealth Rock\n|turn|6\n|\n|t:|1700014288\n|move|p1a: Kleavor|X-Scissor|p2a: Coalossal\n|-resisted|p2a: Coalossal\n|-damage|p2a: Coalossal|55\/100\n|move|p2a: Coalossal|Stealth Rock|p1a: Kleavor\n|-sidestart|p1: AnnaNotPoggers|move: Stealth Rock\n|\n|upkeep\n|turn|7\n|\n|t:|1700014297\n|move|p1a: Kleavor|Night Slash|p2a: Coalossal\n|-damage|p2a: Coalossal|31\/100\n|move|p2a: Coalossal|Earth Power|p1a: Kleavor\n|-damage|p1a: Kleavor|47\/100\n|\n|upkeep\n|turn|8\n|\n|t:|1700014305\n|move|p1a: Kleavor|Night Slash|p2a: Coalossal\n|-damage|p2a: Coalossal|6\/100\n|move|p2a: Coalossal|Flamethrower|p1a: Kleavor\n|-damage|p1a: Kleavor|0 fnt\n|faint|p1a: Kleavor\n|\n|upkeep\n|\n|t:|1700014316\n|switch|p1a: Lokix|Lokix, M, shiny|100\/100\n|-activate|p1a: Lokix|move: Sticky Web\n|-unboost|p1a: Lokix|spe|1\n|-damage|p1a: Lokix|75\/100|[from] Stealth Rock\n|turn|9\n|\n|t:|1700014321\n|move|p1a: Lokix|First Impression|p2a: Coalossal\n|-resisted|p2a: Coalossal\n|-damage|p2a: Coalossal|0 fnt\n|faint|p2a: Coalossal\n|-damage|p1a: Lokix|66\/100|[from] item: Life Orb\n|\n|upkeep\n|\n|t:|1700014329\n|switch|p2a: Arbok|Arbok, M, shiny|100\/100\n|-activate|p2a: Arbok|move: Sticky Web\n|-unboost|p2a: Arbok|spe|1\n|-damage|p2a: Arbok|88\/100|[from] Stealth Rock\n|-ability|p2a: Arbok|Intimidate|boost\n|-unboost|p1a: Lokix|atk|1\n|turn|10\n|\n|t:|1700014340\n|move|p1a: Lokix|Axe Kick|p2a: Arbok\n|-resisted|p2a: Arbok\n|-damage|p2a: Arbok|30\/100\n|-start|p2a: Arbok|confusion\n|-damage|p1a: Lokix|56\/100|[from] item: Life Orb\n|-activate|p2a: Arbok|confusion\n|move|p2a: Arbok|Coil|p2a: Arbok\n|-boost|p2a: Arbok|atk|1\n|-boost|p2a: Arbok|def|1\n|-boost|p2a: Arbok|accuracy|1\n|\n|upkeep\n|turn|11\n|\n|t:|1700014349\n|move|p1a: Lokix|Sucker Punch|p2a: Arbok\n|-damage|p2a: Arbok|0 fnt\n|faint|p2a: Arbok\n|-damage|p1a: Lokix|46\/100|[from] item: Life Orb\n|\n|upkeep\n|\n|t:|1700014353\n|switch|p2a: Noctowl|Noctowl, F|100\/100\n|-damage|p2a: Noctowl|76\/100|[from] Stealth Rock\n|turn|12\n|\n|t:|1700014359\n|move|p1a: Lokix|Sucker Punch||[still]\n|-fail|p1a: Lokix\n|move|p2a: Noctowl|Hypnosis|p1a: Lokix\n|-status|p1a: Lokix|slp|[from] move: Hypnosis\n|\n|upkeep\n|turn|13\n|\n|t:|1700014376\n|switch|p1a: Ribombee|Ribombee, F, shiny|100\/100\n|-activate|p1a: Ribombee|move: Sticky Web\n|-unboost|p1a: Ribombee|spe|1\n|-damage|p1a: Ribombee|76\/100|[from] Stealth Rock\n|move|p2a: Noctowl|Nasty Plot|p2a: Noctowl\n|-boost|p2a: Noctowl|spa|2\n|\n|upkeep\n|turn|14\n|\n|t:|1700014387\n|move|p1a: Ribombee|Moonblast|p2a: Noctowl\n|-damage|p2a: Noctowl|43\/100\n|move|p2a: Noctowl|Hypnosis|p1a: Ribombee\n|-status|p1a: Ribombee|slp|[from] move: Hypnosis\n|\n|upkeep\n|turn|15\n|\n|t:|1700014395\n|cant|p1a: Ribombee|slp\n|move|p2a: Noctowl|Nasty Plot|p2a: Noctowl\n|-boost|p2a: Noctowl|spa|2\n|\n|upkeep\n|turn|16\n|\n|t:|1700014400\n|cant|p1a: Ribombee|slp\n|move|p2a: Noctowl|Nasty Plot|p2a: Noctowl\n|-boost|p2a: Noctowl|spa|2\n|\n|upkeep\n|turn|17\n|\n|t:|1700014404\n|cant|p1a: Ribombee|slp\n|move|p2a: Noctowl|Air Slash|p1a: Ribombee\n|-supereffective|p1a: Ribombee\n|-damage|p1a: Ribombee|0 fnt\n|faint|p1a: Ribombee\n|\n|upkeep\n|\n|t:|1700014429\n|switch|p1a: Volcarona|Volcarona, F, shiny|100\/100\n|turn|18\n|\n|t:|1700014434\n|-terastallize|p1a: Volcarona|Steel\n|move|p1a: Volcarona|Fire Blast|p2a: Noctowl\n|-damage|p2a: Noctowl|0 fnt\n|faint|p2a: Noctowl\n|\n|upkeep\n|\n|t:|1700014450\n|switch|p2a: Dusknoir|Dusknoir, M|100\/100\n|-activate|p2a: Dusknoir|move: Sticky Web\n|-unboost|p2a: Dusknoir|spe|1\n|-damage|p2a: Dusknoir|88\/100|[from] Stealth Rock\n|-item|p1a: Volcarona|Heavy-Duty Boots|[from] ability: Frisk|[of] p2a: Dusknoir|[identify]\n|turn|19\n|\n|t:|1700014460\n|-singleturn|p2a: Dusknoir|move: Focus Punch\n|move|p1a: Volcarona|Quiver Dance|p1a: Volcarona\n|-boost|p1a: Volcarona|spa|1\n|-boost|p1a: Volcarona|spd|1\n|-boost|p1a: Volcarona|spe|1\n|move|p2a: Dusknoir|Focus Punch|p1a: Volcarona\n|-supereffective|p1a: Volcarona\n|-damage|p1a: Volcarona|0 fnt\n|faint|p1a: Volcarona\n|\n|upkeep\n|\n|t:|1700014471\n|switch|p1a: Lokix|Lokix, M, shiny|46\/100 slp\n|-activate|p1a: Lokix|move: Sticky Web\n|-unboost|p1a: Lokix|spe|1\n|-damage|p1a: Lokix|21\/100 slp|[from] Stealth Rock\n|turn|20\n|\n|t:|1700014477\n|-singleturn|p2a: Dusknoir|move: Focus Punch\n|cant|p1a: Lokix|slp\n|move|p2a: Dusknoir|Focus Punch|p1a: Lokix\n|-damage|p1a: Lokix|0 fnt\n|faint|p1a: Lokix\n|\n|upkeep\n|\n|t:|1700014484\n|switch|p1a: Slither Wing|Slither Wing, shiny|100\/100\n|-activate|p1a: Slither Wing|move: Sticky Web\n|-unboost|p1a: Slither Wing|spe|1\n|-damage|p1a: Slither Wing|88\/100|[from] Stealth Rock\n|-enditem|p1a: Slither Wing|Booster Energy\n|-activate|p1a: Slither Wing|ability: Protosynthesis|[fromitem]\n|-start|p1a: Slither Wing|protosynthesisatk\n|turn|21\n|\n|t:|1700014498\n|-singleturn|p2a: Dusknoir|move: Focus Punch\n|move|p1a: Slither Wing|Leech Life|p2a: Dusknoir\n|-resisted|p2a: Dusknoir\n|-damage|p2a: Dusknoir|63\/100\n|-heal|p1a: Slither Wing|99\/100|[from] drain|[of] p2a: Dusknoir\n|cant|p2a: Dusknoir|Focus Punch|Focus Punch\n|\n|upkeep\n|turn|22\n|\n|t:|1700014509\n|switch|p2a: Eelektross|Eelektross, M|100\/100\n|-damage|p2a: Eelektross|88\/100|[from] Stealth Rock\n|move|p1a: Slither Wing|Acrobatics|p2a: Eelektross\n|-resisted|p2a: Eelektross\n|-damage|p2a: Eelektross|60\/100\n|\n|upkeep\n|turn|23\n|\n|t:|1700014527\n|move|p1a: Slither Wing|Leech Life|p2a: Eelektross\n|-damage|p2a: Eelektross|0 fnt\n|-heal|p1a: Slither Wing|100\/100|[from] drain|[of] p2a: Eelektross\n|faint|p2a: Eelektross\n|\n|upkeep\n|\n|t:|1700014530\n|switch|p2a: Dusknoir|Dusknoir, M|63\/100\n|-activate|p2a: Dusknoir|move: Sticky Web\n|-unboost|p2a: Dusknoir|spe|1\n|-damage|p2a: Dusknoir|50\/100|[from] Stealth Rock\n|turn|24\n|\n|t:|1700014537\n|-terastallize|p2a: Dusknoir|Ghost\n|move|p2a: Dusknoir|Shadow Sneak|p1a: Slither Wing\n|-damage|p1a: Slither Wing|45\/100\n|move|p1a: Slither Wing|Acrobatics|p2a: Dusknoir\n|-damage|p2a: Dusknoir|3\/100\n|\n|upkeep\n|turn|25\n|\n|t:|1700014545\n|move|p2a: Dusknoir|Shadow Sneak|p1a: Slither Wing\n|-damage|p1a: Slither Wing|0 fnt\n|faint|p1a: Slither Wing\n|-end|p1a: Slither Wing|Protosynthesis|[silent]\n|\n|win|Agustin jedi\n|raw|AnnaNotPoggers's rating: 1098 &rarr; <strong>1079<\/strong><br \/>(-19 for losing)\n|raw|Agustin jedi's rating: 1185 &rarr; <strong>1204<\/strong><br \/>(+19 for winning)\n","uploadtime":1700014551,"views":15,"p1id":"annanotpoggers","p2id":"agustinjedi","formatid":"gen9anythinggoes","rating":1079,"private":0,"password":""}