{"id":"gen9anythinggoes-1972205244","p1":"Lil Moonie","p2":"huehoua","format":"[Gen 9] Anything Goes","log":"|j|\u2606Lil Moonie\n|j|\u203dhuehoua\n|t:|1697821344\n|gametype|singles\n|player|p1|Lil Moonie|iris-gen5bw2|1117\n|player|p2|huehoua|unknown|1172\n|teamsize|p1|6\n|teamsize|p2|6\n|gen|9\n|tier|[Gen 9] Anything Goes\n|rated|\n|rule|HP Percentage Mod: HP is shown in percentages\n|rule|Endless Battle Clause: Forcing endless battles is banned\n|clearpoke\n|poke|p1|Maushold-Four|\n|poke|p1|Maushold-Four|\n|poke|p1|Maushold-Four|\n|poke|p1|Maushold-Four|\n|poke|p1|Maushold-Four|\n|poke|p1|Calyrex-Shadow|\n|poke|p2|Sneasler, M|\n|poke|p2|Iron Valiant|\n|poke|p2|Espathra, F|\n|poke|p2|Ditto|\n|poke|p2|Pelipper, F|\n|poke|p2|Basculegion, M|\n|teampreview\n|\n|t:|1697821356\n|start\n|switch|p1a: Maushold|Maushold-Four|100\/100\n|switch|p2a: Sneasler|Sneasler, M|100\/100\n|turn|1\n|\n|t:|1697821361\n|move|p2a: Sneasler|Swords Dance|p2a: Sneasler\n|-boost|p2a: Sneasler|atk|2\n|move|p1a: Maushold|Tidy Up|p1a: Maushold\n|-boost|p1a: Maushold|atk|1\n|-boost|p1a: Maushold|spe|1\n|\n|upkeep\n|turn|2\n|\n|t:|1697821366\n|move|p1a: Maushold|Population Bomb|p2a: Sneasler\n|-damage|p2a: Sneasler|70\/100\n|-damage|p2a: Sneasler|43\/100\n|-damage|p2a: Sneasler|13\/100\n|-damage|p2a: Sneasler|0 fnt\n|faint|p2a: Sneasler\n|-hitcount|p2: Sneasler|4\n|\n|upkeep\n|\n|t:|1697821369\n|switch|p2a: Iron Valiant|Iron Valiant|100\/100\n|-enditem|p2a: Iron Valiant|Booster Energy\n|-activate|p2a: Iron Valiant|ability: Quark Drive|[fromitem]\n|-start|p2a: Iron Valiant|quarkdrivespe\n|turn|3\n|\n|t:|1697821374\n|move|p2a: Iron Valiant|Aura Sphere|p1a: Maushold\n|-supereffective|p1a: Maushold\n|-enditem|p1a: Maushold|Focus Sash\n|-damage|p1a: Maushold|1\/100\n|move|p1a: Maushold|Population Bomb|p2a: Iron Valiant\n|-damage|p2a: Iron Valiant|78\/100\n|-damage|p2a: Iron Valiant|57\/100\n|-damage|p2a: Iron Valiant|33\/100\n|-damage|p2a: Iron Valiant|12\/100\n|-damage|p2a: Iron Valiant|0 fnt\n|faint|p2a: Iron Valiant\n|-end|p2a: Iron Valiant|Quark Drive|[silent]\n|-hitcount|p2: Iron Valiant|5\n|\n|upkeep\n|\n|t:|1697821392\n|switch|p2a: Espathra|Espathra, F|100\/100\n|turn|4\n|\n|t:|1697821396\n|move|p1a: Maushold|Tidy Up|p1a: Maushold\n|-boost|p1a: Maushold|atk|1\n|-boost|p1a: Maushold|spe|1\n|move|p2a: Espathra|Trick|p1a: Maushold\n|-activate|p2a: Espathra|move: Trick|[of] p1a: Maushold\n|-item|p1a: Maushold|Choice Specs|[from] move: Trick\n|-enditem|p2a: Espathra|Choice Specs|[silent]|[from] move: Trick\n|\n|-ability|p2a: Espathra|Speed Boost|boost\n|-boost|p2a: Espathra|spe|1\n|upkeep\n|turn|5\n|\n|t:|1697821418\n|move|p1a: Maushold|Population Bomb|p2a: Espathra|[miss]\n|-miss|p1a: Maushold|p2a: Espathra\n|move|p2a: Espathra|Calm Mind|p2a: Espathra\n|-boost|p2a: Espathra|spa|1\n|-boost|p2a: Espathra|spd|1\n|\n|-ability|p2a: Espathra|Speed Boost|boost\n|-boost|p2a: Espathra|spe|1\n|upkeep\n|turn|6\n|\n|t:|1697821427\n|move|p1a: Maushold|Population Bomb|p2a: Espathra\n|-damage|p2a: Espathra|64\/100\n|-damage|p2a: Espathra|33\/100\n|-damage|p2a: Espathra|0 fnt\n|faint|p2a: Espathra\n|-hitcount|p2: Espathra|3\n|\n|upkeep\n|\n|t:|1697821431\n|switch|p2a: Ditto|Ditto|100\/100\n|-transform|p2a: Ditto|p1a: Maushold|[from] ability: Imposter\n|turn|7\n|-activate|p2a: Ditto|item: Quick Claw\n|\n|t:|1697821435\n|-terastallize|p1a: Maushold|Ghost\n|move|p2a: Ditto|Population Bomb|p1a: Maushold\n|-immune|p1a: Maushold\n|move|p1a: Maushold|Population Bomb|p2a: Ditto|[miss]\n|-miss|p1a: Maushold|p2a: Ditto\n|\n|upkeep\n|turn|8\n|\n|t:|1697821445\n|move|p1a: Maushold|Population Bomb|p2a: Ditto\n|-damage|p2a: Ditto|68\/100\n|-damage|p2a: Ditto|35\/100\n|-damage|p2a: Ditto|0 fnt\n|faint|p2a: Ditto\n|-hitcount|p2: Ditto|3\n|\n|upkeep\n|\n|t:|1697821453\n|switch|p2a: Pelipper|Pelipper, F|100\/100\n|-weather|RainDance|[from] ability: Drizzle|[of] p2a: Pelipper\n|turn|9\n|\n|t:|1697821455\n|move|p2a: Pelipper|Quick Attack|p1a: Maushold\n|-immune|p1a: Maushold\n|move|p1a: Maushold|Population Bomb|p2a: Pelipper\n|-damage|p2a: Pelipper|76\/100\n|-damage|p2a: Pelipper|52\/100\n|-hitcount|p2a: Pelipper|2\n|\n|-weather|RainDance|[upkeep]\n|upkeep\n|turn|10\n|\n|t:|1697821461\n|move|p1a: Maushold|Population Bomb|p2a: Pelipper\n|-damage|p2a: Pelipper|29\/100\n|-damage|p2a: Pelipper|5\/100\n|-damage|p2a: Pelipper|0 fnt\n|faint|p2a: Pelipper\n|-hitcount|p2: Pelipper|3\n|\n|-weather|RainDance|[upkeep]\n|upkeep\n|\n|t:|1697821468\n|switch|p2a: Basculegion|Basculegion, M, shiny|100\/100\n|turn|11\n|\n|t:|1697821471\n|move|p1a: Maushold|Population Bomb|p2a: Basculegion\n|-immune|p2a: Basculegion\n|move|p2a: Basculegion|Scale Shot|p1a: Maushold\n|-damage|p1a: Maushold|0 fnt\n|faint|p1a: Maushold\n|-hitcount|p1: Maushold|1\n|-unboost|p2a: Basculegion|def|1\n|-boost|p2a: Basculegion|spe|1\n|\n|-weather|RainDance|[upkeep]\n|upkeep\n|\n|t:|1697821496\n|switch|p1a: Maushold|Maushold-Four|100\/100\n|turn|12\n|\n|t:|1697821503\n|move|p2a: Basculegion|Scale Shot|p1a: Maushold\n|-damage|p1a: Maushold|85\/100\n|-damage|p1a: Maushold|72\/100\n|-damage|p1a: Maushold|59\/100\n|-damage|p1a: Maushold|46\/100\n|-hitcount|p1a: Maushold|4\n|-unboost|p2a: Basculegion|def|1\n|-boost|p2a: Basculegion|spe|1\n|move|p1a: Maushold|Bite|p2a: Basculegion\n|-supereffective|p2a: Basculegion\n|-enditem|p2a: Basculegion|Focus Sash\n|-damage|p2a: Basculegion|1\/100\n|\n|-weather|RainDance|[upkeep]\n|upkeep\n|turn|13\n|\n|t:|1697821526\n|move|p2a: Basculegion|Scale Shot|p1a: Maushold\n|-damage|p1a: Maushold|32\/100\n|-damage|p1a: Maushold|18\/100\n|-damage|p1a: Maushold|5\/100\n|-hitcount|p1a: Maushold|3\n|-unboost|p2a: Basculegion|def|1\n|-boost|p2a: Basculegion|spe|1\n|move|p1a: Maushold|Bite|p2a: Basculegion\n|-supereffective|p2a: Basculegion\n|-damage|p2a: Basculegion|0 fnt\n|faint|p2a: Basculegion\n|\n|win|Lil Moonie\n|raw|Lil Moonie's rating: 1117 &rarr; <strong>1146<\/strong><br \/>(+29 for winning)\n|raw|huehoua's rating: 1172 &rarr; <strong>1143<\/strong><br \/>(-29 for losing)\n|l|\u203dhuehoua\n","uploadtime":1697821537,"views":8,"p1id":"lilmoonie","p2id":"huehoua","formatid":"gen9anythinggoes","rating":1143,"private":0,"password":""}