{"id":"gen9anythinggoes-1991507984","p1":"Ellippo","p2":"hoenn militian","format":"[Gen 9] Anything Goes","log":"|j|\u2606Ellippo\n|j|\u2606hoenn militian\n|t:|1700083342\n|gametype|singles\n|player|p1|Ellippo|lance|1665\n|player|p2|hoenn militian|1|1719\n|teamsize|p1|6\n|teamsize|p2|6\n|gen|9\n|tier|[Gen 9] Anything Goes\n|rated|\n|rule|HP Percentage Mod: HP is shown in percentages\n|rule|Endless Battle Clause: Forcing endless battles is banned\n|clearpoke\n|poke|p1|Sneasler, M|\n|poke|p1|Koraidon|\n|poke|p1|Calyrex-Shadow|\n|poke|p1|Koraidon|\n|poke|p1|Arceus|\n|poke|p1|Miraidon|\n|poke|p2|Miraidon|\n|poke|p2|Grimmsnarl, M|\n|poke|p2|Skeledirge, M|\n|poke|p2|Blissey, F|\n|poke|p2|Moltres|\n|poke|p2|Calyrex-Ice|\n|teampreview\n|\n|t:|1700083353\n|start\n|switch|p1a: Sneasler|Sneasler, M|100\/100\n|switch|p2a: Grimmsnarl|Grimmsnarl, M|100\/100\n|turn|1\n|\n|t:|1700083364\n|move|p2a: Grimmsnarl|Parting Shot|p1a: Sneasler\n|-unboost|p1a: Sneasler|atk|1\n|-unboost|p1a: Sneasler|spa|1\n|inactive|Battle timer is ON: inactive players will automatically lose when time's up. (requested by Ellippo)\n|\n|t:|1700083372\n|switch|p2a: Miraidon|Miraidon|100\/100|[from] Parting Shot\n|-fieldstart|move: Electric Terrain|[from] ability: Hadron Engine|[of] p2a: Miraidon\n|move|p1a: Sneasler|Dire Claw|p2a: Miraidon\n|-damage|p2a: Miraidon|71\/100\n|\n|upkeep\n|turn|2\n|\n|t:|1700083380\n|move|p2a: Miraidon|Dragon Pulse|p1a: Sneasler\n|-damage|p1a: Sneasler|18\/100\n|move|p1a: Sneasler|Swords Dance|p1a: Sneasler\n|-boost|p1a: Sneasler|atk|2\n|\n|upkeep\n|turn|3\n|\n|t:|1700083390\n|move|p2a: Miraidon|Dragon Pulse|p1a: Sneasler\n|-damage|p1a: Sneasler|0 fnt\n|faint|p1a: Sneasler\n|\n|upkeep\n|\n|t:|1700083400\n|switch|p1a: Calyrex|Calyrex-Shadow|100\/100\n|-ability|p1a: Calyrex|As One\n|-ability|p1a: Calyrex|Unnerve\n|turn|4\n|\n|t:|1700083407\n|switch|p2a: Grimmsnarl|Grimmsnarl, M|100\/100\n|move|p1a: Calyrex|Nasty Plot|p1a: Calyrex\n|-boost|p1a: Calyrex|spa|2\n|\n|upkeep\n|turn|5\n|\n|t:|1700083413\n|move|p1a: Calyrex|Astral Barrage|p2a: Grimmsnarl\n|-resisted|p2a: Grimmsnarl\n|-damage|p2a: Grimmsnarl|45\/100\n|move|p2a: Grimmsnarl|Spirit Break|p1a: Calyrex\n|-damage|p1a: Calyrex|63\/100\n|-unboost|p1a: Calyrex|spa|1\n|\n|-fieldend|move: Electric Terrain\n|upkeep\n|turn|6\n|\n|t:|1700083427\n|move|p2a: Grimmsnarl|Sucker Punch|p1a: Calyrex\n|-supereffective|p1a: Calyrex\n|-damage|p1a: Calyrex|0 fnt\n|faint|p1a: Calyrex\n|\n|upkeep\n|\n|t:|1700083437\n|switch|p1a: Arceus|Arceus|100\/100\n|turn|7\n|\n|t:|1700083439\n|switch|p2a: Moltres|Moltres|100\/100\n|move|p1a: Arceus|Extreme Speed|p2a: Moltres\n|-damage|p2a: Moltres|64\/100\n|\n|upkeep\n|turn|8\n|\n|t:|1700083446\n|move|p1a: Arceus|Dragon Dance|p1a: Arceus\n|-boost|p1a: Arceus|atk|1\n|-boost|p1a: Arceus|spe|1\n|move|p2a: Moltres|U-turn|p1a: Arceus\n|-damage|p1a: Arceus|90\/100\n|\n|t:|1700083454\n|switch|p2a: Skeledirge|Skeledirge, M|100\/100|[from] U-turn\n|\n|upkeep\n|turn|9\n|\n|t:|1700083458\n|move|p1a: Arceus|Shadow Claw|p2a: Skeledirge\n|-supereffective|p2a: Skeledirge\n|-damage|p2a: Skeledirge|72\/100\n|move|p2a: Skeledirge|Will-O-Wisp|p1a: Arceus\n|-status|p1a: Arceus|brn\n|\n|-damage|p1a: Arceus|84\/100 brn|[from] brn\n|upkeep\n|turn|10\n|\n|t:|1700083467\n|switch|p1a: Miraidon|Miraidon|100\/100\n|-fieldstart|move: Electric Terrain|[from] ability: Hadron Engine|[of] p1a: Miraidon\n|move|p2a: Skeledirge|Will-O-Wisp|p1a: Miraidon\n|-status|p1a: Miraidon|brn\n|\n|-damage|p1a: Miraidon|94\/100 brn|[from] brn\n|upkeep\n|turn|11\n|\n|t:|1700083476\n|switch|p2a: Calyrex|Calyrex-Ice|100\/100\n|-ability|p2a: Calyrex|As One\n|-ability|p2a: Calyrex|Unnerve\n|move|p1a: Miraidon|Agility|p1a: Miraidon\n|-boost|p1a: Miraidon|spe|2\n|\n|-heal|p1a: Miraidon|100\/100 brn|[from] item: Leftovers\n|-damage|p1a: Miraidon|94\/100 brn|[from] brn\n|upkeep\n|turn|12\n|\n|t:|1700083487\n|-terastallize|p1a: Miraidon|Fairy\n|move|p1a: Miraidon|Calm Mind|p1a: Miraidon\n|-boost|p1a: Miraidon|spa|1\n|-boost|p1a: Miraidon|spd|1\n|move|p2a: Calyrex|Glacial Lance|p1a: Miraidon\n|-damage|p1a: Miraidon|20\/100 brn\n|\n|-heal|p1a: Miraidon|26\/100 brn|[from] item: Leftovers\n|-damage|p1a: Miraidon|20\/100 brn|[from] brn\n|upkeep\n|turn|13\n|\n|t:|1700083499\n|-terastallize|p2a: Calyrex|Electric\n|move|p1a: Miraidon|Parabolic Charge|p2a: Calyrex\n|-resisted|p2a: Calyrex\n|-damage|p2a: Calyrex|63\/100\n|-heal|p1a: Miraidon|37\/100 brn|[from] drain|[of] p2a: Calyrex\n|move|p2a: Calyrex|Glacial Lance|p1a: Miraidon\n|-damage|p1a: Miraidon|0 fnt\n|faint|p1a: Miraidon\n|-ability|p2a: Calyrex|Chilling Neigh|boost\n|-boost|p2a: Calyrex|atk|1\n|\n|upkeep\n|\n|t:|1700083510\n|switch|p1a: Koraidon|Koraidon|100\/100\n|-weather|SunnyDay|[from] ability: Orichalcum Pulse|[of] p1a: Koraidon\n|-activate|p1a: Koraidon|Orichalcum Pulse|[source]\n|turn|14\n|\n|t:|1700083515\n|move|p1a: Koraidon|Scale Shot|p2a: Calyrex|[miss]\n|-miss|p1a: Koraidon|p2a: Calyrex\n|move|p2a: Calyrex|Glacial Lance|p1a: Koraidon\n|-supereffective|p1a: Koraidon\n|-damage|p1a: Koraidon|0 fnt\n|faint|p1a: Koraidon\n|-ability|p2a: Calyrex|Chilling Neigh|boost\n|-boost|p2a: Calyrex|atk|1\n|\n|-weather|SunnyDay|[upkeep]\n|-fieldend|move: Electric Terrain\n|upkeep\n|-message|Ellippo forfeited.\n|\n|win|hoenn militian\n|raw|Ellippo's rating: 1665 &rarr; <strong>1648<\/strong><br \/>(-17 for losing)\n|raw|hoenn militian's rating: 1719 &rarr; <strong>1736<\/strong><br \/>(+17 for winning)\n|l|\u2606Ellippo\n","uploadtime":1700083588,"views":5,"p1id":"ellippo","p2id":"hoennmilitian","formatid":"gen9anythinggoes","rating":1648,"private":0,"password":""}