{"id":"gen9anythinggoes-1994030696","p1":"Philippinesuser","p2":"LostParrot","format":"[Gen 9] Anything Goes","log":"|j|\u2606Philippinesuser\n|j|\u2606LostParrot\n|t:|1700396682\n|gametype|singles\n|player|p1|Philippinesuser|dawn|1094\n|player|p2|LostParrot|harlequin|1039\n|teamsize|p1|6\n|teamsize|p2|1\n|gen|9\n|tier|[Gen 9] Anything Goes\n|rated|\n|rule|HP Percentage Mod: HP is shown in percentages\n|rule|Endless Battle Clause: Forcing endless battles is banned\n|clearpoke\n|poke|p1|Miraidon|\n|poke|p1|Miraidon|\n|poke|p1|Miraidon|\n|poke|p1|Koraidon|\n|poke|p1|Koraidon|\n|poke|p1|Koraidon|\n|poke|p2|Scyther, M|\n|teampreview\n|\n|t:|1700396692\n|start\n|switch|p1a: Miraidon|Miraidon|100\/100\n|switch|p2a: buggy|Scyther, M|100\/100\n|-fieldstart|move: Electric Terrain|[from] ability: Hadron Engine|[of] p1a: Miraidon\n|turn|1\n|inactive|Battle timer is ON: inactive players will automatically lose when time's up. (requested by LostParrot)\n|\n|t:|1700396716\n|-terastallize|p2a: buggy|Ground\n|move|p1a: Miraidon|Electro Drift|p2a: buggy\n|-immune|p2a: buggy\n|move|p2a: buggy|Swords Dance|p2a: buggy\n|-boost|p2a: buggy|atk|2\n|\n|upkeep\n|turn|2\n|inactive|LostParrot has 120 seconds left.\n|\n|t:|1700396749\n|switch|p1a: Miraidon|Miraidon|100\/100\n|-activate|p1a: Miraidon|ability: Hadron Engine\n|move|p2a: buggy|Agility|p2a: buggy\n|-boost|p2a: buggy|spe|2\n|\n|upkeep\n|turn|3\n|inactive|LostParrot has 120 seconds left.\n|\n|t:|1700396759\n|move|p2a: buggy|Tera Blast|p1a: Miraidon|[anim] Tera Blast Ground\n|-supereffective|p1a: Miraidon\n|-damage|p1a: Miraidon|0 fnt\n|faint|p1a: Miraidon\n|\n|upkeep\n|\n|t:|1700396765\n|switch|p1a: Koraidon|Koraidon|100\/100\n|-weather|SunnyDay|[from] ability: Orichalcum Pulse|[of] p1a: Koraidon\n|-activate|p1a: Koraidon|Orichalcum Pulse|[source]\n|turn|4\n|\n|t:|1700396775\n|move|p2a: buggy|Dual Wingbeat|p1a: Koraidon\n|-supereffective|p1a: Koraidon\n|-damage|p1a: Koraidon|0 fnt\n|faint|p1a: Koraidon\n|-hitcount|p1: Koraidon|1\n|\n|-weather|SunnyDay|[upkeep]\n|upkeep\n|\n|t:|1700396785\n|switch|p1a: Koraidon|Koraidon|100\/100\n|-activate|p1a: Koraidon|ability: Orichalcum Pulse\n|turn|5\n|\n|t:|1700396790\n|move|p2a: buggy|Dual Wingbeat|p1a: Koraidon\n|-supereffective|p1a: Koraidon\n|-damage|p1a: Koraidon|3\/100\n|-supereffective|p1a: Koraidon\n|-damage|p1a: Koraidon|0 fnt\n|faint|p1a: Koraidon\n|-hitcount|p1: Koraidon|2\n|\n|-weather|SunnyDay|[upkeep]\n|-fieldend|move: Electric Terrain\n|upkeep\n|\n|t:|1700396798\n|switch|p1a: Koraidon|Koraidon|100\/100\n|-activate|p1a: Koraidon|ability: Orichalcum Pulse\n|turn|6\n|\n|t:|1700396804\n|move|p2a: buggy|Dual Wingbeat|p1a: Koraidon\n|-supereffective|p1a: Koraidon\n|-damage|p1a: Koraidon|0 fnt\n|faint|p1a: Koraidon\n|-hitcount|p1: Koraidon|1\n|\n|-weather|SunnyDay|[upkeep]\n|upkeep\n|\n|t:|1700396810\n|switch|p1a: Miraidon|Miraidon|100\/100\n|-fieldstart|move: Electric Terrain|[from] ability: Hadron Engine|[of] p1a: Miraidon\n|turn|7\n|\n|t:|1700396815\n|move|p2a: buggy|Tera Blast|p1a: Miraidon|[anim] Tera Blast Ground\n|-supereffective|p1a: Miraidon\n|-damage|p1a: Miraidon|0 fnt\n|faint|p1a: Miraidon\n|\n|-weather|SunnyDay|[upkeep]\n|upkeep\n|\n|t:|1700396821\n|switch|p1a: Miraidon|Miraidon|100\/100\n|-activate|p1a: Miraidon|ability: Hadron Engine\n|turn|8\n|\n|t:|1700396825\n|move|p2a: buggy|Tera Blast|p1a: Miraidon|[anim] Tera Blast Ground\n|-supereffective|p1a: Miraidon\n|-damage|p1a: Miraidon|0 fnt\n|faint|p1a: Miraidon\n|\n|win|LostParrot\n|raw|Philippinesuser's rating: 1094 &rarr; <strong>1066<\/strong><br \/>(-28 for losing)\n|raw|LostParrot's rating: 1039 &rarr; <strong>1079<\/strong><br \/>(+40 for winning)\n|c|\u2606LostParrot|gg?\n","uploadtime":1700396832,"views":2,"p1id":"philippinesuser","p2id":"lostparrot","formatid":"gen9anythinggoes","rating":1066,"private":0,"password":""}