{"id":"gen9anythinggoes-1973824853","p1":"YouAreRubbish","p2":"JustinAndChris","format":"[Gen 9] Anything Goes","log":"|j|\u2606YouAreRubbish\n|j|\u2606JustinAndChris\n|t:|1698017559\n|gametype|singles\n|player|p1|YouAreRubbish|veteran|1043\n|player|p2|JustinAndChris|101|1078\n|teamsize|p1|6\n|teamsize|p2|6\n|gen|9\n|tier|[Gen 9] Anything Goes\n|rated|\n|rule|HP Percentage Mod: HP is shown in percentages\n|rule|Endless Battle Clause: Forcing endless battles is banned\n|clearpoke\n|poke|p1|Drifloon, M|\n|poke|p1|Electrode|\n|poke|p1|Golem-Alola, F|\n|poke|p1|Tyranitar, M|\n|poke|p1|Houndstone, M|\n|poke|p1|Kingambit, F|\n|poke|p2|Voltorb|\n|poke|p2|Pineco, M|\n|poke|p2|Geodude, F|\n|poke|p2|Voltorb-Hisui|\n|poke|p2|Magnemite|\n|poke|p2|Kingambit, M|\n|teampreview\n|\n|t:|1698017570\n|start\n|switch|p1a: Fodder|Drifloon, M, shiny|100\/100\n|switch|p2a: Voltorb|Voltorb|100\/100\n|turn|1\n|\n|t:|1698017583\n|move|p1a: Fodder|Explosion|p2a: Voltorb\n|-enditem|p2a: Voltorb|Focus Sash\n|-damage|p2a: Voltorb|1\/100\n|faint|p1a: Fodder\n|move|p2a: Voltorb|Explosion|p1: Fodder|[notarget]\n|-fail|p2a: Voltorb\n|faint|p2a: Voltorb\n|\n|upkeep\n|\n|t:|1698017592\n|switch|p1a: Electchode|Electrode, shiny|100\/100\n|switch|p2a: Pineco|Pineco, M|100\/100\n|turn|2\n|c|\u2606YouAreRubbish|A fellow man of culture\n|c|\u2606JustinAndChris|yes\n|\n|t:|1698017620\n|move|p1a: Electchode|Explosion|p2a: Pineco\n|-damage|p2a: Pineco|9\/100\n|faint|p1a: Electchode\n|move|p2a: Pineco|Explosion|p1: Electchode|[notarget]\n|-fail|p2a: Pineco\n|faint|p2a: Pineco\n|\n|upkeep\n|\n|t:|1698017627\n|switch|p1a: Moustacio|Golem-Alola, F, shiny|100\/100\n|switch|p2a: Geodude|Geodude, F|100\/100\n|turn|3\n|\n|t:|1698017645\n|move|p1a: Moustacio|Explosion|p2a: Geodude\n|-resisted|p2a: Geodude\n|-damage|p2a: Geodude|27\/100\n|faint|p1a: Moustacio\n|move|p2a: Geodude|Explosion|p1: Moustacio|[notarget]\n|-fail|p2a: Geodude\n|faint|p2a: Geodude\n|\n|upkeep\n|\n|t:|1698017653\n|switch|p1a: The Sandman|Tyranitar, M, shiny|100\/100\n|switch|p2a: Voltorb|Voltorb-Hisui|100\/100\n|-weather|Sandstorm|[from] ability: Sand Stream|[of] p1a: The Sandman\n|turn|4\n|\n|t:|1698017660\n|move|p2a: Voltorb|Explosion|p1a: The Sandman\n|-resisted|p1a: The Sandman\n|-damage|p1a: The Sandman|84\/100\n|faint|p2a: Voltorb\n|move|p1a: The Sandman|Earthquake|p2: Voltorb|[notarget]\n|-fail|p1a: The Sandman\n|\n|-weather|Sandstorm|[upkeep]\n|upkeep\n|\n|t:|1698017668\n|switch|p2a: Magnemite|Magnemite|100\/100\n|turn|5\n|\n|t:|1698017673\n|move|p1a: The Sandman|Earthquake|p2a: Magnemite\n|-supereffective|p2a: Magnemite\n|-ability|p2a: Magnemite|Sturdy\n|-damage|p2a: Magnemite|1\/100\n|move|p2a: Magnemite|Explosion|p1a: The Sandman\n|-resisted|p1a: The Sandman\n|-damage|p1a: The Sandman|69\/100\n|faint|p2a: Magnemite\n|\n|-weather|Sandstorm|[upkeep]\n|upkeep\n|\n|t:|1698017682\n|switch|p2a: Kingambit|Kingambit, M|100\/100\n|-activate|p2a: Kingambit|ability: Supreme Overlord\n|-start|p2a: Kingambit|fallen5|[silent]\n|turn|6\n|\n|t:|1698017687\n|move|p2a: Kingambit|Sucker Punch|p1a: The Sandman\n|-resisted|p1a: The Sandman\n|-damage|p1a: The Sandman|45\/100\n|move|p1a: The Sandman|Earthquake|p2a: Kingambit\n|-supereffective|p2a: Kingambit\n|-damage|p2a: Kingambit|4\/100\n|\n|-weather|Sandstorm|[upkeep]\n|upkeep\n|turn|7\n|\n|t:|1698017695\n|move|p2a: Kingambit|Sucker Punch|p1a: The Sandman\n|-resisted|p1a: The Sandman\n|-damage|p1a: The Sandman|21\/100\n|move|p1a: The Sandman|Earthquake|p2a: Kingambit\n|-supereffective|p2a: Kingambit\n|-damage|p2a: Kingambit|0 fnt\n|faint|p2a: Kingambit\n|-end|p2a: Kingambit|fallen5|[silent]\n|\n|win|YouAreRubbish\n|raw|YouAreRubbish's rating: 1043 &rarr; <strong>1080<\/strong><br \/>(+37 for winning)\n|raw|JustinAndChris's rating: 1078 &rarr; <strong>1054<\/strong><br \/>(-24 for losing)\n|c|\u2606JustinAndChris|gg\n","uploadtime":1698017707,"views":15,"p1id":"youarerubbish","p2id":"justinandchris","formatid":"gen9anythinggoes","rating":1054,"private":0,"password":""}