{"id":"gen9anythinggoes-1976487813","p1":"Su5","p2":"Einzbern640","format":"[Gen 9] Anything Goes","log":"|j|\u2606Su5\n|j|\u2606Einzbern640\n|t:|1698311593\n|gametype|singles\n|player|p1|Su5|lance|1121\n|player|p2|Einzbern640|waiter|1046\n|teamsize|p1|6\n|teamsize|p2|6\n|gen|9\n|tier|[Gen 9] Anything Goes\n|rated|\n|rule|HP Percentage Mod: HP is shown in percentages\n|rule|Endless Battle Clause: Forcing endless battles is banned\n|clearpoke\n|poke|p1|Pincurchin, M|\n|poke|p1|Dudunsparce-*, F|\n|poke|p1|Glimmora, M|\n|poke|p1|Sneasler, M|\n|poke|p1|Cyclizar, M|\n|poke|p1|Shellos-East, F|\n|poke|p2|Empoleon, F|\n|poke|p2|Empoleon, M|\n|poke|p2|Empoleon, M|\n|poke|p2|Empoleon, M|\n|poke|p2|Empoleon, F|\n|poke|p2|Empoleon, F|\n|teampreview\n|inactive|Battle timer is ON: inactive players will automatically lose when time's up. (requested by Su5)\n|\n|t:|1698311600\n|start\n|switch|p1a: Pincurchin|Pincurchin, M|100\/100\n|switch|p2a: Poseidon|Empoleon, M|100\/100\n|-fieldstart|move: Electric Terrain|[from] ability: Electric Surge|[of] p1a: Pincurchin\n|turn|1\n|\n|t:|1698311619\n|move|p2a: Poseidon|Rain Dance|p2a: Poseidon\n|-weather|RainDance\n|move|p1a: Pincurchin|Thunder Wave|p2a: Poseidon\n|-status|p2a: Poseidon|par\n|\n|-weather|RainDance|[upkeep]\n|upkeep\n|turn|2\n|\n|t:|1698311628\n|move|p2a: Poseidon|Surf|p1a: Pincurchin\n|-damage|p1a: Pincurchin|36\/100\n|move|p1a: Pincurchin|Spikes|p2a: Poseidon\n|-sidestart|p2: Einzbern640|Spikes\n|\n|-weather|RainDance|[upkeep]\n|upkeep\n|turn|3\n|\n|t:|1698311635\n|switch|p1a: Glimmora|Glimmora, M|100\/100\n|move|p2a: Poseidon|Surf|p1a: Glimmora\n|-supereffective|p1a: Glimmora\n|-enditem|p1a: Glimmora|Focus Sash\n|-damage|p1a: Glimmora|1\/100\n|\n|-weather|RainDance|[upkeep]\n|upkeep\n|turn|4\n|\n|t:|1698311659\n|switch|p2a: Tuxedo|Empoleon, F|100\/100\n|-item|p2a: Tuxedo|Air Balloon\n|move|p1a: Glimmora|Stealth Rock|p2a: Tuxedo\n|-sidestart|p2: Einzbern640|move: Stealth Rock\n|\n|-weather|RainDance|[upkeep]\n|upkeep\n|turn|5\n|\n|t:|1698311664\n|move|p2a: Tuxedo|Aqua Jet|p1a: Glimmora\n|-supereffective|p1a: Glimmora\n|-damage|p1a: Glimmora|0 fnt\n|-activate|p1a: Glimmora|ability: Toxic Debris\n|-sidestart|p2: Einzbern640|move: Toxic Spikes\n|faint|p1a: Glimmora\n|\n|-weather|RainDance|[upkeep]\n|upkeep\n|\n|t:|1698311670\n|switch|p1a: Cyclizar|Cyclizar, M|100\/100\n|turn|6\n|\n|t:|1698311681\n|move|p1a: Cyclizar|Shed Tail|p1a: Cyclizar\n|-start|p1a: Cyclizar|Substitute|[from] move: Shed Tail\n|-damage|p1a: Cyclizar|50\/100\n|\n|t:|1698311683\n|switch|p1a: Sneasler|Sneasler, M|100\/100|[from] Shed Tail\n|-enditem|p1a: Sneasler|Electric Seed\n|-boost|p1a: Sneasler|def|1|[from] item: Electric Seed\n|move|p2a: Tuxedo|Roar|p1a: Sneasler\n|drag|p1a: Cyclizar|Cyclizar, M|84\/100\n|\n|-weather|RainDance|[upkeep]\n|upkeep\n|turn|7\n|\n|t:|1698311696\n|move|p1a: Cyclizar|Wild Charge|p2a: Tuxedo\n|-supereffective|p2a: Tuxedo\n|-damage|p2a: Tuxedo|64\/100\n|-enditem|p2a: Tuxedo|Air Balloon\n|-damage|p1a: Cyclizar|74\/100|[from] Recoil\n|move|p2a: Tuxedo|Stealth Rock|p1a: Cyclizar\n|-sidestart|p1: Su5|move: Stealth Rock\n|\n|-weather|RainDance|[upkeep]\n|upkeep\n|turn|8\n|\n|t:|1698311702\n|move|p1a: Cyclizar|Wild Charge|p2a: Tuxedo\n|-supereffective|p2a: Tuxedo\n|-damage|p2a: Tuxedo|29\/100\n|-damage|p1a: Cyclizar|64\/100|[from] Recoil\n|move|p2a: Tuxedo|Roar|p1a: Cyclizar\n|drag|p1a: Shellos|Shellos-East, F|100\/100\n|-damage|p1a: Shellos|88\/100|[from] Stealth Rock\n|\n|-weather|none\n|-fieldend|move: Electric Terrain\n|upkeep\n|turn|9\n|\n|t:|1698311708\n|switch|p2a: Poseidon|Empoleon, M|100\/100 par\n|-damage|p2a: Poseidon|88\/100 par|[from] Spikes\n|-damage|p2a: Poseidon|82\/100 par|[from] Stealth Rock\n|move|p1a: Shellos|Memento|p2a: Poseidon\n|-unboost|p2a: Poseidon|atk|2\n|-unboost|p2a: Poseidon|spa|2\n|faint|p1a: Shellos\n|\n|upkeep\n|\n|t:|1698311711\n|switch|p1a: Pincurchin|Pincurchin, M|36\/100\n|-damage|p1a: Pincurchin|24\/100|[from] Stealth Rock\n|-fieldstart|move: Electric Terrain|[from] ability: Electric Surge|[of] p1a: Pincurchin\n|turn|10\n|\n|t:|1698311718\n|switch|p1a: Dudunsparce|Dudunsparce-Three-Segment, F|100\/100\n|-damage|p1a: Dudunsparce|88\/100|[from] Stealth Rock\n|-enditem|p1a: Dudunsparce|Electric Seed\n|-boost|p1a: Dudunsparce|def|1|[from] item: Electric Seed\n|cant|p2a: Poseidon|par\n|\n|upkeep\n|turn|11\n|\n|t:|1698311723\n|move|p1a: Dudunsparce|Calm Mind|p1a: Dudunsparce\n|-boost|p1a: Dudunsparce|spa|1\n|-boost|p1a: Dudunsparce|spd|1\n|move|p2a: Poseidon|Rain Dance|p2a: Poseidon\n|-weather|RainDance\n|\n|-weather|RainDance|[upkeep]\n|upkeep\n|turn|12\n|\n|t:|1698311737\n|move|p1a: Dudunsparce|Calm Mind|p1a: Dudunsparce\n|-boost|p1a: Dudunsparce|spa|1\n|-boost|p1a: Dudunsparce|spd|1\n|move|p2a: Poseidon|Haze|p2a: Poseidon\n|-clearallboost\n|\n|-weather|RainDance|[upkeep]\n|upkeep\n|turn|13\n|-message|Su5 forfeited.\n|\n|win|Einzbern640\n|raw|Su5's rating: 1121 &rarr; <strong>1091<\/strong><br \/>(-30 for losing)\n|raw|Einzbern640's rating: 1046 &rarr; <strong>1086<\/strong><br \/>(+40 for winning)\n|l|\u2606Su5\n","uploadtime":1698311749,"views":10,"p1id":"su5","p2id":"einzbern640","formatid":"gen9anythinggoes","rating":1086,"private":0,"password":""}