{"id":"gen9anythinggoes-1979830973","p1":"kaleb512","p2":"chiisakunaru0o00o","format":"[Gen 9] Anything Goes","log":"|j|\u2606kaleb512\n|j|\u2606chiisakunaru0o00o\n|t:|1698717764\n|gametype|singles\n|player|p1|kaleb512|101|1068\n|player|p2|chiisakunaru0o00o|bugcatcher-gen4dp|1040\n|teamsize|p1|6\n|teamsize|p2|6\n|gen|9\n|tier|[Gen 9] Anything Goes\n|rated|\n|rule|HP Percentage Mod: HP is shown in percentages\n|rule|Endless Battle Clause: Forcing endless battles is banned\n|clearpoke\n|poke|p1|Polteageist-Antique|\n|poke|p1|Drifblim, M|\n|poke|p1|Dunsparce, M|\n|poke|p1|Jirachi|\n|poke|p1|Cyclizar, F|\n|poke|p1|Medicham, F|\n|poke|p2|Luxray, M|\n|poke|p2|Mewtwo|\n|poke|p2|Palkia-Origin|\n|poke|p2|Arceus|\n|poke|p2|Jirachi|\n|poke|p2|Dialga|\n|teampreview\n|\n|t:|1698717773\n|start\n|switch|p1a: Cyclizar|Cyclizar, F|100\/100\n|switch|p2a: Palkia|Palkia-Origin|100\/100\n|-ability|p2a: Palkia|Pressure\n|turn|1\n|c|\u2606kaleb512|Legand spam\n|\n|t:|1698717782\n|move|p1a: Cyclizar|Shed Tail|p1a: Cyclizar\n|-start|p1a: Cyclizar|Substitute|[from] move: Shed Tail\n|-damage|p1a: Cyclizar|50\/100\n|\n|t:|1698717784\n|switch|p1a: Drifblim|Drifblim, M|100\/100|[from] Shed Tail\n|move|p2a: Palkia|Draco Meteor|p1a: Drifblim\n|-end|p1a: Drifblim|Substitute\n|-unboost|p2a: Palkia|spa|2\n|\n|upkeep\n|turn|2\n|\n|t:|1698717794\n|move|p2a: Palkia|Flamethrower|p1a: Drifblim\n|-damage|p1a: Drifblim|88\/100\n|move|p1a: Drifblim|Minimize|p1a: Drifblim\n|-boost|p1a: Drifblim|evasion|2\n|\n|-heal|p1a: Drifblim|94\/100|[from] item: Leftovers\n|upkeep\n|turn|3\n|\n|t:|1698717803\n|move|p2a: Palkia|Aqua Tail|p1a: Drifblim\n|-damage|p1a: Drifblim|52\/100\n|move|p1a: Drifblim|Minimize|p1a: Drifblim\n|-boost|p1a: Drifblim|evasion|2\n|\n|-heal|p1a: Drifblim|58\/100|[from] item: Leftovers\n|upkeep\n|turn|4\n|\n|t:|1698717814\n|move|p2a: Palkia|Draco Meteor|p1a: Drifblim|[miss]\n|-miss|p2a: Palkia|p1a: Drifblim\n|move|p1a: Drifblim|Substitute|p1a: Drifblim\n|-start|p1a: Drifblim|Substitute\n|-damage|p1a: Drifblim|33\/100\n|\n|-heal|p1a: Drifblim|39\/100|[from] item: Leftovers\n|upkeep\n|turn|5\n|\n|t:|1698717823\n|move|p2a: Palkia|Flamethrower|p1a: Drifblim|[miss]\n|-miss|p2a: Palkia|p1a: Drifblim\n|move|p1a: Drifblim|Minimize|p1a: Drifblim\n|-boost|p1a: Drifblim|evasion|2\n|\n|-heal|p1a: Drifblim|46\/100|[from] item: Leftovers\n|upkeep\n|turn|6\n|\n|t:|1698717833\n|-terastallize|p2a: Palkia|Water\n|move|p2a: Palkia|Aqua Tail|p1a: Drifblim\n|-end|p1a: Drifblim|Substitute\n|move|p1a: Drifblim|Focus Energy|p1a: Drifblim\n|-start|p1a: Drifblim|move: Focus Energy\n|\n|-heal|p1a: Drifblim|52\/100|[from] item: Leftovers\n|upkeep\n|turn|7\n|\n|t:|1698717844\n|move|p2a: Palkia|Body Slam|p1a: Drifblim\n|-immune|p1a: Drifblim\n|move|p1a: Drifblim|Minimize|p1a: Drifblim\n|-boost|p1a: Drifblim|evasion|0\n|\n|-heal|p1a: Drifblim|58\/100|[from] item: Leftovers\n|upkeep\n|turn|8\n|\n|t:|1698717853\n|move|p2a: Palkia|Draco Meteor|p1a: Drifblim|[miss]\n|-miss|p2a: Palkia|p1a: Drifblim\n|move|p1a: Drifblim|Substitute|p1a: Drifblim\n|-start|p1a: Drifblim|Substitute\n|-damage|p1a: Drifblim|33\/100\n|\n|-heal|p1a: Drifblim|39\/100|[from] item: Leftovers\n|upkeep\n|turn|9\n|\n|t:|1698717891\n|move|p2a: Palkia|Flamethrower|p1a: Drifblim|[miss]\n|-miss|p2a: Palkia|p1a: Drifblim\n|move|p1a: Drifblim|Baton Pass|p1a: Drifblim\n|\n|t:|1698717897\n|switch|p1a: Jirachi|Jirachi|100\/100|[from] Baton Pass\n|\n|upkeep\n|turn|10\n|\n|t:|1698717910\n|move|p2a: Palkia|Draco Meteor|p1a: Jirachi|[miss]\n|-miss|p2a: Palkia|p1a: Jirachi\n|move|p1a: Jirachi|Cosmic Power|p1a: Jirachi\n|-boost|p1a: Jirachi|def|1\n|-boost|p1a: Jirachi|spd|1\n|\n|upkeep\n|turn|11\n|\n|t:|1698717922\n|move|p2a: Palkia|Aqua Tail|p1a: Jirachi|[miss]\n|-miss|p2a: Palkia|p1a: Jirachi\n|move|p1a: Jirachi|Cosmic Power|p1a: Jirachi\n|-boost|p1a: Jirachi|def|1\n|-boost|p1a: Jirachi|spd|1\n|\n|upkeep\n|turn|12\n|\n|t:|1698717935\n|move|p2a: Palkia|Body Slam|p1a: Jirachi\n|-resisted|p1a: Jirachi\n|-activate|p1a: Jirachi|move: Substitute|[damage]\n|move|p1a: Jirachi|Cosmic Power|p1a: Jirachi\n|-boost|p1a: Jirachi|def|1\n|-boost|p1a: Jirachi|spd|1\n|\n|upkeep\n|turn|13\n|\n|t:|1698717943\n|move|p2a: Palkia|Flamethrower|p1a: Jirachi\n|-supereffective|p1a: Jirachi\n|-activate|p1a: Jirachi|move: Substitute|[damage]\n|move|p1a: Jirachi|Cosmic Power|p1a: Jirachi\n|-boost|p1a: Jirachi|def|1\n|-boost|p1a: Jirachi|spd|1\n|\n|upkeep\n|turn|14\n|\n|t:|1698717957\n|move|p2a: Palkia|Draco Meteor|p1a: Jirachi|[miss]\n|-miss|p2a: Palkia|p1a: Jirachi\n|move|p1a: Jirachi|Cosmic Power|p1a: Jirachi\n|-boost|p1a: Jirachi|def|1\n|-boost|p1a: Jirachi|spd|1\n|\n|upkeep\n|turn|15\n|\n|t:|1698717971\n|switch|p2a: Arceus|Arceus|100\/100\n|move|p1a: Jirachi|Cosmic Power|p1a: Jirachi\n|-boost|p1a: Jirachi|def|1\n|-boost|p1a: Jirachi|spd|1\n|\n|upkeep\n|turn|16\n|\n|t:|1698717988\n|move|p2a: Arceus|Seismic Toss|p1a: Jirachi|[miss]\n|-miss|p2a: Arceus|p1a: Jirachi\n|move|p1a: Jirachi|Baton Pass|p1a: Jirachi\n|\n|t:|1698717994\n|switch|p1a: Medicham|Medicham, F|100\/100|[from] Baton Pass\n|\n|upkeep\n|turn|17\n|inactive|Battle timer is ON: inactive players will automatically lose when time's up. (requested by chiisakunaru0o00o)\n|\n|t:|1698718035\n|move|p2a: Arceus|Dazzling Gleam|p1a: Medicham|[miss]\n|-miss|p2a: Arceus|p1a: Medicham\n|move|p1a: Medicham|Acupressure|p1a: Medicham\n|-boost|p1a: Medicham|atk|2\n|\n|upkeep\n|turn|18\n|inactiveoff|Battle timer is now OFF.\n|\n|t:|1698718044\n|move|p2a: Arceus|Seismic Toss|p1a: Medicham|[miss]\n|-miss|p2a: Arceus|p1a: Medicham\n|move|p1a: Medicham|Acupressure|p1a: Medicham\n|-boost|p1a: Medicham|spa|2\n|\n|upkeep\n|turn|19\n|\n|t:|1698718050\n|move|p2a: Arceus|Draco Meteor|p1a: Medicham|[miss]\n|-miss|p2a: Arceus|p1a: Medicham\n|move|p1a: Medicham|Acupressure|p1a: Medicham\n|-boost|p1a: Medicham|accuracy|2\n|\n|upkeep\n|turn|20\n|\n|t:|1698718078\n|move|p2a: Arceus|Dark Pulse|p1a: Medicham|[miss]\n|-miss|p2a: Arceus|p1a: Medicham\n|move|p1a: Medicham|Acupressure|p1a: Medicham\n|-boost|p1a: Medicham|spe|2\n|\n|upkeep\n|turn|21\n|\n|t:|1698718087\n|move|p1a: Medicham|Acupressure|p1a: Medicham\n|-boost|p1a: Medicham|spa|2\n|move|p2a: Arceus|Dazzling Gleam|p1a: Medicham\n|-supereffective|p1a: Medicham\n|-activate|p1a: Medicham|move: Substitute|[damage]\n|\n|upkeep\n|turn|22\n|\n|t:|1698718112\n|move|p1a: Medicham|Acupressure|p1a: Medicham\n|-boost|p1a: Medicham|atk|2\n|move|p2a: Arceus|Dazzling Gleam|p1a: Medicham\n|-supereffective|p1a: Medicham\n|-end|p1a: Medicham|Substitute\n|\n|upkeep\n|turn|23\n|\n|t:|1698718120\n|move|p1a: Medicham|Acupressure|p1a: Medicham\n|-boost|p1a: Medicham|atk|2\n|move|p2a: Arceus|Dazzling Gleam|p1a: Medicham|[miss]\n|-miss|p2a: Arceus|p1a: Medicham\n|\n|upkeep\n|turn|24\n|\n|t:|1698718126\n|move|p1a: Medicham|Acupressure|p1a: Medicham\n|-boost|p1a: Medicham|spe|2\n|move|p2a: Arceus|Draco Meteor|p1a: Medicham|[miss]\n|-miss|p2a: Arceus|p1a: Medicham\n|\n|upkeep\n|turn|25\n|\n|t:|1698718133\n|move|p1a: Medicham|Acupressure|p1a: Medicham\n|-boost|p1a: Medicham|accuracy|2\n|move|p2a: Arceus|Dark Pulse|p1a: Medicham|[miss]\n|-miss|p2a: Arceus|p1a: Medicham\n|\n|upkeep\n|turn|26\n|\n|t:|1698718142\n|move|p1a: Medicham|Acupressure|p1a: Medicham\n|-boost|p1a: Medicham|accuracy|2\n|move|p2a: Arceus|Dazzling Gleam|p1a: Medicham\n|-supereffective|p1a: Medicham\n|-damage|p1a: Medicham|86\/100\n|\n|upkeep\n|turn|27\n|\n|t:|1698718148\n|move|p1a: Medicham|Acupressure|p1a: Medicham\n|-boost|p1a: Medicham|spa|2\n|move|p2a: Arceus|Seismic Toss|p1a: Medicham|[miss]\n|-miss|p2a: Arceus|p1a: Medicham\n|\n|upkeep\n|turn|28\n|\n|t:|1698718156\n|move|p1a: Medicham|Acupressure|p1a: Medicham\n|-boost|p1a: Medicham|spe|2\n|move|p2a: Arceus|Dazzling Gleam|p1a: Medicham|[miss]\n|-miss|p2a: Arceus|p1a: Medicham\n|\n|upkeep\n|turn|29\n|\n|t:|1698718174\n|move|p1a: Medicham|Substitute|p1a: Medicham\n|-start|p1a: Medicham|Substitute\n|-damage|p1a: Medicham|61\/100\n|move|p2a: Arceus|Dazzling Gleam|p1a: Medicham|[miss]\n|-miss|p2a: Arceus|p1a: Medicham\n|\n|upkeep\n|turn|30\n|\n|t:|1698718181\n|move|p1a: Medicham|Acupressure||[still]\n|-fail|p1a: Medicham\n|move|p2a: Arceus|Draco Meteor|p1a: Medicham|[miss]\n|-miss|p2a: Arceus|p1a: Medicham\n|\n|upkeep\n|turn|31\n|\n|t:|1698718186\n|move|p1a: Medicham|Baton Pass|p1a: Medicham\n|\n|t:|1698718195\n|switch|p1a: Dunsparce|Dunsparce, M|100\/100|[from] Baton Pass\n|move|p2a: Arceus|Dazzling Gleam|p1a: Dunsparce\n|-activate|p1a: Dunsparce|move: Substitute|[damage]\n|\n|upkeep\n|turn|32\n|\n|t:|1698718204\n|move|p1a: Dunsparce|Hyper Drill|p2a: Arceus\n|-crit|p2a: Arceus\n|-damage|p2a: Arceus|0 fnt\n|faint|p2a: Arceus\n|\n|upkeep\n|\n|t:|1698718210\n|switch|p2a: Palkia|Palkia-Origin, tera:Water|100\/100\n|-ability|p2a: Palkia|Pressure\n|turn|33\n|\n|t:|1698718219\n|move|p1a: Dunsparce|Hyper Drill|p2a: Palkia\n|-crit|p2a: Palkia\n|-damage|p2a: Palkia|0 fnt\n|faint|p2a: Palkia\n|\n|upkeep\n|\n|t:|1698718225\n|switch|p2a: Dialga|Dialga|100\/100\n|-ability|p2a: Dialga|Pressure\n|turn|34\n|\n|t:|1698718235\n|move|p1a: Dunsparce|Earthquake|p2a: Dialga\n|-supereffective|p2a: Dialga\n|-crit|p2a: Dialga\n|-damage|p2a: Dialga|0 fnt\n|faint|p2a: Dialga\n|\n|upkeep\n|\n|t:|1698718247\n|switch|p2a: Jirachi|Jirachi|100\/100\n|turn|35\n|\n|t:|1698718252\n|move|p1a: Dunsparce|Earthquake|p2a: Jirachi\n|-supereffective|p2a: Jirachi\n|-damage|p2a: Jirachi|0 fnt\n|faint|p2a: Jirachi\n|\n|upkeep\n|\n|t:|1698718262\n|switch|p2a: Mewtwo|Mewtwo|100\/100\n|-ability|p2a: Mewtwo|Pressure\n|turn|36\n|\n|t:|1698718271\n|move|p1a: Dunsparce|Hyper Drill|p2a: Mewtwo\n|-damage|p2a: Mewtwo|0 fnt\n|faint|p2a: Mewtwo\n|\n|upkeep\n|\n|t:|1698718287\n|switch|p2a: Luxray|Luxray, M|100\/100\n|turn|37\n|\n|t:|1698718294\n|move|p1a: Dunsparce|Hyper Drill|p2a: Luxray\n|-crit|p2a: Luxray\n|-damage|p2a: Luxray|0 fnt\n|faint|p2a: Luxray\n|\n|win|kaleb512\n|raw|kaleb512's rating: 1068 &rarr; <strong>1095<\/strong><br \/>(+27 for winning)\n|raw|chiisakunaru0o00o's rating: 1040 &rarr; <strong>1025<\/strong><br \/>(-15 for losing)\n|l|\u2606chiisakunaru0o00o\n","uploadtime":1698718554,"views":11,"p1id":"kaleb512","p2id":"chiisakunaru0o00o","formatid":"gen9anythinggoes","rating":1025,"private":0,"password":""}