{"id":"gen9anythinggoes-1984291588","p1":"Tricerophocles","p2":"Penny4YourThoughts","format":"[Gen 9] Anything Goes","log":"|j|\u2606Tricerophocles\n|j|\u2606Penny4YourThoughts\n|t:|1699239754\n|gametype|singles\n|player|p1|Tricerophocles|guitarist-gen4|\n|player|p2|Penny4YourThoughts|katy|\n|teamsize|p1|6\n|teamsize|p2|6\n|gen|9\n|tier|[Gen 9] Anything Goes\n|rule|HP Percentage Mod: HP is shown in percentages\n|rule|Endless Battle Clause: Forcing endless battles is banned\n|clearpoke\n|poke|p1|Clodsire, F|\n|poke|p1|Sneasler, F|\n|poke|p1|Arcanine-Hisui, M|\n|poke|p1|Goodra-Hisui, M|\n|poke|p1|Ursaluna, F|\n|poke|p1|Braviary-Hisui, M|\n|poke|p2|Zacian-*|\n|poke|p2|Flutter Mane|\n|poke|p2|Azumarill, M|\n|poke|p2|Ribombee, M|\n|poke|p2|Klefki, F|\n|poke|p2|Hatterene, F|\n|teampreview\n|\n|t:|1699239799\n|start\n|switch|p1a: Ursaluna|Ursaluna, F|100\/100\n|switch|p2a: Puck|Ribombee, M, shiny|100\/100\n|turn|1\n|\n|t:|1699239810\n|move|p2a: Puck|Sticky Web|p1a: Ursaluna\n|-sidestart|p1: Tricerophocles|move: Sticky Web\n|move|p1a: Ursaluna|Facade|p2a: Puck\n|-damage|p2a: Puck|15\/100\n|\n|-status|p1a: Ursaluna|brn|[from] item: Flame Orb\n|upkeep\n|turn|2\n|\n|t:|1699239819\n|move|p2a: Puck|Bug Buzz|p1a: Ursaluna\n|-damage|p1a: Ursaluna|69\/100 brn\n|-unboost|p1a: Ursaluna|spd|1\n|move|p1a: Ursaluna|Earthquake|p2a: Puck\n|-resisted|p2a: Puck\n|-damage|p2a: Puck|0 fnt\n|faint|p2a: Puck\n|\n|-damage|p1a: Ursaluna|63\/100 brn|[from] brn\n|upkeep\n|\n|t:|1699239835\n|switch|p2a: Psychopomp|Flutter Mane, shiny|100\/100\n|turn|3\n|\n|t:|1699239839\n|switch|p1a: Goodra|Goodra-Hisui, M|100\/100\n|-activate|p1a: Goodra|move: Sticky Web\n|-unboost|p1a: Goodra|spe|1\n|move|p2a: Psychopomp|Moonblast|p1a: Goodra\n|-damage|p1a: Goodra|61\/100\n|-unboost|p1a: Goodra|spa|1\n|\n|upkeep\n|turn|4\n|\n|t:|1699239859\n|-end|p2a: Psychopomp|Protosynthesis|[silent]\n|switch|p2a: Paracelsus|Klefki, F, shiny|100\/100\n|move|p1a: Goodra|Steel Beam|p2a: Paracelsus\n|-damage|p2a: Paracelsus|46\/100\n|-damage|p1a: Goodra|11\/100|[from] steelbeam\n|\n|upkeep\n|turn|5\n|\n|t:|1699239867\n|move|p2a: Paracelsus|Light Screen|p2a: Paracelsus\n|-sidestart|p2: Penny4YourThoughts|move: Light Screen\n|move|p1a: Goodra|Fire Blast|p2a: Paracelsus\n|-supereffective|p2a: Paracelsus\n|-damage|p2a: Paracelsus|16\/100\n|-status|p2a: Paracelsus|brn\n|\n|-damage|p2a: Paracelsus|10\/100 brn|[from] brn\n|upkeep\n|turn|6\n|\n|t:|1699239877\n|move|p2a: Paracelsus|Reflect|p2a: Paracelsus\n|-sidestart|p2: Penny4YourThoughts|Reflect\n|move|p1a: Goodra|Flash Cannon|p2a: Paracelsus\n|-damage|p2a: Paracelsus|0 fnt\n|faint|p2a: Paracelsus\n|\n|upkeep\n|j| Infinitepi\n|\n|t:|1699239892\n|switch|p2a: Percival|Zacian-Crowned|100\/100\n|-ability|p2a: Percival|Intrepid Sword|boost\n|-boost|p2a: Percival|atk|1\n|turn|7\n|\n|t:|1699239906\n|move|p2a: Percival|Play Rough|p1a: Goodra\n|-damage|p1a: Goodra|0 fnt\n|-ability|p1a: Goodra|Gooey\n|-unboost|p2a: Percival|spe|1\n|faint|p1a: Goodra\n|\n|upkeep\n|\n|t:|1699239931\n|switch|p1a: Clodsire|Clodsire, F|100\/100\n|-activate|p1a: Clodsire|move: Sticky Web\n|-unboost|p1a: Clodsire|spe|1\n|turn|8\n|\n|t:|1699239939\n|-terastallize|p2a: Percival|Ground\n|move|p2a: Percival|Tera Blast|p1a: Clodsire|[anim] Tera Blast Ground\n|-supereffective|p1a: Clodsire\n|-damage|p1a: Clodsire|0 fnt\n|faint|p1a: Clodsire\n|\n|upkeep\n|\n|t:|1699239950\n|switch|p1a: Braviary|Braviary-Hisui, M|100\/100\n|turn|9\n|\n|t:|1699239955\n|move|p2a: Percival|Play Rough|p1a: Braviary\n|-damage|p1a: Braviary|0 fnt\n|faint|p1a: Braviary\n|\n|upkeep\n|\n|t:|1699239960\n|switch|p1a: Sneasler|Sneasler, F|100\/100\n|-activate|p1a: Sneasler|move: Sticky Web\n|-unboost|p1a: Sneasler|spe|1\n|turn|10\n|\n|t:|1699239964\n|move|p1a: Sneasler|Fake Out|p2a: Percival\n|-enditem|p1a: Sneasler|Normal Gem|[from] gem\n|-damage|p2a: Percival|91\/100\n|cant|p2a: Percival|flinch\n|\n|upkeep\n|turn|11\n|\n|t:|1699239984\n|move|p1a: Sneasler|Dire Claw|p2a: Percival\n|-resisted|p2a: Percival\n|-damage|p2a: Percival|80\/100\n|move|p2a: Percival|Tera Blast|p1a: Sneasler|[anim] Tera Blast Ground\n|-supereffective|p1a: Sneasler\n|-damage|p1a: Sneasler|0 fnt\n|faint|p1a: Sneasler\n|\n|upkeep\n|\n|t:|1699239991\n|switch|p1a: Arcanine|Arcanine-Hisui, M|100\/100\n|-activate|p1a: Arcanine|move: Sticky Web\n|-unboost|p1a: Arcanine|spe|1\n|turn|12\n|\n|t:|1699240002\n|-terastallize|p1a: Arcanine|Psychic\n|move|p2a: Percival|Tera Blast|p1a: Arcanine|[anim] Tera Blast Ground\n|-damage|p1a: Arcanine|3\/100\n|move|p1a: Arcanine|Flare Blitz|p2a: Percival\n|-damage|p2a: Percival|40\/100\n|\n|-sideend|p2: Penny4YourThoughts|move: Light Screen\n|upkeep\n|turn|13\n|\n|t:|1699240010\n|move|p2a: Percival|Tera Blast|p1a: Arcanine|[anim] Tera Blast Ground\n|-damage|p1a: Arcanine|0 fnt\n|faint|p1a: Arcanine\n|\n|-sideend|p2: Penny4YourThoughts|Reflect\n|upkeep\n|\n|t:|1699240014\n|switch|p1a: Ursaluna|Ursaluna, F|63\/100 brn\n|-activate|p1a: Ursaluna|move: Sticky Web\n|-unboost|p1a: Ursaluna|spe|1\n|turn|14\n|\n|t:|1699240019\n|move|p2a: Percival|Close Combat|p1a: Ursaluna\n|-supereffective|p1a: Ursaluna\n|-damage|p1a: Ursaluna|0 fnt\n|-unboost|p2a: Percival|def|1\n|-unboost|p2a: Percival|spd|1\n|faint|p1a: Ursaluna\n|\n|win|Penny4YourThoughts\n","uploadtime":1699240039,"views":4,"p1id":"tricerophocles","p2id":"penny4yourthoughts","formatid":"gen9anythinggoes","rating":0,"private":0,"password":""}