{"id":"gen9anythinggoes-1973693852","p1":"WPOJ2","p2":"Lucasoduncu","format":"[Gen 9] Anything Goes","log":"|j|\u2606WPOJ2\n|j|\u2606Lucasoduncu\n|t:|1698004065\n|gametype|singles\n|player|p1|WPOJ2|rosa|1040\n|player|p2|Lucasoduncu|cameraman|1031\n|teamsize|p1|6\n|teamsize|p2|6\n|gen|9\n|tier|[Gen 9] Anything Goes\n|rated|\n|rule|HP Percentage Mod: HP is shown in percentages\n|rule|Endless Battle Clause: Forcing endless battles is banned\n|clearpoke\n|poke|p1|Delphox, M|\n|poke|p1|Raichu-Alola, M|\n|poke|p1|Iron Valiant|\n|poke|p1|Ninetales, F|\n|poke|p1|Darkrai|\n|poke|p1|Gallade, M|\n|poke|p2|Grimmsnarl, M|\n|poke|p2|Bisharp, M|\n|poke|p2|Samurott-Hisui, M|\n|poke|p2|Krookodile, F|\n|poke|p2|Vullaby, F|\n|poke|p2|Zarude|\n|teampreview\n|\n|t:|1698004069\n|start\n|switch|p1a: Delphox|Delphox, M|100\/100\n|switch|p2a: Bisharp|Bisharp, M, shiny|100\/100\n|-ability|p2a: Bisharp|Pressure\n|turn|1\n|\n|t:|1698004077\n|move|p1a: Delphox|Hypnosis|p2a: Bisharp\n|-status|p2a: Bisharp|slp|[from] move: Hypnosis\n|cant|p2a: Bisharp|slp\n|\n|upkeep\n|turn|2\n|\n|t:|1698004081\n|move|p1a: Delphox|Calm Mind|p1a: Delphox\n|-boost|p1a: Delphox|spa|1\n|-boost|p1a: Delphox|spd|1\n|cant|p2a: Bisharp|slp\n|\n|upkeep\n|turn|3\n|\n|t:|1698004083\n|move|p1a: Delphox|Calm Mind|p1a: Delphox\n|-boost|p1a: Delphox|spa|1\n|-boost|p1a: Delphox|spd|1\n|-curestatus|p2a: Bisharp|slp|[msg]\n|move|p2a: Bisharp|Torment|p1a: Delphox\n|-start|p1a: Delphox|Torment\n|\n|upkeep\n|turn|4\n|\n|t:|1698004087\n|move|p1a: Delphox|Flamethrower|p2a: Bisharp\n|-supereffective|p2a: Bisharp\n|-damage|p2a: Bisharp|0 fnt\n|faint|p2a: Bisharp\n|\n|upkeep\n|\n|t:|1698004092\n|switch|p2a: Grimmsnarl|Grimmsnarl, M, shiny|100\/100\n|turn|5\n|\n|t:|1698004099\n|move|p1a: Delphox|Hypnosis|p2a: Grimmsnarl|[miss]\n|-miss|p1a: Delphox|p2a: Grimmsnarl\n|move|p2a: Grimmsnarl|Spirit Break|p1a: Delphox\n|-resisted|p1a: Delphox\n|-damage|p1a: Delphox|84\/100\n|-unboost|p1a: Delphox|spa|1\n|\n|upkeep\n|turn|6\n|\n|t:|1698004101\n|move|p1a: Delphox|Dazzling Gleam|p2a: Grimmsnarl\n|-supereffective|p2a: Grimmsnarl\n|-damage|p2a: Grimmsnarl|54\/100\n|move|p2a: Grimmsnarl|Spirit Break|p1a: Delphox\n|-resisted|p1a: Delphox\n|-damage|p1a: Delphox|68\/100\n|-unboost|p1a: Delphox|spa|1\n|\n|-heal|p2a: Grimmsnarl|60\/100|[from] item: Leftovers\n|upkeep\n|turn|7\n|\n|t:|1698004107\n|move|p1a: Delphox|Flamethrower|p2a: Grimmsnarl\n|-damage|p2a: Grimmsnarl|34\/100\n|move|p2a: Grimmsnarl|Spirit Break|p1a: Delphox\n|-resisted|p1a: Delphox\n|-crit|p1a: Delphox\n|-damage|p1a: Delphox|42\/100\n|-unboost|p1a: Delphox|spa|1\n|\n|-heal|p2a: Grimmsnarl|40\/100|[from] item: Leftovers\n|upkeep\n|turn|8\n|\n|t:|1698004117\n|move|p1a: Delphox|Hypnosis|p2a: Grimmsnarl|[miss]\n|-miss|p1a: Delphox|p2a: Grimmsnarl\n|move|p2a: Grimmsnarl|Spirit Break|p1a: Delphox\n|-resisted|p1a: Delphox\n|-damage|p1a: Delphox|25\/100\n|-unboost|p1a: Delphox|spa|1\n|-enditem|p1a: Delphox|Iapapa Berry|[eat]\n|-heal|p1a: Delphox|59\/100|[from] item: Iapapa Berry\n|\n|-heal|p2a: Grimmsnarl|46\/100|[from] item: Leftovers\n|upkeep\n|turn|9\n|inactive|Battle timer is ON: inactive players will automatically lose when time's up. (requested by Lucasoduncu)\n|\n|t:|1698004122\n|move|p2a: Grimmsnarl|Bulk Up|p2a: Grimmsnarl\n|-boost|p2a: Grimmsnarl|atk|1\n|-boost|p2a: Grimmsnarl|def|1\n|move|p1a: Delphox|Flamethrower|p2a: Grimmsnarl\n|-damage|p2a: Grimmsnarl|32\/100\n|\n|-heal|p2a: Grimmsnarl|38\/100|[from] item: Leftovers\n|upkeep\n|turn|10\n|\n|t:|1698004129\n|move|p2a: Grimmsnarl|Sucker Punch||[still]\n|-fail|p2a: Grimmsnarl\n|move|p1a: Delphox|Hypnosis|p2a: Grimmsnarl\n|-status|p2a: Grimmsnarl|slp|[from] move: Hypnosis\n|\n|-heal|p2a: Grimmsnarl|44\/100 slp|[from] item: Leftovers\n|upkeep\n|turn|11\n|\n|t:|1698004133\n|move|p1a: Delphox|Flamethrower|p2a: Grimmsnarl\n|-crit|p2a: Grimmsnarl\n|-damage|p2a: Grimmsnarl|7\/100 slp\n|cant|p2a: Grimmsnarl|slp\n|\n|-heal|p2a: Grimmsnarl|13\/100 slp|[from] item: Leftovers\n|upkeep\n|turn|12\n|\n|t:|1698004135\n|move|p1a: Delphox|Dazzling Gleam|p2a: Grimmsnarl\n|-supereffective|p2a: Grimmsnarl\n|-damage|p2a: Grimmsnarl|0 fnt\n|faint|p2a: Grimmsnarl\n|\n|upkeep\n|\n|t:|1698004145\n|switch|p2a: Samurott|Samurott-Hisui, M, shiny|100\/100\n|turn|13\n|\n|t:|1698004153\n|switch|p1a: Raichu|Raichu-Alola, M|100\/100\n|move|p2a: Samurott|Ceaseless Edge|p1a: Raichu|[miss]\n|-miss|p2a: Samurott|p1a: Raichu\n|\n|upkeep\n|turn|14\n|\n|t:|1698004161\n|-terastallize|p2a: Samurott|Ground\n|move|p2a: Samurott|Ceaseless Edge|p1a: Raichu\n|-supereffective|p1a: Raichu\n|-damage|p1a: Raichu|0 fnt\n|-sidestart|p1: WPOJ2|Spikes\n|faint|p1a: Raichu\n|\n|upkeep\n|\n|t:|1698004169\n|switch|p1a: Darkrai|Darkrai|100\/100\n|-damage|p1a: Darkrai|88\/100|[from] Spikes\n|turn|15\n|\n|t:|1698004176\n|move|p2a: Samurott|Aqua Cutter|p1a: Darkrai\n|-damage|p1a: Darkrai|39\/100\n|move|p1a: Darkrai|Hypnosis|p2a: Samurott\n|-status|p2a: Samurott|slp|[from] move: Hypnosis\n|\n|-damage|p2a: Samurott|88\/100 slp|[from] ability: Bad Dreams|[of] p1a: Darkrai\n|upkeep\n|turn|16\n|\n|t:|1698004186\n|cant|p2a: Samurott|slp\n|move|p1a: Darkrai|Dream Eater|p2a: Samurott\n|-damage|p2a: Samurott|47\/100 slp\n|-heal|p1a: Darkrai|62\/100|[from] drain|[of] p2a: Samurott\n|\n|-damage|p2a: Samurott|35\/100 slp|[from] ability: Bad Dreams|[of] p1a: Darkrai\n|upkeep\n|turn|17\n|\n|t:|1698004195\n|cant|p2a: Samurott|slp\n|move|p1a: Darkrai|Calm Mind|p1a: Darkrai\n|-boost|p1a: Darkrai|spa|1\n|-boost|p1a: Darkrai|spd|1\n|\n|-damage|p2a: Samurott|22\/100 slp|[from] ability: Bad Dreams|[of] p1a: Darkrai\n|upkeep\n|-enditem|p2a: Samurott|Salac Berry|[eat]\n|-boost|p2a: Samurott|spe|1|[from] item: Salac Berry\n|turn|18\n|\n|t:|1698004206\n|-curestatus|p2a: Samurott|slp|[msg]\n|move|p2a: Samurott|Drill Run|p1a: Darkrai\n|-damage|p1a: Darkrai|24\/100\n|-enditem|p1a: Darkrai|Iapapa Berry|[eat]\n|-heal|p1a: Darkrai|57\/100|[from] item: Iapapa Berry\n|move|p1a: Darkrai|Dream Eater|p2a: Samurott\n|-immune|p2a: Samurott\n|\n|upkeep\n|turn|19\n|\n|t:|1698004216\n|-terastallize|p1a: Darkrai|Dark\n|move|p2a: Samurott|Aqua Cutter|p1a: Darkrai\n|-damage|p1a: Darkrai|7\/100\n|move|p1a: Darkrai|Thunder|p2a: Samurott\n|-immune|p2a: Samurott\n|\n|upkeep\n|turn|20\n|\n|t:|1698004228\n|switch|p1a: Gallade|Gallade, M|100\/100\n|-damage|p1a: Gallade|88\/100|[from] Spikes\n|move|p2a: Samurott|Ceaseless Edge|p1a: Gallade\n|-damage|p1a: Gallade|29\/100\n|-sidestart|p1: WPOJ2|Spikes\n|\n|upkeep\n|turn|21\n|\n|t:|1698004239\n|move|p2a: Samurott|Aqua Cutter|p1a: Gallade\n|-damage|p1a: Gallade|0 fnt\n|faint|p1a: Gallade\n|\n|upkeep\n|\n|t:|1698004243\n|switch|p1a: Iron Valiant|Iron Valiant|100\/100\n|-damage|p1a: Iron Valiant|84\/100|[from] Spikes\n|turn|22\n|\n|t:|1698004249\n|move|p2a: Samurott|Aqua Cutter|p1a: Iron Valiant\n|-damage|p1a: Iron Valiant|31\/100\n|move|p1a: Iron Valiant|Hypnosis|p2a: Samurott|[miss]\n|-miss|p1a: Iron Valiant|p2a: Samurott\n|\n|upkeep\n|turn|23\n|\n|t:|1698004255\n|move|p2a: Samurott|Aqua Cutter|p1a: Iron Valiant\n|-damage|p1a: Iron Valiant|0 fnt\n|faint|p1a: Iron Valiant\n|-end|p1a: Iron Valiant|Quark Drive|[silent]\n|\n|upkeep\n|\n|t:|1698004261\n|switch|p1a: Ninetales|Ninetales, F|100\/100\n|-damage|p1a: Ninetales|84\/100|[from] Spikes\n|-weather|SunnyDay|[from] ability: Drought|[of] p1a: Ninetales\n|turn|24\n|\n|t:|1698004267\n|move|p2a: Samurott|Drill Run|p1a: Ninetales\n|-supereffective|p1a: Ninetales\n|-damage|p1a: Ninetales|0 fnt\n|faint|p1a: Ninetales\n|\n|-weather|SunnyDay|[upkeep]\n|upkeep\n|\n|t:|1698004274\n|switch|p1a: Darkrai|Darkrai, tera:Dark|7\/100\n|-damage|p1a: Darkrai|0 fnt|[from] Spikes\n|faint|p1a: Darkrai\n|\n|t:|1698004278\n|switch|p1a: Delphox|Delphox, M|59\/100\n|-damage|p1a: Delphox|42\/100|[from] Spikes\n|turn|25\n|\n|t:|1698004282\n|move|p2a: Samurott|Drill Run|p1a: Delphox\n|-supereffective|p1a: Delphox\n|-damage|p1a: Delphox|0 fnt\n|faint|p1a: Delphox\n|\n|win|Lucasoduncu\n|raw|WPOJ2's rating: 1040 &rarr; <strong>1024<\/strong><br \/>(-16 for losing)\n|raw|Lucasoduncu's rating: 1031 &rarr; <strong>1067<\/strong><br \/>(+36 for winning)\n|l|\u2606WPOJ2\n","uploadtime":1698004290,"views":10,"p1id":"wpoj2","p2id":"lucasoduncu","formatid":"gen9anythinggoes","rating":1024,"private":0,"password":""}