{"id":"gen9anythinggoes-1986444031","p1":"fuph ur dad","p2":"DNok","format":"[Gen 9] Anything Goes","log":"|j|\u2606fuph ur dad\n|j|\u2606DNok\n|t:|1699479745\n|gametype|singles\n|player|p1|fuph ur dad|hilbert|1127\n|player|p2|DNok|pokemonbreeder-gen4|1000\n|teamsize|p1|6\n|teamsize|p2|4\n|gen|9\n|tier|[Gen 9] Anything Goes\n|rated|\n|rule|HP Percentage Mod: HP is shown in percentages\n|rule|Endless Battle Clause: Forcing endless battles is banned\n|clearpoke\n|poke|p1|Urshifu-*, M|\n|poke|p1|Clefable, M|\n|poke|p1|Annihilape, M|\n|poke|p1|Basculegion, M|\n|poke|p1|Amoonguss, M|\n|poke|p1|Hatterene, F|\n|poke|p2|Wooper-Paldea, M|\n|poke|p2|Wooper, M|\n|poke|p2|Quagsire, M|\n|poke|p2|Clodsire, M|\n|teampreview\n|inactive|Battle timer is ON: inactive players will automatically lose when time's up. (requested by DNok)\n|\n|t:|1699479751\n|start\n|switch|p1a: fist me|Urshifu-Rapid-Strike, M|100\/100\n|switch|p2a: Wooper|Wooper-Paldea, M|100\/100\n|turn|1\n|\n|t:|1699479765\n|move|p1a: fist me|Surging Strikes|p2a: Wooper\n|-immune|p2a: Wooper|[from] ability: Water Absorb\n|move|p2a: Wooper|Toxic Spikes|p1a: fist me\n|-sidestart|p1: fuph ur dad|move: Toxic Spikes\n|\n|upkeep\n|turn|2\n|\n|t:|1699479771\n|move|p1a: fist me|Ice Spinner|p2a: Wooper\n|-supereffective|p2a: Wooper\n|-damage|p2a: Wooper|23\/100\n|-damage|p1a: fist me|91\/100|[from] item: Life Orb\n|move|p2a: Wooper|Toxic Spikes|p1a: fist me\n|-sidestart|p1: fuph ur dad|move: Toxic Spikes\n|\n|upkeep\n|turn|3\n|\n|t:|1699479779\n|move|p1a: fist me|Ice Spinner|p2a: Wooper\n|-supereffective|p2a: Wooper\n|-damage|p2a: Wooper|0 fnt\n|faint|p2a: Wooper\n|-damage|p1a: fist me|81\/100|[from] item: Life Orb\n|\n|upkeep\n|\n|t:|1699479786\n|switch|p2a: Wooper|Wooper, M|100\/100\n|turn|4\n|-activate|p2a: Wooper|item: Quick Claw\n|\n|t:|1699479795\n|move|p2a: Wooper|Spikes|p1a: fist me\n|-sidestart|p1: fuph ur dad|Spikes\n|move|p1a: fist me|Iron Defense|p1a: fist me\n|-boost|p1a: fist me|def|2\n|\n|upkeep\n|turn|5\n|-activate|p2a: Wooper|item: Quick Claw\n|\n|t:|1699479801\n|move|p2a: Wooper|Spikes|p1a: fist me\n|-sidestart|p1: fuph ur dad|Spikes\n|move|p1a: fist me|Iron Defense|p1a: fist me\n|-boost|p1a: fist me|def|2\n|\n|upkeep\n|turn|6\n|\n|t:|1699479806\n|move|p1a: fist me|Body Press|p2a: Wooper\n|-damage|p2a: Wooper|0 fnt\n|faint|p2a: Wooper\n|-damage|p1a: fist me|71\/100|[from] item: Life Orb\n|\n|upkeep\n|\n|t:|1699479813\n|switch|p2a: Quagsire|Quagsire, M|100\/100\n|turn|7\n|\n|t:|1699479817\n|move|p1a: fist me|Body Press|p2a: Quagsire\n|-damage|p2a: Quagsire|18\/100\n|-damage|p1a: fist me|61\/100|[from] item: Life Orb\n|move|p2a: Quagsire|Curse|p2a: Quagsire\n|-unboost|p2a: Quagsire|spe|1\n|-boost|p2a: Quagsire|atk|1\n|-boost|p2a: Quagsire|def|1\n|\n|-heal|p2a: Quagsire|24\/100|[from] item: Leftovers\n|upkeep\n|turn|8\n|\n|t:|1699479828\n|move|p1a: fist me|Body Press|p2a: Quagsire\n|-damage|p2a: Quagsire|0 fnt\n|faint|p2a: Quagsire\n|-damage|p1a: fist me|51\/100|[from] item: Life Orb\n|\n|upkeep\n|\n|t:|1699479833\n|switch|p2a: Clodsire|Clodsire, M|100\/100\n|turn|9\n|\n|t:|1699479839\n|move|p1a: fist me|Body Press|p2a: Clodsire\n|-resisted|p2a: Clodsire\n|-damage|p2a: Clodsire|35\/100\n|-damage|p1a: fist me|41\/100|[from] item: Life Orb\n|move|p2a: Clodsire|Curse|p2a: Clodsire\n|-unboost|p2a: Clodsire|spe|1\n|-boost|p2a: Clodsire|atk|1\n|-boost|p2a: Clodsire|def|1\n|\n|-heal|p2a: Clodsire|41\/100|[from] item: Black Sludge\n|upkeep\n|turn|10\n|\n|t:|1699479848\n|move|p1a: fist me|Body Press|p2a: Clodsire\n|-resisted|p2a: Clodsire\n|-damage|p2a: Clodsire|0 fnt\n|faint|p2a: Clodsire\n|-damage|p1a: fist me|31\/100|[from] item: Life Orb\n|\n|win|fuph ur dad\n|raw|fuph ur dad's rating: 1127 &rarr; <strong>1143<\/strong><br \/>(+16 for winning)\n|raw|DNok's rating: 1000 &rarr; <strong>1000<\/strong><br \/>(+0 for losing)\n|c|\u2606DNok|ty bye\n|l|\u2606fuph ur dad\n","uploadtime":1699479873,"views":7,"p1id":"fuphurdad","p2id":"dnok","formatid":"gen9anythinggoes","rating":1000,"private":0,"password":""}