{"id":"gen9anythinggoes-1996769531","p1":"peach11","p2":"vubbhbuycyyf","format":"[Gen 9] Anything Goes","log":"|j|\u2606peach11\n|j|\u2606vubbhbuycyyf\n|t:|1700722232\n|gametype|singles\n|player|p1|peach11|iris-gen5bw2|1087\n|player|p2|vubbhbuycyyf|170|1065\n|teamsize|p1|6\n|teamsize|p2|1\n|gen|9\n|tier|[Gen 9] Anything Goes\n|rated|\n|rule|HP Percentage Mod: HP is shown in percentages\n|rule|Endless Battle Clause: Forcing endless battles is banned\n|clearpoke\n|poke|p1|Mimikyu, F|\n|poke|p1|Dragapult, M|\n|poke|p1|Gengar, M|\n|poke|p1|Toxtricity-Low-Key, F|\n|poke|p1|Decidueye, F|\n|poke|p1|Weavile, M|\n|poke|p2|Garganacl, M|\n|teampreview\n|inactive|Battle timer is ON: inactive players will automatically lose when time's up. (requested by vubbhbuycyyf)\n|\n|t:|1700722245\n|start\n|switch|p1a: jam|Dragapult, M|100\/100\n|switch|p2a: Garganacl|Garganacl, M, shiny|100\/100\n|turn|1\n|\n|t:|1700722275\n|move|p1a: jam|Surf|p2a: Garganacl\n|-supereffective|p2a: Garganacl\n|-damage|p2a: Garganacl|68\/100\n|move|p2a: Garganacl|Iron Defense|p2a: Garganacl\n|-boost|p2a: Garganacl|def|2\n|\n|-heal|p2a: Garganacl|74\/100|[from] item: Leftovers\n|upkeep\n|turn|2\n|\n|t:|1700722284\n|move|p1a: jam|Phantom Force||[still]\n|-prepare|p1a: jam|Phantom Force\n|move|p2a: Garganacl|Salt Cure|p1a: jam|[miss]\n|-miss|p2a: Garganacl|p1a: jam\n|\n|-heal|p2a: Garganacl|80\/100|[from] item: Leftovers\n|upkeep\n|turn|3\n|\n|t:|1700722292\n|move|p1a: jam|Phantom Force|p2a: Garganacl|[from]lockedmove\n|-damage|p2a: Garganacl|72\/100\n|move|p2a: Garganacl|Iron Defense|p2a: Garganacl\n|-boost|p2a: Garganacl|def|2\n|\n|-heal|p2a: Garganacl|78\/100|[from] item: Leftovers\n|upkeep\n|turn|4\n|c|\u2606peach11|bruh im about to loseee lmao\n|inactive|peach11 has 120 seconds left.\n|\n|t:|1700722319\n|-terastallize|p1a: jam|Dragon\n|move|p1a: jam|Dragon Darts|p2a: Garganacl\n|-damage|p2a: Garganacl|69\/100\n|-anim|p1a: jam|Dragon Darts|p2a: Garganacl\n|-damage|p2a: Garganacl|60\/100\n|move|p2a: Garganacl|Salt Cure|p1a: jam\n|-damage|p1a: jam|82\/100\n|-start|p1a: jam|Salt Cure\n|\n|-heal|p2a: Garganacl|66\/100|[from] item: Leftovers\n|-damage|p1a: jam|69\/100|[from] Salt Cure\n|upkeep\n|turn|5\n|inactive|peach11 has 120 seconds left.\n|\n|t:|1700722332\n|move|p1a: jam|Surf|p2a: Garganacl\n|-supereffective|p2a: Garganacl\n|-damage|p2a: Garganacl|36\/100\n|move|p2a: Garganacl|Iron Defense|p2a: Garganacl\n|-boost|p2a: Garganacl|def|2\n|\n|-heal|p2a: Garganacl|42\/100|[from] item: Leftovers\n|-damage|p1a: jam|57\/100|[from] Salt Cure\n|upkeep\n|turn|6\n|\n|t:|1700722342\n|move|p1a: jam|Surf|p2a: Garganacl\n|-supereffective|p2a: Garganacl\n|-damage|p2a: Garganacl|7\/100\n|move|p2a: Garganacl|Recover|p2a: Garganacl\n|-heal|p2a: Garganacl|57\/100\n|\n|-heal|p2a: Garganacl|63\/100|[from] item: Leftovers\n|-damage|p1a: jam|45\/100|[from] Salt Cure\n|upkeep\n|turn|7\n|inactive|peach11 has 120 seconds left.\n|\n|t:|1700722365\n|switch|p1a: sparkles|Decidueye, F, shiny|100\/100\n|-terastallize|p2a: Garganacl|Grass\n|move|p2a: Garganacl|Recover|p2a: Garganacl\n|-heal|p2a: Garganacl|100\/100\n|\n|upkeep\n|turn|8\n|inactive|peach11 has 120 seconds left.\n|\n|t:|1700722380\n|move|p1a: sparkles|Brave Bird|p2a: Garganacl\n|-supereffective|p2a: Garganacl\n|-damage|p2a: Garganacl|88\/100\n|-damage|p1a: sparkles|96\/100|[from] Recoil\n|move|p2a: Garganacl|Salt Cure|p1a: sparkles\n|-damage|p1a: sparkles|79\/100\n|-start|p1a: sparkles|Salt Cure\n|\n|-heal|p1a: sparkles|85\/100|[from] item: Leftovers\n|-heal|p2a: Garganacl|94\/100|[from] item: Leftovers\n|-damage|p1a: sparkles|72\/100|[from] Salt Cure\n|upkeep\n|turn|9\n|inactive|peach11 has 120 seconds left.\n|\n|t:|1700722394\n|move|p1a: sparkles|Brave Bird|p2a: Garganacl\n|-supereffective|p2a: Garganacl\n|-damage|p2a: Garganacl|80\/100\n|-damage|p1a: sparkles|68\/100|[from] Recoil\n|move|p2a: Garganacl|Salt Cure|p1a: sparkles\n|-damage|p1a: sparkles|52\/100\n|\n|-heal|p1a: sparkles|58\/100|[from] item: Leftovers\n|-heal|p2a: Garganacl|86\/100|[from] item: Leftovers\n|-damage|p1a: sparkles|45\/100|[from] Salt Cure\n|upkeep\n|turn|10\n|inactive|peach11 has 120 seconds left.\n|\n|t:|1700722406\n|move|p1a: sparkles|Brave Bird|p2a: Garganacl\n|-supereffective|p2a: Garganacl\n|-damage|p2a: Garganacl|73\/100\n|-damage|p1a: sparkles|41\/100|[from] Recoil\n|move|p2a: Garganacl|Salt Cure|p1a: sparkles\n|-damage|p1a: sparkles|25\/100\n|\n|-heal|p1a: sparkles|31\/100|[from] item: Leftovers\n|-heal|p2a: Garganacl|79\/100|[from] item: Leftovers\n|-damage|p1a: sparkles|19\/100|[from] Salt Cure\n|upkeep\n|turn|11\n|inactive|peach11 has 120 seconds left.\n|\n|t:|1700722420\n|switch|p1a: lamp|Toxtricity-Low-Key, F, shiny|100\/100\n|move|p2a: Garganacl|Salt Cure|p1a: lamp\n|-damage|p1a: lamp|82\/100\n|-start|p1a: lamp|Salt Cure\n|\n|-heal|p2a: Garganacl|85\/100|[from] item: Leftovers\n|-damage|p1a: lamp|70\/100|[from] Salt Cure\n|upkeep\n|turn|12\n|inactive|peach11 has 120 seconds left.\n|\n|t:|1700722430\n|move|p1a: lamp|Boomburst|p2a: Garganacl\n|-damage|p2a: Garganacl|30\/100\n|move|p2a: Garganacl|Body Press|p1a: lamp\n|-resisted|p1a: lamp\n|-damage|p1a: lamp|2\/100\n|\n|-heal|p2a: Garganacl|36\/100|[from] item: Leftovers\n|-damage|p1a: lamp|0 fnt|[from] Salt Cure\n|faint|p1a: lamp\n|upkeep\n|inactive|peach11 has 120 seconds left.\n|\n|t:|1700722439\n|switch|p1a: jelly|Mimikyu, F|100\/100\n|turn|13\n|\n|t:|1700722444\n|move|p1a: jelly|Wood Hammer|p2a: Garganacl\n|-resisted|p2a: Garganacl\n|-damage|p2a: Garganacl|33\/100\n|-damage|p1a: jelly|99\/100|[from] Recoil\n|move|p2a: Garganacl|Recover|p2a: Garganacl\n|-heal|p2a: Garganacl|83\/100\n|\n|-heal|p2a: Garganacl|89\/100|[from] item: Leftovers\n|upkeep\n|turn|14\n|-activate|p1a: jelly|item: Quick Claw\n|\n|t:|1700722457\n|move|p1a: jelly|Play Rough|p2a: Garganacl|[miss]\n|-miss|p1a: jelly|p2a: Garganacl\n|move|p2a: Garganacl|Salt Cure|p1a: jelly\n|-activate|p1a: jelly|ability: Disguise\n|-damage|p1a: jelly|99\/100\n|-start|p1a: jelly|Salt Cure\n|detailschange|p1a: jelly|Mimikyu-Busted, F\n|-damage|p1a: jelly|87\/100|[from] pokemon: Mimikyu-Busted\n|\n|-heal|p2a: Garganacl|95\/100|[from] item: Leftovers\n|-damage|p1a: jelly|74\/100|[from] Salt Cure\n|upkeep\n|turn|15\n|inactive|peach11 has 120 seconds left.\n|\n|t:|1700722479\n|move|p1a: jelly|Play Rough|p2a: Garganacl\n|-damage|p2a: Garganacl|88\/100\n|move|p2a: Garganacl|Salt Cure|p1a: jelly\n|-damage|p1a: jelly|51\/100\n|\n|-heal|p2a: Garganacl|94\/100|[from] item: Leftovers\n|-damage|p1a: jelly|39\/100|[from] Salt Cure\n|upkeep\n|turn|16\n|inactive|peach11 has 120 seconds left.\n|-activate|p1a: jelly|item: Quick Claw\n|\n|t:|1700722492\n|move|p1a: jelly|Thunder|p2a: Garganacl\n|-resisted|p2a: Garganacl\n|-damage|p2a: Garganacl|88\/100\n|move|p2a: Garganacl|Salt Cure|p1a: jelly\n|-damage|p1a: jelly|17\/100\n|\n|-heal|p2a: Garganacl|94\/100|[from] item: Leftovers\n|-damage|p1a: jelly|5\/100|[from] Salt Cure\n|upkeep\n|turn|17\n|inactive|peach11 has 120 seconds left.\n|\n|t:|1700722505\n|move|p1a: jelly|Psychic|p2a: Garganacl\n|-damage|p2a: Garganacl|85\/100\n|move|p2a: Garganacl|Iron Defense|p2a: Garganacl\n|-boost|p2a: Garganacl|def|0\n|\n|-heal|p2a: Garganacl|91\/100|[from] item: Leftovers\n|-damage|p1a: jelly|0 fnt|[from] Salt Cure\n|faint|p1a: jelly\n|upkeep\n|\n|t:|1700722519\n|switch|p1a: cheesy|Gengar, M|100\/100\n|turn|18\n|-activate|p1a: cheesy|item: Quick Claw\n|\n|t:|1700722527\n|move|p1a: cheesy|Gunk Shot|p2a: Garganacl|[miss]\n|-miss|p1a: cheesy|p2a: Garganacl\n|move|p2a: Garganacl|Salt Cure|p1a: cheesy\n|-damage|p1a: cheesy|71\/100\n|-start|p1a: cheesy|Salt Cure\n|-start|p2a: Garganacl|Disable|Salt Cure|[from] ability: Cursed Body|[of] p1a: cheesy\n|\n|-heal|p2a: Garganacl|97\/100|[from] item: Leftovers\n|-damage|p1a: cheesy|58\/100|[from] Salt Cure\n|upkeep\n|turn|19\n|inactive|peach11 has 120 seconds left.\n|\n|t:|1700722540\n|move|p1a: cheesy|Gunk Shot|p2a: Garganacl\n|-supereffective|p2a: Garganacl\n|-damage|p2a: Garganacl|88\/100\n|move|p2a: Garganacl|Iron Defense|p2a: Garganacl\n|-boost|p2a: Garganacl|def|0\n|\n|-heal|p2a: Garganacl|94\/100|[from] item: Leftovers\n|-damage|p1a: cheesy|46\/100|[from] Salt Cure\n|upkeep\n|turn|20\n|inactive|peach11 has 120 seconds left.\n|\n|t:|1700722549\n|move|p1a: cheesy|Destiny Bond|p1a: cheesy\n|-singlemove|p1a: cheesy|Destiny Bond\n|move|p2a: Garganacl|Iron Defense|p2a: Garganacl\n|-boost|p2a: Garganacl|def|0\n|\n|-heal|p2a: Garganacl|99\/100|[from] item: Leftovers\n|-damage|p1a: cheesy|34\/100|[from] Salt Cure\n|upkeep\n|turn|21\n|inactive|peach11 has 120 seconds left.\n|\n|t:|1700722559\n|move|p1a: cheesy|Gunk Shot|p2a: Garganacl|[miss]\n|-miss|p1a: cheesy|p2a: Garganacl\n|move|p2a: Garganacl|Iron Defense|p2a: Garganacl\n|-boost|p2a: Garganacl|def|0\n|\n|-heal|p2a: Garganacl|100\/100|[from] item: Leftovers\n|-damage|p1a: cheesy|22\/100|[from] Salt Cure\n|-end|p2a: Garganacl|Disable\n|upkeep\n|turn|22\n|\n|t:|1700722569\n|move|p1a: cheesy|Destiny Bond|p1a: cheesy\n|-singlemove|p1a: cheesy|Destiny Bond\n|move|p2a: Garganacl|Iron Defense|p2a: Garganacl\n|-boost|p2a: Garganacl|def|0\n|\n|-damage|p1a: cheesy|9\/100|[from] Salt Cure\n|upkeep\n|turn|23\n|inactive|peach11 has 120 seconds left.\n|\n|t:|1700722587\n|move|p1a: cheesy|Destiny Bond||[still]\n|-fail|p1a: cheesy\n|move|p2a: Garganacl|Iron Defense|p2a: Garganacl\n|-boost|p2a: Garganacl|def|0\n|\n|-damage|p1a: cheesy|0 fnt|[from] Salt Cure\n|faint|p1a: cheesy\n|upkeep\n|inactive|peach11 has 120 seconds left.\n|\n|t:|1700722596\n|switch|p1a: jam|Dragapult, M, tera:Dragon|45\/100\n|turn|24\n|c|\u2606peach11|sigh\n|\n|t:|1700722605\n|move|p1a: jam|Flamethrower|p2a: Garganacl\n|-supereffective|p2a: Garganacl\n|-damage|p2a: Garganacl|67\/100\n|move|p2a: Garganacl|Body Press|p1a: jam\n|-damage|p1a: jam|0 fnt\n|faint|p1a: jam\n|\n|-heal|p2a: Garganacl|73\/100|[from] item: Leftovers\n|upkeep\n|inactive|peach11 has 120 seconds left.\n|\n|t:|1700722619\n|switch|p1a: sparkles|Decidueye, F, shiny|19\/100\n|turn|25\n|\n|t:|1700722623\n|move|p1a: sparkles|Brave Bird|p2a: Garganacl\n|-supereffective|p2a: Garganacl\n|-damage|p2a: Garganacl|61\/100\n|-damage|p1a: sparkles|15\/100|[from] Recoil\n|move|p2a: Garganacl|Salt Cure|p1a: sparkles\n|-damage|p1a: sparkles|0 fnt\n|faint|p1a: sparkles\n|\n|-heal|p2a: Garganacl|67\/100|[from] item: Leftovers\n|upkeep\n|\n|t:|1700722635\n|switch|p1a: Yamata|Weavile, M|100\/100\n|-ability|p1a: Yamata|Pressure\n|turn|26\n|\n|t:|1700722640\n|move|p1a: Yamata|Icicle Crash|p2a: Garganacl\n|-supereffective|p2a: Garganacl\n|-damage|p2a: Garganacl|53\/100\n|move|p2a: Garganacl|Body Press|p1a: Yamata\n|-supereffective|p1a: Yamata\n|-damage|p1a: Yamata|0 fnt\n|faint|p1a: Yamata\n|\n|win|vubbhbuycyyf\n|raw|peach11's rating: 1087 &rarr; <strong>1062<\/strong><br \/>(-25 for losing)\n|raw|vubbhbuycyyf's rating: 1065 &rarr; <strong>1097<\/strong><br \/>(+32 for winning)\n|l|\u2606peach11\n","uploadtime":1700722658,"views":2,"p1id":"peach11","p2id":"vubbhbuycyyf","formatid":"gen9anythinggoes","rating":1062,"private":0,"password":""}