{"id":"gen9anythinggoes-1975385116","p1":"el daner","p2":"Gamingdumy","format":"[Gen 9] Anything Goes","log":"|j|\u2606el daner\n|j|\u2606Gamingdumy\n|t:|1698185644\n|gametype|singles\n|player|p1|el daner|hiker-gen4|1157\n|player|p2|Gamingdumy|red|1183\n|teamsize|p1|6\n|teamsize|p2|6\n|gen|9\n|tier|[Gen 9] Anything Goes\n|rated|\n|rule|HP Percentage Mod: HP is shown in percentages\n|rule|Endless Battle Clause: Forcing endless battles is banned\n|clearpoke\n|poke|p1|Spiritomb, M|\n|poke|p1|Milotic, M|\n|poke|p1|Garchomp, F|\n|poke|p1|Trevenant, F|\n|poke|p1|Sylveon, F|\n|poke|p1|Salazzle, F|\n|poke|p2|Articuno-Galar|\n|poke|p2|Goodra-Hisui, M|\n|poke|p2|Staraptor, M|\n|poke|p2|Cacturne, M|\n|poke|p2|Chien-Pao|\n|poke|p2|Masquerain, F|\n|teampreview\n|inactive|Battle timer is ON: inactive players will automatically lose when time's up. (requested by el daner)\n|\n|t:|1698185665\n|start\n|switch|p1a: Spiritomb|Spiritomb, M|100\/100\n|switch|p2a: Chien-Pao|Chien-Pao|100\/100\n|-ability|p2a: Chien-Pao|Sword of Ruin\n|turn|1\n|\n|t:|1698185677\n|move|p2a: Chien-Pao|Ice Spinner|p1a: Spiritomb\n|-damage|p1a: Spiritomb|21\/100\n|move|p1a: Spiritomb|Trick|p2a: Chien-Pao\n|-activate|p1a: Spiritomb|move: Trick|[of] p2a: Chien-Pao\n|-item|p2a: Chien-Pao|Choice Scarf|[from] move: Trick\n|-item|p1a: Spiritomb|Choice Band|[from] move: Trick\n|\n|upkeep\n|turn|2\n|\n|t:|1698185690\n|move|p1a: Spiritomb|Sucker Punch|p2a: Chien-Pao\n|-resisted|p2a: Chien-Pao\n|-damage|p2a: Chien-Pao|75\/100\n|move|p2a: Chien-Pao|Ice Spinner|p1a: Spiritomb\n|-damage|p1a: Spiritomb|0 fnt\n|faint|p1a: Spiritomb\n|\n|upkeep\n|\n|t:|1698185704\n|switch|p1a: Salazzle|Salazzle, F|100\/100\n|turn|3\n|\n|t:|1698185723\n|switch|p2a: Goodra|Goodra-Hisui, M|100\/100\n|move|p1a: Salazzle|Nasty Plot|p1a: Salazzle\n|-boost|p1a: Salazzle|spa|2\n|\n|upkeep\n|turn|4\n|\n|t:|1698185731\n|move|p1a: Salazzle|Toxic|p2a: Goodra\n|-status|p2a: Goodra|tox\n|move|p2a: Goodra|Shelter|p2a: Goodra\n|-boost|p2a: Goodra|def|2\n|\n|-damage|p2a: Goodra|94\/100 tox|[from] psn\n|upkeep\n|turn|5\n|\n|t:|1698185740\n|move|p1a: Salazzle|Flamethrower|p2a: Goodra\n|-damage|p2a: Goodra|36\/100 tox\n|-damage|p1a: Salazzle|91\/100|[from] item: Life Orb\n|move|p2a: Goodra|Body Press|p1a: Salazzle\n|-resisted|p1a: Salazzle\n|-damage|p1a: Salazzle|58\/100\n|\n|-damage|p2a: Goodra|24\/100 tox|[from] psn\n|upkeep\n|turn|6\n|\n|t:|1698185751\n|move|p1a: Salazzle|Flamethrower|p2a: Goodra\n|-damage|p2a: Goodra|0 fnt\n|faint|p2a: Goodra\n|-damage|p1a: Salazzle|49\/100|[from] item: Life Orb\n|\n|upkeep\n|\n|t:|1698185756\n|switch|p2a: Chien-Pao|Chien-Pao|75\/100\n|-ability|p2a: Chien-Pao|Sword of Ruin\n|turn|7\n|\n|t:|1698185766\n|move|p2a: Chien-Pao|Sacred Sword|p1a: Salazzle\n|-resisted|p1a: Salazzle\n|-damage|p1a: Salazzle|13\/100\n|move|p1a: Salazzle|Flamethrower|p2a: Chien-Pao\n|-supereffective|p2a: Chien-Pao\n|-damage|p2a: Chien-Pao|0 fnt\n|faint|p2a: Chien-Pao\n|-damage|p1a: Salazzle|3\/100|[from] item: Life Orb\n|\n|upkeep\n|\n|t:|1698185774\n|switch|p2a: Staraptor|Staraptor, M, shiny|100\/100\n|-ability|p2a: Staraptor|Intimidate|boost\n|-unboost|p1a: Salazzle|atk|1\n|turn|8\n|\n|t:|1698185783\n|move|p1a: Salazzle|Sludge Bomb|p2a: Staraptor\n|-damage|p2a: Staraptor|0 fnt\n|faint|p2a: Staraptor\n|-damage|p1a: Salazzle|0 fnt|[from] item: Life Orb\n|faint|p1a: Salazzle\n|\n|upkeep\n|\n|t:|1698185793\n|switch|p1a: Sylveon|Sylveon, F|100\/100\n|switch|p2a: Articuno|Articuno-Galar, shiny|100\/100\n|turn|9\n|\n|t:|1698185798\n|move|p2a: Articuno|Calm Mind|p2a: Articuno\n|-boost|p2a: Articuno|spa|1\n|-boost|p2a: Articuno|spd|1\n|move|p1a: Sylveon|Curse|p1a: Sylveon\n|-unboost|p1a: Sylveon|spe|1\n|-boost|p1a: Sylveon|atk|1\n|-boost|p1a: Sylveon|def|1\n|\n|upkeep\n|turn|10\n|\n|t:|1698185825\n|move|p2a: Articuno|Calm Mind|p2a: Articuno\n|-boost|p2a: Articuno|spa|1\n|-boost|p2a: Articuno|spd|1\n|move|p1a: Sylveon|Wish|p1a: Sylveon\n|\n|upkeep\n|turn|11\n|\n|t:|1698185834\n|move|p2a: Articuno|Freezing Glare|p1a: Sylveon\n|-damage|p1a: Sylveon|40\/100\n|move|p1a: Sylveon|Double-Edge|p2a: Articuno\n|-damage|p2a: Articuno|23\/100\n|-damage|p1a: Sylveon|10\/100|[from] Recoil\n|\n|-heal|p1a: Sylveon|60\/100|[from] move: Wish|[wisher] Sylveon\n|upkeep\n|turn|12\n|\n|t:|1698185848\n|move|p1a: Sylveon|Protect|p1a: Sylveon\n|-singleturn|p1a: Sylveon|Protect\n|move|p2a: Articuno|Freezing Glare|p1a: Sylveon\n|-activate|p1a: Sylveon|move: Protect\n|\n|upkeep\n|turn|13\n|\n|t:|1698185857\n|move|p2a: Articuno|Freezing Glare|p1a: Sylveon\n|-damage|p1a: Sylveon|0 fnt\n|faint|p1a: Sylveon\n|\n|upkeep\n|\n|t:|1698185861\n|switch|p1a: Trevenant|Trevenant, F|100\/100\n|turn|14\n|\n|t:|1698185878\n|move|p2a: Articuno|Air Slash|p1a: Trevenant\n|-supereffective|p1a: Trevenant\n|-damage|p1a: Trevenant|0 fnt\n|faint|p1a: Trevenant\n|\n|upkeep\n|\n|t:|1698185883\n|switch|p1a: Milotic|Milotic, M|100\/100\n|turn|15\n|\n|t:|1698185892\n|move|p2a: Articuno|Freezing Glare|p1a: Milotic\n|-damage|p1a: Milotic|40\/100\n|-status|p1a: Milotic|frz\n|cant|p1a: Milotic|frz\n|\n|upkeep\n|turn|16\n|\n|t:|1698185899\n|move|p2a: Articuno|Recover|p2a: Articuno\n|-heal|p2a: Articuno|73\/100\n|cant|p1a: Milotic|frz\n|\n|upkeep\n|turn|17\n|\n|t:|1698185907\n|move|p2a: Articuno|Calm Mind|p2a: Articuno\n|-boost|p2a: Articuno|spa|1\n|-boost|p2a: Articuno|spd|1\n|-curestatus|p1a: Milotic|frz|[from] move: Scald\n|move|p1a: Milotic|Scald|p2a: Articuno\n|-damage|p2a: Articuno|63\/100\n|\n|-status|p1a: Milotic|brn|[from] item: Flame Orb\n|upkeep\n|turn|18\n|\n|t:|1698185917\n|move|p2a: Articuno|Freezing Glare|p1a: Milotic\n|-crit|p1a: Milotic\n|-damage|p1a: Milotic|0 fnt\n|faint|p1a: Milotic\n|\n|upkeep\n|\n|t:|1698185921\n|switch|p1a: Garchomp|Garchomp, F|100\/100\n|turn|19\n|\n|t:|1698185937\n|move|p1a: Garchomp|Scale Shot|p2a: Articuno\n|-damage|p2a: Articuno|51\/100\n|-damage|p2a: Articuno|40\/100\n|-damage|p2a: Articuno|28\/100\n|-hitcount|p2a: Articuno|3\n|-unboost|p1a: Garchomp|def|1\n|-boost|p1a: Garchomp|spe|1\n|move|p2a: Articuno|Freezing Glare|p1a: Garchomp\n|-damage|p1a: Garchomp|35\/100\n|\n|upkeep\n|turn|20\n|\n|t:|1698185959\n|move|p1a: Garchomp|Scale Shot|p2a: Articuno\n|-damage|p2a: Articuno|15\/100\n|-damage|p2a: Articuno|3\/100\n|-hitcount|p2a: Articuno|2\n|-unboost|p1a: Garchomp|def|1\n|-boost|p1a: Garchomp|spe|1\n|move|p2a: Articuno|Recover|p2a: Articuno\n|-heal|p2a: Articuno|53\/100\n|\n|upkeep\n|turn|21\n|\n|t:|1698185970\n|move|p1a: Garchomp|Scale Shot|p2a: Articuno\n|-damage|p2a: Articuno|41\/100\n|-damage|p2a: Articuno|28\/100\n|-damage|p2a: Articuno|17\/100\n|-damage|p2a: Articuno|4\/100\n|-hitcount|p2a: Articuno|4\n|-unboost|p1a: Garchomp|def|1\n|-boost|p1a: Garchomp|spe|1\n|move|p2a: Articuno|Recover|p2a: Articuno\n|-heal|p2a: Articuno|55\/100\n|\n|upkeep\n|turn|22\n|\n|t:|1698185984\n|move|p1a: Garchomp|Scale Shot|p2a: Articuno\n|-damage|p2a: Articuno|43\/100\n|-damage|p2a: Articuno|31\/100\n|-hitcount|p2a: Articuno|2\n|-unboost|p1a: Garchomp|def|1\n|-boost|p1a: Garchomp|spe|1\n|move|p2a: Articuno|Freezing Glare|p1a: Garchomp\n|-damage|p1a: Garchomp|0 fnt\n|faint|p1a: Garchomp\n|\n|win|Gamingdumy\n|raw|el daner's rating: 1157 &rarr; <strong>1134<\/strong><br \/>(-23 for losing)\n|raw|Gamingdumy's rating: 1183 &rarr; <strong>1206<\/strong><br \/>(+23 for winning)\n|l|\u2606el daner\n","uploadtime":1698186227,"views":7,"p1id":"eldaner","p2id":"gamingdumy","formatid":"gen9anythinggoes","rating":1134,"private":0,"password":""}