{"id":"gen9anythinggoes-1998750912","p1":"Khryce","p2":"lytienhung","format":"[Gen 9] Anything Goes","log":"|j|\u2606Khryce\n|j|\u2606lytienhung\n|t:|1700983219\n|gametype|singles\n|player|p1|Khryce|preschooler|1115\n|player|p2|lytienhung|dawn|1220\n|teamsize|p1|6\n|teamsize|p2|6\n|gen|9\n|tier|[Gen 9] Anything Goes\n|rated|\n|rule|HP Percentage Mod: HP is shown in percentages\n|rule|Endless Battle Clause: Forcing endless battles is banned\n|clearpoke\n|poke|p1|Clefable, F|\n|poke|p1|Skeledirge, F|\n|poke|p1|Dondozo, M|\n|poke|p1|Clodsire, F|\n|poke|p1|Quagsire, M|\n|poke|p1|Samurott-Hisui, M|\n|poke|p2|Ninetales-Alola, F|\n|poke|p2|Abomasnow, F|\n|poke|p2|Chien-Pao|\n|poke|p2|Cetitan, M|\n|poke|p2|Quagsire, F|\n|poke|p2|Baxcalibur, F|\n|teampreview\n|inactive|Battle timer is ON: inactive players will automatically lose when time's up. (requested by lytienhung)\n|inactive|Khryce also wants the timer to be on.\n|\n|t:|1700983237\n|start\n|switch|p1a: Skeledirge|Skeledirge, F|100\/100\n|switch|p2a: Ninetales|Ninetales-Alola, F|100\/100\n|-weather|Snow|[from] ability: Snow Warning|[of] p2a: Ninetales\n|turn|1\n|\n|t:|1700983244\n|-terastallize|p2a: Ninetales|Fire\n|move|p2a: Ninetales|Aurora Veil|p2a: Ninetales\n|-sidestart|p2: lytienhung|move: Aurora Veil\n|move|p1a: Skeledirge|Torch Song|p2a: Ninetales\n|-resisted|p2a: Ninetales\n|-damage|p2a: Ninetales|89\/100\n|-boost|p1a: Skeledirge|spa|1\n|\n|-weather|Snow|[upkeep]\n|upkeep\n|turn|2\n|\n|t:|1700983253\n|switch|p2a: Quagsire|Quagsire, F|100\/100\n|move|p1a: Skeledirge|Torch Song|p2a: Quagsire\n|-resisted|p2a: Quagsire\n|-damage|p2a: Quagsire|89\/100\n|-boost|p1a: Skeledirge|spa|1\n|\n|-weather|Snow|[upkeep]\n|-heal|p2a: Quagsire|95\/100|[from] item: Leftovers\n|upkeep\n|turn|3\n|\n|t:|1700983263\n|move|p1a: Skeledirge|Hyper Voice|p2a: Quagsire\n|-damage|p2a: Quagsire|79\/100\n|move|p2a: Quagsire|Earthquake|p1a: Skeledirge\n|-supereffective|p1a: Skeledirge\n|-damage|p1a: Skeledirge|32\/100\n|-enditem|p1a: Skeledirge|Sitrus Berry|[eat]\n|-heal|p1a: Skeledirge|57\/100|[from] item: Sitrus Berry\n|\n|-weather|Snow|[upkeep]\n|-heal|p2a: Quagsire|85\/100|[from] item: Leftovers\n|upkeep\n|turn|4\n|\n|t:|1700983273\n|move|p1a: Skeledirge|Will-O-Wisp|p2a: Quagsire|[miss]\n|-miss|p1a: Skeledirge|p2a: Quagsire\n|move|p2a: Quagsire|Earthquake|p1a: Skeledirge\n|-supereffective|p1a: Skeledirge\n|-damage|p1a: Skeledirge|0 fnt\n|faint|p1a: Skeledirge\n|\n|-weather|Snow|[upkeep]\n|-heal|p2a: Quagsire|91\/100|[from] item: Leftovers\n|upkeep\n|\n|t:|1700983283\n|switch|p1a: Samurott|Samurott-Hisui, M, shiny|100\/100\n|turn|5\n|\n|t:|1700983301\n|move|p1a: Samurott|Ceaseless Edge|p2a: Quagsire\n|-damage|p2a: Quagsire|70\/100\n|-sidestart|p2: lytienhung|Spikes\n|move|p2a: Quagsire|Earthquake|p1a: Samurott\n|-damage|p1a: Samurott|55\/100\n|\n|-weather|Snow|[upkeep]\n|-heal|p2a: Quagsire|76\/100|[from] item: Leftovers\n|-sideend|p2: lytienhung|move: Aurora Veil\n|upkeep\n|turn|6\n|\n|t:|1700983311\n|move|p1a: Samurott|Ceaseless Edge|p2a: Quagsire\n|-damage|p2a: Quagsire|28\/100\n|-sidestart|p2: lytienhung|Spikes\n|move|p2a: Quagsire|Earthquake|p1a: Samurott\n|-damage|p1a: Samurott|12\/100\n|\n|-weather|Snow|[upkeep]\n|-heal|p2a: Quagsire|35\/100|[from] item: Leftovers\n|upkeep\n|turn|7\n|\n|t:|1700983327\n|switch|p2a: Cetitan|Cetitan, M|100\/100\n|-damage|p2a: Cetitan|84\/100|[from] Spikes\n|move|p1a: Samurott|Ceaseless Edge|p2a: Cetitan\n|-crit|p2a: Cetitan\n|-damage|p2a: Cetitan|46\/100\n|-sidestart|p2: lytienhung|Spikes\n|\n|-weather|Snow|[upkeep]\n|upkeep\n|turn|8\n|\n|t:|1700983339\n|move|p2a: Cetitan|Superpower|p1a: Samurott\n|-supereffective|p1a: Samurott\n|-damage|p1a: Samurott|0 fnt\n|-unboost|p2a: Cetitan|atk|1\n|-unboost|p2a: Cetitan|def|1\n|faint|p1a: Samurott\n|\n|-weather|none\n|upkeep\n|\n|t:|1700983348\n|switch|p1a: Dondozo|Dondozo, M|100\/100\n|turn|9\n|\n|t:|1700983358\n|switch|p2a: Ninetales|Ninetales-Alola, F, tera:Fire|89\/100\n|-damage|p2a: Ninetales|64\/100|[from] Spikes\n|-weather|Snow|[from] ability: Snow Warning|[of] p2a: Ninetales\n|move|p1a: Dondozo|Wave Crash|p2a: Ninetales\n|-supereffective|p2a: Ninetales\n|-damage|p2a: Ninetales|0 fnt\n|faint|p2a: Ninetales\n|-damage|p1a: Dondozo|87\/100|[from] Recoil\n|\n|-weather|Snow|[upkeep]\n|upkeep\n|c|\u2606lytienhung|!weakness dondozo\n|c| lytienhung|\/raw <div class=\"infobox\">Dondozo (ignoring abilities):<br \/><span class=\"message-effect-weak\">Weaknesses<\/span>: Electric, Grass<br \/><span class=\"message-effect-resist\">Resistances<\/span>: Fire, Ice, Steel, Water<br \/><span class=\"message-effect-immune\">Immunities<\/span>: <font color=#999999>None<\/font><\/div>\n|\n|t:|1700983381\n|switch|p2a: Baxcalibur|Baxcalibur, F|100\/100\n|-damage|p2a: Baxcalibur|76\/100|[from] Spikes\n|turn|10\n|\n|t:|1700983388\n|move|p2a: Baxcalibur|Dragon Dance|p2a: Baxcalibur\n|-boost|p2a: Baxcalibur|atk|1\n|-boost|p2a: Baxcalibur|spe|1\n|move|p1a: Dondozo|Body Press|p2a: Baxcalibur\n|-supereffective|p2a: Baxcalibur\n|-damage|p2a: Baxcalibur|50\/100\n|\n|-weather|Snow|[upkeep]\n|-heal|p2a: Baxcalibur|56\/100|[from] ability: Ice Body\n|upkeep\n|turn|11\n|\n|t:|1700983398\n|move|p2a: Baxcalibur|Dragon Dance|p2a: Baxcalibur\n|-boost|p2a: Baxcalibur|atk|1\n|-boost|p2a: Baxcalibur|spe|1\n|move|p1a: Dondozo|Body Press|p2a: Baxcalibur\n|-supereffective|p2a: Baxcalibur\n|-damage|p2a: Baxcalibur|28\/100\n|\n|-weather|Snow|[upkeep]\n|-heal|p2a: Baxcalibur|34\/100|[from] ability: Ice Body\n|upkeep\n|turn|12\n|\n|t:|1700983406\n|move|p2a: Baxcalibur|Glaive Rush|p1a: Dondozo\n|-damage|p1a: Dondozo|47\/100\n|-singlemove|p2a: Baxcalibur|Glaive Rush|[silent]\n|move|p1a: Dondozo|Body Press|p2a: Baxcalibur\n|-supereffective|p2a: Baxcalibur\n|-damage|p2a: Baxcalibur|0 fnt\n|faint|p2a: Baxcalibur\n|\n|-weather|Snow|[upkeep]\n|upkeep\n|\n|t:|1700983423\n|switch|p2a: Abomasnow|Abomasnow, F|100\/100\n|-damage|p2a: Abomasnow|75\/100|[from] Spikes\n|turn|13\n|\n|t:|1700983430\n|move|p2a: Abomasnow|Giga Drain|p1a: Dondozo\n|-supereffective|p1a: Dondozo\n|-damage|p1a: Dondozo|0 fnt\n|-heal|p2a: Abomasnow|100\/100|[from] drain|[of] p1a: Dondozo\n|faint|p1a: Dondozo\n|\n|-weather|Snow|[upkeep]\n|upkeep\n|\n|t:|1700983436\n|switch|p1a: Quagsire|Quagsire, M|100\/100\n|turn|14\n|\n|t:|1700983440\n|-terastallize|p1a: Quagsire|Poison\n|move|p2a: Abomasnow|Giga Drain|p1a: Quagsire\n|-resisted|p1a: Quagsire\n|-crit|p1a: Quagsire\n|-damage|p1a: Quagsire|70\/100\n|move|p1a: Quagsire|Toxic|p2a: Abomasnow\n|-status|p2a: Abomasnow|tox\n|\n|-weather|Snow|[upkeep]\n|-damage|p2a: Abomasnow|94\/100 tox|[from] psn\n|upkeep\n|turn|15\n|\n|t:|1700983451\n|move|p2a: Abomasnow|Aurora Veil|p2a: Abomasnow\n|-sidestart|p2: lytienhung|move: Aurora Veil\n|move|p1a: Quagsire|Stealth Rock|p2a: Abomasnow\n|-sidestart|p2: lytienhung|move: Stealth Rock\n|\n|-weather|Snow|[upkeep]\n|-damage|p2a: Abomasnow|82\/100 tox|[from] psn\n|upkeep\n|turn|16\n|\n|t:|1700983461\n|switch|p2a: Chien-Pao|Chien-Pao|100\/100\n|-damage|p2a: Chien-Pao|76\/100|[from] Spikes\n|-damage|p2a: Chien-Pao|51\/100|[from] Stealth Rock\n|-ability|p2a: Chien-Pao|Sword of Ruin\n|move|p1a: Quagsire|Earthquake|p2a: Chien-Pao\n|-damage|p2a: Chien-Pao|37\/100\n|\n|-weather|none\n|upkeep\n|turn|17\n|\n|t:|1700983470\n|move|p2a: Chien-Pao|Psychic Fangs|p1a: Quagsire\n|-supereffective|p1a: Quagsire\n|-crit|p1a: Quagsire\n|-damage|p1a: Quagsire|0 fnt\n|faint|p1a: Quagsire\n|-damage|p2a: Chien-Pao|27\/100|[from] item: Life Orb\n|\n|upkeep\n|\n|t:|1700983477\n|switch|p1a: Clefable|Clefable, F|100\/100\n|turn|18\n|c|\u2606lytienhung|!weakness clefable\n|c| lytienhung|\/raw <div class=\"infobox\">Clefable (ignoring abilities):<br \/><span class=\"message-effect-weak\">Weaknesses<\/span>: Poison, Steel<br \/><span class=\"message-effect-resist\">Resistances<\/span>: Bug, Dark, Fighting<br \/><span class=\"message-effect-immune\">Immunities<\/span>: Dragon<\/div>\n|\n|t:|1700983504\n|move|p2a: Chien-Pao|Ice Shard|p1a: Clefable\n|-damage|p1a: Clefable|57\/100\n|-damage|p2a: Chien-Pao|17\/100|[from] item: Life Orb\n|move|p1a: Clefable|Moonblast|p2a: Chien-Pao\n|-supereffective|p2a: Chien-Pao\n|-damage|p2a: Chien-Pao|0 fnt\n|faint|p2a: Chien-Pao\n|\n|upkeep\n|inactive|lytienhung has 120 seconds left.\n|\n|t:|1700983516\n|switch|p2a: Quagsire|Quagsire, F|35\/100\n|-damage|p2a: Quagsire|10\/100|[from] Spikes\n|-damage|p2a: Quagsire|4\/100|[from] Stealth Rock\n|turn|19\n|\n|t:|1700983523\n|move|p1a: Clefable|Moonblast|p2a: Quagsire\n|-damage|p2a: Quagsire|0 fnt\n|faint|p2a: Quagsire\n|\n|-sideend|p2: lytienhung|move: Aurora Veil\n|upkeep\n|\n|t:|1700983528\n|switch|p2a: Abomasnow|Abomasnow, F|82\/100 tox\n|-damage|p2a: Abomasnow|57\/100 tox|[from] Spikes\n|-damage|p2a: Abomasnow|32\/100 tox|[from] Stealth Rock\n|-weather|Snow|[from] ability: Snow Warning|[of] p2a: Abomasnow\n|turn|20\n|\n|t:|1700983535\n|move|p2a: Abomasnow|Giga Drain|p1a: Clefable\n|-damage|p1a: Clefable|38\/100\n|-heal|p2a: Abomasnow|41\/100 tox|[from] drain|[of] p1a: Clefable\n|move|p1a: Clefable|Flamethrower|p2a: Abomasnow\n|-supereffective|p2a: Abomasnow\n|-damage|p2a: Abomasnow|0 fnt\n|faint|p2a: Abomasnow\n|\n|-weather|Snow|[upkeep]\n|upkeep\n|\n|t:|1700983544\n|switch|p2a: Cetitan|Cetitan, M|46\/100\n|-damage|p2a: Cetitan|21\/100|[from] Spikes\n|-damage|p2a: Cetitan|0 fnt|[from] Stealth Rock\n|faint|p2a: Cetitan\n|\n|win|Khryce\n|raw|Khryce's rating: 1115 &rarr; <strong>1147<\/strong><br \/>(+32 for winning)\n|raw|lytienhung's rating: 1220 &rarr; <strong>1188<\/strong><br \/>(-32 for losing)\n","uploadtime":1700983549,"views":1,"p1id":"khryce","p2id":"lytienhung","formatid":"gen9anythinggoes","rating":1147,"private":0,"password":""}