{"id":"gen9anythinggoes-1999738925","p1":"chogtrain","p2":"the wrath of zaun","format":"[Gen 9] Anything Goes","log":"|j|\u2606chogtrain\n|j|\u2606the wrath of zaun\n|inactive|Battle timer is ON: inactive players will automatically lose when time's up.\n|t:|1701112383\n|gametype|singles\n|player|p1|chogtrain|clay|\n|player|p2|the wrath of zaun|cyrus-masters|\n|teamsize|p1|6\n|teamsize|p2|6\n|gen|9\n|tier|[Gen 9] Anything Goes\n|rated|Tournament battle\n|rule|HP Percentage Mod: HP is shown in percentages\n|rule|Endless Battle Clause: Forcing endless battles is banned\n|rule|Re-Evolution Mod: Pok\u00e9mon gain the boosts they would gain from evolving again\n|rule|Sleep Moves Clause: Sleep-inducing moves are banned\n|rule|Species Clause: Limit one of each Pok\u00e9mon\n|rule|OHKO Clause: OHKO moves are banned\n|rule|Evasion Moves Clause: Evasion moves are banned\n|rule|Terastal Clause: You cannot Terastallize\n|clearpoke\n|poke|p1|Electrode-Hisui|\n|poke|p1|Pelipper, M|\n|poke|p1|Urshifu-*, F|\n|poke|p1|Leafeon, F|\n|poke|p1|Hariyama, M|\n|poke|p1|Barraskewda, M|\n|poke|p2|Umbreon, M|\n|poke|p2|Clodsire, M|\n|poke|p2|Toxapex, M|\n|poke|p2|Garganacl, M|\n|poke|p2|Corviknight, M|\n|poke|p2|Dipplin, F|\n|teampreview\n|inactive|the wrath of zaun also wants the timer to be on.\n|j|#KaenSoul\n|c|\u2606chogtrain|glhf\n|\n|t:|1701112401\n|start\n|switch|p1a: Pelipper|Pelipper, M|100\/100\n|switch|p2a: Toxapex|Toxapex, M|100\/100\n|-weather|RainDance|[from] ability: Drizzle|[of] p1a: Pelipper\n|turn|1\n|\n|t:|1701112403\n|move|p1a: Pelipper|U-turn|p2a: Toxapex\n|-resisted|p2a: Toxapex\n|-damage|p2a: Toxapex|98\/100\n|-damage|p1a: Pelipper|84\/100|[from] item: Rocky Helmet|[of] p2a: Toxapex\n|\n|t:|1701112410\n|switch|p1a: Electrode|Electrode-Hisui|100\/100|[from] U-turn\n|move|p2a: Toxapex|Toxic Spikes|p1a: Electrode\n|-sidestart|p1: chogtrain|move: Toxic Spikes\n|\n|-weather|RainDance|[upkeep]\n|upkeep\n|turn|2\n|\n|t:|1701112423\n|switch|p2a: Dipplin|Dipplin, F|100\/100\n|move|p1a: Electrode|Volt Switch|p2a: Dipplin\n|-resisted|p2a: Dipplin\n|-damage|p2a: Dipplin|97\/100\n|j| xnal\n|\n|t:|1701112429\n|switch|p1a: Leafeon|Leafeon, F|100\/100|[from] Volt Switch\n|-status|p1a: Leafeon|psn\n|\n|-weather|RainDance|[upkeep]\n|-damage|p1a: Leafeon|88\/100 psn|[from] psn\n|upkeep\n|turn|3\n|\n|t:|1701112434\n|switch|p2a: Toxapex|Toxapex, M|100\/100\n|move|p1a: Leafeon|Swords Dance|p1a: Leafeon\n|-boost|p1a: Leafeon|atk|2\n|\n|-weather|RainDance|[upkeep]\n|-heal|p1a: Leafeon|94\/100 psn|[from] item: Leftovers\n|-damage|p1a: Leafeon|82\/100 psn|[from] psn\n|upkeep\n|turn|4\n|\n|t:|1701112445\n|switch|p2a: Corviknight|Corviknight, M|100\/100\n|-ability|p2a: Corviknight|Pressure\n|move|p1a: Leafeon|Leaf Blade|p2a: Corviknight\n|-resisted|p2a: Corviknight\n|-damage|p2a: Corviknight|88\/100\n|\n|-weather|RainDance|[upkeep]\n|-heal|p1a: Leafeon|88\/100 psn|[from] item: Leftovers\n|-heal|p2a: Corviknight|94\/100|[from] item: Leftovers\n|-damage|p1a: Leafeon|76\/100 psn|[from] psn\n|upkeep\n|turn|5\n|\n|t:|1701112455\n|move|p1a: Leafeon|Knock Off|p2a: Corviknight\n|-crit|p2a: Corviknight\n|-damage|p2a: Corviknight|43\/100\n|-enditem|p2a: Corviknight|Leftovers|[from] move: Knock Off|[of] p1a: Leafeon\n|move|p2a: Corviknight|Roost|p2a: Corviknight\n|-heal|p2a: Corviknight|93\/100\n|-singleturn|p2a: Corviknight|move: Roost\n|\n|-weather|RainDance|[upkeep]\n|-heal|p1a: Leafeon|82\/100 psn|[from] item: Leftovers\n|-damage|p1a: Leafeon|70\/100 psn|[from] psn\n|upkeep\n|turn|6\n|\n|t:|1701112463\n|switch|p1a: Electrode|Electrode-Hisui|100\/100\n|move|p2a: Corviknight|Brave Bird|p1a: Electrode\n|-damage|p1a: Electrode|47\/100\n|-damage|p2a: Corviknight|81\/100|[from] Recoil\n|\n|-weather|RainDance|[upkeep]\n|upkeep\n|turn|7\n|j| Alemo_ales\n|\n|t:|1701112477\n|switch|p2a: Dipplin|Dipplin, F|97\/100\n|move|p1a: Electrode|Volt Switch|p2a: Dipplin\n|-resisted|p2a: Dipplin\n|-damage|p2a: Dipplin|93\/100\n|\n|t:|1701112484\n|switch|p1a: Barraskewda|Barraskewda, M|100\/100|[from] Volt Switch\n|-status|p1a: Barraskewda|psn\n|\n|-weather|RainDance|[upkeep]\n|-damage|p1a: Barraskewda|88\/100 psn|[from] psn\n|upkeep\n|turn|8\n|\n|t:|1701112489\n|switch|p2a: Toxapex|Toxapex, M|100\/100\n|move|p1a: Barraskewda|Poison Jab|p2a: Toxapex\n|-resisted|p2a: Toxapex\n|-damage|p2a: Toxapex|87\/100\n|-damage|p1a: Barraskewda|72\/100 psn|[from] item: Rocky Helmet|[of] p2a: Toxapex\n|\n|-weather|none\n|-damage|p1a: Barraskewda|60\/100 psn|[from] psn\n|upkeep\n|turn|9\n|\n|t:|1701112493\n|switch|p1a: Pelipper|Pelipper, M|84\/100\n|-weather|RainDance|[from] ability: Drizzle|[of] p1a: Pelipper\n|move|p2a: Toxapex|Toxic Spikes|p1a: Pelipper\n|-sidestart|p1: chogtrain|move: Toxic Spikes\n|\n|-weather|RainDance|[upkeep]\n|upkeep\n|turn|10\n|\n|t:|1701112500\n|switch|p2a: Garganacl|Garganacl, M|100\/100\n|move|p1a: Pelipper|Hurricane|p2a: Garganacl\n|-resisted|p2a: Garganacl\n|-damage|p2a: Garganacl|90\/100\n|-start|p2a: Garganacl|confusion\n|\n|-weather|RainDance|[upkeep]\n|-heal|p2a: Garganacl|96\/100|[from] item: Leftovers\n|upkeep\n|turn|11\n|\n|t:|1701112508\n|switch|p2a: Toxapex|Toxapex, M|100\/100\n|move|p1a: Pelipper|Surf|p2a: Toxapex\n|-resisted|p2a: Toxapex\n|-damage|p2a: Toxapex|84\/100\n|\n|-weather|RainDance|[upkeep]\n|upkeep\n|turn|12\n|\n|t:|1701112520\n|switch|p2a: Umbreon|Umbreon, M|100\/100\n|move|p1a: Pelipper|Hurricane|p2a: Umbreon\n|-damage|p2a: Umbreon|80\/100\n|\n|-weather|RainDance|[upkeep]\n|-heal|p2a: Umbreon|86\/100|[from] item: Leftovers\n|upkeep\n|turn|13\n|\n|t:|1701112524\n|move|p2a: Umbreon|Toxic|p1a: Pelipper\n|-status|p1a: Pelipper|tox\n|move|p1a: Pelipper|U-turn|p2a: Umbreon\n|-supereffective|p2a: Umbreon\n|-damage|p2a: Umbreon|78\/100\n|\n|t:|1701112526\n|switch|p1a: Hariyama|Hariyama, M|100\/100|[from] U-turn\n|-status|p1a: Hariyama|tox\n|\n|-weather|RainDance|[upkeep]\n|-heal|p2a: Umbreon|84\/100|[from] item: Leftovers\n|-damage|p1a: Hariyama|94\/100 tox|[from] psn\n|upkeep\n|turn|14\n|\n|t:|1701112532\n|switch|p2a: Toxapex|Toxapex, M|100\/100\n|move|p1a: Hariyama|Belly Drum|p1a: Hariyama\n|-damage|p1a: Hariyama|44\/100 tox\n|-setboost|p1a: Hariyama|atk|6|[from] move: Belly Drum\n|\n|-weather|RainDance|[upkeep]\n|-heal|p1a: Hariyama|51\/100 tox|[from] item: Leftovers\n|-damage|p1a: Hariyama|38\/100 tox|[from] psn\n|upkeep\n|turn|15\n|\n|t:|1701112535\n|move|p2a: Toxapex|Baneful Bunker|p2a: Toxapex\n|-singleturn|p2a: Toxapex|move: Protect\n|move|p1a: Hariyama|Drain Punch|p2a: Toxapex\n|-activate|p2a: Toxapex|move: Protect\n|\n|-weather|RainDance|[upkeep]\n|-heal|p1a: Hariyama|44\/100 tox|[from] item: Leftovers\n|-damage|p1a: Hariyama|26\/100 tox|[from] psn\n|upkeep\n|turn|16\n|\n|t:|1701112539\n|switch|p2a: Clodsire|Clodsire, M|100\/100\n|move|p1a: Hariyama|Drain Punch|p2a: Clodsire\n|-resisted|p2a: Clodsire\n|-damage|p2a: Clodsire|82\/100\n|-heal|p1a: Hariyama|35\/100 tox|[from] drain|[of] p2a: Clodsire\n|\n|-weather|none\n|-heal|p1a: Hariyama|41\/100 tox|[from] item: Leftovers\n|-heal|p2a: Clodsire|88\/100|[from] item: Leftovers\n|-damage|p1a: Hariyama|17\/100 tox|[from] psn\n|upkeep\n|turn|17\n|\n|t:|1701112545\n|move|p1a: Hariyama|Headlong Rush|p2a: Clodsire\n|-supereffective|p2a: Clodsire\n|-damage|p2a: Clodsire|10\/100\n|-unboost|p1a: Hariyama|def|1\n|-unboost|p1a: Hariyama|spd|1\n|move|p2a: Clodsire|Recover|p2a: Clodsire\n|-heal|p2a: Clodsire|60\/100\n|\n|-heal|p1a: Hariyama|23\/100 tox|[from] item: Leftovers\n|-heal|p2a: Clodsire|66\/100|[from] item: Leftovers\n|-damage|p1a: Hariyama|0 fnt|[from] psn\n|faint|p1a: Hariyama\n|upkeep\n|\n|t:|1701112549\n|switch|p1a: Pelipper|Pelipper, M|84\/100 tox\n|-weather|RainDance|[from] ability: Drizzle|[of] p1a: Pelipper\n|turn|18\n|\n|t:|1701112552\n|switch|p2a: Toxapex|Toxapex, M|100\/100\n|move|p1a: Pelipper|Surf|p2a: Toxapex\n|-resisted|p2a: Toxapex\n|-damage|p2a: Toxapex|86\/100\n|\n|-weather|RainDance|[upkeep]\n|-damage|p1a: Pelipper|78\/100 tox|[from] psn\n|upkeep\n|turn|19\n|\n|t:|1701112556\n|switch|p2a: Garganacl|Garganacl, M|96\/100\n|move|p1a: Pelipper|Hurricane|p2a: Garganacl\n|-resisted|p2a: Garganacl\n|-damage|p2a: Garganacl|84\/100\n|\n|-weather|RainDance|[upkeep]\n|-heal|p2a: Garganacl|90\/100|[from] item: Leftovers\n|-damage|p1a: Pelipper|66\/100 tox|[from] psn\n|upkeep\n|turn|20\n|\n|t:|1701112568\n|move|p1a: Pelipper|Surf|p2a: Garganacl\n|-supereffective|p2a: Garganacl\n|-crit|p2a: Garganacl\n|-damage|p2a: Garganacl|4\/100\n|move|p2a: Garganacl|Stealth Rock|p1a: Pelipper\n|-sidestart|p1: chogtrain|move: Stealth Rock\n|\n|-weather|RainDance|[upkeep]\n|-heal|p2a: Garganacl|10\/100|[from] item: Leftovers\n|-damage|p1a: Pelipper|48\/100 tox|[from] psn\n|upkeep\n|turn|21\n|\n|t:|1701112572\n|switch|p2a: Toxapex|Toxapex, M|100\/100\n|move|p1a: Pelipper|Hurricane|p2a: Toxapex\n|-damage|p2a: Toxapex|74\/100\n|-start|p2a: Toxapex|confusion\n|\n|-weather|RainDance|[upkeep]\n|-damage|p1a: Pelipper|23\/100 tox|[from] psn\n|upkeep\n|turn|22\n|\n|t:|1701112584\n|switch|p2a: Umbreon|Umbreon, M|84\/100\n|move|p1a: Pelipper|Hurricane|p2a: Umbreon\n|-damage|p2a: Umbreon|64\/100\n|\n|-weather|RainDance|[upkeep]\n|-heal|p2a: Umbreon|70\/100|[from] item: Leftovers\n|-damage|p1a: Pelipper|0 fnt|[from] psn\n|faint|p1a: Pelipper\n|upkeep\n|\n|t:|1701112590\n|switch|p1a: Urshifu|Urshifu-Rapid-Strike, F|100\/100\n|-status|p1a: Urshifu|tox\n|-damage|p1a: Urshifu|94\/100 tox|[from] Stealth Rock\n|turn|23\n|\n|t:|1701112597\n|switch|p2a: Toxapex|Toxapex, M|100\/100\n|move|p1a: Urshifu|Close Combat|p2a: Toxapex\n|-resisted|p2a: Toxapex\n|-damage|p2a: Toxapex|77\/100\n|-unboost|p1a: Urshifu|def|1\n|-unboost|p1a: Urshifu|spd|1\n|-damage|p1a: Urshifu|78\/100 tox|[from] item: Rocky Helmet|[of] p2a: Toxapex\n|\n|-weather|RainDance|[upkeep]\n|-damage|p1a: Urshifu|72\/100 tox|[from] psn\n|upkeep\n|turn|24\n|j| BlastFilms\n|\n|t:|1701112608\n|switch|p1a: Electrode|Electrode-Hisui|47\/100\n|move|p2a: Toxapex|Haze|p2a: Toxapex\n|-clearallboost\n|\n|-weather|RainDance|[upkeep]\n|upkeep\n|turn|25\n|\n|t:|1701112625\n|switch|p2a: Umbreon|Umbreon, M|70\/100\n|move|p1a: Electrode|Volt Switch|p2a: Umbreon\n|-damage|p2a: Umbreon|58\/100\n|\n|t:|1701112630\n|switch|p1a: Urshifu|Urshifu-Rapid-Strike, F|72\/100 tox|[from] Volt Switch\n|-damage|p1a: Urshifu|65\/100 tox|[from] Stealth Rock\n|\n|-weather|none\n|-heal|p2a: Umbreon|64\/100|[from] item: Leftovers\n|-damage|p1a: Urshifu|59\/100 tox|[from] psn\n|upkeep\n|turn|26\n|\n|t:|1701112633\n|switch|p2a: Toxapex|Toxapex, M|100\/100\n|move|p1a: Urshifu|U-turn|p2a: Toxapex\n|-resisted|p2a: Toxapex\n|-damage|p2a: Toxapex|91\/100\n|-damage|p1a: Urshifu|43\/100 tox|[from] item: Rocky Helmet|[of] p2a: Toxapex\n|\n|t:|1701112636\n|switch|p1a: Electrode|Electrode-Hisui|47\/100|[from] U-turn\n|\n|upkeep\n|turn|27\n|\n|t:|1701112639\n|switch|p2a: Dipplin|Dipplin, F|93\/100\n|move|p1a: Electrode|Leaf Storm|p2a: Dipplin\n|-resisted|p2a: Dipplin\n|-damage|p2a: Dipplin|87\/100\n|-unboost|p1a: Electrode|spa|2\n|\n|upkeep\n|turn|28\n|\n|t:|1701112647\n|move|p1a: Electrode|Volt Switch|p2a: Dipplin\n|-resisted|p2a: Dipplin\n|-damage|p2a: Dipplin|85\/100\n|\n|t:|1701112649\n|switch|p1a: Barraskewda|Barraskewda, M|60\/100 psn|[from] Volt Switch\n|-damage|p1a: Barraskewda|47\/100 psn|[from] Stealth Rock\n|move|p2a: Dipplin|Dragon Tail|p1a: Barraskewda\n|-damage|p1a: Barraskewda|16\/100 psn\n|drag|p1a: Electrode|Electrode-Hisui|47\/100\n|\n|upkeep\n|turn|29\n|c| BlastFilms|lol stall moment\n|\n|t:|1701112654\n|move|p1a: Electrode|Volt Switch|p2a: Dipplin\n|-resisted|p2a: Dipplin\n|-damage|p2a: Dipplin|82\/100\n|\n|t:|1701112656\n|switch|p1a: Barraskewda|Barraskewda, M|16\/100 psn|[from] Volt Switch\n|-damage|p1a: Barraskewda|3\/100 psn|[from] Stealth Rock\n|move|p2a: Dipplin|Dragon Tail|p1a: Barraskewda\n|-damage|p1a: Barraskewda|0 fnt\n|faint|p1a: Barraskewda\n|\n|upkeep\n|\n|t:|1701112659\n|switch|p1a: Urshifu|Urshifu-Rapid-Strike, F|43\/100 tox\n|-damage|p1a: Urshifu|36\/100 tox|[from] Stealth Rock\n|turn|30\n|\n|t:|1701112663\n|move|p1a: Urshifu|U-turn|p2a: Dipplin\n|-supereffective|p2a: Dipplin\n|-damage|p2a: Dipplin|53\/100\n|\n|t:|1701112665\n|switch|p1a: Leafeon|Leafeon, F|70\/100 psn|[from] U-turn\n|-damage|p1a: Leafeon|57\/100 psn|[from] Stealth Rock\n|move|p2a: Dipplin|Dragon Tail|p1a: Leafeon\n|-damage|p1a: Leafeon|42\/100 psn\n|drag|p1a: Urshifu|Urshifu-Rapid-Strike, F|36\/100 tox\n|-damage|p1a: Urshifu|30\/100 tox|[from] Stealth Rock\n|\n|-damage|p1a: Urshifu|24\/100 tox|[from] psn\n|upkeep\n|turn|31\n|\n|t:|1701112672\n|move|p1a: Urshifu|U-turn|p2a: Dipplin\n|-supereffective|p2a: Dipplin\n|-damage|p2a: Dipplin|27\/100\n|\n|t:|1701112674\n|switch|p1a: Leafeon|Leafeon, F|42\/100 psn|[from] U-turn\n|-damage|p1a: Leafeon|29\/100 psn|[from] Stealth Rock\n|move|p2a: Dipplin|Recover|p2a: Dipplin\n|-heal|p2a: Dipplin|77\/100\n|\n|-heal|p1a: Leafeon|36\/100 psn|[from] item: Leftovers\n|-damage|p1a: Leafeon|23\/100 psn|[from] psn\n|upkeep\n|turn|32\n|\n|t:|1701112677\n|move|p1a: Leafeon|Swords Dance|p1a: Leafeon\n|-boost|p1a: Leafeon|atk|2\n|move|p2a: Dipplin|Dragon Tail|p1a: Leafeon\n|-crit|p1a: Leafeon\n|-damage|p1a: Leafeon|2\/100 psn\n|drag|p1a: Urshifu|Urshifu-Rapid-Strike, F|24\/100 tox\n|-damage|p1a: Urshifu|18\/100 tox|[from] Stealth Rock\n|\n|-damage|p1a: Urshifu|12\/100 tox|[from] psn\n|upkeep\n|turn|33\n|\n|t:|1701112685\n|move|p1a: Urshifu|U-turn|p2a: Dipplin\n|-supereffective|p2a: Dipplin\n|-damage|p2a: Dipplin|53\/100\n|\n|t:|1701112687\n|switch|p1a: Leafeon|Leafeon, F|2\/100 psn|[from] U-turn\n|-damage|p1a: Leafeon|0 fnt|[from] Stealth Rock\n|faint|p1a: Leafeon\n|move|p2a: Dipplin|Recover|p2a: Dipplin\n|-heal|p2a: Dipplin|100\/100\n|\n|upkeep\n|\n|t:|1701112689\n|switch|p1a: Urshifu|Urshifu-Rapid-Strike, F|12\/100 tox\n|-damage|p1a: Urshifu|5\/100 tox|[from] Stealth Rock\n|turn|34\n|\n|t:|1701112692\n|move|p1a: Urshifu|U-turn|p2a: Dipplin\n|-supereffective|p2a: Dipplin\n|-damage|p2a: Dipplin|73\/100\n|\n|t:|1701112694\n|switch|p1a: Electrode|Electrode-Hisui|47\/100|[from] U-turn\n|move|p2a: Dipplin|Recover|p2a: Dipplin\n|-heal|p2a: Dipplin|100\/100\n|\n|upkeep\n|turn|35\n|\n|t:|1701112704\n|move|p1a: Electrode|Thunder|p2a: Dipplin\n|-resisted|p2a: Dipplin\n|-damage|p2a: Dipplin|95\/100\n|-status|p2a: Dipplin|par\n|move|p2a: Dipplin|Infestation|p1a: Electrode\n|-supereffective|p1a: Electrode\n|-damage|p1a: Electrode|31\/100\n|-activate|p1a: Electrode|move: Infestation|[of] p2a: Dipplin\n|\n|-damage|p1a: Electrode|18\/100|[from] move: Infestation|[partiallytrapped]\n|upkeep\n|turn|36\n|\n|t:|1701112711\n|move|p1a: Electrode|Volt Switch|p2a: Dipplin\n|-resisted|p2a: Dipplin\n|-damage|p2a: Dipplin|91\/100 par\n|\n|t:|1701112714\n|switch|p1a: Urshifu|Urshifu-Rapid-Strike, F|5\/100 tox|[from] Volt Switch\n|-damage|p1a: Urshifu|0 fnt|[from] Stealth Rock\n|faint|p1a: Urshifu\n|move|p2a: Dipplin|Recover|p2a: Dipplin\n|-heal|p2a: Dipplin|100\/100 par\n|\n|upkeep\n|\n|t:|1701112716\n|switch|p1a: Electrode|Electrode-Hisui|18\/100\n|turn|37\n|\n|t:|1701112718\n|move|p1a: Electrode|Thunder|p2a: Dipplin\n|-resisted|p2a: Dipplin\n|-damage|p2a: Dipplin|96\/100 par\n|move|p2a: Dipplin|Infestation|p1a: Electrode\n|-supereffective|p1a: Electrode\n|-damage|p1a: Electrode|5\/100\n|-activate|p1a: Electrode|move: Infestation|[of] p2a: Dipplin\n|\n|-damage|p1a: Electrode|0 fnt|[from] move: Infestation|[partiallytrapped]\n|faint|p1a: Electrode\n|\n|win|the wrath of zaun\n|upkeep\n|n|\u2606chogtrain|chogtrain\n|n|\u2606the wrath of zaun|thewrathofzaun\n|n|+KaenSoul|kaensoul\n|n| xnal|xnal\n|n| Alemo_ales|alemoales\n|n| BlastFilms|blastfilms\n","uploadtime":1701112719,"views":8,"p1id":"chogtrain","p2id":"thewrathofzaun","formatid":"gen9anythinggoes","rating":0,"private":0,"password":""}