{"id":"gen9anythinggoes-1978458378","p1":"TheJoeyGuy","p2":"Jaylek","format":"[Gen 9] Anything Goes","log":"|j|\u2606TheJoeyGuy\n|j|\u2606Jaylek\n|t:|1698541601\n|gametype|singles\n|player|p1|TheJoeyGuy|1|\n|player|p2|Jaylek|aaron|\n|teamsize|p1|6\n|teamsize|p2|6\n|gen|9\n|tier|[Gen 9] Anything Goes\n|rule|HP Percentage Mod: HP is shown in percentages\n|rule|Endless Battle Clause: Forcing endless battles is banned\n|clearpoke\n|poke|p1|Chien-Pao|\n|poke|p1|Glimmora, F|\n|poke|p1|Hawlucha, M|\n|poke|p1|Ditto|\n|poke|p1|Hatterene, F|\n|poke|p1|Eiscue, F|\n|poke|p2|Typhlosion-Hisui, M|\n|poke|p2|Slowking-Galar, M|\n|poke|p2|Dipplin, F|\n|poke|p2|Baxcalibur, F|\n|poke|p2|Qwilfish, M|\n|poke|p2|Regieleki|\n|teampreview\n|c|\u2606Jaylek|glhf!\n|c|\u2606TheJoeyGuy|glhf :)\n|j| FLOOR IT\n|\n|t:|1698541646\n|start\n|switch|p1a: Hatterene|Hatterene, F|100\/100\n|switch|p2a: Haywire|Regieleki|100\/100\n|turn|1\n|\n|t:|1698541652\n|move|p2a: Haywire|Volt Switch|p1a: Hatterene\n|-damage|p1a: Hatterene|43\/100\n|\n|t:|1698541662\n|switch|p2a: Imperator|Slowking-Galar, M|100\/100|[from] Volt Switch\n|move|p1a: Hatterene|Trick Room|p1a: Hatterene\n|-fieldstart|move: Trick Room|[of] p1a: Hatterene\n|\n|-heal|p1a: Hatterene|50\/100|[from] item: Leftovers\n|upkeep\n|turn|2\n|\n|t:|1698541674\n|move|p1a: Hatterene|Calm Mind|p1a: Hatterene\n|-boost|p1a: Hatterene|spa|1\n|-boost|p1a: Hatterene|spd|1\n|move|p2a: Imperator|Sludge Bomb|p1a: Hatterene\n|-supereffective|p1a: Hatterene\n|-damage|p1a: Hatterene|0 fnt\n|faint|p1a: Hatterene\n|\n|upkeep\n|j| dancingnightmare\n|j| Lickilicky7\n|\n|t:|1698541713\n|switch|p1a: Ditto|Ditto|100\/100\n|-transform|p1a: Ditto|p2a: Imperator|[from] ability: Imposter\n|turn|3\n|\n|t:|1698541729\n|move|p2a: Imperator|Psyshock|p1a: Ditto\n|-damage|p1a: Ditto|74\/100\n|move|p1a: Ditto|Flamethrower|p2a: Imperator\n|-damage|p2a: Imperator|84\/100\n|\n|-heal|p2a: Imperator|90\/100|[from] item: Black Sludge\n|upkeep\n|turn|4\n|\n|t:|1698541739\n|move|p2a: Imperator|Psyshock|p1a: Ditto\n|-damage|p1a: Ditto|48\/100\n|move|p1a: Ditto|Flamethrower|p2a: Imperator\n|-damage|p2a: Imperator|71\/100\n|\n|-heal|p2a: Imperator|77\/100|[from] item: Black Sludge\n|upkeep\n|turn|5\n|\n|t:|1698541750\n|switch|p1a: Chien-Pao|Chien-Pao|100\/100\n|-ability|p1a: Chien-Pao|Sword of Ruin\n|move|p2a: Imperator|Psyshock|p1a: Chien-Pao\n|-immune|p1a: Chien-Pao\n|\n|-heal|p2a: Imperator|83\/100|[from] item: Black Sludge\n|-fieldend|move: Trick Room\n|upkeep\n|turn|6\n|\n|t:|1698541783\n|switch|p2a: QWILF|Qwilfish, M|100\/100\n|-ability|p2a: QWILF|Intimidate|boost\n|-unboost|p1a: Chien-Pao|atk|1\n|move|p1a: Chien-Pao|Substitute|p1a: Chien-Pao\n|-start|p1a: Chien-Pao|Substitute\n|-damage|p1a: Chien-Pao|76\/100\n|\n|upkeep\n|turn|7\n|\n|t:|1698541795\n|move|p1a: Chien-Pao|Crunch|p2a: QWILF\n|-damage|p2a: QWILF|36\/100\n|-damage|p1a: Chien-Pao|66\/100|[from] item: Life Orb\n|move|p2a: QWILF|Liquidation|p1a: Chien-Pao\n|-end|p1a: Chien-Pao|Substitute\n|\n|-heal|p2a: QWILF|42\/100|[from] item: Leftovers\n|upkeep\n|turn|8\n|\n|t:|1698541805\n|move|p1a: Chien-Pao|Crunch|p2a: QWILF\n|-damage|p2a: QWILF|0 fnt\n|faint|p2a: QWILF\n|-damage|p1a: Chien-Pao|56\/100|[from] item: Life Orb\n|\n|upkeep\n|\n|t:|1698541810\n|switch|p2a: Dripplin|Dipplin, F|100\/100\n|turn|9\n|\n|t:|1698541817\n|-terastallize|p2a: Dripplin|Normal\n|move|p1a: Chien-Pao|Icicle Crash|p2a: Dripplin\n|-damage|p2a: Dripplin|79\/100\n|-damage|p1a: Chien-Pao|46\/100|[from] item: Life Orb\n|move|p2a: Dripplin|Gyro Ball|p1a: Chien-Pao\n|-supereffective|p1a: Chien-Pao\n|-crit|p1a: Chien-Pao\n|-damage|p1a: Chien-Pao|0 fnt\n|faint|p1a: Chien-Pao\n|\n|upkeep\n|j| Alexwave55\n|\n|t:|1698541848\n|switch|p1a: Eiscue|Eiscue, F|100\/100\n|turn|10\n|l| Lickilicky7\n|j| Lickilicky7\n|\n|t:|1698541913\n|move|p1a: Eiscue|Substitute|p1a: Eiscue\n|-start|p1a: Eiscue|Substitute\n|-damage|p1a: Eiscue|76\/100\n|move|p2a: Dripplin|Giga Drain|p1a: Eiscue\n|-end|p1a: Eiscue|Substitute\n|-heal|p2a: Dripplin|89\/100|[from] drain|[of] p1a: Eiscue\n|\n|upkeep\n|turn|11\n|\n|t:|1698541930\n|switch|p1a: Glimmora|Glimmora, F|100\/100\n|move|p2a: Dripplin|Giga Drain|p1a: Glimmora\n|-damage|p1a: Glimmora|79\/100\n|-heal|p2a: Dripplin|98\/100|[from] drain|[of] p1a: Glimmora\n|\n|upkeep\n|turn|12\n|\n|t:|1698541975\n|move|p1a: Glimmora|Earth Power|p2a: Dripplin\n|-damage|p2a: Dripplin|80\/100\n|-unboost|p2a: Dripplin|spd|1\n|move|p2a: Dripplin|Gyro Ball|p1a: Glimmora\n|-supereffective|p1a: Glimmora\n|-damage|p1a: Glimmora|33\/100\n|-activate|p1a: Glimmora|ability: Toxic Debris\n|-sidestart|p2: Jaylek|move: Toxic Spikes\n|\n|upkeep\n|turn|13\n|\n|t:|1698542020\n|move|p1a: Glimmora|Sludge Wave|p2a: Dripplin\n|-damage|p2a: Dripplin|34\/100\n|move|p2a: Dripplin|Gyro Ball|p1a: Glimmora\n|-supereffective|p1a: Glimmora\n|-damage|p1a: Glimmora|0 fnt\n|-activate|p1a: Glimmora|ability: Toxic Debris\n|-sidestart|p2: Jaylek|move: Toxic Spikes\n|faint|p1a: Glimmora\n|\n|upkeep\n|\n|t:|1698542034\n|switch|p1a: Hawlucha|Hawlucha, M|100\/100\n|turn|14\n|\n|t:|1698542043\n|move|p1a: Hawlucha|Fling|p2a: Dripplin\n|-damage|p2a: Dripplin|16\/100\n|-enditem|p1a: Hawlucha|Big Nugget|[from] move: Fling\n|move|p2a: Dripplin|Draco Meteor|p1a: Hawlucha\n|-damage|p1a: Hawlucha|23\/100\n|-unboost|p2a: Dripplin|spa|2\n|\n|upkeep\n|turn|15\n|\n|t:|1698542057\n|move|p1a: Hawlucha|Acrobatics|p2a: Dripplin\n|-damage|p2a: Dripplin|0 fnt\n|faint|p2a: Dripplin\n|\n|upkeep\n|\n|t:|1698542064\n|switch|p2a: Imperator|Slowking-Galar, M|100\/100\n|-sideend|p2: Jaylek|move: Toxic Spikes|[of] p2a: Imperator\n|turn|16\n|c| FLOOR IT|FLING BIG NUGGET\n|c|\u2606Jaylek|is it a dino nugget\n|c|\u2606TheJoeyGuy|i was hoping for switch\n|c| FLOOR IT|I've never been more proud of you Joey\n|\n|t:|1698542108\n|switch|p1a: Ditto|Ditto|81\/100\n|-transform|p1a: Ditto|p2a: Imperator|[from] ability: Imposter\n|move|p2a: Imperator|Sludge Bomb|p1a: Ditto\n|-resisted|p1a: Ditto\n|-damage|p1a: Ditto|63\/100\n|\n|upkeep\n|turn|17\n|\n|t:|1698542127\n|move|p1a: Ditto|Psyshock|p2a: Imperator\n|-damage|p2a: Imperator|80\/100\n|move|p2a: Imperator|Psyshock|p1a: Ditto\n|-damage|p1a: Ditto|33\/100\n|\n|-heal|p2a: Imperator|86\/100|[from] item: Black Sludge\n|upkeep\n|turn|18\n|\n|t:|1698542164\n|move|p1a: Ditto|Psyshock|p2a: Imperator\n|-damage|p2a: Imperator|64\/100\n|move|p2a: Imperator|Psyshock|p1a: Ditto\n|-damage|p1a: Ditto|5\/100\n|\n|-heal|p2a: Imperator|70\/100|[from] item: Black Sludge\n|upkeep\n|turn|19\n|c|\u2606Jaylek|switching was tempting but I couldn't let you SD for free\n|\n|t:|1698542174\n|move|p1a: Ditto|Psyshock|p2a: Imperator\n|-damage|p2a: Imperator|47\/100\n|move|p2a: Imperator|Slack Off|p2a: Imperator\n|-heal|p2a: Imperator|97\/100\n|\n|-heal|p2a: Imperator|100\/100|[from] item: Black Sludge\n|upkeep\n|turn|20\n|c|\u2606TheJoeyGuy|with what speed against a regieleki?\n|c|\u2606TheJoeyGuy|no unburden boost so i wasnt doing jack\n|\n|t:|1698542230\n|move|p1a: Ditto|Psyshock|p2a: Imperator\n|-damage|p2a: Imperator|78\/100\n|move|p2a: Imperator|Psyshock|p1a: Ditto\n|-damage|p1a: Ditto|0 fnt\n|faint|p1a: Ditto\n|\n|-heal|p2a: Imperator|84\/100|[from] item: Black Sludge\n|upkeep\n|j| Ryno5311\n|c|\u2606Jaylek|didn't know your tera\n|\n|t:|1698542250\n|switch|p1a: Eiscue|Eiscue, F|76\/100\n|turn|21\n|c|\u2606TheJoeyGuy|fair point\n|c| Ryno5311|You realize cc white herb is the most common hawlucha set joey\n|c|\u2606TheJoeyGuy|yes i know this\n|c|\u2606TheJoeyGuy|but i dont like it\n|c| Ryno5311|Its not like jaylek knew that\n|\n|t:|1698542289\n|move|p1a: Eiscue|Ice Spinner|p2a: Imperator\n|-damage|p2a: Imperator|63\/100\n|move|p2a: Imperator|Sludge Bomb|p1a: Eiscue\n|-damage|p1a: Eiscue|34\/100\n|\n|-heal|p2a: Imperator|69\/100|[from] item: Black Sludge\n|upkeep\n|turn|22\n|\n|t:|1698542297\n|move|p1a: Eiscue|Ice Spinner|p2a: Imperator\n|-damage|p2a: Imperator|48\/100\n|move|p2a: Imperator|Sludge Bomb|p1a: Eiscue\n|-damage|p1a: Eiscue|0 fnt\n|faint|p1a: Eiscue\n|\n|-heal|p2a: Imperator|54\/100|[from] item: Black Sludge\n|upkeep\n|\n|t:|1698542305\n|switch|p1a: Hawlucha|Hawlucha, M|23\/100\n|turn|23\n|\n|t:|1698542312\n|move|p1a: Hawlucha|Stone Edge|p2a: Imperator\n|-crit|p2a: Imperator\n|-damage|p2a: Imperator|19\/100\n|move|p2a: Imperator|Sludge Bomb|p1a: Hawlucha\n|-damage|p1a: Hawlucha|0 fnt\n|faint|p1a: Hawlucha\n|\n|win|Jaylek\n|c|\u2606Jaylek|gg\n|c|\u2606TheJoeyGuy|gg\n|l| Lickilicky7\n|c| FLOOR IT|Landed a stone edge\n|c| FLOOR IT|What is this witch craft\n|c|\u2606Jaylek|fling hawlu was good tech fr\n|l| dancingnightmare\n|c|\u2606TheJoeyGuy|you have a lot of dark type weakness so i was hoping to catch a switch\n|l| Ryno5311\n|c|\u2606Jaylek|that def makes sense\n|j| dancingnightmare\n|c|\u2606Jaylek|I can snag the replay\n","uploadtime":1698542322,"views":18,"p1id":"thejoeyguy","p2id":"jaylek","formatid":"gen9anythinggoes","rating":0,"private":0,"password":""}