{"id":"gen9anythinggoes-1990137860","p1":"PKRS Romeo","p2":"Roman25","format":"[Gen 9] Anything Goes","log":"|j|\u2606PKRS Romeo\n|j|\u2606Roman25\n|t:|1699928650\n|gametype|singles\n|player|p1|PKRS Romeo|benga|\n|player|p2|Roman25|hilbert|\n|teamsize|p1|6\n|teamsize|p2|6\n|gen|9\n|tier|[Gen 9] Anything Goes\n|rule|HP Percentage Mod: HP is shown in percentages\n|rule|Endless Battle Clause: Forcing endless battles is banned\n|clearpoke\n|poke|p1|Basculegion, M|\n|poke|p1|Toxapex, M|\n|poke|p1|Pelipper, M|\n|poke|p1|Clodsire, M|\n|poke|p1|Iron Bundle|\n|poke|p1|Regieleki|\n|poke|p2|Toedscruel, F|\n|poke|p2|Iron Bundle|\n|poke|p2|Clodsire, M|\n|poke|p2|Sandy Shocks|\n|poke|p2|Ting-Lu|\n|poke|p2|Urshifu-*, F|\n|teampreview\n|inactive|Battle timer is ON: inactive players will automatically lose when time's up. (requested by Roman25)\n|inactive|PKRS Romeo has 270 seconds left.\n|inactive|PKRS Romeo has 240 seconds left.\n|\n|t:|1699928742\n|start\n|switch|p1a: Iron Bundle|Iron Bundle|100\/100\n|switch|p2a: Sandy Shocks|Sandy Shocks|100\/100\n|-enditem|p1a: Iron Bundle|Booster Energy\n|-activate|p1a: Iron Bundle|ability: Quark Drive|[fromitem]\n|-start|p1a: Iron Bundle|quarkdrivespe\n|turn|1\n|\n|t:|1699928757\n|move|p1a: Iron Bundle|Freeze-Dry|p2a: Sandy Shocks\n|-supereffective|p2a: Sandy Shocks\n|-damage|p2a: Sandy Shocks|9\/100\n|move|p2a: Sandy Shocks|Thunderbolt|p1a: Iron Bundle\n|-supereffective|p1a: Iron Bundle\n|-damage|p1a: Iron Bundle|0 fnt\n|faint|p1a: Iron Bundle\n|-end|p1a: Iron Bundle|Quark Drive|[silent]\n|\n|upkeep\n|inactive|PKRS Romeo has 270 seconds left.\n|inactive|PKRS Romeo has 240 seconds left.\n|inactive|PKRS Romeo has 210 seconds left.\n|inactive|PKRS Romeo has 180 seconds left.\n|\n|t:|1699928859\n|switch|p1a: Regieleki|Regieleki|100\/100\n|turn|2\n|inactive|PKRS Romeo has 180 seconds left.\n|\n|t:|1699928894\n|-end|p2a: Sandy Shocks|Protosynthesis|[silent]\n|switch|p2a: Ting-Lu|Ting-Lu|100\/100\n|-ability|p2a: Ting-Lu|Vessel of Ruin\n|-terastallize|p1a: Regieleki|Ice\n|move|p1a: Regieleki|Tera Blast|p2a: Ting-Lu|[anim] Tera Blast Ice\n|-supereffective|p2a: Ting-Lu\n|-damage|p2a: Ting-Lu|67\/100\n|\n|-heal|p2a: Ting-Lu|74\/100|[from] item: Leftovers\n|upkeep\n|turn|3\n|inactive|PKRS Romeo has 150 seconds left.\n|\n|t:|1699928910\n|move|p1a: Regieleki|Tera Blast|p2a: Ting-Lu|[anim] Tera Blast Ice\n|-supereffective|p2a: Ting-Lu\n|-damage|p2a: Ting-Lu|41\/100\n|move|p2a: Ting-Lu|Spikes|p1a: Regieleki\n|-sidestart|p1: PKRS Romeo|Spikes\n|\n|-heal|p2a: Ting-Lu|47\/100|[from] item: Leftovers\n|upkeep\n|turn|4\n|\n|t:|1699928917\n|move|p2a: Ting-Lu|Protect|p2a: Ting-Lu\n|-singleturn|p2a: Ting-Lu|Protect\n|move|p1a: Regieleki|Tera Blast|p2a: Ting-Lu|[anim] Tera Blast Ice\n|-activate|p2a: Ting-Lu|move: Protect\n|\n|-heal|p2a: Ting-Lu|53\/100|[from] item: Leftovers\n|upkeep\n|turn|5\n|\n|t:|1699928945\n|-terastallize|p2a: Ting-Lu|Dark\n|move|p1a: Regieleki|Tera Blast|p2a: Ting-Lu|[anim] Tera Blast Ice\n|-crit|p2a: Ting-Lu\n|-damage|p2a: Ting-Lu|25\/100\n|move|p2a: Ting-Lu|Spikes|p1a: Regieleki\n|-sidestart|p1: PKRS Romeo|Spikes\n|\n|-heal|p2a: Ting-Lu|31\/100|[from] item: Leftovers\n|upkeep\n|turn|6\n|\n|t:|1699928953\n|move|p1a: Regieleki|Tera Blast|p2a: Ting-Lu|[anim] Tera Blast Ice\n|-damage|p2a: Ting-Lu|15\/100\n|move|p2a: Ting-Lu|Whirlwind|p1a: Regieleki\n|drag|p1a: Pelipper|Pelipper, M|100\/100\n|-weather|RainDance|[from] ability: Drizzle|[of] p1a: Pelipper\n|\n|-weather|RainDance|[upkeep]\n|-heal|p2a: Ting-Lu|21\/100|[from] item: Leftovers\n|upkeep\n|turn|7\n|\n|t:|1699928971\n|switch|p2a: Clodsire|Clodsire, M|100\/100\n|move|p1a: Pelipper|Knock Off|p2a: Clodsire\n|-damage|p2a: Clodsire|88\/100\n|-enditem|p2a: Clodsire|Black Sludge|[from] move: Knock Off|[of] p1a: Pelipper\n|\n|-weather|RainDance|[upkeep]\n|upkeep\n|turn|8\n|inactive|PKRS Romeo has 180 seconds left.\n|\n|t:|1699928987\n|move|p1a: Pelipper|U-turn|p2a: Clodsire\n|-resisted|p2a: Clodsire\n|-damage|p2a: Clodsire|84\/100\n|\n|t:|1699928991\n|switch|p1a: Toxapex|Toxapex, M|100\/100|[from] U-turn\n|-damage|p1a: Toxapex|84\/100|[from] Spikes\n|move|p2a: Clodsire|Toxic|p1a: Toxapex\n|-immune|p1a: Toxapex\n|\n|-weather|RainDance|[upkeep]\n|upkeep\n|turn|9\n|\n|t:|1699928998\n|move|p1a: Toxapex|Ice Beam|p2a: Clodsire\n|-supereffective|p2a: Clodsire\n|-damage|p2a: Clodsire|72\/100\n|-status|p2a: Clodsire|frz\n|-curestatus|p2a: Clodsire|frz|[msg]\n|move|p2a: Clodsire|Earthquake|p1a: Toxapex\n|-supereffective|p1a: Toxapex\n|-damage|p1a: Toxapex|52\/100\n|\n|-weather|RainDance|[upkeep]\n|upkeep\n|turn|10\n|\n|t:|1699929010\n|move|p1a: Toxapex|Recover|p1a: Toxapex\n|-heal|p1a: Toxapex|100\/100\n|move|p2a: Clodsire|Earthquake|p1a: Toxapex\n|-supereffective|p1a: Toxapex\n|-damage|p1a: Toxapex|65\/100\n|\n|-weather|RainDance|[upkeep]\n|upkeep\n|turn|11\n|\n|t:|1699929019\n|move|p1a: Toxapex|Ice Beam|p2a: Clodsire\n|-supereffective|p2a: Clodsire\n|-damage|p2a: Clodsire|61\/100\n|move|p2a: Clodsire|Earthquake|p1a: Toxapex\n|-supereffective|p1a: Toxapex\n|-damage|p1a: Toxapex|31\/100\n|\n|-weather|RainDance|[upkeep]\n|upkeep\n|turn|12\n|\n|t:|1699929031\n|switch|p1a: Pelipper|Pelipper, M|100\/100\n|switch|p2a: Sandy Shocks|Sandy Shocks|9\/100\n|\n|-weather|RainDance|[upkeep]\n|upkeep\n|turn|13\n|\n|t:|1699929054\n|switch|p1a: Clodsire|Clodsire, M|100\/100\n|-damage|p1a: Clodsire|84\/100|[from] Spikes\n|move|p2a: Sandy Shocks|Volt Switch|p1a: Clodsire\n|-immune|p1a: Clodsire\n|\n|-weather|none\n|-heal|p1a: Clodsire|90\/100|[from] item: Leftovers\n|upkeep\n|turn|14\n|\n|t:|1699929065\n|move|p2a: Sandy Shocks|Stealth Rock|p1a: Clodsire\n|-sidestart|p1: PKRS Romeo|move: Stealth Rock\n|move|p1a: Clodsire|Poison Jab|p2a: Sandy Shocks\n|-resisted|p2a: Sandy Shocks\n|-damage|p2a: Sandy Shocks|0 fnt\n|faint|p2a: Sandy Shocks\n|-end|p2a: Sandy Shocks|Protosynthesis|[silent]\n|\n|-heal|p1a: Clodsire|96\/100|[from] item: Leftovers\n|upkeep\n|\n|t:|1699929088\n|switch|p2a: Ting-Lu|Ting-Lu, tera:Dark|21\/100\n|-ability|p2a: Ting-Lu|Vessel of Ruin\n|turn|15\n|\n|t:|1699929094\n|move|p2a: Ting-Lu|Protect|p2a: Ting-Lu\n|-singleturn|p2a: Ting-Lu|Protect\n|move|p1a: Clodsire|Toxic|p2a: Ting-Lu\n|-activate|p2a: Ting-Lu|move: Protect\n|\n|-heal|p2a: Ting-Lu|27\/100|[from] item: Leftovers\n|-heal|p1a: Clodsire|100\/100|[from] item: Leftovers\n|upkeep\n|turn|16\n|inactive|PKRS Romeo has 210 seconds left.\n|\n|t:|1699929118\n|switch|p2a: Clodsire|Clodsire, M|61\/100\n|move|p1a: Clodsire|Stockpile|p1a: Clodsire\n|-start|p1a: Clodsire|stockpile1\n|-boost|p1a: Clodsire|def|1\n|-boost|p1a: Clodsire|spd|1\n|\n|upkeep\n|turn|17\n|\n|t:|1699929127\n|move|p2a: Clodsire|Earthquake|p1a: Clodsire\n|-supereffective|p1a: Clodsire\n|-crit|p1a: Clodsire\n|-damage|p1a: Clodsire|32\/100\n|move|p1a: Clodsire|Stockpile|p1a: Clodsire\n|-start|p1a: Clodsire|stockpile2\n|-boost|p1a: Clodsire|def|1\n|-boost|p1a: Clodsire|spd|1\n|\n|-heal|p1a: Clodsire|38\/100|[from] item: Leftovers\n|upkeep\n|turn|18\n|inactive|PKRS Romeo has 210 seconds left.\n|\n|t:|1699929137\n|move|p1a: Clodsire|Recover|p1a: Clodsire\n|-heal|p1a: Clodsire|88\/100\n|move|p2a: Clodsire|Earthquake|p1a: Clodsire\n|-supereffective|p1a: Clodsire\n|-damage|p1a: Clodsire|66\/100\n|\n|-heal|p1a: Clodsire|72\/100|[from] item: Leftovers\n|upkeep\n|turn|19\n|inactive|PKRS Romeo has 210 seconds left.\n|\n|t:|1699929149\n|switch|p2a: Toedscruel|Toedscruel, F|100\/100\n|move|p1a: Clodsire|Recover|p1a: Clodsire\n|-heal|p1a: Clodsire|100\/100\n|\n|upkeep\n|turn|20\n|\n|t:|1699929157\n|move|p1a: Clodsire|Toxic|p2a: Toedscruel\n|-status|p2a: Toedscruel|tox\n|move|p2a: Toedscruel|Spore|p1a: Clodsire\n|-status|p1a: Clodsire|slp|[from] move: Spore\n|\n|-damage|p2a: Toedscruel|94\/100 tox|[from] psn\n|upkeep\n|turn|21\n|\n|t:|1699929168\n|switch|p2a: Ting-Lu|Ting-Lu, tera:Dark|27\/100\n|-ability|p2a: Ting-Lu|Vessel of Ruin\n|cant|p1a: Clodsire|slp\n|\n|-heal|p2a: Ting-Lu|33\/100|[from] item: Leftovers\n|upkeep\n|turn|22\n|\n|t:|1699929178\n|-curestatus|p1a: Clodsire|slp|[msg]\n|move|p1a: Clodsire|Poison Jab|p2a: Ting-Lu\n|-damage|p2a: Ting-Lu|22\/100\n|-status|p2a: Ting-Lu|psn\n|move|p2a: Ting-Lu|Whirlwind|p1a: Clodsire\n|drag|p1a: Regieleki|Regieleki, tera:Ice|100\/100\n|\n|-heal|p2a: Ting-Lu|28\/100 psn|[from] item: Leftovers\n|-damage|p2a: Ting-Lu|16\/100 psn|[from] psn\n|upkeep\n|turn|23\n|\n|t:|1699929198\n|move|p2a: Ting-Lu|Protect|p2a: Ting-Lu\n|-singleturn|p2a: Ting-Lu|Protect\n|move|p1a: Regieleki|Tera Blast|p2a: Ting-Lu|[anim] Tera Blast Ice\n|-activate|p2a: Ting-Lu|move: Protect\n|\n|-heal|p2a: Ting-Lu|22\/100 psn|[from] item: Leftovers\n|-damage|p2a: Ting-Lu|10\/100 psn|[from] psn\n|upkeep\n|turn|24\n|\n|t:|1699929216\n|switch|p2a: Urshifu|Urshifu-Rapid-Strike, F|100\/100\n|move|p1a: Regieleki|Rapid Spin|p2a: Urshifu\n|-damage|p2a: Urshifu|89\/100\n|-boost|p1a: Regieleki|spe|1\n|-sideend|p1: PKRS Romeo|Spikes|[from] move: Rapid Spin|[of] p1a: Regieleki\n|-sideend|p1: PKRS Romeo|Stealth Rock|[from] move: Rapid Spin|[of] p1a: Regieleki\n|\n|upkeep\n|turn|25\n|inactive|Roman25 has 270 seconds left.\n|\n|t:|1699929237\n|move|p2a: Urshifu|Protect|p2a: Urshifu\n|-singleturn|p2a: Urshifu|Protect\n|move|p1a: Regieleki|Volt Switch|p2a: Urshifu\n|-activate|p2a: Urshifu|move: Protect\n|\n|upkeep\n|turn|26\n|\n|t:|1699929246\n|switch|p2a: Clodsire|Clodsire, M|61\/100\n|move|p1a: Regieleki|Volt Switch|p2a: Clodsire\n|-immune|p2a: Clodsire\n|\n|upkeep\n|turn|27\n|\n|t:|1699929256\n|move|p1a: Regieleki|Tera Blast|p2a: Clodsire|[anim] Tera Blast Ice\n|-supereffective|p2a: Clodsire\n|-damage|p2a: Clodsire|19\/100\n|move|p2a: Clodsire|Earthquake|p1a: Regieleki\n|-damage|p1a: Regieleki|47\/100\n|\n|upkeep\n|turn|28\n|inactive|Roman25 has 270 seconds left.\n|\n|t:|1699929284\n|move|p1a: Regieleki|Tera Blast|p2a: Clodsire|[anim] Tera Blast Ice\n|-supereffective|p2a: Clodsire\n|-damage|p2a: Clodsire|0 fnt\n|faint|p2a: Clodsire\n|\n|upkeep\n|\n|t:|1699929292\n|switch|p2a: Urshifu|Urshifu-Rapid-Strike, F|89\/100\n|turn|29\n|inactive|PKRS Romeo has 270 seconds left.\n|\n|t:|1699929304\n|switch|p1a: Toxapex|Toxapex, M|64\/100\n|move|p2a: Urshifu|Aqua Jet|p1a: Toxapex\n|-resisted|p1a: Toxapex\n|-damage|p1a: Toxapex|55\/100\n|-damage|p2a: Urshifu|73\/100|[from] item: Rocky Helmet|[of] p1a: Toxapex\n|\n|upkeep\n|turn|30\n|inactive|PKRS Romeo has 270 seconds left.\n|inactive|Roman25 has 270 seconds left.\n|\n|t:|1699929318\n|switch|p2a: Ting-Lu|Ting-Lu, tera:Dark|10\/100 psn\n|-ability|p2a: Ting-Lu|Vessel of Ruin\n|switch|p1a: Pelipper|Pelipper, M|100\/100\n|-weather|RainDance|[from] ability: Drizzle|[of] p1a: Pelipper\n|\n|-weather|RainDance|[upkeep]\n|-heal|p2a: Ting-Lu|16\/100 psn|[from] item: Leftovers\n|-damage|p2a: Ting-Lu|3\/100 psn|[from] psn\n|upkeep\n|turn|31\n|inactive|PKRS Romeo has 270 seconds left.\n|\n|t:|1699929328\n|move|p1a: Pelipper|Hurricane|p2a: Ting-Lu\n|-damage|p2a: Ting-Lu|0 fnt\n|faint|p2a: Ting-Lu\n|\n|-weather|RainDance|[upkeep]\n|upkeep\n|\n|t:|1699929333\n|switch|p2a: Iron Bundle|Iron Bundle|100\/100\n|-enditem|p2a: Iron Bundle|Booster Energy\n|-activate|p2a: Iron Bundle|ability: Quark Drive|[fromitem]\n|-start|p2a: Iron Bundle|quarkdrivespe\n|turn|32\n|\n|t:|1699929343\n|move|p2a: Iron Bundle|Freeze-Dry|p1a: Pelipper\n|-supereffective|p1a: Pelipper\n|-damage|p1a: Pelipper|0 fnt\n|faint|p1a: Pelipper\n|\n|-weather|RainDance|[upkeep]\n|upkeep\n|inactive|PKRS Romeo has 270 seconds left.\n|\n|t:|1699929364\n|switch|p1a: Clodsire|Clodsire, M|100\/100\n|turn|33\n|\n|t:|1699929370\n|move|p2a: Iron Bundle|Protect|p2a: Iron Bundle\n|-singleturn|p2a: Iron Bundle|Protect\n|move|p1a: Clodsire|Toxic|p2a: Iron Bundle\n|-activate|p2a: Iron Bundle|move: Protect\n|\n|-weather|RainDance|[upkeep]\n|upkeep\n|turn|34\n|\n|t:|1699929380\n|move|p2a: Iron Bundle|Freeze-Dry|p1a: Clodsire\n|-supereffective|p1a: Clodsire\n|-damage|p1a: Clodsire|54\/100\n|move|p1a: Clodsire|Toxic|p2a: Iron Bundle\n|-status|p2a: Iron Bundle|tox\n|\n|-weather|RainDance|[upkeep]\n|-heal|p1a: Clodsire|60\/100|[from] item: Leftovers\n|-damage|p2a: Iron Bundle|95\/100 tox|[from] psn\n|upkeep\n|turn|35\n|\n|t:|1699929387\n|move|p2a: Iron Bundle|Freeze-Dry|p1a: Clodsire\n|-supereffective|p1a: Clodsire\n|-damage|p1a: Clodsire|13\/100\n|move|p1a: Clodsire|Poison Jab|p2a: Iron Bundle\n|-damage|p2a: Iron Bundle|66\/100 tox\n|\n|-weather|RainDance|[upkeep]\n|-heal|p1a: Clodsire|19\/100|[from] item: Leftovers\n|-damage|p2a: Iron Bundle|54\/100 tox|[from] psn\n|upkeep\n|turn|36\n|\n|t:|1699929393\n|move|p2a: Iron Bundle|Freeze-Dry|p1a: Clodsire\n|-supereffective|p1a: Clodsire\n|-damage|p1a: Clodsire|0 fnt\n|faint|p1a: Clodsire\n|\n|-weather|RainDance|[upkeep]\n|-damage|p2a: Iron Bundle|36\/100 tox|[from] psn\n|upkeep\n|\n|t:|1699929415\n|switch|p1a: Basculegion|Basculegion, M|100\/100\n|turn|37\n|\n|t:|1699929441\n|move|p2a: Iron Bundle|Protect|p2a: Iron Bundle\n|-singleturn|p2a: Iron Bundle|Protect\n|move|p1a: Basculegion|Last Respects|p2a: Iron Bundle\n|-activate|p2a: Iron Bundle|move: Protect\n|\n|-weather|none\n|-damage|p2a: Iron Bundle|13\/100 tox|[from] psn\n|upkeep\n|turn|38\n|inactive|PKRS Romeo has 270 seconds left.\n|\n|t:|1699929475\n|switch|p1a: Toxapex|Toxapex, M|88\/100\n|move|p2a: Iron Bundle|Freeze-Dry|p1a: Toxapex\n|-supereffective|p1a: Toxapex\n|-damage|p1a: Toxapex|29\/100\n|-status|p1a: Toxapex|frz\n|\n|-damage|p2a: Iron Bundle|0 fnt|[from] psn\n|faint|p2a: Iron Bundle\n|-end|p2a: Iron Bundle|Quark Drive|[silent]\n|upkeep\n|\n|t:|1699929484\n|switch|p2a: Toedscruel|Toedscruel, F|94\/100 tox\n|turn|39\n|\n|t:|1699929493\n|move|p2a: Toedscruel|Earth Power|p1a: Toxapex\n|-supereffective|p1a: Toxapex\n|-damage|p1a: Toxapex|0 fnt\n|faint|p1a: Toxapex\n|\n|-damage|p2a: Toedscruel|88\/100 tox|[from] psn\n|upkeep\n|\n|t:|1699929505\n|switch|p1a: Regieleki|Regieleki, tera:Ice|47\/100\n|turn|40\n|\n|t:|1699929521\n|move|p1a: Regieleki|Tera Blast|p2a: Toedscruel|[anim] Tera Blast Ice\n|-supereffective|p2a: Toedscruel\n|-damage|p2a: Toedscruel|0 fnt\n|faint|p2a: Toedscruel\n|\n|upkeep\n|\n|t:|1699929525\n|switch|p2a: Urshifu|Urshifu-Rapid-Strike, F|73\/100\n|turn|41\n|\n|t:|1699929529\n|move|p2a: Urshifu|Aqua Jet|p1a: Regieleki\n|-damage|p1a: Regieleki|0 fnt\n|faint|p1a: Regieleki\n|\n|upkeep\n|\n|t:|1699929533\n|switch|p1a: Basculegion|Basculegion, M|100\/100\n|turn|42\n|\n|t:|1699929536\n|move|p2a: Urshifu|Protect|p2a: Urshifu\n|-singleturn|p2a: Urshifu|Protect\n|move|p1a: Basculegion|Last Respects|p2a: Urshifu\n|-activate|p2a: Urshifu|move: Protect\n|\n|upkeep\n|turn|43\n|\n|t:|1699929544\n|move|p2a: Urshifu|Surging Strikes|p1a: Basculegion\n|-resisted|p1a: Basculegion\n|-crit|p1a: Basculegion\n|-damage|p1a: Basculegion|83\/100\n|-resisted|p1a: Basculegion\n|-crit|p1a: Basculegion\n|-damage|p1a: Basculegion|68\/100\n|-resisted|p1a: Basculegion\n|-crit|p1a: Basculegion\n|-damage|p1a: Basculegion|51\/100\n|-hitcount|p1a: Basculegion|3\n|move|p1a: Basculegion|Last Respects|p2a: Urshifu\n|-crit|p2a: Urshifu\n|-damage|p2a: Urshifu|0 fnt\n|faint|p2a: Urshifu\n|-damage|p1a: Basculegion|41\/100|[from] item: Life Orb\n|\n|win|PKRS Romeo\n|l|\u2606Roman25\n","uploadtime":1699929556,"views":5,"p1id":"pkrsromeo","p2id":"roman25","formatid":"gen9anythinggoes","rating":0,"private":0,"password":""}