{"id":"gen9anythinggoes-1976046115","p1":"unthinkable inking","p2":"darkboot80","format":"[Gen 9] Anything Goes","log":"|j|\u2606unthinkable inking\n|j|\u2606darkboot80\n|t:|1698259157\n|gametype|singles\n|player|p1|unthinkable inking|harlequin|1000\n|player|p2|darkboot80|benga|1000\n|teamsize|p1|6\n|teamsize|p2|6\n|gen|9\n|tier|[Gen 9] Anything Goes\n|rated|\n|rule|HP Percentage Mod: HP is shown in percentages\n|rule|Endless Battle Clause: Forcing endless battles is banned\n|clearpoke\n|poke|p1|Garchomp, F|\n|poke|p1|Cloyster, M|\n|poke|p1|Ditto|\n|poke|p1|Dudunsparce-*, M|\n|poke|p1|Calyrex-Shadow|\n|poke|p1|Mewtwo|\n|poke|p2|Ceruledge, M|\n|poke|p2|Regieleki|\n|poke|p2|Walking Wake|\n|poke|p2|Regidrago|\n|poke|p2|Rayquaza|\n|poke|p2|Zacian-*|\n|teampreview\n|\n|t:|1698259188\n|start\n|switch|p1a: Dudunsparce|Dudunsparce-Three-Segment, M|100\/100\n|switch|p2a: Regieleki|Regieleki|100\/100\n|turn|1\n|\n|t:|1698259211\n|move|p2a: Regieleki|Thunder Cage|p1a: Dudunsparce\n|-damage|p1a: Dudunsparce|66\/100\n|-activate|p1a: Dudunsparce|move: Thunder Cage|[of] p2a: Regieleki\n|move|p1a: Dudunsparce|Coil|p1a: Dudunsparce\n|-boost|p1a: Dudunsparce|atk|1\n|-boost|p1a: Dudunsparce|def|1\n|-boost|p1a: Dudunsparce|accuracy|1\n|\n|-heal|p1a: Dudunsparce|72\/100|[from] item: Leftovers\n|-damage|p1a: Dudunsparce|60\/100|[from] move: Thunder Cage|[partiallytrapped]\n|upkeep\n|turn|2\n|\n|t:|1698259223\n|move|p2a: Regieleki|Ancient Power|p1a: Dudunsparce\n|-damage|p1a: Dudunsparce|46\/100\n|move|p1a: Dudunsparce|Agility|p1a: Dudunsparce\n|-boost|p1a: Dudunsparce|spe|2\n|\n|-heal|p1a: Dudunsparce|52\/100|[from] item: Leftovers\n|-damage|p1a: Dudunsparce|40\/100|[from] move: Thunder Cage|[partiallytrapped]\n|upkeep\n|turn|3\n|\n|t:|1698259234\n|move|p2a: Regieleki|Thunder|p1a: Dudunsparce\n|-damage|p1a: Dudunsparce|0 fnt\n|faint|p1a: Dudunsparce\n|\n|upkeep\n|\n|t:|1698259238\n|switch|p1a: Garchomp|Garchomp, F|100\/100\n|turn|4\n|\n|t:|1698259252\n|switch|p2a: Walking Wake|Walking Wake|100\/100\n|move|p1a: Garchomp|Earthquake|p2a: Walking Wake\n|-damage|p2a: Walking Wake|52\/100\n|\n|upkeep\n|turn|5\n|\n|t:|1698259265\n|move|p1a: Garchomp|Dragon Claw|p2a: Walking Wake\n|-supereffective|p2a: Walking Wake\n|-damage|p2a: Walking Wake|0 fnt\n|faint|p2a: Walking Wake\n|-end|p2a: Walking Wake|Protosynthesis|[silent]\n|\n|upkeep\n|\n|t:|1698259271\n|switch|p2a: Zacian|Zacian-Crowned|100\/100\n|-ability|p2a: Zacian|Intrepid Sword|boost\n|-boost|p2a: Zacian|atk|1\n|turn|6\n|\n|t:|1698259277\n|-terastallize|p1a: Garchomp|Fire\n|move|p1a: Garchomp|Fire Fang|p2a: Zacian\n|-supereffective|p2a: Zacian\n|-damage|p2a: Zacian|47\/100\n|-status|p2a: Zacian|brn\n|move|p2a: Zacian|Dazzling Gleam|p1a: Garchomp\n|-resisted|p1a: Garchomp\n|-damage|p1a: Garchomp|89\/100\n|\n|-heal|p1a: Garchomp|95\/100|[from] item: Leftovers\n|-damage|p2a: Zacian|41\/100 brn|[from] brn\n|upkeep\n|turn|7\n|\n|t:|1698259296\n|switch|p2a: Rayquaza|Rayquaza|100\/100\n|-ability|p2a: Rayquaza|Air Lock\n|move|p1a: Garchomp|Fire Fang|p2a: Rayquaza\n|-resisted|p2a: Rayquaza\n|-damage|p2a: Rayquaza|86\/100\n|-status|p2a: Rayquaza|brn\n|\n|-heal|p1a: Garchomp|100\/100|[from] item: Leftovers\n|-damage|p2a: Rayquaza|80\/100 brn|[from] brn\n|upkeep\n|turn|8\n|\n|t:|1698259324\n|move|p1a: Garchomp|Dragon Claw|p2a: Rayquaza\n|-supereffective|p2a: Rayquaza\n|-damage|p2a: Rayquaza|0 fnt\n|faint|p2a: Rayquaza\n|\n|upkeep\n|\n|t:|1698259333\n|switch|p2a: Regidrago|Regidrago|100\/100\n|turn|9\n|\n|t:|1698259341\n|move|p1a: Garchomp|Dragon Claw|p2a: Regidrago\n|-supereffective|p2a: Regidrago\n|-damage|p2a: Regidrago|22\/100\n|move|p2a: Regidrago|Dragon Energy|p1a: Garchomp\n|-damage|p1a: Garchomp|81\/100\n|\n|-heal|p1a: Garchomp|87\/100|[from] item: Leftovers\n|upkeep\n|turn|10\n|\n|t:|1698259357\n|move|p1a: Garchomp|Dragon Claw|p2a: Regidrago\n|-supereffective|p2a: Regidrago\n|-damage|p2a: Regidrago|0 fnt\n|faint|p2a: Regidrago\n|\n|-heal|p1a: Garchomp|94\/100|[from] item: Leftovers\n|upkeep\n|\n|t:|1698259372\n|switch|p2a: Ceruledge|Ceruledge, M, shiny|100\/100\n|turn|11\n|\n|t:|1698259376\n|move|p1a: Garchomp|Shadow Claw|p2a: Ceruledge\n|-supereffective|p2a: Ceruledge\n|-damage|p2a: Ceruledge|54\/100\n|move|p2a: Ceruledge|Dragon Claw|p1a: Garchomp\n|-damage|p1a: Garchomp|67\/100\n|-damage|p2a: Ceruledge|42\/100|[from] ability: Rough Skin|[of] p1a: Garchomp\n|\n|-heal|p1a: Garchomp|73\/100|[from] item: Leftovers\n|upkeep\n|turn|12\n|\n|t:|1698259388\n|move|p1a: Garchomp|Shadow Claw|p2a: Ceruledge\n|-supereffective|p2a: Ceruledge\n|-crit|p2a: Ceruledge\n|-damage|p2a: Ceruledge|0 fnt\n|faint|p2a: Ceruledge\n|\n|-heal|p1a: Garchomp|80\/100|[from] item: Leftovers\n|upkeep\n|\n|t:|1698259395\n|switch|p2a: Regieleki|Regieleki|100\/100\n|turn|13\n|\n|t:|1698259400\n|move|p2a: Regieleki|Thunder Cage|p1a: Garchomp\n|-damage|p1a: Garchomp|31\/100\n|-activate|p1a: Garchomp|move: Thunder Cage|[of] p2a: Regieleki\n|move|p1a: Garchomp|Earthquake|p2a: Regieleki\n|-supereffective|p2a: Regieleki\n|-damage|p2a: Regieleki|0 fnt\n|faint|p2a: Regieleki\n|\n|-heal|p1a: Garchomp|37\/100|[from] item: Leftovers\n|-end|p1a: Garchomp|Thunder Cage|[partiallytrapped]|[silent]\n|upkeep\n|\n|t:|1698259419\n|switch|p2a: Zacian|Zacian-Crowned|41\/100 brn\n|turn|14\n|\n|t:|1698259426\n|move|p1a: Garchomp|Fire Fang|p2a: Zacian|[miss]\n|-miss|p1a: Garchomp|p2a: Zacian\n|move|p2a: Zacian|Behemoth Blade|p1a: Garchomp\n|-resisted|p1a: Garchomp\n|-damage|p1a: Garchomp|24\/100\n|-damage|p2a: Zacian|29\/100 brn|[from] ability: Rough Skin|[of] p1a: Garchomp\n|\n|-heal|p1a: Garchomp|30\/100|[from] item: Leftovers\n|-damage|p2a: Zacian|23\/100 brn|[from] brn\n|upkeep\n|turn|15\n|\n|t:|1698259439\n|move|p1a: Garchomp|Fire Fang|p2a: Zacian\n|-supereffective|p2a: Zacian\n|-damage|p2a: Zacian|0 fnt\n|faint|p2a: Zacian\n|\n|win|unthinkable inking\n|raw|unthinkable inking's rating: 1000 &rarr; <strong>1040<\/strong><br \/>(+40 for winning)\n|raw|darkboot80's rating: 1000 &rarr; <strong>1000<\/strong><br \/>(+0 for losing)\n","uploadtime":1698259458,"views":14,"p1id":"unthinkableinking","p2id":"darkboot80","formatid":"gen9anythinggoes","rating":1000,"private":0,"password":""}