{"id":"gen9anythinggoes-1982309304","p1":"Shadowkipz13","p2":"Hydro76226","format":"[Gen 9] Anything Goes","log":"|j|\u2606Shadowkipz13\n|j|\u2606Hydro76226\n|t:|1698994591\n|gametype|singles\n|player|p1|Shadowkipz13|petrel|1295\n|player|p2|Hydro76226|cyrus|1335\n|teamsize|p1|6\n|teamsize|p2|6\n|gen|9\n|tier|[Gen 9] Anything Goes\n|rated|\n|rule|HP Percentage Mod: HP is shown in percentages\n|rule|Endless Battle Clause: Forcing endless battles is banned\n|clearpoke\n|poke|p1|Infernape, F|\n|poke|p1|Ogerpon-Wellspring, F|\n|poke|p1|Ditto|\n|poke|p1|Maushold|\n|poke|p1|Tyranitar, F|\n|poke|p1|Ursaluna-Bloodmoon, M|\n|poke|p2|Iron Bundle|\n|poke|p2|Magearna|\n|poke|p2|Chien-Pao|\n|poke|p2|Shaymin-Sky|\n|poke|p2|Iron Moth|\n|poke|p2|Dragapult, M|\n|teampreview\n|\n|t:|1698994615\n|start\n|switch|p1a: The Family|Maushold|100\/100\n|switch|p2a: Broom|Shaymin-Sky|100\/100\n|turn|1\n|\n|t:|1698994624\n|move|p2a: Broom|Trailblaze|p1a: The Family\n|-damage|p1a: The Family|67\/100\n|-boost|p2a: Broom|spe|1\n|-damage|p2a: Broom|91\/100|[from] item: Life Orb\n|move|p1a: The Family|Tidy Up|p1a: The Family\n|-boost|p1a: The Family|atk|1\n|-boost|p1a: The Family|spe|1\n|\n|upkeep\n|turn|2\n|\n|t:|1698994629\n|move|p1a: The Family|Population Bomb|p2a: Broom|[miss]\n|-miss|p1a: The Family|p2a: Broom\n|move|p2a: Broom|Air Slash|p1a: The Family\n|-damage|p1a: The Family|0 fnt\n|faint|p1a: The Family\n|-damage|p2a: Broom|81\/100|[from] item: Life Orb\n|\n|upkeep\n|\n|t:|1698994639\n|switch|p1a: Mountainous|Tyranitar, F, shiny|100\/100\n|-weather|Sandstorm|[from] ability: Sand Stream|[of] p1a: Mountainous\n|turn|3\n|\n|t:|1698994646\n|move|p2a: Broom|Seed Flare|p1a: Mountainous\n|-supereffective|p1a: Mountainous\n|-damage|p1a: Mountainous|31\/100\n|-unboost|p1a: Mountainous|spd|2\n|-damage|p2a: Broom|71\/100|[from] item: Life Orb\n|move|p1a: Mountainous|Ice Punch|p2a: Broom\n|-supereffective|p2a: Broom\n|-damage|p2a: Broom|0 fnt\n|faint|p2a: Broom\n|\n|-weather|Sandstorm|[upkeep]\n|upkeep\n|\n|t:|1698994651\n|switch|p2a: Gyatadon|Magearna|100\/100\n|turn|4\n|\n|t:|1698994676\n|move|p2a: Gyatadon|Shift Gear|p2a: Gyatadon\n|-boost|p2a: Gyatadon|spe|2\n|-boost|p2a: Gyatadon|atk|1\n|move|p1a: Mountainous|Earthquake|p2a: Gyatadon\n|-supereffective|p2a: Gyatadon\n|-damage|p2a: Gyatadon|19\/100\n|\n|-weather|Sandstorm|[upkeep]\n|-heal|p2a: Gyatadon|25\/100|[from] item: Leftovers\n|upkeep\n|turn|5\n|\n|t:|1698994679\n|move|p2a: Gyatadon|Flash Cannon|p1a: Mountainous\n|-supereffective|p1a: Mountainous\n|-damage|p1a: Mountainous|0 fnt\n|faint|p1a: Mountainous\n|-ability|p2a: Gyatadon|Soul-Heart|boost\n|-boost|p2a: Gyatadon|spa|1\n|\n|-weather|Sandstorm|[upkeep]\n|-heal|p2a: Gyatadon|31\/100|[from] item: Leftovers\n|upkeep\n|inactive|Battle timer is ON: inactive players will automatically lose when time's up. (requested by Hydro76226)\n|\n|t:|1698994690\n|switch|p1a: Nice Jacket...|Ditto, shiny|100\/100\n|-transform|p1a: Nice Jacket...|p2a: Gyatadon|[from] ability: Imposter\n|turn|6\n|\n|t:|1698994703\n|move|p1a: Nice Jacket...|Flash Cannon|p2a: Gyatadon\n|-damage|p2a: Gyatadon|0 fnt\n|faint|p2a: Gyatadon\n|-ability|p1a: Nice Jacket...|Soul-Heart|boost\n|-boost|p1a: Nice Jacket...|spa|1\n|\n|-weather|Sandstorm|[upkeep]\n|upkeep\n|\n|t:|1698994718\n|switch|p2a: BRRRRR|Iron Bundle|100\/100\n|-enditem|p2a: BRRRRR|Booster Energy\n|-activate|p2a: BRRRRR|ability: Quark Drive|[fromitem]\n|-start|p2a: BRRRRR|quarkdrivespe\n|turn|7\n|\n|t:|1698994726\n|move|p2a: BRRRRR|Ice Beam|p1a: Nice Jacket...\n|-resisted|p1a: Nice Jacket...\n|-damage|p1a: Nice Jacket...|75\/100\n|-status|p1a: Nice Jacket...|frz\n|cant|p1a: Nice Jacket...|frz\n|\n|-weather|none\n|upkeep\n|turn|8\n|\n|t:|1698994732\n|move|p2a: BRRRRR|Ice Beam|p1a: Nice Jacket...\n|-resisted|p1a: Nice Jacket...\n|-damage|p1a: Nice Jacket...|50\/100 frz\n|-curestatus|p1a: Nice Jacket...|frz|[msg]\n|move|p1a: Nice Jacket...|Flash Cannon|p2a: BRRRRR\n|-damage|p2a: BRRRRR|0 fnt\n|faint|p2a: BRRRRR\n|-ability|p1a: Nice Jacket...|Soul-Heart|boost\n|-boost|p1a: Nice Jacket...|spa|1\n|-end|p2a: BRRRRR|Quark Drive|[silent]\n|\n|upkeep\n|\n|t:|1698994736\n|switch|p2a: The prodigal Sun|Iron Moth|100\/100\n|turn|9\n|c|\u2606Shadowkipz13|...\n|\n|t:|1698994750\n|move|p2a: The prodigal Sun|Fiery Dance|p1a: Nice Jacket...\n|-supereffective|p1a: Nice Jacket...\n|-damage|p1a: Nice Jacket...|0 fnt\n|-boost|p2a: The prodigal Sun|spa|1\n|faint|p1a: Nice Jacket...\n|\n|upkeep\n|\n|t:|1698994769\n|switch|p1a: Majora|Ogerpon-Wellspring, F|100\/100\n|turn|10\n|\n|t:|1698994777\n|-terastallize|p2a: The prodigal Sun|Flying\n|-terastallize|p1a: Majora|Water\n|detailschange|p1a: Majora|Ogerpon-Wellspring-Tera, F, tera:Water\n|-ability|p1a: Majora|Embody Aspect (Wellspring)|boost\n|-boost|p1a: Majora|spd|1\n|move|p2a: The prodigal Sun|Fiery Dance|p1a: Majora\n|-resisted|p1a: Majora\n|-damage|p1a: Majora|73\/100\n|move|p1a: Majora|Ivy Cudgel|p2a: The prodigal Sun\n|-damage|p2a: The prodigal Sun|0 fnt\n|faint|p2a: The prodigal Sun\n|-end|p2a: The prodigal Sun|Quark Drive|[silent]\n|\n|upkeep\n|\n|t:|1698994795\n|switch|p2a: Carpal tunnel|Chien-Pao|100\/100\n|-ability|p2a: Carpal tunnel|Sword of Ruin\n|turn|11\n|\n|t:|1698994797\n|move|p2a: Carpal tunnel|Swords Dance|p2a: Carpal tunnel\n|-boost|p2a: Carpal tunnel|atk|2\n|move|p1a: Majora|Rock Tomb|p2a: Carpal tunnel\n|-supereffective|p2a: Carpal tunnel\n|-damage|p2a: Carpal tunnel|37\/100\n|-unboost|p2a: Carpal tunnel|spe|1\n|\n|upkeep\n|turn|12\n|\n|t:|1698994811\n|move|p2a: Carpal tunnel|Sucker Punch|p1a: Majora\n|-damage|p1a: Majora|0 fnt\n|faint|p1a: Majora\n|\n|upkeep\n|\n|t:|1698994819\n|switch|p1a: Gogeta|Infernape, F|100\/100\n|turn|13\n|\n|t:|1698994828\n|move|p2a: Carpal tunnel|Ice Shard|p1a: Gogeta\n|-resisted|p1a: Gogeta\n|-damage|p1a: Gogeta|64\/100\n|move|p1a: Gogeta|Will-O-Wisp|p2a: Carpal tunnel|[miss]\n|-miss|p1a: Gogeta|p2a: Carpal tunnel\n|\n|upkeep\n|turn|14\n|\n|t:|1698994837\n|move|p2a: Carpal tunnel|Ice Shard|p1a: Gogeta\n|-resisted|p1a: Gogeta\n|-damage|p1a: Gogeta|29\/100\n|move|p1a: Gogeta|Drain Punch|p2a: Carpal tunnel\n|-supereffective|p2a: Carpal tunnel\n|-damage|p2a: Carpal tunnel|0 fnt\n|-heal|p1a: Gogeta|48\/100|[from] drain|[of] p2a: Carpal tunnel\n|faint|p2a: Carpal tunnel\n|\n|upkeep\n|\n|t:|1698994840\n|switch|p2a: Dragapult|Dragapult, M|100\/100\n|turn|15\n|\n|t:|1698994845\n|move|p2a: Dragapult|Dragon Darts|p1a: Gogeta\n|-damage|p1a: Gogeta|2\/100\n|-anim|p2a: Dragapult|Dragon Darts|p1a: Gogeta\n|-damage|p1a: Gogeta|0 fnt\n|faint|p1a: Gogeta\n|\n|upkeep\n|\n|t:|1698994847\n|switch|p1a: Freddy Fazbear|Ursaluna-Bloodmoon, M|100\/100\n|turn|16\n|\n|t:|1698994853\n|move|p2a: Dragapult|Dragon Darts|p1a: Freddy Fazbear\n|-damage|p1a: Freddy Fazbear|77\/100\n|-anim|p2a: Dragapult|Dragon Darts|p1a: Freddy Fazbear\n|-damage|p1a: Freddy Fazbear|53\/100\n|move|p1a: Freddy Fazbear|Moonlight|p1a: Freddy Fazbear\n|-heal|p1a: Freddy Fazbear|100\/100\n|\n|upkeep\n|turn|17\n|\n|t:|1698994857\n|move|p2a: Dragapult|Dragon Darts|p1a: Freddy Fazbear\n|-damage|p1a: Freddy Fazbear|75\/100\n|-anim|p2a: Dragapult|Dragon Darts|p1a: Freddy Fazbear\n|-damage|p1a: Freddy Fazbear|49\/100\n|move|p1a: Freddy Fazbear|Blood Moon|p2a: Dragapult\n|-damage|p2a: Dragapult|0 fnt\n|faint|p2a: Dragapult\n|\n|win|Shadowkipz13\n|raw|Shadowkipz13's rating: 1295 &rarr; <strong>1323<\/strong><br \/>(+28 for winning)\n|raw|Hydro76226's rating: 1335 &rarr; <strong>1313<\/strong><br \/>(-22 for losing)\n|l|\u2606Hydro76226\n","uploadtime":1698994865,"views":8,"p1id":"shadowkipz13","p2id":"hydro76226","formatid":"gen9anythinggoes","rating":1313,"private":0,"password":""}