{"id":"gen9anythinggoes-1974832975","p1":"lkl303","p2":"Dumbfudge","format":"[Gen 9] Anything Goes","log":"|j|\u2606lkl303\n|j|\u2606Dumbfudge\n|t:|1698131924\n|gametype|singles\n|player|p1|lkl303|266|1398\n|player|p2|Dumbfudge|blackbelt-gen4dp|1344\n|teamsize|p1|6\n|teamsize|p2|6\n|gen|9\n|tier|[Gen 9] Anything Goes\n|rated|\n|rule|HP Percentage Mod: HP is shown in percentages\n|rule|Endless Battle Clause: Forcing endless battles is banned\n|clearpoke\n|poke|p1|Kyogre|\n|poke|p1|Kyogre|\n|poke|p1|Kyogre|\n|poke|p1|Kyogre|\n|poke|p1|Kyogre|\n|poke|p1|Basculegion, M|\n|poke|p2|Grimmsnarl, M|\n|poke|p2|Dudunsparce-*, M|\n|poke|p2|Zacian-*|\n|poke|p2|Calyrex-Shadow|\n|poke|p2|Drifblim, M|\n|poke|p2|Darkrai|\n|teampreview\n|c|\u2606Dumbfudge|How am i supposed to beat ur team\n|n|\u2606lkl303|lkl303\n|\n|t:|1698131974\n|start\n|switch|p1a: Kyogre|Kyogre|100\/100\n|switch|p2a: Grimmsnarl|Grimmsnarl, M|100\/100\n|-weather|RainDance|[from] ability: Drizzle|[of] p1a: Kyogre\n|turn|1\n|\n|t:|1698131982\n|-terastallize|p1a: Kyogre|Water\n|move|p2a: Grimmsnarl|Light Screen|p2a: Grimmsnarl\n|-sidestart|p2: Dumbfudge|move: Light Screen\n|move|p1a: Kyogre|Water Spout|p2a: Grimmsnarl\n|-damage|p2a: Grimmsnarl|12\/100\n|\n|-weather|RainDance|[upkeep]\n|upkeep\n|turn|2\n|\n|t:|1698131993\n|move|p2a: Grimmsnarl|Sucker Punch|p1a: Kyogre\n|-damage|p1a: Kyogre|70\/100\n|move|p1a: Kyogre|Water Spout|p2a: Grimmsnarl\n|-damage|p2a: Grimmsnarl|0 fnt\n|faint|p2a: Grimmsnarl\n|\n|-weather|RainDance|[upkeep]\n|upkeep\n|\n|t:|1698132002\n|switch|p2a: Dudunsparce|Dudunsparce, M|100\/100\n|turn|3\n|\n|t:|1698132006\n|move|p1a: Kyogre|Water Spout|p2a: Dudunsparce\n|-damage|p2a: Dudunsparce|52\/100\n|move|p2a: Dudunsparce|Yawn|p1a: Kyogre\n|-start|p1a: Kyogre|move: Yawn|[of] p2a: Dudunsparce\n|\n|-weather|RainDance|[upkeep]\n|upkeep\n|turn|4\n|\n|t:|1698132017\n|move|p1a: Kyogre|Water Spout|p2a: Dudunsparce\n|-damage|p2a: Dudunsparce|1\/100\n|move|p2a: Dudunsparce|Calm Mind|p2a: Dudunsparce\n|-boost|p2a: Dudunsparce|spa|1\n|-boost|p2a: Dudunsparce|spd|1\n|\n|-weather|RainDance|[upkeep]\n|-end|p1a: Kyogre|move: Yawn|[silent]\n|-status|p1a: Kyogre|slp\n|upkeep\n|turn|5\n|\n|t:|1698132026\n|switch|p1a: Basculegion|Basculegion, M|100\/100\n|switch|p2a: Calyrex|Calyrex-Shadow|100\/100\n|-ability|p2a: Calyrex|As One\n|-ability|p2a: Calyrex|Unnerve\n|\n|-weather|none\n|upkeep\n|turn|6\n|\n|t:|1698132041\n|switch|p1a: Kyogre|Kyogre|100\/100\n|-weather|RainDance|[from] ability: Drizzle|[of] p1a: Kyogre\n|move|p2a: Calyrex|Agility|p2a: Calyrex\n|-boost|p2a: Calyrex|spe|2\n|\n|-weather|RainDance|[upkeep]\n|upkeep\n|turn|7\n|\n|t:|1698132051\n|move|p2a: Calyrex|Astral Barrage|p1a: Kyogre\n|-damage|p1a: Kyogre|42\/100\n|move|p1a: Kyogre|Water Spout|p2a: Calyrex\n|-damage|p2a: Calyrex|71\/100\n|\n|-weather|RainDance|[upkeep]\n|-heal|p2a: Calyrex|77\/100|[from] item: Leftovers\n|upkeep\n|turn|8\n|\n|t:|1698132061\n|switch|p1a: Kyogre|Kyogre|100\/100\n|move|p2a: Calyrex|Astral Barrage|p1a: Kyogre\n|-damage|p1a: Kyogre|43\/100\n|\n|-weather|RainDance|[upkeep]\n|-heal|p2a: Calyrex|83\/100|[from] item: Leftovers\n|-sideend|p2: Dumbfudge|move: Light Screen\n|upkeep\n|turn|9\n|\n|t:|1698132083\n|move|p2a: Calyrex|Astral Barrage|p1a: Kyogre\n|-damage|p1a: Kyogre|0 fnt\n|faint|p1a: Kyogre\n|-ability|p2a: Calyrex|Grim Neigh|boost\n|-boost|p2a: Calyrex|spa|1\n|\n|-weather|RainDance|[upkeep]\n|-heal|p2a: Calyrex|89\/100|[from] item: Leftovers\n|upkeep\n|\n|t:|1698132091\n|switch|p1a: Kyogre|Kyogre|100\/100\n|turn|10\n|\n|t:|1698132095\n|move|p2a: Calyrex|Astral Barrage|p1a: Kyogre\n|-damage|p1a: Kyogre|13\/100\n|move|p1a: Kyogre|Thunder|p2a: Calyrex\n|-damage|p2a: Calyrex|41\/100\n|\n|-weather|none\n|-heal|p2a: Calyrex|47\/100|[from] item: Leftovers\n|upkeep\n|turn|11\n|\n|t:|1698132106\n|move|p2a: Calyrex|Astral Barrage|p1a: Kyogre\n|-damage|p1a: Kyogre|0 fnt\n|faint|p1a: Kyogre\n|-ability|p2a: Calyrex|Grim Neigh|boost\n|-boost|p2a: Calyrex|spa|1\n|\n|-heal|p2a: Calyrex|53\/100|[from] item: Leftovers\n|upkeep\n|\n|t:|1698132114\n|switch|p1a: Kyogre|Kyogre|100\/100\n|-weather|RainDance|[from] ability: Drizzle|[of] p1a: Kyogre\n|turn|12\n|\n|t:|1698132119\n|move|p2a: Calyrex|Astral Barrage|p1a: Kyogre\n|-damage|p1a: Kyogre|0 fnt\n|faint|p1a: Kyogre\n|-ability|p2a: Calyrex|Grim Neigh|boost\n|-boost|p2a: Calyrex|spa|1\n|\n|-weather|RainDance|[upkeep]\n|-heal|p2a: Calyrex|59\/100|[from] item: Leftovers\n|upkeep\n|\n|t:|1698132128\n|switch|p1a: Basculegion|Basculegion, M|100\/100\n|turn|13\n|\n|t:|1698132131\n|move|p2a: Calyrex|Astral Barrage|p1a: Basculegion\n|-supereffective|p1a: Basculegion\n|-crit|p1a: Basculegion\n|-enditem|p1a: Basculegion|Focus Sash\n|-damage|p1a: Basculegion|1\/100\n|move|p1a: Basculegion|Last Respects|p2a: Calyrex\n|-supereffective|p2a: Calyrex\n|-damage|p2a: Calyrex|0 fnt\n|faint|p2a: Calyrex\n|\n|-weather|RainDance|[upkeep]\n|upkeep\n|\n|t:|1698132145\n|switch|p2a: Zacian|Zacian-Crowned|100\/100\n|-ability|p2a: Zacian|Intrepid Sword|boost\n|-boost|p2a: Zacian|atk|1\n|turn|14\n|\n|t:|1698132153\n|move|p2a: Zacian|Quick Attack|p1a: Basculegion\n|-immune|p1a: Basculegion\n|move|p1a: Basculegion|Last Respects|p2a: Zacian\n|-damage|p2a: Zacian|19\/100\n|\n|-weather|RainDance|[upkeep]\n|upkeep\n|turn|15\n|\n|t:|1698132162\n|move|p1a: Basculegion|Last Respects|p2a: Zacian\n|-damage|p2a: Zacian|0 fnt\n|faint|p2a: Zacian\n|\n|-weather|RainDance|[upkeep]\n|upkeep\n|\n|t:|1698132168\n|switch|p2a: Darkrai|Darkrai|100\/100\n|turn|16\n|\n|t:|1698132172\n|move|p1a: Basculegion|Last Respects|p2a: Darkrai\n|-resisted|p2a: Darkrai\n|-damage|p2a: Darkrai|50\/100\n|move|p2a: Darkrai|Hypnosis|p1a: Basculegion|[miss]\n|-miss|p2a: Darkrai|p1a: Basculegion\n|\n|-weather|none\n|upkeep\n|turn|17\n|\n|t:|1698132180\n|move|p2a: Darkrai|Dark Pulse|p1a: Basculegion\n|-supereffective|p1a: Basculegion\n|-damage|p1a: Basculegion|0 fnt\n|faint|p1a: Basculegion\n|\n|upkeep\n|\n|t:|1698132186\n|switch|p1a: Kyogre|Kyogre|42\/100\n|-weather|RainDance|[from] ability: Drizzle|[of] p1a: Kyogre\n|turn|18\n|\n|t:|1698132196\n|move|p1a: Kyogre|Blizzard|p2a: Darkrai\n|-damage|p2a: Darkrai|1\/100\n|move|p2a: Darkrai|Hypnosis|p1a: Kyogre\n|-status|p1a: Kyogre|slp|[from] move: Hypnosis\n|\n|-weather|RainDance|[upkeep]\n|-damage|p1a: Kyogre|30\/100 slp|[from] ability: Bad Dreams|[of] p2a: Darkrai\n|upkeep\n|turn|19\n|\n|t:|1698132205\n|cant|p1a: Kyogre|slp\n|move|p2a: Darkrai|Dark Pulse|p1a: Kyogre\n|-damage|p1a: Kyogre|0 fnt\n|faint|p1a: Kyogre\n|\n|-weather|RainDance|[upkeep]\n|upkeep\n|\n|t:|1698132210\n|switch|p1a: Kyogre|Kyogre, tera:Water|70\/100 slp\n|turn|20\n|\n|t:|1698132215\n|cant|p1a: Kyogre|slp\n|move|p2a: Darkrai|Dark Pulse|p1a: Kyogre\n|-damage|p1a: Kyogre|43\/100 slp\n|\n|-weather|RainDance|[upkeep]\n|-damage|p1a: Kyogre|31\/100 slp|[from] ability: Bad Dreams|[of] p2a: Darkrai\n|upkeep\n|turn|21\n|\n|t:|1698132223\n|cant|p1a: Kyogre|slp\n|move|p2a: Darkrai|Dark Pulse|p1a: Kyogre\n|-damage|p1a: Kyogre|0 fnt\n|faint|p1a: Kyogre\n|\n|win|Dumbfudge\n|raw|lkl303's rating: 1398 &rarr; <strong>1375<\/strong><br \/>(-23 for losing)\n|raw|Dumbfudge's rating: 1344 &rarr; <strong>1367<\/strong><br \/>(+23 for winning)\n|l|\u2606lkl303\n|c|\u2606Dumbfudge|Gg\n","uploadtime":1698132250,"views":13,"p1id":"lkl303","p2id":"dumbfudge","formatid":"gen9anythinggoes","rating":1367,"private":0,"password":""}