{"id":"gen9anythinggoes-1978673011","p1":"kipperace","p2":"awdrsafsdf","format":"[Gen 9] Anything Goes","log":"|j|\u2606kipperace\n|j|\u2606awdrsafsdf\n|t:|1698579067\n|gametype|singles\n|player|p1|kipperace|266|1114\n|player|p2|awdrsafsdf|265|1062\n|teamsize|p1|6\n|teamsize|p2|6\n|gen|9\n|tier|[Gen 9] Anything Goes\n|rated|\n|rule|HP Percentage Mod: HP is shown in percentages\n|rule|Endless Battle Clause: Forcing endless battles is banned\n|clearpoke\n|poke|p1|Fomantis, M|\n|poke|p1|Camerupt, F|\n|poke|p1|Dunsparce, F|\n|poke|p1|Dragonair, M|\n|poke|p1|Flamigo, M|\n|poke|p1|Muk, M|\n|poke|p2|Calyrex-Shadow|\n|poke|p2|Palkia-Origin|\n|poke|p2|Dragonite, M|\n|poke|p2|Eternatus|\n|poke|p2|Arceus-Fire|\n|poke|p2|Koraidon|\n|teampreview\n|\n|t:|1698579081\n|start\n|switch|p1a: Antares|Fomantis, M|100\/100\n|switch|p2a: Calyrex|Calyrex-Shadow|100\/100\n|-ability|p2a: Calyrex|As One\n|-ability|p2a: Calyrex|Unnerve\n|turn|1\n|\n|t:|1698579094\n|-terastallize|p2a: Calyrex|Psychic\n|move|p2a: Calyrex|Astral Barrage|p1a: Antares\n|-damage|p1a: Antares|0 fnt\n|faint|p1a: Antares\n|-ability|p2a: Calyrex|Grim Neigh|boost\n|-boost|p2a: Calyrex|spa|1\n|\n|upkeep\n|\n|t:|1698579112\n|switch|p1a: Marcellus|Flamigo, M|100\/100\n|turn|2\n|\n|t:|1698579124\n|move|p2a: Calyrex|Astral Barrage|p1a: Marcellus\n|-enditem|p1a: Marcellus|Focus Sash\n|-damage|p1a: Marcellus|1\/100\n|move|p1a: Marcellus|U-turn|p2a: Calyrex\n|-supereffective|p2a: Calyrex\n|-damage|p2a: Calyrex|45\/100\n|\n|t:|1698579133\n|switch|p1a: Helmuth|Dragonair, M|100\/100|[from] U-turn\n|\n|-status|p1a: Helmuth|brn|[from] item: Flame Orb\n|upkeep\n|turn|3\n|\n|t:|1698579147\n|move|p1a: Helmuth|Protect|p1a: Helmuth\n|-singleturn|p1a: Helmuth|Protect\n|move|p2a: Calyrex|Giga Drain|p1a: Helmuth\n|-activate|p1a: Helmuth|move: Protect\n|\n|-damage|p1a: Helmuth|94\/100 brn|[from] brn\n|upkeep\n|turn|4\n|\n|t:|1698579159\n|move|p2a: Calyrex|Giga Drain|p1a: Helmuth\n|-resisted|p1a: Helmuth\n|-damage|p1a: Helmuth|56\/100 brn\n|-heal|p2a: Calyrex|60\/100|[from] drain|[of] p1a: Helmuth\n|move|p1a: Helmuth|Body Slam|p2a: Calyrex\n|-damage|p2a: Calyrex|45\/100\n|\n|-damage|p1a: Helmuth|50\/100 brn|[from] brn\n|upkeep\n|turn|5\n|\n|t:|1698579168\n|move|p2a: Calyrex|Giga Drain|p1a: Helmuth\n|-resisted|p1a: Helmuth\n|-damage|p1a: Helmuth|10\/100 brn\n|-heal|p2a: Calyrex|60\/100|[from] drain|[of] p1a: Helmuth\n|move|p1a: Helmuth|Aqua Tail|p2a: Calyrex\n|-damage|p2a: Calyrex|44\/100\n|\n|-damage|p1a: Helmuth|4\/100 brn|[from] brn\n|upkeep\n|turn|6\n|\n|t:|1698579179\n|move|p2a: Calyrex|Giga Drain|p1a: Helmuth\n|-resisted|p1a: Helmuth\n|-damage|p1a: Helmuth|0 fnt\n|-heal|p2a: Calyrex|45\/100|[from] drain|[of] p1a: Helmuth\n|faint|p1a: Helmuth\n|-ability|p2a: Calyrex|Grim Neigh|boost\n|-boost|p2a: Calyrex|spa|1\n|\n|upkeep\n|\n|t:|1698579182\n|switch|p1a: Marcellus|Flamigo, M|1\/100\n|turn|7\n|\n|t:|1698579189\n|move|p2a: Calyrex|Giga Drain|p1a: Marcellus\n|-resisted|p1a: Marcellus\n|-damage|p1a: Marcellus|0 fnt\n|-heal|p2a: Calyrex|46\/100|[from] drain|[of] p1a: Marcellus\n|faint|p1a: Marcellus\n|-ability|p2a: Calyrex|Grim Neigh|boost\n|-boost|p2a: Calyrex|spa|1\n|\n|upkeep\n|\n|t:|1698579200\n|switch|p1a: Coleen|Camerupt, F|100\/100\n|turn|8\n|\n|t:|1698579210\n|move|p2a: Calyrex|Giga Drain|p1a: Coleen\n|-damage|p1a: Coleen|6\/100\n|-heal|p2a: Calyrex|93\/100|[from] drain|[of] p1a: Coleen\n|move|p1a: Coleen|Flare Blitz|p2a: Calyrex\n|-damage|p2a: Calyrex|14\/100\n|-damage|p1a: Coleen|0 fnt|[from] Recoil\n|faint|p1a: Coleen\n|\n|upkeep\n|\n|t:|1698579224\n|switch|p1a: Noa|Dunsparce, F|100\/100\n|turn|9\n|\n|t:|1698579235\n|move|p2a: Calyrex|Giga Drain|p1a: Noa\n|-damage|p1a: Noa|8\/100\n|-heal|p2a: Calyrex|68\/100|[from] drain|[of] p1a: Noa\n|move|p1a: Noa|Aqua Tail|p2a: Calyrex\n|-damage|p2a: Calyrex|40\/100\n|-heal|p1a: Noa|11\/100|[from] item: Shell Bell|[of] p2a: Calyrex\n|\n|upkeep\n|turn|10\n|\n|t:|1698579246\n|move|p2a: Calyrex|Giga Drain|p1a: Noa\n|-damage|p1a: Noa|0 fnt\n|-heal|p2a: Calyrex|46\/100|[from] drain|[of] p1a: Noa\n|faint|p1a: Noa\n|-ability|p2a: Calyrex|Grim Neigh|boost\n|-boost|p2a: Calyrex|spa|1\n|\n|upkeep\n|\n|t:|1698579248\n|switch|p1a: Fergal|Muk, M|100\/100\n|turn|11\n|\n|t:|1698579252\n|-terastallize|p1a: Fergal|Rock\n|move|p2a: Calyrex|Giga Drain|p1a: Fergal\n|-supereffective|p1a: Fergal\n|-damage|p1a: Fergal|0 fnt\n|-heal|p2a: Calyrex|100\/100|[from] drain|[of] p1a: Fergal\n|faint|p1a: Fergal\n|\n|win|awdrsafsdf\n|raw|kipperace's rating: 1114 &rarr; <strong>1085<\/strong><br \/>(-29 for losing)\n|raw|awdrsafsdf's rating: 1062 &rarr; <strong>1097<\/strong><br \/>(+35 for winning)\n|l|\u2606kipperace\n","uploadtime":1698579262,"views":15,"p1id":"kipperace","p2id":"awdrsafsdf","formatid":"gen9anythinggoes","rating":1085,"private":0,"password":""}