{"id":"gen9anythinggoes-1981237431","p1":"Nersus213","p2":"sorrynotsorrymate","format":"[Gen 9] Anything Goes","log":"|j|\u2606Nersus213\n|j|\u2606sorrynotsorrymate\n|t:|1698875178\n|gametype|singles\n|player|p1|Nersus213|n-masters|1321\n|player|p2|sorrynotsorrymate|swimmer-gen4|1429\n|teamsize|p1|6\n|teamsize|p2|6\n|gen|9\n|tier|[Gen 9] Anything Goes\n|rated|\n|rule|HP Percentage Mod: HP is shown in percentages\n|rule|Endless Battle Clause: Forcing endless battles is banned\n|clearpoke\n|poke|p1|Starly, L1, F|\n|poke|p1|Starly, L1, F|\n|poke|p1|Kingambit, M|\n|poke|p1|Grafaiai, M|\n|poke|p1|Garganacl, F|\n|poke|p1|Iron Hands|\n|poke|p2|Annihilape, M|\n|poke|p2|Urshifu-*, M|\n|poke|p2|Giratina|\n|poke|p2|Volcarona, M|\n|poke|p2|Ogerpon-Hearthflame, F|\n|poke|p2|Landorus, M|\n|teampreview\n|inactive|Battle timer is ON: inactive players will automatically lose when time's up. (requested by sorrynotsorrymate)\n|inactive|Nersus213 also wants the timer to be on.\n|c|\u2606sorrynotsorrymate|fear...\n|\n|t:|1698875193\n|start\n|switch|p1a: Starly|Starly, L1, F|100\/100\n|switch|p2a: Ogerpon|Ogerpon-Hearthflame, F|100\/100\n|-ability|p2a: Ogerpon|Mold Breaker\n|turn|1\n|\n|t:|1698875198\n|move|p2a: Ogerpon|Trailblaze|p1a: Starly\n|-resisted|p1a: Starly\n|-enditem|p1a: Starly|Focus Sash\n|-damage|p1a: Starly|9\/100\n|-boost|p2a: Ogerpon|spe|1\n|move|p1a: Starly|Endeavor|p2a: Ogerpon\n|-damage|p2a: Ogerpon|1\/100\n|\n|upkeep\n|turn|2\n|c|\u2606Nersus213|fear who\n|\n|t:|1698875207\n|switch|p2a: Giratina|Giratina|100\/100\n|-ability|p2a: Giratina|Pressure\n|move|p1a: Starly|Quick Attack|p2a: Giratina\n|-immune|p2a: Giratina\n|\n|upkeep\n|turn|3\n|c|\u2606sorrynotsorrymate|that's what it stands for\n|inactive|sorrynotsorrymate has 120 seconds left.\n|c|\u2606Nersus213|you should be scared of my bird\n|c|\u2606sorrynotsorrymate|fucking Evil Annoying Rodent\n|\n|t:|1698875253\n|move|p1a: Starly|Protect|p1a: Starly\n|-singleturn|p1a: Starly|Protect\n|move|p2a: Giratina|Dark Pulse|p1a: Starly\n|-activate|p1a: Starly|move: Protect\n|\n|upkeep\n|turn|4\n|c|\u2606Nersus213|nah\n|\n|t:|1698875260\n|move|p2a: Giratina|Calm Mind|p2a: Giratina\n|-boost|p2a: Giratina|spa|1\n|-boost|p2a: Giratina|spd|1\n|move|p1a: Starly|Sand Attack|p2a: Giratina\n|-unboost|p2a: Giratina|accuracy|1\n|\n|upkeep\n|turn|5\n|\n|t:|1698875265\n|move|p2a: Giratina|Dark Pulse|p1a: Starly\n|-damage|p1a: Starly|0 fnt\n|faint|p1a: Starly\n|\n|upkeep\n|\n|t:|1698875271\n|switch|p1a: Kingambit|Kingambit, M|100\/100\n|-activate|p1a: Kingambit|ability: Supreme Overlord\n|-start|p1a: Kingambit|fallen1|[silent]\n|turn|6\n|\n|t:|1698875277\n|move|p2a: Giratina|Calm Mind|p2a: Giratina\n|-boost|p2a: Giratina|spa|1\n|-boost|p2a: Giratina|spd|1\n|move|p1a: Kingambit|Substitute|p1a: Kingambit\n|-start|p1a: Kingambit|Substitute\n|-damage|p1a: Kingambit|76\/100\n|\n|-heal|p1a: Kingambit|82\/100|[from] item: Leftovers\n|upkeep\n|turn|7\n|\n|t:|1698875281\n|move|p2a: Giratina|Dark Pulse|p1a: Kingambit\n|-resisted|p1a: Kingambit\n|-activate|p1a: Kingambit|move: Substitute|[damage]\n|move|p1a: Kingambit|Kowtow Cleave|p2a: Giratina\n|-supereffective|p2a: Giratina\n|-damage|p2a: Giratina|31\/100\n|\n|-heal|p1a: Kingambit|88\/100|[from] item: Leftovers\n|upkeep\n|turn|8\n|\n|t:|1698875286\n|move|p2a: Giratina|Dragon Pulse|p1a: Kingambit\n|-resisted|p1a: Kingambit\n|-end|p1a: Kingambit|Substitute\n|move|p1a: Kingambit|Kowtow Cleave|p2a: Giratina\n|-supereffective|p2a: Giratina\n|-damage|p2a: Giratina|0 fnt\n|faint|p2a: Giratina\n|\n|-heal|p1a: Kingambit|94\/100|[from] item: Leftovers\n|upkeep\n|\n|t:|1698875290\n|switch|p2a: Volcarona|Volcarona, M|100\/100\n|turn|9\n|\n|t:|1698875295\n|-end|p1a: Kingambit|fallen1|[silent]\n|switch|p1a: Garganacl|Garganacl, F|100\/100\n|move|p2a: Volcarona|Quiver Dance|p2a: Volcarona\n|-boost|p2a: Volcarona|spa|1\n|-boost|p2a: Volcarona|spd|1\n|-boost|p2a: Volcarona|spe|1\n|\n|upkeep\n|turn|10\n|\n|t:|1698875302\n|switch|p2a: Ogerpon|Ogerpon-Hearthflame, F|1\/100\n|-ability|p2a: Ogerpon|Mold Breaker\n|move|p1a: Garganacl|Salt Cure|p2a: Ogerpon\n|-supereffective|p2a: Ogerpon\n|-crit|p2a: Ogerpon\n|-damage|p2a: Ogerpon|0 fnt\n|faint|p2a: Ogerpon\n|\n|upkeep\n|\n|t:|1698875305\n|switch|p2a: Landorus|Landorus, M|100\/100\n|turn|11\n|\n|t:|1698875311\n|switch|p1a: Starly|Starly, L1, F|100\/100\n|move|p2a: Landorus|Earth Power|p1a: Starly\n|-immune|p1a: Starly\n|\n|upkeep\n|turn|12\n|\n|t:|1698875318\n|move|p2a: Landorus|Psychic|p1a: Starly\n|-enditem|p1a: Starly|Focus Sash\n|-damage|p1a: Starly|9\/100\n|move|p1a: Starly|Sand Attack|p2a: Landorus\n|-unboost|p2a: Landorus|accuracy|1\n|\n|upkeep\n|turn|13\n|\n|t:|1698875325\n|move|p2a: Landorus|Psychic|p1a: Starly\n|-damage|p1a: Starly|0 fnt\n|faint|p1a: Starly\n|\n|upkeep\n|\n|t:|1698875329\n|switch|p1a: Iron Hands|Iron Hands|100\/100\n|turn|14\n|\n|t:|1698875333\n|move|p1a: Iron Hands|Fake Out|p2a: Landorus\n|-crit|p2a: Landorus\n|-damage|p2a: Landorus|70\/100\n|cant|p2a: Landorus|flinch\n|\n|upkeep\n|turn|15\n|\n|t:|1698875338\n|move|p2a: Landorus|Earth Power|p1a: Iron Hands\n|-supereffective|p1a: Iron Hands\n|-damage|p1a: Iron Hands|0 fnt\n|faint|p1a: Iron Hands\n|-end|p1a: Iron Hands|Quark Drive|[silent]\n|\n|upkeep\n|\n|t:|1698875346\n|switch|p1a: Kingambit|Kingambit, M|94\/100\n|-activate|p1a: Kingambit|ability: Supreme Overlord\n|-start|p1a: Kingambit|fallen3|[silent]\n|turn|16\n|\n|t:|1698875349\n|move|p2a: Landorus|Earth Power|p1a: Kingambit|[miss]\n|-miss|p2a: Landorus|p1a: Kingambit\n|move|p1a: Kingambit|Substitute|p1a: Kingambit\n|-start|p1a: Kingambit|Substitute\n|-damage|p1a: Kingambit|69\/100\n|\n|-heal|p1a: Kingambit|76\/100|[from] item: Leftovers\n|upkeep\n|turn|17\n|\n|t:|1698875354\n|move|p1a: Kingambit|Sucker Punch|p2a: Landorus\n|-damage|p2a: Landorus|2\/100\n|move|p2a: Landorus|Earth Power|p1a: Kingambit\n|-supereffective|p1a: Kingambit\n|-end|p1a: Kingambit|Substitute\n|\n|-heal|p1a: Kingambit|82\/100|[from] item: Leftovers\n|upkeep\n|turn|18\n|\n|t:|1698875363\n|move|p1a: Kingambit|Sucker Punch|p2a: Landorus\n|-damage|p2a: Landorus|0 fnt\n|faint|p2a: Landorus\n|\n|-heal|p1a: Kingambit|88\/100|[from] item: Leftovers\n|upkeep\n|\n|t:|1698875365\n|switch|p2a: Urshifu|Urshifu, M|100\/100\n|turn|19\n|\n|t:|1698875372\n|-end|p1a: Kingambit|fallen3|[silent]\n|switch|p1a: Garganacl|Garganacl, F|100\/100\n|move|p2a: Urshifu|Close Combat|p1a: Garganacl\n|-supereffective|p1a: Garganacl\n|-damage|p1a: Garganacl|35\/100\n|-unboost|p2a: Urshifu|def|1\n|-unboost|p2a: Urshifu|spd|1\n|\n|-heal|p1a: Garganacl|41\/100|[from] item: Leftovers\n|upkeep\n|turn|20\n|\n|t:|1698875378\n|move|p1a: Garganacl|Protect|p1a: Garganacl\n|-singleturn|p1a: Garganacl|Protect\n|move|p2a: Urshifu|Close Combat|p1a: Garganacl\n|-supereffective|p1a: Garganacl\n|-damage|p1a: Garganacl|0 fnt\n|-unboost|p2a: Urshifu|def|1\n|-unboost|p2a: Urshifu|spd|1\n|faint|p1a: Garganacl\n|\n|upkeep\n|\n|t:|1698875383\n|switch|p1a: Grafaiai|Grafaiai, M|100\/100\n|turn|21\n|\n|t:|1698875397\n|move|p1a: Grafaiai|Toxic|p2a: Urshifu\n|-hint|Since gen 7, Dark is immune to Prankster moves.\n|-immune|p2a: Urshifu\n|move|p2a: Urshifu|Wicked Blow|p1a: Grafaiai\n|-crit|p1a: Grafaiai\n|-damage|p1a: Grafaiai|0 fnt\n|faint|p1a: Grafaiai\n|\n|upkeep\n|\n|t:|1698875401\n|switch|p1a: Kingambit|Kingambit, M|88\/100\n|-activate|p1a: Kingambit|ability: Supreme Overlord\n|-start|p1a: Kingambit|fallen5|[silent]\n|turn|22\n|\n|t:|1698875411\n|switch|p2a: Annihilape|Annihilape, M, shiny|100\/100\n|move|p1a: Kingambit|Sucker Punch||[still]\n|-fail|p1a: Kingambit\n|\n|-heal|p1a: Kingambit|94\/100|[from] item: Leftovers\n|upkeep\n|turn|23\n|\n|t:|1698875418\n|-terastallize|p1a: Kingambit|Dark\n|move|p2a: Annihilape|Bulk Up|p2a: Annihilape\n|-boost|p2a: Annihilape|atk|1\n|-boost|p2a: Annihilape|def|1\n|move|p1a: Kingambit|Kowtow Cleave|p2a: Annihilape\n|-damage|p2a: Annihilape|33\/100\n|\n|-heal|p2a: Annihilape|39\/100|[from] item: Leftovers\n|-heal|p1a: Kingambit|100\/100|[from] item: Leftovers\n|upkeep\n|turn|24\n|\n|t:|1698875425\n|move|p2a: Annihilape|Drain Punch|p1a: Kingambit\n|-supereffective|p1a: Kingambit\n|-damage|p1a: Kingambit|18\/100\n|-heal|p2a: Annihilape|78\/100|[from] drain|[of] p1a: Kingambit\n|move|p1a: Kingambit|Kowtow Cleave|p2a: Annihilape\n|-damage|p2a: Annihilape|13\/100\n|\n|-heal|p2a: Annihilape|19\/100|[from] item: Leftovers\n|-heal|p1a: Kingambit|24\/100|[from] item: Leftovers\n|upkeep\n|turn|25\n|\n|t:|1698875431\n|move|p1a: Kingambit|Sucker Punch||[still]\n|-fail|p1a: Kingambit\n|move|p2a: Annihilape|Bulk Up|p2a: Annihilape\n|-boost|p2a: Annihilape|atk|1\n|-boost|p2a: Annihilape|def|1\n|\n|-heal|p2a: Annihilape|25\/100|[from] item: Leftovers\n|-heal|p1a: Kingambit|31\/100|[from] item: Leftovers\n|upkeep\n|turn|26\n|\n|t:|1698875436\n|move|p2a: Annihilape|Drain Punch|p1a: Kingambit\n|-supereffective|p1a: Kingambit\n|-damage|p1a: Kingambit|0 fnt\n|-heal|p2a: Annihilape|39\/100|[from] drain|[of] p1a: Kingambit\n|faint|p1a: Kingambit\n|-end|p1a: Kingambit|fallen5|[silent]\n|\n|win|sorrynotsorrymate\n|raw|Nersus213's rating: 1321 &rarr; <strong>1307<\/strong><br \/>(-14 for losing)\n|raw|sorrynotsorrymate's rating: 1429 &rarr; <strong>1443<\/strong><br \/>(+14 for winning)\n","uploadtime":1698875251,"views":4,"p1id":"nersus213","p2id":"sorrynotsorrymate","formatid":"gen9anythinggoes","rating":1307,"private":0,"password":""}