{"id":"gen9anythinggoes-1993687763","p1":"d1llyd4lly","p2":"Mrbeegamer1","format":"[Gen 9] Anything Goes","log":"|j|\u2606d1llyd4lly\n|j|\u2606Mrbeegamer1\n|t:|1700345663\n|gametype|singles\n|player|p1|d1llyd4lly|unknown|1111\n|player|p2|Mrbeegamer1|lucas|1150\n|teamsize|p1|6\n|teamsize|p2|6\n|gen|9\n|tier|[Gen 9] Anything Goes\n|rated|\n|rule|HP Percentage Mod: HP is shown in percentages\n|rule|Endless Battle Clause: Forcing endless battles is banned\n|clearpoke\n|poke|p1|Greninja-*, F|\n|poke|p1|Miraidon|\n|poke|p1|Amoonguss, F|\n|poke|p1|Altaria, F|\n|poke|p1|Darkrai|\n|poke|p1|Arceus-Dragon|\n|poke|p2|Cloyster, M|\n|poke|p2|Annihilape, M|\n|poke|p2|Ogerpon-Hearthflame, F|\n|poke|p2|Ursaluna-Bloodmoon, M|\n|poke|p2|Cresselia, F|\n|poke|p2|Ursaluna, M|\n|teampreview\n|\n|t:|1700345672\n|start\n|switch|p1a: Amoonguss|Amoonguss, F|100\/100\n|switch|p2a: Tricked Room|Cresselia, F|100\/100\n|turn|1\n|\n|t:|1700345684\n|move|p1a: Amoonguss|Spore|p2a: Tricked Room\n|-status|p2a: Tricked Room|slp|[from] move: Spore\n|cant|p2a: Tricked Room|slp\n|\n|upkeep\n|turn|2\n|\n|t:|1700345695\n|move|p1a: Amoonguss|Body Slam|p2a: Tricked Room\n|-damage|p2a: Tricked Room|90\/100 slp\n|cant|p2a: Tricked Room|slp\n|\n|-heal|p2a: Tricked Room|96\/100 slp|[from] item: Leftovers\n|upkeep\n|turn|3\n|\n|t:|1700345713\n|move|p1a: Amoonguss|Body Slam|p2a: Tricked Room\n|-damage|p2a: Tricked Room|86\/100 slp\n|cant|p2a: Tricked Room|slp\n|\n|-heal|p2a: Tricked Room|92\/100 slp|[from] item: Leftovers\n|upkeep\n|turn|4\n|\n|t:|1700345727\n|switch|p1a: Arceus|Arceus-Dragon|100\/100\n|-curestatus|p2a: Tricked Room|slp|[msg]\n|move|p2a: Tricked Room|Trick Room|p2a: Tricked Room\n|-fieldstart|move: Trick Room|[of] p2a: Tricked Room\n|\n|-heal|p2a: Tricked Room|98\/100|[from] item: Leftovers\n|upkeep\n|turn|5\n|\n|t:|1700345746\n|move|p2a: Tricked Room|Lunar Dance|p2a: Tricked Room\n|faint|p2a: Tricked Room\n|move|p1a: Arceus|Draco Meteor|p2: Tricked Room|[notarget]\n|-fail|p1a: Arceus\n|\n|upkeep\n|\n|t:|1700345754\n|switch|p2a: Freddy Fazbear|Ursaluna-Bloodmoon, M|100\/100\n|turn|6\n|c|\u2606Mrbeegamer1|you are doomed\n|\n|t:|1700345765\n|move|p2a: Freddy Fazbear|Moonblast|p1a: Arceus\n|-supereffective|p1a: Arceus\n|-damage|p1a: Arceus|51\/100\n|move|p1a: Arceus|Earthquake|p2a: Freddy Fazbear\n|-damage|p2a: Freddy Fazbear|74\/100\n|\n|upkeep\n|turn|7\n|\n|t:|1700345780\n|move|p2a: Freddy Fazbear|Blood Moon|p1a: Arceus\n|-damage|p1a: Arceus|0 fnt\n|faint|p1a: Arceus\n|\n|upkeep\n|\n|t:|1700345793\n|switch|p1a: Miraidon|Miraidon|100\/100\n|-fieldstart|move: Electric Terrain|[from] ability: Hadron Engine|[of] p1a: Miraidon\n|turn|8\n|\n|t:|1700345801\n|move|p2a: Freddy Fazbear|Earth Power|p1a: Miraidon\n|-supereffective|p1a: Miraidon\n|-damage|p1a: Miraidon|5\/100\n|move|p1a: Miraidon|Electro Drift|p2a: Freddy Fazbear\n|-immune|p2a: Freddy Fazbear\n|\n|-heal|p1a: Miraidon|11\/100|[from] item: Leftovers\n|-fieldend|move: Trick Room\n|upkeep\n|turn|9\n|c|\u2606Mrbeegamer1|lol\n|\n|t:|1700345823\n|switch|p1a: Darkrai|Darkrai|100\/100\n|move|p2a: Freddy Fazbear|Earth Power|p1a: Darkrai\n|-damage|p1a: Darkrai|40\/100\n|\n|upkeep\n|turn|10\n|\n|t:|1700345839\n|move|p1a: Darkrai|Drain Punch|p2a: Freddy Fazbear\n|-supereffective|p2a: Freddy Fazbear\n|-damage|p2a: Freddy Fazbear|53\/100\n|-heal|p1a: Darkrai|54\/100|[from] drain|[of] p2a: Freddy Fazbear\n|-enditem|p2a: Freddy Fazbear|Weakness Policy\n|-boost|p2a: Freddy Fazbear|atk|2|[from] item: Weakness Policy\n|-boost|p2a: Freddy Fazbear|spa|2|[from] item: Weakness Policy\n|move|p2a: Freddy Fazbear|Calm Mind|p2a: Freddy Fazbear\n|-boost|p2a: Freddy Fazbear|spa|1\n|-boost|p2a: Freddy Fazbear|spd|1\n|\n|upkeep\n|turn|11\n|c|\u2606Mrbeegamer1|hahaha\n|\n|t:|1700345857\n|move|p1a: Darkrai|Foul Play|p2a: Freddy Fazbear\n|-damage|p2a: Freddy Fazbear|27\/100\n|move|p2a: Freddy Fazbear|Blood Moon|p1a: Darkrai\n|-damage|p1a: Darkrai|0 fnt\n|faint|p1a: Darkrai\n|\n|upkeep\n|\n|t:|1700345877\n|switch|p1a: Amoonguss|Amoonguss, F|100\/100\n|turn|12\n|\n|t:|1700345886\n|switch|p2a: Jef Fredbear|Ursaluna, M|100\/100\n|move|p1a: Amoonguss|Spore|p2a: Jef Fredbear\n|-activate|p2a: Jef Fredbear|move: Electric Terrain\n|\n|-fieldend|move: Electric Terrain\n|-status|p2a: Jef Fredbear|brn|[from] item: Flame Orb\n|upkeep\n|turn|13\n|c|\u2606Mrbeegamer1|no more sleep\n|c|\u2606d1llyd4lly|damn lmao\n|\n|t:|1700345918\n|switch|p1a: Altaria|Altaria, F|100\/100\n|move|p2a: Jef Fredbear|Swords Dance|p2a: Jef Fredbear\n|-boost|p2a: Jef Fredbear|atk|2\n|\n|-damage|p2a: Jef Fredbear|94\/100 brn|[from] brn\n|upkeep\n|turn|14\n|c|\u2606Mrbeegamer1|it is satisfying to beat legendaries\n|\n|t:|1700345944\n|-terastallize|p2a: Jef Fredbear|Normal\n|move|p1a: Altaria|Draco Meteor|p2a: Jef Fredbear\n|-crit|p2a: Jef Fredbear\n|-damage|p2a: Jef Fredbear|39\/100 brn\n|-unboost|p1a: Altaria|spa|2\n|move|p2a: Jef Fredbear|Facade|p1a: Altaria\n|-damage|p1a: Altaria|0 fnt\n|faint|p1a: Altaria\n|\n|-damage|p2a: Jef Fredbear|33\/100 brn|[from] brn\n|upkeep\n|\n|t:|1700345961\n|switch|p1a: Greninja|Greninja, F|100\/100\n|turn|15\n|\n|t:|1700345974\n|switch|p2a: Annihilate|Annihilape, M|100\/100\n|move|p1a: Greninja|Hydro Pump|p2a: Annihilate\n|-damage|p2a: Annihilate|54\/100\n|\n|-heal|p2a: Annihilate|60\/100|[from] item: Leftovers\n|upkeep\n|turn|16\n|\n|t:|1700345994\n|move|p1a: Greninja|Hydro Pump|p2a: Annihilate|[miss]\n|-miss|p1a: Greninja|p2a: Annihilate\n|move|p2a: Annihilate|Drain Punch|p1a: Greninja\n|-supereffective|p1a: Greninja\n|-damage|p1a: Greninja|0 fnt\n|-heal|p2a: Annihilate|96\/100|[from] drain|[of] p1a: Greninja\n|faint|p1a: Greninja\n|\n|-heal|p2a: Annihilate|100\/100|[from] item: Leftovers\n|upkeep\n|\n|t:|1700346006\n|switch|p1a: Miraidon|Miraidon|11\/100\n|-fieldstart|move: Electric Terrain|[from] ability: Hadron Engine|[of] p1a: Miraidon\n|turn|17\n|\n|t:|1700346016\n|move|p1a: Miraidon|Electro Drift|p2a: Annihilate\n|-damage|p2a: Annihilate|25\/100\n|move|p2a: Annihilate|Rage Fist|p1a: Miraidon\n|-damage|p1a: Miraidon|0 fnt\n|faint|p1a: Miraidon\n|\n|-heal|p2a: Annihilate|31\/100|[from] item: Leftovers\n|upkeep\n|\n|t:|1700346025\n|switch|p1a: Amoonguss|Amoonguss, F|100\/100\n|turn|18\n|\n|t:|1700346031\n|move|p2a: Annihilate|Rage Fist|p1a: Amoonguss\n|-damage|p1a: Amoonguss|21\/100\n|move|p1a: Amoonguss|Body Slam|p2a: Annihilate\n|-immune|p2a: Annihilate\n|\n|-heal|p2a: Annihilate|37\/100|[from] item: Leftovers\n|-heal|p1a: Amoonguss|28\/100|[from] item: Leftovers\n|upkeep\n|turn|19\n|c|\u2606Mrbeegamer1|lol\n|c|\u2606Mrbeegamer1|GG\n|\n|t:|1700346047\n|move|p2a: Annihilate|Rage Fist|p1a: Amoonguss\n|-damage|p1a: Amoonguss|0 fnt\n|-status|p2a: Annihilate|par|[from] ability: Effect Spore|[of] p1a: Amoonguss\n|faint|p1a: Amoonguss\n|\n|win|Mrbeegamer1\n|raw|d1llyd4lly's rating: 1111 &rarr; <strong>1089<\/strong><br \/>(-22 for losing)\n|raw|Mrbeegamer1's rating: 1150 &rarr; <strong>1172<\/strong><br \/>(+22 for winning)\n|c|\u2606d1llyd4lly|gg\n|l|\u2606d1llyd4lly\n","uploadtime":1700346079,"views":6,"p1id":"d1llyd4lly","p2id":"mrbeegamer1","formatid":"gen9anythinggoes","rating":1089,"private":0,"password":""}