{"id":"gen9anythinggoes-1978769259","p1":"Future king of ou","p2":"AGisgood\u82cd\u54cd\u4fa0","format":"[Gen 9] Anything Goes","log":"|j|\u2606Future king of ou\n|j|\u2606AGisgood\u82cd\u54cd\u4fa0\n|inactive|Battle timer is ON: inactive players will automatically lose when time's up.\n|t:|1698592932\n|gametype|singles\n|player|p1|Future king of ou|heroine-conquest|\n|player|p2|AGisgood\u82cd\u54cd\u4fa0|cynthia-masters|\n|teamsize|p1|6\n|teamsize|p2|6\n|gen|9\n|tier|[Gen 9] Anything Goes\n|rated|Tournament battle\n|rule|HP Percentage Mod: HP is shown in percentages\n|rule|Endless Battle Clause: Forcing endless battles is banned\n|clearpoke\n|poke|p1|Arceus|\n|poke|p1|Koraidon|\n|poke|p1|Calyrex-Shadow|\n|poke|p1|Zacian-*|\n|poke|p1|Great Tusk|\n|poke|p1|Landorus-Therian, M|\n|poke|p2|Calyrex-Shadow|\n|poke|p2|Arceus-Fairy|\n|poke|p2|Koraidon|\n|poke|p2|Kyogre|\n|poke|p2|Wo-Chien|\n|poke|p2|Zacian-*|\n|teampreview\n|inactive|AGisgood\u82cd\u54cd\u4fa0 also wants the timer to be on.\n|j| Superbalo22\n|c|\u2606AGisgood\u82cd\u54cd\u4fa0|Is that scarf great tust?\n|l| Superbalo22\n|\n|t:|1698592960\n|start\n|switch|p1a: Koraidon|Koraidon|100\/100\n|switch|p2a: Arceus|Arceus-Fairy|100\/100\n|-weather|SunnyDay|[from] ability: Orichalcum Pulse|[of] p1a: Koraidon\n|-activate|p1a: Koraidon|Orichalcum Pulse|[source]\n|turn|1\n|c|\u2606Future king of ou|Idk\n|c|\u2606Future king of ou|Maybe it's specs\n|c|\u2606Future king of ou|Fr\n|\n|t:|1698592966\n|move|p1a: Koraidon|U-turn|p2a: Arceus\n|-resisted|p2a: Arceus\n|-damage|p2a: Arceus|85\/100\n|\n|t:|1698592968\n|switch|p1a: Zacian|Zacian-Crowned|100\/100|[from] U-turn\n|-ability|p1a: Zacian|Intrepid Sword|boost\n|-boost|p1a: Zacian|atk|1\n|move|p2a: Arceus|Thunder Wave|p1a: Zacian\n|-status|p1a: Zacian|par\n|\n|-weather|SunnyDay|[upkeep]\n|upkeep\n|turn|2\n|j|#Frozoid\n|\n|t:|1698592974\n|switch|p2a: Kyogre|Kyogre|100\/100\n|-weather|RainDance|[from] ability: Drizzle|[of] p2a: Kyogre\n|move|p1a: Zacian|Swords Dance|p1a: Zacian\n|-boost|p1a: Zacian|atk|2\n|\n|-weather|RainDance|[upkeep]\n|upkeep\n|turn|3\n|\n|t:|1698592977\n|move|p2a: Kyogre|Surf|p1a: Zacian\n|-damage|p1a: Zacian|40\/100 par\n|cant|p1a: Zacian|par\n|\n|-weather|RainDance|[upkeep]\n|upkeep\n|turn|4\n|c|\u2606Future king of ou|Dang\n|\n|t:|1698592986\n|move|p2a: Kyogre|Surf|p1a: Zacian\n|-damage|p1a: Zacian|0 fnt\n|faint|p1a: Zacian\n|\n|-weather|RainDance|[upkeep]\n|upkeep\n|\n|t:|1698592990\n|switch|p1a: Koraidon|Koraidon|100\/100\n|-weather|SunnyDay|[from] ability: Orichalcum Pulse|[of] p1a: Koraidon\n|-activate|p1a: Koraidon|Orichalcum Pulse|[source]\n|turn|5\n|\n|t:|1698592994\n|move|p1a: Koraidon|Close Combat|p2a: Kyogre\n|-damage|p2a: Kyogre|20\/100\n|-unboost|p1a: Koraidon|def|1\n|-unboost|p1a: Koraidon|spd|1\n|move|p2a: Kyogre|Thunder Wave|p1a: Koraidon\n|-status|p1a: Koraidon|par\n|\n|-weather|SunnyDay|[upkeep]\n|-heal|p2a: Kyogre|26\/100|[from] item: Leftovers\n|upkeep\n|turn|6\n|\n|t:|1698592999\n|switch|p2a: Calyrex|Calyrex-Shadow|100\/100\n|-ability|p2a: Calyrex|As One\n|-ability|p2a: Calyrex|Unnerve\n|move|p1a: Koraidon|Close Combat|p2a: Calyrex\n|-immune|p2a: Calyrex\n|\n|-weather|SunnyDay|[upkeep]\n|upkeep\n|turn|7\n|\n|t:|1698593003\n|switch|p1a: Arceus|Arceus|100\/100\n|move|p2a: Calyrex|Psyshock|p1a: Arceus\n|-damage|p1a: Arceus|70\/100\n|\n|-weather|SunnyDay|[upkeep]\n|upkeep\n|turn|8\n|\n|t:|1698593007\n|switch|p2a: Zacian|Zacian-Crowned|100\/100\n|-ability|p2a: Zacian|Intrepid Sword|boost\n|-boost|p2a: Zacian|atk|1\n|move|p1a: Arceus|Shadow Claw|p2a: Zacian\n|-crit|p2a: Zacian\n|-damage|p2a: Zacian|64\/100\n|\n|-weather|SunnyDay|[upkeep]\n|upkeep\n|turn|9\n|j| Thatbreloomguy\n|\n|t:|1698593011\n|switch|p1a: Landorus|Landorus-Therian, M|100\/100\n|-ability|p1a: Landorus|Intimidate|boost\n|-unboost|p2a: Zacian|atk|1\n|move|p2a: Zacian|Play Rough|p1a: Landorus\n|-damage|p1a: Landorus|67\/100\n|-damage|p2a: Zacian|48\/100|[from] item: Rocky Helmet|[of] p1a: Landorus\n|\n|-weather|none\n|upkeep\n|turn|10\n|\n|t:|1698593015\n|switch|p2a: Wo-Chien|Wo-Chien|100\/100\n|-ability|p2a: Wo-Chien|Tablets of Ruin\n|move|p1a: Landorus|Earthquake|p2a: Wo-Chien\n|-resisted|p2a: Wo-Chien\n|-damage|p2a: Wo-Chien|83\/100\n|\n|-heal|p2a: Wo-Chien|90\/100|[from] item: Leftovers\n|upkeep\n|turn|11\n|\n|t:|1698593018\n|move|p1a: Landorus|Taunt|p2a: Wo-Chien\n|-start|p2a: Wo-Chien|move: Taunt\n|cant|p2a: Wo-Chien|move: Taunt|Stun Spore\n|\n|-heal|p2a: Wo-Chien|96\/100|[from] item: Leftovers\n|upkeep\n|turn|12\n|\n|t:|1698593019\n|move|p1a: Landorus|Stealth Rock|p2a: Wo-Chien\n|-sidestart|p2: AGisgood\u82cd\u54cd\u4fa0|move: Stealth Rock\n|move|p2a: Wo-Chien|Knock Off|p1a: Landorus\n|-damage|p1a: Landorus|45\/100\n|-damage|p2a: Wo-Chien|79\/100|[from] item: Rocky Helmet|[of] p1a: Landorus\n|-enditem|p1a: Landorus|Rocky Helmet|[from] move: Knock Off|[of] p2a: Wo-Chien\n|\n|-heal|p2a: Wo-Chien|85\/100|[from] item: Leftovers\n|upkeep\n|turn|13\n|j|+Primordiallite\n|\n|t:|1698593022\n|switch|p2a: Calyrex|Calyrex-Shadow|100\/100\n|-ability|p2a: Calyrex|As One\n|-ability|p2a: Calyrex|Unnerve\n|move|p1a: Landorus|U-turn|p2a: Calyrex\n|-damage|p2a: Calyrex|75\/100\n|\n|t:|1698593025\n|switch|p1a: Arceus|Arceus|70\/100|[from] U-turn\n|\n|upkeep\n|turn|14\n|c| Thatbreloomguy|No way future king of ou bringing back the scarf tusk\n|\n|t:|1698593031\n|switch|p2a: Arceus|Arceus-Fairy|85\/100\n|-damage|p2a: Arceus|73\/100|[from] Stealth Rock\n|move|p1a: Arceus|Recover|p1a: Arceus\n|-heal|p1a: Arceus|100\/100\n|\n|upkeep\n|turn|15\n|\n|t:|1698593035\n|switch|p1a: Landorus|Landorus-Therian, M|45\/100\n|-ability|p1a: Landorus|Intimidate|boost\n|-unboost|p2a: Arceus|atk|1\n|move|p2a: Arceus|Thunder Wave|p1a: Landorus\n|-immune|p1a: Landorus\n|\n|upkeep\n|turn|16\n|\n|t:|1698593041\n|move|p2a: Arceus|Judgment|p1a: Landorus\n|-damage|p1a: Landorus|0 fnt\n|faint|p1a: Landorus\n|\n|upkeep\n|\n|t:|1698593047\n|switch|p1a: Arceus|Arceus|100\/100\n|turn|17\n|\n|t:|1698593051\n|move|p2a: Arceus|Taunt|p1a: Arceus\n|-start|p1a: Arceus|move: Taunt\n|cant|p1a: Arceus|move: Taunt|Bulk Up\n|\n|upkeep\n|turn|18\n|\n|t:|1698593058\n|move|p1a: Arceus|Extreme Speed|p2a: Arceus\n|-damage|p2a: Arceus|44\/100\n|move|p2a: Arceus|Thunder Wave|p1a: Arceus\n|-status|p1a: Arceus|par\n|\n|upkeep\n|turn|19\n|\n|t:|1698593064\n|cant|p1a: Arceus|par\n|move|p2a: Arceus|Recover|p2a: Arceus\n|-heal|p2a: Arceus|94\/100\n|\n|-end|p1a: Arceus|move: Taunt\n|upkeep\n|turn|20\n|\n|t:|1698593071\n|move|p1a: Arceus|Extreme Speed|p2a: Arceus\n|-damage|p2a: Arceus|66\/100\n|move|p2a: Arceus|Judgment|p1a: Arceus\n|-damage|p1a: Arceus|68\/100 par\n|\n|upkeep\n|turn|21\n|\n|t:|1698593076\n|move|p1a: Arceus|Extreme Speed|p2a: Arceus\n|-damage|p2a: Arceus|39\/100\n|move|p2a: Arceus|Taunt|p1a: Arceus\n|-start|p1a: Arceus|move: Taunt\n|\n|upkeep\n|turn|22\n|\n|t:|1698593081\n|move|p1a: Arceus|Extreme Speed|p2a: Arceus\n|-damage|p2a: Arceus|12\/100\n|move|p2a: Arceus|Recover|p2a: Arceus\n|-heal|p2a: Arceus|62\/100\n|\n|upkeep\n|turn|23\n|\n|t:|1698593086\n|move|p1a: Arceus|Extreme Speed|p2a: Arceus\n|-damage|p2a: Arceus|32\/100\n|move|p2a: Arceus|Recover|p2a: Arceus\n|-heal|p2a: Arceus|82\/100\n|\n|upkeep\n|turn|24\n|\n|t:|1698593093\n|cant|p1a: Arceus|par\n|move|p2a: Arceus|Judgment|p1a: Arceus\n|-damage|p1a: Arceus|34\/100 par\n|\n|-end|p1a: Arceus|move: Taunt\n|upkeep\n|turn|25\n|\n|t:|1698593114\n|move|p1a: Arceus|Extreme Speed|p2a: Arceus\n|-damage|p2a: Arceus|53\/100\n|move|p2a: Arceus|Taunt|p1a: Arceus\n|-start|p1a: Arceus|move: Taunt\n|\n|upkeep\n|turn|26\n|\n|t:|1698593116\n|cant|p1a: Arceus|par\n|move|p2a: Arceus|Judgment|p1a: Arceus\n|-damage|p1a: Arceus|1\/100 par\n|\n|upkeep\n|turn|27\n|\n|t:|1698593124\n|move|p1a: Arceus|Extreme Speed|p2a: Arceus\n|-damage|p2a: Arceus|23\/100\n|move|p2a: Arceus|Recover|p2a: Arceus\n|-heal|p2a: Arceus|73\/100\n|\n|upkeep\n|turn|28\n|\n|t:|1698593128\n|move|p1a: Arceus|Extreme Speed|p2a: Arceus\n|-damage|p2a: Arceus|42\/100\n|move|p2a: Arceus|Recover|p2a: Arceus\n|-heal|p2a: Arceus|92\/100\n|\n|-end|p1a: Arceus|move: Taunt\n|upkeep\n|turn|29\n|\n|t:|1698593131\n|move|p2a: Arceus|Judgment|p1a: Arceus\n|-damage|p1a: Arceus|0 fnt\n|faint|p1a: Arceus\n|\n|upkeep\n|\n|t:|1698593135\n|switch|p1a: Calyrex|Calyrex-Shadow|100\/100\n|-ability|p1a: Calyrex|As One\n|-ability|p1a: Calyrex|Unnerve\n|turn|30\n|\n|t:|1698593137\n|move|p1a: Calyrex|Encore|p2a: Arceus\n|-start|p2a: Arceus|Encore\n|move|p2a: Arceus|Judgment|p1a: Calyrex\n|-damage|p1a: Calyrex|54\/100\n|\n|upkeep\n|turn|31\n|\n|t:|1698593139\n|move|p1a: Calyrex|Nasty Plot|p1a: Calyrex\n|-boost|p1a: Calyrex|spa|2\n|move|p2a: Arceus|Judgment|p1a: Calyrex\n|-damage|p1a: Calyrex|1\/100\n|\n|upkeep\n|turn|32\n|\n|t:|1698593141\n|move|p1a: Calyrex|Astral Barrage|p2a: Arceus\n|-damage|p2a: Arceus|0 fnt\n|faint|p2a: Arceus\n|-ability|p1a: Calyrex|Grim Neigh|boost\n|-boost|p1a: Calyrex|spa|1\n|\n|upkeep\n|\n|t:|1698593144\n|switch|p2a: Koraidon|Koraidon|100\/100\n|-damage|p2a: Koraidon|94\/100|[from] Stealth Rock\n|-weather|SunnyDay|[from] ability: Orichalcum Pulse|[of] p2a: Koraidon\n|-activate|p2a: Koraidon|Orichalcum Pulse|[source]\n|turn|33\n|\n|t:|1698593149\n|move|p2a: Koraidon|Dual Wingbeat|p1a: Calyrex\n|-crit|p1a: Calyrex\n|-damage|p1a: Calyrex|0 fnt\n|faint|p1a: Calyrex\n|-hitcount|p1: Calyrex|1\n|\n|-weather|SunnyDay|[upkeep]\n|upkeep\n|\n|t:|1698593152\n|switch|p1a: Great Tusk|Great Tusk|100\/100\n|-activate|p1a: Great Tusk|ability: Protosynthesis\n|-start|p1a: Great Tusk|protosynthesisatk\n|turn|34\n|j| AmoghOp(\n|\n|t:|1698593155\n|-terastallize|p1a: Great Tusk|Ground\n|move|p2a: Koraidon|Dual Wingbeat|p1a: Great Tusk\n|-damage|p1a: Great Tusk|85\/100\n|-damage|p1a: Great Tusk|72\/100\n|-hitcount|p1a: Great Tusk|2\n|move|p1a: Great Tusk|Headlong Rush|p2a: Koraidon\n|-damage|p2a: Koraidon|5\/100\n|-unboost|p1a: Great Tusk|def|1\n|-unboost|p1a: Great Tusk|spd|1\n|\n|-weather|SunnyDay|[upkeep]\n|upkeep\n|turn|35\n|\n|t:|1698593158\n|move|p2a: Koraidon|Dual Wingbeat|p1a: Great Tusk\n|-damage|p1a: Great Tusk|51\/100\n|-damage|p1a: Great Tusk|32\/100\n|-hitcount|p1a: Great Tusk|2\n|move|p1a: Great Tusk|Headlong Rush|p2a: Koraidon\n|-damage|p2a: Koraidon|0 fnt\n|-unboost|p1a: Great Tusk|def|1\n|-unboost|p1a: Great Tusk|spd|1\n|faint|p2a: Koraidon\n|\n|-weather|SunnyDay|[upkeep]\n|upkeep\n|\n|t:|1698593165\n|switch|p2a: Wo-Chien|Wo-Chien|85\/100\n|-damage|p2a: Wo-Chien|73\/100|[from] Stealth Rock\n|-ability|p2a: Wo-Chien|Tablets of Ruin\n|turn|36\n|j| artemisery\n|\n|t:|1698593169\n|-end|p1a: Great Tusk|Protosynthesis|[silent]\n|switch|p1a: Koraidon|Koraidon|100\/100 par\n|-activate|p1a: Koraidon|ability: Orichalcum Pulse\n|move|p2a: Wo-Chien|Leech Seed|p1a: Koraidon\n|-start|p1a: Koraidon|move: Leech Seed\n|\n|-weather|SunnyDay|[upkeep]\n|-heal|p2a: Wo-Chien|79\/100|[from] item: Leftovers\n|-damage|p1a: Koraidon|88\/100 par|[from] Leech Seed|[of] p2a: Wo-Chien\n|-heal|p2a: Wo-Chien|90\/100|[silent]\n|upkeep\n|turn|37\n|\n|t:|1698593172\n|-terastallize|p2a: Wo-Chien|Poison\n|move|p1a: Koraidon|U-turn|p2a: Wo-Chien\n|-resisted|p2a: Wo-Chien\n|-damage|p2a: Wo-Chien|72\/100\n|\n|t:|1698593175\n|switch|p1a: Great Tusk|Great Tusk, tera:Ground|32\/100|[from] U-turn\n|-activate|p1a: Great Tusk|ability: Protosynthesis\n|-start|p1a: Great Tusk|protosynthesisatk\n|move|p2a: Wo-Chien|Knock Off|p1a: Great Tusk\n|-damage|p1a: Great Tusk|13\/100\n|-enditem|p1a: Great Tusk|Choice Scarf|[from] move: Knock Off|[of] p2a: Wo-Chien\n|\n|-weather|none\n|-end|p1a: Great Tusk|Protosynthesis\n|-heal|p2a: Wo-Chien|79\/100|[from] item: Leftovers\n|upkeep\n|turn|38\n|\n|t:|1698593178\n|move|p1a: Great Tusk|Headlong Rush|p2a: Wo-Chien\n|-supereffective|p2a: Wo-Chien\n|-damage|p2a: Wo-Chien|0 fnt\n|-unboost|p1a: Great Tusk|def|1\n|-unboost|p1a: Great Tusk|spd|1\n|faint|p2a: Wo-Chien\n|\n|upkeep\n|l| artemisery\n|\n|t:|1698593181\n|switch|p2a: Zacian|Zacian-Crowned|48\/100\n|-damage|p2a: Zacian|42\/100|[from] Stealth Rock\n|turn|39\n|\n|t:|1698593183\n|-end|p1a: Great Tusk|Protosynthesis|[silent]\n|switch|p1a: Koraidon|Koraidon|88\/100 par\n|-weather|SunnyDay|[from] ability: Orichalcum Pulse|[of] p1a: Koraidon\n|-activate|p1a: Koraidon|Orichalcum Pulse|[source]\n|move|p2a: Zacian|Play Rough|p1a: Koraidon\n|-supereffective|p1a: Koraidon\n|-damage|p1a: Koraidon|0 fnt\n|faint|p1a: Koraidon\n|\n|-weather|SunnyDay|[upkeep]\n|upkeep\n|\n|t:|1698593185\n|switch|p1a: Great Tusk|Great Tusk, tera:Ground|13\/100\n|-activate|p1a: Great Tusk|ability: Protosynthesis\n|-start|p1a: Great Tusk|protosynthesisatk\n|turn|40\n|c|\u2606AGisgood\u82cd\u54cd\u4fa0|gg\n|c|\u2606Future king of ou|Wait\n|c|\u2606Future king of ou|I didn't even realize\n|c|\u2606Future king of ou|You used\n|c|\u2606Future king of ou|Knock off\n|c|\u2606Future king of ou|Lmao\n|\n|t:|1698593205\n|move|p2a: Zacian|Play Rough|p1a: Great Tusk\n|-damage|p1a: Great Tusk|0 fnt\n|faint|p1a: Great Tusk\n|-end|p1a: Great Tusk|Protosynthesis|[silent]\n|\n|win|AGisgood\u82cd\u54cd\u4fa0\n|n|\u2606Future king of ou|futurekingofou\n|n|\u2606AGisgood\u82cd\u54cd\u4fa0|agisgood\n|n|+Frozoid|frozoid\n|n| Thatbreloomguy|thatbreloomguy\n|n| Primordiallite|primordiallite\n|n| AmoghOp(|amoghop\n|c| Thatbreloomguy|Rip scarf tusk\n|j| Lord Rekkuza\n|l|+Frozoid\n|l|\u2606Future king of ou\n|l| Thatbreloomguy\n|l| Primordiallite\n|l| Lord Rekkuza\n|j| jzhuc1741\n|l| jzhuc1741\n|l|\u2606AGisgood\u82cd\u54cd\u4fa0\n","uploadtime":1698593260,"views":9,"p1id":"futurekingofou","p2id":"agisgood","formatid":"gen9anythinggoes","rating":0,"private":0,"password":""}