{"id":"gen9anythinggoes-2000503999","p1":"supershadowfan2000","p2":"TheLatinoGuy","format":"[Gen 9] Anything Goes","log":"|j|\u2606supershadowfan2000\n|j|\u2606TheLatinoGuy\n|t:|1701200329\n|gametype|singles\n|player|p1|supershadowfan2000|1|\n|player|p2|TheLatinoGuy|twins-gen4|\n|teamsize|p1|6\n|teamsize|p2|6\n|gen|9\n|tier|[Gen 9] Anything Goes\n|rule|HP Percentage Mod: HP is shown in percentages\n|rule|Endless Battle Clause: Forcing endless battles is banned\n|clearpoke\n|poke|p1|Houndstone, M|\n|poke|p1|Hippopotas, M|\n|poke|p1|Calyrex-Shadow|\n|poke|p1|Ogerpon-Hearthflame, F|\n|poke|p1|Torkoal, M|\n|poke|p1|Glimmora, F|\n|poke|p2|Gardevoir, F|\n|poke|p2|Sylveon, F|\n|poke|p2|Tyranitar, M|\n|poke|p2|Rayquaza|\n|poke|p2|Mewtwo|\n|poke|p2|Salamence, M|\n|teampreview\n|j| Ha7tchie\n|\n|t:|1701200349\n|start\n|switch|p1a: Ogerpon|Ogerpon-Hearthflame, F|100\/100\n|switch|p2a: Mewtwo|Mewtwo|100\/100\n|-ability|p2a: Mewtwo|Pressure\n|-ability|p1a: Ogerpon|Mold Breaker\n|turn|1\n|\n|t:|1701200384\n|move|p2a: Mewtwo|Psystrike|p1a: Ogerpon\n|-damage|p1a: Ogerpon|34\/100\n|move|p1a: Ogerpon|Swords Dance|p1a: Ogerpon\n|-boost|p1a: Ogerpon|atk|2\n|\n|upkeep\n|turn|2\n|\n|t:|1701200392\n|move|p2a: Mewtwo|Psystrike|p1a: Ogerpon\n|-damage|p1a: Ogerpon|0 fnt\n|faint|p1a: Ogerpon\n|\n|upkeep\n|\n|t:|1701200407\n|switch|p1a: Calyrex|Calyrex-Shadow|100\/100\n|-ability|p1a: Calyrex|As One\n|-ability|p1a: Calyrex|Unnerve\n|turn|3\n|\n|t:|1701200431\n|-terastallize|p2a: Mewtwo|Psychic\n|move|p2a: Mewtwo|Psystrike|p1a: Calyrex\n|-resisted|p1a: Calyrex\n|-crit|p1a: Calyrex\n|-damage|p1a: Calyrex|35\/100\n|move|p1a: Calyrex|Astral Barrage|p2a: Mewtwo\n|-supereffective|p2a: Mewtwo\n|-damage|p2a: Mewtwo|0 fnt\n|faint|p2a: Mewtwo\n|-ability|p1a: Calyrex|Grim Neigh|boost\n|-boost|p1a: Calyrex|spa|1\n|-damage|p1a: Calyrex|25\/100|[from] item: Life Orb\n|\n|upkeep\n|\n|t:|1701200448\n|switch|p2a: Gardevoir|Gardevoir, F|100\/100\n|turn|4\n|\n|t:|1701200506\n|move|p1a: Calyrex|Astral Barrage|p2a: Gardevoir\n|-supereffective|p2a: Gardevoir\n|-damage|p2a: Gardevoir|0 fnt\n|faint|p2a: Gardevoir\n|-ability|p1a: Calyrex|Grim Neigh|boost\n|-boost|p1a: Calyrex|spa|1\n|-damage|p1a: Calyrex|15\/100|[from] item: Life Orb\n|\n|upkeep\n|\n|t:|1701200524\n|switch|p2a: Rayquaza|Rayquaza|100\/100\n|-ability|p2a: Rayquaza|Air Lock\n|turn|5\n|\n|t:|1701200539\n|move|p1a: Calyrex|Grass Knot|p2a: Rayquaza\n|-resisted|p2a: Rayquaza\n|-damage|p2a: Rayquaza|69\/100\n|-damage|p1a: Calyrex|5\/100|[from] item: Life Orb\n|move|p2a: Rayquaza|Dragon Claw|p1a: Calyrex\n|-damage|p1a: Calyrex|0 fnt\n|faint|p1a: Calyrex\n|\n|upkeep\n|\n|t:|1701200557\n|switch|p1a: Torkoal|Torkoal, M|100\/100\n|-weather|SunnyDay|[from] ability: Drought|[of] p1a: Torkoal\n|turn|6\n|\n|t:|1701200606\n|move|p1a: Torkoal|Protect|p1a: Torkoal\n|-singleturn|p1a: Torkoal|Protect\n|move|p2a: Rayquaza|Dragon Claw|p1a: Torkoal\n|-activate|p1a: Torkoal|move: Protect\n|\n|-weather|SunnyDay|[upkeep]\n|upkeep\n|turn|7\n|\n|t:|1701200619\n|move|p2a: Rayquaza|Flamethrower|p1a: Torkoal\n|-resisted|p1a: Torkoal\n|-damage|p1a: Torkoal|84\/100\n|move|p1a: Torkoal|Yawn|p2a: Rayquaza\n|-start|p2a: Rayquaza|move: Yawn|[of] p1a: Torkoal\n|\n|-weather|SunnyDay|[upkeep]\n|upkeep\n|turn|8\n|\n|t:|1701200628\n|move|p1a: Torkoal|Protect|p1a: Torkoal\n|-singleturn|p1a: Torkoal|Protect\n|move|p2a: Rayquaza|Tailwind|p2a: Rayquaza\n|-sidestart|p2: TheLatinoGuy|move: Tailwind\n|\n|-weather|SunnyDay|[upkeep]\n|-end|p2a: Rayquaza|move: Yawn|[silent]\n|-status|p2a: Rayquaza|slp\n|upkeep\n|turn|9\n|\n|t:|1701200650\n|switch|p2a: Salamence|Salamence, M|100\/100\n|-ability|p2a: Salamence|Intimidate|boost\n|-unboost|p1a: Torkoal|atk|1\n|switch|p1a: Glimmora|Glimmora, F|100\/100\n|\n|-weather|SunnyDay|[upkeep]\n|upkeep\n|turn|10\n|\n|t:|1701200679\n|move|p2a: Salamence|Iron Head|p1a: Glimmora\n|-supereffective|p1a: Glimmora\n|-damage|p1a: Glimmora|37\/100\n|-activate|p1a: Glimmora|ability: Toxic Debris\n|-sidestart|p2: TheLatinoGuy|move: Toxic Spikes\n|move|p1a: Glimmora|Mortal Spin|p2a: Salamence\n|-damage|p2a: Salamence|93\/100\n|-status|p2a: Salamence|psn\n|\n|-weather|SunnyDay|[upkeep]\n|-damage|p2a: Salamence|81\/100 psn|[from] psn\n|upkeep\n|turn|11\n|\n|t:|1701200698\n|move|p2a: Salamence|Aerial Ace|p1a: Glimmora\n|-resisted|p1a: Glimmora\n|-damage|p1a: Glimmora|16\/100\n|-activate|p1a: Glimmora|ability: Toxic Debris\n|-sidestart|p2: TheLatinoGuy|move: Toxic Spikes\n|move|p1a: Glimmora|Sludge Wave|p2a: Salamence\n|-damage|p2a: Salamence|17\/100 psn\n|\n|-weather|SunnyDay|[upkeep]\n|-damage|p2a: Salamence|4\/100 psn|[from] psn\n|-sideend|p2: TheLatinoGuy|move: Tailwind\n|upkeep\n|turn|12\n|\n|t:|1701200719\n|move|p1a: Glimmora|Spiky Shield|p1a: Glimmora\n|-singleturn|p1a: Glimmora|move: Protect\n|move|p2a: Salamence|Iron Head|p1a: Glimmora\n|-activate|p1a: Glimmora|move: Protect\n|-damage|p2a: Salamence|0 fnt|[from] Spiky Shield|[of] p1a: Glimmora\n|faint|p2a: Salamence\n|\n|-weather|SunnyDay|[upkeep]\n|upkeep\n|\n|t:|1701200730\n|switch|p2a: Tyranitar|Tyranitar, M|100\/100\n|-status|p2a: Tyranitar|tox\n|-weather|Sandstorm|[from] ability: Sand Stream|[of] p2a: Tyranitar\n|turn|13\n|\n|t:|1701200751\n|move|p1a: Glimmora|Sludge Wave|p2a: Tyranitar\n|-resisted|p2a: Tyranitar\n|-damage|p2a: Tyranitar|86\/100 tox\n|-enditem|p2a: Tyranitar|Red Card|[of] p1a: Glimmora\n|drag|p1a: Hippopotas|Hippopotas, M|100\/100\n|move|p2a: Tyranitar|Stealth Rock|p1a: Hippopotas\n|-sidestart|p1: supershadowfan2000|move: Stealth Rock\n|\n|-weather|Sandstorm|[upkeep]\n|-damage|p2a: Tyranitar|80\/100 tox|[from] psn\n|upkeep\n|turn|14\n|\n|t:|1701200765\n|move|p1a: Hippopotas|Earthquake|p2a: Tyranitar\n|-supereffective|p2a: Tyranitar\n|-damage|p2a: Tyranitar|25\/100 tox\n|move|p2a: Tyranitar|Lash Out|p1a: Hippopotas\n|-damage|p1a: Hippopotas|30\/100\n|\n|-weather|Sandstorm|[upkeep]\n|-damage|p2a: Tyranitar|12\/100 tox|[from] psn\n|upkeep\n|turn|15\n|l|\u2606supershadowfan2000\n|player|p1|\n|j|\u2606supershadowfan2000\n|player|p1|supershadowfan2000|1\n|\n|t:|1701200787\n|switch|p1a: Glimmora|Glimmora, F|16\/100\n|-damage|p1a: Glimmora|4\/100|[from] Stealth Rock\n|move|p2a: Tyranitar|Stealth Rock||[still]\n|-fail|p2a: Tyranitar\n|\n|-weather|Sandstorm|[upkeep]\n|-damage|p2a: Tyranitar|0 fnt|[from] psn\n|faint|p2a: Tyranitar\n|upkeep\n|\n|t:|1701200800\n|switch|p2a: Sylveon|Sylveon, F, shiny|100\/100\n|-status|p2a: Sylveon|tox\n|turn|16\n|\n|t:|1701200816\n|move|p1a: Glimmora|Spiky Shield|p1a: Glimmora\n|-singleturn|p1a: Glimmora|move: Protect\n|move|p2a: Sylveon|Weather Ball|p1a: Glimmora\n|-activate|p1a: Glimmora|move: Protect\n|\n|-weather|Sandstorm|[upkeep]\n|-damage|p2a: Sylveon|94\/100 tox|[from] Sandstorm\n|-damage|p2a: Sylveon|88\/100 tox|[from] psn\n|upkeep\n|turn|17\n|\n|t:|1701200829\n|move|p1a: Glimmora|Sludge Wave|p2a: Sylveon\n|-supereffective|p2a: Sylveon\n|-damage|p2a: Sylveon|20\/100 tox\n|move|p2a: Sylveon|Hyper Voice|p1a: Glimmora\n|-resisted|p1a: Glimmora\n|-crit|p1a: Glimmora\n|-damage|p1a: Glimmora|0 fnt\n|faint|p1a: Glimmora\n|\n|-weather|none\n|-damage|p2a: Sylveon|8\/100 tox|[from] psn\n|upkeep\n|\n|t:|1701200860\n|switch|p1a: Hippopotas|Hippopotas, M|30\/100\n|-damage|p1a: Hippopotas|24\/100|[from] Stealth Rock\n|-weather|Sandstorm|[from] ability: Sand Stream|[of] p1a: Hippopotas\n|turn|18\n|\n|t:|1701200884\n|move|p1a: Hippopotas|Earthquake|p2a: Sylveon\n|-damage|p2a: Sylveon|0 fnt\n|faint|p2a: Sylveon\n|\n|-weather|Sandstorm|[upkeep]\n|upkeep\n|\n|t:|1701200891\n|switch|p2a: Rayquaza|Rayquaza|69\/100 slp\n|-ability|p2a: Rayquaza|Air Lock\n|turn|19\n|\n|t:|1701200907\n|switch|p1a: Torkoal|Torkoal, M|84\/100\n|-damage|p1a: Torkoal|59\/100|[from] Stealth Rock\n|-weather|SunnyDay|[from] ability: Drought|[of] p1a: Torkoal\n|cant|p2a: Rayquaza|slp\n|\n|-weather|SunnyDay|[upkeep]\n|upkeep\n|turn|20\n|\n|t:|1701200928\n|-curestatus|p2a: Rayquaza|slp|[msg]\n|move|p2a: Rayquaza|Dragon Claw|p1a: Torkoal\n|-damage|p1a: Torkoal|24\/100\n|move|p1a: Torkoal|Clear Smog|p2a: Rayquaza\n|-damage|p2a: Rayquaza|57\/100\n|-clearboost|p2a: Rayquaza\n|\n|-weather|SunnyDay|[upkeep]\n|upkeep\n|turn|21\n|\n|t:|1701200941\n|move|p2a: Rayquaza|Dragon Ascent|p1a: Torkoal\n|-damage|p1a: Torkoal|0 fnt\n|-unboost|p2a: Rayquaza|def|1\n|-unboost|p2a: Rayquaza|spd|1\n|faint|p1a: Torkoal\n|\n|-weather|SunnyDay|[upkeep]\n|upkeep\n|\n|t:|1701200949\n|switch|p1a: Hippopotas|Hippopotas, M|24\/100\n|-damage|p1a: Hippopotas|17\/100|[from] Stealth Rock\n|-weather|Sandstorm|[from] ability: Sand Stream|[of] p1a: Hippopotas\n|turn|22\n|\n|t:|1701200976\n|move|p2a: Rayquaza|Dragon Claw|p1a: Hippopotas\n|-damage|p1a: Hippopotas|0 fnt\n|faint|p1a: Hippopotas\n|\n|-weather|Sandstorm|[upkeep]\n|upkeep\n|\n|t:|1701200983\n|switch|p1a: Houndstone|Houndstone, M|100\/100\n|-damage|p1a: Houndstone|88\/100|[from] Stealth Rock\n|turn|23\n|\n|t:|1701200993\n|move|p2a: Rayquaza|Dragon Ascent|p1a: Houndstone\n|-damage|p1a: Houndstone|12\/100\n|-unboost|p2a: Rayquaza|def|1\n|-unboost|p2a: Rayquaza|spd|1\n|move|p1a: Houndstone|Last Respects|p2a: Rayquaza\n|-damage|p2a: Rayquaza|0 fnt\n|faint|p2a: Rayquaza\n|\n|win|supershadowfan2000\n","uploadtime":1701201008,"views":1,"p1id":"supershadowfan2000","p2id":"thelatinoguy","formatid":"gen9anythinggoes","rating":0,"private":0,"password":""}