{"id":"gen9anythinggoes-1982469233","p1":"Shinigami24","p2":"Cementboots","format":"[Gen 9] Anything Goes","log":"|j|\u2606Shinigami24\n|j|\u2606Cementboots\n|t:|1699017797\n|gametype|singles\n|player|p1|Shinigami24|169|1049\n|player|p2|Cementboots|backpacker|1000\n|teamsize|p1|6\n|teamsize|p2|6\n|gen|9\n|tier|[Gen 9] Anything Goes\n|rated|\n|rule|HP Percentage Mod: HP is shown in percentages\n|rule|Endless Battle Clause: Forcing endless battles is banned\n|clearpoke\n|poke|p1|Urshifu-*, M|\n|poke|p1|Calyrex-Shadow|\n|poke|p1|Zacian-*|\n|poke|p1|Urshifu-*, F|\n|poke|p1|Urshifu-*, M|\n|poke|p1|Urshifu-*, M|\n|poke|p2|Orthworm, M|\n|poke|p2|Clodsire, M|\n|poke|p2|Glimmora, M|\n|poke|p2|Garganacl, M|\n|poke|p2|Kingambit, F|\n|poke|p2|Ceruledge, F|\n|teampreview\n|inactive|Battle timer is ON: inactive players will automatically lose when time's up. (requested by Shinigami24)\n|\n|t:|1699017802\n|start\n|switch|p1a: Calyrex|Calyrex-Shadow|100\/100\n|switch|p2a: Glimmora|Glimmora, M, shiny|100\/100\n|-ability|p1a: Calyrex|As One\n|-ability|p1a: Calyrex|Unnerve\n|turn|1\n|\n|t:|1699017811\n|switch|p2a: Garganacl|Garganacl, M, shiny|100\/100\n|move|p1a: Calyrex|Nasty Plot|p1a: Calyrex\n|-boost|p1a: Calyrex|spa|2\n|\n|upkeep\n|turn|2\n|\n|t:|1699017821\n|-terastallize|p1a: Calyrex|Ghost\n|move|p1a: Calyrex|Astral Barrage|p2a: Garganacl\n|-damage|p2a: Garganacl|24\/100\n|move|p2a: Garganacl|Salt Cure|p1a: Calyrex\n|-damage|p1a: Calyrex|83\/100\n|-start|p1a: Calyrex|Salt Cure\n|\n|-damage|p1a: Calyrex|70\/100|[from] Salt Cure\n|upkeep\n|turn|3\n|\n|t:|1699017833\n|move|p1a: Calyrex|Astral Barrage|p2a: Garganacl\n|-crit|p2a: Garganacl\n|-damage|p2a: Garganacl|0 fnt\n|faint|p2a: Garganacl\n|-ability|p1a: Calyrex|Grim Neigh|boost\n|-boost|p1a: Calyrex|spa|1\n|\n|-damage|p1a: Calyrex|58\/100|[from] Salt Cure\n|upkeep\n|\n|t:|1699017837\n|switch|p2a: Ceruledge|Ceruledge, F, shiny|100\/100\n|turn|4\n|\n|t:|1699017842\n|move|p1a: Calyrex|Astral Barrage|p2a: Ceruledge\n|-supereffective|p2a: Ceruledge\n|-enditem|p2a: Ceruledge|Focus Sash\n|-damage|p2a: Ceruledge|1\/100\n|move|p2a: Ceruledge|Swords Dance|p2a: Ceruledge\n|-boost|p2a: Ceruledge|atk|2\n|\n|-damage|p1a: Calyrex|46\/100|[from] Salt Cure\n|upkeep\n|turn|5\n|\n|t:|1699017847\n|move|p2a: Ceruledge|Shadow Sneak|p1a: Calyrex\n|-supereffective|p1a: Calyrex\n|-damage|p1a: Calyrex|0 fnt\n|faint|p1a: Calyrex\n|\n|upkeep\n|\n|t:|1699017852\n|switch|p1a: Zacian|Zacian-Crowned|100\/100\n|-ability|p1a: Zacian|Intrepid Sword|boost\n|-boost|p1a: Zacian|atk|1\n|turn|6\n|\n|t:|1699017857\n|move|p1a: Zacian|Swords Dance|p1a: Zacian\n|-boost|p1a: Zacian|atk|2\n|move|p2a: Ceruledge|Destiny Bond|p2a: Ceruledge\n|-singlemove|p2a: Ceruledge|Destiny Bond\n|\n|upkeep\n|turn|7\n|\n|t:|1699017862\n|move|p1a: Zacian|Swords Dance|p1a: Zacian\n|-boost|p1a: Zacian|atk|2\n|move|p2a: Ceruledge|Bitter Blade|p1a: Zacian\n|-supereffective|p1a: Zacian\n|-damage|p1a: Zacian|0 fnt\n|-heal|p2a: Ceruledge|57\/100|[from] drain|[of] p1a: Zacian\n|faint|p1a: Zacian\n|\n|upkeep\n|\n|t:|1699017871\n|switch|p1a: Urshifu|Urshifu-Rapid-Strike, F|100\/100\n|turn|8\n|\n|t:|1699017880\n|switch|p2a: Glimmora|Glimmora, M, shiny|100\/100\n|move|p1a: Urshifu|Surging Strikes|p2a: Glimmora\n|-supereffective|p2a: Glimmora\n|-crit|p2a: Glimmora\n|-damage|p2a: Glimmora|63\/100\n|-activate|p2a: Glimmora|ability: Toxic Debris\n|-sidestart|p1: Shinigami24|move: Toxic Spikes\n|-supereffective|p2a: Glimmora\n|-crit|p2a: Glimmora\n|-damage|p2a: Glimmora|23\/100\n|-activate|p2a: Glimmora|ability: Toxic Debris\n|-sidestart|p1: Shinigami24|move: Toxic Spikes\n|-supereffective|p2a: Glimmora\n|-crit|p2a: Glimmora\n|-damage|p2a: Glimmora|0 fnt\n|faint|p2a: Glimmora\n|-hitcount|p2: Glimmora|3\n|\n|upkeep\n|\n|t:|1699017896\n|switch|p2a: Clodsire|Clodsire, M, shiny|100\/100\n|turn|9\n|\n|t:|1699017901\n|move|p1a: Urshifu|Surging Strikes|p2a: Clodsire\n|-immune|p2a: Clodsire|[from] ability: Water Absorb\n|move|p2a: Clodsire|Toxic|p1a: Urshifu\n|-status|p1a: Urshifu|tox\n|\n|-damage|p1a: Urshifu|94\/100 tox|[from] psn\n|upkeep\n|turn|10\n|\n|t:|1699017912\n|switch|p1a: Urshifu|Urshifu-Rapid-Strike, M|100\/100\n|-status|p1a: Urshifu|tox\n|move|p2a: Clodsire|Earthquake|p1a: Urshifu\n|-damage|p1a: Urshifu|63\/100 tox\n|\n|-damage|p1a: Urshifu|57\/100 tox|[from] psn\n|upkeep\n|turn|11\n|\n|t:|1699017917\n|move|p1a: Urshifu|Fire Punch|p2a: Clodsire\n|-damage|p2a: Clodsire|70\/100\n|-status|p2a: Clodsire|brn\n|-damage|p1a: Urshifu|41\/100 tox|[from] item: Rocky Helmet|[of] p2a: Clodsire\n|move|p2a: Clodsire|Earthquake|p1a: Urshifu\n|-damage|p1a: Urshifu|24\/100 tox\n|\n|-damage|p1a: Urshifu|11\/100 tox|[from] psn\n|-damage|p2a: Clodsire|64\/100 brn|[from] brn\n|upkeep\n|turn|12\n|\n|t:|1699017924\n|move|p1a: Urshifu|Fire Punch|p2a: Clodsire\n|-damage|p2a: Clodsire|36\/100 brn\n|-damage|p1a: Urshifu|0 fnt|[from] item: Rocky Helmet|[of] p2a: Clodsire\n|faint|p1a: Urshifu\n|move|p2a: Clodsire|Recover|p2a: Clodsire\n|-heal|p2a: Clodsire|86\/100 brn\n|\n|-damage|p2a: Clodsire|79\/100 brn|[from] brn\n|upkeep\n|-message|Shinigami24 forfeited.\n|\n|win|Cementboots\n|raw|Shinigami24's rating: 1049 &rarr; <strong>1029<\/strong><br \/>(-20 for losing)\n|raw|Cementboots's rating: 1000 &rarr; <strong>1046<\/strong><br \/>(+46 for winning)\n|l|\u2606Shinigami24\n","uploadtime":1699017934,"views":6,"p1id":"shinigami24","p2id":"cementboots","formatid":"gen9anythinggoes","rating":1029,"private":0,"password":""}