{"id":"gen9anythinggoes-1997185246","p1":"Mean Mice","p2":"Arthor148","format":"[Gen 9] Anything Goes","log":"|j|\u2606Mean Mice\n|j|\u2606Arthor148\n|t:|1700773267\n|gametype|singles\n|player|p1|Mean Mice|101|1043\n|player|p2|Arthor148|2|1000\n|teamsize|p1|6\n|teamsize|p2|6\n|gen|9\n|tier|[Gen 9] Anything Goes\n|rated|\n|rule|HP Percentage Mod: HP is shown in percentages\n|rule|Endless Battle Clause: Forcing endless battles is banned\n|clearpoke\n|poke|p1|Swadloon, M|\n|poke|p1|Cyclizar, F|\n|poke|p1|Dragapult, M|\n|poke|p1|Mew|\n|poke|p1|Muk-Alola, M|\n|poke|p1|Diancie|\n|poke|p2|Dragapult, F|\n|poke|p2|Dragonite, M|\n|poke|p2|Lucario, M|\n|poke|p2|Slaking, M|\n|poke|p2|Cinderace, F|\n|poke|p2|Toxapex, M|\n|teampreview\n|\n|t:|1700773274\n|start\n|switch|p1a: Cyclizar|Cyclizar, F|100\/100\n|switch|p2a: Slaking|Slaking, M|100\/100\n|turn|1\n|\n|t:|1700773288\n|move|p1a: Cyclizar|Shed Tail|p1a: Cyclizar\n|-start|p1a: Cyclizar|Substitute|[from] move: Shed Tail\n|-damage|p1a: Cyclizar|50\/100\n|-enditem|p1a: Cyclizar|Sitrus Berry|[eat]\n|-heal|p1a: Cyclizar|75\/100|[from] item: Sitrus Berry\n|\n|t:|1700773296\n|switch|p1a: Diancie|Diancie|100\/100|[from] Shed Tail\n|move|p2a: Slaking|Earthquake|p1a: Diancie\n|-supereffective|p1a: Diancie\n|-end|p1a: Diancie|Substitute\n|\n|upkeep\n|turn|2\n|\n|t:|1700773312\n|cant|p2a: Slaking|ability: Truant\n|move|p1a: Diancie|Iron Defense|p1a: Diancie\n|-boost|p1a: Diancie|def|2\n|\n|upkeep\n|turn|3\n|\n|t:|1700773319\n|move|p2a: Slaking|Shadow Claw|p1a: Diancie\n|-damage|p1a: Diancie|91\/100\n|move|p1a: Diancie|Iron Defense|p1a: Diancie\n|-boost|p1a: Diancie|def|2\n|\n|-heal|p1a: Diancie|97\/100|[from] item: Leftovers\n|upkeep\n|turn|4\n|inactive|Battle timer is ON: inactive players will automatically lose when time's up. (requested by Mean Mice)\n|\n|t:|1700773332\n|cant|p2a: Slaking|ability: Truant\n|move|p1a: Diancie|Substitute|p1a: Diancie\n|-start|p1a: Diancie|Substitute\n|-damage|p1a: Diancie|72\/100\n|\n|-heal|p1a: Diancie|78\/100|[from] item: Leftovers\n|upkeep\n|turn|5\n|\n|t:|1700773346\n|move|p2a: Slaking|Drain Punch|p1a: Diancie\n|-activate|p1a: Diancie|move: Substitute|[damage]\n|move|p1a: Diancie|Iron Defense|p1a: Diancie\n|-boost|p1a: Diancie|def|2\n|\n|-heal|p1a: Diancie|84\/100|[from] item: Leftovers\n|upkeep\n|turn|6\n|\n|t:|1700773357\n|cant|p2a: Slaking|ability: Truant\n|move|p1a: Diancie|Calm Mind|p1a: Diancie\n|-boost|p1a: Diancie|spa|1\n|-boost|p1a: Diancie|spd|1\n|\n|-heal|p1a: Diancie|90\/100|[from] item: Leftovers\n|upkeep\n|turn|7\n|\n|t:|1700773368\n|move|p2a: Slaking|Drain Punch|p1a: Diancie\n|-activate|p1a: Diancie|move: Substitute|[damage]\n|move|p1a: Diancie|Calm Mind|p1a: Diancie\n|-boost|p1a: Diancie|spa|1\n|-boost|p1a: Diancie|spd|1\n|\n|-heal|p1a: Diancie|96\/100|[from] item: Leftovers\n|upkeep\n|turn|8\n|\n|t:|1700773379\n|cant|p2a: Slaking|ability: Truant\n|move|p1a: Diancie|Calm Mind|p1a: Diancie\n|-boost|p1a: Diancie|spa|1\n|-boost|p1a: Diancie|spd|1\n|\n|-heal|p1a: Diancie|100\/100|[from] item: Leftovers\n|upkeep\n|turn|9\n|\n|t:|1700773391\n|move|p2a: Slaking|Earthquake|p1a: Diancie\n|-supereffective|p1a: Diancie\n|-activate|p1a: Diancie|move: Substitute|[damage]\n|move|p1a: Diancie|Calm Mind|p1a: Diancie\n|-boost|p1a: Diancie|spa|1\n|-boost|p1a: Diancie|spd|1\n|\n|upkeep\n|turn|10\n|\n|t:|1700773412\n|cant|p2a: Slaking|ability: Truant\n|move|p1a: Diancie|Calm Mind|p1a: Diancie\n|-boost|p1a: Diancie|spa|1\n|-boost|p1a: Diancie|spd|1\n|\n|upkeep\n|turn|11\n|\n|t:|1700773423\n|move|p2a: Slaking|Shadow Claw|p1a: Diancie\n|-end|p1a: Diancie|Substitute\n|move|p1a: Diancie|Calm Mind|p1a: Diancie\n|-boost|p1a: Diancie|spa|1\n|-boost|p1a: Diancie|spd|1\n|\n|upkeep\n|turn|12\n|\n|t:|1700773432\n|cant|p2a: Slaking|ability: Truant\n|move|p1a: Diancie|Substitute|p1a: Diancie\n|-start|p1a: Diancie|Substitute\n|-damage|p1a: Diancie|76\/100\n|\n|-heal|p1a: Diancie|82\/100|[from] item: Leftovers\n|upkeep\n|turn|13\n|\n|t:|1700773445\n|switch|p2a: Lucario|Lucario, M|100\/100\n|move|p1a: Diancie|Baton Pass|p1a: Diancie\n|\n|t:|1700773452\n|switch|p1a: Dragapult|Dragapult, M|100\/100|[from] Baton Pass\n|\n|upkeep\n|turn|14\n|\n|t:|1700773458\n|move|p1a: Dragapult|Dragon Dance|p1a: Dragapult\n|-boost|p1a: Dragapult|atk|1\n|-boost|p1a: Dragapult|spe|1\n|move|p2a: Lucario|Swords Dance|p2a: Lucario\n|-boost|p2a: Lucario|atk|2\n|\n|upkeep\n|turn|15\n|\n|t:|1700773467\n|move|p1a: Dragapult|Dragon Dance|p1a: Dragapult\n|-boost|p1a: Dragapult|atk|1\n|-boost|p1a: Dragapult|spe|1\n|move|p2a: Lucario|Swords Dance|p2a: Lucario\n|-boost|p2a: Lucario|atk|2\n|\n|upkeep\n|turn|16\n|\n|t:|1700773477\n|move|p1a: Dragapult|Dragon Dance|p1a: Dragapult\n|-boost|p1a: Dragapult|atk|1\n|-boost|p1a: Dragapult|spe|1\n|move|p2a: Lucario|Swords Dance|p2a: Lucario\n|-boost|p2a: Lucario|atk|2\n|\n|upkeep\n|turn|17\n|\n|t:|1700773487\n|move|p1a: Dragapult|Dragon Darts|p2a: Lucario\n|-resisted|p2a: Lucario\n|-damage|p2a: Lucario|58\/100\n|-anim|p1a: Dragapult|Dragon Darts|p2a: Lucario\n|-resisted|p2a: Lucario\n|-damage|p2a: Lucario|17\/100\n|-enditem|p2a: Lucario|Sitrus Berry|[eat]\n|-heal|p2a: Lucario|42\/100|[from] item: Sitrus Berry\n|move|p2a: Lucario|Shadow Ball|p1a: Dragapult\n|-supereffective|p1a: Dragapult\n|-activate|p1a: Dragapult|move: Substitute|[damage]\n|\n|upkeep\n|turn|18\n|\n|t:|1700773505\n|move|p1a: Dragapult|Dragon Dance|p1a: Dragapult\n|-boost|p1a: Dragapult|atk|1\n|-boost|p1a: Dragapult|spe|1\n|move|p2a: Lucario|Earthquake|p1a: Dragapult\n|-end|p1a: Dragapult|Substitute\n|\n|upkeep\n|turn|19\n|\n|t:|1700773519\n|move|p1a: Dragapult|Dragon Darts|p2a: Lucario\n|-resisted|p2a: Lucario\n|-damage|p2a: Lucario|0 fnt\n|faint|p2a: Lucario\n|\n|upkeep\n|\n|t:|1700773526\n|switch|p2a: Dragapult|Dragapult, F|100\/100\n|turn|20\n|\n|t:|1700773533\n|move|p1a: Dragapult|Substitute|p1a: Dragapult\n|-start|p1a: Dragapult|Substitute\n|-damage|p1a: Dragapult|75\/100\n|move|p2a: Dragapult|Hex|p1a: Dragapult\n|-supereffective|p1a: Dragapult\n|-crit|p1a: Dragapult\n|-end|p1a: Dragapult|Substitute\n|\n|-heal|p1a: Dragapult|82\/100|[from] item: Leftovers\n|upkeep\n|turn|21\n|\n|t:|1700773541\n|move|p1a: Dragapult|Substitute|p1a: Dragapult\n|-start|p1a: Dragapult|Substitute\n|-damage|p1a: Dragapult|57\/100\n|move|p2a: Dragapult|Hex|p1a: Dragapult\n|-supereffective|p1a: Dragapult\n|-activate|p1a: Dragapult|move: Substitute|[damage]\n|\n|-heal|p1a: Dragapult|63\/100|[from] item: Leftovers\n|upkeep\n|turn|22\n|\n|t:|1700773554\n|move|p1a: Dragapult|Dragon Dance|p1a: Dragapult\n|-boost|p1a: Dragapult|atk|1\n|-boost|p1a: Dragapult|spe|1\n|move|p2a: Dragapult|Dragon Dance|p2a: Dragapult\n|-boost|p2a: Dragapult|atk|1\n|-boost|p2a: Dragapult|spe|1\n|\n|-heal|p1a: Dragapult|69\/100|[from] item: Leftovers\n|upkeep\n|turn|23\n|\n|t:|1700773565\n|move|p1a: Dragapult|Dragon Dance|p1a: Dragapult\n|-boost|p1a: Dragapult|atk|1\n|-boost|p1a: Dragapult|spe|1\n|move|p2a: Dragapult|Dragon Dance|p2a: Dragapult\n|-boost|p2a: Dragapult|atk|1\n|-boost|p2a: Dragapult|spe|1\n|\n|-heal|p1a: Dragapult|75\/100|[from] item: Leftovers\n|upkeep\n|turn|24\n|\n|t:|1700773579\n|move|p1a: Dragapult|Dragon Darts|p2a: Dragapult\n|-supereffective|p2a: Dragapult\n|-enditem|p2a: Dragapult|Focus Sash\n|-damage|p2a: Dragapult|1\/100\n|-anim|p1a: Dragapult|Dragon Darts|p2a: Dragapult\n|-supereffective|p2a: Dragapult\n|-damage|p2a: Dragapult|0 fnt\n|faint|p2a: Dragapult\n|\n|-heal|p1a: Dragapult|81\/100|[from] item: Leftovers\n|upkeep\n|\n|t:|1700773594\n|switch|p2a: Toxapex|Toxapex, M|100\/100\n|turn|25\n|\n|t:|1700773600\n|move|p1a: Dragapult|Baton Pass|p1a: Dragapult\n|\n|t:|1700773603\n|switch|p1a: Swadloon|Swadloon, M|100\/100|[from] Baton Pass\n|move|p2a: Toxapex|Toxic||[still]\n|-fail|p2a: Toxapex\n|\n|upkeep\n|turn|26\n|\n|t:|1700773618\n|-terastallize|p1a: Swadloon|Ground\n|move|p1a: Swadloon|Tera Blast|p2a: Toxapex|[anim] Tera Blast Ground\n|-supereffective|p2a: Toxapex\n|-damage|p2a: Toxapex|0 fnt\n|faint|p2a: Toxapex\n|-damage|p1a: Swadloon|91\/100|[from] item: Life Orb\n|\n|upkeep\n|\n|t:|1700773630\n|switch|p2a: Slaking|Slaking, M|100\/100\n|turn|27\n|\n|t:|1700773636\n|move|p1a: Swadloon|Tera Blast|p2a: Slaking|[anim] Tera Blast Ground\n|-damage|p2a: Slaking|0 fnt\n|faint|p2a: Slaking\n|-damage|p1a: Swadloon|81\/100|[from] item: Life Orb\n|\n|upkeep\n|\n|t:|1700773644\n|switch|p2a: Cinderace|Cinderace, F|100\/100\n|turn|28\n|\n|t:|1700773649\n|move|p1a: Swadloon|Tera Blast|p2a: Cinderace|[anim] Tera Blast Ground\n|-supereffective|p2a: Cinderace\n|-damage|p2a: Cinderace|0 fnt\n|faint|p2a: Cinderace\n|-damage|p1a: Swadloon|71\/100|[from] item: Life Orb\n|\n|upkeep\n|\n|t:|1700773658\n|switch|p2a: Dragonite|Dragonite, M|100\/100\n|turn|29\n|\n|t:|1700773665\n|move|p1a: Swadloon|Facade|p2a: Dragonite\n|-damage|p2a: Dragonite|5\/100\n|-damage|p1a: Swadloon|61\/100|[from] item: Life Orb\n|move|p2a: Dragonite|Earthquake|p1a: Swadloon\n|-activate|p1a: Swadloon|move: Substitute|[damage]\n|\n|upkeep\n|turn|30\n|\n|t:|1700773679\n|-terastallize|p2a: Dragonite|Dragon\n|move|p1a: Swadloon|Facade|p2a: Dragonite\n|-damage|p2a: Dragonite|0 fnt\n|faint|p2a: Dragonite\n|-damage|p1a: Swadloon|51\/100|[from] item: Life Orb\n|\n|win|Mean Mice\n|raw|Mean Mice's rating: 1043 &rarr; <strong>1072<\/strong><br \/>(+29 for winning)\n|raw|Arthor148's rating: 1000 &rarr; <strong>1000<\/strong><br \/>(+0 for losing)\n","uploadtime":1700773690,"views":0,"p1id":"meanmice","p2id":"arthor148","formatid":"gen9anythinggoes","rating":1000,"private":0,"password":""}