{"id":"gen9anythinggoes-1989607782","p1":"Webyoshi","p2":"jayyysh","format":"[Gen 9] Anything Goes","log":"|j|\u2606Webyoshi\n|j|\u2606jayyysh\n|t:|1699878192\n|gametype|singles\n|player|p1|Webyoshi|101|\n|player|p2|jayyysh|roxie|\n|teamsize|p1|6\n|teamsize|p2|6\n|gen|9\n|tier|[Gen 9] Anything Goes\n|rule|HP Percentage Mod: HP is shown in percentages\n|rule|Endless Battle Clause: Forcing endless battles is banned\n|clearpoke\n|poke|p1|Darkrai|\n|poke|p1|Blissey, F|\n|poke|p1|Calyrex-Shadow|\n|poke|p1|Garchomp, M|\n|poke|p1|Gardevoir, M|\n|poke|p1|Groudon|\n|poke|p2|Gardevoir, F|\n|poke|p2|Darkrai|\n|poke|p2|Garchomp, M|\n|poke|p2|Rotom-Wash|\n|poke|p2|Infernape, M|\n|poke|p2|Shaymin-Sky|\n|teampreview\n|\n|t:|1699878206\n|start\n|switch|p1a: Blissey|Blissey, F, shiny|100\/100\n|switch|p2a: Lindona|Gardevoir, F, shiny|100\/100\n|-ability|p2a: Lindona|Natural Cure|[from] ability: Trace|[of] p1a: Blissey\n|turn|1\n|\n|t:|1699878217\n|move|p1a: Blissey|Protect|p1a: Blissey\n|-singleturn|p1a: Blissey|Protect\n|move|p2a: Lindona|Trick|p1a: Blissey\n|-activate|p1a: Blissey|move: Protect\n|\n|-status|p2a: Lindona|tox|[from] item: Toxic Orb\n|upkeep\n|turn|2\n|\n|t:|1699878238\n|switch|p1a: Calyrex|Calyrex-Shadow|100\/100\n|-ability|p1a: Calyrex|As One\n|-ability|p1a: Calyrex|Unnerve\n|move|p2a: Lindona|Trick|p1a: Calyrex\n|-activate|p2a: Lindona|move: Trick|[of] p1a: Calyrex\n|-item|p1a: Calyrex|Toxic Orb|[from] move: Trick\n|-item|p2a: Lindona|Choice Specs|[from] move: Trick\n|\n|-damage|p2a: Lindona|94\/100 tox|[from] psn\n|-status|p1a: Calyrex|tox|[from] item: Toxic Orb\n|upkeep\n|turn|3\n|\n|t:|1699878335\n|switch|p1a: Groudon|Groudon, shiny|100\/100\n|-weather|SunnyDay|[from] ability: Drought|[of] p1a: Groudon\n|-curestatus|p2a: Lindona|tox|[from] ability: Natural Cure\n|switch|p2a: Bilolinha|Darkrai, shiny|100\/100\n|\n|-weather|SunnyDay|[upkeep]\n|upkeep\n|turn|4\n|l|\u2606Webyoshi\n|player|p1|\n|j|\u2606Webyoshi\n|player|p1|Webyoshi|101\n|l|\u2606Webyoshi\n|player|p1|\n|j|\u2606Webyoshi\n|player|p1|Webyoshi|101\n|\n|t:|1699878402\n|move|p2a: Bilolinha|Hypnosis|p1a: Groudon\n|-status|p1a: Groudon|slp|[from] move: Hypnosis\n|cant|p1a: Groudon|slp\n|\n|-weather|SunnyDay|[upkeep]\n|-damage|p1a: Groudon|88\/100 slp|[from] ability: Bad Dreams|[of] p2a: Bilolinha\n|upkeep\n|turn|5\n|\n|t:|1699878417\n|switch|p1a: Blissey|Blissey, F, shiny|100\/100\n|move|p2a: Bilolinha|Nasty Plot|p2a: Bilolinha\n|-boost|p2a: Bilolinha|spa|2\n|\n|-weather|SunnyDay|[upkeep]\n|upkeep\n|turn|6\n|\n|t:|1699878425\n|move|p2a: Bilolinha|Sludge Bomb|p1a: Blissey\n|-damage|p1a: Blissey|68\/100\n|-status|p1a: Blissey|psn\n|-damage|p2a: Bilolinha|91\/100|[from] item: Life Orb\n|move|p1a: Blissey|Seismic Toss|p2a: Bilolinha\n|-damage|p2a: Bilolinha|55\/100\n|\n|-weather|SunnyDay|[upkeep]\n|-heal|p1a: Blissey|74\/100 psn|[from] item: Leftovers\n|-damage|p1a: Blissey|61\/100 psn|[from] psn\n|upkeep\n|turn|7\n|\n|t:|1699878439\n|move|p2a: Bilolinha|Hypnosis|p1a: Blissey|[miss]\n|-miss|p2a: Bilolinha|p1a: Blissey\n|move|p1a: Blissey|Soft-Boiled|p1a: Blissey\n|-heal|p1a: Blissey|100\/100 psn\n|\n|-weather|none\n|-damage|p1a: Blissey|88\/100 psn|[from] psn\n|upkeep\n|turn|8\n|\n|t:|1699878448\n|move|p2a: Bilolinha|Hypnosis||[still]\n|-fail|p2a: Bilolinha\n|move|p1a: Blissey|Seismic Toss|p2a: Bilolinha\n|-damage|p2a: Bilolinha|20\/100\n|\n|-heal|p1a: Blissey|94\/100 psn|[from] item: Leftovers\n|-damage|p1a: Blissey|82\/100 psn|[from] psn\n|upkeep\n|turn|9\n|\n|t:|1699878459\n|move|p2a: Bilolinha|Hypnosis||[still]\n|-fail|p2a: Bilolinha\n|move|p1a: Blissey|Seismic Toss|p2a: Bilolinha\n|-damage|p2a: Bilolinha|0 fnt\n|faint|p2a: Bilolinha\n|\n|-heal|p1a: Blissey|88\/100 psn|[from] item: Leftovers\n|-damage|p1a: Blissey|75\/100 psn|[from] psn\n|upkeep\n|\n|t:|1699878474\n|switch|p2a: Erick|Infernape, M, shiny|100\/100\n|turn|10\n|\n|t:|1699878481\n|move|p1a: Blissey|Protect|p1a: Blissey\n|-singleturn|p1a: Blissey|Protect\n|move|p2a: Erick|Nasty Plot|p2a: Erick\n|-boost|p2a: Erick|spa|2\n|\n|-heal|p1a: Blissey|82\/100 psn|[from] item: Leftovers\n|-damage|p1a: Blissey|69\/100 psn|[from] psn\n|upkeep\n|turn|11\n|\n|t:|1699878493\n|move|p2a: Erick|Nasty Plot|p2a: Erick\n|-boost|p2a: Erick|spa|2\n|move|p1a: Blissey|Soft-Boiled|p1a: Blissey\n|-heal|p1a: Blissey|100\/100 psn\n|\n|-damage|p1a: Blissey|88\/100 psn|[from] psn\n|upkeep\n|turn|12\n|\n|t:|1699878504\n|move|p2a: Erick|Vacuum Wave|p1a: Blissey\n|-supereffective|p1a: Blissey\n|-crit|p1a: Blissey\n|-damage|p1a: Blissey|9\/100 psn\n|-damage|p2a: Erick|91\/100|[from] item: Life Orb\n|move|p1a: Blissey|Heal Bell|p1a: Blissey\n|-activate|p1a: Blissey|move: Heal Bell\n|-curestatus|p1a: Blissey|psn|[msg]\n|-curestatus|p1: Groudon|slp|[msg]\n|-curestatus|p1: Calyrex|tox|[msg]\n|\n|-heal|p1a: Blissey|15\/100|[from] item: Leftovers\n|upkeep\n|turn|13\n|\n|t:|1699878520\n|move|p1a: Blissey|Protect|p1a: Blissey\n|-singleturn|p1a: Blissey|Protect\n|move|p2a: Erick|Grass Knot|p1a: Blissey\n|-activate|p1a: Blissey|move: Protect\n|\n|-heal|p1a: Blissey|21\/100|[from] item: Leftovers\n|upkeep\n|turn|14\n|\n|t:|1699878531\n|move|p2a: Erick|Grass Knot|p1a: Blissey\n|-damage|p1a: Blissey|0 fnt\n|faint|p1a: Blissey\n|-damage|p2a: Erick|81\/100|[from] item: Life Orb\n|\n|upkeep\n|\n|t:|1699878550\n|switch|p1a: Groudon|Groudon, shiny|88\/100\n|-weather|SunnyDay|[from] ability: Drought|[of] p1a: Groudon\n|turn|15\n|l|\u2606Webyoshi\n|player|p1|\n|j|\u2606Webyoshi\n|player|p1|Webyoshi|101\n|l|\u2606Webyoshi\n|player|p1|\n|j|\u2606Webyoshi\n|player|p1|Webyoshi|101\n|\n|t:|1699878847\n|move|p2a: Erick|Fire Blast|p1a: Groudon\n|-damage|p1a: Groudon|0 fnt\n|faint|p1a: Groudon\n|-damage|p2a: Erick|71\/100|[from] item: Life Orb\n|\n|-weather|SunnyDay|[upkeep]\n|upkeep\n|\n|t:|1699878858\n|switch|p1a: Darkrai|Darkrai, shiny|100\/100\n|turn|16\n|\n|t:|1699879054\n|switch|p1a: Gardevoir|Gardevoir, M, shiny|100\/100\n|move|p2a: Erick|Vacuum Wave|p1a: Gardevoir\n|-resisted|p1a: Gardevoir\n|-damage|p1a: Gardevoir|81\/100\n|-damage|p2a: Erick|61\/100|[from] item: Life Orb\n|\n|-weather|SunnyDay|[upkeep]\n|-heal|p1a: Gardevoir|88\/100|[from] item: Leftovers\n|upkeep\n|turn|17\n|\n|t:|1699879079\n|-terastallize|p2a: Erick|Electric\n|move|p2a: Erick|Fire Blast|p1a: Gardevoir|[miss]\n|-miss|p2a: Erick|p1a: Gardevoir\n|move|p1a: Gardevoir|Hypnosis|p2a: Erick\n|-status|p2a: Erick|slp|[from] move: Hypnosis\n|\n|-weather|SunnyDay|[upkeep]\n|-heal|p1a: Gardevoir|94\/100|[from] item: Leftovers\n|upkeep\n|turn|18\n|\n|t:|1699879092\n|cant|p2a: Erick|slp\n|move|p1a: Gardevoir|Moonblast|p2a: Erick\n|-damage|p2a: Erick|0 fnt\n|faint|p2a: Erick\n|\n|-weather|SunnyDay|[upkeep]\n|-heal|p1a: Gardevoir|99\/100|[from] item: Leftovers\n|upkeep\n|\n|t:|1699879147\n|switch|p2a: eunaoseilavarroupa|Rotom-Wash, shiny|100\/100\n|turn|19\n|\n|t:|1699879161\n|move|p1a: Gardevoir|Hypnosis|p2a: eunaoseilavarroupa\n|-status|p2a: eunaoseilavarroupa|slp|[from] move: Hypnosis\n|cant|p2a: eunaoseilavarroupa|slp\n|\n|-weather|none\n|-heal|p1a: Gardevoir|100\/100|[from] item: Leftovers\n|upkeep\n|turn|20\n|\n|t:|1699879173\n|move|p1a: Gardevoir|Psychic|p2a: eunaoseilavarroupa\n|-damage|p2a: eunaoseilavarroupa|45\/100 slp\n|cant|p2a: eunaoseilavarroupa|slp\n|\n|-heal|p2a: eunaoseilavarroupa|51\/100 slp|[from] item: Leftovers\n|upkeep\n|turn|21\n|\n|t:|1699879203\n|switch|p2a: Lindona|Gardevoir, F, shiny|94\/100\n|-ability|p2a: Lindona|Synchronize|[from] ability: Trace|[of] p1a: Gardevoir\n|move|p1a: Gardevoir|Moonblast|p2a: Lindona\n|-damage|p2a: Lindona|41\/100\n|\n|upkeep\n|turn|22\n|\n|t:|1699879212\n|move|p2a: Lindona|Wish|p2a: Lindona\n|move|p1a: Gardevoir|Hypnosis|p2a: Lindona\n|-status|p2a: Lindona|slp|[from] move: Hypnosis\n|\n|upkeep\n|turn|23\n|\n|t:|1699879218\n|cant|p2a: Lindona|slp\n|move|p1a: Gardevoir|Moonblast|p2a: Lindona\n|-damage|p2a: Lindona|0 fnt\n|faint|p2a: Lindona\n|\n|upkeep\n|\n|t:|1699879229\n|switch|p2a: Lindinho|Shaymin-Sky, shiny|100\/100\n|turn|24\n|\n|t:|1699879233\n|move|p2a: Lindinho|Leech Seed|p1a: Gardevoir\n|-start|p1a: Gardevoir|move: Leech Seed\n|move|p1a: Gardevoir|Hypnosis|p2a: Lindinho|[miss]\n|-miss|p1a: Gardevoir|p2a: Lindinho\n|\n|-damage|p1a: Gardevoir|88\/100|[from] Leech Seed|[of] p2a: Lindinho\n|upkeep\n|turn|25\n|\n|t:|1699879242\n|move|p2a: Lindinho|Air Slash|p1a: Gardevoir\n|-damage|p1a: Gardevoir|48\/100\n|cant|p1a: Gardevoir|flinch\n|\n|-heal|p1a: Gardevoir|54\/100|[from] item: Leftovers\n|-damage|p1a: Gardevoir|42\/100|[from] Leech Seed|[of] p2a: Lindinho\n|upkeep\n|turn|26\n|\n|t:|1699879258\n|move|p2a: Lindinho|Air Slash|p1a: Gardevoir\n|-damage|p1a: Gardevoir|2\/100\n|move|p1a: Gardevoir|Hypnosis|p2a: Lindinho|[miss]\n|-miss|p1a: Gardevoir|p2a: Lindinho\n|\n|-heal|p1a: Gardevoir|8\/100|[from] item: Leftovers\n|-damage|p1a: Gardevoir|0 fnt|[from] Leech Seed|[of] p2a: Lindinho\n|faint|p1a: Gardevoir\n|upkeep\n|\n|t:|1699879272\n|switch|p1a: Darkrai|Darkrai, shiny|100\/100\n|turn|27\n|\n|t:|1699879282\n|move|p2a: Lindinho|Leech Seed|p1a: Darkrai\n|-start|p1a: Darkrai|move: Leech Seed\n|move|p1a: Darkrai|Hypnosis|p2a: Lindinho|[miss]\n|-miss|p1a: Darkrai|p2a: Lindinho\n|\n|-damage|p1a: Darkrai|88\/100|[from] Leech Seed|[of] p2a: Lindinho\n|upkeep\n|turn|28\n|\n|t:|1699879294\n|move|p2a: Lindinho|Substitute|p2a: Lindinho\n|-start|p2a: Lindinho|Substitute\n|-damage|p2a: Lindinho|76\/100\n|move|p1a: Darkrai|Dark Pulse|p2a: Lindinho\n|-end|p2a: Lindinho|Substitute\n|\n|-heal|p2a: Lindinho|82\/100|[from] item: Leftovers\n|-damage|p1a: Darkrai|76\/100|[from] Leech Seed|[of] p2a: Lindinho\n|-heal|p2a: Lindinho|92\/100|[silent]\n|upkeep\n|turn|29\n|\n|t:|1699879305\n|move|p2a: Lindinho|Substitute|p2a: Lindinho\n|-start|p2a: Lindinho|Substitute\n|-damage|p2a: Lindinho|67\/100\n|move|p1a: Darkrai|Dark Pulse|p2a: Lindinho\n|-end|p2a: Lindinho|Substitute\n|\n|-heal|p2a: Lindinho|73\/100|[from] item: Leftovers\n|-damage|p1a: Darkrai|63\/100|[from] Leech Seed|[of] p2a: Lindinho\n|-heal|p2a: Lindinho|83\/100|[silent]\n|upkeep\n|turn|30\n|\n|t:|1699879316\n|move|p2a: Lindinho|Substitute|p2a: Lindinho\n|-start|p2a: Lindinho|Substitute\n|-damage|p2a: Lindinho|59\/100\n|move|p1a: Darkrai|Dark Pulse|p2a: Lindinho\n|-end|p2a: Lindinho|Substitute\n|\n|-heal|p2a: Lindinho|65\/100|[from] item: Leftovers\n|-damage|p1a: Darkrai|51\/100|[from] Leech Seed|[of] p2a: Lindinho\n|-heal|p2a: Lindinho|75\/100|[silent]\n|upkeep\n|turn|31\n|\n|t:|1699879327\n|switch|p1a: Garchomp|Garchomp, M, shiny|100\/100\n|move|p2a: Lindinho|Substitute|p2a: Lindinho\n|-start|p2a: Lindinho|Substitute\n|-damage|p2a: Lindinho|50\/100\n|\n|-heal|p2a: Lindinho|56\/100|[from] item: Leftovers\n|upkeep\n|turn|32\n|\n|t:|1699879339\n|move|p1a: Garchomp|Swords Dance|p1a: Garchomp\n|-boost|p1a: Garchomp|atk|2\n|move|p2a: Lindinho|Seed Flare|p1a: Garchomp|[miss]\n|-miss|p2a: Lindinho|p1a: Garchomp\n|\n|-heal|p2a: Lindinho|62\/100|[from] item: Leftovers\n|upkeep\n|turn|33\n|\n|t:|1699879351\n|switch|p1a: Calyrex|Calyrex-Shadow|100\/100\n|-ability|p1a: Calyrex|As One\n|-ability|p1a: Calyrex|Unnerve\n|move|p2a: Lindinho|Seed Flare|p1a: Calyrex|[miss]\n|-miss|p2a: Lindinho|p1a: Calyrex\n|\n|-heal|p2a: Lindinho|69\/100|[from] item: Leftovers\n|-status|p1a: Calyrex|tox|[from] item: Toxic Orb\n|upkeep\n|turn|34\n|\n|t:|1699879366\n|move|p1a: Calyrex|Trick||[still]\n|-fail|p1a: Calyrex\n|move|p2a: Lindinho|Leech Seed|p1a: Calyrex\n|-start|p1a: Calyrex|move: Leech Seed\n|\n|-heal|p2a: Lindinho|75\/100|[from] item: Leftovers\n|-damage|p1a: Calyrex|88\/100 tox|[from] Leech Seed|[of] p2a: Lindinho\n|-heal|p2a: Lindinho|87\/100|[silent]\n|-damage|p1a: Calyrex|82\/100 tox|[from] psn\n|upkeep\n|turn|35\n|\n|t:|1699879379\n|move|p1a: Calyrex|Nasty Plot|p1a: Calyrex\n|-boost|p1a: Calyrex|spa|2\n|move|p2a: Lindinho|Seed Flare|p1a: Calyrex\n|-damage|p1a: Calyrex|22\/100 tox\n|-unboost|p1a: Calyrex|spd|2\n|\n|-heal|p2a: Lindinho|93\/100|[from] item: Leftovers\n|-damage|p1a: Calyrex|10\/100 tox|[from] Leech Seed|[of] p2a: Lindinho\n|-heal|p2a: Lindinho|100\/100|[silent]\n|-damage|p1a: Calyrex|0 fnt|[from] psn\n|faint|p1a: Calyrex\n|upkeep\n|\n|t:|1699879393\n|switch|p1a: Garchomp|Garchomp, M, shiny|100\/100\n|turn|36\n|\n|t:|1699879414\n|move|p1a: Garchomp|Draco Meteor|p2a: Lindinho\n|-end|p2a: Lindinho|Substitute\n|-unboost|p1a: Garchomp|spa|2\n|move|p2a: Lindinho|Seed Flare|p1a: Garchomp\n|-damage|p1a: Garchomp|37\/100\n|-unboost|p1a: Garchomp|spd|2\n|\n|upkeep\n|turn|37\n|\n|t:|1699879428\n|move|p1a: Garchomp|Draco Meteor|p2a: Lindinho\n|-damage|p2a: Lindinho|78\/100\n|-unboost|p1a: Garchomp|spa|2\n|move|p2a: Lindinho|Seed Flare|p1a: Garchomp\n|-damage|p1a: Garchomp|0 fnt\n|faint|p1a: Garchomp\n|\n|-heal|p2a: Lindinho|84\/100|[from] item: Leftovers\n|upkeep\n|\n|t:|1699879439\n|switch|p1a: Darkrai|Darkrai, shiny|51\/100\n|turn|38\n|\n|t:|1699879446\n|move|p2a: Lindinho|Leech Seed|p1a: Darkrai\n|-start|p1a: Darkrai|move: Leech Seed\n|move|p1a: Darkrai|Hypnosis|p2a: Lindinho\n|-status|p2a: Lindinho|slp|[from] move: Hypnosis\n|\n|-heal|p2a: Lindinho|91\/100 slp|[from] item: Leftovers\n|-damage|p1a: Darkrai|38\/100|[from] Leech Seed|[of] p2a: Lindinho\n|-heal|p2a: Lindinho|100\/100 slp|[silent]\n|-damage|p2a: Lindinho|88\/100 slp|[from] ability: Bad Dreams|[of] p1a: Darkrai\n|upkeep\n|turn|39\n|\n|t:|1699879483\n|cant|p2a: Lindinho|slp\n|move|p1a: Darkrai|Dream Eater|p2a: Lindinho\n|-damage|p2a: Lindinho|42\/100 slp\n|-heal|p1a: Darkrai|66\/100|[from] drain|[of] p2a: Lindinho\n|\n|-heal|p2a: Lindinho|48\/100 slp|[from] item: Leftovers\n|-damage|p1a: Darkrai|54\/100|[from] Leech Seed|[of] p2a: Lindinho\n|-heal|p2a: Lindinho|58\/100 slp|[silent]\n|-damage|p2a: Lindinho|46\/100 slp|[from] ability: Bad Dreams|[of] p1a: Darkrai\n|upkeep\n|turn|40\n|\n|t:|1699879495\n|-curestatus|p2a: Lindinho|slp|[msg]\n|move|p2a: Lindinho|Air Slash|p1a: Darkrai\n|-damage|p1a: Darkrai|4\/100\n|cant|p1a: Darkrai|flinch\n|\n|-heal|p2a: Lindinho|52\/100|[from] item: Leftovers\n|-damage|p1a: Darkrai|0 fnt|[from] Leech Seed|[of] p2a: Lindinho\n|-heal|p2a: Lindinho|55\/100|[silent]\n|faint|p1a: Darkrai\n|\n|win|jayyysh\n|upkeep\n|l|\u2606Webyoshi\n","uploadtime":1699879514,"views":4,"p1id":"webyoshi","p2id":"jayyysh","formatid":"gen9anythinggoes","rating":0,"private":0,"password":""}