{"id":"gen9anythinggoes-1988609357","p1":"Jazo Lobo","p2":"henrydarklord","format":"[Gen 9] Anything Goes","log":"|j|\u203dJazo Lobo\n|j|\u2606henrydarklord\n|t:|1699741573\n|gametype|singles\n|player|p1|Jazo Lobo|riley|1079\n|player|p2|henrydarklord|palmer|1045\n|teamsize|p1|6\n|teamsize|p2|6\n|gen|9\n|tier|[Gen 9] Anything Goes\n|rated|\n|rule|HP Percentage Mod: HP is shown in percentages\n|rule|Endless Battle Clause: Forcing endless battles is banned\n|clearpoke\n|poke|p1|Tinkaton, F|\n|poke|p1|Dudunsparce-*, M|\n|poke|p1|Pelipper, F|\n|poke|p1|Weavile, F|\n|poke|p1|Alomomola, F|\n|poke|p1|Lurantis, F|\n|poke|p2|Flareon, F|\n|poke|p2|Umbreon, M|\n|poke|p2|Iron Treads|\n|poke|p2|Miraidon|\n|poke|p2|Basculegion-F, F|\n|poke|p2|Arceus-Flying|\n|teampreview\n|inactive|Battle timer is ON: inactive players will automatically lose when time's up. (requested by Jazo Lobo)\n|\n|t:|1699741580\n|start\n|switch|p1a: Pelipper|Pelipper, F|100\/100\n|switch|p2a: darkstalker|Umbreon, M|100\/100\n|-weather|RainDance|[from] ability: Drizzle|[of] p1a: Pelipper\n|turn|1\n|\n|t:|1699741591\n|move|p2a: darkstalker|Dark Pulse|p1a: Pelipper\n|-damage|p1a: Pelipper|71\/100\n|move|p1a: Pelipper|Hurricane|p2a: darkstalker\n|-damage|p2a: darkstalker|61\/100\n|-start|p2a: darkstalker|confusion\n|\n|-weather|RainDance|[upkeep]\n|upkeep\n|turn|2\n|\n|t:|1699741601\n|-activate|p2a: darkstalker|confusion\n|move|p2a: darkstalker|Moonlight|p2a: darkstalker\n|-heal|p2a: darkstalker|86\/100\n|move|p1a: Pelipper|Hurricane|p2a: darkstalker\n|-damage|p2a: darkstalker|46\/100\n|\n|-weather|RainDance|[upkeep]\n|upkeep\n|turn|3\n|\n|t:|1699741615\n|switch|p2a: Miraidon|Miraidon|100\/100\n|-fieldstart|move: Electric Terrain|[from] ability: Hadron Engine|[of] p2a: Miraidon\n|-enditem|p2a: Miraidon|Electric Seed\n|-boost|p2a: Miraidon|def|1|[from] item: Electric Seed\n|move|p1a: Pelipper|Hurricane|p2a: Miraidon\n|-resisted|p2a: Miraidon\n|-damage|p2a: Miraidon|81\/100\n|\n|-weather|RainDance|[upkeep]\n|upkeep\n|turn|4\n|\n|t:|1699741628\n|-terastallize|p2a: Miraidon|Electric\n|-terastallize|p1a: Pelipper|Ground\n|move|p2a: Miraidon|Tera Blast|p1a: Pelipper|[anim] Tera Blast Electric\n|-immune|p1a: Pelipper\n|move|p1a: Pelipper|Ice Beam|p2a: Miraidon\n|-damage|p2a: Miraidon|59\/100\n|\n|-weather|RainDance|[upkeep]\n|upkeep\n|turn|5\n|\n|t:|1699741643\n|move|p2a: Miraidon|Outrage|p1a: Pelipper\n|-damage|p1a: Pelipper|34\/100\n|move|p1a: Pelipper|Ice Beam|p2a: Miraidon\n|-damage|p2a: Miraidon|36\/100\n|\n|-weather|RainDance|[upkeep]\n|upkeep\n|turn|6\n|\n|t:|1699741651\n|move|p2a: Miraidon|Outrage|p1a: Pelipper|[from]lockedmove\n|-damage|p1a: Pelipper|0 fnt\n|faint|p1a: Pelipper\n|\n|-weather|RainDance|[upkeep]\n|upkeep\n|\n|t:|1699741660\n|switch|p1a: Tinkaton|Tinkaton, F|100\/100\n|-ability|p1a: Tinkaton|Mold Breaker\n|turn|7\n|\n|t:|1699741674\n|move|p2a: Miraidon|Outrage|p1a: Tinkaton|[from]lockedmove\n|-immune|p1a: Tinkaton\n|-start|p2a: Miraidon|confusion|[fatigue]\n|move|p1a: Tinkaton|Play Rough|p2a: Miraidon\n|-damage|p2a: Miraidon|19\/100\n|\n|-weather|RainDance|[upkeep]\n|-fieldend|move: Electric Terrain\n|upkeep\n|turn|8\n|\n|t:|1699741689\n|switch|p2a: Heatwave|Flareon, F|100\/100\n|move|p1a: Tinkaton|Play Rough|p2a: Heatwave\n|-resisted|p2a: Heatwave\n|-damage|p2a: Heatwave|74\/100\n|-unboost|p2a: Heatwave|atk|1\n|\n|-weather|none\n|-heal|p2a: Heatwave|80\/100|[from] item: Leftovers\n|upkeep\n|turn|9\n|\n|t:|1699741704\n|switch|p1a: Alomomola|Alomomola, F, shiny|100\/100\n|move|p2a: Heatwave|Flare Blitz|p1a: Alomomola\n|-resisted|p1a: Alomomola\n|-damage|p1a: Alomomola|85\/100\n|-status|p1a: Alomomola|brn\n|-damage|p2a: Heatwave|71\/100|[from] Recoil\n|-enditem|p1a: Alomomola|Red Card|[of] p2a: Heatwave\n|drag|p2a: Basculegion|Basculegion-F, F|100\/100\n|\n|-damage|p1a: Alomomola|79\/100 brn|[from] brn\n|upkeep\n|turn|10\n|-activate|p2a: Basculegion|item: Quick Claw\n|\n|t:|1699741718\n|move|p2a: Basculegion|Double-Edge|p1a: Alomomola\n|-damage|p1a: Alomomola|57\/100 brn\n|-damage|p2a: Basculegion|92\/100|[from] Recoil\n|move|p1a: Alomomola|Wish|p1a: Alomomola\n|\n|-damage|p1a: Alomomola|51\/100 brn|[from] brn\n|upkeep\n|turn|11\n|\n|t:|1699741732\n|move|p2a: Basculegion|Hydro Pump|p1a: Alomomola\n|-resisted|p1a: Alomomola\n|-damage|p1a: Alomomola|36\/100 brn\n|move|p1a: Alomomola|Flip Turn|p2a: Basculegion\n|-resisted|p2a: Basculegion\n|-damage|p2a: Basculegion|88\/100\n|\n|t:|1699741739\n|switch|p1a: Lurantis|Lurantis, F|100\/100|[from] Flip Turn\n|\n|upkeep\n|turn|12\n|\n|t:|1699741751\n|switch|p2a: Heatwave|Flareon, F|71\/100\n|move|p1a: Lurantis|Knock Off|p2a: Heatwave\n|-damage|p2a: Heatwave|23\/100\n|-enditem|p2a: Heatwave|Leftovers|[from] move: Knock Off|[of] p1a: Lurantis\n|\n|upkeep\n|turn|13\n|\n|t:|1699741760\n|switch|p1a: Alomomola|Alomomola, F, shiny|69\/100 brn\n|move|p2a: Heatwave|Flare Blitz|p1a: Alomomola\n|-resisted|p1a: Alomomola\n|-damage|p1a: Alomomola|45\/100 brn\n|-damage|p2a: Heatwave|10\/100|[from] Recoil\n|\n|-damage|p1a: Alomomola|39\/100 brn|[from] brn\n|upkeep\n|turn|14\n|\n|t:|1699741775\n|switch|p2a: Iron Treads|Iron Treads|100\/100\n|-enditem|p2a: Iron Treads|Booster Energy\n|-activate|p2a: Iron Treads|ability: Quark Drive|[fromitem]\n|-start|p2a: Iron Treads|quarkdrivedef\n|move|p1a: Alomomola|Wish|p1a: Alomomola\n|\n|-damage|p1a: Alomomola|33\/100 brn|[from] brn\n|upkeep\n|turn|15\n|\n|t:|1699741790\n|move|p2a: Iron Treads|Megahorn|p1a: Alomomola\n|-damage|p1a: Alomomola|6\/100 brn\n|move|p1a: Alomomola|Flip Turn|p2a: Iron Treads\n|-supereffective|p2a: Iron Treads\n|-damage|p2a: Iron Treads|91\/100\n|\n|t:|1699741798\n|switch|p1a: Lurantis|Lurantis, F|100\/100|[from] Flip Turn\n|\n|upkeep\n|turn|16\n|\n|t:|1699741810\n|move|p2a: Iron Treads|Earthquake|p1a: Lurantis\n|-resisted|p1a: Lurantis\n|-crit|p1a: Lurantis\n|-damage|p1a: Lurantis|65\/100\n|move|p1a: Lurantis|Superpower|p2a: Iron Treads\n|-supereffective|p2a: Iron Treads\n|-damage|p2a: Iron Treads|45\/100\n|-boost|p1a: Lurantis|atk|1\n|-boost|p1a: Lurantis|def|1\n|\n|upkeep\n|turn|17\n|\n|t:|1699741821\n|-end|p2a: Iron Treads|Quark Drive|[silent]\n|switch|p2a: Arceus|Arceus-Flying|100\/100\n|move|p1a: Lurantis|Superpower|p2a: Arceus\n|-resisted|p2a: Arceus\n|-damage|p2a: Arceus|81\/100\n|-boost|p1a: Lurantis|atk|1\n|-boost|p1a: Lurantis|def|1\n|\n|upkeep\n|turn|18\n|\n|t:|1699741833\n|move|p2a: Arceus|Fly||[still]\n|-prepare|p2a: Arceus|Fly\n|move|p1a: Lurantis|Knock Off|p2a: Arceus|[miss]\n|-miss|p1a: Lurantis|p2a: Arceus\n|\n|upkeep\n|turn|19\n|\n|t:|1699741841\n|switch|p1a: Tinkaton|Tinkaton, F|100\/100\n|-ability|p1a: Tinkaton|Mold Breaker\n|move|p2a: Arceus|Fly|p1a: Tinkaton|[from]lockedmove\n|-resisted|p1a: Tinkaton\n|-damage|p1a: Tinkaton|67\/100\n|\n|upkeep\n|turn|20\n|\n|t:|1699741855\n|move|p1a: Tinkaton|Thunder Wave|p2a: Arceus\n|-status|p2a: Arceus|par\n|move|p2a: Arceus|Fly||[still]\n|-prepare|p2a: Arceus|Fly\n|\n|upkeep\n|turn|21\n|\n|t:|1699741868\n|switch|p1a: Alomomola|Alomomola, F, shiny|39\/100 brn\n|move|p2a: Arceus|Fly|p1a: Alomomola|[from]lockedmove\n|-damage|p1a: Alomomola|0 fnt\n|faint|p1a: Alomomola\n|\n|upkeep\n|\n|t:|1699741877\n|switch|p1a: Tinkaton|Tinkaton, F|67\/100\n|-ability|p1a: Tinkaton|Mold Breaker\n|turn|22\n|\n|t:|1699741882\n|move|p1a: Tinkaton|Gigaton Hammer|p2a: Arceus\n|-damage|p2a: Arceus|41\/100 par\n|cant|p2a: Arceus|par\n|\n|upkeep\n|turn|23\n|\n|t:|1699741893\n|move|p1a: Tinkaton|Play Rough|p2a: Arceus\n|-damage|p2a: Arceus|20\/100 par\n|cant|p2a: Arceus|par\n|\n|upkeep\n|turn|24\n|\n|t:|1699741903\n|switch|p2a: Basculegion|Basculegion-F, F|88\/100\n|move|p1a: Tinkaton|Gigaton Hammer|p2a: Basculegion\n|-resisted|p2a: Basculegion\n|-damage|p2a: Basculegion|61\/100\n|\n|upkeep\n|turn|25\n|\n|t:|1699741913\n|move|p1a: Tinkaton|Thunder Wave|p2a: Basculegion\n|-status|p2a: Basculegion|par\n|move|p2a: Basculegion|Shadow Ball|p1a: Tinkaton\n|-damage|p1a: Tinkaton|38\/100\n|\n|upkeep\n|turn|26\n|\n|t:|1699741921\n|switch|p1a: Dudunsparce|Dudunsparce-Three-Segment, M|100\/100\n|cant|p2a: Basculegion|par\n|\n|upkeep\n|turn|27\n|\n|t:|1699741930\n|move|p1a: Dudunsparce|Amnesia|p1a: Dudunsparce\n|-boost|p1a: Dudunsparce|spd|2\n|move|p2a: Basculegion|Double-Edge|p1a: Dudunsparce\n|-damage|p1a: Dudunsparce|79\/100\n|-damage|p2a: Basculegion|54\/100 par|[from] Recoil\n|\n|upkeep\n|turn|28\n|\n|t:|1699741939\n|move|p1a: Dudunsparce|Coil|p1a: Dudunsparce\n|-boost|p1a: Dudunsparce|atk|1\n|-boost|p1a: Dudunsparce|def|1\n|-boost|p1a: Dudunsparce|accuracy|1\n|move|p2a: Basculegion|Double-Edge|p1a: Dudunsparce\n|-damage|p1a: Dudunsparce|66\/100\n|-damage|p2a: Basculegion|49\/100 par|[from] Recoil\n|\n|upkeep\n|turn|29\n|\n|t:|1699741952\n|move|p1a: Dudunsparce|Coil|p1a: Dudunsparce\n|-boost|p1a: Dudunsparce|atk|1\n|-boost|p1a: Dudunsparce|def|1\n|-boost|p1a: Dudunsparce|accuracy|1\n|move|p2a: Basculegion|Hydro Pump|p1a: Dudunsparce\n|-damage|p1a: Dudunsparce|50\/100\n|\n|upkeep\n|turn|30\n|\n|t:|1699741960\n|move|p1a: Dudunsparce|Roost|p1a: Dudunsparce\n|-heal|p1a: Dudunsparce|99\/100\n|-singleturn|p1a: Dudunsparce|move: Roost\n|move|p2a: Basculegion|Hydro Pump|p1a: Dudunsparce\n|-damage|p1a: Dudunsparce|86\/100\n|\n|upkeep\n|turn|31\n|\n|t:|1699741972\n|move|p1a: Dudunsparce|Amnesia|p1a: Dudunsparce\n|-boost|p1a: Dudunsparce|spd|2\n|move|p2a: Basculegion|Chilling Water|p1a: Dudunsparce\n|-damage|p1a: Dudunsparce|81\/100\n|-unboost|p1a: Dudunsparce|atk|1\n|\n|upkeep\n|turn|32\n|\n|t:|1699741981\n|move|p1a: Dudunsparce|Amnesia|p1a: Dudunsparce\n|-boost|p1a: Dudunsparce|spd|2\n|move|p2a: Basculegion|Hydro Pump|p1a: Dudunsparce\n|-damage|p1a: Dudunsparce|74\/100\n|\n|upkeep\n|turn|33\n|\n|t:|1699741998\n|switch|p2a: Iron Treads|Iron Treads|45\/100\n|move|p1a: Dudunsparce|Coil|p1a: Dudunsparce\n|-boost|p1a: Dudunsparce|atk|1\n|-boost|p1a: Dudunsparce|def|1\n|-boost|p1a: Dudunsparce|accuracy|1\n|\n|upkeep\n|turn|34\n|\n|t:|1699742008\n|-end|p2a: Iron Treads|Quark Drive|[silent]\n|switch|p2a: Arceus|Arceus-Flying|20\/100 par\n|move|p1a: Dudunsparce|Coil|p1a: Dudunsparce\n|-boost|p1a: Dudunsparce|atk|1\n|-boost|p1a: Dudunsparce|def|1\n|-boost|p1a: Dudunsparce|accuracy|1\n|\n|upkeep\n|turn|35\n|\n|t:|1699742018\n|move|p2a: Arceus|Hurricane|p1a: Dudunsparce|[miss]\n|-miss|p2a: Arceus|p1a: Dudunsparce\n|move|p1a: Dudunsparce|Coil|p1a: Dudunsparce\n|-boost|p1a: Dudunsparce|atk|1\n|-boost|p1a: Dudunsparce|def|1\n|-boost|p1a: Dudunsparce|accuracy|1\n|\n|upkeep\n|turn|36\n|\n|t:|1699742032\n|move|p2a: Arceus|Hurricane|p1a: Dudunsparce\n|-damage|p1a: Dudunsparce|63\/100\n|move|p1a: Dudunsparce|Coil|p1a: Dudunsparce\n|-boost|p1a: Dudunsparce|atk|1\n|-boost|p1a: Dudunsparce|def|1\n|-boost|p1a: Dudunsparce|accuracy|1\n|\n|upkeep\n|turn|37\n|\n|t:|1699742041\n|move|p2a: Arceus|Tera Blast|p1a: Dudunsparce\n|-damage|p1a: Dudunsparce|59\/100\n|move|p1a: Dudunsparce|Coil|p1a: Dudunsparce\n|-boost|p1a: Dudunsparce|atk|1\n|-boost|p1a: Dudunsparce|def|0\n|-boost|p1a: Dudunsparce|accuracy|0\n|\n|upkeep\n|turn|38\n|\n|t:|1699742053\n|move|p2a: Arceus|Hurricane|p1a: Dudunsparce|[miss]\n|-miss|p2a: Arceus|p1a: Dudunsparce\n|move|p1a: Dudunsparce|Baton Pass|p1a: Dudunsparce\n|\n|t:|1699742058\n|switch|p1a: Weavile|Weavile, F|100\/100|[from] Baton Pass\n|-ability|p1a: Weavile|Pressure\n|\n|upkeep\n|turn|39\n|\n|t:|1699742066\n|move|p1a: Weavile|Ice Shard|p2a: Arceus\n|-supereffective|p2a: Arceus\n|-damage|p2a: Arceus|0 fnt\n|faint|p2a: Arceus\n|\n|upkeep\n|\n|t:|1699742075\n|switch|p2a: Heatwave|Flareon, F|10\/100\n|turn|40\n|\n|t:|1699742086\n|move|p1a: Weavile|Knock Off|p2a: Heatwave\n|-damage|p2a: Heatwave|0 fnt\n|faint|p2a: Heatwave\n|\n|upkeep\n|\n|t:|1699742094\n|switch|p2a: Iron Treads|Iron Treads|45\/100\n|turn|41\n|\n|t:|1699742103\n|move|p1a: Weavile|Low Kick|p2a: Iron Treads\n|-supereffective|p2a: Iron Treads\n|-damage|p2a: Iron Treads|0 fnt\n|faint|p2a: Iron Treads\n|-end|p2a: Iron Treads|Quark Drive|[silent]\n|\n|upkeep\n|\n|t:|1699742108\n|switch|p2a: Basculegion|Basculegion-F, F|49\/100 par\n|turn|42\n|-activate|p2a: Basculegion|item: Quick Claw\n|\n|t:|1699742122\n|move|p2a: Basculegion|Double-Edge|p1a: Weavile\n|-damage|p1a: Weavile|87\/100\n|-damage|p2a: Basculegion|46\/100 par|[from] Recoil\n|move|p1a: Weavile|Knock Off|p2a: Basculegion\n|-supereffective|p2a: Basculegion\n|-damage|p2a: Basculegion|0 fnt\n|-enditem|p2a: Basculegion|Quick Claw|[from] move: Knock Off|[of] p1a: Weavile\n|faint|p2a: Basculegion\n|\n|upkeep\n|\n|t:|1699742133\n|switch|p2a: Miraidon|Miraidon, tera:Electric|19\/100\n|-fieldstart|move: Electric Terrain|[from] ability: Hadron Engine|[of] p2a: Miraidon\n|turn|43\n|\n|t:|1699742140\n|move|p1a: Weavile|Ice Spinner|p2a: Miraidon\n|-damage|p2a: Miraidon|0 fnt\n|-fieldend|move: Electric Terrain\n|faint|p2a: Miraidon\n|\n|upkeep\n|\n|t:|1699742145\n|switch|p2a: darkstalker|Umbreon, M|46\/100\n|turn|44\n|\n|t:|1699742150\n|move|p1a: Weavile|Low Kick|p2a: darkstalker\n|-supereffective|p2a: darkstalker\n|-damage|p2a: darkstalker|0 fnt\n|faint|p2a: darkstalker\n|\n|win|Jazo Lobo\n|raw|Jazo Lobo's rating: 1079 &rarr; <strong>1104<\/strong><br \/>(+25 for winning)\n|raw|henrydarklord's rating: 1045 &rarr; <strong>1030<\/strong><br \/>(-15 for losing)\n","uploadtime":1699742161,"views":5,"p1id":"jazolobo","p2id":"henrydarklord","formatid":"gen9anythinggoes","rating":1030,"private":0,"password":""}