{"id":"gen9anythinggoes-2000501409","p1":"Rinkusu12","p2":"Lucia7x","format":"[Gen 9] Anything Goes","log":"|j|\u2606Rinkusu12\n|j|\u2606Lucia7x\n|t:|1701200110\n|gametype|singles\n|player|p1|Rinkusu12|lance|\n|player|p2|Lucia7x|cynthia-gen4|\n|teamsize|p1|6\n|teamsize|p2|6\n|gen|9\n|tier|[Gen 9] Anything Goes\n|rule|HP Percentage Mod: HP is shown in percentages\n|rule|Endless Battle Clause: Forcing endless battles is banned\n|clearpoke\n|poke|p1|Diancie|\n|poke|p1|Zoroark-Hisui, F|\n|poke|p1|Landorus-Therian, M|\n|poke|p1|Toxapex, F|\n|poke|p1|Eelektross, F|\n|poke|p1|Cinderace, F|\n|poke|p2|Gengar, F|\n|poke|p2|Jirachi|\n|poke|p2|Salamence, F|\n|poke|p2|Quaquaval, M|\n|poke|p2|Sylveon, M|\n|poke|p2|Toxtricity, M|\n|teampreview\n|\n|t:|1701200127\n|start\n|switch|p1a: Landorus|Landorus-Therian, M|100\/100\n|switch|p2a: Toxtricity|Toxtricity, M|100\/100\n|-ability|p1a: Landorus|Intimidate|boost\n|-unboost|p2a: Toxtricity|atk|1\n|turn|1\n|\n|t:|1701200142\n|move|p1a: Landorus|U-turn|p2a: Toxtricity\n|-resisted|p2a: Toxtricity\n|-damage|p2a: Toxtricity|82\/100\n|c|\u2606Rinkusu12|gl hf\n|\n|t:|1701200154\n|switch|p1a: Eelektross|Eelektross, F|100\/100|[from] U-turn\n|move|p2a: Toxtricity|Gunk Shot|p1a: Eelektross|[miss]\n|-miss|p2a: Toxtricity|p1a: Eelektross\n|\n|upkeep\n|turn|2\n|\n|t:|1701200170\n|switch|p2a: Jirachi|Jirachi|100\/100\n|-terastallize|p1a: Eelektross|Electric\n|move|p1a: Eelektross|Volt Switch|p2a: Jirachi\n|-damage|p2a: Jirachi|75\/100\n|\n|t:|1701200187\n|switch|p1a: Cinderace|Cinderace, F|100\/100|[from] Volt Switch\n|\n|upkeep\n|turn|3\n|\n|t:|1701200198\n|move|p1a: Cinderace|Pyro Ball|p2a: Jirachi\n|-supereffective|p2a: Jirachi\n|-damage|p2a: Jirachi|0 fnt\n|faint|p2a: Jirachi\n|\n|upkeep\n|\n|t:|1701200204\n|switch|p2a: Quaquaval|Quaquaval, M|100\/100\n|turn|4\n|\n|t:|1701200210\n|move|p1a: Cinderace|U-turn|p2a: Quaquaval\n|-start|p1a: Cinderace|typechange|Bug|[from] ability: Libero\n|-resisted|p2a: Quaquaval\n|-damage|p2a: Quaquaval|79\/100\n|\n|t:|1701200218\n|switch|p1a: Toxapex|Toxapex, F|100\/100|[from] U-turn\n|move|p2a: Quaquaval|Hydro Pump|p1a: Toxapex|[miss]\n|-miss|p2a: Quaquaval|p1a: Toxapex\n|\n|upkeep\n|turn|5\n|\n|t:|1701200227\n|switch|p2a: Gengar|Gengar, F|100\/100\n|move|p1a: Toxapex|Toxic|p2a: Gengar\n|-immune|p2a: Gengar\n|\n|upkeep\n|turn|6\n|\n|t:|1701200239\n|switch|p1a: Eelektross|Eelektross, F, tera:Electric|100\/100\n|move|p2a: Gengar|Dazzling Gleam|p1a: Eelektross\n|-damage|p1a: Eelektross|81\/100\n|\n|upkeep\n|turn|7\n|\n|t:|1701200250\n|switch|p2a: Toxtricity|Toxtricity, M|82\/100\n|move|p1a: Eelektross|Thunderbolt|p2a: Toxtricity\n|-resisted|p2a: Toxtricity\n|-crit|p2a: Toxtricity\n|-damage|p2a: Toxtricity|45\/100\n|\n|upkeep\n|turn|8\n|\n|t:|1701200260\n|move|p2a: Toxtricity|Thunderbolt|p1a: Eelektross\n|-resisted|p1a: Eelektross\n|-damage|p1a: Eelektross|63\/100\n|move|p1a: Eelektross|Volt Switch|p2a: Toxtricity\n|-resisted|p2a: Toxtricity\n|-damage|p2a: Toxtricity|25\/100\n|\n|t:|1701200280\n|switch|p1a: Cinderace|Cinderace, F|100\/100|[from] Volt Switch\n|\n|upkeep\n|turn|9\n|\n|t:|1701200290\n|switch|p2a: Sylveon|Sylveon, M|100\/100\n|move|p1a: Cinderace|Pyro Ball|p2a: Sylveon\n|-damage|p2a: Sylveon|33\/100\n|\n|upkeep\n|turn|10\n|\n|t:|1701200302\n|move|p1a: Cinderace|Pyro Ball|p2a: Sylveon\n|-damage|p2a: Sylveon|0 fnt\n|faint|p2a: Sylveon\n|\n|upkeep\n|\n|t:|1701200307\n|switch|p2a: Quaquaval|Quaquaval, M|79\/100\n|turn|11\n|\n|t:|1701200313\n|move|p1a: Cinderace|U-turn|p2a: Quaquaval\n|-start|p1a: Cinderace|typechange|Bug|[from] ability: Libero\n|-resisted|p2a: Quaquaval\n|-damage|p2a: Quaquaval|57\/100\n|\n|t:|1701200320\n|switch|p1a: Toxapex|Toxapex, F|100\/100|[from] U-turn\n|move|p2a: Quaquaval|Wave Crash|p1a: Toxapex\n|-resisted|p1a: Toxapex\n|-damage|p1a: Toxapex|81\/100\n|-damage|p2a: Quaquaval|51\/100|[from] Recoil\n|\n|-heal|p1a: Toxapex|88\/100|[from] item: Black Sludge\n|upkeep\n|turn|12\n|\n|t:|1701200338\n|switch|p1a: Eelektross|Eelektross, F, tera:Electric|63\/100\n|move|p2a: Quaquaval|Hurricane|p1a: Eelektross\n|-resisted|p1a: Eelektross\n|-damage|p1a: Eelektross|55\/100\n|\n|upkeep\n|turn|13\n|\n|t:|1701200349\n|switch|p2a: Gengar|Gengar, F|100\/100\n|move|p1a: Eelektross|Volt Switch|p2a: Gengar\n|-damage|p2a: Gengar|51\/100\n|\n|t:|1701200355\n|switch|p1a: Cinderace|Cinderace, F|100\/100|[from] Volt Switch\n|\n|upkeep\n|turn|14\n|\n|t:|1701200364\n|move|p1a: Cinderace|Pyro Ball|p2a: Gengar\n|-damage|p2a: Gengar|0 fnt\n|faint|p2a: Gengar\n|\n|upkeep\n|\n|t:|1701200374\n|switch|p2a: Quaquaval|Quaquaval, M|51\/100\n|turn|15\n|\n|t:|1701200379\n|move|p1a: Cinderace|U-turn|p2a: Quaquaval\n|-start|p1a: Cinderace|typechange|Bug|[from] ability: Libero\n|-resisted|p2a: Quaquaval\n|-damage|p2a: Quaquaval|29\/100\n|\n|t:|1701200387\n|switch|p1a: Toxapex|Toxapex, F|100\/100|[from] U-turn\n|move|p2a: Quaquaval|Hydro Pump|p1a: Toxapex\n|-resisted|p1a: Toxapex\n|-damage|p1a: Toxapex|79\/100\n|\n|-heal|p1a: Toxapex|86\/100|[from] item: Black Sludge\n|upkeep\n|turn|16\n|\n|t:|1701200412\n|move|p2a: Quaquaval|Wave Crash|p1a: Toxapex\n|-resisted|p1a: Toxapex\n|-damage|p1a: Toxapex|58\/100\n|-damage|p2a: Quaquaval|20\/100|[from] Recoil\n|move|p1a: Toxapex|Surf|p2a: Quaquaval\n|-resisted|p2a: Quaquaval\n|-damage|p2a: Quaquaval|11\/100\n|\n|-heal|p1a: Toxapex|64\/100|[from] item: Black Sludge\n|upkeep\n|turn|17\n|\n|t:|1701200425\n|move|p2a: Quaquaval|Hydro Pump|p1a: Toxapex|[miss]\n|-miss|p2a: Quaquaval|p1a: Toxapex\n|move|p1a: Toxapex|Recover|p1a: Toxapex\n|-heal|p1a: Toxapex|100\/100\n|\n|upkeep\n|turn|18\n|\n|t:|1701200437\n|move|p2a: Quaquaval|Close Combat|p1a: Toxapex\n|-resisted|p1a: Toxapex\n|-damage|p1a: Toxapex|82\/100\n|-unboost|p2a: Quaquaval|def|1\n|-unboost|p2a: Quaquaval|spd|1\n|move|p1a: Toxapex|Surf|p2a: Quaquaval\n|-resisted|p2a: Quaquaval\n|-damage|p2a: Quaquaval|0 fnt\n|faint|p2a: Quaquaval\n|\n|-heal|p1a: Toxapex|89\/100|[from] item: Black Sludge\n|upkeep\n|\n|t:|1701200449\n|switch|p2a: Toxtricity|Toxtricity, M|25\/100\n|turn|19\n|\n|t:|1701200456\n|switch|p1a: Landorus|Landorus-Therian, M|100\/100\n|-ability|p1a: Landorus|Intimidate|boost\n|-unboost|p2a: Toxtricity|atk|1\n|move|p2a: Toxtricity|Thunderbolt|p1a: Landorus\n|-immune|p1a: Landorus\n|\n|upkeep\n|turn|20\n|\n|t:|1701200469\n|move|p1a: Landorus|Earthquake|p2a: Toxtricity\n|-supereffective|p2a: Toxtricity\n|-damage|p2a: Toxtricity|0 fnt\n|faint|p2a: Toxtricity\n|\n|upkeep\n|\n|t:|1701200478\n|switch|p2a: Salamence|Salamence, F|100\/100\n|-ability|p2a: Salamence|Intimidate|boost\n|-unboost|p1a: Landorus|atk|1\n|turn|21\n|\n|t:|1701200484\n|switch|p1a: Diancie|Diancie|100\/100\n|move|p2a: Salamence|Draco Meteor|p1a: Diancie\n|-immune|p1a: Diancie\n|\n|upkeep\n|turn|22\n|\n|t:|1701200494\n|move|p2a: Salamence|Hurricane|p1a: Diancie\n|-resisted|p1a: Diancie\n|-damage|p1a: Diancie|90\/100\n|-start|p1a: Diancie|confusion\n|-activate|p1a: Diancie|confusion\n|move|p1a: Diancie|Moonblast|p2a: Salamence\n|-supereffective|p2a: Salamence\n|-damage|p2a: Salamence|20\/100\n|\n|upkeep\n|turn|23\n|\n|t:|1701200505\n|move|p2a: Salamence|Hurricane|p1a: Diancie\n|-resisted|p1a: Diancie\n|-damage|p1a: Diancie|80\/100\n|-activate|p1a: Diancie|confusion\n|move|p1a: Diancie|Moonblast|p2a: Salamence\n|-supereffective|p2a: Salamence\n|-damage|p2a: Salamence|0 fnt\n|faint|p2a: Salamence\n|\n|win|Rinkusu12\n|c|\u2606Rinkusu12|gg\n","uploadtime":1701200524,"views":29,"p1id":"rinkusu12","p2id":"lucia7x","formatid":"gen9anythinggoes","rating":0,"private":0,"password":""}