{"id":"gen9anythinggoes-1993869315","p1":"hiya4322","p2":"Dassf","format":"[Gen 9] Anything Goes","log":"|j|\u2606hiya4322\n|j|\u2606Dassf\n|t:|1700367708\n|gametype|singles\n|player|p1|hiya4322|102|1050\n|player|p2|Dassf|170|1041\n|teamsize|p1|6\n|teamsize|p2|6\n|gen|9\n|tier|[Gen 9] Anything Goes\n|rated|\n|rule|HP Percentage Mod: HP is shown in percentages\n|rule|Endless Battle Clause: Forcing endless battles is banned\n|clearpoke\n|poke|p1|Falinks|\n|poke|p1|Shaymin-Sky|\n|poke|p1|Maushold-Four|\n|poke|p1|Frosmoth, F|\n|poke|p1|Samurott-Hisui, M|\n|poke|p1|Kingambit, M|\n|poke|p2|Kingambit, M|\n|poke|p2|Dragonite, M|\n|poke|p2|Annihilape, F|\n|poke|p2|Glimmora, F|\n|poke|p2|Glimmora, F|\n|poke|p2|Breloom, M|\n|teampreview\n|\n|t:|1700367716\n|start\n|switch|p1a: Samurott|Samurott-Hisui, M|100\/100\n|switch|p2a: Glimmora|Glimmora, F|100\/100\n|turn|1\n|\n|t:|1700367725\n|move|p2a: Glimmora|Energy Ball|p1a: Samurott\n|-supereffective|p1a: Samurott\n|-damage|p1a: Samurott|19\/100\n|-enditem|p1a: Samurott|Aguav Berry|[eat]\n|-heal|p1a: Samurott|52\/100|[from] item: Aguav Berry\n|move|p1a: Samurott|Ceaseless Edge|p2a: Glimmora\n|-damage|p2a: Glimmora|55\/100\n|-sidestart|p2: Dassf|Spikes\n|\n|upkeep\n|turn|2\n|\n|t:|1700367735\n|move|p2a: Glimmora|Energy Ball|p1a: Samurott\n|-supereffective|p1a: Samurott\n|-damage|p1a: Samurott|0 fnt\n|faint|p1a: Samurott\n|\n|upkeep\n|\n|t:|1700367744\n|switch|p1a: Frosmoth|Frosmoth, F|100\/100\n|turn|3\n|\n|t:|1700367748\n|move|p2a: Glimmora|Energy Ball|p1a: Frosmoth\n|-resisted|p1a: Frosmoth\n|-damage|p1a: Frosmoth|87\/100\n|move|p1a: Frosmoth|Snowscape|p1a: Frosmoth\n|-weather|Snow\n|\n|-weather|Snow|[upkeep]\n|upkeep\n|turn|4\n|\n|t:|1700367757\n|move|p2a: Glimmora|Energy Ball|p1a: Frosmoth\n|-resisted|p1a: Frosmoth\n|-damage|p1a: Frosmoth|73\/100\n|move|p1a: Frosmoth|Aurora Veil|p1a: Frosmoth\n|-sidestart|p1: hiya4322|move: Aurora Veil\n|\n|-weather|Snow|[upkeep]\n|upkeep\n|turn|5\n|\n|t:|1700367764\n|move|p2a: Glimmora|Energy Ball|p1a: Frosmoth\n|-resisted|p1a: Frosmoth\n|-damage|p1a: Frosmoth|67\/100\n|move|p1a: Frosmoth|U-turn|p2a: Glimmora\n|-resisted|p2a: Glimmora\n|-damage|p2a: Glimmora|44\/100\n|\n|t:|1700367771\n|switch|p1a: Falinks|Falinks|100\/100|[from] U-turn\n|\n|-weather|Snow|[upkeep]\n|upkeep\n|turn|6\n|\n|t:|1700367779\n|switch|p2a: Annihilape|Annihilape, F|100\/100\n|-damage|p2a: Annihilape|88\/100|[from] Spikes\n|move|p1a: Falinks|No Retreat|p1a: Falinks\n|-boost|p1a: Falinks|atk|1\n|-boost|p1a: Falinks|def|1\n|-boost|p1a: Falinks|spa|1\n|-boost|p1a: Falinks|spd|1\n|-boost|p1a: Falinks|spe|1\n|-start|p1a: Falinks|move: No Retreat\n|\n|-weather|Snow|[upkeep]\n|upkeep\n|turn|7\n|\n|t:|1700367790\n|move|p1a: Falinks|High Horsepower|p2a: Annihilape\n|-damage|p2a: Annihilape|51\/100\n|move|p2a: Annihilape|Counter|p1a: Falinks\n|-damage|p1a: Falinks|0 fnt\n|faint|p1a: Falinks\n|\n|-weather|none\n|upkeep\n|\n|t:|1700367798\n|switch|p1a: Frosmoth|Frosmoth, F|67\/100\n|turn|8\n|\n|t:|1700367804\n|move|p2a: Annihilape|Close Combat|p1a: Frosmoth\n|-damage|p1a: Frosmoth|33\/100\n|-unboost|p2a: Annihilape|def|1\n|-unboost|p2a: Annihilape|spd|1\n|move|p1a: Frosmoth|Quiver Dance|p1a: Frosmoth\n|-boost|p1a: Frosmoth|spa|1\n|-boost|p1a: Frosmoth|spd|1\n|-boost|p1a: Frosmoth|spe|1\n|\n|-sideend|p1: hiya4322|move: Aurora Veil\n|upkeep\n|turn|9\n|\n|t:|1700367814\n|move|p2a: Annihilape|Close Combat|p1a: Frosmoth\n|-damage|p1a: Frosmoth|0 fnt\n|-unboost|p2a: Annihilape|def|1\n|-unboost|p2a: Annihilape|spd|1\n|faint|p1a: Frosmoth\n|\n|upkeep\n|-message|hiya4322 forfeited.\n|\n|win|Dassf\n|raw|hiya4322's rating: 1050 &rarr; <strong>1032<\/strong><br \/>(-18 for losing)\n|raw|Dassf's rating: 1041 &rarr; <strong>1076<\/strong><br \/>(+35 for winning)\n|l|\u2606hiya4322\n","uploadtime":1700367831,"views":2,"p1id":"hiya4322","p2id":"dassf","formatid":"gen9anythinggoes","rating":1032,"private":0,"password":""}