{"id":"gen9anythinggoes-1981925539","p1":"Oxygon","p2":"Mumbutter887","format":"[Gen 9] Anything Goes","log":"|j|\u2606Oxygon\n|j|\u2606Mumbutter887\n|t:|1698952194\n|gametype|singles\n|player|p1|Oxygon|aaron|\n|player|p2|Mumbutter887|swimmer-gen4dp|\n|teamsize|p1|6\n|teamsize|p2|6\n|gen|9\n|tier|[Gen 9] Anything Goes\n|rule|HP Percentage Mod: HP is shown in percentages\n|rule|Endless Battle Clause: Forcing endless battles is banned\n|clearpoke\n|poke|p1|Manaphy|\n|poke|p1|Dudunsparce-*, F|\n|poke|p1|Espeon, M|\n|poke|p1|Sneasler, F|\n|poke|p1|Ursaluna-Bloodmoon, M|\n|poke|p1|Goodra-Hisui, F|\n|poke|p2|Iron Bundle|\n|poke|p2|Cresselia, F|\n|poke|p2|Ogerpon-Hearthflame, F|\n|poke|p2|Persian, F|\n|poke|p2|Donphan, F|\n|poke|p2|Hawlucha, M|\n|teampreview\n|\n|t:|1698952199\n|start\n|switch|p1a: Dudunsparce|Dudunsparce-Three-Segment, F|100\/100\n|switch|p2a: Donphan|Donphan, F|100\/100\n|turn|1\n|\n|t:|1698952207\n|move|p1a: Dudunsparce|Boomburst|p2a: Donphan\n|-damage|p2a: Donphan|35\/100\n|move|p2a: Donphan|Knock Off|p1a: Dudunsparce\n|-damage|p1a: Dudunsparce|75\/100\n|-ability|p1a: Dudunsparce|Rattled|boost\n|-boost|p1a: Dudunsparce|spe|1\n|-enditem|p1a: Dudunsparce|Chople Berry|[from] move: Knock Off|[of] p2a: Donphan\n|\n|upkeep\n|turn|2\n|\n|t:|1698952218\n|switch|p2a: Cresselia|Cresselia, F|100\/100\n|move|p1a: Dudunsparce|Boomburst|p2a: Cresselia\n|-damage|p2a: Cresselia|69\/100\n|\n|upkeep\n|turn|3\n|\n|t:|1698952228\n|move|p1a: Dudunsparce|Stealth Rock|p2a: Cresselia\n|-sidestart|p2: Mumbutter887|move: Stealth Rock\n|move|p2a: Cresselia|Calm Mind|p2a: Cresselia\n|-boost|p2a: Cresselia|spa|1\n|-boost|p2a: Cresselia|spd|1\n|\n|upkeep\n|turn|4\n|\n|t:|1698952235\n|move|p2a: Cresselia|Calm Mind|p2a: Cresselia\n|-boost|p2a: Cresselia|spa|1\n|-boost|p2a: Cresselia|spd|1\n|move|p1a: Dudunsparce|Dragon Tail|p2a: Cresselia\n|-damage|p2a: Cresselia|60\/100\n|-enditem|p2a: Cresselia|Kee Berry|[eat]\n|-boost|p2a: Cresselia|def|1|[from] item: Kee Berry\n|drag|p2a: Hawlucha|Hawlucha, M|100\/100\n|-damage|p2a: Hawlucha|88\/100|[from] Stealth Rock\n|\n|upkeep\n|turn|5\n|\n|t:|1698952265\n|switch|p1a: Espeon|Espeon, M|100\/100\n|move|p2a: Hawlucha|Close Combat|p1a: Espeon\n|-resisted|p1a: Espeon\n|-damage|p1a: Espeon|68\/100\n|-unboost|p2a: Hawlucha|def|1\n|-unboost|p2a: Hawlucha|spd|1\n|\n|upkeep\n|turn|6\n|\n|t:|1698952286\n|switch|p2a: Donphan|Donphan, F|35\/100\n|-damage|p2a: Donphan|29\/100|[from] Stealth Rock\n|-terastallize|p1a: Espeon|Fairy\n|move|p1a: Espeon|Draining Kiss|p2a: Donphan\n|-damage|p2a: Donphan|0 fnt\n|-heal|p1a: Espeon|99\/100|[from] drain|[of] p2a: Donphan\n|faint|p2a: Donphan\n|\n|upkeep\n|\n|t:|1698952318\n|switch|p2a: Iron Bundle|Iron Bundle|100\/100\n|-damage|p2a: Iron Bundle|76\/100|[from] Stealth Rock\n|turn|7\n|\n|t:|1698952339\n|move|p2a: Iron Bundle|Flip Turn|p1a: Espeon\n|-damage|p1a: Espeon|75\/100\n|\n|t:|1698952343\n|-end|p2a: Iron Bundle|Quark Drive|[silent]\n|switch|p2a: Cresselia|Cresselia, F|60\/100|[from] Flip Turn\n|-damage|p2a: Cresselia|48\/100|[from] Stealth Rock\n|move|p1a: Espeon|Psychic|p2a: Cresselia\n|-resisted|p2a: Cresselia\n|-damage|p2a: Cresselia|35\/100\n|\n|upkeep\n|turn|8\n|\n|t:|1698952377\n|move|p1a: Espeon|Thunder Wave|p2a: Cresselia\n|-status|p2a: Cresselia|par\n|cant|p2a: Cresselia|par\n|\n|upkeep\n|turn|9\n|\n|t:|1698952388\n|move|p1a: Espeon|Draining Kiss|p2a: Cresselia\n|-damage|p2a: Cresselia|19\/100 par\n|-heal|p1a: Espeon|95\/100|[from] drain|[of] p2a: Cresselia\n|move|p2a: Cresselia|Rest|p2a: Cresselia\n|-status|p2a: Cresselia|slp|[from] move: Rest\n|-heal|p2a: Cresselia|100\/100 slp|[silent]\n|\n|upkeep\n|turn|10\n|\n|t:|1698952401\n|move|p1a: Espeon|Draining Kiss|p2a: Cresselia\n|-damage|p2a: Cresselia|83\/100 slp\n|-heal|p1a: Espeon|100\/100|[from] drain|[of] p2a: Cresselia\n|cant|p2a: Cresselia|slp\n|move|p2a: Cresselia|Sleep Talk|p2a: Cresselia\n|move|p2a: Cresselia|Calm Mind|p2a: Cresselia|[from]move: Sleep Talk\n|-boost|p2a: Cresselia|spa|1\n|-boost|p2a: Cresselia|spd|1\n|\n|upkeep\n|turn|11\n|\n|t:|1698952437\n|cant|p2a: Cresselia|slp\n|move|p2a: Cresselia|Sleep Talk|p2a: Cresselia\n|move|p2a: Cresselia|Calm Mind|p2a: Cresselia|[from]move: Sleep Talk\n|-boost|p2a: Cresselia|spa|1\n|-boost|p2a: Cresselia|spd|1\n|move|p1a: Espeon|Roar|p2a: Cresselia\n|drag|p2a: Ogerpon|Ogerpon-Hearthflame, F|100\/100\n|-damage|p2a: Ogerpon|76\/100|[from] Stealth Rock\n|-ability|p2a: Ogerpon|Mold Breaker\n|\n|upkeep\n|turn|12\n|\n|t:|1698952500\n|switch|p1a: Dudunsparce|Dudunsparce-Three-Segment, F|75\/100\n|move|p2a: Ogerpon|Knock Off|p1a: Dudunsparce\n|-damage|p1a: Dudunsparce|55\/100\n|-ability|p1a: Dudunsparce|Rattled|boost\n|-boost|p1a: Dudunsparce|spe|1\n|\n|upkeep\n|turn|13\n|\n|t:|1698952509\n|move|p2a: Ogerpon|Ivy Cudgel|p1a: Dudunsparce\n|-damage|p1a: Dudunsparce|8\/100\n|move|p1a: Dudunsparce|Boomburst|p2a: Ogerpon\n|-damage|p2a: Ogerpon|16\/100\n|\n|upkeep\n|turn|14\n|\n|t:|1698952517\n|move|p2a: Ogerpon|Ivy Cudgel|p1a: Dudunsparce\n|-damage|p1a: Dudunsparce|0 fnt\n|faint|p1a: Dudunsparce\n|\n|upkeep\n|\n|t:|1698952521\n|switch|p1a: Sneasler|Sneasler, F|100\/100\n|turn|15\n|\n|t:|1698952529\n|move|p1a: Sneasler|U-turn|p2a: Ogerpon\n|-damage|p2a: Ogerpon|0 fnt\n|faint|p2a: Ogerpon\n|\n|t:|1698952567\n|switch|p1a: Espeon|Espeon, M, tera:Fairy|100\/100|[from] U-turn\n|\n|upkeep\n|\n|t:|1698952577\n|switch|p2a: Persian|Persian, F|100\/100\n|-damage|p2a: Persian|88\/100|[from] Stealth Rock\n|turn|16\n|\n|t:|1698952587\n|move|p2a: Persian|Nasty Plot|p2a: Persian\n|-boost|p2a: Persian|spa|2\n|move|p1a: Espeon|Draining Kiss|p2a: Persian\n|-damage|p2a: Persian|44\/100\n|\n|upkeep\n|turn|17\n|\n|t:|1698952603\n|move|p2a: Persian|Hyper Voice|p1a: Espeon\n|-damage|p1a: Espeon|18\/100\n|move|p1a: Espeon|Draining Kiss|p2a: Persian\n|-damage|p2a: Persian|0 fnt\n|-heal|p1a: Espeon|51\/100|[from] drain|[of] p2a: Persian\n|faint|p2a: Persian\n|\n|upkeep\n|\n|t:|1698952620\n|switch|p2a: Hawlucha|Hawlucha, M|88\/100\n|-damage|p2a: Hawlucha|76\/100|[from] Stealth Rock\n|turn|18\n|\n|t:|1698952630\n|move|p2a: Hawlucha|Brave Bird|p1a: Espeon\n|-damage|p1a: Espeon|0 fnt\n|faint|p1a: Espeon\n|-damage|p2a: Hawlucha|60\/100|[from] Recoil\n|\n|upkeep\n|\n|t:|1698952636\n|switch|p1a: Goodra|Goodra-Hisui, F|100\/100\n|turn|19\n|\n|t:|1698952649\n|switch|p2a: Cresselia|Cresselia, F|83\/100 slp\n|-damage|p2a: Cresselia|70\/100 slp|[from] Stealth Rock\n|move|p1a: Goodra|Dragon Pulse|p2a: Cresselia\n|-damage|p2a: Cresselia|47\/100 slp\n|\n|upkeep\n|turn|20\n|\n|t:|1698952661\n|switch|p2a: Hawlucha|Hawlucha, M|60\/100\n|-damage|p2a: Hawlucha|48\/100|[from] Stealth Rock\n|move|p1a: Goodra|Dragon Pulse|p2a: Hawlucha\n|-damage|p2a: Hawlucha|0 fnt\n|faint|p2a: Hawlucha\n|\n|upkeep\n|\n|t:|1698952678\n|switch|p2a: Cresselia|Cresselia, F|47\/100 slp\n|-damage|p2a: Cresselia|35\/100 slp|[from] Stealth Rock\n|turn|21\n|\n|t:|1698952684\n|-curestatus|p2a: Cresselia|slp|[msg]\n|move|p2a: Cresselia|Rest|p2a: Cresselia\n|-status|p2a: Cresselia|slp|[from] move: Rest\n|-heal|p2a: Cresselia|100\/100 slp|[silent]\n|move|p1a: Goodra|Dragon Pulse|p2a: Cresselia\n|-damage|p2a: Cresselia|77\/100 slp\n|\n|upkeep\n|turn|22\n|\n|t:|1698952698\n|cant|p2a: Cresselia|slp\n|move|p2a: Cresselia|Sleep Talk|p2a: Cresselia\n|move|p2a: Cresselia|Rest||[from]move: Sleep Talk|[still]\n|-fail|p2a: Cresselia\n|move|p1a: Goodra|Dragon Pulse|p2a: Cresselia\n|-damage|p2a: Cresselia|54\/100 slp\n|\n|upkeep\n|turn|23\n|\n|t:|1698952710\n|switch|p1a: Manaphy|Manaphy|100\/100\n|cant|p2a: Cresselia|slp\n|move|p2a: Cresselia|Sleep Talk|p2a: Cresselia\n|move|p2a: Cresselia|Calm Mind|p2a: Cresselia|[from]move: Sleep Talk\n|-boost|p2a: Cresselia|spa|1\n|-boost|p2a: Cresselia|spd|1\n|\n|upkeep\n|turn|24\n|\n|t:|1698952724\n|move|p1a: Manaphy|Scald|p2a: Cresselia\n|-damage|p2a: Cresselia|38\/100 slp\n|-curestatus|p2a: Cresselia|slp|[msg]\n|move|p2a: Cresselia|Rest|p2a: Cresselia\n|-status|p2a: Cresselia|slp|[from] move: Rest\n|-heal|p2a: Cresselia|100\/100 slp|[silent]\n|\n|upkeep\n|turn|25\n|\n|t:|1698952737\n|move|p1a: Manaphy|Scald|p2a: Cresselia\n|-damage|p2a: Cresselia|85\/100 slp\n|cant|p2a: Cresselia|slp\n|move|p2a: Cresselia|Sleep Talk|p2a: Cresselia\n|move|p2a: Cresselia|Calm Mind|p2a: Cresselia|[from]move: Sleep Talk\n|-boost|p2a: Cresselia|spa|1\n|-boost|p2a: Cresselia|spd|1\n|\n|upkeep\n|turn|26\n|\n|t:|1698952747\n|move|p1a: Manaphy|Scald|p2a: Cresselia\n|-damage|p2a: Cresselia|73\/100 slp\n|cant|p2a: Cresselia|slp\n|move|p2a: Cresselia|Sleep Talk|p2a: Cresselia\n|move|p2a: Cresselia|Ice Beam|p1a: Manaphy|[from]move: Sleep Talk\n|-resisted|p1a: Manaphy\n|-damage|p1a: Manaphy|79\/100\n|\n|upkeep\n|turn|27\n|\n|t:|1698952764\n|move|p1a: Manaphy|Scald|p2a: Cresselia\n|-damage|p2a: Cresselia|62\/100 slp\n|-curestatus|p2a: Cresselia|slp|[msg]\n|move|p2a: Cresselia|Calm Mind|p2a: Cresselia\n|-boost|p2a: Cresselia|spa|1\n|-boost|p2a: Cresselia|spd|1\n|\n|upkeep\n|turn|28\n|\n|t:|1698952774\n|move|p1a: Manaphy|Heart Swap|p2a: Cresselia\n|-swapboost|p1a: Manaphy|p2a: Cresselia|[from] move: Heart Swap\n|move|p2a: Cresselia|Rest|p2a: Cresselia\n|-status|p2a: Cresselia|slp|[from] move: Rest\n|-heal|p2a: Cresselia|100\/100 slp|[silent]\n|\n|upkeep\n|turn|29\n|\n|t:|1698952785\n|move|p1a: Manaphy|Scald|p2a: Cresselia\n|-damage|p2a: Cresselia|47\/100 slp\n|cant|p2a: Cresselia|slp\n|move|p2a: Cresselia|Sleep Talk|p2a: Cresselia\n|move|p2a: Cresselia|Ice Beam|p1a: Manaphy|[from]move: Sleep Talk\n|-resisted|p1a: Manaphy\n|-damage|p1a: Manaphy|76\/100\n|\n|upkeep\n|turn|30\n|\n|t:|1698952797\n|move|p1a: Manaphy|Scald|p2a: Cresselia\n|-damage|p2a: Cresselia|0 fnt\n|faint|p2a: Cresselia\n|\n|upkeep\n|\n|t:|1698952803\n|switch|p2a: Iron Bundle|Iron Bundle|76\/100\n|-damage|p2a: Iron Bundle|51\/100|[from] Stealth Rock\n|turn|31\n|\n|t:|1698952809\n|move|p2a: Iron Bundle|Freeze-Dry|p1a: Manaphy\n|-supereffective|p1a: Manaphy\n|-crit|p1a: Manaphy\n|-damage|p1a: Manaphy|0 fnt\n|faint|p1a: Manaphy\n|\n|upkeep\n|j| Uma gotica\n|\n|t:|1698952825\n|switch|p1a: Goodra|Goodra-Hisui, F|100\/100\n|turn|32\n|\n|t:|1698952831\n|move|p2a: Iron Bundle|Freeze-Dry|p1a: Goodra\n|-damage|p1a: Goodra|76\/100\n|move|p1a: Goodra|Dragon Pulse|p2a: Iron Bundle\n|-damage|p2a: Iron Bundle|0 fnt\n|faint|p2a: Iron Bundle\n|-end|p2a: Iron Bundle|Quark Drive|[silent]\n|\n|win|Oxygon\n|c|\u2606Oxygon|gg\n","uploadtime":1698952840,"views":5,"p1id":"oxygon","p2id":"mumbutter887","formatid":"gen9anythinggoes","rating":0,"private":0,"password":""}