{"id":"gen9anythinggoes-1987055714","p1":"Baxine_Sharx","p2":"popmandarin","format":"[Gen 9] Anything Goes","log":"|j|\u2606Baxine_Sharx\n|j|\u2606popmandarin\n|t:|1699552451\n|gametype|singles\n|player|p1|Baxine_Sharx|102|1047\n|player|p2|popmandarin|chuck|1037\n|teamsize|p1|6\n|teamsize|p2|6\n|gen|9\n|tier|[Gen 9] Anything Goes\n|rated|\n|rule|HP Percentage Mod: HP is shown in percentages\n|rule|Endless Battle Clause: Forcing endless battles is banned\n|clearpoke\n|poke|p1|Greninja-*, M|\n|poke|p1|Espathra, F|\n|poke|p1|Ribombee, F|\n|poke|p1|Dragapult, F|\n|poke|p1|Magearna|\n|poke|p1|Gliscor, F|\n|poke|p2|Darkrai|\n|poke|p2|Growlithe-Hisui, M|\n|poke|p2|Sableye, M|\n|poke|p2|Greninja-*, M|\n|poke|p2|Rillaboom, M|\n|poke|p2|Gengar, F|\n|teampreview\n|\n|t:|1699552456\n|start\n|switch|p1a: mini|Ribombee, F|100\/100\n|switch|p2a: Growlithe|Growlithe-Hisui, M|100\/100\n|-ability|p2a: Growlithe|Intimidate|boost\n|-unboost|p1a: mini|atk|1\n|turn|1\n|\n|t:|1699552465\n|move|p1a: mini|Quiver Dance|p1a: mini\n|-boost|p1a: mini|spa|1\n|-boost|p1a: mini|spd|1\n|-boost|p1a: mini|spe|1\n|move|p2a: Growlithe|Morning Sun|p2a: Growlithe\n|-fail|p2a: Growlithe|heal\n|\n|upkeep\n|turn|2\n|\n|t:|1699552475\n|move|p1a: mini|Quiver Dance|p1a: mini\n|-boost|p1a: mini|spa|1\n|-boost|p1a: mini|spd|1\n|-boost|p1a: mini|spe|1\n|move|p2a: Growlithe|Flamethrower|p1a: mini\n|-supereffective|p1a: mini\n|-damage|p1a: mini|63\/100\n|\n|upkeep\n|turn|3\n|\n|t:|1699552486\n|switch|p2a: Gengar|Gengar, F, shiny|100\/100\n|move|p1a: mini|Quiver Dance|p1a: mini\n|-boost|p1a: mini|spa|1\n|-boost|p1a: mini|spd|1\n|-boost|p1a: mini|spe|1\n|\n|upkeep\n|turn|4\n|\n|t:|1699552498\n|-terastallize|p1a: mini|Bug\n|move|p1a: mini|Quiver Dance|p1a: mini\n|-boost|p1a: mini|spa|1\n|-boost|p1a: mini|spd|1\n|-boost|p1a: mini|spe|1\n|move|p2a: Gengar|Perish Song|p2a: Gengar\n|-start|p1a: mini|perish3|[silent]\n|-start|p2a: Gengar|perish3|[silent]\n|-fieldactivate|move: Perish Song\n|\n|-start|p1a: mini|perish3\n|-start|p2a: Gengar|perish3\n|upkeep\n|turn|5\n|\n|t:|1699552512\n|switch|p2a: Sableye|Sableye, M|100\/100\n|move|p1a: mini|Quiver Dance|p1a: mini\n|-boost|p1a: mini|spa|1\n|-boost|p1a: mini|spd|1\n|-boost|p1a: mini|spe|1\n|\n|-start|p1a: mini|perish2\n|upkeep\n|turn|6\n|-activate|p2a: Sableye|item: Quick Claw\n|\n|t:|1699552523\n|move|p2a: Sableye|Confuse Ray|p1a: mini\n|-start|p1a: mini|confusion\n|-activate|p1a: mini|confusion\n|-damage|p1a: mini|58\/100|[from] confusion\n|\n|-start|p1a: mini|perish1\n|upkeep\n|turn|7\n|-activate|p2a: Sableye|item: Quick Claw\n|\n|t:|1699552535\n|move|p2a: Sableye|Snarl|p1a: mini\n|-damage|p1a: mini|51\/100\n|-activate|p1a: mini|confusion\n|-damage|p1a: mini|46\/100|[from] confusion\n|\n|-start|p1a: mini|perish0\n|upkeep\n|faint|p1a: mini\n|\n|t:|1699552542\n|switch|p1a: ivanna banana|Espathra, F|100\/100\n|turn|8\n|\n|t:|1699552548\n|move|p2a: Sableye|Will-O-Wisp|p1a: ivanna banana\n|-status|p1a: ivanna banana|brn\n|move|p1a: ivanna banana|Calm Mind|p1a: ivanna banana\n|-boost|p1a: ivanna banana|spa|1\n|-boost|p1a: ivanna banana|spd|1\n|\n|-damage|p1a: ivanna banana|94\/100 brn|[from] brn\n|-ability|p1a: ivanna banana|Speed Boost|boost\n|-boost|p1a: ivanna banana|spe|1\n|upkeep\n|turn|9\n|-activate|p2a: Sableye|item: Quick Claw\n|\n|t:|1699552563\n|move|p2a: Sableye|Confuse Ray|p1a: ivanna banana\n|-start|p1a: ivanna banana|confusion\n|-activate|p1a: ivanna banana|confusion\n|move|p1a: ivanna banana|Calm Mind|p1a: ivanna banana\n|-boost|p1a: ivanna banana|spa|1\n|-boost|p1a: ivanna banana|spd|1\n|\n|-heal|p1a: ivanna banana|100\/100 brn|[from] item: Leftovers\n|-damage|p1a: ivanna banana|94\/100 brn|[from] brn\n|-ability|p1a: ivanna banana|Speed Boost|boost\n|-boost|p1a: ivanna banana|spe|1\n|upkeep\n|turn|10\n|\n|t:|1699552586\n|move|p2a: Sableye|Recover||[still]\n|-fail|p2a: Sableye|heal\n|-activate|p1a: ivanna banana|confusion\n|move|p1a: ivanna banana|Calm Mind|p1a: ivanna banana\n|-boost|p1a: ivanna banana|spa|1\n|-boost|p1a: ivanna banana|spd|1\n|\n|-heal|p1a: ivanna banana|100\/100 brn|[from] item: Leftovers\n|-damage|p1a: ivanna banana|94\/100 brn|[from] brn\n|-ability|p1a: ivanna banana|Speed Boost|boost\n|-boost|p1a: ivanna banana|spe|1\n|upkeep\n|turn|11\n|\n|t:|1699552604\n|switch|p2a: Gengar|Gengar, F, shiny|100\/100\n|-end|p1a: ivanna banana|confusion\n|move|p1a: ivanna banana|Baton Pass|p1a: ivanna banana\n|\n|t:|1699552609\n|switch|p1a: diario|Dragapult, F|100\/100|[from] Baton Pass\n|\n|upkeep\n|turn|12\n|\n|t:|1699552624\n|move|p1a: diario|Dragon Darts|p2a: Gengar\n|-damage|p2a: Gengar|32\/100\n|-anim|p1a: diario|Dragon Darts|p2a: Gengar\n|-damage|p2a: Gengar|0 fnt\n|-start|p1a: diario|Disable|Dragon Darts|[from] ability: Cursed Body|[of] p2a: Gengar\n|faint|p2a: Gengar\n|-damage|p1a: diario|91\/100|[from] item: Life Orb\n|\n|upkeep\n|\n|t:|1699552634\n|switch|p2a: Darkrai|Darkrai|100\/100\n|turn|13\n|\n|t:|1699552639\n|move|p1a: diario|Baton Pass|p1a: diario\n|\n|t:|1699552643\n|switch|p1a: Ari|Magearna|100\/100|[from] Baton Pass\n|move|p2a: Darkrai|Hypnosis|p1a: Ari\n|-status|p1a: Ari|slp|[from] move: Hypnosis\n|\n|-damage|p1a: Ari|88\/100 slp|[from] ability: Bad Dreams|[of] p2a: Darkrai\n|upkeep\n|turn|14\n|\n|t:|1699552654\n|move|p2a: Darkrai|Dream Eater|p1a: Ari\n|-resisted|p1a: Ari\n|-damage|p1a: Ari|83\/100 slp\n|cant|p1a: Ari|slp\n|\n|-heal|p1a: Ari|89\/100 slp|[from] item: Leftovers\n|-damage|p1a: Ari|77\/100 slp|[from] ability: Bad Dreams|[of] p2a: Darkrai\n|upkeep\n|turn|15\n|\n|t:|1699552674\n|move|p2a: Darkrai|Disable||[still]\n|-fail|p2a: Darkrai\n|cant|p1a: Ari|slp\n|\n|-heal|p1a: Ari|83\/100 slp|[from] item: Leftovers\n|-damage|p1a: Ari|71\/100 slp|[from] ability: Bad Dreams|[of] p2a: Darkrai\n|upkeep\n|turn|16\n|\n|t:|1699552684\n|move|p2a: Darkrai|Dream Eater|p1a: Ari\n|-resisted|p1a: Ari\n|-damage|p1a: Ari|66\/100 slp\n|cant|p1a: Ari|slp\n|\n|-heal|p1a: Ari|72\/100 slp|[from] item: Leftovers\n|-damage|p1a: Ari|59\/100 slp|[from] ability: Bad Dreams|[of] p2a: Darkrai\n|upkeep\n|turn|17\n|\n|t:|1699552697\n|move|p2a: Darkrai|Dream Eater|p1a: Ari\n|-resisted|p1a: Ari\n|-damage|p1a: Ari|54\/100 slp\n|-curestatus|p1a: Ari|slp|[msg]\n|move|p1a: Ari|Aura Sphere|p2a: Darkrai\n|-supereffective|p2a: Darkrai\n|-damage|p2a: Darkrai|0 fnt\n|faint|p2a: Darkrai\n|-ability|p1a: Ari|Soul-Heart|boost\n|-boost|p1a: Ari|spa|1\n|\n|-heal|p1a: Ari|60\/100|[from] item: Leftovers\n|upkeep\n|\n|t:|1699552715\n|switch|p2a: Growlithe|Growlithe-Hisui, M|100\/100\n|-ability|p2a: Growlithe|Intimidate|boost\n|-unboost|p1a: Ari|atk|1\n|turn|18\n|\n|t:|1699552721\n|move|p1a: Ari|Aura Sphere|p2a: Growlithe\n|-supereffective|p2a: Growlithe\n|-damage|p2a: Growlithe|0 fnt\n|faint|p2a: Growlithe\n|-ability|p1a: Ari|Soul-Heart|boost\n|-boost|p1a: Ari|spa|1\n|\n|-heal|p1a: Ari|66\/100|[from] item: Leftovers\n|upkeep\n|\n|t:|1699552729\n|switch|p2a: Sableye|Sableye, M|100\/100\n|turn|19\n|\n|t:|1699552735\n|move|p2a: Sableye|Will-O-Wisp|p1a: Ari|[miss]\n|-miss|p2a: Sableye|p1a: Ari\n|move|p1a: Ari|Draining Kiss|p2a: Sableye\n|-supereffective|p2a: Sableye\n|-damage|p2a: Sableye|0 fnt\n|-heal|p1a: Ari|100\/100|[from] drain|[of] p2a: Sableye\n|faint|p2a: Sableye\n|-ability|p1a: Ari|Soul-Heart|boost\n|-boost|p1a: Ari|spa|1\n|\n|upkeep\n|\n|t:|1699552745\n|switch|p2a: Greninja|Greninja, M|100\/100\n|turn|20\n|\n|t:|1699552749\n|move|p2a: Greninja|Haze|p2a: Greninja\n|-start|p2a: Greninja|typechange|Ice|[from] ability: Protean\n|-clearallboost\n|move|p1a: Ari|Energy Ball|p2a: Greninja\n|-damage|p2a: Greninja|45\/100\n|\n|-heal|p2a: Greninja|51\/100|[from] item: Leftovers\n|upkeep\n|turn|21\n|\n|t:|1699552763\n|move|p2a: Greninja|Grass Knot|p1a: Ari\n|-resisted|p1a: Ari\n|-damage|p1a: Ari|90\/100\n|move|p1a: Ari|Flash Cannon|p2a: Greninja\n|-supereffective|p2a: Greninja\n|-damage|p2a: Greninja|0 fnt\n|faint|p2a: Greninja\n|-ability|p1a: Ari|Soul-Heart|boost\n|-boost|p1a: Ari|spa|1\n|\n|-heal|p1a: Ari|96\/100|[from] item: Leftovers\n|upkeep\n|\n|t:|1699552777\n|switch|p2a: Rillaboom|Rillaboom, M|100\/100\n|turn|22\n|\n|t:|1699552783\n|move|p2a: Rillaboom|Leech Seed|p1a: Ari\n|-start|p1a: Ari|move: Leech Seed\n|move|p1a: Ari|Draining Kiss|p2a: Rillaboom\n|-damage|p2a: Rillaboom|44\/100\n|-heal|p1a: Ari|100\/100|[from] drain|[of] p2a: Rillaboom\n|\n|-heal|p2a: Rillaboom|50\/100|[from] item: Leftovers\n|-damage|p1a: Ari|88\/100|[from] Leech Seed|[of] p2a: Rillaboom\n|-heal|p2a: Rillaboom|61\/100|[silent]\n|upkeep\n|turn|23\n|\n|t:|1699552794\n|move|p2a: Rillaboom|Earthquake|p1a: Ari\n|-supereffective|p1a: Ari\n|-damage|p1a: Ari|32\/100\n|move|p1a: Ari|Draining Kiss|p2a: Rillaboom\n|-damage|p2a: Rillaboom|9\/100\n|-heal|p1a: Ari|77\/100|[from] drain|[of] p2a: Rillaboom\n|\n|-heal|p2a: Rillaboom|15\/100|[from] item: Leftovers\n|-heal|p1a: Ari|83\/100|[from] item: Leftovers\n|-damage|p1a: Ari|70\/100|[from] Leech Seed|[of] p2a: Rillaboom\n|-heal|p2a: Rillaboom|26\/100|[silent]\n|upkeep\n|turn|24\n|\n|t:|1699552808\n|move|p2a: Rillaboom|Earthquake|p1a: Ari\n|-supereffective|p1a: Ari\n|-damage|p1a: Ari|16\/100\n|move|p1a: Ari|Draining Kiss|p2a: Rillaboom\n|-damage|p2a: Rillaboom|0 fnt\n|-heal|p1a: Ari|38\/100|[from] drain|[of] p2a: Rillaboom\n|faint|p2a: Rillaboom\n|\n|win|Baxine_Sharx\n|raw|Baxine_Sharx's rating: 1047 &rarr; <strong>1079<\/strong><br \/>(+32 for winning)\n|raw|popmandarin's rating: 1037 &rarr; <strong>1022<\/strong><br \/>(-15 for losing)\n|l|\u2606popmandarin\n","uploadtime":1699552817,"views":5,"p1id":"baxinesharx","p2id":"popmandarin","formatid":"gen9anythinggoes","rating":1022,"private":0,"password":""}