{"id":"gen9anythinggoes-1979035164","p1":"Skrumply","p2":"chotto matte","format":"[Gen 9] Anything Goes","log":"|j|\u2606Skrumply\n|j|\u2606chotto matte\n|t:|1698623895\n|gametype|singles\n|player|p1|Skrumply|lucy|\n|player|p2|chotto matte|preschoolerf|\n|teamsize|p1|6\n|teamsize|p2|6\n|gen|9\n|tier|[Gen 9] Anything Goes\n|rule|HP Percentage Mod: HP is shown in percentages\n|rule|Endless Battle Clause: Forcing endless battles is banned\n|clearpoke\n|poke|p1|Moltres|\n|poke|p1|Baxcalibur, M|\n|poke|p1|Weezing, M|\n|poke|p1|Jirachi|\n|poke|p1|Iron Valiant|\n|poke|p1|Sableye, F|\n|poke|p2|Slowking, M|\n|poke|p2|Flareon, F|\n|poke|p2|Gliscor, M|\n|poke|p2|Rillaboom, M|\n|poke|p2|Sneasler, M|\n|poke|p2|Tyranitar, F|\n|teampreview\n|c|\u2606chotto matte|GL\n|c|\u2606Skrumply|GLGL\n|\n|t:|1698623926\n|start\n|switch|p1a: Sableye|Sableye, F|100\/100\n|switch|p2a: Sneasler|Sneasler, M|100\/100\n|turn|1\n|\n|t:|1698623941\n|switch|p2a: Tyranitar|Tyranitar, F|100\/100\n|-weather|Sandstorm|[from] ability: Sand Stream|[of] p2a: Tyranitar\n|move|p1a: Sableye|Knock Off|p2a: Tyranitar\n|-resisted|p2a: Tyranitar\n|-damage|p2a: Tyranitar|88\/100\n|-enditem|p2a: Tyranitar|Choice Scarf|[from] move: Knock Off|[of] p1a: Sableye\n|\n|-weather|Sandstorm|[upkeep]\n|-damage|p1a: Sableye|95\/100|[from] Sandstorm\n|upkeep\n|turn|2\n|\n|t:|1698623980\n|switch|p1a: The Argus|Weezing, M|100\/100\n|-ability|p1a: The Argus|Neutralizing Gas\n|-item|p1a: The Argus|Air Balloon\n|move|p2a: Tyranitar|Knock Off|p1a: The Argus\n|-damage|p1a: The Argus|63\/100\n|-enditem|p1a: The Argus|Air Balloon\n|\n|-weather|Sandstorm|[upkeep]\n|-damage|p1a: The Argus|57\/100|[from] Sandstorm\n|upkeep\n|turn|3\n|\n|t:|1698623998\n|move|p1a: The Argus|Protect|p1a: The Argus\n|-singleturn|p1a: The Argus|Protect\n|move|p2a: Tyranitar|Stone Edge|p1a: The Argus\n|-activate|p1a: The Argus|move: Protect\n|\n|-weather|Sandstorm|[upkeep]\n|-damage|p1a: The Argus|51\/100|[from] Sandstorm\n|upkeep\n|turn|4\n|\n|t:|1698624011\n|-terastallize|p1a: The Argus|Ghost\n|move|p2a: Tyranitar|Earthquake|p1a: The Argus\n|-damage|p1a: The Argus|28\/100\n|move|p1a: The Argus|Pain Split|p2a: Tyranitar\n|-sethp|p2a: Tyranitar|58\/100|[from] move: Pain Split|[silent]\n|-sethp|p1a: The Argus|59\/100|[from] move: Pain Split\n|\n|-weather|Sandstorm|[upkeep]\n|-damage|p1a: The Argus|53\/100|[from] Sandstorm\n|upkeep\n|turn|5\n|\n|t:|1698624022\n|switch|p2a: Gliscor|Gliscor, M|100\/100\n|move|p1a: The Argus|Protect||[still]\n|-fail|p1a: The Argus\n|\n|-weather|none\n|-status|p2a: Gliscor|tox|[from] item: Toxic Orb\n|upkeep\n|turn|6\n|j| StoneBone\n|\n|t:|1698624039\n|move|p2a: Gliscor|Stealth Rock|p1a: The Argus\n|-sidestart|p1: Skrumply|move: Stealth Rock\n|move|p1a: The Argus|Pain Split|p2a: Gliscor\n|-sethp|p2a: Gliscor|75\/100 tox|[from] move: Pain Split|[silent]\n|-sethp|p1a: The Argus|79\/100|[from] move: Pain Split\n|\n|-damage|p2a: Gliscor|69\/100 tox|[from] psn\n|upkeep\n|turn|7\n|\n|t:|1698624053\n|move|p2a: Gliscor|Toxic|p1a: The Argus\n|-status|p1a: The Argus|tox\n|move|p1a: The Argus|Venoshock|p2a: Gliscor\n|-resisted|p2a: Gliscor\n|-damage|p2a: Gliscor|51\/100 tox\n|\n|-damage|p2a: Gliscor|38\/100 tox|[from] psn\n|-damage|p1a: The Argus|73\/100 tox|[from] psn\n|upkeep\n|turn|8\n|\n|t:|1698624073\n|move|p2a: Gliscor|Protect|p2a: Gliscor\n|-singleturn|p2a: Gliscor|Protect\n|move|p1a: The Argus|Venoshock|p2a: Gliscor\n|-activate|p2a: Gliscor|move: Protect\n|\n|-damage|p2a: Gliscor|20\/100 tox|[from] psn\n|-damage|p1a: The Argus|61\/100 tox|[from] psn\n|upkeep\n|turn|9\n|\n|t:|1698624082\n|switch|p2a: Tyranitar|Tyranitar, F|58\/100\n|move|p1a: The Argus|Venoshock|p2a: Tyranitar\n|-resisted|p2a: Tyranitar\n|-damage|p2a: Tyranitar|48\/100\n|\n|-damage|p1a: The Argus|43\/100 tox|[from] psn\n|upkeep\n|turn|10\n|c|\u2606chotto matte|i forgot that entire time\n|c|\u2606Skrumply|Yup\n|c|\u2606Skrumply|this weezing\n|c|\u2606Skrumply|is designed\n|c|\u2606Skrumply|solely for gliscor\n|\n|t:|1698624124\n|-end|p1a: The Argus|ability: Neutralizing Gas\n|-weather|Sandstorm|[from] ability: Sand Stream|[of] p2a: Tyranitar\n|switch|p1a: Sableye|Sableye, F|95\/100\n|move|p2a: Tyranitar|Knock Off|p1a: Sableye\n|-damage|p1a: Sableye|43\/100\n|-enditem|p1a: Sableye|Heavy-Duty Boots|[from] move: Knock Off|[of] p2a: Tyranitar\n|\n|-weather|Sandstorm|[upkeep]\n|-damage|p1a: Sableye|37\/100|[from] Sandstorm\n|upkeep\n|turn|11\n|\n|t:|1698624134\n|move|p1a: Sableye|Recover|p1a: Sableye\n|-heal|p1a: Sableye|87\/100\n|move|p2a: Tyranitar|Stone Edge|p1a: Sableye|[miss]\n|-miss|p2a: Tyranitar|p1a: Sableye\n|\n|-weather|Sandstorm|[upkeep]\n|-damage|p1a: Sableye|81\/100|[from] Sandstorm\n|upkeep\n|turn|12\n|\n|t:|1698624155\n|switch|p1a: The Argus|Weezing, M, tera:Ghost|43\/100 tox\n|-ability|p1a: The Argus|Neutralizing Gas\n|-damage|p1a: The Argus|31\/100 tox|[from] Stealth Rock\n|move|p2a: Tyranitar|Stone Edge|p1a: The Argus\n|-damage|p1a: The Argus|0 fnt\n|faint|p1a: The Argus\n|-end|p1a: The Argus|ability: Neutralizing Gas\n|\n|-weather|Sandstorm|[upkeep]\n|upkeep\n|\n|t:|1698624159\n|switch|p1a: Him?|Iron Valiant|100\/100\n|-damage|p1a: Him?|94\/100|[from] Stealth Rock\n|-enditem|p1a: Him?|Booster Energy\n|-activate|p1a: Him?|ability: Quark Drive|[fromitem]\n|-start|p1a: Him?|quarkdrivespe\n|turn|13\n|\n|t:|1698624174\n|switch|p2a: Slowking|Slowking, M|100\/100\n|move|p1a: Him?|Calm Mind|p1a: Him?\n|-boost|p1a: Him?|spa|1\n|-boost|p1a: Him?|spd|1\n|\n|-weather|Sandstorm|[upkeep]\n|-damage|p1a: Him?|88\/100|[from] Sandstorm\n|-damage|p2a: Slowking|94\/100|[from] Sandstorm\n|upkeep\n|turn|14\n|\n|t:|1698624183\n|move|p1a: Him?|Moonblast|p2a: Slowking\n|-damage|p2a: Slowking|34\/100\n|move|p2a: Slowking|Thunder Wave|p1a: Him?|[miss]\n|-miss|p2a: Slowking|p1a: Him?\n|\n|-weather|none\n|upkeep\n|turn|15\n|\n|t:|1698624188\n|move|p1a: Him?|Moonblast|p2a: Slowking\n|-damage|p2a: Slowking|0 fnt\n|faint|p2a: Slowking\n|\n|upkeep\n|\n|t:|1698624193\n|switch|p2a: Flareon|Flareon, F|100\/100\n|turn|16\n|\n|t:|1698624198\n|move|p1a: Him?|Psychic|p2a: Flareon\n|-damage|p2a: Flareon|68\/100\n|move|p2a: Flareon|Flare Blitz|p1a: Him?\n|-damage|p1a: Him?|19\/100\n|-damage|p2a: Flareon|49\/100|[from] Recoil\n|\n|-heal|p2a: Flareon|55\/100|[from] item: Leftovers\n|upkeep\n|turn|17\n|c| StoneBone|OH BROTHER, THIS GUY (jempt) STINKZ!\n|\n|t:|1698624206\n|-end|p1a: Him?|Quark Drive|[silent]\n|switch|p1a: Meatspace|Baxcalibur, M|100\/100\n|-damage|p1a: Meatspace|76\/100|[from] Stealth Rock\n|move|p2a: Flareon|Wish|p2a: Flareon\n|\n|-heal|p2a: Flareon|61\/100|[from] item: Leftovers\n|upkeep\n|turn|18\n|\n|t:|1698624218\n|switch|p2a: Tyranitar|Tyranitar, F|48\/100\n|-weather|Sandstorm|[from] ability: Sand Stream|[of] p2a: Tyranitar\n|move|p1a: Meatspace|Scale Shot|p2a: Tyranitar|[miss]\n|-miss|p1a: Meatspace|p2a: Tyranitar\n|\n|-weather|Sandstorm|[upkeep]\n|-damage|p1a: Meatspace|70\/100|[from] Sandstorm\n|-heal|p2a: Tyranitar|97\/100|[from] move: Wish|[wisher] Flareon\n|upkeep\n|turn|19\n|c|\u2606Skrumply|Nice\n|\n|t:|1698624246\n|move|p1a: Meatspace|Earthquake|p2a: Tyranitar\n|-supereffective|p2a: Tyranitar\n|-damage|p2a: Tyranitar|23\/100\n|move|p2a: Tyranitar|Stone Edge|p1a: Meatspace\n|-supereffective|p1a: Meatspace\n|-damage|p1a: Meatspace|0 fnt\n|faint|p1a: Meatspace\n|\n|-weather|Sandstorm|[upkeep]\n|upkeep\n|\n|t:|1698624252\n|switch|p1a: Him?|Iron Valiant|19\/100\n|-damage|p1a: Him?|13\/100|[from] Stealth Rock\n|turn|20\n|\n|t:|1698624259\n|move|p1a: Him?|Moonblast|p2a: Tyranitar\n|-supereffective|p2a: Tyranitar\n|-damage|p2a: Tyranitar|0 fnt\n|faint|p2a: Tyranitar\n|\n|-weather|Sandstorm|[upkeep]\n|-damage|p1a: Him?|7\/100|[from] Sandstorm\n|upkeep\n|\n|t:|1698624264\n|switch|p2a: Sneasler|Sneasler, M|100\/100\n|turn|21\n|\n|t:|1698624275\n|-end|p1a: Him?|Quark Drive|[silent]\n|switch|p1a: Sableye|Sableye, F|81\/100\n|-damage|p1a: Sableye|69\/100|[from] Stealth Rock\n|move|p2a: Sneasler|Dire Claw|p1a: Sableye\n|-resisted|p1a: Sableye\n|-damage|p1a: Sableye|47\/100\n|-status|p1a: Sableye|psn|[from] ability: Poison Touch|[of] p2a: Sneasler\n|\n|-weather|Sandstorm|[upkeep]\n|-damage|p2a: Sneasler|95\/100|[from] Sandstorm\n|-damage|p1a: Sableye|41\/100 psn|[from] Sandstorm\n|-damage|p1a: Sableye|29\/100 psn|[from] psn\n|upkeep\n|turn|22\n|c|\u2606Skrumply|Nice\n|\n|t:|1698624287\n|switch|p2a: Gliscor|Gliscor, M|20\/100 tox\n|move|p1a: Sableye|Recover|p1a: Sableye\n|-heal|p1a: Sableye|79\/100 psn\n|\n|-weather|none\n|-heal|p2a: Gliscor|32\/100 tox|[from] ability: Poison Heal\n|-damage|p1a: Sableye|67\/100 psn|[from] psn\n|upkeep\n|turn|23\n|\n|t:|1698624296\n|move|p2a: Gliscor|Toxic||[still]\n|-fail|p2a: Gliscor\n|move|p1a: Sableye|Knock Off|p2a: Gliscor\n|-damage|p2a: Gliscor|12\/100 tox\n|-enditem|p2a: Gliscor|Toxic Orb|[from] move: Knock Off|[of] p1a: Sableye\n|\n|-heal|p2a: Gliscor|24\/100 tox|[from] ability: Poison Heal\n|-damage|p1a: Sableye|55\/100 psn|[from] psn\n|upkeep\n|turn|24\n|\n|t:|1698624304\n|move|p1a: Sableye|Encore|p2a: Gliscor\n|-start|p2a: Gliscor|Encore\n|move|p2a: Gliscor|Toxic||[still]\n|-fail|p2a: Gliscor\n|\n|-heal|p2a: Gliscor|37\/100 tox|[from] ability: Poison Heal\n|-damage|p1a: Sableye|43\/100 psn|[from] psn\n|upkeep\n|turn|25\n|\n|t:|1698624312\n|switch|p2a: Flareon|Flareon, F|61\/100\n|move|p1a: Sableye|Recover|p1a: Sableye\n|-heal|p1a: Sableye|93\/100 psn\n|\n|-heal|p2a: Flareon|67\/100|[from] item: Leftovers\n|-damage|p1a: Sableye|81\/100 psn|[from] psn\n|upkeep\n|turn|26\n|\n|t:|1698624330\n|switch|p2a: Gliscor|Gliscor, M|37\/100 tox\n|switch|p1a: Him?|Iron Valiant|7\/100\n|-damage|p1a: Him?|0 fnt|[from] Stealth Rock\n|faint|p1a: Him?\n|-end|p1a: Him?|Quark Drive|[silent]\n|\n|-heal|p2a: Gliscor|49\/100 tox|[from] ability: Poison Heal\n|upkeep\n|\n|t:|1698624335\n|switch|p1a: Tras|Moltres|100\/100\n|turn|27\n|\n|t:|1698624347\n|move|p2a: Gliscor|Toxic|p1a: Tras\n|-status|p1a: Tras|tox\n|move|p1a: Tras|Hurricane|p2a: Gliscor\n|-damage|p2a: Gliscor|6\/100 tox\n|\n|-heal|p2a: Gliscor|19\/100 tox|[from] ability: Poison Heal\n|-damage|p1a: Tras|94\/100 tox|[from] psn\n|upkeep\n|turn|28\n|\n|t:|1698624353\n|switch|p2a: Flareon|Flareon, F|67\/100\n|switch|p1a: Exit Wounds|Jirachi|100\/100\n|-damage|p1a: Exit Wounds|94\/100|[from] Stealth Rock\n|\n|-heal|p1a: Exit Wounds|100\/100|[from] item: Leftovers\n|-heal|p2a: Flareon|73\/100|[from] item: Leftovers\n|upkeep\n|turn|29\n|\n|t:|1698624357\n|switch|p1a: Tras|Moltres|94\/100 tox\n|move|p2a: Flareon|Will-O-Wisp||[still]\n|-fail|p2a: Flareon\n|\n|-heal|p2a: Flareon|79\/100|[from] item: Leftovers\n|-damage|p1a: Tras|88\/100 tox|[from] psn\n|upkeep\n|turn|30\n|\n|t:|1698624365\n|move|p1a: Tras|Hurricane|p2a: Flareon\n|-damage|p2a: Flareon|48\/100\n|move|p2a: Flareon|Wish|p2a: Flareon\n|\n|-heal|p2a: Flareon|54\/100|[from] item: Leftovers\n|-damage|p1a: Tras|76\/100 tox|[from] psn\n|upkeep\n|turn|31\n|\n|t:|1698624373\n|move|p1a: Tras|Hurricane|p2a: Flareon\n|-damage|p2a: Flareon|22\/100\n|-start|p2a: Flareon|confusion\n|-activate|p2a: Flareon|confusion\n|move|p2a: Flareon|Flare Blitz|p1a: Tras\n|-resisted|p1a: Tras\n|-crit|p1a: Tras\n|-damage|p1a: Tras|48\/100 tox\n|-damage|p2a: Flareon|12\/100|[from] Recoil\n|\n|-heal|p2a: Flareon|61\/100|[from] move: Wish|[wisher] Flareon\n|-heal|p2a: Flareon|67\/100|[from] item: Leftovers\n|-damage|p1a: Tras|30\/100 tox|[from] psn\n|upkeep\n|turn|32\n|\n|t:|1698624379\n|move|p1a: Tras|Roost|p1a: Tras\n|-heal|p1a: Tras|80\/100 tox\n|-singleturn|p1a: Tras|move: Roost\n|-activate|p2a: Flareon|confusion\n|-damage|p2a: Flareon|51\/100|[from] confusion\n|\n|-heal|p2a: Flareon|57\/100|[from] item: Leftovers\n|-damage|p1a: Tras|56\/100 tox|[from] psn\n|upkeep\n|turn|33\n|\n|t:|1698624392\n|switch|p1a: Sableye|Sableye, F|81\/100 psn\n|-damage|p1a: Sableye|68\/100 psn|[from] Stealth Rock\n|-activate|p2a: Flareon|confusion\n|-damage|p2a: Flareon|38\/100|[from] confusion\n|\n|-heal|p2a: Flareon|44\/100|[from] item: Leftovers\n|-damage|p1a: Sableye|56\/100 psn|[from] psn\n|upkeep\n|turn|34\n|\n|t:|1698624398\n|move|p1a: Sableye|Recover|p1a: Sableye\n|-heal|p1a: Sableye|100\/100 psn\n|-end|p2a: Flareon|confusion\n|move|p2a: Flareon|Wish|p2a: Flareon\n|\n|-heal|p2a: Flareon|50\/100|[from] item: Leftovers\n|-damage|p1a: Sableye|88\/100 psn|[from] psn\n|upkeep\n|turn|35\n|\n|t:|1698624402\n|move|p2a: Flareon|Flare Blitz|p1a: Sableye\n|-damage|p1a: Sableye|39\/100 psn\n|-damage|p2a: Flareon|35\/100|[from] Recoil\n|move|p1a: Sableye|Knock Off|p2a: Flareon\n|-damage|p2a: Flareon|0 fnt\n|-enditem|p2a: Flareon|Leftovers|[from] move: Knock Off|[of] p1a: Sableye\n|faint|p2a: Flareon\n|\n|-damage|p1a: Sableye|27\/100 psn|[from] psn\n|upkeep\n|\n|t:|1698624410\n|switch|p2a: Gliscor|Gliscor, M|19\/100 tox\n|turn|36\n|\n|t:|1698624418\n|move|p2a: Gliscor|Earthquake|p1a: Sableye\n|-damage|p1a: Sableye|0 fnt\n|faint|p1a: Sableye\n|\n|-heal|p2a: Gliscor|31\/100 tox|[from] ability: Poison Heal\n|upkeep\n|\n|t:|1698624421\n|switch|p1a: Tras|Moltres|56\/100 tox\n|turn|37\n|\n|t:|1698624429\n|move|p2a: Gliscor|Protect|p2a: Gliscor\n|-singleturn|p2a: Gliscor|Protect\n|move|p1a: Tras|Roost|p1a: Tras\n|-heal|p1a: Tras|100\/100 tox\n|-singleturn|p1a: Tras|move: Roost\n|\n|-heal|p2a: Gliscor|44\/100 tox|[from] ability: Poison Heal\n|-damage|p1a: Tras|94\/100 tox|[from] psn\n|upkeep\n|turn|38\n|\n|t:|1698624438\n|move|p2a: Gliscor|Protect|p2a: Gliscor\n|-singleturn|p2a: Gliscor|Protect\n|move|p1a: Tras|Hurricane|p2a: Gliscor\n|-activate|p2a: Gliscor|move: Protect\n|\n|-heal|p2a: Gliscor|56\/100 tox|[from] ability: Poison Heal\n|-damage|p1a: Tras|82\/100 tox|[from] psn\n|upkeep\n|turn|39\n|\n|t:|1698624441\n|move|p2a: Gliscor|Protect||[still]\n|-fail|p2a: Gliscor\n|move|p1a: Tras|Hurricane|p2a: Gliscor\n|-damage|p2a: Gliscor|18\/100 tox\n|\n|-heal|p2a: Gliscor|31\/100 tox|[from] ability: Poison Heal\n|-damage|p1a: Tras|64\/100 tox|[from] psn\n|upkeep\n|turn|40\n|c|\u2606Skrumply|Okay gordon\n|\n|t:|1698624448\n|switch|p1a: Exit Wounds|Jirachi|100\/100\n|-damage|p1a: Exit Wounds|94\/100|[from] Stealth Rock\n|move|p2a: Gliscor|Protect||[still]\n|-fail|p2a: Gliscor\n|\n|-heal|p1a: Exit Wounds|100\/100|[from] item: Leftovers\n|-heal|p2a: Gliscor|43\/100 tox|[from] ability: Poison Heal\n|upkeep\n|turn|41\n|c|\u2606chotto matte|lol i got nothing else to do\n|\n|t:|1698624460\n|move|p2a: Gliscor|Earthquake|p1a: Exit Wounds\n|-supereffective|p1a: Exit Wounds\n|-damage|p1a: Exit Wounds|43\/100\n|move|p1a: Exit Wounds|Doom Desire|p2a: Gliscor\n|-start|p1a: Exit Wounds|Doom Desire\n|\n|-heal|p1a: Exit Wounds|49\/100|[from] item: Leftovers\n|-heal|p2a: Gliscor|56\/100 tox|[from] ability: Poison Heal\n|upkeep\n|turn|42\n|\n|t:|1698624464\n|switch|p1a: Tras|Moltres|64\/100 tox\n|move|p2a: Gliscor|Earthquake|p1a: Tras\n|-immune|p1a: Tras\n|\n|-heal|p2a: Gliscor|68\/100 tox|[from] ability: Poison Heal\n|-damage|p1a: Tras|58\/100 tox|[from] psn\n|upkeep\n|turn|43\n|\n|t:|1698624475\n|move|p2a: Gliscor|Protect|p2a: Gliscor\n|-singleturn|p2a: Gliscor|Protect\n|move|p1a: Tras|Hurricane|p2a: Gliscor\n|-activate|p2a: Gliscor|move: Protect\n|\n|-end|p2a: Gliscor|move: Doom Desire\n|-damage|p2a: Gliscor|5\/100 tox\n|-heal|p2a: Gliscor|18\/100 tox|[from] ability: Poison Heal\n|-damage|p1a: Tras|46\/100 tox|[from] psn\n|upkeep\n|turn|44\n|\n|t:|1698624485\n|switch|p2a: Rillaboom|Rillaboom, M|100\/100\n|-fieldstart|move: Grassy Terrain|[from] ability: Grassy Surge|[of] p2a: Rillaboom\n|move|p1a: Tras|Heat Wave|p2a: Rillaboom\n|-supereffective|p2a: Rillaboom\n|-damage|p2a: Rillaboom|3\/100\n|\n|-heal|p2a: Rillaboom|9\/100|[from] Grassy Terrain\n|-damage|p1a: Tras|28\/100 tox|[from] psn\n|upkeep\n|turn|45\n|\n|t:|1698624496\n|move|p2a: Rillaboom|Leech Seed|p1a: Tras\n|-start|p1a: Tras|move: Leech Seed\n|move|p1a: Tras|Heat Wave|p2a: Rillaboom\n|-supereffective|p2a: Rillaboom\n|-damage|p2a: Rillaboom|0 fnt\n|faint|p2a: Rillaboom\n|\n|-damage|p1a: Tras|4\/100 tox|[from] psn\n|upkeep\n|\n|t:|1698624501\n|switch|p2a: Sneasler|Sneasler, M|95\/100\n|turn|46\n|c|\u2606Skrumply|I think I lose to sneasler\n|\n|t:|1698624506\n|move|p2a: Sneasler|Dire Claw|p1a: Tras\n|-damage|p1a: Tras|0 fnt\n|faint|p1a: Tras\n|\n|-heal|p2a: Sneasler|100\/100|[from] Grassy Terrain\n|upkeep\n|\n|t:|1698624511\n|switch|p1a: Exit Wounds|Jirachi|49\/100\n|-damage|p1a: Exit Wounds|43\/100|[from] Stealth Rock\n|turn|47\n|\n|t:|1698624514\n|move|p2a: Sneasler|Close Combat|p1a: Exit Wounds\n|-damage|p1a: Exit Wounds|0 fnt\n|-unboost|p2a: Sneasler|def|1\n|-unboost|p2a: Sneasler|spd|1\n|faint|p1a: Exit Wounds\n|\n|win|chotto matte\n|c|\u2606Skrumply|GG\n|c|\u2606chotto matte|gg\n|c|\u2606Skrumply|Flame body never fucking activated\n|l|\u2606Skrumply\n|j|\u2606Skrumply\n|player|p1|Skrumply|lucy\n|l|\u2606Skrumply\n|player|p1|\n|j|\u2606Skrumply\n|player|p1|Skrumply|lucy\n|l|\u2606Skrumply\n|player|p1|\n","uploadtime":1698624527,"views":22,"p1id":"skrumply","p2id":"chottomatte","formatid":"gen9anythinggoes","rating":0,"private":0,"password":""}