{"id":"gen9anythinggoes-1983925100","p1":"boobag","p2":"Kingu01","format":"[Gen 9] Anything Goes","log":"|j|\u2606boobag\n|j|\u2606Kingu01\n|t:|1699200602\n|gametype|singles\n|player|p1|boobag|pokemaniac|\n|player|p2|Kingu01|cameraman|\n|teamsize|p1|6\n|teamsize|p2|6\n|gen|9\n|tier|[Gen 9] Anything Goes\n|rule|HP Percentage Mod: HP is shown in percentages\n|rule|Endless Battle Clause: Forcing endless battles is banned\n|clearpoke\n|poke|p1|Krookodile, F|\n|poke|p1|Gliscor, F|\n|poke|p1|Tornadus-Therian, M|\n|poke|p1|Pawmot, F|\n|poke|p1|Gengar, F|\n|poke|p1|Ludicolo, F|\n|poke|p2|Dragonite, F|\n|poke|p2|Cinderace, F|\n|poke|p2|Great Tusk|\n|poke|p2|Chi-Yu|\n|poke|p2|Veluza, F|\n|poke|p2|Sneasler, M|\n|teampreview\n|j| caligulahar\n|c|\u2606boobag|hello king\n|c|\u2606Kingu01|hello boo\n|\n|t:|1699200631\n|start\n|switch|p1a: Ghris|Gliscor, F, shiny|100\/100\n|switch|p2a: Dragonite|Dragonite, F|100\/100\n|turn|1\n|\n|t:|1699200643\n|move|p2a: Dragonite|Dragon Dance|p2a: Dragonite\n|-boost|p2a: Dragonite|atk|1\n|-boost|p2a: Dragonite|spe|1\n|move|p1a: Ghris|Spikes|p2a: Dragonite\n|-sidestart|p2: Kingu01|Spikes\n|\n|-status|p1a: Ghris|tox|[from] item: Toxic Orb\n|upkeep\n|turn|2\n|\n|t:|1699200653\n|move|p2a: Dragonite|Dragon Dance|p2a: Dragonite\n|-boost|p2a: Dragonite|atk|1\n|-boost|p2a: Dragonite|spe|1\n|move|p1a: Ghris|Toxic|p2a: Dragonite|[miss]\n|-miss|p1a: Ghris|p2a: Dragonite\n|\n|upkeep\n|turn|3\n|\n|t:|1699200660\n|move|p2a: Dragonite|Dragon Claw|p1a: Ghris\n|-damage|p1a: Ghris|48\/100 tox\n|move|p1a: Ghris|Toxic|p2a: Dragonite\n|-status|p2a: Dragonite|tox\n|\n|-damage|p2a: Dragonite|94\/100 tox|[from] psn\n|-heal|p1a: Ghris|60\/100 tox|[from] ability: Poison Heal\n|upkeep\n|turn|4\n|\n|t:|1699200671\n|move|p2a: Dragonite|Dragon Claw|p1a: Ghris\n|-damage|p1a: Ghris|3\/100 tox\n|move|p1a: Ghris|Knock Off|p2a: Dragonite\n|-damage|p2a: Dragonite|71\/100 tox\n|-enditem|p2a: Dragonite|Heavy-Duty Boots|[from] move: Knock Off|[of] p1a: Ghris\n|\n|-damage|p2a: Dragonite|59\/100 tox|[from] psn\n|-heal|p1a: Ghris|16\/100 tox|[from] ability: Poison Heal\n|upkeep\n|turn|5\n|c|\u2606Kingu01|POISON HEAL\n|c|\u2606Kingu01|HUGE\n|\n|t:|1699200680\n|move|p2a: Dragonite|Dragon Claw|p1a: Ghris\n|-damage|p1a: Ghris|0 fnt\n|faint|p1a: Ghris\n|\n|-damage|p2a: Dragonite|40\/100 tox|[from] psn\n|upkeep\n|\n|t:|1699200703\n|switch|p1a: Ludicolo|Ludicolo, F|100\/100\n|turn|6\n|c|\u2606boobag|BIG STRATS\n|\n|t:|1699200728\n|move|p2a: Dragonite|Dragon Claw|p1a: Ludicolo\n|-damage|p1a: Ludicolo|0 fnt\n|faint|p1a: Ludicolo\n|\n|-damage|p2a: Dragonite|16\/100 tox|[from] psn\n|upkeep\n|\n|t:|1699200749\n|switch|p1a: Khris|Krookodile, F|100\/100\n|turn|7\n|\n|t:|1699200765\n|move|p2a: Dragonite|Dragon Claw|p1a: Khris\n|-damage|p1a: Khris|4\/100\n|-damage|p2a: Dragonite|0 fnt|[from] item: Rocky Helmet|[of] p1a: Khris\n|faint|p2a: Dragonite\n|move|p1a: Khris|Bulk Up|p1a: Khris\n|-boost|p1a: Khris|atk|1\n|-boost|p1a: Khris|def|1\n|\n|upkeep\n|\n|t:|1699200779\n|switch|p2a: Chi-Yu|Chi-Yu|100\/100\n|-damage|p2a: Chi-Yu|88\/100|[from] Spikes\n|-ability|p2a: Chi-Yu|Beads of Ruin\n|turn|8\n|c|\u2606boobag|what pokemon even is that bro\n|c|\u2606Kingu01|just look at it\n|\n|t:|1699200817\n|move|p2a: Chi-Yu|Flamethrower|p1a: Khris\n|-damage|p1a: Khris|0 fnt\n|faint|p1a: Khris\n|\n|upkeep\n|c| caligulahar|type in \/weakness chi-yu\n|c|\u2606boobag|kind of ugly tbh\n|c|\u2606Kingu01|it's a fish it can't be harmless\n|c|\u2606Kingu01|no don't do what he said\n|c|\u2606boobag|massive\n|\n|t:|1699200845\n|switch|p1a: Phris|Pawmot, F, shiny|100\/100\n|turn|9\n|c| caligulahar|you can hover over him to see what his max speed could be\n|c|\u2606Kingu01|ginormous\n|\n|t:|1699200860\n|switch|p2a: Great Tusk|Great Tusk|100\/100\n|-damage|p2a: Great Tusk|88\/100|[from] Spikes\n|move|p1a: Phris|Mach Punch|p2a: Great Tusk\n|-damage|p2a: Great Tusk|79\/100\n|-damage|p1a: Phris|84\/100|[from] item: Rocky Helmet|[of] p2a: Great Tusk\n|\n|upkeep\n|turn|10\n|\n|t:|1699200878\n|switch|p1a: Thris|Tornadus-Therian, M|100\/100\n|move|p2a: Great Tusk|Knock Off|p1a: Thris\n|-damage|p1a: Thris|61\/100\n|-enditem|p1a: Thris|Heavy-Duty Boots|[from] move: Knock Off|[of] p2a: Great Tusk\n|\n|upkeep\n|turn|11\n|\n|t:|1699200909\n|move|p1a: Thris|Bleakwind Storm|p2a: Great Tusk\n|-supereffective|p2a: Great Tusk\n|-damage|p2a: Great Tusk|0 fnt\n|faint|p2a: Great Tusk\n|-end|p2a: Great Tusk|Protosynthesis|[silent]\n|\n|upkeep\n|\n|t:|1699200939\n|switch|p2a: Veluza|Veluza, F|100\/100\n|-damage|p2a: Veluza|88\/100|[from] Spikes\n|turn|12\n|l|\u2606Kingu01\n|player|p2|\n|j|\u2606Kingu01\n|player|p2|Kingu01|cameraman\n|c|\u2606boobag|chat?\n|inactive|Battle timer is ON: inactive players will automatically lose when time's up. (requested by Kingu01)\n|c| caligulahar|technical difficulties\n|c|\u2606Kingu01|its for u\n|c|\u2606Kingu01|gimme a sec\n|c|\u2606boobag|oh gotchu\n|inactive|Kingu01 has 270 seconds left.\n|c|\u2606boobag|should i turn on the timer\n|c|\u2606Kingu01|okay it's time\n|\n|t:|1699201106\n|move|p1a: Thris|Dark Pulse|p2a: Veluza\n|-supereffective|p2a: Veluza\n|-damage|p2a: Veluza|9\/100\n|-enditem|p2a: Veluza|Sitrus Berry|[eat]\n|-heal|p2a: Veluza|33\/100|[from] item: Sitrus Berry\n|move|p2a: Veluza|Psycho Cut|p1a: Thris\n|-damage|p1a: Thris|3\/100\n|\n|upkeep\n|turn|13\n|\n|t:|1699201123\n|switch|p2a: Chi-Yu|Chi-Yu|88\/100\n|-damage|p2a: Chi-Yu|76\/100|[from] Spikes\n|-ability|p2a: Chi-Yu|Beads of Ruin\n|move|p1a: Thris|U-turn|p2a: Chi-Yu\n|-damage|p2a: Chi-Yu|50\/100\n|\n|t:|1699201138\n|switch|p1a: Phris|Pawmot, F, shiny|84\/100|[from] U-turn\n|\n|upkeep\n|turn|14\n|\n|t:|1699201153\n|switch|p2a: Sneasler|Sneasler, M|100\/100\n|-item|p2a: Sneasler|Air Balloon\n|move|p1a: Phris|Mach Punch|p2a: Sneasler\n|-resisted|p2a: Sneasler\n|-damage|p2a: Sneasler|84\/100\n|-enditem|p2a: Sneasler|Air Balloon\n|\n|upkeep\n|turn|15\n|\n|t:|1699201167\n|move|p2a: Sneasler|Acrobatics|p1a: Phris\n|-damage|p1a: Phris|15\/100\n|move|p1a: Phris|Revival Blessing|p1a: Phris\n|-enditem|p1a: Phris|Leppa Berry|[eat]\n|-activate|p1a: Phris|item: Leppa Berry|Revival Blessing|[consumed]\n|\n|t:|1699201175\n|-heal|p1: Khris|50\/100|[from] move: Revival Blessing\n|\n|upkeep\n|turn|16\n|\n|t:|1699201179\n|move|p1a: Phris|Mach Punch|p2a: Sneasler\n|-resisted|p2a: Sneasler\n|-damage|p2a: Sneasler|68\/100\n|move|p2a: Sneasler|Swords Dance|p2a: Sneasler\n|-boost|p2a: Sneasler|atk|2\n|\n|upkeep\n|turn|17\n|\n|t:|1699201197\n|move|p1a: Phris|Mach Punch|p2a: Sneasler\n|-resisted|p2a: Sneasler\n|-damage|p2a: Sneasler|51\/100\n|move|p2a: Sneasler|Acrobatics|p1a: Phris\n|-damage|p1a: Phris|0 fnt\n|faint|p1a: Phris\n|\n|upkeep\n|\n|t:|1699201208\n|switch|p1a: Thris|Tornadus-Therian, M|36\/100\n|turn|18\n|\n|t:|1699201216\n|move|p2a: Sneasler|Acrobatics|p1a: Thris\n|-damage|p1a: Thris|0 fnt\n|faint|p1a: Thris\n|\n|upkeep\n|c|\u2606boobag|shucks\n|\n|t:|1699201222\n|switch|p1a: Genghris|Gengar, F|100\/100\n|turn|19\n|\n|t:|1699201234\n|move|p2a: Sneasler|Acrobatics|p1a: Genghris\n|-damage|p1a: Genghris|0 fnt\n|faint|p1a: Genghris\n|\n|upkeep\n|\n|t:|1699201239\n|switch|p1a: Khris|Krookodile, F|50\/100\n|turn|20\n|\n|t:|1699201243\n|move|p2a: Sneasler|Close Combat|p1a: Khris\n|-supereffective|p1a: Khris\n|-damage|p1a: Khris|0 fnt\n|-unboost|p2a: Sneasler|def|1\n|-unboost|p2a: Sneasler|spd|1\n|-damage|p2a: Sneasler|35\/100|[from] item: Rocky Helmet|[of] p1a: Khris\n|faint|p1a: Khris\n|\n|win|Kingu01\n","uploadtime":1699201252,"views":7,"p1id":"boobag","p2id":"kingu01","formatid":"gen9anythinggoes","rating":0,"private":0,"password":""}