{"id":"gen9anythinggoes-1988233986","p1":"Raymond R3ddington","p2":"imaginator05","format":"[Gen 9] Anything Goes","log":"|j|\u203dRaymond R3ddington\n|j|\u2606imaginator05\n|t:|1699690851\n|gametype|singles\n|player|p1|Raymond R3ddington|giovanni|1122\n|player|p2|imaginator05|2|1105\n|teamsize|p1|6\n|teamsize|p2|6\n|gen|9\n|tier|[Gen 9] Anything Goes\n|rated|\n|rule|HP Percentage Mod: HP is shown in percentages\n|rule|Endless Battle Clause: Forcing endless battles is banned\n|clearpoke\n|poke|p1|Forretress, F|\n|poke|p1|Meowscarada, M|\n|poke|p1|Glalie, F|\n|poke|p1|Typhlosion-Hisui, F|\n|poke|p1|Jirachi|\n|poke|p1|Golem, M|\n|poke|p2|Rotom|\n|poke|p2|Rotom-Fan|\n|poke|p2|Rotom-Frost|\n|poke|p2|Rotom-Heat|\n|poke|p2|Rotom-Mow|\n|poke|p2|Zoroark, F|\n|teampreview\n|inactive|Battle timer is ON: inactive players will automatically lose when time's up. (requested by Raymond R3ddington)\n|\n|t:|1699690868\n|start\n|switch|p1a: Golem|Golem, M|100\/100\n|switch|p2a: Rotom|Rotom|100\/100\n|turn|1\n|\n|t:|1699690877\n|move|p2a: Rotom|Volt Switch|p1a: Golem\n|-immune|p1a: Golem\n|move|p1a: Golem|Stealth Rock|p2a: Rotom\n|-sidestart|p2: imaginator05|move: Stealth Rock\n|\n|upkeep\n|turn|2\n|\n|t:|1699690889\n|switch|p2a: Rotom|Rotom-Fan|100\/100\n|move|p1a: Golem|Heavy Slam|p2a: Rotom\n|-resisted|p2a: Rotom\n|-damage|p2a: Rotom|74\/100\n|\n|upkeep\n|turn|3\n|\n|t:|1699690896\n|move|p2a: Rotom|Air Slash|p1a: Golem\n|-resisted|p1a: Golem\n|-damage|p1a: Golem|75\/100\n|cant|p1a: Golem|flinch\n|\n|upkeep\n|turn|4\n|\n|t:|1699690906\n|move|p2a: Rotom|Will-O-Wisp|p1a: Golem\n|-status|p1a: Golem|brn\n|move|p1a: Golem|Heavy Slam|p2a: Rotom\n|-resisted|p2a: Rotom\n|-damage|p2a: Rotom|60\/100\n|\n|-damage|p1a: Golem|69\/100 brn|[from] brn\n|upkeep\n|turn|5\n|\n|t:|1699690914\n|move|p2a: Rotom|Air Slash|p1a: Golem\n|-resisted|p1a: Golem\n|-damage|p1a: Golem|43\/100 brn\n|move|p1a: Golem|Heavy Slam|p2a: Rotom\n|-resisted|p2a: Rotom\n|-damage|p2a: Rotom|46\/100\n|\n|-damage|p1a: Golem|37\/100 brn|[from] brn\n|upkeep\n|turn|6\n|\n|t:|1699690921\n|move|p2a: Rotom|Air Slash|p1a: Golem\n|-resisted|p1a: Golem\n|-damage|p1a: Golem|12\/100 brn\n|move|p1a: Golem|Heavy Slam|p2a: Rotom\n|-resisted|p2a: Rotom\n|-damage|p2a: Rotom|34\/100\n|\n|-damage|p1a: Golem|6\/100 brn|[from] brn\n|upkeep\n|turn|7\n|-enditem|p1a: Golem|Custap Berry|[eat]\n|-activate|p1a: Golem|item: Custap Berry|[consumed]\n|\n|t:|1699690928\n|move|p1a: Golem|Explosion|p2a: Rotom\n|-damage|p2a: Rotom|0 fnt\n|faint|p1a: Golem\n|faint|p2a: Rotom\n|\n|upkeep\n|\n|t:|1699690941\n|switch|p2a: Rotom|Rotom|100\/100\n|switch|p1a: Meowscarada|Meowscarada, M|100\/100\n|-damage|p2a: Rotom|88\/100|[from] Stealth Rock\n|turn|8\n|\n|t:|1699690950\n|move|p2a: Rotom|Shadow Ball|p1a: Meowscarada\n|-resisted|p1a: Meowscarada\n|-damage|p1a: Meowscarada|75\/100\n|-unboost|p1a: Meowscarada|spd|1\n|move|p1a: Meowscarada|Toxic Spikes|p2a: Rotom\n|-start|p1a: Meowscarada|typechange|Poison|[from] ability: Protean\n|-sidestart|p2: imaginator05|move: Toxic Spikes\n|\n|upkeep\n|turn|9\n|\n|t:|1699690967\n|switch|p2a: Rotom|Rotom-Frost|100\/100\n|move|p1a: Meowscarada|Petal Blizzard|p2a: Rotom\n|-damage|p2a: Rotom|63\/100\n|\n|upkeep\n|turn|10\n|\n|t:|1699690980\n|move|p1a: Meowscarada|Foul Play|p2a: Rotom\n|-damage|p2a: Rotom|41\/100\n|move|p2a: Rotom|Thunderbolt|p1a: Meowscarada\n|-damage|p1a: Meowscarada|0 fnt\n|faint|p1a: Meowscarada\n|\n|upkeep\n|\n|t:|1699690993\n|switch|p1a: Jirachi|Jirachi|100\/100\n|turn|11\n|\n|t:|1699691004\n|move|p1a: Jirachi|Iron Head|p2a: Rotom\n|-crit|p2a: Rotom\n|-damage|p2a: Rotom|0 fnt\n|faint|p2a: Rotom\n|\n|upkeep\n|\n|t:|1699691011\n|switch|p2a: Rotom|Rotom-Heat|100\/100\n|turn|12\n|\n|t:|1699691017\n|move|p1a: Jirachi|Iron Head|p2a: Rotom\n|-resisted|p2a: Rotom\n|-damage|p2a: Rotom|92\/100\n|move|p2a: Rotom|Volt Switch|p1a: Jirachi\n|-damage|p1a: Jirachi|70\/100\n|\n|t:|1699691039\n|switch|p2a: Rotom|Rotom|100\/100|[from] Volt Switch\n|-damage|p2a: Rotom|88\/100|[from] Stealth Rock\n|-status|p2a: Rotom|psn\n|\n|-heal|p1a: Jirachi|76\/100|[from] item: Leftovers\n|-damage|p2a: Rotom|76\/100 psn|[from] psn\n|upkeep\n|turn|13\n|\n|t:|1699691055\n|move|p2a: Rotom|Shadow Ball|p1a: Jirachi\n|-supereffective|p1a: Jirachi\n|-damage|p1a: Jirachi|16\/100\n|-unboost|p1a: Jirachi|spd|1\n|move|p1a: Jirachi|Iron Head|p2a: Rotom\n|-damage|p2a: Rotom|9\/100 psn\n|replace|p2a: Zoroark|Zoroark, F\n|-end|p2a: Zoroark|Illusion\n|\n|-heal|p1a: Jirachi|22\/100|[from] item: Leftovers\n|-damage|p2a: Zoroark|0 fnt|[from] psn\n|faint|p2a: Zoroark\n|upkeep\n|inactive|imaginator05 has 120 seconds left.\n|\n|t:|1699691072\n|switch|p2a: Rotom|Rotom-Heat|92\/100\n|turn|14\n|\n|t:|1699691077\n|move|p1a: Jirachi|Iron Head|p2a: Rotom\n|-resisted|p2a: Rotom\n|-damage|p2a: Rotom|84\/100\n|cant|p2a: Rotom|flinch\n|\n|-heal|p1a: Jirachi|28\/100|[from] item: Leftovers\n|upkeep\n|turn|15\n|\n|t:|1699691087\n|move|p1a: Jirachi|Iron Head|p2a: Rotom\n|-resisted|p2a: Rotom\n|-damage|p2a: Rotom|76\/100\n|move|p2a: Rotom|Volt Switch|p1a: Jirachi\n|-damage|p1a: Jirachi|0 fnt\n|faint|p1a: Jirachi\n|\n|t:|1699691096\n|switch|p2a: Rotom|Rotom|88\/100|[from] Volt Switch\n|-damage|p2a: Rotom|76\/100|[from] Stealth Rock\n|\n|upkeep\n|\n|t:|1699691106\n|switch|p1a: Glalie|Glalie, F|100\/100\n|turn|16\n|\n|t:|1699691113\n|move|p1a: Glalie|Protect|p1a: Glalie\n|-singleturn|p1a: Glalie|Protect\n|move|p2a: Rotom|Thunderbolt|p1a: Glalie\n|-activate|p1a: Glalie|move: Protect\n|\n|-ability|p1a: Glalie|Moody|boost\n|-boost|p1a: Glalie|spa|2\n|-unboost|p1a: Glalie|spe|1\n|upkeep\n|turn|17\n|\n|t:|1699691122\n|switch|p2a: Rotom|Rotom-Heat|76\/100\n|move|p1a: Glalie|Frost Breath|p2a: Rotom\n|-resisted|p2a: Rotom\n|-crit|p2a: Rotom\n|-damage|p2a: Rotom|45\/100\n|\n|-ability|p1a: Glalie|Moody|boost\n|-boost|p1a: Glalie|spe|2\n|-unboost|p1a: Glalie|atk|1\n|upkeep\n|turn|18\n|\n|t:|1699691132\n|move|p1a: Glalie|Protect|p1a: Glalie\n|-singleturn|p1a: Glalie|Protect\n|move|p2a: Rotom|Overheat|p1a: Glalie\n|-activate|p1a: Glalie|move: Protect\n|\n|-ability|p1a: Glalie|Moody|boost\n|-boost|p1a: Glalie|spd|2\n|-unboost|p1a: Glalie|spe|1\n|upkeep\n|turn|19\n|\n|t:|1699691140\n|move|p2a: Rotom|Nasty Plot|p2a: Rotom\n|-boost|p2a: Rotom|spa|2\n|move|p1a: Glalie|Frost Breath|p2a: Rotom\n|-resisted|p2a: Rotom\n|-crit|p2a: Rotom\n|-damage|p2a: Rotom|16\/100\n|\n|-ability|p1a: Glalie|Moody|boost\n|-boost|p1a: Glalie|atk|2\n|-unboost|p1a: Glalie|def|1\n|upkeep\n|turn|20\n|\n|t:|1699691153\n|move|p1a: Glalie|Protect|p1a: Glalie\n|-singleturn|p1a: Glalie|Protect\n|move|p2a: Rotom|Will-O-Wisp|p1a: Glalie\n|-activate|p1a: Glalie|move: Protect\n|\n|-ability|p1a: Glalie|Moody|boost\n|-boost|p1a: Glalie|atk|2\n|-unboost|p1a: Glalie|spe|1\n|upkeep\n|turn|21\n|\n|t:|1699691162\n|move|p2a: Rotom|Overheat|p1a: Glalie\n|-supereffective|p1a: Glalie\n|-damage|p1a: Glalie|0 fnt\n|-unboost|p2a: Rotom|spa|2\n|faint|p1a: Glalie\n|\n|upkeep\n|\n|t:|1699691168\n|switch|p1a: Forretress|Forretress, F|100\/100\n|turn|22\n|\n|t:|1699691176\n|move|p2a: Rotom|Overheat|p1a: Forretress\n|-supereffective|p1a: Forretress\n|-ability|p1a: Forretress|Sturdy\n|-damage|p1a: Forretress|1\/100\n|-unboost|p2a: Rotom|spa|2\n|move|p1a: Forretress|Body Press|p2a: Rotom\n|-crit|p2a: Rotom\n|-damage|p2a: Rotom|0 fnt\n|faint|p2a: Rotom\n|\n|upkeep\n|\n|t:|1699691188\n|switch|p2a: Rotom|Rotom-Mow|100\/100\n|-damage|p2a: Rotom|88\/100|[from] Stealth Rock\n|turn|23\n|-enditem|p1a: Forretress|Custap Berry|[eat]\n|-activate|p1a: Forretress|item: Custap Berry|[consumed]\n|\n|t:|1699691199\n|move|p1a: Forretress|Explosion|p2a: Rotom\n|-damage|p2a: Rotom|17\/100\n|faint|p1a: Forretress\n|move|p2a: Rotom|Discharge|p1: Forretress|[notarget]\n|-fail|p2a: Rotom\n|\n|-heal|p2a: Rotom|23\/100|[from] item: Leftovers\n|upkeep\n|\n|t:|1699691203\n|switch|p1a: Typhlosion|Typhlosion-Hisui, F, shiny|100\/100\n|turn|24\n|\n|t:|1699691215\n|move|p1a: Typhlosion|Extrasensory|p2a: Rotom\n|-damage|p2a: Rotom|0 fnt\n|faint|p2a: Rotom\n|\n|upkeep\n|\n|t:|1699691220\n|switch|p2a: Rotom|Rotom|76\/100\n|-damage|p2a: Rotom|63\/100|[from] Stealth Rock\n|turn|25\n|\n|t:|1699691231\n|-terastallize|p1a: Typhlosion|Normal\n|move|p2a: Rotom|Trick|p1a: Typhlosion\n|-activate|p2a: Rotom|move: Trick|[of] p1a: Typhlosion\n|-item|p1a: Typhlosion|Choice Scarf|[from] move: Trick\n|-item|p2a: Rotom|Blunder Policy|[from] move: Trick\n|move|p1a: Typhlosion|Will-O-Wisp|p2a: Rotom\n|-status|p2a: Rotom|brn\n|\n|-damage|p2a: Rotom|57\/100 brn|[from] brn\n|upkeep\n|turn|26\n|\n|t:|1699691241\n|move|p1a: Typhlosion|Will-O-Wisp|p2a: Rotom\n|-fail|p2a: Rotom|brn\n|move|p2a: Rotom|Shadow Ball|p1a: Typhlosion\n|-immune|p1a: Typhlosion\n|\n|-damage|p2a: Rotom|51\/100 brn|[from] brn\n|upkeep\n|turn|27\n|\n|t:|1699691252\n|move|p1a: Typhlosion|Will-O-Wisp|p2a: Rotom\n|-fail|p2a: Rotom|brn\n|move|p2a: Rotom|Thunderbolt|p1a: Typhlosion\n|-damage|p1a: Typhlosion|53\/100\n|\n|-damage|p2a: Rotom|44\/100 brn|[from] brn\n|upkeep\n|turn|28\n|\n|t:|1699691260\n|move|p1a: Typhlosion|Will-O-Wisp|p2a: Rotom\n|-fail|p2a: Rotom|brn\n|move|p2a: Rotom|Thunderbolt|p1a: Typhlosion\n|-damage|p1a: Typhlosion|0 fnt\n|faint|p1a: Typhlosion\n|\n|win|imaginator05\n|raw|Raymond R3ddington's rating: 1122 &rarr; <strong>1096<\/strong><br \/>(-26 for losing)\n|raw|imaginator05's rating: 1105 &rarr; <strong>1131<\/strong><br \/>(+26 for winning)\n|c|\u2606imaginator05|gg\n","uploadtime":1699691284,"views":6,"p1id":"raymondr3ddington","p2id":"imaginator05","formatid":"gen9anythinggoes","rating":1096,"private":0,"password":""}