{"id":"gen9anythinggoes-1972520730","p1":"PhotosFromJames","p2":"MemeMimicks","format":"[Gen 9] Anything Goes","log":"|j|\u2606PhotosFromJames\n|j|\u2606MemeMimicks\n|t:|1697852345\n|gametype|singles\n|player|p1|PhotosFromJames|266|1338\n|player|p2|MemeMimicks|emmet|1296\n|teamsize|p1|6\n|teamsize|p2|6\n|gen|9\n|tier|[Gen 9] Anything Goes\n|rated|\n|rule|HP Percentage Mod: HP is shown in percentages\n|rule|Endless Battle Clause: Forcing endless battles is banned\n|clearpoke\n|poke|p1|Glimmora, M|\n|poke|p1|Iron Bundle|\n|poke|p1|Arboliva, F|\n|poke|p1|Garganacl, M|\n|poke|p1|Samurott-Hisui, M|\n|poke|p1|Grimmsnarl, M|\n|poke|p2|Cyclizar, M|\n|poke|p2|Annihilape, M|\n|poke|p2|Staraptor, M|\n|poke|p2|Calyrex-Shadow|\n|poke|p2|Ogerpon-Hearthflame, F|\n|poke|p2|Ursaluna-Bloodmoon, M|\n|teampreview\n|\n|t:|1697852364\n|start\n|switch|p1a: Glimmora|Glimmora, M|100\/100\n|switch|p2a: Annihilape|Annihilape, M|100\/100\n|turn|1\n|\n|t:|1697852370\n|move|p2a: Annihilape|Final Gambit|p1a: Glimmora\n|-damage|p1a: Glimmora|0 fnt\n|faint|p2a: Annihilape\n|faint|p1a: Glimmora\n|\n|upkeep\n|\n|t:|1697852376\n|switch|p2a: Staraptor|Staraptor, M|100\/100\n|switch|p1a: Samurott|Samurott-Hisui, M|100\/100\n|-ability|p2a: Staraptor|Intimidate|boost\n|-unboost|p1a: Samurott|atk|1\n|turn|2\n|\n|t:|1697852383\n|move|p2a: Staraptor|U-turn|p1a: Samurott\n|-supereffective|p1a: Samurott\n|-damage|p1a: Samurott|59\/100\n|\n|t:|1697852389\n|switch|p2a: Cyclizar|Cyclizar, M|100\/100|[from] U-turn\n|move|p1a: Samurott|Ceaseless Edge|p2a: Cyclizar\n|-damage|p2a: Cyclizar|57\/100\n|-sidestart|p2: MemeMimicks|Spikes\n|\n|-heal|p2a: Cyclizar|63\/100|[from] item: Leftovers\n|upkeep\n|turn|3\n|\n|t:|1697852398\n|move|p2a: Cyclizar|Protect|p2a: Cyclizar\n|-singleturn|p2a: Cyclizar|Protect\n|move|p1a: Samurott|Ceaseless Edge|p2a: Cyclizar\n|-activate|p2a: Cyclizar|move: Protect\n|\n|-heal|p2a: Cyclizar|69\/100|[from] item: Leftovers\n|upkeep\n|turn|4\n|\n|t:|1697852405\n|move|p2a: Cyclizar|Rapid Spin|p1a: Samurott\n|-damage|p1a: Samurott|41\/100\n|-boost|p2a: Cyclizar|spe|1\n|-sideend|p2: MemeMimicks|Spikes|[from] move: Rapid Spin|[of] p2a: Cyclizar\n|move|p1a: Samurott|Ceaseless Edge|p2a: Cyclizar\n|-damage|p2a: Cyclizar|21\/100\n|-sidestart|p2: MemeMimicks|Spikes\n|\n|-heal|p2a: Cyclizar|27\/100|[from] item: Leftovers\n|upkeep\n|turn|5\n|\n|t:|1697852416\n|switch|p2a: Staraptor|Staraptor, M|100\/100\n|-ability|p2a: Staraptor|Intimidate|boost\n|-unboost|p1a: Samurott|atk|1\n|move|p1a: Samurott|Ceaseless Edge|p2a: Staraptor\n|-damage|p2a: Staraptor|69\/100\n|-sidestart|p2: MemeMimicks|Spikes\n|\n|upkeep\n|turn|6\n|\n|t:|1697852428\n|switch|p1a: Garganacl|Garganacl, M|100\/100\n|move|p2a: Staraptor|U-turn|p1a: Garganacl\n|-damage|p1a: Garganacl|89\/100\n|\n|t:|1697852433\n|switch|p2a: Cyclizar|Cyclizar, M|60\/100|[from] U-turn\n|-damage|p2a: Cyclizar|43\/100|[from] Spikes\n|\n|-heal|p2a: Cyclizar|49\/100|[from] item: Leftovers\n|upkeep\n|turn|7\n|\n|t:|1697852452\n|-terastallize|p1a: Garganacl|Ghost\n|move|p2a: Cyclizar|Protect|p2a: Cyclizar\n|-singleturn|p2a: Cyclizar|Protect\n|move|p1a: Garganacl|Salt Cure|p2a: Cyclizar\n|-activate|p2a: Cyclizar|move: Protect\n|\n|-heal|p2a: Cyclizar|55\/100|[from] item: Leftovers\n|upkeep\n|turn|8\n|\n|t:|1697852463\n|move|p1a: Garganacl|Salt Cure|p2a: Cyclizar\n|-damage|p2a: Cyclizar|30\/100\n|-start|p2a: Cyclizar|Salt Cure\n|move|p2a: Cyclizar|Dragon Tail|p1a: Garganacl\n|-damage|p1a: Garganacl|78\/100\n|drag|p1a: Iron Bundle|Iron Bundle|100\/100\n|-enditem|p1a: Iron Bundle|Booster Energy\n|-activate|p1a: Iron Bundle|ability: Quark Drive|[fromitem]\n|-start|p1a: Iron Bundle|quarkdrivespa\n|\n|-heal|p2a: Cyclizar|36\/100|[from] item: Leftovers\n|-damage|p2a: Cyclizar|24\/100|[from] Salt Cure\n|upkeep\n|turn|9\n|\n|t:|1697852482\n|move|p2a: Cyclizar|Protect|p2a: Cyclizar\n|-singleturn|p2a: Cyclizar|Protect\n|move|p1a: Iron Bundle|Icy Wind|p2a: Cyclizar\n|-activate|p2a: Cyclizar|move: Protect\n|\n|-heal|p2a: Cyclizar|30\/100|[from] item: Leftovers\n|-damage|p2a: Cyclizar|17\/100|[from] Salt Cure\n|upkeep\n|turn|10\n|\n|t:|1697852491\n|move|p2a: Cyclizar|Rapid Spin|p1a: Iron Bundle\n|-damage|p1a: Iron Bundle|81\/100\n|-boost|p2a: Cyclizar|spe|1\n|-sideend|p2: MemeMimicks|Spikes|[from] move: Rapid Spin|[of] p2a: Cyclizar\n|move|p1a: Iron Bundle|Icy Wind|p2a: Cyclizar\n|-supereffective|p2a: Cyclizar\n|-damage|p2a: Cyclizar|0 fnt\n|faint|p2a: Cyclizar\n|\n|upkeep\n|\n|t:|1697852500\n|switch|p2a: Ogerpon|Ogerpon-Hearthflame, F|100\/100\n|-ability|p2a: Ogerpon|Mold Breaker\n|turn|11\n|\n|t:|1697852523\n|move|p1a: Iron Bundle|Icy Wind|p2a: Ogerpon\n|-damage|p2a: Ogerpon|52\/100\n|-unboost|p2a: Ogerpon|spe|1\n|move|p2a: Ogerpon|Horn Leech|p1a: Iron Bundle\n|-supereffective|p1a: Iron Bundle\n|-damage|p1a: Iron Bundle|0 fnt\n|-heal|p2a: Ogerpon|87\/100|[from] drain|[of] p1a: Iron Bundle\n|faint|p1a: Iron Bundle\n|-end|p1a: Iron Bundle|Quark Drive|[silent]\n|\n|upkeep\n|\n|t:|1697852536\n|switch|p1a: Samurott|Samurott-Hisui, M|41\/100\n|turn|12\n|\n|t:|1697852543\n|switch|p2a: Staraptor|Staraptor, M|69\/100\n|-ability|p2a: Staraptor|Intimidate|boost\n|-unboost|p1a: Samurott|atk|1\n|move|p1a: Samurott|Ceaseless Edge|p2a: Staraptor\n|-damage|p2a: Staraptor|32\/100\n|-sidestart|p2: MemeMimicks|Spikes\n|\n|upkeep\n|turn|13\n|\n|t:|1697852553\n|move|p2a: Staraptor|U-turn|p1a: Samurott\n|-supereffective|p1a: Samurott\n|-damage|p1a: Samurott|1\/100\n|\n|t:|1697852558\n|switch|p2a: Ursaluna|Ursaluna-Bloodmoon, M|100\/100|[from] U-turn\n|move|p1a: Samurott|Ceaseless Edge|p2a: Ursaluna\n|-damage|p2a: Ursaluna|78\/100\n|-sidestart|p2: MemeMimicks|Spikes\n|\n|upkeep\n|turn|14\n|\n|t:|1697852573\n|-terastallize|p2a: Ursaluna|Poison\n|move|p1a: Samurott|Razor Shell|p2a: Ursaluna\n|-damage|p2a: Ursaluna|52\/100\n|move|p2a: Ursaluna|Calm Mind|p2a: Ursaluna\n|-boost|p2a: Ursaluna|spa|1\n|-boost|p2a: Ursaluna|spd|1\n|\n|upkeep\n|turn|15\n|\n|t:|1697852581\n|move|p1a: Samurott|Drill Run|p2a: Ursaluna\n|-supereffective|p2a: Ursaluna\n|-damage|p2a: Ursaluna|29\/100\n|move|p2a: Ursaluna|Moonlight|p2a: Ursaluna\n|-heal|p2a: Ursaluna|79\/100\n|\n|upkeep\n|turn|16\n|\n|t:|1697852588\n|move|p1a: Samurott|Drill Run|p2a: Ursaluna\n|-supereffective|p2a: Ursaluna\n|-damage|p2a: Ursaluna|55\/100\n|move|p2a: Ursaluna|Calm Mind|p2a: Ursaluna\n|-boost|p2a: Ursaluna|spa|1\n|-boost|p2a: Ursaluna|spd|1\n|\n|upkeep\n|turn|17\n|\n|t:|1697852594\n|move|p1a: Samurott|Drill Run|p2a: Ursaluna|[miss]\n|-miss|p1a: Samurott|p2a: Ursaluna\n|move|p2a: Ursaluna|Moonlight|p2a: Ursaluna\n|-heal|p2a: Ursaluna|100\/100\n|\n|upkeep\n|turn|18\n|\n|t:|1697852600\n|move|p1a: Samurott|Drill Run|p2a: Ursaluna\n|-supereffective|p2a: Ursaluna\n|-damage|p2a: Ursaluna|75\/100\n|move|p2a: Ursaluna|Calm Mind|p2a: Ursaluna\n|-boost|p2a: Ursaluna|spa|1\n|-boost|p2a: Ursaluna|spd|1\n|\n|upkeep\n|turn|19\n|\n|t:|1697852606\n|move|p1a: Samurott|Drill Run|p2a: Ursaluna\n|-supereffective|p2a: Ursaluna\n|-damage|p2a: Ursaluna|52\/100\n|move|p2a: Ursaluna|Moonlight|p2a: Ursaluna\n|-heal|p2a: Ursaluna|100\/100\n|\n|upkeep\n|turn|20\n|\n|t:|1697852612\n|move|p1a: Samurott|Drill Run|p2a: Ursaluna\n|-supereffective|p2a: Ursaluna\n|-damage|p2a: Ursaluna|76\/100\n|move|p2a: Ursaluna|Hyper Voice|p1a: Samurott\n|-crit|p1a: Samurott\n|-damage|p1a: Samurott|0 fnt\n|faint|p1a: Samurott\n|\n|upkeep\n|\n|t:|1697852634\n|switch|p1a: Grimmsnarl|Grimmsnarl, M|100\/100\n|turn|21\n|\n|t:|1697852652\n|move|p1a: Grimmsnarl|Thunder Wave|p2a: Ursaluna\n|-status|p2a: Ursaluna|par\n|move|p2a: Ursaluna|Blood Moon|p1a: Grimmsnarl\n|-damage|p1a: Grimmsnarl|0 fnt\n|faint|p1a: Grimmsnarl\n|\n|upkeep\n|\n|t:|1697852683\n|switch|p1a: Garganacl|Garganacl, M, tera:Ghost|78\/100\n|turn|22\n|\n|t:|1697852688\n|move|p1a: Garganacl|Salt Cure|p2a: Ursaluna\n|-damage|p2a: Ursaluna|63\/100 par\n|-start|p2a: Ursaluna|Salt Cure\n|move|p2a: Ursaluna|Hyper Voice|p1a: Garganacl\n|-damage|p1a: Garganacl|0 fnt\n|faint|p1a: Garganacl\n|\n|-damage|p2a: Ursaluna|51\/100 par|[from] Salt Cure\n|upkeep\n|\n|t:|1697852701\n|switch|p1a: Arboliva|Arboliva, F|100\/100\n|turn|23\n|\n|t:|1697852706\n|move|p1a: Arboliva|Substitute|p1a: Arboliva\n|-start|p1a: Arboliva|Substitute\n|-damage|p1a: Arboliva|76\/100\n|move|p2a: Ursaluna|Blood Moon|p1a: Arboliva\n|-end|p1a: Arboliva|Substitute\n|\n|-damage|p2a: Ursaluna|39\/100 par|[from] Salt Cure\n|upkeep\n|turn|24\n|\n|t:|1697852714\n|move|p1a: Arboliva|Leech Seed|p2a: Ursaluna\n|-start|p2a: Ursaluna|move: Leech Seed\n|move|p2a: Ursaluna|Hyper Voice|p1a: Arboliva\n|-damage|p1a: Arboliva|0 fnt\n|faint|p1a: Arboliva\n|\n|win|MemeMimicks\n|raw|PhotosFromJames's rating: 1338 &rarr; <strong>1316<\/strong><br \/>(-22 for losing)\n|raw|MemeMimicks's rating: 1296 &rarr; <strong>1324<\/strong><br \/>(+28 for winning)\n|l|\u2606PhotosFromJames\n|c|\u2606MemeMimicks|gg\n","uploadtime":1697852728,"views":7,"p1id":"photosfromjames","p2id":"mememimicks","formatid":"gen9anythinggoes","rating":1316,"private":0,"password":""}