{"id":"gen9anythinggoes-1987291774","p1":"Gooooper","p2":"Puigson","format":"[Gen 9] Anything Goes","log":"|j|\u2606Gooooper\n|j|\u2606Puigson\n|t:|1699573898\n|gametype|singles\n|player|p1|Gooooper|evelyn|1500\n|player|p2|Puigson|steven|1799\n|teamsize|p1|6\n|teamsize|p2|6\n|gen|9\n|tier|[Gen 9] Anything Goes\n|rated|\n|rule|HP Percentage Mod: HP is shown in percentages\n|rule|Endless Battle Clause: Forcing endless battles is banned\n|clearpoke\n|poke|p1|Ditto|\n|poke|p1|Wooper-Paldea, M|\n|poke|p1|Clodsire, M|\n|poke|p1|Arceus|\n|poke|p1|Eternatus|\n|poke|p1|Calyrex-Shadow|\n|poke|p2|Calyrex-Shadow|\n|poke|p2|Koraidon|\n|poke|p2|Arceus|\n|poke|p2|Arceus-Fairy|\n|poke|p2|Toxapex, F|\n|poke|p2|Ting-Lu|\n|teampreview\n|inactive|Battle timer is ON: inactive players will automatically lose when time's up. (requested by Puigson)\n|inactive|Gooooper has 120 seconds left.\n|inactive|Gooooper has 90 seconds left.\n|\n|t:|1699573965\n|start\n|switch|p1a: Gooper|Wooper-Paldea, M, shiny|100\/100\n|switch|p2a: Ting-Lu|Ting-Lu|100\/100\n|-ability|p2a: Ting-Lu|Vessel of Ruin\n|turn|1\n|\n|t:|1699573977\n|move|p2a: Ting-Lu|Spikes|p1a: Gooper\n|-sidestart|p1: Gooooper|Spikes\n|move|p1a: Gooper|Spikes|p2a: Ting-Lu\n|-sidestart|p2: Puigson|Spikes\n|\n|upkeep\n|turn|2\n|\n|t:|1699573981\n|move|p2a: Ting-Lu|Spikes|p1a: Gooper\n|-sidestart|p1: Gooooper|Spikes\n|move|p1a: Gooper|Spikes|p2a: Ting-Lu\n|-sidestart|p2: Puigson|Spikes\n|\n|upkeep\n|turn|3\n|\n|t:|1699573986\n|move|p2a: Ting-Lu|Spikes|p1a: Gooper\n|-sidestart|p1: Gooooper|Spikes\n|move|p1a: Gooper|Spikes|p2a: Ting-Lu\n|-sidestart|p2: Puigson|Spikes\n|\n|upkeep\n|turn|4\n|\n|t:|1699573991\n|move|p1a: Gooper|Yawn|p2a: Ting-Lu\n|-start|p2a: Ting-Lu|move: Yawn|[of] p1a: Gooper\n|move|p2a: Ting-Lu|Whirlwind|p1a: Gooper\n|drag|p1a: Death|Calyrex-Shadow|100\/100\n|-ability|p1a: Death|As One\n|-ability|p1a: Death|Unnerve\n|-damage|p1a: Death|76\/100|[from] Spikes\n|\n|upkeep\n|turn|5\n|\n|t:|1699574003\n|move|p1a: Death|Pollen Puff|p2a: Ting-Lu\n|-supereffective|p2a: Ting-Lu\n|-damage|p2a: Ting-Lu|68\/100\n|move|p2a: Ting-Lu|Earthquake|p1a: Death\n|-damage|p1a: Death|31\/100\n|\n|-heal|p2a: Ting-Lu|74\/100|[from] item: Leftovers\n|-end|p2a: Ting-Lu|move: Yawn|[silent]\n|-status|p2a: Ting-Lu|slp\n|upkeep\n|turn|6\n|\n|t:|1699574014\n|move|p1a: Death|Nasty Plot|p1a: Death\n|-boost|p1a: Death|spa|2\n|cant|p2a: Ting-Lu|slp\n|\n|-heal|p2a: Ting-Lu|80\/100 slp|[from] item: Leftovers\n|upkeep\n|turn|7\n|\n|t:|1699574021\n|move|p1a: Death|Pollen Puff|p2a: Ting-Lu\n|-supereffective|p2a: Ting-Lu\n|-damage|p2a: Ting-Lu|17\/100 slp\n|-curestatus|p2a: Ting-Lu|slp|[msg]\n|move|p2a: Ting-Lu|Earthquake|p1a: Death\n|-damage|p1a: Death|0 fnt\n|faint|p1a: Death\n|\n|-heal|p2a: Ting-Lu|23\/100|[from] item: Leftovers\n|upkeep\n|\n|t:|1699574036\n|switch|p1a: Le Grapin|Eternatus, shiny|100\/100\n|-damage|p1a: Le Grapin|76\/100|[from] Spikes\n|-ability|p1a: Le Grapin|Pressure\n|turn|8\n|\n|t:|1699574043\n|move|p1a: Le Grapin|Dynamax Cannon|p2a: Ting-Lu\n|-damage|p2a: Ting-Lu|0 fnt\n|faint|p2a: Ting-Lu\n|\n|-heal|p1a: Le Grapin|82\/100|[from] item: Leftovers\n|upkeep\n|\n|t:|1699574045\n|switch|p2a: Koraidon|Koraidon|100\/100\n|-damage|p2a: Koraidon|76\/100|[from] Spikes\n|-weather|SunnyDay|[from] ability: Orichalcum Pulse|[of] p2a: Koraidon\n|-activate|p2a: Koraidon|Orichalcum Pulse|[source]\n|turn|9\n|\n|t:|1699574054\n|-terastallize|p1a: Le Grapin|Fairy\n|move|p2a: Koraidon|Scale Shot|p1a: Le Grapin\n|-immune|p1a: Le Grapin\n|move|p1a: Le Grapin|Dynamax Cannon|p2a: Koraidon\n|-supereffective|p2a: Koraidon\n|-damage|p2a: Koraidon|0 fnt\n|faint|p2a: Koraidon\n|\n|-weather|SunnyDay|[upkeep]\n|-heal|p1a: Le Grapin|88\/100|[from] item: Leftovers\n|upkeep\n|\n|t:|1699574060\n|switch|p2a: Toxapex|Toxapex, F|100\/100\n|-damage|p2a: Toxapex|76\/100|[from] Spikes\n|turn|10\n|\n|t:|1699574069\n|switch|p1a: Gooper|Wooper-Paldea, M, shiny|100\/100\n|-damage|p1a: Gooper|76\/100|[from] Spikes\n|move|p2a: Toxapex|Toxic|p1a: Gooper\n|-immune|p1a: Gooper\n|\n|-weather|SunnyDay|[upkeep]\n|upkeep\n|turn|11\n|\n|t:|1699574077\n|move|p2a: Toxapex|Chilling Water|p1a: Gooper\n|-heal|p1a: Gooper|100\/100|[from] ability: Water Absorb|[of] p2a: Toxapex\n|move|p1a: Gooper|Toxic Spikes|p2a: Toxapex\n|-sidestart|p2: Puigson|move: Toxic Spikes\n|\n|-weather|SunnyDay|[upkeep]\n|upkeep\n|turn|12\n|\n|t:|1699574087\n|switch|p2a: Arceus|Arceus-Fairy|100\/100\n|-damage|p2a: Arceus|76\/100|[from] Spikes\n|-status|p2a: Arceus|psn\n|move|p1a: Gooper|Toxic Spikes|p2a: Arceus\n|-sidestart|p2: Puigson|move: Toxic Spikes\n|\n|-weather|SunnyDay|[upkeep]\n|-damage|p2a: Arceus|63\/100 psn|[from] psn\n|upkeep\n|turn|13\n|\n|t:|1699574100\n|move|p2a: Arceus|Judgment|p1a: Gooper\n|-resisted|p1a: Gooper\n|-crit|p1a: Gooper\n|-damage|p1a: Gooper|56\/100\n|move|p1a: Gooper|Recover|p1a: Gooper\n|-heal|p1a: Gooper|100\/100\n|\n|-weather|none\n|-damage|p2a: Arceus|51\/100 psn|[from] psn\n|upkeep\n|turn|14\n|\n|t:|1699574110\n|switch|p2a: Toxapex|Toxapex, F|100\/100\n|-damage|p2a: Toxapex|76\/100|[from] Spikes\n|-sideend|p2: Puigson|move: Toxic Spikes|[of] p2a: Toxapex\n|move|p1a: Gooper|Recover||[still]\n|-fail|p1a: Gooper|heal\n|\n|upkeep\n|turn|15\n|\n|t:|1699574118\n|switch|p2a: Arceus|Arceus|100\/100\n|-damage|p2a: Arceus|76\/100|[from] Spikes\n|move|p1a: Gooper|Toxic Spikes|p2a: Arceus\n|-sidestart|p2: Puigson|move: Toxic Spikes\n|\n|upkeep\n|turn|16\n|\n|t:|1699574124\n|move|p2a: Arceus|Extreme Speed|p1a: Gooper\n|-damage|p1a: Gooper|36\/100\n|-damage|p2a: Arceus|66\/100|[from] item: Life Orb\n|move|p1a: Gooper|Yawn|p2a: Arceus\n|-start|p2a: Arceus|move: Yawn|[of] p1a: Gooper\n|\n|upkeep\n|turn|17\n|\n|t:|1699574132\n|move|p2a: Arceus|Extreme Speed|p1a: Gooper\n|-damage|p1a: Gooper|0 fnt\n|faint|p1a: Gooper\n|-damage|p2a: Arceus|56\/100|[from] item: Life Orb\n|\n|-end|p2a: Arceus|move: Yawn|[silent]\n|-status|p2a: Arceus|slp\n|upkeep\n|\n|t:|1699574143\n|switch|p1a: Clod|Clodsire, M, shiny|100\/100\n|-damage|p1a: Clod|75\/100|[from] Spikes\n|turn|18\n|\n|t:|1699574147\n|cant|p2a: Arceus|slp\n|move|p1a: Clod|Stealth Rock|p2a: Arceus\n|-sidestart|p2: Puigson|move: Stealth Rock\n|\n|-heal|p1a: Clod|82\/100|[from] item: Leftovers\n|upkeep\n|turn|19\n|\n|t:|1699574153\n|-curestatus|p2a: Arceus|slp|[msg]\n|move|p2a: Arceus|Extreme Speed|p1a: Clod\n|-damage|p1a: Clod|44\/100\n|-damage|p2a: Arceus|46\/100|[from] item: Life Orb\n|move|p1a: Clod|Recover|p1a: Clod\n|-heal|p1a: Clod|94\/100\n|\n|-heal|p1a: Clod|99\/100|[from] item: Leftovers\n|upkeep\n|turn|20\n|\n|t:|1699574168\n|move|p2a: Arceus|Recover|p2a: Arceus\n|-heal|p2a: Arceus|96\/100\n|move|p1a: Clod|Yawn|p2a: Arceus\n|-start|p2a: Arceus|move: Yawn|[of] p1a: Clod\n|\n|-heal|p1a: Clod|100\/100|[from] item: Leftovers\n|upkeep\n|turn|21\n|\n|t:|1699574176\n|switch|p2a: Arceus|Arceus-Fairy|51\/100 psn\n|-damage|p2a: Arceus|26\/100 psn|[from] Spikes\n|-damage|p2a: Arceus|14\/100 psn|[from] Stealth Rock\n|move|p1a: Clod|Yawn||[still]\n|-fail|p1a: Clod\n|\n|-damage|p2a: Arceus|1\/100 psn|[from] psn\n|upkeep\n|turn|22\n|\n|t:|1699574189\n|move|p2a: Arceus|Judgment|p1a: Clod\n|-resisted|p1a: Clod\n|-damage|p1a: Clod|82\/100\n|move|p1a: Clod|Earthquake|p2a: Arceus\n|-damage|p2a: Arceus|0 fnt\n|faint|p2a: Arceus\n|\n|-heal|p1a: Clod|88\/100|[from] item: Leftovers\n|upkeep\n|\n|t:|1699574192\n|switch|p2a: Toxapex|Toxapex, F|100\/100\n|-damage|p2a: Toxapex|76\/100|[from] Spikes\n|-sideend|p2: Puigson|move: Toxic Spikes|[of] p2a: Toxapex\n|-damage|p2a: Toxapex|64\/100|[from] Stealth Rock\n|turn|23\n|\n|t:|1699574201\n|move|p2a: Toxapex|Chilling Water|p1a: Clod\n|-supereffective|p1a: Clod\n|-damage|p1a: Clod|74\/100\n|-unboost|p1a: Clod|atk|1\n|move|p1a: Clod|Yawn|p2a: Toxapex\n|-start|p2a: Toxapex|move: Yawn|[of] p1a: Clod\n|\n|-heal|p1a: Clod|80\/100|[from] item: Leftovers\n|upkeep\n|turn|24\n|\n|t:|1699574210\n|switch|p2a: Calyrex|Calyrex-Shadow|100\/100\n|-ability|p2a: Calyrex|As One\n|-ability|p2a: Calyrex|Unnerve\n|-damage|p2a: Calyrex|76\/100|[from] Spikes\n|-damage|p2a: Calyrex|63\/100|[from] Stealth Rock\n|move|p1a: Clod|Yawn|p2a: Calyrex\n|-start|p2a: Calyrex|move: Yawn|[of] p1a: Clod\n|\n|-heal|p1a: Clod|86\/100|[from] item: Leftovers\n|upkeep\n|turn|25\n|\n|t:|1699574222\n|move|p2a: Calyrex|Psychic|p1a: Clod\n|-supereffective|p1a: Clod\n|-damage|p1a: Clod|4\/100\n|move|p1a: Clod|Yawn||[still]\n|-fail|p1a: Clod\n|\n|-heal|p1a: Clod|10\/100|[from] item: Leftovers\n|-end|p2a: Calyrex|move: Yawn|[silent]\n|-status|p2a: Calyrex|slp\n|upkeep\n|turn|26\n|\n|t:|1699574231\n|switch|p1a: God ?|Arceus, shiny|100\/100\n|-damage|p1a: God ?|75\/100|[from] Spikes\n|cant|p2a: Calyrex|slp\n|\n|-heal|p1a: God ?|82\/100|[from] item: Leftovers\n|upkeep\n|turn|27\n|\n|t:|1699574240\n|switch|p2a: Toxapex|Toxapex, F|97\/100\n|-damage|p2a: Toxapex|72\/100|[from] Spikes\n|-damage|p2a: Toxapex|60\/100|[from] Stealth Rock\n|move|p1a: God ?|Swords Dance|p1a: God ?\n|-boost|p1a: God ?|atk|2\n|\n|-heal|p1a: God ?|88\/100|[from] item: Leftovers\n|upkeep\n|turn|28\n|\n|t:|1699574251\n|move|p1a: God ?|Swords Dance|p1a: God ?\n|-boost|p1a: God ?|atk|2\n|move|p2a: Toxapex|Haze|p2a: Toxapex\n|-clearallboost\n|\n|-heal|p1a: God ?|94\/100|[from] item: Leftovers\n|upkeep\n|turn|29\n|\n|t:|1699574260\n|move|p1a: God ?|Swords Dance|p1a: God ?\n|-boost|p1a: God ?|atk|2\n|move|p2a: Toxapex|Toxic|p1a: God ?\n|-status|p1a: God ?|tox\n|\n|-heal|p1a: God ?|99\/100 tox|[from] item: Leftovers\n|-damage|p1a: God ?|94\/100 tox|[from] psn\n|upkeep\n|turn|30\n|\n|t:|1699574267\n|move|p1a: God ?|Extreme Speed|p2a: Toxapex\n|-damage|p2a: Toxapex|19\/100\n|-damage|p1a: God ?|77\/100 tox|[from] item: Rocky Helmet|[of] p2a: Toxapex\n|move|p2a: Toxapex|Toxic|p1a: God ?\n|-fail|p1a: God ?|tox\n|\n|-heal|p1a: God ?|83\/100 tox|[from] item: Leftovers\n|-damage|p1a: God ?|71\/100 tox|[from] psn\n|upkeep\n|turn|31\n|\n|t:|1699574277\n|switch|p2a: Arceus|Arceus|96\/100\n|-damage|p2a: Arceus|71\/100|[from] Spikes\n|-damage|p2a: Arceus|59\/100|[from] Stealth Rock\n|move|p1a: God ?|Roar|p2a: Arceus\n|drag|p2a: Toxapex|Toxapex, F|52\/100\n|-damage|p2a: Toxapex|28\/100|[from] Spikes\n|-damage|p2a: Toxapex|15\/100|[from] Stealth Rock\n|\n|-heal|p1a: God ?|77\/100 tox|[from] item: Leftovers\n|-damage|p1a: God ?|59\/100 tox|[from] psn\n|upkeep\n|turn|32\n|\n|t:|1699574289\n|move|p1a: God ?|Extreme Speed|p2a: Toxapex\n|-damage|p2a: Toxapex|0 fnt\n|-damage|p1a: God ?|42\/100 tox|[from] item: Rocky Helmet|[of] p2a: Toxapex\n|faint|p2a: Toxapex\n|\n|-heal|p1a: God ?|48\/100 tox|[from] item: Leftovers\n|-damage|p1a: God ?|24\/100 tox|[from] psn\n|upkeep\n|\n|t:|1699574298\n|switch|p2a: Arceus|Arceus|59\/100\n|-damage|p2a: Arceus|34\/100|[from] Spikes\n|-damage|p2a: Arceus|21\/100|[from] Stealth Rock\n|turn|33\n|\n|t:|1699574304\n|move|p2a: Arceus|Extreme Speed|p1a: God ?\n|-damage|p1a: God ?|0 fnt\n|faint|p1a: God ?\n|-damage|p2a: Arceus|12\/100|[from] item: Life Orb\n|\n|upkeep\n|\n|t:|1699574317\n|switch|p1a: Le Grapin|Eternatus, shiny, tera:Fairy|88\/100\n|-damage|p1a: Le Grapin|63\/100|[from] Spikes\n|-ability|p1a: Le Grapin|Pressure\n|turn|34\n|\n|t:|1699574324\n|move|p2a: Arceus|Extreme Speed|p1a: Le Grapin\n|-damage|p1a: Le Grapin|13\/100\n|-damage|p2a: Arceus|2\/100|[from] item: Life Orb\n|move|p1a: Le Grapin|Recover|p1a: Le Grapin\n|-heal|p1a: Le Grapin|63\/100\n|\n|-heal|p1a: Le Grapin|69\/100|[from] item: Leftovers\n|upkeep\n|turn|35\n|\n|t:|1699574332\n|move|p1a: Le Grapin|Recover|p1a: Le Grapin\n|-heal|p1a: Le Grapin|100\/100\n|move|p2a: Arceus|Recover|p2a: Arceus\n|-heal|p2a: Arceus|52\/100\n|\n|upkeep\n|turn|36\n|\n|t:|1699574340\n|move|p1a: Le Grapin|Dynamax Cannon|p2a: Arceus\n|-damage|p2a: Arceus|13\/100\n|move|p2a: Arceus|Recover|p2a: Arceus\n|-heal|p2a: Arceus|63\/100\n|\n|upkeep\n|turn|37\n|\n|t:|1699574346\n|move|p1a: Le Grapin|Sludge Bomb|p2a: Arceus\n|-damage|p2a: Arceus|30\/100\n|move|p2a: Arceus|Swords Dance|p2a: Arceus\n|-boost|p2a: Arceus|atk|2\n|\n|upkeep\n|turn|38\n|\n|t:|1699574352\n|move|p1a: Le Grapin|Sludge Bomb|p2a: Arceus\n|-damage|p2a: Arceus|0 fnt\n|faint|p2a: Arceus\n|\n|upkeep\n|\n|t:|1699574355\n|switch|p2a: Calyrex|Calyrex-Shadow|63\/100 slp\n|-ability|p2a: Calyrex|As One\n|-ability|p2a: Calyrex|Unnerve\n|-damage|p2a: Calyrex|38\/100 slp|[from] Spikes\n|-damage|p2a: Calyrex|26\/100 slp|[from] Stealth Rock\n|turn|39\n|\n|t:|1699574363\n|-terastallize|p2a: Calyrex|Ghost\n|cant|p2a: Calyrex|slp\n|move|p1a: Le Grapin|Dynamax Cannon|p2a: Calyrex\n|-damage|p2a: Calyrex|0 fnt\n|faint|p2a: Calyrex\n|\n|win|Gooooper\n|raw|Gooooper's rating: 1500 &rarr; <strong>1534<\/strong><br \/>(+34 for winning)\n|raw|Puigson's rating: 1799 &rarr; <strong>1765<\/strong><br \/>(-34 for losing)\n|l|\u2606Puigson\n","uploadtime":1699574375,"views":10,"p1id":"gooooper","p2id":"puigson","formatid":"gen9anythinggoes","rating":1534,"private":0,"password":""}