{"id":"gen9anythinggoes-1976431865","p1":"MrMimeIsMrKetchum","p2":"slahjaslkc","format":"[Gen 9] Anything Goes","log":"|j|\u2606MrMimeIsMrKetchum\n|j|\u2606slahjaslkc\n|t:|1698302326\n|gametype|singles\n|player|p1|MrMimeIsMrKetchum|swimmerf-gen4|1155\n|player|p2|slahjaslkc|allister|1072\n|teamsize|p1|6\n|teamsize|p2|6\n|gen|9\n|tier|[Gen 9] Anything Goes\n|rated|\n|rule|HP Percentage Mod: HP is shown in percentages\n|rule|Endless Battle Clause: Forcing endless battles is banned\n|clearpoke\n|poke|p1|Hatterene, F|\n|poke|p1|Glimmora, F|\n|poke|p1|Dugtrio, F|\n|poke|p1|Dugtrio, F|\n|poke|p1|Dugtrio, F|\n|poke|p1|Scovillain, F|\n|poke|p2|Annihilape, F|\n|poke|p2|Kingambit, M|\n|poke|p2|Annihilape, M|\n|poke|p2|Annihilape, F|\n|poke|p2|Annihilape, F|\n|poke|p2|Annihilape, M|\n|teampreview\n|\n|t:|1698302352\n|start\n|switch|p1a: Dugtrio|Dugtrio, F, shiny|100\/100\n|switch|p2a: Annihilape|Annihilape, F|100\/100\n|turn|1\n|\n|t:|1698302358\n|move|p1a: Dugtrio|Protect|p1a: Dugtrio\n|-singleturn|p1a: Dugtrio|Protect\n|move|p2a: Annihilape|Final Gambit|p1a: Dugtrio\n|-activate|p1a: Dugtrio|move: Protect\n|\n|upkeep\n|turn|2\n|\n|t:|1698302390\n|switch|p1a: Hatterene|Hatterene, F, shiny|100\/100\n|move|p2a: Annihilape|Final Gambit|p1a: Hatterene\n|-damage|p1a: Hatterene|0 fnt\n|faint|p2a: Annihilape\n|faint|p1a: Hatterene\n|\n|upkeep\n|\n|t:|1698302406\n|switch|p2a: Annihilape|Annihilape, M|100\/100\n|switch|p1a: Glimmora|Glimmora, F, shiny|100\/100\n|turn|3\n|\n|t:|1698302424\n|move|p2a: Annihilape|Final Gambit|p1a: Glimmora\n|-enditem|p1a: Glimmora|Focus Sash\n|-damage|p1a: Glimmora|1\/100\n|faint|p2a: Annihilape\n|move|p1a: Glimmora|Toxic Spikes|p2: Annihilape\n|-sidestart|p2: slahjaslkc|move: Toxic Spikes\n|\n|upkeep\n|\n|t:|1698302430\n|switch|p2a: Annihilape|Annihilape, F|100\/100\n|-status|p2a: Annihilape|psn\n|turn|4\n|\n|t:|1698302440\n|move|p2a: Annihilape|Final Gambit|p1a: Glimmora\n|-damage|p1a: Glimmora|0 fnt\n|faint|p2a: Annihilape\n|faint|p1a: Glimmora\n|\n|upkeep\n|\n|t:|1698302452\n|switch|p2a: Annihilape|Annihilape, F|100\/100\n|switch|p1a: Dugtrio|Dugtrio, F, shiny|100\/100\n|-status|p2a: Annihilape|psn\n|turn|5\n|\n|t:|1698302459\n|move|p1a: Dugtrio|Protect|p1a: Dugtrio\n|-singleturn|p1a: Dugtrio|Protect\n|move|p2a: Annihilape|Final Gambit|p1a: Dugtrio\n|-activate|p1a: Dugtrio|move: Protect\n|\n|-damage|p2a: Annihilape|88\/100 psn|[from] psn\n|upkeep\n|turn|6\n|\n|t:|1698302470\n|move|p2a: Annihilape|Final Gambit|p1a: Dugtrio\n|-damage|p1a: Dugtrio|0 fnt\n|faint|p2a: Annihilape\n|faint|p1a: Dugtrio\n|\n|upkeep\n|\n|t:|1698302474\n|switch|p2a: Annihilape|Annihilape, M|100\/100\n|switch|p1a: Dugtrio|Dugtrio, F, shiny|100\/100\n|-status|p2a: Annihilape|psn\n|turn|7\n|\n|t:|1698302482\n|move|p1a: Dugtrio|Protect|p1a: Dugtrio\n|-singleturn|p1a: Dugtrio|Protect\n|move|p2a: Annihilape|Final Gambit|p1a: Dugtrio\n|-activate|p1a: Dugtrio|move: Protect\n|\n|-damage|p2a: Annihilape|88\/100 psn|[from] psn\n|upkeep\n|turn|8\n|\n|t:|1698302492\n|move|p2a: Annihilape|Final Gambit|p1a: Dugtrio\n|-damage|p1a: Dugtrio|0 fnt\n|faint|p2a: Annihilape\n|faint|p1a: Dugtrio\n|\n|upkeep\n|\n|t:|1698302498\n|switch|p2a: Kingambit|Kingambit, M, shiny|100\/100\n|switch|p1a: Dugtrio|Dugtrio, F, shiny|100\/100\n|-activate|p2a: Kingambit|ability: Supreme Overlord\n|-start|p2a: Kingambit|fallen5|[silent]\n|turn|9\n|\n|t:|1698302508\n|-terastallize|p2a: Kingambit|Ghost\n|move|p1a: Dugtrio|Substitute|p1a: Dugtrio\n|-start|p1a: Dugtrio|Substitute\n|-damage|p1a: Dugtrio|76\/100\n|move|p2a: Kingambit|Kowtow Cleave|p1a: Dugtrio\n|-end|p1a: Dugtrio|Substitute\n|\n|-heal|p1a: Dugtrio|82\/100|[from] item: Leftovers\n|upkeep\n|turn|10\n|\n|t:|1698302514\n|move|p1a: Dugtrio|Protect|p1a: Dugtrio\n|-singleturn|p1a: Dugtrio|Protect\n|move|p2a: Kingambit|Kowtow Cleave|p1a: Dugtrio\n|-activate|p1a: Dugtrio|move: Protect\n|\n|-heal|p1a: Dugtrio|88\/100|[from] item: Leftovers\n|upkeep\n|turn|11\n|\n|t:|1698302523\n|move|p1a: Dugtrio|Substitute|p1a: Dugtrio\n|-start|p1a: Dugtrio|Substitute\n|-damage|p1a: Dugtrio|63\/100\n|move|p2a: Kingambit|Kowtow Cleave|p1a: Dugtrio\n|-end|p1a: Dugtrio|Substitute\n|\n|-heal|p1a: Dugtrio|69\/100|[from] item: Leftovers\n|upkeep\n|turn|12\n|\n|t:|1698302535\n|move|p1a: Dugtrio|Protect|p1a: Dugtrio\n|-singleturn|p1a: Dugtrio|Protect\n|move|p2a: Kingambit|Kowtow Cleave|p1a: Dugtrio\n|-activate|p1a: Dugtrio|move: Protect\n|\n|-heal|p1a: Dugtrio|76\/100|[from] item: Leftovers\n|upkeep\n|turn|13\n|inactive|Battle timer is ON: inactive players will automatically lose when time's up. (requested by MrMimeIsMrKetchum)\n|\n|t:|1698302539\n|move|p1a: Dugtrio|Substitute|p1a: Dugtrio\n|-start|p1a: Dugtrio|Substitute\n|-damage|p1a: Dugtrio|51\/100\n|move|p2a: Kingambit|Kowtow Cleave|p1a: Dugtrio\n|-end|p1a: Dugtrio|Substitute\n|\n|-heal|p1a: Dugtrio|57\/100|[from] item: Leftovers\n|upkeep\n|turn|14\n|\n|t:|1698302550\n|move|p1a: Dugtrio|Protect|p1a: Dugtrio\n|-singleturn|p1a: Dugtrio|Protect\n|move|p2a: Kingambit|Iron Head|p1a: Dugtrio\n|-activate|p1a: Dugtrio|move: Protect\n|\n|-heal|p1a: Dugtrio|63\/100|[from] item: Leftovers\n|upkeep\n|turn|15\n|\n|t:|1698302570\n|move|p1a: Dugtrio|Substitute|p1a: Dugtrio\n|-start|p1a: Dugtrio|Substitute\n|-damage|p1a: Dugtrio|38\/100\n|move|p2a: Kingambit|Kowtow Cleave|p1a: Dugtrio\n|-end|p1a: Dugtrio|Substitute\n|\n|-heal|p1a: Dugtrio|45\/100|[from] item: Leftovers\n|upkeep\n|turn|16\n|\n|t:|1698302592\n|move|p1a: Dugtrio|Protect|p1a: Dugtrio\n|-singleturn|p1a: Dugtrio|Protect\n|move|p2a: Kingambit|Brick Break|p1a: Dugtrio\n|-activate|p1a: Dugtrio|move: Protect\n|\n|-heal|p1a: Dugtrio|51\/100|[from] item: Leftovers\n|upkeep\n|turn|17\n|\n|t:|1698302602\n|move|p1a: Dugtrio|Substitute|p1a: Dugtrio\n|-start|p1a: Dugtrio|Substitute\n|-damage|p1a: Dugtrio|26\/100\n|move|p2a: Kingambit|Brick Break|p1a: Dugtrio\n|-end|p1a: Dugtrio|Substitute\n|\n|-heal|p1a: Dugtrio|32\/100|[from] item: Leftovers\n|upkeep\n|turn|18\n|\n|t:|1698302617\n|move|p1a: Dugtrio|Protect|p1a: Dugtrio\n|-singleturn|p1a: Dugtrio|Protect\n|move|p2a: Kingambit|Brick Break|p1a: Dugtrio\n|-activate|p1a: Dugtrio|move: Protect\n|\n|-heal|p1a: Dugtrio|38\/100|[from] item: Leftovers\n|upkeep\n|turn|19\n|\n|t:|1698302628\n|move|p1a: Dugtrio|Substitute|p1a: Dugtrio\n|-start|p1a: Dugtrio|Substitute\n|-damage|p1a: Dugtrio|14\/100\n|move|p2a: Kingambit|Brick Break|p1a: Dugtrio\n|-end|p1a: Dugtrio|Substitute\n|\n|-heal|p1a: Dugtrio|20\/100|[from] item: Leftovers\n|upkeep\n|turn|20\n|\n|t:|1698302641\n|move|p1a: Dugtrio|Protect|p1a: Dugtrio\n|-singleturn|p1a: Dugtrio|Protect\n|move|p2a: Kingambit|Brick Break|p1a: Dugtrio\n|-activate|p1a: Dugtrio|move: Protect\n|\n|-heal|p1a: Dugtrio|26\/100|[from] item: Leftovers\n|upkeep\n|turn|21\n|\n|t:|1698302645\n|move|p1a: Dugtrio|Substitute|p1a: Dugtrio\n|-start|p1a: Dugtrio|Substitute\n|-damage|p1a: Dugtrio|1\/100\n|move|p2a: Kingambit|Brick Break|p1a: Dugtrio\n|-end|p1a: Dugtrio|Substitute\n|\n|-heal|p1a: Dugtrio|7\/100|[from] item: Leftovers\n|upkeep\n|turn|22\n|\n|t:|1698302649\n|move|p1a: Dugtrio|Protect|p1a: Dugtrio\n|-singleturn|p1a: Dugtrio|Protect\n|move|p2a: Kingambit|Brick Break|p1a: Dugtrio\n|-activate|p1a: Dugtrio|move: Protect\n|\n|-heal|p1a: Dugtrio|14\/100|[from] item: Leftovers\n|upkeep\n|turn|23\n|\n|t:|1698302651\n|move|p1a: Dugtrio|Sand Attack|p2a: Kingambit\n|-unboost|p2a: Kingambit|accuracy|1\n|move|p2a: Kingambit|Brick Break|p1a: Dugtrio\n|-crit|p1a: Dugtrio\n|-damage|p1a: Dugtrio|0 fnt\n|faint|p1a: Dugtrio\n|\n|upkeep\n|\n|t:|1698302657\n|switch|p1a: Scovillain|Scovillain, F, shiny|100\/100\n|turn|24\n|\n|t:|1698302667\n|move|p1a: Scovillain|Protect|p1a: Scovillain\n|-singleturn|p1a: Scovillain|Protect\n|move|p2a: Kingambit|Kowtow Cleave|p1a: Scovillain\n|-activate|p1a: Scovillain|move: Protect\n|\n|-ability|p1a: Scovillain|Moody|boost\n|-boost|p1a: Scovillain|spe|2\n|-unboost|p1a: Scovillain|spd|1\n|upkeep\n|turn|25\n|\n|t:|1698302694\n|move|p1a: Scovillain|Substitute|p1a: Scovillain\n|-start|p1a: Scovillain|Substitute\n|-damage|p1a: Scovillain|76\/100\n|move|p2a: Kingambit|Kowtow Cleave|p1a: Scovillain\n|-end|p1a: Scovillain|Substitute\n|\n|-heal|p1a: Scovillain|82\/100|[from] item: Leftovers\n|-ability|p1a: Scovillain|Moody|boost\n|-boost|p1a: Scovillain|spe|2\n|-unboost|p1a: Scovillain|def|1\n|upkeep\n|turn|26\n|\n|t:|1698302706\n|move|p1a: Scovillain|Protect|p1a: Scovillain\n|-singleturn|p1a: Scovillain|Protect\n|move|p2a: Kingambit|Kowtow Cleave|p1a: Scovillain\n|-activate|p1a: Scovillain|move: Protect\n|\n|-heal|p1a: Scovillain|88\/100|[from] item: Leftovers\n|-ability|p1a: Scovillain|Moody|boost\n|-boost|p1a: Scovillain|spd|2\n|-unboost|p1a: Scovillain|atk|1\n|upkeep\n|turn|27\n|inactive|slahjaslkc has 120 seconds left.\n|inactive|slahjaslkc has 90 seconds left.\n|\n|t:|1698302758\n|move|p1a: Scovillain|Substitute|p1a: Scovillain\n|-start|p1a: Scovillain|Substitute\n|-damage|p1a: Scovillain|63\/100\n|move|p2a: Kingambit|Kowtow Cleave|p1a: Scovillain\n|-end|p1a: Scovillain|Substitute\n|\n|-heal|p1a: Scovillain|69\/100|[from] item: Leftovers\n|-ability|p1a: Scovillain|Moody|boost\n|-boost|p1a: Scovillain|def|2\n|-unboost|p1a: Scovillain|spd|1\n|upkeep\n|turn|28\n|inactive|slahjaslkc has 90 seconds left.\n|inactive|slahjaslkc has 60 seconds left.\n|\n|t:|1698302800\n|move|p1a: Scovillain|Protect|p1a: Scovillain\n|-singleturn|p1a: Scovillain|Protect\n|move|p2a: Kingambit|Kowtow Cleave|p1a: Scovillain\n|-activate|p1a: Scovillain|move: Protect\n|\n|-heal|p1a: Scovillain|75\/100|[from] item: Leftovers\n|-ability|p1a: Scovillain|Moody|boost\n|-boost|p1a: Scovillain|spa|2\n|-unboost|p1a: Scovillain|spe|1\n|upkeep\n|turn|29\n|\n|t:|1698302817\n|move|p1a: Scovillain|Substitute|p1a: Scovillain\n|-start|p1a: Scovillain|Substitute\n|-damage|p1a: Scovillain|50\/100\n|move|p2a: Kingambit|Brick Break|p1a: Scovillain|[miss]\n|-miss|p2a: Kingambit|p1a: Scovillain\n|\n|-heal|p1a: Scovillain|56\/100|[from] item: Leftovers\n|-ability|p1a: Scovillain|Moody|boost\n|-boost|p1a: Scovillain|spe|2\n|-unboost|p1a: Scovillain|spd|1\n|upkeep\n|turn|30\n|inactive|slahjaslkc has 60 seconds left.\n|inactive|slahjaslkc has 30 seconds left.\n|inactive|slahjaslkc has 20 seconds left.\n|inactive|slahjaslkc has 15 seconds left.\n|inactive|slahjaslkc has 10 seconds left.\n|inactive|slahjaslkc has 5 seconds left.\n|\n|t:|1698302895\n|move|p1a: Scovillain|Protect|p1a: Scovillain\n|-singleturn|p1a: Scovillain|Protect\n|move|p2a: Kingambit|Brick Break|p1a: Scovillain\n|-activate|p1a: Scovillain|move: Protect\n|\n|-heal|p1a: Scovillain|62\/100|[from] item: Leftovers\n|-ability|p1a: Scovillain|Moody|boost\n|-boost|p1a: Scovillain|def|2\n|-unboost|p1a: Scovillain|spd|1\n|upkeep\n|turn|31\n|inactive|slahjaslkc has 15 seconds left this turn.\n|\n|t:|1698302905\n|move|p1a: Scovillain|Leech Seed|p2a: Kingambit\n|-start|p2a: Kingambit|move: Leech Seed\n|move|p2a: Kingambit|Brick Break|p1a: Scovillain\n|-activate|p1a: Scovillain|move: Substitute|[damage]\n|\n|-heal|p1a: Scovillain|68\/100|[from] item: Leftovers\n|-damage|p2a: Kingambit|88\/100|[from] Leech Seed|[of] p1a: Scovillain\n|-heal|p1a: Scovillain|80\/100|[silent]\n|-ability|p1a: Scovillain|Moody|boost\n|-boost|p1a: Scovillain|atk|2\n|-unboost|p1a: Scovillain|def|1\n|upkeep\n|turn|32\n|inactive|slahjaslkc has 25 seconds left this turn.\n|inactive|slahjaslkc has 20 seconds left.\n|\n|t:|1698302915\n|move|p1a: Scovillain|Protect|p1a: Scovillain\n|-singleturn|p1a: Scovillain|Protect\n|move|p2a: Kingambit|Kowtow Cleave|p1a: Scovillain\n|-activate|p1a: Scovillain|move: Protect\n|\n|-heal|p1a: Scovillain|86\/100|[from] item: Leftovers\n|-damage|p2a: Kingambit|76\/100|[from] Leech Seed|[of] p1a: Scovillain\n|-heal|p1a: Scovillain|99\/100|[silent]\n|-ability|p1a: Scovillain|Moody|boost\n|-boost|p1a: Scovillain|def|2\n|-unboost|p1a: Scovillain|spa|1\n|upkeep\n|turn|33\n|inactive|slahjaslkc has 30 seconds left this turn.\n|\n|t:|1698302931\n|move|p1a: Scovillain|Flamethrower|p2a: Kingambit\n|-damage|p2a: Kingambit|37\/100\n|move|p2a: Kingambit|Kowtow Cleave|p1a: Scovillain\n|-end|p1a: Scovillain|Substitute\n|\n|-heal|p1a: Scovillain|100\/100|[from] item: Leftovers\n|-damage|p2a: Kingambit|25\/100|[from] Leech Seed|[of] p1a: Scovillain\n|-ability|p1a: Scovillain|Moody|boost\n|-boost|p1a: Scovillain|spa|2\n|-unboost|p1a: Scovillain|def|1\n|upkeep\n|turn|34\n|inactive|slahjaslkc has 30 seconds left.\n|inactive|slahjaslkc has 20 seconds left.\n|inactive|slahjaslkc has 15 seconds left.\n|inactive|slahjaslkc has 10 seconds left.\n|inactive|slahjaslkc has 5 seconds left.\n|-message|slahjaslkc lost due to inactivity.\n|\n|win|MrMimeIsMrKetchum\n|raw|MrMimeIsMrKetchum's rating: 1155 &rarr; <strong>1174<\/strong><br \/>(+19 for winning)\n|raw|slahjaslkc's rating: 1072 &rarr; <strong>1056<\/strong><br \/>(-16 for losing)\n|c|\u2606MrMimeIsMrKetchum|gg\n","uploadtime":1698303027,"views":10,"p1id":"mrmimeismrketchum","p2id":"slahjaslkc","formatid":"gen9anythinggoes","rating":1056,"private":0,"password":""}