{"id":"gen9anythinggoes-1982516616","p1":"ppoxxffoxx","p2":"0-9p8p9p7","format":"[Gen 9] Anything Goes","log":"|j|\u2606ppoxxffoxx\n|j|\u26060-9p8p9p7\n|t:|1699022054\n|gametype|singles\n|player|p1|ppoxxffoxx|psychic-gen4|1134\n|player|p2|0-9p8p9p7|266|1168\n|teamsize|p1|6\n|teamsize|p2|6\n|gen|9\n|tier|[Gen 9] Anything Goes\n|rated|\n|rule|HP Percentage Mod: HP is shown in percentages\n|rule|Endless Battle Clause: Forcing endless battles is banned\n|clearpoke\n|poke|p1|Greninja-*, M|\n|poke|p1|Cinderace, M|\n|poke|p1|Mew|\n|poke|p1|Manaphy|\n|poke|p1|Dragapult, M|\n|poke|p1|Garchomp, M|\n|poke|p2|Ditto|\n|poke|p2|Ditto|\n|poke|p2|Ditto|\n|poke|p2|Ditto|\n|poke|p2|Ditto|\n|poke|p2|Amoonguss, M|\n|teampreview\n|\n|t:|1699022058\n|start\n|switch|p1a: yikes|Manaphy|100\/100\n|switch|p2a: cookery moment|Ditto|100\/100\n|-transform|p2a: cookery moment|p1a: yikes|[from] ability: Imposter\n|turn|1\n|\n|t:|1699022066\n|move|p2a: cookery moment|Dazzling Gleam|p1a: yikes\n|-damage|p1a: yikes|88\/100\n|move|p1a: yikes|Tail Glow|p1a: yikes\n|-boost|p1a: yikes|spa|3\n|\n|-heal|p1a: yikes|94\/100|[from] item: Leftovers\n|upkeep\n|turn|2\n|\n|t:|1699022073\n|switch|p2a: HIM|Amoonguss, M|100\/100\n|move|p1a: yikes|Tail Glow|p1a: yikes\n|-boost|p1a: yikes|spa|3\n|\n|-heal|p1a: yikes|100\/100|[from] item: Leftovers\n|upkeep\n|turn|3\n|\n|t:|1699022079\n|move|p1a: yikes|Stored Power|p2a: HIM\n|-supereffective|p2a: HIM\n|-damage|p2a: HIM|0 fnt\n|faint|p2a: HIM\n|\n|upkeep\n|\n|t:|1699022082\n|switch|p2a: let him cook|Ditto|100\/100\n|-transform|p2a: let him cook|p1a: yikes|[from] ability: Imposter\n|turn|4\n|\n|t:|1699022087\n|move|p2a: let him cook|Stored Power|p1a: yikes\n|-damage|p1a: yikes|25\/100\n|move|p1a: yikes|Stored Power|p2a: let him cook\n|-damage|p2a: let him cook|0 fnt\n|faint|p2a: let him cook\n|\n|-heal|p1a: yikes|32\/100|[from] item: Leftovers\n|upkeep\n|\n|t:|1699022090\n|switch|p2a: just better|Ditto|100\/100\n|-transform|p2a: just better|p1a: yikes|[from] ability: Imposter\n|turn|5\n|\n|t:|1699022098\n|move|p2a: just better|Dazzling Gleam|p1a: yikes\n|-damage|p1a: yikes|0 fnt\n|faint|p1a: yikes\n|\n|upkeep\n|\n|t:|1699022112\n|switch|p1a: Waterog|Greninja, M|100\/100\n|turn|6\n|\n|t:|1699022124\n|switch|p1a: The Mewdha|Mew, shiny|100\/100\n|move|p2a: just better|Dazzling Gleam|p1a: The Mewdha\n|-damage|p1a: The Mewdha|30\/100\n|\n|-heal|p1a: The Mewdha|36\/100|[from] item: Leftovers\n|upkeep\n|turn|7\n|\n|t:|1699022134\n|-terastallize|p1a: The Mewdha|Fairy\n|move|p2a: just better|Dazzling Gleam|p1a: The Mewdha\n|-damage|p1a: The Mewdha|0 fnt\n|faint|p1a: The Mewdha\n|\n|upkeep\n|\n|t:|1699022140\n|switch|p1a: Pyrohop|Cinderace, M|100\/100\n|turn|8\n|\n|t:|1699022148\n|move|p2a: just better|Dazzling Gleam|p1a: Pyrohop\n|-resisted|p1a: Pyrohop\n|-damage|p1a: Pyrohop|48\/100\n|move|p1a: Pyrohop|Gunk Shot|p2a: just better\n|-start|p1a: Pyrohop|typechange|Poison|[from] ability: Libero\n|-damage|p2a: just better|27\/100\n|\n|upkeep\n|turn|9\n|\n|t:|1699022157\n|move|p2a: just better|Dazzling Gleam|p1a: Pyrohop\n|-resisted|p1a: Pyrohop\n|-damage|p1a: Pyrohop|0 fnt\n|faint|p1a: Pyrohop\n|\n|upkeep\n|\n|t:|1699022163\n|switch|p1a: Catapult|Dragapult, M|100\/100\n|turn|10\n|\n|t:|1699022171\n|move|p1a: Catapult|Phantom Force||[still]\n|-prepare|p1a: Catapult|Phantom Force\n|-activate|p2a: just better|move: Struggle\n|move|p2a: just better|Struggle|p1a: Catapult|[miss]\n|-miss|p2a: just better|p1a: Catapult\n|\n|upkeep\n|turn|11\n|\n|t:|1699022176\n|move|p1a: Catapult|Phantom Force|p2a: just better|[from]lockedmove\n|-damage|p2a: just better|0 fnt\n|faint|p2a: just better\n|\n|upkeep\n|\n|t:|1699022178\n|switch|p2a: better|Ditto|100\/100\n|-transform|p2a: better|p1a: Catapult|[from] ability: Imposter\n|turn|12\n|\n|t:|1699022186\n|-terastallize|p2a: better|Normal\n|move|p2a: better|Phantom Force||[still]\n|-prepare|p2a: better|Phantom Force\n|move|p1a: Catapult|Phantom Force||[still]\n|-prepare|p1a: Catapult|Phantom Force\n|\n|upkeep\n|turn|13\n|\n|t:|1699022191\n|move|p2a: better|Phantom Force|p1a: Catapult|[from]lockedmove|[miss]\n|-miss|p2a: better|p1a: Catapult\n|move|p1a: Catapult|Phantom Force|p2a: better|[from]lockedmove\n|-immune|p2a: better\n|\n|upkeep\n|turn|14\n|\n|t:|1699022203\n|switch|p2a: better|Ditto|100\/100\n|-transform|p2a: better|p1a: Catapult|[from] ability: Imposter\n|move|p1a: Catapult|Dragon Darts|p2a: better\n|-supereffective|p2a: better\n|-damage|p2a: better|24\/100\n|-anim|p1a: Catapult|Dragon Darts|p2a: better\n|-supereffective|p2a: better\n|-damage|p2a: better|0 fnt\n|faint|p2a: better\n|\n|upkeep\n|\n|t:|1699022205\n|switch|p2a: better|Ditto, tera:Normal|100\/100\n|-transform|p2a: better|p1a: Catapult|[from] ability: Imposter\n|turn|15\n|\n|t:|1699022218\n|move|p2a: better|Dragon Darts|p1a: Catapult\n|-supereffective|p1a: Catapult\n|-damage|p1a: Catapult|23\/100\n|-anim|p2a: better|Dragon Darts|p1a: Catapult\n|-supereffective|p1a: Catapult\n|-damage|p1a: Catapult|0 fnt\n|faint|p1a: Catapult\n|\n|upkeep\n|\n|t:|1699022226\n|switch|p1a: Garfunkel|Garchomp, M|100\/100\n|turn|16\n|\n|t:|1699022232\n|switch|p1a: Waterog|Greninja, M|100\/100\n|move|p2a: better|Dragon Darts|p1a: Waterog\n|-damage|p1a: Waterog|49\/100\n|-anim|p2a: better|Dragon Darts|p1a: Waterog\n|-damage|p1a: Waterog|0 fnt\n|faint|p1a: Waterog\n|\n|upkeep\n|\n|t:|1699022240\n|switch|p1a: Garfunkel|Garchomp, M|100\/100\n|turn|17\n|\n|t:|1699022244\n|move|p2a: better|Dragon Darts|p1a: Garfunkel\n|-supereffective|p1a: Garfunkel\n|-damage|p1a: Garfunkel|57\/100\n|-anim|p2a: better|Dragon Darts|p1a: Garfunkel\n|-supereffective|p1a: Garfunkel\n|-damage|p1a: Garfunkel|15\/100\n|move|p1a: Garfunkel|Dragon Tail|p2a: better\n|-damage|p2a: better|63\/100\n|drag|p2a: cookery moment|Ditto|100\/100\n|-transform|p2a: cookery moment|p1a: Garfunkel|[from] ability: Imposter\n|\n|upkeep\n|turn|18\n|c|\u26060-9p8p9p7|gg bro\n|\n|t:|1699022255\n|move|p2a: cookery moment|Dragon Tail|p1a: Garfunkel\n|-supereffective|p1a: Garfunkel\n|-damage|p1a: Garfunkel|0 fnt\n|-damage|p2a: cookery moment|88\/100|[from] ability: Rough Skin|[of] p1a: Garfunkel\n|-damage|p2a: cookery moment|72\/100|[from] item: Rocky Helmet|[of] p1a: Garfunkel\n|faint|p1a: Garfunkel\n|\n|win|0-9p8p9p7\n|raw|ppoxxffoxx's rating: 1134 &rarr; <strong>1111<\/strong><br \/>(-23 for losing)\n|raw|0-9p8p9p7's rating: 1168 &rarr; <strong>1191<\/strong><br \/>(+23 for winning)\n|c|\u2606ppoxxffoxx|gg\n","uploadtime":1699022273,"views":7,"p1id":"ppoxxffoxx","p2id":"09p8p9p7","formatid":"gen9anythinggoes","rating":1111,"private":0,"password":""}