{"id":"gen9anythinggoes-1991865551","p1":"GliscorLP","p2":"k1ng0r","format":"[Gen 9] Anything Goes","log":"|j|\u2606GliscorLP\n|j|\u2606k1ng0r\n|t:|1700130624\n|gametype|singles\n|player|p1|GliscorLP|265|\n|player|p2|k1ng0r|1|\n|teamsize|p1|6\n|teamsize|p2|6\n|gen|9\n|tier|[Gen 9] Anything Goes\n|rule|HP Percentage Mod: HP is shown in percentages\n|rule|Endless Battle Clause: Forcing endless battles is banned\n|clearpoke\n|poke|p1|Gliscor, M|\n|poke|p1|Empoleon, M|\n|poke|p1|Baxcalibur, M|\n|poke|p1|Raichu-Alola, F|\n|poke|p1|Tauros, M|\n|poke|p1|Weezing, M|\n|poke|p2|Murkrow, M|\n|poke|p2|Appletun, M|\n|poke|p2|Grafaiai, F|\n|poke|p2|Milotic, F|\n|poke|p2|Great Tusk|\n|poke|p2|Jirachi|\n|teampreview\n|c|\u2606GliscorLP|Glhf ^^\n|c|\u2606k1ng0r|Viel Spa\u00df\n|\n|t:|1700130655\n|start\n|switch|p1a: Raichu|Raichu-Alola, F|100\/100\n|switch|p2a: 500|Grafaiai, F|100\/100\n|turn|1\n|\n|t:|1700130682\n|move|p2a: 500|Parting Shot|p1a: Raichu\n|-unboost|p1a: Raichu|atk|1\n|-unboost|p1a: Raichu|spa|1\n|\n|t:|1700130686\n|switch|p2a: 500|Appletun, M|100\/100|[from] Parting Shot\n|move|p1a: Raichu|Volt Switch|p2a: 500\n|-resisted|p2a: 500\n|-damage|p2a: 500|93\/100\n|\n|t:|1700130694\n|switch|p1a: Baxcalibur|Baxcalibur, M|100\/100|[from] Volt Switch\n|\n|-heal|p2a: 500|99\/100|[from] item: Leftovers\n|upkeep\n|turn|2\n|\n|t:|1700130719\n|switch|p1a: Gliscor|Gliscor, M|100\/100\n|switch|p2a: 1500|Milotic, F|100\/100\n|\n|-status|p1a: Gliscor|tox|[from] item: Toxic Orb\n|upkeep\n|turn|3\n|\n|t:|1700130732\n|move|p1a: Gliscor|U-turn|p2a: 1500\n|-damage|p2a: 1500|83\/100\n|\n|t:|1700130748\n|switch|p1a: Raichu|Raichu-Alola, F|100\/100|[from] U-turn\n|move|p2a: 1500|Ice Beam|p1a: Raichu\n|-damage|p1a: Raichu|67\/100\n|\n|-heal|p2a: 1500|89\/100|[from] item: Leftovers\n|upkeep\n|turn|4\n|\n|t:|1700130775\n|switch|p2a: 500|Appletun, M|99\/100\n|move|p1a: Raichu|Psyshock|p2a: 500\n|-damage|p2a: 500|63\/100\n|\n|-heal|p2a: 500|69\/100|[from] item: Leftovers\n|upkeep\n|turn|5\n|\n|t:|1700130790\n|switch|p1a: Baxcalibur|Baxcalibur, M|100\/100\n|move|p2a: 500|Leech Seed|p1a: Baxcalibur\n|-start|p1a: Baxcalibur|move: Leech Seed\n|\n|-heal|p2a: 500|75\/100|[from] item: Leftovers\n|-damage|p1a: Baxcalibur|88\/100|[from] Leech Seed|[of] p2a: 500\n|-heal|p2a: 500|86\/100|[silent]\n|upkeep\n|turn|6\n|\n|t:|1700130803\n|switch|p1a: Gliscor|Gliscor, M|100\/100 tox\n|switch|p2a: 1500|Milotic, F|89\/100\n|\n|-heal|p2a: 1500|96\/100|[from] item: Leftovers\n|upkeep\n|turn|7\n|\n|t:|1700130815\n|move|p1a: Gliscor|U-turn|p2a: 1500\n|-damage|p2a: 1500|79\/100\n|\n|t:|1700130822\n|switch|p1a: Baxcalibur|Baxcalibur, M|88\/100|[from] U-turn\n|move|p2a: 1500|Scald|p1a: Baxcalibur\n|-resisted|p1a: Baxcalibur\n|-damage|p1a: Baxcalibur|72\/100\n|\n|-heal|p2a: 1500|85\/100|[from] item: Leftovers\n|upkeep\n|turn|8\n|\n|t:|1700130833\n|move|p1a: Baxcalibur|Swords Dance|p1a: Baxcalibur\n|-boost|p1a: Baxcalibur|atk|2\n|move|p2a: 1500|Scald|p1a: Baxcalibur\n|-resisted|p1a: Baxcalibur\n|-damage|p1a: Baxcalibur|57\/100\n|\n|-heal|p2a: 1500|91\/100|[from] item: Leftovers\n|upkeep\n|turn|9\n|\n|t:|1700130844\n|move|p1a: Baxcalibur|Scale Shot|p2a: 1500\n|-damage|p2a: 1500|54\/100\n|-damage|p2a: 1500|22\/100\n|-damage|p2a: 1500|0 fnt\n|faint|p2a: 1500\n|-hitcount|p2: 1500|3\n|-unboost|p1a: Baxcalibur|def|1\n|-boost|p1a: Baxcalibur|spe|1\n|\n|upkeep\n|\n|t:|1700130859\n|switch|p2a: 250|Murkrow, M|100\/100\n|turn|10\n|\n|t:|1700130870\n|move|p2a: 250|Haze|p2a: 250\n|-clearallboost\n|move|p1a: Baxcalibur|Scale Shot|p2a: 250\n|-damage|p2a: 250|67\/100\n|-damage|p2a: 250|33\/100\n|-damage|p2a: 250|3\/100\n|-damage|p2a: 250|0 fnt\n|faint|p2a: 250\n|-hitcount|p2: 250|4\n|-unboost|p1a: Baxcalibur|def|1\n|-boost|p1a: Baxcalibur|spe|1\n|\n|upkeep\n|\n|t:|1700130885\n|switch|p2a: 500|Grafaiai, F|100\/100\n|turn|11\n|\n|t:|1700130899\n|switch|p1a: Weezing|Weezing, M|100\/100\n|move|p2a: 500|Parting Shot|p1a: Weezing\n|-unboost|p1a: Weezing|atk|1\n|-unboost|p1a: Weezing|spa|1\n|\n|t:|1700130906\n|switch|p2a: 2000|Jirachi|100\/100|[from] Parting Shot\n|\n|upkeep\n|turn|12\n|\n|t:|1700130917\n|move|p2a: 2000|Stealth Rock|p1a: Weezing\n|-sidestart|p1: GliscorLP|move: Stealth Rock\n|move|p1a: Weezing|Will-O-Wisp|p2a: 2000\n|-status|p2a: 2000|brn\n|\n|-damage|p2a: 2000|94\/100 brn|[from] brn\n|upkeep\n|turn|13\n|\n|t:|1700130930\n|switch|p2a: 500|Appletun, M|86\/100\n|move|p1a: Weezing|Toxic Spikes|p2a: 500\n|-sidestart|p2: k1ng0r|move: Toxic Spikes\n|\n|-heal|p2a: 500|92\/100|[from] item: Leftovers\n|upkeep\n|turn|14\n|\n|t:|1700130946\n|move|p1a: Weezing|Will-O-Wisp|p2a: 500\n|-status|p2a: 500|brn\n|move|p2a: 500|Dragon Pulse|p1a: Weezing\n|-damage|p1a: Weezing|61\/100\n|\n|-heal|p1a: Weezing|67\/100|[from] item: Black Sludge\n|-heal|p2a: 500|98\/100 brn|[from] item: Leftovers\n|-damage|p2a: 500|92\/100 brn|[from] brn\n|upkeep\n|turn|15\n|\n|t:|1700130960\n|switch|p1a: Gliscor|Gliscor, M|100\/100 tox\n|-damage|p1a: Gliscor|88\/100 tox|[from] Stealth Rock\n|move|p2a: 500|Leech Seed|p1a: Gliscor\n|-start|p1a: Gliscor|move: Leech Seed\n|\n|-heal|p2a: 500|98\/100 brn|[from] item: Leftovers\n|-damage|p1a: Gliscor|76\/100 tox|[from] Leech Seed|[of] p2a: 500\n|-heal|p2a: 500|100\/100 brn|[silent]\n|-heal|p1a: Gliscor|88\/100 tox|[from] ability: Poison Heal\n|-damage|p2a: 500|94\/100 brn|[from] brn\n|upkeep\n|turn|16\n|\n|t:|1700130977\n|move|p2a: 500|Protect|p2a: 500\n|-singleturn|p2a: 500|Protect\n|move|p1a: Gliscor|U-turn|p2a: 500\n|-activate|p2a: 500|move: Protect\n|\n|-heal|p2a: 500|100\/100 brn|[from] item: Leftovers\n|-damage|p1a: Gliscor|76\/100 tox|[from] Leech Seed|[of] p2a: 500\n|-heal|p1a: Gliscor|88\/100 tox|[from] ability: Poison Heal\n|-damage|p2a: 500|94\/100 brn|[from] brn\n|upkeep\n|turn|17\n|\n|t:|1700130991\n|move|p1a: Gliscor|U-turn|p2a: 500\n|-supereffective|p2a: 500\n|-damage|p2a: 500|74\/100 brn\n|\n|t:|1700131003\n|switch|p1a: Weezing|Weezing, M|67\/100|[from] U-turn\n|-damage|p1a: Weezing|54\/100|[from] Stealth Rock\n|move|p2a: 500|Dragon Pulse|p1a: Weezing\n|-damage|p1a: Weezing|15\/100\n|\n|-heal|p1a: Weezing|21\/100|[from] item: Black Sludge\n|-heal|p2a: 500|80\/100 brn|[from] item: Leftovers\n|-damage|p2a: 500|74\/100 brn|[from] brn\n|upkeep\n|turn|18\n|\n|t:|1700131021\n|move|p1a: Weezing|Sludge Bomb|p2a: 500\n|-supereffective|p2a: 500\n|-damage|p2a: 500|22\/100 brn\n|move|p2a: 500|Dragon Pulse|p1a: Weezing\n|-damage|p1a: Weezing|0 fnt\n|faint|p1a: Weezing\n|\n|-heal|p2a: 500|29\/100 brn|[from] item: Leftovers\n|-damage|p2a: 500|22\/100 brn|[from] brn\n|upkeep\n|\n|t:|1700131033\n|switch|p1a: Baxcalibur|Baxcalibur, M|57\/100\n|-damage|p1a: Baxcalibur|32\/100|[from] Stealth Rock\n|turn|19\n|\n|t:|1700131064\n|move|p1a: Baxcalibur|Scale Shot|p2a: 500\n|-supereffective|p2a: 500\n|-damage|p2a: 500|2\/100 brn\n|-supereffective|p2a: 500\n|-damage|p2a: 500|0 fnt\n|faint|p2a: 500\n|-hitcount|p2: 500|2\n|-unboost|p1a: Baxcalibur|def|1\n|-boost|p1a: Baxcalibur|spe|1\n|\n|upkeep\n|l|\u2606GliscorLP\n|player|p1|\n|j|\u2606GliscorLP\n|player|p1|GliscorLP|265\n|\n|t:|1700131100\n|switch|p2a: 2000|Jirachi|94\/100 brn\n|turn|20\n|\n|t:|1700131107\n|move|p1a: Baxcalibur|Glaive Rush|p2a: 2000\n|-resisted|p2a: 2000\n|-crit|p2a: 2000\n|-damage|p2a: 2000|43\/100 brn\n|-singlemove|p1a: Baxcalibur|Glaive Rush|[silent]\n|move|p2a: 2000|Iron Head|p1a: Baxcalibur\n|-supereffective|p1a: Baxcalibur\n|-damage|p1a: Baxcalibur|0 fnt\n|faint|p1a: Baxcalibur\n|\n|-damage|p2a: 2000|37\/100 brn|[from] brn\n|upkeep\n|\n|t:|1700131130\n|switch|p1a: Gliscor|Gliscor, M|88\/100 tox\n|-damage|p1a: Gliscor|76\/100 tox|[from] Stealth Rock\n|turn|21\n|\n|t:|1700131135\n|move|p2a: 2000|Ice Punch|p1a: Gliscor\n|-supereffective|p1a: Gliscor\n|-damage|p1a: Gliscor|40\/100 tox\n|move|p1a: Gliscor|Earthquake|p2a: 2000\n|-supereffective|p2a: 2000\n|-damage|p2a: 2000|0 fnt\n|faint|p2a: 2000\n|\n|-heal|p1a: Gliscor|52\/100 tox|[from] ability: Poison Heal\n|upkeep\n|\n|t:|1700131169\n|switch|p2a: 500|Grafaiai, F|100\/100\n|-sideend|p2: k1ng0r|move: Toxic Spikes|[of] p2a: 500\n|turn|22\n|\n|t:|1700131180\n|move|p2a: 500|Parting Shot|p1a: Gliscor\n|-unboost|p1a: Gliscor|atk|1\n|-unboost|p1a: Gliscor|spa|1\n|\n|t:|1700131184\n|switch|p2a: 2000|Great Tusk|100\/100|[from] Parting Shot\n|move|p1a: Gliscor|U-turn|p2a: 2000\n|-resisted|p2a: 2000\n|-damage|p2a: 2000|97\/100\n|\n|t:|1700131192\n|switch|p1a: Raichu|Raichu-Alola, F|67\/100|[from] U-turn\n|-damage|p1a: Raichu|55\/100|[from] Stealth Rock\n|\n|upkeep\n|turn|23\n|\n|t:|1700131205\n|move|p1a: Raichu|Psyshock|p2a: 2000\n|-supereffective|p2a: 2000\n|-damage|p2a: 2000|32\/100\n|move|p2a: 2000|Knock Off|p1a: Raichu\n|-supereffective|p1a: Raichu\n|-crit|p1a: Raichu\n|-damage|p1a: Raichu|0 fnt\n|-enditem|p1a: Raichu|Choice Specs|[from] move: Knock Off|[of] p2a: 2000\n|faint|p1a: Raichu\n|\n|upkeep\n|\n|t:|1700131225\n|switch|p1a: Tauros|Tauros, M|100\/100\n|-damage|p1a: Tauros|88\/100|[from] Stealth Rock\n|turn|24\n|\n|t:|1700131235\n|move|p1a: Tauros|Body Slam|p2a: 2000\n|-crit|p2a: 2000\n|-damage|p2a: 2000|0 fnt\n|faint|p2a: 2000\n|-end|p2a: 2000|Protosynthesis|[silent]\n|\n|upkeep\n|\n|t:|1700131242\n|switch|p2a: 500|Grafaiai, F|100\/100\n|turn|25\n|\n|t:|1700131255\n|move|p1a: Tauros|Earthquake|p2a: 500\n|-supereffective|p2a: 500\n|-enditem|p2a: 500|Focus Sash\n|-damage|p2a: 500|1\/100\n|-damage|p1a: Tauros|78\/100|[from] item: Life Orb\n|move|p2a: 500|Knock Off|p1a: Tauros\n|-damage|p1a: Tauros|43\/100\n|-enditem|p1a: Tauros|Life Orb|[from] move: Knock Off|[of] p2a: 500\n|\n|upkeep\n|turn|26\n|\n|t:|1700131267\n|move|p2a: 500|Encore|p1a: Tauros\n|-start|p1a: Tauros|Encore\n|move|p1a: Tauros|Earthquake|p2a: 500\n|-supereffective|p2a: 500\n|-damage|p2a: 500|0 fnt\n|faint|p2a: 500\n|\n|win|GliscorLP\n|c|\u2606k1ng0r|Gg\n|c|\u2606GliscorLP|Gg\n","uploadtime":1700131279,"views":27,"p1id":"gliscorlp","p2id":"k1ng0r","formatid":"gen9anythinggoes","rating":0,"private":0,"password":""}