{"id":"gen9anythinggoes-1974176600","p1":"LimefennecYT","p2":"myEGGwillkillyou","format":"[Gen 9] Anything Goes","log":"|j|\u2606LimefennecYT\n|j|\u2606myEGGwillkillyou\n|t:|1698065319\n|gametype|singles\n|player|p1|LimefennecYT|iris-gen5bw2|1074\n|player|p2|myEGGwillkillyou|roxie|1121\n|teamsize|p1|6\n|teamsize|p2|6\n|gen|9\n|tier|[Gen 9] Anything Goes\n|rated|\n|rule|HP Percentage Mod: HP is shown in percentages\n|rule|Endless Battle Clause: Forcing endless battles is banned\n|clearpoke\n|poke|p1|Kingambit, M|\n|poke|p1|Tyranitar, M|\n|poke|p1|Annihilape, M|\n|poke|p1|Ditto|\n|poke|p1|Maushold-Four|\n|poke|p1|Sylveon, M|\n|poke|p2|Magikarp, F|\n|poke|p2|Maushold-Four|\n|poke|p2|Magikarp, M|\n|poke|p2|Gardevoir, M|\n|poke|p2|Salazzle, F|\n|poke|p2|Bronzor|\n|teampreview\n|inactive|Battle timer is ON: inactive players will automatically lose when time's up. (requested by myEGGwillkillyou)\n|c|\u2606LimefennecYT|those karps gonna fuck me up\n|\n|t:|1698065355\n|start\n|switch|p1a: Sandy|Tyranitar, M|100\/100\n|switch|p2a: Magikarp|Magikarp, F|100\/100\n|-weather|Sandstorm|[from] ability: Sand Stream|[of] p1a: Sandy\n|turn|1\n|\n|t:|1698065366\n|move|p2a: Magikarp|Flail|p1a: Sandy\n|-resisted|p1a: Sandy\n|-damage|p1a: Sandy|99\/100\n|move|p1a: Sandy|Stealth Rock|p2a: Magikarp\n|-sidestart|p2: myEGGwillkillyou|move: Stealth Rock\n|\n|-weather|Sandstorm|[upkeep]\n|-damage|p2a: Magikarp|94\/100|[from] Sandstorm\n|upkeep\n|turn|2\n|\n|t:|1698065373\n|move|p2a: Magikarp|Flail|p1a: Sandy\n|-resisted|p1a: Sandy\n|-damage|p1a: Sandy|98\/100\n|move|p1a: Sandy|Earthquake|p2a: Magikarp\n|-damage|p2a: Magikarp|0 fnt\n|faint|p2a: Magikarp\n|\n|-weather|Sandstorm|[upkeep]\n|upkeep\n|\n|t:|1698065381\n|switch|p2a: Gardevoir|Gardevoir, M|100\/100\n|-damage|p2a: Gardevoir|88\/100|[from] Stealth Rock\n|-ability|p2a: Gardevoir|Sand Stream|[from] ability: Trace|[of] p1a: Sandy\n|turn|3\n|\n|t:|1698065388\n|move|p2a: Gardevoir|Energy Ball|p1a: Sandy\n|-supereffective|p1a: Sandy\n|-damage|p1a: Sandy|54\/100\n|move|p1a: Sandy|Payback|p2a: Gardevoir\n|-damage|p2a: Gardevoir|0 fnt\n|faint|p2a: Gardevoir\n|\n|-weather|Sandstorm|[upkeep]\n|upkeep\n|\n|t:|1698065398\n|switch|p2a: Bronzor|Bronzor|100\/100\n|-damage|p2a: Bronzor|95\/100|[from] Stealth Rock\n|turn|4\n|\n|t:|1698065408\n|move|p1a: Sandy|Stone Edge|p2a: Bronzor\n|-resisted|p2a: Bronzor\n|-crit|p2a: Bronzor\n|-damage|p2a: Bronzor|63\/100\n|move|p2a: Bronzor|Flash Cannon|p1a: Sandy\n|-supereffective|p1a: Sandy\n|-crit|p1a: Sandy\n|-damage|p1a: Sandy|41\/100\n|\n|-weather|Sandstorm|[upkeep]\n|upkeep\n|turn|5\n|c|\u2606LimefennecYT|THAT WAS A SUPER EFFECTIVE CRIT\n|\n|t:|1698065430\n|move|p1a: Sandy|Payback|p2a: Bronzor\n|-supereffective|p2a: Bronzor\n|-damage|p2a: Bronzor|25\/100\n|move|p2a: Bronzor|Flash Cannon|p1a: Sandy\n|-supereffective|p1a: Sandy\n|-damage|p1a: Sandy|31\/100\n|\n|-weather|none\n|upkeep\n|turn|6\n|\n|t:|1698065440\n|move|p1a: Sandy|Payback|p2a: Bronzor\n|-supereffective|p2a: Bronzor\n|-damage|p2a: Bronzor|0 fnt\n|faint|p2a: Bronzor\n|\n|upkeep\n|\n|t:|1698065445\n|switch|p2a: Maushold|Maushold-Four|100\/100\n|-damage|p2a: Maushold|88\/100|[from] Stealth Rock\n|turn|7\n|\n|t:|1698065449\n|switch|p1a: Domaustic Abuse|Maushold-Four, shiny|100\/100\n|move|p2a: Maushold|Bullet Seed|p1a: Domaustic Abuse\n|-damage|p1a: Domaustic Abuse|90\/100\n|-damage|p1a: Domaustic Abuse|81\/100\n|-damage|p1a: Domaustic Abuse|72\/100\n|-damage|p1a: Domaustic Abuse|63\/100\n|-damage|p1a: Domaustic Abuse|54\/100\n|-hitcount|p1a: Domaustic Abuse|5\n|\n|-heal|p1a: Domaustic Abuse|60\/100|[from] item: Leftovers\n|upkeep\n|turn|8\n|\n|t:|1698065462\n|move|p2a: Maushold|Population Bomb|p1a: Domaustic Abuse\n|-crit|p1a: Domaustic Abuse\n|-damage|p1a: Domaustic Abuse|42\/100\n|-damage|p1a: Domaustic Abuse|31\/100\n|-damage|p1a: Domaustic Abuse|20\/100\n|-damage|p1a: Domaustic Abuse|9\/100\n|-damage|p1a: Domaustic Abuse|0 fnt\n|faint|p1a: Domaustic Abuse\n|-hitcount|p1: Domaustic Abuse|5\n|\n|upkeep\n|\n|t:|1698065471\n|switch|p1a: Rose|Sylveon, M, shiny|100\/100\n|turn|9\n|\n|t:|1698065487\n|move|p2a: Maushold|Population Bomb|p1a: Rose\n|-crit|p1a: Rose\n|-damage|p1a: Rose|80\/100\n|-damage|p1a: Rose|66\/100\n|-damage|p1a: Rose|50\/100\n|-damage|p1a: Rose|36\/100\n|-damage|p1a: Rose|22\/100\n|-damage|p1a: Rose|8\/100\n|-damage|p1a: Rose|0 fnt\n|faint|p1a: Rose\n|-hitcount|p1: Rose|7\n|\n|upkeep\n|\n|t:|1698065499\n|switch|p1a: Amogus|Ditto, shiny|100\/100\n|-transform|p1a: Amogus|p2a: Maushold|[from] ability: Imposter\n|turn|10\n|\n|t:|1698065508\n|move|p2a: Maushold|Population Bomb|p1a: Amogus\n|-damage|p1a: Amogus|82\/100\n|-damage|p1a: Amogus|64\/100\n|-damage|p1a: Amogus|45\/100\n|-damage|p1a: Amogus|26\/100\n|-damage|p1a: Amogus|7\/100\n|-damage|p1a: Amogus|0 fnt\n|faint|p1a: Amogus\n|-hitcount|p1: Amogus|6\n|\n|upkeep\n|inactive|LimefennecYT has 120 seconds left.\n|\n|t:|1698065531\n|switch|p1a: Sandy|Tyranitar, M|31\/100\n|-weather|Sandstorm|[from] ability: Sand Stream|[of] p1a: Sandy\n|turn|11\n|\n|t:|1698065535\n|move|p2a: Maushold|Bullet Seed|p1a: Sandy\n|-supereffective|p1a: Sandy\n|-damage|p1a: Sandy|16\/100\n|-supereffective|p1a: Sandy\n|-damage|p1a: Sandy|1\/100\n|-supereffective|p1a: Sandy\n|-damage|p1a: Sandy|0 fnt\n|faint|p1a: Sandy\n|-hitcount|p1: Sandy|3\n|\n|-weather|Sandstorm|[upkeep]\n|-damage|p2a: Maushold|82\/100|[from] Sandstorm\n|upkeep\n|\n|t:|1698065545\n|switch|p1a: Rage Quit|Annihilape, M|100\/100\n|turn|12\n|\n|t:|1698065551\n|move|p2a: Maushold|Bullet Seed|p1a: Rage Quit\n|-damage|p1a: Rage Quit|90\/100\n|-damage|p1a: Rage Quit|80\/100\n|-damage|p1a: Rage Quit|70\/100\n|-damage|p1a: Rage Quit|61\/100\n|-hitcount|p1a: Rage Quit|4\n|move|p1a: Rage Quit|Drain Punch|p2a: Maushold\n|-supereffective|p2a: Maushold\n|-damage|p2a: Maushold|0 fnt\n|-heal|p1a: Rage Quit|89\/100|[from] drain|[of] p2a: Maushold\n|faint|p2a: Maushold\n|\n|-weather|Sandstorm|[upkeep]\n|-damage|p1a: Rage Quit|83\/100|[from] Sandstorm\n|-heal|p1a: Rage Quit|89\/100|[from] item: Leftovers\n|upkeep\n|\n|t:|1698065554\n|switch|p2a: Salazzle|Salazzle, F|100\/100\n|-damage|p2a: Salazzle|76\/100|[from] Stealth Rock\n|turn|13\n|\n|t:|1698065567\n|move|p2a: Salazzle|Fire Blast|p1a: Rage Quit\n|-damage|p1a: Rage Quit|43\/100\n|-damage|p2a: Salazzle|66\/100|[from] item: Life Orb\n|move|p1a: Rage Quit|Taunt|p2a: Salazzle\n|-immune|p2a: Salazzle|[from] ability: Oblivious\n|\n|-weather|Sandstorm|[upkeep]\n|-damage|p2a: Salazzle|60\/100|[from] Sandstorm\n|-damage|p1a: Rage Quit|36\/100|[from] Sandstorm\n|-heal|p1a: Rage Quit|43\/100|[from] item: Leftovers\n|upkeep\n|turn|14\n|\n|t:|1698065578\n|move|p2a: Salazzle|Fire Blast|p1a: Rage Quit\n|-crit|p1a: Rage Quit\n|-damage|p1a: Rage Quit|0 fnt\n|faint|p1a: Rage Quit\n|-damage|p2a: Salazzle|50\/100|[from] item: Life Orb\n|\n|-weather|Sandstorm|[upkeep]\n|-damage|p2a: Salazzle|44\/100|[from] Sandstorm\n|upkeep\n|\n|t:|1698065585\n|switch|p1a: Death|Kingambit, M, shiny|100\/100\n|-activate|p1a: Death|ability: Supreme Overlord\n|-start|p1a: Death|fallen5|[silent]\n|turn|15\n|l|\u2606myEGGwillkillyou\n|inactive|myEGGwillkillyou disconnected and has a minute to reconnect!\n|player|p2|\n|c|\u2606LimefennecYT|oop\n|inactive|myEGGwillkillyou has 30 seconds to reconnect!\n|j|\u2606myEGGwillkillyou\n|inactive|myEGGwillkillyou reconnected and has 115 seconds left.\n|player|p2|myEGGwillkillyou|roxie\n|\n|t:|1698065626\n|-terastallize|p1a: Death|Dark\n|move|p2a: Salazzle|Fire Blast|p1a: Death|[miss]\n|-miss|p2a: Salazzle|p1a: Death\n|move|p1a: Death|Kowtow Cleave|p2a: Salazzle\n|-damage|p2a: Salazzle|0 fnt\n|faint|p2a: Salazzle\n|\n|-weather|none\n|upkeep\n|\n|t:|1698065634\n|switch|p2a: Magikarp|Magikarp, M|100\/100\n|-damage|p2a: Magikarp|88\/100|[from] Stealth Rock\n|turn|16\n|\n|t:|1698065642\n|-terastallize|p2a: Magikarp|Water\n|move|p2a: Magikarp|Tackle|p1a: Death\n|-damage|p1a: Death|94\/100\n|move|p1a: Death|Swords Dance|p1a: Death\n|-boost|p1a: Death|atk|2\n|\n|upkeep\n|turn|17\n|inactive|myEGGwillkillyou has 120 seconds left.\n|\n|t:|1698065649\n|move|p2a: Magikarp|Tackle|p1a: Death\n|-damage|p1a: Death|87\/100\n|move|p1a: Death|Swords Dance|p1a: Death\n|-boost|p1a: Death|atk|2\n|\n|upkeep\n|turn|18\n|\n|t:|1698065656\n|move|p2a: Magikarp|Tackle|p1a: Death\n|-damage|p1a: Death|81\/100\n|move|p1a: Death|Swords Dance|p1a: Death\n|-boost|p1a: Death|atk|2\n|\n|upkeep\n|turn|19\n|c|\u2606LimefennecYT|farewell\n|\n|t:|1698065669\n|move|p1a: Death|Sucker Punch|p2a: Magikarp\n|-damage|p2a: Magikarp|0 fnt\n|faint|p2a: Magikarp\n|\n|win|LimefennecYT\n|raw|LimefennecYT's rating: 1074 &rarr; <strong>1107<\/strong><br \/>(+33 for winning)\n|raw|myEGGwillkillyou's rating: 1121 &rarr; <strong>1093<\/strong><br \/>(-28 for losing)\n","uploadtime":1698065344,"views":7,"p1id":"limefennecyt","p2id":"myeggwillkillyou","formatid":"gen9anythinggoes","rating":1093,"private":0,"password":""}