{"id":"gen9anythinggoes-1988205180","p1":"DukeGoolies","p2":"Soniaa134","format":"[Gen 9] Anything Goes","log":"|j|\u2606DukeGoolies\n|j|\u2606Soniaa134\n|t:|1699684910\n|gametype|singles\n|player|p1|DukeGoolies|169|1006\n|player|p2|Soniaa134|sonia|1065\n|teamsize|p1|6\n|teamsize|p2|6\n|gen|9\n|tier|[Gen 9] Anything Goes\n|rated|\n|rule|HP Percentage Mod: HP is shown in percentages\n|rule|Endless Battle Clause: Forcing endless battles is banned\n|clearpoke\n|poke|p1|Zapdos|\n|poke|p1|Dragapult, F|\n|poke|p1|Mimikyu, M|\n|poke|p1|Iron Moth|\n|poke|p1|Clefable, M|\n|poke|p1|Lucario, M|\n|poke|p2|Drifblim, F|\n|poke|p2|Rillaboom, M|\n|poke|p2|Grimmsnarl, M|\n|poke|p2|Meowscarada, M|\n|poke|p2|Greninja-*, M|\n|poke|p2|Venomoth, F|\n|teampreview\n|inactive|Battle timer is ON: inactive players will automatically lose when time's up. (requested by Soniaa134)\n|\n|t:|1699684926\n|start\n|switch|p1a: Iron Moth|Iron Moth|100\/100\n|switch|p2a: Grimmsnarl|Grimmsnarl, M|100\/100\n|-enditem|p1a: Iron Moth|Booster Energy\n|-activate|p1a: Iron Moth|ability: Quark Drive|[fromitem]\n|-start|p1a: Iron Moth|quarkdrivespe\n|turn|1\n|inactive|Soniaa134 has 120 seconds left.\n|\n|t:|1699684957\n|move|p2a: Grimmsnarl|Taunt|p1a: Iron Moth\n|-start|p1a: Iron Moth|move: Taunt\n|move|p1a: Iron Moth|Sludge Wave|p2a: Grimmsnarl\n|-supereffective|p2a: Grimmsnarl\n|-damage|p2a: Grimmsnarl|23\/100\n|-status|p2a: Grimmsnarl|psn\n|\n|-damage|p2a: Grimmsnarl|10\/100 psn|[from] psn\n|upkeep\n|turn|2\n|inactive|Soniaa134 has 120 seconds left.\n|inactive|DukeGoolies has 120 seconds left.\n|\n|t:|1699684991\n|move|p2a: Grimmsnarl|Light Screen|p2a: Grimmsnarl\n|-sidestart|p2: Soniaa134|move: Light Screen\n|move|p1a: Iron Moth|Energy Ball|p2a: Grimmsnarl\n|-damage|p2a: Grimmsnarl|0 fnt\n|faint|p2a: Grimmsnarl\n|\n|upkeep\n|\n|t:|1699684999\n|switch|p2a: Rillaboom|Rillaboom, M|100\/100\n|-fieldstart|move: Grassy Terrain|[from] ability: Grassy Surge|[of] p2a: Rillaboom\n|turn|3\n|inactive|DukeGoolies has 120 seconds left.\n|inactive|Soniaa134 has 120 seconds left.\n|\n|t:|1699685014\n|move|p2a: Rillaboom|Grassy Glide|p1a: Iron Moth\n|-resisted|p1a: Iron Moth\n|-damage|p1a: Iron Moth|86\/100\n|move|p1a: Iron Moth|Sludge Wave|p2a: Rillaboom\n|-supereffective|p2a: Rillaboom\n|-damage|p2a: Rillaboom|40\/100\n|-enditem|p2a: Rillaboom|Eject Button\n|inactive|Soniaa134 has 120 seconds left.\n|\n|t:|1699685021\n|switch|p2a: Drifblim|Drifblim, F|100\/100\n|-enditem|p2a: Drifblim|Grassy Seed\n|-boost|p2a: Drifblim|def|1|[from] item: Grassy Seed\n|\n|-heal|p1a: Iron Moth|92\/100|[from] Grassy Terrain\n|-end|p1a: Iron Moth|move: Taunt\n|upkeep\n|turn|4\n|inactive|DukeGoolies has 120 seconds left.\n|inactive|DukeGoolies has 90 seconds left.\n|\n|t:|1699685063\n|-end|p1a: Iron Moth|Quark Drive|[silent]\n|switch|p1a: Lucario|Lucario, M|100\/100\n|move|p2a: Drifblim|Calm Mind|p2a: Drifblim\n|-boost|p2a: Drifblim|spa|1\n|-boost|p2a: Drifblim|spd|1\n|\n|upkeep\n|turn|5\n|inactive|DukeGoolies has 90 seconds left.\n|inactive|Soniaa134 has 120 seconds left.\n|\n|t:|1699685083\n|move|p1a: Lucario|Extreme Speed|p2a: Drifblim\n|-immune|p2a: Drifblim\n|move|p2a: Drifblim|Calm Mind|p2a: Drifblim\n|-boost|p2a: Drifblim|spa|1\n|-boost|p2a: Drifblim|spd|1\n|\n|upkeep\n|turn|6\n|inactive|Soniaa134 has 120 seconds left.\n|inactive|DukeGoolies has 90 seconds left.\n|\n|t:|1699685104\n|move|p2a: Drifblim|Stored Power|p1a: Lucario\n|-damage|p1a: Lucario|0 fnt\n|faint|p1a: Lucario\n|\n|upkeep\n|inactive|DukeGoolies has 60 seconds left.\n|\n|t:|1699685134\n|switch|p1a: Zapdos|Zapdos|100\/100\n|turn|7\n|inactive|DukeGoolies has 60 seconds left.\n|\n|t:|1699685140\n|-terastallize|p2a: Drifblim|Ground\n|move|p2a: Drifblim|Calm Mind|p2a: Drifblim\n|-boost|p2a: Drifblim|spa|1\n|-boost|p2a: Drifblim|spd|1\n|move|p1a: Zapdos|Thunderbolt|p2a: Drifblim\n|-immune|p2a: Drifblim\n|\n|-fieldend|move: Grassy Terrain\n|upkeep\n|turn|8\n|inactive|DukeGoolies has 60 seconds left.\n|\n|t:|1699685154\n|move|p2a: Drifblim|Stored Power|p1a: Zapdos\n|-damage|p1a: Zapdos|0 fnt\n|faint|p1a: Zapdos\n|\n|upkeep\n|inactive|DukeGoolies has 60 seconds left.\n|\n|t:|1699685161\n|switch|p1a: Mimikyu|Mimikyu, M|100\/100\n|turn|9\n|\n|t:|1699685166\n|move|p2a: Drifblim|Stored Power|p1a: Mimikyu\n|-activate|p1a: Mimikyu|ability: Disguise\n|-damage|p1a: Mimikyu|100\/100\n|detailschange|p1a: Mimikyu|Mimikyu-Busted, M\n|-damage|p1a: Mimikyu|88\/100|[from] pokemon: Mimikyu-Busted\n|move|p1a: Mimikyu|Play Rough|p2a: Drifblim\n|-damage|p2a: Drifblim|48\/100\n|-damage|p1a: Mimikyu|78\/100|[from] item: Life Orb\n|\n|-sideend|p2: Soniaa134|move: Light Screen\n|upkeep\n|turn|10\n|inactive|DukeGoolies has 60 seconds left.\n|\n|t:|1699685194\n|move|p2a: Drifblim|Strength Sap|p1a: Mimikyu\n|-unboost|p1a: Mimikyu|atk|1\n|-heal|p2a: Drifblim|100\/100\n|move|p1a: Mimikyu|Shadow Claw|p2a: Drifblim\n|-damage|p2a: Drifblim|74\/100\n|-damage|p1a: Mimikyu|68\/100|[from] item: Life Orb\n|\n|upkeep\n|turn|11\n|inactive|DukeGoolies has 60 seconds left.\n|\n|t:|1699685215\n|move|p2a: Drifblim|Stored Power|p1a: Mimikyu\n|-damage|p1a: Mimikyu|0 fnt\n|faint|p1a: Mimikyu\n|\n|upkeep\n|\n|t:|1699685223\n|switch|p1a: Clefable|Clefable, M|100\/100\n|turn|12\n|\n|t:|1699685232\n|move|p2a: Drifblim|Stored Power|p1a: Clefable\n|-damage|p1a: Clefable|0 fnt\n|faint|p1a: Clefable\n|\n|upkeep\n|\n|t:|1699685236\n|switch|p1a: Iron Moth|Iron Moth|92\/100\n|turn|13\n|\n|t:|1699685241\n|move|p2a: Drifblim|Stored Power|p1a: Iron Moth\n|-supereffective|p1a: Iron Moth\n|-damage|p1a: Iron Moth|0 fnt\n|faint|p1a: Iron Moth\n|-end|p1a: Iron Moth|Quark Drive|[silent]\n|\n|upkeep\n|-message|DukeGoolies forfeited.\n|\n|win|Soniaa134\n|raw|DukeGoolies's rating: 1006 &rarr; <strong>1000<\/strong><br \/>(-6 for losing)\n|raw|Soniaa134's rating: 1065 &rarr; <strong>1090<\/strong><br \/>(+25 for winning)\n|l|\u2606DukeGoolies\n|c|\u2606Soniaa134|gg :V\n","uploadtime":1699685255,"views":19,"p1id":"dukegoolies","p2id":"soniaa134","formatid":"gen9anythinggoes","rating":1000,"private":0,"password":""}