{"id":"gen9anythinggoes-1980130762","p1":"safe genesect","p2":"mimizukii","format":"[Gen 9] Anything Goes","log":"|j|\u2606safe genesect\n|j|\u2606mimizukii\n|t:|1698760048\n|gametype|singles\n|player|p1|safe genesect|169|\n|player|p2|mimizukii|caitlin|\n|teamsize|p1|6\n|teamsize|p2|6\n|gen|9\n|tier|[Gen 9] Anything Goes\n|rule|HP Percentage Mod: HP is shown in percentages\n|rule|Endless Battle Clause: Forcing endless battles is banned\n|clearpoke\n|poke|p1|Goodra, F|\n|poke|p1|Manaphy|\n|poke|p1|Qwilfish-Hisui, F|\n|poke|p1|Sinistcha|\n|poke|p1|Iron Treads|\n|poke|p1|Slither Wing|\n|poke|p2|Sneasler, M|\n|poke|p2|Milotic, F|\n|poke|p2|Appletun, M|\n|poke|p2|Great Tusk|\n|poke|p2|Indeedee, M|\n|poke|p2|Overqwil, F|\n|teampreview\n|c|\u2606mimizukii|suerte guapo\n|\n|t:|1698760081\n|start\n|switch|p1a: Qwilfish|Qwilfish-Hisui, F|100\/100\n|switch|p2a: Ser Spiki|Overqwil, F|100\/100\n|-ability|p1a: Qwilfish|Intimidate|boost\n|-unboost|p2a: Ser Spiki|atk|1\n|-ability|p2a: Ser Spiki|Intimidate|boost\n|-unboost|p1a: Qwilfish|atk|1\n|turn|1\n|c|\u2606mimizukii|ajsjasjjas\n|\n|t:|1698760100\n|move|p1a: Qwilfish|Spikes|p2a: Ser Spiki\n|-sidestart|p2: mimizukii|Spikes\n|move|p2a: Ser Spiki|Toxic Spikes|p1a: Qwilfish\n|-sidestart|p1: safe genesect|move: Toxic Spikes\n|\n|upkeep\n|turn|2\n|\n|t:|1698760109\n|switch|p1a: Iron Treads|Iron Treads|100\/100\n|move|p2a: Ser Spiki|Toxic Spikes|p1a: Iron Treads\n|-sidestart|p1: safe genesect|move: Toxic Spikes\n|\n|upkeep\n|turn|3\n|\n|t:|1698760119\n|switch|p2a: Rubius|Great Tusk|100\/100\n|-damage|p2a: Rubius|88\/100|[from] Spikes\n|move|p1a: Iron Treads|Rapid Spin|p2a: Rubius\n|-damage|p2a: Rubius|80\/100\n|-boost|p1a: Iron Treads|spe|1\n|-sideend|p1: safe genesect|Toxic Spikes|[from] move: Rapid Spin|[of] p1a: Iron Treads\n|\n|-heal|p2a: Rubius|86\/100|[from] item: Leftovers\n|upkeep\n|turn|4\n|\n|t:|1698760157\n|-end|p1a: Iron Treads|Quark Drive|[silent]\n|switch|p1a: Sinistcha|Sinistcha|100\/100\n|-end|p2a: Rubius|Protosynthesis|[silent]\n|switch|p2a: Millo|Milotic, F|100\/100\n|-damage|p2a: Millo|88\/100|[from] Spikes\n|\n|-heal|p2a: Millo|94\/100|[from] item: Leftovers\n|upkeep\n|turn|5\n|\n|t:|1698760181\n|switch|p2a: Ser Spiki|Overqwil, F|100\/100\n|-damage|p2a: Ser Spiki|88\/100|[from] Spikes\n|-ability|p2a: Ser Spiki|Intimidate|boost\n|-unboost|p1a: Sinistcha|atk|1\n|switch|p1a: Goodra|Goodra, F|100\/100\n|\n|-heal|p2a: Ser Spiki|94\/100|[from] item: Black Sludge\n|upkeep\n|turn|6\n|\n|t:|1698760231\n|switch|p1a: Iron Treads|Iron Treads|100\/100\n|switch|p2a: Roun|Appletun, M|100\/100\n|-damage|p2a: Roun|88\/100|[from] Spikes\n|\n|-heal|p2a: Roun|94\/100|[from] item: Leftovers\n|upkeep\n|turn|7\n|\n|t:|1698760253\n|switch|p2a: Millo|Milotic, F|94\/100\n|-damage|p2a: Millo|82\/100|[from] Spikes\n|move|p1a: Iron Treads|Stealth Rock|p2a: Millo\n|-sidestart|p2: mimizukii|move: Stealth Rock\n|\n|-heal|p2a: Millo|88\/100|[from] item: Leftovers\n|upkeep\n|turn|8\n|\n|t:|1698760273\n|-end|p1a: Iron Treads|Quark Drive|[silent]\n|switch|p1a: Manaphy|Manaphy|100\/100\n|move|p2a: Millo|Scald|p1a: Manaphy\n|-resisted|p1a: Manaphy\n|-damage|p1a: Manaphy|89\/100\n|\n|-heal|p1a: Manaphy|95\/100|[from] item: Leftovers\n|-heal|p2a: Millo|94\/100|[from] item: Leftovers\n|upkeep\n|turn|9\n|\n|t:|1698760303\n|switch|p1a: Goodra|Goodra, F|100\/100\n|move|p2a: Millo|Hypnosis|p1a: Goodra|[miss]\n|-miss|p2a: Millo|p1a: Goodra\n|\n|-heal|p2a: Millo|99\/100|[from] item: Leftovers\n|upkeep\n|turn|10\n|\n|t:|1698760343\n|move|p1a: Goodra|Toxic|p2a: Millo\n|-status|p2a: Millo|tox\n|move|p2a: Millo|Scald|p1a: Goodra\n|-resisted|p1a: Goodra\n|-damage|p1a: Goodra|91\/100\n|\n|-heal|p1a: Goodra|97\/100|[from] item: Leftovers\n|-heal|p2a: Millo|100\/100 tox|[from] item: Leftovers\n|-damage|p2a: Millo|94\/100 tox|[from] psn\n|upkeep\n|turn|11\n|\n|t:|1698760367\n|switch|p2a: Ser Spiki|Overqwil, F|94\/100\n|-damage|p2a: Ser Spiki|82\/100|[from] Spikes\n|-damage|p2a: Ser Spiki|70\/100|[from] Stealth Rock\n|-ability|p2a: Ser Spiki|Intimidate|boost\n|-unboost|p1a: Goodra|atk|1\n|move|p1a: Goodra|Knock Off|p2a: Ser Spiki\n|-resisted|p2a: Ser Spiki\n|-damage|p2a: Ser Spiki|63\/100\n|-enditem|p2a: Ser Spiki|Black Sludge|[from] move: Knock Off|[of] p1a: Goodra\n|\n|-heal|p1a: Goodra|100\/100|[from] item: Leftovers\n|upkeep\n|turn|12\n|\n|t:|1698760407\n|switch|p1a: Iron Treads|Iron Treads|100\/100\n|move|p2a: Ser Spiki|Liquidation|p1a: Iron Treads\n|-supereffective|p1a: Iron Treads\n|-enditem|p1a: Iron Treads|Passho Berry|[eat]\n|-enditem|p1a: Iron Treads|Passho Berry|[weaken]\n|-damage|p1a: Iron Treads|84\/100\n|\n|upkeep\n|turn|13\n|c|\u2606mimizukii|:c\n|\n|t:|1698760444\n|switch|p2a: Roun|Appletun, M|94\/100\n|-damage|p2a: Roun|82\/100|[from] Spikes\n|-damage|p2a: Roun|69\/100|[from] Stealth Rock\n|move|p1a: Iron Treads|Earthquake|p2a: Roun\n|-resisted|p2a: Roun\n|-damage|p2a: Roun|49\/100\n|\n|-heal|p2a: Roun|55\/100|[from] item: Leftovers\n|upkeep\n|turn|14\n|\n|t:|1698760455\n|move|p1a: Iron Treads|Knock Off|p2a: Roun\n|-damage|p2a: Roun|28\/100\n|-enditem|p2a: Roun|Leftovers|[from] move: Knock Off|[of] p1a: Iron Treads\n|move|p2a: Roun|Recover|p2a: Roun\n|-heal|p2a: Roun|78\/100\n|\n|upkeep\n|turn|15\n|\n|t:|1698760468\n|-end|p1a: Iron Treads|Quark Drive|[silent]\n|switch|p1a: Goodra|Goodra, F|100\/100\n|move|p2a: Roun|Leech Seed|p1a: Goodra\n|-ability|p1a: Goodra|Sap Sipper|boost\n|-boost|p1a: Goodra|atk|1\n|\n|upkeep\n|turn|16\n|\n|t:|1698760476\n|-terastallize|p2a: Roun|Fairy\n|move|p1a: Goodra|Toxic|p2a: Roun\n|-status|p2a: Roun|tox\n|move|p2a: Roun|Dragon Tail|p1a: Goodra\n|-supereffective|p1a: Goodra\n|-damage|p1a: Goodra|56\/100\n|drag|p1a: Iron Treads|Iron Treads|84\/100\n|\n|-damage|p2a: Roun|72\/100 tox|[from] psn\n|upkeep\n|turn|17\n|\n|t:|1698760506\n|switch|p2a: Rubius|Great Tusk|86\/100\n|-damage|p2a: Rubius|74\/100|[from] Spikes\n|-damage|p2a: Rubius|71\/100|[from] Stealth Rock\n|move|p1a: Iron Treads|Earthquake|p2a: Rubius\n|-damage|p2a: Rubius|47\/100\n|\n|-heal|p2a: Rubius|53\/100|[from] item: Leftovers\n|upkeep\n|turn|18\n|\n|t:|1698760533\n|-end|p1a: Iron Treads|Quark Drive|[silent]\n|switch|p1a: Sinistcha|Sinistcha|100\/100\n|move|p2a: Rubius|Rapid Spin|p1a: Sinistcha\n|-immune|p1a: Sinistcha\n|\n|-heal|p2a: Rubius|59\/100|[from] item: Leftovers\n|upkeep\n|turn|19\n|\n|t:|1698760561\n|-end|p2a: Rubius|Protosynthesis|[silent]\n|switch|p2a: Ser Spiki|Overqwil, F|63\/100\n|-damage|p2a: Ser Spiki|51\/100|[from] Spikes\n|-damage|p2a: Ser Spiki|38\/100|[from] Stealth Rock\n|-ability|p2a: Ser Spiki|Intimidate|boost\n|-unboost|p1a: Sinistcha|atk|1\n|move|p1a: Sinistcha|Matcha Gotcha|p2a: Ser Spiki\n|-resisted|p2a: Ser Spiki\n|-damage|p2a: Ser Spiki|24\/100\n|\n|upkeep\n|turn|20\n|\n|t:|1698760581\n|switch|p1a: Iron Treads|Iron Treads|84\/100\n|move|p2a: Ser Spiki|Destiny Bond|p2a: Ser Spiki\n|-singlemove|p2a: Ser Spiki|Destiny Bond\n|\n|upkeep\n|turn|21\n|\n|t:|1698760589\n|move|p1a: Iron Treads|Rapid Spin|p2a: Ser Spiki\n|-damage|p2a: Ser Spiki|11\/100\n|-boost|p1a: Iron Treads|spe|1\n|move|p2a: Ser Spiki|Liquidation|p1a: Iron Treads\n|-supereffective|p1a: Iron Treads\n|-damage|p1a: Iron Treads|51\/100\n|\n|upkeep\n|turn|22\n|\n|t:|1698760604\n|move|p1a: Iron Treads|Earthquake|p2a: Ser Spiki\n|-supereffective|p2a: Ser Spiki\n|-damage|p2a: Ser Spiki|0 fnt\n|faint|p2a: Ser Spiki\n|\n|upkeep\n|\n|t:|1698760618\n|switch|p2a: Mr Mister|Indeedee, M|100\/100\n|-damage|p2a: Mr Mister|88\/100|[from] Spikes\n|-damage|p2a: Mr Mister|76\/100|[from] Stealth Rock\n|-fieldstart|move: Psychic Terrain|[from] ability: Psychic Surge|[of] p2a: Mr Mister\n|turn|23\n|\n|t:|1698760626\n|move|p1a: Iron Treads|Knock Off|p2a: Mr Mister\n|-supereffective|p2a: Mr Mister\n|-damage|p2a: Mr Mister|0 fnt\n|-enditem|p2a: Mr Mister|Choice Scarf|[from] move: Knock Off|[of] p1a: Iron Treads\n|faint|p2a: Mr Mister\n|\n|upkeep\n|\n|t:|1698760631\n|switch|p2a: T-Swizzle|Sneasler, M|100\/100\n|-damage|p2a: T-Swizzle|88\/100|[from] Spikes\n|-damage|p2a: T-Swizzle|82\/100|[from] Stealth Rock\n|-enditem|p2a: T-Swizzle|Psychic Seed\n|-boost|p2a: T-Swizzle|spd|1|[from] item: Psychic Seed\n|turn|24\n|\n|t:|1698760640\n|move|p2a: T-Swizzle|Close Combat|p1a: Iron Treads\n|-supereffective|p1a: Iron Treads\n|-damage|p1a: Iron Treads|0 fnt\n|-unboost|p2a: T-Swizzle|def|1\n|-unboost|p2a: T-Swizzle|spd|1\n|faint|p1a: Iron Treads\n|-end|p1a: Iron Treads|Quark Drive|[silent]\n|\n|upkeep\n|\n|t:|1698760654\n|switch|p1a: Qwilfish|Qwilfish-Hisui, F|100\/100\n|-ability|p1a: Qwilfish|Intimidate|boost\n|-unboost|p2a: T-Swizzle|atk|1\n|turn|25\n|\n|t:|1698760678\n|move|p2a: T-Swizzle|Dire Claw|p1a: Qwilfish\n|-resisted|p1a: Qwilfish\n|-damage|p1a: Qwilfish|91\/100\n|move|p1a: Qwilfish|Self-Destruct|p2a: T-Swizzle\n|-damage|p2a: T-Swizzle|0 fnt\n|faint|p1a: Qwilfish\n|faint|p2a: T-Swizzle\n|\n|upkeep\n|\n|t:|1698760689\n|switch|p2a: Rubius|Great Tusk|59\/100\n|switch|p1a: Slither Wing|Slither Wing|100\/100\n|-damage|p2a: Rubius|47\/100|[from] Spikes\n|-damage|p2a: Rubius|44\/100|[from] Stealth Rock\n|turn|26\n|\n|t:|1698760698\n|move|p1a: Slither Wing|Zen Headbutt|p2a: Rubius\n|-supereffective|p2a: Rubius\n|-damage|p2a: Rubius|1\/100\n|move|p2a: Rubius|Rapid Spin|p1a: Slither Wing\n|-damage|p1a: Slither Wing|76\/100\n|-boost|p2a: Rubius|spe|1\n|-sideend|p2: mimizukii|Spikes|[from] move: Rapid Spin|[of] p2a: Rubius\n|-sideend|p2: mimizukii|Stealth Rock|[from] move: Rapid Spin|[of] p2a: Rubius\n|\n|-heal|p2a: Rubius|7\/100|[from] item: Leftovers\n|upkeep\n|turn|27\n|\n|t:|1698760728\n|move|p1a: Slither Wing|Zen Headbutt|p2a: Rubius\n|-supereffective|p2a: Rubius\n|-crit|p2a: Rubius\n|-damage|p2a: Rubius|0 fnt\n|faint|p2a: Rubius\n|-end|p2a: Rubius|Protosynthesis|[silent]\n|\n|-fieldend|move: Psychic Terrain\n|upkeep\n|\n|t:|1698760737\n|switch|p2a: Roun|Appletun, M, tera:Fairy|72\/100 tox\n|turn|28\n|\n|t:|1698760746\n|-end|p1a: Slither Wing|Protosynthesis|[silent]\n|switch|p1a: Sinistcha|Sinistcha|100\/100\n|move|p2a: Roun|Dragon Tail|p1a: Sinistcha\n|-damage|p1a: Sinistcha|89\/100\n|drag|p1a: Manaphy|Manaphy|95\/100\n|\n|-heal|p1a: Manaphy|100\/100|[from] item: Leftovers\n|-damage|p2a: Roun|66\/100 tox|[from] psn\n|upkeep\n|turn|29\n|\n|t:|1698760758\n|move|p1a: Manaphy|Tail Glow|p1a: Manaphy\n|-boost|p1a: Manaphy|spa|3\n|move|p2a: Roun|Leech Seed|p1a: Manaphy\n|-start|p1a: Manaphy|move: Leech Seed\n|\n|-damage|p1a: Manaphy|88\/100|[from] Leech Seed|[of] p2a: Roun\n|-heal|p2a: Roun|77\/100 tox|[silent]\n|-damage|p2a: Roun|65\/100 tox|[from] psn\n|upkeep\n|turn|30\n|\n|t:|1698760764\n|move|p1a: Manaphy|Surf|p2a: Roun\n|-damage|p2a: Roun|10\/100 tox\n|move|p2a: Roun|Dragon Tail|p1a: Manaphy\n|-damage|p1a: Manaphy|72\/100\n|drag|p1a: Goodra|Goodra, F|56\/100\n|\n|-heal|p1a: Goodra|62\/100|[from] item: Leftovers\n|-damage|p2a: Roun|0 fnt|[from] psn\n|faint|p2a: Roun\n|upkeep\n|\n|t:|1698760778\n|switch|p2a: Millo|Milotic, F|94\/100 tox\n|turn|31\n|\n|t:|1698760793\n|move|p1a: Goodra|Knock Off|p2a: Millo\n|-damage|p2a: Millo|80\/100 tox\n|-enditem|p2a: Millo|Leftovers|[from] move: Knock Off|[of] p1a: Goodra\n|move|p2a: Millo|Hypnosis|p1a: Goodra\n|-status|p1a: Goodra|slp|[from] move: Hypnosis\n|\n|-heal|p1a: Goodra|69\/100 slp|[from] item: Leftovers\n|-damage|p2a: Millo|74\/100 tox|[from] psn\n|upkeep\n|turn|32\n|\n|t:|1698760800\n|cant|p1a: Goodra|slp\n|move|p2a: Millo|Scald|p1a: Goodra\n|-resisted|p1a: Goodra\n|-damage|p1a: Goodra|59\/100 slp\n|\n|-heal|p1a: Goodra|66\/100 slp|[from] item: Leftovers\n|-damage|p2a: Millo|62\/100 tox|[from] psn\n|upkeep\n|turn|33\n|\n|t:|1698760805\n|cant|p1a: Goodra|slp\n|move|p2a: Millo|Scald|p1a: Goodra\n|-resisted|p1a: Goodra\n|-damage|p1a: Goodra|56\/100 slp\n|\n|-heal|p1a: Goodra|63\/100 slp|[from] item: Leftovers\n|-damage|p2a: Millo|44\/100 tox|[from] psn\n|upkeep\n|turn|34\n|c|\u2606mimizukii|jajsjsajasj\n|\n|t:|1698760814\n|cant|p1a: Goodra|slp\n|move|p2a: Millo|Scald|p1a: Goodra\n|-resisted|p1a: Goodra\n|-damage|p1a: Goodra|54\/100 slp\n|\n|-heal|p1a: Goodra|61\/100 slp|[from] item: Leftovers\n|-damage|p2a: Millo|20\/100 tox|[from] psn\n|upkeep\n|turn|35\n|\n|t:|1698760827\n|-curestatus|p1a: Goodra|slp|[msg]\n|move|p1a: Goodra|Earthquake|p2a: Millo\n|-damage|p2a: Millo|4\/100 tox\n|move|p2a: Millo|Scald|p1a: Goodra\n|-resisted|p1a: Goodra\n|-damage|p1a: Goodra|53\/100\n|\n|-heal|p1a: Goodra|59\/100|[from] item: Leftovers\n|-damage|p2a: Millo|0 fnt|[from] psn\n|faint|p2a: Millo\n|\n|win|safe genesect\n|upkeep\n|c|\u2606safe genesect|gg\n|c|\u2606mimizukii|gg\n|c|\u2606mimizukii|que cagada\n|c|\u2606safe genesect|faltaba thundurus\n|c|\u2606mimizukii|subelo tu al grupo\n|c|\u2606safe genesect|k\n|l|\u2606mimizukii\n","uploadtime":1698760841,"views":32,"p1id":"safegenesect","p2id":"mimizukii","formatid":"gen9anythinggoes","rating":0,"private":0,"password":""}