{"id":"gen9anythinggoes-1985937736","p1":"YoungEsq","p2":"Cyberwolf77","format":"[Gen 9] Anything Goes","log":"|j|\u2606YoungEsq\n|j|\u2606Cyberwolf77\n|t:|1699426006\n|gametype|singles\n|player|p1|YoungEsq|1|1316\n|player|p2|Cyberwolf77|101|1422\n|teamsize|p1|6\n|teamsize|p2|6\n|gen|9\n|tier|[Gen 9] Anything Goes\n|rated|\n|rule|HP Percentage Mod: HP is shown in percentages\n|rule|Endless Battle Clause: Forcing endless battles is banned\n|clearpoke\n|poke|p1|Ting-Lu|\n|poke|p1|Gholdengo|\n|poke|p1|Roaring Moon|\n|poke|p1|Chi-Yu|\n|poke|p1|Samurott-Hisui, M|\n|poke|p1|Mandibuzz, F|\n|poke|p2|Glimmora, M|\n|poke|p2|Ribombee, M|\n|poke|p2|Calyrex-Shadow|\n|poke|p2|Arceus|\n|poke|p2|Shaymin-Sky|\n|poke|p2|Zacian-*|\n|teampreview\n|inactive|Battle timer is ON: inactive players will automatically lose when time's up. (requested by YoungEsq)\n|\n|t:|1699426014\n|start\n|switch|p1a: Ting-Lu|Ting-Lu|100\/100\n|switch|p2a: Shaymin|Shaymin-Sky|100\/100\n|-ability|p1a: Ting-Lu|Vessel of Ruin\n|turn|1\n|\n|t:|1699426040\n|move|p2a: Shaymin|Air Slash|p1a: Ting-Lu\n|-crit|p1a: Ting-Lu\n|-damage|p1a: Ting-Lu|76\/100\n|cant|p1a: Ting-Lu|flinch\n|\n|-heal|p1a: Ting-Lu|82\/100|[from] item: Leftovers\n|upkeep\n|turn|2\n|\n|t:|1699426048\n|move|p2a: Shaymin|Air Slash|p1a: Ting-Lu\n|-damage|p1a: Ting-Lu|66\/100\n|cant|p1a: Ting-Lu|flinch\n|\n|-heal|p1a: Ting-Lu|72\/100|[from] item: Leftovers\n|upkeep\n|turn|3\n|\n|t:|1699426058\n|switch|p1a: Chi-Yu|Chi-Yu|100\/100\n|-ability|p1a: Chi-Yu|Beads of Ruin\n|move|p2a: Shaymin|Air Slash|p1a: Chi-Yu\n|-damage|p1a: Chi-Yu|60\/100\n|\n|upkeep\n|turn|4\n|\n|t:|1699426066\n|move|p2a: Shaymin|Air Slash|p1a: Chi-Yu\n|-damage|p1a: Chi-Yu|16\/100\n|move|p1a: Chi-Yu|Flamethrower|p2a: Shaymin\n|-supereffective|p2a: Shaymin\n|-damage|p2a: Shaymin|0 fnt\n|faint|p2a: Shaymin\n|\n|upkeep\n|\n|t:|1699426074\n|switch|p2a: Glimmora|Glimmora, M|100\/100\n|turn|5\n|\n|t:|1699426078\n|switch|p1a: Ting-Lu|Ting-Lu|72\/100\n|-ability|p1a: Ting-Lu|Vessel of Ruin\n|move|p2a: Glimmora|Stealth Rock|p1a: Ting-Lu\n|-sidestart|p1: YoungEsq|move: Stealth Rock\n|\n|-heal|p1a: Ting-Lu|79\/100|[from] item: Leftovers\n|upkeep\n|turn|6\n|\n|t:|1699426097\n|move|p2a: Glimmora|Mortal Spin|p1a: Ting-Lu\n|-resisted|p1a: Ting-Lu\n|-damage|p1a: Ting-Lu|77\/100\n|-status|p1a: Ting-Lu|psn\n|move|p1a: Ting-Lu|Earthquake|p2a: Glimmora\n|-supereffective|p2a: Glimmora\n|-enditem|p2a: Glimmora|Focus Sash\n|-damage|p2a: Glimmora|1\/100\n|-activate|p2a: Glimmora|ability: Toxic Debris\n|-sidestart|p1: YoungEsq|move: Toxic Spikes\n|\n|-heal|p1a: Ting-Lu|83\/100 psn|[from] item: Leftovers\n|-damage|p1a: Ting-Lu|71\/100 psn|[from] psn\n|upkeep\n|turn|7\n|\n|t:|1699426113\n|move|p2a: Glimmora|Toxic Spikes|p1a: Ting-Lu\n|-sidestart|p1: YoungEsq|move: Toxic Spikes\n|move|p1a: Ting-Lu|Stealth Rock|p2a: Glimmora\n|-sidestart|p2: Cyberwolf77|move: Stealth Rock\n|\n|-heal|p1a: Ting-Lu|77\/100 psn|[from] item: Leftovers\n|-damage|p1a: Ting-Lu|64\/100 psn|[from] psn\n|upkeep\n|turn|8\n|\n|t:|1699426121\n|move|p2a: Glimmora|Memento|p1a: Ting-Lu\n|-unboost|p1a: Ting-Lu|atk|2\n|-unboost|p1a: Ting-Lu|spa|2\n|faint|p2a: Glimmora\n|move|p1a: Ting-Lu|Earthquake|p2: Glimmora|[notarget]\n|-fail|p1a: Ting-Lu\n|\n|-heal|p1a: Ting-Lu|71\/100 psn|[from] item: Leftovers\n|-damage|p1a: Ting-Lu|58\/100 psn|[from] psn\n|upkeep\n|\n|t:|1699426136\n|switch|p2a: Arceus|Arceus|100\/100\n|-damage|p2a: Arceus|88\/100|[from] Stealth Rock\n|turn|9\n|\n|t:|1699426143\n|move|p2a: Arceus|Swords Dance|p2a: Arceus\n|-boost|p2a: Arceus|atk|2\n|move|p1a: Ting-Lu|Ruination|p2a: Arceus\n|-damage|p2a: Arceus|44\/100\n|\n|-heal|p1a: Ting-Lu|64\/100 psn|[from] item: Leftovers\n|-damage|p1a: Ting-Lu|52\/100 psn|[from] psn\n|upkeep\n|turn|10\n|\n|t:|1699426154\n|-terastallize|p2a: Arceus|Normal\n|move|p2a: Arceus|Extreme Speed|p1a: Ting-Lu\n|-crit|p1a: Ting-Lu\n|-damage|p1a: Ting-Lu|0 fnt\n|faint|p1a: Ting-Lu\n|-damage|p2a: Arceus|35\/100|[from] item: Life Orb\n|\n|upkeep\n|\n|t:|1699426175\n|switch|p1a: Gholdengo|Gholdengo|100\/100\n|-damage|p1a: Gholdengo|94\/100|[from] Stealth Rock\n|-item|p1a: Gholdengo|Air Balloon\n|turn|11\n|\n|t:|1699426183\n|-terastallize|p1a: Gholdengo|Steel\n|move|p2a: Arceus|Shadow Ball|p1a: Gholdengo\n|-damage|p1a: Gholdengo|62\/100\n|-enditem|p1a: Gholdengo|Air Balloon\n|-damage|p2a: Arceus|25\/100|[from] item: Life Orb\n|move|p1a: Gholdengo|Make It Rain|p2a: Arceus\n|-damage|p2a: Arceus|0 fnt\n|-unboost|p1a: Gholdengo|spa|1\n|faint|p2a: Arceus\n|\n|upkeep\n|\n|t:|1699426200\n|switch|p2a: Calyrex|Calyrex-Shadow|100\/100\n|-ability|p2a: Calyrex|As One\n|-ability|p2a: Calyrex|Unnerve\n|-damage|p2a: Calyrex|88\/100|[from] Stealth Rock\n|turn|12\n|\n|t:|1699426211\n|switch|p1a: Mandibuzz|Mandibuzz, F|100\/100\n|move|p2a: Calyrex|Astral Barrage|p1a: Mandibuzz\n|-resisted|p1a: Mandibuzz\n|-damage|p1a: Mandibuzz|77\/100\n|\n|upkeep\n|turn|13\n|\n|t:|1699426221\n|switch|p2a: Ribombee|Ribombee, M|100\/100\n|-damage|p2a: Ribombee|76\/100|[from] Stealth Rock\n|move|p1a: Mandibuzz|Defog|p2a: Ribombee\n|-unboost|p2a: Ribombee|evasion|1\n|-sideend|p2: Cyberwolf77|Stealth Rock|[from] move: Defog|[of] p1a: Mandibuzz\n|-sideend|p1: YoungEsq|Toxic Spikes|[from] move: Defog|[of] p1a: Mandibuzz\n|-sideend|p1: YoungEsq|Stealth Rock|[from] move: Defog|[of] p1a: Mandibuzz\n|\n|upkeep\n|turn|14\n|\n|t:|1699426231\n|move|p2a: Ribombee|Quiver Dance|p2a: Ribombee\n|-boost|p2a: Ribombee|spa|1\n|-boost|p2a: Ribombee|spd|1\n|-boost|p2a: Ribombee|spe|1\n|move|p1a: Mandibuzz|Toxic|p2a: Ribombee\n|-status|p2a: Ribombee|tox\n|\n|-damage|p2a: Ribombee|70\/100 tox|[from] psn\n|upkeep\n|turn|15\n|\n|t:|1699426240\n|move|p2a: Ribombee|Moonblast|p1a: Mandibuzz\n|-supereffective|p1a: Mandibuzz\n|-damage|p1a: Mandibuzz|2\/100\n|move|p1a: Mandibuzz|Foul Play|p2a: Ribombee\n|-resisted|p2a: Ribombee\n|-damage|p2a: Ribombee|55\/100 tox\n|\n|-damage|p2a: Ribombee|43\/100 tox|[from] psn\n|upkeep\n|turn|16\n|\n|t:|1699426250\n|move|p2a: Ribombee|Moonblast|p1a: Mandibuzz\n|-supereffective|p1a: Mandibuzz\n|-damage|p1a: Mandibuzz|0 fnt\n|faint|p1a: Mandibuzz\n|\n|-damage|p2a: Ribombee|25\/100 tox|[from] psn\n|upkeep\n|\n|t:|1699426259\n|switch|p1a: Samurott|Samurott-Hisui, M|100\/100\n|turn|17\n|\n|t:|1699426271\n|move|p1a: Samurott|Aqua Jet|p2a: Ribombee\n|-damage|p2a: Ribombee|0 fnt\n|faint|p2a: Ribombee\n|\n|upkeep\n|\n|t:|1699426278\n|switch|p2a: Zacian|Zacian-Crowned|100\/100\n|-ability|p2a: Zacian|Intrepid Sword|boost\n|-boost|p2a: Zacian|atk|1\n|turn|18\n|\n|t:|1699426290\n|switch|p1a: Gholdengo|Gholdengo, tera:Steel|62\/100\n|move|p2a: Zacian|Play Rough|p1a: Gholdengo\n|-resisted|p1a: Gholdengo\n|-damage|p1a: Gholdengo|16\/100\n|\n|upkeep\n|turn|19\n|\n|t:|1699426297\n|move|p2a: Zacian|Play Rough|p1a: Gholdengo|[miss]\n|-miss|p2a: Zacian|p1a: Gholdengo\n|move|p1a: Gholdengo|Recover|p1a: Gholdengo\n|-heal|p1a: Gholdengo|66\/100\n|\n|upkeep\n|turn|20\n|\n|t:|1699426305\n|move|p2a: Zacian|Play Rough|p1a: Gholdengo\n|-resisted|p1a: Gholdengo\n|-damage|p1a: Gholdengo|22\/100\n|move|p1a: Gholdengo|Recover|p1a: Gholdengo\n|-heal|p1a: Gholdengo|72\/100\n|\n|upkeep\n|turn|21\n|\n|t:|1699426310\n|move|p2a: Zacian|Sacred Sword|p1a: Gholdengo\n|-supereffective|p1a: Gholdengo\n|-damage|p1a: Gholdengo|0 fnt\n|faint|p1a: Gholdengo\n|\n|upkeep\n|\n|t:|1699426314\n|switch|p1a: Chi-Yu|Chi-Yu|16\/100\n|-ability|p1a: Chi-Yu|Beads of Ruin\n|turn|22\n|\n|t:|1699426322\n|move|p1a: Chi-Yu|Overheat|p2a: Zacian\n|-supereffective|p2a: Zacian\n|-damage|p2a: Zacian|0 fnt\n|-unboost|p1a: Chi-Yu|spa|2\n|faint|p2a: Zacian\n|\n|upkeep\n|\n|t:|1699426329\n|switch|p2a: Calyrex|Calyrex-Shadow|88\/100\n|-ability|p2a: Calyrex|As One\n|-ability|p2a: Calyrex|Unnerve\n|turn|23\n|\n|t:|1699426339\n|switch|p1a: Samurott|Samurott-Hisui, M|100\/100\n|move|p2a: Calyrex|Astral Barrage|p1a: Samurott\n|-resisted|p1a: Samurott\n|-damage|p1a: Samurott|57\/100\n|\n|upkeep\n|turn|24\n|\n|t:|1699426347\n|move|p2a: Calyrex|Astral Barrage|p1a: Samurott\n|-resisted|p1a: Samurott\n|-damage|p1a: Samurott|17\/100\n|move|p1a: Samurott|Ceaseless Edge|p2a: Calyrex\n|-supereffective|p2a: Calyrex\n|-damage|p2a: Calyrex|0 fnt\n|-sidestart|p2: Cyberwolf77|Spikes\n|faint|p2a: Calyrex\n|\n|win|YoungEsq\n|raw|YoungEsq's rating: 1316 &rarr; <strong>1342<\/strong><br \/>(+26 for winning)\n|raw|Cyberwolf77's rating: 1422 &rarr; <strong>1396<\/strong><br \/>(-26 for losing)\n","uploadtime":1699426350,"views":5,"p1id":"youngesq","p2id":"cyberwolf77","formatid":"gen9anythinggoes","rating":1342,"private":0,"password":""}