{"id":"gen9anythinggoes-1981064566","p1":"gabitovar","p2":"SK73","format":"[Gen 9] Anything Goes","log":"|j|\u2606gabitovar\n|j|\u2606SK73\n|t:|1698860747\n|gametype|singles\n|player|p1|gabitovar|101|\n|player|p2|SK73|2|\n|teamsize|p1|4\n|teamsize|p2|4\n|gen|9\n|tier|[Gen 9] Anything Goes\n|rule|HP Percentage Mod: HP is shown in percentages\n|rule|Endless Battle Clause: Forcing endless battles is banned\n|clearpoke\n|poke|p1|Sylveon, F|\n|poke|p1|Garchomp, F|\n|poke|p1|Magnezone|\n|poke|p1|Espathra, F|\n|poke|p2|Gengar, M|\n|poke|p2|Gyarados, F|\n|poke|p2|Garchomp, F|\n|poke|p2|Slaking, M|\n|teampreview\n|inactive|Battle timer is ON: inactive players will automatically lose when time's up. (requested by gabitovar)\n|\n|t:|1698860782\n|start\n|switch|p1a: Sylveon|Sylveon, F|100\/100\n|switch|p2a: Slaking|Slaking, M|100\/100\n|turn|1\n|\n|t:|1698860792\n|-singleturn|p2a: Slaking|move: Focus Punch\n|move|p1a: Sylveon|Protect|p1a: Sylveon\n|-singleturn|p1a: Sylveon|Protect\n|move|p2a: Slaking|Focus Punch|p1a: Sylveon\n|-activate|p1a: Sylveon|move: Protect\n|\n|upkeep\n|turn|2\n|\n|t:|1698860805\n|cant|p2a: Slaking|ability: Truant\n|move|p1a: Sylveon|Wish|p1a: Sylveon\n|\n|upkeep\n|turn|3\n|\n|t:|1698860815\n|move|p2a: Slaking|Giga Impact|p1a: Sylveon\n|-damage|p1a: Sylveon|28\/100\n|-mustrecharge|p2a: Slaking\n|move|p1a: Sylveon|Calm Mind|p1a: Sylveon\n|-boost|p1a: Sylveon|spa|1\n|-boost|p1a: Sylveon|spd|1\n|\n|-heal|p1a: Sylveon|78\/100|[from] move: Wish|[wisher] Sylveon\n|upkeep\n|turn|4\n|inactive|SK73 has 270 seconds left.\n|\n|t:|1698860863\n|cant|p2a: Slaking|recharge\n|move|p1a: Sylveon|Wish|p1a: Sylveon\n|\n|upkeep\n|turn|5\n|\n|t:|1698860872\n|move|p2a: Slaking|Hyper Beam|p1a: Sylveon\n|-damage|p1a: Sylveon|54\/100\n|-mustrecharge|p2a: Slaking\n|move|p1a: Sylveon|Hyper Voice|p2a: Slaking\n|-damage|p2a: Slaking|24\/100\n|-enditem|p2a: Slaking|Aguav Berry|[eat]\n|-heal|p2a: Slaking|57\/100|[from] item: Aguav Berry\n|\n|-heal|p1a: Sylveon|100\/100|[from] move: Wish|[wisher] Sylveon\n|upkeep\n|turn|6\n|\n|t:|1698860885\n|cant|p2a: Slaking|recharge\n|move|p1a: Sylveon|Wish|p1a: Sylveon\n|\n|upkeep\n|turn|7\n|\n|t:|1698860893\n|-singleturn|p2a: Slaking|move: Focus Punch\n|move|p1a: Sylveon|Calm Mind|p1a: Sylveon\n|-boost|p1a: Sylveon|spa|1\n|-boost|p1a: Sylveon|spd|1\n|move|p2a: Slaking|Focus Punch|p1a: Sylveon\n|-resisted|p1a: Sylveon\n|-damage|p1a: Sylveon|76\/100\n|\n|-heal|p1a: Sylveon|100\/100|[from] move: Wish|[wisher] Sylveon\n|upkeep\n|turn|8\n|inactive|SK73 has 270 seconds left.\n|\n|t:|1698860906\n|switch|p2a: Gengar|Gengar, M|100\/100\n|move|p1a: Sylveon|Wish|p1a: Sylveon\n|\n|upkeep\n|turn|9\n|inactive|SK73 has 270 seconds left.\n|\n|t:|1698860922\n|-singleturn|p2a: Gengar|move: Focus Punch\n|move|p1a: Sylveon|Calm Mind|p1a: Sylveon\n|-boost|p1a: Sylveon|spa|1\n|-boost|p1a: Sylveon|spd|1\n|move|p2a: Gengar|Focus Punch|p1a: Sylveon\n|-resisted|p1a: Sylveon\n|-damage|p1a: Sylveon|88\/100\n|\n|-heal|p1a: Sylveon|100\/100|[from] move: Wish|[wisher] Sylveon\n|upkeep\n|turn|10\n|inactive|SK73 has 270 seconds left.\n|\n|t:|1698860934\n|move|p2a: Gengar|Giga Impact|p1a: Sylveon\n|-damage|p1a: Sylveon|71\/100\n|-mustrecharge|p2a: Gengar\n|move|p1a: Sylveon|Wish|p1a: Sylveon\n|\n|upkeep\n|turn|11\n|inactive|SK73 has 270 seconds left.\n|\n|t:|1698860944\n|cant|p2a: Gengar|recharge\n|move|p1a: Sylveon|Hyper Voice|p2a: Gengar\n|-resisted|p2a: Gengar\n|-damage|p2a: Gengar|0 fnt\n|-start|p1a: Sylveon|Disable|Hyper Voice|[from] ability: Cursed Body|[of] p2a: Gengar\n|faint|p2a: Gengar\n|\n|-heal|p1a: Sylveon|100\/100|[from] move: Wish|[wisher] Sylveon\n|upkeep\n|inactive|SK73 has 270 seconds left.\n|\n|t:|1698860955\n|switch|p2a: Garchomp|Garchomp, F|100\/100\n|turn|12\n|inactive|SK73 has 270 seconds left.\n|\n|t:|1698860977\n|move|p2a: Garchomp|Draco Meteor|p1a: Sylveon\n|-immune|p1a: Sylveon\n|move|p1a: Sylveon|Wish|p1a: Sylveon\n|\n|upkeep\n|turn|13\n|\n|t:|1698860994\n|move|p2a: Garchomp|Hyper Beam|p1a: Sylveon\n|-damage|p1a: Sylveon|92\/100\n|-mustrecharge|p2a: Garchomp\n|move|p1a: Sylveon|Calm Mind|p1a: Sylveon\n|-boost|p1a: Sylveon|spa|1\n|-boost|p1a: Sylveon|spd|1\n|\n|-heal|p1a: Sylveon|100\/100|[from] move: Wish|[wisher] Sylveon\n|upkeep\n|turn|14\n|\n|t:|1698861007\n|cant|p2a: Garchomp|recharge\n|move|p1a: Sylveon|Calm Mind|p1a: Sylveon\n|-boost|p1a: Sylveon|spa|1\n|-boost|p1a: Sylveon|spd|1\n|\n|-end|p1a: Sylveon|Disable\n|upkeep\n|turn|15\n|\n|t:|1698861017\n|move|p2a: Garchomp|Giga Impact|p1a: Sylveon\n|-damage|p1a: Sylveon|59\/100\n|-mustrecharge|p2a: Garchomp\n|move|p1a: Sylveon|Wish|p1a: Sylveon\n|\n|upkeep\n|turn|16\n|\n|t:|1698861024\n|cant|p2a: Garchomp|recharge\n|move|p1a: Sylveon|Hyper Voice|p2a: Garchomp\n|-supereffective|p2a: Garchomp\n|-damage|p2a: Garchomp|0 fnt\n|faint|p2a: Garchomp\n|\n|-heal|p1a: Sylveon|100\/100|[from] move: Wish|[wisher] Sylveon\n|upkeep\n|inactive|SK73 has 270 seconds left.\n|\n|t:|1698861034\n|switch|p2a: Slaking|Slaking, M|57\/100\n|turn|17\n|\n|t:|1698861042\n|-terastallize|p2a: Slaking|Normal\n|-singleturn|p2a: Slaking|move: Focus Punch\n|move|p1a: Sylveon|Hyper Voice|p2a: Slaking\n|-damage|p2a: Slaking|0 fnt\n|faint|p2a: Slaking\n|\n|upkeep\n|\n|t:|1698861050\n|switch|p2a: Gyarados|Gyarados, F|100\/100\n|-ability|p2a: Gyarados|Intimidate|boost\n|-unboost|p1a: Sylveon|atk|1\n|turn|18\n|\n|t:|1698861066\n|move|p2a: Gyarados|Hyper Beam|p1a: Sylveon\n|-damage|p1a: Sylveon|96\/100\n|-mustrecharge|p2a: Gyarados\n|move|p1a: Sylveon|Hyper Voice|p2a: Gyarados\n|-damage|p2a: Gyarados|0 fnt\n|faint|p2a: Gyarados\n|\n|win|gabitovar\n","uploadtime":1698861075,"views":4,"p1id":"gabitovar","p2id":"sk73","formatid":"gen9anythinggoes","rating":0,"private":0,"password":""}