{"id":"gen9anythinggoes-1980296297","p1":"Poke-Stairs","p2":"K1only","format":"[Gen 9] Anything Goes","log":"|j|\u2606Poke-Stairs\n|j|\u2606K1only\n|t:|1698773203\n|gametype|singles\n|player|p1|Poke-Stairs|turo-ai|1246\n|player|p2|K1only|265|1299\n|teamsize|p1|6\n|teamsize|p2|6\n|gen|9\n|tier|[Gen 9] Anything Goes\n|rated|\n|rule|HP Percentage Mod: HP is shown in percentages\n|rule|Endless Battle Clause: Forcing endless battles is banned\n|clearpoke\n|poke|p1|Ariados, M|\n|poke|p1|Kleavor, M|\n|poke|p1|Okidogi, M|\n|poke|p1|Greninja-*, M|\n|poke|p1|Murkrow, M|\n|poke|p1|Sneasler, F|\n|poke|p2|Samurott-Hisui, F|\n|poke|p2|Scizor, M|\n|poke|p2|Talonflame, M|\n|poke|p2|Shaymin-Sky|\n|poke|p2|Muk, F|\n|poke|p2|Zapdos|\n|teampreview\n|inactive|Battle timer is ON: inactive players will automatically lose when time's up. (requested by Poke-Stairs)\n|\n|t:|1698773229\n|start\n|switch|p1a: Joker|Ariados, M|100\/100\n|switch|p2a: Scizor|Scizor, M, shiny|100\/100\n|turn|1\n|\n|t:|1698773237\n|move|p1a: Joker|Sticky Web|p2a: Scizor\n|-sidestart|p2: K1only|move: Sticky Web\n|move|p2a: Scizor|Swords Dance|p2a: Scizor\n|-boost|p2a: Scizor|atk|2\n|\n|upkeep\n|turn|2\n|\n|t:|1698773243\n|move|p1a: Joker|Toxic Spikes|p2a: Scizor\n|-sidestart|p2: K1only|move: Toxic Spikes\n|move|p2a: Scizor|Swords Dance|p2a: Scizor\n|-boost|p2a: Scizor|atk|2\n|\n|upkeep\n|turn|3\n|\n|t:|1698773251\n|move|p1a: Joker|Toxic Spikes|p2a: Scizor\n|-sidestart|p2: K1only|move: Toxic Spikes\n|move|p2a: Scizor|Swords Dance|p2a: Scizor\n|-boost|p2a: Scizor|atk|2\n|\n|upkeep\n|turn|4\n|\n|t:|1698773257\n|move|p1a: Joker|Protect|p1a: Joker\n|-singleturn|p1a: Joker|Protect\n|move|p2a: Scizor|Trailblaze|p1a: Joker\n|-activate|p1a: Joker|move: Protect\n|\n|upkeep\n|turn|5\n|\n|t:|1698773264\n|move|p1a: Joker|Toxic Spikes||[still]\n|-fail|p1a: Joker\n|move|p2a: Scizor|Trailblaze|p1a: Joker\n|-resisted|p1a: Joker\n|-damage|p1a: Joker|50\/100\n|-boost|p2a: Scizor|spe|1\n|-damage|p2a: Scizor|91\/100|[from] item: Life Orb\n|\n|upkeep\n|turn|6\n|\n|t:|1698773273\n|move|p2a: Scizor|Trailblaze|p1a: Joker\n|-resisted|p1a: Joker\n|-damage|p1a: Joker|4\/100\n|-boost|p2a: Scizor|spe|1\n|-damage|p2a: Scizor|81\/100|[from] item: Life Orb\n|move|p1a: Joker|Toxic|p2a: Scizor\n|-immune|p2a: Scizor\n|\n|upkeep\n|turn|7\n|\n|t:|1698773283\n|move|p2a: Scizor|Trailblaze|p1a: Joker\n|-resisted|p1a: Joker\n|-crit|p1a: Joker\n|-damage|p1a: Joker|0 fnt\n|-boost|p2a: Scizor|spe|1\n|faint|p1a: Joker\n|-damage|p2a: Scizor|71\/100|[from] item: Life Orb\n|\n|upkeep\n|\n|t:|1698773295\n|switch|p1a: Penguin|Murkrow, M|100\/100\n|turn|8\n|\n|t:|1698773303\n|move|p1a: Penguin|Perish Song|p1a: Penguin\n|-start|p1a: Penguin|perish3|[silent]\n|-start|p2a: Scizor|perish3|[silent]\n|-fieldactivate|move: Perish Song\n|move|p2a: Scizor|Bug Bite|p1a: Penguin\n|-enditem|p1a: Penguin|Focus Sash\n|-damage|p1a: Penguin|1\/100\n|-damage|p2a: Scizor|61\/100|[from] item: Life Orb\n|\n|-start|p2a: Scizor|perish3\n|-start|p1a: Penguin|perish3\n|upkeep\n|turn|9\n|\n|t:|1698773318\n|move|p1a: Penguin|Thunder Wave|p2a: Scizor\n|-status|p2a: Scizor|par\n|move|p2a: Scizor|Trailblaze|p1a: Penguin\n|-resisted|p1a: Penguin\n|-damage|p1a: Penguin|0 fnt\n|-boost|p2a: Scizor|spe|1\n|faint|p1a: Penguin\n|-damage|p2a: Scizor|51\/100 par|[from] item: Life Orb\n|\n|-start|p2a: Scizor|perish2\n|upkeep\n|\n|t:|1698773323\n|switch|p1a: Harley|Sneasler, F|100\/100\n|turn|10\n|\n|t:|1698773334\n|move|p1a: Harley|Fake Out|p2a: Scizor\n|-resisted|p2a: Scizor\n|-damage|p2a: Scizor|44\/100 par\n|cant|p2a: Scizor|flinch\n|\n|-start|p2a: Scizor|perish1\n|upkeep\n|turn|11\n|\n|t:|1698773347\n|switch|p1a: Deathstroke|Kleavor, M|100\/100\n|move|p2a: Scizor|Bullet Punch|p1a: Deathstroke\n|-supereffective|p1a: Deathstroke\n|-enditem|p1a: Deathstroke|Focus Sash\n|-damage|p1a: Deathstroke|1\/100\n|-damage|p2a: Scizor|34\/100 par|[from] item: Life Orb\n|\n|-start|p2a: Scizor|perish0\n|upkeep\n|faint|p2a: Scizor\n|\n|t:|1698773372\n|switch|p2a: Talonflame|Talonflame, M|100\/100\n|turn|12\n|\n|t:|1698773378\n|move|p2a: Talonflame|Flame Charge|p1a: Deathstroke\n|-damage|p1a: Deathstroke|0 fnt\n|-boost|p2a: Talonflame|spe|1\n|faint|p1a: Deathstroke\n|\n|upkeep\n|\n|t:|1698773382\n|switch|p1a: Batman|Greninja, M, shiny|100\/100\n|turn|13\n|\n|t:|1698773389\n|move|p2a: Talonflame|Swords Dance|p2a: Talonflame\n|-boost|p2a: Talonflame|atk|2\n|move|p1a: Batman|Liquidation|p2a: Talonflame\n|-start|p1a: Batman|typechange|Water|[from] ability: Protean\n|-supereffective|p2a: Talonflame\n|-enditem|p2a: Talonflame|Focus Sash\n|-damage|p2a: Talonflame|1\/100\n|\n|upkeep\n|turn|14\n|\n|t:|1698773405\n|move|p2a: Talonflame|Fly||[still]\n|-prepare|p2a: Talonflame|Fly\n|move|p1a: Batman|Night Slash|p2a: Talonflame|[miss]\n|-miss|p1a: Batman|p2a: Talonflame\n|\n|upkeep\n|turn|15\n|\n|t:|1698773411\n|move|p2a: Talonflame|Fly|p1a: Batman|[from]lockedmove\n|-damage|p1a: Batman|0 fnt\n|faint|p1a: Batman\n|\n|upkeep\n|\n|t:|1698773414\n|switch|p1a: Harley|Sneasler, F|100\/100\n|turn|16\n|\n|t:|1698773419\n|move|p1a: Harley|Fake Out|p2a: Talonflame\n|-damage|p2a: Talonflame|0 fnt\n|faint|p2a: Talonflame\n|\n|upkeep\n|\n|t:|1698773427\n|switch|p2a: Muk|Muk, F, shiny|100\/100\n|-activate|p2a: Muk|move: Sticky Web\n|-unboost|p2a: Muk|spe|1\n|-sideend|p2: K1only|move: Toxic Spikes|[of] p2a: Muk\n|turn|17\n|\n|t:|1698773439\n|switch|p1a: Solomon Grundy|Okidogi, M|100\/100\n|move|p2a: Muk|Curse|p2a: Muk\n|-unboost|p2a: Muk|spe|1\n|-boost|p2a: Muk|atk|1\n|-boost|p2a: Muk|def|1\n|\n|upkeep\n|turn|18\n|\n|t:|1698773448\n|move|p1a: Solomon Grundy|Bulk Up|p1a: Solomon Grundy\n|-boost|p1a: Solomon Grundy|atk|1\n|-boost|p1a: Solomon Grundy|def|1\n|move|p2a: Muk|Curse|p2a: Muk\n|-unboost|p2a: Muk|spe|1\n|-boost|p2a: Muk|atk|1\n|-boost|p2a: Muk|def|1\n|\n|upkeep\n|turn|19\n|\n|t:|1698773457\n|move|p1a: Solomon Grundy|Bulk Up|p1a: Solomon Grundy\n|-boost|p1a: Solomon Grundy|atk|1\n|-boost|p1a: Solomon Grundy|def|1\n|move|p2a: Muk|Knock Off|p1a: Solomon Grundy\n|-resisted|p1a: Solomon Grundy\n|-damage|p1a: Solomon Grundy|91\/100\n|-enditem|p1a: Solomon Grundy|Leftovers|[from] move: Knock Off|[of] p2a: Muk\n|\n|upkeep\n|turn|20\n|\n|t:|1698773466\n|move|p1a: Solomon Grundy|Bulk Up|p1a: Solomon Grundy\n|-boost|p1a: Solomon Grundy|atk|1\n|-boost|p1a: Solomon Grundy|def|1\n|move|p2a: Muk|Curse|p2a: Muk\n|-unboost|p2a: Muk|spe|1\n|-boost|p2a: Muk|atk|1\n|-boost|p2a: Muk|def|1\n|\n|upkeep\n|turn|21\n|\n|t:|1698773478\n|move|p1a: Solomon Grundy|Bulk Up|p1a: Solomon Grundy\n|-boost|p1a: Solomon Grundy|atk|1\n|-boost|p1a: Solomon Grundy|def|1\n|move|p2a: Muk|Curse|p2a: Muk\n|-unboost|p2a: Muk|spe|1\n|-boost|p2a: Muk|atk|1\n|-boost|p2a: Muk|def|1\n|\n|upkeep\n|turn|22\n|\n|t:|1698773487\n|move|p1a: Solomon Grundy|Bulk Up|p1a: Solomon Grundy\n|-boost|p1a: Solomon Grundy|atk|1\n|-boost|p1a: Solomon Grundy|def|1\n|move|p2a: Muk|Curse|p2a: Muk\n|-unboost|p2a: Muk|spe|1\n|-boost|p2a: Muk|atk|1\n|-boost|p2a: Muk|def|1\n|\n|upkeep\n|turn|23\n|\n|t:|1698773496\n|move|p1a: Solomon Grundy|Bulk Up|p1a: Solomon Grundy\n|-boost|p1a: Solomon Grundy|atk|1\n|-boost|p1a: Solomon Grundy|def|1\n|move|p2a: Muk|Curse|p2a: Muk\n|-boost|p2a: Muk|atk|1\n|-boost|p2a: Muk|def|1\n|\n|upkeep\n|turn|24\n|c|\u2606Poke-Stairs|we both are going to be neutral to each other\n|\n|t:|1698773517\n|move|p1a: Solomon Grundy|Drain Punch|p2a: Muk\n|-resisted|p2a: Muk\n|-damage|p2a: Muk|81\/100\n|-heal|p1a: Solomon Grundy|99\/100|[from] drain|[of] p2a: Muk\n|move|p2a: Muk|Poison Jab|p1a: Solomon Grundy\n|-resisted|p1a: Solomon Grundy\n|-damage|p1a: Solomon Grundy|87\/100\n|\n|-heal|p2a: Muk|87\/100|[from] item: Black Sludge\n|upkeep\n|turn|25\n|\n|t:|1698773530\n|move|p2a: Muk|Shadow Sneak|p1a: Solomon Grundy\n|-crit|p1a: Solomon Grundy\n|-damage|p1a: Solomon Grundy|35\/100\n|move|p1a: Solomon Grundy|Knock Off|p2a: Muk\n|-damage|p2a: Muk|53\/100\n|-enditem|p2a: Muk|Black Sludge|[from] move: Knock Off|[of] p1a: Solomon Grundy\n|\n|upkeep\n|turn|26\n|\n|t:|1698773540\n|-terastallize|p1a: Solomon Grundy|Dark\n|move|p2a: Muk|Shadow Sneak|p1a: Solomon Grundy\n|-resisted|p1a: Solomon Grundy\n|-damage|p1a: Solomon Grundy|31\/100\n|move|p1a: Solomon Grundy|Drain Punch|p2a: Muk\n|-resisted|p2a: Muk\n|-damage|p2a: Muk|33\/100\n|-heal|p1a: Solomon Grundy|41\/100|[from] drain|[of] p2a: Muk\n|\n|upkeep\n|turn|27\n|\n|t:|1698773552\n|move|p1a: Solomon Grundy|Drain Punch|p2a: Muk\n|-resisted|p2a: Muk\n|-damage|p2a: Muk|12\/100\n|-heal|p1a: Solomon Grundy|50\/100|[from] drain|[of] p2a: Muk\n|move|p2a: Muk|Poison Jab|p1a: Solomon Grundy\n|-damage|p1a: Solomon Grundy|25\/100\n|\n|upkeep\n|turn|28\n|\n|t:|1698773561\n|move|p1a: Solomon Grundy|Drain Punch|p2a: Muk\n|-resisted|p2a: Muk\n|-damage|p2a: Muk|0 fnt\n|-heal|p1a: Solomon Grundy|31\/100|[from] drain|[of] p2a: Muk\n|faint|p2a: Muk\n|\n|upkeep\n|\n|t:|1698773573\n|switch|p2a: Samurott|Samurott-Hisui, F, shiny|100\/100\n|-activate|p2a: Samurott|move: Sticky Web\n|-unboost|p2a: Samurott|spe|1\n|turn|29\n|\n|t:|1698773583\n|move|p1a: Solomon Grundy|Drain Punch|p2a: Samurott\n|-supereffective|p2a: Samurott\n|-damage|p2a: Samurott|0 fnt\n|-heal|p1a: Solomon Grundy|74\/100|[from] drain|[of] p2a: Samurott\n|faint|p2a: Samurott\n|\n|upkeep\n|\n|t:|1698773591\n|switch|p2a: Shaymin|Shaymin-Sky|100\/100\n|turn|30\n|\n|t:|1698773598\n|move|p2a: Shaymin|Air Slash|p1a: Solomon Grundy|[miss]\n|-miss|p2a: Shaymin|p1a: Solomon Grundy\n|move|p1a: Solomon Grundy|Poison Jab|p2a: Shaymin\n|-supereffective|p2a: Shaymin\n|-damage|p2a: Shaymin|0 fnt\n|faint|p2a: Shaymin\n|\n|upkeep\n|\n|t:|1698773606\n|switch|p2a: Zapdos|Zapdos, shiny|100\/100\n|turn|31\n|\n|t:|1698773621\n|-terastallize|p2a: Zapdos|Steel\n|move|p2a: Zapdos|Agility|p2a: Zapdos\n|-boost|p2a: Zapdos|spe|2\n|move|p1a: Solomon Grundy|Knock Off|p2a: Zapdos\n|-damage|p2a: Zapdos|0 fnt\n|-status|p1a: Solomon Grundy|par|[from] ability: Static|[of] p2a: Zapdos\n|-enditem|p2a: Zapdos|Sitrus Berry|[from] move: Knock Off|[of] p1a: Solomon Grundy\n|faint|p2a: Zapdos\n|\n|win|Poke-Stairs\n|raw|Poke-Stairs's rating: 1246 &rarr; <strong>1275<\/strong><br \/>(+29 for winning)\n|raw|K1only's rating: 1299 &rarr; <strong>1270<\/strong><br \/>(-29 for losing)\n|c|\u2606Poke-Stairs|solomon grundy\n|l|\u2606K1only\n","uploadtime":1698773644,"views":10,"p1id":"pokestairs","p2id":"k1only","formatid":"gen9anythinggoes","rating":1270,"private":0,"password":""}