{"id":"gen9anythinggoes-1987734796","p1":"Tic-Tac-Toe Guru","p2":"MarihiroX","format":"[Gen 9] Anything Goes","log":"|j|\u2606Tic-Tac-Toe Guru\n|j|\u2606MarihiroX\n|t:|1699632112\n|gametype|singles\n|player|p1|Tic-Tac-Toe Guru|rood|1660\n|player|p2|MarihiroX|steven|1568\n|teamsize|p1|6\n|teamsize|p2|6\n|gen|9\n|tier|[Gen 9] Anything Goes\n|rated|\n|rule|HP Percentage Mod: HP is shown in percentages\n|rule|Endless Battle Clause: Forcing endless battles is banned\n|clearpoke\n|poke|p1|Ribombee, M|\n|poke|p1|Iron Treads|\n|poke|p1|Koraidon|\n|poke|p1|Miraidon|\n|poke|p1|Arceus|\n|poke|p1|Calyrex-Shadow|\n|poke|p2|Grimmsnarl, M|\n|poke|p2|Koraidon|\n|poke|p2|Ting-Lu|\n|poke|p2|Miraidon|\n|poke|p2|Calyrex-Shadow|\n|poke|p2|Arceus|\n|teampreview\n|inactive|Battle timer is ON: inactive players will automatically lose when time's up. (requested by MarihiroX)\n|\n|t:|1699632121\n|start\n|switch|p1a: Ribombee|Ribombee, M|100\/100\n|switch|p2a: Miraidon|Miraidon|100\/100\n|-fieldstart|move: Electric Terrain|[from] ability: Hadron Engine|[of] p2a: Miraidon\n|turn|1\n|\n|t:|1699632132\n|move|p1a: Ribombee|Sticky Web|p2a: Miraidon\n|-sidestart|p2: MarihiroX|move: Sticky Web\n|move|p2a: Miraidon|Calm Mind|p2a: Miraidon\n|-boost|p2a: Miraidon|spa|1\n|-boost|p2a: Miraidon|spd|1\n|\n|upkeep\n|turn|2\n|\n|t:|1699632138\n|move|p1a: Ribombee|Pounce|p2a: Miraidon\n|-damage|p2a: Miraidon|92\/100\n|-unboost|p2a: Miraidon|spe|1\n|move|p2a: Miraidon|Agility|p2a: Miraidon\n|-boost|p2a: Miraidon|spe|2\n|\n|-heal|p2a: Miraidon|98\/100|[from] item: Leftovers\n|upkeep\n|turn|3\n|\n|t:|1699632147\n|move|p2a: Miraidon|Agility|p2a: Miraidon\n|-boost|p2a: Miraidon|spe|2\n|move|p1a: Ribombee|Moonblast|p2a: Miraidon\n|-supereffective|p2a: Miraidon\n|-damage|p2a: Miraidon|66\/100\n|-unboost|p2a: Miraidon|spa|1\n|\n|-heal|p2a: Miraidon|73\/100|[from] item: Leftovers\n|upkeep\n|turn|4\n|\n|t:|1699632153\n|switch|p1a: Iron Treads|Iron Treads|100\/100\n|-activate|p1a: Iron Treads|ability: Quark Drive\n|-start|p1a: Iron Treads|quarkdriveatk\n|move|p2a: Miraidon|Calm Mind|p2a: Miraidon\n|-boost|p2a: Miraidon|spa|1\n|-boost|p2a: Miraidon|spd|1\n|\n|-heal|p2a: Miraidon|79\/100|[from] item: Leftovers\n|upkeep\n|turn|5\n|\n|t:|1699632158\n|-terastallize|p2a: Miraidon|Ice\n|move|p2a: Miraidon|Tera Blast|p1a: Iron Treads|[anim] Tera Blast Ice\n|-crit|p1a: Iron Treads\n|-damage|p1a: Iron Treads|0 fnt\n|faint|p1a: Iron Treads\n|-end|p1a: Iron Treads|Quark Drive|[silent]\n|\n|-heal|p2a: Miraidon|85\/100|[from] item: Leftovers\n|-fieldend|move: Electric Terrain\n|upkeep\n|c|\u2606Tic-Tac-Toe Guru|nice crit\n|\n|t:|1699632171\n|switch|p1a: Arceus|Arceus|100\/100\n|turn|6\n|\n|t:|1699632174\n|move|p2a: Miraidon|Tera Blast|p1a: Arceus|[anim] Tera Blast Ice\n|-damage|p1a: Arceus|51\/100\n|move|p1a: Arceus|Swords Dance|p1a: Arceus\n|-boost|p1a: Arceus|atk|2\n|\n|-heal|p2a: Miraidon|91\/100|[from] item: Leftovers\n|-heal|p1a: Arceus|58\/100|[from] item: Leftovers\n|upkeep\n|turn|7\n|\n|t:|1699632181\n|move|p1a: Arceus|Extreme Speed|p2a: Miraidon\n|-damage|p2a: Miraidon|15\/100\n|move|p2a: Miraidon|Tera Blast|p1a: Arceus|[anim] Tera Blast Ice\n|-damage|p1a: Arceus|3\/100\n|\n|-heal|p2a: Miraidon|21\/100|[from] item: Leftovers\n|-heal|p1a: Arceus|9\/100|[from] item: Leftovers\n|upkeep\n|turn|8\n|\n|t:|1699632192\n|move|p1a: Arceus|Extreme Speed|p2a: Miraidon\n|-damage|p2a: Miraidon|0 fnt\n|faint|p2a: Miraidon\n|\n|-heal|p1a: Arceus|15\/100|[from] item: Leftovers\n|upkeep\n|\n|t:|1699632211\n|switch|p2a: Arceus|Arceus|100\/100\n|-activate|p2a: Arceus|move: Sticky Web\n|-unboost|p2a: Arceus|spe|1\n|turn|9\n|\n|t:|1699632217\n|-terastallize|p1a: Arceus|Ghost\n|move|p2a: Arceus|Extreme Speed|p1a: Arceus\n|-immune|p1a: Arceus\n|move|p1a: Arceus|Imprison|p1a: Arceus\n|-start|p1a: Arceus|move: Imprison\n|\n|-heal|p1a: Arceus|21\/100|[from] item: Leftovers\n|upkeep\n|turn|10\n|\n|t:|1699632227\n|move|p1a: Arceus|Shadow Claw|p2a: Arceus\n|-immune|p2a: Arceus\n|move|p2a: Arceus|Dragon Dance|p2a: Arceus\n|-boost|p2a: Arceus|atk|1\n|-boost|p2a: Arceus|spe|1\n|\n|-heal|p1a: Arceus|28\/100|[from] item: Leftovers\n|upkeep\n|turn|11\n|inactive|MarihiroX has 120 seconds left.\n|\n|t:|1699632257\n|move|p1a: Arceus|Extreme Speed|p2a: Arceus\n|-damage|p2a: Arceus|38\/100\n|move|p2a: Arceus|Taunt|p1a: Arceus\n|-start|p1a: Arceus|move: Taunt\n|\n|-heal|p1a: Arceus|34\/100|[from] item: Leftovers\n|-heal|p2a: Arceus|44\/100|[from] item: Leftovers\n|upkeep\n|turn|12\n|\n|t:|1699632265\n|switch|p2a: Ting-Lu|Ting-Lu|100\/100\n|-activate|p2a: Ting-Lu|move: Sticky Web\n|-unboost|p2a: Ting-Lu|spe|1\n|-ability|p2a: Ting-Lu|Vessel of Ruin\n|move|p1a: Arceus|Shadow Claw|p2a: Ting-Lu\n|-resisted|p2a: Ting-Lu\n|-damage|p2a: Ting-Lu|79\/100\n|\n|-heal|p1a: Arceus|40\/100|[from] item: Leftovers\n|-heal|p2a: Ting-Lu|85\/100|[from] item: Leftovers\n|upkeep\n|turn|13\n|inactive|MarihiroX has 120 seconds left.\n|\n|t:|1699632289\n|move|p1a: Arceus|Extreme Speed|p2a: Ting-Lu\n|-damage|p2a: Ting-Lu|38\/100\n|move|p2a: Ting-Lu|Earthquake|p1a: Arceus\n|-damage|p1a: Arceus|15\/100\n|\n|-heal|p1a: Arceus|21\/100|[from] item: Leftovers\n|-heal|p2a: Ting-Lu|44\/100|[from] item: Leftovers\n|upkeep\n|turn|14\n|\n|t:|1699632298\n|move|p1a: Arceus|Extreme Speed|p2a: Ting-Lu\n|-damage|p2a: Ting-Lu|0 fnt\n|faint|p2a: Ting-Lu\n|\n|-heal|p1a: Arceus|28\/100|[from] item: Leftovers\n|-end|p1a: Arceus|move: Taunt\n|upkeep\n|\n|t:|1699632305\n|switch|p2a: Grimmsnarl|Grimmsnarl, M|100\/100\n|-activate|p2a: Grimmsnarl|move: Sticky Web\n|-unboost|p2a: Grimmsnarl|spe|1\n|turn|15\n|\n|t:|1699632309\n|move|p1a: Arceus|Extreme Speed|p2a: Grimmsnarl\n|-damage|p2a: Grimmsnarl|20\/100\n|move|p2a: Grimmsnarl|Reflect|p2a: Grimmsnarl\n|-sidestart|p2: MarihiroX|Reflect\n|\n|-heal|p1a: Arceus|34\/100|[from] item: Leftovers\n|upkeep\n|turn|16\n|inactive|MarihiroX has 120 seconds left.\n|\n|t:|1699632341\n|move|p1a: Arceus|Extreme Speed|p2a: Grimmsnarl\n|-damage|p2a: Grimmsnarl|0 fnt\n|faint|p2a: Grimmsnarl\n|\n|-heal|p1a: Arceus|40\/100|[from] item: Leftovers\n|upkeep\n|inactive|MarihiroX has 120 seconds left.\n|\n|t:|1699632350\n|switch|p2a: Arceus|Arceus|44\/100\n|-activate|p2a: Arceus|move: Sticky Web\n|-unboost|p2a: Arceus|spe|1\n|turn|17\n|\n|t:|1699632358\n|move|p1a: Arceus|Swords Dance|p1a: Arceus\n|-boost|p1a: Arceus|atk|2\n|move|p2a: Arceus|Dragon Dance|p2a: Arceus\n|-boost|p2a: Arceus|atk|1\n|-boost|p2a: Arceus|spe|1\n|\n|-heal|p1a: Arceus|46\/100|[from] item: Leftovers\n|-heal|p2a: Arceus|50\/100|[from] item: Leftovers\n|upkeep\n|turn|18\n|inactive|MarihiroX has 120 seconds left.\n|\n|t:|1699632405\n|move|p1a: Arceus|Swords Dance|p1a: Arceus\n|-boost|p1a: Arceus|atk|2\n|move|p2a: Arceus|Dragon Dance|p2a: Arceus\n|-boost|p2a: Arceus|atk|1\n|-boost|p2a: Arceus|spe|1\n|\n|-heal|p2a: Arceus|56\/100|[from] item: Leftovers\n|-heal|p1a: Arceus|52\/100|[from] item: Leftovers\n|upkeep\n|turn|19\n|\n|t:|1699632428\n|move|p2a: Arceus|Dragon Dance|p2a: Arceus\n|-boost|p2a: Arceus|atk|1\n|-boost|p2a: Arceus|spe|1\n|move|p1a: Arceus|Swords Dance|p1a: Arceus\n|-boost|p1a: Arceus|atk|0\n|\n|-heal|p2a: Arceus|62\/100|[from] item: Leftovers\n|-heal|p1a: Arceus|58\/100|[from] item: Leftovers\n|upkeep\n|turn|20\n|\n|t:|1699632438\n|move|p2a: Arceus|Dragon Dance|p2a: Arceus\n|-boost|p2a: Arceus|atk|1\n|-boost|p2a: Arceus|spe|1\n|move|p1a: Arceus|Swords Dance|p1a: Arceus\n|-boost|p1a: Arceus|atk|0\n|\n|-heal|p2a: Arceus|68\/100|[from] item: Leftovers\n|-heal|p1a: Arceus|64\/100|[from] item: Leftovers\n|upkeep\n|turn|21\n|\n|t:|1699632450\n|switch|p2a: Calyrex|Calyrex-Shadow|100\/100\n|-ability|p2a: Calyrex|As One\n|-ability|p2a: Calyrex|Unnerve\n|move|p1a: Arceus|Swords Dance|p1a: Arceus\n|-boost|p1a: Arceus|atk|0\n|\n|-heal|p1a: Arceus|70\/100|[from] item: Leftovers\n|upkeep\n|turn|22\n|inactive|MarihiroX has 120 seconds left.\n|\n|t:|1699632477\n|switch|p1a: Miraidon|Miraidon|100\/100\n|-fieldstart|move: Electric Terrain|[from] ability: Hadron Engine|[of] p1a: Miraidon\n|move|p2a: Calyrex|Astral Barrage|p1a: Miraidon\n|-crit|p1a: Miraidon\n|-damage|p1a: Miraidon|18\/100\n|\n|-sideend|p2: MarihiroX|Reflect\n|upkeep\n|turn|23\n|\n|t:|1699632492\n|switch|p2a: Koraidon|Koraidon|100\/100\n|-activate|p2a: Koraidon|move: Sticky Web\n|-unboost|p2a: Koraidon|spe|1\n|-weather|SunnyDay|[from] ability: Orichalcum Pulse|[of] p2a: Koraidon\n|-activate|p2a: Koraidon|Orichalcum Pulse|[source]\n|move|p1a: Miraidon|Volt Switch|p2a: Koraidon\n|-resisted|p2a: Koraidon\n|-damage|p2a: Koraidon|46\/100\n|c|\u2606Tic-Tac-Toe Guru|man youve thrown this\n|c|\u2606Tic-Tac-Toe Guru|so many times now\n|inactive|Tic-Tac-Toe Guru has 120 seconds left.\n|\n|t:|1699632504\n|switch|p1a: Ribombee|Ribombee, M|100\/100|[from] Volt Switch\n|\n|-weather|SunnyDay|[upkeep]\n|-heal|p2a: Koraidon|52\/100|[from] item: Leftovers\n|upkeep\n|turn|24\n|\n|t:|1699632522\n|switch|p2a: Arceus|Arceus|68\/100\n|-activate|p2a: Arceus|move: Sticky Web\n|-unboost|p2a: Arceus|spe|1\n|move|p1a: Ribombee|Moonblast|p2a: Arceus\n|-damage|p2a: Arceus|48\/100\n|-unboost|p2a: Arceus|spa|1\n|\n|-weather|SunnyDay|[upkeep]\n|-heal|p2a: Arceus|54\/100|[from] item: Leftovers\n|upkeep\n|turn|25\n|\n|t:|1699632537\n|switch|p1a: Arceus|Arceus, tera:Ghost|70\/100\n|move|p2a: Arceus|Dragon Dance|p2a: Arceus\n|-boost|p2a: Arceus|atk|1\n|-boost|p2a: Arceus|spe|1\n|\n|-weather|SunnyDay|[upkeep]\n|-heal|p1a: Arceus|76\/100|[from] item: Leftovers\n|-heal|p2a: Arceus|60\/100|[from] item: Leftovers\n|upkeep\n|turn|26\n|\n|t:|1699632544\n|move|p1a: Arceus|Imprison|p1a: Arceus\n|-start|p1a: Arceus|move: Imprison\n|move|p2a: Arceus|Taunt|p1a: Arceus\n|-start|p1a: Arceus|move: Taunt\n|\n|-weather|SunnyDay|[upkeep]\n|-heal|p1a: Arceus|82\/100|[from] item: Leftovers\n|-heal|p2a: Arceus|66\/100|[from] item: Leftovers\n|-fieldend|move: Electric Terrain\n|upkeep\n|turn|27\n|\n|t:|1699632553\n|move|p1a: Arceus|Shadow Claw|p2a: Arceus\n|-immune|p2a: Arceus\n|move|p2a: Arceus|Dragon Dance|p2a: Arceus\n|-boost|p2a: Arceus|atk|1\n|-boost|p2a: Arceus|spe|1\n|\n|-weather|none\n|-heal|p2a: Arceus|72\/100|[from] item: Leftovers\n|-heal|p1a: Arceus|89\/100|[from] item: Leftovers\n|upkeep\n|turn|28\n|\n|t:|1699632562\n|switch|p2a: Calyrex|Calyrex-Shadow|100\/100\n|-ability|p2a: Calyrex|As One\n|-ability|p2a: Calyrex|Unnerve\n|move|p1a: Arceus|Shadow Claw|p2a: Calyrex\n|-supereffective|p2a: Calyrex\n|-crit|p2a: Calyrex\n|-damage|p2a: Calyrex|0 fnt\n|faint|p2a: Calyrex\n|\n|-heal|p1a: Arceus|95\/100|[from] item: Leftovers\n|upkeep\n|\n|t:|1699632568\n|switch|p2a: Koraidon|Koraidon|52\/100\n|-activate|p2a: Koraidon|move: Sticky Web\n|-unboost|p2a: Koraidon|spe|1\n|-weather|SunnyDay|[from] ability: Orichalcum Pulse|[of] p2a: Koraidon\n|-activate|p2a: Koraidon|Orichalcum Pulse|[source]\n|turn|29\n|\n|t:|1699632582\n|move|p1a: Arceus|Extreme Speed|p2a: Koraidon\n|-damage|p2a: Koraidon|13\/100\n|move|p2a: Koraidon|Bulk Up|p2a: Koraidon\n|-boost|p2a: Koraidon|atk|1\n|-boost|p2a: Koraidon|def|1\n|\n|-weather|SunnyDay|[upkeep]\n|-heal|p1a: Arceus|100\/100|[from] item: Leftovers\n|-heal|p2a: Koraidon|19\/100|[from] item: Leftovers\n|-end|p1a: Arceus|move: Taunt\n|upkeep\n|turn|30\n|\n|t:|1699632606\n|switch|p1a: Miraidon|Miraidon|18\/100\n|-fieldstart|move: Electric Terrain|[from] ability: Hadron Engine|[of] p1a: Miraidon\n|move|p2a: Koraidon|Flame Charge|p1a: Miraidon\n|-resisted|p1a: Miraidon\n|-damage|p1a: Miraidon|0 fnt\n|-boost|p2a: Koraidon|spe|1\n|faint|p1a: Miraidon\n|\n|-weather|SunnyDay|[upkeep]\n|-heal|p2a: Koraidon|25\/100|[from] item: Leftovers\n|upkeep\n|\n|t:|1699632612\n|switch|p1a: Ribombee|Ribombee, M|100\/100\n|turn|31\n|\n|t:|1699632625\n|move|p2a: Koraidon|Flame Charge|p1a: Ribombee\n|-supereffective|p1a: Ribombee\n|-enditem|p1a: Ribombee|Focus Sash\n|-damage|p1a: Ribombee|1\/100\n|-boost|p2a: Koraidon|spe|1\n|move|p1a: Ribombee|Moonblast|p2a: Koraidon\n|-supereffective|p2a: Koraidon\n|-damage|p2a: Koraidon|0 fnt\n|faint|p2a: Koraidon\n|\n|-weather|SunnyDay|[upkeep]\n|upkeep\n|\n|t:|1699632628\n|switch|p2a: Arceus|Arceus|72\/100\n|-activate|p2a: Arceus|move: Sticky Web\n|-unboost|p2a: Arceus|spe|1\n|turn|32\n|\n|t:|1699632633\n|switch|p1a: Arceus|Arceus, tera:Ghost|100\/100\n|move|p2a: Arceus|Taunt|p1a: Arceus\n|-start|p1a: Arceus|move: Taunt\n|\n|-weather|SunnyDay|[upkeep]\n|-heal|p2a: Arceus|78\/100|[from] item: Leftovers\n|upkeep\n|turn|33\n|\n|t:|1699632636\n|switch|p1a: Ribombee|Ribombee, M|1\/100\n|move|p2a: Arceus|Dragon Dance|p2a: Arceus\n|-boost|p2a: Arceus|atk|1\n|-boost|p2a: Arceus|spe|1\n|\n|-weather|none\n|-heal|p2a: Arceus|84\/100|[from] item: Leftovers\n|upkeep\n|turn|34\n|\n|t:|1699632639\n|move|p1a: Ribombee|Stun Spore|p2a: Arceus|[miss]\n|-miss|p1a: Ribombee|p2a: Arceus\n|move|p2a: Arceus|Dragon Dance|p2a: Arceus\n|-boost|p2a: Arceus|atk|1\n|-boost|p2a: Arceus|spe|1\n|\n|-heal|p2a: Arceus|90\/100|[from] item: Leftovers\n|-fieldend|move: Electric Terrain\n|upkeep\n|turn|35\n|\n|t:|1699632644\n|move|p2a: Arceus|Taunt|p1a: Ribombee\n|-start|p1a: Ribombee|move: Taunt\n|move|p1a: Ribombee|Pounce|p2a: Arceus\n|-damage|p2a: Arceus|84\/100\n|-unboost|p2a: Arceus|spe|1\n|\n|-heal|p2a: Arceus|90\/100|[from] item: Leftovers\n|upkeep\n|turn|36\n|\n|t:|1699632647\n|move|p1a: Ribombee|Pounce|p2a: Arceus\n|-damage|p2a: Arceus|83\/100\n|-unboost|p2a: Arceus|spe|1\n|move|p2a: Arceus|Dragon Dance|p2a: Arceus\n|-boost|p2a: Arceus|atk|1\n|-boost|p2a: Arceus|spe|1\n|\n|-heal|p2a: Arceus|89\/100|[from] item: Leftovers\n|upkeep\n|turn|37\n|\n|t:|1699632652\n|move|p1a: Ribombee|Pounce|p2a: Arceus\n|-damage|p2a: Arceus|81\/100\n|-unboost|p2a: Arceus|spe|1\n|move|p2a: Arceus|Dragon Dance|p2a: Arceus\n|-boost|p2a: Arceus|atk|1\n|-boost|p2a: Arceus|spe|1\n|\n|-heal|p2a: Arceus|87\/100|[from] item: Leftovers\n|-end|p1a: Ribombee|move: Taunt\n|upkeep\n|turn|38\n|\n|t:|1699632655\n|move|p1a: Ribombee|Pounce|p2a: Arceus\n|-damage|p2a: Arceus|81\/100\n|-unboost|p2a: Arceus|spe|1\n|move|p2a: Arceus|Dragon Dance|p2a: Arceus\n|-boost|p2a: Arceus|atk|1\n|-boost|p2a: Arceus|spe|1\n|\n|-heal|p2a: Arceus|87\/100|[from] item: Leftovers\n|upkeep\n|turn|39\n|\n|t:|1699632659\n|move|p1a: Ribombee|Stun Spore|p2a: Arceus\n|-status|p2a: Arceus|par\n|move|p2a: Arceus|Taunt|p1a: Ribombee\n|-start|p1a: Ribombee|move: Taunt\n|\n|-heal|p2a: Arceus|93\/100 par|[from] item: Leftovers\n|upkeep\n|turn|40\n|\n|t:|1699632672\n|move|p1a: Ribombee|Pounce|p2a: Arceus\n|-damage|p2a: Arceus|87\/100 par\n|-unboost|p2a: Arceus|spe|1\n|move|p2a: Arceus|Taunt||[still]\n|-fail|p2a: Arceus\n|\n|-heal|p2a: Arceus|93\/100 par|[from] item: Leftovers\n|upkeep\n|turn|41\n|\n|t:|1699632679\n|move|p1a: Ribombee|Moonblast|p2a: Arceus\n|-damage|p2a: Arceus|69\/100 par\n|move|p2a: Arceus|Dragon Dance|p2a: Arceus\n|-boost|p2a: Arceus|atk|1\n|-boost|p2a: Arceus|spe|1\n|\n|-heal|p2a: Arceus|75\/100 par|[from] item: Leftovers\n|upkeep\n|turn|42\n|\n|t:|1699632698\n|move|p1a: Ribombee|Moonblast|p2a: Arceus\n|-damage|p2a: Arceus|54\/100 par\n|move|p2a: Arceus|Dragon Dance|p2a: Arceus\n|-boost|p2a: Arceus|atk|0\n|-boost|p2a: Arceus|spe|1\n|\n|-heal|p2a: Arceus|60\/100 par|[from] item: Leftovers\n|-end|p1a: Ribombee|move: Taunt\n|upkeep\n|turn|43\n|\n|t:|1699632714\n|move|p1a: Ribombee|Pounce|p2a: Arceus\n|-damage|p2a: Arceus|53\/100 par\n|-unboost|p2a: Arceus|spe|1\n|move|p2a: Arceus|Dragon Dance|p2a: Arceus\n|-boost|p2a: Arceus|atk|0\n|-boost|p2a: Arceus|spe|1\n|\n|-heal|p2a: Arceus|59\/100 par|[from] item: Leftovers\n|upkeep\n|turn|44\n|\n|t:|1699632723\n|move|p2a: Arceus|Extreme Speed|p1a: Ribombee\n|-damage|p1a: Ribombee|0 fnt\n|faint|p1a: Ribombee\n|\n|-heal|p2a: Arceus|65\/100 par|[from] item: Leftovers\n|upkeep\n|\n|t:|1699632726\n|switch|p1a: Arceus|Arceus, tera:Ghost|100\/100\n|turn|45\n|inactive|MarihiroX has 120 seconds left.\n|\n|t:|1699632775\n|move|p1a: Arceus|Imprison|p1a: Arceus\n|-start|p1a: Arceus|move: Imprison\n|cant|p2a: Arceus|par\n|\n|-heal|p2a: Arceus|71\/100 par|[from] item: Leftovers\n|upkeep\n|turn|46\n|\n|t:|1699632793\n|move|p1a: Arceus|Swords Dance|p1a: Arceus\n|-boost|p1a: Arceus|atk|2\n|move|p2a: Arceus|Dragon Dance|p2a: Arceus\n|-boost|p2a: Arceus|atk|0\n|-boost|p2a: Arceus|spe|1\n|\n|-heal|p2a: Arceus|77\/100 par|[from] item: Leftovers\n|upkeep\n|turn|47\n|inactive|MarihiroX has 120 seconds left.\n|\n|t:|1699632814\n|move|p1a: Arceus|Swords Dance|p1a: Arceus\n|-boost|p1a: Arceus|atk|2\n|move|p2a: Arceus|Dragon Dance|p2a: Arceus\n|-boost|p2a: Arceus|atk|0\n|-boost|p2a: Arceus|spe|1\n|\n|-heal|p2a: Arceus|84\/100 par|[from] item: Leftovers\n|upkeep\n|turn|48\n|-message|MarihiroX forfeited.\n|\n|win|Tic-Tac-Toe Guru\n|raw|Tic-Tac-Toe Guru's rating: 1672 &rarr; <strong>1686<\/strong><br \/>(+14 for winning)\n|raw|MarihiroX's rating: 1568 &rarr; <strong>1554<\/strong><br \/>(-14 for losing)\n|l|\u2606MarihiroX\n|l|\u2606Tic-Tac-Toe Guru\n","uploadtime":1699632839,"views":4,"p1id":"tictactoeguru","p2id":"marihirox","formatid":"gen9anythinggoes","rating":1554,"private":0,"password":""}