{"id":"gen9anythinggoes-1992468808","p1":"SceptileKyle","p2":"Puptup","format":"[Gen 9] Anything Goes","log":"|j|\u2606SceptileKyle\n|j|\u2606Puptup\n|t:|1700191338\n|gametype|singles\n|player|p1|SceptileKyle|169|\n|player|p2|Puptup|burglar|\n|teamsize|p1|6\n|teamsize|p2|6\n|gen|9\n|tier|[Gen 9] Anything Goes\n|rule|HP Percentage Mod: HP is shown in percentages\n|rule|Endless Battle Clause: Forcing endless battles is banned\n|clearpoke\n|poke|p1|Landorus-Therian, M|\n|poke|p1|Annihilape, F|\n|poke|p1|Volcarona, F|\n|poke|p1|Tyranitar, F|\n|poke|p1|Lycanroc, F|\n|poke|p1|Dugtrio-Alola, M|\n|poke|p2|Iron Valiant|\n|poke|p2|Gothitelle, F|\n|poke|p2|Alomomola, F|\n|poke|p2|Slowking-Galar, M|\n|poke|p2|Iron Treads|\n|poke|p2|Chesnaught, M|\n|teampreview\n|\n|t:|1700191346\n|start\n|switch|p1a: Landorus|Landorus-Therian, M|100\/100\n|switch|p2a: Lightly|Iron Treads, shiny|100\/100\n|-ability|p1a: Landorus|Intimidate|boost\n|-unboost|p2a: Lightly|atk|1\n|turn|1\n|\n|t:|1700191353\n|move|p1a: Landorus|U-turn|p2a: Lightly\n|-resisted|p2a: Lightly\n|-damage|p2a: Lightly|88\/100\n|\n|t:|1700191355\n|switch|p1a: Volcarona|Volcarona, F|100\/100|[from] U-turn\n|move|p2a: Lightly|Ice Spinner|p1a: Volcarona\n|-resisted|p1a: Volcarona\n|-damage|p1a: Volcarona|86\/100\n|\n|upkeep\n|turn|2\n|\n|t:|1700191362\n|-end|p2a: Lightly|Quark Drive|[silent]\n|switch|p2a: Makhachev|Slowking-Galar, M|100\/100\n|move|p1a: Volcarona|Quiver Dance|p1a: Volcarona\n|-boost|p1a: Volcarona|spa|1\n|-boost|p1a: Volcarona|spd|1\n|-boost|p1a: Volcarona|spe|1\n|\n|upkeep\n|turn|3\n|\n|t:|1700191367\n|switch|p1a: Dugtrio|Dugtrio-Alola, M|100\/100\n|move|p2a: Makhachev|Future Sight|p1a: Dugtrio\n|-start|p2a: Makhachev|move: Future Sight\n|\n|upkeep\n|turn|4\n|\n|t:|1700191374\n|switch|p2a: Greedo|Chesnaught, M|100\/100\n|move|p1a: Dugtrio|Iron Head|p2a: Greedo\n|-damage|p2a: Greedo|81\/100\n|\n|-heal|p2a: Greedo|87\/100|[from] item: Leftovers\n|upkeep\n|turn|5\n|\n|t:|1700191383\n|switch|p1a: Tyranitar|Tyranitar, F|100\/100\n|-weather|Sandstorm|[from] ability: Sand Stream|[of] p1a: Tyranitar\n|move|p2a: Greedo|Spikes|p1a: Tyranitar\n|-sidestart|p1: SceptileKyle|Spikes\n|\n|-weather|Sandstorm|[upkeep]\n|-damage|p2a: Greedo|81\/100|[from] Sandstorm\n|-end|p1a: Tyranitar|move: Future Sight\n|-immune|p1a: Tyranitar\n|-heal|p2a: Greedo|87\/100|[from] item: Leftovers\n|upkeep\n|turn|6\n|\n|t:|1700191399\n|switch|p1a: Volcarona|Volcarona, F|86\/100\n|move|p2a: Greedo|Body Press|p1a: Volcarona\n|-resisted|p1a: Volcarona\n|-damage|p1a: Volcarona|56\/100\n|-status|p2a: Greedo|brn|[from] ability: Flame Body|[of] p1a: Volcarona\n|\n|-weather|Sandstorm|[upkeep]\n|-damage|p1a: Volcarona|50\/100|[from] Sandstorm\n|-damage|p2a: Greedo|81\/100 brn|[from] Sandstorm\n|-heal|p2a: Greedo|87\/100 brn|[from] item: Leftovers\n|-damage|p2a: Greedo|81\/100 brn|[from] brn\n|upkeep\n|turn|7\n|\n|t:|1700191405\n|switch|p2a: Makhachev|Slowking-Galar, M|100\/100\n|move|p1a: Volcarona|Quiver Dance|p1a: Volcarona\n|-boost|p1a: Volcarona|spa|1\n|-boost|p1a: Volcarona|spd|1\n|-boost|p1a: Volcarona|spe|1\n|\n|-weather|Sandstorm|[upkeep]\n|-damage|p1a: Volcarona|44\/100|[from] Sandstorm\n|-damage|p2a: Makhachev|94\/100|[from] Sandstorm\n|upkeep\n|turn|8\n|\n|t:|1700191410\n|move|p1a: Volcarona|Fiery Dance|p2a: Makhachev\n|-damage|p2a: Makhachev|67\/100\n|move|p2a: Makhachev|Power Gem|p1a: Volcarona\n|-supereffective|p1a: Volcarona\n|-damage|p1a: Volcarona|0 fnt\n|faint|p1a: Volcarona\n|\n|-weather|Sandstorm|[upkeep]\n|-damage|p2a: Makhachev|61\/100|[from] Sandstorm\n|upkeep\n|\n|t:|1700191415\n|switch|p1a: Annihilape|Annihilape, F|100\/100\n|-damage|p1a: Annihilape|88\/100|[from] Spikes\n|turn|9\n|\n|t:|1700191420\n|switch|p2a: Tennyson|Iron Valiant|100\/100\n|move|p1a: Annihilape|Bulk Up|p1a: Annihilape\n|-boost|p1a: Annihilape|atk|1\n|-boost|p1a: Annihilape|def|1\n|\n|-weather|Sandstorm|[upkeep]\n|-damage|p2a: Tennyson|94\/100|[from] Sandstorm\n|-damage|p1a: Annihilape|82\/100|[from] Sandstorm\n|-heal|p1a: Annihilape|88\/100|[from] item: Leftovers\n|upkeep\n|turn|10\n|\n|t:|1700191424\n|move|p2a: Tennyson|Moonblast|p1a: Annihilape\n|-supereffective|p1a: Annihilape\n|-damage|p1a: Annihilape|2\/100\n|-unboost|p1a: Annihilape|spa|1\n|-ability|p1a: Annihilape|Defiant|boost\n|-boost|p1a: Annihilape|atk|2\n|move|p1a: Annihilape|Rage Fist|p2a: Tennyson\n|-damage|p2a: Tennyson|0 fnt\n|faint|p2a: Tennyson\n|-end|p2a: Tennyson|Quark Drive|[silent]\n|\n|-weather|Sandstorm|[upkeep]\n|-damage|p1a: Annihilape|0 fnt|[from] Sandstorm\n|faint|p1a: Annihilape\n|upkeep\n|\n|t:|1700191436\n|switch|p2a: Gidle|Alomomola, F, shiny|100\/100\n|switch|p1a: Landorus|Landorus-Therian, M|100\/100\n|-ability|p1a: Landorus|Intimidate|boost\n|-unboost|p2a: Gidle|atk|1\n|turn|11\n|\n|t:|1700191441\n|move|p2a: Gidle|Protect|p2a: Gidle\n|-singleturn|p2a: Gidle|Protect\n|move|p1a: Landorus|U-turn|p2a: Gidle\n|-activate|p2a: Gidle|move: Protect\n|\n|-weather|Sandstorm|[upkeep]\n|-damage|p2a: Gidle|94\/100|[from] Sandstorm\n|-heal|p2a: Gidle|100\/100|[from] item: Leftovers\n|upkeep\n|turn|12\n|\n|t:|1700191444\n|move|p1a: Landorus|U-turn|p2a: Gidle\n|-damage|p2a: Gidle|87\/100\n|\n|t:|1700191448\n|switch|p1a: Dugtrio|Dugtrio-Alola, M|100\/100|[from] U-turn\n|-damage|p1a: Dugtrio|88\/100|[from] Spikes\n|move|p2a: Gidle|Flip Turn|p1a: Dugtrio\n|-supereffective|p1a: Dugtrio\n|-damage|p1a: Dugtrio|34\/100\n|\n|t:|1700191460\n|switch|p2a: Hello Moto|Gothitelle, F, shiny|100\/100|[from] Flip Turn\n|\n|-weather|none\n|upkeep\n|turn|13\n|\n|t:|1700191464\n|move|p2a: Hello Moto|Psychic|p1a: Dugtrio\n|-resisted|p1a: Dugtrio\n|-damage|p1a: Dugtrio|0 fnt\n|faint|p1a: Dugtrio\n|\n|upkeep\n|\n|t:|1700191470\n|switch|p1a: Tyranitar|Tyranitar, F|100\/100\n|-damage|p1a: Tyranitar|88\/100|[from] Spikes\n|-weather|Sandstorm|[from] ability: Sand Stream|[of] p1a: Tyranitar\n|turn|14\n|\n|t:|1700191515\n|switch|p2a: Greedo|Chesnaught, M|81\/100 brn\n|move|p1a: Tyranitar|Dragon Dance|p1a: Tyranitar\n|-boost|p1a: Tyranitar|atk|1\n|-boost|p1a: Tyranitar|spe|1\n|\n|-weather|Sandstorm|[upkeep]\n|-damage|p2a: Greedo|75\/100 brn|[from] Sandstorm\n|-heal|p2a: Greedo|81\/100 brn|[from] item: Leftovers\n|-damage|p2a: Greedo|75\/100 brn|[from] brn\n|upkeep\n|turn|15\n|\n|t:|1700191525\n|move|p1a: Tyranitar|Dragon Dance|p1a: Tyranitar\n|-boost|p1a: Tyranitar|atk|1\n|-boost|p1a: Tyranitar|spe|1\n|move|p2a: Greedo|Body Press|p1a: Tyranitar\n|-supereffective|p1a: Tyranitar\n|-damage|p1a: Tyranitar|9\/100\n|\n|-weather|Sandstorm|[upkeep]\n|-damage|p2a: Greedo|69\/100 brn|[from] Sandstorm\n|-heal|p2a: Greedo|75\/100 brn|[from] item: Leftovers\n|-damage|p2a: Greedo|69\/100 brn|[from] brn\n|upkeep\n|turn|16\n|\n|t:|1700191540\n|move|p1a: Tyranitar|Ice Punch|p2a: Greedo\n|-supereffective|p2a: Greedo\n|-damage|p2a: Greedo|2\/100 brn\n|move|p2a: Greedo|Body Press|p1a: Tyranitar\n|-supereffective|p1a: Tyranitar\n|-damage|p1a: Tyranitar|0 fnt\n|faint|p1a: Tyranitar\n|\n|-weather|Sandstorm|[upkeep]\n|-damage|p2a: Greedo|0 fnt|[from] Sandstorm\n|faint|p2a: Greedo\n|upkeep\n|\n|t:|1700191551\n|switch|p1a: Landorus|Landorus-Therian, M|100\/100\n|switch|p2a: Gidle|Alomomola, F, shiny|100\/100\n|-ability|p1a: Landorus|Intimidate|boost\n|-unboost|p2a: Gidle|atk|1\n|turn|17\n|\n|t:|1700191557\n|move|p1a: Landorus|U-turn|p2a: Gidle\n|-damage|p2a: Gidle|87\/100\n|\n|t:|1700191559\n|switch|p1a: Lycanroc|Lycanroc, F|100\/100|[from] U-turn\n|-damage|p1a: Lycanroc|88\/100|[from] Spikes\n|move|p2a: Gidle|Scald|p1a: Lycanroc\n|-supereffective|p1a: Lycanroc\n|-damage|p1a: Lycanroc|55\/100\n|\n|-weather|Sandstorm|[upkeep]\n|-damage|p2a: Gidle|81\/100|[from] Sandstorm\n|-heal|p2a: Gidle|87\/100|[from] item: Leftovers\n|upkeep\n|turn|18\n|\n|t:|1700191567\n|-terastallize|p1a: Lycanroc|Ghost\n|move|p1a: Lycanroc|Stone Edge|p2a: Gidle\n|-damage|p2a: Gidle|54\/100\n|-damage|p1a: Lycanroc|45\/100|[from] item: Life Orb\n|move|p2a: Gidle|Flip Turn|p1a: Lycanroc\n|-damage|p1a: Lycanroc|25\/100\n|\n|t:|1700191574\n|switch|p2a: Lightly|Iron Treads, shiny|88\/100|[from] Flip Turn\n|\n|-weather|Sandstorm|[upkeep]\n|upkeep\n|turn|19\n|\n|t:|1700191577\n|move|p1a: Lycanroc|Drill Run|p2a: Lightly\n|-supereffective|p2a: Lightly\n|-enditem|p2a: Lightly|Shuca Berry|[eat]\n|-enditem|p2a: Lightly|Shuca Berry|[weaken]\n|-damage|p2a: Lightly|56\/100\n|-damage|p1a: Lycanroc|15\/100|[from] item: Life Orb\n|move|p2a: Lightly|Knock Off|p1a: Lycanroc\n|-supereffective|p1a: Lycanroc\n|-damage|p1a: Lycanroc|0 fnt\n|-enditem|p1a: Lycanroc|Life Orb|[from] move: Knock Off|[of] p2a: Lightly\n|faint|p1a: Lycanroc\n|\n|-weather|Sandstorm|[upkeep]\n|upkeep\n|\n|t:|1700191581\n|switch|p1a: Landorus|Landorus-Therian, M|100\/100\n|-ability|p1a: Landorus|Intimidate|boost\n|-unboost|p2a: Lightly|atk|1\n|turn|20\n|\n|t:|1700191596\n|-end|p2a: Lightly|Quark Drive|[silent]\n|switch|p2a: Gidle|Alomomola, F, shiny|87\/100\n|move|p1a: Landorus|Outrage|p2a: Gidle\n|-damage|p2a: Gidle|62\/100\n|\n|-weather|Sandstorm|[upkeep]\n|-damage|p2a: Gidle|56\/100|[from] Sandstorm\n|-heal|p2a: Gidle|62\/100|[from] item: Leftovers\n|upkeep\n|turn|21\n|\n|t:|1700191606\n|-terastallize|p2a: Gidle|Dragon\n|move|p1a: Landorus|Outrage|p2a: Gidle|[from]lockedmove\n|-supereffective|p2a: Gidle\n|-damage|p2a: Gidle|13\/100\n|move|p2a: Gidle|Scald|p1a: Landorus\n|-supereffective|p1a: Landorus\n|-damage|p1a: Landorus|67\/100\n|\n|-weather|none\n|-heal|p2a: Gidle|19\/100|[from] item: Leftovers\n|upkeep\n|turn|22\n|\n|t:|1700191614\n|switch|p2a: Makhachev|Slowking-Galar, M|94\/100\n|move|p1a: Landorus|Outrage|p2a: Makhachev|[from]lockedmove\n|-damage|p2a: Makhachev|47\/100\n|-start|p1a: Landorus|confusion|[fatigue]\n|\n|upkeep\n|turn|23\n|\n|t:|1700191627\n|-activate|p1a: Landorus|confusion\n|-damage|p1a: Landorus|50\/100|[from] confusion\n|move|p2a: Makhachev|Future Sight|p1a: Landorus\n|-start|p2a: Makhachev|move: Future Sight\n|\n|upkeep\n|turn|24\n|\n|t:|1700191631\n|switch|p2a: Gidle|Alomomola, F, shiny, tera:Dragon|52\/100\n|-activate|p1a: Landorus|confusion\n|move|p1a: Landorus|Outrage|p2a: Gidle\n|-supereffective|p2a: Gidle\n|-damage|p2a: Gidle|5\/100\n|\n|-heal|p2a: Gidle|11\/100|[from] item: Leftovers\n|upkeep\n|turn|25\n|\n|t:|1700191634\n|move|p2a: Gidle|Protect|p2a: Gidle\n|-singleturn|p2a: Gidle|Protect\n|-activate|p1a: Landorus|confusion\n|move|p1a: Landorus|Outrage|p2a: Gidle|[from]lockedmove\n|-activate|p2a: Gidle|move: Protect\n|\n|-end|p1a: Landorus|move: Future Sight\n|-damage|p1a: Landorus|0 fnt\n|faint|p1a: Landorus\n|\n|win|Puptup\n|upkeep\n","uploadtime":1700191650,"views":20,"p1id":"sceptilekyle","p2id":"puptup","formatid":"gen9anythinggoes","rating":0,"private":0,"password":""}