{"id":"gen9anythinggoes-1972402774","p1":"Iknowmyabc'slol","p2":"Cutecat1122","format":"[Gen 9] Anything Goes","log":"|j|\u2606Iknowmyabc'slol\n|j|\u2606Cutecat1122\n|t:|1697838993\n|gametype|singles\n|player|p1|Iknowmyabc'slol|265|1517\n|player|p2|Cutecat1122|cheryl|1726\n|teamsize|p1|6\n|teamsize|p2|6\n|gen|9\n|tier|[Gen 9] Anything Goes\n|rated|\n|rule|HP Percentage Mod: HP is shown in percentages\n|rule|Endless Battle Clause: Forcing endless battles is banned\n|clearpoke\n|poke|p1|Arceus-Fairy|\n|poke|p1|Toxapex, F|\n|poke|p1|Ting-Lu|\n|poke|p1|Calyrex-Shadow|\n|poke|p1|Koraidon|\n|poke|p1|Arceus|\n|poke|p2|Calyrex-Shadow|\n|poke|p2|Arceus|\n|poke|p2|Koraidon|\n|poke|p2|Miraidon|\n|poke|p2|Ting-Lu|\n|poke|p2|Kyogre|\n|teampreview\n|inactive|Battle timer is ON: inactive players will automatically lose when time's up. (requested by Cutecat1122)\n|\n|t:|1697839008\n|start\n|switch|p1a: Koraidon|Koraidon|100\/100\n|switch|p2a: Kyogre|Kyogre|100\/100\n|-weather|SunnyDay|[from] ability: Orichalcum Pulse|[of] p1a: Koraidon\n|-activate|p1a: Koraidon|Orichalcum Pulse|[source]\n|-weather|RainDance|[from] ability: Drizzle|[of] p2a: Kyogre\n|turn|1\n|\n|t:|1697839023\n|move|p1a: Koraidon|U-turn|p2a: Kyogre\n|-damage|p2a: Kyogre|76\/100\n|\n|t:|1697839026\n|switch|p1a: Ting-Lu|Ting-Lu|100\/100|[from] U-turn\n|-ability|p1a: Ting-Lu|Vessel of Ruin\n|move|p2a: Kyogre|Thunder Wave|p1a: Ting-Lu\n|-immune|p1a: Ting-Lu\n|\n|-weather|RainDance|[upkeep]\n|-heal|p2a: Kyogre|82\/100|[from] item: Leftovers\n|upkeep\n|turn|2\n|\n|t:|1697839036\n|switch|p1a: Toxapex|Toxapex, F|100\/100\n|move|p2a: Kyogre|Water Spout|p1a: Toxapex\n|-resisted|p1a: Toxapex\n|-damage|p1a: Toxapex|56\/100\n|\n|-weather|RainDance|[upkeep]\n|-heal|p2a: Kyogre|88\/100|[from] item: Leftovers\n|upkeep\n|turn|3\n|\n|t:|1697839052\n|move|p2a: Kyogre|Thunder Wave|p1a: Toxapex\n|-status|p1a: Toxapex|par\n|move|p1a: Toxapex|Toxic Spikes|p2a: Kyogre\n|-sidestart|p2: Cutecat1122|move: Toxic Spikes\n|\n|-weather|RainDance|[upkeep]\n|-heal|p2a: Kyogre|94\/100|[from] item: Leftovers\n|upkeep\n|turn|4\n|\n|t:|1697839059\n|move|p1a: Toxapex|Baneful Bunker|p1a: Toxapex\n|-singleturn|p1a: Toxapex|move: Protect\n|move|p2a: Kyogre|Water Spout|p1a: Toxapex\n|-activate|p1a: Toxapex|move: Protect\n|\n|-weather|RainDance|[upkeep]\n|-heal|p2a: Kyogre|100\/100|[from] item: Leftovers\n|upkeep\n|turn|5\n|c|\u2606Iknowmyabc'slol|!dt origin pulse\n|raw|<ul class=\"utilichart\"><li class=\"result\"><span class=\"col movenamecol\"><a href=\"https:\/\/dex.pokemonshowdown.com\/moves\/originpulse\">Origin Pulse<\/a><\/span> <span class=\"col typecol\"><img src=\"\/\/play.pokemonshowdown.com\/sprites\/types\/Water.png\" alt=\"Water\" width=\"32\" height=\"14\"><img src=\"\/\/play.pokemonshowdown.com\/sprites\/categories\/Special.png\" alt=\"Special\" width=\"32\" height=\"14\"><\/span> <span class=\"col labelcol\"><em>Power<\/em><br>110<\/span> <span class=\"col widelabelcol\"><em>Accuracy<\/em><br>85%<\/span> <span class=\"col pplabelcol\"><em>PP<\/em><br>16<\/span> <span class=\"col movedesccol\">No additional effect. Hits adjacent foes.<\/span> <\/li><li style=\"clear:both\"><\/li><\/ul>\n|raw|<font size=\"1\"><font color=\"#686868\">Priority:<\/font> 0&nbsp;|&ThickSpace;<font color=\"#686868\">Gen:<\/font> 6&nbsp;|&ThickSpace;&#10003; Pulse&nbsp;|&ThickSpace;<font color=\"#686868\">Z-Power:<\/font> 185&nbsp;|&ThickSpace;<font color=\"#686868\">Dynamax Power:<\/font> 140&nbsp;|&ThickSpace;<font color=\"#686868\">Target:<\/font> All Adjacent Opponents<\/font>\n\n|c|\u2606Iknowmyabc'slol|!dt water spout\n|raw|<ul class=\"utilichart\"><li class=\"result\"><span class=\"col movenamecol\"><a href=\"https:\/\/dex.pokemonshowdown.com\/moves\/waterspout\">Water Spout<\/a><\/span> <span class=\"col typecol\"><img src=\"\/\/play.pokemonshowdown.com\/sprites\/types\/Water.png\" alt=\"Water\" width=\"32\" height=\"14\"><img src=\"\/\/play.pokemonshowdown.com\/sprites\/categories\/Special.png\" alt=\"Special\" width=\"32\" height=\"14\"><\/span> <span class=\"col labelcol\"><em>Power<\/em><br>150<\/span> <span class=\"col widelabelcol\"><em>Accuracy<\/em><br>100%<\/span> <span class=\"col pplabelcol\"><em>PP<\/em><br>8<\/span> <span class=\"col movedesccol\">Less power as user's HP decreases. Hits foe(s).<\/span> <\/li><li style=\"clear:both\"><\/li><\/ul>\n|raw|<font size=\"1\"><font color=\"#686868\">Priority:<\/font> 0&nbsp;|&ThickSpace;<font color=\"#686868\">Gen:<\/font> 3&nbsp;|&ThickSpace;<font color=\"#686868\">Z-Power:<\/font> 200&nbsp;|&ThickSpace;<font color=\"#686868\">Dynamax Power:<\/font> 150&nbsp;|&ThickSpace;<font color=\"#686868\">Target:<\/font> All Adjacent Opponents<\/font>\n\n|inactive|Iknowmyabc'slol has 120 seconds left.\n|\n|t:|1697839091\n|switch|p1a: Arceus|Arceus|100\/100\n|move|p2a: Kyogre|Water Spout|p1a: Arceus\n|-damage|p1a: Arceus|10\/100\n|\n|-weather|none\n|upkeep\n|turn|6\n|inactive|Iknowmyabc'slol has 120 seconds left.\n|\n|t:|1697839103\n|move|p1a: Arceus|Extreme Speed|p2a: Kyogre\n|-damage|p2a: Kyogre|59\/100\n|move|p2a: Kyogre|Ice Beam|p1a: Arceus\n|-damage|p1a: Arceus|0 fnt\n|faint|p1a: Arceus\n|\n|-heal|p2a: Kyogre|65\/100|[from] item: Leftovers\n|upkeep\n|inactive|Iknowmyabc'slol has 120 seconds left.\n|\n|t:|1697839115\n|switch|p1a: Koraidon|Koraidon|100\/100\n|-weather|SunnyDay|[from] ability: Orichalcum Pulse|[of] p1a: Koraidon\n|-activate|p1a: Koraidon|Orichalcum Pulse|[source]\n|turn|7\n|inactive|Iknowmyabc'slol has 120 seconds left.\n|\n|t:|1697839120\n|move|p1a: Koraidon|Outrage|p2a: Kyogre\n|-damage|p2a: Kyogre|0 fnt\n|faint|p2a: Kyogre\n|\n|-weather|SunnyDay|[upkeep]\n|upkeep\n|\n|t:|1697839134\n|switch|p2a: Ting-Lu|Ting-Lu|100\/100\n|-status|p2a: Ting-Lu|psn\n|-ability|p2a: Ting-Lu|Vessel of Ruin\n|turn|8\n|\n|t:|1697839139\n|move|p1a: Koraidon|Outrage|p2a: Ting-Lu|[from]lockedmove\n|-damage|p2a: Ting-Lu|64\/100 psn\n|-start|p1a: Koraidon|confusion|[fatigue]\n|move|p2a: Ting-Lu|Spikes|p1a: Koraidon\n|-sidestart|p1: Iknowmyabc'slol|Spikes\n|\n|-weather|SunnyDay|[upkeep]\n|-heal|p2a: Ting-Lu|71\/100 psn|[from] item: Leftovers\n|-damage|p2a: Ting-Lu|58\/100 psn|[from] psn\n|upkeep\n|turn|9\n|\n|t:|1697839152\n|-activate|p1a: Koraidon|confusion\n|move|p1a: Koraidon|Outrage|p2a: Ting-Lu\n|-damage|p2a: Ting-Lu|25\/100 psn\n|move|p2a: Ting-Lu|Whirlwind|p1a: Koraidon\n|drag|p1a: Ting-Lu|Ting-Lu|100\/100\n|-damage|p1a: Ting-Lu|88\/100|[from] Spikes\n|-ability|p1a: Ting-Lu|Vessel of Ruin\n|\n|-weather|SunnyDay|[upkeep]\n|-heal|p1a: Ting-Lu|94\/100|[from] item: Leftovers\n|-heal|p2a: Ting-Lu|31\/100 psn|[from] item: Leftovers\n|-damage|p2a: Ting-Lu|18\/100 psn|[from] psn\n|upkeep\n|turn|10\n|\n|t:|1697839164\n|move|p1a: Ting-Lu|Spikes|p2a: Ting-Lu\n|-sidestart|p2: Cutecat1122|Spikes\n|move|p2a: Ting-Lu|Spikes|p1a: Ting-Lu\n|-sidestart|p1: Iknowmyabc'slol|Spikes\n|\n|-weather|SunnyDay|[upkeep]\n|-heal|p2a: Ting-Lu|25\/100 psn|[from] item: Leftovers\n|-heal|p1a: Ting-Lu|100\/100|[from] item: Leftovers\n|-damage|p2a: Ting-Lu|12\/100 psn|[from] psn\n|upkeep\n|turn|11\n|\n|t:|1697839176\n|move|p2a: Ting-Lu|Ruination|p1a: Ting-Lu\n|-damage|p1a: Ting-Lu|50\/100\n|move|p1a: Ting-Lu|Whirlwind|p2a: Ting-Lu\n|drag|p2a: Koraidon|Koraidon|100\/100\n|-status|p2a: Koraidon|psn\n|-damage|p2a: Koraidon|88\/100 psn|[from] Spikes\n|-activate|p2a: Koraidon|ability: Orichalcum Pulse\n|\n|-weather|none\n|-heal|p1a: Ting-Lu|57\/100|[from] item: Leftovers\n|-damage|p2a: Koraidon|76\/100 psn|[from] psn\n|upkeep\n|turn|12\n|\n|t:|1697839190\n|switch|p1a: Calyrex|Calyrex-Shadow|100\/100\n|-ability|p1a: Calyrex|As One\n|-ability|p1a: Calyrex|Unnerve\n|move|p2a: Koraidon|U-turn|p1a: Calyrex\n|-damage|p1a: Calyrex|71\/100\n|\n|t:|1697839198\n|switch|p2a: Arceus|Arceus|100\/100|[from] U-turn\n|\n|upkeep\n|turn|13\n|\n|t:|1697839208\n|switch|p1a: Ting-Lu|Ting-Lu|57\/100\n|-damage|p1a: Ting-Lu|40\/100|[from] Spikes\n|-ability|p1a: Ting-Lu|Vessel of Ruin\n|move|p2a: Arceus|Swords Dance|p2a: Arceus\n|-boost|p2a: Arceus|atk|2\n|\n|-heal|p1a: Ting-Lu|46\/100|[from] item: Leftovers\n|upkeep\n|turn|14\n|\n|t:|1697839221\n|switch|p1a: Calyrex|Calyrex-Shadow|71\/100\n|-ability|p1a: Calyrex|As One\n|-ability|p1a: Calyrex|Unnerve\n|move|p2a: Arceus|Extreme Speed|p1a: Calyrex\n|-immune|p1a: Calyrex\n|\n|upkeep\n|turn|15\n|\n|t:|1697839232\n|switch|p1a: Toxapex|Toxapex, F|89\/100 par\n|-damage|p1a: Toxapex|73\/100 par|[from] Spikes\n|switch|p2a: Ting-Lu|Ting-Lu|12\/100 psn\n|-damage|p2a: Ting-Lu|0 fnt|[from] Spikes\n|faint|p2a: Ting-Lu\n|\n|upkeep\n|\n|t:|1697839242\n|switch|p2a: Miraidon|Miraidon|100\/100\n|-status|p2a: Miraidon|psn\n|-damage|p2a: Miraidon|88\/100 psn|[from] Spikes\n|-fieldstart|move: Electric Terrain|[from] ability: Hadron Engine|[of] p2a: Miraidon\n|turn|16\n|\n|t:|1697839250\n|switch|p1a: Ting-Lu|Ting-Lu|46\/100\n|-damage|p1a: Ting-Lu|30\/100|[from] Spikes\n|-ability|p1a: Ting-Lu|Vessel of Ruin\n|move|p2a: Miraidon|Calm Mind|p2a: Miraidon\n|-boost|p2a: Miraidon|spa|1\n|-boost|p2a: Miraidon|spd|1\n|\n|-heal|p1a: Ting-Lu|36\/100|[from] item: Leftovers\n|-damage|p2a: Miraidon|76\/100 psn|[from] psn\n|upkeep\n|turn|17\n|\n|t:|1697839260\n|move|p2a: Miraidon|Draco Meteor|p1a: Ting-Lu\n|-damage|p1a: Ting-Lu|0 fnt\n|-unboost|p2a: Miraidon|spa|2\n|faint|p1a: Ting-Lu\n|-damage|p2a: Miraidon|66\/100 psn|[from] item: Life Orb\n|\n|-damage|p2a: Miraidon|54\/100 psn|[from] psn\n|upkeep\n|\n|t:|1697839269\n|switch|p1a: Koraidon|Koraidon|100\/100\n|-damage|p1a: Koraidon|84\/100|[from] Spikes\n|-weather|SunnyDay|[from] ability: Orichalcum Pulse|[of] p1a: Koraidon\n|-activate|p1a: Koraidon|Orichalcum Pulse|[source]\n|turn|18\n|\n|t:|1697839274\n|move|p1a: Koraidon|Outrage|p2a: Miraidon\n|-supereffective|p2a: Miraidon\n|-damage|p2a: Miraidon|0 fnt\n|faint|p2a: Miraidon\n|\n|-weather|SunnyDay|[upkeep]\n|upkeep\n|\n|t:|1697839280\n|switch|p2a: Arceus|Arceus|100\/100\n|turn|19\n|\n|t:|1697839285\n|move|p1a: Koraidon|Outrage|p2a: Arceus|[from]lockedmove\n|-damage|p2a: Arceus|40\/100\n|move|p2a: Arceus|Swords Dance|p2a: Arceus\n|-boost|p2a: Arceus|atk|2\n|\n|-weather|SunnyDay|[upkeep]\n|upkeep\n|turn|20\n|\n|t:|1697839291\n|move|p2a: Arceus|Extreme Speed|p1a: Koraidon\n|-damage|p1a: Koraidon|14\/100\n|move|p1a: Koraidon|Outrage|p2a: Arceus|[from]lockedmove\n|-damage|p2a: Arceus|0 fnt\n|faint|p2a: Arceus\n|-start|p1a: Koraidon|confusion|[fatigue]\n|\n|-weather|SunnyDay|[upkeep]\n|-fieldend|move: Electric Terrain\n|upkeep\n|\n|t:|1697839302\n|switch|p2a: Koraidon|Koraidon|76\/100 psn\n|-damage|p2a: Koraidon|64\/100 psn|[from] Spikes\n|-activate|p2a: Koraidon|ability: Orichalcum Pulse\n|turn|21\n|\n|t:|1697839310\n|-activate|p1a: Koraidon|confusion\n|move|p1a: Koraidon|Outrage|p2a: Koraidon\n|-supereffective|p2a: Koraidon\n|-damage|p2a: Koraidon|0 fnt\n|faint|p2a: Koraidon\n|\n|-weather|SunnyDay|[upkeep]\n|upkeep\n|\n|t:|1697839313\n|switch|p2a: Calyrex|Calyrex-Shadow|100\/100\n|-ability|p2a: Calyrex|As One\n|-ability|p2a: Calyrex|Unnerve\n|-status|p2a: Calyrex|psn\n|-damage|p2a: Calyrex|88\/100 psn|[from] Spikes\n|turn|22\n|\n|t:|1697839322\n|-end|p1a: Koraidon|confusion\n|move|p1a: Koraidon|Outrage|p2a: Calyrex|[from]lockedmove\n|-damage|p2a: Calyrex|0 fnt\n|faint|p2a: Calyrex\n|\n|win|Iknowmyabc'slol\n|raw|Iknowmyabc&apos;slol's rating: 1517 &rarr; <strong>1548<\/strong><br \/>(+31 for winning)\n|raw|Cutecat1122's rating: 1726 &rarr; <strong>1695<\/strong><br \/>(-31 for losing)\n|l|\u2606Cutecat1122\n","uploadtime":1697839331,"views":9,"p1id":"iknowmyabcslol","p2id":"cutecat1122","formatid":"gen9anythinggoes","rating":1548,"private":0,"password":""}