{"id":"gen9anythinggoes-1993167974","p1":"not missing now","p2":"XxsasoriGX","format":"[Gen 9] Anything Goes","log":"|j|\u2606not missing now\n|j|\u2606XxsasoriGX\n|inactive|Battle timer is ON: inactive players will automatically lose when time's up.\n|t:|1700273054\n|gametype|singles\n|player|p1|not missing now|cheren-gen5bw2|\n|player|p2|XxsasoriGX|n|\n|teamsize|p1|6\n|teamsize|p2|6\n|gen|9\n|tier|[Gen 9] Anything Goes\n|rated|Tournament battle\n|rule|HP Percentage Mod: HP is shown in percentages\n|rule|Endless Battle Clause: Forcing endless battles is banned\n|rule|Camomons Mod: Pok\u00e9mon have their types set to match their first two moves.\n|clearpoke\n|poke|p1|Calyrex-Shadow|\n|poke|p1|Zacian-*|\n|poke|p1|Arceus|\n|poke|p1|Ting-Lu|\n|poke|p1|Skeledirge, M|\n|poke|p1|Arceus-Ground|\n|poke|p2|Garchomp, M|\n|poke|p2|Mienshao, M|\n|poke|p2|Gyarados, M|\n|poke|p2|Scizor, M|\n|poke|p2|Iron Moth|\n|poke|p2|Dragapult, M|\n|teampreview\n|j|*Lady Monita \u2746\n|inactive|XxsasoriGX also wants the timer to be on.\n|j| Blastfury0614\n|j| Dregone\n|inactive|not missing now has 120 seconds left.\n|\n|t:|1700273093\n|start\n|switch|p1a: Calyrex|Calyrex-Shadow|100\/100\n|switch|p2a: Dragapult|Dragapult, M|100\/100\n|-ability|p1a: Calyrex|As One\n|-ability|p1a: Calyrex|Unnerve\n|-start|p1a: Calyrex|typechange|Ghost\/Psychic|[silent]\n|-start|p2a: Dragapult|typechange|Dragon|[silent]\n|-start|p1a: Calyrex|typechange|Ghost\/Psychic|[silent]\n|-start|p2a: Dragapult|typechange|Dragon|[silent]\n|turn|1\n|inactive|not missing now has 120 seconds left.\n|inactive|not missing now has 90 seconds left.\n|c|\u2606XxsasoriGX|bro\n|inactive|not missing now has 60 seconds left.\n|\n|t:|1700273188\n|move|p1a: Calyrex|Astral Barrage|p2a: Dragapult\n|-enditem|p2a: Dragapult|Focus Sash\n|-damage|p2a: Dragapult|1\/100\n|move|p2a: Dragapult|Dragon Dance|p2a: Dragapult\n|-boost|p2a: Dragapult|atk|1\n|-boost|p2a: Dragapult|spe|1\n|\n|upkeep\n|turn|2\n|inactive|not missing now has 60 seconds left.\n|\n|t:|1700273202\n|switch|p1a: Arceus|Arceus|100\/100\n|-start|p1a: Arceus|typechange|Normal|[silent]\n|move|p2a: Dragapult|Sucker Punch||[still]\n|-fail|p2a: Dragapult\n|\n|upkeep\n|turn|3\n|inactive|not missing now has 60 seconds left.\n|\n|t:|1700273230\n|move|p1a: Arceus|Extreme Speed|p2a: Dragapult\n|-damage|p2a: Dragapult|0 fnt\n|faint|p2a: Dragapult\n|\n|upkeep\n|\n|t:|1700273236\n|switch|p2a: Gyarados|Gyarados, M|100\/100\n|-start|p2a: Gyarados|typechange|Dragon\/Dark|[silent]\n|-start|p2a: Gyarados|typechange|Dragon\/Dark|[silent]\n|turn|4\n|\n|t:|1700273245\n|move|p1a: Arceus|Swords Dance|p1a: Arceus\n|-boost|p1a: Arceus|atk|2\n|move|p2a: Gyarados|Dragon Dance|p2a: Gyarados\n|-boost|p2a: Gyarados|atk|1\n|-boost|p2a: Gyarados|spe|1\n|\n|upkeep\n|turn|5\n|inactive|not missing now has 60 seconds left.\n|\n|t:|1700273255\n|move|p1a: Arceus|Extreme Speed|p2a: Gyarados\n|-enditem|p2a: Gyarados|Focus Sash\n|-damage|p2a: Gyarados|1\/100\n|move|p2a: Gyarados|Waterfall|p1a: Arceus\n|-damage|p1a: Arceus|72\/100\n|\n|upkeep\n|turn|6\n|\n|t:|1700273264\n|move|p1a: Arceus|Extreme Speed|p2a: Gyarados\n|-crit|p2a: Gyarados\n|-damage|p2a: Gyarados|0 fnt\n|faint|p2a: Gyarados\n|\n|upkeep\n|\n|t:|1700273270\n|switch|p2a: Scizor|Scizor, M|100\/100\n|-start|p2a: Scizor|typechange|Steel\/Flying|[silent]\n|-start|p2a: Scizor|typechange|Steel\/Flying|[silent]\n|turn|7\n|j| Lord Rekkuza\n|\n|t:|1700273289\n|move|p2a: Scizor|Bullet Punch|p1a: Arceus\n|-damage|p1a: Arceus|51\/100\n|move|p1a: Arceus|Shadow Claw|p2a: Scizor\n|-damage|p2a: Scizor|53\/100\n|\n|upkeep\n|turn|8\n|\n|t:|1700273296\n|move|p1a: Arceus|Shadow Claw|p2a: Scizor\n|-damage|p2a: Scizor|7\/100\n|move|p2a: Scizor|Close Combat|p1a: Arceus\n|-supereffective|p1a: Arceus\n|-damage|p1a: Arceus|0 fnt\n|-unboost|p2a: Scizor|def|1\n|-unboost|p2a: Scizor|spd|1\n|faint|p1a: Arceus\n|\n|upkeep\n|inactive|not missing now has 60 seconds left.\n|\n|t:|1700273333\n|switch|p1a: Calyrex|Calyrex-Shadow|100\/100\n|-ability|p1a: Calyrex|As One\n|-ability|p1a: Calyrex|Unnerve\n|-start|p1a: Calyrex|typechange|Ghost\/Psychic|[silent]\n|-start|p1a: Calyrex|typechange|Ghost\/Psychic|[silent]\n|turn|9\n|\n|t:|1700273359\n|move|p2a: Scizor|Bullet Punch|p1a: Calyrex\n|-damage|p1a: Calyrex|57\/100\n|move|p1a: Calyrex|Astral Barrage|p2a: Scizor\n|-damage|p2a: Scizor|0 fnt\n|faint|p2a: Scizor\n|-ability|p1a: Calyrex|Grim Neigh|boost\n|-boost|p1a: Calyrex|spa|1\n|\n|upkeep\n|inactive|XxsasoriGX has 120 seconds left.\n|\n|t:|1700273371\n|switch|p2a: Iron Moth|Iron Moth|100\/100\n|-start|p2a: Iron Moth|typechange|Poison\/Grass|[silent]\n|-enditem|p2a: Iron Moth|Booster Energy\n|-activate|p2a: Iron Moth|ability: Quark Drive|[fromitem]\n|-start|p2a: Iron Moth|quarkdrivespa\n|-start|p2a: Iron Moth|typechange|Poison\/Grass|[silent]\n|turn|10\n|inactive|not missing now has 60 seconds left.\n|inactive|not missing now has 30 seconds left.\n|-message|not missing now forfeited.\n|\n|win|XxsasoriGX\n|n|\u2606not missing now|notmissingnow\n|n|\u2606XxsasoriGX|xxsasorigx\n|n|*Lady Monita \u2746|ladymonita\n|n| Blastfury0614|blastfury0614\n|n| Dregone|dregone\n|n| Lord Rekkuza|lordrekkuza\n","uploadtime":1700273414,"views":4,"p1id":"notmissingnow","p2id":"xxsasorigx","formatid":"gen9anythinggoes","rating":0,"private":0,"password":""}