{"id":"gen9anythinggoes-1995059328","p1":"Baron del tanga","p2":"Mzardxfan","format":"[Gen 9] Anything Goes","log":"|j|\u2606Baron del tanga\n|j|\u2606Mzardxfan\n|t:|1700518145\n|gametype|singles\n|player|p1|Baron del tanga|raihan|\n|player|p2|Mzardxfan|alain|\n|teamsize|p1|6\n|teamsize|p2|6\n|gen|9\n|tier|[Gen 9] Anything Goes\n|rule|HP Percentage Mod: HP is shown in percentages\n|rule|Endless Battle Clause: Forcing endless battles is banned\n|clearpoke\n|poke|p1|Spidops, F|\n|poke|p1|Pyroar, M|\n|poke|p1|Enamorus, F|\n|poke|p1|Dondozo, M|\n|poke|p1|Eternatus|\n|poke|p1|Drifblim, F|\n|poke|p2|Bisharp, M|\n|poke|p2|Bisharp, M|\n|poke|p2|Bisharp, F|\n|poke|p2|Bisharp, M|\n|poke|p2|Bisharp, M|\n|poke|p2|Bisharp, M|\n|teampreview\n|inactive|Battle timer is ON: inactive players will automatically lose when time's up. (requested by Mzardxfan)\n|\n|t:|1700518148\n|start\n|switch|p1a: Drifblim|Drifblim, F, shiny|100\/100\n|switch|p2a: Bisharp|Bisharp, M|100\/100\n|turn|1\n|c|\u2606Mzardxfan|GUILLOTINE GUILLOTINE\n|\n|t:|1700518159\n|move|p1a: Drifblim|Minimize|p1a: Drifblim\n|-boost|p1a: Drifblim|evasion|2\n|move|p2a: Bisharp|Iron Head|p1a: Drifblim\n|-damage|p1a: Drifblim|43\/100\n|\n|upkeep\n|turn|2\n|\n|t:|1700518166\n|move|p1a: Drifblim|Substitute|p1a: Drifblim\n|-start|p1a: Drifblim|Substitute\n|-damage|p1a: Drifblim|18\/100\n|move|p2a: Bisharp|Iron Head|p1a: Drifblim\n|-end|p1a: Drifblim|Substitute\n|\n|upkeep\n|turn|3\n|c|\u2606Baron del tanga|evasion?\n|\n|t:|1700518178\n|move|p1a: Drifblim|Minimize|p1a: Drifblim\n|-boost|p1a: Drifblim|evasion|2\n|move|p2a: Bisharp|Iron Head|p1a: Drifblim|[miss]\n|-miss|p2a: Bisharp|p1a: Drifblim\n|\n|upkeep\n|turn|4\n|\n|t:|1700518186\n|move|p1a: Drifblim|Baton Pass|p1a: Drifblim\n|\n|t:|1700518197\n|switch|p1a: Pyroar|Pyroar, M, shiny|100\/100|[from] Baton Pass\n|-ability|p1a: Pyroar|Unnerve\n|move|p2a: Bisharp|Iron Head|p1a: Pyroar|[miss]\n|-miss|p2a: Bisharp|p1a: Pyroar\n|\n|upkeep\n|turn|5\n|\n|t:|1700518206\n|move|p1a: Pyroar|Work Up|p1a: Pyroar\n|-boost|p1a: Pyroar|atk|1\n|-boost|p1a: Pyroar|spa|1\n|move|p2a: Bisharp|Guillotine|p1a: Pyroar|[miss]\n|-miss|p2a: Bisharp|p1a: Pyroar\n|\n|upkeep\n|turn|6\n|\n|t:|1700518215\n|move|p1a: Pyroar|Work Up|p1a: Pyroar\n|-boost|p1a: Pyroar|atk|1\n|-boost|p1a: Pyroar|spa|1\n|move|p2a: Bisharp|Swords Dance|p2a: Bisharp\n|-boost|p2a: Bisharp|atk|2\n|\n|upkeep\n|turn|7\n|\n|t:|1700518224\n|move|p1a: Pyroar|Work Up|p1a: Pyroar\n|-boost|p1a: Pyroar|atk|1\n|-boost|p1a: Pyroar|spa|1\n|move|p2a: Bisharp|Iron Head|p1a: Pyroar|[miss]\n|-miss|p2a: Bisharp|p1a: Pyroar\n|\n|upkeep\n|turn|8\n|\n|t:|1700518231\n|move|p2a: Bisharp|Guillotine|p1a: Pyroar\n|-damage|p1a: Pyroar|0 fnt\n|faint|p1a: Pyroar\n|-ohko\n|\n|upkeep\n|c|\u2606Baron del tanga|bro\n|c|\u2606Mzardxfan|YES\n|c|\u2606Baron del tanga|you are so lucky\n|c|\u2606Baron del tanga|my fucking god\n|\n|t:|1700518246\n|switch|p1a: Drifblim|Drifblim, F, shiny|18\/100\n|turn|9\n|\n|t:|1700518255\n|move|p1a: Drifblim|Minimize|p1a: Drifblim\n|-boost|p1a: Drifblim|evasion|2\n|move|p2a: Bisharp|Iron Head|p1a: Drifblim\n|-damage|p1a: Drifblim|0 fnt\n|-damage|p2a: Bisharp|76\/100|[from] ability: Aftermath|[of] p1a: Drifblim\n|faint|p1a: Drifblim\n|\n|upkeep\n|c|\u2606Baron del tanga|look that shit\n|c|\u2606Baron del tanga|come on\n|\n|t:|1700518268\n|switch|p1a: Spidops|Spidops, F|100\/100\n|turn|10\n|c|\u2606Mzardxfan|GUILLOTINE GUILLOTINE\n|\n|t:|1700518282\n|move|p2a: Bisharp|Guillotine|p1a: Spidops|[miss]\n|-miss|p2a: Bisharp|p1a: Spidops\n|move|p1a: Spidops|Sticky Web|p2a: Bisharp\n|-sidestart|p2: Mzardxfan|move: Sticky Web\n|\n|upkeep\n|turn|11\n|\n|t:|1700518288\n|move|p2a: Bisharp|Guillotine|p1a: Spidops|[miss]\n|-miss|p2a: Bisharp|p1a: Spidops\n|move|p1a: Spidops|Spikes|p2a: Bisharp\n|-sidestart|p2: Mzardxfan|Spikes\n|\n|upkeep\n|turn|12\n|\n|t:|1700518295\n|move|p2a: Bisharp|Guillotine|p1a: Spidops|[miss]\n|-miss|p2a: Bisharp|p1a: Spidops\n|move|p1a: Spidops|Spikes|p2a: Bisharp\n|-sidestart|p2: Mzardxfan|Spikes\n|\n|upkeep\n|turn|13\n|\n|t:|1700518301\n|move|p2a: Bisharp|Iron Head|p1a: Spidops\n|-damage|p1a: Spidops|8\/100\n|move|p1a: Spidops|Spikes|p2a: Bisharp\n|-sidestart|p2: Mzardxfan|Spikes\n|\n|upkeep\n|turn|14\n|\n|t:|1700518306\n|move|p2a: Bisharp|Iron Head|p1a: Spidops\n|-damage|p1a: Spidops|0 fnt\n|faint|p1a: Spidops\n|\n|upkeep\n|\n|t:|1700518320\n|switch|p1a: Dondozo|Dondozo, M|100\/100\n|turn|15\n|\n|t:|1700518323\n|move|p2a: Bisharp|Guillotine|p1a: Dondozo|[miss]\n|-miss|p2a: Bisharp|p1a: Dondozo\n|move|p1a: Dondozo|Liquidation|p2a: Bisharp\n|-damage|p2a: Bisharp|43\/100\n|\n|upkeep\n|turn|16\n|\n|t:|1700518330\n|move|p2a: Bisharp|Sucker Punch|p1a: Dondozo\n|-damage|p1a: Dondozo|84\/100\n|move|p1a: Dondozo|Liquidation|p2a: Bisharp\n|-damage|p2a: Bisharp|12\/100\n|\n|-heal|p1a: Dondozo|90\/100|[from] item: Leftovers\n|upkeep\n|turn|17\n|\n|t:|1700518338\n|move|p2a: Bisharp|Guillotine|p1a: Dondozo\n|-damage|p1a: Dondozo|0 fnt\n|faint|p1a: Dondozo\n|-ohko\n|\n|upkeep\n|\n|t:|1700518345\n|switch|p1a: Eternatus|Eternatus|100\/100\n|-ability|p1a: Eternatus|Pressure\n|turn|18\n|\n|t:|1700518350\n|move|p1a: Eternatus|Dynamax Cannon|p2a: Bisharp\n|-resisted|p2a: Bisharp\n|-damage|p2a: Bisharp|0 fnt\n|faint|p2a: Bisharp\n|\n|upkeep\n|\n|t:|1700518353\n|switch|p2a: Bisharp|Bisharp, M, shiny|100\/100\n|-activate|p2a: Bisharp|move: Sticky Web\n|-unboost|p2a: Bisharp|spe|1\n|-ability|p2a: Bisharp|Defiant|boost\n|-boost|p2a: Bisharp|atk|2\n|-damage|p2a: Bisharp|76\/100|[from] Spikes\n|turn|19\n|\n|t:|1700518363\n|move|p1a: Eternatus|Dynamax Cannon|p2a: Bisharp\n|-resisted|p2a: Bisharp\n|-damage|p2a: Bisharp|41\/100\n|move|p2a: Bisharp|Iron Head|p1a: Eternatus\n|-damage|p1a: Eternatus|25\/100\n|\n|-heal|p1a: Eternatus|31\/100|[from] item: Leftovers\n|upkeep\n|turn|20\n|\n|t:|1700518371\n|move|p1a: Eternatus|Dynamax Cannon|p2a: Bisharp\n|-resisted|p2a: Bisharp\n|-damage|p2a: Bisharp|10\/100\n|move|p2a: Bisharp|Iron Head|p1a: Eternatus\n|-damage|p1a: Eternatus|0 fnt\n|faint|p1a: Eternatus\n|\n|upkeep\n|\n|t:|1700518376\n|switch|p1a: Enamorus|Enamorus, F, shiny|100\/100\n|turn|21\n|\n|t:|1700518379\n|move|p1a: Enamorus|Mystical Fire|p2a: Bisharp\n|-supereffective|p2a: Bisharp\n|-damage|p2a: Bisharp|0 fnt\n|faint|p2a: Bisharp\n|-damage|p1a: Enamorus|91\/100|[from] item: Life Orb\n|\n|upkeep\n|\n|t:|1700518381\n|switch|p2a: Bisharp|Bisharp, M|100\/100\n|-activate|p2a: Bisharp|move: Sticky Web\n|-unboost|p2a: Bisharp|spe|1\n|-ability|p2a: Bisharp|Defiant|boost\n|-boost|p2a: Bisharp|atk|2\n|-damage|p2a: Bisharp|76\/100|[from] Spikes\n|turn|22\n|\n|t:|1700518391\n|move|p1a: Enamorus|Earth Power|p2a: Bisharp\n|-supereffective|p2a: Bisharp\n|-damage|p2a: Bisharp|0 fnt\n|faint|p2a: Bisharp\n|-damage|p1a: Enamorus|81\/100|[from] item: Life Orb\n|\n|upkeep\n|\n|t:|1700518393\n|switch|p2a: Bisharp|Bisharp, M, shiny|100\/100\n|-activate|p2a: Bisharp|move: Sticky Web\n|-unboost|p2a: Bisharp|spe|1\n|-ability|p2a: Bisharp|Defiant|boost\n|-boost|p2a: Bisharp|atk|2\n|-damage|p2a: Bisharp|76\/100|[from] Spikes\n|turn|23\n|\n|t:|1700518402\n|-terastallize|p2a: Bisharp|Dark\n|move|p1a: Enamorus|Earth Power|p2a: Bisharp\n|-damage|p2a: Bisharp|23\/100\n|-damage|p1a: Enamorus|71\/100|[from] item: Life Orb\n|move|p2a: Bisharp|Iron Head|p1a: Enamorus\n|-supereffective|p1a: Enamorus\n|-damage|p1a: Enamorus|0 fnt\n|faint|p1a: Enamorus\n|\n|win|Mzardxfan\n|c|\u2606Baron del tanga|reamtch\n","uploadtime":1700518414,"views":1,"p1id":"barondeltanga","p2id":"mzardxfan","formatid":"gen9anythinggoes","rating":0,"private":0,"password":""}