{"id":"gen9anythinggoes-1994439967","p1":"caligulahar","p2":"Kingu01","format":"[Gen 9] Anything Goes","log":"|j|\u2606caligulahar\n|j|\u2606Kingu01\n|t:|1700444150\n|gametype|singles\n|player|p1|caligulahar|richboy-gen4|\n|player|p2|Kingu01|cameraman|\n|teamsize|p1|6\n|teamsize|p2|6\n|gen|9\n|tier|[Gen 9] Anything Goes\n|rule|HP Percentage Mod: HP is shown in percentages\n|rule|Endless Battle Clause: Forcing endless battles is banned\n|clearpoke\n|poke|p1|Iron Bundle|\n|poke|p1|Cyclizar, M|\n|poke|p1|Infernape, F|\n|poke|p1|Vullaby, F|\n|poke|p1|Orthworm, M|\n|poke|p1|Gastrodon-East, M|\n|poke|p2|Sneasler, M|\n|poke|p2|Cinderace, F|\n|poke|p2|Chi-Yu|\n|poke|p2|Ditto|\n|poke|p2|Maushold|\n|poke|p2|Great Tusk|\n|teampreview\n|inactive|Battle timer is ON: inactive players will automatically lose when time's up. (requested by caligulahar)\n|j| theblandino\n|c| theblandino|hi chatroom\n|inactive|Kingu01 has 270 seconds left.\n|\n|t:|1700444183\n|start\n|switch|p1a: Aokiji|Iron Bundle, shiny|100\/100\n|switch|p2a: TTT|Maushold|100\/100\n|-enditem|p1a: Aokiji|Booster Energy\n|-activate|p1a: Aokiji|ability: Quark Drive|[fromitem]\n|-start|p1a: Aokiji|quarkdrivespe\n|turn|1\n|\n|t:|1700444210\n|-end|p1a: Aokiji|Quark Drive|[silent]\n|switch|p1a: Garp|Orthworm, M|100\/100\n|move|p2a: TTT|Population Bomb|p1a: Garp\n|-resisted|p1a: Garp\n|-damage|p1a: Garp|97\/100\n|-resisted|p1a: Garp\n|-damage|p1a: Garp|94\/100\n|-resisted|p1a: Garp\n|-crit|p1a: Garp\n|-damage|p1a: Garp|88\/100\n|-resisted|p1a: Garp\n|-damage|p1a: Garp|85\/100\n|-resisted|p1a: Garp\n|-damage|p1a: Garp|81\/100\n|-resisted|p1a: Garp\n|-damage|p1a: Garp|78\/100\n|-resisted|p1a: Garp\n|-damage|p1a: Garp|75\/100\n|-resisted|p1a: Garp\n|-damage|p1a: Garp|71\/100\n|-resisted|p1a: Garp\n|-damage|p1a: Garp|68\/100\n|-resisted|p1a: Garp\n|-damage|p1a: Garp|65\/100\n|-hitcount|p1a: Garp|10\n|\n|upkeep\n|turn|2\n|inactive|caligulahar has 270 seconds left.\n|inactive|Kingu01 has 270 seconds left.\n|\n|t:|1700444240\n|switch|p2a: Sumuslim|Great Tusk|100\/100\n|move|p1a: Garp|Body Press|p2a: Sumuslim\n|-damage|p2a: Sumuslim|85\/100\n|-damage|p1a: Garp|48\/100|[from] item: Rocky Helmet|[of] p2a: Sumuslim\n|-enditem|p1a: Garp|Sitrus Berry|[eat]\n|-heal|p1a: Garp|73\/100|[from] item: Sitrus Berry\n|\n|upkeep\n|turn|3\n|inactive|caligulahar has 270 seconds left.\n|inactive|Kingu01 has 270 seconds left.\n|\n|t:|1700444253\n|move|p2a: Sumuslim|Stealth Rock|p1a: Garp\n|-sidestart|p1: caligulahar|move: Stealth Rock\n|move|p1a: Garp|Earthquake|p2a: Sumuslim\n|-damage|p2a: Sumuslim|76\/100\n|\n|upkeep\n|turn|4\n|\n|t:|1700444260\n|move|p2a: Sumuslim|Earthquake|p1a: Garp\n|-heal|p1a: Garp|98\/100|[from] ability: Earth Eater|[of] p2a: Sumuslim\n|move|p1a: Garp|Shed Tail|p1a: Garp\n|-start|p1a: Garp|Substitute|[from] move: Shed Tail\n|-damage|p1a: Garp|48\/100\n|\n|t:|1700444269\n|switch|p1a: Aokiji|Iron Bundle, shiny|100\/100|[from] Shed Tail\n|-damage|p1a: Aokiji|76\/100|[from] Stealth Rock\n|\n|upkeep\n|turn|5\n|\n|t:|1700444282\n|-end|p2a: Sumuslim|Protosynthesis|[silent]\n|switch|p2a: Ditto|Ditto|100\/100\n|move|p1a: Aokiji|Hydro Pump|p2a: Ditto\n|-damage|p2a: Ditto|0 fnt\n|faint|p2a: Ditto\n|\n|upkeep\n|inactive|Kingu01 has 270 seconds left.\n|\n|t:|1700444300\n|switch|p2a: TTT|Maushold|100\/100\n|turn|6\n|\n|t:|1700444306\n|move|p1a: Aokiji|Hydro Pump|p2a: TTT\n|-damage|p2a: TTT|11\/100\n|move|p2a: TTT|Population Bomb|p1a: Aokiji\n|-activate|p1a: Aokiji|move: Substitute|[damage]\n|-activate|p1a: Aokiji|move: Substitute|[damage]\n|-end|p1a: Aokiji|Substitute\n|-damage|p1a: Aokiji|62\/100\n|-damage|p1a: Aokiji|47\/100\n|-damage|p1a: Aokiji|32\/100\n|-damage|p1a: Aokiji|18\/100\n|-crit|p1a: Aokiji\n|-damage|p1a: Aokiji|0 fnt\n|faint|p1a: Aokiji\n|-end|p1a: Aokiji|Quark Drive|[silent]\n|-hitcount|p1: Aokiji|8\n|\n|upkeep\n|\n|t:|1700444323\n|switch|p1a: Akainu|Infernape, F, shiny|100\/100\n|-damage|p1a: Akainu|88\/100|[from] Stealth Rock\n|turn|7\n|\n|t:|1700444331\n|switch|p2a: Sumuslim|Great Tusk|76\/100\n|move|p1a: Akainu|Mach Punch|p2a: Sumuslim\n|-damage|p2a: Sumuslim|65\/100\n|-damage|p1a: Akainu|72\/100|[from] item: Rocky Helmet|[of] p2a: Sumuslim\n|\n|upkeep\n|turn|8\n|\n|t:|1700444342\n|switch|p1a: Tsuru|Vullaby, F, shiny|100\/100\n|-damage|p1a: Tsuru|75\/100|[from] Stealth Rock\n|move|p2a: Sumuslim|Knock Off|p1a: Tsuru\n|-resisted|p1a: Tsuru\n|-damage|p1a: Tsuru|65\/100\n|-enditem|p1a: Tsuru|Eviolite|[from] move: Knock Off|[of] p2a: Sumuslim\n|\n|upkeep\n|turn|9\n|\n|t:|1700444354\n|move|p2a: Sumuslim|Play Rough|p1a: Tsuru\n|-supereffective|p1a: Tsuru\n|-damage|p1a: Tsuru|4\/100\n|move|p1a: Tsuru|Toxic|p2a: Sumuslim\n|-status|p2a: Sumuslim|tox\n|\n|-damage|p2a: Sumuslim|59\/100 tox|[from] psn\n|upkeep\n|turn|10\n|\n|t:|1700444361\n|move|p1a: Tsuru|Protect|p1a: Tsuru\n|-singleturn|p1a: Tsuru|Protect\n|move|p2a: Sumuslim|Play Rough|p1a: Tsuru\n|-activate|p1a: Tsuru|move: Protect\n|\n|-damage|p2a: Sumuslim|47\/100 tox|[from] psn\n|upkeep\n|turn|11\n|\n|t:|1700444366\n|move|p2a: Sumuslim|Play Rough|p1a: Tsuru\n|-supereffective|p1a: Tsuru\n|-damage|p1a: Tsuru|0 fnt\n|faint|p1a: Tsuru\n|\n|-damage|p2a: Sumuslim|28\/100 tox|[from] psn\n|upkeep\n|\n|t:|1700444384\n|switch|p1a: Coby|Gastrodon-East, M|100\/100\n|-damage|p1a: Coby|94\/100|[from] Stealth Rock\n|turn|12\n|\n|t:|1700444396\n|move|p2a: Sumuslim|Knock Off|p1a: Coby\n|-damage|p1a: Coby|66\/100\n|-activate|p1a: Coby|ability: Sticky Hold\n|move|p1a: Coby|Surf|p2a: Sumuslim\n|-supereffective|p2a: Sumuslim\n|-damage|p2a: Sumuslim|0 fnt\n|faint|p2a: Sumuslim\n|-end|p2a: Sumuslim|Protosynthesis|[silent]\n|\n|-heal|p1a: Coby|72\/100|[from] item: Leftovers\n|upkeep\n|inactive|Kingu01 has 270 seconds left.\n|\n|t:|1700444433\n|switch|p2a: Corpo-Creep|Chi-Yu|100\/100\n|-ability|p2a: Corpo-Creep|Beads of Ruin\n|turn|13\n|inactive|caligulahar has 270 seconds left.\n|inactive|Kingu01 has 240 seconds left.\n|\n|t:|1700444477\n|move|p2a: Corpo-Creep|Dark Pulse|p1a: Coby\n|-damage|p1a: Coby|0 fnt\n|faint|p1a: Coby\n|\n|upkeep\n|\n|t:|1700444483\n|switch|p1a: Akainu|Infernape, F, shiny|72\/100\n|-damage|p1a: Akainu|59\/100|[from] Stealth Rock\n|turn|14\n|inactive|Kingu01 has 240 seconds left.\n|\n|t:|1700444516\n|switch|p1a: Garp|Orthworm, M|48\/100\n|-damage|p1a: Garp|42\/100|[from] Stealth Rock\n|switch|p2a: TTT|Maushold|11\/100\n|\n|upkeep\n|turn|15\n|inactive|caligulahar has 270 seconds left.\n|\n|t:|1700444527\n|move|p2a: TTT|Bite|p1a: Garp\n|-damage|p1a: Garp|30\/100\n|move|p1a: Garp|Body Press|p2a: TTT\n|-supereffective|p2a: TTT\n|-damage|p2a: TTT|0 fnt\n|faint|p2a: TTT\n|\n|upkeep\n|\n|t:|1700444539\n|switch|p2a: Chriscross|Sneasler, M|100\/100\n|turn|16\n|\n|t:|1700444553\n|move|p2a: Chriscross|Fling|p1a: Garp\n|-damage|p1a: Garp|4\/100\n|-enditem|p2a: Chriscross|Big Nugget|[from] move: Fling\n|move|p1a: Garp|Earthquake|p2a: Chriscross\n|-supereffective|p2a: Chriscross\n|-crit|p2a: Chriscross\n|-damage|p2a: Chriscross|0 fnt\n|faint|p2a: Chriscross\n|\n|upkeep\n|inactive|Kingu01 has 210 seconds left.\n|\n|t:|1700444577\n|switch|p2a: Taekwonhindu|Cinderace, F|100\/100\n|turn|17\n|inactive|Kingu01 has 210 seconds left.\n|\n|t:|1700444582\n|move|p2a: Taekwonhindu|U-turn|p1a: Garp\n|-resisted|p1a: Garp\n|-damage|p1a: Garp|0 fnt\n|faint|p1a: Garp\n|\n|t:|1700444586\n|switch|p2a: Corpo-Creep|Chi-Yu|100\/100|[from] U-turn\n|-ability|p2a: Corpo-Creep|Beads of Ruin\n|\n|upkeep\n|\n|t:|1700444590\n|switch|p1a: Fujitora|Cyclizar, M|100\/100\n|turn|18\n|\n|t:|1700444598\n|move|p1a: Fujitora|Rapid Spin|p2a: Corpo-Creep\n|-damage|p2a: Corpo-Creep|72\/100\n|-boost|p1a: Fujitora|spe|1\n|-sideend|p1: caligulahar|Stealth Rock|[from] move: Rapid Spin|[of] p1a: Fujitora\n|move|p2a: Corpo-Creep|Psychic|p1a: Fujitora\n|-damage|p1a: Fujitora|0 fnt\n|faint|p1a: Fujitora\n|\n|upkeep\n|\n|t:|1700444603\n|switch|p1a: Akainu|Infernape, F, shiny|59\/100\n|turn|19\n|\n|t:|1700444607\n|move|p1a: Akainu|Mach Punch|p2a: Corpo-Creep\n|-supereffective|p2a: Corpo-Creep\n|-damage|p2a: Corpo-Creep|0 fnt\n|faint|p2a: Corpo-Creep\n|\n|upkeep\n|inactive|Kingu01 has 240 seconds left.\n|\n|t:|1700444619\n|switch|p2a: Taekwonhindu|Cinderace, F|100\/100\n|turn|20\n|inactive|Kingu01 has 240 seconds left.\n|\n|t:|1700444645\n|move|p2a: Taekwonhindu|Pyro Ball|p1a: Akainu\n|-resisted|p1a: Akainu\n|-damage|p1a: Akainu|23\/100\n|move|p1a: Akainu|Swords Dance|p1a: Akainu\n|-boost|p1a: Akainu|atk|2\n|\n|upkeep\n|turn|21\n|\n|t:|1700444652\n|move|p1a: Akainu|Mach Punch|p2a: Taekwonhindu\n|-damage|p2a: Taekwonhindu|47\/100\n|move|p2a: Taekwonhindu|Pyro Ball|p1a: Akainu\n|-resisted|p1a: Akainu\n|-damage|p1a: Akainu|0 fnt\n|faint|p1a: Akainu\n|\n|win|Kingu01\n","uploadtime":1700444659,"views":8,"p1id":"caligulahar","p2id":"kingu01","formatid":"gen9anythinggoes","rating":0,"private":0,"password":""}