{"id":"gen9anythinggoes-1987702300","p1":"TimeLimitVGC","p2":"NoFunAllowedJo","format":"[Gen 9] Anything Goes","log":"|j|\u2606TimeLimitVGC\n|j|\u2606NoFunAllowedJo\n|t:|1699629123\n|gametype|singles\n|player|p1|TimeLimitVGC|169|\n|player|p2|NoFunAllowedJo|clown|\n|teamsize|p1|6\n|teamsize|p2|6\n|gen|9\n|tier|[Gen 9] Anything Goes\n|rule|HP Percentage Mod: HP is shown in percentages\n|rule|Endless Battle Clause: Forcing endless battles is banned\n|clearpoke\n|poke|p1|Rotom-Mow|\n|poke|p1|Sandaconda, M|\n|poke|p1|Tatsugiri, M|\n|poke|p1|Falinks|\n|poke|p1|Drifblim, M|\n|poke|p1|Wigglytuff, F|\n|poke|p2|Probopass, M|\n|poke|p2|Spiritomb, M|\n|poke|p2|Tropius, F|\n|poke|p2|Delphox, F|\n|poke|p2|Whiscash, F|\n|poke|p2|Dragalge, M|\n|teampreview\n|j| venator117\n|\n|t:|1699629208\n|start\n|switch|p1a: Rotom|Rotom-Mow, shiny|100\/100\n|switch|p2a: Whiscash|Whiscash, F|100\/100\n|turn|1\n|\n|t:|1699629228\n|switch|p2a: Probopass|Probopass, M|100\/100\n|move|p1a: Rotom|Volt Switch|p2a: Probopass\n|-damage|p2a: Probopass|82\/100\n|\n|t:|1699629234\n|switch|p1a: Sandaconda|Sandaconda, M|100\/100|[from] Volt Switch\n|\n|-heal|p2a: Probopass|88\/100|[from] item: Leftovers\n|upkeep\n|turn|2\n|\n|t:|1699629242\n|switch|p2a: Spiritomb|Spiritomb, M|100\/100\n|move|p1a: Sandaconda|Stealth Rock|p2a: Spiritomb\n|-sidestart|p2: NoFunAllowedJo|move: Stealth Rock\n|\n|upkeep\n|turn|3\n|\n|t:|1699629255\n|move|p1a: Sandaconda|Glare|p2a: Spiritomb\n|-status|p2a: Spiritomb|par\n|cant|p2a: Spiritomb|par\n|\n|upkeep\n|turn|4\n|\n|t:|1699629261\n|move|p1a: Sandaconda|Earthquake|p2a: Spiritomb\n|-damage|p2a: Spiritomb|70\/100 par\n|cant|p2a: Spiritomb|par\n|\n|upkeep\n|turn|5\n|\n|t:|1699629273\n|switch|p1a: Wigglytuff|Wigglytuff, F|100\/100\n|move|p2a: Spiritomb|Will-O-Wisp|p1a: Wigglytuff\n|-status|p1a: Wigglytuff|brn\n|\n|-damage|p1a: Wigglytuff|94\/100 brn|[from] brn\n|upkeep\n|turn|6\n|\n|t:|1699629308\n|switch|p2a: Probopass|Probopass, M|88\/100\n|-damage|p2a: Probopass|82\/100|[from] Stealth Rock\n|move|p1a: Wigglytuff|Dazzling Gleam|p2a: Probopass\n|-resisted|p2a: Probopass\n|-damage|p2a: Probopass|73\/100\n|\n|-heal|p2a: Probopass|79\/100|[from] item: Leftovers\n|-damage|p1a: Wigglytuff|88\/100 brn|[from] brn\n|upkeep\n|turn|7\n|\n|t:|1699629324\n|switch|p1a: Sandaconda|Sandaconda, M|100\/100\n|move|p2a: Probopass|Sandstorm|p2a: Probopass\n|-weather|Sandstorm\n|\n|-weather|Sandstorm|[upkeep]\n|-heal|p2a: Probopass|85\/100|[from] item: Leftovers\n|upkeep\n|turn|8\n|\n|t:|1699629352\n|switch|p2a: Spiritomb|Spiritomb, M|70\/100 par\n|-damage|p2a: Spiritomb|57\/100 par|[from] Stealth Rock\n|move|p1a: Sandaconda|Glare|p2a: Spiritomb\n|-fail|p2a: Spiritomb|par\n|\n|-weather|Sandstorm|[upkeep]\n|-damage|p2a: Spiritomb|51\/100 par|[from] Sandstorm\n|upkeep\n|turn|9\n|\n|t:|1699629363\n|move|p1a: Sandaconda|Earthquake|p2a: Spiritomb\n|-damage|p2a: Spiritomb|23\/100 par\n|move|p2a: Spiritomb|Pain Split|p1a: Sandaconda\n|-sethp|p1a: Sandaconda|60\/100|[from] move: Pain Split|[silent]\n|-sethp|p2a: Spiritomb|69\/100 par|[from] move: Pain Split\n|\n|-weather|Sandstorm|[upkeep]\n|-damage|p2a: Spiritomb|62\/100 par|[from] Sandstorm\n|upkeep\n|turn|10\n|c|\u2606TimeLimitVGC|:o\n|\n|t:|1699629382\n|move|p1a: Sandaconda|Earthquake|p2a: Spiritomb\n|-damage|p2a: Spiritomb|30\/100 par\n|cant|p2a: Spiritomb|par\n|\n|-weather|Sandstorm|[upkeep]\n|-damage|p2a: Spiritomb|24\/100 par|[from] Sandstorm\n|upkeep\n|turn|11\n|\n|t:|1699629390\n|switch|p2a: Tropius|Tropius, F|100\/100\n|-damage|p2a: Tropius|76\/100|[from] Stealth Rock\n|move|p1a: Sandaconda|Earthquake|p2a: Tropius\n|-immune|p2a: Tropius\n|\n|-weather|none\n|upkeep\n|turn|12\n|\n|t:|1699629403\n|switch|p1a: Rotom|Rotom-Mow, shiny|100\/100\n|move|p2a: Tropius|Tailwind|p2a: Tropius\n|-sidestart|p2: NoFunAllowedJo|move: Tailwind\n|\n|upkeep\n|turn|13\n|\n|t:|1699629442\n|switch|p2a: Dragalge|Dragalge, M|100\/100\n|-damage|p2a: Dragalge|88\/100|[from] Stealth Rock\n|move|p1a: Rotom|Volt Switch|p2a: Dragalge\n|-resisted|p2a: Dragalge\n|-damage|p2a: Dragalge|73\/100\n|\n|t:|1699629457\n|switch|p1a: Sandaconda|Sandaconda, M|60\/100|[from] Volt Switch\n|\n|-heal|p2a: Dragalge|79\/100|[from] item: Black Sludge\n|upkeep\n|turn|14\n|\n|t:|1699629517\n|move|p2a: Dragalge|Flip Turn|p1a: Sandaconda\n|-supereffective|p1a: Sandaconda\n|-damage|p1a: Sandaconda|45\/100\n|-enditem|p1a: Sandaconda|Kee Berry|[eat]\n|-boost|p1a: Sandaconda|def|1|[from] item: Kee Berry\n|\n|t:|1699629535\n|switch|p2a: Tropius|Tropius, F|76\/100|[from] Flip Turn\n|-damage|p2a: Tropius|51\/100|[from] Stealth Rock\n|move|p1a: Sandaconda|Earthquake|p2a: Tropius\n|-immune|p2a: Tropius\n|\n|upkeep\n|turn|15\n|\n|t:|1699629564\n|switch|p1a: Rotom|Rotom-Mow, shiny|100\/100\n|move|p2a: Tropius|Synthesis|p2a: Tropius\n|-heal|p2a: Tropius|100\/100\n|\n|-sideend|p2: NoFunAllowedJo|move: Tailwind\n|upkeep\n|turn|16\n|\n|t:|1699629585\n|move|p1a: Rotom|Trick|p2a: Tropius\n|-activate|p1a: Rotom|move: Trick|[of] p2a: Tropius\n|-item|p2a: Tropius|Choice Scarf|[from] move: Trick\n|-item|p1a: Rotom|Yache Berry|[from] move: Trick\n|move|p2a: Tropius|Tailwind|p2a: Tropius\n|-sidestart|p2: NoFunAllowedJo|move: Tailwind\n|\n|upkeep\n|turn|17\n|\n|t:|1699629632\n|switch|p2a: Dragalge|Dragalge, M|79\/100\n|-damage|p2a: Dragalge|67\/100|[from] Stealth Rock\n|switch|p1a: Wigglytuff|Wigglytuff, F|88\/100 brn\n|\n|-heal|p2a: Dragalge|73\/100|[from] item: Black Sludge\n|-damage|p1a: Wigglytuff|82\/100 brn|[from] brn\n|upkeep\n|turn|18\n|\n|t:|1699629653\n|switch|p1a: Drifblim|Drifblim, M|100\/100\n|move|p2a: Dragalge|Sludge Bomb|p1a: Drifblim\n|-resisted|p1a: Drifblim\n|-damage|p1a: Drifblim|78\/100\n|\n|-heal|p2a: Dragalge|79\/100|[from] item: Black Sludge\n|upkeep\n|turn|19\n|\n|t:|1699629672\n|move|p2a: Dragalge|Draco Meteor|p1a: Drifblim|[miss]\n|-miss|p2a: Dragalge|p1a: Drifblim\n|move|p1a: Drifblim|Stockpile|p1a: Drifblim\n|-start|p1a: Drifblim|stockpile1\n|-boost|p1a: Drifblim|def|1\n|-boost|p1a: Drifblim|spd|1\n|\n|-heal|p2a: Dragalge|85\/100|[from] item: Black Sludge\n|-sideend|p2: NoFunAllowedJo|move: Tailwind\n|upkeep\n|turn|20\n|\n|t:|1699629686\n|move|p1a: Drifblim|Stockpile|p1a: Drifblim\n|-start|p1a: Drifblim|stockpile2\n|-boost|p1a: Drifblim|def|1\n|-boost|p1a: Drifblim|spd|1\n|move|p2a: Dragalge|Smokescreen|p1a: Drifblim\n|-unboost|p1a: Drifblim|accuracy|1\n|\n|-heal|p2a: Dragalge|91\/100|[from] item: Black Sludge\n|upkeep\n|turn|21\n|\n|t:|1699629709\n|move|p1a: Drifblim|Tailwind|p1a: Drifblim\n|-sidestart|p1: TimeLimitVGC|move: Tailwind\n|move|p2a: Dragalge|Flip Turn|p1a: Drifblim\n|-damage|p1a: Drifblim|73\/100\n|\n|t:|1699629714\n|switch|p2a: Spiritomb|Spiritomb, M|24\/100 par|[from] Flip Turn\n|-damage|p2a: Spiritomb|11\/100 par|[from] Stealth Rock\n|\n|upkeep\n|turn|22\n|\n|t:|1699629730\n|switch|p1a: Wigglytuff|Wigglytuff, F|82\/100 brn\n|move|p2a: Spiritomb|Confuse Ray|p1a: Wigglytuff\n|-start|p1a: Wigglytuff|confusion\n|\n|-damage|p1a: Wigglytuff|76\/100 brn|[from] brn\n|upkeep\n|turn|23\n|\n|t:|1699629745\n|switch|p1a: Drifblim|Drifblim, M|73\/100\n|cant|p2a: Spiritomb|par\n|\n|upkeep\n|turn|24\n|\n|t:|1699629756\n|move|p1a: Drifblim|Stockpile|p1a: Drifblim\n|-start|p1a: Drifblim|stockpile1\n|-boost|p1a: Drifblim|def|1\n|-boost|p1a: Drifblim|spd|1\n|move|p2a: Spiritomb|Poltergeist|p1a: Drifblim|[miss]\n|-miss|p2a: Spiritomb|p1a: Drifblim\n|\n|-sideend|p1: TimeLimitVGC|move: Tailwind\n|upkeep\n|turn|25\n|\n|t:|1699629768\n|move|p1a: Drifblim|Stockpile|p1a: Drifblim\n|-start|p1a: Drifblim|stockpile2\n|-boost|p1a: Drifblim|def|1\n|-boost|p1a: Drifblim|spd|1\n|cant|p2a: Spiritomb|par\n|\n|upkeep\n|turn|26\n|\n|t:|1699629776\n|move|p1a: Drifblim|Stockpile|p1a: Drifblim\n|-start|p1a: Drifblim|stockpile3\n|-boost|p1a: Drifblim|def|1\n|-boost|p1a: Drifblim|spd|1\n|move|p2a: Spiritomb|Confuse Ray|p1a: Drifblim\n|-start|p1a: Drifblim|confusion\n|\n|upkeep\n|turn|27\n|\n|t:|1699629785\n|-activate|p1a: Drifblim|confusion\n|move|p1a: Drifblim|Tailwind|p1a: Drifblim\n|-sidestart|p1: TimeLimitVGC|move: Tailwind\n|move|p2a: Spiritomb|Will-O-Wisp|p1a: Drifblim\n|-status|p1a: Drifblim|brn\n|\n|-damage|p1a: Drifblim|66\/100 brn|[from] brn\n|upkeep\n|turn|28\n|\n|t:|1699629794\n|-activate|p1a: Drifblim|confusion\n|move|p1a: Drifblim|Tailwind||[still]\n|-fail|p1a: Drifblim\n|move|p2a: Spiritomb|Pain Split|p1a: Drifblim\n|-sethp|p1a: Drifblim|37\/100 brn|[from] move: Pain Split|[silent]\n|-sethp|p2a: Spiritomb|60\/100 par|[from] move: Pain Split\n|\n|-damage|p1a: Drifblim|30\/100 brn|[from] brn\n|upkeep\n|turn|29\n|\n|t:|1699629816\n|-activate|p1a: Drifblim|confusion\n|move|p1a: Drifblim|Baton Pass|p1a: Drifblim\n|\n|t:|1699629819\n|switch|p1a: Falinks|Falinks|100\/100|[from] Baton Pass\n|-enditem|p1a: Falinks|Lum Berry|[eat]\n|-end|p1a: Falinks|confusion\n|move|p2a: Spiritomb|Poltergeist||[still]\n|-fail|p2a: Spiritomb\n|\n|upkeep\n|turn|30\n|\n|t:|1699629838\n|move|p1a: Falinks|Trailblaze|p2a: Spiritomb\n|-crit|p2a: Spiritomb\n|-damage|p2a: Spiritomb|45\/100 par\n|-boost|p1a: Falinks|spe|1\n|-damage|p1a: Falinks|84\/100|[from] item: Rocky Helmet|[of] p2a: Spiritomb\n|cant|p2a: Spiritomb|par\n|\n|-sideend|p1: TimeLimitVGC|move: Tailwind\n|upkeep\n|turn|31\n|\n|t:|1699629849\n|move|p1a: Falinks|No Retreat|p1a: Falinks\n|-boost|p1a: Falinks|atk|1\n|-boost|p1a: Falinks|def|1\n|-boost|p1a: Falinks|spa|1\n|-boost|p1a: Falinks|spd|1\n|-boost|p1a: Falinks|spe|1\n|-start|p1a: Falinks|move: No Retreat\n|move|p2a: Spiritomb|Will-O-Wisp|p1a: Falinks\n|-status|p1a: Falinks|brn\n|\n|-damage|p1a: Falinks|78\/100 brn|[from] brn\n|upkeep\n|turn|32\n|\n|t:|1699629861\n|move|p1a: Falinks|Trailblaze|p2a: Spiritomb\n|-damage|p2a: Spiritomb|37\/100 par\n|-boost|p1a: Falinks|spe|1\n|-damage|p1a: Falinks|62\/100 brn|[from] item: Rocky Helmet|[of] p2a: Spiritomb\n|move|p2a: Spiritomb|Confuse Ray|p1a: Falinks\n|-start|p1a: Falinks|confusion\n|\n|-damage|p1a: Falinks|56\/100 brn|[from] brn\n|upkeep\n|turn|33\n|c|\u2606TimeLimitVGC|jover\n|\n|t:|1699629878\n|-activate|p1a: Falinks|confusion\n|-damage|p1a: Falinks|50\/100 brn|[from] confusion\n|move|p2a: Spiritomb|Pain Split|p1a: Falinks\n|-sethp|p1a: Falinks|42\/100 brn|[from] move: Pain Split|[silent]\n|-sethp|p2a: Spiritomb|46\/100 par|[from] move: Pain Split\n|\n|-damage|p1a: Falinks|36\/100 brn|[from] brn\n|upkeep\n|turn|34\n|\n|t:|1699629895\n|-activate|p1a: Falinks|confusion\n|move|p1a: Falinks|Trailblaze|p2a: Spiritomb\n|-damage|p2a: Spiritomb|38\/100 par\n|-boost|p1a: Falinks|spe|1\n|-damage|p1a: Falinks|19\/100 brn|[from] item: Rocky Helmet|[of] p2a: Spiritomb\n|move|p2a: Spiritomb|Confuse Ray||[still]\n|-fail|p2a: Spiritomb\n|\n|-damage|p1a: Falinks|13\/100 brn|[from] brn\n|upkeep\n|turn|35\n|\n|t:|1699629916\n|-end|p1a: Falinks|confusion\n|move|p1a: Falinks|Close Combat|p2a: Spiritomb\n|-immune|p2a: Spiritomb\n|move|p2a: Spiritomb|Confuse Ray|p1a: Falinks\n|-start|p1a: Falinks|confusion\n|\n|-damage|p1a: Falinks|7\/100 brn|[from] brn\n|upkeep\n|turn|36\n|\n|t:|1699629928\n|-activate|p1a: Falinks|confusion\n|move|p1a: Falinks|Trailblaze|p2a: Spiritomb\n|-damage|p2a: Spiritomb|30\/100 par\n|-boost|p1a: Falinks|spe|1\n|-damage|p1a: Falinks|0 fnt|[from] item: Rocky Helmet|[of] p2a: Spiritomb\n|faint|p1a: Falinks\n|move|p2a: Spiritomb|Confuse Ray|p1: Falinks|[notarget]\n|-fail|p2a: Spiritomb\n|\n|upkeep\n|\n|t:|1699629943\n|switch|p1a: Tatsugiri|Tatsugiri, M|100\/100\n|-item|p1a: Tatsugiri|Air Balloon\n|turn|37\n|\n|t:|1699629949\n|move|p1a: Tatsugiri|Muddy Water|p2a: Spiritomb|[miss]\n|-miss|p1a: Tatsugiri|p2a: Spiritomb\n|move|p2a: Spiritomb|Pain Split|p1a: Tatsugiri\n|-sethp|p1a: Tatsugiri|67\/100|[from] move: Pain Split|[silent]\n|-sethp|p2a: Spiritomb|61\/100 par|[from] move: Pain Split\n|\n|upkeep\n|turn|38\n|\n|t:|1699629959\n|move|p1a: Tatsugiri|Muddy Water|p2a: Spiritomb|[miss]\n|-miss|p1a: Tatsugiri|p2a: Spiritomb\n|move|p2a: Spiritomb|Confuse Ray|p1a: Tatsugiri\n|-start|p1a: Tatsugiri|confusion\n|\n|upkeep\n|turn|39\n|\n|t:|1699629965\n|switch|p1a: Wigglytuff|Wigglytuff, F|76\/100 brn\n|move|p2a: Spiritomb|Poltergeist|p1a: Wigglytuff\n|-immune|p1a: Wigglytuff\n|\n|-damage|p1a: Wigglytuff|70\/100 brn|[from] brn\n|upkeep\n|turn|40\n|c|\u2606TimeLimitVGC|never lucky\n|\n|t:|1699629978\n|move|p1a: Wigglytuff|Ice Beam|p2a: Spiritomb\n|-damage|p2a: Spiritomb|35\/100 par\n|move|p2a: Spiritomb|Confuse Ray|p1a: Wigglytuff\n|-start|p1a: Wigglytuff|confusion\n|\n|-damage|p1a: Wigglytuff|63\/100 brn|[from] brn\n|upkeep\n|turn|41\n|\n|t:|1699629994\n|-activate|p1a: Wigglytuff|confusion\n|move|p1a: Wigglytuff|Dazzling Gleam|p2a: Spiritomb\n|-supereffective|p2a: Spiritomb\n|-damage|p2a: Spiritomb|0 fnt\n|faint|p2a: Spiritomb\n|\n|-damage|p1a: Wigglytuff|57\/100 brn|[from] brn\n|upkeep\n|\n|t:|1699630046\n|switch|p2a: Probopass|Probopass, M|85\/100\n|-damage|p2a: Probopass|79\/100|[from] Stealth Rock\n|turn|42\n|\n|t:|1699630066\n|switch|p1a: Sandaconda|Sandaconda, M|45\/100\n|move|p2a: Probopass|Tri Attack|p1a: Sandaconda\n|-damage|p1a: Sandaconda|24\/100\n|\n|-heal|p2a: Probopass|85\/100|[from] item: Leftovers\n|upkeep\n|turn|43\n|\n|t:|1699630084\n|-terastallize|p2a: Probopass|Flying\n|move|p1a: Sandaconda|Rest|p1a: Sandaconda\n|-status|p1a: Sandaconda|slp|[from] move: Rest\n|-heal|p1a: Sandaconda|100\/100 slp|[silent]\n|move|p2a: Probopass|Tri Attack|p1a: Sandaconda\n|-damage|p1a: Sandaconda|82\/100 slp\n|\n|-heal|p2a: Probopass|91\/100|[from] item: Leftovers\n|upkeep\n|turn|44\n|\n|t:|1699630124\n|switch|p2a: Delphox|Delphox, F|100\/100\n|-damage|p2a: Delphox|75\/100|[from] Stealth Rock\n|cant|p1a: Sandaconda|slp\n|\n|upkeep\n|turn|45\n|\n|t:|1699630135\n|move|p2a: Delphox|Sunny Day|p2a: Delphox\n|-weather|SunnyDay\n|cant|p1a: Sandaconda|slp\n|\n|-weather|SunnyDay|[upkeep]\n|-activate|p1a: Sandaconda|ability: Shed Skin\n|-curestatus|p1a: Sandaconda|slp|[msg]\n|upkeep\n|turn|46\n|\n|t:|1699630144\n|switch|p2a: Tropius|Tropius, F|100\/100\n|-damage|p2a: Tropius|76\/100|[from] Stealth Rock\n|move|p1a: Sandaconda|Glare|p2a: Tropius\n|-status|p2a: Tropius|par\n|\n|-weather|SunnyDay|[upkeep]\n|upkeep\n|turn|47\n|\n|t:|1699630163\n|switch|p1a: Drifblim|Drifblim, M|30\/100 brn\n|cant|p2a: Tropius|par\n|\n|-weather|SunnyDay|[upkeep]\n|-damage|p1a: Drifblim|24\/100 brn|[from] brn\n|upkeep\n|turn|48\n|\n|t:|1699630172\n|move|p1a: Drifblim|Stockpile|p1a: Drifblim\n|-start|p1a: Drifblim|stockpile1\n|-boost|p1a: Drifblim|def|1\n|-boost|p1a: Drifblim|spd|1\n|move|p2a: Tropius|Solar Blade||[still]\n|-prepare|p2a: Tropius|Solar Blade\n|-anim|p2a: Tropius|Solar Blade|p1a: Drifblim\n|-resisted|p1a: Drifblim\n|-damage|p1a: Drifblim|15\/100 brn\n|\n|-weather|SunnyDay|[upkeep]\n|-damage|p1a: Drifblim|9\/100 brn|[from] brn\n|upkeep\n|turn|49\n|\n|t:|1699630184\n|move|p1a: Drifblim|Baton Pass|p1a: Drifblim\n|\n|t:|1699630186\n|switch|p1a: Rotom|Rotom-Mow, shiny|100\/100|[from] Baton Pass\n|cant|p2a: Tropius|par\n|\n|-weather|SunnyDay|[upkeep]\n|upkeep\n|turn|50\n|\n|t:|1699630211\n|move|p1a: Rotom|Volt Switch|p2a: Tropius\n|-damage|p2a: Tropius|47\/100 par\n|\n|t:|1699630224\n|switch|p1a: Tatsugiri|Tatsugiri, M|67\/100|[from] Volt Switch\n|-item|p1a: Tatsugiri|Air Balloon\n|move|p2a: Tropius|Solar Blade||[still]\n|-prepare|p2a: Tropius|Solar Blade\n|-anim|p2a: Tropius|Solar Blade|p1a: Tatsugiri\n|-damage|p1a: Tatsugiri|0 fnt\n|-enditem|p1a: Tatsugiri|Air Balloon\n|faint|p1a: Tatsugiri\n|\n|-weather|SunnyDay|[upkeep]\n|upkeep\n|\n|t:|1699630236\n|switch|p1a: Wigglytuff|Wigglytuff, F|57\/100 brn\n|turn|51\n|\n|t:|1699630239\n|move|p1a: Wigglytuff|Ice Beam|p2a: Tropius\n|-supereffective|p2a: Tropius\n|-damage|p2a: Tropius|0 fnt\n|faint|p2a: Tropius\n|\n|-weather|SunnyDay|[upkeep]\n|-damage|p1a: Wigglytuff|51\/100 brn|[from] brn\n|upkeep\n|\n|t:|1699630259\n|switch|p2a: Delphox|Delphox, F|75\/100\n|-damage|p2a: Delphox|50\/100|[from] Stealth Rock\n|turn|52\n|\n|t:|1699630312\n|move|p2a: Delphox|Wish|p2a: Delphox\n|move|p1a: Wigglytuff|Thunderbolt|p2a: Delphox\n|-damage|p2a: Delphox|19\/100\n|\n|-weather|none\n|-damage|p1a: Wigglytuff|45\/100 brn|[from] brn\n|upkeep\n|turn|53\n|\n|t:|1699630324\n|move|p2a: Delphox|Fire Blast|p1a: Wigglytuff\n|-damage|p1a: Wigglytuff|1\/100 brn\n|move|p1a: Wigglytuff|Fire Blast|p2a: Delphox\n|-resisted|p2a: Delphox\n|-damage|p2a: Delphox|0 fnt\n|faint|p2a: Delphox\n|\n|-damage|p1a: Wigglytuff|0 fnt|[from] brn\n|faint|p1a: Wigglytuff\n|upkeep\n|\n|t:|1699630359\n|switch|p2a: Dragalge|Dragalge, M|91\/100\n|switch|p1a: Drifblim|Drifblim, M|9\/100 brn\n|-damage|p2a: Dragalge|79\/100|[from] Stealth Rock\n|turn|54\n|\n|t:|1699630383\n|move|p1a: Drifblim|Tailwind|p1a: Drifblim\n|-sidestart|p1: TimeLimitVGC|move: Tailwind\n|move|p2a: Dragalge|Sludge Bomb|p1a: Drifblim\n|-resisted|p1a: Drifblim\n|-damage|p1a: Drifblim|0 fnt\n|faint|p1a: Drifblim\n|\n|-heal|p2a: Dragalge|85\/100|[from] item: Black Sludge\n|upkeep\n|\n|t:|1699630391\n|switch|p1a: Sandaconda|Sandaconda, M|82\/100\n|turn|55\n|\n|t:|1699630405\n|move|p1a: Sandaconda|Glare|p2a: Dragalge\n|-status|p2a: Dragalge|par\n|move|p2a: Dragalge|Flip Turn|p1a: Sandaconda\n|-supereffective|p1a: Sandaconda\n|-damage|p1a: Sandaconda|68\/100\n|\n|t:|1699630412\n|switch|p2a: Whiscash|Whiscash, F|100\/100|[from] Flip Turn\n|-damage|p2a: Whiscash|94\/100|[from] Stealth Rock\n|\n|upkeep\n|turn|56\n|\n|t:|1699630424\n|move|p1a: Sandaconda|Glare|p2a: Whiscash\n|-status|p2a: Whiscash|par\n|move|p2a: Whiscash|Muddy Water|p1a: Sandaconda\n|-supereffective|p1a: Sandaconda\n|-damage|p1a: Sandaconda|2\/100\n|\n|upkeep\n|turn|57\n|\n|t:|1699630434\n|move|p1a: Sandaconda|Rest|p1a: Sandaconda\n|-status|p1a: Sandaconda|slp|[from] move: Rest\n|-heal|p1a: Sandaconda|100\/100 slp|[silent]\n|move|p2a: Whiscash|Muddy Water|p1a: Sandaconda\n|-supereffective|p1a: Sandaconda\n|-damage|p1a: Sandaconda|34\/100 slp\n|\n|-sideend|p1: TimeLimitVGC|move: Tailwind\n|upkeep\n|turn|58\n|\n|t:|1699630453\n|switch|p1a: Rotom|Rotom-Mow, shiny|100\/100\n|cant|p2a: Whiscash|par\n|\n|upkeep\n|turn|59\n|\n|t:|1699630479\n|switch|p2a: Dragalge|Dragalge, M|85\/100 par\n|-damage|p2a: Dragalge|72\/100 par|[from] Stealth Rock\n|move|p1a: Rotom|Volt Switch|p2a: Dragalge\n|-resisted|p2a: Dragalge\n|-damage|p2a: Dragalge|58\/100 par\n|\n|t:|1699630486\n|switch|p1a: Sandaconda|Sandaconda, M|34\/100 slp|[from] Volt Switch\n|\n|-activate|p1a: Sandaconda|ability: Shed Skin\n|-curestatus|p1a: Sandaconda|slp|[msg]\n|-heal|p2a: Dragalge|64\/100 par|[from] item: Black Sludge\n|upkeep\n|turn|60\n|\n|t:|1699630542\n|switch|p2a: Whiscash|Whiscash, F|94\/100 par\n|-damage|p2a: Whiscash|88\/100 par|[from] Stealth Rock\n|move|p1a: Sandaconda|Rest|p1a: Sandaconda\n|-status|p1a: Sandaconda|slp|[from] move: Rest\n|-heal|p1a: Sandaconda|100\/100 slp|[silent]\n|\n|upkeep\n|turn|61\n|\n|t:|1699630553\n|switch|p1a: Rotom|Rotom-Mow, shiny|100\/100\n|move|p2a: Whiscash|Muddy Water|p1a: Rotom\n|-resisted|p1a: Rotom\n|-damage|p1a: Rotom|83\/100\n|\n|upkeep\n|turn|62\n|\n|t:|1699630570\n|switch|p2a: Dragalge|Dragalge, M|64\/100 par\n|-damage|p2a: Dragalge|52\/100 par|[from] Stealth Rock\n|move|p1a: Rotom|Leaf Storm|p2a: Dragalge\n|-resisted|p2a: Dragalge\n|-damage|p2a: Dragalge|39\/100 par\n|-unboost|p1a: Rotom|spa|2\n|\n|-heal|p2a: Dragalge|45\/100 par|[from] item: Black Sludge\n|upkeep\n|turn|63\n|\n|t:|1699630585\n|move|p1a: Rotom|Volt Switch|p2a: Dragalge\n|-resisted|p2a: Dragalge\n|-damage|p2a: Dragalge|38\/100 par\n|\n|t:|1699630588\n|switch|p1a: Sandaconda|Sandaconda, M|100\/100 slp|[from] Volt Switch\n|move|p2a: Dragalge|Sludge Bomb|p1a: Sandaconda\n|-resisted|p1a: Sandaconda\n|-damage|p1a: Sandaconda|73\/100 slp\n|\n|-heal|p2a: Dragalge|44\/100 par|[from] item: Black Sludge\n|upkeep\n|turn|64\n|\n|t:|1699630602\n|cant|p1a: Sandaconda|slp\n|move|p2a: Dragalge|Draco Meteor|p1a: Sandaconda\n|-damage|p1a: Sandaconda|0 fnt\n|-unboost|p2a: Dragalge|spa|2\n|faint|p1a: Sandaconda\n|\n|-heal|p2a: Dragalge|50\/100 par|[from] item: Black Sludge\n|upkeep\n|\n|t:|1699630609\n|switch|p1a: Rotom|Rotom-Mow, shiny|83\/100\n|turn|65\n|\n|t:|1699630630\n|-terastallize|p1a: Rotom|Ice\n|move|p1a: Rotom|Tera Blast|p2a: Dragalge|[anim] Tera Blast Ice\n|-supereffective|p2a: Dragalge\n|-damage|p2a: Dragalge|0 fnt\n|faint|p2a: Dragalge\n|\n|upkeep\n|\n|t:|1699630640\n|switch|p2a: Probopass|Probopass, M, tera:Flying|91\/100\n|-damage|p2a: Probopass|66\/100|[from] Stealth Rock\n|turn|66\n|\n|t:|1699630659\n|move|p1a: Rotom|Tera Blast|p2a: Probopass|[anim] Tera Blast Ice\n|-supereffective|p2a: Probopass\n|-damage|p2a: Probopass|21\/100\n|move|p2a: Probopass|Power Gem|p1a: Rotom\n|-supereffective|p1a: Rotom\n|-damage|p1a: Rotom|25\/100\n|\n|-heal|p2a: Probopass|27\/100|[from] item: Leftovers\n|upkeep\n|turn|67\n|\n|t:|1699630670\n|move|p1a: Rotom|Tera Blast|p2a: Probopass|[anim] Tera Blast Ice\n|-supereffective|p2a: Probopass\n|-crit|p2a: Probopass\n|-damage|p2a: Probopass|0 fnt\n|faint|p2a: Probopass\n|\n|upkeep\n|\n|t:|1699630674\n|switch|p2a: Whiscash|Whiscash, F|88\/100 par\n|-damage|p2a: Whiscash|82\/100 par|[from] Stealth Rock\n|turn|68\n|\n|t:|1699630680\n|move|p1a: Rotom|Leaf Storm|p2a: Whiscash\n|-supereffective|p2a: Whiscash\n|-damage|p2a: Whiscash|0 fnt\n|-unboost|p1a: Rotom|spa|2\n|faint|p2a: Whiscash\n|\n|win|TimeLimitVGC\n|c|\u2606TimeLimitVGC|gg\n","uploadtime":1699630704,"views":11,"p1id":"timelimitvgc","p2id":"nofunallowedjo","formatid":"gen9anythinggoes","rating":0,"private":0,"password":""}