{"id":"gen9anythinggoes-1980853757","p1":"Ruchira95","p2":"nnyyy","format":"[Gen 9] Anything Goes","log":"|j|\u2606Ruchira95\n|j|\u2606nnyyy\n|t:|1698842575\n|gametype|singles\n|player|p1|Ruchira95|cynthia-gen4|1424\n|player|p2|nnyyy|101|1469\n|teamsize|p1|6\n|teamsize|p2|6\n|gen|9\n|tier|[Gen 9] Anything Goes\n|rated|\n|rule|HP Percentage Mod: HP is shown in percentages\n|rule|Endless Battle Clause: Forcing endless battles is banned\n|clearpoke\n|poke|p1|Ditto|\n|poke|p1|Ditto|\n|poke|p1|Ditto|\n|poke|p1|Ditto|\n|poke|p1|Ditto|\n|poke|p1|Zacian-*|\n|poke|p2|Calyrex-Ice|\n|poke|p2|Pawmot, M|\n|poke|p2|Zacian-*|\n|poke|p2|Klefki, F|\n|poke|p2|Cresselia, F|\n|poke|p2|Hatterene, F|\n|teampreview\n|\n|t:|1698842586\n|start\n|switch|p1a: Ditto|Ditto|100\/100\n|switch|p2a: Zacian|Zacian-Crowned|100\/100\n|-ability|p2a: Zacian|Intrepid Sword|boost\n|-boost|p2a: Zacian|atk|1\n|-transform|p1a: Ditto|p2a: Zacian|[from] ability: Imposter\n|-ability|p1a: Ditto|Intrepid Sword|boost\n|-boost|p1a: Ditto|atk|1\n|turn|1\n|\n|t:|1698842603\n|switch|p2a: Cresselia|Cresselia, F, shiny|100\/100\n|move|p1a: Ditto|Behemoth Blade|p2a: Cresselia\n|-damage|p2a: Cresselia|22\/100\n|-enditem|p2a: Cresselia|Sitrus Berry|[eat]\n|-heal|p2a: Cresselia|47\/100|[from] item: Sitrus Berry\n|\n|upkeep\n|turn|2\n|\n|t:|1698842614\n|move|p1a: Ditto|Behemoth Blade|p2a: Cresselia\n|-damage|p2a: Cresselia|0 fnt\n|faint|p2a: Cresselia\n|\n|upkeep\n|\n|t:|1698842647\n|switch|p2a: Klefki|Klefki, F|100\/100\n|turn|3\n|\n|t:|1698842660\n|move|p2a: Klefki|Substitute|p2a: Klefki\n|-start|p2a: Klefki|Substitute\n|-damage|p2a: Klefki|76\/100\n|move|p1a: Ditto|Behemoth Blade|p2a: Klefki\n|-end|p2a: Klefki|Substitute\n|\n|upkeep\n|turn|4\n|\n|t:|1698842668\n|move|p2a: Klefki|Substitute|p2a: Klefki\n|-start|p2a: Klefki|Substitute\n|-damage|p2a: Klefki|51\/100\n|move|p1a: Ditto|Behemoth Blade|p2a: Klefki\n|-end|p2a: Klefki|Substitute\n|\n|upkeep\n|turn|5\n|\n|t:|1698842678\n|move|p2a: Klefki|Substitute|p2a: Klefki\n|-start|p2a: Klefki|Substitute\n|-damage|p2a: Klefki|26\/100\n|move|p1a: Ditto|Behemoth Blade|p2a: Klefki\n|-end|p2a: Klefki|Substitute\n|\n|upkeep\n|turn|6\n|\n|t:|1698842686\n|move|p1a: Ditto|Play Rough|p2a: Klefki\n|-resisted|p2a: Klefki\n|-damage|p2a: Klefki|0 fnt\n|faint|p2a: Klefki\n|\n|upkeep\n|\n|t:|1698842712\n|switch|p2a: Pawmot|Pawmot, M|100\/100\n|turn|7\n|\n|t:|1698842719\n|move|p1a: Ditto|Substitute|p1a: Ditto\n|-start|p1a: Ditto|Substitute\n|-damage|p1a: Ditto|75\/100\n|move|p2a: Pawmot|Revival Blessing|p2a: Pawmot\n|\n|t:|1698842726\n|-heal|p2: Klefki|50\/100|[from] move: Revival Blessing\n|\n|upkeep\n|turn|8\n|\n|t:|1698842732\n|move|p1a: Ditto|Swords Dance|p1a: Ditto\n|-boost|p1a: Ditto|atk|2\n|move|p2a: Pawmot|Double Shock|p1a: Ditto\n|-end|p1a: Ditto|Substitute\n|-start|p2a: Pawmot|typechange|???\/Fighting|[from] move: Double Shock\n|\n|upkeep\n|turn|9\n|\n|t:|1698842741\n|move|p1a: Ditto|Play Rough|p2a: Pawmot\n|-supereffective|p2a: Pawmot\n|-enditem|p2a: Pawmot|Focus Sash\n|-damage|p2a: Pawmot|1\/100\n|move|p2a: Pawmot|Super Fang|p1a: Ditto\n|-damage|p1a: Ditto|38\/100\n|\n|upkeep\n|turn|10\n|\n|t:|1698842752\n|move|p2a: Pawmot|Mach Punch|p1a: Ditto\n|-damage|p1a: Ditto|17\/100\n|move|p1a: Ditto|Play Rough|p2a: Pawmot\n|-supereffective|p2a: Pawmot\n|-damage|p2a: Pawmot|0 fnt\n|faint|p2a: Pawmot\n|\n|upkeep\n|\n|t:|1698842767\n|switch|p2a: Klefki|Klefki, F|50\/100\n|turn|11\n|\n|t:|1698842772\n|move|p1a: Ditto|Play Rough|p2a: Klefki\n|-resisted|p2a: Klefki\n|-damage|p2a: Klefki|0 fnt\n|faint|p2a: Klefki\n|\n|upkeep\n|\n|t:|1698842781\n|switch|p2a: Zacian|Zacian-Crowned|100\/100\n|turn|12\n|\n|t:|1698842788\n|move|p2a: Zacian|Behemoth Blade|p1a: Ditto\n|-damage|p1a: Ditto|0 fnt\n|faint|p1a: Ditto\n|\n|upkeep\n|\n|t:|1698842797\n|switch|p1a: Ditto|Ditto|100\/100\n|-transform|p1a: Ditto|p2a: Zacian|[from] ability: Imposter\n|-ability|p1a: Ditto|Intrepid Sword|boost\n|-boost|p1a: Ditto|atk|1\n|turn|13\n|\n|t:|1698842808\n|move|p1a: Ditto|Behemoth Blade|p2a: Zacian\n|-crit|p2a: Zacian\n|-damage|p2a: Zacian|0 fnt\n|faint|p2a: Zacian\n|\n|upkeep\n|\n|t:|1698842813\n|switch|p2a: Calyrex|Calyrex-Ice|100\/100\n|-ability|p2a: Calyrex|As One\n|-ability|p2a: Calyrex|Unnerve\n|turn|14\n|\n|t:|1698842821\n|-terastallize|p2a: Calyrex|Fire\n|move|p1a: Ditto|Behemoth Blade|p2a: Calyrex\n|-resisted|p2a: Calyrex\n|-damage|p2a: Calyrex|73\/100\n|move|p2a: Calyrex|Tera Blast|p1a: Ditto|[anim] Tera Blast Fire\n|-supereffective|p1a: Ditto\n|-damage|p1a: Ditto|0 fnt\n|faint|p1a: Ditto\n|-ability|p2a: Calyrex|Chilling Neigh|boost\n|-boost|p2a: Calyrex|atk|1\n|\n|upkeep\n|\n|t:|1698842839\n|switch|p1a: Ditto|Ditto|100\/100\n|-transform|p1a: Ditto|p2a: Calyrex|[from] ability: Imposter\n|-start|p1a: Ditto|typechange|Psychic\/Ice|[silent]\n|turn|15\n|\n|t:|1698842850\n|-terastallize|p1a: Ditto|Ghost\n|move|p1a: Ditto|High Horsepower|p2a: Calyrex\n|-supereffective|p2a: Calyrex\n|-damage|p2a: Calyrex|0 fnt\n|faint|p2a: Calyrex\n|-ability|p1a: Ditto|Chilling Neigh|boost\n|-boost|p1a: Ditto|atk|1\n|\n|upkeep\n|\n|t:|1698842859\n|switch|p2a: Hatterene|Hatterene, F|100\/100\n|turn|16\n|\n|t:|1698842864\n|move|p1a: Ditto|Tera Blast|p2a: Hatterene|[anim] Tera Blast Ghost\n|-supereffective|p2a: Hatterene\n|-damage|p2a: Hatterene|0 fnt\n|faint|p2a: Hatterene\n|\n|win|Ruchira95\n|raw|Ruchira95's rating: 1424 &rarr; <strong>1447<\/strong><br \/>(+23 for winning)\n|raw|nnyyy's rating: 1469 &rarr; <strong>1446<\/strong><br \/>(-23 for losing)\n|l|\u2606nnyyy\n","uploadtime":1698842872,"views":7,"p1id":"ruchira95","p2id":"nnyyy","formatid":"gen9anythinggoes","rating":1446,"private":0,"password":""}