{"id":"gen9anythinggoes-1983612204","p1":"ExorcistaCrespo","p2":"Fiunte picha","format":"[Gen 9] Anything Goes","log":"|j|\u2606ExorcistaCrespo\n|j|\u2606Fiunte picha\n|t:|1699149374\n|gametype|singles\n|player|p1|ExorcistaCrespo|alder|\n|player|p2|Fiunte picha|lucas|\n|teamsize|p1|6\n|teamsize|p2|6\n|gen|9\n|tier|[Gen 9] Anything Goes\n|rule|HP Percentage Mod: HP is shown in percentages\n|rule|Endless Battle Clause: Forcing endless battles is banned\n|clearpoke\n|poke|p1|Cinderace, M|\n|poke|p1|Greninja-*, M|\n|poke|p1|Meowscarada, F|\n|poke|p1|Alomomola, F|\n|poke|p1|Slowking-Galar, M|\n|poke|p1|Gliscor, F|\n|poke|p2|Ursaring, M|\n|poke|p2|Farigiraf, M|\n|poke|p2|Dusknoir, M|\n|poke|p2|Victreebel, F|\n|poke|p2|Lycanroc-Midnight, F|\n|poke|p2|Arcanine, F|\n|teampreview\n|\n|t:|1699149390\n|start\n|switch|p1a: Greninja|Greninja, M|100\/100\n|switch|p2a: Dusknoir|Dusknoir, M|100\/100\n|-ability|p2a: Dusknoir|Pressure\n|turn|1\n|\n|t:|1699149400\n|move|p1a: Greninja|Dark Pulse|p2a: Dusknoir\n|-supereffective|p2a: Dusknoir\n|-damage|p2a: Dusknoir|35\/100\n|move|p2a: Dusknoir|Will-O-Wisp|p1a: Greninja\n|-status|p1a: Greninja|brn\n|\n|-heal|p2a: Dusknoir|41\/100|[from] item: Leftovers\n|-damage|p1a: Greninja|95\/100 brn|[from] brn\n|upkeep\n|turn|2\n|\n|t:|1699149411\n|move|p1a: Greninja|Dark Pulse|p2a: Dusknoir\n|-supereffective|p2a: Dusknoir\n|-damage|p2a: Dusknoir|0 fnt\n|faint|p2a: Dusknoir\n|-ability|p1a: Greninja|Battle Bond|boost\n|-boost|p1a: Greninja|atk|1\n|-boost|p1a: Greninja|spa|1\n|-boost|p1a: Greninja|spe|1\n|-activate|p1a: Greninja|ability: Battle Bond\n|\n|-damage|p1a: Greninja|89\/100 brn|[from] brn\n|upkeep\n|\n|t:|1699149428\n|switch|p2a: Victreebel|Victreebel, F|100\/100\n|turn|3\n|\n|t:|1699149435\n|move|p1a: Greninja|Ice Beam|p2a: Victreebel\n|-supereffective|p2a: Victreebel\n|-damage|p2a: Victreebel|0 fnt\n|faint|p2a: Victreebel\n|\n|-damage|p1a: Greninja|83\/100 brn|[from] brn\n|upkeep\n|\n|t:|1699149442\n|switch|p2a: Arcanine|Arcanine, F|100\/100\n|-ability|p2a: Arcanine|Intimidate|boost\n|-unboost|p1a: Greninja|atk|1\n|turn|4\n|\n|t:|1699149450\n|move|p2a: Arcanine|Extreme Speed|p1a: Greninja\n|-damage|p1a: Greninja|26\/100 brn\n|move|p1a: Greninja|Hydro Pump|p2a: Arcanine\n|-supereffective|p2a: Arcanine\n|-damage|p2a: Arcanine|0 fnt\n|faint|p2a: Arcanine\n|\n|-damage|p1a: Greninja|20\/100 brn|[from] brn\n|upkeep\n|\n|t:|1699149467\n|switch|p2a: Farigiraf|Farigiraf, M|100\/100\n|turn|5\n|\n|t:|1699149472\n|move|p1a: Greninja|Dark Pulse|p2a: Farigiraf\n|-supereffective|p2a: Farigiraf\n|-damage|p2a: Farigiraf|0 fnt\n|faint|p2a: Farigiraf\n|\n|-damage|p1a: Greninja|14\/100 brn|[from] brn\n|upkeep\n|\n|t:|1699149479\n|switch|p2a: Lycanroc|Lycanroc-Midnight, F|100\/100\n|turn|6\n|\n|t:|1699149490\n|move|p1a: Greninja|Hydro Pump|p2a: Lycanroc\n|-supereffective|p2a: Lycanroc\n|-damage|p2a: Lycanroc|0 fnt\n|faint|p2a: Lycanroc\n|\n|-damage|p1a: Greninja|8\/100 brn|[from] brn\n|upkeep\n|\n|t:|1699149497\n|switch|p2a: Ursaring|Ursaring, M|100\/100\n|turn|7\n|\n|t:|1699149511\n|move|p1a: Greninja|Hydro Pump|p2a: Ursaring\n|-damage|p2a: Ursaring|38\/100\n|move|p2a: Ursaring|Earthquake|p1a: Greninja\n|-damage|p1a: Greninja|0 fnt\n|faint|p1a: Greninja\n|\n|upkeep\n|\n|t:|1699149520\n|switch|p1a: Meowscarada|Meowscarada, F|100\/100\n|turn|8\n|\n|t:|1699149526\n|move|p1a: Meowscarada|Low Kick|p2a: Ursaring\n|-start|p1a: Meowscarada|typechange|Fighting|[from] ability: Protean\n|-supereffective|p2a: Ursaring\n|-damage|p2a: Ursaring|0 fnt\n|faint|p2a: Ursaring\n|\n|win|ExorcistaCrespo\n","uploadtime":1699149537,"views":7,"p1id":"exorcistacrespo","p2id":"fiuntepicha","formatid":"gen9anythinggoes","rating":0,"private":0,"password":""}