{"id":"gen9anythinggoes-1979648959","p1":"9iuub","p2":"kfdhkkiy","format":"[Gen 9] Anything Goes","log":"|j|\u26069iuub\n|j|\u2606kfdhkkiy\n|t:|1698699793\n|gametype|singles\n|player|p1|9iuub|giovanni|1000\n|player|p2|kfdhkkiy|clown|1011\n|teamsize|p1|6\n|teamsize|p2|6\n|gen|9\n|tier|[Gen 9] Anything Goes\n|rated|\n|rule|HP Percentage Mod: HP is shown in percentages\n|rule|Endless Battle Clause: Forcing endless battles is banned\n|clearpoke\n|poke|p1|Dragonite, F|\n|poke|p1|Drednaw, F|\n|poke|p1|Charizard, F|\n|poke|p1|Lucario, F|\n|poke|p1|Ninetales-Alola, M|\n|poke|p1|Arceus|\n|poke|p2|Infernape, M|\n|poke|p2|Victreebel, M|\n|poke|p2|Swadloon, M|\n|poke|p2|Regidrago|\n|poke|p2|Klawf, M|\n|poke|p2|Volcarona, M|\n|teampreview\n|\n|t:|1698699805\n|start\n|switch|p1a: Lucario|Lucario, F|100\/100\n|switch|p2a: \uc6d0\uc22d\uc774|Infernape, M, shiny|100\/100\n|turn|1\n|\n|t:|1698699816\n|switch|p1a: Drednaw|Drednaw, F|100\/100\n|move|p2a: \uc6d0\uc22d\uc774|Stealth Rock|p1a: Drednaw\n|-sidestart|p1: 9iuub|move: Stealth Rock\n|\n|upkeep\n|turn|2\n|\n|t:|1698699823\n|move|p2a: \uc6d0\uc22d\uc774|Taunt|p1a: Drednaw\n|-start|p1a: Drednaw|move: Taunt\n|move|p1a: Drednaw|Earthquake|p2a: \uc6d0\uc22d\uc774\n|-supereffective|p2a: \uc6d0\uc22d\uc774\n|-damage|p2a: \uc6d0\uc22d\uc774|22\/100\n|\n|upkeep\n|turn|3\n|\n|t:|1698699837\n|move|p2a: \uc6d0\uc22d\uc774|Sunny Day|p2a: \uc6d0\uc22d\uc774\n|-weather|SunnyDay\n|move|p1a: Drednaw|Liquidation|p2a: \uc6d0\uc22d\uc774\n|-supereffective|p2a: \uc6d0\uc22d\uc774\n|-damage|p2a: \uc6d0\uc22d\uc774|0 fnt\n|faint|p2a: \uc6d0\uc22d\uc774\n|\n|-weather|SunnyDay|[upkeep]\n|upkeep\n|\n|t:|1698699845\n|switch|p2a: \uc0ac\ud68c\ubd80\uc801\uc751\uc790|Swadloon, M|100\/100\n|turn|4\n|\n|t:|1698699850\n|move|p2a: \uc0ac\ud68c\ubd80\uc801\uc751\uc790|Sticky Web|p1a: Drednaw\n|-sidestart|p1: 9iuub|move: Sticky Web\n|move|p1a: Drednaw|Jaw Lock|p2a: \uc0ac\ud68c\ubd80\uc801\uc751\uc790\n|-damage|p2a: \uc0ac\ud68c\ubd80\uc801\uc751\uc790|80\/100\n|-activate|p1a: Drednaw|trapped\n|-activate|p2a: \uc0ac\ud68c\ubd80\uc801\uc751\uc790|trapped\n|\n|-weather|SunnyDay|[upkeep]\n|-end|p1a: Drednaw|move: Taunt\n|upkeep\n|turn|5\n|\n|t:|1698699865\n|move|p2a: \uc0ac\ud68c\ubd80\uc801\uc751\uc790|Iron Defense|p2a: \uc0ac\ud68c\ubd80\uc801\uc751\uc790\n|-boost|p2a: \uc0ac\ud68c\ubd80\uc801\uc751\uc790|def|2\n|move|p1a: Drednaw|Earthquake|p2a: \uc0ac\ud68c\ubd80\uc801\uc751\uc790\n|-resisted|p2a: \uc0ac\ud68c\ubd80\uc801\uc751\uc790\n|-damage|p2a: \uc0ac\ud68c\ubd80\uc801\uc751\uc790|79\/100\n|\n|-weather|SunnyDay|[upkeep]\n|upkeep\n|turn|6\n|\n|t:|1698699880\n|move|p2a: \uc0ac\ud68c\ubd80\uc801\uc751\uc790|Baton Pass|p2a: \uc0ac\ud68c\ubd80\uc801\uc751\uc790\n|\n|t:|1698699888\n|switch|p2a: \ubb34\uc2a4\ud2c8\ub2c8|Victreebel, M, shiny|100\/100|[from] Baton Pass\n|move|p1a: Drednaw|Jaw Lock|p2a: \ubb34\uc2a4\ud2c8\ub2c8\n|-damage|p2a: \ubb34\uc2a4\ud2c8\ub2c8|79\/100\n|-activate|p1a: Drednaw|trapped\n|-activate|p2a: \ubb34\uc2a4\ud2c8\ub2c8|trapped\n|\n|-weather|SunnyDay|[upkeep]\n|-heal|p2a: \ubb34\uc2a4\ud2c8\ub2c8|85\/100|[from] item: Leftovers\n|upkeep\n|turn|7\n|\n|t:|1698699899\n|move|p2a: \ubb34\uc2a4\ud2c8\ub2c8|Stockpile|p2a: \ubb34\uc2a4\ud2c8\ub2c8\n|-start|p2a: \ubb34\uc2a4\ud2c8\ub2c8|stockpile1\n|-boost|p2a: \ubb34\uc2a4\ud2c8\ub2c8|def|1\n|-boost|p2a: \ubb34\uc2a4\ud2c8\ub2c8|spd|1\n|move|p1a: Drednaw|Earthquake|p2a: \ubb34\uc2a4\ud2c8\ub2c8\n|-damage|p2a: \ubb34\uc2a4\ud2c8\ub2c8|69\/100\n|\n|-weather|none\n|-heal|p2a: \ubb34\uc2a4\ud2c8\ub2c8|75\/100|[from] item: Leftovers\n|upkeep\n|turn|8\n|\n|t:|1698699909\n|move|p1a: Drednaw|Jaw Lock|p2a: \ubb34\uc2a4\ud2c8\ub2c8\n|-damage|p2a: \ubb34\uc2a4\ud2c8\ub2c8|59\/100\n|move|p2a: \ubb34\uc2a4\ud2c8\ub2c8|Stockpile|p2a: \ubb34\uc2a4\ud2c8\ub2c8\n|-start|p2a: \ubb34\uc2a4\ud2c8\ub2c8|stockpile2\n|-boost|p2a: \ubb34\uc2a4\ud2c8\ub2c8|def|1\n|-boost|p2a: \ubb34\uc2a4\ud2c8\ub2c8|spd|1\n|\n|-heal|p2a: \ubb34\uc2a4\ud2c8\ub2c8|65\/100|[from] item: Leftovers\n|upkeep\n|turn|9\n|\n|t:|1698699920\n|move|p1a: Drednaw|Jaw Lock|p2a: \ubb34\uc2a4\ud2c8\ub2c8\n|-damage|p2a: \ubb34\uc2a4\ud2c8\ub2c8|49\/100\n|move|p2a: \ubb34\uc2a4\ud2c8\ub2c8|Stockpile|p2a: \ubb34\uc2a4\ud2c8\ub2c8\n|-start|p2a: \ubb34\uc2a4\ud2c8\ub2c8|stockpile3\n|-boost|p2a: \ubb34\uc2a4\ud2c8\ub2c8|def|1\n|-boost|p2a: \ubb34\uc2a4\ud2c8\ub2c8|spd|1\n|\n|-heal|p2a: \ubb34\uc2a4\ud2c8\ub2c8|55\/100|[from] item: Leftovers\n|upkeep\n|turn|10\n|\n|t:|1698699929\n|move|p1a: Drednaw|Jaw Lock|p2a: \ubb34\uc2a4\ud2c8\ub2c8\n|-damage|p2a: \ubb34\uc2a4\ud2c8\ub2c8|41\/100\n|move|p2a: \ubb34\uc2a4\ud2c8\ub2c8|Strength Sap|p1a: Drednaw\n|-unboost|p1a: Drednaw|atk|1\n|-heal|p2a: \ubb34\uc2a4\ud2c8\ub2c8|100\/100\n|\n|upkeep\n|turn|11\n|\n|t:|1698699945\n|move|p1a: Drednaw|Liquidation|p2a: \ubb34\uc2a4\ud2c8\ub2c8\n|-resisted|p2a: \ubb34\uc2a4\ud2c8\ub2c8\n|-damage|p2a: \ubb34\uc2a4\ud2c8\ub2c8|96\/100\n|move|p2a: \ubb34\uc2a4\ud2c8\ub2c8|Toxic|p1a: Drednaw\n|-status|p1a: Drednaw|tox\n|\n|-heal|p2a: \ubb34\uc2a4\ud2c8\ub2c8|100\/100|[from] item: Leftovers\n|-damage|p1a: Drednaw|94\/100 tox|[from] psn\n|upkeep\n|turn|12\n|\n|t:|1698699955\n|move|p1a: Drednaw|Jaw Lock|p2a: \ubb34\uc2a4\ud2c8\ub2c8\n|-damage|p2a: \ubb34\uc2a4\ud2c8\ub2c8|91\/100\n|move|p2a: \ubb34\uc2a4\ud2c8\ub2c8|Substitute|p2a: \ubb34\uc2a4\ud2c8\ub2c8\n|-start|p2a: \ubb34\uc2a4\ud2c8\ub2c8|Substitute\n|-damage|p2a: \ubb34\uc2a4\ud2c8\ub2c8|66\/100\n|\n|-heal|p2a: \ubb34\uc2a4\ud2c8\ub2c8|72\/100|[from] item: Leftovers\n|-damage|p1a: Drednaw|82\/100 tox|[from] psn\n|upkeep\n|turn|13\n|\n|t:|1698699972\n|move|p1a: Drednaw|Jaw Lock|p2a: \ubb34\uc2a4\ud2c8\ub2c8\n|-activate|p2a: \ubb34\uc2a4\ud2c8\ub2c8|move: Substitute|[damage]\n|move|p2a: \ubb34\uc2a4\ud2c8\ub2c8|Strength Sap|p1a: Drednaw\n|-unboost|p1a: Drednaw|atk|1\n|-heal|p2a: \ubb34\uc2a4\ud2c8\ub2c8|100\/100\n|\n|-damage|p1a: Drednaw|64\/100 tox|[from] psn\n|upkeep\n|turn|14\n|-message|9iuub forfeited.\n|\n|win|kfdhkkiy\n|raw|9iuub's rating: 1000 &rarr; <strong>1000<\/strong><br \/>(+0 for losing)\n|raw|kfdhkkiy's rating: 1011 &rarr; <strong>1048<\/strong><br \/>(+37 for winning)\n|l|\u26069iuub\n","uploadtime":1698699990,"views":10,"p1id":"9iuub","p2id":"kfdhkkiy","formatid":"gen9anythinggoes","rating":1000,"private":0,"password":""}