{"id":"gen9anythinggoes-1994471433","p1":"GildedSapphire","p2":"AARdaTrainer","format":"[Gen 9] Anything Goes","log":"|j|\u2606GildedSapphire\n|j|\u2606AARdaTrainer\n|t:|1700447776\n|gametype|singles\n|player|p1|GildedSapphire|wallace|1066\n|player|p2|AARdaTrainer|lucas-gen4pt|1058\n|teamsize|p1|6\n|teamsize|p2|6\n|gen|9\n|tier|[Gen 9] Anything Goes\n|rated|\n|rule|HP Percentage Mod: HP is shown in percentages\n|rule|Endless Battle Clause: Forcing endless battles is banned\n|clearpoke\n|poke|p1|Espathra, M|\n|poke|p1|Koraidon|\n|poke|p1|Ogerpon-Hearthflame, F|\n|poke|p1|Miraidon|\n|poke|p1|Iron Bundle|\n|poke|p1|Drifblim, M|\n|poke|p2|Chien-Pao|\n|poke|p2|Greninja-*, M|\n|poke|p2|Urshifu-*, F|\n|poke|p2|Annihilape, M|\n|poke|p2|Calyrex-Shadow|\n|poke|p2|Arceus-Dragon|\n|teampreview\n|\n|t:|1700447781\n|start\n|switch|p1a: Drifblim|Drifblim, M|100\/100\n|switch|p2a: Arceus|Arceus-Dragon|100\/100\n|turn|1\n|inactive|Battle timer is ON: inactive players will automatically lose when time's up. (requested by GildedSapphire)\n|\n|t:|1700447800\n|move|p2a: Arceus|Dazzling Gleam|p1a: Drifblim\n|-damage|p1a: Drifblim|83\/100\n|move|p1a: Drifblim|Minimize|p1a: Drifblim\n|-boost|p1a: Drifblim|evasion|2\n|\n|-heal|p1a: Drifblim|89\/100|[from] item: Leftovers\n|upkeep\n|turn|2\n|\n|t:|1700447808\n|move|p1a: Drifblim|Minimize|p1a: Drifblim\n|-boost|p1a: Drifblim|evasion|2\n|move|p2a: Arceus|Dragon Tail|p1a: Drifblim|[miss]\n|-miss|p2a: Arceus|p1a: Drifblim\n|\n|-heal|p1a: Drifblim|96\/100|[from] item: Leftovers\n|upkeep\n|turn|3\n|\n|t:|1700447817\n|move|p1a: Drifblim|Minimize|p1a: Drifblim\n|-boost|p1a: Drifblim|evasion|2\n|move|p2a: Arceus|Dragon Tail|p1a: Drifblim\n|-damage|p1a: Drifblim|56\/100\n|drag|p1a: Koraidon|Koraidon|100\/100\n|-weather|SunnyDay|[from] ability: Orichalcum Pulse|[of] p1a: Koraidon\n|-activate|p1a: Koraidon|Orichalcum Pulse|[source]\n|\n|-weather|SunnyDay|[upkeep]\n|upkeep\n|turn|4\n|\n|t:|1700447831\n|move|p1a: Koraidon|Dragon Claw|p2a: Arceus\n|-supereffective|p2a: Arceus\n|-damage|p2a: Arceus|30\/100\n|move|p2a: Arceus|Dragon Tail|p1a: Koraidon\n|-supereffective|p1a: Koraidon\n|-damage|p1a: Koraidon|42\/100\n|drag|p1a: Iron Bundle|Iron Bundle|100\/100\n|-enditem|p1a: Iron Bundle|Booster Energy\n|-activate|p1a: Iron Bundle|ability: Quark Drive|[fromitem]\n|-start|p1a: Iron Bundle|quarkdrivespa\n|\n|-weather|SunnyDay|[upkeep]\n|upkeep\n|turn|5\n|\n|t:|1700447843\n|move|p1a: Iron Bundle|Ice Beam|p2a: Arceus\n|-supereffective|p2a: Arceus\n|-damage|p2a: Arceus|0 fnt\n|faint|p2a: Arceus\n|\n|-weather|SunnyDay|[upkeep]\n|upkeep\n|\n|t:|1700447857\n|switch|p2a: Chien-Pao|Chien-Pao|100\/100\n|-ability|p2a: Chien-Pao|Sword of Ruin\n|turn|6\n|\n|t:|1700447865\n|switch|p2a: Calyrex|Calyrex-Shadow|100\/100\n|-ability|p2a: Calyrex|As One\n|-ability|p2a: Calyrex|Unnerve\n|move|p1a: Iron Bundle|Acrobatics|p2a: Calyrex\n|-damage|p2a: Calyrex|77\/100\n|\n|-weather|SunnyDay|[upkeep]\n|upkeep\n|turn|7\n|\n|t:|1700447877\n|-end|p1a: Iron Bundle|Quark Drive|[silent]\n|switch|p1a: Ogerpon|Ogerpon-Hearthflame, F|100\/100\n|-ability|p1a: Ogerpon|Mold Breaker\n|move|p2a: Calyrex|Future Sight|p1a: Ogerpon\n|-start|p2a: Calyrex|move: Future Sight\n|\n|-weather|SunnyDay|[upkeep]\n|upkeep\n|turn|8\n|\n|t:|1700447888\n|switch|p2a: Urshifu|Urshifu-Rapid-Strike, F|100\/100\n|-terastallize|p1a: Ogerpon|Fire\n|detailschange|p1a: Ogerpon|Ogerpon-Hearthflame-Tera, F, tera:Fire\n|-ability|p1a: Ogerpon|Embody Aspect (Hearthflame)|boost\n|-boost|p1a: Ogerpon|atk|1\n|move|p1a: Ogerpon|Ivy Cudgel|p2a: Urshifu|[anim] Ivy Cudgel Fire\n|-resisted|p2a: Urshifu\n|-damage|p2a: Urshifu|22\/100\n|\n|-weather|SunnyDay|[upkeep]\n|upkeep\n|turn|9\n|\n|t:|1700447899\n|switch|p1a: Espathra|Espathra, M|100\/100\n|move|p2a: Urshifu|Liquidation|p1a: Espathra\n|-damage|p1a: Espathra|73\/100\n|\n|-weather|SunnyDay|[upkeep]\n|-end|p1a: Espathra|move: Future Sight\n|-resisted|p1a: Espathra\n|-crit|p1a: Espathra\n|-damage|p1a: Espathra|7\/100\n|-heal|p1a: Espathra|13\/100|[from] item: Leftovers\n|upkeep\n|turn|10\n|\n|t:|1700447910\n|move|p1a: Espathra|Protect|p1a: Espathra\n|-singleturn|p1a: Espathra|Protect\n|move|p2a: Urshifu|Liquidation|p1a: Espathra\n|-damage|p1a: Espathra|0 fnt\n|faint|p1a: Espathra\n|\n|-weather|none\n|upkeep\n|\n|t:|1700447921\n|switch|p1a: Drifblim|Drifblim, M|56\/100\n|turn|11\n|\n|t:|1700447928\n|move|p2a: Urshifu|Ice Spinner|p1a: Drifblim\n|-supereffective|p1a: Drifblim\n|-damage|p1a: Drifblim|0 fnt\n|-damage|p2a: Urshifu|0 fnt|[from] ability: Aftermath|[of] p1a: Drifblim\n|faint|p1a: Drifblim\n|faint|p2a: Urshifu\n|\n|upkeep\n|\n|t:|1700447938\n|switch|p2a: Greninja|Greninja, M|100\/100\n|switch|p1a: Miraidon|Miraidon|100\/100\n|-fieldstart|move: Electric Terrain|[from] ability: Hadron Engine|[of] p1a: Miraidon\n|turn|12\n|\n|t:|1700447947\n|switch|p2a: Annihilape|Annihilape, M|100\/100\n|move|p1a: Miraidon|Electro Drift|p2a: Annihilape\n|-damage|p2a: Annihilape|0 fnt\n|faint|p2a: Annihilape\n|\n|upkeep\n|\n|t:|1700447955\n|switch|p2a: Chien-Pao|Chien-Pao|100\/100\n|-ability|p2a: Chien-Pao|Sword of Ruin\n|turn|13\n|\n|t:|1700447965\n|move|p1a: Miraidon|Dazzling Gleam|p2a: Chien-Pao\n|-supereffective|p2a: Chien-Pao\n|-damage|p2a: Chien-Pao|2\/100\n|move|p2a: Chien-Pao|Brick Break|p1a: Miraidon\n|-damage|p1a: Miraidon|70\/100\n|\n|upkeep\n|turn|14\n|\n|t:|1700447989\n|switch|p2a: Greninja|Greninja, M|100\/100\n|move|p1a: Miraidon|Dazzling Gleam|p2a: Greninja\n|-supereffective|p2a: Greninja\n|-damage|p2a: Greninja|0 fnt\n|faint|p2a: Greninja\n|\n|upkeep\n|\n|t:|1700447996\n|switch|p2a: Calyrex|Calyrex-Shadow|77\/100\n|-ability|p2a: Calyrex|As One\n|-ability|p2a: Calyrex|Unnerve\n|turn|15\n|c|\u2606GildedSapphire|ah ok\n|c|\u2606GildedSapphire|gg for you\n|c|\u2606GildedSapphire|lol\n|\n|t:|1700448010\n|-terastallize|p2a: Calyrex|Psychic\n|move|p1a: Miraidon|Electro Drift|p2a: Calyrex\n|-damage|p2a: Calyrex|0 fnt\n|faint|p2a: Calyrex\n|\n|upkeep\n|c|\u2606GildedSapphire|oh?\n|\n|t:|1700448018\n|switch|p2a: Chien-Pao|Chien-Pao|2\/100\n|-ability|p2a: Chien-Pao|Sword of Ruin\n|turn|16\n|c|\u2606GildedSapphire|wait how as I faster?\n|\n|t:|1700448030\n|move|p1a: Miraidon|Dazzling Gleam|p2a: Chien-Pao\n|-supereffective|p2a: Chien-Pao\n|-crit|p2a: Chien-Pao\n|-damage|p2a: Chien-Pao|0 fnt\n|faint|p2a: Chien-Pao\n|\n|win|GildedSapphire\n|raw|GildedSapphire's rating: 1066 &rarr; <strong>1095<\/strong><br \/>(+29 for winning)\n|raw|AARdaTrainer's rating: 1058 &rarr; <strong>1040<\/strong><br \/>(-18 for losing)\n|c|\u2606GildedSapphire|thats crazy gg\n|c|\u2606GildedSapphire|still, how was miraidon fatser than calyrex?\n|c|\u2606GildedSapphire|*faster\n|l|\u2606AARdaTrainer\n|c|\u2606GildedSapphire|aw :(\n","uploadtime":1700448068,"views":2,"p1id":"gildedsapphire","p2id":"aardatrainer","formatid":"gen9anythinggoes","rating":1040,"private":0,"password":""}