{"id":"gen9anythinggoes-1997699561","p1":"JesusFreak16","p2":"Mr Armstead","format":"[Gen 9] Anything Goes","log":"|j|\u2606JesusFreak16\n|j|\u2606Mr Armstead\n|t:|1700843187\n|gametype|singles\n|player|p1|JesusFreak16|266|1090\n|player|p2|Mr Armstead|170|1102\n|teamsize|p1|6\n|teamsize|p2|6\n|gen|9\n|tier|[Gen 9] Anything Goes\n|rated|\n|rule|HP Percentage Mod: HP is shown in percentages\n|rule|Endless Battle Clause: Forcing endless battles is banned\n|clearpoke\n|poke|p1|Quaquaval, F|\n|poke|p1|Ceruledge, M|\n|poke|p1|Tropius, F|\n|poke|p1|Ampharos, M|\n|poke|p1|Gardevoir, F|\n|poke|p1|Garchomp, F|\n|poke|p2|Maushold-Four|\n|poke|p2|Flutter Mane|\n|poke|p2|Miraidon|\n|poke|p2|Rabsca, M|\n|poke|p2|Garganacl, F|\n|poke|p2|Houndstone, M|\n|teampreview\n|\n|t:|1700843193\n|start\n|switch|p1a: Charlie|Ceruledge, M|100\/100\n|switch|p2a: Flutter Mane|Flutter Mane, shiny|100\/100\n|turn|1\n|\n|t:|1700843198\n|move|p2a: Flutter Mane|Shadow Ball|p1a: Charlie\n|-supereffective|p1a: Charlie\n|-damage|p1a: Charlie|0 fnt\n|faint|p1a: Charlie\n|-damage|p2a: Flutter Mane|91\/100|[from] item: Life Orb\n|\n|upkeep\n|\n|t:|1700843206\n|switch|p1a: Grace|Gardevoir, F|100\/100\n|turn|2\n|\n|t:|1700843210\n|move|p2a: Flutter Mane|Shadow Ball|p1a: Grace\n|-supereffective|p1a: Grace\n|-damage|p1a: Grace|0 fnt\n|faint|p1a: Grace\n|-damage|p2a: Flutter Mane|81\/100|[from] item: Life Orb\n|\n|upkeep\n|\n|t:|1700843220\n|switch|p1a: Nick|Ampharos, M|100\/100\n|turn|3\n|\n|t:|1700843226\n|move|p2a: Flutter Mane|Moonblast|p1a: Nick\n|-damage|p1a: Nick|39\/100\n|-damage|p2a: Flutter Mane|71\/100|[from] item: Life Orb\n|move|p1a: Nick|Thunderbolt|p2a: Flutter Mane\n|-damage|p2a: Flutter Mane|18\/100\n|\n|upkeep\n|turn|4\n|\n|t:|1700843233\n|move|p2a: Flutter Mane|Moonblast|p1a: Nick\n|-damage|p1a: Nick|0 fnt\n|faint|p1a: Nick\n|-damage|p2a: Flutter Mane|8\/100|[from] item: Life Orb\n|\n|upkeep\n|\n|t:|1700843236\n|switch|p1a: Elaine|Tropius, F|100\/100\n|turn|5\n|\n|t:|1700843241\n|move|p2a: Flutter Mane|Mystical Fire|p1a: Elaine\n|-supereffective|p1a: Elaine\n|-damage|p1a: Elaine|20\/100\n|-unboost|p1a: Elaine|spa|1\n|-damage|p2a: Flutter Mane|0 fnt|[from] item: Life Orb\n|faint|p2a: Flutter Mane\n|-end|p2a: Flutter Mane|Protosynthesis|[silent]\n|move|p1a: Elaine|Energy Ball|p2: Flutter Mane|[notarget]\n|-fail|p1a: Elaine\n|\n|upkeep\n|\n|t:|1700843270\n|switch|p2a: Maushold|Maushold-Four|100\/100\n|turn|6\n|\n|t:|1700843273\n|move|p2a: Maushold|Tidy Up|p2a: Maushold\n|-boost|p2a: Maushold|atk|1\n|-boost|p2a: Maushold|spe|1\n|move|p1a: Elaine|Energy Ball|p2a: Maushold\n|-damage|p2a: Maushold|67\/100\n|\n|upkeep\n|turn|7\n|\n|t:|1700843278\n|move|p2a: Maushold|Tidy Up|p2a: Maushold\n|-boost|p2a: Maushold|atk|1\n|-boost|p2a: Maushold|spe|1\n|move|p1a: Elaine|Energy Ball|p2a: Maushold\n|-damage|p2a: Maushold|33\/100\n|\n|upkeep\n|turn|8\n|\n|t:|1700843297\n|move|p2a: Maushold|Population Bomb|p1a: Elaine\n|-damage|p1a: Elaine|0 fnt\n|faint|p1a: Elaine\n|-hitcount|p1: Elaine|1\n|\n|upkeep\n|-message|JesusFreak16 forfeited.\n|\n|win|Mr Armstead\n|raw|JesusFreak16's rating: 1090 &rarr; <strong>1067<\/strong><br \/>(-23 for losing)\n|raw|Mr Armstead's rating: 1102 &rarr; <strong>1126<\/strong><br \/>(+24 for winning)\n|l|\u2606JesusFreak16\n","uploadtime":1700843304,"views":1,"p1id":"jesusfreak16","p2id":"mrarmstead","formatid":"gen9anythinggoes","rating":1067,"private":0,"password":""}