{"id":"gen9anythinggoes-1975905427","p1":"Hikaruisntcool","p2":"Ammyig","format":"[Gen 9] Anything Goes","log":"|j|\u2606Hikaruisntcool\n|j|\u2606Ammyig\n|t:|1698248111\n|gametype|singles\n|player|p1|Hikaruisntcool|266|1085\n|player|p2|Ammyig|cynthia|1000\n|teamsize|p1|6\n|teamsize|p2|6\n|gen|9\n|tier|[Gen 9] Anything Goes\n|rated|\n|rule|HP Percentage Mod: HP is shown in percentages\n|rule|Endless Battle Clause: Forcing endless battles is banned\n|clearpoke\n|poke|p1|Annihilape, F|\n|poke|p1|Umbreon, F|\n|poke|p1|Raichu, M|\n|poke|p1|Raichu-Alola, F|\n|poke|p1|Skeledirge, M|\n|poke|p1|Roaring Moon|\n|poke|p2|Zacian-*|\n|poke|p2|Ursaluna-Bloodmoon, M|\n|poke|p2|Eternatus|\n|poke|p2|Calyrex-Shadow|\n|poke|p2|Walking Wake|\n|poke|p2|Darkrai|\n|teampreview\n|\n|t:|1698248118\n|start\n|switch|p1a: Raichu|Raichu-Alola, F, shiny|100\/100\n|switch|p2a: Zacian|Zacian-Crowned, shiny|100\/100\n|-ability|p2a: Zacian|Intrepid Sword|boost\n|-boost|p2a: Zacian|atk|1\n|turn|1\n|\n|t:|1698248128\n|move|p1a: Raichu|Reflect|p1a: Raichu\n|-sidestart|p1: Hikaruisntcool|Reflect\n|move|p2a: Zacian|Swords Dance|p2a: Zacian\n|-boost|p2a: Zacian|atk|2\n|\n|upkeep\n|turn|2\n|\n|t:|1698248136\n|move|p1a: Raichu|Light Screen|p1a: Raichu\n|-sidestart|p1: Hikaruisntcool|move: Light Screen\n|move|p2a: Zacian|Swords Dance|p2a: Zacian\n|-boost|p2a: Zacian|atk|2\n|\n|upkeep\n|turn|3\n|\n|t:|1698248145\n|move|p1a: Raichu|Volt Switch|p2a: Zacian\n|-damage|p2a: Zacian|84\/100\n|\n|t:|1698248150\n|switch|p1a: Umbreon|Umbreon, F|100\/100|[from] Volt Switch\n|move|p2a: Zacian|Swords Dance|p2a: Zacian\n|-boost|p2a: Zacian|atk|1\n|\n|upkeep\n|turn|4\n|\n|t:|1698248160\n|move|p2a: Zacian|Behemoth Blade|p1a: Umbreon\n|-damage|p1a: Umbreon|2\/100\n|move|p1a: Umbreon|Toxic|p2a: Zacian\n|-immune|p2a: Zacian\n|\n|-heal|p1a: Umbreon|8\/100|[from] item: Leftovers\n|upkeep\n|turn|5\n|\n|t:|1698248170\n|move|p2a: Zacian|Dazzling Gleam|p1a: Umbreon\n|-supereffective|p1a: Umbreon\n|-damage|p1a: Umbreon|0 fnt\n|faint|p1a: Umbreon\n|\n|-sideend|p1: Hikaruisntcool|Reflect\n|upkeep\n|\n|t:|1698248178\n|switch|p1a: Skeledirge|Skeledirge, M|100\/100\n|turn|6\n|\n|t:|1698248181\n|move|p2a: Zacian|Behemoth Blade|p1a: Skeledirge\n|-resisted|p1a: Skeledirge\n|-damage|p1a: Skeledirge|1\/100\n|move|p1a: Skeledirge|Torch Song|p2a: Zacian\n|-supereffective|p2a: Zacian\n|-damage|p2a: Zacian|0 fnt\n|-boost|p1a: Skeledirge|spa|1\n|faint|p2a: Zacian\n|\n|-sideend|p1: Hikaruisntcool|move: Light Screen\n|upkeep\n|\n|t:|1698248199\n|switch|p2a: Calyrex|Calyrex-Shadow|100\/100\n|-ability|p2a: Calyrex|As One\n|-ability|p2a: Calyrex|Unnerve\n|-item|p2a: Calyrex|Air Balloon\n|turn|7\n|\n|t:|1698248212\n|move|p2a: Calyrex|Phantom Force||[still]\n|-prepare|p2a: Calyrex|Phantom Force\n|move|p1a: Skeledirge|Shadow Ball|p2a: Calyrex|[miss]\n|-miss|p1a: Skeledirge|p2a: Calyrex\n|\n|upkeep\n|turn|8\n|\n|t:|1698248221\n|move|p2a: Calyrex|Phantom Force|p1a: Skeledirge|[from]lockedmove\n|-supereffective|p1a: Skeledirge\n|-damage|p1a: Skeledirge|0 fnt\n|faint|p1a: Skeledirge\n|-ability|p2a: Calyrex|Grim Neigh|boost\n|-boost|p2a: Calyrex|spa|1\n|\n|upkeep\n|\n|t:|1698248230\n|switch|p1a: Annihilape|Annihilape, F|100\/100\n|turn|9\n|\n|t:|1698248237\n|move|p2a: Calyrex|Astral Barrage|p1a: Annihilape\n|-supereffective|p1a: Annihilape\n|-enditem|p1a: Annihilape|Focus Sash\n|-damage|p1a: Annihilape|1\/100\n|move|p1a: Annihilape|Rage Fist|p2a: Calyrex\n|-supereffective|p2a: Calyrex\n|-damage|p2a: Calyrex|0 fnt\n|-enditem|p2a: Calyrex|Air Balloon\n|faint|p2a: Calyrex\n|\n|upkeep\n|\n|t:|1698248250\n|switch|p2a: Walking Wake|Walking Wake|100\/100\n|turn|10\n|\n|t:|1698248255\n|-terastallize|p2a: Walking Wake|Fire\n|move|p2a: Walking Wake|Sunny Day|p2a: Walking Wake\n|-weather|SunnyDay\n|-activate|p2a: Walking Wake|ability: Protosynthesis\n|-start|p2a: Walking Wake|protosynthesisspa\n|move|p1a: Annihilape|Poison Jab|p2a: Walking Wake\n|-damage|p2a: Walking Wake|71\/100\n|\n|-weather|SunnyDay|[upkeep]\n|-heal|p2a: Walking Wake|77\/100|[from] item: Leftovers\n|upkeep\n|turn|11\n|\n|t:|1698248270\n|move|p2a: Walking Wake|Hydro Steam|p1a: Annihilape\n|-damage|p1a: Annihilape|0 fnt\n|faint|p1a: Annihilape\n|\n|-weather|SunnyDay|[upkeep]\n|-heal|p2a: Walking Wake|83\/100|[from] item: Leftovers\n|upkeep\n|\n|t:|1698248278\n|switch|p1a: Raichu|Raichu, M|100\/100\n|turn|12\n|\n|t:|1698248282\n|move|p1a: Raichu|Surf|p2a: Walking Wake\n|-supereffective|p2a: Walking Wake\n|-damage|p2a: Walking Wake|51\/100\n|move|p2a: Walking Wake|Hydro Steam|p1a: Raichu\n|-damage|p1a: Raichu|0 fnt\n|faint|p1a: Raichu\n|\n|-weather|SunnyDay|[upkeep]\n|-heal|p2a: Walking Wake|57\/100|[from] item: Leftovers\n|upkeep\n|\n|t:|1698248294\n|switch|p1a: Roaring Moon|Roaring Moon, shiny|100\/100\n|-activate|p1a: Roaring Moon|ability: Protosynthesis\n|-start|p1a: Roaring Moon|protosynthesisatk\n|turn|13\n|\n|t:|1698248300\n|move|p1a: Roaring Moon|Earthquake|p2a: Walking Wake\n|-supereffective|p2a: Walking Wake\n|-damage|p2a: Walking Wake|0 fnt\n|faint|p2a: Walking Wake\n|-end|p2a: Walking Wake|Protosynthesis|[silent]\n|\n|-weather|SunnyDay|[upkeep]\n|upkeep\n|\n|t:|1698248307\n|switch|p2a: Darkrai|Darkrai|100\/100\n|turn|14\n|\n|t:|1698248312\n|move|p2a: Darkrai|Night Shade|p1a: Roaring Moon\n|-damage|p1a: Roaring Moon|72\/100\n|move|p1a: Roaring Moon|Dragon Claw|p2a: Darkrai\n|-crit|p2a: Darkrai\n|-damage|p2a: Darkrai|6\/100\n|\n|-weather|none\n|-end|p1a: Roaring Moon|Protosynthesis\n|-heal|p1a: Roaring Moon|78\/100|[from] item: Leftovers\n|upkeep\n|turn|15\n|\n|t:|1698248322\n|move|p2a: Darkrai|Night Shade|p1a: Roaring Moon\n|-damage|p1a: Roaring Moon|50\/100\n|move|p1a: Roaring Moon|Dragon Claw|p2a: Darkrai\n|-damage|p2a: Darkrai|0 fnt\n|faint|p2a: Darkrai\n|\n|-heal|p1a: Roaring Moon|55\/100|[from] item: Leftovers\n|upkeep\n|\n|t:|1698248333\n|switch|p2a: Eternatus|Eternatus|100\/100\n|-ability|p2a: Eternatus|Pressure\n|turn|16\n|\n|t:|1698248340\n|move|p2a: Eternatus|Dynamax Cannon|p1a: Roaring Moon\n|-supereffective|p1a: Roaring Moon\n|-damage|p1a: Roaring Moon|0 fnt\n|faint|p1a: Roaring Moon\n|-end|p1a: Roaring Moon|Protosynthesis|[silent]\n|\n|upkeep\n|\n|t:|1698248346\n|switch|p1a: Raichu|Raichu-Alola, F, shiny|100\/100\n|turn|17\n|\n|t:|1698248352\n|move|p2a: Eternatus|Dynamax Cannon|p1a: Raichu\n|-damage|p1a: Raichu|21\/100\n|move|p1a: Raichu|Volt Switch|p2a: Eternatus\n|-resisted|p2a: Eternatus\n|-damage|p2a: Eternatus|90\/100\n|\n|-heal|p2a: Eternatus|96\/100|[from] item: Leftovers\n|upkeep\n|turn|18\n|\n|t:|1698248364\n|move|p1a: Raichu|Light Screen|p1a: Raichu\n|-sidestart|p1: Hikaruisntcool|move: Light Screen\n|move|p2a: Eternatus|Dragon Tail|p1a: Raichu\n|-damage|p1a: Raichu|0 fnt\n|faint|p1a: Raichu\n|\n|win|Ammyig\n|raw|Hikaruisntcool's rating: 1085 &rarr; <strong>1057<\/strong><br \/>(-28 for losing)\n|raw|Ammyig's rating: 1000 &rarr; <strong>1050<\/strong><br \/>(+50 for winning)\n|l|\u2606Hikaruisntcool\n","uploadtime":1698248391,"views":8,"p1id":"hikaruisntcool","p2id":"ammyig","formatid":"gen9anythinggoes","rating":1050,"private":0,"password":""}