{"id":"gen9anythinggoes-1984322439","p1":"Dumbfudge","p2":"Karmaisreal","format":"[Gen 9] Anything Goes","log":"|j|\u2606Dumbfudge\n|j|\u2606Karmaisreal\n|t:|1699243596\n|gametype|singles\n|player|p1|Dumbfudge|blackbelt-gen4dp|1415\n|player|p2|Karmaisreal|gambler|1611\n|teamsize|p1|6\n|teamsize|p2|6\n|gen|9\n|tier|[Gen 9] Anything Goes\n|rated|\n|rule|HP Percentage Mod: HP is shown in percentages\n|rule|Endless Battle Clause: Forcing endless battles is banned\n|clearpoke\n|poke|p1|Espathra, F|\n|poke|p1|Giratina|\n|poke|p1|Shaymin-Sky|\n|poke|p1|Zacian-*|\n|poke|p1|Breloom, F|\n|poke|p1|Ditto|\n|poke|p2|Calyrex-Shadow|\n|poke|p2|Ribombee, M|\n|poke|p2|Arceus-Fairy|\n|poke|p2|Zacian-*|\n|poke|p2|Iron Treads|\n|poke|p2|Urshifu-*, M|\n|teampreview\n|inactive|Battle timer is ON: inactive players will automatically lose when time's up. (requested by Karmaisreal)\n|\n|t:|1699243605\n|start\n|switch|p1a: Cancer|Shaymin-Sky|100\/100\n|switch|p2a: Ribombee|Ribombee, M|100\/100\n|turn|1\n|\n|t:|1699243611\n|move|p1a: Cancer|Air Slash|p2a: Ribombee\n|-supereffective|p2a: Ribombee\n|-enditem|p2a: Ribombee|Focus Sash\n|-damage|p2a: Ribombee|1\/100\n|move|p2a: Ribombee|Sticky Web|p1a: Cancer\n|-sidestart|p1: Dumbfudge|move: Sticky Web\n|\n|upkeep\n|turn|2\n|\n|t:|1699243618\n|move|p1a: Cancer|Air Slash|p2a: Ribombee\n|-supereffective|p2a: Ribombee\n|-damage|p2a: Ribombee|0 fnt\n|faint|p2a: Ribombee\n|\n|upkeep\n|\n|t:|1699243623\n|switch|p2a: Iron Treads|Iron Treads|100\/100\n|turn|3\n|\n|t:|1699243626\n|move|p1a: Cancer|Air Slash|p2a: Iron Treads\n|-resisted|p2a: Iron Treads\n|-damage|p2a: Iron Treads|74\/100\n|cant|p2a: Iron Treads|flinch\n|\n|upkeep\n|turn|4\n|\n|t:|1699243634\n|move|p1a: Cancer|Air Slash|p2a: Iron Treads\n|-resisted|p2a: Iron Treads\n|-damage|p2a: Iron Treads|47\/100\n|move|p2a: Iron Treads|Ice Spinner|p1a: Cancer\n|-supereffective|p1a: Cancer\n|-damage|p1a: Cancer|0 fnt\n|faint|p1a: Cancer\n|\n|upkeep\n|\n|t:|1699243642\n|switch|p1a: Lice|Giratina|100\/100\n|-activate|p1a: Lice|move: Sticky Web\n|-unboost|p1a: Lice|spe|1\n|-ability|p1a: Lice|Pressure\n|turn|5\n|\n|t:|1699243649\n|move|p2a: Iron Treads|Knock Off|p1a: Lice\n|-supereffective|p1a: Lice\n|-damage|p1a: Lice|61\/100\n|-enditem|p1a: Lice|Griseous Orb|[from] move: Knock Off|[of] p2a: Iron Treads\n|move|p1a: Lice|Defog|p2a: Iron Treads\n|-unboost|p2a: Iron Treads|evasion|1\n|-sideend|p1: Dumbfudge|Sticky Web|[from] move: Defog|[of] p1a: Lice\n|\n|upkeep\n|turn|6\n|\n|t:|1699243664\n|move|p2a: Iron Treads|Ice Spinner|p1a: Lice\n|-supereffective|p1a: Lice\n|-damage|p1a: Lice|27\/100\n|move|p1a: Lice|Outrage|p2a: Iron Treads\n|-resisted|p2a: Iron Treads\n|-damage|p2a: Iron Treads|24\/100\n|\n|upkeep\n|turn|7\n|\n|t:|1699243672\n|move|p2a: Iron Treads|Ice Spinner|p1a: Lice\n|-supereffective|p1a: Lice\n|-damage|p1a: Lice|0 fnt\n|faint|p1a: Lice\n|\n|upkeep\n|\n|t:|1699243679\n|switch|p1a: Whooping cough|Zacian-Crowned|100\/100\n|-ability|p1a: Whooping cough|Intrepid Sword|boost\n|-boost|p1a: Whooping cough|atk|1\n|turn|8\n|\n|t:|1699243685\n|-terastallize|p1a: Whooping cough|Steel\n|move|p1a: Whooping cough|Behemoth Blade|p2a: Iron Treads\n|-resisted|p2a: Iron Treads\n|-damage|p2a: Iron Treads|0 fnt\n|faint|p2a: Iron Treads\n|-end|p2a: Iron Treads|Quark Drive|[silent]\n|\n|upkeep\n|\n|t:|1699243697\n|switch|p2a: Zacian|Zacian-Crowned|100\/100\n|-ability|p2a: Zacian|Intrepid Sword|boost\n|-boost|p2a: Zacian|atk|1\n|turn|9\n|\n|t:|1699243702\n|move|p2a: Zacian|Sacred Sword|p1a: Whooping cough\n|-supereffective|p1a: Whooping cough\n|-damage|p1a: Whooping cough|2\/100\n|move|p1a: Whooping cough|Behemoth Blade|p2a: Zacian\n|-damage|p2a: Zacian|0 fnt\n|faint|p2a: Zacian\n|\n|upkeep\n|\n|t:|1699243709\n|switch|p2a: Urshifu|Urshifu-Rapid-Strike, M|100\/100\n|turn|10\n|\n|t:|1699243714\n|move|p2a: Urshifu|U-turn|p1a: Whooping cough\n|-resisted|p1a: Whooping cough\n|-damage|p1a: Whooping cough|0 fnt\n|faint|p1a: Whooping cough\n|\n|t:|1699243719\n|switch|p2a: Arceus|Arceus-Fairy|100\/100|[from] U-turn\n|\n|upkeep\n|\n|t:|1699243725\n|switch|p1a: Chickenpox|Espathra, F|100\/100\n|turn|11\n|\n|t:|1699243730\n|move|p1a: Chickenpox|Protect|p1a: Chickenpox\n|-singleturn|p1a: Chickenpox|Protect\n|move|p2a: Arceus|Calm Mind|p2a: Arceus\n|-boost|p2a: Arceus|spa|1\n|-boost|p2a: Arceus|spd|1\n|\n|-ability|p1a: Chickenpox|Speed Boost|boost\n|-boost|p1a: Chickenpox|spe|1\n|upkeep\n|turn|12\n|\n|t:|1699243740\n|move|p1a: Chickenpox|Substitute|p1a: Chickenpox\n|-start|p1a: Chickenpox|Substitute\n|-damage|p1a: Chickenpox|76\/100\n|move|p2a: Arceus|Judgment|p1a: Chickenpox\n|-end|p1a: Chickenpox|Substitute\n|\n|-ability|p1a: Chickenpox|Speed Boost|boost\n|-boost|p1a: Chickenpox|spe|1\n|upkeep\n|turn|13\n|\n|t:|1699243749\n|move|p1a: Chickenpox|Protect|p1a: Chickenpox\n|-singleturn|p1a: Chickenpox|Protect\n|move|p2a: Arceus|Judgment|p1a: Chickenpox\n|-activate|p1a: Chickenpox|move: Protect\n|\n|-ability|p1a: Chickenpox|Speed Boost|boost\n|-boost|p1a: Chickenpox|spe|1\n|upkeep\n|turn|14\n|\n|t:|1699243758\n|move|p1a: Chickenpox|Hypnosis|p2a: Arceus\n|-status|p2a: Arceus|slp|[from] move: Hypnosis\n|cant|p2a: Arceus|slp\n|\n|-ability|p1a: Chickenpox|Speed Boost|boost\n|-boost|p1a: Chickenpox|spe|1\n|upkeep\n|turn|15\n|\n|t:|1699243766\n|move|p1a: Chickenpox|Substitute|p1a: Chickenpox\n|-start|p1a: Chickenpox|Substitute\n|-damage|p1a: Chickenpox|51\/100\n|-curestatus|p2a: Arceus|slp|[msg]\n|move|p2a: Arceus|Judgment|p1a: Chickenpox\n|-end|p1a: Chickenpox|Substitute\n|\n|-ability|p1a: Chickenpox|Speed Boost|boost\n|-boost|p1a: Chickenpox|spe|1\n|upkeep\n|turn|16\n|\n|t:|1699243782\n|move|p1a: Chickenpox|Baton Pass|p1a: Chickenpox\n|\n|t:|1699243783\n|switch|p1a: Flat out AIDS|Breloom, F|100\/100|[from] Baton Pass\n|move|p2a: Arceus|Calm Mind|p2a: Arceus\n|-boost|p2a: Arceus|spa|1\n|-boost|p2a: Arceus|spd|1\n|\n|upkeep\n|turn|17\n|\n|t:|1699243791\n|move|p1a: Flat out AIDS|Spore|p2a: Arceus\n|-status|p2a: Arceus|slp|[from] move: Spore\n|cant|p2a: Arceus|slp\n|\n|upkeep\n|turn|18\n|\n|t:|1699243798\n|move|p1a: Flat out AIDS|Substitute|p1a: Flat out AIDS\n|-start|p1a: Flat out AIDS|Substitute\n|-damage|p1a: Flat out AIDS|75\/100\n|cant|p2a: Arceus|slp\n|\n|upkeep\n|turn|19\n|\n|t:|1699243812\n|move|p1a: Flat out AIDS|Bulk Up|p1a: Flat out AIDS\n|-boost|p1a: Flat out AIDS|atk|1\n|-boost|p1a: Flat out AIDS|def|1\n|cant|p2a: Arceus|slp\n|\n|upkeep\n|turn|20\n|\n|t:|1699243819\n|move|p1a: Flat out AIDS|Bulk Up|p1a: Flat out AIDS\n|-boost|p1a: Flat out AIDS|atk|1\n|-boost|p1a: Flat out AIDS|def|1\n|-curestatus|p2a: Arceus|slp|[msg]\n|move|p2a: Arceus|Judgment|p1a: Flat out AIDS\n|-supereffective|p1a: Flat out AIDS\n|-end|p1a: Flat out AIDS|Substitute\n|\n|upkeep\n|turn|21\n|\n|t:|1699243828\n|move|p1a: Flat out AIDS|Spore|p2a: Arceus\n|-status|p2a: Arceus|slp|[from] move: Spore\n|cant|p2a: Arceus|slp\n|\n|upkeep\n|turn|22\n|\n|t:|1699243835\n|move|p1a: Flat out AIDS|Substitute|p1a: Flat out AIDS\n|-start|p1a: Flat out AIDS|Substitute\n|-damage|p1a: Flat out AIDS|50\/100\n|cant|p2a: Arceus|slp\n|\n|upkeep\n|turn|23\n|\n|t:|1699243842\n|move|p1a: Flat out AIDS|Leech Seed|p2a: Arceus\n|-start|p2a: Arceus|move: Leech Seed\n|-curestatus|p2a: Arceus|slp|[msg]\n|move|p2a: Arceus|Judgment|p1a: Flat out AIDS\n|-supereffective|p1a: Flat out AIDS\n|-end|p1a: Flat out AIDS|Substitute\n|\n|-damage|p2a: Arceus|88\/100|[from] Leech Seed|[of] p1a: Flat out AIDS\n|-heal|p1a: Flat out AIDS|67\/100|[silent]\n|upkeep\n|turn|24\n|\n|t:|1699243853\n|move|p1a: Flat out AIDS|Spore|p2a: Arceus\n|-status|p2a: Arceus|slp|[from] move: Spore\n|cant|p2a: Arceus|slp\n|\n|-damage|p2a: Arceus|75\/100 slp|[from] Leech Seed|[of] p1a: Flat out AIDS\n|-heal|p1a: Flat out AIDS|84\/100|[silent]\n|upkeep\n|turn|25\n|\n|t:|1699243862\n|move|p1a: Flat out AIDS|Substitute|p1a: Flat out AIDS\n|-start|p1a: Flat out AIDS|Substitute\n|-damage|p1a: Flat out AIDS|59\/100\n|cant|p2a: Arceus|slp\n|\n|-damage|p2a: Arceus|63\/100 slp|[from] Leech Seed|[of] p1a: Flat out AIDS\n|-heal|p1a: Flat out AIDS|76\/100|[silent]\n|upkeep\n|turn|26\n|\n|t:|1699243872\n|move|p1a: Flat out AIDS|Bulk Up|p1a: Flat out AIDS\n|-boost|p1a: Flat out AIDS|atk|1\n|-boost|p1a: Flat out AIDS|def|1\n|cant|p2a: Arceus|slp\n|\n|-damage|p2a: Arceus|50\/100 slp|[from] Leech Seed|[of] p1a: Flat out AIDS\n|-heal|p1a: Flat out AIDS|93\/100|[silent]\n|upkeep\n|turn|27\n|\n|t:|1699243880\n|move|p1a: Flat out AIDS|Bulk Up|p1a: Flat out AIDS\n|-boost|p1a: Flat out AIDS|atk|1\n|-boost|p1a: Flat out AIDS|def|1\n|-curestatus|p2a: Arceus|slp|[msg]\n|move|p2a: Arceus|Recover|p2a: Arceus\n|-heal|p2a: Arceus|100\/100\n|\n|-damage|p2a: Arceus|88\/100|[from] Leech Seed|[of] p1a: Flat out AIDS\n|-heal|p1a: Flat out AIDS|100\/100|[silent]\n|upkeep\n|turn|28\n|\n|t:|1699243891\n|move|p1a: Flat out AIDS|Spore|p2a: Arceus\n|-status|p2a: Arceus|slp|[from] move: Spore\n|cant|p2a: Arceus|slp\n|\n|-damage|p2a: Arceus|75\/100 slp|[from] Leech Seed|[of] p1a: Flat out AIDS\n|upkeep\n|turn|29\n|\n|t:|1699243900\n|move|p1a: Flat out AIDS|Bulk Up|p1a: Flat out AIDS\n|-boost|p1a: Flat out AIDS|atk|1\n|-boost|p1a: Flat out AIDS|def|1\n|cant|p2a: Arceus|slp\n|\n|-damage|p2a: Arceus|63\/100 slp|[from] Leech Seed|[of] p1a: Flat out AIDS\n|upkeep\n|turn|30\n|\n|t:|1699243911\n|move|p1a: Flat out AIDS|Bulk Up|p1a: Flat out AIDS\n|-boost|p1a: Flat out AIDS|atk|1\n|-boost|p1a: Flat out AIDS|def|1\n|cant|p2a: Arceus|slp\n|\n|-damage|p2a: Arceus|50\/100 slp|[from] Leech Seed|[of] p1a: Flat out AIDS\n|upkeep\n|turn|31\n|\n|t:|1699243921\n|move|p1a: Flat out AIDS|Bulk Up|p1a: Flat out AIDS\n|-boost|p1a: Flat out AIDS|atk|0\n|-boost|p1a: Flat out AIDS|def|0\n|-curestatus|p2a: Arceus|slp|[msg]\n|move|p2a: Arceus|Recover|p2a: Arceus\n|-heal|p2a: Arceus|100\/100\n|\n|-damage|p2a: Arceus|88\/100|[from] Leech Seed|[of] p1a: Flat out AIDS\n|upkeep\n|turn|32\n|\n|t:|1699243931\n|move|p1a: Flat out AIDS|Spore|p2a: Arceus\n|-status|p2a: Arceus|slp|[from] move: Spore\n|cant|p2a: Arceus|slp\n|\n|-damage|p2a: Arceus|75\/100 slp|[from] Leech Seed|[of] p1a: Flat out AIDS\n|upkeep\n|turn|33\n|\n|t:|1699243940\n|move|p1a: Flat out AIDS|Bulk Up|p1a: Flat out AIDS\n|-boost|p1a: Flat out AIDS|atk|0\n|-boost|p1a: Flat out AIDS|def|0\n|-curestatus|p2a: Arceus|slp|[msg]\n|move|p2a: Arceus|Judgment|p1a: Flat out AIDS\n|-supereffective|p1a: Flat out AIDS\n|-end|p1a: Flat out AIDS|Substitute\n|\n|-damage|p2a: Arceus|63\/100|[from] Leech Seed|[of] p1a: Flat out AIDS\n|upkeep\n|turn|34\n|\n|t:|1699243950\n|move|p1a: Flat out AIDS|Spore|p2a: Arceus\n|-status|p2a: Arceus|slp|[from] move: Spore\n|cant|p2a: Arceus|slp\n|\n|-damage|p2a: Arceus|50\/100 slp|[from] Leech Seed|[of] p1a: Flat out AIDS\n|upkeep\n|turn|35\n|\n|t:|1699243958\n|move|p1a: Flat out AIDS|Substitute|p1a: Flat out AIDS\n|-start|p1a: Flat out AIDS|Substitute\n|-damage|p1a: Flat out AIDS|75\/100\n|cant|p2a: Arceus|slp\n|\n|-damage|p2a: Arceus|38\/100 slp|[from] Leech Seed|[of] p1a: Flat out AIDS\n|-heal|p1a: Flat out AIDS|92\/100|[silent]\n|upkeep\n|turn|36\n|\n|t:|1699243967\n|move|p1a: Flat out AIDS|Bulk Up|p1a: Flat out AIDS\n|-boost|p1a: Flat out AIDS|atk|0\n|-boost|p1a: Flat out AIDS|def|0\n|-curestatus|p2a: Arceus|slp|[msg]\n|move|p2a: Arceus|Recover|p2a: Arceus\n|-heal|p2a: Arceus|88\/100\n|\n|-damage|p2a: Arceus|75\/100|[from] Leech Seed|[of] p1a: Flat out AIDS\n|-heal|p1a: Flat out AIDS|100\/100|[silent]\n|upkeep\n|turn|37\n|\n|t:|1699243978\n|move|p1a: Flat out AIDS|Spore|p2a: Arceus\n|-status|p2a: Arceus|slp|[from] move: Spore\n|cant|p2a: Arceus|slp\n|\n|-damage|p2a: Arceus|63\/100 slp|[from] Leech Seed|[of] p1a: Flat out AIDS\n|upkeep\n|turn|38\n|\n|t:|1699243999\n|move|p1a: Flat out AIDS|Bulk Up|p1a: Flat out AIDS\n|-boost|p1a: Flat out AIDS|atk|0\n|-boost|p1a: Flat out AIDS|def|0\n|-curestatus|p2a: Arceus|slp|[msg]\n|move|p2a: Arceus|Recover|p2a: Arceus\n|-heal|p2a: Arceus|100\/100\n|\n|-damage|p2a: Arceus|88\/100|[from] Leech Seed|[of] p1a: Flat out AIDS\n|upkeep\n|turn|39\n|\n|t:|1699244009\n|move|p1a: Flat out AIDS|Spore|p2a: Arceus\n|-status|p2a: Arceus|slp|[from] move: Spore\n|cant|p2a: Arceus|slp\n|\n|-damage|p2a: Arceus|75\/100 slp|[from] Leech Seed|[of] p1a: Flat out AIDS\n|upkeep\n|turn|40\n|\n|t:|1699244018\n|move|p1a: Flat out AIDS|Bulk Up|p1a: Flat out AIDS\n|-boost|p1a: Flat out AIDS|atk|0\n|-boost|p1a: Flat out AIDS|def|0\n|-curestatus|p2a: Arceus|slp|[msg]\n|move|p2a: Arceus|Judgment|p1a: Flat out AIDS\n|-supereffective|p1a: Flat out AIDS\n|-end|p1a: Flat out AIDS|Substitute\n|\n|-damage|p2a: Arceus|63\/100|[from] Leech Seed|[of] p1a: Flat out AIDS\n|upkeep\n|turn|41\n|j| Cooperthefurry\n|\n|t:|1699244029\n|move|p1a: Flat out AIDS|Spore|p2a: Arceus\n|-status|p2a: Arceus|slp|[from] move: Spore\n|cant|p2a: Arceus|slp\n|\n|-damage|p2a: Arceus|50\/100 slp|[from] Leech Seed|[of] p1a: Flat out AIDS\n|upkeep\n|turn|42\n|\n|t:|1699244037\n|move|p1a: Flat out AIDS|Substitute|p1a: Flat out AIDS\n|-start|p1a: Flat out AIDS|Substitute\n|-damage|p1a: Flat out AIDS|75\/100\n|cant|p2a: Arceus|slp\n|\n|-damage|p2a: Arceus|38\/100 slp|[from] Leech Seed|[of] p1a: Flat out AIDS\n|-heal|p1a: Flat out AIDS|92\/100|[silent]\n|upkeep\n|turn|43\n|\n|t:|1699244045\n|move|p1a: Flat out AIDS|Bulk Up|p1a: Flat out AIDS\n|-boost|p1a: Flat out AIDS|atk|0\n|-boost|p1a: Flat out AIDS|def|0\n|-curestatus|p2a: Arceus|slp|[msg]\n|move|p2a: Arceus|Recover|p2a: Arceus\n|-heal|p2a: Arceus|88\/100\n|\n|-damage|p2a: Arceus|75\/100|[from] Leech Seed|[of] p1a: Flat out AIDS\n|-heal|p1a: Flat out AIDS|100\/100|[silent]\n|upkeep\n|turn|44\n|\n|t:|1699244056\n|switch|p2a: Urshifu|Urshifu-Rapid-Strike, M|100\/100\n|move|p1a: Flat out AIDS|Spore|p2a: Urshifu\n|-status|p2a: Urshifu|slp|[from] move: Spore\n|\n|upkeep\n|turn|45\n|\n|t:|1699244065\n|move|p1a: Flat out AIDS|Leech Seed|p2a: Urshifu\n|-start|p2a: Urshifu|move: Leech Seed\n|cant|p2a: Urshifu|slp\n|\n|-damage|p2a: Urshifu|88\/100 slp|[from] Leech Seed|[of] p1a: Flat out AIDS\n|upkeep\n|turn|46\n|\n|t:|1699244073\n|move|p1a: Flat out AIDS|Bulk Up|p1a: Flat out AIDS\n|-boost|p1a: Flat out AIDS|atk|0\n|-boost|p1a: Flat out AIDS|def|0\n|cant|p2a: Urshifu|slp\n|\n|-damage|p2a: Urshifu|76\/100 slp|[from] Leech Seed|[of] p1a: Flat out AIDS\n|upkeep\n|turn|47\n|\n|t:|1699244082\n|move|p1a: Flat out AIDS|Bulk Up|p1a: Flat out AIDS\n|-boost|p1a: Flat out AIDS|atk|0\n|-boost|p1a: Flat out AIDS|def|0\n|cant|p2a: Urshifu|slp\n|\n|-damage|p2a: Urshifu|64\/100 slp|[from] Leech Seed|[of] p1a: Flat out AIDS\n|upkeep\n|turn|48\n|\n|t:|1699244090\n|move|p1a: Flat out AIDS|Bulk Up|p1a: Flat out AIDS\n|-boost|p1a: Flat out AIDS|atk|0\n|-boost|p1a: Flat out AIDS|def|0\n|-curestatus|p2a: Urshifu|slp|[msg]\n|move|p2a: Urshifu|U-turn|p1a: Flat out AIDS\n|-activate|p1a: Flat out AIDS|move: Substitute|[damage]\n|\n|t:|1699244099\n|switch|p2a: Arceus|Arceus-Fairy|75\/100|[from] U-turn\n|\n|upkeep\n|turn|49\n|\n|t:|1699244104\n|move|p1a: Flat out AIDS|Spore|p2a: Arceus\n|-status|p2a: Arceus|slp|[from] move: Spore\n|cant|p2a: Arceus|slp\n|\n|upkeep\n|turn|50\n|\n|t:|1699244112\n|move|p1a: Flat out AIDS|Leech Seed|p2a: Arceus\n|-start|p2a: Arceus|move: Leech Seed\n|-curestatus|p2a: Arceus|slp|[msg]\n|move|p2a: Arceus|Judgment|p1a: Flat out AIDS\n|-supereffective|p1a: Flat out AIDS\n|-end|p1a: Flat out AIDS|Substitute\n|\n|-damage|p2a: Arceus|63\/100|[from] Leech Seed|[of] p1a: Flat out AIDS\n|upkeep\n|turn|51\n|\n|t:|1699244121\n|move|p1a: Flat out AIDS|Spore|p2a: Arceus\n|-status|p2a: Arceus|slp|[from] move: Spore\n|cant|p2a: Arceus|slp\n|\n|-damage|p2a: Arceus|50\/100 slp|[from] Leech Seed|[of] p1a: Flat out AIDS\n|upkeep\n|turn|52\n|\n|t:|1699244129\n|move|p1a: Flat out AIDS|Substitute|p1a: Flat out AIDS\n|-start|p1a: Flat out AIDS|Substitute\n|-damage|p1a: Flat out AIDS|75\/100\n|cant|p2a: Arceus|slp\n|\n|-damage|p2a: Arceus|38\/100 slp|[from] Leech Seed|[of] p1a: Flat out AIDS\n|-heal|p1a: Flat out AIDS|92\/100|[silent]\n|upkeep\n|turn|53\n|\n|t:|1699244139\n|move|p1a: Flat out AIDS|Bulk Up|p1a: Flat out AIDS\n|-boost|p1a: Flat out AIDS|atk|0\n|-boost|p1a: Flat out AIDS|def|0\n|-curestatus|p2a: Arceus|slp|[msg]\n|move|p2a: Arceus|Recover|p2a: Arceus\n|-heal|p2a: Arceus|88\/100\n|\n|-damage|p2a: Arceus|75\/100|[from] Leech Seed|[of] p1a: Flat out AIDS\n|-heal|p1a: Flat out AIDS|100\/100|[silent]\n|upkeep\n|turn|54\n|\n|t:|1699244150\n|move|p1a: Flat out AIDS|Spore|p2a: Arceus\n|-status|p2a: Arceus|slp|[from] move: Spore\n|cant|p2a: Arceus|slp\n|\n|-damage|p2a: Arceus|63\/100 slp|[from] Leech Seed|[of] p1a: Flat out AIDS\n|upkeep\n|turn|55\n|c|\u2606Karmaisreal|your gonna out of spores\n|\n|t:|1699244166\n|move|p1a: Flat out AIDS|Bulk Up|p1a: Flat out AIDS\n|-boost|p1a: Flat out AIDS|atk|0\n|-boost|p1a: Flat out AIDS|def|0\n|cant|p2a: Arceus|slp\n|\n|-damage|p2a: Arceus|50\/100 slp|[from] Leech Seed|[of] p1a: Flat out AIDS\n|upkeep\n|turn|56\n|c|\u2606Dumbfudge|U gonna out of recover\n|c| Cooperthefurry|gottem\n|j| Cutecat1122\n|c|\u2606Dumbfudge|Im experimenting on somethi mg\n|c|\u2606Karmaisreal|bruh\n|\n|t:|1699244196\n|move|p1a: Flat out AIDS|Bulk Up|p1a: Flat out AIDS\n|-boost|p1a: Flat out AIDS|atk|0\n|-boost|p1a: Flat out AIDS|def|0\n|-curestatus|p2a: Arceus|slp|[msg]\n|move|p2a: Arceus|Recover|p2a: Arceus\n|-heal|p2a: Arceus|100\/100\n|\n|-damage|p2a: Arceus|88\/100|[from] Leech Seed|[of] p1a: Flat out AIDS\n|upkeep\n|turn|57\n|\n|t:|1699244207\n|move|p1a: Flat out AIDS|Spore|p2a: Arceus\n|-status|p2a: Arceus|slp|[from] move: Spore\n|cant|p2a: Arceus|slp\n|\n|-damage|p2a: Arceus|75\/100 slp|[from] Leech Seed|[of] p1a: Flat out AIDS\n|upkeep\n|turn|58\n|\n|t:|1699244219\n|move|p1a: Flat out AIDS|Bulk Up|p1a: Flat out AIDS\n|-boost|p1a: Flat out AIDS|atk|0\n|-boost|p1a: Flat out AIDS|def|0\n|cant|p2a: Arceus|slp\n|\n|-damage|p2a: Arceus|63\/100 slp|[from] Leech Seed|[of] p1a: Flat out AIDS\n|upkeep\n|turn|59\n|\n|t:|1699244228\n|move|p1a: Flat out AIDS|Bulk Up|p1a: Flat out AIDS\n|-boost|p1a: Flat out AIDS|atk|0\n|-boost|p1a: Flat out AIDS|def|0\n|-curestatus|p2a: Arceus|slp|[msg]\n|move|p2a: Arceus|Judgment|p1a: Flat out AIDS\n|-supereffective|p1a: Flat out AIDS\n|-end|p1a: Flat out AIDS|Substitute\n|\n|-damage|p2a: Arceus|50\/100|[from] Leech Seed|[of] p1a: Flat out AIDS\n|upkeep\n|turn|60\n|\n|t:|1699244243\n|move|p1a: Flat out AIDS|Spore|p2a: Arceus\n|-status|p2a: Arceus|slp|[from] move: Spore\n|cant|p2a: Arceus|slp\n|\n|-damage|p2a: Arceus|38\/100 slp|[from] Leech Seed|[of] p1a: Flat out AIDS\n|upkeep\n|turn|61\n|\n|t:|1699244252\n|move|p1a: Flat out AIDS|Substitute|p1a: Flat out AIDS\n|-start|p1a: Flat out AIDS|Substitute\n|-damage|p1a: Flat out AIDS|75\/100\n|cant|p2a: Arceus|slp\n|\n|-damage|p2a: Arceus|25\/100 slp|[from] Leech Seed|[of] p1a: Flat out AIDS\n|-heal|p1a: Flat out AIDS|92\/100|[silent]\n|upkeep\n|turn|62\n|\n|t:|1699244273\n|move|p1a: Flat out AIDS|Bulk Up|p1a: Flat out AIDS\n|-boost|p1a: Flat out AIDS|atk|0\n|-boost|p1a: Flat out AIDS|def|0\n|cant|p2a: Arceus|slp\n|\n|-damage|p2a: Arceus|13\/100 slp|[from] Leech Seed|[of] p1a: Flat out AIDS\n|-heal|p1a: Flat out AIDS|100\/100|[silent]\n|upkeep\n|turn|63\n|\n|t:|1699244282\n|move|p1a: Flat out AIDS|Bulk Up|p1a: Flat out AIDS\n|-boost|p1a: Flat out AIDS|atk|0\n|-boost|p1a: Flat out AIDS|def|0\n|-curestatus|p2a: Arceus|slp|[msg]\n|move|p2a: Arceus|Recover|p2a: Arceus\n|-heal|p2a: Arceus|63\/100\n|\n|-damage|p2a: Arceus|50\/100|[from] Leech Seed|[of] p1a: Flat out AIDS\n|upkeep\n|turn|64\n|\n|t:|1699244292\n|move|p1a: Flat out AIDS|Spore|p2a: Arceus\n|-status|p2a: Arceus|slp|[from] move: Spore\n|cant|p2a: Arceus|slp\n|\n|-damage|p2a: Arceus|38\/100 slp|[from] Leech Seed|[of] p1a: Flat out AIDS\n|upkeep\n|turn|65\n|l| Cutecat1122\n|\n|t:|1699244307\n|move|p1a: Flat out AIDS|Bulk Up|p1a: Flat out AIDS\n|-boost|p1a: Flat out AIDS|atk|0\n|-boost|p1a: Flat out AIDS|def|0\n|-curestatus|p2a: Arceus|slp|[msg]\n|move|p2a: Arceus|Judgment|p1a: Flat out AIDS\n|-supereffective|p1a: Flat out AIDS\n|-end|p1a: Flat out AIDS|Substitute\n|\n|-damage|p2a: Arceus|25\/100|[from] Leech Seed|[of] p1a: Flat out AIDS\n|upkeep\n|turn|66\n|\n|t:|1699244318\n|switch|p2a: Urshifu|Urshifu-Rapid-Strike, M|64\/100\n|move|p1a: Flat out AIDS|Spore|p2a: Urshifu\n|-status|p2a: Urshifu|slp|[from] move: Spore\n|\n|upkeep\n|turn|67\n|\n|t:|1699244327\n|switch|p2a: Arceus|Arceus-Fairy|25\/100\n|move|p1a: Flat out AIDS|Substitute|p1a: Flat out AIDS\n|-start|p1a: Flat out AIDS|Substitute\n|-damage|p1a: Flat out AIDS|75\/100\n|\n|upkeep\n|turn|68\n|\n|t:|1699244334\n|switch|p2a: Urshifu|Urshifu-Rapid-Strike, M|64\/100 slp\n|move|p1a: Flat out AIDS|Leech Seed|p2a: Urshifu\n|-start|p2a: Urshifu|move: Leech Seed\n|\n|-damage|p2a: Urshifu|51\/100 slp|[from] Leech Seed|[of] p1a: Flat out AIDS\n|-heal|p1a: Flat out AIDS|88\/100|[silent]\n|upkeep\n|turn|69\n|\n|t:|1699244345\n|switch|p2a: Arceus|Arceus-Fairy|25\/100\n|move|p1a: Flat out AIDS|Bulk Up|p1a: Flat out AIDS\n|-boost|p1a: Flat out AIDS|atk|0\n|-boost|p1a: Flat out AIDS|def|0\n|\n|upkeep\n|turn|70\n|\n|t:|1699244352\n|switch|p2a: Urshifu|Urshifu-Rapid-Strike, M|51\/100 slp\n|move|p1a: Flat out AIDS|Leech Seed|p2a: Urshifu\n|-start|p2a: Urshifu|move: Leech Seed\n|\n|-damage|p2a: Urshifu|39\/100 slp|[from] Leech Seed|[of] p1a: Flat out AIDS\n|-heal|p1a: Flat out AIDS|100\/100|[silent]\n|upkeep\n|turn|71\n|\n|t:|1699244363\n|move|p1a: Flat out AIDS|Spore|p2a: Urshifu\n|-fail|p2a: Urshifu|slp\n|cant|p2a: Urshifu|slp\n|\n|-damage|p2a: Urshifu|27\/100 slp|[from] Leech Seed|[of] p1a: Flat out AIDS\n|upkeep\n|turn|72\n|\n|t:|1699244372\n|switch|p2a: Arceus|Arceus-Fairy|25\/100\n|move|p1a: Flat out AIDS|Bulk Up|p1a: Flat out AIDS\n|-boost|p1a: Flat out AIDS|atk|0\n|-boost|p1a: Flat out AIDS|def|0\n|\n|upkeep\n|turn|73\n|\n|t:|1699244381\n|switch|p2a: Urshifu|Urshifu-Rapid-Strike, M|27\/100 slp\n|move|p1a: Flat out AIDS|Leech Seed|p2a: Urshifu\n|-start|p2a: Urshifu|move: Leech Seed\n|\n|-damage|p2a: Urshifu|14\/100 slp|[from] Leech Seed|[of] p1a: Flat out AIDS\n|upkeep\n|turn|74\n|\n|t:|1699244391\n|move|p1a: Flat out AIDS|Bulk Up|p1a: Flat out AIDS\n|-boost|p1a: Flat out AIDS|atk|0\n|-boost|p1a: Flat out AIDS|def|0\n|cant|p2a: Urshifu|slp\n|\n|-damage|p2a: Urshifu|2\/100 slp|[from] Leech Seed|[of] p1a: Flat out AIDS\n|upkeep\n|turn|75\n|\n|t:|1699244401\n|switch|p2a: Arceus|Arceus-Fairy|25\/100\n|move|p1a: Flat out AIDS|Bulk Up|p1a: Flat out AIDS\n|-boost|p1a: Flat out AIDS|atk|0\n|-boost|p1a: Flat out AIDS|def|0\n|\n|upkeep\n|turn|76\n|\n|t:|1699244408\n|switch|p2a: Urshifu|Urshifu-Rapid-Strike, M|2\/100 slp\n|move|p1a: Flat out AIDS|Leech Seed|p2a: Urshifu\n|-start|p2a: Urshifu|move: Leech Seed\n|\n|-damage|p2a: Urshifu|0 fnt|[from] Leech Seed|[of] p1a: Flat out AIDS\n|faint|p2a: Urshifu\n|upkeep\n|\n|t:|1699244415\n|switch|p2a: Arceus|Arceus-Fairy|25\/100\n|turn|77\n|\n|t:|1699244420\n|move|p1a: Flat out AIDS|Spore|p2a: Arceus\n|-status|p2a: Arceus|slp|[from] move: Spore\n|cant|p2a: Arceus|slp\n|\n|upkeep\n|turn|78\n|\n|t:|1699244427\n|move|p1a: Flat out AIDS|Leech Seed|p2a: Arceus\n|-start|p2a: Arceus|move: Leech Seed\n|cant|p2a: Arceus|slp\n|\n|-damage|p2a: Arceus|13\/100 slp|[from] Leech Seed|[of] p1a: Flat out AIDS\n|upkeep\n|turn|79\n|\n|t:|1699244434\n|move|p1a: Flat out AIDS|Bulk Up|p1a: Flat out AIDS\n|-boost|p1a: Flat out AIDS|atk|0\n|-boost|p1a: Flat out AIDS|def|0\n|-curestatus|p2a: Arceus|slp|[msg]\n|move|p2a: Arceus|Judgment|p1a: Flat out AIDS\n|-supereffective|p1a: Flat out AIDS\n|-end|p1a: Flat out AIDS|Substitute\n|\n|-damage|p2a: Arceus|0 fnt|[from] Leech Seed|[of] p1a: Flat out AIDS\n|faint|p2a: Arceus\n|upkeep\n|\n|t:|1699244444\n|switch|p2a: Calyrex|Calyrex-Shadow|100\/100\n|-ability|p2a: Calyrex|As One\n|-ability|p2a: Calyrex|Unnerve\n|turn|80\n|\n|t:|1699244453\n|move|p1a: Flat out AIDS|Spore|p2a: Calyrex\n|-status|p2a: Calyrex|slp|[from] move: Spore\n|cant|p2a: Calyrex|slp\n|\n|upkeep\n|turn|81\n|\n|t:|1699244461\n|-terastallize|p2a: Calyrex|Fairy\n|move|p1a: Flat out AIDS|Substitute|p1a: Flat out AIDS\n|-start|p1a: Flat out AIDS|Substitute\n|-damage|p1a: Flat out AIDS|75\/100\n|-curestatus|p2a: Calyrex|slp|[msg]\n|move|p2a: Calyrex|Draining Kiss|p1a: Flat out AIDS\n|-supereffective|p1a: Flat out AIDS\n|-end|p1a: Flat out AIDS|Substitute\n|\n|upkeep\n|turn|82\n|\n|t:|1699244470\n|move|p1a: Flat out AIDS|Spore|p2a: Calyrex\n|-status|p2a: Calyrex|slp|[from] move: Spore\n|cant|p2a: Calyrex|slp\n|\n|upkeep\n|turn|83\n|\n|t:|1699244477\n|move|p1a: Flat out AIDS|Substitute|p1a: Flat out AIDS\n|-start|p1a: Flat out AIDS|Substitute\n|-damage|p1a: Flat out AIDS|50\/100\n|cant|p2a: Calyrex|slp\n|\n|upkeep\n|turn|84\n|\n|t:|1699244483\n|move|p1a: Flat out AIDS|Leech Seed|p2a: Calyrex\n|-start|p2a: Calyrex|move: Leech Seed\n|-curestatus|p2a: Calyrex|slp|[msg]\n|move|p2a: Calyrex|Draining Kiss|p1a: Flat out AIDS\n|-supereffective|p1a: Flat out AIDS\n|-end|p1a: Flat out AIDS|Substitute\n|\n|-damage|p2a: Calyrex|88\/100|[from] Leech Seed|[of] p1a: Flat out AIDS\n|-heal|p1a: Flat out AIDS|63\/100|[silent]\n|upkeep\n|turn|85\n|\n|t:|1699244493\n|move|p1a: Flat out AIDS|Spore|p2a: Calyrex\n|-status|p2a: Calyrex|slp|[from] move: Spore\n|cant|p2a: Calyrex|slp\n|\n|-damage|p2a: Calyrex|76\/100 slp|[from] Leech Seed|[of] p1a: Flat out AIDS\n|-heal|p1a: Flat out AIDS|76\/100|[silent]\n|upkeep\n|turn|86\n|\n|t:|1699244503\n|move|p1a: Flat out AIDS|Substitute|p1a: Flat out AIDS\n|-start|p1a: Flat out AIDS|Substitute\n|-damage|p1a: Flat out AIDS|51\/100\n|-curestatus|p2a: Calyrex|slp|[msg]\n|move|p2a: Calyrex|Draining Kiss|p1a: Flat out AIDS\n|-supereffective|p1a: Flat out AIDS\n|-end|p1a: Flat out AIDS|Substitute\n|-heal|p2a: Calyrex|94\/100|[from] drain|[of] p1a: Flat out AIDS\n|\n|-damage|p2a: Calyrex|81\/100|[from] Leech Seed|[of] p1a: Flat out AIDS\n|-heal|p1a: Flat out AIDS|64\/100|[silent]\n|upkeep\n|turn|87\n|\n|t:|1699244515\n|move|p1a: Flat out AIDS|Spore|p2a: Calyrex\n|-status|p2a: Calyrex|slp|[from] move: Spore\n|cant|p2a: Calyrex|slp\n|\n|-damage|p2a: Calyrex|69\/100 slp|[from] Leech Seed|[of] p1a: Flat out AIDS\n|-heal|p1a: Flat out AIDS|77\/100|[silent]\n|upkeep\n|turn|88\n|\n|t:|1699244524\n|move|p1a: Flat out AIDS|Substitute|p1a: Flat out AIDS\n|-start|p1a: Flat out AIDS|Substitute\n|-damage|p1a: Flat out AIDS|52\/100\n|cant|p2a: Calyrex|slp\n|\n|-damage|p2a: Calyrex|57\/100 slp|[from] Leech Seed|[of] p1a: Flat out AIDS\n|-heal|p1a: Flat out AIDS|65\/100|[silent]\n|upkeep\n|turn|89\n|\n|t:|1699244535\n|move|p1a: Flat out AIDS|Leech Seed||[still]\n|-fail|p1a: Flat out AIDS\n|cant|p2a: Calyrex|slp\n|\n|-damage|p2a: Calyrex|44\/100 slp|[from] Leech Seed|[of] p1a: Flat out AIDS\n|-heal|p1a: Flat out AIDS|78\/100|[silent]\n|upkeep\n|turn|90\n|\n|t:|1699244543\n|move|p1a: Flat out AIDS|Leech Seed||[still]\n|-fail|p1a: Flat out AIDS\n|-curestatus|p2a: Calyrex|slp|[msg]\n|move|p2a: Calyrex|Draining Kiss|p1a: Flat out AIDS\n|-supereffective|p1a: Flat out AIDS\n|-end|p1a: Flat out AIDS|Substitute\n|-heal|p2a: Calyrex|62\/100|[from] drain|[of] p1a: Flat out AIDS\n|\n|-damage|p2a: Calyrex|50\/100|[from] Leech Seed|[of] p1a: Flat out AIDS\n|-heal|p1a: Flat out AIDS|91\/100|[silent]\n|upkeep\n|turn|91\n|\n|t:|1699244555\n|move|p1a: Flat out AIDS|Spore|p2a: Calyrex\n|-status|p2a: Calyrex|slp|[from] move: Spore\n|cant|p2a: Calyrex|slp\n|\n|-damage|p2a: Calyrex|38\/100 slp|[from] Leech Seed|[of] p1a: Flat out AIDS\n|-heal|p1a: Flat out AIDS|100\/100|[silent]\n|upkeep\n|turn|92\n|\n|t:|1699244565\n|move|p1a: Flat out AIDS|Substitute|p1a: Flat out AIDS\n|-start|p1a: Flat out AIDS|Substitute\n|-damage|p1a: Flat out AIDS|75\/100\n|cant|p2a: Calyrex|slp\n|\n|-damage|p2a: Calyrex|25\/100 slp|[from] Leech Seed|[of] p1a: Flat out AIDS\n|-heal|p1a: Flat out AIDS|88\/100|[silent]\n|upkeep\n|turn|93\n|\n|t:|1699244575\n|move|p1a: Flat out AIDS|Bulk Up|p1a: Flat out AIDS\n|-boost|p1a: Flat out AIDS|atk|0\n|-boost|p1a: Flat out AIDS|def|0\n|cant|p2a: Calyrex|slp\n|\n|-damage|p2a: Calyrex|13\/100 slp|[from] Leech Seed|[of] p1a: Flat out AIDS\n|-heal|p1a: Flat out AIDS|100\/100|[silent]\n|upkeep\n|turn|94\n|\n|t:|1699244587\n|move|p1a: Flat out AIDS|Leech Seed||[still]\n|-fail|p1a: Flat out AIDS\n|-curestatus|p2a: Calyrex|slp|[msg]\n|move|p2a: Calyrex|Draining Kiss|p1a: Flat out AIDS\n|-supereffective|p1a: Flat out AIDS\n|-end|p1a: Flat out AIDS|Substitute\n|-heal|p2a: Calyrex|31\/100|[from] drain|[of] p1a: Flat out AIDS\n|\n|-damage|p2a: Calyrex|19\/100|[from] Leech Seed|[of] p1a: Flat out AIDS\n|upkeep\n|turn|95\n|inactive|Dumbfudge has 120 seconds left.\n|\n|t:|1699244598\n|move|p1a: Flat out AIDS|Substitute|p1a: Flat out AIDS\n|-start|p1a: Flat out AIDS|Substitute\n|-damage|p1a: Flat out AIDS|75\/100\n|move|p2a: Calyrex|Draining Kiss|p1a: Flat out AIDS\n|-supereffective|p1a: Flat out AIDS\n|-end|p1a: Flat out AIDS|Substitute\n|-heal|p2a: Calyrex|37\/100|[from] drain|[of] p1a: Flat out AIDS\n|\n|-damage|p2a: Calyrex|24\/100|[from] Leech Seed|[of] p1a: Flat out AIDS\n|-heal|p1a: Flat out AIDS|88\/100|[silent]\n|upkeep\n|turn|96\n|inactive|Dumbfudge has 120 seconds left.\n|\n|t:|1699244609\n|move|p1a: Flat out AIDS|Substitute|p1a: Flat out AIDS\n|-start|p1a: Flat out AIDS|Substitute\n|-damage|p1a: Flat out AIDS|63\/100\n|move|p2a: Calyrex|Draining Kiss|p1a: Flat out AIDS\n|-supereffective|p1a: Flat out AIDS\n|-end|p1a: Flat out AIDS|Substitute\n|-heal|p2a: Calyrex|42\/100|[from] drain|[of] p1a: Flat out AIDS\n|\n|-damage|p2a: Calyrex|30\/100|[from] Leech Seed|[of] p1a: Flat out AIDS\n|-heal|p1a: Flat out AIDS|76\/100|[silent]\n|upkeep\n|turn|97\n|\n|t:|1699244620\n|move|p1a: Flat out AIDS|Bulk Up|p1a: Flat out AIDS\n|-boost|p1a: Flat out AIDS|atk|0\n|-boost|p1a: Flat out AIDS|def|0\n|move|p2a: Calyrex|Draining Kiss|p1a: Flat out AIDS\n|-supereffective|p1a: Flat out AIDS\n|-damage|p1a: Flat out AIDS|0 fnt\n|-heal|p2a: Calyrex|84\/100|[from] drain|[of] p1a: Flat out AIDS\n|-damage|p2a: Calyrex|68\/100|[from] item: Rocky Helmet|[of] p1a: Flat out AIDS\n|faint|p1a: Flat out AIDS\n|-ability|p2a: Calyrex|Grim Neigh|boost\n|-boost|p2a: Calyrex|spa|1\n|\n|upkeep\n|inactive|Dumbfudge has 90 seconds left.\n|\n|t:|1699244649\n|switch|p1a: Chickenpox|Espathra, F|51\/100\n|turn|98\n|\n|t:|1699244653\n|move|p1a: Chickenpox|Protect|p1a: Chickenpox\n|-singleturn|p1a: Chickenpox|Protect\n|move|p2a: Calyrex|Draining Kiss|p1a: Chickenpox\n|-activate|p1a: Chickenpox|move: Protect\n|\n|-damage|p2a: Calyrex|55\/100|[from] Leech Seed|[of] p1a: Chickenpox\n|-heal|p1a: Chickenpox|64\/100|[silent]\n|-ability|p1a: Chickenpox|Speed Boost|boost\n|-boost|p1a: Chickenpox|spe|1\n|upkeep\n|turn|99\n|inactive|Dumbfudge has 90 seconds left.\n|\n|t:|1699244663\n|move|p1a: Chickenpox|Hypnosis|p2a: Calyrex\n|-status|p2a: Calyrex|slp|[from] move: Hypnosis\n|cant|p2a: Calyrex|slp\n|\n|-damage|p2a: Calyrex|43\/100 slp|[from] Leech Seed|[of] p1a: Chickenpox\n|-heal|p1a: Chickenpox|76\/100|[silent]\n|-ability|p1a: Chickenpox|Speed Boost|boost\n|-boost|p1a: Chickenpox|spe|1\n|upkeep\n|turn|100\n|inactive|Dumbfudge has 90 seconds left.\n|\n|t:|1699244674\n|move|p1a: Chickenpox|Substitute|p1a: Chickenpox\n|-start|p1a: Chickenpox|Substitute\n|-damage|p1a: Chickenpox|52\/100\n|-curestatus|p2a: Calyrex|slp|[msg]\n|move|p2a: Calyrex|Astral Barrage|p1a: Chickenpox\n|-supereffective|p1a: Chickenpox\n|-end|p1a: Chickenpox|Substitute\n|\n|-damage|p2a: Calyrex|31\/100|[from] Leech Seed|[of] p1a: Chickenpox\n|-heal|p1a: Chickenpox|64\/100|[silent]\n|-ability|p1a: Chickenpox|Speed Boost|boost\n|-boost|p1a: Chickenpox|spe|1\n|upkeep\n|turn|101\n|\n|t:|1699244686\n|move|p1a: Chickenpox|Protect|p1a: Chickenpox\n|-singleturn|p1a: Chickenpox|Protect\n|move|p2a: Calyrex|Astral Barrage|p1a: Chickenpox\n|-activate|p1a: Chickenpox|move: Protect\n|\n|-damage|p2a: Calyrex|18\/100|[from] Leech Seed|[of] p1a: Chickenpox\n|-heal|p1a: Chickenpox|77\/100|[silent]\n|-ability|p1a: Chickenpox|Speed Boost|boost\n|-boost|p1a: Chickenpox|spe|1\n|upkeep\n|turn|102\n|\n|t:|1699244697\n|move|p1a: Chickenpox|Substitute|p1a: Chickenpox\n|-start|p1a: Chickenpox|Substitute\n|-damage|p1a: Chickenpox|52\/100\n|move|p2a: Calyrex|Astral Barrage|p1a: Chickenpox\n|-supereffective|p1a: Chickenpox\n|-end|p1a: Chickenpox|Substitute\n|\n|-damage|p2a: Calyrex|6\/100|[from] Leech Seed|[of] p1a: Chickenpox\n|-heal|p1a: Chickenpox|65\/100|[silent]\n|-ability|p1a: Chickenpox|Speed Boost|boost\n|-boost|p1a: Chickenpox|spe|1\n|upkeep\n|turn|103\n|-message|Karmaisreal forfeited.\n|\n|win|Dumbfudge\n|raw|Dumbfudge's rating: 1415 &rarr; <strong>1445<\/strong><br \/>(+30 for winning)\n|raw|Karmaisreal's rating: 1611 &rarr; <strong>1581<\/strong><br \/>(-30 for losing)\n|l|\u2606Karmaisreal\n|c| Cooperthefurry|crazy\n|c|\u2606Dumbfudge|Just experimenting\n|c|\u2606Dumbfudge|gg\n|c| Cooperthefurry|bro found the most op strat\n|c|\u2606Dumbfudge|It has its weaknesses\n|c|\u2606Dumbfudge|Gl\n","uploadtime":1699244777,"views":3,"p1id":"dumbfudge","p2id":"karmaisreal","formatid":"gen9anythinggoes","rating":1445,"private":0,"password":""}