{"id":"gen9anythinggoes-2000450392","p1":"bobby jwi","p2":"Brenzino","format":"[Gen 9] Anything Goes","log":"|j|\u2606bobby jwi\n|j|\u2606Brenzino\n|t:|1701195851\n|gametype|singles\n|player|p1|bobby jwi|102|\n|player|p2|Brenzino|pokemaniac|\n|teamsize|p1|6\n|teamsize|p2|6\n|gen|9\n|tier|[Gen 9] Anything Goes\n|rule|HP Percentage Mod: HP is shown in percentages\n|rule|Endless Battle Clause: Forcing endless battles is banned\n|clearpoke\n|poke|p1|Delphox, F|\n|poke|p1|Appletun, M|\n|poke|p1|Heatran, M|\n|poke|p1|Clefable, M|\n|poke|p1|Iron Valiant|\n|poke|p1|Ninetales-Alola, M|\n|poke|p2|Landorus-Therian, M|\n|poke|p2|Mamoswine, F|\n|poke|p2|Iron Jugulis|\n|poke|p2|Samurott-Hisui, M|\n|poke|p2|Clodsire, M|\n|poke|p2|Cloyster, F|\n|teampreview\n|\n|t:|1701195862\n|start\n|switch|p1a: Ninetales|Ninetales-Alola, M|100\/100\n|switch|p2a: Iron Jugulis|Iron Jugulis|100\/100\n|-weather|Snow|[from] ability: Snow Warning|[of] p1a: Ninetales\n|turn|1\n|\n|t:|1701195872\n|move|p1a: Ninetales|Aurora Veil|p1a: Ninetales\n|-sidestart|p1: bobby jwi|move: Aurora Veil\n|move|p2a: Iron Jugulis|Fire Blast|p1a: Ninetales\n|-supereffective|p1a: Ninetales\n|-damage|p1a: Ninetales|57\/100\n|\n|-weather|Snow|[upkeep]\n|upkeep\n|turn|2\n|\n|t:|1701195895\n|move|p1a: Ninetales|Moonblast|p2a: Iron Jugulis\n|-supereffective|p2a: Iron Jugulis\n|-enditem|p2a: Iron Jugulis|Focus Sash\n|-damage|p2a: Iron Jugulis|1\/100\n|move|p2a: Iron Jugulis|Fire Blast|p1a: Ninetales\n|-supereffective|p1a: Ninetales\n|-damage|p1a: Ninetales|16\/100\n|\n|-weather|Snow|[upkeep]\n|upkeep\n|turn|3\n|\n|t:|1701195914\n|move|p1a: Ninetales|Moonblast|p2a: Iron Jugulis\n|-supereffective|p2a: Iron Jugulis\n|-damage|p2a: Iron Jugulis|0 fnt\n|faint|p2a: Iron Jugulis\n|-end|p2a: Iron Jugulis|Quark Drive|[silent]\n|\n|-weather|Snow|[upkeep]\n|upkeep\n|\n|t:|1701195926\n|switch|p2a: Clodsire|Clodsire, M|100\/100\n|turn|4\n|\n|t:|1701195942\n|switch|p1a: Delphox|Delphox, F|100\/100\n|move|p2a: Clodsire|Gunk Shot|p1a: Delphox\n|-damage|p1a: Delphox|76\/100\n|-status|p1a: Delphox|psn\n|\n|-weather|Snow|[upkeep]\n|-damage|p1a: Delphox|63\/100 psn|[from] psn\n|upkeep\n|turn|5\n|\n|t:|1701195960\n|move|p1a: Delphox|Psychic|p2a: Clodsire\n|-supereffective|p2a: Clodsire\n|-damage|p2a: Clodsire|50\/100\n|move|p2a: Clodsire|Earthquake|p1a: Delphox\n|-supereffective|p1a: Delphox\n|-damage|p1a: Delphox|23\/100 psn\n|\n|-weather|none\n|-heal|p2a: Clodsire|56\/100|[from] item: Leftovers\n|-damage|p1a: Delphox|10\/100 psn|[from] psn\n|upkeep\n|turn|6\n|\n|t:|1701195972\n|move|p1a: Delphox|Psychic|p2a: Clodsire\n|-supereffective|p2a: Clodsire\n|-damage|p2a: Clodsire|8\/100\n|move|p2a: Clodsire|Earthquake|p1a: Delphox\n|-supereffective|p1a: Delphox\n|-damage|p1a: Delphox|0 fnt\n|faint|p1a: Delphox\n|\n|-heal|p2a: Clodsire|14\/100|[from] item: Leftovers\n|upkeep\n|\n|t:|1701196012\n|switch|p1a: Heatran|Heatran, M|100\/100\n|-item|p1a: Heatran|Air Balloon\n|turn|7\n|\n|t:|1701196019\n|move|p1a: Heatran|Earth Power|p2a: Clodsire\n|-supereffective|p2a: Clodsire\n|-damage|p2a: Clodsire|0 fnt\n|faint|p2a: Clodsire\n|\n|upkeep\n|\n|t:|1701196030\n|switch|p2a: Cloyster|Cloyster, F|100\/100\n|turn|8\n|\n|t:|1701196043\n|move|p2a: Cloyster|Liquidation|p1a: Heatran\n|-supereffective|p1a: Heatran\n|-damage|p1a: Heatran|62\/100\n|-enditem|p1a: Heatran|Air Balloon\n|move|p1a: Heatran|Magma Storm|p2a: Cloyster\n|-damage|p2a: Cloyster|0 fnt\n|faint|p2a: Cloyster\n|\n|-sideend|p1: bobby jwi|move: Aurora Veil\n|upkeep\n|\n|t:|1701196060\n|switch|p2a: Samurott|Samurott-Hisui, M|100\/100\n|turn|9\n|\n|t:|1701196066\n|switch|p1a: Appletun|Appletun, M|100\/100\n|move|p2a: Samurott|Aqua Cutter|p1a: Appletun\n|-resisted|p1a: Appletun\n|-damage|p1a: Appletun|88\/100\n|\n|upkeep\n|turn|10\n|\n|t:|1701196077\n|switch|p2a: Mamoswine|Mamoswine, F|100\/100\n|move|p1a: Appletun|Apple Acid|p2a: Mamoswine\n|-supereffective|p2a: Mamoswine\n|-damage|p2a: Mamoswine|4\/100\n|-unboost|p2a: Mamoswine|spd|1\n|\n|-heal|p2a: Mamoswine|10\/100|[from] item: Leftovers\n|upkeep\n|turn|11\n|\n|t:|1701196094\n|switch|p1a: Heatran|Heatran, M|62\/100\n|move|p2a: Mamoswine|Ice Shard|p1a: Heatran\n|-resisted|p1a: Heatran\n|-damage|p1a: Heatran|57\/100\n|\n|-heal|p2a: Mamoswine|16\/100|[from] item: Leftovers\n|upkeep\n|turn|12\n|\n|t:|1701196113\n|move|p2a: Mamoswine|Earthquake|p1a: Heatran\n|-supereffective|p1a: Heatran\n|-damage|p1a: Heatran|0 fnt\n|faint|p1a: Heatran\n|\n|-heal|p2a: Mamoswine|22\/100|[from] item: Leftovers\n|upkeep\n|\n|t:|1701196136\n|switch|p1a: Clefable|Clefable, M|100\/100\n|turn|13\n|\n|t:|1701196186\n|move|p2a: Mamoswine|Knock Off|p1a: Clefable\n|-resisted|p1a: Clefable\n|-damage|p1a: Clefable|87\/100\n|-enditem|p1a: Clefable|Leftovers|[from] move: Knock Off|[of] p2a: Mamoswine\n|move|p1a: Clefable|Moonblast|p2a: Mamoswine\n|-damage|p2a: Mamoswine|0 fnt\n|faint|p2a: Mamoswine\n|\n|upkeep\n|\n|t:|1701196203\n|switch|p2a: Landorus|Landorus-Therian, M|100\/100\n|-ability|p2a: Landorus|Intimidate|boost\n|-unboost|p1a: Clefable|atk|1\n|turn|14\n|\n|t:|1701196210\n|move|p2a: Landorus|Earthquake|p1a: Clefable\n|-damage|p1a: Clefable|25\/100\n|-damage|p2a: Landorus|91\/100|[from] item: Life Orb\n|move|p1a: Clefable|Wish|p1a: Clefable\n|\n|upkeep\n|turn|15\n|\n|t:|1701196215\n|move|p1a: Clefable|Protect|p1a: Clefable\n|-singleturn|p1a: Clefable|Protect\n|move|p2a: Landorus|Earthquake|p1a: Clefable\n|-activate|p1a: Clefable|move: Protect\n|\n|-heal|p1a: Clefable|75\/100|[from] move: Wish|[wisher] Clefable\n|upkeep\n|turn|16\n|\n|t:|1701196230\n|move|p2a: Landorus|Earthquake|p1a: Clefable\n|-damage|p1a: Clefable|23\/100\n|-damage|p2a: Landorus|81\/100|[from] item: Life Orb\n|move|p1a: Clefable|Moonblast|p2a: Landorus\n|-damage|p2a: Landorus|30\/100\n|-unboost|p2a: Landorus|spa|1\n|\n|upkeep\n|turn|17\n|\n|t:|1701196236\n|move|p2a: Landorus|Earthquake|p1a: Clefable\n|-damage|p1a: Clefable|0 fnt\n|faint|p1a: Clefable\n|-damage|p2a: Landorus|20\/100|[from] item: Life Orb\n|\n|upkeep\n|\n|t:|1701196241\n|switch|p1a: Ninetales|Ninetales-Alola, M|16\/100\n|-weather|Snow|[from] ability: Snow Warning|[of] p1a: Ninetales\n|turn|18\n|\n|t:|1701196252\n|move|p1a: Ninetales|Freeze-Dry|p2a: Landorus\n|-supereffective|p2a: Landorus\n|-damage|p2a: Landorus|0 fnt\n|faint|p2a: Landorus\n|\n|-weather|Snow|[upkeep]\n|upkeep\n|\n|t:|1701196254\n|switch|p2a: Samurott|Samurott-Hisui, M|100\/100\n|turn|19\n|\n|t:|1701196276\n|move|p1a: Ninetales|Freeze-Dry|p2a: Samurott\n|-supereffective|p2a: Samurott\n|-damage|p2a: Samurott|16\/100\n|move|p2a: Samurott|Sacred Sword|p1a: Ninetales\n|-damage|p1a: Ninetales|0 fnt\n|faint|p1a: Ninetales\n|\n|-weather|Snow|[upkeep]\n|-heal|p2a: Samurott|23\/100|[from] item: Leftovers\n|upkeep\n|\n|t:|1701196281\n|switch|p1a: Iron Valiant|Iron Valiant|100\/100\n|-enditem|p1a: Iron Valiant|Booster Energy\n|-activate|p1a: Iron Valiant|ability: Quark Drive|[fromitem]\n|-start|p1a: Iron Valiant|quarkdrivespe\n|turn|20\n|\n|t:|1701196302\n|move|p1a: Iron Valiant|Moonblast|p2a: Samurott\n|-supereffective|p2a: Samurott\n|-damage|p2a: Samurott|0 fnt\n|faint|p2a: Samurott\n|\n|win|bobby jwi\n|l|\u2606Brenzino\n|j|\u2606Brenzino\n|player|p2|Brenzino|pokemaniac\n","uploadtime":1701196328,"views":5,"p1id":"bobbyjwi","p2id":"brenzino","formatid":"gen9anythinggoes","rating":0,"private":0,"password":""}