{"id":"gen9anythinggoes-1990939165","p1":"Player6206","p2":"DukeGoolies","format":"[Gen 9] Anything Goes","log":"|j|\u2606Player6206\n|j|\u2606DukeGoolies\n|t:|1700017420\n|gametype|singles\n|player|p1|Player6206|hilbert|1067\n|player|p2|DukeGoolies|2|1000\n|teamsize|p1|6\n|teamsize|p2|6\n|gen|9\n|tier|[Gen 9] Anything Goes\n|rated|\n|rule|HP Percentage Mod: HP is shown in percentages\n|rule|Endless Battle Clause: Forcing endless battles is banned\n|clearpoke\n|poke|p1|Garchomp, F|\n|poke|p1|Kleavor, F|\n|poke|p1|Dialga-Origin|\n|poke|p1|Cinderace, M|\n|poke|p1|Greninja-*, M|\n|poke|p1|Decidueye-Hisui, F|\n|poke|p2|Dragapult, M|\n|poke|p2|Iron Moth|\n|poke|p2|Bronzong|\n|poke|p2|Roaring Moon|\n|poke|p2|Clefable, M|\n|poke|p2|Azumarill, F|\n|teampreview\n|\n|t:|1700017436\n|start\n|switch|p1a: Kleavor|Kleavor, F|100\/100\n|switch|p2a: Clefable|Clefable, M|100\/100\n|turn|1\n|\n|t:|1700017445\n|move|p1a: Kleavor|Stone Axe|p2a: Clefable\n|-damage|p2a: Clefable|59\/100\n|-sidestart|p2: DukeGoolies|move: Stealth Rock\n|move|p2a: Clefable|Calm Mind|p2a: Clefable\n|-boost|p2a: Clefable|spa|1\n|-boost|p2a: Clefable|spd|1\n|\n|-heal|p2a: Clefable|65\/100|[from] item: Leftovers\n|upkeep\n|turn|2\n|\n|t:|1700017454\n|move|p2a: Clefable|Protect|p2a: Clefable\n|-singleturn|p2a: Clefable|Protect\n|move|p1a: Kleavor|Rock Slide|p2a: Clefable\n|-activate|p2a: Clefable|move: Protect\n|\n|-heal|p2a: Clefable|71\/100|[from] item: Leftovers\n|upkeep\n|turn|3\n|\n|t:|1700017475\n|move|p1a: Kleavor|Stone Axe|p2a: Clefable\n|-damage|p2a: Clefable|32\/100\n|move|p2a: Clefable|Moonlight|p2a: Clefable\n|-heal|p2a: Clefable|82\/100\n|\n|-heal|p2a: Clefable|88\/100|[from] item: Leftovers\n|upkeep\n|turn|4\n|\n|t:|1700017484\n|move|p1a: Kleavor|Rock Slide|p2a: Clefable|[miss]\n|-miss|p1a: Kleavor|p2a: Clefable\n|move|p2a: Clefable|Calm Mind|p2a: Clefable\n|-boost|p2a: Clefable|spa|1\n|-boost|p2a: Clefable|spd|1\n|\n|-heal|p2a: Clefable|95\/100|[from] item: Leftovers\n|upkeep\n|turn|5\n|\n|t:|1700017509\n|move|p2a: Clefable|Protect|p2a: Clefable\n|-singleturn|p2a: Clefable|Protect\n|move|p1a: Kleavor|Stone Axe|p2a: Clefable\n|-activate|p2a: Clefable|move: Protect\n|\n|-heal|p2a: Clefable|100\/100|[from] item: Leftovers\n|upkeep\n|turn|6\n|\n|t:|1700017520\n|move|p1a: Kleavor|X-Scissor|p2a: Clefable\n|-resisted|p2a: Clefable\n|-damage|p2a: Clefable|74\/100\n|cant|p2a: Clefable|flinch\n|\n|-heal|p2a: Clefable|80\/100|[from] item: Leftovers\n|upkeep\n|turn|7\n|\n|t:|1700017536\n|switch|p1a: Greninja|Greninja, M|100\/100\n|move|p2a: Clefable|Calm Mind|p2a: Clefable\n|-boost|p2a: Clefable|spa|1\n|-boost|p2a: Clefable|spd|1\n|\n|-heal|p2a: Clefable|87\/100|[from] item: Leftovers\n|upkeep\n|turn|8\n|\n|t:|1700017546\n|move|p2a: Clefable|Protect|p2a: Clefable\n|-singleturn|p2a: Clefable|Protect\n|move|p1a: Greninja|Water Shuriken|p2a: Clefable\n|-activate|p2a: Clefable|move: Protect\n|\n|-heal|p2a: Clefable|93\/100|[from] item: Leftovers\n|upkeep\n|turn|9\n|\n|t:|1700017560\n|move|p1a: Greninja|Hydro Pump|p2a: Clefable|[miss]\n|-miss|p1a: Greninja|p2a: Clefable\n|move|p2a: Clefable|Calm Mind|p2a: Clefable\n|-boost|p2a: Clefable|spa|1\n|-boost|p2a: Clefable|spd|1\n|\n|-heal|p2a: Clefable|99\/100|[from] item: Leftovers\n|upkeep\n|turn|10\n|\n|t:|1700017581\n|switch|p1a: Decidueye|Decidueye-Hisui, F|100\/100\n|move|p2a: Clefable|Stored Power|p1a: Decidueye\n|-supereffective|p1a: Decidueye\n|-damage|p1a: Decidueye|0 fnt\n|faint|p1a: Decidueye\n|\n|-heal|p2a: Clefable|100\/100|[from] item: Leftovers\n|upkeep\n|\n|t:|1700017589\n|switch|p1a: Cinderace|Cinderace, M|100\/100\n|turn|11\n|\n|t:|1700017593\n|move|p1a: Cinderace|High Jump Kick|p2a: Clefable\n|-start|p1a: Cinderace|typechange|Fighting|[from] ability: Libero\n|-resisted|p2a: Clefable\n|-damage|p2a: Clefable|76\/100\n|move|p2a: Clefable|Stored Power|p1a: Cinderace\n|-supereffective|p1a: Cinderace\n|-damage|p1a: Cinderace|0 fnt\n|faint|p1a: Cinderace\n|\n|-heal|p2a: Clefable|82\/100|[from] item: Leftovers\n|upkeep\n|\n|t:|1700017605\n|switch|p1a: Dialga|Dialga-Origin|100\/100\n|turn|12\n|\n|t:|1700017611\n|-terastallize|p1a: Dialga|Fairy\n|move|p2a: Clefable|Protect|p2a: Clefable\n|-singleturn|p2a: Clefable|Protect\n|move|p1a: Dialga|Earthquake|p2a: Clefable\n|-activate|p2a: Clefable|move: Protect\n|\n|-heal|p2a: Clefable|88\/100|[from] item: Leftovers\n|upkeep\n|turn|13\n|\n|t:|1700017626\n|move|p1a: Dialga|Earthquake|p2a: Clefable\n|-damage|p2a: Clefable|65\/100\n|move|p2a: Clefable|Moonlight|p2a: Clefable\n|-heal|p2a: Clefable|100\/100\n|\n|upkeep\n|turn|14\n|\n|t:|1700017636\n|move|p1a: Dialga|Fire Blast|p2a: Clefable|[miss]\n|-miss|p1a: Dialga|p2a: Clefable\n|move|p2a: Clefable|Stored Power|p1a: Dialga\n|-damage|p1a: Dialga|1\/100\n|\n|upkeep\n|turn|15\n|-message|Player6206 forfeited.\n|\n|win|DukeGoolies\n|raw|Player6206's rating: 1067 &rarr; <strong>1043<\/strong><br \/>(-24 for losing)\n|raw|DukeGoolies's rating: 1000 &rarr; <strong>1048<\/strong><br \/>(+48 for winning)\n|l|\u2606Player6206\n","uploadtime":1700017662,"views":10,"p1id":"player6206","p2id":"dukegoolies","formatid":"gen9anythinggoes","rating":1043,"private":0,"password":""}