{"id":"gen9anythinggoes-1981357722","p1":"Sl30","p2":"pooperyman","format":"[Gen 9] Anything Goes","log":"|j|\u2606Sl30\n|j|\u203dpooperyman\n|t:|1698887154\n|gametype|singles\n|player|p1|Sl30|poppy|1000\n|player|p2|pooperyman|lucas|1048\n|teamsize|p1|6\n|teamsize|p2|6\n|gen|9\n|tier|[Gen 9] Anything Goes\n|rated|\n|rule|HP Percentage Mod: HP is shown in percentages\n|rule|Endless Battle Clause: Forcing endless battles is banned\n|clearpoke\n|poke|p1|Dugtrio, F|\n|poke|p1|Dugtrio, F|\n|poke|p1|Dugtrio, M|\n|poke|p1|Dugtrio, M|\n|poke|p1|Dugtrio, F|\n|poke|p1|Dugtrio, F|\n|poke|p2|Rellor, M|\n|poke|p2|Rellor, F|\n|poke|p2|Rellor, M|\n|poke|p2|Rellor, M|\n|poke|p2|Rellor, F|\n|poke|p2|Rellor, F|\n|teampreview\n|\n|t:|1698887159\n|start\n|switch|p1a: WIN OR LOSE|Dugtrio, F, shiny|100\/100\n|switch|p2a: Rellor|Rellor, M|100\/100\n|turn|1\n|\n|t:|1698887170\n|move|p1a: WIN OR LOSE|Fissure|p2a: Rellor\n|-damage|p2a: Rellor|0 fnt\n|faint|p2a: Rellor\n|-ohko\n|\n|upkeep\n|\n|t:|1698887175\n|switch|p2a: Rellor|Rellor, F|100\/100\n|turn|2\n|\n|t:|1698887178\n|move|p1a: WIN OR LOSE|Fissure|p2a: Rellor\n|-damage|p2a: Rellor|0 fnt\n|faint|p2a: Rellor\n|-ohko\n|\n|upkeep\n|\n|t:|1698887183\n|switch|p2a: Rellor|Rellor, M|100\/100\n|turn|3\n|\n|t:|1698887186\n|move|p1a: WIN OR LOSE|Fissure|p2a: Rellor\n|-damage|p2a: Rellor|0 fnt\n|faint|p2a: Rellor\n|-ohko\n|\n|upkeep\n|\n|t:|1698887191\n|switch|p2a: Rellor|Rellor, M|100\/100\n|turn|4\n|\n|t:|1698887194\n|move|p1a: WIN OR LOSE|Fissure|p2a: Rellor|[miss]\n|-miss|p1a: WIN OR LOSE|p2a: Rellor\n|move|p2a: Rellor|Bug Buzz|p1a: WIN OR LOSE\n|-damage|p1a: WIN OR LOSE|80\/100\n|\n|upkeep\n|turn|5\n|\n|t:|1698887200\n|move|p1a: WIN OR LOSE|Fissure|p2a: Rellor\n|-damage|p2a: Rellor|0 fnt\n|faint|p2a: Rellor\n|-ohko\n|\n|upkeep\n|\n|t:|1698887205\n|switch|p2a: Rellor|Rellor, F|100\/100\n|turn|6\n|\n|t:|1698887209\n|move|p1a: WIN OR LOSE|Fissure|p2a: Rellor\n|-damage|p2a: Rellor|0 fnt\n|faint|p2a: Rellor\n|-ohko\n|\n|upkeep\n|\n|t:|1698887216\n|switch|p2a: Rellor|Rellor, F|100\/100\n|turn|7\n|\n|t:|1698887219\n|move|p1a: WIN OR LOSE|Fissure|p2a: Rellor|[miss]\n|-miss|p1a: WIN OR LOSE|p2a: Rellor\n|move|p2a: Rellor|Bug Buzz|p1a: WIN OR LOSE\n|-damage|p1a: WIN OR LOSE|56\/100\n|\n|upkeep\n|turn|8\n|\n|t:|1698887226\n|move|p1a: WIN OR LOSE|Fissure|p2a: Rellor|[miss]\n|-miss|p1a: WIN OR LOSE|p2a: Rellor\n|move|p2a: Rellor|Bug Buzz|p1a: WIN OR LOSE\n|-damage|p1a: WIN OR LOSE|34\/100\n|\n|upkeep\n|turn|9\n|\n|t:|1698887232\n|move|p1a: WIN OR LOSE|Sandstorm|p1a: WIN OR LOSE\n|-weather|Sandstorm\n|move|p2a: Rellor|Bug Buzz|p1a: WIN OR LOSE\n|-damage|p1a: WIN OR LOSE|12\/100\n|\n|-weather|Sandstorm|[upkeep]\n|-damage|p2a: Rellor|95\/100|[from] Sandstorm\n|upkeep\n|turn|10\n|\n|t:|1698887239\n|move|p1a: WIN OR LOSE|Hone Claws|p1a: WIN OR LOSE\n|-boost|p1a: WIN OR LOSE|atk|1\n|-boost|p1a: WIN OR LOSE|accuracy|1\n|move|p2a: Rellor|Bug Buzz|p1a: WIN OR LOSE\n|-crit|p1a: WIN OR LOSE\n|-damage|p1a: WIN OR LOSE|0 fnt\n|faint|p1a: WIN OR LOSE\n|\n|-weather|Sandstorm|[upkeep]\n|-damage|p2a: Rellor|89\/100|[from] Sandstorm\n|upkeep\n|\n|t:|1698887242\n|switch|p1a: WIN OR LOSE|Dugtrio, F, shiny|100\/100\n|turn|11\n|\n|t:|1698887250\n|move|p1a: WIN OR LOSE|Fissure|p2a: Rellor|[miss]\n|-miss|p1a: WIN OR LOSE|p2a: Rellor\n|move|p2a: Rellor|Bug Buzz|p1a: WIN OR LOSE\n|-damage|p1a: WIN OR LOSE|80\/100\n|\n|-weather|Sandstorm|[upkeep]\n|-damage|p2a: Rellor|83\/100|[from] Sandstorm\n|upkeep\n|turn|12\n|\n|t:|1698887258\n|move|p1a: WIN OR LOSE|Fissure|p2a: Rellor\n|-damage|p2a: Rellor|0 fnt\n|faint|p2a: Rellor\n|-ohko\n|\n|win|Sl30\n|raw|Sl30's rating: 1000 &rarr; <strong>1045<\/strong><br \/>(+45 for winning)\n|raw|pooperyman's rating: 1048 &rarr; <strong>1028<\/strong><br \/>(-20 for losing)\n|l|\u203dpooperyman\n|l|\u2606Sl30\n","uploadtime":1698887537,"views":4,"p1id":"sl30","p2id":"pooperyman","formatid":"gen9anythinggoes","rating":1028,"private":0,"password":""}