{"id":"gen9anythinggoes-1979718795","p1":"FerrothornFembots","p2":"Crabbrawlers","format":"[Gen 9] Anything Goes","log":"|j|\u2606FerrothornFembots\n|j|\u2606Crabbrawlers\n|t:|1698706272\n|gametype|singles\n|player|p1|FerrothornFembots|skierf-gen4dp|\n|player|p2|Crabbrawlers|linebacker|\n|teamsize|p1|6\n|teamsize|p2|6\n|gen|9\n|tier|[Gen 9] Anything Goes\n|rule|HP Percentage Mod: HP is shown in percentages\n|rule|Endless Battle Clause: Forcing endless battles is banned\n|clearpoke\n|poke|p1|Shaymin-Sky|\n|poke|p1|Darkrai|\n|poke|p1|Armarouge, F|\n|poke|p1|Landorus, M|\n|poke|p1|Bronzong|\n|poke|p1|Samurott, F|\n|poke|p2|Slaking, M|\n|poke|p2|Klefki, M|\n|poke|p2|Volcarona, F|\n|poke|p2|Salamence, F|\n|poke|p2|Maushold-Four|\n|poke|p2|Ogerpon, F|\n|teampreview\n|j| Talonflameredwings\n|c|\u2606FerrothornFembots|GLHV!\n|c| Talonflameredwings|gl hf!\n|\n|t:|1698706356\n|start\n|switch|p1a: TinMan|Bronzong, shiny|100\/100\n|switch|p2a: Maushold|Maushold-Four|100\/100\n|turn|1\n|\n|t:|1698706367\n|move|p2a: Maushold|Tidy Up|p2a: Maushold\n|-boost|p2a: Maushold|atk|1\n|-boost|p2a: Maushold|spe|1\n|move|p1a: TinMan|Stealth Rock|p2a: Maushold\n|-sidestart|p2: Crabbrawlers|move: Stealth Rock\n|\n|upkeep\n|turn|2\n|\n|t:|1698706377\n|move|p2a: Maushold|Tidy Up|p2a: Maushold\n|-sideend|p2: Crabbrawlers|Stealth Rock\n|-activate|p2a: Maushold|move: Tidy Up\n|-boost|p2a: Maushold|atk|1\n|-boost|p2a: Maushold|spe|1\n|move|p1a: TinMan|Reflect|p1a: TinMan\n|-sidestart|p1: FerrothornFembots|Reflect\n|\n|upkeep\n|turn|3\n|\n|t:|1698706404\n|switch|p2a: Volcarona|Volcarona, F|100\/100\n|move|p1a: TinMan|Light Screen|p1a: TinMan\n|-sidestart|p1: FerrothornFembots|move: Light Screen\n|\n|upkeep\n|turn|4\n|j| BeatMidlers\n|c| BeatMidlers|Good luck!\n|\n|t:|1698706466\n|switch|p1a: GerthMaster|Landorus, M, shiny|100\/100\n|move|p2a: Volcarona|Quiver Dance|p2a: Volcarona\n|-boost|p2a: Volcarona|spa|1\n|-boost|p2a: Volcarona|spd|1\n|-boost|p2a: Volcarona|spe|1\n|\n|upkeep\n|turn|5\n|\n|t:|1698706500\n|switch|p2a: Maushold|Maushold-Four|100\/100\n|move|p1a: GerthMaster|Earth Power|p2a: Maushold\n|-damage|p2a: Maushold|0 fnt\n|faint|p2a: Maushold\n|\n|upkeep\n|\n|t:|1698706511\n|switch|p2a: Slaking|Slaking, M|100\/100\n|turn|6\n|\n|t:|1698706531\n|switch|p1a: TinMan|Bronzong, shiny|100\/100\n|move|p2a: Slaking|Ice Punch|p1a: TinMan\n|-resisted|p1a: TinMan\n|-damage|p1a: TinMan|90\/100\n|-damage|p2a: Slaking|84\/100|[from] item: Rocky Helmet|[of] p1a: TinMan\n|\n|-sideend|p1: FerrothornFembots|Reflect\n|upkeep\n|turn|7\n|\n|t:|1698706555\n|switch|p2a: Volcarona|Volcarona, F|100\/100\n|move|p1a: TinMan|Stealth Rock|p2a: Volcarona\n|-sidestart|p2: Crabbrawlers|move: Stealth Rock\n|\n|-sideend|p1: FerrothornFembots|move: Light Screen\n|upkeep\n|turn|8\n|\n|t:|1698706570\n|move|p2a: Volcarona|Quiver Dance|p2a: Volcarona\n|-boost|p2a: Volcarona|spa|1\n|-boost|p2a: Volcarona|spd|1\n|-boost|p2a: Volcarona|spe|1\n|move|p1a: TinMan|Light Screen|p1a: TinMan\n|-sidestart|p1: FerrothornFembots|move: Light Screen\n|\n|upkeep\n|turn|9\n|\n|t:|1698706576\n|move|p2a: Volcarona|Quiver Dance|p2a: Volcarona\n|-boost|p2a: Volcarona|spa|1\n|-boost|p2a: Volcarona|spd|1\n|-boost|p2a: Volcarona|spe|1\n|move|p1a: TinMan|Reflect|p1a: TinMan\n|-sidestart|p1: FerrothornFembots|Reflect\n|\n|upkeep\n|turn|10\n|\n|t:|1698706585\n|move|p2a: Volcarona|Quiver Dance|p2a: Volcarona\n|-boost|p2a: Volcarona|spa|1\n|-boost|p2a: Volcarona|spd|1\n|-boost|p2a: Volcarona|spe|1\n|move|p1a: TinMan|Body Press|p2a: Volcarona\n|-resisted|p2a: Volcarona\n|-damage|p2a: Volcarona|79\/100\n|\n|upkeep\n|turn|11\n|\n|t:|1698706604\n|switch|p1a: AquaJetLee|Samurott, F, shiny|100\/100\n|move|p2a: Volcarona|Fiery Dance|p1a: AquaJetLee\n|-resisted|p1a: AquaJetLee\n|-crit|p1a: AquaJetLee\n|-damage|p1a: AquaJetLee|17\/100\n|-damage|p2a: Volcarona|69\/100|[from] item: Life Orb\n|\n|upkeep\n|turn|12\n|\n|t:|1698706618\n|move|p1a: AquaJetLee|Aqua Jet|p2a: Volcarona\n|-supereffective|p2a: Volcarona\n|-damage|p2a: Volcarona|0 fnt\n|faint|p2a: Volcarona\n|\n|-sideend|p1: FerrothornFembots|move: Light Screen\n|upkeep\n|\n|t:|1698706624\n|switch|p2a: Ogerpon|Ogerpon, F|100\/100\n|-damage|p2a: Ogerpon|88\/100|[from] Stealth Rock\n|turn|13\n|\n|t:|1698706633\n|move|p2a: Ogerpon|Swords Dance|p2a: Ogerpon\n|-boost|p2a: Ogerpon|atk|2\n|move|p1a: AquaJetLee|Knock Off|p2a: Ogerpon\n|-damage|p2a: Ogerpon|50\/100\n|-enditem|p2a: Ogerpon|Leftovers|[from] move: Knock Off|[of] p1a: AquaJetLee\n|\n|-sideend|p1: FerrothornFembots|Reflect\n|upkeep\n|turn|14\n|\n|t:|1698706659\n|move|p1a: AquaJetLee|Aqua Jet|p2a: Ogerpon\n|-resisted|p2a: Ogerpon\n|-damage|p2a: Ogerpon|30\/100\n|move|p2a: Ogerpon|Ivy Cudgel|p1a: AquaJetLee\n|-supereffective|p1a: AquaJetLee\n|-damage|p1a: AquaJetLee|0 fnt\n|faint|p1a: AquaJetLee\n|\n|upkeep\n|\n|t:|1698706668\n|switch|p1a: Bambi|Shaymin-Sky, shiny|100\/100\n|turn|15\n|\n|t:|1698706686\n|move|p1a: Bambi|Air Slash|p2a: Ogerpon\n|-supereffective|p2a: Ogerpon\n|-damage|p2a: Ogerpon|0 fnt\n|faint|p2a: Ogerpon\n|\n|upkeep\n|\n|t:|1698706699\n|switch|p2a: Klefki|Klefki, M|100\/100\n|-damage|p2a: Klefki|94\/100|[from] Stealth Rock\n|turn|16\n|\n|t:|1698706731\n|switch|p1a: GerthMaster|Landorus, M, shiny|100\/100\n|move|p2a: Klefki|Thunder Wave|p1a: GerthMaster\n|-immune|p1a: GerthMaster\n|\n|upkeep\n|turn|17\n|\n|t:|1698706743\n|move|p2a: Klefki|Reflect|p2a: Klefki\n|-sidestart|p2: Crabbrawlers|Reflect\n|move|p1a: GerthMaster|Earth Power|p2a: Klefki\n|-supereffective|p2a: Klefki\n|-damage|p2a: Klefki|0 fnt\n|faint|p2a: Klefki\n|\n|upkeep\n|\n|t:|1698706750\n|switch|p2a: Slaking|Slaking, M|84\/100\n|-damage|p2a: Slaking|71\/100|[from] Stealth Rock\n|turn|18\n|\n|t:|1698706765\n|switch|p1a: Transformer|Armarouge, F, shiny|100\/100\n|move|p2a: Slaking|Ice Punch|p1a: Transformer\n|-resisted|p1a: Transformer\n|-damage|p1a: Transformer|76\/100\n|-ability|p1a: Transformer|Weak Armor|boost\n|-unboost|p1a: Transformer|def|1\n|-boost|p1a: Transformer|spe|2\n|\n|upkeep\n|turn|19\n|\n|t:|1698706776\n|switch|p2a: Salamence|Salamence, F|100\/100\n|-damage|p2a: Salamence|76\/100|[from] Stealth Rock\n|move|p1a: Transformer|Aura Sphere|p2a: Salamence\n|-resisted|p2a: Salamence\n|-damage|p2a: Salamence|57\/100\n|\n|upkeep\n|turn|20\n|\n|t:|1698706795\n|switch|p1a: DreamCatcher|Darkrai, shiny|100\/100\n|move|p2a: Salamence|Dragon Dance|p2a: Salamence\n|-boost|p2a: Salamence|atk|1\n|-boost|p2a: Salamence|spe|1\n|\n|upkeep\n|turn|21\n|\n|t:|1698706804\n|move|p2a: Salamence|Outrage|p1a: DreamCatcher\n|-damage|p1a: DreamCatcher|0 fnt\n|faint|p1a: DreamCatcher\n|-ability|p2a: Salamence|Moxie|boost\n|-boost|p2a: Salamence|atk|1\n|\n|upkeep\n|\n|t:|1698706828\n|switch|p1a: TinMan|Bronzong, shiny|90\/100\n|turn|22\n|\n|t:|1698706835\n|move|p2a: Salamence|Outrage|p1a: TinMan|[from]lockedmove\n|-resisted|p1a: TinMan\n|-damage|p1a: TinMan|40\/100\n|-damage|p2a: Salamence|40\/100|[from] item: Rocky Helmet|[of] p1a: TinMan\n|move|p1a: TinMan|Reflect|p1a: TinMan\n|-sidestart|p1: FerrothornFembots|Reflect\n|\n|upkeep\n|turn|23\n|\n|t:|1698706843\n|move|p2a: Salamence|Outrage|p1a: TinMan|[from]lockedmove\n|-resisted|p1a: TinMan\n|-damage|p1a: TinMan|16\/100\n|-damage|p2a: Salamence|23\/100|[from] item: Rocky Helmet|[of] p1a: TinMan\n|-start|p2a: Salamence|confusion|[fatigue]\n|-enditem|p2a: Salamence|Lum Berry|[eat]\n|-end|p2a: Salamence|confusion\n|move|p1a: TinMan|Light Screen|p1a: TinMan\n|-sidestart|p1: FerrothornFembots|move: Light Screen\n|\n|upkeep\n|turn|24\n|\n|t:|1698706856\n|move|p2a: Salamence|Outrage|p1a: TinMan\n|-resisted|p1a: TinMan\n|-damage|p1a: TinMan|0 fnt\n|-damage|p2a: Salamence|7\/100|[from] item: Rocky Helmet|[of] p1a: TinMan\n|faint|p1a: TinMan\n|-ability|p2a: Salamence|Moxie|boost\n|-boost|p2a: Salamence|atk|1\n|\n|-sideend|p2: Crabbrawlers|Reflect\n|upkeep\n|\n|t:|1698706894\n|switch|p1a: GerthMaster|Landorus, M, shiny|100\/100\n|turn|25\n|\n|t:|1698706921\n|move|p2a: Salamence|Outrage|p1a: GerthMaster|[from]lockedmove\n|-damage|p1a: GerthMaster|3\/100\n|move|p1a: GerthMaster|Earth Power|p2a: Salamence\n|-immune|p2a: Salamence\n|\n|upkeep\n|turn|26\n|\n|t:|1698706970\n|switch|p1a: Bambi|Shaymin-Sky, shiny|100\/100\n|move|p2a: Salamence|Outrage|p1a: Bambi|[from]lockedmove\n|-damage|p1a: Bambi|17\/100\n|-start|p2a: Salamence|confusion|[fatigue]\n|\n|-heal|p1a: Bambi|23\/100|[from] item: Leftovers\n|-sideend|p1: FerrothornFembots|Reflect\n|upkeep\n|turn|27\n|\n|t:|1698706982\n|-activate|p2a: Salamence|confusion\n|-damage|p2a: Salamence|0 fnt|[from] confusion\n|faint|p2a: Salamence\n|move|p1a: Bambi|Seed Flare|p2: Salamence|[notarget]\n|-fail|p1a: Bambi\n|\n|-heal|p1a: Bambi|29\/100|[from] item: Leftovers\n|-sideend|p1: FerrothornFembots|move: Light Screen\n|upkeep\n|\n|t:|1698706990\n|switch|p2a: Slaking|Slaking, M|71\/100\n|-damage|p2a: Slaking|59\/100|[from] Stealth Rock\n|turn|28\n|\n|t:|1698707004\n|move|p1a: Bambi|Air Slash|p2a: Slaking\n|-damage|p2a: Slaking|27\/100\n|move|p2a: Slaking|Giga Impact|p1a: Bambi\n|-damage|p1a: Bambi|0 fnt\n|-mustrecharge|p2a: Slaking\n|faint|p1a: Bambi\n|\n|upkeep\n|\n|t:|1698707011\n|switch|p1a: GerthMaster|Landorus, M, shiny|3\/100\n|turn|29\n|\n|t:|1698707016\n|move|p1a: GerthMaster|Focus Blast|p2a: Slaking|[miss]\n|-miss|p1a: GerthMaster|p2a: Slaking\n|cant|p2a: Slaking|recharge\n|\n|upkeep\n|turn|30\n|\n|t:|1698707022\n|move|p1a: GerthMaster|Focus Blast|p2a: Slaking\n|-supereffective|p2a: Slaking\n|-damage|p2a: Slaking|0 fnt\n|faint|p2a: Slaking\n|\n|win|FerrothornFembots\n|c|\u2606Crabbrawlers|gg\n|l|\u2606Crabbrawlers\n|l| BeatMidlers\n|c| Talonflameredwings|gg!!\n","uploadtime":1698707161,"views":17,"p1id":"ferrothornfembots","p2id":"crabbrawlers","formatid":"gen9anythinggoes","rating":0,"private":0,"password":""}