{"id":"gen9anythinggoes-1998532355","p1":"baII_3r","p2":"Khryce","format":"[Gen 9] Anything Goes","log":"|j|\u2606baII_3r\n|j|\u2606Khryce\n|t:|1700953068\n|gametype|singles\n|player|p1|baII_3r|rocketgrunt|1105\n|player|p2|Khryce|preschooler|1033\n|teamsize|p1|6\n|teamsize|p2|6\n|gen|9\n|tier|[Gen 9] Anything Goes\n|rated|\n|rule|HP Percentage Mod: HP is shown in percentages\n|rule|Endless Battle Clause: Forcing endless battles is banned\n|clearpoke\n|poke|p1|Maushold|\n|poke|p1|Dragonite, F|\n|poke|p1|Flutter Mane|\n|poke|p1|Ogerpon-Wellspring, F|\n|poke|p1|Landorus-Therian, M|\n|poke|p1|Meowscarada, F|\n|poke|p2|Samurott-Hisui, M|\n|poke|p2|Pawmot, F|\n|poke|p2|Kleavor, M|\n|poke|p2|Infernape, M|\n|poke|p2|Clawitzer, M|\n|poke|p2|Lycanroc-Dusk, M|\n|teampreview\n|inactive|Battle timer is ON: inactive players will automatically lose when time's up. (requested by Khryce)\n|\n|t:|1700953076\n|start\n|switch|p1a: Maushold|Maushold|100\/100\n|switch|p2a: Kleavor|Kleavor, M|100\/100\n|turn|1\n|\n|t:|1700953082\n|move|p1a: Maushold|Switcheroo|p2a: Kleavor\n|-activate|p1a: Maushold|move: Trick|[of] p2a: Kleavor\n|-item|p2a: Kleavor|Black Sludge|[from] move: Switcheroo\n|-item|p1a: Maushold|Scope Lens|[from] move: Switcheroo\n|move|p2a: Kleavor|Stone Axe|p1a: Maushold\n|-damage|p1a: Maushold|23\/100\n|-sidestart|p1: baII_3r|move: Stealth Rock\n|\n|-damage|p2a: Kleavor|88\/100|[from] item: Black Sludge\n|upkeep\n|turn|2\n|\n|t:|1700953093\n|move|p1a: Maushold|Population Bomb|p2a: Kleavor\n|-resisted|p2a: Kleavor\n|-damage|p2a: Kleavor|83\/100\n|-resisted|p2a: Kleavor\n|-damage|p2a: Kleavor|78\/100\n|-resisted|p2a: Kleavor\n|-damage|p2a: Kleavor|72\/100\n|-resisted|p2a: Kleavor\n|-damage|p2a: Kleavor|67\/100\n|-hitcount|p2a: Kleavor|4\n|move|p2a: Kleavor|Stone Axe|p1a: Maushold\n|-damage|p1a: Maushold|0 fnt\n|faint|p1a: Maushold\n|\n|-damage|p2a: Kleavor|55\/100|[from] item: Black Sludge\n|upkeep\n|inactive|baII_3r has 120 seconds left.\n|\n|t:|1700953122\n|switch|p1a: Landorus|Landorus-Therian, M|100\/100\n|-ability|p1a: Landorus|Intimidate|boost\n|-unboost|p2a: Kleavor|atk|1\n|turn|3\n|\n|t:|1700953138\n|move|p1a: Landorus|Earthquake|p2a: Kleavor\n|-damage|p2a: Kleavor|0 fnt\n|faint|p2a: Kleavor\n|\n|upkeep\n|\n|t:|1700953148\n|switch|p2a: Clawitzer|Clawitzer, M|100\/100\n|turn|4\n|\n|t:|1700953161\n|-terastallize|p1a: Landorus|Grass\n|move|p1a: Landorus|Rock Slide|p2a: Clawitzer\n|-damage|p2a: Clawitzer|70\/100\n|move|p2a: Clawitzer|Water Pulse|p1a: Landorus\n|-resisted|p1a: Landorus\n|-crit|p1a: Landorus\n|-damage|p1a: Landorus|53\/100\n|-start|p1a: Landorus|confusion\n|\n|upkeep\n|turn|5\n|\n|t:|1700953172\n|-activate|p1a: Landorus|confusion\n|move|p1a: Landorus|Rock Slide|p2a: Clawitzer\n|-damage|p2a: Clawitzer|40\/100\n|cant|p2a: Clawitzer|flinch\n|\n|upkeep\n|turn|6\n|\n|t:|1700953181\n|-activate|p1a: Landorus|confusion\n|move|p1a: Landorus|Rock Slide|p2a: Clawitzer|[miss]\n|-miss|p1a: Landorus|p2a: Clawitzer\n|move|p2a: Clawitzer|Dragon Pulse|p1a: Landorus\n|-damage|p1a: Landorus|0 fnt\n|faint|p1a: Landorus\n|\n|upkeep\n|\n|t:|1700953190\n|switch|p1a: Meowscarada|Meowscarada, F|100\/100\n|-damage|p1a: Meowscarada|88\/100|[from] Stealth Rock\n|turn|7\n|\n|t:|1700953196\n|switch|p2a: Infernape|Infernape, M|100\/100\n|move|p1a: Meowscarada|Sucker Punch||[still]\n|-fail|p1a: Meowscarada\n|\n|upkeep\n|turn|8\n|\n|t:|1700953204\n|move|p2a: Infernape|Mach Punch|p1a: Meowscarada\n|-supereffective|p1a: Meowscarada\n|-damage|p1a: Meowscarada|8\/100\n|move|p1a: Meowscarada|Substitute|p1a: Meowscarada\n|-fail|p1a: Meowscarada|move: Substitute|[weak]\n|\n|upkeep\n|turn|9\n|\n|t:|1700953217\n|switch|p1a: Flutter Mane|Flutter Mane|100\/100\n|-damage|p1a: Flutter Mane|88\/100|[from] Stealth Rock\n|move|p2a: Infernape|Fire Punch|p1a: Flutter Mane\n|-damage|p1a: Flutter Mane|0 fnt\n|faint|p1a: Flutter Mane\n|-end|p1a: Flutter Mane|Protosynthesis|[silent]\n|\n|upkeep\n|\n|t:|1700953225\n|switch|p1a: Ogerpon|Ogerpon-Wellspring, F|100\/100\n|-damage|p1a: Ogerpon|88\/100|[from] Stealth Rock\n|turn|10\n|\n|t:|1700953239\n|move|p1a: Ogerpon|Ivy Cudgel|p2a: Infernape|[anim] Ivy Cudgel Water\n|-supereffective|p2a: Infernape\n|-damage|p2a: Infernape|0 fnt\n|faint|p2a: Infernape\n|\n|upkeep\n|\n|t:|1700953255\n|switch|p2a: Pawmot|Pawmot, F|100\/100\n|turn|11\n|\n|t:|1700953271\n|move|p2a: Pawmot|Mach Punch|p1a: Ogerpon\n|-damage|p1a: Ogerpon|57\/100\n|move|p1a: Ogerpon|Knock Off|p2a: Pawmot\n|-resisted|p2a: Pawmot\n|-damage|p2a: Pawmot|70\/100\n|-enditem|p2a: Pawmot|Punching Glove|[from] move: Knock Off|[of] p1a: Ogerpon\n|\n|upkeep\n|turn|12\n|\n|t:|1700953285\n|move|p1a: Ogerpon|Protect|p1a: Ogerpon\n|-singleturn|p1a: Ogerpon|Protect\n|move|p2a: Pawmot|Mach Punch|p1a: Ogerpon\n|-activate|p1a: Ogerpon|move: Protect\n|\n|upkeep\n|turn|13\n|\n|t:|1700953294\n|move|p1a: Ogerpon|Quick Attack|p2a: Pawmot\n|-damage|p2a: Pawmot|46\/100\n|move|p2a: Pawmot|Mach Punch|p1a: Ogerpon\n|-damage|p1a: Ogerpon|26\/100\n|\n|upkeep\n|turn|14\n|\n|t:|1700953300\n|move|p2a: Pawmot|Mach Punch|p1a: Ogerpon\n|-damage|p1a: Ogerpon|0 fnt\n|faint|p1a: Ogerpon\n|\n|upkeep\n|\n|t:|1700953308\n|switch|p1a: Dragonite|Dragonite, F|100\/100\n|-damage|p1a: Dragonite|75\/100|[from] Stealth Rock\n|turn|15\n|\n|t:|1700953316\n|move|p1a: Dragonite|Protect|p1a: Dragonite\n|-singleturn|p1a: Dragonite|Protect\n|move|p2a: Pawmot|Ice Punch|p1a: Dragonite\n|-activate|p1a: Dragonite|move: Protect\n|\n|-heal|p1a: Dragonite|82\/100|[from] item: Leftovers\n|upkeep\n|turn|16\n|\n|t:|1700953325\n|move|p1a: Dragonite|Extreme Speed|p2a: Pawmot\n|-damage|p2a: Pawmot|0 fnt\n|faint|p2a: Pawmot\n|\n|-heal|p1a: Dragonite|88\/100|[from] item: Leftovers\n|upkeep\n|\n|t:|1700953330\n|switch|p2a: Lycanroc|Lycanroc-Dusk, M, shiny|100\/100\n|turn|17\n|\n|t:|1700953339\n|-terastallize|p2a: Lycanroc|Rock\n|move|p2a: Lycanroc|Accelerock|p1a: Dragonite\n|-supereffective|p1a: Dragonite\n|-damage|p1a: Dragonite|0 fnt\n|faint|p1a: Dragonite\n|\n|upkeep\n|\n|t:|1700953345\n|switch|p1a: Meowscarada|Meowscarada, F|8\/100\n|-damage|p1a: Meowscarada|0 fnt|[from] Stealth Rock\n|faint|p1a: Meowscarada\n|\n|win|Khryce\n|raw|baII_3r's rating: 1105 &rarr; <strong>1075<\/strong><br \/>(-30 for losing)\n|raw|Khryce's rating: 1033 &rarr; <strong>1075<\/strong><br \/>(+42 for winning)\n|l|\u2606baII_3r\n","uploadtime":1700953352,"views":1,"p1id":"baii3r","p2id":"khryce","formatid":"gen9anythinggoes","rating":1075,"private":0,"password":""}