{"id":"gen9anythinggoes-1973210300","p1":"Duthy","p2":"bgregory32207","format":"[Gen 9] Anything Goes","log":"|j|\u2606Duthy\n|j|\u2606bgregory32207\n|t:|1697939824\n|gametype|singles\n|player|p1|Duthy|gentleman-gen4|1000\n|player|p2|bgregory32207|1|1040\n|teamsize|p1|6\n|teamsize|p2|6\n|gen|9\n|tier|[Gen 9] Anything Goes\n|rated|\n|rule|HP Percentage Mod: HP is shown in percentages\n|rule|Endless Battle Clause: Forcing endless battles is banned\n|clearpoke\n|poke|p1|Calyrex-Shadow|\n|poke|p1|Goodra-Hisui, F|\n|poke|p1|Annihilape, F|\n|poke|p1|Iron Bundle|\n|poke|p1|Scizor, F|\n|poke|p1|Iron Moth|\n|poke|p2|Greninja-*, F|\n|poke|p2|Lycanroc-Dusk, F|\n|poke|p2|Kingambit, F|\n|poke|p2|Calyrex-Shadow|\n|poke|p2|Talonflame, M|\n|poke|p2|Meowscarada, F|\n|teampreview\n|j| Mattattac\n|\n|t:|1697939828\n|start\n|switch|p1a: Calyrex|Calyrex-Shadow|100\/100\n|switch|p2a: Greninja|Greninja, F|100\/100\n|-ability|p1a: Calyrex|As One\n|-ability|p1a: Calyrex|Unnerve\n|turn|1\n|\n|t:|1697939839\n|move|p1a: Calyrex|Nasty Plot|p1a: Calyrex\n|-boost|p1a: Calyrex|spa|2\n|move|p2a: Greninja|Gunk Shot|p1a: Calyrex\n|-resisted|p1a: Calyrex\n|-damage|p1a: Calyrex|85\/100\n|\n|upkeep\n|turn|2\n|\n|t:|1697939850\n|-terastallize|p2a: Greninja|Water\n|move|p1a: Calyrex|Astral Barrage|p2a: Greninja\n|-damage|p2a: Greninja|0 fnt\n|faint|p2a: Greninja\n|-ability|p1a: Calyrex|Grim Neigh|boost\n|-boost|p1a: Calyrex|spa|1\n|\n|upkeep\n|\n|t:|1697939861\n|switch|p2a: Lycanroc|Lycanroc-Dusk, F|100\/100\n|turn|3\n|\n|t:|1697939868\n|move|p1a: Calyrex|Astral Barrage|p2a: Lycanroc\n|-damage|p2a: Lycanroc|0 fnt\n|faint|p2a: Lycanroc\n|-ability|p1a: Calyrex|Grim Neigh|boost\n|-boost|p1a: Calyrex|spa|1\n|\n|upkeep\n|\n|t:|1697939871\n|switch|p2a: Calyrex|Calyrex-Shadow|100\/100\n|-ability|p2a: Calyrex|As One\n|-ability|p2a: Calyrex|Unnerve\n|turn|4\n|\n|t:|1697939880\n|move|p1a: Calyrex|Astral Barrage|p2a: Calyrex\n|-supereffective|p2a: Calyrex\n|-damage|p2a: Calyrex|0 fnt\n|faint|p2a: Calyrex\n|-ability|p1a: Calyrex|Grim Neigh|boost\n|-boost|p1a: Calyrex|spa|1\n|\n|upkeep\n|\n|t:|1697939888\n|switch|p2a: Meowscarada|Meowscarada, F|100\/100\n|turn|5\n|\n|t:|1697939891\n|move|p1a: Calyrex|Astral Barrage|p2a: Meowscarada\n|-resisted|p2a: Meowscarada\n|-damage|p2a: Meowscarada|0 fnt\n|faint|p2a: Meowscarada\n|-ability|p1a: Calyrex|Grim Neigh|boost\n|-boost|p1a: Calyrex|spa|1\n|\n|upkeep\n|\n|t:|1697939893\n|switch|p2a: Talonflame|Talonflame, M|100\/100\n|turn|6\n|inactive|Battle timer is ON: inactive players will automatically lose when time's up. (requested by bgregory32207)\n|inactiveoff|Battle timer is now OFF.\n|\n|t:|1697939903\n|move|p1a: Calyrex|Astral Barrage|p2a: Talonflame\n|-damage|p2a: Talonflame|0 fnt\n|faint|p2a: Talonflame\n|\n|upkeep\n|\n|t:|1697939905\n|switch|p2a: Kingambit|Kingambit, F|100\/100\n|-activate|p2a: Kingambit|ability: Supreme Overlord\n|-start|p2a: Kingambit|fallen5|[silent]\n|turn|7\n|\n|t:|1697939913\n|move|p1a: Calyrex|Astral Barrage|p2a: Kingambit\n|-resisted|p2a: Kingambit\n|-damage|p2a: Kingambit|0 fnt\n|faint|p2a: Kingambit\n|-end|p2a: Kingambit|fallen5|[silent]\n|\n|win|Duthy\n|raw|Duthy's rating: 1000 &rarr; <strong>1045<\/strong><br \/>(+45 for winning)\n|raw|bgregory32207's rating: 1040 &rarr; <strong>1022<\/strong><br \/>(-18 for losing)\n|c|\u2606Duthy|Gg\n|l|\u2606bgregory32207\n|l|\u2606Duthy\n","uploadtime":1697940020,"views":6,"p1id":"duthy","p2id":"bgregory32207","formatid":"gen9anythinggoes","rating":1022,"private":0,"password":""}