{"id":"gen9anythinggoes-1993455826","p1":"Okutum","p2":"NachoDestroyer37","format":"[Gen 9] Anything Goes","log":"|j|\u2606Okutum\n|j|\u2606NachoDestroyer37\n|t:|1700320088\n|gametype|singles\n|player|p1|Okutum|medium|\n|player|p2|NachoDestroyer37|n|\n|teamsize|p1|6\n|teamsize|p2|6\n|gen|9\n|tier|[Gen 9] Anything Goes\n|rule|HP Percentage Mod: HP is shown in percentages\n|rule|Endless Battle Clause: Forcing endless battles is banned\n|clearpoke\n|poke|p1|Hariyama, F|\n|poke|p1|Iron Moth|\n|poke|p1|Milotic, F|\n|poke|p1|Sneasler, F|\n|poke|p1|Avalugg, M|\n|poke|p1|Scream Tail|\n|poke|p2|Slowking-Galar, M|\n|poke|p2|Kingambit, M|\n|poke|p2|Gliscor, F|\n|poke|p2|Volcanion|\n|poke|p2|Florges-Yellow, F|\n|poke|p2|Zapdos|\n|teampreview\n|c|\u2606Okutum|una cosa\n|c|\u2606NachoDestroyer37|dime\n|c|\u2606Okutum|el timer lo quieres dejar puesto o quitado\n|c|\u2606NachoDestroyer37|quitado\n|c|\u2606NachoDestroyer37|que a veces hay problemas de conexion\n|c|\u2606Okutum|ok\n|c|\u2606NachoDestroyer37|y se puede joder\n|c|\u2606Okutum|pues nada tio\n|c|\u2606Okutum|suerte\n|c|\u2606NachoDestroyer37|igualmente\n|\n|t:|1700320156\n|start\n|switch|p1a: Hariyama|Hariyama, F|100\/100\n|switch|p2a: EnemigoFornite|Volcanion|100\/100\n|turn|1\n|\n|t:|1700320198\n|switch|p2a: Fentanilo eono|Slowking-Galar, M|100\/100\n|move|p1a: Hariyama|Fake Out|p2a: Fentanilo eono\n|-damage|p2a: Fentanilo eono|87\/100\n|\n|-status|p1a: Hariyama|brn|[from] item: Flame Orb\n|upkeep\n|turn|2\n|\n|t:|1700320237\n|switch|p2a: Folagor putero|Gliscor, F|100\/100\n|-terastallize|p1a: Hariyama|Normal\n|move|p1a: Hariyama|Facade|p2a: Folagor putero\n|-damage|p2a: Folagor putero|43\/100\n|\n|-damage|p1a: Hariyama|94\/100 brn|[from] brn\n|-status|p2a: Folagor putero|tox|[from] item: Toxic Orb\n|upkeep\n|turn|3\n|\n|t:|1700320254\n|switch|p1a: Scream Tail|Scream Tail|100\/100\n|move|p2a: Folagor putero|Protect||[still]\n|-fail|p2a: Folagor putero\n|\n|-heal|p2a: Folagor putero|55\/100 tox|[from] ability: Poison Heal\n|upkeep\n|turn|4\n|\n|t:|1700320267\n|move|p1a: Scream Tail|Encore|p2a: Folagor putero\n|-start|p2a: Folagor putero|Encore\n|move|p2a: Folagor putero|Protect||[still]\n|-fail|p2a: Folagor putero\n|\n|-heal|p2a: Folagor putero|68\/100 tox|[from] ability: Poison Heal\n|upkeep\n|turn|5\n|\n|t:|1700320288\n|switch|p2a: EnemigoFornite|Volcanion|100\/100\n|move|p1a: Scream Tail|Stealth Rock|p2a: EnemigoFornite\n|-sidestart|p2: NachoDestroyer37|move: Stealth Rock\n|\n|upkeep\n|turn|6\n|\n|t:|1700320327\n|move|p1a: Scream Tail|Perish Song|p1a: Scream Tail\n|-start|p1a: Scream Tail|perish3|[silent]\n|-start|p2a: EnemigoFornite|perish3|[silent]\n|-fieldactivate|move: Perish Song\n|move|p2a: EnemigoFornite|Sludge Bomb|p1a: Scream Tail\n|-supereffective|p1a: Scream Tail\n|-damage|p1a: Scream Tail|32\/100\n|\n|-heal|p1a: Scream Tail|39\/100|[from] item: Leftovers\n|-start|p1a: Scream Tail|perish3\n|-start|p2a: EnemigoFornite|perish3\n|upkeep\n|turn|7\n|\n|t:|1700320361\n|-end|p1a: Scream Tail|Protosynthesis|[silent]\n|switch|p1a: Milotic|Milotic, F|100\/100\n|switch|p2a: Fentanilo eono|Slowking-Galar, M|100\/100\n|-damage|p2a: Fentanilo eono|88\/100|[from] Stealth Rock\n|\n|upkeep\n|turn|8\n|\n|t:|1700320375\n|move|p1a: Milotic|Ice Beam|p2a: Fentanilo eono\n|-damage|p2a: Fentanilo eono|77\/100\n|move|p2a: Fentanilo eono|Sludge Bomb|p1a: Milotic\n|-crit|p1a: Milotic\n|-damage|p1a: Milotic|66\/100\n|\n|-heal|p1a: Milotic|72\/100|[from] item: Leftovers\n|upkeep\n|turn|9\n|\n|t:|1700320385\n|move|p1a: Milotic|Scald|p2a: Fentanilo eono\n|-damage|p2a: Fentanilo eono|64\/100\n|move|p2a: Fentanilo eono|Sludge Bomb|p1a: Milotic\n|-damage|p1a: Milotic|49\/100\n|\n|-heal|p1a: Milotic|55\/100|[from] item: Leftovers\n|upkeep\n|turn|10\n|\n|t:|1700320405\n|move|p1a: Milotic|Recover|p1a: Milotic\n|-heal|p1a: Milotic|100\/100\n|move|p2a: Fentanilo eono|Sludge Bomb|p1a: Milotic\n|-damage|p1a: Milotic|80\/100\n|\n|-heal|p1a: Milotic|86\/100|[from] item: Leftovers\n|upkeep\n|turn|11\n|\n|t:|1700320428\n|switch|p2a: 3 papele|Florges-Yellow, F|100\/100\n|-damage|p2a: 3 papele|88\/100|[from] Stealth Rock\n|move|p1a: Milotic|Scald|p2a: 3 papele\n|-crit|p2a: 3 papele\n|-damage|p2a: 3 papele|53\/100\n|\n|-heal|p1a: Milotic|92\/100|[from] item: Leftovers\n|-heal|p2a: 3 papele|59\/100|[from] item: Leftovers\n|upkeep\n|turn|12\n|\n|t:|1700320438\n|switch|p1a: Iron Moth|Iron Moth|100\/100\n|-item|p1a: Iron Moth|Air Balloon\n|move|p2a: 3 papele|Wish|p2a: 3 papele\n|\n|-heal|p2a: 3 papele|65\/100|[from] item: Leftovers\n|upkeep\n|turn|13\n|\n|t:|1700320450\n|move|p2a: 3 papele|Protect|p2a: 3 papele\n|-singleturn|p2a: 3 papele|Protect\n|move|p1a: Iron Moth|Fiery Dance|p2a: 3 papele\n|-activate|p2a: 3 papele|move: Protect\n|\n|-heal|p2a: 3 papele|100\/100|[from] move: Wish|[wisher] 3 papele\n|upkeep\n|turn|14\n|\n|t:|1700320469\n|switch|p2a: EnemigoFornite|Volcanion|100\/100\n|-damage|p2a: EnemigoFornite|76\/100|[from] Stealth Rock\n|move|p1a: Iron Moth|Sludge Wave|p2a: EnemigoFornite\n|-damage|p2a: EnemigoFornite|13\/100\n|\n|upkeep\n|turn|15\n|\n|t:|1700320489\n|move|p1a: Iron Moth|Fiery Dance|p2a: EnemigoFornite\n|-resisted|p2a: EnemigoFornite\n|-damage|p2a: EnemigoFornite|0 fnt\n|faint|p2a: EnemigoFornite\n|\n|upkeep\n|\n|t:|1700320504\n|switch|p2a: Fentanilo eono|Slowking-Galar, M|97\/100\n|-damage|p2a: Fentanilo eono|85\/100|[from] Stealth Rock\n|turn|16\n|\n|t:|1700320518\n|-end|p1a: Iron Moth|Quark Drive|[silent]\n|switch|p1a: Milotic|Milotic, F|92\/100\n|move|p2a: Fentanilo eono|Future Sight|p1a: Milotic\n|-start|p2a: Fentanilo eono|move: Future Sight\n|\n|-heal|p1a: Milotic|98\/100|[from] item: Leftovers\n|upkeep\n|turn|17\n|\n|t:|1700320526\n|move|p1a: Milotic|Wrap|p2a: Fentanilo eono\n|-damage|p2a: Fentanilo eono|83\/100\n|-activate|p2a: Fentanilo eono|move: Wrap|[of] p1a: Milotic\n|move|p2a: Fentanilo eono|Sludge Bomb|p1a: Milotic\n|-damage|p1a: Milotic|77\/100\n|\n|-heal|p1a: Milotic|83\/100|[from] item: Leftovers\n|-damage|p2a: Fentanilo eono|70\/100|[from] move: Wrap|[partiallytrapped]\n|upkeep\n|turn|18\n|\n|t:|1700320541\n|move|p1a: Milotic|Scald|p2a: Fentanilo eono\n|-damage|p2a: Fentanilo eono|56\/100\n|move|p2a: Fentanilo eono|Sludge Bomb|p1a: Milotic\n|-damage|p1a: Milotic|61\/100\n|\n|-end|p1a: Milotic|move: Future Sight\n|-damage|p1a: Milotic|34\/100\n|-heal|p1a: Milotic|40\/100|[from] item: Leftovers\n|-damage|p2a: Fentanilo eono|44\/100|[from] move: Wrap|[partiallytrapped]\n|upkeep\n|turn|19\n|\n|t:|1700320552\n|move|p1a: Milotic|Recover|p1a: Milotic\n|-heal|p1a: Milotic|90\/100\n|move|p2a: Fentanilo eono|Sludge Bomb|p1a: Milotic\n|-damage|p1a: Milotic|70\/100\n|\n|-heal|p1a: Milotic|76\/100|[from] item: Leftovers\n|-damage|p2a: Fentanilo eono|31\/100|[from] move: Wrap|[partiallytrapped]\n|upkeep\n|turn|20\n|\n|t:|1700320561\n|move|p1a: Milotic|Scald|p2a: Fentanilo eono\n|-damage|p2a: Fentanilo eono|18\/100\n|move|p2a: Fentanilo eono|Sludge Bomb|p1a: Milotic\n|-damage|p1a: Milotic|53\/100\n|\n|-heal|p1a: Milotic|59\/100|[from] item: Leftovers\n|-damage|p2a: Fentanilo eono|6\/100|[from] move: Wrap|[partiallytrapped]\n|upkeep\n|turn|21\n|\n|t:|1700320593\n|move|p1a: Milotic|Recover|p1a: Milotic\n|-heal|p1a: Milotic|100\/100\n|move|p2a: Fentanilo eono|Sludge Bomb|p1a: Milotic\n|-damage|p1a: Milotic|81\/100\n|\n|-heal|p1a: Milotic|87\/100|[from] item: Leftovers\n|-end|p2a: Fentanilo eono|Wrap|[partiallytrapped]\n|upkeep\n|turn|22\n|\n|t:|1700320615\n|switch|p2a: Bombardeen la US|Zapdos|100\/100\n|move|p1a: Milotic|Ice Beam|p2a: Bombardeen la US\n|-supereffective|p2a: Bombardeen la US\n|-damage|p2a: Bombardeen la US|42\/100\n|\n|-heal|p1a: Milotic|93\/100|[from] item: Leftovers\n|upkeep\n|turn|23\n|\n|t:|1700320631\n|move|p2a: Bombardeen la US|Roost|p2a: Bombardeen la US\n|-heal|p2a: Bombardeen la US|92\/100\n|-singleturn|p2a: Bombardeen la US|move: Roost\n|move|p1a: Milotic|Ice Beam|p2a: Bombardeen la US\n|-damage|p2a: Bombardeen la US|61\/100\n|\n|-heal|p1a: Milotic|99\/100|[from] item: Leftovers\n|upkeep\n|turn|24\n|\n|t:|1700320640\n|move|p2a: Bombardeen la US|Roost|p2a: Bombardeen la US\n|-heal|p2a: Bombardeen la US|100\/100\n|-singleturn|p2a: Bombardeen la US|move: Roost\n|move|p1a: Milotic|Ice Beam|p2a: Bombardeen la US\n|-damage|p2a: Bombardeen la US|69\/100\n|\n|-heal|p1a: Milotic|100\/100|[from] item: Leftovers\n|upkeep\n|turn|25\n|\n|t:|1700320668\n|move|p2a: Bombardeen la US|Thunderbolt|p1a: Milotic\n|-supereffective|p1a: Milotic\n|-damage|p1a: Milotic|41\/100\n|move|p1a: Milotic|Wrap|p2a: Bombardeen la US\n|-damage|p2a: Bombardeen la US|67\/100\n|-activate|p2a: Bombardeen la US|move: Wrap|[of] p1a: Milotic\n|\n|-heal|p1a: Milotic|47\/100|[from] item: Leftovers\n|-damage|p2a: Bombardeen la US|54\/100|[from] move: Wrap|[partiallytrapped]\n|upkeep\n|turn|26\n|\n|t:|1700320680\n|switch|p1a: Scream Tail|Scream Tail|39\/100\n|move|p2a: Bombardeen la US|Volt Switch|p1a: Scream Tail\n|-damage|p1a: Scream Tail|14\/100\n|\n|t:|1700320716\n|switch|p2a: Fentanilo eono|Slowking-Galar, M|39\/100|[from] Volt Switch\n|-damage|p2a: Fentanilo eono|27\/100|[from] Stealth Rock\n|\n|-heal|p1a: Scream Tail|20\/100|[from] item: Leftovers\n|upkeep\n|turn|27\n|\n|t:|1700320731\n|-end|p1a: Scream Tail|Protosynthesis|[silent]\n|switch|p1a: Hariyama|Hariyama, F, tera:Normal|94\/100 brn\n|switch|p2a: NoMeSentaoEnTolDia|Kingambit, M|100\/100\n|-damage|p2a: NoMeSentaoEnTolDia|94\/100|[from] Stealth Rock\n|-activate|p2a: NoMeSentaoEnTolDia|ability: Supreme Overlord\n|-start|p2a: NoMeSentaoEnTolDia|fallen1|[silent]\n|\n|-damage|p1a: Hariyama|88\/100 brn|[from] brn\n|upkeep\n|turn|28\n|\n|t:|1700320749\n|-end|p2a: NoMeSentaoEnTolDia|fallen1|[silent]\n|switch|p2a: Folagor putero|Gliscor, F|68\/100 tox\n|-damage|p2a: Folagor putero|55\/100 tox|[from] Stealth Rock\n|move|p1a: Hariyama|Drain Punch|p2a: Folagor putero\n|-resisted|p2a: Folagor putero\n|-damage|p2a: Folagor putero|39\/100 tox\n|-heal|p1a: Hariyama|94\/100 brn|[from] drain|[of] p2a: Folagor putero\n|\n|-heal|p2a: Folagor putero|52\/100 tox|[from] ability: Poison Heal\n|-damage|p1a: Hariyama|88\/100 brn|[from] brn\n|upkeep\n|turn|29\n|\n|t:|1700320770\n|switch|p1a: Milotic|Milotic, F|47\/100\n|move|p2a: Folagor putero|Stealth Rock|p1a: Milotic\n|-sidestart|p1: Okutum|move: Stealth Rock\n|\n|-heal|p1a: Milotic|53\/100|[from] item: Leftovers\n|-heal|p2a: Folagor putero|64\/100 tox|[from] ability: Poison Heal\n|upkeep\n|turn|30\n|\n|t:|1700320788\n|switch|p2a: Bombardeen la US|Zapdos|54\/100\n|move|p1a: Milotic|Wrap|p2a: Bombardeen la US\n|-crit|p2a: Bombardeen la US\n|-damage|p2a: Bombardeen la US|50\/100\n|-activate|p2a: Bombardeen la US|move: Wrap|[of] p1a: Milotic\n|\n|-heal|p1a: Milotic|59\/100|[from] item: Leftovers\n|-damage|p2a: Bombardeen la US|38\/100|[from] move: Wrap|[partiallytrapped]\n|upkeep\n|turn|31\n|\n|t:|1700320802\n|move|p2a: Bombardeen la US|Roost|p2a: Bombardeen la US\n|-heal|p2a: Bombardeen la US|88\/100\n|-singleturn|p2a: Bombardeen la US|move: Roost\n|move|p1a: Milotic|Ice Beam|p2a: Bombardeen la US\n|-damage|p2a: Bombardeen la US|58\/100\n|-status|p2a: Bombardeen la US|frz\n|\n|-heal|p1a: Milotic|65\/100|[from] item: Leftovers\n|-damage|p2a: Bombardeen la US|45\/100 frz|[from] move: Wrap|[partiallytrapped]\n|upkeep\n|turn|32\n|\n|t:|1700320813\n|cant|p2a: Bombardeen la US|frz\n|move|p1a: Milotic|Recover|p1a: Milotic\n|-heal|p1a: Milotic|100\/100\n|\n|-damage|p2a: Bombardeen la US|33\/100 frz|[from] move: Wrap|[partiallytrapped]\n|upkeep\n|turn|33\n|\n|t:|1700320821\n|cant|p2a: Bombardeen la US|frz\n|move|p1a: Milotic|Scald|p2a: Bombardeen la US\n|-damage|p2a: Bombardeen la US|0 fnt\n|faint|p2a: Bombardeen la US\n|\n|upkeep\n|\n|t:|1700320837\n|switch|p2a: 3 papele|Florges-Yellow, F|100\/100\n|-damage|p2a: 3 papele|88\/100|[from] Stealth Rock\n|turn|34\n|\n|t:|1700320847\n|switch|p1a: Iron Moth|Iron Moth|100\/100\n|-damage|p1a: Iron Moth|76\/100|[from] Stealth Rock\n|-item|p1a: Iron Moth|Air Balloon\n|move|p2a: 3 papele|Calm Mind|p2a: 3 papele\n|-boost|p2a: 3 papele|spa|1\n|-boost|p2a: 3 papele|spd|1\n|\n|-heal|p2a: 3 papele|94\/100|[from] item: Leftovers\n|upkeep\n|turn|35\n|\n|t:|1700320872\n|switch|p2a: Fentanilo eono|Slowking-Galar, M|60\/100\n|-damage|p2a: Fentanilo eono|47\/100|[from] Stealth Rock\n|move|p1a: Iron Moth|Sludge Wave|p2a: Fentanilo eono\n|-resisted|p2a: Fentanilo eono\n|-damage|p2a: Fentanilo eono|38\/100\n|\n|upkeep\n|turn|36\n|\n|t:|1700320899\n|-end|p1a: Iron Moth|Quark Drive|[silent]\n|switch|p1a: Scream Tail|Scream Tail|20\/100\n|-damage|p1a: Scream Tail|8\/100|[from] Stealth Rock\n|move|p2a: Fentanilo eono|Future Sight|p1a: Scream Tail\n|-start|p2a: Fentanilo eono|move: Future Sight\n|\n|-heal|p1a: Scream Tail|14\/100|[from] item: Leftovers\n|upkeep\n|turn|37\n|\n|t:|1700320962\n|switch|p2a: NoMeSentaoEnTolDia|Kingambit, M|94\/100\n|-damage|p2a: NoMeSentaoEnTolDia|88\/100|[from] Stealth Rock\n|-activate|p2a: NoMeSentaoEnTolDia|ability: Supreme Overlord\n|-start|p2a: NoMeSentaoEnTolDia|fallen2|[silent]\n|move|p1a: Scream Tail|Encore||[still]\n|-fail|p1a: Scream Tail\n|\n|-heal|p1a: Scream Tail|20\/100|[from] item: Leftovers\n|upkeep\n|turn|38\n|\n|t:|1700320980\n|move|p1a: Scream Tail|Perish Song|p1a: Scream Tail\n|-start|p1a: Scream Tail|perish3|[silent]\n|-start|p2a: NoMeSentaoEnTolDia|perish3|[silent]\n|-fieldactivate|move: Perish Song\n|move|p2a: NoMeSentaoEnTolDia|Kowtow Cleave|p1a: Scream Tail\n|-damage|p1a: Scream Tail|0 fnt\n|faint|p1a: Scream Tail\n|-end|p1a: Scream Tail|Protosynthesis|[silent]\n|\n|-hint|Future Sight did not hit because the target is fainted.\n|-start|p2a: NoMeSentaoEnTolDia|perish3\n|upkeep\n|\n|t:|1700321012\n|switch|p1a: Hariyama|Hariyama, F, tera:Normal|88\/100 brn\n|-damage|p1a: Hariyama|76\/100 brn|[from] Stealth Rock\n|turn|39\n|\n|t:|1700321035\n|-end|p2a: NoMeSentaoEnTolDia|fallen2|[silent]\n|switch|p2a: Folagor putero|Gliscor, F|64\/100 tox\n|-damage|p2a: Folagor putero|52\/100 tox|[from] Stealth Rock\n|move|p1a: Hariyama|Fake Out|p2a: Folagor putero\n|-damage|p2a: Folagor putero|34\/100 tox\n|\n|-heal|p2a: Folagor putero|46\/100 tox|[from] ability: Poison Heal\n|-damage|p1a: Hariyama|70\/100 brn|[from] brn\n|upkeep\n|turn|40\n|\n|t:|1700321046\n|move|p2a: Folagor putero|Protect|p2a: Folagor putero\n|-singleturn|p2a: Folagor putero|Protect\n|move|p1a: Hariyama|Facade|p2a: Folagor putero\n|-activate|p2a: Folagor putero|move: Protect\n|\n|-heal|p2a: Folagor putero|59\/100 tox|[from] ability: Poison Heal\n|-damage|p1a: Hariyama|64\/100 brn|[from] brn\n|upkeep\n|turn|41\n|\n|t:|1700321061\n|move|p2a: Folagor putero|Earthquake|p1a: Hariyama\n|-damage|p1a: Hariyama|29\/100 brn\n|move|p1a: Hariyama|Facade|p2a: Folagor putero\n|-damage|p2a: Folagor putero|2\/100 tox\n|\n|-heal|p2a: Folagor putero|14\/100 tox|[from] ability: Poison Heal\n|-damage|p1a: Hariyama|23\/100 brn|[from] brn\n|upkeep\n|turn|42\n|\n|t:|1700321083\n|move|p2a: Folagor putero|Protect|p2a: Folagor putero\n|-singleturn|p2a: Folagor putero|Protect\n|move|p1a: Hariyama|Facade|p2a: Folagor putero\n|-activate|p2a: Folagor putero|move: Protect\n|\n|-heal|p2a: Folagor putero|26\/100 tox|[from] ability: Poison Heal\n|-damage|p1a: Hariyama|17\/100 brn|[from] brn\n|upkeep\n|turn|43\n|\n|t:|1700321095\n|move|p1a: Hariyama|Bullet Punch|p2a: Folagor putero\n|-damage|p2a: Folagor putero|15\/100 tox\n|move|p2a: Folagor putero|Earthquake|p1a: Hariyama\n|-damage|p1a: Hariyama|0 fnt\n|faint|p1a: Hariyama\n|\n|-heal|p2a: Folagor putero|27\/100 tox|[from] ability: Poison Heal\n|upkeep\n|\n|t:|1700321119\n|switch|p1a: Avalugg|Avalugg, M|100\/100\n|-damage|p1a: Avalugg|76\/100|[from] Stealth Rock\n|turn|44\n|\n|t:|1700321131\n|switch|p2a: Fentanilo eono|Slowking-Galar, M|71\/100\n|-damage|p2a: Fentanilo eono|59\/100|[from] Stealth Rock\n|move|p1a: Avalugg|Ice Spinner|p2a: Fentanilo eono\n|-damage|p2a: Fentanilo eono|30\/100\n|\n|upkeep\n|turn|45\n|\n|t:|1700321138\n|move|p2a: Fentanilo eono|Flamethrower|p1a: Avalugg\n|-supereffective|p1a: Avalugg\n|-damage|p1a: Avalugg|0 fnt\n|faint|p1a: Avalugg\n|\n|upkeep\n|\n|t:|1700321151\n|switch|p1a: Sneasler|Sneasler, F|100\/100\n|-damage|p1a: Sneasler|95\/100|[from] Stealth Rock\n|-ability|p1a: Sneasler|Pressure\n|turn|46\n|\n|t:|1700321178\n|switch|p2a: Folagor putero|Gliscor, F|27\/100 tox\n|-damage|p2a: Folagor putero|15\/100 tox|[from] Stealth Rock\n|move|p1a: Sneasler|U-turn|p2a: Folagor putero\n|-resisted|p2a: Folagor putero\n|-damage|p2a: Folagor putero|3\/100 tox\n|\n|t:|1700321195\n|switch|p1a: Iron Moth|Iron Moth|76\/100|[from] U-turn\n|-damage|p1a: Iron Moth|51\/100|[from] Stealth Rock\n|-item|p1a: Iron Moth|Air Balloon\n|\n|-heal|p2a: Folagor putero|16\/100 tox|[from] ability: Poison Heal\n|upkeep\n|turn|47\n|\n|t:|1700321209\n|move|p2a: Folagor putero|Protect|p2a: Folagor putero\n|-singleturn|p2a: Folagor putero|Protect\n|move|p1a: Iron Moth|Fiery Dance|p2a: Folagor putero\n|-activate|p2a: Folagor putero|move: Protect\n|\n|-heal|p2a: Folagor putero|28\/100 tox|[from] ability: Poison Heal\n|upkeep\n|turn|48\n|\n|t:|1700321219\n|move|p1a: Iron Moth|Fiery Dance|p2a: Folagor putero\n|-damage|p2a: Folagor putero|0 fnt\n|-boost|p1a: Iron Moth|spa|1\n|faint|p2a: Folagor putero\n|\n|upkeep\n|\n|t:|1700321248\n|switch|p2a: NoMeSentaoEnTolDia|Kingambit, M|88\/100\n|-damage|p2a: NoMeSentaoEnTolDia|82\/100|[from] Stealth Rock\n|-activate|p2a: NoMeSentaoEnTolDia|ability: Supreme Overlord\n|-start|p2a: NoMeSentaoEnTolDia|fallen3|[silent]\n|turn|49\n|\n|t:|1700321256\n|-end|p1a: Iron Moth|Quark Drive|[silent]\n|switch|p1a: Milotic|Milotic, F|100\/100\n|-damage|p1a: Milotic|88\/100|[from] Stealth Rock\n|move|p2a: NoMeSentaoEnTolDia|Sucker Punch||[still]\n|-fail|p2a: NoMeSentaoEnTolDia\n|\n|-heal|p1a: Milotic|94\/100|[from] item: Leftovers\n|upkeep\n|turn|50\n|\n|t:|1700321263\n|move|p2a: NoMeSentaoEnTolDia|Swords Dance|p2a: NoMeSentaoEnTolDia\n|-boost|p2a: NoMeSentaoEnTolDia|atk|2\n|move|p1a: Milotic|Scald|p2a: NoMeSentaoEnTolDia\n|-damage|p2a: NoMeSentaoEnTolDia|41\/100\n|\n|-heal|p1a: Milotic|99\/100|[from] item: Leftovers\n|upkeep\n|turn|51\n|\n|t:|1700321287\n|move|p2a: NoMeSentaoEnTolDia|Kowtow Cleave|p1a: Milotic\n|-damage|p1a: Milotic|0 fnt\n|faint|p1a: Milotic\n|\n|upkeep\n|\n|t:|1700321293\n|switch|p1a: Sneasler|Sneasler, F|95\/100\n|-damage|p1a: Sneasler|89\/100|[from] Stealth Rock\n|-ability|p1a: Sneasler|Pressure\n|turn|52\n|\n|t:|1700321306\n|move|p2a: NoMeSentaoEnTolDia|Sucker Punch|p1a: Sneasler\n|-resisted|p1a: Sneasler\n|-damage|p1a: Sneasler|0 fnt\n|faint|p1a: Sneasler\n|\n|upkeep\n|\n|t:|1700321311\n|switch|p1a: Iron Moth|Iron Moth|51\/100\n|-damage|p1a: Iron Moth|26\/100|[from] Stealth Rock\n|-item|p1a: Iron Moth|Air Balloon\n|turn|53\n|j| pepitodechocolate\n|c|\u2606Okutum|ggs\n|\n|t:|1700321320\n|move|p2a: NoMeSentaoEnTolDia|Sucker Punch|p1a: Iron Moth\n|-damage|p1a: Iron Moth|0 fnt\n|-enditem|p1a: Iron Moth|Air Balloon\n|faint|p1a: Iron Moth\n|-end|p1a: Iron Moth|Quark Drive|[silent]\n|\n|win|NachoDestroyer37\n|c|\u2606NachoDestroyer37|gg\n","uploadtime":1700321329,"views":34,"p1id":"okutum","p2id":"nachodestroyer37","formatid":"gen9anythinggoes","rating":0,"private":0,"password":""}