{"id":"gen9anythinggoes-1977627710","p1":"Pyr0tz","p2":"idkblu3","format":"[Gen 9] Anything Goes","log":"|j|\u2606Pyr0tz\n|j|\u2606idkblu3\n|t:|1698433159\n|gametype|singles\n|player|p1|Pyr0tz|2|1127\n|player|p2|idkblu3|2|1129\n|teamsize|p1|6\n|teamsize|p2|6\n|gen|9\n|tier|[Gen 9] Anything Goes\n|rated|\n|rule|HP Percentage Mod: HP is shown in percentages\n|rule|Endless Battle Clause: Forcing endless battles is banned\n|clearpoke\n|poke|p1|Grimmsnarl, M|\n|poke|p1|Orthworm, M|\n|poke|p1|Veluza, F|\n|poke|p1|Rillaboom, F|\n|poke|p1|Samurott-Hisui, F|\n|poke|p1|Ribombee, M|\n|poke|p2|Dragapult, M|\n|poke|p2|Chi-Yu|\n|poke|p2|Landorus, M|\n|poke|p2|Annihilape, F|\n|poke|p2|Houndstone, M|\n|poke|p2|Talonflame, M|\n|teampreview\n|\n|t:|1698433165\n|start\n|switch|p1a: Grimmsnarl|Grimmsnarl, M|100\/100\n|switch|p2a: Talonflame|Talonflame, M|100\/100\n|turn|1\n|\n|t:|1698433172\n|move|p1a: Grimmsnarl|Thunder Wave|p2a: Talonflame|[miss]\n|-miss|p1a: Grimmsnarl|p2a: Talonflame\n|move|p2a: Talonflame|Will-O-Wisp|p1a: Grimmsnarl\n|-status|p1a: Grimmsnarl|brn\n|\n|-damage|p1a: Grimmsnarl|94\/100 brn|[from] brn\n|upkeep\n|turn|2\n|\n|t:|1698433187\n|move|p1a: Grimmsnarl|Taunt|p2a: Talonflame\n|-start|p2a: Talonflame|move: Taunt\n|move|p2a: Talonflame|Air Slash|p1a: Grimmsnarl\n|-damage|p1a: Grimmsnarl|81\/100 brn\n|\n|-heal|p1a: Grimmsnarl|87\/100 brn|[from] item: Leftovers\n|-damage|p1a: Grimmsnarl|81\/100 brn|[from] brn\n|upkeep\n|turn|3\n|\n|t:|1698433203\n|move|p1a: Grimmsnarl|Thunder Wave|p2a: Talonflame\n|-status|p2a: Talonflame|par\n|move|p2a: Talonflame|Aerial Ace|p1a: Grimmsnarl\n|-damage|p1a: Grimmsnarl|59\/100 brn\n|\n|-heal|p1a: Grimmsnarl|65\/100 brn|[from] item: Leftovers\n|-damage|p1a: Grimmsnarl|59\/100 brn|[from] brn\n|upkeep\n|turn|4\n|\n|t:|1698433214\n|move|p1a: Grimmsnarl|Reflect|p1a: Grimmsnarl\n|-sidestart|p1: Pyr0tz|Reflect\n|move|p2a: Talonflame|Air Slash|p1a: Grimmsnarl\n|-damage|p1a: Grimmsnarl|45\/100 brn\n|\n|-heal|p1a: Grimmsnarl|51\/100 brn|[from] item: Leftovers\n|-damage|p1a: Grimmsnarl|45\/100 brn|[from] brn\n|-end|p2a: Talonflame|move: Taunt\n|upkeep\n|turn|5\n|\n|t:|1698433223\n|move|p1a: Grimmsnarl|Light Screen|p1a: Grimmsnarl\n|-sidestart|p1: Pyr0tz|move: Light Screen\n|move|p2a: Talonflame|Air Slash|p1a: Grimmsnarl\n|-damage|p1a: Grimmsnarl|38\/100 brn\n|\n|-heal|p1a: Grimmsnarl|44\/100 brn|[from] item: Leftovers\n|-damage|p1a: Grimmsnarl|38\/100 brn|[from] brn\n|upkeep\n|turn|6\n|\n|t:|1698433240\n|switch|p1a: Orthworm|Orthworm, M|100\/100\n|cant|p2a: Talonflame|par\n|\n|upkeep\n|turn|7\n|\n|t:|1698433246\n|move|p2a: Talonflame|Will-O-Wisp|p1a: Orthworm\n|-status|p1a: Orthworm|brn\n|move|p1a: Orthworm|Shed Tail|p1a: Orthworm\n|-start|p1a: Orthworm|Substitute|[from] move: Shed Tail\n|-damage|p1a: Orthworm|50\/100 brn\n|-enditem|p1a: Orthworm|Sitrus Berry|[eat]\n|-heal|p1a: Orthworm|75\/100 brn|[from] item: Sitrus Berry\n|\n|t:|1698433254\n|switch|p1a: Veluza|Veluza, F|100\/100|[from] Shed Tail\n|\n|upkeep\n|turn|8\n|\n|t:|1698433259\n|move|p1a: Veluza|Fillet Away|p1a: Veluza\n|-boost|p1a: Veluza|atk|2\n|-boost|p1a: Veluza|spa|2\n|-boost|p1a: Veluza|spe|2\n|-damage|p1a: Veluza|50\/100\n|cant|p2a: Talonflame|par\n|\n|-sideend|p1: Pyr0tz|Reflect\n|upkeep\n|turn|9\n|\n|t:|1698433269\n|move|p1a: Veluza|Aqua Cutter|p2a: Talonflame\n|-supereffective|p2a: Talonflame\n|-damage|p2a: Talonflame|0 fnt\n|faint|p2a: Talonflame\n|\n|-sideend|p1: Pyr0tz|move: Light Screen\n|upkeep\n|\n|t:|1698433276\n|switch|p2a: Annihilape|Annihilape, F|100\/100\n|turn|10\n|\n|t:|1698433280\n|move|p1a: Veluza|Psycho Cut|p2a: Annihilape\n|-supereffective|p2a: Annihilape\n|-crit|p2a: Annihilape\n|-damage|p2a: Annihilape|0 fnt\n|faint|p2a: Annihilape\n|\n|upkeep\n|\n|t:|1698433289\n|switch|p2a: Landorus|Landorus, M|100\/100\n|turn|11\n|\n|t:|1698433294\n|move|p1a: Veluza|Aqua Cutter|p2a: Landorus\n|-supereffective|p2a: Landorus\n|-damage|p2a: Landorus|0 fnt\n|faint|p2a: Landorus\n|\n|upkeep\n|\n|t:|1698433300\n|switch|p2a: Dragapult|Dragapult, M, shiny|100\/100\n|turn|12\n|\n|t:|1698433306\n|move|p1a: Veluza|Night Slash|p2a: Dragapult\n|-supereffective|p2a: Dragapult\n|-damage|p2a: Dragapult|0 fnt\n|faint|p2a: Dragapult\n|\n|upkeep\n|\n|t:|1698433318\n|switch|p2a: Chi-Yu|Chi-Yu|100\/100\n|-ability|p2a: Chi-Yu|Beads of Ruin\n|turn|13\n|\n|t:|1698433329\n|move|p1a: Veluza|Aqua Cutter|p2a: Chi-Yu\n|-supereffective|p2a: Chi-Yu\n|-damage|p2a: Chi-Yu|0 fnt\n|faint|p2a: Chi-Yu\n|\n|upkeep\n|\n|t:|1698433338\n|switch|p2a: Houndstone|Houndstone, M|100\/100\n|turn|14\n|\n|t:|1698433344\n|-terastallize|p1a: Veluza|Dark\n|move|p1a: Veluza|Night Slash|p2a: Houndstone\n|-supereffective|p2a: Houndstone\n|-damage|p2a: Houndstone|0 fnt\n|faint|p2a: Houndstone\n|\n|win|Pyr0tz\n|raw|Pyr0tz's rating: 1127 &rarr; <strong>1152<\/strong><br \/>(+25 for winning)\n|raw|idkblu3's rating: 1129 &rarr; <strong>1104<\/strong><br \/>(-25 for losing)\n|l|\u2606idkblu3\n","uploadtime":1698433357,"views":7,"p1id":"pyr0tz","p2id":"idkblu3","formatid":"gen9anythinggoes","rating":1104,"private":0,"password":""}