{"id":"gen9anythinggoes-1978943925","p1":"Cell Mega Perfect","p2":"i'm drunk xd","format":"[Gen 9] Anything Goes","log":"|j|\u2606Cell Mega Perfect\n|j|\u2606i'm drunk xd\n|t:|1698613007\n|gametype|singles\n|player|p1|Cell Mega Perfect|skyla|1287\n|player|p2|i'm drunk xd|cynthia|1350\n|teamsize|p1|6\n|teamsize|p2|6\n|gen|9\n|tier|[Gen 9] Anything Goes\n|rated|\n|rule|HP Percentage Mod: HP is shown in percentages\n|rule|Endless Battle Clause: Forcing endless battles is banned\n|clearpoke\n|poke|p1|Arceus-Rock|\n|poke|p1|Arceus-Fairy|\n|poke|p1|Arceus-Poison|\n|poke|p1|Arceus-Dark|\n|poke|p1|Arceus-Dragon|\n|poke|p1|Arceus-Ghost|\n|poke|p2|Ogerpon, F|\n|poke|p2|Tinkaton, F|\n|poke|p2|Iron Valiant|\n|poke|p2|Gholdengo|\n|poke|p2|Grimmsnarl, M|\n|poke|p2|Miraidon|\n|teampreview\n|c|\u2606i'm drunk xd|oh\n|c|\u2606i'm drunk xd|that's a lotta arceus\n|\n|t:|1698613024\n|start\n|switch|p1a: Arceus|Arceus-Rock, shiny|100\/100\n|switch|p2a: e621|Miraidon|100\/100\n|-fieldstart|move: Electric Terrain|[from] ability: Hadron Engine|[of] p2a: e621\n|turn|1\n|c|\u2606Cell Mega Perfect|yes\n|\n|t:|1698613033\n|move|p2a: e621|Volt Switch|p1a: Arceus\n|-damage|p1a: Arceus|57\/100\n|\n|t:|1698613042\n|switch|p2a: Murder Drone|Iron Valiant, shiny|100\/100|[from] Volt Switch\n|-activate|p2a: Murder Drone|ability: Quark Drive\n|-start|p2a: Murder Drone|quarkdrivespe\n|move|p1a: Arceus|Judgment|p2a: Murder Drone\n|-resisted|p2a: Murder Drone\n|-damage|p2a: Murder Drone|40\/100\n|\n|upkeep\n|turn|2\n|\n|t:|1698613053\n|move|p2a: Murder Drone|Close Combat|p1a: Arceus\n|-supereffective|p1a: Arceus\n|-damage|p1a: Arceus|0 fnt\n|-unboost|p2a: Murder Drone|def|1\n|-unboost|p2a: Murder Drone|spd|1\n|faint|p1a: Arceus\n|\n|upkeep\n|\n|t:|1698613062\n|switch|p1a: Arceus|Arceus-Poison|100\/100\n|turn|3\n|\n|t:|1698613066\n|-end|p2a: Murder Drone|Quark Drive|[silent]\n|switch|p2a: Pawn Shop|Gholdengo, shiny|100\/100\n|move|p1a: Arceus|Judgment|p2a: Pawn Shop\n|-immune|p2a: Pawn Shop\n|\n|upkeep\n|turn|4\n|\n|t:|1698613072\n|move|p2a: Pawn Shop|Trick||[still]\n|-fail|p2a: Pawn Shop\n|move|p1a: Arceus|Perish Song|p1a: Arceus\n|-start|p1a: Arceus|perish3|[silent]\n|-immune|p2a: Pawn Shop|[from] ability: Good as Gold\n|-fieldactivate|move: Perish Song\n|\n|-start|p1a: Arceus|perish3\n|upkeep\n|turn|5\n|\n|t:|1698613083\n|switch|p2a: Drinkaton|Tinkaton, F|100\/100\n|move|p1a: Arceus|Psyshock|p2a: Drinkaton\n|-resisted|p2a: Drinkaton\n|-damage|p2a: Drinkaton|80\/100\n|\n|-start|p1a: Arceus|perish2\n|-fieldend|move: Electric Terrain\n|upkeep\n|turn|6\n|\n|t:|1698613093\n|move|p2a: Drinkaton|Stealth Rock|p1a: Arceus\n|-sidestart|p1: Cell Mega Perfect|move: Stealth Rock\n|move|p1a: Arceus|Aura Sphere|p2a: Drinkaton\n|-damage|p2a: Drinkaton|49\/100\n|\n|-start|p1a: Arceus|perish1\n|upkeep\n|turn|7\n|\n|t:|1698613102\n|switch|p2a: Pawn Shop|Gholdengo, shiny|100\/100\n|switch|p1a: Arceus|Arceus-Dark|100\/100\n|-damage|p1a: Arceus|88\/100|[from] Stealth Rock\n|\n|upkeep\n|turn|8\n|\n|t:|1698613119\n|switch|p2a: Drinkaton|Tinkaton, F|49\/100\n|move|p1a: Arceus|Calm Mind|p1a: Arceus\n|-boost|p1a: Arceus|spa|1\n|-boost|p1a: Arceus|spd|1\n|\n|upkeep\n|turn|9\n|\n|t:|1698613128\n|-terastallize|p1a: Arceus|Fairy\n|move|p2a: Drinkaton|Encore|p1a: Arceus\n|-start|p1a: Arceus|Encore\n|move|p1a: Arceus|Calm Mind|p1a: Arceus\n|-boost|p1a: Arceus|spa|1\n|-boost|p1a: Arceus|spd|1\n|\n|upkeep\n|turn|10\n|\n|t:|1698613135\n|move|p2a: Drinkaton|Gigaton Hammer|p1a: Arceus\n|-supereffective|p1a: Arceus\n|-crit|p1a: Arceus\n|-damage|p1a: Arceus|0 fnt\n|faint|p1a: Arceus\n|\n|upkeep\n|\n|t:|1698613140\n|switch|p1a: Arceus|Arceus-Ghost|100\/100\n|-damage|p1a: Arceus|88\/100|[from] Stealth Rock\n|turn|11\n|\n|t:|1698613145\n|move|p2a: Drinkaton|Knock Off|p1a: Arceus\n|-supereffective|p1a: Arceus\n|-damage|p1a: Arceus|69\/100\n|move|p1a: Arceus|Judgment|p2a: Drinkaton\n|-damage|p2a: Drinkaton|0 fnt\n|faint|p2a: Drinkaton\n|\n|upkeep\n|\n|t:|1698613164\n|switch|p2a: Kain|Grimmsnarl, M, shiny|100\/100\n|turn|12\n|\n|t:|1698613171\n|move|p2a: Kain|Light Screen|p2a: Kain\n|-sidestart|p2: i'm drunk xd|move: Light Screen\n|move|p1a: Arceus|Bug Buzz|p2a: Kain\n|-damage|p2a: Kain|83\/100\n|\n|upkeep\n|turn|13\n|\n|t:|1698613178\n|move|p2a: Kain|Reflect|p2a: Kain\n|-sidestart|p2: i'm drunk xd|Reflect\n|move|p1a: Arceus|Bug Buzz|p2a: Kain\n|-damage|p2a: Kain|67\/100\n|\n|upkeep\n|turn|14\n|\n|t:|1698613184\n|move|p2a: Kain|Parting Shot|p1a: Arceus\n|-unboost|p1a: Arceus|atk|1\n|-unboost|p1a: Arceus|spa|1\n|\n|t:|1698613189\n|switch|p2a: Cannapon|Ogerpon, F|100\/100|[from] Parting Shot\n|move|p1a: Arceus|Bug Buzz|p2a: Cannapon\n|-supereffective|p2a: Cannapon\n|-damage|p2a: Cannapon|75\/100\n|-enditem|p2a: Cannapon|Weakness Policy\n|-boost|p2a: Cannapon|atk|2|[from] item: Weakness Policy\n|-boost|p2a: Cannapon|spa|2|[from] item: Weakness Policy\n|\n|upkeep\n|turn|15\n|\n|t:|1698613199\n|-terastallize|p2a: Cannapon|Grass\n|detailschange|p2a: Cannapon|Ogerpon-Teal-Tera, F, tera:Grass\n|-ability|p2a: Cannapon|Embody Aspect (Teal)|boost\n|-boost|p2a: Cannapon|spe|1\n|move|p2a: Cannapon|Ivy Cudgel|p1a: Arceus\n|-damage|p1a: Arceus|0 fnt\n|faint|p1a: Arceus\n|\n|upkeep\n|\n|t:|1698613210\n|switch|p1a: Arceus|Arceus-Poison|100\/100\n|-damage|p1a: Arceus|88\/100|[from] Stealth Rock\n|turn|16\n|\n|t:|1698613215\n|move|p2a: Cannapon|Knock Off|p1a: Arceus\n|-damage|p1a: Arceus|60\/100\n|move|p1a: Arceus|Judgment|p2a: Cannapon\n|-supereffective|p2a: Cannapon\n|-damage|p2a: Cannapon|0 fnt\n|faint|p2a: Cannapon\n|\n|upkeep\n|c|\u2606i'm drunk xd|oh that's poison\n|c|\u2606i'm drunk xd|whoopsies\n|\n|t:|1698613233\n|switch|p2a: e621|Miraidon|100\/100\n|-fieldstart|move: Electric Terrain|[from] ability: Hadron Engine|[of] p2a: e621\n|turn|17\n|\n|t:|1698613239\n|move|p2a: e621|Draco Meteor|p1a: Arceus\n|-damage|p1a: Arceus|1\/100\n|-unboost|p2a: e621|spa|2\n|move|p1a: Arceus|Judgment|p2a: e621\n|-damage|p2a: e621|74\/100\n|\n|upkeep\n|turn|18\n|\n|t:|1698613247\n|move|p2a: e621|Draco Meteor|p1a: Arceus\n|-damage|p1a: Arceus|0 fnt\n|-unboost|p2a: e621|spa|2\n|faint|p1a: Arceus\n|\n|upkeep\n|\n|t:|1698613254\n|switch|p1a: Arceus|Arceus-Fairy|100\/100\n|-damage|p1a: Arceus|88\/100|[from] Stealth Rock\n|turn|19\n|\n|t:|1698613261\n|switch|p2a: Pawn Shop|Gholdengo, shiny|100\/100\n|move|p1a: Arceus|Judgment|p2a: Pawn Shop\n|-resisted|p2a: Pawn Shop\n|-damage|p2a: Pawn Shop|81\/100\n|\n|-sideend|p2: i'm drunk xd|move: Light Screen\n|upkeep\n|turn|20\n|\n|t:|1698613269\n|move|p2a: Pawn Shop|Trick||[still]\n|-fail|p2a: Pawn Shop\n|move|p1a: Arceus|Future Sight|p2a: Pawn Shop\n|-start|p1a: Arceus|move: Future Sight\n|\n|-sideend|p2: i'm drunk xd|Reflect\n|upkeep\n|turn|21\n|\n|t:|1698613276\n|switch|p2a: Kain|Grimmsnarl, M, shiny|67\/100\n|move|p1a: Arceus|Calm Mind|p1a: Arceus\n|-boost|p1a: Arceus|spa|1\n|-boost|p1a: Arceus|spd|1\n|\n|-fieldend|move: Electric Terrain\n|upkeep\n|turn|22\n|\n|t:|1698613282\n|move|p2a: Kain|Taunt|p1a: Arceus\n|-start|p1a: Arceus|move: Taunt\n|move|p1a: Arceus|Judgment|p2a: Kain\n|-supereffective|p2a: Kain\n|-damage|p2a: Kain|0 fnt\n|faint|p2a: Kain\n|\n|-hint|Future Sight did not hit because the target is fainted.\n|upkeep\n|\n|t:|1698613293\n|switch|p2a: Pawn Shop|Gholdengo, shiny|81\/100\n|turn|23\n|\n|t:|1698613297\n|move|p2a: Pawn Shop|Make It Rain|p1a: Arceus\n|-supereffective|p1a: Arceus\n|-damage|p1a: Arceus|34\/100\n|-unboost|p2a: Pawn Shop|spa|1\n|move|p1a: Arceus|Judgment|p2a: Pawn Shop\n|-resisted|p2a: Pawn Shop\n|-damage|p2a: Pawn Shop|27\/100\n|\n|upkeep\n|turn|24\n|\n|t:|1698613307\n|move|p2a: Pawn Shop|Make It Rain|p1a: Arceus\n|-supereffective|p1a: Arceus\n|-damage|p1a: Arceus|0 fnt\n|-unboost|p2a: Pawn Shop|spa|1\n|faint|p1a: Arceus\n|\n|upkeep\n|\n|t:|1698613313\n|switch|p1a: Arceus|Arceus-Dragon|100\/100\n|-damage|p1a: Arceus|88\/100|[from] Stealth Rock\n|turn|25\n|\n|t:|1698613320\n|switch|p2a: Murder Drone|Iron Valiant, shiny|40\/100\n|move|p1a: Arceus|Calm Mind|p1a: Arceus\n|-boost|p1a: Arceus|spa|1\n|-boost|p1a: Arceus|spd|1\n|\n|upkeep\n|turn|26\n|\n|t:|1698613327\n|move|p2a: Murder Drone|Destiny Bond|p2a: Murder Drone\n|-singlemove|p2a: Murder Drone|Destiny Bond\n|move|p1a: Arceus|Flash Cannon|p2a: Murder Drone\n|-supereffective|p2a: Murder Drone\n|-damage|p2a: Murder Drone|0 fnt\n|faint|p2a: Murder Drone\n|-activate|p2a: Murder Drone|move: Destiny Bond\n|-end|p2a: Murder Drone|Quark Drive|[silent]\n|faint|p1a: Arceus\n|\n|win|i'm drunk xd\n|raw|Cell Mega Perfect's rating: 1287 &rarr; <strong>1266<\/strong><br \/>(-21 for losing)\n|raw|i&apos;m drunk xd's rating: 1350 &rarr; <strong>1366<\/strong><br \/>(+16 for winning)\n|l|\u2606Cell Mega Perfect\n|c|\u2606i'm drunk xd|good game!\n","uploadtime":1698613345,"views":12,"p1id":"cellmegaperfect","p2id":"imdrunkxd","formatid":"gen9anythinggoes","rating":1266,"private":0,"password":""}