{"id":"gen9anythinggoes-1984278998","p1":"PhoniexSunkerns","p2":"Acronie","format":"[Gen 9] Anything Goes","log":"|j|\u2606PhoniexSunkerns\n|j|\u2606Acronie\n|t:|1699238247\n|gametype|singles\n|player|p1|PhoniexSunkerns|102|\n|player|p2|Acronie|266|\n|teamsize|p1|6\n|teamsize|p2|6\n|gen|9\n|tier|[Gen 9] Anything Goes\n|rule|HP Percentage Mod: HP is shown in percentages\n|rule|Endless Battle Clause: Forcing endless battles is banned\n|clearpoke\n|poke|p1|Munkidori, M|\n|poke|p1|Salamence, F|\n|poke|p1|Great Tusk|\n|poke|p1|Iron Leaves|\n|poke|p1|Orthworm, F|\n|poke|p1|Kleavor, F|\n|poke|p2|Blissey, F|\n|poke|p2|Zoroark-Hisui, M|\n|poke|p2|Volcanion|\n|poke|p2|Vikavolt, F|\n|poke|p2|Cyclizar, M|\n|poke|p2|Okidogi, M|\n|teampreview\n|inactive|Battle timer is ON: inactive players will automatically lose when time's up. (requested by PhoniexSunkerns)\n|\n|t:|1699238273\n|start\n|switch|p1a: Tarzan|Munkidori, M|100\/100\n|switch|p2a: Vikavolt|Vikavolt, F|100\/100\n|turn|1\n|\n|t:|1699238286\n|move|p1a: Tarzan|Fake Out|p2a: Vikavolt\n|-damage|p2a: Vikavolt|89\/100\n|cant|p2a: Vikavolt|flinch\n|\n|upkeep\n|turn|2\n|inactive|PhoniexSunkerns has 270 seconds left.\n|\n|t:|1699238322\n|move|p1a: Tarzan|U-turn|p2a: Vikavolt\n|-damage|p2a: Vikavolt|67\/100\n|-status|p2a: Vikavolt|tox|[from] ability: Toxic Chain|[of] p1a: Tarzan\n|\n|t:|1699238326\n|switch|p1a: Herobrine|Kleavor, F|100\/100|[from] U-turn\n|move|p2a: Vikavolt|Substitute|p2a: Vikavolt\n|-start|p2a: Vikavolt|Substitute\n|-damage|p2a: Vikavolt|42\/100 tox\n|\n|-damage|p2a: Vikavolt|36\/100 tox|[from] psn\n|upkeep\n|turn|3\n|inactive|PhoniexSunkerns has 270 seconds left.\n|\n|t:|1699238338\n|switch|p2a: Blissey|Blissey, F|100\/100\n|move|p1a: Herobrine|Stone Axe|p2a: Blissey\n|-damage|p2a: Blissey|45\/100\n|-sidestart|p2: Acronie|move: Stealth Rock\n|\n|upkeep\n|turn|4\n|\n|t:|1699238347\n|move|p1a: Herobrine|Stone Axe|p2a: Blissey\n|-damage|p2a: Blissey|0 fnt\n|faint|p2a: Blissey\n|\n|upkeep\n|\n|t:|1699238371\n|switch|p2a: Okidogi|Okidogi, M|100\/100\n|-damage|p2a: Okidogi|95\/100|[from] Stealth Rock\n|turn|5\n|\n|t:|1699238383\n|switch|p1a: Tarzan|Munkidori, M|100\/100\n|move|p2a: Okidogi|Close Combat|p1a: Tarzan\n|-resisted|p1a: Tarzan\n|-damage|p1a: Tarzan|75\/100\n|-unboost|p2a: Okidogi|def|1\n|-unboost|p2a: Okidogi|spd|1\n|\n|upkeep\n|turn|6\n|\n|t:|1699238407\n|switch|p2a: Vikavolt|Vikavolt, F|36\/100 tox\n|-damage|p2a: Vikavolt|11\/100 tox|[from] Stealth Rock\n|move|p1a: Tarzan|Psychic|p2a: Vikavolt\n|-damage|p2a: Vikavolt|0 fnt\n|faint|p2a: Vikavolt\n|\n|upkeep\n|inactive|Acronie has 270 seconds left.\n|\n|t:|1699238428\n|switch|p2a: Cyclizar|Cyclizar, M|100\/100\n|-damage|p2a: Cyclizar|88\/100|[from] Stealth Rock\n|turn|7\n|\n|t:|1699238438\n|move|p1a: Tarzan|U-turn|p2a: Cyclizar\n|-damage|p2a: Cyclizar|60\/100\n|\n|t:|1699238443\n|switch|p1a: Optimus Prime|Orthworm, F|100\/100|[from] U-turn\n|move|p2a: Cyclizar|Outrage|p1a: Optimus Prime\n|-resisted|p1a: Optimus Prime\n|-damage|p1a: Optimus Prime|84\/100\n|\n|upkeep\n|turn|8\n|inactive|Acronie has 270 seconds left.\n|\n|t:|1699238456\n|move|p2a: Cyclizar|Outrage|p1a: Optimus Prime|[from]lockedmove\n|-resisted|p1a: Optimus Prime\n|-damage|p1a: Optimus Prime|69\/100\n|-start|p2a: Cyclizar|confusion|[fatigue]\n|move|p1a: Optimus Prime|Spikes|p2a: Cyclizar\n|-sidestart|p2: Acronie|Spikes\n|\n|upkeep\n|turn|9\n|inactive|Acronie has 270 seconds left.\n|\n|t:|1699238470\n|-activate|p2a: Cyclizar|confusion\n|move|p2a: Cyclizar|Shed Tail|p2a: Cyclizar\n|-start|p2a: Cyclizar|Substitute|[from] move: Shed Tail\n|-damage|p2a: Cyclizar|10\/100\n|\n|t:|1699238473\n|switch|p2a: Volcanion|Volcanion|100\/100|[from] Shed Tail\n|-damage|p2a: Volcanion|76\/100|[from] Stealth Rock\n|-damage|p2a: Volcanion|63\/100|[from] Spikes\n|move|p1a: Optimus Prime|Shed Tail|p1a: Optimus Prime\n|-start|p1a: Optimus Prime|Substitute|[from] move: Shed Tail\n|-damage|p1a: Optimus Prime|19\/100\n|-enditem|p1a: Optimus Prime|Sitrus Berry|[eat]\n|-heal|p1a: Optimus Prime|44\/100|[from] item: Sitrus Berry\n|\n|t:|1699238488\n|switch|p1a: Littlefoot|Salamence, F|100\/100|[from] Shed Tail\n|\n|upkeep\n|turn|10\n|inactive|Acronie has 270 seconds left.\n|\n|t:|1699238511\n|move|p1a: Littlefoot|Earthquake|p2a: Volcanion\n|-supereffective|p2a: Volcanion\n|-end|p2a: Volcanion|Substitute\n|move|p2a: Volcanion|Heat Wave|p1a: Littlefoot\n|-resisted|p1a: Littlefoot\n|-end|p1a: Littlefoot|Substitute\n|\n|upkeep\n|turn|11\n|inactive|Acronie has 270 seconds left.\n|\n|t:|1699238548\n|move|p1a: Littlefoot|Earthquake|p2a: Volcanion\n|-supereffective|p2a: Volcanion\n|-damage|p2a: Volcanion|0 fnt\n|faint|p2a: Volcanion\n|-ability|p1a: Littlefoot|Moxie|boost\n|-boost|p1a: Littlefoot|atk|1\n|\n|upkeep\n|\n|t:|1699238557\n|switch|p2a: Okidogi|Okidogi, M|95\/100\n|-damage|p2a: Okidogi|89\/100|[from] Stealth Rock\n|-damage|p2a: Okidogi|76\/100|[from] Spikes\n|turn|12\n|\n|t:|1699238565\n|move|p1a: Littlefoot|Earthquake|p2a: Okidogi\n|-supereffective|p2a: Okidogi\n|-damage|p2a: Okidogi|0 fnt\n|faint|p2a: Okidogi\n|-ability|p1a: Littlefoot|Moxie|boost\n|-boost|p1a: Littlefoot|atk|1\n|\n|upkeep\n|\n|t:|1699238571\n|switch|p2a: Cyclizar|Cyclizar, M|100\/100\n|-damage|p2a: Cyclizar|88\/100|[from] Stealth Rock\n|-damage|p2a: Cyclizar|76\/100|[from] Spikes\n|turn|13\n|inactive|Acronie has 240 seconds left.\n|\n|t:|1699238598\n|move|p1a: Littlefoot|Earthquake|p2a: Cyclizar\n|-damage|p2a: Cyclizar|0 fnt\n|replace|p2a: Zoroark|Zoroark-Hisui, M\n|-end|p2a: Zoroark|Illusion\n|faint|p2a: Zoroark\n|-ability|p1a: Littlefoot|Moxie|boost\n|-boost|p1a: Littlefoot|atk|1\n|\n|upkeep\n|\n|t:|1699238605\n|switch|p2a: Cyclizar|Cyclizar, M|43\/100\n|-damage|p2a: Cyclizar|31\/100|[from] Stealth Rock\n|-damage|p2a: Cyclizar|19\/100|[from] Spikes\n|turn|14\n|inactive|Acronie has 240 seconds left.\n|\n|t:|1699238611\n|move|p1a: Littlefoot|Earthquake|p2a: Cyclizar\n|-damage|p2a: Cyclizar|0 fnt\n|faint|p2a: Cyclizar\n|\n|win|PhoniexSunkerns\n|l|\u2606Acronie\n","uploadtime":1699238619,"views":9,"p1id":"phoniexsunkerns","p2id":"acronie","formatid":"gen9anythinggoes","rating":0,"private":0,"password":""}