{"id":"gen9anythinggoes-1995716583","p1":"The King Dorko","p2":"CrazyBrownGuy","format":"[Gen 9] Anything Goes","log":"|j|\u2606The King Dorko\n|j|\u2606CrazyBrownGuy\n|t:|1700596563\n|gametype|singles\n|player|p1|The King Dorko|giovanni|\n|player|p2|CrazyBrownGuy|veteran|\n|teamsize|p1|6\n|teamsize|p2|6\n|gen|9\n|tier|[Gen 9] Anything Goes\n|rule|HP Percentage Mod: HP is shown in percentages\n|rule|Endless Battle Clause: Forcing endless battles is banned\n|clearpoke\n|poke|p1|Palkia-Origin|\n|poke|p1|Typhlosion-Hisui, M|\n|poke|p1|Donphan, F|\n|poke|p1|Leavanny, M|\n|poke|p1|Garganacl, F|\n|poke|p1|Kilowattrel, F|\n|poke|p2|Clefable, F|\n|poke|p2|Gastrodon-East, M|\n|poke|p2|Dusknoir, M|\n|poke|p2|Urshifu-*, F|\n|poke|p2|Cryogonal|\n|poke|p2|Appletun, M|\n|teampreview\n|inactive|Battle timer is ON: inactive players will automatically lose when time's up. (requested by The King Dorko)\n|\n|t:|1700596591\n|start\n|switch|p1a: Cell|Leavanny, M, shiny|100\/100\n|switch|p2a: SWEEP THE FEET|Urshifu-Rapid-Strike, F|100\/100\n|turn|1\n|\n|t:|1700596605\n|move|p1a: Cell|Reflect|p1a: Cell\n|-sidestart|p1: The King Dorko|Reflect\n|move|p2a: SWEEP THE FEET|U-turn|p1a: Cell\n|-supereffective|p1a: Cell\n|-damage|p1a: Cell|40\/100\n|\n|t:|1700596610\n|switch|p2a: Pink Death|Clefable, F|100\/100|[from] U-turn\n|\n|upkeep\n|turn|2\n|\n|t:|1700596629\n|move|p1a: Cell|Knock Off|p2a: Pink Death\n|-resisted|p2a: Pink Death\n|-damage|p2a: Pink Death|90\/100\n|-enditem|p2a: Pink Death|Leftovers|[from] move: Knock Off|[of] p1a: Cell\n|move|p2a: Pink Death|Night Shade|p1a: Cell\n|-damage|p1a: Cell|5\/100\n|\n|upkeep\n|turn|3\n|\n|t:|1700596637\n|move|p1a: Cell|Light Screen|p1a: Cell\n|-sidestart|p1: The King Dorko|move: Light Screen\n|move|p2a: Pink Death|Night Shade|p1a: Cell\n|-damage|p1a: Cell|0 fnt\n|faint|p1a: Cell\n|\n|upkeep\n|\n|t:|1700596655\n|switch|p1a: Piccolo|Garganacl, F, shiny|100\/100\n|turn|4\n|\n|t:|1700596667\n|move|p2a: Pink Death|Protect|p2a: Pink Death\n|-singleturn|p2a: Pink Death|Protect\n|move|p1a: Piccolo|Salt Cure|p2a: Pink Death\n|-activate|p2a: Pink Death|move: Protect\n|\n|upkeep\n|turn|5\n|\n|t:|1700596679\n|switch|p2a: Sluggy|Gastrodon-East, M|100\/100\n|move|p1a: Piccolo|Salt Cure|p2a: Sluggy\n|-resisted|p2a: Sluggy\n|-damage|p2a: Sluggy|93\/100\n|-start|p2a: Sluggy|Salt Cure\n|\n|-heal|p2a: Sluggy|99\/100|[from] item: Leftovers\n|-damage|p2a: Sluggy|74\/100|[from] Salt Cure\n|upkeep\n|turn|6\n|\n|t:|1700596699\n|switch|p1a: Goku|Palkia-Origin, shiny|100\/100\n|-ability|p1a: Goku|Pressure\n|move|p2a: Sluggy|Stealth Rock|p1a: Goku\n|-sidestart|p1: The King Dorko|move: Stealth Rock\n|\n|-heal|p2a: Sluggy|81\/100|[from] item: Leftovers\n|-damage|p2a: Sluggy|56\/100|[from] Salt Cure\n|upkeep\n|turn|7\n|inactive|The King Dorko has 270 seconds left.\n|\n|t:|1700596727\n|move|p1a: Goku|Spacial Rend|p2a: Sluggy\n|-damage|p2a: Sluggy|7\/100\n|move|p2a: Sluggy|Earth Power|p1a: Goku\n|-damage|p1a: Goku|87\/100\n|\n|-heal|p2a: Sluggy|13\/100|[from] item: Leftovers\n|-damage|p2a: Sluggy|0 fnt|[from] Salt Cure\n|faint|p2a: Sluggy\n|upkeep\n|\n|t:|1700596746\n|switch|p2a: Bubby|Appletun, M|100\/100\n|turn|8\n|inactive|The King Dorko has 270 seconds left.\n|\n|t:|1700596771\n|switch|p1a: Piccolo|Garganacl, F, shiny|100\/100\n|-damage|p1a: Piccolo|88\/100|[from] Stealth Rock\n|move|p2a: Bubby|Leech Seed|p1a: Piccolo\n|-start|p1a: Piccolo|move: Leech Seed\n|\n|-damage|p1a: Piccolo|76\/100|[from] Leech Seed|[of] p2a: Bubby\n|-sideend|p1: The King Dorko|Reflect\n|upkeep\n|turn|9\n|\n|t:|1700596779\n|move|p1a: Piccolo|Salt Cure|p2a: Bubby\n|-damage|p2a: Bubby|87\/100\n|-start|p2a: Bubby|Salt Cure\n|move|p2a: Bubby|Apple Acid|p1a: Piccolo\n|-supereffective|p1a: Piccolo\n|-damage|p1a: Piccolo|49\/100\n|-unboost|p1a: Piccolo|spd|1\n|\n|-damage|p1a: Piccolo|37\/100|[from] Leech Seed|[of] p2a: Bubby\n|-heal|p2a: Bubby|99\/100|[silent]\n|-damage|p2a: Bubby|87\/100|[from] Salt Cure\n|upkeep\n|turn|10\n|inactive|The King Dorko has 270 seconds left.\n|\n|t:|1700596800\n|switch|p1a: Vegeta|Typhlosion-Hisui, M, shiny|100\/100\n|-damage|p1a: Vegeta|75\/100|[from] Stealth Rock\n|-item|p2a: Bubby|Heavy-Duty Boots|[from] ability: Frisk|[of] p1a: Vegeta|[identify]\n|move|p2a: Bubby|Dragon Pulse|p1a: Vegeta\n|-damage|p1a: Vegeta|54\/100\n|\n|-damage|p2a: Bubby|75\/100|[from] Salt Cure\n|-sideend|p1: The King Dorko|move: Light Screen\n|upkeep\n|turn|11\n|\n|t:|1700596822\n|switch|p2a: Fat Casper|Dusknoir, M|100\/100\n|-item|p1a: Vegeta|Choice Specs|[from] ability: Frisk|[of] p2a: Fat Casper|[identify]\n|move|p1a: Vegeta|Infernal Parade|p2a: Fat Casper\n|-supereffective|p2a: Fat Casper\n|-damage|p2a: Fat Casper|41\/100\n|-enditem|p2a: Fat Casper|Red Card|[of] p1a: Vegeta\n|drag|p1a: Piccolo|Garganacl, F, shiny|37\/100\n|-damage|p1a: Piccolo|24\/100|[from] Stealth Rock\n|\n|upkeep\n|turn|12\n|\n|t:|1700596834\n|move|p2a: Fat Casper|Pain Split|p1a: Piccolo\n|-sethp|p1a: Piccolo|27\/100|[from] move: Pain Split|[silent]\n|-sethp|p2a: Fat Casper|37\/100|[from] move: Pain Split\n|move|p1a: Piccolo|Recover|p1a: Piccolo\n|-heal|p1a: Piccolo|77\/100\n|\n|upkeep\n|turn|13\n|inactive|The King Dorko has 240 seconds left.\n|\n|t:|1700596855\n|move|p2a: Fat Casper|Pain Split|p1a: Piccolo\n|-sethp|p1a: Piccolo|52\/100|[from] move: Pain Split|[silent]\n|-sethp|p2a: Fat Casper|71\/100|[from] move: Pain Split\n|move|p1a: Piccolo|Salt Cure|p2a: Fat Casper\n|-damage|p2a: Fat Casper|58\/100\n|-start|p2a: Fat Casper|Salt Cure\n|\n|-damage|p2a: Fat Casper|46\/100|[from] Salt Cure\n|upkeep\n|turn|14\n|\n|t:|1700596863\n|move|p2a: Fat Casper|Will-O-Wisp|p1a: Piccolo\n|-immune|p1a: Piccolo|[from] ability: Purifying Salt\n|move|p1a: Piccolo|Recover|p1a: Piccolo\n|-heal|p1a: Piccolo|100\/100\n|\n|-damage|p2a: Fat Casper|33\/100|[from] Salt Cure\n|upkeep\n|turn|15\n|\n|t:|1700596872\n|switch|p1a: Vegeta|Typhlosion-Hisui, M, shiny|54\/100\n|-damage|p1a: Vegeta|29\/100|[from] Stealth Rock\n|move|p2a: Fat Casper|Pain Split|p1a: Vegeta\n|-sethp|p1a: Vegeta|32\/100|[from] move: Pain Split|[silent]\n|-sethp|p2a: Fat Casper|31\/100|[from] move: Pain Split\n|\n|-damage|p2a: Fat Casper|19\/100|[from] Salt Cure\n|upkeep\n|turn|16\n|\n|t:|1700596881\n|move|p1a: Vegeta|Infernal Parade|p2a: Fat Casper\n|-supereffective|p2a: Fat Casper\n|-damage|p2a: Fat Casper|0 fnt\n|faint|p2a: Fat Casper\n|\n|upkeep\n|\n|t:|1700596888\n|switch|p2a: SWEEP THE FEET|Urshifu-Rapid-Strike, F|100\/100\n|turn|17\n|inactive|The King Dorko has 270 seconds left.\n|\n|t:|1700596898\n|move|p1a: Vegeta|Infernal Parade|p2a: SWEEP THE FEET\n|-damage|p2a: SWEEP THE FEET|35\/100\n|move|p2a: SWEEP THE FEET|Surging Strikes|p1a: Vegeta\n|-supereffective|p1a: Vegeta\n|-crit|p1a: Vegeta\n|-damage|p1a: Vegeta|0 fnt\n|faint|p1a: Vegeta\n|-hitcount|p1: Vegeta|1\n|\n|upkeep\n|inactive|The King Dorko has 270 seconds left.\n|\n|t:|1700596917\n|switch|p1a: Trunks|Donphan, F, shiny|100\/100\n|turn|18\n|\n|t:|1700596926\n|-terastallize|p1a: Trunks|Grass\n|move|p2a: SWEEP THE FEET|Surging Strikes|p1a: Trunks\n|-resisted|p1a: Trunks\n|-crit|p1a: Trunks\n|-damage|p1a: Trunks|85\/100\n|-resisted|p1a: Trunks\n|-crit|p1a: Trunks\n|-damage|p1a: Trunks|70\/100\n|-resisted|p1a: Trunks\n|-crit|p1a: Trunks\n|-damage|p1a: Trunks|55\/100\n|-hitcount|p1a: Trunks|3\n|move|p1a: Trunks|Rapid Spin|p2a: SWEEP THE FEET\n|-damage|p2a: SWEEP THE FEET|19\/100\n|-boost|p1a: Trunks|spe|1\n|-sideend|p1: The King Dorko|Stealth Rock|[from] move: Rapid Spin|[of] p1a: Trunks\n|\n|upkeep\n|turn|19\n|inactive|The King Dorko has 270 seconds left.\n|\n|t:|1700596939\n|move|p1a: Trunks|Earthquake|p2a: SWEEP THE FEET\n|-crit|p2a: SWEEP THE FEET\n|-damage|p2a: SWEEP THE FEET|0 fnt\n|faint|p2a: SWEEP THE FEET\n|\n|upkeep\n|\n|t:|1700596948\n|switch|p2a: Spicy Ice|Cryogonal|100\/100\n|turn|20\n|inactive|The King Dorko has 270 seconds left.\n|\n|t:|1700596968\n|switch|p1a: Piccolo|Garganacl, F, shiny|100\/100\n|move|p2a: Spicy Ice|Freeze-Dry|p1a: Piccolo\n|-damage|p1a: Piccolo|71\/100\n|\n|upkeep\n|turn|21\n|inactive|The King Dorko has 270 seconds left.\n|\n|t:|1700596987\n|switch|p2a: Bubby|Appletun, M|75\/100\n|move|p1a: Piccolo|Salt Cure|p2a: Bubby\n|-damage|p2a: Bubby|62\/100\n|-start|p2a: Bubby|Salt Cure\n|\n|-damage|p2a: Bubby|50\/100|[from] Salt Cure\n|upkeep\n|turn|22\n|inactive|The King Dorko has 270 seconds left.\n|\n|t:|1700596998\n|switch|p1a: Trunks|Donphan, F, shiny, tera:Grass|55\/100\n|move|p2a: Bubby|Recover|p2a: Bubby\n|-heal|p2a: Bubby|99\/100\n|\n|-damage|p2a: Bubby|88\/100|[from] Salt Cure\n|upkeep\n|turn|23\n|\n|t:|1700597006\n|move|p1a: Trunks|Knock Off|p2a: Bubby\n|-damage|p2a: Bubby|57\/100\n|-enditem|p2a: Bubby|Heavy-Duty Boots|[from] move: Knock Off|[of] p1a: Trunks\n|move|p2a: Bubby|Dragon Pulse|p1a: Trunks\n|-damage|p1a: Trunks|7\/100\n|\n|-damage|p2a: Bubby|44\/100|[from] Salt Cure\n|upkeep\n|turn|24\n|\n|t:|1700597016\n|move|p1a: Trunks|Stone Edge|p2a: Bubby\n|-damage|p2a: Bubby|13\/100\n|move|p2a: Bubby|Recover|p2a: Bubby\n|-heal|p2a: Bubby|63\/100\n|\n|-damage|p2a: Bubby|51\/100|[from] Salt Cure\n|upkeep\n|turn|25\n|\n|t:|1700597023\n|move|p1a: Trunks|Stone Edge|p2a: Bubby\n|-damage|p2a: Bubby|22\/100\n|move|p2a: Bubby|Recover|p2a: Bubby\n|-heal|p2a: Bubby|72\/100\n|\n|-damage|p2a: Bubby|59\/100|[from] Salt Cure\n|upkeep\n|turn|26\n|\n|t:|1700597029\n|move|p1a: Trunks|Stone Edge|p2a: Bubby\n|-damage|p2a: Bubby|25\/100\n|move|p2a: Bubby|Dragon Pulse|p1a: Trunks\n|-damage|p1a: Trunks|0 fnt\n|faint|p1a: Trunks\n|\n|-damage|p2a: Bubby|12\/100|[from] Salt Cure\n|upkeep\n|\n|t:|1700597046\n|switch|p1a: Goku|Palkia-Origin, shiny|87\/100\n|-ability|p1a: Goku|Pressure\n|turn|27\n|\n|t:|1700597053\n|move|p1a: Goku|Aura Sphere|p2a: Bubby\n|-damage|p2a: Bubby|0 fnt\n|faint|p2a: Bubby\n|\n|upkeep\n|\n|t:|1700597063\n|switch|p2a: Spicy Ice|Cryogonal|100\/100\n|turn|28\n|\n|t:|1700597081\n|switch|p2a: Pink Death|Clefable, F|90\/100\n|switch|p1a: Piccolo|Garganacl, F, shiny|71\/100\n|\n|upkeep\n|turn|29\n|\n|t:|1700597089\n|move|p2a: Pink Death|Night Shade|p1a: Piccolo\n|-damage|p1a: Piccolo|46\/100\n|move|p1a: Piccolo|Salt Cure|p2a: Pink Death\n|-damage|p2a: Pink Death|80\/100\n|-start|p2a: Pink Death|Salt Cure\n|\n|upkeep\n|turn|30\n|\n|t:|1700597095\n|move|p2a: Pink Death|Night Shade|p1a: Piccolo\n|-damage|p1a: Piccolo|21\/100\n|move|p1a: Piccolo|Recover|p1a: Piccolo\n|-heal|p1a: Piccolo|71\/100\n|\n|upkeep\n|turn|31\n|\n|t:|1700597109\n|move|p2a: Pink Death|Moonlight|p2a: Pink Death\n|-heal|p2a: Pink Death|100\/100\n|move|p1a: Piccolo|Recover|p1a: Piccolo\n|-heal|p1a: Piccolo|100\/100\n|\n|upkeep\n|turn|32\n|\n|t:|1700597114\n|move|p2a: Pink Death|Night Shade|p1a: Piccolo\n|-damage|p1a: Piccolo|76\/100\n|move|p1a: Piccolo|Iron Head|p2a: Pink Death\n|-supereffective|p2a: Pink Death\n|-damage|p2a: Pink Death|72\/100\n|\n|upkeep\n|turn|33\n|\n|t:|1700597120\n|move|p2a: Pink Death|Night Shade|p1a: Piccolo\n|-damage|p1a: Piccolo|51\/100\n|move|p1a: Piccolo|Iron Head|p2a: Pink Death\n|-supereffective|p2a: Pink Death\n|-damage|p2a: Pink Death|45\/100\n|\n|upkeep\n|turn|34\n|\n|t:|1700597142\n|move|p2a: Pink Death|Moonlight|p2a: Pink Death\n|-heal|p2a: Pink Death|95\/100\n|move|p1a: Piccolo|Iron Head|p2a: Pink Death\n|-supereffective|p2a: Pink Death\n|-damage|p2a: Pink Death|69\/100\n|\n|upkeep\n|turn|35\n|\n|t:|1700597148\n|move|p2a: Pink Death|Night Shade|p1a: Piccolo\n|-damage|p1a: Piccolo|26\/100\n|move|p1a: Piccolo|Iron Head|p2a: Pink Death\n|-supereffective|p2a: Pink Death\n|-damage|p2a: Pink Death|40\/100\n|\n|upkeep\n|turn|36\n|\n|t:|1700597153\n|move|p2a: Pink Death|Moonlight|p2a: Pink Death\n|-heal|p2a: Pink Death|90\/100\n|move|p1a: Piccolo|Recover|p1a: Piccolo\n|-heal|p1a: Piccolo|76\/100\n|\n|upkeep\n|turn|37\n|\n|t:|1700597159\n|move|p2a: Pink Death|Night Shade|p1a: Piccolo\n|-damage|p1a: Piccolo|51\/100\n|move|p1a: Piccolo|Iron Head|p2a: Pink Death\n|-supereffective|p2a: Pink Death\n|-damage|p2a: Pink Death|62\/100\n|\n|upkeep\n|turn|38\n|\n|t:|1700597165\n|move|p2a: Pink Death|Night Shade|p1a: Piccolo\n|-damage|p1a: Piccolo|27\/100\n|move|p1a: Piccolo|Recover|p1a: Piccolo\n|-heal|p1a: Piccolo|77\/100\n|\n|upkeep\n|turn|39\n|\n|t:|1700597170\n|move|p2a: Pink Death|Moonlight|p2a: Pink Death\n|-heal|p2a: Pink Death|100\/100\n|move|p1a: Piccolo|Iron Head|p2a: Pink Death\n|-supereffective|p2a: Pink Death\n|-damage|p2a: Pink Death|71\/100\n|\n|upkeep\n|turn|40\n|\n|t:|1700597176\n|move|p2a: Pink Death|Night Shade|p1a: Piccolo\n|-damage|p1a: Piccolo|52\/100\n|move|p1a: Piccolo|Iron Head|p2a: Pink Death\n|-supereffective|p2a: Pink Death\n|-damage|p2a: Pink Death|44\/100\n|\n|upkeep\n|turn|41\n|\n|t:|1700597181\n|move|p2a: Pink Death|Moonlight|p2a: Pink Death\n|-heal|p2a: Pink Death|94\/100\n|move|p1a: Piccolo|Iron Head|p2a: Pink Death\n|-supereffective|p2a: Pink Death\n|-damage|p2a: Pink Death|67\/100\n|\n|upkeep\n|turn|42\n|\n|t:|1700597187\n|move|p2a: Pink Death|Night Shade|p1a: Piccolo\n|-damage|p1a: Piccolo|27\/100\n|move|p1a: Piccolo|Iron Head|p2a: Pink Death\n|-supereffective|p2a: Pink Death\n|-damage|p2a: Pink Death|38\/100\n|\n|upkeep\n|turn|43\n|\n|t:|1700597192\n|move|p2a: Pink Death|Moonlight|p2a: Pink Death\n|-heal|p2a: Pink Death|88\/100\n|move|p1a: Piccolo|Recover|p1a: Piccolo\n|-heal|p1a: Piccolo|77\/100\n|\n|upkeep\n|turn|44\n|\n|t:|1700597198\n|move|p2a: Pink Death|Night Shade|p1a: Piccolo\n|-damage|p1a: Piccolo|52\/100\n|move|p1a: Piccolo|Iron Head|p2a: Pink Death\n|-supereffective|p2a: Pink Death\n|-damage|p2a: Pink Death|59\/100\n|\n|upkeep\n|turn|45\n|\n|t:|1700597205\n|move|p2a: Pink Death|Night Shade|p1a: Piccolo\n|-damage|p1a: Piccolo|28\/100\n|move|p1a: Piccolo|Iron Head|p2a: Pink Death\n|-supereffective|p2a: Pink Death\n|-damage|p2a: Pink Death|32\/100\n|\n|upkeep\n|turn|46\n|\n|t:|1700597211\n|move|p2a: Pink Death|Moonlight|p2a: Pink Death\n|-heal|p2a: Pink Death|82\/100\n|move|p1a: Piccolo|Recover|p1a: Piccolo\n|-heal|p1a: Piccolo|78\/100\n|\n|upkeep\n|turn|47\n|\n|t:|1700597216\n|move|p2a: Pink Death|Night Shade|p1a: Piccolo\n|-damage|p1a: Piccolo|53\/100\n|move|p1a: Piccolo|Iron Head|p2a: Pink Death\n|-supereffective|p2a: Pink Death\n|-crit|p2a: Pink Death\n|-damage|p2a: Pink Death|41\/100\n|\n|upkeep\n|turn|48\n|\n|t:|1700597222\n|move|p2a: Pink Death|Moonlight|p2a: Pink Death\n|-heal|p2a: Pink Death|91\/100\n|move|p1a: Piccolo|Iron Head|p2a: Pink Death\n|-supereffective|p2a: Pink Death\n|-damage|p2a: Pink Death|63\/100\n|\n|upkeep\n|turn|49\n|\n|t:|1700597228\n|move|p2a: Pink Death|Night Shade|p1a: Piccolo\n|-damage|p1a: Piccolo|28\/100\n|move|p1a: Piccolo|Iron Head|p2a: Pink Death\n|-supereffective|p2a: Pink Death\n|-damage|p2a: Pink Death|32\/100\n|\n|upkeep\n|turn|50\n|\n|t:|1700597234\n|move|p2a: Pink Death|Night Shade|p1a: Piccolo\n|-damage|p1a: Piccolo|3\/100\n|move|p1a: Piccolo|Iron Head|p2a: Pink Death\n|-supereffective|p2a: Pink Death\n|-damage|p2a: Pink Death|5\/100\n|\n|upkeep\n|turn|51\n|\n|t:|1700597242\n|move|p2a: Pink Death|Night Shade|p1a: Piccolo\n|-damage|p1a: Piccolo|0 fnt\n|faint|p1a: Piccolo\n|\n|upkeep\n|\n|t:|1700597246\n|switch|p1a: Gohan|Kilowattrel, F, shiny|100\/100\n|turn|52\n|\n|t:|1700597251\n|move|p2a: Pink Death|Protect|p2a: Pink Death\n|-singleturn|p2a: Pink Death|Protect\n|move|p1a: Gohan|Discharge|p2a: Pink Death\n|-activate|p2a: Pink Death|move: Protect\n|\n|upkeep\n|turn|53\n|\n|t:|1700597256\n|move|p1a: Gohan|Discharge|p2a: Pink Death\n|-damage|p2a: Pink Death|0 fnt\n|faint|p2a: Pink Death\n|\n|upkeep\n|\n|t:|1700597261\n|switch|p2a: Spicy Ice|Cryogonal|100\/100\n|turn|54\n|\n|t:|1700597270\n|move|p2a: Spicy Ice|Freeze-Dry|p1a: Gohan\n|-supereffective|p1a: Gohan\n|-enditem|p1a: Gohan|Focus Sash\n|-damage|p1a: Gohan|1\/100\n|move|p1a: Gohan|Discharge|p2a: Spicy Ice\n|-damage|p2a: Spicy Ice|68\/100\n|\n|upkeep\n|turn|55\n|\n|t:|1700597279\n|move|p1a: Gohan|Quick Attack|p2a: Spicy Ice\n|-damage|p2a: Spicy Ice|55\/100\n|move|p2a: Spicy Ice|Freeze-Dry|p1a: Gohan\n|-supereffective|p1a: Gohan\n|-damage|p1a: Gohan|0 fnt\n|faint|p1a: Gohan\n|\n|upkeep\n|\n|t:|1700597282\n|switch|p1a: Goku|Palkia-Origin, shiny|87\/100\n|-ability|p1a: Goku|Pressure\n|turn|56\n|\n|t:|1700597291\n|move|p2a: Spicy Ice|Freeze-Dry|p1a: Goku\n|-supereffective|p1a: Goku\n|-crit|p1a: Goku\n|-damage|p1a: Goku|0 fnt\n|faint|p1a: Goku\n|\n|win|CrazyBrownGuy\n|c|\u2606CrazyBrownGuy|GG man\n|l|\u2606The King Dorko\n|j|\u2606The King Dorko\n|player|p1|The King Dorko|giovanni\n|l|\u2606CrazyBrownGuy\n","uploadtime":1700597390,"views":35,"p1id":"thekingdorko","p2id":"crazybrownguy","formatid":"gen9anythinggoes","rating":0,"private":0,"password":""}