{"id":"gen9anythinggoes-1998634674","p1":"themanyeti","p2":"DukeGoolies","format":"[Gen 9] Anything Goes","log":"|j|\u2606themanyeti\n|j|\u2606DukeGoolies\n|t:|1700965668\n|gametype|singles\n|player|p1|themanyeti|gambler|1078\n|player|p2|DukeGoolies|2|1051\n|teamsize|p1|6\n|teamsize|p2|6\n|gen|9\n|tier|[Gen 9] Anything Goes\n|rated|\n|rule|HP Percentage Mod: HP is shown in percentages\n|rule|Endless Battle Clause: Forcing endless battles is banned\n|clearpoke\n|poke|p1|Clefable, M|\n|poke|p1|Calyrex-Shadow|\n|poke|p1|Maushold-Four|\n|poke|p1|Houndstone, F|\n|poke|p1|Cinderace, M|\n|poke|p1|Urshifu-*, F|\n|poke|p2|Dragapult, F|\n|poke|p2|Iron Moth|\n|poke|p2|Azumarill, F|\n|poke|p2|Bronzong|\n|poke|p2|Clefable, M|\n|poke|p2|Roaring Moon|\n|teampreview\n|\n|t:|1700965671\n|start\n|switch|p1a: Cinderace|Cinderace, M|100\/100\n|switch|p2a: Bronzong|Bronzong|100\/100\n|turn|1\n|\n|t:|1700965681\n|-terastallize|p2a: Bronzong|Water\n|move|p1a: Cinderace|Flame Charge|p2a: Bronzong\n|-resisted|p2a: Bronzong\n|-damage|p2a: Bronzong|91\/100\n|-boost|p1a: Cinderace|spe|1\n|move|p2a: Bronzong|Reflect|p2a: Bronzong\n|-sidestart|p2: DukeGoolies|Reflect\n|\n|upkeep\n|turn|2\n|\n|t:|1700965693\n|move|p1a: Cinderace|Will-O-Wisp|p2a: Bronzong\n|-status|p2a: Bronzong|brn\n|move|p2a: Bronzong|Light Screen|p2a: Bronzong\n|-sidestart|p2: DukeGoolies|move: Light Screen\n|\n|-damage|p2a: Bronzong|85\/100 brn|[from] brn\n|upkeep\n|turn|3\n|\n|t:|1700965699\n|move|p1a: Cinderace|Substitute|p1a: Cinderace\n|-start|p1a: Cinderace|typechange|Normal|[from] ability: Libero\n|-start|p1a: Cinderace|Substitute\n|-damage|p1a: Cinderace|76\/100\n|move|p2a: Bronzong|Tera Blast|p1a: Cinderace|[anim] Tera Blast Water\n|-end|p1a: Cinderace|Substitute\n|\n|-damage|p2a: Bronzong|78\/100 brn|[from] brn\n|upkeep\n|turn|4\n|\n|t:|1700965730\n|switch|p2a: Azumarill|Azumarill, F|100\/100\n|move|p1a: Cinderace|Flame Charge|p2a: Azumarill\n|-resisted|p2a: Azumarill\n|-damage|p2a: Azumarill|99\/100\n|-boost|p1a: Cinderace|spe|1\n|\n|upkeep\n|turn|5\n|\n|t:|1700965750\n|move|p1a: Cinderace|Will-O-Wisp|p2a: Azumarill\n|-status|p2a: Azumarill|brn\n|move|p2a: Azumarill|Brick Break|p1a: Cinderace\n|-supereffective|p1a: Cinderace\n|-damage|p1a: Cinderace|57\/100\n|\n|-damage|p2a: Azumarill|92\/100 brn|[from] brn\n|upkeep\n|turn|6\n|\n|t:|1700965761\n|move|p1a: Cinderace|Baton Pass|p1a: Cinderace\n|\n|t:|1700965764\n|switch|p1a: Clefable|Clefable, M, shiny|100\/100|[from] Baton Pass\n|move|p2a: Azumarill|Brick Break|p1a: Clefable\n|-resisted|p1a: Clefable\n|-damage|p1a: Clefable|97\/100\n|\n|-damage|p2a: Azumarill|86\/100 brn|[from] brn\n|upkeep\n|turn|7\n|\n|t:|1700965781\n|switch|p2a: Iron Moth|Iron Moth|100\/100\n|-enditem|p2a: Iron Moth|Booster Energy\n|-activate|p2a: Iron Moth|ability: Quark Drive|[fromitem]\n|-start|p2a: Iron Moth|quarkdrivespe\n|move|p1a: Clefable|Calm Mind|p1a: Clefable\n|-boost|p1a: Clefable|spa|1\n|-boost|p1a: Clefable|spd|1\n|\n|upkeep\n|turn|8\n|\n|t:|1700965801\n|move|p2a: Iron Moth|Sludge Wave|p1a: Clefable\n|-supereffective|p1a: Clefable\n|-damage|p1a: Clefable|39\/100\n|move|p1a: Clefable|Baton Pass|p1a: Clefable\n|\n|t:|1700965806\n|switch|p1a: Calyrex|Calyrex-Shadow|100\/100|[from] Baton Pass\n|-ability|p1a: Calyrex|As One\n|-ability|p1a: Calyrex|Unnerve\n|\n|-sideend|p2: DukeGoolies|Reflect\n|upkeep\n|turn|9\n|\n|t:|1700965834\n|-end|p2a: Iron Moth|Quark Drive|[silent]\n|switch|p2a: Roaring Moon|Roaring Moon|100\/100\n|move|p1a: Calyrex|Astral Barrage|p2a: Roaring Moon\n|-resisted|p2a: Roaring Moon\n|-damage|p2a: Roaring Moon|79\/100\n|\n|-sideend|p2: DukeGoolies|move: Light Screen\n|upkeep\n|turn|10\n|\n|t:|1700965854\n|move|p1a: Calyrex|Baton Pass|p1a: Calyrex\n|\n|t:|1700965856\n|switch|p1a: Clefable|Clefable, M, shiny|39\/100|[from] Baton Pass\n|move|p2a: Roaring Moon|Crunch|p1a: Clefable\n|-resisted|p1a: Clefable\n|-damage|p1a: Clefable|14\/100\n|\n|upkeep\n|turn|11\n|\n|t:|1700965897\n|-end|p2a: Roaring Moon|Protosynthesis|[silent]\n|switch|p2a: Iron Moth|Iron Moth|100\/100\n|move|p1a: Clefable|Draining Kiss|p2a: Iron Moth\n|-resisted|p2a: Iron Moth\n|-damage|p2a: Iron Moth|94\/100\n|-heal|p1a: Clefable|18\/100|[from] drain|[of] p2a: Iron Moth\n|\n|upkeep\n|turn|12\n|\n|t:|1700965915\n|move|p2a: Iron Moth|Sludge Wave|p1a: Clefable\n|-supereffective|p1a: Clefable\n|-damage|p1a: Clefable|0 fnt\n|faint|p1a: Clefable\n|\n|upkeep\n|\n|t:|1700965921\n|switch|p1a: Cinderace|Cinderace, M|57\/100\n|turn|13\n|\n|t:|1700965937\n|-end|p2a: Iron Moth|Quark Drive|[silent]\n|switch|p2a: Azumarill|Azumarill, F|86\/100 brn\n|move|p1a: Cinderace|Will-O-Wisp|p2a: Azumarill\n|-fail|p2a: Azumarill|brn\n|\n|-damage|p2a: Azumarill|80\/100 brn|[from] brn\n|upkeep\n|turn|14\n|\n|t:|1700965951\n|move|p1a: Cinderace|Baton Pass|p1a: Cinderace\n|-start|p1a: Cinderace|typechange|Normal|[from] ability: Libero\n|\n|t:|1700965953\n|switch|p1a: Maushold|Maushold-Four|100\/100|[from] Baton Pass\n|move|p2a: Azumarill|Liquidation|p1a: Maushold\n|-damage|p1a: Maushold|80\/100\n|\n|-damage|p2a: Azumarill|74\/100 brn|[from] brn\n|upkeep\n|turn|15\n|\n|t:|1700965963\n|move|p1a: Maushold|Population Bomb|p2a: Azumarill\n|-damage|p2a: Azumarill|65\/100 brn\n|-damage|p2a: Azumarill|56\/100 brn\n|-damage|p2a: Azumarill|47\/100 brn\n|-damage|p2a: Azumarill|39\/100 brn\n|-damage|p2a: Azumarill|30\/100 brn\n|-damage|p2a: Azumarill|21\/100 brn\n|-damage|p2a: Azumarill|12\/100 brn\n|-damage|p2a: Azumarill|3\/100 brn\n|-damage|p2a: Azumarill|0 fnt\n|faint|p2a: Azumarill\n|-hitcount|p2: Azumarill|9\n|\n|upkeep\n|\n|t:|1700965983\n|switch|p2a: Bronzong|Bronzong, tera:Water|78\/100 brn\n|turn|16\n|\n|t:|1700965991\n|move|p1a: Maushold|Population Bomb|p2a: Bronzong\n|-damage|p2a: Bronzong|70\/100 brn\n|-damage|p2a: Bronzong|62\/100 brn\n|-damage|p2a: Bronzong|55\/100 brn\n|-damage|p2a: Bronzong|48\/100 brn\n|-damage|p2a: Bronzong|40\/100 brn\n|-damage|p2a: Bronzong|33\/100 brn\n|-damage|p2a: Bronzong|26\/100 brn\n|-damage|p2a: Bronzong|19\/100 brn\n|-damage|p2a: Bronzong|12\/100 brn\n|-damage|p2a: Bronzong|5\/100 brn\n|-hitcount|p2a: Bronzong|10\n|move|p2a: Bronzong|Reflect|p2a: Bronzong\n|-sidestart|p2: DukeGoolies|Reflect\n|\n|-damage|p2a: Bronzong|0 fnt|[from] brn\n|faint|p2a: Bronzong\n|upkeep\n|\n|t:|1700966021\n|switch|p2a: Clefable|Clefable, M|100\/100\n|turn|17\n|\n|t:|1700966026\n|move|p1a: Maushold|Population Bomb|p2a: Clefable\n|-damage|p2a: Clefable|97\/100\n|-damage|p1a: Maushold|64\/100|[from] item: Rocky Helmet|[of] p2a: Clefable\n|-damage|p2a: Clefable|94\/100\n|-damage|p1a: Maushold|47\/100|[from] item: Rocky Helmet|[of] p2a: Clefable\n|-damage|p2a: Clefable|91\/100\n|-damage|p1a: Maushold|31\/100|[from] item: Rocky Helmet|[of] p2a: Clefable\n|-crit|p2a: Clefable\n|-damage|p2a: Clefable|82\/100\n|-damage|p1a: Maushold|14\/100|[from] item: Rocky Helmet|[of] p2a: Clefable\n|-damage|p2a: Clefable|79\/100\n|-damage|p1a: Maushold|0 fnt|[from] item: Rocky Helmet|[of] p2a: Clefable\n|faint|p1a: Maushold\n|-hitcount|p2a: Clefable|5\n|move|p2a: Clefable|Moonblast|p1: Maushold|[notarget]\n|-fail|p2a: Clefable\n|\n|upkeep\n|\n|t:|1700966041\n|switch|p1a: Cinderace|Cinderace, M|57\/100\n|turn|18\n|\n|t:|1700966052\n|move|p1a: Cinderace|Will-O-Wisp|p2a: Clefable\n|-status|p2a: Clefable|brn\n|move|p2a: Clefable|Knock Off|p1a: Cinderace\n|-damage|p1a: Cinderace|47\/100\n|-enditem|p1a: Cinderace|Heavy-Duty Boots|[from] move: Knock Off|[of] p2a: Clefable\n|\n|-damage|p2a: Clefable|73\/100 brn|[from] brn\n|upkeep\n|turn|19\n|\n|t:|1700966061\n|move|p1a: Cinderace|Flame Charge|p2a: Clefable\n|-damage|p2a: Clefable|65\/100 brn\n|-boost|p1a: Cinderace|spe|1\n|-damage|p1a: Cinderace|30\/100|[from] item: Rocky Helmet|[of] p2a: Clefable\n|move|p2a: Clefable|Moonblast|p1a: Cinderace\n|-resisted|p1a: Cinderace\n|-damage|p1a: Cinderace|7\/100\n|\n|-damage|p2a: Clefable|59\/100 brn|[from] brn\n|upkeep\n|turn|20\n|\n|t:|1700966075\n|move|p1a: Cinderace|Baton Pass|p1a: Cinderace\n|-start|p1a: Cinderace|typechange|Normal|[from] ability: Libero\n|\n|t:|1700966079\n|switch|p1a: Calyrex|Calyrex-Shadow|100\/100|[from] Baton Pass\n|-ability|p1a: Calyrex|As One\n|-ability|p1a: Calyrex|Unnerve\n|move|p2a: Clefable|Wish|p2a: Clefable\n|\n|-damage|p2a: Clefable|53\/100 brn|[from] brn\n|upkeep\n|turn|21\n|\n|t:|1700966114\n|switch|p2a: Roaring Moon|Roaring Moon|79\/100\n|move|p1a: Calyrex|Nasty Plot|p1a: Calyrex\n|-boost|p1a: Calyrex|spa|2\n|\n|-heal|p2a: Roaring Moon|100\/100|[from] move: Wish|[wisher] Clefable\n|upkeep\n|turn|22\n|\n|t:|1700966129\n|move|p1a: Calyrex|Agility|p1a: Calyrex\n|-boost|p1a: Calyrex|spe|2\n|move|p2a: Roaring Moon|Crunch|p1a: Calyrex\n|-supereffective|p1a: Calyrex\n|-enditem|p1a: Calyrex|Focus Sash\n|-damage|p1a: Calyrex|1\/100\n|-unboost|p1a: Calyrex|def|1\n|\n|upkeep\n|turn|23\n|\n|t:|1700966144\n|move|p1a: Calyrex|Baton Pass|p1a: Calyrex\n|\n|t:|1700966149\n|switch|p1a: Urshifu|Urshifu, F|100\/100|[from] Baton Pass\n|move|p2a: Roaring Moon|Dragon Dance|p2a: Roaring Moon\n|-boost|p2a: Roaring Moon|atk|1\n|-boost|p2a: Roaring Moon|spe|1\n|\n|-sideend|p2: DukeGoolies|Reflect\n|upkeep\n|turn|24\n|\n|t:|1700966191\n|move|p1a: Urshifu|Close Combat|p2a: Roaring Moon\n|-supereffective|p2a: Roaring Moon\n|-enditem|p2a: Roaring Moon|Focus Sash\n|-damage|p2a: Roaring Moon|1\/100\n|-unboost|p1a: Urshifu|def|1\n|-unboost|p1a: Urshifu|spd|1\n|move|p2a: Roaring Moon|Earthquake|p1a: Urshifu\n|-damage|p1a: Urshifu|0 fnt\n|faint|p1a: Urshifu\n|\n|upkeep\n|\n|t:|1700966199\n|switch|p1a: Cinderace|Cinderace, M|7\/100\n|turn|25\n|\n|t:|1700966214\n|move|p2a: Roaring Moon|Acrobatics|p1a: Cinderace\n|-damage|p1a: Cinderace|0 fnt\n|faint|p1a: Cinderace\n|\n|upkeep\n|\n|t:|1700966223\n|switch|p1a: Calyrex|Calyrex-Shadow|1\/100\n|-ability|p1a: Calyrex|As One\n|-ability|p1a: Calyrex|Unnerve\n|turn|26\n|\n|t:|1700966231\n|move|p2a: Roaring Moon|Acrobatics|p1a: Calyrex\n|-damage|p1a: Calyrex|0 fnt\n|faint|p1a: Calyrex\n|\n|upkeep\n|\n|t:|1700966233\n|switch|p1a: Houndstone|Houndstone, F|100\/100\n|turn|27\n|\n|t:|1700966242\n|move|p2a: Roaring Moon|Crunch|p1a: Houndstone\n|-supereffective|p1a: Houndstone\n|-damage|p1a: Houndstone|0 fnt\n|faint|p1a: Houndstone\n|\n|win|DukeGoolies\n|raw|themanyeti's rating: 1078 &rarr; <strong>1055<\/strong><br \/>(-23 for losing)\n|raw|DukeGoolies's rating: 1051 &rarr; <strong>1086<\/strong><br \/>(+35 for winning)\n","uploadtime":1700966250,"views":13,"p1id":"themanyeti","p2id":"dukegoolies","formatid":"gen9anythinggoes","rating":1055,"private":0,"password":""}