{"id":"gen9anythinggoes-1990137478","p1":"Khryce","p2":"jamie9746","format":"[Gen 9] Anything Goes","log":"|j|\u2606Khryce\n|j|\u2606jamie9746\n|t:|1699928607\n|gametype|singles\n|player|p1|Khryce|preschooler|1144\n|player|p2|jamie9746|169|1128\n|teamsize|p1|6\n|teamsize|p2|6\n|gen|9\n|tier|[Gen 9] Anything Goes\n|rated|\n|rule|HP Percentage Mod: HP is shown in percentages\n|rule|Endless Battle Clause: Forcing endless battles is banned\n|clearpoke\n|poke|p1|Sneasler, M|\n|poke|p1|Hawlucha, F|\n|poke|p1|Drifblim, M|\n|poke|p1|Grafaiai, F|\n|poke|p1|Farigiraf, M|\n|poke|p1|Tsareena, F|\n|poke|p2|Ribombee, M|\n|poke|p2|Ursaluna, F|\n|poke|p2|Farigiraf, M|\n|poke|p2|Farigiraf, M|\n|poke|p2|Calyrex-Shadow|\n|poke|p2|Cyclizar, F|\n|teampreview\n|inactive|Battle timer is ON: inactive players will automatically lose when time's up. (requested by jamie9746)\n|\n|t:|1699928617\n|start\n|switch|p1a: Grafaiai|Grafaiai, F|100\/100\n|switch|p2a: Ribombee|Ribombee, M|100\/100\n|turn|1\n|\n|t:|1699928625\n|move|p1a: Grafaiai|Toxic|p2a: Ribombee\n|-status|p2a: Ribombee|tox\n|move|p2a: Ribombee|Sticky Web|p1a: Grafaiai\n|-sidestart|p1: Khryce|move: Sticky Web\n|\n|-damage|p2a: Ribombee|94\/100 tox|[from] psn\n|upkeep\n|turn|2\n|\n|t:|1699928632\n|move|p2a: Ribombee|Stun Spore|p1a: Grafaiai\n|-status|p1a: Grafaiai|par\n|move|p1a: Grafaiai|Knock Off|p2a: Ribombee\n|-resisted|p2a: Ribombee\n|-damage|p2a: Ribombee|74\/100 tox\n|-enditem|p2a: Ribombee|Focus Sash|[from] move: Knock Off|[of] p1a: Grafaiai\n|\n|-damage|p2a: Ribombee|61\/100 tox|[from] psn\n|upkeep\n|turn|3\n|\n|t:|1699928645\n|switch|p2a: Cyclizar|Cyclizar, F|100\/100\n|cant|p1a: Grafaiai|par\n|\n|upkeep\n|turn|4\n|\n|t:|1699928651\n|move|p2a: Cyclizar|Shed Tail|p2a: Cyclizar\n|-start|p2a: Cyclizar|Substitute|[from] move: Shed Tail\n|-damage|p2a: Cyclizar|50\/100\n|-enditem|p2a: Cyclizar|Sitrus Berry|[eat]\n|-heal|p2a: Cyclizar|75\/100|[from] item: Sitrus Berry\n|\n|t:|1699928655\n|switch|p2a: Calyrex|Calyrex-Shadow|100\/100|[from] Shed Tail\n|-ability|p2a: Calyrex|As One\n|-ability|p2a: Calyrex|Unnerve\n|move|p1a: Grafaiai|Knock Off|p2a: Calyrex\n|-supereffective|p2a: Calyrex\n|-end|p2a: Calyrex|Substitute\n|\n|upkeep\n|turn|5\n|\n|t:|1699928663\n|move|p1a: Grafaiai|Parting Shot|p2a: Calyrex\n|-unboost|p2a: Calyrex|atk|1\n|-unboost|p2a: Calyrex|spa|1\n|\n|t:|1699928666\n|switch|p1a: Farigiraf|Farigiraf, M|100\/100|[from] Parting Shot\n|-activate|p1a: Farigiraf|move: Sticky Web\n|-unboost|p1a: Farigiraf|spe|1\n|move|p2a: Calyrex|Psyshock|p1a: Farigiraf\n|-resisted|p1a: Farigiraf\n|-damage|p1a: Farigiraf|79\/100\n|-damage|p2a: Calyrex|91\/100|[from] item: Life Orb\n|\n|upkeep\n|turn|6\n|\n|t:|1699928679\n|switch|p2a: Cyclizar|Cyclizar, F|100\/100\n|move|p1a: Farigiraf|Trick Room|p1a: Farigiraf\n|-fieldstart|move: Trick Room|[of] p1a: Farigiraf\n|\n|upkeep\n|turn|7\n|\n|t:|1699928685\n|-terastallize|p1a: Farigiraf|Fairy\n|move|p1a: Farigiraf|Tera Blast|p2a: Cyclizar|[anim] Tera Blast Fairy\n|-supereffective|p2a: Cyclizar\n|-damage|p2a: Cyclizar|0 fnt\n|faint|p2a: Cyclizar\n|\n|upkeep\n|\n|t:|1699928693\n|switch|p2a: Ursaluna|Ursaluna, F, shiny|100\/100\n|turn|8\n|\n|t:|1699928708\n|move|p2a: Ursaluna|Substitute|p2a: Ursaluna\n|-start|p2a: Ursaluna|Substitute\n|-damage|p2a: Ursaluna|75\/100\n|move|p1a: Farigiraf|Roar|p2a: Ursaluna\n|drag|p2a: Ribombee|Ribombee, M|61\/100 tox\n|\n|-damage|p2a: Ribombee|55\/100 tox|[from] psn\n|upkeep\n|turn|9\n|\n|t:|1699928718\n|move|p1a: Farigiraf|Tera Blast|p2a: Ribombee|[anim] Tera Blast Fairy\n|-damage|p2a: Ribombee|0 fnt\n|faint|p2a: Ribombee\n|\n|upkeep\n|\n|t:|1699928727\n|switch|p2a: Farigiraf|Farigiraf, M|100\/100\n|turn|10\n|\n|t:|1699928740\n|move|p1a: Farigiraf|Tera Blast|p2a: Farigiraf|[anim] Tera Blast Fairy\n|-damage|p2a: Farigiraf|60\/100\n|move|p2a: Farigiraf|Psychic|p1a: Farigiraf\n|-damage|p1a: Farigiraf|45\/100\n|-unboost|p1a: Farigiraf|spd|1\n|\n|-fieldend|move: Trick Room\n|upkeep\n|turn|11\n|\n|t:|1699928755\n|switch|p1a: Drifblim|Drifblim, M|100\/100\n|move|p2a: Farigiraf|Psychic|p1a: Drifblim\n|-damage|p1a: Drifblim|61\/100\n|\n|-status|p1a: Drifblim|brn|[from] item: Flame Orb\n|upkeep\n|turn|12\n|\n|t:|1699928763\n|move|p1a: Drifblim|Strength Sap|p2a: Farigiraf\n|-unboost|p2a: Farigiraf|atk|1\n|-heal|p1a: Drifblim|98\/100 brn\n|move|p2a: Farigiraf|Psychic|p1a: Drifblim\n|-damage|p1a: Drifblim|57\/100 brn\n|\n|-damage|p1a: Drifblim|51\/100 brn|[from] brn\n|upkeep\n|turn|13\n|\n|t:|1699928772\n|move|p1a: Drifblim|Air Slash|p2a: Farigiraf\n|-damage|p2a: Farigiraf|6\/100\n|move|p2a: Farigiraf|Psychic|p1a: Drifblim\n|-damage|p1a: Drifblim|15\/100 brn\n|-unboost|p1a: Drifblim|spd|1\n|\n|-damage|p1a: Drifblim|9\/100 brn|[from] brn\n|upkeep\n|turn|14\n|\n|t:|1699928780\n|move|p1a: Drifblim|Air Slash|p2a: Farigiraf\n|-damage|p2a: Farigiraf|0 fnt\n|faint|p2a: Farigiraf\n|\n|-damage|p1a: Drifblim|3\/100 brn|[from] brn\n|upkeep\n|\n|t:|1699928785\n|switch|p2a: Calyrex|Calyrex-Shadow|91\/100\n|-ability|p2a: Calyrex|As One\n|-ability|p2a: Calyrex|Unnerve\n|turn|15\n|\n|t:|1699928792\n|move|p2a: Calyrex|Astral Barrage|p1a: Drifblim\n|-supereffective|p1a: Drifblim\n|-damage|p1a: Drifblim|0 fnt\n|faint|p1a: Drifblim\n|-ability|p2a: Calyrex|Grim Neigh|boost\n|-boost|p2a: Calyrex|spa|1\n|-damage|p2a: Calyrex|81\/100|[from] item: Life Orb\n|\n|upkeep\n|\n|t:|1699928801\n|switch|p1a: Grafaiai|Grafaiai, F|100\/100 par\n|-activate|p1a: Grafaiai|move: Sticky Web\n|-unboost|p1a: Grafaiai|spe|1\n|turn|16\n|\n|t:|1699928807\n|move|p2a: Calyrex|Psyshock|p1a: Grafaiai\n|-supereffective|p1a: Grafaiai\n|-enditem|p1a: Grafaiai|Focus Sash\n|-damage|p1a: Grafaiai|1\/100 par\n|-damage|p2a: Calyrex|71\/100|[from] item: Life Orb\n|move|p1a: Grafaiai|Knock Off|p2a: Calyrex\n|-supereffective|p2a: Calyrex\n|-damage|p2a: Calyrex|0 fnt\n|-enditem|p2a: Calyrex|Life Orb|[from] move: Knock Off|[of] p1a: Grafaiai\n|faint|p2a: Calyrex\n|\n|upkeep\n|\n|t:|1699928815\n|switch|p2a: Farigiraf|Farigiraf, M|100\/100\n|turn|17\n|\n|t:|1699928820\n|move|p1a: Grafaiai|Parting Shot||[still]\n|cant|p2a: Farigiraf|ability: Armor Tail|Parting Shot|[of] p1a: Grafaiai\n|move|p2a: Farigiraf|Amnesia|p2a: Farigiraf\n|-boost|p2a: Farigiraf|spd|2\n|\n|upkeep\n|turn|18\n|\n|t:|1699928825\n|move|p2a: Farigiraf|Agility|p2a: Farigiraf\n|-boost|p2a: Farigiraf|spe|2\n|move|p1a: Grafaiai|Knock Off|p2a: Farigiraf\n|-supereffective|p2a: Farigiraf\n|-damage|p2a: Farigiraf|68\/100\n|-enditem|p2a: Farigiraf|Focus Sash|[from] move: Knock Off|[of] p1a: Grafaiai\n|\n|upkeep\n|turn|19\n|\n|t:|1699928834\n|move|p2a: Farigiraf|Agility|p2a: Farigiraf\n|-boost|p2a: Farigiraf|spe|2\n|move|p1a: Grafaiai|Foul Play|p2a: Farigiraf\n|-supereffective|p2a: Farigiraf\n|-damage|p2a: Farigiraf|42\/100\n|\n|upkeep\n|turn|20\n|\n|t:|1699928841\n|move|p2a: Farigiraf|Amnesia|p2a: Farigiraf\n|-boost|p2a: Farigiraf|spd|2\n|move|p1a: Grafaiai|Knock Off|p2a: Farigiraf\n|-supereffective|p2a: Farigiraf\n|-crit|p2a: Farigiraf\n|-damage|p2a: Farigiraf|6\/100\n|\n|upkeep\n|turn|21\n|\n|t:|1699928847\n|move|p2a: Farigiraf|Baton Pass|p2a: Farigiraf\n|\n|t:|1699928850\n|switch|p2a: Ursaluna|Ursaluna, F, shiny|75\/100|[from] Baton Pass\n|move|p1a: Grafaiai|Knock Off|p2a: Ursaluna\n|-damage|p2a: Ursaluna|61\/100\n|-enditem|p2a: Ursaluna|Sitrus Berry|[from] move: Knock Off|[of] p1a: Grafaiai\n|\n|upkeep\n|turn|22\n|\n|t:|1699928861\n|move|p1a: Grafaiai|Parting Shot|p2a: Ursaluna\n|-unboost|p2a: Ursaluna|atk|1\n|-unboost|p2a: Ursaluna|spa|1\n|\n|t:|1699928865\n|switch|p1a: Farigiraf|Farigiraf, M, tera:Fairy|45\/100|[from] Parting Shot\n|-activate|p1a: Farigiraf|move: Sticky Web\n|-unboost|p1a: Farigiraf|spe|1\n|move|p2a: Ursaluna|Earthquake|p1a: Farigiraf\n|-damage|p1a: Farigiraf|1\/100\n|\n|upkeep\n|turn|23\n|\n|t:|1699928874\n|move|p2a: Ursaluna|Earthquake|p1a: Farigiraf\n|-damage|p1a: Farigiraf|0 fnt\n|faint|p1a: Farigiraf\n|\n|upkeep\n|\n|t:|1699928885\n|switch|p1a: Grafaiai|Grafaiai, F|1\/100 par\n|-activate|p1a: Grafaiai|move: Sticky Web\n|-unboost|p1a: Grafaiai|spe|1\n|turn|24\n|\n|t:|1699928893\n|move|p1a: Grafaiai|Parting Shot|p2a: Ursaluna\n|-unboost|p2a: Ursaluna|atk|1\n|-unboost|p2a: Ursaluna|spa|1\n|\n|t:|1699928896\n|switch|p1a: Tsareena|Tsareena, F|100\/100|[from] Parting Shot\n|-activate|p1a: Tsareena|move: Sticky Web\n|-unboost|p1a: Tsareena|spe|1\n|move|p2a: Ursaluna|Earthquake|p1a: Tsareena\n|-resisted|p1a: Tsareena\n|-damage|p1a: Tsareena|85\/100\n|\n|upkeep\n|turn|25\n|\n|t:|1699928906\n|move|p2a: Ursaluna|Facade|p1a: Tsareena\n|-damage|p1a: Tsareena|63\/100\n|move|p1a: Tsareena|Rapid Spin|p2a: Ursaluna\n|-crit|p2a: Ursaluna\n|-damage|p2a: Ursaluna|40\/100\n|-boost|p1a: Tsareena|spe|1\n|-sideend|p1: Khryce|Sticky Web|[from] move: Rapid Spin|[of] p1a: Tsareena\n|\n|upkeep\n|turn|26\n|\n|t:|1699928913\n|move|p2a: Ursaluna|Facade|p1a: Tsareena\n|-damage|p1a: Tsareena|40\/100\n|move|p1a: Tsareena|Trop Kick|p2a: Ursaluna\n|-supereffective|p2a: Ursaluna\n|-damage|p2a: Ursaluna|0 fnt\n|faint|p2a: Ursaluna\n|\n|upkeep\n|-message|jamie9746 forfeited.\n|\n|win|Khryce\n|raw|Khryce's rating: 1144 &rarr; <strong>1168<\/strong><br \/>(+24 for winning)\n|raw|jamie9746's rating: 1128 &rarr; <strong>1104<\/strong><br \/>(-24 for losing)\n|l|\u2606jamie9746\n","uploadtime":1699928925,"views":12,"p1id":"khryce","p2id":"jamie9746","formatid":"gen9anythinggoes","rating":1104,"private":0,"password":""}