{"id":"gen9anythinggoes-1980189981","p1":"INeverLoseIditos","p2":"NDAG was banned","format":"[Gen 9] Anything Goes","log":"|j|\u203dINeverLoseIditos\n|j|\u2606NDAG was banned\n|t:|1698764970\n|gametype|singles\n|player|p1|INeverLoseIditos|blackbelt-gen4dp|1489\n|player|p2|NDAG was banned|lillie-masters|1803\n|teamsize|p1|6\n|teamsize|p2|6\n|gen|9\n|tier|[Gen 9] Anything Goes\n|rated|\n|rule|HP Percentage Mod: HP is shown in percentages\n|rule|Endless Battle Clause: Forcing endless battles is banned\n|clearpoke\n|poke|p1|Iron Valiant|\n|poke|p1|Calyrex-Shadow|\n|poke|p1|Dondozo, M|\n|poke|p1|Miraidon|\n|poke|p1|Ditto|\n|poke|p1|Cinderace, M|\n|poke|p2|Calyrex-Shadow|\n|poke|p2|Arceus-Ground|\n|poke|p2|Zoroark-Hisui, M|\n|poke|p2|Arceus|\n|poke|p2|Zacian-*|\n|poke|p2|Koraidon|\n|teampreview\n|inactive|Battle timer is ON: inactive players will automatically lose when time's up. (requested by INeverLoseIditos)\n|\n|t:|1698764976\n|start\n|switch|p1a: Ditto|Ditto|100\/100\n|switch|p2a: Arceus|Arceus-Ground|100\/100\n|-transform|p1a: Ditto|p2a: Arceus|[from] ability: Imposter\n|turn|1\n|\n|t:|1698764982\n|move|p1a: Ditto|Icy Wind|p2a: Arceus\n|-supereffective|p2a: Arceus\n|-damage|p2a: Arceus|73\/100\n|-unboost|p2a: Arceus|spe|1\n|move|p2a: Arceus|Stealth Rock|p1a: Ditto\n|-sidestart|p1: INeverLoseIditos|move: Stealth Rock\n|\n|upkeep\n|turn|2\n|\n|t:|1698764987\n|move|p1a: Ditto|Icy Wind|p2a: Arceus\n|-supereffective|p2a: Arceus\n|-damage|p2a: Arceus|44\/100\n|-unboost|p2a: Arceus|spe|1\n|move|p2a: Arceus|Icy Wind|p1a: Ditto\n|-supereffective|p1a: Ditto\n|-damage|p1a: Ditto|54\/100\n|-unboost|p1a: Ditto|spe|1\n|\n|upkeep\n|turn|3\n|inactive|NDAG was banned has 120 seconds left.\n|\n|t:|1698765025\n|move|p1a: Ditto|Icy Wind|p2a: Arceus\n|-supereffective|p2a: Arceus\n|-damage|p2a: Arceus|16\/100\n|-unboost|p2a: Arceus|spe|1\n|move|p2a: Arceus|Icy Wind|p1a: Ditto\n|-supereffective|p1a: Ditto\n|-damage|p1a: Ditto|7\/100\n|-unboost|p1a: Ditto|spe|1\n|\n|upkeep\n|turn|4\n|\n|t:|1698765054\n|move|p1a: Ditto|Judgment|p2a: Arceus\n|-damage|p2a: Arceus|0 fnt\n|faint|p2a: Arceus\n|\n|upkeep\n|inactive|NDAG was banned has 120 seconds left.\n|\n|t:|1698765075\n|switch|p2a: Zacian|Zacian-Crowned|100\/100\n|-ability|p2a: Zacian|Intrepid Sword|boost\n|-boost|p2a: Zacian|atk|1\n|turn|5\n|\n|t:|1698765080\n|move|p2a: Zacian|Behemoth Blade|p1a: Ditto\n|-damage|p1a: Ditto|0 fnt\n|faint|p1a: Ditto\n|\n|upkeep\n|inactive|INeverLoseIditos has 120 seconds left.\n|\n|t:|1698765126\n|switch|p1a: Dondozo|Dondozo, M|100\/100\n|-damage|p1a: Dondozo|88\/100|[from] Stealth Rock\n|turn|6\n|\n|t:|1698765132\n|switch|p2a: Calyrex|Calyrex-Shadow|100\/100\n|-ability|p2a: Calyrex|As One\n|-ability|p2a: Calyrex|Unnerve\n|move|p1a: Dondozo|Bulldoze|p2a: Calyrex\n|-damage|p2a: Calyrex|79\/100\n|-unboost|p2a: Calyrex|spe|1\n|\n|-heal|p1a: Dondozo|94\/100|[from] item: Leftovers\n|upkeep\n|turn|7\n|\n|t:|1698765138\n|move|p2a: Calyrex|Astral Barrage|p1a: Dondozo\n|-damage|p1a: Dondozo|20\/100\n|move|p1a: Dondozo|Wave Crash|p2a: Calyrex\n|-damage|p2a: Calyrex|15\/100\n|-damage|p1a: Dondozo|6\/100|[from] Recoil\n|\n|-heal|p1a: Dondozo|12\/100|[from] item: Leftovers\n|upkeep\n|turn|8\n|inactive|INeverLoseIditos has 120 seconds left.\n|\n|t:|1698765163\n|move|p2a: Calyrex|Astral Barrage|p1a: Dondozo\n|-damage|p1a: Dondozo|0 fnt\n|faint|p1a: Dondozo\n|-ability|p2a: Calyrex|Grim Neigh|boost\n|-boost|p2a: Calyrex|spa|1\n|\n|upkeep\n|inactive|INeverLoseIditos has 90 seconds left.\n|\n|t:|1698765195\n|switch|p1a: Cinderace|Cinderace, M, shiny|100\/100\n|-damage|p1a: Cinderace|76\/100|[from] Stealth Rock\n|turn|9\n|\n|t:|1698765204\n|switch|p2a: Koraidon|Koraidon|100\/100\n|-weather|SunnyDay|[from] ability: Orichalcum Pulse|[of] p2a: Koraidon\n|-activate|p2a: Koraidon|Orichalcum Pulse|[source]\n|move|p1a: Cinderace|Court Change|p1a: Cinderace\n|-start|p1a: Cinderace|typechange|Normal|[from] ability: Libero\n|-swapsideconditions\n|-activate|p1a: Cinderace|move: Court Change\n|\n|-weather|SunnyDay|[upkeep]\n|upkeep\n|turn|10\n|\n|t:|1698765212\n|move|p2a: Koraidon|Flare Blitz|p1a: Cinderace\n|-damage|p1a: Cinderace|0 fnt\n|faint|p1a: Cinderace\n|-damage|p2a: Koraidon|79\/100|[from] Recoil\n|\n|-weather|SunnyDay|[upkeep]\n|upkeep\n|inactive|INeverLoseIditos has 90 seconds left.\n|\n|t:|1698765222\n|switch|p1a: Miraidon|Miraidon|100\/100\n|-fieldstart|move: Electric Terrain|[from] ability: Hadron Engine|[of] p1a: Miraidon\n|turn|11\n|\n|t:|1698765225\n|move|p1a: Miraidon|Dazzling Gleam|p2a: Koraidon\n|-supereffective|p2a: Koraidon\n|-damage|p2a: Koraidon|0 fnt\n|faint|p2a: Koraidon\n|\n|-weather|SunnyDay|[upkeep]\n|upkeep\n|\n|t:|1698765235\n|switch|p2a: Zacian|Zacian-Crowned|100\/100\n|-damage|p2a: Zacian|94\/100|[from] Stealth Rock\n|turn|12\n|\n|t:|1698765247\n|switch|p1a: Iron Valiant|Iron Valiant|100\/100\n|-activate|p1a: Iron Valiant|ability: Quark Drive\n|-start|p1a: Iron Valiant|quarkdrivespe\n|move|p2a: Zacian|Play Rough|p1a: Iron Valiant\n|-supereffective|p1a: Iron Valiant\n|-enditem|p1a: Iron Valiant|Focus Sash\n|-damage|p1a: Iron Valiant|1\/100\n|\n|-weather|SunnyDay|[upkeep]\n|upkeep\n|turn|13\n|\n|t:|1698765272\n|switch|p2a: Arceus|Arceus|100\/100\n|-damage|p2a: Arceus|88\/100|[from] Stealth Rock\n|-item|p2a: Arceus|Air Balloon\n|move|p1a: Iron Valiant|Psycho Cut|p2a: Arceus\n|-damage|p2a: Arceus|42\/100\n|replace|p2a: Zoroark|Zoroark-Hisui, M\n|-end|p2a: Zoroark|Illusion\n|-enditem|p2a: Zoroark|Air Balloon\n|\n|-weather|none\n|upkeep\n|turn|14\n|\n|t:|1698765279\n|move|p2a: Zoroark|Shadow Sneak|p1a: Iron Valiant\n|-damage|p1a: Iron Valiant|0 fnt\n|faint|p1a: Iron Valiant\n|-end|p1a: Iron Valiant|Quark Drive|[silent]\n|\n|upkeep\n|\n|t:|1698765294\n|switch|p1a: Miraidon|Miraidon|100\/100\n|-activate|p1a: Miraidon|ability: Hadron Engine\n|turn|15\n|\n|t:|1698765303\n|move|p2a: Zoroark|Shadow Sneak|p1a: Miraidon\n|-damage|p1a: Miraidon|80\/100\n|move|p1a: Miraidon|Electro Drift|p2a: Zoroark\n|-damage|p2a: Zoroark|0 fnt\n|faint|p2a: Zoroark\n|\n|-fieldend|move: Electric Terrain\n|upkeep\n|\n|t:|1698765307\n|switch|p2a: Zacian|Zacian-Crowned|94\/100\n|-damage|p2a: Zacian|88\/100|[from] Stealth Rock\n|turn|16\n|\n|t:|1698765321\n|move|p1a: Miraidon|Electro Drift|p2a: Zacian\n|-damage|p2a: Zacian|38\/100\n|move|p2a: Zacian|Play Rough|p1a: Miraidon\n|-supereffective|p1a: Miraidon\n|-damage|p1a: Miraidon|0 fnt\n|faint|p1a: Miraidon\n|\n|upkeep\n|\n|t:|1698765325\n|switch|p1a: Calyrex|Calyrex-Shadow|100\/100\n|-ability|p1a: Calyrex|As One\n|-ability|p1a: Calyrex|Unnerve\n|turn|17\n|n|\u2606INeverLoseIditos|ineverloseiditos\n|\n|t:|1698765334\n|move|p1a: Calyrex|Astral Barrage|p2a: Zacian\n|-damage|p2a: Zacian|0 fnt\n|faint|p2a: Zacian\n|-ability|p1a: Calyrex|Grim Neigh|boost\n|-boost|p1a: Calyrex|spa|1\n|\n|upkeep\n|\n|t:|1698765336\n|switch|p2a: Arceus|Arceus|100\/100\n|turn|18\n|inactive|INeverLoseIditos has 120 seconds left.\n|\n|t:|1698765360\n|-terastallize|p1a: Calyrex|Normal\n|move|p1a: Calyrex|Dark Pulse|p2a: Arceus\n|-damage|p2a: Arceus|68\/100\n|move|p2a: Arceus|Earthquake|p1a: Calyrex\n|-damage|p1a: Calyrex|56\/100\n|\n|upkeep\n|turn|19\n|\n|t:|1698765377\n|move|p2a: Arceus|Extreme Speed|p1a: Calyrex\n|-damage|p1a: Calyrex|8\/100\n|move|p1a: Calyrex|Dark Pulse|p2a: Arceus\n|-damage|p2a: Arceus|32\/100\n|\n|upkeep\n|turn|20\n|\n|t:|1698765380\n|move|p2a: Arceus|Extreme Speed|p1a: Calyrex\n|-damage|p1a: Calyrex|0 fnt\n|faint|p1a: Calyrex\n|\n|win|NDAG was banned\n|raw|INeverLoseIditos's rating: 1489 &rarr; <strong>1484<\/strong><br \/>(-5 for losing)\n|raw|NDAG was banned's rating: 1822 &rarr; <strong>1827<\/strong><br \/>(+5 for winning)\n|l|\u2606NDAG was banned\n|l|\u2606INeverLoseIditos\n","uploadtime":1698765431,"views":10,"p1id":"ineverloseiditos","p2id":"ndagwasbanned","formatid":"gen9anythinggoes","rating":1484,"private":0,"password":""}