{"id":"gen9anythinggoes-1995312294","p1":"Shobik Dadhich","p2":"AkshitRangra","format":"[Gen 9] Anything Goes","log":"|j|\u2606Shobik Dadhich\n|j|\u2606AkshitRangra\n|t:|1700551735\n|gametype|singles\n|player|p1|Shobik Dadhich|cynthia|1109\n|player|p2|AkshitRangra|steven|1129\n|teamsize|p1|6\n|teamsize|p2|6\n|gen|9\n|tier|[Gen 9] Anything Goes\n|rated|\n|rule|HP Percentage Mod: HP is shown in percentages\n|rule|Endless Battle Clause: Forcing endless battles is banned\n|clearpoke\n|poke|p1|Mewtwo|\n|poke|p1|Eternatus|\n|poke|p1|Hoopa-Unbound|\n|poke|p1|Giratina|\n|poke|p1|Rayquaza|\n|poke|p1|Calyrex-Shadow|\n|poke|p2|Zacian-*|\n|poke|p2|Annihilape, F|\n|poke|p2|Miraidon|\n|poke|p2|Garganacl, F|\n|poke|p2|Calyrex-Shadow|\n|poke|p2|Iron Moth|\n|teampreview\n|inactive|Battle timer is ON: inactive players will automatically lose when time's up. (requested by Shobik Dadhich)\n|inactive|AkshitRangra also wants the timer to be on.\n|\n|t:|1700551742\n|start\n|switch|p1a: Calyrex|Calyrex-Shadow|100\/100\n|switch|p2a: Garganacl|Garganacl, F, shiny|100\/100\n|-ability|p1a: Calyrex|As One\n|-ability|p1a: Calyrex|Unnerve\n|turn|1\n|\n|t:|1700551753\n|move|p1a: Calyrex|Astral Barrage|p2a: Garganacl\n|-damage|p2a: Garganacl|79\/100\n|move|p2a: Garganacl|Salt Cure|p1a: Calyrex\n|-damage|p1a: Calyrex|86\/100\n|-start|p1a: Calyrex|Salt Cure\n|\n|-damage|p1a: Calyrex|74\/100|[from] Salt Cure\n|upkeep\n|turn|2\n|\n|t:|1700551762\n|switch|p1a: Rayquaza|Rayquaza|100\/100\n|-ability|p1a: Rayquaza|Air Lock\n|move|p2a: Garganacl|Earthquake|p1a: Rayquaza\n|-immune|p1a: Rayquaza\n|\n|upkeep\n|turn|3\n|\n|t:|1700551765\n|move|p1a: Rayquaza|Earthquake|p2a: Garganacl\n|-supereffective|p2a: Garganacl\n|-damage|p2a: Garganacl|12\/100\n|move|p2a: Garganacl|Thunder Punch|p1a: Rayquaza\n|-damage|p1a: Rayquaza|87\/100\n|\n|upkeep\n|turn|4\n|\n|t:|1700551774\n|move|p1a: Rayquaza|Extreme Speed|p2a: Garganacl\n|-resisted|p2a: Garganacl\n|-damage|p2a: Garganacl|0 fnt\n|faint|p2a: Garganacl\n|\n|upkeep\n|\n|t:|1700551782\n|switch|p2a: Miraidon|Miraidon|100\/100\n|-fieldstart|move: Electric Terrain|[from] ability: Hadron Engine|[of] p2a: Miraidon\n|turn|5\n|\n|t:|1700551795\n|move|p2a: Miraidon|Dazzling Gleam|p1a: Rayquaza\n|-supereffective|p1a: Rayquaza\n|-damage|p1a: Rayquaza|39\/100\n|move|p1a: Rayquaza|Earthquake|p2a: Miraidon\n|-supereffective|p2a: Miraidon\n|-damage|p2a: Miraidon|38\/100\n|\n|upkeep\n|turn|6\n|\n|t:|1700551805\n|move|p1a: Rayquaza|Extreme Speed|p2a: Miraidon\n|-damage|p2a: Miraidon|17\/100\n|-enditem|p2a: Miraidon|Aguav Berry|[eat]\n|-heal|p2a: Miraidon|50\/100|[from] item: Aguav Berry\n|move|p2a: Miraidon|Dazzling Gleam|p1a: Rayquaza\n|-supereffective|p1a: Rayquaza\n|-damage|p1a: Rayquaza|0 fnt\n|faint|p1a: Rayquaza\n|\n|upkeep\n|\n|t:|1700551815\n|switch|p1a: Hoopa|Hoopa-Unbound|100\/100\n|turn|7\n|\n|t:|1700551821\n|move|p2a: Miraidon|Dazzling Gleam|p1a: Hoopa\n|-supereffective|p1a: Hoopa\n|-damage|p1a: Hoopa|51\/100\n|move|p1a: Hoopa|Hyperspace Fury|p2a: Miraidon\n|-damage|p2a: Miraidon|3\/100\n|-unboost|p1a: Hoopa|def|1\n|\n|upkeep\n|turn|8\n|\n|t:|1700551835\n|move|p2a: Miraidon|Electro Drift|p1a: Hoopa\n|-damage|p1a: Hoopa|0 fnt\n|faint|p1a: Hoopa\n|\n|upkeep\n|\n|t:|1700551841\n|switch|p1a: Mewtwo|Mewtwo, shiny|100\/100\n|-ability|p1a: Mewtwo|Pressure\n|turn|9\n|\n|t:|1700551846\n|move|p2a: Miraidon|Crunch|p1a: Mewtwo\n|-supereffective|p1a: Mewtwo\n|-damage|p1a: Mewtwo|70\/100\n|-unboost|p1a: Mewtwo|def|1\n|move|p1a: Mewtwo|Psychic|p2a: Miraidon\n|-damage|p2a: Miraidon|0 fnt\n|faint|p2a: Miraidon\n|\n|-fieldend|move: Electric Terrain\n|upkeep\n|\n|t:|1700551849\n|switch|p2a: Annihilape|Annihilape, F, shiny|100\/100\n|turn|10\n|\n|t:|1700551876\n|move|p1a: Mewtwo|Dark Pulse|p2a: Annihilape\n|-damage|p2a: Annihilape|77\/100\n|cant|p2a: Annihilape|flinch\n|\n|upkeep\n|turn|11\n|inactive|Shobik Dadhich has 120 seconds left.\n|\n|t:|1700551896\n|switch|p1a: Calyrex|Calyrex-Shadow|74\/100\n|-ability|p1a: Calyrex|As One\n|-ability|p1a: Calyrex|Unnerve\n|move|p2a: Annihilape|Rage Fist|p1a: Calyrex\n|-supereffective|p1a: Calyrex\n|-damage|p1a: Calyrex|0 fnt\n|faint|p1a: Calyrex\n|\n|upkeep\n|inactive|Shobik Dadhich has 120 seconds left.\n|\n|t:|1700551902\n|switch|p1a: Giratina|Giratina|100\/100\n|-ability|p1a: Giratina|Pressure\n|turn|12\n|inactive|Shobik Dadhich has 120 seconds left.\n|\n|t:|1700551916\n|move|p2a: Annihilape|Rage Fist|p1a: Giratina\n|-supereffective|p1a: Giratina\n|-damage|p1a: Giratina|58\/100\n|move|p1a: Giratina|Draco Meteor|p2a: Annihilape\n|-damage|p2a: Annihilape|38\/100\n|-unboost|p1a: Giratina|spa|2\n|\n|upkeep\n|turn|13\n|\n|t:|1700551923\n|move|p2a: Annihilape|Rage Fist|p1a: Giratina\n|-supereffective|p1a: Giratina\n|-damage|p1a: Giratina|0 fnt\n|faint|p1a: Giratina\n|\n|upkeep\n|\n|t:|1700551927\n|switch|p1a: Eternatus|Eternatus|100\/100\n|-ability|p1a: Eternatus|Pressure\n|turn|14\n|\n|t:|1700551935\n|move|p1a: Eternatus|Dynamax Cannon|p2a: Annihilape\n|-damage|p2a: Annihilape|0 fnt\n|faint|p2a: Annihilape\n|\n|upkeep\n|\n|t:|1700551940\n|switch|p2a: Zacian|Zacian-Crowned, shiny|100\/100\n|-ability|p2a: Zacian|Intrepid Sword|boost\n|-boost|p2a: Zacian|atk|1\n|turn|15\n|\n|t:|1700551947\n|move|p2a: Zacian|Behemoth Blade|p1a: Eternatus\n|-damage|p1a: Eternatus|48\/100\n|move|p1a: Eternatus|Sludge Bomb|p2a: Zacian\n|-immune|p2a: Zacian\n|\n|upkeep\n|turn|16\n|\n|t:|1700551959\n|-terastallize|p1a: Eternatus|Poison\n|move|p2a: Zacian|Behemoth Blade|p1a: Eternatus\n|-damage|p1a: Eternatus|0 fnt\n|faint|p1a: Eternatus\n|\n|upkeep\n|\n|t:|1700551964\n|switch|p1a: Mewtwo|Mewtwo, shiny|70\/100\n|-ability|p1a: Mewtwo|Pressure\n|turn|17\n|\n|t:|1700551972\n|move|p2a: Zacian|Behemoth Blade|p1a: Mewtwo\n|-damage|p1a: Mewtwo|8\/100\n|move|p1a: Mewtwo|Ice Beam|p2a: Zacian\n|-resisted|p2a: Zacian\n|-damage|p2a: Zacian|86\/100\n|\n|upkeep\n|turn|18\n|\n|t:|1700551977\n|move|p2a: Zacian|Behemoth Blade|p1a: Mewtwo\n|-damage|p1a: Mewtwo|0 fnt\n|faint|p1a: Mewtwo\n|\n|win|AkshitRangra\n|raw|Shobik Dadhich's rating: 1109 &rarr; <strong>1085<\/strong><br \/>(-24 for losing)\n|raw|AkshitRangra's rating: 1129 &rarr; <strong>1153<\/strong><br \/>(+24 for winning)\n","uploadtime":1700551981,"views":0,"p1id":"shobikdadhich","p2id":"akshitrangra","formatid":"gen9anythinggoes","rating":1085,"private":0,"password":""}