{"id":"gen9anythinggoes-1996945072","p1":"zealo","p2":"arafatr871","format":"[Gen 9] Anything Goes","log":"|j|\u2606zealo\n|j|\u2606arafatr871\n|t:|1700748041\n|gametype|singles\n|player|p1|zealo|zirco-unite|1678\n|player|p2|arafatr871|ingo|1582\n|teamsize|p1|6\n|teamsize|p2|6\n|gen|9\n|tier|[Gen 9] Anything Goes\n|rated|\n|rule|HP Percentage Mod: HP is shown in percentages\n|rule|Endless Battle Clause: Forcing endless battles is banned\n|clearpoke\n|poke|p1|Muk-Alola, F|\n|poke|p1|Scream Tail|\n|poke|p1|Calyrex-Shadow|\n|poke|p1|Blissey, F|\n|poke|p1|Orthworm, M|\n|poke|p1|Dondozo, F|\n|poke|p2|Calyrex-Shadow|\n|poke|p2|Chansey, F|\n|poke|p2|Clodsire, M|\n|poke|p2|Mandibuzz, F|\n|poke|p2|Skeledirge, F|\n|poke|p2|Gliscor, M|\n|teampreview\n|inactive|Battle timer is ON: inactive players will automatically lose when time's up. (requested by arafatr871)\n|c|\u2606zealo|oh\n|c|\u2606zealo|no\n|c|\u2606zealo|no\n|c|\u2606zealo|no\n|inactive|zealo has 120 seconds left.\n|inactive|arafatr871 has 120 seconds left.\n|\n|t:|1700748088\n|start\n|switch|p1a: Muk|Muk-Alola, F|100\/100\n|switch|p2a: Gliscor|Gliscor, M|100\/100\n|turn|1\n|\n|t:|1700748101\n|switch|p1a: Orthworm|Orthworm, M|100\/100\n|move|p2a: Gliscor|Knock Off|p1a: Orthworm\n|-damage|p1a: Orthworm|89\/100\n|-enditem|p1a: Orthworm|Heavy-Duty Boots|[from] move: Knock Off|[of] p2a: Gliscor\n|\n|-status|p2a: Gliscor|tox|[from] item: Toxic Orb\n|upkeep\n|turn|2\n|\n|t:|1700748107\n|move|p2a: Gliscor|Spikes|p1a: Orthworm\n|-sidestart|p1: zealo|Spikes\n|move|p1a: Orthworm|Iron Defense|p1a: Orthworm\n|-boost|p1a: Orthworm|def|2\n|\n|upkeep\n|turn|3\n|\n|t:|1700748110\n|move|p2a: Gliscor|Spikes|p1a: Orthworm\n|-sidestart|p1: zealo|Spikes\n|move|p1a: Orthworm|Iron Defense|p1a: Orthworm\n|-boost|p1a: Orthworm|def|2\n|\n|upkeep\n|turn|4\n|\n|t:|1700748115\n|move|p2a: Gliscor|Spikes|p1a: Orthworm\n|-sidestart|p1: zealo|Spikes\n|move|p1a: Orthworm|Spikes|p2a: Gliscor\n|-sidestart|p2: arafatr871|Spikes\n|\n|upkeep\n|turn|5\n|\n|t:|1700748121\n|switch|p2a: Chansey|Chansey, F, shiny|100\/100\n|-damage|p2a: Chansey|88\/100|[from] Spikes\n|move|p1a: Orthworm|Spikes|p2a: Chansey\n|-sidestart|p2: arafatr871|Spikes\n|\n|upkeep\n|turn|6\n|\n|t:|1700748126\n|move|p1a: Orthworm|Body Press|p2a: Chansey\n|-supereffective|p2a: Chansey\n|-damage|p2a: Chansey|0 fnt\n|faint|p2a: Chansey\n|\n|upkeep\n|\n|t:|1700748132\n|switch|p2a: Clodsire|Clodsire, M, shiny|100\/100\n|-damage|p2a: Clodsire|84\/100|[from] Spikes\n|turn|7\n|\n|t:|1700748138\n|move|p1a: Orthworm|Iron Defense|p1a: Orthworm\n|-boost|p1a: Orthworm|def|2\n|move|p2a: Clodsire|Toxic Spikes|p1a: Orthworm\n|-sidestart|p1: zealo|move: Toxic Spikes\n|\n|-heal|p2a: Clodsire|90\/100|[from] item: Leftovers\n|upkeep\n|turn|8\n|\n|t:|1700748143\n|move|p1a: Orthworm|Body Press|p2a: Clodsire\n|-resisted|p2a: Clodsire\n|-damage|p2a: Clodsire|71\/100\n|move|p2a: Clodsire|Toxic Spikes|p1a: Orthworm\n|-sidestart|p1: zealo|move: Toxic Spikes\n|\n|-heal|p2a: Clodsire|77\/100|[from] item: Leftovers\n|upkeep\n|turn|9\n|\n|t:|1700748148\n|move|p1a: Orthworm|Body Press|p2a: Clodsire\n|-resisted|p2a: Clodsire\n|-damage|p2a: Clodsire|58\/100\n|move|p2a: Clodsire|Earthquake|p1a: Orthworm\n|-heal|p1a: Orthworm|100\/100|[from] ability: Earth Eater|[of] p2a: Clodsire\n|\n|-heal|p2a: Clodsire|64\/100|[from] item: Leftovers\n|upkeep\n|turn|10\n|\n|t:|1700748161\n|switch|p2a: Calyrex|Calyrex-Shadow|100\/100\n|-ability|p2a: Calyrex|As One\n|-ability|p2a: Calyrex|Unnerve\n|-damage|p2a: Calyrex|84\/100|[from] Spikes\n|move|p1a: Orthworm|Body Press|p2a: Calyrex\n|-immune|p2a: Calyrex\n|\n|upkeep\n|turn|11\n|\n|t:|1700748174\n|switch|p1a: Muk|Muk-Alola, F|100\/100\n|-sideend|p1: zealo|move: Toxic Spikes|[of] p1a: Muk\n|move|p2a: Calyrex|Nasty Plot|p2a: Calyrex\n|-boost|p2a: Calyrex|spa|2\n|\n|upkeep\n|turn|12\n|\n|t:|1700748188\n|-terastallize|p2a: Calyrex|Dark\n|move|p2a: Calyrex|Astral Barrage|p1a: Muk\n|-resisted|p1a: Muk\n|-damage|p1a: Muk|53\/100\n|move|p1a: Muk|Knock Off|p2a: Calyrex\n|-resisted|p2a: Calyrex\n|-crit|p2a: Calyrex\n|-damage|p2a: Calyrex|54\/100\n|-enditem|p2a: Calyrex|Focus Sash|[from] move: Knock Off|[of] p1a: Muk\n|\n|upkeep\n|turn|13\n|\n|t:|1700748197\n|move|p2a: Calyrex|Astral Barrage|p1a: Muk\n|-resisted|p1a: Muk\n|-damage|p1a: Muk|11\/100\n|move|p1a: Muk|Poison Jab|p2a: Calyrex\n|-damage|p2a: Calyrex|18\/100\n|\n|upkeep\n|turn|14\n|\n|t:|1700748205\n|move|p1a: Muk|Protect|p1a: Muk\n|-singleturn|p1a: Muk|Protect\n|move|p2a: Calyrex|Draining Kiss|p1a: Muk\n|-activate|p1a: Muk|move: Protect\n|\n|upkeep\n|turn|15\n|\n|t:|1700748210\n|switch|p1a: Blissey|Blissey, F|100\/100\n|move|p2a: Calyrex|Draining Kiss|p1a: Blissey\n|-damage|p1a: Blissey|87\/100\n|-heal|p2a: Calyrex|37\/100|[from] drain|[of] p1a: Blissey\n|\n|upkeep\n|turn|16\n|\n|t:|1700748216\n|move|p2a: Calyrex|Draining Kiss|p1a: Blissey\n|-damage|p1a: Blissey|75\/100\n|-heal|p2a: Calyrex|55\/100|[from] drain|[of] p1a: Blissey\n|move|p1a: Blissey|Seismic Toss|p2a: Calyrex\n|-damage|p2a: Calyrex|25\/100\n|\n|upkeep\n|turn|17\n|\n|t:|1700748223\n|move|p2a: Calyrex|Draining Kiss|p1a: Blissey\n|-damage|p1a: Blissey|62\/100\n|-heal|p2a: Calyrex|44\/100|[from] drain|[of] p1a: Blissey\n|move|p1a: Blissey|Seismic Toss|p2a: Calyrex\n|-damage|p2a: Calyrex|15\/100\n|\n|upkeep\n|turn|18\n|\n|t:|1700748229\n|move|p2a: Calyrex|Draining Kiss|p1a: Blissey\n|-damage|p1a: Blissey|48\/100\n|-heal|p2a: Calyrex|34\/100|[from] drain|[of] p1a: Blissey\n|move|p1a: Blissey|Seismic Toss|p2a: Calyrex\n|-damage|p2a: Calyrex|5\/100\n|\n|upkeep\n|turn|19\n|\n|t:|1700748242\n|move|p2a: Calyrex|Draining Kiss|p1a: Blissey\n|-damage|p1a: Blissey|36\/100\n|-heal|p2a: Calyrex|22\/100|[from] drain|[of] p1a: Blissey\n|move|p1a: Blissey|Seismic Toss|p2a: Calyrex\n|-damage|p2a: Calyrex|0 fnt\n|faint|p2a: Calyrex\n|\n|upkeep\n|\n|t:|1700748257\n|switch|p2a: Skeledirge|Skeledirge, F, shiny|100\/100\n|turn|20\n|inactive|zealo has 120 seconds left.\n|\n|t:|1700748301\n|move|p2a: Skeledirge|Torch Song|p1a: Blissey\n|-damage|p1a: Blissey|22\/100\n|-boost|p2a: Skeledirge|spa|1\n|move|p1a: Blissey|Soft-Boiled|p1a: Blissey\n|-heal|p1a: Blissey|72\/100\n|\n|upkeep\n|turn|21\n|\n|t:|1700748308\n|switch|p1a: Dondozo|Dondozo, F|100\/100\n|move|p2a: Skeledirge|Torch Song|p1a: Dondozo\n|-resisted|p1a: Dondozo\n|-damage|p1a: Dondozo|80\/100\n|-boost|p2a: Skeledirge|spa|1\n|\n|upkeep\n|turn|22\n|\n|t:|1700748313\n|move|p2a: Skeledirge|Hex|p1a: Dondozo\n|-damage|p1a: Dondozo|47\/100\n|move|p1a: Dondozo|Fissure|p2a: Skeledirge|[miss]\n|-miss|p1a: Dondozo|p2a: Skeledirge\n|\n|upkeep\n|turn|23\n|\n|t:|1700748318\n|move|p2a: Skeledirge|Hex|p1a: Dondozo\n|-damage|p1a: Dondozo|16\/100\n|move|p1a: Dondozo|Rest|p1a: Dondozo\n|-status|p1a: Dondozo|slp|[from] move: Rest\n|-heal|p1a: Dondozo|100\/100 slp|[silent]\n|\n|upkeep\n|turn|24\n|\n|t:|1700748325\n|move|p2a: Skeledirge|Hex|p1a: Dondozo\n|-damage|p1a: Dondozo|32\/100 slp\n|cant|p1a: Dondozo|slp\n|move|p1a: Dondozo|Sleep Talk|p1a: Dondozo\n|move|p1a: Dondozo|Body Press|p2a: Skeledirge|[from]move: Sleep Talk\n|-immune|p2a: Skeledirge\n|\n|upkeep\n|turn|25\n|\n|t:|1700748334\n|switch|p1a: Blissey|Blissey, F|72\/100\n|move|p2a: Skeledirge|Hex|p1a: Blissey\n|-immune|p1a: Blissey\n|\n|upkeep\n|turn|26\n|\n|t:|1700748338\n|move|p2a: Skeledirge|Torch Song|p1a: Blissey\n|-damage|p1a: Blissey|49\/100\n|-boost|p2a: Skeledirge|spa|1\n|move|p1a: Blissey|Soft-Boiled|p1a: Blissey\n|-heal|p1a: Blissey|99\/100\n|\n|upkeep\n|turn|27\n|\n|t:|1700748345\n|move|p2a: Skeledirge|Torch Song|p1a: Blissey\n|-damage|p1a: Blissey|67\/100\n|-boost|p2a: Skeledirge|spa|1\n|move|p1a: Blissey|Heal Bell|p1a: Blissey\n|-activate|p1a: Blissey|move: Heal Bell\n|-curestatus|p1: Dondozo|slp|[msg]\n|\n|upkeep\n|turn|28\n|\n|t:|1700748354\n|move|p2a: Skeledirge|Torch Song|p1a: Blissey\n|-damage|p1a: Blissey|30\/100\n|-boost|p2a: Skeledirge|spa|1\n|move|p1a: Blissey|Soft-Boiled|p1a: Blissey\n|-heal|p1a: Blissey|80\/100\n|\n|upkeep\n|turn|29\n|\n|t:|1700748359\n|move|p2a: Skeledirge|Torch Song|p1a: Blissey\n|-crit|p1a: Blissey\n|-damage|p1a: Blissey|13\/100\n|-boost|p2a: Skeledirge|spa|1\n|move|p1a: Blissey|Soft-Boiled|p1a: Blissey\n|-heal|p1a: Blissey|63\/100\n|\n|upkeep\n|turn|30\n|\n|t:|1700748366\n|move|p2a: Skeledirge|Earth Power|p1a: Blissey\n|-damage|p1a: Blissey|28\/100\n|move|p1a: Blissey|Soft-Boiled|p1a: Blissey\n|-heal|p1a: Blissey|78\/100\n|\n|upkeep\n|turn|31\n|\n|t:|1700748370\n|move|p2a: Skeledirge|Earth Power|p1a: Blissey\n|-damage|p1a: Blissey|43\/100\n|move|p1a: Blissey|Soft-Boiled|p1a: Blissey\n|-heal|p1a: Blissey|93\/100\n|\n|upkeep\n|turn|32\n|\n|t:|1700748380\n|switch|p1a: Dondozo|Dondozo, F|32\/100\n|move|p2a: Skeledirge|Earth Power|p1a: Dondozo\n|-damage|p1a: Dondozo|4\/100\n|\n|upkeep\n|turn|33\n|\n|t:|1700748389\n|-terastallize|p1a: Dondozo|Flying\n|move|p2a: Skeledirge|Torch Song|p1a: Dondozo\n|-damage|p1a: Dondozo|0 fnt\n|faint|p1a: Dondozo\n|\n|upkeep\n|\n|t:|1700748395\n|switch|p1a: Muk|Muk-Alola, F|11\/100\n|turn|34\n|\n|t:|1700748399\n|move|p2a: Skeledirge|Torch Song|p1a: Muk\n|-damage|p1a: Muk|0 fnt\n|faint|p1a: Muk\n|\n|upkeep\n|\n|t:|1700748401\n|switch|p1a: Scream Tail|Scream Tail|100\/100\n|turn|35\n|\n|t:|1700748405\n|move|p1a: Scream Tail|Perish Song|p1a: Scream Tail\n|-start|p1a: Scream Tail|perish3|[silent]\n|-start|p2a: Skeledirge|perish3|[silent]\n|-fieldactivate|move: Perish Song\n|move|p2a: Skeledirge|Hex|p1a: Scream Tail\n|-supereffective|p1a: Scream Tail\n|-damage|p1a: Scream Tail|0 fnt\n|faint|p1a: Scream Tail\n|-end|p1a: Scream Tail|Protosynthesis|[silent]\n|\n|-start|p2a: Skeledirge|perish3\n|upkeep\n|\n|t:|1700748411\n|switch|p1a: Blissey|Blissey, F|93\/100\n|turn|36\n|\n|t:|1700748415\n|move|p2a: Skeledirge|Torch Song|p1a: Blissey\n|-damage|p1a: Blissey|39\/100\n|move|p1a: Blissey|Soft-Boiled|p1a: Blissey\n|-heal|p1a: Blissey|89\/100\n|\n|-start|p2a: Skeledirge|perish2\n|upkeep\n|turn|37\n|\n|t:|1700748424\n|move|p2a: Skeledirge|Torch Song|p1a: Blissey\n|-damage|p1a: Blissey|43\/100\n|move|p1a: Blissey|Soft-Boiled|p1a: Blissey\n|-heal|p1a: Blissey|93\/100\n|\n|-start|p2a: Skeledirge|perish1\n|upkeep\n|turn|38\n|\n|t:|1700748435\n|switch|p2a: Gliscor|Gliscor, M|100\/100 tox\n|move|p1a: Blissey|Stealth Rock|p2a: Gliscor\n|-sidestart|p2: arafatr871|move: Stealth Rock\n|\n|upkeep\n|turn|39\n|\n|t:|1700748441\n|move|p2a: Gliscor|Toxic|p1a: Blissey\n|-status|p1a: Blissey|tox\n|move|p1a: Blissey|Seismic Toss|p2a: Gliscor\n|-damage|p2a: Gliscor|72\/100 tox\n|\n|-heal|p2a: Gliscor|85\/100 tox|[from] ability: Poison Heal\n|-damage|p1a: Blissey|87\/100 tox|[from] psn\n|upkeep\n|turn|40\n|\n|t:|1700748456\n|move|p2a: Gliscor|Knock Off|p1a: Blissey\n|-damage|p1a: Blissey|64\/100 tox\n|-enditem|p1a: Blissey|Heavy-Duty Boots|[from] move: Knock Off|[of] p2a: Gliscor\n|move|p1a: Blissey|Seismic Toss|p2a: Gliscor\n|-damage|p2a: Gliscor|56\/100 tox\n|\n|-heal|p2a: Gliscor|69\/100 tox|[from] ability: Poison Heal\n|-damage|p1a: Blissey|52\/100 tox|[from] psn\n|upkeep\n|turn|41\n|\n|t:|1700748468\n|move|p2a: Gliscor|Knock Off|p1a: Blissey\n|-damage|p1a: Blissey|37\/100 tox\n|move|p1a: Blissey|Seismic Toss|p2a: Gliscor\n|-damage|p2a: Gliscor|41\/100 tox\n|\n|-heal|p2a: Gliscor|53\/100 tox|[from] ability: Poison Heal\n|-damage|p1a: Blissey|19\/100 tox|[from] psn\n|upkeep\n|turn|42\n|\n|t:|1700748474\n|move|p2a: Gliscor|Knock Off|p1a: Blissey\n|-damage|p1a: Blissey|3\/100 tox\n|move|p1a: Blissey|Seismic Toss|p2a: Gliscor\n|-damage|p2a: Gliscor|25\/100 tox\n|\n|-heal|p2a: Gliscor|37\/100 tox|[from] ability: Poison Heal\n|-damage|p1a: Blissey|0 fnt|[from] psn\n|faint|p1a: Blissey\n|upkeep\n|\n|t:|1700748480\n|switch|p1a: Calyrex|Calyrex-Shadow|100\/100\n|-ability|p1a: Calyrex|As One\n|-ability|p1a: Calyrex|Unnerve\n|-damage|p1a: Calyrex|76\/100|[from] Spikes\n|turn|43\n|\n|t:|1700748484\n|move|p2a: Gliscor|Protect|p2a: Gliscor\n|-singleturn|p2a: Gliscor|Protect\n|move|p1a: Calyrex|Astral Barrage|p2a: Gliscor\n|-activate|p2a: Gliscor|move: Protect\n|\n|-heal|p2a: Gliscor|50\/100 tox|[from] ability: Poison Heal\n|upkeep\n|turn|44\n|\n|t:|1700748501\n|move|p1a: Calyrex|Astral Barrage|p2a: Gliscor\n|-damage|p2a: Gliscor|0 fnt\n|faint|p2a: Gliscor\n|-ability|p1a: Calyrex|Grim Neigh|boost\n|-boost|p1a: Calyrex|spa|1\n|\n|upkeep\n|\n|t:|1700748504\n|switch|p2a: Mandibuzz|Mandibuzz, F, shiny|100\/100\n|-damage|p2a: Mandibuzz|76\/100|[from] Stealth Rock\n|turn|45\n|\n|t:|1700748511\n|switch|p1a: Orthworm|Orthworm, M|100\/100\n|-damage|p1a: Orthworm|76\/100|[from] Spikes\n|move|p2a: Mandibuzz|Foul Play|p1a: Orthworm\n|-damage|p1a: Orthworm|63\/100\n|\n|-heal|p2a: Mandibuzz|82\/100|[from] item: Leftovers\n|upkeep\n|turn|46\n|\n|t:|1700748520\n|move|p1a: Orthworm|Body Press|p2a: Mandibuzz\n|-damage|p2a: Mandibuzz|64\/100\n|move|p2a: Mandibuzz|Whirlwind|p1a: Orthworm\n|drag|p1a: Calyrex|Calyrex-Shadow|76\/100\n|-ability|p1a: Calyrex|As One\n|-ability|p1a: Calyrex|Unnerve\n|-damage|p1a: Calyrex|51\/100|[from] Spikes\n|\n|-heal|p2a: Mandibuzz|70\/100|[from] item: Leftovers\n|upkeep\n|turn|47\n|\n|t:|1700748524\n|switch|p1a: Orthworm|Orthworm, M|63\/100\n|-damage|p1a: Orthworm|38\/100|[from] Spikes\n|move|p2a: Mandibuzz|Foul Play|p1a: Orthworm\n|-damage|p1a: Orthworm|26\/100\n|\n|-heal|p2a: Mandibuzz|76\/100|[from] item: Leftovers\n|upkeep\n|turn|48\n|\n|t:|1700748538\n|switch|p2a: Clodsire|Clodsire, M, shiny|64\/100\n|-damage|p2a: Clodsire|47\/100|[from] Spikes\n|-damage|p2a: Clodsire|41\/100|[from] Stealth Rock\n|move|p1a: Orthworm|Rest|p1a: Orthworm\n|-status|p1a: Orthworm|slp|[from] move: Rest\n|-heal|p1a: Orthworm|100\/100 slp|[silent]\n|\n|-heal|p2a: Clodsire|47\/100|[from] item: Leftovers\n|upkeep\n|turn|49\n|\n|t:|1700748546\n|cant|p1a: Orthworm|slp\n|move|p2a: Clodsire|Toxic Spikes|p1a: Orthworm\n|-sidestart|p1: zealo|move: Toxic Spikes\n|\n|-heal|p2a: Clodsire|54\/100|[from] item: Leftovers\n|upkeep\n|turn|50\n|\n|t:|1700748551\n|switch|p1a: Calyrex|Calyrex-Shadow|51\/100\n|-ability|p1a: Calyrex|As One\n|-ability|p1a: Calyrex|Unnerve\n|-damage|p1a: Calyrex|26\/100|[from] Spikes\n|-status|p1a: Calyrex|psn\n|move|p2a: Clodsire|Toxic Spikes|p1a: Calyrex\n|-sidestart|p1: zealo|move: Toxic Spikes\n|\n|-heal|p2a: Clodsire|60\/100|[from] item: Leftovers\n|-damage|p1a: Calyrex|13\/100 psn|[from] psn\n|upkeep\n|turn|51\n|\n|t:|1700748557\n|move|p2a: Clodsire|Protect|p2a: Clodsire\n|-singleturn|p2a: Clodsire|Protect\n|move|p1a: Calyrex|Astral Barrage|p2a: Clodsire\n|-activate|p2a: Clodsire|move: Protect\n|\n|-heal|p2a: Clodsire|66\/100|[from] item: Leftovers\n|-damage|p1a: Calyrex|1\/100 psn|[from] psn\n|upkeep\n|turn|52\n|-message|zealo forfeited.\n|\n|win|arafatr871\n|raw|zealo's rating: 1678 &rarr; <strong>1653<\/strong><br \/>(-25 for losing)\n|raw|arafatr871's rating: 1582 &rarr; <strong>1607<\/strong><br \/>(+25 for winning)\n|l|\u2606zealo\n|l|\u2606arafatr871\n","uploadtime":1700748565,"views":0,"p1id":"zealo","p2id":"arafatr871","formatid":"gen9anythinggoes","rating":1607,"private":0,"password":""}