{"id":"gen9anythinggoes-1990576891","p1":"jb291","p2":"TaxFraud094","format":"[Gen 9] Anything Goes","log":"|j|\u2606jb291\n|j|\u2606TaxFraud094\n|inactive|Battle timer is ON: inactive players will automatically lose when time's up.\n|t:|1699982832\n|gametype|singles\n|player|p1|jb291|cyrus-masters|\n|player|p2|TaxFraud094|acetrainerf-gen4|\n|teamsize|p1|6\n|teamsize|p2|6\n|gen|9\n|tier|[Gen 9] Anything Goes\n|rated|Tournament battle\n|rule|Tera Type Preview: Tera Types are shown at Team Preview\n|rule|HP Percentage Mod: HP is shown in percentages\n|rule|Endless Battle Clause: Forcing endless battles is banned\n|rule|Bonus Type Mod: Pok\u00e9mon have their Tera Type added onto their current ones.\n|rule|Species Clause: Limit one of each Pok\u00e9mon\n|rule|OHKO Clause: OHKO moves are banned\n|rule|Evasion Moves Clause: Evasion moves are banned\n|rule|Sleep Moves Clause: Sleep-inducing moves are banned\n|rule|Evasion Clause: Evasion abilities, items, and moves are banned\n|rule|Evasion Abilities Clause: Evasion abilities are banned\n|rule|Evasion Items Clause: Evasion items are banned\n|rule|Terastal Clause: You cannot Terastallize\n|clearpoke\n|poke|p1|Dondozo, M|\n|poke|p1|Blissey, F|\n|poke|p1|Great Tusk|\n|poke|p1|Alomomola, F|\n|poke|p1|Clodsire, M|\n|poke|p1|Toxapex, M|\n|poke|p2|Lilligant-Hisui, F|\n|poke|p2|Torkoal, F|\n|poke|p2|Walking Wake|\n|poke|p2|Hatterene, F|\n|poke|p2|Arcanine-Hisui, F|\n|poke|p2|Ceruledge, F|\n|teampreview\n|raw|jb291's Tera Types:<br \/><psicon pokemon=\"dondozo\" \/><psicon type=\"Fairy\" \/> \/ <psicon pokemon=\"blissey\" \/><psicon type=\"Ghost\" \/> \/ <psicon pokemon=\"greattusk\" \/><psicon type=\"Water\" \/> \/ <psicon pokemon=\"alomomola\" \/><psicon type=\"Flying\" \/> \/ <psicon pokemon=\"clodsire\" \/><psicon type=\"Dark\" \/> \/ <psicon pokemon=\"toxapex\" \/><psicon type=\"Dark\" \/>\n|raw|TaxFraud094's Tera Types:<br \/><psicon pokemon=\"lilliganthisui\" \/><psicon type=\"Ice\" \/> \/ <psicon pokemon=\"torkoal\" \/><psicon type=\"Fighting\" \/> \/ <psicon pokemon=\"walkingwake\" \/><psicon type=\"Fire\" \/> \/ <psicon pokemon=\"hatterene\" \/><psicon type=\"Flying\" \/> \/ <psicon pokemon=\"arcaninehisui\" \/><psicon type=\"Normal\" \/> \/ <psicon pokemon=\"ceruledge\" \/><psicon type=\"Grass\" \/>\n|inactive|TaxFraud094 also wants the timer to be on.\n|inactive|jb291 also wants the timer to be on.\n|\n|t:|1699982842\n|start\n|switch|p1a: Toxapex|Toxapex, M|100\/100\n|switch|p2a: Torkoal|Torkoal, F|100\/100\n|-start|p1a: Toxapex|typechange|Poison\/Water\/Dark|[silent]\n|-start|p2a: Torkoal|typechange|Fire\/Fighting|[silent]\n|-weather|SunnyDay|[from] ability: Drought|[of] p2a: Torkoal\n|-start|p1a: Toxapex|typechange|Poison\/Water\/Dark|[silent]\n|-start|p2a: Torkoal|typechange|Fire\/Fighting|[silent]\n|turn|1\n|\n|t:|1699982847\n|switch|p2a: Hatterene|Hatterene, F|100\/100\n|-start|p2a: Hatterene|typechange|Psychic\/Fairy\/Flying|[silent]\n|move|p1a: Toxapex|Infestation|p2a: Hatterene\n|-resisted|p2a: Hatterene\n|-damage|p2a: Hatterene|99\/100\n|-activate|p2a: Hatterene|move: Infestation|[of] p1a: Toxapex\n|-enditem|p2a: Hatterene|Eject Button\n|\n|t:|1699982865\n|switch|p2a: Ceruledge|Ceruledge, F|100\/100\n|-start|p2a: Ceruledge|typechange|Fire\/Ghost\/Grass|[silent]\n|\n|-weather|SunnyDay|[upkeep]\n|upkeep\n|-start|p2a: Ceruledge|typechange|Fire\/Ghost\/Grass|[silent]\n|turn|2\n|\n|t:|1699982874\n|move|p2a: Ceruledge|Swords Dance|p2a: Ceruledge\n|-boost|p2a: Ceruledge|atk|2\n|move|p1a: Toxapex|Toxic Spikes|p2a: Ceruledge\n|-sidestart|p2: TaxFraud094|move: Toxic Spikes\n|\n|-weather|SunnyDay|[upkeep]\n|upkeep\n|turn|3\n|\n|t:|1699982879\n|move|p2a: Ceruledge|Solar Blade||[still]\n|-prepare|p2a: Ceruledge|Solar Blade\n|-anim|p2a: Ceruledge|Solar Blade|p1a: Toxapex\n|-damage|p1a: Toxapex|10\/100\n|move|p1a: Toxapex|Haze|p1a: Toxapex\n|-clearallboost\n|\n|-weather|SunnyDay|[upkeep]\n|upkeep\n|turn|4\n|\n|t:|1699982887\n|switch|p1a: Alomomola|Alomomola, F|100\/100\n|-start|p1a: Alomomola|typechange|Water\/Flying|[silent]\n|move|p2a: Ceruledge|Swords Dance|p2a: Ceruledge\n|-boost|p2a: Ceruledge|atk|2\n|\n|-weather|SunnyDay|[upkeep]\n|upkeep\n|-start|p1a: Alomomola|typechange|Water\/Flying|[silent]\n|turn|5\n|\n|t:|1699982895\n|move|p2a: Ceruledge|Swords Dance|p2a: Ceruledge\n|-boost|p2a: Ceruledge|atk|2\n|move|p1a: Alomomola|Wish|p1a: Alomomola\n|\n|-weather|SunnyDay|[upkeep]\n|upkeep\n|turn|6\n|\n|t:|1699982901\n|switch|p1a: Dondozo|Dondozo, M|100\/100\n|-start|p1a: Dondozo|typechange|Water\/Fairy|[silent]\n|move|p2a: Ceruledge|Solar Blade||[still]\n|-prepare|p2a: Ceruledge|Solar Blade\n|-anim|p2a: Ceruledge|Solar Blade|p1a: Dondozo\n|-supereffective|p1a: Dondozo\n|-damage|p1a: Dondozo|41\/100\n|\n|-weather|SunnyDay|[upkeep]\n|-heal|p1a: Dondozo|94\/100|[from] move: Wish|[wisher] Alomomola\n|upkeep\n|-start|p1a: Dondozo|typechange|Water\/Fairy|[silent]\n|turn|7\n|\n|t:|1699982914\n|move|p2a: Ceruledge|Solar Blade||[still]\n|-prepare|p2a: Ceruledge|Solar Blade\n|-anim|p2a: Ceruledge|Solar Blade|p1a: Dondozo\n|-supereffective|p1a: Dondozo\n|-damage|p1a: Dondozo|34\/100\n|move|p1a: Dondozo|Rest|p1a: Dondozo\n|-status|p1a: Dondozo|slp|[from] move: Rest\n|-heal|p1a: Dondozo|100\/100 slp|[silent]\n|\n|-weather|SunnyDay|[upkeep]\n|upkeep\n|turn|8\n|\n|t:|1699982922\n|switch|p1a: Toxapex|Toxapex, M|43\/100\n|-start|p1a: Toxapex|typechange|Poison\/Water\/Dark|[silent]\n|move|p2a: Ceruledge|Solar Blade||[still]\n|-prepare|p2a: Ceruledge|Solar Blade\n|-anim|p2a: Ceruledge|Solar Blade|p1a: Toxapex\n|-damage|p1a: Toxapex|0 fnt\n|faint|p1a: Toxapex\n|\n|-weather|none\n|upkeep\n|\n|t:|1699982923\n|switch|p1a: Dondozo|Dondozo, M|100\/100 slp\n|-start|p1a: Dondozo|typechange|Water\/Fairy|[silent]\n|-start|p1a: Dondozo|typechange|Water\/Fairy|[silent]\n|turn|9\n|\n|t:|1699982930\n|move|p2a: Ceruledge|Solar Blade||[still]\n|-prepare|p2a: Ceruledge|Solar Blade\n|cant|p1a: Dondozo|slp\n|move|p1a: Dondozo|Sleep Talk|p1a: Dondozo\n|move|p1a: Dondozo|Rest||[from]move: Sleep Talk|[still]\n|-fail|p1a: Dondozo\n|\n|upkeep\n|turn|10\n|\n|t:|1699982936\n|move|p2a: Ceruledge|Solar Blade|p1a: Dondozo|[from]lockedmove\n|-supereffective|p1a: Dondozo\n|-damage|p1a: Dondozo|35\/100 slp\n|cant|p1a: Dondozo|slp\n|move|p1a: Dondozo|Sleep Talk|p1a: Dondozo\n|move|p1a: Dondozo|Earthquake|p2a: Ceruledge|[from]move: Sleep Talk\n|-damage|p2a: Ceruledge|68\/100\n|-ability|p2a: Ceruledge|Weak Armor|boost\n|-unboost|p2a: Ceruledge|def|1\n|-boost|p2a: Ceruledge|spe|2\n|\n|upkeep\n|turn|11\n|\n|t:|1699982945\n|move|p2a: Ceruledge|Solar Blade||[still]\n|-prepare|p2a: Ceruledge|Solar Blade\n|-curestatus|p1a: Dondozo|slp|[msg]\n|move|p1a: Dondozo|Rest|p1a: Dondozo\n|-status|p1a: Dondozo|slp|[from] move: Rest\n|-heal|p1a: Dondozo|100\/100 slp|[silent]\n|\n|upkeep\n|turn|12\n|\n|t:|1699982951\n|move|p2a: Ceruledge|Solar Blade|p1a: Dondozo|[from]lockedmove\n|-supereffective|p1a: Dondozo\n|-damage|p1a: Dondozo|41\/100 slp\n|cant|p1a: Dondozo|slp\n|move|p1a: Dondozo|Sleep Talk|p1a: Dondozo\n|move|p1a: Dondozo|Rest||[from]move: Sleep Talk|[still]\n|-fail|p1a: Dondozo\n|\n|upkeep\n|turn|13\n|\n|t:|1699982959\n|move|p2a: Ceruledge|Solar Blade||[still]\n|-prepare|p2a: Ceruledge|Solar Blade\n|cant|p1a: Dondozo|slp\n|move|p1a: Dondozo|Sleep Talk|p1a: Dondozo\n|move|p1a: Dondozo|Earthquake|p2a: Ceruledge|[from]move: Sleep Talk\n|-damage|p2a: Ceruledge|33\/100\n|-ability|p2a: Ceruledge|Weak Armor|boost\n|-unboost|p2a: Ceruledge|def|1\n|-boost|p2a: Ceruledge|spe|2\n|\n|upkeep\n|turn|14\n|\n|t:|1699982969\n|switch|p1a: Alomomola|Alomomola, F|100\/100\n|-start|p1a: Alomomola|typechange|Water\/Flying|[silent]\n|move|p2a: Ceruledge|Solar Blade|p1a: Alomomola|[from]lockedmove\n|-damage|p1a: Alomomola|0 fnt\n|faint|p1a: Alomomola\n|\n|upkeep\n|\n|t:|1699982979\n|switch|p1a: Great Tusk|Great Tusk|100\/100\n|-start|p1a: Great Tusk|typechange|Ground\/Fighting\/Water|[silent]\n|-start|p1a: Great Tusk|typechange|Ground\/Fighting\/Water|[silent]\n|turn|15\n|inactive|TaxFraud094 has 120 seconds left.\n|\n|t:|1699983013\n|move|p2a: Ceruledge|Poltergeist|p1a: Great Tusk\n|-activate|p1a: Great Tusk|move: Poltergeist|Heavy-Duty Boots\n|-damage|p1a: Great Tusk|13\/100\n|move|p1a: Great Tusk|Knock Off|p2a: Ceruledge\n|-supereffective|p2a: Ceruledge\n|-damage|p2a: Ceruledge|0 fnt\n|-enditem|p2a: Ceruledge|Focus Sash|[from] move: Knock Off|[of] p1a: Great Tusk\n|faint|p2a: Ceruledge\n|\n|upkeep\n|inactive|TaxFraud094 has 120 seconds left.\n|\n|t:|1699983023\n|switch|p2a: Walking Wake|Walking Wake|100\/100\n|-start|p2a: Walking Wake|typechange|Water\/Dragon\/Fire|[silent]\n|-status|p2a: Walking Wake|psn\n|-start|p2a: Walking Wake|typechange|Water\/Dragon\/Fire|[silent]\n|turn|16\n|\n|t:|1699983030\n|-end|p1a: Great Tusk|Protosynthesis|[silent]\n|switch|p1a: Blissey|Blissey, F|100\/100\n|-start|p1a: Blissey|typechange|Normal\/Ghost|[silent]\n|move|p2a: Walking Wake|Flip Turn|p1a: Blissey\n|-damage|p1a: Blissey|85\/100\n|\n|t:|1699983033\n|-end|p2a: Walking Wake|Protosynthesis|[silent]\n|switch|p2a: Torkoal|Torkoal, F|100\/100|[from] Flip Turn\n|-start|p2a: Torkoal|typechange|Fire\/Fighting|[silent]\n|-status|p2a: Torkoal|psn\n|-weather|SunnyDay|[from] ability: Drought|[of] p2a: Torkoal\n|\n|-weather|SunnyDay|[upkeep]\n|-damage|p2a: Torkoal|88\/100 psn|[from] psn\n|upkeep\n|-start|p1a: Blissey|typechange|Normal\/Ghost|[silent]\n|-start|p2a: Torkoal|typechange|Fire\/Fighting|[silent]\n|turn|17\n|\n|t:|1699983045\n|switch|p2a: Lilligant|Lilligant-Hisui, F, shiny|100\/100\n|-start|p2a: Lilligant|typechange|Grass\/Fighting\/Ice|[silent]\n|-status|p2a: Lilligant|psn\n|move|p1a: Blissey|Stealth Rock|p2a: Lilligant\n|-sidestart|p2: TaxFraud094|move: Stealth Rock\n|\n|-weather|SunnyDay|[upkeep]\n|-damage|p2a: Lilligant|88\/100 psn|[from] psn\n|upkeep\n|-start|p2a: Lilligant|typechange|Grass\/Fighting\/Ice|[silent]\n|turn|18\n|j| PrimalKyogre555\n|\n|t:|1699983068\n|move|p2a: Lilligant|Solar Blade||[still]\n|-prepare|p2a: Lilligant|Solar Blade\n|-anim|p2a: Lilligant|Solar Blade|p1a: Blissey\n|-damage|p1a: Blissey|0 fnt\n|faint|p1a: Blissey\n|\n|-weather|SunnyDay|[upkeep]\n|-damage|p2a: Lilligant|76\/100 psn|[from] psn\n|upkeep\n|\n|t:|1699983073\n|switch|p1a: Clodsire|Clodsire, M|100\/100\n|-start|p1a: Clodsire|typechange|Poison\/Ground\/Dark|[silent]\n|-start|p1a: Clodsire|typechange|Poison\/Ground\/Dark|[silent]\n|turn|19\n|\n|t:|1699983076\n|move|p2a: Lilligant|Solar Blade||[still]\n|-prepare|p2a: Lilligant|Solar Blade\n|-anim|p2a: Lilligant|Solar Blade|p1a: Clodsire\n|-damage|p1a: Clodsire|0 fnt\n|faint|p1a: Clodsire\n|\n|-weather|SunnyDay|[upkeep]\n|-damage|p2a: Lilligant|63\/100 psn|[from] psn\n|upkeep\n|\n|t:|1699983082\n|switch|p1a: Great Tusk|Great Tusk|13\/100\n|-start|p1a: Great Tusk|typechange|Ground\/Fighting\/Water|[silent]\n|-activate|p1a: Great Tusk|ability: Protosynthesis\n|-start|p1a: Great Tusk|protosynthesisdef\n|-start|p1a: Great Tusk|typechange|Ground\/Fighting\/Water|[silent]\n|turn|20\n|\n|t:|1699983089\n|move|p2a: Lilligant|Solar Blade||[still]\n|-prepare|p2a: Lilligant|Solar Blade\n|-anim|p2a: Lilligant|Solar Blade|p1a: Great Tusk\n|-supereffective|p1a: Great Tusk\n|-damage|p1a: Great Tusk|0 fnt\n|faint|p1a: Great Tusk\n|-end|p1a: Great Tusk|Protosynthesis|[silent]\n|\n|-weather|SunnyDay|[upkeep]\n|-damage|p2a: Lilligant|51\/100 psn|[from] psn\n|upkeep\n|\n|t:|1699983091\n|switch|p1a: Dondozo|Dondozo, M|41\/100 slp\n|-start|p1a: Dondozo|typechange|Water\/Fairy|[silent]\n|-start|p1a: Dondozo|typechange|Water\/Fairy|[silent]\n|turn|21\n|\n|t:|1699983094\n|move|p2a: Lilligant|Solar Blade||[still]\n|-prepare|p2a: Lilligant|Solar Blade\n|-anim|p2a: Lilligant|Solar Blade|p1a: Dondozo\n|-supereffective|p1a: Dondozo\n|-damage|p1a: Dondozo|0 fnt\n|faint|p1a: Dondozo\n|\n|win|TaxFraud094\n|n|\u2606jb291|jb291\n|n|\u2606TaxFraud094|taxfraud094\n|n| PrimalKyogre555|primalkyogre555\n|l|\u2606jb291\n|l|\u2606TaxFraud094\n|l| PrimalKyogre555\n|j|\u2606TaxFraud094\n|player|p2|TaxFraud094|acetrainerf-gen4\n","uploadtime":1699983192,"views":24,"p1id":"jb291","p2id":"taxfraud094","formatid":"gen9anythinggoes","rating":0,"private":0,"password":""}