{"id":"gen9anythinggoes-1982534929","p1":"SexySunday","p2":"Gooooper","format":"[Gen 9] Anything Goes","log":"|j|\u2606SexySunday\n|j|\u2606Gooooper\n|t:|1699023551\n|gametype|singles\n|player|p1|SexySunday|waitress|1377\n|player|p2|Gooooper|evelyn|1459\n|teamsize|p1|6\n|teamsize|p2|6\n|gen|9\n|tier|[Gen 9] Anything Goes\n|rated|\n|rule|HP Percentage Mod: HP is shown in percentages\n|rule|Endless Battle Clause: Forcing endless battles is banned\n|clearpoke\n|poke|p1|Arceus|\n|poke|p1|Calyrex-Shadow|\n|poke|p1|Volcarona, M|\n|poke|p1|Breloom, F|\n|poke|p1|Kyogre|\n|poke|p1|Baxcalibur, F|\n|poke|p2|Ditto|\n|poke|p2|Wooper-Paldea, M|\n|poke|p2|Clodsire, M|\n|poke|p2|Arceus|\n|poke|p2|Eternatus|\n|poke|p2|Calyrex-Shadow|\n|teampreview\n|inactive|Battle timer is ON: inactive players will automatically lose when time's up. (requested by Gooooper)\n|\n|t:|1699023571\n|start\n|switch|p1a: Kyogre|Kyogre, shiny|100\/100\n|switch|p2a: Gooper|Wooper-Paldea, M, shiny|100\/100\n|-weather|RainDance|[from] ability: Drizzle|[of] p1a: Kyogre\n|turn|1\n|\n|t:|1699023583\n|move|p1a: Kyogre|Water Spout|p2a: Gooper\n|-immune|p2a: Gooper|[from] ability: Water Absorb\n|move|p2a: Gooper|Toxic Spikes|p1a: Kyogre\n|-sidestart|p1: SexySunday|move: Toxic Spikes\n|\n|-weather|RainDance|[upkeep]\n|upkeep\n|turn|2\n|\n|t:|1699023592\n|move|p1a: Kyogre|Ice Beam|p2a: Gooper\n|-supereffective|p2a: Gooper\n|-damage|p2a: Gooper|16\/100\n|move|p2a: Gooper|Toxic Spikes|p1a: Kyogre\n|-sidestart|p1: SexySunday|move: Toxic Spikes\n|\n|-weather|RainDance|[upkeep]\n|upkeep\n|turn|3\n|\n|t:|1699023601\n|move|p1a: Kyogre|Ice Beam|p2a: Gooper\n|-supereffective|p2a: Gooper\n|-damage|p2a: Gooper|0 fnt\n|faint|p2a: Gooper\n|\n|-weather|RainDance|[upkeep]\n|upkeep\n|\n|t:|1699023615\n|switch|p2a: Blue|Ditto, shiny|100\/100\n|-transform|p2a: Blue|p1a: Kyogre|[from] ability: Imposter\n|turn|4\n|\n|t:|1699023629\n|move|p2a: Blue|Water Spout|p1a: Kyogre\n|-resisted|p1a: Kyogre\n|-damage|p1a: Kyogre|71\/100\n|move|p1a: Kyogre|Thunderbolt|p2a: Blue\n|-supereffective|p2a: Blue\n|-damage|p2a: Blue|35\/100\n|\n|-weather|RainDance|[upkeep]\n|upkeep\n|turn|5\n|\n|t:|1699023637\n|switch|p2a: God ?|Arceus, shiny|100\/100\n|move|p1a: Kyogre|Ice Beam|p2a: God ?\n|-damage|p2a: God ?|80\/100\n|\n|-weather|none\n|-heal|p2a: God ?|87\/100|[from] item: Leftovers\n|upkeep\n|turn|6\n|\n|t:|1699023646\n|move|p2a: God ?|Extreme Speed|p1a: Kyogre\n|-damage|p1a: Kyogre|43\/100\n|move|p1a: Kyogre|Water Spout|p2a: God ?\n|-damage|p2a: God ?|63\/100\n|\n|-heal|p2a: God ?|69\/100|[from] item: Leftovers\n|upkeep\n|turn|7\n|\n|t:|1699023656\n|move|p2a: God ?|Recover|p2a: God ?\n|-heal|p2a: God ?|100\/100\n|move|p1a: Kyogre|Ice Beam|p2a: God ?\n|-damage|p2a: God ?|79\/100\n|\n|-heal|p2a: God ?|85\/100|[from] item: Leftovers\n|upkeep\n|turn|8\n|\n|t:|1699023664\n|move|p2a: God ?|Extreme Speed|p1a: Kyogre\n|-damage|p1a: Kyogre|14\/100\n|move|p1a: Kyogre|Ice Beam|p2a: God ?\n|-damage|p2a: God ?|62\/100\n|\n|-heal|p2a: God ?|68\/100|[from] item: Leftovers\n|upkeep\n|turn|9\n|\n|t:|1699023672\n|move|p2a: God ?|Extreme Speed|p1a: Kyogre\n|-damage|p1a: Kyogre|0 fnt\n|faint|p1a: Kyogre\n|\n|-heal|p2a: God ?|74\/100|[from] item: Leftovers\n|upkeep\n|\n|t:|1699023680\n|switch|p1a: Calyrex|Calyrex-Shadow|100\/100\n|-ability|p1a: Calyrex|As One\n|-ability|p1a: Calyrex|Unnerve\n|-status|p1a: Calyrex|tox\n|turn|10\n|\n|t:|1699023688\n|move|p1a: Calyrex|Calm Mind|p1a: Calyrex\n|-boost|p1a: Calyrex|spa|1\n|-boost|p1a: Calyrex|spd|1\n|move|p2a: God ?|Roar|p1a: Calyrex\n|drag|p1a: Volcarona|Volcarona, M|100\/100\n|-status|p1a: Volcarona|tox\n|\n|-heal|p2a: God ?|80\/100|[from] item: Leftovers\n|-damage|p1a: Volcarona|94\/100 tox|[from] psn\n|upkeep\n|turn|11\n|\n|t:|1699023699\n|move|p1a: Volcarona|Quiver Dance|p1a: Volcarona\n|-boost|p1a: Volcarona|spa|1\n|-boost|p1a: Volcarona|spd|1\n|-boost|p1a: Volcarona|spe|1\n|move|p2a: God ?|Roar|p1a: Volcarona\n|drag|p1a: Breloom|Breloom, F, shiny|100\/100\n|-status|p1a: Breloom|tox\n|\n|-heal|p2a: God ?|86\/100|[from] item: Leftovers\n|upkeep\n|turn|12\n|\n|t:|1699023708\n|move|p1a: Breloom|Mach Punch|p2a: God ?\n|-supereffective|p2a: God ?\n|-damage|p2a: God ?|60\/100\n|move|p2a: God ?|Roar|p1a: Breloom\n|drag|p1a: Volcarona|Volcarona, M|94\/100 tox\n|\n|-heal|p1a: Volcarona|100\/100 tox|[from] item: Leftovers\n|-heal|p2a: God ?|66\/100|[from] item: Leftovers\n|-damage|p1a: Volcarona|94\/100 tox|[from] psn\n|upkeep\n|turn|13\n|\n|t:|1699023718\n|move|p1a: Volcarona|Fiery Dance|p2a: God ?\n|-damage|p2a: God ?|40\/100\n|move|p2a: God ?|Recover|p2a: God ?\n|-heal|p2a: God ?|90\/100\n|\n|-heal|p1a: Volcarona|100\/100 tox|[from] item: Leftovers\n|-heal|p2a: God ?|96\/100|[from] item: Leftovers\n|-damage|p1a: Volcarona|88\/100 tox|[from] psn\n|upkeep\n|turn|14\n|\n|t:|1699023730\n|switch|p2a: Clod|Clodsire, M, shiny|100\/100\n|move|p1a: Volcarona|Fiery Dance|p2a: Clod\n|-damage|p2a: Clod|67\/100\n|\n|-heal|p1a: Volcarona|94\/100 tox|[from] item: Leftovers\n|-heal|p2a: Clod|73\/100|[from] item: Leftovers\n|-damage|p1a: Volcarona|76\/100 tox|[from] psn\n|upkeep\n|turn|15\n|\n|t:|1699023739\n|move|p1a: Volcarona|Giga Drain|p2a: Clod\n|-damage|p2a: Clod|50\/100\n|-heal|p1a: Volcarona|93\/100 tox|[from] drain|[of] p2a: Clod\n|move|p2a: Clod|Stealth Rock|p1a: Volcarona\n|-sidestart|p1: SexySunday|move: Stealth Rock\n|\n|-heal|p1a: Volcarona|99\/100 tox|[from] item: Leftovers\n|-heal|p2a: Clod|57\/100|[from] item: Leftovers\n|-damage|p1a: Volcarona|75\/100 tox|[from] psn\n|upkeep\n|turn|16\n|\n|t:|1699023748\n|move|p1a: Volcarona|Giga Drain|p2a: Clod\n|-damage|p2a: Clod|33\/100\n|-heal|p1a: Volcarona|92\/100 tox|[from] drain|[of] p2a: Clod\n|move|p2a: Clod|Recover|p2a: Clod\n|-heal|p2a: Clod|83\/100\n|\n|-heal|p1a: Volcarona|99\/100 tox|[from] item: Leftovers\n|-heal|p2a: Clod|89\/100|[from] item: Leftovers\n|-damage|p1a: Volcarona|68\/100 tox|[from] psn\n|upkeep\n|turn|17\n|\n|t:|1699023761\n|switch|p1a: Breloom|Breloom, F, shiny|100\/100 tox\n|-damage|p1a: Breloom|94\/100 tox|[from] Stealth Rock\n|move|p2a: Clod|Earthquake|p1a: Breloom\n|-resisted|p1a: Breloom\n|-damage|p1a: Breloom|78\/100 tox\n|\n|-heal|p2a: Clod|96\/100|[from] item: Leftovers\n|-heal|p1a: Breloom|90\/100 tox|[from] ability: Poison Heal\n|upkeep\n|turn|18\n|\n|t:|1699023774\n|switch|p2a: Le Grapin|Eternatus, shiny|100\/100\n|-ability|p2a: Le Grapin|Pressure\n|move|p1a: Breloom|Seed Bomb|p2a: Le Grapin\n|-resisted|p2a: Le Grapin\n|-damage|p2a: Le Grapin|90\/100\n|\n|-heal|p2a: Le Grapin|96\/100|[from] item: Leftovers\n|-heal|p1a: Breloom|100\/100 tox|[from] ability: Poison Heal\n|upkeep\n|turn|19\n|\n|t:|1699023792\n|move|p2a: Le Grapin|Sludge Bomb|p1a: Breloom\n|-supereffective|p1a: Breloom\n|-damage|p1a: Breloom|0 fnt\n|faint|p1a: Breloom\n|\n|-heal|p2a: Le Grapin|100\/100|[from] item: Leftovers\n|upkeep\n|\n|t:|1699023799\n|switch|p1a: Baxcalibur|Baxcalibur, F|100\/100\n|-status|p1a: Baxcalibur|tox\n|-damage|p1a: Baxcalibur|76\/100 tox|[from] Stealth Rock\n|turn|20\n|\n|t:|1699023809\n|-terastallize|p2a: Le Grapin|Fairy\n|-terastallize|p1a: Baxcalibur|Ice\n|move|p2a: Le Grapin|Dynamax Cannon|p1a: Baxcalibur\n|-damage|p1a: Baxcalibur|15\/100 tox\n|move|p1a: Baxcalibur|Glaive Rush|p2a: Le Grapin\n|-immune|p2a: Le Grapin\n|\n|-damage|p1a: Baxcalibur|9\/100 tox|[from] psn\n|upkeep\n|turn|21\n|\n|t:|1699023822\n|move|p2a: Le Grapin|Sludge Bomb|p1a: Baxcalibur\n|-damage|p1a: Baxcalibur|0 fnt\n|faint|p1a: Baxcalibur\n|\n|upkeep\n|-message|SexySunday forfeited.\n|\n|win|Gooooper\n|raw|SexySunday's rating: 1377 &rarr; <strong>1362<\/strong><br \/>(-15 for losing)\n|raw|Gooooper's rating: 1459 &rarr; <strong>1474<\/strong><br \/>(+15 for winning)\n|l|\u2606SexySunday\n","uploadtime":1699023833,"views":7,"p1id":"sexysunday","p2id":"gooooper","formatid":"gen9anythinggoes","rating":1362,"private":0,"password":""}