{"id":"gen9anythinggoes-1983680734","p1":"Ohsnappity","p2":"binniebear125","format":"[Gen 9] Anything Goes","log":"|j|\u2606Ohsnappity\n|j|\u2606binniebear125\n|t:|1699159831\n|gametype|singles\n|player|p1|Ohsnappity|firebreather|1206\n|player|p2|binniebear125|bruno|1089\n|teamsize|p1|6\n|teamsize|p2|6\n|gen|9\n|tier|[Gen 9] Anything Goes\n|rated|\n|rule|HP Percentage Mod: HP is shown in percentages\n|rule|Endless Battle Clause: Forcing endless battles is banned\n|clearpoke\n|poke|p1|Mew|\n|poke|p1|Cramorant, F|\n|poke|p1|Morpeko, M|\n|poke|p1|Grimmsnarl, M|\n|poke|p1|Tauros-Paldea-Blaze, M|\n|poke|p1|Zoroark-Hisui, F|\n|poke|p2|Hatterene, F|\n|poke|p2|Iron Hands|\n|poke|p2|Kingambit, M|\n|poke|p2|Skeledirge, F|\n|poke|p2|Farigiraf, F|\n|poke|p2|Appletun, F|\n|teampreview\n|inactive|Battle timer is ON: inactive players will automatically lose when time's up. (requested by binniebear125)\n|\n|t:|1699159846\n|start\n|switch|p1a: Tauros|Tauros-Paldea-Blaze, M|100\/100\n|switch|p2a: Appletun|Appletun, F|100\/100\n|-ability|p1a: Tauros|Intimidate|boost\n|-unboost|p2a: Appletun|atk|1\n|turn|1\n|\n|t:|1699159850\n|move|p1a: Tauros|Raging Bull|p2a: Appletun\n|-damage|p2a: Appletun|71\/100\n|move|p2a: Appletun|Leech Seed|p1a: Tauros\n|-start|p1a: Tauros|move: Leech Seed\n|\n|-damage|p1a: Tauros|88\/100|[from] Leech Seed|[of] p2a: Appletun\n|-heal|p2a: Appletun|79\/100|[silent]\n|upkeep\n|turn|2\n|\n|t:|1699159859\n|switch|p1a: Grimmsnarl|Grimmsnarl, M, shiny|100\/100\n|move|p2a: Appletun|Apple Acid|p1a: Grimmsnarl\n|-damage|p1a: Grimmsnarl|69\/100\n|-unboost|p1a: Grimmsnarl|spd|1\n|\n|upkeep\n|turn|3\n|\n|t:|1699159877\n|-terastallize|p2a: Appletun|Fairy\n|move|p2a: Appletun|Leech Seed|p1a: Grimmsnarl\n|-start|p1a: Grimmsnarl|move: Leech Seed\n|move|p1a: Grimmsnarl|Spirit Break|p2a: Appletun\n|-damage|p2a: Appletun|46\/100\n|-unboost|p2a: Appletun|spa|1\n|-activate|p2a: Appletun|ability: Ripen\n|-enditem|p2a: Appletun|Sitrus Berry|[eat]\n|-heal|p2a: Appletun|96\/100|[from] item: Sitrus Berry\n|\n|-damage|p1a: Grimmsnarl|57\/100|[from] Leech Seed|[of] p2a: Appletun\n|-heal|p2a: Appletun|100\/100|[silent]\n|upkeep\n|turn|4\n|\n|t:|1699159890\n|switch|p1a: Mew|Mew, shiny|100\/100\n|move|p2a: Appletun|Recycle|p2a: Appletun\n|-item|p2a: Appletun|Sitrus Berry|[from] move: Recycle\n|\n|upkeep\n|turn|5\n|\n|t:|1699159897\n|move|p1a: Mew|Fire Spin|p2a: Appletun\n|-damage|p2a: Appletun|93\/100\n|-activate|p2a: Appletun|move: Fire Spin|[of] p1a: Mew\n|move|p2a: Appletun|Leech Seed|p1a: Mew\n|-start|p1a: Mew|move: Leech Seed\n|\n|-damage|p1a: Mew|88\/100|[from] Leech Seed|[of] p2a: Appletun\n|-heal|p2a: Appletun|100\/100|[silent]\n|-damage|p2a: Appletun|88\/100|[from] move: Fire Spin|[partiallytrapped]\n|upkeep\n|turn|6\n|\n|t:|1699159904\n|move|p1a: Mew|Imprison|p1a: Mew\n|-start|p1a: Mew|move: Imprison\n|move|p2a: Appletun|Apple Acid|p1a: Mew\n|-damage|p1a: Mew|73\/100\n|-unboost|p1a: Mew|spd|1\n|\n|-heal|p1a: Mew|79\/100|[from] item: Leftovers\n|-damage|p1a: Mew|67\/100|[from] Leech Seed|[of] p2a: Appletun\n|-heal|p2a: Appletun|98\/100|[silent]\n|-damage|p2a: Appletun|85\/100|[from] move: Fire Spin|[partiallytrapped]\n|upkeep\n|turn|7\n|\n|t:|1699159918\n|move|p1a: Mew|Transform|p2a: Appletun\n|-transform|p1a: Mew|p2a: Appletun\n|cant|p2a: Appletun|move: Imprison|Apple Acid\n|\n|-activate|p1a: Mew|ability: Ripen\n|-heal|p1a: Mew|73\/100|[from] item: Leftovers\n|-damage|p1a: Mew|61\/100|[from] Leech Seed|[of] p2a: Appletun\n|-heal|p2a: Appletun|95\/100|[silent]\n|-damage|p2a: Appletun|83\/100|[from] move: Fire Spin|[partiallytrapped]\n|upkeep\n|-start|p1a: Mew|typechange|Grass\/Dragon|[silent]\n|turn|8\n|\n|t:|1699159930\n|move|p1a: Mew|Leech Seed|p2a: Appletun\n|-start|p2a: Appletun|move: Leech Seed\n|-activate|p2a: Appletun|move: Struggle\n|move|p2a: Appletun|Struggle|p1a: Mew\n|-damage|p1a: Mew|56\/100\n|-damage|p2a: Appletun|58\/100|[from] recoil\n|\n|-activate|p1a: Mew|ability: Ripen\n|-heal|p1a: Mew|62\/100|[from] item: Leftovers\n|-damage|p2a: Appletun|45\/100|[from] Leech Seed|[of] p1a: Mew\n|-heal|p1a: Mew|78\/100|[silent]\n|-damage|p1a: Mew|66\/100|[from] Leech Seed|[of] p2a: Appletun\n|-heal|p2a: Appletun|55\/100|[silent]\n|-damage|p2a: Appletun|43\/100|[from] move: Fire Spin|[partiallytrapped]\n|upkeep\n|-activate|p2a: Appletun|ability: Ripen\n|-enditem|p2a: Appletun|Sitrus Berry|[eat]\n|-heal|p2a: Appletun|93\/100|[from] item: Sitrus Berry\n|turn|9\n|\n|t:|1699159945\n|move|p1a: Mew|Recover|p1a: Mew\n|-heal|p1a: Mew|100\/100\n|-activate|p2a: Appletun|move: Struggle\n|move|p2a: Appletun|Struggle|p1a: Mew\n|-damage|p1a: Mew|95\/100\n|-damage|p2a: Appletun|68\/100|[from] recoil\n|\n|-activate|p1a: Mew|ability: Ripen\n|-heal|p1a: Mew|100\/100|[from] item: Leftovers\n|-damage|p1a: Mew|88\/100|[from] Leech Seed|[of] p2a: Appletun\n|-heal|p2a: Appletun|78\/100|[silent]\n|-damage|p2a: Appletun|65\/100|[from] Leech Seed|[of] p1a: Mew\n|-heal|p1a: Mew|100\/100|[silent]\n|-end|p2a: Appletun|Fire Spin|[partiallytrapped]\n|upkeep\n|turn|10\n|\n|t:|1699159951\n|-activate|p2a: Appletun|move: Struggle\n|move|p2a: Appletun|Struggle|p1a: Mew\n|-damage|p1a: Mew|95\/100\n|-damage|p2a: Appletun|40\/100|[from] recoil\n|move|p1a: Mew|Apple Acid|p2a: Appletun\n|-damage|p2a: Appletun|26\/100\n|-unboost|p2a: Appletun|spd|1\n|\n|-activate|p1a: Mew|ability: Ripen\n|-heal|p1a: Mew|100\/100|[from] item: Leftovers\n|-damage|p1a: Mew|88\/100|[from] Leech Seed|[of] p2a: Appletun\n|-heal|p2a: Appletun|36\/100|[silent]\n|-damage|p2a: Appletun|23\/100|[from] Leech Seed|[of] p1a: Mew\n|-heal|p1a: Mew|100\/100|[silent]\n|upkeep\n|turn|11\n|\n|t:|1699159955\n|move|p1a: Mew|Apple Acid|p2a: Appletun\n|-damage|p2a: Appletun|2\/100\n|-unboost|p2a: Appletun|spd|1\n|-activate|p2a: Appletun|move: Struggle\n|move|p2a: Appletun|Struggle|p1a: Mew\n|-crit|p1a: Mew\n|-damage|p1a: Mew|89\/100\n|-damage|p2a: Appletun|0 fnt|[from] recoil\n|faint|p2a: Appletun\n|\n|-activate|p1a: Mew|ability: Ripen\n|-heal|p1a: Mew|95\/100|[from] item: Leftovers\n|upkeep\n|\n|t:|1699159960\n|switch|p2a: Skeledirge|Skeledirge, F|100\/100\n|turn|12\n|\n|t:|1699159966\n|switch|p1a: Tauros|Tauros-Paldea-Blaze, M|88\/100\n|-ability|p1a: Tauros|Intimidate|boost\n|-unboost|p2a: Skeledirge|atk|1\n|move|p2a: Skeledirge|Torch Song|p1a: Tauros\n|-resisted|p1a: Tauros\n|-damage|p1a: Tauros|67\/100\n|-boost|p2a: Skeledirge|spa|1\n|\n|upkeep\n|turn|13\n|\n|t:|1699159983\n|move|p1a: Tauros|Earthquake|p2a: Skeledirge\n|-supereffective|p2a: Skeledirge\n|-damage|p2a: Skeledirge|48\/100\n|move|p2a: Skeledirge|Torch Song|p1a: Tauros\n|-resisted|p1a: Tauros\n|-damage|p1a: Tauros|37\/100\n|-boost|p2a: Skeledirge|spa|1\n|\n|-heal|p2a: Skeledirge|54\/100|[from] item: Leftovers\n|upkeep\n|turn|14\n|\n|t:|1699159994\n|switch|p2a: Farigiraf|Farigiraf, F|100\/100\n|move|p1a: Tauros|Earthquake|p2a: Farigiraf\n|-crit|p2a: Farigiraf\n|-damage|p2a: Farigiraf|65\/100\n|\n|upkeep\n|turn|15\n|\n|t:|1699159999\n|move|p1a: Tauros|Raging Bull|p2a: Farigiraf\n|-damage|p2a: Farigiraf|32\/100\n|move|p2a: Farigiraf|Trick Room|p2a: Farigiraf\n|-fieldstart|move: Trick Room|[of] p2a: Farigiraf\n|\n|upkeep\n|turn|16\n|\n|t:|1699160005\n|move|p2a: Farigiraf|Foul Play|p1a: Tauros\n|-resisted|p1a: Tauros\n|-damage|p1a: Tauros|21\/100\n|move|p1a: Tauros|Earthquake|p2a: Farigiraf\n|-damage|p2a: Farigiraf|5\/100\n|\n|upkeep\n|turn|17\n|\n|t:|1699160014\n|move|p2a: Farigiraf|Reflect|p2a: Farigiraf\n|-sidestart|p2: binniebear125|Reflect\n|move|p1a: Tauros|Raging Bull|p2a: Farigiraf\n|-sideend|p2: binniebear125|Reflect\n|-damage|p2a: Farigiraf|0 fnt\n|faint|p2a: Farigiraf\n|\n|upkeep\n|\n|t:|1699160019\n|switch|p2a: Hatterene|Hatterene, F|100\/100\n|turn|18\n|\n|t:|1699160024\n|move|p2a: Hatterene|Draining Kiss|p1a: Tauros\n|-damage|p1a: Tauros|0 fnt\n|faint|p1a: Tauros\n|\n|upkeep\n|\n|t:|1699160033\n|switch|p1a: Mew|Mew, shiny|95\/100\n|turn|19\n|\n|t:|1699160043\n|move|p2a: Hatterene|Calm Mind|p2a: Hatterene\n|-boost|p2a: Hatterene|spa|1\n|-boost|p2a: Hatterene|spd|1\n|move|p1a: Mew|Fire Spin|p2a: Hatterene\n|-damage|p2a: Hatterene|95\/100\n|-activate|p2a: Hatterene|move: Fire Spin|[of] p1a: Mew\n|\n|-heal|p1a: Mew|100\/100|[from] item: Leftovers\n|-damage|p2a: Hatterene|82\/100|[from] move: Fire Spin|[partiallytrapped]\n|-fieldend|move: Trick Room\n|upkeep\n|turn|20\n|\n|t:|1699160049\n|move|p1a: Mew|Imprison|p1a: Mew\n|-start|p1a: Mew|move: Imprison\n|move|p2a: Hatterene|Stored Power|p1a: Mew\n|-resisted|p1a: Mew\n|-damage|p1a: Mew|80\/100\n|\n|-heal|p1a: Mew|86\/100|[from] item: Leftovers\n|-damage|p2a: Hatterene|70\/100|[from] move: Fire Spin|[partiallytrapped]\n|upkeep\n|turn|21\n|\n|t:|1699160057\n|move|p1a: Mew|Transform|p2a: Hatterene\n|-transform|p1a: Mew|p2a: Hatterene\n|cant|p2a: Hatterene|move: Imprison|Draining Kiss\n|\n|-heal|p1a: Mew|93\/100|[from] item: Leftovers\n|-damage|p2a: Hatterene|58\/100|[from] move: Fire Spin|[partiallytrapped]\n|upkeep\n|turn|22\n|c|\u2606binniebear125|ur gay\n|\n|t:|1699160068\n|move|p1a: Mew|Calm Mind|p1a: Mew\n|-boost|p1a: Mew|spa|1\n|-boost|p1a: Mew|spd|1\n|-activate|p2a: Hatterene|move: Struggle\n|move|p2a: Hatterene|Struggle|p1a: Mew\n|-damage|p1a: Mew|85\/100\n|-damage|p2a: Hatterene|33\/100|[from] recoil\n|\n|-heal|p1a: Mew|91\/100|[from] item: Leftovers\n|-damage|p2a: Hatterene|20\/100|[from] move: Fire Spin|[partiallytrapped]\n|upkeep\n|turn|23\n|\n|t:|1699160074\n|-activate|p2a: Hatterene|move: Struggle\n|move|p2a: Hatterene|Struggle|p1a: Mew\n|-damage|p1a: Mew|83\/100\n|-damage|p2a: Hatterene|0 fnt|[from] recoil\n|faint|p2a: Hatterene\n|move|p1a: Mew|Calm Mind|p1a: Mew\n|-boost|p1a: Mew|spa|1\n|-boost|p1a: Mew|spd|1\n|\n|-heal|p1a: Mew|89\/100|[from] item: Leftovers\n|upkeep\n|\n|t:|1699160081\n|switch|p2a: Kingambit|Kingambit, M|100\/100\n|-activate|p2a: Kingambit|ability: Supreme Overlord\n|-start|p2a: Kingambit|fallen3|[silent]\n|turn|24\n|\n|t:|1699160090\n|move|p2a: Kingambit|Sucker Punch|p1a: Mew\n|-damage|p1a: Mew|34\/100\n|move|p1a: Mew|Draining Kiss|p2a: Kingambit\n|-damage|p2a: Kingambit|32\/100\n|-heal|p1a: Mew|95\/100|[from] drain|[of] p2a: Kingambit\n|\n|-heal|p1a: Mew|100\/100|[from] item: Leftovers\n|upkeep\n|turn|25\n|\n|t:|1699160096\n|move|p2a: Kingambit|Sucker Punch|p1a: Mew\n|-damage|p1a: Mew|48\/100\n|move|p1a: Mew|Draining Kiss|p2a: Kingambit\n|-damage|p2a: Kingambit|0 fnt\n|-heal|p1a: Mew|77\/100|[from] drain|[of] p2a: Kingambit\n|faint|p2a: Kingambit\n|-end|p2a: Kingambit|fallen3|[silent]\n|\n|-heal|p1a: Mew|83\/100|[from] item: Leftovers\n|upkeep\n|c|\u2606binniebear125|f\n|c|\u2606binniebear125|a\n|c|\u2606binniebear125|g\n|c|\u2606binniebear125|g\n|c|\u2606binniebear125|o\n|c|\u2606binniebear125|t\n|c|\u2606binniebear125|ass\n|c|\u2606binniebear125|n\n|c|\u2606binniebear125|i\n|c|\u2606binniebear125|g\n|c|\u2606binniebear125|g\n|c|\u2606binniebear125|a\n|c|\u2606binniebear125|k\n|c|\u2606binniebear125|y\n|c|\u2606binniebear125|s\n|c|\u2606binniebear125|f\n|c|\u2606binniebear125|u\n|c|\u2606binniebear125|c\n|c|\u2606Ohsnappity|Why u mad\n|c|\u2606binniebear125|k\n|c|\u2606binniebear125|i\n|c|\u2606binniebear125|n\n|c|\u2606binniebear125|g\n|c|\u2606binniebear125|loser\n|c|\u2606binniebear125|ass\n|c|\u2606binniebear125|n\n|c|\u2606binniebear125|i\n|c|\u2606Ohsnappity|Ez\n|c|\u2606binniebear125|g\n|inactive|binniebear125 has 120 seconds left.\n|c|\u2606binniebear125|g\n|c|\u2606binniebear125|a\n|c|\u2606binniebear125|ur ass\n|c|\u2606binniebear125|using the same shit\n|c|\u2606Ohsnappity|Your own mon\n|c|\u2606binniebear125|k\n|c|\u2606binniebear125|y\n|c|\u2606binniebear125|s\n|c|\u2606binniebear125|n\n|c|\u2606binniebear125|i\n|c|\u2606binniebear125|g\n|c|\u2606binniebear125|g\n|c|\u2606binniebear125|e\n|c|\u2606binniebear125|r\n|c|\u2606binniebear125|p\n|c|\u2606binniebear125|u\n|c|\u2606binniebear125|s\n|c|\u2606binniebear125|s\n|c|\u2606binniebear125|y\n|c|\u2606binniebear125|n\n|c|\u2606binniebear125|i\n|c|\u2606binniebear125|g\n|c|\u2606binniebear125|g\n|c|\u2606binniebear125|e\n|inactive|binniebear125 has 90 seconds left.\n|c|\u2606binniebear125|r\n|-message|binniebear125 forfeited.\n|\n|win|Ohsnappity\n|raw|Ohsnappity's rating: 1206 &rarr; <strong>1223<\/strong><br \/>(+17 for winning)\n|raw|binniebear125's rating: 1089 &rarr; <strong>1073<\/strong><br \/>(-16 for losing)\n|l|\u2606binniebear125\n","uploadtime":1699160210,"views":3,"p1id":"ohsnappity","p2id":"binniebear125","formatid":"gen9anythinggoes","rating":1073,"private":0,"password":""}