{"id":"gen9anythinggoes-1990123989","p1":"crazy1wascra","p2":"GRIFFlN","format":"[Gen 9] Anything Goes","log":"|j|\u2606crazy1wascra\n|j|\u2606GRIFFlN\n|t:|1699927114\n|gametype|singles\n|player|p1|crazy1wascra|emmet|1103\n|player|p2|GRIFFlN|gentleman-gen4|1046\n|teamsize|p1|6\n|teamsize|p2|6\n|gen|9\n|tier|[Gen 9] Anything Goes\n|rated|\n|rule|HP Percentage Mod: HP is shown in percentages\n|rule|Endless Battle Clause: Forcing endless battles is banned\n|clearpoke\n|poke|p1|Jolteon, M|\n|poke|p1|Cinderace, F|\n|poke|p1|Mew|\n|poke|p1|Mewtwo|\n|poke|p1|Chi-Yu|\n|poke|p1|Espathra, F|\n|poke|p2|Eternatus|\n|poke|p2|Eternatus|\n|poke|p2|Eternatus|\n|poke|p2|Eternatus|\n|poke|p2|Eternatus|\n|poke|p2|Eternatus|\n|teampreview\n|\n|t:|1699927118\n|start\n|switch|p1a: Espathra|Espathra, F|100\/100\n|switch|p2a: Eternatus|Eternatus|100\/100\n|-ability|p2a: Eternatus|Pressure\n|turn|1\n|\n|t:|1699927127\n|move|p1a: Espathra|Calm Mind|p1a: Espathra\n|-boost|p1a: Espathra|spa|1\n|-boost|p1a: Espathra|spd|1\n|move|p2a: Eternatus|Toxic|p1a: Espathra\n|-status|p1a: Espathra|tox\n|\n|-damage|p1a: Espathra|94\/100 tox|[from] psn\n|-ability|p1a: Espathra|Speed Boost|boost\n|-boost|p1a: Espathra|spe|1\n|upkeep\n|turn|2\n|\n|t:|1699927135\n|move|p1a: Espathra|Calm Mind|p1a: Espathra\n|-boost|p1a: Espathra|spa|1\n|-boost|p1a: Espathra|spd|1\n|move|p2a: Eternatus|Dynamax Cannon|p1a: Espathra\n|-damage|p1a: Espathra|43\/100 tox\n|\n|-heal|p1a: Espathra|49\/100 tox|[from] item: Leftovers\n|-damage|p1a: Espathra|37\/100 tox|[from] psn\n|-ability|p1a: Espathra|Speed Boost|boost\n|-boost|p1a: Espathra|spe|1\n|upkeep\n|turn|3\n|\n|t:|1699927147\n|move|p2a: Eternatus|Protect|p2a: Eternatus\n|-singleturn|p2a: Eternatus|Protect\n|move|p1a: Espathra|Baton Pass|p1a: Espathra\n|\n|t:|1699927151\n|switch|p1a: Mew|Mew|100\/100|[from] Baton Pass\n|\n|upkeep\n|turn|4\n|\n|t:|1699927165\n|move|p1a: Mew|Bulk Up|p1a: Mew\n|-boost|p1a: Mew|atk|1\n|-boost|p1a: Mew|def|1\n|move|p2a: Eternatus|Toxic|p1a: Mew\n|-status|p1a: Mew|tox\n|-activate|p1a: Mew|ability: Synchronize\n|-immune|p2a: Eternatus\n|\n|-damage|p1a: Mew|94\/100 tox|[from] psn\n|upkeep\n|turn|5\n|\n|t:|1699927178\n|move|p2a: Eternatus|Protect|p2a: Eternatus\n|-singleturn|p2a: Eternatus|Protect\n|move|p1a: Mew|Bulk Up|p1a: Mew\n|-boost|p1a: Mew|atk|1\n|-boost|p1a: Mew|def|1\n|\n|-damage|p1a: Mew|82\/100 tox|[from] psn\n|upkeep\n|turn|6\n|\n|t:|1699927200\n|move|p1a: Mew|Calm Mind|p1a: Mew\n|-boost|p1a: Mew|spa|1\n|-boost|p1a: Mew|spd|1\n|move|p2a: Eternatus|Dynamax Cannon|p1a: Mew\n|-damage|p1a: Mew|62\/100 tox\n|\n|-damage|p1a: Mew|43\/100 tox|[from] psn\n|upkeep\n|turn|7\n|\n|t:|1699927214\n|move|p2a: Eternatus|Protect|p2a: Eternatus\n|-singleturn|p2a: Eternatus|Protect\n|move|p1a: Mew|Baton Pass|p1a: Mew\n|\n|t:|1699927217\n|switch|p1a: dog|Jolteon, M|100\/100|[from] Baton Pass\n|\n|upkeep\n|turn|8\n|\n|t:|1699927225\n|move|p1a: dog|Calm Mind|p1a: dog\n|-boost|p1a: dog|spa|1\n|-boost|p1a: dog|spd|1\n|move|p2a: Eternatus|Toxic|p1a: dog\n|-status|p1a: dog|tox\n|\n|-damage|p1a: dog|95\/100 tox|[from] psn\n|upkeep\n|turn|9\n|\n|t:|1699927235\n|move|p1a: dog|Agility|p1a: dog\n|-boost|p1a: dog|spe|2\n|move|p2a: Eternatus|Dynamax Cannon|p1a: dog\n|-damage|p1a: dog|69\/100 tox\n|\n|-damage|p1a: dog|57\/100 tox|[from] psn\n|upkeep\n|turn|10\n|\n|t:|1699927242\n|move|p2a: Eternatus|Protect|p2a: Eternatus\n|-singleturn|p2a: Eternatus|Protect\n|move|p1a: dog|Discharge|p2a: Eternatus\n|-activate|p2a: Eternatus|move: Protect\n|\n|-damage|p1a: dog|40\/100 tox|[from] psn\n|upkeep\n|turn|11\n|\n|t:|1699927250\n|move|p1a: dog|Baton Pass|p1a: dog\n|\n|t:|1699927254\n|switch|p1a: Mewtwo|Mewtwo|100\/100|[from] Baton Pass\n|-ability|p1a: Mewtwo|Pressure\n|move|p2a: Eternatus|Dynamax Cannon|p1a: Mewtwo\n|-damage|p1a: Mewtwo|78\/100\n|\n|upkeep\n|turn|12\n|\n|t:|1699927262\n|move|p1a: Mewtwo|Stored Power|p2a: Eternatus\n|-supereffective|p2a: Eternatus\n|-damage|p2a: Eternatus|0 fnt\n|faint|p2a: Eternatus\n|\n|upkeep\n|\n|t:|1699927267\n|switch|p2a: Eternatus|Eternatus|100\/100\n|-ability|p2a: Eternatus|Pressure\n|turn|13\n|\n|t:|1699927271\n|move|p1a: Mewtwo|Stored Power|p2a: Eternatus\n|-supereffective|p2a: Eternatus\n|-damage|p2a: Eternatus|0 fnt\n|faint|p2a: Eternatus\n|\n|upkeep\n|\n|t:|1699927275\n|switch|p2a: Eternatus|Eternatus|100\/100\n|-ability|p2a: Eternatus|Pressure\n|turn|14\n|\n|t:|1699927279\n|move|p2a: Eternatus|Protect|p2a: Eternatus\n|-singleturn|p2a: Eternatus|Protect\n|move|p1a: Mewtwo|Stored Power|p2a: Eternatus\n|-activate|p2a: Eternatus|move: Protect\n|\n|upkeep\n|turn|15\n|\n|t:|1699927285\n|move|p1a: Mewtwo|Stored Power|p2a: Eternatus\n|-supereffective|p2a: Eternatus\n|-damage|p2a: Eternatus|0 fnt\n|faint|p2a: Eternatus\n|\n|upkeep\n|\n|t:|1699927288\n|switch|p2a: Eternatus|Eternatus|100\/100\n|-ability|p2a: Eternatus|Pressure\n|turn|16\n|\n|t:|1699927294\n|-terastallize|p1a: Mewtwo|Psychic\n|move|p2a: Eternatus|Protect|p2a: Eternatus\n|-singleturn|p2a: Eternatus|Protect\n|move|p1a: Mewtwo|Stored Power|p2a: Eternatus\n|-activate|p2a: Eternatus|move: Protect\n|\n|upkeep\n|turn|17\n|\n|t:|1699927301\n|move|p1a: Mewtwo|Stored Power|p2a: Eternatus\n|-supereffective|p2a: Eternatus\n|-damage|p2a: Eternatus|0 fnt\n|faint|p2a: Eternatus\n|\n|upkeep\n|\n|t:|1699927304\n|switch|p2a: Eternatus|Eternatus|100\/100\n|-ability|p2a: Eternatus|Pressure\n|turn|18\n|\n|t:|1699927309\n|move|p2a: Eternatus|Protect|p2a: Eternatus\n|-singleturn|p2a: Eternatus|Protect\n|move|p1a: Mewtwo|Psycho Cut|p2a: Eternatus\n|-activate|p2a: Eternatus|move: Protect\n|\n|upkeep\n|turn|19\n|\n|t:|1699927317\n|move|p1a: Mewtwo|Stored Power|p2a: Eternatus\n|-supereffective|p2a: Eternatus\n|-damage|p2a: Eternatus|0 fnt\n|faint|p2a: Eternatus\n|\n|upkeep\n|\n|t:|1699927319\n|switch|p2a: Eternatus|Eternatus|100\/100\n|-ability|p2a: Eternatus|Pressure\n|turn|20\n|\n|t:|1699927324\n|move|p2a: Eternatus|Protect|p2a: Eternatus\n|-singleturn|p2a: Eternatus|Protect\n|move|p1a: Mewtwo|Psycho Cut|p2a: Eternatus\n|-activate|p2a: Eternatus|move: Protect\n|\n|upkeep\n|turn|21\n|\n|t:|1699927333\n|move|p1a: Mewtwo|Psycho Cut|p2a: Eternatus\n|-supereffective|p2a: Eternatus\n|-damage|p2a: Eternatus|0 fnt\n|faint|p2a: Eternatus\n|\n|win|crazy1wascra\n|raw|crazy1wascra's rating: 1103 &rarr; <strong>1124<\/strong><br \/>(+21 for winning)\n|raw|GRIFFlN's rating: 1046 &rarr; <strong>1032<\/strong><br \/>(-14 for losing)\n","uploadtime":1699927339,"views":9,"p1id":"crazy1wascra","p2id":"griffln","formatid":"gen9anythinggoes","rating":1032,"private":0,"password":""}