{"id":"gen9anythinggoes-1978848079","p1":"rolotism","p2":"Herojay13","format":"[Gen 9] Anything Goes","log":"|j|\u2606rolotism\n|j|\u2606Herojay13\n|t:|1698602300\n|gametype|singles\n|player|p1|rolotism|ingo|\n|player|p2|Herojay13|hiker-gen4|\n|teamsize|p1|6\n|teamsize|p2|6\n|gen|9\n|tier|[Gen 9] Anything Goes\n|rule|HP Percentage Mod: HP is shown in percentages\n|rule|Endless Battle Clause: Forcing endless battles is banned\n|clearpoke\n|poke|p1|Cinderace, F|\n|poke|p1|Zapdos|\n|poke|p1|Slowking, M|\n|poke|p1|Scizor, M|\n|poke|p1|Skuntank, M|\n|poke|p1|Donphan, F|\n|poke|p2|Iron Treads|\n|poke|p2|Ogerpon-Cornerstone, F|\n|poke|p2|Glastrier|\n|poke|p2|Bellibolt, F|\n|poke|p2|Toxapex, F|\n|poke|p2|Dusknoir, M|\n|teampreview\n|\n|t:|1698602426\n|start\n|switch|p1a: JoyBoy|Cinderace, F|100\/100\n|switch|p2a: Doctor Big Hands|Dusknoir, M|100\/100\n|-ability|p2a: Doctor Big Hands|Pressure\n|turn|1\n|\n|t:|1698602465\n|move|p1a: JoyBoy|U-turn|p2a: Doctor Big Hands\n|-start|p1a: JoyBoy|typechange|Bug|[from] ability: Libero\n|-resisted|p2a: Doctor Big Hands\n|-damage|p2a: Doctor Big Hands|84\/100\n|\n|t:|1698602483\n|switch|p1a: Steve|Skuntank, M|100\/100|[from] U-turn\n|move|p2a: Doctor Big Hands|Poltergeist|p1a: Steve\n|-activate|p1a: Steve|move: Poltergeist|Black Sludge\n|-resisted|p1a: Steve\n|-damage|p1a: Steve|62\/100\n|\n|-heal|p1a: Steve|68\/100|[from] item: Black Sludge\n|upkeep\n|turn|2\n|\n|t:|1698602516\n|switch|p2a: D\u00e9so|Toxapex, F|100\/100\n|move|p1a: Steve|Knock Off|p2a: D\u00e9so\n|-damage|p2a: D\u00e9so|71\/100\n|-enditem|p2a: D\u00e9so|Black Sludge|[from] move: Knock Off|[of] p1a: Steve\n|\n|-heal|p1a: Steve|74\/100|[from] item: Black Sludge\n|upkeep\n|turn|3\n|\n|t:|1698602530\n|move|p1a: Steve|Fire Spin|p2a: D\u00e9so\n|-resisted|p2a: D\u00e9so\n|-damage|p2a: D\u00e9so|69\/100\n|-activate|p2a: D\u00e9so|move: Fire Spin|[of] p1a: Steve\n|move|p2a: D\u00e9so|Chilling Water|p1a: Steve\n|-damage|p1a: Steve|53\/100\n|-unboost|p1a: Steve|atk|1\n|\n|-heal|p1a: Steve|59\/100|[from] item: Black Sludge\n|-damage|p2a: D\u00e9so|56\/100|[from] move: Fire Spin|[partiallytrapped]\n|upkeep\n|turn|4\n|\n|t:|1698602554\n|move|p1a: Steve|Toxic Spikes|p2a: D\u00e9so\n|-sidestart|p2: Herojay13|move: Toxic Spikes\n|move|p2a: D\u00e9so|Infestation|p1a: Steve\n|-damage|p1a: Steve|54\/100\n|-activate|p1a: Steve|move: Infestation|[of] p2a: D\u00e9so\n|\n|-heal|p1a: Steve|60\/100|[from] item: Black Sludge\n|-damage|p1a: Steve|47\/100|[from] move: Infestation|[partiallytrapped]\n|-damage|p2a: D\u00e9so|44\/100|[from] move: Fire Spin|[partiallytrapped]\n|upkeep\n|turn|5\n|c|\u2606rolotism|Lol\n|\n|t:|1698602567\n|move|p1a: Steve|Toxic Spikes|p2a: D\u00e9so\n|-sidestart|p2: Herojay13|move: Toxic Spikes\n|move|p2a: D\u00e9so|Toxic Spikes|p1a: Steve\n|-sidestart|p1: rolotism|move: Toxic Spikes\n|\n|-heal|p1a: Steve|53\/100|[from] item: Black Sludge\n|-damage|p1a: Steve|41\/100|[from] move: Infestation|[partiallytrapped]\n|-damage|p2a: D\u00e9so|31\/100|[from] move: Fire Spin|[partiallytrapped]\n|upkeep\n|turn|6\n|\n|t:|1698602584\n|move|p1a: Steve|Knock Off|p2a: D\u00e9so\n|-damage|p2a: D\u00e9so|16\/100\n|move|p2a: D\u00e9so|Toxic Spikes|p1a: Steve\n|-sidestart|p1: rolotism|move: Toxic Spikes\n|\n|-heal|p1a: Steve|47\/100|[from] item: Black Sludge\n|-damage|p1a: Steve|35\/100|[from] move: Infestation|[partiallytrapped]\n|-damage|p2a: D\u00e9so|3\/100|[from] move: Fire Spin|[partiallytrapped]\n|upkeep\n|turn|7\n|\n|t:|1698602595\n|move|p1a: Steve|Knock Off|p2a: D\u00e9so\n|-damage|p2a: D\u00e9so|0 fnt\n|faint|p2a: D\u00e9so\n|\n|-heal|p1a: Steve|41\/100|[from] item: Black Sludge\n|-end|p1a: Steve|Infestation|[partiallytrapped]|[silent]\n|upkeep\n|\n|t:|1698602601\n|switch|p2a: Twingo|Iron Treads|100\/100\n|turn|8\n|\n|t:|1698602614\n|switch|p1a: Golden Poulet|Zapdos|100\/100\n|move|p2a: Twingo|Rapid Spin|p1a: Golden Poulet\n|-damage|p1a: Golden Poulet|80\/100\n|-boost|p2a: Twingo|spe|1\n|-damage|p2a: Twingo|84\/100|[from] item: Rocky Helmet|[of] p1a: Golden Poulet\n|-sideend|p2: Herojay13|Toxic Spikes|[from] move: Rapid Spin|[of] p2a: Twingo\n|-damage|p2a: Twingo|74\/100|[from] item: Life Orb\n|\n|upkeep\n|turn|9\n|\n|t:|1698602630\n|move|p2a: Twingo|Knock Off|p1a: Golden Poulet\n|-damage|p1a: Golden Poulet|42\/100\n|-damage|p2a: Twingo|58\/100|[from] item: Rocky Helmet|[of] p1a: Golden Poulet\n|-enditem|p1a: Golden Poulet|Rocky Helmet|[from] move: Knock Off|[of] p2a: Twingo\n|-damage|p2a: Twingo|48\/100|[from] item: Life Orb\n|move|p1a: Golden Poulet|Heat Wave|p2a: Twingo\n|-supereffective|p2a: Twingo\n|-damage|p2a: Twingo|0 fnt\n|faint|p2a: Twingo\n|-end|p2a: Twingo|Quark Drive|[silent]\n|\n|upkeep\n|\n|t:|1698602646\n|switch|p2a: Cheval|Glastrier|100\/100\n|turn|10\n|\n|t:|1698602710\n|move|p1a: Golden Poulet|Volt Switch|p2a: Cheval\n|-damage|p2a: Cheval|79\/100\n|\n|t:|1698602725\n|switch|p1a: Steve|Skuntank, M|41\/100|[from] Volt Switch\n|-sideend|p1: rolotism|move: Toxic Spikes|[of] p1a: Steve\n|move|p2a: Cheval|Avalanche|p1a: Steve\n|-damage|p1a: Steve|2\/100\n|\n|-heal|p1a: Steve|8\/100|[from] item: Black Sludge\n|upkeep\n|turn|11\n|c|\u2606Herojay13|Bruh\n|c|\u2606rolotism|:#\n|\n|t:|1698602763\n|switch|p1a: Wait...|Slowking, M|100\/100\n|move|p2a: Cheval|Avalanche|p1a: Wait...\n|-resisted|p1a: Wait...\n|-damage|p1a: Wait...|83\/100\n|-enditem|p1a: Wait...|Eject Button\n|\n|t:|1698602771\n|switch|p1a: JoyBoy|Cinderace, F|100\/100\n|\n|upkeep\n|turn|12\n|\n|t:|1698602780\n|-terastallize|p2a: Cheval|Electric\n|move|p1a: JoyBoy|Pyro Ball|p2a: Cheval\n|-damage|p2a: Cheval|38\/100\n|move|p2a: Cheval|Double-Edge|p1a: JoyBoy\n|-damage|p1a: JoyBoy|33\/100\n|-damage|p2a: Cheval|22\/100|[from] Recoil\n|\n|-heal|p1a: JoyBoy|39\/100|[from] item: Leftovers\n|upkeep\n|turn|13\n|\n|t:|1698602790\n|move|p1a: JoyBoy|Pyro Ball|p2a: Cheval\n|-damage|p2a: Cheval|0 fnt\n|faint|p2a: Cheval\n|\n|-heal|p1a: JoyBoy|45\/100|[from] item: Leftovers\n|upkeep\n|\n|t:|1698602800\n|switch|p2a: Moooooooaaaah|Ogerpon-Cornerstone, F|100\/100\n|turn|14\n|c|\u2606rolotism|Mooooaaaaah\n|c|\u2606Herojay13|\ud83d\uddff\n|\n|t:|1698602869\n|move|p2a: Moooooooaaaah|Spiky Shield|p2a: Moooooooaaaah\n|-singleturn|p2a: Moooooooaaaah|move: Protect\n|move|p1a: JoyBoy|U-turn|p2a: Moooooooaaaah\n|-start|p1a: JoyBoy|typechange|Bug|[from] ability: Libero\n|-activate|p2a: Moooooooaaaah|move: Protect\n|-damage|p1a: JoyBoy|33\/100|[from] Spiky Shield|[of] p2a: Moooooooaaaah\n|\n|-heal|p1a: JoyBoy|39\/100|[from] item: Leftovers\n|upkeep\n|turn|15\n|\n|t:|1698602879\n|move|p1a: JoyBoy|U-turn|p2a: Moooooooaaaah\n|-supereffective|p2a: Moooooooaaaah\n|-damage|p2a: Moooooooaaaah|19\/100\n|\n|t:|1698602891\n|switch|p1a: Maringouin|Scizor, M|100\/100|[from] U-turn\n|move|p2a: Moooooooaaaah|Rock Tomb|p1a: Maringouin\n|-damage|p1a: Maringouin|62\/100\n|-unboost|p1a: Maringouin|spe|1\n|\n|-heal|p1a: Maringouin|68\/100|[from] item: Leftovers\n|upkeep\n|turn|16\n|\n|t:|1698602902\n|move|p2a: Moooooooaaaah|Spiky Shield|p2a: Moooooooaaaah\n|-singleturn|p2a: Moooooooaaaah|move: Protect\n|move|p1a: Maringouin|Bullet Punch|p2a: Moooooooaaaah\n|-activate|p2a: Moooooooaaaah|move: Protect\n|-damage|p1a: Maringouin|56\/100|[from] Spiky Shield|[of] p2a: Moooooooaaaah\n|\n|-heal|p1a: Maringouin|62\/100|[from] item: Leftovers\n|upkeep\n|turn|17\n|\n|t:|1698602910\n|switch|p2a: Sir Taste a Lot|Bellibolt, F|100\/100\n|move|p1a: Maringouin|Bullet Punch|p2a: Sir Taste a Lot\n|-resisted|p2a: Sir Taste a Lot\n|-damage|p2a: Sir Taste a Lot|87\/100\n|-start|p2a: Sir Taste a Lot|Charge|Bullet Punch|[from] ability: Electromorphosis\n|\n|-heal|p1a: Maringouin|68\/100|[from] item: Leftovers\n|upkeep\n|turn|18\n|\n|t:|1698602921\n|switch|p1a: Robert|Donphan, F|100\/100\n|move|p2a: Sir Taste a Lot|Muddy Water|p1a: Robert\n|-supereffective|p1a: Robert\n|-damage|p1a: Robert|28\/100\n|\n|-heal|p1a: Robert|34\/100|[from] item: Leftovers\n|upkeep\n|turn|19\n|j| mario brus\n|c|\u2606rolotism|Ouch\n|\n|t:|1698602936\n|move|p2a: Sir Taste a Lot|Muddy Water|p1a: Robert\n|-supereffective|p1a: Robert\n|-damage|p1a: Robert|0 fnt\n|faint|p1a: Robert\n|\n|upkeep\n|c|\u2606rolotism|ALLO BRUS\n|\n|t:|1698602951\n|switch|p1a: Golden Poulet|Zapdos|42\/100\n|turn|20\n|\n|t:|1698602957\n|move|p1a: Golden Poulet|Roost|p1a: Golden Poulet\n|-heal|p1a: Golden Poulet|92\/100\n|-singleturn|p1a: Golden Poulet|move: Roost\n|move|p2a: Sir Taste a Lot|Acid Spray|p1a: Golden Poulet\n|-damage|p1a: Golden Poulet|83\/100\n|-unboost|p1a: Golden Poulet|spd|2\n|\n|upkeep\n|turn|21\n|\n|t:|1698602974\n|move|p1a: Golden Poulet|Light Screen|p1a: Golden Poulet\n|-sidestart|p1: rolotism|move: Light Screen\n|move|p2a: Sir Taste a Lot|Muddy Water|p1a: Golden Poulet\n|-damage|p1a: Golden Poulet|63\/100\n|-unboost|p1a: Golden Poulet|accuracy|1\n|\n|upkeep\n|turn|22\n|\n|t:|1698602985\n|switch|p1a: Steve|Skuntank, M|8\/100\n|move|p2a: Sir Taste a Lot|Acid Spray|p1a: Steve\n|-resisted|p1a: Steve\n|-damage|p1a: Steve|4\/100\n|-unboost|p1a: Steve|spd|2\n|\n|-heal|p1a: Steve|10\/100|[from] item: Black Sludge\n|upkeep\n|turn|23\n|\n|t:|1698603010\n|move|p2a: Sir Taste a Lot|Sucker Punch||[still]\n|-fail|p2a: Sir Taste a Lot\n|move|p1a: Steve|Toxic Spikes|p2a: Sir Taste a Lot\n|-sidestart|p2: Herojay13|move: Toxic Spikes\n|\n|-heal|p1a: Steve|16\/100|[from] item: Black Sludge\n|upkeep\n|turn|24\n|\n|t:|1698603023\n|switch|p1a: Golden Poulet|Zapdos|63\/100\n|move|p2a: Sir Taste a Lot|Parabolic Charge|p1a: Golden Poulet\n|-crit|p1a: Golden Poulet\n|-damage|p1a: Golden Poulet|2\/100\n|-heal|p2a: Sir Taste a Lot|100\/100|[from] drain|[of] p1a: Golden Poulet\n|-end|p2a: Sir Taste a Lot|Charge|[silent]\n|\n|upkeep\n|turn|25\n|c|\u2606rolotism|eeeeesh\n|\n|t:|1698603040\n|move|p2a: Sir Taste a Lot|Sucker Punch||[still]\n|-fail|p2a: Sir Taste a Lot\n|move|p1a: Golden Poulet|Roost|p1a: Golden Poulet\n|-heal|p1a: Golden Poulet|52\/100\n|-singleturn|p1a: Golden Poulet|move: Roost\n|\n|-sideend|p1: rolotism|move: Light Screen\n|upkeep\n|turn|26\n|\n|t:|1698603050\n|move|p1a: Golden Poulet|Light Screen|p1a: Golden Poulet\n|-sidestart|p1: rolotism|move: Light Screen\n|move|p2a: Sir Taste a Lot|Muddy Water|p1a: Golden Poulet|[miss]\n|-miss|p2a: Sir Taste a Lot|p1a: Golden Poulet\n|\n|upkeep\n|turn|27\n|c|\u2606rolotism|D\u00e9so\n|\n|t:|1698603056\n|move|p1a: Golden Poulet|Roost|p1a: Golden Poulet\n|-heal|p1a: Golden Poulet|100\/100\n|-singleturn|p1a: Golden Poulet|move: Roost\n|move|p2a: Sir Taste a Lot|Acid Spray|p1a: Golden Poulet\n|-damage|p1a: Golden Poulet|96\/100\n|-unboost|p1a: Golden Poulet|spd|2\n|\n|upkeep\n|turn|28\n|\n|t:|1698603123\n|switch|p1a: Wait...|Slowking, M|100\/100\n|move|p2a: Sir Taste a Lot|Muddy Water|p1a: Wait...|[miss]\n|-miss|p2a: Sir Taste a Lot|p1a: Wait...\n|\n|upkeep\n|turn|29\n|\n|t:|1698603132\n|move|p2a: Sir Taste a Lot|Parabolic Charge|p1a: Wait...\n|-supereffective|p1a: Wait...\n|-damage|p1a: Wait...|77\/100\n|move|p1a: Wait...|Yawn|p2a: Sir Taste a Lot\n|-start|p2a: Sir Taste a Lot|move: Yawn|[of] p1a: Wait...\n|\n|upkeep\n|turn|30\n|\n|t:|1698603141\n|switch|p2a: Doctor Big Hands|Dusknoir, M|84\/100\n|-status|p2a: Doctor Big Hands|psn\n|-ability|p2a: Doctor Big Hands|Pressure\n|move|p1a: Wait...|Future Sight|p2a: Doctor Big Hands\n|-start|p1a: Wait...|move: Future Sight\n|\n|-damage|p2a: Doctor Big Hands|72\/100 psn|[from] psn\n|-sideend|p1: rolotism|move: Light Screen\n|upkeep\n|turn|31\n|\n|t:|1698603164\n|switch|p1a: Steve|Skuntank, M|16\/100\n|move|p2a: Doctor Big Hands|Shadow Sneak|p1a: Steve\n|-resisted|p1a: Steve\n|-damage|p1a: Steve|1\/100\n|\n|-heal|p1a: Steve|8\/100|[from] item: Black Sludge\n|-damage|p2a: Doctor Big Hands|60\/100 psn|[from] psn\n|upkeep\n|turn|32\n|\n|t:|1698603178\n|move|p2a: Doctor Big Hands|Shadow Sneak|p1a: Steve\n|-resisted|p1a: Steve\n|-damage|p1a: Steve|0 fnt\n|-damage|p2a: Doctor Big Hands|35\/100 psn|[from] ability: Aftermath|[of] p1a: Steve\n|faint|p1a: Steve\n|\n|-end|p2a: Doctor Big Hands|move: Future Sight\n|-damage|p2a: Doctor Big Hands|0 fnt\n|faint|p2a: Doctor Big Hands\n|upkeep\n|\n|t:|1698603195\n|switch|p1a: Maringouin|Scizor, M|68\/100\n|switch|p2a: Moooooooaaaah|Ogerpon-Cornerstone, F|19\/100\n|-status|p2a: Moooooooaaaah|psn\n|turn|33\n|\n|t:|1698603204\n|move|p2a: Moooooooaaaah|Ivy Cudgel|p1a: Maringouin\n|-damage|p1a: Maringouin|11\/100\n|move|p1a: Maringouin|Swords Dance|p1a: Maringouin\n|-boost|p1a: Maringouin|atk|2\n|\n|-heal|p1a: Maringouin|17\/100|[from] item: Leftovers\n|-damage|p2a: Moooooooaaaah|6\/100 psn|[from] psn\n|upkeep\n|turn|34\n|\n|t:|1698603253\n|move|p1a: Maringouin|Bullet Punch|p2a: Moooooooaaaah\n|-supereffective|p2a: Moooooooaaaah\n|-damage|p2a: Moooooooaaaah|0 fnt\n|faint|p2a: Moooooooaaaah\n|\n|-heal|p1a: Maringouin|23\/100|[from] item: Leftovers\n|upkeep\n|\n|t:|1698603259\n|switch|p2a: Sir Taste a Lot|Bellibolt, F|100\/100\n|-status|p2a: Sir Taste a Lot|psn\n|turn|35\n|\n|t:|1698603272\n|move|p1a: Maringouin|U-turn|p2a: Sir Taste a Lot\n|-damage|p2a: Sir Taste a Lot|32\/100 psn\n|-start|p2a: Sir Taste a Lot|Charge|U-turn|[from] ability: Electromorphosis\n|\n|t:|1698603276\n|switch|p1a: Golden Poulet|Zapdos|96\/100|[from] U-turn\n|move|p2a: Sir Taste a Lot|Muddy Water|p1a: Golden Poulet|[miss]\n|-miss|p2a: Sir Taste a Lot|p1a: Golden Poulet\n|\n|-damage|p2a: Sir Taste a Lot|20\/100 psn|[from] psn\n|upkeep\n|turn|36\n|c|\u2606rolotism|Man ten as manqu\u00e9 combien :'(\n|\n|t:|1698603297\n|move|p1a: Golden Poulet|Heat Wave|p2a: Sir Taste a Lot\n|-crit|p2a: Sir Taste a Lot\n|-damage|p2a: Sir Taste a Lot|0 fnt\n|faint|p2a: Sir Taste a Lot\n|\n|win|rolotism\n|c|\u2606Herojay13|Trop lol\n|c|\u2606rolotism|Gg :)\n|c|\u2606Herojay13|Mais GG\n","uploadtime":1698603308,"views":14,"p1id":"rolotism","p2id":"herojay13","formatid":"gen9anythinggoes","rating":0,"private":0,"password":""}