{"id":"gen9anythinggoes-1986913086","p1":"pokemonguy4","p2":"Quillavel!","format":"[Gen 9] Anything Goes","log":"|j|\u2606pokemonguy4\n|j|\u2606Quillavel!\n|t:|1699540435\n|gametype|singles\n|player|p1|pokemonguy4|colress|1086\n|player|p2|Quillavel!|2|1120\n|teamsize|p1|6\n|teamsize|p2|6\n|gen|9\n|tier|[Gen 9] Anything Goes\n|rated|\n|rule|HP Percentage Mod: HP is shown in percentages\n|rule|Endless Battle Clause: Forcing endless battles is banned\n|clearpoke\n|poke|p1|Iron Hands|\n|poke|p1|Iron Treads|\n|poke|p1|Iron Jugulis|\n|poke|p1|Iron Moth|\n|poke|p1|Iron Thorns|\n|poke|p1|Iron Valiant|\n|poke|p2|Torterra, F|\n|poke|p2|Espathra, M|\n|poke|p2|Gholdengo|\n|poke|p2|Perrserker, M|\n|poke|p2|Glimmora, M|\n|poke|p2|Azumarill, F|\n|teampreview\n|\n|t:|1699540450\n|start\n|switch|p1a: Iron Hands|Iron Hands, shiny|100\/100\n|switch|p2a: pikachu|Espathra, M|100\/100\n|turn|1\n|\n|t:|1699540460\n|move|p2a: pikachu|Substitute|p2a: pikachu\n|-start|p2a: pikachu|Substitute\n|-damage|p2a: pikachu|76\/100\n|move|p1a: Iron Hands|Swords Dance|p1a: Iron Hands\n|-boost|p1a: Iron Hands|atk|2\n|\n|-ability|p2a: pikachu|Speed Boost|boost\n|-boost|p2a: pikachu|spe|1\n|upkeep\n|turn|2\n|\n|t:|1699540471\n|move|p2a: pikachu|Calm Mind|p2a: pikachu\n|-boost|p2a: pikachu|spa|1\n|-boost|p2a: pikachu|spd|1\n|move|p1a: Iron Hands|Drain Punch|p2a: pikachu\n|-resisted|p2a: pikachu\n|-end|p2a: pikachu|Substitute\n|\n|-ability|p2a: pikachu|Speed Boost|boost\n|-boost|p2a: pikachu|spe|1\n|upkeep\n|turn|3\n|\n|t:|1699540492\n|move|p2a: pikachu|Protect|p2a: pikachu\n|-singleturn|p2a: pikachu|Protect\n|move|p1a: Iron Hands|Drain Punch|p2a: pikachu\n|-activate|p2a: pikachu|move: Protect\n|\n|-ability|p2a: pikachu|Speed Boost|boost\n|-boost|p2a: pikachu|spe|1\n|upkeep\n|turn|4\n|\n|t:|1699540501\n|move|p2a: pikachu|Baton Pass|p2a: pikachu\n|\n|t:|1699540505\n|switch|p2a: Grilled cheese|Gholdengo|100\/100|[from] Baton Pass\n|-item|p2a: Grilled cheese|Air Balloon\n|move|p1a: Iron Hands|Drain Punch|p2a: Grilled cheese\n|-immune|p2a: Grilled cheese\n|\n|upkeep\n|turn|5\n|\n|t:|1699540518\n|-end|p1a: Iron Hands|Quark Drive|[silent]\n|switch|p1a: Iron Jugulis|Iron Jugulis, shiny|100\/100\n|-enditem|p1a: Iron Jugulis|Booster Energy\n|-activate|p1a: Iron Jugulis|ability: Quark Drive|[fromitem]\n|-start|p1a: Iron Jugulis|quarkdrivespe\n|move|p2a: Grilled cheese|Nasty Plot|p2a: Grilled cheese\n|-boost|p2a: Grilled cheese|spa|2\n|\n|upkeep\n|turn|6\n|\n|t:|1699540532\n|move|p1a: Iron Jugulis|Dark Pulse|p2a: Grilled cheese\n|-supereffective|p2a: Grilled cheese\n|-damage|p2a: Grilled cheese|52\/100\n|-enditem|p2a: Grilled cheese|Air Balloon\n|move|p2a: Grilled cheese|Make It Rain|p1a: Iron Jugulis\n|-damage|p1a: Iron Jugulis|0 fnt\n|-unboost|p2a: Grilled cheese|spa|1\n|faint|p1a: Iron Jugulis\n|-end|p1a: Iron Jugulis|Quark Drive|[silent]\n|\n|upkeep\n|\n|t:|1699540540\n|switch|p1a: Iron Thorns|Iron Thorns, shiny|100\/100\n|-enditem|p1a: Iron Thorns|Booster Energy\n|-activate|p1a: Iron Thorns|ability: Quark Drive|[fromitem]\n|-start|p1a: Iron Thorns|quarkdriveatk\n|turn|7\n|\n|t:|1699540552\n|move|p2a: Grilled cheese|Make It Rain|p1a: Iron Thorns\n|-damage|p1a: Iron Thorns|0 fnt\n|-unboost|p2a: Grilled cheese|spa|1\n|faint|p1a: Iron Thorns\n|-end|p1a: Iron Thorns|Quark Drive|[silent]\n|\n|upkeep\n|\n|t:|1699540559\n|switch|p1a: Iron Valiant|Iron Valiant, shiny|100\/100\n|-enditem|p1a: Iron Valiant|Booster Energy\n|-activate|p1a: Iron Valiant|ability: Quark Drive|[fromitem]\n|-start|p1a: Iron Valiant|quarkdrivespe\n|turn|8\n|\n|t:|1699540564\n|move|p1a: Iron Valiant|Psyshock|p2a: Grilled cheese\n|-resisted|p2a: Grilled cheese\n|-damage|p2a: Grilled cheese|38\/100\n|move|p2a: Grilled cheese|Make It Rain|p1a: Iron Valiant\n|-supereffective|p1a: Iron Valiant\n|-damage|p1a: Iron Valiant|0 fnt\n|-unboost|p2a: Grilled cheese|spa|1\n|faint|p1a: Iron Valiant\n|-end|p1a: Iron Valiant|Quark Drive|[silent]\n|\n|upkeep\n|\n|t:|1699540575\n|switch|p1a: Iron Hands|Iron Hands, shiny|100\/100\n|turn|9\n|\n|t:|1699540581\n|move|p2a: Grilled cheese|Nasty Plot|p2a: Grilled cheese\n|-boost|p2a: Grilled cheese|spa|2\n|move|p1a: Iron Hands|Thunder Punch|p2a: Grilled cheese\n|-damage|p2a: Grilled cheese|0 fnt\n|faint|p2a: Grilled cheese\n|\n|upkeep\n|\n|t:|1699540591\n|switch|p2a: pikachu|Perrserker, M|100\/100\n|turn|10\n|\n|t:|1699540594\n|move|p2a: pikachu|Swords Dance|p2a: pikachu\n|-boost|p2a: pikachu|atk|2\n|move|p1a: Iron Hands|Drain Punch|p2a: pikachu\n|-supereffective|p2a: pikachu\n|-damage|p2a: pikachu|11\/100\n|-enditem|p2a: pikachu|Aguav Berry|[eat]\n|-heal|p2a: pikachu|44\/100|[from] item: Aguav Berry\n|\n|upkeep\n|turn|11\n|\n|t:|1699540612\n|move|p2a: pikachu|Baton Pass|p2a: pikachu\n|\n|t:|1699540615\n|switch|p2a: pikachu|Torterra, F|100\/100|[from] Baton Pass\n|move|p1a: Iron Hands|Drain Punch|p2a: pikachu\n|-damage|p2a: pikachu|55\/100\n|\n|upkeep\n|turn|12\n|\n|t:|1699540627\n|-end|p1a: Iron Hands|Quark Drive|[silent]\n|switch|p1a: Iron Moth|Iron Moth, shiny|100\/100\n|-enditem|p1a: Iron Moth|Booster Energy\n|-activate|p1a: Iron Moth|ability: Quark Drive|[fromitem]\n|-start|p1a: Iron Moth|quarkdrivespe\n|move|p2a: pikachu|Shell Smash|p2a: pikachu\n|-unboost|p2a: pikachu|def|1\n|-unboost|p2a: pikachu|spd|1\n|-boost|p2a: pikachu|atk|2\n|-boost|p2a: pikachu|spa|2\n|-boost|p2a: pikachu|spe|2\n|-enditem|p2a: pikachu|White Herb\n|-clearnegativeboost|p2a: pikachu|[silent]\n|\n|upkeep\n|turn|13\n|\n|t:|1699540646\n|-terastallize|p1a: Iron Moth|Fire\n|move|p1a: Iron Moth|Fiery Dance|p2a: pikachu\n|-supereffective|p2a: pikachu\n|-damage|p2a: pikachu|0 fnt\n|-boost|p1a: Iron Moth|spa|1\n|faint|p2a: pikachu\n|\n|upkeep\n|\n|t:|1699540655\n|switch|p2a: pikachu|Azumarill, F|100\/100\n|turn|14\n|\n|t:|1699540675\n|-end|p1a: Iron Moth|Quark Drive|[silent]\n|switch|p1a: Iron Hands|Iron Hands, shiny|100\/100\n|move|p2a: pikachu|Aqua Jet|p1a: Iron Hands\n|-damage|p1a: Iron Hands|84\/100\n|\n|upkeep\n|turn|15\n|\n|t:|1699540688\n|move|p2a: pikachu|Play Rough|p1a: Iron Hands\n|-supereffective|p1a: Iron Hands\n|-damage|p1a: Iron Hands|1\/100\n|move|p1a: Iron Hands|Swords Dance|p1a: Iron Hands\n|-boost|p1a: Iron Hands|atk|2\n|\n|upkeep\n|turn|16\n|\n|t:|1699540695\n|move|p2a: pikachu|Aqua Jet|p1a: Iron Hands\n|-damage|p1a: Iron Hands|0 fnt\n|faint|p1a: Iron Hands\n|-end|p1a: Iron Hands|Quark Drive|[silent]\n|\n|upkeep\n|\n|t:|1699540700\n|switch|p1a: Iron Treads|Iron Treads, shiny|100\/100\n|-enditem|p1a: Iron Treads|Booster Energy\n|-activate|p1a: Iron Treads|ability: Quark Drive|[fromitem]\n|-start|p1a: Iron Treads|quarkdrivespe\n|turn|17\n|\n|t:|1699540711\n|-terastallize|p2a: pikachu|Water\n|move|p1a: Iron Treads|Ice Spinner|p2a: pikachu\n|-resisted|p2a: pikachu\n|-damage|p2a: pikachu|89\/100\n|move|p2a: pikachu|Liquidation|p1a: Iron Treads\n|-supereffective|p1a: Iron Treads\n|-damage|p1a: Iron Treads|0 fnt\n|faint|p1a: Iron Treads\n|-end|p1a: Iron Treads|Quark Drive|[silent]\n|\n|upkeep\n|\n|t:|1699540719\n|switch|p1a: Iron Moth|Iron Moth, shiny, tera:Fire|100\/100\n|turn|18\n|\n|t:|1699540725\n|move|p1a: Iron Moth|Energy Ball|p2a: pikachu\n|-supereffective|p2a: pikachu\n|-damage|p2a: pikachu|50\/100\n|move|p2a: pikachu|Liquidation|p1a: Iron Moth\n|-supereffective|p1a: Iron Moth\n|-damage|p1a: Iron Moth|0 fnt\n|faint|p1a: Iron Moth\n|-end|p1a: Iron Moth|Quark Drive|[silent]\n|\n|win|Quillavel!\n|raw|pokemonguy4's rating: 1086 &rarr; <strong>1065<\/strong><br \/>(-21 for losing)\n|raw|Quillavel!'s rating: 1120 &rarr; <strong>1143<\/strong><br \/>(+23 for winning)\n|l|\u2606pokemonguy4\n","uploadtime":1699541359,"views":18,"p1id":"pokemonguy4","p2id":"quillavel","formatid":"gen9anythinggoes","rating":1065,"private":0,"password":""}