{"id":"gen9anythinggoes-1990162352","p1":"Zesty Failur3","p2":"Khryce","format":"[Gen 9] Anything Goes","log":"|j|\u2606Zesty Failur3\n|j|\u2606Khryce\n|t:|1699931458\n|gametype|singles\n|player|p1|Zesty Failur3|265|1254\n|player|p2|Khryce|preschooler|1152\n|teamsize|p1|6\n|teamsize|p2|6\n|gen|9\n|tier|[Gen 9] Anything Goes\n|rated|\n|rule|HP Percentage Mod: HP is shown in percentages\n|rule|Endless Battle Clause: Forcing endless battles is banned\n|clearpoke\n|poke|p1|Kommo-o, M|\n|poke|p1|Dragapult, M|\n|poke|p1|Mew|\n|poke|p1|Maushold-Four|\n|poke|p1|Drifblim, F|\n|poke|p1|Samurott-Hisui, M|\n|poke|p2|Sneasler, F|\n|poke|p2|Hawlucha, F|\n|poke|p2|Drifblim, F|\n|poke|p2|Grafaiai, F|\n|poke|p2|Farigiraf, M|\n|poke|p2|Tsareena, F|\n|teampreview\n|\n|t:|1699931463\n|start\n|switch|p1a: Mew|Mew|100\/100\n|switch|p2a: Grafaiai|Grafaiai, F|100\/100\n|turn|1\n|\n|t:|1699931468\n|move|p1a: Mew|Substitute|p1a: Mew\n|-start|p1a: Mew|Substitute\n|-damage|p1a: Mew|76\/100\n|move|p2a: Grafaiai|Knock Off|p1a: Mew\n|-supereffective|p1a: Mew\n|-end|p1a: Mew|Substitute\n|\n|upkeep\n|turn|2\n|\n|t:|1699931480\n|move|p1a: Mew|Substitute|p1a: Mew\n|-start|p1a: Mew|Substitute\n|-damage|p1a: Mew|51\/100\n|move|p2a: Grafaiai|Knock Off|p1a: Mew\n|-supereffective|p1a: Mew\n|-end|p1a: Mew|Substitute\n|\n|upkeep\n|turn|3\n|\n|t:|1699931492\n|switch|p1a: Samurott|Samurott-Hisui, M|100\/100\n|move|p2a: Grafaiai|Knock Off|p1a: Samurott\n|-resisted|p1a: Samurott\n|-damage|p1a: Samurott|86\/100\n|-enditem|p1a: Samurott|Focus Sash|[from] move: Knock Off|[of] p2a: Grafaiai\n|\n|upkeep\n|turn|4\n|\n|t:|1699931500\n|move|p2a: Grafaiai|Parting Shot|p1a: Samurott\n|-hint|Since gen 7, Dark is immune to Prankster moves.\n|-immune|p1a: Samurott\n|move|p1a: Samurott|Copycat|p1a: Samurott\n|move|p1a: Samurott|Parting Shot|p2a: Grafaiai|[from]move: Copycat\n|-unboost|p2a: Grafaiai|atk|1\n|-unboost|p2a: Grafaiai|spa|1\n|\n|t:|1699931514\n|switch|p1a: Dragapult|Dragapult, M|100\/100|[from] Parting Shot\n|\n|upkeep\n|turn|5\n|\n|t:|1699931517\n|move|p1a: Dragapult|Double Team|p1a: Dragapult\n|-boost|p1a: Dragapult|evasion|1\n|move|p2a: Grafaiai|Knock Off|p1a: Dragapult\n|-supereffective|p1a: Dragapult\n|-damage|p1a: Dragapult|63\/100\n|-enditem|p1a: Dragapult|Focus Sash|[from] move: Knock Off|[of] p2a: Grafaiai\n|\n|upkeep\n|turn|6\n|\n|t:|1699931525\n|move|p2a: Grafaiai|Toxic|p1a: Dragapult\n|-status|p1a: Dragapult|tox\n|move|p1a: Dragapult|Double Team|p1a: Dragapult\n|-boost|p1a: Dragapult|evasion|1\n|\n|-damage|p1a: Dragapult|57\/100 tox|[from] psn\n|upkeep\n|turn|7\n|\n|t:|1699931531\n|switch|p2a: Farigiraf|Farigiraf, M|100\/100\n|move|p1a: Dragapult|Double Team|p1a: Dragapult\n|-boost|p1a: Dragapult|evasion|1\n|\n|-damage|p1a: Dragapult|45\/100 tox|[from] psn\n|upkeep\n|turn|8\n|\n|t:|1699931538\n|move|p1a: Dragapult|Baton Pass|p1a: Dragapult\n|\n|t:|1699931545\n|switch|p1a: Kommo-o|Kommo-o, M|100\/100|[from] Baton Pass\n|move|p2a: Farigiraf|Trick Room|p2a: Farigiraf\n|-fieldstart|move: Trick Room|[of] p2a: Farigiraf\n|\n|upkeep\n|turn|9\n|\n|t:|1699931557\n|move|p1a: Kommo-o|Clangorous Soul|p1a: Kommo-o\n|-boost|p1a: Kommo-o|atk|1\n|-boost|p1a: Kommo-o|def|1\n|-boost|p1a: Kommo-o|spa|1\n|-boost|p1a: Kommo-o|spd|1\n|-boost|p1a: Kommo-o|spe|1\n|-damage|p1a: Kommo-o|68\/100\n|move|p2a: Farigiraf|Roar|p1a: Kommo-o\n|drag|p1a: Drifblim|Drifblim, F|100\/100\n|\n|upkeep\n|turn|10\n|\n|t:|1699931567\n|move|p2a: Farigiraf|Twin Beam|p1a: Drifblim\n|-damage|p1a: Drifblim|79\/100\n|-damage|p1a: Drifblim|58\/100\n|-hitcount|p1a: Drifblim|2\n|move|p1a: Drifblim|Strength Sap|p2a: Farigiraf\n|-unboost|p2a: Farigiraf|atk|1\n|-heal|p1a: Drifblim|95\/100\n|\n|upkeep\n|turn|11\n|\n|t:|1699931577\n|move|p2a: Farigiraf|Twin Beam|p1a: Drifblim\n|-crit|p1a: Drifblim\n|-damage|p1a: Drifblim|63\/100\n|-damage|p1a: Drifblim|42\/100\n|-hitcount|p1a: Drifblim|2\n|move|p1a: Drifblim|Strength Sap|p2a: Farigiraf\n|-unboost|p2a: Farigiraf|atk|1\n|-heal|p1a: Drifblim|67\/100\n|\n|upkeep\n|turn|12\n|\n|t:|1699931585\n|move|p2a: Farigiraf|Twin Beam|p1a: Drifblim\n|-damage|p1a: Drifblim|47\/100\n|-damage|p1a: Drifblim|28\/100\n|-hitcount|p1a: Drifblim|2\n|move|p1a: Drifblim|Minimize|p1a: Drifblim\n|-boost|p1a: Drifblim|evasion|2\n|\n|-fieldend|move: Trick Room\n|upkeep\n|turn|13\n|\n|t:|1699931592\n|move|p1a: Drifblim|Baton Pass|p1a: Drifblim\n|\n|t:|1699931597\n|switch|p1a: Samurott|Samurott-Hisui, M|86\/100|[from] Baton Pass\n|move|p2a: Farigiraf|Trick Room|p2a: Farigiraf\n|-fieldstart|move: Trick Room|[of] p2a: Farigiraf\n|\n|upkeep\n|turn|14\n|\n|t:|1699931601\n|move|p1a: Samurott|Ceaseless Edge|p2a: Farigiraf\n|-supereffective|p2a: Farigiraf\n|-damage|p2a: Farigiraf|53\/100\n|-damage|p1a: Samurott|70\/100|[from] item: Rocky Helmet|[of] p2a: Farigiraf\n|-sidestart|p2: Khryce|Spikes\n|move|p2a: Farigiraf|Roar|p1a: Samurott\n|drag|p1a: Mew|Mew|51\/100\n|\n|upkeep\n|turn|15\n|\n|t:|1699931608\n|move|p2a: Farigiraf|Twin Beam|p1a: Mew\n|-resisted|p1a: Mew\n|-damage|p1a: Mew|42\/100\n|-resisted|p1a: Mew\n|-damage|p1a: Mew|33\/100\n|-hitcount|p1a: Mew|2\n|move|p1a: Mew|Imprison|p1a: Mew\n|-start|p1a: Mew|move: Imprison\n|\n|upkeep\n|turn|16\n|c|\u2606Zesty Failur3|lol\n|\n|t:|1699931616\n|move|p2a: Farigiraf|Tera Blast|p1a: Mew\n|-damage|p1a: Mew|0 fnt\n|faint|p1a: Mew\n|\n|upkeep\n|\n|t:|1699931620\n|switch|p1a: Samurott|Samurott-Hisui, M|70\/100\n|turn|17\n|\n|t:|1699931625\n|switch|p2a: Grafaiai|Grafaiai, F|100\/100\n|-damage|p2a: Grafaiai|88\/100|[from] Spikes\n|move|p1a: Samurott|Ceaseless Edge|p2a: Grafaiai\n|-damage|p2a: Grafaiai|57\/100\n|-sidestart|p2: Khryce|Spikes\n|\n|-fieldend|move: Trick Room\n|upkeep\n|turn|18\n|\n|t:|1699931642\n|switch|p2a: Hawlucha|Hawlucha, F|100\/100\n|move|p1a: Samurott|Ceaseless Edge|p2a: Hawlucha|[miss]\n|-miss|p1a: Samurott|p2a: Hawlucha\n|\n|upkeep\n|turn|19\n|\n|t:|1699931650\n|move|p2a: Hawlucha|Flying Press|p1a: Samurott\n|-supereffective|p1a: Samurott\n|-damage|p1a: Samurott|0 fnt\n|faint|p1a: Samurott\n|\n|upkeep\n|\n|t:|1699931655\n|switch|p1a: Maushold|Maushold-Four|100\/100\n|turn|20\n|\n|t:|1699931660\n|switch|p2a: Drifblim|Drifblim, F|100\/100\n|-terastallize|p1a: Maushold|Ghost\n|move|p1a: Maushold|Tidy Up|p1a: Maushold\n|-sideend|p2: Khryce|Spikes\n|-activate|p1a: Maushold|move: Tidy Up\n|-boost|p1a: Maushold|atk|1\n|-boost|p1a: Maushold|spe|1\n|\n|-status|p2a: Drifblim|brn|[from] item: Flame Orb\n|upkeep\n|turn|21\n|\n|t:|1699931670\n|move|p1a: Maushold|Bullet Seed|p2a: Drifblim\n|-resisted|p2a: Drifblim\n|-damage|p2a: Drifblim|94\/100 brn\n|-resisted|p2a: Drifblim\n|-damage|p2a: Drifblim|88\/100 brn\n|-resisted|p2a: Drifblim\n|-damage|p2a: Drifblim|82\/100 brn\n|-hitcount|p2a: Drifblim|3\n|move|p2a: Drifblim|Strength Sap|p1a: Maushold\n|-unboost|p1a: Maushold|atk|1\n|-heal|p2a: Drifblim|100\/100 brn\n|\n|-damage|p2a: Drifblim|94\/100 brn|[from] brn\n|upkeep\n|turn|22\n|-message|Zesty Failur3 forfeited.\n|\n|win|Khryce\n|raw|Zesty Failur3's rating: 1254 &rarr; <strong>1222<\/strong><br \/>(-32 for losing)\n|raw|Khryce's rating: 1152 &rarr; <strong>1184<\/strong><br \/>(+32 for winning)\n|l|\u2606Zesty Failur3\n","uploadtime":1699931685,"views":10,"p1id":"zestyfailur3","p2id":"khryce","formatid":"gen9anythinggoes","rating":1184,"private":0,"password":""}