{"id":"gen9anythinggoes-1978709912","p1":"Treeko74","p2":"Query mania","format":"[Gen 9] Anything Goes","log":"|j|\u2606Treeko74\n|j|\u2606Query mania\n|t:|1698585154\n|gametype|singles\n|player|p1|Treeko74|acetrainerf-gen4dp|1118\n|player|p2|Query mania|n|1156\n|teamsize|p1|6\n|teamsize|p2|6\n|gen|9\n|tier|[Gen 9] Anything Goes\n|rated|\n|rule|HP Percentage Mod: HP is shown in percentages\n|rule|Endless Battle Clause: Forcing endless battles is banned\n|clearpoke\n|poke|p1|Ditto|\n|poke|p1|Ditto|\n|poke|p1|Ditto|\n|poke|p1|Ditto|\n|poke|p1|Ditto|\n|poke|p1|Ditto|\n|poke|p2|Kyogre|\n|poke|p2|Rayquaza|\n|poke|p2|Groudon|\n|poke|p2|Zacian-*|\n|poke|p2|Calyrex-Shadow|\n|poke|p2|Miraidon|\n|teampreview\n|inactive|Battle timer is ON: inactive players will automatically lose when time's up. (requested by Treeko74)\n|\n|t:|1698585162\n|start\n|switch|p1a: Ditto|Ditto|100\/100\n|switch|p2a: Groudon|Groudon|100\/100\n|-weather|SunnyDay|[from] ability: Drought|[of] p2a: Groudon\n|-transform|p1a: Ditto|p2a: Groudon|[from] ability: Imposter\n|turn|1\n|\n|t:|1698585184\n|move|p2a: Groudon|Earthquake|p1a: Ditto\n|-damage|p1a: Ditto|69\/100\n|move|p1a: Ditto|Stealth Rock|p2a: Groudon\n|-sidestart|p2: Query mania|move: Stealth Rock\n|\n|-weather|SunnyDay|[upkeep]\n|upkeep\n|turn|2\n|\n|t:|1698585192\n|move|p2a: Groudon|Stealth Rock|p1a: Ditto\n|-sidestart|p1: Treeko74|move: Stealth Rock\n|move|p1a: Ditto|Roar|p2a: Groudon\n|drag|p2a: Kyogre|Kyogre|100\/100\n|-damage|p2a: Kyogre|88\/100|[from] Stealth Rock\n|-weather|RainDance|[from] ability: Drizzle|[of] p2a: Kyogre\n|\n|-weather|RainDance|[upkeep]\n|upkeep\n|turn|3\n|\n|t:|1698585207\n|switch|p1a: Ditto|Ditto|100\/100\n|-damage|p1a: Ditto|88\/100|[from] Stealth Rock\n|-transform|p1a: Ditto|p2a: Kyogre|[from] ability: Imposter\n|move|p2a: Kyogre|Origin Pulse|p1a: Ditto|[miss]\n|-miss|p2a: Kyogre|p1a: Ditto\n|\n|-weather|RainDance|[upkeep]\n|upkeep\n|turn|4\n|\n|t:|1698585221\n|switch|p2a: Miraidon|Miraidon|100\/100\n|-damage|p2a: Miraidon|88\/100|[from] Stealth Rock\n|-fieldstart|move: Electric Terrain|[from] ability: Hadron Engine|[of] p2a: Miraidon\n|move|p1a: Ditto|Thunder|p2a: Miraidon\n|-resisted|p2a: Miraidon\n|-damage|p2a: Miraidon|76\/100\n|\n|-weather|RainDance|[upkeep]\n|upkeep\n|turn|5\n|\n|t:|1698585232\n|move|p2a: Miraidon|Electro Drift|p1a: Ditto\n|-supereffective|p1a: Ditto\n|-damage|p1a: Ditto|0 fnt\n|faint|p1a: Ditto\n|-damage|p2a: Miraidon|66\/100|[from] item: Life Orb\n|\n|-weather|RainDance|[upkeep]\n|upkeep\n|\n|t:|1698585245\n|switch|p1a: Ditto|Ditto|69\/100\n|-damage|p1a: Ditto|57\/100|[from] Stealth Rock\n|-transform|p1a: Ditto|p2a: Miraidon|[from] ability: Imposter\n|-activate|p1a: Ditto|ability: Hadron Engine\n|turn|6\n|\n|t:|1698585256\n|move|p1a: Ditto|Taunt|p2a: Miraidon\n|-start|p2a: Miraidon|move: Taunt\n|cant|p2a: Miraidon|move: Taunt|Taunt\n|\n|-weather|none\n|upkeep\n|turn|7\n|\n|t:|1698585269\n|move|p2a: Miraidon|Volt Switch|p1a: Ditto\n|-resisted|p1a: Ditto\n|-damage|p1a: Ditto|32\/100\n|-damage|p2a: Miraidon|56\/100|[from] item: Life Orb\n|\n|t:|1698585280\n|switch|p2a: Groudon|Groudon|100\/100|[from] Volt Switch\n|-damage|p2a: Groudon|94\/100|[from] Stealth Rock\n|-weather|SunnyDay|[from] ability: Drought|[of] p2a: Groudon\n|move|p1a: Ditto|Electro Drift|p2a: Groudon\n|-immune|p2a: Groudon\n|\n|-weather|SunnyDay|[upkeep]\n|upkeep\n|turn|8\n|\n|t:|1698585293\n|move|p1a: Ditto|Taunt|p2a: Groudon\n|-start|p2a: Groudon|move: Taunt\n|move|p2a: Groudon|Earthquake|p1a: Ditto\n|-supereffective|p1a: Ditto\n|-damage|p1a: Ditto|0 fnt\n|faint|p1a: Ditto\n|\n|-weather|SunnyDay|[upkeep]\n|-fieldend|move: Electric Terrain\n|upkeep\n|\n|t:|1698585302\n|switch|p1a: Ditto|Ditto|100\/100\n|-damage|p1a: Ditto|88\/100|[from] Stealth Rock\n|-transform|p1a: Ditto|p2a: Groudon|[from] ability: Imposter\n|turn|9\n|\n|t:|1698585310\n|switch|p2a: Kyogre|Kyogre|88\/100\n|-damage|p2a: Kyogre|76\/100|[from] Stealth Rock\n|-weather|RainDance|[from] ability: Drizzle|[of] p2a: Kyogre\n|move|p1a: Ditto|Earthquake|p2a: Kyogre\n|-damage|p2a: Kyogre|35\/100\n|\n|-weather|RainDance|[upkeep]\n|upkeep\n|turn|10\n|\n|t:|1698585324\n|move|p2a: Kyogre|Water Spout|p1a: Ditto\n|-supereffective|p1a: Ditto\n|-damage|p1a: Ditto|0 fnt\n|faint|p1a: Ditto\n|\n|-weather|RainDance|[upkeep]\n|upkeep\n|\n|t:|1698585331\n|switch|p1a: Ditto|Ditto|100\/100\n|-damage|p1a: Ditto|88\/100|[from] Stealth Rock\n|-transform|p1a: Ditto|p2a: Kyogre|[from] ability: Imposter\n|turn|11\n|\n|t:|1698585338\n|switch|p2a: Miraidon|Miraidon|56\/100\n|-damage|p2a: Miraidon|44\/100|[from] Stealth Rock\n|-fieldstart|move: Electric Terrain|[from] ability: Hadron Engine|[of] p2a: Miraidon\n|move|p1a: Ditto|Thunder|p2a: Miraidon\n|-resisted|p2a: Miraidon\n|-damage|p2a: Miraidon|30\/100\n|\n|-weather|RainDance|[upkeep]\n|upkeep\n|turn|12\n|\n|t:|1698585349\n|switch|p1a: Ditto|Ditto|100\/100\n|-damage|p1a: Ditto|88\/100|[from] Stealth Rock\n|-transform|p1a: Ditto|p2a: Miraidon|[from] ability: Imposter\n|-activate|p1a: Ditto|ability: Hadron Engine\n|move|p2a: Miraidon|Electro Drift|p1a: Ditto\n|-resisted|p1a: Ditto\n|-damage|p1a: Ditto|54\/100\n|-damage|p2a: Miraidon|20\/100|[from] item: Life Orb\n|\n|-weather|RainDance|[upkeep]\n|upkeep\n|turn|13\n|\n|t:|1698585365\n|switch|p2a: Groudon|Groudon|94\/100\n|-damage|p2a: Groudon|88\/100|[from] Stealth Rock\n|-weather|SunnyDay|[from] ability: Drought|[of] p2a: Groudon\n|move|p1a: Ditto|Taunt|p2a: Groudon\n|-start|p2a: Groudon|move: Taunt\n|\n|-weather|SunnyDay|[upkeep]\n|upkeep\n|turn|14\n|\n|t:|1698585385\n|switch|p1a: Ditto|Ditto|88\/100\n|-damage|p1a: Ditto|76\/100|[from] Stealth Rock\n|-transform|p1a: Ditto|p2a: Groudon|[from] ability: Imposter\n|move|p2a: Groudon|Earthquake|p1a: Ditto\n|-damage|p1a: Ditto|45\/100\n|\n|-weather|SunnyDay|[upkeep]\n|upkeep\n|turn|15\n|\n|t:|1698585409\n|switch|p2a: Kyogre|Kyogre|35\/100\n|-damage|p2a: Kyogre|23\/100|[from] Stealth Rock\n|-weather|RainDance|[from] ability: Drizzle|[of] p2a: Kyogre\n|move|p1a: Ditto|Earthquake|p2a: Kyogre\n|-damage|p2a: Kyogre|0 fnt\n|faint|p2a: Kyogre\n|\n|-weather|RainDance|[upkeep]\n|-fieldend|move: Electric Terrain\n|upkeep\n|\n|t:|1698585422\n|switch|p2a: Zacian|Zacian-Crowned|100\/100\n|-damage|p2a: Zacian|94\/100|[from] Stealth Rock\n|-ability|p2a: Zacian|Intrepid Sword|boost\n|-boost|p2a: Zacian|atk|1\n|turn|16\n|\n|t:|1698585430\n|move|p2a: Zacian|Sacred Sword|p1a: Ditto\n|-damage|p1a: Ditto|8\/100\n|-enditem|p1a: Ditto|Aguav Berry|[eat]\n|-heal|p1a: Ditto|41\/100|[from] item: Aguav Berry\n|move|p1a: Ditto|Will-O-Wisp|p2a: Zacian\n|-status|p2a: Zacian|brn\n|\n|-weather|RainDance|[upkeep]\n|-damage|p2a: Zacian|88\/100 brn|[from] brn\n|upkeep\n|turn|17\n|\n|t:|1698585442\n|move|p2a: Zacian|Sacred Sword|p1a: Ditto\n|-damage|p1a: Ditto|23\/100\n|move|p1a: Ditto|Earthquake|p2a: Zacian\n|-supereffective|p2a: Zacian\n|-damage|p2a: Zacian|21\/100 brn\n|\n|-weather|RainDance|[upkeep]\n|-damage|p2a: Zacian|15\/100 brn|[from] brn\n|upkeep\n|turn|18\n|\n|t:|1698585453\n|move|p2a: Zacian|Behemoth Blade|p1a: Ditto\n|-damage|p1a: Ditto|0 fnt\n|faint|p1a: Ditto\n|\n|-weather|RainDance|[upkeep]\n|-damage|p2a: Zacian|8\/100 brn|[from] brn\n|upkeep\n|\n|t:|1698585461\n|switch|p1a: Ditto|Ditto|54\/100\n|-damage|p1a: Ditto|41\/100|[from] Stealth Rock\n|-transform|p1a: Ditto|p2a: Zacian|[from] ability: Imposter\n|-ability|p1a: Ditto|Intrepid Sword|boost\n|-boost|p1a: Ditto|atk|1\n|turn|19\n|\n|t:|1698585480\n|move|p1a: Ditto|Swords Dance|p1a: Ditto\n|-boost|p1a: Ditto|atk|2\n|move|p2a: Zacian|Behemoth Blade|p1a: Ditto\n|-damage|p1a: Ditto|3\/100\n|-enditem|p1a: Ditto|Aguav Berry|[eat]\n|-heal|p1a: Ditto|36\/100|[from] item: Aguav Berry\n|\n|-weather|none\n|-damage|p2a: Zacian|2\/100 brn|[from] brn\n|upkeep\n|turn|20\n|\n|t:|1698585494\n|switch|p2a: Rayquaza|Rayquaza|100\/100\n|-damage|p2a: Rayquaza|76\/100|[from] Stealth Rock\n|-ability|p2a: Rayquaza|Air Lock\n|move|p1a: Ditto|Sacred Sword|p2a: Rayquaza\n|-resisted|p2a: Rayquaza\n|-damage|p2a: Rayquaza|29\/100\n|\n|upkeep\n|turn|21\n|\n|t:|1698585505\n|move|p1a: Ditto|Wild Charge|p2a: Rayquaza\n|-damage|p2a: Rayquaza|0 fnt\n|faint|p2a: Rayquaza\n|-damage|p1a: Ditto|24\/100|[from] Recoil\n|\n|upkeep\n|\n|t:|1698585507\n|switch|p2a: Calyrex|Calyrex-Shadow|100\/100\n|-ability|p2a: Calyrex|As One\n|-ability|p2a: Calyrex|Unnerve\n|-damage|p2a: Calyrex|88\/100|[from] Stealth Rock\n|turn|22\n|\n|t:|1698585519\n|-terastallize|p2a: Calyrex|Ghost\n|move|p2a: Calyrex|Substitute|p2a: Calyrex\n|-start|p2a: Calyrex|Substitute\n|-damage|p2a: Calyrex|63\/100\n|move|p1a: Ditto|Behemoth Blade|p2a: Calyrex\n|-end|p2a: Calyrex|Substitute\n|\n|-heal|p2a: Calyrex|70\/100|[from] item: Leftovers\n|upkeep\n|turn|23\n|\n|t:|1698585529\n|move|p2a: Calyrex|Astral Barrage|p1a: Ditto\n|-damage|p1a: Ditto|0 fnt\n|faint|p1a: Ditto\n|-ability|p2a: Calyrex|Grim Neigh|boost\n|-boost|p2a: Calyrex|spa|1\n|\n|-heal|p2a: Calyrex|76\/100|[from] item: Leftovers\n|upkeep\n|\n|t:|1698585538\n|switch|p1a: Ditto|Ditto|100\/100\n|-damage|p1a: Ditto|88\/100|[from] Stealth Rock\n|-transform|p1a: Ditto|p2a: Calyrex|[from] ability: Imposter\n|-start|p1a: Ditto|typechange|Psychic\/Ghost|[silent]\n|turn|24\n|\n|t:|1698585550\n|-terastallize|p1a: Ditto|Normal\n|move|p2a: Calyrex|Substitute|p2a: Calyrex\n|-start|p2a: Calyrex|Substitute\n|-damage|p2a: Calyrex|51\/100\n|move|p1a: Ditto|Leech Seed||[still]\n|-fail|p1a: Ditto\n|\n|-heal|p2a: Calyrex|57\/100|[from] item: Leftovers\n|upkeep\n|turn|25\n|\n|t:|1698585561\n|move|p1a: Ditto|Draining Kiss|p2a: Calyrex\n|-end|p2a: Calyrex|Substitute\n|-heal|p1a: Ditto|100\/100|[from] drain|[of] p2a: Calyrex\n|move|p2a: Calyrex|Astral Barrage|p1a: Ditto\n|-immune|p1a: Ditto\n|\n|-heal|p2a: Calyrex|63\/100|[from] item: Leftovers\n|upkeep\n|turn|26\n|\n|t:|1698585575\n|move|p1a: Ditto|Leech Seed|p2a: Calyrex|[miss]\n|-miss|p1a: Ditto|p2a: Calyrex\n|move|p2a: Calyrex|Leech Seed|p1a: Ditto\n|-start|p1a: Ditto|move: Leech Seed\n|\n|-heal|p2a: Calyrex|69\/100|[from] item: Leftovers\n|-damage|p1a: Ditto|88\/100|[from] Leech Seed|[of] p2a: Calyrex\n|-heal|p2a: Calyrex|79\/100|[silent]\n|upkeep\n|turn|27\n|\n|t:|1698585584\n|move|p1a: Ditto|Leech Seed|p2a: Calyrex|[miss]\n|-miss|p1a: Ditto|p2a: Calyrex\n|move|p2a: Calyrex|Substitute|p2a: Calyrex\n|-start|p2a: Calyrex|Substitute\n|-damage|p2a: Calyrex|54\/100\n|\n|-heal|p2a: Calyrex|60\/100|[from] item: Leftovers\n|-damage|p1a: Ditto|76\/100|[from] Leech Seed|[of] p2a: Calyrex\n|-heal|p2a: Calyrex|69\/100|[silent]\n|upkeep\n|turn|28\n|\n|t:|1698585594\n|move|p1a: Ditto|Draining Kiss|p2a: Calyrex\n|-end|p2a: Calyrex|Substitute\n|-heal|p1a: Ditto|100\/100|[from] drain|[of] p2a: Calyrex\n|move|p2a: Calyrex|Draining Kiss|p1a: Ditto\n|-damage|p1a: Ditto|58\/100\n|-heal|p2a: Calyrex|93\/100|[from] drain|[of] p1a: Ditto\n|\n|-heal|p2a: Calyrex|99\/100|[from] item: Leftovers\n|-damage|p1a: Ditto|46\/100|[from] Leech Seed|[of] p2a: Calyrex\n|-heal|p2a: Calyrex|100\/100|[silent]\n|upkeep\n|turn|29\n|\n|t:|1698585606\n|move|p2a: Calyrex|Astral Barrage|p1a: Ditto\n|-immune|p1a: Ditto\n|move|p1a: Ditto|Draining Kiss|p2a: Calyrex\n|-damage|p2a: Calyrex|70\/100\n|-heal|p1a: Ditto|76\/100|[from] drain|[of] p2a: Calyrex\n|\n|-heal|p2a: Calyrex|76\/100|[from] item: Leftovers\n|-damage|p1a: Ditto|64\/100|[from] Leech Seed|[of] p2a: Calyrex\n|-heal|p2a: Calyrex|85\/100|[silent]\n|upkeep\n|turn|30\n|\n|t:|1698585618\n|move|p1a: Ditto|Leech Seed|p2a: Calyrex\n|-start|p2a: Calyrex|move: Leech Seed\n|move|p2a: Calyrex|Draining Kiss|p1a: Ditto\n|-damage|p1a: Ditto|21\/100\n|-heal|p2a: Calyrex|100\/100|[from] drain|[of] p1a: Ditto\n|\n|-damage|p1a: Ditto|9\/100|[from] Leech Seed|[of] p2a: Calyrex\n|-damage|p2a: Calyrex|88\/100|[from] Leech Seed|[of] p1a: Ditto\n|-heal|p1a: Ditto|25\/100|[silent]\n|upkeep\n|turn|31\n|\n|t:|1698585628\n|move|p1a: Ditto|Draining Kiss|p2a: Calyrex\n|-damage|p2a: Calyrex|58\/100\n|-heal|p1a: Ditto|55\/100|[from] drain|[of] p2a: Calyrex\n|move|p2a: Calyrex|Draining Kiss|p1a: Ditto\n|-damage|p1a: Ditto|13\/100\n|-heal|p2a: Calyrex|82\/100|[from] drain|[of] p1a: Ditto\n|\n|-heal|p2a: Calyrex|88\/100|[from] item: Leftovers\n|-damage|p2a: Calyrex|76\/100|[from] Leech Seed|[of] p1a: Ditto\n|-heal|p1a: Ditto|29\/100|[silent]\n|-damage|p1a: Ditto|17\/100|[from] Leech Seed|[of] p2a: Calyrex\n|-heal|p2a: Calyrex|85\/100|[silent]\n|upkeep\n|turn|32\n|\n|t:|1698585641\n|move|p2a: Calyrex|Substitute|p2a: Calyrex\n|-start|p2a: Calyrex|Substitute\n|-damage|p2a: Calyrex|60\/100\n|move|p1a: Ditto|Draining Kiss|p2a: Calyrex\n|-end|p2a: Calyrex|Substitute\n|-heal|p1a: Ditto|41\/100|[from] drain|[of] p2a: Calyrex\n|\n|-heal|p2a: Calyrex|66\/100|[from] item: Leftovers\n|-damage|p2a: Calyrex|54\/100|[from] Leech Seed|[of] p1a: Ditto\n|-heal|p1a: Ditto|57\/100|[silent]\n|-damage|p1a: Ditto|45\/100|[from] Leech Seed|[of] p2a: Calyrex\n|-heal|p2a: Calyrex|63\/100|[silent]\n|upkeep\n|turn|33\n|\n|t:|1698585654\n|move|p1a: Ditto|Astral Barrage|p2a: Calyrex\n|-supereffective|p2a: Calyrex\n|-damage|p2a: Calyrex|0 fnt\n|faint|p2a: Calyrex\n|-ability|p1a: Ditto|Grim Neigh|boost\n|-boost|p1a: Ditto|spa|1\n|\n|upkeep\n|\n|t:|1698585663\n|switch|p2a: Zacian|Zacian-Crowned|2\/100 brn\n|-damage|p2a: Zacian|0 fnt|[from] Stealth Rock\n|faint|p2a: Zacian\n|\n|t:|1698585666\n|switch|p2a: Miraidon|Miraidon|20\/100\n|-damage|p2a: Miraidon|8\/100|[from] Stealth Rock\n|-fieldstart|move: Electric Terrain|[from] ability: Hadron Engine|[of] p2a: Miraidon\n|turn|34\n|\n|t:|1698585679\n|move|p1a: Ditto|Astral Barrage|p2a: Miraidon\n|-crit|p2a: Miraidon\n|-damage|p2a: Miraidon|0 fnt\n|faint|p2a: Miraidon\n|-ability|p1a: Ditto|Grim Neigh|boost\n|-boost|p1a: Ditto|spa|1\n|\n|upkeep\n|\n|t:|1698585682\n|switch|p2a: Groudon|Groudon|88\/100\n|-damage|p2a: Groudon|82\/100|[from] Stealth Rock\n|-weather|SunnyDay|[from] ability: Drought|[of] p2a: Groudon\n|turn|35\n|\n|t:|1698585696\n|move|p1a: Ditto|Substitute|p1a: Ditto\n|-start|p1a: Ditto|Substitute\n|-damage|p1a: Ditto|20\/100\n|move|p2a: Groudon|Will-O-Wisp||[still]\n|-fail|p2a: Groudon\n|\n|-weather|SunnyDay|[upkeep]\n|-damage|p1a: Ditto|8\/100|[from] Leech Seed|[of] p2a: Groudon\n|-heal|p2a: Groudon|90\/100|[silent]\n|upkeep\n|turn|36\n|\n|t:|1698585705\n|move|p1a: Ditto|Astral Barrage|p2a: Groudon\n|-damage|p2a: Groudon|0 fnt\n|faint|p2a: Groudon\n|\n|win|Treeko74\n|raw|Treeko74's rating: 1118 &rarr; <strong>1146<\/strong><br \/>(+28 for winning)\n|raw|Query mania's rating: 1156 &rarr; <strong>1128<\/strong><br \/>(-28 for losing)\n|c|\u2606Treeko74|Gg\n","uploadtime":1698585748,"views":8,"p1id":"treeko74","p2id":"querymania","formatid":"gen9anythinggoes","rating":1128,"private":0,"password":""}