{"id":"gen9anythinggoes-1998525683","p1":"Xr_Kartana","p2":"hoenn militian","format":"[Gen 9] Anything Goes","log":"|j|\u2606Xr_Kartana\n|j|\u2606hoenn militian\n|t:|1700952296\n|gametype|singles\n|player|p1|Xr_Kartana|allister-masters|1457\n|player|p2|hoenn militian|265|1752\n|teamsize|p1|6\n|teamsize|p2|6\n|gen|9\n|tier|[Gen 9] Anything Goes\n|rated|\n|rule|HP Percentage Mod: HP is shown in percentages\n|rule|Endless Battle Clause: Forcing endless battles is banned\n|clearpoke\n|poke|p1|Arceus-Fairy|\n|poke|p1|Ting-Lu|\n|poke|p1|Koraidon|\n|poke|p1|Arceus|\n|poke|p1|Calyrex-Shadow|\n|poke|p1|Toxapex, F|\n|poke|p2|Miraidon|\n|poke|p2|Grimmsnarl, M|\n|poke|p2|Skeledirge, M|\n|poke|p2|Moltres|\n|poke|p2|Blissey, F|\n|poke|p2|Calyrex-Ice|\n|teampreview\n|inactive|Battle timer is ON: inactive players will automatically lose when time's up. (requested by Xr_Kartana)\n|\n|t:|1700952314\n|start\n|switch|p1a: Calyrex|Calyrex-Shadow|100\/100\n|switch|p2a: Calyrex|Calyrex-Ice|100\/100\n|-ability|p1a: Calyrex|As One\n|-ability|p1a: Calyrex|Unnerve\n|-ability|p2a: Calyrex|As One\n|-ability|p2a: Calyrex|Unnerve\n|turn|1\n|\n|t:|1700952340\n|switch|p1a: Toxapex|Toxapex, F|100\/100\n|switch|p2a: Blissey|Blissey, F|100\/100\n|\n|upkeep\n|turn|2\n|\n|t:|1700952347\n|move|p2a: Blissey|Stealth Rock|p1a: Toxapex\n|-sidestart|p1: Xr_Kartana|move: Stealth Rock\n|move|p1a: Toxapex|Toxic|p2a: Blissey\n|-status|p2a: Blissey|tox\n|\n|-damage|p2a: Blissey|94\/100 tox|[from] psn\n|upkeep\n|turn|3\n|\n|t:|1700952363\n|-curestatus|p2a: Blissey|tox|[from] ability: Natural Cure\n|switch|p2a: Miraidon|Miraidon|100\/100\n|-fieldstart|move: Electric Terrain|[from] ability: Hadron Engine|[of] p2a: Miraidon\n|move|p1a: Toxapex|Toxic Spikes|p2a: Miraidon\n|-sidestart|p2: hoenn militian|move: Toxic Spikes\n|\n|upkeep\n|turn|4\n|\n|t:|1700952372\n|switch|p1a: Ting-Lu|Ting-Lu|100\/100\n|-damage|p1a: Ting-Lu|94\/100|[from] Stealth Rock\n|-ability|p1a: Ting-Lu|Vessel of Ruin\n|move|p2a: Miraidon|Dragon Pulse|p1a: Ting-Lu\n|-damage|p1a: Ting-Lu|68\/100\n|\n|-heal|p1a: Ting-Lu|74\/100|[from] item: Leftovers\n|upkeep\n|turn|5\n|inactive|Xr_Kartana has 120 seconds left.\n|\n|t:|1700952404\n|move|p2a: Miraidon|U-turn|p1a: Ting-Lu\n|-supereffective|p1a: Ting-Lu\n|-damage|p1a: Ting-Lu|59\/100\n|\n|t:|1700952410\n|switch|p2a: Calyrex|Calyrex-Ice|100\/100|[from] U-turn\n|-ability|p2a: Calyrex|As One\n|-ability|p2a: Calyrex|Unnerve\n|move|p1a: Ting-Lu|Whirlwind|p2a: Calyrex\n|drag|p2a: Blissey|Blissey, F|94\/100\n|\n|-heal|p1a: Ting-Lu|65\/100|[from] item: Leftovers\n|upkeep\n|turn|6\n|\n|t:|1700952423\n|switch|p2a: Moltres|Moltres|100\/100\n|move|p1a: Ting-Lu|Payback|p2a: Moltres\n|-damage|p2a: Moltres|88\/100\n|-status|p1a: Ting-Lu|brn|[from] ability: Flame Body|[of] p2a: Moltres\n|\n|-heal|p1a: Ting-Lu|72\/100 brn|[from] item: Leftovers\n|-damage|p1a: Ting-Lu|65\/100 brn|[from] brn\n|upkeep\n|turn|7\n|\n|t:|1700952432\n|move|p2a: Moltres|Roar|p1a: Ting-Lu\n|drag|p1a: Calyrex|Calyrex-Shadow|100\/100\n|-ability|p1a: Calyrex|As One\n|-ability|p1a: Calyrex|Unnerve\n|-damage|p1a: Calyrex|88\/100|[from] Stealth Rock\n|\n|-fieldend|move: Electric Terrain\n|upkeep\n|turn|8\n|\n|t:|1700952440\n|switch|p2a: Grimmsnarl|Grimmsnarl, M|100\/100\n|move|p1a: Calyrex|Trick|p2a: Grimmsnarl\n|-activate|p1a: Calyrex|move: Trick|[of] p2a: Grimmsnarl\n|-item|p2a: Grimmsnarl|Choice Specs|[from] move: Trick\n|-item|p1a: Calyrex|Heavy-Duty Boots|[from] move: Trick\n|\n|upkeep\n|turn|9\n|\n|t:|1700952449\n|switch|p1a: Toxapex|Toxapex, F|100\/100\n|-damage|p1a: Toxapex|88\/100|[from] Stealth Rock\n|move|p2a: Grimmsnarl|Spirit Break|p1a: Toxapex\n|-resisted|p1a: Toxapex\n|-damage|p1a: Toxapex|79\/100\n|-unboost|p1a: Toxapex|spa|1\n|-damage|p2a: Grimmsnarl|84\/100|[from] item: Rocky Helmet|[of] p1a: Toxapex\n|\n|upkeep\n|turn|10\n|\n|t:|1700952458\n|switch|p2a: Blissey|Blissey, F|94\/100\n|move|p1a: Toxapex|Toxic Spikes|p2a: Blissey\n|-sidestart|p2: hoenn militian|move: Toxic Spikes\n|\n|upkeep\n|turn|11\n|\n|t:|1700952467\n|move|p2a: Blissey|Seismic Toss|p1a: Toxapex\n|-damage|p1a: Toxapex|46\/100\n|-damage|p2a: Blissey|78\/100|[from] item: Rocky Helmet|[of] p1a: Toxapex\n|move|p1a: Toxapex|Toxic|p2a: Blissey\n|-status|p2a: Blissey|tox\n|\n|-damage|p2a: Blissey|72\/100 tox|[from] psn\n|upkeep\n|turn|12\n|\n|t:|1700952475\n|-curestatus|p2a: Blissey|tox|[from] ability: Natural Cure\n|switch|p2a: Miraidon|Miraidon|100\/100\n|-fieldstart|move: Electric Terrain|[from] ability: Hadron Engine|[of] p2a: Miraidon\n|switch|p1a: Calyrex|Calyrex-Shadow|88\/100\n|-ability|p1a: Calyrex|As One\n|-ability|p1a: Calyrex|Unnerve\n|\n|upkeep\n|turn|13\n|\n|t:|1700952485\n|switch|p1a: Ting-Lu|Ting-Lu|65\/100 brn\n|-damage|p1a: Ting-Lu|59\/100 brn|[from] Stealth Rock\n|-ability|p1a: Ting-Lu|Vessel of Ruin\n|move|p2a: Miraidon|Electro Drift|p1a: Ting-Lu\n|-immune|p1a: Ting-Lu\n|\n|-heal|p1a: Ting-Lu|65\/100 brn|[from] item: Leftovers\n|-damage|p1a: Ting-Lu|59\/100 brn|[from] brn\n|upkeep\n|turn|14\n|\n|t:|1700952497\n|move|p2a: Miraidon|U-turn|p1a: Ting-Lu\n|-supereffective|p1a: Ting-Lu\n|-damage|p1a: Ting-Lu|43\/100 brn\n|\n|t:|1700952502\n|switch|p2a: Moltres|Moltres|88\/100|[from] U-turn\n|move|p1a: Ting-Lu|Whirlwind|p2a: Moltres\n|drag|p2a: Grimmsnarl|Grimmsnarl, M|84\/100\n|-status|p2a: Grimmsnarl|tox\n|\n|-heal|p1a: Ting-Lu|50\/100 brn|[from] item: Leftovers\n|-damage|p2a: Grimmsnarl|78\/100 tox|[from] psn\n|-damage|p1a: Ting-Lu|43\/100 brn|[from] brn\n|upkeep\n|turn|15\n|\n|t:|1700952512\n|switch|p2a: Miraidon|Miraidon|100\/100\n|-activate|p2a: Miraidon|ability: Hadron Engine\n|move|p1a: Ting-Lu|Spikes|p2a: Miraidon\n|-sidestart|p2: hoenn militian|Spikes\n|\n|-heal|p1a: Ting-Lu|50\/100 brn|[from] item: Leftovers\n|-damage|p1a: Ting-Lu|43\/100 brn|[from] brn\n|upkeep\n|turn|16\n|\n|t:|1700952521\n|move|p2a: Miraidon|Dragon Pulse|p1a: Ting-Lu\n|-damage|p1a: Ting-Lu|15\/100 brn\n|move|p1a: Ting-Lu|Spikes|p2a: Miraidon\n|-sidestart|p2: hoenn militian|Spikes\n|\n|-heal|p1a: Ting-Lu|21\/100 brn|[from] item: Leftovers\n|-damage|p1a: Ting-Lu|15\/100 brn|[from] brn\n|-fieldend|move: Electric Terrain\n|upkeep\n|turn|17\n|\n|t:|1700952539\n|switch|p1a: Arceus|Arceus-Fairy|100\/100\n|-damage|p1a: Arceus|88\/100|[from] Stealth Rock\n|move|p2a: Miraidon|U-turn|p1a: Arceus\n|-resisted|p1a: Arceus\n|-damage|p1a: Arceus|85\/100\n|\n|t:|1700952546\n|switch|p2a: Moltres|Moltres|88\/100|[from] U-turn\n|\n|upkeep\n|turn|18\n|\n|t:|1700952551\n|move|p1a: Arceus|Judgment|p2a: Moltres\n|-resisted|p2a: Moltres\n|-damage|p2a: Moltres|62\/100\n|move|p2a: Moltres|Roar|p1a: Arceus\n|drag|p1a: Toxapex|Toxapex, F|80\/100\n|-damage|p1a: Toxapex|67\/100|[from] Stealth Rock\n|\n|upkeep\n|turn|19\n|\n|t:|1700952559\n|switch|p2a: Blissey|Blissey, F|72\/100\n|move|p1a: Toxapex|Toxic|p2a: Blissey\n|-status|p2a: Blissey|tox\n|\n|-damage|p2a: Blissey|65\/100 tox|[from] psn\n|upkeep\n|turn|20\n|\n|t:|1700952573\n|move|p2a: Blissey|Soft-Boiled|p2a: Blissey\n|-heal|p2a: Blissey|100\/100 tox\n|move|p1a: Toxapex|Recover|p1a: Toxapex\n|-heal|p1a: Toxapex|100\/100\n|\n|-damage|p2a: Blissey|88\/100 tox|[from] psn\n|upkeep\n|turn|21\n|\n|t:|1700952582\n|switch|p1a: Koraidon|Koraidon|100\/100\n|-damage|p1a: Koraidon|94\/100|[from] Stealth Rock\n|-weather|SunnyDay|[from] ability: Orichalcum Pulse|[of] p1a: Koraidon\n|-activate|p1a: Koraidon|Orichalcum Pulse|[source]\n|move|p2a: Blissey|Seismic Toss|p1a: Koraidon\n|-damage|p1a: Koraidon|66\/100\n|\n|-weather|SunnyDay|[upkeep]\n|-damage|p2a: Blissey|70\/100 tox|[from] psn\n|upkeep\n|turn|22\n|\n|t:|1700952599\n|-curestatus|p2a: Blissey|tox|[from] ability: Natural Cure\n|switch|p2a: Grimmsnarl|Grimmsnarl, M|78\/100 tox\n|-damage|p2a: Grimmsnarl|61\/100 tox|[from] Spikes\n|move|p1a: Koraidon|U-turn|p2a: Grimmsnarl\n|-damage|p2a: Grimmsnarl|12\/100 tox\n|\n|t:|1700952607\n|switch|p1a: Arceus|Arceus|100\/100|[from] U-turn\n|\n|-weather|SunnyDay|[upkeep]\n|-damage|p2a: Grimmsnarl|6\/100 tox|[from] psn\n|upkeep\n|turn|23\n|\n|t:|1700952612\n|move|p2a: Grimmsnarl|Parting Shot|p1a: Arceus\n|-unboost|p1a: Arceus|atk|1\n|-unboost|p1a: Arceus|spa|1\n|\n|t:|1700952616\n|switch|p2a: Moltres|Moltres|62\/100|[from] Parting Shot\n|move|p1a: Arceus|Swords Dance|p1a: Arceus\n|-boost|p1a: Arceus|atk|2\n|\n|-weather|SunnyDay|[upkeep]\n|upkeep\n|turn|24\n|\n|t:|1700952624\n|switch|p1a: Ting-Lu|Ting-Lu|15\/100 brn\n|-damage|p1a: Ting-Lu|9\/100 brn|[from] Stealth Rock\n|-ability|p1a: Ting-Lu|Vessel of Ruin\n|move|p2a: Moltres|Burning Jealousy|p1a: Ting-Lu\n|-crit|p1a: Ting-Lu\n|-damage|p1a: Ting-Lu|0 fnt\n|faint|p1a: Ting-Lu\n|\n|-weather|SunnyDay|[upkeep]\n|upkeep\n|\n|t:|1700952634\n|switch|p1a: Koraidon|Koraidon|66\/100\n|-damage|p1a: Koraidon|60\/100|[from] Stealth Rock\n|-activate|p1a: Koraidon|ability: Orichalcum Pulse\n|turn|25\n|\n|t:|1700952640\n|switch|p2a: Grimmsnarl|Grimmsnarl, M|6\/100 tox\n|-damage|p2a: Grimmsnarl|0 fnt|[from] Spikes\n|faint|p2a: Grimmsnarl\n|move|p1a: Koraidon|Outrage|p2: Grimmsnarl|[notarget]\n|-fail|p1a: Koraidon\n|\n|-weather|none\n|upkeep\n|\n|t:|1700952651\n|switch|p2a: Miraidon|Miraidon|100\/100\n|-fieldstart|move: Electric Terrain|[from] ability: Hadron Engine|[of] p2a: Miraidon\n|turn|26\n|\n|t:|1700952664\n|switch|p1a: Toxapex|Toxapex, F|100\/100\n|-damage|p1a: Toxapex|88\/100|[from] Stealth Rock\n|move|p2a: Miraidon|Protect||[still]\n|-fail|p2a: Miraidon\n|\n|upkeep\n|turn|27\n|\n|t:|1700952675\n|switch|p1a: Arceus|Arceus-Fairy|85\/100\n|-damage|p1a: Arceus|73\/100|[from] Stealth Rock\n|move|p2a: Miraidon|Electro Drift|p1a: Arceus\n|-damage|p1a: Arceus|14\/100\n|\n|upkeep\n|turn|28\n|\n|t:|1700952683\n|move|p2a: Miraidon|Electro Drift|p1a: Arceus\n|-damage|p1a: Arceus|0 fnt\n|faint|p1a: Arceus\n|\n|upkeep\n|\n|t:|1700952686\n|switch|p1a: Koraidon|Koraidon|60\/100\n|-damage|p1a: Koraidon|54\/100|[from] Stealth Rock\n|-weather|SunnyDay|[from] ability: Orichalcum Pulse|[of] p1a: Koraidon\n|-activate|p1a: Koraidon|Orichalcum Pulse|[source]\n|turn|29\n|\n|t:|1700952692\n|-terastallize|p1a: Koraidon|Fire\n|move|p2a: Miraidon|Protect|p2a: Miraidon\n|-singleturn|p2a: Miraidon|Protect\n|move|p1a: Koraidon|Flare Blitz|p2a: Miraidon\n|-activate|p2a: Miraidon|move: Protect\n|\n|-weather|SunnyDay|[upkeep]\n|upkeep\n|turn|30\n|\n|t:|1700952718\n|switch|p2a: Skeledirge|Skeledirge, M|100\/100\n|move|p1a: Koraidon|Flare Blitz|p2a: Skeledirge\n|-resisted|p2a: Skeledirge\n|-damage|p2a: Skeledirge|59\/100\n|-damage|p1a: Koraidon|38\/100|[from] Recoil\n|\n|-weather|SunnyDay|[upkeep]\n|-fieldend|move: Electric Terrain\n|upkeep\n|turn|31\n|\n|t:|1700952730\n|move|p1a: Koraidon|Flare Blitz|p2a: Skeledirge\n|-resisted|p2a: Skeledirge\n|-damage|p2a: Skeledirge|14\/100\n|-damage|p1a: Koraidon|21\/100|[from] Recoil\n|move|p2a: Skeledirge|Slack Off|p2a: Skeledirge\n|-heal|p2a: Skeledirge|64\/100\n|\n|-weather|SunnyDay|[upkeep]\n|upkeep\n|turn|32\n|\n|t:|1700952737\n|move|p1a: Koraidon|Flare Blitz|p2a: Skeledirge\n|-resisted|p2a: Skeledirge\n|-damage|p2a: Skeledirge|23\/100\n|-damage|p1a: Koraidon|5\/100|[from] Recoil\n|move|p2a: Skeledirge|Slack Off|p2a: Skeledirge\n|-heal|p2a: Skeledirge|73\/100\n|\n|-weather|SunnyDay|[upkeep]\n|upkeep\n|turn|33\n|\n|t:|1700952745\n|move|p1a: Koraidon|Flare Blitz|p2a: Skeledirge\n|-resisted|p2a: Skeledirge\n|-damage|p2a: Skeledirge|34\/100\n|-damage|p1a: Koraidon|0 fnt|[from] Recoil\n|faint|p1a: Koraidon\n|move|p2a: Skeledirge|Slack Off|p2a: Skeledirge\n|-heal|p2a: Skeledirge|84\/100\n|\n|-weather|none\n|upkeep\n|\n|t:|1700952748\n|switch|p1a: Calyrex|Calyrex-Shadow|88\/100\n|-ability|p1a: Calyrex|As One\n|-ability|p1a: Calyrex|Unnerve\n|turn|34\n|\n|t:|1700952759\n|-terastallize|p2a: Skeledirge|Normal\n|move|p1a: Calyrex|Psyshock|p2a: Skeledirge\n|-damage|p2a: Skeledirge|53\/100\n|move|p2a: Skeledirge|Hex|p1a: Calyrex\n|-supereffective|p1a: Calyrex\n|-damage|p1a: Calyrex|0 fnt\n|faint|p1a: Calyrex\n|\n|upkeep\n|-message|Xr_Kartana forfeited.\n|\n|win|hoenn militian\n|raw|Xr_Kartana's rating: 1473 &rarr; <strong>1466<\/strong><br \/>(-7 for losing)\n|raw|hoenn militian's rating: 1752 &rarr; <strong>1759<\/strong><br \/>(+7 for winning)\n|l|\u2606Xr_Kartana\n","uploadtime":1700952790,"views":3,"p1id":"xrkartana","p2id":"hoennmilitian","formatid":"gen9anythinggoes","rating":1466,"private":0,"password":""}