{"id":"gen9anythinggoes-1994886103","p1":"helloeveryoonesae","p2":"Matsurizzzu","format":"[Gen 9] Anything Goes","log":"|j|\u2606helloeveryoonesae\n|j|\u2606Matsurizzzu\n|t:|1700501707\n|gametype|singles\n|player|p1|helloeveryoonesae|bruno|1112\n|player|p2|Matsurizzzu|dawn|1167\n|teamsize|p1|6\n|teamsize|p2|6\n|gen|9\n|tier|[Gen 9] Anything Goes\n|rated|\n|rule|HP Percentage Mod: HP is shown in percentages\n|rule|Endless Battle Clause: Forcing endless battles is banned\n|clearpoke\n|poke|p1|Iron Valiant|\n|poke|p1|Decidueye-Hisui, F|\n|poke|p1|Greninja-*, M|\n|poke|p1|Iron Hands|\n|poke|p1|Iron Moth|\n|poke|p1|Roaring Moon|\n|poke|p2|Staraptor, M|\n|poke|p2|Staraptor, M|\n|poke|p2|Staraptor, M|\n|poke|p2|Staraptor, M|\n|poke|p2|Staraptor, F|\n|poke|p2|Staraptor, M|\n|teampreview\n|inactive|Battle timer is ON: inactive players will automatically lose when time's up. (requested by helloeveryoonesae)\n|\n|t:|1700501716\n|start\n|switch|p1a: Iron Hands|Iron Hands|100\/100\n|switch|p2a: Staraptor|Staraptor, M|100\/100\n|turn|1\n|\n|t:|1700501720\n|move|p2a: Staraptor|Brave Bird|p1a: Iron Hands\n|-crit|p1a: Iron Hands\n|-damage|p1a: Iron Hands|8\/100\n|-damage|p2a: Staraptor|84\/100|[from] item: Rocky Helmet|[of] p1a: Iron Hands\n|-damage|p2a: Staraptor|34\/100|[from] Recoil\n|-damage|p2a: Staraptor|24\/100|[from] item: Life Orb\n|move|p1a: Iron Hands|Thunder Punch|p2a: Staraptor\n|-supereffective|p2a: Staraptor\n|-damage|p2a: Staraptor|0 fnt\n|faint|p2a: Staraptor\n|\n|upkeep\n|\n|t:|1700501730\n|switch|p2a: Staraptor|Staraptor, M|100\/100\n|turn|2\n|\n|t:|1700501749\n|move|p2a: Staraptor|Quick Attack|p1a: Iron Hands\n|-damage|p1a: Iron Hands|0 fnt\n|-damage|p2a: Staraptor|84\/100|[from] item: Rocky Helmet|[of] p1a: Iron Hands\n|faint|p1a: Iron Hands\n|-end|p1a: Iron Hands|Quark Drive|[silent]\n|-damage|p2a: Staraptor|74\/100|[from] item: Life Orb\n|\n|upkeep\n|\n|t:|1700501758\n|switch|p1a: Iron Valiant|Iron Valiant|100\/100\n|-enditem|p1a: Iron Valiant|Booster Energy\n|-activate|p1a: Iron Valiant|ability: Quark Drive|[fromitem]\n|-start|p1a: Iron Valiant|quarkdriveatk\n|turn|3\n|\n|t:|1700501768\n|-terastallize|p1a: Iron Valiant|Steel\n|move|p1a: Iron Valiant|Drain Punch|p2a: Staraptor\n|-damage|p2a: Staraptor|0 fnt\n|faint|p2a: Staraptor\n|\n|upkeep\n|\n|t:|1700501771\n|switch|p2a: Staraptor|Staraptor, M|100\/100\n|turn|4\n|\n|t:|1700501775\n|move|p1a: Iron Valiant|Drain Punch|p2a: Staraptor\n|-damage|p2a: Staraptor|20\/100\n|move|p2a: Staraptor|Close Combat|p1a: Iron Valiant\n|-supereffective|p1a: Iron Valiant\n|-damage|p1a: Iron Valiant|0 fnt\n|-unboost|p2a: Staraptor|def|1\n|-unboost|p2a: Staraptor|spd|1\n|faint|p1a: Iron Valiant\n|-end|p1a: Iron Valiant|Quark Drive|[silent]\n|-damage|p2a: Staraptor|10\/100|[from] item: Life Orb\n|\n|upkeep\n|\n|t:|1700501790\n|switch|p1a: Greninja|Greninja, M, shiny|100\/100\n|turn|5\n|\n|t:|1700501799\n|-terastallize|p2a: Staraptor|Normal\n|move|p2a: Staraptor|Quick Attack|p1a: Greninja\n|-damage|p1a: Greninja|39\/100\n|-damage|p2a: Staraptor|0 fnt|[from] item: Life Orb\n|faint|p2a: Staraptor\n|move|p1a: Greninja|Ice Beam|p2: Staraptor|[notarget]\n|-fail|p1a: Greninja\n|\n|upkeep\n|\n|t:|1700501806\n|switch|p2a: Staraptor|Staraptor, M|100\/100\n|turn|6\n|\n|t:|1700501809\n|move|p2a: Staraptor|Quick Attack|p1a: Greninja\n|-damage|p1a: Greninja|0 fnt\n|faint|p1a: Greninja\n|-damage|p2a: Staraptor|91\/100|[from] item: Life Orb\n|\n|upkeep\n|\n|t:|1700501814\n|switch|p1a: Decidueye|Decidueye-Hisui, F, shiny|100\/100\n|turn|7\n|\n|t:|1700501819\n|move|p1a: Decidueye|Sucker Punch|p2a: Staraptor\n|-damage|p2a: Staraptor|35\/100\n|move|p2a: Staraptor|Brave Bird|p1a: Decidueye\n|-supereffective|p1a: Decidueye\n|-damage|p1a: Decidueye|0 fnt\n|faint|p1a: Decidueye\n|-damage|p2a: Staraptor|0 fnt|[from] Recoil\n|faint|p2a: Staraptor\n|\n|upkeep\n|\n|t:|1700501828\n|switch|p2a: Staraptor|Staraptor, F|100\/100\n|switch|p1a: Iron Moth|Iron Moth|100\/100\n|turn|8\n|\n|t:|1700501835\n|move|p1a: Iron Moth|Fiery Dance|p2a: Staraptor\n|-damage|p2a: Staraptor|32\/100\n|move|p2a: Staraptor|Brave Bird|p1a: Iron Moth\n|-damage|p1a: Iron Moth|0 fnt\n|faint|p1a: Iron Moth\n|-end|p1a: Iron Moth|Quark Drive|[silent]\n|-damage|p2a: Staraptor|0 fnt|[from] Recoil\n|faint|p2a: Staraptor\n|\n|upkeep\n|\n|t:|1700501844\n|switch|p1a: Roaring Moon|Roaring Moon|100\/100\n|switch|p2a: Staraptor|Staraptor, M|100\/100\n|-enditem|p1a: Roaring Moon|Booster Energy\n|-activate|p1a: Roaring Moon|ability: Protosynthesis|[fromitem]\n|-start|p1a: Roaring Moon|protosynthesisatk\n|turn|9\n|\n|t:|1700501858\n|move|p1a: Roaring Moon|Dragon Claw|p2a: Staraptor\n|-damage|p2a: Staraptor|22\/100\n|move|p2a: Staraptor|Close Combat|p1a: Roaring Moon\n|-supereffective|p1a: Roaring Moon\n|-damage|p1a: Roaring Moon|0 fnt\n|-unboost|p2a: Staraptor|def|1\n|-unboost|p2a: Staraptor|spd|1\n|faint|p1a: Roaring Moon\n|-end|p1a: Roaring Moon|Protosynthesis|[silent]\n|-damage|p2a: Staraptor|12\/100|[from] item: Life Orb\n|\n|win|Matsurizzzu\n|raw|helloeveryoonesae's rating: 1112 &rarr; <strong>1091<\/strong><br \/>(-21 for losing)\n|raw|Matsurizzzu's rating: 1167 &rarr; <strong>1188<\/strong><br \/>(+21 for winning)\n|c|\u2606Matsurizzzu|Gg\n|l|\u2606helloeveryoonesae\n","uploadtime":1700501875,"views":23,"p1id":"helloeveryoonesae","p2id":"matsurizzzu","formatid":"gen9anythinggoes","rating":1091,"private":0,"password":""}