{"id":"gen9anythinggoes-1977601868","p1":"soggypluto2","p2":"MaxxEccentric","format":"[Gen 9] Anything Goes","log":"|j|\u2606soggypluto2\n|j|\u2606MaxxEccentric\n|t:|1698430901\n|gametype|singles\n|player|p1|soggypluto2|colress|1170\n|player|p2|MaxxEccentric|mars|1289\n|teamsize|p1|6\n|teamsize|p2|6\n|gen|9\n|tier|[Gen 9] Anything Goes\n|rated|\n|rule|HP Percentage Mod: HP is shown in percentages\n|rule|Endless Battle Clause: Forcing endless battles is banned\n|clearpoke\n|poke|p1|Garchomp, M|\n|poke|p1|Fezandipiti, M|\n|poke|p1|Zacian-*|\n|poke|p1|Gengar, F|\n|poke|p1|Trevenant, F|\n|poke|p1|Basculegion, M|\n|poke|p2|Miraidon|\n|poke|p2|Typhlosion-Hisui, M|\n|poke|p2|Slowking-Galar, F|\n|poke|p2|Cacturne, M|\n|poke|p2|Ursaluna, F|\n|poke|p2|Annihilape, M|\n|teampreview\n|\n|t:|1698430905\n|start\n|switch|p1a: Fezandipiti|Fezandipiti, M|100\/100\n|switch|p2a: Desert Man|Cacturne, M, shiny|100\/100\n|turn|1\n|\n|t:|1698430912\n|switch|p2a: Ring Pop|Slowking-Galar, F, shiny|100\/100\n|move|p1a: Fezandipiti|Dazzling Gleam|p2a: Ring Pop\n|-resisted|p2a: Ring Pop\n|-damage|p2a: Ring Pop|89\/100\n|\n|-heal|p2a: Ring Pop|95\/100|[from] item: Leftovers\n|upkeep\n|turn|2\n|\n|t:|1698430922\n|move|p1a: Fezandipiti|Beat Up|p2a: Ring Pop\n|-supereffective|p2a: Ring Pop\n|-crit|p2a: Ring Pop\n|-damage|p2a: Ring Pop|85\/100\n|-supereffective|p2a: Ring Pop\n|-damage|p2a: Ring Pop|77\/100\n|-supereffective|p2a: Ring Pop\n|-damage|p2a: Ring Pop|70\/100\n|-supereffective|p2a: Ring Pop\n|-damage|p2a: Ring Pop|64\/100\n|-supereffective|p2a: Ring Pop\n|-damage|p2a: Ring Pop|57\/100\n|-supereffective|p2a: Ring Pop\n|-damage|p2a: Ring Pop|49\/100\n|-hitcount|p2a: Ring Pop|6\n|move|p2a: Ring Pop|Acid Spray|p1a: Fezandipiti\n|-damage|p1a: Fezandipiti|82\/100\n|-unboost|p1a: Fezandipiti|spd|2\n|\n|-heal|p1a: Fezandipiti|88\/100|[from] item: Leftovers\n|-heal|p2a: Ring Pop|55\/100|[from] item: Leftovers\n|upkeep\n|turn|3\n|\n|t:|1698430939\n|move|p1a: Fezandipiti|Beat Up|p2a: Ring Pop\n|-supereffective|p2a: Ring Pop\n|-damage|p2a: Ring Pop|48\/100\n|-supereffective|p2a: Ring Pop\n|-damage|p2a: Ring Pop|41\/100\n|-supereffective|p2a: Ring Pop\n|-damage|p2a: Ring Pop|33\/100\n|-supereffective|p2a: Ring Pop\n|-damage|p2a: Ring Pop|27\/100\n|-supereffective|p2a: Ring Pop\n|-damage|p2a: Ring Pop|20\/100\n|-supereffective|p2a: Ring Pop\n|-damage|p2a: Ring Pop|12\/100\n|-hitcount|p2a: Ring Pop|6\n|move|p2a: Ring Pop|Eerie Spell|p1a: Fezandipiti\n|-supereffective|p1a: Fezandipiti\n|-damage|p1a: Fezandipiti|0 fnt\n|faint|p1a: Fezandipiti\n|\n|-heal|p2a: Ring Pop|18\/100|[from] item: Leftovers\n|upkeep\n|\n|t:|1698430959\n|switch|p1a: Trevenant|Trevenant, F, shiny|100\/100\n|turn|4\n|\n|t:|1698430965\n|move|p1a: Trevenant|Substitute|p1a: Trevenant\n|-start|p1a: Trevenant|Substitute\n|-damage|p1a: Trevenant|75\/100\n|move|p2a: Ring Pop|Acid Spray|p1a: Trevenant\n|-activate|p1a: Trevenant|move: Substitute|[damage]\n|\n|-heal|p2a: Ring Pop|24\/100|[from] item: Leftovers\n|upkeep\n|turn|5\n|\n|t:|1698430971\n|move|p1a: Trevenant|Horn Leech|p2a: Ring Pop\n|-resisted|p2a: Ring Pop\n|-damage|p2a: Ring Pop|9\/100\n|-heal|p1a: Trevenant|83\/100|[from] drain|[of] p2a: Ring Pop\n|move|p2a: Ring Pop|Acid Spray|p1a: Trevenant\n|-end|p1a: Trevenant|Substitute\n|\n|-heal|p2a: Ring Pop|15\/100|[from] item: Leftovers\n|upkeep\n|turn|6\n|\n|t:|1698430981\n|move|p1a: Trevenant|Horn Leech|p2a: Ring Pop\n|-resisted|p2a: Ring Pop\n|-damage|p2a: Ring Pop|0 fnt\n|-heal|p1a: Trevenant|91\/100|[from] drain|[of] p2a: Ring Pop\n|faint|p2a: Ring Pop\n|\n|upkeep\n|\n|t:|1698430987\n|switch|p2a: Desert Man|Cacturne, M, shiny|100\/100\n|turn|7\n|\n|t:|1698430990\n|move|p1a: Trevenant|Substitute|p1a: Trevenant\n|-start|p1a: Trevenant|Substitute\n|-damage|p1a: Trevenant|66\/100\n|move|p2a: Desert Man|Knock Off|p1a: Trevenant\n|-supereffective|p1a: Trevenant\n|-end|p1a: Trevenant|Substitute\n|-damage|p2a: Desert Man|91\/100|[from] item: Life Orb\n|\n|upkeep\n|turn|8\n|\n|t:|1698431000\n|move|p1a: Trevenant|Curse|p2a: Desert Man\n|-start|p2a: Desert Man|Curse|[of] p1a: Trevenant\n|-damage|p1a: Trevenant|16\/100\n|-enditem|p1a: Trevenant|Sitrus Berry|[eat]\n|-heal|p1a: Trevenant|41\/100|[from] item: Sitrus Berry\n|move|p2a: Desert Man|Knock Off|p1a: Trevenant\n|-supereffective|p1a: Trevenant\n|-damage|p1a: Trevenant|0 fnt\n|faint|p1a: Trevenant\n|-damage|p2a: Desert Man|81\/100|[from] item: Life Orb\n|\n|-damage|p2a: Desert Man|56\/100|[from] Curse\n|upkeep\n|\n|t:|1698431017\n|switch|p1a: Garchomp|Garchomp, M|100\/100\n|turn|9\n|\n|t:|1698431022\n|move|p1a: Garchomp|Poison Jab|p2a: Desert Man\n|-supereffective|p2a: Desert Man\n|-damage|p2a: Desert Man|0 fnt\n|faint|p2a: Desert Man\n|\n|upkeep\n|\n|t:|1698431030\n|switch|p2a: Queen|Ursaluna, F, shiny|100\/100\n|-ability|p2a: Queen|Unnerve\n|turn|10\n|\n|t:|1698431037\n|move|p1a: Garchomp|Dragon Claw|p2a: Queen\n|-damage|p2a: Queen|70\/100\n|move|p2a: Queen|Ice Punch|p1a: Garchomp\n|-supereffective|p1a: Garchomp\n|-damage|p1a: Garchomp|0 fnt\n|-damage|p2a: Queen|58\/100|[from] ability: Rough Skin|[of] p1a: Garchomp\n|-damage|p2a: Queen|42\/100|[from] item: Rocky Helmet|[of] p1a: Garchomp\n|faint|p1a: Garchomp\n|\n|upkeep\n|\n|t:|1698431049\n|switch|p1a: Gengar|Gengar, F|100\/100\n|turn|11\n|\n|t:|1698431054\n|move|p1a: Gengar|Toxic|p2a: Queen\n|-status|p2a: Queen|tox\n|move|p2a: Queen|Earthquake|p1a: Gengar\n|-supereffective|p1a: Gengar\n|-damage|p1a: Gengar|0 fnt\n|-start|p2a: Queen|Disable|Earthquake|[from] ability: Cursed Body|[of] p1a: Gengar\n|faint|p1a: Gengar\n|\n|-damage|p2a: Queen|35\/100 tox|[from] psn\n|upkeep\n|\n|t:|1698431063\n|switch|p1a: Zacian|Zacian, shiny|100\/100\n|-ability|p1a: Zacian|Intrepid Sword|boost\n|-boost|p1a: Zacian|atk|1\n|turn|12\n|\n|t:|1698431074\n|move|p1a: Zacian|Sacred Sword|p2a: Queen\n|-supereffective|p2a: Queen\n|-damage|p2a: Queen|0 fnt\n|faint|p2a: Queen\n|\n|upkeep\n|\n|t:|1698431084\n|switch|p2a: My Hair is Better|Annihilape, M|100\/100\n|turn|13\n|\n|t:|1698431089\n|move|p2a: My Hair is Better|Gunk Shot|p1a: Zacian\n|-supereffective|p1a: Zacian\n|-damage|p1a: Zacian|27\/100\n|-status|p1a: Zacian|psn\n|move|p1a: Zacian|Play Rough|p2a: My Hair is Better\n|-supereffective|p2a: My Hair is Better\n|-damage|p2a: My Hair is Better|0 fnt\n|faint|p2a: My Hair is Better\n|\n|-damage|p1a: Zacian|15\/100 psn|[from] psn\n|upkeep\n|\n|t:|1698431104\n|switch|p2a: Puff n' Pass|Typhlosion-Hisui, M|100\/100\n|-item|p1a: Zacian|Muscle Band|[from] ability: Frisk|[of] p2a: Puff n' Pass|[identify]\n|turn|14\n|\n|t:|1698431112\n|move|p1a: Zacian|Crunch|p2a: Puff n' Pass\n|-supereffective|p2a: Puff n' Pass\n|-damage|p2a: Puff n' Pass|0 fnt\n|faint|p2a: Puff n' Pass\n|\n|-damage|p1a: Zacian|3\/100 psn|[from] psn\n|upkeep\n|\n|t:|1698431116\n|switch|p2a: Hover Bike|Miraidon|100\/100\n|-fieldstart|move: Electric Terrain|[from] ability: Hadron Engine|[of] p2a: Hover Bike\n|-enditem|p2a: Hover Bike|Electric Seed\n|-boost|p2a: Hover Bike|def|1|[from] item: Electric Seed\n|turn|15\n|\n|t:|1698431122\n|-terastallize|p2a: Hover Bike|Electric\n|move|p1a: Zacian|Play Rough|p2a: Hover Bike\n|-damage|p2a: Hover Bike|52\/100\n|move|p2a: Hover Bike|Electro Drift|p1a: Zacian\n|-damage|p1a: Zacian|0 fnt\n|faint|p1a: Zacian\n|\n|upkeep\n|\n|t:|1698431131\n|switch|p1a: Basculegion|Basculegion, M, shiny|100\/100\n|turn|16\n|\n|t:|1698431137\n|-terastallize|p1a: Basculegion|Ghost\n|move|p2a: Hover Bike|Electro Drift|p1a: Basculegion\n|-damage|p1a: Basculegion|0 fnt\n|faint|p1a: Basculegion\n|\n|win|MaxxEccentric\n|raw|soggypluto2's rating: 1170 &rarr; <strong>1153<\/strong><br \/>(-17 for losing)\n|raw|MaxxEccentric's rating: 1289 &rarr; <strong>1306<\/strong><br \/>(+17 for winning)\n|l|\u2606soggypluto2\n","uploadtime":1698431146,"views":7,"p1id":"soggypluto2","p2id":"maxxeccentric","formatid":"gen9anythinggoes","rating":1153,"private":0,"password":""}