{"id":"gen9anythinggoes-1973243733","p1":"paul mobility","p2":"TreBucet","format":"[Gen 9] Anything Goes","log":"|j|\u2606paul mobility\n|j|\u2606TreBucet\n|t:|1697943610\n|gametype|singles\n|player|p1|paul mobility|steven|1220\n|player|p2|TreBucet|veteranf|1099\n|teamsize|p1|6\n|teamsize|p2|6\n|gen|9\n|tier|[Gen 9] Anything Goes\n|rated|\n|rule|HP Percentage Mod: HP is shown in percentages\n|rule|Endless Battle Clause: Forcing endless battles is banned\n|clearpoke\n|poke|p1|Ninetales-Alola, F|\n|poke|p1|Decidueye-Hisui, M|\n|poke|p1|Slowbro, F|\n|poke|p1|Dusknoir, M|\n|poke|p1|Gallade, M|\n|poke|p1|Ceruledge, F|\n|poke|p2|Espathra, M|\n|poke|p2|Kingambit, F|\n|poke|p2|Ribombee, F|\n|poke|p2|Houndstone, F|\n|poke|p2|Glimmora, F|\n|poke|p2|Calyrex-Shadow|\n|teampreview\n|\n|t:|1697943618\n|start\n|switch|p1a: Ceruledge|Ceruledge, F|100\/100\n|switch|p2a: da mora|Glimmora, F|100\/100\n|turn|1\n|\n|t:|1697943626\n|move|p2a: da mora|Power Gem|p1a: Ceruledge\n|-supereffective|p1a: Ceruledge\n|-damage|p1a: Ceruledge|44\/100\n|move|p1a: Ceruledge|Bulk Up|p1a: Ceruledge\n|-boost|p1a: Ceruledge|atk|1\n|-boost|p1a: Ceruledge|def|1\n|\n|upkeep\n|turn|2\n|\n|t:|1697943633\n|move|p2a: da mora|Power Gem|p1a: Ceruledge\n|-supereffective|p1a: Ceruledge\n|-damage|p1a: Ceruledge|0 fnt\n|faint|p1a: Ceruledge\n|\n|upkeep\n|\n|t:|1697943638\n|switch|p1a: eyes of the night|Decidueye-Hisui, M, shiny|100\/100\n|turn|3\n|\n|t:|1697943646\n|move|p2a: da mora|Mortal Spin|p1a: eyes of the night\n|-supereffective|p1a: eyes of the night\n|-damage|p1a: eyes of the night|75\/100\n|-status|p1a: eyes of the night|psn\n|move|p1a: eyes of the night|Leaf Storm|p2a: da mora\n|-damage|p2a: da mora|24\/100\n|-unboost|p1a: eyes of the night|spa|2\n|-damage|p1a: eyes of the night|66\/100 psn|[from] item: Life Orb\n|\n|-damage|p1a: eyes of the night|53\/100 psn|[from] psn\n|upkeep\n|turn|4\n|\n|t:|1697943657\n|move|p2a: da mora|Power Gem|p1a: eyes of the night\n|-resisted|p1a: eyes of the night\n|-damage|p1a: eyes of the night|39\/100 psn\n|move|p1a: eyes of the night|Leaf Storm|p2a: da mora\n|-damage|p2a: da mora|0 fnt\n|-unboost|p1a: eyes of the night|spa|2\n|faint|p2a: da mora\n|-damage|p1a: eyes of the night|29\/100 psn|[from] item: Life Orb\n|\n|-damage|p1a: eyes of the night|17\/100 psn|[from] psn\n|upkeep\n|c|\u2606paul mobility|i dont need spa\n|\n|t:|1697943668\n|switch|p2a: the pathra|Espathra, M|100\/100\n|turn|5\n|\n|t:|1697943673\n|move|p2a: the pathra|Night Shade|p1a: eyes of the night\n|-damage|p1a: eyes of the night|0 fnt\n|faint|p1a: eyes of the night\n|\n|upkeep\n|c|\u2606TreBucet|k\n|\n|t:|1697943690\n|switch|p1a: Gallade|Gallade, M|100\/100\n|turn|6\n|\n|t:|1697943696\n|move|p2a: the pathra|Night Shade|p1a: Gallade\n|-damage|p1a: Gallade|65\/100\n|move|p1a: Gallade|X-Scissor|p2a: the pathra\n|-supereffective|p2a: the pathra\n|-enditem|p2a: the pathra|Focus Sash\n|-damage|p2a: the pathra|1\/100\n|-damage|p1a: Gallade|55\/100|[from] item: Life Orb\n|\n|upkeep\n|turn|7\n|\n|t:|1697943704\n|move|p2a: the pathra|Night Shade|p1a: Gallade\n|-damage|p1a: Gallade|19\/100\n|move|p1a: Gallade|X-Scissor|p2a: the pathra\n|-supereffective|p2a: the pathra\n|-damage|p2a: the pathra|0 fnt\n|faint|p2a: the pathra\n|-damage|p1a: Gallade|9\/100|[from] item: Life Orb\n|\n|upkeep\n|\n|t:|1697943713\n|switch|p2a: the bee|Ribombee, F|100\/100\n|turn|8\n|\n|t:|1697943719\n|move|p2a: the bee|Quiver Dance|p2a: the bee\n|-boost|p2a: the bee|spa|1\n|-boost|p2a: the bee|spd|1\n|-boost|p2a: the bee|spe|1\n|move|p1a: Gallade|Psycho Cut|p2a: the bee\n|-enditem|p2a: the bee|Focus Sash\n|-damage|p2a: the bee|1\/100\n|-damage|p1a: Gallade|0 fnt|[from] item: Life Orb\n|faint|p1a: Gallade\n|\n|upkeep\n|\n|t:|1697943727\n|switch|p1a: snowy sun|Ninetales-Alola, F, shiny|100\/100\n|-weather|Snow|[from] ability: Snow Warning|[of] p1a: snowy sun\n|turn|9\n|\n|t:|1697943732\n|move|p2a: the bee|Baton Pass|p2a: the bee\n|\n|t:|1697943735\n|switch|p2a: the gambit|Kingambit, F, shiny|100\/100|[from] Baton Pass\n|-activate|p2a: the gambit|ability: Supreme Overlord\n|-start|p2a: the gambit|fallen2|[silent]\n|move|p1a: snowy sun|Ice Beam|p2a: the gambit\n|-resisted|p2a: the gambit\n|-crit|p2a: the gambit\n|-damage|p2a: the gambit|68\/100\n|\n|-weather|Snow|[upkeep]\n|upkeep\n|turn|10\n|\n|t:|1697943745\n|-terastallize|p2a: the gambit|Fire\n|move|p2a: the gambit|Kowtow Cleave|p1a: snowy sun\n|-resisted|p1a: snowy sun\n|-damage|p1a: snowy sun|74\/100\n|move|p1a: snowy sun|Dazzling Gleam|p2a: the gambit\n|-resisted|p2a: the gambit\n|-damage|p2a: the gambit|54\/100\n|\n|-weather|Snow|[upkeep]\n|upkeep\n|turn|11\n|c|\u2606paul mobility|predict\n|c|\u2606paul mobility|and again\n|\n|t:|1697943762\n|switch|p1a: Slowbro|Slowbro, F|100\/100\n|move|p2a: the gambit|Kowtow Cleave|p1a: Slowbro\n|-supereffective|p1a: Slowbro\n|-damage|p1a: Slowbro|26\/100\n|\n|-weather|Snow|[upkeep]\n|-heal|p1a: Slowbro|32\/100|[from] item: Leftovers\n|upkeep\n|turn|12\n|-message|paul mobility forfeited.\n|\n|win|TreBucet\n|raw|paul mobility's rating: 1220 &rarr; <strong>1187<\/strong><br \/>(-33 for losing)\n|raw|TreBucet's rating: 1099 &rarr; <strong>1133<\/strong><br \/>(+34 for winning)\n|l|\u2606paul mobility\n|c|\u2606TreBucet|lmao\n","uploadtime":1697943791,"views":13,"p1id":"paulmobility","p2id":"trebucet","formatid":"gen9anythinggoes","rating":1133,"private":0,"password":""}