{"id":"gen9anythinggoes-1986198627","p1":"sayfinthemoment","p2":"Cherwony","format":"[Gen 9] Anything Goes","log":"|j|\u2606sayfinthemoment\n|j|\u2606Cherwony\n|t:|1699459124\n|gametype|singles\n|player|p1|sayfinthemoment|preschooler|1086\n|player|p2|Cherwony|170|1000\n|teamsize|p1|6\n|teamsize|p2|6\n|gen|9\n|tier|[Gen 9] Anything Goes\n|rated|\n|rule|HP Percentage Mod: HP is shown in percentages\n|rule|Endless Battle Clause: Forcing endless battles is banned\n|clearpoke\n|poke|p1|Breloom, M|\n|poke|p1|Zapdos|\n|poke|p1|Snorlax, M|\n|poke|p1|Muk, M|\n|poke|p1|Arcanine, M|\n|poke|p1|Quagsire, F|\n|poke|p2|Garganacl, F|\n|poke|p2|Glalie, M|\n|poke|p2|Dusknoir, F|\n|poke|p2|Ceruledge, F|\n|poke|p2|Umbreon, M|\n|poke|p2|Medicham, F|\n|teampreview\n|inactive|Battle timer is ON: inactive players will automatically lose when time's up. (requested by Cherwony)\n|\n|t:|1699459172\n|start\n|switch|p1a: ASAP Arci|Arcanine, M|100\/100\n|switch|p2a: Glalie|Glalie, M|100\/100\n|-ability|p1a: ASAP Arci|Intimidate|boost\n|-unboost|p2a: Glalie|atk|1\n|turn|1\n|\n|t:|1699459185\n|switch|p2a: Dusknoir|Dusknoir, F|100\/100\n|-item|p1a: ASAP Arci|Leftovers|[from] ability: Frisk|[of] p2a: Dusknoir|[identify]\n|move|p1a: ASAP Arci|Bulldoze|p2a: Dusknoir\n|-damage|p2a: Dusknoir|82\/100\n|-unboost|p2a: Dusknoir|spe|1\n|\n|-heal|p2a: Dusknoir|88\/100|[from] item: Leftovers\n|upkeep\n|turn|2\n|\n|t:|1699459212\n|switch|p2a: Umbreon|Umbreon, M|100\/100\n|move|p1a: ASAP Arci|Bulldoze|p2a: Umbreon\n|-damage|p2a: Umbreon|85\/100\n|-unboost|p2a: Umbreon|spe|1\n|\n|-heal|p2a: Umbreon|91\/100|[from] item: Leftovers\n|upkeep\n|turn|3\n|\n|t:|1699459224\n|switch|p1a: Queen La Reefa|Quagsire, F, shiny|100\/100\n|move|p2a: Umbreon|Toxic|p1a: Queen La Reefa\n|-status|p1a: Queen La Reefa|tox\n|\n|-heal|p2a: Umbreon|97\/100|[from] item: Leftovers\n|-damage|p1a: Queen La Reefa|94\/100 tox|[from] psn\n|upkeep\n|turn|4\n|\n|t:|1699459236\n|switch|p2a: Medicham|Medicham, F|100\/100\n|move|p1a: Queen La Reefa|Toxic|p2a: Medicham\n|-status|p2a: Medicham|tox\n|\n|-heal|p1a: Queen La Reefa|100\/100 tox|[from] item: Leftovers\n|-damage|p2a: Medicham|94\/100 tox|[from] psn\n|-damage|p1a: Queen La Reefa|88\/100 tox|[from] psn\n|upkeep\n|turn|5\n|\n|t:|1699459252\n|move|p2a: Medicham|Close Combat|p1a: Queen La Reefa\n|-damage|p1a: Queen La Reefa|31\/100 tox\n|-unboost|p2a: Medicham|def|1\n|-unboost|p2a: Medicham|spd|1\n|move|p1a: Queen La Reefa|Muddy Water|p2a: Medicham\n|-damage|p2a: Medicham|73\/100 tox\n|\n|-heal|p1a: Queen La Reefa|37\/100 tox|[from] item: Leftovers\n|-damage|p2a: Medicham|61\/100 tox|[from] psn\n|-damage|p1a: Queen La Reefa|19\/100 tox|[from] psn\n|upkeep\n|turn|6\n|\n|t:|1699459266\n|move|p2a: Medicham|Ice Punch|p1a: Queen La Reefa\n|-damage|p1a: Queen La Reefa|0 fnt\n|faint|p1a: Queen La Reefa\n|\n|-damage|p2a: Medicham|43\/100 tox|[from] psn\n|upkeep\n|inactive|sayfinthemoment has 120 seconds left.\n|\n|t:|1699459282\n|switch|p1a: Busta Vines|Breloom, M, shiny|100\/100\n|turn|7\n|\n|t:|1699459285\n|move|p2a: Medicham|Psycho Cut|p1a: Busta Vines\n|-supereffective|p1a: Busta Vines\n|-damage|p1a: Busta Vines|0 fnt\n|faint|p1a: Busta Vines\n|\n|-damage|p2a: Medicham|18\/100 tox|[from] psn\n|upkeep\n|inactive|sayfinthemoment has 120 seconds left.\n|\n|t:|1699459298\n|switch|p1a: Muk Miller|Muk, M|100\/100\n|turn|8\n|\n|t:|1699459301\n|-terastallize|p1a: Muk Miller|Normal\n|move|p2a: Medicham|Psycho Cut|p1a: Muk Miller\n|-damage|p1a: Muk Miller|58\/100\n|move|p1a: Muk Miller|Minimize|p1a: Muk Miller\n|-boost|p1a: Muk Miller|evasion|2\n|\n|-heal|p1a: Muk Miller|64\/100|[from] item: Leftovers\n|-damage|p2a: Medicham|0 fnt|[from] psn\n|faint|p2a: Medicham\n|upkeep\n|\n|t:|1699459314\n|switch|p2a: Umbreon|Umbreon, M|97\/100\n|turn|9\n|\n|t:|1699459318\n|move|p2a: Umbreon|Toxic|p1a: Muk Miller|[miss]\n|-miss|p2a: Umbreon|p1a: Muk Miller\n|move|p1a: Muk Miller|Toxic|p2a: Umbreon\n|-status|p2a: Umbreon|tox\n|-activate|p2a: Umbreon|ability: Synchronize\n|-status|p1a: Muk Miller|tox\n|\n|-heal|p2a: Umbreon|100\/100 tox|[from] item: Leftovers\n|-heal|p1a: Muk Miller|70\/100 tox|[from] item: Leftovers\n|-damage|p2a: Umbreon|94\/100 tox|[from] psn\n|-damage|p1a: Muk Miller|64\/100 tox|[from] psn\n|upkeep\n|turn|10\n|\n|t:|1699459332\n|move|p2a: Umbreon|Crunch|p1a: Muk Miller|[miss]\n|-miss|p2a: Umbreon|p1a: Muk Miller\n|move|p1a: Muk Miller|Venoshock|p2a: Umbreon\n|-damage|p2a: Umbreon|77\/100 tox\n|\n|-heal|p2a: Umbreon|83\/100 tox|[from] item: Leftovers\n|-heal|p1a: Muk Miller|70\/100 tox|[from] item: Leftovers\n|-damage|p2a: Umbreon|71\/100 tox|[from] psn\n|-damage|p1a: Muk Miller|58\/100 tox|[from] psn\n|upkeep\n|turn|11\n|\n|t:|1699459342\n|move|p2a: Umbreon|Crunch|p1a: Muk Miller\n|-damage|p1a: Muk Miller|40\/100 tox\n|move|p1a: Muk Miller|Venoshock|p2a: Umbreon\n|-damage|p2a: Umbreon|55\/100 tox\n|\n|-heal|p2a: Umbreon|61\/100 tox|[from] item: Leftovers\n|-heal|p1a: Muk Miller|46\/100 tox|[from] item: Leftovers\n|-damage|p2a: Umbreon|43\/100 tox|[from] psn\n|-damage|p1a: Muk Miller|28\/100 tox|[from] psn\n|upkeep\n|turn|12\n|\n|t:|1699459351\n|move|p2a: Umbreon|Moonlight|p2a: Umbreon\n|-heal|p2a: Umbreon|93\/100 tox\n|move|p1a: Muk Miller|Venoshock|p2a: Umbreon\n|-damage|p2a: Umbreon|76\/100 tox\n|\n|-heal|p2a: Umbreon|82\/100 tox|[from] item: Leftovers\n|-heal|p1a: Muk Miller|34\/100 tox|[from] item: Leftovers\n|-damage|p2a: Umbreon|58\/100 tox|[from] psn\n|-damage|p1a: Muk Miller|10\/100 tox|[from] psn\n|upkeep\n|turn|13\n|\n|t:|1699459362\n|move|p2a: Umbreon|Crunch|p1a: Muk Miller\n|-damage|p1a: Muk Miller|0 fnt\n|faint|p1a: Muk Miller\n|\n|-heal|p2a: Umbreon|64\/100 tox|[from] item: Leftovers\n|-damage|p2a: Umbreon|33\/100 tox|[from] psn\n|upkeep\n|\n|t:|1699459372\n|switch|p1a: ASAP Arci|Arcanine, M|100\/100\n|-ability|p1a: ASAP Arci|Intimidate|boost\n|-unboost|p2a: Umbreon|atk|1\n|turn|14\n|\n|t:|1699459376\n|move|p1a: ASAP Arci|Extreme Speed|p2a: Umbreon\n|-damage|p2a: Umbreon|13\/100 tox\n|move|p2a: Umbreon|Toxic|p1a: ASAP Arci\n|-status|p1a: ASAP Arci|tox\n|\n|-heal|p2a: Umbreon|19\/100 tox|[from] item: Leftovers\n|-damage|p1a: ASAP Arci|94\/100 tox|[from] psn\n|-damage|p2a: Umbreon|0 fnt|[from] psn\n|faint|p2a: Umbreon\n|upkeep\n|\n|t:|1699459381\n|switch|p2a: Glalie|Glalie, M|100\/100\n|turn|15\n|\n|t:|1699459387\n|-terastallize|p2a: Glalie|Ghost\n|move|p1a: ASAP Arci|Flamethrower|p2a: Glalie\n|-damage|p2a: Glalie|66\/100\n|move|p2a: Glalie|Spikes|p1a: ASAP Arci\n|-sidestart|p1: sayfinthemoment|Spikes\n|\n|-heal|p1a: ASAP Arci|100\/100 tox|[from] item: Leftovers\n|-damage|p1a: ASAP Arci|88\/100 tox|[from] psn\n|-ability|p2a: Glalie|Moody|boost\n|-boost|p2a: Glalie|def|2\n|-unboost|p2a: Glalie|spa|1\n|upkeep\n|turn|16\n|-message|sayfinthemoment forfeited.\n|\n|win|Cherwony\n|raw|sayfinthemoment's rating: 1086 &rarr; <strong>1058<\/strong><br \/>(-28 for losing)\n|raw|Cherwony's rating: 1000 &rarr; <strong>1050<\/strong><br \/>(+50 for winning)\n|l|\u2606sayfinthemoment\n","uploadtime":1699459402,"views":6,"p1id":"sayfinthemoment","p2id":"cherwony","formatid":"gen9anythinggoes","rating":1050,"private":0,"password":""}