{"id":"gen9anythinggoes-1994008319","p1":"Xeo009","p2":"Kanha Greninja","format":"[Gen 9] Anything Goes","log":"|j|\u2606Xeo009\n|j|\u2606Kanha Greninja\n|t:|1700392645\n|gametype|singles\n|player|p1|Xeo009|ash-alola|1674\n|player|p2|Kanha Greninja|blaine|1581\n|teamsize|p1|6\n|teamsize|p2|6\n|gen|9\n|tier|[Gen 9] Anything Goes\n|rated|\n|rule|HP Percentage Mod: HP is shown in percentages\n|rule|Endless Battle Clause: Forcing endless battles is banned\n|clearpoke\n|poke|p1|Ditto|\n|poke|p1|Pawmot, F|\n|poke|p1|Corviknight, M|\n|poke|p1|Zacian-*|\n|poke|p1|Calyrex-Shadow|\n|poke|p1|Koraidon|\n|poke|p2|Miraidon|\n|poke|p2|Grimmsnarl, M|\n|poke|p2|Arceus|\n|poke|p2|Koraidon|\n|poke|p2|Calyrex-Shadow|\n|poke|p2|Glimmora, F|\n|teampreview\n|inactive|Battle timer is ON: inactive players will automatically lose when time's up. (requested by Xeo009)\n|\n|t:|1700392655\n|start\n|switch|p1a: Koraidon|Koraidon|100\/100\n|switch|p2a: Grimmsnarl|Grimmsnarl, M|100\/100\n|-weather|SunnyDay|[from] ability: Orichalcum Pulse|[of] p1a: Koraidon\n|-activate|p1a: Koraidon|Orichalcum Pulse|[source]\n|turn|1\n|\n|t:|1700392662\n|switch|p1a: Corviknight|Corviknight, M|100\/100\n|move|p2a: Grimmsnarl|Reflect|p2a: Grimmsnarl\n|-sidestart|p2: Kanha Greninja|Reflect\n|\n|-weather|SunnyDay|[upkeep]\n|upkeep\n|turn|2\n|\n|t:|1700392668\n|move|p2a: Grimmsnarl|Light Screen|p2a: Grimmsnarl\n|-sidestart|p2: Kanha Greninja|move: Light Screen\n|move|p1a: Corviknight|Brave Bird|p2a: Grimmsnarl\n|-damage|p2a: Grimmsnarl|77\/100\n|-damage|p1a: Corviknight|93\/100|[from] Recoil\n|\n|-weather|SunnyDay|[upkeep]\n|upkeep\n|turn|3\n|\n|t:|1700392673\n|move|p2a: Grimmsnarl|Parting Shot|p1a: Corviknight\n|-ability|p1a: Corviknight|Mirror Armor\n|-unboost|p2a: Grimmsnarl|atk|1\n|-ability|p1a: Corviknight|Mirror Armor\n|-unboost|p2a: Grimmsnarl|spa|1\n|\n|t:|1700392678\n|switch|p2a: Miraidon|Miraidon|100\/100|[from] Parting Shot\n|-fieldstart|move: Electric Terrain|[from] ability: Hadron Engine|[of] p2a: Miraidon\n|move|p1a: Corviknight|Defog|p2a: Miraidon\n|-unboost|p2a: Miraidon|evasion|1\n|-sideend|p2: Kanha Greninja|Reflect\n|-sideend|p2: Kanha Greninja|move: Light Screen\n|-fieldend|move: Electric Terrain\n|\n|-weather|SunnyDay|[upkeep]\n|upkeep\n|turn|4\n|\n|t:|1700392690\n|move|p2a: Miraidon|Agility|p2a: Miraidon\n|-boost|p2a: Miraidon|spe|2\n|move|p1a: Corviknight|Body Press|p2a: Miraidon\n|-damage|p2a: Miraidon|79\/100\n|\n|-weather|SunnyDay|[upkeep]\n|-heal|p2a: Miraidon|85\/100|[from] item: Leftovers\n|upkeep\n|turn|5\n|\n|t:|1700392697\n|move|p2a: Miraidon|Calm Mind|p2a: Miraidon\n|-boost|p2a: Miraidon|spa|1\n|-boost|p2a: Miraidon|spd|1\n|move|p1a: Corviknight|Body Press|p2a: Miraidon\n|-damage|p2a: Miraidon|61\/100\n|\n|-weather|none\n|-heal|p2a: Miraidon|67\/100|[from] item: Leftovers\n|upkeep\n|turn|6\n|\n|t:|1700392703\n|move|p2a: Miraidon|Calm Mind|p2a: Miraidon\n|-boost|p2a: Miraidon|spa|1\n|-boost|p2a: Miraidon|spd|1\n|move|p1a: Corviknight|Body Press|p2a: Miraidon\n|-damage|p2a: Miraidon|46\/100\n|\n|-heal|p2a: Miraidon|52\/100|[from] item: Leftovers\n|upkeep\n|turn|7\n|\n|t:|1700392712\n|move|p2a: Miraidon|Calm Mind|p2a: Miraidon\n|-boost|p2a: Miraidon|spa|1\n|-boost|p2a: Miraidon|spd|1\n|move|p1a: Corviknight|Body Press|p2a: Miraidon\n|-damage|p2a: Miraidon|32\/100\n|\n|-heal|p2a: Miraidon|38\/100|[from] item: Leftovers\n|upkeep\n|turn|8\n|\n|t:|1700392718\n|move|p2a: Miraidon|Parabolic Charge|p1a: Corviknight\n|-supereffective|p1a: Corviknight\n|-damage|p1a: Corviknight|0 fnt\n|-heal|p2a: Miraidon|85\/100|[from] drain|[of] p1a: Corviknight\n|faint|p1a: Corviknight\n|\n|-heal|p2a: Miraidon|91\/100|[from] item: Leftovers\n|upkeep\n|\n|t:|1700392723\n|switch|p1a: Ditto|Ditto, shiny|100\/100\n|-transform|p1a: Ditto|p2a: Miraidon|[from] ability: Imposter\n|-fieldstart|move: Electric Terrain|[from] ability: Hadron Engine|[of] p1a: Ditto\n|turn|9\n|\n|t:|1700392743\n|-terastallize|p1a: Ditto|Normal\n|-terastallize|p2a: Miraidon|Fairy\n|move|p1a: Ditto|Parabolic Charge|p2a: Miraidon\n|-damage|p2a: Miraidon|40\/100\n|move|p2a: Miraidon|Dazzling Gleam|p1a: Ditto\n|-damage|p1a: Ditto|31\/100\n|\n|-heal|p2a: Miraidon|46\/100|[from] item: Leftovers\n|upkeep\n|turn|10\n|\n|t:|1700392753\n|move|p1a: Ditto|Parabolic Charge|p2a: Miraidon\n|-damage|p2a: Miraidon|0 fnt\n|-heal|p1a: Ditto|62\/100|[from] drain|[of] p2a: Miraidon\n|faint|p2a: Miraidon\n|\n|upkeep\n|\n|t:|1700392772\n|switch|p2a: Arceus|Arceus|100\/100\n|turn|11\n|\n|t:|1700392777\n|move|p2a: Arceus|Extreme Speed|p1a: Ditto\n|-damage|p1a: Ditto|3\/100\n|move|p1a: Ditto|Parabolic Charge|p2a: Arceus\n|-damage|p2a: Arceus|0 fnt\n|-heal|p1a: Ditto|77\/100|[from] drain|[of] p2a: Arceus\n|faint|p2a: Arceus\n|\n|upkeep\n|\n|t:|1700392781\n|switch|p2a: Grimmsnarl|Grimmsnarl, M|77\/100\n|turn|12\n|\n|t:|1700392787\n|move|p2a: Grimmsnarl|Light Screen|p2a: Grimmsnarl\n|-sidestart|p2: Kanha Greninja|move: Light Screen\n|move|p1a: Ditto|Parabolic Charge|p2a: Grimmsnarl\n|-damage|p2a: Grimmsnarl|0 fnt\n|-heal|p1a: Ditto|100\/100|[from] drain|[of] p2a: Grimmsnarl\n|faint|p2a: Grimmsnarl\n|\n|upkeep\n|\n|t:|1700392798\n|switch|p2a: Calyrex|Calyrex-Shadow|100\/100\n|-ability|p2a: Calyrex|As One\n|-ability|p2a: Calyrex|Unnerve\n|turn|13\n|\n|t:|1700392809\n|switch|p2a: Glimmora|Glimmora, F|100\/100\n|move|p1a: Ditto|Parabolic Charge|p2a: Glimmora\n|-enditem|p2a: Glimmora|Focus Sash\n|-damage|p2a: Glimmora|1\/100\n|\n|-fieldend|move: Electric Terrain\n|upkeep\n|turn|14\n|\n|t:|1700392817\n|-activate|p1a: Ditto|move: Struggle\n|move|p1a: Ditto|Struggle|p2a: Glimmora\n|-damage|p2a: Glimmora|0 fnt\n|-activate|p2a: Glimmora|ability: Toxic Debris\n|-sidestart|p1: Xeo009|move: Toxic Spikes\n|faint|p2a: Glimmora\n|-damage|p1a: Ditto|75\/100|[from] recoil\n|\n|upkeep\n|\n|t:|1700392820\n|switch|p2a: Koraidon|Koraidon|100\/100\n|-weather|SunnyDay|[from] ability: Orichalcum Pulse|[of] p2a: Koraidon\n|-activate|p2a: Koraidon|Orichalcum Pulse|[source]\n|turn|15\n|\n|t:|1700392838\n|switch|p1a: Zacian|Zacian-Crowned|100\/100\n|-ability|p1a: Zacian|Intrepid Sword|boost\n|-boost|p1a: Zacian|atk|1\n|move|p2a: Koraidon|Scale Shot|p1a: Zacian\n|-immune|p1a: Zacian\n|\n|-weather|SunnyDay|[upkeep]\n|upkeep\n|turn|16\n|\n|t:|1700392847\n|move|p1a: Zacian|Play Rough|p2a: Koraidon\n|-supereffective|p2a: Koraidon\n|-damage|p2a: Koraidon|0 fnt\n|faint|p2a: Koraidon\n|\n|-weather|SunnyDay|[upkeep]\n|upkeep\n|\n|t:|1700392850\n|switch|p2a: Calyrex|Calyrex-Shadow|100\/100\n|-ability|p2a: Calyrex|As One\n|-ability|p2a: Calyrex|Unnerve\n|turn|17\n|\n|t:|1700392853\n|move|p2a: Calyrex|Astral Barrage|p1a: Zacian\n|-damage|p1a: Zacian|30\/100\n|move|p1a: Zacian|Behemoth Blade|p2a: Calyrex\n|-damage|p2a: Calyrex|0 fnt\n|faint|p2a: Calyrex\n|\n|win|Xeo009\n|raw|Xeo009's rating: 1674 &rarr; <strong>1689<\/strong><br \/>(+15 for winning)\n|raw|Kanha Greninja's rating: 1581 &rarr; <strong>1566<\/strong><br \/>(-15 for losing)\n|l|\u2606Kanha Greninja\n","uploadtime":1700392893,"views":3,"p1id":"xeo009","p2id":"kanhagreninja","formatid":"gen9anythinggoes","rating":1566,"private":0,"password":""}