{"id":"gen9anythinggoes-1992019790","p1":"Acud_burn24","p2":"TrappisFlappis","format":"[Gen 9] Anything Goes","log":"|j|\u2606Acud_burn24\n|j|\u2606TrappisFlappis\n|t:|1700148282\n|gametype|singles\n|player|p1|Acud_burn24|colress|1000\n|player|p2|TrappisFlappis|riley|1047\n|teamsize|p1|6\n|teamsize|p2|6\n|gen|9\n|tier|[Gen 9] Anything Goes\n|rated|\n|rule|HP Percentage Mod: HP is shown in percentages\n|rule|Endless Battle Clause: Forcing endless battles is banned\n|clearpoke\n|poke|p1|Gengar, F|\n|poke|p1|Venomoth, F|\n|poke|p1|Sandy Shocks|\n|poke|p1|Bellibolt, F|\n|poke|p1|Golem-Alola, F|\n|poke|p1|Garganacl, F|\n|poke|p2|Maushold-Four|\n|poke|p2|Flutter Mane|\n|poke|p2|Miraidon|\n|poke|p2|Rabsca, M|\n|poke|p2|Garganacl, F|\n|poke|p2|Houndstone, M|\n|teampreview\n|\n|t:|1700148298\n|start\n|switch|p1a: Gengar|Gengar, F|100\/100\n|switch|p2a: Flutter Mane|Flutter Mane, shiny|100\/100\n|turn|1\n|\n|t:|1700148309\n|-terastallize|p1a: Gengar|Ghost\n|move|p2a: Flutter Mane|Psyshock|p1a: Gengar\n|-damage|p1a: Gengar|43\/100\n|-damage|p2a: Flutter Mane|91\/100|[from] item: Life Orb\n|move|p1a: Gengar|Poltergeist|p2a: Flutter Mane\n|-activate|p2a: Flutter Mane|move: Poltergeist|Life Orb\n|-supereffective|p2a: Flutter Mane\n|-damage|p2a: Flutter Mane|0 fnt\n|faint|p2a: Flutter Mane\n|-end|p2a: Flutter Mane|Protosynthesis|[silent]\n|\n|upkeep\n|\n|t:|1700148336\n|switch|p2a: Houndstone|Houndstone, M|100\/100\n|turn|2\n|\n|t:|1700148343\n|move|p2a: Houndstone|Shadow Sneak|p1a: Gengar\n|-supereffective|p1a: Gengar\n|-damage|p1a: Gengar|0 fnt\n|faint|p1a: Gengar\n|\n|upkeep\n|\n|t:|1700148351\n|switch|p1a: Herbert|Venomoth, F|100\/100\n|turn|3\n|\n|t:|1700148356\n|switch|p2a: Maushold|Maushold-Four|100\/100\n|move|p1a: Herbert|Poison Fang|p2a: Maushold\n|-damage|p2a: Maushold|77\/100\n|-status|p2a: Maushold|tox\n|\n|-damage|p2a: Maushold|71\/100 tox|[from] psn\n|upkeep\n|turn|4\n|\n|t:|1700148366\n|move|p2a: Maushold|Tidy Up|p2a: Maushold\n|-boost|p2a: Maushold|atk|1\n|-boost|p2a: Maushold|spe|1\n|move|p1a: Herbert|Venoshock|p2a: Maushold\n|-damage|p2a: Maushold|5\/100 tox\n|\n|-damage|p2a: Maushold|0 fnt|[from] psn\n|faint|p2a: Maushold\n|upkeep\n|\n|t:|1700148381\n|switch|p2a: Rabsca|Rabsca, M, shiny|100\/100\n|turn|5\n|\n|t:|1700148389\n|move|p1a: Herbert|Poison Fang|p2a: Rabsca\n|-damage|p2a: Rabsca|89\/100\n|-status|p2a: Rabsca|tox\n|-activate|p2a: Rabsca|ability: Synchronize\n|-immune|p1a: Herbert\n|move|p2a: Rabsca|Trick Room|p2a: Rabsca\n|-fieldstart|move: Trick Room|[of] p2a: Rabsca\n|\n|-damage|p2a: Rabsca|82\/100 tox|[from] psn\n|upkeep\n|turn|6\n|\n|t:|1700148398\n|move|p2a: Rabsca|Revival Blessing|p2a: Rabsca\n|-enditem|p2a: Rabsca|Leppa Berry|[eat]\n|-activate|p2a: Rabsca|item: Leppa Berry|Revival Blessing|[consumed]\n|\n|t:|1700148405\n|-heal|p2: Maushold|50\/100|[from] move: Revival Blessing\n|move|p1a: Herbert|Venoshock|p2a: Rabsca\n|-damage|p2a: Rabsca|45\/100 tox\n|\n|-damage|p2a: Rabsca|32\/100 tox|[from] psn\n|upkeep\n|turn|7\n|\n|t:|1700148412\n|move|p2a: Rabsca|Revival Blessing|p2a: Rabsca\n|\n|t:|1700148416\n|-heal|p2: Flutter Mane|50\/100|[from] move: Revival Blessing\n|move|p1a: Herbert|Giga Drain|p2a: Rabsca\n|-resisted|p2a: Rabsca\n|-crit|p2a: Rabsca\n|-damage|p2a: Rabsca|23\/100 tox\n|\n|-damage|p2a: Rabsca|4\/100 tox|[from] psn\n|upkeep\n|turn|8\n|\n|t:|1700148424\n|move|p2a: Rabsca|Recover|p2a: Rabsca\n|-heal|p2a: Rabsca|54\/100 tox\n|move|p1a: Herbert|Venoshock|p2a: Rabsca\n|-damage|p2a: Rabsca|16\/100 tox\n|\n|-damage|p2a: Rabsca|0 fnt|[from] psn\n|faint|p2a: Rabsca\n|upkeep\n|\n|t:|1700148444\n|switch|p2a: SSSReplacement|Garganacl, F, shiny|100\/100\n|turn|9\n|\n|t:|1700148450\n|move|p2a: SSSReplacement|Iron Defense|p2a: SSSReplacement\n|-boost|p2a: SSSReplacement|def|2\n|move|p1a: Herbert|Poison Fang|p2a: SSSReplacement\n|-resisted|p2a: SSSReplacement\n|-damage|p2a: SSSReplacement|98\/100\n|\n|-heal|p2a: SSSReplacement|100\/100|[from] item: Leftovers\n|-fieldend|move: Trick Room\n|upkeep\n|turn|10\n|\n|t:|1700148459\n|move|p1a: Herbert|Disable|p2a: SSSReplacement\n|-start|p2a: SSSReplacement|Disable|Iron Defense\n|move|p2a: SSSReplacement|Salt Cure|p1a: Herbert\n|-supereffective|p1a: Herbert\n|-damage|p1a: Herbert|65\/100\n|\n|-heal|p1a: Herbert|71\/100|[from] item: Black Sludge\n|upkeep\n|turn|11\n|\n|t:|1700148469\n|move|p1a: Herbert|Poison Fang|p2a: SSSReplacement\n|-resisted|p2a: SSSReplacement\n|-damage|p2a: SSSReplacement|98\/100\n|move|p2a: SSSReplacement|Salt Cure|p1a: Herbert\n|-supereffective|p1a: Herbert\n|-damage|p1a: Herbert|33\/100\n|\n|-heal|p1a: Herbert|39\/100|[from] item: Black Sludge\n|-heal|p2a: SSSReplacement|100\/100|[from] item: Leftovers\n|upkeep\n|turn|12\n|\n|t:|1700148478\n|switch|p1a: Hector|Garganacl, F|100\/100\n|move|p2a: SSSReplacement|Salt Cure|p1a: Hector\n|-damage|p1a: Hector|92\/100\n|-start|p1a: Hector|Salt Cure\n|\n|-damage|p1a: Hector|79\/100|[from] Salt Cure\n|upkeep\n|turn|13\n|\n|t:|1700148488\n|-terastallize|p2a: SSSReplacement|Fairy\n|move|p1a: Hector|Rock Blast|p2a: SSSReplacement\n|-damage|p2a: SSSReplacement|97\/100\n|-damage|p2a: SSSReplacement|94\/100\n|-damage|p2a: SSSReplacement|90\/100\n|-hitcount|p2a: SSSReplacement|3\n|move|p2a: SSSReplacement|Body Press|p1a: Hector\n|-supereffective|p1a: Hector\n|-damage|p1a: Hector|15\/100\n|\n|-heal|p2a: SSSReplacement|96\/100|[from] item: Leftovers\n|-damage|p1a: Hector|3\/100|[from] Salt Cure\n|-end|p2a: SSSReplacement|Disable\n|upkeep\n|turn|14\n|\n|t:|1700148502\n|move|p1a: Hector|Stone Edge|p2a: SSSReplacement|[miss]\n|-miss|p1a: Hector|p2a: SSSReplacement\n|move|p2a: SSSReplacement|Iron Defense|p2a: SSSReplacement\n|-boost|p2a: SSSReplacement|def|2\n|\n|-heal|p2a: SSSReplacement|100\/100|[from] item: Leftovers\n|-damage|p1a: Hector|0 fnt|[from] Salt Cure\n|faint|p1a: Hector\n|upkeep\n|\n|t:|1700148514\n|switch|p1a: Boris|Golem-Alola, F|100\/100\n|turn|15\n|\n|t:|1700148520\n|move|p1a: Boris|Wild Charge|p2a: SSSReplacement\n|-damage|p2a: SSSReplacement|92\/100\n|-damage|p1a: Boris|98\/100|[from] Recoil\n|move|p2a: SSSReplacement|Body Press|p1a: Boris\n|-supereffective|p1a: Boris\n|-damage|p1a: Boris|0 fnt\n|faint|p1a: Boris\n|\n|-heal|p2a: SSSReplacement|98\/100|[from] item: Leftovers\n|upkeep\n|\n|t:|1700148531\n|switch|p1a: Neil|Sandy Shocks|100\/100\n|turn|16\n|\n|t:|1700148536\n|move|p1a: Neil|Tri Attack|p2a: SSSReplacement\n|-damage|p2a: SSSReplacement|84\/100\n|move|p2a: SSSReplacement|Body Press|p1a: Neil\n|-damage|p1a: Neil|40\/100\n|\n|-heal|p2a: SSSReplacement|90\/100|[from] item: Leftovers\n|upkeep\n|turn|17\n|\n|t:|1700148549\n|move|p1a: Neil|Facade|p2a: SSSReplacement\n|-damage|p2a: SSSReplacement|87\/100\n|move|p2a: SSSReplacement|Body Press|p1a: Neil\n|-damage|p1a: Neil|0 fnt\n|faint|p1a: Neil\n|-end|p1a: Neil|Protosynthesis|[silent]\n|\n|-heal|p2a: SSSReplacement|93\/100|[from] item: Leftovers\n|upkeep\n|\n|t:|1700148557\n|switch|p1a: Jasper|Bellibolt, F|100\/100\n|turn|18\n|\n|t:|1700148563\n|move|p1a: Jasper|Protect|p1a: Jasper\n|-singleturn|p1a: Jasper|Protect\n|move|p2a: SSSReplacement|Body Press|p1a: Jasper\n|-activate|p1a: Jasper|move: Protect\n|\n|-heal|p2a: SSSReplacement|99\/100|[from] item: Leftovers\n|upkeep\n|turn|19\n|\n|t:|1700148572\n|move|p1a: Jasper|Sucker Punch|p2a: SSSReplacement\n|-resisted|p2a: SSSReplacement\n|-damage|p2a: SSSReplacement|98\/100\n|move|p2a: SSSReplacement|Body Press|p1a: Jasper\n|-damage|p1a: Jasper|41\/100\n|-start|p1a: Jasper|Charge|Body Press|[from] ability: Electromorphosis\n|\n|-heal|p2a: SSSReplacement|100\/100|[from] item: Leftovers\n|upkeep\n|turn|20\n|\n|t:|1700148585\n|move|p1a: Jasper|Protect|p1a: Jasper\n|-singleturn|p1a: Jasper|Protect\n|move|p2a: SSSReplacement|Body Press|p1a: Jasper\n|-activate|p1a: Jasper|move: Protect\n|\n|upkeep\n|turn|21\n|\n|t:|1700148590\n|move|p1a: Jasper|Toxic|p2a: SSSReplacement\n|-immune|p2a: SSSReplacement|[from] ability: Purifying Salt\n|move|p2a: SSSReplacement|Body Press|p1a: Jasper\n|-damage|p1a: Jasper|0 fnt\n|faint|p1a: Jasper\n|\n|upkeep\n|\n|t:|1700148598\n|switch|p1a: Herbert|Venomoth, F|39\/100\n|turn|22\n|\n|t:|1700148602\n|move|p1a: Herbert|Giga Drain|p2a: SSSReplacement\n|-damage|p2a: SSSReplacement|89\/100\n|-heal|p1a: Herbert|47\/100|[from] drain|[of] p2a: SSSReplacement\n|move|p2a: SSSReplacement|Salt Cure|p1a: Herbert\n|-supereffective|p1a: Herbert\n|-damage|p1a: Herbert|4\/100\n|\n|-heal|p1a: Herbert|10\/100|[from] item: Black Sludge\n|-heal|p2a: SSSReplacement|95\/100|[from] item: Leftovers\n|upkeep\n|turn|23\n|inactive|Battle timer is ON: inactive players will automatically lose when time's up. (requested by TrappisFlappis)\n|\n|t:|1700148612\n|move|p1a: Herbert|Giga Drain|p2a: SSSReplacement\n|-damage|p2a: SSSReplacement|85\/100\n|-heal|p1a: Herbert|17\/100|[from] drain|[of] p2a: SSSReplacement\n|move|p2a: SSSReplacement|Salt Cure|p1a: Herbert\n|-supereffective|p1a: Herbert\n|-damage|p1a: Herbert|0 fnt\n|faint|p1a: Herbert\n|\n|win|TrappisFlappis\n|raw|Acud_burn24's rating: 1000 &rarr; <strong>1000<\/strong><br \/>(+0 for losing)\n|raw|TrappisFlappis's rating: 1047 &rarr; <strong>1076<\/strong><br \/>(+29 for winning)\n","uploadtime":1700148615,"views":5,"p1id":"acudburn24","p2id":"trappisflappis","formatid":"gen9anythinggoes","rating":1000,"private":0,"password":""}