{"id":"gen9anythinggoes-1982516927","p1":"Bruhhur8","p2":"Lelouch083","format":"[Gen 9] Anything Goes","log":"|j|\u2606Bruhhur8\n|j|\u2606Lelouch083\n|t:|1699022080\n|gametype|singles\n|player|p1|Bruhhur8|fisherman-gen4|1117\n|player|p2|Lelouch083|102|1000\n|teamsize|p1|6\n|teamsize|p2|6\n|gen|9\n|tier|[Gen 9] Anything Goes\n|rated|\n|rule|HP Percentage Mod: HP is shown in percentages\n|rule|Endless Battle Clause: Forcing endless battles is banned\n|clearpoke\n|poke|p1|Annihilape, F|\n|poke|p1|Kingambit, F|\n|poke|p1|Clodsire, M|\n|poke|p1|Corviknight, F|\n|poke|p1|Iron Bundle|\n|poke|p1|Iron Moth|\n|poke|p2|Greninja-*, M|\n|poke|p2|Corviknight, F|\n|poke|p2|Dugtrio, F|\n|poke|p2|Giratina-Origin|\n|poke|p2|Toxtricity, M|\n|poke|p2|Hatterene, F|\n|teampreview\n|\n|t:|1699022083\n|start\n|switch|p1a: Clodsire|Clodsire, M|100\/100\n|switch|p2a: Corviknight|Corviknight, F|100\/100\n|-ability|p2a: Corviknight|Pressure\n|turn|1\n|\n|t:|1699022091\n|move|p2a: Corviknight|Rain Dance|p2a: Corviknight\n|-weather|RainDance\n|move|p1a: Clodsire|Stealth Rock|p2a: Corviknight\n|-sidestart|p2: Lelouch083|move: Stealth Rock\n|\n|-weather|RainDance|[upkeep]\n|upkeep\n|turn|2\n|\n|t:|1699022106\n|move|p2a: Corviknight|Hurricane|p1a: Clodsire\n|-damage|p1a: Clodsire|86\/100\n|move|p1a: Clodsire|Toxic Spikes|p2a: Corviknight\n|-sidestart|p2: Lelouch083|move: Toxic Spikes\n|\n|-weather|RainDance|[upkeep]\n|-heal|p1a: Clodsire|92\/100|[from] item: Black Sludge\n|upkeep\n|turn|3\n|\n|t:|1699022116\n|switch|p1a: Annihilape|Annihilape, F, shiny|100\/100\n|move|p2a: Corviknight|Drill Peck|p1a: Annihilape\n|-supereffective|p1a: Annihilape\n|-damage|p1a: Annihilape|50\/100\n|\n|-weather|RainDance|[upkeep]\n|-heal|p1a: Annihilape|57\/100|[from] item: Leftovers\n|upkeep\n|turn|4\n|\n|t:|1699022127\n|move|p1a: Annihilape|Rage Fist|p2a: Corviknight\n|-damage|p2a: Corviknight|64\/100\n|move|p2a: Corviknight|Drill Peck|p1a: Annihilape\n|-supereffective|p1a: Annihilape\n|-damage|p1a: Annihilape|3\/100\n|\n|-weather|RainDance|[upkeep]\n|-heal|p1a: Annihilape|9\/100|[from] item: Leftovers\n|upkeep\n|turn|5\n|\n|t:|1699022137\n|move|p1a: Annihilape|Rage Fist|p2a: Corviknight\n|-damage|p2a: Corviknight|1\/100\n|move|p2a: Corviknight|Drill Peck|p1a: Annihilape\n|-supereffective|p1a: Annihilape\n|-damage|p1a: Annihilape|0 fnt\n|faint|p1a: Annihilape\n|\n|-weather|none\n|upkeep\n|\n|t:|1699022148\n|switch|p1a: Iron Moth|Iron Moth|100\/100\n|-enditem|p1a: Iron Moth|Booster Energy\n|-activate|p1a: Iron Moth|ability: Quark Drive|[fromitem]\n|-start|p1a: Iron Moth|quarkdrivespa\n|turn|6\n|\n|t:|1699022155\n|move|p1a: Iron Moth|Sludge Wave|p2a: Corviknight\n|-immune|p2a: Corviknight\n|move|p2a: Corviknight|Rain Dance|p2a: Corviknight\n|-weather|RainDance\n|\n|-weather|RainDance|[upkeep]\n|upkeep\n|turn|7\n|\n|t:|1699022160\n|move|p1a: Iron Moth|Energy Ball|p2a: Corviknight\n|-resisted|p2a: Corviknight\n|-damage|p2a: Corviknight|0 fnt\n|faint|p2a: Corviknight\n|\n|-weather|RainDance|[upkeep]\n|upkeep\n|\n|t:|1699022169\n|switch|p2a: Greninja|Greninja, M|100\/100\n|-damage|p2a: Greninja|88\/100|[from] Stealth Rock\n|-status|p2a: Greninja|psn\n|turn|8\n|\n|t:|1699022176\n|move|p1a: Iron Moth|Energy Ball|p2a: Greninja\n|-supereffective|p2a: Greninja\n|-damage|p2a: Greninja|18\/100 psn\n|move|p2a: Greninja|Hydro Pump|p1a: Iron Moth\n|-supereffective|p1a: Iron Moth\n|-damage|p1a: Iron Moth|0 fnt\n|faint|p1a: Iron Moth\n|-end|p1a: Iron Moth|Quark Drive|[silent]\n|-ability|p2a: Greninja|Battle Bond|boost\n|-boost|p2a: Greninja|atk|1\n|-boost|p2a: Greninja|spa|1\n|-boost|p2a: Greninja|spe|1\n|-activate|p2a: Greninja|ability: Battle Bond\n|\n|-weather|RainDance|[upkeep]\n|-damage|p2a: Greninja|6\/100 psn|[from] psn\n|upkeep\n|\n|t:|1699022189\n|switch|p1a: Iron Bundle|Iron Bundle, shiny|100\/100\n|-enditem|p1a: Iron Bundle|Booster Energy\n|-activate|p1a: Iron Bundle|ability: Quark Drive|[fromitem]\n|-start|p1a: Iron Bundle|quarkdrivespe\n|turn|9\n|\n|t:|1699022197\n|move|p1a: Iron Bundle|Freeze-Dry|p2a: Greninja\n|-supereffective|p2a: Greninja\n|-damage|p2a: Greninja|0 fnt\n|faint|p2a: Greninja\n|\n|-weather|RainDance|[upkeep]\n|upkeep\n|\n|t:|1699022207\n|switch|p2a: Toxtricity|Toxtricity, M|100\/100\n|-damage|p2a: Toxtricity|88\/100|[from] Stealth Rock\n|-sideend|p2: Lelouch083|move: Toxic Spikes|[of] p2a: Toxtricity\n|turn|10\n|\n|t:|1699022213\n|move|p1a: Iron Bundle|Freeze-Dry|p2a: Toxtricity\n|-damage|p2a: Toxtricity|42\/100\n|-status|p2a: Toxtricity|frz\n|cant|p2a: Toxtricity|frz\n|\n|-weather|none\n|-heal|p2a: Toxtricity|48\/100 frz|[from] item: Leftovers\n|upkeep\n|turn|11\n|\n|t:|1699022227\n|switch|p2a: Hatterene|Hatterene, F|100\/100\n|-damage|p2a: Hatterene|88\/100|[from] Stealth Rock\n|move|p1a: Iron Bundle|Freeze-Dry|p2a: Hatterene\n|-damage|p2a: Hatterene|46\/100\n|\n|upkeep\n|turn|12\n|\n|t:|1699022237\n|move|p1a: Iron Bundle|Freeze-Dry|p2a: Hatterene\n|-damage|p2a: Hatterene|0 fnt\n|faint|p2a: Hatterene\n|\n|upkeep\n|\n|t:|1699022244\n|switch|p2a: Giratina|Giratina-Origin|100\/100\n|-damage|p2a: Giratina|88\/100|[from] Stealth Rock\n|turn|13\n|\n|t:|1699022248\n|move|p2a: Giratina|Shadow Sneak|p1a: Iron Bundle\n|-damage|p1a: Iron Bundle|76\/100\n|move|p1a: Iron Bundle|Freeze-Dry|p2a: Giratina\n|-supereffective|p2a: Giratina\n|-damage|p2a: Giratina|39\/100\n|\n|upkeep\n|turn|14\n|\n|t:|1699022254\n|move|p1a: Iron Bundle|Freeze-Dry|p2a: Giratina\n|-supereffective|p2a: Giratina\n|-crit|p2a: Giratina\n|-damage|p2a: Giratina|0 fnt\n|faint|p2a: Giratina\n|\n|upkeep\n|\n|t:|1699022259\n|switch|p2a: Dugtrio|Dugtrio, F|100\/100\n|-damage|p2a: Dugtrio|94\/100|[from] Stealth Rock\n|turn|15\n|\n|t:|1699022264\n|move|p1a: Iron Bundle|Freeze-Dry|p2a: Dugtrio\n|-supereffective|p2a: Dugtrio\n|-damage|p2a: Dugtrio|17\/100\n|move|p2a: Dugtrio|Dig||[still]\n|-prepare|p2a: Dugtrio|Dig\n|\n|upkeep\n|turn|16\n|\n|t:|1699022272\n|move|p1a: Iron Bundle|Freeze-Dry|p2a: Dugtrio|[miss]\n|-miss|p1a: Iron Bundle|p2a: Dugtrio\n|move|p2a: Dugtrio|Dig|p1a: Iron Bundle|[from]lockedmove\n|-damage|p1a: Iron Bundle|42\/100\n|\n|upkeep\n|turn|17\n|\n|t:|1699022279\n|-terastallize|p2a: Dugtrio|Ground\n|move|p1a: Iron Bundle|Freeze-Dry|p2a: Dugtrio\n|-supereffective|p2a: Dugtrio\n|-damage|p2a: Dugtrio|0 fnt\n|faint|p2a: Dugtrio\n|\n|upkeep\n|\n|t:|1699022285\n|switch|p2a: Toxtricity|Toxtricity, M|48\/100 frz\n|-damage|p2a: Toxtricity|35\/100 frz|[from] Stealth Rock\n|turn|18\n|\n|t:|1699022290\n|move|p1a: Iron Bundle|Freeze-Dry|p2a: Toxtricity\n|-damage|p2a: Toxtricity|0 fnt\n|faint|p2a: Toxtricity\n|\n|win|Bruhhur8\n|raw|Bruhhur8's rating: 1117 &rarr; <strong>1134<\/strong><br \/>(+17 for winning)\n|raw|Lelouch083's rating: 1000 &rarr; <strong>1000<\/strong><br \/>(+0 for losing)\n|l|\u2606Lelouch083\n","uploadtime":1699022300,"views":6,"p1id":"bruhhur8","p2id":"lelouch083","formatid":"gen9anythinggoes","rating":1000,"private":0,"password":""}