{"id":"gen9anythinggoes-1987821085","p1":"getess","p2":"MarihiroX","format":"[Gen 9] Anything Goes","log":"|j|\u2606getess\n|j|\u2606MarihiroX\n|inactive|Battle timer is ON: inactive players will automatically lose when time's up.\n|t:|1699639927\n|gametype|singles\n|player|p1|getess|lady-gen4|\n|player|p2|MarihiroX|steven|\n|teamsize|p1|6\n|teamsize|p2|6\n|gen|9\n|tier|[Gen 9] Anything Goes\n|rated|Tournament battle\n|rule|HP Percentage Mod: HP is shown in percentages\n|rule|Endless Battle Clause: Forcing endless battles is banned\n|clearpoke\n|poke|p1|Kyogre|\n|poke|p1|Ting-Lu|\n|poke|p1|Koraidon|\n|poke|p1|Arceus-Poison|\n|poke|p1|Enamorus, F|\n|poke|p1|Calyrex-Shadow|\n|poke|p2|Grimmsnarl, M|\n|poke|p2|Zacian-*|\n|poke|p2|Miraidon|\n|poke|p2|Calyrex-Shadow|\n|poke|p2|Giratina-Origin|\n|poke|p2|Groudon|\n|teampreview\n|inactive|MarihiroX also wants the timer to be on.\n|\n|t:|1699639950\n|start\n|switch|p1a: Kyogre|Kyogre|100\/100\n|switch|p2a: Grimmsnarl|Grimmsnarl, M|100\/100\n|-weather|RainDance|[from] ability: Drizzle|[of] p1a: Kyogre\n|turn|1\n|\n|t:|1699639953\n|move|p2a: Grimmsnarl|Light Screen|p2a: Grimmsnarl\n|-sidestart|p2: MarihiroX|move: Light Screen\n|move|p1a: Kyogre|Water Spout|p2a: Grimmsnarl\n|-damage|p2a: Grimmsnarl|0 fnt\n|faint|p2a: Grimmsnarl\n|\n|-weather|RainDance|[upkeep]\n|upkeep\n|\n|t:|1699639962\n|switch|p2a: Groudon|Groudon|100\/100\n|-weather|SunnyDay|[from] ability: Drought|[of] p2a: Groudon\n|turn|2\n|\n|t:|1699639967\n|switch|p1a: Calyrex|Calyrex-Shadow|100\/100\n|-ability|p1a: Calyrex|As One\n|-ability|p1a: Calyrex|Unnerve\n|move|p2a: Groudon|Stealth Rock|p1a: Calyrex\n|-sidestart|p1: getess|move: Stealth Rock\n|\n|-weather|SunnyDay|[upkeep]\n|upkeep\n|turn|3\n|\n|t:|1699639975\n|switch|p2a: Miraidon|Miraidon|100\/100\n|-fieldstart|move: Electric Terrain|[from] ability: Hadron Engine|[of] p2a: Miraidon\n|move|p1a: Calyrex|Astral Barrage|p2a: Miraidon\n|-damage|p2a: Miraidon|71\/100\n|\n|-weather|SunnyDay|[upkeep]\n|-heal|p2a: Miraidon|77\/100|[from] item: Leftovers\n|upkeep\n|turn|4\n|\n|t:|1699639984\n|switch|p1a: Ting-Lu|Ting-Lu|100\/100\n|-damage|p1a: Ting-Lu|94\/100|[from] Stealth Rock\n|-ability|p1a: Ting-Lu|Vessel of Ruin\n|move|p2a: Miraidon|Calm Mind|p2a: Miraidon\n|-boost|p2a: Miraidon|spa|1\n|-boost|p2a: Miraidon|spd|1\n|\n|-weather|SunnyDay|[upkeep]\n|-heal|p2a: Miraidon|83\/100|[from] item: Leftovers\n|-heal|p1a: Ting-Lu|100\/100|[from] item: Leftovers\n|upkeep\n|turn|5\n|\n|t:|1699639987\n|move|p2a: Miraidon|Draco Meteor|p1a: Ting-Lu\n|-damage|p1a: Ting-Lu|35\/100\n|-unboost|p2a: Miraidon|spa|2\n|move|p1a: Ting-Lu|Earthquake|p2a: Miraidon\n|-supereffective|p2a: Miraidon\n|-damage|p2a: Miraidon|7\/100\n|\n|-weather|SunnyDay|[upkeep]\n|-heal|p2a: Miraidon|13\/100|[from] item: Leftovers\n|-heal|p1a: Ting-Lu|41\/100|[from] item: Leftovers\n|upkeep\n|turn|6\n|\n|t:|1699639997\n|switch|p2a: Zacian|Zacian-Crowned|100\/100\n|-ability|p2a: Zacian|Intrepid Sword|boost\n|-boost|p2a: Zacian|atk|1\n|move|p1a: Ting-Lu|Spikes|p2a: Zacian\n|-sidestart|p2: MarihiroX|Spikes\n|\n|-weather|none\n|-heal|p1a: Ting-Lu|47\/100|[from] item: Leftovers\n|upkeep\n|turn|7\n|\n|t:|1699640003\n|switch|p1a: Arceus|Arceus-Poison|100\/100\n|-damage|p1a: Arceus|88\/100|[from] Stealth Rock\n|move|p2a: Zacian|Play Rough|p1a: Arceus\n|-resisted|p1a: Arceus\n|-damage|p1a: Arceus|68\/100\n|-unboost|p1a: Arceus|atk|1\n|\n|-fieldend|move: Electric Terrain\n|upkeep\n|turn|8\n|\n|t:|1699640012\n|move|p2a: Zacian|Behemoth Blade|p1a: Arceus\n|-damage|p1a: Arceus|29\/100\n|move|p1a: Arceus|Recover|p1a: Arceus\n|-heal|p1a: Arceus|79\/100\n|\n|-sideend|p2: MarihiroX|move: Light Screen\n|upkeep\n|turn|9\n|\n|t:|1699640017\n|switch|p2a: Miraidon|Miraidon|13\/100\n|-damage|p2a: Miraidon|0 fnt|[from] Spikes\n|faint|p2a: Miraidon\n|move|p1a: Arceus|Recover|p1a: Arceus\n|-heal|p1a: Arceus|100\/100\n|\n|upkeep\n|\n|t:|1699640023\n|switch|p2a: Groudon|Groudon|100\/100\n|-damage|p2a: Groudon|88\/100|[from] Spikes\n|-weather|SunnyDay|[from] ability: Drought|[of] p2a: Groudon\n|turn|10\n|\n|t:|1699640034\n|switch|p1a: Calyrex|Calyrex-Shadow|100\/100\n|-ability|p1a: Calyrex|As One\n|-ability|p1a: Calyrex|Unnerve\n|move|p2a: Groudon|Precipice Blades|p1a: Calyrex|[miss]\n|-miss|p2a: Groudon|p1a: Calyrex\n|\n|-weather|SunnyDay|[upkeep]\n|-heal|p2a: Groudon|94\/100|[from] item: Leftovers\n|upkeep\n|turn|11\n|\n|t:|1699640041\n|move|p1a: Calyrex|Will-O-Wisp|p2a: Groudon|[miss]\n|-miss|p1a: Calyrex|p2a: Groudon\n|move|p2a: Groudon|Precipice Blades|p1a: Calyrex\n|-damage|p1a: Calyrex|46\/100\n|\n|-weather|SunnyDay|[upkeep]\n|-heal|p2a: Groudon|100\/100|[from] item: Leftovers\n|upkeep\n|turn|12\n|\n|t:|1699640054\n|move|p1a: Calyrex|Will-O-Wisp|p2a: Groudon\n|-status|p2a: Groudon|brn\n|move|p2a: Groudon|Precipice Blades|p1a: Calyrex\n|-damage|p1a: Calyrex|17\/100\n|\n|-weather|SunnyDay|[upkeep]\n|-damage|p2a: Groudon|94\/100 brn|[from] brn\n|upkeep\n|turn|13\n|\n|t:|1699640063\n|switch|p1a: Arceus|Arceus-Poison|100\/100\n|-damage|p1a: Arceus|88\/100|[from] Stealth Rock\n|move|p2a: Groudon|Precipice Blades|p1a: Arceus\n|-supereffective|p1a: Arceus\n|-damage|p1a: Arceus|60\/100\n|\n|-weather|SunnyDay|[upkeep]\n|-heal|p2a: Groudon|100\/100 brn|[from] item: Leftovers\n|-damage|p2a: Groudon|94\/100 brn|[from] brn\n|upkeep\n|turn|14\n|\n|t:|1699640069\n|move|p1a: Arceus|Stealth Rock|p2a: Groudon\n|-sidestart|p2: MarihiroX|move: Stealth Rock\n|move|p2a: Groudon|Will-O-Wisp|p1a: Arceus\n|-status|p1a: Arceus|brn\n|\n|-weather|none\n|-heal|p2a: Groudon|100\/100 brn|[from] item: Leftovers\n|-damage|p1a: Arceus|54\/100 brn|[from] brn\n|-damage|p2a: Groudon|94\/100 brn|[from] brn\n|upkeep\n|turn|15\n|\n|t:|1699640075\n|move|p1a: Arceus|Recover|p1a: Arceus\n|-heal|p1a: Arceus|100\/100 brn\n|move|p2a: Groudon|Precipice Blades|p1a: Arceus\n|-supereffective|p1a: Arceus\n|-damage|p1a: Arceus|68\/100 brn\n|\n|-heal|p2a: Groudon|100\/100 brn|[from] item: Leftovers\n|-damage|p1a: Arceus|62\/100 brn|[from] brn\n|-damage|p2a: Groudon|94\/100 brn|[from] brn\n|upkeep\n|turn|16\n|\n|t:|1699640080\n|switch|p2a: Giratina|Giratina-Origin|100\/100\n|-damage|p2a: Giratina|88\/100|[from] Stealth Rock\n|move|p1a: Arceus|Earth Power|p2a: Giratina\n|-immune|p2a: Giratina|[from] ability: Levitate\n|\n|-damage|p1a: Arceus|56\/100 brn|[from] brn\n|upkeep\n|turn|17\n|\n|t:|1699640084\n|move|p1a: Arceus|Recover|p1a: Arceus\n|-heal|p1a: Arceus|100\/100 brn\n|move|p2a: Giratina|Defog|p1a: Arceus\n|-unboost|p1a: Arceus|evasion|1\n|-sideend|p1: getess|Stealth Rock|[from] move: Defog|[of] p2a: Giratina\n|-sideend|p2: MarihiroX|Spikes|[from] move: Defog|[of] p2a: Giratina\n|-sideend|p2: MarihiroX|Stealth Rock|[from] move: Defog|[of] p2a: Giratina\n|\n|-damage|p1a: Arceus|94\/100 brn|[from] brn\n|upkeep\n|turn|18\n|\n|t:|1699640092\n|move|p1a: Arceus|Stealth Rock|p2a: Giratina\n|-sidestart|p2: MarihiroX|move: Stealth Rock\n|move|p2a: Giratina|Poltergeist|p1a: Arceus\n|-activate|p1a: Arceus|move: Poltergeist|Toxic Plate\n|-damage|p1a: Arceus|70\/100 brn\n|\n|-damage|p1a: Arceus|64\/100 brn|[from] brn\n|upkeep\n|turn|19\n|\n|t:|1699640095\n|move|p1a: Arceus|Poison Jab|p2a: Giratina\n|-resisted|p2a: Giratina\n|-damage|p2a: Giratina|83\/100\n|move|p2a: Giratina|Defog|p1a: Arceus\n|-unboost|p1a: Arceus|evasion|1\n|-sideend|p2: MarihiroX|Stealth Rock|[from] move: Defog|[of] p2a: Giratina\n|\n|-damage|p1a: Arceus|58\/100 brn|[from] brn\n|upkeep\n|turn|20\n|\n|t:|1699640100\n|move|p1a: Arceus|Stealth Rock|p2a: Giratina\n|-sidestart|p2: MarihiroX|move: Stealth Rock\n|move|p2a: Giratina|Poltergeist|p1a: Arceus\n|-activate|p1a: Arceus|move: Poltergeist|Toxic Plate\n|-damage|p1a: Arceus|32\/100 brn\n|\n|-damage|p1a: Arceus|26\/100 brn|[from] brn\n|upkeep\n|turn|21\n|\n|t:|1699640102\n|move|p1a: Arceus|Recover|p1a: Arceus\n|-heal|p1a: Arceus|76\/100 brn\n|move|p2a: Giratina|Defog|p1a: Arceus\n|-unboost|p1a: Arceus|evasion|1\n|-sideend|p2: MarihiroX|Stealth Rock|[from] move: Defog|[of] p2a: Giratina\n|\n|-damage|p1a: Arceus|70\/100 brn|[from] brn\n|upkeep\n|turn|22\n|\n|t:|1699640105\n|move|p1a: Arceus|Stealth Rock|p2a: Giratina\n|-sidestart|p2: MarihiroX|move: Stealth Rock\n|move|p2a: Giratina|Poltergeist|p1a: Arceus\n|-activate|p1a: Arceus|move: Poltergeist|Toxic Plate\n|-crit|p1a: Arceus\n|-damage|p1a: Arceus|33\/100 brn\n|\n|-damage|p1a: Arceus|27\/100 brn|[from] brn\n|upkeep\n|turn|23\n|\n|t:|1699640109\n|move|p1a: Arceus|Recover|p1a: Arceus\n|-heal|p1a: Arceus|77\/100 brn\n|move|p2a: Giratina|Defog|p1a: Arceus\n|-unboost|p1a: Arceus|evasion|1\n|-sideend|p2: MarihiroX|Stealth Rock|[from] move: Defog|[of] p2a: Giratina\n|\n|-damage|p1a: Arceus|71\/100 brn|[from] brn\n|upkeep\n|turn|24\n|\n|t:|1699640121\n|move|p1a: Arceus|Stealth Rock|p2a: Giratina\n|-sidestart|p2: MarihiroX|move: Stealth Rock\n|move|p2a: Giratina|Poltergeist|p1a: Arceus\n|-activate|p1a: Arceus|move: Poltergeist|Toxic Plate\n|-damage|p1a: Arceus|47\/100 brn\n|\n|-damage|p1a: Arceus|41\/100 brn|[from] brn\n|upkeep\n|turn|25\n|\n|t:|1699640127\n|move|p1a: Arceus|Recover|p1a: Arceus\n|-heal|p1a: Arceus|91\/100 brn\n|move|p2a: Giratina|Defog|p1a: Arceus\n|-unboost|p1a: Arceus|evasion|1\n|-sideend|p2: MarihiroX|Stealth Rock|[from] move: Defog|[of] p2a: Giratina\n|\n|-damage|p1a: Arceus|85\/100 brn|[from] brn\n|upkeep\n|turn|26\n|\n|t:|1699640133\n|switch|p1a: Kyogre|Kyogre|100\/100\n|-weather|RainDance|[from] ability: Drizzle|[of] p1a: Kyogre\n|move|p2a: Giratina|Poltergeist|p1a: Kyogre\n|-activate|p1a: Kyogre|move: Poltergeist|Choice Specs\n|-damage|p1a: Kyogre|53\/100\n|\n|-weather|RainDance|[upkeep]\n|upkeep\n|turn|27\n|\n|t:|1699640137\n|move|p1a: Kyogre|Ice Beam|p2a: Giratina\n|-supereffective|p2a: Giratina\n|-damage|p2a: Giratina|14\/100\n|move|p2a: Giratina|Thunder Wave|p1a: Kyogre\n|-status|p1a: Kyogre|par\n|\n|-weather|RainDance|[upkeep]\n|upkeep\n|turn|28\n|\n|t:|1699640141\n|move|p2a: Giratina|Poltergeist|p1a: Kyogre\n|-activate|p1a: Kyogre|move: Poltergeist|Choice Specs\n|-damage|p1a: Kyogre|3\/100 par\n|move|p1a: Kyogre|Ice Beam|p2a: Giratina\n|-supereffective|p2a: Giratina\n|-damage|p2a: Giratina|0 fnt\n|faint|p2a: Giratina\n|\n|-weather|RainDance|[upkeep]\n|upkeep\n|\n|t:|1699640149\n|switch|p2a: Calyrex|Calyrex-Shadow|100\/100\n|-ability|p2a: Calyrex|As One\n|-ability|p2a: Calyrex|Unnerve\n|turn|29\n|\n|t:|1699640154\n|switch|p1a: Ting-Lu|Ting-Lu|47\/100\n|-ability|p1a: Ting-Lu|Vessel of Ruin\n|move|p2a: Calyrex|Astral Barrage|p1a: Ting-Lu\n|-resisted|p1a: Ting-Lu\n|-damage|p1a: Ting-Lu|33\/100\n|\n|-weather|RainDance|[upkeep]\n|-heal|p1a: Ting-Lu|39\/100|[from] item: Leftovers\n|upkeep\n|turn|30\n|\n|t:|1699640171\n|-terastallize|p1a: Ting-Lu|Grass\n|move|p2a: Calyrex|Nasty Plot|p2a: Calyrex\n|-boost|p2a: Calyrex|spa|2\n|move|p1a: Ting-Lu|Payback|p2a: Calyrex\n|-supereffective|p2a: Calyrex\n|-enditem|p2a: Calyrex|Focus Sash\n|-damage|p2a: Calyrex|1\/100\n|\n|-weather|none\n|-heal|p1a: Ting-Lu|45\/100|[from] item: Leftovers\n|upkeep\n|turn|31\n|\n|t:|1699640179\n|switch|p1a: Kyogre|Kyogre|3\/100 par\n|-weather|RainDance|[from] ability: Drizzle|[of] p1a: Kyogre\n|move|p2a: Calyrex|Astral Barrage|p1a: Kyogre\n|-damage|p1a: Kyogre|0 fnt\n|faint|p1a: Kyogre\n|-ability|p2a: Calyrex|Grim Neigh|boost\n|-boost|p2a: Calyrex|spa|1\n|\n|-weather|RainDance|[upkeep]\n|upkeep\n|\n|t:|1699640182\n|switch|p1a: Enamorus|Enamorus, F|100\/100\n|turn|32\n|\n|t:|1699640192\n|switch|p2a: Zacian|Zacian-Crowned|100\/100\n|move|p1a: Enamorus|Moonblast|p2a: Zacian\n|-resisted|p2a: Zacian\n|-damage|p2a: Zacian|76\/100\n|-unboost|p2a: Zacian|spa|1\n|\n|-weather|RainDance|[upkeep]\n|upkeep\n|turn|33\n|\n|t:|1699640198\n|switch|p1a: Arceus|Arceus-Poison|85\/100 brn\n|move|p2a: Zacian|Swords Dance|p2a: Zacian\n|-boost|p2a: Zacian|atk|2\n|\n|-weather|RainDance|[upkeep]\n|-damage|p1a: Arceus|78\/100 brn|[from] brn\n|upkeep\n|turn|34\n|\n|t:|1699640201\n|move|p2a: Zacian|Behemoth Blade|p1a: Arceus\n|-damage|p1a: Arceus|22\/100 brn\n|move|p1a: Arceus|Earth Power|p2a: Zacian\n|-supereffective|p2a: Zacian\n|-damage|p2a: Zacian|31\/100\n|\n|-weather|RainDance|[upkeep]\n|-damage|p1a: Arceus|16\/100 brn|[from] brn\n|upkeep\n|turn|35\n|\n|t:|1699640205\n|move|p2a: Zacian|Behemoth Blade|p1a: Arceus\n|-damage|p1a: Arceus|0 fnt\n|faint|p1a: Arceus\n|\n|-weather|none\n|upkeep\n|\n|t:|1699640212\n|switch|p1a: Calyrex|Calyrex-Shadow|17\/100\n|-ability|p1a: Calyrex|As One\n|-ability|p1a: Calyrex|Unnerve\n|turn|36\n|\n|t:|1699640215\n|switch|p2a: Groudon|Groudon|94\/100 brn\n|-weather|SunnyDay|[from] ability: Drought|[of] p2a: Groudon\n|move|p1a: Calyrex|Astral Barrage|p2a: Groudon\n|-damage|p2a: Groudon|47\/100 brn\n|\n|-weather|SunnyDay|[upkeep]\n|-heal|p2a: Groudon|53\/100 brn|[from] item: Leftovers\n|-damage|p2a: Groudon|47\/100 brn|[from] brn\n|upkeep\n|turn|37\n|\n|t:|1699640220\n|move|p1a: Calyrex|Astral Barrage|p2a: Groudon\n|-damage|p2a: Groudon|4\/100 brn\n|move|p2a: Groudon|Precipice Blades|p1a: Calyrex\n|-damage|p1a: Calyrex|0 fnt\n|faint|p1a: Calyrex\n|\n|-weather|SunnyDay|[upkeep]\n|-heal|p2a: Groudon|10\/100 brn|[from] item: Leftovers\n|-damage|p2a: Groudon|4\/100 brn|[from] brn\n|upkeep\n|\n|t:|1699640225\n|switch|p1a: Enamorus|Enamorus, F|100\/100\n|turn|38\n|\n|t:|1699640230\n|move|p1a: Enamorus|Moonblast|p2a: Groudon\n|-damage|p2a: Groudon|0 fnt\n|faint|p2a: Groudon\n|\n|-weather|SunnyDay|[upkeep]\n|upkeep\n|\n|t:|1699640233\n|switch|p2a: Zacian|Zacian-Crowned|31\/100\n|turn|39\n|\n|t:|1699640235\n|switch|p1a: Ting-Lu|Ting-Lu, tera:Grass|45\/100\n|-ability|p1a: Ting-Lu|Vessel of Ruin\n|move|p2a: Zacian|Behemoth Blade|p1a: Ting-Lu\n|-damage|p1a: Ting-Lu|12\/100\n|\n|-weather|SunnyDay|[upkeep]\n|-heal|p1a: Ting-Lu|18\/100|[from] item: Leftovers\n|upkeep\n|turn|40\n|\n|t:|1699640238\n|move|p2a: Zacian|Behemoth Blade|p1a: Ting-Lu\n|-damage|p1a: Ting-Lu|0 fnt\n|faint|p1a: Ting-Lu\n|\n|-weather|none\n|upkeep\n|\n|t:|1699640243\n|switch|p1a: Enamorus|Enamorus, F|100\/100\n|turn|41\n|\n|t:|1699640250\n|move|p1a: Enamorus|Tailwind|p1a: Enamorus\n|-sidestart|p1: getess|move: Tailwind\n|move|p2a: Zacian|Behemoth Blade|p1a: Enamorus\n|-supereffective|p1a: Enamorus\n|-damage|p1a: Enamorus|0 fnt\n|faint|p1a: Enamorus\n|\n|upkeep\n|\n|t:|1699640253\n|switch|p1a: Koraidon|Koraidon|100\/100\n|-weather|SunnyDay|[from] ability: Orichalcum Pulse|[of] p1a: Koraidon\n|-activate|p1a: Koraidon|Orichalcum Pulse|[source]\n|turn|42\n|\n|t:|1699640256\n|-terastallize|p2a: Zacian|Electric\n|move|p1a: Koraidon|Flare Blitz|p2a: Zacian\n|-damage|p2a: Zacian|0 fnt\n|faint|p2a: Zacian\n|-damage|p1a: Koraidon|91\/100|[from] Recoil\n|\n|-weather|SunnyDay|[upkeep]\n|upkeep\n|\n|t:|1699640259\n|switch|p2a: Calyrex|Calyrex-Shadow|1\/100\n|-ability|p2a: Calyrex|As One\n|-ability|p2a: Calyrex|Unnerve\n|turn|43\n|\n|t:|1699640262\n|move|p1a: Koraidon|Flare Blitz|p2a: Calyrex\n|-damage|p2a: Calyrex|0 fnt\n|faint|p2a: Calyrex\n|-damage|p1a: Koraidon|91\/100|[from] Recoil\n|\n|win|getess\n|n|\u2606getess|getess\n|n|\u2606MarihiroX|marihirox\n|l|\u2606MarihiroX\n|l|\u2606getess\n","uploadtime":1699640270,"views":6,"p1id":"getess","p2id":"marihirox","formatid":"gen9anythinggoes","rating":0,"private":0,"password":""}