{"id":"gen9anythinggoes-1987430789","p1":"inpain24\/7","p2":"Kayleb1718","format":"[Gen 9] Anything Goes","log":"|j|\u2606inpain24\/7\n|j|\u2606Kayleb1718\n|t:|1699590490\n|gametype|singles\n|player|p1|inpain24\/7|ingo|1241\n|player|p2|Kayleb1718|lucas-gen4pt|1412\n|teamsize|p1|6\n|teamsize|p2|6\n|gen|9\n|tier|[Gen 9] Anything Goes\n|rated|\n|rule|HP Percentage Mod: HP is shown in percentages\n|rule|Endless Battle Clause: Forcing endless battles is banned\n|clearpoke\n|poke|p1|Luxray, F|\n|poke|p1|Quagsire, F|\n|poke|p1|Dragalge, M|\n|poke|p1|Espeon, M|\n|poke|p1|Chien-Pao|\n|poke|p1|Ninetales-Alola, F|\n|poke|p2|Zacian-*|\n|poke|p2|Calyrex-Shadow|\n|poke|p2|Urshifu-*, M|\n|poke|p2|Kingambit, M|\n|poke|p2|Miraidon|\n|poke|p2|Arceus-Fire|\n|teampreview\n|\n|t:|1699590499\n|start\n|switch|p1a: Aelita|Ninetales-Alola, F, shiny|100\/100\n|switch|p2a: Arceus|Arceus-Fire|100\/100\n|-weather|Snow|[from] ability: Snow Warning|[of] p1a: Aelita\n|turn|1\n|\n|t:|1699590507\n|-terastallize|p1a: Aelita|Water\n|move|p1a: Aelita|Aurora Veil|p1a: Aelita\n|-sidestart|p1: inpain24\/7|move: Aurora Veil\n|move|p2a: Arceus|Stealth Rock|p1a: Aelita\n|-sidestart|p1: inpain24\/7|move: Stealth Rock\n|\n|-weather|Snow|[upkeep]\n|upkeep\n|turn|2\n|\n|t:|1699590521\n|move|p2a: Arceus|Extreme Speed|p1a: Aelita\n|-damage|p1a: Aelita|86\/100\n|move|p1a: Aelita|Encore|p2a: Arceus\n|-start|p2a: Arceus|Encore\n|\n|-weather|Snow|[upkeep]\n|upkeep\n|turn|3\n|\n|t:|1699590528\n|switch|p1a: WoopWoop|Quagsire, F|100\/100\n|switch|p2a: Miraidon|Miraidon|100\/100\n|-fieldstart|move: Electric Terrain|[from] ability: Hadron Engine|[of] p2a: Miraidon\n|\n|-weather|Snow|[upkeep]\n|upkeep\n|turn|4\n|\n|t:|1699590541\n|move|p2a: Miraidon|Dragon Pulse|p1a: WoopWoop\n|-damage|p1a: WoopWoop|63\/100\n|move|p1a: WoopWoop|Stealth Rock|p2a: Miraidon\n|-sidestart|p2: Kayleb1718|move: Stealth Rock\n|\n|-weather|Snow|[upkeep]\n|upkeep\n|turn|5\n|\n|t:|1699590548\n|switch|p2a: Urshifu|Urshifu-Rapid-Strike, M|100\/100\n|-damage|p2a: Urshifu|94\/100|[from] Stealth Rock\n|move|p1a: WoopWoop|Toxic|p2a: Urshifu\n|-status|p2a: Urshifu|tox\n|\n|-weather|none\n|-heal|p2a: Urshifu|100\/100 tox|[from] item: Leftovers\n|-damage|p2a: Urshifu|94\/100 tox|[from] psn\n|upkeep\n|turn|6\n|\n|t:|1699590557\n|move|p2a: Urshifu|Trailblaze|p1a: WoopWoop\n|-supereffective|p1a: WoopWoop\n|-damage|p1a: WoopWoop|39\/100\n|-boost|p2a: Urshifu|spe|1\n|move|p1a: WoopWoop|Recover|p1a: WoopWoop\n|-heal|p1a: WoopWoop|89\/100\n|\n|-heal|p2a: Urshifu|100\/100 tox|[from] item: Leftovers\n|-damage|p2a: Urshifu|88\/100 tox|[from] psn\n|upkeep\n|turn|7\n|\n|t:|1699590567\n|move|p2a: Urshifu|Trailblaze|p1a: WoopWoop\n|-supereffective|p1a: WoopWoop\n|-damage|p1a: WoopWoop|63\/100\n|-boost|p2a: Urshifu|spe|1\n|move|p1a: WoopWoop|Earthquake|p2a: Urshifu\n|-damage|p2a: Urshifu|58\/100 tox\n|\n|-heal|p2a: Urshifu|64\/100 tox|[from] item: Leftovers\n|-damage|p2a: Urshifu|46\/100 tox|[from] psn\n|-fieldend|move: Electric Terrain\n|upkeep\n|turn|8\n|\n|t:|1699590580\n|move|p2a: Urshifu|Surging Strikes|p1a: WoopWoop\n|-crit|p1a: WoopWoop\n|-damage|p1a: WoopWoop|49\/100\n|-crit|p1a: WoopWoop\n|-damage|p1a: WoopWoop|36\/100\n|-crit|p1a: WoopWoop\n|-damage|p1a: WoopWoop|23\/100\n|-hitcount|p1a: WoopWoop|3\n|move|p1a: WoopWoop|Earthquake|p2a: Urshifu\n|-damage|p2a: Urshifu|16\/100 tox\n|\n|-heal|p2a: Urshifu|22\/100 tox|[from] item: Leftovers\n|-damage|p2a: Urshifu|0 fnt|[from] psn\n|faint|p2a: Urshifu\n|-sideend|p1: inpain24\/7|move: Aurora Veil\n|upkeep\n|\n|t:|1699590601\n|switch|p2a: Zacian|Zacian-Crowned, shiny|100\/100\n|-damage|p2a: Zacian|94\/100|[from] Stealth Rock\n|-ability|p2a: Zacian|Intrepid Sword|boost\n|-boost|p2a: Zacian|atk|1\n|turn|9\n|\n|t:|1699590607\n|move|p2a: Zacian|Behemoth Blade|p1a: WoopWoop\n|-resisted|p1a: WoopWoop\n|-damage|p1a: WoopWoop|2\/100\n|move|p1a: WoopWoop|Recover|p1a: WoopWoop\n|-heal|p1a: WoopWoop|52\/100\n|\n|upkeep\n|turn|10\n|\n|t:|1699590615\n|move|p2a: Zacian|Play Rough|p1a: WoopWoop\n|-damage|p1a: WoopWoop|16\/100\n|-unboost|p1a: WoopWoop|atk|1\n|move|p1a: WoopWoop|Recover|p1a: WoopWoop\n|-heal|p1a: WoopWoop|66\/100\n|\n|upkeep\n|turn|11\n|\n|t:|1699590627\n|move|p2a: Zacian|Sacred Sword|p1a: WoopWoop\n|-damage|p1a: WoopWoop|41\/100\n|move|p1a: WoopWoop|Recover|p1a: WoopWoop\n|-heal|p1a: WoopWoop|91\/100\n|\n|upkeep\n|turn|12\n|\n|t:|1699590639\n|switch|p2a: Calyrex|Calyrex-Shadow|100\/100\n|-ability|p2a: Calyrex|As One\n|-ability|p2a: Calyrex|Unnerve\n|-damage|p2a: Calyrex|88\/100|[from] Stealth Rock\n|move|p1a: WoopWoop|Earthquake|p2a: Calyrex\n|-damage|p2a: Calyrex|66\/100\n|\n|-heal|p2a: Calyrex|72\/100|[from] item: Leftovers\n|upkeep\n|turn|13\n|\n|t:|1699590649\n|move|p2a: Calyrex|Astral Barrage|p1a: WoopWoop\n|-damage|p1a: WoopWoop|7\/100\n|move|p1a: WoopWoop|Toxic|p2a: Calyrex\n|-status|p2a: Calyrex|tox\n|\n|-heal|p2a: Calyrex|78\/100 tox|[from] item: Leftovers\n|-damage|p2a: Calyrex|72\/100 tox|[from] psn\n|upkeep\n|turn|14\n|\n|t:|1699590659\n|move|p2a: Calyrex|Draining Kiss|p1a: WoopWoop\n|-damage|p1a: WoopWoop|0 fnt\n|-heal|p2a: Calyrex|78\/100 tox|[from] drain|[of] p1a: WoopWoop\n|faint|p1a: WoopWoop\n|-ability|p2a: Calyrex|Grim Neigh|boost\n|-boost|p2a: Calyrex|spa|1\n|\n|-heal|p2a: Calyrex|84\/100 tox|[from] item: Leftovers\n|-damage|p2a: Calyrex|72\/100 tox|[from] psn\n|upkeep\n|\n|t:|1699590671\n|switch|p1a: Aelita|Ninetales-Alola, F, shiny, tera:Water|86\/100\n|-damage|p1a: Aelita|74\/100|[from] Stealth Rock\n|-weather|Snow|[from] ability: Snow Warning|[of] p1a: Aelita\n|turn|15\n|\n|t:|1699590678\n|move|p2a: Calyrex|Astral Barrage|p1a: Aelita\n|-damage|p1a: Aelita|0 fnt\n|faint|p1a: Aelita\n|-ability|p2a: Calyrex|Grim Neigh|boost\n|-boost|p2a: Calyrex|spa|1\n|\n|-weather|Snow|[upkeep]\n|-heal|p2a: Calyrex|78\/100 tox|[from] item: Leftovers\n|-damage|p2a: Calyrex|59\/100 tox|[from] psn\n|upkeep\n|\n|t:|1699590691\n|switch|p1a: Neive|Chien-Pao|100\/100\n|-damage|p1a: Neive|76\/100|[from] Stealth Rock\n|-ability|p1a: Neive|Sword of Ruin\n|turn|16\n|inactive|Battle timer is ON: inactive players will automatically lose when time's up. (requested by Kayleb1718)\n|\n|t:|1699590698\n|move|p2a: Calyrex|Astral Barrage|p1a: Neive\n|-resisted|p1a: Neive\n|-damage|p1a: Neive|0 fnt\n|faint|p1a: Neive\n|-ability|p2a: Calyrex|Grim Neigh|boost\n|-boost|p2a: Calyrex|spa|1\n|\n|-weather|Snow|[upkeep]\n|-heal|p2a: Calyrex|66\/100 tox|[from] item: Leftovers\n|-damage|p2a: Calyrex|41\/100 tox|[from] psn\n|upkeep\n|-message|inpain24\/7 forfeited.\n|\n|win|Kayleb1718\n|raw|inpain24&#x2f;7's rating: 1241 &rarr; <strong>1227<\/strong><br \/>(-14 for losing)\n|raw|Kayleb1718's rating: 1412 &rarr; <strong>1423<\/strong><br \/>(+11 for winning)\n|l|\u2606inpain24\/7\n","uploadtime":1699590728,"views":4,"p1id":"inpain247","p2id":"kayleb1718","formatid":"gen9anythinggoes","rating":1227,"private":0,"password":""}