{"id":"gen9anythinggoes-1991838880","p1":"Shizuki10281028","p2":"Llenka","format":"[Gen 9] Anything Goes","log":"|j|\u2606Shizuki10281028\n|j|\u2606Llenka\n|t:|1700126335\n|gametype|singles\n|player|p1|Shizuki10281028|unknown|1310\n|player|p2|Llenka|ethan|1316\n|teamsize|p1|6\n|teamsize|p2|6\n|gen|9\n|tier|[Gen 9] Anything Goes\n|rated|\n|rule|HP Percentage Mod: HP is shown in percentages\n|rule|Endless Battle Clause: Forcing endless battles is banned\n|clearpoke\n|poke|p1|Dragonite, M|\n|poke|p1|Gholdengo|\n|poke|p1|Urshifu-*, M|\n|poke|p1|Ursaluna-Bloodmoon, M|\n|poke|p1|Ogerpon-Hearthflame, F|\n|poke|p1|Garganacl, M|\n|poke|p2|Toxapex, M|\n|poke|p2|Scovillain, F|\n|poke|p2|Espeon, M|\n|poke|p2|Blissey, F|\n|poke|p2|Alomomola, M|\n|poke|p2|Garganacl, M|\n|teampreview\n|\n|t:|1700126358\n|start\n|switch|p1a: Garganacl|Garganacl, M|100\/100\n|switch|p2a: Espeon|Espeon, M|100\/100\n|turn|1\n|\n|t:|1700126367\n|move|p2a: Espeon|Reflect|p2a: Espeon\n|-sidestart|p2: Llenka|Reflect\n|move|p1a: Garganacl|Salt Cure|p2a: Espeon\n|-damage|p2a: Espeon|91\/100\n|-start|p2a: Espeon|Salt Cure\n|\n|-damage|p2a: Espeon|78\/100|[from] Salt Cure\n|upkeep\n|turn|2\n|\n|t:|1700126374\n|move|p2a: Espeon|Light Screen|p2a: Espeon\n|-sidestart|p2: Llenka|move: Light Screen\n|move|p1a: Garganacl|Iron Defense|p1a: Garganacl\n|-boost|p1a: Garganacl|def|2\n|\n|-damage|p2a: Espeon|66\/100|[from] Salt Cure\n|upkeep\n|turn|3\n|\n|t:|1700126382\n|move|p2a: Espeon|Baton Pass|p2a: Espeon\n|\n|t:|1700126391\n|switch|p2a: Garganacl|Garganacl, M|100\/100|[from] Baton Pass\n|move|p1a: Garganacl|Iron Defense|p1a: Garganacl\n|-boost|p1a: Garganacl|def|2\n|\n|upkeep\n|turn|4\n|\n|t:|1700126398\n|move|p2a: Garganacl|Salt Cure|p1a: Garganacl\n|-damage|p1a: Garganacl|98\/100\n|-start|p1a: Garganacl|Salt Cure\n|move|p1a: Garganacl|Salt Cure|p2a: Garganacl\n|-damage|p2a: Garganacl|96\/100\n|-start|p2a: Garganacl|Salt Cure\n|\n|-heal|p1a: Garganacl|100\/100|[from] item: Leftovers\n|-heal|p2a: Garganacl|100\/100|[from] item: Leftovers\n|-damage|p1a: Garganacl|88\/100|[from] Salt Cure\n|-damage|p2a: Garganacl|88\/100|[from] Salt Cure\n|upkeep\n|turn|5\n|\n|t:|1700126419\n|switch|p2a: Toxapex|Toxapex, M|100\/100\n|move|p1a: Garganacl|Protect||[still]\n|-fail|p1a: Garganacl\n|\n|-heal|p1a: Garganacl|94\/100|[from] item: Leftovers\n|-damage|p1a: Garganacl|82\/100|[from] Salt Cure\n|-sideend|p2: Llenka|Reflect\n|upkeep\n|turn|6\n|\n|t:|1700126428\n|switch|p1a: Ursaluna|Ursaluna-Bloodmoon, M|100\/100\n|-terastallize|p2a: Toxapex|Fairy\n|move|p2a: Toxapex|Toxic Spikes|p1a: Ursaluna\n|-sidestart|p1: Shizuki10281028|move: Toxic Spikes\n|\n|-sideend|p2: Llenka|move: Light Screen\n|upkeep\n|turn|7\n|\n|t:|1700126439\n|-terastallize|p1a: Ursaluna|Normal\n|move|p1a: Ursaluna|Blood Moon|p2a: Toxapex\n|-damage|p2a: Toxapex|18\/100\n|move|p2a: Toxapex|Toxic Spikes|p1a: Ursaluna\n|-sidestart|p1: Shizuki10281028|move: Toxic Spikes\n|\n|upkeep\n|turn|8\n|inactive|Battle timer is ON: inactive players will automatically lose when time's up. (requested by Shizuki10281028)\n|\n|t:|1700126462\n|switch|p2a: Alomomola|Alomomola, M|100\/100\n|move|p1a: Ursaluna|Hyper Voice|p2a: Alomomola\n|-damage|p2a: Alomomola|19\/100\n|\n|upkeep\n|turn|9\n|\n|t:|1700126471\n|move|p2a: Alomomola|Protect|p2a: Alomomola\n|-singleturn|p2a: Alomomola|Protect\n|move|p1a: Ursaluna|Hyper Voice|p2a: Alomomola\n|-activate|p2a: Alomomola|move: Protect\n|\n|upkeep\n|turn|10\n|\n|t:|1700126479\n|switch|p2a: Garganacl|Garganacl, M|88\/100\n|move|p1a: Ursaluna|Hyper Voice|p2a: Garganacl\n|-resisted|p2a: Garganacl\n|-crit|p2a: Garganacl\n|-damage|p2a: Garganacl|46\/100\n|\n|-heal|p2a: Garganacl|52\/100|[from] item: Leftovers\n|upkeep\n|turn|11\n|\n|t:|1700126487\n|move|p1a: Ursaluna|Earth Power|p2a: Garganacl\n|-supereffective|p2a: Garganacl\n|-damage|p2a: Garganacl|0 fnt\n|faint|p2a: Garganacl\n|\n|upkeep\n|\n|t:|1700126504\n|switch|p2a: Blissey|Blissey, F|100\/100\n|turn|12\n|\n|t:|1700126511\n|move|p1a: Ursaluna|Vacuum Wave|p2a: Blissey\n|-supereffective|p2a: Blissey\n|-damage|p2a: Blissey|91\/100\n|move|p2a: Blissey|Calm Mind|p2a: Blissey\n|-boost|p2a: Blissey|spa|1\n|-boost|p2a: Blissey|spd|1\n|\n|upkeep\n|turn|13\n|\n|t:|1700126517\n|move|p1a: Ursaluna|Blood Moon|p2a: Blissey\n|-damage|p2a: Blissey|69\/100\n|move|p2a: Blissey|Stealth Rock|p1a: Ursaluna\n|-sidestart|p1: Shizuki10281028|move: Stealth Rock\n|\n|upkeep\n|turn|14\n|\n|t:|1700126525\n|move|p1a: Ursaluna|Hyper Voice|p2a: Blissey\n|-damage|p2a: Blissey|54\/100\n|move|p2a: Blissey|Calm Mind|p2a: Blissey\n|-boost|p2a: Blissey|spa|1\n|-boost|p2a: Blissey|spd|1\n|\n|upkeep\n|turn|15\n|\n|t:|1700126532\n|move|p1a: Ursaluna|Earth Power|p2a: Blissey\n|-damage|p2a: Blissey|46\/100\n|move|p2a: Blissey|Soft-Boiled|p2a: Blissey\n|-heal|p2a: Blissey|96\/100\n|\n|upkeep\n|turn|16\n|\n|t:|1700126544\n|switch|p1a: Urshifu|Urshifu-Rapid-Strike, M|100\/100\n|-status|p1a: Urshifu|tox\n|-damage|p1a: Urshifu|94\/100 tox|[from] Stealth Rock\n|move|p2a: Blissey|Seismic Toss|p1a: Urshifu\n|-damage|p1a: Urshifu|65\/100 tox\n|\n|-damage|p1a: Urshifu|59\/100 tox|[from] psn\n|upkeep\n|turn|17\n|\n|t:|1700126564\n|switch|p2a: Espeon|Espeon, M|66\/100\n|move|p1a: Urshifu|Close Combat|p2a: Espeon\n|-resisted|p2a: Espeon\n|-damage|p2a: Espeon|12\/100\n|-unboost|p1a: Urshifu|def|1\n|-unboost|p1a: Urshifu|spd|1\n|\n|-damage|p1a: Urshifu|47\/100 tox|[from] psn\n|upkeep\n|turn|18\n|\n|t:|1700126574\n|move|p1a: Urshifu|Aqua Jet|p2a: Espeon\n|-damage|p2a: Espeon|0 fnt\n|faint|p2a: Espeon\n|\n|-damage|p1a: Urshifu|28\/100 tox|[from] psn\n|upkeep\n|\n|t:|1700126579\n|switch|p2a: Scovillain|Scovillain, F|100\/100\n|turn|19\n|\n|t:|1700126587\n|move|p1a: Urshifu|Surging Strikes|p2a: Scovillain\n|-crit|p2a: Scovillain\n|-damage|p2a: Scovillain|65\/100\n|-crit|p2a: Scovillain\n|-damage|p2a: Scovillain|31\/100\n|-crit|p2a: Scovillain\n|-damage|p2a: Scovillain|0 fnt\n|faint|p2a: Scovillain\n|-hitcount|p2: Scovillain|3\n|\n|-damage|p1a: Urshifu|3\/100 tox|[from] psn\n|upkeep\n|\n|t:|1700126599\n|switch|p2a: Alomomola|Alomomola, M|53\/100\n|turn|20\n|\n|t:|1700126608\n|move|p2a: Alomomola|Protect|p2a: Alomomola\n|-singleturn|p2a: Alomomola|Protect\n|move|p1a: Urshifu|Surging Strikes|p2a: Alomomola\n|-activate|p2a: Alomomola|move: Protect\n|\n|-damage|p1a: Urshifu|0 fnt|[from] psn\n|faint|p1a: Urshifu\n|upkeep\n|\n|t:|1700126615\n|switch|p1a: Ursaluna|Ursaluna-Bloodmoon, M, tera:Normal|100\/100\n|-status|p1a: Ursaluna|tox\n|-damage|p1a: Ursaluna|88\/100 tox|[from] Stealth Rock\n|turn|21\n|\n|t:|1700126621\n|switch|p2a: Blissey|Blissey, F|96\/100\n|move|p1a: Ursaluna|Hyper Voice|p2a: Blissey\n|-damage|p2a: Blissey|75\/100\n|\n|-damage|p1a: Ursaluna|82\/100 tox|[from] psn\n|upkeep\n|turn|22\n|\n|t:|1700126628\n|move|p1a: Ursaluna|Blood Moon|p2a: Blissey\n|-damage|p2a: Blissey|43\/100\n|move|p2a: Blissey|Calm Mind|p2a: Blissey\n|-boost|p2a: Blissey|spa|1\n|-boost|p2a: Blissey|spd|1\n|\n|-damage|p1a: Ursaluna|70\/100 tox|[from] psn\n|upkeep\n|turn|23\n|\n|t:|1700126636\n|switch|p1a: Dragonite|Dragonite, M|100\/100\n|-damage|p1a: Dragonite|75\/100|[from] Stealth Rock\n|move|p2a: Blissey|Soft-Boiled|p2a: Blissey\n|-heal|p2a: Blissey|93\/100\n|\n|upkeep\n|turn|24\n|\n|t:|1700126645\n|switch|p2a: Toxapex|Toxapex, M, tera:Fairy|51\/100\n|move|p1a: Dragonite|Earthquake|p2a: Toxapex\n|-damage|p2a: Toxapex|28\/100\n|\n|upkeep\n|turn|25\n|\n|t:|1700126660\n|switch|p1a: Gholdengo|Gholdengo|100\/100\n|-damage|p1a: Gholdengo|94\/100|[from] Stealth Rock\n|switch|p2a: Alomomola|Alomomola, M|86\/100\n|\n|upkeep\n|turn|26\n|\n|t:|1700126675\n|move|p1a: Gholdengo|Trick|p2a: Alomomola\n|-activate|p1a: Gholdengo|move: Trick|[of] p2a: Alomomola\n|-item|p2a: Alomomola|Choice Scarf|[from] move: Trick\n|-item|p1a: Gholdengo|Heavy-Duty Boots|[from] move: Trick\n|move|p2a: Alomomola|Whirlpool|p1a: Gholdengo\n|-damage|p1a: Gholdengo|88\/100\n|-activate|p1a: Gholdengo|move: Whirlpool|[of] p2a: Alomomola\n|\n|-damage|p1a: Gholdengo|75\/100|[from] move: Whirlpool|[partiallytrapped]\n|upkeep\n|turn|27\n|\n|t:|1700126689\n|move|p1a: Gholdengo|Make It Rain|p2a: Alomomola\n|-resisted|p2a: Alomomola\n|-damage|p2a: Alomomola|50\/100\n|-unboost|p1a: Gholdengo|spa|1\n|move|p2a: Alomomola|Whirlpool|p1a: Gholdengo\n|-damage|p1a: Gholdengo|68\/100\n|\n|-damage|p1a: Gholdengo|56\/100|[from] move: Whirlpool|[partiallytrapped]\n|upkeep\n|turn|28\n|\n|t:|1700126714\n|switch|p1a: Ursaluna|Ursaluna-Bloodmoon, M, tera:Normal|70\/100 tox\n|-damage|p1a: Ursaluna|57\/100 tox|[from] Stealth Rock\n|switch|p2a: Blissey|Blissey, F|93\/100\n|\n|-damage|p1a: Ursaluna|51\/100 tox|[from] psn\n|upkeep\n|turn|29\n|\n|t:|1700126725\n|move|p1a: Ursaluna|Blood Moon|p2a: Blissey\n|-crit|p2a: Blissey\n|-damage|p2a: Blissey|42\/100\n|move|p2a: Blissey|Calm Mind|p2a: Blissey\n|-boost|p2a: Blissey|spa|1\n|-boost|p2a: Blissey|spd|1\n|\n|-damage|p1a: Ursaluna|39\/100 tox|[from] psn\n|upkeep\n|turn|30\n|\n|t:|1700126737\n|switch|p1a: \u79e6\u3053\u3053\u308d\u3055\u3093|Ogerpon-Hearthflame, F|100\/100\n|-status|p1a: \u79e6\u3053\u3053\u308d\u3055\u3093|tox\n|-damage|p1a: \u79e6\u3053\u3053\u308d\u3055\u3093|75\/100 tox|[from] Stealth Rock\n|-ability|p1a: \u79e6\u3053\u3053\u308d\u3055\u3093|Mold Breaker\n|move|p2a: Blissey|Soft-Boiled|p2a: Blissey\n|-heal|p2a: Blissey|92\/100\n|\n|-damage|p1a: \u79e6\u3053\u3053\u308d\u3055\u3093|69\/100 tox|[from] psn\n|upkeep\n|turn|31\n|\n|t:|1700126748\n|move|p1a: \u79e6\u3053\u3053\u308d\u3055\u3093|Horn Leech|p2a: Blissey\n|-damage|p2a: Blissey|42\/100\n|-heal|p1a: \u79e6\u3053\u3053\u308d\u3055\u3093|100\/100 tox|[from] drain|[of] p2a: Blissey\n|move|p2a: Blissey|Seismic Toss|p1a: \u79e6\u3053\u3053\u308d\u3055\u3093\n|-damage|p1a: \u79e6\u3053\u3053\u308d\u3055\u3093|73\/100 tox\n|\n|-damage|p1a: \u79e6\u3053\u3053\u308d\u3055\u3093|61\/100 tox|[from] psn\n|upkeep\n|turn|32\n|\n|t:|1700126773\n|switch|p2a: Toxapex|Toxapex, M, tera:Fairy|62\/100\n|move|p1a: \u79e6\u3053\u3053\u308d\u3055\u3093|Horn Leech|p2a: Toxapex\n|-damage|p2a: Toxapex|34\/100\n|-heal|p1a: \u79e6\u3053\u3053\u308d\u3055\u3093|72\/100 tox|[from] drain|[of] p2a: Toxapex\n|\n|-damage|p1a: \u79e6\u3053\u3053\u308d\u3055\u3093|54\/100 tox|[from] psn\n|upkeep\n|turn|33\n|\n|t:|1700126784\n|move|p1a: \u79e6\u3053\u3053\u308d\u3055\u3093|Ivy Cudgel|p2a: Toxapex|[anim] Ivy Cudgel Fire\n|-damage|p2a: Toxapex|0 fnt\n|faint|p2a: Toxapex\n|\n|-damage|p1a: \u79e6\u3053\u3053\u308d\u3055\u3093|30\/100 tox|[from] psn\n|upkeep\n|\n|t:|1700126790\n|switch|p2a: Alomomola|Alomomola, M|83\/100\n|turn|34\n|\n|t:|1700126795\n|move|p2a: Alomomola|Protect|p2a: Alomomola\n|-singleturn|p2a: Alomomola|Protect\n|move|p1a: \u79e6\u3053\u3053\u308d\u3055\u3093|Horn Leech|p2a: Alomomola\n|-activate|p2a: Alomomola|move: Protect\n|\n|-damage|p1a: \u79e6\u3053\u3053\u308d\u3055\u3093|0 fnt|[from] psn\n|faint|p1a: \u79e6\u3053\u3053\u308d\u3055\u3093\n|upkeep\n|\n|t:|1700126799\n|switch|p1a: Garganacl|Garganacl, M|82\/100\n|-status|p1a: Garganacl|tox\n|-damage|p1a: Garganacl|70\/100 tox|[from] Stealth Rock\n|turn|35\n|\n|t:|1700126813\n|switch|p1a: Dragonite|Dragonite, M|75\/100\n|-damage|p1a: Dragonite|50\/100|[from] Stealth Rock\n|move|p2a: Alomomola|Protect||[still]\n|-fail|p2a: Alomomola\n|\n|upkeep\n|turn|36\n|\n|t:|1700126819\n|move|p2a: Alomomola|Protect|p2a: Alomomola\n|-singleturn|p2a: Alomomola|Protect\n|move|p1a: Dragonite|Extreme Speed|p2a: Alomomola\n|-activate|p2a: Alomomola|move: Protect\n|\n|upkeep\n|turn|37\n|\n|t:|1700126835\n|switch|p2a: Blissey|Blissey, F|42\/100\n|move|p1a: Dragonite|Extreme Speed|p2a: Blissey\n|-damage|p2a: Blissey|7\/100\n|\n|upkeep\n|turn|38\n|\n|t:|1700126851\n|switch|p2a: Alomomola|Alomomola, M|100\/100\n|move|p1a: Dragonite|Extreme Speed|p2a: Alomomola\n|-damage|p2a: Alomomola|83\/100\n|\n|upkeep\n|turn|39\n|\n|t:|1700126859\n|move|p2a: Alomomola|Wish|p2a: Alomomola\n|move|p1a: Dragonite|Roost|p1a: Dragonite\n|-heal|p1a: Dragonite|100\/100\n|-singleturn|p1a: Dragonite|move: Roost\n|\n|upkeep\n|turn|40\n|\n|t:|1700126872\n|switch|p2a: Blissey|Blissey, F|7\/100\n|switch|p1a: Gholdengo|Gholdengo|56\/100\n|\n|-heal|p2a: Blissey|48\/100|[from] move: Wish|[wisher] Alomomola\n|upkeep\n|turn|41\n|\n|t:|1700126884\n|move|p1a: Gholdengo|Nasty Plot|p1a: Gholdengo\n|-boost|p1a: Gholdengo|spa|2\n|move|p2a: Blissey|Soft-Boiled|p2a: Blissey\n|-heal|p2a: Blissey|98\/100\n|\n|upkeep\n|turn|42\n|\n|t:|1700126897\n|switch|p2a: Alomomola|Alomomola, M|100\/100\n|move|p1a: Gholdengo|Make It Rain|p2a: Alomomola\n|-resisted|p2a: Alomomola\n|-damage|p2a: Alomomola|29\/100\n|-unboost|p1a: Gholdengo|spa|1\n|\n|upkeep\n|turn|43\n|\n|t:|1700126915\n|move|p1a: Gholdengo|Make It Rain|p2a: Alomomola\n|-resisted|p2a: Alomomola\n|-damage|p2a: Alomomola|0 fnt\n|-unboost|p1a: Gholdengo|spa|1\n|faint|p2a: Alomomola\n|\n|upkeep\n|\n|t:|1700126919\n|switch|p2a: Blissey|Blissey, F|98\/100\n|turn|44\n|\n|t:|1700126927\n|move|p1a: Gholdengo|Nasty Plot|p1a: Gholdengo\n|-boost|p1a: Gholdengo|spa|2\n|move|p2a: Blissey|Calm Mind|p2a: Blissey\n|-boost|p2a: Blissey|spa|1\n|-boost|p2a: Blissey|spd|1\n|\n|upkeep\n|turn|45\n|\n|t:|1700126932\n|move|p1a: Gholdengo|Trick|p2a: Blissey\n|-activate|p1a: Gholdengo|move: Trick|[of] p2a: Blissey\n|-item|p2a: Blissey|Heavy-Duty Boots|[from] move: Trick\n|-item|p1a: Gholdengo|Heavy-Duty Boots|[from] move: Trick\n|move|p2a: Blissey|Calm Mind|p2a: Blissey\n|-boost|p2a: Blissey|spa|1\n|-boost|p2a: Blissey|spd|1\n|\n|upkeep\n|turn|46\n|\n|t:|1700126961\n|move|p1a: Gholdengo|Make It Rain|p2a: Blissey\n|-damage|p2a: Blissey|78\/100\n|-unboost|p1a: Gholdengo|spa|1\n|move|p2a: Blissey|Calm Mind|p2a: Blissey\n|-boost|p2a: Blissey|spa|1\n|-boost|p2a: Blissey|spd|1\n|\n|upkeep\n|turn|47\n|\n|t:|1700126971\n|switch|p1a: Garganacl|Garganacl, M|70\/100 tox\n|-damage|p1a: Garganacl|57\/100 tox|[from] Stealth Rock\n|move|p2a: Blissey|Calm Mind|p2a: Blissey\n|-boost|p2a: Blissey|spa|1\n|-boost|p2a: Blissey|spd|1\n|\n|-heal|p1a: Garganacl|63\/100 tox|[from] item: Leftovers\n|-damage|p1a: Garganacl|57\/100 tox|[from] psn\n|upkeep\n|turn|48\n|\n|t:|1700126982\n|move|p2a: Blissey|Seismic Toss|p1a: Garganacl\n|-damage|p1a: Garganacl|32\/100 tox\n|move|p1a: Garganacl|Salt Cure|p2a: Blissey\n|-damage|p2a: Blissey|63\/100\n|-start|p2a: Blissey|Salt Cure\n|\n|-heal|p1a: Garganacl|39\/100 tox|[from] item: Leftovers\n|-damage|p1a: Garganacl|26\/100 tox|[from] psn\n|-damage|p2a: Blissey|51\/100|[from] Salt Cure\n|upkeep\n|turn|49\n|\n|t:|1700126996\n|move|p2a: Blissey|Soft-Boiled|p2a: Blissey\n|-heal|p2a: Blissey|100\/100\n|move|p1a: Garganacl|Recover|p1a: Garganacl\n|-heal|p1a: Garganacl|76\/100 tox\n|\n|-heal|p1a: Garganacl|82\/100 tox|[from] item: Leftovers\n|-damage|p1a: Garganacl|64\/100 tox|[from] psn\n|-damage|p2a: Blissey|88\/100|[from] Salt Cure\n|upkeep\n|turn|50\n|\n|t:|1700127009\n|move|p2a: Blissey|Seismic Toss|p1a: Garganacl\n|-damage|p1a: Garganacl|39\/100 tox\n|move|p1a: Garganacl|Recover|p1a: Garganacl\n|-heal|p1a: Garganacl|89\/100 tox\n|\n|-heal|p1a: Garganacl|95\/100 tox|[from] item: Leftovers\n|-damage|p1a: Garganacl|71\/100 tox|[from] psn\n|-damage|p2a: Blissey|76\/100|[from] Salt Cure\n|upkeep\n|turn|51\n|\n|t:|1700127024\n|move|p2a: Blissey|Seismic Toss|p1a: Garganacl\n|-damage|p1a: Garganacl|46\/100 tox\n|move|p1a: Garganacl|Recover|p1a: Garganacl\n|-heal|p1a: Garganacl|96\/100 tox\n|\n|-heal|p1a: Garganacl|100\/100 tox|[from] item: Leftovers\n|-damage|p1a: Garganacl|70\/100 tox|[from] psn\n|-damage|p2a: Blissey|63\/100|[from] Salt Cure\n|upkeep\n|turn|52\n|inactive|Llenka has 120 seconds left.\n|\n|t:|1700127051\n|move|p2a: Blissey|Seismic Toss|p1a: Garganacl\n|-damage|p1a: Garganacl|45\/100 tox\n|move|p1a: Garganacl|Recover|p1a: Garganacl\n|-heal|p1a: Garganacl|95\/100 tox\n|\n|-heal|p1a: Garganacl|100\/100 tox|[from] item: Leftovers\n|-damage|p1a: Garganacl|63\/100 tox|[from] psn\n|-damage|p2a: Blissey|51\/100|[from] Salt Cure\n|upkeep\n|turn|53\n|\n|t:|1700127069\n|move|p2a: Blissey|Seismic Toss|p1a: Garganacl\n|-damage|p1a: Garganacl|39\/100 tox\n|move|p1a: Garganacl|Recover|p1a: Garganacl\n|-heal|p1a: Garganacl|89\/100 tox\n|\n|-heal|p1a: Garganacl|95\/100 tox|[from] item: Leftovers\n|-damage|p1a: Garganacl|51\/100 tox|[from] psn\n|-damage|p2a: Blissey|38\/100|[from] Salt Cure\n|upkeep\n|turn|54\n|inactive|Shizuki10281028 has 120 seconds left.\n|\n|t:|1700127088\n|move|p2a: Blissey|Soft-Boiled|p2a: Blissey\n|-heal|p2a: Blissey|88\/100\n|move|p1a: Garganacl|Recover|p1a: Garganacl\n|-heal|p1a: Garganacl|100\/100 tox\n|\n|-damage|p1a: Garganacl|51\/100 tox|[from] psn\n|-damage|p2a: Blissey|76\/100|[from] Salt Cure\n|upkeep\n|turn|55\n|\n|t:|1700127100\n|move|p2a: Blissey|Soft-Boiled|p2a: Blissey\n|-heal|p2a: Blissey|100\/100\n|move|p1a: Garganacl|Salt Cure|p2a: Blissey\n|-damage|p2a: Blissey|85\/100\n|\n|-heal|p1a: Garganacl|57\/100 tox|[from] item: Leftovers\n|-damage|p1a: Garganacl|1\/100 tox|[from] psn\n|-damage|p2a: Blissey|73\/100|[from] Salt Cure\n|upkeep\n|turn|56\n|\n|t:|1700127109\n|move|p1a: Garganacl|Protect|p1a: Garganacl\n|-singleturn|p1a: Garganacl|Protect\n|move|p2a: Blissey|Seismic Toss|p1a: Garganacl\n|-activate|p1a: Garganacl|move: Protect\n|\n|-heal|p1a: Garganacl|8\/100 tox|[from] item: Leftovers\n|-damage|p1a: Garganacl|0 fnt|[from] psn\n|faint|p1a: Garganacl\n|-damage|p2a: Blissey|60\/100|[from] Salt Cure\n|upkeep\n|\n|t:|1700127120\n|switch|p1a: Dragonite|Dragonite, M|100\/100\n|-damage|p1a: Dragonite|75\/100|[from] Stealth Rock\n|turn|57\n|\n|t:|1700127135\n|move|p1a: Dragonite|Earthquake|p2a: Blissey\n|-damage|p2a: Blissey|20\/100\n|move|p2a: Blissey|Seismic Toss|p1a: Dragonite\n|-damage|p1a: Dragonite|49\/100\n|-damage|p2a: Blissey|3\/100|[from] item: Rocky Helmet|[of] p1a: Dragonite\n|\n|-damage|p2a: Blissey|0 fnt|[from] Salt Cure\n|faint|p2a: Blissey\n|\n|win|Shizuki10281028\n|upkeep\n|raw|Shizuki10281028's rating: 1310 &rarr; <strong>1330<\/strong><br \/>(+20 for winning)\n|raw|Llenka's rating: 1316 &rarr; <strong>1296<\/strong><br \/>(-20 for losing)\n","uploadtime":1700127143,"views":3,"p1id":"shizuki10281028","p2id":"llenka","formatid":"gen9anythinggoes","rating":1296,"private":0,"password":""}