{"id":"gen9anythinggoes-1974160286","p1":"Bluesnowflakes","p2":"Canadian lexi","format":"[Gen 9] Anything Goes","log":"|j|\u2606Bluesnowflakes\n|j|\u203dCanadian lexi\n|t:|1698063579\n|gametype|singles\n|player|p1|Bluesnowflakes|waitress|1118\n|player|p2|Canadian lexi|rocketgruntf|1091\n|teamsize|p1|6\n|teamsize|p2|6\n|gen|9\n|tier|[Gen 9] Anything Goes\n|rated|\n|rule|HP Percentage Mod: HP is shown in percentages\n|rule|Endless Battle Clause: Forcing endless battles is banned\n|clearpoke\n|poke|p1|Blissey, F|\n|poke|p1|Volcarona, M|\n|poke|p1|Basculegion, M|\n|poke|p1|Maushold-Four|\n|poke|p1|Klefki, M|\n|poke|p1|Mimikyu, F|\n|poke|p2|Eiscue, M|\n|poke|p2|Charizard, M|\n|poke|p2|Muk-Alola, F|\n|poke|p2|Maushold|\n|poke|p2|Arceus-Fairy|\n|poke|p2|Urshifu-*, M|\n|teampreview\n|inactive|Battle timer is ON: inactive players will automatically lose when time's up. (requested by Canadian lexi)\n|\n|t:|1698063592\n|start\n|switch|p1a: Blissey|Blissey, F|100\/100\n|switch|p2a: Urshifu|Urshifu-Rapid-Strike, M|100\/100\n|turn|1\n|\n|t:|1698063599\n|move|p2a: Urshifu|Surging Strikes|p1a: Blissey\n|-crit|p1a: Blissey\n|-damage|p1a: Blissey|81\/100\n|-crit|p1a: Blissey\n|-damage|p1a: Blissey|61\/100\n|-crit|p1a: Blissey\n|-damage|p1a: Blissey|42\/100\n|-hitcount|p1a: Blissey|3\n|move|p1a: Blissey|Stealth Rock|p2a: Urshifu\n|-sidestart|p2: Canadian lexi|move: Stealth Rock\n|\n|upkeep\n|turn|2\n|\n|t:|1698063608\n|move|p2a: Urshifu|Surging Strikes|p1a: Blissey\n|-crit|p1a: Blissey\n|-damage|p1a: Blissey|23\/100\n|-crit|p1a: Blissey\n|-damage|p1a: Blissey|3\/100\n|-crit|p1a: Blissey\n|-damage|p1a: Blissey|0 fnt\n|faint|p1a: Blissey\n|-hitcount|p1: Blissey|3\n|\n|upkeep\n|\n|t:|1698063619\n|switch|p1a: Maushold|Maushold-Four|100\/100\n|turn|3\n|\n|t:|1698063625\n|move|p1a: Maushold|Low Kick|p2a: Urshifu\n|-damage|p2a: Urshifu|81\/100\n|move|p2a: Urshifu|Surging Strikes|p1a: Maushold\n|-crit|p1a: Maushold\n|-damage|p1a: Maushold|70\/100\n|-crit|p1a: Maushold\n|-damage|p1a: Maushold|40\/100\n|-crit|p1a: Maushold\n|-damage|p1a: Maushold|9\/100\n|-hitcount|p1a: Maushold|3\n|\n|upkeep\n|turn|4\n|\n|t:|1698063639\n|move|p1a: Maushold|Population Bomb|p2a: Urshifu\n|-damage|p2a: Urshifu|71\/100\n|-damage|p2a: Urshifu|61\/100\n|-crit|p2a: Urshifu\n|-damage|p2a: Urshifu|47\/100\n|-damage|p2a: Urshifu|37\/100\n|-damage|p2a: Urshifu|28\/100\n|-damage|p2a: Urshifu|18\/100\n|-enditem|p2a: Urshifu|Aguav Berry|[eat]\n|-heal|p2a: Urshifu|51\/100|[from] item: Aguav Berry\n|-damage|p2a: Urshifu|42\/100\n|-damage|p2a: Urshifu|32\/100\n|-damage|p2a: Urshifu|23\/100\n|-damage|p2a: Urshifu|13\/100\n|-hitcount|p2a: Urshifu|10\n|move|p2a: Urshifu|Surging Strikes|p1a: Maushold\n|-crit|p1a: Maushold\n|-damage|p1a: Maushold|0 fnt\n|faint|p1a: Maushold\n|-hitcount|p1: Maushold|1\n|\n|upkeep\n|\n|t:|1698063654\n|switch|p1a: Basculegion|Basculegion, M|100\/100\n|turn|5\n|\n|t:|1698063659\n|move|p1a: Basculegion|Flip Turn|p2a: Urshifu\n|-resisted|p2a: Urshifu\n|-damage|p2a: Urshifu|0 fnt\n|faint|p2a: Urshifu\n|\n|t:|1698063664\n|switch|p1a: Klefki|Klefki, M|100\/100|[from] Flip Turn\n|\n|upkeep\n|\n|t:|1698063684\n|switch|p2a: Muk|Muk-Alola, F|100\/100\n|-damage|p2a: Muk|88\/100|[from] Stealth Rock\n|turn|6\n|\n|t:|1698063699\n|switch|p2a: Arceus|Arceus-Fairy|100\/100\n|-damage|p2a: Arceus|88\/100|[from] Stealth Rock\n|move|p1a: Klefki|Substitute|p1a: Klefki\n|-start|p1a: Klefki|Substitute\n|-damage|p1a: Klefki|76\/100\n|\n|-heal|p1a: Klefki|82\/100|[from] item: Leftovers\n|upkeep\n|turn|7\n|\n|t:|1698063708\n|switch|p2a: Maushold|Maushold|100\/100\n|-damage|p2a: Maushold|88\/100|[from] Stealth Rock\n|move|p1a: Klefki|Calm Mind|p1a: Klefki\n|-boost|p1a: Klefki|spa|1\n|-boost|p1a: Klefki|spd|1\n|\n|-heal|p1a: Klefki|88\/100|[from] item: Leftovers\n|upkeep\n|turn|8\n|\n|t:|1698063717\n|move|p1a: Klefki|Calm Mind|p1a: Klefki\n|-boost|p1a: Klefki|spa|1\n|-boost|p1a: Klefki|spd|1\n|move|p2a: Maushold|Population Bomb|p1a: Klefki\n|-resisted|p1a: Klefki\n|-activate|p1a: Klefki|move: Substitute|[damage]\n|-resisted|p1a: Klefki\n|-activate|p1a: Klefki|move: Substitute|[damage]\n|-resisted|p1a: Klefki\n|-activate|p1a: Klefki|move: Substitute|[damage]\n|-resisted|p1a: Klefki\n|-activate|p1a: Klefki|move: Substitute|[damage]\n|-resisted|p1a: Klefki\n|-activate|p1a: Klefki|move: Substitute|[damage]\n|-resisted|p1a: Klefki\n|-activate|p1a: Klefki|move: Substitute|[damage]\n|-resisted|p1a: Klefki\n|-end|p1a: Klefki|Substitute\n|-resisted|p1a: Klefki\n|-damage|p1a: Klefki|84\/100\n|-resisted|p1a: Klefki\n|-damage|p1a: Klefki|79\/100\n|-resisted|p1a: Klefki\n|-damage|p1a: Klefki|75\/100\n|-hitcount|p1a: Klefki|10\n|\n|-heal|p1a: Klefki|81\/100|[from] item: Leftovers\n|upkeep\n|turn|9\n|\n|t:|1698063740\n|move|p2a: Maushold|Population Bomb|p1a: Klefki\n|-resisted|p1a: Klefki\n|-damage|p1a: Klefki|78\/100\n|-hitcount|p1a: Klefki|1\n|move|p1a: Klefki|Draining Kiss|p2a: Maushold\n|-damage|p2a: Maushold|26\/100\n|-heal|p1a: Klefki|100\/100|[from] drain|[of] p2a: Maushold\n|\n|upkeep\n|turn|10\n|\n|t:|1698063749\n|move|p1a: Klefki|Calm Mind|p1a: Klefki\n|-boost|p1a: Klefki|spa|1\n|-boost|p1a: Klefki|spd|1\n|move|p2a: Maushold|Thunder Wave|p1a: Klefki\n|-status|p1a: Klefki|par\n|\n|upkeep\n|turn|11\n|inactive|Canadian lexi has 120 seconds left.\n|inactive|Canadian lexi has 90 seconds left.\n|\n|t:|1698063820\n|move|p2a: Maushold|Population Bomb|p1a: Klefki\n|-resisted|p1a: Klefki\n|-damage|p1a: Klefki|96\/100 par\n|-resisted|p1a: Klefki\n|-damage|p1a: Klefki|92\/100 par\n|-hitcount|p1a: Klefki|2\n|move|p1a: Klefki|Draining Kiss|p2a: Maushold\n|-damage|p2a: Maushold|0 fnt\n|-heal|p1a: Klefki|100\/100 par|[from] drain|[of] p2a: Maushold\n|faint|p2a: Maushold\n|\n|upkeep\n|\n|t:|1698063837\n|switch|p2a: Charizard|Charizard, M, shiny|100\/100\n|-damage|p2a: Charizard|51\/100|[from] Stealth Rock\n|turn|12\n|\n|t:|1698063847\n|move|p2a: Charizard|Fire Blast|p1a: Klefki|[miss]\n|-miss|p2a: Charizard|p1a: Klefki\n|move|p1a: Klefki|Draining Kiss|p2a: Charizard\n|-resisted|p2a: Charizard\n|-damage|p2a: Charizard|15\/100\n|-enditem|p2a: Charizard|Aguav Berry|[eat]\n|-heal|p2a: Charizard|49\/100|[from] item: Aguav Berry\n|\n|upkeep\n|turn|13\n|\n|t:|1698063852\n|move|p2a: Charizard|Fire Blast|p1a: Klefki|[miss]\n|-miss|p2a: Charizard|p1a: Klefki\n|move|p1a: Klefki|Draining Kiss|p2a: Charizard\n|-resisted|p2a: Charizard\n|-damage|p2a: Charizard|15\/100\n|\n|upkeep\n|turn|14\n|\n|t:|1698063856\n|move|p2a: Charizard|Fire Blast|p1a: Klefki\n|-supereffective|p1a: Klefki\n|-damage|p1a: Klefki|44\/100 par\n|move|p1a: Klefki|Draining Kiss|p2a: Charizard\n|-resisted|p2a: Charizard\n|-damage|p2a: Charizard|0 fnt\n|-heal|p1a: Klefki|54\/100 par|[from] drain|[of] p2a: Charizard\n|faint|p2a: Charizard\n|\n|-heal|p1a: Klefki|60\/100 par|[from] item: Leftovers\n|upkeep\n|\n|t:|1698063865\n|switch|p2a: Arceus|Arceus-Fairy|88\/100\n|-damage|p2a: Arceus|76\/100|[from] Stealth Rock\n|turn|15\n|\n|t:|1698063868\n|move|p2a: Arceus|Hurricane|p1a: Klefki|[miss]\n|-miss|p2a: Arceus|p1a: Klefki\n|move|p1a: Klefki|Flash Cannon|p2a: Arceus\n|-supereffective|p2a: Arceus\n|-damage|p2a: Arceus|0 fnt\n|faint|p2a: Arceus\n|\n|-heal|p1a: Klefki|66\/100 par|[from] item: Leftovers\n|upkeep\n|-message|Canadian lexi forfeited.\n|\n|win|Bluesnowflakes\n|raw|Bluesnowflakes's rating: 1118 &rarr; <strong>1141<\/strong><br \/>(+23 for winning)\n|raw|Canadian lexi's rating: 1091 &rarr; <strong>1069<\/strong><br \/>(-22 for losing)\n|l|\u203dCanadian lexi\n","uploadtime":1698063885,"views":7,"p1id":"bluesnowflakes","p2id":"canadianlexi","formatid":"gen9anythinggoes","rating":1069,"private":0,"password":""}