{"id":"gen9anythinggoes-1975340798","p1":"Iknowmyabc'slol","p2":"gengar--crackers","format":"[Gen 9] Anything Goes","log":"|j|\u2606Iknowmyabc'slol\n|j|\u2606gengar--crackers\n|t:|1698181360\n|gametype|singles\n|player|p1|Iknowmyabc'slol|266|1474\n|player|p2|gengar--crackers|1|1485\n|teamsize|p1|6\n|teamsize|p2|6\n|gen|9\n|tier|[Gen 9] Anything Goes\n|rated|\n|rule|HP Percentage Mod: HP is shown in percentages\n|rule|Endless Battle Clause: Forcing endless battles is banned\n|clearpoke\n|poke|p1|Arceus-Fairy|\n|poke|p1|Toxapex, F|\n|poke|p1|Ting-Lu|\n|poke|p1|Calyrex-Shadow|\n|poke|p1|Koraidon|\n|poke|p1|Arceus|\n|poke|p2|Forretress, F|\n|poke|p2|Forretress, M|\n|poke|p2|Giratina|\n|poke|p2|Giratina|\n|poke|p2|Giratina|\n|poke|p2|Giratina|\n|teampreview\n|\n|t:|1698181370\n|start\n|switch|p1a: Koraidon|Koraidon|100\/100\n|switch|p2a: Quick Boi|Forretress, M, shiny|100\/100\n|-weather|SunnyDay|[from] ability: Orichalcum Pulse|[of] p1a: Koraidon\n|-activate|p1a: Koraidon|Orichalcum Pulse|[source]\n|turn|1\n|\n|t:|1698181385\n|move|p1a: Koraidon|Flare Blitz|p2a: Quick Boi\n|-supereffective|p2a: Quick Boi\n|-ability|p2a: Quick Boi|Sturdy\n|-damage|p2a: Quick Boi|1\/100\n|-damage|p1a: Koraidon|66\/100|[from] Recoil\n|-enditem|p2a: Quick Boi|Red Card|[of] p1a: Koraidon\n|drag|p1a: Ting-Lu|Ting-Lu|100\/100\n|-ability|p1a: Ting-Lu|Vessel of Ruin\n|move|p2a: Quick Boi|Stealth Rock|p1a: Ting-Lu\n|-sidestart|p1: Iknowmyabc'slol|move: Stealth Rock\n|\n|-weather|SunnyDay|[upkeep]\n|upkeep\n|turn|2\n|\n|t:|1698181401\n|move|p2a: Quick Boi|Spikes|p1a: Ting-Lu\n|-sidestart|p1: Iknowmyabc'slol|Spikes\n|move|p1a: Ting-Lu|Ruination|p2a: Quick Boi\n|-damage|p2a: Quick Boi|0 fnt\n|faint|p2a: Quick Boi\n|\n|-weather|SunnyDay|[upkeep]\n|upkeep\n|\n|t:|1698181409\n|switch|p2a: Quick Gal|Forretress, F|100\/100\n|turn|3\n|\n|t:|1698181414\n|move|p2a: Quick Gal|Spikes|p1a: Ting-Lu\n|-sidestart|p1: Iknowmyabc'slol|Spikes\n|move|p1a: Ting-Lu|Earthquake|p2a: Quick Gal\n|-damage|p2a: Quick Gal|81\/100\n|-enditem|p2a: Quick Gal|Red Card|[of] p1a: Ting-Lu\n|drag|p1a: Arceus|Arceus|100\/100\n|\n|-weather|SunnyDay|[upkeep]\n|upkeep\n|turn|4\n|\n|t:|1698181427\n|switch|p2a: Freddy Fazbear|Giratina, shiny|100\/100\n|-ability|p2a: Freddy Fazbear|Pressure\n|move|p1a: Arceus|Swords Dance|p1a: Arceus\n|-boost|p1a: Arceus|atk|2\n|\n|-weather|SunnyDay|[upkeep]\n|upkeep\n|turn|5\n|\n|t:|1698181441\n|move|p1a: Arceus|Shadow Claw|p2a: Freddy Fazbear\n|-supereffective|p2a: Freddy Fazbear\n|-damage|p2a: Freddy Fazbear|43\/100\n|move|p2a: Freddy Fazbear|Dragon Tail|p1a: Arceus\n|-damage|p1a: Arceus|81\/100\n|drag|p1a: Ting-Lu|Ting-Lu|100\/100\n|-damage|p1a: Ting-Lu|94\/100|[from] Stealth Rock\n|-damage|p1a: Ting-Lu|78\/100|[from] Spikes\n|-ability|p1a: Ting-Lu|Vessel of Ruin\n|\n|-weather|none\n|-heal|p2a: Freddy Fazbear|49\/100|[from] item: Leftovers\n|-heal|p1a: Ting-Lu|84\/100|[from] item: Leftovers\n|upkeep\n|turn|6\n|\n|t:|1698181454\n|move|p2a: Freddy Fazbear|Protect|p2a: Freddy Fazbear\n|-singleturn|p2a: Freddy Fazbear|Protect\n|move|p1a: Ting-Lu|Ruination|p2a: Freddy Fazbear\n|-activate|p2a: Freddy Fazbear|move: Protect\n|\n|-heal|p2a: Freddy Fazbear|55\/100|[from] item: Leftovers\n|-heal|p1a: Ting-Lu|90\/100|[from] item: Leftovers\n|upkeep\n|turn|7\n|\n|t:|1698181468\n|move|p2a: Freddy Fazbear|Dragon Tail|p1a: Ting-Lu\n|-damage|p1a: Ting-Lu|75\/100\n|drag|p1a: Koraidon|Koraidon|66\/100\n|-damage|p1a: Koraidon|60\/100|[from] Stealth Rock\n|-damage|p1a: Koraidon|44\/100|[from] Spikes\n|-weather|SunnyDay|[from] ability: Orichalcum Pulse|[of] p1a: Koraidon\n|-activate|p1a: Koraidon|Orichalcum Pulse|[source]\n|\n|-weather|SunnyDay|[upkeep]\n|-heal|p2a: Freddy Fazbear|61\/100|[from] item: Leftovers\n|upkeep\n|turn|8\n|\n|t:|1698181489\n|move|p2a: Freddy Fazbear|Protect|p2a: Freddy Fazbear\n|-singleturn|p2a: Freddy Fazbear|Protect\n|move|p1a: Koraidon|Outrage|p2a: Freddy Fazbear\n|-activate|p2a: Freddy Fazbear|move: Protect\n|\n|-weather|SunnyDay|[upkeep]\n|-heal|p2a: Freddy Fazbear|68\/100|[from] item: Leftovers\n|upkeep\n|turn|9\n|\n|t:|1698181508\n|switch|p2a: Quick Gal|Forretress, F|81\/100\n|move|p1a: Koraidon|Outrage|p2a: Quick Gal\n|-resisted|p2a: Quick Gal\n|-damage|p2a: Quick Gal|58\/100\n|\n|-weather|SunnyDay|[upkeep]\n|upkeep\n|turn|10\n|\n|t:|1698181519\n|move|p1a: Koraidon|Outrage|p2a: Quick Gal|[from]lockedmove\n|-resisted|p2a: Quick Gal\n|-damage|p2a: Quick Gal|32\/100\n|move|p2a: Quick Gal|Spikes|p1a: Koraidon\n|-sidestart|p1: Iknowmyabc'slol|Spikes\n|\n|-weather|SunnyDay|[upkeep]\n|upkeep\n|turn|11\n|\n|t:|1698181534\n|move|p1a: Koraidon|Outrage|p2a: Quick Gal|[from]lockedmove\n|-resisted|p2a: Quick Gal\n|-damage|p2a: Quick Gal|8\/100\n|-start|p1a: Koraidon|confusion|[fatigue]\n|move|p2a: Quick Gal|Toxic Spikes|p1a: Koraidon\n|-sidestart|p1: Iknowmyabc'slol|move: Toxic Spikes\n|\n|-weather|none\n|upkeep\n|turn|12\n|\n|t:|1698181546\n|switch|p2a: Freddy Fazbear|Giratina, shiny|68\/100\n|-ability|p2a: Freddy Fazbear|Pressure\n|-activate|p1a: Koraidon|confusion\n|move|p1a: Koraidon|Outrage|p2a: Freddy Fazbear\n|-supereffective|p2a: Freddy Fazbear\n|-damage|p2a: Freddy Fazbear|0 fnt\n|faint|p2a: Freddy Fazbear\n|\n|upkeep\n|\n|t:|1698181556\n|switch|p2a: Family Guy|Giratina|100\/100\n|-ability|p2a: Family Guy|Pressure\n|turn|13\n|\n|t:|1698181566\n|-terastallize|p2a: Family Guy|Ghost\n|-activate|p1a: Koraidon|confusion\n|-damage|p1a: Koraidon|32\/100|[from] confusion\n|move|p2a: Family Guy|Dragon Tail|p1a: Koraidon\n|-supereffective|p1a: Koraidon\n|-damage|p1a: Koraidon|0 fnt\n|faint|p1a: Koraidon\n|\n|upkeep\n|\n|t:|1698181582\n|switch|p1a: Calyrex|Calyrex-Shadow|100\/100\n|-ability|p1a: Calyrex|As One\n|-ability|p1a: Calyrex|Unnerve\n|turn|14\n|\n|t:|1698181591\n|move|p2a: Family Guy|Protect|p2a: Family Guy\n|-singleturn|p2a: Family Guy|Protect\n|move|p1a: Calyrex|Astral Barrage|p2a: Family Guy\n|-activate|p2a: Family Guy|move: Protect\n|\n|upkeep\n|turn|15\n|\n|t:|1698181600\n|move|p2a: Family Guy|Shadow Sneak|p1a: Calyrex\n|-supereffective|p1a: Calyrex\n|-damage|p1a: Calyrex|16\/100\n|move|p1a: Calyrex|Astral Barrage|p2a: Family Guy\n|-supereffective|p2a: Family Guy\n|-damage|p2a: Family Guy|39\/100\n|\n|-heal|p2a: Family Guy|46\/100|[from] item: Leftovers\n|upkeep\n|turn|16\n|\n|t:|1698181628\n|switch|p1a: Arceus|Arceus|81\/100\n|move|p2a: Family Guy|Protect||[still]\n|-fail|p2a: Family Guy\n|\n|-heal|p2a: Family Guy|52\/100|[from] item: Leftovers\n|upkeep\n|turn|17\n|\n|t:|1698181639\n|move|p1a: Arceus|Swords Dance|p1a: Arceus\n|-boost|p1a: Arceus|atk|2\n|move|p2a: Family Guy|Dragon Tail|p1a: Arceus\n|-damage|p1a: Arceus|68\/100\n|drag|p1a: Arceus|Arceus-Fairy|100\/100\n|-damage|p1a: Arceus|88\/100|[from] Stealth Rock\n|-damage|p1a: Arceus|63\/100|[from] Spikes\n|-status|p1a: Arceus|psn\n|\n|-heal|p2a: Family Guy|58\/100|[from] item: Leftovers\n|-damage|p1a: Arceus|51\/100 psn|[from] psn\n|upkeep\n|turn|18\n|\n|t:|1698181659\n|move|p2a: Family Guy|Shadow Sneak|p1a: Arceus\n|-damage|p1a: Arceus|40\/100 psn\n|move|p1a: Arceus|Judgment|p2a: Family Guy\n|-damage|p2a: Family Guy|38\/100\n|\n|-heal|p2a: Family Guy|44\/100|[from] item: Leftovers\n|-damage|p1a: Arceus|28\/100 psn|[from] psn\n|upkeep\n|turn|19\n|\n|t:|1698181675\n|switch|p2a: Quick Gal|Forretress, F|8\/100\n|move|p1a: Arceus|Recover|p1a: Arceus\n|-heal|p1a: Arceus|78\/100 psn\n|\n|-damage|p1a: Arceus|66\/100 psn|[from] psn\n|upkeep\n|turn|20\n|\n|t:|1698181689\n|switch|p2a: Big Chungus|Giratina|100\/100\n|-ability|p2a: Big Chungus|Pressure\n|move|p1a: Arceus|Judgment|p2a: Big Chungus\n|-supereffective|p2a: Big Chungus\n|-damage|p2a: Big Chungus|58\/100\n|\n|-heal|p2a: Big Chungus|64\/100|[from] item: Leftovers\n|-damage|p1a: Arceus|53\/100 psn|[from] psn\n|upkeep\n|turn|21\n|\n|t:|1698181702\n|move|p2a: Big Chungus|Protect|p2a: Big Chungus\n|-singleturn|p2a: Big Chungus|Protect\n|move|p1a: Arceus|Recover|p1a: Arceus\n|-heal|p1a: Arceus|100\/100 psn\n|\n|-heal|p2a: Big Chungus|70\/100|[from] item: Leftovers\n|-damage|p1a: Arceus|88\/100 psn|[from] psn\n|upkeep\n|turn|22\n|\n|t:|1698181711\n|switch|p2a: Quick Gal|Forretress, F|8\/100\n|move|p1a: Arceus|Judgment|p2a: Quick Gal\n|-resisted|p2a: Quick Gal\n|-damage|p2a: Quick Gal|0 fnt\n|faint|p2a: Quick Gal\n|\n|-damage|p1a: Arceus|76\/100 psn|[from] psn\n|upkeep\n|\n|t:|1698181719\n|switch|p2a: Big Chungus|Giratina|70\/100\n|-ability|p2a: Big Chungus|Pressure\n|turn|23\n|\n|t:|1698181725\n|move|p2a: Big Chungus|Protect|p2a: Big Chungus\n|-singleturn|p2a: Big Chungus|Protect\n|move|p1a: Arceus|Recover|p1a: Arceus\n|-heal|p1a: Arceus|100\/100 psn\n|\n|-heal|p2a: Big Chungus|76\/100|[from] item: Leftovers\n|-damage|p1a: Arceus|88\/100 psn|[from] psn\n|upkeep\n|turn|24\n|\n|t:|1698181742\n|move|p1a: Arceus|Judgment|p2a: Big Chungus\n|-supereffective|p2a: Big Chungus\n|-crit|p2a: Big Chungus\n|-damage|p2a: Big Chungus|15\/100\n|move|p2a: Big Chungus|Roar|p1a: Arceus\n|drag|p1a: Ting-Lu|Ting-Lu|75\/100\n|-damage|p1a: Ting-Lu|69\/100|[from] Stealth Rock\n|-damage|p1a: Ting-Lu|44\/100|[from] Spikes\n|-status|p1a: Ting-Lu|psn\n|-ability|p1a: Ting-Lu|Vessel of Ruin\n|\n|-heal|p2a: Big Chungus|22\/100|[from] item: Leftovers\n|-heal|p1a: Ting-Lu|50\/100 psn|[from] item: Leftovers\n|-damage|p1a: Ting-Lu|38\/100 psn|[from] psn\n|upkeep\n|turn|25\n|\n|t:|1698181764\n|move|p2a: Big Chungus|Protect|p2a: Big Chungus\n|-singleturn|p2a: Big Chungus|Protect\n|move|p1a: Ting-Lu|Ruination|p2a: Big Chungus\n|-activate|p2a: Big Chungus|move: Protect\n|\n|-heal|p2a: Big Chungus|28\/100|[from] item: Leftovers\n|-heal|p1a: Ting-Lu|44\/100 psn|[from] item: Leftovers\n|-damage|p1a: Ting-Lu|32\/100 psn|[from] psn\n|upkeep\n|turn|26\n|\n|t:|1698181778\n|move|p1a: Ting-Lu|Ruination|p2a: Big Chungus\n|-damage|p2a: Big Chungus|14\/100\n|move|p2a: Big Chungus|Dragon Tail|p1a: Ting-Lu|[miss]\n|-miss|p2a: Big Chungus|p1a: Ting-Lu\n|\n|-heal|p2a: Big Chungus|20\/100|[from] item: Leftovers\n|-heal|p1a: Ting-Lu|38\/100 psn|[from] item: Leftovers\n|-damage|p1a: Ting-Lu|26\/100 psn|[from] psn\n|upkeep\n|turn|27\n|\n|t:|1698181789\n|move|p2a: Big Chungus|Rest|p2a: Big Chungus\n|-status|p2a: Big Chungus|slp|[from] move: Rest\n|-heal|p2a: Big Chungus|100\/100 slp|[silent]\n|move|p1a: Ting-Lu|Ruination|p2a: Big Chungus\n|-damage|p2a: Big Chungus|50\/100 slp\n|\n|-heal|p2a: Big Chungus|57\/100 slp|[from] item: Leftovers\n|-heal|p1a: Ting-Lu|32\/100 psn|[from] item: Leftovers\n|-damage|p1a: Ting-Lu|19\/100 psn|[from] psn\n|upkeep\n|turn|28\n|\n|t:|1698181808\n|cant|p2a: Big Chungus|slp\n|move|p1a: Ting-Lu|Ruination|p2a: Big Chungus\n|-damage|p2a: Big Chungus|29\/100 slp\n|\n|-heal|p2a: Big Chungus|35\/100 slp|[from] item: Leftovers\n|-heal|p1a: Ting-Lu|26\/100 psn|[from] item: Leftovers\n|-damage|p1a: Ting-Lu|13\/100 psn|[from] psn\n|upkeep\n|turn|29\n|\n|t:|1698181822\n|cant|p2a: Big Chungus|slp\n|move|p1a: Ting-Lu|Ruination|p2a: Big Chungus\n|-damage|p2a: Big Chungus|18\/100 slp\n|\n|-heal|p2a: Big Chungus|24\/100 slp|[from] item: Leftovers\n|-heal|p1a: Ting-Lu|19\/100 psn|[from] item: Leftovers\n|-damage|p1a: Ting-Lu|7\/100 psn|[from] psn\n|upkeep\n|turn|30\n|\n|t:|1698181836\n|-curestatus|p2a: Big Chungus|slp|[msg]\n|move|p2a: Big Chungus|Rest|p2a: Big Chungus\n|-status|p2a: Big Chungus|slp|[from] move: Rest\n|-heal|p2a: Big Chungus|100\/100 slp|[silent]\n|move|p1a: Ting-Lu|Whirlwind|p2a: Big Chungus\n|drag|p2a: Family Guy|Giratina, tera:Ghost|44\/100\n|-ability|p2a: Family Guy|Pressure\n|\n|-heal|p2a: Family Guy|50\/100|[from] item: Leftovers\n|-heal|p1a: Ting-Lu|13\/100 psn|[from] item: Leftovers\n|-damage|p1a: Ting-Lu|1\/100 psn|[from] psn\n|upkeep\n|turn|31\n|\n|t:|1698181858\n|move|p2a: Family Guy|Protect|p2a: Family Guy\n|-singleturn|p2a: Family Guy|Protect\n|move|p1a: Ting-Lu|Spikes|p2a: Family Guy\n|-sidestart|p2: gengar--crackers|Spikes\n|\n|-heal|p2a: Family Guy|56\/100|[from] item: Leftovers\n|-heal|p1a: Ting-Lu|7\/100 psn|[from] item: Leftovers\n|-damage|p1a: Ting-Lu|0 fnt|[from] psn\n|faint|p1a: Ting-Lu\n|upkeep\n|\n|t:|1698181877\n|switch|p1a: Arceus|Arceus|68\/100\n|turn|32\n|\n|t:|1698181886\n|move|p1a: Arceus|Shadow Claw|p2a: Family Guy\n|-supereffective|p2a: Family Guy\n|-damage|p2a: Family Guy|26\/100\n|move|p2a: Family Guy|Dragon Tail|p1a: Arceus\n|-damage|p1a: Arceus|54\/100\n|drag|p1a: Arceus|Arceus-Fairy|88\/100 psn\n|-damage|p1a: Arceus|76\/100 psn|[from] Stealth Rock\n|-damage|p1a: Arceus|51\/100 psn|[from] Spikes\n|\n|-heal|p2a: Family Guy|32\/100|[from] item: Leftovers\n|-damage|p1a: Arceus|38\/100 psn|[from] psn\n|upkeep\n|turn|33\n|\n|t:|1698181900\n|move|p1a: Arceus|Recover|p1a: Arceus\n|-heal|p1a: Arceus|89\/100 psn\n|move|p2a: Family Guy|Rest|p2a: Family Guy\n|-status|p2a: Family Guy|slp|[from] move: Rest\n|-heal|p2a: Family Guy|100\/100 slp|[silent]\n|\n|-damage|p1a: Arceus|76\/100 psn|[from] psn\n|upkeep\n|turn|34\n|\n|t:|1698181918\n|cant|p2a: Family Guy|slp\n|move|p1a: Arceus|Judgment|p2a: Family Guy\n|-damage|p2a: Family Guy|78\/100 slp\n|\n|-heal|p2a: Family Guy|84\/100 slp|[from] item: Leftovers\n|-damage|p1a: Arceus|64\/100 psn|[from] psn\n|upkeep\n|turn|35\n|\n|t:|1698181932\n|cant|p2a: Family Guy|slp\n|move|p1a: Arceus|Judgment|p2a: Family Guy\n|-damage|p2a: Family Guy|65\/100 slp\n|\n|-heal|p2a: Family Guy|71\/100 slp|[from] item: Leftovers\n|-damage|p1a: Arceus|51\/100 psn|[from] psn\n|upkeep\n|turn|36\n|\n|t:|1698181945\n|-curestatus|p2a: Family Guy|slp|[msg]\n|move|p2a: Family Guy|Protect|p2a: Family Guy\n|-singleturn|p2a: Family Guy|Protect\n|move|p1a: Arceus|Taunt|p2a: Family Guy\n|-activate|p2a: Family Guy|move: Protect\n|\n|-heal|p2a: Family Guy|77\/100|[from] item: Leftovers\n|-damage|p1a: Arceus|39\/100 psn|[from] psn\n|upkeep\n|turn|37\n|\n|t:|1698181956\n|move|p2a: Family Guy|Shadow Sneak|p1a: Arceus\n|-damage|p1a: Arceus|29\/100 psn\n|move|p1a: Arceus|Recover|p1a: Arceus\n|-heal|p1a: Arceus|79\/100 psn\n|\n|-heal|p2a: Family Guy|83\/100|[from] item: Leftovers\n|-damage|p1a: Arceus|67\/100 psn|[from] psn\n|upkeep\n|turn|38\n|\n|t:|1698181965\n|move|p2a: Family Guy|Shadow Sneak|p1a: Arceus\n|-damage|p1a: Arceus|56\/100 psn\n|move|p1a: Arceus|Taunt|p2a: Family Guy\n|-start|p2a: Family Guy|move: Taunt\n|\n|-heal|p2a: Family Guy|89\/100|[from] item: Leftovers\n|-damage|p1a: Arceus|44\/100 psn|[from] psn\n|upkeep\n|turn|39\n|\n|t:|1698181991\n|move|p1a: Arceus|Judgment|p2a: Family Guy\n|-damage|p2a: Family Guy|69\/100\n|move|p2a: Family Guy|Dragon Tail|p1a: Arceus\n|-immune|p1a: Arceus\n|\n|-heal|p2a: Family Guy|75\/100|[from] item: Leftovers\n|-damage|p1a: Arceus|31\/100 psn|[from] psn\n|upkeep\n|turn|40\n|\n|t:|1698182020\n|move|p2a: Family Guy|Shadow Sneak|p1a: Arceus\n|-damage|p1a: Arceus|21\/100 psn\n|move|p1a: Arceus|Recover|p1a: Arceus\n|-heal|p1a: Arceus|72\/100 psn\n|\n|-heal|p2a: Family Guy|81\/100|[from] item: Leftovers\n|-damage|p1a: Arceus|59\/100 psn|[from] psn\n|upkeep\n|turn|41\n|\n|t:|1698182036\n|move|p1a: Arceus|Recover|p1a: Arceus\n|-heal|p1a: Arceus|100\/100 psn\n|move|p2a: Family Guy|Dragon Tail|p1a: Arceus\n|-immune|p1a: Arceus\n|\n|-heal|p2a: Family Guy|87\/100|[from] item: Leftovers\n|-damage|p1a: Arceus|88\/100 psn|[from] psn\n|-end|p2a: Family Guy|move: Taunt\n|upkeep\n|turn|42\n|\n|t:|1698182055\n|move|p2a: Family Guy|Shadow Sneak|p1a: Arceus\n|-damage|p1a: Arceus|78\/100 psn\n|move|p1a: Arceus|Judgment|p2a: Family Guy\n|-damage|p2a: Family Guy|68\/100\n|\n|-heal|p2a: Family Guy|74\/100|[from] item: Leftovers\n|-damage|p1a: Arceus|66\/100 psn|[from] psn\n|upkeep\n|turn|43\n|\n|t:|1698182073\n|move|p2a: Family Guy|Shadow Sneak|p1a: Arceus\n|-damage|p1a: Arceus|56\/100 psn\n|move|p1a: Arceus|Taunt|p2a: Family Guy\n|-start|p2a: Family Guy|move: Taunt\n|\n|-heal|p2a: Family Guy|80\/100|[from] item: Leftovers\n|-damage|p1a: Arceus|43\/100 psn|[from] psn\n|upkeep\n|turn|44\n|\n|t:|1698182090\n|switch|p1a: Arceus|Arceus|54\/100\n|move|p2a: Family Guy|Shadow Sneak|p1a: Arceus\n|-immune|p1a: Arceus\n|\n|-heal|p2a: Family Guy|87\/100|[from] item: Leftovers\n|upkeep\n|turn|45\n|\n|t:|1698182112\n|move|p1a: Arceus|Shadow Claw|p2a: Family Guy\n|-supereffective|p2a: Family Guy\n|-crit|p2a: Family Guy\n|-damage|p2a: Family Guy|42\/100\n|move|p2a: Family Guy|Dragon Tail|p1a: Arceus\n|-damage|p1a: Arceus|40\/100\n|drag|p1a: Calyrex|Calyrex-Shadow|16\/100\n|-ability|p1a: Calyrex|As One\n|-ability|p1a: Calyrex|Unnerve\n|\n|-heal|p2a: Family Guy|48\/100|[from] item: Leftovers\n|upkeep\n|turn|46\n|\n|t:|1698182127\n|switch|p1a: Arceus|Arceus|40\/100\n|move|p2a: Family Guy|Shadow Sneak|p1a: Arceus\n|-immune|p1a: Arceus\n|\n|-heal|p2a: Family Guy|54\/100|[from] item: Leftovers\n|-end|p2a: Family Guy|move: Taunt\n|upkeep\n|turn|47\n|\n|t:|1698182139\n|move|p1a: Arceus|Recover|p1a: Arceus\n|-heal|p1a: Arceus|90\/100\n|move|p2a: Family Guy|Dragon Tail|p1a: Arceus\n|-damage|p1a: Arceus|75\/100\n|drag|p1a: Toxapex|Toxapex, F|100\/100\n|-damage|p1a: Toxapex|88\/100|[from] Stealth Rock\n|-damage|p1a: Toxapex|64\/100|[from] Spikes\n|-sideend|p1: Iknowmyabc'slol|move: Toxic Spikes|[of] p1a: Toxapex\n|\n|-heal|p2a: Family Guy|61\/100|[from] item: Leftovers\n|upkeep\n|turn|48\n|\n|t:|1698182153\n|switch|p2a: Tony Soprano|Giratina|100\/100\n|-damage|p2a: Tony Soprano|88\/100|[from] Spikes\n|-ability|p2a: Tony Soprano|Pressure\n|move|p1a: Toxapex|Toxic Spikes|p2a: Tony Soprano\n|-sidestart|p2: gengar--crackers|move: Toxic Spikes\n|\n|-heal|p2a: Tony Soprano|94\/100|[from] item: Leftovers\n|upkeep\n|turn|49\n|\n|t:|1698182165\n|move|p2a: Tony Soprano|Earthquake|p1a: Toxapex\n|-supereffective|p1a: Toxapex\n|-damage|p1a: Toxapex|37\/100\n|move|p1a: Toxapex|Recover|p1a: Toxapex\n|-heal|p1a: Toxapex|87\/100\n|\n|-heal|p2a: Tony Soprano|99\/100|[from] item: Leftovers\n|upkeep\n|turn|50\n|\n|t:|1698182177\n|move|p2a: Tony Soprano|Earthquake|p1a: Toxapex\n|-supereffective|p1a: Toxapex\n|-damage|p1a: Toxapex|57\/100\n|move|p1a: Toxapex|Recover|p1a: Toxapex\n|-heal|p1a: Toxapex|100\/100\n|\n|-heal|p2a: Tony Soprano|100\/100|[from] item: Leftovers\n|upkeep\n|turn|51\n|\n|t:|1698182188\n|move|p2a: Tony Soprano|Earthquake|p1a: Toxapex\n|-supereffective|p1a: Toxapex\n|-damage|p1a: Toxapex|71\/100\n|move|p1a: Toxapex|Toxic Spikes|p2a: Tony Soprano\n|-sidestart|p2: gengar--crackers|move: Toxic Spikes\n|\n|upkeep\n|turn|52\n|\n|t:|1698182197\n|move|p1a: Toxapex|Baneful Bunker|p1a: Toxapex\n|-singleturn|p1a: Toxapex|move: Protect\n|move|p2a: Tony Soprano|Dragon Tail|p1a: Toxapex\n|-activate|p1a: Toxapex|move: Protect\n|-status|p2a: Tony Soprano|psn\n|\n|-damage|p2a: Tony Soprano|88\/100 psn|[from] psn\n|upkeep\n|turn|53\n|\n|t:|1698182213\n|move|p2a: Tony Soprano|Earthquake|p1a: Toxapex\n|-supereffective|p1a: Toxapex\n|-damage|p1a: Toxapex|40\/100\n|move|p1a: Toxapex|Recover|p1a: Toxapex\n|-heal|p1a: Toxapex|91\/100\n|\n|-heal|p2a: Tony Soprano|94\/100 psn|[from] item: Leftovers\n|-damage|p2a: Tony Soprano|82\/100 psn|[from] psn\n|upkeep\n|turn|54\n|\n|t:|1698182228\n|move|p1a: Toxapex|Baneful Bunker|p1a: Toxapex\n|-singleturn|p1a: Toxapex|move: Protect\n|move|p2a: Tony Soprano|Rest|p2a: Tony Soprano\n|-status|p2a: Tony Soprano|slp|[from] move: Rest\n|-heal|p2a: Tony Soprano|100\/100 slp|[silent]\n|\n|upkeep\n|turn|55\n|\n|t:|1698182240\n|switch|p1a: Calyrex|Calyrex-Shadow|16\/100\n|-ability|p1a: Calyrex|As One\n|-ability|p1a: Calyrex|Unnerve\n|cant|p2a: Tony Soprano|slp\n|\n|upkeep\n|turn|56\n|\n|t:|1698182257\n|cant|p2a: Tony Soprano|slp\n|move|p1a: Calyrex|Astral Barrage|p2a: Tony Soprano\n|-supereffective|p2a: Tony Soprano\n|-damage|p2a: Tony Soprano|33\/100 slp\n|\n|-heal|p2a: Tony Soprano|40\/100 slp|[from] item: Leftovers\n|upkeep\n|turn|57\n|\n|t:|1698182267\n|-curestatus|p2a: Tony Soprano|slp|[msg]\n|move|p2a: Tony Soprano|Protect|p2a: Tony Soprano\n|-singleturn|p2a: Tony Soprano|Protect\n|move|p1a: Calyrex|Astral Barrage|p2a: Tony Soprano\n|-activate|p2a: Tony Soprano|move: Protect\n|\n|-heal|p2a: Tony Soprano|46\/100|[from] item: Leftovers\n|upkeep\n|turn|58\n|\n|t:|1698182286\n|move|p1a: Calyrex|Grass Knot|p2a: Tony Soprano\n|-resisted|p2a: Tony Soprano\n|-damage|p2a: Tony Soprano|35\/100\n|move|p2a: Tony Soprano|Earthquake|p1a: Calyrex\n|-damage|p1a: Calyrex|0 fnt\n|faint|p1a: Calyrex\n|\n|-heal|p2a: Tony Soprano|41\/100|[from] item: Leftovers\n|upkeep\n|c|\u2606Iknowmyabc'slol|!dt pressure\n|raw|<ul class=\"utilichart\"><li class=\"result\"><span class=\"col namecol\"><a href=\"https:\/\/dex.pokemonshowdown.com\/abilities\/pressure\">Pressure<\/a><\/span> <span class=\"col abilitydesccol\">If this Pokemon is the target of a foe's move, that move loses one additional PP.<\/span> <\/li><li style=\"clear:both\"><\/li><\/ul>\n|raw|<font size=\"1\"><font color=\"#686868\">Gen:<\/font> 3<\/font>\n\n|\n|t:|1698182307\n|switch|p1a: Arceus|Arceus|75\/100\n|turn|59\n|\n|t:|1698182313\n|move|p1a: Arceus|Shadow Claw|p2a: Tony Soprano\n|-supereffective|p2a: Tony Soprano\n|-damage|p2a: Tony Soprano|11\/100\n|move|p2a: Tony Soprano|Dragon Tail|p1a: Arceus\n|-damage|p1a: Arceus|61\/100\n|drag|p1a: Arceus|Arceus-Fairy|43\/100 psn\n|-damage|p1a: Arceus|31\/100 psn|[from] Stealth Rock\n|-damage|p1a: Arceus|6\/100 psn|[from] Spikes\n|\n|-heal|p2a: Tony Soprano|17\/100|[from] item: Leftovers\n|-damage|p1a: Arceus|0 fnt|[from] psn\n|faint|p1a: Arceus\n|upkeep\n|\n|t:|1698182329\n|switch|p1a: Arceus|Arceus|61\/100\n|turn|60\n|\n|t:|1698182334\n|move|p2a: Tony Soprano|Protect|p2a: Tony Soprano\n|-singleturn|p2a: Tony Soprano|Protect\n|move|p1a: Arceus|Shadow Claw|p2a: Tony Soprano\n|-activate|p2a: Tony Soprano|move: Protect\n|\n|-heal|p2a: Tony Soprano|23\/100|[from] item: Leftovers\n|upkeep\n|turn|61\n|\n|t:|1698182344\n|move|p2a: Tony Soprano|Protect|p2a: Tony Soprano\n|-singleturn|p2a: Tony Soprano|Protect\n|move|p1a: Arceus|Shadow Claw|p2a: Tony Soprano\n|-activate|p2a: Tony Soprano|move: Protect\n|\n|-heal|p2a: Tony Soprano|29\/100|[from] item: Leftovers\n|upkeep\n|turn|62\n|\n|t:|1698182354\n|move|p1a: Arceus|Shadow Claw|p2a: Tony Soprano\n|-supereffective|p2a: Tony Soprano\n|-damage|p2a: Tony Soprano|0 fnt\n|faint|p2a: Tony Soprano\n|\n|upkeep\n|\n|t:|1698182359\n|switch|p2a: Big Chungus|Giratina|100\/100 slp\n|-damage|p2a: Big Chungus|88\/100 slp|[from] Spikes\n|-ability|p2a: Big Chungus|Pressure\n|turn|63\n|\n|t:|1698182373\n|cant|p2a: Big Chungus|slp\n|move|p1a: Arceus|Swords Dance|p1a: Arceus\n|-boost|p1a: Arceus|atk|2\n|\n|-heal|p2a: Big Chungus|94\/100 slp|[from] item: Leftovers\n|upkeep\n|turn|64\n|\n|t:|1698182384\n|cant|p2a: Big Chungus|slp\n|move|p1a: Arceus|Shadow Claw|p2a: Big Chungus\n|-supereffective|p2a: Big Chungus\n|-damage|p2a: Big Chungus|35\/100 slp\n|\n|-heal|p2a: Big Chungus|42\/100 slp|[from] item: Leftovers\n|upkeep\n|turn|65\n|\n|t:|1698182394\n|-curestatus|p2a: Big Chungus|slp|[msg]\n|move|p2a: Big Chungus|Protect|p2a: Big Chungus\n|-singleturn|p2a: Big Chungus|Protect\n|move|p1a: Arceus|Shadow Claw|p2a: Big Chungus\n|-activate|p2a: Big Chungus|move: Protect\n|\n|-heal|p2a: Big Chungus|48\/100|[from] item: Leftovers\n|upkeep\n|turn|66\n|\n|t:|1698182406\n|move|p2a: Big Chungus|Protect||[still]\n|-fail|p2a: Big Chungus\n|move|p1a: Arceus|Shadow Claw|p2a: Big Chungus\n|-supereffective|p2a: Big Chungus\n|-damage|p2a: Big Chungus|0 fnt\n|faint|p2a: Big Chungus\n|\n|upkeep\n|\n|t:|1698182412\n|switch|p2a: Family Guy|Giratina, tera:Ghost|61\/100\n|-damage|p2a: Family Guy|48\/100|[from] Spikes\n|-status|p2a: Family Guy|tox\n|-ability|p2a: Family Guy|Pressure\n|turn|67\n|\n|t:|1698182422\n|move|p1a: Arceus|Shadow Claw|p2a: Family Guy\n|-supereffective|p2a: Family Guy\n|-damage|p2a: Family Guy|0 fnt\n|faint|p2a: Family Guy\n|\n|win|Iknowmyabc'slol\n|raw|Iknowmyabc&apos;slol's rating: 1474 &rarr; <strong>1495<\/strong><br \/>(+21 for winning)\n|raw|gengar--crackers's rating: 1485 &rarr; <strong>1464<\/strong><br \/>(-21 for losing)\n","uploadtime":1698182433,"views":5,"p1id":"iknowmyabcslol","p2id":"gengarcrackers","formatid":"gen9anythinggoes","rating":1464,"private":0,"password":""}