{"id":"gen9anythinggoes-1995717931","p1":"BigE123","p2":"ivgiivciu","format":"[Gen 9] Anything Goes","log":"|j|\u2606BigE123\n|j|\u2606ivgiivciu\n|t:|1700596688\n|gametype|singles\n|player|p1|BigE123|265|1081\n|player|p2|ivgiivciu|266|1000\n|teamsize|p1|2\n|teamsize|p2|2\n|gen|9\n|tier|[Gen 9] Anything Goes\n|rated|\n|rule|HP Percentage Mod: HP is shown in percentages\n|rule|Endless Battle Clause: Forcing endless battles is banned\n|clearpoke\n|poke|p1|Wo-Chien|\n|poke|p1|Drifblim, F|\n|poke|p2|Giratina-Origin|\n|poke|p2|Dudunsparce-*, M|\n|teampreview\n|inactive|Battle timer is ON: inactive players will automatically lose when time's up. (requested by ivgiivciu)\n|c|\u2606BigE123|well\n|\n|t:|1700596695\n|start\n|switch|p1a: Drifblim|Drifblim, F, shiny|100\/100\n|switch|p2a: Dudunsparce|Dudunsparce-Three-Segment, M, shiny|100\/100\n|turn|1\n|\n|t:|1700596703\n|move|p1a: Drifblim|Stockpile|p1a: Drifblim\n|-start|p1a: Drifblim|stockpile1\n|-boost|p1a: Drifblim|def|1\n|-boost|p1a: Drifblim|spd|1\n|move|p2a: Dudunsparce|Yawn|p1a: Drifblim\n|-start|p1a: Drifblim|move: Yawn|[of] p2a: Dudunsparce\n|\n|upkeep\n|turn|2\n|\n|t:|1700596710\n|move|p1a: Drifblim|Stockpile|p1a: Drifblim\n|-start|p1a: Drifblim|stockpile2\n|-boost|p1a: Drifblim|def|1\n|-boost|p1a: Drifblim|spd|1\n|move|p2a: Dudunsparce|Agility|p2a: Dudunsparce\n|-boost|p2a: Dudunsparce|spe|2\n|\n|-end|p1a: Drifblim|move: Yawn|[silent]\n|-status|p1a: Drifblim|slp\n|upkeep\n|turn|3\n|\n|t:|1700596721\n|move|p2a: Dudunsparce|Calm Mind|p2a: Dudunsparce\n|-boost|p2a: Dudunsparce|spa|1\n|-boost|p2a: Dudunsparce|spd|1\n|cant|p1a: Drifblim|slp\n|\n|upkeep\n|turn|4\n|\n|t:|1700596728\n|move|p2a: Dudunsparce|Calm Mind|p2a: Dudunsparce\n|-boost|p2a: Dudunsparce|spa|1\n|-boost|p2a: Dudunsparce|spd|1\n|-curestatus|p1a: Drifblim|slp|[msg]\n|move|p1a: Drifblim|Stockpile|p1a: Drifblim\n|-start|p1a: Drifblim|stockpile3\n|-boost|p1a: Drifblim|def|1\n|-boost|p1a: Drifblim|spd|1\n|\n|upkeep\n|turn|5\n|\n|t:|1700596737\n|move|p2a: Dudunsparce|Yawn|p1a: Drifblim\n|-start|p1a: Drifblim|move: Yawn|[of] p2a: Dudunsparce\n|move|p1a: Drifblim|Will-O-Wisp|p2a: Dudunsparce\n|-status|p2a: Dudunsparce|brn\n|\n|-damage|p2a: Dudunsparce|94\/100 brn|[from] brn\n|upkeep\n|turn|6\n|\n|t:|1700596746\n|move|p2a: Dudunsparce|Calm Mind|p2a: Dudunsparce\n|-boost|p2a: Dudunsparce|spa|1\n|-boost|p2a: Dudunsparce|spd|1\n|move|p1a: Drifblim|Knock Off|p2a: Dudunsparce\n|-damage|p2a: Dudunsparce|81\/100 brn\n|-ability|p2a: Dudunsparce|Rattled|boost\n|-boost|p2a: Dudunsparce|spe|1\n|-enditem|p2a: Dudunsparce|Focus Sash|[from] move: Knock Off|[of] p1a: Drifblim\n|\n|-damage|p2a: Dudunsparce|75\/100 brn|[from] brn\n|-end|p1a: Drifblim|move: Yawn|[silent]\n|-status|p1a: Drifblim|slp\n|upkeep\n|turn|7\n|\n|t:|1700596759\n|move|p2a: Dudunsparce|Baton Pass|p2a: Dudunsparce\n|\n|t:|1700596760\n|switch|p2a: Giratina|Giratina-Origin, shiny|100\/100|[from] Baton Pass\n|cant|p1a: Drifblim|slp\n|\n|upkeep\n|turn|8\n|\n|t:|1700596771\n|move|p2a: Giratina|Shadow Ball|p1a: Drifblim\n|-supereffective|p1a: Drifblim\n|-damage|p1a: Drifblim|31\/100 slp\n|-curestatus|p1a: Drifblim|slp|[msg]\n|move|p1a: Drifblim|Baton Pass|p1a: Drifblim\n|\n|t:|1700596777\n|switch|p1a: Wo-Chien|Wo-Chien|100\/100|[from] Baton Pass\n|-ability|p1a: Wo-Chien|Tablets of Ruin\n|\n|upkeep\n|turn|9\n|\n|t:|1700596786\n|-terastallize|p2a: Giratina|Electric\n|-terastallize|p1a: Wo-Chien|Dark\n|move|p2a: Giratina|Dragon Pulse|p1a: Wo-Chien\n|-damage|p1a: Wo-Chien|73\/100\n|move|p1a: Wo-Chien|Ingrain|p1a: Wo-Chien\n|-start|p1a: Wo-Chien|move: Ingrain\n|\n|-heal|p1a: Wo-Chien|79\/100|[from] item: Leftovers\n|-heal|p1a: Wo-Chien|85\/100|[from] Ingrain\n|upkeep\n|turn|10\n|\n|t:|1700596801\n|move|p2a: Giratina|Calm Mind|p2a: Giratina\n|-boost|p2a: Giratina|spa|1\n|-boost|p2a: Giratina|spd|1\n|move|p1a: Wo-Chien|Leech Seed|p2a: Giratina\n|-start|p2a: Giratina|move: Leech Seed\n|\n|-heal|p1a: Wo-Chien|91\/100|[from] item: Leftovers\n|-heal|p1a: Wo-Chien|98\/100|[from] Ingrain\n|-damage|p2a: Giratina|88\/100|[from] Leech Seed|[of] p1a: Wo-Chien\n|-heal|p1a: Wo-Chien|100\/100|[silent]\n|upkeep\n|turn|11\n|\n|t:|1700596811\n|move|p2a: Giratina|Calm Mind|p2a: Giratina\n|-boost|p2a: Giratina|spa|1\n|-boost|p2a: Giratina|spd|1\n|move|p1a: Wo-Chien|Giga Drain|p2a: Giratina\n|-damage|p2a: Giratina|83\/100\n|\n|-damage|p2a: Giratina|70\/100|[from] Leech Seed|[of] p1a: Wo-Chien\n|upkeep\n|turn|12\n|\n|t:|1700596819\n|move|p1a: Wo-Chien|Protect|p1a: Wo-Chien\n|-singleturn|p1a: Wo-Chien|Protect\n|move|p2a: Giratina|Calm Mind|p2a: Giratina\n|-boost|p2a: Giratina|spa|1\n|-boost|p2a: Giratina|spd|1\n|\n|-damage|p2a: Giratina|58\/100|[from] Leech Seed|[of] p1a: Wo-Chien\n|upkeep\n|turn|13\n|\n|t:|1700596828\n|move|p2a: Giratina|Dragon Pulse|p1a: Wo-Chien\n|-damage|p1a: Wo-Chien|51\/100\n|move|p1a: Wo-Chien|Giga Drain|p2a: Giratina\n|-damage|p2a: Giratina|53\/100\n|-heal|p1a: Wo-Chien|54\/100|[from] drain|[of] p2a: Giratina\n|\n|-heal|p1a: Wo-Chien|60\/100|[from] item: Leftovers\n|-heal|p1a: Wo-Chien|66\/100|[from] Ingrain\n|-damage|p2a: Giratina|41\/100|[from] Leech Seed|[of] p1a: Wo-Chien\n|-heal|p1a: Wo-Chien|81\/100|[silent]\n|upkeep\n|turn|14\n|\n|t:|1700596839\n|move|p1a: Wo-Chien|Protect|p1a: Wo-Chien\n|-singleturn|p1a: Wo-Chien|Protect\n|move|p2a: Giratina|Dragon Pulse|p1a: Wo-Chien\n|-activate|p1a: Wo-Chien|move: Protect\n|\n|-heal|p1a: Wo-Chien|87\/100|[from] item: Leftovers\n|-heal|p1a: Wo-Chien|93\/100|[from] Ingrain\n|-damage|p2a: Giratina|28\/100|[from] Leech Seed|[of] p1a: Wo-Chien\n|-heal|p1a: Wo-Chien|100\/100|[silent]\n|upkeep\n|turn|15\n|\n|t:|1700596851\n|move|p2a: Giratina|Dragon Pulse|p1a: Wo-Chien\n|-damage|p1a: Wo-Chien|56\/100\n|move|p1a: Wo-Chien|Giga Drain|p2a: Giratina\n|-damage|p2a: Giratina|23\/100\n|-heal|p1a: Wo-Chien|59\/100|[from] drain|[of] p2a: Giratina\n|\n|-heal|p1a: Wo-Chien|65\/100|[from] item: Leftovers\n|-heal|p1a: Wo-Chien|71\/100|[from] Ingrain\n|-damage|p2a: Giratina|11\/100|[from] Leech Seed|[of] p1a: Wo-Chien\n|-heal|p1a: Wo-Chien|86\/100|[silent]\n|upkeep\n|turn|16\n|\n|t:|1700596863\n|move|p1a: Wo-Chien|Protect|p1a: Wo-Chien\n|-singleturn|p1a: Wo-Chien|Protect\n|move|p2a: Giratina|Dragon Pulse|p1a: Wo-Chien\n|-activate|p1a: Wo-Chien|move: Protect\n|\n|-heal|p1a: Wo-Chien|92\/100|[from] item: Leftovers\n|-heal|p1a: Wo-Chien|98\/100|[from] Ingrain\n|-damage|p2a: Giratina|0 fnt|[from] Leech Seed|[of] p1a: Wo-Chien\n|-heal|p1a: Wo-Chien|100\/100|[silent]\n|faint|p2a: Giratina\n|upkeep\n|-message|ivgiivciu forfeited.\n|\n|win|BigE123\n|raw|BigE123's rating: 1081 &rarr; <strong>1102<\/strong><br \/>(+21 for winning)\n|raw|ivgiivciu's rating: 1000 &rarr; <strong>1000<\/strong><br \/>(+0 for losing)\n|l|\u2606ivgiivciu\n","uploadtime":1700596937,"views":1,"p1id":"bige123","p2id":"ivgiivciu","formatid":"gen9anythinggoes","rating":1000,"private":0,"password":""}