{"id":"gen9anythinggoes-1986366168","p1":"TreBucet","p2":"Pyro929","format":"[Gen 9] Anything Goes","log":"|j|\u2606TreBucet\n|j|\u2606Pyro929\n|t:|1699472778\n|gametype|singles\n|player|p1|TreBucet|grimsley|1124\n|player|p2|Pyro929|pokemonrangerf-gen4|1035\n|teamsize|p1|6\n|teamsize|p2|6\n|gen|9\n|tier|[Gen 9] Anything Goes\n|rated|\n|rule|HP Percentage Mod: HP is shown in percentages\n|rule|Endless Battle Clause: Forcing endless battles is banned\n|clearpoke\n|poke|p1|Houndstone, M|\n|poke|p1|Tyranitar, F|\n|poke|p1|Glimmora, M|\n|poke|p1|Flutter Mane|\n|poke|p1|Eternatus|\n|poke|p1|Zoroark, M|\n|poke|p2|Dragonite, M|\n|poke|p2|Volcarona, F|\n|poke|p2|Kingambit, M|\n|poke|p2|Torterra, M|\n|poke|p2|Regieleki|\n|poke|p2|Glimmora, M|\n|teampreview\n|\n|t:|1699472785\n|start\n|switch|p1a: funny rock|Glimmora, M|100\/100\n|switch|p2a: Torterra|Torterra, M|100\/100\n|turn|1\n|\n|t:|1699472790\n|move|p1a: funny rock|Mortal Spin|p2a: Torterra\n|-damage|p2a: Torterra|93\/100\n|-status|p2a: Torterra|psn\n|-damage|p1a: funny rock|90\/100|[from] item: Life Orb\n|move|p2a: Torterra|Earthquake|p1a: funny rock\n|-supereffective|p1a: funny rock\n|-damage|p1a: funny rock|0 fnt\n|-activate|p1a: funny rock|ability: Toxic Debris\n|-sidestart|p2: Pyro929|move: Toxic Spikes\n|faint|p1a: funny rock\n|\n|-damage|p2a: Torterra|80\/100 psn|[from] psn\n|upkeep\n|\n|t:|1699472802\n|switch|p1a: the hound|Houndstone, M|100\/100\n|turn|2\n|\n|t:|1699472805\n|move|p1a: the hound|Flamethrower|p2a: Torterra\n|-supereffective|p2a: Torterra\n|-damage|p2a: Torterra|32\/100 psn\n|move|p2a: Torterra|Crunch|p1a: the hound\n|-resisted|p1a: the hound\n|-damage|p1a: the hound|80\/100\n|-unboost|p1a: the hound|def|1\n|replace|p1a: uh oh|Zoroark, M\n|-end|p1a: uh oh|Illusion\n|\n|-damage|p2a: Torterra|19\/100 psn|[from] psn\n|upkeep\n|turn|3\n|\n|t:|1699472819\n|move|p1a: uh oh|Flamethrower|p2a: Torterra\n|-supereffective|p2a: Torterra\n|-damage|p2a: Torterra|0 fnt\n|faint|p2a: Torterra\n|\n|upkeep\n|\n|t:|1699472826\n|switch|p2a: Glimmora|Glimmora, M|100\/100\n|-item|p2a: Glimmora|Air Balloon\n|turn|4\n|\n|t:|1699472835\n|move|p1a: uh oh|Flamethrower|p2a: Glimmora\n|-resisted|p2a: Glimmora\n|-damage|p2a: Glimmora|86\/100\n|-enditem|p2a: Glimmora|Air Balloon\n|move|p2a: Glimmora|Power Gem|p1a: uh oh\n|-damage|p1a: uh oh|10\/100\n|\n|upkeep\n|turn|5\n|\n|t:|1699472845\n|move|p2a: Glimmora|Sludge Bomb|p1a: uh oh\n|-damage|p1a: uh oh|0 fnt\n|faint|p1a: uh oh\n|\n|upkeep\n|\n|t:|1699472850\n|switch|p1a: hehe|Flutter Mane|100\/100\n|turn|6\n|\n|t:|1699472856\n|move|p1a: hehe|Poltergeist||[still]\n|-fail|p1a: hehe\n|move|p2a: Glimmora|Sludge Bomb|p1a: hehe\n|-damage|p1a: hehe|58\/100\n|-status|p1a: hehe|psn\n|\n|-damage|p1a: hehe|46\/100 psn|[from] psn\n|upkeep\n|turn|7\n|\n|t:|1699472867\n|move|p1a: hehe|Moonblast|p2a: Glimmora\n|-resisted|p2a: Glimmora\n|-damage|p2a: Glimmora|59\/100\n|move|p2a: Glimmora|Power Gem|p1a: hehe\n|-damage|p1a: hehe|9\/100 psn\n|\n|-damage|p1a: hehe|0 fnt|[from] psn\n|faint|p1a: hehe\n|-end|p1a: hehe|Protosynthesis|[silent]\n|upkeep\n|\n|t:|1699472875\n|switch|p1a: big man|Tyranitar, F|100\/100\n|-weather|Sandstorm|[from] ability: Sand Stream|[of] p1a: big man\n|turn|8\n|\n|t:|1699472881\n|move|p2a: Glimmora|Power Gem|p1a: big man\n|-damage|p1a: big man|72\/100\n|move|p1a: big man|Earthquake|p2a: Glimmora\n|-supereffective|p2a: Glimmora\n|-damage|p2a: Glimmora|0 fnt\n|-activate|p2a: Glimmora|ability: Toxic Debris\n|-sidestart|p1: TreBucet|move: Toxic Spikes\n|faint|p2a: Glimmora\n|\n|-weather|Sandstorm|[upkeep]\n|-heal|p1a: big man|79\/100|[from] item: Leftovers\n|upkeep\n|\n|t:|1699472893\n|switch|p2a: Kingambit|Kingambit, M|100\/100\n|-activate|p2a: Kingambit|ability: Supreme Overlord\n|-start|p2a: Kingambit|fallen2|[silent]\n|turn|9\n|inactive|Battle timer is ON: inactive players will automatically lose when time's up. (requested by TreBucet)\n|\n|t:|1699472900\n|switch|p1a: Eternatus|Eternatus|100\/100\n|-sideend|p1: TreBucet|move: Toxic Spikes|[of] p1a: Eternatus\n|-ability|p1a: Eternatus|Pressure\n|move|p2a: Kingambit|Brick Break|p1a: Eternatus\n|-resisted|p1a: Eternatus\n|-crit|p1a: Eternatus\n|-damage|p1a: Eternatus|75\/100\n|-damage|p2a: Kingambit|91\/100|[from] item: Life Orb\n|\n|-weather|Sandstorm|[upkeep]\n|-damage|p1a: Eternatus|69\/100|[from] Sandstorm\n|-heal|p1a: Eternatus|75\/100|[from] item: Black Sludge\n|upkeep\n|turn|10\n|\n|t:|1699472915\n|move|p1a: Eternatus|Fire Blast|p2a: Kingambit|[miss]\n|-miss|p1a: Eternatus|p2a: Kingambit\n|move|p2a: Kingambit|Swords Dance|p2a: Kingambit\n|-boost|p2a: Kingambit|atk|2\n|\n|-weather|Sandstorm|[upkeep]\n|-damage|p1a: Eternatus|69\/100|[from] Sandstorm\n|-heal|p1a: Eternatus|75\/100|[from] item: Black Sludge\n|upkeep\n|turn|11\n|\n|t:|1699472927\n|-terastallize|p2a: Kingambit|Fighting\n|move|p1a: Eternatus|Fire Blast|p2a: Kingambit\n|-damage|p2a: Kingambit|46\/100\n|move|p2a: Kingambit|Kowtow Cleave|p1a: Eternatus\n|-damage|p1a: Eternatus|0 fnt\n|faint|p1a: Eternatus\n|-damage|p2a: Kingambit|36\/100|[from] item: Life Orb\n|\n|-weather|Sandstorm|[upkeep]\n|-damage|p2a: Kingambit|30\/100|[from] Sandstorm\n|upkeep\n|\n|t:|1699472939\n|switch|p1a: big man|Tyranitar, F|79\/100\n|turn|12\n|\n|t:|1699472945\n|move|p1a: big man|Brick Break|p2a: Kingambit\n|-damage|p2a: Kingambit|7\/100\n|move|p2a: Kingambit|Brick Break|p1a: big man\n|-supereffective|p1a: big man\n|-damage|p1a: big man|0 fnt\n|faint|p1a: big man\n|-damage|p2a: Kingambit|0 fnt|[from] item: Life Orb\n|faint|p2a: Kingambit\n|-end|p2a: Kingambit|fallen2|[silent]\n|\n|-weather|none\n|upkeep\n|\n|t:|1699472957\n|switch|p1a: the hound|Houndstone, M|100\/100\n|switch|p2a: Dragonite|Dragonite, M|100\/100\n|turn|13\n|\n|t:|1699472965\n|-terastallize|p1a: the hound|Normal\n|move|p1a: the hound|Last Respects|p2a: Dragonite\n|-damage|p2a: Dragonite|34\/100\n|move|p2a: Dragonite|Earthquake|p1a: the hound\n|-damage|p1a: the hound|56\/100\n|\n|upkeep\n|turn|14\n|\n|t:|1699472974\n|move|p1a: the hound|Last Respects|p2a: Dragonite\n|-damage|p2a: Dragonite|0 fnt\n|faint|p2a: Dragonite\n|\n|upkeep\n|\n|t:|1699472983\n|switch|p2a: Regieleki|Regieleki|100\/100\n|-status|p2a: Regieleki|psn\n|turn|15\n|\n|t:|1699472988\n|move|p2a: Regieleki|Thunder Cage|p1a: the hound\n|-damage|p1a: the hound|12\/100\n|-activate|p1a: the hound|move: Thunder Cage|[of] p2a: Regieleki\n|move|p1a: the hound|Last Respects|p2a: Regieleki\n|-enditem|p2a: Regieleki|Focus Sash\n|-damage|p2a: Regieleki|1\/100 psn\n|\n|-damage|p2a: Regieleki|0 fnt|[from] psn\n|faint|p2a: Regieleki\n|-end|p1a: the hound|Thunder Cage|[partiallytrapped]|[silent]\n|upkeep\n|\n|t:|1699472998\n|switch|p2a: Volcarona|Volcarona, F|100\/100\n|-status|p2a: Volcarona|psn\n|turn|16\n|\n|t:|1699473003\n|move|p1a: the hound|Last Respects|p2a: Volcarona\n|-damage|p2a: Volcarona|0 fnt\n|faint|p2a: Volcarona\n|\n|win|TreBucet\n|raw|TreBucet's rating: 1124 &rarr; <strong>1143<\/strong><br \/>(+19 for winning)\n|raw|Pyro929's rating: 1035 &rarr; <strong>1024<\/strong><br \/>(-11 for losing)\n","uploadtime":1699473009,"views":4,"p1id":"trebucet","p2id":"pyro929","formatid":"gen9anythinggoes","rating":1024,"private":0,"password":""}