{"id":"gen9anythinggoes-1983900940","p1":"Novalalexal","p2":"Conorq1","format":"[Gen 9] Anything Goes","log":"|j|\u2606Novalalexal\n|j|\u2606Conorq1\n|t:|1699197896\n|gametype|singles\n|player|p1|Novalalexal|102|1076\n|player|p2|Conorq1|266|1081\n|teamsize|p1|6\n|teamsize|p2|6\n|gen|9\n|tier|[Gen 9] Anything Goes\n|rated|\n|rule|HP Percentage Mod: HP is shown in percentages\n|rule|Endless Battle Clause: Forcing endless battles is banned\n|clearpoke\n|poke|p1|Gliscor, M|\n|poke|p1|Vikavolt, F|\n|poke|p1|Ariados, F|\n|poke|p1|Yanmega, F|\n|poke|p1|Arbok, F|\n|poke|p1|Mimikyu, M|\n|poke|p2|Calyrex-Ice|\n|poke|p2|Avalugg-Hisui, M|\n|poke|p2|Iron Hands|\n|poke|p2|Rayquaza|\n|poke|p2|Glastrier|\n|poke|p2|Flareon, F|\n|teampreview\n|\n|t:|1699197936\n|start\n|switch|p1a: Ariados|Ariados, F, shiny|100\/100\n|switch|p2a: Flareon|Flareon, F|100\/100\n|turn|1\n|inactive|Battle timer is ON: inactive players will automatically lose when time's up. (requested by Conorq1)\n|\n|t:|1699197956\n|-terastallize|p2a: Flareon|Fire\n|move|p1a: Ariados|Toxic Thread|p2a: Flareon\n|-unboost|p2a: Flareon|spe|1\n|-status|p2a: Flareon|psn\n|move|p2a: Flareon|Fire Blast|p1a: Ariados\n|-supereffective|p1a: Ariados\n|-enditem|p1a: Ariados|Focus Sash\n|-damage|p1a: Ariados|1\/100\n|\n|-damage|p2a: Flareon|88\/100 psn|[from] psn\n|upkeep\n|turn|2\n|\n|t:|1699197969\n|move|p1a: Ariados|Sticky Web|p2a: Flareon\n|-sidestart|p2: Conorq1|move: Sticky Web\n|move|p2a: Flareon|Bite|p1a: Ariados\n|-damage|p1a: Ariados|0 fnt\n|faint|p1a: Ariados\n|\n|-heal|p2a: Flareon|94\/100 psn|[from] item: Leftovers\n|-damage|p2a: Flareon|82\/100 psn|[from] psn\n|upkeep\n|\n|t:|1699197989\n|switch|p1a: Arbok|Arbok, F, shiny|100\/100\n|-ability|p1a: Arbok|Intimidate|boost\n|-unboost|p2a: Flareon|atk|1\n|-item|p1a: Arbok|Air Balloon\n|turn|3\n|\n|t:|1699197999\n|move|p1a: Arbok|Coil|p1a: Arbok\n|-boost|p1a: Arbok|atk|1\n|-boost|p1a: Arbok|def|1\n|-boost|p1a: Arbok|accuracy|1\n|move|p2a: Flareon|Fire Blast|p1a: Arbok\n|-damage|p1a: Arbok|0 fnt\n|-enditem|p1a: Arbok|Air Balloon\n|faint|p1a: Arbok\n|\n|-heal|p2a: Flareon|88\/100 psn|[from] item: Leftovers\n|-damage|p2a: Flareon|76\/100 psn|[from] psn\n|upkeep\n|\n|t:|1699198015\n|switch|p1a: Mimikyu|Mimikyu, M, shiny|100\/100\n|turn|4\n|\n|t:|1699198037\n|move|p1a: Mimikyu|Swords Dance|p1a: Mimikyu\n|-boost|p1a: Mimikyu|atk|2\n|move|p2a: Flareon|Fire Blast|p1a: Mimikyu\n|-activate|p1a: Mimikyu|ability: Disguise\n|-damage|p1a: Mimikyu|100\/100\n|detailschange|p1a: Mimikyu|Mimikyu-Busted, M, shiny\n|-damage|p1a: Mimikyu|88\/100|[from] pokemon: Mimikyu-Busted\n|\n|-heal|p2a: Flareon|82\/100 psn|[from] item: Leftovers\n|-damage|p2a: Flareon|69\/100 psn|[from] psn\n|upkeep\n|turn|5\n|\n|t:|1699198056\n|move|p1a: Mimikyu|Play Rough|p2a: Flareon\n|-resisted|p2a: Flareon\n|-damage|p2a: Flareon|0 fnt\n|faint|p2a: Flareon\n|-damage|p1a: Mimikyu|78\/100|[from] item: Life Orb\n|\n|upkeep\n|\n|t:|1699198060\n|switch|p2a: Avalugg|Avalugg-Hisui, M|100\/100\n|-activate|p2a: Avalugg|move: Sticky Web\n|-unboost|p2a: Avalugg|spe|1\n|turn|6\n|\n|t:|1699198066\n|move|p1a: Mimikyu|Drain Punch|p2a: Avalugg\n|-supereffective|p2a: Avalugg\n|-damage|p2a: Avalugg|0 fnt\n|-heal|p1a: Mimikyu|100\/100|[from] drain|[of] p2a: Avalugg\n|faint|p2a: Avalugg\n|-damage|p1a: Mimikyu|91\/100|[from] item: Life Orb\n|\n|upkeep\n|\n|t:|1699198070\n|switch|p2a: Iron Hands|Iron Hands|100\/100\n|-activate|p2a: Iron Hands|move: Sticky Web\n|-unboost|p2a: Iron Hands|spe|1\n|turn|7\n|\n|t:|1699198077\n|move|p1a: Mimikyu|Play Rough|p2a: Iron Hands\n|-supereffective|p2a: Iron Hands\n|-damage|p2a: Iron Hands|0 fnt\n|faint|p2a: Iron Hands\n|-end|p2a: Iron Hands|Quark Drive|[silent]\n|-damage|p1a: Mimikyu|81\/100|[from] item: Life Orb\n|\n|upkeep\n|\n|t:|1699198082\n|switch|p2a: Rayquaza|Rayquaza|100\/100\n|-ability|p2a: Rayquaza|Air Lock\n|turn|8\n|\n|t:|1699198092\n|move|p1a: Mimikyu|Play Rough|p2a: Rayquaza\n|-supereffective|p2a: Rayquaza\n|-damage|p2a: Rayquaza|0 fnt\n|faint|p2a: Rayquaza\n|-damage|p1a: Mimikyu|71\/100|[from] item: Life Orb\n|\n|upkeep\n|\n|t:|1699198097\n|switch|p2a: Glastrier|Glastrier|100\/100\n|-activate|p2a: Glastrier|move: Sticky Web\n|-unboost|p2a: Glastrier|spe|1\n|turn|9\n|\n|t:|1699198102\n|move|p1a: Mimikyu|Drain Punch|p2a: Glastrier\n|-supereffective|p2a: Glastrier\n|-damage|p2a: Glastrier|25\/100\n|-heal|p1a: Mimikyu|100\/100|[from] drain|[of] p2a: Glastrier\n|-damage|p1a: Mimikyu|91\/100|[from] item: Life Orb\n|move|p2a: Glastrier|High Horsepower|p1a: Mimikyu\n|-damage|p1a: Mimikyu|29\/100\n|\n|-heal|p2a: Glastrier|31\/100|[from] item: Leftovers\n|upkeep\n|turn|10\n|\n|t:|1699198113\n|move|p1a: Mimikyu|Drain Punch|p2a: Glastrier\n|-supereffective|p2a: Glastrier\n|-damage|p2a: Glastrier|0 fnt\n|-heal|p1a: Mimikyu|54\/100|[from] drain|[of] p2a: Glastrier\n|faint|p2a: Glastrier\n|-damage|p1a: Mimikyu|44\/100|[from] item: Life Orb\n|\n|upkeep\n|\n|t:|1699198116\n|switch|p2a: Calyrex|Calyrex-Ice|100\/100\n|-ability|p2a: Calyrex|As One\n|-ability|p2a: Calyrex|Unnerve\n|-activate|p2a: Calyrex|move: Sticky Web\n|-unboost|p2a: Calyrex|spe|1\n|turn|11\n|\n|t:|1699198131\n|move|p1a: Mimikyu|Drain Punch|p2a: Calyrex\n|-damage|p2a: Calyrex|67\/100\n|-heal|p1a: Mimikyu|71\/100|[from] drain|[of] p2a: Calyrex\n|-damage|p1a: Mimikyu|61\/100|[from] item: Life Orb\n|move|p2a: Calyrex|Heavy Slam|p1a: Mimikyu\n|-supereffective|p1a: Mimikyu\n|-damage|p1a: Mimikyu|0 fnt\n|faint|p1a: Mimikyu\n|-ability|p2a: Calyrex|Chilling Neigh|boost\n|-boost|p2a: Calyrex|atk|1\n|\n|upkeep\n|\n|t:|1699198150\n|switch|p1a: Yanmega|Yanmega, F, shiny|100\/100\n|turn|12\n|\n|t:|1699198156\n|move|p1a: Yanmega|Ancient Power|p2a: Calyrex\n|-supereffective|p2a: Calyrex\n|-damage|p2a: Calyrex|42\/100\n|move|p2a: Calyrex|Heavy Slam|p1a: Yanmega\n|-damage|p1a: Yanmega|0 fnt\n|faint|p1a: Yanmega\n|-ability|p2a: Calyrex|Chilling Neigh|boost\n|-boost|p2a: Calyrex|atk|1\n|\n|upkeep\n|\n|t:|1699198167\n|switch|p1a: Vikavolt|Vikavolt, F, shiny|100\/100\n|turn|13\n|\n|t:|1699198172\n|move|p1a: Vikavolt|Volt Switch|p2a: Calyrex\n|-damage|p2a: Calyrex|7\/100\n|\n|t:|1699198176\n|switch|p1a: Gliscor|Gliscor, M, shiny|100\/100|[from] Volt Switch\n|move|p2a: Calyrex|Heavy Slam|p1a: Gliscor\n|-damage|p1a: Gliscor|3\/100\n|\n|-status|p1a: Gliscor|tox|[from] item: Toxic Orb\n|upkeep\n|turn|14\n|\n|t:|1699198188\n|-terastallize|p1a: Gliscor|Normal\n|move|p1a: Gliscor|Facade|p2a: Calyrex\n|-damage|p2a: Calyrex|0 fnt\n|faint|p2a: Calyrex\n|\n|win|Novalalexal\n|raw|Novalalexal's rating: 1076 &rarr; <strong>1105<\/strong><br \/>(+29 for winning)\n|raw|Conorq1's rating: 1081 &rarr; <strong>1059<\/strong><br \/>(-22 for losing)\n|l|\u2606Conorq1\n","uploadtime":1699198219,"views":3,"p1id":"novalalexal","p2id":"conorq1","formatid":"gen9anythinggoes","rating":1059,"private":0,"password":""}