{"id":"gen9anythinggoes-1977319992","p1":"Bippleman3000","p2":"Sargenbob","format":"[Gen 9] Anything Goes","log":"|j|\u203dBippleman3000\n|j|\u2606Sargenbob\n|t:|1698404569\n|gametype|singles\n|player|p1|Bippleman3000|dancer|1088\n|player|p2|Sargenbob|red|1204\n|teamsize|p1|6\n|teamsize|p2|6\n|gen|9\n|tier|[Gen 9] Anything Goes\n|rated|\n|rule|HP Percentage Mod: HP is shown in percentages\n|rule|Endless Battle Clause: Forcing endless battles is banned\n|clearpoke\n|poke|p1|Eternatus|\n|poke|p1|Maushold-Four|\n|poke|p1|Zacian-*|\n|poke|p1|Calyrex-Ice|\n|poke|p1|Mimikyu, F|\n|poke|p1|Regidrago|\n|poke|p2|Koraidon|\n|poke|p2|Flutter Mane|\n|poke|p2|Wo-Chien|\n|poke|p2|Calyrex-Shadow|\n|poke|p2|Zoroark-Hisui, F|\n|poke|p2|Skeledirge, F|\n|teampreview\n|inactive|Battle timer is ON: inactive players will automatically lose when time's up. (requested by Sargenbob)\n|\n|t:|1698404583\n|start\n|switch|p1a: Mimikyu|Mimikyu, F, shiny|100\/100\n|switch|p2a: Jon|Wo-Chien|100\/100\n|-ability|p2a: Jon|Tablets of Ruin\n|turn|1\n|\n|t:|1698404593\n|move|p1a: Mimikyu|Curse|p2a: Jon\n|-start|p2a: Jon|Curse|[of] p1a: Mimikyu\n|-damage|p1a: Mimikyu|50\/100\n|move|p2a: Jon|Leech Seed|p1a: Mimikyu\n|-start|p1a: Mimikyu|move: Leech Seed\n|\n|-damage|p1a: Mimikyu|38\/100|[from] Leech Seed|[of] p2a: Jon\n|-damage|p2a: Jon|75\/100|[from] Curse\n|upkeep\n|turn|2\n|\n|t:|1698404606\n|move|p2a: Jon|Protect|p2a: Jon\n|-singleturn|p2a: Jon|Protect\n|move|p1a: Mimikyu|Dark Pulse|p2a: Jon\n|-activate|p2a: Jon|move: Protect\n|\n|-heal|p2a: Jon|82\/100|[from] item: Leftovers\n|-damage|p1a: Mimikyu|26\/100|[from] Leech Seed|[of] p2a: Jon\n|-heal|p2a: Jon|90\/100|[silent]\n|-damage|p2a: Jon|65\/100|[from] Curse\n|upkeep\n|turn|3\n|\n|t:|1698404616\n|move|p1a: Mimikyu|Draining Kiss|p2a: Jon\n|-supereffective|p2a: Jon\n|-damage|p2a: Jon|50\/100\n|-heal|p1a: Mimikyu|42\/100|[from] drain|[of] p2a: Jon\n|move|p2a: Jon|Substitute|p2a: Jon\n|-start|p2a: Jon|Substitute\n|-damage|p2a: Jon|25\/100\n|\n|-heal|p2a: Jon|31\/100|[from] item: Leftovers\n|-damage|p1a: Mimikyu|30\/100|[from] Leech Seed|[of] p2a: Jon\n|-heal|p2a: Jon|39\/100|[silent]\n|-damage|p2a: Jon|14\/100|[from] Curse\n|upkeep\n|turn|4\n|\n|t:|1698404629\n|move|p1a: Mimikyu|Dark Pulse|p2a: Jon\n|-resisted|p2a: Jon\n|-activate|p2a: Jon|move: Substitute|[damage]\n|move|p2a: Jon|Knock Off|p1a: Mimikyu\n|-activate|p1a: Mimikyu|ability: Disguise\n|-damage|p1a: Mimikyu|30\/100\n|-enditem|p1a: Mimikyu|Focus Sash|[from] move: Knock Off|[of] p2a: Jon\n|detailschange|p1a: Mimikyu|Mimikyu-Busted, F, shiny\n|-damage|p1a: Mimikyu|18\/100|[from] pokemon: Mimikyu-Busted\n|\n|-heal|p2a: Jon|20\/100|[from] item: Leftovers\n|-damage|p1a: Mimikyu|5\/100|[from] Leech Seed|[of] p2a: Jon\n|-heal|p2a: Jon|29\/100|[silent]\n|-damage|p2a: Jon|4\/100|[from] Curse\n|upkeep\n|turn|5\n|\n|t:|1698404645\n|move|p2a: Jon|Protect|p2a: Jon\n|-singleturn|p2a: Jon|Protect\n|move|p1a: Mimikyu|Destiny Bond|p1a: Mimikyu\n|-singlemove|p1a: Mimikyu|Destiny Bond\n|\n|-heal|p2a: Jon|10\/100|[from] item: Leftovers\n|-damage|p1a: Mimikyu|0 fnt|[from] Leech Seed|[of] p2a: Jon\n|-heal|p2a: Jon|13\/100|[silent]\n|faint|p1a: Mimikyu\n|-damage|p2a: Jon|0 fnt|[from] Curse\n|faint|p2a: Jon\n|upkeep\n|\n|t:|1698404660\n|switch|p1a: Zacian|Zacian-Crowned, shiny|100\/100\n|switch|p2a: Oliver|Koraidon|100\/100\n|-ability|p1a: Zacian|Intrepid Sword|boost\n|-boost|p1a: Zacian|atk|1\n|turn|6\n|\n|t:|1698404677\n|move|p1a: Zacian|Swords Dance|p1a: Zacian\n|-boost|p1a: Zacian|atk|2\n|move|p2a: Oliver|Hyper Voice|p1a: Zacian\n|-resisted|p1a: Zacian\n|-damage|p1a: Zacian|83\/100\n|\n|upkeep\n|turn|7\n|\n|t:|1698404684\n|move|p1a: Zacian|Swords Dance|p1a: Zacian\n|-boost|p1a: Zacian|atk|2\n|move|p2a: Oliver|Flamethrower|p1a: Zacian\n|-supereffective|p1a: Zacian\n|-damage|p1a: Zacian|37\/100\n|\n|upkeep\n|turn|8\n|\n|t:|1698404691\n|move|p1a: Zacian|Sacred Sword|p2a: Oliver\n|-immune|p2a: Oliver\n|move|p2a: Oliver|Flamethrower|p1a: Zacian\n|-supereffective|p1a: Zacian\n|-damage|p1a: Zacian|0 fnt\n|faint|p1a: Zacian\n|\n|upkeep\n|\n|t:|1698404702\n|switch|p1a: Maushold|Maushold-Four|100\/100\n|turn|9\n|\n|t:|1698404708\n|move|p2a: Oliver|Nasty Plot|p2a: Oliver\n|-boost|p2a: Oliver|spa|2\n|move|p1a: Maushold|Population Bomb|p2a: Oliver\n|-immune|p2a: Oliver\n|\n|upkeep\n|turn|10\n|\n|t:|1698404715\n|move|p1a: Maushold|Protect|p1a: Maushold\n|-singleturn|p1a: Maushold|Protect\n|move|p2a: Oliver|Flamethrower|p1a: Maushold\n|-activate|p1a: Maushold|move: Protect\n|\n|upkeep\n|turn|11\n|\n|t:|1698404732\n|switch|p1a: Eternatus|Eternatus, shiny|100\/100\n|-ability|p1a: Eternatus|Pressure\n|move|p2a: Oliver|Hyper Voice|p1a: Eternatus\n|-damage|p1a: Eternatus|36\/100\n|\n|upkeep\n|turn|12\n|\n|t:|1698404740\n|move|p2a: Oliver|Hyper Voice|p1a: Eternatus\n|-damage|p1a: Eternatus|0 fnt\n|faint|p1a: Eternatus\n|\n|upkeep\n|\n|t:|1698404747\n|switch|p1a: Calyrex|Calyrex-Ice|100\/100\n|-ability|p1a: Calyrex|As One\n|-ability|p1a: Calyrex|Unnerve\n|turn|13\n|\n|t:|1698404752\n|move|p2a: Oliver|Flamethrower|p1a: Calyrex\n|-supereffective|p1a: Calyrex\n|-damage|p1a: Calyrex|15\/100\n|move|p1a: Calyrex|Glacial Lance|p2a: Oliver\n|-enditem|p2a: Oliver|Focus Sash\n|-damage|p2a: Oliver|1\/100\n|replace|p2a: Zoroark|Zoroark-Hisui, F\n|-end|p2a: Zoroark|Illusion\n|\n|upkeep\n|turn|14\n|\n|t:|1698404771\n|move|p2a: Zoroark|Flamethrower|p1a: Calyrex\n|-supereffective|p1a: Calyrex\n|-damage|p1a: Calyrex|0 fnt\n|faint|p1a: Calyrex\n|\n|upkeep\n|\n|t:|1698404777\n|switch|p1a: Maushold|Maushold-Four|100\/100\n|turn|15\n|\n|t:|1698404782\n|move|p2a: Zoroark|Hyper Voice|p1a: Maushold\n|-enditem|p1a: Maushold|Focus Sash\n|-damage|p1a: Maushold|1\/100\n|move|p1a: Maushold|Facade|p2a: Zoroark\n|-immune|p2a: Zoroark\n|\n|upkeep\n|turn|16\n|\n|t:|1698404790\n|move|p1a: Maushold|Protect|p1a: Maushold\n|-singleturn|p1a: Maushold|Protect\n|move|p2a: Zoroark|Hyper Voice|p1a: Maushold\n|-activate|p1a: Maushold|move: Protect\n|\n|upkeep\n|turn|17\n|\n|t:|1698404798\n|move|p2a: Zoroark|Hyper Voice|p1a: Maushold\n|-damage|p1a: Maushold|0 fnt\n|faint|p1a: Maushold\n|\n|upkeep\n|\n|t:|1698404807\n|switch|p1a: Regidrago|Regidrago, shiny|100\/100\n|turn|18\n|\n|t:|1698404818\n|move|p2a: Zoroark|Hyper Voice|p1a: Regidrago\n|-damage|p1a: Regidrago|13\/100\n|move|p1a: Regidrago|Draco Meteor|p2a: Zoroark\n|-damage|p2a: Zoroark|0 fnt\n|-unboost|p1a: Regidrago|spa|2\n|faint|p2a: Zoroark\n|\n|upkeep\n|\n|t:|1698404825\n|switch|p2a: Owen|Calyrex-Shadow|100\/100\n|-ability|p2a: Owen|As One\n|-ability|p2a: Owen|Unnerve\n|turn|19\n|c|\u2606Sargenbob|gg\n|\n|t:|1698404838\n|move|p1a: Regidrago|Protect|p1a: Regidrago\n|-singleturn|p1a: Regidrago|Protect\n|move|p2a: Owen|Astral Barrage|p1a: Regidrago\n|-activate|p1a: Regidrago|move: Protect\n|\n|upkeep\n|turn|20\n|\n|t:|1698404846\n|move|p1a: Regidrago|Protect||[still]\n|-fail|p1a: Regidrago\n|move|p2a: Owen|Astral Barrage|p1a: Regidrago\n|-damage|p1a: Regidrago|0 fnt\n|faint|p1a: Regidrago\n|-damage|p2a: Owen|91\/100|[from] item: Life Orb\n|\n|win|Sargenbob\n|raw|Bippleman3000's rating: 1088 &rarr; <strong>1072<\/strong><br \/>(-16 for losing)\n|raw|Sargenbob's rating: 1204 &rarr; <strong>1221<\/strong><br \/>(+17 for winning)\n|c|\u2606Sargenbob|lol\n|l|\u203dBippleman3000\n","uploadtime":1698404858,"views":11,"p1id":"bippleman3000","p2id":"sargenbob","formatid":"gen9anythinggoes","rating":1072,"private":0,"password":""}