{"id":"gen9anythinggoes-1985317045","p1":"mitmonCold","p2":"Keion de goat","format":"[Gen 9] Anything Goes","log":"|j|\u2606mitmonCold\n|j|\u2606Keion de goat\n|t:|1699363791\n|gametype|singles\n|player|p1|mitmonCold|harlequin|1058\n|player|p2|Keion de goat|lance|1081\n|teamsize|p1|6\n|teamsize|p2|6\n|gen|9\n|tier|[Gen 9] Anything Goes\n|rated|\n|rule|HP Percentage Mod: HP is shown in percentages\n|rule|Endless Battle Clause: Forcing endless battles is banned\n|clearpoke\n|poke|p1|Maushold-Four|\n|poke|p1|Maushold-Four|\n|poke|p1|Maushold-Four|\n|poke|p1|Maushold-Four|\n|poke|p1|Maushold-Four|\n|poke|p1|Maushold-Four|\n|poke|p2|Pawmot, M|\n|poke|p2|Pawmot, M|\n|poke|p2|Pawmot, M|\n|poke|p2|Pawmot, M|\n|poke|p2|Pawmot, M|\n|poke|p2|Pawmot, M|\n|teampreview\n|\n|t:|1699363801\n|start\n|switch|p1a: Maushold|Maushold-Four, shiny|100\/100\n|switch|p2a: Pawmot|Pawmot, M, shiny|100\/100\n|turn|1\n|c|\u2606mitmonCold|our numbers are many\n|\n|t:|1699363817\n|move|p2a: Pawmot|Mach Punch|p1a: Maushold\n|-supereffective|p1a: Maushold\n|-damage|p1a: Maushold|21\/100\n|move|p1a: Maushold|Population Bomb|p2a: Pawmot\n|-damage|p2a: Pawmot|84\/100\n|-damage|p2a: Pawmot|68\/100\n|-damage|p2a: Pawmot|50\/100\n|-damage|p2a: Pawmot|33\/100\n|-damage|p2a: Pawmot|17\/100\n|-damage|p2a: Pawmot|0 fnt\n|faint|p2a: Pawmot\n|-hitcount|p2: Pawmot|6\n|\n|upkeep\n|c|\u2606Keion de goat|yes much\n|\n|t:|1699363825\n|switch|p2a: Pawmot|Pawmot, M, shiny|100\/100\n|turn|2\n|\n|t:|1699363833\n|move|p2a: Pawmot|Mach Punch|p1a: Maushold\n|-supereffective|p1a: Maushold\n|-damage|p1a: Maushold|0 fnt\n|faint|p1a: Maushold\n|\n|upkeep\n|\n|t:|1699363837\n|switch|p1a: Maushold|Maushold-Four, shiny|100\/100\n|turn|3\n|\n|t:|1699363843\n|move|p2a: Pawmot|Mach Punch|p1a: Maushold\n|-supereffective|p1a: Maushold\n|-damage|p1a: Maushold|24\/100\n|move|p1a: Maushold|Population Bomb|p2a: Pawmot\n|-damage|p2a: Pawmot|84\/100\n|-damage|p2a: Pawmot|67\/100\n|-damage|p2a: Pawmot|49\/100\n|-damage|p2a: Pawmot|32\/100\n|-damage|p2a: Pawmot|16\/100\n|-damage|p2a: Pawmot|0 fnt\n|faint|p2a: Pawmot\n|-hitcount|p2: Pawmot|6\n|\n|upkeep\n|\n|t:|1699363846\n|switch|p2a: Pawmot|Pawmot, M, shiny|100\/100\n|turn|4\n|\n|t:|1699363856\n|move|p2a: Pawmot|Mach Punch|p1a: Maushold\n|-supereffective|p1a: Maushold\n|-damage|p1a: Maushold|0 fnt\n|faint|p1a: Maushold\n|\n|upkeep\n|\n|t:|1699363873\n|switch|p1a: Maushold|Maushold-Four|100\/100\n|turn|5\n|\n|t:|1699363879\n|move|p1a: Maushold|Population Bomb|p2a: Pawmot|[miss]\n|-miss|p1a: Maushold|p2a: Pawmot\n|move|p2a: Pawmot|Revival Blessing|p2a: Pawmot\n|-enditem|p2a: Pawmot|Leppa Berry|[eat]\n|-activate|p2a: Pawmot|item: Leppa Berry|Revival Blessing|[consumed]\n|\n|t:|1699363885\n|-heal|p2: Pawmot|50\/100|[from] move: Revival Blessing\n|\n|upkeep\n|turn|6\n|\n|t:|1699363894\n|move|p2a: Pawmot|Mach Punch|p1a: Maushold\n|-supereffective|p1a: Maushold\n|-damage|p1a: Maushold|26\/100\n|move|p1a: Maushold|Population Bomb|p2a: Pawmot\n|-damage|p2a: Pawmot|84\/100\n|-damage|p2a: Pawmot|66\/100\n|-damage|p2a: Pawmot|49\/100\n|-damage|p2a: Pawmot|31\/100\n|-damage|p2a: Pawmot|13\/100\n|-damage|p2a: Pawmot|0 fnt\n|faint|p2a: Pawmot\n|-hitcount|p2: Pawmot|6\n|\n|upkeep\n|\n|t:|1699363902\n|switch|p2a: Pawmot|Pawmot, M, shiny|100\/100\n|turn|7\n|\n|t:|1699363906\n|move|p1a: Maushold|Population Bomb|p2a: Pawmot\n|-damage|p2a: Pawmot|82\/100\n|-damage|p2a: Pawmot|63\/100\n|-crit|p2a: Pawmot\n|-damage|p2a: Pawmot|39\/100\n|-damage|p2a: Pawmot|21\/100\n|-crit|p2a: Pawmot\n|-damage|p2a: Pawmot|0 fnt\n|faint|p2a: Pawmot\n|-hitcount|p2: Pawmot|5\n|\n|upkeep\n|\n|t:|1699363910\n|switch|p2a: Pawmot|Pawmot, M, shiny|100\/100\n|turn|8\n|\n|t:|1699363913\n|move|p2a: Pawmot|Mach Punch|p1a: Maushold\n|-supereffective|p1a: Maushold\n|-damage|p1a: Maushold|0 fnt\n|faint|p1a: Maushold\n|\n|upkeep\n|c|\u2606Keion de goat|dang i lost\n|\n|t:|1699363927\n|switch|p1a: Maushold|Maushold-Four|100\/100\n|turn|9\n|\n|t:|1699363935\n|move|p2a: Pawmot|Mach Punch|p1a: Maushold\n|-supereffective|p1a: Maushold\n|-damage|p1a: Maushold|29\/100\n|move|p1a: Maushold|Population Bomb|p2a: Pawmot\n|-damage|p2a: Pawmot|83\/100\n|-damage|p2a: Pawmot|67\/100\n|-damage|p2a: Pawmot|49\/100\n|-damage|p2a: Pawmot|31\/100\n|-damage|p2a: Pawmot|13\/100\n|-damage|p2a: Pawmot|0 fnt\n|faint|p2a: Pawmot\n|-hitcount|p2: Pawmot|6\n|\n|upkeep\n|\n|t:|1699363940\n|switch|p2a: Pawmot|Pawmot, M, shiny|100\/100\n|turn|10\n|\n|t:|1699363944\n|move|p1a: Maushold|Population Bomb|p2a: Pawmot\n|-damage|p2a: Pawmot|82\/100\n|-damage|p2a: Pawmot|64\/100\n|-damage|p2a: Pawmot|47\/100\n|-damage|p2a: Pawmot|28\/100\n|-damage|p2a: Pawmot|10\/100\n|-damage|p2a: Pawmot|0 fnt\n|faint|p2a: Pawmot\n|-hitcount|p2: Pawmot|6\n|\n|upkeep\n|\n|t:|1699363947\n|switch|p2a: Pawmot|Pawmot, M, shiny|50\/100\n|turn|11\n|c|\u2606mitmonCold|we are the mouse legion\n|j| aaaaaaaaaaaabulb\n|c|\u2606Keion de goat|yes\n|j| uwu im duck\n|\n|t:|1699363974\n|move|p1a: Maushold|Population Bomb|p2a: Pawmot|[miss]\n|-miss|p1a: Maushold|p2a: Pawmot\n|move|p2a: Pawmot|Revival Blessing|p2a: Pawmot\n|-enditem|p2a: Pawmot|Leppa Berry|[eat]\n|-activate|p2a: Pawmot|item: Leppa Berry|Revival Blessing|[consumed]\n|c| uwu im duck|hi\n|c| aaaaaaaaaaaabulb|hey\n|c|\u2606Keion de goat|hello\n|c| aaaaaaaaaaaabulb|what up\n|c| uwu im duck|what tis going on\n|\n|t:|1699363990\n|-heal|p2: Pawmot|50\/100|[from] move: Revival Blessing\n|\n|upkeep\n|turn|12\n|\n|t:|1699363995\n|move|p2a: Pawmot|Mach Punch|p1a: Maushold\n|-supereffective|p1a: Maushold\n|-damage|p1a: Maushold|0 fnt\n|faint|p1a: Maushold\n|\n|upkeep\n|\n|t:|1699364000\n|switch|p1a: Maushold|Maushold-Four|100\/100\n|turn|13\n|\n|t:|1699364004\n|move|p1a: Maushold|Population Bomb|p2a: Pawmot\n|-damage|p2a: Pawmot|32\/100\n|-damage|p2a: Pawmot|14\/100\n|-damage|p2a: Pawmot|0 fnt\n|faint|p2a: Pawmot\n|-hitcount|p2: Pawmot|3\n|\n|upkeep\n|\n|t:|1699364007\n|switch|p2a: Pawmot|Pawmot, M, shiny|50\/100\n|turn|14\n|c| uwu im duck|who r u?\n|c|\u2606Keion de goat|me?\n|c|\u2606mitmonCold|hold\n|c| aaaaaaaaaaaabulb|uwu I'm duck wana be my e kittin\n|c| uwu im duck|uh\n|c| uwu im duck|sure?\n|c| aaaaaaaaaaaabulb|yes\n|c| aaaaaaaaaaaabulb|slay\n|c|\u2606Keion de goat|bru\n|c| aaaaaaaaaaaabulb|lets go\n|c| aaaaaaaaaaaabulb|I just got a gf\n|c| aaaaaaaaaaaabulb|f\n|l|\u2606mitmonCold\n|player|p1|\n|c| uwu im duck|Nah we just friends\n|c| uwu im duck|yes\n|c| aaaaaaaaaaaabulb|u sure about that baby girl\n|c| uwu im duck|yes\n|c|\u2606Keion de goat|one of yall pvp?\n|c| aaaaaaaaaaaabulb|no\n|j|\u2606mitmonCold\n|player|p1|mitmonCold|harlequin\n|c| aaaaaaaaaaaabulb|who does that\n|c| uwu im duck|wat that\n|c|\u2606Keion de goat|you mean yes\n|c|\u2606Keion de goat|like a battle\n|\n|t:|1699364147\n|-terastallize|p2a: Pawmot|Electric\n|move|p1a: Maushold|Population Bomb|p2a: Pawmot\n|-damage|p2a: Pawmot|33\/100\n|-damage|p2a: Pawmot|15\/100\n|-damage|p2a: Pawmot|0 fnt\n|faint|p2a: Pawmot\n|-hitcount|p2: Pawmot|3\n|\n|win|mitmonCold\n|raw|mitmonCold's rating: 1058 &rarr; <strong>1091<\/strong><br \/>(+33 for winning)\n|raw|Keion de goat's rating: 1081 &rarr; <strong>1057<\/strong><br \/>(-24 for losing)\n|c| aaaaaaaaaaaabulb|#whatisthat\n|l| uwu im duck\n|c|\u2606Keion de goat|bru\n","uploadtime":1699364207,"views":4,"p1id":"mitmoncold","p2id":"keiondegoat","formatid":"gen9anythinggoes","rating":1057,"private":0,"password":""}