{"id":"gen9anythinggoes-1992488915","p1":"100% Bugs trust me","p2":"Blade Z Knights","format":"[Gen 9] Anything Goes","log":"|j|\u2606100% Bugs trust me\n|j|\u2606Blade Z Knights\n|t:|1700193992\n|gametype|singles\n|player|p1|100% Bugs trust me|bugcatcher-gen4dp|1219\n|player|p2|Blade Z Knights|giovanni|1255\n|teamsize|p1|6\n|teamsize|p2|6\n|gen|9\n|tier|[Gen 9] Anything Goes\n|rated|\n|rule|HP Percentage Mod: HP is shown in percentages\n|rule|Endless Battle Clause: Forcing endless battles is banned\n|clearpoke\n|poke|p1|Lurantis, F|\n|poke|p1|Gliscor, M|\n|poke|p1|Falinks|\n|poke|p1|Goodra-Hisui, M|\n|poke|p1|Gastrodon, M|\n|poke|p1|Kingambit, F|\n|poke|p2|Calyrex-Shadow|\n|poke|p2|Glimmora, F|\n|poke|p2|Polteageist-Antique|\n|poke|p2|Dusclops, M|\n|poke|p2|Indeedee-F, F|\n|poke|p2|Torkoal, M|\n|teampreview\n|inactive|Battle timer is ON: inactive players will automatically lose when time's up. (requested by Blade Z Knights)\n|\n|t:|1700194002\n|start\n|switch|p1a: Leaf Bug|Lurantis, F|100\/100\n|switch|p2a: Dusclops|Dusclops, M, shiny|100\/100\n|-ability|p2a: Dusclops|Pressure\n|turn|1\n|\n|t:|1700194011\n|move|p1a: Leaf Bug|Leaf Storm|p2a: Dusclops\n|-damage|p2a: Dusclops|76\/100\n|-boost|p1a: Leaf Bug|spa|2\n|move|p2a: Dusclops|Trick Room|p2a: Dusclops\n|-fieldstart|move: Trick Room|[of] p2a: Dusclops\n|\n|upkeep\n|turn|2\n|\n|t:|1700194018\n|move|p2a: Dusclops|Will-O-Wisp|p1a: Leaf Bug\n|-status|p1a: Leaf Bug|brn\n|move|p1a: Leaf Bug|Leaf Storm|p2a: Dusclops\n|-damage|p2a: Dusclops|28\/100\n|-boost|p1a: Leaf Bug|spa|2\n|\n|-damage|p1a: Leaf Bug|94\/100 brn|[from] brn\n|upkeep\n|turn|3\n|\n|t:|1700194029\n|move|p2a: Dusclops|Memento|p1a: Leaf Bug\n|-boost|p1a: Leaf Bug|atk|2\n|-boost|p1a: Leaf Bug|spa|2\n|faint|p2a: Dusclops\n|move|p1a: Leaf Bug|Leaf Storm|p2: Dusclops|[notarget]\n|-fail|p1a: Leaf Bug\n|\n|-damage|p1a: Leaf Bug|88\/100 brn|[from] brn\n|upkeep\n|\n|t:|1700194038\n|switch|p2a: Torkoal|Torkoal, M|100\/100\n|-weather|SunnyDay|[from] ability: Drought|[of] p2a: Torkoal\n|turn|4\n|\n|t:|1700194044\n|-terastallize|p2a: Torkoal|Fire\n|-terastallize|p1a: Leaf Bug|Fighting\n|move|p2a: Torkoal|Eruption|p1a: Leaf Bug\n|-damage|p1a: Leaf Bug|0 fnt\n|faint|p1a: Leaf Bug\n|\n|-weather|SunnyDay|[upkeep]\n|upkeep\n|\n|t:|1700194058\n|switch|p1a: Slug|Gastrodon, M|100\/100\n|turn|5\n|\n|t:|1700194066\n|switch|p2a: Glimmora|Glimmora, F|100\/100\n|move|p1a: Slug|Chilling Water|p2a: Glimmora\n|-supereffective|p2a: Glimmora\n|-damage|p2a: Glimmora|65\/100\n|-unboost|p2a: Glimmora|atk|1\n|\n|-weather|SunnyDay|[upkeep]\n|-fieldend|move: Trick Room\n|upkeep\n|turn|6\n|\n|t:|1700194081\n|move|p2a: Glimmora|Mortal Spin|p1a: Slug\n|-resisted|p1a: Slug\n|-damage|p1a: Slug|98\/100\n|-status|p1a: Slug|psn\n|move|p1a: Slug|Earthquake|p2a: Glimmora\n|-supereffective|p2a: Glimmora\n|-damage|p2a: Glimmora|0 fnt\n|-activate|p2a: Glimmora|ability: Toxic Debris\n|-sidestart|p1: 100% Bugs trust me|move: Toxic Spikes\n|faint|p2a: Glimmora\n|\n|-weather|SunnyDay|[upkeep]\n|-heal|p1a: Slug|100\/100 psn|[from] item: Leftovers\n|-damage|p1a: Slug|88\/100 psn|[from] psn\n|upkeep\n|\n|t:|1700194095\n|switch|p2a: Indeedee|Indeedee-F, F|100\/100\n|-fieldstart|move: Psychic Terrain|[from] ability: Psychic Surge|[of] p2a: Indeedee\n|turn|7\n|\n|t:|1700194103\n|move|p1a: Slug|Earthquake|p2a: Indeedee\n|-damage|p2a: Indeedee|71\/100\n|move|p2a: Indeedee|Trick Room|p2a: Indeedee\n|-fieldstart|move: Trick Room|[of] p2a: Indeedee\n|\n|-weather|SunnyDay|[upkeep]\n|-heal|p1a: Slug|94\/100 psn|[from] item: Leftovers\n|-damage|p1a: Slug|82\/100 psn|[from] psn\n|upkeep\n|turn|8\n|\n|t:|1700194113\n|move|p1a: Slug|Earthquake|p2a: Indeedee\n|-damage|p2a: Indeedee|41\/100\n|-enditem|p2a: Indeedee|Sitrus Berry|[eat]\n|-heal|p2a: Indeedee|66\/100|[from] item: Sitrus Berry\n|move|p2a: Indeedee|Substitute|p2a: Indeedee\n|-start|p2a: Indeedee|Substitute\n|-damage|p2a: Indeedee|41\/100\n|\n|-weather|none\n|-heal|p1a: Slug|88\/100 psn|[from] item: Leftovers\n|-damage|p1a: Slug|75\/100 psn|[from] psn\n|upkeep\n|turn|9\n|\n|t:|1700194127\n|move|p1a: Slug|Earthquake|p2a: Indeedee\n|-end|p2a: Indeedee|Substitute\n|move|p2a: Indeedee|Baton Pass|p2a: Indeedee\n|\n|t:|1700194131\n|switch|p2a: Torkoal|Torkoal, M, tera:Fire|100\/100|[from] Baton Pass\n|-weather|SunnyDay|[from] ability: Drought|[of] p2a: Torkoal\n|\n|-weather|SunnyDay|[upkeep]\n|-heal|p1a: Slug|81\/100 psn|[from] item: Leftovers\n|-damage|p1a: Slug|69\/100 psn|[from] psn\n|upkeep\n|turn|10\n|\n|t:|1700194144\n|move|p2a: Torkoal|Eruption|p1a: Slug\n|-resisted|p1a: Slug\n|-damage|p1a: Slug|0 fnt\n|faint|p1a: Slug\n|\n|-weather|SunnyDay|[upkeep]\n|upkeep\n|\n|t:|1700194151\n|switch|p1a: Scorpionfly|Gliscor, M|100\/100\n|turn|11\n|\n|t:|1700194155\n|move|p2a: Torkoal|Eruption|p1a: Scorpionfly\n|-damage|p1a: Scorpionfly|0 fnt\n|faint|p1a: Scorpionfly\n|\n|-weather|SunnyDay|[upkeep]\n|-fieldend|move: Trick Room\n|-fieldend|move: Psychic Terrain\n|upkeep\n|\n|t:|1700194163\n|switch|p1a: Eusocial Insects|Falinks|100\/100\n|-status|p1a: Eusocial Insects|psn\n|turn|12\n|\n|t:|1700194168\n|switch|p2a: Indeedee|Indeedee-F, F|41\/100\n|-fieldstart|move: Psychic Terrain|[from] ability: Psychic Surge|[of] p2a: Indeedee\n|move|p1a: Eusocial Insects|Knock Off|p2a: Indeedee\n|-supereffective|p2a: Indeedee\n|-damage|p2a: Indeedee|1\/100\n|\n|-weather|SunnyDay|[upkeep]\n|-damage|p1a: Eusocial Insects|88\/100 psn|[from] psn\n|upkeep\n|turn|13\n|\n|t:|1700194180\n|move|p1a: Eusocial Insects|Knock Off|p2a: Indeedee\n|-supereffective|p2a: Indeedee\n|-damage|p2a: Indeedee|0 fnt\n|faint|p2a: Indeedee\n|\n|-weather|none\n|-damage|p1a: Eusocial Insects|76\/100 psn|[from] psn\n|upkeep\n|\n|t:|1700194187\n|switch|p2a: Polteageist|Polteageist-Antique|100\/100\n|turn|14\n|\n|t:|1700194191\n|move|p2a: Polteageist|Shell Smash|p2a: Polteageist\n|-unboost|p2a: Polteageist|def|1\n|-unboost|p2a: Polteageist|spd|1\n|-boost|p2a: Polteageist|atk|2\n|-boost|p2a: Polteageist|spa|2\n|-boost|p2a: Polteageist|spe|2\n|move|p1a: Eusocial Insects|Knock Off|p2a: Polteageist\n|-supereffective|p2a: Polteageist\n|-enditem|p2a: Polteageist|Focus Sash\n|-damage|p2a: Polteageist|1\/100\n|-ability|p2a: Polteageist|Weak Armor|boost\n|-unboost|p2a: Polteageist|def|1\n|-boost|p2a: Polteageist|spe|2\n|\n|-damage|p1a: Eusocial Insects|64\/100 psn|[from] psn\n|upkeep\n|turn|15\n|\n|t:|1700194207\n|move|p2a: Polteageist|Stored Power|p1a: Eusocial Insects\n|-supereffective|p1a: Eusocial Insects\n|-damage|p1a: Eusocial Insects|0 fnt\n|faint|p1a: Eusocial Insects\n|\n|upkeep\n|\n|t:|1700194212\n|switch|p1a: Snail|Goodra-Hisui, M|100\/100\n|turn|16\n|\n|t:|1700194217\n|move|p2a: Polteageist|Stored Power|p1a: Snail\n|-resisted|p1a: Snail\n|-damage|p1a: Snail|45\/100\n|move|p1a: Snail|Shelter|p1a: Snail\n|-boost|p1a: Snail|def|2\n|\n|-heal|p1a: Snail|51\/100|[from] item: Leftovers\n|-fieldend|move: Psychic Terrain\n|upkeep\n|turn|17\n|\n|t:|1700194229\n|move|p2a: Polteageist|Stored Power|p1a: Snail\n|-resisted|p1a: Snail\n|-damage|p1a: Snail|7\/100\n|move|p1a: Snail|Dragon Pulse|p2a: Polteageist\n|-damage|p2a: Polteageist|0 fnt\n|faint|p2a: Polteageist\n|\n|-heal|p1a: Snail|13\/100|[from] item: Leftovers\n|upkeep\n|\n|t:|1700194240\n|switch|p2a: Calyrex|Calyrex-Shadow|100\/100\n|-ability|p2a: Calyrex|As One\n|-ability|p2a: Calyrex|Unnerve\n|turn|18\n|\n|t:|1700194250\n|move|p2a: Calyrex|Astral Barrage|p1a: Snail\n|-damage|p1a: Snail|0 fnt\n|faint|p1a: Snail\n|-ability|p2a: Calyrex|Grim Neigh|boost\n|-boost|p2a: Calyrex|spa|1\n|\n|upkeep\n|\n|t:|1700194258\n|switch|p1a: Beetle|Kingambit, F|100\/100\n|-activate|p1a: Beetle|ability: Supreme Overlord\n|-start|p1a: Beetle|fallen5|[silent]\n|turn|19\n|\n|t:|1700194263\n|move|p2a: Calyrex|Astral Barrage|p1a: Beetle\n|-resisted|p1a: Beetle\n|-damage|p1a: Beetle|38\/100\n|move|p1a: Beetle|Kowtow Cleave|p2a: Calyrex\n|-supereffective|p2a: Calyrex\n|-enditem|p2a: Calyrex|Focus Sash\n|-damage|p2a: Calyrex|1\/100\n|\n|upkeep\n|turn|20\n|\n|t:|1700194273\n|move|p1a: Beetle|Sucker Punch|p2a: Calyrex\n|-supereffective|p2a: Calyrex\n|-damage|p2a: Calyrex|0 fnt\n|faint|p2a: Calyrex\n|\n|upkeep\n|\n|t:|1700194278\n|switch|p2a: Torkoal|Torkoal, M, tera:Fire|100\/100\n|-weather|SunnyDay|[from] ability: Drought|[of] p2a: Torkoal\n|turn|21\n|\n|t:|1700194286\n|move|p1a: Beetle|Sucker Punch|p2a: Torkoal\n|-damage|p2a: Torkoal|46\/100\n|move|p2a: Torkoal|Heat Wave|p1a: Beetle\n|-supereffective|p1a: Beetle\n|-damage|p1a: Beetle|0 fnt\n|faint|p1a: Beetle\n|-end|p1a: Beetle|fallen5|[silent]\n|\n|win|Blade Z Knights\n|raw|100% Bugs trust me's rating: 1219 &rarr; <strong>1197<\/strong><br \/>(-22 for losing)\n|raw|Blade Z Knights's rating: 1255 &rarr; <strong>1277<\/strong><br \/>(+22 for winning)\n|l|\u2606100% Bugs trust me\n|c|\u2606Blade Z Knights|Gg\n","uploadtime":1700194304,"views":6,"p1id":"100bugstrustme","p2id":"bladezknights","formatid":"gen9anythinggoes","rating":1197,"private":0,"password":""}