{"id":"gen9anythinggoes-1980474057","p1":"Fretscorch","p2":"The Averege Gamer","format":"[Gen 9] Anything Goes","log":"|j|\u2606Fretscorch\n|j|\u2606The Averege Gamer\n|t:|1698788324\n|gametype|singles\n|player|p1|Fretscorch|guzma-masters|1048\n|player|p2|The Averege Gamer|pilot|1104\n|teamsize|p1|6\n|teamsize|p2|6\n|gen|9\n|tier|[Gen 9] Anything Goes\n|rated|\n|rule|HP Percentage Mod: HP is shown in percentages\n|rule|Endless Battle Clause: Forcing endless battles is banned\n|clearpoke\n|poke|p1|Ogerpon-Hearthflame, F|\n|poke|p1|Calyrex-Shadow|\n|poke|p1|Arceus|\n|poke|p1|Groudon|\n|poke|p1|Urshifu-*, M|\n|poke|p1|Zacian-*|\n|poke|p2|Drifblim, M|\n|poke|p2|Vaporeon, F|\n|poke|p2|Cloyster, M|\n|poke|p2|Basculegion, M|\n|poke|p2|Kingambit, M|\n|poke|p2|Krookodile, M|\n|teampreview\n|\n|t:|1698788328\n|start\n|switch|p1a: Zacian|Zacian-Crowned|100\/100\n|switch|p2a: My boy|Drifblim, M, shiny|100\/100\n|-ability|p1a: Zacian|Intrepid Sword|boost\n|-boost|p1a: Zacian|atk|1\n|turn|1\n|c|\u2606The Averege Gamer|all legendaries?\n|\n|t:|1698788336\n|move|p1a: Zacian|Swords Dance|p1a: Zacian\n|-boost|p1a: Zacian|atk|2\n|move|p2a: My boy|Minimize|p2a: My boy\n|-boost|p2a: My boy|evasion|2\n|\n|upkeep\n|turn|2\n|c|\u2606Fretscorch|Yeah\n|c|\u2606Fretscorch|Anything Goes\n|c|\u2606The Averege Gamer|yeah\n|\n|t:|1698788350\n|move|p1a: Zacian|Behemoth Blade|p2a: My boy\n|-damage|p2a: My boy|0 fnt\n|-damage|p1a: Zacian|76\/100|[from] ability: Aftermath|[of] p2a: My boy\n|faint|p2a: My boy\n|\n|upkeep\n|\n|t:|1698788359\n|switch|p2a: Vape porygon|Vaporeon, F, shiny|100\/100\n|turn|3\n|\n|t:|1698788364\n|move|p1a: Zacian|Play Rough|p2a: Vape porygon\n|-damage|p2a: Vape porygon|0 fnt\n|faint|p2a: Vape porygon\n|\n|upkeep\n|\n|t:|1698788368\n|switch|p2a: Watch ur jet|Cloyster, M, shiny|100\/100\n|turn|4\n|\n|t:|1698788373\n|move|p1a: Zacian|Sacred Sword|p2a: Watch ur jet\n|-supereffective|p2a: Watch ur jet\n|-enditem|p2a: Watch ur jet|Focus Sash\n|-damage|p2a: Watch ur jet|1\/100\n|move|p2a: Watch ur jet|Icicle Spear|p1a: Zacian\n|-resisted|p1a: Zacian\n|-damage|p1a: Zacian|70\/100\n|-resisted|p1a: Zacian\n|-damage|p1a: Zacian|65\/100\n|-resisted|p1a: Zacian\n|-damage|p1a: Zacian|61\/100\n|-resisted|p1a: Zacian\n|-damage|p1a: Zacian|56\/100\n|-resisted|p1a: Zacian\n|-damage|p1a: Zacian|51\/100\n|-hitcount|p1a: Zacian|5\n|\n|upkeep\n|turn|5\n|\n|t:|1698788388\n|move|p2a: Watch ur jet|Protect|p2a: Watch ur jet\n|-singleturn|p2a: Watch ur jet|Protect\n|move|p1a: Zacian|Sacred Sword|p2a: Watch ur jet\n|-activate|p2a: Watch ur jet|move: Protect\n|\n|upkeep\n|turn|6\n|\n|t:|1698788395\n|move|p2a: Watch ur jet|Protect||[still]\n|-fail|p2a: Watch ur jet\n|move|p1a: Zacian|Sacred Sword|p2a: Watch ur jet\n|-supereffective|p2a: Watch ur jet\n|-damage|p2a: Watch ur jet|0 fnt\n|faint|p2a: Watch ur jet\n|\n|upkeep\n|\n|t:|1698788401\n|switch|p2a: Karate croc|Krookodile, M, shiny|100\/100\n|-ability|p2a: Karate croc|Intimidate|boost\n|-unboost|p1a: Zacian|atk|1\n|turn|7\n|\n|t:|1698788419\n|move|p1a: Zacian|Sacred Sword|p2a: Karate croc\n|-supereffective|p2a: Karate croc\n|-damage|p2a: Karate croc|0 fnt\n|faint|p2a: Karate croc\n|\n|upkeep\n|\n|t:|1698788425\n|switch|p2a: Samubye|Kingambit, M, shiny|100\/100\n|-activate|p2a: Samubye|ability: Supreme Overlord\n|-start|p2a: Samubye|fallen4|[silent]\n|turn|8\n|\n|t:|1698788435\n|move|p1a: Zacian|Sacred Sword|p2a: Samubye\n|-supereffective|p2a: Samubye\n|-damage|p2a: Samubye|0 fnt\n|faint|p2a: Samubye\n|-end|p2a: Samubye|fallen4|[silent]\n|\n|upkeep\n|\n|t:|1698788440\n|switch|p2a: the fish|Basculegion, M, shiny|100\/100\n|turn|9\n|\n|t:|1698788445\n|move|p1a: Zacian|Play Rough|p2a: the fish|[miss]\n|-miss|p1a: Zacian|p2a: the fish\n|move|p2a: the fish|Last Respects|p1a: Zacian\n|-damage|p1a: Zacian|0 fnt\n|faint|p1a: Zacian\n|\n|upkeep\n|\n|t:|1698788451\n|switch|p1a: Calyrex|Calyrex-Shadow|100\/100\n|-ability|p1a: Calyrex|As One\n|-ability|p1a: Calyrex|Unnerve\n|turn|10\n|\n|t:|1698788457\n|-terastallize|p2a: the fish|Water\n|move|p1a: Calyrex|Shadow Ball|p2a: the fish\n|-damage|p2a: the fish|55\/100\n|-damage|p1a: Calyrex|91\/100|[from] item: Life Orb\n|move|p2a: the fish|Last Respects|p1a: Calyrex\n|-supereffective|p1a: Calyrex\n|-damage|p1a: Calyrex|0 fnt\n|faint|p1a: Calyrex\n|\n|upkeep\n|j| ChimeBliss\n|\n|t:|1698788467\n|switch|p1a: Arceus|Arceus|100\/100\n|turn|11\n|\n|t:|1698788480\n|move|p1a: Arceus|Wild Charge|p2a: the fish\n|-supereffective|p2a: the fish\n|-crit|p2a: the fish\n|-damage|p2a: the fish|0 fnt\n|faint|p2a: the fish\n|-damage|p1a: Arceus|87\/100|[from] Recoil\n|\n|win|Fretscorch\n|raw|Fretscorch's rating: 1048 &rarr; <strong>1086<\/strong><br \/>(+38 for winning)\n|raw|The Averege Gamer's rating: 1104 &rarr; <strong>1075<\/strong><br \/>(-29 for losing)\n|c|\u2606The Averege Gamer|gg\n|l|\u2606The Averege Gamer\n|l|\u2606Fretscorch\n","uploadtime":1698788491,"views":3,"p1id":"fretscorch","p2id":"theaveregegamer","formatid":"gen9anythinggoes","rating":1075,"private":0,"password":""}