{"id":"gen9anythinggoes-1977824075","p1":"JustANicePotato","p2":"Hockaj","format":"[Gen 9] Anything Goes","log":"|j|\u2606JustANicePotato\n|j|\u2606Hockaj\n|t:|1698454076\n|gametype|singles\n|player|p1|JustANicePotato|ninjaboy|1153\n|player|p2|Hockaj|shauntal|1349\n|teamsize|p1|6\n|teamsize|p2|6\n|gen|9\n|tier|[Gen 9] Anything Goes\n|rated|\n|rule|HP Percentage Mod: HP is shown in percentages\n|rule|Endless Battle Clause: Forcing endless battles is banned\n|clearpoke\n|poke|p1|Mew|\n|poke|p1|Shaymin|\n|poke|p1|Diancie|\n|poke|p1|Phione|\n|poke|p1|Hoopa|\n|poke|p1|Zarude-Dada|\n|poke|p2|Meowscarada, F|\n|poke|p2|Honchkrow, M|\n|poke|p2|Probopass, F|\n|poke|p2|Flutter Mane|\n|poke|p2|Cinderace, M|\n|poke|p2|Gliscor, M|\n|teampreview\n|\n|t:|1698454107\n|start\n|switch|p1a: Mew|Mew, shiny|100\/100\n|switch|p2a: Misdreavus|Flutter Mane|100\/100\n|-enditem|p2a: Misdreavus|Booster Energy\n|-activate|p2a: Misdreavus|ability: Protosynthesis|[fromitem]\n|-start|p2a: Misdreavus|protosynthesisspe\n|turn|1\n|\n|t:|1698454116\n|move|p2a: Misdreavus|Dark Pulse|p1a: Mew\n|-supereffective|p1a: Mew\n|-damage|p1a: Mew|41\/100\n|move|p1a: Mew|Dragon Dance|p1a: Mew\n|-boost|p1a: Mew|atk|1\n|-boost|p1a: Mew|spe|1\n|\n|-heal|p1a: Mew|48\/100|[from] item: Leftovers\n|upkeep\n|turn|2\n|\n|t:|1698454123\n|-terastallize|p1a: Mew|Dark\n|move|p2a: Misdreavus|Dark Pulse|p1a: Mew\n|-resisted|p1a: Mew\n|-damage|p1a: Mew|33\/100\n|move|p1a: Mew|Dragon Dance|p1a: Mew\n|-boost|p1a: Mew|atk|1\n|-boost|p1a: Mew|spe|1\n|\n|-heal|p1a: Mew|39\/100|[from] item: Leftovers\n|upkeep\n|turn|3\n|\n|t:|1698454131\n|move|p1a: Mew|Psychic Fangs|p2a: Misdreavus\n|-damage|p2a: Misdreavus|0 fnt\n|faint|p2a: Misdreavus\n|-end|p2a: Misdreavus|Protosynthesis|[silent]\n|\n|-heal|p1a: Mew|45\/100|[from] item: Leftovers\n|upkeep\n|c|\u2606Hockaj|ffs u natured as well\n|\n|t:|1698454159\n|switch|p2a: Meowscarada|Meowscarada, F|100\/100\n|turn|4\n|c|\u2606JustANicePotato|mew is stronk\n|\n|t:|1698454168\n|move|p1a: Mew|Stealth Rock|p2a: Meowscarada\n|-sidestart|p2: Hockaj|move: Stealth Rock\n|move|p2a: Meowscarada|Flower Trick|p1a: Mew\n|-crit|p1a: Mew\n|-damage|p1a: Mew|0 fnt\n|faint|p1a: Mew\n|\n|upkeep\n|\n|t:|1698454178\n|switch|p1a: Shaymin|Shaymin, shiny|100\/100\n|turn|5\n|c|\u2606Hockaj|!weakness shaymin\n|c| Hockaj|\/raw <div class=\"infobox\">Shaymin (ignoring abilities):<br \/><span class=\"message-effect-weak\">Weaknesses<\/span>: Bug, Fire, Flying, Ice, Poison<br \/><span class=\"message-effect-resist\">Resistances<\/span>: Electric, Grass, Ground, Water<br \/><span class=\"message-effect-immune\">Immunities<\/span>: Powder moves<\/div>\n|c|\u2606JustANicePotato|lol\n|inactive|Battle timer is ON: inactive players will automatically lose when time's up. (requested by JustANicePotato)\n|\n|t:|1698454221\n|-terastallize|p2a: Meowscarada|Grass\n|move|p1a: Shaymin|Dazzling Gleam|p2a: Meowscarada\n|-damage|p2a: Meowscarada|58\/100\n|move|p2a: Meowscarada|Flower Trick|p1a: Shaymin\n|-resisted|p1a: Shaymin\n|-crit|p1a: Shaymin\n|-damage|p1a: Shaymin|66\/100\n|\n|upkeep\n|turn|6\n|c|\u2606Hockaj|chonky mf\n|\n|t:|1698454232\n|move|p1a: Shaymin|Dazzling Gleam|p2a: Meowscarada\n|-damage|p2a: Meowscarada|22\/100\n|move|p2a: Meowscarada|Flower Trick|p1a: Shaymin\n|-resisted|p1a: Shaymin\n|-crit|p1a: Shaymin\n|-damage|p1a: Shaymin|18\/100\n|\n|upkeep\n|turn|7\n|c|\u2606JustANicePotato|true\n|\n|t:|1698454239\n|move|p2a: Meowscarada|Sucker Punch|p1a: Shaymin\n|-damage|p1a: Shaymin|0 fnt\n|faint|p1a: Shaymin\n|\n|upkeep\n|\n|t:|1698454245\n|switch|p1a: Zarude|Zarude-Dada|100\/100\n|turn|8\n|\n|t:|1698454250\n|move|p2a: Meowscarada|Flower Trick|p1a: Zarude\n|-resisted|p1a: Zarude\n|-crit|p1a: Zarude\n|-damage|p1a: Zarude|57\/100\n|move|p1a: Zarude|Lash Out|p2a: Meowscarada\n|-damage|p2a: Meowscarada|0 fnt\n|faint|p2a: Meowscarada\n|\n|-heal|p1a: Zarude|63\/100|[from] item: Leftovers\n|upkeep\n|\n|t:|1698454260\n|switch|p2a: Cinderace|Cinderace, M, shiny|100\/100\n|-damage|p2a: Cinderace|76\/100|[from] Stealth Rock\n|turn|9\n|\n|t:|1698454266\n|move|p2a: Cinderace|Pyro Ball|p1a: Zarude\n|-supereffective|p1a: Zarude\n|-damage|p1a: Zarude|0 fnt\n|faint|p1a: Zarude\n|\n|upkeep\n|\n|t:|1698454269\n|switch|p1a: Phione|Phione, shiny|100\/100\n|turn|10\n|\n|t:|1698454286\n|move|p2a: Cinderace|Pyro Ball|p1a: Phione\n|-resisted|p1a: Phione\n|-damage|p1a: Phione|67\/100\n|move|p1a: Phione|Acid Armor|p1a: Phione\n|-boost|p1a: Phione|def|2\n|\n|upkeep\n|turn|11\n|\n|t:|1698454293\n|move|p2a: Cinderace|Pyro Ball|p1a: Phione\n|-resisted|p1a: Phione\n|-damage|p1a: Phione|50\/100\n|move|p1a: Phione|Acid Armor|p1a: Phione\n|-boost|p1a: Phione|def|2\n|\n|upkeep\n|turn|12\n|\n|t:|1698454299\n|move|p2a: Cinderace|Pyro Ball|p1a: Phione\n|-resisted|p1a: Phione\n|-damage|p1a: Phione|39\/100\n|move|p1a: Phione|Surf|p2a: Cinderace\n|-supereffective|p2a: Cinderace\n|-damage|p2a: Cinderace|0 fnt\n|faint|p2a: Cinderace\n|\n|upkeep\n|\n|t:|1698454316\n|switch|p2a: Honchkrow|Honchkrow, M|100\/100\n|-damage|p2a: Honchkrow|76\/100|[from] Stealth Rock\n|turn|13\n|\n|t:|1698454324\n|move|p2a: Honchkrow|Night Slash|p1a: Phione\n|-damage|p1a: Phione|25\/100\n|-damage|p2a: Honchkrow|59\/100|[from] item: Rocky Helmet|[of] p1a: Phione\n|move|p1a: Phione|Surf|p2a: Honchkrow\n|-damage|p2a: Honchkrow|0 fnt\n|faint|p2a: Honchkrow\n|\n|upkeep\n|\n|t:|1698454335\n|switch|p2a: Gliscor|Gliscor, M|100\/100\n|-damage|p2a: Gliscor|88\/100|[from] Stealth Rock\n|turn|14\n|\n|t:|1698454340\n|move|p2a: Gliscor|Protect|p2a: Gliscor\n|-singleturn|p2a: Gliscor|Protect\n|move|p1a: Phione|Surf|p2a: Gliscor\n|-activate|p2a: Gliscor|move: Protect\n|\n|-status|p2a: Gliscor|tox|[from] item: Toxic Orb\n|upkeep\n|turn|15\n|c|\u2606Hockaj|!weakness phione\n|c| Hockaj|\/raw <div class=\"infobox\">Phione (ignoring abilities):<br \/><span class=\"message-effect-weak\">Weaknesses<\/span>: Electric, Grass<br \/><span class=\"message-effect-resist\">Resistances<\/span>: Fire, Ice, Steel, Water<br \/><span class=\"message-effect-immune\">Immunities<\/span>: <font color=#999999>None<\/font><\/div>\n|\n|t:|1698454355\n|move|p2a: Gliscor|Earthquake|p1a: Phione\n|-damage|p1a: Phione|12\/100\n|move|p1a: Phione|Surf|p2a: Gliscor\n|-supereffective|p2a: Gliscor\n|-crit|p2a: Gliscor\n|-damage|p2a: Gliscor|0 fnt\n|faint|p2a: Gliscor\n|\n|upkeep\n|c|\u2606Hockaj|fat bitch\n|c|\u2606JustANicePotato|wow\n|c|\u2606JustANicePotato|calm down\n|inactive|Hockaj has 120 seconds left.\n|c|\u2606Hockaj|phione too fat\n|\n|t:|1698454379\n|switch|p2a: Probopass|Probopass, F|100\/100\n|-damage|p2a: Probopass|94\/100|[from] Stealth Rock\n|turn|16\n|inactive|Hockaj has 120 seconds left.\n|\n|t:|1698454392\n|move|p2a: Probopass|Protect|p2a: Probopass\n|-singleturn|p2a: Probopass|Protect\n|move|p1a: Phione|Surf|p2a: Probopass\n|-activate|p2a: Probopass|move: Protect\n|\n|-heal|p2a: Probopass|100\/100|[from] item: Leftovers\n|upkeep\n|turn|17\n|\n|t:|1698454400\n|move|p1a: Phione|Surf|p2a: Probopass\n|-supereffective|p2a: Probopass\n|-damage|p2a: Probopass|46\/100\n|move|p2a: Probopass|Body Press|p1a: Phione\n|-damage|p1a: Phione|0 fnt\n|-damage|p2a: Probopass|30\/100|[from] item: Rocky Helmet|[of] p1a: Phione\n|faint|p1a: Phione\n|\n|-heal|p2a: Probopass|36\/100|[from] item: Leftovers\n|upkeep\n|\n|t:|1698454409\n|switch|p1a: Diancie|Diancie|100\/100\n|turn|18\n|\n|t:|1698454422\n|move|p1a: Diancie|Body Press|p2a: Probopass\n|-supereffective|p2a: Probopass\n|-damage|p2a: Probopass|0 fnt\n|faint|p2a: Probopass\n|\n|win|JustANicePotato\n|raw|JustANicePotato's rating: 1153 &rarr; <strong>1191<\/strong><br \/>(+38 for winning)\n|raw|Hockaj's rating: 1349 &rarr; <strong>1319<\/strong><br \/>(-30 for losing)\n","uploadtime":1698454363,"views":3,"p1id":"justanicepotato","p2id":"hockaj","formatid":"gen9anythinggoes","rating":1191,"private":0,"password":""}