{"id":"gen9anythinggoes-1998680755","p1":"Yang_jl","p2":"HeavenBurningLight","format":"[Gen 9] Anything Goes","log":"|j|\u2606Yang_jl\n|j|\u2606HeavenBurningLight\n|inactive|Battle timer is ON: inactive players will automatically lose when time's up.\n|t:|1700971666\n|gametype|singles\n|player|p1|Yang_jl|cynthia-gen4|\n|player|p2|HeavenBurningLight|rosa-pokestar|\n|teamsize|p1|6\n|teamsize|p2|6\n|gen|9\n|tier|[Gen 9] Anything Goes\n|rated|Tournament battle\n|rule|HP Percentage Mod: HP is shown in percentages\n|rule|Endless Battle Clause: Forcing endless battles is banned\n|clearpoke\n|poke|p1|Ting-Lu|\n|poke|p1|Arceus|\n|poke|p1|Arceus-Water|\n|poke|p1|Calyrex-Shadow|\n|poke|p1|Koraidon|\n|poke|p1|Miraidon|\n|poke|p2|Mandibuzz, F|\n|poke|p2|Gliscor, M|\n|poke|p2|Blissey, F|\n|poke|p2|Alomomola, M|\n|poke|p2|Clodsire, M|\n|poke|p2|Dondozo, F|\n|teampreview\n|inactive|Yang_jl also wants the timer to be on.\n|j| sumitvs138\n|\n|t:|1700971682\n|start\n|switch|p1a: Miraidon|Miraidon|100\/100\n|switch|p2a: Malevolent Shrine|Gliscor, M, shiny|100\/100\n|-fieldstart|move: Electric Terrain|[from] ability: Hadron Engine|[of] p1a: Miraidon\n|turn|1\n|\n|t:|1700971694\n|move|p2a: Malevolent Shrine|Protect|p2a: Malevolent Shrine\n|-singleturn|p2a: Malevolent Shrine|Protect\n|move|p1a: Miraidon|Dragon Pulse|p2a: Malevolent Shrine\n|-activate|p2a: Malevolent Shrine|move: Protect\n|\n|-status|p2a: Malevolent Shrine|tox|[from] item: Toxic Orb\n|upkeep\n|turn|2\n|\n|t:|1700971701\n|switch|p1a: Koraidon|Koraidon|100\/100\n|-weather|SunnyDay|[from] ability: Orichalcum Pulse|[of] p1a: Koraidon\n|-activate|p1a: Koraidon|Orichalcum Pulse|[source]\n|switch|p2a: Soothing Wetlands|Blissey, F, shiny|100\/100\n|\n|-weather|SunnyDay|[upkeep]\n|upkeep\n|turn|3\n|\n|t:|1700971709\n|switch|p2a: Wishing Stars|Alomomola, M|100\/100\n|move|p1a: Koraidon|U-turn|p2a: Wishing Stars\n|-damage|p2a: Wishing Stars|84\/100\n|\n|t:|1700971714\n|switch|p1a: Miraidon|Miraidon|100\/100|[from] U-turn\n|-activate|p1a: Miraidon|ability: Hadron Engine\n|\n|-weather|SunnyDay|[upkeep]\n|upkeep\n|turn|4\n|\n|t:|1700971718\n|switch|p1a: Koraidon|Koraidon|100\/100\n|-activate|p1a: Koraidon|ability: Orichalcum Pulse\n|move|p2a: Wishing Stars|Protect||[still]\n|-fail|p2a: Wishing Stars\n|\n|-weather|SunnyDay|[upkeep]\n|upkeep\n|turn|5\n|\n|t:|1700971725\n|move|p1a: Koraidon|U-turn|p2a: Wishing Stars\n|-damage|p2a: Wishing Stars|66\/100\n|\n|t:|1700971728\n|switch|p1a: Miraidon|Miraidon|100\/100|[from] U-turn\n|-activate|p1a: Miraidon|ability: Hadron Engine\n|move|p2a: Wishing Stars|Play Rough|p1a: Miraidon\n|-supereffective|p1a: Miraidon\n|-damage|p1a: Miraidon|67\/100\n|\n|-weather|SunnyDay|[upkeep]\n|-fieldend|move: Electric Terrain\n|upkeep\n|turn|6\n|\n|t:|1700971732\n|move|p2a: Wishing Stars|Protect|p2a: Wishing Stars\n|-singleturn|p2a: Wishing Stars|Protect\n|move|p1a: Miraidon|Electro Drift|p2a: Wishing Stars\n|-activate|p2a: Wishing Stars|move: Protect\n|\n|-weather|none\n|upkeep\n|turn|7\n|\n|t:|1700971738\n|switch|p1a: Calyrex|Calyrex-Shadow|100\/100\n|-ability|p1a: Calyrex|As One\n|-ability|p1a: Calyrex|Unnerve\n|switch|p2a: Malevolent Shrine|Gliscor, M, shiny|100\/100 tox\n|\n|upkeep\n|turn|8\n|\n|t:|1700971744\n|switch|p2a: Den of The Lost|Mandibuzz, F|100\/100\n|move|p1a: Calyrex|Trick|p2a: Den of The Lost\n|-activate|p1a: Calyrex|move: Trick|[of] p2a: Den of The Lost\n|-item|p2a: Den of The Lost|Choice Specs|[from] move: Trick\n|-item|p1a: Calyrex|Heavy-Duty Boots|[from] move: Trick\n|\n|upkeep\n|turn|9\n|\n|t:|1700971760\n|switch|p1a: Koraidon|Koraidon|100\/100\n|-weather|SunnyDay|[from] ability: Orichalcum Pulse|[of] p1a: Koraidon\n|-activate|p1a: Koraidon|Orichalcum Pulse|[source]\n|move|p2a: Den of The Lost|Toxic|p1a: Koraidon\n|-status|p1a: Koraidon|tox\n|\n|-weather|SunnyDay|[upkeep]\n|-damage|p1a: Koraidon|94\/100 tox|[from] psn\n|upkeep\n|turn|10\n|\n|t:|1700971764\n|switch|p2a: Wishing Stars|Alomomola, M|99\/100\n|move|p1a: Koraidon|U-turn|p2a: Wishing Stars\n|-damage|p2a: Wishing Stars|81\/100\n|\n|t:|1700971774\n|switch|p1a: Calyrex|Calyrex-Shadow|100\/100|[from] U-turn\n|-ability|p1a: Calyrex|As One\n|-ability|p1a: Calyrex|Unnerve\n|\n|-weather|SunnyDay|[upkeep]\n|upkeep\n|turn|11\n|inactive|HeavenBurningLight has 120 seconds left.\n|\n|t:|1700971812\n|switch|p2a: Den of The Lost|Mandibuzz, F|100\/100\n|move|p1a: Calyrex|Grass Knot|p2a: Den of The Lost\n|-resisted|p2a: Den of The Lost\n|-damage|p2a: Den of The Lost|93\/100\n|\n|-weather|SunnyDay|[upkeep]\n|upkeep\n|turn|12\n|c| sumitvs138|Good luck heaven\ud83d\ude00\n|\n|t:|1700971837\n|switch|p1a: Koraidon|Koraidon|94\/100 tox\n|-activate|p1a: Koraidon|ability: Orichalcum Pulse\n|move|p2a: Den of The Lost|Knock Off|p1a: Koraidon\n|-resisted|p1a: Koraidon\n|-damage|p1a: Koraidon|84\/100 tox\n|-enditem|p1a: Koraidon|Choice Scarf|[from] move: Knock Off|[of] p2a: Den of The Lost\n|\n|-weather|SunnyDay|[upkeep]\n|-damage|p1a: Koraidon|78\/100 tox|[from] psn\n|upkeep\n|turn|13\n|\n|t:|1700971843\n|switch|p2a: Wishing Stars|Alomomola, M|100\/100\n|move|p1a: Koraidon|Flare Blitz|p2a: Wishing Stars\n|-resisted|p2a: Wishing Stars\n|-damage|p2a: Wishing Stars|77\/100\n|-damage|p1a: Koraidon|66\/100 tox|[from] Recoil\n|\n|-weather|none\n|-damage|p1a: Koraidon|54\/100 tox|[from] psn\n|upkeep\n|turn|14\n|\n|t:|1700971846\n|move|p1a: Koraidon|U-turn|p2a: Wishing Stars\n|-damage|p2a: Wishing Stars|65\/100\n|\n|t:|1700971851\n|switch|p1a: Miraidon|Miraidon|67\/100|[from] U-turn\n|-fieldstart|move: Electric Terrain|[from] ability: Hadron Engine|[of] p1a: Miraidon\n|move|p2a: Wishing Stars|Play Rough|p1a: Miraidon\n|-supereffective|p1a: Miraidon\n|-damage|p1a: Miraidon|33\/100\n|\n|upkeep\n|turn|15\n|\n|t:|1700971856\n|move|p2a: Wishing Stars|Protect|p2a: Wishing Stars\n|-singleturn|p2a: Wishing Stars|Protect\n|move|p1a: Miraidon|Electro Drift|p2a: Wishing Stars\n|-activate|p2a: Wishing Stars|move: Protect\n|\n|upkeep\n|turn|16\n|\n|t:|1700971860\n|switch|p2a: Malevolent Shrine|Gliscor, M, shiny|100\/100 tox\n|move|p1a: Miraidon|Dragon Pulse|p2a: Malevolent Shrine\n|-damage|p2a: Malevolent Shrine|0 fnt\n|faint|p2a: Malevolent Shrine\n|-damage|p1a: Miraidon|23\/100|[from] item: Life Orb\n|\n|upkeep\n|c|\u2606HeavenBurningLight|Ag\n|c|\u2606HeavenBurningLight|Ah\n|c|\u2606HeavenBurningLight|Okay\n|\n|t:|1700971868\n|switch|p2a: Soothing Wetlands|Blissey, F, shiny|100\/100\n|turn|17\n|c| sumitvs138|Yooo\n|c|\u2606HeavenBurningLight|It's fine\n|c| sumitvs138|Gliscor down\n|inactive|Yang_jl has 120 seconds left.\n|c|\u2606HeavenBurningLight|Gliscor wasn't really need\n|\n|t:|1700971900\n|switch|p1a: Ting-Lu|Ting-Lu|100\/100\n|-ability|p1a: Ting-Lu|Vessel of Ruin\n|move|p2a: Soothing Wetlands|Shadow Ball|p1a: Ting-Lu\n|-resisted|p1a: Ting-Lu\n|-damage|p1a: Ting-Lu|98\/100\n|\n|upkeep\n|turn|18\n|c|\u2606HeavenBurningLight|Needed\n|\n|t:|1700971907\n|switch|p2a: Den of The Lost|Mandibuzz, F|93\/100\n|move|p1a: Ting-Lu|Spikes|p2a: Den of The Lost\n|-sidestart|p2: HeavenBurningLight|Spikes\n|\n|-fieldend|move: Electric Terrain\n|upkeep\n|turn|19\n|\n|t:|1700971916\n|move|p2a: Den of The Lost|Toxic|p1a: Ting-Lu|[miss]\n|-miss|p2a: Den of The Lost|p1a: Ting-Lu\n|move|p1a: Ting-Lu|Throat Chop|p2a: Den of The Lost\n|-resisted|p2a: Den of The Lost\n|-damage|p2a: Den of The Lost|82\/100\n|-start|p2a: Den of The Lost|Throat Chop|[silent]\n|\n|upkeep\n|turn|20\n|\n|t:|1700971923\n|switch|p1a: Koraidon|Koraidon|54\/100 tox\n|-weather|SunnyDay|[from] ability: Orichalcum Pulse|[of] p1a: Koraidon\n|-activate|p1a: Koraidon|Orichalcum Pulse|[source]\n|move|p2a: Den of The Lost|Toxic|p1a: Koraidon|[miss]\n|-miss|p2a: Den of The Lost|p1a: Koraidon\n|\n|-weather|SunnyDay|[upkeep]\n|-damage|p1a: Koraidon|47\/100 tox|[from] psn\n|-end|p2a: Den of The Lost|Throat Chop|[silent]\n|upkeep\n|turn|21\n|\n|t:|1700971928\n|switch|p2a: Wishing Stars|Alomomola, M|98\/100\n|move|p1a: Koraidon|U-turn|p2a: Wishing Stars\n|-damage|p2a: Wishing Stars|80\/100\n|\n|t:|1700971936\n|switch|p1a: Calyrex|Calyrex-Shadow|100\/100|[from] U-turn\n|-ability|p1a: Calyrex|As One\n|-ability|p1a: Calyrex|Unnerve\n|\n|-weather|SunnyDay|[upkeep]\n|upkeep\n|turn|22\n|\n|t:|1700971941\n|switch|p2a: Den of The Lost|Mandibuzz, F|82\/100\n|move|p1a: Calyrex|Astral Barrage|p2a: Den of The Lost\n|-resisted|p2a: Den of The Lost\n|-damage|p2a: Den of The Lost|61\/100\n|\n|-weather|SunnyDay|[upkeep]\n|upkeep\n|turn|23\n|\n|t:|1700971951\n|switch|p1a: Koraidon|Koraidon|47\/100 tox\n|-activate|p1a: Koraidon|ability: Orichalcum Pulse\n|move|p2a: Den of The Lost|Roost|p2a: Den of The Lost\n|-heal|p2a: Den of The Lost|100\/100\n|-singleturn|p2a: Den of The Lost|move: Roost\n|\n|-weather|SunnyDay|[upkeep]\n|-damage|p1a: Koraidon|41\/100 tox|[from] psn\n|upkeep\n|turn|24\n|\n|t:|1700971955\n|switch|p2a: Wishing Stars|Alomomola, M|100\/100\n|move|p1a: Koraidon|U-turn|p2a: Wishing Stars\n|-damage|p2a: Wishing Stars|82\/100\n|\n|t:|1700971964\n|switch|p1a: Miraidon|Miraidon|23\/100|[from] U-turn\n|-fieldstart|move: Electric Terrain|[from] ability: Hadron Engine|[of] p1a: Miraidon\n|\n|-weather|none\n|upkeep\n|turn|25\n|c|\u2606HeavenBurningLight|I usually have gliscor for koraidon but it won't be here for much longer\n|\n|t:|1700971974\n|switch|p1a: Calyrex|Calyrex-Shadow|100\/100\n|-ability|p1a: Calyrex|As One\n|-ability|p1a: Calyrex|Unnerve\n|switch|p2a: Soothing Wetlands|Blissey, F, shiny|100\/100\n|\n|upkeep\n|turn|26\n|\n|t:|1700971988\n|switch|p1a: Ting-Lu|Ting-Lu|98\/100\n|-ability|p1a: Ting-Lu|Vessel of Ruin\n|switch|p2a: Den of The Lost|Mandibuzz, F|100\/100\n|\n|upkeep\n|turn|27\n|\n|t:|1700972004\n|move|p2a: Den of The Lost|Toxic|p1a: Ting-Lu\n|-status|p1a: Ting-Lu|tox\n|move|p1a: Ting-Lu|Throat Chop|p2a: Den of The Lost\n|-resisted|p2a: Den of The Lost\n|-damage|p2a: Den of The Lost|89\/100\n|-start|p2a: Den of The Lost|Throat Chop|[silent]\n|\n|-damage|p1a: Ting-Lu|91\/100 tox|[from] psn\n|upkeep\n|turn|28\n|\n|t:|1700972012\n|switch|p2a: Wishing Stars|Alomomola, M|100\/100\n|switch|p1a: Arceus|Arceus-Water|100\/100\n|\n|-fieldend|move: Electric Terrain\n|upkeep\n|turn|29\n|c| sumitvs138|Yeah\n|\n|t:|1700972020\n|switch|p2a: Den of The Lost|Mandibuzz, F|89\/100\n|move|p1a: Arceus|Stealth Rock|p2a: Den of The Lost\n|-sidestart|p2: HeavenBurningLight|move: Stealth Rock\n|\n|upkeep\n|turn|30\n|\n|t:|1700972027\n|move|p1a: Arceus|Will-O-Wisp|p2a: Den of The Lost|[miss]\n|-miss|p1a: Arceus|p2a: Den of The Lost\n|move|p2a: Den of The Lost|Toxic|p1a: Arceus\n|-status|p1a: Arceus|tox\n|\n|-damage|p1a: Arceus|94\/100 tox|[from] psn\n|upkeep\n|turn|31\n|\n|t:|1700972031\n|switch|p2a: Soothing Wetlands|Blissey, F, shiny|100\/100\n|move|p1a: Arceus|Will-O-Wisp|p2a: Soothing Wetlands\n|-status|p2a: Soothing Wetlands|brn\n|\n|-damage|p1a: Arceus|82\/100 tox|[from] psn\n|-damage|p2a: Soothing Wetlands|94\/100 brn|[from] brn\n|upkeep\n|turn|32\n|\n|t:|1700972045\n|switch|p1a: Arceus|Arceus|100\/100\n|move|p2a: Soothing Wetlands|Shadow Ball|p1a: Arceus\n|-immune|p1a: Arceus\n|\n|-damage|p2a: Soothing Wetlands|88\/100 brn|[from] brn\n|upkeep\n|turn|33\n|\n|t:|1700972050\n|switch|p1a: Calyrex|Calyrex-Shadow|100\/100\n|-ability|p1a: Calyrex|As One\n|-ability|p1a: Calyrex|Unnerve\n|-curestatus|p2a: Soothing Wetlands|brn|[from] ability: Natural Cure\n|switch|p2a: Wishing Stars|Alomomola, M|100\/100\n|\n|upkeep\n|turn|34\n|\n|t:|1700972060\n|switch|p2a: Den of The Lost|Mandibuzz, F|89\/100\n|-damage|p2a: Den of The Lost|64\/100|[from] Stealth Rock\n|move|p1a: Calyrex|Astral Barrage|p2a: Den of The Lost\n|-resisted|p2a: Den of The Lost\n|-damage|p2a: Den of The Lost|41\/100\n|\n|upkeep\n|turn|35\n|\n|t:|1700972075\n|switch|p1a: Koraidon|Koraidon|41\/100 tox\n|-weather|SunnyDay|[from] ability: Orichalcum Pulse|[of] p1a: Koraidon\n|-activate|p1a: Koraidon|Orichalcum Pulse|[source]\n|move|p2a: Den of The Lost|Roost|p2a: Den of The Lost\n|-heal|p2a: Den of The Lost|91\/100\n|-singleturn|p2a: Den of The Lost|move: Roost\n|\n|-weather|SunnyDay|[upkeep]\n|-damage|p1a: Koraidon|35\/100 tox|[from] psn\n|upkeep\n|turn|36\n|\n|t:|1700972079\n|switch|p2a: Wishing Stars|Alomomola, M|100\/100\n|move|p1a: Koraidon|U-turn|p2a: Wishing Stars\n|-damage|p2a: Wishing Stars|83\/100\n|\n|t:|1700972083\n|switch|p1a: Calyrex|Calyrex-Shadow|100\/100|[from] U-turn\n|-ability|p1a: Calyrex|As One\n|-ability|p1a: Calyrex|Unnerve\n|\n|-weather|SunnyDay|[upkeep]\n|upkeep\n|turn|37\n|\n|t:|1700972087\n|switch|p2a: Den of The Lost|Mandibuzz, F|91\/100\n|-damage|p2a: Den of The Lost|66\/100|[from] Stealth Rock\n|move|p1a: Calyrex|Astral Barrage|p2a: Den of The Lost\n|-resisted|p2a: Den of The Lost\n|-damage|p2a: Den of The Lost|42\/100\n|\n|-weather|SunnyDay|[upkeep]\n|upkeep\n|turn|38\n|\n|t:|1700972095\n|switch|p1a: Koraidon|Koraidon|35\/100 tox\n|-activate|p1a: Koraidon|ability: Orichalcum Pulse\n|move|p2a: Den of The Lost|Knock Off|p1a: Koraidon\n|-resisted|p1a: Koraidon\n|-damage|p1a: Koraidon|28\/100 tox\n|\n|-weather|SunnyDay|[upkeep]\n|-damage|p1a: Koraidon|22\/100 tox|[from] psn\n|upkeep\n|turn|39\n|\n|t:|1700972100\n|move|p1a: Koraidon|U-turn|p2a: Den of The Lost\n|-damage|p2a: Den of The Lost|15\/100\n|\n|t:|1700972104\n|switch|p1a: Miraidon|Miraidon|23\/100|[from] U-turn\n|-fieldstart|move: Electric Terrain|[from] ability: Hadron Engine|[of] p1a: Miraidon\n|move|p2a: Den of The Lost|Knock Off|p1a: Miraidon\n|-damage|p1a: Miraidon|0 fnt\n|-enditem|p1a: Miraidon|Life Orb|[from] move: Knock Off|[of] p2a: Den of The Lost\n|faint|p1a: Miraidon\n|\n|-weather|none\n|upkeep\n|\n|t:|1700972106\n|switch|p1a: Calyrex|Calyrex-Shadow|100\/100\n|-ability|p1a: Calyrex|As One\n|-ability|p1a: Calyrex|Unnerve\n|turn|40\n|\n|t:|1700972112\n|move|p1a: Calyrex|Astral Barrage|p2a: Den of The Lost\n|-resisted|p2a: Den of The Lost\n|-damage|p2a: Den of The Lost|0 fnt\n|faint|p2a: Den of The Lost\n|-ability|p1a: Calyrex|Grim Neigh|boost\n|-boost|p1a: Calyrex|spa|1\n|\n|upkeep\n|\n|t:|1700972115\n|switch|p2a: Only Chance|Clodsire, M|100\/100\n|turn|41\n|\n|t:|1700972118\n|-terastallize|p2a: Only Chance|Dark\n|move|p1a: Calyrex|Astral Barrage|p2a: Only Chance\n|-resisted|p2a: Only Chance\n|-damage|p2a: Only Chance|81\/100\n|move|p2a: Only Chance|Stealth Rock|p1a: Calyrex\n|-sidestart|p1: Yang_jl|move: Stealth Rock\n|\n|upkeep\n|turn|42\n|\n|t:|1700972128\n|move|p1a: Calyrex|Grass Knot|p2a: Only Chance\n|-damage|p2a: Only Chance|54\/100\n|move|p2a: Only Chance|Poison Jab|p1a: Calyrex\n|-resisted|p1a: Calyrex\n|-damage|p1a: Calyrex|88\/100\n|\n|upkeep\n|turn|43\n|\n|t:|1700972132\n|move|p1a: Calyrex|Grass Knot|p2a: Only Chance\n|-damage|p2a: Only Chance|25\/100\n|move|p2a: Only Chance|Recover|p2a: Only Chance\n|-heal|p2a: Only Chance|75\/100\n|\n|-fieldend|move: Electric Terrain\n|upkeep\n|turn|44\n|\n|t:|1700972139\n|move|p1a: Calyrex|Grass Knot|p2a: Only Chance\n|-damage|p2a: Only Chance|48\/100\n|move|p2a: Only Chance|Poison Jab|p1a: Calyrex\n|-resisted|p1a: Calyrex\n|-damage|p1a: Calyrex|76\/100\n|-status|p1a: Calyrex|psn\n|\n|-damage|p1a: Calyrex|63\/100 psn|[from] psn\n|upkeep\n|turn|45\n|\n|t:|1700972142\n|move|p1a: Calyrex|Grass Knot|p2a: Only Chance\n|-damage|p2a: Only Chance|24\/100\n|move|p2a: Only Chance|Recover|p2a: Only Chance\n|-heal|p2a: Only Chance|74\/100\n|\n|-damage|p1a: Calyrex|51\/100 psn|[from] psn\n|upkeep\n|turn|46\n|\n|t:|1700972147\n|switch|p1a: Koraidon|Koraidon|22\/100 tox\n|-damage|p1a: Koraidon|16\/100 tox|[from] Stealth Rock\n|-weather|SunnyDay|[from] ability: Orichalcum Pulse|[of] p1a: Koraidon\n|-activate|p1a: Koraidon|Orichalcum Pulse|[source]\n|move|p2a: Only Chance|Recover|p2a: Only Chance\n|-heal|p2a: Only Chance|100\/100\n|\n|-weather|SunnyDay|[upkeep]\n|-damage|p1a: Koraidon|10\/100 tox|[from] psn\n|upkeep\n|turn|47\n|\n|t:|1700972153\n|switch|p2a: Wishing Stars|Alomomola, M|100\/100\n|move|p1a: Koraidon|Flare Blitz|p2a: Wishing Stars\n|-resisted|p2a: Wishing Stars\n|-crit|p2a: Wishing Stars\n|-damage|p2a: Wishing Stars|66\/100\n|-damage|p1a: Koraidon|0 fnt|[from] Recoil\n|faint|p1a: Koraidon\n|\n|-weather|SunnyDay|[upkeep]\n|upkeep\n|\n|t:|1700972164\n|switch|p1a: Calyrex|Calyrex-Shadow|51\/100 psn\n|-ability|p1a: Calyrex|As One\n|-ability|p1a: Calyrex|Unnerve\n|turn|48\n|c|\u2606HeavenBurningLight|That should be it I stall the rest of the team\n|\n|t:|1700972169\n|switch|p2a: Only Chance|Clodsire, M, tera:Dark|100\/100\n|move|p1a: Calyrex|Grass Knot|p2a: Only Chance\n|-damage|p2a: Only Chance|75\/100\n|\n|-weather|SunnyDay|[upkeep]\n|-damage|p1a: Calyrex|39\/100 psn|[from] psn\n|upkeep\n|turn|49\n|\n|t:|1700972175\n|switch|p1a: Arceus|Arceus-Water|82\/100 tox\n|-damage|p1a: Arceus|70\/100 tox|[from] Stealth Rock\n|move|p2a: Only Chance|Earthquake|p1a: Arceus\n|-damage|p1a: Arceus|56\/100 tox\n|\n|-weather|SunnyDay|[upkeep]\n|-damage|p1a: Arceus|50\/100 tox|[from] psn\n|upkeep\n|turn|50\n|\n|t:|1700972179\n|move|p1a: Arceus|Recover|p1a: Arceus\n|-heal|p1a: Arceus|99\/100 tox\n|move|p2a: Only Chance|Recover|p2a: Only Chance\n|-heal|p2a: Only Chance|100\/100\n|\n|-weather|none\n|-damage|p1a: Arceus|88\/100 tox|[from] psn\n|upkeep\n|turn|51\n|c| sumitvs138|Yeah\n|\n|t:|1700972182\n|move|p1a: Arceus|Ice Beam|p2a: Only Chance\n|-damage|p2a: Only Chance|86\/100\n|move|p2a: Only Chance|Earthquake|p1a: Arceus\n|-damage|p1a: Arceus|74\/100 tox\n|\n|-damage|p1a: Arceus|56\/100 tox|[from] psn\n|upkeep\n|turn|52\n|\n|t:|1700972188\n|switch|p2a: Soothing Wetlands|Blissey, F, shiny|88\/100\n|move|p1a: Arceus|Recover|p1a: Arceus\n|-heal|p1a: Arceus|100\/100 tox\n|\n|-damage|p1a: Arceus|76\/100 tox|[from] psn\n|upkeep\n|turn|53\n|\n|t:|1700972192\n|switch|p1a: Ting-Lu|Ting-Lu|91\/100 tox\n|-ability|p1a: Ting-Lu|Vessel of Ruin\n|move|p2a: Soothing Wetlands|Shadow Ball|p1a: Ting-Lu\n|-resisted|p1a: Ting-Lu\n|-damage|p1a: Ting-Lu|89\/100 tox\n|\n|-damage|p1a: Ting-Lu|83\/100 tox|[from] psn\n|upkeep\n|turn|54\n|\n|t:|1700972195\n|switch|p2a: Wishing Stars|Alomomola, M|99\/100\n|move|p1a: Ting-Lu|Earthquake|p2a: Wishing Stars\n|-damage|p2a: Wishing Stars|80\/100\n|\n|-damage|p1a: Ting-Lu|71\/100 tox|[from] psn\n|upkeep\n|turn|55\n|\n|t:|1700972200\n|move|p1a: Ting-Lu|Throat Chop|p2a: Wishing Stars\n|-damage|p2a: Wishing Stars|66\/100\n|-start|p2a: Wishing Stars|Throat Chop|[silent]\n|move|p2a: Wishing Stars|Scald|p1a: Ting-Lu\n|-supereffective|p1a: Ting-Lu\n|-damage|p1a: Ting-Lu|59\/100 tox\n|\n|-damage|p1a: Ting-Lu|41\/100 tox|[from] psn\n|upkeep\n|turn|56\n|-message|Yang_jl forfeited.\n|\n|win|HeavenBurningLight\n|n|\u2606Yang_jl|yangjl\n|n|\u2606HeavenBurningLight|heavenburninglight\n|n| sumitvs138|sumitvs138\n","uploadtime":1700972210,"views":0,"p1id":"yangjl","p2id":"heavenburninglight","formatid":"gen9anythinggoes","rating":0,"private":0,"password":""}