{"id":"gen9anythinggoes-1976676500","p1":"cazniac","p2":"Vocaloid Arc","format":"[Gen 9] Anything Goes","log":"|j|\u2606cazniac\n|j|\u2606Vocaloid Arc\n|t:|1698332609\n|gametype|singles\n|player|p1|cazniac|1|1000\n|player|p2|Vocaloid Arc|1|1102\n|teamsize|p1|6\n|teamsize|p2|6\n|gen|9\n|tier|[Gen 9] Anything Goes\n|rated|\n|rule|HP Percentage Mod: HP is shown in percentages\n|rule|Endless Battle Clause: Forcing endless battles is banned\n|clearpoke\n|poke|p1|Ursaring, F|\n|poke|p1|Primeape, F|\n|poke|p1|Dunsparce, F|\n|poke|p1|Girafarig, M|\n|poke|p1|Floragato, M|\n|poke|p1|Tinkatuff, F|\n|poke|p2|Murkrow, M|\n|poke|p2|Toedscruel, M|\n|poke|p2|Gengar, F|\n|poke|p2|Blissey, F|\n|poke|p2|Zacian-*|\n|poke|p2|Mismagius, F|\n|teampreview\n|\n|t:|1698332618\n|start\n|switch|p1a: Girafarig|Girafarig, M|100\/100\n|switch|p2a: Toedscruel|Toedscruel, M|100\/100\n|turn|1\n|inactive|Battle timer is ON: inactive players will automatically lose when time's up. (requested by cazniac)\n|c|\u2606Vocaloid Arc|BEAR WITNESSS\n|c|\u2606Vocaloid Arc|Mwahahahhahah\n|\n|t:|1698332634\n|move|p1a: Girafarig|Light Screen|p1a: Girafarig\n|-sidestart|p1: cazniac|move: Light Screen\n|move|p2a: Toedscruel|Toxic Spikes|p1a: Girafarig\n|-sidestart|p1: cazniac|move: Toxic Spikes\n|\n|upkeep\n|turn|2\n|\n|t:|1698332638\n|move|p1a: Girafarig|Reflect|p1a: Girafarig\n|-sidestart|p1: cazniac|Reflect\n|move|p2a: Toedscruel|Toxic Spikes|p1a: Girafarig\n|-sidestart|p1: cazniac|move: Toxic Spikes\n|\n|upkeep\n|turn|3\n|\n|t:|1698332644\n|move|p1a: Girafarig|Hyper Voice|p2a: Toedscruel\n|-damage|p2a: Toedscruel|83\/100\n|move|p2a: Toedscruel|Substitute|p2a: Toedscruel\n|-start|p2a: Toedscruel|Substitute\n|-damage|p2a: Toedscruel|58\/100\n|\n|-heal|p2a: Toedscruel|64\/100|[from] item: Leftovers\n|upkeep\n|turn|4\n|\n|t:|1698332661\n|switch|p2a: Mismagius|Mismagius, F|100\/100\n|-terastallize|p1a: Girafarig|Normal\n|move|p1a: Girafarig|Hyper Voice|p2a: Mismagius\n|-immune|p2a: Mismagius\n|\n|upkeep\n|turn|5\n|\n|t:|1698332679\n|switch|p2a: Blissey|Blissey, F|100\/100\n|move|p1a: Girafarig|Baton Pass|p1a: Girafarig\n|\n|t:|1698332687\n|switch|p1a: Dunsparce|Dunsparce, F|100\/100|[from] Baton Pass\n|-status|p1a: Dunsparce|tox\n|\n|-damage|p1a: Dunsparce|94\/100 tox|[from] psn\n|-sideend|p1: cazniac|move: Light Screen\n|upkeep\n|turn|6\n|\n|t:|1698332696\n|move|p2a: Blissey|Calm Mind|p2a: Blissey\n|-boost|p2a: Blissey|spa|1\n|-boost|p2a: Blissey|spd|1\n|move|p1a: Dunsparce|Coil|p1a: Dunsparce\n|-boost|p1a: Dunsparce|atk|1\n|-boost|p1a: Dunsparce|def|1\n|-boost|p1a: Dunsparce|accuracy|1\n|\n|-damage|p1a: Dunsparce|82\/100 tox|[from] psn\n|-sideend|p1: cazniac|Reflect\n|upkeep\n|turn|7\n|\n|t:|1698332707\n|move|p2a: Blissey|Calm Mind|p2a: Blissey\n|-boost|p2a: Blissey|spa|1\n|-boost|p2a: Blissey|spd|1\n|move|p1a: Dunsparce|Coil|p1a: Dunsparce\n|-boost|p1a: Dunsparce|atk|1\n|-boost|p1a: Dunsparce|def|1\n|-boost|p1a: Dunsparce|accuracy|1\n|\n|-damage|p1a: Dunsparce|64\/100 tox|[from] psn\n|upkeep\n|turn|8\n|\n|t:|1698332719\n|move|p2a: Blissey|Light Screen|p2a: Blissey\n|-sidestart|p2: Vocaloid Arc|move: Light Screen\n|move|p1a: Dunsparce|Baton Pass|p1a: Dunsparce\n|\n|t:|1698332735\n|switch|p1a: Ursaring|Ursaring, F|100\/100|[from] Baton Pass\n|-status|p1a: Ursaring|tox\n|\n|-damage|p1a: Ursaring|94\/100 tox|[from] psn\n|upkeep\n|turn|9\n|\n|t:|1698332747\n|move|p1a: Ursaring|Close Combat|p2a: Blissey\n|-supereffective|p2a: Blissey\n|-damage|p2a: Blissey|0 fnt\n|-unboost|p1a: Ursaring|def|1\n|-unboost|p1a: Ursaring|spd|1\n|faint|p2a: Blissey\n|\n|-damage|p1a: Ursaring|82\/100 tox|[from] psn\n|upkeep\n|\n|t:|1698332759\n|switch|p2a: Zacian|Zacian-Crowned|100\/100\n|-ability|p2a: Zacian|Intrepid Sword|boost\n|-boost|p2a: Zacian|atk|1\n|turn|10\n|\n|t:|1698332769\n|-terastallize|p2a: Zacian|Fairy\n|move|p2a: Zacian|Sacred Sword|p1a: Ursaring\n|-supereffective|p1a: Ursaring\n|-damage|p1a: Ursaring|5\/100 tox\n|move|p1a: Ursaring|Earthquake|p2a: Zacian\n|-crit|p2a: Zacian\n|-damage|p2a: Zacian|0 fnt\n|faint|p2a: Zacian\n|\n|-damage|p1a: Ursaring|0 fnt|[from] psn\n|faint|p1a: Ursaring\n|upkeep\n|\n|t:|1698332782\n|switch|p2a: Murkrow|Murkrow, M, shiny|100\/100\n|switch|p1a: Dunsparce|Dunsparce, F|64\/100 tox\n|turn|11\n|\n|t:|1698332790\n|move|p2a: Murkrow|U-turn|p1a: Dunsparce\n|-damage|p1a: Dunsparce|54\/100 tox\n|\n|t:|1698332793\n|switch|p2a: Toedscruel|Toedscruel, M|64\/100|[from] U-turn\n|move|p1a: Dunsparce|Coil|p1a: Dunsparce\n|-boost|p1a: Dunsparce|atk|1\n|-boost|p1a: Dunsparce|def|1\n|-boost|p1a: Dunsparce|accuracy|1\n|\n|-heal|p2a: Toedscruel|70\/100|[from] item: Leftovers\n|-damage|p1a: Dunsparce|48\/100 tox|[from] psn\n|upkeep\n|turn|12\n|\n|t:|1698332811\n|move|p1a: Dunsparce|Baton Pass|p1a: Dunsparce\n|\n|t:|1698332814\n|switch|p1a: Girafarig|Girafarig, M, tera:Normal|100\/100|[from] Baton Pass\n|-status|p1a: Girafarig|tox\n|move|p2a: Toedscruel|Spikes|p1a: Girafarig\n|-sidestart|p1: cazniac|Spikes\n|\n|-heal|p2a: Toedscruel|76\/100|[from] item: Leftovers\n|-damage|p1a: Girafarig|94\/100 tox|[from] psn\n|-sideend|p2: Vocaloid Arc|move: Light Screen\n|upkeep\n|turn|13\n|\n|t:|1698332827\n|move|p1a: Girafarig|Light Screen|p1a: Girafarig\n|-sidestart|p1: cazniac|move: Light Screen\n|move|p2a: Toedscruel|Spikes|p1a: Girafarig\n|-sidestart|p1: cazniac|Spikes\n|\n|-heal|p2a: Toedscruel|82\/100|[from] item: Leftovers\n|-damage|p1a: Girafarig|82\/100 tox|[from] psn\n|upkeep\n|turn|14\n|\n|t:|1698332834\n|move|p1a: Girafarig|Hyper Voice|p2a: Toedscruel\n|-damage|p2a: Toedscruel|59\/100\n|move|p2a: Toedscruel|Spikes|p1a: Girafarig\n|-sidestart|p1: cazniac|Spikes\n|\n|-heal|p2a: Toedscruel|65\/100|[from] item: Leftovers\n|-damage|p1a: Girafarig|64\/100 tox|[from] psn\n|upkeep\n|turn|15\n|\n|t:|1698332843\n|move|p2a: Toedscruel|Giga Drain|p1a: Girafarig\n|-damage|p1a: Girafarig|56\/100 tox\n|-heal|p2a: Toedscruel|69\/100|[from] drain|[of] p1a: Girafarig\n|move|p1a: Girafarig|Reflect|p1a: Girafarig\n|-sidestart|p1: cazniac|Reflect\n|\n|-heal|p2a: Toedscruel|75\/100|[from] item: Leftovers\n|-damage|p1a: Girafarig|32\/100 tox|[from] psn\n|upkeep\n|turn|16\n|\n|t:|1698332861\n|switch|p2a: Gengar|Gengar, F|100\/100\n|move|p1a: Girafarig|Hyper Voice|p2a: Gengar\n|-immune|p2a: Gengar\n|\n|-damage|p1a: Girafarig|2\/100 tox|[from] psn\n|upkeep\n|turn|17\n|\n|t:|1698332871\n|move|p2a: Gengar|Mean Look|p1a: Girafarig\n|-activate|p1a: Girafarig|trapped\n|move|p1a: Girafarig|Baton Pass|p1a: Girafarig\n|\n|t:|1698332877\n|switch|p1a: Tinkatuff|Tinkatuff, F|100\/100|[from] Baton Pass\n|-damage|p1a: Tinkatuff|75\/100|[from] Spikes\n|-ability|p1a: Tinkatuff|Mold Breaker\n|\n|-sideend|p1: cazniac|move: Light Screen\n|upkeep\n|turn|18\n|\n|t:|1698332889\n|move|p2a: Gengar|Mean Look|p1a: Tinkatuff\n|-activate|p1a: Tinkatuff|trapped\n|move|p1a: Tinkatuff|Knock Off|p2a: Gengar\n|-supereffective|p2a: Gengar\n|-damage|p2a: Gengar|26\/100\n|-enditem|p2a: Gengar|Focus Sash|[from] move: Knock Off|[of] p1a: Tinkatuff\n|\n|upkeep\n|turn|19\n|\n|t:|1698332899\n|move|p2a: Gengar|Destiny Bond|p2a: Gengar\n|-singlemove|p2a: Gengar|Destiny Bond\n|move|p1a: Tinkatuff|Knock Off|p2a: Gengar\n|-supereffective|p2a: Gengar\n|-damage|p2a: Gengar|0 fnt\n|faint|p2a: Gengar\n|-activate|p2a: Gengar|move: Destiny Bond\n|faint|p1a: Tinkatuff\n|\n|-sideend|p1: cazniac|Reflect\n|upkeep\n|\n|t:|1698332910\n|switch|p2a: Murkrow|Murkrow, M, shiny|100\/100\n|switch|p1a: Girafarig|Girafarig, M, tera:Normal|2\/100 tox\n|-damage|p1a: Girafarig|0 fnt|[from] Spikes\n|faint|p1a: Girafarig\n|\n|t:|1698332916\n|switch|p1a: Dunsparce|Dunsparce, F|48\/100 tox\n|-damage|p1a: Dunsparce|23\/100 tox|[from] Spikes\n|turn|20\n|\n|t:|1698332924\n|move|p2a: Murkrow|U-turn|p1a: Dunsparce\n|-damage|p1a: Dunsparce|14\/100 tox\n|\n|t:|1698332927\n|switch|p2a: Mismagius|Mismagius, F|100\/100|[from] U-turn\n|move|p1a: Dunsparce|Hyper Drill|p2a: Mismagius\n|-immune|p2a: Mismagius\n|\n|-damage|p1a: Dunsparce|8\/100 tox|[from] psn\n|upkeep\n|turn|21\n|\n|t:|1698332937\n|move|p2a: Mismagius|Protect|p2a: Mismagius\n|-singleturn|p2a: Mismagius|Protect\n|move|p1a: Dunsparce|Earthquake|p2a: Mismagius\n|-activate|p2a: Mismagius|move: Protect\n|\n|-damage|p1a: Dunsparce|0 fnt|[from] psn\n|faint|p1a: Dunsparce\n|upkeep\n|\n|t:|1698332949\n|switch|p1a: Floragato|Floragato, M|100\/100\n|-status|p1a: Floragato|tox\n|-damage|p1a: Floragato|75\/100 tox|[from] Spikes\n|turn|22\n|\n|t:|1698332957\n|move|p2a: Mismagius|Mean Look|p1a: Floragato\n|-activate|p1a: Floragato|trapped\n|move|p1a: Floragato|Leech Seed|p2a: Mismagius\n|-start|p2a: Mismagius|move: Leech Seed\n|\n|-damage|p2a: Mismagius|88\/100|[from] Leech Seed|[of] p1a: Floragato\n|-heal|p1a: Floragato|91\/100 tox|[silent]\n|-damage|p1a: Floragato|85\/100 tox|[from] psn\n|upkeep\n|turn|23\n|\n|t:|1698332966\n|move|p2a: Mismagius|Destiny Bond|p2a: Mismagius\n|-singlemove|p2a: Mismagius|Destiny Bond\n|move|p1a: Floragato|Shadow Claw|p2a: Mismagius\n|-start|p1a: Floragato|typechange|Ghost|[from] ability: Protean\n|-supereffective|p2a: Mismagius\n|-damage|p2a: Mismagius|15\/100\n|-enditem|p2a: Mismagius|Salac Berry|[eat]\n|-boost|p2a: Mismagius|spe|1|[from] item: Salac Berry\n|\n|-damage|p2a: Mismagius|3\/100|[from] Leech Seed|[of] p1a: Floragato\n|-heal|p1a: Floragato|99\/100 tox|[silent]\n|-damage|p1a: Floragato|88\/100 tox|[from] psn\n|upkeep\n|turn|24\n|\n|t:|1698332980\n|move|p2a: Mismagius|Perish Song|p2a: Mismagius\n|-start|p1a: Floragato|perish3|[silent]\n|-start|p2a: Mismagius|perish3|[silent]\n|-fieldactivate|move: Perish Song\n|move|p1a: Floragato|U-turn|p2a: Mismagius\n|-resisted|p2a: Mismagius\n|-damage|p2a: Mismagius|0 fnt\n|faint|p2a: Mismagius\n|\n|t:|1698332988\n|switch|p1a: Primeape|Primeape, F|100\/100|[from] U-turn\n|-status|p1a: Primeape|tox\n|-damage|p1a: Primeape|75\/100 tox|[from] Spikes\n|\n|-damage|p1a: Primeape|69\/100 tox|[from] psn\n|upkeep\n|\n|t:|1698332997\n|switch|p2a: Murkrow|Murkrow, M, shiny|100\/100\n|turn|25\n|\n|t:|1698333002\n|move|p2a: Murkrow|Mean Look|p1a: Primeape\n|-activate|p1a: Primeape|trapped\n|move|p1a: Primeape|Ice Punch|p2a: Murkrow\n|-supereffective|p2a: Murkrow\n|-damage|p2a: Murkrow|23\/100\n|\n|-damage|p1a: Primeape|57\/100 tox|[from] psn\n|upkeep\n|turn|26\n|\n|t:|1698333010\n|move|p2a: Murkrow|Perish Song|p2a: Murkrow\n|-start|p1a: Primeape|perish3|[silent]\n|-start|p2a: Murkrow|perish3|[silent]\n|-fieldactivate|move: Perish Song\n|move|p1a: Primeape|Ice Punch|p2a: Murkrow\n|-supereffective|p2a: Murkrow\n|-crit|p2a: Murkrow\n|-damage|p2a: Murkrow|0 fnt\n|faint|p2a: Murkrow\n|\n|-damage|p1a: Primeape|38\/100 tox|[from] psn\n|-start|p1a: Primeape|perish3\n|upkeep\n|\n|t:|1698333020\n|switch|p2a: Toedscruel|Toedscruel, M|75\/100\n|turn|27\n|\n|t:|1698333026\n|move|p1a: Primeape|Ice Punch|p2a: Toedscruel\n|-supereffective|p2a: Toedscruel\n|-damage|p2a: Toedscruel|0 fnt\n|faint|p2a: Toedscruel\n|\n|win|cazniac\n|raw|cazniac's rating: 1000 &rarr; <strong>1051<\/strong><br \/>(+51 for winning)\n|raw|Vocaloid Arc's rating: 1102 &rarr; <strong>1070<\/strong><br \/>(-32 for losing)\n|c|\u2606cazniac|Gg\n","uploadtime":1698333043,"views":8,"p1id":"cazniac","p2id":"vocaloidarc","formatid":"gen9anythinggoes","rating":1051,"private":0,"password":""}