{"id":"gen9anythinggoes-1980460078","p1":"phillibert","p2":"grass knot zygarde","format":"[Gen 9] Anything Goes","log":"|j|\u2606phillibert\n|j|\u2606grass knot zygarde\n|t:|1698786974\n|gametype|singles\n|player|p1|phillibert|unknown|1333\n|player|p2|grass knot zygarde|dawn|1305\n|teamsize|p1|6\n|teamsize|p2|6\n|gen|9\n|tier|[Gen 9] Anything Goes\n|rated|\n|rule|HP Percentage Mod: HP is shown in percentages\n|rule|Endless Battle Clause: Forcing endless battles is banned\n|clearpoke\n|poke|p1|Calyrex-Shadow|\n|poke|p1|Arceus-Fire|\n|poke|p1|Iron Treads|\n|poke|p1|Miraidon|\n|poke|p1|Ting-Lu|\n|poke|p1|Ditto|\n|poke|p2|Ursaluna-Bloodmoon, M|\n|poke|p2|Calyrex-Ice|\n|poke|p2|Arceus|\n|poke|p2|Arceus-Grass|\n|poke|p2|Koraidon|\n|poke|p2|Rayquaza|\n|teampreview\n|inactive|Battle timer is ON: inactive players will automatically lose when time's up. (requested by grass knot zygarde)\n|\n|t:|1698786994\n|start\n|switch|p1a: Miraidon|Miraidon|100\/100\n|switch|p2a: Arceus|Arceus-Grass|100\/100\n|-fieldstart|move: Electric Terrain|[from] ability: Hadron Engine|[of] p1a: Miraidon\n|turn|1\n|\n|t:|1698787002\n|move|p1a: Miraidon|U-turn|p2a: Arceus\n|-supereffective|p2a: Arceus\n|-damage|p2a: Arceus|83\/100\n|j| incrediblebraps\n|\n|t:|1698787008\n|switch|p1a: Arceus|Arceus-Fire|100\/100|[from] U-turn\n|move|p2a: Arceus|Trick Room|p2a: Arceus\n|-fieldstart|move: Trick Room|[of] p2a: Arceus\n|\n|upkeep\n|turn|2\n|inactive|phillibert has 120 seconds left.\n|\n|t:|1698787048\n|switch|p2a: Ursaluna|Ursaluna-Bloodmoon, M|100\/100\n|move|p1a: Arceus|Will-O-Wisp|p2a: Ursaluna\n|-status|p2a: Ursaluna|brn\n|\n|-damage|p2a: Ursaluna|94\/100 brn|[from] brn\n|upkeep\n|turn|3\n|\n|t:|1698787056\n|move|p2a: Ursaluna|Earth Power|p1a: Arceus\n|-supereffective|p1a: Arceus\n|-damage|p1a: Arceus|31\/100\n|-unboost|p1a: Arceus|spd|1\n|move|p1a: Arceus|Recover|p1a: Arceus\n|-heal|p1a: Arceus|81\/100\n|\n|-damage|p2a: Ursaluna|88\/100 brn|[from] brn\n|upkeep\n|turn|4\n|inactive|phillibert has 120 seconds left.\n|\n|t:|1698787082\n|switch|p1a: Ting-Lu|Ting-Lu|100\/100\n|-ability|p1a: Ting-Lu|Vessel of Ruin\n|move|p2a: Ursaluna|Blood Moon|p1a: Ting-Lu\n|-damage|p1a: Ting-Lu|38\/100\n|\n|-heal|p1a: Ting-Lu|44\/100|[from] item: Leftovers\n|-damage|p2a: Ursaluna|82\/100 brn|[from] brn\n|upkeep\n|turn|5\n|\n|t:|1698787097\n|move|p2a: Ursaluna|Hyper Beam|p1a: Ting-Lu\n|-damage|p1a: Ting-Lu|0 fnt\n|-mustrecharge|p2a: Ursaluna\n|faint|p1a: Ting-Lu\n|\n|-damage|p2a: Ursaluna|76\/100 brn|[from] brn\n|-fieldend|move: Trick Room\n|-fieldend|move: Electric Terrain\n|upkeep\n|inactive|phillibert has 90 seconds left.\n|\n|t:|1698787117\n|switch|p1a: Miraidon|Miraidon|100\/100\n|-fieldstart|move: Electric Terrain|[from] ability: Hadron Engine|[of] p1a: Miraidon\n|turn|6\n|inactive|phillibert has 90 seconds left.\n|\n|t:|1698787123\n|move|p1a: Miraidon|Draco Meteor|p2a: Ursaluna\n|-damage|p2a: Ursaluna|0 fnt\n|-unboost|p1a: Miraidon|spa|2\n|faint|p2a: Ursaluna\n|\n|upkeep\n|\n|t:|1698787128\n|switch|p2a: Arceus|Arceus-Grass|83\/100\n|turn|7\n|inactive|phillibert has 90 seconds left.\n|\n|t:|1698787146\n|switch|p1a: Ditto|Ditto|100\/100\n|-transform|p1a: Ditto|p2a: Arceus|[from] ability: Imposter\n|move|p2a: Arceus|Trick Room|p2a: Arceus\n|-fieldstart|move: Trick Room|[of] p2a: Arceus\n|\n|upkeep\n|turn|8\n|inactive|phillibert has 90 seconds left.\n|\n|t:|1698787161\n|move|p2a: Arceus|Healing Wish|p2a: Arceus\n|faint|p2a: Arceus\n|move|p1a: Ditto|Trick Room|p1a: Ditto\n|-fieldend|move: Trick Room\n|\n|upkeep\n|\n|t:|1698787168\n|switch|p2a: Rayquaza|Rayquaza|100\/100\n|-ability|p2a: Rayquaza|Air Lock\n|turn|9\n|\n|t:|1698787176\n|switch|p1a: Arceus|Arceus-Fire|81\/100\n|move|p2a: Rayquaza|Stealth Rock|p1a: Arceus\n|-sidestart|p1: phillibert|move: Stealth Rock\n|\n|upkeep\n|turn|10\n|\n|t:|1698787186\n|move|p2a: Rayquaza|Earthquake|p1a: Arceus\n|-supereffective|p1a: Arceus\n|-damage|p1a: Arceus|37\/100\n|move|p1a: Arceus|Will-O-Wisp|p2a: Rayquaza\n|-status|p2a: Rayquaza|brn\n|\n|-damage|p2a: Rayquaza|95\/100 brn|[from] brn\n|-fieldend|move: Electric Terrain\n|upkeep\n|turn|11\n|\n|t:|1698787194\n|switch|p2a: Arceus|Arceus|100\/100\n|move|p1a: Arceus|Recover|p1a: Arceus\n|-heal|p1a: Arceus|87\/100\n|\n|upkeep\n|turn|12\n|inactive|phillibert has 120 seconds left.\n|\n|t:|1698787203\n|move|p2a: Arceus|Extreme Speed|p1a: Arceus\n|-damage|p1a: Arceus|72\/100\n|move|p1a: Arceus|Will-O-Wisp|p2a: Arceus\n|-status|p2a: Arceus|brn\n|\n|-damage|p2a: Arceus|94\/100 brn|[from] brn\n|upkeep\n|turn|13\n|inactive|phillibert has 120 seconds left.\n|\n|t:|1698787225\n|move|p1a: Arceus|Judgment|p2a: Arceus\n|-damage|p2a: Arceus|61\/100 brn\n|move|p2a: Arceus|Trick Room|p2a: Arceus\n|-fieldstart|move: Trick Room|[of] p2a: Arceus\n|\n|-damage|p2a: Arceus|55\/100 brn|[from] brn\n|upkeep\n|turn|14\n|inactive|phillibert has 120 seconds left.\n|\n|t:|1698787236\n|move|p2a: Arceus|Healing Wish|p2a: Arceus\n|faint|p2a: Arceus\n|move|p1a: Arceus|Will-O-Wisp|p2: Arceus|[notarget]\n|-fail|p1a: Arceus\n|\n|upkeep\n|\n|t:|1698787260\n|switch|p2a: Rayquaza|Rayquaza|95\/100 brn\n|-heal|p2a: Rayquaza|100\/100|[from] move: Healing Wish\n|-ability|p2a: Rayquaza|Air Lock\n|turn|15\n|\n|t:|1698787271\n|-terastallize|p2a: Rayquaza|Flying\n|move|p1a: Arceus|Will-O-Wisp|p2a: Rayquaza|[miss]\n|-miss|p1a: Arceus|p2a: Rayquaza\n|move|p2a: Rayquaza|Dragon Ascent|p1a: Arceus\n|-damage|p1a: Arceus|24\/100\n|-unboost|p2a: Rayquaza|def|1\n|-unboost|p2a: Rayquaza|spd|1\n|\n|upkeep\n|turn|16\n|\n|t:|1698787283\n|move|p1a: Arceus|Recover|p1a: Arceus\n|-heal|p1a: Arceus|74\/100\n|move|p2a: Rayquaza|Dragon Ascent|p1a: Arceus\n|-damage|p1a: Arceus|27\/100\n|-unboost|p2a: Rayquaza|def|1\n|-unboost|p2a: Rayquaza|spd|1\n|\n|upkeep\n|turn|17\n|\n|t:|1698787290\n|move|p1a: Arceus|Recover|p1a: Arceus\n|-heal|p1a: Arceus|77\/100\n|move|p2a: Rayquaza|Dragon Ascent|p1a: Arceus\n|-damage|p1a: Arceus|29\/100\n|-unboost|p2a: Rayquaza|def|1\n|-unboost|p2a: Rayquaza|spd|1\n|\n|-fieldend|move: Trick Room\n|upkeep\n|turn|18\n|\n|t:|1698787303\n|switch|p1a: Miraidon|Miraidon|100\/100\n|-damage|p1a: Miraidon|88\/100|[from] Stealth Rock\n|-fieldstart|move: Electric Terrain|[from] ability: Hadron Engine|[of] p1a: Miraidon\n|move|p2a: Rayquaza|Dragon Ascent|p1a: Miraidon\n|-resisted|p1a: Miraidon\n|-crit|p1a: Miraidon\n|-damage|p1a: Miraidon|5\/100\n|-unboost|p2a: Rayquaza|def|1\n|-unboost|p2a: Rayquaza|spd|1\n|\n|upkeep\n|turn|19\n|\n|t:|1698787318\n|move|p2a: Rayquaza|Extreme Speed|p1a: Miraidon\n|-damage|p1a: Miraidon|0 fnt\n|faint|p1a: Miraidon\n|\n|upkeep\n|\n|t:|1698787329\n|switch|p1a: Iron Treads|Iron Treads|100\/100\n|-damage|p1a: Iron Treads|97\/100|[from] Stealth Rock\n|-activate|p1a: Iron Treads|ability: Quark Drive\n|-start|p1a: Iron Treads|quarkdrivespe\n|turn|20\n|c|\u2606phillibert|thanks hax\n|\n|t:|1698787341\n|switch|p2a: Koraidon|Koraidon|100\/100\n|-weather|SunnyDay|[from] ability: Orichalcum Pulse|[of] p2a: Koraidon\n|-activate|p2a: Koraidon|Orichalcum Pulse|[source]\n|move|p1a: Iron Treads|Rapid Spin|p2a: Koraidon\n|-damage|p2a: Koraidon|86\/100\n|-boost|p1a: Iron Treads|spe|1\n|-sideend|p1: phillibert|Stealth Rock|[from] move: Rapid Spin|[of] p1a: Iron Treads\n|\n|-weather|SunnyDay|[upkeep]\n|upkeep\n|turn|21\n|\n|t:|1698787345\n|move|p1a: Iron Treads|Ice Spinner|p2a: Koraidon\n|-supereffective|p2a: Koraidon\n|-damage|p2a: Koraidon|38\/100\n|-fieldend|move: Electric Terrain\n|-end|p1a: Iron Treads|Quark Drive\n|-enditem|p1a: Iron Treads|Booster Energy\n|-activate|p1a: Iron Treads|ability: Quark Drive|[fromitem]\n|-start|p1a: Iron Treads|quarkdrivespe\n|move|p2a: Koraidon|Flare Blitz|p1a: Iron Treads\n|-supereffective|p1a: Iron Treads\n|-damage|p1a: Iron Treads|0 fnt\n|faint|p1a: Iron Treads\n|-end|p1a: Iron Treads|Quark Drive|[silent]\n|-damage|p2a: Koraidon|8\/100|[from] Recoil\n|\n|-weather|SunnyDay|[upkeep]\n|upkeep\n|\n|t:|1698787356\n|switch|p1a: Arceus|Arceus-Fire|29\/100\n|turn|22\n|\n|t:|1698787361\n|move|p2a: Koraidon|Flare Blitz|p1a: Arceus\n|-resisted|p1a: Arceus\n|-damage|p1a: Arceus|9\/100\n|-damage|p2a: Koraidon|0 fnt|[from] Recoil\n|faint|p2a: Koraidon\n|move|p1a: Arceus|Recover|p1a: Arceus\n|-heal|p1a: Arceus|59\/100\n|\n|-weather|SunnyDay|[upkeep]\n|upkeep\n|\n|t:|1698787367\n|switch|p2a: Rayquaza|Rayquaza, tera:Flying|100\/100\n|-ability|p2a: Rayquaza|Air Lock\n|turn|23\n|\n|t:|1698787373\n|move|p2a: Rayquaza|Dragon Ascent|p1a: Arceus\n|-damage|p1a: Arceus|12\/100\n|-unboost|p2a: Rayquaza|def|1\n|-unboost|p2a: Rayquaza|spd|1\n|move|p1a: Arceus|Will-O-Wisp|p2a: Rayquaza\n|-status|p2a: Rayquaza|brn\n|\n|-weather|SunnyDay|[upkeep]\n|-damage|p2a: Rayquaza|95\/100 brn|[from] brn\n|upkeep\n|turn|24\n|\n|t:|1698787386\n|move|p2a: Rayquaza|Dragon Ascent|p1a: Arceus\n|-damage|p1a: Arceus|0 fnt\n|-unboost|p2a: Rayquaza|def|1\n|-unboost|p2a: Rayquaza|spd|1\n|faint|p1a: Arceus\n|\n|-weather|none\n|-damage|p2a: Rayquaza|89\/100 brn|[from] brn\n|upkeep\n|\n|t:|1698787392\n|switch|p1a: Calyrex|Calyrex-Shadow|100\/100\n|-ability|p1a: Calyrex|As One\n|-ability|p1a: Calyrex|Unnerve\n|turn|25\n|\n|t:|1698787400\n|move|p1a: Calyrex|Astral Barrage|p2a: Rayquaza\n|-damage|p2a: Rayquaza|0 fnt\n|faint|p2a: Rayquaza\n|-ability|p1a: Calyrex|Grim Neigh|boost\n|-boost|p1a: Calyrex|spa|1\n|-damage|p1a: Calyrex|91\/100|[from] item: Life Orb\n|\n|upkeep\n|\n|t:|1698787403\n|switch|p2a: Calyrex|Calyrex-Ice|100\/100\n|-ability|p2a: Calyrex|As One\n|-ability|p2a: Calyrex|Unnerve\n|turn|26\n|c|\u2606grass knot zygarde|gg\n|c|\u2606phillibert|gg\n|\n|t:|1698787417\n|-terastallize|p1a: Calyrex|Fairy\n|move|p1a: Calyrex|Astral Barrage|p2a: Calyrex\n|-supereffective|p2a: Calyrex\n|-damage|p2a: Calyrex|0 fnt\n|faint|p2a: Calyrex\n|-damage|p1a: Calyrex|81\/100|[from] item: Life Orb\n|\n|win|phillibert\n|raw|phillibert's rating: 1333 &rarr; <strong>1351<\/strong><br \/>(+18 for winning)\n|raw|grass knot zygarde's rating: 1305 &rarr; <strong>1287<\/strong><br \/>(-18 for losing)\n","uploadtime":1698787430,"views":2,"p1id":"phillibert","p2id":"grassknotzygarde","formatid":"gen9anythinggoes","rating":1287,"private":0,"password":""}