{"id":"gen9anythinggoes-1983819185","p1":"beetlejuggler","p2":"Allerick Giovanni","format":"[Gen 9] Anything Goes","log":"|j|\u2606beetlejuggler\n|j|\u2606Allerick Giovanni\n|t:|1699186904\n|gametype|singles\n|player|p1|beetlejuggler|265|1129\n|player|p2|Allerick Giovanni|linebacker|1242\n|teamsize|p1|6\n|teamsize|p2|6\n|gen|9\n|tier|[Gen 9] Anything Goes\n|rated|\n|rule|HP Percentage Mod: HP is shown in percentages\n|rule|Endless Battle Clause: Forcing endless battles is banned\n|clearpoke\n|poke|p1|Quagsire, F|\n|poke|p1|Quagsire, F|\n|poke|p1|Quagsire, M|\n|poke|p1|Clodsire, M|\n|poke|p1|Clodsire, M|\n|poke|p1|Clodsire, M|\n|poke|p2|Swanna, M|\n|poke|p2|Glimmora, F|\n|poke|p2|Farigiraf, F|\n|poke|p2|Landorus, M|\n|poke|p2|Muk-Alola, F|\n|poke|p2|Shiftry, M|\n|teampreview\n|\n|t:|1699186929\n|start\n|switch|p1a: Clodsire|Clodsire, M|100\/100\n|switch|p2a: Shiftry|Shiftry, M|100\/100\n|turn|1\n|\n|t:|1699186937\n|move|p2a: Shiftry|Tailwind|p2a: Shiftry\n|-sidestart|p2: Allerick Giovanni|move: Tailwind\n|-ability|p2a: Shiftry|Wind Rider|boost\n|-boost|p2a: Shiftry|atk|1\n|move|p1a: Clodsire|Toxic|p2a: Shiftry\n|-status|p2a: Shiftry|tox\n|\n|-damage|p2a: Shiftry|94\/100 tox|[from] psn\n|upkeep\n|turn|2\n|\n|t:|1699186946\n|move|p2a: Shiftry|Beat Up|p1a: Clodsire\n|-damage|p1a: Clodsire|93\/100\n|-damage|p1a: Clodsire|88\/100\n|-damage|p1a: Clodsire|81\/100\n|-damage|p1a: Clodsire|73\/100\n|-damage|p1a: Clodsire|65\/100\n|-damage|p1a: Clodsire|59\/100\n|-hitcount|p1a: Clodsire|6\n|move|p1a: Clodsire|Recover|p1a: Clodsire\n|-heal|p1a: Clodsire|100\/100\n|\n|-damage|p2a: Shiftry|82\/100 tox|[from] psn\n|upkeep\n|turn|3\n|\n|t:|1699186960\n|switch|p2a: Landorus|Landorus, M|100\/100\n|move|p1a: Clodsire|Haze|p1a: Clodsire\n|-clearallboost\n|\n|upkeep\n|turn|4\n|\n|t:|1699186978\n|switch|p1a: Quagsire|Quagsire, M|100\/100\n|move|p2a: Landorus|Stealth Rock|p1a: Quagsire\n|-sidestart|p1: beetlejuggler|move: Stealth Rock\n|\n|-sideend|p2: Allerick Giovanni|move: Tailwind\n|upkeep\n|turn|5\n|\n|t:|1699186986\n|switch|p2a: Shiftry|Shiftry, M|82\/100 tox\n|move|p1a: Quagsire|Ice Punch|p2a: Shiftry\n|-supereffective|p2a: Shiftry\n|-damage|p2a: Shiftry|0 fnt\n|faint|p2a: Shiftry\n|\n|upkeep\n|\n|t:|1699186995\n|switch|p2a: Glimmora|Glimmora, F|100\/100\n|turn|6\n|\n|t:|1699187014\n|switch|p1a: Clodsire|Clodsire, M|100\/100\n|-damage|p1a: Clodsire|94\/100|[from] Stealth Rock\n|move|p2a: Glimmora|Mortal Spin|p1a: Clodsire\n|-resisted|p1a: Clodsire\n|-damage|p1a: Clodsire|93\/100\n|\n|upkeep\n|turn|7\n|\n|t:|1699187021\n|move|p2a: Glimmora|Ancient Power|p1a: Clodsire\n|-resisted|p1a: Clodsire\n|-damage|p1a: Clodsire|85\/100\n|move|p1a: Clodsire|Liquidation|p2a: Glimmora\n|-supereffective|p2a: Glimmora\n|-damage|p2a: Glimmora|50\/100\n|-damage|p1a: Clodsire|69\/100|[from] item: Rocky Helmet|[of] p2a: Glimmora\n|-activate|p2a: Glimmora|ability: Toxic Debris\n|-sidestart|p1: beetlejuggler|move: Toxic Spikes\n|\n|upkeep\n|turn|8\n|\n|t:|1699187027\n|move|p2a: Glimmora|Spiky Shield|p2a: Glimmora\n|-singleturn|p2a: Glimmora|move: Protect\n|move|p1a: Clodsire|Liquidation|p2a: Glimmora\n|-activate|p2a: Glimmora|move: Protect\n|-damage|p1a: Clodsire|56\/100|[from] Spiky Shield|[of] p2a: Glimmora\n|\n|upkeep\n|turn|9\n|\n|t:|1699187032\n|switch|p2a: Landorus|Landorus, M|100\/100\n|move|p1a: Clodsire|Earthquake|p2a: Landorus\n|-immune|p2a: Landorus\n|\n|upkeep\n|turn|10\n|\n|t:|1699187042\n|switch|p1a: Quagsire|Quagsire, M|100\/100\n|-damage|p1a: Quagsire|94\/100|[from] Stealth Rock\n|-status|p1a: Quagsire|psn\n|move|p2a: Landorus|Extrasensory|p1a: Quagsire\n|-damage|p1a: Quagsire|52\/100 psn\n|\n|-damage|p1a: Quagsire|40\/100 psn|[from] psn\n|upkeep\n|turn|11\n|\n|t:|1699187052\n|-terastallize|p1a: Quagsire|Steel\n|move|p2a: Landorus|Extrasensory|p1a: Quagsire\n|-resisted|p1a: Quagsire\n|-damage|p1a: Quagsire|20\/100 psn\n|move|p1a: Quagsire|Ice Punch|p2a: Landorus\n|-supereffective|p2a: Landorus\n|-damage|p2a: Landorus|0 fnt\n|faint|p2a: Landorus\n|\n|-damage|p1a: Quagsire|8\/100 psn|[from] psn\n|upkeep\n|\n|t:|1699187059\n|switch|p2a: Glimmora|Glimmora, F|50\/100\n|turn|12\n|\n|t:|1699187062\n|move|p2a: Glimmora|Ancient Power|p1a: Quagsire\n|-resisted|p1a: Quagsire\n|-damage|p1a: Quagsire|0 fnt\n|faint|p1a: Quagsire\n|\n|upkeep\n|\n|t:|1699187069\n|switch|p1a: Clodsire|Clodsire, M|100\/100\n|-damage|p1a: Clodsire|94\/100|[from] Stealth Rock\n|-sideend|p1: beetlejuggler|move: Toxic Spikes|[of] p1a: Clodsire\n|turn|13\n|\n|t:|1699187073\n|move|p2a: Glimmora|Spiky Shield|p2a: Glimmora\n|-singleturn|p2a: Glimmora|move: Protect\n|move|p1a: Clodsire|Earthquake|p2a: Glimmora\n|-activate|p2a: Glimmora|move: Protect\n|\n|-heal|p1a: Clodsire|100\/100|[from] item: Leftovers\n|upkeep\n|turn|14\n|\n|t:|1699187082\n|move|p2a: Glimmora|Ancient Power|p1a: Clodsire\n|-resisted|p1a: Clodsire\n|-damage|p1a: Clodsire|93\/100\n|-boost|p2a: Glimmora|atk|1\n|-boost|p2a: Glimmora|def|1\n|-boost|p2a: Glimmora|spa|1\n|-boost|p2a: Glimmora|spd|1\n|-boost|p2a: Glimmora|spe|1\n|move|p1a: Clodsire|Toxic|p2a: Glimmora\n|-immune|p2a: Glimmora\n|\n|-heal|p1a: Clodsire|99\/100|[from] item: Leftovers\n|upkeep\n|turn|15\n|\n|t:|1699187086\n|move|p2a: Glimmora|Ancient Power|p1a: Clodsire\n|-resisted|p1a: Clodsire\n|-damage|p1a: Clodsire|90\/100\n|-boost|p2a: Glimmora|atk|1\n|-boost|p2a: Glimmora|def|1\n|-boost|p2a: Glimmora|spa|1\n|-boost|p2a: Glimmora|spd|1\n|-boost|p2a: Glimmora|spe|1\n|move|p1a: Clodsire|Earthquake|p2a: Glimmora\n|-supereffective|p2a: Glimmora\n|-damage|p2a: Glimmora|0 fnt\n|-activate|p2a: Glimmora|ability: Toxic Debris\n|-sidestart|p1: beetlejuggler|move: Toxic Spikes\n|faint|p2a: Glimmora\n|\n|-heal|p1a: Clodsire|97\/100|[from] item: Leftovers\n|upkeep\n|\n|t:|1699187097\n|switch|p2a: Farigiraf|Farigiraf, F|100\/100\n|turn|16\n|\n|t:|1699187102\n|move|p2a: Farigiraf|Twin Beam|p1a: Clodsire\n|-supereffective|p1a: Clodsire\n|-damage|p1a: Clodsire|73\/100\n|-supereffective|p1a: Clodsire\n|-damage|p1a: Clodsire|52\/100\n|-hitcount|p1a: Clodsire|2\n|move|p1a: Clodsire|Toxic|p2a: Farigiraf\n|-status|p2a: Farigiraf|tox\n|\n|-heal|p1a: Clodsire|58\/100|[from] item: Leftovers\n|-damage|p2a: Farigiraf|94\/100 tox|[from] psn\n|upkeep\n|turn|17\n|\n|t:|1699187110\n|move|p2a: Farigiraf|Twin Beam|p1a: Clodsire\n|-supereffective|p1a: Clodsire\n|-damage|p1a: Clodsire|39\/100\n|-supereffective|p1a: Clodsire\n|-damage|p1a: Clodsire|17\/100\n|-hitcount|p1a: Clodsire|2\n|move|p1a: Clodsire|Recover|p1a: Clodsire\n|-heal|p1a: Clodsire|67\/100\n|\n|-heal|p1a: Clodsire|73\/100|[from] item: Leftovers\n|-damage|p2a: Farigiraf|82\/100 tox|[from] psn\n|upkeep\n|turn|18\n|\n|t:|1699187119\n|move|p2a: Farigiraf|Grass Knot|p1a: Clodsire\n|-damage|p1a: Clodsire|50\/100\n|move|p1a: Clodsire|Recover|p1a: Clodsire\n|-heal|p1a: Clodsire|100\/100\n|\n|-damage|p2a: Farigiraf|64\/100 tox|[from] psn\n|upkeep\n|turn|19\n|\n|t:|1699187124\n|move|p2a: Farigiraf|Psychic Fangs|p1a: Clodsire\n|-supereffective|p1a: Clodsire\n|-damage|p1a: Clodsire|40\/100\n|move|p1a: Clodsire|Earthquake|p2a: Farigiraf\n|-damage|p2a: Farigiraf|34\/100 tox\n|\n|-heal|p1a: Clodsire|46\/100|[from] item: Leftovers\n|-damage|p2a: Farigiraf|10\/100 tox|[from] psn\n|upkeep\n|turn|20\n|\n|t:|1699187132\n|switch|p1a: Quagsire|Quagsire, F|100\/100\n|-damage|p1a: Quagsire|94\/100|[from] Stealth Rock\n|-status|p1a: Quagsire|psn\n|move|p2a: Farigiraf|Psychic Fangs|p1a: Quagsire\n|-damage|p1a: Quagsire|76\/100 psn\n|\n|-heal|p1a: Quagsire|82\/100 psn|[from] item: Leftovers\n|-damage|p2a: Farigiraf|0 fnt|[from] psn\n|faint|p2a: Farigiraf\n|-damage|p1a: Quagsire|70\/100 psn|[from] psn\n|upkeep\n|\n|t:|1699187138\n|switch|p2a: Muk|Muk-Alola, F|100\/100\n|turn|21\n|\n|t:|1699187141\n|move|p2a: Muk|Hex|p1a: Quagsire\n|-damage|p1a: Quagsire|30\/100 psn\n|move|p1a: Quagsire|Earthquake|p2a: Muk\n|-supereffective|p2a: Muk\n|-damage|p2a: Muk|38\/100\n|\n|-heal|p2a: Muk|44\/100|[from] item: Black Sludge\n|-heal|p1a: Quagsire|36\/100 psn|[from] item: Leftovers\n|-damage|p1a: Quagsire|23\/100 psn|[from] psn\n|upkeep\n|turn|22\n|\n|t:|1699187147\n|move|p2a: Muk|Hex|p1a: Quagsire\n|-damage|p1a: Quagsire|0 fnt\n|faint|p1a: Quagsire\n|\n|-heal|p2a: Muk|50\/100|[from] item: Black Sludge\n|upkeep\n|\n|t:|1699187153\n|switch|p1a: Clodsire|Clodsire, M|56\/100\n|-damage|p1a: Clodsire|50\/100|[from] Stealth Rock\n|-sideend|p1: beetlejuggler|move: Toxic Spikes|[of] p1a: Clodsire\n|turn|23\n|\n|t:|1699187162\n|move|p2a: Muk|Hex|p1a: Clodsire\n|-damage|p1a: Clodsire|43\/100\n|move|p1a: Clodsire|Earthquake|p2a: Muk\n|-supereffective|p2a: Muk\n|-damage|p2a: Muk|0 fnt\n|faint|p2a: Muk\n|\n|upkeep\n|\n|t:|1699187165\n|switch|p2a: Swanna|Swanna, M|100\/100\n|turn|24\n|\n|t:|1699187169\n|move|p2a: Swanna|Aqua Jet|p1a: Clodsire\n|-supereffective|p1a: Clodsire\n|-damage|p1a: Clodsire|9\/100\n|move|p1a: Clodsire|Gunk Shot|p2a: Swanna\n|-damage|p2a: Swanna|17\/100\n|\n|upkeep\n|turn|25\n|\n|t:|1699187178\n|move|p2a: Swanna|Aqua Jet|p1a: Clodsire\n|-supereffective|p1a: Clodsire\n|-damage|p1a: Clodsire|0 fnt\n|faint|p1a: Clodsire\n|\n|upkeep\n|\n|t:|1699187184\n|switch|p1a: Clodsire|Clodsire, M|100\/100\n|-damage|p1a: Clodsire|94\/100|[from] Stealth Rock\n|turn|26\n|\n|t:|1699187189\n|move|p2a: Swanna|Endeavor|p1a: Clodsire\n|-damage|p1a: Clodsire|11\/100\n|move|p1a: Clodsire|Gunk Shot|p2a: Swanna|[miss]\n|-miss|p1a: Clodsire|p2a: Swanna\n|\n|-heal|p1a: Clodsire|17\/100|[from] item: Leftovers\n|upkeep\n|turn|27\n|\n|t:|1699187194\n|move|p2a: Swanna|Aqua Jet|p1a: Clodsire\n|-heal|p1a: Clodsire|42\/100|[from] ability: Water Absorb|[of] p2a: Swanna\n|move|p1a: Clodsire|Gunk Shot|p2a: Swanna\n|-damage|p2a: Swanna|0 fnt\n|faint|p2a: Swanna\n|\n|win|beetlejuggler\n|raw|beetlejuggler's rating: 1129 &rarr; <strong>1162<\/strong><br \/>(+33 for winning)\n|raw|Allerick Giovanni's rating: 1242 &rarr; <strong>1209<\/strong><br \/>(-33 for losing)\n|c|\u2606beetlejuggler|gg\n|c|\u2606Allerick Giovanni|Gg wp\n|l|\u2606Allerick Giovanni\n","uploadtime":1699187214,"views":5,"p1id":"beetlejuggler","p2id":"allerickgiovanni","formatid":"gen9anythinggoes","rating":1162,"private":0,"password":""}