{"id":"gen9anythinggoes-1992860801","p1":"Lilicykrie","p2":"NotMyMan","format":"[Gen 9] Anything Goes","log":"|j|\u2606Lilicykrie\n|j|\u2606NotMyMan\n|t:|1700241766\n|gametype|singles\n|player|p1|Lilicykrie|skierf|1108\n|player|p2|NotMyMan|dancer|1032\n|teamsize|p1|6\n|teamsize|p2|6\n|gen|9\n|tier|[Gen 9] Anything Goes\n|rated|\n|rule|HP Percentage Mod: HP is shown in percentages\n|rule|Endless Battle Clause: Forcing endless battles is banned\n|clearpoke\n|poke|p1|Amoonguss, F|\n|poke|p1|Tauros-Paldea-Aqua, M|\n|poke|p1|Pawmot, M|\n|poke|p1|Azumarill, F|\n|poke|p1|Tinkaton, F|\n|poke|p1|Staraptor, M|\n|poke|p2|Staraptor, F|\n|poke|p2|Ampharos, F|\n|poke|p2|Milotic, F|\n|poke|p2|Typhlosion, M|\n|poke|p2|Wigglytuff, F|\n|poke|p2|Jumpluff, F|\n|teampreview\n|inactive|Battle timer is ON: inactive players will automatically lose when time's up. (requested by NotMyMan)\n|\n|t:|1700241776\n|start\n|switch|p1a: Tinkaton|Tinkaton, F|100\/100\n|switch|p2a: Staraptor|Staraptor, F|100\/100\n|-ability|p2a: Staraptor|Intimidate|boost\n|-unboost|p1a: Tinkaton|atk|1\n|-ability|p1a: Tinkaton|Mold Breaker\n|turn|1\n|\n|t:|1700241790\n|-terastallize|p2a: Staraptor|Ghost\n|move|p1a: Tinkaton|Fake Out|p2a: Staraptor\n|-immune|p2a: Staraptor\n|move|p2a: Staraptor|Sunny Day|p2a: Staraptor\n|-weather|SunnyDay\n|\n|-weather|SunnyDay|[upkeep]\n|upkeep\n|turn|2\n|\n|t:|1700241811\n|switch|p1a: Staraptor|Staraptor, M|100\/100\n|move|p2a: Staraptor|U-turn|p1a: Staraptor\n|-resisted|p1a: Staraptor\n|-damage|p1a: Staraptor|83\/100\n|\n|t:|1700241829\n|switch|p2a: Typhlosion|Typhlosion, M|100\/100|[from] U-turn\n|\n|-weather|SunnyDay|[upkeep]\n|-heal|p1a: Staraptor|90\/100|[from] item: Leftovers\n|upkeep\n|turn|3\n|\n|t:|1700241840\n|-terastallize|p1a: Staraptor|Flying\n|move|p2a: Typhlosion|Flare Blitz|p1a: Staraptor\n|-damage|p1a: Staraptor|9\/100\n|-damage|p2a: Typhlosion|73\/100|[from] Recoil\n|move|p1a: Staraptor|Brave Bird|p2a: Typhlosion\n|-damage|p2a: Typhlosion|0 fnt\n|faint|p2a: Typhlosion\n|-damage|p1a: Staraptor|0 fnt|[from] Recoil\n|faint|p1a: Staraptor\n|\n|-weather|SunnyDay|[upkeep]\n|upkeep\n|\n|t:|1700241852\n|switch|p2a: Jumpluff|Jumpluff, F|100\/100\n|switch|p1a: Azumarill|Azumarill, F|100\/100\n|turn|4\n|\n|t:|1700241861\n|switch|p1a: Tinkaton|Tinkaton, F|100\/100\n|-ability|p1a: Tinkaton|Mold Breaker\n|move|p2a: Jumpluff|Reflect|p2a: Jumpluff\n|-sidestart|p2: NotMyMan|Reflect\n|\n|-weather|SunnyDay|[upkeep]\n|upkeep\n|turn|5\n|\n|t:|1700241868\n|move|p1a: Tinkaton|Fake Out|p2a: Jumpluff\n|-damage|p2a: Jumpluff|92\/100\n|-damage|p1a: Tinkaton|91\/100|[from] item: Life Orb\n|cant|p2a: Jumpluff|flinch\n|\n|-weather|none\n|upkeep\n|turn|6\n|\n|t:|1700241876\n|move|p2a: Jumpluff|Cotton Guard|p2a: Jumpluff\n|-boost|p2a: Jumpluff|def|3\n|move|p1a: Tinkaton|Gigaton Hammer|p2a: Jumpluff\n|-damage|p2a: Jumpluff|72\/100\n|-damage|p1a: Tinkaton|81\/100|[from] item: Life Orb\n|\n|upkeep\n|turn|7\n|\n|t:|1700241883\n|move|p2a: Jumpluff|Swords Dance|p2a: Jumpluff\n|-boost|p2a: Jumpluff|atk|2\n|move|p1a: Tinkaton|Swords Dance|p1a: Tinkaton\n|-boost|p1a: Tinkaton|atk|2\n|\n|upkeep\n|turn|8\n|\n|t:|1700241889\n|move|p2a: Jumpluff|Baton Pass|p2a: Jumpluff\n|\n|t:|1700241899\n|switch|p2a: Wigglytuff|Wigglytuff, F|100\/100|[from] Baton Pass\n|move|p1a: Tinkaton|Swords Dance|p1a: Tinkaton\n|-boost|p1a: Tinkaton|atk|2\n|\n|-sideend|p2: NotMyMan|Reflect\n|upkeep\n|turn|9\n|\n|t:|1700241906\n|move|p1a: Tinkaton|Swords Dance|p1a: Tinkaton\n|-boost|p1a: Tinkaton|atk|2\n|move|p2a: Wigglytuff|Thunder Wave|p1a: Tinkaton\n|-status|p1a: Tinkaton|par\n|\n|upkeep\n|turn|10\n|\n|t:|1700241916\n|move|p2a: Wigglytuff|Wish|p2a: Wigglytuff\n|move|p1a: Tinkaton|Play Rough|p2a: Wigglytuff\n|-damage|p2a: Wigglytuff|20\/100\n|-damage|p1a: Tinkaton|71\/100 par|[from] item: Life Orb\n|\n|upkeep\n|turn|11\n|\n|t:|1700241931\n|move|p2a: Wigglytuff|Mimic|p1a: Tinkaton\n|-start|p2a: Wigglytuff|Mimic|Play Rough\n|move|p1a: Tinkaton|Play Rough|p2a: Wigglytuff\n|-damage|p2a: Wigglytuff|0 fnt\n|faint|p2a: Wigglytuff\n|-damage|p1a: Tinkaton|61\/100 par|[from] item: Life Orb\n|\n|upkeep\n|\n|t:|1700241942\n|switch|p2a: Staraptor|Staraptor, F, tera:Ghost|100\/100\n|-ability|p2a: Staraptor|Intimidate|boost\n|-unboost|p1a: Tinkaton|atk|1\n|turn|12\n|\n|t:|1700241949\n|move|p2a: Staraptor|Close Combat|p1a: Tinkaton\n|-damage|p1a: Tinkaton|16\/100 par\n|-unboost|p2a: Staraptor|def|1\n|-unboost|p2a: Staraptor|spd|1\n|move|p1a: Tinkaton|Play Rough|p2a: Staraptor\n|-damage|p2a: Staraptor|0 fnt\n|faint|p2a: Staraptor\n|-damage|p1a: Tinkaton|6\/100 par|[from] item: Life Orb\n|\n|upkeep\n|\n|t:|1700241962\n|switch|p2a: Milotic|Milotic, F|100\/100\n|turn|13\n|\n|t:|1700241968\n|move|p2a: Milotic|Haze|p2a: Milotic\n|-clearallboost\n|cant|p1a: Tinkaton|par\n|\n|upkeep\n|turn|14\n|\n|t:|1700241973\n|move|p2a: Milotic|Scald|p1a: Tinkaton\n|-damage|p1a: Tinkaton|0 fnt\n|faint|p1a: Tinkaton\n|\n|upkeep\n|\n|t:|1700241977\n|switch|p1a: Pawmot|Pawmot, M|100\/100\n|turn|15\n|\n|t:|1700241981\n|move|p1a: Pawmot|Revival Blessing|p1a: Pawmot\n|\n|t:|1700241983\n|-heal|p1: Staraptor|50\/100|[from] move: Revival Blessing\n|move|p2a: Milotic|Dragon Breath|p1a: Pawmot\n|-damage|p1a: Pawmot|81\/100\n|\n|upkeep\n|turn|16\n|\n|t:|1700241991\n|move|p1a: Pawmot|Thunder Punch|p2a: Milotic\n|-supereffective|p2a: Milotic\n|-damage|p2a: Milotic|19\/100\n|-status|p2a: Milotic|par\n|-damage|p1a: Pawmot|65\/100|[from] item: Rocky Helmet|[of] p2a: Milotic\n|move|p2a: Milotic|Dragon Breath|p1a: Pawmot\n|-damage|p1a: Pawmot|44\/100\n|\n|upkeep\n|turn|17\n|\n|t:|1700242001\n|switch|p2a: Ampharos|Ampharos, F|100\/100\n|move|p1a: Pawmot|Thunder Punch|p2a: Ampharos\n|-resisted|p2a: Ampharos\n|-damage|p2a: Ampharos|79\/100\n|\n|upkeep\n|turn|18\n|\n|t:|1700242011\n|move|p1a: Pawmot|Fire Punch|p2a: Ampharos\n|-damage|p2a: Ampharos|48\/100\n|move|p2a: Ampharos|Dig||[still]\n|-prepare|p2a: Ampharos|Dig\n|\n|upkeep\n|turn|19\n|\n|t:|1700242017\n|move|p1a: Pawmot|Close Combat|p2a: Ampharos|[miss]\n|-miss|p1a: Pawmot|p2a: Ampharos\n|move|p2a: Ampharos|Dig|p1a: Pawmot|[from]lockedmove\n|-supereffective|p1a: Pawmot\n|-damage|p1a: Pawmot|9\/100\n|\n|upkeep\n|turn|20\n|\n|t:|1700242027\n|move|p1a: Pawmot|Close Combat|p2a: Ampharos\n|-damage|p2a: Ampharos|0 fnt\n|-unboost|p1a: Pawmot|def|1\n|-unboost|p1a: Pawmot|spd|1\n|faint|p2a: Ampharos\n|\n|upkeep\n|\n|t:|1700242034\n|switch|p2a: Milotic|Milotic, F|19\/100 par\n|turn|21\n|\n|t:|1700242038\n|move|p1a: Pawmot|Fire Punch|p2a: Milotic\n|-resisted|p2a: Milotic\n|-damage|p2a: Milotic|6\/100 par\n|-damage|p1a: Pawmot|0 fnt|[from] item: Rocky Helmet|[of] p2a: Milotic\n|faint|p1a: Pawmot\n|cant|p2a: Milotic|par\n|\n|upkeep\n|\n|t:|1700242041\n|switch|p1a: Staraptor|Staraptor, M|50\/100\n|turn|22\n|\n|t:|1700242046\n|move|p1a: Staraptor|Brave Bird|p2a: Milotic\n|-damage|p2a: Milotic|0 fnt\n|-damage|p1a: Staraptor|34\/100|[from] item: Rocky Helmet|[of] p2a: Milotic\n|faint|p2a: Milotic\n|-damage|p1a: Staraptor|32\/100|[from] Recoil\n|\n|-heal|p1a: Staraptor|38\/100|[from] item: Leftovers\n|upkeep\n|\n|t:|1700242053\n|switch|p2a: Jumpluff|Jumpluff, F|72\/100\n|turn|23\n|\n|t:|1700242058\n|move|p2a: Jumpluff|Reflect|p2a: Jumpluff\n|-sidestart|p2: NotMyMan|Reflect\n|move|p1a: Staraptor|Brave Bird|p2a: Jumpluff\n|-supereffective|p2a: Jumpluff\n|-damage|p2a: Jumpluff|0 fnt\n|faint|p2a: Jumpluff\n|-damage|p1a: Staraptor|11\/100|[from] Recoil\n|\n|win|Lilicykrie\n|raw|Lilicykrie's rating: 1108 &rarr; <strong>1128<\/strong><br \/>(+20 for winning)\n|raw|NotMyMan's rating: 1032 &rarr; <strong>1020<\/strong><br \/>(-12 for losing)\n","uploadtime":1700242064,"views":4,"p1id":"lilicykrie","p2id":"notmyman","formatid":"gen9anythinggoes","rating":1020,"private":0,"password":""}