{"id":"gen9anythinggoes-1980111468","p1":"fletchermed","p2":"Cyberwolf77","format":"[Gen 9] Anything Goes","log":"|j|\u2606fletchermed\n|j|\u2606Cyberwolf77\n|t:|1698758295\n|gametype|singles\n|player|p1|fletchermed|maid|1295\n|player|p2|Cyberwolf77|1|1345\n|teamsize|p1|6\n|teamsize|p2|6\n|gen|9\n|tier|[Gen 9] Anything Goes\n|rated|\n|rule|HP Percentage Mod: HP is shown in percentages\n|rule|Endless Battle Clause: Forcing endless battles is banned\n|clearpoke\n|poke|p1|Fezandipiti, M|\n|poke|p1|Alomomola, F|\n|poke|p1|Zoroark-Hisui, F|\n|poke|p1|Zamazenta-*|\n|poke|p1|Corviknight, M|\n|poke|p1|Clodsire, F|\n|poke|p2|Flutter Mane|\n|poke|p2|Miraidon|\n|poke|p2|Maushold-Four|\n|poke|p2|Calyrex-Shadow|\n|poke|p2|Salamence, F|\n|poke|p2|Ribombee, M|\n|teampreview\n|\n|t:|1698758305\n|start\n|switch|p1a: \ud83d\uded2|Fezandipiti, M|100\/100\n|switch|p2a: Ribombee|Ribombee, M|100\/100\n|turn|1\n|\n|t:|1698758315\n|move|p2a: Ribombee|Sticky Web|p1a: \ud83d\uded2\n|-sidestart|p1: fletchermed|move: Sticky Web\n|move|p1a: \ud83d\uded2|Swords Dance|p1a: \ud83d\uded2\n|-boost|p1a: \ud83d\uded2|atk|2\n|\n|upkeep\n|turn|2\n|\n|t:|1698758328\n|move|p2a: Ribombee|Quiver Dance|p2a: Ribombee\n|-boost|p2a: Ribombee|spa|1\n|-boost|p2a: Ribombee|spd|1\n|-boost|p2a: Ribombee|spe|1\n|move|p1a: \ud83d\uded2|Swords Dance|p1a: \ud83d\uded2\n|-boost|p1a: \ud83d\uded2|atk|2\n|\n|upkeep\n|turn|3\n|\n|t:|1698758337\n|move|p2a: Ribombee|Moonblast|p1a: \ud83d\uded2\n|-resisted|p1a: \ud83d\uded2\n|-damage|p1a: \ud83d\uded2|75\/100\n|-unboost|p1a: \ud83d\uded2|spa|1\n|move|p1a: \ud83d\uded2|Beat Up|p2a: Ribombee\n|-resisted|p2a: Ribombee\n|-damage|p2a: Ribombee|88\/100\n|-status|p2a: Ribombee|tox|[from] ability: Toxic Chain|[of] p1a: \ud83d\uded2\n|-resisted|p2a: Ribombee\n|-crit|p2a: Ribombee\n|-damage|p2a: Ribombee|74\/100 tox\n|-resisted|p2a: Ribombee\n|-damage|p2a: Ribombee|61\/100 tox\n|-resisted|p2a: Ribombee\n|-damage|p2a: Ribombee|48\/100 tox\n|-resisted|p2a: Ribombee\n|-damage|p2a: Ribombee|38\/100 tox\n|-resisted|p2a: Ribombee\n|-damage|p2a: Ribombee|27\/100 tox\n|-hitcount|p2a: Ribombee|6\n|\n|-damage|p2a: Ribombee|21\/100 tox|[from] psn\n|upkeep\n|turn|4\n|\n|t:|1698758403\n|move|p2a: Ribombee|Baton Pass|p2a: Ribombee\n|inactive|Battle timer is ON: inactive players will automatically lose when time's up. (requested by fletchermed)\n|\n|t:|1698758417\n|switch|p2a: Flutter Mane|Flutter Mane|100\/100|[from] Baton Pass\n|move|p1a: \ud83d\uded2|Beat Up|p2a: Flutter Mane\n|-damage|p2a: Flutter Mane|73\/100\n|-status|p2a: Flutter Mane|tox|[from] ability: Toxic Chain|[of] p1a: \ud83d\uded2\n|-crit|p2a: Flutter Mane\n|-damage|p2a: Flutter Mane|41\/100 tox\n|-damage|p2a: Flutter Mane|14\/100 tox\n|-damage|p2a: Flutter Mane|0 fnt\n|faint|p2a: Flutter Mane\n|-end|p2a: Flutter Mane|Protosynthesis|[silent]\n|-hitcount|p2: Flutter Mane|4\n|\n|upkeep\n|\n|t:|1698758434\n|switch|p2a: Miraidon|Miraidon|100\/100\n|-fieldstart|move: Electric Terrain|[from] ability: Hadron Engine|[of] p2a: Miraidon\n|turn|5\n|\n|t:|1698758442\n|move|p2a: Miraidon|Draco Meteor|p1a: \ud83d\uded2\n|-immune|p1a: \ud83d\uded2\n|move|p1a: \ud83d\uded2|Beat Up|p2a: Miraidon\n|-damage|p2a: Miraidon|89\/100\n|-damage|p2a: Miraidon|78\/100\n|-damage|p2a: Miraidon|66\/100\n|-damage|p2a: Miraidon|51\/100\n|-damage|p2a: Miraidon|41\/100\n|-damage|p2a: Miraidon|30\/100\n|-hitcount|p2a: Miraidon|6\n|\n|upkeep\n|turn|6\n|-message|Cyberwolf77 forfeited.\n|\n|win|fletchermed\n|raw|fletchermed's rating: 1295 &rarr; <strong>1324<\/strong><br \/>(+29 for winning)\n|raw|Cyberwolf77's rating: 1345 &rarr; <strong>1322<\/strong><br \/>(-23 for losing)\n|l|\u2606Cyberwolf77\n","uploadtime":1698758456,"views":11,"p1id":"fletchermed","p2id":"cyberwolf77","formatid":"gen9anythinggoes","rating":1322,"private":0,"password":""}