{"id":"gen9anythinggoes-1987322618","p1":"iwuvbdsm","p2":"FJFJCJCU","format":"[Gen 9] Anything Goes","log":"|j|\u2606iwuvbdsm\n|j|\u2606FJFJCJCU\n|t:|1699577391\n|gametype|singles\n|player|p1|iwuvbdsm|101|1042\n|player|p2|FJFJCJCU|101|1000\n|teamsize|p1|6\n|teamsize|p2|6\n|gen|9\n|tier|[Gen 9] Anything Goes\n|rated|\n|rule|HP Percentage Mod: HP is shown in percentages\n|rule|Endless Battle Clause: Forcing endless battles is banned\n|clearpoke\n|poke|p1|Sinistcha|\n|poke|p1|Magearna-Original|\n|poke|p1|Scream Tail|\n|poke|p1|Kyogre|\n|poke|p1|Typhlosion-Hisui, F|\n|poke|p1|Kilowattrel, F|\n|poke|p2|Glimmora, F|\n|poke|p2|Ninetales-Alola, F|\n|poke|p2|Ogerpon-Hearthflame, F|\n|poke|p2|Dragonite, F|\n|poke|p2|Garganacl, M|\n|poke|p2|Samurott-Hisui, M|\n|teampreview\n|\n|t:|1699577412\n|start\n|switch|p1a: Kyogre|Kyogre, shiny|100\/100\n|switch|p2a: Glimmora|Glimmora, F|100\/100\n|-weather|RainDance|[from] ability: Drizzle|[of] p1a: Kyogre\n|turn|1\n|\n|t:|1699577421\n|move|p1a: Kyogre|Hydro Pump|p2a: Glimmora\n|-supereffective|p2a: Glimmora\n|-enditem|p2a: Glimmora|Focus Sash\n|-damage|p2a: Glimmora|1\/100\n|move|p2a: Glimmora|Stealth Rock|p1a: Kyogre\n|-sidestart|p1: iwuvbdsm|move: Stealth Rock\n|\n|-weather|RainDance|[upkeep]\n|upkeep\n|turn|2\n|\n|t:|1699577431\n|switch|p2a: Ninetales|Ninetales-Alola, F|100\/100\n|-weather|Snow|[from] ability: Snow Warning|[of] p2a: Ninetales\n|move|p1a: Kyogre|Hydro Pump|p2a: Ninetales\n|-damage|p2a: Ninetales|24\/100\n|\n|-weather|Snow|[upkeep]\n|upkeep\n|turn|3\n|\n|t:|1699577441\n|move|p2a: Ninetales|Aurora Veil|p2a: Ninetales\n|-sidestart|p2: FJFJCJCU|move: Aurora Veil\n|move|p1a: Kyogre|Roar|p2a: Ninetales\n|drag|p2a: Samurott|Samurott-Hisui, M|100\/100\n|\n|-weather|Snow|[upkeep]\n|upkeep\n|turn|4\n|\n|t:|1699577449\n|move|p1a: Kyogre|Thunder|p2a: Samurott\n|-supereffective|p2a: Samurott\n|-crit|p2a: Samurott\n|-damage|p2a: Samurott|0 fnt\n|faint|p2a: Samurott\n|\n|-weather|Snow|[upkeep]\n|upkeep\n|\n|t:|1699577457\n|switch|p2a: Glimmora|Glimmora, F|1\/100\n|turn|5\n|\n|t:|1699577470\n|move|p1a: Kyogre|Hydro Pump|p2a: Glimmora\n|-supereffective|p2a: Glimmora\n|-damage|p2a: Glimmora|0 fnt\n|faint|p2a: Glimmora\n|\n|-weather|Snow|[upkeep]\n|upkeep\n|\n|t:|1699577479\n|switch|p2a: Garganacl|Garganacl, M|100\/100\n|turn|6\n|\n|t:|1699577491\n|switch|p1a: Sinistcha|Sinistcha, shiny|100\/100\n|-damage|p1a: Sinistcha|88\/100|[from] Stealth Rock\n|move|p2a: Garganacl|Salt Cure|p1a: Sinistcha\n|-damage|p1a: Sinistcha|75\/100\n|-start|p1a: Sinistcha|Salt Cure\n|\n|-weather|none\n|-damage|p1a: Sinistcha|63\/100|[from] Salt Cure\n|upkeep\n|turn|7\n|\n|t:|1699577508\n|switch|p2a: Ogerpon|Ogerpon-Hearthflame, F|100\/100\n|-ability|p2a: Ogerpon|Mold Breaker\n|move|p1a: Sinistcha|Matcha Gotcha|p2a: Ogerpon\n|-resisted|p2a: Ogerpon\n|-damage|p2a: Ogerpon|95\/100\n|-heal|p1a: Sinistcha|65\/100|[from] drain|[of] p2a: Ogerpon\n|\n|-damage|p1a: Sinistcha|53\/100|[from] Salt Cure\n|upkeep\n|turn|8\n|\n|t:|1699577521\n|move|p2a: Ogerpon|Ivy Cudgel|p1a: Sinistcha\n|-supereffective|p1a: Sinistcha\n|-damage|p1a: Sinistcha|0 fnt\n|faint|p1a: Sinistcha\n|\n|upkeep\n|\n|t:|1699577534\n|switch|p1a: Typhlosion|Typhlosion-Hisui, F, shiny|100\/100\n|-damage|p1a: Typhlosion|76\/100|[from] Stealth Rock\n|-item|p2a: Ogerpon|Hearthflame Mask|[from] ability: Frisk|[of] p1a: Typhlosion|[identify]\n|turn|9\n|\n|t:|1699577552\n|switch|p2a: Garganacl|Garganacl, M|100\/100\n|move|p1a: Typhlosion|Poltergeist|p2a: Garganacl\n|-activate|p2a: Garganacl|move: Poltergeist|Leftovers\n|-damage|p2a: Garganacl|93\/100\n|\n|-heal|p2a: Garganacl|99\/100|[from] item: Leftovers\n|upkeep\n|turn|10\n|\n|t:|1699577565\n|move|p1a: Typhlosion|Flame Charge|p2a: Garganacl\n|-resisted|p2a: Garganacl\n|-damage|p2a: Garganacl|96\/100\n|-boost|p1a: Typhlosion|spe|1\n|move|p2a: Garganacl|Salt Cure|p1a: Typhlosion\n|-supereffective|p1a: Typhlosion\n|-damage|p1a: Typhlosion|30\/100\n|-start|p1a: Typhlosion|Salt Cure\n|\n|-heal|p2a: Garganacl|100\/100|[from] item: Leftovers\n|-damage|p1a: Typhlosion|18\/100|[from] Salt Cure\n|-sideend|p2: FJFJCJCU|move: Aurora Veil\n|upkeep\n|turn|11\n|\n|t:|1699577584\n|move|p1a: Typhlosion|Poltergeist|p2a: Garganacl\n|-activate|p2a: Garganacl|move: Poltergeist|Leftovers\n|-damage|p2a: Garganacl|85\/100\n|move|p2a: Garganacl|Iron Defense|p2a: Garganacl\n|-boost|p2a: Garganacl|def|2\n|\n|-heal|p2a: Garganacl|91\/100|[from] item: Leftovers\n|-damage|p1a: Typhlosion|5\/100|[from] Salt Cure\n|upkeep\n|turn|12\n|\n|t:|1699577606\n|move|p1a: Typhlosion|Poltergeist|p2a: Garganacl\n|-activate|p2a: Garganacl|move: Poltergeist|Leftovers\n|-damage|p2a: Garganacl|84\/100\n|move|p2a: Garganacl|Iron Defense|p2a: Garganacl\n|-boost|p2a: Garganacl|def|2\n|\n|-heal|p2a: Garganacl|90\/100|[from] item: Leftovers\n|-damage|p1a: Typhlosion|0 fnt|[from] Salt Cure\n|faint|p1a: Typhlosion\n|upkeep\n|\n|t:|1699577618\n|switch|p1a: Kyogre|Kyogre, shiny|100\/100\n|-damage|p1a: Kyogre|88\/100|[from] Stealth Rock\n|-weather|RainDance|[from] ability: Drizzle|[of] p1a: Kyogre\n|turn|13\n|\n|t:|1699577630\n|move|p1a: Kyogre|Hydro Pump|p2a: Garganacl|[miss]\n|-miss|p1a: Kyogre|p2a: Garganacl\n|move|p2a: Garganacl|Salt Cure|p1a: Kyogre\n|-damage|p1a: Kyogre|72\/100\n|-start|p1a: Kyogre|Salt Cure\n|\n|-weather|RainDance|[upkeep]\n|-heal|p2a: Garganacl|96\/100|[from] item: Leftovers\n|-damage|p1a: Kyogre|47\/100|[from] Salt Cure\n|upkeep\n|turn|14\n|\n|t:|1699577641\n|move|p1a: Kyogre|Hydro Pump|p2a: Garganacl\n|-supereffective|p2a: Garganacl\n|-damage|p2a: Garganacl|0 fnt\n|faint|p2a: Garganacl\n|\n|-weather|RainDance|[upkeep]\n|-damage|p1a: Kyogre|22\/100|[from] Salt Cure\n|upkeep\n|\n|t:|1699577649\n|switch|p2a: Dragonite|Dragonite, F|100\/100\n|turn|15\n|\n|t:|1699577653\n|move|p2a: Dragonite|Extreme Speed|p1a: Kyogre\n|-damage|p1a: Kyogre|0 fnt\n|faint|p1a: Kyogre\n|\n|-weather|RainDance|[upkeep]\n|upkeep\n|\n|t:|1699577660\n|switch|p1a: Kilowattrel|Kilowattrel, F, shiny|100\/100\n|turn|16\n|\n|t:|1699577667\n|move|p2a: Dragonite|Extreme Speed|p1a: Kilowattrel\n|-damage|p1a: Kilowattrel|37\/100\n|move|p1a: Kilowattrel|Hurricane|p2a: Dragonite\n|-damage|p2a: Dragonite|63\/100\n|\n|-weather|RainDance|[upkeep]\n|upkeep\n|turn|17\n|\n|t:|1699577678\n|move|p2a: Dragonite|Extreme Speed|p1a: Kilowattrel\n|-damage|p1a: Kilowattrel|0 fnt\n|faint|p1a: Kilowattrel\n|\n|-weather|none\n|upkeep\n|\n|t:|1699577686\n|switch|p1a: Scream Tail|Scream Tail|100\/100\n|-damage|p1a: Scream Tail|88\/100|[from] Stealth Rock\n|turn|18\n|\n|t:|1699577701\n|move|p2a: Dragonite|Fire Spin|p1a: Scream Tail\n|-damage|p1a: Scream Tail|83\/100\n|-activate|p1a: Scream Tail|move: Fire Spin|[of] p2a: Dragonite\n|-enditem|p1a: Scream Tail|Red Card|[of] p2a: Dragonite\n|drag|p2a: Ninetales|Ninetales-Alola, F|24\/100\n|-weather|Snow|[from] ability: Snow Warning|[of] p2a: Ninetales\n|move|p1a: Scream Tail|Trick Room|p1a: Scream Tail\n|-fieldstart|move: Trick Room|[of] p1a: Scream Tail\n|\n|-weather|Snow|[upkeep]\n|-end|p1a: Scream Tail|Fire Spin|[partiallytrapped]|[silent]\n|upkeep\n|turn|19\n|\n|t:|1699577717\n|move|p1a: Scream Tail|Calm Mind|p1a: Scream Tail\n|-boost|p1a: Scream Tail|spa|1\n|-boost|p1a: Scream Tail|spd|1\n|move|p2a: Ninetales|Aurora Veil|p2a: Ninetales\n|-sidestart|p2: FJFJCJCU|move: Aurora Veil\n|\n|-weather|Snow|[upkeep]\n|upkeep\n|turn|20\n|\n|t:|1699577729\n|switch|p2a: Ogerpon|Ogerpon-Hearthflame, F|95\/100\n|-ability|p2a: Ogerpon|Mold Breaker\n|move|p1a: Scream Tail|Sunny Day|p1a: Scream Tail\n|-weather|SunnyDay\n|-activate|p1a: Scream Tail|ability: Protosynthesis\n|-start|p1a: Scream Tail|protosynthesisspd\n|\n|-weather|SunnyDay|[upkeep]\n|upkeep\n|turn|21\n|\n|t:|1699577743\n|-terastallize|p2a: Ogerpon|Fire\n|detailschange|p2a: Ogerpon|Ogerpon-Hearthflame-Tera, F, tera:Fire\n|-ability|p2a: Ogerpon|Embody Aspect (Hearthflame)|boost\n|-boost|p2a: Ogerpon|atk|1\n|move|p1a: Scream Tail|Calm Mind|p1a: Scream Tail\n|-boost|p1a: Scream Tail|spa|1\n|-boost|p1a: Scream Tail|spd|1\n|move|p2a: Ogerpon|Ivy Cudgel|p1a: Scream Tail\n|-damage|p1a: Scream Tail|0 fnt\n|faint|p1a: Scream Tail\n|-end|p1a: Scream Tail|Protosynthesis|[silent]\n|\n|-weather|SunnyDay|[upkeep]\n|upkeep\n|\n|t:|1699577784\n|switch|p1a: Magearna|Magearna-Original|100\/100\n|-damage|p1a: Magearna|94\/100|[from] Stealth Rock\n|turn|22\n|\n|t:|1699577789\n|move|p1a: Magearna|Calm Mind|p1a: Magearna\n|-boost|p1a: Magearna|spa|1\n|-boost|p1a: Magearna|spd|1\n|move|p2a: Ogerpon|Ivy Cudgel|p1a: Magearna\n|-supereffective|p1a: Magearna\n|-damage|p1a: Magearna|0 fnt\n|faint|p1a: Magearna\n|\n|win|FJFJCJCU\n|raw|iwuvbdsm's rating: 1042 &rarr; <strong>1024<\/strong><br \/>(-18 for losing)\n|raw|FJFJCJCU's rating: 1000 &rarr; <strong>1045<\/strong><br \/>(+45 for winning)\n|l|\u2606iwuvbdsm\n","uploadtime":1699577816,"views":6,"p1id":"iwuvbdsm","p2id":"fjfjcjcu","formatid":"gen9anythinggoes","rating":1024,"private":0,"password":""}