{"id":"gen9anythinggoes-1983515554","p1":"SoraCasburn12","p2":"gdrgfgbdfvdfvv","format":"[Gen 9] Anything Goes","log":"|j|\u2606SoraCasburn12\n|j|\u2606gdrgfgbdfvdfvv\n|t:|1699138515\n|gametype|singles\n|player|p1|SoraCasburn12|gardenia|1066\n|player|p2|gdrgfgbdfvdfvv|102|1000\n|teamsize|p1|6\n|teamsize|p2|6\n|gen|9\n|tier|[Gen 9] Anything Goes\n|rated|\n|rule|HP Percentage Mod: HP is shown in percentages\n|rule|Endless Battle Clause: Forcing endless battles is banned\n|clearpoke\n|poke|p1|Skeledirge, M|\n|poke|p1|Tinkaton, F|\n|poke|p1|Armarouge, F|\n|poke|p1|Donphan, F|\n|poke|p1|Corviknight, M|\n|poke|p1|Rotom-Wash|\n|poke|p2|Regieleki, L78|\n|poke|p2|Goodra-Hisui, F|\n|poke|p2|Snorlax, F|\n|poke|p2|Maushold-Four, L75|\n|poke|p2|Ursaluna-Bloodmoon, L75, M|\n|poke|p2|Kingambit, L75, F|\n|teampreview\n|inactive|Battle timer is ON: inactive players will automatically lose when time's up. (requested by gdrgfgbdfvdfvv)\n|\n|t:|1699138527\n|start\n|switch|p1a: Mash|Donphan, F|100\/100\n|switch|p2a: Goodra|Goodra-Hisui, F|100\/100\n|turn|1\n|inactiveoff|Battle timer is now OFF.\n|\n|t:|1699138535\n|move|p2a: Goodra|Acid Armor|p2a: Goodra\n|-boost|p2a: Goodra|def|2\n|move|p1a: Mash|Stealth Rock|p2a: Goodra\n|-sidestart|p2: gdrgfgbdfvdfvv|move: Stealth Rock\n|\n|upkeep\n|turn|2\n|\n|t:|1699138541\n|move|p2a: Goodra|Acid Armor|p2a: Goodra\n|-boost|p2a: Goodra|def|2\n|move|p1a: Mash|Iron Defense|p1a: Mash\n|-boost|p1a: Mash|def|2\n|\n|upkeep\n|turn|3\n|\n|t:|1699138547\n|move|p2a: Goodra|Acid Armor|p2a: Goodra\n|-boost|p2a: Goodra|def|2\n|move|p1a: Mash|Iron Defense|p1a: Mash\n|-boost|p1a: Mash|def|2\n|\n|upkeep\n|turn|4\n|\n|t:|1699138552\n|move|p2a: Goodra|Acid Armor|p2a: Goodra\n|-boost|p2a: Goodra|def|0\n|move|p1a: Mash|Iron Defense|p1a: Mash\n|-boost|p1a: Mash|def|2\n|\n|upkeep\n|turn|5\n|\n|t:|1699138559\n|move|p2a: Goodra|Protect|p2a: Goodra\n|-singleturn|p2a: Goodra|Protect\n|move|p1a: Mash|Thunder Fang|p2a: Goodra\n|-activate|p2a: Goodra|move: Protect\n|\n|upkeep\n|turn|6\n|\n|t:|1699138568\n|move|p2a: Goodra|Flamethrower|p1a: Mash\n|-damage|p1a: Mash|69\/100\n|move|p1a: Mash|Thunder Fang|p2a: Goodra\n|-resisted|p2a: Goodra\n|-damage|p2a: Goodra|98\/100\n|-ability|p2a: Goodra|Gooey\n|-unboost|p1a: Mash|spe|1\n|\n|-heal|p2a: Goodra|100\/100|[from] item: Leftovers\n|upkeep\n|turn|7\n|\n|t:|1699138578\n|move|p2a: Goodra|Flamethrower|p1a: Mash\n|-damage|p1a: Mash|40\/100\n|move|p1a: Mash|Bulldoze|p2a: Goodra\n|-supereffective|p2a: Goodra\n|-damage|p2a: Goodra|87\/100\n|-unboost|p2a: Goodra|spe|1\n|\n|-heal|p2a: Goodra|93\/100|[from] item: Leftovers\n|upkeep\n|turn|8\n|\n|t:|1699138587\n|move|p2a: Goodra|Flamethrower|p1a: Mash\n|-damage|p1a: Mash|9\/100\n|move|p1a: Mash|Bulldoze|p2a: Goodra\n|-supereffective|p2a: Goodra\n|-damage|p2a: Goodra|81\/100\n|-unboost|p2a: Goodra|spe|1\n|\n|-heal|p2a: Goodra|87\/100|[from] item: Leftovers\n|upkeep\n|turn|9\n|\n|t:|1699138597\n|move|p1a: Mash|Bulldoze|p2a: Goodra\n|-supereffective|p2a: Goodra\n|-damage|p2a: Goodra|74\/100\n|-unboost|p2a: Goodra|spe|1\n|cant|p2a: Goodra|flinch\n|\n|-heal|p2a: Goodra|80\/100|[from] item: Leftovers\n|upkeep\n|turn|10\n|\n|t:|1699138604\n|move|p1a: Mash|Bulldoze|p2a: Goodra\n|-supereffective|p2a: Goodra\n|-damage|p2a: Goodra|69\/100\n|-unboost|p2a: Goodra|spe|1\n|move|p2a: Goodra|Flamethrower|p1a: Mash\n|-damage|p1a: Mash|0 fnt\n|faint|p1a: Mash\n|\n|-heal|p2a: Goodra|75\/100|[from] item: Leftovers\n|upkeep\n|\n|t:|1699138613\n|switch|p1a: Tina|Tinkaton, F|100\/100\n|-ability|p1a: Tina|Mold Breaker\n|turn|11\n|\n|t:|1699138620\n|move|p2a: Goodra|Protect|p2a: Goodra\n|-singleturn|p2a: Goodra|Protect\n|move|p1a: Tina|Knock Off|p2a: Goodra\n|-activate|p2a: Goodra|move: Protect\n|\n|-heal|p2a: Goodra|81\/100|[from] item: Leftovers\n|upkeep\n|turn|12\n|\n|t:|1699138630\n|-terastallize|p1a: Tina|Fairy\n|move|p1a: Tina|Knock Off|p2a: Goodra\n|-damage|p2a: Goodra|76\/100\n|-ability|p2a: Goodra|Gooey\n|-unboost|p1a: Tina|spe|1\n|-enditem|p2a: Goodra|Leftovers|[from] move: Knock Off|[of] p1a: Tina\n|move|p2a: Goodra|Flamethrower|p1a: Tina\n|-damage|p1a: Tina|76\/100\n|\n|upkeep\n|turn|13\n|\n|t:|1699138657\n|move|p1a: Tina|Draining Kiss|p2a: Goodra\n|-damage|p2a: Goodra|59\/100\n|-heal|p1a: Tina|90\/100|[from] drain|[of] p2a: Goodra\n|-ability|p2a: Goodra|Gooey\n|-unboost|p1a: Tina|spe|1\n|move|p2a: Goodra|Flamethrower|p1a: Tina\n|-crit|p1a: Tina\n|-damage|p1a: Tina|54\/100\n|\n|upkeep\n|turn|14\n|\n|t:|1699138667\n|move|p1a: Tina|Draining Kiss|p2a: Goodra\n|-crit|p2a: Goodra\n|-damage|p2a: Goodra|35\/100\n|-heal|p1a: Tina|73\/100|[from] drain|[of] p2a: Goodra\n|-ability|p2a: Goodra|Gooey\n|-unboost|p1a: Tina|spe|1\n|move|p2a: Goodra|Flamethrower|p1a: Tina\n|-damage|p1a: Tina|50\/100\n|\n|upkeep\n|turn|15\n|\n|t:|1699138676\n|move|p1a: Tina|Draining Kiss|p2a: Goodra\n|-damage|p2a: Goodra|20\/100\n|-heal|p1a: Tina|62\/100|[from] drain|[of] p2a: Goodra\n|-ability|p2a: Goodra|Gooey\n|-unboost|p1a: Tina|spe|1\n|move|p2a: Goodra|Rest|p2a: Goodra\n|-status|p2a: Goodra|slp|[from] move: Rest\n|-heal|p2a: Goodra|100\/100 slp|[silent]\n|\n|upkeep\n|turn|16\n|\n|t:|1699138694\n|switch|p2a: Regieleki|Regieleki, L78|100\/100\n|-damage|p2a: Regieleki|88\/100|[from] Stealth Rock\n|-item|p2a: Regieleki|Air Balloon\n|move|p1a: Tina|Gigaton Hammer|p2a: Regieleki\n|-resisted|p2a: Regieleki\n|-damage|p2a: Regieleki|6\/100\n|-enditem|p2a: Regieleki|Air Balloon\n|\n|upkeep\n|turn|17\n|\n|t:|1699138705\n|move|p2a: Regieleki|Explosion|p1a: Tina\n|-damage|p1a: Tina|2\/100\n|faint|p2a: Regieleki\n|move|p1a: Tina|Knock Off|p2: Regieleki|[notarget]\n|-fail|p1a: Tina\n|\n|upkeep\n|c|\u2606SoraCasburn12|I somehow LIVED\n|c|\u2606SoraCasburn12|LETS GO\n|\n|t:|1699138725\n|switch|p2a: Maushold|Maushold-Four, L75|100\/100\n|-damage|p2a: Maushold|88\/100|[from] Stealth Rock\n|turn|18\n|\n|t:|1699138731\n|move|p2a: Maushold|Population Bomb|p1a: Tina|[miss]\n|-miss|p2a: Maushold|p1a: Tina\n|move|p1a: Tina|Ice Hammer|p2a: Maushold\n|-damage|p2a: Maushold|35\/100\n|-unboost|p1a: Tina|spe|1\n|\n|upkeep\n|turn|19\n|\n|t:|1699138740\n|move|p2a: Maushold|Population Bomb|p1a: Tina\n|-damage|p1a: Tina|0 fnt\n|faint|p1a: Tina\n|-hitcount|p1: Tina|1\n|\n|upkeep\n|\n|t:|1699138748\n|switch|p1a: Argus|Corviknight, M, shiny|100\/100\n|-ability|p1a: Argus|Pressure\n|turn|20\n|\n|t:|1699138752\n|move|p2a: Maushold|Population Bomb|p1a: Argus\n|-resisted|p1a: Argus\n|-damage|p1a: Argus|98\/100\n|-resisted|p1a: Argus\n|-damage|p1a: Argus|96\/100\n|-resisted|p1a: Argus\n|-damage|p1a: Argus|94\/100\n|-resisted|p1a: Argus\n|-damage|p1a: Argus|92\/100\n|-resisted|p1a: Argus\n|-damage|p1a: Argus|89\/100\n|-resisted|p1a: Argus\n|-damage|p1a: Argus|87\/100\n|-resisted|p1a: Argus\n|-damage|p1a: Argus|85\/100\n|-resisted|p1a: Argus\n|-damage|p1a: Argus|83\/100\n|-resisted|p1a: Argus\n|-crit|p1a: Argus\n|-damage|p1a: Argus|80\/100\n|-resisted|p1a: Argus\n|-damage|p1a: Argus|77\/100\n|-hitcount|p1a: Argus|10\n|move|p1a: Argus|Aerial Ace|p2a: Maushold\n|-damage|p2a: Maushold|0 fnt\n|faint|p2a: Maushold\n|\n|upkeep\n|\n|t:|1699138777\n|switch|p2a: Goodra|Goodra-Hisui, F|100\/100 slp\n|-damage|p2a: Goodra|95\/100 slp|[from] Stealth Rock\n|turn|21\n|-activate|p1a: Argus|item: Quick Claw\n|\n|t:|1699138782\n|move|p1a: Argus|Iron Head|p2a: Goodra\n|-resisted|p2a: Goodra\n|-damage|p2a: Goodra|80\/100 slp\n|-ability|p2a: Goodra|Gooey\n|-unboost|p1a: Argus|spe|1\n|cant|p2a: Goodra|slp\n|\n|upkeep\n|turn|22\n|\n|t:|1699138790\n|cant|p2a: Goodra|slp\n|move|p1a: Argus|Hone Claws|p1a: Argus\n|-boost|p1a: Argus|atk|1\n|-boost|p1a: Argus|accuracy|1\n|\n|upkeep\n|turn|23\n|\n|t:|1699138795\n|-curestatus|p2a: Goodra|slp|[msg]\n|move|p2a: Goodra|Flamethrower|p1a: Argus\n|-supereffective|p1a: Argus\n|-damage|p1a: Argus|28\/100\n|-status|p1a: Argus|brn\n|move|p1a: Argus|Hone Claws|p1a: Argus\n|-boost|p1a: Argus|atk|1\n|-boost|p1a: Argus|accuracy|1\n|\n|-damage|p1a: Argus|22\/100 brn|[from] brn\n|upkeep\n|turn|24\n|\n|t:|1699138806\n|move|p2a: Goodra|Flamethrower|p1a: Argus\n|-supereffective|p1a: Argus\n|-damage|p1a: Argus|0 fnt\n|faint|p1a: Argus\n|\n|upkeep\n|\n|t:|1699138811\n|switch|p1a: Raspberry|Rotom-Wash|100\/100\n|turn|25\n|\n|t:|1699138828\n|switch|p2a: Ursaluna|Ursaluna-Bloodmoon, L75, M|100\/100\n|-damage|p2a: Ursaluna|94\/100|[from] Stealth Rock\n|move|p1a: Raspberry|Thunder Wave|p2a: Ursaluna\n|-immune|p2a: Ursaluna\n|\n|-heal|p2a: Ursaluna|100\/100|[from] item: Leftovers\n|upkeep\n|turn|26\n|\n|t:|1699138838\n|move|p1a: Raspberry|Hydro Pump|p2a: Ursaluna\n|-supereffective|p2a: Ursaluna\n|-damage|p2a: Ursaluna|0 fnt\n|faint|p2a: Ursaluna\n|\n|upkeep\n|c|\u2606SoraCasburn12|no big bad bear\n|\n|t:|1699138851\n|switch|p2a: Snorlax|Snorlax, F|100\/100\n|-damage|p2a: Snorlax|88\/100|[from] Stealth Rock\n|turn|27\n|\n|t:|1699138864\n|move|p1a: Raspberry|Double Team|p1a: Raspberry\n|-boost|p1a: Raspberry|evasion|1\n|move|p2a: Snorlax|Heavy Slam|p1a: Raspberry\n|-resisted|p1a: Raspberry\n|-damage|p1a: Raspberry|90\/100\n|\n|-heal|p2a: Snorlax|94\/100|[from] item: Leftovers\n|upkeep\n|turn|28\n|\n|t:|1699138874\n|move|p1a: Raspberry|Double Team|p1a: Raspberry\n|-boost|p1a: Raspberry|evasion|1\n|move|p2a: Snorlax|Earthquake|p1a: Raspberry\n|-immune|p1a: Raspberry|[from] ability: Levitate\n|\n|-heal|p2a: Snorlax|100\/100|[from] item: Leftovers\n|upkeep\n|turn|29\n|\n|t:|1699138894\n|move|p1a: Raspberry|Double Team|p1a: Raspberry\n|-boost|p1a: Raspberry|evasion|1\n|move|p2a: Snorlax|Heavy Slam|p1a: Raspberry|[miss]\n|-miss|p2a: Snorlax|p1a: Raspberry\n|\n|upkeep\n|turn|30\n|\n|t:|1699138900\n|move|p1a: Raspberry|Thunder Wave|p2a: Snorlax\n|-status|p2a: Snorlax|par\n|move|p2a: Snorlax|Heavy Slam|p1a: Raspberry\n|-resisted|p1a: Raspberry\n|-damage|p1a: Raspberry|79\/100\n|\n|upkeep\n|turn|31\n|\n|t:|1699138907\n|move|p1a: Raspberry|Hydro Pump|p2a: Snorlax\n|-damage|p2a: Snorlax|68\/100 par\n|move|p2a: Snorlax|Heavy Slam|p1a: Raspberry\n|-resisted|p1a: Raspberry\n|-damage|p1a: Raspberry|68\/100\n|\n|-heal|p2a: Snorlax|75\/100 par|[from] item: Leftovers\n|upkeep\n|turn|32\n|\n|t:|1699138914\n|move|p1a: Raspberry|Hydro Pump|p2a: Snorlax\n|-damage|p2a: Snorlax|46\/100 par\n|move|p2a: Snorlax|Heavy Slam|p1a: Raspberry\n|-resisted|p1a: Raspberry\n|-damage|p1a: Raspberry|57\/100\n|\n|-heal|p2a: Snorlax|52\/100 par|[from] item: Leftovers\n|upkeep\n|turn|33\n|\n|t:|1699138922\n|move|p1a: Raspberry|Hydro Pump|p2a: Snorlax\n|-damage|p2a: Snorlax|23\/100 par\n|move|p2a: Snorlax|Heavy Slam|p1a: Raspberry|[miss]\n|-miss|p2a: Snorlax|p1a: Raspberry\n|\n|-heal|p2a: Snorlax|29\/100 par|[from] item: Leftovers\n|upkeep\n|turn|34\n|\n|t:|1699138930\n|move|p1a: Raspberry|Hydro Pump|p2a: Snorlax\n|-damage|p2a: Snorlax|2\/100 par\n|move|p2a: Snorlax|Rest|p2a: Snorlax\n|-status|p2a: Snorlax|slp|[from] move: Rest\n|-heal|p2a: Snorlax|100\/100 slp|[silent]\n|\n|upkeep\n|turn|35\n|c|\u2606SoraCasburn12|a rest team huh?\n|inactive|Battle timer is ON: inactive players will automatically lose when time's up. (requested by gdrgfgbdfvdfvv)\n|\n|t:|1699138950\n|switch|p1a: Drogo|Skeledirge, M|100\/100\n|cant|p2a: Snorlax|slp\n|move|p2a: Snorlax|Sleep Talk|p2a: Snorlax\n|move|p2a: Snorlax|Earthquake|p1a: Drogo|[from]move: Sleep Talk\n|-supereffective|p1a: Drogo\n|-damage|p1a: Drogo|56\/100\n|\n|upkeep\n|turn|36\n|inactiveoff|Battle timer is now OFF.\n|\n|t:|1699138959\n|move|p1a: Drogo|Torch Song|p2a: Snorlax\n|-damage|p2a: Snorlax|86\/100 slp\n|-boost|p1a: Drogo|spa|1\n|cant|p2a: Snorlax|slp\n|\n|-heal|p2a: Snorlax|92\/100 slp|[from] item: Leftovers\n|upkeep\n|turn|37\n|\n|t:|1699138967\n|move|p1a: Drogo|Torch Song|p2a: Snorlax\n|-damage|p2a: Snorlax|70\/100 slp\n|-boost|p1a: Drogo|spa|1\n|-curestatus|p2a: Snorlax|slp|[msg]\n|move|p2a: Snorlax|Sleep Talk||[still]\n|-fail|p2a: Snorlax\n|\n|-heal|p2a: Snorlax|76\/100|[from] item: Leftovers\n|upkeep\n|turn|38\n|\n|t:|1699138976\n|move|p1a: Drogo|Torch Song|p2a: Snorlax\n|-damage|p2a: Snorlax|47\/100\n|-boost|p1a: Drogo|spa|1\n|move|p2a: Snorlax|Earthquake|p1a: Drogo\n|-supereffective|p1a: Drogo\n|-damage|p1a: Drogo|8\/100\n|\n|-heal|p2a: Snorlax|53\/100|[from] item: Leftovers\n|upkeep\n|turn|39\n|\n|t:|1699138984\n|move|p1a: Drogo|Torch Song|p2a: Snorlax\n|-damage|p2a: Snorlax|0 fnt\n|-boost|p1a: Drogo|spa|1\n|faint|p2a: Snorlax\n|\n|upkeep\n|\n|t:|1699138994\n|switch|p2a: Goodra|Goodra-Hisui, F|80\/100\n|-damage|p2a: Goodra|74\/100|[from] Stealth Rock\n|turn|40\n|\n|t:|1699139005\n|move|p2a: Goodra|Protect|p2a: Goodra\n|-singleturn|p2a: Goodra|Protect\n|move|p1a: Drogo|Torch Song|p2a: Goodra\n|-activate|p2a: Goodra|move: Protect\n|\n|upkeep\n|turn|41\n|\n|t:|1699139057\n|move|p2a: Goodra|Flamethrower|p1a: Drogo\n|-resisted|p1a: Drogo\n|-damage|p1a: Drogo|0 fnt\n|faint|p1a: Drogo\n|\n|upkeep\n|\n|t:|1699139062\n|switch|p1a: Daryun|Armarouge, F|100\/100\n|turn|42\n|\n|t:|1699139067\n|move|p1a: Daryun|Mystical Fire|p2a: Goodra\n|-damage|p2a: Goodra|44\/100\n|-unboost|p2a: Goodra|spa|1\n|move|p2a: Goodra|Acid Armor|p2a: Goodra\n|-boost|p2a: Goodra|def|2\n|\n|upkeep\n|turn|43\n|\n|t:|1699139074\n|move|p1a: Daryun|Psybeam|p2a: Goodra\n|-resisted|p2a: Goodra\n|-damage|p2a: Goodra|29\/100\n|move|p2a: Goodra|Rest|p2a: Goodra\n|-status|p2a: Goodra|slp|[from] move: Rest\n|-heal|p2a: Goodra|100\/100 slp|[silent]\n|\n|upkeep\n|turn|44\n|\n|t:|1699139097\n|move|p1a: Daryun|Psybeam|p2a: Goodra\n|-resisted|p2a: Goodra\n|-damage|p2a: Goodra|88\/100 slp\n|cant|p2a: Goodra|slp\n|\n|upkeep\n|turn|45\n|\n|t:|1699139111\n|move|p1a: Daryun|Night Shade|p2a: Goodra\n|-damage|p2a: Goodra|58\/100 slp\n|cant|p2a: Goodra|slp\n|\n|upkeep\n|turn|46\n|\n|t:|1699139118\n|move|p1a: Daryun|Night Shade|p2a: Goodra\n|-damage|p2a: Goodra|28\/100 slp\n|-curestatus|p2a: Goodra|slp|[msg]\n|move|p2a: Goodra|Flamethrower|p1a: Daryun\n|-start|p1a: Daryun|ability: Flash Fire\n|\n|upkeep\n|turn|47\n|\n|t:|1699139136\n|move|p1a: Daryun|Night Shade|p2a: Goodra\n|-damage|p2a: Goodra|0 fnt\n|faint|p2a: Goodra\n|\n|upkeep\n|\n|t:|1699139140\n|switch|p2a: Kingambit|Kingambit, L75, F, shiny|100\/100\n|-damage|p2a: Kingambit|94\/100|[from] Stealth Rock\n|-activate|p2a: Kingambit|ability: Supreme Overlord\n|-start|p2a: Kingambit|fallen5|[silent]\n|turn|48\n|\n|t:|1699139151\n|-terastallize|p2a: Kingambit|Ground\n|move|p1a: Daryun|Armor Cannon|p2a: Kingambit\n|-damage|p2a: Kingambit|0 fnt\n|-unboost|p1a: Daryun|def|1\n|-unboost|p1a: Daryun|spd|1\n|faint|p2a: Kingambit\n|-end|p2a: Kingambit|fallen5|[silent]\n|\n|win|SoraCasburn12\n|raw|SoraCasburn12's rating: 1066 &rarr; <strong>1090<\/strong><br \/>(+24 for winning)\n|raw|gdrgfgbdfvdfvv's rating: 1000 &rarr; <strong>1000<\/strong><br \/>(+0 for losing)\n|c|\u2606SoraCasburn12|GG\n|l|\u2606gdrgfgbdfvdfvv\n","uploadtime":1699139169,"views":6,"p1id":"soracasburn12","p2id":"gdrgfgbdfvdfvv","formatid":"gen9anythinggoes","rating":1000,"private":0,"password":""}