{"id":"gen9anythinggoes-1973368362","p1":"Bl8ntRcist","p2":"Arceuso","format":"[Gen 9] Anything Goes","log":"|j|\u2606Bl8ntRcist\n|j|\u2606Arceuso\n|t:|1697963036\n|gametype|singles\n|player|p1|Bl8ntRcist|alder|1184\n|player|p2|Arceuso|hero2-conquest|1157\n|teamsize|p1|6\n|teamsize|p2|6\n|gen|9\n|tier|[Gen 9] Anything Goes\n|rated|\n|rule|HP Percentage Mod: HP is shown in percentages\n|rule|Endless Battle Clause: Forcing endless battles is banned\n|clearpoke\n|poke|p1|Rayquaza|\n|poke|p1|Calyrex-Ice|\n|poke|p1|Drifblim, M|\n|poke|p1|Houndstone, F|\n|poke|p1|Starly, L20, F|\n|poke|p1|Gardevoir, F|\n|poke|p2|Arceus|\n|poke|p2|Koraidon|\n|poke|p2|Miraidon|\n|poke|p2|Skeledirge, M|\n|poke|p2|Glimmora, F|\n|poke|p2|Arceus-Ground|\n|teampreview\n|inactive|Battle timer is ON: inactive players will automatically lose when time's up. (requested by Arceuso)\n|\n|t:|1697963046\n|start\n|switch|p1a: Drifblim|Drifblim, M, shiny|100\/100\n|switch|p2a: Glimmora|Glimmora, F|100\/100\n|turn|1\n|\n|t:|1697963070\n|move|p2a: Glimmora|Mortal Spin|p1a: Drifblim\n|-resisted|p1a: Drifblim\n|-damage|p1a: Drifblim|96\/100\n|-status|p1a: Drifblim|psn\n|move|p1a: Drifblim|Substitute|p1a: Drifblim\n|-start|p1a: Drifblim|Substitute\n|-damage|p1a: Drifblim|71\/100 psn\n|\n|-heal|p1a: Drifblim|77\/100 psn|[from] item: Leftovers\n|-damage|p1a: Drifblim|65\/100 psn|[from] psn\n|upkeep\n|turn|2\n|\n|t:|1697963081\n|move|p2a: Glimmora|Stealth Rock|p1a: Drifblim\n|-sidestart|p1: Bl8ntRcist|move: Stealth Rock\n|move|p1a: Drifblim|Minimize|p1a: Drifblim\n|-boost|p1a: Drifblim|evasion|2\n|\n|-heal|p1a: Drifblim|71\/100 psn|[from] item: Leftovers\n|-damage|p1a: Drifblim|59\/100 psn|[from] psn\n|upkeep\n|turn|3\n|\n|t:|1697963089\n|switch|p2a: Skeledirge|Skeledirge, M, shiny|100\/100\n|move|p1a: Drifblim|Minimize|p1a: Drifblim\n|-boost|p1a: Drifblim|evasion|2\n|\n|-heal|p1a: Drifblim|65\/100 psn|[from] item: Leftovers\n|-damage|p1a: Drifblim|52\/100 psn|[from] psn\n|upkeep\n|turn|4\n|\n|t:|1697963097\n|move|p1a: Drifblim|Minimize|p1a: Drifblim\n|-boost|p1a: Drifblim|evasion|2\n|move|p2a: Skeledirge|Torch Song|p1a: Drifblim\n|-damage|p1a: Drifblim|19\/100 psn\n|-boost|p2a: Skeledirge|spa|1\n|\n|-heal|p1a: Drifblim|25\/100 psn|[from] item: Leftovers\n|-damage|p1a: Drifblim|12\/100 psn|[from] psn\n|upkeep\n|turn|5\n|\n|t:|1697963107\n|move|p1a: Drifblim|Baton Pass|p1a: Drifblim\n|\n|t:|1697963110\n|switch|p1a: Calyrex|Calyrex-Ice|100\/100|[from] Baton Pass\n|-ability|p1a: Calyrex|As One\n|-ability|p1a: Calyrex|Unnerve\n|-damage|p1a: Calyrex|76\/100|[from] Stealth Rock\n|move|p2a: Skeledirge|Torch Song|p1a: Calyrex\n|-supereffective|p1a: Calyrex\n|-damage|p1a: Calyrex|2\/100\n|-boost|p2a: Skeledirge|spa|1\n|\n|-heal|p1a: Calyrex|8\/100|[from] item: Leftovers\n|upkeep\n|turn|6\n|\n|t:|1697963130\n|move|p1a: Calyrex|Agility|p1a: Calyrex\n|-boost|p1a: Calyrex|spe|2\n|move|p2a: Skeledirge|Torch Song|p1a: Calyrex\n|-supereffective|p1a: Calyrex\n|-crit|p1a: Calyrex\n|-damage|p1a: Calyrex|0 fnt\n|-boost|p2a: Skeledirge|spa|1\n|faint|p1a: Calyrex\n|\n|upkeep\n|-message|Bl8ntRcist forfeited.\n|\n|win|Arceuso\n|raw|Bl8ntRcist's rating: 1184 &rarr; <strong>1157<\/strong><br \/>(-27 for losing)\n|raw|Arceuso's rating: 1157 &rarr; <strong>1184<\/strong><br \/>(+27 for winning)\n|l|\u2606Bl8ntRcist\n","uploadtime":1697963142,"views":15,"p1id":"bl8ntrcist","p2id":"arceuso","formatid":"gen9anythinggoes","rating":1157,"private":0,"password":""}