{"id":"gen9anythinggoes-2000295942","p1":"KBPrime","p2":"Koibitio","format":"[Gen 9] Anything Goes","log":"|j|\u2606KBPrime\n|j|\u203dKoibitio\n|t:|1701182375\n|gametype|singles\n|player|p1|KBPrime|102|1249\n|player|p2|Koibitio|buck|1425\n|teamsize|p1|6\n|teamsize|p2|6\n|gen|9\n|tier|[Gen 9] Anything Goes\n|rated|\n|rule|HP Percentage Mod: HP is shown in percentages\n|rule|Endless Battle Clause: Forcing endless battles is banned\n|clearpoke\n|poke|p1|Garchomp, M|\n|poke|p1|Calyrex-Shadow|\n|poke|p1|Toxapex, M|\n|poke|p1|Zacian-*|\n|poke|p1|Zapdos|\n|poke|p1|Chi-Yu|\n|poke|p2|Maushold-Four|\n|poke|p2|Arboliva, M|\n|poke|p2|Gholdengo|\n|poke|p2|Dragonite, M|\n|poke|p2|Chi-Yu|\n|poke|p2|Chesnaught, M|\n|teampreview\n|\n|t:|1701182406\n|start\n|switch|p1a: Calyrex|Calyrex-Shadow|100\/100\n|switch|p2a: Gholdengo|Gholdengo, shiny|100\/100\n|-ability|p1a: Calyrex|As One\n|-ability|p1a: Calyrex|Unnerve\n|turn|1\n|\n|t:|1701182423\n|move|p2a: Gholdengo|Shadow Ball|p1a: Calyrex\n|-supereffective|p1a: Calyrex\n|-enditem|p1a: Calyrex|Focus Sash\n|-damage|p1a: Calyrex|1\/100\n|-unboost|p1a: Calyrex|spd|1\n|move|p1a: Calyrex|Astral Barrage|p2a: Gholdengo\n|-supereffective|p2a: Gholdengo\n|-damage|p2a: Gholdengo|0 fnt\n|faint|p2a: Gholdengo\n|-ability|p1a: Calyrex|Grim Neigh|boost\n|-boost|p1a: Calyrex|spa|1\n|\n|upkeep\n|\n|t:|1701182436\n|switch|p2a: Chi-Yu|Chi-Yu|100\/100\n|-ability|p2a: Chi-Yu|Beads of Ruin\n|turn|2\n|\n|t:|1701182443\n|move|p1a: Calyrex|Draining Kiss|p2a: Chi-Yu\n|-damage|p2a: Chi-Yu|65\/100\n|-heal|p1a: Calyrex|21\/100|[from] drain|[of] p2a: Chi-Yu\n|move|p2a: Chi-Yu|Flamethrower|p1a: Calyrex\n|-damage|p1a: Calyrex|0 fnt\n|faint|p1a: Calyrex\n|\n|upkeep\n|\n|t:|1701182453\n|switch|p1a: Toxapex|Toxapex, M|100\/100\n|turn|3\n|\n|t:|1701182460\n|move|p2a: Chi-Yu|Psychic|p1a: Toxapex\n|-supereffective|p1a: Toxapex\n|-damage|p1a: Toxapex|19\/100\n|move|p1a: Toxapex|Toxic Spikes|p2a: Chi-Yu\n|-sidestart|p2: Koibitio|move: Toxic Spikes\n|\n|upkeep\n|turn|4\n|\n|t:|1701182468\n|move|p2a: Chi-Yu|Psychic|p1a: Toxapex\n|-supereffective|p1a: Toxapex\n|-damage|p1a: Toxapex|0 fnt\n|faint|p1a: Toxapex\n|\n|upkeep\n|\n|t:|1701182473\n|switch|p1a: Garchomp|Garchomp, M|100\/100\n|turn|5\n|inactive|Battle timer is ON: inactive players will automatically lose when time's up. (requested by KBPrime)\n|\n|t:|1701182482\n|switch|p2a: Arboliva|Arboliva, M, shiny|100\/100\n|-status|p2a: Arboliva|psn\n|move|p1a: Garchomp|Earthquake|p2a: Arboliva\n|-resisted|p2a: Arboliva\n|-damage|p2a: Arboliva|72\/100 psn\n|-fieldstart|move: Grassy Terrain|[from] ability: Seed Sower|[of] p2a: Arboliva\n|\n|-heal|p2a: Arboliva|78\/100 psn|[from] Grassy Terrain\n|-heal|p2a: Arboliva|84\/100 psn|[from] item: Leftovers\n|-damage|p2a: Arboliva|72\/100 psn|[from] psn\n|upkeep\n|turn|6\n|\n|t:|1701182489\n|move|p1a: Garchomp|Flamethrower|p2a: Arboliva\n|-supereffective|p2a: Arboliva\n|-damage|p2a: Arboliva|49\/100 psn\n|move|p2a: Arboliva|Strength Sap|p1a: Garchomp\n|-unboost|p1a: Garchomp|atk|1\n|-heal|p2a: Arboliva|100\/100 psn\n|\n|-damage|p2a: Arboliva|88\/100 psn|[from] psn\n|upkeep\n|turn|7\n|\n|t:|1701182496\n|move|p1a: Garchomp|Flamethrower|p2a: Arboliva\n|-supereffective|p2a: Arboliva\n|-damage|p2a: Arboliva|65\/100 psn\n|move|p2a: Arboliva|Reflect|p2a: Arboliva\n|-sidestart|p2: Koibitio|Reflect\n|\n|-heal|p2a: Arboliva|71\/100 psn|[from] Grassy Terrain\n|-heal|p2a: Arboliva|77\/100 psn|[from] item: Leftovers\n|-damage|p2a: Arboliva|64\/100 psn|[from] psn\n|upkeep\n|turn|8\n|\n|t:|1701182501\n|move|p1a: Garchomp|Swords Dance|p1a: Garchomp\n|-boost|p1a: Garchomp|atk|2\n|move|p2a: Arboliva|Leech Seed|p1a: Garchomp\n|-start|p1a: Garchomp|move: Leech Seed\n|\n|-heal|p2a: Arboliva|70\/100 psn|[from] Grassy Terrain\n|-heal|p2a: Arboliva|77\/100 psn|[from] item: Leftovers\n|-damage|p1a: Garchomp|88\/100|[from] Leech Seed|[of] p2a: Arboliva\n|-heal|p2a: Arboliva|89\/100 psn|[silent]\n|-damage|p2a: Arboliva|76\/100 psn|[from] psn\n|upkeep\n|turn|9\n|\n|t:|1701182505\n|move|p1a: Garchomp|Flamethrower|p2a: Arboliva\n|-supereffective|p2a: Arboliva\n|-damage|p2a: Arboliva|56\/100 psn\n|move|p2a: Arboliva|Strength Sap|p1a: Garchomp\n|-unboost|p1a: Garchomp|atk|1\n|-heal|p2a: Arboliva|100\/100 psn\n|\n|-heal|p1a: Garchomp|94\/100|[from] Grassy Terrain\n|-damage|p1a: Garchomp|82\/100|[from] Leech Seed|[of] p2a: Arboliva\n|-damage|p2a: Arboliva|88\/100 psn|[from] psn\n|-fieldend|move: Grassy Terrain\n|upkeep\n|turn|10\n|\n|t:|1701182515\n|move|p1a: Garchomp|Swords Dance|p1a: Garchomp\n|-boost|p1a: Garchomp|atk|2\n|move|p2a: Arboliva|Strength Sap|p1a: Garchomp\n|-unboost|p1a: Garchomp|atk|1\n|-heal|p2a: Arboliva|100\/100 psn\n|\n|-damage|p1a: Garchomp|70\/100|[from] Leech Seed|[of] p2a: Arboliva\n|-damage|p2a: Arboliva|88\/100 psn|[from] psn\n|upkeep\n|turn|11\n|\n|t:|1701182536\n|move|p1a: Garchomp|Swords Dance|p1a: Garchomp\n|-boost|p1a: Garchomp|atk|2\n|move|p2a: Arboliva|Strength Sap|p1a: Garchomp\n|-unboost|p1a: Garchomp|atk|1\n|-heal|p2a: Arboliva|100\/100 psn\n|\n|-damage|p1a: Garchomp|57\/100|[from] Leech Seed|[of] p2a: Arboliva\n|-damage|p2a: Arboliva|88\/100 psn|[from] psn\n|-sideend|p2: Koibitio|Reflect\n|upkeep\n|turn|12\n|\n|t:|1701182540\n|move|p1a: Garchomp|Flamethrower|p2a: Arboliva\n|-supereffective|p2a: Arboliva\n|-damage|p2a: Arboliva|67\/100 psn\n|-fieldstart|move: Grassy Terrain|[from] ability: Seed Sower|[of] p2a: Arboliva\n|move|p2a: Arboliva|Giga Drain|p1a: Garchomp\n|-damage|p1a: Garchomp|4\/100\n|-heal|p2a: Arboliva|93\/100 psn|[from] drain|[of] p1a: Garchomp\n|\n|-heal|p1a: Garchomp|11\/100|[from] Grassy Terrain\n|-heal|p2a: Arboliva|99\/100 psn|[from] Grassy Terrain\n|-heal|p2a: Arboliva|100\/100 psn|[from] item: Leftovers\n|-damage|p1a: Garchomp|0 fnt|[from] Leech Seed|[of] p2a: Arboliva\n|faint|p1a: Garchomp\n|-damage|p2a: Arboliva|88\/100 psn|[from] psn\n|upkeep\n|\n|t:|1701182548\n|switch|p1a: Chi-Yu|Chi-Yu|100\/100\n|-ability|p1a: Chi-Yu|Beads of Ruin\n|turn|13\n|\n|t:|1701182554\n|move|p1a: Chi-Yu|Confuse Ray|p2a: Arboliva\n|-start|p2a: Arboliva|confusion\n|-activate|p2a: Arboliva|confusion\n|move|p2a: Arboliva|Leech Seed|p1a: Chi-Yu\n|-start|p1a: Chi-Yu|move: Leech Seed\n|\n|-heal|p2a: Arboliva|94\/100 psn|[from] Grassy Terrain\n|-heal|p2a: Arboliva|99\/100 psn|[from] item: Leftovers\n|-damage|p1a: Chi-Yu|88\/100|[from] Leech Seed|[of] p2a: Arboliva\n|-heal|p2a: Arboliva|100\/100 psn|[silent]\n|-damage|p2a: Arboliva|88\/100 psn|[from] psn\n|upkeep\n|turn|14\n|\n|t:|1701182562\n|switch|p2a: Chi-Yu|Chi-Yu|65\/100\n|-status|p2a: Chi-Yu|psn\n|-ability|p2a: Chi-Yu|Beads of Ruin\n|move|p1a: Chi-Yu|Ruination|p2a: Chi-Yu\n|-damage|p2a: Chi-Yu|33\/100 psn\n|\n|-heal|p1a: Chi-Yu|94\/100|[from] Grassy Terrain\n|-heal|p2a: Chi-Yu|39\/100 psn|[from] Grassy Terrain\n|-damage|p1a: Chi-Yu|82\/100|[from] Leech Seed|[of] p2a: Chi-Yu\n|-heal|p2a: Chi-Yu|51\/100 psn|[silent]\n|-damage|p2a: Chi-Yu|39\/100 psn|[from] psn\n|upkeep\n|turn|15\n|\n|t:|1701182577\n|switch|p1a: Zapdos|Zapdos|100\/100\n|-ability|p1a: Zapdos|Pressure\n|move|p2a: Chi-Yu|Flamethrower|p1a: Zapdos\n|-damage|p1a: Zapdos|53\/100\n|\n|-heal|p2a: Chi-Yu|45\/100 psn|[from] Grassy Terrain\n|-damage|p2a: Chi-Yu|32\/100 psn|[from] psn\n|upkeep\n|turn|16\n|\n|t:|1701182587\n|move|p2a: Chi-Yu|Dark Pulse|p1a: Zapdos\n|-damage|p1a: Zapdos|11\/100\n|move|p1a: Zapdos|Discharge|p2a: Chi-Yu\n|-damage|p2a: Chi-Yu|0 fnt\n|faint|p2a: Chi-Yu\n|\n|-fieldend|move: Grassy Terrain\n|upkeep\n|\n|t:|1701182596\n|switch|p2a: Dragonite|Dragonite, M, shiny|100\/100\n|turn|17\n|\n|t:|1701182611\n|move|p2a: Dragonite|Extreme Speed|p1a: Zapdos\n|-damage|p1a: Zapdos|0 fnt\n|faint|p1a: Zapdos\n|\n|upkeep\n|\n|t:|1701182617\n|switch|p1a: Zacian|Zacian-Crowned|100\/100\n|-ability|p1a: Zacian|Intrepid Sword|boost\n|-boost|p1a: Zacian|atk|1\n|turn|18\n|\n|t:|1701182622\n|move|p1a: Zacian|Behemoth Blade|p2a: Dragonite\n|-damage|p2a: Dragonite|52\/100\n|move|p2a: Dragonite|Earthquake|p1a: Zacian\n|-supereffective|p1a: Zacian\n|-damage|p1a: Zacian|19\/100\n|\n|upkeep\n|turn|19\n|\n|t:|1701182627\n|move|p2a: Dragonite|Extreme Speed|p1a: Zacian\n|-resisted|p1a: Zacian\n|-damage|p1a: Zacian|4\/100\n|move|p1a: Zacian|Behemoth Blade|p2a: Dragonite\n|-damage|p2a: Dragonite|0 fnt\n|faint|p2a: Dragonite\n|\n|upkeep\n|\n|t:|1701182632\n|switch|p2a: Arboliva|Arboliva, M, shiny|88\/100 psn\n|turn|20\n|\n|t:|1701182635\n|move|p1a: Zacian|Behemoth Blade|p2a: Arboliva\n|-damage|p2a: Arboliva|0 fnt\n|-fieldstart|move: Grassy Terrain|[from] ability: Seed Sower|[of] p2a: Arboliva\n|faint|p2a: Arboliva\n|\n|-heal|p1a: Zacian|10\/100|[from] Grassy Terrain\n|upkeep\n|\n|t:|1701182645\n|switch|p2a: Chesnaught|Chesnaught, M, shiny|100\/100\n|-status|p2a: Chesnaught|psn\n|turn|21\n|\n|t:|1701182658\n|move|p1a: Zacian|Sacred Sword|p2a: Chesnaught\n|-damage|p2a: Chesnaught|52\/100 psn\n|move|p2a: Chesnaught|Drain Punch|p1a: Zacian\n|-damage|p1a: Zacian|0 fnt\n|-heal|p2a: Chesnaught|57\/100 psn|[from] drain|[of] p1a: Zacian\n|faint|p1a: Zacian\n|\n|-heal|p2a: Chesnaught|63\/100 psn|[from] Grassy Terrain\n|-damage|p2a: Chesnaught|51\/100 psn|[from] psn\n|upkeep\n|\n|t:|1701182664\n|switch|p1a: Chi-Yu|Chi-Yu|82\/100\n|-ability|p1a: Chi-Yu|Beads of Ruin\n|turn|22\n|\n|t:|1701182668\n|move|p1a: Chi-Yu|Lava Plume|p2a: Chesnaught\n|-supereffective|p2a: Chesnaught\n|-damage|p2a: Chesnaught|0 fnt\n|faint|p2a: Chesnaught\n|\n|-heal|p1a: Chi-Yu|88\/100|[from] Grassy Terrain\n|upkeep\n|\n|t:|1701182671\n|switch|p2a: Maushold|Maushold-Four|100\/100\n|-status|p2a: Maushold|psn\n|turn|23\n|\n|t:|1701182676\n|move|p2a: Maushold|Population Bomb|p1a: Chi-Yu\n|-damage|p1a: Chi-Yu|71\/100\n|-damage|p1a: Chi-Yu|53\/100\n|-damage|p1a: Chi-Yu|36\/100\n|-damage|p1a: Chi-Yu|18\/100\n|-damage|p1a: Chi-Yu|0 fnt\n|faint|p1a: Chi-Yu\n|-hitcount|p1: Chi-Yu|5\n|\n|win|Koibitio\n|raw|KBPrime's rating: 1249 &rarr; <strong>1236<\/strong><br \/>(-13 for losing)\n|raw|Koibitio's rating: 1425 &rarr; <strong>1436<\/strong><br \/>(+11 for winning)\n|l|\u2606KBPrime\n","uploadtime":1701182694,"views":0,"p1id":"kbprime","p2id":"koibitio","formatid":"gen9anythinggoes","rating":1236,"private":0,"password":""}