{"id":"gen9anythinggoes-2000466402","p1":"hagafafaf","p2":"skeezlix","format":"[Gen 9] Anything Goes","log":"|j|\u2606hagafafaf\n|j|\u2606skeezlix\n|t:|1701197182\n|gametype|singles\n|player|p1|hagafafaf|265|1040\n|player|p2|skeezlix|266|1000\n|teamsize|p1|6\n|teamsize|p2|6\n|gen|9\n|tier|[Gen 9] Anything Goes\n|rated|\n|rule|HP Percentage Mod: HP is shown in percentages\n|rule|Endless Battle Clause: Forcing endless battles is banned\n|clearpoke\n|poke|p1|Scovillain, M|\n|poke|p1|Garganacl, F|\n|poke|p1|Chi-Yu|\n|poke|p1|Dunsparce, F|\n|poke|p1|Espathra, F|\n|poke|p1|Landorus-Therian, M|\n|poke|p2|Garchomp, F|\n|poke|p2|Dragapult, M|\n|poke|p2|Garganacl, F|\n|poke|p2|Lucario, M|\n|poke|p2|Primeape, M|\n|poke|p2|Greninja-*, M|\n|teampreview\n|inactive|Battle timer is ON: inactive players will automatically lose when time's up. (requested by hagafafaf)\n|\n|t:|1701197201\n|start\n|switch|p1a: Dunsparce|Dunsparce, F|100\/100\n|switch|p2a: Greninja|Greninja, M, shiny|100\/100\n|turn|1\n|\n|t:|1701197209\n|move|p2a: Greninja|Extrasensory|p1a: Dunsparce\n|-damage|p1a: Dunsparce|86\/100\n|move|p1a: Dunsparce|Yawn|p2a: Greninja\n|-start|p2a: Greninja|move: Yawn|[of] p1a: Dunsparce\n|\n|upkeep\n|turn|2\n|\n|t:|1701197218\n|switch|p2a: Lucario|Lucario, M, shiny|100\/100\n|move|p1a: Dunsparce|Agility|p1a: Dunsparce\n|-boost|p1a: Dunsparce|spe|2\n|\n|upkeep\n|turn|3\n|\n|t:|1701197221\n|move|p1a: Dunsparce|Yawn|p2a: Lucario\n|-start|p2a: Lucario|move: Yawn|[of] p1a: Dunsparce\n|move|p2a: Lucario|Close Combat|p1a: Dunsparce\n|-supereffective|p1a: Dunsparce\n|-damage|p1a: Dunsparce|38\/100\n|-unboost|p2a: Lucario|def|1\n|-unboost|p2a: Lucario|spd|1\n|\n|upkeep\n|turn|4\n|\n|t:|1701197232\n|switch|p2a: Primeape|Primeape, M, shiny|100\/100\n|move|p1a: Dunsparce|Baton Pass|p1a: Dunsparce\n|\n|t:|1701197235\n|switch|p1a: Espathra|Espathra, F|100\/100|[from] Baton Pass\n|\n|upkeep\n|turn|5\n|\n|t:|1701197240\n|move|p1a: Espathra|Protect|p1a: Espathra\n|-singleturn|p1a: Espathra|Protect\n|move|p2a: Primeape|Rage Fist|p1a: Espathra\n|-activate|p1a: Espathra|move: Protect\n|\n|-ability|p1a: Espathra|Speed Boost|boost\n|-boost|p1a: Espathra|spe|1\n|upkeep\n|turn|6\n|\n|t:|1701197249\n|move|p1a: Espathra|Stored Power|p2a: Primeape\n|-supereffective|p2a: Primeape\n|-damage|p2a: Primeape|0 fnt\n|faint|p2a: Primeape\n|-damage|p1a: Espathra|91\/100|[from] item: Life Orb\n|\n|-ability|p1a: Espathra|Speed Boost|boost\n|-boost|p1a: Espathra|spe|1\n|upkeep\n|\n|t:|1701197261\n|switch|p2a: Garganacl|Garganacl, F, shiny|100\/100\n|turn|7\n|\n|t:|1701197268\n|move|p1a: Espathra|Calm Mind|p1a: Espathra\n|-boost|p1a: Espathra|spa|1\n|-boost|p1a: Espathra|spd|1\n|move|p2a: Garganacl|Earthquake|p1a: Espathra\n|-damage|p1a: Espathra|53\/100\n|\n|-ability|p1a: Espathra|Speed Boost|boost\n|-boost|p1a: Espathra|spe|1\n|upkeep\n|turn|8\n|\n|t:|1701197276\n|move|p1a: Espathra|Protect|p1a: Espathra\n|-singleturn|p1a: Espathra|Protect\n|move|p2a: Garganacl|Avalanche|p1a: Espathra\n|-activate|p1a: Espathra|move: Protect\n|\n|-ability|p1a: Espathra|Speed Boost|boost\n|-boost|p1a: Espathra|spe|1\n|upkeep\n|turn|9\n|\n|t:|1701197284\n|move|p1a: Espathra|Stored Power|p2a: Garganacl\n|-damage|p2a: Garganacl|0 fnt\n|faint|p2a: Garganacl\n|-damage|p1a: Espathra|43\/100|[from] item: Life Orb\n|\n|upkeep\n|\n|t:|1701197294\n|switch|p2a: Greninja|Greninja, M, shiny|100\/100\n|turn|10\n|\n|t:|1701197300\n|-terastallize|p1a: Espathra|Fairy\n|move|p1a: Espathra|Dazzling Gleam|p2a: Greninja\n|-supereffective|p2a: Greninja\n|-damage|p2a: Greninja|0 fnt\n|faint|p2a: Greninja\n|-damage|p1a: Espathra|33\/100|[from] item: Life Orb\n|\n|upkeep\n|-message|skeezlix forfeited.\n|\n|win|hagafafaf\n|raw|hagafafaf's rating: 1040 &rarr; <strong>1070<\/strong><br \/>(+30 for winning)\n|raw|skeezlix's rating: 1000 &rarr; <strong>1000<\/strong><br \/>(+0 for losing)\n|l|\u2606skeezlix\n","uploadtime":1701197316,"views":0,"p1id":"hagafafaf","p2id":"skeezlix","formatid":"gen9anythinggoes","rating":1000,"private":0,"password":""}