{"id":"gen9anythinggoes-1977347773","p1":"Stotch BP player","p2":"YouAreRubbish","format":"[Gen 9] Anything Goes","log":"|j|\u2606Stotch BP player\n|j|\u2606YouAreRubbish\n|t:|1698408194\n|gametype|singles\n|player|p1|Stotch BP player|bruno|1078\n|player|p2|YouAreRubbish|veteran|1133\n|teamsize|p1|6\n|teamsize|p2|6\n|gen|9\n|tier|[Gen 9] Anything Goes\n|rated|\n|rule|HP Percentage Mod: HP is shown in percentages\n|rule|Endless Battle Clause: Forcing endless battles is banned\n|clearpoke\n|poke|p1|Espathra, M|\n|poke|p1|Espeon, M|\n|poke|p1|Clefable, M|\n|poke|p1|Volbeat, M|\n|poke|p1|Shaymin-Sky|\n|poke|p1|Drifblim, M|\n|poke|p2|Drifloon, M|\n|poke|p2|Electrode|\n|poke|p2|Golem-Alola, F|\n|poke|p2|Tyranitar, M|\n|poke|p2|Houndstone, M|\n|poke|p2|Kingambit, F|\n|teampreview\n|\n|t:|1698408206\n|start\n|switch|p1a: Espathra|Espathra, M|100\/100\n|switch|p2a: Fodder|Drifloon, M, shiny|100\/100\n|turn|1\n|\n|t:|1698408212\n|move|p1a: Espathra|Substitute|p1a: Espathra\n|-start|p1a: Espathra|Substitute\n|-damage|p1a: Espathra|76\/100\n|move|p2a: Fodder|Explosion|p1a: Espathra\n|-end|p1a: Espathra|Substitute\n|faint|p2a: Fodder\n|\n|-heal|p1a: Espathra|82\/100|[from] item: Leftovers\n|-ability|p1a: Espathra|Speed Boost|boost\n|-boost|p1a: Espathra|spe|1\n|upkeep\n|\n|t:|1698408223\n|switch|p2a: Electchode|Electrode, shiny|100\/100\n|turn|2\n|\n|t:|1698408229\n|move|p1a: Espathra|Protect|p1a: Espathra\n|-singleturn|p1a: Espathra|Protect\n|move|p2a: Electchode|Explosion|p1a: Espathra\n|-activate|p1a: Espathra|move: Protect\n|faint|p2a: Electchode\n|\n|-heal|p1a: Espathra|88\/100|[from] item: Leftovers\n|-ability|p1a: Espathra|Speed Boost|boost\n|-boost|p1a: Espathra|spe|1\n|upkeep\n|\n|t:|1698408241\n|switch|p2a: Moustacio|Golem-Alola, F, shiny|100\/100\n|turn|3\n|\n|t:|1698408244\n|move|p1a: Espathra|Substitute|p1a: Espathra\n|-start|p1a: Espathra|Substitute\n|-damage|p1a: Espathra|63\/100\n|move|p2a: Moustacio|Explosion|p1a: Espathra\n|-end|p1a: Espathra|Substitute\n|faint|p2a: Moustacio\n|\n|-heal|p1a: Espathra|69\/100|[from] item: Leftovers\n|-ability|p1a: Espathra|Speed Boost|boost\n|-boost|p1a: Espathra|spe|1\n|upkeep\n|n|!YouAreRubbish|youarerubbish\n|\n|t:|1698408257\n|switch|p2a: The Sandman|Tyranitar, M, shiny|100\/100\n|-weather|Sandstorm|[from] ability: Sand Stream|[of] p2a: The Sandman\n|turn|4\n|\n|t:|1698408262\n|move|p1a: Espathra|Substitute|p1a: Espathra\n|-start|p1a: Espathra|Substitute\n|-damage|p1a: Espathra|44\/100\n|move|p2a: The Sandman|Earthquake|p1a: Espathra\n|-end|p1a: Espathra|Substitute\n|\n|-weather|Sandstorm|[upkeep]\n|-damage|p1a: Espathra|38\/100|[from] Sandstorm\n|-heal|p1a: Espathra|44\/100|[from] item: Leftovers\n|-ability|p1a: Espathra|Speed Boost|boost\n|-boost|p1a: Espathra|spe|1\n|upkeep\n|turn|5\n|\n|t:|1698408273\n|move|p1a: Espathra|Substitute|p1a: Espathra\n|-start|p1a: Espathra|Substitute\n|-damage|p1a: Espathra|19\/100\n|move|p2a: The Sandman|Earthquake|p1a: Espathra\n|-end|p1a: Espathra|Substitute\n|\n|-weather|Sandstorm|[upkeep]\n|-damage|p1a: Espathra|13\/100|[from] Sandstorm\n|-heal|p1a: Espathra|19\/100|[from] item: Leftovers\n|-ability|p1a: Espathra|Speed Boost|boost\n|-boost|p1a: Espathra|spe|1\n|upkeep\n|turn|6\n|\n|t:|1698408284\n|move|p1a: Espathra|Protect|p1a: Espathra\n|-singleturn|p1a: Espathra|Protect\n|move|p2a: The Sandman|Earthquake|p1a: Espathra\n|-activate|p1a: Espathra|move: Protect\n|\n|-weather|Sandstorm|[upkeep]\n|-damage|p1a: Espathra|13\/100|[from] Sandstorm\n|-heal|p1a: Espathra|19\/100|[from] item: Leftovers\n|-ability|p1a: Espathra|Speed Boost|boost\n|-boost|p1a: Espathra|spe|1\n|upkeep\n|turn|7\n|\n|t:|1698408295\n|move|p1a: Espathra|Baton Pass|p1a: Espathra\n|\n|t:|1698408297\n|switch|p1a: Clefable|Clefable, M|100\/100|[from] Baton Pass\n|move|p2a: The Sandman|Earthquake|p1a: Clefable\n|-damage|p1a: Clefable|59\/100\n|\n|-weather|Sandstorm|[upkeep]\n|-damage|p1a: Clefable|53\/100|[from] Sandstorm\n|upkeep\n|turn|8\n|\n|t:|1698408306\n|move|p1a: Clefable|Cosmic Power|p1a: Clefable\n|-boost|p1a: Clefable|def|1\n|-boost|p1a: Clefable|spd|1\n|move|p2a: The Sandman|Earthquake|p1a: Clefable\n|-damage|p1a: Clefable|28\/100\n|\n|-weather|none\n|upkeep\n|turn|9\n|\n|t:|1698408314\n|move|p1a: Clefable|Moonlight|p1a: Clefable\n|-heal|p1a: Clefable|78\/100\n|move|p2a: The Sandman|Earthquake|p1a: Clefable\n|-crit|p1a: Clefable\n|-damage|p1a: Clefable|17\/100\n|\n|upkeep\n|turn|10\n|\n|t:|1698408321\n|move|p1a: Clefable|Moonlight|p1a: Clefable\n|-heal|p1a: Clefable|67\/100\n|move|p2a: The Sandman|Earthquake|p1a: Clefable\n|-damage|p1a: Clefable|41\/100\n|\n|upkeep\n|turn|11\n|\n|t:|1698408328\n|move|p1a: Clefable|Moonlight|p1a: Clefable\n|-heal|p1a: Clefable|91\/100\n|move|p2a: The Sandman|Earthquake|p1a: Clefable\n|-damage|p1a: Clefable|62\/100\n|\n|upkeep\n|turn|12\n|inactive|Battle timer is ON: inactive players will automatically lose when time's up. (requested by YouAreRubbish)\n|\n|t:|1698408334\n|move|p1a: Clefable|Cosmic Power|p1a: Clefable\n|-boost|p1a: Clefable|def|1\n|-boost|p1a: Clefable|spd|1\n|move|p2a: The Sandman|Earthquake|p1a: Clefable\n|-damage|p1a: Clefable|42\/100\n|\n|upkeep\n|turn|13\n|\n|t:|1698408342\n|move|p1a: Clefable|Moonlight|p1a: Clefable\n|-heal|p1a: Clefable|92\/100\n|move|p2a: The Sandman|Earthquake|p1a: Clefable\n|-damage|p1a: Clefable|73\/100\n|\n|upkeep\n|turn|14\n|\n|t:|1698408349\n|move|p1a: Clefable|Cosmic Power|p1a: Clefable\n|-boost|p1a: Clefable|def|1\n|-boost|p1a: Clefable|spd|1\n|move|p2a: The Sandman|Earthquake|p1a: Clefable\n|-damage|p1a: Clefable|56\/100\n|\n|upkeep\n|turn|15\n|\n|t:|1698408356\n|move|p1a: Clefable|Moonlight|p1a: Clefable\n|-heal|p1a: Clefable|100\/100\n|move|p2a: The Sandman|Earthquake|p1a: Clefable\n|-damage|p1a: Clefable|83\/100\n|\n|upkeep\n|turn|16\n|\n|t:|1698408363\n|move|p1a: Clefable|Cosmic Power|p1a: Clefable\n|-boost|p1a: Clefable|def|1\n|-boost|p1a: Clefable|spd|1\n|move|p2a: The Sandman|Earthquake|p1a: Clefable\n|-damage|p1a: Clefable|69\/100\n|\n|upkeep\n|turn|17\n|\n|t:|1698408370\n|move|p1a: Clefable|Cosmic Power|p1a: Clefable\n|-boost|p1a: Clefable|def|1\n|-boost|p1a: Clefable|spd|1\n|move|p2a: The Sandman|Earthquake|p1a: Clefable\n|-damage|p1a: Clefable|57\/100\n|\n|upkeep\n|turn|18\n|\n|t:|1698408389\n|move|p1a: Clefable|Moonlight|p1a: Clefable\n|-heal|p1a: Clefable|100\/100\n|move|p2a: The Sandman|Earthquake|p1a: Clefable\n|-damage|p1a: Clefable|89\/100\n|\n|upkeep\n|turn|19\n|\n|t:|1698408405\n|move|p1a: Clefable|Cosmic Power|p1a: Clefable\n|-boost|p1a: Clefable|def|1\n|-boost|p1a: Clefable|spd|1\n|move|p2a: The Sandman|Earthquake|p1a: Clefable\n|-damage|p1a: Clefable|78\/100\n|\n|upkeep\n|turn|20\n|\n|t:|1698408413\n|move|p1a: Clefable|Baton Pass|p1a: Clefable\n|\n|t:|1698408415\n|switch|p1a: Drifblim|Drifblim, M|100\/100|[from] Baton Pass\n|-activate|p2a: The Sandman|move: Struggle\n|move|p2a: The Sandman|Struggle|p1a: Drifblim\n|-damage|p1a: Drifblim|91\/100\n|-damage|p2a: The Sandman|76\/100|[from] recoil\n|\n|upkeep\n|turn|21\n|\n|t:|1698408423\n|move|p1a: Drifblim|Minimize|p1a: Drifblim\n|-boost|p1a: Drifblim|evasion|2\n|-activate|p2a: The Sandman|move: Struggle\n|move|p2a: The Sandman|Struggle|p1a: Drifblim\n|-damage|p1a: Drifblim|83\/100\n|-damage|p2a: The Sandman|51\/100|[from] recoil\n|\n|upkeep\n|turn|22\n|-message|YouAreRubbish forfeited.\n|\n|win|Stotch BP player\n|raw|Stotch BP player's rating: 1078 &rarr; <strong>1111<\/strong><br \/>(+33 for winning)\n|raw|YouAreRubbish's rating: 1133 &rarr; <strong>1104<\/strong><br \/>(-29 for losing)\n|l|!YouAreRubbish\n","uploadtime":1698408253,"views":8,"p1id":"stotchbpplayer","p2id":"youarerubbish","formatid":"gen9anythinggoes","rating":1104,"private":0,"password":""}