{"id":"gen9anythinggoes-1977088592","p1":"dittoboys","p2":"UnovaJournies","format":"[Gen 9] Anything Goes","log":"|j|\u2606dittoboys\n|j|\u2606UnovaJournies\n|t:|1698370246\n|gametype|singles\n|player|p1|dittoboys|pokemaniac|\n|player|p2|UnovaJournies|ghetsis-gen5bw|\n|teamsize|p1|6\n|teamsize|p2|6\n|gen|9\n|tier|[Gen 9] Anything Goes\n|rule|HP Percentage Mod: HP is shown in percentages\n|rule|Endless Battle Clause: Forcing endless battles is banned\n|clearpoke\n|poke|p1|Iron Bundle|\n|poke|p1|Ursaluna, F|\n|poke|p1|Decidueye-Hisui, F|\n|poke|p1|Slowking-Galar, F|\n|poke|p1|Dachsbun, F|\n|poke|p1|Goodra-Hisui, F|\n|poke|p2|Enamorus, F|\n|poke|p2|Quaquaval, F|\n|poke|p2|Glimmora, M|\n|poke|p2|Torterra, M|\n|poke|p2|Roaring Moon|\n|poke|p2|Slither Wing|\n|teampreview\n|j| Ptok\n|j| Tredz\n|l| Ptok\n|j| pogwuan\n|c| pogwuan|oh shit\n|j| Amoongdrip\n|j| Ptok\n|l| Ptok\n|\n|t:|1698370472\n|start\n|switch|p1a: potty the parrot|Iron Bundle|100\/100\n|switch|p2a: Sin City Spy|Glimmora, M|100\/100\n|turn|1\n|\n|t:|1698370493\n|move|p1a: potty the parrot|Flip Turn|p2a: Sin City Spy\n|-supereffective|p2a: Sin City Spy\n|-damage|p2a: Sin City Spy|71\/100\n|-activate|p2a: Sin City Spy|ability: Toxic Debris\n|-sidestart|p1: dittoboys|move: Toxic Spikes\n|\n|t:|1698370496\n|-end|p1a: potty the parrot|Quark Drive|[silent]\n|switch|p1a: Patrick|Slowking-Galar, F|100\/100|[from] Flip Turn\n|-sideend|p1: dittoboys|move: Toxic Spikes|[of] p1a: Patrick\n|move|p2a: Sin City Spy|Stealth Rock|p1a: Patrick\n|-sidestart|p1: dittoboys|move: Stealth Rock\n|\n|upkeep\n|turn|2\n|\n|t:|1698370514\n|move|p2a: Sin City Spy|Spikes|p1a: Patrick\n|-sidestart|p1: dittoboys|Spikes\n|move|p1a: Patrick|Trick Room|p1a: Patrick\n|-fieldstart|move: Trick Room|[of] p1a: Patrick\n|\n|upkeep\n|turn|3\n|\n|t:|1698370524\n|move|p1a: Patrick|Psyshock|p2a: Sin City Spy\n|-supereffective|p2a: Sin City Spy\n|-damage|p2a: Sin City Spy|10\/100\n|move|p2a: Sin City Spy|Spikes|p1a: Patrick\n|-sidestart|p1: dittoboys|Spikes\n|\n|upkeep\n|turn|4\n|\n|t:|1698370610\n|move|p2a: Sin City Spy|Endure|p2a: Sin City Spy\n|-singleturn|p2a: Sin City Spy|move: Endure\n|move|p1a: Patrick|Ice Beam|p2a: Sin City Spy\n|-activate|p2a: Sin City Spy|move: Endure\n|-damage|p2a: Sin City Spy|1\/100\n|\n|upkeep\n|turn|5\n|j| Ptok\n|\n|t:|1698370663\n|move|p2a: Sin City Spy|Endure|p2a: Sin City Spy\n|-singleturn|p2a: Sin City Spy|move: Endure\n|move|p1a: Patrick|Psyshock|p2a: Sin City Spy\n|-supereffective|p2a: Sin City Spy\n|-activate|p2a: Sin City Spy|move: Endure\n|-damage|p2a: Sin City Spy|1\/100\n|\n|upkeep\n|turn|6\n|\n|t:|1698370704\n|move|p2a: Sin City Spy|Endure|p2a: Sin City Spy\n|-singleturn|p2a: Sin City Spy|move: Endure\n|move|p1a: Patrick|Psyshock|p2a: Sin City Spy\n|-supereffective|p2a: Sin City Spy\n|-activate|p2a: Sin City Spy|move: Endure\n|-damage|p2a: Sin City Spy|1\/100\n|\n|-fieldend|move: Trick Room\n|upkeep\n|turn|7\n|j| Siiroth\n|\n|t:|1698370714\n|move|p2a: Sin City Spy|Memento|p1a: Patrick\n|-unboost|p1a: Patrick|atk|2\n|-unboost|p1a: Patrick|spa|2\n|faint|p2a: Sin City Spy\n|move|p1a: Patrick|Trick Room|p1a: Patrick\n|-fieldstart|move: Trick Room|[of] p1a: Patrick\n|\n|upkeep\n|inactive|Battle timer is ON: inactive players will automatically lose when time's up. (requested by dittoboys)\n|\n|t:|1698370853\n|switch|p2a: AndYouTakeTheMoon|Roaring Moon|100\/100\n|-enditem|p2a: AndYouTakeTheMoon|Booster Energy\n|-activate|p2a: AndYouTakeTheMoon|ability: Protosynthesis|[fromitem]\n|-start|p2a: AndYouTakeTheMoon|protosynthesisatk\n|turn|8\n|\n|t:|1698370870\n|move|p1a: Patrick|Chilly Reception|p1a: Patrick\n|-weather|Snow\n|\n|t:|1698370876\n|switch|p1a: secret formula|Dachsbun, F|100\/100|[from] Chilly Reception\n|-damage|p1a: secret formula|88\/100|[from] Stealth Rock\n|-damage|p1a: secret formula|72\/100|[from] Spikes\n|move|p2a: AndYouTakeTheMoon|Substitute|p2a: AndYouTakeTheMoon\n|-start|p2a: AndYouTakeTheMoon|Substitute\n|-damage|p2a: AndYouTakeTheMoon|76\/100\n|\n|-weather|Snow|[upkeep]\n|upkeep\n|turn|9\n|\n|t:|1698370888\n|move|p1a: secret formula|Play Rough|p2a: AndYouTakeTheMoon\n|-supereffective|p2a: AndYouTakeTheMoon\n|-end|p2a: AndYouTakeTheMoon|Substitute\n|move|p2a: AndYouTakeTheMoon|Knock Off|p1a: secret formula\n|-resisted|p1a: secret formula\n|-damage|p1a: secret formula|47\/100\n|-enditem|p1a: secret formula|Eject Button|[from] move: Knock Off|[of] p2a: AndYouTakeTheMoon\n|\n|-weather|Snow|[upkeep]\n|upkeep\n|turn|10\n|inactive|dittoboys has 270 seconds left.\n|inactive|UnovaJournies has 270 seconds left.\n|\n|t:|1698370933\n|-end|p2a: AndYouTakeTheMoon|Protosynthesis|[silent]\n|switch|p2a: New Genie Who Dis?|Enamorus, F|100\/100\n|move|p1a: secret formula|Play Rough|p2a: New Genie Who Dis?\n|-damage|p2a: New Genie Who Dis?|61\/100\n|\n|-weather|Snow|[upkeep]\n|upkeep\n|turn|11\n|inactive|UnovaJournies has 240 seconds left.\n|\n|t:|1698370972\n|move|p1a: secret formula|Yawn|p2a: New Genie Who Dis?\n|-start|p2a: New Genie Who Dis?|move: Yawn|[of] p1a: secret formula\n|move|p2a: New Genie Who Dis?|Earth Power|p1a: secret formula\n|-damage|p1a: secret formula|0 fnt\n|faint|p1a: secret formula\n|\n|-weather|Snow|[upkeep]\n|-fieldend|move: Trick Room\n|upkeep\n|inactive|dittoboys has 240 seconds left.\n|\n|t:|1698371023\n|switch|p1a: potty the parrot|Iron Bundle|100\/100\n|-damage|p1a: potty the parrot|76\/100|[from] Stealth Rock\n|-damage|p1a: potty the parrot|59\/100|[from] Spikes\n|turn|12\n|inactive|UnovaJournies has 240 seconds left.\n|inactive|dittoboys has 210 seconds left.\n|inactive|UnovaJournies has 210 seconds left.\n|inactive|dittoboys has 180 seconds left.\n|inactive|UnovaJournies has 180 seconds left.\n|inactive|dittoboys has 150 seconds left.\n|\n|t:|1698371113\n|move|p1a: potty the parrot|Freeze-Dry|p2a: New Genie Who Dis?\n|-supereffective|p2a: New Genie Who Dis?\n|-damage|p2a: New Genie Who Dis?|0 fnt\n|faint|p2a: New Genie Who Dis?\n|\n|-weather|none\n|upkeep\n|inactive|UnovaJournies has 150 seconds left.\n|\n|t:|1698371142\n|switch|p2a: Scoliosis|Slither Wing|100\/100\n|turn|13\n|inactive|dittoboys has 150 seconds left.\n|inactive|UnovaJournies has 150 seconds left.\n|inactive|dittoboys has 120 seconds left.\n|\n|t:|1698371205\n|move|p1a: potty the parrot|Freeze-Dry|p2a: Scoliosis\n|-damage|p2a: Scoliosis|65\/100\n|-status|p2a: Scoliosis|frz\n|cant|p2a: Scoliosis|frz\n|\n|upkeep\n|turn|14\n|c| pogwuan|SHEEEEESH\n|\n|t:|1698371215\n|move|p1a: potty the parrot|Freeze-Dry|p2a: Scoliosis\n|-damage|p2a: Scoliosis|31\/100 frz\n|-curestatus|p2a: Scoliosis|frz|[msg]\n|move|p2a: Scoliosis|U-turn|p1a: potty the parrot\n|-damage|p1a: potty the parrot|0 fnt\n|faint|p1a: potty the parrot\n|-end|p1a: potty the parrot|Quark Drive|[silent]\n|c| Tredz|o my\n|inactive|UnovaJournies has 150 seconds left.\n|c| pogwuan|...\n|c|\u2606UnovaJournies|My life\n|c| Amoongdrip|so lucky smh\n|inactive|UnovaJournies has 120 seconds left.\n|\n|t:|1698371260\n|-end|p2a: Scoliosis|Protosynthesis|[silent]\n|switch|p2a: AndYouTakeTheMoon|Roaring Moon|76\/100|[from] U-turn\n|\n|upkeep\n|inactive|dittoboys has 90 seconds left.\n|\n|t:|1698371314\n|switch|p1a: Patrick|Slowking-Galar, F|100\/100\n|-damage|p1a: Patrick|88\/100|[from] Stealth Rock\n|-damage|p1a: Patrick|72\/100|[from] Spikes\n|turn|15\n|inactive|UnovaJournies has 120 seconds left.\n|\n|t:|1698371331\n|move|p2a: AndYouTakeTheMoon|Knock Off|p1a: Patrick\n|-supereffective|p1a: Patrick\n|-damage|p1a: Patrick|0 fnt\n|-enditem|p1a: Patrick|Leftovers|[from] move: Knock Off|[of] p2a: AndYouTakeTheMoon\n|faint|p1a: Patrick\n|\n|upkeep\n|inactive|dittoboys has 60 seconds left.\n|inactive|dittoboys has 30 seconds left.\n|\n|t:|1698371377\n|switch|p1a: seabear|Ursaluna, F|100\/100\n|-damage|p1a: seabear|94\/100|[from] Stealth Rock\n|-damage|p1a: seabear|78\/100|[from] Spikes\n|turn|16\n|inactive|dittoboys has 30 seconds left.\n|inactive|UnovaJournies has 120 seconds left.\n|\n|t:|1698371390\n|move|p2a: AndYouTakeTheMoon|Knock Off|p1a: seabear\n|-damage|p1a: seabear|40\/100\n|-enditem|p1a: seabear|Flame Orb|[from] move: Knock Off|[of] p2a: AndYouTakeTheMoon\n|move|p1a: seabear|Headlong Rush|p2a: AndYouTakeTheMoon\n|-damage|p2a: AndYouTakeTheMoon|0 fnt\n|-unboost|p1a: seabear|def|1\n|-unboost|p1a: seabear|spd|1\n|faint|p2a: AndYouTakeTheMoon\n|-end|p2a: AndYouTakeTheMoon|Protosynthesis|[silent]\n|\n|upkeep\n|inactive|UnovaJournies has 120 seconds left.\n|inactive|UnovaJournies has 90 seconds left.\n|inactive|UnovaJournies has 60 seconds left.\n|\n|t:|1698371463\n|switch|p2a: Scoliosis|Slither Wing|31\/100\n|turn|17\n|inactive|UnovaJournies has 60 seconds left.\n|inactiveoff|Battle timer is now OFF.\n|\n|t:|1698371482\n|move|p2a: Scoliosis|Close Combat|p1a: seabear\n|-supereffective|p1a: seabear\n|-damage|p1a: seabear|0 fnt\n|-unboost|p2a: Scoliosis|def|1\n|-unboost|p2a: Scoliosis|spd|1\n|faint|p1a: seabear\n|\n|upkeep\n|\n|t:|1698371519\n|switch|p1a: Gary|Goodra-Hisui, F|100\/100\n|-damage|p1a: Gary|94\/100|[from] Stealth Rock\n|-damage|p1a: Gary|78\/100|[from] Spikes\n|turn|18\n|\n|t:|1698371546\n|move|p1a: Gary|Dragon Pulse|p2a: Scoliosis\n|-damage|p2a: Scoliosis|0 fnt\n|faint|p2a: Scoliosis\n|-end|p2a: Scoliosis|Protosynthesis|[silent]\n|\n|upkeep\n|inactive|Battle timer is ON: inactive players will automatically lose when time's up. (requested by dittoboys)\n|inactiveoff|Battle timer is now OFF.\n|\n|t:|1698371686\n|switch|p2a: That ain't Falco|Quaquaval, F|100\/100\n|turn|19\n|\n|t:|1698371708\n|move|p2a: That ain't Falco|Close Combat|p1a: Gary\n|-supereffective|p1a: Gary\n|-damage|p1a: Gary|0 fnt\n|-unboost|p2a: That ain't Falco|def|1\n|-unboost|p2a: That ain't Falco|spd|1\n|faint|p1a: Gary\n|-ability|p2a: That ain't Falco|Moxie|boost\n|-boost|p2a: That ain't Falco|atk|1\n|\n|upkeep\n|\n|t:|1698371712\n|switch|p1a: kelp shake|Decidueye-Hisui, F, shiny|100\/100\n|-damage|p1a: kelp shake|94\/100|[from] Stealth Rock\n|-damage|p1a: kelp shake|78\/100|[from] Spikes\n|turn|20\n|\n|t:|1698371818\n|move|p2a: That ain't Falco|Close Combat|p1a: kelp shake\n|-damage|p1a: kelp shake|5\/100\n|-unboost|p2a: That ain't Falco|def|1\n|-unboost|p2a: That ain't Falco|spd|1\n|move|p1a: kelp shake|Leaf Blade|p2a: That ain't Falco\n|-supereffective|p2a: That ain't Falco\n|-damage|p2a: That ain't Falco|0 fnt\n|faint|p2a: That ain't Falco\n|\n|upkeep\n|\n|t:|1698371826\n|switch|p2a: Torterra|Torterra, M|100\/100\n|turn|21\n|inactive|Battle timer is ON: inactive players will automatically lose when time's up. (requested by dittoboys)\n|\n|t:|1698371918\n|move|p2a: Torterra|Bullet Seed|p1a: kelp shake\n|-resisted|p1a: kelp shake\n|-damage|p1a: kelp shake|0 fnt\n|faint|p1a: kelp shake\n|-hitcount|p1: kelp shake|1\n|\n|win|UnovaJournies\n|l| Tredz\n|l| Siiroth\n","uploadtime":1698371938,"views":19,"p1id":"dittoboys","p2id":"unovajournies","formatid":"gen9anythinggoes","rating":0,"private":0,"password":""}