{"id":"gen9anythinggoes-1985941926","p1":"Corrosive32","p2":"Shterman","format":"[Gen 9] Anything Goes","log":"|j|\u2606Corrosive32\n|j|\u2606Shterman\n|t:|1699426788\n|gametype|singles\n|player|p1|Corrosive32|265|1134\n|player|p2|Shterman|dawn-gen4pt|1090\n|teamsize|p1|6\n|teamsize|p2|6\n|gen|9\n|tier|[Gen 9] Anything Goes\n|rated|\n|rule|HP Percentage Mod: HP is shown in percentages\n|rule|Endless Battle Clause: Forcing endless battles is banned\n|clearpoke\n|poke|p1|Kyogre|\n|poke|p1|Salazzle, F|\n|poke|p1|Toxapex, F|\n|poke|p1|Jirachi|\n|poke|p1|Greninja-*, F|\n|poke|p1|Dragonite, F|\n|poke|p2|Oricorio-Sensu, M|\n|poke|p2|Oranguru, M|\n|poke|p2|Dewott, M|\n|poke|p2|Poliwrath, M|\n|poke|p2|Yungoos, M|\n|poke|p2|Delphox, F|\n|teampreview\n|inactive|Battle timer is ON: inactive players will automatically lose when time's up. (requested by Shterman)\n|inactive|Shterman has 120 seconds left.\n|\n|t:|1699426827\n|start\n|switch|p1a: Kyogre|Kyogre|100\/100\n|switch|p2a: Oricorio|Oricorio-Sensu, M|100\/100\n|-weather|RainDance|[from] ability: Drizzle|[of] p1a: Kyogre\n|turn|1\n|\n|t:|1699426846\n|switch|p1a: Jirachi|Jirachi|100\/100\n|move|p2a: Oricorio|Quiver Dance|p2a: Oricorio\n|-boost|p2a: Oricorio|spa|1\n|-boost|p2a: Oricorio|spd|1\n|-boost|p2a: Oricorio|spe|1\n|\n|-weather|RainDance|[upkeep]\n|upkeep\n|turn|2\n|\n|t:|1699426857\n|move|p2a: Oricorio|Revelation Dance|p1a: Jirachi\n|-supereffective|p1a: Jirachi\n|-damage|p1a: Jirachi|0 fnt\n|faint|p1a: Jirachi\n|-damage|p2a: Oricorio|91\/100|[from] item: Life Orb\n|\n|-weather|RainDance|[upkeep]\n|upkeep\n|\n|t:|1699426865\n|switch|p1a: Toxapex|Toxapex, F|100\/100\n|turn|3\n|\n|t:|1699426876\n|move|p1a: Toxapex|Baneful Bunker|p1a: Toxapex\n|-singleturn|p1a: Toxapex|move: Protect\n|move|p2a: Oricorio|Hurricane|p1a: Toxapex\n|-activate|p1a: Toxapex|move: Protect\n|\n|-weather|RainDance|[upkeep]\n|upkeep\n|turn|4\n|\n|t:|1699426887\n|move|p2a: Oricorio|Hurricane|p1a: Toxapex\n|-damage|p1a: Toxapex|23\/100\n|-damage|p2a: Oricorio|81\/100|[from] item: Life Orb\n|move|p1a: Toxapex|Haze|p1a: Toxapex\n|-clearallboost\n|\n|-weather|RainDance|[upkeep]\n|upkeep\n|turn|5\n|\n|t:|1699426906\n|switch|p1a: Kyogre|Kyogre|100\/100\n|move|p2a: Oricorio|Quiver Dance|p2a: Oricorio\n|-boost|p2a: Oricorio|spa|1\n|-boost|p2a: Oricorio|spd|1\n|-boost|p2a: Oricorio|spe|1\n|\n|-weather|none\n|upkeep\n|turn|6\n|\n|t:|1699426925\n|move|p2a: Oricorio|Revelation Dance|p1a: Kyogre\n|-damage|p1a: Kyogre|48\/100\n|-damage|p2a: Oricorio|71\/100|[from] item: Life Orb\n|move|p1a: Kyogre|Roar|p2a: Oricorio\n|drag|p2a: Yungoos|Yungoos, M|100\/100\n|\n|upkeep\n|turn|7\n|inactive|Corrosive32 has 120 seconds left.\n|\n|t:|1699426946\n|switch|p1a: Dragonite|Dragonite, F|100\/100\n|move|p2a: Yungoos|Trailblaze|p1a: Dragonite\n|-resisted|p1a: Dragonite\n|-damage|p1a: Dragonite|98\/100\n|-boost|p2a: Yungoos|spe|1\n|\n|upkeep\n|turn|8\n|inactive|Corrosive32 has 120 seconds left.\n|\n|t:|1699426962\n|switch|p2a: Oranguru|Oranguru, M|100\/100\n|move|p1a: Dragonite|Draco Meteor|p2a: Oranguru|[miss]\n|-miss|p1a: Dragonite|p2a: Oranguru\n|\n|upkeep\n|turn|9\n|inactive|Corrosive32 has 120 seconds left.\n|\n|t:|1699426987\n|switch|p1a: Salazzle|Salazzle, F|100\/100\n|move|p2a: Oranguru|Yawn|p1a: Salazzle\n|-start|p1a: Salazzle|move: Yawn|[of] p2a: Oranguru\n|\n|upkeep\n|turn|10\n|\n|t:|1699426996\n|move|p2a: Oranguru|Protect|p2a: Oranguru\n|-singleturn|p2a: Oranguru|Protect\n|move|p1a: Salazzle|Toxic|p2a: Oranguru\n|-activate|p2a: Oranguru|move: Protect\n|\n|-end|p1a: Salazzle|move: Yawn|[silent]\n|-status|p1a: Salazzle|slp\n|upkeep\n|turn|11\n|\n|t:|1699427006\n|switch|p1a: Toxapex|Toxapex, F|56\/100\n|move|p2a: Oranguru|Future Sight|p1a: Toxapex\n|-start|p2a: Oranguru|move: Future Sight\n|\n|upkeep\n|turn|12\n|\n|t:|1699427012\n|move|p2a: Oranguru|Protect|p2a: Oranguru\n|-singleturn|p2a: Oranguru|Protect\n|move|p1a: Toxapex|Baneful Bunker||[still]\n|-fail|p1a: Toxapex\n|\n|upkeep\n|turn|13\n|inactive|Corrosive32 has 120 seconds left.\n|\n|t:|1699427021\n|move|p2a: Oranguru|Taunt|p1a: Toxapex\n|-start|p1a: Toxapex|move: Taunt\n|cant|p1a: Toxapex|move: Taunt|Toxic\n|\n|-end|p1a: Toxapex|move: Future Sight\n|-supereffective|p1a: Toxapex\n|-damage|p1a: Toxapex|0 fnt\n|faint|p1a: Toxapex\n|upkeep\n|inactive|Corrosive32 has 120 seconds left.\n|\n|t:|1699427032\n|switch|p1a: Kyogre|Kyogre|48\/100\n|-weather|RainDance|[from] ability: Drizzle|[of] p1a: Kyogre\n|turn|14\n|inactive|Corrosive32 has 120 seconds left.\n|\n|t:|1699427042\n|move|p1a: Kyogre|Thunder|p2a: Oranguru\n|-damage|p2a: Oranguru|73\/100\n|move|p2a: Oranguru|Yawn|p1a: Kyogre\n|-start|p1a: Kyogre|move: Yawn|[of] p2a: Oranguru\n|\n|-weather|RainDance|[upkeep]\n|-heal|p2a: Oranguru|79\/100|[from] item: Leftovers\n|upkeep\n|turn|15\n|inactive|Corrosive32 has 120 seconds left.\n|\n|t:|1699427055\n|move|p1a: Kyogre|Thunder|p2a: Oranguru\n|-damage|p2a: Oranguru|50\/100\n|move|p2a: Oranguru|Future Sight|p1a: Kyogre\n|-start|p2a: Oranguru|move: Future Sight\n|\n|-weather|RainDance|[upkeep]\n|-heal|p2a: Oranguru|56\/100|[from] item: Leftovers\n|-end|p1a: Kyogre|move: Yawn|[silent]\n|-status|p1a: Kyogre|slp\n|upkeep\n|turn|16\n|inactive|Corrosive32 has 120 seconds left.\n|\n|t:|1699427065\n|switch|p1a: Salazzle|Salazzle, F|100\/100 slp\n|move|p2a: Oranguru|Future Sight||[still]\n|-fail|p2a: Oranguru\n|\n|-weather|RainDance|[upkeep]\n|-heal|p2a: Oranguru|63\/100|[from] item: Leftovers\n|upkeep\n|turn|17\n|inactive|Corrosive32 has 120 seconds left.\n|\n|t:|1699427082\n|cant|p1a: Salazzle|slp\n|move|p2a: Oranguru|Future Sight||[still]\n|-fail|p2a: Oranguru\n|\n|-weather|RainDance|[upkeep]\n|-end|p1a: Salazzle|move: Future Sight\n|-supereffective|p1a: Salazzle\n|-damage|p1a: Salazzle|0 fnt\n|faint|p1a: Salazzle\n|-heal|p2a: Oranguru|69\/100|[from] item: Leftovers\n|upkeep\n|inactive|Corrosive32 has 120 seconds left.\n|\n|t:|1699427095\n|switch|p1a: Greninja|Greninja, F|100\/100\n|turn|18\n|inactive|Corrosive32 has 120 seconds left.\n|\n|t:|1699427113\n|-terastallize|p2a: Oranguru|Normal\n|move|p1a: Greninja|Water Shuriken|p2a: Oranguru\n|-start|p1a: Greninja|typechange|Water|[from] ability: Protean\n|-damage|p2a: Oranguru|59\/100\n|-damage|p2a: Oranguru|50\/100\n|-hitcount|p2a: Oranguru|2\n|move|p2a: Oranguru|Yawn|p1a: Greninja\n|-start|p1a: Greninja|move: Yawn|[of] p2a: Oranguru\n|\n|-weather|none\n|-heal|p2a: Oranguru|56\/100|[from] item: Leftovers\n|upkeep\n|turn|19\n|\n|t:|1699427130\n|switch|p1a: Kyogre|Kyogre|48\/100 slp\n|-weather|RainDance|[from] ability: Drizzle|[of] p1a: Kyogre\n|move|p2a: Oranguru|Future Sight|p1a: Kyogre\n|-start|p2a: Oranguru|move: Future Sight\n|\n|-weather|RainDance|[upkeep]\n|-heal|p2a: Oranguru|62\/100|[from] item: Leftovers\n|upkeep\n|turn|20\n|\n|t:|1699427141\n|move|p2a: Oranguru|Taunt|p1a: Kyogre\n|-start|p1a: Kyogre|move: Taunt\n|cant|p1a: Kyogre|slp\n|\n|-weather|RainDance|[upkeep]\n|-heal|p2a: Oranguru|69\/100|[from] item: Leftovers\n|upkeep\n|turn|21\n|\n|t:|1699427153\n|cant|p1a: Kyogre|slp\n|move|p2a: Oranguru|Yawn||[still]\n|-fail|p2a: Oranguru\n|\n|-weather|RainDance|[upkeep]\n|-end|p1a: Kyogre|move: Future Sight\n|-damage|p1a: Kyogre|23\/100 slp\n|-heal|p2a: Oranguru|75\/100|[from] item: Leftovers\n|upkeep\n|turn|22\n|\n|t:|1699427165\n|cant|p1a: Kyogre|slp\n|move|p2a: Oranguru|Future Sight|p1a: Kyogre\n|-start|p2a: Oranguru|move: Future Sight\n|\n|-weather|RainDance|[upkeep]\n|-heal|p2a: Oranguru|81\/100|[from] item: Leftovers\n|-end|p1a: Kyogre|move: Taunt\n|upkeep\n|turn|23\n|\n|t:|1699427173\n|move|p2a: Oranguru|Protect|p2a: Oranguru\n|-singleturn|p2a: Oranguru|Protect\n|-curestatus|p1a: Kyogre|slp|[msg]\n|move|p1a: Kyogre|Roar|p2a: Oranguru\n|drag|p2a: Dewott|Dewott, M|100\/100\n|\n|-weather|none\n|upkeep\n|turn|24\n|\n|t:|1699427183\n|move|p1a: Kyogre|Thunder|p2a: Dewott\n|-supereffective|p2a: Dewott\n|-damage|p2a: Dewott|3\/100\n|move|p2a: Dewott|Blizzard|p1a: Kyogre\n|-resisted|p1a: Kyogre\n|-damage|p1a: Kyogre|12\/100\n|\n|-end|p1a: Kyogre|move: Future Sight\n|-damage|p1a: Kyogre|0 fnt\n|faint|p1a: Kyogre\n|upkeep\n|\n|t:|1699427195\n|switch|p1a: Dragonite|Dragonite, F|98\/100\n|turn|25\n|\n|t:|1699427201\n|move|p1a: Dragonite|Extreme Speed|p2a: Dewott\n|-damage|p2a: Dewott|0 fnt\n|faint|p2a: Dewott\n|\n|upkeep\n|\n|t:|1699427212\n|switch|p2a: Oranguru|Oranguru, M, tera:Normal|81\/100\n|turn|26\n|\n|t:|1699427222\n|-terastallize|p1a: Dragonite|Dragon\n|move|p1a: Dragonite|Draco Meteor|p2a: Oranguru\n|-damage|p2a: Oranguru|33\/100\n|-unboost|p1a: Dragonite|spa|2\n|move|p2a: Oranguru|Yawn|p1a: Dragonite\n|-start|p1a: Dragonite|move: Yawn|[of] p2a: Oranguru\n|\n|-heal|p2a: Oranguru|40\/100|[from] item: Leftovers\n|upkeep\n|turn|27\n|\n|t:|1699427236\n|move|p1a: Dragonite|Extreme Speed|p2a: Oranguru\n|-damage|p2a: Oranguru|13\/100\n|move|p2a: Oranguru|Future Sight|p1a: Dragonite\n|-start|p2a: Oranguru|move: Future Sight\n|\n|-heal|p2a: Oranguru|19\/100|[from] item: Leftovers\n|-end|p1a: Dragonite|move: Yawn|[silent]\n|-status|p1a: Dragonite|slp\n|upkeep\n|turn|28\n|\n|t:|1699427244\n|cant|p1a: Dragonite|slp\n|move|p2a: Oranguru|Yawn||[still]\n|-fail|p2a: Oranguru\n|\n|-heal|p2a: Oranguru|25\/100|[from] item: Leftovers\n|upkeep\n|turn|29\n|\n|t:|1699427252\n|cant|p1a: Dragonite|slp\n|move|p2a: Oranguru|Future Sight||[still]\n|-fail|p2a: Oranguru\n|\n|-end|p1a: Dragonite|move: Future Sight\n|-damage|p1a: Dragonite|73\/100 slp\n|-heal|p2a: Oranguru|31\/100|[from] item: Leftovers\n|upkeep\n|turn|30\n|\n|t:|1699427261\n|cant|p1a: Dragonite|slp\n|move|p2a: Oranguru|Future Sight|p1a: Dragonite\n|-start|p2a: Oranguru|move: Future Sight\n|\n|-heal|p2a: Oranguru|38\/100|[from] item: Leftovers\n|upkeep\n|turn|31\n|\n|t:|1699427267\n|move|p2a: Oranguru|Protect|p2a: Oranguru\n|-singleturn|p2a: Oranguru|Protect\n|-curestatus|p1a: Dragonite|slp|[msg]\n|move|p1a: Dragonite|Extreme Speed|p2a: Oranguru\n|-activate|p2a: Oranguru|move: Protect\n|\n|-heal|p2a: Oranguru|44\/100|[from] item: Leftovers\n|upkeep\n|turn|32\n|\n|t:|1699427276\n|move|p1a: Dragonite|Draco Meteor|p2a: Oranguru\n|-damage|p2a: Oranguru|20\/100\n|-unboost|p1a: Dragonite|spa|2\n|move|p2a: Oranguru|Yawn|p1a: Dragonite\n|-start|p1a: Dragonite|move: Yawn|[of] p2a: Oranguru\n|\n|-end|p1a: Dragonite|move: Future Sight\n|-damage|p1a: Dragonite|50\/100\n|-heal|p2a: Oranguru|26\/100|[from] item: Leftovers\n|upkeep\n|turn|33\n|inactive|Corrosive32 has 120 seconds left.\n|inactive|Corrosive32 has 90 seconds left.\n|inactive|Corrosive32 has 60 seconds left.\n|inactive|Corrosive32 has 30 seconds left.\n|inactive|Corrosive32 has 20 seconds left.\n|inactive|Corrosive32 has 15 seconds left.\n|inactive|Corrosive32 has 10 seconds left.\n|inactive|Corrosive32 has 5 seconds left.\n|-message|Corrosive32 lost due to inactivity.\n|\n|win|Shterman\n|raw|Corrosive32's rating: 1134 &rarr; <strong>1106<\/strong><br \/>(-28 for losing)\n|raw|Shterman's rating: 1090 &rarr; <strong>1120<\/strong><br \/>(+30 for winning)\n","uploadtime":1699427441,"views":12,"p1id":"corrosive32","p2id":"shterman","formatid":"gen9anythinggoes","rating":1106,"private":0,"password":""}