{"id":"gen9anythinggoes-1991050510","p1":"BokSkogBuske","p2":"Peyton2010","format":"[Gen 9] Anything Goes","log":"|j|\u2606BokSkogBuske\n|j|\u2606Peyton2010\n|t:|1700034745\n|gametype|singles\n|player|p1|BokSkogBuske|ghetsis-gen5bw|1406\n|player|p2|Peyton2010|red|1568\n|teamsize|p1|6\n|teamsize|p2|6\n|gen|9\n|tier|[Gen 9] Anything Goes\n|rated|\n|rule|HP Percentage Mod: HP is shown in percentages\n|rule|Endless Battle Clause: Forcing endless battles is banned\n|clearpoke\n|poke|p1|Arceus|\n|poke|p1|Arceus-Fairy|\n|poke|p1|Mimikyu, M|\n|poke|p1|Toxapex, F|\n|poke|p1|Zacian-*|\n|poke|p1|Kyogre|\n|poke|p2|Glimmora, M|\n|poke|p2|Ribombee, M|\n|poke|p2|Calyrex-Shadow|\n|poke|p2|Regieleki|\n|poke|p2|Ogerpon-Wellspring, F|\n|poke|p2|Gholdengo|\n|teampreview\n|inactive|Battle timer is ON: inactive players will automatically lose when time's up. (requested by BokSkogBuske)\n|inactive|Peyton2010 also wants the timer to be on.\n|\n|t:|1700034765\n|start\n|switch|p1a: Gowod|Arceus|100\/100\n|switch|p2a: Glimmora|Glimmora, M|100\/100\n|turn|1\n|\n|t:|1700034771\n|move|p1a: Gowod|Earthquake|p2a: Glimmora\n|-supereffective|p2a: Glimmora\n|-enditem|p2a: Glimmora|Focus Sash\n|-damage|p2a: Glimmora|1\/100\n|-activate|p2a: Glimmora|ability: Toxic Debris\n|-sidestart|p1: BokSkogBuske|move: Toxic Spikes\n|move|p2a: Glimmora|Stealth Rock|p1a: Gowod\n|-sidestart|p1: BokSkogBuske|move: Stealth Rock\n|\n|upkeep\n|turn|2\n|\n|t:|1700034777\n|move|p1a: Gowod|Swords Dance|p1a: Gowod\n|-boost|p1a: Gowod|atk|2\n|move|p2a: Glimmora|Spikes|p1a: Gowod\n|-sidestart|p1: BokSkogBuske|Spikes\n|\n|upkeep\n|turn|3\n|\n|t:|1700034780\n|move|p1a: Gowod|Extreme Speed|p2a: Glimmora\n|-resisted|p2a: Glimmora\n|-damage|p2a: Glimmora|0 fnt\n|-activate|p2a: Glimmora|ability: Toxic Debris\n|-sidestart|p1: BokSkogBuske|move: Toxic Spikes\n|faint|p2a: Glimmora\n|\n|upkeep\n|\n|t:|1700034782\n|switch|p2a: Ribombee|Ribombee, M|100\/100\n|turn|4\n|\n|t:|1700034784\n|move|p1a: Gowod|Extreme Speed|p2a: Ribombee\n|-enditem|p2a: Ribombee|Focus Sash\n|-damage|p2a: Ribombee|1\/100\n|move|p2a: Ribombee|Sticky Web|p1a: Gowod\n|-sidestart|p1: BokSkogBuske|move: Sticky Web\n|\n|upkeep\n|turn|5\n|\n|t:|1700034787\n|move|p1a: Gowod|Extreme Speed|p2a: Ribombee\n|-damage|p2a: Ribombee|0 fnt\n|faint|p2a: Ribombee\n|\n|upkeep\n|\n|t:|1700034791\n|switch|p2a: Regieleki|Regieleki|100\/100\n|turn|6\n|\n|t:|1700034793\n|move|p1a: Gowod|Extreme Speed|p2a: Regieleki\n|-enditem|p2a: Regieleki|Focus Sash\n|-damage|p2a: Regieleki|1\/100\n|move|p2a: Regieleki|Thunderbolt|p1a: Gowod\n|-crit|p1a: Gowod\n|-damage|p1a: Gowod|46\/100\n|\n|upkeep\n|turn|7\n|c|\u2606BokSkogBuske|worth\n|\n|t:|1700034801\n|move|p2a: Regieleki|Extreme Speed|p1a: Gowod\n|-damage|p1a: Gowod|33\/100\n|move|p1a: Gowod|Extreme Speed|p2a: Regieleki\n|-damage|p2a: Regieleki|0 fnt\n|faint|p2a: Regieleki\n|\n|upkeep\n|\n|t:|1700034805\n|switch|p2a: Calyrex-AG|Calyrex-Shadow|100\/100\n|-ability|p2a: Calyrex-AG|As One\n|-ability|p2a: Calyrex-AG|Unnerve\n|turn|8\n|\n|t:|1700034812\n|move|p2a: Calyrex-AG|Psyshock|p1a: Gowod\n|-damage|p1a: Gowod|0 fnt\n|faint|p1a: Gowod\n|-ability|p2a: Calyrex-AG|Grim Neigh|boost\n|-boost|p2a: Calyrex-AG|spa|1\n|\n|upkeep\n|\n|t:|1700034820\n|switch|p1a: Mimikyu|Mimikyu, M|100\/100\n|-status|p1a: Mimikyu|tox\n|-damage|p1a: Mimikyu|88\/100 tox|[from] Stealth Rock\n|-damage|p1a: Mimikyu|76\/100 tox|[from] Spikes\n|-activate|p1a: Mimikyu|move: Sticky Web\n|-unboost|p1a: Mimikyu|spe|1\n|turn|9\n|\n|t:|1700034824\n|switch|p2a: Ogerpon|Ogerpon-Wellspring, F|100\/100\n|move|p1a: Mimikyu|Shadow Sneak|p2a: Ogerpon\n|-damage|p2a: Ogerpon|75\/100\n|-damage|p1a: Mimikyu|66\/100 tox|[from] item: Life Orb\n|\n|-damage|p1a: Mimikyu|60\/100 tox|[from] psn\n|upkeep\n|turn|10\n|\n|t:|1700034841\n|switch|p1a: Toxapex|Toxapex, F|100\/100\n|-sideend|p1: BokSkogBuske|move: Toxic Spikes|[of] p1a: Toxapex\n|-damage|p1a: Toxapex|88\/100|[from] Stealth Rock\n|-damage|p1a: Toxapex|76\/100|[from] Spikes\n|-activate|p1a: Toxapex|move: Sticky Web\n|-unboost|p1a: Toxapex|spe|1\n|move|p2a: Ogerpon|Horn Leech|p1a: Toxapex\n|-damage|p1a: Toxapex|46\/100\n|-heal|p2a: Ogerpon|85\/100|[from] drain|[of] p1a: Toxapex\n|\n|-heal|p1a: Toxapex|52\/100|[from] item: Leftovers\n|upkeep\n|turn|11\n|\n|t:|1700034852\n|switch|p2a: Gholdengo|Gholdengo|100\/100\n|move|p1a: Toxapex|Recover|p1a: Toxapex\n|-heal|p1a: Toxapex|100\/100\n|\n|upkeep\n|turn|12\n|\n|t:|1700034860\n|switch|p1a: Kyogre|Kyogre|100\/100\n|-damage|p1a: Kyogre|88\/100|[from] Stealth Rock\n|-damage|p1a: Kyogre|76\/100|[from] Spikes\n|-activate|p1a: Kyogre|move: Sticky Web\n|-unboost|p1a: Kyogre|spe|1\n|-weather|RainDance|[from] ability: Drizzle|[of] p1a: Kyogre\n|move|p2a: Gholdengo|Nasty Plot|p2a: Gholdengo\n|-boost|p2a: Gholdengo|spa|2\n|\n|-weather|RainDance|[upkeep]\n|upkeep\n|turn|13\n|\n|t:|1700034864\n|move|p2a: Gholdengo|Shadow Ball|p1a: Kyogre\n|-damage|p1a: Kyogre|41\/100\n|move|p1a: Kyogre|Origin Pulse|p2a: Gholdengo\n|-enditem|p2a: Gholdengo|Focus Sash\n|-damage|p2a: Gholdengo|1\/100\n|\n|-weather|RainDance|[upkeep]\n|upkeep\n|turn|14\n|\n|t:|1700034871\n|switch|p2a: Ogerpon|Ogerpon-Wellspring, F|85\/100\n|move|p1a: Kyogre|Thunder|p2a: Ogerpon\n|-damage|p2a: Ogerpon|47\/100\n|-status|p2a: Ogerpon|par\n|\n|-weather|RainDance|[upkeep]\n|upkeep\n|turn|15\n|\n|t:|1700034886\n|move|p2a: Ogerpon|Horn Leech|p1a: Kyogre\n|-supereffective|p1a: Kyogre\n|-damage|p1a: Kyogre|0 fnt\n|-heal|p2a: Ogerpon|66\/100 par|[from] drain|[of] p1a: Kyogre\n|faint|p1a: Kyogre\n|\n|-weather|RainDance|[upkeep]\n|upkeep\n|\n|t:|1700034892\n|switch|p1a: Toxapex|Toxapex, F|100\/100\n|-damage|p1a: Toxapex|88\/100|[from] Stealth Rock\n|-damage|p1a: Toxapex|76\/100|[from] Spikes\n|-activate|p1a: Toxapex|move: Sticky Web\n|-unboost|p1a: Toxapex|spe|1\n|turn|16\n|\n|t:|1700034895\n|move|p2a: Ogerpon|Horn Leech|p1a: Toxapex\n|-damage|p1a: Toxapex|47\/100\n|-heal|p2a: Ogerpon|76\/100 par|[from] drain|[of] p1a: Toxapex\n|move|p1a: Toxapex|Toxic Spikes|p2a: Ogerpon\n|-sidestart|p2: Peyton2010|move: Toxic Spikes\n|\n|-weather|none\n|-heal|p1a: Toxapex|53\/100|[from] item: Leftovers\n|upkeep\n|turn|17\n|\n|t:|1700034904\n|switch|p2a: Gholdengo|Gholdengo|1\/100\n|move|p1a: Toxapex|Recover|p1a: Toxapex\n|-heal|p1a: Toxapex|100\/100\n|\n|upkeep\n|turn|18\n|\n|t:|1700034909\n|-terastallize|p1a: Toxapex|Steel\n|move|p2a: Gholdengo|Shadow Ball|p1a: Toxapex\n|-damage|p1a: Toxapex|61\/100\n|move|p1a: Toxapex|Chilling Water|p2a: Gholdengo\n|-damage|p2a: Gholdengo|0 fnt\n|faint|p2a: Gholdengo\n|\n|-heal|p1a: Toxapex|67\/100|[from] item: Leftovers\n|upkeep\n|\n|t:|1700034917\n|switch|p2a: Calyrex-AG|Calyrex-Shadow|100\/100\n|-ability|p2a: Calyrex-AG|As One\n|-ability|p2a: Calyrex-AG|Unnerve\n|-status|p2a: Calyrex-AG|psn\n|turn|19\n|\n|t:|1700034927\n|switch|p1a: Mimikyu|Mimikyu, M|60\/100 tox\n|-damage|p1a: Mimikyu|48\/100 tox|[from] Stealth Rock\n|-damage|p1a: Mimikyu|35\/100 tox|[from] Spikes\n|-activate|p1a: Mimikyu|move: Sticky Web\n|-unboost|p1a: Mimikyu|spe|1\n|-terastallize|p2a: Calyrex-AG|Fighting\n|move|p2a: Calyrex-AG|Tera Blast|p1a: Mimikyu|[anim] Tera Blast Fighting\n|-immune|p1a: Mimikyu\n|\n|-damage|p2a: Calyrex-AG|88\/100 psn|[from] psn\n|-damage|p1a: Mimikyu|29\/100 tox|[from] psn\n|upkeep\n|turn|20\n|\n|t:|1700034930\n|switch|p2a: Ogerpon|Ogerpon-Wellspring, F|76\/100 par\n|move|p1a: Mimikyu|Play Rough|p2a: Ogerpon\n|-damage|p2a: Ogerpon|24\/100 par\n|-damage|p1a: Mimikyu|19\/100 tox|[from] item: Life Orb\n|\n|-damage|p1a: Mimikyu|7\/100 tox|[from] psn\n|upkeep\n|turn|21\n|\n|t:|1700034937\n|move|p1a: Mimikyu|Shadow Sneak|p2a: Ogerpon\n|-damage|p2a: Ogerpon|0 fnt\n|faint|p2a: Ogerpon\n|-damage|p1a: Mimikyu|0 fnt|[from] item: Life Orb\n|faint|p1a: Mimikyu\n|\n|upkeep\n|\n|t:|1700034945\n|switch|p2a: Calyrex-AG|Calyrex-Shadow, tera:Fighting|88\/100 psn\n|switch|p1a: Arceus|Arceus-Fairy|100\/100\n|-ability|p2a: Calyrex-AG|As One\n|-ability|p2a: Calyrex-AG|Unnerve\n|-damage|p1a: Arceus|88\/100|[from] Stealth Rock\n|-damage|p1a: Arceus|76\/100|[from] Spikes\n|-activate|p1a: Arceus|move: Sticky Web\n|-unboost|p1a: Arceus|spe|1\n|turn|22\n|\n|t:|1700034950\n|move|p2a: Calyrex-AG|Astral Barrage|p1a: Arceus\n|-damage|p1a: Arceus|30\/100\n|move|p1a: Arceus|Judgment|p2a: Calyrex-AG\n|-supereffective|p2a: Calyrex-AG\n|-damage|p2a: Calyrex-AG|0 fnt\n|faint|p2a: Calyrex-AG\n|\n|win|BokSkogBuske\n|raw|BokSkogBuske's rating: 1406 &rarr; <strong>1435<\/strong><br \/>(+29 for winning)\n|raw|Peyton2010's rating: 1568 &rarr; <strong>1539<\/strong><br \/>(-29 for losing)\n","uploadtime":1700034954,"views":4,"p1id":"bokskogbuske","p2id":"peyton2010","formatid":"gen9anythinggoes","rating":1435,"private":0,"password":""}