{"id":"gen9anythinggoes-1986989162","p1":"risin_glory","p2":"Ellippo","format":"[Gen 9] Anything Goes","log":"|j|\u2606risin_glory\n|j|\u2606Ellippo\n|t:|1699547029\n|gametype|singles\n|player|p1|risin_glory|blue-gen3champion|1500\n|player|p2|Ellippo|lance|1681\n|teamsize|p1|6\n|teamsize|p2|6\n|gen|9\n|tier|[Gen 9] Anything Goes\n|rated|\n|rule|HP Percentage Mod: HP is shown in percentages\n|rule|Endless Battle Clause: Forcing endless battles is banned\n|clearpoke\n|poke|p1|Scizor, F|\n|poke|p1|Mimikyu, M|\n|poke|p1|Oranguru, M|\n|poke|p1|Glimmora, F|\n|poke|p1|Skeledirge, F|\n|poke|p1|Rotom-Wash|\n|poke|p2|Sneasler, M|\n|poke|p2|Miraidon|\n|poke|p2|Ribombee, M|\n|poke|p2|Koraidon|\n|poke|p2|Calyrex-Shadow|\n|poke|p2|Zacian-*|\n|teampreview\n|\n|t:|1699547035\n|start\n|switch|p1a: Scizor|Scizor, F|100\/100\n|switch|p2a: Ribombee|Ribombee, M|100\/100\n|turn|1\n|\n|t:|1699547049\n|move|p1a: Scizor|Bullet Punch|p2a: Ribombee\n|-supereffective|p2a: Ribombee\n|-enditem|p2a: Ribombee|Focus Sash\n|-damage|p2a: Ribombee|1\/100\n|move|p2a: Ribombee|Sticky Web|p1a: Scizor\n|-sidestart|p1: risin_glory|move: Sticky Web\n|\n|upkeep\n|turn|2\n|\n|t:|1699547057\n|switch|p1a: Glimmora|Glimmora, F|100\/100\n|-activate|p1a: Glimmora|move: Sticky Web\n|-unboost|p1a: Glimmora|spe|1\n|move|p2a: Ribombee|Moonblast|p1a: Glimmora\n|-resisted|p1a: Glimmora\n|-damage|p1a: Glimmora|76\/100\n|\n|upkeep\n|turn|3\n|\n|t:|1699547067\n|switch|p2a: Calyrex|Calyrex-Shadow|100\/100\n|-ability|p2a: Calyrex|As One\n|-ability|p2a: Calyrex|Unnerve\n|move|p1a: Glimmora|Mortal Spin|p2a: Calyrex\n|-resisted|p2a: Calyrex\n|-damage|p2a: Calyrex|97\/100\n|-status|p2a: Calyrex|psn\n|-sideend|p1: risin_glory|Sticky Web|[from] move: Mortal Spin|[of] p1a: Glimmora\n|\n|-damage|p2a: Calyrex|85\/100 psn|[from] psn\n|upkeep\n|turn|4\n|\n|t:|1699547078\n|move|p2a: Calyrex|Nasty Plot|p2a: Calyrex\n|-boost|p2a: Calyrex|spa|2\n|move|p1a: Glimmora|Stealth Rock|p2a: Calyrex\n|-sidestart|p2: Ellippo|move: Stealth Rock\n|\n|-damage|p2a: Calyrex|73\/100 psn|[from] psn\n|upkeep\n|turn|5\n|\n|t:|1699547084\n|switch|p1a: Oranguru|Oranguru, M|100\/100\n|move|p2a: Calyrex|Giga Drain|p1a: Oranguru\n|-damage|p1a: Oranguru|52\/100\n|-heal|p2a: Calyrex|99\/100 psn|[from] drain|[of] p1a: Oranguru\n|\n|-heal|p1a: Oranguru|58\/100|[from] item: Leftovers\n|-damage|p2a: Calyrex|88\/100 psn|[from] psn\n|upkeep\n|turn|6\n|\n|t:|1699547093\n|move|p2a: Calyrex|Psyshock|p1a: Oranguru\n|-resisted|p1a: Oranguru\n|-damage|p1a: Oranguru|2\/100\n|move|p1a: Oranguru|Shadow Ball|p2a: Calyrex\n|-supereffective|p2a: Calyrex\n|-damage|p2a: Calyrex|0 fnt\n|faint|p2a: Calyrex\n|\n|-heal|p1a: Oranguru|9\/100|[from] item: Leftovers\n|upkeep\n|c|\u2606risin_glory|Close\n|\n|t:|1699547111\n|switch|p2a: Sneasler|Sneasler, M|100\/100\n|-damage|p2a: Sneasler|95\/100|[from] Stealth Rock\n|turn|7\n|\n|t:|1699547115\n|move|p2a: Sneasler|Fake Out|p1a: Oranguru\n|-enditem|p2a: Sneasler|Normal Gem|[from] gem\n|-crit|p1a: Oranguru\n|-damage|p1a: Oranguru|0 fnt\n|faint|p1a: Oranguru\n|\n|upkeep\n|\n|t:|1699547119\n|switch|p1a: Glimmora|Glimmora, F|76\/100\n|turn|8\n|\n|t:|1699547122\n|move|p2a: Sneasler|Close Combat|p1a: Glimmora\n|-damage|p1a: Glimmora|0 fnt\n|-unboost|p2a: Sneasler|def|1\n|-unboost|p2a: Sneasler|spd|1\n|-activate|p1a: Glimmora|ability: Toxic Debris\n|-sidestart|p2: Ellippo|move: Toxic Spikes\n|faint|p1a: Glimmora\n|\n|upkeep\n|\n|t:|1699547133\n|switch|p1a: Scizor|Scizor, F|100\/100\n|turn|9\n|\n|t:|1699547136\n|move|p1a: Scizor|Bullet Punch|p2a: Sneasler\n|-damage|p2a: Sneasler|0 fnt\n|faint|p2a: Sneasler\n|\n|upkeep\n|\n|t:|1699547140\n|switch|p2a: Ribombee|Ribombee, M|1\/100\n|-damage|p2a: Ribombee|0 fnt|[from] Stealth Rock\n|faint|p2a: Ribombee\n|\n|t:|1699547144\n|switch|p2a: Zacian|Zacian-Crowned|100\/100\n|-damage|p2a: Zacian|95\/100|[from] Stealth Rock\n|-ability|p2a: Zacian|Intrepid Sword|boost\n|-boost|p2a: Zacian|atk|1\n|turn|10\n|\n|t:|1699547151\n|switch|p1a: Skeledirge|Skeledirge, F|100\/100\n|move|p2a: Zacian|Substitute|p2a: Zacian\n|-start|p2a: Zacian|Substitute\n|-damage|p2a: Zacian|70\/100\n|\n|upkeep\n|turn|11\n|\n|t:|1699547157\n|move|p2a: Zacian|Play Rough|p1a: Skeledirge\n|-resisted|p1a: Skeledirge\n|-damage|p1a: Skeledirge|86\/100\n|move|p1a: Skeledirge|Torch Song|p2a: Zacian\n|-supereffective|p2a: Zacian\n|-damage|p2a: Zacian|18\/100\n|-boost|p1a: Skeledirge|spa|1\n|\n|upkeep\n|turn|12\n|\n|t:|1699547165\n|move|p2a: Zacian|Behemoth Blade|p1a: Skeledirge\n|-resisted|p1a: Skeledirge\n|-damage|p1a: Skeledirge|68\/100\n|move|p1a: Skeledirge|Torch Song|p2a: Zacian\n|-supereffective|p2a: Zacian\n|-damage|p2a: Zacian|0 fnt\n|-boost|p1a: Skeledirge|spa|1\n|faint|p2a: Zacian\n|\n|upkeep\n|\n|t:|1699547175\n|switch|p2a: Miraidon|Miraidon|100\/100\n|-damage|p2a: Miraidon|88\/100|[from] Stealth Rock\n|-status|p2a: Miraidon|psn\n|-fieldstart|move: Electric Terrain|[from] ability: Hadron Engine|[of] p2a: Miraidon\n|turn|13\n|\n|t:|1699547183\n|switch|p1a: Scizor|Scizor, F|100\/100\n|-terastallize|p2a: Miraidon|Fairy\n|move|p2a: Miraidon|Calm Mind|p2a: Miraidon\n|-boost|p2a: Miraidon|spa|1\n|-boost|p2a: Miraidon|spd|1\n|\n|-heal|p2a: Miraidon|94\/100 psn|[from] item: Leftovers\n|-damage|p2a: Miraidon|82\/100 psn|[from] psn\n|upkeep\n|turn|14\n|\n|t:|1699547192\n|move|p1a: Scizor|Bullet Punch|p2a: Miraidon\n|-supereffective|p2a: Miraidon\n|-damage|p2a: Miraidon|0 fnt\n|faint|p2a: Miraidon\n|\n|upkeep\n|\n|t:|1699547196\n|switch|p2a: Koraidon|Koraidon|100\/100\n|-damage|p2a: Koraidon|94\/100|[from] Stealth Rock\n|-status|p2a: Koraidon|psn\n|-weather|SunnyDay|[from] ability: Orichalcum Pulse|[of] p2a: Koraidon\n|-activate|p2a: Koraidon|Orichalcum Pulse|[source]\n|turn|15\n|\n|t:|1699547204\n|-terastallize|p1a: Scizor|Steel\n|move|p1a: Scizor|Bullet Punch|p2a: Koraidon\n|-damage|p2a: Koraidon|33\/100 psn\n|move|p2a: Koraidon|Flare Blitz|p1a: Scizor\n|-supereffective|p1a: Scizor\n|-damage|p1a: Scizor|0 fnt\n|faint|p1a: Scizor\n|-damage|p2a: Koraidon|0 fnt|[from] Recoil\n|faint|p2a: Koraidon\n|\n|win|risin_glory\n|raw|risin_glory's rating: 1500 &rarr; <strong>1530<\/strong><br \/>(+30 for winning)\n|raw|Ellippo's rating: 1681 &rarr; <strong>1651<\/strong><br \/>(-30 for losing)\n|c|\u2606risin_glory|Ggwp\n|c|\u2606Ellippo|damn\n|c|\u2606Ellippo|gg\n|l|\u2606Ellippo\n","uploadtime":1699547228,"views":4,"p1id":"risinglory","p2id":"ellippo","formatid":"gen9anythinggoes","rating":1530,"private":0,"password":""}