{"id":"gen9anythinggoes-1995077589","p1":"Symphothewishmaker","p2":"BooperDooper16","format":"[Gen 9] Anything Goes","log":"|j|\u2606Symphothewishmaker\n|j|\u2606BooperDooper16\n|t:|1700520086\n|gametype|singles\n|player|p1|Symphothewishmaker|colress|1150\n|player|p2|BooperDooper16|grimsley|1093\n|teamsize|p1|6\n|teamsize|p2|6\n|gen|9\n|tier|[Gen 9] Anything Goes\n|rated|\n|rule|HP Percentage Mod: HP is shown in percentages\n|rule|Endless Battle Clause: Forcing endless battles is banned\n|clearpoke\n|poke|p1|Jirachi|\n|poke|p1|Jirachi|\n|poke|p1|Jirachi|\n|poke|p1|Jirachi|\n|poke|p1|Regieleki|\n|poke|p1|Espathra, F|\n|poke|p2|Scizor, M|\n|poke|p2|Dragapult, M|\n|poke|p2|Dialga|\n|poke|p2|Gardevoir, F|\n|poke|p2|Greninja-*, M|\n|poke|p2|Decidueye, M|\n|teampreview\n|inactive|Battle timer is ON: inactive players will automatically lose when time's up. (requested by Symphothewishmaker)\n|\n|t:|1700520091\n|start\n|switch|p1a: The crazy p\u00e1jaro|Espathra, F|100\/100\n|switch|p2a: Tanjiro|Scizor, M, shiny|100\/100\n|turn|1\n|\n|t:|1700520100\n|move|p1a: The crazy p\u00e1jaro|Calm Mind|p1a: The crazy p\u00e1jaro\n|-boost|p1a: The crazy p\u00e1jaro|spa|1\n|-boost|p1a: The crazy p\u00e1jaro|spd|1\n|move|p2a: Tanjiro|Swords Dance|p2a: Tanjiro\n|-boost|p2a: Tanjiro|atk|2\n|\n|-ability|p1a: The crazy p\u00e1jaro|Speed Boost|boost\n|-boost|p1a: The crazy p\u00e1jaro|spe|1\n|upkeep\n|turn|2\n|\n|t:|1700520109\n|move|p1a: The crazy p\u00e1jaro|Substitute|p1a: The crazy p\u00e1jaro\n|-start|p1a: The crazy p\u00e1jaro|Substitute\n|-damage|p1a: The crazy p\u00e1jaro|76\/100\n|move|p2a: Tanjiro|Swords Dance|p2a: Tanjiro\n|-boost|p2a: Tanjiro|atk|2\n|\n|-ability|p1a: The crazy p\u00e1jaro|Speed Boost|boost\n|-boost|p1a: The crazy p\u00e1jaro|spe|1\n|upkeep\n|turn|3\n|\n|t:|1700520119\n|move|p1a: The crazy p\u00e1jaro|Calm Mind|p1a: The crazy p\u00e1jaro\n|-boost|p1a: The crazy p\u00e1jaro|spa|1\n|-boost|p1a: The crazy p\u00e1jaro|spd|1\n|move|p2a: Tanjiro|Swords Dance|p2a: Tanjiro\n|-boost|p2a: Tanjiro|atk|2\n|\n|-ability|p1a: The crazy p\u00e1jaro|Speed Boost|boost\n|-boost|p1a: The crazy p\u00e1jaro|spe|1\n|upkeep\n|turn|4\n|\n|t:|1700520130\n|move|p2a: Tanjiro|Bullet Punch|p1a: The crazy p\u00e1jaro\n|-end|p1a: The crazy p\u00e1jaro|Substitute\n|move|p1a: The crazy p\u00e1jaro|Calm Mind|p1a: The crazy p\u00e1jaro\n|-boost|p1a: The crazy p\u00e1jaro|spa|1\n|-boost|p1a: The crazy p\u00e1jaro|spd|1\n|\n|-ability|p1a: The crazy p\u00e1jaro|Speed Boost|boost\n|-boost|p1a: The crazy p\u00e1jaro|spe|1\n|upkeep\n|turn|5\n|\n|t:|1700520139\n|move|p2a: Tanjiro|Bullet Punch|p1a: The crazy p\u00e1jaro\n|-damage|p1a: The crazy p\u00e1jaro|0 fnt\n|faint|p1a: The crazy p\u00e1jaro\n|\n|upkeep\n|c|\u2606Symphothewishmaker|noooooooo\n|\n|t:|1700520149\n|switch|p1a: Slow Rodriguez|Regieleki|100\/100\n|turn|6\n|\n|t:|1700520154\n|move|p2a: Tanjiro|Bullet Punch|p1a: Slow Rodriguez\n|-resisted|p1a: Slow Rodriguez\n|-damage|p1a: Slow Rodriguez|0 fnt\n|faint|p1a: Slow Rodriguez\n|\n|upkeep\n|\n|t:|1700520160\n|switch|p1a: WISH?|Jirachi, shiny|100\/100\n|turn|7\n|\n|t:|1700520165\n|move|p2a: Tanjiro|Bullet Punch|p1a: WISH?\n|-resisted|p1a: WISH?\n|-damage|p1a: WISH?|15\/100\n|move|p1a: WISH?|Iron Head|p2a: Tanjiro\n|-resisted|p2a: Tanjiro\n|-damage|p2a: Tanjiro|79\/100\n|\n|upkeep\n|turn|8\n|\n|t:|1700520173\n|move|p2a: Tanjiro|Bullet Punch|p1a: WISH?\n|-resisted|p1a: WISH?\n|-damage|p1a: WISH?|0 fnt\n|faint|p1a: WISH?\n|\n|upkeep\n|\n|t:|1700520179\n|switch|p1a: wishmaker|Jirachi, shiny|100\/100\n|turn|9\n|\n|t:|1700520191\n|-terastallize|p1a: wishmaker|Fairy\n|move|p2a: Tanjiro|Bullet Punch|p1a: wishmaker\n|-supereffective|p1a: wishmaker\n|-damage|p1a: wishmaker|0 fnt\n|faint|p1a: wishmaker\n|\n|upkeep\n|\n|t:|1700520198\n|switch|p1a: tellMEaWISH|Jirachi, shiny|100\/100\n|turn|10\n|\n|t:|1700520202\n|move|p2a: Tanjiro|Bullet Punch|p1a: tellMEaWISH\n|-resisted|p1a: tellMEaWISH\n|-damage|p1a: tellMEaWISH|14\/100\n|move|p1a: tellMEaWISH|Zen Headbutt|p2a: Tanjiro\n|-resisted|p2a: Tanjiro\n|-damage|p2a: Tanjiro|58\/100\n|\n|upkeep\n|turn|11\n|\n|t:|1700520210\n|move|p2a: Tanjiro|Bullet Punch|p1a: tellMEaWISH\n|-resisted|p1a: tellMEaWISH\n|-damage|p1a: tellMEaWISH|0 fnt\n|faint|p1a: tellMEaWISH\n|\n|upkeep\n|\n|t:|1700520216\n|switch|p1a: WHATisYOURwish|Jirachi, shiny|100\/100\n|turn|12\n|c|\u2606Symphothewishmaker|gg\n|\n|t:|1700520223\n|-terastallize|p2a: Tanjiro|Steel\n|move|p2a: Tanjiro|Bullet Punch|p1a: WHATisYOURwish\n|-resisted|p1a: WHATisYOURwish\n|-damage|p1a: WHATisYOURwish|0 fnt\n|faint|p1a: WHATisYOURwish\n|\n|win|BooperDooper16\n|raw|Symphothewishmaker's rating: 1150 &rarr; <strong>1121<\/strong><br \/>(-29 for losing)\n|raw|BooperDooper16's rating: 1093 &rarr; <strong>1123<\/strong><br \/>(+30 for winning)\n|l|\u2606Symphothewishmaker\n","uploadtime":1700520239,"views":0,"p1id":"symphothewishmaker","p2id":"booperdooper16","formatid":"gen9anythinggoes","rating":1121,"private":0,"password":""}