{"id":"gen9anythinggoes-1976158066","p1":"YablinButBETTAH","p2":"InosukeTheHashira","format":"[Gen 9] Anything Goes","log":"|j|\u2606YablinButBETTAH\n|j|\u2606InosukeTheHashira\n|t:|1698268867\n|gametype|singles\n|player|p1|YablinButBETTAH|silver|1025\n|player|p2|InosukeTheHashira|101|1012\n|teamsize|p1|6\n|teamsize|p2|6\n|gen|9\n|tier|[Gen 9] Anything Goes\n|rated|\n|rule|HP Percentage Mod: HP is shown in percentages\n|rule|Endless Battle Clause: Forcing endless battles is banned\n|clearpoke\n|poke|p1|Glimmora, F|\n|poke|p1|Groudon|\n|poke|p1|Cinderace, F|\n|poke|p1|Zacian-*|\n|poke|p1|Dialga-Origin|\n|poke|p1|Miraidon|\n|poke|p2|Palafin, M|\n|poke|p2|Drifblim, M|\n|poke|p2|Raichu, M|\n|poke|p2|Gliscor, F|\n|poke|p2|Donphan, L1, M|\n|poke|p2|Gastrodon-East, F|\n|teampreview\n|\n|t:|1698268872\n|start\n|switch|p1a: Grenade|Glimmora, F, shiny|100\/100\n|switch|p2a: Palafin|Palafin, M|100\/100\n|turn|1\n|\n|t:|1698268881\n|move|p1a: Grenade|Toxic Spikes|p2a: Palafin\n|-sidestart|p2: InosukeTheHashira|move: Toxic Spikes\n|move|p2a: Palafin|Flip Turn|p1a: Grenade\n|-supereffective|p1a: Grenade\n|-damage|p1a: Grenade|60\/100\n|-activate|p1a: Grenade|ability: Toxic Debris\n|-sidestart|p2: InosukeTheHashira|move: Toxic Spikes\n|\n|t:|1698268897\n|detailschange|p2a: Palafin|Palafin-Hero, M\n|switch|p2a: Gliscor|Gliscor, F|100\/100|[from] Flip Turn\n|\n|-status|p2a: Gliscor|tox|[from] item: Toxic Orb\n|upkeep\n|turn|2\n|\n|t:|1698268904\n|move|p1a: Grenade|Stealth Rock|p2a: Gliscor\n|-sidestart|p2: InosukeTheHashira|move: Stealth Rock\n|move|p2a: Gliscor|Toxic Spikes|p1a: Grenade\n|-sidestart|p1: YablinButBETTAH|move: Toxic Spikes\n|\n|upkeep\n|turn|3\n|\n|t:|1698268910\n|move|p1a: Grenade|Spikes|p2a: Gliscor\n|-sidestart|p2: InosukeTheHashira|Spikes\n|move|p2a: Gliscor|Toxic Spikes|p1a: Grenade\n|-sidestart|p1: YablinButBETTAH|move: Toxic Spikes\n|\n|upkeep\n|turn|4\n|\n|t:|1698268915\n|move|p1a: Grenade|Spikes|p2a: Gliscor\n|-sidestart|p2: InosukeTheHashira|Spikes\n|move|p2a: Gliscor|Substitute|p2a: Gliscor\n|-start|p2a: Gliscor|Substitute\n|-damage|p2a: Gliscor|75\/100 tox\n|\n|-heal|p2a: Gliscor|88\/100 tox|[from] ability: Poison Heal\n|upkeep\n|turn|5\n|\n|t:|1698268922\n|move|p1a: Grenade|Spikes|p2a: Gliscor\n|-sidestart|p2: InosukeTheHashira|Spikes\n|move|p2a: Gliscor|Crabhammer|p1a: Grenade\n|-supereffective|p1a: Grenade\n|-crit|p1a: Grenade\n|-damage|p1a: Grenade|0 fnt\n|faint|p1a: Grenade\n|\n|-heal|p2a: Gliscor|99\/100 tox|[from] ability: Poison Heal\n|upkeep\n|\n|t:|1698268935\n|switch|p1a: Schmitar|Zacian-Crowned|100\/100\n|-ability|p1a: Schmitar|Intrepid Sword|boost\n|-boost|p1a: Schmitar|atk|1\n|turn|6\n|\n|t:|1698268943\n|move|p1a: Schmitar|Behemoth Blade|p2a: Gliscor\n|-end|p2a: Gliscor|Substitute\n|move|p2a: Gliscor|Crabhammer|p1a: Schmitar\n|-damage|p1a: Schmitar|73\/100\n|\n|-heal|p2a: Gliscor|100\/100 tox|[from] ability: Poison Heal\n|upkeep\n|turn|7\n|\n|t:|1698268951\n|move|p1a: Schmitar|Behemoth Blade|p2a: Gliscor\n|-damage|p2a: Gliscor|27\/100 tox\n|move|p2a: Gliscor|Crabhammer|p1a: Schmitar\n|-damage|p1a: Schmitar|48\/100\n|\n|-heal|p2a: Gliscor|39\/100 tox|[from] ability: Poison Heal\n|upkeep\n|turn|8\n|\n|t:|1698268962\n|move|p1a: Schmitar|Protect|p1a: Schmitar\n|-singleturn|p1a: Schmitar|Protect\n|move|p2a: Gliscor|Protect||[still]\n|-fail|p2a: Gliscor\n|\n|-heal|p2a: Gliscor|52\/100 tox|[from] ability: Poison Heal\n|upkeep\n|turn|9\n|\n|t:|1698268970\n|move|p2a: Gliscor|Protect|p2a: Gliscor\n|-singleturn|p2a: Gliscor|Protect\n|move|p1a: Schmitar|Behemoth Blade|p2a: Gliscor\n|-activate|p2a: Gliscor|move: Protect\n|\n|-heal|p2a: Gliscor|64\/100 tox|[from] ability: Poison Heal\n|upkeep\n|turn|10\n|\n|t:|1698268982\n|move|p1a: Schmitar|Behemoth Blade|p2a: Gliscor\n|-damage|p2a: Gliscor|0 fnt\n|faint|p2a: Gliscor\n|\n|upkeep\n|\n|t:|1698268987\n|switch|p2a: Gastrodon|Gastrodon-East, F|100\/100\n|-status|p2a: Gastrodon|tox\n|-damage|p2a: Gastrodon|94\/100 tox|[from] Stealth Rock\n|-damage|p2a: Gastrodon|70\/100 tox|[from] Spikes\n|turn|11\n|\n|t:|1698268998\n|move|p1a: Schmitar|Behemoth Blade|p2a: Gastrodon\n|-resisted|p2a: Gastrodon\n|-damage|p2a: Gastrodon|13\/100 tox\n|move|p2a: Gastrodon|Counter|p1a: Schmitar\n|-damage|p1a: Schmitar|0 fnt\n|faint|p1a: Schmitar\n|\n|-damage|p2a: Gastrodon|7\/100 tox|[from] psn\n|upkeep\n|\n|t:|1698269010\n|switch|p1a: Blaze|Groudon, shiny|100\/100\n|-status|p1a: Blaze|tox\n|-weather|SunnyDay|[from] ability: Drought|[of] p1a: Blaze\n|turn|12\n|\n|t:|1698269021\n|move|p1a: Blaze|Precipice Blades|p2a: Gastrodon\n|-damage|p2a: Gastrodon|0 fnt\n|faint|p2a: Gastrodon\n|\n|-weather|SunnyDay|[upkeep]\n|-damage|p1a: Blaze|94\/100 tox|[from] psn\n|upkeep\n|\n|t:|1698269029\n|switch|p2a: Drifblim|Drifblim, M|100\/100\n|-damage|p2a: Drifblim|76\/100|[from] Stealth Rock\n|turn|13\n|\n|t:|1698269036\n|move|p2a: Drifblim|Minimize|p2a: Drifblim\n|-boost|p2a: Drifblim|evasion|2\n|move|p1a: Blaze|Solar Beam||[still]\n|-prepare|p1a: Blaze|Solar Beam\n|-anim|p1a: Blaze|Solar Beam|p2a: Drifblim\n|-resisted|p2a: Drifblim\n|-damage|p2a: Drifblim|55\/100\n|\n|-weather|SunnyDay|[upkeep]\n|-damage|p1a: Blaze|82\/100 tox|[from] psn\n|upkeep\n|turn|14\n|c|\u2606YablinButBETTAH|awh shit. here we go again\n|\n|t:|1698269054\n|move|p2a: Drifblim|Minimize|p2a: Drifblim\n|-boost|p2a: Drifblim|evasion|2\n|move|p1a: Blaze|Thunder|p2a: Drifblim|[miss]\n|-miss|p1a: Blaze|p2a: Drifblim\n|\n|-weather|SunnyDay|[upkeep]\n|-damage|p1a: Blaze|64\/100 tox|[from] psn\n|upkeep\n|turn|15\n|c|\u2606YablinButBETTAH|dude\n|c|\u2606YablinButBETTAH|your using the most annoying tactic ever\n|c|\u2606YablinButBETTAH|whyyy\n|\n|t:|1698269084\n|move|p2a: Drifblim|Minimize|p2a: Drifblim\n|-boost|p2a: Drifblim|evasion|2\n|move|p1a: Blaze|Eruption|p2a: Drifblim|[miss]\n|-miss|p1a: Blaze|p2a: Drifblim\n|\n|-weather|SunnyDay|[upkeep]\n|-damage|p1a: Blaze|40\/100 tox|[from] psn\n|upkeep\n|turn|16\n|c|\u2606YablinButBETTAH|fuck this shit im out\n|c|\u2606InosukeTheHashira|Thsis wasn\u2019t my taxtic\n|c|\u2606InosukeTheHashira|tacitc\n|c|\u2606YablinButBETTAH|then why\n|-message|YablinButBETTAH forfeited.\n|\n|win|InosukeTheHashira\n|raw|YablinButBETTAH's rating: 1025 &rarr; <strong>1011<\/strong><br \/>(-14 for losing)\n|raw|InosukeTheHashira's rating: 1012 &rarr; <strong>1052<\/strong><br \/>(+40 for winning)\n|l|\u2606YablinButBETTAH\n","uploadtime":1698269097,"views":11,"p1id":"yablinbutbettah","p2id":"inosukethehashira","formatid":"gen9anythinggoes","rating":1011,"private":0,"password":""}