{"id":"gen9anythinggoes-1997800521","p1":"Guest 3107088","p2":"garth4325","format":"[Gen 9] Anything Goes","log":"|j|\u203dGuest 3107088\n|j|\u2606garth4325\n|t:|1700854088\n|gametype|singles\n|player|p1|Guest 3107088|266|1149\n|player|p2|garth4325|102|1135\n|teamsize|p1|6\n|teamsize|p2|6\n|gen|9\n|tier|[Gen 9] Anything Goes\n|rated|\n|rule|HP Percentage Mod: HP is shown in percentages\n|rule|Endless Battle Clause: Forcing endless battles is banned\n|clearpoke\n|poke|p1|Annihilape, M|\n|poke|p1|Annihilape, M|\n|poke|p1|Kingambit, F|\n|poke|p1|Annihilape, M|\n|poke|p1|Annihilape, M|\n|poke|p1|Annihilape, M|\n|poke|p2|Maushold-Four|\n|poke|p2|Slowbro-Galar, F|\n|poke|p2|Mimikyu, M|\n|poke|p2|Garchomp, F|\n|poke|p2|Azumarill, M|\n|poke|p2|Iron Moth|\n|teampreview\n|c|\u2606garth4325|not again\n|\n|t:|1700854097\n|start\n|switch|p1a: Annihilape|Annihilape, M|100\/100\n|switch|p2a: Azumarill|Azumarill, M|100\/100\n|turn|1\n|\n|t:|1700854122\n|-terastallize|p2a: Azumarill|Water\n|move|p2a: Azumarill|Trailblaze|p1a: Annihilape\n|-damage|p1a: Annihilape|91\/100\n|-boost|p2a: Azumarill|spe|1\n|move|p1a: Annihilape|Stealth Rock|p2a: Azumarill\n|-sidestart|p2: garth4325|move: Stealth Rock\n|\n|-heal|p1a: Annihilape|97\/100|[from] item: Leftovers\n|upkeep\n|turn|2\n|\n|t:|1700854131\n|switch|p2a: Mimikyu|Mimikyu, M|100\/100\n|-damage|p2a: Mimikyu|88\/100|[from] Stealth Rock\n|move|p1a: Annihilape|Rage Fist|p2a: Mimikyu\n|-activate|p2a: Mimikyu|ability: Disguise\n|-damage|p2a: Mimikyu|88\/100\n|detailschange|p2a: Mimikyu|Mimikyu-Busted, M\n|-damage|p2a: Mimikyu|76\/100|[from] pokemon: Mimikyu-Busted\n|\n|-heal|p1a: Annihilape|100\/100|[from] item: Leftovers\n|upkeep\n|turn|3\n|\n|t:|1700854134\n|move|p2a: Mimikyu|Shadow Sneak|p1a: Annihilape\n|-supereffective|p1a: Annihilape\n|-damage|p1a: Annihilape|53\/100\n|-damage|p2a: Mimikyu|66\/100|[from] item: Life Orb\n|move|p1a: Annihilape|Rage Fist|p2a: Mimikyu\n|-supereffective|p2a: Mimikyu\n|-damage|p2a: Mimikyu|0 fnt\n|faint|p2a: Mimikyu\n|\n|-heal|p1a: Annihilape|59\/100|[from] item: Leftovers\n|upkeep\n|\n|t:|1700854136\n|switch|p2a: Slowbro|Slowbro-Galar, F|100\/100\n|-damage|p2a: Slowbro|88\/100|[from] Stealth Rock\n|turn|4\n|\n|t:|1700854142\n|move|p1a: Annihilape|Rage Fist|p2a: Slowbro\n|-supereffective|p2a: Slowbro\n|-damage|p2a: Slowbro|0 fnt\n|faint|p2a: Slowbro\n|\n|-heal|p1a: Annihilape|65\/100|[from] item: Leftovers\n|upkeep\n|inactive|Battle timer is ON: inactive players will automatically lose when time's up. (requested by Guest 3107088)\n|\n|t:|1700854147\n|switch|p2a: Garchomp|Garchomp, F|100\/100\n|-damage|p2a: Garchomp|94\/100|[from] Stealth Rock\n|turn|5\n|\n|t:|1700854149\n|move|p2a: Garchomp|Dragon Claw|p1a: Annihilape\n|-damage|p1a: Annihilape|22\/100\n|move|p1a: Annihilape|Rage Fist|p2a: Garchomp\n|-damage|p2a: Garchomp|0 fnt\n|-damage|p1a: Annihilape|10\/100|[from] ability: Rough Skin|[of] p2a: Garchomp\n|-damage|p1a: Annihilape|0 fnt|[from] item: Rocky Helmet|[of] p2a: Garchomp\n|faint|p2a: Garchomp\n|faint|p1a: Annihilape\n|\n|upkeep\n|\n|t:|1700854153\n|switch|p2a: Iron Moth|Iron Moth|100\/100\n|switch|p1a: Annihilape|Annihilape, M|100\/100\n|-damage|p2a: Iron Moth|76\/100|[from] Stealth Rock\n|-enditem|p2a: Iron Moth|Booster Energy\n|-activate|p2a: Iron Moth|ability: Quark Drive|[fromitem]\n|-start|p2a: Iron Moth|quarkdrivespa\n|turn|6\n|\n|t:|1700854159\n|move|p1a: Annihilape|Final Gambit|p2a: Iron Moth\n|-damage|p2a: Iron Moth|0 fnt\n|faint|p1a: Annihilape\n|faint|p2a: Iron Moth\n|-end|p2a: Iron Moth|Quark Drive|[silent]\n|\n|upkeep\n|inactive|Guest 3107088 has 120 seconds left.\n|inactive|Guest 3107088 has 90 seconds left.\n|\n|t:|1700854220\n|switch|p2a: Maushold|Maushold-Four, shiny|100\/100\n|switch|p1a: Annihilape|Annihilape, M|100\/100\n|-damage|p2a: Maushold|88\/100|[from] Stealth Rock\n|turn|7\n|\n|t:|1700854225\n|move|p1a: Annihilape|Close Combat|p2a: Maushold\n|-supereffective|p2a: Maushold\n|-damage|p2a: Maushold|0 fnt\n|-unboost|p1a: Annihilape|def|1\n|-unboost|p1a: Annihilape|spd|1\n|faint|p2a: Maushold\n|\n|upkeep\n|\n|t:|1700854226\n|switch|p2a: Azumarill|Azumarill, M, tera:Water|100\/100\n|-damage|p2a: Azumarill|88\/100|[from] Stealth Rock\n|turn|8\n|\n|t:|1700854230\n|move|p1a: Annihilape|Close Combat|p2a: Azumarill\n|-damage|p2a: Azumarill|29\/100\n|-unboost|p1a: Annihilape|def|1\n|-unboost|p1a: Annihilape|spd|1\n|move|p2a: Azumarill|Play Rough|p1a: Annihilape|[miss]\n|-miss|p2a: Azumarill|p1a: Annihilape\n|\n|upkeep\n|turn|9\n|inactive|Guest 3107088 has 120 seconds left.\n|\n|t:|1700854235\n|move|p1a: Annihilape|Close Combat|p2a: Azumarill\n|-damage|p2a: Azumarill|0 fnt\n|-unboost|p1a: Annihilape|def|1\n|-unboost|p1a: Annihilape|spd|1\n|faint|p2a: Azumarill\n|\n|win|Guest 3107088\n|raw|Guest 3107088's rating: 1149 &rarr; <strong>1173<\/strong><br \/>(+24 for winning)\n|raw|garth4325's rating: 1135 &rarr; <strong>1111<\/strong><br \/>(-24 for losing)\n|l|\u2606garth4325\n","uploadtime":1700854240,"views":0,"p1id":"guest3107088","p2id":"garth4325","formatid":"gen9anythinggoes","rating":1111,"private":0,"password":""}