{"id":"gen9anythinggoes-1984546892","p1":"Pra Likes Ketchup","p2":"dabcat818","format":"[Gen 9] Anything Goes","log":"|j|\u2606Pra Likes Ketchup\n|j|\u2606dabcat818\n|t:|1699278496\n|gametype|singles\n|player|p1|Pra Likes Ketchup|170|1283\n|player|p2|dabcat818|alec-anime|1280\n|teamsize|p1|6\n|teamsize|p2|6\n|gen|9\n|tier|[Gen 9] Anything Goes\n|rated|\n|rule|HP Percentage Mod: HP is shown in percentages\n|rule|Endless Battle Clause: Forcing endless battles is banned\n|clearpoke\n|poke|p1|Donphan, L1, F|\n|poke|p1|Tyranitar, F|\n|poke|p1|Glimmora, F|\n|poke|p1|Kingambit, M|\n|poke|p1|Houndstone, F|\n|poke|p1|Zacian-*|\n|poke|p2|Miraidon|\n|poke|p2|Cloyster, F|\n|poke|p2|Volcarona, M|\n|poke|p2|Urshifu-*, M|\n|poke|p2|Sylveon, M|\n|poke|p2|Zacian-*|\n|teampreview\n|\n|t:|1699278508\n|start\n|switch|p1a: Glimmora|Glimmora, F|100\/100\n|switch|p2a: ice ice|Cloyster, F|100\/100\n|turn|1\n|inactive|Battle timer is ON: inactive players will automatically lose when time's up. (requested by dabcat818)\n|\n|t:|1699278530\n|move|p1a: Glimmora|Power Gem|p2a: ice ice\n|-supereffective|p2a: ice ice\n|-damage|p2a: ice ice|0 fnt\n|faint|p2a: ice ice\n|\n|upkeep\n|\n|t:|1699278538\n|switch|p2a: Zacian|Zacian-Crowned|100\/100\n|-ability|p2a: Zacian|Intrepid Sword|boost\n|-boost|p2a: Zacian|atk|1\n|turn|2\n|\n|t:|1699278544\n|move|p2a: Zacian|Behemoth Blade|p1a: Glimmora\n|-supereffective|p1a: Glimmora\n|-enditem|p1a: Glimmora|Focus Sash\n|-damage|p1a: Glimmora|1\/100\n|-activate|p1a: Glimmora|ability: Toxic Debris\n|-sidestart|p2: dabcat818|move: Toxic Spikes\n|move|p1a: Glimmora|Stealth Rock|p2a: Zacian\n|-sidestart|p2: dabcat818|move: Stealth Rock\n|\n|upkeep\n|turn|3\n|\n|t:|1699278553\n|move|p2a: Zacian|Behemoth Blade|p1a: Glimmora\n|-supereffective|p1a: Glimmora\n|-damage|p1a: Glimmora|0 fnt\n|-activate|p1a: Glimmora|ability: Toxic Debris\n|-sidestart|p2: dabcat818|move: Toxic Spikes\n|faint|p1a: Glimmora\n|\n|upkeep\n|\n|t:|1699278565\n|switch|p1a: Donphan|Donphan, L1, F|100\/100\n|turn|4\n|\n|t:|1699278573\n|move|p2a: Zacian|Behemoth Blade|p1a: Donphan\n|-ability|p1a: Donphan|Sturdy\n|-damage|p1a: Donphan|9\/100\n|move|p1a: Donphan|Endeavor|p2a: Zacian\n|-damage|p2a: Zacian|1\/100\n|-heal|p1a: Donphan|100\/100|[from] item: Shell Bell|[of] p2a: Zacian\n|\n|upkeep\n|turn|5\n|\n|t:|1699278587\n|move|p1a: Donphan|Ice Shard|p2a: Zacian\n|-resisted|p2a: Zacian\n|-damage|p2a: Zacian|0 fnt\n|faint|p2a: Zacian\n|\n|upkeep\n|\n|t:|1699278598\n|switch|p2a: cute charm|Sylveon, M|100\/100\n|-status|p2a: cute charm|tox\n|-damage|p2a: cute charm|88\/100 tox|[from] Stealth Rock\n|turn|6\n|\n|t:|1699278604\n|move|p2a: cute charm|Yawn|p1a: Donphan\n|-start|p1a: Donphan|move: Yawn|[of] p2a: cute charm\n|move|p1a: Donphan|Endeavor|p2a: cute charm\n|-damage|p2a: cute charm|4\/100 tox\n|\n|-damage|p2a: cute charm|0 fnt|[from] psn\n|faint|p2a: cute charm\n|upkeep\n|\n|t:|1699278612\n|switch|p2a: ride on|Miraidon|100\/100\n|-status|p2a: ride on|tox\n|-damage|p2a: ride on|88\/100 tox|[from] Stealth Rock\n|-fieldstart|move: Electric Terrain|[from] ability: Hadron Engine|[of] p2a: ride on\n|turn|7\n|\n|t:|1699278621\n|switch|p1a: Tyranitar|Tyranitar, F|100\/100\n|-weather|Sandstorm|[from] ability: Sand Stream|[of] p1a: Tyranitar\n|move|p2a: ride on|Dazzling Gleam|p1a: Tyranitar\n|-supereffective|p1a: Tyranitar\n|-damage|p1a: Tyranitar|35\/100\n|\n|-weather|Sandstorm|[upkeep]\n|-damage|p2a: ride on|82\/100 tox|[from] Sandstorm\n|-damage|p2a: ride on|76\/100 tox|[from] psn\n|upkeep\n|turn|8\n|\n|t:|1699278629\n|move|p2a: ride on|Dazzling Gleam|p1a: Tyranitar\n|-supereffective|p1a: Tyranitar\n|-damage|p1a: Tyranitar|0 fnt\n|faint|p1a: Tyranitar\n|\n|-weather|Sandstorm|[upkeep]\n|-damage|p2a: ride on|70\/100 tox|[from] Sandstorm\n|-damage|p2a: ride on|58\/100 tox|[from] psn\n|upkeep\n|\n|t:|1699278632\n|switch|p1a: Donphan|Donphan, L1, F|100\/100\n|turn|9\n|\n|t:|1699278638\n|move|p2a: ride on|Dazzling Gleam|p1a: Donphan\n|-ability|p1a: Donphan|Sturdy\n|-damage|p1a: Donphan|9\/100\n|move|p1a: Donphan|Endeavor|p2a: ride on\n|-damage|p2a: ride on|1\/100 tox\n|-heal|p1a: Donphan|100\/100|[from] item: Shell Bell|[of] p2a: ride on\n|\n|-weather|Sandstorm|[upkeep]\n|-damage|p2a: ride on|0 fnt|[from] Sandstorm\n|faint|p2a: ride on\n|upkeep\n|\n|t:|1699278645\n|switch|p2a: flare gun|Volcarona, M, shiny|100\/100\n|-status|p2a: flare gun|tox\n|-damage|p2a: flare gun|50\/100 tox|[from] Stealth Rock\n|turn|10\n|\n|t:|1699278655\n|move|p2a: flare gun|U-turn|p1a: Donphan\n|-ability|p1a: Donphan|Sturdy\n|-damage|p1a: Donphan|9\/100\n|\n|t:|1699278659\n|switch|p2a: jackblack|Urshifu, M|100\/100|[from] U-turn\n|-status|p2a: jackblack|tox\n|-damage|p2a: jackblack|94\/100 tox|[from] Stealth Rock\n|move|p1a: Donphan|Endeavor|p2a: jackblack\n|-damage|p2a: jackblack|1\/100 tox\n|-heal|p1a: Donphan|100\/100|[from] item: Shell Bell|[of] p2a: jackblack\n|\n|-weather|Sandstorm|[upkeep]\n|-damage|p2a: jackblack|0 fnt|[from] Sandstorm\n|faint|p2a: jackblack\n|upkeep\n|\n|t:|1699278667\n|switch|p2a: flare gun|Volcarona, M, shiny|50\/100 tox\n|-damage|p2a: flare gun|0 fnt|[from] Stealth Rock\n|faint|p2a: flare gun\n|\n|win|Pra Likes Ketchup\n|raw|Pra Likes Ketchup's rating: 1283 &rarr; <strong>1308<\/strong><br \/>(+25 for winning)\n|raw|dabcat818's rating: 1280 &rarr; <strong>1255<\/strong><br \/>(-25 for losing)\n|l|\u2606dabcat818\n","uploadtime":1699278756,"views":4,"p1id":"pralikesketchup","p2id":"dabcat818","formatid":"gen9anythinggoes","rating":1255,"private":0,"password":""}