{"id":"gen9anythinggoes-1973236676","p1":"Raymond R3ddington","p2":"IceBerryCoffee","format":"[Gen 9] Anything Goes","log":"|j|\u2606Raymond R3ddington\n|j|\u2606IceBerryCoffee\n|t:|1697942792\n|gametype|singles\n|player|p1|Raymond R3ddington|giovanni|1341\n|player|p2|IceBerryCoffee|170|1409\n|teamsize|p1|6\n|teamsize|p2|6\n|gen|9\n|tier|[Gen 9] Anything Goes\n|rated|\n|rule|HP Percentage Mod: HP is shown in percentages\n|rule|Endless Battle Clause: Forcing endless battles is banned\n|clearpoke\n|poke|p1|Chien-Pao|\n|poke|p1|Urshifu-*, M|\n|poke|p1|Urshifu-*, F|\n|poke|p1|Ceruledge, M|\n|poke|p1|Groudon|\n|poke|p1|Regieleki|\n|poke|p2|Staraptor, F|\n|poke|p2|Torterra, F|\n|poke|p2|Uxie|\n|poke|p2|Palkia-Origin|\n|poke|p2|Calyrex-Shadow|\n|poke|p2|Arcanine, M|\n|teampreview\n|inactive|Battle timer is ON: inactive players will automatically lose when time's up. (requested by Raymond R3ddington)\n|\n|t:|1697942802\n|start\n|switch|p1a: Ceruledge|Ceruledge, M|100\/100\n|switch|p2a: Staraptor|Staraptor, F|100\/100\n|turn|1\n|\n|t:|1697942811\n|switch|p2a: Arcanine|Arcanine, M|100\/100\n|-ability|p2a: Arcanine|Intimidate|boost\n|-unboost|p1a: Ceruledge|atk|1\n|move|p1a: Ceruledge|Swords Dance|p1a: Ceruledge\n|-boost|p1a: Ceruledge|atk|2\n|\n|upkeep\n|turn|2\n|\n|t:|1697942823\n|move|p1a: Ceruledge|Poltergeist|p2a: Arcanine\n|-activate|p2a: Arcanine|move: Poltergeist|Heavy-Duty Boots\n|-damage|p2a: Arcanine|35\/100\n|move|p2a: Arcanine|Roar|p1a: Ceruledge\n|drag|p1a: Urshifu|Urshifu-Rapid-Strike, M|100\/100\n|\n|upkeep\n|turn|3\n|\n|t:|1697942833\n|switch|p2a: Uxie|Uxie|100\/100\n|move|p1a: Urshifu|Surging Strikes|p2a: Uxie\n|-crit|p2a: Uxie\n|-damage|p2a: Uxie|87\/100\n|-crit|p2a: Uxie\n|-damage|p2a: Uxie|73\/100\n|-crit|p2a: Uxie\n|-damage|p2a: Uxie|60\/100\n|-hitcount|p2a: Uxie|3\n|\n|upkeep\n|turn|4\n|\n|t:|1697942846\n|switch|p1a: Urshifu|Urshifu, F|100\/100\n|move|p2a: Uxie|Stealth Rock|p1a: Urshifu\n|-sidestart|p1: Raymond R3ddington|move: Stealth Rock\n|\n|upkeep\n|turn|5\n|\n|t:|1697942852\n|switch|p2a: Arcanine|Arcanine, M|35\/100\n|-ability|p2a: Arcanine|Intimidate|boost\n|-unboost|p1a: Urshifu|atk|1\n|move|p1a: Urshifu|Wicked Blow|p2a: Arcanine\n|-crit|p2a: Arcanine\n|-damage|p2a: Arcanine|0 fnt\n|faint|p2a: Arcanine\n|\n|upkeep\n|\n|t:|1697942870\n|switch|p2a: Uxie|Uxie|60\/100\n|turn|6\n|\n|t:|1697942873\n|move|p2a: Uxie|Memento|p1a: Urshifu\n|-unboost|p1a: Urshifu|atk|2\n|-unboost|p1a: Urshifu|spa|2\n|faint|p2a: Uxie\n|move|p1a: Urshifu|Wicked Blow|p2: Uxie|[notarget]\n|-fail|p1a: Urshifu\n|\n|upkeep\n|\n|t:|1697942882\n|switch|p2a: Torterra|Torterra, F|100\/100\n|turn|7\n|\n|t:|1697942891\n|switch|p1a: Groudon|Groudon, shiny|100\/100\n|-damage|p1a: Groudon|94\/100|[from] Stealth Rock\n|-weather|SunnyDay|[from] ability: Drought|[of] p1a: Groudon\n|move|p2a: Torterra|Shell Smash|p2a: Torterra\n|-unboost|p2a: Torterra|def|1\n|-unboost|p2a: Torterra|spd|1\n|-boost|p2a: Torterra|atk|2\n|-boost|p2a: Torterra|spa|2\n|-boost|p2a: Torterra|spe|2\n|-enditem|p2a: Torterra|White Herb\n|-clearnegativeboost|p2a: Torterra|[silent]\n|\n|-weather|SunnyDay|[upkeep]\n|upkeep\n|turn|8\n|\n|t:|1697942911\n|-terastallize|p2a: Torterra|Rock\n|move|p2a: Torterra|Seed Bomb|p1a: Groudon\n|-supereffective|p1a: Groudon\n|-damage|p1a: Groudon|0 fnt\n|faint|p1a: Groudon\n|\n|-weather|SunnyDay|[upkeep]\n|upkeep\n|\n|t:|1697942918\n|switch|p1a: Regieleki|Regieleki, shiny|100\/100\n|turn|9\n|\n|t:|1697942926\n|move|p1a: Regieleki|Rapid Spin|p2a: Torterra\n|-resisted|p2a: Torterra\n|-damage|p2a: Torterra|95\/100\n|-boost|p1a: Regieleki|spe|1\n|-sideend|p1: Raymond R3ddington|Stealth Rock|[from] move: Rapid Spin|[of] p1a: Regieleki\n|move|p2a: Torterra|Headlong Rush|p1a: Regieleki\n|-supereffective|p1a: Regieleki\n|-damage|p1a: Regieleki|0 fnt\n|-unboost|p2a: Torterra|def|1\n|-unboost|p2a: Torterra|spd|1\n|faint|p1a: Regieleki\n|\n|-weather|SunnyDay|[upkeep]\n|upkeep\n|\n|t:|1697942939\n|switch|p1a: Chien-Pao|Chien-Pao|100\/100\n|-ability|p1a: Chien-Pao|Sword of Ruin\n|turn|10\n|\n|t:|1697942948\n|move|p1a: Chien-Pao|Sucker Punch|p2a: Torterra\n|-damage|p2a: Torterra|28\/100\n|move|p2a: Torterra|Stone Edge|p1a: Chien-Pao\n|-supereffective|p1a: Chien-Pao\n|-damage|p1a: Chien-Pao|0 fnt\n|faint|p1a: Chien-Pao\n|\n|-weather|SunnyDay|[upkeep]\n|upkeep\n|\n|t:|1697942953\n|switch|p1a: Urshifu|Urshifu-Rapid-Strike, M|100\/100\n|turn|11\n|\n|t:|1697942957\n|move|p1a: Urshifu|Aqua Jet|p2a: Torterra\n|-supereffective|p2a: Torterra\n|-damage|p2a: Torterra|0 fnt\n|faint|p2a: Torterra\n|\n|-weather|none\n|upkeep\n|\n|t:|1697942965\n|switch|p2a: Staraptor|Staraptor, F|100\/100\n|turn|12\n|\n|t:|1697942976\n|move|p2a: Staraptor|Brave Bird|p1a: Urshifu\n|-supereffective|p1a: Urshifu\n|-damage|p1a: Urshifu|0 fnt\n|faint|p1a: Urshifu\n|-damage|p2a: Staraptor|64\/100|[from] Recoil\n|\n|upkeep\n|\n|t:|1697942982\n|switch|p1a: Ceruledge|Ceruledge, M|100\/100\n|turn|13\n|\n|t:|1697942990\n|switch|p2a: Palkia|Palkia-Origin|100\/100\n|-ability|p2a: Palkia|Pressure\n|move|p1a: Ceruledge|Swords Dance|p1a: Ceruledge\n|-boost|p1a: Ceruledge|atk|2\n|\n|upkeep\n|turn|14\n|\n|t:|1697942997\n|move|p2a: Palkia|Hydro Pump|p1a: Ceruledge\n|-supereffective|p1a: Ceruledge\n|-enditem|p1a: Ceruledge|Focus Sash\n|-damage|p1a: Ceruledge|1\/100\n|move|p1a: Ceruledge|Poison Jab|p2a: Palkia\n|-damage|p2a: Palkia|40\/100\n|\n|upkeep\n|turn|15\n|\n|t:|1697943015\n|move|p1a: Ceruledge|Poltergeist|p2a: Palkia\n|-activate|p2a: Palkia|move: Poltergeist|Lustrous Globe\n|-damage|p2a: Palkia|0 fnt\n|faint|p2a: Palkia\n|\n|upkeep\n|\n|t:|1697943023\n|switch|p2a: Staraptor|Staraptor, F|64\/100\n|turn|16\n|\n|t:|1697943028\n|move|p2a: Staraptor|Brave Bird|p1a: Ceruledge\n|-crit|p1a: Ceruledge\n|-damage|p1a: Ceruledge|0 fnt\n|faint|p1a: Ceruledge\n|-damage|p2a: Staraptor|64\/100|[from] Recoil\n|\n|upkeep\n|\n|t:|1697943030\n|switch|p1a: Urshifu|Urshifu, F|100\/100\n|turn|17\n|\n|t:|1697943037\n|move|p2a: Staraptor|Brave Bird|p1a: Urshifu\n|-supereffective|p1a: Urshifu\n|-damage|p1a: Urshifu|0 fnt\n|faint|p1a: Urshifu\n|-damage|p2a: Staraptor|28\/100|[from] Recoil\n|\n|win|IceBerryCoffee\n|raw|Raymond R3ddington's rating: 1341 &rarr; <strong>1325<\/strong><br \/>(-16 for losing)\n|raw|IceBerryCoffee's rating: 1409 &rarr; <strong>1425<\/strong><br \/>(+16 for winning)\n","uploadtime":1697943044,"views":7,"p1id":"raymondr3ddington","p2id":"iceberrycoffee","formatid":"gen9anythinggoes","rating":1325,"private":0,"password":""}