{"id":"gen9anythinggoes-1990375215","p1":"wdymthenameisthere","p2":"ItsmeDario","format":"[Gen 9] Anything Goes","log":"|j|\u2606wdymthenameisthere\n|j|\u2606ItsmeDario\n|t:|1699964019\n|gametype|singles\n|player|p1|wdymthenameisthere|volkner|1000\n|player|p2|ItsmeDario|lucas-gen4pt|1000\n|teamsize|p1|6\n|teamsize|p2|6\n|gen|9\n|tier|[Gen 9] Anything Goes\n|rated|\n|rule|HP Percentage Mod: HP is shown in percentages\n|rule|Endless Battle Clause: Forcing endless battles is banned\n|clearpoke\n|poke|p1|Calyrex-Shadow|\n|poke|p1|Annihilape, F|\n|poke|p1|Miraidon|\n|poke|p1|Urshifu-*, M|\n|poke|p1|Palafin, M|\n|poke|p1|Baxcalibur, F|\n|poke|p2|Starly, L1, F|\n|poke|p2|Gholdengo|\n|poke|p2|Roaring Moon|\n|poke|p2|Palafin, M|\n|poke|p2|Glimmora, M|\n|poke|p2|Clodsire, M|\n|teampreview\n|\n|t:|1699964027\n|start\n|switch|p1a: Palafin|Palafin, M|100\/100\n|switch|p2a: Palafin|Palafin, M|100\/100\n|turn|1\n|c|\u2606ItsmeDario|Lol\n|j| darkblastr\/Darx\n|c| darkblastr\/Darx|dolphin\n|l| darkblastr\/Darx\n|inactive|Battle timer is ON: inactive players will automatically lose when time's up. (requested by wdymthenameisthere)\n|inactive|ItsmeDario has 120 seconds left.\n|inactive|ItsmeDario has 90 seconds left.\n|inactive|ItsmeDario has 60 seconds left.\n|\n|t:|1699964448\n|move|p1a: Palafin|Flip Turn|p2a: Palafin\n|-resisted|p2a: Palafin\n|-damage|p2a: Palafin|88\/100\n|c|\u2606ItsmeDario|BRUH\n|\n|t:|1699964457\n|detailschange|p1a: Palafin|Palafin-Hero, M\n|switch|p1a: Miraidon|Miraidon|100\/100|[from] Flip Turn\n|-fieldstart|move: Electric Terrain|[from] ability: Hadron Engine|[of] p1a: Miraidon\n|move|p2a: Palafin|Blizzard|p1a: Miraidon|[miss]\n|-miss|p2a: Palafin|p1a: Miraidon\n|\n|upkeep\n|turn|2\n|\n|t:|1699964467\n|detailschange|p2a: Palafin|Palafin-Hero, M\n|switch|p2a: Clodsire|Clodsire, M|100\/100\n|-terastallize|p1a: Miraidon|Electric\n|move|p1a: Miraidon|Electro Drift|p2a: Clodsire\n|-immune|p2a: Clodsire\n|\n|upkeep\n|turn|3\n|\n|t:|1699964480\n|move|p1a: Miraidon|Draco Meteor|p2a: Clodsire\n|-damage|p2a: Clodsire|9\/100\n|-unboost|p1a: Miraidon|spa|2\n|-damage|p1a: Miraidon|91\/100|[from] item: Life Orb\n|move|p2a: Clodsire|Earthquake|p1a: Miraidon\n|-supereffective|p1a: Miraidon\n|-damage|p1a: Miraidon|22\/100\n|\n|upkeep\n|turn|4\n|\n|t:|1699964491\n|move|p1a: Miraidon|Zen Headbutt|p2a: Clodsire\n|-supereffective|p2a: Clodsire\n|-damage|p2a: Clodsire|0 fnt\n|faint|p2a: Clodsire\n|-damage|p1a: Miraidon|12\/100|[from] item: Life Orb\n|\n|upkeep\n|\n|t:|1699964500\n|switch|p2a: Gholdengo|Gholdengo|100\/100\n|turn|5\n|\n|t:|1699964504\n|switch|p1a: Calyrex|Calyrex-Shadow|100\/100\n|-ability|p1a: Calyrex|As One\n|-ability|p1a: Calyrex|Unnerve\n|move|p2a: Gholdengo|Make It Rain|p1a: Calyrex\n|-damage|p1a: Calyrex|49\/100\n|-unboost|p2a: Gholdengo|spa|1\n|\n|-fieldend|move: Electric Terrain\n|upkeep\n|turn|6\n|\n|t:|1699964524\n|move|p1a: Calyrex|Future Sight|p2a: Gholdengo\n|-start|p1a: Calyrex|move: Future Sight\n|move|p2a: Gholdengo|Make It Rain|p1a: Calyrex\n|-damage|p1a: Calyrex|14\/100\n|-unboost|p2a: Gholdengo|spa|1\n|\n|upkeep\n|turn|7\n|\n|t:|1699964534\n|switch|p1a: Urshifu|Urshifu-Rapid-Strike, M|100\/100\n|move|p2a: Gholdengo|Make It Rain|p1a: Urshifu\n|-resisted|p1a: Urshifu\n|-damage|p1a: Urshifu|75\/100\n|-unboost|p2a: Gholdengo|spa|1\n|\n|upkeep\n|turn|8\n|\n|t:|1699964547\n|move|p1a: Urshifu|Surging Strikes|p2a: Gholdengo\n|-crit|p2a: Gholdengo\n|-damage|p2a: Gholdengo|75\/100\n|-crit|p2a: Gholdengo\n|-damage|p2a: Gholdengo|53\/100\n|-crit|p2a: Gholdengo\n|-damage|p2a: Gholdengo|29\/100\n|-hitcount|p2a: Gholdengo|3\n|move|p2a: Gholdengo|Psyshock|p1a: Urshifu\n|-supereffective|p1a: Urshifu\n|-damage|p1a: Urshifu|55\/100\n|\n|-end|p2a: Gholdengo|move: Future Sight\n|-resisted|p2a: Gholdengo\n|-damage|p2a: Gholdengo|0 fnt\n|faint|p2a: Gholdengo\n|upkeep\n|inactiveoff|Battle timer is now OFF.\n|\n|t:|1699964567\n|switch|p2a: Palafin|Palafin-Hero, M|88\/100\n|-activate|p2a: Palafin|ability: Zero to Hero\n|turn|9\n|\n|t:|1699964575\n|switch|p1a: Annihilape|Annihilape, F|100\/100\n|move|p2a: Palafin|Blizzard|p1a: Annihilape\n|-damage|p1a: Annihilape|68\/100\n|\n|upkeep\n|turn|10\n|\n|t:|1699964585\n|move|p1a: Annihilape|Earthquake|p2a: Palafin\n|-damage|p2a: Palafin|61\/100\n|move|p2a: Palafin|Acrobatics|p1a: Annihilape\n|-supereffective|p1a: Annihilape\n|-damage|p1a: Annihilape|24\/100\n|\n|upkeep\n|turn|11\n|\n|t:|1699964594\n|move|p1a: Annihilape|Rage Fist|p2a: Palafin\n|-damage|p2a: Palafin|0 fnt\n|faint|p2a: Palafin\n|\n|upkeep\n|\n|t:|1699964606\n|switch|p2a: Roaring Moon|Roaring Moon|100\/100\n|turn|12\n|\n|t:|1699964619\n|move|p1a: Annihilape|Close Combat|p2a: Roaring Moon\n|-supereffective|p2a: Roaring Moon\n|-enditem|p2a: Roaring Moon|Focus Sash\n|-damage|p2a: Roaring Moon|1\/100\n|-unboost|p1a: Annihilape|def|1\n|-unboost|p1a: Annihilape|spd|1\n|move|p2a: Roaring Moon|Brick Break|p1a: Annihilape\n|-immune|p1a: Annihilape\n|\n|upkeep\n|turn|13\n|\n|t:|1699964632\n|-terastallize|p2a: Roaring Moon|Dragon\n|move|p1a: Annihilape|Low Kick|p2a: Roaring Moon\n|-damage|p2a: Roaring Moon|0 fnt\n|faint|p2a: Roaring Moon\n|-end|p2a: Roaring Moon|Protosynthesis|[silent]\n|\n|upkeep\n|\n|t:|1699964644\n|switch|p2a: Glimmora|Glimmora, M|100\/100\n|turn|14\n|\n|t:|1699964649\n|switch|p1a: Palafin|Palafin-Hero, M|100\/100\n|-activate|p1a: Palafin|ability: Zero to Hero\n|move|p2a: Glimmora|Dazzling Gleam|p1a: Palafin\n|-damage|p1a: Palafin|72\/100\n|\n|upkeep\n|turn|15\n|\n|t:|1699964660\n|move|p1a: Palafin|Wave Crash|p2a: Glimmora\n|-supereffective|p2a: Glimmora\n|-enditem|p2a: Glimmora|Focus Sash\n|-damage|p2a: Glimmora|1\/100\n|-activate|p2a: Glimmora|ability: Toxic Debris\n|-sidestart|p1: wdymthenameisthere|move: Toxic Spikes\n|-damage|p1a: Palafin|41\/100|[from] Recoil\n|move|p2a: Glimmora|Flash Cannon|p1a: Palafin\n|-resisted|p1a: Palafin\n|-damage|p1a: Palafin|27\/100\n|\n|upkeep\n|turn|16\n|\n|t:|1699964672\n|move|p1a: Palafin|Jet Punch|p2a: Glimmora\n|-supereffective|p2a: Glimmora\n|-damage|p2a: Glimmora|0 fnt\n|-activate|p2a: Glimmora|ability: Toxic Debris\n|-sidestart|p1: wdymthenameisthere|move: Toxic Spikes\n|faint|p2a: Glimmora\n|\n|upkeep\n|\n|t:|1699964683\n|switch|p2a: The general|Starly, L1, F, shiny|100\/100\n|turn|17\n|\n|t:|1699964687\n|move|p1a: Palafin|Jet Punch|p2a: The general\n|-enditem|p2a: The general|Focus Sash\n|-damage|p2a: The general|9\/100\n|move|p2a: The general|Endeavor|p1a: Palafin\n|-damage|p1a: Palafin|1\/100\n|-enditem|p1a: Palafin|Aguav Berry|[eat]\n|-heal|p1a: Palafin|34\/100|[from] item: Aguav Berry\n|-start|p1a: Palafin|confusion\n|\n|upkeep\n|turn|18\n|c|\u2606ItsmeDario|Gg\n|\n|t:|1699964704\n|switch|p1a: Baxcalibur|Baxcalibur, F|100\/100\n|move|p2a: The general|Endeavor|p1a: Baxcalibur\n|-damage|p1a: Baxcalibur|1\/100\n|\n|upkeep\n|turn|19\n|\n|t:|1699964713\n|move|p1a: Baxcalibur|Protect|p1a: Baxcalibur\n|-singleturn|p1a: Baxcalibur|Protect\n|move|p2a: The general|Quick Attack|p1a: Baxcalibur\n|-activate|p1a: Baxcalibur|move: Protect\n|\n|upkeep\n|turn|20\n|\n|t:|1699964722\n|move|p1a: Baxcalibur|Ice Shard|p2a: The general\n|-supereffective|p2a: The general\n|-damage|p2a: The general|0 fnt\n|faint|p2a: The general\n|\n|win|wdymthenameisthere\n|raw|wdymthenameisthere's rating: 1000 &rarr; <strong>1044<\/strong><br \/>(+44 for winning)\n|raw|ItsmeDario's rating: 1032 &rarr; <strong>1016<\/strong><br \/>(-16 for losing)\n","uploadtime":1699964728,"views":6,"p1id":"wdymthenameisthere","p2id":"itsmedario","formatid":"gen9anythinggoes","rating":1016,"private":0,"password":""}