{"id":"gen9anythinggoes-1973864717","p1":"BemusedOstrich","p2":"Bolero8008","format":"[Gen 9] Anything Goes","log":"|j|\u2606BemusedOstrich\n|j|\u2606Bolero8008\n|t:|1698021986\n|gametype|singles\n|player|p1|BemusedOstrich|pokemonbreederf-gen4|\n|player|p2|Bolero8008|102|\n|teamsize|p1|6\n|teamsize|p2|6\n|gen|9\n|tier|[Gen 9] Anything Goes\n|rule|HP Percentage Mod: HP is shown in percentages\n|rule|Endless Battle Clause: Forcing endless battles is banned\n|clearpoke\n|poke|p1|Kingambit, M|\n|poke|p1|Klefki, M|\n|poke|p1|Ursaluna, M|\n|poke|p1|Landorus-Therian, M|\n|poke|p1|Espathra, F|\n|poke|p1|Ditto|\n|poke|p2|Annihilape, M|\n|poke|p2|Sylveon, F|\n|poke|p2|Hydreigon, M|\n|poke|p2|Corviknight, F|\n|poke|p2|Clodsire, M|\n|poke|p2|Moltres|\n|teampreview\n|\n|t:|1698022010\n|start\n|switch|p1a: Landorus|Landorus-Therian, M|100\/100\n|switch|p2a: Clodsire|Clodsire, M|100\/100\n|-ability|p1a: Landorus|Intimidate|boost\n|-unboost|p2a: Clodsire|atk|1\n|turn|1\n|\n|t:|1698022019\n|move|p1a: Landorus|Taunt|p2a: Clodsire\n|-start|p2a: Clodsire|move: Taunt\n|cant|p2a: Clodsire|move: Taunt|Toxic\n|\n|upkeep\n|turn|2\n|\n|t:|1698022033\n|switch|p2a: Corviknight|Corviknight, F|100\/100\n|-ability|p2a: Corviknight|Pressure\n|move|p1a: Landorus|Swords Dance|p1a: Landorus\n|-boost|p1a: Landorus|atk|2\n|\n|upkeep\n|turn|3\n|\n|t:|1698022050\n|move|p1a: Landorus|U-turn|p2a: Corviknight\n|-resisted|p2a: Corviknight\n|-damage|p2a: Corviknight|92\/100\n|\n|t:|1698022057\n|switch|p1a: Klefki|Klefki, M|100\/100|[from] U-turn\n|move|p2a: Corviknight|U-turn|p1a: Klefki\n|-resisted|p1a: Klefki\n|-damage|p1a: Klefki|98\/100\n|\n|t:|1698022076\n|switch|p2a: Moltres|Moltres|100\/100|[from] U-turn\n|\n|upkeep\n|turn|4\n|\n|t:|1698022119\n|move|p1a: Klefki|Light Screen|p1a: Klefki\n|-sidestart|p1: BemusedOstrich|move: Light Screen\n|move|p2a: Moltres|Overheat|p1a: Klefki\n|-supereffective|p1a: Klefki\n|-damage|p1a: Klefki|0 fnt\n|-unboost|p2a: Moltres|spa|2\n|faint|p1a: Klefki\n|\n|upkeep\n|\n|t:|1698022126\n|switch|p1a: Ursaluna|Ursaluna, M|100\/100\n|turn|5\n|\n|t:|1698022143\n|switch|p2a: Corviknight|Corviknight, F|92\/100\n|-ability|p2a: Corviknight|Pressure\n|move|p1a: Ursaluna|Swords Dance|p1a: Ursaluna\n|-boost|p1a: Ursaluna|atk|2\n|\n|-heal|p2a: Corviknight|99\/100|[from] item: Leftovers\n|-status|p1a: Ursaluna|brn|[from] item: Flame Orb\n|upkeep\n|turn|6\n|\n|t:|1698022207\n|move|p2a: Corviknight|Brave Bird|p1a: Ursaluna\n|-damage|p1a: Ursaluna|74\/100 brn\n|-damage|p2a: Corviknight|88\/100|[from] Recoil\n|move|p1a: Ursaluna|Facade|p2a: Corviknight\n|-resisted|p2a: Corviknight\n|-damage|p2a: Corviknight|19\/100\n|\n|-heal|p2a: Corviknight|26\/100|[from] item: Leftovers\n|-damage|p1a: Ursaluna|68\/100 brn|[from] brn\n|upkeep\n|turn|7\n|\n|t:|1698022291\n|move|p2a: Corviknight|Brave Bird|p1a: Ursaluna\n|-damage|p1a: Ursaluna|39\/100 brn\n|-damage|p2a: Corviknight|15\/100|[from] Recoil\n|move|p1a: Ursaluna|Facade|p2a: Corviknight\n|-resisted|p2a: Corviknight\n|-damage|p2a: Corviknight|0 fnt\n|faint|p2a: Corviknight\n|\n|-damage|p1a: Ursaluna|33\/100 brn|[from] brn\n|upkeep\n|\n|t:|1698022305\n|switch|p2a: Annihilape|Annihilape, M|100\/100\n|turn|8\n|\n|t:|1698022317\n|move|p2a: Annihilape|Drain Punch|p1a: Ursaluna\n|-supereffective|p1a: Ursaluna\n|-damage|p1a: Ursaluna|0 fnt\n|faint|p1a: Ursaluna\n|\n|upkeep\n|\n|t:|1698022354\n|switch|p1a: Landorus|Landorus-Therian, M|100\/100\n|-ability|p1a: Landorus|Intimidate|boost\n|-unboost|p2a: Annihilape|atk|1\n|-ability|p2a: Annihilape|Defiant|boost\n|-boost|p2a: Annihilape|atk|2\n|turn|9\n|\n|t:|1698022403\n|move|p1a: Landorus|Earthquake|p2a: Annihilape\n|-damage|p2a: Annihilape|43\/100\n|move|p2a: Annihilape|Bulk Up|p2a: Annihilape\n|-boost|p2a: Annihilape|atk|1\n|-boost|p2a: Annihilape|def|1\n|\n|-heal|p2a: Annihilape|49\/100|[from] item: Leftovers\n|upkeep\n|turn|10\n|\n|t:|1698022422\n|switch|p2a: Hydreigon|Hydreigon, M|100\/100\n|move|p1a: Landorus|Earthquake|p2a: Hydreigon\n|-immune|p2a: Hydreigon|[from] ability: Levitate\n|\n|upkeep\n|turn|11\n|\n|t:|1698022437\n|move|p1a: Landorus|U-turn|p2a: Hydreigon\n|-supereffective|p2a: Hydreigon\n|-damage|p2a: Hydreigon|41\/100\n|\n|t:|1698022443\n|switch|p1a: Espathra|Espathra, F|100\/100|[from] U-turn\n|move|p2a: Hydreigon|Draco Meteor|p1a: Espathra\n|-damage|p1a: Espathra|28\/100\n|-unboost|p2a: Hydreigon|spa|2\n|\n|-heal|p1a: Espathra|34\/100|[from] item: Leftovers\n|-sideend|p1: BemusedOstrich|move: Light Screen\n|upkeep\n|turn|12\n|\n|t:|1698022478\n|switch|p2a: Clodsire|Clodsire, M|100\/100\n|move|p1a: Espathra|Dazzling Gleam|p2a: Clodsire\n|-resisted|p2a: Clodsire\n|-damage|p2a: Clodsire|95\/100\n|\n|-heal|p1a: Espathra|40\/100|[from] item: Leftovers\n|-heal|p2a: Clodsire|100\/100|[from] item: Leftovers\n|-ability|p1a: Espathra|Speed Boost|boost\n|-boost|p1a: Espathra|spe|1\n|upkeep\n|turn|13\n|\n|t:|1698022494\n|move|p1a: Espathra|Roost|p1a: Espathra\n|-heal|p1a: Espathra|90\/100\n|-singleturn|p1a: Espathra|move: Roost\n|move|p2a: Clodsire|Toxic|p1a: Espathra\n|-status|p1a: Espathra|tox\n|\n|-heal|p1a: Espathra|96\/100 tox|[from] item: Leftovers\n|-damage|p1a: Espathra|90\/100 tox|[from] psn\n|-ability|p1a: Espathra|Speed Boost|boost\n|-boost|p1a: Espathra|spe|1\n|upkeep\n|turn|14\n|\n|t:|1698022505\n|move|p1a: Espathra|Calm Mind|p1a: Espathra\n|-boost|p1a: Espathra|spa|1\n|-boost|p1a: Espathra|spd|1\n|move|p2a: Clodsire|Spikes|p1a: Espathra\n|-sidestart|p1: BemusedOstrich|Spikes\n|\n|-heal|p1a: Espathra|96\/100 tox|[from] item: Leftovers\n|-damage|p1a: Espathra|84\/100 tox|[from] psn\n|-ability|p1a: Espathra|Speed Boost|boost\n|-boost|p1a: Espathra|spe|1\n|upkeep\n|turn|15\n|\n|t:|1698022524\n|move|p1a: Espathra|Stored Power|p2a: Clodsire\n|-supereffective|p2a: Clodsire\n|-damage|p2a: Clodsire|25\/100\n|move|p2a: Clodsire|Earthquake|p1a: Espathra\n|-damage|p1a: Espathra|57\/100 tox\n|\n|-heal|p1a: Espathra|63\/100 tox|[from] item: Leftovers\n|-heal|p2a: Clodsire|31\/100|[from] item: Leftovers\n|-damage|p1a: Espathra|45\/100 tox|[from] psn\n|-ability|p1a: Espathra|Speed Boost|boost\n|-boost|p1a: Espathra|spe|1\n|upkeep\n|turn|16\n|\n|t:|1698022541\n|move|p1a: Espathra|Stored Power|p2a: Clodsire\n|-supereffective|p2a: Clodsire\n|-damage|p2a: Clodsire|0 fnt\n|faint|p2a: Clodsire\n|\n|-heal|p1a: Espathra|51\/100 tox|[from] item: Leftovers\n|-damage|p1a: Espathra|27\/100 tox|[from] psn\n|-ability|p1a: Espathra|Speed Boost|boost\n|-boost|p1a: Espathra|spe|1\n|upkeep\n|\n|t:|1698022555\n|switch|p2a: Hydreigon|Hydreigon, M|41\/100\n|turn|17\n|\n|t:|1698022574\n|move|p1a: Espathra|Dazzling Gleam|p2a: Hydreigon\n|-supereffective|p2a: Hydreigon\n|-damage|p2a: Hydreigon|0 fnt\n|faint|p2a: Hydreigon\n|\n|-heal|p1a: Espathra|33\/100 tox|[from] item: Leftovers\n|-damage|p1a: Espathra|3\/100 tox|[from] psn\n|-ability|p1a: Espathra|Speed Boost|boost\n|-boost|p1a: Espathra|spe|1\n|upkeep\n|\n|t:|1698022594\n|switch|p2a: Sylveon|Sylveon, F|100\/100\n|turn|18\n|\n|t:|1698022612\n|move|p1a: Espathra|Stored Power|p2a: Sylveon\n|-damage|p2a: Sylveon|33\/100\n|move|p2a: Sylveon|Wish|p2a: Sylveon\n|\n|-heal|p1a: Espathra|9\/100 tox|[from] item: Leftovers\n|-damage|p1a: Espathra|0 fnt|[from] psn\n|faint|p1a: Espathra\n|upkeep\n|\n|t:|1698022626\n|switch|p1a: Landorus|Landorus-Therian, M|100\/100\n|-ability|p1a: Landorus|Intimidate|boost\n|-unboost|p2a: Sylveon|atk|1\n|turn|19\n|\n|t:|1698022665\n|move|p2a: Sylveon|Protect|p2a: Sylveon\n|-singleturn|p2a: Sylveon|Protect\n|move|p1a: Landorus|Swords Dance|p1a: Landorus\n|-boost|p1a: Landorus|atk|2\n|\n|-heal|p2a: Sylveon|83\/100|[from] move: Wish|[wisher] Sylveon\n|upkeep\n|turn|20\n|\n|t:|1698022686\n|move|p1a: Landorus|Earthquake|p2a: Sylveon\n|-damage|p2a: Sylveon|0 fnt\n|faint|p2a: Sylveon\n|\n|upkeep\n|\n|t:|1698022696\n|switch|p2a: Moltres|Moltres|100\/100\n|turn|21\n|\n|t:|1698022714\n|move|p1a: Landorus|Taunt|p2a: Moltres\n|-start|p2a: Moltres|move: Taunt\n|cant|p2a: Moltres|move: Taunt|Roar\n|\n|upkeep\n|turn|22\n|\n|t:|1698022721\n|move|p1a: Landorus|Swords Dance|p1a: Landorus\n|-boost|p1a: Landorus|atk|2\n|move|p2a: Moltres|Overheat|p1a: Landorus|[miss]\n|-miss|p2a: Moltres|p1a: Landorus\n|\n|upkeep\n|turn|23\n|\n|t:|1698022736\n|move|p1a: Landorus|Swords Dance|p1a: Landorus\n|-boost|p1a: Landorus|atk|2\n|move|p2a: Moltres|Overheat|p1a: Landorus\n|-damage|p1a: Landorus|0 fnt\n|-unboost|p2a: Moltres|spa|2\n|faint|p1a: Landorus\n|\n|-end|p2a: Moltres|move: Taunt\n|upkeep\n|\n|t:|1698022784\n|switch|p1a: Ditto|Ditto|100\/100\n|-damage|p1a: Ditto|88\/100|[from] Spikes\n|-transform|p1a: Ditto|p2a: Moltres|[from] ability: Imposter\n|turn|24\n|\n|t:|1698022806\n|move|p1a: Ditto|Hurricane|p2a: Moltres|[miss]\n|-miss|p1a: Ditto|p2a: Moltres\n|move|p2a: Moltres|Overheat|p1a: Ditto\n|-resisted|p1a: Ditto\n|-damage|p1a: Ditto|51\/100\n|-unboost|p2a: Moltres|spa|2\n|\n|upkeep\n|turn|25\n|\n|t:|1698022815\n|move|p1a: Ditto|Hurricane|p2a: Moltres|[miss]\n|-miss|p1a: Ditto|p2a: Moltres\n|move|p2a: Moltres|Overheat|p1a: Ditto\n|-resisted|p1a: Ditto\n|-damage|p1a: Ditto|29\/100\n|-unboost|p2a: Moltres|spa|2\n|\n|upkeep\n|turn|26\n|\n|t:|1698022824\n|move|p1a: Ditto|Hurricane|p2a: Moltres\n|-damage|p2a: Moltres|60\/100\n|move|p2a: Moltres|Overheat|p1a: Ditto\n|-resisted|p1a: Ditto\n|-damage|p1a: Ditto|11\/100\n|\n|upkeep\n|turn|27\n|\n|t:|1698022831\n|move|p1a: Ditto|Hurricane|p2a: Moltres|[miss]\n|-miss|p1a: Ditto|p2a: Moltres\n|move|p2a: Moltres|Overheat|p1a: Ditto\n|-resisted|p1a: Ditto\n|-damage|p1a: Ditto|0 fnt\n|faint|p1a: Ditto\n|\n|upkeep\n|\n|t:|1698022838\n|switch|p1a: Kingambit|Kingambit, M|100\/100\n|-damage|p1a: Kingambit|88\/100|[from] Spikes\n|-activate|p1a: Kingambit|ability: Supreme Overlord\n|-start|p1a: Kingambit|fallen5|[silent]\n|turn|28\n|\n|t:|1698022846\n|switch|p2a: Annihilape|Annihilape, M|49\/100\n|move|p1a: Kingambit|Sucker Punch||[still]\n|-fail|p1a: Kingambit\n|\n|-heal|p2a: Annihilape|55\/100|[from] item: Leftovers\n|upkeep\n|turn|29\n|\n|t:|1698022920\n|move|p1a: Kingambit|Sucker Punch|p2a: Annihilape\n|-damage|p2a: Annihilape|0 fnt\n|faint|p2a: Annihilape\n|\n|upkeep\n|\n|t:|1698022925\n|switch|p2a: Moltres|Moltres|60\/100\n|turn|30\n|\n|t:|1698022945\n|move|p2a: Moltres|Overheat|p1a: Kingambit\n|-supereffective|p1a: Kingambit\n|-damage|p1a: Kingambit|0 fnt\n|-unboost|p2a: Moltres|spa|2\n|faint|p1a: Kingambit\n|-end|p1a: Kingambit|fallen5|[silent]\n|\n|win|Bolero8008\n|c|\u2606BemusedOstrich|gg!\n","uploadtime":1698022958,"views":27,"p1id":"bemusedostrich","p2id":"bolero8008","formatid":"gen9anythinggoes","rating":0,"private":0,"password":""}