{"id":"gen9anythinggoes-1986535259","p1":"oOo Spume oOo","p2":"dragonprincess12","format":"[Gen 9] Anything Goes","log":"|j|\u2606oOo Spume oOo\n|j|\u2606dragonprincess12\n|t:|1699489242\n|gametype|singles\n|player|p1|oOo Spume oOo|evelyn|1511\n|player|p2|dragonprincess12|aromalady|1592\n|teamsize|p1|6\n|teamsize|p2|6\n|gen|9\n|tier|[Gen 9] Anything Goes\n|rated|\n|rule|HP Percentage Mod: HP is shown in percentages\n|rule|Endless Battle Clause: Forcing endless battles is banned\n|clearpoke\n|poke|p1|Ditto|\n|poke|p1|Wooper-Paldea, M|\n|poke|p1|Clodsire, M|\n|poke|p1|Arceus|\n|poke|p1|Eternatus|\n|poke|p1|Calyrex-Shadow|\n|poke|p2|Dragonite, F|\n|poke|p2|Milotic, F|\n|poke|p2|Sylveon, F|\n|poke|p2|Leafeon, M|\n|poke|p2|Quagsire, M|\n|poke|p2|Zacian-*|\n|teampreview\n|c|\u2606dragonprincess12|glhf\n|inactive|Battle timer is ON: inactive players will automatically lose when time's up. (requested by dragonprincess12)\n|inactive|oOo Spume oOo also wants the timer to be on.\n|\n|t:|1699489261\n|start\n|switch|p1a: Wooper|Wooper-Paldea, M, shiny|100\/100\n|switch|p2a: Dragonite|Dragonite, F|100\/100\n|turn|1\n|\n|t:|1699489274\n|switch|p2a: Zacian|Zacian-Crowned|100\/100\n|-ability|p2a: Zacian|Intrepid Sword|boost\n|-boost|p2a: Zacian|atk|1\n|move|p1a: Wooper|Toxic Spikes|p2a: Zacian\n|-sidestart|p2: dragonprincess12|move: Toxic Spikes\n|\n|upkeep\n|turn|2\n|\n|t:|1699489286\n|switch|p1a: Clod|Clodsire, M, shiny|100\/100\n|move|p2a: Zacian|Substitute|p2a: Zacian\n|-start|p2a: Zacian|Substitute\n|-damage|p2a: Zacian|76\/100\n|\n|upkeep\n|turn|3\n|\n|t:|1699489301\n|move|p2a: Zacian|Behemoth Blade|p1a: Clod\n|-damage|p1a: Clod|57\/100\n|move|p1a: Clod|Stealth Rock|p2a: Zacian\n|-sidestart|p2: dragonprincess12|move: Stealth Rock\n|\n|-heal|p1a: Clod|63\/100|[from] item: Leftovers\n|upkeep\n|turn|4\n|\n|t:|1699489309\n|move|p2a: Zacian|Behemoth Blade|p1a: Clod\n|-damage|p1a: Clod|21\/100\n|move|p1a: Clod|Recover|p1a: Clod\n|-heal|p1a: Clod|71\/100\n|\n|-heal|p1a: Clod|77\/100|[from] item: Leftovers\n|upkeep\n|turn|5\n|\n|t:|1699489319\n|move|p2a: Zacian|Behemoth Blade|p1a: Clod\n|-damage|p1a: Clod|34\/100\n|move|p1a: Clod|Recover|p1a: Clod\n|-heal|p1a: Clod|84\/100\n|\n|-heal|p1a: Clod|90\/100|[from] item: Leftovers\n|upkeep\n|turn|6\n|\n|t:|1699489330\n|move|p2a: Zacian|Substitute|p2a: Zacian\n|-fail|p2a: Zacian|move: Substitute\n|move|p1a: Clod|Earthquake|p2a: Zacian\n|-supereffective|p2a: Zacian\n|-end|p2a: Zacian|Substitute\n|\n|-heal|p1a: Clod|96\/100|[from] item: Leftovers\n|upkeep\n|turn|7\n|\n|t:|1699489350\n|move|p2a: Zacian|Substitute|p2a: Zacian\n|-start|p2a: Zacian|Substitute\n|-damage|p2a: Zacian|51\/100\n|move|p1a: Clod|Earthquake|p2a: Zacian\n|-supereffective|p2a: Zacian\n|-end|p2a: Zacian|Substitute\n|\n|-heal|p1a: Clod|100\/100|[from] item: Leftovers\n|upkeep\n|turn|8\n|\n|t:|1699489358\n|switch|p2a: Dragonite|Dragonite, F|100\/100\n|move|p1a: Clod|Earthquake|p2a: Dragonite\n|-immune|p2a: Dragonite\n|\n|upkeep\n|turn|9\n|\n|t:|1699489364\n|switch|p1a: Wooper|Wooper-Paldea, M, shiny|100\/100\n|move|p2a: Dragonite|Dragon Dance|p2a: Dragonite\n|-boost|p2a: Dragonite|atk|1\n|-boost|p2a: Dragonite|spe|1\n|\n|upkeep\n|turn|10\n|\n|t:|1699489391\n|move|p2a: Dragonite|Earthquake|p1a: Wooper\n|-supereffective|p1a: Wooper\n|-damage|p1a: Wooper|0 fnt\n|faint|p1a: Wooper\n|\n|upkeep\n|\n|t:|1699489397\n|switch|p1a: Clod|Clodsire, M, shiny|100\/100\n|turn|11\n|\n|t:|1699489400\n|move|p2a: Dragonite|Dragon Dance|p2a: Dragonite\n|-boost|p2a: Dragonite|atk|1\n|-boost|p2a: Dragonite|spe|1\n|move|p1a: Clod|Yawn|p2a: Dragonite\n|-start|p2a: Dragonite|move: Yawn|[of] p1a: Clod\n|\n|upkeep\n|turn|12\n|\n|t:|1699489408\n|move|p2a: Dragonite|Earthquake|p1a: Clod\n|-supereffective|p1a: Clod\n|-damage|p1a: Clod|48\/100\n|move|p1a: Clod|Recover|p1a: Clod\n|-heal|p1a: Clod|98\/100\n|\n|-heal|p1a: Clod|100\/100|[from] item: Leftovers\n|-end|p2a: Dragonite|move: Yawn|[silent]\n|-status|p2a: Dragonite|slp\n|upkeep\n|turn|13\n|\n|t:|1699489417\n|switch|p1a: God ?|Arceus, shiny|100\/100\n|cant|p2a: Dragonite|slp\n|\n|upkeep\n|turn|14\n|\n|t:|1699489422\n|cant|p2a: Dragonite|slp\n|move|p1a: God ?|Roar|p2a: Dragonite\n|drag|p2a: Sylveon|Sylveon, F|100\/100\n|-status|p2a: Sylveon|psn\n|-damage|p2a: Sylveon|88\/100 psn|[from] Stealth Rock\n|\n|-damage|p2a: Sylveon|76\/100 psn|[from] psn\n|upkeep\n|turn|15\n|\n|t:|1699489432\n|move|p1a: God ?|Swords Dance|p1a: God ?\n|-boost|p1a: God ?|atk|2\n|move|p2a: Sylveon|Hyper Voice|p1a: God ?\n|-damage|p1a: God ?|55\/100\n|\n|-heal|p1a: God ?|61\/100|[from] item: Leftovers\n|-damage|p2a: Sylveon|63\/100 psn|[from] psn\n|upkeep\n|turn|16\n|\n|t:|1699489440\n|move|p1a: God ?|Extreme Speed|p2a: Sylveon\n|-damage|p2a: Sylveon|0 fnt\n|faint|p2a: Sylveon\n|\n|-heal|p1a: God ?|67\/100|[from] item: Leftovers\n|upkeep\n|\n|t:|1699489443\n|switch|p2a: Zacian|Zacian-Crowned|51\/100\n|-damage|p2a: Zacian|44\/100|[from] Stealth Rock\n|turn|17\n|\n|t:|1699489452\n|switch|p1a: Clod|Clodsire, M, shiny|100\/100\n|move|p2a: Zacian|Behemoth Blade|p1a: Clod\n|-damage|p1a: Clod|55\/100\n|\n|-heal|p1a: Clod|61\/100|[from] item: Leftovers\n|upkeep\n|turn|18\n|\n|t:|1699489460\n|move|p2a: Zacian|Behemoth Blade|p1a: Clod\n|-damage|p1a: Clod|22\/100\n|move|p1a: Clod|Recover|p1a: Clod\n|-heal|p1a: Clod|72\/100\n|\n|-heal|p1a: Clod|78\/100|[from] item: Leftovers\n|upkeep\n|turn|19\n|\n|t:|1699489471\n|move|p2a: Zacian|Behemoth Blade|p1a: Clod\n|-damage|p1a: Clod|35\/100\n|move|p1a: Clod|Yawn|p2a: Zacian\n|-start|p2a: Zacian|move: Yawn|[of] p1a: Clod\n|\n|-heal|p1a: Clod|41\/100|[from] item: Leftovers\n|upkeep\n|turn|20\n|\n|t:|1699489480\n|move|p2a: Zacian|Behemoth Blade|p1a: Clod\n|-damage|p1a: Clod|3\/100\n|move|p1a: Clod|Earthquake|p2a: Zacian\n|-supereffective|p2a: Zacian\n|-damage|p2a: Zacian|0 fnt\n|faint|p2a: Zacian\n|\n|-heal|p1a: Clod|9\/100|[from] item: Leftovers\n|upkeep\n|\n|t:|1699489487\n|switch|p2a: Dragonite|Dragonite, F|100\/100 slp\n|turn|21\n|\n|t:|1699489496\n|switch|p1a: God ?|Arceus, shiny|67\/100\n|-curestatus|p2a: Dragonite|slp|[msg]\n|move|p2a: Dragonite|Dragon Dance|p2a: Dragonite\n|-boost|p2a: Dragonite|atk|1\n|-boost|p2a: Dragonite|spe|1\n|\n|-heal|p1a: God ?|73\/100|[from] item: Leftovers\n|upkeep\n|turn|22\n|\n|t:|1699489509\n|-terastallize|p2a: Dragonite|Normal\n|move|p2a: Dragonite|Extreme Speed|p1a: God ?\n|-damage|p1a: God ?|31\/100\n|move|p1a: God ?|Roar|p2a: Dragonite\n|drag|p2a: Quagsire|Quagsire, M|100\/100\n|-status|p2a: Quagsire|psn\n|-damage|p2a: Quagsire|94\/100 psn|[from] Stealth Rock\n|\n|-heal|p1a: God ?|37\/100|[from] item: Leftovers\n|-heal|p2a: Quagsire|100\/100 psn|[from] item: Leftovers\n|-damage|p2a: Quagsire|88\/100 psn|[from] psn\n|upkeep\n|turn|23\n|\n|t:|1699489524\n|switch|p1a: Le Grapin|Eternatus, shiny|100\/100\n|-ability|p1a: Le Grapin|Pressure\n|move|p2a: Quagsire|Toxic|p1a: Le Grapin|[miss]\n|-miss|p2a: Quagsire|p1a: Le Grapin\n|\n|-heal|p2a: Quagsire|94\/100 psn|[from] item: Leftovers\n|-damage|p2a: Quagsire|82\/100 psn|[from] psn\n|upkeep\n|turn|24\n|\n|t:|1699489534\n|move|p1a: Le Grapin|Dynamax Cannon|p2a: Quagsire\n|-damage|p2a: Quagsire|14\/100 psn\n|move|p2a: Quagsire|Stealth Rock|p1a: Le Grapin\n|-sidestart|p1: oOo Spume oOo|move: Stealth Rock\n|\n|-heal|p2a: Quagsire|21\/100 psn|[from] item: Leftovers\n|-damage|p2a: Quagsire|8\/100 psn|[from] psn\n|upkeep\n|turn|25\n|j| BlackPearl33\n|\n|t:|1699489545\n|move|p1a: Le Grapin|Dynamax Cannon|p2a: Quagsire\n|-damage|p2a: Quagsire|0 fnt\n|faint|p2a: Quagsire\n|\n|upkeep\n|\n|t:|1699489555\n|switch|p2a: Dragonite|Dragonite, F, tera:Normal|100\/100\n|turn|26\n|\n|t:|1699489565\n|-terastallize|p1a: Le Grapin|Fairy\n|move|p1a: Le Grapin|Sludge Bomb|p2a: Dragonite\n|-damage|p2a: Dragonite|72\/100\n|move|p2a: Dragonite|Dragon Dance|p2a: Dragonite\n|-boost|p2a: Dragonite|atk|1\n|-boost|p2a: Dragonite|spe|1\n|\n|upkeep\n|turn|27\n|\n|t:|1699489580\n|move|p1a: Le Grapin|Dynamax Cannon|p2a: Dragonite\n|-damage|p2a: Dragonite|17\/100\n|move|p2a: Dragonite|Dragon Dance|p2a: Dragonite\n|-boost|p2a: Dragonite|atk|1\n|-boost|p2a: Dragonite|spe|1\n|\n|upkeep\n|turn|28\n|\n|t:|1699489591\n|move|p2a: Dragonite|Extreme Speed|p1a: Le Grapin\n|-damage|p1a: Le Grapin|23\/100\n|move|p1a: Le Grapin|Dynamax Cannon|p2a: Dragonite\n|-damage|p2a: Dragonite|0 fnt\n|faint|p2a: Dragonite\n|\n|-heal|p1a: Le Grapin|29\/100|[from] item: Leftovers\n|upkeep\n|\n|t:|1699489597\n|switch|p2a: Leafeon|Leafeon, M|100\/100\n|-status|p2a: Leafeon|psn\n|-damage|p2a: Leafeon|88\/100 psn|[from] Stealth Rock\n|turn|29\n|\n|t:|1699489604\n|move|p1a: Le Grapin|Sludge Bomb|p2a: Leafeon\n|-supereffective|p2a: Leafeon\n|-crit|p2a: Leafeon\n|-damage|p2a: Leafeon|0 fnt\n|faint|p2a: Leafeon\n|\n|-heal|p1a: Le Grapin|35\/100|[from] item: Leftovers\n|upkeep\n|\n|t:|1699489606\n|switch|p2a: Milotic|Milotic, F|100\/100\n|turn|30\n|l| BlackPearl33\n|\n|t:|1699489621\n|move|p1a: Le Grapin|Sludge Bomb|p2a: Milotic\n|-damage|p2a: Milotic|72\/100\n|-status|p2a: Milotic|psn\n|move|p2a: Milotic|Scald|p1a: Le Grapin\n|-damage|p1a: Le Grapin|11\/100\n|\n|-heal|p1a: Le Grapin|17\/100|[from] item: Leftovers\n|-damage|p2a: Milotic|59\/100 psn|[from] psn\n|upkeep\n|turn|31\n|\n|t:|1699489631\n|move|p1a: Le Grapin|Recover|p1a: Le Grapin\n|-heal|p1a: Le Grapin|67\/100\n|move|p2a: Milotic|Mirror Coat||[still]\n|-fail|p2a: Milotic\n|\n|-heal|p1a: Le Grapin|73\/100|[from] item: Leftovers\n|-damage|p2a: Milotic|47\/100 psn|[from] psn\n|upkeep\n|turn|32\n|-message|dragonprincess12 forfeited.\n|\n|win|oOo Spume oOo\n|raw|oOo Spume oOo's rating: 1511 &rarr; <strong>1537<\/strong><br \/>(+26 for winning)\n|raw|dragonprincess12's rating: 1615 &rarr; <strong>1589<\/strong><br \/>(-26 for losing)\n|l|\u2606dragonprincess12\n","uploadtime":1699489644,"views":4,"p1id":"ooospumeooo","p2id":"dragonprincess12","formatid":"gen9anythinggoes","rating":1537,"private":0,"password":""}