{"id":"gen9anythinggoes-1997705879","p1":"ScizorDaGoat","p2":"CapnTophat","format":"[Gen 9] Anything Goes","log":"|j|\u2606ScizorDaGoat\n|j|\u2606CapnTophat\n|t:|1700843886\n|gametype|singles\n|player|p1|ScizorDaGoat|veteran|1365\n|player|p2|CapnTophat|wallace|1462\n|teamsize|p1|6\n|teamsize|p2|6\n|gen|9\n|tier|[Gen 9] Anything Goes\n|rated|\n|rule|HP Percentage Mod: HP is shown in percentages\n|rule|Endless Battle Clause: Forcing endless battles is banned\n|clearpoke\n|poke|p1|Iron Valiant|\n|poke|p1|Gholdengo|\n|poke|p1|Greninja-*, M|\n|poke|p1|Cinderace, M|\n|poke|p1|Grimmsnarl, M|\n|poke|p1|Dragonite, M|\n|poke|p2|Ursaluna-Bloodmoon, M|\n|poke|p2|Urshifu-*, M|\n|poke|p2|Ting-Lu|\n|poke|p2|Urshifu-*, F|\n|poke|p2|Calyrex-Shadow|\n|poke|p2|Magearna|\n|teampreview\n|inactive|Battle timer is ON: inactive players will automatically lose when time's up. (requested by CapnTophat)\n|inactive|ScizorDaGoat has 120 seconds left.\n|\n|t:|1700843918\n|start\n|switch|p1a: Grimmsnarl|Grimmsnarl, M|100\/100\n|switch|p2a: Mr. Hippo|Ting-Lu|100\/100\n|-ability|p2a: Mr. Hippo|Vessel of Ruin\n|turn|1\n|\n|t:|1700843943\n|move|p1a: Grimmsnarl|Reflect|p1a: Grimmsnarl\n|-sidestart|p1: ScizorDaGoat|Reflect\n|move|p2a: Mr. Hippo|Stealth Rock|p1a: Grimmsnarl\n|-sidestart|p1: ScizorDaGoat|move: Stealth Rock\n|\n|upkeep\n|turn|2\n|\n|t:|1700843968\n|move|p1a: Grimmsnarl|Light Screen|p1a: Grimmsnarl\n|-sidestart|p1: ScizorDaGoat|move: Light Screen\n|move|p2a: Mr. Hippo|Spikes|p1a: Grimmsnarl\n|-sidestart|p1: ScizorDaGoat|Spikes\n|\n|upkeep\n|turn|3\n|\n|t:|1700843971\n|switch|p1a: Iron Valiant|Iron Valiant|100\/100\n|-damage|p1a: Iron Valiant|94\/100|[from] Stealth Rock\n|-damage|p1a: Iron Valiant|82\/100|[from] Spikes\n|-enditem|p1a: Iron Valiant|Booster Energy\n|-activate|p1a: Iron Valiant|ability: Quark Drive|[fromitem]\n|-start|p1a: Iron Valiant|quarkdrivespe\n|move|p2a: Mr. Hippo|Spikes|p1a: Iron Valiant\n|-sidestart|p1: ScizorDaGoat|Spikes\n|\n|upkeep\n|turn|4\n|\n|t:|1700843980\n|move|p1a: Iron Valiant|Swords Dance|p1a: Iron Valiant\n|-boost|p1a: Iron Valiant|atk|2\n|move|p2a: Mr. Hippo|Spikes|p1a: Iron Valiant\n|-sidestart|p1: ScizorDaGoat|Spikes\n|\n|upkeep\n|turn|5\n|\n|t:|1700843985\n|move|p1a: Iron Valiant|Spirit Break|p2a: Mr. Hippo\n|-supereffective|p2a: Mr. Hippo\n|-damage|p2a: Mr. Hippo|33\/100\n|-unboost|p2a: Mr. Hippo|spa|1\n|move|p2a: Mr. Hippo|Ruination|p1a: Iron Valiant\n|-damage|p1a: Iron Valiant|41\/100\n|\n|-heal|p2a: Mr. Hippo|39\/100|[from] item: Leftovers\n|upkeep\n|turn|6\n|\n|t:|1700843993\n|move|p1a: Iron Valiant|Spirit Break|p2a: Mr. Hippo\n|-supereffective|p2a: Mr. Hippo\n|-damage|p2a: Mr. Hippo|0 fnt\n|faint|p2a: Mr. Hippo\n|\n|upkeep\n|\n|t:|1700843994\n|switch|p2a: Scott Cawthon|Calyrex-Shadow|100\/100\n|-ability|p2a: Scott Cawthon|As One\n|-ability|p2a: Scott Cawthon|Unnerve\n|turn|7\n|\n|t:|1700844019\n|move|p2a: Scott Cawthon|Astral Barrage|p1a: Iron Valiant\n|-crit|p1a: Iron Valiant\n|-damage|p1a: Iron Valiant|0 fnt\n|faint|p1a: Iron Valiant\n|-end|p1a: Iron Valiant|Quark Drive|[silent]\n|-ability|p2a: Scott Cawthon|Grim Neigh|boost\n|-boost|p2a: Scott Cawthon|spa|1\n|\n|upkeep\n|inactive|ScizorDaGoat has 120 seconds left.\n|\n|t:|1700844044\n|switch|p1a: Dragonite|Dragonite, M|100\/100\n|turn|8\n|\n|t:|1700844052\n|switch|p2a: Nightmare Fredbear|Ursaluna-Bloodmoon, M|100\/100\n|-terastallize|p1a: Dragonite|Normal\n|move|p1a: Dragonite|Dragon Dance|p1a: Dragonite\n|-boost|p1a: Dragonite|atk|1\n|-boost|p1a: Dragonite|spe|1\n|\n|-sideend|p1: ScizorDaGoat|Reflect\n|upkeep\n|turn|9\n|\n|t:|1700844059\n|-terastallize|p2a: Nightmare Fredbear|Ghost\n|move|p1a: Dragonite|Dragon Dance|p1a: Dragonite\n|-boost|p1a: Dragonite|atk|1\n|-boost|p1a: Dragonite|spe|1\n|move|p2a: Nightmare Fredbear|Calm Mind|p2a: Nightmare Fredbear\n|-boost|p2a: Nightmare Fredbear|spa|1\n|-boost|p2a: Nightmare Fredbear|spd|1\n|\n|-sideend|p1: ScizorDaGoat|move: Light Screen\n|upkeep\n|turn|10\n|\n|t:|1700844071\n|move|p1a: Dragonite|Dragon Dance|p1a: Dragonite\n|-boost|p1a: Dragonite|atk|1\n|-boost|p1a: Dragonite|spe|1\n|move|p2a: Nightmare Fredbear|Blood Moon|p1a: Dragonite\n|-damage|p1a: Dragonite|53\/100\n|\n|upkeep\n|turn|11\n|\n|t:|1700844082\n|move|p2a: Nightmare Fredbear|Vacuum Wave|p1a: Dragonite\n|-supereffective|p1a: Dragonite\n|-damage|p1a: Dragonite|18\/100\n|move|p1a: Dragonite|Earthquake|p2a: Nightmare Fredbear\n|-damage|p2a: Nightmare Fredbear|52\/100\n|\n|-heal|p2a: Nightmare Fredbear|58\/100|[from] item: Leftovers\n|upkeep\n|turn|12\n|\n|t:|1700844090\n|move|p2a: Nightmare Fredbear|Vacuum Wave|p1a: Dragonite\n|-supereffective|p1a: Dragonite\n|-damage|p1a: Dragonite|0 fnt\n|faint|p1a: Dragonite\n|\n|-heal|p2a: Nightmare Fredbear|64\/100|[from] item: Leftovers\n|upkeep\n|\n|t:|1700844095\n|switch|p1a: Cinderace|Cinderace, M|100\/100\n|-damage|p1a: Cinderace|76\/100|[from] Stealth Rock\n|-damage|p1a: Cinderace|51\/100|[from] Spikes\n|turn|13\n|\n|t:|1700844102\n|move|p1a: Cinderace|Sucker Punch|p2a: Nightmare Fredbear\n|-start|p1a: Cinderace|typechange|Dark|[from] ability: Libero\n|-supereffective|p2a: Nightmare Fredbear\n|-damage|p2a: Nightmare Fredbear|9\/100\n|move|p2a: Nightmare Fredbear|Blood Moon|p1a: Cinderace\n|-damage|p1a: Cinderace|0 fnt\n|faint|p1a: Cinderace\n|\n|-heal|p2a: Nightmare Fredbear|15\/100|[from] item: Leftovers\n|upkeep\n|\n|t:|1700844111\n|switch|p1a: Greninja|Greninja, M|100\/100\n|-damage|p1a: Greninja|88\/100|[from] Stealth Rock\n|-damage|p1a: Greninja|63\/100|[from] Spikes\n|turn|14\n|\n|t:|1700844116\n|move|p1a: Greninja|Water Shuriken|p2a: Nightmare Fredbear\n|-damage|p2a: Nightmare Fredbear|10\/100\n|-damage|p2a: Nightmare Fredbear|5\/100\n|-damage|p2a: Nightmare Fredbear|0 fnt\n|faint|p2a: Nightmare Fredbear\n|-ability|p1a: Greninja|Battle Bond|boost\n|-boost|p1a: Greninja|atk|1\n|-boost|p1a: Greninja|spa|1\n|-boost|p1a: Greninja|spe|1\n|-activate|p1a: Greninja|ability: Battle Bond\n|-hitcount|p2: Nightmare Fredbear|3\n|\n|upkeep\n|\n|t:|1700844121\n|switch|p2a: Fitzgerald|Urshifu-Rapid-Strike, F|100\/100\n|turn|15\n|c|\u2606ScizorDaGoat|how to ballance a pokemon\n|\n|t:|1700844129\n|move|p1a: Greninja|Grass Knot|p2a: Fitzgerald\n|-supereffective|p2a: Fitzgerald\n|-damage|p2a: Fitzgerald|0 fnt\n|faint|p2a: Fitzgerald\n|\n|upkeep\n|\n|t:|1700844133\n|switch|p2a: Balls|Magearna|100\/100\n|turn|16\n|\n|t:|1700844139\n|move|p1a: Greninja|Water Shuriken|p2a: Balls\n|-damage|p2a: Balls|96\/100\n|-damage|p2a: Balls|92\/100\n|-damage|p2a: Balls|88\/100\n|-damage|p2a: Balls|83\/100\n|-damage|p2a: Balls|79\/100\n|-hitcount|p2a: Balls|5\n|move|p2a: Balls|Fleur Cannon|p1a: Greninja\n|-supereffective|p1a: Greninja\n|-damage|p1a: Greninja|0 fnt\n|-unboost|p2a: Balls|spa|2\n|faint|p1a: Greninja\n|-ability|p2a: Balls|Soul-Heart|boost\n|-boost|p2a: Balls|spa|1\n|\n|upkeep\n|c|\u2606ScizorDaGoat|step one\n|c|\u2606ScizorDaGoat|oh wait\n|\n|t:|1700844152\n|switch|p1a: Gholdengo|Gholdengo|100\/100\n|-damage|p1a: Gholdengo|94\/100|[from] Stealth Rock\n|-damage|p1a: Gholdengo|70\/100|[from] Spikes\n|turn|17\n|c|\u2606ScizorDaGoat|gamefreak cant\n|-message|ScizorDaGoat forfeited.\n|\n|win|CapnTophat\n|raw|ScizorDaGoat's rating: 1365 &rarr; <strong>1350<\/strong><br \/>(-15 for losing)\n|raw|CapnTophat's rating: 1462 &rarr; <strong>1477<\/strong><br \/>(+15 for winning)\n|l|\u2606ScizorDaGoat\n","uploadtime":1700844183,"views":0,"p1id":"scizordagoat","p2id":"capntophat","formatid":"gen9anythinggoes","rating":1350,"private":0,"password":""}