{"id":"gen9anythinggoes-1979038864","p1":"AuXanthus","p2":"dbuddy42","format":"[Gen 9] Anything Goes","log":"|j|\u2606AuXanthus\n|j|\u2606dbuddy42\n|t:|1698624365\n|gametype|singles\n|player|p1|AuXanthus|plasmagrunt-gen5bw|\n|player|p2|dbuddy42|266|\n|teamsize|p1|6\n|teamsize|p2|6\n|gen|9\n|tier|[Gen 9] Anything Goes\n|rule|HP Percentage Mod: HP is shown in percentages\n|rule|Endless Battle Clause: Forcing endless battles is banned\n|clearpoke\n|poke|p1|Avalugg-Hisui, F|\n|poke|p1|Ursaluna-Bloodmoon, M|\n|poke|p1|Rillaboom, M|\n|poke|p1|Scream Tail|\n|poke|p1|Zapdos-Galar|\n|poke|p1|Iron Bundle|\n|poke|p2|Chi-Yu|\n|poke|p2|Tinkaton, F|\n|poke|p2|Iron Jugulis|\n|poke|p2|Toxapex, M|\n|poke|p2|Ambipom, F|\n|poke|p2|Great Tusk|\n|teampreview\n|c|\u2606AuXanthus|let's give em just a couple min\n|j| Arbucks\n|\n|t:|1698624499\n|start\n|switch|p1a: swooshes|Scream Tail|100\/100\n|switch|p2a: Great Tusk|Great Tusk|100\/100\n|turn|1\n|\n|t:|1698624507\n|-end|p2a: Great Tusk|Protosynthesis|[silent]\n|switch|p2a: Tinkaton|Tinkaton, F|100\/100\n|-ability|p2a: Tinkaton|Mold Breaker\n|move|p1a: swooshes|Stealth Rock|p2a: Tinkaton\n|-sidestart|p2: dbuddy42|move: Stealth Rock\n|\n|upkeep\n|turn|2\n|\n|t:|1698624552\n|move|p1a: swooshes|Protect|p1a: swooshes\n|-singleturn|p1a: swooshes|Protect\n|move|p2a: Tinkaton|Gigaton Hammer|p1a: swooshes\n|-activate|p1a: swooshes|move: Protect\n|\n|upkeep\n|turn|3\n|\n|t:|1698624560\n|move|p2a: Tinkaton|Play Rough|p1a: swooshes\n|-damage|p1a: swooshes|77\/100\n|-unboost|p1a: swooshes|atk|1\n|move|p1a: swooshes|Trick Room|p1a: swooshes\n|-fieldstart|move: Trick Room|[of] p1a: swooshes\n|\n|-heal|p1a: swooshes|83\/100|[from] item: Leftovers\n|upkeep\n|turn|4\n|j| thedusksea\n|\n|t:|1698624663\n|-end|p1a: swooshes|Protosynthesis|[silent]\n|switch|p1a: orbs|Ursaluna-Bloodmoon, M|100\/100\n|move|p2a: Tinkaton|Ice Hammer|p1a: orbs\n|-supereffective|p1a: orbs\n|-damage|p1a: orbs|68\/100\n|-unboost|p2a: Tinkaton|spe|1\n|\n|-heal|p1a: orbs|74\/100|[from] item: Leftovers\n|upkeep\n|turn|5\n|\n|t:|1698624688\n|move|p1a: orbs|Calm Mind|p1a: orbs\n|-boost|p1a: orbs|spa|1\n|-boost|p1a: orbs|spd|1\n|move|p2a: Tinkaton|Gigaton Hammer|p1a: orbs\n|-damage|p1a: orbs|32\/100\n|\n|-heal|p1a: orbs|38\/100|[from] item: Leftovers\n|upkeep\n|turn|6\n|\n|t:|1698624696\n|move|p1a: orbs|Moonlight|p1a: orbs\n|-heal|p1a: orbs|88\/100\n|move|p2a: Tinkaton|Ice Hammer|p1a: orbs\n|-supereffective|p1a: orbs\n|-damage|p1a: orbs|57\/100\n|-unboost|p2a: Tinkaton|spe|1\n|\n|-heal|p1a: orbs|63\/100|[from] item: Leftovers\n|upkeep\n|turn|7\n|\n|t:|1698624707\n|move|p2a: Tinkaton|Gigaton Hammer|p1a: orbs\n|-damage|p1a: orbs|21\/100\n|move|p1a: orbs|Moonlight|p1a: orbs\n|-heal|p1a: orbs|71\/100\n|\n|-heal|p1a: orbs|77\/100|[from] item: Leftovers\n|-fieldend|move: Trick Room\n|upkeep\n|turn|8\n|\n|t:|1698624717\n|move|p1a: orbs|Earth Power|p2a: Tinkaton\n|-supereffective|p2a: Tinkaton\n|-damage|p2a: Tinkaton|9\/100\n|move|p2a: Tinkaton|Ice Hammer|p1a: orbs\n|-supereffective|p1a: orbs\n|-damage|p1a: orbs|46\/100\n|-unboost|p2a: Tinkaton|spe|1\n|\n|-heal|p1a: orbs|52\/100|[from] item: Leftovers\n|upkeep\n|turn|9\n|\n|t:|1698624736\n|move|p1a: orbs|Moonlight|p1a: orbs\n|-heal|p1a: orbs|100\/100\n|move|p2a: Tinkaton|Gigaton Hammer|p1a: orbs\n|-damage|p1a: orbs|60\/100\n|\n|-heal|p1a: orbs|67\/100|[from] item: Leftovers\n|upkeep\n|turn|10\n|\n|t:|1698624745\n|move|p1a: orbs|Earth Power|p2a: Tinkaton\n|-supereffective|p2a: Tinkaton\n|-damage|p2a: Tinkaton|0 fnt\n|faint|p2a: Tinkaton\n|\n|-heal|p1a: orbs|73\/100|[from] item: Leftovers\n|upkeep\n|\n|t:|1698624770\n|switch|p2a: Ambipom|Ambipom, F|100\/100\n|-damage|p2a: Ambipom|88\/100|[from] Stealth Rock\n|turn|11\n|\n|t:|1698624844\n|switch|p1a: shears|Avalugg-Hisui, F|100\/100\n|-terastallize|p2a: Ambipom|Normal\n|move|p2a: Ambipom|Fake Out|p1a: shears\n|-resisted|p1a: shears\n|-damage|p1a: shears|91\/100\n|-damage|p2a: Ambipom|78\/100|[from] item: Life Orb\n|\n|upkeep\n|turn|12\n|\n|t:|1698624862\n|switch|p2a: Toxapex|Toxapex, M|100\/100\n|-damage|p2a: Toxapex|88\/100|[from] Stealth Rock\n|move|p1a: shears|Body Press|p2a: Toxapex\n|-resisted|p2a: Toxapex\n|-damage|p2a: Toxapex|76\/100\n|\n|-heal|p2a: Toxapex|83\/100|[from] item: Black Sludge\n|upkeep\n|turn|13\n|\n|t:|1698624900\n|switch|p1a: hairs|Rillaboom, M|100\/100\n|move|p2a: Toxapex|Surf|p1a: hairs\n|-resisted|p1a: hairs\n|-damage|p1a: hairs|88\/100\n|\n|-heal|p2a: Toxapex|89\/100|[from] item: Black Sludge\n|upkeep\n|turn|14\n|\n|t:|1698624909\n|move|p1a: hairs|Earthquake|p2a: Toxapex\n|-supereffective|p2a: Toxapex\n|-damage|p2a: Toxapex|44\/100\n|move|p2a: Toxapex|Sludge Bomb|p1a: hairs\n|-supereffective|p1a: hairs\n|-damage|p1a: hairs|40\/100\n|-status|p1a: hairs|psn\n|\n|-heal|p2a: Toxapex|50\/100|[from] item: Black Sludge\n|-damage|p1a: hairs|28\/100 psn|[from] psn\n|upkeep\n|turn|15\n|\n|t:|1698624925\n|move|p2a: Toxapex|Baneful Bunker|p2a: Toxapex\n|-singleturn|p2a: Toxapex|move: Protect\n|move|p1a: hairs|Earthquake|p2a: Toxapex\n|-activate|p2a: Toxapex|move: Protect\n|\n|-heal|p2a: Toxapex|57\/100|[from] item: Black Sludge\n|-damage|p1a: hairs|15\/100 psn|[from] psn\n|upkeep\n|turn|16\n|\n|t:|1698624966\n|switch|p1a: swooshes|Scream Tail|83\/100\n|move|p2a: Toxapex|Recover|p2a: Toxapex\n|-heal|p2a: Toxapex|100\/100\n|\n|-heal|p1a: swooshes|89\/100|[from] item: Leftovers\n|upkeep\n|turn|17\n|\n|t:|1698624994\n|move|p1a: swooshes|Wish|p1a: swooshes\n|move|p2a: Toxapex|Sludge Bomb|p1a: swooshes\n|-supereffective|p1a: swooshes\n|-damage|p1a: swooshes|68\/100\n|\n|-heal|p1a: swooshes|74\/100|[from] item: Leftovers\n|upkeep\n|turn|18\n|\n|t:|1698625007\n|switch|p2a: Great Tusk|Great Tusk|100\/100\n|-damage|p2a: Great Tusk|98\/100|[from] Stealth Rock\n|move|p1a: swooshes|Trick Room|p1a: swooshes\n|-fieldstart|move: Trick Room|[of] p1a: swooshes\n|\n|-heal|p1a: swooshes|100\/100|[from] move: Wish|[wisher] swooshes\n|-heal|p2a: Great Tusk|100\/100|[from] item: Leftovers\n|upkeep\n|turn|19\n|\n|t:|1698625043\n|move|p2a: Great Tusk|Ice Spinner|p1a: swooshes\n|-damage|p1a: swooshes|78\/100\n|move|p1a: swooshes|Wish|p1a: swooshes\n|\n|-heal|p1a: swooshes|84\/100|[from] item: Leftovers\n|upkeep\n|turn|20\n|\n|t:|1698625068\n|-end|p1a: swooshes|Protosynthesis|[silent]\n|switch|p1a: shears|Avalugg-Hisui, F|91\/100\n|move|p2a: Great Tusk|Stealth Rock|p1a: shears\n|-sidestart|p1: AuXanthus|move: Stealth Rock\n|\n|-heal|p1a: shears|100\/100|[from] move: Wish|[wisher] swooshes\n|upkeep\n|turn|21\n|\n|t:|1698625076\n|-terastallize|p1a: shears|Ghost\n|move|p1a: shears|Rapid Spin|p2a: Great Tusk\n|-damage|p2a: Great Tusk|92\/100\n|-boost|p1a: shears|spe|1\n|-sideend|p1: AuXanthus|Stealth Rock|[from] move: Rapid Spin|[of] p1a: shears\n|move|p2a: Great Tusk|Rapid Spin|p1a: shears\n|-immune|p1a: shears\n|\n|-heal|p2a: Great Tusk|98\/100|[from] item: Leftovers\n|upkeep\n|turn|22\n|\n|t:|1698625101\n|move|p1a: shears|Body Press|p2a: Great Tusk\n|-damage|p2a: Great Tusk|73\/100\n|move|p2a: Great Tusk|Stealth Rock|p1a: shears\n|-sidestart|p1: AuXanthus|move: Stealth Rock\n|\n|-heal|p2a: Great Tusk|79\/100|[from] item: Leftovers\n|-fieldend|move: Trick Room\n|upkeep\n|turn|23\n|\n|t:|1698625113\n|-end|p2a: Great Tusk|Protosynthesis|[silent]\n|switch|p2a: Chi-Yu|Chi-Yu|100\/100\n|-damage|p2a: Chi-Yu|76\/100|[from] Stealth Rock\n|-ability|p2a: Chi-Yu|Beads of Ruin\n|move|p1a: shears|Rapid Spin|p2a: Chi-Yu\n|-damage|p2a: Chi-Yu|53\/100\n|-boost|p1a: shears|spe|1\n|-sideend|p1: AuXanthus|Stealth Rock|[from] move: Rapid Spin|[of] p1a: shears\n|\n|upkeep\n|turn|24\n|\n|t:|1698625135\n|switch|p1a: hairs|Rillaboom, M|15\/100 psn\n|move|p2a: Chi-Yu|Flamethrower|p1a: hairs\n|-supereffective|p1a: hairs\n|-damage|p1a: hairs|0 fnt\n|faint|p1a: hairs\n|\n|upkeep\n|\n|t:|1698625142\n|switch|p1a: batteries|Iron Bundle|100\/100\n|turn|25\n|\n|t:|1698625177\n|switch|p2a: Toxapex|Toxapex, M|100\/100\n|-damage|p2a: Toxapex|88\/100|[from] Stealth Rock\n|move|p1a: batteries|Hydro Pump|p2a: Toxapex\n|-resisted|p2a: Toxapex\n|-damage|p2a: Toxapex|67\/100\n|\n|-heal|p2a: Toxapex|73\/100|[from] item: Black Sludge\n|upkeep\n|turn|26\n|\n|t:|1698625199\n|move|p1a: batteries|Freeze-Dry|p2a: Toxapex\n|-supereffective|p2a: Toxapex\n|-damage|p2a: Toxapex|9\/100\n|move|p2a: Toxapex|Sludge Bomb|p1a: batteries\n|-damage|p1a: batteries|60\/100\n|\n|-heal|p2a: Toxapex|16\/100|[from] item: Black Sludge\n|upkeep\n|turn|27\n|\n|t:|1698625211\n|move|p1a: batteries|Freeze-Dry|p2a: Toxapex\n|-supereffective|p2a: Toxapex\n|-damage|p2a: Toxapex|0 fnt\n|faint|p2a: Toxapex\n|\n|upkeep\n|\n|t:|1698625224\n|switch|p2a: Chi-Yu|Chi-Yu|53\/100\n|-damage|p2a: Chi-Yu|28\/100|[from] Stealth Rock\n|-ability|p2a: Chi-Yu|Beads of Ruin\n|turn|28\n|\n|t:|1698625235\n|-end|p1a: batteries|Quark Drive|[silent]\n|switch|p1a: swooshes|Scream Tail|84\/100\n|move|p2a: Chi-Yu|Flamethrower|p1a: swooshes\n|-damage|p1a: swooshes|50\/100\n|\n|-heal|p1a: swooshes|56\/100|[from] item: Leftovers\n|upkeep\n|turn|29\n|\n|t:|1698625257\n|move|p2a: Chi-Yu|Flamethrower|p1a: swooshes\n|-damage|p1a: swooshes|25\/100\n|move|p1a: swooshes|Wish|p1a: swooshes\n|\n|-heal|p1a: swooshes|31\/100|[from] item: Leftovers\n|upkeep\n|turn|30\n|\n|t:|1698625265\n|switch|p2a: Ambipom|Ambipom, F, tera:Normal|78\/100\n|-damage|p2a: Ambipom|66\/100|[from] Stealth Rock\n|move|p1a: swooshes|Protect||[still]\n|-fail|p1a: swooshes\n|\n|-heal|p1a: swooshes|81\/100|[from] move: Wish|[wisher] swooshes\n|-heal|p1a: swooshes|88\/100|[from] item: Leftovers\n|upkeep\n|turn|31\n|\n|t:|1698625274\n|move|p1a: swooshes|Protect|p1a: swooshes\n|-singleturn|p1a: swooshes|Protect\n|move|p2a: Ambipom|Fake Out|p1a: swooshes\n|-activate|p1a: swooshes|move: Protect\n|\n|-heal|p1a: swooshes|94\/100|[from] item: Leftovers\n|upkeep\n|turn|32\n|\n|t:|1698625294\n|move|p2a: Ambipom|Last Resort|p1a: swooshes\n|-damage|p1a: swooshes|15\/100\n|-damage|p2a: Ambipom|56\/100|[from] item: Life Orb\n|move|p1a: swooshes|Trick Room|p1a: swooshes\n|-fieldstart|move: Trick Room|[of] p1a: swooshes\n|\n|-heal|p1a: swooshes|21\/100|[from] item: Leftovers\n|upkeep\n|turn|33\n|\n|t:|1698625346\n|switch|p2a: Iron Jugulis|Iron Jugulis|100\/100\n|move|p1a: swooshes|Wish|p1a: swooshes\n|\n|-heal|p1a: swooshes|27\/100|[from] item: Leftovers\n|upkeep\n|turn|34\n|\n|t:|1698625365\n|-end|p1a: swooshes|Protosynthesis|[silent]\n|switch|p1a: spikes|Zapdos-Galar|100\/100\n|move|p2a: Iron Jugulis|Hurricane|p1a: spikes|[miss]\n|-miss|p2a: Iron Jugulis|p1a: spikes\n|\n|upkeep\n|turn|35\n|\n|t:|1698625374\n|move|p1a: spikes|Close Combat|p2a: Iron Jugulis\n|-damage|p2a: Iron Jugulis|2\/100\n|-unboost|p1a: spikes|def|1\n|-unboost|p1a: spikes|spd|1\n|move|p2a: Iron Jugulis|Dark Pulse|p1a: spikes\n|-resisted|p1a: spikes\n|-damage|p1a: spikes|66\/100\n|\n|upkeep\n|turn|36\n|\n|t:|1698625384\n|-end|p2a: Iron Jugulis|Quark Drive|[silent]\n|switch|p2a: Great Tusk|Great Tusk|79\/100\n|-damage|p2a: Great Tusk|76\/100|[from] Stealth Rock\n|move|p1a: spikes|Close Combat|p2a: Great Tusk\n|-crit|p2a: Great Tusk\n|-damage|p2a: Great Tusk|0 fnt\n|-unboost|p1a: spikes|def|1\n|-unboost|p1a: spikes|spd|1\n|faint|p2a: Great Tusk\n|-end|p2a: Great Tusk|Protosynthesis|[silent]\n|\n|-fieldend|move: Trick Room\n|upkeep\n|l| thedusksea\n|\n|t:|1698625396\n|switch|p2a: Ambipom|Ambipom, F, tera:Normal|56\/100\n|-damage|p2a: Ambipom|43\/100|[from] Stealth Rock\n|turn|37\n|\n|t:|1698625408\n|switch|p1a: swooshes|Scream Tail|27\/100\n|move|p2a: Ambipom|Fake Out|p1a: swooshes\n|-damage|p1a: swooshes|0 fnt\n|faint|p1a: swooshes\n|-end|p1a: swooshes|Protosynthesis|[silent]\n|-damage|p2a: Ambipom|33\/100|[from] item: Life Orb\n|\n|upkeep\n|\n|t:|1698625417\n|switch|p1a: shears|Avalugg-Hisui, F, tera:Ghost|100\/100\n|turn|38\n|\n|t:|1698625426\n|switch|p2a: Chi-Yu|Chi-Yu|28\/100\n|-damage|p2a: Chi-Yu|4\/100|[from] Stealth Rock\n|-ability|p2a: Chi-Yu|Beads of Ruin\n|move|p1a: shears|Body Press|p2a: Chi-Yu\n|-supereffective|p2a: Chi-Yu\n|-damage|p2a: Chi-Yu|0 fnt\n|faint|p2a: Chi-Yu\n|\n|upkeep\n|\n|t:|1698625434\n|switch|p2a: Iron Jugulis|Iron Jugulis|2\/100\n|turn|39\n|\n|t:|1698625456\n|switch|p1a: orbs|Ursaluna-Bloodmoon, M|73\/100\n|move|p2a: Iron Jugulis|Hurricane|p1a: orbs\n|-damage|p1a: orbs|9\/100\n|\n|-heal|p1a: orbs|15\/100|[from] item: Leftovers\n|upkeep\n|turn|40\n|\n|t:|1698625465\n|move|p2a: Iron Jugulis|Dark Pulse|p1a: orbs\n|-damage|p1a: orbs|0 fnt\n|faint|p1a: orbs\n|\n|upkeep\n|\n|t:|1698625467\n|switch|p1a: batteries|Iron Bundle|60\/100\n|turn|41\n|\n|t:|1698625475\n|move|p1a: batteries|Freeze-Dry|p2a: Iron Jugulis\n|-supereffective|p2a: Iron Jugulis\n|-damage|p2a: Iron Jugulis|0 fnt\n|faint|p2a: Iron Jugulis\n|-end|p2a: Iron Jugulis|Quark Drive|[silent]\n|\n|upkeep\n|\n|t:|1698625479\n|switch|p2a: Ambipom|Ambipom, F, tera:Normal|33\/100\n|-damage|p2a: Ambipom|21\/100|[from] Stealth Rock\n|turn|42\n|\n|t:|1698625485\n|-end|p1a: batteries|Quark Drive|[silent]\n|switch|p1a: shears|Avalugg-Hisui, F, tera:Ghost|100\/100\n|move|p2a: Ambipom|Fake Out|p1a: shears\n|-immune|p1a: shears\n|\n|upkeep\n|turn|43\n|c|\u2606dbuddy42|gg\n|\n|t:|1698625490\n|move|p2a: Ambipom|Last Resort|p1a: shears\n|-immune|p1a: shears\n|move|p1a: shears|Body Press|p2a: Ambipom\n|-supereffective|p2a: Ambipom\n|-damage|p2a: Ambipom|0 fnt\n|faint|p2a: Ambipom\n|\n|win|AuXanthus\n|c|\u2606AuXanthus|gg\n|c|\u2606AuXanthus|so was that 2 move ambi\n|c|\u2606dbuddy42|yep\n|c|\u2606AuXanthus|that's such a cool set\n|l|\u2606dbuddy42\n|c|\u2606AuXanthus|I was like \"guh what the hell is last resort and why am i dead\" lol\n","uploadtime":1698625520,"views":16,"p1id":"auxanthus","p2id":"dbuddy42","formatid":"gen9anythinggoes","rating":0,"private":0,"password":""}