{"id":"gen9anythinggoes-1987206704","p1":"Dreezy peezy","p2":"BigMommaBadger","format":"[Gen 9] Anything Goes","log":"|j|\u2606Dreezy peezy\n|j|\u2606BigMommaBadger\n|t:|1699565234\n|gametype|singles\n|player|p1|Dreezy peezy|hilda-wonderlauncher|1388\n|player|p2|BigMommaBadger|pokemonrangerf|1313\n|teamsize|p1|6\n|teamsize|p2|6\n|gen|9\n|tier|[Gen 9] Anything Goes\n|rated|\n|rule|HP Percentage Mod: HP is shown in percentages\n|rule|Endless Battle Clause: Forcing endless battles is banned\n|clearpoke\n|poke|p1|Raichu, M|\n|poke|p1|Scizor, M|\n|poke|p1|Walking Wake|\n|poke|p1|Ceruledge, F|\n|poke|p1|Great Tusk|\n|poke|p1|Ogerpon-Cornerstone, F|\n|poke|p2|Meowscarada, M|\n|poke|p2|Skeledirge, M|\n|poke|p2|Quaquaval, M|\n|poke|p2|Scream Tail|\n|poke|p2|Iron Treads|\n|poke|p2|Miraidon|\n|teampreview\n|c|\u2606Dreezy peezy|glhf\n|\n|t:|1699565241\n|start\n|switch|p1a: Ceruledge|Ceruledge, F|100\/100\n|switch|p2a: Clopin|Meowscarada, M, shiny|100\/100\n|turn|1\n|inactive|Battle timer is ON: inactive players will automatically lose when time's up. (requested by Dreezy peezy)\n|c|\u2606BigMommaBadger|glhf\n|\n|t:|1699565247\n|move|p2a: Clopin|Night Slash|p1a: Ceruledge\n|-start|p2a: Clopin|typechange|Dark|[from] ability: Protean\n|-supereffective|p1a: Ceruledge\n|-damage|p1a: Ceruledge|40\/100\n|-ability|p1a: Ceruledge|Weak Armor|boost\n|-unboost|p1a: Ceruledge|def|1\n|-boost|p1a: Ceruledge|spe|2\n|-enditem|p1a: Ceruledge|White Herb\n|-clearnegativeboost|p1a: Ceruledge|[silent]\n|move|p1a: Ceruledge|Bitter Blade|p2a: Clopin\n|-damage|p2a: Clopin|35\/100\n|-heal|p1a: Ceruledge|73\/100|[from] drain|[of] p2a: Clopin\n|\n|upkeep\n|turn|2\n|\n|t:|1699565258\n|move|p1a: Ceruledge|Bitter Blade|p2a: Clopin\n|-damage|p2a: Clopin|0 fnt\n|-heal|p1a: Ceruledge|91\/100|[from] drain|[of] p2a: Clopin\n|faint|p2a: Clopin\n|\n|upkeep\n|\n|t:|1699565261\n|switch|p2a: Sobek|Skeledirge, M, shiny|100\/100\n|turn|3\n|\n|t:|1699565266\n|move|p1a: Ceruledge|Bulk Up|p1a: Ceruledge\n|-boost|p1a: Ceruledge|atk|1\n|-boost|p1a: Ceruledge|def|1\n|move|p2a: Sobek|Sing|p1a: Ceruledge|[miss]\n|-miss|p2a: Sobek|p1a: Ceruledge\n|\n|upkeep\n|turn|4\n|\n|t:|1699565269\n|move|p1a: Ceruledge|Shadow Sneak|p2a: Sobek\n|-supereffective|p2a: Sobek\n|-damage|p2a: Sobek|65\/100\n|move|p2a: Sobek|Sing|p1a: Ceruledge\n|-status|p1a: Ceruledge|slp|[from] move: Sing\n|\n|upkeep\n|turn|5\n|\n|t:|1699565276\n|switch|p1a: Walking Wake|Walking Wake|100\/100\n|-enditem|p1a: Walking Wake|Booster Energy\n|-activate|p1a: Walking Wake|ability: Protosynthesis|[fromitem]\n|-start|p1a: Walking Wake|protosynthesisspa\n|move|p2a: Sobek|Torch Song|p1a: Walking Wake\n|-resisted|p1a: Walking Wake\n|-damage|p1a: Walking Wake|88\/100\n|-boost|p2a: Sobek|spa|1\n|\n|upkeep\n|turn|6\n|\n|t:|1699565279\n|move|p1a: Walking Wake|Hydro Steam|p2a: Sobek\n|-supereffective|p2a: Sobek\n|-damage|p2a: Sobek|0 fnt\n|faint|p2a: Sobek\n|\n|upkeep\n|\n|t:|1699565282\n|switch|p2a: Donald|Quaquaval, M, shiny|100\/100\n|turn|7\n|\n|t:|1699565288\n|move|p1a: Walking Wake|Sunny Day|p1a: Walking Wake\n|-weather|SunnyDay\n|move|p2a: Donald|Ice Spinner|p1a: Walking Wake\n|-damage|p1a: Walking Wake|57\/100\n|\n|-weather|SunnyDay|[upkeep]\n|upkeep\n|turn|8\n|\n|t:|1699565292\n|move|p1a: Walking Wake|Hydro Steam|p2a: Donald\n|-resisted|p2a: Donald\n|-damage|p2a: Donald|48\/100\n|move|p2a: Donald|Ice Spinner|p1a: Walking Wake\n|-damage|p1a: Walking Wake|26\/100\n|\n|-weather|SunnyDay|[upkeep]\n|upkeep\n|turn|9\n|\n|t:|1699565296\n|move|p1a: Walking Wake|Hydro Steam|p2a: Donald\n|-resisted|p2a: Donald\n|-damage|p2a: Donald|0 fnt\n|faint|p2a: Donald\n|\n|-weather|SunnyDay|[upkeep]\n|upkeep\n|\n|t:|1699565299\n|switch|p2a: Kirby|Scream Tail, shiny|100\/100\n|-activate|p2a: Kirby|ability: Protosynthesis\n|-start|p2a: Kirby|protosynthesisspd\n|turn|10\n|\n|t:|1699565307\n|move|p1a: Walking Wake|Hydro Steam|p2a: Kirby\n|-damage|p2a: Kirby|57\/100\n|move|p2a: Kirby|Play Rough|p1a: Walking Wake\n|-supereffective|p1a: Walking Wake\n|-damage|p1a: Walking Wake|0 fnt\n|faint|p1a: Walking Wake\n|-end|p1a: Walking Wake|Protosynthesis|[silent]\n|\n|-weather|SunnyDay|[upkeep]\n|upkeep\n|\n|t:|1699565313\n|switch|p1a: Scizor|Scizor, M|100\/100\n|turn|11\n|\n|t:|1699565316\n|move|p1a: Scizor|Bullet Punch|p2a: Kirby\n|-supereffective|p2a: Kirby\n|-damage|p2a: Kirby|0 fnt\n|faint|p2a: Kirby\n|-end|p2a: Kirby|Protosynthesis|[silent]\n|\n|-weather|none\n|upkeep\n|\n|t:|1699565319\n|switch|p2a: Barbara Manaphy|Iron Treads, shiny|100\/100\n|-enditem|p2a: Barbara Manaphy|Booster Energy\n|-activate|p2a: Barbara Manaphy|ability: Quark Drive|[fromitem]\n|-start|p2a: Barbara Manaphy|quarkdrivespe\n|turn|12\n|\n|t:|1699565323\n|move|p2a: Barbara Manaphy|Earthquake|p1a: Scizor\n|-damage|p1a: Scizor|51\/100\n|move|p1a: Scizor|Swords Dance|p1a: Scizor\n|-boost|p1a: Scizor|atk|2\n|\n|upkeep\n|turn|13\n|\n|t:|1699565327\n|move|p1a: Scizor|Bullet Punch|p2a: Barbara Manaphy\n|-resisted|p2a: Barbara Manaphy\n|-damage|p2a: Barbara Manaphy|65\/100\n|move|p2a: Barbara Manaphy|Earthquake|p1a: Scizor\n|-damage|p1a: Scizor|7\/100\n|\n|upkeep\n|turn|14\n|\n|t:|1699565329\n|move|p1a: Scizor|Bullet Punch|p2a: Barbara Manaphy\n|-resisted|p2a: Barbara Manaphy\n|-damage|p2a: Barbara Manaphy|28\/100\n|move|p2a: Barbara Manaphy|Earthquake|p1a: Scizor\n|-damage|p1a: Scizor|0 fnt\n|faint|p1a: Scizor\n|\n|upkeep\n|\n|t:|1699565332\n|switch|p1a: Raichu|Raichu, M|100\/100\n|turn|15\n|\n|t:|1699565341\n|-terastallize|p1a: Raichu|Grass\n|move|p2a: Barbara Manaphy|Earthquake|p1a: Raichu\n|-resisted|p1a: Raichu\n|-damage|p1a: Raichu|53\/100\n|move|p1a: Raichu|Trailblaze|p2a: Barbara Manaphy\n|-damage|p2a: Barbara Manaphy|0 fnt\n|-boost|p1a: Raichu|spe|1\n|faint|p2a: Barbara Manaphy\n|-end|p2a: Barbara Manaphy|Quark Drive|[silent]\n|\n|upkeep\n|\n|t:|1699565345\n|switch|p2a: Electrolung|Miraidon|100\/100\n|-fieldstart|move: Electric Terrain|[from] ability: Hadron Engine|[of] p2a: Electrolung\n|-enditem|p2a: Electrolung|Electric Seed\n|-boost|p2a: Electrolung|def|1|[from] item: Electric Seed\n|turn|16\n|\n|t:|1699565353\n|switch|p1a: Great Tusk|Great Tusk|100\/100\n|-enditem|p1a: Great Tusk|Booster Energy\n|-activate|p1a: Great Tusk|ability: Protosynthesis|[fromitem]\n|-start|p1a: Great Tusk|protosynthesisatk\n|move|p2a: Electrolung|Dazzling Gleam|p1a: Great Tusk\n|-supereffective|p1a: Great Tusk\n|-damage|p1a: Great Tusk|0 fnt\n|faint|p1a: Great Tusk\n|-end|p1a: Great Tusk|Protosynthesis|[silent]\n|\n|upkeep\n|\n|t:|1699565356\n|switch|p1a: Raichu|Raichu, M, tera:Grass|53\/100\n|turn|17\n|\n|t:|1699565360\n|move|p2a: Electrolung|Dazzling Gleam|p1a: Raichu\n|-damage|p1a: Raichu|0 fnt\n|faint|p1a: Raichu\n|\n|upkeep\n|\n|t:|1699565363\n|switch|p1a: Ogerpon|Ogerpon-Cornerstone, F|100\/100\n|turn|18\n|\n|t:|1699565368\n|move|p2a: Electrolung|Flash Cannon|p1a: Ogerpon\n|-supereffective|p1a: Ogerpon\n|-damage|p1a: Ogerpon|7\/100\n|move|p1a: Ogerpon|Ivy Cudgel|p2a: Electrolung\n|-damage|p2a: Electrolung|58\/100\n|\n|upkeep\n|turn|19\n|\n|t:|1699565373\n|move|p2a: Electrolung|Flash Cannon|p1a: Ogerpon\n|-supereffective|p1a: Ogerpon\n|-damage|p1a: Ogerpon|0 fnt\n|faint|p1a: Ogerpon\n|\n|upkeep\n|\n|t:|1699565375\n|switch|p1a: Ceruledge|Ceruledge, F|91\/100 slp\n|turn|20\n|\n|t:|1699565378\n|cant|p1a: Ceruledge|slp\n|move|p2a: Electrolung|Electro Drift|p1a: Ceruledge\n|-damage|p1a: Ceruledge|0 fnt\n|faint|p1a: Ceruledge\n|\n|win|BigMommaBadger\n|raw|Dreezy peezy's rating: 1388 &rarr; <strong>1364<\/strong><br \/>(-24 for losing)\n|raw|BigMommaBadger's rating: 1313 &rarr; <strong>1337<\/strong><br \/>(+24 for winning)\n|c|\u2606BigMommaBadger|gg\n|c|\u2606Dreezy peezy|gg\n|l|\u2606Dreezy peezy\n","uploadtime":1699565386,"views":4,"p1id":"dreezypeezy","p2id":"bigmommabadger","formatid":"gen9anythinggoes","rating":1337,"private":0,"password":""}