{"id":"gen9anythinggoes-1991824916","p1":"Eriririririririric","p2":"Chazirard feet","format":"[Gen 9] Anything Goes","log":"|j|\u2606Eriririririririric\n|j|\u2606Chazirard feet\n|t:|1700124001\n|gametype|singles\n|player|p1|Eriririririririric|170|\n|player|p2|Chazirard feet|ingo|\n|teamsize|p1|6\n|teamsize|p2|6\n|gen|9\n|tier|[Gen 9] Anything Goes\n|rule|HP Percentage Mod: HP is shown in percentages\n|rule|Endless Battle Clause: Forcing endless battles is banned\n|clearpoke\n|poke|p1|Calyrex-Shadow|\n|poke|p1|Arceus|\n|poke|p1|Zacian-*|\n|poke|p1|Koraidon|\n|poke|p1|Miraidon|\n|poke|p1|Ditto|\n|poke|p2|Ting-Lu|\n|poke|p2|Ditto|\n|poke|p2|Calyrex-Shadow|\n|poke|p2|Miraidon|\n|poke|p2|Koraidon|\n|poke|p2|Zacian-*|\n|teampreview\n|inactive|Battle timer is ON: inactive players will automatically lose when time's up. (requested by Eriririririririric)\n|\n|t:|1700124008\n|start\n|switch|p1a: E-Killer|Arceus|100\/100\n|switch|p2a: Big head|Ting-Lu|100\/100\n|-ability|p2a: Big head|Vessel of Ruin\n|turn|1\n|\n|t:|1700124012\n|move|p1a: E-Killer|Swords Dance|p1a: E-Killer\n|-boost|p1a: E-Killer|atk|2\n|move|p2a: Big head|Stealth Rock|p1a: E-Killer\n|-sidestart|p1: Eriririririririric|move: Stealth Rock\n|\n|upkeep\n|turn|2\n|\n|t:|1700124017\n|move|p1a: E-Killer|Extreme Speed|p2a: Big head\n|-damage|p2a: Big head|67\/100\n|-damage|p1a: E-Killer|84\/100|[from] item: Rocky Helmet|[of] p2a: Big head\n|move|p2a: Big head|Whirlwind|p1a: E-Killer\n|drag|p1a: BetterNotSetUp|Ditto|100\/100\n|-damage|p1a: BetterNotSetUp|88\/100|[from] Stealth Rock\n|-transform|p1a: BetterNotSetUp|p2a: Big head|[from] ability: Imposter\n|-ability|p1a: BetterNotSetUp|Vessel of Ruin\n|\n|upkeep\n|turn|3\n|\n|t:|1700124022\n|move|p1a: BetterNotSetUp|Stealth Rock|p2a: Big head\n|-sidestart|p2: Chazirard feet|move: Stealth Rock\n|move|p2a: Big head|Whirlwind|p1a: BetterNotSetUp\n|drag|p1a: OutSpeed|Koraidon|100\/100\n|-damage|p1a: OutSpeed|94\/100|[from] Stealth Rock\n|-weather|SunnyDay|[from] ability: Orichalcum Pulse|[of] p1a: OutSpeed\n|-activate|p1a: OutSpeed|Orichalcum Pulse|[source]\n|\n|-weather|SunnyDay|[upkeep]\n|upkeep\n|turn|4\n|\n|t:|1700124029\n|move|p1a: OutSpeed|Collision Course|p2a: Big head\n|-supereffective|p2a: Big head\n|-damage|p2a: Big head|0 fnt\n|-damage|p1a: OutSpeed|78\/100|[from] item: Rocky Helmet|[of] p2a: Big head\n|faint|p2a: Big head\n|\n|-weather|SunnyDay|[upkeep]\n|upkeep\n|\n|t:|1700124036\n|switch|p2a: Weirdo|Calyrex-Shadow|100\/100\n|-ability|p2a: Weirdo|As One\n|-ability|p2a: Weirdo|Unnerve\n|-damage|p2a: Weirdo|88\/100|[from] Stealth Rock\n|turn|5\n|\n|t:|1700124040\n|switch|p1a: E-Killer|Arceus|84\/100\n|-damage|p1a: E-Killer|71\/100|[from] Stealth Rock\n|move|p2a: Weirdo|Psychic|p1a: E-Killer\n|-damage|p1a: E-Killer|37\/100\n|\n|-weather|SunnyDay|[upkeep]\n|upkeep\n|turn|6\n|\n|t:|1700124048\n|move|p2a: Weirdo|Giga Drain|p1a: E-Killer\n|-damage|p1a: E-Killer|18\/100\n|-heal|p2a: Weirdo|100\/100|[from] drain|[of] p1a: E-Killer\n|move|p1a: E-Killer|Earthquake|p2a: Weirdo\n|-damage|p2a: Weirdo|58\/100\n|\n|-weather|SunnyDay|[upkeep]\n|upkeep\n|turn|7\n|\n|t:|1700124054\n|move|p2a: Weirdo|Psychic|p1a: E-Killer\n|-damage|p1a: E-Killer|0 fnt\n|faint|p1a: E-Killer\n|-ability|p2a: Weirdo|Grim Neigh|boost\n|-boost|p2a: Weirdo|spa|1\n|\n|-weather|none\n|upkeep\n|\n|t:|1700124058\n|switch|p1a: ShadowHorseRider|Calyrex-Shadow|100\/100\n|-ability|p1a: ShadowHorseRider|As One\n|-ability|p1a: ShadowHorseRider|Unnerve\n|-damage|p1a: ShadowHorseRider|88\/100|[from] Stealth Rock\n|turn|8\n|\n|t:|1700124067\n|-terastallize|p2a: Weirdo|Normal\n|-terastallize|p1a: ShadowHorseRider|Dark\n|move|p1a: ShadowHorseRider|Astral Barrage|p2a: Weirdo\n|-immune|p2a: Weirdo\n|move|p2a: Weirdo|Giga Drain|p1a: ShadowHorseRider\n|-damage|p1a: ShadowHorseRider|38\/100\n|-heal|p2a: Weirdo|83\/100|[from] drain|[of] p1a: ShadowHorseRider\n|\n|upkeep\n|turn|9\n|\n|t:|1700124080\n|switch|p1a: OutSpeed|Koraidon|78\/100\n|-damage|p1a: OutSpeed|72\/100|[from] Stealth Rock\n|-weather|SunnyDay|[from] ability: Orichalcum Pulse|[of] p1a: OutSpeed\n|-activate|p1a: OutSpeed|Orichalcum Pulse|[source]\n|move|p2a: Weirdo|Draining Kiss|p1a: OutSpeed\n|-supereffective|p1a: OutSpeed\n|-damage|p1a: OutSpeed|0 fnt\n|-heal|p2a: Weirdo|100\/100|[from] drain|[of] p1a: OutSpeed\n|faint|p1a: OutSpeed\n|-ability|p2a: Weirdo|Grim Neigh|boost\n|-boost|p2a: Weirdo|spa|1\n|\n|-weather|SunnyDay|[upkeep]\n|upkeep\n|\n|t:|1700124087\n|switch|p1a: BetterNotSetUp|Ditto|88\/100\n|-damage|p1a: BetterNotSetUp|76\/100|[from] Stealth Rock\n|-transform|p1a: BetterNotSetUp|p2a: Weirdo|[from] ability: Imposter\n|-start|p1a: BetterNotSetUp|typechange|Psychic\/Ghost|[silent]\n|turn|10\n|\n|t:|1700124093\n|move|p1a: BetterNotSetUp|Draining Kiss|p2a: Weirdo\n|-damage|p2a: Weirdo|60\/100\n|-heal|p1a: BetterNotSetUp|100\/100|[from] drain|[of] p2a: Weirdo\n|move|p2a: Weirdo|Astral Barrage|p1a: BetterNotSetUp\n|-supereffective|p1a: BetterNotSetUp\n|-damage|p1a: BetterNotSetUp|0 fnt\n|faint|p1a: BetterNotSetUp\n|-ability|p2a: Weirdo|Grim Neigh|boost\n|-boost|p2a: Weirdo|spa|1\n|\n|-weather|SunnyDay|[upkeep]\n|upkeep\n|\n|t:|1700124098\n|switch|p1a: ShadowHorseRider|Calyrex-Shadow, tera:Dark|38\/100\n|-ability|p1a: ShadowHorseRider|As One\n|-ability|p1a: ShadowHorseRider|Unnerve\n|-damage|p1a: ShadowHorseRider|25\/100|[from] Stealth Rock\n|turn|11\n|\n|t:|1700124101\n|move|p1a: ShadowHorseRider|Psychic|p2a: Weirdo\n|-damage|p2a: Weirdo|0 fnt\n|faint|p2a: Weirdo\n|-ability|p1a: ShadowHorseRider|Grim Neigh|boost\n|-boost|p1a: ShadowHorseRider|spa|1\n|\n|-weather|SunnyDay|[upkeep]\n|upkeep\n|\n|t:|1700124108\n|switch|p2a: Dog|Zacian-Crowned|100\/100\n|-damage|p2a: Dog|94\/100|[from] Stealth Rock\n|-ability|p2a: Dog|Intrepid Sword|boost\n|-boost|p2a: Dog|atk|1\n|turn|12\n|\n|t:|1700124111\n|move|p1a: ShadowHorseRider|Psychic|p2a: Dog\n|-resisted|p2a: Dog\n|-damage|p2a: Dog|36\/100\n|move|p2a: Dog|Behemoth Blade|p1a: ShadowHorseRider\n|-damage|p1a: ShadowHorseRider|0 fnt\n|faint|p1a: ShadowHorseRider\n|\n|-weather|SunnyDay|[upkeep]\n|upkeep\n|\n|t:|1700124116\n|switch|p1a: CrownDog|Zacian-Crowned|100\/100\n|-damage|p1a: CrownDog|94\/100|[from] Stealth Rock\n|-ability|p1a: CrownDog|Intrepid Sword|boost\n|-boost|p1a: CrownDog|atk|1\n|turn|13\n|\n|t:|1700124118\n|move|p1a: CrownDog|Behemoth Blade|p2a: Dog\n|-crit|p2a: Dog\n|-damage|p2a: Dog|0 fnt\n|faint|p2a: Dog\n|\n|-weather|none\n|upkeep\n|\n|t:|1700124122\n|switch|p2a: Choice band|Koraidon|100\/100\n|-damage|p2a: Choice band|94\/100|[from] Stealth Rock\n|-weather|SunnyDay|[from] ability: Orichalcum Pulse|[of] p2a: Choice band\n|-activate|p2a: Choice band|Orichalcum Pulse|[source]\n|turn|14\n|\n|t:|1700124126\n|move|p2a: Choice band|Flare Blitz|p1a: CrownDog\n|-supereffective|p1a: CrownDog\n|-damage|p1a: CrownDog|0 fnt\n|faint|p1a: CrownDog\n|-damage|p2a: Choice band|65\/100|[from] Recoil\n|\n|-weather|SunnyDay|[upkeep]\n|upkeep\n|\n|t:|1700124128\n|switch|p1a: imnotfast???|Miraidon|100\/100\n|-damage|p1a: imnotfast???|88\/100|[from] Stealth Rock\n|-fieldstart|move: Electric Terrain|[from] ability: Hadron Engine|[of] p1a: imnotfast???\n|turn|15\n|\n|t:|1700124131\n|switch|p2a: Boots|Miraidon|100\/100\n|-activate|p2a: Boots|ability: Hadron Engine\n|move|p1a: imnotfast???|Dragon Pulse|p2a: Boots\n|-supereffective|p2a: Boots\n|-damage|p2a: Boots|0 fnt\n|faint|p2a: Boots\n|\n|-weather|SunnyDay|[upkeep]\n|-heal|p1a: imnotfast???|94\/100|[from] item: Leftovers\n|upkeep\n|\n|t:|1700124137\n|switch|p2a: Blobby|Ditto|100\/100\n|-damage|p2a: Blobby|88\/100|[from] Stealth Rock\n|-transform|p2a: Blobby|p1a: imnotfast???|[from] ability: Imposter\n|-activate|p2a: Blobby|ability: Hadron Engine\n|turn|16\n|\n|t:|1700124141\n|move|p2a: Blobby|Dragon Pulse|p1a: imnotfast???\n|-supereffective|p1a: imnotfast???\n|-damage|p1a: imnotfast???|0 fnt\n|faint|p1a: imnotfast???\n|\n|win|Chazirard feet\n|l|\u2606Eriririririririric\n|j|\u2606Eriririririririric\n|player|p1|Eriririririririric|170\n","uploadtime":1700124150,"views":11,"p1id":"eriririririririric","p2id":"chazirardfeet","formatid":"gen9anythinggoes","rating":0,"private":0,"password":""}