{"id":"gen9anythinggoes-1981874283","p1":"fleur_forte","p2":"americanboy69","format":"[Gen 9] Anything Goes","log":"|j|\u2606fleur_forte\n|j|\u2606americanboy69\n|t:|1698948170\n|gametype|singles\n|player|p1|fleur_forte|erika|1449\n|player|p2|americanboy69|lucas|1393\n|teamsize|p1|6\n|teamsize|p2|6\n|gen|9\n|tier|[Gen 9] Anything Goes\n|rated|\n|rule|HP Percentage Mod: HP is shown in percentages\n|rule|Endless Battle Clause: Forcing endless battles is banned\n|clearpoke\n|poke|p1|Cinderace, F|\n|poke|p1|Dragonite, M|\n|poke|p1|Sneasler, M|\n|poke|p1|Scovillain, F|\n|poke|p1|Clodsire, M|\n|poke|p1|Gastrodon, F|\n|poke|p2|Calyrex-Shadow|\n|poke|p2|Pawmot, F|\n|poke|p2|Kyogre|\n|poke|p2|Houndstone, F|\n|poke|p2|Zacian-*|\n|poke|p2|Urshifu-*, F|\n|teampreview\n|inactive|Battle timer is ON: inactive players will automatically lose when time's up. (requested by americanboy69)\n|\n|t:|1698948174\n|start\n|switch|p1a: Gastrodon|Gastrodon, F, shiny|100\/100\n|switch|p2a: Urshifu|Urshifu, F|100\/100\n|turn|1\n|\n|t:|1698948179\n|move|p2a: Urshifu|Taunt|p1a: Gastrodon\n|-start|p1a: Gastrodon|move: Taunt\n|cant|p1a: Gastrodon|move: Taunt|Yawn\n|\n|upkeep\n|turn|2\n|\n|t:|1698948183\n|move|p2a: Urshifu|Swords Dance|p2a: Urshifu\n|-boost|p2a: Urshifu|atk|2\n|move|p1a: Gastrodon|Ice Beam|p2a: Urshifu\n|-damage|p2a: Urshifu|70\/100\n|\n|upkeep\n|turn|3\n|\n|t:|1698948188\n|move|p2a: Urshifu|Wicked Blow|p1a: Gastrodon\n|-crit|p1a: Gastrodon\n|-damage|p1a: Gastrodon|0 fnt\n|-damage|p2a: Urshifu|53\/100|[from] item: Rocky Helmet|[of] p1a: Gastrodon\n|faint|p1a: Gastrodon\n|\n|upkeep\n|\n|t:|1698948191\n|switch|p1a: Dragonite|Dragonite, M|100\/100\n|turn|4\n|\n|t:|1698948198\n|move|p1a: Dragonite|Extreme Speed|p2a: Urshifu\n|-damage|p2a: Urshifu|23\/100\n|move|p2a: Urshifu|Wicked Blow|p1a: Dragonite\n|-crit|p1a: Dragonite\n|-damage|p1a: Dragonite|40\/100\n|-damage|p2a: Urshifu|7\/100|[from] item: Rocky Helmet|[of] p1a: Dragonite\n|\n|upkeep\n|turn|5\n|\n|t:|1698948207\n|move|p1a: Dragonite|Extreme Speed|p2a: Urshifu\n|-damage|p2a: Urshifu|0 fnt\n|faint|p2a: Urshifu\n|\n|upkeep\n|\n|t:|1698948212\n|switch|p2a: WANNABE DOG|Zacian-Crowned|100\/100\n|-ability|p2a: WANNABE DOG|Intrepid Sword|boost\n|-boost|p2a: WANNABE DOG|atk|1\n|turn|6\n|\n|t:|1698948215\n|-terastallize|p2a: WANNABE DOG|Fairy\n|move|p1a: Dragonite|Extreme Speed|p2a: WANNABE DOG\n|-damage|p2a: WANNABE DOG|76\/100\n|move|p2a: WANNABE DOG|Play Rough|p1a: Dragonite\n|-supereffective|p1a: Dragonite\n|-damage|p1a: Dragonite|0 fnt\n|-damage|p2a: WANNABE DOG|59\/100|[from] item: Rocky Helmet|[of] p1a: Dragonite\n|faint|p1a: Dragonite\n|\n|upkeep\n|\n|t:|1698948221\n|switch|p1a: Clodsire|Clodsire, M|100\/100\n|turn|7\n|\n|t:|1698948228\n|move|p2a: WANNABE DOG|Swords Dance|p2a: WANNABE DOG\n|-boost|p2a: WANNABE DOG|atk|2\n|move|p1a: Clodsire|Haze|p1a: Clodsire\n|-clearallboost\n|\n|upkeep\n|turn|8\n|\n|t:|1698948233\n|move|p2a: WANNABE DOG|Play Rough|p1a: Clodsire\n|-resisted|p1a: Clodsire\n|-damage|p1a: Clodsire|59\/100\n|move|p1a: Clodsire|Toxic|p2a: WANNABE DOG\n|-status|p2a: WANNABE DOG|tox\n|\n|-heal|p1a: Clodsire|66\/100|[from] item: Leftovers\n|-damage|p2a: WANNABE DOG|53\/100 tox|[from] psn\n|upkeep\n|turn|9\n|\n|t:|1698948237\n|move|p2a: WANNABE DOG|Play Rough|p1a: Clodsire\n|-resisted|p1a: Clodsire\n|-damage|p1a: Clodsire|22\/100\n|move|p1a: Clodsire|Recover|p1a: Clodsire\n|-heal|p1a: Clodsire|72\/100\n|\n|-heal|p1a: Clodsire|78\/100|[from] item: Leftovers\n|-damage|p2a: WANNABE DOG|40\/100 tox|[from] psn\n|upkeep\n|turn|10\n|\n|t:|1698948240\n|move|p2a: WANNABE DOG|Play Rough|p1a: Clodsire\n|-resisted|p1a: Clodsire\n|-damage|p1a: Clodsire|36\/100\n|move|p1a: Clodsire|Recover|p1a: Clodsire\n|-heal|p1a: Clodsire|86\/100\n|\n|-heal|p1a: Clodsire|92\/100|[from] item: Leftovers\n|-damage|p2a: WANNABE DOG|22\/100 tox|[from] psn\n|upkeep\n|turn|11\n|\n|t:|1698948245\n|move|p2a: WANNABE DOG|Brick Break|p1a: Clodsire\n|-resisted|p1a: Clodsire\n|-damage|p1a: Clodsire|76\/100\n|move|p1a: Clodsire|Recover|p1a: Clodsire\n|-heal|p1a: Clodsire|100\/100\n|\n|-damage|p2a: WANNABE DOG|0 fnt|[from] psn\n|faint|p2a: WANNABE DOG\n|upkeep\n|\n|t:|1698948248\n|switch|p2a: FAT WHALE|Kyogre|100\/100\n|-weather|RainDance|[from] ability: Drizzle|[of] p2a: FAT WHALE\n|turn|12\n|\n|t:|1698948253\n|move|p2a: FAT WHALE|Water Spout|p1a: Clodsire\n|-supereffective|p1a: Clodsire\n|-damage|p1a: Clodsire|0 fnt\n|faint|p1a: Clodsire\n|\n|-weather|RainDance|[upkeep]\n|upkeep\n|\n|t:|1698948259\n|switch|p1a: Scovillain|Scovillain, F|100\/100\n|turn|13\n|\n|t:|1698948263\n|move|p1a: Scovillain|Protect|p1a: Scovillain\n|-singleturn|p1a: Scovillain|Protect\n|move|p2a: FAT WHALE|Water Spout|p1a: Scovillain\n|-activate|p1a: Scovillain|move: Protect\n|\n|-weather|RainDance|[upkeep]\n|-ability|p1a: Scovillain|Moody|boost\n|-boost|p1a: Scovillain|atk|2\n|-unboost|p1a: Scovillain|spa|1\n|upkeep\n|turn|14\n|\n|t:|1698948267\n|switch|p1a: Cinderace|Cinderace, F|100\/100\n|move|p2a: FAT WHALE|Water Spout|p1a: Cinderace\n|-supereffective|p1a: Cinderace\n|-damage|p1a: Cinderace|0 fnt\n|faint|p1a: Cinderace\n|\n|-weather|RainDance|[upkeep]\n|upkeep\n|\n|t:|1698948269\n|switch|p1a: Scovillain|Scovillain, F|100\/100\n|turn|15\n|\n|t:|1698948275\n|move|p1a: Scovillain|Protect|p1a: Scovillain\n|-singleturn|p1a: Scovillain|Protect\n|move|p2a: FAT WHALE|Water Spout|p1a: Scovillain\n|-activate|p1a: Scovillain|move: Protect\n|\n|-weather|RainDance|[upkeep]\n|-ability|p1a: Scovillain|Moody|boost\n|-boost|p1a: Scovillain|spe|2\n|-unboost|p1a: Scovillain|def|1\n|upkeep\n|turn|16\n|\n|t:|1698948286\n|switch|p2a: BREAKING BAD|Houndstone, F|100\/100\n|move|p1a: Scovillain|Substitute|p1a: Scovillain\n|-start|p1a: Scovillain|Substitute\n|-damage|p1a: Scovillain|76\/100\n|\n|-weather|none\n|-heal|p1a: Scovillain|82\/100|[from] item: Leftovers\n|-ability|p1a: Scovillain|Moody|boost\n|-boost|p1a: Scovillain|def|2\n|-unboost|p1a: Scovillain|atk|1\n|upkeep\n|turn|17\n|\n|t:|1698948291\n|move|p1a: Scovillain|Leech Seed|p2a: BREAKING BAD\n|-start|p2a: BREAKING BAD|move: Leech Seed\n|move|p2a: BREAKING BAD|Last Respects|p1a: Scovillain\n|-end|p1a: Scovillain|Substitute\n|\n|-heal|p1a: Scovillain|88\/100|[from] item: Leftovers\n|-damage|p2a: BREAKING BAD|88\/100|[from] Leech Seed|[of] p1a: Scovillain\n|-heal|p1a: Scovillain|99\/100|[silent]\n|-ability|p1a: Scovillain|Moody|boost\n|-boost|p1a: Scovillain|spd|2\n|-unboost|p1a: Scovillain|spa|1\n|upkeep\n|turn|18\n|\n|t:|1698948296\n|move|p1a: Scovillain|Protect|p1a: Scovillain\n|-singleturn|p1a: Scovillain|Protect\n|move|p2a: BREAKING BAD|Last Respects|p1a: Scovillain\n|-activate|p1a: Scovillain|move: Protect\n|\n|-heal|p1a: Scovillain|100\/100|[from] item: Leftovers\n|-damage|p2a: BREAKING BAD|76\/100|[from] Leech Seed|[of] p1a: Scovillain\n|-ability|p1a: Scovillain|Moody|boost\n|-boost|p1a: Scovillain|spa|2\n|-unboost|p1a: Scovillain|atk|1\n|upkeep\n|turn|19\n|\n|t:|1698948298\n|-terastallize|p1a: Scovillain|Normal\n|move|p1a: Scovillain|Substitute|p1a: Scovillain\n|-start|p1a: Scovillain|Substitute\n|-damage|p1a: Scovillain|76\/100\n|move|p2a: BREAKING BAD|Last Respects|p1a: Scovillain\n|-immune|p1a: Scovillain\n|\n|-heal|p1a: Scovillain|82\/100|[from] item: Leftovers\n|-damage|p2a: BREAKING BAD|64\/100|[from] Leech Seed|[of] p1a: Scovillain\n|-heal|p1a: Scovillain|94\/100|[silent]\n|-ability|p1a: Scovillain|Moody|boost\n|-boost|p1a: Scovillain|atk|2\n|-unboost|p1a: Scovillain|def|1\n|upkeep\n|turn|20\n|\n|t:|1698948302\n|move|p1a: Scovillain|Protect|p1a: Scovillain\n|-singleturn|p1a: Scovillain|Protect\n|move|p2a: BREAKING BAD|Body Press|p1a: Scovillain\n|-activate|p1a: Scovillain|move: Protect\n|\n|-heal|p1a: Scovillain|99\/100|[from] item: Leftovers\n|-damage|p2a: BREAKING BAD|51\/100|[from] Leech Seed|[of] p1a: Scovillain\n|-heal|p1a: Scovillain|100\/100|[silent]\n|-ability|p1a: Scovillain|Moody|boost\n|-boost|p1a: Scovillain|spd|2\n|-unboost|p1a: Scovillain|def|1\n|upkeep\n|turn|21\n|\n|t:|1698948306\n|move|p1a: Scovillain|Giga Drain|p2a: BREAKING BAD\n|-damage|p2a: BREAKING BAD|0 fnt\n|faint|p2a: BREAKING BAD\n|\n|-ability|p1a: Scovillain|Moody|boost\n|-boost|p1a: Scovillain|spa|2\n|-unboost|p1a: Scovillain|spd|1\n|upkeep\n|\n|t:|1698948312\n|switch|p2a: Emo Kid|Calyrex-Shadow|100\/100\n|-ability|p2a: Emo Kid|As One\n|-ability|p2a: Emo Kid|Unnerve\n|turn|22\n|\n|t:|1698948314\n|move|p1a: Scovillain|Giga Drain|p2a: Emo Kid\n|-damage|p2a: Emo Kid|28\/100\n|move|p2a: Emo Kid|Haze|p2a: Emo Kid\n|-clearallboost\n|\n|-ability|p1a: Scovillain|Moody|boost\n|-boost|p1a: Scovillain|spe|2\n|-unboost|p1a: Scovillain|def|1\n|upkeep\n|turn|23\n|\n|t:|1698948326\n|move|p1a: Scovillain|Giga Drain|p2a: Emo Kid\n|-damage|p2a: Emo Kid|1\/100\n|move|p2a: Emo Kid|Haze|p2a: Emo Kid\n|-clearallboost\n|\n|-ability|p1a: Scovillain|Moody|boost\n|-boost|p1a: Scovillain|atk|2\n|-unboost|p1a: Scovillain|def|1\n|upkeep\n|turn|24\n|\n|t:|1698948332\n|move|p1a: Scovillain|Protect|p1a: Scovillain\n|-singleturn|p1a: Scovillain|Protect\n|move|p2a: Emo Kid|Psyshock|p1a: Scovillain\n|-activate|p1a: Scovillain|move: Protect\n|\n|-ability|p1a: Scovillain|Moody|boost\n|-boost|p1a: Scovillain|def|2\n|-unboost|p1a: Scovillain|atk|1\n|upkeep\n|turn|25\n|\n|t:|1698948339\n|move|p2a: Emo Kid|Draining Kiss|p1a: Scovillain\n|-end|p1a: Scovillain|Substitute\n|-heal|p2a: Emo Kid|17\/100|[from] drain|[of] p1a: Scovillain\n|move|p1a: Scovillain|Substitute|p1a: Scovillain\n|-start|p1a: Scovillain|Substitute\n|-damage|p1a: Scovillain|76\/100\n|\n|-heal|p1a: Scovillain|82\/100|[from] item: Leftovers\n|-ability|p1a: Scovillain|Moody|boost\n|-boost|p1a: Scovillain|atk|2\n|-unboost|p1a: Scovillain|spa|1\n|upkeep\n|turn|26\n|\n|t:|1698948345\n|move|p1a: Scovillain|Protect|p1a: Scovillain\n|-singleturn|p1a: Scovillain|Protect\n|move|p2a: Emo Kid|Draining Kiss|p1a: Scovillain\n|-activate|p1a: Scovillain|move: Protect\n|\n|-heal|p1a: Scovillain|88\/100|[from] item: Leftovers\n|-ability|p1a: Scovillain|Moody|boost\n|-boost|p1a: Scovillain|atk|2\n|-unboost|p1a: Scovillain|spa|1\n|upkeep\n|turn|27\n|\n|t:|1698948348\n|move|p2a: Emo Kid|Haze|p2a: Emo Kid\n|-clearallboost\n|move|p1a: Scovillain|Leech Seed|p2a: Emo Kid\n|-start|p2a: Emo Kid|move: Leech Seed\n|\n|-heal|p1a: Scovillain|94\/100|[from] item: Leftovers\n|-damage|p2a: Emo Kid|5\/100|[from] Leech Seed|[of] p1a: Scovillain\n|-heal|p1a: Scovillain|100\/100|[silent]\n|-ability|p1a: Scovillain|Moody|boost\n|-boost|p1a: Scovillain|spd|2\n|-unboost|p1a: Scovillain|atk|1\n|upkeep\n|turn|28\n|\n|t:|1698948354\n|move|p2a: Emo Kid|Draining Kiss|p1a: Scovillain\n|-activate|p1a: Scovillain|move: Substitute|[damage]\n|-heal|p2a: Emo Kid|15\/100|[from] drain|[of] p1a: Scovillain\n|move|p1a: Scovillain|Giga Drain|p2a: Emo Kid\n|-damage|p2a: Emo Kid|0 fnt\n|faint|p2a: Emo Kid\n|\n|-ability|p1a: Scovillain|Moody|boost\n|-boost|p1a: Scovillain|spd|2\n|-unboost|p1a: Scovillain|def|1\n|upkeep\n|\n|t:|1698948360\n|switch|p2a: Im Random|Pawmot, F|100\/100\n|turn|29\n|\n|t:|1698948363\n|move|p2a: Im Random|Revival Blessing|p2a: Im Random\n|\n|t:|1698948372\n|-heal|p2: WANNABE DOG|50\/100|[from] move: Revival Blessing\n|move|p1a: Scovillain|Leech Seed|p2a: Im Random\n|-start|p2a: Im Random|move: Leech Seed\n|\n|-damage|p2a: Im Random|88\/100|[from] Leech Seed|[of] p1a: Scovillain\n|-ability|p1a: Scovillain|Moody|boost\n|-boost|p1a: Scovillain|spd|2\n|-unboost|p1a: Scovillain|spe|1\n|upkeep\n|turn|30\n|\n|t:|1698948376\n|switch|p2a: WANNABE DOG|Zacian-Crowned|50\/100\n|move|p1a: Scovillain|Giga Drain|p2a: WANNABE DOG\n|-resisted|p2a: WANNABE DOG\n|-crit|p2a: WANNABE DOG\n|-damage|p2a: WANNABE DOG|31\/100\n|\n|-ability|p1a: Scovillain|Moody|boost\n|-boost|p1a: Scovillain|spe|2\n|-unboost|p1a: Scovillain|def|1\n|upkeep\n|turn|31\n|\n|t:|1698948382\n|move|p1a: Scovillain|Protect|p1a: Scovillain\n|-singleturn|p1a: Scovillain|Protect\n|move|p2a: WANNABE DOG|Swords Dance|p2a: WANNABE DOG\n|-boost|p2a: WANNABE DOG|atk|2\n|\n|-ability|p1a: Scovillain|Moody|boost\n|-boost|p1a: Scovillain|spa|2\n|-unboost|p1a: Scovillain|spd|1\n|upkeep\n|turn|32\n|\n|t:|1698948387\n|move|p2a: WANNABE DOG|Play Rough|p1a: Scovillain\n|-end|p1a: Scovillain|Substitute\n|move|p1a: Scovillain|Giga Drain|p2a: WANNABE DOG\n|-resisted|p2a: WANNABE DOG\n|-damage|p2a: WANNABE DOG|4\/100\n|\n|-ability|p1a: Scovillain|Moody|boost\n|-boost|p1a: Scovillain|atk|2\n|-unboost|p1a: Scovillain|spa|1\n|upkeep\n|turn|33\n|\n|t:|1698948391\n|move|p1a: Scovillain|Protect|p1a: Scovillain\n|-singleturn|p1a: Scovillain|Protect\n|move|p2a: WANNABE DOG|Play Rough|p1a: Scovillain\n|-activate|p1a: Scovillain|move: Protect\n|\n|-ability|p1a: Scovillain|Moody|boost\n|-boost|p1a: Scovillain|spa|2\n|-unboost|p1a: Scovillain|atk|1\n|upkeep\n|turn|34\n|\n|t:|1698948397\n|move|p2a: WANNABE DOG|Play Rough|p1a: Scovillain\n|-damage|p1a: Scovillain|0 fnt\n|faint|p1a: Scovillain\n|\n|upkeep\n|\n|t:|1698948400\n|switch|p1a: Sneasler|Sneasler, M, shiny|100\/100\n|turn|35\n|\n|t:|1698948406\n|move|p2a: WANNABE DOG|Play Rough|p1a: Sneasler|[miss]\n|-miss|p2a: WANNABE DOG|p1a: Sneasler\n|move|p1a: Sneasler|Swords Dance|p1a: Sneasler\n|-boost|p1a: Sneasler|atk|2\n|\n|upkeep\n|turn|36\n|\n|t:|1698948414\n|move|p2a: WANNABE DOG|Play Rough|p1a: Sneasler\n|-damage|p1a: Sneasler|0 fnt\n|faint|p1a: Sneasler\n|\n|win|americanboy69\n|raw|fleur_forte's rating: 1449 &rarr; <strong>1426<\/strong><br \/>(-23 for losing)\n|raw|americanboy69's rating: 1393 &rarr; <strong>1416<\/strong><br \/>(+23 for winning)\n|l|\u2606fleur_forte\n","uploadtime":1698948427,"views":4,"p1id":"fleurforte","p2id":"americanboy69","formatid":"gen9anythinggoes","rating":1416,"private":0,"password":""}