{"id":"gen9anythinggoes-1977162490","p1":"Poodawoopa","p2":"Hzozv","format":"[Gen 9] Anything Goes","log":"|j|\u2606Poodawoopa\n|j|\u2606Hzozv\n|t:|1698379290\n|gametype|singles\n|player|p1|Poodawoopa|265|1459\n|player|p2|Hzozv|lusamine-nihilego|1532\n|teamsize|p1|6\n|teamsize|p2|6\n|gen|9\n|tier|[Gen 9] Anything Goes\n|rated|\n|rule|HP Percentage Mod: HP is shown in percentages\n|rule|Endless Battle Clause: Forcing endless battles is banned\n|clearpoke\n|poke|p1|Clodsire, F|\n|poke|p1|Dragapult, M|\n|poke|p1|Zacian-*|\n|poke|p1|Cloyster, M|\n|poke|p1|Miraidon|\n|poke|p1|Donphan, F|\n|poke|p2|Tatsugiri-Droopy, F|\n|poke|p2|Espeon, F|\n|poke|p2|Clefable, F|\n|poke|p2|Drifblim, F|\n|poke|p2|Krookodile, F|\n|poke|p2|Ditto|\n|teampreview\n|inactive|Battle timer is ON: inactive players will automatically lose when time's up. (requested by Hzozv)\n|j| 7.5 inch\n|c| 7.5 inch|hope u will have fun\n|c|\u2606Hzozv|Eh ok\n|\n|t:|1698379314\n|start\n|switch|p1a: Clodsire|Clodsire, F|100\/100\n|switch|p2a: Drifblim|Drifblim, F|100\/100\n|turn|1\n|\n|t:|1698379320\n|move|p2a: Drifblim|Substitute|p2a: Drifblim\n|-start|p2a: Drifblim|Substitute\n|-damage|p2a: Drifblim|76\/100\n|move|p1a: Clodsire|Gunk Shot|p2a: Drifblim|[miss]\n|-miss|p1a: Clodsire|p2a: Drifblim\n|\n|upkeep\n|turn|2\n|\n|t:|1698379327\n|move|p2a: Drifblim|Baton Pass|p2a: Drifblim\n|\n|t:|1698379329\n|switch|p2a: Tatsugiri|Tatsugiri-Droopy, F|100\/100|[from] Baton Pass\n|move|p1a: Clodsire|Gunk Shot|p2a: Tatsugiri\n|-end|p2a: Tatsugiri|Substitute\n|\n|upkeep\n|turn|3\n|\n|t:|1698379340\n|move|p2a: Tatsugiri|Taunt|p1a: Clodsire\n|-start|p1a: Clodsire|move: Taunt\n|move|p1a: Clodsire|Gunk Shot|p2a: Tatsugiri\n|-damage|p2a: Tatsugiri|31\/100\n|-status|p2a: Tatsugiri|psn\n|\n|-heal|p2a: Tatsugiri|38\/100 psn|[from] item: Leftovers\n|-damage|p2a: Tatsugiri|25\/100 psn|[from] psn\n|upkeep\n|turn|4\n|c|\u2606Poodawoopa|Weird strat for sure\n|\n|t:|1698379354\n|move|p2a: Tatsugiri|Baton Pass|p2a: Tatsugiri\n|c|\u2606Hzozv|Yep\n|\n|t:|1698379359\n|switch|p2a: Drifblim|Drifblim, F|76\/100|[from] Baton Pass\n|move|p1a: Clodsire|Earthquake|p2a: Drifblim\n|-immune|p2a: Drifblim\n|\n|upkeep\n|turn|5\n|\n|t:|1698379365\n|move|p2a: Drifblim|Minimize|p2a: Drifblim\n|-boost|p2a: Drifblim|evasion|2\n|move|p1a: Clodsire|Gunk Shot|p2a: Drifblim\n|-resisted|p2a: Drifblim\n|-damage|p2a: Drifblim|54\/100\n|-status|p2a: Drifblim|psn\n|\n|-damage|p2a: Drifblim|41\/100 psn|[from] psn\n|-end|p1a: Clodsire|move: Taunt\n|upkeep\n|-enditem|p2a: Drifblim|Sitrus Berry|[eat]\n|-heal|p2a: Drifblim|66\/100 psn|[from] item: Sitrus Berry\n|turn|6\n|c|\u2606Hzozv|Honestly I kinda don\u2019t know what I\u2019m doing\n|\n|t:|1698379392\n|move|p2a: Drifblim|Substitute|p2a: Drifblim\n|-start|p2a: Drifblim|Substitute\n|-damage|p2a: Drifblim|41\/100 psn\n|move|p1a: Clodsire|Gunk Shot|p2a: Drifblim\n|-resisted|p2a: Drifblim\n|-activate|p2a: Drifblim|move: Substitute|[damage]\n|\n|-damage|p2a: Drifblim|29\/100 psn|[from] psn\n|upkeep\n|turn|7\n|\n|t:|1698379399\n|move|p2a: Drifblim|Strength Sap|p1a: Clodsire\n|-unboost|p1a: Clodsire|atk|1\n|-heal|p2a: Drifblim|83\/100 psn\n|move|p1a: Clodsire|Gunk Shot|p2a: Drifblim|[miss]\n|-miss|p1a: Clodsire|p2a: Drifblim\n|\n|-damage|p2a: Drifblim|71\/100 psn|[from] psn\n|upkeep\n|turn|8\n|\n|t:|1698379408\n|move|p2a: Drifblim|Minimize|p2a: Drifblim\n|-boost|p2a: Drifblim|evasion|2\n|move|p1a: Clodsire|Gunk Shot|p2a: Drifblim\n|-resisted|p2a: Drifblim\n|-end|p2a: Drifblim|Substitute\n|\n|-damage|p2a: Drifblim|59\/100 psn|[from] psn\n|upkeep\n|turn|9\n|\n|t:|1698379416\n|move|p2a: Drifblim|Substitute|p2a: Drifblim\n|-start|p2a: Drifblim|Substitute\n|-damage|p2a: Drifblim|34\/100 psn\n|move|p1a: Clodsire|Gunk Shot|p2a: Drifblim\n|-resisted|p2a: Drifblim\n|-activate|p2a: Drifblim|move: Substitute|[damage]\n|\n|-damage|p2a: Drifblim|21\/100 psn|[from] psn\n|upkeep\n|turn|10\n|\n|t:|1698379425\n|move|p2a: Drifblim|Baton Pass|p2a: Drifblim\n|\n|t:|1698379426\n|switch|p2a: Tatsugiri|Tatsugiri-Droopy, F|25\/100 psn|[from] Baton Pass\n|move|p1a: Clodsire|Earthquake|p2a: Tatsugiri|[miss]\n|-miss|p1a: Clodsire|p2a: Tatsugiri\n|\n|-heal|p2a: Tatsugiri|31\/100 psn|[from] item: Leftovers\n|-damage|p2a: Tatsugiri|19\/100 psn|[from] psn\n|upkeep\n|turn|11\n|\n|t:|1698379437\n|move|p2a: Tatsugiri|Taunt|p1a: Clodsire\n|-start|p1a: Clodsire|move: Taunt\n|move|p1a: Clodsire|Earthquake|p2a: Tatsugiri|[miss]\n|-miss|p1a: Clodsire|p2a: Tatsugiri\n|\n|-heal|p2a: Tatsugiri|25\/100 psn|[from] item: Leftovers\n|-damage|p2a: Tatsugiri|13\/100 psn|[from] psn\n|upkeep\n|turn|12\n|\n|t:|1698379447\n|move|p2a: Tatsugiri|Dragon Dance|p2a: Tatsugiri\n|-boost|p2a: Tatsugiri|atk|1\n|-boost|p2a: Tatsugiri|spe|1\n|move|p1a: Clodsire|Earthquake|p2a: Tatsugiri|[miss]\n|-miss|p1a: Clodsire|p2a: Tatsugiri\n|\n|-heal|p2a: Tatsugiri|19\/100 psn|[from] item: Leftovers\n|-damage|p2a: Tatsugiri|7\/100 psn|[from] psn\n|upkeep\n|turn|13\n|\n|t:|1698379455\n|move|p2a: Tatsugiri|Baton Pass|p2a: Tatsugiri\n|\n|t:|1698379457\n|switch|p2a: Krookodile|Krookodile, F|100\/100|[from] Baton Pass\n|move|p1a: Clodsire|Earthquake|p2a: Krookodile\n|-end|p2a: Krookodile|Substitute\n|\n|-end|p1a: Clodsire|move: Taunt\n|upkeep\n|turn|14\n|\n|t:|1698379466\n|move|p2a: Krookodile|Earthquake|p1a: Clodsire\n|-supereffective|p1a: Clodsire\n|-enditem|p1a: Clodsire|Focus Sash\n|-damage|p1a: Clodsire|1\/100\n|move|p1a: Clodsire|Megahorn|p2a: Krookodile|[miss]\n|-miss|p1a: Clodsire|p2a: Krookodile\n|\n|upkeep\n|turn|15\n|\n|t:|1698379473\n|move|p2a: Krookodile|Earthquake|p1a: Clodsire\n|-supereffective|p1a: Clodsire\n|-crit|p1a: Clodsire\n|-damage|p1a: Clodsire|0 fnt\n|faint|p1a: Clodsire\n|-ability|p2a: Krookodile|Moxie|boost\n|-boost|p2a: Krookodile|atk|1\n|\n|upkeep\n|\n|t:|1698379479\n|switch|p1a: Zacian|Zacian-Crowned|100\/100\n|-ability|p1a: Zacian|Intrepid Sword|boost\n|-boost|p1a: Zacian|atk|1\n|turn|16\n|\n|t:|1698379485\n|move|p2a: Krookodile|Earthquake|p1a: Zacian\n|-supereffective|p1a: Zacian\n|-crit|p1a: Zacian\n|-damage|p1a: Zacian|0 fnt\n|faint|p1a: Zacian\n|-ability|p2a: Krookodile|Moxie|boost\n|-boost|p2a: Krookodile|atk|1\n|\n|upkeep\n|\n|t:|1698379491\n|switch|p1a: Cloyster|Cloyster, M|100\/100\n|turn|17\n|\n|t:|1698379496\n|move|p2a: Krookodile|Taunt|p1a: Cloyster\n|-start|p1a: Cloyster|move: Taunt\n|cant|p1a: Cloyster|move: Taunt|Shell Smash\n|\n|upkeep\n|turn|18\n|\n|t:|1698379503\n|switch|p1a: Donphan|Donphan, F|100\/100\n|-terastallize|p2a: Krookodile|Ghost\n|move|p2a: Krookodile|Earthquake|p1a: Donphan\n|-crit|p1a: Donphan\n|-ability|p1a: Donphan|Sturdy\n|-damage|p1a: Donphan|1\/100\n|\n|upkeep\n|turn|19\n|\n|t:|1698379513\n|move|p2a: Krookodile|Aerial Ace|p1a: Donphan\n|-damage|p1a: Donphan|0 fnt\n|faint|p1a: Donphan\n|-ability|p2a: Krookodile|Moxie|boost\n|-boost|p2a: Krookodile|atk|1\n|\n|upkeep\n|\n|t:|1698379521\n|switch|p1a: Dragapult|Dragapult, M|100\/100\n|turn|20\n|\n|t:|1698379530\n|move|p2a: Krookodile|Power Trip|p1a: Dragapult\n|-supereffective|p1a: Dragapult\n|-crit|p1a: Dragapult\n|-enditem|p1a: Dragapult|Focus Sash\n|-damage|p1a: Dragapult|1\/100\n|move|p1a: Dragapult|Dragon Dance|p1a: Dragapult\n|-boost|p1a: Dragapult|atk|1\n|-boost|p1a: Dragapult|spe|1\n|\n|upkeep\n|turn|21\n|\n|t:|1698379539\n|move|p1a: Dragapult|Phantom Force||[still]\n|-prepare|p1a: Dragapult|Phantom Force\n|move|p2a: Krookodile|Power Trip|p1a: Dragapult|[miss]\n|-miss|p2a: Krookodile|p1a: Dragapult\n|\n|upkeep\n|turn|22\n|\n|t:|1698379544\n|move|p1a: Dragapult|Phantom Force|p2a: Krookodile|[from]lockedmove|[miss]\n|-miss|p1a: Dragapult|p2a: Krookodile\n|move|p2a: Krookodile|Power Trip|p1a: Dragapult\n|-supereffective|p1a: Dragapult\n|-damage|p1a: Dragapult|0 fnt\n|faint|p1a: Dragapult\n|-ability|p2a: Krookodile|Moxie|boost\n|-boost|p2a: Krookodile|atk|1\n|\n|upkeep\n|\n|t:|1698379549\n|switch|p1a: Miraidon|Miraidon|100\/100\n|-fieldstart|move: Electric Terrain|[from] ability: Hadron Engine|[of] p1a: Miraidon\n|turn|23\n|c|\u2606Hzozv|Is it a gg ? :D\n|\n|t:|1698379563\n|-terastallize|p1a: Miraidon|Electric\n|move|p2a: Krookodile|Power Trip|p1a: Miraidon\n|-enditem|p1a: Miraidon|Focus Sash\n|-damage|p1a: Miraidon|1\/100\n|move|p1a: Miraidon|Electro Drift|p2a: Krookodile|[miss]\n|-miss|p1a: Miraidon|p2a: Krookodile\n|\n|upkeep\n|turn|24\n|\n|t:|1698379573\n|move|p2a: Krookodile|Aerial Ace|p1a: Miraidon\n|-resisted|p1a: Miraidon\n|-damage|p1a: Miraidon|0 fnt\n|faint|p1a: Miraidon\n|-ability|p2a: Krookodile|Moxie|boost\n|-boost|p2a: Krookodile|atk|1\n|\n|upkeep\n|\n|t:|1698379576\n|switch|p1a: Cloyster|Cloyster, M|100\/100\n|turn|25\n|\n|t:|1698379581\n|move|p2a: Krookodile|Taunt|p1a: Cloyster\n|-start|p1a: Cloyster|move: Taunt\n|cant|p1a: Cloyster|move: Taunt|Shell Smash\n|\n|upkeep\n|turn|26\n|\n|t:|1698379585\n|move|p2a: Krookodile|Earthquake|p1a: Cloyster\n|-enditem|p1a: Cloyster|Focus Sash\n|-damage|p1a: Cloyster|1\/100\n|move|p1a: Cloyster|Icicle Spear|p2a: Krookodile|[miss]\n|-miss|p1a: Cloyster|p2a: Krookodile\n|\n|upkeep\n|turn|27\n|c| 7.5 inch|destroyed\n|c|\u2606Hzozv|Yayyyyy\n|\n|t:|1698379594\n|move|p2a: Krookodile|Power Trip|p1a: Cloyster\n|-damage|p1a: Cloyster|0 fnt\n|faint|p1a: Cloyster\n|\n|win|Hzozv\n|raw|Poodawoopa's rating: 1459 &rarr; <strong>1443<\/strong><br \/>(-16 for losing)\n|raw|Hzozv's rating: 1532 &rarr; <strong>1548<\/strong><br \/>(+16 for winning)\n|l|\u2606Poodawoopa\n|c| 7.5 inch|nicely done\n|c|\u2606Hzozv|Thx\n","uploadtime":1698379623,"views":6,"p1id":"poodawoopa","p2id":"hzozv","formatid":"gen9anythinggoes","rating":1443,"private":0,"password":""}