{"id":"gen9anythinggoes-1975100639","p1":"Auby69","p2":"Poyo09t","format":"[Gen 9] Anything Goes","log":"|j|\u2606Auby69\n|j|\u2606Poyo09t\n|t:|1698161934\n|gametype|singles\n|player|p1|Auby69|lady|\n|player|p2|Poyo09t|unknown|\n|teamsize|p1|6\n|teamsize|p2|6\n|gen|9\n|tier|[Gen 9] Anything Goes\n|rule|HP Percentage Mod: HP is shown in percentages\n|rule|Endless Battle Clause: Forcing endless battles is banned\n|clearpoke\n|poke|p1|Meowscarada, M|\n|poke|p1|Iron Moth|\n|poke|p1|Gholdengo|\n|poke|p1|Great Tusk|\n|poke|p1|Iron Jugulis|\n|poke|p1|Kingambit, F|\n|poke|p2|Meowscarada, F|\n|poke|p2|Annihilape, M|\n|poke|p2|Ogerpon-Wellspring, F|\n|poke|p2|Kingambit, M|\n|poke|p2|Corviknight, F|\n|poke|p2|Iron Valiant|\n|teampreview\n|\n|t:|1698161948\n|start\n|switch|p1a: Meowscarada|Meowscarada, M|100\/100\n|switch|p2a: Iron Valiant|Iron Valiant|100\/100\n|-enditem|p2a: Iron Valiant|Booster Energy\n|-activate|p2a: Iron Valiant|ability: Quark Drive|[fromitem]\n|-start|p2a: Iron Valiant|quarkdrivespe\n|turn|1\n|\n|t:|1698161962\n|move|p2a: Iron Valiant|Aura Sphere|p1a: Meowscarada\n|-supereffective|p1a: Meowscarada\n|-enditem|p1a: Meowscarada|Focus Sash\n|-damage|p1a: Meowscarada|1\/100\n|move|p1a: Meowscarada|Spikes|p2a: Iron Valiant\n|-sidestart|p2: Poyo09t|Spikes\n|\n|upkeep\n|turn|2\n|c|\u2606Poyo09t|oh i thought i attacked\n|c|\u2606Auby69|nope\n|\n|t:|1698162013\n|move|p2a: Iron Valiant|Aura Sphere|p1a: Meowscarada\n|-supereffective|p1a: Meowscarada\n|-damage|p1a: Meowscarada|0 fnt\n|faint|p1a: Meowscarada\n|\n|upkeep\n|\n|t:|1698162041\n|switch|p1a: Iron Moth|Iron Moth|100\/100\n|-enditem|p1a: Iron Moth|Booster Energy\n|-activate|p1a: Iron Moth|ability: Quark Drive|[fromitem]\n|-start|p1a: Iron Moth|quarkdrivespa\n|turn|3\n|\n|t:|1698162048\n|-end|p2a: Iron Valiant|Quark Drive|[silent]\n|switch|p2a: Ogerpon|Ogerpon-Wellspring, F|100\/100\n|-damage|p2a: Ogerpon|88\/100|[from] Spikes\n|move|p1a: Iron Moth|Agility|p1a: Iron Moth\n|-boost|p1a: Iron Moth|spe|2\n|\n|upkeep\n|turn|4\n|\n|t:|1698162068\n|-terastallize|p1a: Iron Moth|Fairy\n|-terastallize|p2a: Ogerpon|Water\n|detailschange|p2a: Ogerpon|Ogerpon-Wellspring-Tera, F, tera:Water\n|-ability|p2a: Ogerpon|Embody Aspect (Wellspring)|boost\n|-boost|p2a: Ogerpon|spd|1\n|move|p1a: Iron Moth|Psychic|p2a: Ogerpon\n|-damage|p2a: Ogerpon|68\/100\n|move|p2a: Ogerpon|Ivy Cudgel|p1a: Iron Moth\n|-damage|p1a: Iron Moth|0 fnt\n|faint|p1a: Iron Moth\n|-end|p1a: Iron Moth|Quark Drive|[silent]\n|\n|upkeep\n|c|\u2606Poyo09t|oh\n|c|\u2606Poyo09t|nvm\n|c|\u2606Poyo09t|victory\n|c|\u2606Auby69|why tf did it kill\n|c|\u2606Poyo09t|idk\n|\n|t:|1698162141\n|switch|p1a: Gholdengo|Gholdengo|100\/100\n|turn|5\n|c|\u2606Poyo09t|uh\n|c|\u2606Poyo09t|already forgot what he does\n|c|\u2606Auby69|not much\n|c|\u2606Poyo09t|!weakness Gholdengo\n|c|!Poyo09t|\/raw <div class=\"infobox\">Gholdengo (ignoring abilities):<br \/><span class=\"message-effect-weak\">Weaknesses<\/span>: Dark, Fire, Ghost, Ground<br \/><span class=\"message-effect-resist\">Resistances<\/span>: <b>Bug<\/b>, Dragon, Fairy, Flying, Grass, Ice, Psychic, Rock, Steel<br \/><span class=\"message-effect-immune\">Immunities<\/span>: Fighting, Normal, Poison, Sandstorm damage, Toxic, Trapping<\/div>\n|\n|t:|1698162214\n|move|p1a: Gholdengo|Shadow Ball|p2a: Ogerpon\n|-damage|p2a: Ogerpon|48\/100\n|move|p2a: Ogerpon|Ivy Cudgel|p1a: Gholdengo\n|-damage|p1a: Gholdengo|33\/100\n|\n|upkeep\n|turn|6\n|\n|t:|1698162242\n|move|p1a: Gholdengo|Recover|p1a: Gholdengo\n|-heal|p1a: Gholdengo|83\/100\n|move|p2a: Ogerpon|Ivy Cudgel|p1a: Gholdengo\n|-damage|p1a: Gholdengo|10\/100\n|\n|upkeep\n|turn|7\n|c|\u2606Poyo09t|good thing i kept iusing the same thing\n|\n|t:|1698162262\n|move|p1a: Gholdengo|Make It Rain|p2a: Ogerpon\n|-resisted|p2a: Ogerpon\n|-damage|p2a: Ogerpon|33\/100\n|-unboost|p1a: Gholdengo|spa|1\n|-enditem|p1a: Gholdengo|Eject Pack\n|\n|t:|1698162275\n|switch|p1a: Iron Jugulis|Iron Jugulis|100\/100\n|-enditem|p1a: Iron Jugulis|Booster Energy\n|-activate|p1a: Iron Jugulis|ability: Quark Drive|[fromitem]\n|-start|p1a: Iron Jugulis|quarkdrivespe\n|move|p2a: Ogerpon|Ivy Cudgel|p1a: Iron Jugulis\n|-damage|p1a: Iron Jugulis|27\/100\n|\n|upkeep\n|turn|8\n|c|\u2606Poyo09t|how\n|c|\u2606Poyo09t|this shit is ip\n|c|\u2606Poyo09t|op\n|\n|t:|1698162299\n|move|p1a: Iron Jugulis|Hurricane|p2a: Ogerpon\n|-damage|p2a: Ogerpon|7\/100\n|-start|p2a: Ogerpon|confusion\n|-activate|p2a: Ogerpon|confusion\n|-damage|p2a: Ogerpon|0 fnt|[from] confusion\n|faint|p2a: Ogerpon\n|\n|upkeep\n|c|\u2606Poyo09t|of course\n|c|\u2606Auby69|iron jugglenuts is\n|c|\u2606Auby69|NOT enough for me\n|\n|t:|1698162328\n|switch|p2a: Iron Valiant|Iron Valiant|100\/100\n|-damage|p2a: Iron Valiant|88\/100|[from] Spikes\n|turn|9\n|\n|t:|1698162342\n|move|p1a: Iron Jugulis|Hurricane|p2a: Iron Valiant\n|-supereffective|p2a: Iron Valiant\n|-damage|p2a: Iron Valiant|0 fnt\n|faint|p2a: Iron Valiant\n|-end|p2a: Iron Valiant|Quark Drive|[silent]\n|\n|upkeep\n|c|\u2606Poyo09t|of course\n|\n|t:|1698162365\n|switch|p2a: Corviknight|Corviknight, F|100\/100\n|turn|10\n|\n|t:|1698162379\n|move|p1a: Iron Jugulis|Fire Blast|p2a: Corviknight|[miss]\n|-miss|p1a: Iron Jugulis|p2a: Corviknight\n|move|p2a: Corviknight|Iron Head|p1a: Iron Jugulis\n|-damage|p1a: Iron Jugulis|0 fnt\n|faint|p1a: Iron Jugulis\n|-end|p1a: Iron Jugulis|Quark Drive|[silent]\n|\n|upkeep\n|c|\u2606Poyo09t|finally\n|c|\u2606Poyo09t|some luck\n|c|\u2606Poyo09t|for the cuban\n|\n|t:|1698162403\n|switch|p1a: Great Tusk|Great Tusk|100\/100\n|turn|11\n|c|\u2606Poyo09t|!weakness great tusk\n|c|!Poyo09t|\/raw <div class=\"infobox\">Great Tusk (ignoring abilities):<br \/><span class=\"message-effect-weak\">Weaknesses<\/span>: Fairy, Flying, Grass, Ice, Psychic, Water<br \/><span class=\"message-effect-resist\">Resistances<\/span>: Bug, Dark, Poison, <b>Rock<\/b><br \/><span class=\"message-effect-immune\">Immunities<\/span>: Electric, Sandstorm damage<\/div>\n|\n|t:|1698162427\n|move|p1a: Great Tusk|Close Combat|p2a: Corviknight\n|-damage|p2a: Corviknight|45\/100\n|-unboost|p1a: Great Tusk|def|1\n|-unboost|p1a: Great Tusk|spd|1\n|-enditem|p1a: Great Tusk|Eject Pack\n|c|\u2606Poyo09t|well\n|\n|t:|1698162437\n|-end|p1a: Great Tusk|Protosynthesis|[silent]\n|switch|p1a: Gholdengo|Gholdengo|10\/100\n|move|p2a: Corviknight|Iron Head|p1a: Gholdengo\n|-resisted|p1a: Gholdengo\n|-damage|p1a: Gholdengo|0 fnt\n|faint|p1a: Gholdengo\n|\n|upkeep\n|\n|t:|1698162444\n|switch|p1a: Great Tusk|Great Tusk|100\/100\n|turn|12\n|c|\u2606Poyo09t|thats\n|\n|t:|1698162450\n|move|p1a: Great Tusk|Close Combat|p2a: Corviknight\n|-damage|p2a: Corviknight|0 fnt\n|-unboost|p1a: Great Tusk|def|1\n|-unboost|p1a: Great Tusk|spd|1\n|faint|p2a: Corviknight\n|\n|upkeep\n|c|\u2606Poyo09t|unfair\n|c|\u2606Auby69|did you miss him?\n|\n|t:|1698162464\n|switch|p2a: Annihilape|Annihilape, M|100\/100\n|-damage|p2a: Annihilape|88\/100|[from] Spikes\n|turn|13\n|c|\u2606Poyo09t|wait\n|c|\u2606Poyo09t|why didnt he switch\n|c|\u2606Poyo09t|again\n|\n|t:|1698162489\n|move|p2a: Annihilape|Ice Punch|p1a: Great Tusk\n|-supereffective|p1a: Great Tusk\n|-damage|p1a: Great Tusk|39\/100\n|move|p1a: Great Tusk|Headlong Rush|p2a: Annihilape\n|-damage|p2a: Annihilape|16\/100\n|-unboost|p1a: Great Tusk|def|1\n|-unboost|p1a: Great Tusk|spd|1\n|\n|upkeep\n|turn|14\n|\n|t:|1698162500\n|move|p2a: Annihilape|Ice Punch|p1a: Great Tusk\n|-supereffective|p1a: Great Tusk\n|-damage|p1a: Great Tusk|0 fnt\n|faint|p1a: Great Tusk\n|-end|p1a: Great Tusk|Protosynthesis|[silent]\n|\n|upkeep\n|\n|t:|1698162505\n|switch|p1a: if you do...|Kingambit, F|100\/100\n|-activate|p1a: if you do...|ability: Supreme Overlord\n|-start|p1a: if you do...|fallen5|[silent]\n|turn|15\n|c|\u2606Poyo09t|if you do...\n|\n|t:|1698162539\n|switch|p2a: Kingambit|Kingambit, M|100\/100\n|-damage|p2a: Kingambit|88\/100|[from] Spikes\n|-activate|p2a: Kingambit|ability: Supreme Overlord\n|-start|p2a: Kingambit|fallen3|[silent]\n|move|p1a: if you do...|Sucker Punch||[still]\n|-fail|p1a: if you do...\n|\n|-heal|p2a: Kingambit|94\/100|[from] item: Leftovers\n|upkeep\n|turn|16\n|c|\u2606Poyo09t|!weakness kingambit\n|c|!Poyo09t|\/raw <div class=\"infobox\">Kingambit (ignoring abilities):<br \/><span class=\"message-effect-weak\">Weaknesses<\/span>: <b>Fighting<\/b>, Fire, Ground<br \/><span class=\"message-effect-resist\">Resistances<\/span>: Dark, Dragon, Flying, Ghost, Grass, Ice, Normal, Rock, Steel<br \/><span class=\"message-effect-immune\">Immunities<\/span>: Poison, Psychic, Prankster, Sandstorm damage, Toxic<\/div>\n|c|\u2606Poyo09t|unfortunate\n|\n|t:|1698162576\n|move|p1a: if you do...|Swords Dance|p1a: if you do...\n|-boost|p1a: if you do...|atk|2\n|move|p2a: Kingambit|Kowtow Cleave|p1a: if you do...\n|-resisted|p1a: if you do...\n|-damage|p1a: if you do...|71\/100\n|\n|-heal|p2a: Kingambit|100\/100|[from] item: Leftovers\n|upkeep\n|turn|17\n|c|\u2606Poyo09t|oh yeah\n|c|\u2606Poyo09t|shouldve done that\n|\n|t:|1698162599\n|move|p1a: if you do...|Swords Dance|p1a: if you do...\n|-boost|p1a: if you do...|atk|2\n|move|p2a: Kingambit|Swords Dance|p2a: Kingambit\n|-boost|p2a: Kingambit|atk|2\n|\n|upkeep\n|turn|18\n|\n|t:|1698162616\n|move|p1a: if you do...|Iron Head|p2a: Kingambit\n|-resisted|p2a: Kingambit\n|-damage|p2a: Kingambit|20\/100\n|cant|p2a: Kingambit|flinch\n|\n|-heal|p2a: Kingambit|26\/100|[from] item: Leftovers\n|upkeep\n|turn|19\n|c|\u2606Poyo09t|why god\n|\n|t:|1698162626\n|move|p2a: Kingambit|Sucker Punch|p1a: if you do...\n|-resisted|p1a: if you do...\n|-crit|p1a: if you do...\n|-damage|p1a: if you do...|4\/100\n|move|p1a: if you do...|Kowtow Cleave|p2a: Kingambit\n|-resisted|p2a: Kingambit\n|-damage|p2a: Kingambit|0 fnt\n|faint|p2a: Kingambit\n|-end|p2a: Kingambit|fallen3|[silent]\n|\n|upkeep\n|\n|t:|1698162634\n|switch|p2a: Meowscarada|Meowscarada, F|100\/100\n|-damage|p2a: Meowscarada|88\/100|[from] Spikes\n|turn|20\n|\n|t:|1698162645\n|move|p1a: if you do...|Sucker Punch|p2a: Meowscarada\n|-resisted|p2a: Meowscarada\n|-damage|p2a: Meowscarada|0 fnt\n|faint|p2a: Meowscarada\n|\n|upkeep\n|\n|t:|1698162650\n|switch|p2a: Annihilape|Annihilape, M|16\/100\n|-damage|p2a: Annihilape|3\/100|[from] Spikes\n|turn|21\n|c|\u2606Poyo09t|3\n|\n|t:|1698162658\n|move|p1a: if you do...|Sucker Punch|p2a: Annihilape\n|-damage|p2a: Annihilape|0 fnt\n|faint|p2a: Annihilape\n|\n|win|Auby69\n","uploadtime":1698162664,"views":14,"p1id":"auby69","p2id":"poyo09t","formatid":"gen9anythinggoes","rating":0,"private":0,"password":""}