{"id":"gen9anythinggoes-1982989235","p1":"aqueosace","p2":"dumassss","format":"[Gen 9] Anything Goes","log":"|j|\u2606aqueosace\n|j|\u2606dumassss\n|t:|1699066893\n|gametype|singles\n|player|p1|aqueosace|102|1099\n|player|p2|dumassss|colress|1201\n|teamsize|p1|6\n|teamsize|p2|6\n|gen|9\n|tier|[Gen 9] Anything Goes\n|rated|\n|rule|HP Percentage Mod: HP is shown in percentages\n|rule|Endless Battle Clause: Forcing endless battles is banned\n|clearpoke\n|poke|p1|Palkia-Origin|\n|poke|p1|Zacian-*|\n|poke|p1|Iron Valiant|\n|poke|p1|Palafin, F|\n|poke|p1|Thundurus-Therian, M|\n|poke|p1|Darkrai|\n|poke|p2|Charmander, M|\n|poke|p2|Charmeleon, M|\n|poke|p2|Oshawott, M|\n|poke|p2|Annihilape, M|\n|poke|p2|Groudon|\n|poke|p2|Kyogre|\n|teampreview\n|inactive|Battle timer is ON: inactive players will automatically lose when time's up. (requested by dumassss)\n|\n|t:|1699066905\n|start\n|switch|p1a: Palkia|Palkia-Origin, shiny|100\/100\n|switch|p2a: Kyogre|Kyogre|100\/100\n|-ability|p1a: Palkia|Pressure\n|-weather|RainDance|[from] ability: Drizzle|[of] p2a: Kyogre\n|turn|1\n|\n|t:|1699066915\n|-terastallize|p1a: Palkia|Water\n|move|p1a: Palkia|Spacial Rend|p2a: Kyogre\n|-damage|p2a: Kyogre|42\/100\n|move|p2a: Kyogre|Thunder|p1a: Palkia\n|-supereffective|p1a: Palkia\n|-damage|p1a: Palkia|0 fnt\n|faint|p1a: Palkia\n|\n|-weather|RainDance|[upkeep]\n|upkeep\n|\n|t:|1699066926\n|switch|p1a: Zacian|Zacian-Crowned, shiny|100\/100\n|-ability|p1a: Zacian|Intrepid Sword|boost\n|-boost|p1a: Zacian|atk|1\n|turn|2\n|\n|t:|1699066931\n|move|p1a: Zacian|Play Rough|p2a: Kyogre\n|-damage|p2a: Kyogre|0 fnt\n|faint|p2a: Kyogre\n|\n|-weather|RainDance|[upkeep]\n|upkeep\n|\n|t:|1699066937\n|switch|p2a: Groudon|Groudon|100\/100\n|-weather|SunnyDay|[from] ability: Drought|[of] p2a: Groudon\n|turn|3\n|\n|t:|1699066943\n|move|p1a: Zacian|Close Combat|p2a: Groudon\n|-damage|p2a: Groudon|59\/100\n|-unboost|p1a: Zacian|def|1\n|-unboost|p1a: Zacian|spd|1\n|move|p2a: Groudon|Heat Crash|p1a: Zacian\n|-supereffective|p1a: Zacian\n|-damage|p1a: Zacian|10\/100\n|\n|-weather|SunnyDay|[upkeep]\n|-heal|p2a: Groudon|66\/100|[from] item: Leftovers\n|upkeep\n|turn|4\n|\n|t:|1699066954\n|switch|p2a: Annihilape|Annihilape, M|100\/100\n|move|p1a: Zacian|Behemoth Blade|p2a: Annihilape\n|-damage|p2a: Annihilape|5\/100\n|\n|-weather|SunnyDay|[upkeep]\n|upkeep\n|turn|5\n|\n|t:|1699066960\n|move|p1a: Zacian|Play Rough|p2a: Annihilape\n|-supereffective|p2a: Annihilape\n|-damage|p2a: Annihilape|0 fnt\n|faint|p2a: Annihilape\n|\n|-weather|SunnyDay|[upkeep]\n|upkeep\n|\n|t:|1699066966\n|switch|p2a: Charmander|Charmander, M|100\/100\n|turn|6\n|\n|t:|1699066969\n|move|p1a: Zacian|Play Rough|p2a: Charmander\n|-resisted|p2a: Charmander\n|-damage|p2a: Charmander|52\/100\n|move|p2a: Charmander|Flame Charge|p1a: Zacian\n|-supereffective|p1a: Zacian\n|-damage|p1a: Zacian|0 fnt\n|-boost|p2a: Charmander|spe|1\n|faint|p1a: Zacian\n|\n|-weather|SunnyDay|[upkeep]\n|-damage|p2a: Charmander|39\/100|[from] ability: Solar Power|[of] p2a: Charmander\n|upkeep\n|\n|t:|1699066980\n|switch|p1a: Palafin|Palafin, F|100\/100\n|turn|7\n|\n|t:|1699066989\n|detailschange|p1a: Palafin|Palafin-Hero, F\n|switch|p1a: Darkrai|Darkrai, shiny|100\/100\n|move|p2a: Charmander|Will-O-Wisp|p1a: Darkrai|[miss]\n|-miss|p2a: Charmander|p1a: Darkrai\n|\n|-weather|none\n|upkeep\n|turn|8\n|\n|t:|1699066996\n|move|p1a: Darkrai|Sludge Bomb|p2a: Charmander\n|-damage|p2a: Charmander|0 fnt\n|faint|p2a: Charmander\n|\n|upkeep\n|\n|t:|1699066999\n|switch|p2a: Groudon|Groudon|66\/100\n|-weather|SunnyDay|[from] ability: Drought|[of] p2a: Groudon\n|turn|9\n|\n|t:|1699067005\n|move|p1a: Darkrai|Sludge Bomb|p2a: Groudon\n|-resisted|p2a: Groudon\n|-damage|p2a: Groudon|54\/100\n|-status|p2a: Groudon|psn\n|move|p2a: Groudon|Precipice Blades|p1a: Darkrai\n|-damage|p1a: Darkrai|13\/100\n|-enditem|p1a: Darkrai|Aguav Berry|[eat]\n|-heal|p1a: Darkrai|46\/100|[from] item: Aguav Berry\n|\n|-weather|SunnyDay|[upkeep]\n|-heal|p2a: Groudon|60\/100 psn|[from] item: Leftovers\n|-damage|p2a: Groudon|48\/100 psn|[from] psn\n|upkeep\n|turn|10\n|\n|t:|1699067016\n|move|p1a: Darkrai|Rest|p1a: Darkrai\n|-status|p1a: Darkrai|slp|[from] move: Rest\n|-heal|p1a: Darkrai|100\/100 slp|[silent]\n|move|p2a: Groudon|Swords Dance|p2a: Groudon\n|-boost|p2a: Groudon|atk|2\n|\n|-weather|SunnyDay|[upkeep]\n|-heal|p2a: Groudon|54\/100 psn|[from] item: Leftovers\n|-damage|p2a: Groudon|41\/100 psn|[from] psn\n|upkeep\n|turn|11\n|\n|t:|1699067025\n|switch|p1a: Palafin|Palafin-Hero, F|100\/100\n|-activate|p1a: Palafin|ability: Zero to Hero\n|move|p2a: Groudon|Precipice Blades|p1a: Palafin\n|-damage|p1a: Palafin|0 fnt\n|faint|p1a: Palafin\n|\n|-weather|SunnyDay|[upkeep]\n|-heal|p2a: Groudon|48\/100 psn|[from] item: Leftovers\n|-damage|p2a: Groudon|35\/100 psn|[from] psn\n|upkeep\n|\n|t:|1699067036\n|switch|p1a: Iron Valiant|Iron Valiant|100\/100\n|turn|12\n|\n|t:|1699067041\n|move|p1a: Iron Valiant|Low Kick|p2a: Groudon\n|-damage|p2a: Groudon|0 fnt\n|faint|p2a: Groudon\n|\n|-weather|SunnyDay|[upkeep]\n|upkeep\n|\n|t:|1699067044\n|switch|p2a: Charmeleon|Charmeleon, M|100\/100\n|turn|13\n|\n|t:|1699067049\n|move|p1a: Iron Valiant|Moonblast|p2a: Charmeleon\n|-resisted|p2a: Charmeleon\n|-damage|p2a: Charmeleon|81\/100\n|move|p2a: Charmeleon|Flame Charge|p1a: Iron Valiant\n|-crit|p1a: Iron Valiant\n|-damage|p1a: Iron Valiant|66\/100\n|-boost|p2a: Charmeleon|spe|1\n|\n|-weather|none\n|-heal|p1a: Iron Valiant|72\/100|[from] item: Leftovers\n|upkeep\n|turn|14\n|\n|t:|1699067059\n|move|p2a: Charmeleon|Body Slam|p1a: Iron Valiant\n|-crit|p1a: Iron Valiant\n|-damage|p1a: Iron Valiant|48\/100\n|move|p1a: Iron Valiant|Close Combat|p2a: Charmeleon\n|-damage|p2a: Charmeleon|14\/100\n|-unboost|p1a: Iron Valiant|def|1\n|-unboost|p1a: Iron Valiant|spd|1\n|\n|-heal|p1a: Iron Valiant|54\/100|[from] item: Leftovers\n|upkeep\n|turn|15\n|\n|t:|1699067068\n|move|p2a: Charmeleon|Flamethrower|p1a: Iron Valiant\n|-damage|p1a: Iron Valiant|0 fnt\n|faint|p1a: Iron Valiant\n|-end|p1a: Iron Valiant|Quark Drive|[silent]\n|\n|upkeep\n|\n|t:|1699067073\n|switch|p1a: Thundurus|Thundurus-Therian, M, shiny|100\/100\n|turn|16\n|\n|t:|1699067077\n|move|p2a: Charmeleon|Body Slam|p1a: Thundurus\n|-damage|p1a: Thundurus|83\/100\n|move|p1a: Thundurus|Electric Terrain|p1a: Thundurus\n|-fieldstart|move: Electric Terrain\n|-enditem|p1a: Thundurus|Electric Seed\n|-boost|p1a: Thundurus|def|1|[from] item: Electric Seed\n|\n|upkeep\n|turn|17\n|\n|t:|1699067086\n|move|p2a: Charmeleon|Flamethrower|p1a: Thundurus\n|-damage|p1a: Thundurus|48\/100\n|move|p1a: Thundurus|Thunderbolt|p2a: Charmeleon\n|-damage|p2a: Charmeleon|0 fnt\n|faint|p2a: Charmeleon\n|\n|upkeep\n|\n|t:|1699067090\n|switch|p2a: Oshawott|Oshawott, M|100\/100\n|turn|18\n|\n|t:|1699067095\n|-terastallize|p2a: Oshawott|Ground\n|move|p1a: Thundurus|Thunderbolt|p2a: Oshawott\n|-immune|p2a: Oshawott\n|move|p2a: Oshawott|Swords Dance|p2a: Oshawott\n|-boost|p2a: Oshawott|atk|2\n|\n|upkeep\n|turn|19\n|\n|t:|1699067103\n|move|p2a: Oshawott|Aqua Jet|p1a: Thundurus\n|-damage|p1a: Thundurus|21\/100\n|move|p1a: Thundurus|Tera Blast|p2a: Oshawott\n|-damage|p2a: Oshawott|12\/100\n|\n|upkeep\n|turn|20\n|\n|t:|1699067109\n|move|p2a: Oshawott|Aqua Jet|p1a: Thundurus\n|-damage|p1a: Thundurus|0 fnt\n|faint|p1a: Thundurus\n|\n|-fieldend|move: Electric Terrain\n|upkeep\n|\n|t:|1699067114\n|switch|p1a: Darkrai|Darkrai, shiny|100\/100 slp\n|turn|21\n|\n|t:|1699067120\n|cant|p1a: Darkrai|slp\n|move|p2a: Oshawott|Razor Shell|p1a: Darkrai\n|-damage|p1a: Darkrai|0 fnt\n|faint|p1a: Darkrai\n|\n|win|dumassss\n|raw|aqueosace's rating: 1099 &rarr; <strong>1081<\/strong><br \/>(-18 for losing)\n|raw|dumassss's rating: 1201 &rarr; <strong>1219<\/strong><br \/>(+18 for winning)\n","uploadtime":1699067128,"views":4,"p1id":"aqueosace","p2id":"dumassss","formatid":"gen9anythinggoes","rating":1081,"private":0,"password":""}