{"id":"gen9anythinggoes-1974731167","p1":"Heeeeemaaaan","p2":"Kitchencat","format":"[Gen 9] Anything Goes","log":"|j|\u2606Heeeeemaaaan\n|j|\u2606Kitchencat\n|t:|1698115268\n|gametype|singles\n|player|p1|Heeeeemaaaan|102|1046\n|player|p2|Kitchencat|red|1040\n|teamsize|p1|5\n|teamsize|p2|6\n|gen|9\n|tier|[Gen 9] Anything Goes\n|rated|\n|rule|HP Percentage Mod: HP is shown in percentages\n|rule|Endless Battle Clause: Forcing endless battles is banned\n|clearpoke\n|poke|p1|Dragonite, M|\n|poke|p1|Arceus-Flying|\n|poke|p1|Rayquaza|\n|poke|p1|Dialga-Origin|\n|poke|p1|Calyrex-Shadow|\n|poke|p2|Regieleki|\n|poke|p2|Glimmora, M|\n|poke|p2|Drifblim, M|\n|poke|p2|Donphan, L1, M|\n|poke|p2|Pineco, F|\n|poke|p2|Kingambit, M|\n|teampreview\n|\n|t:|1698115273\n|start\n|switch|p1a: Rayquaza|Rayquaza|100\/100\n|switch|p2a: Glimmora|Glimmora, M|100\/100\n|-ability|p1a: Rayquaza|Air Lock\n|turn|1\n|\n|t:|1698115283\n|-terastallize|p1a: Rayquaza|Dragon\n|move|p1a: Rayquaza|Dragon Ascent|p2a: Glimmora\n|-resisted|p2a: Glimmora\n|-damage|p2a: Glimmora|53\/100\n|-unboost|p1a: Rayquaza|def|1\n|-unboost|p1a: Rayquaza|spd|1\n|-activate|p2a: Glimmora|ability: Toxic Debris\n|-sidestart|p1: Heeeeemaaaan|move: Toxic Spikes\n|-damage|p1a: Rayquaza|91\/100|[from] item: Life Orb\n|move|p2a: Glimmora|Toxic Spikes|p1a: Rayquaza\n|-sidestart|p1: Heeeeemaaaan|move: Toxic Spikes\n|\n|upkeep\n|turn|2\n|\n|t:|1698115296\n|move|p1a: Rayquaza|Dragon Ascent|p2a: Glimmora\n|-resisted|p2a: Glimmora\n|-damage|p2a: Glimmora|4\/100\n|-unboost|p1a: Rayquaza|def|1\n|-unboost|p1a: Rayquaza|spd|1\n|-damage|p1a: Rayquaza|81\/100|[from] item: Life Orb\n|move|p2a: Glimmora|Explosion|p1a: Rayquaza\n|-damage|p1a: Rayquaza|18\/100\n|faint|p2a: Glimmora\n|\n|upkeep\n|\n|t:|1698115299\n|switch|p2a: Regieleki|Regieleki|100\/100\n|turn|3\n|-activate|p2a: Regieleki|item: Quick Claw\n|\n|t:|1698115309\n|move|p2a: Regieleki|Thunder|p1a: Rayquaza\n|-resisted|p1a: Rayquaza\n|-damage|p1a: Rayquaza|0 fnt\n|faint|p1a: Rayquaza\n|\n|upkeep\n|\n|t:|1698115317\n|switch|p1a: Calyrex|Calyrex-Shadow|100\/100\n|-ability|p1a: Calyrex|As One\n|-ability|p1a: Calyrex|Unnerve\n|-status|p1a: Calyrex|tox\n|turn|4\n|\n|t:|1698115325\n|move|p2a: Regieleki|Thunder|p1a: Calyrex|[miss]\n|-miss|p2a: Regieleki|p1a: Calyrex\n|move|p1a: Calyrex|Giga Drain|p2a: Regieleki\n|-damage|p2a: Regieleki|56\/100\n|\n|-damage|p1a: Calyrex|94\/100 tox|[from] psn\n|upkeep\n|turn|5\n|\n|t:|1698115333\n|move|p2a: Regieleki|Thunder|p1a: Calyrex\n|-damage|p1a: Calyrex|65\/100 tox\n|move|p1a: Calyrex|Giga Drain|p2a: Regieleki\n|-damage|p2a: Regieleki|11\/100\n|-heal|p1a: Calyrex|85\/100 tox|[from] drain|[of] p2a: Regieleki\n|\n|-damage|p1a: Calyrex|73\/100 tox|[from] psn\n|upkeep\n|turn|6\n|\n|t:|1698115339\n|move|p2a: Regieleki|Explosion|p1a: Calyrex\n|-immune|p1a: Calyrex\n|faint|p2a: Regieleki\n|move|p1a: Calyrex|Giga Drain|p2: Regieleki|[notarget]\n|-fail|p1a: Calyrex\n|\n|-damage|p1a: Calyrex|54\/100 tox|[from] psn\n|upkeep\n|\n|t:|1698115346\n|switch|p2a: Drifblim|Drifblim, M|100\/100\n|turn|7\n|\n|t:|1698115348\n|move|p1a: Calyrex|Giga Drain|p2a: Drifblim\n|-resisted|p2a: Drifblim\n|-damage|p2a: Drifblim|85\/100\n|-heal|p1a: Calyrex|63\/100 tox|[from] drain|[of] p2a: Drifblim\n|move|p2a: Drifblim|Destiny Bond|p2a: Drifblim\n|-singlemove|p2a: Drifblim|Destiny Bond\n|\n|-damage|p1a: Calyrex|38\/100 tox|[from] psn\n|upkeep\n|turn|8\n|\n|t:|1698115359\n|move|p1a: Calyrex|Energy Ball|p2a: Drifblim\n|-resisted|p2a: Drifblim\n|-damage|p2a: Drifblim|63\/100\n|move|p2a: Drifblim|Fling||[still]\n|-fail|p2a: Drifblim\n|\n|-damage|p1a: Calyrex|7\/100 tox|[from] psn\n|upkeep\n|turn|9\n|\n|t:|1698115368\n|move|p1a: Calyrex|Dark Pulse|p2a: Drifblim\n|-supereffective|p2a: Drifblim\n|-damage|p2a: Drifblim|0 fnt\n|faint|p2a: Drifblim\n|-ability|p1a: Calyrex|Grim Neigh|boost\n|-boost|p1a: Calyrex|spa|1\n|\n|-damage|p1a: Calyrex|0 fnt|[from] psn\n|faint|p1a: Calyrex\n|upkeep\n|\n|t:|1698115373\n|switch|p1a: Dialga|Dialga-Origin|100\/100\n|switch|p2a: Donphan|Donphan, L1, M|100\/100\n|-ability|p1a: Dialga|Pressure\n|turn|10\n|\n|t:|1698115380\n|move|p1a: Dialga|Flash Cannon|p2a: Donphan\n|-ability|p2a: Donphan|Sturdy\n|-damage|p2a: Donphan|8\/100\n|move|p2a: Donphan|Endeavor|p1a: Dialga\n|-damage|p1a: Dialga|1\/100\n|-heal|p2a: Donphan|100\/100|[from] item: Shell Bell|[of] p1a: Dialga\n|\n|upkeep\n|turn|11\n|\n|t:|1698115391\n|move|p1a: Dialga|Flamethrower|p2a: Donphan\n|-ability|p2a: Donphan|Sturdy\n|-damage|p2a: Donphan|8\/100\n|move|p2a: Donphan|Endeavor|p1a: Dialga\n|-immune|p1a: Dialga\n|\n|upkeep\n|turn|12\n|\n|t:|1698115395\n|move|p1a: Dialga|Flash Cannon|p2a: Donphan\n|-damage|p2a: Donphan|0 fnt\n|faint|p2a: Donphan\n|\n|upkeep\n|\n|t:|1698115398\n|switch|p2a: Pineco|Pineco, F|100\/100\n|turn|13\n|\n|t:|1698115402\n|move|p1a: Dialga|Flash Cannon|p2a: Pineco\n|-ability|p2a: Pineco|Sturdy\n|-damage|p2a: Pineco|1\/100\n|move|p2a: Pineco|Explosion|p1a: Dialga\n|-resisted|p1a: Dialga\n|-damage|p1a: Dialga|0 fnt\n|faint|p2a: Pineco\n|faint|p1a: Dialga\n|\n|upkeep\n|\n|t:|1698115412\n|switch|p1a: Arceus|Arceus-Flying|100\/100\n|switch|p2a: Kingambit|Kingambit, M, shiny|100\/100\n|-activate|p2a: Kingambit|ability: Supreme Overlord\n|-start|p2a: Kingambit|fallen5|[silent]\n|turn|14\n|\n|t:|1698115415\n|-terastallize|p2a: Kingambit|Flying\n|move|p1a: Arceus|Dragon Pulse|p2a: Kingambit\n|-damage|p2a: Kingambit|78\/100\n|move|p2a: Kingambit|Swords Dance|p2a: Kingambit\n|-boost|p2a: Kingambit|atk|2\n|\n|-heal|p2a: Kingambit|85\/100|[from] item: Leftovers\n|upkeep\n|turn|15\n|\n|t:|1698115421\n|move|p1a: Arceus|Body Slam|p2a: Kingambit\n|-damage|p2a: Kingambit|67\/100\n|-status|p2a: Kingambit|par\n|move|p2a: Kingambit|Iron Head|p1a: Arceus\n|-damage|p1a: Arceus|11\/100\n|\n|-heal|p2a: Kingambit|73\/100 par|[from] item: Leftovers\n|upkeep\n|turn|16\n|\n|t:|1698115425\n|move|p1a: Arceus|Dragon Claw|p2a: Kingambit\n|-damage|p2a: Kingambit|56\/100 par\n|move|p2a: Kingambit|Iron Head|p1a: Arceus\n|-damage|p1a: Arceus|0 fnt\n|faint|p1a: Arceus\n|\n|-heal|p2a: Kingambit|62\/100 par|[from] item: Leftovers\n|upkeep\n|\n|t:|1698115429\n|switch|p1a: Dragonite|Dragonite, M, shiny|100\/100\n|turn|17\n|\n|t:|1698115434\n|move|p1a: Dragonite|Aerial Ace|p2a: Kingambit\n|-damage|p2a: Kingambit|40\/100 par\n|move|p2a: Kingambit|Iron Head|p1a: Dragonite\n|-damage|p1a: Dragonite|0 fnt\n|faint|p1a: Dragonite\n|\n|win|Kitchencat\n|raw|Heeeeemaaaan's rating: 1046 &rarr; <strong>1029<\/strong><br \/>(-17 for losing)\n|raw|Kitchencat's rating: 1040 &rarr; <strong>1075<\/strong><br \/>(+35 for winning)\n|l|\u2606Heeeeemaaaan\n|c|\u2606Kitchencat|Gg\n|l|\u2606Kitchencat\n|j|\u2606Kitchencat\n|player|p2|Kitchencat|red\n","uploadtime":1698115632,"views":8,"p1id":"heeeeemaaaan","p2id":"kitchencat","formatid":"gen9anythinggoes","rating":1029,"private":0,"password":""}