{"id":"gen9anythinggoes-1991838058","p1":"adam55","p2":"AlphaOmega07","format":"[Gen 9] Anything Goes","log":"|j|\u2606adam55\n|j|\u2606AlphaOmega07\n|t:|1700126197\n|gametype|singles\n|player|p1|adam55|hiker-gen4|1047\n|player|p2|AlphaOmega07|169|1069\n|teamsize|p1|6\n|teamsize|p2|6\n|gen|9\n|tier|[Gen 9] Anything Goes\n|rated|\n|rule|HP Percentage Mod: HP is shown in percentages\n|rule|Endless Battle Clause: Forcing endless battles is banned\n|clearpoke\n|poke|p1|Shaymin-Sky|\n|poke|p1|Shaymin-Sky|\n|poke|p1|Shaymin-Sky|\n|poke|p1|Shaymin-Sky|\n|poke|p1|Shaymin-Sky|\n|poke|p1|Shaymin-Sky|\n|poke|p2|Eternatus|\n|poke|p2|Donphan, L6, F|\n|poke|p2|Donphan, L6, F|\n|poke|p2|Donphan, L6, F|\n|poke|p2|Donphan, L6, M|\n|poke|p2|Donphan, L6, M|\n|teampreview\n|inactive|Battle timer is ON: inactive players will automatically lose when time's up. (requested by AlphaOmega07)\n|\n|t:|1700126201\n|start\n|switch|p1a: Shaymin|Shaymin-Sky, shiny|100\/100\n|switch|p2a: Eternatus|Eternatus|100\/100\n|-ability|p2a: Eternatus|Pressure\n|turn|1\n|\n|t:|1700126208\n|move|p1a: Shaymin|Air Slash|p2a: Eternatus\n|-damage|p2a: Eternatus|77\/100\n|cant|p2a: Eternatus|flinch\n|\n|-heal|p2a: Eternatus|84\/100|[from] item: Leftovers\n|upkeep\n|turn|2\n|\n|t:|1700126214\n|move|p1a: Shaymin|Air Slash|p2a: Eternatus\n|-damage|p2a: Eternatus|60\/100\n|move|p2a: Eternatus|Toxic|p1a: Shaymin\n|-status|p1a: Shaymin|tox\n|\n|-heal|p2a: Eternatus|66\/100|[from] item: Leftovers\n|-damage|p1a: Shaymin|94\/100 tox|[from] psn\n|upkeep\n|turn|3\n|\n|t:|1700126222\n|move|p2a: Eternatus|Protect|p2a: Eternatus\n|-singleturn|p2a: Eternatus|Protect\n|move|p1a: Shaymin|Air Slash|p2a: Eternatus\n|-activate|p2a: Eternatus|move: Protect\n|\n|-heal|p2a: Eternatus|72\/100|[from] item: Leftovers\n|-damage|p1a: Shaymin|82\/100 tox|[from] psn\n|upkeep\n|turn|4\n|\n|t:|1700126229\n|move|p1a: Shaymin|Air Slash|p2a: Eternatus\n|-damage|p2a: Eternatus|49\/100\n|move|p2a: Eternatus|Shadow Ball|p1a: Shaymin\n|-damage|p1a: Shaymin|55\/100 tox\n|-unboost|p1a: Shaymin|spd|1\n|\n|-heal|p2a: Eternatus|55\/100|[from] item: Leftovers\n|-damage|p1a: Shaymin|37\/100 tox|[from] psn\n|upkeep\n|turn|5\n|\n|t:|1700126238\n|move|p2a: Eternatus|Protect|p2a: Eternatus\n|-singleturn|p2a: Eternatus|Protect\n|move|p1a: Shaymin|Air Slash|p2a: Eternatus\n|-activate|p2a: Eternatus|move: Protect\n|\n|-heal|p2a: Eternatus|61\/100|[from] item: Leftovers\n|-damage|p1a: Shaymin|12\/100 tox|[from] psn\n|upkeep\n|turn|6\n|\n|t:|1700126249\n|move|p2a: Eternatus|Protect||[still]\n|-fail|p2a: Eternatus\n|move|p1a: Shaymin|Air Slash|p2a: Eternatus\n|-damage|p2a: Eternatus|40\/100\n|\n|-heal|p2a: Eternatus|46\/100|[from] item: Leftovers\n|-damage|p1a: Shaymin|0 fnt|[from] psn\n|faint|p1a: Shaymin\n|upkeep\n|\n|t:|1700126258\n|switch|p1a: Shaymin|Shaymin-Sky, shiny|100\/100\n|turn|7\n|\n|t:|1700126261\n|move|p1a: Shaymin|Air Slash|p2a: Eternatus\n|-damage|p2a: Eternatus|25\/100\n|move|p2a: Eternatus|Toxic|p1a: Shaymin\n|-status|p1a: Shaymin|tox\n|\n|-heal|p2a: Eternatus|31\/100|[from] item: Leftovers\n|-damage|p1a: Shaymin|94\/100 tox|[from] psn\n|upkeep\n|turn|8\n|\n|t:|1700126269\n|move|p2a: Eternatus|Protect|p2a: Eternatus\n|-singleturn|p2a: Eternatus|Protect\n|move|p1a: Shaymin|Air Slash|p2a: Eternatus\n|-activate|p2a: Eternatus|move: Protect\n|\n|-heal|p2a: Eternatus|37\/100|[from] item: Leftovers\n|-damage|p1a: Shaymin|82\/100 tox|[from] psn\n|upkeep\n|turn|9\n|\n|t:|1700126287\n|move|p1a: Shaymin|Air Slash|p2a: Eternatus\n|-damage|p2a: Eternatus|14\/100\n|cant|p2a: Eternatus|flinch\n|\n|-heal|p2a: Eternatus|20\/100|[from] item: Leftovers\n|-damage|p1a: Shaymin|63\/100 tox|[from] psn\n|upkeep\n|turn|10\n|\n|t:|1700126294\n|move|p2a: Eternatus|Protect|p2a: Eternatus\n|-singleturn|p2a: Eternatus|Protect\n|move|p1a: Shaymin|Air Slash|p2a: Eternatus\n|-activate|p2a: Eternatus|move: Protect\n|\n|-heal|p2a: Eternatus|26\/100|[from] item: Leftovers\n|-damage|p1a: Shaymin|39\/100 tox|[from] psn\n|upkeep\n|turn|11\n|\n|t:|1700126305\n|move|p2a: Eternatus|Protect||[still]\n|-fail|p2a: Eternatus\n|move|p1a: Shaymin|Air Slash|p2a: Eternatus\n|-damage|p2a: Eternatus|4\/100\n|\n|-heal|p2a: Eternatus|10\/100|[from] item: Leftovers\n|-damage|p1a: Shaymin|8\/100 tox|[from] psn\n|upkeep\n|turn|12\n|\n|t:|1700126312\n|move|p2a: Eternatus|Protect|p2a: Eternatus\n|-singleturn|p2a: Eternatus|Protect\n|move|p1a: Shaymin|Air Slash|p2a: Eternatus\n|-activate|p2a: Eternatus|move: Protect\n|\n|-heal|p2a: Eternatus|16\/100|[from] item: Leftovers\n|-damage|p1a: Shaymin|0 fnt|[from] psn\n|faint|p1a: Shaymin\n|upkeep\n|\n|t:|1700126320\n|switch|p1a: Shaymin|Shaymin-Sky, shiny|100\/100\n|turn|13\n|\n|t:|1700126329\n|move|p1a: Shaymin|Air Slash|p2a: Eternatus\n|-damage|p2a: Eternatus|0 fnt\n|faint|p2a: Eternatus\n|\n|upkeep\n|\n|t:|1700126332\n|switch|p2a: Donphan|Donphan, L6, F|100\/100\n|turn|14\n|\n|t:|1700126335\n|move|p1a: Shaymin|Air Slash|p2a: Donphan|[miss]\n|-miss|p1a: Shaymin|p2a: Donphan\n|move|p2a: Donphan|Endeavor|p1a: Shaymin\n|-damage|p1a: Shaymin|7\/100\n|\n|upkeep\n|turn|15\n|\n|t:|1700126341\n|move|p1a: Shaymin|Air Slash|p2a: Donphan\n|-ability|p2a: Donphan|Sturdy\n|-damage|p2a: Donphan|4\/100\n|cant|p2a: Donphan|flinch\n|\n|upkeep\n|turn|16\n|\n|t:|1700126348\n|move|p2a: Donphan|Ice Shard|p1a: Shaymin\n|-supereffective|p1a: Shaymin\n|-damage|p1a: Shaymin|6\/100\n|-heal|p2a: Donphan|8\/100|[from] item: Shell Bell|[of] p1a: Shaymin\n|move|p1a: Shaymin|Air Slash|p2a: Donphan\n|-damage|p2a: Donphan|0 fnt\n|faint|p2a: Donphan\n|\n|upkeep\n|\n|t:|1700126353\n|switch|p2a: Donphan|Donphan, L6, F|100\/100\n|turn|17\n|\n|t:|1700126357\n|move|p1a: Shaymin|Air Slash|p2a: Donphan\n|-ability|p2a: Donphan|Sturdy\n|-damage|p2a: Donphan|4\/100\n|cant|p2a: Donphan|flinch\n|\n|upkeep\n|turn|18\n|\n|t:|1700126363\n|move|p1a: Shaymin|Air Slash|p2a: Donphan\n|-damage|p2a: Donphan|0 fnt\n|faint|p2a: Donphan\n|\n|upkeep\n|\n|t:|1700126366\n|switch|p2a: Donphan|Donphan, L6, F|100\/100\n|turn|19\n|\n|t:|1700126368\n|move|p1a: Shaymin|Air Slash|p2a: Donphan\n|-ability|p2a: Donphan|Sturdy\n|-damage|p2a: Donphan|4\/100\n|cant|p2a: Donphan|flinch\n|\n|upkeep\n|turn|20\n|\n|t:|1700126374\n|move|p1a: Shaymin|Air Slash|p2a: Donphan\n|-damage|p2a: Donphan|0 fnt\n|faint|p2a: Donphan\n|\n|upkeep\n|\n|t:|1700126376\n|switch|p2a: Donphan|Donphan, L6, M|100\/100\n|turn|21\n|\n|t:|1700126379\n|move|p1a: Shaymin|Air Slash|p2a: Donphan\n|-ability|p2a: Donphan|Sturdy\n|-damage|p2a: Donphan|4\/100\n|cant|p2a: Donphan|flinch\n|\n|upkeep\n|turn|22\n|\n|t:|1700126385\n|move|p1a: Shaymin|Air Slash|p2a: Donphan\n|-damage|p2a: Donphan|0 fnt\n|faint|p2a: Donphan\n|\n|upkeep\n|\n|t:|1700126389\n|switch|p2a: Donphan|Donphan, L6, M|100\/100\n|turn|23\n|c|\u2606AlphaOmega07|That's some bullshit luck\n|\n|t:|1700126399\n|move|p1a: Shaymin|Air Slash|p2a: Donphan\n|-ability|p2a: Donphan|Sturdy\n|-damage|p2a: Donphan|4\/100\n|cant|p2a: Donphan|flinch\n|\n|upkeep\n|turn|24\n|\n|t:|1700126408\n|move|p2a: Donphan|Ice Shard|p1a: Shaymin\n|-supereffective|p1a: Shaymin\n|-crit|p1a: Shaymin\n|-damage|p1a: Shaymin|4\/100\n|-heal|p2a: Donphan|8\/100|[from] item: Shell Bell|[of] p1a: Shaymin\n|move|p1a: Shaymin|Air Slash|p2a: Donphan\n|-damage|p2a: Donphan|0 fnt\n|faint|p2a: Donphan\n|\n|win|adam55\n|raw|adam55's rating: 1047 &rarr; <strong>1082<\/strong><br \/>(+35 for winning)\n|raw|AlphaOmega07's rating: 1069 &rarr; <strong>1047<\/strong><br \/>(-22 for losing)\n","uploadtime":1700126419,"views":9,"p1id":"adam55","p2id":"alphaomega07","formatid":"gen9anythinggoes","rating":1047,"private":0,"password":""}