{"id":"gen9anythinggoes-1994347900","p1":"gingerninja23","p2":"iuxkysersosa","format":"[Gen 9] Anything Goes","log":"|j|\u2606gingerninja23\n|j|\u2606iuxkysersosa\n|t:|1700433709\n|gametype|singles\n|player|p1|gingerninja23|brassius|\n|player|p2|iuxkysersosa|170|\n|teamsize|p1|6\n|teamsize|p2|6\n|gen|9\n|tier|[Gen 9] Anything Goes\n|rule|HP Percentage Mod: HP is shown in percentages\n|rule|Endless Battle Clause: Forcing endless battles is banned\n|clearpoke\n|poke|p1|Kilowattrel, M|\n|poke|p1|Goodra-Hisui, F|\n|poke|p1|Brambleghast, F|\n|poke|p1|Mesprit|\n|poke|p1|Umbreon, F|\n|poke|p1|Iron Valiant|\n|poke|p2|Amoonguss, M|\n|poke|p2|Slowking-Galar, F|\n|poke|p2|Cetitan, F|\n|poke|p2|Greninja-*, M|\n|poke|p2|Primeape, M|\n|poke|p2|Tornadus-Therian, M|\n|teampreview\n|c|\u2606iuxkysersosa|glhf sir\n|c|\u2606gingerninja23|i no like your team lol\n|c|\u2606iuxkysersosa|ice whale go burr\n|\n|t:|1700433756\n|start\n|switch|p1a: Kilowattrel|Kilowattrel, M|100\/100\n|switch|p2a: Slowking|Slowking-Galar, F|100\/100\n|turn|1\n|\n|t:|1700433772\n|move|p1a: Kilowattrel|U-turn|p2a: Slowking\n|-damage|p2a: Slowking|92\/100\n|\n|t:|1700433777\n|switch|p1a: Umbreon|Umbreon, F|100\/100|[from] U-turn\n|move|p2a: Slowking|Future Sight|p1a: Umbreon\n|-start|p2a: Slowking|move: Future Sight\n|\n|-heal|p2a: Slowking|98\/100|[from] item: Leftovers\n|upkeep\n|turn|2\n|\n|t:|1700433797\n|switch|p2a: Primeape|Primeape, M|100\/100\n|move|p1a: Umbreon|Thunder Wave|p2a: Primeape\n|-status|p2a: Primeape|par\n|\n|upkeep\n|turn|3\n|\n|t:|1700433810\n|switch|p1a: Brambleghast|Brambleghast, F|100\/100\n|move|p2a: Primeape|Bulk Up|p2a: Primeape\n|-boost|p2a: Primeape|atk|1\n|-boost|p2a: Primeape|def|1\n|\n|-end|p1a: Brambleghast|move: Future Sight\n|-damage|p1a: Brambleghast|22\/100\n|upkeep\n|turn|4\n|\n|t:|1700433825\n|move|p1a: Brambleghast|Strength Sap|p2a: Primeape\n|-unboost|p2a: Primeape|atk|1\n|-ability|p2a: Primeape|Defiant|boost\n|-boost|p2a: Primeape|atk|2\n|-heal|p1a: Brambleghast|100\/100\n|cant|p2a: Primeape|par\n|\n|upkeep\n|turn|5\n|\n|t:|1700433855\n|move|p1a: Brambleghast|Poltergeist|p2a: Primeape\n|-activate|p2a: Primeape|move: Poltergeist|Eviolite\n|-damage|p2a: Primeape|52\/100 par\n|move|p2a: Primeape|Rage Fist|p1a: Brambleghast\n|-supereffective|p1a: Brambleghast\n|-damage|p1a: Brambleghast|0 fnt\n|faint|p1a: Brambleghast\n|\n|upkeep\n|\n|t:|1700433881\n|switch|p1a: Kilowattrel|Kilowattrel, M|100\/100\n|turn|6\n|\n|t:|1700433890\n|-terastallize|p1a: Kilowattrel|Flying\n|-terastallize|p2a: Primeape|Ghost\n|move|p1a: Kilowattrel|Tera Blast|p2a: Primeape|[anim] Tera Blast Flying\n|-damage|p2a: Primeape|29\/100 par\n|move|p2a: Primeape|Rest|p2a: Primeape\n|-status|p2a: Primeape|slp|[from] move: Rest\n|-heal|p2a: Primeape|100\/100 slp|[silent]\n|\n|upkeep\n|turn|7\n|\n|t:|1700433903\n|move|p1a: Kilowattrel|U-turn|p2a: Primeape\n|-resisted|p2a: Primeape\n|-damage|p2a: Primeape|97\/100 slp\n|\n|t:|1700433908\n|switch|p1a: Umbreon|Umbreon, F|100\/100|[from] U-turn\n|cant|p2a: Primeape|slp\n|\n|upkeep\n|turn|8\n|\n|t:|1700433915\n|cant|p2a: Primeape|slp\n|move|p1a: Umbreon|Foul Play|p2a: Primeape\n|-supereffective|p2a: Primeape\n|-damage|p2a: Primeape|7\/100 slp\n|\n|upkeep\n|turn|9\n|\n|t:|1700433925\n|-curestatus|p2a: Primeape|slp|[msg]\n|move|p2a: Primeape|Drain Punch|p1a: Umbreon\n|-supereffective|p1a: Umbreon\n|-damage|p1a: Umbreon|30\/100\n|-heal|p2a: Primeape|49\/100|[from] drain|[of] p1a: Umbreon\n|move|p1a: Umbreon|Foul Play|p2a: Primeape\n|-supereffective|p2a: Primeape\n|-damage|p2a: Primeape|0 fnt\n|faint|p2a: Primeape\n|\n|-heal|p1a: Umbreon|36\/100|[from] item: Leftovers\n|upkeep\n|\n|t:|1700433940\n|switch|p2a: Greninja|Greninja, M|100\/100\n|turn|10\n|\n|t:|1700433950\n|switch|p2a: Slowking|Slowking-Galar, F|100\/100\n|switch|p1a: Goodra|Goodra-Hisui, F|100\/100\n|\n|upkeep\n|turn|11\n|\n|t:|1700433960\n|switch|p1a: Umbreon|Umbreon, F|36\/100\n|move|p2a: Slowking|Thunder Wave|p1a: Umbreon\n|-status|p1a: Umbreon|par\n|-activate|p1a: Umbreon|ability: Synchronize\n|-status|p2a: Slowking|par\n|\n|-heal|p1a: Umbreon|42\/100 par|[from] item: Leftovers\n|upkeep\n|turn|12\n|\n|t:|1700433978\n|move|p1a: Umbreon|Thunder Wave|p2a: Slowking|[miss]\n|-miss|p1a: Umbreon|p2a: Slowking\n|move|p2a: Slowking|Chilly Reception|p2a: Slowking\n|-weather|Snow\n|\n|t:|1700433985\n|switch|p2a: Greninja|Greninja, M|100\/100|[from] Chilly Reception\n|\n|-weather|Snow|[upkeep]\n|-heal|p1a: Umbreon|48\/100 par|[from] item: Leftovers\n|upkeep\n|turn|13\n|\n|t:|1700433993\n|move|p2a: Greninja|Swords Dance|p2a: Greninja\n|-boost|p2a: Greninja|atk|2\n|cant|p1a: Umbreon|par\n|\n|-weather|Snow|[upkeep]\n|-heal|p1a: Umbreon|54\/100 par|[from] item: Leftovers\n|upkeep\n|turn|14\n|\n|t:|1700434000\n|move|p2a: Greninja|Low Kick|p1a: Umbreon\n|-supereffective|p1a: Umbreon\n|-damage|p1a: Umbreon|10\/100 par\n|move|p1a: Umbreon|Thunder Wave|p2a: Greninja\n|-status|p2a: Greninja|par\n|\n|-weather|Snow|[upkeep]\n|-heal|p1a: Umbreon|16\/100 par|[from] item: Leftovers\n|upkeep\n|turn|15\n|\n|t:|1700434011\n|cant|p2a: Greninja|par\n|move|p1a: Umbreon|Foul Play|p2a: Greninja\n|-resisted|p2a: Greninja\n|-damage|p2a: Greninja|37\/100 par\n|\n|-weather|Snow|[upkeep]\n|-heal|p1a: Umbreon|22\/100 par|[from] item: Leftovers\n|upkeep\n|turn|16\n|\n|t:|1700434027\n|move|p2a: Greninja|Low Kick|p1a: Umbreon\n|-supereffective|p1a: Umbreon\n|-damage|p1a: Umbreon|0 fnt\n|faint|p1a: Umbreon\n|-ability|p2a: Greninja|Battle Bond|boost\n|-boost|p2a: Greninja|atk|1\n|-boost|p2a: Greninja|spa|1\n|-boost|p2a: Greninja|spe|1\n|-activate|p2a: Greninja|ability: Battle Bond\n|\n|-weather|none\n|upkeep\n|\n|t:|1700434040\n|switch|p1a: Kilowattrel|Kilowattrel, M, tera:Flying|100\/100\n|turn|17\n|\n|t:|1700434050\n|cant|p2a: Greninja|par\n|move|p1a: Kilowattrel|Tera Blast|p2a: Greninja|[anim] Tera Blast Flying\n|-damage|p2a: Greninja|0 fnt\n|faint|p2a: Greninja\n|\n|upkeep\n|\n|t:|1700434055\n|switch|p2a: Slowking|Slowking-Galar, F|100\/100 par\n|turn|18\n|\n|t:|1700434063\n|move|p1a: Kilowattrel|U-turn|p2a: Slowking\n|-damage|p2a: Slowking|92\/100 par\n|\n|t:|1700434073\n|switch|p1a: Mesprit|Mesprit|100\/100|[from] U-turn\n|cant|p2a: Slowking|par\n|\n|-heal|p2a: Slowking|98\/100 par|[from] item: Leftovers\n|upkeep\n|turn|19\n|\n|t:|1700434081\n|move|p1a: Mesprit|Stealth Rock|p2a: Slowking\n|-sidestart|p2: iuxkysersosa|move: Stealth Rock\n|move|p2a: Slowking|Chilly Reception|p2a: Slowking\n|-weather|Snow\n|\n|t:|1700434084\n|switch|p2a: Cetitan|Cetitan, F|100\/100|[from] Chilly Reception\n|-damage|p2a: Cetitan|76\/100|[from] Stealth Rock\n|\n|-weather|Snow|[upkeep]\n|upkeep\n|turn|20\n|\n|t:|1700434100\n|move|p2a: Cetitan|Belly Drum|p2a: Cetitan\n|-damage|p2a: Cetitan|26\/100\n|-setboost|p2a: Cetitan|atk|6|[from] move: Belly Drum\n|-enditem|p2a: Cetitan|Sitrus Berry|[eat]\n|-heal|p2a: Cetitan|50\/100|[from] item: Sitrus Berry\n|move|p1a: Mesprit|Thunderbolt|p2a: Cetitan\n|-damage|p2a: Cetitan|28\/100\n|\n|-weather|Snow|[upkeep]\n|upkeep\n|turn|21\n|\n|t:|1700434111\n|move|p2a: Cetitan|Icicle Crash|p1a: Mesprit\n|-damage|p1a: Mesprit|0 fnt\n|faint|p1a: Mesprit\n|\n|-weather|Snow|[upkeep]\n|upkeep\n|\n|t:|1700434127\n|switch|p1a: Goodra|Goodra-Hisui, F|100\/100\n|turn|22\n|\n|t:|1700434135\n|switch|p1a: Kilowattrel|Kilowattrel, M, tera:Flying|100\/100\n|move|p2a: Cetitan|Superpower|p1a: Kilowattrel\n|-resisted|p1a: Kilowattrel\n|-damage|p1a: Kilowattrel|0 fnt\n|-unboost|p2a: Cetitan|atk|1\n|-unboost|p2a: Cetitan|def|1\n|faint|p1a: Kilowattrel\n|\n|-weather|Snow|[upkeep]\n|upkeep\n|\n|t:|1700434147\n|switch|p1a: Iron Valiant|Iron Valiant|100\/100\n|turn|23\n|\n|t:|1700434158\n|-end|p1a: Iron Valiant|Quark Drive|[silent]\n|switch|p1a: Goodra|Goodra-Hisui, F|100\/100\n|move|p2a: Cetitan|Ice Shard|p1a: Goodra\n|-damage|p1a: Goodra|33\/100\n|\n|-weather|none\n|upkeep\n|turn|24\n|\n|t:|1700434167\n|move|p2a: Cetitan|Ice Shard|p1a: Goodra\n|-damage|p1a: Goodra|0 fnt\n|faint|p1a: Goodra\n|\n|upkeep\n|\n|t:|1700434171\n|switch|p1a: Iron Valiant|Iron Valiant|100\/100\n|turn|25\n|\n|t:|1700434179\n|move|p2a: Cetitan|Ice Shard|p1a: Iron Valiant\n|-damage|p1a: Iron Valiant|15\/100\n|move|p1a: Iron Valiant|Moonblast|p2a: Cetitan\n|-damage|p2a: Cetitan|0 fnt\n|faint|p2a: Cetitan\n|\n|upkeep\n|\n|t:|1700434186\n|switch|p2a: Tornadus|Tornadus-Therian, M|100\/100\n|-damage|p2a: Tornadus|76\/100|[from] Stealth Rock\n|turn|26\n|\n|t:|1700434195\n|move|p2a: Tornadus|Bleakwind Storm|p1a: Iron Valiant\n|-supereffective|p1a: Iron Valiant\n|-damage|p1a: Iron Valiant|0 fnt\n|faint|p1a: Iron Valiant\n|-end|p1a: Iron Valiant|Quark Drive|[silent]\n|\n|win|iuxkysersosa\n|c|\u2606gingerninja23|gg\n|c|\u2606iuxkysersosa|ggs\n","uploadtime":1700434204,"views":20,"p1id":"gingerninja23","p2id":"iuxkysersosa","formatid":"gen9anythinggoes","rating":0,"private":0,"password":""}