{"id":"gen9anythinggoes-1973718003","p1":"Mothstalgia","p2":"Everphilix","format":"[Gen 9] Anything Goes","log":"|j|\u2606Mothstalgia\n|j|\u2606Everphilix\n|t:|1698006452\n|gametype|singles\n|player|p1|Mothstalgia|rei|1189\n|player|p2|Everphilix|lass-gen4dp|1338\n|teamsize|p1|6\n|teamsize|p2|6\n|gen|9\n|tier|[Gen 9] Anything Goes\n|rated|\n|rule|HP Percentage Mod: HP is shown in percentages\n|rule|Endless Battle Clause: Forcing endless battles is banned\n|clearpoke\n|poke|p1|Magearna|\n|poke|p1|Clefable, F|\n|poke|p1|Quagsire, M|\n|poke|p1|Wo-Chien|\n|poke|p1|Espeon, M|\n|poke|p1|Drifblim, F|\n|poke|p2|Dondozo, F|\n|poke|p2|Trevenant, F|\n|poke|p2|Great Tusk|\n|poke|p2|Frosmoth, M|\n|poke|p2|Lucario, M|\n|poke|p2|Florges, F|\n|teampreview\n|inactive|Battle timer is ON: inactive players will automatically lose when time's up. (requested by Everphilix)\n|\n|t:|1698006468\n|start\n|switch|p1a: Drifblim|Drifblim, F, shiny|100\/100\n|switch|p2a: Trevenant|Trevenant, F|100\/100\n|turn|1\n|\n|t:|1698006484\n|move|p1a: Drifblim|Minimize|p1a: Drifblim\n|-boost|p1a: Drifblim|evasion|2\n|move|p2a: Trevenant|Curse|p1a: Drifblim\n|-start|p1a: Drifblim|Curse|[of] p2a: Trevenant\n|-damage|p2a: Trevenant|50\/100\n|-enditem|p2a: Trevenant|Sitrus Berry|[eat]\n|-heal|p2a: Trevenant|75\/100|[from] item: Sitrus Berry\n|\n|-damage|p1a: Drifblim|75\/100|[from] Curse\n|upkeep\n|turn|2\n|\n|t:|1698006503\n|move|p1a: Drifblim|Air Slash|p2a: Trevenant\n|-supereffective|p2a: Trevenant\n|-damage|p2a: Trevenant|36\/100\n|move|p2a: Trevenant|Substitute|p2a: Trevenant\n|-start|p2a: Trevenant|Substitute\n|-damage|p2a: Trevenant|11\/100\n|\n|-damage|p1a: Drifblim|50\/100|[from] Curse\n|upkeep\n|turn|3\n|\n|t:|1698006518\n|move|p2a: Trevenant|Protect|p2a: Trevenant\n|-singleturn|p2a: Trevenant|Protect\n|move|p1a: Drifblim|Baton Pass|p1a: Drifblim\n|\n|t:|1698006525\n|switch|p1a: Clefable|Clefable, F, shiny|100\/100|[from] Baton Pass\n|\n|-item|p2a: Trevenant|Sitrus Berry|[from] ability: Harvest\n|upkeep\n|-enditem|p2a: Trevenant|Sitrus Berry|[eat]\n|-heal|p2a: Trevenant|36\/100|[from] item: Sitrus Berry\n|turn|4\n|\n|t:|1698006537\n|move|p1a: Clefable|Flamethrower|p2a: Trevenant\n|-supereffective|p2a: Trevenant\n|-end|p2a: Trevenant|Substitute\n|move|p2a: Trevenant|Phantom Force||[still]\n|-prepare|p2a: Trevenant|Phantom Force\n|\n|-item|p2a: Trevenant|Sitrus Berry|[from] ability: Harvest\n|upkeep\n|-enditem|p2a: Trevenant|Sitrus Berry|[eat]\n|-heal|p2a: Trevenant|61\/100|[from] item: Sitrus Berry\n|turn|5\n|\n|t:|1698006548\n|move|p1a: Clefable|Cosmic Power|p1a: Clefable\n|-boost|p1a: Clefable|def|1\n|-boost|p1a: Clefable|spd|1\n|move|p2a: Trevenant|Phantom Force|p1a: Clefable|[from]lockedmove|[miss]\n|-miss|p2a: Trevenant|p1a: Clefable\n|\n|upkeep\n|turn|6\n|\n|t:|1698006557\n|-terastallize|p2a: Trevenant|Ghost\n|move|p1a: Clefable|Cosmic Power|p1a: Clefable\n|-boost|p1a: Clefable|def|1\n|-boost|p1a: Clefable|spd|1\n|move|p2a: Trevenant|Curse||[still]\n|-fail|p2a: Trevenant\n|\n|-item|p2a: Trevenant|Sitrus Berry|[from] ability: Harvest\n|upkeep\n|turn|7\n|\n|t:|1698006569\n|switch|p2a: Dondozo|Dondozo, F|100\/100\n|move|p1a: Clefable|Cosmic Power|p1a: Clefable\n|-boost|p1a: Clefable|def|1\n|-boost|p1a: Clefable|spd|1\n|\n|upkeep\n|turn|8\n|\n|t:|1698006594\n|move|p1a: Clefable|Baton Pass|p1a: Clefable\n|\n|t:|1698006603\n|switch|p1a: Wo-Chien|Wo-Chien|100\/100|[from] Baton Pass\n|-ability|p1a: Wo-Chien|Tablets of Ruin\n|move|p2a: Dondozo|Fissure|p1a: Wo-Chien\n|-damage|p1a: Wo-Chien|0 fnt\n|faint|p1a: Wo-Chien\n|-ohko\n|\n|upkeep\n|inactive|Mothstalgia has 120 seconds left.\n|c|\u2606Mothstalgia|dayum\n|c|\u2606Mothstalgia|vgc tekkers\n|\n|t:|1698006627\n|switch|p1a: Drifblim|Drifblim, F, shiny|50\/100\n|turn|9\n|\n|t:|1698006642\n|switch|p2a: Frosmoth|Frosmoth, M|100\/100\n|move|p1a: Drifblim|Minimize|p1a: Drifblim\n|-boost|p1a: Drifblim|evasion|2\n|\n|upkeep\n|turn|10\n|inactive|Mothstalgia has 120 seconds left.\n|\n|t:|1698006655\n|move|p1a: Drifblim|Baton Pass|p1a: Drifblim\n|\n|t:|1698006662\n|switch|p1a: Clefable|Clefable, F, shiny|100\/100|[from] Baton Pass\n|move|p2a: Frosmoth|Quiver Dance|p2a: Frosmoth\n|-boost|p2a: Frosmoth|spa|1\n|-boost|p2a: Frosmoth|spd|1\n|-boost|p2a: Frosmoth|spe|1\n|\n|upkeep\n|turn|11\n|inactive|Mothstalgia has 120 seconds left.\n|\n|t:|1698006671\n|move|p2a: Frosmoth|Defog|p1a: Clefable\n|-unboost|p1a: Clefable|evasion|1\n|move|p1a: Clefable|Cosmic Power|p1a: Clefable\n|-boost|p1a: Clefable|def|1\n|-boost|p1a: Clefable|spd|1\n|\n|upkeep\n|turn|12\n|inactive|Mothstalgia has 120 seconds left.\n|\n|t:|1698006689\n|move|p2a: Frosmoth|Quiver Dance|p2a: Frosmoth\n|-boost|p2a: Frosmoth|spa|1\n|-boost|p2a: Frosmoth|spd|1\n|-boost|p2a: Frosmoth|spe|1\n|move|p1a: Clefable|Cosmic Power|p1a: Clefable\n|-boost|p1a: Clefable|def|1\n|-boost|p1a: Clefable|spd|1\n|\n|upkeep\n|turn|13\n|inactive|Mothstalgia has 120 seconds left.\n|\n|t:|1698006698\n|move|p2a: Frosmoth|Quiver Dance|p2a: Frosmoth\n|-boost|p2a: Frosmoth|spa|1\n|-boost|p2a: Frosmoth|spd|1\n|-boost|p2a: Frosmoth|spe|1\n|move|p1a: Clefable|Baton Pass|p1a: Clefable\n|inactive|Mothstalgia has 120 seconds left.\n|\n|t:|1698006705\n|switch|p1a: Magearna|Magearna|100\/100|[from] Baton Pass\n|\n|upkeep\n|turn|14\n|\n|t:|1698006712\n|move|p2a: Frosmoth|Quiver Dance|p2a: Frosmoth\n|-boost|p2a: Frosmoth|spa|1\n|-boost|p2a: Frosmoth|spd|1\n|-boost|p2a: Frosmoth|spe|1\n|move|p1a: Magearna|Shift Gear|p1a: Magearna\n|-boost|p1a: Magearna|spe|2\n|-boost|p1a: Magearna|atk|1\n|\n|upkeep\n|turn|15\n|\n|t:|1698006722\n|move|p2a: Frosmoth|Quiver Dance|p2a: Frosmoth\n|-boost|p2a: Frosmoth|spa|1\n|-boost|p2a: Frosmoth|spd|1\n|-boost|p2a: Frosmoth|spe|1\n|move|p1a: Magearna|Iron Head|p2a: Frosmoth\n|-supereffective|p2a: Frosmoth\n|-damage|p2a: Frosmoth|0 fnt\n|faint|p2a: Frosmoth\n|-ability|p1a: Magearna|Soul-Heart|boost\n|-boost|p1a: Magearna|spa|1\n|\n|upkeep\n|\n|t:|1698006733\n|switch|p2a: Dondozo|Dondozo, F|100\/100\n|turn|16\n|inactive|Mothstalgia has 120 seconds left.\n|\n|t:|1698006767\n|move|p1a: Magearna|Baton Pass|p1a: Magearna\n|\n|t:|1698006774\n|switch|p1a: Quagsire|Quagsire, M, shiny|100\/100|[from] Baton Pass\n|move|p2a: Dondozo|Fissure|p1a: Quagsire|[miss]\n|-miss|p2a: Dondozo|p1a: Quagsire\n|\n|upkeep\n|turn|17\n|\n|t:|1698006782\n|move|p1a: Quagsire|Toxic|p2a: Dondozo\n|-status|p2a: Dondozo|tox\n|move|p2a: Dondozo|Fissure|p1a: Quagsire|[miss]\n|-miss|p2a: Dondozo|p1a: Quagsire\n|\n|-damage|p2a: Dondozo|94\/100 tox|[from] psn\n|upkeep\n|turn|18\n|inactive|Mothstalgia has 120 seconds left.\n|\n|t:|1698006794\n|move|p1a: Quagsire|Earthquake|p2a: Dondozo\n|-crit|p2a: Dondozo\n|-damage|p2a: Dondozo|74\/100 tox\n|move|p2a: Dondozo|Fissure|p1a: Quagsire\n|-damage|p1a: Quagsire|0 fnt\n|faint|p1a: Quagsire\n|-ohko\n|\n|-damage|p2a: Dondozo|62\/100 tox|[from] psn\n|upkeep\n|\n|t:|1698006804\n|switch|p1a: Drifblim|Drifblim, F, shiny|50\/100\n|turn|19\n|\n|t:|1698006810\n|move|p1a: Drifblim|Minimize|p1a: Drifblim\n|-boost|p1a: Drifblim|evasion|2\n|move|p2a: Dondozo|Wave Crash|p1a: Drifblim\n|-damage|p1a: Drifblim|17\/100\n|-damage|p2a: Dondozo|51\/100 tox|[from] Recoil\n|-enditem|p1a: Drifblim|Red Card|[of] p2a: Dondozo\n|drag|p2a: Trevenant|Trevenant, F, tera:Ghost|61\/100\n|\n|upkeep\n|turn|20\n|inactive|Mothstalgia has 120 seconds left.\n|\n|t:|1698006831\n|switch|p2a: Florges|Florges, F|100\/100\n|move|p1a: Drifblim|Baton Pass|p1a: Drifblim\n|\n|t:|1698006837\n|switch|p1a: Clefable|Clefable, F, shiny|100\/100|[from] Baton Pass\n|\n|upkeep\n|turn|21\n|\n|t:|1698006844\n|move|p1a: Clefable|Cosmic Power|p1a: Clefable\n|-boost|p1a: Clefable|def|1\n|-boost|p1a: Clefable|spd|1\n|move|p2a: Florges|Wish|p2a: Florges\n|\n|upkeep\n|turn|22\n|inactive|Mothstalgia has 120 seconds left.\n|\n|t:|1698006864\n|move|p1a: Clefable|Cosmic Power|p1a: Clefable\n|-boost|p1a: Clefable|def|1\n|-boost|p1a: Clefable|spd|1\n|move|p2a: Florges|Baton Pass|p2a: Florges\n|\n|t:|1698006869\n|switch|p2a: Dondozo|Dondozo, F|51\/100 tox|[from] Baton Pass\n|\n|-heal|p2a: Dondozo|86\/100 tox|[from] move: Wish|[wisher] Florges\n|-damage|p2a: Dondozo|80\/100 tox|[from] psn\n|upkeep\n|turn|23\n|\n|t:|1698006887\n|move|p1a: Clefable|Baton Pass|p1a: Clefable\n|\n|t:|1698006891\n|switch|p1a: Drifblim|Drifblim, F, shiny|17\/100|[from] Baton Pass\n|move|p2a: Dondozo|Fissure|p1a: Drifblim\n|-immune|p1a: Drifblim\n|\n|-damage|p2a: Dondozo|68\/100 tox|[from] psn\n|upkeep\n|turn|24\n|\n|t:|1698006902\n|move|p1a: Drifblim|Baton Pass|p1a: Drifblim\n|\n|t:|1698006923\n|switch|p1a: Clefable|Clefable, F, shiny|100\/100|[from] Baton Pass\n|move|p2a: Dondozo|Wave Crash|p1a: Clefable\n|-damage|p1a: Clefable|52\/100\n|-damage|p2a: Dondozo|55\/100 tox|[from] Recoil\n|-enditem|p1a: Clefable|Red Card|[of] p2a: Dondozo\n|drag|p2a: Trevenant|Trevenant, F, tera:Ghost|61\/100\n|\n|upkeep\n|turn|25\n|\n|t:|1698006937\n|switch|p2a: Florges|Florges, F|100\/100\n|move|p1a: Clefable|Wish|p1a: Clefable\n|\n|upkeep\n|turn|26\n|\n|t:|1698006950\n|move|p1a: Clefable|Cosmic Power|p1a: Clefable\n|-boost|p1a: Clefable|def|1\n|-boost|p1a: Clefable|spd|1\n|move|p2a: Florges|Moonblast|p1a: Clefable\n|-damage|p1a: Clefable|42\/100\n|-unboost|p1a: Clefable|spa|1\n|\n|-heal|p1a: Clefable|92\/100|[from] move: Wish|[wisher] Clefable\n|upkeep\n|turn|27\n|inactive|Mothstalgia has 90 seconds left.\n|\n|t:|1698006983\n|move|p1a: Clefable|Cosmic Power|p1a: Clefable\n|-boost|p1a: Clefable|def|1\n|-boost|p1a: Clefable|spd|1\n|move|p2a: Florges|Wish|p2a: Florges\n|\n|upkeep\n|turn|28\n|\n|t:|1698007001\n|move|p1a: Clefable|Baton Pass|p1a: Clefable\n|\n|t:|1698007007\n|switch|p1a: Magearna|Magearna|100\/100|[from] Baton Pass\n|move|p2a: Florges|Baton Pass|p2a: Florges\n|\n|t:|1698007014\n|switch|p2a: Dondozo|Dondozo, F|55\/100 tox|[from] Baton Pass\n|\n|-heal|p2a: Dondozo|91\/100 tox|[from] move: Wish|[wisher] Florges\n|-damage|p2a: Dondozo|85\/100 tox|[from] psn\n|upkeep\n|turn|29\n|inactive|Mothstalgia has 60 seconds left.\n|\n|t:|1698007047\n|move|p1a: Magearna|Dazzling Gleam|p2a: Dondozo\n|-damage|p2a: Dondozo|46\/100 tox\n|move|p2a: Dondozo|Wave Crash|p1a: Magearna\n|-damage|p1a: Magearna|72\/100\n|-damage|p2a: Dondozo|40\/100 tox|[from] Recoil\n|\n|-damage|p2a: Dondozo|27\/100 tox|[from] psn\n|upkeep\n|turn|30\n|inactive|Mothstalgia has 60 seconds left.\n|\n|t:|1698007057\n|move|p1a: Magearna|Dazzling Gleam|p2a: Dondozo\n|-damage|p2a: Dondozo|0 fnt\n|faint|p2a: Dondozo\n|-ability|p1a: Magearna|Soul-Heart|boost\n|-boost|p1a: Magearna|spa|1\n|\n|upkeep\n|-message|Everphilix forfeited.\n|\n|win|Mothstalgia\n|raw|Mothstalgia's rating: 1189 &rarr; <strong>1224<\/strong><br \/>(+35 for winning)\n|raw|Everphilix's rating: 1338 &rarr; <strong>1310<\/strong><br \/>(-28 for losing)\n|l|\u2606Everphilix\n","uploadtime":1698007078,"views":12,"p1id":"mothstalgia","p2id":"everphilix","formatid":"gen9anythinggoes","rating":1224,"private":0,"password":""}