{"id":"gen9anythinggoes-1980437039","p1":"Darius50585","p2":"Lily Froom AT&T","format":"[Gen 9] Anything Goes","log":"|j|\u2606Darius50585\n|j|\u2606Lily Froom AT&T\n|t:|1698784841\n|gametype|singles\n|player|p1|Darius50585|102|1255\n|player|p2|Lily Froom AT&T|caitlin|1346\n|teamsize|p1|6\n|teamsize|p2|6\n|gen|9\n|tier|[Gen 9] Anything Goes\n|rated|\n|rule|HP Percentage Mod: HP is shown in percentages\n|rule|Endless Battle Clause: Forcing endless battles is banned\n|clearpoke\n|poke|p1|Samurott-Hisui, M|\n|poke|p1|Kommo-o, F|\n|poke|p1|Gengar, F|\n|poke|p1|Mamoswine, F|\n|poke|p1|Armarouge, M|\n|poke|p1|Arboliva, F|\n|poke|p2|Maushold|\n|poke|p2|Maushold|\n|poke|p2|Maushold|\n|poke|p2|Maushold|\n|poke|p2|Maushold|\n|poke|p2|Maushold|\n|teampreview\n|c|\u2606Darius50585|oh no..\n|c|\u2606Darius50585|no...\n|c|\u2606Darius50585|NOOOOO\n|c|\u2606Darius50585|NOT THE MICE\n|\n|t:|1698784858\n|start\n|switch|p1a: Samurott|Samurott-Hisui, M, shiny|100\/100\n|switch|p2a: THE CHINESE*|Maushold|100\/100\n|turn|1\n|\n|t:|1698784871\n|move|p1a: Samurott|Aqua Cutter|p2a: THE CHINESE*\n|-damage|p2a: THE CHINESE*|43\/100\n|move|p2a: THE CHINESE*|Tidy Up|p2a: THE CHINESE*\n|-boost|p2a: THE CHINESE*|atk|1\n|-boost|p2a: THE CHINESE*|spe|1\n|\n|upkeep\n|turn|2\n|\n|t:|1698784883\n|move|p2a: THE CHINESE*|Population Bomb|p1a: Samurott\n|-damage|p1a: Samurott|79\/100\n|-damage|p1a: Samurott|60\/100\n|-damage|p1a: Samurott|39\/100\n|-damage|p1a: Samurott|18\/100\n|-damage|p1a: Samurott|0 fnt\n|faint|p1a: Samurott\n|-hitcount|p1: Samurott|5\n|\n|upkeep\n|\n|t:|1698784893\n|switch|p1a: Armarouge|Armarouge, M, shiny|100\/100\n|turn|3\n|\n|t:|1698784898\n|move|p1a: Armarouge|Endure|p1a: Armarouge\n|-singleturn|p1a: Armarouge|move: Endure\n|move|p2a: THE CHINESE*|Bite|p1a: Armarouge\n|-supereffective|p1a: Armarouge\n|-damage|p1a: Armarouge|34\/100\n|-ability|p1a: Armarouge|Weak Armor|boost\n|-unboost|p1a: Armarouge|def|1\n|-boost|p1a: Armarouge|spe|2\n|-enditem|p1a: Armarouge|Weakness Policy\n|-boost|p1a: Armarouge|atk|2|[from] item: Weakness Policy\n|-boost|p1a: Armarouge|spa|2|[from] item: Weakness Policy\n|\n|upkeep\n|turn|4\n|\n|t:|1698784915\n|move|p1a: Armarouge|Armor Cannon|p2a: THE CHINESE*\n|-damage|p2a: THE CHINESE*|0 fnt\n|-unboost|p1a: Armarouge|def|1\n|-unboost|p1a: Armarouge|spd|1\n|faint|p2a: THE CHINESE*\n|\n|upkeep\n|\n|t:|1698784921\n|switch|p2a: THE CHINESE|Maushold|100\/100\n|turn|5\n|\n|t:|1698784925\n|move|p1a: Armarouge|Endure|p1a: Armarouge\n|-singleturn|p1a: Armarouge|move: Endure\n|move|p2a: THE CHINESE|Population Bomb|p1a: Armarouge\n|-crit|p1a: Armarouge\n|-activate|p1a: Armarouge|move: Endure\n|-damage|p1a: Armarouge|1\/100\n|-ability|p1a: Armarouge|Weak Armor|boost\n|-unboost|p1a: Armarouge|def|1\n|-boost|p1a: Armarouge|spe|2\n|-activate|p1a: Armarouge|move: Endure\n|-damage|p1a: Armarouge|1\/100\n|-ability|p1a: Armarouge|Weak Armor|boost\n|-unboost|p1a: Armarouge|def|1\n|-boost|p1a: Armarouge|spe|2\n|-activate|p1a: Armarouge|move: Endure\n|-damage|p1a: Armarouge|1\/100\n|-ability|p1a: Armarouge|Weak Armor|boost\n|-unboost|p1a: Armarouge|def|1\n|-activate|p1a: Armarouge|move: Endure\n|-damage|p1a: Armarouge|1\/100\n|-ability|p1a: Armarouge|Weak Armor|boost\n|-unboost|p1a: Armarouge|def|1\n|-activate|p1a: Armarouge|move: Endure\n|-damage|p1a: Armarouge|1\/100\n|-activate|p1a: Armarouge|move: Endure\n|-damage|p1a: Armarouge|1\/100\n|-activate|p1a: Armarouge|move: Endure\n|-damage|p1a: Armarouge|1\/100\n|-crit|p1a: Armarouge\n|-activate|p1a: Armarouge|move: Endure\n|-damage|p1a: Armarouge|1\/100\n|-activate|p1a: Armarouge|move: Endure\n|-damage|p1a: Armarouge|1\/100\n|-activate|p1a: Armarouge|move: Endure\n|-damage|p1a: Armarouge|1\/100\n|-hitcount|p1a: Armarouge|10\n|\n|upkeep\n|turn|6\n|\n|t:|1698784941\n|move|p1a: Armarouge|Armor Cannon|p2a: THE CHINESE\n|-damage|p2a: THE CHINESE|0 fnt\n|-unboost|p1a: Armarouge|spd|1\n|faint|p2a: THE CHINESE\n|\n|upkeep\n|\n|t:|1698784946\n|switch|p2a: THE CHINESE|Maushold|100\/100\n|turn|7\n|\n|t:|1698784949\n|-terastallize|p2a: THE CHINESE|Ghost\n|move|p1a: Armarouge|Armor Cannon|p2a: THE CHINESE\n|-damage|p2a: THE CHINESE|0 fnt\n|-unboost|p1a: Armarouge|spd|1\n|faint|p2a: THE CHINESE\n|\n|upkeep\n|l|\u2606Lily Froom AT&T\n|player|p2|\n|inactive|Battle timer is ON: inactive players will automatically lose when time's up. (requested by Darius50585)\n|inactive|Lily Froom AT&T has 30 seconds to reconnect!\n|inactive|Lily Froom AT&T has 20 seconds to reconnect!\n|inactive|Lily Froom AT&T has 15 seconds to reconnect!\n|inactive|Lily Froom AT&T has 10 seconds to reconnect!\n|inactive|Lily Froom AT&T has 5 seconds to reconnect!\n|-message|Lily Froom AT&T lost due to inactivity.\n|\n|win|Darius50585\n|raw|Darius50585's rating: 1255 &rarr; <strong>1286<\/strong><br \/>(+31 for winning)\n|raw|Lily Froom AT&amp;T's rating: 1346 &rarr; <strong>1321<\/strong><br \/>(-25 for losing)\n","uploadtime":1698785092,"views":7,"p1id":"darius50585","p2id":"lilyfroomatt","formatid":"gen9anythinggoes","rating":1286,"private":0,"password":""}