{"id":"gen9anythinggoes-1983948998","p1":"ImJustACasualGuy","p2":"Blizzerker","format":"[Gen 9] Anything Goes","log":"|j|\u2606ImJustACasualGuy\n|j|\u2606Blizzerker\n|t:|1699203156\n|gametype|singles\n|player|p1|ImJustACasualGuy|101|1000\n|player|p2|Blizzerker|unknown|1011\n|teamsize|p1|6\n|teamsize|p2|6\n|gen|9\n|tier|[Gen 9] Anything Goes\n|rated|\n|rule|HP Percentage Mod: HP is shown in percentages\n|rule|Endless Battle Clause: Forcing endless battles is banned\n|clearpoke\n|poke|p1|Amoonguss, M|\n|poke|p1|Amoonguss, M|\n|poke|p1|Amoonguss, M|\n|poke|p1|Amoonguss, M|\n|poke|p1|Amoonguss, M|\n|poke|p1|Amoonguss, M|\n|poke|p2|Clodsire, M|\n|poke|p2|Ceruledge, F|\n|poke|p2|Dragapult, M|\n|poke|p2|Lurantis, F|\n|poke|p2|Corviknight, M|\n|poke|p2|Drifblim, M|\n|teampreview\n|\n|t:|1699203161\n|start\n|switch|p1a: SporeMcSpore|Amoonguss, M, shiny|100\/100\n|switch|p2a: Ceruledge|Ceruledge, F|100\/100\n|turn|1\n|\n|t:|1699203175\n|move|p2a: Ceruledge|Bitter Blade|p1a: SporeMcSpore\n|-supereffective|p1a: SporeMcSpore\n|-damage|p1a: SporeMcSpore|4\/100\n|move|p1a: SporeMcSpore|Spore|p2a: Ceruledge\n|-status|p2a: Ceruledge|slp|[from] move: Spore\n|\n|upkeep\n|turn|2\n|\n|t:|1699203187\n|cant|p2a: Ceruledge|slp\n|move|p1a: SporeMcSpore|Toxic||[still]\n|-fail|p1a: SporeMcSpore\n|\n|upkeep\n|turn|3\n|\n|t:|1699203193\n|cant|p2a: Ceruledge|slp\n|move|p1a: SporeMcSpore|Toxic||[still]\n|-fail|p1a: SporeMcSpore\n|\n|upkeep\n|turn|4\n|\n|t:|1699203210\n|-curestatus|p2a: Ceruledge|slp|[msg]\n|move|p2a: Ceruledge|Bitter Blade|p1a: SporeMcSpore\n|-supereffective|p1a: SporeMcSpore\n|-damage|p1a: SporeMcSpore|0 fnt\n|-status|p2a: Ceruledge|slp|[from] ability: Effect Spore|[of] p1a: SporeMcSpore\n|faint|p1a: SporeMcSpore\n|\n|upkeep\n|\n|t:|1699203217\n|switch|p1a: SporeMcSpore|Amoonguss, M, shiny|100\/100\n|turn|5\n|\n|t:|1699203221\n|cant|p2a: Ceruledge|slp\n|move|p1a: SporeMcSpore|Spore|p2a: Ceruledge\n|-fail|p2a: Ceruledge|slp\n|\n|upkeep\n|turn|6\n|\n|t:|1699203228\n|cant|p2a: Ceruledge|slp\n|move|p1a: SporeMcSpore|Stun Spore||[still]\n|-fail|p1a: SporeMcSpore\n|\n|upkeep\n|turn|7\n|c|\u2606ImJustACasualGuy|You must sleep sir\n|\n|t:|1699203252\n|-curestatus|p2a: Ceruledge|slp|[msg]\n|move|p2a: Ceruledge|Bitter Blade|p1a: SporeMcSpore\n|-supereffective|p1a: SporeMcSpore\n|-enditem|p1a: SporeMcSpore|Focus Sash\n|-damage|p1a: SporeMcSpore|1\/100\n|move|p1a: SporeMcSpore|Stun Spore|p2a: Ceruledge\n|-status|p2a: Ceruledge|par\n|\n|upkeep\n|turn|8\n|\n|t:|1699203266\n|move|p1a: SporeMcSpore|Toxic||[still]\n|-fail|p1a: SporeMcSpore\n|cant|p2a: Ceruledge|par\n|\n|upkeep\n|turn|9\n|\n|t:|1699203274\n|move|p1a: SporeMcSpore|Stun Spore|p2a: Ceruledge\n|-fail|p2a: Ceruledge|par\n|cant|p2a: Ceruledge|par\n|\n|upkeep\n|turn|10\n|\n|t:|1699203281\n|switch|p2a: Clodsire|Clodsire, M|100\/100\n|move|p1a: SporeMcSpore|Spore|p2a: Clodsire\n|-status|p2a: Clodsire|slp|[from] move: Spore\n|\n|upkeep\n|turn|11\n|\n|t:|1699203296\n|move|p1a: SporeMcSpore|Endure|p1a: SporeMcSpore\n|-singleturn|p1a: SporeMcSpore|move: Endure\n|cant|p2a: Clodsire|slp\n|\n|upkeep\n|turn|12\n|\n|t:|1699203304\n|move|p1a: SporeMcSpore|Spore|p2a: Clodsire\n|-fail|p2a: Clodsire|slp\n|-curestatus|p2a: Clodsire|slp|[msg]\n|move|p2a: Clodsire|Toxic Spikes|p1a: SporeMcSpore\n|-sidestart|p1: ImJustACasualGuy|move: Toxic Spikes\n|\n|upkeep\n|turn|13\n|\n|t:|1699203314\n|move|p1a: SporeMcSpore|Spore|p2a: Clodsire\n|-status|p2a: Clodsire|slp|[from] move: Spore\n|cant|p2a: Clodsire|slp\n|\n|upkeep\n|turn|14\n|\n|t:|1699203325\n|move|p1a: SporeMcSpore|Endure|p1a: SporeMcSpore\n|-singleturn|p1a: SporeMcSpore|move: Endure\n|cant|p2a: Clodsire|slp\n|\n|upkeep\n|turn|15\n|\n|t:|1699203331\n|move|p1a: SporeMcSpore|Endure||[still]\n|-fail|p1a: SporeMcSpore\n|cant|p2a: Clodsire|slp\n|\n|upkeep\n|turn|16\n|\n|t:|1699203345\n|move|p1a: SporeMcSpore|Endure|p1a: SporeMcSpore\n|-singleturn|p1a: SporeMcSpore|move: Endure\n|-curestatus|p2a: Clodsire|slp|[msg]\n|move|p2a: Clodsire|Earthquake|p1a: SporeMcSpore\n|-activate|p1a: SporeMcSpore|move: Endure\n|-damage|p1a: SporeMcSpore|1\/100\n|\n|upkeep\n|turn|17\n|\n|t:|1699203354\n|move|p1a: SporeMcSpore|Spore|p2a: Clodsire\n|-status|p2a: Clodsire|slp|[from] move: Spore\n|cant|p2a: Clodsire|slp\n|\n|upkeep\n|turn|18\n|\n|t:|1699203360\n|move|p1a: SporeMcSpore|Endure|p1a: SporeMcSpore\n|-singleturn|p1a: SporeMcSpore|move: Endure\n|cant|p2a: Clodsire|slp\n|\n|upkeep\n|turn|19\n|\n|t:|1699203369\n|move|p1a: SporeMcSpore|Endure|p1a: SporeMcSpore\n|-singleturn|p1a: SporeMcSpore|move: Endure\n|cant|p2a: Clodsire|slp\n|\n|upkeep\n|turn|20\n|\n|t:|1699203374\n|move|p1a: SporeMcSpore|Endure||[still]\n|-fail|p1a: SporeMcSpore\n|-curestatus|p2a: Clodsire|slp|[msg]\n|move|p2a: Clodsire|Earthquake|p1a: SporeMcSpore\n|-damage|p1a: SporeMcSpore|0 fnt\n|faint|p1a: SporeMcSpore\n|\n|upkeep\n|\n|t:|1699203383\n|switch|p1a: SporeMcSpore|Amoonguss, M, shiny|100\/100\n|-sideend|p1: ImJustACasualGuy|move: Toxic Spikes|[of] p1a: SporeMcSpore\n|turn|21\n|\n|t:|1699203391\n|move|p1a: SporeMcSpore|Toxic|p2a: Clodsire\n|-immune|p2a: Clodsire\n|move|p2a: Clodsire|Earthquake|p1a: SporeMcSpore\n|-damage|p1a: SporeMcSpore|70\/100\n|\n|upkeep\n|turn|22\n|\n|t:|1699203398\n|move|p1a: SporeMcSpore|Stun Spore|p2a: Clodsire|[miss]\n|-miss|p1a: SporeMcSpore|p2a: Clodsire\n|move|p2a: Clodsire|Earthquake|p1a: SporeMcSpore\n|-crit|p1a: SporeMcSpore\n|-damage|p1a: SporeMcSpore|22\/100\n|\n|upkeep\n|turn|23\n|\n|t:|1699203405\n|move|p1a: SporeMcSpore|Spore|p2a: Clodsire\n|-status|p2a: Clodsire|slp|[from] move: Spore\n|cant|p2a: Clodsire|slp\n|\n|upkeep\n|turn|24\n|\n|t:|1699203411\n|move|p1a: SporeMcSpore|Endure|p1a: SporeMcSpore\n|-singleturn|p1a: SporeMcSpore|move: Endure\n|-curestatus|p2a: Clodsire|slp|[msg]\n|move|p2a: Clodsire|Earthquake|p1a: SporeMcSpore\n|-activate|p1a: SporeMcSpore|move: Endure\n|-damage|p1a: SporeMcSpore|1\/100\n|\n|upkeep\n|turn|25\n|\n|t:|1699203421\n|move|p1a: SporeMcSpore|Spore|p2a: Clodsire\n|-status|p2a: Clodsire|slp|[from] move: Spore\n|cant|p2a: Clodsire|slp\n|\n|upkeep\n|turn|26\n|\n|t:|1699203431\n|move|p1a: SporeMcSpore|Endure|p1a: SporeMcSpore\n|-singleturn|p1a: SporeMcSpore|move: Endure\n|-curestatus|p2a: Clodsire|slp|[msg]\n|move|p2a: Clodsire|Earthquake|p1a: SporeMcSpore\n|-activate|p1a: SporeMcSpore|move: Endure\n|-damage|p1a: SporeMcSpore|1\/100\n|\n|upkeep\n|turn|27\n|\n|t:|1699203447\n|move|p1a: SporeMcSpore|Spore|p2a: Clodsire\n|-status|p2a: Clodsire|slp|[from] move: Spore\n|cant|p2a: Clodsire|slp\n|\n|upkeep\n|turn|28\n|\n|t:|1699203452\n|move|p1a: SporeMcSpore|Endure|p1a: SporeMcSpore\n|-singleturn|p1a: SporeMcSpore|move: Endure\n|cant|p2a: Clodsire|slp\n|\n|upkeep\n|turn|29\n|\n|t:|1699203459\n|move|p1a: SporeMcSpore|Endure|p1a: SporeMcSpore\n|-singleturn|p1a: SporeMcSpore|move: Endure\n|cant|p2a: Clodsire|slp\n|\n|upkeep\n|turn|30\n|\n|t:|1699203466\n|move|p1a: SporeMcSpore|Spore|p2a: Clodsire\n|-fail|p2a: Clodsire|slp\n|-curestatus|p2a: Clodsire|slp|[msg]\n|move|p2a: Clodsire|Earthquake|p1a: SporeMcSpore\n|-damage|p1a: SporeMcSpore|0 fnt\n|faint|p1a: SporeMcSpore\n|\n|upkeep\n|\n|t:|1699203474\n|switch|p1a: SporeMcSpore|Amoonguss, M, shiny|100\/100\n|turn|31\n|\n|t:|1699203478\n|move|p1a: SporeMcSpore|Spore|p2a: Clodsire\n|-status|p2a: Clodsire|slp|[from] move: Spore\n|cant|p2a: Clodsire|slp\n|\n|upkeep\n|turn|32\n|\n|t:|1699203484\n|move|p1a: SporeMcSpore|Stun Spore||[still]\n|-fail|p1a: SporeMcSpore\n|cant|p2a: Clodsire|slp\n|\n|upkeep\n|turn|33\n|\n|t:|1699203491\n|move|p1a: SporeMcSpore|Stun Spore||[still]\n|-fail|p1a: SporeMcSpore\n|cant|p2a: Clodsire|slp\n|\n|upkeep\n|turn|34\n|\n|t:|1699203497\n|move|p1a: SporeMcSpore|Stun Spore||[still]\n|-fail|p1a: SporeMcSpore\n|-curestatus|p2a: Clodsire|slp|[msg]\n|move|p2a: Clodsire|Earthquake|p1a: SporeMcSpore\n|-damage|p1a: SporeMcSpore|73\/100\n|\n|upkeep\n|turn|35\n|\n|t:|1699203505\n|move|p1a: SporeMcSpore|Stun Spore|p2a: Clodsire|[miss]\n|-miss|p1a: SporeMcSpore|p2a: Clodsire\n|move|p2a: Clodsire|Earthquake|p1a: SporeMcSpore\n|-damage|p1a: SporeMcSpore|45\/100\n|\n|upkeep\n|turn|36\n|\n|t:|1699203512\n|move|p1a: SporeMcSpore|Spore|p2a: Clodsire\n|-status|p2a: Clodsire|slp|[from] move: Spore\n|cant|p2a: Clodsire|slp\n|\n|upkeep\n|turn|37\n|\n|t:|1699203520\n|move|p1a: SporeMcSpore|Endure|p1a: SporeMcSpore\n|-singleturn|p1a: SporeMcSpore|move: Endure\n|-curestatus|p2a: Clodsire|slp|[msg]\n|move|p2a: Clodsire|Recover||[still]\n|-fail|p2a: Clodsire|heal\n|\n|upkeep\n|turn|38\n|\n|t:|1699203527\n|move|p1a: SporeMcSpore|Spore|p2a: Clodsire\n|-status|p2a: Clodsire|slp|[from] move: Spore\n|cant|p2a: Clodsire|slp\n|\n|upkeep\n|turn|39\n|\n|t:|1699203548\n|move|p1a: SporeMcSpore|Endure|p1a: SporeMcSpore\n|-singleturn|p1a: SporeMcSpore|move: Endure\n|cant|p2a: Clodsire|slp\n|\n|upkeep\n|turn|40\n|\n|t:|1699203557\n|move|p1a: SporeMcSpore|Spore|p2a: Clodsire\n|-fail|p2a: Clodsire|slp\n|-curestatus|p2a: Clodsire|slp|[msg]\n|move|p2a: Clodsire|Earthquake|p1a: SporeMcSpore\n|-damage|p1a: SporeMcSpore|17\/100\n|\n|upkeep\n|turn|41\n|\n|t:|1699203565\n|move|p1a: SporeMcSpore|Spore|p2a: Clodsire\n|-status|p2a: Clodsire|slp|[from] move: Spore\n|cant|p2a: Clodsire|slp\n|\n|upkeep\n|turn|42\n|\n|t:|1699203584\n|move|p1a: SporeMcSpore|Endure|p1a: SporeMcSpore\n|-singleturn|p1a: SporeMcSpore|move: Endure\n|cant|p2a: Clodsire|slp\n|\n|upkeep\n|turn|43\n|\n|t:|1699203590\n|move|p1a: SporeMcSpore|Endure||[still]\n|-fail|p1a: SporeMcSpore\n|cant|p2a: Clodsire|slp\n|\n|upkeep\n|turn|44\n|c|\u2606ImJustACasualGuy|this is a long game\n|\n|t:|1699203596\n|move|p1a: SporeMcSpore|Endure|p1a: SporeMcSpore\n|-singleturn|p1a: SporeMcSpore|move: Endure\n|-curestatus|p2a: Clodsire|slp|[msg]\n|move|p2a: Clodsire|Earthquake|p1a: SporeMcSpore\n|-activate|p1a: SporeMcSpore|move: Endure\n|-damage|p1a: SporeMcSpore|1\/100\n|\n|upkeep\n|turn|45\n|\n|t:|1699203610\n|move|p1a: SporeMcSpore|Spore|p2a: Clodsire\n|-status|p2a: Clodsire|slp|[from] move: Spore\n|cant|p2a: Clodsire|slp\n|\n|upkeep\n|turn|46\n|inactive|Battle timer is ON: inactive players will automatically lose when time's up. (requested by Blizzerker)\n|\n|t:|1699203629\n|move|p1a: SporeMcSpore|Endure|p1a: SporeMcSpore\n|-singleturn|p1a: SporeMcSpore|move: Endure\n|-curestatus|p2a: Clodsire|slp|[msg]\n|move|p2a: Clodsire|Earthquake|p1a: SporeMcSpore\n|-activate|p1a: SporeMcSpore|move: Endure\n|-damage|p1a: SporeMcSpore|1\/100\n|\n|upkeep\n|turn|47\n|\n|t:|1699203640\n|move|p1a: SporeMcSpore|Spore|p2a: Clodsire\n|-status|p2a: Clodsire|slp|[from] move: Spore\n|cant|p2a: Clodsire|slp\n|\n|upkeep\n|turn|48\n|c|\u2606ImJustACasualGuy|sleep\n|\n|t:|1699203649\n|move|p1a: SporeMcSpore|Endure|p1a: SporeMcSpore\n|-singleturn|p1a: SporeMcSpore|move: Endure\n|-curestatus|p2a: Clodsire|slp|[msg]\n|move|p2a: Clodsire|Earthquake|p1a: SporeMcSpore\n|-activate|p1a: SporeMcSpore|move: Endure\n|-damage|p1a: SporeMcSpore|1\/100\n|\n|upkeep\n|turn|49\n|\n|t:|1699203657\n|move|p1a: SporeMcSpore|Spore|p2a: Clodsire\n|-status|p2a: Clodsire|slp|[from] move: Spore\n|cant|p2a: Clodsire|slp\n|\n|upkeep\n|turn|50\n|\n|t:|1699203664\n|move|p1a: SporeMcSpore|Endure|p1a: SporeMcSpore\n|-singleturn|p1a: SporeMcSpore|move: Endure\n|-curestatus|p2a: Clodsire|slp|[msg]\n|move|p2a: Clodsire|Earthquake|p1a: SporeMcSpore\n|-activate|p1a: SporeMcSpore|move: Endure\n|-damage|p1a: SporeMcSpore|1\/100\n|\n|upkeep\n|turn|51\n|\n|t:|1699203673\n|move|p1a: SporeMcSpore|Spore|p2a: Clodsire\n|-status|p2a: Clodsire|slp|[from] move: Spore\n|cant|p2a: Clodsire|slp\n|\n|upkeep\n|turn|52\n|c|\u2606ImJustACasualGuy|bro is gonna die to the timer\n|\n|t:|1699203681\n|move|p1a: SporeMcSpore|Endure|p1a: SporeMcSpore\n|-singleturn|p1a: SporeMcSpore|move: Endure\n|cant|p2a: Clodsire|slp\n|\n|upkeep\n|turn|53\n|\n|t:|1699203686\n|move|p1a: SporeMcSpore|Endure|p1a: SporeMcSpore\n|-singleturn|p1a: SporeMcSpore|move: Endure\n|-curestatus|p2a: Clodsire|slp|[msg]\n|move|p2a: Clodsire|Earthquake|p1a: SporeMcSpore\n|-activate|p1a: SporeMcSpore|move: Endure\n|-damage|p1a: SporeMcSpore|1\/100\n|\n|upkeep\n|turn|54\n|\n|t:|1699203694\n|move|p1a: SporeMcSpore|Spore|p2a: Clodsire\n|-status|p2a: Clodsire|slp|[from] move: Spore\n|cant|p2a: Clodsire|slp\n|\n|upkeep\n|turn|55\n|\n|t:|1699203702\n|move|p1a: SporeMcSpore|Endure|p1a: SporeMcSpore\n|-singleturn|p1a: SporeMcSpore|move: Endure\n|-curestatus|p2a: Clodsire|slp|[msg]\n|move|p2a: Clodsire|Earthquake|p1a: SporeMcSpore\n|-activate|p1a: SporeMcSpore|move: Endure\n|-damage|p1a: SporeMcSpore|1\/100\n|\n|upkeep\n|turn|56\n|\n|t:|1699203711\n|switch|p2a: Ceruledge|Ceruledge, F|100\/100 par\n|move|p1a: SporeMcSpore|Spore||[still]\n|-fail|p1a: SporeMcSpore\n|\n|upkeep\n|turn|57\n|\n|t:|1699203717\n|move|p1a: SporeMcSpore|Spore||[still]\n|-fail|p1a: SporeMcSpore\n|move|p2a: Ceruledge|Bitter Blade|p1a: SporeMcSpore\n|-supereffective|p1a: SporeMcSpore\n|-damage|p1a: SporeMcSpore|0 fnt\n|faint|p1a: SporeMcSpore\n|\n|upkeep\n|\n|t:|1699203724\n|switch|p1a: SporeMcSpore|Amoonguss, M, shiny|100\/100\n|turn|58\n|\n|t:|1699203729\n|-terastallize|p1a: SporeMcSpore|Dark\n|move|p1a: SporeMcSpore|Spore||[still]\n|-fail|p1a: SporeMcSpore\n|move|p2a: Ceruledge|Bitter Blade|p1a: SporeMcSpore\n|-damage|p1a: SporeMcSpore|61\/100\n|\n|upkeep\n|turn|59\n|\n|t:|1699203743\n|move|p1a: SporeMcSpore|Toxic||[still]\n|-fail|p1a: SporeMcSpore\n|cant|p2a: Ceruledge|par\n|\n|upkeep\n|turn|60\n|\n|t:|1699203749\n|move|p1a: SporeMcSpore|Stun Spore|p2a: Ceruledge\n|-fail|p2a: Ceruledge|par\n|move|p2a: Ceruledge|Bitter Blade|p1a: SporeMcSpore\n|-damage|p1a: SporeMcSpore|22\/100\n|\n|upkeep\n|turn|61\n|\n|t:|1699203756\n|move|p1a: SporeMcSpore|Spore||[still]\n|-fail|p1a: SporeMcSpore\n|cant|p2a: Ceruledge|par\n|\n|upkeep\n|turn|62\n|\n|t:|1699203769\n|move|p1a: SporeMcSpore|Spore||[still]\n|-fail|p1a: SporeMcSpore\n|move|p2a: Ceruledge|Bitter Blade|p1a: SporeMcSpore\n|-damage|p1a: SporeMcSpore|0 fnt\n|faint|p1a: SporeMcSpore\n|\n|upkeep\n|\n|t:|1699203776\n|switch|p1a: SporeMcSpore|Amoonguss, M, shiny|100\/100\n|turn|63\n|c|\u2606ImJustACasualGuy|gg\n|c|\u2606ImJustACasualGuy|you win\n|\n|t:|1699203785\n|move|p1a: SporeMcSpore|Endure|p1a: SporeMcSpore\n|-singleturn|p1a: SporeMcSpore|move: Endure\n|move|p2a: Ceruledge|Bitter Blade|p1a: SporeMcSpore\n|-supereffective|p1a: SporeMcSpore\n|-activate|p1a: SporeMcSpore|move: Endure\n|-damage|p1a: SporeMcSpore|1\/100\n|\n|upkeep\n|turn|64\n|\n|t:|1699203800\n|move|p1a: SporeMcSpore|Spore||[still]\n|-fail|p1a: SporeMcSpore\n|move|p2a: Ceruledge|Bitter Blade|p1a: SporeMcSpore\n|-supereffective|p1a: SporeMcSpore\n|-damage|p1a: SporeMcSpore|0 fnt\n|faint|p1a: SporeMcSpore\n|\n|win|Blizzerker\n|raw|ImJustACasualGuy's rating: 1000 &rarr; <strong>1000<\/strong><br \/>(+0 for losing)\n|raw|Blizzerker's rating: 1011 &rarr; <strong>1048<\/strong><br \/>(+37 for winning)\n|c|\u2606ImJustACasualGuy|gg you wasted your time for a rank\n","uploadtime":1699203845,"views":3,"p1id":"imjustacasualguy","p2id":"blizzerker","formatid":"gen9anythinggoes","rating":1000,"private":0,"password":""}