{"id":"gen9anythinggoes-2000112655","p1":"SibYz","p2":"Koibitio","format":"[Gen 9] Anything Goes","log":"|j|\u2606SibYz\n|j|\u203dKoibitio\n|t:|1701157100\n|gametype|singles\n|player|p1|SibYz|169|1300\n|player|p2|Koibitio|buck|1480\n|teamsize|p1|6\n|teamsize|p2|6\n|gen|9\n|tier|[Gen 9] Anything Goes\n|rated|\n|rule|HP Percentage Mod: HP is shown in percentages\n|rule|Endless Battle Clause: Forcing endless battles is banned\n|clearpoke\n|poke|p1|Calyrex-Shadow|\n|poke|p1|Zacian-*|\n|poke|p1|Volcarona, M|\n|poke|p1|Kyogre|\n|poke|p1|Gliscor, M|\n|poke|p1|Roaring Moon|\n|poke|p2|Koraidon|\n|poke|p2|Flutter Mane|\n|poke|p2|Torkoal, F|\n|poke|p2|Chi-Yu|\n|poke|p2|Lilligant-Hisui, F|\n|poke|p2|Maushold-Four|\n|teampreview\n|\n|t:|1701157111\n|start\n|switch|p1a: Gliscor|Gliscor, M|100\/100\n|switch|p2a: Torkoal|Torkoal, F, shiny|100\/100\n|-weather|SunnyDay|[from] ability: Drought|[of] p2a: Torkoal\n|turn|1\n|c|\u2606SibYz|good luck\n|\n|t:|1701157129\n|move|p1a: Gliscor|Toxic Spikes|p2a: Torkoal\n|-sidestart|p2: Koibitio|move: Toxic Spikes\n|move|p2a: Torkoal|Stealth Rock|p1a: Gliscor\n|-sidestart|p1: SibYz|move: Stealth Rock\n|\n|-weather|SunnyDay|[upkeep]\n|-status|p1a: Gliscor|tox|[from] item: Toxic Orb\n|upkeep\n|turn|2\n|\n|t:|1701157135\n|move|p1a: Gliscor|Stealth Rock|p2a: Torkoal\n|-sidestart|p2: Koibitio|move: Stealth Rock\n|move|p2a: Torkoal|Rapid Spin|p1a: Gliscor\n|-damage|p1a: Gliscor|94\/100 tox\n|-boost|p2a: Torkoal|spe|1\n|-sideend|p2: Koibitio|Toxic Spikes|[from] move: Rapid Spin|[of] p2a: Torkoal\n|-sideend|p2: Koibitio|Stealth Rock|[from] move: Rapid Spin|[of] p2a: Torkoal\n|\n|-weather|SunnyDay|[upkeep]\n|-heal|p1a: Gliscor|100\/100 tox|[from] ability: Poison Heal\n|upkeep\n|turn|3\n|\n|t:|1701157157\n|switch|p2a: Maushold|Maushold-Four|100\/100\n|move|p1a: Gliscor|Poison Jab|p2a: Maushold\n|-damage|p2a: Maushold|70\/100\n|-status|p2a: Maushold|psn\n|\n|-weather|SunnyDay|[upkeep]\n|-damage|p2a: Maushold|58\/100 psn|[from] psn\n|upkeep\n|turn|4\n|\n|t:|1701157171\n|switch|p2a: Lilligant|Lilligant-Hisui, F, shiny|100\/100\n|move|p1a: Gliscor|Taunt|p2a: Lilligant\n|-start|p2a: Lilligant|move: Taunt\n|\n|-weather|SunnyDay|[upkeep]\n|upkeep\n|turn|5\n|\n|t:|1701157181\n|move|p2a: Lilligant|Ice Spinner|p1a: Gliscor\n|-supereffective|p1a: Gliscor\n|-damage|p1a: Gliscor|0 fnt\n|faint|p1a: Gliscor\n|\n|-weather|SunnyDay|[upkeep]\n|upkeep\n|\n|t:|1701157191\n|switch|p1a: Volcarona|Volcarona, M, shiny|100\/100\n|-damage|p1a: Volcarona|50\/100|[from] Stealth Rock\n|turn|6\n|\n|t:|1701157202\n|switch|p2a: Chi-Yu|Chi-Yu|100\/100\n|-ability|p2a: Chi-Yu|Beads of Ruin\n|move|p1a: Volcarona|Fiery Dance|p2a: Chi-Yu\n|-resisted|p2a: Chi-Yu\n|-damage|p2a: Chi-Yu|47\/100\n|-boost|p1a: Volcarona|spa|1\n|-damage|p1a: Volcarona|41\/100|[from] item: Life Orb\n|\n|-weather|SunnyDay|[upkeep]\n|upkeep\n|turn|7\n|\n|t:|1701157216\n|move|p2a: Chi-Yu|Heat Wave|p1a: Volcarona\n|-damage|p1a: Volcarona|0 fnt\n|faint|p1a: Volcarona\n|\n|-weather|SunnyDay|[upkeep]\n|upkeep\n|\n|t:|1701157225\n|switch|p1a: Kyogre|Kyogre, shiny|100\/100\n|-damage|p1a: Kyogre|88\/100|[from] Stealth Rock\n|-weather|RainDance|[from] ability: Drizzle|[of] p1a: Kyogre\n|turn|8\n|\n|t:|1701157231\n|switch|p2a: Koraidon|Koraidon|100\/100\n|-weather|SunnyDay|[from] ability: Orichalcum Pulse|[of] p2a: Koraidon\n|-activate|p2a: Koraidon|Orichalcum Pulse|[source]\n|move|p1a: Kyogre|Water Spout|p2a: Koraidon\n|-resisted|p2a: Koraidon\n|-damage|p2a: Koraidon|73\/100\n|-damage|p1a: Kyogre|78\/100|[from] item: Life Orb\n|\n|-weather|SunnyDay|[upkeep]\n|upkeep\n|turn|9\n|\n|t:|1701157245\n|switch|p1a: Zacian|Zacian-Crowned|100\/100\n|-damage|p1a: Zacian|94\/100|[from] Stealth Rock\n|-ability|p1a: Zacian|Intrepid Sword|boost\n|-boost|p1a: Zacian|atk|1\n|move|p2a: Koraidon|Flame Charge|p1a: Zacian\n|-supereffective|p1a: Zacian\n|-damage|p1a: Zacian|17\/100\n|-boost|p2a: Koraidon|spe|1\n|\n|-weather|SunnyDay|[upkeep]\n|upkeep\n|turn|10\n|\n|t:|1701157258\n|switch|p1a: Kyogre|Kyogre, shiny|78\/100\n|-damage|p1a: Kyogre|66\/100|[from] Stealth Rock\n|-weather|RainDance|[from] ability: Drizzle|[of] p1a: Kyogre\n|move|p2a: Koraidon|Flame Charge|p1a: Kyogre\n|-resisted|p1a: Kyogre\n|-damage|p1a: Kyogre|62\/100\n|-boost|p2a: Koraidon|spe|1\n|\n|-weather|RainDance|[upkeep]\n|upkeep\n|turn|11\n|\n|t:|1701157271\n|-terastallize|p2a: Koraidon|Steel\n|move|p2a: Koraidon|Collision Course|p1a: Kyogre\n|-damage|p1a: Kyogre|6\/100\n|move|p1a: Kyogre|Earthquake|p2a: Koraidon\n|-supereffective|p2a: Koraidon\n|-damage|p2a: Koraidon|22\/100\n|-damage|p1a: Kyogre|0 fnt|[from] item: Life Orb\n|faint|p1a: Kyogre\n|\n|-weather|RainDance|[upkeep]\n|upkeep\n|\n|t:|1701157283\n|switch|p1a: Calyrex|Calyrex-Shadow|100\/100\n|-ability|p1a: Calyrex|As One\n|-ability|p1a: Calyrex|Unnerve\n|-damage|p1a: Calyrex|88\/100|[from] Stealth Rock\n|turn|12\n|\n|t:|1701157291\n|move|p2a: Koraidon|Iron Head|p1a: Calyrex\n|-damage|p1a: Calyrex|32\/100\n|cant|p1a: Calyrex|flinch\n|\n|-weather|RainDance|[upkeep]\n|upkeep\n|turn|13\n|\n|t:|1701157297\n|move|p2a: Koraidon|Iron Head|p1a: Calyrex\n|-damage|p1a: Calyrex|0 fnt\n|faint|p1a: Calyrex\n|\n|-weather|RainDance|[upkeep]\n|upkeep\n|\n|t:|1701157301\n|switch|p1a: Roaring Moon|Roaring Moon|100\/100\n|-damage|p1a: Roaring Moon|88\/100|[from] Stealth Rock\n|turn|14\n|\n|t:|1701157307\n|-terastallize|p1a: Roaring Moon|Dragon\n|move|p2a: Koraidon|Collision Course|p1a: Roaring Moon\n|-damage|p1a: Roaring Moon|15\/100\n|move|p1a: Roaring Moon|Outrage|p2a: Koraidon\n|-resisted|p2a: Koraidon\n|-damage|p2a: Koraidon|0 fnt\n|faint|p2a: Koraidon\n|\n|-weather|none\n|upkeep\n|\n|t:|1701157314\n|switch|p2a: Torkoal|Torkoal, F, shiny|100\/100\n|-weather|SunnyDay|[from] ability: Drought|[of] p2a: Torkoal\n|-activate|p1a: Roaring Moon|ability: Protosynthesis\n|-start|p1a: Roaring Moon|protosynthesisatk\n|turn|15\n|\n|t:|1701157321\n|switch|p2a: Flutter Mane|Flutter Mane|100\/100\n|-activate|p2a: Flutter Mane|ability: Protosynthesis\n|-start|p2a: Flutter Mane|protosynthesisspe\n|move|p1a: Roaring Moon|Outrage|p2a: Flutter Mane|[from]lockedmove\n|-immune|p2a: Flutter Mane\n|\n|-weather|SunnyDay|[upkeep]\n|upkeep\n|turn|16\n|\n|t:|1701157329\n|-end|p1a: Roaring Moon|Protosynthesis|[silent]\n|switch|p1a: Zacian|Zacian-Crowned|17\/100\n|-damage|p1a: Zacian|11\/100|[from] Stealth Rock\n|move|p2a: Flutter Mane|Mystical Fire|p1a: Zacian\n|-supereffective|p1a: Zacian\n|-damage|p1a: Zacian|0 fnt\n|faint|p1a: Zacian\n|\n|-weather|SunnyDay|[upkeep]\n|upkeep\n|\n|t:|1701157337\n|switch|p1a: Roaring Moon|Roaring Moon, tera:Dragon|15\/100\n|-damage|p1a: Roaring Moon|3\/100|[from] Stealth Rock\n|-activate|p1a: Roaring Moon|ability: Protosynthesis\n|-start|p1a: Roaring Moon|protosynthesisatk\n|turn|17\n|\n|t:|1701157348\n|move|p2a: Flutter Mane|Mystical Fire|p1a: Roaring Moon\n|-resisted|p1a: Roaring Moon\n|-damage|p1a: Roaring Moon|0 fnt\n|faint|p1a: Roaring Moon\n|-end|p1a: Roaring Moon|Protosynthesis|[silent]\n|\n|win|Koibitio\n|raw|SibYz's rating: 1300 &rarr; <strong>1287<\/strong><br \/>(-13 for losing)\n|raw|Koibitio's rating: 1480 &rarr; <strong>1490<\/strong><br \/>(+10 for winning)\n|l|\u2606SibYz\n","uploadtime":1701157364,"views":0,"p1id":"sibyz","p2id":"koibitio","formatid":"gen9anythinggoes","rating":1287,"private":0,"password":""}