{"id":"gen9anythinggoes-1980456083","p1":"Leo mate","p2":"MelloBello","format":"[Gen 9] Anything Goes","log":"|j|\u2606Leo mate\n|j|\u2606MelloBello\n|t:|1698786591\n|gametype|singles\n|player|p1|Leo mate|lady-gen4|1047\n|player|p2|MelloBello|170|1114\n|teamsize|p1|2\n|teamsize|p2|6\n|gen|9\n|tier|[Gen 9] Anything Goes\n|rated|\n|rule|HP Percentage Mod: HP is shown in percentages\n|rule|Endless Battle Clause: Forcing endless battles is banned\n|clearpoke\n|poke|p1|Manaphy|\n|poke|p1|Pelipper, M|\n|poke|p2|Alomomola, M|\n|poke|p2|Calyrex-Shadow|\n|poke|p2|Volcarona, M|\n|poke|p2|Forretress, F|\n|poke|p2|Masquerain, M|\n|poke|p2|Iron Valiant|\n|teampreview\n|\n|t:|1698786599\n|start\n|switch|p1a: Pelipper|Pelipper, M|100\/100\n|switch|p2a: Forretress|Forretress, F|100\/100\n|-weather|RainDance|[from] ability: Drizzle|[of] p1a: Pelipper\n|turn|1\n|\n|t:|1698786614\n|move|p1a: Pelipper|Tailwind|p1a: Pelipper\n|-sidestart|p1: Leo mate|move: Tailwind\n|move|p2a: Forretress|Toxic Spikes|p1a: Pelipper\n|-sidestart|p1: Leo mate|move: Toxic Spikes\n|\n|-weather|RainDance|[upkeep]\n|upkeep\n|turn|2\n|\n|t:|1698786630\n|move|p1a: Pelipper|U-turn|p2a: Forretress\n|-resisted|p2a: Forretress\n|-damage|p2a: Forretress|97\/100\n|-damage|p1a: Pelipper|84\/100|[from] item: Rocky Helmet|[of] p2a: Forretress\n|\n|t:|1698786637\n|switch|p1a: Manaphy|Manaphy|100\/100|[from] U-turn\n|-status|p1a: Manaphy|psn\n|move|p2a: Forretress|Stealth Rock|p1a: Manaphy\n|-sidestart|p1: Leo mate|move: Stealth Rock\n|\n|-weather|RainDance|[upkeep]\n|-activate|p1a: Manaphy|ability: Hydration\n|-curestatus|p1a: Manaphy|psn|[msg]\n|upkeep\n|turn|3\n|\n|t:|1698786650\n|move|p1a: Manaphy|Tail Glow|p1a: Manaphy\n|-boost|p1a: Manaphy|spa|3\n|move|p2a: Forretress|Spikes|p1a: Manaphy\n|-sidestart|p1: Leo mate|Spikes\n|\n|-weather|RainDance|[upkeep]\n|upkeep\n|turn|4\n|\n|t:|1698786672\n|move|p1a: Manaphy|Scald|p2a: Forretress\n|-crit|p2a: Forretress\n|-damage|p2a: Forretress|0 fnt\n|faint|p2a: Forretress\n|\n|-weather|RainDance|[upkeep]\n|-sideend|p1: Leo mate|move: Tailwind\n|upkeep\n|\n|t:|1698786684\n|switch|p2a: Masquerain|Masquerain, M|100\/100\n|-ability|p2a: Masquerain|Intimidate|boost\n|-unboost|p1a: Manaphy|atk|1\n|turn|5\n|\n|t:|1698786696\n|move|p1a: Manaphy|Ice Beam|p2a: Masquerain\n|-supereffective|p2a: Masquerain\n|-enditem|p2a: Masquerain|Focus Sash\n|-damage|p2a: Masquerain|1\/100\n|move|p2a: Masquerain|Whirlwind|p1a: Manaphy\n|drag|p1a: Pelipper|Pelipper, M|84\/100\n|-damage|p1a: Pelipper|59\/100|[from] Stealth Rock\n|\n|-weather|none\n|upkeep\n|turn|6\n|\n|t:|1698786716\n|move|p1a: Pelipper|Quick Attack|p2a: Masquerain\n|-damage|p2a: Masquerain|0 fnt\n|faint|p2a: Masquerain\n|\n|upkeep\n|\n|t:|1698786723\n|switch|p2a: Calyrex|Calyrex-Shadow|100\/100\n|-ability|p2a: Calyrex|As One\n|-ability|p2a: Calyrex|Unnerve\n|turn|7\n|\n|t:|1698786736\n|move|p2a: Calyrex|Giga Drain|p1a: Pelipper\n|-damage|p1a: Pelipper|12\/100\n|-enditem|p1a: Pelipper|Eject Button\n|\n|t:|1698786743\n|switch|p1a: Manaphy|Manaphy|100\/100\n|-status|p1a: Manaphy|psn\n|-damage|p1a: Manaphy|88\/100 psn|[from] Stealth Rock\n|-damage|p1a: Manaphy|76\/100 psn|[from] Spikes\n|\n|-damage|p1a: Manaphy|64\/100 psn|[from] psn\n|upkeep\n|turn|8\n|\n|t:|1698786774\n|move|p2a: Calyrex|Giga Drain|p1a: Manaphy\n|-supereffective|p1a: Manaphy\n|-damage|p1a: Manaphy|0 fnt\n|faint|p1a: Manaphy\n|-ability|p2a: Calyrex|Grim Neigh|boost\n|-boost|p2a: Calyrex|spa|1\n|\n|upkeep\n|\n|t:|1698786781\n|switch|p1a: Pelipper|Pelipper, M|12\/100\n|-damage|p1a: Pelipper|0 fnt|[from] Stealth Rock\n|faint|p1a: Pelipper\n|\n|win|MelloBello\n|raw|Leo mate's rating: 1047 &rarr; <strong>1033<\/strong><br \/>(-14 for losing)\n|raw|MelloBello's rating: 1114 &rarr; <strong>1134<\/strong><br \/>(+20 for winning)\n|l|\u2606Leo mate\n","uploadtime":1698786788,"views":11,"p1id":"leomate","p2id":"mellobello","formatid":"gen9anythinggoes","rating":1033,"private":0,"password":""}