{"id":"gen9anythinggoes-1973508878","p1":"MurrayDaCat","p2":"Hzozv","format":"[Gen 9] Anything Goes","log":"|j|\u2606MurrayDaCat\n|j|\u2606Hzozv\n|t:|1697985250\n|gametype|singles\n|player|p1|MurrayDaCat|2|1579\n|player|p2|Hzozv|lusamine-nihilego|1440\n|teamsize|p1|6\n|teamsize|p2|6\n|gen|9\n|tier|[Gen 9] Anything Goes\n|rated|\n|rule|HP Percentage Mod: HP is shown in percentages\n|rule|Endless Battle Clause: Forcing endless battles is banned\n|clearpoke\n|poke|p1|Calyrex-Shadow|\n|poke|p1|Zacian-*|\n|poke|p1|Ribombee, F|\n|poke|p1|Koraidon|\n|poke|p1|Kingambit, M|\n|poke|p1|Urshifu-*, M|\n|poke|p2|Glimmora, M|\n|poke|p2|Miraidon|\n|poke|p2|Koraidon|\n|poke|p2|Iron Bundle|\n|poke|p2|Great Tusk|\n|poke|p2|Ditto|\n|teampreview\n|inactive|Battle timer is ON: inactive players will automatically lose when time's up. (requested by Hzozv)\n|\n|t:|1697985261\n|start\n|switch|p1a: Ribombee|Ribombee, F, shiny|100\/100\n|switch|p2a: Glimmora|Glimmora, M|100\/100\n|turn|1\n|\n|t:|1697985266\n|move|p1a: Ribombee|Stun Spore|p2a: Glimmora\n|-status|p2a: Glimmora|par\n|move|p2a: Glimmora|Stealth Rock|p1a: Ribombee\n|-sidestart|p1: MurrayDaCat|move: Stealth Rock\n|\n|upkeep\n|turn|2\n|\n|t:|1697985272\n|move|p1a: Ribombee|Sticky Web|p2a: Glimmora\n|-sidestart|p2: Hzozv|move: Sticky Web\n|move|p2a: Glimmora|Mortal Spin|p1a: Ribombee\n|-supereffective|p1a: Ribombee\n|-damage|p1a: Ribombee|80\/100\n|-status|p1a: Ribombee|psn\n|-sideend|p2: Hzozv|Sticky Web|[from] move: Mortal Spin|[of] p2a: Glimmora\n|\n|-damage|p1a: Ribombee|68\/100 psn|[from] psn\n|upkeep\n|turn|3\n|\n|t:|1697985280\n|move|p1a: Ribombee|Sticky Web|p2a: Glimmora\n|-sidestart|p2: Hzozv|move: Sticky Web\n|move|p2a: Glimmora|Earth Power|p1a: Ribombee\n|-resisted|p1a: Ribombee\n|-damage|p1a: Ribombee|47\/100 psn\n|\n|-damage|p1a: Ribombee|35\/100 psn|[from] psn\n|upkeep\n|turn|4\n|\n|t:|1697985287\n|switch|p1a: Kingambit|Kingambit, M, shiny|100\/100\n|-damage|p1a: Kingambit|94\/100|[from] Stealth Rock\n|move|p2a: Glimmora|Mortal Spin|p1a: Kingambit\n|-immune|p1a: Kingambit\n|\n|upkeep\n|turn|5\n|\n|t:|1697985293\n|move|p2a: Glimmora|Earth Power|p1a: Kingambit\n|-supereffective|p1a: Kingambit\n|-damage|p1a: Kingambit|32\/100\n|move|p1a: Kingambit|Iron Head|p2a: Glimmora\n|-supereffective|p2a: Glimmora\n|-damage|p2a: Glimmora|0 fnt\n|-activate|p2a: Glimmora|ability: Toxic Debris\n|-sidestart|p1: MurrayDaCat|move: Toxic Spikes\n|faint|p2a: Glimmora\n|\n|upkeep\n|\n|t:|1697985305\n|switch|p2a: Great Tusk|Great Tusk|100\/100\n|turn|6\n|inactive|MurrayDaCat has 120 seconds left.\n|\n|t:|1697985347\n|-end|p1a: Kingambit|fallenundefined|[silent]\n|switch|p1a: Calyrex|Calyrex-Shadow|100\/100\n|-ability|p1a: Calyrex|As One\n|-ability|p1a: Calyrex|Unnerve\n|move|p2a: Great Tusk|Headlong Rush|p1a: Calyrex\n|-damage|p1a: Calyrex|22\/100\n|-unboost|p2a: Great Tusk|def|1\n|-unboost|p2a: Great Tusk|spd|1\n|\n|upkeep\n|turn|7\n|\n|t:|1697985369\n|-end|p2a: Great Tusk|Protosynthesis|[silent]\n|switch|p2a: Miraidon|Miraidon|100\/100\n|-activate|p2a: Miraidon|move: Sticky Web\n|-unboost|p2a: Miraidon|spe|1\n|-fieldstart|move: Electric Terrain|[from] ability: Hadron Engine|[of] p2a: Miraidon\n|move|p1a: Calyrex|Astral Barrage|p2a: Miraidon\n|-damage|p2a: Miraidon|37\/100\n|\n|upkeep\n|turn|8\n|inactive|MurrayDaCat has 120 seconds left.\n|\n|t:|1697985384\n|move|p1a: Calyrex|Psychic|p2a: Miraidon\n|-damage|p2a: Miraidon|0 fnt\n|faint|p2a: Miraidon\n|-ability|p1a: Calyrex|Grim Neigh|boost\n|-boost|p1a: Calyrex|spa|1\n|\n|upkeep\n|\n|t:|1697985390\n|switch|p2a: Ditto|Ditto|100\/100\n|-activate|p2a: Ditto|move: Sticky Web\n|-unboost|p2a: Ditto|spe|1\n|-transform|p2a: Ditto|p1a: Calyrex|[from] ability: Imposter\n|turn|9\n|\n|t:|1697985398\n|move|p2a: Ditto|Astral Barrage|p1a: Calyrex\n|-supereffective|p1a: Calyrex\n|-damage|p1a: Calyrex|0 fnt\n|faint|p1a: Calyrex\n|-ability|p2a: Ditto|Grim Neigh|boost\n|-boost|p2a: Ditto|spa|1\n|\n|upkeep\n|\n|t:|1697985406\n|switch|p1a: Kingambit|Kingambit, M, shiny|32\/100\n|-damage|p1a: Kingambit|26\/100|[from] Stealth Rock\n|-activate|p1a: Kingambit|ability: Supreme Overlord\n|-start|p1a: Kingambit|fallen1|[silent]\n|turn|10\n|\n|t:|1697985413\n|move|p2a: Ditto|Astral Barrage|p1a: Kingambit\n|-resisted|p1a: Kingambit\n|-damage|p1a: Kingambit|0 fnt\n|faint|p1a: Kingambit\n|-end|p1a: Kingambit|fallen1|[silent]\n|-ability|p2a: Ditto|Grim Neigh|boost\n|-boost|p2a: Ditto|spa|1\n|\n|upkeep\n|\n|t:|1697985417\n|switch|p1a: Zacian|Zacian-Crowned, shiny|100\/100\n|-damage|p1a: Zacian|94\/100|[from] Stealth Rock\n|-ability|p1a: Zacian|Intrepid Sword|boost\n|-boost|p1a: Zacian|atk|1\n|turn|11\n|\n|t:|1697985425\n|move|p2a: Ditto|Astral Barrage|p1a: Zacian\n|-damage|p1a: Zacian|0 fnt\n|faint|p1a: Zacian\n|-ability|p2a: Ditto|Grim Neigh|boost\n|-boost|p2a: Ditto|spa|1\n|\n|-fieldend|move: Electric Terrain\n|upkeep\n|\n|t:|1697985428\n|switch|p1a: Urshifu|Urshifu-Rapid-Strike, M|100\/100\n|-damage|p1a: Urshifu|94\/100|[from] Stealth Rock\n|-status|p1a: Urshifu|psn\n|turn|12\n|\n|t:|1697985436\n|-terastallize|p1a: Urshifu|Water\n|move|p2a: Ditto|Astral Barrage|p1a: Urshifu\n|-damage|p1a: Urshifu|0 fnt\n|faint|p1a: Urshifu\n|-ability|p2a: Ditto|Grim Neigh|boost\n|-boost|p2a: Ditto|spa|1\n|\n|upkeep\n|-message|MurrayDaCat forfeited.\n|\n|win|Hzozv\n|raw|MurrayDaCat's rating: 1579 &rarr; <strong>1551<\/strong><br \/>(-28 for losing)\n|raw|Hzozv's rating: 1440 &rarr; <strong>1468<\/strong><br \/>(+28 for winning)\n|l|\u2606MurrayDaCat\n","uploadtime":1697985445,"views":17,"p1id":"murraydacat","p2id":"hzozv","formatid":"gen9anythinggoes","rating":1468,"private":0,"password":""}