{"id":"gen9anythinggoes-1982260378","p1":"sungnumber1","p2":"Ankun4","format":"[Gen 9] Anything Goes","log":"|j|\u203dsungnumber1\n|j|\u2606Ankun4\n|t:|1698985930\n|gametype|singles\n|player|p1|sungnumber1|101|1083\n|player|p2|Ankun4|170|1053\n|teamsize|p1|6\n|teamsize|p2|6\n|gen|9\n|tier|[Gen 9] Anything Goes\n|rated|\n|rule|HP Percentage Mod: HP is shown in percentages\n|rule|Endless Battle Clause: Forcing endless battles is banned\n|clearpoke\n|poke|p1|Weavile, M|\n|poke|p1|Pincurchin, F|\n|poke|p1|Raichu-Alola, F|\n|poke|p1|Miraidon|\n|poke|p1|Rotom|\n|poke|p1|Barraskewda, F|\n|poke|p2|Pikachu, M|\n|poke|p2|Torterra, F|\n|poke|p2|Milotic, M|\n|poke|p2|Gardevoir, M|\n|poke|p2|Heatran, F|\n|poke|p2|Umbreon, M|\n|teampreview\n|inactive|Battle timer is ON: inactive players will automatically lose when time's up. (requested by sungnumber1)\n|\n|t:|1698985940\n|start\n|switch|p1a: Pincurchin|Pincurchin, F|100\/100\n|switch|p2a: Torterra|Torterra, F|100\/100\n|-fieldstart|move: Electric Terrain|[from] ability: Electric Surge|[of] p1a: Pincurchin\n|turn|1\n|\n|t:|1698985948\n|move|p2a: Torterra|Stealth Rock|p1a: Pincurchin\n|-sidestart|p1: sungnumber1|move: Stealth Rock\n|move|p1a: Pincurchin|Memento|p2a: Torterra\n|-unboost|p2a: Torterra|atk|2\n|-unboost|p2a: Torterra|spa|2\n|faint|p1a: Pincurchin\n|\n|upkeep\n|\n|t:|1698985954\n|switch|p1a: Rotom|Rotom|100\/100\n|-damage|p1a: Rotom|88\/100|[from] Stealth Rock\n|turn|2\n|\n|t:|1698985961\n|switch|p2a: Umbreon|Umbreon, M|100\/100\n|move|p1a: Rotom|Substitute|p1a: Rotom\n|-start|p1a: Rotom|Substitute\n|-damage|p1a: Rotom|63\/100\n|\n|-heal|p1a: Rotom|69\/100|[from] item: Leftovers\n|upkeep\n|turn|3\n|\n|t:|1698985969\n|move|p1a: Rotom|Thunder Wave|p2a: Umbreon\n|-status|p2a: Umbreon|par\n|-activate|p2a: Umbreon|ability: Synchronize\n|-immune|p1a: Rotom\n|move|p2a: Umbreon|Confuse Ray||[still]\n|-fail|p2a: Umbreon\n|\n|-heal|p1a: Rotom|76\/100|[from] item: Leftovers\n|upkeep\n|turn|4\n|\n|t:|1698985982\n|move|p1a: Rotom|Shadow Ball|p2a: Umbreon\n|-resisted|p2a: Umbreon\n|-damage|p2a: Umbreon|91\/100 par\n|-unboost|p2a: Umbreon|spd|1\n|move|p2a: Umbreon|Wish|p2a: Umbreon\n|\n|-heal|p1a: Rotom|82\/100|[from] item: Leftovers\n|-heal|p2a: Umbreon|97\/100 par|[from] item: Leftovers\n|upkeep\n|turn|5\n|\n|t:|1698986001\n|switch|p2a: Gardevoir|Gardevoir, M|100\/100\n|-ability|p2a: Gardevoir|Levitate|[from] ability: Trace|[of] p1a: Rotom\n|move|p1a: Rotom|Shadow Ball|p2a: Gardevoir\n|-supereffective|p2a: Gardevoir\n|-damage|p2a: Gardevoir|26\/100\n|-unboost|p2a: Gardevoir|spd|1\n|\n|-heal|p2a: Gardevoir|97\/100|[from] move: Wish|[wisher] Umbreon\n|-heal|p1a: Rotom|88\/100|[from] item: Leftovers\n|-heal|p2a: Gardevoir|100\/100|[from] item: Leftovers\n|upkeep\n|turn|6\n|\n|t:|1698986017\n|switch|p2a: Torterra|Torterra, F|100\/100\n|move|p1a: Rotom|Shadow Ball|p2a: Torterra\n|-damage|p2a: Torterra|70\/100\n|\n|-heal|p1a: Rotom|94\/100|[from] item: Leftovers\n|-heal|p2a: Torterra|76\/100|[from] item: Leftovers\n|upkeep\n|turn|7\n|\n|t:|1698986027\n|move|p1a: Rotom|Shadow Ball|p2a: Torterra\n|-damage|p2a: Torterra|41\/100\n|move|p2a: Torterra|Earthquake|p1a: Rotom\n|-immune|p1a: Rotom|[from] ability: Levitate\n|\n|-heal|p1a: Rotom|100\/100|[from] item: Leftovers\n|-heal|p2a: Torterra|47\/100|[from] item: Leftovers\n|upkeep\n|turn|8\n|\n|t:|1698986039\n|switch|p2a: Pikachu|Pikachu, M|100\/100\n|move|p1a: Rotom|Shadow Ball|p2a: Pikachu\n|-damage|p2a: Pikachu|15\/100\n|\n|-fieldend|move: Electric Terrain\n|upkeep\n|turn|9\n|\n|t:|1698986049\n|move|p1a: Rotom|Shadow Ball|p2a: Pikachu\n|-crit|p2a: Pikachu\n|-damage|p2a: Pikachu|0 fnt\n|faint|p2a: Pikachu\n|\n|upkeep\n|\n|t:|1698986058\n|switch|p2a: Umbreon|Umbreon, M|97\/100 par\n|turn|10\n|\n|t:|1698986063\n|move|p1a: Rotom|Shadow Ball|p2a: Umbreon\n|-resisted|p2a: Umbreon\n|-damage|p2a: Umbreon|89\/100 par\n|move|p2a: Umbreon|Foul Play|p1a: Rotom\n|-supereffective|p1a: Rotom\n|-end|p1a: Rotom|Substitute\n|\n|-heal|p2a: Umbreon|95\/100 par|[from] item: Leftovers\n|upkeep\n|turn|11\n|\n|t:|1698986071\n|move|p1a: Rotom|Volt Switch|p2a: Umbreon\n|-damage|p2a: Umbreon|79\/100 par\n|\n|t:|1698986074\n|switch|p1a: Barraskewda|Barraskewda, F|100\/100|[from] Volt Switch\n|-damage|p1a: Barraskewda|88\/100|[from] Stealth Rock\n|cant|p2a: Umbreon|par\n|\n|-heal|p2a: Umbreon|85\/100 par|[from] item: Leftovers\n|upkeep\n|turn|12\n|\n|t:|1698986083\n|move|p1a: Barraskewda|Close Combat|p2a: Umbreon\n|-supereffective|p2a: Umbreon\n|-damage|p2a: Umbreon|0 fnt\n|-unboost|p1a: Barraskewda|def|1\n|-unboost|p1a: Barraskewda|spd|1\n|faint|p2a: Umbreon\n|\n|upkeep\n|\n|t:|1698986092\n|switch|p2a: Milotic|Milotic, M|100\/100\n|turn|13\n|\n|t:|1698986101\n|move|p1a: Barraskewda|Close Combat|p2a: Milotic\n|-damage|p2a: Milotic|55\/100\n|-unboost|p1a: Barraskewda|def|1\n|-unboost|p1a: Barraskewda|spd|1\n|move|p2a: Milotic|Ice Beam|p1a: Barraskewda\n|-resisted|p1a: Barraskewda\n|-damage|p1a: Barraskewda|39\/100\n|\n|-heal|p2a: Milotic|61\/100|[from] item: Leftovers\n|upkeep\n|turn|14\n|\n|t:|1698986112\n|switch|p1a: Weavile|Weavile, M|100\/100\n|-damage|p1a: Weavile|76\/100|[from] Stealth Rock\n|move|p2a: Milotic|Scald|p1a: Weavile\n|-damage|p1a: Weavile|35\/100\n|-status|p1a: Weavile|brn\n|\n|-heal|p2a: Milotic|67\/100|[from] item: Leftovers\n|-damage|p1a: Weavile|29\/100 brn|[from] brn\n|upkeep\n|turn|15\n|\n|t:|1698986126\n|move|p1a: Weavile|Fake Out|p2a: Milotic\n|-damage|p2a: Milotic|62\/100\n|cant|p2a: Milotic|flinch\n|\n|-heal|p2a: Milotic|69\/100|[from] item: Leftovers\n|-damage|p1a: Weavile|23\/100 brn|[from] brn\n|upkeep\n|turn|16\n|\n|t:|1698986135\n|move|p1a: Weavile|Knock Off|p2a: Milotic\n|-damage|p2a: Milotic|52\/100\n|-enditem|p2a: Milotic|Leftovers|[from] move: Knock Off|[of] p1a: Weavile\n|move|p2a: Milotic|Recover|p2a: Milotic\n|-heal|p2a: Milotic|100\/100\n|\n|-damage|p1a: Weavile|17\/100 brn|[from] brn\n|upkeep\n|turn|17\n|\n|t:|1698986143\n|move|p1a: Weavile|Poison Jab|p2a: Milotic\n|-damage|p2a: Milotic|91\/100\n|move|p2a: Milotic|Scald|p1a: Weavile\n|-damage|p1a: Weavile|0 fnt\n|faint|p1a: Weavile\n|\n|upkeep\n|\n|t:|1698986151\n|switch|p1a: Miraidon|Miraidon|100\/100\n|-damage|p1a: Miraidon|88\/100|[from] Stealth Rock\n|-fieldstart|move: Electric Terrain|[from] ability: Hadron Engine|[of] p1a: Miraidon\n|turn|18\n|\n|t:|1698986160\n|move|p1a: Miraidon|Electro Drift|p2a: Milotic\n|-supereffective|p2a: Milotic\n|-damage|p2a: Milotic|0 fnt\n|faint|p2a: Milotic\n|\n|upkeep\n|\n|t:|1698986166\n|switch|p2a: Torterra|Torterra, F|47\/100\n|turn|19\n|\n|t:|1698986170\n|move|p1a: Miraidon|Dragon Pulse|p2a: Torterra\n|-damage|p2a: Torterra|0 fnt\n|faint|p2a: Torterra\n|\n|upkeep\n|\n|t:|1698986174\n|switch|p2a: Gardevoir|Gardevoir, M|100\/100\n|-activate|p2a: Gardevoir|ability: Hadron Engine\n|-ability|p2a: Gardevoir|Hadron Engine|[from] ability: Trace|[of] p1a: Miraidon\n|turn|20\n|\n|t:|1698986184\n|move|p1a: Miraidon|Electro Drift|p2a: Gardevoir\n|-damage|p2a: Gardevoir|0 fnt\n|faint|p2a: Gardevoir\n|\n|upkeep\n|\n|t:|1698986190\n|switch|p2a: Heatran|Heatran, F|100\/100\n|turn|21\n|\n|t:|1698986214\n|move|p1a: Miraidon|Electro Drift|p2a: Heatran\n|-damage|p2a: Heatran|10\/100\n|move|p2a: Heatran|Earth Power|p1a: Miraidon\n|-supereffective|p1a: Miraidon\n|-damage|p1a: Miraidon|22\/100\n|\n|-heal|p2a: Heatran|16\/100|[from] item: Leftovers\n|upkeep\n|turn|22\n|\n|t:|1698986224\n|move|p1a: Miraidon|Volt Switch|p2a: Heatran\n|-damage|p2a: Heatran|0 fnt\n|faint|p2a: Heatran\n|\n|win|sungnumber1\n|raw|sungnumber1's rating: 1083 &rarr; <strong>1108<\/strong><br \/>(+25 for winning)\n|raw|Ankun4's rating: 1053 &rarr; <strong>1037<\/strong><br \/>(-16 for losing)\n|l|\u203dsungnumber1\n","uploadtime":1698986233,"views":10,"p1id":"sungnumber1","p2id":"ankun4","formatid":"gen9anythinggoes","rating":1037,"private":0,"password":""}