{"id":"gen9anythinggoes-1973292324","p1":"Fourway","p2":"bradpoke989","format":"[Gen 9] Anything Goes","log":"|j|\u2606Fourway\n|j|\u2606bradpoke989\n|t:|1697949847\n|gametype|singles\n|player|p1|Fourway|janine|1015\n|player|p2|bradpoke989|worker-gen4|1041\n|teamsize|p1|6\n|teamsize|p2|6\n|gen|9\n|tier|[Gen 9] Anything Goes\n|rated|\n|rule|HP Percentage Mod: HP is shown in percentages\n|rule|Endless Battle Clause: Forcing endless battles is banned\n|clearpoke\n|poke|p1|Cacnea, M|\n|poke|p1|Lampent, M|\n|poke|p1|Kricketot, F|\n|poke|p1|Fletchinder, F|\n|poke|p1|Pupitar, F|\n|poke|p1|Giratina|\n|poke|p2|Flutter Mane|\n|poke|p2|Dugtrio, M|\n|poke|p2|Wugtrio, M|\n|poke|p2|Glimmora, M|\n|poke|p2|Tyranitar, M|\n|poke|p2|Houndstone, M|\n|teampreview\n|j| kamakazikila2\n|\n|t:|1697949857\n|start\n|switch|p1a: Cacnea|Cacnea, M|100\/100\n|switch|p2a: Flutter Mane|Flutter Mane|100\/100\n|-enditem|p2a: Flutter Mane|Booster Energy\n|-activate|p2a: Flutter Mane|ability: Protosynthesis|[fromitem]\n|-start|p2a: Flutter Mane|protosynthesisspe\n|turn|1\n|\n|t:|1697949871\n|move|p2a: Flutter Mane|Memento|p1a: Cacnea\n|-unboost|p1a: Cacnea|atk|2\n|-unboost|p1a: Cacnea|spa|2\n|faint|p2a: Flutter Mane\n|-end|p2a: Flutter Mane|Protosynthesis|[silent]\n|move|p1a: Cacnea|Spikes|p2: Flutter Mane\n|-sidestart|p2: bradpoke989|Spikes\n|\n|upkeep\n|\n|t:|1697949876\n|switch|p2a: Dugtrio|Dugtrio, M|100\/100\n|-damage|p2a: Dugtrio|88\/100|[from] Spikes\n|turn|2\n|\n|t:|1697949892\n|switch|p1a: Kricketot|Kricketot, F|100\/100\n|move|p2a: Dugtrio|Memento|p1a: Kricketot\n|-unboost|p1a: Kricketot|atk|2\n|-unboost|p1a: Kricketot|spa|2\n|faint|p2a: Dugtrio\n|\n|upkeep\n|c|\u2606bradpoke989|Oh no, im so sorry\n|\n|t:|1697949899\n|switch|p2a: Wugtrio|Wugtrio, M|100\/100\n|-damage|p2a: Wugtrio|88\/100|[from] Spikes\n|turn|3\n|\n|t:|1697949952\n|switch|p1a: Cacnea|Cacnea, M|100\/100\n|move|p2a: Wugtrio|Memento|p1a: Cacnea\n|-unboost|p1a: Cacnea|atk|2\n|-unboost|p1a: Cacnea|spa|2\n|faint|p2a: Wugtrio\n|\n|upkeep\n|\n|t:|1697949956\n|switch|p2a: Glimmora|Glimmora, M|100\/100\n|-damage|p2a: Glimmora|88\/100|[from] Spikes\n|turn|4\n|\n|t:|1697949966\n|move|p2a: Glimmora|Memento|p1a: Cacnea\n|-unboost|p1a: Cacnea|atk|2\n|-unboost|p1a: Cacnea|spa|2\n|faint|p2a: Glimmora\n|move|p1a: Cacnea|Spikes|p2: Glimmora\n|-sidestart|p2: bradpoke989|Spikes\n|\n|upkeep\n|\n|t:|1697949971\n|switch|p2a: Tyranitar|Tyranitar, M|100\/100\n|-damage|p2a: Tyranitar|84\/100|[from] Spikes\n|-weather|Sandstorm|[from] ability: Sand Stream|[of] p2a: Tyranitar\n|turn|5\n|\n|t:|1697949985\n|switch|p2a: Houndstone|Houndstone, M|100\/100\n|-damage|p2a: Houndstone|84\/100|[from] Spikes\n|move|p1a: Cacnea|Toxic Spikes|p2a: Houndstone\n|-sidestart|p2: bradpoke989|move: Toxic Spikes\n|\n|-weather|Sandstorm|[upkeep]\n|upkeep\n|turn|6\n|\n|t:|1697949996\n|move|p2a: Houndstone|Last Respects|p1a: Cacnea|[miss]\n|-miss|p2a: Houndstone|p1a: Cacnea\n|move|p1a: Cacnea|Destiny Bond|p1a: Cacnea\n|-singlemove|p1a: Cacnea|Destiny Bond\n|\n|-weather|Sandstorm|[upkeep]\n|upkeep\n|turn|7\n|\n|t:|1697950012\n|switch|p2a: Tyranitar|Tyranitar, M|84\/100\n|-damage|p2a: Tyranitar|68\/100|[from] Spikes\n|-status|p2a: Tyranitar|psn\n|move|p1a: Cacnea|Sucker Punch||[still]\n|-fail|p1a: Cacnea\n|\n|-weather|Sandstorm|[upkeep]\n|-damage|p2a: Tyranitar|55\/100 psn|[from] psn\n|upkeep\n|turn|8\n|\n|t:|1697950022\n|switch|p1a: Kricketot|Kricketot, F|100\/100\n|move|p2a: Tyranitar|Crunch|p1a: Kricketot\n|-enditem|p1a: Kricketot|Focus Sash\n|-damage|p1a: Kricketot|1\/100\n|\n|-weather|Sandstorm|[upkeep]\n|-damage|p1a: Kricketot|0 fnt|[from] Sandstorm\n|faint|p1a: Kricketot\n|-damage|p2a: Tyranitar|43\/100 psn|[from] psn\n|upkeep\n|\n|t:|1697950030\n|switch|p1a: Lampent|Lampent, M|100\/100\n|turn|9\n|\n|t:|1697950039\n|move|p1a: Lampent|Memento|p2a: Tyranitar\n|-unboost|p2a: Tyranitar|atk|2\n|-unboost|p2a: Tyranitar|spa|2\n|faint|p1a: Lampent\n|move|p2a: Tyranitar|Crunch|p1: Lampent|[notarget]\n|-fail|p2a: Tyranitar\n|\n|-weather|Sandstorm|[upkeep]\n|-damage|p2a: Tyranitar|31\/100 psn|[from] psn\n|upkeep\n|\n|t:|1697950056\n|switch|p1a: Giratina|Giratina|100\/100\n|-ability|p1a: Giratina|Pressure\n|turn|10\n|\n|t:|1697950066\n|-terastallize|p1a: Giratina|Fairy\n|move|p2a: Tyranitar|Crunch|p1a: Giratina\n|-resisted|p1a: Giratina\n|-damage|p1a: Giratina|96\/100\n|move|p1a: Giratina|Tera Blast|p2a: Tyranitar|[anim] Tera Blast Fairy\n|-supereffective|p2a: Tyranitar\n|-damage|p2a: Tyranitar|0 fnt\n|faint|p2a: Tyranitar\n|\n|-weather|Sandstorm|[upkeep]\n|-damage|p1a: Giratina|90\/100|[from] Sandstorm\n|-heal|p1a: Giratina|96\/100|[from] item: Leftovers\n|upkeep\n|\n|t:|1697950073\n|switch|p2a: Houndstone|Houndstone, M|84\/100\n|-damage|p2a: Houndstone|68\/100|[from] Spikes\n|-status|p2a: Houndstone|psn\n|turn|11\n|\n|t:|1697950083\n|move|p2a: Houndstone|Last Respects|p1a: Giratina\n|-damage|p1a: Giratina|33\/100\n|move|p1a: Giratina|Tera Blast|p2a: Houndstone|[anim] Tera Blast Fairy\n|-damage|p2a: Houndstone|36\/100 psn\n|\n|-weather|Sandstorm|[upkeep]\n|-damage|p1a: Giratina|27\/100|[from] Sandstorm\n|-heal|p1a: Giratina|33\/100|[from] item: Leftovers\n|-damage|p2a: Houndstone|24\/100 psn|[from] psn\n|upkeep\n|turn|12\n|c|\u2606bradpoke989|Oh.\n|\n|t:|1697950091\n|move|p2a: Houndstone|Last Respects|p1a: Giratina\n|-damage|p1a: Giratina|0 fnt\n|faint|p1a: Giratina\n|\n|-weather|none\n|-damage|p2a: Houndstone|11\/100 psn|[from] psn\n|upkeep\n|c|\u2606bradpoke989|Oh no-\n|\n|t:|1697950097\n|switch|p1a: Fletchinder|Fletchinder, F|100\/100\n|turn|13\n|\n|t:|1697950100\n|move|p1a: Fletchinder|Brave Bird|p2a: Houndstone\n|-damage|p2a: Houndstone|0 fnt\n|faint|p2a: Houndstone\n|-damage|p1a: Fletchinder|97\/100|[from] Recoil\n|\n|win|Fourway\n|raw|Fourway's rating: 1015 &rarr; <strong>1056<\/strong><br \/>(+41 for winning)\n|raw|bradpoke989's rating: 1041 &rarr; <strong>1024<\/strong><br \/>(-17 for losing)\n|c|\u2606bradpoke989|I tried\n|c|\u2606Fourway|Gira be a thick boi\n|c|\u2606Fourway|You did\n|c|\u2606bradpoke989|Wp\n|l|\u2606bradpoke989\n|c|\u2606Fourway|gg\n","uploadtime":1697950111,"views":19,"p1id":"fourway","p2id":"bradpoke989","formatid":"gen9anythinggoes","rating":1024,"private":0,"password":""}