{"id":"gen9anythinggoes-1981398192","p1":"Future king of ou","p2":"Coronet077","format":"[Gen 9] Anything Goes","log":"|j|\u2606Future king of ou\n|j|\u2606Coronet077\n|inactive|Battle timer is ON: inactive players will automatically lose when time's up.\n|t:|1698891396\n|gametype|singles\n|player|p1|Future king of ou|mela|\n|player|p2|Coronet077|fisherman-gen4|\n|teamsize|p1|6\n|teamsize|p2|6\n|gen|9\n|tier|[Gen 9] Anything Goes\n|rated|Tournament battle\n|rule|HP Percentage Mod: HP is shown in percentages\n|rule|Endless Battle Clause: Forcing endless battles is banned\n|clearpoke\n|poke|p1|Drifblim, M|\n|poke|p1|Espathra, F|\n|poke|p1|Mew|\n|poke|p1|Farigiraf, M|\n|poke|p1|Espeon, M|\n|poke|p1|Hatterene, F|\n|poke|p2|Calyrex-Shadow|\n|poke|p2|Ting-Lu|\n|poke|p2|Giratina-Origin|\n|poke|p2|Skeledirge, F|\n|poke|p2|Arceus|\n|poke|p2|Miraidon|\n|teampreview\n|j| s3rp3rior\n|\n|t:|1698891420\n|start\n|switch|p1a: Espathra|Espathra, F|100\/100\n|switch|p2a: Ting-Lu|Ting-Lu|100\/100\n|-ability|p2a: Ting-Lu|Vessel of Ruin\n|turn|1\n|\n|t:|1698891426\n|move|p1a: Espathra|Calm Mind|p1a: Espathra\n|-boost|p1a: Espathra|spa|1\n|-boost|p1a: Espathra|spd|1\n|move|p2a: Ting-Lu|Taunt|p1a: Espathra\n|-start|p1a: Espathra|move: Taunt\n|\n|-ability|p1a: Espathra|Speed Boost|boost\n|-boost|p1a: Espathra|spe|1\n|upkeep\n|turn|2\n|\n|t:|1698891431\n|switch|p1a: Mew|Mew|100\/100\n|move|p2a: Ting-Lu|Ruination|p1a: Mew\n|-damage|p1a: Mew|50\/100\n|\n|upkeep\n|turn|3\n|\n|t:|1698891447\n|switch|p2a: Miraidon|Miraidon|100\/100\n|-fieldstart|move: Electric Terrain|[from] ability: Hadron Engine|[of] p2a: Miraidon\n|move|p1a: Mew|Agility|p1a: Mew\n|-boost|p1a: Mew|spe|2\n|\n|upkeep\n|turn|4\n|\n|t:|1698891451\n|move|p2a: Miraidon|Electro Drift|p1a: Mew\n|-damage|p1a: Mew|0 fnt\n|faint|p1a: Mew\n|\n|upkeep\n|\n|t:|1698891454\n|switch|p1a: Espathra|Espathra, F|100\/100\n|turn|5\n|\n|t:|1698891462\n|-terastallize|p2a: Miraidon|Electric\n|move|p2a: Miraidon|Electro Drift|p1a: Espathra\n|-enditem|p1a: Espathra|Focus Sash\n|-damage|p1a: Espathra|1\/100\n|move|p1a: Espathra|Calm Mind|p1a: Espathra\n|-boost|p1a: Espathra|spa|1\n|-boost|p1a: Espathra|spd|1\n|\n|-ability|p1a: Espathra|Speed Boost|boost\n|-boost|p1a: Espathra|spe|1\n|upkeep\n|turn|6\n|\n|t:|1698891468\n|-terastallize|p1a: Espathra|Ground\n|move|p2a: Miraidon|Electro Drift|p1a: Espathra\n|-immune|p1a: Espathra\n|move|p1a: Espathra|Calm Mind|p1a: Espathra\n|-boost|p1a: Espathra|spa|1\n|-boost|p1a: Espathra|spd|1\n|\n|-ability|p1a: Espathra|Speed Boost|boost\n|-boost|p1a: Espathra|spe|1\n|upkeep\n|turn|7\n|\n|t:|1698891480\n|switch|p2a: Ting-Lu|Ting-Lu|100\/100\n|-ability|p2a: Ting-Lu|Vessel of Ruin\n|move|p1a: Espathra|Baton Pass|p1a: Espathra\n|\n|t:|1698891501\n|switch|p1a: Hatterene|Hatterene, F|100\/100|[from] Baton Pass\n|\n|-fieldend|move: Electric Terrain\n|upkeep\n|turn|8\n|\n|t:|1698891509\n|switch|p2a: Skeledirge|Skeledirge, F|100\/100\n|move|p1a: Hatterene|Calm Mind|p1a: Hatterene\n|-boost|p1a: Hatterene|spa|1\n|-boost|p1a: Hatterene|spd|1\n|\n|upkeep\n|turn|9\n|\n|t:|1698891516\n|move|p1a: Hatterene|Stored Power|p2a: Skeledirge\n|-damage|p2a: Skeledirge|20\/100\n|move|p2a: Skeledirge|Torch Song|p1a: Hatterene\n|-damage|p1a: Hatterene|67\/100\n|-boost|p2a: Skeledirge|spa|1\n|\n|upkeep\n|turn|10\n|\n|t:|1698891521\n|move|p1a: Hatterene|Baton Pass|p1a: Hatterene\n|\n|t:|1698891526\n|switch|p1a: Espeon|Espeon, M|100\/100|[from] Baton Pass\n|move|p2a: Skeledirge|Hex|p1a: Espeon\n|-supereffective|p1a: Espeon\n|-damage|p1a: Espeon|27\/100\n|\n|-heal|p1a: Espeon|33\/100|[from] item: Leftovers\n|upkeep\n|turn|11\n|\n|t:|1698891544\n|switch|p2a: Ting-Lu|Ting-Lu|100\/100\n|-ability|p2a: Ting-Lu|Vessel of Ruin\n|move|p1a: Espeon|Stored Power|p2a: Ting-Lu\n|-immune|p2a: Ting-Lu\n|\n|-heal|p1a: Espeon|39\/100|[from] item: Leftovers\n|upkeep\n|turn|12\n|\n|t:|1698891548\n|move|p1a: Espeon|Baton Pass|p1a: Espeon\n|\n|t:|1698891550\n|switch|p1a: Hatterene|Hatterene, F|67\/100|[from] Baton Pass\n|move|p2a: Ting-Lu|Ruination|p1a: Hatterene|[miss]\n|-miss|p2a: Ting-Lu|p1a: Hatterene\n|\n|upkeep\n|turn|13\n|\n|t:|1698891560\n|switch|p2a: Skeledirge|Skeledirge, F|20\/100\n|move|p1a: Hatterene|Baton Pass|p1a: Hatterene\n|\n|t:|1698891562\n|switch|p1a: Drifblim|Drifblim, M|100\/100|[from] Baton Pass\n|\n|upkeep\n|turn|14\n|\n|t:|1698891568\n|move|p1a: Drifblim|Minimize|p1a: Drifblim\n|-boost|p1a: Drifblim|evasion|2\n|move|p2a: Skeledirge|Hex|p1a: Drifblim\n|-supereffective|p1a: Drifblim\n|-damage|p1a: Drifblim|50\/100\n|\n|upkeep\n|turn|15\n|\n|t:|1698891574\n|move|p1a: Drifblim|Strength Sap|p2a: Skeledirge\n|-unboost|p2a: Skeledirge|atk|1\n|-heal|p1a: Drifblim|78\/100\n|move|p2a: Skeledirge|Hex|p1a: Drifblim\n|-supereffective|p1a: Drifblim\n|-damage|p1a: Drifblim|21\/100\n|\n|upkeep\n|turn|16\n|\n|t:|1698891582\n|move|p1a: Drifblim|Baton Pass|p1a: Drifblim\n|j| ZowwyCafe\u2764\n|j| Tvrtko420\n|l| ZowwyCafe\u2764\n|\n|t:|1698891589\n|switch|p1a: Farigiraf|Farigiraf, M|100\/100|[from] Baton Pass\n|move|p2a: Skeledirge|Hex|p1a: Farigiraf\n|-immune|p1a: Farigiraf\n|\n|upkeep\n|turn|17\n|\n|t:|1698891594\n|move|p1a: Farigiraf|Wish|p1a: Farigiraf\n|move|p2a: Skeledirge|Slack Off|p2a: Skeledirge\n|-heal|p2a: Skeledirge|70\/100\n|\n|upkeep\n|turn|18\n|\n|t:|1698891604\n|move|p1a: Farigiraf|Baton Pass|p1a: Farigiraf\n|\n|t:|1698891605\n|switch|p1a: Espeon|Espeon, M|39\/100|[from] Baton Pass\n|move|p2a: Skeledirge|Hex|p1a: Espeon\n|-supereffective|p1a: Espeon\n|-damage|p1a: Espeon|0 fnt\n|faint|p1a: Espeon\n|\n|upkeep\n|c|\u2606Future king of ou|Ggs\n|n|!Future king of ou|futurekingofou\n|-message|Future king of ou forfeited.\n|\n|win|Coronet077\n|n|!Future king of ou|futurekingofou\n|n|\u2606Coronet077|coronet077\n|n| s3rp3rior|s3rp3rior\n|n| Tvrtko420|tvrtko420\n","uploadtime":1698891614,"views":11,"p1id":"futurekingofou","p2id":"coronet077","formatid":"gen9anythinggoes","rating":0,"private":0,"password":""}