{"id":"gen9anythinggoes-2000117358","p1":"baby keeem","p2":"Koibitio","format":"[Gen 9] Anything Goes","log":"|j|\u2606baby keeem\n|j|\u203dKoibitio\n|t:|1701157941\n|gametype|singles\n|player|p1|baby keeem|silver|1487\n|player|p2|Koibitio|buck|1464\n|teamsize|p1|6\n|teamsize|p2|6\n|gen|9\n|tier|[Gen 9] Anything Goes\n|rated|\n|rule|HP Percentage Mod: HP is shown in percentages\n|rule|Endless Battle Clause: Forcing endless battles is banned\n|clearpoke\n|poke|p1|Zacian-*|\n|poke|p1|Zacian-*|\n|poke|p1|Zacian-*|\n|poke|p1|Zacian-*|\n|poke|p1|Zacian-*|\n|poke|p1|Calyrex-Shadow|\n|poke|p2|Urshifu-*, M|\n|poke|p2|Garganacl, F|\n|poke|p2|Regieleki|\n|poke|p2|Chi-Yu|\n|poke|p2|Maushold-Four|\n|poke|p2|Ditto|\n|teampreview\n|inactive|Battle timer is ON: inactive players will automatically lose when time's up. (requested by baby keeem)\n|\n|t:|1701157951\n|start\n|switch|p1a: Zacian|Zacian-Crowned|100\/100\n|switch|p2a: Chi-Yu|Chi-Yu|100\/100\n|-ability|p2a: Chi-Yu|Beads of Ruin\n|-ability|p1a: Zacian|Intrepid Sword|boost\n|-boost|p1a: Zacian|atk|1\n|turn|1\n|\n|t:|1701157956\n|move|p2a: Chi-Yu|Will-O-Wisp|p1a: Zacian|[miss]\n|-miss|p2a: Chi-Yu|p1a: Zacian\n|move|p1a: Zacian|Play Rough|p2a: Chi-Yu\n|-damage|p2a: Chi-Yu|0 fnt\n|faint|p2a: Chi-Yu\n|\n|upkeep\n|\n|t:|1701157962\n|switch|p2a: Garganacl|Garganacl, F|100\/100\n|turn|2\n|\n|t:|1701157965\n|move|p1a: Zacian|Behemoth Blade|p2a: Garganacl\n|-supereffective|p2a: Garganacl\n|-damage|p2a: Garganacl|0 fnt\n|faint|p2a: Garganacl\n|\n|upkeep\n|\n|t:|1701157972\n|switch|p2a: Ditto|Ditto|100\/100\n|-transform|p2a: Ditto|p1a: Zacian|[from] ability: Imposter\n|-ability|p2a: Ditto|Intrepid Sword|boost\n|-boost|p2a: Ditto|atk|1\n|turn|3\n|\n|t:|1701157976\n|move|p2a: Ditto|Behemoth Blade|p1a: Zacian\n|-damage|p1a: Zacian|0 fnt\n|faint|p1a: Zacian\n|\n|upkeep\n|\n|t:|1701157980\n|switch|p1a: Ye (Berserker)|Calyrex-Shadow|100\/100\n|-ability|p1a: Ye (Berserker)|As One\n|-ability|p1a: Ye (Berserker)|Unnerve\n|turn|4\n|\n|t:|1701157991\n|move|p2a: Ditto|Behemoth Blade|p1a: Ye (Berserker)\n|-damage|p1a: Ye (Berserker)|0 fnt\n|faint|p1a: Ye (Berserker)\n|\n|upkeep\n|\n|t:|1701157996\n|switch|p1a: Zacian|Zacian-Crowned|100\/100\n|-ability|p1a: Zacian|Intrepid Sword|boost\n|-boost|p1a: Zacian|atk|1\n|turn|5\n|\n|t:|1701157998\n|move|p1a: Zacian|Quick Attack|p2a: Ditto\n|-resisted|p2a: Ditto\n|-damage|p2a: Ditto|84\/100\n|move|p2a: Ditto|Behemoth Blade|p1a: Zacian\n|-damage|p1a: Zacian|0 fnt\n|faint|p1a: Zacian\n|\n|upkeep\n|\n|t:|1701158003\n|switch|p1a: Zacian|Zacian-Crowned|100\/100\n|-ability|p1a: Zacian|Intrepid Sword|boost\n|-boost|p1a: Zacian|atk|1\n|turn|6\n|\n|t:|1701158010\n|move|p2a: Ditto|Behemoth Blade|p1a: Zacian\n|-damage|p1a: Zacian|0 fnt\n|faint|p1a: Zacian\n|\n|upkeep\n|\n|t:|1701158015\n|switch|p1a: Zacian|Zacian-Crowned|100\/100\n|-ability|p1a: Zacian|Intrepid Sword|boost\n|-boost|p1a: Zacian|atk|1\n|turn|7\n|-message|baby keeem forfeited.\n|\n|win|Koibitio\n|raw|baby keeem's rating: 1487 &rarr; <strong>1466<\/strong><br \/>(-21 for losing)\n|raw|Koibitio's rating: 1464 &rarr; <strong>1485<\/strong><br \/>(+21 for winning)\n|l|\u2606baby keeem\n","uploadtime":1701158037,"views":0,"p1id":"babykeeem","p2id":"koibitio","formatid":"gen9anythinggoes","rating":1466,"private":0,"password":""}