{"id":"gen9anythinggoes-1980701612","p1":"Tvrtko420","p2":"TwentyTwan","format":"[Gen 9] Anything Goes","log":"|j|\u2606Tvrtko420\n|j|\u2606TwentyTwan\n|t:|1698815440\n|gametype|singles\n|player|p1|Tvrtko420|red-masters2|1749\n|player|p2|TwentyTwan|alec-anime|1653\n|teamsize|p1|6\n|teamsize|p2|6\n|gen|9\n|tier|[Gen 9] Anything Goes\n|rated|\n|rule|HP Percentage Mod: HP is shown in percentages\n|rule|Endless Battle Clause: Forcing endless battles is banned\n|clearpoke\n|poke|p1|Hatterene, F|\n|poke|p1|Ursaluna, M|\n|poke|p1|Kingambit, F|\n|poke|p1|Calyrex-Ice|\n|poke|p1|Arceus|\n|poke|p1|Ursaluna-Bloodmoon, M|\n|poke|p2|Calyrex-Shadow|\n|poke|p2|Ditto|\n|poke|p2|Arceus|\n|poke|p2|Miraidon|\n|poke|p2|Zacian-*|\n|poke|p2|Arceus-Fairy|\n|teampreview\n|inactive|Battle timer is ON: inactive players will automatically lose when time's up. (requested by TwentyTwan)\n|\n|t:|1698815453\n|start\n|switch|p1a: Hatterene|Hatterene, F|100\/100\n|switch|p2a: Arceus|Arceus|100\/100\n|turn|1\n|\n|t:|1698815457\n|move|p2a: Arceus|Swords Dance|p2a: Arceus\n|-boost|p2a: Arceus|atk|2\n|move|p1a: Hatterene|Trick Room|p1a: Hatterene\n|-fieldstart|move: Trick Room|[of] p1a: Hatterene\n|\n|upkeep\n|turn|2\n|j| GUESSWHOTPRADO\n|\n|t:|1698815478\n|switch|p1a: Kingambit|Kingambit, F|100\/100\n|move|p2a: Arceus|Extreme Speed|p1a: Kingambit\n|-resisted|p1a: Kingambit\n|-damage|p1a: Kingambit|68\/100\n|\n|upkeep\n|turn|3\n|\n|t:|1698815482\n|move|p1a: Kingambit|Kowtow Cleave|p2a: Arceus\n|-damage|p2a: Arceus|58\/100\n|move|p2a: Arceus|Earthquake|p1a: Kingambit\n|-supereffective|p1a: Kingambit\n|-damage|p1a: Kingambit|0 fnt\n|faint|p1a: Kingambit\n|-end|p1a: Kingambit|fallenundefined|[silent]\n|\n|upkeep\n|\n|t:|1698815500\n|switch|p1a: Ursaluna|Ursaluna, M|100\/100\n|turn|4\n|\n|t:|1698815517\n|move|p2a: Arceus|Extreme Speed|p1a: Ursaluna\n|-damage|p1a: Ursaluna|40\/100\n|move|p1a: Ursaluna|Substitute|p1a: Ursaluna\n|-start|p1a: Ursaluna|Substitute\n|-damage|p1a: Ursaluna|15\/100\n|\n|-status|p1a: Ursaluna|brn|[from] item: Flame Orb\n|upkeep\n|turn|5\n|\n|t:|1698815529\n|move|p2a: Arceus|Extreme Speed|p1a: Ursaluna\n|-end|p1a: Ursaluna|Substitute\n|move|p1a: Ursaluna|Facade|p2a: Arceus\n|-damage|p2a: Arceus|0 fnt\n|faint|p2a: Arceus\n|\n|-damage|p1a: Ursaluna|8\/100 brn|[from] brn\n|-fieldend|move: Trick Room\n|upkeep\n|\n|t:|1698815536\n|switch|p2a: Zacian|Zacian-Crowned|100\/100\n|-ability|p2a: Zacian|Intrepid Sword|boost\n|-boost|p2a: Zacian|atk|1\n|turn|6\n|\n|t:|1698815544\n|move|p2a: Zacian|Behemoth Blade|p1a: Ursaluna\n|-damage|p1a: Ursaluna|0 fnt\n|faint|p1a: Ursaluna\n|\n|upkeep\n|\n|t:|1698815547\n|switch|p1a: Hatterene|Hatterene, F|100\/100\n|turn|7\n|\n|t:|1698815551\n|move|p2a: Zacian|Behemoth Blade|p1a: Hatterene\n|-supereffective|p1a: Hatterene\n|-enditem|p1a: Hatterene|Focus Sash\n|-damage|p1a: Hatterene|1\/100\n|move|p1a: Hatterene|Trick Room|p1a: Hatterene\n|-fieldstart|move: Trick Room|[of] p1a: Hatterene\n|\n|upkeep\n|turn|8\n|\n|t:|1698815557\n|move|p1a: Hatterene|Healing Wish|p1a: Hatterene\n|faint|p1a: Hatterene\n|move|p2a: Zacian|Behemoth Blade|p1: Hatterene|[notarget]\n|-fail|p2a: Zacian\n|\n|upkeep\n|\n|t:|1698815571\n|switch|p1a: Ursaluna|Ursaluna-Bloodmoon, M|100\/100\n|turn|9\n|\n|t:|1698815574\n|move|p1a: Ursaluna|Earth Power|p2a: Zacian\n|-supereffective|p2a: Zacian\n|-damage|p2a: Zacian|0 fnt\n|faint|p2a: Zacian\n|\n|upkeep\n|\n|t:|1698815578\n|switch|p2a: Arceus|Arceus-Fairy|100\/100\n|turn|10\n|\n|t:|1698815583\n|move|p1a: Ursaluna|Hyper Voice|p2a: Arceus\n|-damage|p2a: Arceus|65\/100\n|-enditem|p1a: Ursaluna|Throat Spray\n|-boost|p1a: Ursaluna|spa|1|[from] item: Throat Spray\n|move|p2a: Arceus|Calm Mind|p2a: Arceus\n|-boost|p2a: Arceus|spa|1\n|-boost|p2a: Arceus|spd|1\n|\n|upkeep\n|turn|11\n|\n|t:|1698815597\n|move|p1a: Ursaluna|Blood Moon|p2a: Arceus\n|-damage|p2a: Arceus|11\/100\n|move|p2a: Arceus|Recover|p2a: Arceus\n|-heal|p2a: Arceus|61\/100\n|\n|-fieldend|move: Trick Room\n|upkeep\n|turn|12\n|\n|t:|1698815602\n|switch|p1a: Calyrex|Calyrex-Ice|100\/100\n|-ability|p1a: Calyrex|As One\n|-ability|p1a: Calyrex|Unnerve\n|move|p2a: Arceus|Calm Mind|p2a: Arceus\n|-boost|p2a: Arceus|spa|1\n|-boost|p2a: Arceus|spd|1\n|\n|upkeep\n|turn|13\n|\n|t:|1698815610\n|move|p2a: Arceus|Judgment|p1a: Calyrex\n|-damage|p1a: Calyrex|38\/100\n|move|p1a: Calyrex|Trick Room|p1a: Calyrex\n|-fieldstart|move: Trick Room|[of] p1a: Calyrex\n|\n|-heal|p1a: Calyrex|44\/100|[from] item: Leftovers\n|upkeep\n|turn|14\n|\n|t:|1698815624\n|-terastallize|p1a: Calyrex|Fire\n|move|p1a: Calyrex|Swords Dance|p1a: Calyrex\n|-boost|p1a: Calyrex|atk|2\n|move|p2a: Arceus|Recover|p2a: Arceus\n|-heal|p2a: Arceus|100\/100\n|\n|-heal|p1a: Calyrex|50\/100|[from] item: Leftovers\n|upkeep\n|turn|15\n|\n|t:|1698815631\n|move|p1a: Calyrex|Glacial Lance|p2a: Arceus\n|-damage|p2a: Arceus|0 fnt\n|faint|p2a: Arceus\n|-ability|p1a: Calyrex|Chilling Neigh|boost\n|-boost|p1a: Calyrex|atk|1\n|\n|-heal|p1a: Calyrex|56\/100|[from] item: Leftovers\n|upkeep\n|\n|t:|1698815637\n|switch|p2a: Miraidon|Miraidon|100\/100\n|-fieldstart|move: Electric Terrain|[from] ability: Hadron Engine|[of] p2a: Miraidon\n|turn|16\n|\n|t:|1698815644\n|-terastallize|p2a: Miraidon|Fire\n|move|p1a: Calyrex|Glacial Lance|p2a: Miraidon\n|-resisted|p2a: Miraidon\n|-damage|p2a: Miraidon|0 fnt\n|faint|p2a: Miraidon\n|-ability|p1a: Calyrex|Chilling Neigh|boost\n|-boost|p1a: Calyrex|atk|1\n|\n|-heal|p1a: Calyrex|63\/100|[from] item: Leftovers\n|upkeep\n|\n|t:|1698815660\n|switch|p2a: Ditto|Ditto|100\/100\n|-transform|p2a: Ditto|p1a: Calyrex|[from] ability: Imposter\n|-start|p2a: Ditto|typechange|Psychic\/Ice|[silent]\n|turn|17\n|inactive|Tvrtko420 has 120 seconds left.\n|\n|t:|1698815693\n|move|p1a: Calyrex|High Horsepower|p2a: Ditto\n|-damage|p2a: Ditto|0 fnt\n|faint|p2a: Ditto\n|-ability|p1a: Calyrex|Chilling Neigh|boost\n|-boost|p1a: Calyrex|atk|1\n|\n|-heal|p1a: Calyrex|69\/100|[from] item: Leftovers\n|-fieldend|move: Trick Room\n|upkeep\n|\n|t:|1698815695\n|switch|p2a: Calyrex|Calyrex-Shadow|100\/100\n|-ability|p2a: Calyrex|As One\n|-ability|p2a: Calyrex|Unnerve\n|turn|18\n|\n|t:|1698815699\n|move|p2a: Calyrex|Psyshock|p1a: Calyrex\n|-crit|p1a: Calyrex\n|-damage|p1a: Calyrex|23\/100\n|move|p1a: Calyrex|Trick Room|p1a: Calyrex\n|-fieldstart|move: Trick Room|[of] p1a: Calyrex\n|\n|-heal|p1a: Calyrex|29\/100|[from] item: Leftovers\n|upkeep\n|turn|19\n|-message|TwentyTwan forfeited.\n|\n|win|Tvrtko420\n|raw|Tvrtko420's rating: 1749 &rarr; <strong>1764<\/strong><br \/>(+15 for winning)\n|raw|TwentyTwan's rating: 1653 &rarr; <strong>1638<\/strong><br \/>(-15 for losing)\n|l|\u2606TwentyTwan\n|l| GUESSWHOTPRADO\n|l|\u2606Tvrtko420\n","uploadtime":1698815820,"views":11,"p1id":"tvrtko420","p2id":"twentytwan","formatid":"gen9anythinggoes","rating":1638,"private":0,"password":""}