{"id":"gen9anythinggoes-1979772198","p1":"on 40 benadryl","p2":"Tobiaskingdom","format":"[Gen 9] Anything Goes","log":"|j|\u2606on 40 benadryl\n|j|\u2606Tobiaskingdom\n|t:|1698711655\n|gametype|singles\n|player|p1|on 40 benadryl|worker|1415\n|player|p2|Tobiaskingdom|giovanni|1508\n|teamsize|p1|6\n|teamsize|p2|6\n|gen|9\n|tier|[Gen 9] Anything Goes\n|rated|\n|rule|HP Percentage Mod: HP is shown in percentages\n|rule|Endless Battle Clause: Forcing endless battles is banned\n|clearpoke\n|poke|p1|Arceus-Steel|\n|poke|p1|Arceus-Flying|\n|poke|p1|Arceus-Ground|\n|poke|p1|Arceus-Ghost|\n|poke|p1|Arceus|\n|poke|p1|Arceus-Water|\n|poke|p2|Glimmora, F|\n|poke|p2|Electrode-Hisui|\n|poke|p2|Giratina|\n|poke|p2|Uxie|\n|poke|p2|Great Tusk|\n|poke|p2|Volcarona, F|\n|teampreview\n|inactive|Battle timer is ON: inactive players will automatically lose when time's up. (requested by Tobiaskingdom)\n|c|\u2606Tobiaskingdom|Ez enough lol\n|\n|t:|1698711665\n|start\n|switch|p1a: Bonehead|Arceus-Ground|100\/100\n|switch|p2a: See No Eyes|Uxie|100\/100\n|turn|1\n|\n|t:|1698711671\n|move|p1a: Bonehead|Taunt|p2a: See No Eyes\n|-start|p2a: See No Eyes|move: Taunt\n|cant|p2a: See No Eyes|move: Taunt|Light Screen\n|\n|upkeep\n|turn|2\n|\n|t:|1698711676\n|move|p1a: Bonehead|Stealth Rock|p2a: See No Eyes\n|-sidestart|p2: Tobiaskingdom|move: Stealth Rock\n|move|p2a: See No Eyes|U-turn|p1a: Bonehead\n|-damage|p1a: Bonehead|92\/100\n|\n|t:|1698711680\n|switch|p2a: The Plug|Glimmora, F|100\/100|[from] U-turn\n|-damage|p2a: The Plug|88\/100|[from] Stealth Rock\n|\n|upkeep\n|turn|3\n|\n|t:|1698711688\n|-terastallize|p2a: The Plug|Grass\n|move|p1a: Bonehead|Earthquake|p2a: The Plug\n|-resisted|p2a: The Plug\n|-damage|p2a: The Plug|58\/100\n|-activate|p2a: The Plug|ability: Toxic Debris\n|-sidestart|p1: on 40 benadryl|move: Toxic Spikes\n|move|p2a: The Plug|Mortal Spin|p1a: Bonehead\n|-resisted|p1a: Bonehead\n|-damage|p1a: Bonehead|91\/100\n|-status|p1a: Bonehead|psn\n|-sideend|p2: Tobiaskingdom|Stealth Rock|[from] move: Mortal Spin|[of] p2a: The Plug\n|\n|-damage|p1a: Bonehead|78\/100 psn|[from] psn\n|upkeep\n|turn|4\n|\n|t:|1698711702\n|move|p1a: Bonehead|Taunt|p2a: The Plug\n|-start|p2a: The Plug|move: Taunt\n|cant|p2a: The Plug|move: Taunt|Spikes\n|\n|-damage|p1a: Bonehead|66\/100 psn|[from] psn\n|upkeep\n|turn|5\n|\n|t:|1698711711\n|switch|p2a: See No Eyes|Uxie|100\/100\n|move|p1a: Bonehead|Earthquake|p2a: See No Eyes\n|-immune|p2a: See No Eyes|[from] ability: Levitate\n|\n|-damage|p1a: Bonehead|53\/100 psn|[from] psn\n|upkeep\n|turn|6\n|\n|t:|1698711719\n|move|p1a: Bonehead|Extreme Speed|p2a: See No Eyes\n|-damage|p2a: See No Eyes|80\/100\n|move|p2a: See No Eyes|U-turn|p1a: Bonehead\n|-damage|p1a: Bonehead|45\/100 psn\n|\n|t:|1698711725\n|switch|p2a: The Plug|Glimmora, F, tera:Grass|58\/100|[from] U-turn\n|\n|-damage|p1a: Bonehead|33\/100 psn|[from] psn\n|upkeep\n|turn|7\n|\n|t:|1698711733\n|move|p1a: Bonehead|Taunt|p2a: The Plug\n|-start|p2a: The Plug|move: Taunt\n|cant|p2a: The Plug|move: Taunt|Spikes\n|\n|-damage|p1a: Bonehead|20\/100 psn|[from] psn\n|upkeep\n|turn|8\n|\n|t:|1698711740\n|switch|p1a: arceus steel xd|Arceus-Flying|100\/100\n|switch|p2a: See No Eyes|Uxie|80\/100\n|\n|upkeep\n|turn|9\n|\n|t:|1698711746\n|move|p1a: arceus steel xd|Rain Dance|p1a: arceus steel xd\n|-weather|RainDance\n|move|p2a: See No Eyes|Thunder Wave|p1a: arceus steel xd\n|-status|p1a: arceus steel xd|par\n|\n|-weather|RainDance|[upkeep]\n|upkeep\n|turn|10\n|\n|t:|1698711752\n|move|p2a: See No Eyes|Light Screen|p2a: See No Eyes\n|-sidestart|p2: Tobiaskingdom|move: Light Screen\n|cant|p1a: arceus steel xd|par\n|\n|-weather|RainDance|[upkeep]\n|upkeep\n|turn|11\n|\n|t:|1698711757\n|move|p2a: See No Eyes|Reflect|p2a: See No Eyes\n|-sidestart|p2: Tobiaskingdom|Reflect\n|move|p1a: arceus steel xd|Hurricane|p2a: See No Eyes\n|-damage|p2a: See No Eyes|59\/100\n|\n|-weather|RainDance|[upkeep]\n|upkeep\n|turn|12\n|\n|t:|1698711764\n|move|p2a: See No Eyes|U-turn|p1a: arceus steel xd\n|-resisted|p1a: arceus steel xd\n|-crit|p1a: arceus steel xd\n|-damage|p1a: arceus steel xd|93\/100 par\n|\n|t:|1698711768\n|switch|p2a: SorrynotSorry|Electrode-Hisui, shiny|100\/100|[from] U-turn\n|move|p1a: arceus steel xd|Hurricane|p2a: SorrynotSorry\n|-damage|p2a: SorrynotSorry|55\/100\n|\n|-weather|RainDance|[upkeep]\n|-heal|p2a: SorrynotSorry|61\/100|[from] item: Leftovers\n|upkeep\n|turn|13\n|\n|t:|1698711781\n|-terastallize|p1a: arceus steel xd|Electric\n|move|p2a: SorrynotSorry|Leech Seed|p1a: arceus steel xd\n|-start|p1a: arceus steel xd|move: Leech Seed\n|cant|p1a: arceus steel xd|par\n|\n|-weather|none\n|-heal|p2a: SorrynotSorry|67\/100|[from] item: Leftovers\n|-damage|p1a: arceus steel xd|81\/100 par|[from] Leech Seed|[of] p2a: SorrynotSorry\n|-heal|p2a: SorrynotSorry|85\/100|[silent]\n|upkeep\n|turn|14\n|\n|t:|1698711795\n|switch|p2a: See No Eyes|Uxie|59\/100\n|switch|p1a: Drain Bramage|Arceus|100\/100\n|-status|p1a: Drain Bramage|psn\n|\n|-damage|p1a: Drain Bramage|88\/100 psn|[from] psn\n|upkeep\n|turn|15\n|\n|t:|1698711805\n|move|p1a: Drain Bramage|Swords Dance|p1a: Drain Bramage\n|-boost|p1a: Drain Bramage|atk|2\n|move|p2a: See No Eyes|U-turn|p1a: Drain Bramage\n|-damage|p1a: Drain Bramage|80\/100 psn\n|\n|t:|1698711810\n|switch|p2a: Krueger|Giratina|100\/100|[from] U-turn\n|-ability|p2a: Krueger|Pressure\n|\n|-damage|p1a: Drain Bramage|68\/100 psn|[from] psn\n|upkeep\n|turn|16\n|\n|t:|1698711817\n|move|p1a: Drain Bramage|Shadow Claw|p2a: Krueger\n|-supereffective|p2a: Krueger\n|-damage|p2a: Krueger|59\/100\n|-enditem|p2a: Krueger|Weakness Policy\n|-boost|p2a: Krueger|atk|2|[from] item: Weakness Policy\n|-boost|p2a: Krueger|spa|2|[from] item: Weakness Policy\n|-damage|p1a: Drain Bramage|58\/100 psn|[from] item: Life Orb\n|move|p2a: Krueger|Dragon Tail|p1a: Drain Bramage\n|-damage|p1a: Drain Bramage|23\/100 psn\n|drag|p1a: Food in Louisiana|Arceus-Steel|100\/100\n|\n|upkeep\n|turn|17\n|\n|t:|1698711830\n|move|p1a: Food in Louisiana|Judgment|p2a: Krueger\n|-damage|p2a: Krueger|45\/100\n|move|p2a: Krueger|Draco Meteor|p1a: Food in Louisiana\n|-resisted|p1a: Food in Louisiana\n|-damage|p1a: Food in Louisiana|71\/100\n|-unboost|p2a: Krueger|spa|2\n|\n|-sideend|p2: Tobiaskingdom|move: Light Screen\n|upkeep\n|turn|18\n|\n|t:|1698711839\n|move|p1a: Food in Louisiana|Judgment|p2a: Krueger\n|-damage|p2a: Krueger|14\/100\n|move|p2a: Krueger|Dragon Tail|p1a: Food in Louisiana\n|-resisted|p1a: Food in Louisiana\n|-damage|p1a: Food in Louisiana|52\/100\n|drag|p1a: Arceus Dragon|Arceus-Ghost|100\/100\n|-status|p1a: Arceus Dragon|psn\n|\n|-damage|p1a: Arceus Dragon|88\/100 psn|[from] psn\n|-sideend|p2: Tobiaskingdom|Reflect\n|upkeep\n|turn|19\n|\n|t:|1698711851\n|move|p2a: Krueger|Shadow Sneak|p1a: Arceus Dragon\n|-supereffective|p1a: Arceus Dragon\n|-damage|p1a: Arceus Dragon|38\/100 psn\n|move|p1a: Arceus Dragon|Judgment|p2a: Krueger\n|-supereffective|p2a: Krueger\n|-damage|p2a: Krueger|0 fnt\n|faint|p2a: Krueger\n|\n|-damage|p1a: Arceus Dragon|25\/100 psn|[from] psn\n|upkeep\n|\n|t:|1698711861\n|switch|p2a: Right Round|Great Tusk|100\/100\n|-enditem|p2a: Right Round|Booster Energy\n|-activate|p2a: Right Round|ability: Protosynthesis|[fromitem]\n|-start|p2a: Right Round|protosynthesisatk\n|turn|20\n|\n|t:|1698711869\n|move|p1a: Arceus Dragon|Energy Ball|p2a: Right Round\n|-supereffective|p2a: Right Round\n|-damage|p2a: Right Round|28\/100\n|move|p2a: Right Round|Knock Off|p1a: Arceus Dragon\n|-supereffective|p1a: Arceus Dragon\n|-damage|p1a: Arceus Dragon|0 fnt\n|faint|p1a: Arceus Dragon\n|\n|upkeep\n|\n|t:|1698711884\n|switch|p1a: Drain Bramage|Arceus|23\/100 psn\n|turn|21\n|\n|t:|1698711888\n|move|p1a: Drain Bramage|Extreme Speed|p2a: Right Round\n|-damage|p2a: Right Round|0 fnt\n|faint|p2a: Right Round\n|-end|p2a: Right Round|Protosynthesis|[silent]\n|-damage|p1a: Drain Bramage|13\/100 psn|[from] item: Life Orb\n|\n|-damage|p1a: Drain Bramage|0 fnt|[from] psn\n|faint|p1a: Drain Bramage\n|upkeep\n|\n|t:|1698711898\n|switch|p2a: See No Eyes|Uxie|59\/100\n|switch|p1a: Palafin-Villain|Arceus-Water|100\/100\n|-status|p1a: Palafin-Villain|psn\n|turn|22\n|\n|t:|1698711907\n|move|p1a: Palafin-Villain|Swords Dance|p1a: Palafin-Villain\n|-boost|p1a: Palafin-Villain|atk|2\n|move|p2a: See No Eyes|Light Screen|p2a: See No Eyes\n|-sidestart|p2: Tobiaskingdom|move: Light Screen\n|\n|-damage|p1a: Palafin-Villain|88\/100 psn|[from] psn\n|upkeep\n|turn|23\n|\n|t:|1698711914\n|move|p1a: Palafin-Villain|Liquidation|p2a: See No Eyes\n|-damage|p2a: See No Eyes|0 fnt\n|faint|p2a: See No Eyes\n|\n|-damage|p1a: Palafin-Villain|76\/100 psn|[from] psn\n|upkeep\n|\n|t:|1698711922\n|switch|p2a: The Plug|Glimmora, F, tera:Grass|58\/100\n|turn|24\n|\n|t:|1698711927\n|move|p1a: Palafin-Villain|Extreme Speed|p2a: The Plug\n|-damage|p2a: The Plug|3\/100\n|-activate|p2a: The Plug|ability: Toxic Debris\n|-sidestart|p1: on 40 benadryl|move: Toxic Spikes\n|-enditem|p2a: The Plug|Aguav Berry|[eat]\n|-heal|p2a: The Plug|36\/100|[from] item: Aguav Berry\n|move|p2a: The Plug|Spikes|p1a: Palafin-Villain\n|-sidestart|p1: on 40 benadryl|Spikes\n|\n|-damage|p1a: Palafin-Villain|63\/100 psn|[from] psn\n|upkeep\n|turn|25\n|\n|t:|1698711938\n|move|p1a: Palafin-Villain|Extreme Speed|p2a: The Plug\n|-damage|p2a: The Plug|0 fnt\n|faint|p2a: The Plug\n|\n|-damage|p1a: Palafin-Villain|51\/100 psn|[from] psn\n|upkeep\n|\n|t:|1698711945\n|switch|p2a: Mothra|Volcarona, F, shiny|100\/100\n|turn|26\n|\n|t:|1698711951\n|move|p1a: Palafin-Villain|Liquidation|p2a: Mothra\n|-supereffective|p2a: Mothra\n|-enditem|p2a: Mothra|Focus Sash\n|-damage|p2a: Mothra|1\/100\n|move|p2a: Mothra|Giga Drain|p1a: Palafin-Villain\n|-supereffective|p1a: Palafin-Villain\n|-damage|p1a: Palafin-Villain|5\/100 psn\n|-heal|p2a: Mothra|29\/100|[from] drain|[of] p1a: Palafin-Villain\n|\n|-damage|p1a: Palafin-Villain|0 fnt|[from] psn\n|faint|p1a: Palafin-Villain\n|upkeep\n|\n|t:|1698711957\n|switch|p1a: Bonehead|Arceus-Ground|20\/100 psn\n|-damage|p1a: Bonehead|8\/100 psn|[from] Spikes\n|turn|27\n|\n|t:|1698711967\n|move|p1a: Bonehead|Extreme Speed|p2a: Mothra\n|-damage|p2a: Mothra|0 fnt\n|faint|p2a: Mothra\n|\n|-damage|p1a: Bonehead|0 fnt|[from] psn\n|faint|p1a: Bonehead\n|upkeep\n|\n|t:|1698711975\n|switch|p2a: SorrynotSorry|Electrode-Hisui, shiny|85\/100\n|switch|p1a: arceus steel xd|Arceus-Flying, tera:Electric|81\/100 par\n|-damage|p1a: arceus steel xd|68\/100 par|[from] Spikes\n|turn|28\n|\n|t:|1698711981\n|move|p2a: SorrynotSorry|Substitute|p2a: SorrynotSorry\n|-start|p2a: SorrynotSorry|Substitute\n|-damage|p2a: SorrynotSorry|60\/100\n|cant|p1a: arceus steel xd|par\n|\n|-heal|p2a: SorrynotSorry|66\/100|[from] item: Leftovers\n|upkeep\n|turn|29\n|\n|t:|1698711988\n|move|p2a: SorrynotSorry|Leech Seed|p1a: arceus steel xd\n|-start|p1a: arceus steel xd|move: Leech Seed\n|cant|p1a: arceus steel xd|par\n|\n|-heal|p2a: SorrynotSorry|72\/100|[from] item: Leftovers\n|-damage|p1a: arceus steel xd|56\/100 par|[from] Leech Seed|[of] p2a: SorrynotSorry\n|-heal|p2a: SorrynotSorry|90\/100|[silent]\n|-sideend|p2: Tobiaskingdom|move: Light Screen\n|upkeep\n|turn|30\n|\n|t:|1698711997\n|move|p2a: SorrynotSorry|Leech Seed||[still]\n|-fail|p2a: SorrynotSorry\n|move|p1a: arceus steel xd|Recover|p1a: arceus steel xd\n|-heal|p1a: arceus steel xd|100\/100 par\n|\n|-heal|p2a: SorrynotSorry|96\/100|[from] item: Leftovers\n|-damage|p1a: arceus steel xd|88\/100 par|[from] Leech Seed|[of] p2a: SorrynotSorry\n|-heal|p2a: SorrynotSorry|100\/100|[silent]\n|upkeep\n|turn|31\n|\n|t:|1698712006\n|move|p2a: SorrynotSorry|Leech Seed||[still]\n|-fail|p2a: SorrynotSorry\n|move|p1a: arceus steel xd|Rain Dance|p1a: arceus steel xd\n|-weather|RainDance\n|\n|-weather|RainDance|[upkeep]\n|-damage|p1a: arceus steel xd|76\/100 par|[from] Leech Seed|[of] p2a: SorrynotSorry\n|upkeep\n|turn|32\n|\n|t:|1698712013\n|move|p2a: SorrynotSorry|Leech Seed||[still]\n|-fail|p2a: SorrynotSorry\n|cant|p1a: arceus steel xd|par\n|\n|-weather|RainDance|[upkeep]\n|-damage|p1a: arceus steel xd|63\/100 par|[from] Leech Seed|[of] p2a: SorrynotSorry\n|upkeep\n|turn|33\n|\n|t:|1698712021\n|move|p2a: SorrynotSorry|Leech Seed||[still]\n|-fail|p2a: SorrynotSorry\n|cant|p1a: arceus steel xd|par\n|\n|-weather|RainDance|[upkeep]\n|-damage|p1a: arceus steel xd|51\/100 par|[from] Leech Seed|[of] p2a: SorrynotSorry\n|upkeep\n|turn|34\n|\n|t:|1698712028\n|move|p2a: SorrynotSorry|Substitute|p2a: SorrynotSorry\n|-fail|p2a: SorrynotSorry|move: Substitute\n|move|p1a: arceus steel xd|Recover|p1a: arceus steel xd\n|-heal|p1a: arceus steel xd|100\/100 par\n|\n|-weather|RainDance|[upkeep]\n|-damage|p1a: arceus steel xd|88\/100 par|[from] Leech Seed|[of] p2a: SorrynotSorry\n|upkeep\n|turn|35\n|\n|t:|1698712038\n|move|p2a: SorrynotSorry|Protect|p2a: SorrynotSorry\n|-singleturn|p2a: SorrynotSorry|Protect\n|move|p1a: arceus steel xd|Hurricane|p2a: SorrynotSorry\n|-activate|p2a: SorrynotSorry|move: Protect\n|\n|-weather|none\n|-damage|p1a: arceus steel xd|76\/100 par|[from] Leech Seed|[of] p2a: SorrynotSorry\n|upkeep\n|turn|36\n|\n|t:|1698712047\n|move|p2a: SorrynotSorry|Chloroblast|p1a: arceus steel xd\n|-damage|p1a: arceus steel xd|41\/100 par\n|-damage|p2a: SorrynotSorry|50\/100|[from] Recoil\n|move|p1a: arceus steel xd|Hurricane|p2a: SorrynotSorry\n|-end|p2a: SorrynotSorry|Substitute\n|\n|-heal|p2a: SorrynotSorry|56\/100|[from] item: Leftovers\n|-damage|p1a: arceus steel xd|29\/100 par|[from] Leech Seed|[of] p2a: SorrynotSorry\n|-heal|p2a: SorrynotSorry|74\/100|[silent]\n|upkeep\n|turn|37\n|\n|t:|1698712058\n|switch|p1a: Food in Louisiana|Arceus-Steel|52\/100\n|-damage|p1a: Food in Louisiana|40\/100|[from] Spikes\n|move|p2a: SorrynotSorry|Substitute|p2a: SorrynotSorry\n|-start|p2a: SorrynotSorry|Substitute\n|-damage|p2a: SorrynotSorry|50\/100\n|\n|-heal|p2a: SorrynotSorry|56\/100|[from] item: Leftovers\n|upkeep\n|turn|38\n|\n|t:|1698712076\n|move|p2a: SorrynotSorry|Leech Seed|p1a: Food in Louisiana\n|-start|p1a: Food in Louisiana|move: Leech Seed\n|move|p1a: Food in Louisiana|Cosmic Power|p1a: Food in Louisiana\n|-boost|p1a: Food in Louisiana|def|1\n|-boost|p1a: Food in Louisiana|spd|1\n|\n|-heal|p2a: SorrynotSorry|62\/100|[from] item: Leftovers\n|-damage|p1a: Food in Louisiana|28\/100|[from] Leech Seed|[of] p2a: SorrynotSorry\n|-heal|p2a: SorrynotSorry|83\/100|[silent]\n|upkeep\n|turn|39\n|\n|t:|1698712085\n|move|p2a: SorrynotSorry|Chloroblast|p1a: Food in Louisiana\n|-resisted|p1a: Food in Louisiana\n|-damage|p1a: Food in Louisiana|18\/100\n|-damage|p2a: SorrynotSorry|33\/100|[from] Recoil\n|move|p1a: Food in Louisiana|Recover|p1a: Food in Louisiana\n|-heal|p1a: Food in Louisiana|68\/100\n|\n|-heal|p2a: SorrynotSorry|39\/100|[from] item: Leftovers\n|-damage|p1a: Food in Louisiana|56\/100|[from] Leech Seed|[of] p2a: SorrynotSorry\n|-heal|p2a: SorrynotSorry|60\/100|[silent]\n|upkeep\n|turn|40\n|\n|t:|1698712097\n|move|p2a: SorrynotSorry|Chloroblast|p1a: Food in Louisiana\n|-resisted|p1a: Food in Louisiana\n|-damage|p1a: Food in Louisiana|47\/100\n|-damage|p2a: SorrynotSorry|10\/100|[from] Recoil\n|move|p1a: Food in Louisiana|Judgment|p2a: SorrynotSorry\n|-resisted|p2a: SorrynotSorry\n|-end|p2a: SorrynotSorry|Substitute\n|\n|-heal|p2a: SorrynotSorry|16\/100|[from] item: Leftovers\n|-damage|p1a: Food in Louisiana|35\/100|[from] Leech Seed|[of] p2a: SorrynotSorry\n|-heal|p2a: SorrynotSorry|37\/100|[silent]\n|upkeep\n|turn|41\n|\n|t:|1698712109\n|move|p2a: SorrynotSorry|Substitute|p2a: SorrynotSorry\n|-start|p2a: SorrynotSorry|Substitute\n|-damage|p2a: SorrynotSorry|12\/100\n|move|p1a: Food in Louisiana|Judgment|p2a: SorrynotSorry\n|-resisted|p2a: SorrynotSorry\n|-end|p2a: SorrynotSorry|Substitute\n|\n|-heal|p2a: SorrynotSorry|18\/100|[from] item: Leftovers\n|-damage|p1a: Food in Louisiana|22\/100|[from] Leech Seed|[of] p2a: SorrynotSorry\n|-heal|p2a: SorrynotSorry|39\/100|[silent]\n|upkeep\n|turn|42\n|\n|t:|1698712120\n|move|p2a: SorrynotSorry|Substitute|p2a: SorrynotSorry\n|-start|p2a: SorrynotSorry|Substitute\n|-damage|p2a: SorrynotSorry|14\/100\n|move|p1a: Food in Louisiana|Recover|p1a: Food in Louisiana\n|-heal|p1a: Food in Louisiana|72\/100\n|\n|-heal|p2a: SorrynotSorry|20\/100|[from] item: Leftovers\n|-damage|p1a: Food in Louisiana|60\/100|[from] Leech Seed|[of] p2a: SorrynotSorry\n|-heal|p2a: SorrynotSorry|41\/100|[silent]\n|upkeep\n|turn|43\n|\n|t:|1698712129\n|move|p2a: SorrynotSorry|Protect|p2a: SorrynotSorry\n|-singleturn|p2a: SorrynotSorry|Protect\n|move|p1a: Food in Louisiana|Recover|p1a: Food in Louisiana\n|-heal|p1a: Food in Louisiana|100\/100\n|\n|-heal|p2a: SorrynotSorry|48\/100|[from] item: Leftovers\n|-damage|p1a: Food in Louisiana|88\/100|[from] Leech Seed|[of] p2a: SorrynotSorry\n|-heal|p2a: SorrynotSorry|69\/100|[silent]\n|upkeep\n|turn|44\n|\n|t:|1698712139\n|move|p2a: SorrynotSorry|Chloroblast|p1a: Food in Louisiana\n|-resisted|p1a: Food in Louisiana\n|-damage|p1a: Food in Louisiana|78\/100\n|-damage|p2a: SorrynotSorry|19\/100|[from] Recoil\n|move|p1a: Food in Louisiana|Judgment|p2a: SorrynotSorry\n|-resisted|p2a: SorrynotSorry\n|-end|p2a: SorrynotSorry|Substitute\n|\n|-heal|p2a: SorrynotSorry|25\/100|[from] item: Leftovers\n|-damage|p1a: Food in Louisiana|66\/100|[from] Leech Seed|[of] p2a: SorrynotSorry\n|-heal|p2a: SorrynotSorry|46\/100|[silent]\n|upkeep\n|turn|45\n|\n|t:|1698712151\n|move|p2a: SorrynotSorry|Substitute|p2a: SorrynotSorry\n|-start|p2a: SorrynotSorry|Substitute\n|-damage|p2a: SorrynotSorry|21\/100\n|move|p1a: Food in Louisiana|Judgment|p2a: SorrynotSorry\n|-resisted|p2a: SorrynotSorry\n|-end|p2a: SorrynotSorry|Substitute\n|\n|-heal|p2a: SorrynotSorry|27\/100|[from] item: Leftovers\n|-damage|p1a: Food in Louisiana|53\/100|[from] Leech Seed|[of] p2a: SorrynotSorry\n|-heal|p2a: SorrynotSorry|48\/100|[silent]\n|upkeep\n|turn|46\n|\n|t:|1698712165\n|move|p2a: SorrynotSorry|Protect|p2a: SorrynotSorry\n|-singleturn|p2a: SorrynotSorry|Protect\n|move|p1a: Food in Louisiana|Judgment|p2a: SorrynotSorry\n|-activate|p2a: SorrynotSorry|move: Protect\n|\n|-heal|p2a: SorrynotSorry|54\/100|[from] item: Leftovers\n|-damage|p1a: Food in Louisiana|41\/100|[from] Leech Seed|[of] p2a: SorrynotSorry\n|-heal|p2a: SorrynotSorry|75\/100|[silent]\n|upkeep\n|turn|47\n|\n|t:|1698712174\n|move|p2a: SorrynotSorry|Substitute|p2a: SorrynotSorry\n|-start|p2a: SorrynotSorry|Substitute\n|-damage|p2a: SorrynotSorry|50\/100\n|move|p1a: Food in Louisiana|Recover|p1a: Food in Louisiana\n|-heal|p1a: Food in Louisiana|91\/100\n|\n|-heal|p2a: SorrynotSorry|56\/100|[from] item: Leftovers\n|-damage|p1a: Food in Louisiana|78\/100|[from] Leech Seed|[of] p2a: SorrynotSorry\n|-heal|p2a: SorrynotSorry|78\/100|[silent]\n|upkeep\n|turn|48\n|\n|t:|1698712187\n|move|p2a: SorrynotSorry|Protect|p2a: SorrynotSorry\n|-singleturn|p2a: SorrynotSorry|Protect\n|move|p1a: Food in Louisiana|Cosmic Power|p1a: Food in Louisiana\n|-boost|p1a: Food in Louisiana|def|1\n|-boost|p1a: Food in Louisiana|spd|1\n|\n|-heal|p2a: SorrynotSorry|84\/100|[from] item: Leftovers\n|-damage|p1a: Food in Louisiana|66\/100|[from] Leech Seed|[of] p2a: SorrynotSorry\n|-heal|p2a: SorrynotSorry|100\/100|[silent]\n|upkeep\n|turn|49\n|c|\u2606Tobiaskingdom|U had 6 arceus i wouldve quit out of embarressment by now lol\n|inactive|Tobiaskingdom has 120 seconds left.\n|\n|t:|1698712218\n|move|p2a: SorrynotSorry|Protect|p2a: SorrynotSorry\n|-singleturn|p2a: SorrynotSorry|Protect\n|move|p1a: Food in Louisiana|Stored Power|p2a: SorrynotSorry\n|-activate|p2a: SorrynotSorry|move: Protect\n|\n|-damage|p1a: Food in Louisiana|54\/100|[from] Leech Seed|[of] p2a: SorrynotSorry\n|upkeep\n|turn|50\n|c|\u2606on 40 benadryl|ok\n|\n|t:|1698712228\n|move|p2a: SorrynotSorry|Leech Seed||[still]\n|-fail|p2a: SorrynotSorry\n|move|p1a: Food in Louisiana|Stored Power|p2a: SorrynotSorry\n|-end|p2a: SorrynotSorry|Substitute\n|\n|-damage|p1a: Food in Louisiana|41\/100|[from] Leech Seed|[of] p2a: SorrynotSorry\n|upkeep\n|turn|51\n|\n|t:|1698712236\n|move|p2a: SorrynotSorry|Protect|p2a: SorrynotSorry\n|-singleturn|p2a: SorrynotSorry|Protect\n|move|p1a: Food in Louisiana|Stored Power|p2a: SorrynotSorry\n|-activate|p2a: SorrynotSorry|move: Protect\n|\n|-damage|p1a: Food in Louisiana|29\/100|[from] Leech Seed|[of] p2a: SorrynotSorry\n|upkeep\n|turn|52\n|\n|t:|1698712244\n|move|p2a: SorrynotSorry|Substitute|p2a: SorrynotSorry\n|-start|p2a: SorrynotSorry|Substitute\n|-damage|p2a: SorrynotSorry|76\/100\n|move|p1a: Food in Louisiana|Recover|p1a: Food in Louisiana\n|-heal|p1a: Food in Louisiana|79\/100\n|\n|-heal|p2a: SorrynotSorry|82\/100|[from] item: Leftovers\n|-damage|p1a: Food in Louisiana|66\/100|[from] Leech Seed|[of] p2a: SorrynotSorry\n|-heal|p2a: SorrynotSorry|100\/100|[silent]\n|upkeep\n|turn|53\n|\n|t:|1698712256\n|move|p2a: SorrynotSorry|Leech Seed|p1a: Food in Louisiana|[miss]\n|-miss|p2a: SorrynotSorry|p1a: Food in Louisiana\n|move|p1a: Food in Louisiana|Stored Power|p2a: SorrynotSorry\n|-end|p2a: SorrynotSorry|Substitute\n|\n|-damage|p1a: Food in Louisiana|54\/100|[from] Leech Seed|[of] p2a: SorrynotSorry\n|upkeep\n|turn|54\n|\n|t:|1698712265\n|move|p2a: SorrynotSorry|Substitute|p2a: SorrynotSorry\n|-start|p2a: SorrynotSorry|Substitute\n|-damage|p2a: SorrynotSorry|76\/100\n|move|p1a: Food in Louisiana|Stored Power|p2a: SorrynotSorry\n|-end|p2a: SorrynotSorry|Substitute\n|\n|-heal|p2a: SorrynotSorry|82\/100|[from] item: Leftovers\n|-damage|p1a: Food in Louisiana|42\/100|[from] Leech Seed|[of] p2a: SorrynotSorry\n|-heal|p2a: SorrynotSorry|100\/100|[silent]\n|upkeep\n|turn|55\n|\n|t:|1698712275\n|move|p2a: SorrynotSorry|Substitute|p2a: SorrynotSorry\n|-start|p2a: SorrynotSorry|Substitute\n|-damage|p2a: SorrynotSorry|76\/100\n|move|p1a: Food in Louisiana|Recover|p1a: Food in Louisiana\n|-heal|p1a: Food in Louisiana|92\/100\n|\n|-heal|p2a: SorrynotSorry|82\/100|[from] item: Leftovers\n|-damage|p1a: Food in Louisiana|79\/100|[from] Leech Seed|[of] p2a: SorrynotSorry\n|-heal|p2a: SorrynotSorry|100\/100|[silent]\n|upkeep\n|turn|56\n|\n|t:|1698712285\n|move|p2a: SorrynotSorry|Protect|p2a: SorrynotSorry\n|-singleturn|p2a: SorrynotSorry|Protect\n|move|p1a: Food in Louisiana|Cosmic Power|p1a: Food in Louisiana\n|-boost|p1a: Food in Louisiana|def|1\n|-boost|p1a: Food in Louisiana|spd|1\n|\n|-damage|p1a: Food in Louisiana|67\/100|[from] Leech Seed|[of] p2a: SorrynotSorry\n|upkeep\n|turn|57\n|\n|t:|1698712296\n|move|p2a: SorrynotSorry|Chloroblast|p1a: Food in Louisiana\n|-resisted|p1a: Food in Louisiana\n|-damage|p1a: Food in Louisiana|61\/100\n|-damage|p2a: SorrynotSorry|50\/100|[from] Recoil\n|move|p1a: Food in Louisiana|Stored Power|p2a: SorrynotSorry\n|-end|p2a: SorrynotSorry|Substitute\n|\n|-heal|p2a: SorrynotSorry|56\/100|[from] item: Leftovers\n|-damage|p1a: Food in Louisiana|49\/100|[from] Leech Seed|[of] p2a: SorrynotSorry\n|-heal|p2a: SorrynotSorry|78\/100|[silent]\n|upkeep\n|turn|58\n|\n|t:|1698712307\n|move|p2a: SorrynotSorry|Substitute|p2a: SorrynotSorry\n|-start|p2a: SorrynotSorry|Substitute\n|-damage|p2a: SorrynotSorry|53\/100\n|move|p1a: Food in Louisiana|Stored Power|p2a: SorrynotSorry\n|-end|p2a: SorrynotSorry|Substitute\n|\n|-heal|p2a: SorrynotSorry|59\/100|[from] item: Leftovers\n|-damage|p1a: Food in Louisiana|37\/100|[from] Leech Seed|[of] p2a: SorrynotSorry\n|-heal|p2a: SorrynotSorry|80\/100|[silent]\n|upkeep\n|turn|59\n|\n|t:|1698712316\n|move|p2a: SorrynotSorry|Protect|p2a: SorrynotSorry\n|-singleturn|p2a: SorrynotSorry|Protect\n|move|p1a: Food in Louisiana|Recover|p1a: Food in Louisiana\n|-heal|p1a: Food in Louisiana|87\/100\n|\n|-heal|p2a: SorrynotSorry|86\/100|[from] item: Leftovers\n|-damage|p1a: Food in Louisiana|74\/100|[from] Leech Seed|[of] p2a: SorrynotSorry\n|-heal|p2a: SorrynotSorry|100\/100|[silent]\n|upkeep\n|turn|60\n|\n|t:|1698712326\n|move|p2a: SorrynotSorry|Substitute|p2a: SorrynotSorry\n|-start|p2a: SorrynotSorry|Substitute\n|-damage|p2a: SorrynotSorry|76\/100\n|move|p1a: Food in Louisiana|Judgment|p2a: SorrynotSorry\n|-resisted|p2a: SorrynotSorry\n|-end|p2a: SorrynotSorry|Substitute\n|\n|-heal|p2a: SorrynotSorry|82\/100|[from] item: Leftovers\n|-damage|p1a: Food in Louisiana|62\/100|[from] Leech Seed|[of] p2a: SorrynotSorry\n|-heal|p2a: SorrynotSorry|100\/100|[silent]\n|upkeep\n|turn|61\n|\n|t:|1698712336\n|move|p2a: SorrynotSorry|Protect|p2a: SorrynotSorry\n|-singleturn|p2a: SorrynotSorry|Protect\n|move|p1a: Food in Louisiana|Stored Power|p2a: SorrynotSorry\n|-activate|p2a: SorrynotSorry|move: Protect\n|\n|-damage|p1a: Food in Louisiana|49\/100|[from] Leech Seed|[of] p2a: SorrynotSorry\n|upkeep\n|turn|62\n|\n|t:|1698712344\n|move|p2a: SorrynotSorry|Substitute|p2a: SorrynotSorry\n|-start|p2a: SorrynotSorry|Substitute\n|-damage|p2a: SorrynotSorry|76\/100\n|move|p1a: Food in Louisiana|Recover|p1a: Food in Louisiana\n|-heal|p1a: Food in Louisiana|99\/100\n|\n|-heal|p2a: SorrynotSorry|82\/100|[from] item: Leftovers\n|-damage|p1a: Food in Louisiana|87\/100|[from] Leech Seed|[of] p2a: SorrynotSorry\n|-heal|p2a: SorrynotSorry|100\/100|[silent]\n|upkeep\n|turn|63\n|\n|t:|1698712354\n|move|p2a: SorrynotSorry|Leech Seed||[still]\n|-fail|p2a: SorrynotSorry\n|move|p1a: Food in Louisiana|Stored Power|p2a: SorrynotSorry\n|-end|p2a: SorrynotSorry|Substitute\n|\n|-damage|p1a: Food in Louisiana|75\/100|[from] Leech Seed|[of] p2a: SorrynotSorry\n|upkeep\n|turn|64\n|\n|t:|1698712363\n|move|p2a: SorrynotSorry|Substitute|p2a: SorrynotSorry\n|-start|p2a: SorrynotSorry|Substitute\n|-damage|p2a: SorrynotSorry|76\/100\n|move|p1a: Food in Louisiana|Stored Power|p2a: SorrynotSorry\n|-end|p2a: SorrynotSorry|Substitute\n|\n|-heal|p2a: SorrynotSorry|82\/100|[from] item: Leftovers\n|-damage|p1a: Food in Louisiana|62\/100|[from] Leech Seed|[of] p2a: SorrynotSorry\n|-heal|p2a: SorrynotSorry|100\/100|[silent]\n|upkeep\n|turn|65\n|\n|t:|1698712373\n|move|p2a: SorrynotSorry|Protect|p2a: SorrynotSorry\n|-singleturn|p2a: SorrynotSorry|Protect\n|move|p1a: Food in Louisiana|Stored Power|p2a: SorrynotSorry\n|-activate|p2a: SorrynotSorry|move: Protect\n|\n|-damage|p1a: Food in Louisiana|50\/100|[from] Leech Seed|[of] p2a: SorrynotSorry\n|upkeep\n|turn|66\n|\n|t:|1698712381\n|move|p2a: SorrynotSorry|Leech Seed||[still]\n|-fail|p2a: SorrynotSorry\n|move|p1a: Food in Louisiana|Stored Power|p2a: SorrynotSorry\n|-damage|p2a: SorrynotSorry|52\/100\n|\n|-heal|p2a: SorrynotSorry|58\/100|[from] item: Leftovers\n|-damage|p1a: Food in Louisiana|37\/100|[from] Leech Seed|[of] p2a: SorrynotSorry\n|-heal|p2a: SorrynotSorry|79\/100|[silent]\n|upkeep\n|turn|67\n|\n|t:|1698712391\n|move|p2a: SorrynotSorry|Substitute|p2a: SorrynotSorry\n|-start|p2a: SorrynotSorry|Substitute\n|-damage|p2a: SorrynotSorry|55\/100\n|move|p1a: Food in Louisiana|Stored Power|p2a: SorrynotSorry\n|-end|p2a: SorrynotSorry|Substitute\n|\n|-heal|p2a: SorrynotSorry|61\/100|[from] item: Leftovers\n|-damage|p1a: Food in Louisiana|25\/100|[from] Leech Seed|[of] p2a: SorrynotSorry\n|-heal|p2a: SorrynotSorry|82\/100|[silent]\n|upkeep\n|turn|68\n|\n|t:|1698712400\n|move|p2a: SorrynotSorry|Chloroblast|p1a: Food in Louisiana\n|-resisted|p1a: Food in Louisiana\n|-damage|p1a: Food in Louisiana|20\/100\n|-damage|p2a: SorrynotSorry|32\/100|[from] Recoil\n|move|p1a: Food in Louisiana|Stored Power|p2a: SorrynotSorry\n|-damage|p2a: SorrynotSorry|0 fnt\n|faint|p2a: SorrynotSorry\n|\n|win|on 40 benadryl\n|raw|on 40 benadryl's rating: 1415 &rarr; <strong>1440<\/strong><br \/>(+25 for winning)\n|raw|Tobiaskingdom's rating: 1508 &rarr; <strong>1483<\/strong><br \/>(-25 for losing)\n|c|\u2606on 40 benadryl|ggwp\n|l|\u2606Tobiaskingdom\n","uploadtime":1698712414,"views":9,"p1id":"on40benadryl","p2id":"tobiaskingdom","formatid":"gen9anythinggoes","rating":1440,"private":0,"password":""}