{"id":"gen9anythinggoes-1979022891","p1":"sakaskdk","p2":"Einzbern640","format":"[Gen 9] Anything Goes","log":"|j|\u2606sakaskdk\n|j|\u2606Einzbern640\n|t:|1698622354\n|gametype|singles\n|player|p1|sakaskdk|bellelba|1139\n|player|p2|Einzbern640|waiter|1114\n|teamsize|p1|6\n|teamsize|p2|6\n|gen|9\n|tier|[Gen 9] Anything Goes\n|rated|\n|rule|HP Percentage Mod: HP is shown in percentages\n|rule|Endless Battle Clause: Forcing endless battles is banned\n|clearpoke\n|poke|p1|Polteageist|\n|poke|p1|Darkrai|\n|poke|p1|Clodsire, F|\n|poke|p1|Gliscor, F|\n|poke|p1|Clefable, F|\n|poke|p1|Garganacl, M|\n|poke|p2|Empoleon, F|\n|poke|p2|Empoleon, M|\n|poke|p2|Empoleon, M|\n|poke|p2|Empoleon, M|\n|poke|p2|Empoleon, F|\n|poke|p2|Empoleon, F|\n|teampreview\n|c|\u2606sakaskdk|the heck\n|\n|t:|1698622381\n|start\n|switch|p1a: Clodsire|Clodsire, F, shiny|100\/100\n|switch|p2a: Poseidon|Empoleon, M|100\/100\n|turn|1\n|inactive|Battle timer is ON: inactive players will automatically lose when time's up. (requested by Einzbern640)\n|\n|t:|1698622390\n|move|p2a: Poseidon|Rain Dance|p2a: Poseidon\n|-weather|RainDance\n|move|p1a: Clodsire|Toxic|p2a: Poseidon\n|-immune|p2a: Poseidon\n|\n|-weather|RainDance|[upkeep]\n|upkeep\n|turn|2\n|-activate|p1a: Clodsire|item: Quick Claw\n|\n|t:|1698622406\n|switch|p2a: Winter|Empoleon, F, shiny|100\/100\n|move|p1a: Clodsire|Protect||[still]\n|-fail|p1a: Clodsire\n|\n|-weather|RainDance|[upkeep]\n|upkeep\n|turn|3\n|\n|t:|1698622424\n|switch|p1a: Gliscor|Gliscor, F|100\/100\n|move|p2a: Winter|Stealth Rock|p1a: Gliscor\n|-sidestart|p1: sakaskdk|move: Stealth Rock\n|\n|-weather|RainDance|[upkeep]\n|-damage|p1a: Gliscor|88\/100|[from] item: Black Sludge\n|upkeep\n|turn|4\n|\n|t:|1698622439\n|move|p1a: Gliscor|Swords Dance|p1a: Gliscor\n|-boost|p1a: Gliscor|atk|2\n|move|p2a: Winter|Snowscape|p2a: Winter\n|-weather|Snow\n|\n|-weather|Snow|[upkeep]\n|-damage|p1a: Gliscor|76\/100|[from] item: Black Sludge\n|upkeep\n|turn|5\n|\n|t:|1698622448\n|move|p1a: Gliscor|Earthquake|p2a: Winter\n|-supereffective|p2a: Winter\n|-damage|p2a: Winter|0 fnt\n|faint|p2a: Winter\n|\n|-weather|Snow|[upkeep]\n|-damage|p1a: Gliscor|63\/100|[from] item: Black Sludge\n|upkeep\n|\n|t:|1698622459\n|switch|p2a: Poseidon|Empoleon, M|100\/100\n|turn|6\n|\n|t:|1698622464\n|switch|p2a: Tuxedo|Empoleon, F|100\/100\n|-item|p2a: Tuxedo|Air Balloon\n|move|p1a: Gliscor|Earthquake|p2a: Tuxedo\n|-immune|p2a: Tuxedo\n|\n|-weather|Snow|[upkeep]\n|-damage|p1a: Gliscor|51\/100|[from] item: Black Sludge\n|upkeep\n|turn|7\n|\n|t:|1698622474\n|move|p1a: Gliscor|Swords Dance|p1a: Gliscor\n|-boost|p1a: Gliscor|atk|2\n|move|p2a: Tuxedo|Roar|p1a: Gliscor\n|drag|p1a: Polteageist|Polteageist|100\/100\n|-damage|p1a: Polteageist|88\/100|[from] Stealth Rock\n|\n|-weather|Snow|[upkeep]\n|upkeep\n|turn|8\n|\n|t:|1698622487\n|switch|p2a: Empress|Empoleon, F|100\/100\n|move|p1a: Polteageist|Shell Smash|p1a: Polteageist\n|-unboost|p1a: Polteageist|def|1\n|-unboost|p1a: Polteageist|spd|1\n|-boost|p1a: Polteageist|atk|2\n|-boost|p1a: Polteageist|spa|2\n|-boost|p1a: Polteageist|spe|2\n|-enditem|p1a: Polteageist|White Herb\n|-clearnegativeboost|p1a: Polteageist|[silent]\n|\n|-weather|none\n|upkeep\n|turn|9\n|\n|t:|1698622503\n|-terastallize|p1a: Polteageist|Steel\n|move|p1a: Polteageist|Shadow Ball|p2a: Empress\n|-damage|p2a: Empress|24\/100\n|-unboost|p2a: Empress|spd|1\n|-ability|p2a: Empress|Competitive|boost\n|-boost|p2a: Empress|spa|2\n|move|p2a: Empress|Roar|p1a: Polteageist\n|drag|p1a: Clodsire|Clodsire, F, shiny|100\/100\n|-damage|p1a: Clodsire|94\/100|[from] Stealth Rock\n|\n|-heal|p2a: Empress|30\/100|[from] item: Leftovers\n|upkeep\n|turn|10\n|-activate|p1a: Clodsire|item: Quick Claw\n|\n|t:|1698622518\n|move|p1a: Clodsire|Protect|p1a: Clodsire\n|-singleturn|p1a: Clodsire|Protect\n|move|p2a: Empress|Roost|p2a: Empress\n|-heal|p2a: Empress|80\/100\n|-singleturn|p2a: Empress|move: Roost\n|\n|-heal|p2a: Empress|86\/100|[from] item: Leftovers\n|upkeep\n|turn|11\n|\n|t:|1698622528\n|switch|p1a: Garganacl|Garganacl, M|100\/100\n|-damage|p1a: Garganacl|88\/100|[from] Stealth Rock\n|move|p2a: Empress|Substitute|p2a: Empress\n|-start|p2a: Empress|Substitute\n|-damage|p2a: Empress|61\/100\n|\n|-heal|p2a: Empress|67\/100|[from] item: Leftovers\n|upkeep\n|turn|12\n|\n|t:|1698622540\n|move|p1a: Garganacl|Salt Cure|p2a: Empress\n|-resisted|p2a: Empress\n|-activate|p2a: Empress|move: Substitute|[damage]\n|move|p2a: Empress|Roar|p1a: Garganacl\n|drag|p1a: Darkrai|Darkrai|100\/100\n|-damage|p1a: Darkrai|88\/100|[from] Stealth Rock\n|\n|-heal|p2a: Empress|73\/100|[from] item: Leftovers\n|upkeep\n|turn|13\n|\n|t:|1698622551\n|move|p1a: Darkrai|Dark Pulse|p2a: Empress\n|-end|p2a: Empress|Substitute\n|move|p2a: Empress|Roar|p1a: Darkrai\n|drag|p1a: Clefable|Clefable, F|100\/100\n|-damage|p1a: Clefable|88\/100|[from] Stealth Rock\n|\n|-heal|p2a: Empress|80\/100|[from] item: Leftovers\n|upkeep\n|turn|14\n|\n|t:|1698622567\n|move|p2a: Empress|Substitute|p2a: Empress\n|-start|p2a: Empress|Substitute\n|-damage|p2a: Empress|55\/100\n|move|p1a: Clefable|Copycat|p1a: Clefable\n|move|p1a: Clefable|Substitute|p1a: Clefable|[from]move: Copycat\n|-start|p1a: Clefable|Substitute\n|-damage|p1a: Clefable|63\/100\n|\n|-heal|p2a: Empress|61\/100|[from] item: Leftovers\n|upkeep\n|turn|15\n|\n|t:|1698622575\n|move|p1a: Clefable|Encore|p2a: Empress\n|-start|p2a: Empress|Encore\n|move|p2a: Empress|Substitute|p2a: Empress\n|-fail|p2a: Empress|move: Substitute\n|\n|-heal|p2a: Empress|67\/100|[from] item: Leftovers\n|upkeep\n|turn|16\n|\n|t:|1698622582\n|move|p2a: Empress|Substitute|p2a: Empress\n|-fail|p2a: Empress|move: Substitute\n|move|p1a: Clefable|Calm Mind|p1a: Clefable\n|-boost|p1a: Clefable|spa|1\n|-boost|p1a: Clefable|spd|1\n|\n|-heal|p2a: Empress|73\/100|[from] item: Leftovers\n|upkeep\n|turn|17\n|\n|t:|1698622592\n|move|p2a: Empress|Substitute|p2a: Empress\n|-fail|p2a: Empress|move: Substitute\n|move|p1a: Clefable|Calm Mind|p1a: Clefable\n|-boost|p1a: Clefable|spa|1\n|-boost|p1a: Clefable|spd|1\n|\n|-heal|p2a: Empress|79\/100|[from] item: Leftovers\n|-end|p2a: Empress|Encore\n|upkeep\n|turn|18\n|\n|t:|1698622603\n|move|p1a: Clefable|Body Slam|p2a: Empress\n|-resisted|p2a: Empress\n|-activate|p2a: Empress|move: Substitute|[damage]\n|move|p2a: Empress|Roar|p1a: Clefable\n|drag|p1a: Clodsire|Clodsire, F, shiny|94\/100\n|-damage|p1a: Clodsire|88\/100|[from] Stealth Rock\n|\n|-heal|p2a: Empress|85\/100|[from] item: Leftovers\n|upkeep\n|turn|19\n|\n|t:|1698622616\n|switch|p1a: Clefable|Clefable, F|63\/100\n|-damage|p1a: Clefable|51\/100|[from] Stealth Rock\n|move|p2a: Empress|Roar|p1a: Clefable\n|drag|p1a: Clodsire|Clodsire, F, shiny|88\/100\n|-damage|p1a: Clodsire|82\/100|[from] Stealth Rock\n|\n|-heal|p2a: Empress|91\/100|[from] item: Leftovers\n|upkeep\n|turn|20\n|\n|t:|1698622631\n|move|p1a: Clodsire|Protect|p1a: Clodsire\n|-singleturn|p1a: Clodsire|Protect\n|move|p2a: Empress|Roar|p1a: Clodsire\n|drag|p1a: Darkrai|Darkrai|88\/100\n|-damage|p1a: Darkrai|76\/100|[from] Stealth Rock\n|\n|-heal|p2a: Empress|98\/100|[from] item: Leftovers\n|upkeep\n|turn|21\n|\n|t:|1698622643\n|move|p1a: Darkrai|Dark Pulse|p2a: Empress\n|-end|p2a: Empress|Substitute\n|move|p2a: Empress|Roar|p1a: Darkrai\n|drag|p1a: Garganacl|Garganacl, M|88\/100\n|-damage|p1a: Garganacl|76\/100|[from] Stealth Rock\n|\n|-heal|p2a: Empress|100\/100|[from] item: Leftovers\n|upkeep\n|turn|22\n|\n|t:|1698622658\n|switch|p1a: Clodsire|Clodsire, F, shiny|82\/100\n|-damage|p1a: Clodsire|76\/100|[from] Stealth Rock\n|move|p2a: Empress|Protect||[still]\n|-fail|p2a: Empress\n|\n|upkeep\n|turn|23\n|\n|t:|1698622666\n|switch|p1a: Clefable|Clefable, F|51\/100\n|-damage|p1a: Clefable|38\/100|[from] Stealth Rock\n|move|p2a: Empress|Substitute|p2a: Empress\n|-start|p2a: Empress|Substitute\n|-damage|p2a: Empress|76\/100\n|\n|-heal|p2a: Empress|82\/100|[from] item: Leftovers\n|upkeep\n|turn|24\n|\n|t:|1698622676\n|move|p1a: Clefable|Body Slam|p2a: Empress\n|-resisted|p2a: Empress\n|-activate|p2a: Empress|move: Substitute|[damage]\n|move|p2a: Empress|Roar|p1a: Clefable\n|drag|p1a: Clodsire|Clodsire, F, shiny|76\/100\n|-damage|p1a: Clodsire|70\/100|[from] Stealth Rock\n|\n|-heal|p2a: Empress|88\/100|[from] item: Leftovers\n|upkeep\n|turn|25\n|\n|t:|1698622687\n|move|p1a: Clodsire|Gunk Shot|p2a: Empress\n|-immune|p2a: Empress\n|move|p2a: Empress|Roar|p1a: Clodsire\n|drag|p1a: Clefable|Clefable, F|38\/100\n|-damage|p1a: Clefable|26\/100|[from] Stealth Rock\n|\n|-heal|p2a: Empress|94\/100|[from] item: Leftovers\n|upkeep\n|turn|26\n|\n|t:|1698622710\n|move|p1a: Clefable|Copycat||[still]\n|-fail|p1a: Clefable\n|move|p2a: Empress|Roar|p1a: Clefable\n|drag|p1a: Polteageist|Polteageist, tera:Steel|88\/100\n|-damage|p1a: Polteageist|82\/100|[from] Stealth Rock\n|\n|-heal|p2a: Empress|99\/100|[from] item: Leftovers\n|upkeep\n|turn|27\n|\n|t:|1698622723\n|move|p1a: Polteageist|Shadow Ball|p2a: Empress\n|-end|p2a: Empress|Substitute\n|move|p2a: Empress|Roar|p1a: Polteageist\n|drag|p1a: Garganacl|Garganacl, M|76\/100\n|-damage|p1a: Garganacl|63\/100|[from] Stealth Rock\n|\n|-heal|p2a: Empress|100\/100|[from] item: Leftovers\n|upkeep\n|turn|28\n|\n|t:|1698622741\n|move|p2a: Empress|Substitute|p2a: Empress\n|-start|p2a: Empress|Substitute\n|-damage|p2a: Empress|76\/100\n|move|p1a: Garganacl|Salt Cure|p2a: Empress\n|-resisted|p2a: Empress\n|-activate|p2a: Empress|move: Substitute|[damage]\n|\n|-heal|p2a: Empress|82\/100|[from] item: Leftovers\n|upkeep\n|turn|29\n|\n|t:|1698622753\n|move|p1a: Garganacl|Ice Punch|p2a: Empress\n|-resisted|p2a: Empress\n|-activate|p2a: Empress|move: Substitute|[damage]\n|move|p2a: Empress|Roar|p1a: Garganacl\n|drag|p1a: Clodsire|Clodsire, F, shiny|70\/100\n|-damage|p1a: Clodsire|64\/100|[from] Stealth Rock\n|\n|-heal|p2a: Empress|88\/100|[from] item: Leftovers\n|upkeep\n|turn|30\n|\n|t:|1698622765\n|move|p1a: Clodsire|Protect|p1a: Clodsire\n|-singleturn|p1a: Clodsire|Protect\n|move|p2a: Empress|Roar|p1a: Clodsire\n|drag|p1a: Polteageist|Polteageist, tera:Steel|82\/100\n|-damage|p1a: Polteageist|76\/100|[from] Stealth Rock\n|\n|-heal|p2a: Empress|94\/100|[from] item: Leftovers\n|upkeep\n|turn|31\n|inactive|sakaskdk has 120 seconds left.\n|\n|t:|1698622784\n|move|p2a: Empress|Protect|p2a: Empress\n|-singleturn|p2a: Empress|Protect\n|move|p1a: Polteageist|Shadow Ball|p2a: Empress\n|-activate|p2a: Empress|move: Protect\n|\n|-heal|p2a: Empress|99\/100|[from] item: Leftovers\n|upkeep\n|turn|32\n|\n|t:|1698622792\n|move|p1a: Polteageist|Shadow Ball|p2a: Empress\n|-crit|p2a: Empress\n|-end|p2a: Empress|Substitute\n|move|p2a: Empress|Roar|p1a: Polteageist\n|drag|p1a: Clefable|Clefable, F|26\/100\n|-damage|p1a: Clefable|13\/100|[from] Stealth Rock\n|\n|-heal|p2a: Empress|100\/100|[from] item: Leftovers\n|upkeep\n|turn|33\n|\n|t:|1698622806\n|move|p1a: Clefable|Encore|p2a: Empress\n|-start|p2a: Empress|Encore\n|move|p2a: Empress|Roar|p1a: Clefable\n|drag|p1a: Gliscor|Gliscor, F|51\/100\n|-damage|p1a: Gliscor|39\/100|[from] Stealth Rock\n|\n|-damage|p1a: Gliscor|26\/100|[from] item: Black Sludge\n|upkeep\n|turn|34\n|inactive|sakaskdk has 120 seconds left.\n|\n|t:|1698622833\n|switch|p2a: Tuxedo|Empoleon, F|100\/100\n|-item|p2a: Tuxedo|Air Balloon\n|move|p1a: Gliscor|Earthquake|p2a: Tuxedo\n|-immune|p2a: Tuxedo\n|\n|-damage|p1a: Gliscor|14\/100|[from] item: Black Sludge\n|upkeep\n|turn|35\n|inactive|sakaskdk has 120 seconds left.\n|\n|t:|1698622848\n|move|p2a: Tuxedo|Aqua Jet|p1a: Gliscor\n|-supereffective|p1a: Gliscor\n|-damage|p1a: Gliscor|0 fnt\n|faint|p1a: Gliscor\n|\n|upkeep\n|\n|t:|1698622854\n|switch|p1a: Clefable|Clefable, F|13\/100\n|-damage|p1a: Clefable|1\/100|[from] Stealth Rock\n|turn|36\n|inactive|sakaskdk has 120 seconds left.\n|\n|t:|1698622860\n|move|p2a: Tuxedo|Aqua Jet|p1a: Clefable\n|-damage|p1a: Clefable|0 fnt\n|-damage|p2a: Tuxedo|84\/100|[from] item: Rocky Helmet|[of] p1a: Clefable\n|faint|p1a: Clefable\n|\n|upkeep\n|inactive|sakaskdk has 120 seconds left.\n|\n|t:|1698622872\n|switch|p1a: Clodsire|Clodsire, F, shiny|64\/100\n|-damage|p1a: Clodsire|58\/100|[from] Stealth Rock\n|turn|37\n|inactive|sakaskdk has 120 seconds left.\n|\n|t:|1698622879\n|move|p1a: Clodsire|Protect|p1a: Clodsire\n|-singleturn|p1a: Clodsire|Protect\n|move|p2a: Tuxedo|Knock Off|p1a: Clodsire\n|-activate|p1a: Clodsire|move: Protect\n|\n|upkeep\n|turn|38\n|inactive|sakaskdk has 120 seconds left.\n|\n|t:|1698622889\n|switch|p1a: Darkrai|Darkrai|76\/100\n|-damage|p1a: Darkrai|63\/100|[from] Stealth Rock\n|move|p2a: Tuxedo|Knock Off|p1a: Darkrai\n|-resisted|p1a: Darkrai\n|-damage|p1a: Darkrai|51\/100\n|-enditem|p1a: Darkrai|Weakness Policy|[from] move: Knock Off|[of] p2a: Tuxedo\n|\n|upkeep\n|turn|39\n|\n|t:|1698622900\n|move|p1a: Darkrai|Hypnosis|p2a: Tuxedo|[miss]\n|-miss|p1a: Darkrai|p2a: Tuxedo\n|move|p2a: Tuxedo|Roar|p1a: Darkrai\n|drag|p1a: Polteageist|Polteageist, tera:Steel|76\/100\n|-damage|p1a: Polteageist|70\/100|[from] Stealth Rock\n|\n|upkeep\n|turn|40\n|\n|t:|1698622914\n|move|p1a: Polteageist|Shell Smash|p1a: Polteageist\n|-unboost|p1a: Polteageist|def|1\n|-unboost|p1a: Polteageist|spd|1\n|-boost|p1a: Polteageist|atk|2\n|-boost|p1a: Polteageist|spa|2\n|-boost|p1a: Polteageist|spe|2\n|move|p2a: Tuxedo|Roar|p1a: Polteageist\n|drag|p1a: Garganacl|Garganacl, M|63\/100\n|-damage|p1a: Garganacl|51\/100|[from] Stealth Rock\n|\n|upkeep\n|turn|41\n|\n|t:|1698622926\n|move|p2a: Tuxedo|Aqua Jet|p1a: Garganacl\n|-supereffective|p1a: Garganacl\n|-damage|p1a: Garganacl|39\/100\n|-enditem|p1a: Garganacl|Weakness Policy\n|-boost|p1a: Garganacl|atk|2|[from] item: Weakness Policy\n|-boost|p1a: Garganacl|spa|2|[from] item: Weakness Policy\n|move|p1a: Garganacl|Block|p2a: Tuxedo\n|-activate|p2a: Tuxedo|trapped\n|\n|upkeep\n|turn|42\n|\n|t:|1698622938\n|move|p1a: Garganacl|Salt Cure|p2a: Tuxedo\n|-resisted|p2a: Tuxedo\n|-damage|p2a: Tuxedo|74\/100\n|-start|p2a: Tuxedo|Salt Cure\n|-enditem|p2a: Tuxedo|Air Balloon\n|move|p2a: Tuxedo|Roar|p1a: Garganacl\n|drag|p1a: Darkrai|Darkrai|51\/100\n|-damage|p1a: Darkrai|38\/100|[from] Stealth Rock\n|\n|-damage|p2a: Tuxedo|49\/100|[from] Salt Cure\n|upkeep\n|turn|43\n|\n|t:|1698622951\n|move|p2a: Tuxedo|Aqua Jet|p1a: Darkrai\n|-damage|p1a: Darkrai|21\/100\n|move|p1a: Darkrai|Hypnosis|p2a: Tuxedo\n|-status|p2a: Tuxedo|slp|[from] move: Hypnosis\n|\n|-damage|p2a: Tuxedo|24\/100 slp|[from] Salt Cure\n|-damage|p2a: Tuxedo|11\/100 slp|[from] ability: Bad Dreams|[of] p1a: Darkrai\n|upkeep\n|turn|44\n|\n|t:|1698622962\n|switch|p2a: Napoleon|Empoleon, M|100\/100\n|move|p1a: Darkrai|Dream Eater|p2a: Napoleon\n|-immune|p2a: Napoleon\n|\n|upkeep\n|turn|45\n|\n|t:|1698622976\n|move|p1a: Darkrai|Hypnosis|p2a: Napoleon\n|-status|p2a: Napoleon|slp|[from] move: Hypnosis\n|cant|p2a: Napoleon|slp\n|\n|-damage|p2a: Napoleon|88\/100 slp|[from] ability: Bad Dreams|[of] p1a: Darkrai\n|upkeep\n|turn|46\n|\n|t:|1698622992\n|move|p1a: Darkrai|Hypnosis|p2a: Napoleon\n|-fail|p2a: Napoleon|slp\n|-curestatus|p2a: Napoleon|slp|[msg]\n|move|p2a: Napoleon|Agility|p2a: Napoleon\n|-boost|p2a: Napoleon|spe|2\n|\n|upkeep\n|turn|47\n|\n|t:|1698623002\n|move|p1a: Darkrai|Protect|p1a: Darkrai\n|-singleturn|p1a: Darkrai|Protect\n|move|p2a: Napoleon|Liquidation|p1a: Darkrai\n|-activate|p1a: Darkrai|move: Protect\n|\n|upkeep\n|turn|48\n|\n|t:|1698623013\n|move|p2a: Napoleon|Liquidation|p1a: Darkrai\n|-damage|p1a: Darkrai|0 fnt\n|faint|p1a: Darkrai\n|-damage|p2a: Napoleon|78\/100|[from] item: Life Orb\n|\n|upkeep\n|\n|t:|1698623022\n|switch|p1a: Garganacl|Garganacl, M|39\/100\n|-damage|p1a: Garganacl|26\/100|[from] Stealth Rock\n|turn|49\n|\n|t:|1698623029\n|move|p2a: Napoleon|Liquidation|p1a: Garganacl\n|-supereffective|p1a: Garganacl\n|-damage|p1a: Garganacl|0 fnt\n|faint|p1a: Garganacl\n|-damage|p2a: Napoleon|68\/100|[from] item: Life Orb\n|\n|upkeep\n|\n|t:|1698623036\n|switch|p1a: Polteageist|Polteageist, tera:Steel|70\/100\n|-damage|p1a: Polteageist|64\/100|[from] Stealth Rock\n|turn|50\n|\n|t:|1698623047\n|-terastallize|p2a: Napoleon|Normal\n|move|p2a: Napoleon|Earthquake|p1a: Polteageist\n|-supereffective|p1a: Polteageist\n|-damage|p1a: Polteageist|0 fnt\n|faint|p1a: Polteageist\n|-damage|p2a: Napoleon|58\/100|[from] item: Life Orb\n|\n|upkeep\n|\n|t:|1698623054\n|switch|p1a: Clodsire|Clodsire, F, shiny|58\/100\n|-damage|p1a: Clodsire|52\/100|[from] Stealth Rock\n|turn|51\n|\n|t:|1698623058\n|move|p2a: Napoleon|Earthquake|p1a: Clodsire\n|-supereffective|p1a: Clodsire\n|-damage|p1a: Clodsire|0 fnt\n|faint|p1a: Clodsire\n|-damage|p2a: Napoleon|48\/100|[from] item: Life Orb\n|\n|win|Einzbern640\n|raw|sakaskdk's rating: 1139 &rarr; <strong>1112<\/strong><br \/>(-27 for losing)\n|raw|Einzbern640's rating: 1114 &rarr; <strong>1141<\/strong><br \/>(+27 for winning)\n|c|\u2606Einzbern640|gg\n|c|\u2606sakaskdk|gg\n|l|\u2606sakaskdk\n","uploadtime":1698623087,"views":12,"p1id":"sakaskdk","p2id":"einzbern640","formatid":"gen9anythinggoes","rating":1112,"private":0,"password":""}