{"id":"gen9anythinggoes-1975565394","p1":"te_beso_el_cuello","p2":"Tobiaskingdom","format":"[Gen 9] Anything Goes","log":"|j|\u2606te_beso_el_cuello\n|j|\u2606Tobiaskingdom\n|t:|1698205633\n|gametype|singles\n|player|p1|te_beso_el_cuello|102|1336\n|player|p2|Tobiaskingdom|giovanni|1325\n|teamsize|p1|6\n|teamsize|p2|6\n|gen|9\n|tier|[Gen 9] Anything Goes\n|rated|\n|rule|HP Percentage Mod: HP is shown in percentages\n|rule|Endless Battle Clause: Forcing endless battles is banned\n|clearpoke\n|poke|p1|Clefable, F|\n|poke|p1|Corviknight, M|\n|poke|p1|Chien-Pao|\n|poke|p1|Flutter Mane|\n|poke|p1|Ursaluna-Bloodmoon, M|\n|poke|p1|Volcarona, F|\n|poke|p2|Glimmora, M|\n|poke|p2|Electrode-Hisui|\n|poke|p2|Giratina|\n|poke|p2|Uxie|\n|poke|p2|Great Tusk|\n|poke|p2|Volcarona, F|\n|teampreview\n|inactive|Battle timer is ON: inactive players will automatically lose when time's up. (requested by te_beso_el_cuello)\n|\n|t:|1698205647\n|start\n|switch|p1a: Ursaluna|Ursaluna-Bloodmoon, M|100\/100\n|switch|p2a: See No Eyes|Uxie|100\/100\n|turn|1\n|\n|t:|1698205655\n|switch|p1a: Flutter Mane|Flutter Mane|100\/100\n|move|p2a: See No Eyes|Light Screen|p2a: See No Eyes\n|-sidestart|p2: Tobiaskingdom|move: Light Screen\n|\n|upkeep\n|turn|2\n|\n|t:|1698205664\n|move|p1a: Flutter Mane|Dark Pulse|p2a: See No Eyes\n|-supereffective|p2a: See No Eyes\n|-damage|p2a: See No Eyes|70\/100\n|move|p2a: See No Eyes|Thunder Wave|p1a: Flutter Mane\n|-status|p1a: Flutter Mane|par\n|\n|upkeep\n|turn|3\n|\n|t:|1698205672\n|-end|p1a: Flutter Mane|Protosynthesis|[silent]\n|switch|p1a: Clefable|Clefable, F, shiny|100\/100\n|move|p2a: See No Eyes|U-turn|p1a: Clefable\n|-resisted|p1a: Clefable\n|-damage|p1a: Clefable|93\/100\n|\n|t:|1698205677\n|switch|p2a: The Plug|Glimmora, M|100\/100|[from] U-turn\n|\n|-heal|p1a: Clefable|99\/100|[from] item: Leftovers\n|upkeep\n|turn|4\n|\n|t:|1698205684\n|switch|p1a: Ursaluna|Ursaluna-Bloodmoon, M|100\/100\n|move|p2a: The Plug|Mortal Spin|p1a: Ursaluna\n|-resisted|p1a: Ursaluna\n|-damage|p1a: Ursaluna|98\/100\n|-status|p1a: Ursaluna|psn\n|\n|-damage|p1a: Ursaluna|86\/100 psn|[from] psn\n|upkeep\n|turn|5\n|-activate|p1a: Ursaluna|item: Quick Claw\n|\n|t:|1698205694\n|-terastallize|p2a: The Plug|Grass\n|move|p1a: Ursaluna|Calm Mind|p1a: Ursaluna\n|-boost|p1a: Ursaluna|spa|1\n|-boost|p1a: Ursaluna|spd|1\n|move|p2a: The Plug|Spikes|p1a: Ursaluna\n|-sidestart|p1: te_beso_el_cuello|Spikes\n|\n|-damage|p1a: Ursaluna|74\/100 psn|[from] psn\n|upkeep\n|turn|6\n|\n|t:|1698205707\n|move|p2a: The Plug|Spikes|p1a: Ursaluna\n|-sidestart|p1: te_beso_el_cuello|Spikes\n|move|p1a: Ursaluna|Calm Mind|p1a: Ursaluna\n|-boost|p1a: Ursaluna|spa|1\n|-boost|p1a: Ursaluna|spd|1\n|\n|-damage|p1a: Ursaluna|61\/100 psn|[from] psn\n|upkeep\n|turn|7\n|\n|t:|1698205716\n|move|p2a: The Plug|Spikes|p1a: Ursaluna\n|-sidestart|p1: te_beso_el_cuello|Spikes\n|move|p1a: Ursaluna|Blood Moon|p2a: The Plug\n|-damage|p2a: The Plug|25\/100\n|-enditem|p2a: The Plug|Aguav Berry|[eat]\n|-heal|p2a: The Plug|58\/100|[from] item: Aguav Berry\n|\n|-damage|p1a: Ursaluna|49\/100 psn|[from] psn\n|upkeep\n|turn|8\n|\n|t:|1698205725\n|move|p2a: The Plug|Earth Power|p1a: Ursaluna\n|-damage|p1a: Ursaluna|36\/100 psn\n|move|p1a: Ursaluna|Moonlight|p1a: Ursaluna\n|-heal|p1a: Ursaluna|86\/100 psn\n|\n|-damage|p1a: Ursaluna|73\/100 psn|[from] psn\n|-sideend|p2: Tobiaskingdom|move: Light Screen\n|upkeep\n|turn|9\n|\n|t:|1698205734\n|move|p2a: The Plug|Earth Power|p1a: Ursaluna\n|-damage|p1a: Ursaluna|58\/100 psn\n|move|p1a: Ursaluna|Blood Moon|p2a: The Plug\n|-damage|p2a: The Plug|0 fnt\n|faint|p2a: The Plug\n|\n|-damage|p1a: Ursaluna|45\/100 psn|[from] psn\n|upkeep\n|\n|t:|1698205743\n|switch|p2a: See No Eyes|Uxie|70\/100\n|turn|10\n|-activate|p1a: Ursaluna|item: Quick Claw\n|\n|t:|1698205749\n|move|p1a: Ursaluna|Moonlight|p1a: Ursaluna\n|-heal|p1a: Ursaluna|95\/100 psn\n|move|p2a: See No Eyes|Light Screen|p2a: See No Eyes\n|-sidestart|p2: Tobiaskingdom|move: Light Screen\n|\n|-damage|p1a: Ursaluna|83\/100 psn|[from] psn\n|upkeep\n|turn|11\n|\n|t:|1698205757\n|move|p2a: See No Eyes|U-turn|p1a: Ursaluna\n|-damage|p1a: Ursaluna|75\/100 psn\n|\n|t:|1698205760\n|switch|p2a: SorrynotSorry|Electrode-Hisui, shiny|100\/100|[from] U-turn\n|move|p1a: Ursaluna|Calm Mind|p1a: Ursaluna\n|-boost|p1a: Ursaluna|spa|1\n|-boost|p1a: Ursaluna|spd|1\n|\n|-damage|p1a: Ursaluna|62\/100 psn|[from] psn\n|upkeep\n|turn|12\n|\n|t:|1698205770\n|move|p2a: SorrynotSorry|Substitute|p2a: SorrynotSorry\n|-start|p2a: SorrynotSorry|Substitute\n|-damage|p2a: SorrynotSorry|76\/100\n|move|p1a: Ursaluna|Earth Power|p2a: SorrynotSorry\n|-end|p2a: SorrynotSorry|Substitute\n|\n|-heal|p2a: SorrynotSorry|82\/100|[from] item: Leftovers\n|-damage|p1a: Ursaluna|50\/100 psn|[from] psn\n|upkeep\n|turn|13\n|\n|t:|1698205779\n|move|p2a: SorrynotSorry|Substitute|p2a: SorrynotSorry\n|-start|p2a: SorrynotSorry|Substitute\n|-damage|p2a: SorrynotSorry|57\/100\n|move|p1a: Ursaluna|Blood Moon|p2a: SorrynotSorry\n|-end|p2a: SorrynotSorry|Substitute\n|\n|-heal|p2a: SorrynotSorry|63\/100|[from] item: Leftovers\n|-damage|p1a: Ursaluna|38\/100 psn|[from] psn\n|upkeep\n|turn|14\n|\n|t:|1698205788\n|move|p2a: SorrynotSorry|Chloroblast|p1a: Ursaluna\n|-supereffective|p1a: Ursaluna\n|-damage|p1a: Ursaluna|1\/100 psn\n|-damage|p2a: SorrynotSorry|13\/100|[from] Recoil\n|move|p1a: Ursaluna|Earth Power|p2a: SorrynotSorry\n|-damage|p2a: SorrynotSorry|0 fnt\n|faint|p2a: SorrynotSorry\n|\n|-damage|p1a: Ursaluna|0 fnt|[from] psn\n|faint|p1a: Ursaluna\n|upkeep\n|\n|t:|1698205810\n|switch|p2a: Mothra|Volcarona, F, shiny|100\/100\n|switch|p1a: Corviknight|Corviknight, M, shiny|100\/100\n|turn|15\n|\n|t:|1698205820\n|move|p2a: Mothra|Fiery Dance|p1a: Corviknight\n|-supereffective|p1a: Corviknight\n|-damage|p1a: Corviknight|27\/100\n|move|p1a: Corviknight|Bulk Up|p1a: Corviknight\n|-boost|p1a: Corviknight|atk|1\n|-boost|p1a: Corviknight|def|1\n|\n|upkeep\n|turn|16\n|\n|t:|1698205828\n|move|p2a: Mothra|Fiery Dance|p1a: Corviknight\n|-supereffective|p1a: Corviknight\n|-damage|p1a: Corviknight|0 fnt\n|faint|p1a: Corviknight\n|\n|upkeep\n|\n|t:|1698205837\n|switch|p1a: Clefable|Clefable, F, shiny|99\/100\n|-damage|p1a: Clefable|74\/100|[from] Spikes\n|turn|17\n|\n|t:|1698205842\n|switch|p2a: See No Eyes|Uxie|70\/100\n|move|p1a: Clefable|Cosmic Power|p1a: Clefable\n|-boost|p1a: Clefable|def|1\n|-boost|p1a: Clefable|spd|1\n|\n|-heal|p1a: Clefable|80\/100|[from] item: Leftovers\n|-sideend|p2: Tobiaskingdom|move: Light Screen\n|upkeep\n|turn|18\n|\n|t:|1698205851\n|move|p2a: See No Eyes|Thunder Wave|p1a: Clefable\n|-status|p1a: Clefable|par\n|move|p1a: Clefable|Cosmic Power|p1a: Clefable\n|-boost|p1a: Clefable|def|1\n|-boost|p1a: Clefable|spd|1\n|\n|-heal|p1a: Clefable|86\/100 par|[from] item: Leftovers\n|upkeep\n|turn|19\n|\n|t:|1698205860\n|switch|p2a: Right Round|Great Tusk|100\/100\n|-enditem|p2a: Right Round|Booster Energy\n|-activate|p2a: Right Round|ability: Protosynthesis|[fromitem]\n|-start|p2a: Right Round|protosynthesisatk\n|move|p1a: Clefable|Cosmic Power|p1a: Clefable\n|-boost|p1a: Clefable|def|1\n|-boost|p1a: Clefable|spd|1\n|\n|-heal|p1a: Clefable|92\/100 par|[from] item: Leftovers\n|upkeep\n|turn|20\n|\n|t:|1698205872\n|move|p2a: Right Round|Knock Off|p1a: Clefable\n|-resisted|p1a: Clefable\n|-damage|p1a: Clefable|82\/100 par\n|-enditem|p1a: Clefable|Leftovers|[from] move: Knock Off|[of] p2a: Right Round\n|move|p1a: Clefable|Cosmic Power|p1a: Clefable\n|-boost|p1a: Clefable|def|1\n|-boost|p1a: Clefable|spd|1\n|\n|upkeep\n|turn|21\n|\n|t:|1698205880\n|move|p2a: Right Round|Smart Strike|p1a: Clefable\n|-supereffective|p1a: Clefable\n|-damage|p1a: Clefable|58\/100 par\n|cant|p1a: Clefable|par\n|\n|upkeep\n|turn|22\n|\n|t:|1698205886\n|move|p2a: Right Round|Smart Strike|p1a: Clefable\n|-supereffective|p1a: Clefable\n|-damage|p1a: Clefable|36\/100 par\n|move|p1a: Clefable|Moonlight|p1a: Clefable\n|-heal|p1a: Clefable|86\/100 par\n|\n|upkeep\n|turn|23\n|\n|t:|1698205894\n|move|p2a: Right Round|Smart Strike|p1a: Clefable\n|-supereffective|p1a: Clefable\n|-damage|p1a: Clefable|61\/100 par\n|move|p1a: Clefable|Cosmic Power|p1a: Clefable\n|-boost|p1a: Clefable|def|1\n|-boost|p1a: Clefable|spd|1\n|\n|upkeep\n|turn|24\n|\n|t:|1698205903\n|move|p2a: Right Round|Smart Strike|p1a: Clefable\n|-supereffective|p1a: Clefable\n|-damage|p1a: Clefable|40\/100 par\n|move|p1a: Clefable|Moonlight|p1a: Clefable\n|-heal|p1a: Clefable|90\/100 par\n|\n|upkeep\n|turn|25\n|\n|t:|1698205910\n|move|p2a: Right Round|Smart Strike|p1a: Clefable\n|-supereffective|p1a: Clefable\n|-damage|p1a: Clefable|71\/100 par\n|move|p1a: Clefable|Cosmic Power|p1a: Clefable\n|-boost|p1a: Clefable|def|1\n|-boost|p1a: Clefable|spd|1\n|\n|upkeep\n|turn|26\n|\n|t:|1698205921\n|move|p2a: Right Round|Smart Strike|p1a: Clefable\n|-supereffective|p1a: Clefable\n|-damage|p1a: Clefable|54\/100 par\n|move|p1a: Clefable|Stored Power|p2a: Right Round\n|-supereffective|p2a: Right Round\n|-damage|p2a: Right Round|0 fnt\n|faint|p2a: Right Round\n|-end|p2a: Right Round|Protosynthesis|[silent]\n|\n|upkeep\n|\n|t:|1698205930\n|switch|p2a: See No Eyes|Uxie|70\/100\n|turn|27\n|\n|t:|1698205933\n|move|p2a: See No Eyes|Light Screen|p2a: See No Eyes\n|-sidestart|p2: Tobiaskingdom|move: Light Screen\n|move|p1a: Clefable|Charge Beam|p2a: See No Eyes\n|-damage|p2a: See No Eyes|66\/100\n|\n|upkeep\n|turn|28\n|\n|t:|1698205939\n|move|p2a: See No Eyes|U-turn|p1a: Clefable\n|-resisted|p1a: Clefable\n|-damage|p1a: Clefable|52\/100 par\n|\n|t:|1698205944\n|switch|p2a: Mothra|Volcarona, F, shiny|100\/100|[from] U-turn\n|move|p1a: Clefable|Charge Beam|p2a: Mothra\n|-damage|p2a: Mothra|93\/100\n|-boost|p1a: Clefable|spa|1\n|\n|upkeep\n|turn|29\n|\n|t:|1698205952\n|move|p2a: Mothra|Quiver Dance|p2a: Mothra\n|-boost|p2a: Mothra|spa|1\n|-boost|p2a: Mothra|spd|1\n|-boost|p2a: Mothra|spe|1\n|cant|p1a: Clefable|par\n|\n|upkeep\n|turn|30\n|\n|t:|1698205959\n|move|p2a: Mothra|Quiver Dance|p2a: Mothra\n|-boost|p2a: Mothra|spa|1\n|-boost|p2a: Mothra|spd|1\n|-boost|p2a: Mothra|spe|1\n|move|p1a: Clefable|Moonlight|p1a: Clefable\n|-heal|p1a: Clefable|100\/100 par\n|\n|upkeep\n|turn|31\n|\n|t:|1698205967\n|move|p2a: Mothra|Quiver Dance|p2a: Mothra\n|-boost|p2a: Mothra|spa|1\n|-boost|p2a: Mothra|spd|1\n|-boost|p2a: Mothra|spe|1\n|move|p1a: Clefable|Charge Beam|p2a: Mothra\n|-damage|p2a: Mothra|81\/100\n|\n|upkeep\n|turn|32\n|\n|t:|1698205974\n|move|p2a: Mothra|Quiver Dance|p2a: Mothra\n|-boost|p2a: Mothra|spa|1\n|-boost|p2a: Mothra|spd|1\n|-boost|p2a: Mothra|spe|1\n|cant|p1a: Clefable|par\n|\n|upkeep\n|turn|33\n|\n|t:|1698205980\n|move|p2a: Mothra|Quiver Dance|p2a: Mothra\n|-boost|p2a: Mothra|spa|1\n|-boost|p2a: Mothra|spd|1\n|-boost|p2a: Mothra|spe|1\n|cant|p1a: Clefable|par\n|\n|upkeep\n|turn|34\n|\n|t:|1698205986\n|move|p2a: Mothra|Quiver Dance|p2a: Mothra\n|-boost|p2a: Mothra|spa|1\n|-boost|p2a: Mothra|spd|1\n|-boost|p2a: Mothra|spe|1\n|move|p1a: Clefable|Charge Beam|p2a: Mothra|[miss]\n|-miss|p1a: Clefable|p2a: Mothra\n|\n|-sideend|p2: Tobiaskingdom|move: Light Screen\n|upkeep\n|turn|35\n|\n|t:|1698205994\n|move|p2a: Mothra|Bug Buzz|p1a: Clefable\n|-resisted|p1a: Clefable\n|-damage|p1a: Clefable|94\/100 par\n|cant|p1a: Clefable|par\n|\n|upkeep\n|turn|36\n|\n|t:|1698206000\n|move|p2a: Mothra|Bug Buzz|p1a: Clefable\n|-resisted|p1a: Clefable\n|-damage|p1a: Clefable|87\/100 par\n|move|p1a: Clefable|Charge Beam|p2a: Mothra\n|-damage|p2a: Mothra|57\/100\n|\n|upkeep\n|turn|37\n|\n|t:|1698206007\n|move|p2a: Mothra|Bug Buzz|p1a: Clefable\n|-resisted|p1a: Clefable\n|-damage|p1a: Clefable|81\/100 par\n|cant|p1a: Clefable|par\n|\n|upkeep\n|turn|38\n|\n|t:|1698206013\n|move|p2a: Mothra|Bug Buzz|p1a: Clefable\n|-resisted|p1a: Clefable\n|-damage|p1a: Clefable|75\/100 par\n|-unboost|p1a: Clefable|spd|1\n|cant|p1a: Clefable|par\n|\n|upkeep\n|turn|39\n|\n|t:|1698206020\n|move|p2a: Mothra|Bug Buzz|p1a: Clefable\n|-resisted|p1a: Clefable\n|-damage|p1a: Clefable|67\/100 par\n|move|p1a: Clefable|Cosmic Power|p1a: Clefable\n|-boost|p1a: Clefable|def|0\n|-boost|p1a: Clefable|spd|1\n|\n|upkeep\n|turn|40\n|\n|t:|1698206028\n|move|p2a: Mothra|Bug Buzz|p1a: Clefable\n|-resisted|p1a: Clefable\n|-damage|p1a: Clefable|60\/100 par\n|move|p1a: Clefable|Stored Power|p2a: Mothra\n|-damage|p2a: Mothra|0 fnt\n|faint|p2a: Mothra\n|\n|upkeep\n|\n|t:|1698206035\n|switch|p2a: Krueger|Giratina|100\/100\n|-ability|p2a: Krueger|Pressure\n|turn|41\n|\n|t:|1698206042\n|move|p2a: Krueger|Shadow Sneak|p1a: Clefable\n|-damage|p1a: Clefable|55\/100 par\n|move|p1a: Clefable|Charge Beam|p2a: Krueger\n|-resisted|p2a: Krueger\n|-damage|p2a: Krueger|94\/100\n|\n|upkeep\n|turn|42\n|\n|t:|1698206052\n|move|p2a: Krueger|Shadow Sneak|p1a: Clefable\n|-damage|p1a: Clefable|49\/100 par\n|cant|p1a: Clefable|par\n|\n|upkeep\n|turn|43\n|\n|t:|1698206058\n|move|p2a: Krueger|Shadow Sneak|p1a: Clefable\n|-damage|p1a: Clefable|44\/100 par\n|move|p1a: Clefable|Moonlight|p1a: Clefable\n|-heal|p1a: Clefable|94\/100 par\n|\n|upkeep\n|turn|44\n|\n|t:|1698206064\n|move|p2a: Krueger|Shadow Sneak|p1a: Clefable\n|-damage|p1a: Clefable|88\/100 par\n|move|p1a: Clefable|Charge Beam|p2a: Krueger\n|-resisted|p2a: Krueger\n|-damage|p2a: Krueger|87\/100\n|\n|upkeep\n|turn|45\n|c|\u2606Tobiaskingdom|Chupa me culero\n|\n|t:|1698206074\n|move|p2a: Krueger|Shadow Sneak|p1a: Clefable\n|-crit|p1a: Clefable\n|-damage|p1a: Clefable|53\/100 par\n|move|p1a: Clefable|Charge Beam|p2a: Krueger\n|-resisted|p2a: Krueger\n|-damage|p2a: Krueger|80\/100\n|\n|upkeep\n|turn|46\n|c|\u2606te_beso_el_cuello|Siii\n|\n|t:|1698206086\n|move|p2a: Krueger|Shadow Sneak|p1a: Clefable\n|-damage|p1a: Clefable|47\/100 par\n|move|p1a: Clefable|Charge Beam|p2a: Krueger|[miss]\n|-miss|p1a: Clefable|p2a: Krueger\n|\n|upkeep\n|turn|47\n|\n|t:|1698206092\n|move|p2a: Krueger|Shadow Sneak|p1a: Clefable\n|-damage|p1a: Clefable|42\/100 par\n|move|p1a: Clefable|Moonlight|p1a: Clefable\n|-heal|p1a: Clefable|92\/100 par\n|\n|upkeep\n|turn|48\n|\n|t:|1698206099\n|move|p2a: Krueger|Shadow Sneak|p1a: Clefable\n|-damage|p1a: Clefable|86\/100 par\n|move|p1a: Clefable|Charge Beam|p2a: Krueger\n|-resisted|p2a: Krueger\n|-damage|p2a: Krueger|73\/100\n|-boost|p1a: Clefable|spa|1\n|\n|upkeep\n|turn|49\n|\n|t:|1698206106\n|move|p2a: Krueger|Shadow Sneak|p1a: Clefable\n|-damage|p1a: Clefable|81\/100 par\n|move|p1a: Clefable|Charge Beam|p2a: Krueger\n|-resisted|p2a: Krueger\n|-damage|p2a: Krueger|64\/100\n|-boost|p1a: Clefable|spa|1\n|\n|upkeep\n|turn|50\n|\n|t:|1698206115\n|move|p2a: Krueger|Shadow Sneak|p1a: Clefable\n|-damage|p1a: Clefable|75\/100 par\n|move|p1a: Clefable|Stored Power|p2a: Krueger\n|-damage|p2a: Krueger|0 fnt\n|faint|p2a: Krueger\n|\n|upkeep\n|\n|t:|1698206122\n|switch|p2a: See No Eyes|Uxie|66\/100\n|turn|51\n|\n|t:|1698206128\n|move|p2a: See No Eyes|Light Screen|p2a: See No Eyes\n|-sidestart|p2: Tobiaskingdom|move: Light Screen\n|cant|p1a: Clefable|par\n|\n|upkeep\n|turn|52\n|\n|t:|1698206133\n|move|p2a: See No Eyes|U-turn|p1a: Clefable\n|-resisted|p1a: Clefable\n|-damage|p1a: Clefable|73\/100 par\n|move|p1a: Clefable|Stored Power|p2a: See No Eyes\n|-resisted|p2a: See No Eyes\n|-damage|p2a: See No Eyes|29\/100\n|\n|upkeep\n|turn|53\n|c|\u2606te_beso_el_cuello|Buen intento chulo\n|c|\u2606te_beso_el_cuello|\ud83d\ude18\n|inactive|Tobiaskingdom has 120 seconds left.\n|c|\u2606te_beso_el_cuello|Aww ahora me haras esperar\n|inactive|Tobiaskingdom has 90 seconds left.\n|c|\u2606te_beso_el_cuello|\ud83e\udd7a\ud83e\udd7a\ud83e\udd7a\ud83e\udd7a\n|inactive|Tobiaskingdom has 60 seconds left.\n|c|\u2606te_beso_el_cuello|Ya no hablas???\n|c|\u2606te_beso_el_cuello|\ud83d\ude14\ud83d\ude14\ud83d\ude14\n|inactive|Tobiaskingdom has 30 seconds left.\n|inactive|Tobiaskingdom has 20 seconds left.\n|inactive|Tobiaskingdom has 15 seconds left.\n|inactive|Tobiaskingdom has 10 seconds left.\n|inactive|Tobiaskingdom has 5 seconds left.\n|c|\u2606te_beso_el_cuello|Gg\n|-message|Tobiaskingdom lost due to inactivity.\n|\n|win|te_beso_el_cuello\n|raw|te_beso_el_cuello's rating: 1336 &rarr; <strong>1355<\/strong><br \/>(+19 for winning)\n|raw|Tobiaskingdom's rating: 1325 &rarr; <strong>1306<\/strong><br \/>(-19 for losing)\n|c|\u2606te_beso_el_cuello|Ez\n","uploadtime":1698206074,"views":6,"p1id":"tebesoelcuello","p2id":"tobiaskingdom","formatid":"gen9anythinggoes","rating":1306,"private":0,"password":""}