{"id":"gen9anythinggoes-1976044531","p1":"big_blaziken_boi17","p2":"poketrainer729","format":"[Gen 9] Anything Goes","log":"|j|\u2606big_blaziken_boi17\n|j|\u2606poketrainer729\n|t:|1698259032\n|gametype|singles\n|player|p1|big_blaziken_boi17|gambler|1179\n|player|p2|poketrainer729|schoolkid-gen4|1118\n|teamsize|p1|6\n|teamsize|p2|6\n|gen|9\n|tier|[Gen 9] Anything Goes\n|rated|\n|rule|HP Percentage Mod: HP is shown in percentages\n|rule|Endless Battle Clause: Forcing endless battles is banned\n|clearpoke\n|poke|p1|Dudunsparce-*, F|\n|poke|p1|Calyrex-Shadow|\n|poke|p1|Cloyster, F|\n|poke|p1|Gliscor, M|\n|poke|p1|Sneasler, M|\n|poke|p1|Ogerpon-Cornerstone, F|\n|poke|p2|Decidueye-Hisui, M|\n|poke|p2|Muk-Alola, M|\n|poke|p2|Gligar, F|\n|poke|p2|Maushold|\n|poke|p2|Phione|\n|poke|p2|Jolteon, M|\n|teampreview\n|\n|t:|1698259040\n|start\n|switch|p1a: elsa|Cloyster, F|100\/100\n|switch|p2a: Mickey Mice|Maushold|100\/100\n|turn|1\n|\n|t:|1698259051\n|move|p2a: Mickey Mice|Tidy Up|p2a: Mickey Mice\n|-boost|p2a: Mickey Mice|atk|1\n|-boost|p2a: Mickey Mice|spe|1\n|move|p1a: elsa|Shell Smash|p1a: elsa\n|-unboost|p1a: elsa|def|1\n|-unboost|p1a: elsa|spd|1\n|-boost|p1a: elsa|atk|2\n|-boost|p1a: elsa|spa|2\n|-boost|p1a: elsa|spe|2\n|\n|upkeep\n|turn|2\n|\n|t:|1698259057\n|move|p2a: Mickey Mice|Population Bomb|p1a: elsa\n|-damage|p1a: elsa|79\/100\n|-damage|p1a: elsa|57\/100\n|-damage|p1a: elsa|35\/100\n|-damage|p1a: elsa|15\/100\n|-damage|p1a: elsa|0 fnt\n|faint|p1a: elsa\n|-hitcount|p1: elsa|5\n|\n|upkeep\n|\n|t:|1698259066\n|switch|p1a: furry|Sneasler, M|100\/100\n|turn|3\n|\n|t:|1698259069\n|move|p2a: Mickey Mice|Aerial Ace|p1a: furry\n|-supereffective|p1a: furry\n|-damage|p1a: furry|0 fnt\n|faint|p1a: furry\n|\n|upkeep\n|\n|t:|1698259079\n|switch|p1a: Hakari|Gliscor, M|100\/100\n|turn|4\n|\n|t:|1698259086\n|move|p2a: Mickey Mice|Tidy Up|p2a: Mickey Mice\n|-boost|p2a: Mickey Mice|atk|1\n|-boost|p2a: Mickey Mice|spe|1\n|move|p1a: Hakari|Swords Dance|p1a: Hakari\n|-boost|p1a: Hakari|atk|2\n|\n|-status|p1a: Hakari|tox|[from] item: Toxic Orb\n|upkeep\n|turn|5\n|\n|t:|1698259093\n|move|p2a: Mickey Mice|Population Bomb|p1a: Hakari\n|-damage|p1a: Hakari|86\/100 tox\n|-damage|p1a: Hakari|73\/100 tox\n|-damage|p1a: Hakari|60\/100 tox\n|-damage|p1a: Hakari|46\/100 tox\n|-hitcount|p1a: Hakari|4\n|move|p1a: Hakari|Facade|p2a: Mickey Mice\n|-damage|p2a: Mickey Mice|5\/100\n|\n|-heal|p1a: Hakari|58\/100 tox|[from] ability: Poison Heal\n|upkeep\n|turn|6\n|\n|t:|1698259106\n|move|p2a: Mickey Mice|Population Bomb|p1a: Hakari\n|-damage|p1a: Hakari|44\/100 tox\n|-damage|p1a: Hakari|30\/100 tox\n|-damage|p1a: Hakari|17\/100 tox\n|-hitcount|p1a: Hakari|3\n|move|p1a: Hakari|Dual Wingbeat|p2a: Mickey Mice\n|-damage|p2a: Mickey Mice|0 fnt\n|faint|p2a: Mickey Mice\n|-hitcount|p2: Mickey Mice|1\n|\n|-heal|p1a: Hakari|29\/100 tox|[from] ability: Poison Heal\n|upkeep\n|\n|t:|1698259111\n|switch|p2a: Flitter-Flutter|Gligar, F, shiny|100\/100\n|turn|7\n|\n|t:|1698259125\n|move|p2a: Flitter-Flutter|Swords Dance|p2a: Flitter-Flutter\n|-boost|p2a: Flitter-Flutter|atk|2\n|move|p1a: Hakari|Facade|p2a: Flitter-Flutter\n|-damage|p2a: Flitter-Flutter|53\/100\n|\n|-heal|p1a: Hakari|41\/100 tox|[from] ability: Poison Heal\n|upkeep\n|turn|8\n|\n|t:|1698259130\n|move|p2a: Flitter-Flutter|Dual Wingbeat|p1a: Hakari\n|-damage|p1a: Hakari|22\/100 tox\n|-damage|p1a: Hakari|4\/100 tox\n|-hitcount|p1a: Hakari|2\n|move|p1a: Hakari|Facade|p2a: Flitter-Flutter\n|-damage|p2a: Flitter-Flutter|2\/100\n|\n|-heal|p1a: Hakari|16\/100 tox|[from] ability: Poison Heal\n|upkeep\n|turn|9\n|\n|t:|1698259137\n|move|p2a: Flitter-Flutter|Dual Wingbeat|p1a: Hakari\n|-damage|p1a: Hakari|0 fnt\n|faint|p1a: Hakari\n|-hitcount|p1: Hakari|1\n|\n|upkeep\n|\n|t:|1698259141\n|switch|p1a: Goofball|Dudunsparce, F|100\/100\n|turn|10\n|\n|t:|1698259145\n|move|p2a: Flitter-Flutter|Lunge|p1a: Goofball\n|-damage|p1a: Goofball|65\/100\n|-unboost|p1a: Goofball|atk|1\n|move|p1a: Goofball|Glare|p2a: Flitter-Flutter\n|-status|p2a: Flitter-Flutter|par\n|\n|-heal|p1a: Goofball|72\/100|[from] item: Leftovers\n|upkeep\n|turn|11\n|\n|t:|1698259152\n|cant|p2a: Flitter-Flutter|par\n|move|p1a: Goofball|Coil|p1a: Goofball\n|-boost|p1a: Goofball|atk|1\n|-boost|p1a: Goofball|def|1\n|-boost|p1a: Goofball|accuracy|1\n|\n|-heal|p1a: Goofball|78\/100|[from] item: Leftovers\n|upkeep\n|turn|12\n|\n|t:|1698259157\n|move|p2a: Flitter-Flutter|Lunge|p1a: Goofball\n|-damage|p1a: Goofball|54\/100\n|-unboost|p1a: Goofball|atk|1\n|move|p1a: Goofball|Coil|p1a: Goofball\n|-boost|p1a: Goofball|atk|1\n|-boost|p1a: Goofball|def|1\n|-boost|p1a: Goofball|accuracy|1\n|\n|-heal|p1a: Goofball|60\/100|[from] item: Leftovers\n|upkeep\n|turn|13\n|\n|t:|1698259164\n|cant|p2a: Flitter-Flutter|par\n|move|p1a: Goofball|Coil|p1a: Goofball\n|-boost|p1a: Goofball|atk|1\n|-boost|p1a: Goofball|def|1\n|-boost|p1a: Goofball|accuracy|1\n|\n|-heal|p1a: Goofball|66\/100|[from] item: Leftovers\n|upkeep\n|turn|14\n|\n|t:|1698259167\n|move|p2a: Flitter-Flutter|Lunge|p1a: Goofball\n|-damage|p1a: Goofball|52\/100\n|-unboost|p1a: Goofball|atk|1\n|move|p1a: Goofball|Coil|p1a: Goofball\n|-boost|p1a: Goofball|atk|1\n|-boost|p1a: Goofball|def|1\n|-boost|p1a: Goofball|accuracy|1\n|\n|-heal|p1a: Goofball|58\/100|[from] item: Leftovers\n|upkeep\n|turn|15\n|\n|t:|1698259174\n|move|p2a: Flitter-Flutter|Lunge|p1a: Goofball\n|-damage|p1a: Goofball|47\/100\n|-unboost|p1a: Goofball|atk|1\n|move|p1a: Goofball|Coil|p1a: Goofball\n|-boost|p1a: Goofball|atk|1\n|-boost|p1a: Goofball|def|1\n|-boost|p1a: Goofball|accuracy|1\n|\n|-heal|p1a: Goofball|53\/100|[from] item: Leftovers\n|upkeep\n|turn|16\n|\n|t:|1698259181\n|cant|p2a: Flitter-Flutter|par\n|move|p1a: Goofball|Coil|p1a: Goofball\n|-boost|p1a: Goofball|atk|1\n|-boost|p1a: Goofball|def|1\n|-boost|p1a: Goofball|accuracy|1\n|\n|-heal|p1a: Goofball|59\/100|[from] item: Leftovers\n|upkeep\n|turn|17\n|\n|t:|1698259184\n|move|p2a: Flitter-Flutter|Lunge|p1a: Goofball\n|-damage|p1a: Goofball|50\/100\n|-unboost|p1a: Goofball|atk|1\n|move|p1a: Goofball|Coil|p1a: Goofball\n|-boost|p1a: Goofball|atk|1\n|-boost|p1a: Goofball|def|0\n|-boost|p1a: Goofball|accuracy|0\n|\n|-heal|p1a: Goofball|56\/100|[from] item: Leftovers\n|upkeep\n|turn|18\n|\n|t:|1698259189\n|cant|p2a: Flitter-Flutter|par\n|move|p1a: Goofball|Coil|p1a: Goofball\n|-boost|p1a: Goofball|atk|1\n|-boost|p1a: Goofball|def|0\n|-boost|p1a: Goofball|accuracy|0\n|\n|-heal|p1a: Goofball|62\/100|[from] item: Leftovers\n|upkeep\n|turn|19\n|\n|t:|1698259201\n|cant|p2a: Flitter-Flutter|par\n|move|p1a: Goofball|Ancient Power|p2a: Flitter-Flutter\n|-damage|p2a: Flitter-Flutter|0 fnt\n|faint|p2a: Flitter-Flutter\n|\n|-heal|p1a: Goofball|68\/100|[from] item: Leftovers\n|upkeep\n|\n|t:|1698259206\n|switch|p2a: Sparky|Jolteon, M|100\/100\n|turn|20\n|\n|t:|1698259212\n|move|p2a: Sparky|Substitute|p2a: Sparky\n|-start|p2a: Sparky|Substitute\n|-damage|p2a: Sparky|76\/100\n|move|p1a: Goofball|Ancient Power|p2a: Sparky\n|-activate|p2a: Sparky|move: Substitute|[damage]\n|\n|-heal|p2a: Sparky|82\/100|[from] item: Leftovers\n|-heal|p1a: Goofball|74\/100|[from] item: Leftovers\n|upkeep\n|turn|21\n|\n|t:|1698259220\n|move|p2a: Sparky|Calm Mind|p2a: Sparky\n|-boost|p2a: Sparky|spa|1\n|-boost|p2a: Sparky|spd|1\n|move|p1a: Goofball|Ancient Power|p2a: Sparky\n|-end|p2a: Sparky|Substitute\n|-boost|p1a: Goofball|atk|1\n|-boost|p1a: Goofball|spa|1\n|-boost|p1a: Goofball|spd|1\n|-boost|p1a: Goofball|spe|1\n|\n|-heal|p2a: Sparky|88\/100|[from] item: Leftovers\n|-heal|p1a: Goofball|80\/100|[from] item: Leftovers\n|upkeep\n|turn|22\n|\n|t:|1698259227\n|move|p2a: Sparky|Thunderbolt|p1a: Goofball\n|-damage|p1a: Goofball|51\/100\n|move|p1a: Goofball|Baton Pass|p1a: Goofball\n|\n|t:|1698259230\n|switch|p1a: Ghost Rider|Calyrex-Shadow|100\/100|[from] Baton Pass\n|-ability|p1a: Ghost Rider|As One\n|-ability|p1a: Ghost Rider|Unnerve\n|\n|-heal|p2a: Sparky|93\/100|[from] item: Leftovers\n|upkeep\n|turn|23\n|\n|t:|1698259235\n|move|p1a: Ghost Rider|Astral Barrage|p2a: Sparky\n|-crit|p2a: Sparky\n|-damage|p2a: Sparky|0 fnt\n|faint|p2a: Sparky\n|-ability|p1a: Ghost Rider|Grim Neigh|boost\n|-boost|p1a: Ghost Rider|spa|1\n|\n|upkeep\n|\n|t:|1698259245\n|switch|p2a: Jeff|Decidueye-Hisui, M, shiny|100\/100\n|turn|24\n|\n|t:|1698259249\n|move|p2a: Jeff|Sucker Punch|p1a: Ghost Rider\n|-supereffective|p1a: Ghost Rider\n|-damage|p1a: Ghost Rider|69\/100\n|-enditem|p1a: Ghost Rider|Weakness Policy\n|-boost|p1a: Ghost Rider|atk|2|[from] item: Weakness Policy\n|-boost|p1a: Ghost Rider|spa|2|[from] item: Weakness Policy\n|move|p1a: Ghost Rider|Psychic|p2a: Jeff\n|-supereffective|p2a: Jeff\n|-damage|p2a: Jeff|0 fnt\n|faint|p2a: Jeff\n|-ability|p1a: Ghost Rider|Grim Neigh|boost\n|-boost|p1a: Ghost Rider|spa|1\n|\n|upkeep\n|\n|t:|1698259253\n|switch|p2a: Tricky Fish|Phione|100\/100\n|turn|25\n|\n|t:|1698259259\n|move|p1a: Ghost Rider|Astral Barrage|p2a: Tricky Fish\n|-damage|p2a: Tricky Fish|0 fnt\n|faint|p2a: Tricky Fish\n|-ability|p1a: Ghost Rider|Grim Neigh|boost\n|-boost|p1a: Ghost Rider|spa|1\n|\n|upkeep\n|\n|t:|1698259263\n|switch|p2a: Blap|Muk-Alola, M, shiny|100\/100\n|turn|26\n|\n|t:|1698259267\n|move|p1a: Ghost Rider|Draining Kiss|p2a: Blap\n|-damage|p2a: Blap|30\/100\n|-heal|p1a: Ghost Rider|100\/100|[from] drain|[of] p2a: Blap\n|move|p2a: Blap|Knock Off|p1a: Ghost Rider\n|-supereffective|p1a: Ghost Rider\n|-damage|p1a: Ghost Rider|62\/100\n|-status|p1a: Ghost Rider|psn|[from] ability: Poison Touch|[of] p2a: Blap\n|\n|-heal|p2a: Blap|36\/100|[from] item: Black Sludge\n|-damage|p1a: Ghost Rider|49\/100 psn|[from] psn\n|upkeep\n|turn|27\n|\n|t:|1698259282\n|move|p1a: Ghost Rider|Draining Kiss|p2a: Blap\n|-damage|p2a: Blap|0 fnt\n|-heal|p1a: Ghost Rider|82\/100 psn|[from] drain|[of] p2a: Blap\n|faint|p2a: Blap\n|\n|win|big_blaziken_boi17\n|raw|big_blaziken_boi17's rating: 1179 &rarr; <strong>1200<\/strong><br \/>(+21 for winning)\n|raw|poketrainer729's rating: 1118 &rarr; <strong>1097<\/strong><br \/>(-21 for losing)\n|l|\u2606poketrainer729\n|l|\u2606big_blaziken_boi17\n|j|\u2606big_blaziken_boi17\n|player|p1|big_blaziken_boi17|gambler\n","uploadtime":1698259299,"views":9,"p1id":"bigblazikenboi17","p2id":"poketrainer729","formatid":"gen9anythinggoes","rating":1097,"private":0,"password":""}