{"id":"gen9anythinggoes-1989304753","p1":"Naraki Tiefse","p2":"Dax.pf","format":"[Gen 9] Anything Goes","log":"|j|\u2606Naraki Tiefse\n|j|\u2606Dax.pf\n|t:|1699834171\n|gametype|singles\n|player|p1|Naraki Tiefse|veteran|\n|player|p2|Dax.pf|unknown|\n|teamsize|p1|6\n|teamsize|p2|6\n|gen|9\n|tier|[Gen 9] Anything Goes\n|rule|HP Percentage Mod: HP is shown in percentages\n|rule|Endless Battle Clause: Forcing endless battles is banned\n|clearpoke\n|poke|p1|Dragapult, M|\n|poke|p1|Gholdengo|\n|poke|p1|Clodsire, F|\n|poke|p1|Volcarona, F|\n|poke|p1|Conkeldurr, F|\n|poke|p1|Mamoswine, F|\n|poke|p2|Chi-Yu|\n|poke|p2|Articuno|\n|poke|p2|Gardevoir, F|\n|poke|p2|Landorus-Therian, M|\n|poke|p2|Bronzong|\n|poke|p2|Decidueye, F|\n|teampreview\n|c|\u2606Dax.pf|glhf\n|\n|t:|1699834204\n|start\n|switch|p1a: Mamoswine|Mamoswine, F|100\/100\n|switch|p2a: Steve|Landorus-Therian, M|100\/100\n|-ability|p2a: Steve|Intimidate|boost\n|-fail|p1a: Mamoswine|unboost|Attack|[from] ability: Oblivious|[of] p1a: Mamoswine\n|turn|1\n|\n|t:|1699834219\n|switch|p2a: THE BELL|Bronzong|100\/100\n|move|p1a: Mamoswine|Ice Shard|p2a: THE BELL\n|-resisted|p2a: THE BELL\n|-damage|p2a: THE BELL|93\/100\n|\n|upkeep\n|turn|2\n|\n|t:|1699834227\n|move|p1a: Mamoswine|Icicle Crash|p2a: THE BELL\n|-resisted|p2a: THE BELL\n|-damage|p2a: THE BELL|78\/100\n|move|p2a: THE BELL|Psychic Terrain|p2a: THE BELL\n|-fieldstart|move: Psychic Terrain\n|\n|upkeep\n|turn|3\n|\n|t:|1699834241\n|move|p1a: Mamoswine|Stealth Rock|p2a: THE BELL\n|-sidestart|p2: Dax.pf|move: Stealth Rock\n|move|p2a: THE BELL|Stealth Rock|p1a: Mamoswine\n|-sidestart|p1: Naraki Tiefse|move: Stealth Rock\n|\n|upkeep\n|turn|4\n|\n|t:|1699834252\n|move|p1a: Mamoswine|Icicle Crash|p2a: THE BELL|[miss]\n|-miss|p1a: Mamoswine|p2a: THE BELL\n|move|p2a: THE BELL|Body Press|p1a: Mamoswine\n|-supereffective|p1a: Mamoswine\n|-damage|p1a: Mamoswine|31\/100\n|\n|upkeep\n|turn|5\n|\n|t:|1699834286\n|move|p1a: Mamoswine|Icicle Crash|p2a: THE BELL\n|-resisted|p2a: THE BELL\n|-damage|p2a: THE BELL|63\/100\n|move|p2a: THE BELL|Body Press|p1a: Mamoswine\n|-supereffective|p1a: Mamoswine\n|-damage|p1a: Mamoswine|0 fnt\n|faint|p1a: Mamoswine\n|\n|upkeep\n|\n|t:|1699834296\n|switch|p1a: Volcarona|Volcarona, F|100\/100\n|turn|6\n|\n|t:|1699834323\n|switch|p2a: Steve|Landorus-Therian, M|100\/100\n|-damage|p2a: Steve|88\/100|[from] Stealth Rock\n|-ability|p2a: Steve|Intimidate|boost\n|-unboost|p1a: Volcarona|atk|1\n|move|p1a: Volcarona|Will-O-Wisp|p2a: Steve|[miss]\n|-miss|p1a: Volcarona|p2a: Steve\n|\n|upkeep\n|turn|7\n|\n|t:|1699834335\n|switch|p1a: Chocobig|Clodsire, F|100\/100\n|-damage|p1a: Chocobig|94\/100|[from] Stealth Rock\n|move|p2a: Steve|Rock Slide|p1a: Chocobig\n|-resisted|p1a: Chocobig\n|-damage|p1a: Chocobig|72\/100\n|\n|-heal|p1a: Chocobig|79\/100|[from] item: Leftovers\n|upkeep\n|turn|8\n|\n|t:|1699834347\n|switch|p2a: THE BELL|Bronzong|63\/100\n|-damage|p2a: THE BELL|56\/100|[from] Stealth Rock\n|move|p1a: Chocobig|Spikes|p2a: THE BELL\n|-sidestart|p2: Dax.pf|Spikes\n|\n|-heal|p1a: Chocobig|85\/100|[from] item: Leftovers\n|upkeep\n|turn|9\n|\n|t:|1699834361\n|switch|p1a: Conkeldurr|Conkeldurr, F|100\/100\n|-damage|p1a: Conkeldurr|94\/100|[from] Stealth Rock\n|move|p2a: THE BELL|Future Sight|p1a: Conkeldurr\n|-start|p2a: THE BELL|move: Future Sight\n|\n|-fieldend|move: Psychic Terrain\n|-status|p1a: Conkeldurr|brn|[from] item: Flame Orb\n|upkeep\n|turn|10\n|\n|t:|1699834378\n|move|p1a: Conkeldurr|Facade|p2a: THE BELL\n|-resisted|p2a: THE BELL\n|-damage|p2a: THE BELL|27\/100\n|move|p2a: THE BELL|Psychic Terrain|p2a: THE BELL\n|-fieldstart|move: Psychic Terrain\n|\n|-damage|p1a: Conkeldurr|88\/100 brn|[from] brn\n|upkeep\n|turn|11\n|\n|t:|1699834386\n|move|p1a: Conkeldurr|Knock Off|p2a: THE BELL\n|-supereffective|p2a: THE BELL\n|-damage|p2a: THE BELL|0 fnt\n|-enditem|p2a: THE BELL|Terrain Extender|[from] move: Knock Off|[of] p1a: Conkeldurr\n|faint|p2a: THE BELL\n|\n|-end|p1a: Conkeldurr|move: Future Sight\n|-supereffective|p1a: Conkeldurr\n|-damage|p1a: Conkeldurr|0 fnt\n|faint|p1a: Conkeldurr\n|upkeep\n|\n|t:|1699834424\n|switch|p1a: Volcarona|Volcarona, F|100\/100\n|switch|p2a: FEEESH|Chi-Yu|100\/100\n|-ability|p2a: FEEESH|Beads of Ruin\n|turn|12\n|\n|t:|1699834475\n|move|p1a: Volcarona|Quiver Dance|p1a: Volcarona\n|-boost|p1a: Volcarona|spa|1\n|-boost|p1a: Volcarona|spd|1\n|-boost|p1a: Volcarona|spe|1\n|move|p2a: FEEESH|Overheat|p1a: Volcarona\n|-damage|p1a: Volcarona|43\/100\n|-unboost|p2a: FEEESH|spa|2\n|\n|upkeep\n|turn|13\n|\n|t:|1699834501\n|move|p1a: Volcarona|Morning Sun|p1a: Volcarona\n|-heal|p1a: Volcarona|93\/100\n|move|p2a: FEEESH|Overheat|p1a: Volcarona\n|-damage|p1a: Volcarona|66\/100\n|-unboost|p2a: FEEESH|spa|2\n|\n|upkeep\n|turn|14\n|\n|t:|1699834531\n|switch|p2a: Decidueye|Decidueye, F|100\/100\n|-damage|p2a: Decidueye|88\/100|[from] Stealth Rock\n|-damage|p2a: Decidueye|76\/100|[from] Spikes\n|move|p1a: Volcarona|Quiver Dance|p1a: Volcarona\n|-boost|p1a: Volcarona|spa|1\n|-boost|p1a: Volcarona|spd|1\n|-boost|p1a: Volcarona|spe|1\n|\n|upkeep\n|turn|15\n|\n|t:|1699834549\n|move|p1a: Volcarona|Flamethrower|p2a: Decidueye\n|-supereffective|p2a: Decidueye\n|-damage|p2a: Decidueye|0 fnt\n|faint|p2a: Decidueye\n|\n|upkeep\n|\n|t:|1699834650\n|switch|p2a: 6 points LOL|Articuno|100\/100\n|-ability|p2a: 6 points LOL|Pressure\n|turn|16\n|\n|t:|1699834661\n|-terastallize|p2a: 6 points LOL|Fairy\n|move|p1a: Volcarona|Flamethrower|p2a: 6 points LOL\n|-damage|p2a: 6 points LOL|58\/100\n|move|p2a: 6 points LOL|Air Slash|p1a: Volcarona\n|-supereffective|p1a: Volcarona\n|-crit|p1a: Volcarona\n|-damage|p1a: Volcarona|0 fnt\n|faint|p1a: Volcarona\n|\n|upkeep\n|\n|t:|1699834671\n|switch|p1a: Chocobig|Clodsire, F|85\/100\n|-damage|p1a: Chocobig|79\/100|[from] Stealth Rock\n|turn|17\n|\n|t:|1699834681\n|switch|p2a: Steve|Landorus-Therian, M|88\/100\n|-damage|p2a: Steve|76\/100|[from] Stealth Rock\n|-ability|p2a: Steve|Intimidate|boost\n|-unboost|p1a: Chocobig|atk|1\n|move|p1a: Chocobig|Toxic|p2a: Steve\n|-status|p2a: Steve|tox\n|\n|-heal|p1a: Chocobig|85\/100|[from] item: Leftovers\n|-damage|p2a: Steve|70\/100 tox|[from] psn\n|-fieldend|move: Psychic Terrain\n|upkeep\n|turn|18\n|\n|t:|1699834693\n|move|p2a: Steve|Earthquake|p1a: Chocobig\n|-supereffective|p1a: Chocobig\n|-damage|p1a: Chocobig|0 fnt\n|faint|p1a: Chocobig\n|\n|-damage|p2a: Steve|58\/100 tox|[from] psn\n|upkeep\n|\n|t:|1699834701\n|switch|p1a: Dragapult|Dragapult, M|100\/100\n|-damage|p1a: Dragapult|88\/100|[from] Stealth Rock\n|turn|19\n|\n|t:|1699834719\n|move|p1a: Dragapult|Phantom Force||[still]\n|-prepare|p1a: Dragapult|Phantom Force\n|move|p2a: Steve|Earthquake|p1a: Dragapult|[miss]\n|-miss|p2a: Steve|p1a: Dragapult\n|\n|-damage|p2a: Steve|40\/100 tox|[from] psn\n|upkeep\n|turn|20\n|\n|t:|1699834729\n|move|p1a: Dragapult|Phantom Force|p2a: Steve|[from]lockedmove\n|-damage|p2a: Steve|0 fnt\n|faint|p2a: Steve\n|\n|upkeep\n|\n|t:|1699834744\n|switch|p2a: Regel 34|Gardevoir, F, shiny|100\/100\n|-damage|p2a: Regel 34|88\/100|[from] Stealth Rock\n|-damage|p2a: Regel 34|76\/100|[from] Spikes\n|-ability|p2a: Regel 34|Clear Body|[from] ability: Trace|[of] p1a: Dragapult\n|turn|21\n|\n|t:|1699834751\n|move|p2a: Regel 34|Moonblast|p1a: Dragapult\n|-supereffective|p1a: Dragapult\n|-damage|p1a: Dragapult|0 fnt\n|faint|p1a: Dragapult\n|\n|upkeep\n|\n|t:|1699834756\n|switch|p1a: Gholdengo|Gholdengo|100\/100\n|-damage|p1a: Gholdengo|94\/100|[from] Stealth Rock\n|turn|22\n|\n|t:|1699834764\n|move|p2a: Regel 34|Moonblast|p1a: Gholdengo\n|-resisted|p1a: Gholdengo\n|-damage|p1a: Gholdengo|65\/100\n|move|p1a: Gholdengo|Nasty Plot|p1a: Gholdengo\n|-boost|p1a: Gholdengo|spa|2\n|\n|upkeep\n|turn|23\n|\n|t:|1699834771\n|move|p2a: Regel 34|Moonblast|p1a: Gholdengo\n|-resisted|p1a: Gholdengo\n|-damage|p1a: Gholdengo|37\/100\n|move|p1a: Gholdengo|Shadow Ball|p2a: Regel 34\n|-supereffective|p2a: Regel 34\n|-damage|p2a: Regel 34|0 fnt\n|faint|p2a: Regel 34\n|\n|upkeep\n|\n|t:|1699834778\n|switch|p2a: FEEESH|Chi-Yu|100\/100\n|-ability|p2a: FEEESH|Beads of Ruin\n|turn|24\n|\n|t:|1699834790\n|move|p2a: FEEESH|Dark Pulse|p1a: Gholdengo\n|-supereffective|p1a: Gholdengo\n|-damage|p1a: Gholdengo|0 fnt\n|faint|p1a: Gholdengo\n|\n|win|Dax.pf\n|c|\u2606Dax.pf|gg\n|l|\u2606Naraki Tiefse\n","uploadtime":1699834809,"views":26,"p1id":"narakitiefse","p2id":"daxpf","formatid":"gen9anythinggoes","rating":0,"private":0,"password":""}