{"id":"gen9anythinggoes-1973612918","p1":"wolfguardian1246","p2":"Awwann","format":"[Gen 9] Anything Goes","log":"|j|\u2606wolfguardian1246\n|j|\u2606Awwann\n|t:|1697996161\n|gametype|singles\n|player|p1|wolfguardian1246|266|\n|player|p2|Awwann|102|\n|teamsize|p1|6\n|teamsize|p2|6\n|gen|9\n|tier|[Gen 9] Anything Goes\n|rule|HP Percentage Mod: HP is shown in percentages\n|rule|Endless Battle Clause: Forcing endless battles is banned\n|clearpoke\n|poke|p1|Ursaluna-Bloodmoon, M|\n|poke|p1|Shaymin-Sky|\n|poke|p1|Clefable, F|\n|poke|p1|Baxcalibur, M|\n|poke|p1|Torterra, M|\n|poke|p1|Iron Moth|\n|poke|p2|Meowscarada, F|\n|poke|p2|Azumarill, F|\n|poke|p2|Zoroark-Hisui, F|\n|poke|p2|Arcanine, M|\n|poke|p2|Annihilape, M|\n|poke|p2|Eevee, F|\n|teampreview\n|\n|t:|1697996180\n|start\n|switch|p1a: Shaymin|Shaymin-Sky|100\/100\n|switch|p2a: Meowscarada|Meowscarada, F, shiny|100\/100\n|turn|1\n|\n|t:|1697996186\n|move|p1a: Shaymin|Leech Seed|p2a: Meowscarada\n|-immune|p2a: Meowscarada\n|move|p2a: Meowscarada|Knock Off|p1a: Shaymin\n|-start|p2a: Meowscarada|typechange|Dark|[from] ability: Protean\n|-damage|p1a: Shaymin|43\/100\n|-enditem|p1a: Shaymin|Heavy-Duty Boots|[from] move: Knock Off|[of] p2a: Meowscarada\n|\n|upkeep\n|turn|2\n|\n|t:|1697996196\n|move|p1a: Shaymin|Tailwind|p1a: Shaymin\n|-sidestart|p1: wolfguardian1246|move: Tailwind\n|move|p2a: Meowscarada|Knock Off|p1a: Shaymin\n|-damage|p1a: Shaymin|7\/100\n|\n|upkeep\n|turn|3\n|\n|t:|1697996203\n|move|p1a: Shaymin|Air Slash|p2a: Meowscarada\n|-damage|p2a: Meowscarada|48\/100\n|cant|p2a: Meowscarada|flinch\n|\n|upkeep\n|turn|4\n|\n|t:|1697996211\n|move|p1a: Shaymin|Air Slash|p2a: Meowscarada\n|-damage|p2a: Meowscarada|0 fnt\n|faint|p2a: Meowscarada\n|\n|upkeep\n|\n|t:|1697996220\n|switch|p2a: Annihilape|Annihilape, M|100\/100\n|turn|5\n|\n|t:|1697996229\n|move|p1a: Shaymin|Air Slash|p2a: Annihilape\n|-supereffective|p2a: Annihilape\n|-damage|p2a: Annihilape|23\/100\n|cant|p2a: Annihilape|flinch\n|\n|-sideend|p1: wolfguardian1246|move: Tailwind\n|upkeep\n|turn|6\n|\n|t:|1697996235\n|move|p1a: Shaymin|Air Slash|p2a: Annihilape\n|-supereffective|p2a: Annihilape\n|-damage|p2a: Annihilape|0 fnt\n|faint|p2a: Annihilape\n|\n|upkeep\n|\n|t:|1697996238\n|switch|p2a: Arcanine|Arcanine, M|100\/100\n|turn|7\n|\n|t:|1697996241\n|move|p1a: Shaymin|Tailwind|p1a: Shaymin\n|-sidestart|p1: wolfguardian1246|move: Tailwind\n|move|p2a: Arcanine|Flare Blitz|p1a: Shaymin\n|-supereffective|p1a: Shaymin\n|-damage|p1a: Shaymin|0 fnt\n|faint|p1a: Shaymin\n|-damage|p2a: Arcanine|98\/100|[from] Recoil\n|-heal|p2a: Arcanine|99\/100|[from] item: Shell Bell|[of] p1: Shaymin\n|\n|upkeep\n|\n|t:|1697996250\n|switch|p1a: Ursaluna|Ursaluna-Bloodmoon, M|100\/100\n|turn|8\n|\n|t:|1697996262\n|move|p2a: Arcanine|Outrage|p1a: Ursaluna\n|-damage|p1a: Ursaluna|73\/100\n|-heal|p2a: Arcanine|100\/100|[from] item: Shell Bell|[of] p1a: Ursaluna\n|move|p1a: Ursaluna|Calm Mind|p1a: Ursaluna\n|-boost|p1a: Ursaluna|spa|1\n|-boost|p1a: Ursaluna|spd|1\n|\n|-heal|p1a: Ursaluna|79\/100|[from] item: Leftovers\n|upkeep\n|turn|9\n|\n|t:|1697996273\n|move|p2a: Arcanine|Outrage|p1a: Ursaluna|[from]lockedmove\n|-damage|p1a: Ursaluna|50\/100\n|-start|p2a: Arcanine|confusion|[fatigue]\n|move|p1a: Ursaluna|Earth Power|p2a: Arcanine\n|-supereffective|p2a: Arcanine\n|-damage|p2a: Arcanine|0 fnt\n|faint|p2a: Arcanine\n|\n|-heal|p1a: Ursaluna|57\/100|[from] item: Leftovers\n|upkeep\n|\n|t:|1697996286\n|switch|p2a: Snugglebutt|Eevee, F, shiny|100\/100\n|turn|10\n|\n|t:|1697996291\n|move|p2a: Snugglebutt|Nasty Plot|p2a: Snugglebutt\n|-boost|p2a: Snugglebutt|spa|2\n|move|p1a: Ursaluna|Blood Moon|p2a: Snugglebutt\n|-damage|p2a: Snugglebutt|0 fnt\n|replace|p2a: Zoroark|Zoroark-Hisui, F\n|-end|p2a: Zoroark|Illusion\n|faint|p2a: Zoroark\n|\n|-heal|p1a: Ursaluna|63\/100|[from] item: Leftovers\n|-sideend|p1: wolfguardian1246|move: Tailwind\n|upkeep\n|\n|t:|1697996294\n|switch|p2a: Snugglebutt|Eevee, F, shiny|100\/100\n|turn|11\n|\n|t:|1697996303\n|move|p2a: Snugglebutt|Double Kick|p1a: Ursaluna\n|-supereffective|p1a: Ursaluna\n|-damage|p1a: Ursaluna|53\/100\n|-supereffective|p1a: Ursaluna\n|-damage|p1a: Ursaluna|43\/100\n|-hitcount|p1a: Ursaluna|2\n|move|p1a: Ursaluna|Tera Blast|p2a: Snugglebutt\n|-damage|p2a: Snugglebutt|18\/100\n|\n|-heal|p1a: Ursaluna|50\/100|[from] item: Leftovers\n|upkeep\n|turn|12\n|\n|t:|1697996312\n|move|p2a: Snugglebutt|Bite|p1a: Ursaluna\n|-damage|p1a: Ursaluna|40\/100\n|move|p1a: Ursaluna|Blood Moon|p2a: Snugglebutt\n|-damage|p2a: Snugglebutt|0 fnt\n|faint|p2a: Snugglebutt\n|\n|-heal|p1a: Ursaluna|47\/100|[from] item: Leftovers\n|upkeep\n|\n|t:|1697996314\n|switch|p2a: Cheese|Azumarill, F|100\/100\n|turn|13\n|\n|t:|1697996321\n|move|p1a: Ursaluna|Tera Blast|p2a: Cheese\n|-damage|p2a: Cheese|37\/100\n|move|p2a: Cheese|Belly Drum||[still]\n|-fail|p2a: Cheese\n|\n|-heal|p1a: Ursaluna|53\/100|[from] item: Leftovers\n|-heal|p2a: Cheese|43\/100|[from] item: Leftovers\n|upkeep\n|turn|14\n|\n|t:|1697996328\n|move|p1a: Ursaluna|Blood Moon|p2a: Cheese\n|-damage|p2a: Cheese|0 fnt\n|faint|p2a: Cheese\n|\n|win|wolfguardian1246\n|l|\u2606Awwann\n","uploadtime":1697996476,"views":23,"p1id":"wolfguardian1246","p2id":"awwann","formatid":"gen9anythinggoes","rating":0,"private":0,"password":""}