{"id":"gen9anythinggoes-1999838590","p1":"eweewe777","p2":"sou_ruim_e_nobola","format":"[Gen 9] Anything Goes","log":"|j|\u2606eweewe777\n|j|\u2606sou_ruim_e_nobola\n|t:|1701121503\n|gametype|singles\n|player|p1|eweewe777|101|1000\n|player|p2|sou_ruim_e_nobola|lance|1048\n|teamsize|p1|6\n|teamsize|p2|6\n|gen|9\n|tier|[Gen 9] Anything Goes\n|rated|\n|rule|HP Percentage Mod: HP is shown in percentages\n|rule|Endless Battle Clause: Forcing endless battles is banned\n|clearpoke\n|poke|p1|Diglett, M|\n|poke|p1|Greninja-*, M|\n|poke|p1|Ting-Lu|\n|poke|p1|Great Tusk|\n|poke|p1|Ogerpon-Wellspring, F|\n|poke|p1|Arceus|\n|poke|p2|Espeon, M|\n|poke|p2|Scream Tail|\n|poke|p2|Espathra, F|\n|poke|p2|Drifblim, F|\n|poke|p2|Farigiraf, M|\n|poke|p2|Lechonk, M|\n|teampreview\n|\n|t:|1701121508\n|start\n|switch|p1a: Arceus|Arceus|100\/100\n|switch|p2a: Scream Tail|Scream Tail|100\/100\n|-enditem|p2a: Scream Tail|Booster Energy\n|-activate|p2a: Scream Tail|ability: Protosynthesis|[fromitem]\n|-start|p2a: Scream Tail|protosynthesisspe\n|turn|1\n|\n|t:|1701121518\n|move|p2a: Scream Tail|Bulk Up|p2a: Scream Tail\n|-boost|p2a: Scream Tail|atk|1\n|-boost|p2a: Scream Tail|def|1\n|move|p1a: Arceus|Judgment|p2a: Scream Tail\n|-damage|p2a: Scream Tail|74\/100\n|\n|upkeep\n|turn|2\n|\n|t:|1701121526\n|move|p2a: Scream Tail|Bulk Up|p2a: Scream Tail\n|-boost|p2a: Scream Tail|atk|1\n|-boost|p2a: Scream Tail|def|1\n|move|p1a: Arceus|Aura Sphere|p2a: Scream Tail\n|-resisted|p2a: Scream Tail\n|-damage|p2a: Scream Tail|70\/100\n|\n|upkeep\n|turn|3\n|\n|t:|1701121535\n|move|p2a: Scream Tail|Bulk Up|p2a: Scream Tail\n|-boost|p2a: Scream Tail|atk|1\n|-boost|p2a: Scream Tail|def|1\n|move|p1a: Arceus|Avalanche|p2a: Scream Tail\n|-damage|p2a: Scream Tail|64\/100\n|\n|upkeep\n|turn|4\n|\n|t:|1701121541\n|move|p2a: Scream Tail|Bulk Up|p2a: Scream Tail\n|-boost|p2a: Scream Tail|atk|1\n|-boost|p2a: Scream Tail|def|1\n|move|p1a: Arceus|Judgment|p2a: Scream Tail\n|-damage|p2a: Scream Tail|38\/100\n|\n|upkeep\n|turn|5\n|\n|t:|1701121548\n|move|p2a: Scream Tail|Substitute|p2a: Scream Tail\n|-start|p2a: Scream Tail|Substitute\n|-damage|p2a: Scream Tail|13\/100\n|move|p1a: Arceus|Judgment|p2a: Scream Tail\n|-end|p2a: Scream Tail|Substitute\n|\n|upkeep\n|turn|6\n|\n|t:|1701121555\n|move|p2a: Scream Tail|Baton Pass|p2a: Scream Tail\n|\n|t:|1701121559\n|-end|p2a: Scream Tail|Protosynthesis|[silent]\n|switch|p2a: Drifblim|Drifblim, F, shiny|100\/100|[from] Baton Pass\n|move|p1a: Arceus|Judgment|p2a: Drifblim\n|-immune|p2a: Drifblim\n|\n|upkeep\n|turn|7\n|\n|t:|1701121565\n|move|p2a: Drifblim|Substitute|p2a: Drifblim\n|-start|p2a: Drifblim|Substitute\n|-damage|p2a: Drifblim|75\/100\n|move|p1a: Arceus|Avalanche|p2a: Drifblim\n|-supereffective|p2a: Drifblim\n|-activate|p2a: Drifblim|move: Substitute|[damage]\n|\n|upkeep\n|turn|8\n|\n|t:|1701121573\n|move|p2a: Drifblim|Minimize|p2a: Drifblim\n|-boost|p2a: Drifblim|evasion|2\n|move|p1a: Arceus|Aura Sphere|p2a: Drifblim\n|-immune|p2a: Drifblim\n|\n|upkeep\n|turn|9\n|\n|t:|1701121580\n|move|p2a: Drifblim|Minimize|p2a: Drifblim\n|-boost|p2a: Drifblim|evasion|2\n|move|p1a: Arceus|Air Slash|p2a: Drifblim\n|-end|p2a: Drifblim|Substitute\n|\n|upkeep\n|turn|10\n|\n|t:|1701121586\n|move|p2a: Drifblim|Substitute|p2a: Drifblim\n|-start|p2a: Drifblim|Substitute\n|-damage|p2a: Drifblim|50\/100\n|-enditem|p2a: Drifblim|Sitrus Berry|[eat]\n|-heal|p2a: Drifblim|75\/100|[from] item: Sitrus Berry\n|move|p1a: Arceus|Avalanche|p2a: Drifblim\n|-supereffective|p2a: Drifblim\n|-activate|p2a: Drifblim|move: Substitute|[damage]\n|\n|upkeep\n|turn|11\n|\n|t:|1701121593\n|move|p2a: Drifblim|Minimize|p2a: Drifblim\n|-boost|p2a: Drifblim|evasion|2\n|move|p1a: Arceus|Avalanche|p2a: Drifblim|[miss]\n|-miss|p1a: Arceus|p2a: Drifblim\n|\n|upkeep\n|turn|12\n|\n|t:|1701121603\n|move|p2a: Drifblim|Baton Pass|p2a: Drifblim\n|\n|t:|1701121605\n|switch|p2a: Scream Tail|Scream Tail|13\/100|[from] Baton Pass\n|move|p1a: Arceus|Avalanche|p2a: Scream Tail|[miss]\n|-miss|p1a: Arceus|p2a: Scream Tail\n|\n|upkeep\n|turn|13\n|\n|t:|1701121612\n|move|p2a: Scream Tail|Bulk Up|p2a: Scream Tail\n|-boost|p2a: Scream Tail|atk|1\n|-boost|p2a: Scream Tail|def|1\n|move|p1a: Arceus|Avalanche|p2a: Scream Tail\n|-activate|p2a: Scream Tail|move: Substitute|[damage]\n|\n|upkeep\n|turn|14\n|\n|t:|1701121618\n|move|p2a: Scream Tail|Bulk Up|p2a: Scream Tail\n|-boost|p2a: Scream Tail|atk|1\n|-boost|p2a: Scream Tail|def|1\n|move|p1a: Arceus|Judgment|p2a: Scream Tail|[miss]\n|-miss|p1a: Arceus|p2a: Scream Tail\n|\n|upkeep\n|turn|15\n|\n|t:|1701121625\n|move|p2a: Scream Tail|Baton Pass|p2a: Scream Tail\n|\n|t:|1701121627\n|-end|p2a: Scream Tail|Protosynthesis|[silent]\n|switch|p2a: Espeon|Espeon, M, shiny|100\/100|[from] Baton Pass\n|move|p1a: Arceus|Judgment|p2a: Espeon|[miss]\n|-miss|p1a: Arceus|p2a: Espeon\n|\n|upkeep\n|turn|16\n|\n|t:|1701121633\n|move|p2a: Espeon|Calm Mind|p2a: Espeon\n|-boost|p2a: Espeon|spa|1\n|-boost|p2a: Espeon|spd|1\n|move|p1a: Arceus|Avalanche|p2a: Espeon|[miss]\n|-miss|p1a: Arceus|p2a: Espeon\n|\n|upkeep\n|turn|17\n|\n|t:|1701121639\n|switch|p1a: Great Tusk|Great Tusk|100\/100\n|move|p2a: Espeon|Calm Mind|p2a: Espeon\n|-boost|p2a: Espeon|spa|1\n|-boost|p2a: Espeon|spd|1\n|\n|upkeep\n|turn|18\n|\n|t:|1701121646\n|move|p2a: Espeon|Calm Mind|p2a: Espeon\n|-boost|p2a: Espeon|spa|1\n|-boost|p2a: Espeon|spd|1\n|move|p1a: Great Tusk|Bulk Up|p1a: Great Tusk\n|-boost|p1a: Great Tusk|atk|1\n|-boost|p1a: Great Tusk|def|1\n|\n|upkeep\n|turn|19\n|\n|t:|1701121652\n|move|p2a: Espeon|Calm Mind|p2a: Espeon\n|-boost|p2a: Espeon|spa|1\n|-boost|p2a: Espeon|spd|1\n|move|p1a: Great Tusk|Bulk Up|p1a: Great Tusk\n|-boost|p1a: Great Tusk|atk|1\n|-boost|p1a: Great Tusk|def|1\n|\n|upkeep\n|turn|20\n|\n|t:|1701121658\n|move|p2a: Espeon|Calm Mind|p2a: Espeon\n|-boost|p2a: Espeon|spa|1\n|-boost|p2a: Espeon|spd|1\n|move|p1a: Great Tusk|Bulk Up|p1a: Great Tusk\n|-boost|p1a: Great Tusk|atk|1\n|-boost|p1a: Great Tusk|def|1\n|\n|upkeep\n|turn|21\n|\n|t:|1701121667\n|move|p2a: Espeon|Calm Mind|p2a: Espeon\n|-boost|p2a: Espeon|spa|1\n|-boost|p2a: Espeon|spd|1\n|move|p1a: Great Tusk|Body Slam|p2a: Espeon\n|-end|p2a: Espeon|Substitute\n|\n|upkeep\n|turn|22\n|\n|t:|1701121673\n|move|p2a: Espeon|Substitute|p2a: Espeon\n|-start|p2a: Espeon|Substitute\n|-damage|p2a: Espeon|76\/100\n|move|p1a: Great Tusk|Body Slam|p2a: Espeon|[miss]\n|-miss|p1a: Great Tusk|p2a: Espeon\n|\n|-heal|p2a: Espeon|82\/100|[from] item: Leftovers\n|upkeep\n|turn|23\n|\n|t:|1701121680\n|move|p2a: Espeon|Baton Pass|p2a: Espeon\n|\n|t:|1701121682\n|switch|p2a: God.|Lechonk, M|100\/100|[from] Baton Pass\n|move|p1a: Great Tusk|Body Press|p2a: God.|[miss]\n|-miss|p1a: Great Tusk|p2a: God.\n|\n|upkeep\n|turn|24\n|inactive|Battle timer is ON: inactive players will automatically lose when time's up. (requested by eweewe777)\n|\n|t:|1701121699\n|move|p1a: Great Tusk|Body Press|p2a: God.|[miss]\n|-miss|p1a: Great Tusk|p2a: God.\n|move|p2a: God.|Body Slam|p1a: Great Tusk\n|-damage|p1a: Great Tusk|75\/100\n|\n|-heal|p1a: Great Tusk|82\/100|[from] item: Leftovers\n|upkeep\n|turn|25\n|\n|t:|1701121707\n|move|p1a: Great Tusk|Bulk Up|p1a: Great Tusk\n|-boost|p1a: Great Tusk|atk|1\n|-boost|p1a: Great Tusk|def|1\n|move|p2a: God.|Play Rough|p1a: Great Tusk\n|-supereffective|p1a: Great Tusk\n|-damage|p1a: Great Tusk|49\/100\n|\n|-heal|p1a: Great Tusk|56\/100|[from] item: Leftovers\n|upkeep\n|turn|26\n|inactiveoff|Battle timer is now OFF.\n|\n|t:|1701121718\n|-terastallize|p1a: Great Tusk|Ground\n|move|p1a: Great Tusk|Body Slam|p2a: God.|[miss]\n|-miss|p1a: Great Tusk|p2a: God.\n|move|p2a: God.|Play Rough|p1a: Great Tusk\n|-damage|p1a: Great Tusk|42\/100\n|\n|-heal|p1a: Great Tusk|48\/100|[from] item: Leftovers\n|upkeep\n|turn|27\n|\n|t:|1701121726\n|-terastallize|p2a: God.|Ghost\n|move|p1a: Great Tusk|Body Press|p2a: God.\n|-immune|p2a: God.\n|move|p2a: God.|Play Rough|p1a: Great Tusk\n|-damage|p1a: Great Tusk|33\/100\n|\n|-heal|p1a: Great Tusk|39\/100|[from] item: Leftovers\n|upkeep\n|turn|28\n|\n|t:|1701121736\n|move|p1a: Great Tusk|Endeavor|p2a: God.\n|-immune|p2a: God.\n|move|p2a: God.|Play Rough|p1a: Great Tusk\n|-damage|p1a: Great Tusk|24\/100\n|\n|-heal|p1a: Great Tusk|31\/100|[from] item: Leftovers\n|upkeep\n|turn|29\n|\n|t:|1701121745\n|move|p1a: Great Tusk|Bulk Up|p1a: Great Tusk\n|-boost|p1a: Great Tusk|atk|1\n|-boost|p1a: Great Tusk|def|1\n|move|p2a: God.|Play Rough|p1a: Great Tusk\n|-damage|p1a: Great Tusk|18\/100\n|-unboost|p1a: Great Tusk|atk|1\n|\n|-heal|p1a: Great Tusk|24\/100|[from] item: Leftovers\n|upkeep\n|turn|30\n|\n|t:|1701121755\n|move|p1a: Great Tusk|Body Slam|p2a: God.\n|-immune|p2a: God.\n|move|p2a: God.|Tera Blast|p1a: Great Tusk|[anim] Tera Blast Ghost\n|-damage|p1a: Great Tusk|6\/100\n|\n|-heal|p1a: Great Tusk|12\/100|[from] item: Leftovers\n|upkeep\n|turn|31\n|\n|t:|1701121763\n|move|p1a: Great Tusk|Body Press|p2a: God.\n|-immune|p2a: God.\n|move|p2a: God.|Tera Blast|p1a: Great Tusk|[anim] Tera Blast Ghost\n|-damage|p1a: Great Tusk|0 fnt\n|faint|p1a: Great Tusk\n|-end|p1a: Great Tusk|Protosynthesis|[silent]\n|\n|upkeep\n|\n|t:|1701121770\n|switch|p1a: Ting-Lu|Ting-Lu|100\/100\n|-ability|p1a: Ting-Lu|Vessel of Ruin\n|turn|32\n|\n|t:|1701121777\n|move|p1a: Ting-Lu|Earthquake|p2a: God.|[miss]\n|-miss|p1a: Ting-Lu|p2a: God.\n|move|p2a: God.|Play Rough|p1a: Ting-Lu\n|-supereffective|p1a: Ting-Lu\n|-damage|p1a: Ting-Lu|10\/100\n|-enditem|p1a: Ting-Lu|Aguav Berry|[eat]\n|-heal|p1a: Ting-Lu|43\/100|[from] item: Aguav Berry\n|\n|upkeep\n|turn|33\n|\n|t:|1701121786\n|move|p1a: Ting-Lu|Earthquake|p2a: God.|[miss]\n|-miss|p1a: Ting-Lu|p2a: God.\n|move|p2a: God.|Play Rough|p1a: Ting-Lu\n|-supereffective|p1a: Ting-Lu\n|-damage|p1a: Ting-Lu|0 fnt\n|faint|p1a: Ting-Lu\n|\n|upkeep\n|\n|t:|1701121794\n|switch|p1a: Diglett|Diglett, M, shiny|100\/100\n|turn|34\n|\n|t:|1701121800\n|move|p1a: Diglett|Facade|p2a: God.\n|-immune|p2a: God.\n|move|p2a: God.|Tera Blast|p1a: Diglett|[anim] Tera Blast Ghost\n|-enditem|p1a: Diglett|Focus Sash\n|-damage|p1a: Diglett|1\/100\n|\n|upkeep\n|turn|35\n|\n|t:|1701121809\n|move|p1a: Diglett|Final Gambit|p2a: God.\n|-immune|p2a: God.\n|move|p2a: God.|Play Rough|p1a: Diglett\n|-damage|p1a: Diglett|0 fnt\n|faint|p1a: Diglett\n|\n|upkeep\n|\n|t:|1701121816\n|switch|p1a: Greninja|Greninja, M|100\/100\n|turn|36\n|\n|t:|1701121821\n|move|p1a: Greninja|Chilling Water|p2a: God.\n|-activate|p2a: God.|move: Substitute|[damage]\n|move|p2a: God.|Tera Blast|p1a: Greninja|[anim] Tera Blast Ghost\n|-resisted|p1a: Greninja\n|-damage|p1a: Greninja|30\/100\n|\n|-heal|p1a: Greninja|36\/100|[from] item: Leftovers\n|upkeep\n|turn|37\n|\n|t:|1701121830\n|move|p1a: Greninja|Ice Punch|p2a: God.\n|-activate|p2a: God.|move: Substitute|[damage]\n|move|p2a: God.|Play Rough|p1a: Greninja\n|-supereffective|p1a: Greninja\n|-crit|p1a: Greninja\n|-damage|p1a: Greninja|0 fnt\n|faint|p1a: Greninja\n|\n|upkeep\n|\n|t:|1701121838\n|switch|p1a: Ogerpon|Ogerpon-Wellspring, F|100\/100\n|turn|38\n|\n|t:|1701121843\n|move|p1a: Ogerpon|Energy Ball|p2a: God.|[miss]\n|-miss|p1a: Ogerpon|p2a: God.\n|move|p2a: God.|Tera Blast|p1a: Ogerpon|[anim] Tera Blast Ghost\n|-damage|p1a: Ogerpon|0 fnt\n|faint|p1a: Ogerpon\n|\n|upkeep\n|\n|t:|1701121852\n|switch|p1a: Arceus|Arceus|100\/100\n|turn|39\n|c|\u2606sou_ruim_e_nobola|gg\n|\n|t:|1701121858\n|move|p1a: Arceus|Judgment|p2a: God.\n|-immune|p2a: God.\n|move|p2a: God.|Body Slam|p1a: Arceus\n|-damage|p1a: Arceus|41\/100\n|\n|upkeep\n|turn|40\n|\n|t:|1701121866\n|move|p1a: Arceus|Aura Sphere|p2a: God.\n|-immune|p2a: God.\n|move|p2a: God.|Body Slam|p1a: Arceus\n|-damage|p1a: Arceus|0 fnt\n|faint|p1a: Arceus\n|\n|win|sou_ruim_e_nobola\n|raw|eweewe777's rating: 1000 &rarr; <strong>1000<\/strong><br \/>(+0 for losing)\n|raw|sou_ruim_e_nobola's rating: 1048 &rarr; <strong>1076<\/strong><br \/>(+28 for winning)\n|l|\u2606eweewe777\n","uploadtime":1701121875,"views":9,"p1id":"eweewe777","p2id":"souruimenobola","formatid":"gen9anythinggoes","rating":1000,"private":0,"password":""}