{"id":"gen9anythinggoes-1989782088","p1":"Zohanniter","p2":"safe genesect","format":"[Gen 9] Anything Goes","log":"|j|\u2606Zohanniter\n|j|\u2606safe genesect\n|t:|1699895280\n|gametype|singles\n|player|p1|Zohanniter|crasherwake|\n|player|p2|safe genesect|1|\n|teamsize|p1|6\n|teamsize|p2|6\n|gen|9\n|tier|[Gen 9] Anything Goes\n|rule|HP Percentage Mod: HP is shown in percentages\n|rule|Endless Battle Clause: Forcing endless battles is banned\n|clearpoke\n|poke|p1|Baxcalibur, F|\n|poke|p1|Kingambit, M|\n|poke|p1|Quagsire, M|\n|poke|p1|Kilowattrel, M|\n|poke|p1|Espeon, M|\n|poke|p1|Decidueye-Hisui, M|\n|poke|p2|Iron Treads|\n|poke|p2|Manaphy|\n|poke|p2|Klawf, M|\n|poke|p2|Talonflame, M|\n|poke|p2|Goodra, F|\n|poke|p2|Scream Tail|\n|teampreview\n|c|\u2606Zohanniter|gl hf :)\n|c|\u2606safe genesect|gl hf\n|\n|t:|1699895354\n|start\n|switch|p1a: Espeon|Espeon, M|100\/100\n|switch|p2a: Goodra|Goodra, F|100\/100\n|turn|1\n|\n|t:|1699895446\n|-terastallize|p1a: Espeon|Fighting\n|move|p1a: Espeon|Wish|p1a: Espeon\n|move|p2a: Goodra|Dragon Claw|p1a: Espeon\n|-damage|p1a: Espeon|50\/100\n|\n|-heal|p1a: Espeon|56\/100|[from] item: Leftovers\n|upkeep\n|turn|2\n|\n|t:|1699895499\n|move|p1a: Espeon|Yawn|p2a: Goodra\n|-start|p2a: Goodra|move: Yawn|[of] p1a: Espeon\n|move|p2a: Goodra|Substitute|p2a: Goodra\n|-start|p2a: Goodra|Substitute\n|-damage|p2a: Goodra|76\/100\n|\n|-heal|p1a: Espeon|100\/100|[from] move: Wish|[wisher] Espeon\n|-heal|p2a: Goodra|82\/100|[from] item: Leftovers\n|upkeep\n|turn|3\n|\n|t:|1699895645\n|switch|p1a: Kingambit|Kingambit, M|100\/100\n|switch|p2a: Iron Treads|Iron Treads|100\/100\n|\n|upkeep\n|turn|4\n|\n|t:|1699895733\n|-end|p1a: Kingambit|fallenundefined|[silent]\n|switch|p1a: Espeon|Espeon, M, tera:Fighting|100\/100\n|move|p2a: Iron Treads|Earthquake|p1a: Espeon\n|-damage|p1a: Espeon|30\/100\n|\n|-heal|p1a: Espeon|36\/100|[from] item: Leftovers\n|upkeep\n|turn|5\n|\n|t:|1699895819\n|move|p1a: Espeon|Tera Blast|p2a: Iron Treads|[anim] Tera Blast Fighting\n|-supereffective|p2a: Iron Treads\n|-damage|p2a: Iron Treads|45\/100\n|move|p2a: Iron Treads|Earthquake|p1a: Espeon\n|-damage|p1a: Espeon|0 fnt\n|faint|p1a: Espeon\n|\n|upkeep\n|\n|t:|1699895830\n|switch|p1a: Quagsire|Quagsire, M|100\/100\n|turn|6\n|\n|t:|1699895854\n|move|p2a: Iron Treads|Knock Off|p1a: Quagsire\n|-damage|p1a: Quagsire|78\/100\n|-enditem|p1a: Quagsire|Leftovers|[from] move: Knock Off|[of] p2a: Iron Treads\n|move|p1a: Quagsire|Stealth Rock|p2a: Iron Treads\n|-sidestart|p2: safe genesect|move: Stealth Rock\n|\n|upkeep\n|turn|7\n|\n|t:|1699895860\n|move|p2a: Iron Treads|Rapid Spin|p1a: Quagsire\n|-damage|p1a: Quagsire|66\/100\n|-boost|p2a: Iron Treads|spe|1\n|-sideend|p2: safe genesect|Stealth Rock|[from] move: Rapid Spin|[of] p2a: Iron Treads\n|move|p1a: Quagsire|Earthquake|p2a: Iron Treads\n|-supereffective|p2a: Iron Treads\n|-damage|p2a: Iron Treads|0 fnt\n|faint|p2a: Iron Treads\n|-end|p2a: Iron Treads|Quark Drive|[silent]\n|\n|upkeep\n|\n|t:|1699895873\n|switch|p2a: Manaphy|Manaphy|100\/100\n|turn|8\n|\n|t:|1699895914\n|switch|p1a: Decidueye|Decidueye-Hisui, M|100\/100\n|move|p2a: Manaphy|Dazzling Gleam|p1a: Decidueye\n|-supereffective|p1a: Decidueye\n|-damage|p1a: Decidueye|51\/100\n|\n|upkeep\n|turn|9\n|\n|t:|1699896023\n|switch|p2a: Scream Tail|Scream Tail|100\/100\n|move|p1a: Decidueye|Triple Arrows|p2a: Scream Tail\n|-resisted|p2a: Scream Tail\n|-damage|p2a: Scream Tail|95\/100\n|\n|-heal|p2a: Scream Tail|100\/100|[from] item: Leftovers\n|upkeep\n|turn|10\n|\n|t:|1699896070\n|switch|p1a: Quagsire|Quagsire, M|66\/100\n|move|p2a: Scream Tail|Dazzling Gleam|p1a: Quagsire\n|-damage|p1a: Quagsire|44\/100\n|\n|upkeep\n|turn|11\n|\n|t:|1699896076\n|-end|p2a: Scream Tail|Protosynthesis|[silent]\n|switch|p2a: Goodra|Goodra, F|82\/100\n|move|p1a: Quagsire|Recover|p1a: Quagsire\n|-heal|p1a: Quagsire|94\/100\n|\n|-heal|p2a: Goodra|88\/100|[from] item: Leftovers\n|upkeep\n|turn|12\n|\n|t:|1699896136\n|switch|p1a: Decidueye|Decidueye-Hisui, M|51\/100\n|move|p2a: Goodra|Substitute|p2a: Goodra\n|-start|p2a: Goodra|Substitute\n|-damage|p2a: Goodra|63\/100\n|\n|-heal|p2a: Goodra|69\/100|[from] item: Leftovers\n|upkeep\n|turn|13\n|\n|t:|1699896181\n|move|p1a: Decidueye|Triple Arrows|p2a: Goodra\n|-crit|p2a: Goodra\n|-end|p2a: Goodra|Substitute\n|move|p2a: Goodra|Dragon Claw|p1a: Decidueye\n|-damage|p1a: Decidueye|1\/100\n|\n|-heal|p2a: Goodra|75\/100|[from] item: Leftovers\n|upkeep\n|turn|14\n|c|\u2606Zohanniter|1 hp lol\n|c|\u2606safe genesect|lmao\n|c|\u2606safe genesect|el buen ev\n|c|\u2606Zohanniter|4 en def\n|c|\u2606Zohanniter|xd\n|\n|t:|1699896257\n|switch|p1a: Quagsire|Quagsire, M|94\/100\n|move|p2a: Goodra|Dragon Claw|p1a: Quagsire\n|-damage|p1a: Quagsire|66\/100\n|\n|-heal|p2a: Goodra|81\/100|[from] item: Leftovers\n|upkeep\n|turn|15\n|\n|t:|1699896346\n|switch|p1a: Baxcalibur|Baxcalibur, F|100\/100\n|move|p2a: Goodra|Power Whip|p1a: Baxcalibur\n|-resisted|p1a: Baxcalibur\n|-damage|p1a: Baxcalibur|82\/100\n|\n|-heal|p2a: Goodra|87\/100|[from] item: Leftovers\n|upkeep\n|turn|16\n|\n|t:|1699896387\n|switch|p2a: Scream Tail|Scream Tail|100\/100\n|move|p1a: Baxcalibur|Icicle Spear|p2a: Scream Tail\n|-damage|p2a: Scream Tail|91\/100\n|-damage|p2a: Scream Tail|80\/100\n|-damage|p2a: Scream Tail|70\/100\n|-damage|p2a: Scream Tail|61\/100\n|-hitcount|p2a: Scream Tail|4\n|\n|-heal|p2a: Scream Tail|67\/100|[from] item: Leftovers\n|upkeep\n|turn|17\n|\n|t:|1699896471\n|switch|p1a: Quagsire|Quagsire, M|66\/100\n|move|p2a: Scream Tail|Dazzling Gleam|p1a: Quagsire\n|-damage|p1a: Quagsire|44\/100\n|\n|-heal|p2a: Scream Tail|74\/100|[from] item: Leftovers\n|upkeep\n|turn|18\n|\n|t:|1699896484\n|-end|p2a: Scream Tail|Protosynthesis|[silent]\n|switch|p2a: Manaphy|Manaphy|100\/100\n|move|p1a: Quagsire|Toxic|p2a: Manaphy\n|-status|p2a: Manaphy|tox\n|\n|-damage|p2a: Manaphy|94\/100 tox|[from] psn\n|upkeep\n|turn|19\n|\n|t:|1699896545\n|switch|p1a: Kilowattrel|Kilowattrel, M|100\/100\n|move|p2a: Manaphy|Take Heart|p2a: Manaphy\n|-boost|p2a: Manaphy|spa|1\n|-boost|p2a: Manaphy|spd|1\n|-curestatus|p2a: Manaphy|tox|[msg]\n|\n|-heal|p2a: Manaphy|100\/100|[from] item: Leftovers\n|upkeep\n|turn|20\n|\n|t:|1699896617\n|move|p1a: Kilowattrel|Thunder|p2a: Manaphy|[miss]\n|-miss|p1a: Kilowattrel|p2a: Manaphy\n|move|p2a: Manaphy|Surf|p1a: Kilowattrel\n|-damage|p1a: Kilowattrel|15\/100\n|\n|upkeep\n|turn|21\n|\n|t:|1699896640\n|switch|p2a: Goodra|Goodra, F|87\/100\n|move|p1a: Kilowattrel|Thunder|p2a: Goodra\n|-resisted|p2a: Goodra\n|-damage|p2a: Goodra|72\/100\n|\n|-heal|p2a: Goodra|78\/100|[from] item: Leftovers\n|upkeep\n|turn|22\n|\n|t:|1699896722\n|move|p1a: Kilowattrel|U-turn|p2a: Goodra\n|-damage|p2a: Goodra|65\/100\n|\n|t:|1699896732\n|switch|p1a: Kingambit|Kingambit, M|100\/100|[from] U-turn\n|-activate|p1a: Kingambit|ability: Supreme Overlord\n|-start|p1a: Kingambit|fallen1|[silent]\n|move|p2a: Goodra|Dragon Claw|p1a: Kingambit\n|-resisted|p1a: Kingambit\n|-damage|p1a: Kingambit|88\/100\n|\n|-heal|p2a: Goodra|71\/100|[from] item: Leftovers\n|upkeep\n|turn|23\n|\n|t:|1699896811\n|switch|p2a: Klawf|Klawf, M|100\/100\n|move|p1a: Kingambit|Kowtow Cleave|p2a: Klawf\n|-damage|p2a: Klawf|51\/100\n|\n|-heal|p2a: Klawf|57\/100|[from] item: Leftovers\n|upkeep\n|turn|24\n|\n|t:|1699896948\n|-end|p1a: Kingambit|fallen1|[silent]\n|switch|p1a: Quagsire|Quagsire, M|44\/100\n|-terastallize|p2a: Klawf|Steel\n|move|p2a: Klawf|Stealth Rock|p1a: Quagsire\n|-sidestart|p1: Zohanniter|move: Stealth Rock\n|\n|-heal|p2a: Klawf|63\/100|[from] item: Leftovers\n|upkeep\n|turn|25\n|\n|t:|1699896962\n|switch|p2a: Talonflame|Talonflame, M|100\/100\n|move|p1a: Quagsire|Earthquake|p2a: Talonflame\n|-immune|p2a: Talonflame\n|\n|upkeep\n|turn|26\n|\n|t:|1699896966\n|move|p2a: Talonflame|Taunt|p1a: Quagsire\n|-start|p1a: Quagsire|move: Taunt\n|cant|p1a: Quagsire|move: Taunt|Recover\n|\n|upkeep\n|turn|27\n|\n|t:|1699897009\n|switch|p1a: Decidueye|Decidueye-Hisui, M|1\/100\n|-damage|p1a: Decidueye|0 fnt|[from] Stealth Rock\n|faint|p1a: Decidueye\n|move|p2a: Talonflame|Brave Bird|p1: Decidueye|[notarget]\n|-fail|p2a: Talonflame\n|\n|upkeep\n|\n|t:|1699897049\n|switch|p1a: Baxcalibur|Baxcalibur, F|82\/100\n|-damage|p1a: Baxcalibur|57\/100|[from] Stealth Rock\n|turn|28\n|\n|t:|1699897099\n|switch|p2a: Scream Tail|Scream Tail|74\/100\n|move|p1a: Baxcalibur|Dragon Dance|p1a: Baxcalibur\n|-boost|p1a: Baxcalibur|atk|1\n|-boost|p1a: Baxcalibur|spe|1\n|\n|-heal|p2a: Scream Tail|80\/100|[from] item: Leftovers\n|upkeep\n|turn|29\n|\n|t:|1699897225\n|move|p1a: Baxcalibur|Dragon Dance|p1a: Baxcalibur\n|-boost|p1a: Baxcalibur|atk|1\n|-boost|p1a: Baxcalibur|spe|1\n|move|p2a: Scream Tail|Encore|p1a: Baxcalibur\n|-start|p1a: Baxcalibur|Encore\n|\n|-heal|p2a: Scream Tail|86\/100|[from] item: Leftovers\n|upkeep\n|turn|30\n|\n|t:|1699897236\n|switch|p1a: Kilowattrel|Kilowattrel, M|15\/100\n|-damage|p1a: Kilowattrel|0 fnt|[from] Stealth Rock\n|faint|p1a: Kilowattrel\n|move|p2a: Scream Tail|Dazzling Gleam|p1: Kilowattrel|[notarget]\n|-fail|p2a: Scream Tail\n|\n|-heal|p2a: Scream Tail|92\/100|[from] item: Leftovers\n|upkeep\n|\n|t:|1699897306\n|switch|p1a: Quagsire|Quagsire, M|44\/100\n|-damage|p1a: Quagsire|37\/100|[from] Stealth Rock\n|turn|31\n|\n|t:|1699897319\n|-end|p2a: Scream Tail|Protosynthesis|[silent]\n|switch|p2a: Manaphy|Manaphy|100\/100\n|move|p1a: Quagsire|Toxic|p2a: Manaphy\n|-status|p2a: Manaphy|tox\n|\n|-damage|p2a: Manaphy|94\/100 tox|[from] psn\n|upkeep\n|turn|32\n|\n|t:|1699897344\n|move|p2a: Manaphy|Take Heart|p2a: Manaphy\n|-boost|p2a: Manaphy|spa|1\n|-boost|p2a: Manaphy|spd|1\n|-curestatus|p2a: Manaphy|tox|[msg]\n|move|p1a: Quagsire|Recover|p1a: Quagsire\n|-heal|p1a: Quagsire|88\/100\n|\n|-heal|p2a: Manaphy|100\/100|[from] item: Leftovers\n|upkeep\n|turn|33\n|\n|t:|1699897360\n|move|p2a: Manaphy|Take Heart|p2a: Manaphy\n|-boost|p2a: Manaphy|spa|1\n|-boost|p2a: Manaphy|spd|1\n|move|p1a: Quagsire|Earthquake|p2a: Manaphy\n|-damage|p2a: Manaphy|77\/100\n|\n|-heal|p2a: Manaphy|84\/100|[from] item: Leftovers\n|upkeep\n|turn|34\n|\n|t:|1699897385\n|move|p2a: Manaphy|Energy Ball|p1a: Quagsire\n|-supereffective|p1a: Quagsire\n|-damage|p1a: Quagsire|0 fnt\n|faint|p1a: Quagsire\n|\n|-heal|p2a: Manaphy|90\/100|[from] item: Leftovers\n|upkeep\n|\n|t:|1699897421\n|switch|p1a: Kingambit|Kingambit, M|88\/100\n|-damage|p1a: Kingambit|81\/100|[from] Stealth Rock\n|-activate|p1a: Kingambit|ability: Supreme Overlord\n|-start|p1a: Kingambit|fallen4|[silent]\n|turn|35\n|\n|t:|1699897429\n|move|p2a: Manaphy|Surf|p1a: Kingambit\n|-damage|p1a: Kingambit|19\/100\n|move|p1a: Kingambit|Swords Dance|p1a: Kingambit\n|-boost|p1a: Kingambit|atk|2\n|\n|-heal|p2a: Manaphy|96\/100|[from] item: Leftovers\n|upkeep\n|turn|36\n|\n|t:|1699897448\n|move|p1a: Kingambit|Sucker Punch|p2a: Manaphy\n|-damage|p2a: Manaphy|0 fnt\n|faint|p2a: Manaphy\n|\n|upkeep\n|\n|t:|1699897450\n|switch|p2a: Scream Tail|Scream Tail|92\/100\n|turn|37\n|\n|t:|1699897548\n|move|p2a: Scream Tail|Encore|p1a: Kingambit\n|-start|p1a: Kingambit|Encore\n|move|p1a: Kingambit|Sucker Punch||[still]\n|-fail|p1a: Kingambit\n|\n|-heal|p2a: Scream Tail|98\/100|[from] item: Leftovers\n|upkeep\n|turn|38\n|\n|t:|1699897572\n|-end|p2a: Scream Tail|Protosynthesis|[silent]\n|switch|p2a: Goodra|Goodra, F|71\/100\n|move|p1a: Kingambit|Sucker Punch||[still]\n|-fail|p1a: Kingambit\n|\n|-heal|p2a: Goodra|77\/100|[from] item: Leftovers\n|upkeep\n|turn|39\n|\n|t:|1699897579\n|move|p1a: Kingambit|Sucker Punch||[still]\n|-fail|p1a: Kingambit\n|move|p2a: Goodra|Substitute|p2a: Goodra\n|-start|p2a: Goodra|Substitute\n|-damage|p2a: Goodra|52\/100\n|\n|-heal|p2a: Goodra|58\/100|[from] item: Leftovers\n|-end|p1a: Kingambit|Encore\n|upkeep\n|turn|40\n|\n|t:|1699897594\n|move|p1a: Kingambit|Sucker Punch|p2a: Goodra\n|-end|p2a: Goodra|Substitute\n|move|p2a: Goodra|Earthquake|p1a: Kingambit\n|-supereffective|p1a: Kingambit\n|-damage|p1a: Kingambit|0 fnt\n|faint|p1a: Kingambit\n|-end|p1a: Kingambit|fallen4|[silent]\n|\n|-heal|p2a: Goodra|64\/100|[from] item: Leftovers\n|upkeep\n|\n|t:|1699897602\n|switch|p1a: Baxcalibur|Baxcalibur, F|57\/100\n|-damage|p1a: Baxcalibur|32\/100|[from] Stealth Rock\n|turn|41\n|\n|t:|1699897608\n|move|p1a: Baxcalibur|Icicle Spear|p2a: Goodra\n|-supereffective|p2a: Goodra\n|-damage|p2a: Goodra|29\/100\n|-supereffective|p2a: Goodra\n|-damage|p2a: Goodra|0 fnt\n|faint|p2a: Goodra\n|-hitcount|p2: Goodra|2\n|\n|upkeep\n|\n|t:|1699897620\n|switch|p2a: Scream Tail|Scream Tail|98\/100\n|turn|42\n|\n|t:|1699897623\n|move|p2a: Scream Tail|Dazzling Gleam|p1a: Baxcalibur\n|-supereffective|p1a: Baxcalibur\n|-damage|p1a: Baxcalibur|0 fnt\n|faint|p1a: Baxcalibur\n|\n|win|safe genesect\n|c|\u2606Zohanniter|gg\n|c|\u2606safe genesect|gg\n|c|\u2606safe genesect|por un momento me he cagado\n|c|\u2606safe genesect|tenia que haberme tirado el tecer take heart para hacer ohko pero tenia miedo de critico sucker\n","uploadtime":1699897631,"views":57,"p1id":"zohanniter","p2id":"safegenesect","formatid":"gen9anythinggoes","rating":0,"private":0,"password":""}