{"id":"gen9anythinggoes-1990915796","p1":"Luigi3641","p2":"SwaggerSoul","format":"[Gen 9] Anything Goes","log":"|j|\u2606Luigi3641\n|j|\u2606SwaggerSoul\n|t:|1700014738\n|gametype|singles\n|player|p1|Luigi3641|juggler|1216\n|player|p2|SwaggerSoul|youngster-gen4dp|1289\n|teamsize|p1|6\n|teamsize|p2|6\n|gen|9\n|tier|[Gen 9] Anything Goes\n|rated|\n|rule|HP Percentage Mod: HP is shown in percentages\n|rule|Endless Battle Clause: Forcing endless battles is banned\n|clearpoke\n|poke|p1|Zangoose, M|\n|poke|p1|Ditto|\n|poke|p1|Beartic, M|\n|poke|p1|Glaceon, F|\n|poke|p1|Eiscue, F|\n|poke|p1|Mightyena, M|\n|poke|p2|Rotom-Wash|\n|poke|p2|Arbok, M|\n|poke|p2|Sneasler, F|\n|poke|p2|Dragapult, F|\n|poke|p2|Slowking, M|\n|poke|p2|Clefable, M|\n|teampreview\n|c|\u2606Luigi3641|Glhf\n|\n|t:|1700014751\n|start\n|switch|p1a: Eiscue|Eiscue, F|100\/100\n|switch|p2a: Rotom|Rotom-Wash|100\/100\n|turn|1\n|\n|t:|1700014760\n|move|p2a: Rotom|Thunder Wave|p1a: Eiscue\n|-status|p1a: Eiscue|par\n|move|p1a: Eiscue|Snowscape|p1a: Eiscue\n|-weather|Snow\n|\n|-weather|Snow|[upkeep]\n|upkeep\n|turn|2\n|\n|t:|1700014768\n|move|p2a: Rotom|Nasty Plot|p2a: Rotom\n|-boost|p2a: Rotom|spa|2\n|cant|p1a: Eiscue|par\n|\n|-weather|Snow|[upkeep]\n|upkeep\n|turn|3\n|\n|t:|1700014774\n|move|p2a: Rotom|Thunderbolt|p1a: Eiscue\n|-damage|p1a: Eiscue|4\/100 par\n|move|p1a: Eiscue|Aurora Veil|p1a: Eiscue\n|-sidestart|p1: Luigi3641|move: Aurora Veil\n|\n|-weather|Snow|[upkeep]\n|upkeep\n|turn|4\n|\n|t:|1700014789\n|switch|p2a: Arbok|Arbok, M|100\/100\n|-ability|p2a: Arbok|Intimidate|boost\n|-unboost|p1a: Eiscue|atk|1\n|switch|p1a: Glaceon|Glaceon, F|100\/100\n|\n|-weather|Snow|[upkeep]\n|upkeep\n|turn|5\n|\n|t:|1700014800\n|move|p2a: Arbok|Coil|p2a: Arbok\n|-boost|p2a: Arbok|atk|1\n|-boost|p2a: Arbok|def|1\n|-boost|p2a: Arbok|accuracy|1\n|move|p1a: Glaceon|Blizzard|p2a: Arbok\n|-damage|p2a: Arbok|5\/100\n|\n|-weather|Snow|[upkeep]\n|upkeep\n|turn|6\n|\n|t:|1700014811\n|move|p2a: Arbok|Gunk Shot|p1a: Glaceon\n|-damage|p1a: Glaceon|75\/100\n|move|p1a: Glaceon|Chilling Water|p2a: Arbok\n|-damage|p2a: Arbok|0 fnt\n|faint|p2a: Arbok\n|\n|-weather|Snow|[upkeep]\n|-heal|p1a: Glaceon|81\/100|[from] ability: Ice Body\n|-heal|p1a: Glaceon|87\/100|[from] item: Leftovers\n|upkeep\n|\n|t:|1700014822\n|switch|p2a: Clefable|Clefable, M|100\/100\n|turn|7\n|\n|t:|1700014827\n|move|p1a: Glaceon|Blizzard|p2a: Clefable\n|-damage|p2a: Clefable|40\/100\n|move|p2a: Clefable|Cosmic Power|p2a: Clefable\n|-boost|p2a: Clefable|def|1\n|-boost|p2a: Clefable|spd|1\n|\n|-weather|Snow|[upkeep]\n|-heal|p1a: Glaceon|93\/100|[from] ability: Ice Body\n|-heal|p1a: Glaceon|99\/100|[from] item: Leftovers\n|-sideend|p1: Luigi3641|move: Aurora Veil\n|upkeep\n|turn|8\n|\n|t:|1700014833\n|move|p1a: Glaceon|Blizzard|p2a: Clefable\n|-damage|p2a: Clefable|3\/100\n|-status|p2a: Clefable|frz\n|cant|p2a: Clefable|frz\n|\n|-weather|none\n|-heal|p1a: Glaceon|100\/100|[from] item: Leftovers\n|upkeep\n|turn|9\n|\n|t:|1700014841\n|switch|p1a: Eiscue|Eiscue, F|4\/100 par\n|cant|p2a: Clefable|frz\n|\n|upkeep\n|turn|10\n|\n|t:|1700014845\n|cant|p2a: Clefable|frz\n|move|p1a: Eiscue|Snowscape|p1a: Eiscue\n|-weather|Snow\n|\n|-weather|Snow|[upkeep]\n|upkeep\n|turn|11\n|\n|t:|1700014850\n|cant|p2a: Clefable|frz\n|move|p1a: Eiscue|Aurora Veil|p1a: Eiscue\n|-sidestart|p1: Luigi3641|move: Aurora Veil\n|\n|-weather|Snow|[upkeep]\n|upkeep\n|turn|12\n|\n|t:|1700014855\n|cant|p2a: Clefable|frz\n|move|p1a: Eiscue|Ice Spinner|p2a: Clefable\n|-damage|p2a: Clefable|0 fnt\n|faint|p2a: Clefable\n|\n|-weather|Snow|[upkeep]\n|upkeep\n|\n|t:|1700014867\n|switch|p2a: Sneasler|Sneasler, F|100\/100\n|turn|13\n|\n|t:|1700014870\n|move|p2a: Sneasler|Close Combat|p1a: Eiscue\n|-activate|p1a: Eiscue|ability: Ice Face\n|-damage|p1a: Eiscue|4\/100 par\n|-unboost|p2a: Sneasler|def|1\n|-unboost|p2a: Sneasler|spd|1\n|detailschange|p1a: Eiscue|Eiscue-Noice, F\n|move|p1a: Eiscue|Ice Spinner|p2a: Sneasler\n|-damage|p2a: Sneasler|18\/100\n|\n|-weather|Snow|[upkeep]\n|upkeep\n|turn|14\n|\n|t:|1700014882\n|move|p2a: Sneasler|Close Combat|p1a: Eiscue\n|-supereffective|p1a: Eiscue\n|-crit|p1a: Eiscue\n|-damage|p1a: Eiscue|0 fnt\n|-unboost|p2a: Sneasler|def|1\n|-unboost|p2a: Sneasler|spd|1\n|faint|p1a: Eiscue\n|\n|-weather|Snow|[upkeep]\n|upkeep\n|\n|t:|1700014902\n|switch|p1a: Beartic|Beartic, M|100\/100\n|turn|15\n|\n|t:|1700014911\n|move|p1a: Beartic|Swords Dance|p1a: Beartic\n|-boost|p1a: Beartic|atk|2\n|move|p2a: Sneasler|Close Combat|p1a: Beartic\n|-supereffective|p1a: Beartic\n|-damage|p1a: Beartic|42\/100\n|-unboost|p2a: Sneasler|def|1\n|-unboost|p2a: Sneasler|spd|1\n|\n|-weather|Snow|[upkeep]\n|-sideend|p1: Luigi3641|move: Aurora Veil\n|upkeep\n|turn|16\n|\n|t:|1700014919\n|move|p1a: Beartic|Aqua Jet|p2a: Sneasler\n|-damage|p2a: Sneasler|0 fnt\n|faint|p2a: Sneasler\n|\n|-weather|Snow|[upkeep]\n|upkeep\n|\n|t:|1700014928\n|switch|p2a: Rotom|Rotom-Wash|100\/100\n|turn|17\n|\n|t:|1700014932\n|move|p1a: Beartic|Icicle Crash|p2a: Rotom\n|-resisted|p2a: Rotom\n|-damage|p2a: Rotom|36\/100\n|move|p2a: Rotom|Thunderbolt|p1a: Beartic\n|-damage|p1a: Beartic|0 fnt\n|faint|p1a: Beartic\n|\n|-weather|none\n|upkeep\n|\n|t:|1700014951\n|switch|p1a: Glaceon|Glaceon, F|100\/100\n|turn|18\n|\n|t:|1700014954\n|move|p2a: Rotom|Thunder Wave|p1a: Glaceon|[miss]\n|-miss|p2a: Rotom|p1a: Glaceon\n|-enditem|p2a: Rotom|Blunder Policy\n|-boost|p2a: Rotom|spe|2\n|move|p1a: Glaceon|Freeze-Dry|p2a: Rotom\n|-supereffective|p2a: Rotom\n|-damage|p2a: Rotom|0 fnt\n|faint|p2a: Rotom\n|\n|upkeep\n|\n|t:|1700014965\n|switch|p2a: Slowking|Slowking, M|100\/100\n|turn|19\n|\n|t:|1700014977\n|-terastallize|p2a: Slowking|Ice\n|move|p1a: Glaceon|Freeze-Dry|p2a: Slowking\n|-resisted|p2a: Slowking\n|-damage|p2a: Slowking|85\/100\n|move|p2a: Slowking|Scald|p1a: Glaceon\n|-damage|p1a: Glaceon|62\/100\n|\n|-heal|p1a: Glaceon|68\/100|[from] item: Leftovers\n|upkeep\n|turn|20\n|\n|t:|1700015000\n|move|p1a: Glaceon|Shadow Ball|p2a: Slowking\n|-damage|p2a: Slowking|61\/100\n|move|p2a: Slowking|Future Sight|p1a: Glaceon\n|-start|p2a: Slowking|move: Future Sight\n|\n|-heal|p1a: Glaceon|74\/100|[from] item: Leftovers\n|upkeep\n|turn|21\n|\n|t:|1700015005\n|move|p1a: Glaceon|Shadow Ball|p2a: Slowking\n|-damage|p2a: Slowking|38\/100\n|move|p2a: Slowking|Scald|p1a: Glaceon\n|-damage|p1a: Glaceon|33\/100\n|-status|p1a: Glaceon|brn\n|\n|-heal|p1a: Glaceon|39\/100 brn|[from] item: Leftovers\n|-damage|p1a: Glaceon|33\/100 brn|[from] brn\n|upkeep\n|turn|22\n|\n|t:|1700015019\n|move|p1a: Glaceon|Shadow Ball|p2a: Slowking\n|-damage|p2a: Slowking|14\/100\n|move|p2a: Slowking|Scald|p1a: Glaceon\n|-damage|p1a: Glaceon|0 fnt\n|faint|p1a: Glaceon\n|\n|-hint|Future Sight did not hit because the target is fainted.\n|upkeep\n|\n|t:|1700015034\n|switch|p1a: Zangoose|Zangoose, M|100\/100\n|turn|23\n|\n|t:|1700015038\n|move|p1a: Zangoose|Shadow Claw|p2a: Slowking\n|-damage|p2a: Slowking|0 fnt\n|faint|p2a: Slowking\n|\n|-status|p1a: Zangoose|tox|[from] item: Toxic Orb\n|upkeep\n|\n|t:|1700015041\n|switch|p2a: Dragapult|Dragapult, F|100\/100\n|turn|24\n|l|\u2606SwaggerSoul\n|player|p2|\n|j|\u2606SwaggerSoul\n|player|p2|SwaggerSoul|youngster-gen4dp\n|\n|t:|1700015096\n|move|p2a: Dragapult|Dragon Darts|p1a: Zangoose\n|-damage|p1a: Zangoose|49\/100 tox\n|-anim|p2a: Dragapult|Dragon Darts|p1a: Zangoose\n|-damage|p1a: Zangoose|0 fnt\n|faint|p1a: Zangoose\n|\n|upkeep\n|\n|t:|1700015106\n|switch|p1a: Mightyena|Mightyena, M|100\/100\n|turn|25\n|\n|t:|1700015114\n|-terastallize|p1a: Mightyena|Dark\n|move|p1a: Mightyena|Sucker Punch|p2a: Dragapult\n|-supereffective|p2a: Dragapult\n|-damage|p2a: Dragapult|0 fnt\n|faint|p2a: Dragapult\n|-damage|p1a: Mightyena|91\/100|[from] item: Life Orb\n|\n|win|Luigi3641\n|raw|Luigi3641's rating: 1216 &rarr; <strong>1246<\/strong><br \/>(+30 for winning)\n|raw|SwaggerSoul's rating: 1289 &rarr; <strong>1259<\/strong><br \/>(-30 for losing)\n|c|\u2606Luigi3641|gg\n|l|\u2606SwaggerSoul\n","uploadtime":1700015151,"views":4,"p1id":"luigi3641","p2id":"swaggersoul","formatid":"gen9anythinggoes","rating":1246,"private":0,"password":""}