{"id":"gen9anythinggoes-1992417085","p1":"rampiore","p2":"Wolf haley","format":"[Gen 9] Anything Goes","log":"|j|\u2606rampiore\n|j|\u2606Wolf haley\n|t:|1700185103\n|gametype|singles\n|player|p1|rampiore|cyrus|\n|player|p2|Wolf haley|hapu|\n|teamsize|p1|6\n|teamsize|p2|6\n|gen|9\n|tier|[Gen 9] Anything Goes\n|rule|HP Percentage Mod: HP is shown in percentages\n|rule|Endless Battle Clause: Forcing endless battles is banned\n|clearpoke\n|poke|p1|Meowscarada, F|\n|poke|p1|Quaquaval, F|\n|poke|p1|Garchomp, F|\n|poke|p1|Politoed, M|\n|poke|p1|Zapdos|\n|poke|p1|Manaphy|\n|poke|p2|Iron Bundle|\n|poke|p2|Tornadus-Therian, M|\n|poke|p2|Slowking, F|\n|poke|p2|Hariyama, M|\n|poke|p2|Carbink|\n|poke|p2|Ogerpon-Hearthflame, F|\n|teampreview\n|c|\u2606Wolf haley|hiya\n|c|\u2606rampiore|me ogerpon wanter\n|c|\u2606Wolf haley|shout out to you, thanks for working with me\n|c|\u2606Wolf haley|lol\n|c|\u2606rampiore|all good no beef bro\n|c|\u2606Wolf haley|you know my demands\n|c|\u2606Wolf haley|can you get link?\n|c|\u2606rampiore|for this?\n|c|\u2606Wolf haley|ye\n|c|\u2606Wolf haley|i can\n|c|\u2606rampiore|ok\n|c|\u2606Wolf haley|if youre okay\n|c|\u2606Wolf haley|if you dont want\n|c|\u2606Wolf haley|i wont\n|\n|t:|1700185214\n|start\n|switch|p1a: Garchomp|Garchomp, F|100\/100\n|switch|p2a: Ogerpon|Ogerpon-Hearthflame, F|100\/100\n|-ability|p2a: Ogerpon|Mold Breaker\n|turn|1\n|\n|t:|1700185228\n|move|p2a: Ogerpon|Swords Dance|p2a: Ogerpon\n|-boost|p2a: Ogerpon|atk|2\n|move|p1a: Garchomp|Swords Dance|p1a: Garchomp\n|-boost|p1a: Garchomp|atk|2\n|\n|upkeep\n|turn|2\n|\n|t:|1700185250\n|switch|p1a: Politoed|Politoed, M|100\/100\n|-weather|RainDance|[from] ability: Drizzle|[of] p1a: Politoed\n|move|p2a: Ogerpon|Seed Bomb|p1a: Politoed\n|-supereffective|p1a: Politoed\n|-damage|p1a: Politoed|0 fnt\n|faint|p1a: Politoed\n|\n|-weather|RainDance|[upkeep]\n|upkeep\n|\n|t:|1700185259\n|switch|p1a: Zapdos|Zapdos|100\/100\n|-ability|p1a: Zapdos|Pressure\n|turn|3\n|\n|t:|1700185323\n|move|p1a: Zapdos|Hurricane|p2a: Ogerpon\n|-supereffective|p2a: Ogerpon\n|-damage|p2a: Ogerpon|3\/100\n|move|p2a: Ogerpon|Rock Tomb|p1a: Zapdos\n|-supereffective|p1a: Zapdos\n|-damage|p1a: Zapdos|9\/100\n|-unboost|p1a: Zapdos|spe|1\n|\n|-weather|RainDance|[upkeep]\n|upkeep\n|turn|4\n|\n|t:|1700185332\n|move|p2a: Ogerpon|Seed Bomb|p1a: Zapdos\n|-resisted|p1a: Zapdos\n|-damage|p1a: Zapdos|0 fnt\n|faint|p1a: Zapdos\n|\n|-weather|RainDance|[upkeep]\n|upkeep\n|\n|t:|1700185343\n|switch|p1a: Quaquaval|Quaquaval, F, shiny|100\/100\n|turn|5\n|\n|t:|1700185354\n|move|p2a: Ogerpon|Seed Bomb|p1a: Quaquaval\n|-supereffective|p1a: Quaquaval\n|-crit|p1a: Quaquaval\n|-damage|p1a: Quaquaval|0 fnt\n|faint|p1a: Quaquaval\n|\n|-weather|RainDance|[upkeep]\n|upkeep\n|\n|t:|1700185368\n|switch|p1a: Meowscarada|Meowscarada, F, shiny|100\/100\n|turn|6\n|\n|t:|1700185372\n|switch|p2a: Hariyama|Hariyama, M|100\/100\n|move|p1a: Meowscarada|U-turn|p2a: Hariyama\n|-resisted|p2a: Hariyama\n|-damage|p2a: Hariyama|86\/100\n|\n|t:|1700185379\n|switch|p1a: Manaphy|Manaphy|100\/100|[from] U-turn\n|\n|-weather|none\n|-heal|p2a: Hariyama|93\/100|[from] item: Leftovers\n|upkeep\n|turn|7\n|\n|t:|1700185386\n|move|p1a: Manaphy|Tail Glow|p1a: Manaphy\n|-boost|p1a: Manaphy|spa|3\n|move|p2a: Hariyama|Knock Off|p1a: Manaphy\n|-damage|p1a: Manaphy|78\/100\n|-enditem|p1a: Manaphy|Leftovers|[from] move: Knock Off|[of] p2a: Hariyama\n|\n|-heal|p2a: Hariyama|99\/100|[from] item: Leftovers\n|upkeep\n|turn|8\n|\n|t:|1700185395\n|switch|p2a: Ogerpon|Ogerpon-Hearthflame, F|3\/100\n|-ability|p2a: Ogerpon|Mold Breaker\n|move|p1a: Manaphy|Scald|p2a: Ogerpon\n|-damage|p2a: Ogerpon|0 fnt\n|faint|p2a: Ogerpon\n|\n|upkeep\n|\n|t:|1700185401\n|switch|p2a: Iron Bundle|Iron Bundle|100\/100\n|turn|9\n|\n|t:|1700185408\n|move|p2a: Iron Bundle|Freeze-Dry|p1a: Manaphy\n|-supereffective|p1a: Manaphy\n|-damage|p1a: Manaphy|0 fnt\n|faint|p1a: Manaphy\n|\n|upkeep\n|\n|t:|1700185414\n|switch|p1a: Meowscarada|Meowscarada, F, shiny|100\/100\n|turn|10\n|\n|t:|1700185422\n|-end|p2a: Iron Bundle|Quark Drive|[silent]\n|switch|p2a: Hariyama|Hariyama, M|99\/100\n|move|p1a: Meowscarada|Play Rough|p2a: Hariyama\n|-supereffective|p2a: Hariyama\n|-damage|p2a: Hariyama|25\/100\n|\n|-heal|p2a: Hariyama|32\/100|[from] item: Leftovers\n|upkeep\n|turn|11\n|\n|t:|1700185430\n|switch|p2a: Carbink|Carbink|100\/100\n|move|p1a: Meowscarada|Play Rough|p2a: Carbink\n|-damage|p2a: Carbink|72\/100\n|\n|-heal|p2a: Carbink|78\/100|[from] item: Leftovers\n|upkeep\n|turn|12\n|\n|t:|1700185437\n|move|p1a: Meowscarada|Play Rough|p2a: Carbink\n|-damage|p2a: Carbink|50\/100\n|move|p2a: Carbink|Reflect|p2a: Carbink\n|-sidestart|p2: Wolf haley|Reflect\n|\n|-heal|p2a: Carbink|56\/100|[from] item: Leftovers\n|upkeep\n|turn|13\n|\n|t:|1700185447\n|switch|p1a: Garchomp|Garchomp, F|100\/100\n|move|p2a: Carbink|Moonblast|p1a: Garchomp\n|-supereffective|p1a: Garchomp\n|-damage|p1a: Garchomp|58\/100\n|\n|-heal|p2a: Carbink|63\/100|[from] item: Leftovers\n|upkeep\n|turn|14\n|\n|t:|1700185458\n|switch|p2a: Tornadus|Tornadus-Therian, M|100\/100\n|move|p1a: Garchomp|Swords Dance|p1a: Garchomp\n|-boost|p1a: Garchomp|atk|2\n|\n|upkeep\n|turn|15\n|\n|t:|1700185465\n|move|p2a: Tornadus|Icy Wind|p1a: Garchomp\n|-supereffective|p1a: Garchomp\n|-damage|p1a: Garchomp|0 fnt\n|faint|p1a: Garchomp\n|\n|upkeep\n|\n|t:|1700185469\n|switch|p1a: Meowscarada|Meowscarada, F, shiny|100\/100\n|turn|16\n|\n|t:|1700185475\n|move|p1a: Meowscarada|Knock Off|p2a: Tornadus\n|-damage|p2a: Tornadus|67\/100\n|-enditem|p2a: Tornadus|Assault Vest|[from] move: Knock Off|[of] p1a: Meowscarada\n|move|p2a: Tornadus|Icy Wind|p1a: Meowscarada\n|-supereffective|p1a: Meowscarada\n|-damage|p1a: Meowscarada|55\/100\n|-unboost|p1a: Meowscarada|spe|1\n|\n|-sideend|p2: Wolf haley|Reflect\n|upkeep\n|turn|17\n|\n|t:|1700185483\n|move|p2a: Tornadus|Icy Wind|p1a: Meowscarada\n|-supereffective|p1a: Meowscarada\n|-damage|p1a: Meowscarada|14\/100\n|-unboost|p1a: Meowscarada|spe|1\n|move|p1a: Meowscarada|Knock Off|p2a: Tornadus\n|-damage|p2a: Tornadus|24\/100\n|\n|upkeep\n|turn|18\n|\n|t:|1700185491\n|move|p2a: Tornadus|U-turn|p1a: Meowscarada\n|-supereffective|p1a: Meowscarada\n|-damage|p1a: Meowscarada|0 fnt\n|faint|p1a: Meowscarada\n|\n|win|Wolf haley\n|c|\u2606Wolf haley|ggs\n|l|\u2606rampiore\n|l|\u2606Wolf haley\n|j|\u2606Wolf haley\n|player|p2|Wolf haley|hapu\n","uploadtime":1700185760,"views":41,"p1id":"rampiore","p2id":"wolfhaley","formatid":"gen9anythinggoes","rating":0,"private":0,"password":""}