{"id":"gen9anythinggoes-1989976538","p1":"Flippy1200","p2":"trotman","format":"[Gen 9] Anything Goes","log":"|j|\u2606Flippy1200\n|j|\u2606trotman\n|t:|1699911836\n|gametype|singles\n|player|p1|Flippy1200|102|1206\n|player|p2|trotman|brycenman|1236\n|teamsize|p1|6\n|teamsize|p2|6\n|gen|9\n|tier|[Gen 9] Anything Goes\n|rated|\n|rule|HP Percentage Mod: HP is shown in percentages\n|rule|Endless Battle Clause: Forcing endless battles is banned\n|clearpoke\n|poke|p1|Lycanroc-Midnight, M|\n|poke|p1|Garchomp, M|\n|poke|p1|Urshifu-*, M|\n|poke|p1|Hatterene, F|\n|poke|p1|Cinderace, M|\n|poke|p1|Rotom-Wash|\n|poke|p2|Ogerpon, F|\n|poke|p2|Okidogi, M|\n|poke|p2|Regieleki|\n|poke|p2|Kingambit, M|\n|poke|p2|Palafin, F|\n|poke|p2|Chi-Yu|\n|teampreview\n|inactive|Battle timer is ON: inactive players will automatically lose when time's up. (requested by Flippy1200)\n|\n|t:|1699911853\n|start\n|switch|p1a: Kung Fu Fighting!|Urshifu, M|100\/100\n|switch|p2a: Kingambit|Kingambit, M, shiny|100\/100\n|turn|1\n|\n|t:|1699911867\n|switch|p2a: Okidogi|Okidogi, M|100\/100\n|move|p1a: Kung Fu Fighting!|Drain Punch|p2a: Okidogi\n|-resisted|p2a: Okidogi\n|-damage|p2a: Okidogi|83\/100\n|\n|upkeep\n|turn|2\n|\n|t:|1699911877\n|move|p1a: Kung Fu Fighting!|Wicked Blow|p2a: Okidogi\n|-resisted|p2a: Okidogi\n|-crit|p2a: Okidogi\n|-damage|p2a: Okidogi|52\/100\n|move|p2a: Okidogi|Gunk Shot|p1a: Kung Fu Fighting!\n|-damage|p1a: Kung Fu Fighting!|24\/100\n|-status|p1a: Kung Fu Fighting!|psn\n|-damage|p2a: Okidogi|42\/100|[from] item: Life Orb\n|\n|-damage|p1a: Kung Fu Fighting!|12\/100 psn|[from] psn\n|upkeep\n|turn|3\n|\n|t:|1699911890\n|move|p1a: Kung Fu Fighting!|Wicked Blow|p2a: Okidogi\n|-resisted|p2a: Okidogi\n|-crit|p2a: Okidogi\n|-damage|p2a: Okidogi|15\/100\n|move|p2a: Okidogi|Ice Punch|p1a: Kung Fu Fighting!\n|-damage|p1a: Kung Fu Fighting!|0 fnt\n|faint|p1a: Kung Fu Fighting!\n|-damage|p2a: Okidogi|5\/100|[from] item: Life Orb\n|\n|upkeep\n|\n|t:|1699911901\n|switch|p1a: Bun Bun|Cinderace, M|100\/100\n|turn|4\n|\n|t:|1699911908\n|move|p1a: Bun Bun|Sucker Punch|p2a: Okidogi\n|-start|p1a: Bun Bun|typechange|Dark|[from] ability: Libero\n|-resisted|p2a: Okidogi\n|-damage|p2a: Okidogi|0 fnt\n|faint|p2a: Okidogi\n|\n|upkeep\n|\n|t:|1699911913\n|switch|p2a: Palafin|Palafin, F, shiny|100\/100\n|turn|5\n|\n|t:|1699911929\n|move|p1a: Bun Bun|Pyro Ball|p2a: Palafin\n|-resisted|p2a: Palafin\n|-damage|p2a: Palafin|71\/100\n|move|p2a: Palafin|Flip Turn|p1a: Bun Bun\n|-damage|p1a: Bun Bun|53\/100\n|\n|t:|1699911941\n|detailschange|p2a: Palafin|Palafin-Hero, F, shiny\n|switch|p2a: Chi-Yu|Chi-Yu|100\/100|[from] Flip Turn\n|-ability|p2a: Chi-Yu|Beads of Ruin\n|\n|upkeep\n|turn|6\n|\n|t:|1699911952\n|switch|p1a: Edge Boy|Lycanroc-Midnight, M, shiny|100\/100\n|move|p2a: Chi-Yu|Flamethrower|p1a: Edge Boy\n|-resisted|p1a: Edge Boy\n|-damage|p1a: Edge Boy|57\/100\n|\n|upkeep\n|turn|7\n|\n|t:|1699911964\n|switch|p2a: Kingambit|Kingambit, M, shiny|100\/100\n|move|p1a: Edge Boy|Stone Edge|p2a: Kingambit\n|-resisted|p2a: Kingambit\n|-damage|p2a: Kingambit|87\/100\n|\n|-heal|p2a: Kingambit|93\/100|[from] item: Leftovers\n|upkeep\n|turn|8\n|\n|t:|1699911977\n|move|p1a: Edge Boy|Play Rough|p2a: Kingambit\n|-damage|p2a: Kingambit|79\/100\n|move|p2a: Kingambit|Stealth Rock|p1a: Edge Boy\n|-sidestart|p1: Flippy1200|move: Stealth Rock\n|\n|-heal|p2a: Kingambit|85\/100|[from] item: Leftovers\n|upkeep\n|turn|9\n|\n|t:|1699911994\n|move|p1a: Edge Boy|Play Rough|p2a: Kingambit\n|-crit|p2a: Kingambit\n|-damage|p2a: Kingambit|61\/100\n|move|p2a: Kingambit|Swords Dance|p2a: Kingambit\n|-boost|p2a: Kingambit|atk|2\n|\n|-heal|p2a: Kingambit|67\/100|[from] item: Leftovers\n|upkeep\n|turn|10\n|\n|t:|1699912005\n|switch|p1a: Jetzit|Garchomp, M|100\/100\n|-damage|p1a: Jetzit|94\/100|[from] Stealth Rock\n|move|p2a: Kingambit|Iron Head|p1a: Jetzit\n|-damage|p1a: Jetzit|19\/100\n|-damage|p2a: Kingambit|55\/100|[from] ability: Rough Skin|[of] p1a: Jetzit\n|-damage|p2a: Kingambit|38\/100|[from] item: Rocky Helmet|[of] p1a: Jetzit\n|\n|-heal|p2a: Kingambit|44\/100|[from] item: Leftovers\n|upkeep\n|turn|11\n|\n|t:|1699912025\n|move|p1a: Jetzit|Sand Attack|p2a: Kingambit\n|-unboost|p2a: Kingambit|accuracy|1\n|-ability|p2a: Kingambit|Defiant|boost\n|-boost|p2a: Kingambit|atk|2\n|move|p2a: Kingambit|Iron Head|p1a: Jetzit|[miss]\n|-miss|p2a: Kingambit|p1a: Jetzit\n|\n|-heal|p2a: Kingambit|50\/100|[from] item: Leftovers\n|upkeep\n|turn|12\n|\n|t:|1699912038\n|move|p1a: Jetzit|Sand Attack|p2a: Kingambit\n|-unboost|p2a: Kingambit|accuracy|1\n|-ability|p2a: Kingambit|Defiant|boost\n|-boost|p2a: Kingambit|atk|2\n|move|p2a: Kingambit|Iron Head|p1a: Jetzit\n|-damage|p1a: Jetzit|0 fnt\n|-damage|p2a: Kingambit|38\/100|[from] ability: Rough Skin|[of] p1a: Jetzit\n|-damage|p2a: Kingambit|22\/100|[from] item: Rocky Helmet|[of] p1a: Jetzit\n|faint|p1a: Jetzit\n|\n|-heal|p2a: Kingambit|28\/100|[from] item: Leftovers\n|upkeep\n|\n|t:|1699912054\n|switch|p1a: Bun Bun|Cinderace, M|53\/100\n|-damage|p1a: Bun Bun|28\/100|[from] Stealth Rock\n|turn|13\n|\n|t:|1699912060\n|move|p1a: Bun Bun|Pyro Ball|p2a: Kingambit\n|-supereffective|p2a: Kingambit\n|-damage|p2a: Kingambit|0 fnt\n|faint|p2a: Kingambit\n|\n|upkeep\n|\n|t:|1699912064\n|switch|p2a: Palafin|Palafin-Hero, F, shiny|71\/100\n|-activate|p2a: Palafin|ability: Zero to Hero\n|turn|14\n|\n|t:|1699912069\n|move|p1a: Bun Bun|Sucker Punch|p2a: Palafin\n|-start|p1a: Bun Bun|typechange|Dark|[from] ability: Libero\n|-damage|p2a: Palafin|35\/100\n|move|p2a: Palafin|Jet Punch|p1a: Bun Bun\n|-damage|p1a: Bun Bun|0 fnt\n|faint|p1a: Bun Bun\n|\n|upkeep\n|\n|t:|1699912076\n|switch|p1a: True WishiWashi|Rotom-Wash|100\/100\n|-damage|p1a: True WishiWashi|88\/100|[from] Stealth Rock\n|turn|15\n|\n|t:|1699912082\n|move|p2a: Palafin|Jet Punch|p1a: True WishiWashi\n|-resisted|p1a: True WishiWashi\n|-damage|p1a: True WishiWashi|54\/100\n|move|p1a: True WishiWashi|Thunderbolt|p2a: Palafin\n|-supereffective|p2a: Palafin\n|-damage|p2a: Palafin|0 fnt\n|faint|p2a: Palafin\n|\n|upkeep\n|\n|t:|1699912092\n|switch|p2a: Ogerpon|Ogerpon, F|100\/100\n|turn|16\n|\n|t:|1699912100\n|-terastallize|p1a: True WishiWashi|Ice\n|move|p2a: Ogerpon|Ivy Cudgel|p1a: True WishiWashi\n|-damage|p1a: True WishiWashi|0 fnt\n|faint|p1a: True WishiWashi\n|-damage|p2a: Ogerpon|91\/100|[from] item: Life Orb\n|\n|upkeep\n|\n|t:|1699912110\n|switch|p1a: Opal|Hatterene, F|100\/100\n|-damage|p1a: Opal|88\/100|[from] Stealth Rock\n|turn|17\n|\n|t:|1699912114\n|-terastallize|p2a: Ogerpon|Grass\n|detailschange|p2a: Ogerpon|Ogerpon-Teal-Tera, F, tera:Grass\n|-ability|p2a: Ogerpon|Embody Aspect (Teal)|boost\n|-boost|p2a: Ogerpon|spe|1\n|move|p2a: Ogerpon|Ivy Cudgel|p1a: Opal\n|-crit|p1a: Opal\n|-damage|p1a: Opal|0 fnt\n|faint|p1a: Opal\n|-damage|p2a: Ogerpon|81\/100|[from] item: Life Orb\n|\n|upkeep\n|\n|t:|1699912123\n|switch|p1a: Edge Boy|Lycanroc-Midnight, M, shiny|57\/100\n|-damage|p1a: Edge Boy|45\/100|[from] Stealth Rock\n|turn|18\n|\n|t:|1699912127\n|move|p1a: Edge Boy|Sucker Punch|p2a: Ogerpon\n|-damage|p2a: Ogerpon|51\/100\n|move|p2a: Ogerpon|Ivy Cudgel|p1a: Edge Boy\n|-supereffective|p1a: Edge Boy\n|-damage|p1a: Edge Boy|0 fnt\n|faint|p1a: Edge Boy\n|-damage|p2a: Ogerpon|41\/100|[from] item: Life Orb\n|\n|win|trotman\n|raw|Flippy1200's rating: 1206 &rarr; <strong>1183<\/strong><br \/>(-23 for losing)\n|raw|trotman's rating: 1236 &rarr; <strong>1259<\/strong><br \/>(+23 for winning)\n|l|\u2606Flippy1200\n","uploadtime":1699912137,"views":4,"p1id":"flippy1200","p2id":"trotman","formatid":"gen9anythinggoes","rating":1183,"private":0,"password":""}