{"id":"gen9anythinggoes-1993561379","p1":"Xin is op","p2":"hoenn militian","format":"[Gen 9] Anything Goes","log":"|j|\u2606Xin is op\n|j|\u2606hoenn militian\n|t:|1700331930\n|gametype|singles\n|player|p1|Xin is op|ghetsis|1569\n|player|p2|hoenn militian|2|1732\n|teamsize|p1|6\n|teamsize|p2|6\n|gen|9\n|tier|[Gen 9] Anything Goes\n|rated|\n|rule|HP Percentage Mod: HP is shown in percentages\n|rule|Endless Battle Clause: Forcing endless battles is banned\n|clearpoke\n|poke|p1|Kyogre|\n|poke|p1|Calyrex-Ice|\n|poke|p1|Arceus|\n|poke|p1|Arceus-Fairy|\n|poke|p1|Koraidon|\n|poke|p1|Ursaluna-Bloodmoon, M|\n|poke|p2|Miraidon|\n|poke|p2|Grimmsnarl, M|\n|poke|p2|Skeledirge, M|\n|poke|p2|Blissey, F|\n|poke|p2|Weezing-Galar, F|\n|poke|p2|Calyrex-Ice|\n|teampreview\n|inactive|Battle timer is ON: inactive players will automatically lose when time's up. (requested by Xin is op)\n|\n|t:|1700331944\n|start\n|switch|p1a: Arceus|Arceus-Fairy|100\/100\n|switch|p2a: Miraidon|Miraidon|100\/100\n|-fieldstart|move: Electric Terrain|[from] ability: Hadron Engine|[of] p2a: Miraidon\n|turn|1\n|\n|t:|1700331950\n|move|p2a: Miraidon|U-turn|p1a: Arceus\n|-resisted|p1a: Arceus\n|-damage|p1a: Arceus|96\/100\n|\n|t:|1700331954\n|switch|p2a: Blissey|Blissey, F|100\/100|[from] U-turn\n|move|p1a: Arceus|Stealth Rock|p2a: Blissey\n|-sidestart|p2: hoenn militian|move: Stealth Rock\n|\n|upkeep\n|turn|2\n|\n|t:|1700331961\n|switch|p1a: Calyrex|Calyrex-Ice|100\/100\n|-ability|p1a: Calyrex|As One\n|-ability|p1a: Calyrex|Unnerve\n|move|p2a: Blissey|Stealth Rock|p1a: Calyrex\n|-sidestart|p1: Xin is op|move: Stealth Rock\n|\n|upkeep\n|turn|3\n|\n|t:|1700331969\n|switch|p2a: Skeledirge|Skeledirge, M|100\/100\n|-terastallize|p1a: Calyrex|Ice\n|move|p1a: Calyrex|Glacial Lance|p2a: Skeledirge\n|-resisted|p2a: Skeledirge\n|-damage|p2a: Skeledirge|49\/100\n|\n|upkeep\n|turn|4\n|\n|t:|1700331978\n|switch|p1a: Kyogre|Kyogre|100\/100\n|-damage|p1a: Kyogre|88\/100|[from] Stealth Rock\n|-weather|RainDance|[from] ability: Drizzle|[of] p1a: Kyogre\n|move|p2a: Skeledirge|Slack Off|p2a: Skeledirge\n|-heal|p2a: Skeledirge|99\/100\n|\n|-weather|RainDance|[upkeep]\n|upkeep\n|turn|5\n|\n|t:|1700331987\n|switch|p2a: Blissey|Blissey, F|100\/100\n|move|p1a: Kyogre|Water Spout|p2a: Blissey\n|-damage|p2a: Blissey|47\/100\n|\n|-weather|RainDance|[upkeep]\n|-fieldend|move: Electric Terrain\n|upkeep\n|turn|6\n|\n|t:|1700331996\n|switch|p2a: Miraidon|Miraidon|100\/100\n|-fieldstart|move: Electric Terrain|[from] ability: Hadron Engine|[of] p2a: Miraidon\n|move|p1a: Kyogre|Water Spout|p2a: Miraidon\n|-resisted|p2a: Miraidon\n|-damage|p2a: Miraidon|15\/100\n|\n|-weather|RainDance|[upkeep]\n|upkeep\n|turn|7\n|\n|t:|1700332007\n|move|p2a: Miraidon|Dragon Pulse|p1a: Kyogre\n|-damage|p1a: Kyogre|53\/100\n|move|p1a: Kyogre|Water Spout|p2a: Miraidon\n|-resisted|p2a: Miraidon\n|-damage|p2a: Miraidon|0 fnt\n|faint|p2a: Miraidon\n|\n|-weather|RainDance|[upkeep]\n|upkeep\n|\n|t:|1700332016\n|switch|p2a: Blissey|Blissey, F|47\/100\n|turn|8\n|\n|t:|1700332020\n|switch|p1a: Calyrex|Calyrex-Ice, tera:Ice|100\/100\n|-ability|p1a: Calyrex|As One\n|-ability|p1a: Calyrex|Unnerve\n|-damage|p1a: Calyrex|75\/100|[from] Stealth Rock\n|move|p2a: Blissey|Soft-Boiled|p2a: Blissey\n|-heal|p2a: Blissey|97\/100\n|\n|-weather|none\n|upkeep\n|turn|9\n|\n|t:|1700332031\n|switch|p2a: Weezing|Weezing-Galar, F|100\/100\n|move|p1a: Calyrex|High Horsepower|p2a: Weezing\n|-immune|p2a: Weezing|[from] ability: Levitate\n|\n|upkeep\n|turn|10\n|j| Miss Toni\n|\n|t:|1700332055\n|switch|p1a: Arceus|Arceus-Fairy|96\/100\n|-damage|p1a: Arceus|84\/100|[from] Stealth Rock\n|move|p2a: Weezing|Will-O-Wisp|p1a: Arceus\n|-status|p1a: Arceus|brn\n|\n|-damage|p1a: Arceus|78\/100 brn|[from] brn\n|-fieldend|move: Electric Terrain\n|upkeep\n|turn|11\n|\n|t:|1700332071\n|switch|p2a: Grimmsnarl|Grimmsnarl, M|100\/100\n|move|p1a: Arceus|Healing Wish|p1a: Arceus\n|faint|p1a: Arceus\n|\n|upkeep\n|\n|t:|1700332077\n|switch|p1a: Kyogre|Kyogre|53\/100\n|-heal|p1a: Kyogre|100\/100|[from] move: Healing Wish\n|-damage|p1a: Kyogre|88\/100|[from] Stealth Rock\n|-weather|RainDance|[from] ability: Drizzle|[of] p1a: Kyogre\n|turn|12\n|\n|t:|1700332084\n|move|p2a: Grimmsnarl|Parting Shot|p1a: Kyogre\n|-unboost|p1a: Kyogre|atk|1\n|-unboost|p1a: Kyogre|spa|1\n|\n|t:|1700332088\n|switch|p2a: Blissey|Blissey, F|97\/100|[from] Parting Shot\n|move|p1a: Kyogre|Water Spout|p2a: Blissey\n|-damage|p2a: Blissey|64\/100\n|\n|-weather|RainDance|[upkeep]\n|upkeep\n|turn|13\n|\n|t:|1700332098\n|switch|p1a: Calyrex|Calyrex-Ice, tera:Ice|75\/100\n|-ability|p1a: Calyrex|As One\n|-ability|p1a: Calyrex|Unnerve\n|-damage|p1a: Calyrex|50\/100|[from] Stealth Rock\n|move|p2a: Blissey|Soft-Boiled|p2a: Blissey\n|-heal|p2a: Blissey|100\/100\n|\n|-weather|RainDance|[upkeep]\n|upkeep\n|turn|14\n|\n|t:|1700332108\n|switch|p2a: Skeledirge|Skeledirge, M|99\/100\n|move|p1a: Calyrex|Glacial Lance|p2a: Skeledirge\n|-resisted|p2a: Skeledirge\n|-damage|p2a: Skeledirge|54\/100\n|\n|-weather|RainDance|[upkeep]\n|upkeep\n|turn|15\n|l| Miss Toni\n|\n|t:|1700332120\n|switch|p1a: Kyogre|Kyogre|88\/100\n|-damage|p1a: Kyogre|76\/100|[from] Stealth Rock\n|move|p2a: Skeledirge|Slack Off|p2a: Skeledirge\n|-heal|p2a: Skeledirge|100\/100\n|\n|-weather|RainDance|[upkeep]\n|upkeep\n|turn|16\n|\n|t:|1700332127\n|switch|p2a: Blissey|Blissey, F|100\/100\n|move|p1a: Kyogre|Origin Pulse|p2a: Blissey\n|-damage|p2a: Blissey|60\/100\n|\n|-weather|none\n|upkeep\n|turn|17\n|\n|t:|1700332140\n|switch|p1a: Calyrex|Calyrex-Ice, tera:Ice|50\/100\n|-ability|p1a: Calyrex|As One\n|-ability|p1a: Calyrex|Unnerve\n|-damage|p1a: Calyrex|25\/100|[from] Stealth Rock\n|switch|p2a: Grimmsnarl|Grimmsnarl, M|100\/100\n|\n|upkeep\n|turn|18\n|\n|t:|1700332155\n|move|p2a: Grimmsnarl|Parting Shot|p1a: Calyrex\n|-unboost|p1a: Calyrex|atk|1\n|-unboost|p1a: Calyrex|spa|1\n|\n|t:|1700332159\n|switch|p2a: Weezing|Weezing-Galar, F|100\/100|[from] Parting Shot\n|move|p1a: Calyrex|Glacial Lance|p2a: Weezing\n|-damage|p2a: Weezing|27\/100\n|\n|upkeep\n|turn|19\n|\n|t:|1700332168\n|switch|p2a: Skeledirge|Skeledirge, M|100\/100\n|move|p1a: Calyrex|Glacial Lance|p2a: Skeledirge\n|-resisted|p2a: Skeledirge\n|-damage|p2a: Skeledirge|53\/100\n|\n|upkeep\n|turn|20\n|\n|t:|1700332174\n|switch|p1a: Arceus|Arceus|100\/100\n|-damage|p1a: Arceus|88\/100|[from] Stealth Rock\n|move|p2a: Skeledirge|Slack Off|p2a: Skeledirge\n|-heal|p2a: Skeledirge|100\/100\n|\n|upkeep\n|turn|21\n|j| itzZen\n|\n|t:|1700332185\n|switch|p2a: Grimmsnarl|Grimmsnarl, M|100\/100\n|move|p1a: Arceus|Trick Room|p1a: Arceus\n|-fieldstart|move: Trick Room|[of] p1a: Arceus\n|\n|upkeep\n|turn|22\n|\n|t:|1700332193\n|move|p2a: Grimmsnarl|Thunder Wave|p1a: Arceus|[miss]\n|-miss|p2a: Grimmsnarl|p1a: Arceus\n|move|p1a: Arceus|Healing Wish|p1a: Arceus\n|faint|p1a: Arceus\n|\n|upkeep\n|\n|t:|1700332198\n|switch|p1a: Calyrex|Calyrex-Ice, tera:Ice|25\/100\n|-ability|p1a: Calyrex|As One\n|-ability|p1a: Calyrex|Unnerve\n|-heal|p1a: Calyrex|100\/100|[from] move: Healing Wish\n|-damage|p1a: Calyrex|75\/100|[from] Stealth Rock\n|turn|23\n|\n|t:|1700332206\n|move|p2a: Grimmsnarl|Parting Shot|p1a: Calyrex\n|-unboost|p1a: Calyrex|atk|1\n|-unboost|p1a: Calyrex|spa|1\n|\n|t:|1700332210\n|switch|p2a: Calyrex|Calyrex-Ice|100\/100|[from] Parting Shot\n|-ability|p2a: Calyrex|As One\n|-ability|p2a: Calyrex|Unnerve\n|move|p1a: Calyrex|Glacial Lance|p2a: Calyrex\n|-resisted|p2a: Calyrex\n|-crit|p2a: Calyrex\n|-damage|p2a: Calyrex|31\/100\n|\n|upkeep\n|turn|24\n|\n|t:|1700332230\n|switch|p1a: Kyogre|Kyogre|76\/100\n|-damage|p1a: Kyogre|63\/100|[from] Stealth Rock\n|-weather|RainDance|[from] ability: Drizzle|[of] p1a: Kyogre\n|switch|p2a: Weezing|Weezing-Galar, F|27\/100\n|\n|-weather|RainDance|[upkeep]\n|upkeep\n|turn|25\n|l| itzZen\n|\n|t:|1700332242\n|move|p2a: Weezing|Pain Split|p1a: Kyogre\n|-sethp|p1a: Kyogre|43\/100|[from] move: Pain Split|[silent]\n|-sethp|p2a: Weezing|52\/100|[from] move: Pain Split\n|move|p1a: Kyogre|Origin Pulse|p2a: Weezing|[miss]\n|-miss|p1a: Kyogre|p2a: Weezing\n|\n|-weather|RainDance|[upkeep]\n|-fieldend|move: Trick Room\n|upkeep\n|turn|26\n|\n|t:|1700332262\n|move|p1a: Kyogre|Origin Pulse|p2a: Weezing\n|-damage|p2a: Weezing|0 fnt\n|faint|p2a: Weezing\n|\n|-weather|RainDance|[upkeep]\n|upkeep\n|\n|t:|1700332267\n|switch|p2a: Blissey|Blissey, F|60\/100\n|turn|27\n|\n|t:|1700332272\n|switch|p1a: Calyrex|Calyrex-Ice, tera:Ice|75\/100\n|-ability|p1a: Calyrex|As One\n|-ability|p1a: Calyrex|Unnerve\n|-damage|p1a: Calyrex|50\/100|[from] Stealth Rock\n|move|p2a: Blissey|Soft-Boiled|p2a: Blissey\n|-heal|p2a: Blissey|100\/100\n|\n|-weather|RainDance|[upkeep]\n|upkeep\n|turn|28\n|\n|t:|1700332295\n|switch|p2a: Calyrex|Calyrex-Ice|31\/100\n|-ability|p2a: Calyrex|As One\n|-ability|p2a: Calyrex|Unnerve\n|move|p1a: Calyrex|High Horsepower|p2a: Calyrex|[miss]\n|-miss|p1a: Calyrex|p2a: Calyrex\n|\n|-weather|none\n|upkeep\n|turn|29\n|\n|t:|1700332320\n|move|p2a: Calyrex|High Horsepower|p1a: Calyrex\n|-damage|p1a: Calyrex|25\/100\n|move|p1a: Calyrex|High Horsepower|p2a: Calyrex\n|-damage|p2a: Calyrex|0 fnt\n|faint|p2a: Calyrex\n|-ability|p1a: Calyrex|Chilling Neigh|boost\n|-boost|p1a: Calyrex|atk|1\n|\n|upkeep\n|\n|t:|1700332328\n|switch|p2a: Skeledirge|Skeledirge, M|100\/100\n|turn|30\n|\n|t:|1700332333\n|move|p2a: Skeledirge|Torch Song|p1a: Calyrex\n|-supereffective|p1a: Calyrex\n|-damage|p1a: Calyrex|0 fnt\n|-boost|p2a: Skeledirge|spa|1\n|faint|p1a: Calyrex\n|\n|upkeep\n|j| Xeo009\n|\n|t:|1700332336\n|switch|p1a: Ursaluna|Ursaluna-Bloodmoon, M|100\/100\n|-damage|p1a: Ursaluna|94\/100|[from] Stealth Rock\n|turn|31\n|\n|t:|1700332350\n|-terastallize|p2a: Skeledirge|Flying\n|move|p2a: Skeledirge|Torch Song|p1a: Ursaluna\n|-damage|p1a: Ursaluna|46\/100\n|-boost|p2a: Skeledirge|spa|1\n|move|p1a: Ursaluna|Earth Power|p2a: Skeledirge\n|-immune|p2a: Skeledirge\n|\n|upkeep\n|turn|32\n|\n|t:|1700332359\n|move|p2a: Skeledirge|Torch Song|p1a: Ursaluna\n|-damage|p1a: Ursaluna|0 fnt\n|-boost|p2a: Skeledirge|spa|1\n|faint|p1a: Ursaluna\n|\n|upkeep\n|\n|t:|1700332363\n|switch|p1a: Kyogre|Kyogre|43\/100\n|-damage|p1a: Kyogre|30\/100|[from] Stealth Rock\n|-weather|RainDance|[from] ability: Drizzle|[of] p1a: Kyogre\n|turn|33\n|\n|t:|1700332373\n|switch|p2a: Blissey|Blissey, F|100\/100\n|move|p1a: Kyogre|Origin Pulse|p2a: Blissey\n|-damage|p2a: Blissey|60\/100\n|\n|-weather|RainDance|[upkeep]\n|upkeep\n|turn|34\n|\n|t:|1700332379\n|move|p1a: Kyogre|Origin Pulse|p2a: Blissey\n|-damage|p2a: Blissey|17\/100\n|move|p2a: Blissey|Seismic Toss|p1a: Kyogre\n|-damage|p1a: Kyogre|6\/100\n|\n|-weather|RainDance|[upkeep]\n|upkeep\n|turn|35\n|\n|t:|1700332388\n|move|p1a: Kyogre|Origin Pulse|p2a: Blissey\n|-damage|p2a: Blissey|0 fnt\n|faint|p2a: Blissey\n|\n|-weather|RainDance|[upkeep]\n|upkeep\n|\n|t:|1700332393\n|switch|p2a: Grimmsnarl|Grimmsnarl, M|100\/100\n|turn|36\n|\n|t:|1700332398\n|move|p2a: Grimmsnarl|Sucker Punch|p1a: Kyogre\n|-damage|p1a: Kyogre|0 fnt\n|faint|p1a: Kyogre\n|\n|-weather|RainDance|[upkeep]\n|upkeep\n|\n|t:|1700332400\n|switch|p1a: Koraidon|Koraidon|100\/100\n|-damage|p1a: Koraidon|94\/100|[from] Stealth Rock\n|-weather|SunnyDay|[from] ability: Orichalcum Pulse|[of] p1a: Koraidon\n|-activate|p1a: Koraidon|Orichalcum Pulse|[source]\n|turn|37\n|\n|t:|1700332412\n|move|p1a: Koraidon|Flare Blitz|p2a: Grimmsnarl\n|-damage|p2a: Grimmsnarl|0 fnt\n|faint|p2a: Grimmsnarl\n|-damage|p1a: Koraidon|56\/100|[from] Recoil\n|\n|-weather|SunnyDay|[upkeep]\n|upkeep\n|\n|t:|1700332418\n|switch|p2a: Skeledirge|Skeledirge, M, tera:Flying|100\/100\n|turn|38\n|\n|t:|1700332422\n|move|p1a: Koraidon|Flare Blitz|p2a: Skeledirge\n|-damage|p2a: Skeledirge|49\/100\n|-status|p2a: Skeledirge|brn\n|-damage|p1a: Koraidon|36\/100|[from] Recoil\n|move|p2a: Skeledirge|Slack Off|p2a: Skeledirge\n|-heal|p2a: Skeledirge|99\/100 brn\n|\n|-weather|SunnyDay|[upkeep]\n|-damage|p2a: Skeledirge|93\/100 brn|[from] brn\n|upkeep\n|turn|39\n|\n|t:|1700332432\n|move|p1a: Koraidon|Flare Blitz|p2a: Skeledirge\n|-damage|p2a: Skeledirge|41\/100 brn\n|-damage|p1a: Koraidon|15\/100|[from] Recoil\n|move|p2a: Skeledirge|Slack Off|p2a: Skeledirge\n|-heal|p2a: Skeledirge|91\/100 brn\n|\n|-weather|SunnyDay|[upkeep]\n|-damage|p2a: Skeledirge|85\/100 brn|[from] brn\n|upkeep\n|turn|40\n|\n|t:|1700332441\n|move|p1a: Koraidon|Flare Blitz|p2a: Skeledirge\n|-damage|p2a: Skeledirge|34\/100 brn\n|-damage|p1a: Koraidon|0 fnt|[from] Recoil\n|faint|p1a: Koraidon\n|\n|win|hoenn militian\n|raw|Xin is op's rating: 1569 &rarr; <strong>1558<\/strong><br \/>(-11 for losing)\n|raw|hoenn militian's rating: 1732 &rarr; <strong>1743<\/strong><br \/>(+11 for winning)\n|l|\u2606Xin is op\n|l| Xeo009\n","uploadtime":1700332475,"views":2,"p1id":"xinisop","p2id":"hoennmilitian","formatid":"gen9anythinggoes","rating":1558,"private":0,"password":""}