{"id":"gen9anythinggoes-1983475621","p1":"PokemonLoverFairy","p2":"AngelGCXS","format":"[Gen 9] Anything Goes","log":"|j|\u2606PokemonLoverFairy\n|j|\u2606AngelGCXS\n|t:|1699134135\n|gametype|singles\n|player|p1|PokemonLoverFairy|cheren-gen5bw2|1217\n|player|p2|AngelGCXS|hilbert|1192\n|teamsize|p1|6\n|teamsize|p2|6\n|gen|9\n|tier|[Gen 9] Anything Goes\n|rated|\n|rule|HP Percentage Mod: HP is shown in percentages\n|rule|Endless Battle Clause: Forcing endless battles is banned\n|clearpoke\n|poke|p1|Roaring Moon|\n|poke|p1|Koraidon|\n|poke|p1|Zacian-*|\n|poke|p1|Calyrex-Shadow|\n|poke|p1|Rayquaza|\n|poke|p1|Hoopa-Unbound|\n|poke|p2|Maushold|\n|poke|p2|Dudunsparce-*, M|\n|poke|p2|Glimmora, F|\n|poke|p2|Lilligant-Hisui, F|\n|poke|p2|Infernape, F|\n|poke|p2|Flutter Mane|\n|teampreview\n|\n|t:|1699134138\n|start\n|switch|p1a: Roaring Moon|Roaring Moon|100\/100\n|switch|p2a: Glimmora|Glimmora, F|100\/100\n|-enditem|p1a: Roaring Moon|Booster Energy\n|-activate|p1a: Roaring Moon|ability: Protosynthesis|[fromitem]\n|-start|p1a: Roaring Moon|protosynthesisatk\n|turn|1\n|\n|t:|1699134147\n|move|p1a: Roaring Moon|Earthquake|p2a: Glimmora\n|-supereffective|p2a: Glimmora\n|-enditem|p2a: Glimmora|Focus Sash\n|-damage|p2a: Glimmora|1\/100\n|-activate|p2a: Glimmora|ability: Toxic Debris\n|-sidestart|p1: PokemonLoverFairy|move: Toxic Spikes\n|move|p2a: Glimmora|Stealth Rock|p1a: Roaring Moon\n|-sidestart|p1: PokemonLoverFairy|move: Stealth Rock\n|\n|upkeep\n|turn|2\n|\n|t:|1699134158\n|move|p2a: Glimmora|Endure|p2a: Glimmora\n|-singleturn|p2a: Glimmora|move: Endure\n|move|p1a: Roaring Moon|Earthquake|p2a: Glimmora\n|-supereffective|p2a: Glimmora\n|-activate|p2a: Glimmora|move: Endure\n|-damage|p2a: Glimmora|1\/100\n|-activate|p2a: Glimmora|ability: Toxic Debris\n|-sidestart|p1: PokemonLoverFairy|move: Toxic Spikes\n|\n|upkeep\n|turn|3\n|inactive|Battle timer is ON: inactive players will automatically lose when time's up. (requested by PokemonLoverFairy)\n|\n|t:|1699134171\n|move|p1a: Roaring Moon|Dark Pulse|p2a: Glimmora\n|-damage|p2a: Glimmora|0 fnt\n|faint|p2a: Glimmora\n|\n|upkeep\n|\n|t:|1699134176\n|switch|p2a: Flutter Mane|Flutter Mane|100\/100\n|-enditem|p2a: Flutter Mane|Booster Energy\n|-activate|p2a: Flutter Mane|ability: Protosynthesis|[fromitem]\n|-start|p2a: Flutter Mane|protosynthesisspe\n|turn|4\n|\n|t:|1699134182\n|move|p2a: Flutter Mane|Moonblast|p1a: Roaring Moon\n|-supereffective|p1a: Roaring Moon\n|-damage|p1a: Roaring Moon|0 fnt\n|faint|p1a: Roaring Moon\n|-end|p1a: Roaring Moon|Protosynthesis|[silent]\n|\n|upkeep\n|\n|t:|1699134198\n|switch|p1a: Calyrex|Calyrex-Shadow|100\/100\n|-ability|p1a: Calyrex|As One\n|-ability|p1a: Calyrex|Unnerve\n|turn|5\n|\n|t:|1699134209\n|move|p2a: Flutter Mane|Hex|p1a: Calyrex\n|-supereffective|p1a: Calyrex\n|-damage|p1a: Calyrex|0 fnt\n|faint|p1a: Calyrex\n|\n|upkeep\n|\n|t:|1699134226\n|switch|p1a: Zacian|Zacian-Crowned|100\/100\n|-damage|p1a: Zacian|94\/100|[from] Stealth Rock\n|-ability|p1a: Zacian|Intrepid Sword|boost\n|-boost|p1a: Zacian|atk|1\n|turn|6\n|\n|t:|1699134249\n|move|p2a: Flutter Mane|Psyshock|p1a: Zacian\n|-resisted|p1a: Zacian\n|-damage|p1a: Zacian|83\/100\n|move|p1a: Zacian|Behemoth Blade|p2a: Flutter Mane\n|-supereffective|p2a: Flutter Mane\n|-damage|p2a: Flutter Mane|0 fnt\n|faint|p2a: Flutter Mane\n|-end|p2a: Flutter Mane|Protosynthesis|[silent]\n|\n|upkeep\n|\n|t:|1699134257\n|switch|p2a: Infernape|Infernape, F|100\/100\n|turn|7\n|\n|t:|1699134275\n|move|p1a: Zacian|Crunch|p2a: Infernape\n|-resisted|p2a: Infernape\n|-damage|p2a: Infernape|62\/100\n|move|p2a: Infernape|Flame Charge|p1a: Zacian\n|-supereffective|p1a: Zacian\n|-damage|p1a: Zacian|51\/100\n|-boost|p2a: Infernape|spe|1\n|\n|upkeep\n|turn|8\n|\n|t:|1699134287\n|switch|p1a: Rayquaza|Rayquaza|100\/100\n|-damage|p1a: Rayquaza|76\/100|[from] Stealth Rock\n|-ability|p1a: Rayquaza|Air Lock\n|move|p2a: Infernape|Flamethrower|p1a: Rayquaza\n|-resisted|p1a: Rayquaza\n|-damage|p1a: Rayquaza|57\/100\n|\n|upkeep\n|turn|9\n|\n|t:|1699134306\n|-terastallize|p2a: Infernape|Fire\n|move|p2a: Infernape|Flamethrower|p1a: Rayquaza\n|-resisted|p1a: Rayquaza\n|-damage|p1a: Rayquaza|31\/100\n|move|p1a: Rayquaza|Dragon Ascent|p2a: Infernape\n|-damage|p2a: Infernape|0 fnt\n|-unboost|p1a: Rayquaza|def|1\n|-unboost|p1a: Rayquaza|spd|1\n|faint|p2a: Infernape\n|\n|upkeep\n|\n|t:|1699134317\n|switch|p2a: Lilligant|Lilligant-Hisui, F|100\/100\n|turn|10\n|\n|t:|1699134322\n|move|p2a: Lilligant|Victory Dance|p2a: Lilligant\n|-boost|p2a: Lilligant|atk|1\n|-boost|p2a: Lilligant|def|1\n|-boost|p2a: Lilligant|spe|1\n|move|p1a: Rayquaza|Dragon Ascent|p2a: Lilligant\n|-supereffective|p2a: Lilligant\n|-enditem|p2a: Lilligant|Coba Berry|[eat]\n|-enditem|p2a: Lilligant|Coba Berry|[weaken]\n|-damage|p2a: Lilligant|0 fnt\n|-unboost|p1a: Rayquaza|def|1\n|-unboost|p1a: Rayquaza|spd|1\n|faint|p2a: Lilligant\n|\n|upkeep\n|\n|t:|1699134330\n|switch|p2a: Dudunsparce|Dudunsparce, M|100\/100\n|turn|11\n|\n|t:|1699134337\n|move|p1a: Rayquaza|Earthquake|p2a: Dudunsparce\n|-damage|p2a: Dudunsparce|69\/100\n|move|p2a: Dudunsparce|Coil|p2a: Dudunsparce\n|-boost|p2a: Dudunsparce|atk|1\n|-boost|p2a: Dudunsparce|def|1\n|-boost|p2a: Dudunsparce|accuracy|1\n|\n|upkeep\n|turn|12\n|\n|t:|1699134346\n|move|p1a: Rayquaza|Dragon Ascent|p2a: Dudunsparce\n|-damage|p2a: Dudunsparce|33\/100\n|-unboost|p1a: Rayquaza|def|1\n|-unboost|p1a: Rayquaza|spd|1\n|move|p2a: Dudunsparce|Agility|p2a: Dudunsparce\n|-boost|p2a: Dudunsparce|spe|2\n|\n|upkeep\n|turn|13\n|\n|t:|1699134357\n|move|p2a: Dudunsparce|Coil|p2a: Dudunsparce\n|-boost|p2a: Dudunsparce|atk|1\n|-boost|p2a: Dudunsparce|def|1\n|-boost|p2a: Dudunsparce|accuracy|1\n|move|p1a: Rayquaza|Dragon Ascent|p2a: Dudunsparce\n|-damage|p2a: Dudunsparce|6\/100\n|-unboost|p1a: Rayquaza|def|1\n|-unboost|p1a: Rayquaza|spd|1\n|\n|upkeep\n|turn|14\n|\n|t:|1699134367\n|move|p2a: Dudunsparce|Baton Pass|p2a: Dudunsparce\n|\n|t:|1699134369\n|switch|p2a: Maushold|Maushold|100\/100|[from] Baton Pass\n|move|p1a: Rayquaza|Earthquake|p2a: Maushold\n|-damage|p2a: Maushold|71\/100\n|\n|upkeep\n|turn|15\n|\n|t:|1699134377\n|move|p2a: Maushold|Population Bomb|p1a: Rayquaza\n|-damage|p1a: Rayquaza|0 fnt\n|faint|p1a: Rayquaza\n|-hitcount|p1: Rayquaza|1\n|\n|upkeep\n|\n|t:|1699134388\n|switch|p1a: Hoopa|Hoopa-Unbound|100\/100\n|-status|p1a: Hoopa|tox\n|-damage|p1a: Hoopa|88\/100 tox|[from] Stealth Rock\n|turn|16\n|\n|t:|1699134415\n|move|p2a: Maushold|Crunch|p1a: Hoopa\n|-damage|p1a: Hoopa|24\/100 tox\n|move|p1a: Hoopa|Hyperspace Fury|p2a: Maushold\n|-damage|p2a: Maushold|30\/100\n|-unboost|p1a: Hoopa|def|1\n|\n|-heal|p1a: Hoopa|30\/100 tox|[from] item: Leftovers\n|-damage|p1a: Hoopa|24\/100 tox|[from] psn\n|upkeep\n|turn|17\n|\n|t:|1699134425\n|move|p2a: Maushold|Crunch|p1a: Hoopa\n|-damage|p1a: Hoopa|0 fnt\n|faint|p1a: Hoopa\n|\n|upkeep\n|\n|t:|1699134435\n|switch|p1a: Koraidon|Koraidon|100\/100\n|-status|p1a: Koraidon|tox\n|-damage|p1a: Koraidon|94\/100 tox|[from] Stealth Rock\n|-weather|SunnyDay|[from] ability: Orichalcum Pulse|[of] p1a: Koraidon\n|-activate|p1a: Koraidon|Orichalcum Pulse|[source]\n|turn|18\n|\n|t:|1699134442\n|move|p2a: Maushold|Population Bomb|p1a: Koraidon\n|-damage|p1a: Koraidon|73\/100 tox\n|-damage|p1a: Koraidon|51\/100 tox\n|-damage|p1a: Koraidon|31\/100 tox\n|-damage|p1a: Koraidon|10\/100 tox\n|-damage|p1a: Koraidon|0 fnt\n|faint|p1a: Koraidon\n|-hitcount|p1: Koraidon|5\n|\n|-weather|SunnyDay|[upkeep]\n|upkeep\n|\n|t:|1699134453\n|switch|p1a: Zacian|Zacian-Crowned|51\/100\n|-damage|p1a: Zacian|45\/100|[from] Stealth Rock\n|turn|19\n|\n|t:|1699134458\n|move|p2a: Maushold|Population Bomb|p1a: Zacian\n|-resisted|p1a: Zacian\n|-damage|p1a: Zacian|34\/100\n|-resisted|p1a: Zacian\n|-damage|p1a: Zacian|23\/100\n|-resisted|p1a: Zacian\n|-damage|p1a: Zacian|13\/100\n|-resisted|p1a: Zacian\n|-damage|p1a: Zacian|2\/100\n|-resisted|p1a: Zacian\n|-damage|p1a: Zacian|0 fnt\n|faint|p1a: Zacian\n|-hitcount|p1: Zacian|5\n|\n|win|AngelGCXS\n|raw|PokemonLoverFairy's rating: 1217 &rarr; <strong>1190<\/strong><br \/>(-27 for losing)\n|raw|AngelGCXS's rating: 1192 &rarr; <strong>1219<\/strong><br \/>(+27 for winning)\n|c|\u2606AngelGCXS|Maus\n","uploadtime":1699134469,"views":9,"p1id":"pokemonloverfairy","p2id":"angelgcxs","formatid":"gen9anythinggoes","rating":1190,"private":0,"password":""}