{"id":"gen9anythinggoes-1996564177","p1":"Dregon9","p2":"33t5ijto","format":"[Gen 9] Anything Goes","log":"|j|\u2606Dregon9\n|j|\u260633t5ijto\n|t:|1700694803\n|gametype|singles\n|player|p1|Dregon9|pokemaniac|1063\n|player|p2|33t5ijto|pokekid|1002\n|teamsize|p1|6\n|teamsize|p2|6\n|gen|9\n|tier|[Gen 9] Anything Goes\n|rated|\n|rule|HP Percentage Mod: HP is shown in percentages\n|rule|Endless Battle Clause: Forcing endless battles is banned\n|clearpoke\n|poke|p1|Tatsugiri, F|\n|poke|p1|Garchomp, F|\n|poke|p1|Iron Valiant|\n|poke|p1|Revavroom, F|\n|poke|p1|Iron Bundle|\n|poke|p1|Chandelure, F|\n|poke|p2|Kingambit, M|\n|poke|p2|Slaking, M|\n|poke|p2|Iron Hands|\n|poke|p2|Appletun, F|\n|poke|p2|Greninja-*, M|\n|poke|p2|Pikachu-Alola, M|\n|teampreview\n|\n|t:|1700694812\n|start\n|switch|p1a: Chandelure|Chandelure, F|100\/100\n|switch|p2a: sleepy|Slaking, M|100\/100\n|turn|1\n|\n|t:|1700694821\n|-terastallize|p2a: sleepy|Rock\n|move|p2a: sleepy|Bulk Up|p2a: sleepy\n|-boost|p2a: sleepy|atk|1\n|-boost|p2a: sleepy|def|1\n|move|p1a: Chandelure|Flare Blitz|p2a: sleepy\n|-resisted|p2a: sleepy\n|-damage|p2a: sleepy|92\/100\n|-damage|p1a: Chandelure|96\/100|[from] Recoil\n|\n|upkeep\n|turn|2\n|\n|t:|1700694837\n|cant|p2a: sleepy|ability: Truant\n|move|p1a: Chandelure|Night Shade|p2a: sleepy\n|-damage|p2a: sleepy|70\/100\n|\n|upkeep\n|turn|3\n|\n|t:|1700694843\n|move|p2a: sleepy|Knock Off|p1a: Chandelure\n|-supereffective|p1a: Chandelure\n|-damage|p1a: Chandelure|0 fnt\n|-enditem|p1a: Chandelure|Flame Plate|[from] move: Knock Off|[of] p2a: sleepy\n|faint|p1a: Chandelure\n|\n|upkeep\n|\n|t:|1700694859\n|switch|p1a: Revavroom|Revavroom, F|100\/100\n|-item|p1a: Revavroom|Air Balloon\n|turn|4\n|\n|t:|1700694864\n|cant|p2a: sleepy|ability: Truant\n|move|p1a: Revavroom|Iron Head|p2a: sleepy\n|-supereffective|p2a: sleepy\n|-damage|p2a: sleepy|36\/100\n|\n|upkeep\n|turn|5\n|\n|t:|1700694870\n|move|p2a: sleepy|Knock Off|p1a: Revavroom\n|-damage|p1a: Revavroom|22\/100\n|-enditem|p1a: Revavroom|Air Balloon\n|move|p1a: Revavroom|Iron Head|p2a: sleepy\n|-supereffective|p2a: sleepy\n|-damage|p2a: sleepy|4\/100\n|\n|upkeep\n|turn|6\n|inactive|Battle timer is ON: inactive players will automatically lose when time's up. (requested by 33t5ijto)\n|\n|t:|1700694879\n|cant|p2a: sleepy|ability: Truant\n|move|p1a: Revavroom|Iron Head|p2a: sleepy\n|-supereffective|p2a: sleepy\n|-damage|p2a: sleepy|0 fnt\n|faint|p2a: sleepy\n|\n|upkeep\n|\n|t:|1700694887\n|switch|p2a: Iron Hands|Iron Hands|100\/100\n|turn|7\n|\n|t:|1700694899\n|move|p1a: Revavroom|Zen Headbutt|p2a: Iron Hands\n|-supereffective|p2a: Iron Hands\n|-damage|p2a: Iron Hands|69\/100\n|cant|p2a: Iron Hands|flinch\n|\n|upkeep\n|turn|8\n|\n|t:|1700694909\n|move|p1a: Revavroom|Zen Headbutt|p2a: Iron Hands\n|-supereffective|p2a: Iron Hands\n|-damage|p2a: Iron Hands|41\/100\n|move|p2a: Iron Hands|Drain Punch|p1a: Revavroom\n|-damage|p1a: Revavroom|0 fnt\n|-heal|p2a: Iron Hands|48\/100|[from] drain|[of] p1a: Revavroom\n|faint|p1a: Revavroom\n|\n|upkeep\n|\n|t:|1700694925\n|switch|p1a: Garchomp|Garchomp, F|100\/100\n|turn|9\n|\n|t:|1700694932\n|move|p1a: Garchomp|Draco Meteor|p2a: Iron Hands\n|-damage|p2a: Iron Hands|0 fnt\n|-unboost|p1a: Garchomp|spa|2\n|faint|p2a: Iron Hands\n|-end|p2a: Iron Hands|Quark Drive|[silent]\n|\n|upkeep\n|\n|t:|1700694940\n|switch|p2a: Appletun|Appletun, F|100\/100\n|turn|10\n|\n|t:|1700694945\n|move|p1a: Garchomp|Draco Meteor|p2a: Appletun\n|-supereffective|p2a: Appletun\n|-damage|p2a: Appletun|36\/100\n|-unboost|p1a: Garchomp|spa|2\n|move|p2a: Appletun|Draco Meteor|p1a: Garchomp\n|-supereffective|p1a: Garchomp\n|-damage|p1a: Garchomp|0 fnt\n|-unboost|p2a: Appletun|spa|2\n|faint|p1a: Garchomp\n|-heal|p2a: Appletun|48\/100|[from] item: Shell Bell|[of] p1: Garchomp\n|\n|upkeep\n|\n|t:|1700694958\n|switch|p1a: Tatsugiri|Tatsugiri, F|100\/100\n|turn|11\n|\n|t:|1700694961\n|move|p1a: Tatsugiri|Draco Meteor|p2a: Appletun\n|-supereffective|p2a: Appletun\n|-crit|p2a: Appletun\n|-damage|p2a: Appletun|0 fnt\n|-unboost|p1a: Tatsugiri|spa|2\n|faint|p2a: Appletun\n|\n|upkeep\n|\n|t:|1700694973\n|switch|p2a: Pikachu|Pikachu-Alola, M|100\/100\n|turn|12\n|\n|t:|1700694981\n|move|p2a: Pikachu|Thunderbolt|p1a: Tatsugiri\n|-damage|p1a: Tatsugiri|44\/100\n|move|p1a: Tatsugiri|Draco Meteor|p2a: Pikachu|[miss]\n|-miss|p1a: Tatsugiri|p2a: Pikachu\n|\n|upkeep\n|turn|13\n|\n|t:|1700694988\n|move|p2a: Pikachu|Quick Attack|p1a: Tatsugiri\n|-damage|p1a: Tatsugiri|28\/100\n|move|p1a: Tatsugiri|Draco Meteor|p2a: Pikachu\n|-damage|p2a: Pikachu|0 fnt\n|-unboost|p1a: Tatsugiri|spa|2\n|faint|p2a: Pikachu\n|\n|upkeep\n|\n|t:|1700694998\n|switch|p2a: Greninja|Greninja, M|100\/100\n|turn|14\n|\n|t:|1700695004\n|move|p2a: Greninja|Chilling Water|p1a: Tatsugiri\n|-ability|p1a: Tatsugiri|Storm Drain|boost\n|-boost|p1a: Tatsugiri|spa|1\n|move|p1a: Tatsugiri|Draco Meteor|p2a: Greninja\n|-damage|p2a: Greninja|50\/100\n|-unboost|p1a: Tatsugiri|spa|2\n|\n|upkeep\n|turn|15\n|\n|t:|1700695013\n|move|p1a: Tatsugiri|Draco Meteor|p2a: Greninja\n|-damage|p2a: Greninja|16\/100\n|-unboost|p1a: Tatsugiri|spa|1\n|move|p2a: Greninja|Counter||[still]\n|-fail|p2a: Greninja\n|\n|upkeep\n|turn|16\n|\n|t:|1700695020\n|move|p2a: Greninja|Hydro Pump|p1a: Tatsugiri\n|-ability|p1a: Tatsugiri|Storm Drain|boost\n|-boost|p1a: Tatsugiri|spa|1\n|move|p1a: Tatsugiri|Draco Meteor|p2a: Greninja\n|-damage|p2a: Greninja|0 fnt\n|-unboost|p1a: Tatsugiri|spa|1\n|faint|p2a: Greninja\n|\n|upkeep\n|\n|t:|1700695029\n|switch|p2a: Kingambit|Kingambit, M, shiny|100\/100\n|-activate|p2a: Kingambit|ability: Supreme Overlord\n|-start|p2a: Kingambit|fallen5|[silent]\n|turn|17\n|\n|t:|1700695034\n|move|p1a: Tatsugiri|Draco Meteor|p2a: Kingambit\n|-resisted|p2a: Kingambit\n|-damage|p2a: Kingambit|92\/100\n|move|p2a: Kingambit|Shadow Claw|p1a: Tatsugiri\n|-crit|p1a: Tatsugiri\n|-damage|p1a: Tatsugiri|0 fnt\n|faint|p1a: Tatsugiri\n|\n|upkeep\n|\n|t:|1700695047\n|switch|p1a: Iron Valiant|Iron Valiant|100\/100\n|turn|18\n|\n|t:|1700695051\n|move|p1a: Iron Valiant|Close Combat|p2a: Kingambit\n|-supereffective|p2a: Kingambit\n|-crit|p2a: Kingambit\n|-damage|p2a: Kingambit|0 fnt\n|-unboost|p1a: Iron Valiant|def|1\n|-unboost|p1a: Iron Valiant|spd|1\n|faint|p2a: Kingambit\n|-end|p2a: Kingambit|fallen5|[silent]\n|\n|win|Dregon9\n|raw|Dregon9's rating: 1063 &rarr; <strong>1088<\/strong><br \/>(+25 for winning)\n|raw|33t5ijto's rating: 1002 &rarr; <strong>1000<\/strong><br \/>(-2 for losing)\n|l|\u260633t5ijto\n","uploadtime":1700695070,"views":1,"p1id":"dregon9","p2id":"33t5ijto","formatid":"gen9anythinggoes","rating":1000,"private":0,"password":""}