{"id":"gen9anythinggoes-1987839745","p1":"Bakitaladelbarrio","p2":"Lil_bryce","format":"[Gen 9] Anything Goes","log":"|j|\u2606Bakitaladelbarrio\n|j|\u2606Lil_bryce\n|t:|1699641628\n|gametype|singles\n|player|p1|Bakitaladelbarrio|colress|1575\n|player|p2|Lil_bryce|102|1528\n|teamsize|p1|6\n|teamsize|p2|6\n|gen|9\n|tier|[Gen 9] Anything Goes\n|rated|\n|rule|HP Percentage Mod: HP is shown in percentages\n|rule|Endless Battle Clause: Forcing endless battles is banned\n|clearpoke\n|poke|p1|Calyrex-Shadow|\n|poke|p1|Darkrai|\n|poke|p1|Ditto|\n|poke|p1|Zacian-*|\n|poke|p1|Miraidon|\n|poke|p1|Glimmora, M|\n|poke|p2|Calyrex-Shadow|\n|poke|p2|Arceus|\n|poke|p2|Chien-Pao|\n|poke|p2|Zacian-*|\n|poke|p2|Miraidon|\n|poke|p2|Eternatus|\n|teampreview\n|inactive|Battle timer is ON: inactive players will automatically lose when time's up. (requested by Bakitaladelbarrio)\n|\n|t:|1699641648\n|start\n|switch|p1a: Miraidon|Miraidon|100\/100\n|switch|p2a: Demolition|Calyrex-Shadow|100\/100\n|-ability|p2a: Demolition|As One\n|-ability|p2a: Demolition|Unnerve\n|-fieldstart|move: Electric Terrain|[from] ability: Hadron Engine|[of] p1a: Miraidon\n|turn|1\n|\n|t:|1699641665\n|-terastallize|p1a: Miraidon|Electric\n|move|p1a: Miraidon|Volt Switch|p2a: Demolition\n|-damage|p2a: Demolition|20\/100\n|\n|t:|1699641673\n|switch|p1a: Darkrai|Darkrai|100\/100|[from] Volt Switch\n|move|p2a: Demolition|Astral Barrage|p1a: Darkrai\n|-resisted|p1a: Darkrai\n|-damage|p1a: Darkrai|49\/100\n|\n|upkeep\n|turn|2\n|\n|t:|1699641682\n|move|p2a: Demolition|Pollen Puff|p1a: Darkrai\n|-supereffective|p1a: Darkrai\n|-damage|p1a: Darkrai|0 fnt\n|faint|p1a: Darkrai\n|-ability|p2a: Demolition|Grim Neigh|boost\n|-boost|p2a: Demolition|spa|1\n|\n|upkeep\n|\n|t:|1699641691\n|switch|p1a: Miraidon|Miraidon, tera:Electric|100\/100\n|-activate|p1a: Miraidon|ability: Hadron Engine\n|turn|3\n|\n|t:|1699641695\n|move|p1a: Miraidon|Volt Switch|p2a: Demolition\n|-damage|p2a: Demolition|0 fnt\n|faint|p2a: Demolition\n|\n|t:|1699641701\n|switch|p1a: Glimmora|Glimmora, M|100\/100|[from] Volt Switch\n|\n|upkeep\n|\n|t:|1699641707\n|switch|p2a: On God|Arceus|100\/100\n|turn|4\n|\n|t:|1699641712\n|move|p1a: Glimmora|Stealth Rock|p2a: On God\n|-sidestart|p2: Lil_bryce|move: Stealth Rock\n|move|p2a: On God|Earthquake|p1a: Glimmora\n|-supereffective|p1a: Glimmora\n|-enditem|p1a: Glimmora|Focus Sash\n|-damage|p1a: Glimmora|1\/100\n|-activate|p1a: Glimmora|ability: Toxic Debris\n|-sidestart|p2: Lil_bryce|move: Toxic Spikes\n|\n|upkeep\n|turn|5\n|\n|t:|1699641721\n|move|p2a: On God|Extreme Speed|p1a: Glimmora\n|-resisted|p1a: Glimmora\n|-damage|p1a: Glimmora|0 fnt\n|-activate|p1a: Glimmora|ability: Toxic Debris\n|-sidestart|p2: Lil_bryce|move: Toxic Spikes\n|faint|p1a: Glimmora\n|\n|-fieldend|move: Electric Terrain\n|upkeep\n|\n|t:|1699641731\n|switch|p1a: Zacian|Zacian-Crowned|100\/100\n|-ability|p1a: Zacian|Intrepid Sword|boost\n|-boost|p1a: Zacian|atk|1\n|turn|6\n|\n|t:|1699641736\n|move|p1a: Zacian|Swords Dance|p1a: Zacian\n|-boost|p1a: Zacian|atk|2\n|move|p2a: On God|Earthquake|p1a: Zacian\n|-supereffective|p1a: Zacian\n|-damage|p1a: Zacian|33\/100\n|\n|upkeep\n|turn|7\n|\n|t:|1699641745\n|move|p2a: On God|Extreme Speed|p1a: Zacian\n|-resisted|p1a: Zacian\n|-damage|p1a: Zacian|9\/100\n|move|p1a: Zacian|Close Combat|p2a: On God\n|-supereffective|p2a: On God\n|-damage|p2a: On God|0 fnt\n|-unboost|p1a: Zacian|def|1\n|-unboost|p1a: Zacian|spd|1\n|faint|p2a: On God\n|\n|upkeep\n|\n|t:|1699641760\n|switch|p2a: Overdrive|Miraidon|100\/100\n|-damage|p2a: Overdrive|88\/100|[from] Stealth Rock\n|-status|p2a: Overdrive|tox\n|-fieldstart|move: Electric Terrain|[from] ability: Hadron Engine|[of] p2a: Overdrive\n|turn|8\n|\n|t:|1699641769\n|move|p2a: Overdrive|Dazzling Gleam|p1a: Zacian\n|-resisted|p1a: Zacian\n|-damage|p1a: Zacian|0 fnt\n|faint|p1a: Zacian\n|\n|-damage|p2a: Overdrive|82\/100 tox|[from] psn\n|upkeep\n|\n|t:|1699641777\n|switch|p1a: Miraidon|Miraidon, tera:Electric|100\/100\n|-activate|p1a: Miraidon|ability: Hadron Engine\n|turn|9\n|c|\u2606Lil_bryce|its morbin' time its should be a crime for this futuristic dragon to hit so fine\n|\n|t:|1699641794\n|move|p1a: Miraidon|Volt Switch|p2a: Overdrive\n|-resisted|p2a: Overdrive\n|-damage|p2a: Overdrive|63\/100 tox\n|\n|t:|1699641797\n|switch|p1a: Ditto|Ditto|100\/100|[from] Volt Switch\n|-transform|p1a: Ditto|p2a: Overdrive|[from] ability: Imposter\n|-activate|p1a: Ditto|ability: Hadron Engine\n|move|p2a: Overdrive|Dazzling Gleam|p1a: Ditto\n|-supereffective|p1a: Ditto\n|-damage|p1a: Ditto|22\/100\n|\n|-damage|p2a: Overdrive|51\/100 tox|[from] psn\n|upkeep\n|turn|10\n|\n|t:|1699641813\n|move|p1a: Ditto|Dragon Pulse|p2a: Overdrive\n|-supereffective|p2a: Overdrive\n|-damage|p2a: Overdrive|0 fnt\n|faint|p2a: Overdrive\n|\n|upkeep\n|\n|t:|1699641820\n|switch|p2a: pokey mon|Eternatus|100\/100\n|-damage|p2a: pokey mon|88\/100|[from] Stealth Rock\n|-sideend|p2: Lil_bryce|move: Toxic Spikes|[of] p2a: pokey mon\n|-ability|p2a: pokey mon|Pressure\n|turn|11\n|\n|t:|1699641828\n|-terastallize|p2a: pokey mon|Fire\n|move|p1a: Ditto|Dragon Pulse|p2a: pokey mon\n|-damage|p2a: pokey mon|46\/100\n|move|p2a: pokey mon|Tera Blast|p1a: Ditto|[anim] Tera Blast Fire\n|-resisted|p1a: Ditto\n|-damage|p1a: Ditto|0 fnt\n|faint|p1a: Ditto\n|\n|-damage|p2a: pokey mon|33\/100|[from] item: Black Sludge\n|upkeep\n|\n|t:|1699641841\n|switch|p1a: Miraidon|Miraidon, tera:Electric|100\/100\n|-activate|p1a: Miraidon|ability: Hadron Engine\n|turn|12\n|c|\u2606Lil_bryce|oh wait\n|c|\u2606Lil_bryce|oops\n|\n|t:|1699641846\n|move|p1a: Miraidon|Volt Switch|p2a: pokey mon\n|-damage|p2a: pokey mon|0 fnt\n|faint|p2a: pokey mon\n|\n|t:|1699641852\n|switch|p1a: Calyrex|Calyrex-Shadow|100\/100|[from] Volt Switch\n|-ability|p1a: Calyrex|As One\n|-ability|p1a: Calyrex|Unnerve\n|\n|-fieldend|move: Electric Terrain\n|upkeep\n|\n|t:|1699641858\n|switch|p2a: Erebus|Chien-Pao|100\/100\n|-damage|p2a: Erebus|76\/100|[from] Stealth Rock\n|-ability|p2a: Erebus|Sword of Ruin\n|turn|13\n|\n|t:|1699641866\n|switch|p1a: Miraidon|Miraidon, tera:Electric|100\/100\n|-fieldstart|move: Electric Terrain|[from] ability: Hadron Engine|[of] p1a: Miraidon\n|move|p2a: Erebus|Crunch|p1a: Miraidon\n|-damage|p1a: Miraidon|29\/100\n|\n|upkeep\n|turn|14\n|\n|t:|1699641874\n|move|p1a: Miraidon|Dazzling Gleam|p2a: Erebus\n|-supereffective|p2a: Erebus\n|-damage|p2a: Erebus|0 fnt\n|faint|p2a: Erebus\n|\n|upkeep\n|\n|t:|1699641879\n|switch|p2a: She-cheems|Zacian-Crowned|100\/100\n|-damage|p2a: She-cheems|94\/100|[from] Stealth Rock\n|-ability|p2a: She-cheems|Intrepid Sword|boost\n|-boost|p2a: She-cheems|atk|1\n|turn|15\n|\n|t:|1699641885\n|switch|p1a: Calyrex|Calyrex-Shadow|100\/100\n|-ability|p1a: Calyrex|As One\n|-ability|p1a: Calyrex|Unnerve\n|move|p2a: She-cheems|Play Rough|p1a: Calyrex\n|-damage|p1a: Calyrex|10\/100\n|\n|upkeep\n|turn|16\n|\n|t:|1699641895\n|move|p1a: Calyrex|Astral Barrage|p2a: She-cheems\n|-damage|p2a: She-cheems|29\/100\n|move|p2a: She-cheems|Play Rough|p1a: Calyrex\n|-damage|p1a: Calyrex|0 fnt\n|faint|p1a: Calyrex\n|\n|upkeep\n|c|\u2606Lil_bryce|bro you threw\n|\n|t:|1699641904\n|switch|p1a: Miraidon|Miraidon, tera:Electric|29\/100\n|-activate|p1a: Miraidon|ability: Hadron Engine\n|turn|17\n|\n|t:|1699641909\n|move|p1a: Miraidon|Volt Switch|p2a: She-cheems\n|-damage|p2a: She-cheems|0 fnt\n|faint|p2a: She-cheems\n|\n|win|Bakitaladelbarrio\n|raw|Bakitaladelbarrio's rating: 1575 &rarr; <strong>1592<\/strong><br \/>(+17 for winning)\n|raw|Lil_bryce's rating: 1528 &rarr; <strong>1511<\/strong><br \/>(-17 for losing)\n|c|\u2606Lil_bryce|oh wait\n","uploadtime":1699641918,"views":4,"p1id":"bakitaladelbarrio","p2id":"lilbryce","formatid":"gen9anythinggoes","rating":1511,"private":0,"password":""}