{"id":"gen9anythinggoes-1997190178","p1":"jcjclol","p2":"Arthor148","format":"[Gen 9] Anything Goes","log":"|j|\u2606jcjclol\n|j|\u2606Arthor148\n|t:|1700773788\n|gametype|singles\n|player|p1|jcjclol|1|1050\n|player|p2|Arthor148|2|1045\n|teamsize|p1|6\n|teamsize|p2|6\n|gen|9\n|tier|[Gen 9] Anything Goes\n|rated|\n|rule|HP Percentage Mod: HP is shown in percentages\n|rule|Endless Battle Clause: Forcing endless battles is banned\n|clearpoke\n|poke|p1|Magearna|\n|poke|p1|Magearna|\n|poke|p1|Magearna|\n|poke|p1|Magearna|\n|poke|p1|Magearna|\n|poke|p1|Magearna|\n|poke|p2|Dragapult, F|\n|poke|p2|Dragonite, M|\n|poke|p2|Lucario, F|\n|poke|p2|Slaking, M|\n|poke|p2|Cinderace, F|\n|poke|p2|Toxapex, F|\n|teampreview\n|inactive|Battle timer is ON: inactive players will automatically lose when time's up. (requested by jcjclol)\n|\n|t:|1700773798\n|start\n|switch|p1a: Magearna|Magearna|100\/100\n|switch|p2a: Dragapult|Dragapult, F|100\/100\n|turn|1\n|\n|t:|1700773809\n|-terastallize|p1a: Magearna|Fairy\n|move|p2a: Dragapult|Hex|p1a: Magearna\n|-damage|p1a: Magearna|82\/100\n|move|p1a: Magearna|Calm Mind|p1a: Magearna\n|-boost|p1a: Magearna|spa|1\n|-boost|p1a: Magearna|spd|1\n|\n|upkeep\n|turn|2\n|\n|t:|1700773820\n|move|p2a: Dragapult|Dragon Dance|p2a: Dragapult\n|-boost|p2a: Dragapult|atk|1\n|-boost|p2a: Dragapult|spe|1\n|move|p1a: Magearna|Calm Mind|p1a: Magearna\n|-boost|p1a: Magearna|spa|1\n|-boost|p1a: Magearna|spd|1\n|\n|upkeep\n|turn|3\n|\n|t:|1700773829\n|move|p2a: Dragapult|Dragon Dance|p2a: Dragapult\n|-boost|p2a: Dragapult|atk|1\n|-boost|p2a: Dragapult|spe|1\n|move|p1a: Magearna|Ice Beam|p2a: Dragapult\n|-supereffective|p2a: Dragapult\n|-enditem|p2a: Dragapult|Focus Sash\n|-damage|p2a: Dragapult|1\/100\n|\n|upkeep\n|turn|4\n|\n|t:|1700773841\n|move|p2a: Dragapult|Draco Meteor|p1a: Magearna\n|-immune|p1a: Magearna\n|move|p1a: Magearna|Calm Mind|p1a: Magearna\n|-boost|p1a: Magearna|spa|1\n|-boost|p1a: Magearna|spd|1\n|\n|upkeep\n|turn|5\n|\n|t:|1700773850\n|move|p2a: Dragapult|Draco Meteor|p1a: Magearna\n|-immune|p1a: Magearna\n|move|p1a: Magearna|Calm Mind|p1a: Magearna\n|-boost|p1a: Magearna|spa|1\n|-boost|p1a: Magearna|spd|1\n|\n|upkeep\n|turn|6\n|\n|t:|1700773861\n|move|p2a: Dragapult|Hex|p1a: Magearna\n|-damage|p1a: Magearna|75\/100\n|move|p1a: Magearna|Calm Mind|p1a: Magearna\n|-boost|p1a: Magearna|spa|1\n|-boost|p1a: Magearna|spd|1\n|\n|upkeep\n|turn|7\n|\n|t:|1700773873\n|move|p2a: Dragapult|Draco Meteor|p1a: Magearna\n|-immune|p1a: Magearna\n|move|p1a: Magearna|Draining Kiss|p2a: Dragapult\n|-supereffective|p2a: Dragapult\n|-damage|p2a: Dragapult|0 fnt\n|-heal|p1a: Magearna|76\/100|[from] drain|[of] p2a: Dragapult\n|faint|p2a: Dragapult\n|-ability|p1a: Magearna|Soul-Heart|boost\n|-boost|p1a: Magearna|spa|1\n|\n|upkeep\n|\n|t:|1700773886\n|switch|p2a: Lucario|Lucario, F|100\/100\n|turn|8\n|\n|t:|1700773891\n|move|p2a: Lucario|Swords Dance|p2a: Lucario\n|-boost|p2a: Lucario|atk|2\n|move|p1a: Magearna|Draining Kiss|p2a: Lucario\n|-damage|p2a: Lucario|0 fnt\n|-heal|p1a: Magearna|100\/100|[from] drain|[of] p2a: Lucario\n|faint|p2a: Lucario\n|\n|upkeep\n|\n|t:|1700773903\n|switch|p2a: Slaking|Slaking, M|100\/100\n|turn|9\n|\n|t:|1700773909\n|move|p2a: Slaking|Earthquake|p1a: Magearna\n|-damage|p1a: Magearna|67\/100\n|move|p1a: Magearna|Draining Kiss|p2a: Slaking\n|-damage|p2a: Slaking|0 fnt\n|-heal|p1a: Magearna|100\/100|[from] drain|[of] p2a: Slaking\n|faint|p2a: Slaking\n|\n|upkeep\n|\n|t:|1700773921\n|switch|p2a: Cinderace|Cinderace, F|100\/100\n|turn|10\n|\n|t:|1700773928\n|move|p2a: Cinderace|Giga Impact|p1a: Magearna\n|-damage|p1a: Magearna|60\/100\n|-mustrecharge|p2a: Cinderace\n|move|p1a: Magearna|Draining Kiss|p2a: Cinderace\n|-resisted|p2a: Cinderace\n|-damage|p2a: Cinderace|0 fnt\n|-heal|p1a: Magearna|100\/100|[from] drain|[of] p2a: Cinderace\n|faint|p2a: Cinderace\n|\n|upkeep\n|\n|t:|1700773939\n|switch|p2a: Toxapex|Toxapex, F|100\/100\n|turn|11\n|\n|t:|1700773944\n|move|p2a: Toxapex|Toxic|p1a: Magearna\n|-status|p1a: Magearna|tox\n|move|p1a: Magearna|Draining Kiss|p2a: Toxapex\n|-resisted|p2a: Toxapex\n|-damage|p2a: Toxapex|18\/100\n|-enditem|p2a: Toxapex|Sitrus Berry|[eat]\n|-heal|p2a: Toxapex|43\/100|[from] item: Sitrus Berry\n|\n|-damage|p1a: Magearna|94\/100 tox|[from] psn\n|upkeep\n|turn|12\n|\n|t:|1700773956\n|move|p2a: Toxapex|Recover|p2a: Toxapex\n|-heal|p2a: Toxapex|93\/100\n|move|p1a: Magearna|Draining Kiss|p2a: Toxapex\n|-resisted|p2a: Toxapex\n|-damage|p2a: Toxapex|22\/100\n|-heal|p1a: Magearna|100\/100 tox|[from] drain|[of] p2a: Toxapex\n|\n|-damage|p1a: Magearna|88\/100 tox|[from] psn\n|upkeep\n|turn|13\n|\n|t:|1700773970\n|move|p2a: Toxapex|Recover|p2a: Toxapex\n|-heal|p2a: Toxapex|72\/100\n|move|p1a: Magearna|Draining Kiss|p2a: Toxapex\n|-resisted|p2a: Toxapex\n|-damage|p2a: Toxapex|0 fnt\n|-heal|p1a: Magearna|100\/100 tox|[from] drain|[of] p2a: Toxapex\n|faint|p2a: Toxapex\n|\n|-damage|p1a: Magearna|82\/100 tox|[from] psn\n|upkeep\n|\n|t:|1700773983\n|switch|p2a: Dragonite|Dragonite, M|100\/100\n|turn|14\n|\n|t:|1700773991\n|-terastallize|p2a: Dragonite|Dragon\n|move|p2a: Dragonite|Earthquake|p1a: Magearna\n|-damage|p1a: Magearna|55\/100 tox\n|move|p1a: Magearna|Draining Kiss|p2a: Dragonite\n|-supereffective|p2a: Dragonite\n|-damage|p2a: Dragonite|0 fnt\n|-heal|p1a: Magearna|100\/100 tox|[from] drain|[of] p2a: Dragonite\n|faint|p2a: Dragonite\n|\n|win|jcjclol\n|raw|jcjclol's rating: 1050 &rarr; <strong>1082<\/strong><br \/>(+32 for winning)\n|raw|Arthor148's rating: 1045 &rarr; <strong>1028<\/strong><br \/>(-17 for losing)\n","uploadtime":1700774004,"views":5,"p1id":"jcjclol","p2id":"arthor148","formatid":"gen9anythinggoes","rating":1028,"private":0,"password":""}