{"id":"gen9anythinggoes-1990200653","p1":"Rowan_Rocket","p2":"lemoimoi","format":"[Gen 9] Anything Goes","log":"|j|\u2606Rowan_Rocket\n|j|\u2606lemoimoi\n|t:|1699936461\n|gametype|singles\n|player|p1|Rowan_Rocket|rocketgruntf|1217\n|player|p2|lemoimoi|backpacker|1139\n|teamsize|p1|6\n|teamsize|p2|6\n|gen|9\n|tier|[Gen 9] Anything Goes\n|rated|\n|rule|HP Percentage Mod: HP is shown in percentages\n|rule|Endless Battle Clause: Forcing endless battles is banned\n|clearpoke\n|poke|p1|Ninetales-Alola, M|\n|poke|p1|Cetitan, F|\n|poke|p1|Avalugg-Hisui, M|\n|poke|p1|Eiscue, M|\n|poke|p1|Sandslash-Alola, F|\n|poke|p1|Frosmoth, M|\n|poke|p2|Tyranitar, F|\n|poke|p2|Heracross, M|\n|poke|p2|Baxcalibur, F|\n|poke|p2|Hatterene, F|\n|poke|p2|Skeledirge, M|\n|poke|p2|Clodsire, M|\n|teampreview\n|\n|t:|1699936487\n|start\n|switch|p1a: Ninetales|Ninetales-Alola, M|100\/100\n|switch|p2a: FANKY|Heracross, M|100\/100\n|-weather|Snow|[from] ability: Snow Warning|[of] p1a: Ninetales\n|turn|1\n|\n|t:|1699936498\n|switch|p2a: T-PAIN|Tyranitar, F|100\/100\n|-weather|Sandstorm|[from] ability: Sand Stream|[of] p2a: T-PAIN\n|move|p1a: Ninetales|Extrasensory|p2a: T-PAIN\n|-immune|p2a: T-PAIN\n|\n|-weather|Sandstorm|[upkeep]\n|-damage|p1a: Ninetales|95\/100|[from] Sandstorm\n|upkeep\n|turn|2\n|\n|t:|1699936509\n|switch|p1a: Avalugg|Avalugg-Hisui, M|100\/100\n|move|p2a: T-PAIN|Knock Off|p1a: Avalugg\n|-damage|p1a: Avalugg|73\/100\n|-damage|p2a: T-PAIN|84\/100|[from] item: Rocky Helmet|[of] p1a: Avalugg\n|-enditem|p1a: Avalugg|Rocky Helmet|[from] move: Knock Off|[of] p2a: T-PAIN\n|-damage|p2a: T-PAIN|74\/100|[from] item: Life Orb\n|\n|-weather|Sandstorm|[upkeep]\n|upkeep\n|turn|3\n|inactive|Battle timer is ON: inactive players will automatically lose when time's up. (requested by Rowan_Rocket)\n|inactive|lemoimoi has 120 seconds left.\n|\n|t:|1699936590\n|switch|p2a: FANKY|Heracross, M|100\/100\n|move|p1a: Avalugg|Body Press|p2a: FANKY\n|-resisted|p2a: FANKY\n|-damage|p2a: FANKY|76\/100\n|\n|-weather|Sandstorm|[upkeep]\n|-damage|p2a: FANKY|70\/100|[from] Sandstorm\n|upkeep\n|turn|4\n|\n|t:|1699936613\n|switch|p1a: Ninetales|Ninetales-Alola, M|95\/100\n|-weather|Snow|[from] ability: Snow Warning|[of] p1a: Ninetales\n|move|p2a: FANKY|Bullet Seed|p1a: Ninetales\n|-damage|p1a: Ninetales|86\/100\n|-damage|p1a: Ninetales|77\/100\n|-damage|p1a: Ninetales|67\/100\n|-damage|p1a: Ninetales|58\/100\n|-hitcount|p1a: Ninetales|4\n|\n|-weather|Snow|[upkeep]\n|upkeep\n|turn|5\n|\n|t:|1699936625\n|switch|p2a: T-PAIN|Tyranitar, F|74\/100\n|-weather|Sandstorm|[from] ability: Sand Stream|[of] p2a: T-PAIN\n|move|p1a: Ninetales|Draining Kiss|p2a: T-PAIN\n|-supereffective|p2a: T-PAIN\n|-damage|p2a: T-PAIN|55\/100\n|-heal|p1a: Ninetales|76\/100|[from] drain|[of] p2a: T-PAIN\n|\n|-weather|Sandstorm|[upkeep]\n|-damage|p1a: Ninetales|71\/100|[from] Sandstorm\n|upkeep\n|turn|6\n|inactive|Rowan_Rocket has 120 seconds left.\n|\n|t:|1699936647\n|switch|p1a: Avalugg|Avalugg-Hisui, M|73\/100\n|move|p2a: T-PAIN|Stone Edge|p1a: Avalugg\n|-supereffective|p1a: Avalugg\n|-damage|p1a: Avalugg|19\/100\n|-damage|p2a: T-PAIN|45\/100|[from] item: Life Orb\n|\n|-weather|Sandstorm|[upkeep]\n|upkeep\n|turn|7\n|inactive|lemoimoi has 120 seconds left.\n|\n|t:|1699936688\n|move|p2a: T-PAIN|Brick Break|p1a: Avalugg\n|-supereffective|p1a: Avalugg\n|-damage|p1a: Avalugg|0 fnt\n|faint|p1a: Avalugg\n|-damage|p2a: T-PAIN|35\/100|[from] item: Life Orb\n|\n|-weather|Sandstorm|[upkeep]\n|upkeep\n|\n|t:|1699936696\n|switch|p1a: Ninetales|Ninetales-Alola, M|71\/100\n|-weather|Snow|[from] ability: Snow Warning|[of] p1a: Ninetales\n|turn|8\n|\n|t:|1699936702\n|move|p1a: Ninetales|Aurora Veil|p1a: Ninetales\n|-sidestart|p1: Rowan_Rocket|move: Aurora Veil\n|move|p2a: T-PAIN|Knock Off|p1a: Ninetales\n|-resisted|p1a: Ninetales\n|-damage|p1a: Ninetales|54\/100\n|-enditem|p1a: Ninetales|Icy Rock|[from] move: Knock Off|[of] p2a: T-PAIN\n|-damage|p2a: T-PAIN|25\/100|[from] item: Life Orb\n|\n|-weather|Snow|[upkeep]\n|upkeep\n|turn|9\n|\n|t:|1699936711\n|switch|p2a: TOHO|Baxcalibur, F|100\/100\n|move|p1a: Ninetales|Draining Kiss|p2a: TOHO\n|-supereffective|p2a: TOHO\n|-damage|p2a: TOHO|66\/100\n|-heal|p1a: Ninetales|94\/100|[from] drain|[of] p2a: TOHO\n|\n|-weather|Snow|[upkeep]\n|upkeep\n|turn|10\n|\n|t:|1699936724\n|move|p1a: Ninetales|Draining Kiss|p2a: TOHO\n|-supereffective|p2a: TOHO\n|-damage|p2a: TOHO|29\/100\n|-heal|p1a: Ninetales|100\/100|[from] drain|[of] p2a: TOHO\n|move|p2a: TOHO|Iron Head|p1a: Ninetales\n|-supereffective|p1a: Ninetales\n|-damage|p1a: Ninetales|33\/100\n|\n|-weather|Snow|[upkeep]\n|upkeep\n|turn|11\n|\n|t:|1699936733\n|move|p1a: Ninetales|Draining Kiss|p2a: TOHO\n|-supereffective|p2a: TOHO\n|-damage|p2a: TOHO|0 fnt\n|-heal|p1a: Ninetales|65\/100|[from] drain|[of] p2a: TOHO\n|faint|p2a: TOHO\n|\n|-weather|Snow|[upkeep]\n|upkeep\n|\n|t:|1699936739\n|switch|p2a: VOODOO CHILD|Skeledirge, M|100\/100\n|turn|12\n|\n|t:|1699936751\n|switch|p1a: Eiscue|Eiscue, M|100\/100\n|move|p2a: VOODOO CHILD|Yawn|p1a: Eiscue\n|-start|p1a: Eiscue|move: Yawn|[of] p2a: VOODOO CHILD\n|\n|-weather|Snow|[upkeep]\n|-sideend|p1: Rowan_Rocket|move: Aurora Veil\n|upkeep\n|turn|13\n|\n|t:|1699936769\n|move|p1a: Eiscue|Flip Turn|p2a: VOODOO CHILD\n|-supereffective|p2a: VOODOO CHILD\n|-damage|p2a: VOODOO CHILD|80\/100\n|\n|t:|1699936773\n|switch|p1a: Cetitan|Cetitan, F|100\/100|[from] Flip Turn\n|move|p2a: VOODOO CHILD|Flamethrower|p1a: Cetitan\n|-supereffective|p1a: Cetitan\n|-damage|p1a: Cetitan|82\/100\n|\n|-weather|Snow|[upkeep]\n|-heal|p2a: VOODOO CHILD|86\/100|[from] item: Leftovers\n|upkeep\n|turn|14\n|\n|t:|1699936784\n|move|p1a: Cetitan|Knock Off|p2a: VOODOO CHILD\n|-supereffective|p2a: VOODOO CHILD\n|-damage|p2a: VOODOO CHILD|54\/100\n|-enditem|p2a: VOODOO CHILD|Leftovers|[from] move: Knock Off|[of] p1a: Cetitan\n|move|p2a: VOODOO CHILD|Yawn|p1a: Cetitan\n|-start|p1a: Cetitan|move: Yawn|[of] p2a: VOODOO CHILD\n|\n|-weather|Snow|[upkeep]\n|upkeep\n|turn|15\n|\n|t:|1699936805\n|switch|p1a: Frosmoth|Frosmoth, M|100\/100\n|move|p2a: VOODOO CHILD|Flamethrower|p1a: Frosmoth\n|-supereffective|p1a: Frosmoth\n|-damage|p1a: Frosmoth|0 fnt\n|faint|p1a: Frosmoth\n|\n|-weather|none\n|upkeep\n|\n|t:|1699936814\n|switch|p1a: Ninetales|Ninetales-Alola, M|65\/100\n|-weather|Snow|[from] ability: Snow Warning|[of] p1a: Ninetales\n|turn|16\n|\n|t:|1699936824\n|move|p1a: Ninetales|Extrasensory|p2a: VOODOO CHILD\n|-damage|p2a: VOODOO CHILD|29\/100\n|move|p2a: VOODOO CHILD|Yawn|p1a: Ninetales\n|-start|p1a: Ninetales|move: Yawn|[of] p2a: VOODOO CHILD\n|\n|-weather|Snow|[upkeep]\n|upkeep\n|turn|17\n|\n|t:|1699936837\n|switch|p2a: GOGO DANCE|Clodsire, M|100\/100\n|move|p1a: Ninetales|Extrasensory|p2a: GOGO DANCE\n|-supereffective|p2a: GOGO DANCE\n|-damage|p2a: GOGO DANCE|75\/100\n|\n|-weather|Snow|[upkeep]\n|-heal|p2a: GOGO DANCE|82\/100|[from] item: Black Sludge\n|-end|p1a: Ninetales|move: Yawn|[silent]\n|-status|p1a: Ninetales|slp\n|upkeep\n|turn|18\n|\n|t:|1699936847\n|switch|p1a: Sandslash|Sandslash-Alola, F|100\/100\n|move|p2a: GOGO DANCE|Stealth Rock|p1a: Sandslash\n|-sidestart|p1: Rowan_Rocket|move: Stealth Rock\n|\n|-weather|Snow|[upkeep]\n|-heal|p2a: GOGO DANCE|88\/100|[from] item: Black Sludge\n|upkeep\n|turn|19\n|\n|t:|1699936861\n|move|p1a: Sandslash|Ice Spinner|p2a: GOGO DANCE\n|-supereffective|p2a: GOGO DANCE\n|-damage|p2a: GOGO DANCE|1\/100\n|move|p2a: GOGO DANCE|Yawn|p1a: Sandslash\n|-start|p1a: Sandslash|move: Yawn|[of] p2a: GOGO DANCE\n|\n|-weather|Snow|[upkeep]\n|-heal|p2a: GOGO DANCE|8\/100|[from] item: Black Sludge\n|upkeep\n|turn|20\n|\n|t:|1699936874\n|switch|p1a: Eiscue|Eiscue, M|100\/100\n|-damage|p1a: Eiscue|76\/100|[from] Stealth Rock\n|move|p2a: GOGO DANCE|Earthquake|p1a: Eiscue\n|-activate|p1a: Eiscue|ability: Ice Face\n|-damage|p1a: Eiscue|76\/100\n|detailschange|p1a: Eiscue|Eiscue-Noice, M\n|\n|-weather|none\n|-heal|p2a: GOGO DANCE|14\/100|[from] item: Black Sludge\n|upkeep\n|turn|21\n|\n|t:|1699936887\n|move|p1a: Eiscue|Icicle Spear|p2a: GOGO DANCE\n|-supereffective|p2a: GOGO DANCE\n|-damage|p2a: GOGO DANCE|0 fnt\n|faint|p2a: GOGO DANCE\n|-hitcount|p2: GOGO DANCE|1\n|\n|upkeep\n|\n|t:|1699936895\n|switch|p2a: FANKY|Heracross, M|70\/100\n|turn|22\n|\n|t:|1699936901\n|-terastallize|p1a: Eiscue|Ice\n|move|p1a: Eiscue|Icicle Spear|p2a: FANKY\n|-damage|p2a: FANKY|51\/100\n|-damage|p2a: FANKY|33\/100\n|-damage|p2a: FANKY|15\/100\n|-damage|p2a: FANKY|0 fnt\n|faint|p2a: FANKY\n|-hitcount|p2: FANKY|4\n|\n|upkeep\n|-message|lemoimoi forfeited.\n|\n|win|Rowan_Rocket\n|raw|Rowan_Rocket's rating: 1217 &rarr; <strong>1236<\/strong><br \/>(+19 for winning)\n|raw|lemoimoi's rating: 1139 &rarr; <strong>1120<\/strong><br \/>(-19 for losing)\n|l|\u2606lemoimoi\n","uploadtime":1699936925,"views":6,"p1id":"rowanrocket","p2id":"lemoimoi","formatid":"gen9anythinggoes","rating":1120,"private":0,"password":""}