{"id":"gen9anythinggoes-1979953227","p1":"smiley123","p2":"Dumbfudge","format":"[Gen 9] Anything Goes","log":"|j|\u2606smiley123\n|j|\u2606Dumbfudge\n|t:|1698736018\n|gametype|singles\n|player|p1|smiley123|266|1383\n|player|p2|Dumbfudge|blackbelt-gen4dp|1309\n|teamsize|p1|6\n|teamsize|p2|6\n|gen|9\n|tier|[Gen 9] Anything Goes\n|rated|\n|rule|HP Percentage Mod: HP is shown in percentages\n|rule|Endless Battle Clause: Forcing endless battles is banned\n|clearpoke\n|poke|p1|Arceus|\n|poke|p1|Conkeldurr, F|\n|poke|p1|Pawmot, F|\n|poke|p1|Cinderace, F|\n|poke|p1|Ditto|\n|poke|p1|Braviary-Hisui, M|\n|poke|p2|Zacian-*|\n|poke|p2|Calyrex-Shadow|\n|poke|p2|Breloom, F|\n|poke|p2|Espathra, M|\n|poke|p2|Dudunsparce-*, F|\n|poke|p2|Miraidon|\n|teampreview\n|inactive|Battle timer is ON: inactive players will automatically lose when time's up. (requested by Dumbfudge)\n|\n|t:|1698736041\n|start\n|switch|p1a: Conkeldurr|Conkeldurr, F|100\/100\n|switch|p2a: Miraidon|Miraidon|100\/100\n|-fieldstart|move: Electric Terrain|[from] ability: Hadron Engine|[of] p2a: Miraidon\n|turn|1\n|\n|t:|1698736053\n|-terastallize|p2a: Miraidon|Electric\n|move|p2a: Miraidon|Electro Drift|p1a: Conkeldurr\n|-damage|p1a: Conkeldurr|0 fnt\n|faint|p1a: Conkeldurr\n|\n|upkeep\n|\n|t:|1698736062\n|switch|p1a: Pawmot|Pawmot, F|100\/100\n|turn|2\n|\n|t:|1698736067\n|move|p2a: Miraidon|Electro Drift|p1a: Pawmot\n|-immune|p1a: Pawmot|[from] ability: Volt Absorb\n|move|p1a: Pawmot|Revival Blessing|p1a: Pawmot\n|\n|t:|1698736071\n|-heal|p1: Conkeldurr|50\/100|[from] move: Revival Blessing\n|\n|upkeep\n|turn|3\n|\n|t:|1698736079\n|move|p2a: Miraidon|Taunt|p1a: Pawmot\n|-start|p1a: Pawmot|move: Taunt\n|move|p1a: Pawmot|Knock Off|p2a: Miraidon\n|-damage|p2a: Miraidon|59\/100\n|-enditem|p2a: Miraidon|Magnet|[from] move: Knock Off|[of] p1a: Pawmot\n|-damage|p1a: Pawmot|91\/100|[from] item: Life Orb\n|\n|upkeep\n|turn|4\n|\n|t:|1698736092\n|move|p1a: Pawmot|Ice Punch|p2a: Miraidon\n|-damage|p2a: Miraidon|23\/100\n|-damage|p1a: Pawmot|81\/100|[from] item: Life Orb\n|move|p2a: Miraidon|Dragon Tail|p1a: Pawmot\n|-damage|p1a: Pawmot|60\/100\n|drag|p1a: Cinderace|Cinderace, F|100\/100\n|\n|upkeep\n|turn|5\n|\n|t:|1698736101\n|move|p1a: Cinderace|Sucker Punch|p2a: Miraidon\n|-start|p1a: Cinderace|typechange|Dark|[from] ability: Libero\n|-damage|p2a: Miraidon|0 fnt\n|faint|p2a: Miraidon\n|\n|-fieldend|move: Electric Terrain\n|upkeep\n|\n|t:|1698736111\n|switch|p2a: Dudunsparce|Dudunsparce, F|100\/100\n|turn|6\n|\n|t:|1698736117\n|move|p1a: Cinderace|High Jump Kick|p2a: Dudunsparce\n|-supereffective|p2a: Dudunsparce\n|-damage|p2a: Dudunsparce|30\/100\n|-damage|p1a: Cinderace|84\/100|[from] item: Rocky Helmet|[of] p2a: Dudunsparce\n|move|p2a: Dudunsparce|Roost|p2a: Dudunsparce\n|-heal|p2a: Dudunsparce|80\/100\n|-singleturn|p2a: Dudunsparce|move: Roost\n|\n|upkeep\n|turn|7\n|\n|t:|1698736130\n|switch|p1a: Conkeldurr|Conkeldurr, F|50\/100\n|move|p2a: Dudunsparce|Roost|p2a: Dudunsparce\n|-heal|p2a: Dudunsparce|100\/100\n|-singleturn|p2a: Dudunsparce|move: Roost\n|\n|-heal|p1a: Conkeldurr|57\/100|[from] item: Leftovers\n|upkeep\n|turn|8\n|\n|t:|1698736138\n|move|p2a: Dudunsparce|Coil|p2a: Dudunsparce\n|-boost|p2a: Dudunsparce|atk|1\n|-boost|p2a: Dudunsparce|def|1\n|-boost|p2a: Dudunsparce|accuracy|1\n|move|p1a: Conkeldurr|Knock Off|p2a: Dudunsparce\n|-damage|p2a: Dudunsparce|80\/100\n|-damage|p1a: Conkeldurr|40\/100|[from] item: Rocky Helmet|[of] p2a: Dudunsparce\n|-enditem|p2a: Dudunsparce|Rocky Helmet|[from] move: Knock Off|[of] p1a: Conkeldurr\n|\n|-heal|p1a: Conkeldurr|46\/100|[from] item: Leftovers\n|upkeep\n|turn|9\n|\n|t:|1698736152\n|move|p2a: Dudunsparce|Baton Pass|p2a: Dudunsparce\n|\n|t:|1698736154\n|switch|p2a: Whooping cough|Zacian-Crowned|100\/100|[from] Baton Pass\n|-ability|p2a: Whooping cough|Intrepid Sword|boost\n|-boost|p2a: Whooping cough|atk|1\n|move|p1a: Conkeldurr|Drain Punch|p2a: Whooping cough\n|-damage|p2a: Whooping cough|67\/100\n|-heal|p1a: Conkeldurr|59\/100|[from] drain|[of] p2a: Whooping cough\n|\n|-heal|p1a: Conkeldurr|65\/100|[from] item: Leftovers\n|upkeep\n|turn|10\n|\n|t:|1698736167\n|move|p2a: Whooping cough|Behemoth Blade|p1a: Conkeldurr\n|-damage|p1a: Conkeldurr|0 fnt\n|faint|p1a: Conkeldurr\n|\n|upkeep\n|\n|t:|1698736172\n|switch|p1a: Ditto|Ditto|100\/100\n|-transform|p1a: Ditto|p2a: Whooping cough|[from] ability: Imposter\n|-ability|p1a: Ditto|Intrepid Sword|boost\n|-boost|p1a: Ditto|atk|1\n|turn|11\n|\n|t:|1698736180\n|move|p2a: Whooping cough|Quick Attack|p1a: Ditto\n|-resisted|p1a: Ditto\n|-damage|p1a: Ditto|86\/100\n|move|p1a: Ditto|Behemoth Blade|p2a: Whooping cough\n|-damage|p2a: Whooping cough|0 fnt\n|faint|p2a: Whooping cough\n|\n|upkeep\n|\n|t:|1698736195\n|switch|p2a: Calyrex|Calyrex-Shadow|100\/100\n|-ability|p2a: Calyrex|As One\n|-ability|p2a: Calyrex|Unnerve\n|turn|12\n|\n|t:|1698736211\n|move|p1a: Ditto|Behemoth Blade|p2a: Calyrex\n|-enditem|p2a: Calyrex|Focus Sash\n|-damage|p2a: Calyrex|1\/100\n|move|p2a: Calyrex|Astral Barrage|p1a: Ditto\n|-damage|p1a: Ditto|0 fnt\n|faint|p1a: Ditto\n|-ability|p2a: Calyrex|Grim Neigh|boost\n|-boost|p2a: Calyrex|spa|1\n|\n|upkeep\n|\n|t:|1698736220\n|switch|p1a: Cinderace|Cinderace, F|84\/100\n|turn|13\n|\n|t:|1698736225\n|move|p1a: Cinderace|Sucker Punch|p2a: Calyrex\n|-start|p1a: Cinderace|typechange|Dark|[from] ability: Libero\n|-supereffective|p2a: Calyrex\n|-damage|p2a: Calyrex|0 fnt\n|faint|p2a: Calyrex\n|\n|upkeep\n|\n|t:|1698736233\n|switch|p2a: Espathra|Espathra, M|100\/100\n|turn|14\n|\n|t:|1698736237\n|move|p2a: Espathra|Protect|p2a: Espathra\n|-singleturn|p2a: Espathra|Protect\n|move|p1a: Cinderace|Pyro Ball|p2a: Espathra\n|-activate|p2a: Espathra|move: Protect\n|\n|-ability|p2a: Espathra|Speed Boost|boost\n|-boost|p2a: Espathra|spe|1\n|upkeep\n|turn|15\n|\n|t:|1698736246\n|move|p2a: Espathra|Substitute|p2a: Espathra\n|-start|p2a: Espathra|Substitute\n|-damage|p2a: Espathra|76\/100\n|move|p1a: Cinderace|Pyro Ball|p2a: Espathra\n|-end|p2a: Espathra|Substitute\n|\n|-ability|p2a: Espathra|Speed Boost|boost\n|-boost|p2a: Espathra|spe|1\n|upkeep\n|turn|16\n|\n|t:|1698736255\n|move|p2a: Espathra|Protect|p2a: Espathra\n|-singleturn|p2a: Espathra|Protect\n|move|p1a: Cinderace|Pyro Ball|p2a: Espathra\n|-activate|p2a: Espathra|move: Protect\n|\n|-ability|p2a: Espathra|Speed Boost|boost\n|-boost|p2a: Espathra|spe|1\n|upkeep\n|turn|17\n|\n|t:|1698736263\n|move|p2a: Espathra|Hypnosis|p1a: Cinderace\n|-status|p1a: Cinderace|slp|[from] move: Hypnosis\n|cant|p1a: Cinderace|slp\n|\n|-ability|p2a: Espathra|Speed Boost|boost\n|-boost|p2a: Espathra|spe|1\n|upkeep\n|turn|18\n|\n|t:|1698736271\n|move|p2a: Espathra|Substitute|p2a: Espathra\n|-start|p2a: Espathra|Substitute\n|-damage|p2a: Espathra|51\/100\n|cant|p1a: Cinderace|slp\n|\n|-ability|p2a: Espathra|Speed Boost|boost\n|-boost|p2a: Espathra|spe|1\n|upkeep\n|turn|19\n|\n|t:|1698736279\n|cant|p1a: Cinderace|slp\n|move|p2a: Espathra|Baton Pass|p2a: Espathra\n|\n|t:|1698736289\n|switch|p2a: Breloom|Breloom, F|100\/100|[from] Baton Pass\n|\n|upkeep\n|turn|20\n|\n|t:|1698736295\n|-curestatus|p1a: Cinderace|slp|[msg]\n|move|p1a: Cinderace|Sucker Punch||[still]\n|-fail|p1a: Cinderace\n|move|p2a: Breloom|Leech Seed|p1a: Cinderace\n|-start|p1a: Cinderace|move: Leech Seed\n|\n|-damage|p1a: Cinderace|72\/100|[from] Leech Seed|[of] p2a: Breloom\n|upkeep\n|turn|21\n|\n|t:|1698736304\n|move|p2a: Breloom|Spore|p1a: Cinderace\n|-status|p1a: Cinderace|slp|[from] move: Spore\n|cant|p1a: Cinderace|slp\n|\n|-damage|p1a: Cinderace|59\/100 slp|[from] Leech Seed|[of] p2a: Breloom\n|upkeep\n|turn|22\n|\n|t:|1698736313\n|switch|p1a: Pawmot|Pawmot, F|60\/100\n|-singleturn|p2a: Breloom|move: Focus Punch\n|move|p2a: Breloom|Focus Punch|p1a: Pawmot\n|-damage|p1a: Pawmot|0 fnt\n|faint|p1a: Pawmot\n|\n|upkeep\n|\n|t:|1698736318\n|switch|p1a: Arceus|Arceus|100\/100\n|turn|23\n|\n|t:|1698736324\n|move|p1a: Arceus|Extreme Speed|p2a: Breloom\n|-end|p2a: Breloom|Substitute\n|move|p2a: Breloom|Spore|p1a: Arceus\n|-status|p1a: Arceus|slp|[from] move: Spore\n|\n|upkeep\n|turn|24\n|\n|t:|1698736333\n|switch|p1a: Cinderace|Cinderace, F|59\/100 slp\n|move|p2a: Breloom|Substitute|p2a: Breloom\n|-start|p2a: Breloom|Substitute\n|-damage|p2a: Breloom|76\/100\n|\n|upkeep\n|turn|25\n|\n|t:|1698736339\n|-singleturn|p2a: Breloom|move: Focus Punch\n|cant|p1a: Cinderace|slp\n|move|p2a: Breloom|Focus Punch|p1a: Cinderace\n|-damage|p1a: Cinderace|0 fnt\n|faint|p1a: Cinderace\n|\n|upkeep\n|c|\u2606smiley123|Nice strat gg\n|\n|t:|1698736345\n|switch|p1a: Braviary|Braviary-Hisui, M|100\/100\n|turn|26\n|\n|t:|1698736351\n|move|p2a: Breloom|Spore|p1a: Braviary\n|-status|p1a: Braviary|slp|[from] move: Spore\n|cant|p1a: Braviary|slp\n|\n|upkeep\n|turn|27\n|\n|t:|1698736357\n|-singleturn|p2a: Breloom|move: Focus Punch\n|cant|p1a: Braviary|slp\n|move|p2a: Breloom|Focus Punch|p1a: Braviary\n|-resisted|p1a: Braviary\n|-damage|p1a: Braviary|77\/100 slp\n|\n|upkeep\n|turn|28\n|\n|t:|1698736365\n|move|p2a: Breloom|Leech Seed|p1a: Braviary\n|-start|p1a: Braviary|move: Leech Seed\n|cant|p1a: Braviary|slp\n|\n|-damage|p1a: Braviary|65\/100 slp|[from] Leech Seed|[of] p2a: Breloom\n|-heal|p2a: Breloom|94\/100|[silent]\n|upkeep\n|turn|29\n|\n|t:|1698736372\n|-singleturn|p2a: Breloom|move: Focus Punch\n|-curestatus|p1a: Braviary|slp|[msg]\n|move|p1a: Braviary|Esper Wing|p2a: Breloom\n|-supereffective|p2a: Breloom\n|-end|p2a: Breloom|Substitute\n|-boost|p1a: Braviary|spe|1\n|move|p2a: Breloom|Focus Punch|p1a: Braviary\n|-resisted|p1a: Braviary\n|-damage|p1a: Braviary|44\/100\n|\n|-damage|p1a: Braviary|31\/100|[from] Leech Seed|[of] p2a: Breloom\n|-heal|p2a: Breloom|100\/100|[silent]\n|upkeep\n|turn|30\n|c|\u2606smiley123|Gg\n|\n|t:|1698736387\n|switch|p1a: Arceus|Arceus|100\/100 slp\n|move|p2a: Breloom|Spore|p1a: Arceus\n|-fail|p1a: Arceus|slp\n|\n|upkeep\n|turn|31\n|\n|t:|1698736393\n|cant|p1a: Arceus|slp\n|move|p2a: Breloom|Substitute|p2a: Breloom\n|-start|p2a: Breloom|Substitute\n|-damage|p2a: Breloom|76\/100\n|\n|upkeep\n|turn|32\n|\n|t:|1698736399\n|cant|p1a: Arceus|slp\n|move|p2a: Breloom|Leech Seed|p1a: Arceus|[miss]\n|-miss|p2a: Breloom|p1a: Arceus\n|\n|upkeep\n|turn|33\n|\n|t:|1698736407\n|-curestatus|p1a: Arceus|slp|[msg]\n|move|p1a: Arceus|Extreme Speed|p2a: Breloom\n|-end|p2a: Breloom|Substitute\n|move|p2a: Breloom|Leech Seed|p1a: Arceus\n|-start|p1a: Arceus|move: Leech Seed\n|\n|-damage|p1a: Arceus|88\/100|[from] Leech Seed|[of] p2a: Breloom\n|-heal|p2a: Breloom|97\/100|[silent]\n|upkeep\n|turn|34\n|\n|t:|1698736419\n|move|p1a: Arceus|Extreme Speed|p2a: Breloom\n|-crit|p2a: Breloom\n|-damage|p2a: Breloom|12\/100\n|move|p2a: Breloom|Spore|p1a: Arceus\n|-status|p1a: Arceus|slp|[from] move: Spore\n|\n|-heal|p1a: Arceus|94\/100 slp|[from] item: Leftovers\n|-damage|p1a: Arceus|82\/100 slp|[from] Leech Seed|[of] p2a: Breloom\n|-heal|p2a: Breloom|33\/100|[silent]\n|upkeep\n|turn|35\n|\n|t:|1698736429\n|switch|p1a: Braviary|Braviary-Hisui, M|31\/100\n|move|p2a: Breloom|Substitute|p2a: Breloom\n|-start|p2a: Breloom|Substitute\n|-damage|p2a: Breloom|9\/100\n|\n|upkeep\n|turn|36\n|\n|t:|1698736436\n|move|p2a: Breloom|Spore|p1a: Braviary\n|-status|p1a: Braviary|slp|[from] move: Spore\n|cant|p1a: Braviary|slp\n|\n|upkeep\n|turn|37\n|-message|smiley123 forfeited.\n|\n|win|Dumbfudge\n|raw|smiley123's rating: 1383 &rarr; <strong>1359<\/strong><br \/>(-24 for losing)\n|raw|Dumbfudge's rating: 1309 &rarr; <strong>1333<\/strong><br \/>(+24 for winning)\n|l|\u2606smiley123\n","uploadtime":1698736460,"views":9,"p1id":"smiley123","p2id":"dumbfudge","formatid":"gen9anythinggoes","rating":1333,"private":0,"password":""}