{"id":"gen9anythinggoes-1994443104","p1":"gugar1705","p2":"LingLing007","format":"[Gen 9] Anything Goes","log":"|j|\u2606gugar1705\n|j|\u2606LingLing007\n|t:|1700444504\n|gametype|singles\n|player|p1|gugar1705|lucas|1243\n|player|p2|LingLing007|morty-masters|1405\n|teamsize|p1|6\n|teamsize|p2|6\n|gen|9\n|tier|[Gen 9] Anything Goes\n|rated|\n|rule|HP Percentage Mod: HP is shown in percentages\n|rule|Endless Battle Clause: Forcing endless battles is banned\n|clearpoke\n|poke|p1|Masquerain, M|\n|poke|p1|Gliscor, F|\n|poke|p1|Calyrex-Shadow|\n|poke|p1|Infernape, F|\n|poke|p1|Arceus|\n|poke|p1|Miraidon|\n|poke|p2|Roaring Moon|\n|poke|p2|Toxapex, F|\n|poke|p2|Polteageist-Antique|\n|poke|p2|Great Tusk|\n|poke|p2|Ninetales-Alola, F|\n|poke|p2|Gengar, F|\n|teampreview\n|inactive|Battle timer is ON: inactive players will automatically lose when time's up. (requested by gugar1705)\n|\n|t:|1700444544\n|start\n|switch|p1a: Infernape|Infernape, F|100\/100\n|switch|p2a: Ninetales|Ninetales-Alola, F, shiny|100\/100\n|-weather|Snow|[from] ability: Snow Warning|[of] p2a: Ninetales\n|turn|1\n|\n|t:|1700444550\n|move|p1a: Infernape|Flare Blitz|p2a: Ninetales\n|-supereffective|p2a: Ninetales\n|-damage|p2a: Ninetales|12\/100\n|-damage|p1a: Infernape|66\/100|[from] Recoil\n|move|p2a: Ninetales|Aurora Veil|p2a: Ninetales\n|-sidestart|p2: LingLing007|move: Aurora Veil\n|\n|-weather|Snow|[upkeep]\n|upkeep\n|turn|2\n|\n|t:|1700444560\n|switch|p2a: Roaring Moon|Roaring Moon|100\/100\n|-enditem|p2a: Roaring Moon|Booster Energy\n|-activate|p2a: Roaring Moon|ability: Protosynthesis|[fromitem]\n|-start|p2a: Roaring Moon|protosynthesisspe\n|move|p1a: Infernape|Flare Blitz|p2a: Roaring Moon\n|-resisted|p2a: Roaring Moon\n|-damage|p2a: Roaring Moon|85\/100\n|-damage|p1a: Infernape|60\/100|[from] Recoil\n|\n|-weather|Snow|[upkeep]\n|upkeep\n|turn|3\n|inactive|gugar1705 has 120 seconds left.\n|\n|t:|1700444597\n|switch|p1a: Miraidon|Miraidon|100\/100\n|-fieldstart|move: Electric Terrain|[from] ability: Hadron Engine|[of] p1a: Miraidon\n|move|p2a: Roaring Moon|Dragon Dance|p2a: Roaring Moon\n|-boost|p2a: Roaring Moon|atk|1\n|-boost|p2a: Roaring Moon|spe|1\n|\n|-weather|Snow|[upkeep]\n|upkeep\n|turn|4\n|inactive|gugar1705 has 120 seconds left.\n|\n|t:|1700444606\n|move|p2a: Roaring Moon|Earthquake|p1a: Miraidon\n|-supereffective|p1a: Miraidon\n|-damage|p1a: Miraidon|2\/100\n|move|p1a: Miraidon|Draco Meteor|p2a: Roaring Moon\n|-supereffective|p2a: Roaring Moon\n|-damage|p2a: Roaring Moon|0 fnt\n|-unboost|p1a: Miraidon|spa|2\n|faint|p2a: Roaring Moon\n|-end|p2a: Roaring Moon|Protosynthesis|[silent]\n|\n|-weather|Snow|[upkeep]\n|upkeep\n|\n|t:|1700444612\n|switch|p2a: Ninetales|Ninetales-Alola, F, shiny|12\/100\n|turn|5\n|\n|t:|1700444621\n|switch|p1a: Arceus|Arceus|100\/100\n|move|p2a: Ninetales|Ice Shard|p1a: Arceus\n|-damage|p1a: Arceus|95\/100\n|\n|-weather|none\n|upkeep\n|turn|6\n|\n|t:|1700444630\n|switch|p2a: Great Tusk|Great Tusk|100\/100\n|move|p1a: Arceus|Extreme Speed|p2a: Great Tusk\n|-damage|p2a: Great Tusk|88\/100\n|\n|upkeep\n|turn|7\n|\n|t:|1700444643\n|switch|p1a: Masquerain|Masquerain, M, shiny|100\/100\n|-ability|p1a: Masquerain|Intimidate|boost\n|-unboost|p2a: Great Tusk|atk|1\n|move|p2a: Great Tusk|Rapid Spin|p1a: Masquerain\n|-damage|p1a: Masquerain|83\/100\n|-boost|p2a: Great Tusk|spe|1\n|\n|-fieldend|move: Electric Terrain\n|upkeep\n|turn|8\n|\n|t:|1700444659\n|move|p2a: Great Tusk|Knock Off|p1a: Masquerain\n|-damage|p1a: Masquerain|52\/100\n|-enditem|p1a: Masquerain|Focus Sash|[from] move: Knock Off|[of] p2a: Great Tusk\n|move|p1a: Masquerain|Sticky Web|p2a: Great Tusk\n|-sidestart|p2: LingLing007|move: Sticky Web\n|\n|-sideend|p2: LingLing007|move: Aurora Veil\n|upkeep\n|turn|9\n|\n|t:|1700444666\n|move|p2a: Great Tusk|Earthquake|p1a: Masquerain\n|-immune|p1a: Masquerain\n|move|p1a: Masquerain|Hydro Pump|p2a: Great Tusk|[miss]\n|-miss|p1a: Masquerain|p2a: Great Tusk\n|\n|upkeep\n|turn|10\n|\n|t:|1700444674\n|move|p2a: Great Tusk|Rapid Spin|p1a: Masquerain\n|-damage|p1a: Masquerain|34\/100\n|-boost|p2a: Great Tusk|spe|1\n|-sideend|p2: LingLing007|Sticky Web|[from] move: Rapid Spin|[of] p2a: Great Tusk\n|move|p1a: Masquerain|Hydro Pump|p2a: Great Tusk\n|-supereffective|p2a: Great Tusk\n|-damage|p2a: Great Tusk|0 fnt\n|faint|p2a: Great Tusk\n|-end|p2a: Great Tusk|Protosynthesis|[silent]\n|\n|upkeep\n|\n|t:|1700444676\n|switch|p2a: Polteageist|Polteageist-Antique|100\/100\n|turn|11\n|\n|t:|1700444692\n|move|p1a: Masquerain|Sticky Web|p2a: Polteageist\n|-sidestart|p2: LingLing007|move: Sticky Web\n|move|p2a: Polteageist|Shell Smash|p2a: Polteageist\n|-unboost|p2a: Polteageist|def|1\n|-unboost|p2a: Polteageist|spd|1\n|-boost|p2a: Polteageist|atk|2\n|-boost|p2a: Polteageist|spa|2\n|-boost|p2a: Polteageist|spe|2\n|\n|upkeep\n|turn|12\n|\n|t:|1700444703\n|move|p2a: Polteageist|Shell Smash|p2a: Polteageist\n|-unboost|p2a: Polteageist|def|1\n|-unboost|p2a: Polteageist|spd|1\n|-boost|p2a: Polteageist|atk|2\n|-boost|p2a: Polteageist|spa|2\n|-boost|p2a: Polteageist|spe|2\n|move|p1a: Masquerain|Quiver Dance|p1a: Masquerain\n|-boost|p1a: Masquerain|spa|1\n|-boost|p1a: Masquerain|spd|1\n|-boost|p1a: Masquerain|spe|1\n|\n|upkeep\n|turn|13\n|\n|t:|1700444711\n|move|p2a: Polteageist|Shell Smash|p2a: Polteageist\n|-unboost|p2a: Polteageist|def|1\n|-unboost|p2a: Polteageist|spd|1\n|-boost|p2a: Polteageist|atk|2\n|-boost|p2a: Polteageist|spa|2\n|-boost|p2a: Polteageist|spe|2\n|move|p1a: Masquerain|Hydro Pump|p2a: Polteageist\n|-enditem|p2a: Polteageist|Focus Sash\n|-damage|p2a: Polteageist|1\/100\n|\n|upkeep\n|turn|14\n|\n|t:|1700444721\n|move|p2a: Polteageist|Stored Power|p1a: Masquerain\n|-damage|p1a: Masquerain|0 fnt\n|faint|p1a: Masquerain\n|\n|upkeep\n|\n|t:|1700444733\n|switch|p1a: Miraidon|Miraidon|2\/100\n|-fieldstart|move: Electric Terrain|[from] ability: Hadron Engine|[of] p1a: Miraidon\n|turn|15\n|\n|t:|1700444744\n|move|p2a: Polteageist|Stored Power|p1a: Miraidon\n|-damage|p1a: Miraidon|0 fnt\n|faint|p1a: Miraidon\n|\n|upkeep\n|\n|t:|1700444760\n|switch|p1a: Infernape|Infernape, F|60\/100\n|turn|16\n|\n|t:|1700444766\n|move|p2a: Polteageist|Stored Power|p1a: Infernape\n|-supereffective|p1a: Infernape\n|-damage|p1a: Infernape|0 fnt\n|faint|p1a: Infernape\n|\n|upkeep\n|\n|t:|1700444777\n|switch|p1a: Morcega|Gliscor, F, shiny|100\/100\n|turn|17\n|\n|t:|1700444781\n|move|p2a: Polteageist|Stored Power|p1a: Morcega\n|-damage|p1a: Morcega|0 fnt\n|faint|p1a: Morcega\n|\n|upkeep\n|\n|t:|1700444786\n|switch|p1a: Calyrex|Calyrex-Shadow|100\/100\n|-ability|p1a: Calyrex|As One\n|-ability|p1a: Calyrex|Unnerve\n|turn|18\n|\n|t:|1700444800\n|-terastallize|p1a: Calyrex|Psychic\n|move|p2a: Polteageist|Dark Pulse|p1a: Calyrex\n|-supereffective|p1a: Calyrex\n|-damage|p1a: Calyrex|0 fnt\n|faint|p1a: Calyrex\n|\n|upkeep\n|\n|t:|1700444808\n|switch|p1a: Arceus|Arceus|95\/100\n|turn|19\n|\n|t:|1700444811\n|move|p2a: Polteageist|Stored Power|p1a: Arceus\n|-damage|p1a: Arceus|0 fnt\n|faint|p1a: Arceus\n|\n|win|LingLing007\n|raw|gugar1705's rating: 1243 &rarr; <strong>1229<\/strong><br \/>(-14 for losing)\n|raw|LingLing007's rating: 1405 &rarr; <strong>1416<\/strong><br \/>(+11 for winning)\n|c|\u2606LingLing007|gg\n|c|\u2606gugar1705|gg\n","uploadtime":1700444821,"views":3,"p1id":"gugar1705","p2id":"lingling007","formatid":"gen9anythinggoes","rating":1229,"private":0,"password":""}