{"id":"gen9anythinggoes-1993748767","p1":"Pokemh","p2":"hoenn militian","format":"[Gen 9] Anything Goes","log":"|j|\u203dPokemh\n|j|\u2606hoenn militian\n|t:|1700352624\n|gametype|singles\n|player|p1|Pokemh|acetrainersnowf|1666\n|player|p2|hoenn militian|266|1796\n|teamsize|p1|6\n|teamsize|p2|6\n|gen|9\n|tier|[Gen 9] Anything Goes\n|rated|\n|rule|HP Percentage Mod: HP is shown in percentages\n|rule|Endless Battle Clause: Forcing endless battles is banned\n|clearpoke\n|poke|p1|Calyrex-Shadow|\n|poke|p1|Koraidon|\n|poke|p1|Miraidon|\n|poke|p1|Arceus|\n|poke|p1|Arceus-Ground|\n|poke|p1|Arceus-Fairy|\n|poke|p2|Miraidon|\n|poke|p2|Grimmsnarl, M|\n|poke|p2|Skeledirge, F|\n|poke|p2|Blissey, F|\n|poke|p2|Pelipper, F|\n|poke|p2|Calyrex-Ice|\n|teampreview\n|\n|t:|1700352634\n|start\n|switch|p1a: Koraidon|Koraidon|100\/100\n|switch|p2a: Calyrex|Calyrex-Ice|100\/100\n|-ability|p2a: Calyrex|As One\n|-ability|p2a: Calyrex|Unnerve\n|-weather|SunnyDay|[from] ability: Orichalcum Pulse|[of] p1a: Koraidon\n|-activate|p1a: Koraidon|Orichalcum Pulse|[source]\n|turn|1\n|\n|t:|1700352646\n|move|p1a: Koraidon|U-turn|p2a: Calyrex\n|-supereffective|p2a: Calyrex\n|-damage|p2a: Calyrex|56\/100\n|\n|t:|1700352654\n|switch|p1a: Arceus|Arceus|100\/100|[from] U-turn\n|move|p2a: Calyrex|Glacial Lance|p1a: Arceus\n|-damage|p1a: Arceus|42\/100\n|\n|-weather|SunnyDay|[upkeep]\n|upkeep\n|turn|2\n|\n|t:|1700352660\n|move|p1a: Arceus|Recover|p1a: Arceus\n|-heal|p1a: Arceus|92\/100\n|move|p2a: Calyrex|Glacial Lance|p1a: Arceus\n|-damage|p1a: Arceus|38\/100\n|\n|-weather|SunnyDay|[upkeep]\n|upkeep\n|turn|3\n|\n|t:|1700352668\n|move|p1a: Arceus|Recover|p1a: Arceus\n|-heal|p1a: Arceus|89\/100\n|move|p2a: Calyrex|Glacial Lance|p1a: Arceus\n|-damage|p1a: Arceus|37\/100\n|\n|-weather|SunnyDay|[upkeep]\n|upkeep\n|turn|4\n|\n|t:|1700352674\n|move|p1a: Arceus|Recover|p1a: Arceus\n|-heal|p1a: Arceus|87\/100\n|move|p2a: Calyrex|Glacial Lance|p1a: Arceus\n|-damage|p1a: Arceus|31\/100\n|\n|-weather|SunnyDay|[upkeep]\n|upkeep\n|turn|5\n|\n|t:|1700352680\n|move|p1a: Arceus|Recover|p1a: Arceus\n|-heal|p1a: Arceus|81\/100\n|move|p2a: Calyrex|Glacial Lance|p1a: Arceus\n|-damage|p1a: Arceus|21\/100\n|\n|-weather|none\n|upkeep\n|turn|6\n|\n|t:|1700352688\n|move|p1a: Arceus|Recover|p1a: Arceus\n|-heal|p1a: Arceus|71\/100\n|move|p2a: Calyrex|Glacial Lance|p1a: Arceus\n|-damage|p1a: Arceus|16\/100\n|\n|upkeep\n|turn|7\n|\n|t:|1700352695\n|switch|p2a: Miraidon|Miraidon|100\/100\n|-fieldstart|move: Electric Terrain|[from] ability: Hadron Engine|[of] p2a: Miraidon\n|move|p1a: Arceus|Recover|p1a: Arceus\n|-heal|p1a: Arceus|66\/100\n|\n|upkeep\n|turn|8\n|\n|t:|1700352702\n|move|p1a: Arceus|Extreme Speed|p2a: Miraidon\n|-damage|p2a: Miraidon|58\/100\n|move|p2a: Miraidon|Dragon Pulse|p1a: Arceus\n|-damage|p1a: Arceus|22\/100\n|\n|upkeep\n|turn|9\n|\n|t:|1700352708\n|switch|p1a: Arceus|Arceus-Fairy|100\/100\n|move|p2a: Miraidon|Dragon Pulse|p1a: Arceus\n|-immune|p1a: Arceus\n|\n|upkeep\n|turn|10\n|\n|t:|1700352714\n|switch|p2a: Blissey|Blissey, F|100\/100\n|move|p1a: Arceus|Judgment|p2a: Blissey\n|-damage|p2a: Blissey|86\/100\n|\n|upkeep\n|turn|11\n|\n|t:|1700352719\n|move|p1a: Arceus|Taunt|p2a: Blissey\n|-start|p2a: Blissey|move: Taunt\n|cant|p2a: Blissey|move: Taunt|Stealth Rock\n|\n|-fieldend|move: Electric Terrain\n|upkeep\n|turn|12\n|\n|t:|1700352724\n|switch|p1a: Calyrex|Calyrex-Shadow|100\/100\n|-ability|p1a: Calyrex|As One\n|-ability|p1a: Calyrex|Unnerve\n|move|p2a: Blissey|Seismic Toss|p1a: Calyrex\n|-immune|p1a: Calyrex\n|\n|upkeep\n|turn|13\n|\n|t:|1700352732\n|switch|p2a: Grimmsnarl|Grimmsnarl, M|100\/100\n|move|p1a: Calyrex|Astral Barrage|p2a: Grimmsnarl\n|-resisted|p2a: Grimmsnarl\n|-damage|p2a: Grimmsnarl|57\/100\n|\n|upkeep\n|turn|14\n|\n|t:|1700352739\n|switch|p1a: Arceus|Arceus-Fairy|100\/100\n|move|p2a: Grimmsnarl|Spirit Break|p1a: Arceus\n|-damage|p1a: Arceus|81\/100\n|-unboost|p1a: Arceus|spa|1\n|\n|upkeep\n|turn|15\n|\n|t:|1700352746\n|move|p2a: Grimmsnarl|Parting Shot|p1a: Arceus\n|-unboost|p1a: Arceus|atk|1\n|-unboost|p1a: Arceus|spa|1\n|\n|t:|1700352752\n|switch|p2a: Blissey|Blissey, F|86\/100|[from] Parting Shot\n|move|p1a: Arceus|Calm Mind|p1a: Arceus\n|-boost|p1a: Arceus|spa|1\n|-boost|p1a: Arceus|spd|1\n|\n|upkeep\n|turn|16\n|\n|t:|1700352761\n|switch|p2a: Grimmsnarl|Grimmsnarl, M|57\/100\n|move|p1a: Arceus|Taunt|p2a: Grimmsnarl\n|-start|p2a: Grimmsnarl|move: Taunt\n|\n|upkeep\n|turn|17\n|\n|t:|1700352774\n|switch|p1a: Arceus|Arceus-Ground|100\/100\n|switch|p2a: Blissey|Blissey, F|86\/100\n|\n|upkeep\n|turn|18\n|\n|t:|1700352780\n|switch|p1a: Koraidon|Koraidon|100\/100\n|-weather|SunnyDay|[from] ability: Orichalcum Pulse|[of] p1a: Koraidon\n|-activate|p1a: Koraidon|Orichalcum Pulse|[source]\n|switch|p2a: Pelipper|Pelipper, F|100\/100\n|-weather|RainDance|[from] ability: Drizzle|[of] p2a: Pelipper\n|\n|-weather|RainDance|[upkeep]\n|upkeep\n|turn|19\n|\n|t:|1700352789\n|move|p1a: Koraidon|U-turn|p2a: Pelipper\n|-resisted|p2a: Pelipper\n|-damage|p2a: Pelipper|91\/100\n|\n|t:|1700352792\n|switch|p1a: Arceus|Arceus-Fairy|81\/100|[from] U-turn\n|move|p2a: Pelipper|U-turn|p1a: Arceus\n|-resisted|p1a: Arceus\n|-damage|p1a: Arceus|79\/100\n|\n|t:|1700352802\n|switch|p2a: Skeledirge|Skeledirge, F|100\/100|[from] U-turn\n|\n|-weather|RainDance|[upkeep]\n|upkeep\n|turn|20\n|\n|t:|1700352806\n|switch|p1a: Miraidon|Miraidon|100\/100\n|-fieldstart|move: Electric Terrain|[from] ability: Hadron Engine|[of] p1a: Miraidon\n|move|p2a: Skeledirge|Torch Song|p1a: Miraidon\n|-resisted|p1a: Miraidon\n|-damage|p1a: Miraidon|94\/100\n|-boost|p2a: Skeledirge|spa|1\n|\n|-weather|RainDance|[upkeep]\n|upkeep\n|turn|21\n|\n|t:|1700352816\n|switch|p2a: Blissey|Blissey, F|86\/100\n|move|p1a: Miraidon|Calm Mind|p1a: Miraidon\n|-boost|p1a: Miraidon|spa|1\n|-boost|p1a: Miraidon|spd|1\n|\n|-weather|RainDance|[upkeep]\n|upkeep\n|turn|22\n|\n|t:|1700352822\n|move|p1a: Miraidon|Electro Drift|p2a: Blissey\n|-damage|p2a: Blissey|35\/100\n|-damage|p1a: Miraidon|84\/100|[from] item: Life Orb\n|move|p2a: Blissey|Stealth Rock|p1a: Miraidon\n|-sidestart|p1: Pokemh|move: Stealth Rock\n|\n|-weather|none\n|upkeep\n|turn|23\n|\n|t:|1700352832\n|-terastallize|p2a: Blissey|Ground\n|move|p1a: Miraidon|Draco Meteor|p2a: Blissey\n|-damage|p2a: Blissey|0 fnt\n|-unboost|p1a: Miraidon|spa|2\n|faint|p2a: Blissey\n|-damage|p1a: Miraidon|74\/100|[from] item: Life Orb\n|\n|upkeep\n|\n|t:|1700352840\n|switch|p2a: Miraidon|Miraidon|58\/100\n|-activate|p2a: Miraidon|ability: Hadron Engine\n|turn|24\n|\n|t:|1700352847\n|switch|p1a: Arceus|Arceus-Fairy|79\/100\n|-damage|p1a: Arceus|66\/100|[from] Stealth Rock\n|move|p2a: Miraidon|Dragon Pulse|p1a: Arceus\n|-immune|p1a: Arceus\n|\n|-fieldend|move: Electric Terrain\n|upkeep\n|turn|25\n|\n|t:|1700352857\n|move|p2a: Miraidon|Electro Drift|p1a: Arceus\n|-crit|p1a: Arceus\n|-damage|p1a: Arceus|15\/100\n|move|p1a: Arceus|Recover|p1a: Arceus\n|-heal|p1a: Arceus|65\/100\n|\n|upkeep\n|turn|26\n|-message|hoenn militian forfeited.\n|\n|win|Pokemh\n|raw|Pokemh's rating: 1666 &rarr; <strong>1693<\/strong><br \/>(+27 for winning)\n|raw|hoenn militian's rating: 1796 &rarr; <strong>1769<\/strong><br \/>(-27 for losing)\n|l|\u2606hoenn militian\n","uploadtime":1700352872,"views":29,"p1id":"pokemh","p2id":"hoennmilitian","formatid":"gen9anythinggoes","rating":1693,"private":0,"password":""}