{"id":"gen9anythinggoes-2000205103","p1":"leftovers123456","p2":"Red_Maple_tree","format":"[Gen 9] Anything Goes","log":"|j|\u2606leftovers123456\n|j|\u2606Red_Maple_tree\n|t:|1701171836\n|gametype|singles\n|player|p1|leftovers123456|265|1395\n|player|p2|Red_Maple_tree|swimmerf2-gen7|1366\n|teamsize|p1|6\n|teamsize|p2|6\n|gen|9\n|tier|[Gen 9] Anything Goes\n|rated|\n|rule|HP Percentage Mod: HP is shown in percentages\n|rule|Endless Battle Clause: Forcing endless battles is banned\n|clearpoke\n|poke|p1|Annihilape, M|\n|poke|p1|Arceus|\n|poke|p1|Scovillain, M|\n|poke|p1|Miraidon|\n|poke|p1|Calyrex-Shadow|\n|poke|p1|Grafaiai, F|\n|poke|p2|Breloom, M|\n|poke|p2|Clodsire, M|\n|poke|p2|Quagsire, M|\n|poke|p2|Sneasler, F|\n|poke|p2|Rillaboom, M|\n|poke|p2|Ribombee, M|\n|teampreview\n|inactive|Battle timer is ON: inactive players will automatically lose when time's up. (requested by leftovers123456)\n|\n|t:|1701171845\n|start\n|switch|p1a: Grafaiai|Grafaiai, F|100\/100\n|switch|p2a: Ribombee|Ribombee, M|100\/100\n|turn|1\n|\n|t:|1701171850\n|move|p1a: Grafaiai|Taunt|p2a: Ribombee\n|-start|p2a: Ribombee|move: Taunt\n|cant|p2a: Ribombee|move: Taunt|Sticky Web\n|\n|upkeep\n|turn|2\n|\n|t:|1701171861\n|switch|p1a: Arceus|Arceus|100\/100\n|switch|p2a: Sneasler|Sneasler, F|100\/100\n|\n|upkeep\n|turn|3\n|\n|t:|1701171870\n|switch|p2a: Quagsire|Quagsire, M|100\/100\n|move|p1a: Arceus|Earthquake|p2a: Quagsire\n|-damage|p2a: Quagsire|81\/100\n|\n|-heal|p2a: Quagsire|87\/100|[from] item: Leftovers\n|upkeep\n|turn|4\n|\n|t:|1701171879\n|switch|p1a: Grafaiai|Grafaiai, F|100\/100\n|move|p2a: Quagsire|Earthquake|p1a: Grafaiai\n|-supereffective|p1a: Grafaiai\n|-damage|p1a: Grafaiai|0 fnt\n|faint|p1a: Grafaiai\n|\n|-heal|p2a: Quagsire|93\/100|[from] item: Leftovers\n|upkeep\n|\n|t:|1701171888\n|switch|p1a: Scovillain|Scovillain, M|100\/100\n|turn|5\n|\n|t:|1701171894\n|switch|p2a: Clodsire|Clodsire, M|100\/100\n|move|p1a: Scovillain|Substitute|p1a: Scovillain\n|-start|p1a: Scovillain|Substitute\n|-damage|p1a: Scovillain|76\/100\n|\n|-heal|p1a: Scovillain|82\/100|[from] item: Leftovers\n|-ability|p1a: Scovillain|Moody|boost\n|-boost|p1a: Scovillain|atk|2\n|-unboost|p1a: Scovillain|spe|1\n|upkeep\n|turn|6\n|\n|t:|1701171905\n|move|p1a: Scovillain|Leech Seed|p2a: Clodsire\n|-start|p2a: Clodsire|move: Leech Seed\n|move|p2a: Clodsire|Earthquake|p1a: Scovillain\n|-end|p1a: Scovillain|Substitute\n|\n|-heal|p1a: Scovillain|88\/100|[from] item: Leftovers\n|-damage|p2a: Clodsire|88\/100|[from] Leech Seed|[of] p1a: Scovillain\n|-heal|p1a: Scovillain|100\/100|[silent]\n|-ability|p1a: Scovillain|Moody|boost\n|-boost|p1a: Scovillain|spa|2\n|-unboost|p1a: Scovillain|spd|1\n|upkeep\n|turn|7\n|\n|t:|1701171916\n|move|p1a: Scovillain|Substitute|p1a: Scovillain\n|-start|p1a: Scovillain|Substitute\n|-damage|p1a: Scovillain|76\/100\n|move|p2a: Clodsire|Toxic||[still]\n|-fail|p2a: Clodsire\n|\n|-heal|p1a: Scovillain|82\/100|[from] item: Leftovers\n|-heal|p2a: Clodsire|94\/100|[from] item: Leftovers\n|-damage|p2a: Clodsire|82\/100|[from] Leech Seed|[of] p1a: Scovillain\n|-heal|p1a: Scovillain|99\/100|[silent]\n|-ability|p1a: Scovillain|Moody|boost\n|-boost|p1a: Scovillain|def|2\n|-unboost|p1a: Scovillain|spa|1\n|upkeep\n|turn|8\n|\n|t:|1701171928\n|move|p1a: Scovillain|Leech Seed||[still]\n|-fail|p1a: Scovillain\n|move|p2a: Clodsire|Earthquake|p1a: Scovillain\n|-end|p1a: Scovillain|Substitute\n|\n|-heal|p1a: Scovillain|100\/100|[from] item: Leftovers\n|-heal|p2a: Clodsire|88\/100|[from] item: Leftovers\n|-damage|p2a: Clodsire|75\/100|[from] Leech Seed|[of] p1a: Scovillain\n|-ability|p1a: Scovillain|Moody|boost\n|-boost|p1a: Scovillain|spd|2\n|-unboost|p1a: Scovillain|spa|1\n|upkeep\n|turn|9\n|\n|t:|1701171944\n|move|p1a: Scovillain|Substitute|p1a: Scovillain\n|-start|p1a: Scovillain|Substitute\n|-damage|p1a: Scovillain|76\/100\n|move|p2a: Clodsire|Earthquake|p1a: Scovillain\n|-end|p1a: Scovillain|Substitute\n|\n|-heal|p1a: Scovillain|82\/100|[from] item: Leftovers\n|-heal|p2a: Clodsire|82\/100|[from] item: Leftovers\n|-damage|p2a: Clodsire|69\/100|[from] Leech Seed|[of] p1a: Scovillain\n|-heal|p1a: Scovillain|99\/100|[silent]\n|-ability|p1a: Scovillain|Moody|boost\n|-boost|p1a: Scovillain|spd|2\n|-unboost|p1a: Scovillain|spa|1\n|upkeep\n|turn|10\n|\n|t:|1701171956\n|move|p1a: Scovillain|Substitute|p1a: Scovillain\n|-start|p1a: Scovillain|Substitute\n|-damage|p1a: Scovillain|74\/100\n|move|p2a: Clodsire|Earthquake|p1a: Scovillain\n|-end|p1a: Scovillain|Substitute\n|\n|-heal|p1a: Scovillain|80\/100|[from] item: Leftovers\n|-heal|p2a: Clodsire|75\/100|[from] item: Leftovers\n|-damage|p2a: Clodsire|63\/100|[from] Leech Seed|[of] p1a: Scovillain\n|-heal|p1a: Scovillain|98\/100|[silent]\n|-ability|p1a: Scovillain|Moody|boost\n|-boost|p1a: Scovillain|spd|2\n|-unboost|p1a: Scovillain|atk|1\n|upkeep\n|turn|11\n|\n|t:|1701171970\n|move|p1a: Scovillain|Protect|p1a: Scovillain\n|-singleturn|p1a: Scovillain|Protect\n|move|p2a: Clodsire|Earthquake|p1a: Scovillain\n|-activate|p1a: Scovillain|move: Protect\n|\n|-heal|p1a: Scovillain|100\/100|[from] item: Leftovers\n|-heal|p2a: Clodsire|69\/100|[from] item: Leftovers\n|-damage|p2a: Clodsire|57\/100|[from] Leech Seed|[of] p1a: Scovillain\n|-ability|p1a: Scovillain|Moody|boost\n|-boost|p1a: Scovillain|spe|2\n|-unboost|p1a: Scovillain|def|1\n|upkeep\n|turn|12\n|\n|t:|1701171997\n|switch|p2a: Rillaboom|Rillaboom, M|100\/100\n|-fieldstart|move: Grassy Terrain|[from] ability: Grassy Surge|[of] p2a: Rillaboom\n|move|p1a: Scovillain|Substitute|p1a: Scovillain\n|-start|p1a: Scovillain|Substitute\n|-damage|p1a: Scovillain|76\/100\n|\n|-heal|p1a: Scovillain|82\/100|[from] Grassy Terrain\n|-heal|p1a: Scovillain|88\/100|[from] item: Leftovers\n|-ability|p1a: Scovillain|Moody|boost\n|-boost|p1a: Scovillain|spa|2\n|-unboost|p1a: Scovillain|atk|1\n|upkeep\n|turn|13\n|\n|t:|1701172009\n|move|p2a: Rillaboom|High Horsepower|p1a: Scovillain\n|-crit|p1a: Scovillain\n|-end|p1a: Scovillain|Substitute\n|move|p1a: Scovillain|Flamethrower|p2a: Rillaboom\n|-supereffective|p2a: Rillaboom\n|-damage|p2a: Rillaboom|0 fnt\n|faint|p2a: Rillaboom\n|\n|-heal|p1a: Scovillain|94\/100|[from] Grassy Terrain\n|-heal|p1a: Scovillain|99\/100|[from] item: Leftovers\n|-ability|p1a: Scovillain|Moody|boost\n|-boost|p1a: Scovillain|atk|2\n|-unboost|p1a: Scovillain|spa|1\n|upkeep\n|\n|t:|1701172020\n|switch|p2a: Sneasler|Sneasler, F|100\/100\n|turn|14\n|\n|t:|1701172027\n|move|p2a: Sneasler|Dire Claw|p1a: Scovillain\n|-supereffective|p1a: Scovillain\n|-damage|p1a: Scovillain|17\/100\n|move|p1a: Scovillain|Substitute|p1a: Scovillain\n|-fail|p1a: Scovillain|move: Substitute|[weak]\n|\n|-heal|p1a: Scovillain|23\/100|[from] Grassy Terrain\n|-heal|p1a: Scovillain|29\/100|[from] item: Leftovers\n|-ability|p1a: Scovillain|Moody|boost\n|-boost|p1a: Scovillain|spa|2\n|-unboost|p1a: Scovillain|spe|1\n|upkeep\n|turn|15\n|\n|t:|1701172038\n|move|p1a: Scovillain|Protect|p1a: Scovillain\n|-singleturn|p1a: Scovillain|Protect\n|move|p2a: Sneasler|Dire Claw|p1a: Scovillain\n|-activate|p1a: Scovillain|move: Protect\n|\n|-heal|p1a: Scovillain|35\/100|[from] Grassy Terrain\n|-heal|p1a: Scovillain|41\/100|[from] item: Leftovers\n|-ability|p1a: Scovillain|Moody|boost\n|-boost|p1a: Scovillain|spe|2\n|-unboost|p1a: Scovillain|spa|1\n|upkeep\n|turn|16\n|\n|t:|1701172053\n|move|p1a: Scovillain|Flamethrower|p2a: Sneasler\n|-damage|p2a: Sneasler|32\/100\n|move|p2a: Sneasler|Dire Claw|p1a: Scovillain\n|-supereffective|p1a: Scovillain\n|-damage|p1a: Scovillain|0 fnt\n|faint|p1a: Scovillain\n|\n|-heal|p2a: Sneasler|38\/100|[from] Grassy Terrain\n|-fieldend|move: Grassy Terrain\n|upkeep\n|\n|t:|1701172064\n|switch|p1a: Arceus|Arceus|100\/100\n|turn|17\n|\n|t:|1701172069\n|switch|p2a: Quagsire|Quagsire, M|93\/100\n|move|p1a: Arceus|Extreme Speed|p2a: Quagsire\n|-damage|p2a: Quagsire|69\/100\n|\n|-heal|p2a: Quagsire|75\/100|[from] item: Leftovers\n|upkeep\n|turn|18\n|\n|t:|1701172079\n|move|p1a: Arceus|Swords Dance|p1a: Arceus\n|-boost|p1a: Arceus|atk|2\n|move|p2a: Quagsire|Recover|p2a: Quagsire\n|-heal|p2a: Quagsire|100\/100\n|\n|upkeep\n|turn|19\n|\n|t:|1701172085\n|move|p1a: Arceus|Swords Dance|p1a: Arceus\n|-boost|p1a: Arceus|atk|2\n|move|p2a: Quagsire|Toxic|p1a: Arceus\n|-status|p1a: Arceus|tox\n|\n|-damage|p1a: Arceus|94\/100 tox|[from] psn\n|upkeep\n|turn|20\n|\n|t:|1701172093\n|move|p2a: Quagsire|Protect|p2a: Quagsire\n|-singleturn|p2a: Quagsire|Protect\n|move|p1a: Arceus|Extreme Speed|p2a: Quagsire\n|-activate|p2a: Quagsire|move: Protect\n|\n|-heal|p1a: Arceus|100\/100 tox|[from] item: Leftovers\n|-damage|p1a: Arceus|88\/100 tox|[from] psn\n|upkeep\n|turn|21\n|\n|t:|1701172103\n|move|p1a: Arceus|Earthquake|p2a: Quagsire\n|-damage|p2a: Quagsire|81\/100\n|move|p2a: Quagsire|Recover|p2a: Quagsire\n|-heal|p2a: Quagsire|100\/100\n|\n|-heal|p1a: Arceus|94\/100 tox|[from] item: Leftovers\n|-damage|p1a: Arceus|76\/100 tox|[from] psn\n|upkeep\n|turn|22\n|\n|t:|1701172112\n|move|p2a: Quagsire|Protect|p2a: Quagsire\n|-singleturn|p2a: Quagsire|Protect\n|move|p1a: Arceus|Swords Dance|p1a: Arceus\n|-boost|p1a: Arceus|atk|2\n|\n|-heal|p1a: Arceus|82\/100 tox|[from] item: Leftovers\n|-damage|p1a: Arceus|58\/100 tox|[from] psn\n|upkeep\n|turn|23\n|\n|t:|1701172121\n|move|p1a: Arceus|Extreme Speed|p2a: Quagsire\n|-damage|p2a: Quagsire|76\/100\n|move|p2a: Quagsire|Recover|p2a: Quagsire\n|-heal|p2a: Quagsire|100\/100\n|\n|-heal|p1a: Arceus|64\/100 tox|[from] item: Leftovers\n|-damage|p1a: Arceus|34\/100 tox|[from] psn\n|upkeep\n|turn|24\n|\n|t:|1701172133\n|switch|p1a: Annihilape|Annihilape, M|100\/100\n|move|p2a: Quagsire|Protect||[still]\n|-fail|p2a: Quagsire\n|\n|upkeep\n|turn|25\n|\n|t:|1701172139\n|move|p1a: Annihilape|Taunt|p2a: Quagsire\n|-start|p2a: Quagsire|move: Taunt\n|cant|p2a: Quagsire|move: Taunt|Toxic\n|\n|upkeep\n|turn|26\n|\n|t:|1701172146\n|switch|p2a: Ribombee|Ribombee, M|100\/100\n|move|p1a: Annihilape|Bulk Up|p1a: Annihilape\n|-boost|p1a: Annihilape|atk|1\n|-boost|p1a: Annihilape|def|1\n|\n|upkeep\n|turn|27\n|\n|t:|1701172155\n|-terastallize|p1a: Annihilape|Normal\n|move|p2a: Ribombee|Sticky Web|p1a: Annihilape\n|-sidestart|p1: leftovers123456|move: Sticky Web\n|move|p1a: Annihilape|Rage Fist|p2a: Ribombee\n|-damage|p2a: Ribombee|28\/100\n|\n|upkeep\n|turn|28\n|\n|t:|1701172174\n|move|p2a: Ribombee|Moonblast|p1a: Annihilape\n|-damage|p1a: Annihilape|64\/100\n|move|p1a: Annihilape|Bulk Up|p1a: Annihilape\n|-boost|p1a: Annihilape|atk|1\n|-boost|p1a: Annihilape|def|1\n|\n|-heal|p1a: Annihilape|71\/100|[from] item: Leftovers\n|upkeep\n|turn|29\n|\n|t:|1701172184\n|move|p2a: Ribombee|Moonblast|p1a: Annihilape\n|-damage|p1a: Annihilape|32\/100\n|-unboost|p1a: Annihilape|spa|1\n|-ability|p1a: Annihilape|Defiant|boost\n|-boost|p1a: Annihilape|atk|2\n|move|p1a: Annihilape|Drain Punch|p2a: Ribombee\n|-resisted|p2a: Ribombee\n|-damage|p2a: Ribombee|0 fnt\n|-heal|p1a: Annihilape|41\/100|[from] drain|[of] p2a: Ribombee\n|faint|p2a: Ribombee\n|\n|-heal|p1a: Annihilape|47\/100|[from] item: Leftovers\n|upkeep\n|\n|t:|1701172189\n|switch|p2a: Breloom|Breloom, M|100\/100\n|turn|30\n|\n|t:|1701172198\n|move|p2a: Breloom|Spore|p1a: Annihilape\n|-status|p1a: Annihilape|slp|[from] move: Spore\n|cant|p1a: Annihilape|slp\n|\n|-heal|p1a: Annihilape|53\/100 slp|[from] item: Leftovers\n|-status|p2a: Breloom|tox|[from] item: Toxic Orb\n|upkeep\n|turn|31\n|\n|t:|1701172205\n|move|p2a: Breloom|Substitute|p2a: Breloom\n|-start|p2a: Breloom|Substitute\n|-damage|p2a: Breloom|75\/100 tox\n|cant|p1a: Annihilape|slp\n|\n|-heal|p1a: Annihilape|59\/100 slp|[from] item: Leftovers\n|-heal|p2a: Breloom|88\/100 tox|[from] ability: Poison Heal\n|upkeep\n|turn|32\n|\n|t:|1701172213\n|move|p2a: Breloom|Leech Seed|p1a: Annihilape\n|-start|p1a: Annihilape|move: Leech Seed\n|-curestatus|p1a: Annihilape|slp|[msg]\n|move|p1a: Annihilape|Drain Punch|p2a: Breloom\n|-end|p2a: Breloom|Substitute\n|-heal|p1a: Annihilape|69\/100|[from] drain|[of] p2a: Breloom\n|\n|-heal|p1a: Annihilape|75\/100|[from] item: Leftovers\n|-damage|p1a: Annihilape|63\/100|[from] Leech Seed|[of] p2a: Breloom\n|-heal|p2a: Breloom|100\/100 tox|[silent]\n|upkeep\n|turn|33\n|\n|t:|1701172225\n|move|p2a: Breloom|Spore|p1a: Annihilape\n|-status|p1a: Annihilape|slp|[from] move: Spore\n|cant|p1a: Annihilape|slp\n|\n|-heal|p1a: Annihilape|69\/100 slp|[from] item: Leftovers\n|-damage|p1a: Annihilape|56\/100 slp|[from] Leech Seed|[of] p2a: Breloom\n|upkeep\n|turn|34\n|\n|t:|1701172235\n|switch|p1a: Arceus|Arceus|34\/100 tox\n|-activate|p1a: Arceus|move: Sticky Web\n|-unboost|p1a: Arceus|spe|1\n|move|p2a: Breloom|Substitute|p2a: Breloom\n|-start|p2a: Breloom|Substitute\n|-damage|p2a: Breloom|75\/100 tox\n|\n|-heal|p1a: Arceus|40\/100 tox|[from] item: Leftovers\n|-heal|p2a: Breloom|88\/100 tox|[from] ability: Poison Heal\n|-damage|p1a: Arceus|34\/100 tox|[from] psn\n|upkeep\n|turn|35\n|\n|t:|1701172248\n|move|p1a: Arceus|Extreme Speed|p2a: Breloom\n|-end|p2a: Breloom|Substitute\n|move|p2a: Breloom|Substitute|p2a: Breloom\n|-start|p2a: Breloom|Substitute\n|-damage|p2a: Breloom|63\/100 tox\n|\n|-heal|p1a: Arceus|40\/100 tox|[from] item: Leftovers\n|-heal|p2a: Breloom|75\/100 tox|[from] ability: Poison Heal\n|-damage|p1a: Arceus|28\/100 tox|[from] psn\n|upkeep\n|turn|36\n|\n|t:|1701172257\n|move|p1a: Arceus|Extreme Speed|p2a: Breloom\n|-end|p2a: Breloom|Substitute\n|move|p2a: Breloom|Substitute|p2a: Breloom\n|-start|p2a: Breloom|Substitute\n|-damage|p2a: Breloom|50\/100 tox\n|\n|-heal|p1a: Arceus|34\/100 tox|[from] item: Leftovers\n|-heal|p2a: Breloom|63\/100 tox|[from] ability: Poison Heal\n|-damage|p1a: Arceus|15\/100 tox|[from] psn\n|upkeep\n|turn|37\n|\n|t:|1701172274\n|move|p2a: Breloom|Substitute|p2a: Breloom\n|-fail|p2a: Breloom|move: Substitute\n|move|p1a: Arceus|Recover|p1a: Arceus\n|-heal|p1a: Arceus|65\/100 tox\n|\n|-heal|p1a: Arceus|71\/100 tox|[from] item: Leftovers\n|-heal|p2a: Breloom|75\/100 tox|[from] ability: Poison Heal\n|-damage|p1a: Arceus|47\/100 tox|[from] psn\n|upkeep\n|turn|38\n|\n|t:|1701172285\n|move|p1a: Arceus|Extreme Speed|p2a: Breloom\n|-end|p2a: Breloom|Substitute\n|move|p2a: Breloom|Substitute|p2a: Breloom\n|-start|p2a: Breloom|Substitute\n|-damage|p2a: Breloom|50\/100 tox\n|\n|-heal|p1a: Arceus|53\/100 tox|[from] item: Leftovers\n|-heal|p2a: Breloom|62\/100 tox|[from] ability: Poison Heal\n|-damage|p1a: Arceus|23\/100 tox|[from] psn\n|upkeep\n|turn|39\n|\n|t:|1701172296\n|move|p1a: Arceus|Extreme Speed|p2a: Breloom\n|-end|p2a: Breloom|Substitute\n|move|p2a: Breloom|Drain Punch|p1a: Arceus\n|-supereffective|p1a: Arceus\n|-damage|p1a: Arceus|0 fnt\n|-heal|p2a: Breloom|78\/100 tox|[from] drain|[of] p1a: Arceus\n|faint|p1a: Arceus\n|\n|-heal|p2a: Breloom|90\/100 tox|[from] ability: Poison Heal\n|upkeep\n|\n|t:|1701172309\n|switch|p1a: Miraidon|Miraidon|100\/100\n|-activate|p1a: Miraidon|move: Sticky Web\n|-unboost|p1a: Miraidon|spe|1\n|-fieldstart|move: Electric Terrain|[from] ability: Hadron Engine|[of] p1a: Miraidon\n|turn|40\n|\n|t:|1701172323\n|switch|p2a: Clodsire|Clodsire, M|57\/100\n|move|p1a: Miraidon|Dragon Pulse|p2a: Clodsire\n|-damage|p2a: Clodsire|27\/100\n|\n|-heal|p2a: Clodsire|33\/100|[from] item: Leftovers\n|upkeep\n|turn|41\n|\n|t:|1701172330\n|move|p2a: Clodsire|Protect|p2a: Clodsire\n|-singleturn|p2a: Clodsire|Protect\n|move|p1a: Miraidon|Dragon Pulse|p2a: Clodsire\n|-activate|p2a: Clodsire|move: Protect\n|\n|-heal|p2a: Clodsire|39\/100|[from] item: Leftovers\n|upkeep\n|turn|42\n|-message|leftovers123456 forfeited.\n|\n|win|Red_Maple_tree\n|raw|leftovers123456's rating: 1395 &rarr; <strong>1373<\/strong><br \/>(-22 for losing)\n|raw|Red_Maple_tree's rating: 1366 &rarr; <strong>1388<\/strong><br \/>(+22 for winning)\n|l|\u2606leftovers123456\n","uploadtime":1701172342,"views":1,"p1id":"leftovers123456","p2id":"redmapletree","formatid":"gen9anythinggoes","rating":1373,"private":0,"password":""}