{"id":"gen9anythinggoes-1990810775","p1":"KirbyGames125","p2":"gwarncun","format":"[Gen 9] Anything Goes","log":"|j|\u2606KirbyGames125\n|j|\u2606gwarncun\n|t:|1700003191\n|gametype|singles\n|player|p1|KirbyGames125|nate|1218\n|player|p2|gwarncun|pokekid|1350\n|teamsize|p1|6\n|teamsize|p2|6\n|gen|9\n|tier|[Gen 9] Anything Goes\n|rated|\n|rule|HP Percentage Mod: HP is shown in percentages\n|rule|Endless Battle Clause: Forcing endless battles is banned\n|clearpoke\n|poke|p1|Grimmsnarl, M|\n|poke|p1|Palafin, F|\n|poke|p1|Espathra, F|\n|poke|p1|Sandy Shocks|\n|poke|p1|Maushold-Four|\n|poke|p1|Ogerpon-Hearthflame, F|\n|poke|p2|Masquerain, F|\n|poke|p2|Eiscue, F|\n|poke|p2|Pelipper, M|\n|poke|p2|Grimmsnarl, M|\n|poke|p2|Donphan, L1, F|\n|poke|p2|Polteageist-Antique|\n|teampreview\n|\n|t:|1700003210\n|start\n|switch|p1a: Grimmsnarl|Grimmsnarl, M, shiny|100\/100\n|switch|p2a: Polteageist|Polteageist-Antique|100\/100\n|turn|1\n|\n|t:|1700003219\n|switch|p2a: Grimmsnarl|Grimmsnarl, M, shiny|100\/100\n|move|p1a: Grimmsnarl|Light Screen|p1a: Grimmsnarl\n|-sidestart|p1: KirbyGames125|move: Light Screen\n|\n|upkeep\n|turn|2\n|\n|t:|1700003229\n|move|p1a: Grimmsnarl|Draining Kiss|p2a: Grimmsnarl\n|-supereffective|p2a: Grimmsnarl\n|-damage|p2a: Grimmsnarl|69\/100\n|move|p2a: Grimmsnarl|Spirit Break|p1a: Grimmsnarl\n|-supereffective|p1a: Grimmsnarl\n|-damage|p1a: Grimmsnarl|44\/100\n|-unboost|p1a: Grimmsnarl|spa|1\n|\n|-heal|p2a: Grimmsnarl|75\/100|[from] item: Leftovers\n|upkeep\n|turn|3\n|\n|t:|1700003239\n|move|p1a: Grimmsnarl|Reflect|p1a: Grimmsnarl\n|-sidestart|p1: KirbyGames125|Reflect\n|move|p2a: Grimmsnarl|Spirit Break|p1a: Grimmsnarl\n|-supereffective|p1a: Grimmsnarl\n|-damage|p1a: Grimmsnarl|17\/100\n|-unboost|p1a: Grimmsnarl|spa|1\n|\n|-heal|p2a: Grimmsnarl|81\/100|[from] item: Leftovers\n|upkeep\n|turn|4\n|\n|t:|1700003249\n|switch|p1a: Espathra|Espathra, F, shiny|100\/100\n|move|p2a: Grimmsnarl|Spirit Break|p1a: Espathra\n|-damage|p1a: Espathra|86\/100\n|-unboost|p1a: Espathra|spa|1\n|\n|-heal|p2a: Grimmsnarl|87\/100|[from] item: Leftovers\n|upkeep\n|turn|5\n|\n|t:|1700003259\n|move|p2a: Grimmsnarl|Taunt|p1a: Espathra\n|-start|p1a: Espathra|move: Taunt\n|cant|p1a: Espathra|move: Taunt|Calm Mind\n|\n|-heal|p2a: Grimmsnarl|93\/100|[from] item: Leftovers\n|-ability|p1a: Espathra|Speed Boost|boost\n|-boost|p1a: Espathra|spe|1\n|upkeep\n|turn|6\n|\n|t:|1700003270\n|move|p2a: Grimmsnarl|Sucker Punch|p1a: Espathra\n|-supereffective|p1a: Espathra\n|-damage|p1a: Espathra|57\/100\n|move|p1a: Espathra|Dazzling Gleam|p2a: Grimmsnarl\n|-supereffective|p2a: Grimmsnarl\n|-crit|p2a: Grimmsnarl\n|-damage|p2a: Grimmsnarl|34\/100\n|\n|-heal|p2a: Grimmsnarl|40\/100|[from] item: Leftovers\n|-ability|p1a: Espathra|Speed Boost|boost\n|-boost|p1a: Espathra|spe|1\n|upkeep\n|turn|7\n|\n|t:|1700003284\n|move|p1a: Espathra|Dazzling Gleam|p2a: Grimmsnarl\n|-supereffective|p2a: Grimmsnarl\n|-damage|p2a: Grimmsnarl|16\/100\n|move|p2a: Grimmsnarl|Spirit Break|p1a: Espathra\n|-damage|p1a: Espathra|42\/100\n|-unboost|p1a: Espathra|spa|1\n|\n|-heal|p2a: Grimmsnarl|22\/100|[from] item: Leftovers\n|-end|p1a: Espathra|move: Taunt\n|-ability|p1a: Espathra|Speed Boost|boost\n|-boost|p1a: Espathra|spe|1\n|upkeep\n|turn|8\n|\n|t:|1700003297\n|move|p2a: Grimmsnarl|Taunt|p1a: Espathra\n|-start|p1a: Espathra|move: Taunt\n|move|p1a: Espathra|Dazzling Gleam|p2a: Grimmsnarl\n|-supereffective|p2a: Grimmsnarl\n|-damage|p2a: Grimmsnarl|3\/100\n|\n|-heal|p2a: Grimmsnarl|9\/100|[from] item: Leftovers\n|-sideend|p1: KirbyGames125|move: Light Screen\n|-ability|p1a: Espathra|Speed Boost|boost\n|-boost|p1a: Espathra|spe|1\n|upkeep\n|turn|9\n|\n|t:|1700003333\n|move|p2a: Grimmsnarl|Parting Shot|p1a: Espathra\n|-unboost|p1a: Espathra|atk|1\n|-unboost|p1a: Espathra|spa|1\n|\n|t:|1700003337\n|switch|p2a: Masquerain|Masquerain, F, shiny|100\/100|[from] Parting Shot\n|-ability|p2a: Masquerain|Intimidate|boost\n|-unboost|p1a: Espathra|atk|1\n|move|p1a: Espathra|Dazzling Gleam|p2a: Masquerain\n|-damage|p2a: Masquerain|89\/100\n|\n|-ability|p1a: Espathra|Speed Boost|boost\n|-boost|p1a: Espathra|spe|1\n|upkeep\n|turn|10\n|\n|t:|1700003348\n|move|p1a: Espathra|Lumina Crash|p2a: Masquerain\n|-damage|p2a: Masquerain|72\/100\n|-unboost|p2a: Masquerain|spd|2\n|move|p2a: Masquerain|Quiver Dance|p2a: Masquerain\n|-boost|p2a: Masquerain|spa|1\n|-boost|p2a: Masquerain|spd|1\n|-boost|p2a: Masquerain|spe|1\n|\n|-end|p1a: Espathra|move: Taunt\n|-sideend|p1: KirbyGames125|Reflect\n|-ability|p1a: Espathra|Speed Boost|boost\n|-boost|p1a: Espathra|spe|1\n|upkeep\n|turn|11\n|\n|t:|1700003360\n|move|p1a: Espathra|Baton Pass|p1a: Espathra\n|\n|t:|1700003363\n|switch|p1a: Sandy Shocks|Sandy Shocks, shiny|100\/100|[from] Baton Pass\n|-enditem|p1a: Sandy Shocks|Booster Energy\n|-activate|p1a: Sandy Shocks|ability: Protosynthesis|[fromitem]\n|-start|p1a: Sandy Shocks|protosynthesisspe\n|move|p2a: Masquerain|Bug Buzz|p1a: Sandy Shocks\n|-damage|p1a: Sandy Shocks|53\/100\n|\n|upkeep\n|turn|12\n|\n|t:|1700003381\n|-terastallize|p2a: Masquerain|Bug\n|move|p1a: Sandy Shocks|Thunderbolt|p2a: Masquerain\n|-damage|p2a: Masquerain|33\/100\n|-enditem|p2a: Masquerain|Sitrus Berry|[eat]\n|-heal|p2a: Masquerain|57\/100|[from] item: Sitrus Berry\n|move|p2a: Masquerain|Bug Buzz|p1a: Sandy Shocks\n|-damage|p1a: Sandy Shocks|0 fnt\n|faint|p1a: Sandy Shocks\n|-end|p1a: Sandy Shocks|Protosynthesis|[silent]\n|\n|upkeep\n|\n|t:|1700003390\n|switch|p1a: Maushold|Maushold-Four, shiny|100\/100\n|turn|13\n|\n|t:|1700003398\n|move|p2a: Masquerain|Bug Buzz|p1a: Maushold\n|-damage|p1a: Maushold|15\/100\n|move|p1a: Maushold|Tidy Up|p1a: Maushold\n|-boost|p1a: Maushold|atk|1\n|-boost|p1a: Maushold|spe|1\n|\n|upkeep\n|turn|14\n|\n|t:|1700003410\n|switch|p2a: Polteageist|Polteageist-Antique|100\/100\n|move|p1a: Maushold|Baton Pass|p1a: Maushold\n|\n|t:|1700003414\n|switch|p1a: Ogerpon|Ogerpon-Hearthflame, F|100\/100|[from] Baton Pass\n|-ability|p1a: Ogerpon|Mold Breaker\n|\n|upkeep\n|turn|15\n|\n|t:|1700003422\n|-terastallize|p1a: Ogerpon|Fire\n|detailschange|p1a: Ogerpon|Ogerpon-Hearthflame-Tera, F, tera:Fire\n|-ability|p1a: Ogerpon|Embody Aspect (Hearthflame)|boost\n|-boost|p1a: Ogerpon|atk|1\n|move|p1a: Ogerpon|Knock Off|p2a: Polteageist\n|-supereffective|p2a: Polteageist\n|-enditem|p2a: Polteageist|Focus Sash\n|-damage|p2a: Polteageist|1\/100\n|-ability|p2a: Polteageist|Weak Armor|boost\n|-unboost|p2a: Polteageist|def|1\n|-boost|p2a: Polteageist|spe|2\n|move|p2a: Polteageist|Shell Smash|p2a: Polteageist\n|-unboost|p2a: Polteageist|def|1\n|-unboost|p2a: Polteageist|spd|1\n|-boost|p2a: Polteageist|atk|2\n|-boost|p2a: Polteageist|spa|2\n|-boost|p2a: Polteageist|spe|2\n|\n|upkeep\n|turn|16\n|\n|t:|1700003438\n|move|p2a: Polteageist|Stored Power|p1a: Ogerpon\n|-damage|p1a: Ogerpon|0 fnt\n|faint|p1a: Ogerpon\n|\n|upkeep\n|\n|t:|1700003442\n|switch|p1a: Palafin|Palafin, F, shiny|100\/100\n|turn|17\n|\n|t:|1700003454\n|move|p1a: Palafin|Jet Punch|p2a: Polteageist\n|-damage|p2a: Polteageist|0 fnt\n|faint|p2a: Polteageist\n|\n|upkeep\n|\n|t:|1700003469\n|switch|p2a: Masquerain|Masquerain, F, shiny, tera:Bug|57\/100\n|-ability|p2a: Masquerain|Intimidate|boost\n|-unboost|p1a: Palafin|atk|1\n|turn|18\n|\n|t:|1700003477\n|move|p1a: Palafin|Flip Turn|p2a: Masquerain\n|-damage|p2a: Masquerain|41\/100\n|\n|t:|1700003482\n|detailschange|p1a: Palafin|Palafin-Hero, F, shiny\n|switch|p1a: Espathra|Espathra, F, shiny|42\/100|[from] Flip Turn\n|move|p2a: Masquerain|Quiver Dance|p2a: Masquerain\n|-boost|p2a: Masquerain|spa|1\n|-boost|p2a: Masquerain|spd|1\n|-boost|p2a: Masquerain|spe|1\n|\n|upkeep\n|turn|19\n|\n|t:|1700003491\n|move|p2a: Masquerain|Bug Buzz|p1a: Espathra\n|-supereffective|p1a: Espathra\n|-damage|p1a: Espathra|0 fnt\n|faint|p1a: Espathra\n|\n|upkeep\n|\n|t:|1700003495\n|switch|p1a: Palafin|Palafin-Hero, F, shiny|100\/100\n|-activate|p1a: Palafin|ability: Zero to Hero\n|turn|20\n|\n|t:|1700003501\n|move|p1a: Palafin|Jet Punch|p2a: Masquerain\n|-damage|p2a: Masquerain|0 fnt\n|faint|p2a: Masquerain\n|\n|upkeep\n|\n|t:|1700003514\n|switch|p2a: Donphan|Donphan, L1, F|100\/100\n|turn|21\n|\n|t:|1700003518\n|move|p1a: Palafin|Bulk Up|p1a: Palafin\n|-boost|p1a: Palafin|atk|1\n|-boost|p1a: Palafin|def|1\n|move|p2a: Donphan|Endeavor|p1a: Palafin\n|-damage|p1a: Palafin|4\/100\n|\n|-heal|p1a: Palafin|10\/100|[from] item: Leftovers\n|upkeep\n|turn|22\n|\n|t:|1700003529\n|move|p1a: Palafin|Bulk Up|p1a: Palafin\n|-boost|p1a: Palafin|atk|1\n|-boost|p1a: Palafin|def|1\n|move|p2a: Donphan|Stealth Rock|p1a: Palafin\n|-sidestart|p1: KirbyGames125|move: Stealth Rock\n|\n|-heal|p1a: Palafin|17\/100|[from] item: Leftovers\n|upkeep\n|turn|23\n|\n|t:|1700003542\n|move|p1a: Palafin|Bulk Up|p1a: Palafin\n|-boost|p1a: Palafin|atk|1\n|-boost|p1a: Palafin|def|1\n|move|p2a: Donphan|Endeavor|p1a: Palafin\n|-damage|p1a: Palafin|4\/100\n|\n|-heal|p1a: Palafin|10\/100|[from] item: Leftovers\n|upkeep\n|turn|24\n|\n|t:|1700003551\n|move|p1a: Palafin|Bulk Up|p1a: Palafin\n|-boost|p1a: Palafin|atk|1\n|-boost|p1a: Palafin|def|1\n|move|p2a: Donphan|Endeavor|p1a: Palafin\n|-damage|p1a: Palafin|4\/100\n|\n|-heal|p1a: Palafin|10\/100|[from] item: Leftovers\n|upkeep\n|turn|25\n|\n|t:|1700003561\n|move|p1a: Palafin|Bulk Up|p1a: Palafin\n|-boost|p1a: Palafin|atk|1\n|-boost|p1a: Palafin|def|1\n|move|p2a: Donphan|Endeavor|p1a: Palafin\n|-damage|p1a: Palafin|4\/100\n|\n|-heal|p1a: Palafin|10\/100|[from] item: Leftovers\n|upkeep\n|turn|26\n|\n|t:|1700003572\n|move|p1a: Palafin|Bulk Up|p1a: Palafin\n|-boost|p1a: Palafin|atk|1\n|-boost|p1a: Palafin|def|1\n|move|p2a: Donphan|Endeavor|p1a: Palafin\n|-damage|p1a: Palafin|4\/100\n|\n|-heal|p1a: Palafin|10\/100|[from] item: Leftovers\n|upkeep\n|turn|27\n|\n|t:|1700003582\n|move|p1a: Palafin|Jet Punch|p2a: Donphan\n|-supereffective|p2a: Donphan\n|-ability|p2a: Donphan|Sturdy\n|-damage|p2a: Donphan|8\/100\n|move|p2a: Donphan|Endeavor|p1a: Palafin\n|-damage|p1a: Palafin|1\/100\n|-heal|p2a: Donphan|39\/100|[from] item: Shell Bell|[of] p1a: Palafin\n|\n|-heal|p1a: Palafin|7\/100|[from] item: Leftovers\n|upkeep\n|turn|28\n|\n|t:|1700003595\n|move|p1a: Palafin|Jet Punch|p2a: Donphan\n|-supereffective|p2a: Donphan\n|-damage|p2a: Donphan|0 fnt\n|faint|p2a: Donphan\n|\n|-heal|p1a: Palafin|13\/100|[from] item: Leftovers\n|upkeep\n|\n|t:|1700003607\n|switch|p2a: Grimmsnarl|Grimmsnarl, M, shiny|9\/100\n|turn|29\n|\n|t:|1700003610\n|move|p1a: Palafin|Jet Punch|p2a: Grimmsnarl\n|-crit|p2a: Grimmsnarl\n|-damage|p2a: Grimmsnarl|0 fnt\n|faint|p2a: Grimmsnarl\n|\n|-heal|p1a: Palafin|19\/100|[from] item: Leftovers\n|upkeep\n|\n|t:|1700003618\n|switch|p2a: Eiscue|Eiscue, F|100\/100\n|turn|30\n|\n|t:|1700003623\n|move|p1a: Palafin|Jet Punch|p2a: Eiscue\n|-activate|p2a: Eiscue|ability: Ice Face\n|-damage|p2a: Eiscue|100\/100\n|detailschange|p2a: Eiscue|Eiscue-Noice, F\n|move|p2a: Eiscue|Ice Spinner|p1a: Palafin\n|-resisted|p1a: Palafin\n|-damage|p1a: Palafin|16\/100\n|\n|-heal|p1a: Palafin|22\/100|[from] item: Leftovers\n|upkeep\n|turn|31\n|\n|t:|1700003634\n|move|p1a: Palafin|Jet Punch|p2a: Eiscue\n|-damage|p2a: Eiscue|0 fnt\n|faint|p2a: Eiscue\n|\n|-heal|p1a: Palafin|28\/100|[from] item: Leftovers\n|upkeep\n|\n|t:|1700003640\n|switch|p2a: Pelipper|Pelipper, M|100\/100\n|-weather|RainDance|[from] ability: Drizzle|[of] p2a: Pelipper\n|turn|32\n|\n|t:|1700003646\n|move|p1a: Palafin|Ice Punch|p2a: Pelipper\n|-damage|p2a: Pelipper|0 fnt\n|faint|p2a: Pelipper\n|\n|win|KirbyGames125\n|raw|KirbyGames125's rating: 1218 &rarr; <strong>1252<\/strong><br \/>(+34 for winning)\n|raw|gwarncun's rating: 1350 &rarr; <strong>1323<\/strong><br \/>(-27 for losing)\n|l|\u2606gwarncun\n","uploadtime":1700003655,"views":5,"p1id":"kirbygames125","p2id":"gwarncun","formatid":"gen9anythinggoes","rating":1252,"private":0,"password":""}