{"id":"gen9anythinggoes-1991431951","p1":"WalmartAdine","p2":"Demon85","format":"[Gen 9] Anything Goes","log":"|j|\u2606WalmartAdine\n|j|\u2606Demon85\n|t:|1700076590\n|gametype|singles\n|player|p1|WalmartAdine|swimmer-gen4|\n|player|p2|Demon85|170|\n|teamsize|p1|6\n|teamsize|p2|6\n|gen|9\n|tier|[Gen 9] Anything Goes\n|rule|HP Percentage Mod: HP is shown in percentages\n|rule|Endless Battle Clause: Forcing endless battles is banned\n|clearpoke\n|poke|p1|Chien-Pao|\n|poke|p1|Gliscor, M|\n|poke|p1|Palafin, M|\n|poke|p1|Miraidon|\n|poke|p1|Zacian-*|\n|poke|p1|Samurott-Hisui, M|\n|poke|p2|Mewtwo|\n|poke|p2|Zapdos|\n|poke|p2|Gengar, M|\n|poke|p2|Snorlax, F|\n|poke|p2|Salamence, M|\n|poke|p2|Tyranitar, M|\n|teampreview\n|\n|t:|1700076600\n|start\n|switch|p1a: Palafin|Palafin, M|100\/100\n|switch|p2a: Zapdos|Zapdos|100\/100\n|-ability|p2a: Zapdos|Pressure\n|turn|1\n|\n|t:|1700076607\n|move|p1a: Palafin|Flip Turn|p2a: Zapdos\n|-damage|p2a: Zapdos|66\/100\n|\n|t:|1700076615\n|detailschange|p1a: Palafin|Palafin-Hero, M\n|switch|p1a: Miraidon|Miraidon|100\/100|[from] Flip Turn\n|-fieldstart|move: Electric Terrain|[from] ability: Hadron Engine|[of] p1a: Miraidon\n|move|p2a: Zapdos|Thunder Wave|p1a: Miraidon\n|-immune|p1a: Miraidon\n|\n|upkeep\n|turn|2\n|\n|t:|1700076624\n|move|p1a: Miraidon|Volt Switch|p2a: Zapdos\n|-damage|p2a: Zapdos|0 fnt\n|faint|p2a: Zapdos\n|\n|t:|1700076628\n|switch|p1a: Samurott|Samurott-Hisui, M|100\/100|[from] Volt Switch\n|\n|upkeep\n|\n|t:|1700076650\n|switch|p2a: Snorlax|Snorlax, F|100\/100\n|turn|3\n|\n|t:|1700076659\n|move|p1a: Samurott|Ceaseless Edge|p2a: Snorlax\n|-damage|p2a: Snorlax|50\/100\n|-sidestart|p2: Demon85|Spikes\n|move|p2a: Snorlax|Giga Impact|p1a: Samurott\n|-damage|p1a: Samurott|9\/100\n|-mustrecharge|p2a: Snorlax\n|\n|-heal|p2a: Snorlax|56\/100|[from] item: Leftovers\n|upkeep\n|turn|4\n|\n|t:|1700076666\n|move|p1a: Samurott|Ceaseless Edge|p2a: Snorlax\n|-damage|p2a: Snorlax|5\/100\n|-sidestart|p2: Demon85|Spikes\n|cant|p2a: Snorlax|recharge\n|\n|-heal|p2a: Snorlax|11\/100|[from] item: Leftovers\n|upkeep\n|turn|5\n|\n|t:|1700076672\n|move|p1a: Samurott|Ceaseless Edge|p2a: Snorlax\n|-damage|p2a: Snorlax|0 fnt\n|-sidestart|p2: Demon85|Spikes\n|faint|p2a: Snorlax\n|\n|-fieldend|move: Electric Terrain\n|upkeep\n|\n|t:|1700076679\n|switch|p2a: Gengar|Gengar, M|100\/100\n|-damage|p2a: Gengar|76\/100|[from] Spikes\n|turn|6\n|\n|t:|1700076688\n|move|p2a: Gengar|Shadow Ball|p1a: Samurott\n|-resisted|p1a: Samurott\n|-damage|p1a: Samurott|0 fnt\n|faint|p1a: Samurott\n|\n|-heal|p2a: Gengar|82\/100|[from] item: Leftovers\n|upkeep\n|\n|t:|1700076703\n|switch|p1a: Chien-Pao|Chien-Pao|100\/100\n|-ability|p1a: Chien-Pao|Sword of Ruin\n|turn|7\n|\n|t:|1700076712\n|move|p1a: Chien-Pao|Crunch|p2a: Gengar\n|-supereffective|p2a: Gengar\n|-damage|p2a: Gengar|0 fnt\n|faint|p2a: Gengar\n|\n|upkeep\n|\n|t:|1700076740\n|switch|p2a: Salamence|Salamence, M|100\/100\n|-ability|p2a: Salamence|Intimidate|boost\n|-unboost|p1a: Chien-Pao|atk|1\n|turn|8\n|\n|t:|1700076745\n|switch|p1a: Palafin|Palafin-Hero, M|100\/100\n|-activate|p1a: Palafin|ability: Zero to Hero\n|move|p2a: Salamence|Dragon Dance|p2a: Salamence\n|-boost|p2a: Salamence|atk|1\n|-boost|p2a: Salamence|spe|1\n|\n|upkeep\n|turn|9\n|\n|t:|1700076760\n|move|p2a: Salamence|Draco Meteor|p1a: Palafin\n|-damage|p1a: Palafin|29\/100\n|-unboost|p2a: Salamence|spa|2\n|move|p1a: Palafin|Ice Punch|p2a: Salamence\n|-supereffective|p2a: Salamence\n|-damage|p2a: Salamence|0 fnt\n|faint|p2a: Salamence\n|\n|upkeep\n|\n|t:|1700076766\n|switch|p2a: Tyranitar|Tyranitar, M|100\/100\n|-damage|p2a: Tyranitar|75\/100|[from] Spikes\n|-weather|Sandstorm|[from] ability: Sand Stream|[of] p2a: Tyranitar\n|turn|10\n|\n|t:|1700076773\n|switch|p1a: Zacian|Zacian-Crowned|100\/100\n|-ability|p1a: Zacian|Intrepid Sword|boost\n|-boost|p1a: Zacian|atk|1\n|move|p2a: Tyranitar|Crunch|p1a: Zacian\n|-resisted|p1a: Zacian\n|-damage|p1a: Zacian|79\/100\n|-unboost|p1a: Zacian|def|1\n|\n|-weather|Sandstorm|[upkeep]\n|-heal|p2a: Tyranitar|82\/100|[from] item: Leftovers\n|upkeep\n|turn|11\n|\n|t:|1700076784\n|-terastallize|p2a: Tyranitar|Rock\n|move|p1a: Zacian|Sacred Sword|p2a: Tyranitar\n|-supereffective|p2a: Tyranitar\n|-damage|p2a: Tyranitar|0 fnt\n|faint|p2a: Tyranitar\n|\n|-weather|Sandstorm|[upkeep]\n|upkeep\n|\n|t:|1700076788\n|switch|p2a: Mewtwo|Mewtwo|100\/100\n|-ability|p2a: Mewtwo|Unnerve\n|-damage|p2a: Mewtwo|76\/100|[from] Spikes\n|turn|12\n|\n|t:|1700076797\n|switch|p1a: Gliscor|Gliscor, M|100\/100\n|move|p2a: Mewtwo|Calm Mind|p2a: Mewtwo\n|-boost|p2a: Mewtwo|spa|1\n|-boost|p2a: Mewtwo|spd|1\n|\n|-weather|Sandstorm|[upkeep]\n|-damage|p2a: Mewtwo|69\/100|[from] Sandstorm\n|-heal|p2a: Mewtwo|76\/100|[from] item: Leftovers\n|-status|p1a: Gliscor|tox|[from] item: Toxic Orb\n|upkeep\n|turn|13\n|\n|t:|1700076808\n|move|p2a: Mewtwo|Psystrike|p1a: Gliscor\n|-damage|p1a: Gliscor|20\/100 tox\n|move|p1a: Gliscor|Swords Dance|p1a: Gliscor\n|-boost|p1a: Gliscor|atk|2\n|\n|-weather|Sandstorm|[upkeep]\n|-damage|p2a: Mewtwo|69\/100|[from] Sandstorm\n|-heal|p2a: Mewtwo|76\/100|[from] item: Leftovers\n|-heal|p1a: Gliscor|32\/100 tox|[from] ability: Poison Heal\n|upkeep\n|turn|14\n|\n|t:|1700076818\n|move|p2a: Mewtwo|Psystrike|p1a: Gliscor\n|-damage|p1a: Gliscor|0 fnt\n|faint|p1a: Gliscor\n|\n|-weather|none\n|-heal|p2a: Mewtwo|82\/100|[from] item: Leftovers\n|upkeep\n|\n|t:|1700076825\n|switch|p1a: Chien-Pao|Chien-Pao|100\/100\n|-ability|p1a: Chien-Pao|Sword of Ruin\n|turn|15\n|\n|t:|1700076832\n|move|p1a: Chien-Pao|Crunch|p2a: Mewtwo\n|-supereffective|p2a: Mewtwo\n|-damage|p2a: Mewtwo|0 fnt\n|faint|p2a: Mewtwo\n|\n|win|WalmartAdine\n|l|\u2606Demon85\n","uploadtime":1700076838,"views":4,"p1id":"walmartadine","p2id":"demon85","formatid":"gen9anythinggoes","rating":0,"private":0,"password":""}