{"id":"gen9anythinggoes-1998260429","p1":"Bird.gov","p2":"UltimoTheNerd","format":"[Gen 9] Anything Goes","log":"|j|\u2606Bird.gov\n|j|\u2606UltimoTheNerd\n|t:|1700921329\n|gametype|singles\n|player|p1|Bird.gov|lady|\n|player|p2|UltimoTheNerd|pokemaniac|\n|teamsize|p1|6\n|teamsize|p2|6\n|gen|9\n|tier|[Gen 9] Anything Goes\n|rule|HP Percentage Mod: HP is shown in percentages\n|rule|Endless Battle Clause: Forcing endless battles is banned\n|clearpoke\n|poke|p1|Salazzle, F|\n|poke|p1|Pawmot, F|\n|poke|p1|Scizor, F|\n|poke|p1|Maushold-Four|\n|poke|p1|Heracross, M|\n|poke|p1|Sudowoodo, F|\n|poke|p2|Magnezone|\n|poke|p2|Slither Wing|\n|poke|p2|Donphan, M|\n|poke|p2|Dragalge, F|\n|poke|p2|Arboliva, F|\n|poke|p2|Charizard, M|\n|teampreview\n|j| Silverwolf3030\n|j| ThorbsIRM\n|\n|t:|1700921657\n|start\n|switch|p1a: UwU|Pawmot, F|100\/100\n|switch|p2a: Roland|Donphan, M|100\/100\n|turn|1\n|\n|t:|1700921876\n|switch|p1a: >:3|Salazzle, F|100\/100\n|-item|p1a: >:3|Air Balloon\n|move|p2a: Roland|Stealth Rock|p1a: >:3\n|-sidestart|p1: Bird.gov|move: Stealth Rock\n|\n|upkeep\n|turn|2\n|\n|t:|1700921892\n|switch|p2a: Kelp Yourself|Dragalge, F|100\/100\n|move|p1a: >:3|Toxic|p2a: Kelp Yourself\n|-status|p2a: Kelp Yourself|tox\n|\n|-damage|p2a: Kelp Yourself|95\/100 tox|[from] psn\n|upkeep\n|turn|3\n|\n|t:|1700922079\n|switch|p1a: DwD|Scizor, F|100\/100\n|-damage|p1a: DwD|88\/100|[from] Stealth Rock\n|move|p2a: Kelp Yourself|Surf|p1a: DwD\n|-damage|p1a: DwD|60\/100\n|\n|-damage|p2a: Kelp Yourself|83\/100 tox|[from] psn\n|upkeep\n|turn|4\n|\n|t:|1700922185\n|switch|p2a: Cobalt|Magnezone|100\/100\n|move|p1a: DwD|U-turn|p2a: Cobalt\n|-resisted|p2a: Cobalt\n|-damage|p2a: Cobalt|74\/100\n|\n|t:|1700922253\n|switch|p1a: >:3|Salazzle, F|100\/100|[from] U-turn\n|-damage|p1a: >:3|76\/100|[from] Stealth Rock\n|-item|p1a: >:3|Air Balloon\n|\n|upkeep\n|turn|5\n|\n|t:|1700922284\n|switch|p2a: Zippy|Charizard, M|100\/100\n|move|p1a: >:3|Overheat|p2a: Zippy\n|-resisted|p2a: Zippy\n|-damage|p2a: Zippy|62\/100\n|-unboost|p1a: >:3|spa|2\n|\n|upkeep\n|turn|6\n|\n|t:|1700922318\n|move|p2a: Zippy|Flamethrower|p1a: >:3\n|-resisted|p1a: >:3\n|-damage|p1a: >:3|33\/100\n|-enditem|p1a: >:3|Air Balloon\n|move|p1a: >:3|Knock Off|p2a: Zippy\n|-damage|p2a: Zippy|43\/100\n|-enditem|p2a: Zippy|Choice Scarf|[from] move: Knock Off|[of] p1a: >:3\n|\n|upkeep\n|turn|7\n|\n|t:|1700922364\n|switch|p2a: Kelp Yourself|Dragalge, F|83\/100 tox\n|move|p1a: >:3|Toxic|p2a: Kelp Yourself\n|-fail|p2a: Kelp Yourself|tox\n|\n|-damage|p2a: Kelp Yourself|77\/100 tox|[from] psn\n|upkeep\n|turn|8\n|\n|t:|1700922452\n|switch|p1a: UwU|Pawmot, F|100\/100\n|-damage|p1a: UwU|94\/100|[from] Stealth Rock\n|move|p2a: Kelp Yourself|Sludge Bomb|p1a: UwU\n|-damage|p1a: UwU|9\/100\n|\n|-damage|p2a: Kelp Yourself|65\/100 tox|[from] psn\n|upkeep\n|turn|9\n|\n|t:|1700922531\n|-terastallize|p1a: UwU|Electric\n|move|p1a: UwU|Ice Punch|p2a: Kelp Yourself\n|-supereffective|p2a: Kelp Yourself\n|-damage|p2a: Kelp Yourself|21\/100 tox\n|move|p2a: Kelp Yourself|Sludge Bomb|p1a: UwU\n|-damage|p1a: UwU|0 fnt\n|faint|p1a: UwU\n|\n|-damage|p2a: Kelp Yourself|3\/100 tox|[from] psn\n|upkeep\n|\n|t:|1700922675\n|switch|p1a: :3|Heracross, M|100\/100\n|-damage|p1a: :3|88\/100|[from] Stealth Rock\n|turn|10\n|\n|t:|1700922699\n|move|p1a: :3|Trailblaze|p2a: Kelp Yourself\n|-resisted|p2a: Kelp Yourself\n|-damage|p2a: Kelp Yourself|0 fnt\n|-boost|p1a: :3|spe|1\n|faint|p2a: Kelp Yourself\n|\n|-status|p1a: :3|brn|[from] item: Flame Orb\n|upkeep\n|\n|t:|1700922865\n|switch|p2a: High Noon|Slither Wing|100\/100\n|turn|11\n|\n|t:|1700922895\n|move|p1a: :3|Facade|p2a: High Noon\n|-damage|p2a: High Noon|0 fnt\n|faint|p2a: High Noon\n|-end|p2a: High Noon|Protosynthesis|[silent]\n|\n|-damage|p1a: :3|82\/100 brn|[from] brn\n|upkeep\n|\n|t:|1700922968\n|switch|p2a: Roland|Donphan, M|100\/100\n|turn|12\n|\n|t:|1700923085\n|move|p1a: :3|Close Combat|p2a: Roland\n|-damage|p2a: Roland|20\/100\n|-unboost|p1a: :3|def|1\n|-unboost|p1a: :3|spd|1\n|-damage|p1a: :3|66\/100 brn|[from] item: Rocky Helmet|[of] p2a: Roland\n|move|p2a: Roland|Earthquake|p1a: :3\n|-resisted|p1a: :3\n|-damage|p1a: :3|10\/100 brn\n|\n|-damage|p1a: :3|4\/100 brn|[from] brn\n|upkeep\n|turn|13\n|\n|t:|1700923123\n|move|p1a: :3|Close Combat|p2a: Roland\n|-damage|p2a: Roland|0 fnt\n|-unboost|p1a: :3|def|1\n|-unboost|p1a: :3|spd|1\n|-damage|p1a: :3|0 fnt|[from] item: Rocky Helmet|[of] p2a: Roland\n|faint|p2a: Roland\n|faint|p1a: :3\n|\n|upkeep\n|\n|t:|1700923159\n|switch|p1a: >:3|Salazzle, F|33\/100\n|switch|p2a: Gumtree|Arboliva, F|100\/100\n|-damage|p1a: >:3|8\/100|[from] Stealth Rock\n|turn|14\n|\n|t:|1700923188\n|-terastallize|p2a: Gumtree|Grass\n|move|p1a: >:3|Toxic|p2a: Gumtree\n|-status|p2a: Gumtree|tox\n|move|p2a: Gumtree|Earth Power|p1a: >:3\n|-supereffective|p1a: >:3\n|-damage|p1a: >:3|0 fnt\n|faint|p1a: >:3\n|\n|-damage|p2a: Gumtree|94\/100 tox|[from] psn\n|upkeep\n|\n|t:|1700923279\n|switch|p1a: o.o OwO OwO o.o|Maushold-Four|100\/100\n|-damage|p1a: o.o OwO OwO o.o|88\/100|[from] Stealth Rock\n|turn|15\n|\n|t:|1700923318\n|move|p1a: o.o OwO OwO o.o|Population Bomb|p2a: Gumtree\n|-damage|p2a: Gumtree|84\/100 tox\n|-fieldstart|move: Grassy Terrain|[from] ability: Seed Sower|[of] p2a: Gumtree\n|-damage|p2a: Gumtree|74\/100 tox\n|-crit|p2a: Gumtree\n|-damage|p2a: Gumtree|59\/100 tox\n|-damage|p2a: Gumtree|49\/100 tox\n|-damage|p2a: Gumtree|40\/100 tox\n|-damage|p2a: Gumtree|29\/100 tox\n|-damage|p2a: Gumtree|20\/100 tox\n|-damage|p2a: Gumtree|10\/100 tox\n|-damage|p2a: Gumtree|1\/100 tox\n|-damage|p2a: Gumtree|0 fnt\n|faint|p2a: Gumtree\n|-hitcount|p2: Gumtree|10\n|\n|-heal|p1a: o.o OwO OwO o.o|94\/100|[from] Grassy Terrain\n|upkeep\n|\n|t:|1700923337\n|switch|p2a: Cobalt|Magnezone|74\/100\n|turn|16\n|c|\u2606UltimoTheNerd|!data Palkia\n|raw|<div class=\"message\"><ul class=\"utilichart\"><li class=\"result\"><span class=\"col numcol\">Uber<\/span> <span class=\"col iconcol\"><psicon pokemon=\"palkia\"\/><\/span> <span class=\"col pokemonnamecol\" style=\"white-space:nowrap\"><a href=\"https:\/\/dex.pokemonshowdown.com\/pokemon\/palkia\" target=\"_blank\">Palkia<\/a><\/span> <span class=\"col typecol\"><img src=\"https:\/\/play.pokemonshowdown.com\/sprites\/types\/Water.png\" alt=\"Water\" height=\"14\" width=\"32\"><img src=\"https:\/\/play.pokemonshowdown.com\/sprites\/types\/Dragon.png\" alt=\"Dragon\" height=\"14\" width=\"32\"><\/span> <span style=\"float:left;min-height:26px\"><span class=\"col abilitycol\">Pressure<\/span><span class=\"col abilitycol\"><em>Telepathy<\/em><\/span><\/span><span style=\"float:left;min-height:26px\"><span class=\"col statcol\"><em>HP<\/em><br \/>90<\/span> <span class=\"col statcol\"><em>Atk<\/em><br \/>120<\/span> <span class=\"col statcol\"><em>Def<\/em><br \/>100<\/span> <span class=\"col statcol\"><em>SpA<\/em><br \/>150<\/span> <span class=\"col statcol\"><em>SpD<\/em><br \/>120<\/span> <span class=\"col statcol\"><em>Spe<\/em><br \/>100<\/span> <span class=\"col bstcol\"><em>BST<br \/>680<\/em><\/span> <\/span><\/li><li style=\"clear:both\"><\/li><\/ul><\/div>\n\n|\n|t:|1700923580\n|move|p1a: o.o OwO OwO o.o|Low Kick|p2a: Cobalt\n|-supereffective|p2a: Cobalt\n|-damage|p2a: Cobalt|28\/100\n|move|p2a: Cobalt|Thunderbolt|p1a: o.o OwO OwO o.o\n|-damage|p1a: o.o OwO OwO o.o|0 fnt\n|faint|p1a: o.o OwO OwO o.o\n|\n|-heal|p2a: Cobalt|35\/100|[from] Grassy Terrain\n|upkeep\n|c|\u2606UltimoTheNerd|!data Gloom\n|raw|<div class=\"message\"><ul class=\"utilichart\"><li class=\"result\"><span class=\"col numcol\">Illegal<\/span> <span class=\"col iconcol\"><psicon pokemon=\"gloom\"\/><\/span> <span class=\"col pokemonnamecol\" style=\"white-space:nowrap\"><a href=\"https:\/\/dex.pokemonshowdown.com\/pokemon\/gloom\" target=\"_blank\">Gloom<\/a><\/span> <span class=\"col typecol\"><img src=\"https:\/\/play.pokemonshowdown.com\/sprites\/types\/Grass.png\" alt=\"Grass\" height=\"14\" width=\"32\"><img src=\"https:\/\/play.pokemonshowdown.com\/sprites\/types\/Poison.png\" alt=\"Poison\" height=\"14\" width=\"32\"><\/span> <span style=\"float:left;min-height:26px\"><span class=\"col abilitycol\">Chlorophyll<\/span><span class=\"col abilitycol\"><em>Stench<\/em><\/span><\/span><span style=\"float:left;min-height:26px\"><span class=\"col statcol\"><em>HP<\/em><br \/>60<\/span> <span class=\"col statcol\"><em>Atk<\/em><br \/>65<\/span> <span class=\"col statcol\"><em>Def<\/em><br \/>70<\/span> <span class=\"col statcol\"><em>SpA<\/em><br \/>85<\/span> <span class=\"col statcol\"><em>SpD<\/em><br \/>75<\/span> <span class=\"col statcol\"><em>Spe<\/em><br \/>40<\/span> <span class=\"col bstcol\"><em>BST<br \/>395<\/em><\/span> <\/span><\/li><li style=\"clear:both\"><\/li><\/ul><\/div>\n\n|\n|t:|1700923612\n|switch|p1a: DwD|Scizor, F|60\/100\n|-damage|p1a: DwD|47\/100|[from] Stealth Rock\n|turn|17\n|\n|t:|1700923654\n|switch|p2a: Zippy|Charizard, M|43\/100\n|move|p1a: DwD|Close Combat|p2a: Zippy\n|-resisted|p2a: Zippy\n|-damage|p2a: Zippy|0 fnt\n|-unboost|p1a: DwD|def|1\n|-unboost|p1a: DwD|spd|1\n|faint|p2a: Zippy\n|\n|-heal|p1a: DwD|53\/100|[from] Grassy Terrain\n|upkeep\n|\n|t:|1700923663\n|switch|p2a: Cobalt|Magnezone|35\/100\n|turn|18\n|\n|t:|1700923672\n|switch|p1a: Oli|Sudowoodo, F|100\/100\n|-damage|p1a: Oli|88\/100|[from] Stealth Rock\n|move|p2a: Cobalt|Thunderbolt|p1a: Oli\n|-damage|p1a: Oli|0 fnt\n|faint|p1a: Oli\n|\n|-heal|p2a: Cobalt|41\/100|[from] Grassy Terrain\n|upkeep\n|\n|t:|1700923681\n|switch|p1a: DwD|Scizor, F|53\/100\n|-damage|p1a: DwD|41\/100|[from] Stealth Rock\n|turn|19\n|\n|t:|1700923691\n|move|p2a: Cobalt|Thunderbolt|p1a: DwD\n|-damage|p1a: DwD|0 fnt\n|faint|p1a: DwD\n|\n|win|UltimoTheNerd\n","uploadtime":1700923800,"views":12,"p1id":"birdgov","p2id":"ultimothenerd","formatid":"gen9anythinggoes","rating":0,"private":0,"password":""}