{"id":"gen9anythinggoes-1975397392","p1":"Sunowa","p2":"000Epsilon","format":"[Gen 9] Anything Goes","log":"|j|\u2606Sunowa\n|j|\u2606000Epsilon\n|t:|1698186907\n|gametype|singles\n|player|p1|Sunowa|lillie-masters2|\n|player|p2|000Epsilon|nate|\n|teamsize|p1|6\n|teamsize|p2|6\n|gen|9\n|tier|[Gen 9] Anything Goes\n|rule|HP Percentage Mod: HP is shown in percentages\n|rule|Endless Battle Clause: Forcing endless battles is banned\n|clearpoke\n|poke|p1|Calyrex-Shadow|\n|poke|p1|Zacian-*|\n|poke|p1|Ogerpon-Hearthflame, F|\n|poke|p1|Arceus-Dark|\n|poke|p1|Miraidon|\n|poke|p1|Tornadus, M|\n|poke|p2|Garganacl, M|\n|poke|p2|Wugtrio, M|\n|poke|p2|Annihilape, F|\n|poke|p2|Dugtrio, F|\n|poke|p2|Tyranitar, L55, M|\n|poke|p2|Houndstone, M|\n|teampreview\n|\n|t:|1698186917\n|start\n|switch|p1a: Tornadus|Tornadus, M|100\/100\n|switch|p2a: Wug|Wugtrio, M|100\/100\n|turn|1\n|\n|t:|1698186924\n|move|p1a: Tornadus|Taunt|p2a: Wug\n|-start|p2a: Wug|move: Taunt\n|cant|p2a: Wug|move: Taunt|Memento\n|\n|upkeep\n|turn|2\n|\n|t:|1698186930\n|switch|p2a: Annihilape|Annihilape, F|100\/100\n|move|p1a: Tornadus|Tailwind|p1a: Tornadus\n|-sidestart|p1: Sunowa|move: Tailwind\n|\n|upkeep\n|turn|3\n|\n|t:|1698186935\n|move|p1a: Tornadus|Taunt|p2a: Annihilape\n|-start|p2a: Annihilape|move: Taunt\n|move|p2a: Annihilape|Final Gambit|p1a: Tornadus\n|-damage|p1a: Tornadus|0 fnt\n|faint|p2a: Annihilape\n|faint|p1a: Tornadus\n|\n|upkeep\n|\n|t:|1698186949\n|switch|p2a: Wug|Wugtrio, M|100\/100\n|switch|p1a: Hestia|Ogerpon-Hearthflame, F|100\/100\n|-ability|p1a: Hestia|Mold Breaker\n|turn|4\n|\n|t:|1698186956\n|-terastallize|p1a: Hestia|Fire\n|detailschange|p1a: Hestia|Ogerpon-Hearthflame-Tera, F, tera:Fire\n|-ability|p1a: Hestia|Embody Aspect (Hearthflame)|boost\n|-boost|p1a: Hestia|atk|1\n|move|p1a: Hestia|Play Rough|p2a: Wug\n|-damage|p2a: Wug|0 fnt\n|-ability|p2a: Wug|Gooey\n|-unboost|p1a: Hestia|spe|1\n|faint|p2a: Wug\n|\n|upkeep\n|\n|t:|1698186972\n|switch|p2a: Dug|Dugtrio, F|100\/100\n|turn|5\n|\n|t:|1698186986\n|move|p2a: Dug|Memento|p1a: Hestia\n|-unboost|p1a: Hestia|atk|2\n|-unboost|p1a: Hestia|spa|2\n|faint|p2a: Dug\n|move|p1a: Hestia|Ivy Cudgel|p2: Dug|[notarget]\n|-fail|p1a: Hestia\n|\n|-sideend|p1: Sunowa|move: Tailwind\n|upkeep\n|\n|t:|1698186993\n|switch|p2a: Useless mon|Garganacl, M|100\/100\n|turn|6\n|\n|t:|1698186999\n|move|p1a: Hestia|Ivy Cudgel|p2a: Useless mon\n|-resisted|p2a: Useless mon\n|-damage|p2a: Useless mon|84\/100\n|move|p2a: Useless mon|Explosion|p1a: Hestia\n|-damage|p1a: Hestia|0 fnt\n|faint|p2a: Useless mon\n|faint|p1a: Hestia\n|\n|upkeep\n|\n|t:|1698187006\n|switch|p1a: Apocalypse|Calyrex-Shadow|100\/100\n|switch|p2a: Tyranitar|Tyranitar, L55, M|100\/100\n|-ability|p1a: Apocalypse|As One\n|-ability|p1a: Apocalypse|Unnerve\n|-weather|Sandstorm|[from] ability: Sand Stream|[of] p2a: Tyranitar\n|turn|7\n|\n|t:|1698187016\n|move|p1a: Apocalypse|Sunny Day|p1a: Apocalypse\n|-weather|SunnyDay\n|move|p2a: Tyranitar|Blizzard|p1a: Apocalypse\n|-damage|p1a: Apocalypse|93\/100\n|\n|-weather|SunnyDay|[upkeep]\n|upkeep\n|turn|8\n|inactive|Battle timer is ON: inactive players will automatically lose when time's up. (requested by Sunowa)\n|\n|t:|1698187042\n|switch|p2a: Thanos|Houndstone, M|100\/100\n|move|p1a: Apocalypse|Solar Beam||[still]\n|-prepare|p1a: Apocalypse|Solar Beam\n|-anim|p1a: Apocalypse|Solar Beam|p2a: Thanos\n|-damage|p2a: Thanos|40\/100\n|\n|-weather|SunnyDay|[upkeep]\n|upkeep\n|turn|9\n|\n|t:|1698187060\n|switch|p2a: Tyranitar|Tyranitar, L55, M|100\/100\n|-weather|Sandstorm|[from] ability: Sand Stream|[of] p2a: Tyranitar\n|move|p1a: Apocalypse|Astral Barrage|p2a: Tyranitar\n|-resisted|p2a: Tyranitar\n|-damage|p2a: Tyranitar|34\/100\n|\n|-weather|Sandstorm|[upkeep]\n|-damage|p1a: Apocalypse|87\/100|[from] Sandstorm\n|upkeep\n|turn|10\n|c|\u2606Sunowa|peasant :3\n|\n|t:|1698187082\n|switch|p2a: Thanos|Houndstone, M|40\/100\n|move|p1a: Apocalypse|Sunny Day|p1a: Apocalypse\n|-weather|SunnyDay\n|\n|-weather|SunnyDay|[upkeep]\n|upkeep\n|turn|11\n|\n|t:|1698187088\n|switch|p2a: Tyranitar|Tyranitar, L55, M|34\/100\n|-weather|Sandstorm|[from] ability: Sand Stream|[of] p2a: Tyranitar\n|move|p1a: Apocalypse|Astral Barrage|p2a: Tyranitar\n|-resisted|p2a: Tyranitar\n|-damage|p2a: Tyranitar|0 fnt\n|faint|p2a: Tyranitar\n|-ability|p1a: Apocalypse|Grim Neigh|boost\n|-boost|p1a: Apocalypse|spa|1\n|\n|-weather|Sandstorm|[upkeep]\n|-damage|p1a: Apocalypse|81\/100|[from] Sandstorm\n|upkeep\n|c|\u2606000Epsilon|perfect\n|\n|t:|1698187102\n|switch|p2a: Thanos|Houndstone, M|40\/100\n|turn|12\n|\n|t:|1698187105\n|move|p2a: Thanos|Last Respects|p1a: Apocalypse\n|-supereffective|p1a: Apocalypse\n|-damage|p1a: Apocalypse|0 fnt\n|faint|p1a: Apocalypse\n|\n|-weather|Sandstorm|[upkeep]\n|upkeep\n|\n|t:|1698187113\n|switch|p1a: Zeus|Arceus-Dark|100\/100\n|turn|13\n|\n|t:|1698187121\n|-terastallize|p2a: Thanos|Normal\n|move|p2a: Thanos|Last Respects|p1a: Zeus\n|-resisted|p1a: Zeus\n|-damage|p1a: Zeus|54\/100\n|move|p1a: Zeus|Judgment|p2a: Thanos\n|-damage|p2a: Thanos|0 fnt\n|faint|p2a: Thanos\n|\n|win|Sunowa\n","uploadtime":1698187130,"views":12,"p1id":"sunowa","p2id":"000epsilon","formatid":"gen9anythinggoes","rating":0,"private":0,"password":""}