{"id":"gen9anythinggoes-1996761795","p1":"little crystal egg","p2":"h4h5hth5","format":"[Gen 9] Anything Goes","log":"|j|\u2606little crystal egg\n|j|\u2606h4h5hth5\n|t:|1700720864\n|gametype|singles\n|player|p1|little crystal egg|hugh|1000\n|player|p2|h4h5hth5|169|1044\n|teamsize|p1|6\n|teamsize|p2|1\n|gen|9\n|tier|[Gen 9] Anything Goes\n|rated|\n|rule|HP Percentage Mod: HP is shown in percentages\n|rule|Endless Battle Clause: Forcing endless battles is banned\n|clearpoke\n|poke|p1|Pawmot, F|\n|poke|p1|Banette, F|\n|poke|p1|Lurantis, M|\n|poke|p1|Decidueye-Hisui, F|\n|poke|p1|Cinderace, M|\n|poke|p1|Goodra-Hisui, M|\n|poke|p2|Garganacl, M|\n|teampreview\n|\n|t:|1700720867\n|start\n|switch|p1a: Lurantis|Lurantis, M, shiny|100\/100\n|switch|p2a: Garganacl|Garganacl, M, shiny|100\/100\n|turn|1\n|\n|t:|1700720878\n|move|p1a: Lurantis|Leaf Storm|p2a: Garganacl\n|-supereffective|p2a: Garganacl\n|-damage|p2a: Garganacl|36\/100\n|-boost|p1a: Lurantis|spa|2\n|move|p2a: Garganacl|Iron Defense|p2a: Garganacl\n|-boost|p2a: Garganacl|def|2\n|\n|-heal|p2a: Garganacl|42\/100|[from] item: Leftovers\n|upkeep\n|turn|2\n|\n|t:|1700720888\n|-terastallize|p2a: Garganacl|Grass\n|move|p1a: Lurantis|Energy Ball|p2a: Garganacl\n|-resisted|p2a: Garganacl\n|-damage|p2a: Garganacl|19\/100\n|move|p2a: Garganacl|Salt Cure|p1a: Lurantis\n|-damage|p1a: Lurantis|84\/100\n|-start|p1a: Lurantis|Salt Cure\n|\n|-heal|p2a: Garganacl|25\/100|[from] item: Leftovers\n|-damage|p1a: Lurantis|72\/100|[from] Salt Cure\n|upkeep\n|turn|3\n|\n|t:|1700720907\n|switch|p1a: Cinderace|Cinderace, M|100\/100\n|move|p2a: Garganacl|Recover|p2a: Garganacl\n|-heal|p2a: Garganacl|75\/100\n|\n|-heal|p2a: Garganacl|81\/100|[from] item: Leftovers\n|upkeep\n|turn|4\n|\n|t:|1700720918\n|move|p1a: Cinderace|Bounce||[still]\n|-prepare|p1a: Cinderace|Bounce\n|-start|p1a: Cinderace|typechange|Flying|[from] ability: Libero\n|move|p2a: Garganacl|Body Press|p1a: Cinderace|[miss]\n|-miss|p2a: Garganacl|p1a: Cinderace\n|\n|-heal|p2a: Garganacl|87\/100|[from] item: Leftovers\n|upkeep\n|turn|5\n|\n|t:|1700720928\n|move|p1a: Cinderace|Bounce|p2a: Garganacl|[from]lockedmove\n|-supereffective|p2a: Garganacl\n|-damage|p2a: Garganacl|65\/100\n|move|p2a: Garganacl|Body Press|p1a: Cinderace\n|-resisted|p1a: Cinderace\n|-damage|p1a: Cinderace|69\/100\n|\n|-heal|p2a: Garganacl|71\/100|[from] item: Leftovers\n|upkeep\n|turn|6\n|\n|t:|1700720941\n|move|p1a: Cinderace|Pyro Ball|p2a: Garganacl\n|-supereffective|p2a: Garganacl\n|-damage|p2a: Garganacl|47\/100\n|move|p2a: Garganacl|Iron Defense|p2a: Garganacl\n|-boost|p2a: Garganacl|def|2\n|\n|-heal|p2a: Garganacl|53\/100|[from] item: Leftovers\n|upkeep\n|turn|7\n|\n|t:|1700720950\n|move|p1a: Cinderace|Gunk Shot|p2a: Garganacl|[miss]\n|-miss|p1a: Cinderace|p2a: Garganacl\n|move|p2a: Garganacl|Salt Cure|p1a: Cinderace\n|-supereffective|p1a: Cinderace\n|-damage|p1a: Cinderace|35\/100\n|-start|p1a: Cinderace|Salt Cure\n|\n|-heal|p2a: Garganacl|59\/100|[from] item: Leftovers\n|-damage|p1a: Cinderace|23\/100|[from] Salt Cure\n|upkeep\n|-enditem|p1a: Cinderace|Apicot Berry|[eat]\n|-boost|p1a: Cinderace|spd|1|[from] item: Apicot Berry\n|turn|8\n|\n|t:|1700720965\n|move|p1a: Cinderace|Gunk Shot|p2a: Garganacl\n|-supereffective|p2a: Garganacl\n|-damage|p2a: Garganacl|45\/100\n|move|p2a: Garganacl|Body Press|p1a: Cinderace\n|-resisted|p1a: Cinderace\n|-damage|p1a: Cinderace|0 fnt\n|faint|p1a: Cinderace\n|\n|-heal|p2a: Garganacl|51\/100|[from] item: Leftovers\n|upkeep\n|\n|t:|1700720976\n|switch|p1a: Goodra|Goodra-Hisui, M|100\/100\n|turn|9\n|\n|t:|1700720981\n|move|p1a: Goodra|Fire Punch|p2a: Garganacl\n|-supereffective|p2a: Garganacl\n|-damage|p2a: Garganacl|42\/100\n|move|p2a: Garganacl|Salt Cure|p1a: Goodra\n|-resisted|p1a: Goodra\n|-damage|p1a: Goodra|94\/100\n|-start|p1a: Goodra|Salt Cure\n|\n|-heal|p2a: Garganacl|48\/100|[from] item: Leftovers\n|-damage|p1a: Goodra|69\/100|[from] Salt Cure\n|upkeep\n|turn|10\n|\n|t:|1700720996\n|move|p1a: Goodra|Fire Punch|p2a: Garganacl\n|-supereffective|p2a: Garganacl\n|-damage|p2a: Garganacl|39\/100\n|move|p2a: Garganacl|Recover|p2a: Garganacl\n|-heal|p2a: Garganacl|89\/100\n|\n|-heal|p2a: Garganacl|95\/100|[from] item: Leftovers\n|-damage|p1a: Goodra|45\/100|[from] Salt Cure\n|upkeep\n|turn|11\n|\n|t:|1700721010\n|-terastallize|p1a: Goodra|Poison\n|move|p1a: Goodra|Fire Punch|p2a: Garganacl\n|-supereffective|p2a: Garganacl\n|-crit|p2a: Garganacl\n|-damage|p2a: Garganacl|56\/100\n|move|p2a: Garganacl|Iron Defense|p2a: Garganacl\n|-boost|p2a: Garganacl|def|2\n|\n|-heal|p2a: Garganacl|62\/100|[from] item: Leftovers\n|-damage|p1a: Goodra|32\/100|[from] Salt Cure\n|upkeep\n|turn|12\n|\n|t:|1700721024\n|move|p1a: Goodra|Facade|p2a: Garganacl\n|-damage|p2a: Garganacl|59\/100\n|move|p2a: Garganacl|Body Press|p1a: Goodra\n|-resisted|p1a: Goodra\n|-damage|p1a: Goodra|0 fnt\n|faint|p1a: Goodra\n|\n|-heal|p2a: Garganacl|65\/100|[from] item: Leftovers\n|upkeep\n|\n|t:|1700721036\n|switch|p1a: Banette|Banette, F|100\/100\n|turn|13\n|\n|t:|1700721041\n|move|p1a: Banette|Destiny Bond|p1a: Banette\n|-singlemove|p1a: Banette|Destiny Bond\n|move|p2a: Garganacl|Salt Cure|p1a: Banette\n|-damage|p1a: Banette|81\/100\n|-start|p1a: Banette|Salt Cure\n|\n|-heal|p2a: Garganacl|71\/100|[from] item: Leftovers\n|-damage|p1a: Banette|69\/100|[from] Salt Cure\n|upkeep\n|turn|14\n|\n|t:|1700721056\n|move|p1a: Banette|Knock Off|p2a: Garganacl\n|-damage|p2a: Garganacl|67\/100\n|-enditem|p2a: Garganacl|Leftovers|[from] move: Knock Off|[of] p1a: Banette\n|move|p2a: Garganacl|Salt Cure|p1a: Banette\n|-damage|p1a: Banette|49\/100\n|\n|-damage|p1a: Banette|37\/100|[from] Salt Cure\n|upkeep\n|turn|15\n|\n|t:|1700721069\n|move|p1a: Banette|Destiny Bond|p1a: Banette\n|-singlemove|p1a: Banette|Destiny Bond\n|move|p2a: Garganacl|Salt Cure|p1a: Banette\n|-damage|p1a: Banette|17\/100\n|-enditem|p1a: Banette|Wiki Berry|[eat]\n|-heal|p1a: Banette|50\/100|[from] item: Wiki Berry\n|\n|-damage|p1a: Banette|38\/100|[from] Salt Cure\n|upkeep\n|turn|16\n|\n|t:|1700721080\n|move|p1a: Banette|Night Shade|p2a: Garganacl\n|-damage|p2a: Garganacl|38\/100\n|move|p2a: Garganacl|Salt Cure|p1a: Banette\n|-damage|p1a: Banette|17\/100\n|-start|p2a: Garganacl|Disable|Salt Cure|[from] ability: Cursed Body|[of] p1a: Banette\n|\n|-damage|p1a: Banette|5\/100|[from] Salt Cure\n|upkeep\n|turn|17\n|\n|t:|1700721093\n|move|p1a: Banette|Destiny Bond|p1a: Banette\n|-singlemove|p1a: Banette|Destiny Bond\n|move|p2a: Garganacl|Recover|p2a: Garganacl\n|-heal|p2a: Garganacl|88\/100\n|\n|-damage|p1a: Banette|0 fnt|[from] Salt Cure\n|faint|p1a: Banette\n|upkeep\n|\n|t:|1700721102\n|switch|p1a: Pawmot|Pawmot, F|100\/100\n|turn|18\n|\n|t:|1700721110\n|move|p1a: Pawmot|Revival Blessing|p1a: Pawmot\n|\n|t:|1700721114\n|-heal|p1: Banette|50\/100|[from] move: Revival Blessing\n|move|p2a: Garganacl|Body Press|p1a: Pawmot\n|-enditem|p1a: Pawmot|Focus Sash\n|-damage|p1a: Pawmot|1\/100\n|\n|upkeep\n|turn|19\n|\n|t:|1700721124\n|move|p1a: Pawmot|Ice Punch|p2a: Garganacl\n|-supereffective|p2a: Garganacl\n|-damage|p2a: Garganacl|81\/100\n|move|p2a: Garganacl|Body Press|p1a: Pawmot\n|-damage|p1a: Pawmot|0 fnt\n|faint|p1a: Pawmot\n|\n|-end|p2a: Garganacl|Disable\n|upkeep\n|\n|t:|1700721135\n|switch|p1a: Banette|Banette, F|50\/100\n|turn|20\n|\n|t:|1700721140\n|move|p1a: Banette|Destiny Bond|p1a: Banette\n|-singlemove|p1a: Banette|Destiny Bond\n|move|p2a: Garganacl|Salt Cure|p1a: Banette\n|-damage|p1a: Banette|30\/100\n|-start|p1a: Banette|Salt Cure\n|-start|p2a: Garganacl|Disable|Salt Cure|[from] ability: Cursed Body|[of] p1a: Banette\n|\n|-damage|p1a: Banette|17\/100|[from] Salt Cure\n|upkeep\n|turn|21\n|\n|t:|1700721162\n|move|p1a: Banette|Destiny Bond||[still]\n|-fail|p1a: Banette\n|move|p2a: Garganacl|Iron Defense|p2a: Garganacl\n|-boost|p2a: Garganacl|def|0\n|\n|-damage|p1a: Banette|5\/100|[from] Salt Cure\n|upkeep\n|turn|22\n|\n|t:|1700721174\n|move|p1a: Banette|Destiny Bond|p1a: Banette\n|-singlemove|p1a: Banette|Destiny Bond\n|move|p2a: Garganacl|Iron Defense|p2a: Garganacl\n|-boost|p2a: Garganacl|def|0\n|\n|-damage|p1a: Banette|0 fnt|[from] Salt Cure\n|faint|p1a: Banette\n|upkeep\n|\n|t:|1700721184\n|switch|p1a: Decidueye|Decidueye-Hisui, F|100\/100\n|turn|23\n|\n|t:|1700721194\n|move|p1a: Decidueye|Aerial Ace|p2a: Garganacl\n|-supereffective|p2a: Garganacl\n|-damage|p2a: Garganacl|76\/100\n|move|p2a: Garganacl|Body Press|p1a: Decidueye\n|-damage|p1a: Decidueye|0 fnt\n|faint|p1a: Decidueye\n|\n|-end|p2a: Garganacl|Disable\n|upkeep\n|-message|little crystal egg forfeited.\n|\n|win|h4h5hth5\n|raw|little crystal egg's rating: 1000 &rarr; <strong>1000<\/strong><br \/>(+0 for losing)\n|raw|h4h5hth5's rating: 1044 &rarr; <strong>1073<\/strong><br \/>(+29 for winning)\n|l|\u2606little crystal egg\n","uploadtime":1700721215,"views":3,"p1id":"littlecrystalegg","p2id":"h4h5hth5","formatid":"gen9anythinggoes","rating":1000,"private":0,"password":""}