{"id":"gen9anythinggoes-1994424331","p1":"ClodsireBecauseYes","p2":"ruxley","format":"[Gen 9] Anything Goes","log":"|j|\u2606ClodsireBecauseYes\n|j|\u2606ruxley\n|t:|1700442386\n|gametype|singles\n|player|p1|ClodsireBecauseYes|169|1062\n|player|p2|ruxley|hilbert|1055\n|teamsize|p1|6\n|teamsize|p2|4\n|gen|9\n|tier|[Gen 9] Anything Goes\n|rated|\n|rule|HP Percentage Mod: HP is shown in percentages\n|rule|Endless Battle Clause: Forcing endless battles is banned\n|clearpoke\n|poke|p1|Clodsire, M|\n|poke|p1|Clodsire, M|\n|poke|p1|Clodsire, F|\n|poke|p1|Clodsire, M|\n|poke|p1|Clodsire, M|\n|poke|p1|Kingambit, M|\n|poke|p2|Espeon, F|\n|poke|p2|Skeledirge, M|\n|poke|p2|Vikavolt, F|\n|poke|p2|Gholdengo|\n|teampreview\n|c|\u2606ruxley|nice team bro\n|c|\u2606ClodsireBecauseYes|wow never seen this before\n|\n|t:|1700442405\n|start\n|switch|p1a: Clodsire|Clodsire, M|100\/100\n|switch|p2a: Skeledirge|Skeledirge, M|100\/100\n|turn|1\n|c|\u2606ClodsireBecauseYes|and ty\n|\n|t:|1700442414\n|move|p2a: Skeledirge|Sing|p1a: Clodsire|[miss]\n|-miss|p2a: Skeledirge|p1a: Clodsire\n|-enditem|p2a: Skeledirge|Blunder Policy\n|-boost|p2a: Skeledirge|spe|2\n|move|p1a: Clodsire|Spikes|p2a: Skeledirge\n|-sidestart|p2: ruxley|Spikes\n|\n|upkeep\n|turn|2\n|c|\u2606ClodsireBecauseYes|dang im srry sing missed\n|\n|t:|1700442426\n|move|p2a: Skeledirge|Earth Power|p1a: Clodsire\n|-supereffective|p1a: Clodsire\n|-damage|p1a: Clodsire|60\/100\n|move|p1a: Clodsire|Spikes|p2a: Skeledirge\n|-sidestart|p2: ruxley|Spikes\n|\n|upkeep\n|turn|3\n|\n|t:|1700442434\n|move|p2a: Skeledirge|Earth Power|p1a: Clodsire\n|-supereffective|p1a: Clodsire\n|-damage|p1a: Clodsire|17\/100\n|move|p1a: Clodsire|Spikes|p2a: Skeledirge\n|-sidestart|p2: ruxley|Spikes\n|\n|upkeep\n|turn|4\n|\n|t:|1700442444\n|move|p2a: Skeledirge|Earth Power|p1a: Clodsire\n|-supereffective|p1a: Clodsire\n|-damage|p1a: Clodsire|0 fnt\n|faint|p1a: Clodsire\n|\n|upkeep\n|\n|t:|1700442447\n|switch|p1a: Clodsire|Clodsire, M|100\/100\n|turn|5\n|\n|t:|1700442453\n|move|p2a: Skeledirge|Slack Off||[still]\n|-fail|p2a: Skeledirge|heal\n|move|p1a: Clodsire|Toxic Spikes|p2a: Skeledirge\n|-sidestart|p2: ruxley|move: Toxic Spikes\n|\n|upkeep\n|turn|6\n|\n|t:|1700442458\n|move|p2a: Skeledirge|Sing|p1a: Clodsire\n|-status|p1a: Clodsire|slp|[from] move: Sing\n|cant|p1a: Clodsire|slp\n|\n|upkeep\n|turn|7\n|\n|t:|1700442463\n|move|p2a: Skeledirge|Earth Power|p1a: Clodsire\n|-supereffective|p1a: Clodsire\n|-damage|p1a: Clodsire|63\/100 slp\n|-curestatus|p1a: Clodsire|slp|[msg]\n|move|p1a: Clodsire|Toxic Spikes|p2a: Skeledirge\n|-sidestart|p2: ruxley|move: Toxic Spikes\n|\n|upkeep\n|turn|8\n|\n|t:|1700442480\n|move|p2a: Skeledirge|Earth Power|p1a: Clodsire\n|-supereffective|p1a: Clodsire\n|-damage|p1a: Clodsire|19\/100\n|move|p1a: Clodsire|Curse|p1a: Clodsire\n|-unboost|p1a: Clodsire|spe|1\n|-boost|p1a: Clodsire|atk|1\n|-boost|p1a: Clodsire|def|1\n|\n|upkeep\n|turn|9\n|\n|t:|1700442492\n|move|p2a: Skeledirge|Sing|p1a: Clodsire\n|-status|p1a: Clodsire|slp|[from] move: Sing\n|cant|p1a: Clodsire|slp\n|\n|upkeep\n|turn|10\n|c|\u2606ClodsireBecauseYes|sleep gotta be the biggest flaw of this team, its bad enough i always go last-\n|\n|t:|1700442505\n|move|p2a: Skeledirge|Earth Power|p1a: Clodsire\n|-supereffective|p1a: Clodsire\n|-damage|p1a: Clodsire|0 fnt\n|faint|p1a: Clodsire\n|\n|upkeep\n|\n|t:|1700442508\n|switch|p1a: Clodsire|Clodsire, F|100\/100\n|turn|11\n|c|\u2606ruxley|my skelwdirge and espeon are from tem6t\n|c|\u2606ruxley|he used this team\n|c|\u2606ClodsireBecauseYes|nice\n|\n|t:|1700442530\n|move|p2a: Skeledirge|Torch Song|p1a: Clodsire\n|-damage|p1a: Clodsire|71\/100\n|-boost|p2a: Skeledirge|spa|1\n|move|p1a: Clodsire|Curse|p1a: Clodsire\n|-unboost|p1a: Clodsire|spe|1\n|-boost|p1a: Clodsire|atk|1\n|-boost|p1a: Clodsire|def|1\n|\n|upkeep\n|turn|12\n|c|\u2606ClodsireBecauseYes|idk why people that wanna win with solo\/double teams dont still have other pokemon\n|\n|t:|1700442559\n|move|p2a: Skeledirge|Torch Song|p1a: Clodsire\n|-damage|p1a: Clodsire|44\/100\n|-boost|p2a: Skeledirge|spa|1\n|move|p1a: Clodsire|Earthquake|p2a: Skeledirge\n|-supereffective|p2a: Skeledirge\n|-damage|p2a: Skeledirge|29\/100\n|\n|upkeep\n|turn|13\n|c|\u2606ClodsireBecauseYes|if all goes  wrong u still have other stuff\n|c|\u2606ruxley|ok\n|\n|t:|1700442597\n|move|p2a: Skeledirge|Earth Power|p1a: Clodsire\n|-supereffective|p1a: Clodsire\n|-damage|p1a: Clodsire|1\/100\n|move|p1a: Clodsire|Earthquake|p2a: Skeledirge\n|-supereffective|p2a: Skeledirge\n|-damage|p2a: Skeledirge|0 fnt\n|faint|p2a: Skeledirge\n|\n|upkeep\n|c|\u2606ClodsireBecauseYes|danggg\n|\n|t:|1700442606\n|switch|p2a: Djengo Unrained|Gholdengo|100\/100\n|-item|p2a: Djengo Unrained|Air Balloon\n|turn|14\n|c|\u2606ClodsireBecauseYes|thats only ever happened to  me once\n|c|\u2606ClodsireBecauseYes|living on 1 without focus sash\n|\n|t:|1700442640\n|move|p2a: Djengo Unrained|Psyshock|p1a: Clodsire\n|-supereffective|p1a: Clodsire\n|-damage|p1a: Clodsire|0 fnt\n|faint|p1a: Clodsire\n|\n|upkeep\n|c|\u2606ruxley|psyshock is the best move on this gholdengo\n|\n|t:|1700442642\n|switch|p1a: Clodsire|Clodsire, M|100\/100\n|turn|15\n|c|\u2606ClodsireBecauseYes|can i go afkfor like 5 seconds pls? srry\n|c|\u2606ruxley|ok\n|c|\u2606ClodsireBecauseYes|sorry back ty for  not using timer\n|\n|t:|1700442693\n|move|p2a: Djengo Unrained|Thunderbolt|p1a: Clodsire\n|-immune|p1a: Clodsire\n|move|p1a: Clodsire|Curse|p1a: Clodsire\n|-unboost|p1a: Clodsire|spe|1\n|-boost|p1a: Clodsire|atk|1\n|-boost|p1a: Clodsire|def|1\n|\n|upkeep\n|turn|16\n|\n|t:|1700442702\n|move|p2a: Djengo Unrained|Psyshock|p1a: Clodsire\n|-supereffective|p1a: Clodsire\n|-damage|p1a: Clodsire|60\/100\n|move|p1a: Clodsire|Curse|p1a: Clodsire\n|-unboost|p1a: Clodsire|spe|1\n|-boost|p1a: Clodsire|atk|1\n|-boost|p1a: Clodsire|def|1\n|\n|upkeep\n|turn|17\n|\n|t:|1700442713\n|move|p2a: Djengo Unrained|Psyshock|p1a: Clodsire\n|-supereffective|p1a: Clodsire\n|-damage|p1a: Clodsire|28\/100\n|move|p1a: Clodsire|Curse|p1a: Clodsire\n|-unboost|p1a: Clodsire|spe|1\n|-boost|p1a: Clodsire|atk|1\n|-boost|p1a: Clodsire|def|1\n|\n|upkeep\n|turn|18\n|\n|t:|1700442725\n|move|p2a: Djengo Unrained|Psyshock|p1a: Clodsire\n|-supereffective|p1a: Clodsire\n|-crit|p1a: Clodsire\n|-damage|p1a: Clodsire|0 fnt\n|faint|p1a: Clodsire\n|\n|upkeep\n|\n|t:|1700442728\n|switch|p1a: Clodsire|Clodsire, M|100\/100\n|turn|19\n|\n|t:|1700442740\n|move|p2a: Djengo Unrained|Thunderbolt|p1a: Clodsire\n|-immune|p1a: Clodsire\n|move|p1a: Clodsire|Earthquake|p2a: Djengo Unrained\n|-immune|p2a: Djengo Unrained\n|\n|upkeep\n|turn|20\n|\n|t:|1700442752\n|switch|p1a: VINE BOOM|Kingambit, M|100\/100\n|-activate|p1a: VINE BOOM|ability: Supreme Overlord\n|-start|p1a: VINE BOOM|fallen4|[silent]\n|move|p2a: Djengo Unrained|Psyshock|p1a: VINE BOOM\n|-immune|p1a: VINE BOOM\n|\n|upkeep\n|turn|21\n|\n|t:|1700442759\n|move|p1a: VINE BOOM|Sucker Punch|p2a: Djengo Unrained\n|-supereffective|p2a: Djengo Unrained\n|-damage|p2a: Djengo Unrained|0 fnt\n|-enditem|p2a: Djengo Unrained|Air Balloon\n|faint|p2a: Djengo Unrained\n|\n|upkeep\n|\n|t:|1700442765\n|switch|p2a: Vicodi\u00f1o|Vikavolt, F|100\/100\n|turn|22\n|\n|t:|1700442771\n|-end|p1a: VINE BOOM|fallen4|[silent]\n|switch|p1a: Clodsire|Clodsire, M|100\/100\n|move|p2a: Vicodi\u00f1o|Thunder Wave|p1a: Clodsire\n|-immune|p1a: Clodsire\n|\n|upkeep\n|turn|23\n|\n|t:|1700442781\n|move|p2a: Vicodi\u00f1o|Sticky Web|p1a: Clodsire\n|-sidestart|p1: ClodsireBecauseYes|move: Sticky Web\n|move|p1a: Clodsire|Curse|p1a: Clodsire\n|-unboost|p1a: Clodsire|spe|1\n|-boost|p1a: Clodsire|atk|1\n|-boost|p1a: Clodsire|def|1\n|\n|upkeep\n|turn|24\n|c|\u2606ClodsireBecauseYes|why is  vicovolt so slow tho?\n|c|\u2606ClodsireBecauseYes|like they talk abt being like- the speedor a jet or sum\n|c|\u2606ClodsireBecauseYes|just for  it to have like- 50 base speed i think\n|c|\u2606ruxley|i gave it no ev for speed\n|\n|t:|1700442843\n|move|p2a: Vicodi\u00f1o|Bug Buzz|p1a: Clodsire\n|-resisted|p1a: Clodsire\n|-damage|p1a: Clodsire|79\/100\n|move|p1a: Clodsire|Curse|p1a: Clodsire\n|-unboost|p1a: Clodsire|spe|1\n|-boost|p1a: Clodsire|atk|1\n|-boost|p1a: Clodsire|def|1\n|\n|upkeep\n|turn|25\n|\n|t:|1700442851\n|move|p2a: Vicodi\u00f1o|Bug Buzz|p1a: Clodsire\n|-resisted|p1a: Clodsire\n|-damage|p1a: Clodsire|60\/100\n|move|p1a: Clodsire|Curse|p1a: Clodsire\n|-unboost|p1a: Clodsire|spe|1\n|-boost|p1a: Clodsire|atk|1\n|-boost|p1a: Clodsire|def|1\n|\n|upkeep\n|turn|26\n|\n|t:|1700442863\n|move|p2a: Vicodi\u00f1o|Bug Buzz|p1a: Clodsire\n|-resisted|p1a: Clodsire\n|-damage|p1a: Clodsire|40\/100\n|move|p1a: Clodsire|Curse|p1a: Clodsire\n|-unboost|p1a: Clodsire|spe|1\n|-boost|p1a: Clodsire|atk|1\n|-boost|p1a: Clodsire|def|1\n|\n|upkeep\n|turn|27\n|\n|t:|1700442872\n|move|p2a: Vicodi\u00f1o|Bug Buzz|p1a: Clodsire\n|-resisted|p1a: Clodsire\n|-damage|p1a: Clodsire|19\/100\n|move|p1a: Clodsire|Curse|p1a: Clodsire\n|-unboost|p1a: Clodsire|spe|1\n|-boost|p1a: Clodsire|atk|1\n|-boost|p1a: Clodsire|def|1\n|\n|upkeep\n|turn|28\n|\n|t:|1700442881\n|move|p2a: Vicodi\u00f1o|Bug Buzz|p1a: Clodsire\n|-resisted|p1a: Clodsire\n|-damage|p1a: Clodsire|0 fnt\n|faint|p1a: Clodsire\n|\n|upkeep\n|\n|t:|1700442883\n|switch|p1a: VINE BOOM|Kingambit, M|100\/100\n|-activate|p1a: VINE BOOM|move: Sticky Web\n|-unboost|p1a: VINE BOOM|spe|1\n|-activate|p1a: VINE BOOM|ability: Supreme Overlord\n|-start|p1a: VINE BOOM|fallen5|[silent]\n|turn|29\n|\n|t:|1700442889\n|move|p1a: VINE BOOM|Iron Defense|p1a: VINE BOOM\n|-boost|p1a: VINE BOOM|def|2\n|move|p2a: Vicodi\u00f1o|Bug Buzz|p1a: VINE BOOM\n|-crit|p1a: VINE BOOM\n|-damage|p1a: VINE BOOM|8\/100\n|\n|upkeep\n|turn|30\n|\n|t:|1700442895\n|-terastallize|p1a: VINE BOOM|Dark\n|move|p1a: VINE BOOM|Kowtow Cleave|p2a: Vicodi\u00f1o\n|-damage|p2a: Vicodi\u00f1o|0 fnt\n|faint|p2a: Vicodi\u00f1o\n|\n|upkeep\n|\n|t:|1700442901\n|switch|p2a: Espeon|Espeon, F|100\/100\n|-damage|p2a: Espeon|76\/100|[from] Spikes\n|-status|p2a: Espeon|tox\n|turn|31\n|\n|t:|1700442914\n|move|p2a: Espeon|Yawn|p1a: VINE BOOM\n|-start|p1a: VINE BOOM|move: Yawn|[of] p2a: Espeon\n|move|p1a: VINE BOOM|Kowtow Cleave|p2a: Espeon\n|-supereffective|p2a: Espeon\n|-damage|p2a: Espeon|0 fnt\n|faint|p2a: Espeon\n|\n|win|ClodsireBecauseYes\n|raw|ClodsireBecauseYes's rating: 1062 &rarr; <strong>1092<\/strong><br \/>(+30 for winning)\n|raw|ruxley's rating: 1055 &rarr; <strong>1037<\/strong><br \/>(-18 for losing)\n|c|\u2606ClodsireBecauseYes|gg!\n|c|\u2606ruxley|gg\n|l|\u2606ClodsireBecauseYes\n|c|\u2606ruxley|first battle i lost with this team\n","uploadtime":1700442943,"views":3,"p1id":"clodsirebecauseyes","p2id":"ruxley","formatid":"gen9anythinggoes","rating":1037,"private":0,"password":""}