{"id":"gen9anythinggoes-1990235619","p1":"Dregone","p2":"happysh","format":"[Gen 9] Anything Goes","log":"|j|\u2606Dregone\n|j|\u2606happysh\n|inactive|Battle timer is ON: inactive players will automatically lose when time's up.\n|t:|1699941967\n|gametype|singles\n|player|p1|Dregone|cynthia-masters|\n|player|p2|happysh|baker|\n|teamsize|p1|6\n|teamsize|p2|6\n|gen|9\n|tier|[Gen 9] Anything Goes\n|rated|Tournament battle\n|rule|HP Percentage Mod: HP is shown in percentages\n|rule|Endless Battle Clause: Forcing endless battles is banned\n|rule|Camomons Mod: Pok\u00e9mon have their types set to match their first two moves.\n|clearpoke\n|poke|p1|Calyrex-Shadow|\n|poke|p1|Arceus-Ground|\n|poke|p1|Koraidon|\n|poke|p1|Arceus|\n|poke|p1|Arceus-Fairy|\n|poke|p1|Ribombee, M|\n|poke|p2|Arceus|\n|poke|p2|Koraidon|\n|poke|p2|Arceus|\n|poke|p2|Calyrex-Shadow|\n|poke|p2|Samurott-Hisui, M|\n|poke|p2|Eternatus|\n|teampreview\n|j|*Lady Monita \u2746\n|inactive|Dregone also wants the timer to be on.\n|inactive|happysh also wants the timer to be on.\n|c|\u2606Dregone|glhf\n|j| munchkinp\n|\n|t:|1699941981\n|start\n|switch|p1a: Ribombee|Ribombee, M|100\/100\n|switch|p2a: Chi-yu|Eternatus|100\/100\n|-start|p2a: Chi-yu|typechange|Dragon\/Fire|[silent]\n|-ability|p2a: Chi-yu|Pressure\n|-start|p1a: Ribombee|typechange|Normal\/Bug|[silent]\n|-start|p1a: Ribombee|typechange|Normal\/Bug|[silent]\n|-start|p2a: Chi-yu|typechange|Dragon\/Fire|[silent]\n|turn|1\n|\n|t:|1699941985\n|move|p2a: Chi-yu|Flamethrower|p1a: Ribombee\n|-supereffective|p1a: Ribombee\n|-enditem|p1a: Ribombee|Focus Sash\n|-damage|p1a: Ribombee|1\/100\n|-damage|p2a: Chi-yu|91\/100|[from] item: Life Orb\n|move|p1a: Ribombee|Tailwind|p1a: Ribombee\n|-sidestart|p1: Dregone|move: Tailwind\n|\n|upkeep\n|turn|2\n|\n|t:|1699941992\n|move|p1a: Ribombee|Sticky Web|p2a: Chi-yu\n|-sidestart|p2: happysh|move: Sticky Web\n|move|p2a: Chi-yu|Flamethrower|p1a: Ribombee\n|-supereffective|p1a: Ribombee\n|-damage|p1a: Ribombee|0 fnt\n|faint|p1a: Ribombee\n|-damage|p2a: Chi-yu|81\/100|[from] item: Life Orb\n|\n|upkeep\n|inactive|Dregone has 120 seconds left.\n|\n|t:|1699942027\n|switch|p1a: Koraidon|Koraidon|100\/100\n|-start|p1a: Koraidon|typechange|Normal\/Fire|[silent]\n|-weather|SunnyDay|[from] ability: Orichalcum Pulse|[of] p1a: Koraidon\n|-activate|p1a: Koraidon|Orichalcum Pulse|[source]\n|-start|p1a: Koraidon|typechange|Normal\/Fire|[silent]\n|turn|3\n|\n|t:|1699942037\n|move|p1a: Koraidon|Scale Shot|p2a: Chi-yu\n|-supereffective|p2a: Chi-yu\n|-damage|p2a: Chi-yu|60\/100\n|-supereffective|p2a: Chi-yu\n|-damage|p2a: Chi-yu|39\/100\n|-supereffective|p2a: Chi-yu\n|-damage|p2a: Chi-yu|17\/100\n|-supereffective|p2a: Chi-yu\n|-damage|p2a: Chi-yu|0 fnt\n|faint|p2a: Chi-yu\n|-hitcount|p2: Chi-yu|4\n|-unboost|p1a: Koraidon|def|1\n|-boost|p1a: Koraidon|spe|1\n|\n|-weather|SunnyDay|[upkeep]\n|upkeep\n|l| munchkinp\n|\n|t:|1699942046\n|switch|p2a: Arceus|Arceus|100\/100\n|-start|p2a: Arceus|typechange|Normal|[silent]\n|-activate|p2a: Arceus|move: Sticky Web\n|-unboost|p2a: Arceus|spe|1\n|turn|4\n|\n|t:|1699942053\n|-terastallize|p2a: Arceus|Normal\n|move|p2a: Arceus|Extreme Speed|p1a: Koraidon\n|-damage|p1a: Koraidon|0 fnt\n|faint|p1a: Koraidon\n|-damage|p2a: Arceus|91\/100|[from] item: Life Orb\n|\n|-weather|SunnyDay|[upkeep]\n|-sideend|p1: Dregone|move: Tailwind\n|upkeep\n|\n|t:|1699942063\n|switch|p1a: Calyrex|Calyrex-Shadow|100\/100\n|-ability|p1a: Calyrex|As One\n|-ability|p1a: Calyrex|Unnerve\n|-start|p1a: Calyrex|typechange|Ghost\/Normal|[silent]\n|-start|p1a: Calyrex|typechange|Ghost\/Normal|[silent]\n|turn|5\n|\n|t:|1699942071\n|switch|p2a: Samurott|Samurott-Hisui, M|100\/100\n|-start|p2a: Samurott|typechange|Dark|[silent]\n|-activate|p2a: Samurott|move: Sticky Web\n|-unboost|p2a: Samurott|spe|1\n|move|p1a: Calyrex|Encore||[still]\n|-fail|p1a: Calyrex\n|\n|-weather|SunnyDay|[upkeep]\n|upkeep\n|-start|p2a: Samurott|typechange|Dark|[silent]\n|turn|6\n|\n|t:|1699942076\n|switch|p1a: Arceus|Arceus-Fairy|100\/100\n|-start|p1a: Arceus|typechange|Fairy|[silent]\n|move|p2a: Samurott|Ceaseless Edge|p1a: Arceus\n|-resisted|p1a: Arceus\n|-damage|p1a: Arceus|86\/100\n|-sidestart|p1: Dregone|Spikes\n|\n|-weather|SunnyDay|[upkeep]\n|upkeep\n|turn|7\n|\n|t:|1699942083\n|switch|p2a: Calyrex|Calyrex-Shadow|100\/100\n|-ability|p2a: Calyrex|As One\n|-ability|p2a: Calyrex|Unnerve\n|-start|p2a: Calyrex|typechange|Ghost\/Normal|[silent]\n|move|p1a: Arceus|Stealth Rock|p2a: Calyrex\n|-sidestart|p2: happysh|move: Stealth Rock\n|\n|-weather|none\n|upkeep\n|-start|p2a: Calyrex|typechange|Ghost\/Normal|[silent]\n|turn|8\n|\n|t:|1699942089\n|move|p2a: Calyrex|Psyshock|p1a: Arceus\n|-damage|p1a: Arceus|64\/100\n|move|p1a: Arceus|Thunder Wave|p2a: Calyrex\n|-status|p2a: Calyrex|par\n|\n|upkeep\n|turn|9\n|\n|t:|1699942095\n|move|p1a: Arceus|Judgment|p2a: Calyrex\n|-damage|p2a: Calyrex|56\/100 par\n|move|p2a: Calyrex|Astral Barrage|p1a: Arceus\n|-damage|p1a: Arceus|17\/100\n|\n|upkeep\n|turn|10\n|inactive|happysh has 120 seconds left.\n|\n|t:|1699942126\n|move|p1a: Arceus|Judgment|p2a: Calyrex\n|-crit|p2a: Calyrex\n|-damage|p2a: Calyrex|0 fnt\n|faint|p2a: Calyrex\n|\n|upkeep\n|\n|t:|1699942131\n|switch|p2a: Arceus|Arceus|100\/100\n|-start|p2a: Arceus|typechange|Normal|[silent]\n|turn|11\n|\n|t:|1699942135\n|switch|p2a: Samurott|Samurott-Hisui, M|100\/100\n|-start|p2a: Samurott|typechange|Dark|[silent]\n|-activate|p2a: Samurott|move: Sticky Web\n|-unboost|p2a: Samurott|spe|1\n|-damage|p2a: Samurott|88\/100|[from] Stealth Rock\n|move|p1a: Arceus|Taunt|p2a: Samurott\n|-start|p2a: Samurott|move: Taunt\n|\n|upkeep\n|-start|p2a: Samurott|typechange|Dark|[silent]\n|turn|12\n|\n|t:|1699942140\n|move|p1a: Arceus|Judgment|p2a: Samurott\n|-supereffective|p2a: Samurott\n|-damage|p2a: Samurott|0 fnt\n|faint|p2a: Samurott\n|\n|upkeep\n|\n|t:|1699942142\n|switch|p2a: Arceus|Arceus, tera:Normal|91\/100\n|-start|p2a: Arceus|typechange|Normal|[silent]\n|-activate|p2a: Arceus|move: Sticky Web\n|-unboost|p2a: Arceus|spe|1\n|-damage|p2a: Arceus|78\/100|[from] Stealth Rock\n|turn|13\n|\n|t:|1699942146\n|move|p1a: Arceus|Taunt|p2a: Arceus\n|-start|p2a: Arceus|move: Taunt\n|move|p2a: Arceus|Earthquake|p1a: Arceus\n|-damage|p1a: Arceus|0 fnt\n|faint|p1a: Arceus\n|-damage|p2a: Arceus|68\/100|[from] item: Life Orb\n|\n|upkeep\n|\n|t:|1699942161\n|switch|p1a: Arceus|Arceus-Ground|100\/100\n|-start|p1a: Arceus|typechange|Ground|[silent]\n|-damage|p1a: Arceus|88\/100|[from] Spikes\n|turn|14\n|\n|t:|1699942173\n|move|p2a: Arceus|Extreme Speed|p1a: Arceus\n|-damage|p1a: Arceus|33\/100\n|-damage|p2a: Arceus|58\/100|[from] item: Life Orb\n|move|p1a: Arceus|Dragon Dance|p1a: Arceus\n|-boost|p1a: Arceus|atk|1\n|-boost|p1a: Arceus|spe|1\n|\n|upkeep\n|turn|15\n|\n|t:|1699942182\n|-terastallize|p1a: Arceus|Ghost\n|move|p1a: Arceus|Earthquake|p2a: Arceus\n|-damage|p2a: Arceus|0 fnt\n|faint|p2a: Arceus\n|\n|upkeep\n|\n|t:|1699942187\n|switch|p2a: Arceus|Arceus|100\/100\n|-start|p2a: Arceus|typechange|Normal|[silent]\n|turn|16\n|\n|t:|1699942199\n|move|p1a: Arceus|Earthquake|p2a: Arceus\n|-damage|p2a: Arceus|33\/100\n|move|p2a: Arceus|Shadow Claw|p1a: Arceus\n|-supereffective|p1a: Arceus\n|-damage|p1a: Arceus|0 fnt\n|faint|p1a: Arceus\n|\n|upkeep\n|\n|t:|1699942204\n|switch|p1a: Arceus|Arceus|100\/100\n|-start|p1a: Arceus|typechange|Normal|[silent]\n|-damage|p1a: Arceus|88\/100|[from] Spikes\n|turn|17\n|j| munchkinp\n|\n|t:|1699942219\n|switch|p2a: Koraidon|Koraidon|100\/100\n|-start|p2a: Koraidon|typechange|Fighting\/Fire|[silent]\n|-activate|p2a: Koraidon|move: Sticky Web\n|-unboost|p2a: Koraidon|spe|1\n|-damage|p2a: Koraidon|88\/100|[from] Stealth Rock\n|-weather|SunnyDay|[from] ability: Orichalcum Pulse|[of] p2a: Koraidon\n|-activate|p2a: Koraidon|Orichalcum Pulse|[source]\n|move|p1a: Arceus|Swords Dance|p1a: Arceus\n|-boost|p1a: Arceus|atk|2\n|\n|-weather|SunnyDay|[upkeep]\n|upkeep\n|-start|p2a: Koraidon|typechange|Fighting\/Fire|[silent]\n|turn|18\n|\n|t:|1699942225\n|move|p1a: Arceus|Extreme Speed|p2a: Koraidon\n|-damage|p2a: Koraidon|0 fnt\n|faint|p2a: Koraidon\n|-damage|p1a: Arceus|78\/100|[from] item: Life Orb\n|\n|-weather|SunnyDay|[upkeep]\n|upkeep\n|\n|t:|1699942228\n|switch|p2a: Arceus|Arceus|33\/100\n|-start|p2a: Arceus|typechange|Normal|[silent]\n|turn|19\n|c|\u2606Dregone|gg\n|c|\u2606happysh|gg\n|\n|t:|1699942230\n|move|p1a: Arceus|Extreme Speed|p2a: Arceus\n|-damage|p2a: Arceus|0 fnt\n|faint|p2a: Arceus\n|-damage|p1a: Arceus|68\/100|[from] item: Life Orb\n|\n|win|Dregone\n|n|\u2606Dregone|dregone\n|n|\u2606happysh|happysh\n|n|*Lady Monita \u2746|ladymonita\n|n| munchkinp|munchkinp\n|l|*Lady Monita \u2746\n|l|\u2606happysh\n","uploadtime":1699942232,"views":20,"p1id":"dregone","p2id":"happysh","formatid":"gen9anythinggoes","rating":0,"private":0,"password":""}