{"id":"gen9anythinggoes-1978014550","p1":"xikeso","p2":"Bigshoesbignose","format":"[Gen 9] Anything Goes","log":"|j|\u2606xikeso\n|j|\u2606Bigshoesbignose\n|t:|1698484682\n|gametype|singles\n|player|p1|xikeso|iono|1057\n|player|p2|Bigshoesbignose|sage|1044\n|teamsize|p1|6\n|teamsize|p2|6\n|gen|9\n|tier|[Gen 9] Anything Goes\n|rated|\n|rule|HP Percentage Mod: HP is shown in percentages\n|rule|Endless Battle Clause: Forcing endless battles is banned\n|clearpoke\n|poke|p1|Ditto|\n|poke|p1|Calyrex-Shadow|\n|poke|p1|Toxapex, F|\n|poke|p1|Ting-Lu|\n|poke|p1|Eternatus|\n|poke|p1|Arceus|\n|poke|p2|Calyrex-Shadow|\n|poke|p2|Arceus|\n|poke|p2|Zacian-*|\n|poke|p2|Landorus-Therian, M|\n|poke|p2|Miraidon|\n|poke|p2|Ting-Lu|\n|teampreview\n|inactive|Battle timer is ON: inactive players will automatically lose when time's up. (requested by Bigshoesbignose)\n|inactive|xikeso also wants the timer to be on.\n|\n|t:|1698484688\n|start\n|switch|p1a: Ting-Lu|Ting-Lu|100\/100\n|switch|p2a: Ting-Lu|Ting-Lu|100\/100\n|-ability|p1a: Ting-Lu|Vessel of Ruin\n|-ability|p2a: Ting-Lu|Vessel of Ruin\n|turn|1\n|\n|t:|1698484699\n|move|p1a: Ting-Lu|Taunt|p2a: Ting-Lu\n|-start|p2a: Ting-Lu|move: Taunt\n|move|p2a: Ting-Lu|Ruination|p1a: Ting-Lu\n|-damage|p1a: Ting-Lu|50\/100\n|\n|-heal|p1a: Ting-Lu|57\/100|[from] item: Leftovers\n|upkeep\n|turn|2\n|\n|t:|1698484716\n|move|p1a: Ting-Lu|Stealth Rock|p2a: Ting-Lu\n|-sidestart|p2: Bigshoesbignose|move: Stealth Rock\n|move|p2a: Ting-Lu|Ruination|p1a: Ting-Lu\n|-damage|p1a: Ting-Lu|29\/100\n|\n|-heal|p1a: Ting-Lu|35\/100|[from] item: Leftovers\n|upkeep\n|turn|3\n|\n|t:|1698484725\n|switch|p2a: Zacian|Zacian-Crowned|100\/100\n|-damage|p2a: Zacian|94\/100|[from] Stealth Rock\n|-ability|p2a: Zacian|Intrepid Sword|boost\n|-boost|p2a: Zacian|atk|1\n|move|p1a: Ting-Lu|Spikes|p2a: Zacian\n|-sidestart|p2: Bigshoesbignose|Spikes\n|\n|-heal|p1a: Ting-Lu|41\/100|[from] item: Leftovers\n|upkeep\n|turn|4\n|\n|t:|1698484737\n|move|p2a: Zacian|Close Combat|p1a: Ting-Lu\n|-supereffective|p1a: Ting-Lu\n|-damage|p1a: Ting-Lu|0 fnt\n|-unboost|p2a: Zacian|def|1\n|-unboost|p2a: Zacian|spd|1\n|faint|p1a: Ting-Lu\n|\n|upkeep\n|\n|t:|1698484750\n|switch|p1a: Ditto|Ditto, shiny|100\/100\n|-transform|p1a: Ditto|p2a: Zacian|[from] ability: Imposter\n|-ability|p1a: Ditto|Intrepid Sword|boost\n|-boost|p1a: Ditto|atk|1\n|turn|5\n|inactive|Bigshoesbignose has 120 seconds left.\n|\n|t:|1698484780\n|move|p1a: Ditto|Behemoth Blade|p2a: Zacian\n|-damage|p2a: Zacian|0 fnt\n|faint|p2a: Zacian\n|\n|upkeep\n|inactive|Bigshoesbignose has 120 seconds left.\n|\n|t:|1698484813\n|switch|p2a: Ting-Lu|Ting-Lu|100\/100\n|-damage|p2a: Ting-Lu|94\/100|[from] Stealth Rock\n|-damage|p2a: Ting-Lu|82\/100|[from] Spikes\n|-ability|p2a: Ting-Lu|Vessel of Ruin\n|turn|6\n|inactive|Bigshoesbignose has 90 seconds left.\n|\n|t:|1698484832\n|-terastallize|p2a: Ting-Lu|Poison\n|move|p1a: Ditto|Behemoth Blade|p2a: Ting-Lu\n|-damage|p2a: Ting-Lu|16\/100\n|move|p2a: Ting-Lu|Whirlwind|p1a: Ditto\n|drag|p1a: Arceus|Arceus|100\/100\n|\n|-heal|p2a: Ting-Lu|22\/100|[from] item: Leftovers\n|upkeep\n|turn|7\n|inactive|Bigshoesbignose has 90 seconds left.\n|\n|t:|1698484847\n|move|p1a: Arceus|Swords Dance|p1a: Arceus\n|-boost|p1a: Arceus|atk|2\n|move|p2a: Ting-Lu|Ruination|p1a: Arceus\n|-damage|p1a: Arceus|51\/100\n|\n|-heal|p2a: Ting-Lu|29\/100|[from] item: Leftovers\n|upkeep\n|turn|8\n|inactive|Bigshoesbignose has 90 seconds left.\n|\n|t:|1698484861\n|move|p1a: Arceus|Extreme Speed|p2a: Ting-Lu\n|-damage|p2a: Ting-Lu|0 fnt\n|faint|p2a: Ting-Lu\n|\n|upkeep\n|inactive|Bigshoesbignose has 90 seconds left.\n|\n|t:|1698484889\n|switch|p2a: Landorus|Landorus-Therian, M|100\/100\n|-damage|p2a: Landorus|88\/100|[from] Stealth Rock\n|-ability|p2a: Landorus|Intimidate|boost\n|-unboost|p1a: Arceus|atk|1\n|turn|9\n|\n|t:|1698484897\n|move|p1a: Arceus|Will-O-Wisp|p2a: Landorus\n|-status|p2a: Landorus|brn\n|move|p2a: Landorus|Taunt|p1a: Arceus\n|-start|p1a: Arceus|move: Taunt\n|\n|-damage|p2a: Landorus|82\/100 brn|[from] brn\n|upkeep\n|turn|10\n|\n|t:|1698484918\n|move|p1a: Arceus|Extreme Speed|p2a: Landorus\n|-damage|p2a: Landorus|30\/100 brn\n|-damage|p1a: Arceus|34\/100|[from] item: Rocky Helmet|[of] p2a: Landorus\n|move|p2a: Landorus|Stealth Rock|p1a: Arceus\n|-sidestart|p1: xikeso|move: Stealth Rock\n|\n|-damage|p2a: Landorus|24\/100 brn|[from] brn\n|upkeep\n|turn|11\n|\n|t:|1698484939\n|move|p1a: Arceus|Shadow Claw|p2a: Landorus\n|-damage|p2a: Landorus|0 fnt\n|-damage|p1a: Arceus|17\/100|[from] item: Rocky Helmet|[of] p2a: Landorus\n|faint|p2a: Landorus\n|\n|upkeep\n|\n|t:|1698484945\n|switch|p2a: Arceus|Arceus|100\/100\n|turn|12\n|\n|t:|1698484954\n|move|p1a: Arceus|Extreme Speed|p2a: Arceus\n|-damage|p2a: Arceus|46\/100\n|move|p2a: Arceus|Extreme Speed|p1a: Arceus\n|-damage|p1a: Arceus|0 fnt\n|faint|p1a: Arceus\n|\n|upkeep\n|\n|t:|1698484978\n|switch|p1a: Eternatus|Eternatus|100\/100\n|-ability|p1a: Eternatus|Pressure\n|turn|13\n|\n|t:|1698484986\n|move|p1a: Eternatus|Toxic Spikes|p2a: Arceus\n|-sidestart|p2: Bigshoesbignose|move: Toxic Spikes\n|move|p2a: Arceus|Swords Dance|p2a: Arceus\n|-boost|p2a: Arceus|atk|2\n|\n|upkeep\n|turn|14\n|inactive|Bigshoesbignose has 90 seconds left.\n|\n|t:|1698484998\n|move|p2a: Arceus|Extreme Speed|p1a: Eternatus\n|-damage|p1a: Eternatus|38\/100\n|move|p1a: Eternatus|Toxic Spikes|p2a: Arceus\n|-sidestart|p2: Bigshoesbignose|move: Toxic Spikes\n|\n|upkeep\n|turn|15\n|inactive|Bigshoesbignose has 90 seconds left.\n|\n|t:|1698485008\n|move|p2a: Arceus|Extreme Speed|p1a: Eternatus\n|-damage|p1a: Eternatus|0 fnt\n|faint|p1a: Eternatus\n|\n|upkeep\n|\n|t:|1698485010\n|switch|p1a: Ditto|Ditto, shiny|100\/100\n|-damage|p1a: Ditto|88\/100|[from] Stealth Rock\n|-transform|p1a: Ditto|p2a: Arceus|[from] ability: Imposter\n|turn|16\n|\n|t:|1698485024\n|move|p1a: Ditto|Extreme Speed|p2a: Arceus\n|-damage|p2a: Arceus|0 fnt\n|faint|p2a: Arceus\n|\n|upkeep\n|inactive|Bigshoesbignose has 90 seconds left.\n|\n|t:|1698485061\n|switch|p2a: Calyrex|Calyrex-Shadow|100\/100\n|-ability|p2a: Calyrex|As One\n|-ability|p2a: Calyrex|Unnerve\n|-damage|p2a: Calyrex|88\/100|[from] Stealth Rock\n|-damage|p2a: Calyrex|76\/100|[from] Spikes\n|-status|p2a: Calyrex|tox\n|turn|17\n|\n|t:|1698485071\n|switch|p1a: Toxapex|Toxapex, F|100\/100\n|-damage|p1a: Toxapex|88\/100|[from] Stealth Rock\n|move|p2a: Calyrex|Psyshock|p1a: Toxapex\n|-supereffective|p1a: Toxapex\n|-damage|p1a: Toxapex|25\/100\n|\n|-damage|p2a: Calyrex|70\/100 tox|[from] psn\n|upkeep\n|turn|18\n|\n|t:|1698485084\n|move|p2a: Calyrex|Psyshock|p1a: Toxapex\n|-supereffective|p1a: Toxapex\n|-crit|p1a: Toxapex\n|-damage|p1a: Toxapex|0 fnt\n|faint|p1a: Toxapex\n|-ability|p2a: Calyrex|Grim Neigh|boost\n|-boost|p2a: Calyrex|spa|1\n|\n|-damage|p2a: Calyrex|57\/100 tox|[from] psn\n|upkeep\n|\n|t:|1698485090\n|switch|p1a: Ditto|Ditto, shiny|88\/100\n|-damage|p1a: Ditto|76\/100|[from] Stealth Rock\n|-transform|p1a: Ditto|p2a: Calyrex|[from] ability: Imposter\n|turn|19\n|\n|t:|1698485101\n|move|p1a: Ditto|Astral Barrage|p2a: Calyrex\n|-supereffective|p2a: Calyrex\n|-damage|p2a: Calyrex|0 fnt\n|faint|p2a: Calyrex\n|-ability|p1a: Ditto|Grim Neigh|boost\n|-boost|p1a: Ditto|spa|1\n|\n|upkeep\n|\n|t:|1698485108\n|switch|p2a: Miraidon|Miraidon|100\/100\n|-damage|p2a: Miraidon|88\/100|[from] Stealth Rock\n|-damage|p2a: Miraidon|76\/100|[from] Spikes\n|-status|p2a: Miraidon|tox\n|-fieldstart|move: Electric Terrain|[from] ability: Hadron Engine|[of] p2a: Miraidon\n|turn|20\n|\n|t:|1698485120\n|move|p1a: Ditto|Astral Barrage|p2a: Miraidon\n|-damage|p2a: Miraidon|0 fnt\n|faint|p2a: Miraidon\n|\n|win|xikeso\n|raw|xikeso's rating: 1057 &rarr; <strong>1087<\/strong><br \/>(+30 for winning)\n|raw|Bigshoesbignose's rating: 1044 &rarr; <strong>1028<\/strong><br \/>(-16 for losing)\n|l|\u2606Bigshoesbignose\n","uploadtime":1698485133,"views":11,"p1id":"xikeso","p2id":"bigshoesbignose","formatid":"gen9anythinggoes","rating":1028,"private":0,"password":""}