{"id":"gen9anythinggoes-1984622342","p1":"RequiemRevived","p2":"TUCHKI TUIYA","format":"[Gen 9] Anything Goes","log":"|j|\u2606RequiemRevived\n|j|\u2606TUCHKI TUIYA\n|t:|1699285436\n|gametype|singles\n|player|p1|RequiemRevived|dahlia|1183\n|player|p2|TUCHKI TUIYA|102|1113\n|teamsize|p1|6\n|teamsize|p2|5\n|gen|9\n|tier|[Gen 9] Anything Goes\n|rated|\n|rule|HP Percentage Mod: HP is shown in percentages\n|rule|Endless Battle Clause: Forcing endless battles is banned\n|clearpoke\n|poke|p1|Orthworm, F|\n|poke|p1|Kommo-o, M|\n|poke|p1|Urshifu-*, M|\n|poke|p1|Baxcalibur, M|\n|poke|p1|Ninetales-Alola, M|\n|poke|p1|Magearna|\n|poke|p2|Hawlucha, F|\n|poke|p2|Clodsire, F|\n|poke|p2|Clodsire, M|\n|poke|p2|Urshifu-*, M|\n|poke|p2|Zacian-*|\n|teampreview\n|inactive|Battle timer is ON: inactive players will automatically lose when time's up. (requested by RequiemRevived)\n|\n|t:|1699285450\n|start\n|switch|p1a: Ninetales|Ninetales-Alola, M|100\/100\n|switch|p2a: Clodsire|Clodsire, F|100\/100\n|-weather|Snow|[from] ability: Snow Warning|[of] p1a: Ninetales\n|turn|1\n|\n|t:|1699285458\n|move|p1a: Ninetales|Aurora Veil|p1a: Ninetales\n|-sidestart|p1: RequiemRevived|move: Aurora Veil\n|move|p2a: Clodsire|Curse|p2a: Clodsire\n|-unboost|p2a: Clodsire|spe|1\n|-boost|p2a: Clodsire|atk|1\n|-boost|p2a: Clodsire|def|1\n|\n|-weather|Snow|[upkeep]\n|upkeep\n|turn|2\n|\n|t:|1699285467\n|move|p1a: Ninetales|Encore|p2a: Clodsire\n|-start|p2a: Clodsire|Encore\n|move|p2a: Clodsire|Curse|p2a: Clodsire\n|-unboost|p2a: Clodsire|spe|1\n|-boost|p2a: Clodsire|atk|1\n|-boost|p2a: Clodsire|def|1\n|\n|-weather|Snow|[upkeep]\n|upkeep\n|turn|3\n|\n|t:|1699285476\n|switch|p1a: Baxcalibur|Baxcalibur, M|100\/100\n|move|p2a: Clodsire|Curse|p2a: Clodsire\n|-unboost|p2a: Clodsire|spe|1\n|-boost|p2a: Clodsire|atk|1\n|-boost|p2a: Clodsire|def|1\n|\n|-weather|Snow|[upkeep]\n|upkeep\n|turn|4\n|\n|t:|1699285485\n|move|p1a: Baxcalibur|Scale Shot|p2a: Clodsire|[miss]\n|-miss|p1a: Baxcalibur|p2a: Clodsire\n|move|p2a: Clodsire|Curse|p2a: Clodsire\n|-unboost|p2a: Clodsire|spe|1\n|-boost|p2a: Clodsire|atk|1\n|-boost|p2a: Clodsire|def|1\n|\n|-weather|Snow|[upkeep]\n|-end|p2a: Clodsire|Encore\n|upkeep\n|turn|5\n|\n|t:|1699285514\n|move|p1a: Baxcalibur|Scale Shot|p2a: Clodsire|[miss]\n|-miss|p1a: Baxcalibur|p2a: Clodsire\n|move|p2a: Clodsire|Body Press|p1a: Baxcalibur\n|-supereffective|p1a: Baxcalibur\n|-damage|p1a: Baxcalibur|65\/100\n|\n|-weather|none\n|upkeep\n|turn|6\n|\n|t:|1699285528\n|switch|p1a: Ninetales|Ninetales-Alola, M|100\/100\n|-weather|Snow|[from] ability: Snow Warning|[of] p1a: Ninetales\n|move|p2a: Clodsire|Gunk Shot|p1a: Ninetales\n|-supereffective|p1a: Ninetales\n|-damage|p1a: Ninetales|22\/100\n|-status|p1a: Ninetales|psn\n|\n|-weather|Snow|[upkeep]\n|-damage|p1a: Ninetales|10\/100 psn|[from] psn\n|upkeep\n|turn|7\n|inactive|TUCHKI TUIYA has 120 seconds left.\n|\n|t:|1699285545\n|switch|p1a: Baxcalibur|Baxcalibur, M|65\/100\n|move|p2a: Clodsire|Curse|p2a: Clodsire\n|-unboost|p2a: Clodsire|spe|1\n|-boost|p2a: Clodsire|atk|1\n|-boost|p2a: Clodsire|def|1\n|\n|-weather|Snow|[upkeep]\n|-heal|p1a: Baxcalibur|72\/100|[from] ability: Ice Body\n|upkeep\n|turn|8\n|inactive|TUCHKI TUIYA has 120 seconds left.\n|\n|t:|1699285556\n|move|p1a: Baxcalibur|Dragon Dance|p1a: Baxcalibur\n|-boost|p1a: Baxcalibur|atk|1\n|-boost|p1a: Baxcalibur|spe|1\n|move|p2a: Clodsire|Gunk Shot|p1a: Baxcalibur\n|-damage|p1a: Baxcalibur|36\/100\n|\n|-weather|Snow|[upkeep]\n|-heal|p1a: Baxcalibur|42\/100|[from] ability: Ice Body\n|-sideend|p1: RequiemRevived|move: Aurora Veil\n|upkeep\n|turn|9\n|inactive|TUCHKI TUIYA has 120 seconds left.\n|\n|t:|1699285566\n|move|p1a: Baxcalibur|Icicle Spear|p2a: Clodsire\n|-supereffective|p2a: Clodsire\n|-damage|p2a: Clodsire|89\/100\n|-supereffective|p2a: Clodsire\n|-damage|p2a: Clodsire|79\/100\n|-supereffective|p2a: Clodsire\n|-damage|p2a: Clodsire|67\/100\n|-supereffective|p2a: Clodsire\n|-damage|p2a: Clodsire|56\/100\n|-supereffective|p2a: Clodsire\n|-damage|p2a: Clodsire|44\/100\n|-hitcount|p2a: Clodsire|5\n|move|p2a: Clodsire|Body Press|p1a: Baxcalibur\n|-supereffective|p1a: Baxcalibur\n|-damage|p1a: Baxcalibur|0 fnt\n|faint|p1a: Baxcalibur\n|\n|-weather|Snow|[upkeep]\n|-heal|p2a: Clodsire|51\/100|[from] item: Leftovers\n|upkeep\n|\n|t:|1699285571\n|switch|p1a: Urshifu|Urshifu-Rapid-Strike, M|100\/100\n|turn|10\n|\n|t:|1699285586\n|move|p1a: Urshifu|Surging Strikes|p2a: Clodsire\n|-supereffective|p2a: Clodsire\n|-crit|p2a: Clodsire\n|-damage|p2a: Clodsire|17\/100\n|-supereffective|p2a: Clodsire\n|-crit|p2a: Clodsire\n|-damage|p2a: Clodsire|0 fnt\n|faint|p2a: Clodsire\n|-hitcount|p2: Clodsire|2\n|\n|-weather|none\n|upkeep\n|inactive|TUCHKI TUIYA has 120 seconds left.\n|\n|t:|1699285596\n|switch|p2a: Clodsire|Clodsire, M|100\/100\n|turn|11\n|\n|t:|1699285601\n|move|p1a: Urshifu|Surging Strikes|p2a: Clodsire\n|-supereffective|p2a: Clodsire\n|-crit|p2a: Clodsire\n|-damage|p2a: Clodsire|65\/100\n|-supereffective|p2a: Clodsire\n|-crit|p2a: Clodsire\n|-damage|p2a: Clodsire|30\/100\n|-supereffective|p2a: Clodsire\n|-crit|p2a: Clodsire\n|-damage|p2a: Clodsire|0 fnt\n|faint|p2a: Clodsire\n|-hitcount|p2: Clodsire|3\n|\n|upkeep\n|\n|t:|1699285611\n|switch|p2a: Hawlucha|Hawlucha, F|100\/100\n|turn|12\n|\n|t:|1699285617\n|move|p2a: Hawlucha|Reversal|p1a: Urshifu\n|-damage|p1a: Urshifu|92\/100\n|move|p1a: Urshifu|Thunder Punch|p2a: Hawlucha\n|-supereffective|p2a: Hawlucha\n|-damage|p2a: Hawlucha|11\/100\n|\n|upkeep\n|turn|13\n|\n|t:|1699285624\n|move|p2a: Hawlucha|Reversal|p1a: Urshifu\n|-damage|p1a: Urshifu|25\/100\n|move|p1a: Urshifu|Thunder Punch|p2a: Hawlucha\n|-supereffective|p2a: Hawlucha\n|-damage|p2a: Hawlucha|0 fnt\n|faint|p2a: Hawlucha\n|\n|upkeep\n|\n|t:|1699285639\n|switch|p2a: Zacian|Zacian-Crowned|100\/100\n|-ability|p2a: Zacian|Intrepid Sword|boost\n|-boost|p2a: Zacian|atk|1\n|turn|14\n|\n|t:|1699285651\n|move|p2a: Zacian|Swords Dance|p2a: Zacian\n|-boost|p2a: Zacian|atk|2\n|move|p1a: Urshifu|Drain Punch|p2a: Zacian\n|-damage|p2a: Zacian|58\/100\n|-heal|p1a: Urshifu|46\/100|[from] drain|[of] p2a: Zacian\n|\n|upkeep\n|turn|15\n|inactive|TUCHKI TUIYA has 120 seconds left.\n|\n|t:|1699285679\n|move|p2a: Zacian|Psychic Fangs|p1a: Urshifu\n|-supereffective|p1a: Urshifu\n|-damage|p1a: Urshifu|0 fnt\n|faint|p1a: Urshifu\n|\n|upkeep\n|\n|t:|1699285686\n|switch|p1a: Magearna|Magearna|100\/100\n|-item|p1a: Magearna|Air Balloon\n|turn|16\n|inactive|TUCHKI TUIYA has 120 seconds left.\n|\n|t:|1699285717\n|move|p2a: Zacian|Focus Blast|p1a: Magearna\n|-damage|p1a: Magearna|85\/100\n|-enditem|p1a: Magearna|Air Balloon\n|move|p1a: Magearna|Shift Gear|p1a: Magearna\n|-boost|p1a: Magearna|spe|2\n|-boost|p1a: Magearna|atk|1\n|\n|upkeep\n|turn|17\n|\n|t:|1699285731\n|move|p2a: Zacian|Focus Blast|p1a: Magearna|[miss]\n|-miss|p2a: Zacian|p1a: Magearna\n|move|p1a: Magearna|Encore|p2a: Zacian\n|-start|p2a: Zacian|Encore\n|\n|upkeep\n|turn|18\n|\n|t:|1699285740\n|move|p2a: Zacian|Focus Blast|p1a: Magearna\n|-crit|p1a: Magearna\n|-damage|p1a: Magearna|65\/100\n|move|p1a: Magearna|Shift Gear|p1a: Magearna\n|-boost|p1a: Magearna|spe|2\n|-boost|p1a: Magearna|atk|1\n|\n|upkeep\n|turn|19\n|\n|t:|1699285748\n|move|p1a: Magearna|Shift Gear|p1a: Magearna\n|-boost|p1a: Magearna|spe|2\n|-boost|p1a: Magearna|atk|1\n|move|p2a: Zacian|Focus Blast|p1a: Magearna\n|-damage|p1a: Magearna|50\/100\n|\n|upkeep\n|turn|20\n|\n|t:|1699285759\n|-terastallize|p2a: Zacian|Fairy\n|move|p1a: Magearna|Draining Kiss|p2a: Zacian\n|-damage|p2a: Zacian|36\/100\n|-heal|p1a: Magearna|64\/100|[from] drain|[of] p2a: Zacian\n|move|p2a: Zacian|Focus Blast|p1a: Magearna\n|-damage|p1a: Magearna|50\/100\n|\n|-end|p2a: Zacian|Encore\n|upkeep\n|turn|21\n|inactive|TUCHKI TUIYA has 120 seconds left.\n|\n|t:|1699285772\n|move|p1a: Magearna|Encore|p2a: Zacian\n|-start|p2a: Zacian|Encore\n|move|p2a: Zacian|Focus Blast|p1a: Magearna|[miss]\n|-miss|p2a: Zacian|p1a: Magearna\n|\n|upkeep\n|turn|22\n|inactive|TUCHKI TUIYA has 120 seconds left.\n|\n|t:|1699285782\n|move|p1a: Magearna|Draining Kiss|p2a: Zacian\n|-damage|p2a: Zacian|17\/100\n|-heal|p1a: Magearna|63\/100|[from] drain|[of] p2a: Zacian\n|move|p2a: Zacian|Focus Blast|p1a: Magearna\n|-damage|p1a: Magearna|49\/100\n|\n|upkeep\n|turn|23\n|\n|t:|1699285792\n|switch|p2a: Urshifu|Urshifu, M|100\/100\n|move|p1a: Magearna|Draining Kiss|p2a: Urshifu\n|-supereffective|p2a: Urshifu\n|-enditem|p2a: Urshifu|Focus Sash\n|-damage|p2a: Urshifu|1\/100\n|-heal|p1a: Magearna|100\/100|[from] drain|[of] p2a: Urshifu\n|\n|upkeep\n|turn|24\n|\n|t:|1699285801\n|move|p1a: Magearna|Draining Kiss|p2a: Urshifu\n|-supereffective|p2a: Urshifu\n|-damage|p2a: Urshifu|0 fnt\n|faint|p2a: Urshifu\n|-ability|p1a: Magearna|Soul-Heart|boost\n|-boost|p1a: Magearna|spa|1\n|\n|upkeep\n|\n|t:|1699285808\n|switch|p2a: Zacian|Zacian-Crowned, tera:Fairy|17\/100\n|turn|25\n|\n|t:|1699285812\n|move|p1a: Magearna|Draining Kiss|p2a: Zacian\n|-damage|p2a: Zacian|0 fnt\n|faint|p2a: Zacian\n|\n|win|RequiemRevived\n|raw|RequiemRevived's rating: 1183 &rarr; <strong>1203<\/strong><br \/>(+20 for winning)\n|raw|TUCHKI TUIYA's rating: 1113 &rarr; <strong>1093<\/strong><br \/>(-20 for losing)\n|c|\u2606RequiemRevived|gg\n|l|\u2606RequiemRevived\n","uploadtime":1699285821,"views":6,"p1id":"requiemrevived","p2id":"tuchkituiya","formatid":"gen9anythinggoes","rating":1093,"private":0,"password":""}