{"id":"gen9anythinggoes-1998464365","p1":"setofleischer","p2":"dennis wa","format":"[Gen 9] Anything Goes","log":"|j|\u2606setofleischer\n|j|\u2606dennis wa\n|t:|1700945252\n|gametype|singles\n|player|p1|setofleischer|102|\n|player|p2|dennis wa|striker|\n|teamsize|p1|6\n|teamsize|p2|6\n|gen|9\n|tier|[Gen 9] Anything Goes\n|rule|HP Percentage Mod: HP is shown in percentages\n|rule|Endless Battle Clause: Forcing endless battles is banned\n|clearpoke\n|poke|p1|Urshifu-*, M|\n|poke|p1|Gliscor, M|\n|poke|p1|Gengar, M|\n|poke|p1|Gallade, M|\n|poke|p1|Goodra, M|\n|poke|p1|Amoonguss, F|\n|poke|p2|Tinkaton, F|\n|poke|p2|Ogerpon-Hearthflame, F|\n|poke|p2|Maushold|\n|poke|p2|Weezing, M|\n|poke|p2|Zoroark-Hisui, M|\n|poke|p2|Glaceon, M|\n|teampreview\n|c|\u2606setofleischer|dann auf ein gutes\n|c|\u2606dennis wa|\u2764\ud83e\udde1\ud83d\udc9b\ud83d\udc9a\ud83d\udc99\ud83d\udc9c\ud83e\udd0e\ud83d\udda4\n|c|\u2606dennis wa|Yallah glhf\n|c|\u2606setofleischer|das ist ja das gleiche wie gestern :)\n|j| Flaggx\n|c|\u2606dennis wa|Versprech ich dir ist nicht das selbe ^^\n|c| Flaggx|Glhf Jungs\n|c|\u2606dennis wa|Collin kuss\n|c|\u2606setofleischer|dito dennis\n|\n|t:|1700945578\n|start\n|switch|p1a: Gliscor|Gliscor, M|100\/100\n|switch|p2a: Ogerpon|Ogerpon-Hearthflame, F|100\/100\n|-ability|p2a: Ogerpon|Mold Breaker\n|turn|1\n|\n|t:|1700945602\n|move|p2a: Ogerpon|Knock Off|p1a: Gliscor\n|-damage|p1a: Gliscor|80\/100\n|-enditem|p1a: Gliscor|Toxic Orb|[from] move: Knock Off|[of] p2a: Ogerpon\n|move|p1a: Gliscor|Toxic|p2a: Ogerpon\n|-status|p2a: Ogerpon|tox\n|\n|-damage|p2a: Ogerpon|95\/100 tox|[from] psn\n|upkeep\n|turn|2\n|\n|t:|1700945668\n|switch|p2a: Weezing|Weezing, M|100\/100\n|move|p1a: Gliscor|Stealth Rock|p2a: Weezing\n|-sidestart|p2: dennis wa|move: Stealth Rock\n|\n|upkeep\n|turn|3\n|\n|t:|1700945676\n|move|p1a: Gliscor|U-turn|p2a: Weezing\n|-resisted|p2a: Weezing\n|-crit|p2a: Weezing\n|-damage|p2a: Weezing|92\/100\n|\n|t:|1700945694\n|switch|p1a: Gengar|Gengar, M|100\/100|[from] U-turn\n|move|p2a: Weezing|Will-O-Wisp|p1a: Gengar\n|-status|p1a: Gengar|brn\n|\n|-heal|p2a: Weezing|98\/100|[from] item: Black Sludge\n|-damage|p1a: Gengar|94\/100 brn|[from] brn\n|upkeep\n|turn|4\n|\n|t:|1700945727\n|move|p1a: Gengar|Psychic|p2a: Weezing\n|-supereffective|p2a: Weezing\n|-damage|p2a: Weezing|5\/100\n|move|p2a: Weezing|Dark Pulse|p1a: Gengar\n|-supereffective|p1a: Gengar\n|-damage|p1a: Gengar|39\/100 brn\n|\n|-heal|p2a: Weezing|11\/100|[from] item: Black Sludge\n|-damage|p1a: Gengar|33\/100 brn|[from] brn\n|upkeep\n|turn|5\n|\n|t:|1700945736\n|switch|p2a: Tinkaton|Tinkaton, F|100\/100\n|-damage|p2a: Tinkaton|94\/100|[from] Stealth Rock\n|move|p1a: Gengar|Psychic|p2a: Tinkaton\n|-resisted|p2a: Tinkaton\n|-crit|p2a: Tinkaton\n|-damage|p2a: Tinkaton|71\/100\n|\n|-damage|p1a: Gengar|27\/100 brn|[from] brn\n|upkeep\n|turn|6\n|c|\u2606dennis wa|Aha Specs Gengar Interessant\n|c|\u2606setofleischer|kein specs:)\n|c|\u2606dennis wa|Aha Expert belt Gengar Interessant\n|j| Dave1200\n|j| michpanta\n|\n|t:|1700945870\n|switch|p1a: Gliscor|Gliscor, M|80\/100\n|move|p2a: Tinkaton|Knock Off|p1a: Gliscor\n|-damage|p1a: Gliscor|71\/100\n|\n|upkeep\n|turn|7\n|\n|t:|1700945893\n|move|p2a: Tinkaton|Ice Hammer|p1a: Gliscor\n|-supereffective|p1a: Gliscor\n|-damage|p1a: Gliscor|8\/100\n|-unboost|p2a: Tinkaton|spe|1\n|move|p1a: Gliscor|Earthquake|p2a: Tinkaton\n|-supereffective|p2a: Tinkaton\n|-damage|p2a: Tinkaton|0 fnt\n|faint|p2a: Tinkaton\n|\n|upkeep\n|c|\u2606dennis wa|ich verliere gegen scarf Urshi...\n|c|\u2606setofleischer|das ist korrekt rate mal was er hat\n|c|\u2606setofleischer|hahahahahhahahaha\n|c|\u2606setofleischer|wuhahahahah\n|\n|t:|1700946228\n|switch|p2a: Ogerpon|Ogerpon-Hearthflame, F|95\/100 tox\n|-damage|p2a: Ogerpon|70\/100 tox|[from] Stealth Rock\n|-ability|p2a: Ogerpon|Mold Breaker\n|turn|8\n|l| Flaggx\n|j| Flaggx\n|\n|t:|1700946264\n|move|p2a: Ogerpon|Knock Off|p1a: Gliscor\n|-damage|p1a: Gliscor|0 fnt\n|faint|p1a: Gliscor\n|\n|-damage|p2a: Ogerpon|64\/100 tox|[from] psn\n|upkeep\n|\n|t:|1700946284\n|switch|p1a: Urshifu|Urshifu-Rapid-Strike, M|100\/100\n|turn|9\n|\n|t:|1700946347\n|switch|p2a: Weezing|Weezing, M|11\/100\n|-damage|p2a: Weezing|0 fnt|[from] Stealth Rock\n|faint|p2a: Weezing\n|move|p1a: Urshifu|Surging Strikes|p2: Weezing|[notarget]\n|-fail|p1a: Urshifu\n|\n|upkeep\n|\n|t:|1700946368\n|switch|p2a: Glaceon|Glaceon, M|100\/100\n|-damage|p2a: Glaceon|76\/100|[from] Stealth Rock\n|turn|10\n|\n|t:|1700946399\n|-terastallize|p2a: Glaceon|Water\n|move|p1a: Urshifu|Substitute|p1a: Urshifu\n|-start|p1a: Urshifu|Substitute\n|-damage|p1a: Urshifu|76\/100\n|move|p2a: Glaceon|Substitute|p2a: Glaceon\n|-start|p2a: Glaceon|Substitute\n|-damage|p2a: Glaceon|51\/100\n|\n|-heal|p2a: Glaceon|57\/100|[from] item: Leftovers\n|upkeep\n|turn|11\n|c|\u2606dennis wa|DUUU SCHWEEEEEIIIIIINNNNN\n|c|\u2606setofleischer|hahahhahaha\n|c| Flaggx|\ud83d\ude02\n|c|\u2606dennis wa|icb hasse dich\n|c| michpanta|An diesem Tisch werden keine L\u00fcgen erz\u00e4hlt :D\n|c|\u2606setofleischer|thunderpunsch schmeckt jetzt\n|\n|t:|1700946443\n|move|p1a: Urshifu|Close Combat|p2a: Glaceon\n|-end|p2a: Glaceon|Substitute\n|-unboost|p1a: Urshifu|def|1\n|-unboost|p1a: Urshifu|spd|1\n|move|p2a: Glaceon|Freeze-Dry|p1a: Urshifu\n|-supereffective|p1a: Urshifu\n|-end|p1a: Urshifu|Substitute\n|\n|-heal|p2a: Glaceon|63\/100|[from] item: Leftovers\n|upkeep\n|turn|12\n|\n|t:|1700946506\n|move|p1a: Urshifu|U-turn|p2a: Glaceon\n|-damage|p2a: Glaceon|46\/100\n|\n|t:|1700946514\n|switch|p1a: Goodra|Goodra, M|100\/100|[from] U-turn\n|move|p2a: Glaceon|Freeze-Dry|p1a: Goodra\n|-supereffective|p1a: Goodra\n|-damage|p1a: Goodra|74\/100\n|\n|-heal|p1a: Goodra|80\/100|[from] item: Leftovers\n|-heal|p2a: Glaceon|52\/100|[from] item: Leftovers\n|upkeep\n|turn|13\n|\n|t:|1700946619\n|switch|p2a: Ogerpon|Ogerpon-Hearthflame, F|64\/100 tox\n|-damage|p2a: Ogerpon|39\/100 tox|[from] Stealth Rock\n|-ability|p2a: Ogerpon|Mold Breaker\n|move|p1a: Goodra|Draco Meteor|p2a: Ogerpon\n|-damage|p2a: Ogerpon|0 fnt\n|-unboost|p1a: Goodra|spa|2\n|faint|p2a: Ogerpon\n|\n|-heal|p1a: Goodra|86\/100|[from] item: Leftovers\n|upkeep\n|c|\u2606setofleischer|wieder die m\u00e4use :)\n|\n|t:|1700946651\n|switch|p2a: Maushold|Maushold|100\/100\n|-damage|p2a: Maushold|88\/100|[from] Stealth Rock\n|turn|14\n|c| Flaggx|Die maus ist back um maus sachen zu machen\n|c|\u2606setofleischer|ja dann mach mal counter freut sich\n|\n|t:|1700946737\n|-terastallize|p1a: Goodra|Fairy\n|move|p2a: Maushold|Swords Dance|p2a: Maushold\n|-boost|p2a: Maushold|atk|2\n|move|p1a: Goodra|Toxic|p2a: Maushold\n|-status|p2a: Maushold|tox\n|\n|-heal|p1a: Goodra|93\/100|[from] item: Leftovers\n|-damage|p2a: Maushold|82\/100 tox|[from] psn\n|upkeep\n|turn|15\n|\n|t:|1700946756\n|move|p2a: Maushold|Facade|p1a: Goodra\n|-damage|p1a: Goodra|0 fnt\n|-ability|p1a: Goodra|Gooey\n|-unboost|p2a: Maushold|spe|1\n|faint|p1a: Goodra\n|\n|-damage|p2a: Maushold|70\/100 tox|[from] psn\n|upkeep\n|c| Flaggx|Sd \u00fcber aufr\u00e4umen?\n|\n|t:|1700946771\n|switch|p1a: Gallade|Gallade, M|100\/100\n|turn|16\n|c|\u2606dennis wa|Ja haben die neu dazu bekommen\n|c| Dave1200|haha\n|c| Flaggx|\ud83d\udd95\n|c| michpanta|Flaggx wird wegen Beleidigung gebannt :D\n|c|\u2606setofleischer|das ist zoroak :)\n|c| michpanta|Echt ???\n|c|\u2606setofleischer|aber jetzt raumt erst mal wer auf\n|c|\u2606dennis wa|Im Damge Calc habe ich das Spiel Verloren. Musst du nur noch sauber spielen dann GG\n|\n|t:|1700947050\n|move|p1a: Gallade|Knock Off|p2a: Maushold\n|-supereffective|p2a: Maushold\n|-damage|p2a: Maushold|0 fnt\n|replace|p2a: Zoroark|Zoroark-Hisui, M\n|-end|p2a: Zoroark|Illusion\n|-enditem|p2a: Zoroark|Flame Orb|[from] move: Knock Off|[of] p1a: Gallade\n|faint|p2a: Zoroark\n|-damage|p1a: Gallade|91\/100|[from] item: Life Orb\n|\n|upkeep\n|\n|t:|1700947059\n|switch|p2a: Maushold|Maushold|100\/100\n|-damage|p2a: Maushold|88\/100|[from] Stealth Rock\n|turn|17\n|\n|t:|1700947172\n|move|p2a: Maushold|Population Bomb|p1a: Gallade\n|-damage|p1a: Gallade|72\/100\n|-damage|p1a: Gallade|56\/100\n|-damage|p1a: Gallade|39\/100\n|-damage|p1a: Gallade|23\/100\n|-damage|p1a: Gallade|4\/100\n|-damage|p1a: Gallade|0 fnt\n|faint|p1a: Gallade\n|-hitcount|p1: Gallade|6\n|\n|upkeep\n|\n|t:|1700947183\n|switch|p1a: Amoonguss|Amoonguss, F|100\/100\n|turn|18\n|\n|t:|1700947203\n|move|p2a: Maushold|U-turn|p1a: Amoonguss\n|-damage|p1a: Amoonguss|83\/100\n|\n|t:|1700947206\n|switch|p2a: Glaceon|Glaceon, M, tera:Water|52\/100|[from] U-turn\n|-damage|p2a: Glaceon|40\/100|[from] Stealth Rock\n|move|p1a: Amoonguss|Toxic|p2a: Glaceon\n|-status|p2a: Glaceon|tox\n|\n|-heal|p2a: Glaceon|46\/100 tox|[from] item: Leftovers\n|-heal|p1a: Amoonguss|90\/100|[from] item: Black Sludge\n|-damage|p2a: Glaceon|40\/100 tox|[from] psn\n|upkeep\n|turn|19\n|\n|t:|1700947256\n|move|p2a: Glaceon|Freeze-Dry|p1a: Amoonguss\n|-supereffective|p1a: Amoonguss\n|-damage|p1a: Amoonguss|50\/100\n|move|p1a: Amoonguss|Giga Drain|p2a: Glaceon\n|-supereffective|p2a: Glaceon\n|-damage|p2a: Glaceon|0 fnt\n|-heal|p1a: Amoonguss|66\/100|[from] drain|[of] p2a: Glaceon\n|faint|p2a: Glaceon\n|\n|-heal|p1a: Amoonguss|72\/100|[from] item: Black Sludge\n|upkeep\n|\n|t:|1700947286\n|switch|p2a: Maushold|Maushold|88\/100\n|-damage|p2a: Maushold|75\/100|[from] Stealth Rock\n|turn|20\n|l| Flaggx\n|\n|t:|1700947355\n|move|p2a: Maushold|Population Bomb|p1a: Amoonguss\n|-damage|p1a: Amoonguss|61\/100\n|-damage|p1a: Amoonguss|52\/100\n|-damage|p1a: Amoonguss|41\/100\n|-damage|p1a: Amoonguss|31\/100\n|-damage|p1a: Amoonguss|19\/100\n|-damage|p1a: Amoonguss|9\/100\n|-damage|p1a: Amoonguss|0 fnt\n|faint|p1a: Amoonguss\n|-hitcount|p1: Amoonguss|7\n|\n|upkeep\n|c|\u2606setofleischer|gg\n|\n|t:|1700947369\n|switch|p1a: Urshifu|Urshifu-Rapid-Strike, M|76\/100\n|turn|21\n|\n|t:|1700947376\n|move|p2a: Maushold|Population Bomb|p1a: Urshifu\n|-damage|p1a: Urshifu|67\/100\n|-damage|p1a: Urshifu|58\/100\n|-damage|p1a: Urshifu|48\/100\n|-damage|p1a: Urshifu|39\/100\n|-damage|p1a: Urshifu|29\/100\n|-damage|p1a: Urshifu|19\/100\n|-damage|p1a: Urshifu|10\/100\n|-damage|p1a: Urshifu|0 fnt\n|faint|p1a: Urshifu\n|-hitcount|p1: Urshifu|8\n|\n|upkeep\n|j| Flaggx\n|\n|t:|1700947388\n|switch|p1a: Gengar|Gengar, M|27\/100 brn\n|turn|22\n|\n|t:|1700947392\n|move|p2a: Maushold|Bite|p1a: Gengar\n|-supereffective|p1a: Gengar\n|-damage|p1a: Gengar|0 fnt\n|faint|p1a: Gengar\n|\n|win|dennis wa\n|c|\u2606dennis wa|OMG\n|l| michpanta\n|c| Flaggx|Nein\n|c|\u2606dennis wa|ja gg aber...\n|c| Flaggx|Wieso denn\n|c|\u2606dennis wa|hier sind komische sachen passiert\n|l| Flaggx\n|j| Flaggx\n|c| Flaggx|Der n\u00e4chste Maus Supporter wird geboren\n|l|\u2606setofleischer\n","uploadtime":1700947469,"views":17,"p1id":"setofleischer","p2id":"denniswa","formatid":"gen9anythinggoes","rating":0,"private":0,"password":""}