{"id":"gen9anythinggoes-1972066508","p1":"Wisper2ng","p2":"Maxchu09","format":"[Gen 9] Anything Goes","log":"|j|\u2606Wisper2ng\n|j|\u2606Maxchu09\n|t:|1697809959\n|gametype|singles\n|player|p1|Wisper2ng|wallace|1061\n|player|p2|Maxchu09|170|1111\n|teamsize|p1|2\n|teamsize|p2|6\n|gen|9\n|tier|[Gen 9] Anything Goes\n|rated|\n|rule|HP Percentage Mod: HP is shown in percentages\n|rule|Endless Battle Clause: Forcing endless battles is banned\n|clearpoke\n|poke|p1|Uxie|\n|poke|p1|Charizard, F|\n|poke|p2|Gliscor, M|\n|poke|p2|Dragapult, F|\n|poke|p2|Corviknight, M|\n|poke|p2|Heatran, F|\n|poke|p2|Ogerpon-Wellspring, F|\n|poke|p2|Zamazenta-*|\n|teampreview\n|inactive|Battle timer is ON: inactive players will automatically lose when time's up. (requested by Wisper2ng)\n|\n|t:|1697809978\n|start\n|switch|p1a: Uxie|Uxie|100\/100\n|switch|p2a: Gliscor|Gliscor, M|100\/100\n|turn|1\n|\n|t:|1697809995\n|move|p1a: Uxie|Reflect|p1a: Uxie\n|-sidestart|p1: Wisper2ng|Reflect\n|move|p2a: Gliscor|Toxic|p1a: Uxie\n|-status|p1a: Uxie|tox\n|\n|-damage|p1a: Uxie|95\/100 tox|[from] psn\n|-status|p2a: Gliscor|tox|[from] item: Toxic Orb\n|upkeep\n|turn|2\n|\n|t:|1697810004\n|move|p1a: Uxie|Memento|p2a: Gliscor\n|-unboost|p2a: Gliscor|atk|2\n|-unboost|p2a: Gliscor|spa|2\n|faint|p1a: Uxie\n|move|p2a: Gliscor|Knock Off|p1: Uxie|[notarget]\n|-fail|p2a: Gliscor\n|\n|upkeep\n|\n|t:|1697810011\n|switch|p1a: Charizard|Charizard, F|100\/100\n|turn|3\n|\n|t:|1697810017\n|move|p1a: Charizard|Substitute|p1a: Charizard\n|-start|p1a: Charizard|Substitute\n|-damage|p1a: Charizard|75\/100\n|move|p2a: Gliscor|Toxic||[still]\n|-fail|p2a: Gliscor\n|\n|upkeep\n|turn|4\n|\n|t:|1697810025\n|move|p1a: Charizard|Belly Drum|p1a: Charizard\n|-damage|p1a: Charizard|25\/100\n|-setboost|p1a: Charizard|atk|6|[from] move: Belly Drum\n|-enditem|p1a: Charizard|Salac Berry|[eat]\n|-boost|p1a: Charizard|spe|1|[from] item: Salac Berry\n|move|p2a: Gliscor|Knock Off|p1a: Charizard\n|-activate|p1a: Charizard|move: Substitute|[damage]\n|\n|upkeep\n|turn|5\n|\n|t:|1697810038\n|move|p1a: Charizard|Acrobatics|p2a: Gliscor\n|-damage|p2a: Gliscor|2\/100 tox\n|move|p2a: Gliscor|Knock Off|p1a: Charizard\n|-activate|p1a: Charizard|move: Substitute|[damage]\n|\n|-heal|p2a: Gliscor|14\/100 tox|[from] ability: Poison Heal\n|-sideend|p1: Wisper2ng|Reflect\n|upkeep\n|turn|6\n|\n|t:|1697810048\n|move|p2a: Gliscor|Protect|p2a: Gliscor\n|-singleturn|p2a: Gliscor|Protect\n|move|p1a: Charizard|Acrobatics|p2a: Gliscor\n|-activate|p2a: Gliscor|move: Protect\n|\n|-heal|p2a: Gliscor|27\/100 tox|[from] ability: Poison Heal\n|upkeep\n|turn|7\n|\n|t:|1697810062\n|move|p1a: Charizard|Acrobatics|p2a: Gliscor\n|-damage|p2a: Gliscor|0 fnt\n|faint|p2a: Gliscor\n|\n|upkeep\n|\n|t:|1697810075\n|switch|p2a: Zamazenta|Zamazenta|100\/100\n|-ability|p2a: Zamazenta|Dauntless Shield|boost\n|-boost|p2a: Zamazenta|def|1\n|turn|8\n|\n|t:|1697810087\n|move|p1a: Charizard|Acrobatics|p2a: Zamazenta\n|-supereffective|p2a: Zamazenta\n|-damage|p2a: Zamazenta|0 fnt\n|faint|p2a: Zamazenta\n|\n|upkeep\n|\n|t:|1697810099\n|switch|p2a: Heatran|Heatran, F, shiny|100\/100\n|-item|p2a: Heatran|Air Balloon\n|turn|9\n|\n|t:|1697810114\n|move|p1a: Charizard|Acrobatics|p2a: Heatran\n|-resisted|p2a: Heatran\n|-damage|p2a: Heatran|30\/100\n|-enditem|p2a: Heatran|Air Balloon\n|move|p2a: Heatran|Magma Storm|p1a: Charizard|[miss]\n|-miss|p2a: Heatran|p1a: Charizard\n|\n|upkeep\n|turn|10\n|\n|t:|1697810127\n|move|p2a: Heatran|Protect|p2a: Heatran\n|-singleturn|p2a: Heatran|Protect\n|move|p1a: Charizard|Acrobatics|p2a: Heatran\n|-activate|p2a: Heatran|move: Protect\n|\n|upkeep\n|turn|11\n|\n|t:|1697810138\n|move|p2a: Heatran|Protect||[still]\n|-fail|p2a: Heatran\n|move|p1a: Charizard|Acrobatics|p2a: Heatran\n|-resisted|p2a: Heatran\n|-damage|p2a: Heatran|0 fnt\n|faint|p2a: Heatran\n|\n|upkeep\n|inactive|Maxchu09 has 120 seconds left.\n|\n|t:|1697810152\n|switch|p2a: Corviknight|Corviknight, M|100\/100\n|-ability|p2a: Corviknight|Pressure\n|turn|12\n|inactive|Maxchu09 has 120 seconds left.\n|\n|t:|1697810172\n|move|p1a: Charizard|Fire Punch|p2a: Corviknight\n|-supereffective|p2a: Corviknight\n|-damage|p2a: Corviknight|0 fnt\n|-damage|p1a: Charizard|9\/100|[from] item: Rocky Helmet|[of] p2a: Corviknight\n|faint|p2a: Corviknight\n|\n|upkeep\n|\n|t:|1697810186\n|switch|p2a: Dragapult|Dragapult, F|100\/100\n|turn|13\n|\n|t:|1697810196\n|move|p1a: Charizard|Acrobatics|p2a: Dragapult\n|-damage|p2a: Dragapult|0 fnt\n|faint|p2a: Dragapult\n|\n|upkeep\n|\n|t:|1697810203\n|switch|p2a: Ogerpon|Ogerpon-Wellspring, F|100\/100\n|turn|14\n|\n|t:|1697810207\n|-terastallize|p2a: Ogerpon|Water\n|detailschange|p2a: Ogerpon|Ogerpon-Wellspring-Tera, F, tera:Water\n|-ability|p2a: Ogerpon|Embody Aspect (Wellspring)|boost\n|-boost|p2a: Ogerpon|spd|1\n|move|p1a: Charizard|Acrobatics|p2a: Ogerpon\n|-damage|p2a: Ogerpon|0 fnt\n|faint|p2a: Ogerpon\n|\n|win|Wisper2ng\n|raw|Wisper2ng's rating: 1061 &rarr; <strong>1096<\/strong><br \/>(+35 for winning)\n|raw|Maxchu09's rating: 1111 &rarr; <strong>1082<\/strong><br \/>(-29 for losing)\n|c|\u2606Wisper2ng|Gg\n|l|\u2606Maxchu09\n","uploadtime":1697810226,"views":10,"p1id":"wisper2ng","p2id":"maxchu09","formatid":"gen9anythinggoes","rating":1082,"private":0,"password":""}