{"id":"gen9anythinggoes-1987157534","p1":"FreeedTheDolfin","p2":"Zerex53","format":"[Gen 9] Anything Goes","log":"|j|\u2606FreeedTheDolfin\n|j|\u2606Zerex53\n|t:|1699560862\n|gametype|singles\n|player|p1|FreeedTheDolfin|169|\n|player|p2|Zerex53|plasmagrunt|\n|teamsize|p1|6\n|teamsize|p2|6\n|gen|9\n|tier|[Gen 9] Anything Goes\n|rule|HP Percentage Mod: HP is shown in percentages\n|rule|Endless Battle Clause: Forcing endless battles is banned\n|clearpoke\n|poke|p1|Weavile, F|\n|poke|p1|Slowking-Galar, F|\n|poke|p1|Zoroark-Hisui, F|\n|poke|p1|Cetitan, F|\n|poke|p1|Sandslash-Alola, F|\n|poke|p1|Frosmoth, F|\n|poke|p2|Meowscarada, F|\n|poke|p2|Sinistcha|\n|poke|p2|Hawlucha, F|\n|poke|p2|Pincurchin, M|\n|poke|p2|Revavroom, F|\n|poke|p2|Vaporeon, M|\n|teampreview\n|j| napg0d\n|j| Edicts\n|j| KINGTONY6\n|j| lumpfren\n|\n|t:|1699560900\n|start\n|switch|p1a: Slowking|Weavile, F|100\/100\n|switch|p2a: Meowscarada|Meowscarada, F|100\/100\n|-ability|p1a: Slowking|Pressure\n|turn|1\n|\n|t:|1699560913\n|move|p1a: Slowking|X-Scissor|p2a: Meowscarada\n|-supereffective|p2a: Meowscarada\n|-damage|p2a: Meowscarada|0 fnt\n|faint|p2a: Meowscarada\n|\n|upkeep\n|c| Edicts|...\n|c|\u2606Zerex53|i may have made a mistake.\n|\n|t:|1699560951\n|switch|p2a: Pincurchin|Pincurchin, M|100\/100\n|-fieldstart|move: Electric Terrain|[from] ability: Electric Surge|[of] p2a: Pincurchin\n|turn|2\n|\n|t:|1699560960\n|move|p1a: Slowking|Swords Dance|p1a: Slowking\n|-boost|p1a: Slowking|atk|2\n|move|p2a: Pincurchin|Memento|p1a: Slowking\n|-unboost|p1a: Slowking|atk|2\n|-unboost|p1a: Slowking|spa|2\n|faint|p2a: Pincurchin\n|\n|upkeep\n|c| lumpfren|THE CROWD GOES WILD\n|\n|t:|1699560968\n|switch|p2a: Hawlucha|Hawlucha, F|100\/100\n|-enditem|p2a: Hawlucha|Electric Seed\n|-boost|p2a: Hawlucha|def|1|[from] item: Electric Seed\n|turn|3\n|\n|t:|1699560995\n|switch|p1a: Slowking|Frosmoth, F|100\/100\n|move|p2a: Hawlucha|Swords Dance|p2a: Hawlucha\n|-boost|p2a: Hawlucha|atk|2\n|\n|upkeep\n|turn|4\n|c|\u2606Zerex53|the crowd gonna have to go home soon\n|\n|t:|1699561006\n|move|p2a: Hawlucha|Acrobatics|p1a: Slowking\n|-enditem|p1a: Slowking|Focus Sash\n|-damage|p1a: Slowking|1\/100\n|replace|p1a: Slowking|Zoroark-Hisui, F\n|-end|p1a: Slowking|Illusion\n|move|p1a: Slowking|Nasty Plot|p1a: Slowking\n|-boost|p1a: Slowking|spa|2\n|\n|upkeep\n|turn|5\n|c|\u2606Zerex53|its bo3 right\n|\n|t:|1699561051\n|switch|p1a: Slowking|Sandslash-Alola, F|100\/100\n|move|p2a: Hawlucha|Acrobatics|p1a: Slowking\n|-resisted|p1a: Slowking\n|-damage|p1a: Slowking|54\/100\n|\n|upkeep\n|turn|6\n|c| Edicts|bo5\n|c|\u2606Zerex53|or was it 5\n|c|\u2606FreeedTheDolfin|bo5\n|c|\u2606Zerex53|yeah ok\n|\n|t:|1699561070\n|switch|p1a: GOL D ROGER|Slowking-Galar, F|100\/100\n|move|p2a: Hawlucha|Swords Dance|p2a: Hawlucha\n|-boost|p2a: Hawlucha|atk|2\n|\n|-fieldend|move: Electric Terrain\n|upkeep\n|turn|7\n|\n|t:|1699561083\n|move|p2a: Hawlucha|Acrobatics|p1a: GOL D ROGER\n|-damage|p1a: GOL D ROGER|0 fnt\n|faint|p1a: GOL D ROGER\n|\n|upkeep\n|\n|t:|1699561087\n|switch|p1a: Slowking|Weavile, F|100\/100\n|-ability|p1a: Slowking|Pressure\n|turn|8\n|\n|t:|1699561099\n|move|p2a: Hawlucha|Close Combat|p1a: Slowking\n|-supereffective|p1a: Slowking\n|-crit|p1a: Slowking\n|-enditem|p1a: Slowking|Focus Sash\n|-damage|p1a: Slowking|1\/100\n|-unboost|p2a: Hawlucha|def|1\n|-unboost|p2a: Hawlucha|spd|1\n|move|p1a: Slowking|Ice Spinner|p2a: Hawlucha\n|-supereffective|p2a: Hawlucha\n|-damage|p2a: Hawlucha|0 fnt\n|faint|p2a: Hawlucha\n|\n|upkeep\n|\n|t:|1699561116\n|switch|p2a: Vaporeon|Vaporeon, M|100\/100\n|turn|9\n|\n|t:|1699561131\n|move|p2a: Vaporeon|Protect|p2a: Vaporeon\n|-singleturn|p2a: Vaporeon|Protect\n|move|p1a: Slowking|Knock Off|p2a: Vaporeon\n|-activate|p2a: Vaporeon|move: Protect\n|\n|upkeep\n|turn|10\n|\n|t:|1699561148\n|switch|p2a: Sinistcha|Sinistcha|100\/100\n|move|p1a: Slowking|Knock Off|p2a: Sinistcha\n|-supereffective|p2a: Sinistcha\n|-damage|p2a: Sinistcha|15\/100\n|-enditem|p2a: Sinistcha|Leftovers|[from] move: Knock Off|[of] p1a: Slowking\n|\n|upkeep\n|turn|11\n|\n|t:|1699561159\n|move|p1a: Slowking|Knock Off|p2a: Sinistcha\n|-supereffective|p2a: Sinistcha\n|-damage|p2a: Sinistcha|0 fnt\n|faint|p2a: Sinistcha\n|\n|upkeep\n|\n|t:|1699561168\n|switch|p2a: Revavroom|Revavroom, F|100\/100\n|-item|p2a: Revavroom|Air Balloon\n|turn|12\n|\n|t:|1699561176\n|move|p1a: Slowking|Knock Off|p2a: Revavroom\n|-damage|p2a: Revavroom|46\/100\n|-enditem|p2a: Revavroom|Air Balloon\n|move|p2a: Revavroom|Shift Gear|p2a: Revavroom\n|-boost|p2a: Revavroom|spe|2\n|-boost|p2a: Revavroom|atk|1\n|\n|upkeep\n|turn|13\n|\n|t:|1699561195\n|move|p2a: Revavroom|Iron Head|p1a: Slowking\n|-supereffective|p1a: Slowking\n|-damage|p1a: Slowking|0 fnt\n|faint|p1a: Slowking\n|\n|upkeep\n|\n|t:|1699561211\n|switch|p1a: Slowking|Sandslash-Alola, F|54\/100\n|turn|14\n|\n|t:|1699561221\n|move|p2a: Revavroom|Iron Head|p1a: Slowking\n|-damage|p1a: Slowking|0 fnt\n|faint|p1a: Slowking\n|\n|upkeep\n|\n|t:|1699561231\n|switch|p1a: Slowking|Cetitan, F|100\/100\n|turn|15\n|\n|t:|1699561242\n|-terastallize|p1a: Slowking|Ground\n|move|p2a: Revavroom|Parting Shot|p1a: Slowking\n|-unboost|p1a: Slowking|atk|1\n|-unboost|p1a: Slowking|spa|1\n|\n|t:|1699561249\n|switch|p2a: Vaporeon|Vaporeon, M|100\/100|[from] Parting Shot\n|move|p1a: Slowking|Earthquake|p2a: Vaporeon\n|-damage|p2a: Vaporeon|76\/100\n|\n|-heal|p2a: Vaporeon|83\/100|[from] item: Leftovers\n|upkeep\n|turn|16\n|c| Edicts|GENIUS!\n|c| Edicts|AVANT GARDE POKEMON\n|\n|t:|1699561265\n|switch|p1a: Slowking|Frosmoth, F|100\/100\n|move|p2a: Vaporeon|Wish|p2a: Vaporeon\n|\n|-heal|p2a: Vaporeon|89\/100|[from] item: Leftovers\n|upkeep\n|turn|17\n|\n|t:|1699561276\n|switch|p2a: Revavroom|Revavroom, F|46\/100\n|move|p1a: Slowking|Quiver Dance|p1a: Slowking\n|-boost|p1a: Slowking|spa|1\n|-boost|p1a: Slowking|spd|1\n|-boost|p1a: Slowking|spe|1\n|\n|-heal|p2a: Revavroom|100\/100|[from] move: Wish|[wisher] Vaporeon\n|upkeep\n|turn|18\n|\n|t:|1699561303\n|move|p2a: Revavroom|Iron Head|p1a: Slowking\n|-supereffective|p1a: Slowking\n|-damage|p1a: Slowking|0 fnt\n|faint|p1a: Slowking\n|\n|upkeep\n|\n|t:|1699561307\n|switch|p1a: Slowking|Cetitan, F|1\/100\n|-start|p1a: Slowking|typechange|Ground|[silent]\n|turn|19\n|\n|t:|1699561313\n|move|p1a: Slowking|Flamethrower|p2a: Revavroom\n|-supereffective|p2a: Revavroom\n|-damage|p2a: Revavroom|28\/100\n|move|p2a: Revavroom|Shift Gear|p2a: Revavroom\n|-boost|p2a: Revavroom|spe|2\n|-boost|p2a: Revavroom|atk|1\n|\n|upkeep\n|turn|20\n|c| Edicts|LOL\n|\n|t:|1699561322\n|move|p2a: Revavroom|Iron Head|p1a: Slowking\n|-damage|p1a: Slowking|0 fnt\n|replace|p1a: Slowking|Zoroark-Hisui, F\n|-end|p1a: Slowking|Illusion\n|faint|p1a: Slowking\n|\n|upkeep\n|\n|t:|1699561327\n|switch|p1a: Slowking|Cetitan, F, tera:Ground|100\/100\n|turn|21\n|\n|t:|1699561333\n|move|p2a: Revavroom|Gunk Shot|p1a: Slowking\n|-resisted|p1a: Slowking\n|-damage|p1a: Slowking|55\/100\n|move|p1a: Slowking|Earthquake|p2a: Revavroom\n|-supereffective|p2a: Revavroom\n|-damage|p2a: Revavroom|0 fnt\n|faint|p2a: Revavroom\n|\n|upkeep\n|c|\u2606Zerex53|i forgot my typing\n|c|\u2606Zerex53|its joever\n|\n|t:|1699561342\n|switch|p2a: Vaporeon|Vaporeon, M|89\/100\n|turn|22\n|c| Edicts|ITS NOT JOEVER\n|c| Edicts|YOURE FINE\n|\n|t:|1699561356\n|move|p1a: Slowking|Earthquake|p2a: Vaporeon\n|-damage|p2a: Vaporeon|53\/100\n|move|p2a: Vaporeon|Scald|p1a: Slowking\n|-supereffective|p1a: Slowking\n|-damage|p1a: Slowking|0 fnt\n|faint|p1a: Slowking\n|\n|win|Zerex53\n","uploadtime":1699561365,"views":7,"p1id":"freeedthedolfin","p2id":"zerex53","formatid":"gen9anythinggoes","rating":0,"private":0,"password":""}