{"id":"gen9anythinggoes-1982444768","p1":"HFLord","p2":"maxedoutmanaphy4","format":"[Gen 9] Anything Goes","log":"|j|\u2606HFLord\n|j|\u2606maxedoutmanaphy4\n|t:|1699015367\n|gametype|singles\n|player|p1|HFLord|iono|1019\n|player|p2|maxedoutmanaphy4|wallace|1000\n|teamsize|p1|6\n|teamsize|p2|1\n|gen|9\n|tier|[Gen 9] Anything Goes\n|rated|\n|rule|HP Percentage Mod: HP is shown in percentages\n|rule|Endless Battle Clause: Forcing endless battles is banned\n|clearpoke\n|poke|p1|Dragapult, F|\n|poke|p1|Golem, M|\n|poke|p1|Raichu, M|\n|poke|p1|Annihilape, F|\n|poke|p1|Copperajah, M|\n|poke|p1|Toxicroak, M|\n|poke|p2|Calyrex-Shadow|\n|teampreview\n|c|\u2606maxedoutmanaphy4|hf\n|c|\u2606HFLord|u too\n|\n|t:|1699015386\n|start\n|switch|p1a: Annihilape|Annihilape, F|100\/100\n|switch|p2a: Calyrex|Calyrex-Shadow|100\/100\n|-ability|p2a: Calyrex|As One\n|-ability|p2a: Calyrex|Unnerve\n|turn|1\n|\n|t:|1699015401\n|-terastallize|p2a: Calyrex|Fighting\n|-terastallize|p1a: Annihilape|Fighting\n|move|p2a: Calyrex|Astral Barrage|p1a: Annihilape\n|-damage|p1a: Annihilape|32\/100\n|move|p1a: Annihilape|Rage Fist|p2a: Calyrex\n|-damage|p2a: Calyrex|52\/100\n|\n|-heal|p1a: Annihilape|38\/100|[from] item: Leftovers\n|upkeep\n|turn|2\n|\n|t:|1699015413\n|move|p2a: Calyrex|Astral Barrage|p1a: Annihilape\n|-damage|p1a: Annihilape|0 fnt\n|faint|p1a: Annihilape\n|-ability|p2a: Calyrex|Grim Neigh|boost\n|-boost|p2a: Calyrex|spa|1\n|\n|upkeep\n|\n|t:|1699015429\n|switch|p1a: Raichu|Raichu, M|100\/100\n|turn|3\n|\n|t:|1699015438\n|move|p2a: Calyrex|Astral Barrage|p1a: Raichu\n|-damage|p1a: Raichu|0 fnt\n|faint|p1a: Raichu\n|-ability|p2a: Calyrex|Grim Neigh|boost\n|-boost|p2a: Calyrex|spa|1\n|\n|upkeep\n|\n|t:|1699015445\n|switch|p1a: Golem|Golem, M|100\/100\n|turn|4\n|\n|t:|1699015460\n|move|p2a: Calyrex|Astral Barrage|p1a: Golem\n|-ability|p1a: Golem|Sturdy\n|-damage|p1a: Golem|1\/100\n|move|p1a: Golem|Flamethrower|p2a: Calyrex\n|-damage|p2a: Calyrex|38\/100\n|\n|-heal|p1a: Golem|7\/100|[from] item: Leftovers\n|upkeep\n|turn|5\n|\n|t:|1699015475\n|move|p2a: Calyrex|Astral Barrage|p1a: Golem\n|-damage|p1a: Golem|0 fnt\n|faint|p1a: Golem\n|-ability|p2a: Calyrex|Grim Neigh|boost\n|-boost|p2a: Calyrex|spa|1\n|\n|upkeep\n|\n|t:|1699015485\n|switch|p1a: Copperajah|Copperajah, M|100\/100\n|turn|6\n|\n|t:|1699015489\n|move|p2a: Calyrex|Astral Barrage|p1a: Copperajah\n|-damage|p1a: Copperajah|0 fnt\n|faint|p1a: Copperajah\n|-ability|p2a: Calyrex|Grim Neigh|boost\n|-boost|p2a: Calyrex|spa|1\n|\n|upkeep\n|\n|t:|1699015498\n|switch|p1a: Toxicroak|Toxicroak, M|100\/100\n|turn|7\n|\n|t:|1699015505\n|move|p2a: Calyrex|Astral Barrage|p1a: Toxicroak\n|-damage|p1a: Toxicroak|0 fnt\n|faint|p1a: Toxicroak\n|-ability|p2a: Calyrex|Grim Neigh|boost\n|-boost|p2a: Calyrex|spa|1\n|\n|upkeep\n|\n|t:|1699015512\n|switch|p1a: Dragapult|Dragapult, F, shiny|100\/100\n|turn|8\n|\n|t:|1699015516\n|move|p2a: Calyrex|Astral Barrage|p1a: Dragapult\n|-supereffective|p1a: Dragapult\n|-damage|p1a: Dragapult|0 fnt\n|faint|p1a: Dragapult\n|\n|win|maxedoutmanaphy4\n|raw|HFLord's rating: 1019 &rarr; <strong>1005<\/strong><br \/>(-14 for losing)\n|raw|maxedoutmanaphy4's rating: 1000 &rarr; <strong>1042<\/strong><br \/>(+42 for winning)\n|c|\u2606maxedoutmanaphy4|gg\n|l|\u2606HFLord\n|l|\u2606maxedoutmanaphy4\n|j|\u2606maxedoutmanaphy4\n|player|p2|maxedoutmanaphy4|wallace\n","uploadtime":1699015629,"views":12,"p1id":"hflord","p2id":"maxedoutmanaphy4","formatid":"gen9anythinggoes","rating":1005,"private":0,"password":""}