{"id":"gen9anythinggoes-1986735369","p1":"Zen077","p2":"Petar420","format":"[Gen 9] Anything Goes","log":"|j|\u2606Zen077\n|j|\u2606Petar420\n|t:|1699516560\n|gametype|singles\n|player|p1|Zen077|ash-alola|1536\n|player|p2|Petar420|red-masters2|1636\n|teamsize|p1|6\n|teamsize|p2|6\n|gen|9\n|tier|[Gen 9] Anything Goes\n|rated|\n|rule|HP Percentage Mod: HP is shown in percentages\n|rule|Endless Battle Clause: Forcing endless battles is banned\n|clearpoke\n|poke|p1|Ditto|\n|poke|p1|Corviknight, M|\n|poke|p1|Pawmot, M|\n|poke|p1|Gengar, M|\n|poke|p1|Zacian-*|\n|poke|p1|Koraidon|\n|poke|p2|Hatterene, F|\n|poke|p2|Ursaluna, M|\n|poke|p2|Kingambit, F|\n|poke|p2|Calyrex-Ice|\n|poke|p2|Arceus|\n|poke|p2|Ursaluna-Bloodmoon, M|\n|teampreview\n|inactive|Battle timer is ON: inactive players will automatically lose when time's up. (requested by Petar420)\n|\n|t:|1699516577\n|start\n|switch|p1a: Zacian|Zacian-Crowned|100\/100\n|switch|p2a: Hatterene|Hatterene, F|100\/100\n|-ability|p1a: Zacian|Intrepid Sword|boost\n|-boost|p1a: Zacian|atk|1\n|turn|1\n|\n|t:|1699516587\n|move|p1a: Zacian|Behemoth Blade|p2a: Hatterene\n|-supereffective|p2a: Hatterene\n|-enditem|p2a: Hatterene|Focus Sash\n|-damage|p2a: Hatterene|1\/100\n|move|p2a: Hatterene|Trick Room|p2a: Hatterene\n|-fieldstart|move: Trick Room|[of] p2a: Hatterene\n|\n|upkeep\n|turn|2\n|\n|t:|1699516598\n|switch|p1a: Corviknight|Corviknight, M|100\/100\n|-ability|p1a: Corviknight|Pressure\n|move|p2a: Hatterene|Healing Wish|p2a: Hatterene\n|faint|p2a: Hatterene\n|\n|upkeep\n|inactive|Petar420 has 120 seconds left.\n|\n|t:|1699516629\n|switch|p2a: Calyrex|Calyrex-Ice|100\/100\n|-ability|p2a: Calyrex|As One\n|-ability|p2a: Calyrex|Unnerve\n|turn|3\n|\n|t:|1699516636\n|move|p2a: Calyrex|Swords Dance|p2a: Calyrex\n|-boost|p2a: Calyrex|atk|2\n|move|p1a: Corviknight|Body Press|p2a: Calyrex\n|-damage|p2a: Calyrex|85\/100\n|\n|-heal|p2a: Calyrex|91\/100|[from] item: Leftovers\n|upkeep\n|turn|4\n|\n|t:|1699516647\n|move|p2a: Calyrex|Glacial Lance|p1a: Corviknight\n|-damage|p1a: Corviknight|0 fnt\n|faint|p1a: Corviknight\n|-ability|p2a: Calyrex|Chilling Neigh|boost\n|-boost|p2a: Calyrex|atk|1\n|\n|-heal|p2a: Calyrex|97\/100|[from] item: Leftovers\n|upkeep\n|\n|t:|1699516657\n|switch|p1a: Ditto|Ditto|100\/100\n|-transform|p1a: Ditto|p2a: Calyrex|[from] ability: Imposter\n|turn|5\n|\n|t:|1699516667\n|move|p2a: Calyrex|High Horsepower|p1a: Ditto\n|-damage|p1a: Ditto|20\/100\n|move|p1a: Ditto|Glacial Lance|p2a: Calyrex\n|-resisted|p2a: Calyrex\n|-damage|p2a: Calyrex|37\/100\n|\n|-heal|p2a: Calyrex|43\/100|[from] item: Leftovers\n|-fieldend|move: Trick Room\n|upkeep\n|turn|6\n|inactive|Petar420 has 120 seconds left.\n|\n|t:|1699516698\n|switch|p2a: Kingambit|Kingambit, F|100\/100\n|-activate|p2a: Kingambit|ability: Supreme Overlord\n|-start|p2a: Kingambit|fallen1|[silent]\n|move|p1a: Ditto|Glacial Lance|p2a: Kingambit\n|-resisted|p2a: Kingambit\n|-damage|p2a: Kingambit|30\/100\n|\n|upkeep\n|turn|7\n|\n|t:|1699516712\n|switch|p1a: Pawmot|Pawmot, M|100\/100\n|move|p2a: Kingambit|Sucker Punch||[still]\n|-fail|p2a: Kingambit\n|\n|upkeep\n|turn|8\n|\n|t:|1699516717\n|move|p1a: Pawmot|Mach Punch|p2a: Kingambit\n|-supereffective|p2a: Kingambit\n|-damage|p2a: Kingambit|0 fnt\n|faint|p2a: Kingambit\n|-end|p2a: Kingambit|fallen1|[silent]\n|\n|upkeep\n|\n|t:|1699516722\n|switch|p2a: Calyrex|Calyrex-Ice|43\/100\n|-ability|p2a: Calyrex|As One\n|-ability|p2a: Calyrex|Unnerve\n|-heal|p2a: Calyrex|100\/100|[from] move: Healing Wish\n|turn|9\n|\n|t:|1699516738\n|move|p1a: Pawmot|Double Shock|p2a: Calyrex\n|-damage|p2a: Calyrex|64\/100\n|-start|p1a: Pawmot|typechange|???\/Fighting|[from] move: Double Shock\n|move|p2a: Calyrex|Trick Room|p2a: Calyrex\n|-fieldstart|move: Trick Room|[of] p2a: Calyrex\n|\n|-heal|p2a: Calyrex|70\/100|[from] item: Leftovers\n|upkeep\n|turn|10\n|inactive|Zen077 has 120 seconds left.\n|\n|t:|1699516766\n|switch|p1a: Ditto|Ditto|20\/100\n|-transform|p1a: Ditto|p2a: Calyrex|[from] ability: Imposter\n|move|p2a: Calyrex|Glacial Lance|p1a: Ditto\n|-resisted|p1a: Ditto\n|-damage|p1a: Ditto|0 fnt\n|faint|p1a: Ditto\n|-ability|p2a: Calyrex|Chilling Neigh|boost\n|-boost|p2a: Calyrex|atk|1\n|\n|-heal|p2a: Calyrex|76\/100|[from] item: Leftovers\n|upkeep\n|inactive|Zen077 has 120 seconds left.\n|\n|t:|1699516793\n|switch|p1a: Pawmot|Pawmot, M|100\/100\n|turn|11\n|\n|t:|1699516802\n|move|p2a: Calyrex|Glacial Lance|p1a: Pawmot\n|-crit|p1a: Pawmot\n|-enditem|p1a: Pawmot|Focus Sash\n|-damage|p1a: Pawmot|1\/100\n|move|p1a: Pawmot|Revival Blessing|p1a: Pawmot\n|\n|t:|1699516812\n|-heal|p1: Ditto|50\/100|[from] move: Revival Blessing\n|\n|-heal|p2a: Calyrex|83\/100|[from] item: Leftovers\n|upkeep\n|turn|12\n|\n|t:|1699516819\n|move|p1a: Pawmot|Mach Punch|p2a: Calyrex\n|-crit|p2a: Calyrex\n|-damage|p2a: Calyrex|62\/100\n|move|p2a: Calyrex|Glacial Lance|p1a: Pawmot\n|-damage|p1a: Pawmot|0 fnt\n|faint|p1a: Pawmot\n|-ability|p2a: Calyrex|Chilling Neigh|boost\n|-boost|p2a: Calyrex|atk|1\n|\n|-heal|p2a: Calyrex|68\/100|[from] item: Leftovers\n|upkeep\n|inactive|Zen077 has 90 seconds left.\n|\n|t:|1699516860\n|switch|p1a: Koraidon|Koraidon|100\/100\n|-weather|SunnyDay|[from] ability: Orichalcum Pulse|[of] p1a: Koraidon\n|-activate|p1a: Koraidon|Orichalcum Pulse|[source]\n|turn|13\n|\n|t:|1699516875\n|-terastallize|p1a: Koraidon|Fire\n|move|p2a: Calyrex|Glacial Lance|p1a: Koraidon\n|-resisted|p1a: Koraidon\n|-damage|p1a: Koraidon|31\/100\n|move|p1a: Koraidon|Flame Charge|p2a: Calyrex\n|-supereffective|p2a: Calyrex\n|-damage|p2a: Calyrex|0 fnt\n|-boost|p1a: Koraidon|spe|1\n|faint|p2a: Calyrex\n|\n|-weather|SunnyDay|[upkeep]\n|-fieldend|move: Trick Room\n|upkeep\n|\n|t:|1699516883\n|switch|p2a: Arceus|Arceus|100\/100\n|turn|14\n|\n|t:|1699516890\n|move|p1a: Koraidon|Collision Course|p2a: Arceus\n|-supereffective|p2a: Arceus\n|-damage|p2a: Arceus|8\/100\n|move|p2a: Arceus|Trick Room|p2a: Arceus\n|-fieldstart|move: Trick Room|[of] p2a: Arceus\n|\n|-weather|SunnyDay|[upkeep]\n|upkeep\n|turn|15\n|\n|t:|1699516899\n|move|p2a: Arceus|Healing Wish|p2a: Arceus\n|faint|p2a: Arceus\n|move|p1a: Koraidon|Flame Charge|p2: Arceus|[notarget]\n|-fail|p1a: Koraidon\n|\n|-weather|SunnyDay|[upkeep]\n|upkeep\n|\n|t:|1699516908\n|switch|p2a: Ursaluna|Ursaluna, M|100\/100\n|turn|16\n|inactive|Zen077 has 90 seconds left.\n|\n|t:|1699516953\n|switch|p1a: Ditto|Ditto|50\/100\n|-transform|p1a: Ditto|p2a: Ursaluna|[from] ability: Imposter\n|move|p2a: Ursaluna|Facade|p1a: Ditto\n|-damage|p1a: Ditto|6\/100\n|\n|-weather|SunnyDay|[upkeep]\n|-status|p2a: Ursaluna|brn|[from] item: Flame Orb\n|upkeep\n|turn|17\n|inactive|Zen077 has 60 seconds left.\n|\n|t:|1699516973\n|move|p2a: Ursaluna|Crunch|p1a: Ditto\n|-damage|p1a: Ditto|0 fnt\n|faint|p1a: Ditto\n|\n|-weather|none\n|-damage|p2a: Ursaluna|94\/100 brn|[from] brn\n|upkeep\n|inactive|Zen077 has 60 seconds left.\n|\n|t:|1699517008\n|switch|p1a: Zacian|Zacian-Crowned|100\/100\n|turn|18\n|\n|t:|1699517013\n|move|p2a: Ursaluna|Headlong Rush|p1a: Zacian\n|-supereffective|p1a: Zacian\n|-damage|p1a: Zacian|0 fnt\n|-unboost|p2a: Ursaluna|def|1\n|-unboost|p2a: Ursaluna|spd|1\n|faint|p1a: Zacian\n|\n|-damage|p2a: Ursaluna|88\/100 brn|[from] brn\n|-fieldend|move: Trick Room\n|upkeep\n|\n|t:|1699517020\n|switch|p1a: Koraidon|Koraidon, tera:Fire|31\/100\n|-weather|SunnyDay|[from] ability: Orichalcum Pulse|[of] p1a: Koraidon\n|-activate|p1a: Koraidon|Orichalcum Pulse|[source]\n|turn|19\n|inactive|Petar420 has 120 seconds left.\n|\n|t:|1699517057\n|move|p1a: Koraidon|Collision Course|p2a: Ursaluna\n|-supereffective|p2a: Ursaluna\n|-damage|p2a: Ursaluna|0 fnt\n|faint|p2a: Ursaluna\n|\n|-weather|SunnyDay|[upkeep]\n|upkeep\n|\n|t:|1699517060\n|switch|p2a: Ursaluna|Ursaluna-Bloodmoon, M|100\/100\n|turn|20\n|inactive|Petar420 has 120 seconds left.\n|\n|t:|1699517076\n|move|p1a: Koraidon|Collision Course|p2a: Ursaluna\n|-supereffective|p2a: Ursaluna\n|-damage|p2a: Ursaluna|0 fnt\n|faint|p2a: Ursaluna\n|\n|win|Zen077\n|raw|Zen077's rating: 1536 &rarr; <strong>1562<\/strong><br \/>(+26 for winning)\n|raw|Petar420's rating: 1636 &rarr; <strong>1610<\/strong><br \/>(-26 for losing)\n|c|\u2606Zen077|Gg\n|c|\u2606Petar420|gg\n","uploadtime":1699517100,"views":12,"p1id":"zen077","p2id":"petar420","formatid":"gen9anythinggoes","rating":1562,"private":0,"password":""}