{"id":"gen9anythinggoes-1983239331","p1":"hshhhdhduhc","p2":"vagirina","format":"[Gen 9] Anything Goes","log":"|j|\u2606hshhhdhduhc\n|j|\u2606vagirina\n|t:|1699109178\n|gametype|singles\n|player|p1|hshhhdhduhc|silver|1074\n|player|p2|vagirina|swimmer|1081\n|teamsize|p1|6\n|teamsize|p2|6\n|gen|9\n|tier|[Gen 9] Anything Goes\n|rated|\n|rule|HP Percentage Mod: HP is shown in percentages\n|rule|Endless Battle Clause: Forcing endless battles is banned\n|clearpoke\n|poke|p1|Milotic, M|\n|poke|p1|Garchomp, F|\n|poke|p1|Charizard, M|\n|poke|p1|Urshifu-*, F|\n|poke|p1|Decidueye, M|\n|poke|p1|Clodsire, F|\n|poke|p2|Gliscor, M|\n|poke|p2|Breloom, M|\n|poke|p2|Sneasler, M|\n|poke|p2|Toxapex, M|\n|poke|p2|Clodsire, F|\n|poke|p2|Zangoose, F|\n|teampreview\n|c|\u2606vagirina|Hello\n|inactive|Battle timer is ON: inactive players will automatically lose when time's up. (requested by vagirina)\n|c|\u2606hshhhdhduhc|Glhf\n|\n|t:|1699109230\n|start\n|switch|p1a: Milotic|Milotic, M, shiny|100\/100\n|switch|p2a: Sneasler|Sneasler, M, shiny|100\/100\n|turn|1\n|inactive|hshhhdhduhc has 120 seconds left.\n|\n|t:|1699109270\n|move|p2a: Sneasler|U-turn|p1a: Milotic\n|-damage|p1a: Milotic|80\/100\n|\n|t:|1699109275\n|switch|p2a: Breloom|Breloom, M, shiny|100\/100|[from] U-turn\n|move|p1a: Milotic|Ice Beam|p2a: Breloom\n|-supereffective|p2a: Breloom\n|-damage|p2a: Breloom|39\/100\n|\n|-heal|p1a: Milotic|86\/100|[from] item: Leftovers\n|-status|p2a: Breloom|tox|[from] item: Toxic Orb\n|upkeep\n|turn|2\n|inactive|hshhhdhduhc has 120 seconds left.\n|\n|t:|1699109289\n|switch|p2a: Zangoose|Zangoose, F, shiny|100\/100\n|move|p1a: Milotic|Ice Beam|p2a: Zangoose\n|-damage|p2a: Zangoose|65\/100\n|\n|-heal|p1a: Milotic|92\/100|[from] item: Leftovers\n|-status|p2a: Zangoose|tox|[from] item: Toxic Orb\n|upkeep\n|turn|3\n|inactive|hshhhdhduhc has 120 seconds left.\n|\n|t:|1699109307\n|move|p2a: Zangoose|Thunder Punch|p1a: Milotic\n|-supereffective|p1a: Milotic\n|-damage|p1a: Milotic|36\/100\n|move|p1a: Milotic|Ice Beam|p2a: Zangoose\n|-damage|p2a: Zangoose|25\/100 tox\n|\n|-heal|p1a: Milotic|42\/100|[from] item: Leftovers\n|-damage|p2a: Zangoose|19\/100 tox|[from] psn\n|upkeep\n|turn|4\n|\n|t:|1699109318\n|-terastallize|p1a: Milotic|Ice\n|move|p2a: Zangoose|Thunder Punch|p1a: Milotic\n|-damage|p1a: Milotic|11\/100\n|move|p1a: Milotic|Recover|p1a: Milotic\n|-heal|p1a: Milotic|61\/100\n|\n|-heal|p1a: Milotic|67\/100|[from] item: Leftovers\n|-damage|p2a: Zangoose|7\/100 tox|[from] psn\n|upkeep\n|turn|5\n|\n|t:|1699109342\n|move|p2a: Zangoose|Facade|p1a: Milotic\n|-damage|p1a: Milotic|0 fnt\n|faint|p1a: Milotic\n|\n|-damage|p2a: Zangoose|0 fnt|[from] psn\n|faint|p2a: Zangoose\n|upkeep\n|c|\u2606hshhhdhduhc|worh it\n|inactive|hshhhdhduhc has 90 seconds left.\n|\n|t:|1699109363\n|switch|p2a: Breloom|Breloom, M, shiny|39\/100 tox\n|switch|p1a: Clodsire|Clodsire, F, shiny|100\/100\n|turn|6\n|c|\u2606hshhhdhduhc|Worth*\n|inactive|hshhhdhduhc has 90 seconds left.\n|\n|t:|1699109376\n|move|p2a: Breloom|Spore|p1a: Clodsire\n|-status|p1a: Clodsire|slp|[from] move: Spore\n|cant|p1a: Clodsire|slp\n|\n|-heal|p2a: Breloom|52\/100 tox|[from] ability: Poison Heal\n|upkeep\n|turn|7\n|inactive|hshhhdhduhc has 90 seconds left.\n|c|\u2606hshhhdhduhc|this is why i hate breloom users\n|c|\u2606hshhhdhduhc|smh\n|\n|t:|1699109402\n|move|p2a: Breloom|Substitute|p2a: Breloom\n|-start|p2a: Breloom|Substitute\n|-damage|p2a: Breloom|27\/100 tox\n|-curestatus|p1a: Clodsire|slp|[msg]\n|move|p1a: Clodsire|Stockpile|p1a: Clodsire\n|-start|p1a: Clodsire|stockpile1\n|-boost|p1a: Clodsire|def|1\n|-boost|p1a: Clodsire|spd|1\n|\n|-heal|p2a: Breloom|39\/100 tox|[from] ability: Poison Heal\n|upkeep\n|turn|8\n|c|\u2606vagirina|:(\n|\n|t:|1699109417\n|move|p2a: Breloom|Spore|p1a: Clodsire\n|-status|p1a: Clodsire|slp|[from] move: Spore\n|cant|p1a: Clodsire|slp\n|\n|-heal|p2a: Breloom|52\/100 tox|[from] ability: Poison Heal\n|upkeep\n|turn|9\n|c|\u2606hshhhdhduhc|you cant make this up\ud83d\udc80\n|c|\u2606hshhhdhduhc|my lord\n|inactive|hshhhdhduhc has 60 seconds left.\n|\n|t:|1699109444\n|move|p2a: Breloom|Leech Seed|p1a: Clodsire\n|-start|p1a: Clodsire|move: Leech Seed\n|-curestatus|p1a: Clodsire|slp|[msg]\n|move|p1a: Clodsire|Bulldoze|p2a: Breloom\n|-resisted|p2a: Breloom\n|-activate|p2a: Breloom|move: Substitute|[damage]\n|\n|-damage|p1a: Clodsire|88\/100|[from] Leech Seed|[of] p2a: Breloom\n|-heal|p2a: Breloom|70\/100 tox|[silent]\n|-heal|p2a: Breloom|82\/100 tox|[from] ability: Poison Heal\n|upkeep\n|turn|10\n|c|\u2606vagirina|:((((((\n|inactive|hshhhdhduhc has 60 seconds left.\n|c|\u2606hshhhdhduhc|bro\n|-message|hshhhdhduhc forfeited.\n|\n|win|vagirina\n|raw|hshhhdhduhc's rating: 1074 &rarr; <strong>1053<\/strong><br \/>(-21 for losing)\n|raw|vagirina's rating: 1081 &rarr; <strong>1108<\/strong><br \/>(+27 for winning)\n|c|\u2606hshhhdhduhc|your gsmeplay\n|c|\u2606vagirina|Noo\n|c|\u2606hshhhdhduhc|is weird\n|c|\u2606vagirina|Why\n","uploadtime":1699109477,"views":7,"p1id":"hshhhdhduhc","p2id":"vagirina","formatid":"gen9anythinggoes","rating":1053,"private":0,"password":""}