{"id":"gen9anythinggoes-1974680436","p1":"IamrandomElement","p2":"mikee160","format":"[Gen 9] Anything Goes","log":"|j|\u2606IamrandomElement\n|j|\u2606mikee160\n|t:|1698109835\n|gametype|singles\n|player|p1|IamrandomElement|preschoolerf|1129\n|player|p2|mikee160|swimmerf-gen4dp|1156\n|teamsize|p1|6\n|teamsize|p2|6\n|gen|9\n|tier|[Gen 9] Anything Goes\n|rated|\n|rule|HP Percentage Mod: HP is shown in percentages\n|rule|Endless Battle Clause: Forcing endless battles is banned\n|clearpoke\n|poke|p1|Charizard, M|\n|poke|p1|Zamazenta-*|\n|poke|p1|Maushold-Four|\n|poke|p1|Garchomp, M|\n|poke|p1|Zacian-*|\n|poke|p1|Annihilape, M|\n|poke|p2|Manaphy|\n|poke|p2|Hatterene, F|\n|poke|p2|Chesnaught, F|\n|poke|p2|Toxapex, F|\n|poke|p2|Annihilape, M|\n|poke|p2|Kyogre|\n|teampreview\n|inactive|Battle timer is ON: inactive players will automatically lose when time's up. (requested by mikee160)\n|\n|t:|1698109847\n|start\n|switch|p1a: Minority Hunter|Garchomp, M, shiny|100\/100\n|switch|p2a: Chesnaught|Chesnaught, F|100\/100\n|turn|1\n|\n|t:|1698109861\n|-terastallize|p1a: Minority Hunter|Ghost\n|move|p1a: Minority Hunter|Sandstorm|p1a: Minority Hunter\n|-weather|Sandstorm\n|move|p2a: Chesnaught|Iron Defense|p2a: Chesnaught\n|-boost|p2a: Chesnaught|def|2\n|\n|-weather|Sandstorm|[upkeep]\n|-damage|p1a: Minority Hunter|94\/100|[from] Sandstorm\n|-damage|p2a: Chesnaught|95\/100|[from] Sandstorm\n|upkeep\n|turn|2\n|\n|t:|1698109872\n|move|p1a: Minority Hunter|Earthquake|p2a: Chesnaught\n|-resisted|p2a: Chesnaught\n|-damage|p2a: Chesnaught|87\/100\n|move|p2a: Chesnaught|Reflect|p2a: Chesnaught\n|-sidestart|p2: mikee160|Reflect\n|\n|-weather|Sandstorm|[upkeep]\n|-damage|p1a: Minority Hunter|88\/100|[from] Sandstorm\n|-damage|p2a: Chesnaught|81\/100|[from] Sandstorm\n|upkeep\n|turn|3\n|\n|t:|1698109881\n|move|p1a: Minority Hunter|Iron Head|p2a: Chesnaught\n|-damage|p2a: Chesnaught|78\/100\n|-damage|p1a: Minority Hunter|72\/100|[from] item: Rocky Helmet|[of] p2a: Chesnaught\n|move|p2a: Chesnaught|Iron Defense|p2a: Chesnaught\n|-boost|p2a: Chesnaught|def|2\n|\n|-weather|Sandstorm|[upkeep]\n|-damage|p1a: Minority Hunter|65\/100|[from] Sandstorm\n|-damage|p2a: Chesnaught|72\/100|[from] Sandstorm\n|upkeep\n|turn|4\n|\n|t:|1698109886\n|move|p1a: Minority Hunter|Outrage|p2a: Chesnaught\n|-damage|p2a: Chesnaught|66\/100\n|-damage|p1a: Minority Hunter|49\/100|[from] item: Rocky Helmet|[of] p2a: Chesnaught\n|move|p2a: Chesnaught|Iron Defense|p2a: Chesnaught\n|-boost|p2a: Chesnaught|def|2\n|\n|-weather|Sandstorm|[upkeep]\n|-damage|p1a: Minority Hunter|43\/100|[from] Sandstorm\n|-damage|p2a: Chesnaught|60\/100|[from] Sandstorm\n|upkeep\n|turn|5\n|\n|t:|1698109893\n|move|p1a: Minority Hunter|Outrage|p2a: Chesnaught|[from]lockedmove\n|-damage|p2a: Chesnaught|55\/100\n|-damage|p1a: Minority Hunter|26\/100|[from] item: Rocky Helmet|[of] p2a: Chesnaught\n|-start|p1a: Minority Hunter|confusion|[fatigue]\n|move|p2a: Chesnaught|Drain Punch|p1a: Minority Hunter\n|-immune|p1a: Minority Hunter\n|\n|-weather|none\n|upkeep\n|turn|6\n|\n|t:|1698109904\n|-activate|p1a: Minority Hunter|confusion\n|-damage|p1a: Minority Hunter|18\/100|[from] confusion\n|move|p2a: Chesnaught|Body Press|p1a: Minority Hunter\n|-immune|p1a: Minority Hunter\n|\n|-sideend|p2: mikee160|Reflect\n|upkeep\n|turn|7\n|\n|t:|1698109913\n|-activate|p1a: Minority Hunter|confusion\n|move|p1a: Minority Hunter|Earthquake|p2a: Chesnaught\n|-resisted|p2a: Chesnaught\n|-damage|p2a: Chesnaught|51\/100\n|move|p2a: Chesnaught|Body Press|p1a: Minority Hunter\n|-immune|p1a: Minority Hunter\n|\n|upkeep\n|turn|8\n|\n|t:|1698109920\n|-end|p1a: Minority Hunter|confusion\n|move|p1a: Minority Hunter|Earthquake|p2a: Chesnaught\n|-resisted|p2a: Chesnaught\n|-damage|p2a: Chesnaught|47\/100\n|move|p2a: Chesnaught|Body Press|p1a: Minority Hunter\n|-immune|p1a: Minority Hunter\n|\n|upkeep\n|turn|9\n|\n|t:|1698109943\n|switch|p2a: Toxapex|Toxapex, F|100\/100\n|move|p1a: Minority Hunter|Earthquake|p2a: Toxapex\n|-supereffective|p2a: Toxapex\n|-damage|p2a: Toxapex|33\/100\n|\n|upkeep\n|turn|10\n|\n|t:|1698109951\n|move|p2a: Toxapex|Baneful Bunker|p2a: Toxapex\n|-singleturn|p2a: Toxapex|move: Protect\n|move|p1a: Minority Hunter|Earthquake|p2a: Toxapex\n|-activate|p2a: Toxapex|move: Protect\n|\n|upkeep\n|turn|11\n|\n|t:|1698109956\n|move|p1a: Minority Hunter|Earthquake|p2a: Toxapex\n|-supereffective|p2a: Toxapex\n|-damage|p2a: Toxapex|0 fnt\n|faint|p2a: Toxapex\n|\n|upkeep\n|\n|t:|1698109966\n|switch|p2a: Hatterene|Hatterene, F|100\/100\n|turn|12\n|\n|t:|1698109970\n|move|p1a: Minority Hunter|Earthquake|p2a: Hatterene\n|-damage|p2a: Hatterene|36\/100\n|move|p2a: Hatterene|Agility|p2a: Hatterene\n|-boost|p2a: Hatterene|spe|2\n|\n|upkeep\n|turn|13\n|\n|t:|1698109975\n|move|p1a: Minority Hunter|Earthquake|p2a: Hatterene\n|-damage|p2a: Hatterene|0 fnt\n|faint|p2a: Hatterene\n|\n|upkeep\n|\n|t:|1698109978\n|switch|p2a: Kyogre|Kyogre|100\/100\n|-weather|RainDance|[from] ability: Drizzle|[of] p2a: Kyogre\n|turn|14\n|\n|t:|1698109990\n|move|p1a: Minority Hunter|Sandstorm|p1a: Minority Hunter\n|-weather|Sandstorm\n|move|p2a: Kyogre|Water Spout|p1a: Minority Hunter\n|-damage|p1a: Minority Hunter|0 fnt\n|faint|p1a: Minority Hunter\n|\n|-weather|Sandstorm|[upkeep]\n|-damage|p2a: Kyogre|94\/100|[from] Sandstorm\n|-heal|p2a: Kyogre|100\/100|[from] item: Leftovers\n|upkeep\n|\n|t:|1698109999\n|switch|p1a: Annihigape|Annihilape, M, shiny|100\/100\n|turn|15\n|\n|t:|1698110006\n|move|p1a: Annihigape|Drain Punch|p2a: Kyogre\n|-damage|p2a: Kyogre|67\/100\n|move|p2a: Kyogre|Substitute|p2a: Kyogre\n|-start|p2a: Kyogre|Substitute\n|-damage|p2a: Kyogre|42\/100\n|\n|-weather|Sandstorm|[upkeep]\n|-damage|p1a: Annihigape|94\/100|[from] Sandstorm\n|-damage|p2a: Kyogre|36\/100|[from] Sandstorm\n|-heal|p1a: Annihigape|100\/100|[from] item: Leftovers\n|-heal|p2a: Kyogre|42\/100|[from] item: Leftovers\n|upkeep\n|turn|16\n|\n|t:|1698110012\n|move|p1a: Annihigape|Rage Fist|p2a: Kyogre\n|-end|p2a: Kyogre|Substitute\n|move|p2a: Kyogre|Water Spout|p1a: Annihigape\n|-damage|p1a: Annihigape|79\/100\n|\n|-weather|Sandstorm|[upkeep]\n|-damage|p1a: Annihigape|72\/100|[from] Sandstorm\n|-damage|p2a: Kyogre|36\/100|[from] Sandstorm\n|-heal|p1a: Annihigape|79\/100|[from] item: Leftovers\n|-heal|p2a: Kyogre|42\/100|[from] item: Leftovers\n|upkeep\n|turn|17\n|\n|t:|1698110023\n|move|p1a: Annihigape|Rage Fist|p2a: Kyogre\n|-damage|p2a: Kyogre|0 fnt\n|faint|p2a: Kyogre\n|\n|-weather|Sandstorm|[upkeep]\n|-damage|p1a: Annihigape|72\/100|[from] Sandstorm\n|-heal|p1a: Annihigape|79\/100|[from] item: Leftovers\n|upkeep\n|\n|t:|1698110030\n|switch|p2a: Manaphy|Manaphy|100\/100\n|turn|18\n|\n|t:|1698110035\n|move|p2a: Manaphy|Tail Glow|p2a: Manaphy\n|-boost|p2a: Manaphy|spa|3\n|move|p1a: Annihigape|Drain Punch|p2a: Manaphy\n|-damage|p2a: Manaphy|70\/100\n|-heal|p1a: Annihigape|91\/100|[from] drain|[of] p2a: Manaphy\n|\n|-weather|none\n|-heal|p1a: Annihigape|98\/100|[from] item: Leftovers\n|upkeep\n|turn|19\n|\n|t:|1698110048\n|move|p2a: Manaphy|Stored Power|p1a: Annihigape\n|-supereffective|p1a: Annihigape\n|-damage|p1a: Annihigape|27\/100\n|move|p1a: Annihigape|Drain Punch|p2a: Manaphy\n|-damage|p2a: Manaphy|40\/100\n|-heal|p1a: Annihigape|40\/100|[from] drain|[of] p2a: Manaphy\n|\n|-heal|p1a: Annihigape|46\/100|[from] item: Leftovers\n|upkeep\n|turn|20\n|\n|t:|1698110053\n|move|p2a: Manaphy|Stored Power|p1a: Annihigape\n|-supereffective|p1a: Annihigape\n|-damage|p1a: Annihigape|0 fnt\n|faint|p1a: Annihigape\n|\n|upkeep\n|\n|t:|1698110059\n|switch|p1a: Mexican Family|Maushold-Four|100\/100\n|turn|21\n|\n|t:|1698110063\n|move|p2a: Manaphy|Stored Power|p1a: Mexican Family\n|-damage|p1a: Mexican Family|7\/100\n|move|p1a: Mexican Family|Bullet Seed|p2a: Manaphy\n|-supereffective|p2a: Manaphy\n|-damage|p2a: Manaphy|20\/100\n|-supereffective|p2a: Manaphy\n|-damage|p2a: Manaphy|0 fnt\n|faint|p2a: Manaphy\n|-hitcount|p2: Manaphy|2\n|\n|upkeep\n|\n|t:|1698110068\n|switch|p2a: Annihilape|Annihilape, M|100\/100\n|turn|22\n|\n|t:|1698110074\n|move|p1a: Mexican Family|Bullet Seed|p2a: Annihilape\n|-damage|p2a: Annihilape|90\/100\n|-damage|p2a: Annihilape|78\/100\n|-damage|p2a: Annihilape|66\/100\n|-damage|p2a: Annihilape|54\/100\n|-damage|p2a: Annihilape|41\/100\n|-hitcount|p2a: Annihilape|5\n|move|p2a: Annihilape|Ice Punch|p1a: Mexican Family\n|-damage|p1a: Mexican Family|0 fnt\n|faint|p1a: Mexican Family\n|\n|upkeep\n|\n|t:|1698110086\n|switch|p1a: Charizard with BBC|Charizard, M, shiny|100\/100\n|turn|23\n|\n|t:|1698110089\n|move|p1a: Charizard with BBC|Air Slash|p2a: Annihilape\n|-supereffective|p2a: Annihilape\n|-damage|p2a: Annihilape|0 fnt\n|faint|p2a: Annihilape\n|\n|upkeep\n|\n|t:|1698110091\n|switch|p2a: Chesnaught|Chesnaught, F|47\/100\n|turn|24\n|\n|t:|1698110098\n|-terastallize|p2a: Chesnaught|Grass\n|move|p1a: Charizard with BBC|Air Slash|p2a: Chesnaught\n|-supereffective|p2a: Chesnaught\n|-damage|p2a: Chesnaught|0 fnt\n|faint|p2a: Chesnaught\n|\n|win|IamrandomElement\n|raw|IamrandomElement's rating: 1129 &rarr; <strong>1156<\/strong><br \/>(+27 for winning)\n|raw|mikee160's rating: 1156 &rarr; <strong>1129<\/strong><br \/>(-27 for losing)\n|l|\u2606mikee160\n|c|\u2606IamrandomElement|gg\n","uploadtime":1698110108,"views":5,"p1id":"iamrandomelement","p2id":"mikee160","formatid":"gen9anythinggoes","rating":1129,"private":0,"password":""}