{"id":"gen9anythinggoes-1978309166","p1":"Roggi","p2":"Noah Aloha","format":"[Gen 9] Anything Goes","log":"|j|\u2606Roggi\n|j|\u2606Noah Aloha\n|t:|1698523521\n|gametype|singles\n|player|p1|Roggi|roughneck-gen4|\n|player|p2|Noah Aloha|backersf|\n|teamsize|p1|6\n|teamsize|p2|6\n|gen|9\n|tier|[Gen 9] Anything Goes\n|rule|HP Percentage Mod: HP is shown in percentages\n|rule|Endless Battle Clause: Forcing endless battles is banned\n|clearpoke\n|poke|p1|Pelipper, F|\n|poke|p1|Kilowattrel, F|\n|poke|p1|Forretress, F|\n|poke|p1|Manaphy|\n|poke|p1|Goodra, F|\n|poke|p1|Toxicroak, F|\n|poke|p2|Tornadus-Therian, M|\n|poke|p2|Ogerpon-Wellspring, F|\n|poke|p2|Kingambit, M|\n|poke|p2|Grimmsnarl, M|\n|poke|p2|Pawmot, F|\n|poke|p2|Sinistcha|\n|teampreview\n|c|\u2606Noah Aloha|GlHf\n|c|\u2606Roggi|u2\n|j| Timgameboy\n|\n|t:|1698523626\n|start\n|switch|p1a: Goodra|Goodra, F|100\/100\n|switch|p2a: Grimmsnarl|Grimmsnarl, M|100\/100\n|turn|1\n|j| Fynnizen\n|j| Die PokeMobber\n|\n|t:|1698523673\n|switch|p1a: Pelipper|Pelipper, F|100\/100\n|-weather|RainDance|[from] ability: Drizzle|[of] p1a: Pelipper\n|switch|p2a: Tornadus|Tornadus-Therian, M|100\/100\n|\n|-weather|RainDance|[upkeep]\n|upkeep\n|turn|2\n|\n|t:|1698523684\n|switch|p1a: Kilowattrel|Kilowattrel, F|100\/100\n|move|p2a: Tornadus|Knock Off|p1a: Kilowattrel\n|-damage|p1a: Kilowattrel|45\/100\n|-enditem|p1a: Kilowattrel|Heavy-Duty Boots|[from] move: Knock Off|[of] p2a: Tornadus\n|-damage|p2a: Tornadus|91\/100|[from] item: Life Orb\n|\n|-weather|RainDance|[upkeep]\n|upkeep\n|turn|3\n|\n|t:|1698523754\n|switch|p2a: Grimmsnarl|Grimmsnarl, M|100\/100\n|move|p1a: Kilowattrel|Hurricane|p2a: Grimmsnarl\n|-damage|p2a: Grimmsnarl|62\/100\n|-start|p2a: Grimmsnarl|confusion\n|\n|-weather|RainDance|[upkeep]\n|upkeep\n|turn|4\n|\n|t:|1698523774\n|switch|p1a: Manaphy|Manaphy|100\/100\n|-activate|p2a: Grimmsnarl|confusion\n|move|p2a: Grimmsnarl|Light Screen|p2a: Grimmsnarl\n|-sidestart|p2: Noah Aloha|move: Light Screen\n|\n|-weather|RainDance|[upkeep]\n|upkeep\n|turn|5\n|j| diggersby69\n|\n|t:|1698523781\n|-activate|p2a: Grimmsnarl|confusion\n|move|p2a: Grimmsnarl|Taunt|p1a: Manaphy\n|-start|p1a: Manaphy|move: Taunt\n|move|p1a: Manaphy|U-turn|p2a: Grimmsnarl\n|-damage|p2a: Grimmsnarl|44\/100\n|\n|t:|1698523801\n|switch|p1a: Pelipper|Pelipper, F|100\/100|[from] U-turn\n|\n|-weather|RainDance|[upkeep]\n|upkeep\n|turn|6\n|\n|t:|1698523813\n|switch|p2a: Pawmot|Pawmot, F|100\/100\n|move|p1a: Pelipper|U-turn|p2a: Pawmot\n|-resisted|p2a: Pawmot\n|-damage|p2a: Pawmot|94\/100\n|\n|t:|1698523852\n|switch|p1a: Forretress|Forretress, F|100\/100|[from] U-turn\n|\n|-weather|RainDance|[upkeep]\n|upkeep\n|turn|7\n|\n|t:|1698523868\n|switch|p2a: Tornadus|Tornadus-Therian, M|100\/100\n|move|p1a: Forretress|Thunder Wave|p2a: Tornadus\n|-status|p2a: Tornadus|par\n|\n|-weather|RainDance|[upkeep]\n|upkeep\n|turn|8\n|\n|t:|1698523880\n|switch|p1a: Goodra|Goodra, F|100\/100\n|cant|p2a: Tornadus|par\n|\n|-weather|none\n|upkeep\n|turn|9\n|\n|t:|1698523885\n|move|p1a: Goodra|Acid Spray|p2a: Tornadus\n|-damage|p2a: Tornadus|95\/100 par\n|-unboost|p2a: Tornadus|spd|2\n|move|p2a: Tornadus|Knock Off|p1a: Goodra\n|-damage|p1a: Goodra|77\/100\n|-enditem|p1a: Goodra|Heavy-Duty Boots|[from] move: Knock Off|[of] p2a: Tornadus\n|-damage|p2a: Tornadus|85\/100 par|[from] item: Life Orb\n|\n|upkeep\n|turn|10\n|\n|t:|1698523914\n|switch|p2a: Kingambit|Kingambit, M|100\/100\n|move|p1a: Goodra|Focus Blast|p2a: Kingambit\n|-supereffective|p2a: Kingambit\n|-enditem|p2a: Kingambit|Chople Berry|[eat]\n|-enditem|p2a: Kingambit|Chople Berry|[weaken]\n|-damage|p2a: Kingambit|72\/100\n|\n|upkeep\n|turn|11\n|j| Eintracht Swellows\n|\n|t:|1698523935\n|switch|p1a: Pelipper|Pelipper, F|100\/100\n|-weather|RainDance|[from] ability: Drizzle|[of] p1a: Pelipper\n|move|p2a: Kingambit|Kowtow Cleave|p1a: Pelipper\n|-damage|p1a: Pelipper|60\/100\n|\n|-weather|RainDance|[upkeep]\n|-sideend|p2: Noah Aloha|move: Light Screen\n|upkeep\n|turn|12\n|\n|t:|1698523943\n|switch|p2a: Grimmsnarl|Grimmsnarl, M|44\/100\n|move|p1a: Pelipper|Roost|p1a: Pelipper\n|-heal|p1a: Pelipper|100\/100\n|-singleturn|p1a: Pelipper|move: Roost\n|\n|-weather|RainDance|[upkeep]\n|upkeep\n|turn|13\n|\n|t:|1698523961\n|move|p2a: Grimmsnarl|Light Screen|p2a: Grimmsnarl\n|-sidestart|p2: Noah Aloha|move: Light Screen\n|move|p1a: Pelipper|Surf|p2a: Grimmsnarl\n|-damage|p2a: Grimmsnarl|27\/100\n|\n|-weather|RainDance|[upkeep]\n|upkeep\n|turn|14\n|\n|t:|1698523966\n|move|p2a: Grimmsnarl|Reflect|p2a: Grimmsnarl\n|-sidestart|p2: Noah Aloha|Reflect\n|move|p1a: Pelipper|U-turn|p2a: Grimmsnarl\n|-damage|p2a: Grimmsnarl|22\/100\n|j| puffelmaedchen\n|\n|t:|1698523985\n|switch|p1a: Manaphy|Manaphy|100\/100|[from] U-turn\n|\n|-weather|RainDance|[upkeep]\n|upkeep\n|turn|15\n|\n|t:|1698523992\n|switch|p2a: Tornadus|Tornadus-Therian, M|100\/100 par\n|move|p1a: Manaphy|U-turn|p2a: Tornadus\n|-resisted|p2a: Tornadus\n|-damage|p2a: Tornadus|95\/100 par\n|\n|t:|1698524028\n|switch|p1a: Goodra|Goodra, F|77\/100|[from] U-turn\n|\n|-weather|RainDance|[upkeep]\n|upkeep\n|turn|16\n|\n|t:|1698524033\n|move|p1a: Goodra|Acid Spray|p2a: Tornadus\n|-damage|p2a: Tornadus|89\/100 par\n|-unboost|p2a: Tornadus|spd|2\n|move|p2a: Tornadus|Hurricane|p1a: Goodra\n|-damage|p1a: Goodra|36\/100\n|-damage|p2a: Tornadus|79\/100 par|[from] item: Life Orb\n|\n|-weather|RainDance|[upkeep]\n|upkeep\n|turn|17\n|\n|t:|1698524044\n|switch|p2a: Sinistcha|Sinistcha|100\/100\n|move|p1a: Goodra|Rest|p1a: Goodra\n|-status|p1a: Goodra|slp|[from] move: Rest\n|-heal|p1a: Goodra|100\/100 slp|[silent]\n|\n|-weather|RainDance|[upkeep]\n|-activate|p1a: Goodra|ability: Hydration\n|-curestatus|p1a: Goodra|slp|[msg]\n|upkeep\n|turn|18\n|\n|t:|1698524052\n|move|p1a: Goodra|Acid Spray|p2a: Sinistcha\n|-damage|p2a: Sinistcha|95\/100\n|-unboost|p2a: Sinistcha|spd|2\n|move|p2a: Sinistcha|Calm Mind|p2a: Sinistcha\n|-boost|p2a: Sinistcha|spa|1\n|-boost|p2a: Sinistcha|spd|1\n|\n|-weather|none\n|-heal|p2a: Sinistcha|100\/100|[from] item: Leftovers\n|upkeep\n|turn|19\n|\n|t:|1698524057\n|move|p1a: Goodra|Acid Spray|p2a: Sinistcha\n|-damage|p2a: Sinistcha|92\/100\n|-unboost|p2a: Sinistcha|spd|2\n|move|p2a: Sinistcha|Calm Mind|p2a: Sinistcha\n|-boost|p2a: Sinistcha|spa|1\n|-boost|p2a: Sinistcha|spd|1\n|\n|-heal|p2a: Sinistcha|98\/100|[from] item: Leftovers\n|upkeep\n|turn|20\n|\n|t:|1698524063\n|move|p1a: Goodra|Acid Spray|p2a: Sinistcha\n|-damage|p2a: Sinistcha|86\/100\n|-unboost|p2a: Sinistcha|spd|2\n|move|p2a: Sinistcha|Matcha Gotcha|p1a: Goodra\n|-resisted|p1a: Goodra\n|-damage|p1a: Goodra|81\/100\n|-heal|p2a: Sinistcha|96\/100|[from] drain|[of] p1a: Goodra\n|\n|-heal|p2a: Sinistcha|100\/100|[from] item: Leftovers\n|-sideend|p2: Noah Aloha|move: Light Screen\n|upkeep\n|turn|21\n|\n|t:|1698524070\n|switch|p2a: Tornadus|Tornadus-Therian, M|100\/100 par\n|move|p1a: Goodra|Sludge Bomb|p2a: Tornadus\n|-damage|p2a: Tornadus|71\/100 par\n|\n|-sideend|p2: Noah Aloha|Reflect\n|upkeep\n|turn|22\n|\n|t:|1698524079\n|move|p1a: Goodra|Acid Spray|p2a: Tornadus\n|-damage|p2a: Tornadus|59\/100 par\n|-unboost|p2a: Tornadus|spd|2\n|cant|p2a: Tornadus|par\n|\n|upkeep\n|turn|23\n|\n|t:|1698524087\n|move|p1a: Goodra|Sludge Bomb|p2a: Tornadus\n|-damage|p2a: Tornadus|5\/100 par\n|move|p2a: Tornadus|Hurricane|p1a: Goodra|[miss]\n|-miss|p2a: Tornadus|p1a: Goodra\n|\n|upkeep\n|turn|24\n|\n|t:|1698524096\n|switch|p2a: Sinistcha|Sinistcha|100\/100\n|move|p1a: Goodra|Sludge Bomb|p2a: Sinistcha\n|-crit|p2a: Sinistcha\n|-damage|p2a: Sinistcha|58\/100\n|\n|-heal|p2a: Sinistcha|64\/100|[from] item: Leftovers\n|upkeep\n|turn|25\n|\n|t:|1698524102\n|move|p1a: Goodra|Acid Spray|p2a: Sinistcha\n|-damage|p2a: Sinistcha|52\/100\n|-unboost|p2a: Sinistcha|spd|2\n|move|p2a: Sinistcha|Matcha Gotcha|p1a: Goodra\n|-resisted|p1a: Goodra\n|-damage|p1a: Goodra|72\/100\n|-heal|p2a: Sinistcha|57\/100|[from] drain|[of] p1a: Goodra\n|\n|-heal|p2a: Sinistcha|63\/100|[from] item: Leftovers\n|upkeep\n|turn|26\n|\n|t:|1698524113\n|switch|p2a: Tornadus|Tornadus-Therian, M|39\/100 par\n|move|p1a: Goodra|Sludge Bomb|p2a: Tornadus\n|-damage|p2a: Tornadus|13\/100 par\n|\n|upkeep\n|turn|27\n|\n|t:|1698524125\n|switch|p2a: Pawmot|Pawmot, F|94\/100\n|move|p1a: Goodra|Sludge Bomb|p2a: Pawmot\n|-damage|p2a: Pawmot|52\/100\n|\n|upkeep\n|turn|28\n|\n|t:|1698524132\n|switch|p1a: Manaphy|Manaphy|100\/100\n|move|p2a: Pawmot|Thunder Punch|p1a: Manaphy\n|-supereffective|p1a: Manaphy\n|-damage|p1a: Manaphy|29\/100\n|-damage|p2a: Pawmot|35\/100|[from] item: Rocky Helmet|[of] p1a: Manaphy\n|-damage|p2a: Pawmot|26\/100|[from] item: Life Orb\n|\n|upkeep\n|turn|29\n|\n|t:|1698524167\n|move|p2a: Pawmot|Thunder Punch|p1a: Manaphy\n|-supereffective|p1a: Manaphy\n|-damage|p1a: Manaphy|0 fnt\n|-damage|p2a: Pawmot|9\/100|[from] item: Rocky Helmet|[of] p1a: Manaphy\n|faint|p1a: Manaphy\n|-damage|p2a: Pawmot|0 fnt|[from] item: Life Orb\n|faint|p2a: Pawmot\n|\n|upkeep\n|\n|t:|1698524180\n|switch|p2a: Grimmsnarl|Grimmsnarl, M|22\/100\n|switch|p1a: Pelipper|Pelipper, F|100\/100\n|-weather|RainDance|[from] ability: Drizzle|[of] p1a: Pelipper\n|turn|30\n|\n|t:|1698524184\n|move|p2a: Grimmsnarl|Light Screen|p2a: Grimmsnarl\n|-sidestart|p2: Noah Aloha|move: Light Screen\n|move|p1a: Pelipper|U-turn|p2a: Grimmsnarl\n|-damage|p2a: Grimmsnarl|12\/100\n|\n|t:|1698524191\n|switch|p1a: Forretress|Forretress, F|100\/100|[from] U-turn\n|\n|-weather|RainDance|[upkeep]\n|upkeep\n|turn|31\n|\n|t:|1698524196\n|move|p2a: Grimmsnarl|Reflect|p2a: Grimmsnarl\n|-sidestart|p2: Noah Aloha|Reflect\n|move|p1a: Forretress|Volt Switch|p2a: Grimmsnarl\n|-damage|p2a: Grimmsnarl|8\/100\n|\n|t:|1698524260\n|switch|p1a: Kilowattrel|Kilowattrel, F|45\/100|[from] Volt Switch\n|\n|-weather|RainDance|[upkeep]\n|upkeep\n|turn|32\n|\n|t:|1698524274\n|switch|p2a: Kingambit|Kingambit, M|72\/100\n|move|p1a: Kilowattrel|Roost|p1a: Kilowattrel\n|-heal|p1a: Kilowattrel|96\/100\n|-singleturn|p1a: Kilowattrel|move: Roost\n|\n|-weather|RainDance|[upkeep]\n|upkeep\n|turn|33\n|\n|t:|1698524279\n|switch|p1a: Forretress|Forretress, F|100\/100\n|move|p2a: Kingambit|Swords Dance|p2a: Kingambit\n|-boost|p2a: Kingambit|atk|2\n|\n|-weather|RainDance|[upkeep]\n|upkeep\n|turn|34\n|\n|t:|1698524284\n|move|p2a: Kingambit|Kowtow Cleave|p1a: Forretress\n|-damage|p1a: Forretress|46\/100\n|move|p1a: Forretress|Thunder Wave|p2a: Kingambit\n|-status|p2a: Kingambit|par\n|\n|-weather|RainDance|[upkeep]\n|-heal|p1a: Forretress|52\/100|[from] item: Leftovers\n|upkeep\n|turn|35\n|\n|t:|1698524291\n|move|p1a: Forretress|Body Press|p2a: Kingambit\n|-supereffective|p2a: Kingambit\n|-damage|p2a: Kingambit|20\/100 par\n|move|p2a: Kingambit|Kowtow Cleave|p1a: Forretress\n|-damage|p1a: Forretress|1\/100\n|\n|-weather|RainDance|[upkeep]\n|-heal|p1a: Forretress|7\/100|[from] item: Leftovers\n|upkeep\n|turn|36\n|\n|t:|1698524319\n|move|p1a: Forretress|Body Press|p2a: Kingambit\n|-supereffective|p2a: Kingambit\n|-damage|p2a: Kingambit|0 fnt\n|faint|p2a: Kingambit\n|\n|-weather|RainDance|[upkeep]\n|-heal|p1a: Forretress|13\/100|[from] item: Leftovers\n|upkeep\n|\n|t:|1698524325\n|switch|p2a: Ogerpon|Ogerpon-Wellspring, F|100\/100\n|turn|37\n|\n|t:|1698524331\n|move|p2a: Ogerpon|Ivy Cudgel|p1a: Forretress\n|-damage|p1a: Forretress|0 fnt\n|faint|p1a: Forretress\n|\n|-weather|none\n|-sideend|p2: Noah Aloha|move: Light Screen\n|upkeep\n|\n|t:|1698524342\n|switch|p1a: Pelipper|Pelipper, F|100\/100\n|-weather|RainDance|[from] ability: Drizzle|[of] p1a: Pelipper\n|turn|38\n|\n|t:|1698524347\n|switch|p2a: Tornadus|Tornadus-Therian, M|46\/100 par\n|move|p1a: Pelipper|U-turn|p2a: Tornadus\n|-resisted|p2a: Tornadus\n|-damage|p2a: Tornadus|43\/100 par\n|\n|t:|1698524354\n|switch|p1a: Kilowattrel|Kilowattrel, F|96\/100|[from] U-turn\n|\n|-weather|RainDance|[upkeep]\n|-sideend|p2: Noah Aloha|Reflect\n|upkeep\n|turn|39\n|\n|t:|1698524363\n|move|p1a: Kilowattrel|Thunder|p2a: Tornadus\n|-supereffective|p2a: Tornadus\n|-damage|p2a: Tornadus|0 fnt\n|faint|p2a: Tornadus\n|\n|-weather|RainDance|[upkeep]\n|upkeep\n|\n|t:|1698524365\n|switch|p2a: Grimmsnarl|Grimmsnarl, M|8\/100\n|turn|40\n|\n|t:|1698524380\n|switch|p1a: Toxicroak|Toxicroak, F|100\/100\n|move|p2a: Grimmsnarl|Light Screen|p2a: Grimmsnarl\n|-sidestart|p2: Noah Aloha|move: Light Screen\n|\n|-weather|RainDance|[upkeep]\n|upkeep\n|turn|41\n|\n|t:|1698524384\n|move|p2a: Grimmsnarl|Reflect|p2a: Grimmsnarl\n|-sidestart|p2: Noah Aloha|Reflect\n|move|p1a: Toxicroak|Swords Dance|p1a: Toxicroak\n|-boost|p1a: Toxicroak|atk|2\n|\n|-weather|RainDance|[upkeep]\n|upkeep\n|turn|42\n|\n|t:|1698524390\n|move|p2a: Grimmsnarl|Taunt|p1a: Toxicroak\n|-start|p1a: Toxicroak|move: Taunt\n|cant|p1a: Toxicroak|move: Taunt|Swords Dance\n|\n|-weather|RainDance|[upkeep]\n|upkeep\n|turn|43\n|\n|t:|1698524396\n|move|p1a: Toxicroak|Drain Punch|p2a: Grimmsnarl\n|-damage|p2a: Grimmsnarl|0 fnt\n|faint|p2a: Grimmsnarl\n|-damage|p1a: Toxicroak|91\/100|[from] item: Life Orb\n|\n|-weather|RainDance|[upkeep]\n|-heal|p1a: Toxicroak|100\/100|[from] ability: Dry Skin\n|upkeep\n|\n|t:|1698524400\n|switch|p2a: Ogerpon|Ogerpon-Wellspring, F|100\/100\n|turn|44\n|j| UrglTv\n|\n|t:|1698524404\n|move|p2a: Ogerpon|Zen Headbutt|p1a: Toxicroak|[miss]\n|-miss|p2a: Ogerpon|p1a: Toxicroak\n|move|p1a: Toxicroak|Gunk Shot|p2a: Ogerpon\n|-supereffective|p2a: Ogerpon\n|-crit|p2a: Ogerpon\n|-damage|p2a: Ogerpon|0 fnt\n|faint|p2a: Ogerpon\n|-damage|p1a: Toxicroak|91\/100|[from] item: Life Orb\n|\n|-weather|RainDance|[upkeep]\n|-heal|p1a: Toxicroak|100\/100|[from] ability: Dry Skin\n|-end|p1a: Toxicroak|move: Taunt\n|upkeep\n|\n|t:|1698524416\n|switch|p2a: Sinistcha|Sinistcha|63\/100\n|turn|45\n|\n|t:|1698524423\n|move|p1a: Toxicroak|Gunk Shot|p2a: Sinistcha\n|-damage|p2a: Sinistcha|10\/100\n|-status|p2a: Sinistcha|psn\n|-damage|p1a: Toxicroak|91\/100|[from] item: Life Orb\n|move|p2a: Sinistcha|Strength Sap|p1a: Toxicroak\n|-unboost|p1a: Toxicroak|atk|1\n|-heal|p2a: Sinistcha|100\/100 psn\n|\n|-weather|none\n|-damage|p2a: Sinistcha|88\/100 psn|[from] psn\n|upkeep\n|turn|46\n|l| Timgameboy\n|\n|t:|1698524430\n|switch|p1a: Pelipper|Pelipper, F|100\/100\n|-weather|RainDance|[from] ability: Drizzle|[of] p1a: Pelipper\n|move|p2a: Sinistcha|Calm Mind|p2a: Sinistcha\n|-boost|p2a: Sinistcha|spa|1\n|-boost|p2a: Sinistcha|spd|1\n|\n|-weather|RainDance|[upkeep]\n|-heal|p2a: Sinistcha|94\/100 psn|[from] item: Leftovers\n|-damage|p2a: Sinistcha|82\/100 psn|[from] psn\n|upkeep\n|turn|47\n|\n|t:|1698524436\n|move|p2a: Sinistcha|Matcha Gotcha|p1a: Pelipper\n|-damage|p1a: Pelipper|36\/100\n|-heal|p2a: Sinistcha|100\/100 psn|[from] drain|[of] p1a: Pelipper\n|move|p1a: Pelipper|U-turn|p2a: Sinistcha\n|-damage|p2a: Sinistcha|98\/100 psn\n|\n|t:|1698524445\n|switch|p1a: Kilowattrel|Kilowattrel, F|96\/100|[from] U-turn\n|\n|-weather|RainDance|[upkeep]\n|-heal|p2a: Sinistcha|100\/100 psn|[from] item: Leftovers\n|-damage|p2a: Sinistcha|88\/100 psn|[from] psn\n|-sideend|p2: Noah Aloha|move: Light Screen\n|upkeep\n|turn|48\n|\n|t:|1698524450\n|move|p1a: Kilowattrel|Hurricane|p2a: Sinistcha\n|-supereffective|p2a: Sinistcha\n|-damage|p2a: Sinistcha|6\/100 psn\n|-start|p2a: Sinistcha|confusion\n|-activate|p2a: Sinistcha|confusion\n|-damage|p2a: Sinistcha|3\/100 psn|[from] confusion\n|\n|-weather|RainDance|[upkeep]\n|-heal|p2a: Sinistcha|9\/100 psn|[from] item: Leftovers\n|-damage|p2a: Sinistcha|0 fnt|[from] psn\n|faint|p2a: Sinistcha\n|\n|win|Roggi\n|upkeep\n|c|\u2606Noah Aloha|gg\n|c|\u2606Roggi|gg\n|l| puffelmaedchen\n|l| UrglTv\n|l|\u2606Noah Aloha\n","uploadtime":1698524470,"views":35,"p1id":"roggi","p2id":"noahaloha","formatid":"gen9anythinggoes","rating":0,"private":0,"password":""}