{"id":"gen9anythinggoes-1989956052","p1":"Legit Trolling","p2":"Liz16","format":"[Gen 9] Anything Goes","log":"|j|\u2606Legit Trolling\n|j|\u2606Liz16\n|t:|1699909982\n|gametype|singles\n|player|p1|Legit Trolling|wattson|1126\n|player|p2|Liz16|ethan|1068\n|teamsize|p1|6\n|teamsize|p2|6\n|gen|9\n|tier|[Gen 9] Anything Goes\n|rated|\n|rule|HP Percentage Mod: HP is shown in percentages\n|rule|Endless Battle Clause: Forcing endless battles is banned\n|clearpoke\n|poke|p1|Drifblim, M|\n|poke|p1|Clefable, F|\n|poke|p1|Espeon, F|\n|poke|p1|Perrserker, F|\n|poke|p1|Clefable, M|\n|poke|p1|Decidueye-Hisui, M|\n|poke|p2|Snom, M|\n|poke|p2|Snom, F|\n|poke|p2|Snom, M|\n|poke|p2|Snom, F|\n|poke|p2|Snom, M|\n|poke|p2|Snom, F|\n|teampreview\n|\n|t:|1699910000\n|start\n|switch|p1a: Drifblim|Drifblim, M|100\/100\n|switch|p2a: Snomy|Snom, M, shiny|100\/100\n|turn|1\n|\n|t:|1699910007\n|move|p1a: Drifblim|Minimize|p1a: Drifblim\n|-boost|p1a: Drifblim|evasion|2\n|move|p2a: Snomy|Fairy Wind|p1a: Drifblim\n|-damage|p1a: Drifblim|93\/100\n|\n|upkeep\n|turn|2\n|\n|t:|1699910015\n|move|p1a: Drifblim|Minimize|p1a: Drifblim\n|-boost|p1a: Drifblim|evasion|2\n|move|p2a: Snomy|Bug Buzz|p1a: Drifblim\n|-resisted|p1a: Drifblim\n|-damage|p1a: Drifblim|88\/100\n|-unboost|p1a: Drifblim|spd|1\n|\n|upkeep\n|turn|3\n|\n|t:|1699910025\n|move|p1a: Drifblim|Minimize|p1a: Drifblim\n|-boost|p1a: Drifblim|evasion|2\n|move|p2a: Snomy|Icy Wind|p1a: Drifblim|[miss]\n|-miss|p2a: Snomy|p1a: Drifblim\n|\n|upkeep\n|turn|4\n|\n|t:|1699910036\n|move|p1a: Drifblim|Stockpile|p1a: Drifblim\n|-start|p1a: Drifblim|stockpile1\n|-boost|p1a: Drifblim|def|1\n|-boost|p1a: Drifblim|spd|1\n|move|p2a: Snomy|Icy Wind|p1a: Drifblim\n|-supereffective|p1a: Drifblim\n|-damage|p1a: Drifblim|60\/100\n|-unboost|p1a: Drifblim|spe|1\n|\n|upkeep\n|turn|5\n|\n|t:|1699910044\n|move|p1a: Drifblim|Stockpile|p1a: Drifblim\n|-start|p1a: Drifblim|stockpile2\n|-boost|p1a: Drifblim|def|1\n|-boost|p1a: Drifblim|spd|1\n|move|p2a: Snomy|Icy Wind|p1a: Drifblim\n|-supereffective|p1a: Drifblim\n|-damage|p1a: Drifblim|42\/100\n|-unboost|p1a: Drifblim|spe|1\n|\n|upkeep\n|turn|6\n|\n|t:|1699910053\n|move|p1a: Drifblim|Calm Mind|p1a: Drifblim\n|-boost|p1a: Drifblim|spa|1\n|-boost|p1a: Drifblim|spd|1\n|move|p2a: Snomy|Icy Wind|p1a: Drifblim\n|-supereffective|p1a: Drifblim\n|-damage|p1a: Drifblim|29\/100\n|-unboost|p1a: Drifblim|spe|1\n|\n|upkeep\n|turn|7\n|\n|t:|1699910060\n|move|p1a: Drifblim|Baton Pass|p1a: Drifblim\n|\n|t:|1699910070\n|switch|p1a: Clefable|Clefable, F|100\/100|[from] Baton Pass\n|move|p2a: Snomy|Icy Wind|p1a: Clefable|[miss]\n|-miss|p2a: Snomy|p1a: Clefable\n|\n|upkeep\n|turn|8\n|\n|t:|1699910075\n|move|p2a: Snomy|Bug Buzz|p1a: Clefable|[miss]\n|-miss|p2a: Snomy|p1a: Clefable\n|move|p1a: Clefable|Cosmic Power|p1a: Clefable\n|-boost|p1a: Clefable|def|1\n|-boost|p1a: Clefable|spd|1\n|\n|upkeep\n|turn|9\n|\n|t:|1699910091\n|move|p2a: Snomy|Bug Buzz|p1a: Clefable|[miss]\n|-miss|p2a: Snomy|p1a: Clefable\n|move|p1a: Clefable|Cosmic Power|p1a: Clefable\n|-boost|p1a: Clefable|def|1\n|-boost|p1a: Clefable|spd|1\n|\n|upkeep\n|turn|10\n|\n|t:|1699910100\n|move|p2a: Snomy|Tera Blast|p1a: Clefable|[miss]\n|-miss|p2a: Snomy|p1a: Clefable\n|move|p1a: Clefable|Baton Pass|p1a: Clefable\n|\n|t:|1699910116\n|switch|p1a: Clefable|Clefable, M|100\/100|[from] Baton Pass\n|\n|upkeep\n|turn|11\n|\n|t:|1699910123\n|move|p2a: Snomy|Tera Blast|p1a: Clefable|[miss]\n|-miss|p2a: Snomy|p1a: Clefable\n|move|p1a: Clefable|Calm Mind|p1a: Clefable\n|-boost|p1a: Clefable|spa|1\n|-boost|p1a: Clefable|spd|1\n|\n|upkeep\n|turn|12\n|\n|t:|1699910131\n|move|p2a: Snomy|Tera Blast|p1a: Clefable\n|-damage|p1a: Clefable|97\/100\n|move|p1a: Clefable|Calm Mind|p1a: Clefable\n|-boost|p1a: Clefable|spa|1\n|-boost|p1a: Clefable|spd|1\n|\n|-heal|p1a: Clefable|100\/100|[from] item: Leftovers\n|upkeep\n|turn|13\n|\n|t:|1699910139\n|move|p2a: Snomy|Bug Buzz|p1a: Clefable|[miss]\n|-miss|p2a: Snomy|p1a: Clefable\n|move|p1a: Clefable|Metronome|p1a: Clefable\n|move|p1a: Clefable|Flash Cannon|p2a: Snomy|[from]move: Metronome\n|-supereffective|p2a: Snomy\n|-enditem|p2a: Snomy|Focus Sash\n|-damage|p2a: Snomy|1\/100\n|\n|upkeep\n|turn|14\n|\n|t:|1699910149\n|move|p2a: Snomy|Icy Wind|p1a: Clefable|[miss]\n|-miss|p2a: Snomy|p1a: Clefable\n|move|p1a: Clefable|Metronome|p1a: Clefable\n|move|p1a: Clefable|Magic Room|p1a: Clefable|[from]move: Metronome\n|-fieldstart|move: Magic Room|[of] p1a: Clefable\n|\n|upkeep\n|turn|15\n|\n|t:|1699910156\n|move|p2a: Snomy|Icy Wind|p1a: Clefable|[miss]\n|-miss|p2a: Snomy|p1a: Clefable\n|move|p1a: Clefable|Metronome|p1a: Clefable\n|move|p1a: Clefable|Quick Attack|p2a: Snomy|[from]move: Metronome\n|-damage|p2a: Snomy|0 fnt\n|faint|p2a: Snomy\n|\n|upkeep\n|\n|t:|1699910164\n|switch|p2a: SnomySnom|Snom, F, shiny|100\/100\n|turn|16\n|\n|t:|1699910169\n|move|p2a: SnomySnom|Icicle Spear|p1a: Clefable|[miss]\n|-miss|p2a: SnomySnom|p1a: Clefable\n|move|p1a: Clefable|Metronome|p1a: Clefable\n|move|p1a: Clefable|Hex|p2a: SnomySnom|[from]move: Metronome\n|-damage|p2a: SnomySnom|0 fnt\n|faint|p2a: SnomySnom\n|\n|upkeep\n|\n|t:|1699910176\n|switch|p2a: SnomySnomSnom|Snom, M|100\/100\n|turn|17\n|\n|t:|1699910183\n|move|p2a: SnomySnomSnom|Powder Snow|p1a: Clefable\n|-damage|p1a: Clefable|98\/100\n|move|p1a: Clefable|Metronome|p1a: Clefable\n|move|p1a: Clefable|Work Up|p1a: Clefable|[from]move: Metronome\n|-boost|p1a: Clefable|atk|1\n|-boost|p1a: Clefable|spa|1\n|\n|upkeep\n|turn|18\n|\n|t:|1699910190\n|move|p2a: SnomySnomSnom|Powder Snow|p1a: Clefable\n|-damage|p1a: Clefable|96\/100\n|move|p1a: Clefable|Metronome|p1a: Clefable\n|move|p1a: Clefable|Ingrain|p1a: Clefable|[from]move: Metronome\n|-start|p1a: Clefable|move: Ingrain\n|\n|-heal|p1a: Clefable|100\/100|[from] Ingrain\n|-fieldend|move: Magic Room|[of] p1a: Clefable\n|upkeep\n|turn|19\n|\n|t:|1699910202\n|move|p2a: SnomySnomSnom|Icy Wind|p1a: Clefable\n|-damage|p1a: Clefable|98\/100\n|-unboost|p1a: Clefable|spe|1\n|move|p1a: Clefable|Metronome|p1a: Clefable\n|move|p1a: Clefable|Giga Drain|p2a: SnomySnomSnom|[from]move: Metronome\n|-resisted|p2a: SnomySnomSnom\n|-damage|p2a: SnomySnomSnom|50\/100\n|-heal|p1a: Clefable|100\/100|[from] drain|[of] p2a: SnomySnomSnom\n|\n|upkeep\n|turn|20\n|\n|t:|1699910208\n|move|p2a: SnomySnomSnom|Icicle Spear|p1a: Clefable|[miss]\n|-miss|p2a: SnomySnomSnom|p1a: Clefable\n|move|p1a: Clefable|Metronome|p1a: Clefable\n|move|p1a: Clefable|Petal Dance|p2a: SnomySnomSnom|[from]move: Metronome\n|-resisted|p2a: SnomySnomSnom\n|-damage|p2a: SnomySnomSnom|0 fnt\n|faint|p2a: SnomySnomSnom\n|\n|upkeep\n|\n|t:|1699910210\n|switch|p2a: SnomySnomSnomSnom|Snom, F|100\/100\n|turn|21\n|\n|t:|1699910217\n|move|p2a: SnomySnomSnomSnom|Facade|p1a: Clefable|[miss]\n|-miss|p2a: SnomySnomSnomSnom|p1a: Clefable\n|move|p1a: Clefable|Petal Dance|p2a: SnomySnomSnomSnom|[from]lockedmove\n|-resisted|p2a: SnomySnomSnomSnom\n|-damage|p2a: SnomySnomSnomSnom|0 fnt\n|faint|p2a: SnomySnomSnomSnom\n|\n|upkeep\n|\n|t:|1699910225\n|switch|p2a: SnomySnomNom|Snom, M|100\/100\n|turn|22\n|\n|t:|1699910228\n|move|p2a: SnomySnomNom|Lunge|p1a: Clefable|[miss]\n|-miss|p2a: SnomySnomNom|p1a: Clefable\n|move|p1a: Clefable|Petal Dance|p2a: SnomySnomNom|[from]lockedmove\n|-resisted|p2a: SnomySnomNom\n|-damage|p2a: SnomySnomNom|41\/100\n|-start|p1a: Clefable|confusion|[fatigue]\n|\n|upkeep\n|turn|23\n|\n|t:|1699910232\n|move|p2a: SnomySnomNom|Fairy Wind|p1a: Clefable|[miss]\n|-miss|p2a: SnomySnomNom|p1a: Clefable\n|-activate|p1a: Clefable|confusion\n|move|p1a: Clefable|Metronome|p1a: Clefable\n|move|p1a: Clefable|Zap Cannon|p2a: SnomySnomNom|[from]move: Metronome|[miss]\n|-miss|p1a: Clefable|p2a: SnomySnomNom\n|\n|upkeep\n|turn|24\n|\n|t:|1699910241\n|move|p2a: SnomySnomNom|Icicle Spear|p1a: Clefable|[miss]\n|-miss|p2a: SnomySnomNom|p1a: Clefable\n|-activate|p1a: Clefable|confusion\n|move|p1a: Clefable|Metronome|p1a: Clefable\n|move|p1a: Clefable|Amnesia|p1a: Clefable|[from]move: Metronome\n|-boost|p1a: Clefable|spd|0\n|\n|upkeep\n|turn|25\n|\n|t:|1699910252\n|move|p2a: SnomySnomNom|Bug Buzz|p1a: Clefable|[miss]\n|-miss|p2a: SnomySnomNom|p1a: Clefable\n|-activate|p1a: Clefable|confusion\n|move|p1a: Clefable|Metronome|p1a: Clefable\n|move|p1a: Clefable|Last Resort||[from]move: Metronome|[still]\n|-fail|p1a: Clefable\n|\n|upkeep\n|turn|26\n|\n|t:|1699910272\n|move|p2a: SnomySnomNom|Bug Buzz|p1a: Clefable\n|-resisted|p1a: Clefable\n|-damage|p1a: Clefable|99\/100\n|-activate|p1a: Clefable|confusion\n|move|p1a: Clefable|Metronome|p1a: Clefable\n|move|p1a: Clefable|Taunt|p2a: SnomySnomNom|[from]move: Metronome\n|-start|p2a: SnomySnomNom|move: Taunt\n|\n|-heal|p1a: Clefable|100\/100|[from] item: Leftovers\n|upkeep\n|turn|27\n|\n|t:|1699910284\n|move|p2a: SnomySnomNom|Lunge|p1a: Clefable|[miss]\n|-miss|p2a: SnomySnomNom|p1a: Clefable\n|-end|p1a: Clefable|confusion\n|move|p1a: Clefable|Metronome|p1a: Clefable\n|move|p1a: Clefable|Cross Poison|p2a: SnomySnomNom|[from]move: Metronome\n|-damage|p2a: SnomySnomNom|10\/100\n|\n|upkeep\n|turn|28\n|\n|t:|1699910292\n|move|p2a: SnomySnomNom|Icicle Spear|p1a: Clefable\n|-damage|p1a: Clefable|99\/100\n|-damage|p1a: Clefable|98\/100\n|-hitcount|p1a: Clefable|2\n|move|p1a: Clefable|Metronome|p1a: Clefable\n|move|p1a: Clefable|Poison Fang|p2a: SnomySnomNom|[from]move: Metronome\n|-damage|p2a: SnomySnomNom|0 fnt\n|faint|p2a: SnomySnomNom\n|\n|-heal|p1a: Clefable|100\/100|[from] item: Leftovers\n|upkeep\n|\n|t:|1699910301\n|switch|p2a: NomNom|Snom, F|100\/100\n|turn|29\n|\n|t:|1699910309\n|-terastallize|p2a: NomNom|Fire\n|move|p2a: NomNom|Facade|p1a: Clefable\n|-damage|p1a: Clefable|98\/100\n|move|p1a: Clefable|Metronome|p1a: Clefable\n|move|p1a: Clefable|Recover|p1a: Clefable|[from]move: Metronome\n|-heal|p1a: Clefable|100\/100\n|\n|upkeep\n|turn|30\n|\n|t:|1699910321\n|move|p2a: NomNom|Lunge|p1a: Clefable\n|-resisted|p1a: Clefable\n|-damage|p1a: Clefable|98\/100\n|-unboost|p1a: Clefable|atk|1\n|move|p1a: Clefable|Metronome|p1a: Clefable\n|move|p1a: Clefable|Low Kick|p2a: NomNom|[from]move: Metronome\n|-damage|p2a: NomNom|91\/100\n|\n|-heal|p2a: NomNom|97\/100|[from] item: Leftovers\n|-heal|p1a: Clefable|100\/100|[from] item: Leftovers\n|upkeep\n|turn|31\n|\n|t:|1699910333\n|move|p2a: NomNom|Lunge|p1a: Clefable|[miss]\n|-miss|p2a: NomNom|p1a: Clefable\n|move|p1a: Clefable|Baton Pass|p1a: Clefable\n|\n|t:|1699910342\n|switch|p1a: Clefable|Clefable, F|100\/100|[from] Baton Pass\n|\n|-heal|p2a: NomNom|100\/100|[from] item: Leftovers\n|upkeep\n|turn|32\n|\n|t:|1699910347\n|move|p2a: NomNom|Lunge|p1a: Clefable|[miss]\n|-miss|p2a: NomNom|p1a: Clefable\n|move|p1a: Clefable|Metronome|p1a: Clefable\n|move|p1a: Clefable|Explosion|p2a: NomNom|[from]move: Metronome\n|-damage|p2a: NomNom|0 fnt\n|faint|p1a: Clefable\n|faint|p2a: NomNom\n|\n|win|Legit Trolling\n|raw|Legit Trolling's rating: 1126 &rarr; <strong>1147<\/strong><br \/>(+21 for winning)\n|raw|Liz16's rating: 1068 &rarr; <strong>1051<\/strong><br \/>(-17 for losing)\n","uploadtime":1699910356,"views":7,"p1id":"legittrolling","p2id":"liz16","formatid":"gen9anythinggoes","rating":1051,"private":0,"password":""}