{"id":"gen9anythinggoes-1999073753","p1":"Evo sucks tbh","p2":"Skyiewxz","format":"[Gen 9] Anything Goes","log":"|j|\u2606Evo sucks tbh\n|j|\u2606Skyiewxz\n|t:|1701030341\n|gametype|singles\n|player|p1|Evo sucks tbh|101|\n|player|p2|Skyiewxz|korrina|\n|teamsize|p1|6\n|teamsize|p2|6\n|gen|9\n|tier|[Gen 9] Anything Goes\n|rule|HP Percentage Mod: HP is shown in percentages\n|rule|Endless Battle Clause: Forcing endless battles is banned\n|clearpoke\n|poke|p1|Great Tusk|\n|poke|p1|Calyrex-Shadow|\n|poke|p1|Ditto|\n|poke|p1|Ting-Lu|\n|poke|p1|Koraidon|\n|poke|p1|Dondozo, M|\n|poke|p2|Calyrex-Shadow|\n|poke|p2|Miraidon|\n|poke|p2|Eternatus|\n|poke|p2|Ting-Lu|\n|poke|p2|Arceus-Fairy|\n|poke|p2|Landorus-Therian, M|\n|teampreview\n|c|\u2606Skyiewxz|have fun\n|n|\u2606Evo sucks tbh|evosuckstbh\n|inactive|Battle timer is ON: inactive players will automatically lose when time's up. (requested by Skyiewxz)\n|c|\u2606Evo sucks tbh|U2\n|j| andrevc\n|\n|t:|1701030403\n|start\n|switch|p1a: PeakComedy|Koraidon|100\/100\n|switch|p2a: Landorus|Landorus-Therian, M|100\/100\n|-weather|SunnyDay|[from] ability: Orichalcum Pulse|[of] p1a: PeakComedy\n|-activate|p1a: PeakComedy|Orichalcum Pulse|[source]\n|-ability|p2a: Landorus|Intimidate|boost\n|-unboost|p1a: PeakComedy|atk|1\n|turn|1\n|\n|t:|1701030409\n|move|p1a: PeakComedy|Taunt|p2a: Landorus\n|-start|p2a: Landorus|move: Taunt\n|move|p2a: Landorus|U-turn|p1a: PeakComedy\n|-resisted|p1a: PeakComedy\n|-damage|p1a: PeakComedy|90\/100\n|\n|t:|1701030413\n|switch|p2a: this clown|Calyrex-Shadow|100\/100|[from] U-turn\n|-ability|p2a: this clown|As One\n|-ability|p2a: this clown|Unnerve\n|\n|-weather|SunnyDay|[upkeep]\n|upkeep\n|turn|2\n|c|\u2606Evo sucks tbh|Tera\n|\n|t:|1701030428\n|switch|p1a: PALHAXOTA|Ting-Lu|100\/100\n|-ability|p1a: PALHAXOTA|Vessel of Ruin\n|move|p2a: this clown|Grass Knot|p1a: PALHAXOTA\n|-supereffective|p1a: PALHAXOTA\n|-damage|p1a: PALHAXOTA|58\/100\n|\n|-weather|SunnyDay|[upkeep]\n|-heal|p1a: PALHAXOTA|64\/100|[from] item: Leftovers\n|upkeep\n|turn|3\n|\n|t:|1701030449\n|switch|p1a: PeakComedy|Koraidon|90\/100\n|-activate|p1a: PeakComedy|ability: Orichalcum Pulse\n|move|p2a: this clown|Nasty Plot|p2a: this clown\n|-boost|p2a: this clown|spa|2\n|\n|-weather|SunnyDay|[upkeep]\n|upkeep\n|turn|4\n|c|\u2606Skyiewxz|oiiiiii\n|inactive|Evo sucks tbh has 270 seconds left.\n|\n|t:|1701030469\n|switch|p1a: PALHAXOTA|Ting-Lu|64\/100\n|-ability|p1a: PALHAXOTA|Vessel of Ruin\n|move|p2a: this clown|Astral Barrage|p1a: PALHAXOTA\n|-resisted|p1a: PALHAXOTA\n|-damage|p1a: PALHAXOTA|31\/100\n|\n|-weather|SunnyDay|[upkeep]\n|-heal|p1a: PALHAXOTA|37\/100|[from] item: Leftovers\n|upkeep\n|turn|5\n|\n|t:|1701030478\n|move|p2a: this clown|Grass Knot|p1a: PALHAXOTA\n|-supereffective|p1a: PALHAXOTA\n|-damage|p1a: PALHAXOTA|0 fnt\n|faint|p1a: PALHAXOTA\n|-ability|p2a: this clown|Grim Neigh|boost\n|-boost|p2a: this clown|spa|1\n|\n|-weather|none\n|upkeep\n|\n|t:|1701030483\n|switch|p1a: Daniel UI|Ditto, shiny|100\/100\n|-transform|p1a: Daniel UI|p2a: this clown|[from] ability: Imposter\n|turn|6\n|\n|t:|1701030503\n|switch|p2a: Ting-Lu|Ting-Lu|100\/100\n|-ability|p2a: Ting-Lu|Vessel of Ruin\n|move|p1a: Daniel UI|Astral Barrage|p2a: Ting-Lu\n|-resisted|p2a: Ting-Lu\n|-damage|p2a: Ting-Lu|61\/100\n|\n|-heal|p2a: Ting-Lu|68\/100|[from] item: Leftovers\n|upkeep\n|turn|7\n|\n|t:|1701030521\n|-terastallize|p1a: Daniel UI|Normal\n|move|p1a: Daniel UI|Astral Barrage|p2a: Ting-Lu\n|-resisted|p2a: Ting-Lu\n|-damage|p2a: Ting-Lu|31\/100\n|move|p2a: Ting-Lu|Whirlwind|p1a: Daniel UI\n|drag|p1a: PEAKism|Calyrex-Shadow|100\/100\n|-ability|p1a: PEAKism|As One\n|-ability|p1a: PEAKism|Unnerve\n|\n|-heal|p2a: Ting-Lu|37\/100|[from] item: Leftovers\n|upkeep\n|turn|8\n|inactive|Evo sucks tbh has 270 seconds left.\n|\n|t:|1701030543\n|move|p1a: PEAKism|Trick|p2a: Ting-Lu\n|-activate|p1a: PEAKism|move: Trick|[of] p2a: Ting-Lu\n|-item|p2a: Ting-Lu|Choice Scarf|[from] move: Trick\n|-item|p1a: PEAKism|Leftovers|[from] move: Trick\n|move|p2a: Ting-Lu|Earthquake|p1a: PEAKism\n|-damage|p1a: PEAKism|54\/100\n|\n|-heal|p1a: PEAKism|60\/100|[from] item: Leftovers\n|upkeep\n|turn|9\n|\n|t:|1701030550\n|switch|p1a: ENEAS|Dondozo, M|100\/100\n|move|p2a: Ting-Lu|Earthquake|p1a: ENEAS\n|-damage|p1a: ENEAS|83\/100\n|\n|-heal|p1a: ENEAS|89\/100|[from] item: Leftovers\n|upkeep\n|turn|10\n|\n|t:|1701030554\n|switch|p2a: Miraidon|Miraidon|100\/100\n|-fieldstart|move: Electric Terrain|[from] ability: Hadron Engine|[of] p2a: Miraidon\n|switch|p1a: Many|Great Tusk|100\/100\n|-enditem|p1a: Many|Booster Energy\n|-activate|p1a: Many|ability: Protosynthesis|[fromitem]\n|-start|p1a: Many|protosynthesisspe\n|\n|upkeep\n|turn|11\n|\n|t:|1701030565\n|switch|p2a: Arceus|Arceus-Fairy|100\/100\n|move|p1a: Many|Stealth Rock|p2a: Arceus\n|-sidestart|p2: Skyiewxz|move: Stealth Rock\n|\n|upkeep\n|turn|12\n|\n|t:|1701030568\n|move|p1a: Many|Taunt|p2a: Arceus\n|-start|p2a: Arceus|move: Taunt\n|cant|p2a: Arceus|move: Taunt|Calm Mind\n|\n|upkeep\n|turn|13\n|\n|t:|1701030575\n|move|p1a: Many|Headlong Rush|p2a: Arceus\n|-damage|p2a: Arceus|70\/100\n|-unboost|p1a: Many|def|1\n|-unboost|p1a: Many|spd|1\n|move|p2a: Arceus|Judgment|p1a: Many\n|-supereffective|p1a: Many\n|-damage|p1a: Many|0 fnt\n|faint|p1a: Many\n|-end|p1a: Many|Protosynthesis|[silent]\n|\n|upkeep\n|c|\u2606Skyiewxz|pega leve mano\n|\n|t:|1701030589\n|switch|p1a: PeakComedy|Koraidon|90\/100\n|-weather|SunnyDay|[from] ability: Orichalcum Pulse|[of] p1a: PeakComedy\n|-activate|p1a: PeakComedy|Orichalcum Pulse|[source]\n|turn|14\n|\n|t:|1701030609\n|move|p1a: PeakComedy|Outrage|p2a: Arceus\n|-immune|p2a: Arceus\n|move|p2a: Arceus|Judgment|p1a: PeakComedy\n|-supereffective|p1a: PeakComedy\n|-damage|p1a: PeakComedy|0 fnt\n|faint|p1a: PeakComedy\n|\n|-weather|SunnyDay|[upkeep]\n|-end|p2a: Arceus|move: Taunt\n|-fieldend|move: Electric Terrain\n|upkeep\n|c| andrevc|'-'\n|c|\u2606Evo sucks tbh|\ud83d\ude2d\n|c|\u2606Skyiewxz|'-'\n|\n|t:|1701030626\n|switch|p1a: PEAKism|Calyrex-Shadow|60\/100\n|-ability|p1a: PEAKism|As One\n|-ability|p1a: PEAKism|Unnerve\n|turn|15\n|\n|t:|1701030638\n|move|p1a: PEAKism|Nasty Plot|p1a: PEAKism\n|-boost|p1a: PEAKism|spa|2\n|move|p2a: Arceus|Judgment|p1a: PEAKism\n|-damage|p1a: PEAKism|11\/100\n|\n|-weather|SunnyDay|[upkeep]\n|-heal|p1a: PEAKism|17\/100|[from] item: Leftovers\n|upkeep\n|turn|16\n|c|\u2606Skyiewxz|ainda perco isso\n|\n|t:|1701030649\n|move|p1a: PEAKism|Astral Barrage|p2a: Arceus\n|-crit|p2a: Arceus\n|-damage|p2a: Arceus|0 fnt\n|faint|p2a: Arceus\n|-ability|p1a: PEAKism|Grim Neigh|boost\n|-boost|p1a: PEAKism|spa|1\n|\n|-weather|SunnyDay|[upkeep]\n|-heal|p1a: PEAKism|23\/100|[from] item: Leftovers\n|upkeep\n|\n|t:|1701030660\n|switch|p2a: this clown|Calyrex-Shadow|100\/100\n|-ability|p2a: this clown|As One\n|-ability|p2a: this clown|Unnerve\n|turn|17\n|c|\u2606Skyiewxz|qm ganhar a speed tye vence\n|c|\u2606Skyiewxz|\u00e9 isso\n|c|\u2606Skyiewxz|faz sua aposta andrevc\n|inactive|Skyiewxz has 270 seconds left.\n|c| andrevc|eu aposto nos dois perderem a tie\n|\n|t:|1701030694\n|move|p2a: this clown|Astral Barrage|p1a: PEAKism\n|-supereffective|p1a: PEAKism\n|-damage|p1a: PEAKism|0 fnt\n|faint|p1a: PEAKism\n|-ability|p2a: this clown|Grim Neigh|boost\n|-boost|p2a: this clown|spa|1\n|\n|-weather|SunnyDay|[upkeep]\n|upkeep\n|c| andrevc|kkkkkkkkkkkkkkkkkkkkkkkk\n|\n|t:|1701030701\n|switch|p1a: Daniel UI|Ditto, shiny, tera:Normal|100\/100\n|-transform|p1a: Daniel UI|p2a: this clown|[from] ability: Imposter\n|turn|18\n|c|\u2606Skyiewxz|ditto ainda ganha de mim\n|c|\u2606Skyiewxz|entao fodase\n|inactive|Skyiewxz has 270 seconds left.\n|\n|t:|1701030721\n|move|p1a: Daniel UI|Astral Barrage|p2a: this clown\n|-supereffective|p2a: this clown\n|-damage|p2a: this clown|0 fnt\n|faint|p2a: this clown\n|-ability|p1a: Daniel UI|Grim Neigh|boost\n|-boost|p1a: Daniel UI|spa|1\n|\n|-weather|none\n|upkeep\n|\n|t:|1701030727\n|switch|p2a: Ting-Lu|Ting-Lu|37\/100\n|-damage|p2a: Ting-Lu|31\/100|[from] Stealth Rock\n|-ability|p2a: Ting-Lu|Vessel of Ruin\n|turn|19\n|\n|t:|1701030735\n|move|p1a: Daniel UI|Astral Barrage|p2a: Ting-Lu\n|-resisted|p2a: Ting-Lu\n|-damage|p2a: Ting-Lu|2\/100\n|move|p2a: Ting-Lu|Whirlwind|p1a: Daniel UI\n|drag|p1a: ENEAS|Dondozo, M|89\/100\n|\n|-heal|p1a: ENEAS|95\/100|[from] item: Leftovers\n|upkeep\n|turn|20\n|inactive|Skyiewxz has 270 seconds left.\n|\n|t:|1701030742\n|switch|p2a: Eternatus|Eternatus|100\/100\n|-ability|p2a: Eternatus|Pressure\n|move|p1a: ENEAS|Liquidation|p2a: Eternatus\n|-resisted|p2a: Eternatus\n|-damage|p2a: Eternatus|88\/100\n|\n|-heal|p1a: ENEAS|100\/100|[from] item: Leftovers\n|upkeep\n|turn|21\n|c|\u2606Evo sucks tbh|Andre\n|c| andrevc|oi\n|c|\u2606Evo sucks tbh|Eu mostro pra ele?\n|c| andrevc|iiiii\n|c| andrevc|mostrar oq\n|c|\u2606Evo sucks tbh|De primeira\n|c|\u2606Evo sucks tbh|Aquilo l\u00e1\n|c| andrevc|vai\n|c| andrevc|mostre\n|c| andrevc|lembrei\n|\n|t:|1701030765\n|move|p2a: Eternatus|Toxic|p1a: ENEAS\n|-status|p1a: ENEAS|tox\n|move|p1a: ENEAS|Fissure|p2a: Eternatus|[miss]\n|-miss|p1a: ENEAS|p2a: Eternatus\n|\n|-damage|p1a: ENEAS|94\/100 tox|[from] psn\n|upkeep\n|turn|22\n|c| andrevc|kkkkkkkkkkkkkkkkkkkk\n|c|\u2606Skyiewxz|pqp\n|c|\u2606Evo sucks tbh|De segunda\n|inactive|Skyiewxz has 270 seconds left.\n|c|\u2606Skyiewxz|eu me rendo\n|\n|t:|1701030796\n|switch|p2a: Ting-Lu|Ting-Lu|2\/100\n|-damage|p2a: Ting-Lu|0 fnt|[from] Stealth Rock\n|faint|p2a: Ting-Lu\n|move|p1a: ENEAS|Fissure|p2: Ting-Lu|[notarget]\n|-fail|p1a: ENEAS\n|\n|-heal|p1a: ENEAS|100\/100 tox|[from] item: Leftovers\n|-damage|p1a: ENEAS|88\/100 tox|[from] psn\n|upkeep\n|\n|t:|1701030800\n|switch|p2a: Miraidon|Miraidon|100\/100\n|-damage|p2a: Miraidon|88\/100|[from] Stealth Rock\n|-fieldstart|move: Electric Terrain|[from] ability: Hadron Engine|[of] p2a: Miraidon\n|turn|23\n|\n|t:|1701030803\n|move|p2a: Miraidon|Electro Drift|p1a: ENEAS\n|-supereffective|p1a: ENEAS\n|-damage|p1a: ENEAS|0 fnt\n|faint|p1a: ENEAS\n|-damage|p2a: Miraidon|78\/100|[from] item: Life Orb\n|\n|upkeep\n|\n|t:|1701030804\n|switch|p1a: Daniel UI|Ditto, shiny, tera:Normal|100\/100\n|-transform|p1a: Daniel UI|p2a: Miraidon|[from] ability: Imposter\n|-activate|p1a: Daniel UI|ability: Hadron Engine\n|turn|24\n|\n|t:|1701030810\n|move|p1a: Daniel UI|Draco Meteor|p2a: Miraidon\n|-supereffective|p2a: Miraidon\n|-damage|p2a: Miraidon|0 fnt\n|-unboost|p1a: Daniel UI|spa|2\n|faint|p2a: Miraidon\n|\n|upkeep\n|\n|t:|1701030814\n|switch|p2a: Eternatus|Eternatus|88\/100\n|-ability|p2a: Eternatus|Pressure\n|turn|25\n|\n|t:|1701030816\n|-terastallize|p2a: Eternatus|Fairy\n|move|p1a: Daniel UI|Draco Meteor|p2a: Eternatus\n|-immune|p2a: Eternatus\n|move|p2a: Eternatus|Dynamax Cannon|p1a: Daniel UI\n|-damage|p1a: Daniel UI|50\/100\n|\n|upkeep\n|turn|26\n|-message|Evo sucks tbh forfeited.\n|\n|win|Skyiewxz\n|l|\u2606Evo sucks tbh\n","uploadtime":1701030823,"views":23,"p1id":"evosuckstbh","p2id":"skyiewxz","formatid":"gen9anythinggoes","rating":0,"private":0,"password":""}