{"id":"gen9anythinggoes-1983085053","p1":"Cooperthefurry","p2":"gaming rn!","format":"[Gen 9] Anything Goes","log":"|j|\u2606Cooperthefurry\n|j|\u2606gaming rn!\n|t:|1699082499\n|gametype|singles\n|player|p1|Cooperthefurry|clerkf|1198\n|player|p2|gaming rn!|brendan|1349\n|teamsize|p1|6\n|teamsize|p2|6\n|gen|9\n|tier|[Gen 9] Anything Goes\n|rated|\n|rule|HP Percentage Mod: HP is shown in percentages\n|rule|Endless Battle Clause: Forcing endless battles is banned\n|clearpoke\n|poke|p1|Arceus|\n|poke|p1|Basculegion, M|\n|poke|p1|Vivillon-Fancy, M|\n|poke|p1|Zoroark, F|\n|poke|p1|Gothitelle, F|\n|poke|p1|Glimmora, M|\n|poke|p2|Espathra, M|\n|poke|p2|Hatterene, F|\n|poke|p2|Drifblim, F|\n|poke|p2|Vaporeon, F|\n|poke|p2|Venomoth, F|\n|poke|p2|Magearna|\n|teampreview\n|\n|t:|1699082527\n|start\n|switch|p1a: Gus fring|Vivillon-Fancy, M, shiny|100\/100\n|switch|p2a: Espathra|Espathra, M|100\/100\n|turn|1\n|\n|t:|1699082536\n|move|p2a: Espathra|Calm Mind|p2a: Espathra\n|-boost|p2a: Espathra|spa|1\n|-boost|p2a: Espathra|spd|1\n|move|p1a: Gus fring|Sleep Powder|p2a: Espathra\n|-status|p2a: Espathra|slp|[from] move: Sleep Powder\n|\n|-ability|p2a: Espathra|Speed Boost|boost\n|-boost|p2a: Espathra|spe|1\n|upkeep\n|turn|2\n|\n|t:|1699082548\n|cant|p2a: Espathra|slp\n|move|p1a: Gus fring|Substitute|p1a: Gus fring\n|-start|p1a: Gus fring|Substitute\n|-damage|p1a: Gus fring|76\/100\n|\n|-heal|p1a: Gus fring|82\/100|[from] item: Leftovers\n|-ability|p2a: Espathra|Speed Boost|boost\n|-boost|p2a: Espathra|spe|1\n|upkeep\n|turn|3\n|\n|t:|1699082557\n|-curestatus|p2a: Espathra|slp|[msg]\n|move|p2a: Espathra|Calm Mind|p2a: Espathra\n|-boost|p2a: Espathra|spa|1\n|-boost|p2a: Espathra|spd|1\n|move|p1a: Gus fring|Quiver Dance|p1a: Gus fring\n|-boost|p1a: Gus fring|spa|1\n|-boost|p1a: Gus fring|spd|1\n|-boost|p1a: Gus fring|spe|1\n|\n|-heal|p1a: Gus fring|88\/100|[from] item: Leftovers\n|-ability|p2a: Espathra|Speed Boost|boost\n|-boost|p2a: Espathra|spe|1\n|upkeep\n|turn|4\n|\n|t:|1699082568\n|move|p2a: Espathra|Substitute|p2a: Espathra\n|-start|p2a: Espathra|Substitute\n|-damage|p2a: Espathra|76\/100\n|move|p1a: Gus fring|Sleep Powder|p2a: Espathra|[miss]\n|-miss|p1a: Gus fring|p2a: Espathra\n|\n|-heal|p1a: Gus fring|94\/100|[from] item: Leftovers\n|-ability|p2a: Espathra|Speed Boost|boost\n|-boost|p2a: Espathra|spe|1\n|upkeep\n|turn|5\n|\n|t:|1699082577\n|move|p2a: Espathra|Calm Mind|p2a: Espathra\n|-boost|p2a: Espathra|spa|1\n|-boost|p2a: Espathra|spd|1\n|move|p1a: Gus fring|Hurricane|p2a: Espathra\n|-end|p2a: Espathra|Substitute\n|\n|-heal|p1a: Gus fring|99\/100|[from] item: Leftovers\n|-ability|p2a: Espathra|Speed Boost|boost\n|-boost|p2a: Espathra|spe|1\n|upkeep\n|turn|6\n|\n|t:|1699082597\n|move|p2a: Espathra|Substitute|p2a: Espathra\n|-start|p2a: Espathra|Substitute\n|-damage|p2a: Espathra|51\/100\n|move|p1a: Gus fring|Sleep Powder|p2a: Espathra|[miss]\n|-miss|p1a: Gus fring|p2a: Espathra\n|\n|-heal|p1a: Gus fring|100\/100|[from] item: Leftovers\n|-ability|p2a: Espathra|Speed Boost|boost\n|-boost|p2a: Espathra|spe|1\n|upkeep\n|turn|7\n|\n|t:|1699082605\n|move|p2a: Espathra|Calm Mind|p2a: Espathra\n|-boost|p2a: Espathra|spa|1\n|-boost|p2a: Espathra|spd|1\n|move|p1a: Gus fring|Hurricane|p2a: Espathra\n|-end|p2a: Espathra|Substitute\n|\n|upkeep\n|turn|8\n|\n|t:|1699082615\n|move|p2a: Espathra|Substitute|p2a: Espathra\n|-start|p2a: Espathra|Substitute\n|-damage|p2a: Espathra|26\/100\n|-enditem|p2a: Espathra|Sitrus Berry|[eat]\n|-heal|p2a: Espathra|51\/100|[from] item: Sitrus Berry\n|move|p1a: Gus fring|Quiver Dance|p1a: Gus fring\n|-boost|p1a: Gus fring|spa|1\n|-boost|p1a: Gus fring|spd|1\n|-boost|p1a: Gus fring|spe|1\n|\n|upkeep\n|turn|9\n|\n|t:|1699082625\n|move|p2a: Espathra|Calm Mind|p2a: Espathra\n|-boost|p2a: Espathra|spa|1\n|-boost|p2a: Espathra|spd|1\n|move|p1a: Gus fring|Hurricane|p2a: Espathra|[miss]\n|-miss|p1a: Gus fring|p2a: Espathra\n|\n|upkeep\n|turn|10\n|\n|t:|1699082631\n|move|p2a: Espathra|Calm Mind|p2a: Espathra\n|-boost|p2a: Espathra|spa|1\n|-boost|p2a: Espathra|spd|1\n|move|p1a: Gus fring|Hurricane|p2a: Espathra\n|-end|p2a: Espathra|Substitute\n|\n|upkeep\n|turn|11\n|\n|t:|1699082648\n|move|p2a: Espathra|Substitute|p2a: Espathra\n|-start|p2a: Espathra|Substitute\n|-damage|p2a: Espathra|26\/100\n|move|p1a: Gus fring|Hurricane|p2a: Espathra\n|-end|p2a: Espathra|Substitute\n|\n|upkeep\n|turn|12\n|\n|t:|1699082654\n|move|p2a: Espathra|Substitute|p2a: Espathra\n|-start|p2a: Espathra|Substitute\n|-damage|p2a: Espathra|1\/100\n|move|p1a: Gus fring|Hurricane|p2a: Espathra|[miss]\n|-miss|p1a: Gus fring|p2a: Espathra\n|\n|upkeep\n|turn|13\n|\n|t:|1699082662\n|move|p2a: Espathra|Baton Pass|p2a: Espathra\n|inactive|Battle timer is ON: inactive players will automatically lose when time's up. (requested by Cooperthefurry)\n|inactive|gaming rn! has 120 seconds left.\n|\n|t:|1699082735\n|switch|p2a: Vaporeon|Vaporeon, F|100\/100|[from] Baton Pass\n|move|p1a: Gus fring|Hurricane|p2a: Vaporeon|[miss]\n|-miss|p1a: Gus fring|p2a: Vaporeon\n|\n|upkeep\n|turn|14\n|\n|t:|1699082746\n|move|p2a: Vaporeon|Acid Armor|p2a: Vaporeon\n|-boost|p2a: Vaporeon|def|2\n|move|p1a: Gus fring|Hurricane|p2a: Vaporeon\n|-activate|p2a: Vaporeon|move: Substitute|[damage]\n|\n|upkeep\n|turn|15\n|\n|t:|1699082752\n|move|p2a: Vaporeon|Acid Armor|p2a: Vaporeon\n|-boost|p2a: Vaporeon|def|2\n|move|p1a: Gus fring|Hurricane|p2a: Vaporeon\n|-end|p2a: Vaporeon|Substitute\n|\n|upkeep\n|turn|16\n|\n|t:|1699082761\n|move|p2a: Vaporeon|Substitute|p2a: Vaporeon\n|-start|p2a: Vaporeon|Substitute\n|-damage|p2a: Vaporeon|75\/100\n|move|p1a: Gus fring|Quiver Dance|p1a: Gus fring\n|-boost|p1a: Gus fring|spa|1\n|-boost|p1a: Gus fring|spd|1\n|-boost|p1a: Gus fring|spe|1\n|\n|-heal|p2a: Vaporeon|82\/100|[from] item: Leftovers\n|upkeep\n|turn|17\n|\n|t:|1699082769\n|move|p1a: Gus fring|Hurricane|p2a: Vaporeon\n|-activate|p2a: Vaporeon|move: Substitute|[damage]\n|move|p2a: Vaporeon|Acid Armor|p2a: Vaporeon\n|-boost|p2a: Vaporeon|def|2\n|\n|-heal|p2a: Vaporeon|88\/100|[from] item: Leftovers\n|upkeep\n|turn|18\n|\n|t:|1699082776\n|move|p1a: Gus fring|Hurricane|p2a: Vaporeon\n|-end|p2a: Vaporeon|Substitute\n|move|p2a: Vaporeon|Aqua Ring|p2a: Vaporeon\n|-start|p2a: Vaporeon|Aqua Ring\n|\n|-heal|p2a: Vaporeon|94\/100|[from] item: Leftovers\n|-heal|p2a: Vaporeon|100\/100|[from] Aqua Ring\n|upkeep\n|turn|19\n|\n|t:|1699082785\n|move|p1a: Gus fring|Quiver Dance|p1a: Gus fring\n|-boost|p1a: Gus fring|spa|1\n|-boost|p1a: Gus fring|spd|1\n|-boost|p1a: Gus fring|spe|1\n|move|p2a: Vaporeon|Substitute|p2a: Vaporeon\n|-start|p2a: Vaporeon|Substitute\n|-damage|p2a: Vaporeon|75\/100\n|\n|-heal|p2a: Vaporeon|82\/100|[from] item: Leftovers\n|-heal|p2a: Vaporeon|88\/100|[from] Aqua Ring\n|upkeep\n|turn|20\n|\n|t:|1699082800\n|move|p1a: Gus fring|Hurricane|p2a: Vaporeon|[miss]\n|-miss|p1a: Gus fring|p2a: Vaporeon\n|move|p2a: Vaporeon|Baton Pass|p2a: Vaporeon\n|\n|t:|1699082806\n|switch|p2a: Drifblim|Drifblim, F|100\/100|[from] Baton Pass\n|\n|upkeep\n|turn|21\n|\n|t:|1699082810\n|move|p2a: Drifblim|Minimize|p2a: Drifblim\n|-boost|p2a: Drifblim|evasion|2\n|move|p1a: Gus fring|Hurricane|p2a: Drifblim|[miss]\n|-miss|p1a: Gus fring|p2a: Drifblim\n|\n|upkeep\n|turn|22\n|\n|t:|1699082817\n|move|p2a: Drifblim|Minimize|p2a: Drifblim\n|-boost|p2a: Drifblim|evasion|2\n|move|p1a: Gus fring|Hurricane|p2a: Drifblim\n|-end|p2a: Drifblim|Substitute\n|\n|upkeep\n|turn|23\n|\n|t:|1699082824\n|move|p2a: Drifblim|Minimize|p2a: Drifblim\n|-boost|p2a: Drifblim|evasion|2\n|move|p1a: Gus fring|Hurricane|p2a: Drifblim|[miss]\n|-miss|p1a: Gus fring|p2a: Drifblim\n|\n|upkeep\n|turn|24\n|\n|t:|1699082830\n|move|p2a: Drifblim|Substitute|p2a: Drifblim\n|-start|p2a: Drifblim|Substitute\n|-damage|p2a: Drifblim|75\/100\n|move|p1a: Gus fring|Hurricane|p2a: Drifblim\n|-end|p2a: Drifblim|Substitute\n|\n|-heal|p2a: Drifblim|82\/100|[from] Aqua Ring\n|upkeep\n|turn|25\n|\n|t:|1699082841\n|move|p2a: Drifblim|Substitute|p2a: Drifblim\n|-start|p2a: Drifblim|Substitute\n|-damage|p2a: Drifblim|57\/100\n|move|p1a: Gus fring|Sleep Powder||[still]\n|-fail|p1a: Gus fring\n|\n|-heal|p2a: Drifblim|63\/100|[from] Aqua Ring\n|upkeep\n|turn|26\n|inactive|gaming rn! has 120 seconds left.\n|\n|t:|1699082892\n|switch|p1a: shiny|Arceus, shiny|100\/100\n|move|p2a: Drifblim|Baton Pass|p2a: Drifblim\n|inactive|gaming rn! has 90 seconds left.\n|\n|t:|1699082925\n|switch|p2a: Venomoth|Venomoth, F, shiny|100\/100|[from] Baton Pass\n|\n|upkeep\n|turn|27\n|\n|t:|1699082930\n|move|p2a: Venomoth|Sleep Powder|p1a: shiny\n|-status|p1a: shiny|slp|[from] move: Sleep Powder\n|cant|p1a: shiny|slp\n|\n|upkeep\n|turn|28\n|inactive|gaming rn! has 90 seconds left.\n|\n|t:|1699082954\n|move|p2a: Venomoth|Baton Pass|p2a: Venomoth\n|\n|t:|1699082966\n|switch|p2a: Magearna|Magearna|100\/100|[from] Baton Pass\n|cant|p1a: shiny|slp\n|\n|upkeep\n|turn|29\n|\n|t:|1699082971\n|move|p2a: Magearna|Stored Power|p1a: shiny\n|-enditem|p1a: shiny|Focus Sash\n|-damage|p1a: shiny|1\/100 slp\n|-curestatus|p1a: shiny|slp|[msg]\n|move|p1a: shiny|Perish Song|p1a: shiny\n|-start|p1a: shiny|perish3|[silent]\n|-start|p2a: Magearna|perish3|[silent]\n|-fieldactivate|move: Perish Song\n|\n|-start|p2a: Magearna|perish3\n|-start|p1a: shiny|perish3\n|upkeep\n|turn|30\n|\n|t:|1699082981\n|switch|p1a: emo|Gothitelle, F, shiny|100\/100\n|move|p2a: Magearna|Draining Kiss|p1a: emo\n|-damage|p1a: emo|7\/100\n|\n|-start|p2a: Magearna|perish2\n|upkeep\n|turn|31\n|\n|t:|1699082990\n|move|p1a: emo|Protect|p1a: emo\n|-singleturn|p1a: emo|Protect\n|move|p2a: Magearna|Stored Power|p1a: emo\n|-activate|p1a: emo|move: Protect\n|\n|-start|p2a: Magearna|perish1\n|upkeep\n|turn|32\n|\n|t:|1699083001\n|move|p1a: emo|Protect|p1a: emo\n|-singleturn|p1a: emo|Protect\n|move|p2a: Magearna|Stored Power|p1a: emo\n|-activate|p1a: emo|move: Protect\n|\n|-start|p2a: Magearna|perish0\n|faint|p2a: Magearna\n|upkeep\n|\n|t:|1699083010\n|switch|p2a: Vaporeon|Vaporeon, F|88\/100\n|turn|33\n|\n|t:|1699083019\n|switch|p1a: Pikachew|Glimmora, M|100\/100\n|move|p2a: Vaporeon|Acid Armor|p2a: Vaporeon\n|-boost|p2a: Vaporeon|def|2\n|\n|-heal|p2a: Vaporeon|94\/100|[from] item: Leftovers\n|upkeep\n|turn|34\n|inactive|gaming rn! has 90 seconds left.\n|\n|t:|1699083052\n|move|p1a: Pikachew|Stealth Rock|p2a: Vaporeon\n|-sidestart|p2: gaming rn!|move: Stealth Rock\n|move|p2a: Vaporeon|Substitute|p2a: Vaporeon\n|-start|p2a: Vaporeon|Substitute\n|-damage|p2a: Vaporeon|69\/100\n|\n|-heal|p2a: Vaporeon|75\/100|[from] item: Leftovers\n|upkeep\n|turn|35\n|\n|t:|1699083060\n|move|p1a: Pikachew|Spikes|p2a: Vaporeon\n|-sidestart|p2: gaming rn!|Spikes\n|move|p2a: Vaporeon|Aqua Ring|p2a: Vaporeon\n|-start|p2a: Vaporeon|Aqua Ring\n|\n|-heal|p2a: Vaporeon|82\/100|[from] item: Leftovers\n|-heal|p2a: Vaporeon|88\/100|[from] Aqua Ring\n|upkeep\n|turn|36\n|\n|t:|1699083075\n|move|p1a: Pikachew|Spikes|p2a: Vaporeon\n|-sidestart|p2: gaming rn!|Spikes\n|move|p2a: Vaporeon|Acid Armor|p2a: Vaporeon\n|-boost|p2a: Vaporeon|def|2\n|\n|-heal|p2a: Vaporeon|94\/100|[from] item: Leftovers\n|-heal|p2a: Vaporeon|100\/100|[from] Aqua Ring\n|upkeep\n|turn|37\n|\n|t:|1699083099\n|switch|p1a: emo|Gothitelle, F, shiny|100\/100\n|move|p2a: Vaporeon|Acid Armor|p2a: Vaporeon\n|-boost|p2a: Vaporeon|def|2\n|\n|upkeep\n|turn|38\n|inactive|gaming rn! has 90 seconds left.\n|\n|t:|1699083115\n|move|p1a: emo|Calm Mind|p1a: emo\n|-boost|p1a: emo|spa|1\n|-boost|p1a: emo|spd|1\n|move|p2a: Vaporeon|Baton Pass|p2a: Vaporeon\n|\n|t:|1699083117\n|switch|p2a: Venomoth|Venomoth, F, shiny|100\/100|[from] Baton Pass\n|\n|upkeep\n|turn|39\n|\n|t:|1699083122\n|move|p1a: emo|Taunt|p2a: Venomoth\n|-start|p2a: Venomoth|move: Taunt\n|cant|p2a: Venomoth|move: Taunt|Sleep Powder\n|\n|upkeep\n|turn|40\n|-message|gaming rn! forfeited.\n|\n|win|Cooperthefurry\n|raw|Cooperthefurry's rating: 1198 &rarr; <strong>1233<\/strong><br \/>(+35 for winning)\n|raw|gaming rn!'s rating: 1349 &rarr; <strong>1321<\/strong><br \/>(-28 for losing)\n|l|\u2606gaming rn!\n","uploadtime":1699083132,"views":9,"p1id":"cooperthefurry","p2id":"gamingrn","formatid":"gen9anythinggoes","rating":1233,"private":0,"password":""}