{"id":"gen9anythinggoes-1996938379","p1":"rtyubvcx","p2":"Felixtwoyearsago","format":"[Gen 9] Anything Goes","log":"|j|\u2606rtyubvcx\n|j|\u2606Felixtwoyearsago\n|t:|1700747221\n|gametype|singles\n|player|p1|rtyubvcx|266|1040\n|player|p2|Felixtwoyearsago|firebreather|1075\n|teamsize|p1|6\n|teamsize|p2|6\n|gen|9\n|tier|[Gen 9] Anything Goes\n|rated|\n|rule|HP Percentage Mod: HP is shown in percentages\n|rule|Endless Battle Clause: Forcing endless battles is banned\n|clearpoke\n|poke|p1|Magearna|\n|poke|p1|Magearna|\n|poke|p1|Magearna|\n|poke|p1|Magearna|\n|poke|p1|Magearna|\n|poke|p1|Magearna|\n|poke|p2|Tyranitar, M|\n|poke|p2|Calyrex-Shadow|\n|poke|p2|Regieleki|\n|poke|p2|Espathra, F|\n|poke|p2|Ninetales-Alola, F|\n|poke|p2|Kingambit, F|\n|teampreview\n|inactive|Battle timer is ON: inactive players will automatically lose when time's up. (requested by rtyubvcx)\n|inactive|Felixtwoyearsago has 120 seconds left.\n|\n|t:|1700747262\n|start\n|switch|p1a: Magearna|Magearna|100\/100\n|switch|p2a: Tyranitar|Tyranitar, M|100\/100\n|-weather|Sandstorm|[from] ability: Sand Stream|[of] p2a: Tyranitar\n|turn|1\n|\n|t:|1700747270\n|-terastallize|p1a: Magearna|Fairy\n|move|p2a: Tyranitar|Dragon Dance|p2a: Tyranitar\n|-boost|p2a: Tyranitar|atk|1\n|-boost|p2a: Tyranitar|spe|1\n|move|p1a: Magearna|Calm Mind|p1a: Magearna\n|-boost|p1a: Magearna|spa|1\n|-boost|p1a: Magearna|spd|1\n|\n|-weather|Sandstorm|[upkeep]\n|-damage|p1a: Magearna|94\/100|[from] Sandstorm\n|upkeep\n|turn|2\n|\n|t:|1700747281\n|move|p2a: Tyranitar|Dragon Dance|p2a: Tyranitar\n|-boost|p2a: Tyranitar|atk|1\n|-boost|p2a: Tyranitar|spe|1\n|move|p1a: Magearna|Calm Mind|p1a: Magearna\n|-boost|p1a: Magearna|spa|1\n|-boost|p1a: Magearna|spd|1\n|\n|-weather|Sandstorm|[upkeep]\n|-damage|p1a: Magearna|88\/100|[from] Sandstorm\n|upkeep\n|turn|3\n|\n|t:|1700747285\n|move|p2a: Tyranitar|Dragon Dance|p2a: Tyranitar\n|-boost|p2a: Tyranitar|atk|1\n|-boost|p2a: Tyranitar|spe|1\n|move|p1a: Magearna|Calm Mind|p1a: Magearna\n|-boost|p1a: Magearna|spa|1\n|-boost|p1a: Magearna|spd|1\n|\n|-weather|Sandstorm|[upkeep]\n|-damage|p1a: Magearna|82\/100|[from] Sandstorm\n|upkeep\n|turn|4\n|\n|t:|1700747288\n|move|p2a: Tyranitar|Dragon Dance|p2a: Tyranitar\n|-boost|p2a: Tyranitar|atk|1\n|-boost|p2a: Tyranitar|spe|1\n|move|p1a: Magearna|Calm Mind|p1a: Magearna\n|-boost|p1a: Magearna|spa|1\n|-boost|p1a: Magearna|spd|1\n|\n|-weather|Sandstorm|[upkeep]\n|-damage|p1a: Magearna|76\/100|[from] Sandstorm\n|upkeep\n|turn|5\n|\n|t:|1700747290\n|move|p2a: Tyranitar|Dragon Dance|p2a: Tyranitar\n|-boost|p2a: Tyranitar|atk|1\n|-boost|p2a: Tyranitar|spe|1\n|move|p1a: Magearna|Calm Mind|p1a: Magearna\n|-boost|p1a: Magearna|spa|1\n|-boost|p1a: Magearna|spd|1\n|\n|-weather|none\n|upkeep\n|turn|6\n|\n|t:|1700747292\n|move|p2a: Tyranitar|Dragon Dance|p2a: Tyranitar\n|-boost|p2a: Tyranitar|atk|1\n|-boost|p2a: Tyranitar|spe|1\n|move|p1a: Magearna|Calm Mind|p1a: Magearna\n|-boost|p1a: Magearna|spa|1\n|-boost|p1a: Magearna|spd|1\n|\n|upkeep\n|turn|7\n|\n|t:|1700747295\n|-terastallize|p2a: Tyranitar|Rock\n|move|p2a: Tyranitar|Dark Pulse|p1a: Magearna\n|-resisted|p1a: Magearna\n|-damage|p1a: Magearna|73\/100\n|move|p1a: Magearna|Draining Kiss|p2a: Tyranitar\n|-damage|p2a: Tyranitar|0 fnt\n|-heal|p1a: Magearna|100\/100|[from] drain|[of] p2a: Tyranitar\n|faint|p2a: Tyranitar\n|\n|upkeep\n|l|\u2606Felixtwoyearsago\n|inactive|Felixtwoyearsago disconnected and has a minute to reconnect!\n|player|p2|\n|j|\u2606Felixtwoyearsago\n|inactive|Felixtwoyearsago reconnected and has 105 seconds left.\n|player|p2|Felixtwoyearsago|firebreather\n|inactive|Felixtwoyearsago has 90 seconds left.\n|\n|t:|1700747357\n|switch|p2a: Calyrex|Calyrex-Shadow|100\/100\n|-ability|p2a: Calyrex|As One\n|-ability|p2a: Calyrex|Unnerve\n|turn|8\n|\n|t:|1700747371\n|move|p2a: Calyrex|Agility|p2a: Calyrex\n|-boost|p2a: Calyrex|spe|2\n|move|p1a: Magearna|Draining Kiss|p2a: Calyrex\n|-enditem|p2a: Calyrex|Focus Sash\n|-damage|p2a: Calyrex|1\/100\n|\n|upkeep\n|turn|9\n|\n|t:|1700747379\n|move|p2a: Calyrex|Astral Barrage|p1a: Magearna\n|-damage|p1a: Magearna|86\/100\n|move|p1a: Magearna|Draining Kiss|p2a: Calyrex\n|-damage|p2a: Calyrex|0 fnt\n|-heal|p1a: Magearna|86\/100|[from] drain|[of] p2a: Calyrex\n|faint|p2a: Calyrex\n|\n|upkeep\n|\n|t:|1700747392\n|switch|p2a: Kingambit|Kingambit, F|100\/100\n|turn|10\n|\n|t:|1700747395\n|move|p1a: Magearna|Draining Kiss|p2a: Kingambit\n|-damage|p2a: Kingambit|0 fnt\n|-heal|p1a: Magearna|100\/100|[from] drain|[of] p2a: Kingambit\n|faint|p2a: Kingambit\n|\n|upkeep\n|-message|Felixtwoyearsago forfeited.\n|\n|win|rtyubvcx\n|raw|rtyubvcx's rating: 1040 &rarr; <strong>1077<\/strong><br \/>(+37 for winning)\n|raw|Felixtwoyearsago's rating: 1075 &rarr; <strong>1052<\/strong><br \/>(-23 for losing)\n|l|\u2606Felixtwoyearsago\n","uploadtime":1700747409,"views":6,"p1id":"rtyubvcx","p2id":"felixtwoyearsago","formatid":"gen9anythinggoes","rating":1052,"private":0,"password":""}