{"id":"gen9anythinggoes-1973236439","p1":"Banjoji","p2":"CertifiedDumbass1","format":"[Gen 9] Anything Goes","log":"|j|\u2606Banjoji\n|j|\u2606CertifiedDumbass1\n|t:|1697942764\n|gametype|singles\n|player|p1|Banjoji|veteran|1047\n|player|p2|CertifiedDumbass1|101|1187\n|teamsize|p1|6\n|teamsize|p2|6\n|gen|9\n|tier|[Gen 9] Anything Goes\n|rated|\n|rule|HP Percentage Mod: HP is shown in percentages\n|rule|Endless Battle Clause: Forcing endless battles is banned\n|clearpoke\n|poke|p1|Toxapex, F|\n|poke|p1|Toxapex, M|\n|poke|p1|Toxapex, M|\n|poke|p1|Toxapex, M|\n|poke|p1|Toxapex, M|\n|poke|p1|Toxapex, M|\n|poke|p2|Urshifu-*, F|\n|poke|p2|Ting-Lu|\n|poke|p2|Talonflame, M|\n|poke|p2|Tauros-Paldea-Aqua, M|\n|poke|p2|Munkidori, M|\n|poke|p2|Torterra, F|\n|teampreview\n|\n|t:|1697942809\n|start\n|switch|p1a: Toxapex|Toxapex, F|100\/100\n|switch|p2a: monke on the zaza|Munkidori, M|100\/100\n|turn|1\n|\n|t:|1697942817\n|move|p2a: monke on the zaza|Psychic|p1a: Toxapex\n|-supereffective|p1a: Toxapex\n|-damage|p1a: Toxapex|0 fnt\n|faint|p1a: Toxapex\n|-damage|p2a: monke on the zaza|91\/100|[from] item: Life Orb\n|\n|upkeep\n|\n|t:|1697942820\n|switch|p1a: Toxapex|Toxapex, M|100\/100\n|turn|2\n|\n|t:|1697942823\n|move|p1a: Toxapex|Baneful Bunker|p1a: Toxapex\n|-singleturn|p1a: Toxapex|move: Protect\n|move|p2a: monke on the zaza|Psychic|p1a: Toxapex\n|-activate|p1a: Toxapex|move: Protect\n|\n|upkeep\n|turn|3\n|\n|t:|1697942826\n|move|p2a: monke on the zaza|Psychic|p1a: Toxapex\n|-supereffective|p1a: Toxapex\n|-damage|p1a: Toxapex|0 fnt\n|faint|p1a: Toxapex\n|-damage|p2a: monke on the zaza|81\/100|[from] item: Life Orb\n|\n|upkeep\n|\n|t:|1697942829\n|switch|p1a: Toxapex|Toxapex, M|100\/100\n|turn|4\n|\n|t:|1697942833\n|move|p1a: Toxapex|Baneful Bunker|p1a: Toxapex\n|-singleturn|p1a: Toxapex|move: Protect\n|move|p2a: monke on the zaza|Psychic|p1a: Toxapex\n|-activate|p1a: Toxapex|move: Protect\n|\n|upkeep\n|turn|5\n|\n|t:|1697942837\n|move|p2a: monke on the zaza|Psychic|p1a: Toxapex\n|-supereffective|p1a: Toxapex\n|-crit|p1a: Toxapex\n|-damage|p1a: Toxapex|0 fnt\n|faint|p1a: Toxapex\n|-damage|p2a: monke on the zaza|71\/100|[from] item: Life Orb\n|\n|upkeep\n|\n|t:|1697942840\n|switch|p1a: Toxapex|Toxapex, M, shiny|100\/100\n|turn|6\n|\n|t:|1697942847\n|move|p1a: Toxapex|Baneful Bunker|p1a: Toxapex\n|-singleturn|p1a: Toxapex|move: Protect\n|move|p2a: monke on the zaza|Psychic|p1a: Toxapex\n|-activate|p1a: Toxapex|move: Protect\n|\n|upkeep\n|turn|7\n|\n|t:|1697942849\n|move|p2a: monke on the zaza|Psychic|p1a: Toxapex\n|-supereffective|p1a: Toxapex\n|-damage|p1a: Toxapex|7\/100\n|-damage|p2a: monke on the zaza|61\/100|[from] item: Life Orb\n|move|p1a: Toxapex|Hex|p2a: monke on the zaza\n|-supereffective|p2a: monke on the zaza\n|-damage|p2a: monke on the zaza|39\/100\n|\n|-heal|p1a: Toxapex|14\/100|[from] item: Black Sludge\n|upkeep\n|turn|8\n|\n|t:|1697942869\n|move|p1a: Toxapex|Baneful Bunker|p1a: Toxapex\n|-singleturn|p1a: Toxapex|move: Protect\n|move|p2a: monke on the zaza|Psychic|p1a: Toxapex\n|-activate|p1a: Toxapex|move: Protect\n|\n|-heal|p1a: Toxapex|20\/100|[from] item: Black Sludge\n|upkeep\n|turn|9\n|\n|t:|1697942873\n|move|p2a: monke on the zaza|Shadow Ball|p1a: Toxapex\n|-damage|p1a: Toxapex|0 fnt\n|faint|p1a: Toxapex\n|-damage|p2a: monke on the zaza|29\/100|[from] item: Life Orb\n|\n|upkeep\n|\n|t:|1697942875\n|switch|p1a: Toxapex|Toxapex, M, shiny|100\/100\n|turn|10\n|\n|t:|1697942878\n|move|p2a: monke on the zaza|Psychic|p1a: Toxapex\n|-supereffective|p1a: Toxapex\n|-damage|p1a: Toxapex|0 fnt\n|faint|p1a: Toxapex\n|-damage|p2a: monke on the zaza|19\/100|[from] item: Life Orb\n|\n|upkeep\n|\n|t:|1697942880\n|switch|p1a: Toxapex|Toxapex, M, shiny|100\/100\n|turn|11\n|\n|t:|1697942883\n|move|p2a: monke on the zaza|Psychic|p1a: Toxapex\n|-supereffective|p1a: Toxapex\n|-damage|p1a: Toxapex|5\/100\n|-damage|p2a: monke on the zaza|9\/100|[from] item: Life Orb\n|move|p1a: Toxapex|Hex|p2a: monke on the zaza\n|-supereffective|p2a: monke on the zaza\n|-damage|p2a: monke on the zaza|0 fnt\n|faint|p2a: monke on the zaza\n|\n|-heal|p1a: Toxapex|12\/100|[from] item: Black Sludge\n|upkeep\n|\n|t:|1697942887\n|switch|p2a: Ling 2|Ting-Lu|100\/100\n|-ability|p2a: Ling 2|Vessel of Ruin\n|turn|12\n|\n|t:|1697942894\n|move|p1a: Toxapex|Baneful Bunker|p1a: Toxapex\n|-singleturn|p1a: Toxapex|move: Protect\n|move|p2a: Ling 2|Fissure|p1a: Toxapex\n|-activate|p1a: Toxapex|move: Protect\n|\n|-heal|p1a: Toxapex|18\/100|[from] item: Black Sludge\n|upkeep\n|turn|13\n|\n|t:|1697942900\n|move|p2a: Ling 2|Fissure|p1a: Toxapex\n|-damage|p1a: Toxapex|0 fnt\n|faint|p1a: Toxapex\n|-ohko\n|\n|win|CertifiedDumbass1\n|raw|Banjoji's rating: 1047 &rarr; <strong>1036<\/strong><br \/>(-11 for losing)\n|raw|CertifiedDumbass1's rating: 1187 &rarr; <strong>1202<\/strong><br \/>(+15 for winning)\n|l|\u2606Banjoji\n","uploadtime":1697942906,"views":13,"p1id":"banjoji","p2id":"certifieddumbass1","formatid":"gen9anythinggoes","rating":1036,"private":0,"password":""}