{"id":"gen9anythinggoes-1976729280","p1":"Frgoated","p2":"MechaZygarde","format":"[Gen 9] Anything Goes","log":"|j|\u2606Frgoated\n|j|\u2606MechaZygarde\n|t:|1698336738\n|gametype|singles\n|player|p1|Frgoated|169|1045\n|player|p2|MechaZygarde|az|1031\n|teamsize|p1|6\n|teamsize|p2|6\n|gen|9\n|tier|[Gen 9] Anything Goes\n|rated|\n|rule|HP Percentage Mod: HP is shown in percentages\n|rule|Endless Battle Clause: Forcing endless battles is banned\n|clearpoke\n|poke|p1|Ting-Lu|\n|poke|p1|Toxapex, M|\n|poke|p1|Tyranitar, M|\n|poke|p1|Quagsire, F|\n|poke|p1|Blissey, F|\n|poke|p1|Clefable, F|\n|poke|p2|Miraidon|\n|poke|p2|Regieleki|\n|poke|p2|Kingambit, F|\n|poke|p2|Annihilape, M|\n|poke|p2|Iron Bundle|\n|poke|p2|Garganacl, F|\n|teampreview\n|inactive|Battle timer is ON: inactive players will automatically lose when time's up. (requested by Frgoated)\n|\n|t:|1698336744\n|start\n|switch|p1a: Tyranitar|Tyranitar, M|100\/100\n|switch|p2a: The Gwample|Miraidon|100\/100\n|-fieldstart|move: Electric Terrain|[from] ability: Hadron Engine|[of] p2a: The Gwample\n|-weather|Sandstorm|[from] ability: Sand Stream|[of] p1a: Tyranitar\n|turn|1\n|\n|t:|1698336762\n|move|p2a: The Gwample|Flash Cannon|p1a: Tyranitar\n|-supereffective|p1a: Tyranitar\n|-damage|p1a: Tyranitar|38\/100\n|move|p1a: Tyranitar|Avalanche|p2a: The Gwample\n|-supereffective|p2a: The Gwample\n|-damage|p2a: The Gwample|0 fnt\n|faint|p2a: The Gwample\n|\n|-weather|Sandstorm|[upkeep]\n|upkeep\n|\n|t:|1698336770\n|switch|p2a: Knack|Garganacl, F, shiny|100\/100\n|turn|2\n|\n|t:|1698336780\n|-terastallize|p1a: Tyranitar|Rock\n|move|p2a: Knack|Protect|p2a: Knack\n|-singleturn|p2a: Knack|Protect\n|move|p1a: Tyranitar|Avalanche|p2a: Knack\n|-activate|p2a: Knack|move: Protect\n|\n|-weather|Sandstorm|[upkeep]\n|upkeep\n|turn|3\n|\n|t:|1698336792\n|switch|p1a: Toxapex|Toxapex, M|100\/100\n|move|p2a: Knack|Iron Defense|p2a: Knack\n|-boost|p2a: Knack|def|2\n|\n|-weather|Sandstorm|[upkeep]\n|-damage|p1a: Toxapex|94\/100|[from] Sandstorm\n|-heal|p1a: Toxapex|100\/100|[from] item: Black Sludge\n|upkeep\n|turn|4\n|\n|t:|1698336802\n|move|p2a: Knack|Protect|p2a: Knack\n|-singleturn|p2a: Knack|Protect\n|move|p1a: Toxapex|Surf|p2a: Knack\n|-activate|p2a: Knack|move: Protect\n|\n|-weather|Sandstorm|[upkeep]\n|-damage|p1a: Toxapex|94\/100|[from] Sandstorm\n|-heal|p1a: Toxapex|100\/100|[from] item: Black Sludge\n|upkeep\n|turn|5\n|\n|t:|1698336813\n|-terastallize|p2a: Knack|Fairy\n|move|p1a: Toxapex|Toxic Spikes|p2a: Knack\n|-sidestart|p2: MechaZygarde|move: Toxic Spikes\n|move|p2a: Knack|Iron Defense|p2a: Knack\n|-boost|p2a: Knack|def|2\n|\n|-weather|none\n|-fieldend|move: Electric Terrain\n|upkeep\n|turn|6\n|inactive|Frgoated has 120 seconds left.\n|\n|t:|1698336860\n|move|p2a: Knack|Protect|p2a: Knack\n|-singleturn|p2a: Knack|Protect\n|move|p1a: Toxapex|Haze|p1a: Toxapex\n|-clearallboost\n|\n|upkeep\n|turn|7\n|\n|t:|1698336880\n|move|p1a: Toxapex|Surf|p2a: Knack\n|-damage|p2a: Knack|89\/100\n|move|p2a: Knack|Body Press|p1a: Toxapex\n|-resisted|p1a: Toxapex\n|-damage|p1a: Toxapex|94\/100\n|\n|-heal|p1a: Toxapex|99\/100|[from] item: Black Sludge\n|-heal|p2a: Knack|95\/100|[from] item: Leftovers\n|upkeep\n|turn|8\n|\n|t:|1698336900\n|switch|p1a: Tyranitar|Tyranitar, M, tera:Rock|38\/100\n|-weather|Sandstorm|[from] ability: Sand Stream|[of] p1a: Tyranitar\n|switch|p2a: A Lil' Prezzy|Iron Bundle|100\/100\n|\n|-weather|Sandstorm|[upkeep]\n|-damage|p2a: A Lil' Prezzy|95\/100|[from] Sandstorm\n|upkeep\n|turn|9\n|\n|t:|1698336911\n|move|p2a: A Lil' Prezzy|Hydro Pump|p1a: Tyranitar\n|-supereffective|p1a: Tyranitar\n|-damage|p1a: Tyranitar|0 fnt\n|faint|p1a: Tyranitar\n|\n|-weather|Sandstorm|[upkeep]\n|-damage|p2a: A Lil' Prezzy|89\/100|[from] Sandstorm\n|upkeep\n|\n|t:|1698336929\n|switch|p1a: Blissey|Blissey, F|100\/100\n|turn|10\n|\n|t:|1698336936\n|move|p2a: A Lil' Prezzy|U-turn|p1a: Blissey\n|-damage|p1a: Blissey|90\/100\n|\n|t:|1698336939\n|-end|p2a: A Lil' Prezzy|Quark Drive|[silent]\n|switch|p2a: Knack|Garganacl, F, shiny, tera:Fairy|95\/100|[from] U-turn\n|move|p1a: Blissey|Thunder Wave|p2a: Knack\n|-immune|p2a: Knack|[from] ability: Purifying Salt\n|\n|-weather|Sandstorm|[upkeep]\n|-damage|p1a: Blissey|84\/100|[from] Sandstorm\n|-damage|p2a: Knack|89\/100|[from] Sandstorm\n|-heal|p2a: Knack|95\/100|[from] item: Leftovers\n|upkeep\n|turn|11\n|inactive|Frgoated has 120 seconds left.\n|\n|t:|1698336949\n|move|p1a: Blissey|Body Slam|p2a: Knack\n|-damage|p2a: Knack|90\/100\n|move|p2a: Knack|Body Press|p1a: Blissey\n|-supereffective|p1a: Blissey\n|-damage|p1a: Blissey|44\/100\n|\n|-weather|Sandstorm|[upkeep]\n|-damage|p1a: Blissey|38\/100|[from] Sandstorm\n|-damage|p2a: Knack|83\/100|[from] Sandstorm\n|-heal|p2a: Knack|90\/100|[from] item: Leftovers\n|upkeep\n|turn|12\n|inactive|Frgoated has 120 seconds left.\n|\n|t:|1698336960\n|move|p1a: Blissey|Sweet Kiss|p2a: Knack|[miss]\n|-miss|p1a: Blissey|p2a: Knack\n|move|p2a: Knack|Body Press|p1a: Blissey\n|-supereffective|p1a: Blissey\n|-damage|p1a: Blissey|0 fnt\n|faint|p1a: Blissey\n|\n|-weather|none\n|-heal|p2a: Knack|96\/100|[from] item: Leftovers\n|upkeep\n|\n|t:|1698336969\n|switch|p1a: Clefable|Clefable, F|100\/100\n|turn|13\n|\n|t:|1698336975\n|move|p1a: Clefable|Sweet Kiss|p2a: Knack\n|-start|p2a: Knack|confusion\n|-activate|p2a: Knack|confusion\n|move|p2a: Knack|Body Press|p1a: Clefable\n|-resisted|p1a: Clefable\n|-damage|p1a: Clefable|92\/100\n|\n|-heal|p1a: Clefable|98\/100|[from] item: Leftovers\n|-heal|p2a: Knack|100\/100|[from] item: Leftovers\n|upkeep\n|turn|14\n|\n|t:|1698336989\n|switch|p2a: Star Platinum|Annihilape, M|100\/100\n|-status|p2a: Star Platinum|psn\n|move|p1a: Clefable|Knock Off|p2a: Star Platinum\n|-damage|p2a: Star Platinum|87\/100 psn\n|-enditem|p2a: Star Platinum|Leftovers|[from] move: Knock Off|[of] p1a: Clefable\n|\n|-heal|p1a: Clefable|100\/100|[from] item: Leftovers\n|-damage|p2a: Star Platinum|74\/100 psn|[from] psn\n|upkeep\n|turn|15\n|\n|t:|1698337011\n|move|p2a: Star Platinum|Drain Punch|p1a: Clefable\n|-resisted|p1a: Clefable\n|-damage|p1a: Clefable|89\/100\n|-heal|p2a: Star Platinum|80\/100 psn|[from] drain|[of] p1a: Clefable\n|move|p1a: Clefable|Moonblast|p2a: Star Platinum\n|-supereffective|p2a: Star Platinum\n|-damage|p2a: Star Platinum|34\/100 psn\n|-unboost|p2a: Star Platinum|spa|1\n|-ability|p2a: Star Platinum|Defiant|boost\n|-boost|p2a: Star Platinum|atk|2\n|\n|-heal|p1a: Clefable|95\/100|[from] item: Leftovers\n|-damage|p2a: Star Platinum|22\/100 psn|[from] psn\n|upkeep\n|turn|16\n|\n|t:|1698337027\n|move|p2a: Star Platinum|Rage Fist|p1a: Clefable\n|-damage|p1a: Clefable|0 fnt\n|faint|p1a: Clefable\n|\n|-damage|p2a: Star Platinum|9\/100 psn|[from] psn\n|upkeep\n|\n|t:|1698337034\n|switch|p1a: Quagsire|Quagsire, F|100\/100\n|turn|17\n|\n|t:|1698337040\n|move|p2a: Star Platinum|Drain Punch|p1a: Quagsire\n|-damage|p1a: Quagsire|79\/100\n|-heal|p2a: Star Platinum|19\/100 psn|[from] drain|[of] p1a: Quagsire\n|move|p1a: Quagsire|Drain Punch|p2a: Star Platinum\n|-immune|p2a: Star Platinum\n|\n|-heal|p1a: Quagsire|85\/100|[from] item: Leftovers\n|-damage|p2a: Star Platinum|7\/100 psn|[from] psn\n|upkeep\n|turn|18\n|\n|t:|1698337054\n|switch|p1a: Ting-Lu|Ting-Lu|100\/100\n|-ability|p1a: Ting-Lu|Vessel of Ruin\n|move|p2a: Star Platinum|Rage Fist|p1a: Ting-Lu\n|-resisted|p1a: Ting-Lu\n|-damage|p1a: Ting-Lu|76\/100\n|-damage|p2a: Star Platinum|0 fnt|[from] item: Rocky Helmet|[of] p1a: Ting-Lu\n|faint|p2a: Star Platinum\n|\n|upkeep\n|\n|t:|1698337070\n|switch|p2a: Mr. Guhshliggidy|Regieleki, shiny|100\/100\n|-status|p2a: Mr. Guhshliggidy|psn\n|turn|19\n|\n|t:|1698337076\n|move|p2a: Mr. Guhshliggidy|Thunder Cage|p1a: Ting-Lu\n|-immune|p1a: Ting-Lu\n|move|p1a: Ting-Lu|Ruination|p2a: Mr. Guhshliggidy|[miss]\n|-miss|p1a: Ting-Lu|p2a: Mr. Guhshliggidy\n|\n|-damage|p2a: Mr. Guhshliggidy|88\/100 psn|[from] psn\n|upkeep\n|turn|20\n|\n|t:|1698337088\n|move|p2a: Mr. Guhshliggidy|Tera Blast|p1a: Ting-Lu\n|-damage|p1a: Ting-Lu|63\/100\n|move|p1a: Ting-Lu|Earthquake|p2a: Mr. Guhshliggidy\n|-supereffective|p2a: Mr. Guhshliggidy\n|-damage|p2a: Mr. Guhshliggidy|0 fnt\n|faint|p2a: Mr. Guhshliggidy\n|\n|upkeep\n|\n|t:|1698337099\n|switch|p2a: A Lil' Prezzy|Iron Bundle|89\/100\n|turn|21\n|\n|t:|1698337103\n|switch|p1a: Toxapex|Toxapex, M|100\/100\n|move|p2a: A Lil' Prezzy|Hydro Pump|p1a: Toxapex\n|-resisted|p1a: Toxapex\n|-damage|p1a: Toxapex|76\/100\n|\n|-heal|p1a: Toxapex|82\/100|[from] item: Black Sludge\n|upkeep\n|turn|22\n|\n|t:|1698337112\n|move|p2a: A Lil' Prezzy|Freeze-Dry|p1a: Toxapex\n|-supereffective|p1a: Toxapex\n|-damage|p1a: Toxapex|26\/100\n|move|p1a: Toxapex|Surf|p2a: A Lil' Prezzy\n|-resisted|p2a: A Lil' Prezzy\n|-damage|p2a: A Lil' Prezzy|70\/100\n|\n|-heal|p1a: Toxapex|32\/100|[from] item: Black Sludge\n|upkeep\n|turn|23\n|\n|t:|1698337120\n|move|p2a: A Lil' Prezzy|Freeze-Dry|p1a: Toxapex\n|-supereffective|p1a: Toxapex\n|-damage|p1a: Toxapex|0 fnt\n|faint|p1a: Toxapex\n|\n|upkeep\n|\n|t:|1698337124\n|switch|p1a: Quagsire|Quagsire, F|85\/100\n|turn|24\n|\n|t:|1698337129\n|move|p2a: A Lil' Prezzy|Hydro Pump|p1a: Quagsire\n|-damage|p1a: Quagsire|22\/100\n|move|p1a: Quagsire|Earthquake|p2a: A Lil' Prezzy\n|-damage|p2a: A Lil' Prezzy|32\/100\n|\n|-heal|p1a: Quagsire|28\/100|[from] item: Leftovers\n|upkeep\n|turn|25\n|\n|t:|1698337141\n|move|p2a: A Lil' Prezzy|Hydro Pump|p1a: Quagsire\n|-damage|p1a: Quagsire|0 fnt\n|faint|p1a: Quagsire\n|\n|upkeep\n|\n|t:|1698337145\n|switch|p1a: Ting-Lu|Ting-Lu|63\/100\n|-ability|p1a: Ting-Lu|Vessel of Ruin\n|turn|26\n|\n|t:|1698337155\n|move|p2a: A Lil' Prezzy|Freeze-Dry|p1a: Ting-Lu\n|-supereffective|p1a: Ting-Lu\n|-damage|p1a: Ting-Lu|19\/100\n|move|p1a: Ting-Lu|Earthquake|p2a: A Lil' Prezzy\n|-damage|p2a: A Lil' Prezzy|0 fnt\n|faint|p2a: A Lil' Prezzy\n|-end|p2a: A Lil' Prezzy|Quark Drive|[silent]\n|\n|upkeep\n|\n|t:|1698337163\n|switch|p2a: Knack|Garganacl, F, shiny, tera:Fairy|100\/100\n|turn|27\n|\n|t:|1698337172\n|move|p1a: Ting-Lu|Ruination|p2a: Knack\n|-damage|p2a: Knack|50\/100\n|move|p2a: Knack|Body Press|p1a: Ting-Lu\n|-supereffective|p1a: Ting-Lu\n|-damage|p1a: Ting-Lu|1\/100\n|-damage|p2a: Knack|34\/100|[from] item: Rocky Helmet|[of] p1a: Ting-Lu\n|\n|-heal|p2a: Knack|40\/100|[from] item: Leftovers\n|upkeep\n|turn|28\n|\n|t:|1698337183\n|move|p2a: Knack|Protect|p2a: Knack\n|-singleturn|p2a: Knack|Protect\n|move|p1a: Ting-Lu|Earthquake|p2a: Knack\n|-activate|p2a: Knack|move: Protect\n|\n|-heal|p2a: Knack|46\/100|[from] item: Leftovers\n|upkeep\n|turn|29\n|\n|t:|1698337195\n|move|p1a: Ting-Lu|Earthquake|p2a: Knack\n|-damage|p2a: Knack|20\/100\n|move|p2a: Knack|Recover|p2a: Knack\n|-heal|p2a: Knack|70\/100\n|\n|-heal|p2a: Knack|76\/100|[from] item: Leftovers\n|upkeep\n|turn|30\n|\n|t:|1698337201\n|move|p2a: Knack|Body Press|p1a: Ting-Lu\n|-supereffective|p1a: Ting-Lu\n|-damage|p1a: Ting-Lu|0 fnt\n|-damage|p2a: Knack|60\/100|[from] item: Rocky Helmet|[of] p1a: Ting-Lu\n|faint|p1a: Ting-Lu\n|\n|win|MechaZygarde\n|raw|Frgoated's rating: 1045 &rarr; <strong>1028<\/strong><br \/>(-17 for losing)\n|raw|MechaZygarde's rating: 1031 &rarr; <strong>1068<\/strong><br \/>(+37 for winning)\n|l|\u2606Frgoated\n","uploadtime":1698337214,"views":3,"p1id":"frgoated","p2id":"mechazygarde","formatid":"gen9anythinggoes","rating":1028,"private":0,"password":""}