{"id":"gen9anythinggoes-1997193315","p1":"SNiCKER_001","p2":"not gaussfield","format":"[Gen 9] Anything Goes","log":"|j|\u2606SNiCKER_001\n|j|\u2606not gaussfield\n|t:|1700774119\n|gametype|singles\n|player|p1|SNiCKER_001|petrel|1292\n|player|p2|not gaussfield|tuli|1383\n|teamsize|p1|6\n|teamsize|p2|6\n|gen|9\n|tier|[Gen 9] Anything Goes\n|rated|\n|rule|HP Percentage Mod: HP is shown in percentages\n|rule|Endless Battle Clause: Forcing endless battles is banned\n|clearpoke\n|poke|p1|Alomomola, F|\n|poke|p1|Toxapex, F|\n|poke|p1|Clodsire, F|\n|poke|p1|Dondozo, F|\n|poke|p1|Talonflame, F|\n|poke|p1|Blissey, F|\n|poke|p2|Calyrex-Shadow|\n|poke|p2|Groudon|\n|poke|p2|Flutter Mane|\n|poke|p2|Koraidon|\n|poke|p2|Giratina|\n|poke|p2|Toxapex, F|\n|teampreview\n|\n|t:|1700774133\n|start\n|switch|p1a: Blissey|Blissey, F|100\/100\n|switch|p2a: Groudon|Groudon|100\/100\n|-weather|SunnyDay|[from] ability: Drought|[of] p2a: Groudon\n|turn|1\n|\n|t:|1700774142\n|switch|p2a: Toxapex|Toxapex, F|100\/100\n|move|p1a: Blissey|Stealth Rock|p2a: Toxapex\n|-sidestart|p2: not gaussfield|move: Stealth Rock\n|\n|-weather|SunnyDay|[upkeep]\n|upkeep\n|turn|2\n|\n|t:|1700774169\n|move|p1a: Blissey|Blizzard|p2a: Toxapex|[miss]\n|-miss|p1a: Blissey|p2a: Toxapex\n|move|p2a: Toxapex|Toxic Spikes|p1a: Blissey\n|-sidestart|p1: SNiCKER_001|move: Toxic Spikes\n|\n|-weather|SunnyDay|[upkeep]\n|upkeep\n|turn|3\n|\n|t:|1700774176\n|move|p1a: Blissey|Blizzard|p2a: Toxapex\n|-resisted|p2a: Toxapex\n|-damage|p2a: Toxapex|94\/100\n|move|p2a: Toxapex|Liquidation|p1a: Blissey\n|-damage|p1a: Blissey|92\/100\n|\n|-weather|SunnyDay|[upkeep]\n|-heal|p2a: Toxapex|100\/100|[from] item: Leftovers\n|upkeep\n|turn|4\n|\n|t:|1700774186\n|switch|p1a: Talonflame|Talonflame, F|100\/100\n|move|p2a: Toxapex|Liquidation|p1a: Talonflame\n|-supereffective|p1a: Talonflame\n|-damage|p1a: Talonflame|80\/100\n|\n|-weather|SunnyDay|[upkeep]\n|upkeep\n|turn|5\n|\n|t:|1700774195\n|switch|p2a: Giratina|Giratina|100\/100\n|-damage|p2a: Giratina|88\/100|[from] Stealth Rock\n|-ability|p2a: Giratina|Pressure\n|move|p1a: Talonflame|Will-O-Wisp|p2a: Giratina\n|-status|p2a: Giratina|brn\n|\n|-weather|none\n|-heal|p2a: Giratina|94\/100 brn|[from] item: Leftovers\n|-damage|p2a: Giratina|88\/100 brn|[from] brn\n|upkeep\n|turn|6\n|\n|t:|1700774210\n|move|p1a: Talonflame|Flamethrower|p2a: Giratina\n|-resisted|p2a: Giratina\n|-damage|p2a: Giratina|82\/100 brn\n|move|p2a: Giratina|Dragon Tail|p1a: Talonflame\n|-crit|p1a: Talonflame\n|-damage|p1a: Talonflame|65\/100\n|drag|p1a: Blissey|Blissey, F|92\/100\n|\n|-heal|p2a: Giratina|89\/100 brn|[from] item: Leftovers\n|-damage|p2a: Giratina|82\/100 brn|[from] brn\n|upkeep\n|turn|7\n|\n|t:|1700774221\n|switch|p2a: Calyrex|Calyrex-Shadow|100\/100\n|-ability|p2a: Calyrex|As One\n|-ability|p2a: Calyrex|Unnerve\n|-damage|p2a: Calyrex|88\/100|[from] Stealth Rock\n|move|p1a: Blissey|Blizzard|p2a: Calyrex\n|-damage|p2a: Calyrex|68\/100\n|\n|upkeep\n|turn|8\n|\n|t:|1700774241\n|move|p2a: Calyrex|Trick|p1a: Blissey\n|-activate|p2a: Calyrex|move: Trick|[of] p1a: Blissey\n|-item|p1a: Blissey|Choice Scarf|[from] move: Trick\n|-item|p2a: Calyrex|Heavy-Duty Boots|[from] move: Trick\n|move|p1a: Blissey|Blizzard|p2a: Calyrex\n|-damage|p2a: Calyrex|47\/100\n|\n|upkeep\n|turn|9\n|\n|t:|1700774250\n|switch|p2a: Toxapex|Toxapex, F|100\/100\n|-damage|p2a: Toxapex|88\/100|[from] Stealth Rock\n|move|p1a: Blissey|Blizzard|p2a: Toxapex\n|-resisted|p2a: Toxapex\n|-damage|p2a: Toxapex|82\/100\n|\n|-heal|p2a: Toxapex|88\/100|[from] item: Leftovers\n|upkeep\n|turn|10\n|\n|t:|1700774261\n|switch|p1a: Talonflame|Talonflame, F|65\/100\n|move|p2a: Toxapex|Toxic Spikes|p1a: Talonflame\n|-sidestart|p1: SNiCKER_001|move: Toxic Spikes\n|\n|-heal|p2a: Toxapex|94\/100|[from] item: Leftovers\n|upkeep\n|turn|11\n|\n|t:|1700774269\n|move|p1a: Talonflame|Flamethrower|p2a: Toxapex\n|-resisted|p2a: Toxapex\n|-damage|p2a: Toxapex|86\/100\n|move|p2a: Toxapex|Liquidation|p1a: Talonflame\n|-supereffective|p1a: Talonflame\n|-damage|p1a: Talonflame|23\/100\n|\n|-heal|p2a: Toxapex|92\/100|[from] item: Leftovers\n|upkeep\n|turn|12\n|\n|t:|1700774278\n|switch|p2a: Giratina|Giratina|82\/100 brn\n|-damage|p2a: Giratina|70\/100 brn|[from] Stealth Rock\n|-ability|p2a: Giratina|Pressure\n|move|p1a: Talonflame|Roost|p1a: Talonflame\n|-heal|p1a: Talonflame|73\/100\n|-singleturn|p1a: Talonflame|move: Roost\n|\n|-heal|p2a: Giratina|76\/100 brn|[from] item: Leftovers\n|-damage|p2a: Giratina|70\/100 brn|[from] brn\n|upkeep\n|turn|13\n|\n|t:|1700774294\n|move|p1a: Talonflame|Defog|p2a: Giratina\n|-unboost|p2a: Giratina|evasion|1\n|-sideend|p2: not gaussfield|Stealth Rock|[from] move: Defog|[of] p1a: Talonflame\n|-sideend|p1: SNiCKER_001|Toxic Spikes|[from] move: Defog|[of] p1a: Talonflame\n|move|p2a: Giratina|Shadow Force||[still]\n|-prepare|p2a: Giratina|Shadow Force\n|\n|-heal|p2a: Giratina|76\/100 brn|[from] item: Leftovers\n|-damage|p2a: Giratina|70\/100 brn|[from] brn\n|upkeep\n|turn|14\n|\n|t:|1700774305\n|switch|p1a: Blissey|Blissey, F|92\/100\n|move|p2a: Giratina|Shadow Force|p1a: Blissey|[from]lockedmove\n|-immune|p1a: Blissey\n|\n|-heal|p2a: Giratina|76\/100 brn|[from] item: Leftovers\n|-damage|p2a: Giratina|70\/100 brn|[from] brn\n|upkeep\n|turn|15\n|\n|t:|1700774316\n|switch|p2a: Groudon|Groudon|100\/100\n|-weather|SunnyDay|[from] ability: Drought|[of] p2a: Groudon\n|move|p1a: Blissey|Blizzard|p2a: Groudon\n|-supereffective|p2a: Groudon\n|-damage|p2a: Groudon|62\/100\n|\n|-weather|SunnyDay|[upkeep]\n|-heal|p2a: Groudon|68\/100|[from] item: Leftovers\n|upkeep\n|turn|16\n|\n|t:|1700774328\n|move|p1a: Blissey|Blizzard|p2a: Groudon|[miss]\n|-miss|p1a: Blissey|p2a: Groudon\n|move|p2a: Groudon|Stealth Rock|p1a: Blissey\n|-sidestart|p1: SNiCKER_001|move: Stealth Rock\n|\n|-weather|SunnyDay|[upkeep]\n|-heal|p2a: Groudon|74\/100|[from] item: Leftovers\n|upkeep\n|turn|17\n|\n|t:|1700774337\n|switch|p2a: Toxapex|Toxapex, F|100\/100\n|move|p1a: Blissey|Blizzard|p2a: Toxapex\n|-resisted|p2a: Toxapex\n|-damage|p2a: Toxapex|94\/100\n|\n|-weather|SunnyDay|[upkeep]\n|-heal|p2a: Toxapex|100\/100|[from] item: Leftovers\n|upkeep\n|turn|18\n|\n|t:|1700774354\n|switch|p1a: Clodsire|Clodsire, F|100\/100\n|move|p2a: Toxapex|Toxic Spikes|p1a: Clodsire\n|-sidestart|p1: SNiCKER_001|move: Toxic Spikes\n|\n|-weather|SunnyDay|[upkeep]\n|upkeep\n|turn|19\n|\n|t:|1700774364\n|switch|p2a: Calyrex|Calyrex-Shadow|47\/100\n|-ability|p2a: Calyrex|As One\n|-ability|p2a: Calyrex|Unnerve\n|move|p1a: Clodsire|Earthquake|p2a: Calyrex\n|-damage|p2a: Calyrex|12\/100\n|\n|-weather|none\n|upkeep\n|turn|20\n|\n|t:|1700774374\n|move|p2a: Calyrex|Psyshock|p1a: Clodsire\n|-supereffective|p1a: Clodsire\n|-damage|p1a: Clodsire|0 fnt\n|faint|p1a: Clodsire\n|-ability|p2a: Calyrex|Grim Neigh|boost\n|-boost|p2a: Calyrex|spa|1\n|\n|upkeep\n|\n|t:|1700774389\n|switch|p1a: Dondozo|Dondozo, F|100\/100\n|turn|21\n|\n|t:|1700774397\n|move|p2a: Calyrex|Trick|p1a: Dondozo\n|-activate|p2a: Calyrex|move: Trick|[of] p1a: Dondozo\n|-item|p1a: Dondozo|Heavy-Duty Boots|[from] move: Trick\n|-item|p2a: Calyrex|Heavy-Duty Boots|[from] move: Trick\n|move|p1a: Dondozo|Heavy Slam|p2a: Calyrex\n|-damage|p2a: Calyrex|0 fnt\n|faint|p2a: Calyrex\n|\n|upkeep\n|inactive|Battle timer is ON: inactive players will automatically lose when time's up. (requested by SNiCKER_001)\n|\n|t:|1700774412\n|switch|p2a: Flutter Mane|Flutter Mane|100\/100\n|turn|22\n|\n|t:|1700774419\n|move|p2a: Flutter Mane|Thunder|p1a: Dondozo\n|-supereffective|p1a: Dondozo\n|-damage|p1a: Dondozo|20\/100\n|-status|p1a: Dondozo|par\n|move|p1a: Dondozo|Heavy Slam|p2a: Flutter Mane\n|-supereffective|p2a: Flutter Mane\n|-damage|p2a: Flutter Mane|0 fnt\n|faint|p2a: Flutter Mane\n|-end|p2a: Flutter Mane|Protosynthesis|[silent]\n|\n|upkeep\n|\n|t:|1700774424\n|switch|p2a: Koraidon|Koraidon|100\/100\n|-weather|SunnyDay|[from] ability: Orichalcum Pulse|[of] p2a: Koraidon\n|-activate|p2a: Koraidon|Orichalcum Pulse|[source]\n|turn|23\n|\n|t:|1700774434\n|move|p2a: Koraidon|Swords Dance|p2a: Koraidon\n|-boost|p2a: Koraidon|atk|2\n|cant|p1a: Dondozo|par\n|\n|-weather|SunnyDay|[upkeep]\n|upkeep\n|turn|24\n|\n|t:|1700774440\n|move|p2a: Koraidon|Scale Shot|p1a: Dondozo\n|-damage|p1a: Dondozo|12\/100 par\n|-damage|p1a: Dondozo|3\/100 par\n|-damage|p1a: Dondozo|0 fnt\n|faint|p1a: Dondozo\n|-hitcount|p1: Dondozo|3\n|-unboost|p2a: Koraidon|def|1\n|-boost|p2a: Koraidon|spe|1\n|\n|-weather|SunnyDay|[upkeep]\n|upkeep\n|\n|t:|1700774455\n|switch|p1a: Toxapex|Toxapex, F|100\/100\n|-sideend|p1: SNiCKER_001|move: Toxic Spikes|[of] p1a: Toxapex\n|turn|25\n|\n|t:|1700774461\n|move|p2a: Koraidon|Scale Shot|p1a: Toxapex\n|-damage|p1a: Toxapex|75\/100\n|-damage|p1a: Toxapex|50\/100\n|-damage|p1a: Toxapex|25\/100\n|-damage|p1a: Toxapex|1\/100\n|-hitcount|p1a: Toxapex|4\n|-unboost|p2a: Koraidon|def|1\n|-boost|p2a: Koraidon|spe|1\n|move|p1a: Toxapex|Toxic|p2a: Koraidon\n|-status|p2a: Koraidon|tox\n|\n|-weather|SunnyDay|[upkeep]\n|-damage|p2a: Koraidon|94\/100 tox|[from] psn\n|upkeep\n|turn|26\n|\n|t:|1700774479\n|switch|p1a: Alomomola|Alomomola, F|100\/100\n|move|p2a: Koraidon|Flare Blitz|p1a: Alomomola\n|-resisted|p1a: Alomomola\n|-damage|p1a: Alomomola|52\/100\n|-damage|p2a: Koraidon|69\/100 tox|[from] Recoil\n|\n|-weather|SunnyDay|[upkeep]\n|-damage|p2a: Koraidon|57\/100 tox|[from] psn\n|upkeep\n|turn|27\n|\n|t:|1700774491\n|switch|p2a: Giratina|Giratina|70\/100 brn\n|-ability|p2a: Giratina|Pressure\n|move|p1a: Alomomola|Wish|p1a: Alomomola\n|\n|-weather|none\n|-heal|p2a: Giratina|76\/100 brn|[from] item: Leftovers\n|-damage|p2a: Giratina|70\/100 brn|[from] brn\n|upkeep\n|turn|28\n|\n|t:|1700774504\n|move|p1a: Alomomola|Whirlpool|p2a: Giratina\n|-resisted|p2a: Giratina\n|-damage|p2a: Giratina|69\/100 brn\n|-activate|p2a: Giratina|move: Whirlpool|[of] p1a: Alomomola\n|move|p2a: Giratina|Roar|p1a: Alomomola\n|drag|p1a: Talonflame|Talonflame, F|73\/100\n|\n|-heal|p1a: Talonflame|100\/100|[from] move: Wish|[wisher] Alomomola\n|-heal|p2a: Giratina|75\/100 brn|[from] item: Leftovers\n|-damage|p2a: Giratina|69\/100 brn|[from] brn\n|-end|p2a: Giratina|Whirlpool|[partiallytrapped]|[silent]\n|upkeep\n|turn|29\n|\n|t:|1700774522\n|move|p1a: Talonflame|Flamethrower|p2a: Giratina\n|-resisted|p2a: Giratina\n|-damage|p2a: Giratina|63\/100 brn\n|move|p2a: Giratina|Shadow Force||[still]\n|-prepare|p2a: Giratina|Shadow Force\n|\n|-heal|p2a: Giratina|69\/100 brn|[from] item: Leftovers\n|-damage|p2a: Giratina|63\/100 brn|[from] brn\n|upkeep\n|turn|30\n|\n|t:|1700774532\n|switch|p1a: Blissey|Blissey, F|92\/100\n|-damage|p1a: Blissey|80\/100|[from] Stealth Rock\n|move|p2a: Giratina|Shadow Force|p1a: Blissey|[from]lockedmove\n|-immune|p1a: Blissey\n|\n|-heal|p2a: Giratina|69\/100 brn|[from] item: Leftovers\n|-damage|p2a: Giratina|63\/100 brn|[from] brn\n|upkeep\n|turn|31\n|\n|t:|1700774545\n|switch|p2a: Groudon|Groudon|74\/100\n|-weather|SunnyDay|[from] ability: Drought|[of] p2a: Groudon\n|move|p1a: Blissey|Stealth Rock|p2a: Groudon\n|-sidestart|p2: not gaussfield|move: Stealth Rock\n|\n|-weather|SunnyDay|[upkeep]\n|-heal|p2a: Groudon|80\/100|[from] item: Leftovers\n|upkeep\n|turn|32\n|\n|t:|1700774556\n|switch|p1a: Alomomola|Alomomola, F|85\/100\n|move|p2a: Groudon|Spikes|p1a: Alomomola\n|-sidestart|p1: SNiCKER_001|Spikes\n|\n|-weather|SunnyDay|[upkeep]\n|-heal|p2a: Groudon|87\/100|[from] item: Leftovers\n|upkeep\n|turn|33\n|\n|t:|1700774564\n|switch|p2a: Giratina|Giratina|63\/100 brn\n|-damage|p2a: Giratina|50\/100 brn|[from] Stealth Rock\n|-ability|p2a: Giratina|Pressure\n|move|p1a: Alomomola|Whirlpool|p2a: Giratina\n|-resisted|p2a: Giratina\n|-damage|p2a: Giratina|50\/100 brn\n|-activate|p2a: Giratina|move: Whirlpool|[of] p1a: Alomomola\n|\n|-weather|SunnyDay|[upkeep]\n|-heal|p2a: Giratina|56\/100 brn|[from] item: Leftovers\n|-damage|p2a: Giratina|50\/100 brn|[from] brn\n|-damage|p2a: Giratina|37\/100 brn|[from] move: Whirlpool|[partiallytrapped]\n|upkeep\n|turn|34\n|\n|t:|1700774578\n|move|p2a: Giratina|Protect|p2a: Giratina\n|-singleturn|p2a: Giratina|Protect\n|move|p1a: Alomomola|Protect||[still]\n|-fail|p1a: Alomomola\n|\n|-weather|SunnyDay|[upkeep]\n|-heal|p2a: Giratina|44\/100 brn|[from] item: Leftovers\n|-damage|p2a: Giratina|37\/100 brn|[from] brn\n|-damage|p2a: Giratina|25\/100 brn|[from] move: Whirlpool|[partiallytrapped]\n|upkeep\n|turn|35\n|\n|t:|1700774589\n|switch|p2a: Groudon|Groudon|87\/100\n|-damage|p2a: Groudon|80\/100|[from] Stealth Rock\n|move|p1a: Alomomola|Wish|p1a: Alomomola\n|\n|-weather|none\n|-heal|p2a: Groudon|87\/100|[from] item: Leftovers\n|upkeep\n|turn|36\n|\n|t:|1700774598\n|move|p2a: Groudon|Spikes|p1a: Alomomola\n|-sidestart|p1: SNiCKER_001|Spikes\n|move|p1a: Alomomola|Whirlpool|p2a: Groudon|[miss]\n|-miss|p1a: Alomomola|p2a: Groudon\n|\n|-heal|p1a: Alomomola|100\/100|[from] move: Wish|[wisher] Alomomola\n|-heal|p2a: Groudon|93\/100|[from] item: Leftovers\n|upkeep\n|turn|37\n|\n|t:|1700774609\n|switch|p1a: Toxapex|Toxapex, F|34\/100\n|move|p2a: Groudon|Earthquake|p1a: Toxapex\n|-supereffective|p1a: Toxapex\n|-damage|p1a: Toxapex|0 fnt\n|faint|p1a: Toxapex\n|\n|-heal|p2a: Groudon|99\/100|[from] item: Leftovers\n|upkeep\n|\n|t:|1700774620\n|switch|p1a: Alomomola|Alomomola, F|100\/100\n|turn|38\n|\n|t:|1700774632\n|switch|p2a: Toxapex|Toxapex, F|100\/100\n|-damage|p2a: Toxapex|88\/100|[from] Stealth Rock\n|move|p1a: Alomomola|Whirlpool|p2a: Toxapex\n|-resisted|p2a: Toxapex\n|-damage|p2a: Toxapex|86\/100\n|-activate|p2a: Toxapex|move: Whirlpool|[of] p1a: Alomomola\n|\n|-heal|p2a: Toxapex|92\/100|[from] item: Leftovers\n|-damage|p2a: Toxapex|80\/100|[from] move: Whirlpool|[partiallytrapped]\n|upkeep\n|turn|39\n|\n|t:|1700774645\n|move|p1a: Alomomola|Chilling Water|p2a: Toxapex\n|-resisted|p2a: Toxapex\n|-damage|p2a: Toxapex|77\/100\n|-unboost|p2a: Toxapex|atk|1\n|move|p2a: Toxapex|Toxic Spikes|p1a: Alomomola\n|-sidestart|p1: SNiCKER_001|move: Toxic Spikes\n|\n|-heal|p2a: Toxapex|83\/100|[from] item: Leftovers\n|-damage|p2a: Toxapex|71\/100|[from] move: Whirlpool|[partiallytrapped]\n|upkeep\n|turn|40\n|\n|t:|1700774655\n|move|p1a: Alomomola|Chilling Water|p2a: Toxapex\n|-resisted|p2a: Toxapex\n|-crit|p2a: Toxapex\n|-damage|p2a: Toxapex|66\/100\n|-unboost|p2a: Toxapex|atk|1\n|move|p2a: Toxapex|Toxic Spikes|p1a: Alomomola\n|-sidestart|p1: SNiCKER_001|move: Toxic Spikes\n|\n|-heal|p2a: Toxapex|72\/100|[from] item: Leftovers\n|-damage|p2a: Toxapex|60\/100|[from] move: Whirlpool|[partiallytrapped]\n|upkeep\n|turn|41\n|\n|t:|1700774666\n|move|p1a: Alomomola|Chilling Water|p2a: Toxapex\n|-resisted|p2a: Toxapex\n|-damage|p2a: Toxapex|57\/100\n|-unboost|p2a: Toxapex|atk|1\n|move|p2a: Toxapex|Haze|p2a: Toxapex\n|-clearallboost\n|\n|-heal|p2a: Toxapex|63\/100|[from] item: Leftovers\n|-damage|p2a: Toxapex|51\/100|[from] move: Whirlpool|[partiallytrapped]\n|upkeep\n|turn|42\n|\n|t:|1700774680\n|move|p1a: Alomomola|Wish|p1a: Alomomola\n|move|p2a: Toxapex|Liquidation|p1a: Alomomola\n|-resisted|p1a: Alomomola\n|-damage|p1a: Alomomola|95\/100\n|\n|-heal|p2a: Toxapex|57\/100|[from] item: Leftovers\n|-end|p2a: Toxapex|Whirlpool|[partiallytrapped]\n|upkeep\n|turn|43\n|\n|t:|1700774693\n|switch|p1a: Blissey|Blissey, F|80\/100\n|-damage|p1a: Blissey|67\/100|[from] Stealth Rock\n|-damage|p1a: Blissey|50\/100|[from] Spikes\n|-status|p1a: Blissey|tox\n|switch|p2a: Groudon|Groudon|99\/100\n|-damage|p2a: Groudon|93\/100|[from] Stealth Rock\n|-weather|SunnyDay|[from] ability: Drought|[of] p2a: Groudon\n|\n|-weather|SunnyDay|[upkeep]\n|-heal|p1a: Blissey|88\/100 tox|[from] move: Wish|[wisher] Alomomola\n|-heal|p2a: Groudon|99\/100|[from] item: Leftovers\n|-damage|p1a: Blissey|82\/100 tox|[from] psn\n|upkeep\n|turn|44\n|\n|t:|1700774712\n|move|p1a: Blissey|Heal Bell|p1a: Blissey\n|-activate|p1a: Blissey|move: Heal Bell\n|-curestatus|p1a: Blissey|tox|[msg]\n|move|p2a: Groudon|Spikes|p1a: Blissey\n|-sidestart|p1: SNiCKER_001|Spikes\n|\n|-weather|SunnyDay|[upkeep]\n|-heal|p2a: Groudon|100\/100|[from] item: Leftovers\n|upkeep\n|turn|45\n|\n|t:|1700774727\n|switch|p1a: Talonflame|Talonflame, F|100\/100\n|move|p2a: Groudon|Earthquake|p1a: Talonflame\n|-immune|p1a: Talonflame\n|\n|-weather|SunnyDay|[upkeep]\n|upkeep\n|turn|46\n|\n|t:|1700774736\n|switch|p2a: Koraidon|Koraidon|57\/100 tox\n|-damage|p2a: Koraidon|51\/100 tox|[from] Stealth Rock\n|-activate|p2a: Koraidon|ability: Orichalcum Pulse\n|move|p1a: Talonflame|Will-O-Wisp||[still]\n|-fail|p1a: Talonflame\n|\n|-weather|SunnyDay|[upkeep]\n|-damage|p2a: Koraidon|45\/100 tox|[from] psn\n|upkeep\n|turn|47\n|\n|t:|1700774746\n|move|p2a: Koraidon|Scale Shot|p1a: Talonflame\n|-damage|p1a: Talonflame|80\/100\n|-damage|p1a: Talonflame|59\/100\n|-crit|p1a: Talonflame\n|-damage|p1a: Talonflame|32\/100\n|-damage|p1a: Talonflame|12\/100\n|-damage|p1a: Talonflame|0 fnt\n|faint|p1a: Talonflame\n|-hitcount|p1: Talonflame|5\n|-unboost|p2a: Koraidon|def|1\n|-boost|p2a: Koraidon|spe|1\n|\n|-weather|none\n|-damage|p2a: Koraidon|32\/100 tox|[from] psn\n|upkeep\n|\n|t:|1700774761\n|switch|p1a: Alomomola|Alomomola, F|100\/100\n|turn|48\n|\n|t:|1700774765\n|move|p2a: Koraidon|Swords Dance|p2a: Koraidon\n|-boost|p2a: Koraidon|atk|2\n|move|p1a: Alomomola|Whirlpool|p2a: Koraidon|[miss]\n|-miss|p1a: Alomomola|p2a: Koraidon\n|\n|-damage|p2a: Koraidon|14\/100 tox|[from] psn\n|upkeep\n|turn|49\n|\n|t:|1700774774\n|move|p1a: Alomomola|Protect|p1a: Alomomola\n|-singleturn|p1a: Alomomola|Protect\n|move|p2a: Koraidon|Scale Shot|p1a: Alomomola\n|-activate|p1a: Alomomola|move: Protect\n|\n|-damage|p2a: Koraidon|0 fnt|[from] psn\n|faint|p2a: Koraidon\n|upkeep\n|\n|t:|1700774782\n|switch|p2a: Giratina|Giratina|25\/100 brn\n|-damage|p2a: Giratina|12\/100 brn|[from] Stealth Rock\n|-ability|p2a: Giratina|Pressure\n|turn|50\n|\n|t:|1700774792\n|move|p2a: Giratina|Protect|p2a: Giratina\n|-singleturn|p2a: Giratina|Protect\n|move|p1a: Alomomola|Whirlpool|p2a: Giratina\n|-activate|p2a: Giratina|move: Protect\n|\n|-heal|p2a: Giratina|19\/100 brn|[from] item: Leftovers\n|-damage|p2a: Giratina|12\/100 brn|[from] brn\n|upkeep\n|turn|51\n|\n|t:|1700774801\n|move|p2a: Giratina|Shadow Force||[still]\n|-prepare|p2a: Giratina|Shadow Force\n|move|p1a: Alomomola|Whirlpool|p2a: Giratina|[miss]\n|-miss|p1a: Alomomola|p2a: Giratina\n|\n|-heal|p2a: Giratina|19\/100 brn|[from] item: Leftovers\n|-damage|p2a: Giratina|12\/100 brn|[from] brn\n|upkeep\n|turn|52\n|\n|t:|1700774810\n|move|p1a: Alomomola|Protect|p1a: Alomomola\n|-singleturn|p1a: Alomomola|Protect\n|move|p2a: Giratina|Shadow Force|p1a: Alomomola|[from]lockedmove\n|-activate|p1a: Alomomola|move: Shadow Force|[broken]\n|-damage|p1a: Alomomola|90\/100\n|\n|-heal|p2a: Giratina|19\/100 brn|[from] item: Leftovers\n|-damage|p2a: Giratina|12\/100 brn|[from] brn\n|upkeep\n|turn|53\n|\n|t:|1700774821\n|move|p2a: Giratina|Protect|p2a: Giratina\n|-singleturn|p2a: Giratina|Protect\n|move|p1a: Alomomola|Whirlpool|p2a: Giratina\n|-activate|p2a: Giratina|move: Protect\n|\n|-heal|p2a: Giratina|19\/100 brn|[from] item: Leftovers\n|-damage|p2a: Giratina|12\/100 brn|[from] brn\n|upkeep\n|turn|54\n|\n|t:|1700774832\n|move|p1a: Alomomola|Whirlpool|p2a: Giratina|[miss]\n|-miss|p1a: Alomomola|p2a: Giratina\n|move|p2a: Giratina|Dragon Tail|p1a: Alomomola\n|-damage|p1a: Alomomola|85\/100\n|drag|p1a: Blissey|Blissey, F|82\/100\n|-damage|p1a: Blissey|69\/100|[from] Stealth Rock\n|-damage|p1a: Blissey|44\/100|[from] Spikes\n|-status|p1a: Blissey|tox\n|\n|-heal|p2a: Giratina|19\/100 brn|[from] item: Leftovers\n|-damage|p1a: Blissey|38\/100 tox|[from] psn\n|-damage|p2a: Giratina|12\/100 brn|[from] brn\n|upkeep\n|turn|55\n|\n|t:|1700774848\n|move|p1a: Blissey|Soft-Boiled|p1a: Blissey\n|-heal|p1a: Blissey|88\/100 tox\n|move|p2a: Giratina|Roar|p1a: Blissey\n|-curestatus|p1a: Blissey|tox|[from] ability: Natural Cure\n|drag|p1a: Alomomola|Alomomola, F|100\/100\n|\n|-heal|p2a: Giratina|19\/100 brn|[from] item: Leftovers\n|-damage|p2a: Giratina|12\/100 brn|[from] brn\n|upkeep\n|turn|56\n|\n|t:|1700774859\n|move|p2a: Giratina|Protect|p2a: Giratina\n|-singleturn|p2a: Giratina|Protect\n|move|p1a: Alomomola|Whirlpool|p2a: Giratina\n|-activate|p2a: Giratina|move: Protect\n|\n|-heal|p2a: Giratina|19\/100 brn|[from] item: Leftovers\n|-damage|p2a: Giratina|12\/100 brn|[from] brn\n|upkeep\n|turn|57\n|\n|t:|1700774870\n|move|p2a: Giratina|Shadow Force||[still]\n|-prepare|p2a: Giratina|Shadow Force\n|move|p1a: Alomomola|Whirlpool|p2a: Giratina|[miss]\n|-miss|p1a: Alomomola|p2a: Giratina\n|\n|-heal|p2a: Giratina|19\/100 brn|[from] item: Leftovers\n|-damage|p2a: Giratina|12\/100 brn|[from] brn\n|upkeep\n|turn|58\n|\n|t:|1700774879\n|move|p2a: Giratina|Shadow Force|p1a: Alomomola|[from]lockedmove\n|-damage|p1a: Alomomola|89\/100\n|move|p1a: Alomomola|Wish|p1a: Alomomola\n|\n|-heal|p2a: Giratina|19\/100 brn|[from] item: Leftovers\n|-damage|p2a: Giratina|12\/100 brn|[from] brn\n|upkeep\n|turn|59\n|\n|t:|1700774888\n|move|p2a: Giratina|Protect|p2a: Giratina\n|-singleturn|p2a: Giratina|Protect\n|move|p1a: Alomomola|Whirlpool|p2a: Giratina\n|-activate|p2a: Giratina|move: Protect\n|\n|-heal|p1a: Alomomola|100\/100|[from] move: Wish|[wisher] Alomomola\n|-heal|p2a: Giratina|19\/100 brn|[from] item: Leftovers\n|-damage|p2a: Giratina|12\/100 brn|[from] brn\n|upkeep\n|turn|60\n|\n|t:|1700774899\n|move|p1a: Alomomola|Whirlpool|p2a: Giratina\n|-resisted|p2a: Giratina\n|-damage|p2a: Giratina|11\/100 brn\n|-activate|p2a: Giratina|move: Whirlpool|[of] p1a: Alomomola\n|move|p2a: Giratina|Dragon Tail|p1a: Alomomola\n|-damage|p1a: Alomomola|95\/100\n|drag|p1a: Blissey|Blissey, F|88\/100\n|-damage|p1a: Blissey|76\/100|[from] Stealth Rock\n|-damage|p1a: Blissey|51\/100|[from] Spikes\n|-status|p1a: Blissey|tox\n|\n|-heal|p2a: Giratina|17\/100 brn|[from] item: Leftovers\n|-damage|p1a: Blissey|45\/100 tox|[from] psn\n|-damage|p2a: Giratina|11\/100 brn|[from] brn\n|-end|p2a: Giratina|Whirlpool|[partiallytrapped]|[silent]\n|upkeep\n|turn|61\n|\n|t:|1700774917\n|move|p1a: Blissey|Soft-Boiled|p1a: Blissey\n|-heal|p1a: Blissey|95\/100 tox\n|move|p2a: Giratina|Roar|p1a: Blissey\n|-curestatus|p1a: Blissey|tox|[from] ability: Natural Cure\n|drag|p1a: Alomomola|Alomomola, F|100\/100\n|\n|-heal|p2a: Giratina|17\/100 brn|[from] item: Leftovers\n|-damage|p2a: Giratina|11\/100 brn|[from] brn\n|upkeep\n|turn|62\n|\n|t:|1700774928\n|move|p2a: Giratina|Protect|p2a: Giratina\n|-singleturn|p2a: Giratina|Protect\n|move|p1a: Alomomola|Chilling Water|p2a: Giratina\n|-activate|p2a: Giratina|move: Protect\n|\n|-heal|p2a: Giratina|17\/100 brn|[from] item: Leftovers\n|-damage|p2a: Giratina|11\/100 brn|[from] brn\n|upkeep\n|turn|63\n|\n|t:|1700774941\n|move|p1a: Alomomola|Whirlpool|p2a: Giratina\n|-resisted|p2a: Giratina\n|-damage|p2a: Giratina|10\/100 brn\n|-activate|p2a: Giratina|move: Whirlpool|[of] p1a: Alomomola\n|move|p2a: Giratina|Roar|p1a: Alomomola\n|drag|p1a: Blissey|Blissey, F|95\/100\n|-damage|p1a: Blissey|82\/100|[from] Stealth Rock\n|-damage|p1a: Blissey|57\/100|[from] Spikes\n|-status|p1a: Blissey|tox\n|\n|-heal|p2a: Giratina|16\/100 brn|[from] item: Leftovers\n|-damage|p1a: Blissey|51\/100 tox|[from] psn\n|-damage|p2a: Giratina|10\/100 brn|[from] brn\n|-end|p2a: Giratina|Whirlpool|[partiallytrapped]|[silent]\n|upkeep\n|turn|64\n|\n|t:|1700774956\n|move|p1a: Blissey|Soft-Boiled|p1a: Blissey\n|-heal|p1a: Blissey|100\/100 tox\n|move|p2a: Giratina|Dragon Tail|p1a: Blissey\n|-damage|p1a: Blissey|91\/100 tox\n|-curestatus|p1a: Blissey|tox|[from] ability: Natural Cure\n|drag|p1a: Alomomola|Alomomola, F|100\/100\n|\n|-heal|p2a: Giratina|16\/100 brn|[from] item: Leftovers\n|-damage|p2a: Giratina|10\/100 brn|[from] brn\n|upkeep\n|turn|65\n|\n|t:|1700774968\n|move|p2a: Giratina|Shadow Force||[still]\n|-prepare|p2a: Giratina|Shadow Force\n|move|p1a: Alomomola|Chilling Water|p2a: Giratina|[miss]\n|-miss|p1a: Alomomola|p2a: Giratina\n|\n|-heal|p2a: Giratina|16\/100 brn|[from] item: Leftovers\n|-damage|p2a: Giratina|10\/100 brn|[from] brn\n|upkeep\n|turn|66\n|\n|t:|1700774977\n|move|p2a: Giratina|Shadow Force|p1a: Alomomola|[from]lockedmove\n|-damage|p1a: Alomomola|89\/100\n|move|p1a: Alomomola|Chilling Water|p2a: Giratina\n|-resisted|p2a: Giratina\n|-damage|p2a: Giratina|8\/100 brn\n|-unboost|p2a: Giratina|atk|1\n|\n|-heal|p2a: Giratina|14\/100 brn|[from] item: Leftovers\n|-damage|p2a: Giratina|8\/100 brn|[from] brn\n|upkeep\n|turn|67\n|\n|t:|1700774988\n|move|p2a: Giratina|Protect|p2a: Giratina\n|-singleturn|p2a: Giratina|Protect\n|move|p1a: Alomomola|Chilling Water|p2a: Giratina\n|-activate|p2a: Giratina|move: Protect\n|\n|-heal|p2a: Giratina|14\/100 brn|[from] item: Leftovers\n|-damage|p2a: Giratina|8\/100 brn|[from] brn\n|upkeep\n|turn|68\n|\n|t:|1700774997\n|move|p2a: Giratina|Shadow Force||[still]\n|-prepare|p2a: Giratina|Shadow Force\n|move|p1a: Alomomola|Chilling Water|p2a: Giratina|[miss]\n|-miss|p1a: Alomomola|p2a: Giratina\n|\n|-heal|p2a: Giratina|14\/100 brn|[from] item: Leftovers\n|-damage|p2a: Giratina|8\/100 brn|[from] brn\n|upkeep\n|turn|69\n|\n|t:|1700775005\n|move|p2a: Giratina|Shadow Force|p1a: Alomomola|[from]lockedmove\n|-damage|p1a: Alomomola|83\/100\n|move|p1a: Alomomola|Chilling Water|p2a: Giratina\n|-resisted|p2a: Giratina\n|-damage|p2a: Giratina|6\/100 brn\n|-unboost|p2a: Giratina|atk|1\n|\n|-heal|p2a: Giratina|12\/100 brn|[from] item: Leftovers\n|-damage|p2a: Giratina|6\/100 brn|[from] brn\n|upkeep\n|turn|70\n|\n|t:|1700775017\n|move|p1a: Alomomola|Chilling Water|p2a: Giratina\n|-resisted|p2a: Giratina\n|-damage|p2a: Giratina|4\/100 brn\n|-unboost|p2a: Giratina|atk|1\n|move|p2a: Giratina|Dragon Tail|p1a: Alomomola\n|-damage|p1a: Alomomola|80\/100\n|drag|p1a: Blissey|Blissey, F|91\/100\n|-damage|p1a: Blissey|78\/100|[from] Stealth Rock\n|-damage|p1a: Blissey|53\/100|[from] Spikes\n|-status|p1a: Blissey|tox\n|\n|-heal|p2a: Giratina|10\/100 brn|[from] item: Leftovers\n|-damage|p1a: Blissey|47\/100 tox|[from] psn\n|-damage|p2a: Giratina|4\/100 brn|[from] brn\n|upkeep\n|turn|71\n|\n|t:|1700775033\n|move|p1a: Blissey|Soft-Boiled|p1a: Blissey\n|-heal|p1a: Blissey|97\/100 tox\n|move|p2a: Giratina|Dragon Tail|p1a: Blissey\n|-damage|p1a: Blissey|94\/100 tox\n|-curestatus|p1a: Blissey|tox|[from] ability: Natural Cure\n|drag|p1a: Alomomola|Alomomola, F|100\/100\n|\n|-heal|p2a: Giratina|10\/100 brn|[from] item: Leftovers\n|-damage|p2a: Giratina|4\/100 brn|[from] brn\n|upkeep\n|turn|72\n|\n|t:|1700775045\n|move|p2a: Giratina|Shadow Force||[still]\n|-prepare|p2a: Giratina|Shadow Force\n|move|p1a: Alomomola|Chilling Water|p2a: Giratina|[miss]\n|-miss|p1a: Alomomola|p2a: Giratina\n|\n|-heal|p2a: Giratina|10\/100 brn|[from] item: Leftovers\n|-damage|p2a: Giratina|4\/100 brn|[from] brn\n|upkeep\n|turn|73\n|\n|t:|1700775053\n|move|p2a: Giratina|Shadow Force|p1a: Alomomola|[from]lockedmove\n|-damage|p1a: Alomomola|96\/100\n|move|p1a: Alomomola|Chilling Water|p2a: Giratina\n|-resisted|p2a: Giratina\n|-damage|p2a: Giratina|2\/100 brn\n|-unboost|p2a: Giratina|atk|1\n|\n|-heal|p2a: Giratina|8\/100 brn|[from] item: Leftovers\n|-damage|p2a: Giratina|2\/100 brn|[from] brn\n|upkeep\n|turn|74\n|\n|t:|1700775065\n|move|p2a: Giratina|Protect|p2a: Giratina\n|-singleturn|p2a: Giratina|Protect\n|move|p1a: Alomomola|Chilling Water|p2a: Giratina\n|-activate|p2a: Giratina|move: Protect\n|\n|-heal|p2a: Giratina|8\/100 brn|[from] item: Leftovers\n|-damage|p2a: Giratina|2\/100 brn|[from] brn\n|upkeep\n|turn|75\n|\n|t:|1700775076\n|move|p2a: Giratina|Shadow Force||[still]\n|-prepare|p2a: Giratina|Shadow Force\n|move|p1a: Alomomola|Chilling Water|p2a: Giratina|[miss]\n|-miss|p1a: Alomomola|p2a: Giratina\n|\n|-heal|p2a: Giratina|8\/100 brn|[from] item: Leftovers\n|-damage|p2a: Giratina|2\/100 brn|[from] brn\n|upkeep\n|turn|76\n|\n|t:|1700775084\n|move|p2a: Giratina|Shadow Force|p1a: Alomomola|[from]lockedmove\n|-damage|p1a: Alomomola|93\/100\n|move|p1a: Alomomola|Chilling Water|p2a: Giratina\n|-resisted|p2a: Giratina\n|-damage|p2a: Giratina|0 fnt\n|faint|p2a: Giratina\n|\n|upkeep\n|\n|t:|1700775088\n|switch|p2a: Groudon|Groudon|100\/100\n|-damage|p2a: Groudon|94\/100|[from] Stealth Rock\n|-weather|SunnyDay|[from] ability: Drought|[of] p2a: Groudon\n|turn|77\n|\n|t:|1700775098\n|switch|p2a: Toxapex|Toxapex, F|90\/100\n|-damage|p2a: Toxapex|78\/100|[from] Stealth Rock\n|move|p1a: Alomomola|Chilling Water|p2a: Toxapex\n|-resisted|p2a: Toxapex\n|-damage|p2a: Toxapex|77\/100\n|-unboost|p2a: Toxapex|atk|1\n|\n|-weather|SunnyDay|[upkeep]\n|-heal|p2a: Toxapex|83\/100|[from] item: Leftovers\n|upkeep\n|turn|78\n|-message|SNiCKER_001 forfeited.\n|\n|win|not gaussfield\n|raw|SNiCKER_001's rating: 1292 &rarr; <strong>1273<\/strong><br \/>(-19 for losing)\n|raw|not gaussfield's rating: 1383 &rarr; <strong>1398<\/strong><br \/>(+15 for winning)\n|l|\u2606SNiCKER_001\n","uploadtime":1700775241,"views":1,"p1id":"snicker001","p2id":"notgaussfield","formatid":"gen9anythinggoes","rating":1273,"private":0,"password":""}