{"id":"gen9anythinggoes-1994792651","p1":"Pornoutz","p2":"Damsh","format":"[Gen 9] Anything Goes","log":"|j|\u2606Pornoutz\n|j|\u2606Damsh\n|t:|1700493253\n|gametype|singles\n|player|p1|Pornoutz|veteran|\n|player|p2|Damsh|fisherman-gen4|\n|teamsize|p1|6\n|teamsize|p2|6\n|gen|9\n|tier|[Gen 9] Anything Goes\n|rule|HP Percentage Mod: HP is shown in percentages\n|rule|Endless Battle Clause: Forcing endless battles is banned\n|clearpoke\n|poke|p1|Mandibuzz, F|\n|poke|p1|Baxcalibur, F|\n|poke|p1|Landorus-Therian, M|\n|poke|p1|Slowbro-Galar, F|\n|poke|p1|Chi-Yu|\n|poke|p1|Hawlucha, M|\n|poke|p2|Gliscor, F|\n|poke|p2|Moltres-Galar|\n|poke|p2|Iron Bundle|\n|poke|p2|Kommo-o, M|\n|poke|p2|Maushold-Four|\n|poke|p2|Blissey, F|\n|teampreview\n|\n|t:|1700493276\n|start\n|switch|p1a: Landorus|Landorus-Therian, M|100\/100\n|switch|p2a: Iron Bundle|Iron Bundle|100\/100\n|-ability|p1a: Landorus|Intimidate|boost\n|-unboost|p2a: Iron Bundle|atk|1\n|turn|1\n|\n|t:|1700493310\n|switch|p1a: Slowbro|Slowbro-Galar, F|100\/100\n|move|p2a: Iron Bundle|Ice Beam|p1a: Slowbro\n|-damage|p1a: Slowbro|46\/100\n|\n|upkeep\n|turn|2\n|-activate|p1a: Slowbro|item: Quick Claw\n|\n|t:|1700493319\n|move|p1a: Slowbro|Sludge Bomb|p2a: Iron Bundle\n|-damage|p2a: Iron Bundle|15\/100\n|-status|p2a: Iron Bundle|psn\n|move|p2a: Iron Bundle|Ice Beam|p1a: Slowbro\n|-damage|p1a: Slowbro|0 fnt\n|faint|p1a: Slowbro\n|\n|-damage|p2a: Iron Bundle|3\/100 psn|[from] psn\n|upkeep\n|\n|t:|1700493333\n|switch|p1a: Baxcalibur|Baxcalibur, F|100\/100\n|turn|3\n|\n|t:|1700493338\n|-end|p2a: Iron Bundle|Quark Drive|[silent]\n|switch|p2a: Gliscor|Gliscor, F, shiny|100\/100\n|move|p1a: Baxcalibur|Dragon Dance|p1a: Baxcalibur\n|-boost|p1a: Baxcalibur|atk|1\n|-boost|p1a: Baxcalibur|spe|1\n|\n|-status|p2a: Gliscor|tox|[from] item: Toxic Orb\n|upkeep\n|turn|4\n|\n|t:|1700493364\n|switch|p2a: Moltres|Moltres-Galar, shiny|100\/100\n|move|p1a: Baxcalibur|Icicle Spear|p2a: Moltres\n|-supereffective|p2a: Moltres\n|-damage|p2a: Moltres|53\/100\n|-enditem|p2a: Moltres|Weakness Policy\n|-boost|p2a: Moltres|atk|2|[from] item: Weakness Policy\n|-boost|p2a: Moltres|spa|2|[from] item: Weakness Policy\n|-supereffective|p2a: Moltres\n|-crit|p2a: Moltres\n|-damage|p2a: Moltres|0 fnt\n|faint|p2a: Moltres\n|-hitcount|p2: Moltres|2\n|\n|upkeep\n|\n|t:|1700493380\n|switch|p2a: Maushold|Maushold-Four|100\/100\n|turn|5\n|\n|t:|1700493387\n|-terastallize|p2a: Maushold|Normal\n|move|p1a: Baxcalibur|Scale Shot|p2a: Maushold\n|-damage|p2a: Maushold|65\/100\n|-crit|p2a: Maushold\n|-damage|p2a: Maushold|12\/100\n|-damage|p2a: Maushold|0 fnt\n|faint|p2a: Maushold\n|-hitcount|p2: Maushold|3\n|-unboost|p1a: Baxcalibur|def|1\n|-boost|p1a: Baxcalibur|spe|1\n|\n|upkeep\n|\n|t:|1700493399\n|switch|p2a: Iron Bundle|Iron Bundle|3\/100 psn\n|turn|6\n|\n|t:|1700493406\n|move|p1a: Baxcalibur|Icicle Spear|p2a: Iron Bundle\n|-resisted|p2a: Iron Bundle\n|-damage|p2a: Iron Bundle|0 fnt\n|faint|p2a: Iron Bundle\n|-end|p2a: Iron Bundle|Quark Drive|[silent]\n|-hitcount|p2: Iron Bundle|1\n|\n|upkeep\n|\n|t:|1700493411\n|switch|p2a: Gliscor|Gliscor, F, shiny|100\/100 tox\n|turn|7\n|\n|t:|1700493424\n|move|p2a: Gliscor|Protect|p2a: Gliscor\n|-singleturn|p2a: Gliscor|Protect\n|move|p1a: Baxcalibur|Icicle Spear|p2a: Gliscor\n|-activate|p2a: Gliscor|move: Protect\n|\n|upkeep\n|turn|8\n|\n|t:|1700493431\n|move|p1a: Baxcalibur|Icicle Spear|p2a: Gliscor\n|-supereffective|p2a: Gliscor\n|-damage|p2a: Gliscor|32\/100 tox\n|-supereffective|p2a: Gliscor\n|-damage|p2a: Gliscor|0 fnt\n|faint|p2a: Gliscor\n|-hitcount|p2: Gliscor|2\n|\n|upkeep\n|\n|t:|1700493438\n|switch|p2a: Kommo-o|Kommo-o, M|100\/100\n|turn|9\n|\n|t:|1700493442\n|move|p1a: Baxcalibur|Icicle Spear|p2a: Kommo-o\n|-supereffective|p2a: Kommo-o\n|-damage|p2a: Kommo-o|54\/100\n|-supereffective|p2a: Kommo-o\n|-damage|p2a: Kommo-o|8\/100\n|-supereffective|p2a: Kommo-o\n|-damage|p2a: Kommo-o|0 fnt\n|faint|p2a: Kommo-o\n|-hitcount|p2: Kommo-o|3\n|\n|upkeep\n|\n|t:|1700493450\n|switch|p2a: Blissey|Blissey, F|100\/100\n|turn|10\n|\n|t:|1700493453\n|move|p1a: Baxcalibur|Icicle Spear|p2a: Blissey\n|-damage|p2a: Blissey|82\/100\n|-damage|p2a: Blissey|62\/100\n|-damage|p2a: Blissey|43\/100\n|-damage|p2a: Blissey|25\/100\n|-damage|p2a: Blissey|8\/100\n|-hitcount|p2a: Blissey|5\n|move|p2a: Blissey|Seismic Toss|p1a: Baxcalibur\n|-damage|p1a: Baxcalibur|74\/100\n|\n|-heal|p2a: Blissey|14\/100|[from] item: Leftovers\n|upkeep\n|turn|11\n|\n|t:|1700493466\n|move|p1a: Baxcalibur|Icicle Spear|p2a: Blissey\n|-crit|p2a: Blissey\n|-damage|p2a: Blissey|0 fnt\n|faint|p2a: Blissey\n|-hitcount|p2: Blissey|1\n|\n|win|Pornoutz\n","uploadtime":1700493476,"views":2,"p1id":"pornoutz","p2id":"damsh","formatid":"gen9anythinggoes","rating":0,"private":0,"password":""}