{"id":"gen9anythinggoes-1983830275","p1":"beetlejuggler","p2":"Jinjh","format":"[Gen 9] Anything Goes","log":"|j|\u2606beetlejuggler\n|j|\u2606Jinjh\n|t:|1699188665\n|gametype|singles\n|player|p1|beetlejuggler|265|1112\n|player|p2|Jinjh|lucas|1097\n|teamsize|p1|6\n|teamsize|p2|6\n|gen|9\n|tier|[Gen 9] Anything Goes\n|rated|\n|rule|HP Percentage Mod: HP is shown in percentages\n|rule|Endless Battle Clause: Forcing endless battles is banned\n|clearpoke\n|poke|p1|Quagsire, F|\n|poke|p1|Quagsire, M|\n|poke|p1|Quagsire, F|\n|poke|p1|Clodsire, F|\n|poke|p1|Clodsire, M|\n|poke|p1|Clodsire, F|\n|poke|p2|Kingambit, F|\n|poke|p2|Espathra, M|\n|poke|p2|Ogerpon-Hearthflame, F|\n|poke|p2|Ceruledge, M|\n|poke|p2|Zoroark-Hisui, M|\n|poke|p2|Darkrai|\n|teampreview\n|inactive|Battle timer is ON: inactive players will automatically lose when time's up. (requested by Jinjh)\n|\n|t:|1699188694\n|start\n|switch|p1a: Clodsire|Clodsire, F|100\/100\n|switch|p2a: Ogerpon|Ogerpon-Hearthflame, F|100\/100\n|-ability|p2a: Ogerpon|Mold Breaker\n|turn|1\n|\n|t:|1699188716\n|move|p2a: Ogerpon|Swords Dance|p2a: Ogerpon\n|-boost|p2a: Ogerpon|atk|2\n|move|p1a: Clodsire|Toxic Spikes|p2a: Ogerpon\n|-sidestart|p2: Jinjh|move: Toxic Spikes\n|\n|upkeep\n|turn|2\n|\n|t:|1699188721\n|move|p2a: Ogerpon|Power Whip|p1a: Clodsire\n|-damage|p1a: Clodsire|0 fnt\n|faint|p1a: Clodsire\n|\n|upkeep\n|\n|t:|1699188729\n|switch|p1a: Quagsire|Quagsire, M|100\/100\n|turn|3\n|\n|t:|1699188732\n|move|p2a: Ogerpon|Power Whip|p1a: Quagsire|[miss]\n|-miss|p2a: Ogerpon|p1a: Quagsire\n|move|p1a: Quagsire|Counter||[still]\n|-fail|p1a: Quagsire\n|\n|upkeep\n|turn|4\n|\n|t:|1699188738\n|move|p1a: Quagsire|Protect|p1a: Quagsire\n|-singleturn|p1a: Quagsire|Protect\n|move|p2a: Ogerpon|Power Whip|p1a: Quagsire\n|-activate|p1a: Quagsire|move: Protect\n|\n|upkeep\n|turn|5\n|\n|t:|1699188745\n|move|p2a: Ogerpon|Power Whip|p1a: Quagsire\n|-supereffective|p1a: Quagsire\n|-enditem|p1a: Quagsire|Focus Sash\n|-damage|p1a: Quagsire|1\/100\n|move|p1a: Quagsire|Counter|p2a: Ogerpon\n|-damage|p2a: Ogerpon|0 fnt\n|faint|p2a: Ogerpon\n|\n|upkeep\n|\n|t:|1699188760\n|switch|p2a: Kingambit|Kingambit, F, shiny|100\/100\n|-status|p2a: Kingambit|psn\n|-enditem|p2a: Kingambit|Lum Berry|[eat]\n|-curestatus|p2a: Kingambit|psn|[msg]\n|turn|6\n|\n|t:|1699188767\n|move|p2a: Kingambit|Bitter Malice|p1a: Quagsire\n|-damage|p1a: Quagsire|0 fnt\n|faint|p1a: Quagsire\n|\n|upkeep\n|\n|t:|1699188789\n|switch|p1a: Clodsire|Clodsire, F|100\/100\n|turn|7\n|\n|t:|1699188797\n|move|p2a: Kingambit|Hone Claws|p2a: Kingambit\n|-boost|p2a: Kingambit|atk|1\n|-boost|p2a: Kingambit|accuracy|1\n|move|p1a: Clodsire|Earthquake|p2a: Kingambit\n|-damage|p2a: Kingambit|28\/100\n|replace|p2a: Zoroark|Zoroark-Hisui, M, shiny\n|-end|p2a: Zoroark|Illusion\n|\n|upkeep\n|turn|8\n|\n|t:|1699188811\n|switch|p1a: Quagsire|Quagsire, F|100\/100\n|move|p2a: Zoroark|Poltergeist|p1a: Quagsire\n|-activate|p1a: Quagsire|move: Poltergeist|Leftovers\n|-damage|p1a: Quagsire|72\/100\n|\n|-heal|p1a: Quagsire|78\/100|[from] item: Leftovers\n|upkeep\n|turn|9\n|\n|t:|1699188821\n|move|p2a: Zoroark|Bitter Malice|p1a: Quagsire\n|-damage|p1a: Quagsire|42\/100\n|-unboost|p1a: Quagsire|atk|1\n|move|p1a: Quagsire|Recover|p1a: Quagsire\n|-heal|p1a: Quagsire|92\/100\n|\n|-heal|p1a: Quagsire|98\/100|[from] item: Leftovers\n|upkeep\n|turn|10\n|\n|t:|1699188832\n|move|p2a: Zoroark|Bitter Malice|p1a: Quagsire\n|-crit|p1a: Quagsire\n|-damage|p1a: Quagsire|36\/100\n|-unboost|p1a: Quagsire|atk|1\n|move|p1a: Quagsire|Earthquake|p2a: Zoroark\n|-damage|p2a: Zoroark|1\/100\n|\n|-heal|p1a: Quagsire|42\/100|[from] item: Leftovers\n|upkeep\n|turn|11\n|\n|t:|1699188843\n|move|p2a: Zoroark|Bitter Malice|p1a: Quagsire\n|-damage|p1a: Quagsire|2\/100\n|-unboost|p1a: Quagsire|atk|1\n|move|p1a: Quagsire|Recover|p1a: Quagsire\n|-heal|p1a: Quagsire|52\/100\n|\n|-heal|p1a: Quagsire|58\/100|[from] item: Leftovers\n|upkeep\n|turn|12\n|\n|t:|1699188854\n|-singleturn|p2a: Zoroark|move: Focus Punch\n|move|p1a: Quagsire|Recover|p1a: Quagsire\n|-heal|p1a: Quagsire|100\/100\n|move|p2a: Zoroark|Focus Punch|p1a: Quagsire\n|-damage|p1a: Quagsire|77\/100\n|\n|-heal|p1a: Quagsire|83\/100|[from] item: Leftovers\n|upkeep\n|turn|13\n|\n|t:|1699188864\n|move|p2a: Zoroark|Bitter Malice|p1a: Quagsire\n|-damage|p1a: Quagsire|47\/100\n|-unboost|p1a: Quagsire|atk|1\n|move|p1a: Quagsire|Earthquake|p2a: Zoroark\n|-damage|p2a: Zoroark|0 fnt\n|faint|p2a: Zoroark\n|\n|-heal|p1a: Quagsire|53\/100|[from] item: Leftovers\n|upkeep\n|\n|t:|1699188879\n|switch|p2a: Ceruledge|Ceruledge, M, shiny|100\/100\n|-status|p2a: Ceruledge|psn\n|turn|14\n|\n|t:|1699188888\n|move|p2a: Ceruledge|Bitter Blade|p1a: Quagsire\n|-resisted|p1a: Quagsire\n|-damage|p1a: Quagsire|39\/100\n|move|p1a: Quagsire|Recover|p1a: Quagsire\n|-heal|p1a: Quagsire|89\/100\n|\n|-heal|p1a: Quagsire|95\/100|[from] item: Leftovers\n|-damage|p2a: Ceruledge|88\/100 psn|[from] psn\n|upkeep\n|turn|15\n|\n|t:|1699188900\n|move|p2a: Ceruledge|Destiny Bond|p2a: Ceruledge\n|-singlemove|p2a: Ceruledge|Destiny Bond\n|move|p1a: Quagsire|Earthquake|p2a: Ceruledge\n|-supereffective|p2a: Ceruledge\n|-damage|p2a: Ceruledge|63\/100 psn\n|-ability|p2a: Ceruledge|Weak Armor|boost\n|-unboost|p2a: Ceruledge|def|1\n|-boost|p2a: Ceruledge|spe|2\n|\n|-heal|p2a: Ceruledge|69\/100 psn|[from] item: Leftovers\n|-heal|p1a: Quagsire|100\/100|[from] item: Leftovers\n|-damage|p2a: Ceruledge|57\/100 psn|[from] psn\n|upkeep\n|turn|16\n|\n|t:|1699188913\n|move|p2a: Ceruledge|Destiny Bond||[still]\n|-fail|p2a: Ceruledge\n|move|p1a: Quagsire|Earthquake|p2a: Ceruledge\n|-supereffective|p2a: Ceruledge\n|-damage|p2a: Ceruledge|32\/100 psn\n|-ability|p2a: Ceruledge|Weak Armor|boost\n|-unboost|p2a: Ceruledge|def|1\n|-boost|p2a: Ceruledge|spe|2\n|\n|-heal|p2a: Ceruledge|38\/100 psn|[from] item: Leftovers\n|-damage|p2a: Ceruledge|25\/100 psn|[from] psn\n|upkeep\n|turn|17\n|\n|t:|1699188925\n|move|p2a: Ceruledge|Destiny Bond|p2a: Ceruledge\n|-singlemove|p2a: Ceruledge|Destiny Bond\n|move|p1a: Quagsire|Haze|p1a: Quagsire\n|-clearallboost\n|\n|-heal|p2a: Ceruledge|32\/100 psn|[from] item: Leftovers\n|-damage|p2a: Ceruledge|19\/100 psn|[from] psn\n|upkeep\n|turn|18\n|\n|t:|1699188934\n|move|p2a: Ceruledge|Destiny Bond||[still]\n|-fail|p2a: Ceruledge\n|move|p1a: Quagsire|Earthquake|p2a: Ceruledge\n|-supereffective|p2a: Ceruledge\n|-damage|p2a: Ceruledge|0 fnt\n|faint|p2a: Ceruledge\n|\n|upkeep\n|\n|t:|1699188946\n|switch|p2a: Darkrai|Darkrai, shiny|100\/100\n|-status|p2a: Darkrai|psn\n|turn|19\n|inactive|beetlejuggler has 120 seconds left.\n|\n|t:|1699188976\n|switch|p1a: Clodsire|Clodsire, M|100\/100\n|move|p2a: Darkrai|Hypnosis|p1a: Clodsire|[miss]\n|-miss|p2a: Darkrai|p1a: Clodsire\n|\n|-damage|p2a: Darkrai|88\/100 psn|[from] psn\n|upkeep\n|turn|20\n|inactive|beetlejuggler has 120 seconds left.\n|\n|t:|1699188988\n|move|p2a: Darkrai|Hypnosis|p1a: Clodsire|[miss]\n|-miss|p2a: Darkrai|p1a: Clodsire\n|move|p1a: Clodsire|Earthquake|p2a: Darkrai\n|-damage|p2a: Darkrai|54\/100 psn\n|\n|-heal|p2a: Darkrai|60\/100 psn|[from] item: Leftovers\n|-damage|p2a: Darkrai|47\/100 psn|[from] psn\n|upkeep\n|turn|21\n|\n|t:|1699188997\n|switch|p1a: Clodsire|Clodsire, F|100\/100\n|move|p2a: Darkrai|Hypnosis|p1a: Clodsire\n|-status|p1a: Clodsire|slp|[from] move: Hypnosis\n|\n|-heal|p2a: Darkrai|53\/100 psn|[from] item: Leftovers\n|-damage|p2a: Darkrai|41\/100 psn|[from] psn\n|-damage|p1a: Clodsire|88\/100 slp|[from] ability: Bad Dreams|[of] p2a: Darkrai\n|upkeep\n|turn|22\n|\n|t:|1699189009\n|move|p2a: Darkrai|Dark Pulse|p1a: Clodsire\n|-damage|p1a: Clodsire|70\/100 slp\n|cant|p1a: Clodsire|slp\n|\n|-heal|p2a: Darkrai|47\/100 psn|[from] item: Leftovers\n|-damage|p2a: Darkrai|35\/100 psn|[from] psn\n|-damage|p1a: Clodsire|58\/100 slp|[from] ability: Bad Dreams|[of] p2a: Darkrai\n|upkeep\n|turn|23\n|\n|t:|1699189019\n|move|p2a: Darkrai|Drain Punch|p1a: Clodsire\n|-resisted|p1a: Clodsire\n|-damage|p1a: Clodsire|47\/100 slp\n|-heal|p2a: Darkrai|43\/100 psn|[from] drain|[of] p1a: Clodsire\n|cant|p1a: Clodsire|slp\n|\n|-heal|p2a: Darkrai|49\/100 psn|[from] item: Leftovers\n|-damage|p2a: Darkrai|36\/100 psn|[from] psn\n|-damage|p1a: Clodsire|35\/100 slp|[from] ability: Bad Dreams|[of] p2a: Darkrai\n|upkeep\n|turn|24\n|\n|t:|1699189031\n|move|p2a: Darkrai|Poison Jab|p1a: Clodsire\n|-resisted|p1a: Clodsire\n|-damage|p1a: Clodsire|29\/100 slp\n|-curestatus|p1a: Clodsire|slp|[msg]\n|move|p1a: Clodsire|Earthquake|p2a: Darkrai\n|-damage|p2a: Darkrai|0 fnt\n|faint|p2a: Darkrai\n|\n|upkeep\n|\n|t:|1699189040\n|switch|p2a: Espathra|Espathra, M, shiny|100\/100\n|-status|p2a: Espathra|psn\n|-enditem|p2a: Espathra|Lum Berry|[eat]\n|-curestatus|p2a: Espathra|psn|[msg]\n|turn|25\n|\n|t:|1699189050\n|move|p2a: Espathra|Calm Mind|p2a: Espathra\n|-boost|p2a: Espathra|spa|1\n|-boost|p2a: Espathra|spd|1\n|move|p1a: Clodsire|Megahorn|p2a: Espathra\n|-supereffective|p2a: Espathra\n|-damage|p2a: Espathra|8\/100\n|\n|-ability|p2a: Espathra|Speed Boost|boost\n|-boost|p2a: Espathra|spe|1\n|upkeep\n|turn|26\n|\n|t:|1699189061\n|move|p2a: Espathra|Baton Pass|p2a: Espathra\n|\n|t:|1699189063\n|switch|p2a: Kingambit|Kingambit, F, shiny|100\/100|[from] Baton Pass\n|-activate|p2a: Kingambit|ability: Supreme Overlord\n|-start|p2a: Kingambit|fallen4|[silent]\n|move|p1a: Clodsire|Liquidation|p2a: Kingambit\n|-damage|p2a: Kingambit|82\/100\n|\n|-heal|p2a: Kingambit|88\/100|[from] item: Leftovers\n|upkeep\n|turn|27\n|\n|t:|1699189075\n|-terastallize|p2a: Kingambit|Ghost\n|move|p2a: Kingambit|Kowtow Cleave|p1a: Clodsire\n|-damage|p1a: Clodsire|0 fnt\n|faint|p1a: Clodsire\n|\n|-heal|p2a: Kingambit|94\/100|[from] item: Leftovers\n|upkeep\n|\n|t:|1699189088\n|switch|p1a: Quagsire|Quagsire, F|100\/100\n|turn|28\n|\n|t:|1699189096\n|move|p2a: Kingambit|Swords Dance|p2a: Kingambit\n|-boost|p2a: Kingambit|atk|2\n|move|p1a: Quagsire|Earthquake|p2a: Kingambit\n|-damage|p2a: Kingambit|66\/100\n|\n|-heal|p2a: Kingambit|72\/100|[from] item: Leftovers\n|upkeep\n|turn|29\n|\n|t:|1699189105\n|switch|p1a: Quagsire|Quagsire, F|100\/100\n|move|p2a: Kingambit|Kowtow Cleave|p1a: Quagsire\n|-damage|p1a: Quagsire|50\/100\n|\n|-heal|p2a: Kingambit|78\/100|[from] item: Leftovers\n|upkeep\n|turn|30\n|\n|t:|1699189113\n|move|p2a: Kingambit|Kowtow Cleave|p1a: Quagsire\n|-damage|p1a: Quagsire|0 fnt\n|faint|p1a: Quagsire\n|\n|-heal|p2a: Kingambit|84\/100|[from] item: Leftovers\n|upkeep\n|\n|t:|1699189117\n|switch|p1a: Clodsire|Clodsire, M|100\/100\n|turn|31\n|\n|t:|1699189129\n|move|p2a: Kingambit|Kowtow Cleave|p1a: Clodsire\n|-damage|p1a: Clodsire|42\/100\n|move|p1a: Clodsire|Toxic|p2a: Kingambit\n|-status|p2a: Kingambit|tox\n|\n|-heal|p2a: Kingambit|91\/100 tox|[from] item: Leftovers\n|-heal|p1a: Clodsire|48\/100|[from] item: Leftovers\n|-damage|p2a: Kingambit|84\/100 tox|[from] psn\n|upkeep\n|turn|32\n|\n|t:|1699189140\n|move|p2a: Kingambit|Kowtow Cleave|p1a: Clodsire\n|-damage|p1a: Clodsire|0 fnt\n|faint|p1a: Clodsire\n|\n|-heal|p2a: Kingambit|91\/100 tox|[from] item: Leftovers\n|-damage|p2a: Kingambit|78\/100 tox|[from] psn\n|upkeep\n|\n|t:|1699189151\n|switch|p1a: Quagsire|Quagsire, F|100\/100\n|turn|33\n|\n|t:|1699189155\n|move|p2a: Kingambit|Kowtow Cleave|p1a: Quagsire\n|-damage|p1a: Quagsire|66\/100\n|move|p1a: Quagsire|Recover|p1a: Quagsire\n|-heal|p1a: Quagsire|100\/100\n|\n|-heal|p2a: Kingambit|84\/100 tox|[from] item: Leftovers\n|-damage|p2a: Kingambit|66\/100 tox|[from] psn\n|upkeep\n|turn|34\n|\n|t:|1699189169\n|move|p2a: Kingambit|Kowtow Cleave|p1a: Quagsire\n|-damage|p1a: Quagsire|63\/100\n|move|p1a: Quagsire|Recover|p1a: Quagsire\n|-heal|p1a: Quagsire|100\/100\n|\n|-heal|p2a: Kingambit|72\/100 tox|[from] item: Leftovers\n|-damage|p2a: Kingambit|47\/100 tox|[from] psn\n|upkeep\n|turn|35\n|\n|t:|1699189183\n|move|p2a: Kingambit|Iron Head|p1a: Quagsire\n|-resisted|p1a: Quagsire\n|-damage|p1a: Quagsire|82\/100\n|move|p1a: Quagsire|Recover|p1a: Quagsire\n|-heal|p1a: Quagsire|100\/100\n|\n|-heal|p2a: Kingambit|54\/100 tox|[from] item: Leftovers\n|-damage|p2a: Kingambit|23\/100 tox|[from] psn\n|upkeep\n|turn|36\n|\n|t:|1699189197\n|move|p2a: Kingambit|Kowtow Cleave|p1a: Quagsire\n|-damage|p1a: Quagsire|62\/100\n|move|p1a: Quagsire|Recover|p1a: Quagsire\n|-heal|p1a: Quagsire|100\/100\n|\n|-heal|p2a: Kingambit|29\/100 tox|[from] item: Leftovers\n|-damage|p2a: Kingambit|0 fnt|[from] psn\n|faint|p2a: Kingambit\n|-end|p2a: Kingambit|fallen4|[silent]\n|upkeep\n|\n|t:|1699189208\n|switch|p2a: Espathra|Espathra, M, shiny|8\/100\n|-status|p2a: Espathra|psn\n|turn|37\n|\n|t:|1699189213\n|move|p2a: Espathra|Lumina Crash|p1a: Quagsire\n|-damage|p1a: Quagsire|65\/100\n|-unboost|p1a: Quagsire|spd|2\n|move|p1a: Quagsire|Earthquake|p2a: Espathra\n|-damage|p2a: Espathra|0 fnt\n|faint|p2a: Espathra\n|\n|win|beetlejuggler\n|raw|beetlejuggler's rating: 1112 &rarr; <strong>1136<\/strong><br \/>(+24 for winning)\n|raw|Jinjh's rating: 1097 &rarr; <strong>1074<\/strong><br \/>(-23 for losing)\n|c|\u2606beetlejuggler|gg\n|l|\u2606Jinjh\n","uploadtime":1699189224,"views":4,"p1id":"beetlejuggler","p2id":"jinjh","formatid":"gen9anythinggoes","rating":1074,"private":0,"password":""}