{"id":"gen9anythinggoes-1990036375","p1":"uyufyttrdfghji","p2":"Mattattac","format":"[Gen 9] Anything Goes","log":"|j|\u2606uyufyttrdfghji\n|j|\u2606Mattattac\n|t:|1699917720\n|gametype|singles\n|player|p1|uyufyttrdfghji|pokemaniac|\n|player|p2|Mattattac|nate|\n|teamsize|p1|6\n|teamsize|p2|6\n|gen|9\n|tier|[Gen 9] Anything Goes\n|rule|HP Percentage Mod: HP is shown in percentages\n|rule|Endless Battle Clause: Forcing endless battles is banned\n|clearpoke\n|poke|p1|Charizard, M|\n|poke|p1|Quaquaval, F|\n|poke|p1|Typhlosion-Hisui, M|\n|poke|p1|Samurott-Hisui, M|\n|poke|p1|Meowscarada, F|\n|poke|p1|Decidueye-Hisui, M|\n|poke|p2|Meowscarada, M|\n|poke|p2|Dragapult, M|\n|poke|p2|Gholdengo|\n|poke|p2|Greninja-*, M|\n|poke|p2|Iron Moth|\n|poke|p2|Kingambit, M|\n|teampreview\n|c|\u2606uyufyttrdfghji|haha\n|c|\u2606Mattattac|what\n|c|\u2606uyufyttrdfghji|surpream overlord?\n|c|\u2606Mattattac|why\n|c|\u2606Mattattac|does it really matter\n|\n|t:|1699917808\n|start\n|switch|p1a: Typhlosion|Typhlosion-Hisui, M, shiny|100\/100\n|switch|p2a: Iron Moth|Iron Moth, shiny|100\/100\n|-item|p2a: Iron Moth|Booster Energy|[from] ability: Frisk|[of] p1a: Typhlosion|[identify]\n|-enditem|p2a: Iron Moth|Booster Energy\n|-activate|p2a: Iron Moth|ability: Quark Drive|[fromitem]\n|-start|p2a: Iron Moth|quarkdrivespa\n|turn|1\n|\n|t:|1699917829\n|move|p2a: Iron Moth|Sludge Wave|p1a: Typhlosion\n|-resisted|p1a: Typhlosion\n|-damage|p1a: Typhlosion|51\/100\n|-status|p1a: Typhlosion|psn\n|move|p1a: Typhlosion|Infernal Parade|p2a: Iron Moth\n|-damage|p2a: Iron Moth|67\/100\n|\n|-heal|p1a: Typhlosion|57\/100 psn|[from] item: Leftovers\n|-damage|p1a: Typhlosion|45\/100 psn|[from] psn\n|upkeep\n|turn|2\n|\n|t:|1699917845\n|move|p2a: Iron Moth|Sludge Wave|p1a: Typhlosion\n|-resisted|p1a: Typhlosion\n|-damage|p1a: Typhlosion|0 fnt\n|faint|p1a: Typhlosion\n|\n|upkeep\n|\n|t:|1699917857\n|switch|p1a: Quaquaval|Quaquaval, F|100\/100\n|turn|3\n|\n|t:|1699917866\n|move|p2a: Iron Moth|Sludge Wave|p1a: Quaquaval\n|-damage|p1a: Quaquaval|0 fnt\n|faint|p1a: Quaquaval\n|\n|upkeep\n|\n|t:|1699917872\n|switch|p1a: Samurott|Samurott-Hisui, M, shiny|100\/100\n|turn|4\n|c|\u2606Mattattac|yeah pretty sure you're fucked here\n|c|\u2606uyufyttrdfghji|what\n|\n|t:|1699917878\n|move|p2a: Iron Moth|Sludge Wave|p1a: Samurott\n|-damage|p1a: Samurott|0 fnt\n|faint|p1a: Samurott\n|\n|upkeep\n|c|\u2606uyufyttrdfghji|what the hell\n|\n|t:|1699917891\n|switch|p1a: Charizard|Charizard, M, shiny|100\/100\n|turn|5\n|\n|t:|1699917894\n|move|p2a: Iron Moth|Sludge Wave|p1a: Charizard\n|-damage|p1a: Charizard|16\/100\n|move|p1a: Charizard|Ancient Power|p2a: Iron Moth\n|-supereffective|p2a: Iron Moth\n|-damage|p2a: Iron Moth|30\/100\n|\n|-heal|p1a: Charizard|22\/100|[from] item: Leftovers\n|upkeep\n|turn|6\n|c|\u2606uyufyttrdfghji|yes\n|c|\u2606uyufyttrdfghji|nooo\n|\n|t:|1699917905\n|move|p2a: Iron Moth|Fiery Dance|p1a: Charizard\n|-resisted|p1a: Charizard\n|-damage|p1a: Charizard|0 fnt\n|-boost|p2a: Iron Moth|spa|1\n|faint|p1a: Charizard\n|\n|upkeep\n|c|\u2606Mattattac|LOL\n|c|\u2606uyufyttrdfghji|thats mean\n|c|\u2606Mattattac|I got the boost\n|\n|t:|1699917913\n|switch|p1a: Decidueye|Decidueye-Hisui, M, shiny|100\/100\n|turn|7\n|c|\u2606Mattattac|lets go\n|\n|t:|1699917921\n|switch|p1a: Meowscarada|Meowscarada, F|100\/100\n|move|p2a: Iron Moth|Fiery Dance|p1a: Meowscarada\n|-supereffective|p1a: Meowscarada\n|-damage|p1a: Meowscarada|0 fnt\n|faint|p1a: Meowscarada\n|\n|upkeep\n|\n|t:|1699917927\n|switch|p1a: Decidueye|Decidueye-Hisui, M, shiny|100\/100\n|turn|8\n|\n|t:|1699917931\n|-terastallize|p1a: Decidueye|Dragon\n|move|p2a: Iron Moth|Fiery Dance|p1a: Decidueye\n|-resisted|p1a: Decidueye\n|-damage|p1a: Decidueye|62\/100\n|-boost|p2a: Iron Moth|spa|1\n|move|p1a: Decidueye|Triple Arrows|p2a: Iron Moth\n|-resisted|p2a: Iron Moth\n|-damage|p2a: Iron Moth|0 fnt\n|faint|p2a: Iron Moth\n|-end|p2a: Iron Moth|Quark Drive|[silent]\n|\n|-heal|p1a: Decidueye|68\/100|[from] item: Leftovers\n|upkeep\n|c|\u2606uyufyttrdfghji|thank god\n|c|\u2606Mattattac|yeah totally a good move there\n|\n|t:|1699917951\n|switch|p2a: Greninja|Greninja, M, shiny|100\/100\n|turn|9\n|\n|t:|1699917957\n|move|p2a: Greninja|Ice Beam|p1a: Decidueye\n|-start|p2a: Greninja|typechange|Ice|[from] ability: Protean\n|-supereffective|p1a: Decidueye\n|-damage|p1a: Decidueye|0 fnt\n|faint|p1a: Decidueye\n|\n|win|Mattattac\n|c|\u2606Mattattac|definitely not dead or anythin\n|c|\u2606uyufyttrdfghji|gg\n|l|\u2606uyufyttrdfghji\n","uploadtime":1699917964,"views":5,"p1id":"uyufyttrdfghji","p2id":"mattattac","formatid":"gen9anythinggoes","rating":0,"private":0,"password":""}