{"id":"gen9anythinggoes-1975868126","p1":"lil lad","p2":"Guizadoom","format":"[Gen 9] Anything Goes","log":"|j|\u2606lil lad\n|j|\u2606Guizadoom\n|t:|1698245137\n|gametype|singles\n|player|p1|lil lad|102|1100\n|player|p2|Guizadoom|volkner|1143\n|teamsize|p1|6\n|teamsize|p2|6\n|gen|9\n|tier|[Gen 9] Anything Goes\n|rated|\n|rule|HP Percentage Mod: HP is shown in percentages\n|rule|Endless Battle Clause: Forcing endless battles is banned\n|clearpoke\n|poke|p1|Toxapex, F|\n|poke|p1|Shaymin-Sky|\n|poke|p1|Palafin, F|\n|poke|p1|Forretress, M|\n|poke|p1|Ogerpon-Hearthflame, F|\n|poke|p1|Arceus-Ghost|\n|poke|p2|Torterra, M|\n|poke|p2|Calyrex-Shadow|\n|poke|p2|Espathra, F|\n|poke|p2|Salamence, M|\n|poke|p2|Kyogre|\n|poke|p2|Drifblim, F|\n|teampreview\n|inactive|Battle timer is ON: inactive players will automatically lose when time's up. (requested by lil lad)\n|c|\u2606Guizadoom|no timer pls\n|c|\u2606Guizadoom|im in school wifi\n|\n|t:|1698245148\n|start\n|switch|p1a: Toxapex|Toxapex, F, shiny|100\/100\n|switch|p2a: Drifblim|Drifblim, F|100\/100\n|turn|1\n|c|\u2606lil lad|Ok\n|c|\u2606Guizadoom|thx hahahha\n|\n|t:|1698245156\n|move|p2a: Drifblim|Minimize|p2a: Drifblim\n|-boost|p2a: Drifblim|evasion|2\n|move|p1a: Toxapex|Toxic Spikes|p2a: Drifblim\n|-sidestart|p2: Guizadoom|move: Toxic Spikes\n|\n|upkeep\n|turn|2\n|\n|t:|1698245162\n|move|p2a: Drifblim|Minimize|p2a: Drifblim\n|-boost|p2a: Drifblim|evasion|2\n|move|p1a: Toxapex|Toxic Spikes|p2a: Drifblim\n|-sidestart|p2: Guizadoom|move: Toxic Spikes\n|\n|upkeep\n|turn|3\n|\n|t:|1698245168\n|move|p2a: Drifblim|Minimize|p2a: Drifblim\n|-boost|p2a: Drifblim|evasion|2\n|move|p1a: Toxapex|Ice Beam|p2a: Drifblim\n|-supereffective|p2a: Drifblim\n|-damage|p2a: Drifblim|73\/100\n|\n|upkeep\n|turn|4\n|\n|t:|1698245186\n|move|p2a: Drifblim|Baton Pass|p2a: Drifblim\n|inactive|Guizadoom has 120 seconds left.\n|\n|t:|1698245233\n|switch|p2a: Espathra|Espathra, F, shiny|100\/100|[from] Baton Pass\n|-status|p2a: Espathra|tox\n|move|p1a: Toxapex|Ice Beam|p2a: Espathra|[miss]\n|-miss|p1a: Toxapex|p2a: Espathra\n|\n|-damage|p2a: Espathra|94\/100 tox|[from] psn\n|upkeep\n|turn|5\n|\n|t:|1698245245\n|move|p2a: Espathra|Calm Mind|p2a: Espathra\n|-boost|p2a: Espathra|spa|1\n|-boost|p2a: Espathra|spd|1\n|move|p1a: Toxapex|Ice Beam|p2a: Espathra|[miss]\n|-miss|p1a: Toxapex|p2a: Espathra\n|\n|-heal|p2a: Espathra|100\/100 tox|[from] item: Leftovers\n|-damage|p2a: Espathra|88\/100 tox|[from] psn\n|-ability|p2a: Espathra|Speed Boost|boost\n|-boost|p2a: Espathra|spe|1\n|upkeep\n|turn|6\n|\n|t:|1698245258\n|move|p1a: Toxapex|Baneful Bunker|p1a: Toxapex\n|-singleturn|p1a: Toxapex|move: Protect\n|move|p2a: Espathra|Calm Mind|p2a: Espathra\n|-boost|p2a: Espathra|spa|1\n|-boost|p2a: Espathra|spd|1\n|\n|-heal|p2a: Espathra|94\/100 tox|[from] item: Leftovers\n|-damage|p2a: Espathra|76\/100 tox|[from] psn\n|-ability|p2a: Espathra|Speed Boost|boost\n|-boost|p2a: Espathra|spe|1\n|upkeep\n|turn|7\n|inactive|Guizadoom has 120 seconds left.\n|\n|t:|1698245276\n|-terastallize|p1a: Toxapex|Water\n|move|p1a: Toxapex|Baneful Bunker|p1a: Toxapex\n|-singleturn|p1a: Toxapex|move: Protect\n|move|p2a: Espathra|Calm Mind|p2a: Espathra\n|-boost|p2a: Espathra|spa|1\n|-boost|p2a: Espathra|spd|1\n|\n|-heal|p2a: Espathra|82\/100 tox|[from] item: Leftovers\n|-damage|p2a: Espathra|58\/100 tox|[from] psn\n|-ability|p2a: Espathra|Speed Boost|boost\n|-boost|p2a: Espathra|spe|1\n|upkeep\n|turn|8\n|c|\u2606lil lad|Oh no\n|c|\u2606Guizadoom|hahha\n|\n|t:|1698245292\n|move|p1a: Toxapex|Baneful Bunker||[still]\n|-fail|p1a: Toxapex\n|move|p2a: Espathra|Calm Mind|p2a: Espathra\n|-boost|p2a: Espathra|spa|1\n|-boost|p2a: Espathra|spd|1\n|\n|-heal|p2a: Espathra|64\/100 tox|[from] item: Leftovers\n|-damage|p2a: Espathra|33\/100 tox|[from] psn\n|-ability|p2a: Espathra|Speed Boost|boost\n|-boost|p2a: Espathra|spe|1\n|upkeep\n|turn|9\n|\n|t:|1698245302\n|move|p1a: Toxapex|Baneful Bunker|p1a: Toxapex\n|-singleturn|p1a: Toxapex|move: Protect\n|move|p2a: Espathra|Baton Pass|p2a: Espathra\n|\n|t:|1698245322\n|switch|p2a: Salamence|Salamence, M|100\/100|[from] Baton Pass\n|\n|upkeep\n|turn|10\n|\n|t:|1698245333\n|move|p2a: Salamence|Earthquake|p1a: Toxapex\n|-damage|p1a: Toxapex|74\/100\n|move|p1a: Toxapex|Ice Beam|p2a: Salamence\n|-supereffective|p2a: Salamence\n|-damage|p2a: Salamence|81\/100\n|\n|-heal|p2a: Salamence|87\/100|[from] item: Leftovers\n|-heal|p1a: Toxapex|80\/100|[from] item: Leftovers\n|upkeep\n|turn|11\n|c|\u2606lil lad|Quake phisycal\n|inactive|lil lad has 120 seconds left.\n|\n|t:|1698245359\n|move|p2a: Salamence|Dragon Claw|p1a: Toxapex\n|-damage|p1a: Toxapex|49\/100\n|move|p1a: Toxapex|Ice Beam|p2a: Salamence|[miss]\n|-miss|p1a: Toxapex|p2a: Salamence\n|\n|-heal|p2a: Salamence|93\/100|[from] item: Leftovers\n|-heal|p1a: Toxapex|55\/100|[from] item: Leftovers\n|upkeep\n|turn|12\n|c|\u2606Guizadoom|ik\n|c|\u2606Guizadoom|miss click ig\n|inactive|lil lad has 120 seconds left.\n|\n|t:|1698245369\n|move|p2a: Salamence|Dragon Claw|p1a: Toxapex\n|-damage|p1a: Toxapex|25\/100\n|move|p1a: Toxapex|Recover|p1a: Toxapex\n|-heal|p1a: Toxapex|75\/100\n|\n|-heal|p2a: Salamence|99\/100|[from] item: Leftovers\n|-heal|p1a: Toxapex|81\/100|[from] item: Leftovers\n|upkeep\n|turn|13\n|inactive|lil lad has 120 seconds left.\n|\n|t:|1698245380\n|move|p1a: Toxapex|Baneful Bunker|p1a: Toxapex\n|-singleturn|p1a: Toxapex|move: Protect\n|move|p2a: Salamence|Fly||[still]\n|-prepare|p2a: Salamence|Fly\n|\n|-heal|p2a: Salamence|100\/100|[from] item: Leftovers\n|-heal|p1a: Toxapex|87\/100|[from] item: Leftovers\n|upkeep\n|turn|14\n|\n|t:|1698245389\n|move|p2a: Salamence|Fly|p1a: Toxapex|[from]lockedmove\n|-damage|p1a: Toxapex|51\/100\n|move|p1a: Toxapex|Recover|p1a: Toxapex\n|-heal|p1a: Toxapex|100\/100\n|\n|upkeep\n|turn|15\n|inactive|Guizadoom has 120 seconds left.\n|c|\u2606lil lad|Ramagem?\n|c|\u2606lil lad|Damage*\n|c|\u2606Guizadoom|hahahahahhhhhhaa\n|inactive|lil lad has 120 seconds left.\n|\n|t:|1698245411\n|move|p2a: Salamence|Fly||[still]\n|-prepare|p2a: Salamence|Fly\n|move|p1a: Toxapex|Ice Beam|p2a: Salamence|[miss]\n|-miss|p1a: Toxapex|p2a: Salamence\n|\n|upkeep\n|turn|16\n|c|\u2606Guizadoom|bro recover is annoying\n|inactive|lil lad has 120 seconds left.\n|c|\u2606lil lad|For u\n|\n|t:|1698245423\n|move|p1a: Toxapex|Baneful Bunker|p1a: Toxapex\n|-singleturn|p1a: Toxapex|move: Protect\n|move|p2a: Salamence|Fly|p1a: Toxapex|[from]lockedmove\n|-activate|p1a: Toxapex|move: Protect\n|-status|p2a: Salamence|psn\n|\n|-damage|p2a: Salamence|88\/100 psn|[from] psn\n|upkeep\n|turn|17\n|c|\u2606Guizadoom|yeah for me\n|inactive|lil lad has 120 seconds left.\n|c|\u2606lil lad|Poison\n|c|\u2606lil lad|Hehehe\n|c|\u2606Guizadoom|fckn hell\n|inactive|Guizadoom has 120 seconds left.\n|c|\u2606Guizadoom|forgot bout that\n|\n|t:|1698245448\n|-terastallize|p2a: Salamence|Ground\n|move|p2a: Salamence|Earthquake|p1a: Toxapex\n|-damage|p1a: Toxapex|59\/100\n|move|p1a: Toxapex|Ice Beam|p2a: Salamence\n|-supereffective|p2a: Salamence\n|-damage|p2a: Salamence|78\/100 psn\n|\n|-heal|p2a: Salamence|85\/100 psn|[from] item: Leftovers\n|-heal|p1a: Toxapex|65\/100|[from] item: Leftovers\n|-damage|p2a: Salamence|72\/100 psn|[from] psn\n|upkeep\n|turn|18\n|inactive|Guizadoom has 120 seconds left.\n|c|\u2606Guizadoom|shit\n|c|\u2606Guizadoom|no grounf\n|c|\u2606Guizadoom|js realized\n|\n|t:|1698245466\n|move|p2a: Salamence|Earthquake|p1a: Toxapex\n|-damage|p1a: Toxapex|26\/100\n|move|p1a: Toxapex|Recover|p1a: Toxapex\n|-heal|p1a: Toxapex|76\/100\n|\n|-heal|p2a: Salamence|78\/100 psn|[from] item: Leftovers\n|-heal|p1a: Toxapex|82\/100|[from] item: Leftovers\n|-damage|p2a: Salamence|66\/100 psn|[from] psn\n|upkeep\n|turn|19\n|inactive|Guizadoom has 120 seconds left.\n|c|\u2606Guizadoom|what ground does to me\n|c|\u2606lil lad|My tank is annoying\n|\n|t:|1698245484\n|move|p1a: Toxapex|Baneful Bunker|p1a: Toxapex\n|-singleturn|p1a: Toxapex|move: Protect\n|move|p2a: Salamence|Earthquake|p1a: Toxapex\n|-activate|p1a: Toxapex|move: Protect\n|\n|-heal|p2a: Salamence|72\/100 psn|[from] item: Leftovers\n|-heal|p1a: Toxapex|88\/100|[from] item: Leftovers\n|-damage|p2a: Salamence|59\/100 psn|[from] psn\n|upkeep\n|turn|20\n|c|\u2606Guizadoom|yeah bro\n|c|\u2606Guizadoom|worse stall I ever faced\n|inactive|Guizadoom has 120 seconds left.\n|inactive|lil lad has 90 seconds left.\n|\n|t:|1698245510\n|move|p2a: Salamence|Earthquake|p1a: Toxapex\n|-damage|p1a: Toxapex|50\/100\n|move|p1a: Toxapex|Ice Beam|p2a: Salamence\n|-supereffective|p2a: Salamence\n|-damage|p2a: Salamence|51\/100 psn\n|\n|-heal|p2a: Salamence|57\/100 psn|[from] item: Leftovers\n|-heal|p1a: Toxapex|56\/100|[from] item: Leftovers\n|-damage|p2a: Salamence|44\/100 psn|[from] psn\n|upkeep\n|turn|21\n|inactive|lil lad has 90 seconds left.\n|inactive|Guizadoom has 120 seconds left.\n|\n|t:|1698245522\n|move|p2a: Salamence|Earthquake|p1a: Toxapex\n|-damage|p1a: Toxapex|19\/100\n|move|p1a: Toxapex|Recover|p1a: Toxapex\n|-heal|p1a: Toxapex|69\/100\n|\n|-heal|p2a: Salamence|50\/100 psn|[from] item: Leftovers\n|-heal|p1a: Toxapex|75\/100|[from] item: Leftovers\n|-damage|p2a: Salamence|38\/100 psn|[from] psn\n|upkeep\n|turn|22\n|c|\u2606Guizadoom|broooooooooooo\n|inactive|lil lad has 90 seconds left.\n|inactive|Guizadoom has 120 seconds left.\n|c|\u2606lil lad|Its not stall\n|c|\u2606lil lad|Its a trick\n|c|\u2606lil lad|It alsonhit tarde\n|c|\u2606lil lad|But i changed stat\n|c|\u2606Guizadoom|yeah\n|c|\u2606Guizadoom|still\n|c|\u2606Guizadoom|now its a stall\n|\n|t:|1698245557\n|move|p1a: Toxapex|Baneful Bunker|p1a: Toxapex\n|-singleturn|p1a: Toxapex|move: Protect\n|move|p2a: Salamence|Roost|p2a: Salamence\n|-heal|p2a: Salamence|88\/100 psn\n|\n|-heal|p2a: Salamence|94\/100 psn|[from] item: Leftovers\n|-heal|p1a: Toxapex|81\/100|[from] item: Leftovers\n|-damage|p2a: Salamence|82\/100 psn|[from] psn\n|upkeep\n|turn|23\n|c|\u2606Guizadoom|basically\n|\n|t:|1698245569\n|move|p2a: Salamence|Earthquake|p1a: Toxapex\n|-damage|p1a: Toxapex|44\/100\n|move|p1a: Toxapex|Ice Beam|p2a: Salamence|[miss]\n|-miss|p1a: Toxapex|p2a: Salamence\n|\n|-heal|p2a: Salamence|88\/100 psn|[from] item: Leftovers\n|-heal|p1a: Toxapex|50\/100|[from] item: Leftovers\n|-damage|p2a: Salamence|75\/100 psn|[from] psn\n|upkeep\n|turn|24\n|inactive|lil lad has 60 seconds left.\n|c|\u2606Guizadoom|how much recover pp left?\n|\n|t:|1698245596\n|move|p1a: Toxapex|Baneful Bunker|p1a: Toxapex\n|-singleturn|p1a: Toxapex|move: Protect\n|move|p2a: Salamence|Earthquake|p1a: Toxapex\n|-activate|p1a: Toxapex|move: Protect\n|\n|-heal|p2a: Salamence|81\/100 psn|[from] item: Leftovers\n|-heal|p1a: Toxapex|56\/100|[from] item: Leftovers\n|-damage|p2a: Salamence|69\/100 psn|[from] psn\n|upkeep\n|turn|25\n|c|\u2606lil lad|Some\n|inactive|Guizadoom has 120 seconds left.\n|c|\u2606lil lad|Some\n|\n|t:|1698245609\n|move|p2a: Salamence|Dragon Claw|p1a: Toxapex\n|-damage|p1a: Toxapex|27\/100\n|move|p1a: Toxapex|Recover|p1a: Toxapex\n|-heal|p1a: Toxapex|77\/100\n|\n|-heal|p2a: Salamence|75\/100 psn|[from] item: Leftovers\n|-heal|p1a: Toxapex|83\/100|[from] item: Leftovers\n|-damage|p2a: Salamence|63\/100 psn|[from] psn\n|upkeep\n|turn|26\n|inactive|Guizadoom has 120 seconds left.\n|\n|t:|1698245624\n|move|p2a: Salamence|Dragon Claw|p1a: Toxapex\n|-damage|p1a: Toxapex|54\/100\n|move|p1a: Toxapex|Ice Beam|p2a: Salamence\n|-supereffective|p2a: Salamence\n|-damage|p2a: Salamence|54\/100 psn\n|\n|-heal|p2a: Salamence|60\/100 psn|[from] item: Leftovers\n|-heal|p1a: Toxapex|60\/100|[from] item: Leftovers\n|-damage|p2a: Salamence|47\/100 psn|[from] psn\n|upkeep\n|turn|27\n|inactive|Guizadoom has 120 seconds left.\n|\n|t:|1698245639\n|move|p1a: Toxapex|Baneful Bunker|p1a: Toxapex\n|-singleturn|p1a: Toxapex|move: Protect\n|move|p2a: Salamence|Dragon Claw|p1a: Toxapex\n|-activate|p1a: Toxapex|move: Protect\n|\n|-heal|p2a: Salamence|53\/100 psn|[from] item: Leftovers\n|-heal|p1a: Toxapex|66\/100|[from] item: Leftovers\n|-damage|p2a: Salamence|41\/100 psn|[from] psn\n|upkeep\n|turn|28\n|\n|t:|1698245657\n|move|p2a: Salamence|Dragon Claw|p1a: Toxapex\n|-damage|p1a: Toxapex|37\/100\n|move|p1a: Toxapex|Ice Beam|p2a: Salamence\n|-supereffective|p2a: Salamence\n|-damage|p2a: Salamence|32\/100 psn\n|\n|-heal|p2a: Salamence|38\/100 psn|[from] item: Leftovers\n|-heal|p1a: Toxapex|43\/100|[from] item: Leftovers\n|-damage|p2a: Salamence|26\/100 psn|[from] psn\n|upkeep\n|turn|29\n|\n|t:|1698245669\n|move|p1a: Toxapex|Baneful Bunker|p1a: Toxapex\n|-singleturn|p1a: Toxapex|move: Protect\n|move|p2a: Salamence|Roost|p2a: Salamence\n|-heal|p2a: Salamence|76\/100 psn\n|\n|-heal|p2a: Salamence|82\/100 psn|[from] item: Leftovers\n|-heal|p1a: Toxapex|49\/100|[from] item: Leftovers\n|-damage|p2a: Salamence|70\/100 psn|[from] psn\n|upkeep\n|turn|30\n|\n|t:|1698245681\n|move|p2a: Salamence|Dragon Claw|p1a: Toxapex\n|-damage|p1a: Toxapex|16\/100\n|move|p1a: Toxapex|Recover|p1a: Toxapex\n|-heal|p1a: Toxapex|67\/100\n|\n|-heal|p2a: Salamence|76\/100 psn|[from] item: Leftovers\n|-heal|p1a: Toxapex|73\/100|[from] item: Leftovers\n|-damage|p2a: Salamence|63\/100 psn|[from] psn\n|upkeep\n|turn|31\n|c|\u2606Guizadoom|oh\n|c|\u2606Guizadoom|I can see\n|c|\u2606Guizadoom|how much pp u got left\n|c|\u2606Guizadoom|nice\n|\n|t:|1698245694\n|move|p2a: Salamence|Dragon Claw|p1a: Toxapex\n|-damage|p1a: Toxapex|40\/100\n|move|p1a: Toxapex|Ice Beam|p2a: Salamence|[miss]\n|-miss|p1a: Toxapex|p2a: Salamence\n|\n|-heal|p2a: Salamence|69\/100 psn|[from] item: Leftovers\n|-heal|p1a: Toxapex|46\/100|[from] item: Leftovers\n|-damage|p2a: Salamence|57\/100 psn|[from] psn\n|upkeep\n|turn|32\n|c|\u2606Guizadoom|2 recovers buddy\n|c|\u2606Guizadoom|use em well\n|\n|t:|1698245706\n|move|p1a: Toxapex|Baneful Bunker|p1a: Toxapex\n|-singleturn|p1a: Toxapex|move: Protect\n|move|p2a: Salamence|Dragon Claw|p1a: Toxapex\n|-activate|p1a: Toxapex|move: Protect\n|\n|-heal|p2a: Salamence|63\/100 psn|[from] item: Leftovers\n|-heal|p1a: Toxapex|52\/100|[from] item: Leftovers\n|-damage|p2a: Salamence|50\/100 psn|[from] psn\n|upkeep\n|turn|33\n|\n|t:|1698245721\n|move|p2a: Salamence|Dragon Claw|p1a: Toxapex\n|-damage|p1a: Toxapex|23\/100\n|move|p1a: Toxapex|Recover|p1a: Toxapex\n|-heal|p1a: Toxapex|74\/100\n|\n|-heal|p2a: Salamence|57\/100 psn|[from] item: Leftovers\n|-heal|p1a: Toxapex|80\/100|[from] item: Leftovers\n|-damage|p2a: Salamence|44\/100 psn|[from] psn\n|upkeep\n|turn|34\n|c|\u2606Guizadoom|1 recover\n|c|\u2606Guizadoom|give up buddy\n|\n|t:|1698245736\n|move|p1a: Toxapex|Baneful Bunker|p1a: Toxapex\n|-singleturn|p1a: Toxapex|move: Protect\n|move|p2a: Salamence|Roost|p2a: Salamence\n|-heal|p2a: Salamence|94\/100 psn\n|\n|-heal|p2a: Salamence|99\/100 psn|[from] item: Leftovers\n|-heal|p1a: Toxapex|86\/100|[from] item: Leftovers\n|-damage|p2a: Salamence|88\/100 psn|[from] psn\n|upkeep\n|turn|35\n|c|\u2606lil lad|No\n|c|\u2606Guizadoom|ur stall is dead\n|c|\u2606lil lad|Shes not\n|inactive|lil lad has 30 seconds left.\n|c|\u2606Guizadoom|barely alive\n|c|\u2606lil lad|Shes cant:(\n|inactive|lil lad has 20 seconds left.\n|c|\u2606Guizadoom|damn\n|\n|t:|1698245764\n|move|p1a: Toxapex|Baneful Bunker||[still]\n|-fail|p1a: Toxapex\n|move|p2a: Salamence|Dragon Claw|p1a: Toxapex\n|-damage|p1a: Toxapex|54\/100\n|\n|-heal|p2a: Salamence|94\/100 psn|[from] item: Leftovers\n|-heal|p1a: Toxapex|60\/100|[from] item: Leftovers\n|-damage|p2a: Salamence|81\/100 psn|[from] psn\n|upkeep\n|turn|36\n|inactive|lil lad has 30 seconds left this turn.\n|c|\u2606Guizadoom|that one hit deep\n|c|\u2606Guizadoom|I feel kindabad\n|inactive|lil lad has 20 seconds left.\n|\n|t:|1698245775\n|move|p1a: Toxapex|Baneful Bunker|p1a: Toxapex\n|-singleturn|p1a: Toxapex|move: Protect\n|move|p2a: Salamence|Dragon Claw|p1a: Toxapex\n|-activate|p1a: Toxapex|move: Protect\n|\n|-heal|p2a: Salamence|88\/100 psn|[from] item: Leftovers\n|-heal|p1a: Toxapex|66\/100|[from] item: Leftovers\n|-damage|p2a: Salamence|75\/100 psn|[from] psn\n|upkeep\n|turn|37\n|inactive|lil lad has 30 seconds left this turn.\n|c|\u2606Guizadoom|bro i gtg\n|c|\u2606Guizadoom|be quick\n|inactive|lil lad has 20 seconds left.\n|\n|t:|1698245787\n|move|p2a: Salamence|Dragon Claw|p1a: Toxapex\n|-damage|p1a: Toxapex|36\/100\n|move|p1a: Toxapex|Ice Beam|p2a: Salamence|[miss]\n|-miss|p1a: Toxapex|p2a: Salamence\n|\n|-heal|p2a: Salamence|81\/100 psn|[from] item: Leftovers\n|-heal|p1a: Toxapex|42\/100|[from] item: Leftovers\n|-damage|p2a: Salamence|69\/100 psn|[from] psn\n|upkeep\n|turn|38\n|inactive|lil lad has 30 seconds left this turn.\n|inactive|lil lad has 20 seconds left.\n|\n|t:|1698245799\n|move|p1a: Toxapex|Baneful Bunker|p1a: Toxapex\n|-singleturn|p1a: Toxapex|move: Protect\n|move|p2a: Salamence|Dragon Claw|p1a: Toxapex\n|-activate|p1a: Toxapex|move: Protect\n|\n|-heal|p2a: Salamence|75\/100 psn|[from] item: Leftovers\n|-heal|p1a: Toxapex|48\/100|[from] item: Leftovers\n|-damage|p2a: Salamence|62\/100 psn|[from] psn\n|upkeep\n|turn|39\n|inactive|lil lad has 30 seconds left this turn.\n|c|\u2606Guizadoom|no more bunkers for u buddy\n|inactive|lil lad has 20 seconds left.\n|\n|t:|1698245812\n|move|p2a: Salamence|Dragon Claw|p1a: Toxapex\n|-damage|p1a: Toxapex|15\/100\n|move|p1a: Toxapex|Recover|p1a: Toxapex\n|-heal|p1a: Toxapex|66\/100\n|\n|-heal|p2a: Salamence|69\/100 psn|[from] item: Leftovers\n|-heal|p1a: Toxapex|72\/100|[from] item: Leftovers\n|-damage|p2a: Salamence|56\/100 psn|[from] psn\n|upkeep\n|turn|40\n|inactive|lil lad has 30 seconds left this turn.\n|c|\u2606lil lad|Well\n|inactive|lil lad has 20 seconds left.\n|c|\u2606Guizadoom|no more recovers\n|c|\u2606lil lad|I kn ir moves\n|inactive|lil lad has 15 seconds left.\n|c|\u2606Guizadoom|true\n|c|\u2606lil lad|Another tank coming\n|inactive|lil lad has 10 seconds left.\n|\n|t:|1698245835\n|move|p2a: Salamence|Dragon Claw|p1a: Toxapex\n|-damage|p1a: Toxapex|39\/100\n|move|p1a: Toxapex|Ice Beam|p2a: Salamence|[miss]\n|-miss|p1a: Toxapex|p2a: Salamence\n|\n|-heal|p2a: Salamence|62\/100 psn|[from] item: Leftovers\n|-heal|p1a: Toxapex|45\/100|[from] item: Leftovers\n|-damage|p2a: Salamence|50\/100 psn|[from] psn\n|upkeep\n|turn|41\n|inactive|lil lad has 20 seconds left this turn.\n|c|\u2606Guizadoom|noooooo\n|inactive|lil lad has 15 seconds left.\n|inactive|lil lad has 10 seconds left.\n|\n|t:|1698245848\n|move|p2a: Salamence|Dragon Claw|p1a: Toxapex\n|-damage|p1a: Toxapex|11\/100\n|move|p1a: Toxapex|Ice Beam|p2a: Salamence\n|-supereffective|p2a: Salamence\n|-damage|p2a: Salamence|40\/100 psn\n|\n|-heal|p2a: Salamence|46\/100 psn|[from] item: Leftovers\n|-heal|p1a: Toxapex|17\/100|[from] item: Leftovers\n|-damage|p2a: Salamence|34\/100 psn|[from] psn\n|upkeep\n|turn|42\n|inactive|lil lad has 20 seconds left this turn.\n|c|\u2606Guizadoom|can u js sac it real quick?\n|inactive|lil lad has 15 seconds left.\n|inactive|lil lad has 10 seconds left.\n|c|\u2606lil lad|And setter\n|\n|t:|1698245861\n|move|p2a: Salamence|Dragon Claw|p1a: Toxapex\n|-damage|p1a: Toxapex|0 fnt\n|faint|p1a: Toxapex\n|-ability|p2a: Salamence|Moxie|boost\n|-boost|p2a: Salamence|atk|1\n|\n|-heal|p2a: Salamence|40\/100 psn|[from] item: Leftovers\n|-damage|p2a: Salamence|27\/100 psn|[from] psn\n|upkeep\n|inactive|lil lad has 15 seconds left this turn.\n|c|\u2606Guizadoom|yeahhhhhhhhh\n|c|\u2606Guizadoom|first one gone babyyyyy\n|inactive|lil lad has 10 seconds left.\n|inactive|lil lad has 5 seconds left.\n|\n|t:|1698245872\n|switch|p1a: Forretress|Forretress, M, shiny|100\/100\n|turn|43\n|inactive|lil lad has 15 seconds left this turn.\n|\n|t:|1698245876\n|move|p2a: Salamence|Roost|p2a: Salamence\n|-heal|p2a: Salamence|77\/100 psn\n|move|p1a: Forretress|Stealth Rock|p2a: Salamence\n|-sidestart|p2: Guizadoom|move: Stealth Rock\n|\n|-heal|p2a: Salamence|83\/100 psn|[from] item: Leftovers\n|-damage|p2a: Salamence|71\/100 psn|[from] psn\n|upkeep\n|turn|44\n|inactive|lil lad has 25 seconds left this turn.\n|inactive|lil lad has 20 seconds left.\n|\n|t:|1698245886\n|move|p2a: Salamence|Fly||[still]\n|-prepare|p2a: Salamence|Fly\n|move|p1a: Forretress|Spikes|p2a: Salamence\n|-sidestart|p2: Guizadoom|Spikes\n|\n|-heal|p2a: Salamence|77\/100 psn|[from] item: Leftovers\n|-damage|p2a: Salamence|65\/100 psn|[from] psn\n|upkeep\n|turn|45\n|inactive|lil lad has 30 seconds left this turn.\n|\n|t:|1698245894\n|move|p1a: Forretress|Protect|p1a: Forretress\n|-singleturn|p1a: Forretress|Protect\n|move|p2a: Salamence|Fly|p1a: Forretress|[from]lockedmove\n|-activate|p1a: Forretress|move: Protect\n|\n|-heal|p2a: Salamence|71\/100 psn|[from] item: Leftovers\n|-damage|p2a: Salamence|58\/100 psn|[from] psn\n|upkeep\n|turn|46\n|c|\u2606Guizadoom|no\n|inactive|lil lad has 30 seconds left.\n|c|\u2606Guizadoom|protect\n|n|!Guizadoom|guizadoom\n|c|\u2606lil lad|Yes\n|\n|t:|1698245913\n|move|p2a: Salamence|Earthquake|p1a: Forretress\n|-damage|p1a: Forretress|40\/100\n|move|p1a: Forretress|Spikes|p2a: Salamence\n|-sidestart|p2: Guizadoom|Spikes\n|\n|-heal|p2a: Salamence|64\/100 psn|[from] item: Leftovers\n|-damage|p2a: Salamence|52\/100 psn|[from] psn\n|upkeep\n|turn|47\n|inactive|lil lad has 30 seconds left.\n|\n|t:|1698245923\n|move|p1a: Forretress|Protect|p1a: Forretress\n|-singleturn|p1a: Forretress|Protect\n|move|p2a: Salamence|Earthquake|p1a: Forretress\n|-activate|p1a: Forretress|move: Protect\n|\n|-heal|p2a: Salamence|58\/100 psn|[from] item: Leftovers\n|-damage|p2a: Salamence|46\/100 psn|[from] psn\n|upkeep\n|turn|48\n|inactive|lil lad has 30 seconds left.\n|\n|t:|1698245935\n|move|p2a: Salamence|Earthquake|p1a: Forretress\n|-damage|p1a: Forretress|0 fnt\n|faint|p1a: Forretress\n|-ability|p2a: Salamence|Moxie|boost\n|-boost|p2a: Salamence|atk|1\n|\n|-heal|p2a: Salamence|52\/100 psn|[from] item: Leftovers\n|-damage|p2a: Salamence|39\/100 psn|[from] psn\n|upkeep\n|inactive|lil lad has 30 seconds left this turn.\n|inactive|lil lad has 20 seconds left.\n|\n|t:|1698245947\n|switch|p1a: Palafin|Palafin, F, shiny|100\/100\n|turn|49\n|inactive|lil lad has 30 seconds left this turn.\n|\n|t:|1698245953\n|move|p2a: Salamence|Earthquake|p1a: Palafin\n|-damage|p1a: Palafin|0 fnt\n|faint|p1a: Palafin\n|-ability|p2a: Salamence|Moxie|boost\n|-boost|p2a: Salamence|atk|1\n|\n|-heal|p2a: Salamence|45\/100 psn|[from] item: Leftovers\n|-damage|p2a: Salamence|33\/100 psn|[from] psn\n|upkeep\n|inactive|lil lad has 30 seconds left this turn.\n|c|\u2606lil lad|Oh well\n|inactive|lil lad has 20 seconds left.\n|inactive|lil lad has 15 seconds left.\n|c|\u2606lil lad|Toxa couldnt stop u\n|inactive|lil lad has 10 seconds left.\n|\n|t:|1698245976\n|switch|p1a: Shaymin|Shaymin-Sky, shiny|100\/100\n|turn|50\n|inactive|lil lad has 20 seconds left this turn.\n|inactive|lil lad has 15 seconds left.\n|\n|t:|1698245989\n|move|p2a: Salamence|Fly||[still]\n|-prepare|p2a: Salamence|Fly\n|move|p1a: Shaymin|Dazzling Gleam|p2a: Salamence|[miss]\n|-miss|p1a: Shaymin|p2a: Salamence\n|\n|-heal|p2a: Salamence|39\/100 psn|[from] item: Leftovers\n|-damage|p2a: Salamence|27\/100 psn|[from] psn\n|upkeep\n|turn|51\n|inactive|lil lad has 25 seconds left this turn.\n|inactive|lil lad has 20 seconds left.\n|\n|t:|1698245998\n|move|p2a: Salamence|Fly|p1a: Shaymin|[from]lockedmove\n|-supereffective|p1a: Shaymin\n|-damage|p1a: Shaymin|0 fnt\n|faint|p1a: Shaymin\n|-ability|p2a: Salamence|Moxie|boost\n|-boost|p2a: Salamence|atk|1\n|\n|-heal|p2a: Salamence|33\/100 psn|[from] item: Leftovers\n|-damage|p2a: Salamence|20\/100 psn|[from] psn\n|upkeep\n|inactive|lil lad has 25 seconds left this turn.\n|inactive|lil lad has 20 seconds left.\n|\n|t:|1698246008\n|switch|p1a: Ogerpon|Ogerpon-Hearthflame, F|100\/100\n|-ability|p1a: Ogerpon|Mold Breaker\n|turn|52\n|inactive|lil lad has 30 seconds left this turn.\n|\n|t:|1698246013\n|move|p1a: Ogerpon|Spiky Shield|p1a: Ogerpon\n|-singleturn|p1a: Ogerpon|move: Protect\n|move|p2a: Salamence|Roost|p2a: Salamence\n|-heal|p2a: Salamence|70\/100 psn\n|\n|-heal|p2a: Salamence|76\/100 psn|[from] item: Leftovers\n|-damage|p2a: Salamence|64\/100 psn|[from] psn\n|upkeep\n|turn|53\n|inactive|lil lad has 30 seconds left.\n|\n|t:|1698246024\n|move|p1a: Ogerpon|Spiky Shield||[still]\n|-fail|p1a: Ogerpon\n|move|p2a: Salamence|Earthquake|p1a: Ogerpon\n|-damage|p1a: Ogerpon|0 fnt\n|faint|p1a: Ogerpon\n|-ability|p2a: Salamence|Moxie|boost\n|-boost|p2a: Salamence|atk|1\n|\n|-heal|p2a: Salamence|70\/100 psn|[from] item: Leftovers\n|-damage|p2a: Salamence|58\/100 psn|[from] psn\n|upkeep\n|inactive|lil lad has 30 seconds left this turn.\n|c|\u2606lil lad|Ggs\n|inactive|lil lad has 20 seconds left.\n|\n|t:|1698246036\n|switch|p1a: Arceus|Arceus-Ghost, shiny|100\/100\n|turn|54\n|inactive|lil lad has 30 seconds left this turn.\n|\n|t:|1698246041\n|move|p2a: Salamence|Earthquake|p1a: Arceus\n|-damage|p1a: Arceus|0 fnt\n|faint|p1a: Arceus\n|\n|win|Guizadoom\n|raw|lil lad's rating: 1100 &rarr; <strong>1078<\/strong><br \/>(-22 for losing)\n|raw|Guizadoom's rating: 1143 &rarr; <strong>1165<\/strong><br \/>(+22 for winning)\n","uploadtime":1698245903,"views":5,"p1id":"lillad","p2id":"guizadoom","formatid":"gen9anythinggoes","rating":1078,"private":0,"password":""}