{"id":"gen9anythinggoes-1983242322","p1":"Cerecedo","p2":"WhyisMewtwosoweak","format":"[Gen 9] Anything Goes","log":"|j|\u2606Cerecedo\n|j|\u2606WhyisMewtwosoweak\n|t:|1699109522\n|gametype|singles\n|player|p1|Cerecedo|alder|1645\n|player|p2|WhyisMewtwosoweak|unknown|1689\n|teamsize|p1|6\n|teamsize|p2|6\n|gen|9\n|tier|[Gen 9] Anything Goes\n|rated|\n|rule|HP Percentage Mod: HP is shown in percentages\n|rule|Endless Battle Clause: Forcing endless battles is banned\n|clearpoke\n|poke|p1|Arceus-Ground|\n|poke|p1|Weezing-Galar, M|\n|poke|p1|Ditto|\n|poke|p1|Arceus|\n|poke|p1|Koraidon|\n|poke|p1|Calyrex-Shadow|\n|poke|p2|Miraidon|\n|poke|p2|Koraidon|\n|poke|p2|Samurott-Hisui, M|\n|poke|p2|Great Tusk|\n|poke|p2|Ceruledge, M|\n|poke|p2|Flutter Mane|\n|teampreview\n|inactive|Battle timer is ON: inactive players will automatically lose when time's up. (requested by WhyisMewtwosoweak)\n|inactive|Cerecedo has 120 seconds left.\n|inactive|Cerecedo has 90 seconds left.\n|\n|t:|1699109589\n|start\n|switch|p1a: Koraidon|Koraidon|100\/100\n|switch|p2a: Samurott|Samurott-Hisui, M|100\/100\n|-weather|SunnyDay|[from] ability: Orichalcum Pulse|[of] p1a: Koraidon\n|-activate|p1a: Koraidon|Orichalcum Pulse|[source]\n|turn|1\n|\n|t:|1699109616\n|move|p1a: Koraidon|Collision Course|p2a: Samurott\n|-supereffective|p2a: Samurott\n|-enditem|p2a: Samurott|Focus Sash\n|-damage|p2a: Samurott|1\/100\n|move|p2a: Samurott|Ceaseless Edge|p1a: Koraidon\n|-resisted|p1a: Koraidon\n|-damage|p1a: Koraidon|82\/100\n|-sidestart|p1: Cerecedo|Spikes\n|\n|-weather|SunnyDay|[upkeep]\n|upkeep\n|turn|2\n|inactive|Cerecedo has 120 seconds left.\n|\n|t:|1699109647\n|move|p2a: Samurott|Sucker Punch|p1a: Koraidon\n|-resisted|p1a: Koraidon\n|-damage|p1a: Koraidon|69\/100\n|move|p1a: Koraidon|Collision Course|p2a: Samurott\n|-supereffective|p2a: Samurott\n|-damage|p2a: Samurott|0 fnt\n|faint|p2a: Samurott\n|\n|-weather|SunnyDay|[upkeep]\n|upkeep\n|\n|t:|1699109652\n|switch|p2a: Great Tusk|Great Tusk|100\/100\n|-activate|p2a: Great Tusk|ability: Protosynthesis\n|-start|p2a: Great Tusk|protosynthesisatk\n|turn|3\n|\n|t:|1699109663\n|switch|p1a: Weezing|Weezing-Galar, M, shiny|100\/100\n|-end|p2a: Great Tusk|Protosynthesis|[silent]\n|switch|p2a: Ceruledge|Ceruledge, M|100\/100\n|\n|-weather|SunnyDay|[upkeep]\n|upkeep\n|turn|4\n|\n|t:|1699109672\n|move|p2a: Ceruledge|Swords Dance|p2a: Ceruledge\n|-boost|p2a: Ceruledge|atk|2\n|move|p1a: Weezing|Toxic|p2a: Ceruledge\n|-status|p2a: Ceruledge|tox\n|\n|-weather|SunnyDay|[upkeep]\n|-damage|p2a: Ceruledge|94\/100 tox|[from] psn\n|upkeep\n|turn|5\n|\n|t:|1699109680\n|move|p2a: Ceruledge|Bitter Blade|p1a: Weezing\n|-damage|p1a: Weezing|0 fnt\n|-heal|p2a: Ceruledge|100\/100 tox|[from] drain|[of] p1a: Weezing\n|-damage|p2a: Ceruledge|84\/100 tox|[from] item: Rocky Helmet|[of] p1a: Weezing\n|faint|p1a: Weezing\n|-damage|p2a: Ceruledge|74\/100 tox|[from] item: Life Orb\n|\n|-weather|none\n|-damage|p2a: Ceruledge|62\/100 tox|[from] psn\n|upkeep\n|\n|t:|1699109693\n|switch|p1a: Ditto|Ditto|100\/100\n|-damage|p1a: Ditto|88\/100|[from] Spikes\n|-transform|p1a: Ditto|p2a: Ceruledge|[from] ability: Imposter\n|turn|6\n|\n|t:|1699109709\n|move|p1a: Ditto|Shadow Sneak|p2a: Ceruledge\n|-supereffective|p2a: Ceruledge\n|-damage|p2a: Ceruledge|0 fnt\n|faint|p2a: Ceruledge\n|\n|upkeep\n|\n|t:|1699109713\n|switch|p2a: Koraidon|Koraidon|100\/100\n|-weather|SunnyDay|[from] ability: Orichalcum Pulse|[of] p2a: Koraidon\n|-activate|p2a: Koraidon|Orichalcum Pulse|[source]\n|turn|7\n|inactive|Cerecedo has 120 seconds left.\n|inactive|Cerecedo has 90 seconds left.\n|\n|t:|1699109776\n|switch|p1a: Arceus|Arceus-Ground|100\/100\n|-damage|p1a: Arceus|88\/100|[from] Spikes\n|move|p2a: Koraidon|Scale Shot|p1a: Arceus\n|-damage|p1a: Arceus|76\/100\n|-damage|p1a: Arceus|65\/100\n|-damage|p1a: Arceus|54\/100\n|-damage|p1a: Arceus|43\/100\n|-damage|p1a: Arceus|32\/100\n|-hitcount|p1a: Arceus|5\n|-unboost|p2a: Koraidon|def|1\n|-boost|p2a: Koraidon|spe|1\n|\n|-weather|SunnyDay|[upkeep]\n|upkeep\n|turn|8\n|inactive|Cerecedo has 90 seconds left.\n|\n|t:|1699109794\n|move|p2a: Koraidon|Low Kick|p1a: Arceus\n|-damage|p1a: Arceus|0 fnt\n|faint|p1a: Arceus\n|\n|-weather|SunnyDay|[upkeep]\n|upkeep\n|\n|t:|1699109799\n|switch|p1a: Ditto|Ditto|88\/100\n|-damage|p1a: Ditto|76\/100|[from] Spikes\n|-transform|p1a: Ditto|p2a: Koraidon|[from] ability: Imposter\n|-activate|p1a: Ditto|ability: Orichalcum Pulse\n|turn|9\n|inactive|Cerecedo has 90 seconds left.\n|\n|t:|1699109814\n|switch|p2a: Flutter Mane|Flutter Mane|100\/100\n|-activate|p2a: Flutter Mane|ability: Protosynthesis\n|-start|p2a: Flutter Mane|protosynthesisspe\n|move|p1a: Ditto|Scale Shot|p2a: Flutter Mane\n|-immune|p2a: Flutter Mane\n|\n|-weather|SunnyDay|[upkeep]\n|upkeep\n|turn|10\n|\n|t:|1699109823\n|switch|p1a: Arceus|Arceus|100\/100\n|-damage|p1a: Arceus|88\/100|[from] Spikes\n|move|p2a: Flutter Mane|Moonblast|p1a: Arceus\n|-damage|p1a: Arceus|39\/100\n|-unboost|p1a: Arceus|spa|1\n|-damage|p2a: Flutter Mane|91\/100|[from] item: Life Orb\n|\n|-weather|SunnyDay|[upkeep]\n|-heal|p1a: Arceus|45\/100|[from] item: Leftovers\n|upkeep\n|turn|11\n|\n|t:|1699109849\n|move|p2a: Flutter Mane|Moonblast|p1a: Arceus\n|-damage|p1a: Arceus|0 fnt\n|faint|p1a: Arceus\n|-damage|p2a: Flutter Mane|81\/100|[from] item: Life Orb\n|\n|-weather|none\n|-end|p2a: Flutter Mane|Protosynthesis\n|upkeep\n|inactive|Cerecedo has 90 seconds left.\n|inactive|Cerecedo has 60 seconds left.\n|\n|t:|1699109907\n|switch|p1a: Ditto|Ditto|76\/100\n|-damage|p1a: Ditto|64\/100|[from] Spikes\n|-transform|p1a: Ditto|p2a: Flutter Mane|[from] ability: Imposter\n|turn|12\n|\n|t:|1699109922\n|-end|p2a: Flutter Mane|Protosynthesis|[silent]\n|switch|p2a: Koraidon|Koraidon|100\/100\n|-weather|SunnyDay|[from] ability: Orichalcum Pulse|[of] p2a: Koraidon\n|-activate|p2a: Koraidon|Orichalcum Pulse|[source]\n|move|p1a: Ditto|Shadow Ball|p2a: Koraidon\n|-damage|p2a: Koraidon|56\/100\n|\n|-weather|SunnyDay|[upkeep]\n|upkeep\n|turn|13\n|inactive|WhyisMewtwosoweak has 120 seconds left.\n|\n|t:|1699109952\n|-end|p1a: Ditto|Protosynthesis|[silent]\n|switch|p1a: Koraidon|Koraidon|69\/100\n|-damage|p1a: Koraidon|57\/100|[from] Spikes\n|-activate|p1a: Koraidon|ability: Orichalcum Pulse\n|move|p2a: Koraidon|Flare Blitz|p1a: Koraidon\n|-resisted|p1a: Koraidon\n|-damage|p1a: Koraidon|18\/100\n|-damage|p2a: Koraidon|43\/100|[from] Recoil\n|\n|-weather|SunnyDay|[upkeep]\n|upkeep\n|turn|14\n|\n|t:|1699109977\n|-terastallize|p1a: Koraidon|Fire\n|move|p1a: Koraidon|Flare Blitz|p2a: Koraidon\n|-resisted|p2a: Koraidon\n|-damage|p2a: Koraidon|0 fnt\n|faint|p2a: Koraidon\n|-damage|p1a: Koraidon|3\/100|[from] Recoil\n|\n|-weather|SunnyDay|[upkeep]\n|upkeep\n|\n|t:|1699109985\n|switch|p2a: Miraidon|Miraidon|100\/100\n|-fieldstart|move: Electric Terrain|[from] ability: Hadron Engine|[of] p2a: Miraidon\n|turn|15\n|\n|t:|1699109992\n|move|p1a: Koraidon|Flare Blitz|p2a: Miraidon\n|-resisted|p2a: Miraidon\n|-damage|p2a: Miraidon|37\/100\n|-status|p2a: Miraidon|brn\n|-damage|p1a: Koraidon|0 fnt|[from] Recoil\n|faint|p1a: Koraidon\n|move|p2a: Miraidon|U-turn|p1: Koraidon|[notarget]\n|-fail|p2a: Miraidon\n|\n|-weather|SunnyDay|[upkeep]\n|-damage|p2a: Miraidon|31\/100 brn|[from] brn\n|upkeep\n|\n|t:|1699110007\n|switch|p1a: Ditto|Ditto|64\/100\n|-damage|p1a: Ditto|52\/100|[from] Spikes\n|-transform|p1a: Ditto|p2a: Miraidon|[from] ability: Imposter\n|-activate|p1a: Ditto|ability: Hadron Engine\n|turn|16\n|\n|t:|1699110021\n|move|p1a: Ditto|Electro Drift|p2a: Miraidon\n|-resisted|p2a: Miraidon\n|-damage|p2a: Miraidon|9\/100 brn\n|move|p2a: Miraidon|U-turn|p1a: Ditto\n|-damage|p1a: Ditto|43\/100\n|\n|t:|1699110027\n|switch|p2a: Great Tusk|Great Tusk|100\/100|[from] U-turn\n|-activate|p2a: Great Tusk|ability: Protosynthesis\n|-start|p2a: Great Tusk|protosynthesisatk\n|\n|-weather|none\n|-end|p2a: Great Tusk|Protosynthesis\n|upkeep\n|turn|17\n|\n|t:|1699110035\n|switch|p1a: Calyrex|Calyrex-Shadow|100\/100\n|-ability|p1a: Calyrex|As One\n|-ability|p1a: Calyrex|Unnerve\n|-damage|p1a: Calyrex|88\/100|[from] Spikes\n|move|p2a: Great Tusk|Headlong Rush|p1a: Calyrex\n|-damage|p1a: Calyrex|10\/100\n|-unboost|p2a: Great Tusk|def|1\n|-unboost|p2a: Great Tusk|spd|1\n|\n|upkeep\n|turn|18\n|\n|t:|1699110052\n|-end|p2a: Great Tusk|Protosynthesis|[silent]\n|switch|p2a: Flutter Mane|Flutter Mane|81\/100\n|move|p1a: Calyrex|Draining Kiss|p2a: Flutter Mane\n|-damage|p2a: Flutter Mane|60\/100\n|-heal|p1a: Calyrex|22\/100|[from] drain|[of] p2a: Flutter Mane\n|\n|upkeep\n|turn|19\n|\n|t:|1699110060\n|-terastallize|p2a: Flutter Mane|Normal\n|move|p1a: Calyrex|Astral Barrage|p2a: Flutter Mane\n|-immune|p2a: Flutter Mane\n|move|p2a: Flutter Mane|Moonblast|p1a: Calyrex\n|-damage|p1a: Calyrex|0 fnt\n|faint|p1a: Calyrex\n|-damage|p2a: Flutter Mane|50\/100|[from] item: Life Orb\n|\n|-fieldend|move: Electric Terrain\n|upkeep\n|\n|t:|1699110079\n|switch|p1a: Ditto|Ditto|43\/100\n|-damage|p1a: Ditto|30\/100|[from] Spikes\n|-transform|p1a: Ditto|p2a: Flutter Mane|[from] ability: Imposter\n|-start|p1a: Ditto|typechange|Ghost\/Fairy|[silent]\n|turn|20\n|\n|t:|1699110097\n|move|p1a: Ditto|Moonblast|p2a: Flutter Mane\n|-damage|p2a: Flutter Mane|0 fnt\n|faint|p2a: Flutter Mane\n|-end|p2a: Flutter Mane|Protosynthesis|[silent]\n|\n|upkeep\n|\n|t:|1699110101\n|switch|p2a: Great Tusk|Great Tusk|100\/100\n|turn|21\n|\n|t:|1699110110\n|move|p1a: Ditto|Moonblast|p2a: Great Tusk\n|-supereffective|p2a: Great Tusk\n|-enditem|p2a: Great Tusk|Focus Sash\n|-damage|p2a: Great Tusk|1\/100\n|move|p2a: Great Tusk|Headlong Rush|p1a: Ditto\n|-damage|p1a: Ditto|0 fnt\n|-unboost|p2a: Great Tusk|def|1\n|-unboost|p2a: Great Tusk|spd|1\n|faint|p1a: Ditto\n|-end|p1a: Ditto|Protosynthesis|[silent]\n|\n|win|WhyisMewtwosoweak\n|raw|Cerecedo's rating: 1645 &rarr; <strong>1628<\/strong><br \/>(-17 for losing)\n|raw|WhyisMewtwosoweak's rating: 1702 &rarr; <strong>1719<\/strong><br \/>(+17 for winning)\n|c|\u2606WhyisMewtwosoweak|gg\n|j| Lord Rekkuza\n|l|\u2606Cerecedo\n","uploadtime":1699110128,"views":7,"p1id":"cerecedo","p2id":"whyismewtwosoweak","formatid":"gen9anythinggoes","rating":1628,"private":0,"password":""}