{"id":"gen9anythinggoes-1991589571","p1":"esrdtyfughiou","p2":"marshiemeow","format":"[Gen 9] Anything Goes","log":"|j|\u2606esrdtyfughiou\n|j|\u2606marshiemeow\n|t:|1700091596\n|gametype|singles\n|player|p1|esrdtyfughiou|101|1128\n|player|p2|marshiemeow|marley|1000\n|teamsize|p1|6\n|teamsize|p2|6\n|gen|9\n|tier|[Gen 9] Anything Goes\n|rated|\n|rule|HP Percentage Mod: HP is shown in percentages\n|rule|Endless Battle Clause: Forcing endless battles is banned\n|clearpoke\n|poke|p1|Gholdengo|\n|poke|p1|Diancie|\n|poke|p1|Amoonguss, F|\n|poke|p1|Volcarona, M|\n|poke|p1|Garchomp, M|\n|poke|p1|Quaquaval, M|\n|poke|p2|Cloyster, M|\n|poke|p2|Espathra, M|\n|poke|p2|Calyrex-Shadow|\n|poke|p2|Regieleki|\n|poke|p2|Garganacl, F|\n|poke|p2|Ogerpon-Cornerstone, F|\n|teampreview\n|inactive|Battle timer is ON: inactive players will automatically lose when time's up. (requested by esrdtyfughiou)\n|j| thebluecottonee\n|\n|t:|1700091612\n|start\n|switch|p1a: Garchomp|Garchomp, M|100\/100\n|switch|p2a: reg|Regieleki|100\/100\n|turn|1\n|c| thebluecottonee|reg is going to attack with rising voltage\n|\n|t:|1700091632\n|switch|p1a: Gholdengo|Gholdengo|100\/100\n|-terastallize|p2a: reg|Dark\n|move|p2a: reg|Reflect|p2a: reg\n|-sidestart|p2: marshiemeow|Reflect\n|\n|upkeep\n|turn|2\n|c| thebluecottonee|ik this build\n|c| thebluecottonee|marsh\n|\n|t:|1700091643\n|move|p2a: reg|Light Screen|p2a: reg\n|-sidestart|p2: marshiemeow|move: Light Screen\n|move|p1a: Gholdengo|Tera Blast|p2a: reg\n|-damage|p2a: reg|79\/100\n|\n|upkeep\n|turn|3\n|c| thebluecottonee|check dms\n|\n|t:|1700091663\n|switch|p2a: psychic|Espathra, M|100\/100\n|move|p1a: Gholdengo|Tera Blast|p2a: psychic\n|-damage|p2a: psychic|78\/100\n|\n|-heal|p2a: psychic|84\/100|[from] item: Leftovers\n|upkeep\n|turn|4\n|\n|t:|1700091679\n|move|p2a: psychic|Calm Mind|p2a: psychic\n|-boost|p2a: psychic|spa|1\n|-boost|p2a: psychic|spd|1\n|move|p1a: Gholdengo|Shadow Ball|p2a: psychic\n|-supereffective|p2a: psychic\n|-damage|p2a: psychic|42\/100\n|\n|-heal|p2a: psychic|48\/100|[from] item: Leftovers\n|-ability|p2a: psychic|Speed Boost|boost\n|-boost|p2a: psychic|spe|1\n|upkeep\n|turn|5\n|inactive|marshiemeow has 120 seconds left.\n|\n|t:|1700091695\n|move|p2a: psychic|Calm Mind|p2a: psychic\n|-boost|p2a: psychic|spa|1\n|-boost|p2a: psychic|spd|1\n|move|p1a: Gholdengo|Shadow Ball|p2a: psychic\n|-supereffective|p2a: psychic\n|-damage|p2a: psychic|14\/100\n|\n|-heal|p2a: psychic|20\/100|[from] item: Leftovers\n|-ability|p2a: psychic|Speed Boost|boost\n|-boost|p2a: psychic|spe|1\n|upkeep\n|turn|6\n|inactive|marshiemeow has 120 seconds left.\n|\n|t:|1700091706\n|move|p2a: psychic|Stored Power|p1a: Gholdengo\n|-resisted|p1a: Gholdengo\n|-damage|p1a: Gholdengo|46\/100\n|move|p1a: Gholdengo|Shadow Ball|p2a: psychic\n|-supereffective|p2a: psychic\n|-damage|p2a: psychic|0 fnt\n|faint|p2a: psychic\n|\n|upkeep\n|inactive|marshiemeow has 120 seconds left.\n|\n|t:|1700091717\n|switch|p2a: the one|Calyrex-Shadow|100\/100\n|-ability|p2a: the one|As One\n|-ability|p2a: the one|Unnerve\n|turn|7\n|c| thebluecottonee|roost\n|inactive|marshiemeow has 120 seconds left.\n|\n|t:|1700091724\n|move|p2a: the one|Dark Pulse|p1a: Gholdengo\n|-supereffective|p1a: Gholdengo\n|-damage|p1a: Gholdengo|0 fnt\n|faint|p1a: Gholdengo\n|-ability|p2a: the one|Grim Neigh|boost\n|-boost|p2a: the one|spa|1\n|\n|upkeep\n|\n|t:|1700091730\n|switch|p1a: Diancie|Diancie|100\/100\n|turn|8\n|\n|t:|1700091744\n|switch|p2a: og|Ogerpon-Cornerstone, F|100\/100\n|move|p1a: Diancie|Trick Room|p1a: Diancie\n|-fieldstart|move: Trick Room|[of] p1a: Diancie\n|\n|-sideend|p2: marshiemeow|Reflect\n|upkeep\n|turn|9\n|c|\u2606marshiemeow|I'm playing with my friend's team I have no idea what I'm doing\n|inactive|marshiemeow has 120 seconds left.\n|\n|t:|1700091765\n|move|p1a: Diancie|Body Press|p2a: og\n|-supereffective|p2a: og\n|-damage|p2a: og|36\/100\n|move|p2a: og|Swords Dance|p2a: og\n|-boost|p2a: og|atk|2\n|\n|-sideend|p2: marshiemeow|move: Light Screen\n|upkeep\n|turn|10\n|c| thebluecottonee|broooo\n|inactive|marshiemeow has 120 seconds left.\n|\n|t:|1700091779\n|move|p1a: Diancie|Body Press|p2a: og\n|-supereffective|p2a: og\n|-damage|p2a: og|0 fnt\n|faint|p2a: og\n|\n|upkeep\n|inactive|marshiemeow has 120 seconds left.\n|c| thebluecottonee|i got on 1277 with it\n|\n|t:|1700091791\n|switch|p2a: mraow|Cloyster, M|100\/100\n|turn|11\n|inactive|marshiemeow has 120 seconds left.\n|\n|t:|1700091806\n|move|p1a: Diancie|Diamond Storm|p2a: mraow\n|-supereffective|p2a: mraow\n|-damage|p2a: mraow|13\/100\n|-boost|p1a: Diancie|def|2\n|move|p2a: mraow|Shell Smash|p2a: mraow\n|-unboost|p2a: mraow|def|1\n|-unboost|p2a: mraow|spd|1\n|-boost|p2a: mraow|atk|2\n|-boost|p2a: mraow|spa|2\n|-boost|p2a: mraow|spe|2\n|\n|upkeep\n|turn|12\n|\n|t:|1700091819\n|move|p1a: Diancie|Diamond Storm|p2a: mraow\n|-supereffective|p2a: mraow\n|-damage|p2a: mraow|0 fnt\n|-boost|p1a: Diancie|def|2\n|faint|p2a: mraow\n|\n|-fieldend|move: Trick Room\n|upkeep\n|\n|t:|1700091836\n|switch|p2a: reg|Regieleki, tera:Dark|79\/100\n|turn|13\n|\n|t:|1700091847\n|move|p2a: reg|Light Screen|p2a: reg\n|-sidestart|p2: marshiemeow|move: Light Screen\n|move|p1a: Diancie|Trick Room|p1a: Diancie\n|-fieldstart|move: Trick Room|[of] p1a: Diancie\n|\n|upkeep\n|turn|14\n|\n|t:|1700091851\n|move|p1a: Diancie|Play Rough|p2a: reg\n|-supereffective|p2a: reg\n|-damage|p2a: reg|0 fnt\n|faint|p2a: reg\n|\n|upkeep\n|\n|t:|1700091856\n|switch|p2a: Gary|Garganacl, F|100\/100\n|turn|15\n|\n|t:|1700091861\n|move|p2a: Gary|Iron Defense|p2a: Gary\n|-boost|p2a: Gary|def|2\n|move|p1a: Diancie|Body Press|p2a: Gary\n|-supereffective|p2a: Gary\n|-damage|p2a: Gary|50\/100\n|\n|-heal|p2a: Gary|56\/100|[from] item: Leftovers\n|upkeep\n|turn|16\n|\n|t:|1700091868\n|move|p2a: Gary|Iron Defense|p2a: Gary\n|-boost|p2a: Gary|def|2\n|move|p1a: Diancie|Body Press|p2a: Gary\n|-supereffective|p2a: Gary\n|-damage|p2a: Gary|18\/100\n|\n|-heal|p2a: Gary|24\/100|[from] item: Leftovers\n|upkeep\n|turn|17\n|\n|t:|1700091878\n|move|p2a: Gary|Recover|p2a: Gary\n|-heal|p2a: Gary|74\/100\n|move|p1a: Diancie|Body Press|p2a: Gary\n|-supereffective|p2a: Gary\n|-damage|p2a: Gary|39\/100\n|\n|-heal|p2a: Gary|45\/100|[from] item: Leftovers\n|-fieldend|move: Trick Room\n|upkeep\n|turn|18\n|\n|t:|1700091888\n|move|p2a: Gary|Protect|p2a: Gary\n|-singleturn|p2a: Gary|Protect\n|move|p1a: Diancie|Body Press|p2a: Gary\n|-activate|p2a: Gary|move: Protect\n|\n|-heal|p2a: Gary|51\/100|[from] item: Leftovers\n|upkeep\n|turn|19\n|\n|t:|1700091898\n|move|p1a: Diancie|Body Press|p2a: Gary\n|-supereffective|p2a: Gary\n|-damage|p2a: Gary|15\/100\n|move|p2a: Gary|Salt Cure|p1a: Diancie\n|-damage|p1a: Diancie|97\/100\n|-start|p1a: Diancie|Salt Cure\n|\n|-heal|p2a: Gary|22\/100|[from] item: Leftovers\n|-damage|p1a: Diancie|84\/100|[from] Salt Cure\n|upkeep\n|turn|20\n|\n|t:|1700091913\n|move|p2a: Gary|Protect|p2a: Gary\n|-singleturn|p2a: Gary|Protect\n|move|p1a: Diancie|Body Press|p2a: Gary\n|-activate|p2a: Gary|move: Protect\n|\n|-heal|p2a: Gary|28\/100|[from] item: Leftovers\n|-damage|p1a: Diancie|72\/100|[from] Salt Cure\n|-sideend|p2: marshiemeow|move: Light Screen\n|upkeep\n|turn|21\n|\n|t:|1700091929\n|move|p1a: Diancie|Body Press|p2a: Gary\n|-supereffective|p2a: Gary\n|-damage|p2a: Gary|0 fnt\n|faint|p2a: Gary\n|\n|-damage|p1a: Diancie|59\/100|[from] Salt Cure\n|upkeep\n|\n|t:|1700091935\n|switch|p2a: the one|Calyrex-Shadow|100\/100\n|-ability|p2a: the one|As One\n|-ability|p2a: the one|Unnerve\n|turn|22\n|\n|t:|1700091947\n|move|p2a: the one|Astral Barrage|p1a: Diancie\n|-damage|p1a: Diancie|3\/100\n|move|p1a: Diancie|Trick Room|p1a: Diancie\n|-fieldstart|move: Trick Room|[of] p1a: Diancie\n|\n|-damage|p1a: Diancie|0 fnt|[from] Salt Cure\n|faint|p1a: Diancie\n|upkeep\n|\n|t:|1700091960\n|switch|p1a: Amoonguss|Amoonguss, F|100\/100\n|turn|23\n|c| thebluecottonee|bro i swear\n|inactive|marshiemeow has 120 seconds left.\n|\n|t:|1700091983\n|move|p1a: Amoonguss|Spore|p2a: the one\n|-status|p2a: the one|slp|[from] move: Spore\n|cant|p2a: the one|slp\n|\n|upkeep\n|turn|24\n|\n|t:|1700091988\n|move|p1a: Amoonguss|Hex|p2a: the one\n|-supereffective|p2a: the one\n|-enditem|p2a: the one|Focus Sash\n|-damage|p2a: the one|1\/100 slp\n|-curestatus|p2a: the one|slp|[msg]\n|move|p2a: the one|Psychic|p1a: Amoonguss\n|-supereffective|p1a: Amoonguss\n|-damage|p1a: Amoonguss|0 fnt\n|faint|p1a: Amoonguss\n|-ability|p2a: the one|Grim Neigh|boost\n|-boost|p2a: the one|spa|1\n|\n|upkeep\n|\n|t:|1700091995\n|switch|p1a: Garchomp|Garchomp, M|100\/100\n|turn|25\n|c| thebluecottonee|drain kiss\n|\n|t:|1700092010\n|move|p1a: Garchomp|Earthquake|p2a: the one\n|-damage|p2a: the one|0 fnt\n|faint|p2a: the one\n|\n|win|esrdtyfughiou\n|raw|esrdtyfughiou's rating: 1128 &rarr; <strong>1144<\/strong><br \/>(+16 for winning)\n|raw|marshiemeow's rating: 1000 &rarr; <strong>1000<\/strong><br \/>(+0 for losing)\n|l|\u2606marshiemeow\n","uploadtime":1700092023,"views":12,"p1id":"esrdtyfughiou","p2id":"marshiemeow","formatid":"gen9anythinggoes","rating":1000,"private":0,"password":""}