{"id":"gen9anythinggoes-1997973292","p1":"kobyaguilera","p2":"lavatwocan","format":"[Gen 9] Anything Goes","log":"|j|\u2606kobyaguilera\n|j|\u2606lavatwocan\n|t:|1700873997\n|gametype|singles\n|player|p1|kobyaguilera|101|1129\n|player|p2|lavatwocan|dawn|1088\n|teamsize|p1|6\n|teamsize|p2|6\n|gen|9\n|tier|[Gen 9] Anything Goes\n|rated|\n|rule|HP Percentage Mod: HP is shown in percentages\n|rule|Endless Battle Clause: Forcing endless battles is banned\n|clearpoke\n|poke|p1|Forretress, F|\n|poke|p1|Maushold|\n|poke|p1|Maushold|\n|poke|p1|Maushold|\n|poke|p1|Maushold|\n|poke|p1|Mewtwo|\n|poke|p2|Annihilape, M|\n|poke|p2|Annihilape, M|\n|poke|p2|Annihilape, F|\n|poke|p2|Annihilape, M|\n|poke|p2|Annihilape, M|\n|poke|p2|Kingambit, M|\n|teampreview\n|c|\u2606kobyaguilera|Rats\n|\n|t:|1700874006\n|start\n|switch|p1a: The Guardian|Forretress, F, shiny|100\/100\n|switch|p2a: five|Annihilape, M|100\/100\n|turn|1\n|c|\u2606lavatwocan|Monke\n|\n|t:|1700874017\n|move|p2a: five|Drain Punch|p1a: The Guardian\n|-damage|p1a: The Guardian|85\/100\n|-damage|p2a: five|84\/100|[from] item: Rocky Helmet|[of] p1a: The Guardian\n|move|p1a: The Guardian|Toxic Spikes|p2a: five\n|-sidestart|p2: lavatwocan|move: Toxic Spikes\n|\n|-heal|p2a: five|90\/100|[from] item: Leftovers\n|upkeep\n|turn|2\n|c|\u2606kobyaguilera|Our battle will be legendary\n|\n|t:|1700874030\n|move|p2a: five|Bulk Up|p2a: five\n|-boost|p2a: five|atk|1\n|-boost|p2a: five|def|1\n|move|p1a: The Guardian|Stealth Rock|p2a: five\n|-sidestart|p2: lavatwocan|move: Stealth Rock\n|\n|-heal|p2a: five|96\/100|[from] item: Leftovers\n|upkeep\n|turn|3\n|\n|t:|1700874041\n|move|p2a: five|Bulk Up|p2a: five\n|-boost|p2a: five|atk|1\n|-boost|p2a: five|def|1\n|move|p1a: The Guardian|Earthquake|p2a: five\n|-damage|p2a: five|87\/100\n|\n|-heal|p2a: five|93\/100|[from] item: Leftovers\n|upkeep\n|turn|4\n|\n|t:|1700874053\n|move|p2a: five|Rage Fist|p1a: The Guardian\n|-damage|p1a: The Guardian|41\/100\n|-damage|p2a: five|76\/100|[from] item: Rocky Helmet|[of] p1a: The Guardian\n|move|p1a: The Guardian|Stone Edge|p2a: five\n|-resisted|p2a: five\n|-damage|p2a: five|71\/100\n|\n|-heal|p2a: five|77\/100|[from] item: Leftovers\n|upkeep\n|turn|5\n|\n|t:|1700874064\n|move|p2a: five|Bulk Up|p2a: five\n|-boost|p2a: five|atk|1\n|-boost|p2a: five|def|1\n|move|p1a: The Guardian|Earthquake|p2a: five\n|-damage|p2a: five|68\/100\n|\n|-heal|p2a: five|74\/100|[from] item: Leftovers\n|upkeep\n|turn|6\n|\n|t:|1700874071\n|move|p2a: five|Bulk Up|p2a: five\n|-boost|p2a: five|atk|1\n|-boost|p2a: five|def|1\n|move|p1a: The Guardian|Stone Edge|p2a: five\n|-resisted|p2a: five\n|-damage|p2a: five|71\/100\n|\n|-heal|p2a: five|77\/100|[from] item: Leftovers\n|upkeep\n|turn|7\n|\n|t:|1700874080\n|move|p2a: five|Rage Fist|p1a: The Guardian\n|-damage|p1a: The Guardian|0 fnt\n|-damage|p2a: five|60\/100|[from] item: Rocky Helmet|[of] p1a: The Guardian\n|faint|p1a: The Guardian\n|\n|-heal|p2a: five|67\/100|[from] item: Leftovers\n|upkeep\n|\n|t:|1700874088\n|switch|p1a: Rick|Maushold, shiny|100\/100\n|turn|8\n|\n|t:|1700874095\n|move|p1a: Rick|Protect|p1a: Rick\n|-singleturn|p1a: Rick|Protect\n|move|p2a: five|Drain Punch|p1a: Rick\n|-activate|p1a: Rick|move: Protect\n|\n|-heal|p2a: five|73\/100|[from] item: Leftovers\n|upkeep\n|turn|9\n|\n|t:|1700874103\n|move|p1a: Rick|Population Bomb|p2a: five\n|-immune|p2a: five\n|move|p2a: five|Drain Punch|p1a: Rick\n|-supereffective|p1a: Rick\n|-damage|p1a: Rick|0 fnt\n|-heal|p2a: five|100\/100|[from] drain|[of] p1a: Rick\n|faint|p1a: Rick\n|\n|upkeep\n|c|\u2606lavatwocan|rats stand no chance\n|\n|t:|1700874112\n|switch|p1a: The Elder|Mewtwo, shiny|100\/100\n|-ability|p1a: The Elder|Pressure\n|turn|10\n|c|\u2606kobyaguilera|Cat\n|c|\u2606lavatwocan|monkeys are natural predators of rats\n|\n|t:|1700874125\n|move|p1a: The Elder|Power Swap|p2a: five\n|-swapboost|p1a: The Elder|p2a: five|atk, spa|[from] move: Power Swap\n|move|p2a: five|Rage Fist|p1a: The Elder\n|-supereffective|p1a: The Elder\n|-enditem|p1a: The Elder|Focus Sash\n|-damage|p1a: The Elder|1\/100\n|\n|upkeep\n|turn|11\n|\n|t:|1700874134\n|move|p1a: The Elder|Guard Swap|p2a: five\n|-swapboost|p1a: The Elder|p2a: five|def, spd|[from] move: Guard Swap\n|move|p2a: five|Rage Fist|p1a: The Elder\n|-supereffective|p1a: The Elder\n|-crit|p1a: The Elder\n|-damage|p1a: The Elder|0 fnt\n|faint|p1a: The Elder\n|\n|upkeep\n|c|\u2606kobyaguilera|Yoink\n|c|\u2606lavatwocan|you died\n|\n|t:|1700874154\n|switch|p1a: Reeves|Maushold, shiny|100\/100\n|turn|12\n|\n|t:|1700874159\n|move|p1a: Reeves|Shadow Claw|p2a: five\n|-supereffective|p2a: five\n|-crit|p2a: five\n|-damage|p2a: five|50\/100\n|move|p2a: five|Final Gambit|p1a: Reeves\n|-damage|p1a: Reeves|29\/100\n|faint|p2a: five\n|\n|upkeep\n|\n|t:|1700874166\n|switch|p2a: little|Annihilape, M|100\/100\n|-status|p2a: little|psn\n|-damage|p2a: little|94\/100 psn|[from] Stealth Rock\n|turn|13\n|\n|t:|1700874177\n|move|p1a: Reeves|Beat Up|p2a: little\n|-damage|p2a: little|91\/100 psn\n|-damage|p2a: little|88\/100 psn\n|-damage|p2a: little|85\/100 psn\n|-hitcount|p2a: little|3\n|move|p2a: little|Final Gambit|p1a: Reeves\n|-damage|p1a: Reeves|0 fnt\n|faint|p2a: little\n|faint|p1a: Reeves\n|\n|upkeep\n|\n|t:|1700874185\n|switch|p1a: Ron|Maushold, shiny|100\/100\n|switch|p2a: Annihilape|Annihilape, F|100\/100\n|-status|p2a: Annihilape|psn\n|-damage|p2a: Annihilape|94\/100 psn|[from] Stealth Rock\n|turn|14\n|\n|t:|1700874192\n|move|p1a: Ron|Play Rough|p2a: Annihilape\n|-supereffective|p2a: Annihilape\n|-damage|p2a: Annihilape|53\/100 psn\n|cant|p2a: Annihilape|flinch\n|\n|-heal|p2a: Annihilape|59\/100 psn|[from] item: Leftovers\n|-damage|p2a: Annihilape|46\/100 psn|[from] psn\n|upkeep\n|turn|15\n|\n|t:|1700874200\n|move|p1a: Ron|Play Rough|p2a: Annihilape\n|-supereffective|p2a: Annihilape\n|-damage|p2a: Annihilape|7\/100 psn\n|move|p2a: Annihilape|Drain Punch|p1a: Ron\n|-supereffective|p1a: Ron\n|-damage|p1a: Ron|0 fnt\n|-heal|p2a: Annihilape|41\/100 psn|[from] drain|[of] p1a: Ron\n|faint|p1a: Ron\n|\n|-heal|p2a: Annihilape|47\/100 psn|[from] item: Leftovers\n|-damage|p2a: Annihilape|35\/100 psn|[from] psn\n|upkeep\n|\n|t:|1700874211\n|switch|p1a: Randy-slava|Maushold, shiny|100\/100\n|turn|16\n|c|\u2606kobyaguilera|I didn\u2019t want to have to do this\n|\n|t:|1700874226\n|-terastallize|p1a: Randy-slava|Ghost\n|move|p1a: Randy-slava|Tera Blast|p2a: Annihilape|[anim] Tera Blast Ghost\n|-supereffective|p2a: Annihilape\n|-damage|p2a: Annihilape|0 fnt\n|faint|p2a: Annihilape\n|\n|upkeep\n|\n|t:|1700874233\n|switch|p2a: jumping on|Annihilape, M|100\/100\n|-status|p2a: jumping on|psn\n|-damage|p2a: jumping on|94\/100 psn|[from] Stealth Rock\n|turn|17\n|\n|t:|1700874240\n|move|p1a: Randy-slava|Dig||[still]\n|-prepare|p1a: Randy-slava|Dig\n|move|p2a: jumping on|Rage Fist|p1a: Randy-slava|[miss]\n|-miss|p2a: jumping on|p1a: Randy-slava\n|\n|-heal|p2a: jumping on|100\/100 psn|[from] item: Leftovers\n|-damage|p2a: jumping on|88\/100 psn|[from] psn\n|upkeep\n|turn|18\n|\n|t:|1700874248\n|move|p1a: Randy-slava|Dig|p2a: jumping on|[from]lockedmove\n|-damage|p2a: jumping on|68\/100 psn\n|move|p2a: jumping on|Bulk Up|p2a: jumping on\n|-boost|p2a: jumping on|atk|1\n|-boost|p2a: jumping on|def|1\n|\n|-heal|p2a: jumping on|74\/100 psn|[from] item: Leftovers\n|-damage|p2a: jumping on|61\/100 psn|[from] psn\n|upkeep\n|turn|19\n|\n|t:|1700874257\n|move|p1a: Randy-slava|Tera Blast|p2a: jumping on|[anim] Tera Blast Ghost\n|-supereffective|p2a: jumping on\n|-damage|p2a: jumping on|26\/100 psn\n|move|p2a: jumping on|Rage Fist|p1a: Randy-slava\n|-supereffective|p1a: Randy-slava\n|-enditem|p1a: Randy-slava|Focus Sash\n|-damage|p1a: Randy-slava|1\/100\n|\n|-heal|p2a: jumping on|32\/100 psn|[from] item: Leftovers\n|-damage|p2a: jumping on|20\/100 psn|[from] psn\n|upkeep\n|turn|20\n|\n|t:|1700874268\n|move|p1a: Randy-slava|Tera Blast|p2a: jumping on|[anim] Tera Blast Ghost\n|-supereffective|p2a: jumping on\n|-damage|p2a: jumping on|0 fnt\n|faint|p2a: jumping on\n|\n|upkeep\n|\n|t:|1700874272\n|switch|p2a: the|Annihilape, M|100\/100\n|-status|p2a: the|psn\n|-damage|p2a: the|94\/100 psn|[from] Stealth Rock\n|turn|21\n|\n|t:|1700874278\n|move|p2a: the|U-turn|p1a: Randy-slava\n|-resisted|p1a: Randy-slava\n|-crit|p1a: Randy-slava\n|-damage|p1a: Randy-slava|0 fnt\n|faint|p1a: Randy-slava\n|\n|win|lavatwocan\n|raw|kobyaguilera's rating: 1129 &rarr; <strong>1101<\/strong><br \/>(-28 for losing)\n|raw|lavatwocan's rating: 1088 &rarr; <strong>1118<\/strong><br \/>(+30 for winning)\n|c|\u2606kobyaguilera|rat is dead\n|c|\u2606lavatwocan|monke win\n|c|\u2606kobyaguilera|nice job\n|l|\u2606kobyaguilera\n|c|\u2606lavatwocan|gg\n|l|\u2606lavatwocan\n|j|\u2606lavatwocan\n|player|p2|lavatwocan|dawn\n","uploadtime":1700874517,"views":2,"p1id":"kobyaguilera","p2id":"lavatwocan","formatid":"gen9anythinggoes","rating":1101,"private":0,"password":""}