{"id":"gen9anythinggoes-1972483279","p1":"kramos 2771","p2":"Eris7266","format":"[Gen 9] Anything Goes","log":"|j|\u2606kramos 2771\n|j|\u2606Eris7266\n|t:|1697847961\n|gametype|singles\n|player|p1|kramos 2771|sage|\n|player|p2|Eris7266|iris-gen5bw2|\n|teamsize|p1|6\n|teamsize|p2|6\n|gen|9\n|tier|[Gen 9] Anything Goes\n|rule|HP Percentage Mod: HP is shown in percentages\n|rule|Endless Battle Clause: Forcing endless battles is banned\n|clearpoke\n|poke|p1|Garchomp, M|\n|poke|p1|Armarouge, M|\n|poke|p1|Luxray, M|\n|poke|p1|Milotic, M|\n|poke|p1|Lucario, F|\n|poke|p1|Clefable, M|\n|poke|p2|Ceruledge, F|\n|poke|p2|Ninetales-Alola, F|\n|poke|p2|Arceus-Grass|\n|poke|p2|Garchomp, F|\n|poke|p2|Palafin, F|\n|poke|p2|Espathra, M|\n|teampreview\n|\n|t:|1697847980\n|start\n|switch|p1a: Armarouge|Armarouge, M|100\/100\n|switch|p2a: Palafin|Palafin, F|100\/100\n|turn|1\n|-activate|p2a: Palafin|item: Quick Claw\n|\n|t:|1697847992\n|switch|p1a: Luxray|Luxray, M|100\/100\n|move|p2a: Palafin|Waterfall|p1a: Luxray\n|-damage|p1a: Luxray|64\/100\n|\n|upkeep\n|turn|2\n|\n|t:|1697848017\n|detailschange|p2a: Palafin|Palafin-Hero, F\n|switch|p2a: Garchomp|Garchomp, F|100\/100\n|move|p1a: Luxray|Wild Charge|p2a: Garchomp\n|-immune|p2a: Garchomp\n|\n|upkeep\n|turn|3\n|\n|t:|1697848026\n|switch|p1a: Clefable|Clefable, M|100\/100\n|move|p2a: Garchomp|Swords Dance|p2a: Garchomp\n|-boost|p2a: Garchomp|atk|2\n|\n|upkeep\n|turn|4\n|\n|t:|1697848035\n|-terastallize|p1a: Clefable|Fairy\n|move|p2a: Garchomp|Metal Claw|p1a: Clefable\n|-supereffective|p1a: Clefable\n|-damage|p1a: Clefable|28\/100\n|move|p1a: Clefable|Play Rough|p2a: Garchomp\n|-supereffective|p2a: Garchomp\n|-damage|p2a: Garchomp|43\/100\n|-unboost|p2a: Garchomp|atk|1\n|\n|upkeep\n|turn|5\n|\n|t:|1697848047\n|move|p2a: Garchomp|Metal Claw|p1a: Clefable\n|-supereffective|p1a: Clefable\n|-damage|p1a: Clefable|0 fnt\n|faint|p1a: Clefable\n|\n|upkeep\n|\n|t:|1697848055\n|switch|p1a: Lucario|Lucario, F|100\/100\n|turn|6\n|\n|t:|1697848064\n|switch|p2a: Palafin|Palafin-Hero, F|100\/100\n|-activate|p2a: Palafin|ability: Zero to Hero\n|move|p1a: Lucario|Meteor Mash|p2a: Palafin\n|-resisted|p2a: Palafin\n|-damage|p2a: Palafin|74\/100\n|-damage|p1a: Lucario|91\/100|[from] item: Life Orb\n|\n|upkeep\n|turn|7\n|-activate|p2a: Palafin|item: Quick Claw\n|\n|t:|1697848080\n|switch|p1a: Luxray|Luxray, M|64\/100\n|move|p2a: Palafin|Drain Punch|p1a: Luxray\n|-damage|p1a: Luxray|25\/100\n|-heal|p2a: Palafin|95\/100|[from] drain|[of] p1a: Luxray\n|\n|upkeep\n|turn|8\n|\n|t:|1697848098\n|move|p2a: Palafin|Drain Punch|p1a: Luxray\n|-damage|p1a: Luxray|0 fnt\n|-heal|p2a: Palafin|100\/100|[from] drain|[of] p1a: Luxray\n|faint|p1a: Luxray\n|\n|upkeep\n|\n|t:|1697848110\n|switch|p1a: Garchomp|Garchomp, M|100\/100\n|turn|9\n|-activate|p2a: Palafin|item: Quick Claw\n|\n|t:|1697848128\n|move|p2a: Palafin|Ice Punch|p1a: Garchomp\n|-supereffective|p1a: Garchomp\n|-crit|p1a: Garchomp\n|-damage|p1a: Garchomp|0 fnt\n|-damage|p2a: Palafin|88\/100|[from] ability: Rough Skin|[of] p1a: Garchomp\n|faint|p1a: Garchomp\n|\n|upkeep\n|\n|t:|1697848139\n|switch|p1a: Lucario|Lucario, F|91\/100\n|turn|10\n|-activate|p2a: Palafin|item: Quick Claw\n|\n|t:|1697848157\n|move|p2a: Palafin|Drain Punch|p1a: Lucario\n|-supereffective|p1a: Lucario\n|-damage|p1a: Lucario|0 fnt\n|-heal|p2a: Palafin|100\/100|[from] drain|[of] p1a: Lucario\n|faint|p1a: Lucario\n|\n|upkeep\n|\n|t:|1697848201\n|switch|p1a: Milotic|Milotic, M|100\/100\n|turn|11\n|\n|t:|1697848218\n|switch|p2a: Arceus|Arceus-Grass|100\/100\n|move|p1a: Milotic|Scald|p2a: Arceus\n|-resisted|p2a: Arceus\n|-damage|p2a: Arceus|86\/100\n|\n|upkeep\n|turn|12\n|\n|t:|1697848247\n|move|p2a: Arceus|Dragon Pulse|p1a: Milotic\n|-damage|p1a: Milotic|74\/100\n|move|p1a: Milotic|Avalanche|p2a: Arceus\n|-supereffective|p2a: Arceus\n|-damage|p2a: Arceus|60\/100\n|\n|upkeep\n|turn|13\n|\n|t:|1697848256\n|move|p2a: Arceus|Giga Drain|p1a: Milotic\n|-supereffective|p1a: Milotic\n|-damage|p1a: Milotic|0 fnt\n|-heal|p2a: Arceus|87\/100|[from] drain|[of] p1a: Milotic\n|faint|p1a: Milotic\n|\n|upkeep\n|\n|t:|1697848262\n|switch|p1a: Armarouge|Armarouge, M|100\/100\n|turn|14\n|\n|t:|1697848277\n|switch|p2a: Ceruledge|Ceruledge, F|100\/100\n|move|p1a: Armarouge|Disable||[still]\n|-fail|p1a: Armarouge\n|\n|upkeep\n|turn|15\n|\n|t:|1697848284\n|move|p2a: Ceruledge|Swords Dance|p2a: Ceruledge\n|-boost|p2a: Ceruledge|atk|2\n|move|p1a: Armarouge|Aura Sphere|p2a: Ceruledge\n|-immune|p2a: Ceruledge\n|\n|upkeep\n|turn|16\n|\n|t:|1697848297\n|move|p2a: Ceruledge|Shadow Claw|p1a: Armarouge\n|-supereffective|p1a: Armarouge\n|-damage|p1a: Armarouge|0 fnt\n|faint|p1a: Armarouge\n|\n|win|Eris7266\n","uploadtime":1697848306,"views":8,"p1id":"kramos2771","p2id":"eris7266","formatid":"gen9anythinggoes","rating":0,"private":0,"password":""}