{"id":"gen9anythinggoes-1987486611","p1":"MrMimeIsMrKetchum","p2":"shou.xi","format":"[Gen 9] Anything Goes","log":"|j|\u2606MrMimeIsMrKetchum\n|j|\u2606shou.xi\n|t:|1699599778\n|gametype|singles\n|player|p1|MrMimeIsMrKetchum|swimmerf-gen4|1142\n|player|p2|shou.xi|benga|1053\n|teamsize|p1|1\n|teamsize|p2|6\n|gen|9\n|tier|[Gen 9] Anything Goes\n|rated|\n|rule|HP Percentage Mod: HP is shown in percentages\n|rule|Endless Battle Clause: Forcing endless battles is banned\n|clearpoke\n|poke|p1|Scovillain, M|\n|poke|p2|Dragonite, F|\n|poke|p2|Ninetales-Alola, F|\n|poke|p2|Kommo-o, M|\n|poke|p2|Darkrai|\n|poke|p2|Urshifu-*, F|\n|poke|p2|Urshifu-*, F|\n|teampreview\n|\n|t:|1699599790\n|start\n|switch|p1a: Scovillain|Scovillain, M, shiny|100\/100\n|switch|p2a: Ninetales|Ninetales-Alola, F|100\/100\n|-weather|Snow|[from] ability: Snow Warning|[of] p2a: Ninetales\n|turn|1\n|inactive|Battle timer is ON: inactive players will automatically lose when time's up. (requested by MrMimeIsMrKetchum)\n|\n|t:|1699599801\n|move|p2a: Ninetales|Aurora Veil|p2a: Ninetales\n|-sidestart|p2: shou.xi|move: Aurora Veil\n|move|p1a: Scovillain|Leech Seed|p2a: Ninetales\n|-start|p2a: Ninetales|move: Leech Seed\n|\n|-weather|Snow|[upkeep]\n|-damage|p2a: Ninetales|88\/100|[from] Leech Seed|[of] p1a: Scovillain\n|-ability|p1a: Scovillain|Moody|boost\n|-boost|p1a: Scovillain|spd|2\n|-unboost|p1a: Scovillain|spe|1\n|upkeep\n|turn|2\n|\n|t:|1699599806\n|move|p2a: Ninetales|Substitute|p2a: Ninetales\n|-start|p2a: Ninetales|Substitute\n|-damage|p2a: Ninetales|63\/100\n|move|p1a: Scovillain|Substitute|p1a: Scovillain\n|-start|p1a: Scovillain|Substitute\n|-damage|p1a: Scovillain|76\/100\n|\n|-weather|Snow|[upkeep]\n|-heal|p1a: Scovillain|82\/100|[from] item: Leftovers\n|-damage|p2a: Ninetales|51\/100|[from] Leech Seed|[of] p1a: Scovillain\n|-heal|p1a: Scovillain|94\/100|[silent]\n|-ability|p1a: Scovillain|Moody|boost\n|-boost|p1a: Scovillain|atk|2\n|-unboost|p1a: Scovillain|def|1\n|upkeep\n|turn|3\n|\n|t:|1699599813\n|move|p1a: Scovillain|Protect|p1a: Scovillain\n|-singleturn|p1a: Scovillain|Protect\n|move|p2a: Ninetales|Calm Mind|p2a: Ninetales\n|-boost|p2a: Ninetales|spa|1\n|-boost|p2a: Ninetales|spd|1\n|\n|-weather|Snow|[upkeep]\n|-heal|p1a: Scovillain|99\/100|[from] item: Leftovers\n|-damage|p2a: Ninetales|39\/100|[from] Leech Seed|[of] p1a: Scovillain\n|-heal|p1a: Scovillain|100\/100|[silent]\n|-ability|p1a: Scovillain|Moody|boost\n|-boost|p1a: Scovillain|def|2\n|-unboost|p1a: Scovillain|spa|1\n|upkeep\n|turn|4\n|\n|t:|1699599817\n|move|p2a: Ninetales|Calm Mind|p2a: Ninetales\n|-boost|p2a: Ninetales|spa|1\n|-boost|p2a: Ninetales|spd|1\n|move|p1a: Scovillain|Flamethrower|p2a: Ninetales\n|-supereffective|p2a: Ninetales\n|-activate|p2a: Ninetales|move: Substitute|[damage]\n|\n|-weather|Snow|[upkeep]\n|-damage|p2a: Ninetales|26\/100|[from] Leech Seed|[of] p1a: Scovillain\n|-ability|p1a: Scovillain|Moody|boost\n|-boost|p1a: Scovillain|spe|2\n|-unboost|p1a: Scovillain|def|1\n|upkeep\n|turn|5\n|\n|t:|1699599822\n|move|p1a: Scovillain|Flamethrower|p2a: Ninetales\n|-supereffective|p2a: Ninetales\n|-activate|p2a: Ninetales|move: Substitute|[damage]\n|move|p2a: Ninetales|Calm Mind|p2a: Ninetales\n|-boost|p2a: Ninetales|spa|1\n|-boost|p2a: Ninetales|spd|1\n|\n|-weather|none\n|-damage|p2a: Ninetales|14\/100|[from] Leech Seed|[of] p1a: Scovillain\n|-sideend|p2: shou.xi|move: Aurora Veil\n|-ability|p1a: Scovillain|Moody|boost\n|-boost|p1a: Scovillain|spa|2\n|-unboost|p1a: Scovillain|spd|1\n|upkeep\n|turn|6\n|\n|t:|1699599829\n|move|p1a: Scovillain|Flamethrower|p2a: Ninetales\n|-supereffective|p2a: Ninetales\n|-end|p2a: Ninetales|Substitute\n|move|p2a: Ninetales|Baton Pass|p2a: Ninetales\n|\n|t:|1699599838\n|switch|p2a: Urshifu|Urshifu-Rapid-Strike, F|100\/100|[from] Baton Pass\n|\n|-damage|p2a: Urshifu|88\/100|[from] Leech Seed|[of] p1a: Scovillain\n|-ability|p1a: Scovillain|Moody|boost\n|-boost|p1a: Scovillain|atk|2\n|-unboost|p1a: Scovillain|spe|1\n|upkeep\n|turn|7\n|\n|t:|1699599847\n|move|p1a: Scovillain|Flamethrower|p2a: Urshifu\n|-resisted|p2a: Urshifu\n|-damage|p2a: Urshifu|75\/100\n|-status|p2a: Urshifu|brn\n|move|p2a: Urshifu|Surging Strikes|p1a: Scovillain\n|-crit|p1a: Scovillain\n|-activate|p1a: Scovillain|move: Substitute|[damage]\n|-crit|p1a: Scovillain\n|-end|p1a: Scovillain|Substitute\n|-crit|p1a: Scovillain\n|-damage|p1a: Scovillain|88\/100\n|-hitcount|p1a: Scovillain|3\n|\n|-heal|p1a: Scovillain|94\/100|[from] item: Leftovers\n|-damage|p2a: Urshifu|63\/100 brn|[from] Leech Seed|[of] p1a: Scovillain\n|-heal|p1a: Scovillain|100\/100|[silent]\n|-damage|p2a: Urshifu|57\/100 brn|[from] brn\n|-ability|p1a: Scovillain|Moody|boost\n|-boost|p1a: Scovillain|spe|2\n|-unboost|p1a: Scovillain|atk|1\n|upkeep\n|turn|8\n|\n|t:|1699599860\n|move|p1a: Scovillain|Substitute|p1a: Scovillain\n|-start|p1a: Scovillain|Substitute\n|-damage|p1a: Scovillain|76\/100\n|move|p2a: Urshifu|Close Combat|p1a: Scovillain\n|-end|p1a: Scovillain|Substitute\n|-unboost|p2a: Urshifu|def|1\n|-unboost|p2a: Urshifu|spd|1\n|\n|-heal|p1a: Scovillain|82\/100|[from] item: Leftovers\n|-damage|p2a: Urshifu|44\/100 brn|[from] Leech Seed|[of] p1a: Scovillain\n|-heal|p1a: Scovillain|95\/100|[silent]\n|-damage|p2a: Urshifu|38\/100 brn|[from] brn\n|-ability|p1a: Scovillain|Moody|boost\n|-boost|p1a: Scovillain|spa|2\n|-unboost|p1a: Scovillain|spe|1\n|upkeep\n|turn|9\n|\n|t:|1699599867\n|move|p1a: Scovillain|Substitute|p1a: Scovillain\n|-start|p1a: Scovillain|Substitute\n|-damage|p1a: Scovillain|70\/100\n|move|p2a: Urshifu|Surging Strikes|p1a: Scovillain\n|-crit|p1a: Scovillain\n|-activate|p1a: Scovillain|move: Substitute|[damage]\n|-crit|p1a: Scovillain\n|-activate|p1a: Scovillain|move: Substitute|[damage]\n|-crit|p1a: Scovillain\n|-end|p1a: Scovillain|Substitute\n|-hitcount|p1a: Scovillain|3\n|\n|-heal|p1a: Scovillain|76\/100|[from] item: Leftovers\n|-damage|p2a: Urshifu|26\/100 brn|[from] Leech Seed|[of] p1a: Scovillain\n|-heal|p1a: Scovillain|90\/100|[silent]\n|-damage|p2a: Urshifu|20\/100 brn|[from] brn\n|-ability|p1a: Scovillain|Moody|boost\n|-boost|p1a: Scovillain|spe|2\n|-unboost|p1a: Scovillain|def|1\n|upkeep\n|turn|10\n|\n|t:|1699599872\n|move|p1a: Scovillain|Substitute|p1a: Scovillain\n|-start|p1a: Scovillain|Substitute\n|-damage|p1a: Scovillain|65\/100\n|move|p2a: Urshifu|Aerial Ace|p1a: Scovillain\n|-supereffective|p1a: Scovillain\n|-end|p1a: Scovillain|Substitute\n|\n|-heal|p1a: Scovillain|71\/100|[from] item: Leftovers\n|-damage|p2a: Urshifu|8\/100 brn|[from] Leech Seed|[of] p1a: Scovillain\n|-heal|p1a: Scovillain|84\/100|[silent]\n|-damage|p2a: Urshifu|2\/100 brn|[from] brn\n|-ability|p1a: Scovillain|Moody|boost\n|-boost|p1a: Scovillain|def|2\n|-unboost|p1a: Scovillain|spe|1\n|upkeep\n|turn|11\n|\n|t:|1699599878\n|move|p1a: Scovillain|Flamethrower|p2a: Urshifu\n|-resisted|p2a: Urshifu\n|-damage|p2a: Urshifu|0 fnt\n|faint|p2a: Urshifu\n|\n|-heal|p1a: Scovillain|90\/100|[from] item: Leftovers\n|-ability|p1a: Scovillain|Moody|boost\n|-boost|p1a: Scovillain|spa|2\n|-unboost|p1a: Scovillain|atk|1\n|upkeep\n|\n|t:|1699599884\n|switch|p2a: Darkrai|Darkrai|100\/100\n|turn|12\n|\n|t:|1699599889\n|move|p1a: Scovillain|Substitute|p1a: Scovillain\n|-start|p1a: Scovillain|Substitute\n|-damage|p1a: Scovillain|65\/100\n|move|p2a: Darkrai|Hypnosis||[still]\n|-fail|p2a: Darkrai\n|\n|-heal|p1a: Scovillain|71\/100|[from] item: Leftovers\n|-ability|p1a: Scovillain|Moody|boost\n|-boost|p1a: Scovillain|def|2\n|-unboost|p1a: Scovillain|atk|1\n|upkeep\n|turn|13\n|\n|t:|1699599894\n|move|p1a: Scovillain|Leech Seed|p2a: Darkrai\n|-start|p2a: Darkrai|move: Leech Seed\n|move|p2a: Darkrai|Hypnosis|p1a: Scovillain|[miss]\n|-miss|p2a: Darkrai|p1a: Scovillain\n|\n|-heal|p1a: Scovillain|77\/100|[from] item: Leftovers\n|-damage|p2a: Darkrai|88\/100|[from] Leech Seed|[of] p1a: Scovillain\n|-heal|p1a: Scovillain|89\/100|[silent]\n|-ability|p1a: Scovillain|Moody|boost\n|-boost|p1a: Scovillain|spd|2\n|-unboost|p1a: Scovillain|def|1\n|upkeep\n|turn|14\n|\n|t:|1699599900\n|move|p1a: Scovillain|Flamethrower|p2a: Darkrai\n|-damage|p2a: Darkrai|0 fnt\n|faint|p2a: Darkrai\n|\n|-heal|p1a: Scovillain|95\/100|[from] item: Leftovers\n|-ability|p1a: Scovillain|Moody|boost\n|-boost|p1a: Scovillain|atk|2\n|-unboost|p1a: Scovillain|spe|1\n|upkeep\n|\n|t:|1699599905\n|switch|p2a: Dragonite|Dragonite, F|100\/100\n|turn|15\n|\n|t:|1699599914\n|move|p1a: Scovillain|Leech Seed|p2a: Dragonite\n|-start|p2a: Dragonite|move: Leech Seed\n|move|p2a: Dragonite|Dragon Dance|p2a: Dragonite\n|-boost|p2a: Dragonite|atk|1\n|-boost|p2a: Dragonite|spe|1\n|\n|-heal|p1a: Scovillain|100\/100|[from] item: Leftovers\n|-damage|p2a: Dragonite|88\/100|[from] Leech Seed|[of] p1a: Scovillain\n|-ability|p1a: Scovillain|Moody|boost\n|-boost|p1a: Scovillain|def|2\n|-unboost|p1a: Scovillain|spd|1\n|upkeep\n|turn|16\n|\n|t:|1699599922\n|move|p1a: Scovillain|Flamethrower|p2a: Dragonite\n|-resisted|p2a: Dragonite\n|-damage|p2a: Dragonite|29\/100\n|move|p2a: Dragonite|Dragon Dance|p2a: Dragonite\n|-boost|p2a: Dragonite|atk|1\n|-boost|p2a: Dragonite|spe|1\n|\n|-damage|p2a: Dragonite|16\/100|[from] Leech Seed|[of] p1a: Scovillain\n|-ability|p1a: Scovillain|Moody|boost\n|-boost|p1a: Scovillain|spe|2\n|-unboost|p1a: Scovillain|spd|1\n|upkeep\n|-enditem|p2a: Dragonite|Aguav Berry|[eat]\n|-heal|p2a: Dragonite|49\/100|[from] item: Aguav Berry\n|turn|17\n|\n|t:|1699599934\n|move|p2a: Dragonite|Extreme Speed|p1a: Scovillain\n|-end|p1a: Scovillain|Substitute\n|move|p1a: Scovillain|Flamethrower|p2a: Dragonite\n|-resisted|p2a: Dragonite\n|-damage|p2a: Dragonite|0 fnt\n|faint|p2a: Dragonite\n|\n|-ability|p1a: Scovillain|Moody|boost\n|-boost|p1a: Scovillain|def|2\n|-unboost|p1a: Scovillain|spd|1\n|upkeep\n|\n|t:|1699599940\n|switch|p2a: Kommo-o|Kommo-o, M|100\/100\n|turn|18\n|\n|t:|1699599944\n|move|p1a: Scovillain|Substitute|p1a: Scovillain\n|-start|p1a: Scovillain|Substitute\n|-damage|p1a: Scovillain|76\/100\n|move|p2a: Kommo-o|Swords Dance|p2a: Kommo-o\n|-boost|p2a: Kommo-o|atk|2\n|\n|-heal|p1a: Scovillain|82\/100|[from] item: Leftovers\n|-ability|p1a: Scovillain|Moody|boost\n|-boost|p1a: Scovillain|atk|2\n|-unboost|p1a: Scovillain|def|1\n|upkeep\n|turn|19\n|\n|t:|1699599957\n|move|p1a: Scovillain|Leech Seed|p2a: Kommo-o|[miss]\n|-miss|p1a: Scovillain|p2a: Kommo-o\n|move|p2a: Kommo-o|Draco Meteor|p1a: Scovillain\n|-end|p1a: Scovillain|Substitute\n|-unboost|p2a: Kommo-o|spa|2\n|\n|-heal|p1a: Scovillain|88\/100|[from] item: Leftovers\n|-ability|p1a: Scovillain|Moody|boost\n|-boost|p1a: Scovillain|def|1\n|-unboost|p1a: Scovillain|spe|1\n|upkeep\n|turn|20\n|\n|t:|1699599964\n|move|p1a: Scovillain|Substitute|p1a: Scovillain\n|-start|p1a: Scovillain|Substitute\n|-damage|p1a: Scovillain|63\/100\n|move|p2a: Kommo-o|Swords Dance|p2a: Kommo-o\n|-boost|p2a: Kommo-o|atk|2\n|\n|-heal|p1a: Scovillain|69\/100|[from] item: Leftovers\n|-ability|p1a: Scovillain|Moody|boost\n|-boost|p1a: Scovillain|spd|2\n|-unboost|p1a: Scovillain|def|1\n|upkeep\n|turn|21\n|\n|t:|1699599967\n|move|p1a: Scovillain|Leech Seed|p2a: Kommo-o\n|-start|p2a: Kommo-o|move: Leech Seed\n|move|p2a: Kommo-o|Dragon Dance|p2a: Kommo-o\n|-boost|p2a: Kommo-o|atk|1\n|-boost|p2a: Kommo-o|spe|1\n|\n|-heal|p1a: Scovillain|75\/100|[from] item: Leftovers\n|-damage|p2a: Kommo-o|88\/100|[from] Leech Seed|[of] p1a: Scovillain\n|-heal|p1a: Scovillain|86\/100|[silent]\n|-ability|p1a: Scovillain|Moody|boost\n|-boost|p1a: Scovillain|spe|2\n|-unboost|p1a: Scovillain|atk|1\n|upkeep\n|turn|22\n|\n|t:|1699599981\n|move|p1a: Scovillain|Flamethrower|p2a: Kommo-o\n|-resisted|p2a: Kommo-o\n|-damage|p2a: Kommo-o|33\/100\n|move|p2a: Kommo-o|Draco Meteor|p1a: Scovillain\n|-activate|p1a: Scovillain|move: Substitute|[damage]\n|-unboost|p2a: Kommo-o|spa|2\n|\n|-heal|p1a: Scovillain|92\/100|[from] item: Leftovers\n|-damage|p2a: Kommo-o|20\/100|[from] Leech Seed|[of] p1a: Scovillain\n|-heal|p1a: Scovillain|100\/100|[silent]\n|-ability|p1a: Scovillain|Moody|boost\n|-boost|p1a: Scovillain|spa|1\n|-unboost|p1a: Scovillain|spe|1\n|upkeep\n|turn|23\n|\n|t:|1699599988\n|move|p1a: Scovillain|Flamethrower|p2a: Kommo-o\n|-resisted|p2a: Kommo-o\n|-damage|p2a: Kommo-o|0 fnt\n|faint|p2a: Kommo-o\n|\n|-ability|p1a: Scovillain|Moody|boost\n|-boost|p1a: Scovillain|atk|2\n|-unboost|p1a: Scovillain|def|1\n|upkeep\n|\n|t:|1699599991\n|switch|p2a: Urshifu|Urshifu, F|100\/100\n|turn|24\n|\n|t:|1699599997\n|move|p1a: Scovillain|Leech Seed|p2a: Urshifu\n|-start|p2a: Urshifu|move: Leech Seed\n|move|p2a: Urshifu|Swords Dance|p2a: Urshifu\n|-boost|p2a: Urshifu|atk|2\n|\n|-damage|p2a: Urshifu|88\/100|[from] Leech Seed|[of] p1a: Scovillain\n|-ability|p1a: Scovillain|Moody|boost\n|-boost|p1a: Scovillain|spe|2\n|-unboost|p1a: Scovillain|spd|1\n|upkeep\n|turn|25\n|\n|t:|1699600004\n|move|p1a: Scovillain|Flamethrower|p2a: Urshifu\n|-damage|p2a: Urshifu|0 fnt\n|faint|p2a: Urshifu\n|\n|-ability|p1a: Scovillain|Moody|boost\n|-boost|p1a: Scovillain|def|2\n|-unboost|p1a: Scovillain|spe|1\n|upkeep\n|\n|t:|1699600007\n|switch|p2a: Ninetales|Ninetales-Alola, F|14\/100\n|-weather|Snow|[from] ability: Snow Warning|[of] p2a: Ninetales\n|turn|26\n|\n|t:|1699600014\n|move|p1a: Scovillain|Flamethrower|p2a: Ninetales\n|-supereffective|p2a: Ninetales\n|-damage|p2a: Ninetales|0 fnt\n|faint|p2a: Ninetales\n|\n|win|MrMimeIsMrKetchum\n|raw|MrMimeIsMrKetchum's rating: 1142 &rarr; <strong>1161<\/strong><br \/>(+19 for winning)\n|raw|shou.xi's rating: 1053 &rarr; <strong>1040<\/strong><br \/>(-13 for losing)\n|c|\u2606shou.xi|gg\n|l|\u2606shou.xi\n|c|\u2606MrMimeIsMrKetchum|gg\n","uploadtime":1699600048,"views":5,"p1id":"mrmimeismrketchum","p2id":"shouxi","formatid":"gen9anythinggoes","rating":1040,"private":0,"password":""}