{"id":"gen9anythinggoes-1999093720","p1":"minozomi","p2":"TutsTheNoob","format":"[Gen 9] Anything Goes","log":"|j|\u2606minozomi\n|j|\u2606TutsTheNoob\n|t:|1701032456\n|gametype|singles\n|player|p1|minozomi|guitarist|1054\n|player|p2|TutsTheNoob|wallace|1138\n|teamsize|p1|6\n|teamsize|p2|6\n|gen|9\n|tier|[Gen 9] Anything Goes\n|rated|\n|rule|HP Percentage Mod: HP is shown in percentages\n|rule|Endless Battle Clause: Forcing endless battles is banned\n|clearpoke\n|poke|p1|Chimecho, F|\n|poke|p1|Toxtricity, M|\n|poke|p1|Toxtricity-Low-Key, F|\n|poke|p1|Meloetta|\n|poke|p1|Rillaboom, M|\n|poke|p1|Noivern, M|\n|poke|p2|Maushold-Four|\n|poke|p2|Ursaluna-Bloodmoon, M|\n|poke|p2|Vivillon, F|\n|poke|p2|Toxapex, F|\n|poke|p2|Gholdengo|\n|poke|p2|Cloyster, M|\n|teampreview\n|inactive|Battle timer is ON: inactive players will automatically lose when time's up. (requested by TutsTheNoob)\n|\n|t:|1701032466\n|start\n|switch|p1a: Oasis|Chimecho, F|100\/100\n|switch|p2a: Cloyster|Cloyster, M|100\/100\n|turn|1\n|\n|t:|1701032480\n|move|p2a: Cloyster|Shell Smash|p2a: Cloyster\n|-unboost|p2a: Cloyster|def|1\n|-unboost|p2a: Cloyster|spd|1\n|-boost|p2a: Cloyster|atk|2\n|-boost|p2a: Cloyster|spa|2\n|-boost|p2a: Cloyster|spe|2\n|move|p1a: Oasis|Light Screen|p1a: Oasis\n|-sidestart|p1: minozomi|move: Light Screen\n|\n|upkeep\n|turn|2\n|\n|t:|1701032487\n|move|p2a: Cloyster|Icicle Spear|p1a: Oasis\n|-damage|p1a: Oasis|76\/100\n|-damage|p1a: Oasis|50\/100\n|-damage|p1a: Oasis|25\/100\n|-damage|p1a: Oasis|0 fnt\n|faint|p1a: Oasis\n|-hitcount|p1: Oasis|4\n|\n|upkeep\n|\n|t:|1701032502\n|switch|p1a: Eminem|Meloetta|100\/100\n|turn|3\n|\n|t:|1701032512\n|move|p2a: Cloyster|Poison Jab|p1a: Eminem\n|-damage|p1a: Eminem|44\/100\n|move|p1a: Eminem|Psychic|p2a: Cloyster\n|-damage|p2a: Cloyster|0 fnt\n|faint|p2a: Cloyster\n|\n|-heal|p1a: Eminem|50\/100|[from] item: Leftovers\n|upkeep\n|\n|t:|1701032520\n|switch|p2a: Gholdengo|Gholdengo|100\/100\n|turn|4\n|\n|t:|1701032527\n|move|p1a: Eminem|Psychic|p2a: Gholdengo\n|-resisted|p2a: Gholdengo\n|-damage|p2a: Gholdengo|77\/100\n|-unboost|p2a: Gholdengo|spd|1\n|move|p2a: Gholdengo|Trick|p1a: Eminem\n|-activate|p2a: Gholdengo|move: Trick|[of] p1a: Eminem\n|-item|p1a: Eminem|Choice Specs|[from] move: Trick\n|-item|p2a: Gholdengo|Leftovers|[from] move: Trick\n|\n|-heal|p2a: Gholdengo|83\/100|[from] item: Leftovers\n|upkeep\n|turn|5\n|\n|t:|1701032544\n|switch|p1a: Soundgarden|Rillaboom, M|100\/100\n|-fieldstart|move: Grassy Terrain|[from] ability: Grassy Surge|[of] p1a: Soundgarden\n|move|p2a: Gholdengo|Shadow Ball|p1a: Soundgarden\n|-damage|p1a: Soundgarden|66\/100\n|\n|-heal|p1a: Soundgarden|72\/100|[from] Grassy Terrain\n|-heal|p2a: Gholdengo|89\/100|[from] Grassy Terrain\n|-heal|p2a: Gholdengo|95\/100|[from] item: Leftovers\n|-sideend|p1: minozomi|move: Light Screen\n|upkeep\n|turn|6\n|\n|t:|1701032563\n|move|p1a: Soundgarden|Giga Drain|p2a: Gholdengo\n|-resisted|p2a: Gholdengo\n|-crit|p2a: Gholdengo\n|-damage|p2a: Gholdengo|67\/100\n|-heal|p1a: Soundgarden|88\/100|[from] drain|[of] p2a: Gholdengo\n|move|p2a: Gholdengo|Make It Rain|p1a: Soundgarden\n|-damage|p1a: Soundgarden|0 fnt\n|-unboost|p2a: Gholdengo|spa|1\n|faint|p1a: Soundgarden\n|\n|-heal|p2a: Gholdengo|73\/100|[from] Grassy Terrain\n|-heal|p2a: Gholdengo|79\/100|[from] item: Leftovers\n|upkeep\n|\n|t:|1701032579\n|switch|p1a: AC\/|Toxtricity, M|100\/100\n|turn|7\n|\n|t:|1701032590\n|move|p2a: Gholdengo|Make It Rain|p1a: AC\/\n|-resisted|p1a: AC\/\n|-damage|p1a: AC\/|73\/100\n|-unboost|p2a: Gholdengo|spa|1\n|move|p1a: AC\/|Overdrive|p2a: Gholdengo\n|-damage|p2a: Gholdengo|2\/100\n|-enditem|p1a: AC\/|Throat Spray\n|-boost|p1a: AC\/|spa|1|[from] item: Throat Spray\n|\n|-heal|p2a: Gholdengo|8\/100|[from] Grassy Terrain\n|-heal|p2a: Gholdengo|15\/100|[from] item: Leftovers\n|-heal|p1a: AC\/|79\/100|[from] Grassy Terrain\n|upkeep\n|turn|8\n|\n|t:|1701032604\n|move|p2a: Gholdengo|Shadow Ball|p1a: AC\/\n|-damage|p1a: AC\/|54\/100\n|move|p1a: AC\/|Toxic Spikes|p2a: Gholdengo\n|-sidestart|p2: TutsTheNoob|move: Toxic Spikes\n|\n|-heal|p2a: Gholdengo|21\/100|[from] Grassy Terrain\n|-heal|p2a: Gholdengo|27\/100|[from] item: Leftovers\n|-heal|p1a: AC\/|60\/100|[from] Grassy Terrain\n|upkeep\n|turn|9\n|\n|t:|1701032612\n|move|p2a: Gholdengo|Shadow Ball|p1a: AC\/\n|-damage|p1a: AC\/|32\/100\n|move|p1a: AC\/|Overdrive|p2a: Gholdengo\n|-damage|p2a: Gholdengo|0 fnt\n|faint|p2a: Gholdengo\n|\n|-heal|p1a: AC\/|38\/100|[from] Grassy Terrain\n|-fieldend|move: Grassy Terrain\n|upkeep\n|\n|t:|1701032621\n|switch|p2a: Ursaluna|Ursaluna-Bloodmoon, M|100\/100\n|-status|p2a: Ursaluna|psn\n|turn|10\n|\n|t:|1701032628\n|switch|p1a: Hendrix|Noivern, M|100\/100\n|move|p2a: Ursaluna|Earthquake|p1a: Hendrix\n|-immune|p1a: Hendrix\n|\n|-damage|p2a: Ursaluna|88\/100 psn|[from] psn\n|upkeep\n|turn|11\n|\n|t:|1701032638\n|move|p1a: Hendrix|Outrage|p2a: Ursaluna\n|-damage|p2a: Ursaluna|66\/100 psn\n|move|p2a: Ursaluna|Belly Drum|p2a: Ursaluna\n|-damage|p2a: Ursaluna|16\/100 psn\n|-setboost|p2a: Ursaluna|atk|6|[from] move: Belly Drum\n|\n|-damage|p2a: Ursaluna|3\/100 psn|[from] psn\n|upkeep\n|turn|12\n|\n|t:|1701032647\n|move|p1a: Hendrix|Outrage|p2a: Ursaluna|[from]lockedmove\n|-damage|p2a: Ursaluna|0 fnt\n|faint|p2a: Ursaluna\n|-start|p1a: Hendrix|confusion|[fatigue]\n|\n|upkeep\n|\n|t:|1701032654\n|switch|p2a: Vivillon|Vivillon, F, shiny|100\/100\n|turn|13\n|\n|t:|1701032659\n|-activate|p1a: Hendrix|confusion\n|-damage|p1a: Hendrix|91\/100|[from] confusion\n|move|p2a: Vivillon|Sleep Powder|p1a: Hendrix\n|-status|p1a: Hendrix|slp|[from] move: Sleep Powder\n|\n|upkeep\n|turn|14\n|\n|t:|1701032665\n|switch|p1a: \/DC|Toxtricity-Low-Key, F|100\/100\n|move|p2a: Vivillon|Substitute|p2a: Vivillon\n|-start|p2a: Vivillon|Substitute\n|-damage|p2a: Vivillon|76\/100\n|\n|-heal|p2a: Vivillon|82\/100|[from] item: Leftovers\n|upkeep\n|turn|15\n|\n|t:|1701032674\n|move|p2a: Vivillon|Sleep Powder|p1a: \/DC\n|-status|p1a: \/DC|slp|[from] move: Sleep Powder\n|cant|p1a: \/DC|slp\n|\n|-heal|p2a: Vivillon|88\/100|[from] item: Leftovers\n|upkeep\n|turn|16\n|\n|t:|1701032683\n|switch|p1a: Eminem|Meloetta|50\/100\n|move|p2a: Vivillon|Quiver Dance|p2a: Vivillon\n|-boost|p2a: Vivillon|spa|1\n|-boost|p2a: Vivillon|spd|1\n|-boost|p2a: Vivillon|spe|1\n|\n|-heal|p2a: Vivillon|94\/100|[from] item: Leftovers\n|upkeep\n|turn|17\n|\n|t:|1701032701\n|move|p2a: Vivillon|Sleep Powder|p1a: Eminem\n|-status|p1a: Eminem|slp|[from] move: Sleep Powder\n|cant|p1a: Eminem|slp\n|\n|-heal|p2a: Vivillon|99\/100|[from] item: Leftovers\n|upkeep\n|turn|18\n|c|\u2606minozomi|does sleep go away or are my pokemon just out now?\n|\n|t:|1701032719\n|switch|p1a: AC\/|Toxtricity, M|38\/100\n|move|p2a: Vivillon|Quiver Dance|p2a: Vivillon\n|-boost|p2a: Vivillon|spa|1\n|-boost|p2a: Vivillon|spd|1\n|-boost|p2a: Vivillon|spe|1\n|\n|-heal|p2a: Vivillon|100\/100|[from] item: Leftovers\n|upkeep\n|turn|19\n|\n|t:|1701032733\n|move|p2a: Vivillon|Sleep Powder|p1a: AC\/\n|-status|p1a: AC\/|slp|[from] move: Sleep Powder\n|cant|p1a: AC\/|slp\n|\n|upkeep\n|turn|20\n|c|\u2606TutsTheNoob|bruh\n|c|\u2606minozomi|sorry\n|\n|t:|1701032744\n|move|p2a: Vivillon|Hurricane|p1a: AC\/\n|-resisted|p1a: AC\/\n|-damage|p1a: AC\/|0 fnt\n|faint|p1a: AC\/\n|\n|upkeep\n|\n|t:|1701032749\n|switch|p1a: Hendrix|Noivern, M|91\/100 slp\n|turn|21\n|\n|t:|1701032754\n|move|p2a: Vivillon|Hurricane|p1a: Hendrix\n|-damage|p1a: Hendrix|0 fnt\n|faint|p1a: Hendrix\n|\n|upkeep\n|\n|t:|1701032759\n|switch|p1a: \/DC|Toxtricity-Low-Key, F|100\/100 slp\n|turn|22\n|c|\u2606TutsTheNoob|gg man\n|c|\u2606minozomi|gg\n|\n|t:|1701032764\n|move|p2a: Vivillon|Hurricane|p1a: \/DC\n|-resisted|p1a: \/DC\n|-damage|p1a: \/DC|32\/100 slp\n|-start|p1a: \/DC|confusion\n|cant|p1a: \/DC|slp\n|\n|upkeep\n|turn|23\n|\n|t:|1701032775\n|move|p2a: Vivillon|Hurricane|p1a: \/DC\n|-resisted|p1a: \/DC\n|-damage|p1a: \/DC|0 fnt\n|faint|p1a: \/DC\n|\n|upkeep\n|\n|t:|1701032780\n|switch|p1a: Eminem|Meloetta|50\/100 slp\n|turn|24\n|\n|t:|1701032784\n|move|p2a: Vivillon|Hurricane|p1a: Eminem\n|-damage|p1a: Eminem|0 fnt\n|faint|p1a: Eminem\n|\n|win|TutsTheNoob\n|raw|minozomi's rating: 1054 &rarr; <strong>1040<\/strong><br \/>(-14 for losing)\n|raw|TutsTheNoob's rating: 1138 &rarr; <strong>1157<\/strong><br \/>(+19 for winning)\n|l|\u2606minozomi\n","uploadtime":1701032794,"views":7,"p1id":"minozomi","p2id":"tutsthenoob","formatid":"gen9anythinggoes","rating":1040,"private":0,"password":""}