{"id":"gen9anythinggoes-1982837376","p1":"Markof06","p2":"GigaBytes7","format":"[Gen 9] Anything Goes","log":"|j|\u2606Markof06\n|j|\u2606GigaBytes7\n|t:|1699049801\n|gametype|singles\n|player|p1|Markof06|giovanni|1500\n|player|p2|GigaBytes7|elaine|1796\n|teamsize|p1|6\n|teamsize|p2|6\n|gen|9\n|tier|[Gen 9] Anything Goes\n|rated|\n|rule|HP Percentage Mod: HP is shown in percentages\n|rule|Endless Battle Clause: Forcing endless battles is banned\n|clearpoke\n|poke|p1|Ogerpon-Hearthflame, F|\n|poke|p1|Rillaboom, M|\n|poke|p1|Goodra-Hisui, F|\n|poke|p1|Sinistcha-Masterpiece|\n|poke|p1|Ninetales-Alola, F|\n|poke|p1|Kilowattrel, M|\n|poke|p2|Miraidon|\n|poke|p2|Calyrex-Shadow|\n|poke|p2|Ting-Lu|\n|poke|p2|Arceus|\n|poke|p2|Arceus-Water|\n|poke|p2|Arceus-Fairy|\n|teampreview\n|\n|t:|1699049823\n|start\n|switch|p1a: Rillaboom|Rillaboom, M|100\/100\n|switch|p2a: Ting-Lu|Ting-Lu|100\/100\n|-fieldstart|move: Grassy Terrain|[from] ability: Grassy Surge|[of] p1a: Rillaboom\n|-ability|p2a: Ting-Lu|Vessel of Ruin\n|turn|1\n|\n|t:|1699049831\n|switch|p2a: Miraidon|Miraidon|100\/100\n|-fieldstart|move: Electric Terrain|[from] ability: Hadron Engine|[of] p2a: Miraidon\n|move|p1a: Rillaboom|Wood Hammer|p2a: Miraidon\n|-resisted|p2a: Miraidon\n|-damage|p2a: Miraidon|53\/100\n|-damage|p1a: Rillaboom|84\/100|[from] Recoil\n|\n|-heal|p2a: Miraidon|59\/100|[from] item: Leftovers\n|upkeep\n|turn|2\n|\n|t:|1699049861\n|switch|p1a: Ninetales|Ninetales-Alola, F|100\/100\n|-weather|Snow|[from] ability: Snow Warning|[of] p1a: Ninetales\n|move|p2a: Miraidon|Calm Mind|p2a: Miraidon\n|-boost|p2a: Miraidon|spa|1\n|-boost|p2a: Miraidon|spd|1\n|\n|-weather|Snow|[upkeep]\n|-heal|p2a: Miraidon|65\/100|[from] item: Leftovers\n|upkeep\n|turn|3\n|\n|t:|1699049874\n|move|p1a: Ninetales|Moonblast|p2a: Miraidon\n|-supereffective|p2a: Miraidon\n|-damage|p2a: Miraidon|36\/100\n|move|p2a: Miraidon|Calm Mind|p2a: Miraidon\n|-boost|p2a: Miraidon|spa|1\n|-boost|p2a: Miraidon|spd|1\n|\n|-weather|Snow|[upkeep]\n|-heal|p2a: Miraidon|42\/100|[from] item: Leftovers\n|upkeep\n|turn|4\n|\n|t:|1699049883\n|move|p1a: Ninetales|Moonblast|p2a: Miraidon\n|-supereffective|p2a: Miraidon\n|-damage|p2a: Miraidon|22\/100\n|move|p2a: Miraidon|Agility|p2a: Miraidon\n|-boost|p2a: Miraidon|spe|2\n|\n|-weather|Snow|[upkeep]\n|-heal|p2a: Miraidon|28\/100|[from] item: Leftovers\n|upkeep\n|turn|5\n|\n|t:|1699049895\n|move|p2a: Miraidon|Parabolic Charge|p1a: Ninetales\n|-damage|p1a: Ninetales|0 fnt\n|-heal|p2a: Miraidon|66\/100|[from] drain|[of] p1a: Ninetales\n|faint|p1a: Ninetales\n|\n|-weather|Snow|[upkeep]\n|-heal|p2a: Miraidon|72\/100|[from] item: Leftovers\n|-fieldend|move: Electric Terrain\n|upkeep\n|\n|t:|1699049901\n|switch|p1a: Kilowattrel|Kilowattrel, M|100\/100\n|turn|6\n|\n|t:|1699049909\n|move|p2a: Miraidon|Dragon Pulse|p1a: Kilowattrel\n|-enditem|p1a: Kilowattrel|Focus Sash\n|-damage|p1a: Kilowattrel|1\/100\n|move|p1a: Kilowattrel|Tailwind|p1a: Kilowattrel\n|-sidestart|p1: Markof06|move: Tailwind\n|-start|p1a: Kilowattrel|Charge|Tailwind|[from] ability: Wind Power\n|\n|-weather|Snow|[upkeep]\n|-heal|p2a: Miraidon|78\/100|[from] item: Leftovers\n|upkeep\n|turn|7\n|\n|t:|1699049923\n|move|p1a: Kilowattrel|Hurricane|p2a: Miraidon\n|-resisted|p2a: Miraidon\n|-damage|p2a: Miraidon|69\/100\n|move|p2a: Miraidon|Dragon Pulse|p1a: Kilowattrel\n|-damage|p1a: Kilowattrel|0 fnt\n|faint|p1a: Kilowattrel\n|\n|-weather|Snow|[upkeep]\n|-heal|p2a: Miraidon|75\/100|[from] item: Leftovers\n|upkeep\n|\n|t:|1699049930\n|switch|p1a: Goodra|Goodra-Hisui, F|100\/100\n|turn|8\n|\n|t:|1699049940\n|-terastallize|p2a: Miraidon|Dragon\n|-terastallize|p1a: Goodra|Steel\n|move|p2a: Miraidon|Dragon Pulse|p1a: Goodra\n|-resisted|p1a: Goodra\n|-damage|p1a: Goodra|54\/100\n|move|p1a: Goodra|Rest|p1a: Goodra\n|-status|p1a: Goodra|slp|[from] move: Rest\n|-heal|p1a: Goodra|100\/100 slp|[silent]\n|\n|-weather|Snow|[upkeep]\n|-heal|p2a: Miraidon|81\/100|[from] item: Leftovers\n|upkeep\n|turn|9\n|\n|t:|1699049945\n|move|p2a: Miraidon|Calm Mind|p2a: Miraidon\n|-boost|p2a: Miraidon|spa|1\n|-boost|p2a: Miraidon|spd|1\n|cant|p1a: Goodra|slp\n|move|p1a: Goodra|Sleep Talk|p1a: Goodra\n|move|p1a: Goodra|Draco Meteor|p2a: Miraidon|[from]move: Sleep Talk|[miss]\n|-miss|p1a: Goodra|p2a: Miraidon\n|\n|-weather|none\n|-heal|p2a: Miraidon|87\/100|[from] item: Leftovers\n|-sideend|p1: Markof06|move: Tailwind\n|upkeep\n|turn|10\n|\n|t:|1699049965\n|move|p2a: Miraidon|Calm Mind|p2a: Miraidon\n|-boost|p2a: Miraidon|spa|1\n|-boost|p2a: Miraidon|spd|1\n|cant|p1a: Goodra|slp\n|move|p1a: Goodra|Sleep Talk|p1a: Goodra\n|move|p1a: Goodra|Rest||[from]move: Sleep Talk|[still]\n|-fail|p1a: Goodra\n|\n|-heal|p2a: Miraidon|93\/100|[from] item: Leftovers\n|upkeep\n|turn|11\n|-message|Markof06 forfeited.\n|\n|win|GigaBytes7\n|raw|Markof06's rating: 1500 &rarr; <strong>1494<\/strong><br \/>(-6 for losing)\n|raw|GigaBytes7's rating: 1796 &rarr; <strong>1802<\/strong><br \/>(+6 for winning)\n|l|\u2606Markof06\n","uploadtime":1699049978,"views":4,"p1id":"markof06","p2id":"gigabytes7","formatid":"gen9anythinggoes","rating":1494,"private":0,"password":""}