{"id":"gen9anythinggoes-1992045633","p1":"Mattattac","p2":"Flashlava100","format":"[Gen 9] Anything Goes","log":"|j|\u203dMattattac\n|j|\u203dFlashlava100\n|t:|1700150505\n|gametype|singles\n|player|p1|Mattattac|nate|\n|player|p2|Flashlava100|101|\n|teamsize|p1|6\n|teamsize|p2|6\n|gen|9\n|tier|[Gen 9] Anything Goes\n|rule|HP Percentage Mod: HP is shown in percentages\n|rule|Endless Battle Clause: Forcing endless battles is banned\n|clearpoke\n|poke|p1|Drifblim, M|\n|poke|p1|Clefable, F|\n|poke|p1|Mewtwo|\n|poke|p1|Ogerpon-Hearthflame, F|\n|poke|p1|Flutter Mane|\n|poke|p1|Espathra, M|\n|poke|p2|Espathra, M|\n|poke|p2|Avalugg, F|\n|poke|p2|Kingambit, M|\n|poke|p2|Veluza, F|\n|poke|p2|Gogoat, M|\n|poke|p2|Glimmora, M|\n|teampreview\n|\n|t:|1700150512\n|start\n|switch|p1a: Drifblim|Drifblim, M, shiny|100\/100\n|switch|p2a: Glimmora|Glimmora, M|100\/100\n|turn|1\n|\n|t:|1700150544\n|-terastallize|p2a: Glimmora|Rock\n|move|p2a: Glimmora|Tera Blast|p1a: Drifblim|[anim] Tera Blast Rock\n|-supereffective|p1a: Drifblim\n|-damage|p1a: Drifblim|0 fnt\n|faint|p1a: Drifblim\n|\n|upkeep\n|\n|t:|1700150565\n|switch|p1a: Espathra|Espathra, M, shiny|100\/100\n|turn|2\n|\n|t:|1700150572\n|move|p1a: Espathra|Calm Mind|p1a: Espathra\n|-boost|p1a: Espathra|spa|1\n|-boost|p1a: Espathra|spd|1\n|move|p2a: Glimmora|Sludge Wave|p1a: Espathra\n|-damage|p1a: Espathra|56\/100\n|-status|p1a: Espathra|psn\n|\n|-heal|p1a: Espathra|62\/100 psn|[from] item: Leftovers\n|-damage|p1a: Espathra|50\/100 psn|[from] psn\n|-ability|p1a: Espathra|Speed Boost|boost\n|-boost|p1a: Espathra|spe|1\n|upkeep\n|turn|3\n|\n|t:|1700150581\n|move|p1a: Espathra|Calm Mind|p1a: Espathra\n|-boost|p1a: Espathra|spa|1\n|-boost|p1a: Espathra|spd|1\n|move|p2a: Glimmora|Tera Blast|p1a: Espathra|[anim] Tera Blast Rock\n|-damage|p1a: Espathra|14\/100 psn\n|\n|-heal|p1a: Espathra|20\/100 psn|[from] item: Leftovers\n|-damage|p1a: Espathra|8\/100 psn|[from] psn\n|-ability|p1a: Espathra|Speed Boost|boost\n|-boost|p1a: Espathra|spe|1\n|upkeep\n|turn|4\n|\n|t:|1700150586\n|move|p1a: Espathra|Baton Pass|p1a: Espathra\n|\n|t:|1700150592\n|switch|p1a: Clefable|Clefable, F, shiny|100\/100|[from] Baton Pass\n|move|p2a: Glimmora|Tera Blast|p1a: Clefable|[anim] Tera Blast Rock\n|-damage|p1a: Clefable|82\/100\n|\n|-heal|p1a: Clefable|88\/100|[from] item: Leftovers\n|upkeep\n|turn|5\n|\n|t:|1700150597\n|move|p1a: Clefable|Cosmic Power|p1a: Clefable\n|-boost|p1a: Clefable|def|1\n|-boost|p1a: Clefable|spd|1\n|move|p2a: Glimmora|Sludge Wave|p1a: Clefable\n|-supereffective|p1a: Clefable\n|-damage|p1a: Clefable|59\/100\n|\n|-heal|p1a: Clefable|65\/100|[from] item: Leftovers\n|upkeep\n|turn|6\n|\n|t:|1700150606\n|move|p1a: Clefable|Cosmic Power|p1a: Clefable\n|-boost|p1a: Clefable|def|1\n|-boost|p1a: Clefable|spd|1\n|move|p2a: Glimmora|Sludge Wave|p1a: Clefable\n|-supereffective|p1a: Clefable\n|-damage|p1a: Clefable|41\/100\n|\n|-heal|p1a: Clefable|47\/100|[from] item: Leftovers\n|upkeep\n|turn|7\n|\n|t:|1700150609\n|move|p1a: Clefable|Moonlight|p1a: Clefable\n|-heal|p1a: Clefable|97\/100\n|move|p2a: Glimmora|Sludge Wave|p1a: Clefable\n|-supereffective|p1a: Clefable\n|-damage|p1a: Clefable|75\/100\n|\n|-heal|p1a: Clefable|81\/100|[from] item: Leftovers\n|upkeep\n|turn|8\n|\n|t:|1700150619\n|move|p1a: Clefable|Cosmic Power|p1a: Clefable\n|-boost|p1a: Clefable|def|1\n|-boost|p1a: Clefable|spd|1\n|move|p2a: Glimmora|Sludge Wave|p1a: Clefable\n|-supereffective|p1a: Clefable\n|-damage|p1a: Clefable|63\/100\n|\n|-heal|p1a: Clefable|69\/100|[from] item: Leftovers\n|upkeep\n|turn|9\n|\n|t:|1700150622\n|move|p1a: Clefable|Cosmic Power|p1a: Clefable\n|-boost|p1a: Clefable|def|1\n|-boost|p1a: Clefable|spd|1\n|move|p2a: Glimmora|Sludge Wave|p1a: Clefable\n|-supereffective|p1a: Clefable\n|-damage|p1a: Clefable|53\/100\n|\n|-heal|p1a: Clefable|59\/100|[from] item: Leftovers\n|upkeep\n|turn|10\n|\n|t:|1700150631\n|move|p1a: Clefable|Moonlight|p1a: Clefable\n|-heal|p1a: Clefable|100\/100\n|move|p2a: Glimmora|Sludge Wave|p1a: Clefable\n|-supereffective|p1a: Clefable\n|-damage|p1a: Clefable|82\/100\n|\n|-heal|p1a: Clefable|88\/100|[from] item: Leftovers\n|upkeep\n|turn|11\n|\n|t:|1700150634\n|move|p1a: Clefable|Cosmic Power|p1a: Clefable\n|-boost|p1a: Clefable|def|1\n|-boost|p1a: Clefable|spd|0\n|move|p2a: Glimmora|Sludge Wave|p1a: Clefable\n|-supereffective|p1a: Clefable\n|-damage|p1a: Clefable|73\/100\n|\n|-heal|p1a: Clefable|79\/100|[from] item: Leftovers\n|upkeep\n|turn|12\n|-message|Flashlava100 forfeited.\n|\n|win|Mattattac\n|l|\u203dFlashlava100\n","uploadtime":1700150642,"views":6,"p1id":"mattattac","p2id":"flashlava100","formatid":"gen9anythinggoes","rating":0,"private":0,"password":""}