{"id":"gen9anythinggoes-1989265208","p1":"LingLing007","p2":"Shares2001","format":"[Gen 9] Anything Goes","log":"|j|\u2606LingLing007\n|j|\u2606Shares2001\n|t:|1699829622\n|gametype|singles\n|player|p1|LingLing007|hilbert-masters2|1325\n|player|p2|Shares2001|170|1270\n|teamsize|p1|6\n|teamsize|p2|6\n|gen|9\n|tier|[Gen 9] Anything Goes\n|rated|\n|rule|HP Percentage Mod: HP is shown in percentages\n|rule|Endless Battle Clause: Forcing endless battles is banned\n|clearpoke\n|poke|p1|Samurott-Hisui, M|\n|poke|p1|Kommo-o, M|\n|poke|p1|Orthworm, F|\n|poke|p1|Clefable, F|\n|poke|p1|Skeledirge, M|\n|poke|p1|Corviknight, M|\n|poke|p2|Mimikyu, F|\n|poke|p2|Maushold|\n|poke|p2|Garchomp, F|\n|poke|p2|Weavile, M|\n|poke|p2|Espathra, M|\n|poke|p2|Ditto|\n|teampreview\n|inactive|Battle timer is ON: inactive players will automatically lose when time's up. (requested by Shares2001)\n|\n|t:|1699829632\n|start\n|switch|p1a: Orthworm|Orthworm, F|100\/100\n|switch|p2a: Maushold|Maushold|100\/100\n|turn|1\n|\n|t:|1699829640\n|move|p2a: Maushold|Tidy Up|p2a: Maushold\n|-boost|p2a: Maushold|atk|1\n|-boost|p2a: Maushold|spe|1\n|move|p1a: Orthworm|Body Press|p2a: Maushold\n|-supereffective|p2a: Maushold\n|-damage|p2a: Maushold|26\/100\n|\n|upkeep\n|turn|2\n|\n|t:|1699829648\n|move|p2a: Maushold|Population Bomb|p1a: Orthworm\n|-resisted|p1a: Orthworm\n|-damage|p1a: Orthworm|94\/100\n|-resisted|p1a: Orthworm\n|-damage|p1a: Orthworm|89\/100\n|-resisted|p1a: Orthworm\n|-damage|p1a: Orthworm|83\/100\n|-resisted|p1a: Orthworm\n|-damage|p1a: Orthworm|77\/100\n|-resisted|p1a: Orthworm\n|-damage|p1a: Orthworm|71\/100\n|-resisted|p1a: Orthworm\n|-damage|p1a: Orthworm|66\/100\n|-resisted|p1a: Orthworm\n|-damage|p1a: Orthworm|60\/100\n|-resisted|p1a: Orthworm\n|-damage|p1a: Orthworm|55\/100\n|-hitcount|p1a: Orthworm|8\n|move|p1a: Orthworm|Body Press|p2a: Maushold\n|-supereffective|p2a: Maushold\n|-damage|p2a: Maushold|0 fnt\n|faint|p2a: Maushold\n|\n|upkeep\n|\n|t:|1699829655\n|switch|p2a: Mimikyu|Mimikyu, F|100\/100\n|turn|3\n|\n|t:|1699829664\n|move|p2a: Mimikyu|Substitute|p2a: Mimikyu\n|-start|p2a: Mimikyu|Substitute\n|-damage|p2a: Mimikyu|76\/100\n|move|p1a: Orthworm|Stealth Rock|p2a: Mimikyu\n|-sidestart|p2: Shares2001|move: Stealth Rock\n|\n|-heal|p2a: Mimikyu|82\/100|[from] item: Leftovers\n|upkeep\n|turn|4\n|\n|t:|1699829670\n|move|p2a: Mimikyu|Bulk Up|p2a: Mimikyu\n|-boost|p2a: Mimikyu|atk|1\n|-boost|p2a: Mimikyu|def|1\n|move|p1a: Orthworm|Spikes|p2a: Mimikyu\n|-sidestart|p2: Shares2001|Spikes\n|\n|-heal|p2a: Mimikyu|88\/100|[from] item: Leftovers\n|upkeep\n|turn|5\n|\n|t:|1699829677\n|move|p2a: Mimikyu|Bulk Up|p2a: Mimikyu\n|-boost|p2a: Mimikyu|atk|1\n|-boost|p2a: Mimikyu|def|1\n|move|p1a: Orthworm|Spikes|p2a: Mimikyu\n|-sidestart|p2: Shares2001|Spikes\n|\n|-heal|p2a: Mimikyu|94\/100|[from] item: Leftovers\n|upkeep\n|turn|6\n|\n|t:|1699829684\n|move|p2a: Mimikyu|Bulk Up|p2a: Mimikyu\n|-boost|p2a: Mimikyu|atk|1\n|-boost|p2a: Mimikyu|def|1\n|move|p1a: Orthworm|Spikes|p2a: Mimikyu\n|-sidestart|p2: Shares2001|Spikes\n|\n|-heal|p2a: Mimikyu|99\/100|[from] item: Leftovers\n|upkeep\n|turn|7\n|\n|t:|1699829693\n|switch|p1a: Clefable|Clefable, F|100\/100\n|move|p2a: Mimikyu|Drain Punch|p1a: Clefable\n|-resisted|p1a: Clefable\n|-damage|p1a: Clefable|93\/100\n|-heal|p2a: Mimikyu|100\/100|[from] drain|[of] p1a: Clefable\n|\n|-heal|p1a: Clefable|99\/100|[from] item: Leftovers\n|upkeep\n|turn|8\n|\n|t:|1699829703\n|move|p2a: Mimikyu|Shadow Sneak|p1a: Clefable\n|-damage|p1a: Clefable|87\/100\n|move|p1a: Clefable|Cosmic Power|p1a: Clefable\n|-boost|p1a: Clefable|def|1\n|-boost|p1a: Clefable|spd|1\n|\n|-heal|p1a: Clefable|93\/100|[from] item: Leftovers\n|upkeep\n|turn|9\n|\n|t:|1699829714\n|switch|p2a: Espathra|Espathra, M|100\/100\n|-damage|p2a: Espathra|88\/100|[from] Stealth Rock\n|-damage|p2a: Espathra|63\/100|[from] Spikes\n|move|p1a: Clefable|Moonlight|p1a: Clefable\n|-heal|p1a: Clefable|100\/100\n|\n|upkeep\n|turn|10\n|\n|t:|1699829725\n|move|p2a: Espathra|Calm Mind|p2a: Espathra\n|-boost|p2a: Espathra|spa|1\n|-boost|p2a: Espathra|spd|1\n|move|p1a: Clefable|Moonlight|p1a: Clefable\n|-fail|p1a: Clefable|heal\n|\n|-ability|p2a: Espathra|Speed Boost|boost\n|-boost|p2a: Espathra|spe|1\n|upkeep\n|turn|11\n|\n|t:|1699829734\n|move|p2a: Espathra|Calm Mind|p2a: Espathra\n|-boost|p2a: Espathra|spa|1\n|-boost|p2a: Espathra|spd|1\n|move|p1a: Clefable|Moonlight|p1a: Clefable\n|-fail|p1a: Clefable|heal\n|\n|-ability|p2a: Espathra|Speed Boost|boost\n|-boost|p2a: Espathra|spe|1\n|upkeep\n|turn|12\n|\n|t:|1699829744\n|move|p2a: Espathra|Calm Mind|p2a: Espathra\n|-boost|p2a: Espathra|spa|1\n|-boost|p2a: Espathra|spd|1\n|move|p1a: Clefable|Cosmic Power|p1a: Clefable\n|-boost|p1a: Clefable|def|1\n|-boost|p1a: Clefable|spd|1\n|\n|-ability|p2a: Espathra|Speed Boost|boost\n|-boost|p2a: Espathra|spe|1\n|upkeep\n|turn|13\n|\n|t:|1699829753\n|move|p2a: Espathra|Calm Mind|p2a: Espathra\n|-boost|p2a: Espathra|spa|1\n|-boost|p2a: Espathra|spd|1\n|move|p1a: Clefable|Cosmic Power|p1a: Clefable\n|-boost|p1a: Clefable|def|1\n|-boost|p1a: Clefable|spd|1\n|\n|-ability|p2a: Espathra|Speed Boost|boost\n|-boost|p2a: Espathra|spe|1\n|upkeep\n|turn|14\n|\n|t:|1699829764\n|move|p2a: Espathra|Stored Power|p1a: Clefable\n|-damage|p1a: Clefable|55\/100\n|move|p1a: Clefable|Cosmic Power|p1a: Clefable\n|-boost|p1a: Clefable|def|1\n|-boost|p1a: Clefable|spd|1\n|\n|-heal|p1a: Clefable|61\/100|[from] item: Leftovers\n|-ability|p2a: Espathra|Speed Boost|boost\n|-boost|p2a: Espathra|spe|1\n|upkeep\n|turn|15\n|\n|t:|1699829773\n|move|p2a: Espathra|Calm Mind|p2a: Espathra\n|-boost|p2a: Espathra|spa|1\n|-boost|p2a: Espathra|spd|1\n|move|p1a: Clefable|Cosmic Power|p1a: Clefable\n|-boost|p1a: Clefable|def|1\n|-boost|p1a: Clefable|spd|1\n|\n|-heal|p1a: Clefable|67\/100|[from] item: Leftovers\n|-ability|p2a: Espathra|Speed Boost|boost\n|-boost|p2a: Espathra|spe|1\n|upkeep\n|turn|16\n|\n|t:|1699829777\n|move|p2a: Espathra|Stored Power|p1a: Clefable\n|-damage|p1a: Clefable|23\/100\n|move|p1a: Clefable|Moonlight|p1a: Clefable\n|-heal|p1a: Clefable|73\/100\n|\n|-heal|p1a: Clefable|79\/100|[from] item: Leftovers\n|upkeep\n|turn|17\n|\n|t:|1699829781\n|move|p2a: Espathra|Calm Mind|p2a: Espathra\n|-boost|p2a: Espathra|spa|1\n|-boost|p2a: Espathra|spd|1\n|move|p1a: Clefable|Charge Beam|p2a: Espathra\n|-damage|p2a: Espathra|46\/100\n|\n|-heal|p1a: Clefable|86\/100|[from] item: Leftovers\n|upkeep\n|turn|18\n|\n|t:|1699829795\n|move|p2a: Espathra|Stored Power|p1a: Clefable\n|-damage|p1a: Clefable|38\/100\n|move|p1a: Clefable|Stored Power|p2a: Espathra\n|-resisted|p2a: Espathra\n|-damage|p2a: Espathra|9\/100\n|\n|-heal|p1a: Clefable|44\/100|[from] item: Leftovers\n|upkeep\n|turn|19\n|\n|t:|1699829802\n|move|p2a: Espathra|Stored Power|p1a: Clefable\n|-crit|p1a: Clefable\n|-damage|p1a: Clefable|0 fnt\n|faint|p1a: Clefable\n|\n|upkeep\n|\n|t:|1699829806\n|switch|p1a: Samurott|Samurott-Hisui, M, shiny|100\/100\n|turn|20\n|\n|t:|1699829810\n|move|p2a: Espathra|Dazzling Gleam|p1a: Samurott\n|-supereffective|p1a: Samurott\n|-damage|p1a: Samurott|0 fnt\n|faint|p1a: Samurott\n|\n|upkeep\n|\n|t:|1699829821\n|switch|p1a: Skeledirge|Skeledirge, M|100\/100\n|turn|21\n|\n|t:|1699829832\n|move|p2a: Espathra|Dazzling Gleam|p1a: Skeledirge\n|-resisted|p1a: Skeledirge\n|-damage|p1a: Skeledirge|88\/100\n|move|p1a: Skeledirge|Torch Song|p2a: Espathra\n|-damage|p2a: Espathra|0 fnt\n|-boost|p1a: Skeledirge|spa|1\n|faint|p2a: Espathra\n|\n|-heal|p1a: Skeledirge|94\/100|[from] item: Leftovers\n|upkeep\n|\n|t:|1699829839\n|switch|p2a: Ditto|Ditto|100\/100\n|-damage|p2a: Ditto|88\/100|[from] Stealth Rock\n|-damage|p2a: Ditto|63\/100|[from] Spikes\n|-transform|p2a: Ditto|p1a: Skeledirge|[from] ability: Imposter\n|turn|22\n|\n|t:|1699829851\n|-terastallize|p1a: Skeledirge|Fairy\n|move|p1a: Skeledirge|Shadow Ball|p2a: Ditto\n|-supereffective|p2a: Ditto\n|-damage|p2a: Ditto|0 fnt\n|faint|p2a: Ditto\n|\n|-heal|p1a: Skeledirge|100\/100|[from] item: Leftovers\n|upkeep\n|\n|t:|1699829863\n|switch|p2a: Garchomp|Garchomp, F, shiny|100\/100\n|-damage|p2a: Garchomp|94\/100|[from] Stealth Rock\n|-damage|p2a: Garchomp|69\/100|[from] Spikes\n|turn|23\n|\n|t:|1699829870\n|move|p2a: Garchomp|Iron Head|p1a: Skeledirge\n|-supereffective|p1a: Skeledirge\n|-damage|p1a: Skeledirge|69\/100\n|cant|p1a: Skeledirge|flinch\n|\n|-heal|p1a: Skeledirge|75\/100|[from] item: Leftovers\n|upkeep\n|turn|24\n|\n|t:|1699829876\n|move|p2a: Garchomp|Iron Head|p1a: Skeledirge\n|-supereffective|p1a: Skeledirge\n|-damage|p1a: Skeledirge|39\/100\n|cant|p1a: Skeledirge|flinch\n|\n|-heal|p1a: Skeledirge|45\/100|[from] item: Leftovers\n|upkeep\n|turn|25\n|\n|t:|1699829882\n|move|p2a: Garchomp|Earthquake|p1a: Skeledirge\n|-damage|p1a: Skeledirge|16\/100\n|move|p1a: Skeledirge|Slack Off|p1a: Skeledirge\n|-heal|p1a: Skeledirge|66\/100\n|\n|-heal|p1a: Skeledirge|72\/100|[from] item: Leftovers\n|upkeep\n|turn|26\n|\n|t:|1699829889\n|move|p2a: Garchomp|Stealth Rock|p1a: Skeledirge\n|-sidestart|p1: LingLing007|move: Stealth Rock\n|move|p1a: Skeledirge|Slack Off|p1a: Skeledirge\n|-heal|p1a: Skeledirge|100\/100\n|\n|upkeep\n|turn|27\n|\n|t:|1699829893\n|move|p2a: Garchomp|Iron Head|p1a: Skeledirge\n|-supereffective|p1a: Skeledirge\n|-damage|p1a: Skeledirge|67\/100\n|move|p1a: Skeledirge|Shadow Ball|p2a: Garchomp\n|-damage|p2a: Garchomp|24\/100\n|-unboost|p2a: Garchomp|spd|1\n|\n|-heal|p1a: Skeledirge|73\/100|[from] item: Leftovers\n|upkeep\n|turn|28\n|\n|t:|1699829898\n|move|p2a: Garchomp|Iron Head|p1a: Skeledirge\n|-supereffective|p1a: Skeledirge\n|-damage|p1a: Skeledirge|40\/100\n|cant|p1a: Skeledirge|flinch\n|\n|-heal|p1a: Skeledirge|46\/100|[from] item: Leftovers\n|upkeep\n|turn|29\n|\n|t:|1699829903\n|move|p2a: Garchomp|Iron Head|p1a: Skeledirge\n|-supereffective|p1a: Skeledirge\n|-damage|p1a: Skeledirge|15\/100\n|move|p1a: Skeledirge|Slack Off|p1a: Skeledirge\n|-heal|p1a: Skeledirge|65\/100\n|\n|-heal|p1a: Skeledirge|71\/100|[from] item: Leftovers\n|upkeep\n|turn|30\n|\n|t:|1699829907\n|move|p2a: Garchomp|Iron Head|p1a: Skeledirge\n|-supereffective|p1a: Skeledirge\n|-damage|p1a: Skeledirge|39\/100\n|move|p1a: Skeledirge|Shadow Ball|p2a: Garchomp\n|-damage|p2a: Garchomp|0 fnt\n|faint|p2a: Garchomp\n|\n|-heal|p1a: Skeledirge|45\/100|[from] item: Leftovers\n|upkeep\n|\n|t:|1699829918\n|switch|p2a: Mimikyu|Mimikyu, F|100\/100\n|-damage|p2a: Mimikyu|88\/100|[from] Stealth Rock\n|-damage|p2a: Mimikyu|63\/100|[from] Spikes\n|turn|31\n|\n|t:|1699829927\n|move|p2a: Mimikyu|Shadow Sneak|p1a: Skeledirge\n|-damage|p1a: Skeledirge|34\/100\n|move|p1a: Skeledirge|Torch Song|p2a: Mimikyu\n|-activate|p2a: Mimikyu|ability: Disguise\n|-damage|p2a: Mimikyu|63\/100\n|-boost|p1a: Skeledirge|spa|1\n|detailschange|p2a: Mimikyu|Mimikyu-Busted, F\n|-damage|p2a: Mimikyu|51\/100|[from] pokemon: Mimikyu-Busted\n|\n|-heal|p2a: Mimikyu|57\/100|[from] item: Leftovers\n|-heal|p1a: Skeledirge|41\/100|[from] item: Leftovers\n|upkeep\n|turn|32\n|\n|t:|1699829930\n|move|p2a: Mimikyu|Substitute|p2a: Mimikyu\n|-start|p2a: Mimikyu|Substitute\n|-damage|p2a: Mimikyu|32\/100\n|move|p1a: Skeledirge|Shadow Ball|p2a: Mimikyu\n|-supereffective|p2a: Mimikyu\n|-end|p2a: Mimikyu|Substitute\n|\n|-heal|p2a: Mimikyu|38\/100|[from] item: Leftovers\n|-heal|p1a: Skeledirge|47\/100|[from] item: Leftovers\n|upkeep\n|turn|33\n|\n|t:|1699829938\n|move|p2a: Mimikyu|Drain Punch|p1a: Skeledirge\n|-resisted|p1a: Skeledirge\n|-damage|p1a: Skeledirge|41\/100\n|-heal|p2a: Mimikyu|43\/100|[from] drain|[of] p1a: Skeledirge\n|move|p1a: Skeledirge|Slack Off|p1a: Skeledirge\n|-heal|p1a: Skeledirge|91\/100\n|\n|-heal|p2a: Mimikyu|49\/100|[from] item: Leftovers\n|-heal|p1a: Skeledirge|97\/100|[from] item: Leftovers\n|upkeep\n|turn|34\n|\n|t:|1699829943\n|move|p2a: Mimikyu|Bulk Up|p2a: Mimikyu\n|-boost|p2a: Mimikyu|atk|1\n|-boost|p2a: Mimikyu|def|1\n|move|p1a: Skeledirge|Torch Song|p2a: Mimikyu\n|-damage|p2a: Mimikyu|0 fnt\n|-boost|p1a: Skeledirge|spa|1\n|faint|p2a: Mimikyu\n|\n|-heal|p1a: Skeledirge|100\/100|[from] item: Leftovers\n|upkeep\n|\n|t:|1699829946\n|switch|p2a: Weavile|Weavile, M|100\/100\n|-damage|p2a: Weavile|76\/100|[from] Stealth Rock\n|-damage|p2a: Weavile|51\/100|[from] Spikes\n|-ability|p2a: Weavile|Pressure\n|turn|35\n|\n|t:|1699829948\n|move|p2a: Weavile|Fake Out|p1a: Skeledirge\n|-damage|p1a: Skeledirge|92\/100\n|cant|p1a: Skeledirge|flinch\n|\n|-heal|p1a: Skeledirge|98\/100|[from] item: Leftovers\n|upkeep\n|turn|36\n|\n|t:|1699829953\n|-terastallize|p2a: Weavile|Fairy\n|move|p2a: Weavile|Ice Shard|p1a: Skeledirge\n|-damage|p1a: Skeledirge|87\/100\n|move|p1a: Skeledirge|Torch Song|p2a: Weavile\n|-damage|p2a: Weavile|0 fnt\n|-boost|p1a: Skeledirge|spa|1\n|faint|p2a: Weavile\n|\n|win|LingLing007\n|raw|LingLing007's rating: 1325 &rarr; <strong>1342<\/strong><br \/>(+17 for winning)\n|raw|Shares2001's rating: 1270 &rarr; <strong>1249<\/strong><br \/>(-21 for losing)\n|c|\u2606LingLing007|gg\n|l|\u2606Shares2001\n","uploadtime":1699830468,"views":15,"p1id":"lingling007","p2id":"shares2001","formatid":"gen9anythinggoes","rating":1249,"private":0,"password":""}