{"id":"gen9anythinggoes-1971636334","p1":"fbfgyrue","p2":"Dumbfudge","format":"[Gen 9] Anything Goes","log":"|j|\u2606fbfgyrue\n|j|\u2606Dumbfudge\n|t:|1697755756\n|gametype|singles\n|player|p1|fbfgyrue|170|1070\n|player|p2|Dumbfudge|blackbelt-gen4dp|1161\n|teamsize|p1|6\n|teamsize|p2|6\n|gen|9\n|tier|[Gen 9] Anything Goes\n|rated|\n|rule|HP Percentage Mod: HP is shown in percentages\n|rule|Endless Battle Clause: Forcing endless battles is banned\n|clearpoke\n|poke|p1|Kingambit, M|\n|poke|p1|Calyrex-Shadow|\n|poke|p1|Gholdengo|\n|poke|p1|Rayquaza|\n|poke|p1|Mewtwo|\n|poke|p1|Kommo-o, M|\n|poke|p2|Espathra, F|\n|poke|p2|Darkrai|\n|poke|p2|Breloom, M|\n|poke|p2|Tyranitar, M|\n|poke|p2|Calyrex-Shadow|\n|poke|p2|Delphox, M|\n|teampreview\n|\n|t:|1697755762\n|start\n|switch|p1a: Calyrex|Calyrex-Shadow|100\/100\n|switch|p2a: Espathra|Espathra, F|100\/100\n|-ability|p1a: Calyrex|As One\n|-ability|p1a: Calyrex|Unnerve\n|turn|1\n|\n|t:|1697755773\n|move|p1a: Calyrex|Disable||[still]\n|-fail|p1a: Calyrex\n|move|p2a: Espathra|Baton Pass|p2a: Espathra\n|\n|t:|1697755779\n|switch|p2a: Tyranitar|Tyranitar, M|100\/100|[from] Baton Pass\n|-weather|Sandstorm|[from] ability: Sand Stream|[of] p2a: Tyranitar\n|\n|-weather|Sandstorm|[upkeep]\n|-damage|p1a: Calyrex|95\/100|[from] Sandstorm\n|upkeep\n|turn|2\n|\n|t:|1697755788\n|move|p1a: Calyrex|Disable||[still]\n|-fail|p1a: Calyrex\n|move|p2a: Tyranitar|Earthquake|p1a: Calyrex\n|-damage|p1a: Calyrex|63\/100\n|\n|-weather|Sandstorm|[upkeep]\n|-damage|p1a: Calyrex|57\/100|[from] Sandstorm\n|upkeep\n|turn|3\n|\n|t:|1697755811\n|switch|p1a: Kingambit|Kingambit, M|100\/100\n|move|p2a: Tyranitar|Rock Blast|p1a: Kingambit|[miss]\n|-miss|p2a: Tyranitar|p1a: Kingambit\n|\n|-weather|Sandstorm|[upkeep]\n|upkeep\n|turn|4\n|\n|t:|1697755831\n|move|p1a: Kingambit|Focus Blast|p2a: Tyranitar\n|-supereffective|p2a: Tyranitar\n|-damage|p2a: Tyranitar|56\/100\n|move|p2a: Tyranitar|Earthquake|p1a: Kingambit\n|-supereffective|p1a: Kingambit\n|-damage|p1a: Kingambit|53\/100\n|\n|-weather|Sandstorm|[upkeep]\n|upkeep\n|turn|5\n|\n|t:|1697755846\n|switch|p2a: Espathra|Espathra, F|100\/100\n|move|p1a: Kingambit|Reversal|p2a: Espathra\n|-resisted|p2a: Espathra\n|-damage|p2a: Espathra|90\/100\n|\n|-weather|none\n|upkeep\n|turn|6\n|\n|t:|1697755854\n|move|p2a: Espathra|Hypnosis|p1a: Kingambit\n|-status|p1a: Kingambit|slp|[from] move: Hypnosis\n|cant|p1a: Kingambit|slp\n|\n|-ability|p2a: Espathra|Speed Boost|boost\n|-boost|p2a: Espathra|spe|1\n|upkeep\n|turn|7\n|\n|t:|1697755863\n|-end|p1a: Kingambit|fallenundefined|[silent]\n|switch|p1a: Gholdengo|Gholdengo|100\/100\n|move|p2a: Espathra|Baton Pass|p2a: Espathra\n|\n|t:|1697755868\n|switch|p2a: Calyrex|Calyrex-Shadow|100\/100|[from] Baton Pass\n|-ability|p2a: Calyrex|As One\n|-ability|p2a: Calyrex|Unnerve\n|\n|upkeep\n|turn|8\n|\n|t:|1697755880\n|move|p2a: Calyrex|Astral Barrage|p1a: Gholdengo\n|-supereffective|p1a: Gholdengo\n|-damage|p1a: Gholdengo|0 fnt\n|faint|p1a: Gholdengo\n|-ability|p2a: Calyrex|Grim Neigh|boost\n|-boost|p2a: Calyrex|spa|1\n|\n|upkeep\n|\n|t:|1697755888\n|switch|p1a: Kingambit|Kingambit, M|53\/100 slp\n|-activate|p1a: Kingambit|ability: Supreme Overlord\n|-start|p1a: Kingambit|fallen1|[silent]\n|turn|9\n|\n|t:|1697755899\n|-end|p1a: Kingambit|fallen1|[silent]\n|switch|p1a: Kommo-o|Kommo-o, M|100\/100\n|move|p2a: Calyrex|Astral Barrage|p1a: Kommo-o\n|-enditem|p1a: Kommo-o|Focus Sash\n|-damage|p1a: Kommo-o|1\/100\n|\n|upkeep\n|turn|10\n|\n|t:|1697755921\n|move|p2a: Calyrex|Astral Barrage|p1a: Kommo-o\n|-damage|p1a: Kommo-o|0 fnt\n|faint|p1a: Kommo-o\n|-ability|p2a: Calyrex|Grim Neigh|boost\n|-boost|p2a: Calyrex|spa|1\n|\n|upkeep\n|\n|t:|1697755934\n|switch|p1a: Rayquaza|Rayquaza|100\/100\n|-ability|p1a: Rayquaza|Air Lock\n|turn|11\n|\n|t:|1697755950\n|-terastallize|p1a: Rayquaza|Dragon\n|move|p2a: Calyrex|Astral Barrage|p1a: Rayquaza\n|-damage|p1a: Rayquaza|0 fnt\n|faint|p1a: Rayquaza\n|-ability|p2a: Calyrex|Grim Neigh|boost\n|-boost|p2a: Calyrex|spa|1\n|\n|upkeep\n|\n|t:|1697755961\n|switch|p1a: Mewtwo|Mewtwo|100\/100\n|-ability|p1a: Mewtwo|Unnerve\n|turn|12\n|\n|t:|1697755966\n|move|p2a: Calyrex|Astral Barrage|p1a: Mewtwo\n|-supereffective|p1a: Mewtwo\n|-damage|p1a: Mewtwo|0 fnt\n|faint|p1a: Mewtwo\n|-ability|p2a: Calyrex|Grim Neigh|boost\n|-boost|p2a: Calyrex|spa|1\n|\n|upkeep\n|\n|t:|1697755974\n|switch|p1a: Calyrex|Calyrex-Shadow|57\/100\n|-ability|p1a: Calyrex|As One\n|-ability|p1a: Calyrex|Unnerve\n|turn|13\n|\n|t:|1697755980\n|move|p2a: Calyrex|Astral Barrage|p1a: Calyrex\n|-supereffective|p1a: Calyrex\n|-damage|p1a: Calyrex|0 fnt\n|faint|p1a: Calyrex\n|-ability|p2a: Calyrex|Grim Neigh|boost\n|-boost|p2a: Calyrex|spa|1\n|\n|upkeep\n|l|\u2606fbfgyrue\n|player|p1|\n|inactive|Battle timer is ON: inactive players will automatically lose when time's up. (requested by Dumbfudge)\n|inactive|fbfgyrue has 30 seconds to reconnect!\n|inactive|fbfgyrue has 20 seconds to reconnect!\n|inactive|fbfgyrue has 15 seconds to reconnect!\n|inactive|fbfgyrue has 10 seconds to reconnect!\n|inactive|fbfgyrue has 5 seconds to reconnect!\n|-message|fbfgyrue lost due to inactivity.\n|\n|win|Dumbfudge\n|raw|fbfgyrue's rating: 1070 &rarr; <strong>1055<\/strong><br \/>(-15 for losing)\n|raw|Dumbfudge's rating: 1161 &rarr; <strong>1180<\/strong><br \/>(+19 for winning)\n|l|\u2606Dumbfudge\n","uploadtime":1697756588,"views":13,"p1id":"fbfgyrue","p2id":"dumbfudge","formatid":"gen9anythinggoes","rating":1055,"private":0,"password":""}