{"id":"gen9anythinggoes-1999249229","p1":"batesmotel37","p2":"Nahxela","format":"[Gen 9] Anything Goes","log":"|j|\u2606batesmotel37\n|j|\u2606Nahxela\n|t:|1701050596\n|gametype|singles\n|player|p1|batesmotel37|169|\n|player|p2|Nahxela|2|\n|teamsize|p1|3\n|teamsize|p2|3\n|gen|9\n|tier|[Gen 9] Anything Goes\n|rule|HP Percentage Mod: HP is shown in percentages\n|rule|Endless Battle Clause: Forcing endless battles is banned\n|clearpoke\n|poke|p1|Dragonite, M|\n|poke|p1|Tinkaton, F|\n|poke|p1|Slaking, M|\n|poke|p2|Diancie|\n|poke|p2|Clefairy, F|\n|poke|p2|Dragonite, M|\n|teampreview\n|c|\u2606Nahxela|pls sd dragonite again\n|\n|t:|1701050635\n|start\n|switch|p1a: Tinkaton|Tinkaton, F|100\/100\n|switch|p2a: Diancie|Diancie|100\/100\n|turn|1\n|\n|t:|1701050640\n|move|p1a: Tinkaton|Metronome|p1a: Tinkaton\n|move|p1a: Tinkaton|Scale Shot|p2a: Diancie|[from]move: Metronome\n|-immune|p2a: Diancie\n|move|p2a: Diancie|Metronome|p2a: Diancie\n|move|p2a: Diancie|Thunder Shock|p1a: Tinkaton|[from]move: Metronome\n|-damage|p1a: Tinkaton|92\/100\n|\n|upkeep\n|turn|2\n|\n|t:|1701050647\n|move|p1a: Tinkaton|Metronome|p1a: Tinkaton\n|move|p1a: Tinkaton|Imprison|p1a: Tinkaton|[from]move: Metronome\n|-start|p1a: Tinkaton|move: Imprison\n|cant|p2a: Diancie|move: Imprison|Metronome\n|\n|upkeep\n|turn|3\n|\n|t:|1701050653\n|move|p1a: Tinkaton|Metronome|p1a: Tinkaton\n|move|p1a: Tinkaton|Cross Chop|p2a: Diancie|[from]move: Metronome\n|-damage|p2a: Diancie|87\/100\n|-damage|p1a: Tinkaton|76\/100|[from] item: Rocky Helmet|[of] p2a: Diancie\n|-activate|p2a: Diancie|move: Struggle\n|move|p2a: Diancie|Struggle|p1a: Tinkaton\n|-damage|p1a: Tinkaton|67\/100\n|-damage|p2a: Diancie|62\/100|[from] recoil\n|\n|upkeep\n|turn|4\n|c|\u2606Nahxela|wtf\n|j| ButtFart2000\n|\n|t:|1701050663\n|switch|p2a: Clefairy|Clefairy, F|100\/100\n|move|p1a: Tinkaton|Metronome|p1a: Tinkaton\n|move|p1a: Tinkaton|Shell Side Arm|p2a: Clefairy|[from]move: Metronome|[anim] Shell Side Arm Physical\n|-supereffective|p2a: Clefairy\n|-damage|p2a: Clefairy|71\/100\n|-hint|Physical Shell Side Arm\n|-status|p2a: Clefairy|psn\n|\n|upkeep\n|turn|5\n|\n|t:|1701050672\n|move|p1a: Tinkaton|Metronome|p1a: Tinkaton\n|move|p1a: Tinkaton|Flip Turn|p2a: Clefairy|[from]move: Metronome\n|-damage|p2a: Clefairy|61\/100 psn\n|c| ButtFart2000|crazy reads\n|\n|t:|1701050679\n|switch|p1a: Dragonite|Dragonite, M|100\/100|[from] Flip Turn\n|-activate|p2a: Clefairy|move: Struggle\n|move|p2a: Clefairy|Struggle|p1a: Dragonite\n|-damage|p1a: Dragonite|98\/100\n|-damage|p2a: Clefairy|36\/100 psn|[from] recoil\n|\n|-heal|p1a: Dragonite|100\/100|[from] item: Leftovers\n|upkeep\n|turn|6\n|\n|t:|1701050692\n|move|p1a: Dragonite|Metronome|p1a: Dragonite\n|move|p1a: Dragonite|Giga Impact|p2a: Clefairy|[from]move: Metronome\n|-damage|p2a: Clefairy|0 fnt\n|-mustrecharge|p1a: Dragonite\n|faint|p2a: Clefairy\n|\n|upkeep\n|c|\u2606Nahxela|notteshock\n|\n|t:|1701050698\n|switch|p2a: Dragonite|Dragonite, M|100\/100\n|turn|7\n|c|\u2606batesmotel37|notteshock\n|\n|t:|1701050704\n|move|p2a: Dragonite|Metronome|p2a: Dragonite\n|move|p2a: Dragonite|Blast Burn|p1a: Dragonite|[from]move: Metronome\n|-resisted|p1a: Dragonite\n|-damage|p1a: Dragonite|94\/100\n|-mustrecharge|p2a: Dragonite\n|cant|p1a: Dragonite|recharge\n|\n|-heal|p1a: Dragonite|99\/100|[from] item: Leftovers\n|upkeep\n|turn|8\n|\n|t:|1701050715\n|switch|p1a: Tinkaton|Tinkaton, F|67\/100\n|cant|p2a: Dragonite|recharge\n|\n|upkeep\n|turn|9\n|\n|t:|1701050720\n|move|p1a: Tinkaton|Metronome|p1a: Tinkaton\n|move|p1a: Tinkaton|Arm Thrust|p2a: Dragonite|[from]move: Metronome\n|-resisted|p2a: Dragonite\n|-damage|p2a: Dragonite|99\/100\n|-resisted|p2a: Dragonite\n|-damage|p2a: Dragonite|99\/100\n|-resisted|p2a: Dragonite\n|-damage|p2a: Dragonite|97\/100\n|-hitcount|p2a: Dragonite|3\n|move|p2a: Dragonite|Metronome|p2a: Dragonite\n|move|p2a: Dragonite|Coil|p2a: Dragonite|[from]move: Metronome\n|-boost|p2a: Dragonite|atk|1\n|-boost|p2a: Dragonite|def|1\n|-boost|p2a: Dragonite|accuracy|1\n|\n|-heal|p2a: Dragonite|100\/100|[from] item: Leftovers\n|upkeep\n|turn|10\n|\n|t:|1701050732\n|move|p1a: Tinkaton|Metronome|p1a: Tinkaton\n|move|p1a: Tinkaton|Double Team|p1a: Tinkaton|[from]move: Metronome\n|-boost|p1a: Tinkaton|evasion|1\n|move|p2a: Dragonite|Metronome|p2a: Dragonite\n|move|p2a: Dragonite|Dazzling Gleam|p1a: Tinkaton|[from]move: Metronome\n|-resisted|p1a: Tinkaton\n|-damage|p1a: Tinkaton|59\/100\n|\n|upkeep\n|turn|11\n|\n|t:|1701050740\n|move|p1a: Tinkaton|Metronome|p1a: Tinkaton\n|move|p1a: Tinkaton|Parting Shot|p2a: Dragonite|[from]move: Metronome\n|-unboost|p2a: Dragonite|atk|1\n|-unboost|p2a: Dragonite|spa|1\n|\n|t:|1701050749\n|switch|p1a: Dragonite|Dragonite, M|99\/100|[from] Parting Shot\n|move|p2a: Dragonite|Metronome|p2a: Dragonite\n|move|p2a: Dragonite|Stun Spore|p1a: Dragonite|[from]move: Metronome\n|-status|p1a: Dragonite|par\n|\n|-heal|p1a: Dragonite|100\/100 par|[from] item: Leftovers\n|upkeep\n|turn|12\n|\n|t:|1701050759\n|switch|p1a: Tinkaton|Tinkaton, F|59\/100\n|move|p2a: Dragonite|Metronome|p2a: Dragonite\n|move|p2a: Dragonite|Triple Dive|p1a: Tinkaton|[from]move: Metronome\n|-damage|p1a: Tinkaton|51\/100\n|-damage|p1a: Tinkaton|43\/100\n|-damage|p1a: Tinkaton|34\/100\n|-hitcount|p1a: Tinkaton|3\n|\n|upkeep\n|turn|13\n|\n|t:|1701050768\n|move|p1a: Tinkaton|Metronome|p1a: Tinkaton\n|move|p1a: Tinkaton|Vacuum Wave|p2a: Dragonite|[from]move: Metronome\n|-resisted|p2a: Dragonite\n|-damage|p2a: Dragonite|99\/100\n|move|p2a: Dragonite|Metronome|p2a: Dragonite\n|move|p2a: Dragonite|Grass Pledge|p1a: Tinkaton|[from]move: Metronome\n|-resisted|p1a: Tinkaton\n|-damage|p1a: Tinkaton|30\/100\n|\n|-heal|p2a: Dragonite|100\/100|[from] item: Leftovers\n|upkeep\n|turn|14\n|\n|t:|1701050776\n|move|p1a: Tinkaton|Metronome|p1a: Tinkaton\n|move|p1a: Tinkaton|Tickle|p2a: Dragonite|[from]move: Metronome\n|-unboost|p2a: Dragonite|atk|1\n|-unboost|p2a: Dragonite|def|1\n|move|p2a: Dragonite|Metronome|p2a: Dragonite\n|move|p2a: Dragonite|Extreme Speed|p1a: Tinkaton|[from]move: Metronome\n|-resisted|p1a: Tinkaton\n|-damage|p1a: Tinkaton|22\/100\n|\n|upkeep\n|turn|15\n|\n|t:|1701050785\n|switch|p2a: Diancie|Diancie|62\/100\n|move|p1a: Tinkaton|Metronome|p1a: Tinkaton\n|move|p1a: Tinkaton|Brine|p2a: Diancie|[from]move: Metronome\n|-supereffective|p2a: Diancie\n|-damage|p2a: Diancie|41\/100\n|\n|upkeep\n|turn|16\n|\n|t:|1701050792\n|move|p1a: Tinkaton|Metronome|p1a: Tinkaton\n|move|p1a: Tinkaton|Mean Look|p2a: Diancie|[from]move: Metronome\n|-activate|p2a: Diancie|trapped\n|move|p2a: Diancie|Metronome|p2a: Diancie\n|move|p2a: Diancie|Lumina Crash|p1a: Tinkaton|[from]move: Metronome\n|-resisted|p1a: Tinkaton\n|-damage|p1a: Tinkaton|14\/100\n|-unboost|p1a: Tinkaton|spd|2\n|\n|upkeep\n|turn|17\n|\n|t:|1701050800\n|move|p1a: Tinkaton|Metronome|p1a: Tinkaton\n|move|p1a: Tinkaton|Splash|p1a: Tinkaton|[from]move: Metronome\n|-nothing\n|move|p2a: Diancie|Metronome|p2a: Diancie\n|move|p2a: Diancie|Entrainment|p1a: Tinkaton|[from]move: Metronome\n|-endability|p1a: Tinkaton|Pickpocket|[from] move: Entrainment\n|-ability|p1a: Tinkaton|Clear Body|[from] move: Entrainment\n|\n|upkeep\n|turn|18\n|c|\u2606Nahxela|lol\n|\n|t:|1701050807\n|move|p1a: Tinkaton|Metronome|p1a: Tinkaton\n|move|p1a: Tinkaton|Cotton Guard|p1a: Tinkaton|[from]move: Metronome\n|-boost|p1a: Tinkaton|def|3\n|move|p2a: Diancie|Metronome|p2a: Diancie\n|move|p2a: Diancie|Calm Mind|p2a: Diancie|[from]move: Metronome\n|-boost|p2a: Diancie|spa|1\n|-boost|p2a: Diancie|spd|1\n|\n|upkeep\n|turn|19\n|\n|t:|1701050814\n|move|p1a: Tinkaton|Metronome|p1a: Tinkaton\n|move|p1a: Tinkaton|Bullet Punch|p2a: Diancie|[from]move: Metronome\n|-supereffective|p2a: Diancie\n|-damage|p2a: Diancie|7\/100\n|-damage|p1a: Tinkaton|0 fnt|[from] item: Rocky Helmet|[of] p2a: Diancie\n|faint|p1a: Tinkaton\n|move|p2a: Diancie|Metronome|p2a: Diancie\n|move|p2a: Diancie|Fiery Dance|p1: Tinkaton|[from]move: Metronome|[notarget]\n|-fail|p2a: Diancie\n|\n|upkeep\n|c|\u2606batesmotel37|umaru\n|\n|t:|1701050825\n|switch|p1a: Slaking|Slaking, M|100\/100\n|turn|20\n|\n|t:|1701050828\n|move|p1a: Slaking|Metronome|p1a: Slaking\n|move|p1a: Slaking|Fury Swipes|p2a: Diancie|[from]move: Metronome\n|-resisted|p2a: Diancie\n|-damage|p2a: Diancie|3\/100\n|-damage|p1a: Slaking|84\/100|[from] item: Rocky Helmet|[of] p2a: Diancie\n|-resisted|p2a: Diancie\n|-damage|p2a: Diancie|0 fnt\n|-damage|p1a: Slaking|67\/100|[from] item: Rocky Helmet|[of] p2a: Diancie\n|faint|p2a: Diancie\n|-hitcount|p2: Diancie|2\n|\n|upkeep\n|c|\u2606batesmotel37|lmao\n|c|\u2606Nahxela|if only i had more hp\n|\n|t:|1701050839\n|switch|p2a: Dragonite|Dragonite, M|100\/100\n|turn|21\n|\n|t:|1701050843\n|switch|p1a: Dragonite|Dragonite, M|100\/100 par\n|move|p2a: Dragonite|Metronome|p2a: Dragonite\n|move|p2a: Dragonite|Giga Impact|p1a: Dragonite|[from]move: Metronome\n|-damage|p1a: Dragonite|85\/100 par\n|-mustrecharge|p2a: Dragonite\n|\n|-heal|p1a: Dragonite|91\/100 par|[from] item: Leftovers\n|upkeep\n|turn|22\n|\n|t:|1701050851\n|cant|p2a: Dragonite|recharge\n|move|p1a: Dragonite|Metronome|p1a: Dragonite\n|move|p1a: Dragonite|Reflect Type|p2a: Dragonite|[from]move: Metronome\n|-start|p1a: Dragonite|typechange|[from] move: Reflect Type|[of] p2a: Dragonite\n|\n|-heal|p1a: Dragonite|97\/100 par|[from] item: Leftovers\n|upkeep\n|turn|23\n|\n|t:|1701050859\n|move|p2a: Dragonite|Metronome|p2a: Dragonite\n|move|p2a: Dragonite|Yawn||[from]move: Metronome|[still]\n|-fail|p2a: Dragonite\n|move|p1a: Dragonite|Metronome|p1a: Dragonite\n|move|p1a: Dragonite|Strength|p2a: Dragonite|[from]move: Metronome\n|-crit|p2a: Dragonite\n|-damage|p2a: Dragonite|87\/100\n|\n|-heal|p2a: Dragonite|93\/100|[from] item: Leftovers\n|-heal|p1a: Dragonite|100\/100 par|[from] item: Leftovers\n|upkeep\n|turn|24\n|\n|t:|1701050868\n|move|p2a: Dragonite|Metronome|p2a: Dragonite\n|move|p2a: Dragonite|Stone Edge|p1a: Dragonite|[from]move: Metronome\n|-supereffective|p1a: Dragonite\n|-crit|p1a: Dragonite\n|-damage|p1a: Dragonite|64\/100 par\n|move|p1a: Dragonite|Metronome|p1a: Dragonite\n|move|p1a: Dragonite|Leer|p2a: Dragonite|[from]move: Metronome\n|-unboost|p2a: Dragonite|def|1\n|\n|-heal|p2a: Dragonite|99\/100|[from] item: Leftovers\n|-heal|p1a: Dragonite|70\/100 par|[from] item: Leftovers\n|upkeep\n|turn|25\n|c|\u2606Nahxela|stone hit pog\n|c|\u2606batesmotel37|oh no\n|\n|t:|1701050884\n|move|p2a: Dragonite|Metronome|p2a: Dragonite\n|move|p2a: Dragonite|Night Slash|p1a: Dragonite|[from]move: Metronome\n|-damage|p1a: Dragonite|54\/100 par\n|move|p1a: Dragonite|Metronome|p1a: Dragonite\n|move|p1a: Dragonite|Gust|p2a: Dragonite|[from]move: Metronome\n|-damage|p2a: Dragonite|88\/100\n|\n|-heal|p2a: Dragonite|94\/100|[from] item: Leftovers\n|-heal|p1a: Dragonite|61\/100 par|[from] item: Leftovers\n|upkeep\n|turn|26\n|\n|t:|1701050894\n|move|p2a: Dragonite|Metronome|p2a: Dragonite\n|move|p2a: Dragonite|Dragon Claw|p1a: Dragonite|[from]move: Metronome\n|-supereffective|p1a: Dragonite\n|-damage|p1a: Dragonite|6\/100 par\n|cant|p1a: Dragonite|par\n|\n|-heal|p2a: Dragonite|100\/100|[from] item: Leftovers\n|-heal|p1a: Dragonite|12\/100 par|[from] item: Leftovers\n|upkeep\n|turn|27\n|c|\u2606Nahxela|pog\n|c|\u2606batesmotel37|notteshock\n|\n|t:|1701050903\n|move|p2a: Dragonite|Metronome|p2a: Dragonite\n|move|p2a: Dragonite|Acid|p1a: Dragonite|[from]move: Metronome\n|-damage|p1a: Dragonite|4\/100 par\n|move|p1a: Dragonite|Metronome|p1a: Dragonite\n|move|p1a: Dragonite|Echoed Voice|p2a: Dragonite|[from]move: Metronome\n|-damage|p2a: Dragonite|97\/100\n|\n|-heal|p2a: Dragonite|100\/100|[from] item: Leftovers\n|-heal|p1a: Dragonite|10\/100 par|[from] item: Leftovers\n|upkeep\n|turn|28\n|c| ButtFart2000|its joever...\n|\n|t:|1701050913\n|move|p2a: Dragonite|Metronome|p2a: Dragonite\n|move|p2a: Dragonite|Lunge|p1a: Dragonite|[from]move: Metronome\n|-resisted|p1a: Dragonite\n|-damage|p1a: Dragonite|0 fnt\n|faint|p1a: Dragonite\n|\n|upkeep\n|\n|t:|1701050918\n|switch|p1a: Slaking|Slaking, M|67\/100\n|turn|29\n|c|\u2606batesmotel37|naur\n|\n|t:|1701050921\n|move|p1a: Slaking|Metronome|p1a: Slaking\n|move|p1a: Slaking|Dire Claw|p2a: Dragonite|[from]move: Metronome\n|-damage|p2a: Dragonite|83\/100\n|move|p2a: Dragonite|Metronome|p2a: Dragonite\n|move|p2a: Dragonite|Crunch|p1a: Slaking|[from]move: Metronome\n|-damage|p1a: Slaking|53\/100\n|-damage|p2a: Dragonite|66\/100|[from] item: Rocky Helmet|[of] p1a: Slaking\n|\n|-heal|p2a: Dragonite|72\/100|[from] item: Leftovers\n|upkeep\n|turn|30\n|c|\u2606Nahxela|im about to struggle\n|\n|t:|1701050931\n|cant|p1a: Slaking|ability: Truant\n|move|p2a: Dragonite|Metronome|p2a: Dragonite\n|move|p2a: Dragonite|Psyblade|p1a: Slaking|[from]move: Metronome\n|-damage|p1a: Slaking|40\/100\n|-damage|p2a: Dragonite|56\/100|[from] item: Rocky Helmet|[of] p1a: Slaking\n|\n|-heal|p2a: Dragonite|62\/100|[from] item: Leftovers\n|upkeep\n|turn|31\n|\n|t:|1701050939\n|move|p1a: Slaking|Metronome|p1a: Slaking\n|move|p1a: Slaking|Dragon Claw|p2a: Dragonite|[from]move: Metronome\n|-supereffective|p2a: Dragonite\n|-damage|p2a: Dragonite|0 fnt\n|faint|p2a: Dragonite\n|\n|win|batesmotel37\n|c|\u2606batesmotel37|lmao\n|c|\u2606Nahxela|notteshock\n|l|\u2606Nahxela\n","uploadtime":1701050950,"views":7,"p1id":"batesmotel37","p2id":"nahxela","formatid":"gen9anythinggoes","rating":0,"private":0,"password":""}