{"id":"gen9anythinggoes-1978373564","p1":"BTT2023","p2":"Jordyn24","format":"[Gen 9] Anything Goes","log":"|j|\u2606BTT2023\n|j|\u2606Jordyn24\n|t:|1698530825\n|gametype|singles\n|player|p1|BTT2023|red|1152\n|player|p2|Jordyn24|clair|1139\n|teamsize|p1|6\n|teamsize|p2|6\n|gen|9\n|tier|[Gen 9] Anything Goes\n|rated|\n|rule|HP Percentage Mod: HP is shown in percentages\n|rule|Endless Battle Clause: Forcing endless battles is banned\n|clearpoke\n|poke|p1|Charizard, M|\n|poke|p1|Pikachu, M|\n|poke|p1|Quaquaval, M|\n|poke|p1|Meowscarada, F|\n|poke|p1|Koraidon|\n|poke|p1|Gholdengo|\n|poke|p2|Sandy Shocks|\n|poke|p2|Breloom, F|\n|poke|p2|Armarouge, F|\n|poke|p2|Dragapult, F|\n|poke|p2|Flutter Mane|\n|poke|p2|Quaquaval, M|\n|teampreview\n|inactive|Battle timer is ON: inactive players will automatically lose when time's up. (requested by Jordyn24)\n|c|\u2606BTT2023|Nice Team!\n|c|\u2606Jordyn24|ty\n|inactive|Jordyn24 has 120 seconds left.\n|c|\u2606Jordyn24|does it look good and why does everyone keep saying it\n|\n|t:|1698530875\n|start\n|switch|p1a: Pikachu|Pikachu, M|100\/100\n|switch|p2a: Dinosaur|Breloom, F, shiny|100\/100\n|turn|1\n|c|\u2606BTT2023|Good luck have fun, May the best team win\n|\n|t:|1698530885\n|move|p1a: Pikachu|Trailblaze|p2a: Dinosaur\n|-resisted|p2a: Dinosaur\n|-damage|p2a: Dinosaur|95\/100\n|-boost|p1a: Pikachu|spe|1\n|move|p2a: Dinosaur|Spore|p1a: Pikachu\n|-status|p1a: Pikachu|slp|[from] move: Spore\n|\n|-heal|p2a: Dinosaur|100\/100|[from] item: Leftovers\n|upkeep\n|turn|2\n|\n|t:|1698530895\n|cant|p1a: Pikachu|slp\n|move|p2a: Dinosaur|Leech Seed|p1a: Pikachu\n|-start|p1a: Pikachu|move: Leech Seed\n|\n|-damage|p1a: Pikachu|88\/100 slp|[from] Leech Seed|[of] p2a: Dinosaur\n|upkeep\n|turn|3\n|\n|t:|1698530911\n|move|p2a: Dinosaur|Mach Punch|p1a: Pikachu\n|-damage|p1a: Pikachu|0 fnt\n|faint|p1a: Pikachu\n|\n|upkeep\n|\n|t:|1698530917\n|switch|p1a: Gholdengo|Gholdengo|100\/100\n|-item|p1a: Gholdengo|Air Balloon\n|turn|4\n|\n|t:|1698530923\n|move|p2a: Dinosaur|Mach Punch|p1a: Gholdengo\n|-immune|p1a: Gholdengo\n|move|p1a: Gholdengo|Nasty Plot|p1a: Gholdengo\n|-boost|p1a: Gholdengo|spa|2\n|\n|upkeep\n|turn|5\n|inactive|Jordyn24 has 120 seconds left.\n|\n|t:|1698530953\n|switch|p2a: Dragon|Dragapult, F, shiny|100\/100\n|move|p1a: Gholdengo|Shadow Ball|p2a: Dragon\n|-supereffective|p2a: Dragon\n|-damage|p2a: Dragon|0 fnt\n|faint|p2a: Dragon\n|\n|upkeep\n|inactive|Jordyn24 has 120 seconds left.\n|c|\u2606BTT2023|Bad Idea\n|\n|t:|1698530973\n|switch|p2a: Tooth fairy|Flutter Mane, shiny|100\/100\n|-enditem|p2a: Tooth fairy|Booster Energy\n|-activate|p2a: Tooth fairy|ability: Protosynthesis|[fromitem]\n|-start|p2a: Tooth fairy|protosynthesisspe\n|turn|6\n|\n|t:|1698530979\n|move|p2a: Tooth fairy|Shadow Ball|p1a: Gholdengo\n|-supereffective|p1a: Gholdengo\n|-damage|p1a: Gholdengo|17\/100\n|-enditem|p1a: Gholdengo|Air Balloon\n|move|p1a: Gholdengo|Nasty Plot|p1a: Gholdengo\n|-boost|p1a: Gholdengo|spa|2\n|\n|upkeep\n|turn|7\n|\n|t:|1698530986\n|move|p2a: Tooth fairy|Shadow Ball|p1a: Gholdengo\n|-supereffective|p1a: Gholdengo\n|-damage|p1a: Gholdengo|0 fnt\n|faint|p1a: Gholdengo\n|\n|upkeep\n|c|\u2606Jordyn24|u too!\n|\n|t:|1698530992\n|switch|p1a: Meowscarada|Meowscarada, F|100\/100\n|turn|8\n|\n|t:|1698531000\n|move|p2a: Tooth fairy|Mystical Fire|p1a: Meowscarada\n|-supereffective|p1a: Meowscarada\n|-damage|p1a: Meowscarada|22\/100\n|-unboost|p1a: Meowscarada|spa|1\n|move|p1a: Meowscarada|Knock Off|p2a: Tooth fairy\n|-start|p1a: Meowscarada|typechange|Dark|[from] ability: Protean\n|-damage|p2a: Tooth fairy|5\/100\n|\n|upkeep\n|turn|9\n|\n|t:|1698531010\n|move|p2a: Tooth fairy|Shadow Ball|p1a: Meowscarada\n|-resisted|p1a: Meowscarada\n|-damage|p1a: Meowscarada|0 fnt\n|faint|p1a: Meowscarada\n|\n|upkeep\n|\n|t:|1698531025\n|switch|p1a: Charizard|Charizard, M|100\/100\n|turn|10\n|\n|t:|1698531033\n|move|p2a: Tooth fairy|Draining Kiss|p1a: Charizard\n|-resisted|p1a: Charizard\n|-damage|p1a: Charizard|84\/100\n|-heal|p2a: Tooth fairy|20\/100|[from] drain|[of] p1a: Charizard\n|move|p1a: Charizard|Acrobatics|p2a: Tooth fairy\n|-damage|p2a: Tooth fairy|0 fnt\n|faint|p2a: Tooth fairy\n|-end|p2a: Tooth fairy|Protosynthesis|[silent]\n|\n|upkeep\n|\n|t:|1698531039\n|switch|p2a: Ducky|Quaquaval, M, shiny|100\/100\n|-item|p2a: Ducky|Air Balloon\n|turn|11\n|\n|t:|1698531053\n|-terastallize|p2a: Ducky|Steel\n|move|p1a: Charizard|Acrobatics|p2a: Ducky\n|-resisted|p2a: Ducky\n|-damage|p2a: Ducky|88\/100\n|-enditem|p2a: Ducky|Air Balloon\n|move|p2a: Ducky|Aqua Step|p1a: Charizard\n|-supereffective|p1a: Charizard\n|-damage|p1a: Charizard|0 fnt\n|-boost|p2a: Ducky|spe|1\n|faint|p1a: Charizard\n|-ability|p2a: Ducky|Moxie|boost\n|-boost|p2a: Ducky|atk|1\n|\n|upkeep\n|\n|t:|1698531059\n|switch|p1a: Koraidon|Koraidon|100\/100\n|-weather|SunnyDay|[from] ability: Orichalcum Pulse|[of] p1a: Koraidon\n|-activate|p1a: Koraidon|Orichalcum Pulse|[source]\n|turn|12\n|\n|t:|1698531074\n|move|p1a: Koraidon|Collision Course|p2a: Ducky\n|-supereffective|p2a: Ducky\n|-damage|p2a: Ducky|0 fnt\n|faint|p2a: Ducky\n|\n|-weather|SunnyDay|[upkeep]\n|upkeep\n|\n|t:|1698531088\n|switch|p2a: Dinosaur|Breloom, F, shiny|100\/100\n|turn|13\n|\n|t:|1698531096\n|move|p2a: Dinosaur|Mach Punch|p1a: Koraidon\n|-damage|p1a: Koraidon|75\/100\n|move|p1a: Koraidon|Collision Course|p2a: Dinosaur\n|-damage|p2a: Dinosaur|0 fnt\n|faint|p2a: Dinosaur\n|\n|-weather|SunnyDay|[upkeep]\n|upkeep\n|\n|t:|1698531101\n|switch|p2a: Sandy Cheeks|Sandy Shocks, shiny|100\/100\n|-activate|p2a: Sandy Cheeks|ability: Protosynthesis\n|-start|p2a: Sandy Cheeks|protosynthesisspa\n|turn|14\n|\n|t:|1698531106\n|move|p1a: Koraidon|Collision Course|p2a: Sandy Cheeks\n|-damage|p2a: Sandy Cheeks|18\/100\n|move|p2a: Sandy Cheeks|Thunderbolt|p1a: Koraidon\n|-resisted|p1a: Koraidon\n|-damage|p1a: Koraidon|47\/100\n|\n|-weather|SunnyDay|[upkeep]\n|upkeep\n|turn|15\n|\n|t:|1698531114\n|move|p1a: Koraidon|Collision Course|p2a: Sandy Cheeks\n|-damage|p2a: Sandy Cheeks|0 fnt\n|faint|p2a: Sandy Cheeks\n|-end|p2a: Sandy Cheeks|Protosynthesis|[silent]\n|\n|-weather|SunnyDay|[upkeep]\n|upkeep\n|\n|t:|1698531117\n|switch|p2a: living armor|Armarouge, F, shiny|100\/100\n|turn|16\n|\n|t:|1698531122\n|move|p1a: Koraidon|Collision Course|p2a: living armor\n|-resisted|p2a: living armor\n|-damage|p2a: living armor|64\/100\n|-ability|p2a: living armor|Weak Armor|boost\n|-unboost|p2a: living armor|def|1\n|-boost|p2a: living armor|spe|2\n|move|p2a: living armor|Psyshock|p1a: Koraidon\n|-supereffective|p1a: Koraidon\n|-damage|p1a: Koraidon|0 fnt\n|faint|p1a: Koraidon\n|-heal|p2a: living armor|70\/100|[from] item: Shell Bell|[of] p1: Koraidon\n|\n|-weather|none\n|upkeep\n|\n|t:|1698531130\n|switch|p1a: Quaquaval|Quaquaval, M|100\/100\n|turn|17\n|\n|t:|1698531138\n|-terastallize|p1a: Quaquaval|Steel\n|move|p2a: living armor|Psyshock|p1a: Quaquaval\n|-resisted|p1a: Quaquaval\n|-damage|p1a: Quaquaval|71\/100\n|-heal|p2a: living armor|74\/100|[from] item: Shell Bell|[of] p1a: Quaquaval\n|move|p1a: Quaquaval|Aqua Step|p2a: living armor\n|-supereffective|p2a: living armor\n|-damage|p2a: living armor|0 fnt\n|-boost|p1a: Quaquaval|spe|1\n|faint|p2a: living armor\n|\n|win|BTT2023\n|raw|BTT2023's rating: 1152 &rarr; <strong>1176<\/strong><br \/>(+24 for winning)\n|raw|Jordyn24's rating: 1139 &rarr; <strong>1115<\/strong><br \/>(-24 for losing)\n|c|\u2606BTT2023|GG :)\n|c|\u2606Jordyn24|gg\n|l|\u2606Jordyn24\n","uploadtime":1698531149,"views":5,"p1id":"btt2023","p2id":"jordyn24","formatid":"gen9anythinggoes","rating":1115,"private":0,"password":""}