{"id":"gen9anythinggoes-1972497715","p1":"CasualTrainerName","p2":"the maraculous","format":"[Gen 9] Anything Goes","log":"|j|\u2606CasualTrainerName\n|j|\u2606the maraculous\n|t:|1697849629\n|gametype|singles\n|player|p1|CasualTrainerName|169|1355\n|player|p2|the maraculous|dragontamer|1539\n|teamsize|p1|4\n|teamsize|p2|6\n|gen|9\n|tier|[Gen 9] Anything Goes\n|rated|\n|rule|HP Percentage Mod: HP is shown in percentages\n|rule|Endless Battle Clause: Forcing endless battles is banned\n|clearpoke\n|poke|p1|Drifblim, F|\n|poke|p1|Dudunsparce-*, F|\n|poke|p1|Ursaluna-Bloodmoon, M|\n|poke|p1|Hatterene, F|\n|poke|p2|Toxapex, F|\n|poke|p2|Miraidon|\n|poke|p2|Miraidon|\n|poke|p2|Chien-Pao|\n|poke|p2|Spidops, F|\n|poke|p2|Annihilape, M|\n|teampreview\n|inactive|Battle timer is ON: inactive players will automatically lose when time's up. (requested by CasualTrainerName)\n|\n|t:|1697849635\n|start\n|switch|p1a: Drifblim|Drifblim, F|100\/100\n|switch|p2a: Chien-Pao|Chien-Pao|100\/100\n|-ability|p2a: Chien-Pao|Sword of Ruin\n|turn|1\n|\n|t:|1697849641\n|-terastallize|p1a: Drifblim|Normal\n|move|p2a: Chien-Pao|Ice Spinner|p1a: Drifblim\n|-damage|p1a: Drifblim|30\/100\n|move|p1a: Drifblim|Minimize|p1a: Drifblim\n|-boost|p1a: Drifblim|evasion|2\n|\n|upkeep\n|turn|2\n|\n|t:|1697849653\n|move|p2a: Chien-Pao|Sacred Sword|p1a: Drifblim\n|-supereffective|p1a: Drifblim\n|-damage|p1a: Drifblim|0 fnt\n|faint|p1a: Drifblim\n|\n|upkeep\n|\n|t:|1697849659\n|switch|p1a: Hatterene|Hatterene, F|100\/100\n|turn|3\n|\n|t:|1697849665\n|move|p2a: Chien-Pao|Ice Spinner|p1a: Hatterene\n|-damage|p1a: Hatterene|58\/100\n|move|p1a: Hatterene|Calm Mind|p1a: Hatterene\n|-boost|p1a: Hatterene|spa|1\n|-boost|p1a: Hatterene|spd|1\n|\n|upkeep\n|turn|4\n|\n|t:|1697849674\n|move|p2a: Chien-Pao|Ice Spinner|p1a: Hatterene\n|-damage|p1a: Hatterene|15\/100\n|move|p1a: Hatterene|Baton Pass|p1a: Hatterene\n|\n|t:|1697849677\n|switch|p1a: Dudunsparce|Dudunsparce-Three-Segment, F|100\/100|[from] Baton Pass\n|\n|upkeep\n|turn|5\n|\n|t:|1697849682\n|move|p2a: Chien-Pao|Sacred Sword|p1a: Dudunsparce\n|-supereffective|p1a: Dudunsparce\n|-damage|p1a: Dudunsparce|27\/100\n|move|p1a: Dudunsparce|Ancient Power|p2a: Chien-Pao\n|-supereffective|p2a: Chien-Pao\n|-damage|p2a: Chien-Pao|20\/100\n|\n|-heal|p1a: Dudunsparce|33\/100|[from] item: Leftovers\n|upkeep\n|turn|6\n|\n|t:|1697849689\n|move|p2a: Chien-Pao|Sacred Sword|p1a: Dudunsparce\n|-supereffective|p1a: Dudunsparce\n|-damage|p1a: Dudunsparce|0 fnt\n|faint|p1a: Dudunsparce\n|\n|upkeep\n|-message|CasualTrainerName forfeited.\n|\n|win|the maraculous\n|raw|CasualTrainerName's rating: 1355 &rarr; <strong>1345<\/strong><br \/>(-10 for losing)\n|raw|the maraculous's rating: 1539 &rarr; <strong>1549<\/strong><br \/>(+10 for winning)\n|l|\u2606CasualTrainerName\n","uploadtime":1697849696,"views":3,"p1id":"casualtrainername","p2id":"themaraculous","formatid":"gen9anythinggoes","rating":1345,"private":0,"password":""}