{"id":"gen9anythinggoes-1977172205","p1":"pugsrcute900","p2":"Emily Bodoo","format":"[Gen 9] Anything Goes","log":"|j|\u2606pugsrcute900\n|j|\u2606Emily Bodoo\n|t:|1698380719\n|gametype|singles\n|player|p1|pugsrcute900|lucas|1163\n|player|p2|Emily Bodoo|iris|1299\n|teamsize|p1|6\n|teamsize|p2|6\n|gen|9\n|tier|[Gen 9] Anything Goes\n|rated|\n|rule|HP Percentage Mod: HP is shown in percentages\n|rule|Endless Battle Clause: Forcing endless battles is banned\n|clearpoke\n|poke|p1|Ogerpon-Wellspring, F|\n|poke|p1|Charizard, M|\n|poke|p1|Ogerpon-Hearthflame, F|\n|poke|p1|Garchomp, M|\n|poke|p1|Ogerpon-Cornerstone, F|\n|poke|p1|Chi-Yu|\n|poke|p2|Mismagius, M|\n|poke|p2|Gengar, M|\n|poke|p2|Dusknoir, M|\n|poke|p2|Snorlax, M|\n|poke|p2|Mew|\n|poke|p2|Mudsdale, M|\n|teampreview\n|\n|t:|1698380730\n|start\n|switch|p1a: Ogerpon|Ogerpon-Hearthflame, F|100\/100\n|switch|p2a: Dusknoir|Dusknoir, M|100\/100\n|-ability|p1a: Ogerpon|Mold Breaker\n|-item|p1a: Ogerpon|Hearthflame Mask|[from] ability: Frisk|[of] p2a: Dusknoir|[identify]\n|turn|1\n|\n|t:|1698380742\n|move|p1a: Ogerpon|Ivy Cudgel|p2a: Dusknoir\n|-crit|p2a: Dusknoir\n|-damage|p2a: Dusknoir|12\/100\n|-enditem|p2a: Dusknoir|Aguav Berry|[eat]\n|-heal|p2a: Dusknoir|45\/100|[from] item: Aguav Berry\n|move|p2a: Dusknoir|Trick Room|p2a: Dusknoir\n|-fieldstart|move: Trick Room|[of] p2a: Dusknoir\n|\n|upkeep\n|turn|2\n|\n|t:|1698380750\n|move|p2a: Dusknoir|Destiny Bond|p2a: Dusknoir\n|-singlemove|p2a: Dusknoir|Destiny Bond\n|move|p1a: Ogerpon|Ivy Cudgel|p2a: Dusknoir\n|-damage|p2a: Dusknoir|0 fnt\n|faint|p2a: Dusknoir\n|-activate|p2a: Dusknoir|move: Destiny Bond\n|faint|p1a: Ogerpon\n|\n|upkeep\n|\n|t:|1698380770\n|switch|p2a: Mudsdale|Mudsdale, M|100\/100\n|switch|p1a: Ogerpon|Ogerpon-Wellspring, F|100\/100\n|turn|3\n|\n|t:|1698380779\n|-terastallize|p2a: Mudsdale|Grass\n|move|p2a: Mudsdale|Fissure|p1a: Ogerpon|[miss]\n|-miss|p2a: Mudsdale|p1a: Ogerpon\n|move|p1a: Ogerpon|Ivy Cudgel|p2a: Mudsdale\n|-resisted|p2a: Mudsdale\n|-damage|p2a: Mudsdale|80\/100\n|-ability|p2a: Mudsdale|Stamina|boost\n|-boost|p2a: Mudsdale|def|1\n|\n|-heal|p2a: Mudsdale|86\/100|[from] item: Leftovers\n|upkeep\n|turn|4\n|\n|t:|1698380794\n|move|p2a: Mudsdale|Fissure|p1a: Ogerpon|[miss]\n|-miss|p2a: Mudsdale|p1a: Ogerpon\n|move|p1a: Ogerpon|Ivy Cudgel|p2a: Mudsdale\n|-resisted|p2a: Mudsdale\n|-damage|p2a: Mudsdale|73\/100\n|-ability|p2a: Mudsdale|Stamina|boost\n|-boost|p2a: Mudsdale|def|1\n|\n|-heal|p2a: Mudsdale|79\/100|[from] item: Leftovers\n|upkeep\n|turn|5\n|\n|t:|1698380804\n|move|p2a: Mudsdale|Fissure|p1a: Ogerpon|[miss]\n|-miss|p2a: Mudsdale|p1a: Ogerpon\n|move|p1a: Ogerpon|Trailblaze|p2a: Mudsdale\n|-resisted|p2a: Mudsdale\n|-damage|p2a: Mudsdale|73\/100\n|-boost|p1a: Ogerpon|spe|1\n|-ability|p2a: Mudsdale|Stamina|boost\n|-boost|p2a: Mudsdale|def|1\n|\n|-heal|p2a: Mudsdale|79\/100|[from] item: Leftovers\n|-fieldend|move: Trick Room\n|upkeep\n|turn|6\n|\n|t:|1698380822\n|-terastallize|p1a: Ogerpon|Water\n|detailschange|p1a: Ogerpon|Ogerpon-Wellspring-Tera, F, tera:Water\n|-ability|p1a: Ogerpon|Embody Aspect (Wellspring)|boost\n|-boost|p1a: Ogerpon|spd|1\n|move|p1a: Ogerpon|Ivy Cudgel|p2a: Mudsdale\n|-resisted|p2a: Mudsdale\n|-crit|p2a: Mudsdale\n|-damage|p2a: Mudsdale|34\/100\n|-ability|p2a: Mudsdale|Stamina|boost\n|-boost|p2a: Mudsdale|def|1\n|move|p2a: Mudsdale|Fissure|p1a: Ogerpon|[miss]\n|-miss|p2a: Mudsdale|p1a: Ogerpon\n|\n|-heal|p2a: Mudsdale|41\/100|[from] item: Leftovers\n|upkeep\n|turn|7\n|\n|t:|1698380837\n|move|p1a: Ogerpon|Ivy Cudgel|p2a: Mudsdale\n|-resisted|p2a: Mudsdale\n|-damage|p2a: Mudsdale|32\/100\n|-ability|p2a: Mudsdale|Stamina|boost\n|-boost|p2a: Mudsdale|def|1\n|move|p2a: Mudsdale|Rest|p2a: Mudsdale\n|-status|p2a: Mudsdale|slp|[from] move: Rest\n|-heal|p2a: Mudsdale|100\/100 slp|[silent]\n|\n|upkeep\n|turn|8\n|\n|t:|1698380852\n|move|p1a: Ogerpon|Ivy Cudgel|p2a: Mudsdale\n|-resisted|p2a: Mudsdale\n|-damage|p2a: Mudsdale|93\/100 slp\n|-ability|p2a: Mudsdale|Stamina|boost\n|-boost|p2a: Mudsdale|def|1\n|cant|p2a: Mudsdale|slp\n|move|p2a: Mudsdale|Sleep Talk|p2a: Mudsdale\n|move|p2a: Mudsdale|Fissure|p1a: Ogerpon|[from]move: Sleep Talk|[miss]\n|-miss|p2a: Mudsdale|p1a: Ogerpon\n|\n|-heal|p2a: Mudsdale|99\/100 slp|[from] item: Leftovers\n|upkeep\n|turn|9\n|\n|t:|1698380865\n|move|p1a: Ogerpon|Solar Beam||[still]\n|-prepare|p1a: Ogerpon|Solar Beam\n|cant|p2a: Mudsdale|slp\n|move|p2a: Mudsdale|Sleep Talk|p2a: Mudsdale\n|move|p2a: Mudsdale|Earthquake|p1a: Ogerpon|[from]move: Sleep Talk\n|-damage|p1a: Ogerpon|36\/100\n|\n|-heal|p2a: Mudsdale|100\/100 slp|[from] item: Leftovers\n|upkeep\n|turn|10\n|\n|t:|1698380876\n|move|p1a: Ogerpon|Solar Beam|p2a: Mudsdale|[from]lockedmove\n|-resisted|p2a: Mudsdale\n|-damage|p2a: Mudsdale|85\/100 slp\n|-curestatus|p2a: Mudsdale|slp|[msg]\n|move|p2a: Mudsdale|Earthquake|p1a: Ogerpon\n|-damage|p1a: Ogerpon|0 fnt\n|faint|p1a: Ogerpon\n|\n|-heal|p2a: Mudsdale|91\/100|[from] item: Leftovers\n|upkeep\n|\n|t:|1698380898\n|switch|p1a: Charizard|Charizard, M, shiny|100\/100\n|turn|11\n|\n|t:|1698380910\n|switch|p2a: Snorlax|Snorlax, M|100\/100\n|move|p1a: Charizard|Flare Blitz|p2a: Snorlax\n|-damage|p2a: Snorlax|85\/100\n|-damage|p1a: Charizard|94\/100|[from] Recoil\n|\n|-heal|p2a: Snorlax|91\/100|[from] item: Leftovers\n|upkeep\n|turn|12\n|\n|t:|1698380925\n|switch|p1a: Ogerpon|Ogerpon-Cornerstone, F|100\/100\n|move|p2a: Snorlax|Body Slam|p1a: Ogerpon\n|-resisted|p1a: Ogerpon\n|-damage|p1a: Ogerpon|83\/100\n|\n|-heal|p2a: Snorlax|97\/100|[from] item: Leftovers\n|upkeep\n|turn|13\n|\n|t:|1698380936\n|move|p1a: Ogerpon|Brick Break|p2a: Snorlax\n|-supereffective|p2a: Snorlax\n|-damage|p2a: Snorlax|53\/100\n|move|p2a: Snorlax|Rest|p2a: Snorlax\n|-status|p2a: Snorlax|slp|[from] move: Rest\n|-heal|p2a: Snorlax|100\/100 slp|[silent]\n|\n|upkeep\n|turn|14\n|\n|t:|1698380945\n|move|p1a: Ogerpon|Brick Break|p2a: Snorlax\n|-supereffective|p2a: Snorlax\n|-damage|p2a: Snorlax|58\/100 slp\n|cant|p2a: Snorlax|slp\n|move|p2a: Snorlax|Sleep Talk|p2a: Snorlax\n|move|p2a: Snorlax|Fissure|p1a: Ogerpon|[from]move: Sleep Talk\n|-immune|p1a: Ogerpon|[from] ability: Sturdy\n|\n|-heal|p2a: Snorlax|64\/100 slp|[from] item: Leftovers\n|upkeep\n|turn|15\n|\n|t:|1698380957\n|switch|p2a: Gengar|Gengar, M|100\/100\n|move|p1a: Ogerpon|Brick Break|p2a: Gengar\n|-immune|p2a: Gengar\n|\n|upkeep\n|turn|16\n|\n|t:|1698380965\n|move|p2a: Gengar|Perish Song|p2a: Gengar\n|-start|p1a: Ogerpon|perish3|[silent]\n|-start|p2a: Gengar|perish3|[silent]\n|-fieldactivate|move: Perish Song\n|move|p1a: Ogerpon|Ivy Cudgel|p2a: Gengar\n|-damage|p2a: Gengar|17\/100\n|\n|-start|p2a: Gengar|perish3\n|-start|p1a: Ogerpon|perish3\n|upkeep\n|turn|17\n|\n|t:|1698380975\n|move|p2a: Gengar|Destiny Bond|p2a: Gengar\n|-singlemove|p2a: Gengar|Destiny Bond\n|move|p1a: Ogerpon|Ivy Cudgel|p2a: Gengar\n|-damage|p2a: Gengar|0 fnt\n|faint|p2a: Gengar\n|-activate|p2a: Gengar|move: Destiny Bond\n|faint|p1a: Ogerpon\n|\n|upkeep\n|\n|t:|1698381004\n|switch|p2a: Snorlax|Snorlax, M|64\/100 slp\n|switch|p1a: Charizard|Charizard, M, shiny|94\/100\n|turn|18\n|\n|t:|1698381019\n|move|p1a: Charizard|Flare Blitz|p2a: Snorlax\n|-damage|p2a: Snorlax|47\/100 slp\n|-damage|p1a: Charizard|87\/100|[from] Recoil\n|cant|p2a: Snorlax|slp\n|move|p2a: Snorlax|Sleep Talk|p2a: Snorlax\n|move|p2a: Snorlax|Body Slam|p1a: Charizard|[from]move: Sleep Talk\n|-crit|p1a: Charizard\n|-damage|p1a: Charizard|37\/100\n|\n|-heal|p2a: Snorlax|53\/100 slp|[from] item: Leftovers\n|upkeep\n|turn|19\n|\n|t:|1698381033\n|move|p1a: Charizard|Earthquake|p2a: Snorlax\n|-damage|p2a: Snorlax|39\/100 slp\n|-curestatus|p2a: Snorlax|slp|[msg]\n|move|p2a: Snorlax|Rest|p2a: Snorlax\n|-status|p2a: Snorlax|slp|[from] move: Rest\n|-heal|p2a: Snorlax|100\/100 slp|[silent]\n|\n|upkeep\n|turn|20\n|\n|t:|1698381050\n|switch|p1a: Chi-Yu|Chi-Yu|100\/100\n|-ability|p1a: Chi-Yu|Beads of Ruin\n|cant|p2a: Snorlax|slp\n|move|p2a: Snorlax|Sleep Talk|p2a: Snorlax\n|move|p2a: Snorlax|Fissure|p1a: Chi-Yu|[from]move: Sleep Talk\n|-damage|p1a: Chi-Yu|0 fnt\n|faint|p1a: Chi-Yu\n|-ohko\n|\n|upkeep\n|\n|t:|1698381062\n|switch|p1a: Garchomp|Garchomp, M|100\/100\n|turn|21\n|\n|t:|1698381067\n|move|p1a: Garchomp|Power Gem|p2a: Snorlax\n|-damage|p2a: Snorlax|93\/100 slp\n|cant|p2a: Snorlax|slp\n|move|p2a: Snorlax|Sleep Talk|p2a: Snorlax\n|move|p2a: Snorlax|Rest||[from]move: Sleep Talk|[still]\n|-fail|p2a: Snorlax\n|\n|-heal|p2a: Snorlax|99\/100 slp|[from] item: Leftovers\n|upkeep\n|turn|22\n|inactive|Battle timer is ON: inactive players will automatically lose when time's up. (requested by Emily Bodoo)\n|inactive|pugsrcute900 has 120 seconds left.\n|inactive|pugsrcute900 has 90 seconds left.\n|inactive|pugsrcute900 has 60 seconds left.\n|inactive|pugsrcute900 has 30 seconds left.\n|inactive|pugsrcute900 has 20 seconds left.\n|inactive|pugsrcute900 has 15 seconds left.\n|inactive|pugsrcute900 has 10 seconds left.\n|inactive|pugsrcute900 has 5 seconds left.\n|-message|pugsrcute900 lost due to inactivity.\n|\n|win|Emily Bodoo\n|raw|pugsrcute900's rating: 1163 &rarr; <strong>1147<\/strong><br \/>(-16 for losing)\n|raw|Emily Bodoo's rating: 1299 &rarr; <strong>1315<\/strong><br \/>(+16 for winning)\n","uploadtime":1698381307,"views":12,"p1id":"pugsrcute900","p2id":"emilybodoo","formatid":"gen9anythinggoes","rating":1147,"private":0,"password":""}