{"id":"gen9anythinggoes-1975280146","p1":"Bigrokof","p2":"Itriedtodo","format":"[Gen 9] Anything Goes","log":"|j|\u2606Bigrokof\n|j|\u2606Itriedtodo\n|t:|1698176107\n|gametype|singles\n|player|p1|Bigrokof|hiker-gen4|\n|player|p2|Itriedtodo|teamrocket|\n|teamsize|p1|6\n|teamsize|p2|6\n|gen|9\n|tier|[Gen 9] Anything Goes\n|rated|Tournament battle\n|rule|HP Percentage Mod: HP is shown in percentages\n|rule|Endless Battle Clause: Forcing endless battles is banned\n|rule|Species Clause: Limit one of each Pok\u00e9mon\n|rule|OHKO Clause: OHKO moves are banned\n|rule|Evasion Moves Clause: Evasion moves are banned\n|rule|Tier Shift Mod: Pok\u00e9mon get stat buffs depending on their tier, excluding HP.\n|rule|Sleep Clause Mod: Limit one foe put to sleep\n|rule|1 Ability Clause: Limit 1 of each ability\n|clearpoke\n|poke|p1|Wigglytuff, F|\n|poke|p1|Ampharos, M|\n|poke|p1|Poliwrath, F|\n|poke|p1|Rabsca, M|\n|poke|p1|Magcargo, M|\n|poke|p1|Charizard, M|\n|poke|p2|Pyroar, M|\n|poke|p2|Gabite, M|\n|poke|p2|Morpeko, F|\n|poke|p2|Sandslash, F|\n|poke|p2|Slither Wing|\n|poke|p2|Slowbro-Galar, M|\n|teampreview\n|j|%Iolanthe\n|inactive|Battle timer is ON: inactive players will automatically lose when time's up. (requested by Itriedtodo)\n|j|+Ataki\n|\n|t:|1698176118\n|start\n|switch|p1a: Charizard|Charizard, M|100\/100\n|switch|p2a: Sandslash|Sandslash, F|100\/100\n|turn|1\n|l|%Iolanthe\n|\n|t:|1698176127\n|move|p1a: Charizard|Hurricane|p2a: Sandslash|[miss]\n|-miss|p1a: Charizard|p2a: Sandslash\n|move|p2a: Sandslash|Spikes|p1a: Charizard\n|-sidestart|p1: Bigrokof|Spikes\n|\n|upkeep\n|turn|2\n|\n|t:|1698176137\n|move|p1a: Charizard|Overheat|p2a: Sandslash\n|-crit|p2a: Sandslash\n|-enditem|p2a: Sandslash|Focus Sash\n|-damage|p2a: Sandslash|1\/100\n|-unboost|p1a: Charizard|spa|2\n|move|p2a: Sandslash|Spikes|p1a: Charizard\n|-sidestart|p1: Bigrokof|Spikes\n|\n|upkeep\n|turn|3\n|\n|t:|1698176144\n|switch|p1a: Wigglytuff|Wigglytuff, F|100\/100\n|-damage|p1a: Wigglytuff|84\/100|[from] Spikes\n|move|p2a: Sandslash|Spikes|p1a: Wigglytuff\n|move|p1a: Wigglytuff|Spikes|p2a: Sandslash|[from]ability: Magic Bounce\n|-sidestart|p2: Itriedtodo|Spikes\n|\n|-heal|p1a: Wigglytuff|90\/100|[from] item: Leftovers\n|upkeep\n|turn|4\n|\n|t:|1698176151\n|move|p1a: Wigglytuff|Protect|p1a: Wigglytuff\n|-singleturn|p1a: Wigglytuff|Protect\n|move|p2a: Sandslash|Rapid Spin|p1a: Wigglytuff\n|-activate|p1a: Wigglytuff|move: Protect\n|\n|-heal|p1a: Wigglytuff|96\/100|[from] item: Leftovers\n|upkeep\n|turn|5\n|\n|t:|1698176156\n|move|p2a: Sandslash|Rapid Spin|p1a: Wigglytuff\n|-crit|p1a: Wigglytuff\n|-damage|p1a: Wigglytuff|73\/100\n|-boost|p2a: Sandslash|spe|1\n|-sideend|p2: Itriedtodo|Spikes|[from] move: Rapid Spin|[of] p2a: Sandslash\n|move|p1a: Wigglytuff|Chilling Water|p2a: Sandslash\n|-supereffective|p2a: Sandslash\n|-damage|p2a: Sandslash|0 fnt\n|faint|p2a: Sandslash\n|\n|-heal|p1a: Wigglytuff|80\/100|[from] item: Leftovers\n|upkeep\n|\n|t:|1698176167\n|switch|p2a: Slowbro|Slowbro-Galar, M|100\/100\n|turn|6\n|j|+Hiusi guy %\u25d5\u203f\u203f\u25d5%\n|\n|t:|1698176182\n|switch|p1a: Magcargo|Magcargo, M|100\/100\n|-damage|p1a: Magcargo|84\/100|[from] Spikes\n|move|p2a: Slowbro|Calm Mind|p2a: Slowbro\n|-boost|p2a: Slowbro|spa|1\n|-boost|p2a: Slowbro|spd|1\n|\n|upkeep\n|turn|7\n|c|+Hiusi guy %\u25d5\u203f\u203f\u25d5%|WIGGLYTUFF\n|\n|t:|1698176190\n|move|p1a: Magcargo|Shell Smash|p1a: Magcargo\n|-unboost|p1a: Magcargo|def|1\n|-unboost|p1a: Magcargo|spd|1\n|-boost|p1a: Magcargo|atk|2\n|-boost|p1a: Magcargo|spa|2\n|-boost|p1a: Magcargo|spe|2\n|move|p2a: Slowbro|Calm Mind|p2a: Slowbro\n|-boost|p2a: Slowbro|spa|1\n|-boost|p2a: Slowbro|spd|1\n|\n|upkeep\n|turn|8\n|\n|t:|1698176198\n|move|p1a: Magcargo|Fire Blast|p2a: Slowbro\n|-damage|p2a: Slowbro|64\/100\n|move|p2a: Slowbro|Iron Defense|p2a: Slowbro\n|-boost|p2a: Slowbro|def|2\n|\n|-heal|p2a: Slowbro|70\/100|[from] item: Leftovers\n|upkeep\n|turn|9\n|\n|t:|1698176203\n|move|p1a: Magcargo|Earth Power|p2a: Slowbro\n|-supereffective|p2a: Slowbro\n|-damage|p2a: Slowbro|29\/100\n|move|p2a: Slowbro|Stored Power|p1a: Magcargo\n|-damage|p1a: Magcargo|0 fnt\n|faint|p1a: Magcargo\n|\n|-heal|p2a: Slowbro|36\/100|[from] item: Leftovers\n|upkeep\n|\n|t:|1698176209\n|switch|p1a: Ampharos|Ampharos, M|100\/100\n|-damage|p1a: Ampharos|84\/100|[from] Spikes\n|turn|10\n|c|+Hiusi guy %\u25d5\u203f\u203f\u25d5%|Zamn\n|\n|t:|1698176215\n|move|p2a: Slowbro|Stored Power|p1a: Ampharos\n|-damage|p1a: Ampharos|45\/100\n|move|p1a: Ampharos|Dragon Tail|p2a: Slowbro\n|-damage|p2a: Slowbro|32\/100\n|drag|p2a: Morpeko|Morpeko, F|100\/100\n|-ability|p2a: Morpeko|Sword of Ruin\n|\n|upkeep\n|turn|11\n|c|\u2606Bigrokof|homever\n|\n|t:|1698176225\n|move|p2a: Morpeko|Knock Off|p1a: Ampharos\n|-damage|p1a: Ampharos|0 fnt\n|-enditem|p1a: Ampharos|Assault Vest|[from] move: Knock Off|[of] p2a: Morpeko\n|faint|p1a: Ampharos\n|\n|upkeep\n|c|\u2606Bigrokof|nvm\n|\n|t:|1698176231\n|switch|p1a: Wigglytuff|Wigglytuff, F|80\/100\n|-damage|p1a: Wigglytuff|63\/100|[from] Spikes\n|turn|12\n|\n|t:|1698176237\n|switch|p2a: Slowbro|Slowbro-Galar, M|32\/100\n|move|p1a: Wigglytuff|Dazzling Gleam|p2a: Slowbro\n|-resisted|p2a: Slowbro\n|-crit|p2a: Slowbro\n|-damage|p2a: Slowbro|16\/100\n|\n|-heal|p1a: Wigglytuff|69\/100|[from] item: Leftovers\n|-heal|p2a: Slowbro|22\/100|[from] item: Leftovers\n|upkeep\n|turn|13\n|\n|t:|1698176242\n|switch|p1a: Charizard|Charizard, M|100\/100\n|move|p2a: Slowbro|Calm Mind|p2a: Slowbro\n|-boost|p2a: Slowbro|spa|1\n|-boost|p2a: Slowbro|spd|1\n|\n|-heal|p2a: Slowbro|28\/100|[from] item: Leftovers\n|upkeep\n|turn|14\n|l|+Hiusi guy %\u25d5\u203f\u203f\u25d5%\n|\n|t:|1698176253\n|move|p1a: Charizard|Flare Blitz|p2a: Slowbro\n|-damage|p2a: Slowbro|2\/100\n|move|p2a: Slowbro|Calm Mind|p2a: Slowbro\n|-boost|p2a: Slowbro|spa|1\n|-boost|p2a: Slowbro|spd|1\n|\n|-heal|p2a: Slowbro|8\/100|[from] item: Leftovers\n|upkeep\n|turn|15\n|\n|t:|1698176259\n|move|p1a: Charizard|Flare Blitz|p2a: Slowbro\n|-damage|p2a: Slowbro|0 fnt\n|faint|p2a: Slowbro\n|\n|upkeep\n|\n|t:|1698176268\n|switch|p2a: Morpeko|Morpeko, F|100\/100\n|-ability|p2a: Morpeko|Sword of Ruin\n|turn|16\n|\n|t:|1698176278\n|switch|p1a: Wigglytuff|Wigglytuff, F|69\/100\n|-damage|p1a: Wigglytuff|53\/100|[from] Spikes\n|move|p2a: Morpeko|Aura Wheel|p1a: Wigglytuff\n|-damage|p1a: Wigglytuff|0 fnt\n|-boost|p2a: Morpeko|spe|1\n|faint|p1a: Wigglytuff\n|\n|upkeep\n|\n|t:|1698176281\n|switch|p1a: Rabsca|Rabsca, M|100\/100\n|-damage|p1a: Rabsca|84\/100|[from] Spikes\n|turn|17\n|\n|t:|1698176291\n|move|p2a: Morpeko|Aura Wheel|p1a: Rabsca\n|-damage|p1a: Rabsca|0 fnt\n|-boost|p2a: Morpeko|spe|1\n|faint|p1a: Rabsca\n|\n|upkeep\n|j| Username32a?\n|\n|t:|1698176320\n|switch|p1a: Charizard|Charizard, M|100\/100\n|turn|18\n|\n|t:|1698176325\n|-terastallize|p1a: Charizard|Fire\n|move|p2a: Morpeko|Aura Wheel|p1a: Charizard\n|-damage|p1a: Charizard|0 fnt\n|-boost|p2a: Morpeko|spe|1\n|faint|p1a: Charizard\n|\n|upkeep\n|\n|t:|1698176327\n|switch|p1a: Poliwrath|Poliwrath, F|100\/100\n|-damage|p1a: Poliwrath|84\/100|[from] Spikes\n|turn|19\n|c|\u2606Bigrokof|so strooong\n|c|\u2606Itriedtodo|ggwp\n|c|\u2606Itriedtodo|ik\n|c|\u2606Bigrokof|gg\n|\n|t:|1698176339\n|move|p2a: Morpeko|Aura Wheel|p1a: Poliwrath\n|-supereffective|p1a: Poliwrath\n|-damage|p1a: Poliwrath|0 fnt\n|-boost|p2a: Morpeko|spe|1\n|faint|p1a: Poliwrath\n|\n|win|Itriedtodo\n|n|\u2606Bigrokof|bigrokof\n|n|\u2606Itriedtodo|itriedtodo\n|n| Ataki|ataki\n|n| Username32a?|username32a\n","uploadtime":1698176340,"views":11,"p1id":"bigrokof","p2id":"itriedtodo","formatid":"gen9anythinggoes","rating":0,"private":0,"password":""}