{"id":"gen9anythinggoes-1992447186","p1":"DavyCricket","p2":"figggy7","format":"[Gen 9] Anything Goes","log":"|j|\u2606DavyCricket\n|j|\u2606figggy7\n|t:|1700188690\n|gametype|singles\n|player|p1|DavyCricket|101|1143\n|player|p2|figggy7|wattson|1182\n|teamsize|p1|6\n|teamsize|p2|6\n|gen|9\n|tier|[Gen 9] Anything Goes\n|rated|\n|rule|HP Percentage Mod: HP is shown in percentages\n|rule|Endless Battle Clause: Forcing endless battles is banned\n|clearpoke\n|poke|p1|Oinkologne, M|\n|poke|p1|Blissey, F|\n|poke|p1|Staraptor, M|\n|poke|p1|Pyroar, M|\n|poke|p1|Cyclizar, M|\n|poke|p1|Zoroark-Hisui, M|\n|poke|p2|Annihilape, F|\n|poke|p2|Ting-Lu|\n|poke|p2|Ninetales-Alola, F|\n|poke|p2|Electrode-Hisui|\n|poke|p2|Alomomola, F|\n|poke|p2|Iron Moth|\n|teampreview\n|\n|t:|1700188702\n|start\n|switch|p1a: Ace|Staraptor, M|100\/100\n|switch|p2a: Ninetales|Ninetales-Alola, F, shiny|100\/100\n|-weather|Snow|[from] ability: Snow Warning|[of] p2a: Ninetales\n|turn|1\n|\n|t:|1700188772\n|move|p2a: Ninetales|Freeze-Dry|p1a: Ace\n|-supereffective|p1a: Ace\n|-damage|p1a: Ace|38\/100\n|move|p1a: Ace|Aerial Ace|p2a: Ninetales\n|-damage|p2a: Ninetales|75\/100\n|\n|-weather|Snow|[upkeep]\n|upkeep\n|turn|2\n|\n|t:|1700188784\n|switch|p1a: Simba|Pyroar, M|100\/100\n|move|p2a: Ninetales|Aurora Veil|p2a: Ninetales\n|-sidestart|p2: figggy7|move: Aurora Veil\n|\n|-weather|Snow|[upkeep]\n|upkeep\n|turn|3\n|\n|t:|1700188803\n|switch|p2a: Alomomola|Alomomola, F|100\/100\n|move|p1a: Simba|Noble Roar|p2a: Alomomola\n|-unboost|p2a: Alomomola|atk|1\n|-unboost|p2a: Alomomola|spa|1\n|\n|-weather|Snow|[upkeep]\n|upkeep\n|turn|4\n|c|\u2606figggy7|my dogs name is simba\n|c|\u2606figggy7|:D\n|c|\u2606DavyCricket|how lovely\n|\n|t:|1700188823\n|switch|p1a: Harmony|Blissey, F|100\/100\n|move|p2a: Alomomola|Flip Turn|p1a: Harmony\n|-damage|p1a: Harmony|77\/100\n|\n|t:|1700188832\n|switch|p2a: Annihilape|Annihilape, F|100\/100|[from] Flip Turn\n|\n|-weather|Snow|[upkeep]\n|-heal|p1a: Harmony|84\/100|[from] item: Leftovers\n|upkeep\n|turn|5\n|\n|t:|1700188840\n|switch|p1a: Yoshi|Cyclizar, M|100\/100\n|move|p2a: Annihilape|Bulk Up|p2a: Annihilape\n|-boost|p2a: Annihilape|atk|1\n|-boost|p2a: Annihilape|def|1\n|\n|-weather|none\n|upkeep\n|turn|6\n|\n|t:|1700188852\n|move|p1a: Yoshi|Hyper Voice|p2a: Annihilape\n|-immune|p2a: Annihilape\n|move|p2a: Annihilape|Taunt|p1a: Yoshi\n|-start|p1a: Yoshi|move: Taunt\n|\n|upkeep\n|turn|7\n|\n|t:|1700188859\n|move|p1a: Yoshi|Hyper Voice|p2a: Annihilape\n|-immune|p2a: Annihilape\n|move|p2a: Annihilape|Bulk Up|p2a: Annihilape\n|-boost|p2a: Annihilape|atk|1\n|-boost|p2a: Annihilape|def|1\n|\n|upkeep\n|turn|8\n|inactive|Battle timer is ON: inactive players will automatically lose when time's up. (requested by figggy7)\n|\n|t:|1700188866\n|move|p1a: Yoshi|Hyper Voice|p2a: Annihilape\n|-immune|p2a: Annihilape\n|move|p2a: Annihilape|Bulk Up|p2a: Annihilape\n|-boost|p2a: Annihilape|atk|1\n|-boost|p2a: Annihilape|def|1\n|\n|upkeep\n|turn|9\n|inactive|figggy7 has 120 seconds left.\n|\n|t:|1700188899\n|move|p1a: Yoshi|Hyper Voice|p2a: Annihilape\n|-immune|p2a: Annihilape\n|move|p2a: Annihilape|Drain Punch|p1a: Yoshi\n|-immune|p1a: Yoshi\n|\n|-end|p1a: Yoshi|move: Taunt\n|-sideend|p2: figggy7|move: Aurora Veil\n|upkeep\n|turn|10\n|inactive|figggy7 has 120 seconds left.\n|c|\u2606DavyCricket|:)\n|inactive|figggy7 has 90 seconds left.\n|\n|t:|1700188964\n|switch|p2a: Iron Moth|Iron Moth|100\/100\n|-enditem|p2a: Iron Moth|Booster Energy\n|-activate|p2a: Iron Moth|ability: Quark Drive|[fromitem]\n|-start|p2a: Iron Moth|quarkdrivespa\n|move|p1a: Yoshi|Hyper Voice|p2a: Iron Moth\n|-damage|p2a: Iron Moth|56\/100\n|\n|upkeep\n|turn|11\n|\n|t:|1700188973\n|move|p2a: Iron Moth|Dazzling Gleam|p1a: Yoshi\n|-damage|p1a: Yoshi|24\/100\n|replace|p1a: Mephiles|Zoroark-Hisui, M\n|-end|p1a: Mephiles|Illusion\n|move|p1a: Mephiles|Hyper Voice|p2a: Iron Moth\n|-damage|p2a: Iron Moth|8\/100\n|\n|upkeep\n|turn|12\n|c|\u2606figggy7|ooo\n|c|\u2606DavyCricket|surprise\n|\n|t:|1700188989\n|move|p1a: Mephiles|Shadow Sneak|p2a: Iron Moth\n|-damage|p2a: Iron Moth|0 fnt\n|faint|p2a: Iron Moth\n|-end|p2a: Iron Moth|Quark Drive|[silent]\n|\n|upkeep\n|\n|t:|1700188999\n|switch|p2a: Electrode|Electrode-Hisui, shiny|100\/100\n|turn|13\n|\n|t:|1700189017\n|move|p1a: Mephiles|Shadow Sneak|p2a: Electrode\n|-damage|p2a: Electrode|75\/100\n|move|p2a: Electrode|Volt Switch|p1a: Mephiles\n|-damage|p1a: Mephiles|0 fnt\n|faint|p1a: Mephiles\n|-damage|p2a: Electrode|65\/100|[from] item: Life Orb\n|\n|t:|1700189023\n|switch|p2a: Ninetales|Ninetales-Alola, F, shiny|75\/100|[from] Volt Switch\n|-weather|Snow|[from] ability: Snow Warning|[of] p2a: Ninetales\n|\n|-weather|Snow|[upkeep]\n|upkeep\n|\n|t:|1700189029\n|switch|p1a: Yoshi|Cyclizar, M|100\/100\n|turn|14\n|\n|t:|1700189035\n|move|p1a: Yoshi|Shed Tail|p1a: Yoshi\n|-start|p1a: Yoshi|Substitute|[from] move: Shed Tail\n|-damage|p1a: Yoshi|50\/100\n|\n|t:|1700189038\n|switch|p1a: Simba|Pyroar, M|100\/100|[from] Shed Tail\n|move|p2a: Ninetales|Moonblast|p1a: Simba\n|-resisted|p1a: Simba\n|-end|p1a: Simba|Substitute\n|\n|-weather|Snow|[upkeep]\n|upkeep\n|turn|15\n|inactive|figggy7 has 90 seconds left.\n|c|\u2606DavyCricket|...\n|\n|t:|1700189050\n|switch|p2a: Alomomola|Alomomola, F|100\/100\n|switch|p1a: Yoshi|Cyclizar, M|83\/100\n|\n|-weather|Snow|[upkeep]\n|-heal|p1a: Yoshi|89\/100|[from] item: Leftovers\n|upkeep\n|turn|16\n|inactive|figggy7 has 90 seconds left.\n|\n|t:|1700189075\n|move|p1a: Yoshi|Breaking Swipe|p2a: Alomomola\n|-damage|p2a: Alomomola|86\/100\n|-unboost|p2a: Alomomola|atk|1\n|move|p2a: Alomomola|Flip Turn|p1a: Yoshi\n|-resisted|p1a: Yoshi\n|-damage|p1a: Yoshi|80\/100\n|\n|t:|1700189079\n|switch|p2a: Ninetales|Ninetales-Alola, F, shiny|75\/100|[from] Flip Turn\n|\n|-weather|Snow|[upkeep]\n|-heal|p1a: Yoshi|86\/100|[from] item: Leftovers\n|upkeep\n|turn|17\n|inactive|figggy7 has 90 seconds left.\n|\n|t:|1700189089\n|move|p1a: Yoshi|Rapid Spin|p2a: Ninetales\n|-damage|p2a: Ninetales|61\/100\n|-boost|p1a: Yoshi|spe|1\n|move|p2a: Ninetales|Aurora Veil|p2a: Ninetales\n|-sidestart|p2: figggy7|move: Aurora Veil\n|\n|-weather|none\n|-heal|p1a: Yoshi|92\/100|[from] item: Leftovers\n|upkeep\n|turn|18\n|\n|t:|1700189097\n|move|p1a: Yoshi|Shed Tail|p1a: Yoshi\n|-start|p1a: Yoshi|Substitute|[from] move: Shed Tail\n|-damage|p1a: Yoshi|42\/100\n|\n|t:|1700189100\n|switch|p1a: Harmony|Blissey, F|84\/100|[from] Shed Tail\n|move|p2a: Ninetales|Moonblast|p1a: Harmony\n|-activate|p1a: Harmony|move: Substitute|[damage]\n|\n|-heal|p1a: Harmony|90\/100|[from] item: Leftovers\n|upkeep\n|turn|19\n|\n|t:|1700189114\n|switch|p2a: Annihilape|Annihilape, F|100\/100\n|move|p1a: Harmony|Shadow Ball|p2a: Annihilape\n|-supereffective|p2a: Annihilape\n|-damage|p2a: Annihilape|86\/100\n|-unboost|p2a: Annihilape|spd|1\n|-ability|p2a: Annihilape|Defiant|boost\n|-boost|p2a: Annihilape|atk|2\n|\n|-heal|p2a: Annihilape|92\/100|[from] item: Leftovers\n|-heal|p1a: Harmony|96\/100|[from] item: Leftovers\n|upkeep\n|turn|20\n|\n|t:|1700189127\n|move|p2a: Annihilape|Taunt|p1a: Harmony\n|-start|p1a: Harmony|move: Taunt\n|move|p1a: Harmony|Shadow Ball|p2a: Annihilape\n|-supereffective|p2a: Annihilape\n|-damage|p2a: Annihilape|70\/100\n|-unboost|p2a: Annihilape|spd|1\n|-ability|p2a: Annihilape|Defiant|boost\n|-boost|p2a: Annihilape|atk|2\n|\n|-heal|p2a: Annihilape|76\/100|[from] item: Leftovers\n|-heal|p1a: Harmony|100\/100|[from] item: Leftovers\n|upkeep\n|turn|21\n|\n|t:|1700189138\n|move|p2a: Annihilape|Drain Punch|p1a: Harmony\n|-supereffective|p1a: Harmony\n|-end|p1a: Harmony|Substitute\n|-heal|p2a: Annihilape|78\/100|[from] drain|[of] p1a: Harmony\n|move|p1a: Harmony|Shadow Ball|p2a: Annihilape\n|-supereffective|p2a: Annihilape\n|-crit|p2a: Annihilape\n|-damage|p2a: Annihilape|0 fnt\n|faint|p2a: Annihilape\n|\n|upkeep\n|c|\u2606DavyCricket|omg\n|c|\u2606DavyCricket|let's go\n|c|\u2606figggy7|hax\n|c|\u2606figggy7|love it\n|c|\u2606DavyCricket|^\n|inactive|figggy7 has 90 seconds left.\n|\n|t:|1700189182\n|switch|p2a: Ting-Lu|Ting-Lu|100\/100\n|-ability|p2a: Ting-Lu|Vessel of Ruin\n|turn|22\n|\n|t:|1700189186\n|move|p1a: Harmony|Body Slam|p2a: Ting-Lu\n|-damage|p2a: Ting-Lu|99\/100\n|-status|p2a: Ting-Lu|par\n|move|p2a: Ting-Lu|Spikes|p1a: Harmony\n|-sidestart|p1: DavyCricket|Spikes\n|\n|-heal|p2a: Ting-Lu|100\/100 par|[from] item: Leftovers\n|-end|p1a: Harmony|move: Taunt\n|upkeep\n|turn|23\n|\n|t:|1700189196\n|switch|p1a: Yoshi|Cyclizar, M|75\/100\n|-damage|p1a: Yoshi|63\/100|[from] Spikes\n|move|p2a: Ting-Lu|Spikes|p1a: Yoshi\n|-sidestart|p1: DavyCricket|Spikes\n|\n|-heal|p1a: Yoshi|69\/100|[from] item: Leftovers\n|upkeep\n|turn|24\n|\n|t:|1700189217\n|switch|p2a: Electrode|Electrode-Hisui, shiny|65\/100\n|move|p1a: Yoshi|Rapid Spin|p2a: Electrode\n|-damage|p2a: Electrode|52\/100\n|-boost|p1a: Yoshi|spe|1\n|-status|p1a: Yoshi|par|[from] ability: Static|[of] p2a: Electrode\n|-sideend|p1: DavyCricket|Spikes|[from] move: Rapid Spin|[of] p1a: Yoshi\n|\n|-heal|p1a: Yoshi|75\/100 par|[from] item: Leftovers\n|-sideend|p2: figggy7|move: Aurora Veil\n|upkeep\n|turn|25\n|c|\u2606DavyCricket|BRUH\n|inactive|figggy7 has 90 seconds left.\n|c|\u2606DavyCricket|damn that was the complete opposite of what I wanted\n|inactive|DavyCricket has 120 seconds left.\n|c|\u2606DavyCricket|;(\n|\n|t:|1700189257\n|switch|p1a: Harmony|Blissey, F|100\/100\n|move|p2a: Electrode|Thunderbolt|p1a: Harmony\n|-damage|p1a: Harmony|87\/100\n|-damage|p2a: Electrode|42\/100|[from] item: Life Orb\n|\n|-heal|p1a: Harmony|93\/100|[from] item: Leftovers\n|upkeep\n|turn|26\n|\n|t:|1700189270\n|move|p2a: Electrode|Volt Switch|p1a: Harmony\n|-damage|p1a: Harmony|83\/100\n|-damage|p2a: Electrode|32\/100|[from] item: Life Orb\n|\n|t:|1700189277\n|switch|p2a: Ninetales|Ninetales-Alola, F, shiny|61\/100|[from] Volt Switch\n|-weather|Snow|[from] ability: Snow Warning|[of] p2a: Ninetales\n|move|p1a: Harmony|Heal Bell|p1a: Harmony\n|-activate|p1a: Harmony|move: Heal Bell\n|-curestatus|p1: Yoshi|par|[msg]\n|\n|-weather|Snow|[upkeep]\n|-heal|p1a: Harmony|89\/100|[from] item: Leftovers\n|upkeep\n|turn|27\n|inactive|DavyCricket has 120 seconds left.\n|inactive|figggy7 has 90 seconds left.\n|\n|t:|1700189288\n|move|p2a: Ninetales|Aurora Veil|p2a: Ninetales\n|-sidestart|p2: figggy7|move: Aurora Veil\n|move|p1a: Harmony|Body Slam|p2a: Ninetales\n|-damage|p2a: Ninetales|58\/100\n|-status|p2a: Ninetales|par\n|\n|-weather|Snow|[upkeep]\n|-heal|p1a: Harmony|95\/100|[from] item: Leftovers\n|upkeep\n|turn|28\n|inactive|DavyCricket has 120 seconds left.\n|inactive|figggy7 has 90 seconds left.\n|\n|t:|1700189298\n|switch|p2a: Alomomola|Alomomola, F|100\/100\n|move|p1a: Harmony|Shadow Ball|p2a: Alomomola\n|-damage|p2a: Alomomola|93\/100\n|-unboost|p2a: Alomomola|spd|1\n|\n|-weather|Snow|[upkeep]\n|-heal|p1a: Harmony|100\/100|[from] item: Leftovers\n|upkeep\n|turn|29\n|inactive|DavyCricket has 120 seconds left.\n|\n|t:|1700189313\n|move|p2a: Alomomola|Wish|p2a: Alomomola\n|move|p1a: Harmony|Shadow Ball|p2a: Alomomola\n|-damage|p2a: Alomomola|83\/100\n|-unboost|p2a: Alomomola|spd|1\n|\n|-weather|Snow|[upkeep]\n|upkeep\n|turn|30\n|\n|t:|1700189321\n|switch|p2a: Electrode|Electrode-Hisui, shiny|32\/100\n|move|p1a: Harmony|Body Slam|p2a: Electrode\n|-damage|p2a: Electrode|26\/100\n|\n|-weather|none\n|-heal|p2a: Electrode|100\/100|[from] move: Wish|[wisher] Alomomola\n|upkeep\n|turn|31\n|inactive|DavyCricket has 120 seconds left.\n|\n|t:|1700189342\n|switch|p1a: Wilbur|Oinkologne, M|100\/100\n|move|p2a: Electrode|Thunderbolt|p1a: Wilbur\n|-damage|p1a: Wilbur|57\/100\n|-damage|p2a: Electrode|91\/100|[from] item: Life Orb\n|\n|upkeep\n|turn|32\n|inactive|DavyCricket has 120 seconds left.\n|\n|t:|1700189349\n|move|p1a: Wilbur|Protect|p1a: Wilbur\n|-singleturn|p1a: Wilbur|Protect\n|move|p2a: Electrode|Thunderbolt|p1a: Wilbur\n|-activate|p1a: Wilbur|move: Protect\n|\n|upkeep\n|turn|33\n|\n|t:|1700189355\n|move|p2a: Electrode|Thunderbolt|p1a: Wilbur\n|-damage|p1a: Wilbur|12\/100\n|-damage|p2a: Electrode|81\/100|[from] item: Life Orb\n|move|p1a: Wilbur|Covet|p2a: Electrode\n|-damage|p2a: Electrode|59\/100\n|-item|p1a: Wilbur|Life Orb|[from] move: Covet|[of] p2a: Electrode\n|-damage|p1a: Wilbur|2\/100|[from] item: Life Orb\n|\n|upkeep\n|turn|34\n|inactive|figggy7 has 120 seconds left.\n|\n|t:|1700189367\n|move|p1a: Wilbur|Protect|p1a: Wilbur\n|-singleturn|p1a: Wilbur|Protect\n|move|p2a: Electrode|Thunderbolt|p1a: Wilbur\n|-activate|p1a: Wilbur|move: Protect\n|\n|-sideend|p2: figggy7|move: Aurora Veil\n|upkeep\n|turn|35\n|inactive|figggy7 has 120 seconds left.\n|\n|t:|1700189378\n|switch|p2a: Ninetales|Ninetales-Alola, F, shiny|58\/100 par\n|-weather|Snow|[from] ability: Snow Warning|[of] p2a: Ninetales\n|switch|p1a: Harmony|Blissey, F|100\/100\n|\n|-weather|Snow|[upkeep]\n|upkeep\n|turn|36\n|\n|t:|1700189386\n|move|p2a: Ninetales|Aurora Veil|p2a: Ninetales\n|-sidestart|p2: figggy7|move: Aurora Veil\n|move|p1a: Harmony|Shadow Ball|p2a: Ninetales\n|-damage|p2a: Ninetales|50\/100 par\n|-unboost|p2a: Ninetales|spd|1\n|\n|-weather|Snow|[upkeep]\n|upkeep\n|turn|37\n|inactive|figggy7 has 120 seconds left.\n|\n|t:|1700189408\n|cant|p2a: Ninetales|par\n|move|p1a: Harmony|Shadow Ball|p2a: Ninetales\n|-damage|p2a: Ninetales|39\/100 par\n|\n|-weather|Snow|[upkeep]\n|upkeep\n|turn|38\n|\n|t:|1700189414\n|move|p2a: Ninetales|Moonblast|p1a: Harmony\n|-damage|p1a: Harmony|92\/100\n|move|p1a: Harmony|Shadow Ball|p2a: Ninetales\n|-damage|p2a: Ninetales|27\/100 par\n|\n|-weather|Snow|[upkeep]\n|-heal|p1a: Harmony|98\/100|[from] item: Leftovers\n|upkeep\n|turn|39\n|\n|t:|1700189422\n|switch|p2a: Ting-Lu|Ting-Lu|100\/100 par\n|-ability|p2a: Ting-Lu|Vessel of Ruin\n|move|p1a: Harmony|Shadow Ball|p2a: Ting-Lu\n|-resisted|p2a: Ting-Lu\n|-damage|p2a: Ting-Lu|99\/100 par\n|\n|-weather|none\n|-heal|p1a: Harmony|100\/100|[from] item: Leftovers\n|-heal|p2a: Ting-Lu|100\/100 par|[from] item: Leftovers\n|upkeep\n|turn|40\n|inactive|figggy7 has 120 seconds left.\n|\n|t:|1700189450\n|switch|p1a: Yoshi|Cyclizar, M|100\/100\n|move|p2a: Ting-Lu|Spikes|p1a: Yoshi\n|-sidestart|p1: DavyCricket|Spikes\n|\n|upkeep\n|turn|41\n|\n|t:|1700189458\n|move|p1a: Yoshi|Rapid Spin|p2a: Ting-Lu\n|-damage|p2a: Ting-Lu|95\/100 par\n|-boost|p1a: Yoshi|spe|1\n|-sideend|p1: DavyCricket|Spikes|[from] move: Rapid Spin|[of] p1a: Yoshi\n|cant|p2a: Ting-Lu|par\n|\n|-heal|p2a: Ting-Lu|100\/100 par|[from] item: Leftovers\n|upkeep\n|turn|42\n|\n|t:|1700189465\n|move|p1a: Yoshi|Breaking Swipe|p2a: Ting-Lu\n|-damage|p2a: Ting-Lu|95\/100 par\n|-unboost|p2a: Ting-Lu|atk|1\n|move|p2a: Ting-Lu|Whirlwind|p1a: Yoshi\n|drag|p1a: Simba|Pyroar, M|100\/100\n|\n|-heal|p2a: Ting-Lu|100\/100 par|[from] item: Leftovers\n|upkeep\n|turn|43\n|inactive|figggy7 has 120 seconds left.\n|\n|t:|1700189500\n|move|p1a: Simba|Noble Roar|p2a: Ting-Lu\n|-unboost|p2a: Ting-Lu|atk|1\n|-unboost|p2a: Ting-Lu|spa|1\n|move|p2a: Ting-Lu|Earthquake|p1a: Simba\n|-supereffective|p1a: Simba\n|-damage|p1a: Simba|47\/100\n|\n|-sideend|p2: figggy7|move: Aurora Veil\n|upkeep\n|turn|44\n|c|\u2606DavyCricket|lucky 40 lol\n|\n|t:|1700189509\n|switch|p1a: Ace|Staraptor, M|38\/100\n|move|p2a: Ting-Lu|Earthquake|p1a: Ace\n|-immune|p1a: Ace\n|\n|upkeep\n|turn|45\n|inactive|figggy7 has 120 seconds left.\n|c|\u2606figggy7|the crit on my annihilape\n|c|\u2606figggy7|screwed the game\n|\n|t:|1700189523\n|move|p1a: Ace|Close Combat|p2a: Ting-Lu\n|-supereffective|p2a: Ting-Lu\n|-damage|p2a: Ting-Lu|57\/100 par\n|-unboost|p1a: Ace|def|1\n|-unboost|p1a: Ace|spd|1\n|move|p2a: Ting-Lu|Ruination|p1a: Ace\n|-damage|p1a: Ace|19\/100\n|\n|-heal|p2a: Ting-Lu|63\/100 par|[from] item: Leftovers\n|upkeep\n|turn|46\n|inactive|figggy7 has 120 seconds left.\n|c|\u2606DavyCricket|yeah that really put the odds in my favor fr\n|\n|t:|1700189537\n|switch|p2a: Electrode|Electrode-Hisui, shiny|59\/100\n|move|p1a: Ace|Brave Bird|p2a: Electrode\n|-damage|p2a: Electrode|0 fnt\n|-status|p1a: Ace|par|[from] ability: Static|[of] p2a: Electrode\n|faint|p2a: Electrode\n|-damage|p1a: Ace|2\/100 par|[from] Recoil\n|\n|upkeep\n|inactive|figggy7 has 120 seconds left.\n|c|\u2606figggy7|it was doing 21%\n|c|\u2606figggy7|and it did like 76\n|c|\u2606figggy7|f rom the crit\n|c|\u2606DavyCricket|yeah I did not expect that crit to one hit lmao\n|c|\u2606DavyCricket|it's like 200 SpA\n|c|\u2606DavyCricket|I know it had half def but still\n|inactive|figggy7 has 90 seconds left.\n|inactive|figggy7 has 60 seconds left.\n|\n|t:|1700189604\n|switch|p2a: Alomomola|Alomomola, F|100\/100\n|turn|47\n|\n|t:|1700189614\n|move|p2a: Alomomola|Scald|p1a: Ace\n|-damage|p1a: Ace|0 fnt\n|faint|p1a: Ace\n|\n|upkeep\n|c|\u2606DavyCricket|bye bye ace, you've done well\n|\n|t:|1700189618\n|switch|p1a: Yoshi|Cyclizar, M|100\/100\n|turn|48\n|\n|t:|1700189629\n|move|p1a: Yoshi|Draco Meteor|p2a: Alomomola\n|-damage|p2a: Alomomola|63\/100\n|-unboost|p1a: Yoshi|spa|2\n|move|p2a: Alomomola|Wish|p2a: Alomomola\n|\n|upkeep\n|turn|49\n|\n|t:|1700189635\n|switch|p2a: Ninetales|Ninetales-Alola, F, shiny|27\/100 par\n|-weather|Snow|[from] ability: Snow Warning|[of] p2a: Ninetales\n|move|p1a: Yoshi|Shed Tail|p1a: Yoshi\n|-start|p1a: Yoshi|Substitute|[from] move: Shed Tail\n|-damage|p1a: Yoshi|50\/100\n|\n|t:|1700189642\n|switch|p1a: Simba|Pyroar, M|47\/100|[from] Shed Tail\n|\n|-weather|Snow|[upkeep]\n|-heal|p2a: Ninetales|96\/100 par|[from] move: Wish|[wisher] Alomomola\n|upkeep\n|turn|50\n|inactive|figggy7 has 90 seconds left.\n|c|\u2606DavyCricket|stop right there criminal scum\n|\n|t:|1700189651\n|switch|p2a: Alomomola|Alomomola, F|96\/100\n|move|p1a: Simba|Fire Blast|p2a: Alomomola\n|-resisted|p2a: Alomomola\n|-damage|p2a: Alomomola|76\/100\n|\n|-weather|Snow|[upkeep]\n|upkeep\n|turn|51\n|\n|t:|1700189661\n|move|p1a: Simba|Hyper Voice|p2a: Alomomola\n|-damage|p2a: Alomomola|42\/100\n|move|p2a: Alomomola|Wish|p2a: Alomomola\n|\n|-weather|Snow|[upkeep]\n|upkeep\n|turn|52\n|\n|t:|1700189670\n|move|p1a: Simba|Noble Roar|p2a: Alomomola\n|-unboost|p2a: Alomomola|atk|1\n|-unboost|p2a: Alomomola|spa|1\n|move|p2a: Alomomola|Scald|p1a: Simba\n|-supereffective|p1a: Simba\n|-end|p1a: Simba|Substitute\n|\n|-weather|Snow|[upkeep]\n|-heal|p2a: Alomomola|92\/100|[from] move: Wish|[wisher] Alomomola\n|upkeep\n|turn|53\n|\n|t:|1700189684\n|switch|p1a: Yoshi|Cyclizar, M|83\/100\n|move|p2a: Alomomola|Wish|p2a: Alomomola\n|\n|-weather|none\n|-heal|p1a: Yoshi|89\/100|[from] item: Leftovers\n|upkeep\n|turn|54\n|\n|t:|1700189691\n|switch|p2a: Ninetales|Ninetales-Alola, F, shiny|96\/100 par\n|-weather|Snow|[from] ability: Snow Warning|[of] p2a: Ninetales\n|move|p1a: Yoshi|Rapid Spin|p2a: Ninetales\n|-damage|p2a: Ninetales|82\/100 par\n|-boost|p1a: Yoshi|spe|1\n|\n|-weather|Snow|[upkeep]\n|-heal|p2a: Ninetales|100\/100 par|[from] move: Wish|[wisher] Alomomola\n|-heal|p1a: Yoshi|96\/100|[from] item: Leftovers\n|upkeep\n|turn|55\n|\n|t:|1700189698\n|move|p1a: Yoshi|Shed Tail|p1a: Yoshi\n|-start|p1a: Yoshi|Substitute|[from] move: Shed Tail\n|-damage|p1a: Yoshi|45\/100\n|\n|t:|1700189700\n|switch|p1a: Simba|Pyroar, M|47\/100|[from] Shed Tail\n|move|p2a: Ninetales|Aurora Veil|p2a: Ninetales\n|-sidestart|p2: figggy7|move: Aurora Veil\n|\n|-weather|Snow|[upkeep]\n|upkeep\n|turn|56\n|\n|t:|1700189707\n|switch|p2a: Alomomola|Alomomola, F|100\/100\n|move|p1a: Simba|Noble Roar|p2a: Alomomola\n|-unboost|p2a: Alomomola|atk|1\n|-unboost|p2a: Alomomola|spa|1\n|\n|-weather|Snow|[upkeep]\n|upkeep\n|turn|57\n|\n|t:|1700189715\n|move|p1a: Simba|Noble Roar|p2a: Alomomola\n|-unboost|p2a: Alomomola|atk|1\n|-unboost|p2a: Alomomola|spa|1\n|move|p2a: Alomomola|Scald|p1a: Simba\n|-supereffective|p1a: Simba\n|-end|p1a: Simba|Substitute\n|\n|-weather|Snow|[upkeep]\n|upkeep\n|turn|58\n|c|\u2606DavyCricket|I need to catch me one of these\n|c|\u2606figggy7|who\n|c|\u2606figggy7|alo?\n|c|\u2606DavyCricket|up\n|c|\u2606DavyCricket|yup*\n|\n|t:|1700189734\n|switch|p1a: Harmony|Blissey, F|100\/100\n|move|p2a: Alomomola|Scald|p1a: Harmony\n|-damage|p1a: Harmony|98\/100\n|\n|-weather|none\n|-heal|p1a: Harmony|100\/100|[from] item: Leftovers\n|upkeep\n|turn|59\n|c|\u2606figggy7|i just had a draft today\n|c|\u2606figggy7|in a draft league\n|c|\u2606figggy7|took alo :D\n|c|\u2606DavyCricket|solid pick ngl\n|c|\u2606DavyCricket|everytime I see one I shudder\n|inactive|figggy7 has 120 seconds left.\n|\n|t:|1700189767\n|move|p2a: Alomomola|Wish|p2a: Alomomola\n|move|p1a: Harmony|Shadow Ball|p2a: Alomomola\n|-damage|p2a: Alomomola|93\/100\n|-unboost|p2a: Alomomola|spd|1\n|\n|upkeep\n|turn|60\n|c|\u2606DavyCricket|ingame or on showdown\n|\n|t:|1700189774\n|switch|p2a: Ting-Lu|Ting-Lu|63\/100 par\n|-ability|p2a: Ting-Lu|Vessel of Ruin\n|move|p1a: Harmony|Shadow Ball|p2a: Ting-Lu\n|-resisted|p2a: Ting-Lu\n|-damage|p2a: Ting-Lu|61\/100 par\n|\n|-heal|p2a: Ting-Lu|100\/100 par|[from] move: Wish|[wisher] Alomomola\n|upkeep\n|turn|61\n|c|\u2606DavyCricket|this trio is killer\n|inactive|DavyCricket has 120 seconds left.\n|c|\u2606figggy7|wait\n|c|\u2606figggy7|it kinda is loll\n|c|\u2606DavyCricket|all I can do is stall Lmoa\n|\n|t:|1700189817\n|switch|p1a: Yoshi|Cyclizar, M|78\/100\n|move|p2a: Ting-Lu|Spikes|p1a: Yoshi\n|-sidestart|p1: DavyCricket|Spikes\n|\n|-heal|p1a: Yoshi|84\/100|[from] item: Leftovers\n|upkeep\n|turn|62\n|c|\u2606figggy7|regenerator + wish\n|c|\u2606figggy7|veil\n|c|\u2606figggy7|and ting lu is tanky asl\n|inactive|figggy7 has 120 seconds left.\n|c|\u2606figggy7|i just had my draft today so im practicing\n|\n|t:|1700189847\n|move|p1a: Yoshi|Breaking Swipe|p2a: Ting-Lu\n|-damage|p2a: Ting-Lu|95\/100 par\n|-unboost|p2a: Ting-Lu|atk|1\n|move|p2a: Ting-Lu|Whirlwind|p1a: Yoshi\n|drag|p1a: Simba|Pyroar, M|47\/100\n|-damage|p1a: Simba|34\/100|[from] Spikes\n|\n|-heal|p2a: Ting-Lu|100\/100 par|[from] item: Leftovers\n|-sideend|p2: figggy7|move: Aurora Veil\n|upkeep\n|turn|63\n|\n|t:|1700189864\n|switch|p1a: Harmony|Blissey, F|100\/100\n|-damage|p1a: Harmony|88\/100|[from] Spikes\n|move|p2a: Ting-Lu|Spikes|p1a: Harmony\n|-sidestart|p1: DavyCricket|Spikes\n|\n|-heal|p1a: Harmony|94\/100|[from] item: Leftovers\n|upkeep\n|turn|64\n|\n|t:|1700189873\n|switch|p1a: Yoshi|Cyclizar, M|100\/100\n|-damage|p1a: Yoshi|84\/100|[from] Spikes\n|switch|p2a: Ninetales|Ninetales-Alola, F, shiny|100\/100 par\n|-weather|Snow|[from] ability: Snow Warning|[of] p2a: Ninetales\n|\n|-weather|Snow|[upkeep]\n|-heal|p1a: Yoshi|90\/100|[from] item: Leftovers\n|upkeep\n|turn|65\n|inactive|figggy7 has 120 seconds left.\n|\n|t:|1700189882\n|move|p1a: Yoshi|Draco Meteor|p2a: Ninetales\n|-immune|p2a: Ninetales\n|move|p2a: Ninetales|Moonblast|p1a: Yoshi\n|-supereffective|p1a: Yoshi\n|-damage|p1a: Yoshi|0 fnt\n|faint|p1a: Yoshi\n|\n|-weather|Snow|[upkeep]\n|upkeep\n|c|\u2606figggy7|YES\n|c|\u2606figggy7|YES\n|c|\u2606figggy7|YES\n|\n|t:|1700189890\n|switch|p1a: Harmony|Blissey, F|94\/100\n|-damage|p1a: Harmony|78\/100|[from] Spikes\n|turn|66\n|c|\u2606figggy7|YES\n|inactive|DavyCricket has 120 seconds left.\n|\n|t:|1700189899\n|move|p2a: Ninetales|Aurora Veil|p2a: Ninetales\n|-sidestart|p2: figggy7|move: Aurora Veil\n|move|p1a: Harmony|Shadow Ball|p2a: Ninetales\n|-damage|p2a: Ninetales|92\/100 par\n|-unboost|p2a: Ninetales|spd|1\n|\n|-weather|Snow|[upkeep]\n|-heal|p1a: Harmony|84\/100|[from] item: Leftovers\n|upkeep\n|turn|67\n|\n|t:|1700189908\n|switch|p2a: Ting-Lu|Ting-Lu|100\/100 par\n|-ability|p2a: Ting-Lu|Vessel of Ruin\n|move|p1a: Harmony|Shadow Ball|p2a: Ting-Lu\n|-resisted|p2a: Ting-Lu\n|-damage|p2a: Ting-Lu|99\/100 par\n|\n|-weather|Snow|[upkeep]\n|-heal|p1a: Harmony|90\/100|[from] item: Leftovers\n|-heal|p2a: Ting-Lu|100\/100 par|[from] item: Leftovers\n|upkeep\n|turn|68\n|c|\u2606figggy7|gg i think?\n|c|\u2606DavyCricket|bro pls win\n|inactive|DavyCricket has 120 seconds left.\n|c|\u2606figggy7|imma just keep whirlwinding\n|c|\u2606DavyCricket|this is getting us nowhere\n|\n|t:|1700189927\n|move|p1a: Harmony|Shadow Ball|p2a: Ting-Lu\n|-resisted|p2a: Ting-Lu\n|-damage|p2a: Ting-Lu|99\/100 par\n|move|p2a: Ting-Lu|Spikes|p1a: Harmony\n|-sidestart|p1: DavyCricket|Spikes\n|\n|-weather|none\n|-heal|p1a: Harmony|96\/100|[from] item: Leftovers\n|-heal|p2a: Ting-Lu|100\/100 par|[from] item: Leftovers\n|upkeep\n|turn|69\n|c|\u2606figggy7|HAHA\n|c|\u2606figggy7|i dont have dmg\n|c|\u2606figggy7|all def EVs\n|inactive|DavyCricket has 120 seconds left.\n|c|\u2606DavyCricket|;(\n|c|\u2606DavyCricket|this is our fate\n|\n|t:|1700189944\n|switch|p1a: Simba|Pyroar, M|34\/100\n|-damage|p1a: Simba|9\/100|[from] Spikes\n|move|p2a: Ting-Lu|Whirlwind|p1a: Simba\n|drag|p1a: Wilbur|Oinkologne, M|2\/100\n|-damage|p1a: Wilbur|0 fnt|[from] Spikes\n|faint|p1a: Wilbur\n|\n|upkeep\n|inactive|DavyCricket has 120 seconds left.\n|\n|t:|1700189952\n|switch|p1a: Harmony|Blissey, F|96\/100\n|-damage|p1a: Harmony|71\/100|[from] Spikes\n|turn|70\n|inactive|figggy7 has 120 seconds left.\n|c|\u2606DavyCricket|ngl if I didn't throw with draco we'd be stuck in a loop until someone inevitably ran out of pp\n|c|\u2606DavyCricket|better this way\n|\n|t:|1700190007\n|switch|p1a: Simba|Pyroar, M|9\/100\n|-damage|p1a: Simba|0 fnt|[from] Spikes\n|faint|p1a: Simba\n|cant|p2a: Ting-Lu|par\n|\n|upkeep\n|\n|t:|1700190013\n|switch|p1a: Harmony|Blissey, F|71\/100\n|-damage|p1a: Harmony|46\/100|[from] Spikes\n|turn|71\n|inactive|figggy7 has 90 seconds left.\n|c|\u2606DavyCricket|I fought a full ghost team a little while ago, did pretty good\n|inactive|figggy7 has 60 seconds left.\n|\n|t:|1700190078\n|move|p1a: Harmony|Soft-Boiled|p1a: Harmony\n|-heal|p1a: Harmony|96\/100\n|move|p2a: Ting-Lu|Earthquake|p1a: Harmony\n|-damage|p1a: Harmony|27\/100\n|\n|-heal|p1a: Harmony|33\/100|[from] item: Leftovers\n|upkeep\n|turn|72\n|c|\u2606DavyCricket|xd lol\n|c|\u2606DavyCricket|gg\n|\n|t:|1700190091\n|move|p1a: Harmony|Soft-Boiled|p1a: Harmony\n|-heal|p1a: Harmony|83\/100\n|cant|p2a: Ting-Lu|par\n|\n|-heal|p1a: Harmony|90\/100|[from] item: Leftovers\n|upkeep\n|turn|73\n|c|\u2606figggy7|woah\n|inactive|figggy7 has 60 seconds left.\n|\n|t:|1700190103\n|move|p1a: Harmony|Shadow Ball|p2a: Ting-Lu\n|-resisted|p2a: Ting-Lu\n|-damage|p2a: Ting-Lu|99\/100 par\n|move|p2a: Ting-Lu|Earthquake|p1a: Harmony\n|-damage|p1a: Harmony|17\/100\n|\n|-heal|p1a: Harmony|23\/100|[from] item: Leftovers\n|-heal|p2a: Ting-Lu|100\/100 par|[from] item: Leftovers\n|-sideend|p2: figggy7|move: Aurora Veil\n|upkeep\n|turn|74\n|inactive|figggy7 has 60 seconds left.\n|\n|t:|1700190113\n|move|p1a: Harmony|Body Slam|p2a: Ting-Lu\n|-damage|p2a: Ting-Lu|97\/100 par\n|move|p2a: Ting-Lu|Ruination|p1a: Harmony\n|-damage|p1a: Harmony|12\/100\n|\n|-heal|p1a: Harmony|18\/100|[from] item: Leftovers\n|-heal|p2a: Ting-Lu|100\/100 par|[from] item: Leftovers\n|upkeep\n|turn|75\n|\n|t:|1700190123\n|move|p1a: Harmony|Heal Bell||[still]\n|-activate|p1a: Harmony|move: Heal Bell\n|-fail|p1a: Harmony\n|cant|p2a: Ting-Lu|par\n|\n|-heal|p1a: Harmony|24\/100|[from] item: Leftovers\n|upkeep\n|turn|76\n|c|\u2606DavyCricket|e\n|\n|t:|1700190131\n|move|p1a: Harmony|Soft-Boiled|p1a: Harmony\n|-heal|p1a: Harmony|74\/100\n|move|p2a: Ting-Lu|Earthquake|p1a: Harmony\n|-damage|p1a: Harmony|5\/100\n|\n|-heal|p1a: Harmony|11\/100|[from] item: Leftovers\n|upkeep\n|turn|77\n|c|\u2606figggy7|eq\n|\n|t:|1700190138\n|move|p1a: Harmony|Body Slam|p2a: Ting-Lu\n|-damage|p2a: Ting-Lu|97\/100 par\n|move|p2a: Ting-Lu|Earthquake|p1a: Harmony\n|-damage|p1a: Harmony|0 fnt\n|faint|p1a: Harmony\n|\n|win|figggy7\n|raw|DavyCricket's rating: 1143 &rarr; <strong>1121<\/strong><br \/>(-22 for losing)\n|raw|figggy7's rating: 1182 &rarr; <strong>1204<\/strong><br \/>(+22 for winning)\n|c|\u2606DavyCricket|at last\n|c|\u2606figggy7|gg bro!\n|c|\u2606DavyCricket|gg lol\n","uploadtime":1700190149,"views":4,"p1id":"davycricket","p2id":"figggy7","formatid":"gen9anythinggoes","rating":1121,"private":0,"password":""}