{"id":"gen9anythinggoes-1999083061","p1":"Lildkenergy","p2":"Slender235","format":"[Gen 9] Anything Goes","log":"|j|\u2606Lildkenergy\n|j|\u2606Slender235\n|t:|1701031332\n|gametype|singles\n|player|p1|Lildkenergy|medium|1570\n|player|p2|Slender235|ingo|1507\n|teamsize|p1|6\n|teamsize|p2|6\n|gen|9\n|tier|[Gen 9] Anything Goes\n|rated|\n|rule|HP Percentage Mod: HP is shown in percentages\n|rule|Endless Battle Clause: Forcing endless battles is banned\n|clearpoke\n|poke|p1|Miraidon|\n|poke|p1|Koraidon|\n|poke|p1|Zacian-*|\n|poke|p1|Calyrex-Shadow|\n|poke|p1|Giratina-Origin|\n|poke|p1|Arceus|\n|poke|p2|Koraidon|\n|poke|p2|Chi-Yu|\n|poke|p2|Chi-Yu|\n|poke|p2|Calyrex-Shadow|\n|poke|p2|Dialga|\n|poke|p2|Sandy Shocks|\n|teampreview\n|\n|t:|1701031365\n|start\n|switch|p1a: Koraidon|Koraidon|100\/100\n|switch|p2a: Koraidon|Koraidon|100\/100\n|-weather|SunnyDay|[from] ability: Orichalcum Pulse|[of] p2a: Koraidon\n|-activate|p2a: Koraidon|Orichalcum Pulse|[source]\n|-activate|p1a: Koraidon|ability: Orichalcum Pulse\n|turn|1\n|\n|t:|1701031379\n|switch|p2a: Dialga|Dialga|100\/100\n|-ability|p2a: Dialga|Pressure\n|-terastallize|p1a: Koraidon|Fairy\n|move|p1a: Koraidon|Swords Dance|p1a: Koraidon\n|-boost|p1a: Koraidon|atk|2\n|\n|-weather|SunnyDay|[upkeep]\n|upkeep\n|turn|2\n|\n|t:|1701031391\n|-terastallize|p2a: Dialga|Fairy\n|move|p1a: Koraidon|Close Combat|p2a: Dialga\n|-resisted|p2a: Dialga\n|-damage|p2a: Dialga|54\/100\n|-unboost|p1a: Koraidon|def|1\n|-unboost|p1a: Koraidon|spd|1\n|move|p2a: Dialga|Flash Cannon|p1a: Koraidon\n|-supereffective|p1a: Koraidon\n|-damage|p1a: Koraidon|0 fnt\n|faint|p1a: Koraidon\n|\n|-weather|SunnyDay|[upkeep]\n|upkeep\n|\n|t:|1701031405\n|switch|p1a: Zacian|Zacian-Crowned|100\/100\n|-ability|p1a: Zacian|Intrepid Sword|boost\n|-boost|p1a: Zacian|atk|1\n|turn|3\n|\n|t:|1701031411\n|move|p1a: Zacian|Behemoth Blade|p2a: Dialga\n|-supereffective|p2a: Dialga\n|-damage|p2a: Dialga|0 fnt\n|faint|p2a: Dialga\n|\n|-weather|SunnyDay|[upkeep]\n|upkeep\n|\n|t:|1701031419\n|switch|p2a: friendly chi yu|Chi-Yu|100\/100\n|-ability|p2a: friendly chi yu|Beads of Ruin\n|turn|4\n|\n|t:|1701031424\n|move|p2a: friendly chi yu|Flamethrower|p1a: Zacian\n|-supereffective|p1a: Zacian\n|-damage|p1a: Zacian|0 fnt\n|faint|p1a: Zacian\n|\n|-weather|SunnyDay|[upkeep]\n|upkeep\n|\n|t:|1701031444\n|switch|p1a: Arceus|Arceus|100\/100\n|turn|5\n|\n|t:|1701031449\n|move|p2a: friendly chi yu|Flamethrower|p1a: Arceus\n|-damage|p1a: Arceus|29\/100\n|move|p1a: Arceus|Swords Dance|p1a: Arceus\n|-boost|p1a: Arceus|atk|2\n|\n|-weather|SunnyDay|[upkeep]\n|upkeep\n|turn|6\n|\n|t:|1701031462\n|move|p2a: friendly chi yu|Flamethrower|p1a: Arceus\n|-damage|p1a: Arceus|0 fnt\n|faint|p1a: Arceus\n|\n|-weather|SunnyDay|[upkeep]\n|upkeep\n|\n|t:|1701031471\n|switch|p1a: Miraidon|Miraidon|100\/100\n|-fieldstart|move: Electric Terrain|[from] ability: Hadron Engine|[of] p1a: Miraidon\n|turn|7\n|\n|t:|1701031488\n|switch|p2a: OHKO|Chi-Yu|100\/100\n|-ability|p2a: OHKO|Beads of Ruin\n|move|p1a: Miraidon|Volt Switch|p2a: OHKO\n|-damage|p2a: OHKO|20\/100\n|\n|t:|1701031496\n|switch|p1a: Giratina|Giratina-Origin|100\/100|[from] Volt Switch\n|\n|-weather|SunnyDay|[upkeep]\n|upkeep\n|turn|8\n|\n|t:|1701031502\n|move|p2a: OHKO|Dark Pulse|p1a: Giratina\n|-supereffective|p1a: Giratina\n|-damage|p1a: Giratina|0 fnt\n|faint|p1a: Giratina\n|\n|-weather|none\n|upkeep\n|\n|t:|1701031509\n|switch|p1a: Miraidon|Miraidon|100\/100\n|-activate|p1a: Miraidon|ability: Hadron Engine\n|turn|9\n|\n|t:|1701031513\n|move|p1a: Miraidon|Dragon Pulse|p2a: OHKO\n|-damage|p2a: OHKO|0 fnt\n|faint|p2a: OHKO\n|\n|upkeep\n|\n|t:|1701031525\n|switch|p2a: Calyrex|Calyrex-Shadow|100\/100\n|-ability|p2a: Calyrex|As One\n|-ability|p2a: Calyrex|Unnerve\n|turn|10\n|\n|t:|1701031531\n|move|p1a: Miraidon|Dragon Pulse|p2a: Calyrex\n|-damage|p2a: Calyrex|37\/100\n|move|p2a: Calyrex|Astral Barrage|p1a: Miraidon\n|-crit|p1a: Miraidon\n|-damage|p1a: Miraidon|0 fnt\n|faint|p1a: Miraidon\n|-ability|p2a: Calyrex|Grim Neigh|boost\n|-boost|p2a: Calyrex|spa|1\n|-damage|p2a: Calyrex|27\/100|[from] item: Life Orb\n|\n|upkeep\n|j| layysyr\n|\n|t:|1701031542\n|switch|p1a: Calyrex|Calyrex-Shadow|100\/100\n|-ability|p1a: Calyrex|As One\n|-ability|p1a: Calyrex|Unnerve\n|turn|11\n|\n|t:|1701031549\n|move|p2a: Calyrex|Astral Barrage|p1a: Calyrex\n|-supereffective|p1a: Calyrex\n|-crit|p1a: Calyrex\n|-enditem|p1a: Calyrex|Focus Sash\n|-damage|p1a: Calyrex|1\/100\n|-damage|p2a: Calyrex|17\/100|[from] item: Life Orb\n|move|p1a: Calyrex|Agility|p1a: Calyrex\n|-boost|p1a: Calyrex|spe|2\n|\n|-fieldend|move: Electric Terrain\n|upkeep\n|turn|12\n|\n|t:|1701031562\n|move|p1a: Calyrex|Astral Barrage|p2a: Calyrex\n|-supereffective|p2a: Calyrex\n|-damage|p2a: Calyrex|0 fnt\n|faint|p2a: Calyrex\n|-ability|p1a: Calyrex|Grim Neigh|boost\n|-boost|p1a: Calyrex|spa|1\n|\n|upkeep\n|\n|t:|1701031570\n|switch|p2a: Sandy Shocks|Sandy Shocks|100\/100\n|turn|13\n|\n|t:|1701031576\n|move|p1a: Calyrex|Astral Barrage|p2a: Sandy Shocks\n|-enditem|p2a: Sandy Shocks|Focus Sash\n|-damage|p2a: Sandy Shocks|1\/100\n|move|p2a: Sandy Shocks|Volt Switch|p1a: Calyrex\n|-damage|p1a: Calyrex|0 fnt\n|faint|p1a: Calyrex\n|\n|win|Slender235\n|raw|Lildkenergy's rating: 1570 &rarr; <strong>1546<\/strong><br \/>(-24 for losing)\n|raw|Slender235's rating: 1507 &rarr; <strong>1531<\/strong><br \/>(+24 for winning)\n|c|\u2606Slender235|Gg\n|l|\u2606Lildkenergy\n|l|layysyr\n","uploadtime":1701031592,"views":12,"p1id":"lildkenergy","p2id":"slender235","formatid":"gen9anythinggoes","rating":1531,"private":0,"password":""}