{"id":"gen9anythinggoes-1989104726","p1":"Zealo","p2":"K00lcarl","format":"[Gen 9] Anything Goes","log":"|j|\u2606Zealo\n|j|\u2606K00lcarl\n|t:|1699812687\n|gametype|singles\n|player|p1|Zealo|zirco-unite|1275\n|player|p2|K00lcarl|palmer|1252\n|teamsize|p1|6\n|teamsize|p2|6\n|gen|9\n|tier|[Gen 9] Anything Goes\n|rated|\n|rule|HP Percentage Mod: HP is shown in percentages\n|rule|Endless Battle Clause: Forcing endless battles is banned\n|clearpoke\n|poke|p1|Koraidon|\n|poke|p1|Ribombee, M|\n|poke|p1|Ditto|\n|poke|p1|Arceus|\n|poke|p1|Zacian-*|\n|poke|p1|Calyrex-Shadow|\n|poke|p2|Regieleki|\n|poke|p2|Regieleki|\n|poke|p2|Regieleki|\n|poke|p2|Regieleki|\n|poke|p2|Regieleki|\n|poke|p2|Regieleki|\n|teampreview\n|c|\u2606Zealo|wtf\n|c|\u2606Zealo|thats so bright\n|c|\u2606Zealo|my eyes\n|\n|t:|1699812706\n|start\n|switch|p1a: riber|Ribombee, M|100\/100\n|switch|p2a: Regieleki|Regieleki, shiny|100\/100\n|turn|1\n|\n|t:|1699812714\n|move|p2a: Regieleki|Thunder Cage|p1a: riber\n|-damage|p1a: riber|36\/100\n|-activate|p1a: riber|move: Thunder Cage|[of] p2a: Regieleki\n|move|p1a: riber|Sticky Web|p2a: Regieleki\n|-sidestart|p2: K00lcarl|move: Sticky Web\n|\n|-damage|p1a: riber|23\/100|[from] move: Thunder Cage|[partiallytrapped]\n|upkeep\n|turn|2\n|\n|t:|1699812718\n|move|p2a: Regieleki|Thunder Cage|p1a: riber\n|-crit|p1a: riber\n|-damage|p1a: riber|0 fnt\n|faint|p1a: riber\n|\n|upkeep\n|\n|t:|1699812724\n|switch|p1a: koder|Koraidon|100\/100\n|-weather|SunnyDay|[from] ability: Orichalcum Pulse|[of] p1a: koder\n|-activate|p1a: koder|Orichalcum Pulse|[source]\n|turn|3\n|\n|t:|1699812727\n|move|p2a: Regieleki|Thunder Cage|p1a: koder\n|-resisted|p1a: koder\n|-damage|p1a: koder|82\/100\n|-activate|p1a: koder|move: Thunder Cage|[of] p2a: Regieleki\n|move|p1a: koder|Scale Shot|p2a: Regieleki\n|-damage|p2a: Regieleki|65\/100\n|-damage|p2a: Regieleki|28\/100\n|-damage|p2a: Regieleki|0 fnt\n|faint|p2a: Regieleki\n|-hitcount|p2: Regieleki|3\n|-unboost|p1a: koder|def|1\n|-boost|p1a: koder|spe|1\n|\n|-weather|SunnyDay|[upkeep]\n|-end|p1a: koder|Thunder Cage|[partiallytrapped]|[silent]\n|upkeep\n|\n|t:|1699812732\n|switch|p2a: Regieleki|Regieleki, shiny|100\/100\n|-activate|p2a: Regieleki|move: Sticky Web\n|-unboost|p2a: Regieleki|spe|1\n|turn|4\n|\n|t:|1699812737\n|-terastallize|p1a: koder|Fighting\n|move|p1a: koder|Collision Course|p2a: Regieleki\n|-damage|p2a: Regieleki|0 fnt\n|faint|p2a: Regieleki\n|\n|-weather|SunnyDay|[upkeep]\n|upkeep\n|\n|t:|1699812741\n|switch|p2a: Regieleki|Regieleki, shiny|100\/100\n|-activate|p2a: Regieleki|move: Sticky Web\n|-unboost|p2a: Regieleki|spe|1\n|turn|5\n|\n|t:|1699812753\n|move|p1a: koder|Collision Course|p2a: Regieleki\n|-damage|p2a: Regieleki|0 fnt\n|faint|p2a: Regieleki\n|\n|-weather|SunnyDay|[upkeep]\n|upkeep\n|\n|t:|1699812757\n|switch|p2a: Regieleki|Regieleki, shiny|100\/100\n|-activate|p2a: Regieleki|move: Sticky Web\n|-unboost|p2a: Regieleki|spe|1\n|turn|6\n|\n|t:|1699812761\n|move|p2a: Regieleki|Extreme Speed|p1a: koder\n|-damage|p1a: koder|48\/100\n|move|p1a: koder|Collision Course|p2a: Regieleki\n|-damage|p2a: Regieleki|0 fnt\n|faint|p2a: Regieleki\n|\n|-weather|SunnyDay|[upkeep]\n|upkeep\n|\n|t:|1699812764\n|switch|p2a: Regieleki|Regieleki, shiny|100\/100\n|-activate|p2a: Regieleki|move: Sticky Web\n|-unboost|p2a: Regieleki|spe|1\n|turn|7\n|\n|t:|1699812770\n|move|p2a: Regieleki|Extreme Speed|p1a: koder\n|-damage|p1a: koder|18\/100\n|move|p1a: koder|Collision Course|p2a: Regieleki\n|-damage|p2a: Regieleki|0 fnt\n|faint|p2a: Regieleki\n|\n|-weather|none\n|upkeep\n|\n|t:|1699812773\n|switch|p2a: Regieleki|Regieleki, shiny|100\/100\n|-activate|p2a: Regieleki|move: Sticky Web\n|-unboost|p2a: Regieleki|spe|1\n|turn|8\n|\n|t:|1699812783\n|move|p2a: Regieleki|Extreme Speed|p1a: koder\n|-damage|p1a: koder|0 fnt\n|faint|p1a: koder\n|\n|upkeep\n|\n|t:|1699812785\n|switch|p1a: zish|Zacian-Crowned|100\/100\n|-ability|p1a: zish|Intrepid Sword|boost\n|-boost|p1a: zish|atk|1\n|turn|9\n|\n|t:|1699812789\n|move|p2a: Regieleki|Extreme Speed|p1a: zish\n|-resisted|p1a: zish\n|-damage|p1a: zish|89\/100\n|move|p1a: zish|Close Combat|p2a: Regieleki\n|-damage|p2a: Regieleki|0 fnt\n|-unboost|p1a: zish|def|1\n|-unboost|p1a: zish|spd|1\n|faint|p2a: Regieleki\n|\n|win|Zealo\n|raw|Zealo's rating: 1275 &rarr; <strong>1298<\/strong><br \/>(+23 for winning)\n|raw|K00lcarl's rating: 1252 &rarr; <strong>1229<\/strong><br \/>(-23 for losing)\n|l|\u2606K00lcarl\n|j| I'm some Guy1234\n|l|\u2606Zealo\n|c| I'm some Guy1234|LESGOOOO\n","uploadtime":1699812810,"views":3,"p1id":"zealo","p2id":"k00lcarl","formatid":"gen9anythinggoes","rating":1229,"private":0,"password":""}