{"id":"gen9anythinggoes-1977594325","p1":"Isaidht","p2":"Nasty N","format":"[Gen 9] Anything Goes","log":"|j|\u2606Isaidht\n|j|\u2606Nasty N\n|t:|1698430243\n|gametype|singles\n|player|p1|Isaidht|hilbert|1315\n|player|p2|Nasty N|n|1350\n|teamsize|p1|6\n|teamsize|p2|6\n|gen|9\n|tier|[Gen 9] Anything Goes\n|rated|\n|rule|HP Percentage Mod: HP is shown in percentages\n|rule|Endless Battle Clause: Forcing endless battles is banned\n|clearpoke\n|poke|p1|Samurott-Hisui, M|\n|poke|p1|Cyclizar, M|\n|poke|p1|Kingambit, M|\n|poke|p1|Ditto|\n|poke|p1|Mimikyu, M|\n|poke|p1|Arceus-Ground|\n|poke|p2|Pawmot, M|\n|poke|p2|Pawmot, M|\n|poke|p2|Pawmot, M|\n|poke|p2|Pawmot, M|\n|poke|p2|Basculegion, M|\n|poke|p2|Mandibuzz, F|\n|teampreview\n|inactive|Battle timer is ON: inactive players will automatically lose when time's up. (requested by Nasty N)\n|inactive|Isaidht also wants the timer to be on.\n|\n|t:|1698430251\n|start\n|switch|p1a: Cyclizar|Cyclizar, M|100\/100\n|switch|p2a: Basculegion|Basculegion, M, shiny|100\/100\n|turn|1\n|\n|t:|1698430255\n|move|p2a: Basculegion|Wave Crash|p1a: Cyclizar\n|-resisted|p1a: Cyclizar\n|-damage|p1a: Cyclizar|52\/100\n|-damage|p2a: Basculegion|86\/100|[from] Recoil\n|move|p1a: Cyclizar|Shed Tail|p1a: Cyclizar\n|-start|p1a: Cyclizar|Substitute|[from] move: Shed Tail\n|-damage|p1a: Cyclizar|2\/100\n|-enditem|p1a: Cyclizar|Sitrus Berry|[eat]\n|-heal|p1a: Cyclizar|27\/100|[from] item: Sitrus Berry\n|\n|t:|1698430266\n|switch|p1a: Samurott|Samurott-Hisui, M|100\/100|[from] Shed Tail\n|\n|upkeep\n|turn|2\n|\n|t:|1698430271\n|move|p2a: Basculegion|Wave Crash|p1a: Samurott\n|-resisted|p1a: Samurott\n|-end|p1a: Samurott|Substitute\n|-damage|p2a: Basculegion|79\/100|[from] Recoil|[of] p1a: Samurott\n|move|p1a: Samurott|Swords Dance|p1a: Samurott\n|-boost|p1a: Samurott|atk|2\n|\n|upkeep\n|turn|3\n|\n|t:|1698430286\n|move|p2a: Basculegion|Wave Crash|p1a: Samurott\n|-resisted|p1a: Samurott\n|-damage|p1a: Samurott|55\/100\n|-damage|p2a: Basculegion|66\/100|[from] Recoil\n|move|p1a: Samurott|Ceaseless Edge|p2a: Basculegion\n|-supereffective|p2a: Basculegion\n|-damage|p2a: Basculegion|0 fnt\n|-sidestart|p2: Nasty N|Spikes\n|faint|p2a: Basculegion\n|-damage|p1a: Samurott|45\/100|[from] item: Life Orb\n|\n|upkeep\n|\n|t:|1698430295\n|switch|p2a: Mandibuzz|Mandibuzz, F, shiny|100\/100\n|turn|4\n|\n|t:|1698430307\n|move|p1a: Samurott|Razor Shell|p2a: Mandibuzz\n|-damage|p2a: Mandibuzz|23\/100\n|-unboost|p2a: Mandibuzz|def|1\n|-damage|p1a: Samurott|35\/100|[from] item: Life Orb\n|move|p2a: Mandibuzz|Toxic|p1a: Samurott|[miss]\n|-miss|p2a: Mandibuzz|p1a: Samurott\n|\n|upkeep\n|turn|5\n|\n|t:|1698430316\n|move|p1a: Samurott|Razor Shell|p2a: Mandibuzz\n|-damage|p2a: Mandibuzz|0 fnt\n|faint|p2a: Mandibuzz\n|-damage|p1a: Samurott|25\/100|[from] item: Life Orb\n|\n|upkeep\n|\n|t:|1698430317\n|switch|p2a: Pawmot|Pawmot, M, shiny|100\/100\n|-damage|p2a: Pawmot|88\/100|[from] Spikes\n|turn|6\n|\n|t:|1698430325\n|move|p2a: Pawmot|Double Shock|p1a: Samurott\n|-supereffective|p1a: Samurott\n|-damage|p1a: Samurott|0 fnt\n|-start|p2a: Pawmot|typechange|???\/Fighting|[from] move: Double Shock\n|faint|p1a: Samurott\n|\n|upkeep\n|\n|t:|1698430328\n|switch|p1a: Arceus|Arceus-Ground|100\/100\n|turn|7\n|\n|t:|1698430341\n|move|p1a: Arceus|Calm Mind|p1a: Arceus\n|-boost|p1a: Arceus|spa|1\n|-boost|p1a: Arceus|spd|1\n|move|p2a: Pawmot|Revival Blessing|p2a: Pawmot\n|\n|t:|1698430345\n|-heal|p2: Basculegion|50\/100|[from] move: Revival Blessing\n|\n|upkeep\n|turn|8\n|\n|t:|1698430350\n|move|p1a: Arceus|Calm Mind|p1a: Arceus\n|-boost|p1a: Arceus|spa|1\n|-boost|p1a: Arceus|spd|1\n|move|p2a: Pawmot|Close Combat|p1a: Arceus\n|-damage|p1a: Arceus|53\/100\n|-unboost|p2a: Pawmot|def|1\n|-unboost|p2a: Pawmot|spd|1\n|\n|upkeep\n|turn|9\n|\n|t:|1698430361\n|move|p1a: Arceus|Recover|p1a: Arceus\n|-heal|p1a: Arceus|100\/100\n|move|p2a: Pawmot|Close Combat|p1a: Arceus\n|-damage|p1a: Arceus|59\/100\n|-unboost|p2a: Pawmot|def|1\n|-unboost|p2a: Pawmot|spd|1\n|\n|upkeep\n|turn|10\n|l|\u2606Nasty N\n|inactive|Nasty N disconnected and has a minute to reconnect!\n|player|p2|\n|inactive|Nasty N has 30 seconds to reconnect!\n|inactive|Nasty N has 20 seconds to reconnect!\n|inactive|Nasty N has 15 seconds to reconnect!\n|inactive|Nasty N has 10 seconds to reconnect!\n|inactive|Nasty N has 5 seconds to reconnect!\n|-message|Nasty N lost due to inactivity.\n|\n|win|Isaidht\n|raw|Isaidht's rating: 1315 &rarr; <strong>1337<\/strong><br \/>(+22 for winning)\n|raw|Nasty N's rating: 1350 &rarr; <strong>1328<\/strong><br \/>(-22 for losing)\n","uploadtime":1698430424,"views":7,"p1id":"isaidht","p2id":"nastyn","formatid":"gen9anythinggoes","rating":1328,"private":0,"password":""}