{"id":"gen9anythinggoes-1992563291","p1":"roofIsUsed","p2":"XyL_Royal","format":"[Gen 9] Anything Goes","log":"|j|\u2606roofIsUsed\n|j|\u2606XyL_Royal\n|t:|1700206416\n|gametype|singles\n|player|p1|roofIsUsed|bianca|1076\n|player|p2|XyL_Royal|n|1000\n|teamsize|p1|6\n|teamsize|p2|6\n|gen|9\n|tier|[Gen 9] Anything Goes\n|rated|\n|rule|HP Percentage Mod: HP is shown in percentages\n|rule|Endless Battle Clause: Forcing endless battles is banned\n|clearpoke\n|poke|p1|Houndstone, F|\n|poke|p1|Volcarona, M|\n|poke|p1|Dragapult, F|\n|poke|p1|Regieleki|\n|poke|p1|Dragonite, F|\n|poke|p1|Uxie|\n|poke|p2|Dunsparce, M|\n|poke|p2|Kleavor, M|\n|poke|p2|Chansey, F|\n|poke|p2|Clodsire, F|\n|poke|p2|Snom, M|\n|poke|p2|Tauros-Paldea-Combat, M|\n|teampreview\n|inactive|Battle timer is ON: inactive players will automatically lose when time's up. (requested by roofIsUsed)\n|\n|t:|1700206420\n|start\n|switch|p1a: flying unicorn|Uxie|100\/100\n|switch|p2a: Set Up Support|Kleavor, M, shiny|100\/100\n|turn|1\n|\n|t:|1700206428\n|-terastallize|p2a: Set Up Support|Rock\n|move|p1a: flying unicorn|Calm Mind|p1a: flying unicorn\n|-boost|p1a: flying unicorn|spa|1\n|-boost|p1a: flying unicorn|spd|1\n|move|p2a: Set Up Support|Stone Axe|p1a: flying unicorn\n|-damage|p1a: flying unicorn|43\/100\n|-sidestart|p1: roofIsUsed|move: Stealth Rock\n|\n|upkeep\n|turn|2\n|\n|t:|1700206437\n|move|p1a: flying unicorn|Stored Power|p2a: Set Up Support\n|-damage|p2a: Set Up Support|65\/100\n|move|p2a: Set Up Support|Stone Axe|p1a: flying unicorn\n|-damage|p1a: flying unicorn|0 fnt\n|faint|p1a: flying unicorn\n|\n|-heal|p2a: Set Up Support|71\/100|[from] item: Leftovers\n|upkeep\n|\n|t:|1700206445\n|switch|p1a: it\u2019s me hi|Dragonite, F|100\/100\n|-damage|p1a: it\u2019s me hi|76\/100|[from] Stealth Rock\n|turn|3\n|\n|t:|1700206449\n|move|p1a: it\u2019s me hi|Earthquake|p2a: Set Up Support\n|-supereffective|p2a: Set Up Support\n|-damage|p2a: Set Up Support|0 fnt\n|faint|p2a: Set Up Support\n|\n|upkeep\n|\n|t:|1700206459\n|switch|p2a: >:(88<-|Tauros-Paldea-Combat, M, shiny|100\/100\n|turn|4\n|\n|t:|1700206465\n|move|p2a: >:(88<-|Bulk Up|p2a: >:(88<-\n|-boost|p2a: >:(88<-|atk|1\n|-boost|p2a: >:(88<-|def|1\n|move|p1a: it\u2019s me hi|Draco Meteor|p2a: >:(88<-\n|-damage|p2a: >:(88<-|11\/100\n|-unboost|p1a: it\u2019s me hi|spa|2\n|-enditem|p2a: >:(88<-|Sitrus Berry|[eat]\n|-heal|p2a: >:(88<-|36\/100|[from] item: Sitrus Berry\n|\n|upkeep\n|turn|5\n|\n|t:|1700206484\n|move|p2a: >:(88<-|Outrage|p1a: it\u2019s me hi\n|-supereffective|p1a: it\u2019s me hi\n|-damage|p1a: it\u2019s me hi|0 fnt\n|faint|p1a: it\u2019s me hi\n|\n|-activate|p2a: >:(88<-|ability: Cud Chew\n|-enditem|p2a: >:(88<-|Sitrus Berry|[eat]\n|-heal|p2a: >:(88<-|61\/100|[from] item: Sitrus Berry\n|upkeep\n|\n|t:|1700206495\n|switch|p1a: Aeroplane|Regieleki|100\/100\n|-damage|p1a: Aeroplane|88\/100|[from] Stealth Rock\n|turn|6\n|\n|t:|1700206504\n|move|p1a: Aeroplane|Thunder|p2a: >:(88<-\n|-damage|p2a: >:(88<-|0 fnt\n|faint|p2a: >:(88<-\n|\n|upkeep\n|\n|t:|1700206508\n|switch|p2a: (:3)88o|Clodsire, F, shiny|100\/100\n|turn|7\n|\n|t:|1700206515\n|move|p1a: Aeroplane|Body Slam|p2a: (:3)88o\n|-damage|p2a: (:3)88o|85\/100\n|move|p2a: (:3)88o|Toxic|p1a: Aeroplane\n|-status|p1a: Aeroplane|tox\n|\n|-heal|p2a: (:3)88o|91\/100|[from] item: Black Sludge\n|-damage|p1a: Aeroplane|82\/100 tox|[from] psn\n|upkeep\n|turn|8\n|\n|t:|1700206524\n|switch|p1a: non-existent tail|Dragapult, F|100\/100\n|-damage|p1a: non-existent tail|88\/100|[from] Stealth Rock\n|move|p2a: (:3)88o|Spikes|p1a: non-existent tail\n|-sidestart|p1: roofIsUsed|Spikes\n|\n|-heal|p2a: (:3)88o|97\/100|[from] item: Black Sludge\n|upkeep\n|turn|9\n|\n|t:|1700206533\n|move|p1a: non-existent tail|Phantom Force||[still]\n|-prepare|p1a: non-existent tail|Phantom Force\n|move|p2a: (:3)88o|Toxic|p1a: non-existent tail\n|-status|p1a: non-existent tail|tox\n|\n|-heal|p2a: (:3)88o|100\/100|[from] item: Black Sludge\n|-damage|p1a: non-existent tail|82\/100 tox|[from] psn\n|upkeep\n|turn|10\n|\n|t:|1700206542\n|move|p1a: non-existent tail|Phantom Force|p2a: (:3)88o|[from]lockedmove\n|-damage|p2a: (:3)88o|62\/100\n|-damage|p1a: non-existent tail|72\/100 tox|[from] item: Life Orb\n|move|p2a: (:3)88o|Substitute|p2a: (:3)88o\n|-start|p2a: (:3)88o|Substitute\n|-damage|p2a: (:3)88o|37\/100\n|\n|-heal|p2a: (:3)88o|43\/100|[from] item: Black Sludge\n|-damage|p1a: non-existent tail|60\/100 tox|[from] psn\n|upkeep\n|turn|11\n|\n|t:|1700206551\n|move|p1a: non-existent tail|Psychic Fangs|p2a: (:3)88o\n|-supereffective|p2a: (:3)88o\n|-end|p2a: (:3)88o|Substitute\n|-damage|p1a: non-existent tail|50\/100 tox|[from] item: Life Orb\n|move|p2a: (:3)88o|Recover|p2a: (:3)88o\n|-heal|p2a: (:3)88o|93\/100\n|\n|-heal|p2a: (:3)88o|99\/100|[from] item: Black Sludge\n|-damage|p1a: non-existent tail|31\/100 tox|[from] psn\n|upkeep\n|turn|12\n|\n|t:|1700206560\n|move|p1a: non-existent tail|Psychic Fangs|p2a: (:3)88o\n|-supereffective|p2a: (:3)88o\n|-damage|p2a: (:3)88o|49\/100\n|-damage|p1a: non-existent tail|21\/100 tox|[from] item: Life Orb\n|move|p2a: (:3)88o|Substitute|p2a: (:3)88o\n|-start|p2a: (:3)88o|Substitute\n|-damage|p2a: (:3)88o|24\/100\n|\n|-heal|p2a: (:3)88o|30\/100|[from] item: Black Sludge\n|-damage|p1a: non-existent tail|0 fnt|[from] psn\n|faint|p1a: non-existent tail\n|upkeep\n|\n|t:|1700206570\n|switch|p1a: earthling (not)|Volcarona, M|100\/100\n|-damage|p1a: earthling (not)|50\/100|[from] Stealth Rock\n|-damage|p1a: earthling (not)|38\/100|[from] Spikes\n|turn|13\n|\n|t:|1700206581\n|move|p1a: earthling (not)|Overheat|p2a: (:3)88o\n|-end|p2a: (:3)88o|Substitute\n|-unboost|p1a: earthling (not)|spa|2\n|move|p2a: (:3)88o|Recover|p2a: (:3)88o\n|-heal|p2a: (:3)88o|80\/100\n|\n|-heal|p2a: (:3)88o|86\/100|[from] item: Black Sludge\n|upkeep\n|turn|14\n|\n|t:|1700206592\n|move|p1a: earthling (not)|Overheat|p2a: (:3)88o\n|-crit|p2a: (:3)88o\n|-damage|p2a: (:3)88o|20\/100\n|-unboost|p1a: earthling (not)|spa|2\n|move|p2a: (:3)88o|Toxic|p1a: earthling (not)\n|-status|p1a: earthling (not)|tox\n|\n|-heal|p2a: (:3)88o|26\/100|[from] item: Black Sludge\n|-damage|p1a: earthling (not)|32\/100 tox|[from] psn\n|upkeep\n|turn|15\n|\n|t:|1700206603\n|move|p1a: earthling (not)|Overheat|p2a: (:3)88o\n|-damage|p2a: (:3)88o|0 fnt\n|-unboost|p1a: earthling (not)|spa|2\n|faint|p2a: (:3)88o\n|\n|-damage|p1a: earthling (not)|20\/100 tox|[from] psn\n|upkeep\n|\n|t:|1700206611\n|switch|p2a: :3}}}|Snom, M|100\/100\n|turn|16\n|\n|t:|1700206614\n|move|p2a: :3}}}|Protect|p2a: :3}}}\n|-singleturn|p2a: :3}}}|Protect\n|move|p1a: earthling (not)|Overheat|p2a: :3}}}\n|-activate|p2a: :3}}}|move: Protect\n|\n|-damage|p1a: earthling (not)|1\/100 tox|[from] psn\n|upkeep\n|turn|17\n|\n|t:|1700206623\n|move|p1a: earthling (not)|Overheat|p2a: :3}}}\n|-supereffective|p2a: :3}}}\n|-damage|p2a: :3}}}|47\/100\n|move|p2a: :3}}}|Substitute|p2a: :3}}}\n|-start|p2a: :3}}}|Substitute\n|-damage|p2a: :3}}}|22\/100\n|\n|-damage|p1a: earthling (not)|0 fnt|[from] psn\n|faint|p1a: earthling (not)\n|upkeep\n|\n|t:|1700206631\n|switch|p1a: Aeroplane|Regieleki|82\/100 tox\n|-damage|p1a: Aeroplane|70\/100 tox|[from] Stealth Rock\n|-damage|p1a: Aeroplane|57\/100 tox|[from] Spikes\n|turn|18\n|\n|t:|1700206638\n|move|p1a: Aeroplane|Thunderbolt|p2a: :3}}}\n|-end|p2a: :3}}}|Substitute\n|move|p2a: :3}}}|Pounce|p1a: Aeroplane\n|-damage|p1a: Aeroplane|50\/100 tox\n|-unboost|p1a: Aeroplane|spe|1\n|\n|-damage|p1a: Aeroplane|44\/100 tox|[from] psn\n|upkeep\n|turn|19\n|\n|t:|1700206646\n|move|p1a: Aeroplane|Thunderbolt|p2a: :3}}}\n|-damage|p2a: :3}}}|0 fnt\n|faint|p2a: :3}}}\n|\n|-damage|p1a: Aeroplane|32\/100 tox|[from] psn\n|upkeep\n|\n|t:|1700206652\n|switch|p2a: Chisa's Nightmare|Dunsparce, M, shiny|100\/100\n|turn|20\n|\n|t:|1700206658\n|move|p1a: Aeroplane|Thunder|p2a: Chisa's Nightmare\n|-damage|p2a: Chisa's Nightmare|61\/100\n|-status|p2a: Chisa's Nightmare|par\n|move|p2a: Chisa's Nightmare|Coil|p2a: Chisa's Nightmare\n|-boost|p2a: Chisa's Nightmare|atk|1\n|-boost|p2a: Chisa's Nightmare|def|1\n|-boost|p2a: Chisa's Nightmare|accuracy|1\n|\n|-damage|p1a: Aeroplane|13\/100 tox|[from] psn\n|upkeep\n|turn|21\n|\n|t:|1700206668\n|move|p1a: Aeroplane|Explosion|p2a: Chisa's Nightmare\n|-damage|p2a: Chisa's Nightmare|33\/100 par\n|faint|p1a: Aeroplane\n|move|p2a: Chisa's Nightmare|Coil|p2a: Chisa's Nightmare\n|-boost|p2a: Chisa's Nightmare|atk|1\n|-boost|p2a: Chisa's Nightmare|def|1\n|-boost|p2a: Chisa's Nightmare|accuracy|1\n|\n|upkeep\n|\n|t:|1700206675\n|switch|p1a: Grim reaper|Houndstone, F|100\/100\n|-damage|p1a: Grim reaper|88\/100|[from] Stealth Rock\n|-damage|p1a: Grim reaper|76\/100|[from] Spikes\n|turn|22\n|\n|t:|1700206680\n|move|p1a: Grim reaper|Sandstorm|p1a: Grim reaper\n|-weather|Sandstorm\n|cant|p2a: Chisa's Nightmare|par\n|\n|-weather|Sandstorm|[upkeep]\n|-damage|p2a: Chisa's Nightmare|26\/100 par|[from] Sandstorm\n|upkeep\n|turn|23\n|\n|t:|1700206686\n|move|p1a: Grim reaper|Body Press|p2a: Chisa's Nightmare\n|-supereffective|p2a: Chisa's Nightmare\n|-damage|p2a: Chisa's Nightmare|12\/100 par\n|move|p2a: Chisa's Nightmare|Roost|p2a: Chisa's Nightmare\n|-heal|p2a: Chisa's Nightmare|62\/100 par\n|-singleturn|p2a: Chisa's Nightmare|move: Roost\n|\n|-weather|Sandstorm|[upkeep]\n|-damage|p2a: Chisa's Nightmare|55\/100 par|[from] Sandstorm\n|upkeep\n|turn|24\n|\n|t:|1700206694\n|move|p1a: Grim reaper|Body Press|p2a: Chisa's Nightmare\n|-supereffective|p2a: Chisa's Nightmare\n|-damage|p2a: Chisa's Nightmare|42\/100 par\n|move|p2a: Chisa's Nightmare|Coil|p2a: Chisa's Nightmare\n|-boost|p2a: Chisa's Nightmare|atk|1\n|-boost|p2a: Chisa's Nightmare|def|1\n|-boost|p2a: Chisa's Nightmare|accuracy|1\n|\n|-weather|Sandstorm|[upkeep]\n|-damage|p2a: Chisa's Nightmare|36\/100 par|[from] Sandstorm\n|upkeep\n|turn|25\n|\n|t:|1700206702\n|move|p1a: Grim reaper|Body Press|p2a: Chisa's Nightmare\n|-supereffective|p2a: Chisa's Nightmare\n|-damage|p2a: Chisa's Nightmare|25\/100 par\n|move|p2a: Chisa's Nightmare|Coil|p2a: Chisa's Nightmare\n|-boost|p2a: Chisa's Nightmare|atk|1\n|-boost|p2a: Chisa's Nightmare|def|1\n|-boost|p2a: Chisa's Nightmare|accuracy|1\n|\n|-weather|Sandstorm|[upkeep]\n|-damage|p2a: Chisa's Nightmare|19\/100 par|[from] Sandstorm\n|upkeep\n|turn|26\n|\n|t:|1700206711\n|move|p1a: Grim reaper|Body Press|p2a: Chisa's Nightmare\n|-supereffective|p2a: Chisa's Nightmare\n|-damage|p2a: Chisa's Nightmare|9\/100 par\n|move|p2a: Chisa's Nightmare|Roost|p2a: Chisa's Nightmare\n|-heal|p2a: Chisa's Nightmare|59\/100 par\n|-singleturn|p2a: Chisa's Nightmare|move: Roost\n|\n|-weather|none\n|upkeep\n|turn|27\n|\n|t:|1700206720\n|move|p1a: Grim reaper|Body Press|p2a: Chisa's Nightmare\n|-supereffective|p2a: Chisa's Nightmare\n|-damage|p2a: Chisa's Nightmare|50\/100 par\n|move|p2a: Chisa's Nightmare|Stored Power|p1a: Grim reaper\n|-damage|p1a: Grim reaper|19\/100\n|\n|upkeep\n|turn|28\n|\n|t:|1700206728\n|move|p1a: Grim reaper|Rest|p1a: Grim reaper\n|-status|p1a: Grim reaper|slp|[from] move: Rest\n|-heal|p1a: Grim reaper|100\/100 slp|[silent]\n|cant|p2a: Chisa's Nightmare|par\n|\n|upkeep\n|turn|29\n|\n|t:|1700206739\n|cant|p1a: Grim reaper|slp\n|move|p2a: Chisa's Nightmare|Coil|p2a: Chisa's Nightmare\n|-boost|p2a: Chisa's Nightmare|atk|1\n|-boost|p2a: Chisa's Nightmare|def|1\n|-boost|p2a: Chisa's Nightmare|accuracy|1\n|\n|upkeep\n|turn|30\n|\n|t:|1700206746\n|cant|p1a: Grim reaper|slp\n|move|p2a: Chisa's Nightmare|Coil|p2a: Chisa's Nightmare\n|-boost|p2a: Chisa's Nightmare|atk|1\n|-boost|p2a: Chisa's Nightmare|def|1\n|-boost|p2a: Chisa's Nightmare|accuracy|1\n|\n|upkeep\n|turn|31\n|\n|t:|1700206754\n|-curestatus|p1a: Grim reaper|slp|[msg]\n|move|p1a: Grim reaper|Body Press|p2a: Chisa's Nightmare\n|-supereffective|p2a: Chisa's Nightmare\n|-damage|p2a: Chisa's Nightmare|43\/100 par\n|move|p2a: Chisa's Nightmare|Roost|p2a: Chisa's Nightmare\n|-heal|p2a: Chisa's Nightmare|93\/100 par\n|-singleturn|p2a: Chisa's Nightmare|move: Roost\n|\n|upkeep\n|turn|32\n|\n|t:|1700206762\n|move|p1a: Grim reaper|Body Press|p2a: Chisa's Nightmare\n|-supereffective|p2a: Chisa's Nightmare\n|-crit|p2a: Chisa's Nightmare\n|-damage|p2a: Chisa's Nightmare|52\/100 par\n|move|p2a: Chisa's Nightmare|Stored Power|p1a: Grim reaper\n|-damage|p1a: Grim reaper|12\/100\n|\n|upkeep\n|turn|33\n|\n|t:|1700206769\n|move|p1a: Grim reaper|Body Press|p2a: Chisa's Nightmare\n|-supereffective|p2a: Chisa's Nightmare\n|-damage|p2a: Chisa's Nightmare|44\/100 par\n|cant|p2a: Chisa's Nightmare|par\n|\n|upkeep\n|turn|34\n|\n|t:|1700206775\n|move|p1a: Grim reaper|Rest|p1a: Grim reaper\n|-status|p1a: Grim reaper|slp|[from] move: Rest\n|-heal|p1a: Grim reaper|100\/100 slp|[silent]\n|move|p2a: Chisa's Nightmare|Roost|p2a: Chisa's Nightmare\n|-heal|p2a: Chisa's Nightmare|94\/100 par\n|-singleturn|p2a: Chisa's Nightmare|move: Roost\n|\n|upkeep\n|turn|35\n|\n|t:|1700206787\n|-terastallize|p1a: Grim reaper|Fairy\n|cant|p1a: Grim reaper|slp\n|move|p2a: Chisa's Nightmare|Stored Power|p1a: Grim reaper\n|-damage|p1a: Grim reaper|18\/100 slp\n|\n|upkeep\n|turn|36\n|\n|t:|1700206794\n|cant|p1a: Grim reaper|slp\n|move|p2a: Chisa's Nightmare|Body Slam|p1a: Grim reaper\n|-damage|p1a: Grim reaper|0 fnt\n|faint|p1a: Grim reaper\n|\n|win|XyL_Royal\n|raw|roofIsUsed's rating: 1076 &rarr; <strong>1050<\/strong><br \/>(-26 for losing)\n|raw|XyL_Royal's rating: 1000 &rarr; <strong>1049<\/strong><br \/>(+49 for winning)\n|l|\u2606roofIsUsed\n|c|\u2606XyL_Royal|ggs\n","uploadtime":1700206805,"views":34,"p1id":"roofisused","p2id":"xylroyal","formatid":"gen9anythinggoes","rating":1049,"private":0,"password":""}