{"id":"gen9anythinggoes-1991697400","p1":"LimeDrops","p2":"GeckoVish","format":"[Gen 9] Anything Goes","log":"|j|\u2606LimeDrops\n|j|\u2606GeckoVish\n|t:|1700103889\n|gametype|singles\n|player|p1|LimeDrops|maid|1052\n|player|p2|GeckoVish|101|1025\n|teamsize|p1|6\n|teamsize|p2|6\n|gen|9\n|tier|[Gen 9] Anything Goes\n|rated|\n|rule|HP Percentage Mod: HP is shown in percentages\n|rule|Endless Battle Clause: Forcing endless battles is banned\n|clearpoke\n|poke|p1|Umbreon, M|\n|poke|p1|Salazzle, F|\n|poke|p1|Espeon, M|\n|poke|p1|Mimikyu, F|\n|poke|p1|Gastrodon, F|\n|poke|p1|Leafeon, F|\n|poke|p2|Walking Wake|\n|poke|p2|Chien-Pao|\n|poke|p2|Skeledirge, F|\n|poke|p2|Iron Leaves|\n|poke|p2|Gastrodon, M|\n|poke|p2|Iron Hands|\n|teampreview\n|c|\u2606LimeDrops|glhf\n|c|\u2606GeckoVish|you too\n|c|\u2606GeckoVish|I like your team\n|\n|t:|1700103930\n|start\n|switch|p1a: Espeon|Espeon, M|100\/100\n|switch|p2a: Verizon Wireless|Iron Leaves|100\/100\n|turn|1\n|c|\u2606LimeDrops|thx\n|c|\u2606LimeDrops|i like ur gastrodon\n|c|\u2606GeckoVish|ty, I like yours too\n|\n|t:|1700103957\n|-end|p2a: Verizon Wireless|Quark Drive|[silent]\n|switch|p2a: Ice noodle|Chien-Pao|100\/100\n|-ability|p2a: Ice noodle|Sword of Ruin\n|move|p1a: Espeon|Future Sight|p2a: Ice noodle\n|-start|p1a: Espeon|move: Future Sight\n|\n|upkeep\n|turn|2\n|\n|t:|1700103981\n|switch|p1a: Umbreon|Umbreon, M|100\/100\n|move|p2a: Ice noodle|Dark Pulse|p1a: Umbreon\n|-resisted|p1a: Umbreon\n|-crit|p1a: Umbreon\n|-damage|p1a: Umbreon|90\/100\n|\n|-heal|p1a: Umbreon|96\/100|[from] item: Leftovers\n|upkeep\n|turn|3\n|\n|t:|1700104023\n|move|p2a: Ice noodle|Sacred Sword|p1a: Umbreon\n|-supereffective|p1a: Umbreon\n|-damage|p1a: Umbreon|46\/100\n|move|p1a: Umbreon|Foul Play|p2a: Ice noodle\n|-resisted|p2a: Ice noodle\n|-damage|p2a: Ice noodle|80\/100\n|\n|-end|p2a: Ice noodle|move: Future Sight\n|-immune|p2a: Ice noodle\n|-heal|p1a: Umbreon|52\/100|[from] item: Leftovers\n|upkeep\n|turn|4\n|c|\u2606LimeDrops|chein is kinda my teams weakness if i play really bad and get hella unlucky\n|c|\u2606LimeDrops|or one or the other\n|\n|t:|1700104047\n|switch|p1a: Mimikyu|Mimikyu, F|100\/100\n|move|p2a: Ice noodle|Sacred Sword|p1a: Mimikyu\n|-immune|p1a: Mimikyu\n|\n|upkeep\n|turn|5\n|c|\u2606GeckoVish|lol\n|\n|t:|1700104065\n|switch|p2a: Jalape\u00f1o|Skeledirge, F, shiny|100\/100\n|move|p1a: Mimikyu|Swords Dance|p1a: Mimikyu\n|-boost|p1a: Mimikyu|atk|2\n|\n|upkeep\n|turn|6\n|c|\u2606GeckoVish|just a tip, don't set up against my skeledirge\n|c|\u2606LimeDrops|im not lmao\n|c|\u2606LimeDrops|torch song\n|c|\u2606GeckoVish|oh lol\n|c|\u2606GeckoVish|also it has unaware\n|c|\u2606GeckoVish|so\n|c|\u2606LimeDrops|oh yeha\n|\n|t:|1700104118\n|move|p1a: Mimikyu|Play Rough|p2a: Jalape\u00f1o\n|-resisted|p2a: Jalape\u00f1o\n|-damage|p2a: Jalape\u00f1o|83\/100\n|move|p2a: Jalape\u00f1o|Shadow Ball|p1a: Mimikyu\n|-activate|p1a: Mimikyu|ability: Disguise\n|-damage|p1a: Mimikyu|100\/100\n|-unboost|p1a: Mimikyu|spd|1\n|detailschange|p1a: Mimikyu|Mimikyu-Busted, F\n|-damage|p1a: Mimikyu|88\/100|[from] pokemon: Mimikyu-Busted\n|\n|upkeep\n|turn|7\n|c|\u2606LimeDrops|i forget about that\n|\n|t:|1700104132\n|move|p1a: Mimikyu|Mimic|p2a: Jalape\u00f1o\n|-start|p1a: Mimikyu|Mimic|Shadow Ball\n|move|p2a: Jalape\u00f1o|Shadow Ball|p1a: Mimikyu\n|-supereffective|p1a: Mimikyu\n|-damage|p1a: Mimikyu|0 fnt\n|faint|p1a: Mimikyu\n|\n|upkeep\n|c|\u2606LimeDrops|L\n|c|\u2606LimeDrops|rip mim\n|\n|t:|1700104146\n|switch|p1a: Umbreon|Umbreon, M|52\/100\n|turn|8\n|c|\u2606GeckoVish|rip mim, 2023-2023\n|c|\u2606LimeDrops|U.U\n|\n|t:|1700104169\n|switch|p2a: Catch These|Iron Hands|100\/100\n|move|p1a: Umbreon|Wish|p1a: Umbreon\n|\n|-heal|p1a: Umbreon|58\/100|[from] item: Leftovers\n|upkeep\n|turn|9\n|c|\u2606LimeDrops|she will be missed\n|c|\u2606GeckoVish|catch these iron hands\n|c|\u2606LimeDrops|uh\n|c|\u2606LimeDrops|idk what to do\n|\n|t:|1700104203\n|move|p2a: Catch These|Drain Punch|p1a: Umbreon\n|-supereffective|p1a: Umbreon\n|-damage|p1a: Umbreon|1\/100\n|move|p1a: Umbreon|Foul Play|p2a: Catch These\n|-resisted|p2a: Catch These\n|-damage|p2a: Catch These|84\/100\n|\n|-heal|p1a: Umbreon|51\/100|[from] move: Wish|[wisher] Umbreon\n|-heal|p1a: Umbreon|57\/100|[from] item: Leftovers\n|upkeep\n|turn|10\n|c|\u2606LimeDrops|HE TANKS\n|c|\u2606GeckoVish|:O\n|c|\u2606LimeDrops|omg foul play did nothing T_T\n|\n|t:|1700104232\n|switch|p1a: Espeon|Espeon, M|100\/100\n|move|p2a: Catch These|Drain Punch|p1a: Espeon\n|-resisted|p1a: Espeon\n|-crit|p1a: Espeon\n|-damage|p1a: Espeon|52\/100\n|-heal|p2a: Catch These|99\/100|[from] drain|[of] p1a: Espeon\n|\n|upkeep\n|turn|11\n|c|\u2606LimeDrops|CRIT\n|c|\u2606LimeDrops|im so unlucky lmao\n|c|\u2606GeckoVish|my boy built like a minivan, you cant do nothing\n|c|\u2606GeckoVish|no offense\n|c|\u2606LimeDrops|ur boy scares my cat\n|c|\u2606LimeDrops|cats*\n|c|\u2606GeckoVish|HEHEHEHA\n|\n|t:|1700104286\n|-end|p2a: Catch These|Quark Drive|[silent]\n|switch|p2a: Ice noodle|Chien-Pao|80\/100\n|-ability|p2a: Ice noodle|Sword of Ruin\n|move|p1a: Espeon|Future Sight|p2a: Ice noodle\n|-start|p1a: Espeon|move: Future Sight\n|\n|upkeep\n|turn|12\n|c|\u2606LimeDrops|don't run over my cats T~T\n|c|\u2606LimeDrops|BRO\n|\n|t:|1700104307\n|switch|p1a: Leafeon|Leafeon, F|100\/100\n|move|p2a: Ice noodle|Dark Pulse|p1a: Leafeon\n|-damage|p1a: Leafeon|61\/100\n|\n|upkeep\n|turn|13\n|c|\u2606GeckoVish|ICE NOODLE, BLAST THAT SMART FELINE!!\n|\n|t:|1700104319\n|move|p1a: Leafeon|Leech Seed|p2a: Ice noodle\n|-start|p2a: Ice noodle|move: Leech Seed\n|move|p2a: Ice noodle|Icicle Crash|p1a: Leafeon\n|-supereffective|p1a: Leafeon\n|-damage|p1a: Leafeon|0 fnt\n|faint|p1a: Leafeon\n|\n|-end|p2a: Ice noodle|move: Future Sight\n|-immune|p2a: Ice noodle\n|upkeep\n|\n|t:|1700104327\n|switch|p1a: Umbreon|Umbreon, M|57\/100\n|turn|14\n|\n|t:|1700104333\n|move|p2a: Ice noodle|Dark Pulse|p1a: Umbreon\n|-resisted|p1a: Umbreon\n|-damage|p1a: Umbreon|51\/100\n|move|p1a: Umbreon|Wish|p1a: Umbreon\n|\n|-heal|p1a: Umbreon|57\/100|[from] item: Leftovers\n|-damage|p2a: Ice noodle|67\/100|[from] Leech Seed|[of] p1a: Umbreon\n|-heal|p1a: Umbreon|66\/100|[silent]\n|upkeep\n|turn|15\n|c|\u2606GeckoVish|am stoopid\n|c|\u2606LimeDrops|leafeon was a noble sacrafice o7\n|c|\u2606GeckoVish|o7\n|c|\u2606LimeDrops|i understand\n|c|\u2606GeckoVish|but uh\n|c|\u2606LimeDrops|i do it a lot\n|c|\u2606GeckoVish|MINIVANNNNNN!\n|\n|t:|1700104377\n|switch|p2a: Catch These|Iron Hands|99\/100\n|move|p1a: Umbreon|Foul Play|p2a: Catch These\n|-resisted|p2a: Catch These\n|-damage|p2a: Catch These|83\/100\n|\n|-heal|p1a: Umbreon|100\/100|[from] move: Wish|[wisher] Umbreon\n|upkeep\n|turn|16\n|c|\u2606LimeDrops|its ok he tanks this (i hope)\n|c|\u2606GeckoVish|CATCH THESE, PUNCH THE CAT\n|c|\u2606LimeDrops|bro hitting a cat T_T\n|\n|t:|1700104410\n|-terastallize|p2a: Catch These|Fighting\n|move|p2a: Catch These|Drain Punch|p1a: Umbreon\n|-supereffective|p1a: Umbreon\n|-damage|p1a: Umbreon|23\/100\n|-heal|p2a: Catch These|100\/100|[from] drain|[of] p1a: Umbreon\n|move|p1a: Umbreon|Wish|p1a: Umbreon\n|\n|-heal|p1a: Umbreon|29\/100|[from] item: Leftovers\n|upkeep\n|turn|17\n|c|\u2606GeckoVish|HEHEHEHEH\n|\n|t:|1700104424\n|switch|p1a: Espeon|Espeon, M|52\/100\n|move|p2a: Catch These|Drain Punch|p1a: Espeon\n|-resisted|p1a: Espeon\n|-damage|p1a: Espeon|11\/100\n|\n|-heal|p1a: Espeon|84\/100|[from] move: Wish|[wisher] Umbreon\n|upkeep\n|turn|18\n|c|\u2606LimeDrops|HE LIVES\n|c|\u2606LimeDrops|i dont have a plan\n|c|\u2606LimeDrops|that was it XD\n|\n|t:|1700104450\n|move|p1a: Espeon|Future Sight|p2a: Catch These\n|-start|p1a: Espeon|move: Future Sight\n|move|p2a: Catch These|Earthquake|p1a: Espeon\n|-damage|p1a: Espeon|24\/100\n|\n|upkeep\n|turn|19\n|c|\u2606GeckoVish|same XD\n|c|\u2606LimeDrops|ok earthquake had no right doing that much damage XD\n|\n|t:|1700104491\n|switch|p1a: Gastrodon|Gastrodon, F|100\/100\n|move|p2a: Catch These|Earthquake|p1a: Gastrodon\n|-damage|p1a: Gastrodon|64\/100\n|\n|upkeep\n|turn|20\n|c|\u2606GeckoVish|...\n|c|\u2606GeckoVish|ur gastrodon may tank but...\n|c|\u2606LimeDrops|gastrodon pls\n|c|\u2606GeckoVish|IS HE A MATCH FOR...\n|\n|t:|1700104521\n|-end|p2a: Catch These|Quark Drive|[silent]\n|switch|p2a: Big Slugga|Gastrodon, M, shiny|100\/100\n|move|p1a: Gastrodon|Earth Power|p2a: Big Slugga\n|-damage|p2a: Big Slugga|51\/100\n|\n|-end|p2a: Big Slugga|move: Future Sight\n|-damage|p2a: Big Slugga|0 fnt\n|faint|p2a: Big Slugga\n|upkeep\n|c|\u2606GeckoVish|BIG SLUGGA?!?!?!?!\n|c|\u2606LimeDrops|i think he was XDDD\n|c|\u2606LimeDrops|did u forget about future sight?\n|c|\u2606GeckoVish|damnit big slugga you fucking failure\n|c|\u2606GeckoVish|XD\n|c|\u2606GeckoVish|yeah I did\n|\n|t:|1700104576\n|switch|p2a: Better Suicune|Walking Wake|100\/100\n|turn|21\n|c|\u2606LimeDrops|i did too XD\n|c|\u2606LimeDrops|bro it just told me to report u for the failure remark\n|c|\u2606LimeDrops|LMAO\n|c|\u2606LimeDrops|i didnt\n|\n|t:|1700104608\n|move|p2a: Better Suicune|Sunny Day|p2a: Better Suicune\n|-weather|SunnyDay\n|-activate|p2a: Better Suicune|ability: Protosynthesis\n|-start|p2a: Better Suicune|protosynthesisspe\n|move|p1a: Gastrodon|Earth Power|p2a: Better Suicune\n|-damage|p2a: Better Suicune|64\/100\n|\n|-weather|SunnyDay|[upkeep]\n|upkeep\n|turn|22\n|c|\u2606GeckoVish|ty lol\n|c|\u2606LimeDrops|ive never seen it ask me to do that before damn XD\n|c|\u2606GeckoVish|my suicune got sped :D\n|\n|t:|1700104639\n|move|p2a: Better Suicune|Tera Blast|p1a: Gastrodon\n|-damage|p1a: Gastrodon|44\/100\n|move|p1a: Gastrodon|Earth Power|p2a: Better Suicune\n|-damage|p2a: Better Suicune|24\/100\n|\n|-weather|SunnyDay|[upkeep]\n|upkeep\n|turn|23\n|c|\u2606LimeDrops|hes too fast!\n|\n|t:|1700104651\n|-end|p2a: Better Suicune|Protosynthesis|[silent]\n|switch|p2a: Verizon Wireless|Iron Leaves|100\/100\n|move|p1a: Gastrodon|Earth Power|p2a: Verizon Wireless\n|-resisted|p2a: Verizon Wireless\n|-damage|p2a: Verizon Wireless|81\/100\n|\n|-weather|SunnyDay|[upkeep]\n|upkeep\n|turn|24\n|c|\u2606GeckoVish|VERIZON WIRELESS\n|c|\u2606LimeDrops|bruh\n|c|\u2606LimeDrops|slugs one weakness\n|c|\u2606LimeDrops|grass\n|c|\u2606LimeDrops|XD\n|\n|t:|1700104673\n|switch|p1a: Salazzle|Salazzle, F|100\/100\n|move|p2a: Verizon Wireless|Solar Beam||[still]\n|-prepare|p2a: Verizon Wireless|Solar Beam\n|-anim|p2a: Verizon Wireless|Solar Beam|p1a: Salazzle\n|-resisted|p1a: Salazzle\n|-damage|p1a: Salazzle|82\/100\n|\n|-weather|SunnyDay|[upkeep]\n|upkeep\n|turn|25\n|c|\u2606GeckoVish|SOLAR BEAM MOTHER FU-\n|c|\u2606GeckoVish|oh\n|c|\u2606LimeDrops|LMAOO\n|\n|t:|1700104694\n|-end|p2a: Verizon Wireless|Quark Drive|[silent]\n|switch|p2a: Better Suicune|Walking Wake|24\/100\n|-activate|p2a: Better Suicune|ability: Protosynthesis\n|-start|p2a: Better Suicune|protosynthesisspe\n|move|p1a: Salazzle|Flamethrower|p2a: Better Suicune\n|-resisted|p2a: Better Suicune\n|-damage|p2a: Better Suicune|9\/100\n|\n|-weather|SunnyDay|[upkeep]\n|upkeep\n|turn|26\n|c|\u2606GeckoVish|l i z o r d\n|c|\u2606GeckoVish|you think he'll 1 shot or naw\n|c|\u2606LimeDrops|uh\n|\n|t:|1700104729\n|switch|p1a: Gastrodon|Gastrodon, F|44\/100\n|move|p2a: Better Suicune|Hydro Steam|p1a: Gastrodon\n|-ability|p1a: Gastrodon|Storm Drain|boost\n|-boost|p1a: Gastrodon|spa|1\n|\n|-weather|SunnyDay|[upkeep]\n|upkeep\n|turn|27\n|c|\u2606LimeDrops|no\n|c|\u2606LimeDrops|time for the slug to come back then XD\n|c|\u2606GeckoVish|darn it\n|\n|t:|1700104755\n|-end|p2a: Better Suicune|Protosynthesis|[silent]\n|switch|p2a: Verizon Wireless|Iron Leaves|81\/100\n|move|p1a: Gastrodon|Recover|p1a: Gastrodon\n|-heal|p1a: Gastrodon|94\/100\n|\n|-weather|SunnyDay|[upkeep]\n|upkeep\n|turn|28\n|\n|t:|1700104771\n|switch|p1a: Salazzle|Salazzle, F|82\/100\n|move|p2a: Verizon Wireless|Solar Beam||[still]\n|-prepare|p2a: Verizon Wireless|Solar Beam\n|-anim|p2a: Verizon Wireless|Solar Beam|p1a: Salazzle\n|-resisted|p1a: Salazzle\n|-damage|p1a: Salazzle|63\/100\n|\n|-weather|none\n|upkeep\n|turn|29\n|c|\u2606LimeDrops|im outta there now XD\n|c|\u2606GeckoVish|oml just lemme hit your slug with a laserrrr\n|c|\u2606LimeDrops|nooo\n|c|\u2606LimeDrops|den my slug dies\n|\n|t:|1700104800\n|-end|p2a: Verizon Wireless|Quark Drive|[silent]\n|switch|p2a: Jalape\u00f1o|Skeledirge, F, shiny|83\/100\n|move|p1a: Salazzle|Sludge Bomb|p2a: Jalape\u00f1o\n|-resisted|p2a: Jalape\u00f1o\n|-damage|p2a: Jalape\u00f1o|56\/100\n|\n|upkeep\n|turn|30\n|c|\u2606GeckoVish|I has idea\n|\n|t:|1700104815\n|move|p1a: Salazzle|Toxic|p2a: Jalape\u00f1o\n|-status|p2a: Jalape\u00f1o|tox\n|move|p2a: Jalape\u00f1o|Earthquake|p1a: Salazzle\n|-supereffective|p1a: Salazzle\n|-damage|p1a: Salazzle|0 fnt\n|faint|p1a: Salazzle\n|\n|-damage|p2a: Jalape\u00f1o|49\/100 tox|[from] psn\n|upkeep\n|c|\u2606LimeDrops|AH\n|\n|t:|1700104825\n|switch|p1a: Umbreon|Umbreon, M|29\/100\n|turn|31\n|c|\u2606GeckoVish|YESSSSSSS\n|c|\u2606LimeDrops|bro i souldve tered salazle\n|c|\u2606LimeDrops|it teras into flying\n|\n|t:|1700104866\n|move|p2a: Jalape\u00f1o|Earthquake|p1a: Umbreon\n|-damage|p1a: Umbreon|17\/100\n|move|p1a: Umbreon|Wish|p1a: Umbreon\n|\n|-heal|p1a: Umbreon|23\/100|[from] item: Leftovers\n|-damage|p2a: Jalape\u00f1o|37\/100 tox|[from] psn\n|upkeep\n|turn|32\n|c|\u2606LimeDrops|i didnt know the fire lizard had earthquake\n|c|\u2606GeckoVish|I am so laggy\n|c|\u2606LimeDrops|thats fair\n|c|\u2606LimeDrops|my brain is laggy\n|c|\u2606LimeDrops|lmao\n|\n|t:|1700104902\n|move|p2a: Jalape\u00f1o|Earthquake|p1a: Umbreon\n|-damage|p1a: Umbreon|10\/100\n|move|p1a: Umbreon|Foul Play|p2a: Jalape\u00f1o\n|-supereffective|p2a: Jalape\u00f1o\n|-damage|p2a: Jalape\u00f1o|0 fnt\n|faint|p2a: Jalape\u00f1o\n|\n|-heal|p1a: Umbreon|60\/100|[from] move: Wish|[wisher] Umbreon\n|-heal|p1a: Umbreon|66\/100|[from] item: Leftovers\n|upkeep\n|c|\u2606GeckoVish|...m-m-...\n|c|\u2606GeckoVish|MY CROCODILEEEEE\n|\n|t:|1700104937\n|switch|p2a: Catch These|Iron Hands, tera:Fighting|100\/100\n|turn|33\n|c|\u2606LimeDrops|not the truck T_T\n|c|\u2606GeckoVish|tell ur cat to square up\n|c|\u2606LimeDrops|hes too scared\n|c|\u2606GeckoVish|truck-kun finna run you over\n|c|\u2606LimeDrops|he doesnt wanna be isakied\n|\n|t:|1700104982\n|switch|p1a: Espeon|Espeon, M|24\/100\n|move|p2a: Catch These|Drain Punch|p1a: Espeon\n|-resisted|p1a: Espeon\n|-crit|p1a: Espeon\n|-damage|p1a: Espeon|0 fnt\n|faint|p1a: Espeon\n|\n|upkeep\n|c|\u2606GeckoVish|the smart cat goes down!\n|c|\u2606LimeDrops|espeon about to become op in another world and come back for revenge XD\n|\n|t:|1700105020\n|switch|p1a: Gastrodon|Gastrodon, F|94\/100\n|turn|34\n|c|\u2606GeckoVish|but now...\n|c|\u2606LimeDrops|pls i only have a slug and a cat\n|c|\u2606GeckoVish|No. More. Salazzle.\n|\n|t:|1700105052\n|-end|p2a: Catch These|Quark Drive|[silent]\n|switch|p2a: Verizon Wireless|Iron Leaves|81\/100\n|move|p1a: Gastrodon|Earth Power|p2a: Verizon Wireless\n|-resisted|p2a: Verizon Wireless\n|-damage|p2a: Verizon Wireless|65\/100\n|\n|upkeep\n|turn|35\n|\n|t:|1700105078\n|switch|p1a: Umbreon|Umbreon, M|66\/100\n|move|p2a: Verizon Wireless|Leaf Blade|p1a: Umbreon\n|-damage|p1a: Umbreon|28\/100\n|\n|-heal|p1a: Umbreon|34\/100|[from] item: Leftovers\n|upkeep\n|turn|36\n|c|\u2606LimeDrops|T_T\n|\n|t:|1700105100\n|move|p2a: Verizon Wireless|Psyblade|p1a: Umbreon\n|-immune|p1a: Umbreon\n|move|p1a: Umbreon|Wish|p1a: Umbreon\n|\n|-heal|p1a: Umbreon|40\/100|[from] item: Leftovers\n|upkeep\n|turn|37\n|c|\u2606LimeDrops|LMAO\n|c|\u2606GeckoVish|oh poop\n|\n|t:|1700105144\n|-end|p2a: Verizon Wireless|Quark Drive|[silent]\n|switch|p2a: Catch These|Iron Hands, tera:Fighting|100\/100\n|move|p1a: Umbreon|Foul Play|p2a: Catch These\n|-resisted|p2a: Catch These\n|-damage|p2a: Catch These|84\/100\n|\n|-heal|p1a: Umbreon|90\/100|[from] move: Wish|[wisher] Umbreon\n|-heal|p1a: Umbreon|96\/100|[from] item: Leftovers\n|upkeep\n|turn|38\n|\n|t:|1700105163\n|switch|p1a: Gastrodon|Gastrodon, F|94\/100\n|move|p2a: Catch These|Drain Punch|p1a: Gastrodon\n|-damage|p1a: Gastrodon|47\/100\n|-heal|p2a: Catch These|100\/100|[from] drain|[of] p1a: Gastrodon\n|\n|upkeep\n|turn|39\n|\n|t:|1700105171\n|move|p2a: Catch These|Drain Punch|p1a: Gastrodon\n|-damage|p1a: Gastrodon|0 fnt\n|faint|p1a: Gastrodon\n|\n|upkeep\n|c|\u2606LimeDrops|T_T\n|c|\u2606GeckoVish|the slug DIES!\n|\n|t:|1700105180\n|switch|p1a: Umbreon|Umbreon, M|96\/100\n|turn|40\n|c|\u2606GeckoVish|I'm sorry, cat...\n|c|\u2606LimeDrops|i-\n|c|\u2606LimeDrops|its time\n|c|\u2606GeckoVish|wait, I just got a lot of frames\n|c|\u2606LimeDrops|my final trick\n|c|\u2606GeckoVish|idk why but I'm not laggy\n|c|\u2606LimeDrops|lmao\n|\n|t:|1700105207\n|-terastallize|p1a: Umbreon|Ghost\n|move|p2a: Catch These|Drain Punch|p1a: Umbreon\n|-immune|p1a: Umbreon\n|move|p1a: Umbreon|Crunch|p2a: Catch These\n|-resisted|p2a: Catch These\n|-damage|p2a: Catch These|94\/100\n|\n|-heal|p1a: Umbreon|100\/100|[from] item: Leftovers\n|upkeep\n|turn|41\n|c|\u2606LimeDrops|XD\n|c|\u2606LimeDrops|6% XDDD\n|c|\u2606GeckoVish|would be a shame if I just...\n|c|\u2606LimeDrops|lmaooo\n|\n|t:|1700105226\n|move|p2a: Catch These|Play Rough|p1a: Umbreon\n|-damage|p1a: Umbreon|79\/100\n|move|p1a: Umbreon|Crunch|p2a: Catch These\n|-resisted|p2a: Catch These\n|-damage|p2a: Catch These|88\/100\n|\n|-heal|p1a: Umbreon|85\/100|[from] item: Leftovers\n|upkeep\n|turn|42\n|\n|t:|1700105235\n|move|p2a: Catch These|Earthquake|p1a: Umbreon\n|-damage|p1a: Umbreon|59\/100\n|move|p1a: Umbreon|Crunch|p2a: Catch These\n|-resisted|p2a: Catch These\n|-damage|p2a: Catch These|80\/100\n|\n|-heal|p1a: Umbreon|65\/100|[from] item: Leftovers\n|upkeep\n|turn|43\n|c|\u2606LimeDrops|i need ur defence to drop\n|c|\u2606GeckoVish|your cat does nothing...\n|c|\u2606LimeDrops|ikr XD\n|\n|t:|1700105251\n|move|p2a: Catch These|Thunderbolt|p1a: Umbreon\n|-damage|p1a: Umbreon|51\/100\n|move|p1a: Umbreon|Wish|p1a: Umbreon\n|\n|-heal|p1a: Umbreon|57\/100|[from] item: Leftovers\n|upkeep\n|turn|44\n|\n|t:|1700105258\n|move|p2a: Catch These|Earthquake|p1a: Umbreon\n|-damage|p1a: Umbreon|32\/100\n|move|p1a: Umbreon|Crunch|p2a: Catch These\n|-resisted|p2a: Catch These\n|-damage|p2a: Catch These|74\/100\n|\n|-heal|p1a: Umbreon|82\/100|[from] move: Wish|[wisher] Umbreon\n|-heal|p1a: Umbreon|88\/100|[from] item: Leftovers\n|upkeep\n|turn|45\n|c|\u2606GeckoVish|*sigh*\n|\n|t:|1700105270\n|-end|p2a: Catch These|Quark Drive|[silent]\n|switch|p2a: Verizon Wireless|Iron Leaves|65\/100\n|move|p1a: Umbreon|Wish|p1a: Umbreon\n|\n|-heal|p1a: Umbreon|94\/100|[from] item: Leftovers\n|upkeep\n|turn|46\n|c|\u2606GeckoVish|I can hit you now...\n|\n|t:|1700105281\n|move|p2a: Verizon Wireless|Psyblade|p1a: Umbreon\n|-crit|p1a: Umbreon\n|-damage|p1a: Umbreon|49\/100\n|move|p1a: Umbreon|Foul Play|p2a: Verizon Wireless\n|-supereffective|p2a: Verizon Wireless\n|-damage|p2a: Verizon Wireless|0 fnt\n|faint|p2a: Verizon Wireless\n|-end|p2a: Verizon Wireless|Quark Drive|[silent]\n|\n|-heal|p1a: Umbreon|99\/100|[from] move: Wish|[wisher] Umbreon\n|-heal|p1a: Umbreon|100\/100|[from] item: Leftovers\n|upkeep\n|c|\u2606LimeDrops|no..\n|c|\u2606GeckoVish|FUCK\n|c|\u2606LimeDrops|i hit BACK\n|\n|t:|1700105293\n|switch|p2a: Ice noodle|Chien-Pao|67\/100\n|-ability|p2a: Ice noodle|Sword of Ruin\n|turn|47\n|c|\u2606LimeDrops|oh no\n|\n|t:|1700105305\n|move|p2a: Ice noodle|Dark Pulse|p1a: Umbreon\n|-supereffective|p1a: Umbreon\n|-damage|p1a: Umbreon|74\/100\n|move|p1a: Umbreon|Foul Play|p2a: Ice noodle\n|-resisted|p2a: Ice noodle\n|-damage|p2a: Ice noodle|47\/100\n|\n|-heal|p1a: Umbreon|80\/100|[from] item: Leftovers\n|upkeep\n|turn|48\n|c|\u2606LimeDrops|tbh i thought chein would do more\n|\n|t:|1700105321\n|move|p2a: Ice noodle|Dark Pulse|p1a: Umbreon\n|-supereffective|p1a: Umbreon\n|-damage|p1a: Umbreon|53\/100\n|move|p1a: Umbreon|Wish|p1a: Umbreon\n|\n|-heal|p1a: Umbreon|59\/100|[from] item: Leftovers\n|upkeep\n|turn|49\n|c|\u2606GeckoVish|same\n|c|\u2606GeckoVish|I need a crit or smth\n|\n|t:|1700105330\n|move|p2a: Ice noodle|Dark Pulse|p1a: Umbreon\n|-supereffective|p1a: Umbreon\n|-damage|p1a: Umbreon|31\/100\n|move|p1a: Umbreon|Foul Play|p2a: Ice noodle\n|-resisted|p2a: Ice noodle\n|-crit|p2a: Ice noodle\n|-damage|p2a: Ice noodle|16\/100\n|\n|-heal|p1a: Umbreon|81\/100|[from] move: Wish|[wisher] Umbreon\n|-heal|p1a: Umbreon|88\/100|[from] item: Leftovers\n|upkeep\n|turn|50\n|c|\u2606GeckoVish|load of bull right there\n|\n|t:|1700105347\n|move|p2a: Ice noodle|Dark Pulse|p1a: Umbreon\n|-supereffective|p1a: Umbreon\n|-damage|p1a: Umbreon|60\/100\n|move|p1a: Umbreon|Wish|p1a: Umbreon\n|\n|-heal|p1a: Umbreon|66\/100|[from] item: Leftovers\n|upkeep\n|turn|51\n|c|\u2606LimeDrops|umbre is squaring up\n|c|\u2606LimeDrops|XD\n|\n|t:|1700105358\n|move|p2a: Ice noodle|Dark Pulse|p1a: Umbreon\n|-supereffective|p1a: Umbreon\n|-damage|p1a: Umbreon|41\/100\n|move|p1a: Umbreon|Foul Play|p2a: Ice noodle\n|-resisted|p2a: Ice noodle\n|-damage|p2a: Ice noodle|0 fnt\n|faint|p2a: Ice noodle\n|\n|-heal|p1a: Umbreon|91\/100|[from] move: Wish|[wisher] Umbreon\n|-heal|p1a: Umbreon|97\/100|[from] item: Leftovers\n|upkeep\n|c|\u2606GeckoVish|you might actually win\n|c|\u2606GeckoVish|hol up\n|\n|t:|1700105375\n|switch|p2a: Better Suicune|Walking Wake|9\/100\n|turn|52\n|c|\u2606LimeDrops|XDDD\n|\n|t:|1700105385\n|move|p2a: Better Suicune|Hydro Steam|p1a: Umbreon\n|-damage|p1a: Umbreon|80\/100\n|move|p1a: Umbreon|Foul Play|p2a: Better Suicune\n|-damage|p2a: Better Suicune|0 fnt\n|faint|p2a: Better Suicune\n|-end|p2a: Better Suicune|Protosynthesis|[silent]\n|\n|-heal|p1a: Umbreon|86\/100|[from] item: Leftovers\n|upkeep\n|c|\u2606LimeDrops|he went super saien\n|\n|t:|1700105393\n|switch|p2a: Catch These|Iron Hands, tera:Fighting|74\/100\n|turn|53\n|c|\u2606LimeDrops|its time\n|c|\u2606GeckoVish|m i n i v a n ?\n|c|\u2606LimeDrops|the cat... or the van?\n|\n|t:|1700105413\n|move|p2a: Catch These|Play Rough|p1a: Umbreon\n|-damage|p1a: Umbreon|62\/100\n|move|p1a: Umbreon|Wish|p1a: Umbreon\n|\n|-heal|p1a: Umbreon|68\/100|[from] item: Leftovers\n|upkeep\n|turn|54\n|c|\u2606GeckoVish|you're gonna run out of heals soon\n|c|\u2606GeckoVish|surely\n|c|\u2606LimeDrops|i have 6 more\n|c|\u2606GeckoVish|mmmmfuckkkkk\n|\n|t:|1700105443\n|move|p2a: Catch These|Play Rough|p1a: Umbreon\n|-damage|p1a: Umbreon|45\/100\n|move|p1a: Umbreon|Crunch|p2a: Catch These\n|-resisted|p2a: Catch These\n|-crit|p2a: Catch These\n|-damage|p2a: Catch These|64\/100\n|\n|-heal|p1a: Umbreon|95\/100|[from] move: Wish|[wisher] Umbreon\n|-heal|p1a: Umbreon|100\/100|[from] item: Leftovers\n|upkeep\n|turn|55\n|c|\u2606LimeDrops|teehee\n|c|\u2606LimeDrops|i need the defence drop\n|\n|t:|1700105457\n|move|p2a: Catch These|Play Rough|p1a: Umbreon\n|-damage|p1a: Umbreon|79\/100\n|move|p1a: Umbreon|Wish|p1a: Umbreon\n|\n|-heal|p1a: Umbreon|85\/100|[from] item: Leftovers\n|upkeep\n|turn|56\n|c|\u2606GeckoVish|praying for a crit rn\n|\n|t:|1700105467\n|move|p2a: Catch These|Play Rough|p1a: Umbreon\n|-damage|p1a: Umbreon|61\/100\n|-unboost|p1a: Umbreon|atk|1\n|move|p1a: Umbreon|Crunch|p2a: Catch These\n|-resisted|p2a: Catch These\n|-damage|p2a: Catch These|60\/100\n|\n|-heal|p1a: Umbreon|100\/100|[from] move: Wish|[wisher] Umbreon\n|upkeep\n|turn|57\n|c|\u2606GeckoVish|yehhhh\n|c|\u2606LimeDrops|BRO MY ATTACK\n|c|\u2606LimeDrops|I NEEDED THAT\n|\n|t:|1700105484\n|move|p2a: Catch These|Play Rough|p1a: Umbreon\n|-damage|p1a: Umbreon|78\/100\n|move|p1a: Umbreon|Crunch|p2a: Catch These\n|-resisted|p2a: Catch These\n|-damage|p2a: Catch These|55\/100\n|\n|-heal|p1a: Umbreon|84\/100|[from] item: Leftovers\n|upkeep\n|turn|58\n|\n|t:|1700105493\n|move|p2a: Catch These|Play Rough|p1a: Umbreon\n|-damage|p1a: Umbreon|63\/100\n|move|p1a: Umbreon|Wish|p1a: Umbreon\n|\n|-heal|p1a: Umbreon|70\/100|[from] item: Leftovers\n|upkeep\n|turn|59\n|\n|t:|1700105500\n|move|p2a: Catch These|Play Rough|p1a: Umbreon\n|-damage|p1a: Umbreon|48\/100\n|move|p1a: Umbreon|Crunch|p2a: Catch These\n|-resisted|p2a: Catch These\n|-damage|p2a: Catch These|50\/100\n|-unboost|p2a: Catch These|def|1\n|\n|-heal|p1a: Umbreon|98\/100|[from] move: Wish|[wisher] Umbreon\n|-heal|p1a: Umbreon|100\/100|[from] item: Leftovers\n|upkeep\n|turn|60\n|c|\u2606LimeDrops|YES\n|c|\u2606GeckoVish|WAIT NO\n|\n|t:|1700105512\n|move|p2a: Catch These|Play Rough|p1a: Umbreon\n|-damage|p1a: Umbreon|77\/100\n|-unboost|p1a: Umbreon|atk|1\n|move|p1a: Umbreon|Foul Play|p2a: Catch These\n|-resisted|p2a: Catch These\n|-damage|p2a: Catch These|28\/100\n|\n|-heal|p1a: Umbreon|83\/100|[from] item: Leftovers\n|upkeep\n|turn|61\n|c|\u2606GeckoVish|YES\n|c|\u2606GeckoVish|YES YES YES\n|c|\u2606LimeDrops|foul play isnt affected by the attack drop (i think)\n|\n|t:|1700105540\n|move|p2a: Catch These|Play Rough|p1a: Umbreon\n|-damage|p1a: Umbreon|60\/100\n|move|p1a: Umbreon|Foul Play|p2a: Catch These\n|-resisted|p2a: Catch These\n|-damage|p2a: Catch These|5\/100\n|\n|-heal|p1a: Umbreon|66\/100|[from] item: Leftovers\n|upkeep\n|turn|62\n|c|\u2606GeckoVish|...\n|c|\u2606LimeDrops|its based on ur attack not mine\n|c|\u2606GeckoVish|I think you win this, gg\n|c|\u2606LimeDrops|!dt foul play\n|raw|<ul class=\"utilichart\"><li class=\"result\"><span class=\"col movenamecol\"><a href=\"https:\/\/dex.pokemonshowdown.com\/moves\/foulplay\">Foul Play<\/a><\/span> <span class=\"col typecol\"><img src=\"\/\/play.pokemonshowdown.com\/sprites\/types\/Dark.png\" alt=\"Dark\" width=\"32\" height=\"14\"><img src=\"\/\/play.pokemonshowdown.com\/sprites\/categories\/Physical.png\" alt=\"Physical\" width=\"32\" height=\"14\"><\/span> <span class=\"col labelcol\"><em>Power<\/em><br>95<\/span> <span class=\"col widelabelcol\"><em>Accuracy<\/em><br>100%<\/span> <span class=\"col pplabelcol\"><em>PP<\/em><br>24<\/span> <span class=\"col movedesccol\">Uses target's Attack stat in damage calculation.<\/span> <\/li><li style=\"clear:both\"><\/li><\/ul>\n|raw|<font size=\"1\"><font color=\"#686868\">Priority:<\/font> 0&nbsp;|&ThickSpace;<font color=\"#686868\">Gen:<\/font> 5&nbsp;|&ThickSpace;&#10003; Contact&nbsp;|&ThickSpace;<font color=\"#686868\">Z-Power:<\/font> 175&nbsp;|&ThickSpace;<font color=\"#686868\">Dynamax Power:<\/font> 130&nbsp;|&ThickSpace;<font color=\"#686868\">Target:<\/font> One Adjacent Pok\u00e9mon<\/font>\n\n|\n|t:|1700105573\n|move|p2a: Catch These|Play Rough|p1a: Umbreon\n|-damage|p1a: Umbreon|45\/100\n|move|p1a: Umbreon|Foul Play|p2a: Catch These\n|-resisted|p2a: Catch These\n|-damage|p2a: Catch These|0 fnt\n|faint|p2a: Catch These\n|-end|p2a: Catch These|Quark Drive|[silent]\n|\n|win|LimeDrops\n|raw|LimeDrops's rating: 1052 &rarr; <strong>1082<\/strong><br \/>(+30 for winning)\n|raw|GeckoVish's rating: 1025 &rarr; <strong>1012<\/strong><br \/>(-13 for losing)\n","uploadtime":1700104561,"views":2,"p1id":"limedrops","p2id":"geckovish","formatid":"gen9anythinggoes","rating":1012,"private":0,"password":""}