{"id":"gen9anythinggoes-1973388557","p1":"Alvarrayo","p2":"cxrecrack","format":"[Gen 9] Anything Goes","log":"|j|\u2606Alvarrayo\n|j|\u2606cxrecrack\n|t:|1697966788\n|gametype|singles\n|player|p1|Alvarrayo|hiker-gen4|1110\n|player|p2|cxrecrack|266|1136\n|teamsize|p1|6\n|teamsize|p2|6\n|gen|9\n|tier|[Gen 9] Anything Goes\n|rated|\n|rule|HP Percentage Mod: HP is shown in percentages\n|rule|Endless Battle Clause: Forcing endless battles is banned\n|clearpoke\n|poke|p1|Empoleon, M|\n|poke|p1|Annihilape, M|\n|poke|p1|Chandelure, M|\n|poke|p1|Victreebel, M|\n|poke|p1|Sandslash, M|\n|poke|p1|Iron Hands|\n|poke|p2|Poliwrath, M|\n|poke|p2|Glimmora, M|\n|poke|p2|Maushold-Four|\n|poke|p2|Mew|\n|poke|p2|Espathra, F|\n|poke|p2|Drifblim, F|\n|teampreview\n|\n|t:|1697966793\n|start\n|switch|p1a: Annoying monky|Annihilape, M|100\/100\n|switch|p2a: Espathra|Espathra, F, shiny|100\/100\n|turn|1\n|\n|t:|1697966798\n|move|p2a: Espathra|Substitute|p2a: Espathra\n|-start|p2a: Espathra|Substitute\n|-damage|p2a: Espathra|76\/100\n|move|p1a: Annoying monky|Substitute|p1a: Annoying monky\n|-start|p1a: Annoying monky|Substitute\n|-damage|p1a: Annoying monky|76\/100\n|\n|-ability|p2a: Espathra|Speed Boost|boost\n|-boost|p2a: Espathra|spe|1\n|upkeep\n|turn|2\n|\n|t:|1697966806\n|move|p2a: Espathra|Protect|p2a: Espathra\n|-singleturn|p2a: Espathra|Protect\n|move|p1a: Annoying monky|Bulk Up|p1a: Annoying monky\n|-boost|p1a: Annoying monky|atk|1\n|-boost|p1a: Annoying monky|def|1\n|\n|-ability|p2a: Espathra|Speed Boost|boost\n|-boost|p2a: Espathra|spe|1\n|upkeep\n|turn|3\n|\n|t:|1697966814\n|move|p2a: Espathra|Protect||[still]\n|-fail|p2a: Espathra\n|move|p1a: Annoying monky|Bulk Up|p1a: Annoying monky\n|-boost|p1a: Annoying monky|atk|1\n|-boost|p1a: Annoying monky|def|1\n|\n|-ability|p2a: Espathra|Speed Boost|boost\n|-boost|p2a: Espathra|spe|1\n|upkeep\n|turn|4\n|\n|t:|1697966822\n|move|p2a: Espathra|Foul Play|p1a: Annoying monky\n|-end|p1a: Annoying monky|Substitute\n|move|p1a: Annoying monky|Bulk Up|p1a: Annoying monky\n|-boost|p1a: Annoying monky|atk|1\n|-boost|p1a: Annoying monky|def|1\n|\n|-ability|p2a: Espathra|Speed Boost|boost\n|-boost|p2a: Espathra|spe|1\n|upkeep\n|turn|5\n|\n|t:|1697966832\n|move|p2a: Espathra|Baton Pass|p2a: Espathra\n|\n|t:|1697966834\n|switch|p2a: Drifblim|Drifblim, F, shiny|100\/100|[from] Baton Pass\n|move|p1a: Annoying monky|Rage Fist|p2a: Drifblim\n|-supereffective|p2a: Drifblim\n|-end|p2a: Drifblim|Substitute\n|\n|upkeep\n|turn|6\n|\n|t:|1697966842\n|move|p2a: Drifblim|Substitute|p2a: Drifblim\n|-start|p2a: Drifblim|Substitute\n|-damage|p2a: Drifblim|76\/100\n|move|p1a: Annoying monky|Rage Fist|p2a: Drifblim\n|-supereffective|p2a: Drifblim\n|-end|p2a: Drifblim|Substitute\n|\n|upkeep\n|turn|7\n|inactive|Battle timer is ON: inactive players will automatically lose when time's up. (requested by Alvarrayo)\n|\n|t:|1697966868\n|move|p2a: Drifblim|Minimize|p2a: Drifblim\n|-boost|p2a: Drifblim|evasion|2\n|move|p1a: Annoying monky|Rage Fist|p2a: Drifblim|[miss]\n|-miss|p1a: Annoying monky|p2a: Drifblim\n|\n|upkeep\n|turn|8\n|\n|t:|1697966877\n|move|p2a: Drifblim|Minimize|p2a: Drifblim\n|-boost|p2a: Drifblim|evasion|2\n|move|p1a: Annoying monky|Rage Fist|p2a: Drifblim\n|-supereffective|p2a: Drifblim\n|-damage|p2a: Drifblim|0 fnt\n|-damage|p1a: Annoying monky|51\/100|[from] ability: Aftermath|[of] p2a: Drifblim\n|faint|p2a: Drifblim\n|\n|upkeep\n|c|\u2606cxrecrack|...\n|\n|t:|1697966892\n|switch|p2a: Espathra|Espathra, F, shiny|76\/100\n|turn|9\n|c|\u2606Alvarrayo|?\n|\n|t:|1697966895\n|move|p2a: Espathra|Protect|p2a: Espathra\n|-singleturn|p2a: Espathra|Protect\n|move|p1a: Annoying monky|Substitute|p1a: Annoying monky\n|-start|p1a: Annoying monky|Substitute\n|-damage|p1a: Annoying monky|26\/100\n|\n|-ability|p2a: Espathra|Speed Boost|boost\n|-boost|p2a: Espathra|spe|1\n|upkeep\n|turn|10\n|\n|t:|1697966902\n|move|p2a: Espathra|Substitute|p2a: Espathra\n|-start|p2a: Espathra|Substitute\n|-damage|p2a: Espathra|51\/100\n|move|p1a: Annoying monky|Drain Punch|p2a: Espathra\n|-resisted|p2a: Espathra\n|-end|p2a: Espathra|Substitute\n|-heal|p1a: Annoying monky|37\/100|[from] drain|[of] p2a: Espathra\n|\n|-ability|p2a: Espathra|Speed Boost|boost\n|-boost|p2a: Espathra|spe|1\n|upkeep\n|turn|11\n|\n|t:|1697966912\n|move|p2a: Espathra|Baton Pass|p2a: Espathra\n|\n|t:|1697966917\n|switch|p2a: Mew|Mew, shiny|100\/100|[from] Baton Pass\n|move|p1a: Annoying monky|Drain Punch|p2a: Mew\n|-resisted|p2a: Mew\n|-damage|p2a: Mew|62\/100\n|-heal|p1a: Annoying monky|55\/100|[from] drain|[of] p2a: Mew\n|\n|upkeep\n|turn|12\n|\n|t:|1697966926\n|move|p2a: Mew|Substitute|p2a: Mew\n|-start|p2a: Mew|Substitute\n|-damage|p2a: Mew|37\/100\n|move|p1a: Annoying monky|Drain Punch|p2a: Mew\n|-resisted|p2a: Mew\n|-end|p2a: Mew|Substitute\n|-heal|p1a: Annoying monky|66\/100|[from] drain|[of] p2a: Mew\n|\n|upkeep\n|turn|13\n|\n|t:|1697966934\n|move|p2a: Mew|Iron Defense|p2a: Mew\n|-boost|p2a: Mew|def|2\n|move|p1a: Annoying monky|Drain Punch|p2a: Mew\n|-resisted|p2a: Mew\n|-damage|p2a: Mew|15\/100\n|-heal|p1a: Annoying monky|76\/100|[from] drain|[of] p2a: Mew\n|\n|upkeep\n|turn|14\n|\n|t:|1697966943\n|move|p2a: Mew|Baton Pass|p2a: Mew\n|\n|t:|1697966946\n|switch|p2a: Poliwrath|Poliwrath, M, shiny|100\/100|[from] Baton Pass\n|move|p1a: Annoying monky|Drain Punch|p2a: Poliwrath\n|-damage|p2a: Poliwrath|51\/100\n|-heal|p1a: Annoying monky|100\/100|[from] drain|[of] p2a: Poliwrath\n|\n|upkeep\n|turn|15\n|\n|t:|1697966956\n|move|p2a: Poliwrath|Belly Drum|p2a: Poliwrath\n|-damage|p2a: Poliwrath|1\/100\n|-setboost|p2a: Poliwrath|atk|6|[from] move: Belly Drum\n|-enditem|p2a: Poliwrath|Sitrus Berry|[eat]\n|-heal|p2a: Poliwrath|26\/100|[from] item: Sitrus Berry\n|move|p1a: Annoying monky|Drain Punch|p2a: Poliwrath\n|-damage|p2a: Poliwrath|0 fnt\n|faint|p2a: Poliwrath\n|\n|upkeep\n|n|!cxrecrack|cxrecrack\n|-message|cxrecrack forfeited.\n|\n|win|Alvarrayo\n|raw|Alvarrayo's rating: 1110 &rarr; <strong>1137<\/strong><br \/>(+27 for winning)\n|raw|cxrecrack's rating: 1136 &rarr; <strong>1109<\/strong><br \/>(-27 for losing)\n|l|!cxrecrack\n","uploadtime":1697966966,"views":10,"p1id":"alvarrayo","p2id":"cxrecrack","formatid":"gen9anythinggoes","rating":1109,"private":0,"password":""}