{"id":"gen9anythinggoes-1972918664","p1":"MelloBello","p2":"barbatosheavenly","format":"[Gen 9] Anything Goes","log":"|j|\u2606MelloBello\n|j|\u2606barbatosheavenly\n|t:|1697908844\n|gametype|singles\n|player|p1|MelloBello|darach-caitlin|1125\n|player|p2|barbatosheavenly|bianca|1132\n|teamsize|p1|6\n|teamsize|p2|6\n|gen|9\n|tier|[Gen 9] Anything Goes\n|rated|\n|rule|HP Percentage Mod: HP is shown in percentages\n|rule|Endless Battle Clause: Forcing endless battles is banned\n|clearpoke\n|poke|p1|Alomomola, M|\n|poke|p1|Calyrex-Shadow|\n|poke|p1|Volcarona, M|\n|poke|p1|Forretress, M|\n|poke|p1|Masquerain, F|\n|poke|p1|Iron Valiant|\n|poke|p2|Toxapex, F|\n|poke|p2|Venomoth, F|\n|poke|p2|Muk-Alola, F|\n|poke|p2|Skuntank, F|\n|poke|p2|Kommo-o, F|\n|poke|p2|Arboliva, M|\n|teampreview\n|\n|t:|1697908851\n|start\n|switch|p1a: Forretress|Forretress, M|100\/100\n|switch|p2a: Venomoth|Venomoth, F, shiny|100\/100\n|turn|1\n|\n|t:|1697908858\n|move|p2a: Venomoth|Sleep Powder|p1a: Forretress\n|-status|p1a: Forretress|slp|[from] move: Sleep Powder\n|cant|p1a: Forretress|slp\n|\n|upkeep\n|turn|2\n|\n|t:|1697908864\n|move|p2a: Venomoth|Quiver Dance|p2a: Venomoth\n|-boost|p2a: Venomoth|spa|1\n|-boost|p2a: Venomoth|spd|1\n|-boost|p2a: Venomoth|spe|1\n|-curestatus|p1a: Forretress|slp|[msg]\n|move|p1a: Forretress|Stealth Rock|p2a: Venomoth\n|-sidestart|p2: barbatosheavenly|move: Stealth Rock\n|\n|upkeep\n|turn|3\n|\n|t:|1697908873\n|move|p2a: Venomoth|Quiver Dance|p2a: Venomoth\n|-boost|p2a: Venomoth|spa|1\n|-boost|p2a: Venomoth|spd|1\n|-boost|p2a: Venomoth|spe|1\n|move|p1a: Forretress|Spikes|p2a: Venomoth\n|-sidestart|p2: barbatosheavenly|Spikes\n|\n|upkeep\n|turn|4\n|\n|t:|1697908879\n|move|p2a: Venomoth|Quiver Dance|p2a: Venomoth\n|-boost|p2a: Venomoth|spa|1\n|-boost|p2a: Venomoth|spd|1\n|-boost|p2a: Venomoth|spe|1\n|move|p1a: Forretress|Spikes|p2a: Venomoth\n|-sidestart|p2: barbatosheavenly|Spikes\n|\n|upkeep\n|turn|5\n|\n|t:|1697908885\n|move|p2a: Venomoth|Quiver Dance|p2a: Venomoth\n|-boost|p2a: Venomoth|spa|1\n|-boost|p2a: Venomoth|spd|1\n|-boost|p2a: Venomoth|spe|1\n|move|p1a: Forretress|Spikes|p2a: Venomoth\n|-sidestart|p2: barbatosheavenly|Spikes\n|\n|upkeep\n|turn|6\n|\n|t:|1697908892\n|move|p2a: Venomoth|Quiver Dance|p2a: Venomoth\n|-boost|p2a: Venomoth|spa|1\n|-boost|p2a: Venomoth|spd|1\n|-boost|p2a: Venomoth|spe|1\n|move|p1a: Forretress|Toxic Spikes|p2a: Venomoth\n|-sidestart|p2: barbatosheavenly|move: Toxic Spikes\n|\n|upkeep\n|turn|7\n|\n|t:|1697908901\n|move|p2a: Venomoth|Quiver Dance|p2a: Venomoth\n|-boost|p2a: Venomoth|spa|1\n|-boost|p2a: Venomoth|spd|1\n|-boost|p2a: Venomoth|spe|1\n|move|p1a: Forretress|Rapid Spin|p2a: Venomoth\n|-damage|p2a: Venomoth|82\/100\n|-boost|p1a: Forretress|spe|1\n|\n|-heal|p2a: Venomoth|88\/100|[from] item: Leftovers\n|upkeep\n|turn|8\n|\n|t:|1697908911\n|move|p2a: Venomoth|Baton Pass|p2a: Venomoth\n|\n|t:|1697908913\n|switch|p2a: Muk|Muk-Alola, F|100\/100|[from] Baton Pass\n|-damage|p2a: Muk|88\/100|[from] Stealth Rock\n|-damage|p2a: Muk|63\/100|[from] Spikes\n|-sideend|p2: barbatosheavenly|move: Toxic Spikes|[of] p2a: Muk\n|move|p1a: Forretress|Rapid Spin|p2a: Muk\n|-damage|p2a: Muk|51\/100\n|-boost|p1a: Forretress|spe|1\n|\n|-heal|p2a: Muk|57\/100|[from] item: Leftovers\n|upkeep\n|turn|9\n|\n|t:|1697908927\n|move|p2a: Muk|Body Slam|p1a: Forretress\n|-resisted|p1a: Forretress\n|-damage|p1a: Forretress|89\/100\n|-status|p1a: Forretress|par\n|cant|p1a: Forretress|par\n|\n|-heal|p2a: Muk|63\/100|[from] item: Leftovers\n|-heal|p1a: Forretress|95\/100 par|[from] item: Leftovers\n|upkeep\n|turn|10\n|\n|t:|1697908937\n|move|p2a: Muk|Acid Armor|p2a: Muk\n|-boost|p2a: Muk|def|2\n|cant|p1a: Forretress|par\n|\n|-heal|p2a: Muk|69\/100|[from] item: Leftovers\n|-heal|p1a: Forretress|100\/100 par|[from] item: Leftovers\n|upkeep\n|turn|11\n|\n|t:|1697908946\n|switch|p1a: Masquerain|Masquerain, F|100\/100\n|-ability|p1a: Masquerain|Intimidate|boost\n|-unboost|p2a: Muk|atk|1\n|move|p2a: Muk|Acid Armor|p2a: Muk\n|-boost|p2a: Muk|def|2\n|\n|-heal|p2a: Muk|75\/100|[from] item: Leftovers\n|upkeep\n|turn|12\n|\n|t:|1697908956\n|move|p2a: Muk|Acid Armor|p2a: Muk\n|-boost|p2a: Muk|def|2\n|move|p1a: Masquerain|Sticky Web|p2a: Muk\n|-sidestart|p2: barbatosheavenly|move: Sticky Web\n|\n|-heal|p2a: Muk|81\/100|[from] item: Leftovers\n|upkeep\n|turn|13\n|\n|t:|1697908965\n|move|p2a: Muk|Poison Jab|p1a: Masquerain\n|-damage|p1a: Masquerain|62\/100\n|move|p1a: Masquerain|Whirlwind|p2a: Muk\n|drag|p2a: Skuntank|Skuntank, F|100\/100\n|-damage|p2a: Skuntank|88\/100|[from] Stealth Rock\n|-damage|p2a: Skuntank|63\/100|[from] Spikes\n|-activate|p2a: Skuntank|move: Sticky Web\n|-unboost|p2a: Skuntank|spe|1\n|\n|upkeep\n|turn|14\n|\n|t:|1697908977\n|move|p2a: Skuntank|Sucker Punch||[still]\n|-fail|p2a: Skuntank\n|move|p1a: Masquerain|Quiver Dance|p1a: Masquerain\n|-boost|p1a: Masquerain|spa|1\n|-boost|p1a: Masquerain|spd|1\n|-boost|p1a: Masquerain|spe|1\n|\n|upkeep\n|turn|15\n|\n|t:|1697908990\n|switch|p2a: Muk|Muk-Alola, F|81\/100\n|-damage|p2a: Muk|69\/100|[from] Stealth Rock\n|-damage|p2a: Muk|44\/100|[from] Spikes\n|-activate|p2a: Muk|move: Sticky Web\n|-unboost|p2a: Muk|spe|1\n|move|p1a: Masquerain|Quiver Dance|p1a: Masquerain\n|-boost|p1a: Masquerain|spa|1\n|-boost|p1a: Masquerain|spd|1\n|-boost|p1a: Masquerain|spe|1\n|\n|-heal|p2a: Muk|50\/100|[from] item: Leftovers\n|upkeep\n|turn|16\n|\n|t:|1697909003\n|move|p2a: Muk|Haze|p2a: Muk\n|-clearallboost\n|move|p1a: Masquerain|Whirlwind|p2a: Muk\n|drag|p2a: Kommo-o|Kommo-o, F, shiny|100\/100\n|-damage|p2a: Kommo-o|94\/100|[from] Stealth Rock\n|-damage|p2a: Kommo-o|69\/100|[from] Spikes\n|-activate|p2a: Kommo-o|move: Sticky Web\n|-unboost|p2a: Kommo-o|spe|1\n|\n|-heal|p2a: Kommo-o|75\/100|[from] item: Leftovers\n|upkeep\n|turn|17\n|\n|t:|1697909016\n|move|p2a: Kommo-o|Clanging Scales|p1a: Masquerain\n|-damage|p1a: Masquerain|0 fnt\n|faint|p1a: Masquerain\n|-unboost|p2a: Kommo-o|def|1\n|\n|-heal|p2a: Kommo-o|82\/100|[from] item: Leftovers\n|upkeep\n|\n|t:|1697909024\n|switch|p1a: Calyrex|Calyrex-Shadow|100\/100\n|-ability|p1a: Calyrex|As One\n|-ability|p1a: Calyrex|Unnerve\n|turn|18\n|inactive|Battle timer is ON: inactive players will automatically lose when time's up. (requested by barbatosheavenly)\n|\n|t:|1697909048\n|switch|p1a: Iron Valiant|Iron Valiant|100\/100\n|switch|p2a: Toxapex|Toxapex, F|100\/100\n|-damage|p2a: Toxapex|88\/100|[from] Stealth Rock\n|-damage|p2a: Toxapex|63\/100|[from] Spikes\n|-activate|p2a: Toxapex|move: Sticky Web\n|-unboost|p2a: Toxapex|spe|1\n|\n|-heal|p2a: Toxapex|70\/100|[from] item: Leftovers\n|upkeep\n|turn|19\n|\n|t:|1697909059\n|move|p1a: Iron Valiant|Calm Mind|p1a: Iron Valiant\n|-boost|p1a: Iron Valiant|spa|1\n|-boost|p1a: Iron Valiant|spd|1\n|move|p2a: Toxapex|Toxic|p1a: Iron Valiant\n|-status|p1a: Iron Valiant|tox\n|\n|-heal|p2a: Toxapex|76\/100|[from] item: Leftovers\n|-damage|p1a: Iron Valiant|94\/100 tox|[from] psn\n|upkeep\n|turn|20\n|\n|t:|1697909069\n|move|p1a: Iron Valiant|Psycho Cut|p2a: Toxapex\n|-supereffective|p2a: Toxapex\n|-damage|p2a: Toxapex|39\/100\n|move|p2a: Toxapex|Haze|p2a: Toxapex\n|-clearallboost\n|\n|-heal|p2a: Toxapex|46\/100|[from] item: Leftovers\n|-damage|p1a: Iron Valiant|82\/100 tox|[from] psn\n|upkeep\n|turn|21\n|\n|t:|1697909079\n|move|p2a: Toxapex|Baneful Bunker|p2a: Toxapex\n|-singleturn|p2a: Toxapex|move: Protect\n|move|p1a: Iron Valiant|Psycho Cut|p2a: Toxapex\n|-activate|p2a: Toxapex|move: Protect\n|\n|-heal|p2a: Toxapex|52\/100|[from] item: Leftovers\n|-damage|p1a: Iron Valiant|63\/100 tox|[from] psn\n|upkeep\n|turn|22\n|\n|t:|1697909089\n|switch|p2a: Muk|Muk-Alola, F|50\/100\n|-damage|p2a: Muk|38\/100|[from] Stealth Rock\n|-damage|p2a: Muk|13\/100|[from] Spikes\n|-activate|p2a: Muk|move: Sticky Web\n|-unboost|p2a: Muk|spe|1\n|move|p1a: Iron Valiant|Psycho Cut|p2a: Muk\n|-immune|p2a: Muk\n|\n|-heal|p2a: Muk|19\/100|[from] item: Leftovers\n|-damage|p1a: Iron Valiant|38\/100 tox|[from] psn\n|upkeep\n|turn|23\n|\n|t:|1697909102\n|move|p1a: Iron Valiant|Ice Punch|p2a: Muk\n|-damage|p2a: Muk|0 fnt\n|faint|p2a: Muk\n|\n|-damage|p1a: Iron Valiant|7\/100 tox|[from] psn\n|upkeep\n|\n|t:|1697909108\n|switch|p2a: Toxapex|Toxapex, F|85\/100\n|-damage|p2a: Toxapex|72\/100|[from] Stealth Rock\n|-damage|p2a: Toxapex|48\/100|[from] Spikes\n|-activate|p2a: Toxapex|move: Sticky Web\n|-unboost|p2a: Toxapex|spe|1\n|turn|24\n|\n|t:|1697909114\n|move|p2a: Toxapex|Baneful Bunker|p2a: Toxapex\n|-singleturn|p2a: Toxapex|move: Protect\n|move|p1a: Iron Valiant|Psycho Cut|p2a: Toxapex\n|-activate|p2a: Toxapex|move: Protect\n|\n|-heal|p2a: Toxapex|54\/100|[from] item: Leftovers\n|-damage|p1a: Iron Valiant|0 fnt|[from] psn\n|faint|p1a: Iron Valiant\n|-end|p1a: Iron Valiant|Quark Drive|[silent]\n|upkeep\n|\n|t:|1697909129\n|switch|p1a: Volcarona|Volcarona, M, shiny|100\/100\n|turn|25\n|\n|t:|1697909133\n|move|p1a: Volcarona|Quiver Dance|p1a: Volcarona\n|-boost|p1a: Volcarona|spa|1\n|-boost|p1a: Volcarona|spd|1\n|-boost|p1a: Volcarona|spe|1\n|move|p2a: Toxapex|Toxic|p1a: Volcarona\n|-status|p1a: Volcarona|tox\n|\n|-heal|p2a: Toxapex|60\/100|[from] item: Leftovers\n|-damage|p1a: Volcarona|94\/100 tox|[from] psn\n|upkeep\n|turn|26\n|\n|t:|1697909143\n|move|p1a: Volcarona|Psychic|p2a: Toxapex\n|-supereffective|p2a: Toxapex\n|-damage|p2a: Toxapex|0 fnt\n|faint|p2a: Toxapex\n|\n|-damage|p1a: Volcarona|82\/100 tox|[from] psn\n|upkeep\n|\n|t:|1697909158\n|switch|p2a: Skuntank|Skuntank, F|63\/100\n|-damage|p2a: Skuntank|51\/100|[from] Stealth Rock\n|-damage|p2a: Skuntank|26\/100|[from] Spikes\n|-activate|p2a: Skuntank|move: Sticky Web\n|-unboost|p2a: Skuntank|spe|1\n|turn|27\n|\n|t:|1697909164\n|move|p2a: Skuntank|Sucker Punch|p1a: Volcarona\n|-damage|p1a: Volcarona|23\/100 tox\n|move|p1a: Volcarona|Fiery Dance|p2a: Skuntank\n|-damage|p2a: Skuntank|0 fnt\n|-boost|p1a: Volcarona|spa|1\n|faint|p2a: Skuntank\n|\n|-damage|p1a: Volcarona|4\/100 tox|[from] psn\n|upkeep\n|\n|t:|1697909175\n|switch|p2a: Arboliva|Arboliva, M, shiny|100\/100\n|-damage|p2a: Arboliva|88\/100|[from] Stealth Rock\n|-damage|p2a: Arboliva|63\/100|[from] Spikes\n|-activate|p2a: Arboliva|move: Sticky Web\n|-unboost|p2a: Arboliva|spe|1\n|turn|28\n|\n|t:|1697909183\n|move|p1a: Volcarona|Fiery Dance|p2a: Arboliva\n|-supereffective|p2a: Arboliva\n|-damage|p2a: Arboliva|0 fnt\n|faint|p2a: Arboliva\n|\n|-damage|p1a: Volcarona|0 fnt|[from] psn\n|faint|p1a: Volcarona\n|upkeep\n|\n|t:|1697909195\n|switch|p1a: Forretress|Forretress, M|100\/100 par\n|switch|p2a: Venomoth|Venomoth, F, shiny|88\/100\n|-damage|p2a: Venomoth|63\/100|[from] Stealth Rock\n|-damage|p2a: Venomoth|38\/100|[from] Spikes\n|-activate|p2a: Venomoth|move: Sticky Web\n|-unboost|p2a: Venomoth|spe|1\n|turn|29\n|\n|t:|1697909205\n|move|p2a: Venomoth|Quiver Dance|p2a: Venomoth\n|-boost|p2a: Venomoth|spa|1\n|-boost|p2a: Venomoth|spd|1\n|-boost|p2a: Venomoth|spe|1\n|cant|p1a: Forretress|par\n|\n|-heal|p2a: Venomoth|44\/100|[from] item: Leftovers\n|upkeep\n|turn|30\n|\n|t:|1697909212\n|move|p2a: Venomoth|Quiver Dance|p2a: Venomoth\n|-boost|p2a: Venomoth|spa|1\n|-boost|p2a: Venomoth|spd|1\n|-boost|p2a: Venomoth|spe|1\n|move|p1a: Forretress|Toxic Spikes|p2a: Venomoth\n|-sidestart|p2: barbatosheavenly|move: Toxic Spikes\n|\n|-heal|p2a: Venomoth|50\/100|[from] item: Leftovers\n|upkeep\n|turn|31\n|\n|t:|1697909223\n|switch|p1a: Calyrex|Calyrex-Shadow|100\/100\n|-ability|p1a: Calyrex|As One\n|-ability|p1a: Calyrex|Unnerve\n|move|p2a: Venomoth|Disable||[still]\n|-fail|p2a: Venomoth\n|\n|-heal|p2a: Venomoth|57\/100|[from] item: Leftovers\n|upkeep\n|turn|32\n|\n|t:|1697909234\n|move|p2a: Venomoth|Sleep Powder|p1a: Calyrex\n|-status|p1a: Calyrex|slp|[from] move: Sleep Powder\n|cant|p1a: Calyrex|slp\n|\n|-heal|p2a: Venomoth|63\/100|[from] item: Leftovers\n|upkeep\n|turn|33\n|\n|t:|1697909242\n|move|p2a: Venomoth|Quiver Dance|p2a: Venomoth\n|-boost|p2a: Venomoth|spa|1\n|-boost|p2a: Venomoth|spd|1\n|-boost|p2a: Venomoth|spe|1\n|cant|p1a: Calyrex|slp\n|\n|-heal|p2a: Venomoth|69\/100|[from] item: Leftovers\n|upkeep\n|turn|34\n|\n|t:|1697909251\n|switch|p2a: Kommo-o|Kommo-o, F, shiny|82\/100\n|-damage|p2a: Kommo-o|75\/100|[from] Stealth Rock\n|-damage|p2a: Kommo-o|50\/100|[from] Spikes\n|-activate|p2a: Kommo-o|move: Sticky Web\n|-unboost|p2a: Kommo-o|spe|1\n|-status|p2a: Kommo-o|psn\n|-curestatus|p1a: Calyrex|slp|[msg]\n|move|p1a: Calyrex|Stomping Tantrum|p2a: Kommo-o\n|-damage|p2a: Kommo-o|30\/100 psn\n|\n|-heal|p2a: Kommo-o|36\/100 psn|[from] item: Leftovers\n|-damage|p2a: Kommo-o|24\/100 psn|[from] psn\n|upkeep\n|turn|35\n|\n|t:|1697909267\n|move|p1a: Calyrex|Astral Barrage|p2a: Kommo-o\n|-damage|p2a: Kommo-o|0 fnt\n|faint|p2a: Kommo-o\n|-ability|p1a: Calyrex|Grim Neigh|boost\n|-boost|p1a: Calyrex|spa|1\n|\n|upkeep\n|-message|barbatosheavenly forfeited.\n|\n|win|MelloBello\n|raw|MelloBello's rating: 1125 &rarr; <strong>1151<\/strong><br \/>(+26 for winning)\n|raw|barbatosheavenly's rating: 1132 &rarr; <strong>1106<\/strong><br \/>(-26 for losing)\n|l|\u2606barbatosheavenly\n","uploadtime":1697909278,"views":9,"p1id":"mellobello","p2id":"barbatosheavenly","formatid":"gen9anythinggoes","rating":1106,"private":0,"password":""}