{"id":"gen9anythinggoes-1993569910","p1":"hoenn militian","p2":"Comet2190","format":"[Gen 9] Anything Goes","log":"|j|\u2606hoenn militian\n|j|\u2606Comet2190\n|t:|1700332853\n|gametype|singles\n|player|p1|hoenn militian|2|1743\n|player|p2|Comet2190|benga|1628\n|teamsize|p1|6\n|teamsize|p2|6\n|gen|9\n|tier|[Gen 9] Anything Goes\n|rated|\n|rule|HP Percentage Mod: HP is shown in percentages\n|rule|Endless Battle Clause: Forcing endless battles is banned\n|clearpoke\n|poke|p1|Miraidon|\n|poke|p1|Grimmsnarl, M|\n|poke|p1|Skeledirge, M|\n|poke|p1|Blissey, F|\n|poke|p1|Weezing-Galar, M|\n|poke|p1|Calyrex-Ice|\n|poke|p2|Houndstone, F|\n|poke|p2|Calyrex-Shadow|\n|poke|p2|Ditto|\n|poke|p2|Dialga-Origin|\n|poke|p2|Zacian-*|\n|poke|p2|Glimmora, F|\n|teampreview\n|inactive|Battle timer is ON: inactive players will automatically lose when time's up. (requested by Comet2190)\n|\n|t:|1700332866\n|start\n|switch|p1a: Calyrex|Calyrex-Ice|100\/100\n|switch|p2a: Glimmora|Glimmora, F|100\/100\n|-ability|p1a: Calyrex|As One\n|-ability|p1a: Calyrex|Unnerve\n|turn|1\n|\n|t:|1700332877\n|move|p2a: Glimmora|Stealth Rock|p1a: Calyrex\n|-sidestart|p1: hoenn militian|move: Stealth Rock\n|move|p1a: Calyrex|Glacial Lance|p2a: Glimmora\n|-crit|p2a: Glimmora\n|-enditem|p2a: Glimmora|Focus Sash\n|-damage|p2a: Glimmora|1\/100\n|-activate|p2a: Glimmora|ability: Toxic Debris\n|-sidestart|p1: hoenn militian|move: Toxic Spikes\n|\n|upkeep\n|turn|2\n|\n|t:|1700332887\n|switch|p2a: Dialga|Dialga-Origin|100\/100\n|-ability|p2a: Dialga|Pressure\n|move|p1a: Calyrex|Tera Blast|p2a: Dialga\n|-resisted|p2a: Dialga\n|-damage|p2a: Dialga|94\/100\n|\n|upkeep\n|turn|3\n|\n|t:|1700332895\n|switch|p1a: Blissey|Blissey, F|100\/100\n|move|p2a: Dialga|Flash Cannon|p1a: Blissey\n|-damage|p1a: Blissey|85\/100\n|\n|upkeep\n|turn|4\n|\n|t:|1700332910\n|switch|p2a: Houndstone|Houndstone, F|100\/100\n|move|p1a: Blissey|Stealth Rock|p2a: Houndstone\n|-sidestart|p2: Comet2190|move: Stealth Rock\n|\n|upkeep\n|turn|5\n|\n|t:|1700332923\n|switch|p1a: Weezing|Weezing-Galar, M|100\/100\n|move|p2a: Houndstone|Body Press|p1a: Weezing\n|-resisted|p1a: Weezing\n|-damage|p1a: Weezing|98\/100\n|\n|upkeep\n|turn|6\n|\n|t:|1700332932\n|switch|p2a: Glimmora|Glimmora, F|1\/100\n|-damage|p2a: Glimmora|0 fnt|[from] Stealth Rock\n|faint|p2a: Glimmora\n|move|p1a: Weezing|Will-O-Wisp|p2: Glimmora|[notarget]\n|-fail|p1a: Weezing\n|\n|upkeep\n|\n|t:|1700332943\n|switch|p2a: Zacian|Zacian-Crowned|100\/100\n|-damage|p2a: Zacian|94\/100|[from] Stealth Rock\n|-ability|p2a: Zacian|Intrepid Sword|boost\n|-boost|p2a: Zacian|atk|1\n|turn|7\n|\n|t:|1700332949\n|switch|p1a: Skeledirge|Skeledirge, M|100\/100\n|move|p2a: Zacian|Behemoth Blade|p1a: Skeledirge\n|-resisted|p1a: Skeledirge\n|-damage|p1a: Skeledirge|84\/100\n|\n|upkeep\n|turn|8\n|\n|t:|1700332959\n|switch|p2a: Dialga|Dialga-Origin|94\/100\n|-damage|p2a: Dialga|88\/100|[from] Stealth Rock\n|-ability|p2a: Dialga|Pressure\n|move|p1a: Skeledirge|Hex|p2a: Dialga\n|-damage|p2a: Dialga|68\/100\n|\n|upkeep\n|turn|9\n|\n|t:|1700332968\n|switch|p1a: Blissey|Blissey, F|85\/100\n|move|p2a: Dialga|Dragon Pulse|p1a: Blissey\n|-damage|p1a: Blissey|66\/100\n|\n|upkeep\n|turn|10\n|\n|t:|1700332979\n|move|p2a: Dialga|Dragon Pulse|p1a: Blissey\n|-damage|p1a: Blissey|50\/100\n|move|p1a: Blissey|Soft-Boiled|p1a: Blissey\n|-heal|p1a: Blissey|99\/100\n|\n|upkeep\n|turn|11\n|\n|t:|1700332985\n|move|p2a: Dialga|Dragon Pulse|p1a: Blissey\n|-damage|p1a: Blissey|84\/100\n|move|p1a: Blissey|Seismic Toss|p2a: Dialga\n|-damage|p2a: Dialga|38\/100\n|\n|upkeep\n|turn|12\n|\n|t:|1700332993\n|move|p2a: Dialga|Dragon Pulse|p1a: Blissey\n|-damage|p1a: Blissey|67\/100\n|move|p1a: Blissey|Seismic Toss|p2a: Dialga\n|-damage|p2a: Dialga|9\/100\n|\n|upkeep\n|turn|13\n|\n|t:|1700332999\n|move|p2a: Dialga|Dragon Pulse|p1a: Blissey\n|-damage|p1a: Blissey|50\/100\n|move|p1a: Blissey|Soft-Boiled|p1a: Blissey\n|-heal|p1a: Blissey|99\/100\n|\n|upkeep\n|turn|14\n|\n|t:|1700333005\n|move|p2a: Dialga|Dragon Pulse|p1a: Blissey\n|-damage|p1a: Blissey|84\/100\n|move|p1a: Blissey|Seismic Toss|p2a: Dialga\n|-damage|p2a: Dialga|0 fnt\n|faint|p2a: Dialga\n|\n|upkeep\n|\n|t:|1700333012\n|switch|p2a: Zacian|Zacian-Crowned|94\/100\n|-damage|p2a: Zacian|88\/100|[from] Stealth Rock\n|turn|15\n|\n|t:|1700333018\n|switch|p1a: Skeledirge|Skeledirge, M|84\/100\n|move|p2a: Zacian|Sacred Sword|p1a: Skeledirge\n|-immune|p1a: Skeledirge\n|\n|upkeep\n|turn|16\n|\n|t:|1700333029\n|move|p2a: Zacian|Behemoth Blade|p1a: Skeledirge\n|-resisted|p1a: Skeledirge\n|-damage|p1a: Skeledirge|65\/100\n|move|p1a: Skeledirge|Hex|p2a: Zacian\n|-damage|p2a: Zacian|67\/100\n|\n|upkeep\n|turn|17\n|\n|t:|1700333037\n|move|p2a: Zacian|Behemoth Blade|p1a: Skeledirge\n|-resisted|p1a: Skeledirge\n|-damage|p1a: Skeledirge|48\/100\n|move|p1a: Skeledirge|Slack Off|p1a: Skeledirge\n|-heal|p1a: Skeledirge|98\/100\n|\n|upkeep\n|turn|18\n|-message|Comet2190 forfeited.\n|\n|win|hoenn militian\n|raw|hoenn militian's rating: 1743 &rarr; <strong>1757<\/strong><br \/>(+14 for winning)\n|raw|Comet2190's rating: 1628 &rarr; <strong>1614<\/strong><br \/>(-14 for losing)\n|l|\u2606Comet2190\n","uploadtime":1700333083,"views":4,"p1id":"hoennmilitian","p2id":"comet2190","formatid":"gen9anythinggoes","rating":1614,"private":0,"password":""}