{"id":"gen9anythinggoes-1987874392","p1":"Tractoryeet","p2":"hackmonsforever","format":"[Gen 9] Anything Goes","log":"|j|\u2606Tractoryeet\n|j|\u2606hackmonsforever\n|t:|1699644831\n|gametype|singles\n|player|p1|Tractoryeet|karen|1535\n|player|p2|hackmonsforever|medium|1499\n|teamsize|p1|6\n|teamsize|p2|6\n|gen|9\n|tier|[Gen 9] Anything Goes\n|rated|\n|rule|HP Percentage Mod: HP is shown in percentages\n|rule|Endless Battle Clause: Forcing endless battles is banned\n|clearpoke\n|poke|p1|Ursaluna-Bloodmoon, M|\n|poke|p1|Shiftry, M|\n|poke|p1|Dragonite, F|\n|poke|p1|Kingambit, M|\n|poke|p1|Sneasler, F|\n|poke|p1|Great Tusk|\n|poke|p2|Calyrex-Shadow|\n|poke|p2|Regieleki|\n|poke|p2|Miraidon|\n|poke|p2|Ting-Lu|\n|poke|p2|Flutter Mane|\n|poke|p2|Giratina|\n|teampreview\n|inactive|Battle timer is ON: inactive players will automatically lose when time's up. (requested by hackmonsforever)\n|\n|t:|1699644850\n|start\n|switch|p1a: Nosey Kelly|Shiftry, M|100\/100\n|switch|p2a: Miraidon|Miraidon|100\/100\n|-fieldstart|move: Electric Terrain|[from] ability: Hadron Engine|[of] p2a: Miraidon\n|turn|1\n|\n|t:|1699644858\n|move|p2a: Miraidon|Calm Mind|p2a: Miraidon\n|-boost|p2a: Miraidon|spa|1\n|-boost|p2a: Miraidon|spd|1\n|move|p1a: Nosey Kelly|Tailwind|p1a: Nosey Kelly\n|-sidestart|p1: Tractoryeet|move: Tailwind\n|-ability|p1a: Nosey Kelly|Wind Rider|boost\n|-boost|p1a: Nosey Kelly|atk|1\n|\n|upkeep\n|turn|2\n|\n|t:|1699644865\n|move|p1a: Nosey Kelly|Explosion|p2a: Miraidon\n|-damage|p2a: Miraidon|0 fnt\n|faint|p1a: Nosey Kelly\n|faint|p2a: Miraidon\n|\n|upkeep\n|\n|t:|1699644881\n|switch|p2a: Regieleki|Regieleki|100\/100\n|switch|p1a: Big Kelly|Great Tusk|100\/100\n|turn|3\n|\n|t:|1699644887\n|-terastallize|p2a: Regieleki|Ice\n|move|p1a: Big Kelly|Earthquake|p2a: Regieleki\n|-crit|p2a: Regieleki\n|-damage|p2a: Regieleki|0 fnt\n|faint|p2a: Regieleki\n|\n|upkeep\n|\n|t:|1699644897\n|switch|p2a: Flutter Mane|Flutter Mane|100\/100\n|-enditem|p2a: Flutter Mane|Booster Energy\n|-activate|p2a: Flutter Mane|ability: Protosynthesis|[fromitem]\n|-start|p2a: Flutter Mane|protosynthesisspe\n|turn|4\n|\n|t:|1699644904\n|move|p2a: Flutter Mane|Moonblast|p1a: Big Kelly\n|-supereffective|p1a: Big Kelly\n|-damage|p1a: Big Kelly|0 fnt\n|faint|p1a: Big Kelly\n|-end|p1a: Big Kelly|Protosynthesis|[silent]\n|\n|-sideend|p1: Tractoryeet|move: Tailwind\n|upkeep\n|\n|t:|1699644908\n|switch|p1a: PrincesKelly|Ursaluna-Bloodmoon, M|100\/100\n|turn|5\n|\n|t:|1699644913\n|move|p2a: Flutter Mane|Thunderbolt|p1a: PrincesKelly\n|-immune|p1a: PrincesKelly\n|move|p1a: PrincesKelly|Blood Moon|p2a: Flutter Mane\n|-damage|p2a: Flutter Mane|10\/100\n|\n|upkeep\n|turn|6\n|c|\u2606hackmonsforever|misclick nooooooooooooooo\n|\n|t:|1699644931\n|move|p1a: PrincesKelly|Vacuum Wave|p2a: Flutter Mane\n|-resisted|p2a: Flutter Mane\n|-damage|p2a: Flutter Mane|2\/100\n|move|p2a: Flutter Mane|Moonblast|p1a: PrincesKelly\n|-damage|p1a: PrincesKelly|62\/100\n|\n|upkeep\n|turn|7\n|\n|t:|1699644937\n|move|p1a: PrincesKelly|Vacuum Wave|p2a: Flutter Mane\n|-resisted|p2a: Flutter Mane\n|-damage|p2a: Flutter Mane|0 fnt\n|faint|p2a: Flutter Mane\n|-end|p2a: Flutter Mane|Protosynthesis|[silent]\n|\n|upkeep\n|\n|t:|1699644941\n|switch|p2a: Calyrex|Calyrex-Shadow|100\/100\n|-ability|p2a: Calyrex|As One\n|-ability|p2a: Calyrex|Unnerve\n|turn|8\n|\n|t:|1699644949\n|move|p2a: Calyrex|Psychic|p1a: PrincesKelly\n|-damage|p1a: PrincesKelly|18\/100\n|-unboost|p1a: PrincesKelly|spd|1\n|move|p1a: PrincesKelly|Blood Moon|p2a: Calyrex\n|-damage|p2a: Calyrex|23\/100\n|\n|-fieldend|move: Electric Terrain\n|upkeep\n|turn|9\n|\n|t:|1699644958\n|switch|p1a: Kellys Trash|Kingambit, M|100\/100\n|-activate|p1a: Kellys Trash|ability: Supreme Overlord\n|-start|p1a: Kellys Trash|fallen2|[silent]\n|move|p2a: Calyrex|Draining Kiss|p1a: Kellys Trash\n|-damage|p1a: Kellys Trash|82\/100\n|-heal|p2a: Calyrex|40\/100|[from] drain|[of] p1a: Kellys Trash\n|\n|upkeep\n|turn|10\n|\n|t:|1699644966\n|switch|p2a: Ting-Lu|Ting-Lu|100\/100\n|-ability|p2a: Ting-Lu|Vessel of Ruin\n|move|p1a: Kellys Trash|Sucker Punch||[still]\n|-fail|p1a: Kellys Trash\n|\n|upkeep\n|turn|11\n|\n|t:|1699644975\n|-end|p1a: Kellys Trash|fallen2|[silent]\n|switch|p1a: PrincesKelly|Ursaluna-Bloodmoon, M|18\/100\n|move|p2a: Ting-Lu|Whirlwind|p1a: PrincesKelly\n|drag|p1a: Kellys Trash|Kingambit, M|82\/100\n|-activate|p1a: Kellys Trash|ability: Supreme Overlord\n|-start|p1a: Kellys Trash|fallen2|[silent]\n|\n|upkeep\n|turn|12\n|\n|t:|1699644984\n|-end|p1a: Kellys Trash|fallen2|[silent]\n|switch|p1a: PrincesKelly|Ursaluna-Bloodmoon, M|18\/100\n|move|p2a: Ting-Lu|Ruination|p1a: PrincesKelly\n|-damage|p1a: PrincesKelly|9\/100\n|\n|upkeep\n|turn|13\n|\n|t:|1699644995\n|move|p1a: PrincesKelly|Blood Moon|p2a: Ting-Lu\n|-damage|p2a: Ting-Lu|51\/100\n|move|p2a: Ting-Lu|Whirlwind|p1a: PrincesKelly\n|drag|p1a: KellyClawson|Sneasler, F|100\/100\n|\n|-heal|p2a: Ting-Lu|57\/100|[from] item: Leftovers\n|upkeep\n|turn|14\n|\n|t:|1699645002\n|switch|p2a: Calyrex|Calyrex-Shadow|40\/100\n|-ability|p2a: Calyrex|As One\n|-ability|p2a: Calyrex|Unnerve\n|move|p1a: KellyClawson|Fake Out|p2a: Calyrex\n|-immune|p2a: Calyrex\n|\n|upkeep\n|turn|15\n|\n|t:|1699645013\n|switch|p1a: Kellys Trash|Kingambit, M|82\/100\n|-activate|p1a: Kellys Trash|ability: Supreme Overlord\n|-start|p1a: Kellys Trash|fallen2|[silent]\n|move|p2a: Calyrex|Psychic|p1a: Kellys Trash\n|-immune|p1a: Kellys Trash\n|\n|upkeep\n|turn|16\n|\n|t:|1699645020\n|move|p2a: Calyrex|Substitute|p2a: Calyrex\n|-start|p2a: Calyrex|Substitute\n|-damage|p2a: Calyrex|15\/100\n|move|p1a: Kellys Trash|Iron Head|p2a: Calyrex\n|-end|p2a: Calyrex|Substitute\n|-damage|p1a: Kellys Trash|72\/100|[from] item: Life Orb\n|\n|upkeep\n|turn|17\n|-message|hackmonsforever forfeited.\n|\n|win|Tractoryeet\n|raw|Tractoryeet's rating: 1535 &rarr; <strong>1553<\/strong><br \/>(+18 for winning)\n|raw|hackmonsforever's rating: 1499 &rarr; <strong>1481<\/strong><br \/>(-18 for losing)\n|l|\u2606hackmonsforever\n","uploadtime":1699645037,"views":15,"p1id":"tractoryeet","p2id":"hackmonsforever","formatid":"gen9anythinggoes","rating":1481,"private":0,"password":""}