{"id":"gen9anythinggoes-1980558390","p1":"ChimeBliss","p2":"kalibao","format":"[Gen 9] Anything Goes","log":"|j|\u2606ChimeBliss\n|j|\u2606kalibao\n|t:|1698797189\n|gametype|singles\n|player|p1|ChimeBliss|dawn-gen4pt|1353\n|player|p2|kalibao|1|1592\n|teamsize|p1|6\n|teamsize|p2|6\n|gen|9\n|tier|[Gen 9] Anything Goes\n|rated|\n|rule|HP Percentage Mod: HP is shown in percentages\n|rule|Endless Battle Clause: Forcing endless battles is banned\n|clearpoke\n|poke|p1|Grimmsnarl, M|\n|poke|p1|Glimmora, M|\n|poke|p1|Arceus|\n|poke|p1|Arceus-Ground|\n|poke|p1|Koraidon|\n|poke|p1|Calyrex-Shadow|\n|poke|p2|Arceus|\n|poke|p2|Koraidon|\n|poke|p2|Arceus|\n|poke|p2|Calyrex-Shadow|\n|poke|p2|Samurott-Hisui, F|\n|poke|p2|Eternatus|\n|teampreview\n|inactive|Battle timer is ON: inactive players will automatically lose when time's up. (requested by kalibao)\n|inactive|ChimeBliss also wants the timer to be on.\n|\n|t:|1698797208\n|start\n|switch|p1a: Glimmora|Glimmora, M|100\/100\n|switch|p2a: Samurott|Samurott-Hisui, F|100\/100\n|turn|1\n|inactive|kalibao has 120 seconds left.\n|\n|t:|1698797254\n|move|p1a: Glimmora|Spikes|p2a: Samurott\n|-sidestart|p2: kalibao|Spikes\n|move|p2a: Samurott|Aqua Cutter|p1a: Glimmora\n|-supereffective|p1a: Glimmora\n|-crit|p1a: Glimmora\n|-enditem|p1a: Glimmora|Focus Sash\n|-damage|p1a: Glimmora|1\/100\n|-activate|p1a: Glimmora|ability: Toxic Debris\n|-sidestart|p2: kalibao|move: Toxic Spikes\n|\n|upkeep\n|turn|2\n|\n|t:|1698797259\n|move|p1a: Glimmora|Mortal Spin|p2a: Samurott\n|-damage|p2a: Samurott|93\/100\n|-status|p2a: Samurott|psn\n|move|p2a: Samurott|Ceaseless Edge|p1a: Glimmora\n|-damage|p1a: Glimmora|0 fnt\n|-activate|p1a: Glimmora|ability: Toxic Debris\n|-sidestart|p2: kalibao|move: Toxic Spikes\n|-sidestart|p1: ChimeBliss|Spikes\n|faint|p1a: Glimmora\n|\n|-damage|p2a: Samurott|80\/100 psn|[from] psn\n|upkeep\n|\n|t:|1698797280\n|switch|p1a: Koraidon|Koraidon|100\/100\n|-damage|p1a: Koraidon|88\/100|[from] Spikes\n|-weather|SunnyDay|[from] ability: Orichalcum Pulse|[of] p1a: Koraidon\n|-activate|p1a: Koraidon|Orichalcum Pulse|[source]\n|turn|3\n|\n|t:|1698797288\n|move|p1a: Koraidon|Swords Dance|p1a: Koraidon\n|-boost|p1a: Koraidon|atk|2\n|move|p2a: Samurott|Ceaseless Edge|p1a: Koraidon\n|-resisted|p1a: Koraidon\n|-damage|p1a: Koraidon|67\/100\n|-sidestart|p1: ChimeBliss|Spikes\n|\n|-weather|SunnyDay|[upkeep]\n|-damage|p2a: Samurott|68\/100 psn|[from] psn\n|upkeep\n|turn|4\n|\n|t:|1698797294\n|move|p2a: Samurott|Sucker Punch|p1a: Koraidon\n|-resisted|p1a: Koraidon\n|-damage|p1a: Koraidon|53\/100\n|move|p1a: Koraidon|Scale Shot|p2a: Samurott\n|-damage|p2a: Samurott|21\/100 psn\n|-damage|p2a: Samurott|0 fnt\n|faint|p2a: Samurott\n|-hitcount|p2: Samurott|2\n|-unboost|p1a: Koraidon|def|1\n|-boost|p1a: Koraidon|spe|1\n|\n|-weather|SunnyDay|[upkeep]\n|upkeep\n|\n|t:|1698797297\n|switch|p2a: Chi-yu|Eternatus|100\/100\n|-damage|p2a: Chi-yu|88\/100|[from] Spikes\n|-sideend|p2: kalibao|move: Toxic Spikes|[of] p2a: Chi-yu\n|-ability|p2a: Chi-yu|Pressure\n|turn|5\n|\n|t:|1698797307\n|-terastallize|p2a: Chi-yu|Steel\n|move|p1a: Koraidon|Scale Shot|p2a: Chi-yu\n|-resisted|p2a: Chi-yu\n|-damage|p2a: Chi-yu|74\/100\n|-resisted|p2a: Chi-yu\n|-damage|p2a: Chi-yu|60\/100\n|-resisted|p2a: Chi-yu\n|-damage|p2a: Chi-yu|44\/100\n|-resisted|p2a: Chi-yu\n|-damage|p2a: Chi-yu|29\/100\n|-resisted|p2a: Chi-yu\n|-damage|p2a: Chi-yu|13\/100\n|-hitcount|p2a: Chi-yu|5\n|-unboost|p1a: Koraidon|def|1\n|-boost|p1a: Koraidon|spe|1\n|move|p2a: Chi-yu|Sludge Bomb|p1a: Koraidon\n|-damage|p1a: Koraidon|0 fnt\n|faint|p1a: Koraidon\n|-damage|p2a: Chi-yu|3\/100|[from] item: Life Orb\n|\n|-weather|SunnyDay|[upkeep]\n|upkeep\n|\n|t:|1698797319\n|switch|p1a: Calyrex|Calyrex-Shadow|100\/100\n|-ability|p1a: Calyrex|As One\n|-ability|p1a: Calyrex|Unnerve\n|-damage|p1a: Calyrex|84\/100|[from] Spikes\n|turn|6\n|\n|t:|1698797327\n|switch|p2a: Arceus|Arceus|100\/100\n|move|p1a: Calyrex|Draining Kiss|p2a: Arceus\n|-damage|p2a: Arceus|88\/100\n|-heal|p1a: Calyrex|95\/100|[from] drain|[of] p2a: Arceus\n|\n|-weather|SunnyDay|[upkeep]\n|-heal|p1a: Calyrex|100\/100|[from] item: Leftovers\n|upkeep\n|turn|7\n|\n|t:|1698797337\n|-terastallize|p1a: Calyrex|Fairy\n|move|p2a: Arceus|Extreme Speed|p1a: Calyrex\n|-damage|p1a: Calyrex|57\/100\n|move|p1a: Calyrex|Nasty Plot|p1a: Calyrex\n|-boost|p1a: Calyrex|spa|2\n|\n|-weather|none\n|-heal|p1a: Calyrex|63\/100|[from] item: Leftovers\n|upkeep\n|turn|8\n|\n|t:|1698797346\n|switch|p2a: Chi-yu|Eternatus, tera:Steel|3\/100\n|-damage|p2a: Chi-yu|0 fnt|[from] Spikes\n|faint|p2a: Chi-yu\n|move|p1a: Calyrex|Draining Kiss|p2: Chi-yu|[notarget]\n|-fail|p1a: Calyrex\n|\n|-heal|p1a: Calyrex|69\/100|[from] item: Leftovers\n|upkeep\n|\n|t:|1698797348\n|switch|p2a: Arceus|Arceus|100\/100\n|-damage|p2a: Arceus|88\/100|[from] Spikes\n|turn|9\n|\n|t:|1698797351\n|move|p1a: Calyrex|Draining Kiss|p2a: Arceus\n|-damage|p2a: Arceus|44\/100\n|-heal|p1a: Calyrex|100\/100|[from] drain|[of] p2a: Arceus\n|move|p2a: Arceus|Swords Dance|p2a: Arceus\n|-boost|p2a: Arceus|atk|2\n|\n|upkeep\n|turn|10\n|\n|t:|1698797355\n|move|p2a: Arceus|Extreme Speed|p1a: Calyrex\n|-damage|p1a: Calyrex|0 fnt\n|faint|p1a: Calyrex\n|-damage|p2a: Arceus|34\/100|[from] item: Life Orb\n|\n|upkeep\n|\n|t:|1698797369\n|switch|p1a: Arceus|Arceus|100\/100\n|-damage|p1a: Arceus|84\/100|[from] Spikes\n|turn|11\n|inactive|ChimeBliss has 120 seconds left.\n|\n|t:|1698797423\n|move|p2a: Arceus|Extreme Speed|p1a: Arceus\n|-damage|p1a: Arceus|12\/100\n|-damage|p2a: Arceus|24\/100|[from] item: Life Orb\n|move|p1a: Arceus|Extreme Speed|p2a: Arceus\n|-damage|p2a: Arceus|0 fnt\n|faint|p2a: Arceus\n|\n|-heal|p1a: Arceus|19\/100|[from] item: Leftovers\n|upkeep\n|\n|t:|1698797430\n|switch|p2a: Calyrex|Calyrex-Shadow|100\/100\n|-ability|p2a: Calyrex|As One\n|-ability|p2a: Calyrex|Unnerve\n|turn|12\n|\n|t:|1698797439\n|move|p2a: Calyrex|Grass Knot|p1a: Arceus\n|-damage|p1a: Arceus|0 fnt\n|faint|p1a: Arceus\n|-ability|p2a: Calyrex|Grim Neigh|boost\n|-boost|p2a: Calyrex|spa|1\n|\n|upkeep\n|\n|t:|1698797441\n|switch|p1a: Grimmsnarl|Grimmsnarl, M|100\/100\n|-damage|p1a: Grimmsnarl|84\/100|[from] Spikes\n|turn|13\n|\n|t:|1698797446\n|move|p1a: Grimmsnarl|Light Screen|p1a: Grimmsnarl\n|-sidestart|p1: ChimeBliss|move: Light Screen\n|move|p2a: Calyrex|Astral Barrage|p1a: Grimmsnarl\n|-resisted|p1a: Grimmsnarl\n|-damage|p1a: Grimmsnarl|62\/100\n|\n|upkeep\n|turn|14\n|\n|t:|1698797451\n|move|p1a: Grimmsnarl|Reflect|p1a: Grimmsnarl\n|-sidestart|p1: ChimeBliss|Reflect\n|move|p2a: Calyrex|Encore|p1a: Grimmsnarl\n|-start|p1a: Grimmsnarl|Encore\n|\n|upkeep\n|turn|15\n|\n|t:|1698797455\n|switch|p1a: Arceus|Arceus-Ground|100\/100\n|-damage|p1a: Arceus|84\/100|[from] Spikes\n|move|p2a: Calyrex|Psyshock|p1a: Arceus\n|-damage|p1a: Arceus|54\/100\n|\n|upkeep\n|turn|16\n|\n|t:|1698797458\n|move|p2a: Calyrex|Grass Knot|p1a: Arceus\n|-supereffective|p1a: Arceus\n|-damage|p1a: Arceus|0 fnt\n|faint|p1a: Arceus\n|-ability|p2a: Calyrex|Grim Neigh|boost\n|-boost|p2a: Calyrex|spa|1\n|\n|upkeep\n|-message|ChimeBliss forfeited.\n|\n|win|kalibao\n|raw|ChimeBliss's rating: 1353 &rarr; <strong>1345<\/strong><br \/>(-8 for losing)\n|raw|kalibao's rating: 1592 &rarr; <strong>1600<\/strong><br \/>(+8 for winning)\n","uploadtime":1698797465,"views":6,"p1id":"chimebliss","p2id":"kalibao","formatid":"gen9anythinggoes","rating":1345,"private":0,"password":""}