{"id":"gen9anythinggoes-1975324895","p1":"thejester_711","p2":"jam of jam","format":"[Gen 9] Anything Goes","log":"|j|\u2606thejester_711\n|j|\u2606jam of jam\n|t:|1698179916\n|gametype|singles\n|player|p1|thejester_711|swimmer-gen4dp|1141\n|player|p2|jam of jam|170|1215\n|teamsize|p1|6\n|teamsize|p2|6\n|gen|9\n|tier|[Gen 9] Anything Goes\n|rated|\n|rule|HP Percentage Mod: HP is shown in percentages\n|rule|Endless Battle Clause: Forcing endless battles is banned\n|clearpoke\n|poke|p1|Altaria, F|\n|poke|p1|Palkia-Origin|\n|poke|p1|Talonflame, F|\n|poke|p1|Greninja-*, M|\n|poke|p1|Clodsire, M|\n|poke|p1|Zacian-*|\n|poke|p2|Zacian-*|\n|poke|p2|Toxapex, M|\n|poke|p2|Dragapult, F|\n|poke|p2|Amoonguss, M|\n|poke|p2|Landorus-Therian, M|\n|poke|p2|Ogerpon-Hearthflame, F|\n|teampreview\n|\n|t:|1698179928\n|start\n|switch|p1a: Clodsire|Clodsire, M|100\/100\n|switch|p2a: Zacian|Zacian-Crowned, shiny|100\/100\n|-ability|p2a: Zacian|Intrepid Sword|boost\n|-boost|p2a: Zacian|atk|1\n|turn|1\n|\n|t:|1698179938\n|switch|p2a: Toxapex|Toxapex, M|100\/100\n|move|p1a: Clodsire|Toxic Spikes|p2a: Toxapex\n|-sidestart|p2: jam of jam|move: Toxic Spikes\n|\n|upkeep\n|turn|2\n|\n|t:|1698179945\n|move|p2a: Toxapex|Toxic Spikes|p1a: Clodsire\n|-sidestart|p1: thejester_711|move: Toxic Spikes\n|move|p1a: Clodsire|Stealth Rock|p2a: Toxapex\n|-sidestart|p2: jam of jam|move: Stealth Rock\n|\n|upkeep\n|turn|3\n|\n|t:|1698179950\n|move|p2a: Toxapex|Toxic Spikes|p1a: Clodsire\n|-sidestart|p1: thejester_711|move: Toxic Spikes\n|move|p1a: Clodsire|Spikes|p2a: Toxapex\n|-sidestart|p2: jam of jam|Spikes\n|\n|upkeep\n|turn|4\n|\n|t:|1698179955\n|move|p2a: Toxapex|Blizzard|p1a: Clodsire\n|-supereffective|p1a: Clodsire\n|-damage|p1a: Clodsire|83\/100\n|move|p1a: Clodsire|Spikes|p2a: Toxapex\n|-sidestart|p2: jam of jam|Spikes\n|\n|upkeep\n|turn|5\n|\n|t:|1698179963\n|move|p2a: Toxapex|Blizzard|p1a: Clodsire|[miss]\n|-miss|p2a: Toxapex|p1a: Clodsire\n|move|p1a: Clodsire|Toxic Spikes|p2a: Toxapex\n|-sidestart|p2: jam of jam|move: Toxic Spikes\n|\n|upkeep\n|turn|6\n|\n|t:|1698179969\n|move|p2a: Toxapex|Blizzard|p1a: Clodsire\n|-supereffective|p1a: Clodsire\n|-damage|p1a: Clodsire|66\/100\n|move|p1a: Clodsire|Spikes|p2a: Toxapex\n|-sidestart|p2: jam of jam|Spikes\n|\n|upkeep\n|turn|7\n|j| johnnyboywizard\n|\n|t:|1698179979\n|move|p2a: Toxapex|Chilling Water|p1a: Clodsire\n|-heal|p1a: Clodsire|90\/100|[from] ability: Water Absorb|[of] p2a: Toxapex\n|move|p1a: Clodsire|Stealth Rock||[still]\n|-fail|p1a: Clodsire\n|\n|upkeep\n|turn|8\n|\n|t:|1698179992\n|switch|p1a: Palkia|Palkia-Origin|100\/100\n|-status|p1a: Palkia|tox\n|-ability|p1a: Palkia|Pressure\n|move|p2a: Toxapex|Blizzard|p1a: Palkia\n|-damage|p1a: Palkia|86\/100 tox\n|\n|-damage|p1a: Palkia|79\/100 tox|[from] psn\n|upkeep\n|turn|9\n|\n|t:|1698180009\n|move|p1a: Palkia|Thunderbolt|p2a: Toxapex\n|-supereffective|p2a: Toxapex\n|-damage|p2a: Toxapex|42\/100\n|move|p2a: Toxapex|Blizzard|p1a: Palkia\n|-damage|p1a: Palkia|65\/100 tox\n|\n|-damage|p1a: Palkia|52\/100 tox|[from] psn\n|upkeep\n|turn|10\n|\n|t:|1698180018\n|move|p2a: Toxapex|Baneful Bunker|p2a: Toxapex\n|-singleturn|p2a: Toxapex|move: Protect\n|move|p1a: Palkia|Thunderbolt|p2a: Toxapex\n|-activate|p2a: Toxapex|move: Protect\n|\n|-damage|p1a: Palkia|34\/100 tox|[from] psn\n|upkeep\n|turn|11\n|\n|t:|1698180026\n|move|p2a: Toxapex|Baneful Bunker||[still]\n|-fail|p2a: Toxapex\n|move|p1a: Palkia|Thunderbolt|p2a: Toxapex\n|-supereffective|p2a: Toxapex\n|-damage|p2a: Toxapex|0 fnt\n|faint|p2a: Toxapex\n|\n|-damage|p1a: Palkia|9\/100 tox|[from] psn\n|upkeep\n|\n|t:|1698180039\n|switch|p2a: Zacian|Zacian-Crowned, shiny|100\/100\n|-damage|p2a: Zacian|94\/100|[from] Stealth Rock\n|-damage|p2a: Zacian|70\/100|[from] Spikes\n|turn|12\n|\n|t:|1698180048\n|move|p1a: Palkia|Flamethrower|p2a: Zacian\n|-supereffective|p2a: Zacian\n|-damage|p2a: Zacian|7\/100\n|move|p2a: Zacian|Swords Dance|p2a: Zacian\n|-boost|p2a: Zacian|atk|2\n|\n|-damage|p1a: Palkia|0 fnt|[from] psn\n|faint|p1a: Palkia\n|upkeep\n|\n|t:|1698180056\n|switch|p1a: Talonflame|Talonflame, F|100\/100\n|turn|13\n|\n|t:|1698180064\n|move|p1a: Talonflame|Fire Blast|p2a: Zacian\n|-supereffective|p2a: Zacian\n|-damage|p2a: Zacian|0 fnt\n|faint|p2a: Zacian\n|\n|upkeep\n|\n|t:|1698180074\n|switch|p2a: Amoonguss|Amoonguss, M|100\/100\n|-sideend|p2: jam of jam|move: Toxic Spikes|[of] p2a: Amoonguss\n|-damage|p2a: Amoonguss|88\/100|[from] Stealth Rock\n|-damage|p2a: Amoonguss|63\/100|[from] Spikes\n|turn|14\n|\n|t:|1698180082\n|move|p1a: Talonflame|Flare Blitz|p2a: Amoonguss\n|-supereffective|p2a: Amoonguss\n|-damage|p2a: Amoonguss|0 fnt\n|faint|p2a: Amoonguss\n|-damage|p1a: Talonflame|71\/100|[from] Recoil\n|\n|upkeep\n|\n|t:|1698180090\n|switch|p2a: Landorus|Landorus-Therian, M|100\/100\n|-damage|p2a: Landorus|88\/100|[from] Stealth Rock\n|-ability|p2a: Landorus|Intimidate|boost\n|-unboost|p1a: Talonflame|atk|1\n|turn|15\n|\n|t:|1698180100\n|switch|p2a: Dragapult|Dragapult, F|100\/100\n|-damage|p2a: Dragapult|88\/100|[from] Stealth Rock\n|-damage|p2a: Dragapult|63\/100|[from] Spikes\n|move|p1a: Talonflame|Fire Blast|p2a: Dragapult\n|-resisted|p2a: Dragapult\n|-damage|p2a: Dragapult|47\/100\n|\n|upkeep\n|turn|16\n|\n|t:|1698180114\n|-terastallize|p2a: Dragapult|Flying\n|move|p2a: Dragapult|Acrobatics|p1a: Talonflame\n|-damage|p1a: Talonflame|9\/100\n|move|p1a: Talonflame|Brave Bird|p2a: Dragapult\n|-damage|p2a: Dragapult|14\/100\n|-damage|p1a: Talonflame|0 fnt|[from] Recoil\n|faint|p1a: Talonflame\n|\n|upkeep\n|\n|t:|1698180132\n|switch|p1a: Clodsire|Clodsire, M|90\/100\n|-sideend|p1: thejester_711|move: Toxic Spikes|[of] p1a: Clodsire\n|turn|17\n|\n|t:|1698180141\n|move|p2a: Dragapult|Acrobatics|p1a: Clodsire\n|-damage|p1a: Clodsire|49\/100\n|move|p1a: Clodsire|Toxic Spikes|p2a: Dragapult\n|-sidestart|p2: jam of jam|move: Toxic Spikes\n|\n|upkeep\n|turn|18\n|\n|t:|1698180147\n|move|p2a: Dragapult|Acrobatics|p1a: Clodsire\n|-damage|p1a: Clodsire|3\/100\n|move|p1a: Clodsire|Toxic Spikes|p2a: Dragapult\n|-sidestart|p2: jam of jam|move: Toxic Spikes\n|\n|upkeep\n|turn|19\n|\n|t:|1698180153\n|move|p2a: Dragapult|Acrobatics|p1a: Clodsire\n|-damage|p1a: Clodsire|0 fnt\n|faint|p1a: Clodsire\n|\n|upkeep\n|\n|t:|1698180158\n|switch|p1a: Altaria|Altaria, F|100\/100\n|turn|20\n|\n|t:|1698180165\n|move|p2a: Dragapult|Dragon Darts|p1a: Altaria\n|-supereffective|p1a: Altaria\n|-damage|p1a: Altaria|52\/100\n|-anim|p2a: Dragapult|Dragon Darts|p1a: Altaria\n|-supereffective|p1a: Altaria\n|-damage|p1a: Altaria|9\/100\n|move|p1a: Altaria|Dragon Claw|p2a: Dragapult\n|-damage|p2a: Dragapult|0 fnt\n|faint|p2a: Dragapult\n|\n|upkeep\n|\n|t:|1698180176\n|switch|p2a: Ogerpon|Ogerpon-Hearthflame, F|100\/100\n|-damage|p2a: Ogerpon|76\/100|[from] Stealth Rock\n|-damage|p2a: Ogerpon|51\/100|[from] Spikes\n|-status|p2a: Ogerpon|tox\n|-ability|p2a: Ogerpon|Mold Breaker\n|turn|21\n|\n|t:|1698180193\n|move|p2a: Ogerpon|Play Rough|p1a: Altaria\n|-supereffective|p1a: Altaria\n|-damage|p1a: Altaria|0 fnt\n|faint|p1a: Altaria\n|\n|-damage|p2a: Ogerpon|45\/100 tox|[from] psn\n|upkeep\n|\n|t:|1698180199\n|switch|p1a: Greninja|Greninja, M|100\/100\n|turn|22\n|\n|t:|1698180205\n|move|p1a: Greninja|Acrobatics|p2a: Ogerpon\n|-supereffective|p2a: Ogerpon\n|-damage|p2a: Ogerpon|0 fnt\n|faint|p2a: Ogerpon\n|-ability|p1a: Greninja|Battle Bond|boost\n|-boost|p1a: Greninja|atk|1\n|-boost|p1a: Greninja|spa|1\n|-boost|p1a: Greninja|spe|1\n|-activate|p1a: Greninja|ability: Battle Bond\n|\n|upkeep\n|\n|t:|1698180214\n|switch|p2a: Landorus|Landorus-Therian, M|88\/100\n|-damage|p2a: Landorus|76\/100|[from] Stealth Rock\n|-ability|p2a: Landorus|Intimidate|boost\n|-unboost|p1a: Greninja|atk|1\n|turn|23\n|\n|t:|1698180221\n|move|p1a: Greninja|Water Shuriken|p2a: Landorus\n|-supereffective|p2a: Landorus\n|-damage|p2a: Landorus|50\/100\n|-supereffective|p2a: Landorus\n|-damage|p2a: Landorus|25\/100\n|-hitcount|p2a: Landorus|2\n|move|p2a: Landorus|Earthquake|p1a: Greninja\n|-damage|p1a: Greninja|0 fnt\n|faint|p1a: Greninja\n|\n|upkeep\n|\n|t:|1698180229\n|switch|p1a: Zacian|Zacian-Crowned|100\/100\n|-ability|p1a: Zacian|Intrepid Sword|boost\n|-boost|p1a: Zacian|atk|1\n|turn|24\n|\n|t:|1698180238\n|move|p1a: Zacian|Behemoth Blade|p2a: Landorus\n|-damage|p2a: Landorus|0 fnt\n|faint|p2a: Landorus\n|\n|win|thejester_711\n|raw|thejester_711's rating: 1141 &rarr; <strong>1171<\/strong><br \/>(+30 for winning)\n|raw|jam of jam's rating: 1215 &rarr; <strong>1185<\/strong><br \/>(-30 for losing)\n|l|\u2606thejester_711\n","uploadtime":1698180255,"views":12,"p1id":"thejester711","p2id":"jamofjam","formatid":"gen9anythinggoes","rating":1171,"private":0,"password":""}