{"id":"gen9anythinggoes-1972412682","p1":"Tryorse","p2":"purpleclifffs","format":"[Gen 9] Anything Goes","log":"|j|\u2606Tryorse\n|j|\u2606purpleclifffs\n|t:|1697840049\n|gametype|singles\n|player|p1|Tryorse|hilbert|1134\n|player|p2|purpleclifffs|hugh|1154\n|teamsize|p1|6\n|teamsize|p2|6\n|gen|9\n|tier|[Gen 9] Anything Goes\n|rated|\n|rule|HP Percentage Mod: HP is shown in percentages\n|rule|Endless Battle Clause: Forcing endless battles is banned\n|clearpoke\n|poke|p1|Chandelure, M|\n|poke|p1|Eelektross, M|\n|poke|p1|Milotic, M|\n|poke|p1|Sableye, M|\n|poke|p1|Hippowdon, M|\n|poke|p1|Cramorant, M|\n|poke|p2|Charizard, F|\n|poke|p2|Flutter Mane|\n|poke|p2|Clodsire, M|\n|poke|p2|Ogerpon-Wellspring, F|\n|poke|p2|Regieleki|\n|poke|p2|Magearna|\n|teampreview\n|\n|t:|1697840080\n|start\n|switch|p1a: Milotic|Milotic, M, shiny|100\/100\n|switch|p2a: Clodsire|Clodsire, M|100\/100\n|turn|1\n|\n|t:|1697840091\n|move|p1a: Milotic|Ice Beam|p2a: Clodsire\n|-supereffective|p2a: Clodsire\n|-damage|p2a: Clodsire|33\/100\n|-damage|p1a: Milotic|91\/100|[from] item: Life Orb\n|move|p2a: Clodsire|Toxic Spikes|p1a: Milotic\n|-sidestart|p1: Tryorse|move: Toxic Spikes\n|\n|-heal|p2a: Clodsire|39\/100|[from] item: Leftovers\n|upkeep\n|turn|2\n|\n|t:|1697840100\n|move|p1a: Milotic|Ice Beam|p2a: Clodsire\n|-supereffective|p2a: Clodsire\n|-damage|p2a: Clodsire|0 fnt\n|faint|p2a: Clodsire\n|-damage|p1a: Milotic|81\/100|[from] item: Life Orb\n|\n|upkeep\n|\n|t:|1697840110\n|switch|p2a: Regieleki|Regieleki|100\/100\n|turn|3\n|\n|t:|1697840128\n|move|p2a: Regieleki|Thunder Cage|p1a: Milotic\n|-supereffective|p1a: Milotic\n|-damage|p1a: Milotic|2\/100\n|-activate|p1a: Milotic|move: Thunder Cage|[of] p2a: Regieleki\n|-damage|p2a: Regieleki|91\/100|[from] item: Life Orb\n|move|p1a: Milotic|Scald|p2a: Regieleki\n|-damage|p2a: Regieleki|24\/100\n|-damage|p1a: Milotic|0 fnt|[from] item: Life Orb\n|faint|p1a: Milotic\n|\n|upkeep\n|\n|t:|1697840141\n|switch|p1a: Sableye|Sableye, M, shiny|100\/100\n|-status|p1a: Sableye|psn\n|turn|4\n|\n|t:|1697840147\n|move|p1a: Sableye|Fake Out|p2a: Regieleki\n|-damage|p2a: Regieleki|14\/100\n|cant|p2a: Regieleki|flinch\n|\n|-damage|p1a: Sableye|88\/100 psn|[from] psn\n|upkeep\n|turn|5\n|\n|t:|1697840153\n|move|p1a: Sableye|Shadow Sneak|p2a: Regieleki\n|-damage|p2a: Regieleki|0 fnt\n|faint|p2a: Regieleki\n|\n|-damage|p1a: Sableye|76\/100 psn|[from] psn\n|upkeep\n|\n|t:|1697840160\n|switch|p2a: Ogerpon|Ogerpon-Wellspring, F|100\/100\n|turn|6\n|\n|t:|1697840164\n|move|p1a: Sableye|Will-O-Wisp|p2a: Ogerpon\n|-status|p2a: Ogerpon|brn\n|move|p2a: Ogerpon|Play Rough|p1a: Sableye\n|-supereffective|p1a: Sableye\n|-damage|p1a: Sableye|39\/100 psn\n|\n|-damage|p1a: Sableye|26\/100 psn|[from] psn\n|-damage|p2a: Ogerpon|94\/100 brn|[from] brn\n|upkeep\n|turn|7\n|\n|t:|1697840176\n|move|p2a: Ogerpon|Play Rough|p1a: Sableye\n|-supereffective|p1a: Sableye\n|-damage|p1a: Sableye|0 fnt\n|faint|p1a: Sableye\n|\n|-damage|p2a: Ogerpon|88\/100 brn|[from] brn\n|upkeep\n|\n|t:|1697840187\n|switch|p1a: Eelektross|Eelektross, M|100\/100\n|turn|8\n|\n|t:|1697840193\n|move|p2a: Ogerpon|Horn Leech|p1a: Eelektross\n|-damage|p1a: Eelektross|81\/100\n|-heal|p2a: Ogerpon|97\/100 brn|[from] drain|[of] p1a: Eelektross\n|move|p1a: Eelektross|Thunder Punch|p2a: Ogerpon\n|-damage|p2a: Ogerpon|53\/100 brn\n|\n|-damage|p2a: Ogerpon|47\/100 brn|[from] brn\n|upkeep\n|turn|9\n|\n|t:|1697840201\n|move|p2a: Ogerpon|Play Rough|p1a: Eelektross\n|-damage|p1a: Eelektross|65\/100\n|move|p1a: Eelektross|Drain Punch|p2a: Ogerpon\n|-damage|p2a: Ogerpon|18\/100 brn\n|-heal|p1a: Eelektross|82\/100|[from] drain|[of] p2a: Ogerpon\n|\n|-damage|p2a: Ogerpon|12\/100 brn|[from] brn\n|upkeep\n|turn|10\n|\n|t:|1697840212\n|move|p2a: Ogerpon|Horn Leech|p1a: Eelektross\n|-damage|p1a: Eelektross|61\/100\n|-heal|p2a: Ogerpon|21\/100 brn|[from] drain|[of] p1a: Eelektross\n|move|p1a: Eelektross|Drain Punch|p2a: Ogerpon\n|-damage|p2a: Ogerpon|0 fnt\n|-heal|p1a: Eelektross|73\/100|[from] drain|[of] p2a: Ogerpon\n|faint|p2a: Ogerpon\n|\n|upkeep\n|\n|t:|1697840222\n|switch|p2a: Magearna|Magearna|100\/100\n|turn|11\n|c|\u2606purpleclifffs|i have a one shot move\n|c|\u2606purpleclifffs|lol\n|\n|t:|1697840254\n|move|p2a: Magearna|Calm Mind|p2a: Magearna\n|-boost|p2a: Magearna|spa|1\n|-boost|p2a: Magearna|spd|1\n|move|p1a: Eelektross|Thunder Punch|p2a: Magearna\n|-damage|p2a: Magearna|63\/100\n|-status|p2a: Magearna|par\n|\n|upkeep\n|turn|12\n|\n|t:|1697840294\n|move|p1a: Eelektross|Thunder Punch|p2a: Magearna\n|-damage|p2a: Magearna|25\/100 par\n|move|p2a: Magearna|Fleur Cannon|p1a: Eelektross\n|-damage|p1a: Eelektross|0 fnt\n|-unboost|p2a: Magearna|spa|2\n|faint|p1a: Eelektross\n|-ability|p2a: Magearna|Soul-Heart|boost\n|-boost|p2a: Magearna|spa|1\n|\n|upkeep\n|\n|t:|1697840309\n|switch|p1a: Hippowdon|Hippowdon, M, shiny|100\/100\n|-status|p1a: Hippowdon|psn\n|-weather|Sandstorm|[from] ability: Sand Stream|[of] p1a: Hippowdon\n|turn|13\n|\n|t:|1697840319\n|move|p1a: Hippowdon|Fire Fang|p2a: Magearna\n|-supereffective|p2a: Magearna\n|-damage|p2a: Magearna|0 fnt\n|faint|p2a: Magearna\n|\n|-weather|Sandstorm|[upkeep]\n|-damage|p1a: Hippowdon|88\/100 psn|[from] psn\n|upkeep\n|\n|t:|1697840327\n|switch|p2a: Flutter Mane|Flutter Mane|100\/100\n|turn|14\n|\n|t:|1697840337\n|move|p2a: Flutter Mane|Calm Mind|p2a: Flutter Mane\n|-boost|p2a: Flutter Mane|spa|1\n|-boost|p2a: Flutter Mane|spd|1\n|move|p1a: Hippowdon|Earthquake|p2a: Flutter Mane\n|-damage|p2a: Flutter Mane|49\/100\n|\n|-weather|Sandstorm|[upkeep]\n|-damage|p2a: Flutter Mane|43\/100|[from] Sandstorm\n|-damage|p1a: Hippowdon|75\/100 psn|[from] psn\n|upkeep\n|turn|15\n|\n|t:|1697840346\n|move|p2a: Flutter Mane|Shadow Ball|p1a: Hippowdon\n|-crit|p1a: Hippowdon\n|-damage|p1a: Hippowdon|24\/100 psn\n|-damage|p2a: Flutter Mane|33\/100|[from] item: Life Orb\n|move|p1a: Hippowdon|Earthquake|p2a: Flutter Mane\n|-damage|p2a: Flutter Mane|0 fnt\n|faint|p2a: Flutter Mane\n|-end|p2a: Flutter Mane|Protosynthesis|[silent]\n|\n|-weather|Sandstorm|[upkeep]\n|-damage|p1a: Hippowdon|12\/100 psn|[from] psn\n|upkeep\n|\n|t:|1697840357\n|switch|p2a: ass|Charizard, F|100\/100\n|turn|16\n|\n|t:|1697840363\n|-terastallize|p2a: ass|Fire\n|move|p2a: ass|Air Slash|p1a: Hippowdon\n|-damage|p1a: Hippowdon|0 fnt\n|faint|p1a: Hippowdon\n|\n|-weather|Sandstorm|[upkeep]\n|-damage|p2a: ass|94\/100|[from] Sandstorm\n|upkeep\n|\n|t:|1697840393\n|switch|p1a: Chandelure|Chandelure, M, shiny|100\/100\n|-status|p1a: Chandelure|psn\n|turn|17\n|\n|t:|1697840401\n|move|p2a: ass|Ancient Power|p1a: Chandelure\n|-supereffective|p1a: Chandelure\n|-damage|p1a: Chandelure|61\/100 psn\n|move|p1a: Chandelure|Flamethrower|p2a: ass\n|-resisted|p2a: ass\n|-damage|p2a: ass|52\/100\n|\n|-weather|none\n|-damage|p1a: Chandelure|49\/100 psn|[from] psn\n|upkeep\n|turn|18\n|\n|t:|1697840414\n|move|p2a: ass|Ancient Power|p1a: Chandelure\n|-supereffective|p1a: Chandelure\n|-damage|p1a: Chandelure|8\/100 psn\n|move|p1a: Chandelure|Dark Pulse|p2a: ass\n|-damage|p2a: ass|12\/100\n|\n|-damage|p1a: Chandelure|0 fnt|[from] psn\n|faint|p1a: Chandelure\n|upkeep\n|\n|t:|1697840466\n|switch|p1a: Cramorant|Cramorant, M|100\/100\n|turn|19\n|\n|t:|1697840473\n|-terastallize|p1a: Cramorant|Ground\n|move|p2a: ass|Thunder Punch|p1a: Cramorant\n|-immune|p1a: Cramorant\n|move|p1a: Cramorant|Surf|p2a: ass\n|-formechange|p1a: Cramorant|Cramorant-Gulping|\n|-supereffective|p2a: ass\n|-damage|p2a: ass|0 fnt\n|faint|p2a: ass\n|\n|win|Tryorse\n|raw|Tryorse's rating: 1134 &rarr; <strong>1160<\/strong><br \/>(+26 for winning)\n|raw|purpleclifffs's rating: 1154 &rarr; <strong>1128<\/strong><br \/>(-26 for losing)\n|l|\u2606purpleclifffs\n","uploadtime":1697840486,"views":8,"p1id":"tryorse","p2id":"purpleclifffs","formatid":"gen9anythinggoes","rating":1128,"private":0,"password":""}