{"id":"gen9anythinggoes-1973711548","p1":"ThorbsIRM","p2":"UltimoTheNerd","format":"[Gen 9] Anything Goes","log":"|j|\u2606ThorbsIRM\n|j|\u2606UltimoTheNerd\n|t:|1698005810\n|gametype|singles\n|player|p1|ThorbsIRM|ethan|\n|player|p2|UltimoTheNerd|pokemaniac|\n|teamsize|p1|6\n|teamsize|p2|6\n|gen|9\n|tier|[Gen 9] Anything Goes\n|rule|HP Percentage Mod: HP is shown in percentages\n|rule|Endless Battle Clause: Forcing endless battles is banned\n|clearpoke\n|poke|p1|Gastrodon, M|\n|poke|p1|Salamence, F|\n|poke|p1|Scream Tail|\n|poke|p1|Cetitan, M|\n|poke|p1|Revavroom, F|\n|poke|p1|Abomasnow, F|\n|poke|p2|Magnezone|\n|poke|p2|Slither Wing|\n|poke|p2|Donphan, M|\n|poke|p2|Arboliva, F|\n|poke|p2|Umbreon, M|\n|poke|p2|Lycanroc, M|\n|teampreview\n|j| TBarnsley\n|j| Bird.gov\n|j| Sparkiestjolteon\n|j| fishy_doodles\n|c|\u2606ThorbsIRM|gl oli\n|c| Bird.gov|insane time\n|c| fishy_doodles|gg gl\n|c|\u2606UltimoTheNerd|GL but also please throw :)\n|c|\u2606ThorbsIRM|ill try bby\n|c| fishy_doodles|i forgot flutter mane isnt ou in singles\n|c|\u2606UltimoTheNerd|Flutter Mane isn't here\n|c| fishy_doodles|wait\n|c| Bird.gov|may the best pleyer win\n|c|\u2606UltimoTheNerd|Are you referring to Scream Tail\n|c| fishy_doodles|yea\n|c|\u2606UltimoTheNerd|Flutter Mane is Ubers\n|c| fishy_doodles|sorry i forgor\n|c| fishy_doodles|tbh the name works for her too\n|c| Bird.gov|oh wow I forgot mega rayquaza isn't RU\n|c|\u2606UltimoTheNerd|I forgot Furret isn't AG my bad\n|c| Bird.gov|furret was OU during DLC release before tiers sorted themselves out\n|c| Bird.gov|give my boy some respect\n|c| fishy_doodles|furret tidy up sweep\n|c| fishy_doodles|im drafting it next season\n|c| Bird.gov|I'll snipe it now\n|c| fishy_doodles|thats so mean\n|c|\u2606UltimoTheNerd|Furret is in PU rn so stfu\n|c|\u2606UltimoTheNerd|At least it aint untiered anymore\n|c|\u2606UltimoTheNerd|(At least for now)\n|l| Sparkiestjolteon\n|j| Sparkiestjolteon\n|\n|t:|1698006071\n|start\n|switch|p1a: Chuckles|Abomasnow, F|100\/100\n|switch|p2a: High Noon|Slither Wing|100\/100\n|-weather|Snow|[from] ability: Snow Warning|[of] p1a: Chuckles\n|turn|1\n|c| Bird.gov|I'm genuinely interested in how well it'll do in lower tiers\n|c|\u2606ThorbsIRM|i wish i still had my earphones :(\n|c| Bird.gov|*chuckles\n|c| Bird.gov|\"It's high noon\"\n|\n|t:|1698006149\n|switch|p1a: J1gglypuff|Scream Tail|100\/100\n|move|p2a: High Noon|U-turn|p1a: J1gglypuff\n|-damage|p1a: J1gglypuff|76\/100\n|\n|t:|1698006154\n|-end|p2a: High Noon|Protosynthesis|[silent]\n|switch|p2a: Cobalt|Magnezone|100\/100|[from] U-turn\n|\n|-weather|Snow|[upkeep]\n|upkeep\n|turn|2\n|c|\u2606UltimoTheNerd|Jigglypuff with a 1 because showdown won't let you name pokemon after other pokemon\n|c|\u2606ThorbsIRM|yep\n|c|\u2606ThorbsIRM|:)\n|c| fishy_doodles|i thought 1 cuz its a ancient form and its like the first jigglypuff ever\n|\n|t:|1698006214\n|-end|p1a: J1gglypuff|Protosynthesis|[silent]\n|switch|p1a: Jerry|Gastrodon, M|100\/100\n|move|p2a: Cobalt|Flash Cannon|p1a: Jerry\n|-resisted|p1a: Jerry\n|-damage|p1a: Jerry|77\/100\n|\n|-weather|Snow|[upkeep]\n|upkeep\n|turn|3\n|\n|t:|1698006247\n|switch|p2a: High Noon|Slither Wing|100\/100\n|switch|p1a: Jawz|Cetitan, M|100\/100\n|\n|-weather|Snow|[upkeep]\n|upkeep\n|turn|4\n|c|\u2606UltimoTheNerd|no don't do that\n|c|\u2606UltimoTheNerd|i forbid it >:(\n|c| Bird.gov|going for the kill\n|c| fishy_doodles|thorbs did the thing i was thinking about\n|\n|t:|1698006293\n|-end|p2a: High Noon|Protosynthesis|[silent]\n|switch|p2a: Cobalt|Magnezone|100\/100\n|move|p1a: Jawz|Icicle Crash|p2a: Cobalt\n|-resisted|p2a: Cobalt\n|-damage|p2a: Cobalt|79\/100\n|\n|-weather|Snow|[upkeep]\n|upkeep\n|turn|5\n|c|\u2606ThorbsIRM|what the obvious combo ive had for 9 weeks?\n|c|\u2606UltimoTheNerd|Yes\n|c|\u2606UltimoTheNerd|I thought you knew you weren't allowed it\n|\n|t:|1698006361\n|switch|p1a: Jerry|Gastrodon, M|77\/100\n|move|p2a: Cobalt|Flash Cannon|p1a: Jerry\n|-resisted|p1a: Jerry\n|-damage|p1a: Jerry|52\/100\n|\n|-weather|none\n|upkeep\n|turn|6\n|c| fishy_doodles|u neeeever use it like eeever\n|\n|t:|1698006371\n|switch|p2a: High Noon|Slither Wing|100\/100\n|move|p1a: Jerry|Recover|p1a: Jerry\n|-heal|p1a: Jerry|100\/100\n|\n|upkeep\n|turn|7\n|c| fishy_doodles|(i could be lying i havent seen many of ur matches)\n|c| fishy_doodles|im getting flamed in dms too about this now\n|\n|t:|1698006392\n|switch|p1a: J1gglypuff|Scream Tail|76\/100\n|move|p2a: High Noon|Trailblaze|p1a: J1gglypuff\n|-damage|p1a: J1gglypuff|65\/100\n|-boost|p2a: High Noon|spe|1\n|\n|upkeep\n|turn|8\n|l| Sparkiestjolteon\n|\n|t:|1698006406\n|-end|p2a: High Noon|Protosynthesis|[silent]\n|switch|p2a: Gumtree|Arboliva, F|100\/100\n|move|p1a: J1gglypuff|Wish|p1a: J1gglypuff\n|\n|upkeep\n|turn|9\n|\n|t:|1698006489\n|move|p1a: J1gglypuff|Play Rough|p2a: Gumtree\n|-damage|p2a: Gumtree|82\/100\n|-fieldstart|move: Grassy Terrain|[from] ability: Seed Sower|[of] p2a: Gumtree\n|move|p2a: Gumtree|Earth Power|p1a: J1gglypuff\n|-damage|p1a: J1gglypuff|46\/100\n|\n|-heal|p1a: J1gglypuff|96\/100|[from] move: Wish|[wisher] J1gglypuff\n|-heal|p1a: J1gglypuff|100\/100|[from] Grassy Terrain\n|-heal|p2a: Gumtree|88\/100|[from] Grassy Terrain\n|-heal|p2a: Gumtree|94\/100|[from] item: Leftovers\n|upkeep\n|turn|10\n|\n|t:|1698006514\n|-end|p1a: J1gglypuff|Protosynthesis|[silent]\n|switch|p1a: Calacar|Revavroom, F|100\/100\n|move|p2a: Gumtree|Giga Drain|p1a: Calacar\n|-resisted|p1a: Calacar\n|-damage|p1a: Calacar|84\/100\n|-heal|p2a: Gumtree|100\/100|[from] drain|[of] p1a: Calacar\n|\n|-heal|p1a: Calacar|90\/100|[from] Grassy Terrain\n|upkeep\n|turn|11\n|c|\u2606UltimoTheNerd|that was ballsy as fuck my guy\n|c|\u2606ThorbsIRM|ik lol\n|c|\u2606ThorbsIRM|thats me\n|\n|t:|1698006542\n|switch|p2a: Roland|Donphan, M|100\/100\n|move|p1a: Calacar|Parting Shot|p2a: Roland\n|-unboost|p2a: Roland|atk|1\n|-unboost|p2a: Roland|spa|1\n|\n|t:|1698006557\n|switch|p1a: Chuckles|Abomasnow, F|100\/100|[from] Parting Shot\n|-weather|Snow|[from] ability: Snow Warning|[of] p1a: Chuckles\n|\n|-weather|Snow|[upkeep]\n|upkeep\n|turn|12\n|j| Sparkiestjolteon\n|c| Bird.gov|*chuckles\n|c| Bird.gov|\"Roland\"\n|c|\u2606UltimoTheNerd|they see me roland\n|c|\u2606UltimoTheNerd|they hatand\n|c| Bird.gov|grrr\n|\n|t:|1698006652\n|switch|p2a: Cobalt|Magnezone|79\/100\n|move|p1a: Chuckles|Leaf Storm|p2a: Cobalt\n|-resisted|p2a: Cobalt\n|-damage|p2a: Cobalt|40\/100\n|-unboost|p1a: Chuckles|spa|2\n|\n|-weather|Snow|[upkeep]\n|-heal|p2a: Cobalt|46\/100|[from] Grassy Terrain\n|upkeep\n|turn|13\n|c|\u2606ThorbsIRM|couldnt resist lol\n|\n|t:|1698006678\n|switch|p1a: Jerry|Gastrodon, M|100\/100\n|move|p2a: Cobalt|Flash Cannon|p1a: Jerry\n|-resisted|p1a: Jerry\n|-damage|p1a: Jerry|77\/100\n|\n|-weather|Snow|[upkeep]\n|-heal|p2a: Cobalt|53\/100|[from] Grassy Terrain\n|-heal|p1a: Jerry|83\/100|[from] Grassy Terrain\n|-fieldend|move: Grassy Terrain\n|upkeep\n|turn|14\n|c| Bird.gov|magnezone could\n|\n|t:|1698006720\n|switch|p2a: Gumtree|Arboliva, F|100\/100\n|move|p1a: Jerry|Surf|p2a: Gumtree\n|-resisted|p2a: Gumtree\n|-damage|p2a: Gumtree|89\/100\n|-fieldstart|move: Grassy Terrain|[from] ability: Seed Sower|[of] p2a: Gumtree\n|\n|-weather|Snow|[upkeep]\n|-heal|p2a: Gumtree|95\/100|[from] Grassy Terrain\n|-heal|p1a: Jerry|89\/100|[from] Grassy Terrain\n|-heal|p2a: Gumtree|100\/100|[from] item: Leftovers\n|upkeep\n|turn|15\n|\n|t:|1698006795\n|move|p1a: Jerry|Sludge Bomb|p2a: Gumtree\n|-supereffective|p2a: Gumtree\n|-damage|p2a: Gumtree|66\/100\n|move|p2a: Gumtree|Earth Power|p1a: Jerry\n|-damage|p1a: Jerry|65\/100\n|\n|-weather|none\n|-heal|p1a: Jerry|71\/100|[from] Grassy Terrain\n|-heal|p2a: Gumtree|72\/100|[from] Grassy Terrain\n|-heal|p2a: Gumtree|78\/100|[from] item: Leftovers\n|upkeep\n|turn|16\n|\n|t:|1698006810\n|switch|p1a: Chuckles|Abomasnow, F|100\/100\n|-weather|Snow|[from] ability: Snow Warning|[of] p1a: Chuckles\n|-terastallize|p2a: Gumtree|Grass\n|move|p2a: Gumtree|Giga Drain|p1a: Chuckles\n|-resisted|p1a: Chuckles\n|-damage|p1a: Chuckles|67\/100\n|-heal|p2a: Gumtree|93\/100|[from] drain|[of] p1a: Chuckles\n|\n|-weather|Snow|[upkeep]\n|-heal|p1a: Chuckles|73\/100|[from] Grassy Terrain\n|-heal|p2a: Gumtree|99\/100|[from] Grassy Terrain\n|-heal|p2a: Gumtree|100\/100|[from] item: Leftovers\n|upkeep\n|turn|17\n|c| fishy_doodles|oli this burmy will be named after you\n|c|\u2606UltimoTheNerd|awesome thanks\n|\n|t:|1698007020\n|move|p1a: Chuckles|Blizzard|p2a: Gumtree\n|-supereffective|p2a: Gumtree\n|-crit|p2a: Gumtree\n|-damage|p2a: Gumtree|0 fnt\n|faint|p2a: Gumtree\n|\n|-weather|Snow|[upkeep]\n|-heal|p1a: Chuckles|80\/100|[from] Grassy Terrain\n|upkeep\n|\n|t:|1698007037\n|switch|p2a: High Noon|Slither Wing|100\/100\n|turn|18\n|\n|t:|1698007087\n|switch|p1a: J1gglypuff|Scream Tail|100\/100\n|move|p2a: High Noon|Close Combat|p1a: J1gglypuff\n|-resisted|p1a: J1gglypuff\n|-damage|p1a: J1gglypuff|90\/100\n|-unboost|p2a: High Noon|def|1\n|-unboost|p2a: High Noon|spd|1\n|\n|-weather|Snow|[upkeep]\n|-heal|p1a: J1gglypuff|96\/100|[from] Grassy Terrain\n|-fieldend|move: Grassy Terrain\n|upkeep\n|turn|19\n|\n|t:|1698007117\n|-end|p2a: High Noon|Protosynthesis|[silent]\n|switch|p2a: Phosphor|Umbreon, M, shiny|100\/100\n|move|p1a: J1gglypuff|Stomping Tantrum|p2a: Phosphor\n|-damage|p2a: Phosphor|93\/100\n|\n|-weather|Snow|[upkeep]\n|-heal|p2a: Phosphor|99\/100|[from] item: Leftovers\n|upkeep\n|turn|20\n|\n|t:|1698007161\n|-end|p1a: J1gglypuff|Protosynthesis|[silent]\n|switch|p1a: Calacar|Revavroom, F|90\/100\n|move|p2a: Phosphor|Wish|p2a: Phosphor\n|\n|-weather|none\n|-heal|p2a: Phosphor|100\/100|[from] item: Leftovers\n|upkeep\n|turn|21\n|\n|t:|1698007244\n|switch|p2a: Cobalt|Magnezone|53\/100\n|move|p1a: Calacar|Iron Head|p2a: Cobalt\n|-resisted|p2a: Cobalt\n|-damage|p2a: Cobalt|42\/100\n|\n|-heal|p2a: Cobalt|99\/100|[from] move: Wish|[wisher] Phosphor\n|upkeep\n|turn|22\n|\n|t:|1698007269\n|switch|p1a: Jerry|Gastrodon, M|71\/100\n|switch|p2a: Roland|Donphan, M|100\/100\n|\n|upkeep\n|turn|23\n|\n|t:|1698007440\n|switch|p2a: High Noon|Slither Wing|100\/100\n|switch|p1a: Chuckles|Abomasnow, F|80\/100\n|-weather|Snow|[from] ability: Snow Warning|[of] p1a: Chuckles\n|\n|-weather|Snow|[upkeep]\n|upkeep\n|turn|24\n|\n|t:|1698007456\n|switch|p1a: J1gglypuff|Scream Tail|96\/100\n|move|p2a: High Noon|U-turn|p1a: J1gglypuff\n|-damage|p1a: J1gglypuff|72\/100\n|\n|t:|1698007460\n|-end|p2a: High Noon|Protosynthesis|[silent]\n|switch|p2a: Cobalt|Magnezone|99\/100|[from] U-turn\n|\n|-weather|Snow|[upkeep]\n|upkeep\n|turn|25\n|\n|t:|1698007483\n|-end|p1a: J1gglypuff|Protosynthesis|[silent]\n|switch|p1a: Jerry|Gastrodon, M|71\/100\n|move|p2a: Cobalt|Flash Cannon|p1a: Jerry\n|-resisted|p1a: Jerry\n|-damage|p1a: Jerry|47\/100\n|\n|-weather|Snow|[upkeep]\n|upkeep\n|turn|26\n|\n|t:|1698007491\n|switch|p2a: High Noon|Slither Wing|100\/100\n|move|p1a: Jerry|Recover|p1a: Jerry\n|-heal|p1a: Jerry|97\/100\n|\n|-weather|Snow|[upkeep]\n|upkeep\n|turn|27\n|\n|t:|1698007564\n|switch|p1a: J1gglypuff|Scream Tail|72\/100\n|move|p2a: High Noon|Trailblaze|p1a: J1gglypuff\n|-damage|p1a: J1gglypuff|61\/100\n|-boost|p2a: High Noon|spe|1\n|\n|-weather|none\n|upkeep\n|turn|28\n|\n|t:|1698007577\n|-end|p2a: High Noon|Protosynthesis|[silent]\n|switch|p2a: Phosphor|Umbreon, M, shiny|100\/100\n|move|p1a: J1gglypuff|Wish|p1a: J1gglypuff\n|\n|upkeep\n|turn|29\n|\n|t:|1698007583\n|move|p1a: J1gglypuff|Protect|p1a: J1gglypuff\n|-singleturn|p1a: J1gglypuff|Protect\n|move|p2a: Phosphor|Thunder Wave|p1a: J1gglypuff\n|-activate|p1a: J1gglypuff|move: Protect\n|\n|-heal|p1a: J1gglypuff|100\/100|[from] move: Wish|[wisher] J1gglypuff\n|upkeep\n|turn|30\n|\n|t:|1698007629\n|-end|p1a: J1gglypuff|Protosynthesis|[silent]\n|switch|p1a: Jerry|Gastrodon, M|97\/100\n|move|p2a: Phosphor|Thunder Wave|p1a: Jerry\n|-immune|p1a: Jerry\n|\n|upkeep\n|turn|31\n|\n|t:|1698007652\n|move|p2a: Phosphor|Wish|p2a: Phosphor\n|move|p1a: Jerry|Sludge Bomb|p2a: Phosphor\n|-damage|p2a: Phosphor|87\/100\n|-status|p2a: Phosphor|psn\n|\n|-heal|p2a: Phosphor|93\/100 psn|[from] item: Leftovers\n|-damage|p2a: Phosphor|81\/100 psn|[from] psn\n|upkeep\n|turn|32\n|c|\u2606ThorbsIRM|uh oh\n|c|\u2606ThorbsIRM|whats inner focus for?\n|c|\u2606UltimoTheNerd|ur mum\n|c| fishy_doodles|you will never know\n|c|\u2606ThorbsIRM|bruh\n|c|\u2606ThorbsIRM|destroyed\n|c| fishy_doodles|until the match is over\n|c| Bird.gov|master plan\n|c| Bird.gov|coming into action\n|\n|t:|1698007705\n|switch|p2a: High Noon|Slither Wing|100\/100\n|move|p1a: Jerry|Surf|p2a: High Noon\n|-damage|p2a: High Noon|69\/100\n|\n|-heal|p2a: High Noon|100\/100|[from] move: Wish|[wisher] Phosphor\n|upkeep\n|turn|33\n|\n|t:|1698007969\n|switch|p1a: J1gglypuff|Scream Tail|100\/100\n|move|p2a: High Noon|U-turn|p1a: J1gglypuff\n|-damage|p1a: J1gglypuff|76\/100\n|\n|t:|1698007979\n|-end|p2a: High Noon|Protosynthesis|[silent]\n|switch|p2a: Cobalt|Magnezone|99\/100|[from] U-turn\n|\n|upkeep\n|turn|34\n|\n|t:|1698008039\n|move|p1a: J1gglypuff|Protect|p1a: J1gglypuff\n|-singleturn|p1a: J1gglypuff|Protect\n|move|p2a: Cobalt|Flash Cannon|p1a: J1gglypuff\n|-activate|p1a: J1gglypuff|move: Protect\n|\n|upkeep\n|turn|35\n|\n|t:|1698008048\n|-end|p1a: J1gglypuff|Protosynthesis|[silent]\n|switch|p1a: Jerry|Gastrodon, M|97\/100\n|move|p2a: Cobalt|Flash Cannon|p1a: Jerry\n|-resisted|p1a: Jerry\n|-damage|p1a: Jerry|72\/100\n|\n|upkeep\n|turn|36\n|\n|t:|1698008076\n|switch|p2a: Phosphor|Umbreon, M, shiny|81\/100 psn\n|move|p1a: Jerry|Recover|p1a: Jerry\n|-heal|p1a: Jerry|100\/100\n|\n|-heal|p2a: Phosphor|87\/100 psn|[from] item: Leftovers\n|-damage|p2a: Phosphor|74\/100 psn|[from] psn\n|upkeep\n|turn|37\n|\n|t:|1698008095\n|move|p2a: Phosphor|Wish|p2a: Phosphor\n|move|p1a: Jerry|Earth Power|p2a: Phosphor\n|-damage|p2a: Phosphor|55\/100 psn\n|\n|-heal|p2a: Phosphor|61\/100 psn|[from] item: Leftovers\n|-damage|p2a: Phosphor|49\/100 psn|[from] psn\n|upkeep\n|turn|38\n|\n|t:|1698008131\n|move|p2a: Phosphor|Protect|p2a: Phosphor\n|-singleturn|p2a: Phosphor|Protect\n|move|p1a: Jerry|Sludge Bomb|p2a: Phosphor\n|-activate|p2a: Phosphor|move: Protect\n|\n|-heal|p2a: Phosphor|99\/100 psn|[from] move: Wish|[wisher] Phosphor\n|-heal|p2a: Phosphor|100\/100 psn|[from] item: Leftovers\n|-damage|p2a: Phosphor|88\/100 psn|[from] psn\n|upkeep\n|turn|39\n|\n|t:|1698008144\n|switch|p2a: High Noon|Slither Wing|100\/100\n|move|p1a: Jerry|Earth Power|p2a: High Noon\n|-resisted|p2a: High Noon\n|-damage|p2a: High Noon|85\/100\n|\n|upkeep\n|turn|40\n|\n|t:|1698008170\n|switch|p1a: Divebomb|Salamence, F|100\/100\n|move|p2a: High Noon|Trailblaze|p1a: Divebomb\n|-resisted|p1a: Divebomb\n|-damage|p1a: Divebomb|96\/100\n|-boost|p2a: High Noon|spe|1\n|\n|-heal|p1a: Divebomb|100\/100|[from] item: Leftovers\n|upkeep\n|turn|41\n|c|\u2606ThorbsIRM|boo\n|\n|t:|1698008181\n|-end|p2a: High Noon|Protosynthesis|[silent]\n|switch|p2a: Cobalt|Magnezone|99\/100\n|move|p1a: Divebomb|Dragon Dance|p1a: Divebomb\n|-boost|p1a: Divebomb|atk|1\n|-boost|p1a: Divebomb|spe|1\n|\n|upkeep\n|turn|42\n|c| fishy_doodles|b\n|c|\u2606UltimoTheNerd|hullo thee\n|c|\u2606UltimoTheNerd|there\n|c| Bird.gov|ah ohh\n|c| Bird.gov|scawy\n|\n|t:|1698008243\n|switch|p1a: Jerry|Gastrodon, M|100\/100\n|move|p2a: Cobalt|Thunder Wave|p1a: Jerry\n|-immune|p1a: Jerry\n|\n|upkeep\n|turn|43\n|c|\u2606ThorbsIRM|ground berry bitchboi\n|c|\u2606UltimoTheNerd|:)\n|c|\u2606ThorbsIRM|ill put money on it\n|c|\u2606UltimoTheNerd|pay up bitch\n|c|\u2606ThorbsIRM|either that or specs\n|c|\u2606ThorbsIRM|WAIT\n|c|\u2606ThorbsIRM|BANDED MAG 100%\n|c|\u2606UltimoTheNerd|:)\n|c| fishy_doodles|yoooo choice band explosion magnezone\n|c| Bird.gov|boxing glove\n|\n|t:|1698008351\n|switch|p2a: High Noon|Slither Wing|85\/100\n|move|p1a: Jerry|Earth Power|p2a: High Noon\n|-resisted|p2a: High Noon\n|-damage|p2a: High Noon|69\/100\n|\n|upkeep\n|turn|44\n|\n|t:|1698008367\n|move|p2a: High Noon|U-turn|p1a: Jerry\n|-damage|p1a: Jerry|71\/100\n|\n|t:|1698008381\n|-end|p2a: High Noon|Protosynthesis|[silent]\n|switch|p2a: Phosphor|Umbreon, M, shiny|88\/100 psn|[from] U-turn\n|move|p1a: Jerry|Sludge Bomb|p2a: Phosphor\n|-damage|p2a: Phosphor|75\/100 psn\n|\n|-heal|p2a: Phosphor|81\/100 psn|[from] item: Leftovers\n|-damage|p2a: Phosphor|69\/100 psn|[from] psn\n|upkeep\n|turn|45\n|\n|t:|1698008391\n|move|p2a: Phosphor|Wish|p2a: Phosphor\n|move|p1a: Jerry|Recover|p1a: Jerry\n|-heal|p1a: Jerry|100\/100\n|\n|-heal|p2a: Phosphor|75\/100 psn|[from] item: Leftovers\n|-damage|p2a: Phosphor|62\/100 psn|[from] psn\n|upkeep\n|turn|46\n|\n|t:|1698008416\n|switch|p1a: J1gglypuff|Scream Tail|76\/100\n|move|p2a: Phosphor|Reflect|p2a: Phosphor\n|-sidestart|p2: UltimoTheNerd|Reflect\n|\n|-heal|p2a: Phosphor|100\/100 psn|[from] move: Wish|[wisher] Phosphor\n|-damage|p2a: Phosphor|88\/100 psn|[from] psn\n|upkeep\n|turn|47\n|\n|t:|1698008431\n|move|p1a: J1gglypuff|Protect|p1a: J1gglypuff\n|-singleturn|p1a: J1gglypuff|Protect\n|move|p2a: Phosphor|Wish|p2a: Phosphor\n|\n|-heal|p2a: Phosphor|94\/100 psn|[from] item: Leftovers\n|-damage|p2a: Phosphor|82\/100 psn|[from] psn\n|upkeep\n|turn|48\n|\n|t:|1698008514\n|switch|p2a: High Noon|Slither Wing|69\/100\n|move|p1a: J1gglypuff|Play Rough|p2a: High Noon\n|-supereffective|p2a: High Noon\n|-damage|p2a: High Noon|38\/100\n|\n|-heal|p2a: High Noon|100\/100|[from] move: Wish|[wisher] Phosphor\n|upkeep\n|turn|49\n|\n|t:|1698008535\n|move|p2a: High Noon|U-turn|p1a: J1gglypuff\n|-damage|p1a: J1gglypuff|53\/100\n|\n|t:|1698008544\n|-end|p2a: High Noon|Protosynthesis|[silent]\n|switch|p2a: Cobalt|Magnezone|99\/100|[from] U-turn\n|move|p1a: J1gglypuff|Wish|p1a: J1gglypuff\n|\n|upkeep\n|turn|50\n|c|\u2606ThorbsIRM|we made it bois\n|c|\u2606ThorbsIRM|turn 50\n|c| Bird.gov|yoooo\n|c| fishy_doodles|can we make it to 100\n|\n|t:|1698008569\n|switch|p2a: Roland|Donphan, M|100\/100\n|move|p1a: J1gglypuff|Protect||[still]\n|-fail|p1a: J1gglypuff\n|\n|-heal|p1a: J1gglypuff|100\/100|[from] move: Wish|[wisher] J1gglypuff\n|-sideend|p2: UltimoTheNerd|Reflect\n|upkeep\n|turn|51\n|c| TBarnsley|Only took an hour\n|c| Bird.gov|confetti moment\n|\n|t:|1698008590\n|-end|p1a: J1gglypuff|Protosynthesis|[silent]\n|switch|p1a: Chuckles|Abomasnow, F|80\/100\n|-weather|Snow|[from] ability: Snow Warning|[of] p1a: Chuckles\n|move|p2a: Roland|Gunk Shot|p1a: Chuckles\n|-supereffective|p1a: Chuckles\n|-damage|p1a: Chuckles|6\/100\n|\n|-weather|Snow|[upkeep]\n|upkeep\n|turn|52\n|c|\u2606ThorbsIRM|nicee\n|c| fishy_doodles|oof\n|c| fishy_doodles|snow defense buff moment\n|c| Bird.gov|wow fen using the knowledge I shared in DMs an hour ago\n|c| fishy_doodles|i already knew that\n|c| fishy_doodles|mf\n|\n|t:|1698008739\n|move|p1a: Chuckles|Earth Power|p2a: Roland\n|-damage|p2a: Roland|67\/100\n|move|p2a: Roland|Rock Tomb|p1a: Chuckles\n|-supereffective|p1a: Chuckles\n|-damage|p1a: Chuckles|0 fnt\n|faint|p1a: Chuckles\n|\n|-weather|Snow|[upkeep]\n|-heal|p2a: Roland|73\/100|[from] item: Leftovers\n|upkeep\n|\n|t:|1698008783\n|switch|p1a: Jawz|Cetitan, M|100\/100\n|turn|53\n|\n|t:|1698008867\n|move|p1a: Jawz|Icicle Crash|p2a: Roland\n|-supereffective|p2a: Roland\n|-damage|p2a: Roland|0 fnt\n|faint|p2a: Roland\n|\n|-weather|Snow|[upkeep]\n|upkeep\n|\n|t:|1698009003\n|switch|p2a: High Noon|Slither Wing|100\/100\n|turn|54\n|\n|t:|1698009019\n|switch|p1a: J1gglypuff|Scream Tail|100\/100\n|move|p2a: High Noon|Close Combat|p1a: J1gglypuff\n|-resisted|p1a: J1gglypuff\n|-damage|p1a: J1gglypuff|91\/100\n|-unboost|p2a: High Noon|def|1\n|-unboost|p2a: High Noon|spd|1\n|\n|-weather|Snow|[upkeep]\n|upkeep\n|turn|55\n|\n|t:|1698009103\n|-end|p2a: High Noon|Protosynthesis|[silent]\n|switch|p2a: Phosphor|Umbreon, M, shiny|82\/100 psn\n|move|p1a: J1gglypuff|Play Rough|p2a: Phosphor\n|-supereffective|p2a: Phosphor\n|-damage|p2a: Phosphor|57\/100 psn\n|\n|-weather|none\n|-heal|p2a: Phosphor|63\/100 psn|[from] item: Leftovers\n|-damage|p2a: Phosphor|51\/100 psn|[from] psn\n|upkeep\n|turn|56\n|\n|t:|1698009120\n|move|p1a: J1gglypuff|Play Rough|p2a: Phosphor\n|-supereffective|p2a: Phosphor\n|-damage|p2a: Phosphor|24\/100 psn\n|move|p2a: Phosphor|Wish|p2a: Phosphor\n|\n|-heal|p2a: Phosphor|30\/100 psn|[from] item: Leftovers\n|-damage|p2a: Phosphor|17\/100 psn|[from] psn\n|upkeep\n|turn|57\n|\n|t:|1698009142\n|-end|p1a: J1gglypuff|Protosynthesis|[silent]\n|switch|p1a: Calacar|Revavroom, F|90\/100\n|move|p2a: Phosphor|Protect||[still]\n|-fail|p2a: Phosphor\n|\n|-heal|p2a: Phosphor|67\/100 psn|[from] move: Wish|[wisher] Phosphor\n|-heal|p2a: Phosphor|73\/100 psn|[from] item: Leftovers\n|-damage|p2a: Phosphor|61\/100 psn|[from] psn\n|upkeep\n|turn|58\n|\n|t:|1698009210\n|move|p1a: Calacar|Bulldoze|p2a: Phosphor\n|-damage|p2a: Phosphor|44\/100 psn\n|-unboost|p2a: Phosphor|spe|1\n|move|p2a: Phosphor|Wish|p2a: Phosphor\n|\n|-heal|p2a: Phosphor|50\/100 psn|[from] item: Leftovers\n|-damage|p2a: Phosphor|38\/100 psn|[from] psn\n|upkeep\n|turn|59\n|\n|t:|1698009282\n|switch|p1a: Jerry|Gastrodon, M|100\/100\n|move|p2a: Phosphor|Thunder Wave|p1a: Jerry\n|-immune|p1a: Jerry\n|\n|-heal|p2a: Phosphor|88\/100 psn|[from] move: Wish|[wisher] Phosphor\n|-heal|p2a: Phosphor|94\/100 psn|[from] item: Leftovers\n|-damage|p2a: Phosphor|81\/100 psn|[from] psn\n|upkeep\n|turn|60\n|c|\u2606ThorbsIRM|goddamn is ur brain aching\n|c|\u2606ThorbsIRM|mine is\n|c|\u2606UltimoTheNerd|That's ok\n|c|\u2606UltimoTheNerd|mine is working\n|c|\u2606ThorbsIRM|ur wearing me down boi, keep it up\n|c|\u2606UltimoTheNerd|that's the plan\n|c|\u2606ThorbsIRM|kill that smug fucker!!\n|c| Bird.gov|ca 1 minute per round atm\n|c| fishy_doodles|huh?\n|\n|t:|1698009376\n|switch|p2a: High Noon|Slither Wing|100\/100\n|move|p1a: Jerry|Sludge Bomb|p2a: High Noon\n|-damage|p2a: High Noon|81\/100\n|\n|upkeep\n|turn|61\n|c| Bird.gov|its been 60 rounds and 59 minutes\n|c| fishy_doodles|ohhh\n|c|\u2606ThorbsIRM|sounds about right\n|\n|t:|1698009412\n|switch|p1a: J1gglypuff|Scream Tail|91\/100\n|move|p2a: High Noon|Trailblaze|p1a: J1gglypuff\n|-damage|p1a: J1gglypuff|80\/100\n|-boost|p2a: High Noon|spe|1\n|\n|upkeep\n|turn|62\n|c| Bird.gov|its like season 3 will v oli except the match was also over by now last time\n|\n|t:|1698009443\n|-end|p2a: High Noon|Protosynthesis|[silent]\n|switch|p2a: Phosphor|Umbreon, M, shiny|81\/100 psn\n|move|p1a: J1gglypuff|Wish|p1a: J1gglypuff\n|\n|-heal|p2a: Phosphor|88\/100 psn|[from] item: Leftovers\n|-damage|p2a: Phosphor|75\/100 psn|[from] psn\n|upkeep\n|turn|63\n|\n|t:|1698009462\n|move|p1a: J1gglypuff|Play Rough|p2a: Phosphor\n|-supereffective|p2a: Phosphor\n|-damage|p2a: Phosphor|49\/100 psn\n|move|p2a: Phosphor|Wish|p2a: Phosphor\n|\n|-heal|p1a: J1gglypuff|100\/100|[from] move: Wish|[wisher] J1gglypuff\n|-heal|p2a: Phosphor|55\/100 psn|[from] item: Leftovers\n|-damage|p2a: Phosphor|42\/100 psn|[from] psn\n|upkeep\n|turn|64\n|\n|t:|1698009475\n|-end|p1a: J1gglypuff|Protosynthesis|[silent]\n|switch|p1a: Jerry|Gastrodon, M|100\/100\n|move|p2a: Phosphor|Reflect|p2a: Phosphor\n|-sidestart|p2: UltimoTheNerd|Reflect\n|\n|-heal|p2a: Phosphor|92\/100 psn|[from] move: Wish|[wisher] Phosphor\n|-heal|p2a: Phosphor|98\/100 psn|[from] item: Leftovers\n|-damage|p2a: Phosphor|86\/100 psn|[from] psn\n|upkeep\n|turn|65\n|c| fishy_doodles|\"eeveelutions are so cool!!\" wish protect wish protect\n|\n|t:|1698009497\n|switch|p2a: Cobalt|Magnezone|99\/100\n|move|p1a: Jerry|Earth Power|p2a: Cobalt\n|-supereffective|p2a: Cobalt\n|-crit|p2a: Cobalt\n|-enditem|p2a: Cobalt|Shuca Berry|[eat]\n|-enditem|p2a: Cobalt|Shuca Berry|[weaken]\n|-damage|p2a: Cobalt|0 fnt\n|faint|p2a: Cobalt\n|\n|upkeep\n|\n|t:|1698009506\n|switch|p2a: High Noon|Slither Wing|81\/100\n|turn|66\n|c| Bird.gov|oh shit\n|c| fishy_doodles|dang\n|c|\u2606UltimoTheNerd|That is sub-optimal\n|c| fishy_doodles|the crit\n|c|\u2606ThorbsIRM|the jiggle power\n|c|\u2606ThorbsIRM|its growing\n|c|\u2606ThorbsIRM|did crit matter?\n|c|\u2606UltimoTheNerd|shrug\n|c|\u2606UltimoTheNerd|prolly\n|\n|t:|1698009683\n|move|p2a: High Noon|U-turn|p1a: Jerry\n|-damage|p1a: Jerry|71\/100\n|\n|t:|1698009697\n|-end|p2a: High Noon|Protosynthesis|[silent]\n|switch|p2a: Phosphor|Umbreon, M, shiny|86\/100 psn|[from] U-turn\n|move|p1a: Jerry|Surf|p2a: Phosphor\n|-damage|p2a: Phosphor|67\/100 psn\n|\n|-heal|p2a: Phosphor|73\/100 psn|[from] item: Leftovers\n|-damage|p2a: Phosphor|60\/100 psn|[from] psn\n|upkeep\n|turn|67\n|c| Bird.gov|I calced it the crit did matter\n|\n|t:|1698009709\n|move|p2a: Phosphor|Wish|p2a: Phosphor\n|move|p1a: Jerry|Earth Power|p2a: Phosphor\n|-damage|p2a: Phosphor|41\/100 psn\n|-unboost|p2a: Phosphor|spd|1\n|\n|-heal|p2a: Phosphor|47\/100 psn|[from] item: Leftovers\n|-damage|p2a: Phosphor|34\/100 psn|[from] psn\n|upkeep\n|turn|68\n|\n|t:|1698009717\n|move|p2a: Phosphor|Protect|p2a: Phosphor\n|-singleturn|p2a: Phosphor|Protect\n|move|p1a: Jerry|Recover|p1a: Jerry\n|-heal|p1a: Jerry|100\/100\n|\n|-heal|p2a: Phosphor|84\/100 psn|[from] move: Wish|[wisher] Phosphor\n|-heal|p2a: Phosphor|90\/100 psn|[from] item: Leftovers\n|-damage|p2a: Phosphor|78\/100 psn|[from] psn\n|-sideend|p2: UltimoTheNerd|Reflect\n|upkeep\n|turn|69\n|\n|t:|1698009732\n|switch|p2a: High Noon|Slither Wing|81\/100\n|move|p1a: Jerry|Earth Power|p2a: High Noon\n|-resisted|p2a: High Noon\n|-damage|p2a: High Noon|64\/100\n|\n|upkeep\n|turn|70\n|\n|t:|1698009742\n|switch|p1a: J1gglypuff|Scream Tail|100\/100\n|move|p2a: High Noon|Trailblaze|p1a: J1gglypuff\n|-damage|p1a: J1gglypuff|88\/100\n|-boost|p2a: High Noon|spe|1\n|\n|upkeep\n|turn|71\n|\n|t:|1698009759\n|-end|p2a: High Noon|Protosynthesis|[silent]\n|switch|p2a: Splinter|Lycanroc, M|100\/100\n|move|p1a: J1gglypuff|Play Rough|p2a: Splinter|[miss]\n|-miss|p1a: J1gglypuff|p2a: Splinter\n|\n|upkeep\n|turn|72\n|c| fishy_doodles|pupy\n|\n|t:|1698009779\n|-end|p1a: J1gglypuff|Protosynthesis|[silent]\n|switch|p1a: Jerry|Gastrodon, M|100\/100\n|move|p2a: Splinter|Stealth Rock|p1a: Jerry\n|-sidestart|p1: ThorbsIRM|move: Stealth Rock\n|\n|upkeep\n|turn|73\n|\n|t:|1698009801\n|switch|p2a: Phosphor|Umbreon, M, shiny|78\/100 psn\n|move|p1a: Jerry|Earth Power|p2a: Phosphor\n|-damage|p2a: Phosphor|58\/100 psn\n|\n|-heal|p2a: Phosphor|64\/100 psn|[from] item: Leftovers\n|-damage|p2a: Phosphor|52\/100 psn|[from] psn\n|upkeep\n|turn|74\n|\n|t:|1698009813\n|move|p2a: Phosphor|Wish|p2a: Phosphor\n|move|p1a: Jerry|Earth Power|p2a: Phosphor\n|-damage|p2a: Phosphor|31\/100 psn\n|\n|-heal|p2a: Phosphor|37\/100 psn|[from] item: Leftovers\n|-damage|p2a: Phosphor|25\/100 psn|[from] psn\n|upkeep\n|turn|75\n|\n|t:|1698009821\n|move|p2a: Phosphor|Protect|p2a: Phosphor\n|-singleturn|p2a: Phosphor|Protect\n|move|p1a: Jerry|Sludge Bomb|p2a: Phosphor\n|-activate|p2a: Phosphor|move: Protect\n|\n|-heal|p2a: Phosphor|75\/100 psn|[from] move: Wish|[wisher] Phosphor\n|-heal|p2a: Phosphor|81\/100 psn|[from] item: Leftovers\n|-damage|p2a: Phosphor|68\/100 psn|[from] psn\n|upkeep\n|turn|76\n|\n|t:|1698009841\n|move|p2a: Phosphor|Wish|p2a: Phosphor\n|move|p1a: Jerry|Earth Power|p2a: Phosphor\n|-damage|p2a: Phosphor|47\/100 psn\n|\n|-heal|p2a: Phosphor|53\/100 psn|[from] item: Leftovers\n|-damage|p2a: Phosphor|40\/100 psn|[from] psn\n|upkeep\n|turn|77\n|\n|t:|1698009865\n|move|p2a: Phosphor|Protect|p2a: Phosphor\n|-singleturn|p2a: Phosphor|Protect\n|move|p1a: Jerry|Sludge Bomb|p2a: Phosphor\n|-activate|p2a: Phosphor|move: Protect\n|\n|-heal|p2a: Phosphor|90\/100 psn|[from] move: Wish|[wisher] Phosphor\n|-heal|p2a: Phosphor|96\/100 psn|[from] item: Leftovers\n|-damage|p2a: Phosphor|84\/100 psn|[from] psn\n|upkeep\n|turn|78\n|\n|t:|1698009881\n|move|p2a: Phosphor|Wish|p2a: Phosphor\n|move|p1a: Jerry|Surf|p2a: Phosphor\n|-damage|p2a: Phosphor|64\/100 psn\n|\n|-heal|p2a: Phosphor|70\/100 psn|[from] item: Leftovers\n|-damage|p2a: Phosphor|58\/100 psn|[from] psn\n|upkeep\n|turn|79\n|\n|t:|1698009891\n|switch|p2a: High Noon|Slither Wing|64\/100\n|move|p1a: Jerry|Sludge Bomb|p2a: High Noon\n|-damage|p2a: High Noon|46\/100\n|\n|-heal|p2a: High Noon|100\/100|[from] move: Wish|[wisher] Phosphor\n|upkeep\n|turn|80\n|c| Bird.gov|can we get to round 100?\n|c|\u2606UltimoTheNerd|I somehow doubt it\n|c| fishy_doodles|i dont think so\n|c| Bird.gov|weak mindset\n|\n|t:|1698009955\n|switch|p1a: J1gglypuff|Scream Tail|88\/100\n|move|p2a: High Noon|Earthquake|p1a: J1gglypuff\n|-crit|p1a: J1gglypuff\n|-damage|p1a: J1gglypuff|53\/100\n|\n|upkeep\n|turn|81\n|\n|t:|1698009962\n|move|p2a: High Noon|Earthquake|p1a: J1gglypuff\n|-damage|p1a: J1gglypuff|30\/100\n|move|p1a: J1gglypuff|Wish|p1a: J1gglypuff\n|\n|upkeep\n|turn|82\n|\n|t:|1698009969\n|-end|p2a: High Noon|Protosynthesis|[silent]\n|switch|p2a: Splinter|Lycanroc, M|100\/100\n|move|p1a: J1gglypuff|Protect||[still]\n|-fail|p1a: J1gglypuff\n|\n|-heal|p1a: J1gglypuff|80\/100|[from] move: Wish|[wisher] J1gglypuff\n|upkeep\n|turn|83\n|\n|t:|1698009979\n|-end|p1a: J1gglypuff|Protosynthesis|[silent]\n|switch|p1a: Jerry|Gastrodon, M|100\/100\n|-damage|p1a: Jerry|94\/100|[from] Stealth Rock\n|move|p2a: Splinter|Stone Edge|p1a: Jerry\n|-resisted|p1a: Jerry\n|-damage|p1a: Jerry|70\/100\n|\n|upkeep\n|turn|84\n|\n|t:|1698009998\n|switch|p2a: High Noon|Slither Wing|100\/100\n|move|p1a: Jerry|Earth Power|p2a: High Noon\n|-resisted|p2a: High Noon\n|-damage|p2a: High Noon|86\/100\n|\n|upkeep\n|turn|85\n|\n|t:|1698010007\n|move|p2a: High Noon|Trailblaze|p1a: Jerry\n|-supereffective|p1a: Jerry\n|-enditem|p1a: Jerry|Rindo Berry|[eat]\n|-enditem|p1a: Jerry|Rindo Berry|[weaken]\n|-damage|p1a: Jerry|43\/100\n|-boost|p2a: High Noon|spe|1\n|move|p1a: Jerry|Recover|p1a: Jerry\n|-heal|p1a: Jerry|93\/100\n|\n|upkeep\n|turn|86\n|\n|t:|1698010016\n|switch|p1a: J1gglypuff|Scream Tail|80\/100\n|move|p2a: High Noon|Trailblaze|p1a: J1gglypuff\n|-damage|p1a: J1gglypuff|67\/100\n|-boost|p2a: High Noon|spe|1\n|\n|upkeep\n|turn|87\n|\n|t:|1698010023\n|move|p2a: High Noon|Trailblaze|p1a: J1gglypuff\n|-damage|p1a: J1gglypuff|56\/100\n|-boost|p2a: High Noon|spe|1\n|move|p1a: J1gglypuff|Wish|p1a: J1gglypuff\n|\n|upkeep\n|turn|88\n|\n|t:|1698010036\n|move|p2a: High Noon|Trailblaze|p1a: J1gglypuff\n|-damage|p1a: J1gglypuff|44\/100\n|-boost|p2a: High Noon|spe|1\n|move|p1a: J1gglypuff|Play Rough|p2a: High Noon\n|-supereffective|p2a: High Noon\n|-damage|p2a: High Noon|18\/100\n|\n|-heal|p1a: J1gglypuff|94\/100|[from] move: Wish|[wisher] J1gglypuff\n|upkeep\n|turn|89\n|\n|t:|1698010051\n|-end|p2a: High Noon|Protosynthesis|[silent]\n|switch|p2a: Phosphor|Umbreon, M, shiny|58\/100 psn\n|move|p1a: J1gglypuff|Play Rough|p2a: Phosphor\n|-supereffective|p2a: Phosphor\n|-damage|p2a: Phosphor|32\/100 psn\n|\n|-heal|p2a: Phosphor|38\/100 psn|[from] item: Leftovers\n|-damage|p2a: Phosphor|25\/100 psn|[from] psn\n|upkeep\n|turn|90\n|\n|t:|1698010059\n|move|p1a: J1gglypuff|Play Rough|p2a: Phosphor\n|-supereffective|p2a: Phosphor\n|-damage|p2a: Phosphor|0 fnt\n|faint|p2a: Phosphor\n|\n|upkeep\n|c| fishy_doodles|shortest oliver thorbs match\n|c|\u2606UltimoTheNerd|GG\n|c|\u2606ThorbsIRM|gg\n|\n|t:|1698010064\n|switch|p2a: Splinter|Lycanroc, M|100\/100\n|turn|91\n|\n|t:|1698010071\n|-end|p1a: J1gglypuff|Protosynthesis|[silent]\n|switch|p1a: Jerry|Gastrodon, M|93\/100\n|-damage|p1a: Jerry|87\/100|[from] Stealth Rock\n|move|p2a: Splinter|Stone Edge|p1a: Jerry\n|-resisted|p1a: Jerry\n|-damage|p1a: Jerry|61\/100\n|\n|upkeep\n|turn|92\n|\n|t:|1698010082\n|move|p2a: Splinter|Stone Edge|p1a: Jerry\n|-resisted|p1a: Jerry\n|-damage|p1a: Jerry|36\/100\n|move|p1a: Jerry|Recover|p1a: Jerry\n|-heal|p1a: Jerry|86\/100\n|\n|upkeep\n|turn|93\n|\n|t:|1698010088\n|move|p2a: Splinter|Stone Edge|p1a: Jerry\n|-resisted|p1a: Jerry\n|-damage|p1a: Jerry|61\/100\n|move|p1a: Jerry|Surf|p2a: Splinter\n|-supereffective|p2a: Splinter\n|-damage|p2a: Splinter|0 fnt\n|faint|p2a: Splinter\n|\n|upkeep\n|c| fishy_doodles|just 7 more turns\n|c| fishy_doodles|cmon\n|\n|t:|1698010093\n|switch|p2a: High Noon|Slither Wing|18\/100\n|turn|94\n|c|\u2606UltimoTheNerd|Just click Memento dude\n|\n|t:|1698010106\n|move|p2a: High Noon|Close Combat|p1a: Jerry\n|-damage|p1a: Jerry|16\/100\n|-unboost|p2a: High Noon|def|1\n|-unboost|p2a: High Noon|spd|1\n|move|p1a: Jerry|Surf|p2a: High Noon\n|-damage|p2a: High Noon|0 fnt\n|faint|p2a: High Noon\n|-end|p2a: High Noon|Protosynthesis|[silent]\n|\n|win|ThorbsIRM\n|c|\u2606UltimoTheNerd|WP\n","uploadtime":1698010112,"views":10,"p1id":"thorbsirm","p2id":"ultimothenerd","formatid":"gen9anythinggoes","rating":0,"private":0,"password":""}