{"id":"gen9anythinggoes-1979098262","p1":"Asta is bad","p2":"Gdueuehjdu","format":"[Gen 9] Anything Goes","log":"|j|\u2606Asta is bad\n|j|\u2606Gdueuehjdu\n|t:|1698631926\n|gametype|singles\n|player|p1|Asta is bad|266|1000\n|player|p2|Gdueuehjdu|lucas|1091\n|teamsize|p1|6\n|teamsize|p2|6\n|gen|9\n|tier|[Gen 9] Anything Goes\n|rated|\n|rule|HP Percentage Mod: HP is shown in percentages\n|rule|Endless Battle Clause: Forcing endless battles is banned\n|clearpoke\n|poke|p1|Klefki, M|\n|poke|p1|Zacian-*|\n|poke|p1|Quagsire, M|\n|poke|p1|Landorus-Therian, M|\n|poke|p1|Ceruledge, M|\n|poke|p1|Rabsca, M|\n|poke|p2|Kingambit, M|\n|poke|p2|Glimmora, F|\n|poke|p2|Arceus|\n|poke|p2|Azumarill, F|\n|poke|p2|Annihilape, M|\n|poke|p2|Regieleki|\n|teampreview\n|\n|t:|1698631942\n|start\n|switch|p1a: quack|Quagsire, M, shiny|100\/100\n|switch|p2a: Regieleki|Regieleki|100\/100\n|turn|1\n|\n|t:|1698631971\n|switch|p2a: Glimmora|Glimmora, F|100\/100\n|move|p1a: quack|Earthquake|p2a: Glimmora\n|-supereffective|p2a: Glimmora\n|-damage|p2a: Glimmora|0 fnt\n|-activate|p2a: Glimmora|ability: Toxic Debris\n|-sidestart|p1: Asta is bad|move: Toxic Spikes\n|faint|p2a: Glimmora\n|\n|upkeep\n|\n|t:|1698631984\n|switch|p2a: Arceus|Arceus|100\/100\n|turn|2\n|\n|t:|1698631993\n|move|p2a: Arceus|Blizzard|p1a: quack|[miss]\n|-miss|p2a: Arceus|p1a: quack\n|move|p1a: quack|Amnesia|p1a: quack\n|-boost|p1a: quack|spd|2\n|\n|upkeep\n|turn|3\n|\n|t:|1698632000\n|move|p2a: Arceus|Blizzard|p1a: quack\n|-crit|p1a: quack\n|-damage|p1a: quack|34\/100\n|move|p1a: quack|Amnesia|p1a: quack\n|-boost|p1a: quack|spd|2\n|\n|-heal|p1a: quack|41\/100|[from] item: Leftovers\n|upkeep\n|turn|4\n|\n|t:|1698632017\n|-terastallize|p1a: quack|Water\n|move|p2a: Arceus|Blizzard|p1a: quack\n|-resisted|p1a: quack\n|-damage|p1a: quack|34\/100\n|move|p1a: quack|Earthquake|p2a: Arceus\n|-damage|p2a: Arceus|78\/100\n|\n|-heal|p2a: Arceus|84\/100|[from] item: Leftovers\n|-heal|p1a: quack|40\/100|[from] item: Leftovers\n|upkeep\n|turn|5\n|\n|t:|1698632030\n|switch|p2a: Regieleki|Regieleki|100\/100\n|move|p1a: quack|Amnesia|p1a: quack\n|-boost|p1a: quack|spd|2\n|\n|-heal|p1a: quack|47\/100|[from] item: Leftovers\n|upkeep\n|turn|6\n|\n|t:|1698632041\n|move|p2a: Regieleki|Thunderbolt|p1a: quack\n|-supereffective|p1a: quack\n|-damage|p1a: quack|19\/100\n|move|p1a: quack|Earthquake|p2a: Regieleki\n|-supereffective|p2a: Regieleki\n|-damage|p2a: Regieleki|0 fnt\n|faint|p2a: Regieleki\n|\n|-heal|p1a: quack|25\/100|[from] item: Leftovers\n|upkeep\n|\n|t:|1698632052\n|switch|p2a: Annihilape|Annihilape, M|100\/100\n|turn|7\n|\n|t:|1698632059\n|switch|p2a: Arceus|Arceus|84\/100\n|move|p1a: quack|Liquidation|p2a: Arceus\n|-damage|p2a: Arceus|56\/100\n|\n|-heal|p2a: Arceus|62\/100|[from] item: Leftovers\n|-heal|p1a: quack|31\/100|[from] item: Leftovers\n|upkeep\n|turn|8\n|\n|t:|1698632070\n|move|p2a: Arceus|Extreme Speed|p1a: quack\n|-damage|p1a: quack|0 fnt\n|faint|p1a: quack\n|\n|-heal|p2a: Arceus|68\/100|[from] item: Leftovers\n|upkeep\n|\n|t:|1698632076\n|switch|p1a: car keys|Klefki, M, shiny|100\/100\n|turn|9\n|\n|t:|1698632083\n|move|p1a: car keys|Spikes|p2a: Arceus\n|-sidestart|p2: Gdueuehjdu|Spikes\n|move|p2a: Arceus|Fire Blast|p1a: car keys\n|-supereffective|p1a: car keys\n|-damage|p1a: car keys|14\/100\n|-enditem|p1a: car keys|Aguav Berry|[eat]\n|-heal|p1a: car keys|47\/100|[from] item: Aguav Berry\n|\n|-heal|p2a: Arceus|74\/100|[from] item: Leftovers\n|upkeep\n|turn|10\n|\n|t:|1698632098\n|switch|p1a: dude or woman|Landorus-Therian, M, shiny|100\/100\n|-ability|p1a: dude or woman|Intimidate|boost\n|-unboost|p2a: Arceus|atk|1\n|move|p2a: Arceus|Fire Blast|p1a: dude or woman|[miss]\n|-miss|p2a: Arceus|p1a: dude or woman\n|\n|-heal|p2a: Arceus|80\/100|[from] item: Leftovers\n|upkeep\n|turn|11\n|\n|t:|1698632110\n|switch|p2a: Azumarill|Azumarill, F|100\/100\n|-damage|p2a: Azumarill|88\/100|[from] Spikes\n|move|p1a: dude or woman|Body Slam|p2a: Azumarill\n|-damage|p2a: Azumarill|56\/100\n|\n|-heal|p2a: Azumarill|62\/100|[from] item: Leftovers\n|upkeep\n|turn|12\n|\n|t:|1698632123\n|switch|p1a: sword dude|Zacian-Crowned, shiny|100\/100\n|-ability|p1a: sword dude|Intrepid Sword|boost\n|-boost|p1a: sword dude|atk|1\n|-terastallize|p2a: Azumarill|Water\n|move|p2a: Azumarill|Belly Drum|p2a: Azumarill\n|-damage|p2a: Azumarill|13\/100\n|-setboost|p2a: Azumarill|atk|6|[from] move: Belly Drum\n|\n|-heal|p2a: Azumarill|19\/100|[from] item: Leftovers\n|upkeep\n|turn|13\n|\n|t:|1698632136\n|move|p2a: Azumarill|Aqua Jet|p1a: sword dude\n|-damage|p1a: sword dude|0 fnt\n|faint|p1a: sword dude\n|\n|-heal|p2a: Azumarill|25\/100|[from] item: Leftovers\n|upkeep\n|\n|t:|1698632146\n|switch|p1a: dude or woman|Landorus-Therian, M, shiny|100\/100\n|-ability|p1a: dude or woman|Intimidate|boost\n|-unboost|p2a: Azumarill|atk|1\n|turn|14\n|\n|t:|1698632154\n|move|p2a: Azumarill|Aqua Jet|p1a: dude or woman\n|-supereffective|p1a: dude or woman\n|-damage|p1a: dude or woman|0 fnt\n|faint|p1a: dude or woman\n|\n|-heal|p2a: Azumarill|31\/100|[from] item: Leftovers\n|upkeep\n|\n|t:|1698632163\n|switch|p1a: car keys|Klefki, M, shiny|47\/100\n|turn|15\n|\n|t:|1698632168\n|move|p2a: Azumarill|Aqua Jet|p1a: car keys\n|-damage|p1a: car keys|0 fnt\n|faint|p1a: car keys\n|\n|-heal|p2a: Azumarill|37\/100|[from] item: Leftovers\n|upkeep\n|\n|t:|1698632174\n|switch|p1a: burn|Ceruledge, M|100\/100\n|-status|p1a: burn|psn\n|turn|16\n|\n|t:|1698632181\n|move|p2a: Azumarill|Aqua Jet|p1a: burn\n|-supereffective|p1a: burn\n|-damage|p1a: burn|0 fnt\n|faint|p1a: burn\n|\n|-heal|p2a: Azumarill|43\/100|[from] item: Leftovers\n|upkeep\n|\n|t:|1698632186\n|switch|p1a: priest|Rabsca, M|100\/100\n|-status|p1a: priest|psn\n|turn|17\n|\n|t:|1698632201\n|move|p2a: Azumarill|Aqua Jet|p1a: priest\n|-damage|p1a: priest|0 fnt\n|faint|p1a: priest\n|\n|win|Gdueuehjdu\n|raw|Asta is bad's rating: 1000 &rarr; <strong>1000<\/strong><br \/>(+0 for losing)\n|raw|Gdueuehjdu's rating: 1091 &rarr; <strong>1111<\/strong><br \/>(+20 for winning)\n|l|\u2606Asta is bad\n|l|\u2606Gdueuehjdu\n","uploadtime":1698632255,"views":8,"p1id":"astaisbad","p2id":"gdueuehjdu","formatid":"gen9anythinggoes","rating":1000,"private":0,"password":""}