{"id":"gen9anythinggoes-1982301934","p1":"Zukeeny","p2":"sleepcooling","format":"[Gen 9] Anything Goes","log":"|j|\u2606Zukeeny\n|j|\u2606sleepcooling\n|t:|1698993118\n|gametype|singles\n|player|p1|Zukeeny|ethan|1160\n|player|p2|sleepcooling|gloria|1111\n|teamsize|p1|6\n|teamsize|p2|6\n|gen|9\n|tier|[Gen 9] Anything Goes\n|rated|\n|rule|HP Percentage Mod: HP is shown in percentages\n|rule|Endless Battle Clause: Forcing endless battles is banned\n|clearpoke\n|poke|p1|Dachsbun, F|\n|poke|p1|Skeledirge, F|\n|poke|p1|Glaceon, F|\n|poke|p1|Slowking, M|\n|poke|p1|Toxicroak, F|\n|poke|p1|Lycanroc-Dusk, M|\n|poke|p2|Calyrex-Shadow|\n|poke|p2|Miraidon|\n|poke|p2|Arceus-Steel|\n|poke|p2|Chien-Pao|\n|poke|p2|Mimikyu, M|\n|poke|p2|Rillaboom, F|\n|teampreview\n|\n|t:|1698993130\n|start\n|switch|p1a: Slowking|Slowking, M|100\/100\n|switch|p2a: Calyrex|Calyrex-Shadow|100\/100\n|-ability|p2a: Calyrex|As One\n|-ability|p2a: Calyrex|Unnerve\n|turn|1\n|inactive|Battle timer is ON: inactive players will automatically lose when time's up. (requested by sleepcooling)\n|\n|t:|1698993148\n|-terastallize|p1a: Slowking|Ground\n|move|p2a: Calyrex|Astral Barrage|p1a: Slowking\n|-damage|p1a: Slowking|13\/100\n|-damage|p2a: Calyrex|91\/100|[from] item: Life Orb\n|move|p1a: Slowking|Trick Room|p1a: Slowking\n|-fieldstart|move: Trick Room|[of] p1a: Slowking\n|\n|upkeep\n|turn|2\n|\n|t:|1698993163\n|switch|p2a: Rillaboom|Rillaboom, F|100\/100\n|move|p1a: Slowking|Chilly Reception|p1a: Slowking\n|-weather|Snow\n|\n|t:|1698993168\n|switch|p1a: Glaceon|Glaceon, F|100\/100|[from] Chilly Reception\n|\n|-weather|Snow|[upkeep]\n|upkeep\n|turn|3\n|\n|t:|1698993175\n|move|p1a: Glaceon|Freeze-Dry|p2a: Rillaboom\n|-supereffective|p2a: Rillaboom\n|-damage|p2a: Rillaboom|65\/100\n|-status|p2a: Rillaboom|frz\n|cant|p2a: Rillaboom|frz\n|\n|-weather|Snow|[upkeep]\n|upkeep\n|turn|4\n|\n|t:|1698993187\n|move|p1a: Glaceon|Curse|p1a: Glaceon\n|-unboost|p1a: Glaceon|spe|1\n|-boost|p1a: Glaceon|atk|1\n|-boost|p1a: Glaceon|def|1\n|-curestatus|p2a: Rillaboom|frz|[msg]\n|move|p2a: Rillaboom|Wood Hammer|p1a: Glaceon\n|-damage|p1a: Glaceon|73\/100\n|-damage|p2a: Rillaboom|56\/100|[from] Recoil\n|\n|-weather|Snow|[upkeep]\n|-heal|p1a: Glaceon|79\/100|[from] ability: Ice Body\n|-heal|p1a: Glaceon|85\/100|[from] item: Leftovers\n|upkeep\n|turn|5\n|\n|t:|1698993198\n|move|p1a: Glaceon|Calm Mind|p1a: Glaceon\n|-boost|p1a: Glaceon|spa|1\n|-boost|p1a: Glaceon|spd|1\n|move|p2a: Rillaboom|Knock Off|p1a: Glaceon\n|-damage|p1a: Glaceon|71\/100\n|-enditem|p1a: Glaceon|Leftovers|[from] move: Knock Off|[of] p2a: Rillaboom\n|\n|-weather|Snow|[upkeep]\n|-heal|p1a: Glaceon|77\/100|[from] ability: Ice Body\n|-fieldend|move: Trick Room\n|upkeep\n|turn|6\n|\n|t:|1698993208\n|move|p2a: Rillaboom|U-turn|p1a: Glaceon\n|-damage|p1a: Glaceon|68\/100\n|\n|t:|1698993219\n|switch|p2a: Arceus|Arceus-Steel|100\/100|[from] U-turn\n|move|p1a: Glaceon|Freeze-Dry|p2a: Arceus\n|-resisted|p2a: Arceus\n|-damage|p2a: Arceus|85\/100\n|-status|p2a: Arceus|frz\n|\n|-weather|none\n|upkeep\n|turn|7\n|\n|t:|1698993229\n|cant|p2a: Arceus|frz\n|move|p1a: Glaceon|Curse|p1a: Glaceon\n|-unboost|p1a: Glaceon|spe|1\n|-boost|p1a: Glaceon|atk|1\n|-boost|p1a: Glaceon|def|1\n|\n|upkeep\n|turn|8\n|\n|t:|1698993234\n|cant|p2a: Arceus|frz\n|move|p1a: Glaceon|Stored Power|p2a: Arceus\n|-resisted|p2a: Arceus\n|-damage|p2a: Arceus|66\/100 frz\n|\n|upkeep\n|turn|9\n|\n|t:|1698993238\n|switch|p1a: Slowking|Slowking, M, tera:Ground|46\/100\n|cant|p2a: Arceus|frz\n|\n|upkeep\n|turn|10\n|\n|t:|1698993242\n|cant|p2a: Arceus|frz\n|move|p1a: Slowking|Trick Room|p1a: Slowking\n|-fieldstart|move: Trick Room|[of] p1a: Slowking\n|\n|upkeep\n|turn|11\n|\n|t:|1698993246\n|move|p1a: Slowking|Chilly Reception|p1a: Slowking\n|-weather|Snow\n|\n|t:|1698993250\n|switch|p1a: Glaceon|Glaceon, F|68\/100|[from] Chilly Reception\n|cant|p2a: Arceus|frz\n|\n|-weather|Snow|[upkeep]\n|-heal|p1a: Glaceon|74\/100|[from] ability: Ice Body\n|upkeep\n|turn|12\n|\n|t:|1698993259\n|move|p1a: Glaceon|Curse|p1a: Glaceon\n|-unboost|p1a: Glaceon|spe|1\n|-boost|p1a: Glaceon|atk|1\n|-boost|p1a: Glaceon|def|1\n|cant|p2a: Arceus|frz\n|\n|-weather|Snow|[upkeep]\n|-heal|p1a: Glaceon|80\/100|[from] ability: Ice Body\n|upkeep\n|turn|13\n|\n|t:|1698993265\n|move|p1a: Glaceon|Curse|p1a: Glaceon\n|-unboost|p1a: Glaceon|spe|1\n|-boost|p1a: Glaceon|atk|1\n|-boost|p1a: Glaceon|def|1\n|cant|p2a: Arceus|frz\n|\n|-weather|Snow|[upkeep]\n|-heal|p1a: Glaceon|86\/100|[from] ability: Ice Body\n|upkeep\n|turn|14\n|\n|t:|1698993273\n|move|p1a: Glaceon|Calm Mind|p1a: Glaceon\n|-boost|p1a: Glaceon|spa|1\n|-boost|p1a: Glaceon|spd|1\n|cant|p2a: Arceus|frz\n|\n|-weather|Snow|[upkeep]\n|-heal|p1a: Glaceon|92\/100|[from] ability: Ice Body\n|-fieldend|move: Trick Room\n|upkeep\n|turn|15\n|\n|t:|1698993278\n|cant|p2a: Arceus|frz\n|move|p1a: Glaceon|Stored Power|p2a: Arceus\n|-resisted|p2a: Arceus\n|-damage|p2a: Arceus|47\/100 frz\n|\n|-weather|none\n|upkeep\n|turn|16\n|\n|t:|1698993282\n|cant|p2a: Arceus|frz\n|move|p1a: Glaceon|Calm Mind|p1a: Glaceon\n|-boost|p1a: Glaceon|spa|1\n|-boost|p1a: Glaceon|spd|1\n|\n|upkeep\n|turn|17\n|\n|t:|1698993285\n|cant|p2a: Arceus|frz\n|move|p1a: Glaceon|Stored Power|p2a: Arceus\n|-resisted|p2a: Arceus\n|-damage|p2a: Arceus|12\/100 frz\n|\n|upkeep\n|turn|18\n|\n|t:|1698993290\n|cant|p2a: Arceus|frz\n|move|p1a: Glaceon|Stored Power|p2a: Arceus\n|-resisted|p2a: Arceus\n|-damage|p2a: Arceus|0 fnt\n|faint|p2a: Arceus\n|\n|upkeep\n|inactive|sleepcooling has 120 seconds left.\n|\n|t:|1698993329\n|switch|p2a: Miraidon|Miraidon|100\/100\n|-fieldstart|move: Electric Terrain|[from] ability: Hadron Engine|[of] p2a: Miraidon\n|turn|19\n|\n|t:|1698993334\n|-terastallize|p2a: Miraidon|Electric\n|move|p2a: Miraidon|Electro Drift|p1a: Glaceon\n|-damage|p1a: Glaceon|44\/100\n|move|p1a: Glaceon|Freeze-Dry|p2a: Miraidon\n|-damage|p2a: Miraidon|44\/100\n|\n|upkeep\n|turn|20\n|\n|t:|1698993344\n|switch|p1a: Slowking|Slowking, M, tera:Ground|80\/100\n|move|p2a: Miraidon|Electro Drift|p1a: Slowking\n|-immune|p1a: Slowking\n|\n|upkeep\n|turn|21\n|\n|t:|1698993349\n|move|p2a: Miraidon|Draco Meteor|p1a: Slowking\n|-damage|p1a: Slowking|0 fnt\n|-unboost|p2a: Miraidon|spa|2\n|-enditem|p2a: Miraidon|Eject Pack\n|faint|p1a: Slowking\n|\n|t:|1698993354\n|switch|p2a: Calyrex|Calyrex-Shadow|91\/100\n|-ability|p2a: Calyrex|As One\n|-ability|p2a: Calyrex|Unnerve\n|\n|upkeep\n|\n|t:|1698993358\n|switch|p1a: Toxicroak|Toxicroak, F, shiny|100\/100\n|turn|22\n|\n|t:|1698993367\n|switch|p2a: Chien-Pao|Chien-Pao|100\/100\n|-ability|p2a: Chien-Pao|Sword of Ruin\n|move|p1a: Toxicroak|Sucker Punch||[still]\n|-fail|p1a: Toxicroak\n|\n|upkeep\n|turn|23\n|\n|t:|1698993375\n|switch|p2a: Mimikyu|Mimikyu, M|100\/100\n|move|p1a: Toxicroak|Drain Punch|p2a: Mimikyu\n|-immune|p2a: Mimikyu\n|\n|-fieldend|move: Electric Terrain\n|upkeep\n|turn|24\n|\n|t:|1698993381\n|move|p2a: Mimikyu|Will-O-Wisp|p1a: Toxicroak\n|-status|p1a: Toxicroak|brn\n|move|p1a: Toxicroak|Poison Jab|p2a: Mimikyu\n|-activate|p2a: Mimikyu|ability: Disguise\n|-damage|p2a: Mimikyu|100\/100\n|-status|p2a: Mimikyu|psn\n|detailschange|p2a: Mimikyu|Mimikyu-Busted, M\n|-damage|p2a: Mimikyu|88\/100 psn|[from] pokemon: Mimikyu-Busted\n|\n|-damage|p2a: Mimikyu|76\/100 psn|[from] psn\n|-damage|p1a: Toxicroak|94\/100 brn|[from] brn\n|upkeep\n|turn|25\n|\n|t:|1698993389\n|move|p2a: Mimikyu|Shadow Claw|p1a: Toxicroak\n|-damage|p1a: Toxicroak|38\/100 brn\n|-damage|p2a: Mimikyu|59\/100 psn|[from] item: Rocky Helmet|[of] p1a: Toxicroak\n|-damage|p2a: Mimikyu|50\/100 psn|[from] item: Life Orb\n|move|p1a: Toxicroak|Swords Dance|p1a: Toxicroak\n|-boost|p1a: Toxicroak|atk|2\n|\n|-damage|p2a: Mimikyu|37\/100 psn|[from] psn\n|-damage|p1a: Toxicroak|32\/100 brn|[from] brn\n|upkeep\n|turn|26\n|\n|t:|1698993394\n|move|p2a: Mimikyu|Shadow Sneak|p1a: Toxicroak\n|-damage|p1a: Toxicroak|0 fnt\n|-damage|p2a: Mimikyu|21\/100 psn|[from] item: Rocky Helmet|[of] p1a: Toxicroak\n|faint|p1a: Toxicroak\n|-damage|p2a: Mimikyu|11\/100 psn|[from] item: Life Orb\n|\n|-damage|p2a: Mimikyu|0 fnt|[from] psn\n|faint|p2a: Mimikyu\n|upkeep\n|\n|t:|1698993402\n|switch|p2a: Miraidon|Miraidon, tera:Electric|44\/100\n|switch|p1a: Lycanroc|Lycanroc-Dusk, M, shiny|100\/100\n|-fieldstart|move: Electric Terrain|[from] ability: Hadron Engine|[of] p2a: Miraidon\n|-item|p1a: Lycanroc|Air Balloon\n|turn|27\n|\n|t:|1698993410\n|move|p1a: Lycanroc|Accelerock|p2a: Miraidon\n|-damage|p2a: Miraidon|19\/100\n|move|p2a: Miraidon|Volt Switch|p1a: Lycanroc\n|-damage|p1a: Lycanroc|0 fnt\n|-enditem|p1a: Lycanroc|Air Balloon\n|faint|p1a: Lycanroc\n|\n|t:|1698993417\n|switch|p2a: Calyrex|Calyrex-Shadow|91\/100|[from] Volt Switch\n|-ability|p2a: Calyrex|As One\n|-ability|p2a: Calyrex|Unnerve\n|\n|upkeep\n|\n|t:|1698993422\n|switch|p1a: Skeledirge|Skeledirge, F|100\/100\n|turn|28\n|\n|t:|1698993427\n|move|p2a: Calyrex|Astral Barrage|p1a: Skeledirge\n|-supereffective|p1a: Skeledirge\n|-crit|p1a: Skeledirge\n|-damage|p1a: Skeledirge|0 fnt\n|faint|p1a: Skeledirge\n|-ability|p2a: Calyrex|Grim Neigh|boost\n|-boost|p2a: Calyrex|spa|1\n|-damage|p2a: Calyrex|81\/100|[from] item: Life Orb\n|\n|upkeep\n|\n|t:|1698993431\n|switch|p1a: Glaceon|Glaceon, F|44\/100\n|turn|29\n|\n|t:|1698993434\n|move|p2a: Calyrex|Astral Barrage|p1a: Glaceon\n|-crit|p1a: Glaceon\n|-damage|p1a: Glaceon|0 fnt\n|faint|p1a: Glaceon\n|-ability|p2a: Calyrex|Grim Neigh|boost\n|-boost|p2a: Calyrex|spa|1\n|-damage|p2a: Calyrex|71\/100|[from] item: Life Orb\n|\n|upkeep\n|\n|t:|1698993438\n|switch|p1a: Dachsbun|Dachsbun, F|100\/100\n|turn|30\n|\n|t:|1698993442\n|move|p2a: Calyrex|Astral Barrage|p1a: Dachsbun\n|-crit|p1a: Dachsbun\n|-damage|p1a: Dachsbun|0 fnt\n|faint|p1a: Dachsbun\n|-damage|p2a: Calyrex|61\/100|[from] item: Life Orb\n|\n|win|sleepcooling\n|raw|Zukeeny's rating: 1160 &rarr; <strong>1131<\/strong><br \/>(-29 for losing)\n|raw|sleepcooling's rating: 1111 &rarr; <strong>1140<\/strong><br \/>(+29 for winning)\n|l|\u2606Zukeeny\n","uploadtime":1698993466,"views":8,"p1id":"zukeeny","p2id":"sleepcooling","formatid":"gen9anythinggoes","rating":1131,"private":0,"password":""}