{"id":"gen9anythinggoes-1995051446","p1":"Selfhelpneeded","p2":"Pokemh","format":"[Gen 9] Anything Goes","log":"|j|\u2606Selfhelpneeded\n|j|\u203dPokemh\n|t:|1700517315\n|gametype|singles\n|player|p1|Selfhelpneeded|backpacker|1442\n|player|p2|Pokemh|2|1706\n|teamsize|p1|6\n|teamsize|p2|6\n|gen|9\n|tier|[Gen 9] Anything Goes\n|rated|\n|rule|HP Percentage Mod: HP is shown in percentages\n|rule|Endless Battle Clause: Forcing endless battles is banned\n|clearpoke\n|poke|p1|Orthworm, F|\n|poke|p1|Clodsire, F|\n|poke|p1|Glimmora, M|\n|poke|p1|Garganacl, F|\n|poke|p1|Kingambit, F|\n|poke|p1|Ceruledge, F|\n|poke|p2|Calyrex-Shadow|\n|poke|p2|Glimmora, M|\n|poke|p2|Arceus-Fairy|\n|poke|p2|Miraidon|\n|poke|p2|Arceus|\n|poke|p2|Zacian-*|\n|teampreview\n|inactive|Battle timer is ON: inactive players will automatically lose when time's up. (requested by Pokemh)\n|\n|t:|1700517328\n|start\n|switch|p1a: Orthworm|Orthworm, F, shiny|100\/100\n|switch|p2a: Glimmora|Glimmora, M|100\/100\n|turn|1\n|\n|t:|1700517343\n|move|p2a: Glimmora|Toxic Spikes|p1a: Orthworm\n|-sidestart|p1: Selfhelpneeded|move: Toxic Spikes\n|move|p1a: Orthworm|Coil|p1a: Orthworm\n|-boost|p1a: Orthworm|atk|1\n|-boost|p1a: Orthworm|def|1\n|-boost|p1a: Orthworm|accuracy|1\n|\n|upkeep\n|turn|2\n|\n|t:|1700517355\n|switch|p2a: Calyrex|Calyrex-Shadow|100\/100\n|-ability|p2a: Calyrex|As One\n|-ability|p2a: Calyrex|Unnerve\n|move|p1a: Orthworm|Wrap|p2a: Calyrex\n|-immune|p2a: Calyrex\n|\n|upkeep\n|turn|3\n|\n|t:|1700517361\n|switch|p1a: Garganacl|Garganacl, F, shiny|100\/100\n|move|p2a: Calyrex|Astral Barrage|p1a: Garganacl\n|-damage|p1a: Garganacl|71\/100\n|\n|upkeep\n|turn|4\n|\n|t:|1700517376\n|switch|p2a: Glimmora|Glimmora, M|100\/100\n|move|p1a: Garganacl|Salt Cure|p2a: Glimmora\n|-damage|p2a: Glimmora|85\/100\n|-start|p2a: Glimmora|Salt Cure\n|\n|-damage|p2a: Glimmora|72\/100|[from] Salt Cure\n|upkeep\n|turn|5\n|\n|t:|1700517389\n|switch|p1a: Orthworm|Orthworm, F, shiny|100\/100\n|move|p2a: Glimmora|Toxic|p1a: Orthworm\n|-status|p1a: Orthworm|tox\n|\n|-damage|p1a: Orthworm|94\/100 tox|[from] psn\n|-damage|p2a: Glimmora|60\/100|[from] Salt Cure\n|upkeep\n|turn|6\n|\n|t:|1700517402\n|switch|p2a: Calyrex|Calyrex-Shadow|100\/100\n|-ability|p2a: Calyrex|As One\n|-ability|p2a: Calyrex|Unnerve\n|switch|p1a: Garganacl|Garganacl, F, shiny|71\/100\n|\n|upkeep\n|turn|7\n|\n|t:|1700517411\n|move|p2a: Calyrex|Nasty Plot|p2a: Calyrex\n|-boost|p2a: Calyrex|spa|2\n|move|p1a: Garganacl|Salt Cure|p2a: Calyrex\n|-damage|p2a: Calyrex|85\/100\n|-start|p2a: Calyrex|Salt Cure\n|\n|-heal|p2a: Calyrex|91\/100|[from] item: Leftovers\n|-damage|p2a: Calyrex|79\/100|[from] Salt Cure\n|upkeep\n|turn|8\n|\n|t:|1700517417\n|move|p2a: Calyrex|Astral Barrage|p1a: Garganacl\n|-damage|p1a: Garganacl|19\/100\n|move|p1a: Garganacl|Recover|p1a: Garganacl\n|-heal|p1a: Garganacl|69\/100\n|\n|-heal|p2a: Calyrex|85\/100|[from] item: Leftovers\n|-damage|p2a: Calyrex|73\/100|[from] Salt Cure\n|upkeep\n|turn|9\n|\n|t:|1700517423\n|move|p2a: Calyrex|Nasty Plot|p2a: Calyrex\n|-boost|p2a: Calyrex|spa|2\n|move|p1a: Garganacl|Recover|p1a: Garganacl\n|-heal|p1a: Garganacl|100\/100\n|\n|-heal|p2a: Calyrex|79\/100|[from] item: Leftovers\n|-damage|p2a: Calyrex|67\/100|[from] Salt Cure\n|upkeep\n|turn|10\n|\n|t:|1700517430\n|move|p2a: Calyrex|Draining Kiss|p1a: Garganacl\n|-damage|p1a: Garganacl|52\/100\n|-heal|p2a: Calyrex|100\/100|[from] drain|[of] p1a: Garganacl\n|move|p1a: Garganacl|Salt Cure|p2a: Calyrex\n|-damage|p2a: Calyrex|84\/100\n|\n|-heal|p2a: Calyrex|91\/100|[from] item: Leftovers\n|-damage|p2a: Calyrex|78\/100|[from] Salt Cure\n|upkeep\n|turn|11\n|\n|t:|1700517441\n|move|p2a: Calyrex|Nasty Plot|p2a: Calyrex\n|-boost|p2a: Calyrex|spa|2\n|move|p1a: Garganacl|Recover|p1a: Garganacl\n|-heal|p1a: Garganacl|100\/100\n|\n|-heal|p2a: Calyrex|84\/100|[from] item: Leftovers\n|-damage|p2a: Calyrex|72\/100|[from] Salt Cure\n|upkeep\n|turn|12\n|\n|t:|1700517448\n|move|p2a: Calyrex|Draining Kiss|p1a: Garganacl\n|-damage|p1a: Garganacl|39\/100\n|-heal|p2a: Calyrex|100\/100|[from] drain|[of] p1a: Garganacl\n|move|p1a: Garganacl|Salt Cure|p2a: Calyrex\n|-damage|p2a: Calyrex|85\/100\n|\n|-heal|p2a: Calyrex|91\/100|[from] item: Leftovers\n|-damage|p2a: Calyrex|79\/100|[from] Salt Cure\n|upkeep\n|turn|13\n|\n|t:|1700517455\n|move|p2a: Calyrex|Draining Kiss|p1a: Garganacl\n|-damage|p1a: Garganacl|0 fnt\n|-heal|p2a: Calyrex|100\/100|[from] drain|[of] p1a: Garganacl\n|faint|p1a: Garganacl\n|\n|-damage|p2a: Calyrex|88\/100|[from] Salt Cure\n|upkeep\n|\n|t:|1700517462\n|switch|p1a: Clodsire|Clodsire, F, shiny|100\/100\n|-sideend|p1: Selfhelpneeded|move: Toxic Spikes|[of] p1a: Clodsire\n|turn|14\n|\n|t:|1700517469\n|move|p2a: Calyrex|Astral Barrage|p1a: Clodsire\n|-damage|p1a: Clodsire|0 fnt\n|faint|p1a: Clodsire\n|\n|-heal|p2a: Calyrex|94\/100|[from] item: Leftovers\n|-damage|p2a: Calyrex|82\/100|[from] Salt Cure\n|upkeep\n|\n|t:|1700517477\n|switch|p1a: Ceruledge|Ceruledge, F, shiny|100\/100\n|turn|15\n|\n|t:|1700517486\n|-terastallize|p2a: Calyrex|Fairy\n|move|p2a: Calyrex|Astral Barrage|p1a: Ceruledge\n|-supereffective|p1a: Ceruledge\n|-enditem|p1a: Ceruledge|Focus Sash\n|-damage|p1a: Ceruledge|1\/100\n|move|p1a: Ceruledge|Bitter Blade|p2a: Calyrex\n|-damage|p2a: Calyrex|33\/100\n|-heal|p1a: Ceruledge|29\/100|[from] drain|[of] p2a: Calyrex\n|\n|-heal|p2a: Calyrex|40\/100|[from] item: Leftovers\n|-damage|p2a: Calyrex|27\/100|[from] Salt Cure\n|upkeep\n|turn|16\n|\n|t:|1700517496\n|move|p1a: Ceruledge|Shadow Sneak|p2a: Calyrex\n|-damage|p2a: Calyrex|6\/100\n|move|p2a: Calyrex|Draining Kiss|p1a: Ceruledge\n|-resisted|p1a: Ceruledge\n|-damage|p1a: Ceruledge|0 fnt\n|-heal|p2a: Calyrex|25\/100|[from] drain|[of] p1a: Ceruledge\n|faint|p1a: Ceruledge\n|\n|-heal|p2a: Calyrex|31\/100|[from] item: Leftovers\n|-damage|p2a: Calyrex|18\/100|[from] Salt Cure\n|upkeep\n|\n|t:|1700517510\n|switch|p1a: Kingambit|Kingambit, F, shiny|100\/100\n|-activate|p1a: Kingambit|ability: Supreme Overlord\n|-start|p1a: Kingambit|fallen3|[silent]\n|turn|17\n|\n|t:|1700517517\n|move|p1a: Kingambit|Sucker Punch||[still]\n|-fail|p1a: Kingambit\n|move|p2a: Calyrex|Baton Pass|p2a: Calyrex\n|\n|t:|1700517521\n|switch|p2a: Miraidon|Miraidon|100\/100|[from] Baton Pass\n|-fieldstart|move: Electric Terrain|[from] ability: Hadron Engine|[of] p2a: Miraidon\n|\n|upkeep\n|turn|18\n|\n|t:|1700517528\n|move|p2a: Miraidon|Parabolic Charge|p1a: Kingambit\n|-damage|p1a: Kingambit|0 fnt\n|faint|p1a: Kingambit\n|-end|p1a: Kingambit|fallen3|[silent]\n|\n|upkeep\n|-message|Selfhelpneeded forfeited.\n|\n|win|Pokemh\n|raw|Selfhelpneeded's rating: 1442 &rarr; <strong>1436<\/strong><br \/>(-6 for losing)\n|raw|Pokemh's rating: 1729 &rarr; <strong>1735<\/strong><br \/>(+6 for winning)\n|l|\u2606Selfhelpneeded\n","uploadtime":1700517548,"views":18,"p1id":"selfhelpneeded","p2id":"pokemh","formatid":"gen9anythinggoes","rating":1436,"private":0,"password":""}