{"id":"gen9anythinggoes-1980487773","p1":"Fretscorch","p2":"Your_TSA_Agent","format":"[Gen 9] Anything Goes","log":"|j|\u2606Fretscorch\n|j|\u2606Your_TSA_Agent\n|t:|1698789671\n|gametype|singles\n|player|p1|Fretscorch|guzma-masters|1216\n|player|p2|Your_TSA_Agent|shadowtriad|1157\n|teamsize|p1|6\n|teamsize|p2|6\n|gen|9\n|tier|[Gen 9] Anything Goes\n|rated|\n|rule|HP Percentage Mod: HP is shown in percentages\n|rule|Endless Battle Clause: Forcing endless battles is banned\n|clearpoke\n|poke|p1|Ogerpon-Hearthflame, F|\n|poke|p1|Calyrex-Shadow|\n|poke|p1|Arceus|\n|poke|p1|Groudon|\n|poke|p1|Urshifu-*, F|\n|poke|p1|Zacian-*|\n|poke|p2|Kommo-o, F|\n|poke|p2|Urshifu-*, F|\n|poke|p2|Iron Valiant|\n|poke|p2|Sneasler, F|\n|poke|p2|Breloom, M|\n|poke|p2|Zamazenta-*|\n|teampreview\n|\n|t:|1698789693\n|start\n|switch|p1a: Ogerpon|Ogerpon-Hearthflame, F|100\/100\n|switch|p2a: Sneasler|Sneasler, F|100\/100\n|-ability|p1a: Ogerpon|Mold Breaker\n|turn|1\n|\n|t:|1698789703\n|switch|p1a: Groudon|Groudon|100\/100\n|-weather|SunnyDay|[from] ability: Drought|[of] p1a: Groudon\n|move|p2a: Sneasler|Close Combat|p1a: Groudon\n|-damage|p1a: Groudon|59\/100\n|-unboost|p2a: Sneasler|def|1\n|-unboost|p2a: Sneasler|spd|1\n|-enditem|p2a: Sneasler|White Herb\n|-clearnegativeboost|p2a: Sneasler|[silent]\n|\n|-weather|SunnyDay|[upkeep]\n|-heal|p1a: Groudon|65\/100|[from] item: Leftovers\n|upkeep\n|turn|2\n|\n|t:|1698789715\n|move|p2a: Sneasler|Dire Claw|p1a: Groudon\n|-resisted|p1a: Groudon\n|-damage|p1a: Groudon|51\/100\n|-status|p1a: Groudon|psn\n|move|p1a: Groudon|Heat Crash|p2a: Sneasler\n|-damage|p2a: Sneasler|0 fnt\n|faint|p2a: Sneasler\n|\n|-weather|SunnyDay|[upkeep]\n|-heal|p1a: Groudon|57\/100 psn|[from] item: Leftovers\n|-damage|p1a: Groudon|45\/100 psn|[from] psn\n|upkeep\n|\n|t:|1698789724\n|switch|p2a: Zamazenta|Zamazenta|100\/100\n|-ability|p2a: Zamazenta|Dauntless Shield|boost\n|-boost|p2a: Zamazenta|def|1\n|turn|3\n|\n|t:|1698789730\n|move|p2a: Zamazenta|Iron Defense|p2a: Zamazenta\n|-boost|p2a: Zamazenta|def|2\n|move|p1a: Groudon|Precipice Blades|p2a: Zamazenta\n|-damage|p2a: Zamazenta|75\/100\n|\n|-weather|SunnyDay|[upkeep]\n|-heal|p2a: Zamazenta|81\/100|[from] item: Leftovers\n|-heal|p1a: Groudon|51\/100 psn|[from] item: Leftovers\n|-damage|p1a: Groudon|39\/100 psn|[from] psn\n|upkeep\n|turn|4\n|\n|t:|1698789740\n|switch|p1a: Calyrex|Calyrex-Shadow|100\/100\n|-ability|p1a: Calyrex|As One\n|-ability|p1a: Calyrex|Unnerve\n|move|p2a: Zamazenta|Iron Defense|p2a: Zamazenta\n|-boost|p2a: Zamazenta|def|2\n|\n|-weather|SunnyDay|[upkeep]\n|-heal|p2a: Zamazenta|87\/100|[from] item: Leftovers\n|upkeep\n|turn|5\n|\n|t:|1698789753\n|-terastallize|p1a: Calyrex|Psychic\n|move|p1a: Calyrex|Psychic|p2a: Zamazenta\n|-supereffective|p2a: Zamazenta\n|-damage|p2a: Zamazenta|0 fnt\n|faint|p2a: Zamazenta\n|-ability|p1a: Calyrex|Grim Neigh|boost\n|-boost|p1a: Calyrex|spa|1\n|-damage|p1a: Calyrex|91\/100|[from] item: Life Orb\n|\n|-weather|none\n|upkeep\n|j| ChimeBliss\n|\n|t:|1698789758\n|switch|p2a: Breloom|Breloom, M|100\/100\n|turn|6\n|\n|t:|1698789762\n|move|p1a: Calyrex|Psychic|p2a: Breloom\n|-supereffective|p2a: Breloom\n|-enditem|p2a: Breloom|Focus Sash\n|-damage|p2a: Breloom|1\/100\n|-damage|p1a: Calyrex|81\/100|[from] item: Life Orb\n|move|p2a: Breloom|Spore|p1a: Calyrex\n|-status|p1a: Calyrex|slp|[from] move: Spore\n|\n|upkeep\n|turn|7\n|\n|t:|1698789772\n|cant|p1a: Calyrex|slp\n|move|p2a: Breloom|Swords Dance|p2a: Breloom\n|-boost|p2a: Breloom|atk|2\n|\n|upkeep\n|turn|8\n|\n|t:|1698789775\n|cant|p1a: Calyrex|slp\n|move|p2a: Breloom|Bullet Seed|p1a: Calyrex\n|-damage|p1a: Calyrex|35\/100 slp\n|-damage|p1a: Calyrex|0 fnt\n|faint|p1a: Calyrex\n|-hitcount|p1: Calyrex|2\n|\n|upkeep\n|\n|t:|1698789778\n|switch|p1a: Ogerpon|Ogerpon-Hearthflame, F|100\/100\n|-ability|p1a: Ogerpon|Mold Breaker\n|turn|9\n|\n|t:|1698789787\n|move|p2a: Breloom|Mach Punch|p1a: Ogerpon\n|-crit|p1a: Ogerpon\n|-damage|p1a: Ogerpon|0 fnt\n|faint|p1a: Ogerpon\n|\n|upkeep\n|\n|t:|1698789795\n|switch|p1a: Zacian|Zacian-Crowned|100\/100\n|-ability|p1a: Zacian|Intrepid Sword|boost\n|-boost|p1a: Zacian|atk|1\n|turn|10\n|\n|t:|1698789802\n|move|p1a: Zacian|Sacred Sword|p2a: Breloom\n|-damage|p2a: Breloom|0 fnt\n|faint|p2a: Breloom\n|\n|upkeep\n|\n|t:|1698789809\n|switch|p2a: Urshifu|Urshifu, F|100\/100\n|turn|11\n|\n|t:|1698789819\n|move|p1a: Zacian|Play Rough|p2a: Urshifu\n|-supereffective|p2a: Urshifu\n|-damage|p2a: Urshifu|0 fnt\n|faint|p2a: Urshifu\n|\n|upkeep\n|\n|t:|1698789822\n|switch|p2a: Iron Valiant|Iron Valiant|100\/100\n|turn|12\n|\n|t:|1698789832\n|move|p2a: Iron Valiant|Close Combat|p1a: Zacian\n|-damage|p1a: Zacian|53\/100\n|-unboost|p2a: Iron Valiant|def|1\n|-unboost|p2a: Iron Valiant|spd|1\n|move|p1a: Zacian|Behemoth Blade|p2a: Iron Valiant\n|-supereffective|p2a: Iron Valiant\n|-damage|p2a: Iron Valiant|0 fnt\n|faint|p2a: Iron Valiant\n|-end|p2a: Iron Valiant|Quark Drive|[silent]\n|\n|upkeep\n|\n|t:|1698789834\n|switch|p2a: Kommo-o|Kommo-o, F|100\/100\n|turn|13\n|\n|t:|1698789840\n|move|p1a: Zacian|Play Rough|p2a: Kommo-o\n|-supereffective|p2a: Kommo-o\n|-damage|p2a: Kommo-o|0 fnt\n|faint|p2a: Kommo-o\n|\n|win|Fretscorch\n|raw|Fretscorch's rating: 1216 &rarr; <strong>1237<\/strong><br \/>(+21 for winning)\n|raw|Your_TSA_Agent's rating: 1157 &rarr; <strong>1136<\/strong><br \/>(-21 for losing)\n|l|\u2606Your_TSA_Agent\n|l|\u2606Fretscorch\n","uploadtime":1698789854,"views":6,"p1id":"fretscorch","p2id":"yourtsaagent","formatid":"gen9anythinggoes","rating":1136,"private":0,"password":""}