{"id":"gen9anythinggoes-1981778288","p1":"Drewberdude7","p2":"GreenDay101","format":"[Gen 9] Anything Goes","log":"|j|\u2606Drewberdude7\n|j|\u2606GreenDay101\n|t:|1698940917\n|gametype|singles\n|player|p1|Drewberdude7|brycenman|1119\n|player|p2|GreenDay101|red|1036\n|teamsize|p1|6\n|teamsize|p2|6\n|gen|9\n|tier|[Gen 9] Anything Goes\n|rated|\n|rule|HP Percentage Mod: HP is shown in percentages\n|rule|Endless Battle Clause: Forcing endless battles is banned\n|clearpoke\n|poke|p1|Tinkaton, F|\n|poke|p1|Klefki, M|\n|poke|p1|Empoleon, M|\n|poke|p1|Scizor, M|\n|poke|p1|Gholdengo|\n|poke|p1|Iron Hands|\n|poke|p2|Falinks|\n|poke|p2|Falinks|\n|poke|p2|Falinks|\n|poke|p2|Falinks|\n|poke|p2|Falinks|\n|poke|p2|Falinks|\n|teampreview\n|inactive|Battle timer is ON: inactive players will automatically lose when time's up. (requested by GreenDay101)\n|\n|t:|1698940947\n|start\n|switch|p1a: Klefki|Klefki, M, shiny|100\/100\n|switch|p2a: Front Line Soldier|Falinks, shiny|100\/100\n|turn|1\n|\n|t:|1698940959\n|switch|p2a: Special Unit Alpha|Falinks|100\/100\n|move|p1a: Klefki|Spikes|p2a: Special Unit Alpha\n|-sidestart|p2: GreenDay101|Spikes\n|\n|upkeep\n|turn|2\n|\n|t:|1698940965\n|move|p2a: Special Unit Alpha|No Retreat|p2a: Special Unit Alpha\n|-boost|p2a: Special Unit Alpha|atk|1\n|-boost|p2a: Special Unit Alpha|def|1\n|-boost|p2a: Special Unit Alpha|spa|1\n|-boost|p2a: Special Unit Alpha|spd|1\n|-boost|p2a: Special Unit Alpha|spe|1\n|-start|p2a: Special Unit Alpha|move: No Retreat\n|move|p1a: Klefki|Draining Kiss|p2a: Special Unit Alpha\n|-supereffective|p2a: Special Unit Alpha\n|-damage|p2a: Special Unit Alpha|54\/100\n|\n|upkeep\n|turn|3\n|\n|t:|1698940972\n|move|p1a: Klefki|Reflect|p1a: Klefki\n|-sidestart|p1: Drewberdude7|Reflect\n|move|p2a: Special Unit Alpha|High Horsepower|p1a: Klefki\n|-supereffective|p1a: Klefki\n|-damage|p1a: Klefki|50\/100\n|\n|-heal|p1a: Klefki|56\/100|[from] item: Leftovers\n|upkeep\n|turn|4\n|\n|t:|1698940978\n|move|p2a: Special Unit Alpha|Knock Off|p1a: Klefki\n|-resisted|p1a: Klefki\n|-damage|p1a: Klefki|43\/100\n|-enditem|p1a: Klefki|Leftovers|[from] move: Knock Off|[of] p2a: Special Unit Alpha\n|move|p1a: Klefki|Draining Kiss|p2a: Special Unit Alpha\n|-supereffective|p2a: Special Unit Alpha\n|-damage|p2a: Special Unit Alpha|8\/100\n|-heal|p1a: Klefki|78\/100|[from] drain|[of] p2a: Special Unit Alpha\n|\n|upkeep\n|turn|5\n|\n|t:|1698940986\n|move|p2a: Special Unit Alpha|High Horsepower|p1a: Klefki|[miss]\n|-miss|p2a: Special Unit Alpha|p1a: Klefki\n|move|p1a: Klefki|Draining Kiss|p2a: Special Unit Alpha\n|-supereffective|p2a: Special Unit Alpha\n|-damage|p2a: Special Unit Alpha|0 fnt\n|-heal|p1a: Klefki|83\/100|[from] drain|[of] p2a: Special Unit Alpha\n|faint|p2a: Special Unit Alpha\n|\n|upkeep\n|\n|t:|1698941006\n|switch|p2a: Tanks|Falinks|100\/100\n|-damage|p2a: Tanks|88\/100|[from] Spikes\n|turn|6\n|\n|t:|1698941017\n|move|p1a: Klefki|Draining Kiss|p2a: Tanks\n|-supereffective|p2a: Tanks\n|-damage|p2a: Tanks|37\/100\n|-heal|p1a: Klefki|100\/100|[from] drain|[of] p2a: Tanks\n|move|p2a: Tanks|Counter||[still]\n|-fail|p2a: Tanks\n|\n|upkeep\n|turn|7\n|\n|t:|1698941026\n|move|p1a: Klefki|Draining Kiss|p2a: Tanks\n|-supereffective|p2a: Tanks\n|-damage|p2a: Tanks|0 fnt\n|faint|p2a: Tanks\n|\n|-sideend|p1: Drewberdude7|Reflect\n|upkeep\n|\n|t:|1698941028\n|switch|p2a: Strategists|Falinks, shiny|100\/100\n|-damage|p2a: Strategists|88\/100|[from] Spikes\n|turn|8\n|\n|t:|1698941036\n|move|p1a: Klefki|Draining Kiss|p2a: Strategists\n|-supereffective|p2a: Strategists\n|-damage|p2a: Strategists|44\/100\n|move|p2a: Strategists|No Retreat|p2a: Strategists\n|-boost|p2a: Strategists|atk|1\n|-boost|p2a: Strategists|def|1\n|-boost|p2a: Strategists|spa|1\n|-boost|p2a: Strategists|spd|1\n|-boost|p2a: Strategists|spe|1\n|-start|p2a: Strategists|move: No Retreat\n|\n|upkeep\n|turn|9\n|\n|t:|1698941043\n|move|p2a: Strategists|No Retreat||[still]\n|-fail|p2a: Strategists\n|move|p1a: Klefki|Draining Kiss|p2a: Strategists\n|-supereffective|p2a: Strategists\n|-damage|p2a: Strategists|12\/100\n|\n|upkeep\n|turn|10\n|\n|t:|1698941049\n|move|p2a: Strategists|Close Combat|p1a: Klefki\n|-damage|p1a: Klefki|9\/100\n|-unboost|p2a: Strategists|def|1\n|-unboost|p2a: Strategists|spd|1\n|move|p1a: Klefki|Draining Kiss|p2a: Strategists\n|-supereffective|p2a: Strategists\n|-damage|p2a: Strategists|0 fnt\n|-heal|p1a: Klefki|18\/100|[from] drain|[of] p2a: Strategists\n|faint|p2a: Strategists\n|\n|upkeep\n|\n|t:|1698941052\n|switch|p2a: Front Line Soldier|Falinks, shiny|100\/100\n|-damage|p2a: Front Line Soldier|88\/100|[from] Spikes\n|turn|11\n|\n|t:|1698941060\n|move|p1a: Klefki|Draining Kiss|p2a: Front Line Soldier\n|-supereffective|p2a: Front Line Soldier\n|-damage|p2a: Front Line Soldier|39\/100\n|-heal|p1a: Klefki|55\/100|[from] drain|[of] p2a: Front Line Soldier\n|move|p2a: Front Line Soldier|No Retreat|p2a: Front Line Soldier\n|-boost|p2a: Front Line Soldier|atk|1\n|-boost|p2a: Front Line Soldier|def|1\n|-boost|p2a: Front Line Soldier|spa|1\n|-boost|p2a: Front Line Soldier|spd|1\n|-boost|p2a: Front Line Soldier|spe|1\n|-start|p2a: Front Line Soldier|move: No Retreat\n|\n|upkeep\n|turn|12\n|\n|t:|1698941068\n|move|p2a: Front Line Soldier|Iron Head|p1a: Klefki\n|-damage|p1a: Klefki|15\/100\n|move|p1a: Klefki|Draining Kiss|p2a: Front Line Soldier\n|-supereffective|p2a: Front Line Soldier\n|-damage|p2a: Front Line Soldier|6\/100\n|-heal|p1a: Klefki|40\/100|[from] drain|[of] p2a: Front Line Soldier\n|\n|upkeep\n|turn|13\n|\n|t:|1698941075\n|move|p2a: Front Line Soldier|Iron Head|p1a: Klefki\n|-damage|p1a: Klefki|0 fnt\n|faint|p1a: Klefki\n|\n|upkeep\n|\n|t:|1698941082\n|switch|p1a: Tinkaton|Tinkaton, F|100\/100\n|turn|14\n|c|\u2606GreenDay101|yesss the boys did it\n|\n|t:|1698941093\n|move|p1a: Tinkaton|Fake Out|p2a: Front Line Soldier\n|-damage|p2a: Front Line Soldier|0 fnt\n|faint|p2a: Front Line Soldier\n|\n|upkeep\n|\n|t:|1698941098\n|switch|p2a: Sniper Unit|Falinks, shiny|100\/100\n|-damage|p2a: Sniper Unit|88\/100|[from] Spikes\n|turn|15\n|\n|t:|1698941119\n|move|p2a: Sniper Unit|Bulk Up|p2a: Sniper Unit\n|-boost|p2a: Sniper Unit|atk|1\n|-boost|p2a: Sniper Unit|def|1\n|move|p1a: Tinkaton|Play Rough|p2a: Sniper Unit\n|-supereffective|p2a: Sniper Unit\n|-damage|p2a: Sniper Unit|35\/100\n|-unboost|p2a: Sniper Unit|atk|1\n|\n|upkeep\n|turn|16\n|-message|GreenDay101 forfeited.\n|\n|win|Drewberdude7\n|raw|Drewberdude7's rating: 1119 &rarr; <strong>1138<\/strong><br \/>(+19 for winning)\n|raw|GreenDay101's rating: 1036 &rarr; <strong>1024<\/strong><br \/>(-12 for losing)\n|l|\u2606GreenDay101\n","uploadtime":1698941137,"views":3,"p1id":"drewberdude7","p2id":"greenday101","formatid":"gen9anythinggoes","rating":1024,"private":0,"password":""}