{"id":"gen9anythinggoes-1993790060","p1":"Zekthesnek","p2":"Nuwyrm","format":"[Gen 9] Anything Goes","log":"|j|\u2606Zekthesnek\n|j|\u2606Nuwyrm\n|t:|1700357561\n|gametype|singles\n|player|p1|Zekthesnek|266|\n|player|p2|Nuwyrm|larry|\n|teamsize|p1|6\n|teamsize|p2|6\n|gen|9\n|tier|[Gen 9] Anything Goes\n|rule|HP Percentage Mod: HP is shown in percentages\n|rule|Endless Battle Clause: Forcing endless battles is banned\n|clearpoke\n|poke|p1|Pelipper, F|\n|poke|p1|Manaphy|\n|poke|p1|Landorus-Therian, M|\n|poke|p1|Iron Hands|\n|poke|p1|Yanmega, F|\n|poke|p1|Zapdos|\n|poke|p2|Walking Wake|\n|poke|p2|Great Tusk|\n|poke|p2|Bellibolt, M|\n|poke|p2|Arcanine-Hisui, M|\n|poke|p2|Sylveon, F|\n|poke|p2|Naclstack, M|\n|teampreview\n|\n|t:|1700357580\n|start\n|switch|p1a: tiger bird|Landorus-Therian, M|100\/100\n|switch|p2a: MC DK JR|Naclstack, M|100\/100\n|-ability|p1a: tiger bird|Intimidate|boost\n|-unboost|p2a: MC DK JR|atk|1\n|turn|1\n|\n|t:|1700357600\n|move|p1a: tiger bird|Earthquake|p2a: MC DK JR\n|-supereffective|p2a: MC DK JR\n|-damage|p2a: MC DK JR|41\/100\n|move|p2a: MC DK JR|Stealth Rock|p1a: tiger bird\n|-sidestart|p1: Zekthesnek|move: Stealth Rock\n|\n|upkeep\n|turn|2\n|\n|t:|1700357624\n|move|p1a: tiger bird|Earthquake|p2a: MC DK JR\n|-supereffective|p2a: MC DK JR\n|-damage|p2a: MC DK JR|0 fnt\n|faint|p2a: MC DK JR\n|\n|upkeep\n|\n|t:|1700357629\n|switch|p2a: NOAHBOZO|Walking Wake|100\/100\n|turn|3\n|\n|t:|1700357648\n|switch|p1a: iron bird|Iron Hands|100\/100\n|-damage|p1a: iron bird|94\/100|[from] Stealth Rock\n|move|p2a: NOAHBOZO|Surf|p1a: iron bird\n|-damage|p1a: iron bird|55\/100\n|\n|upkeep\n|turn|4\n|\n|t:|1700357661\n|move|p1a: iron bird|Fake Out|p2a: NOAHBOZO\n|-damage|p2a: NOAHBOZO|82\/100\n|cant|p2a: NOAHBOZO|flinch\n|\n|upkeep\n|turn|5\n|\n|t:|1700357667\n|move|p2a: NOAHBOZO|Surf|p1a: iron bird\n|-damage|p1a: iron bird|20\/100\n|move|p1a: iron bird|Drain Punch|p2a: NOAHBOZO\n|-damage|p2a: NOAHBOZO|37\/100\n|-heal|p1a: iron bird|37\/100|[from] drain|[of] p2a: NOAHBOZO\n|\n|upkeep\n|turn|6\n|\n|t:|1700357675\n|move|p2a: NOAHBOZO|Surf|p1a: iron bird\n|-damage|p1a: iron bird|0 fnt\n|faint|p1a: iron bird\n|-end|p1a: iron bird|Quark Drive|[silent]\n|\n|upkeep\n|j| Ryno5311\n|\n|t:|1700357706\n|switch|p1a: thunder bird|Zapdos|100\/100\n|-damage|p1a: thunder bird|75\/100|[from] Stealth Rock\n|turn|7\n|\n|t:|1700357719\n|-end|p2a: NOAHBOZO|Protosynthesis|[silent]\n|switch|p2a: BOOGIEWOOGIE|Bellibolt, M|100\/100\n|move|p1a: thunder bird|Tailwind|p1a: thunder bird\n|-sidestart|p1: Zekthesnek|move: Tailwind\n|\n|upkeep\n|turn|8\n|\n|t:|1700357727\n|move|p1a: thunder bird|Roost|p1a: thunder bird\n|-heal|p1a: thunder bird|100\/100\n|-singleturn|p1a: thunder bird|move: Roost\n|move|p2a: BOOGIEWOOGIE|Parabolic Charge|p1a: thunder bird\n|-resisted|p1a: thunder bird\n|-damage|p1a: thunder bird|89\/100\n|\n|upkeep\n|turn|9\n|\n|t:|1700357742\n|move|p1a: thunder bird|Hurricane|p2a: BOOGIEWOOGIE\n|-resisted|p2a: BOOGIEWOOGIE\n|-damage|p2a: BOOGIEWOOGIE|78\/100\n|-start|p2a: BOOGIEWOOGIE|confusion\n|-start|p2a: BOOGIEWOOGIE|Charge|Hurricane|[from] ability: Electromorphosis\n|-activate|p2a: BOOGIEWOOGIE|confusion\n|-damage|p2a: BOOGIEWOOGIE|74\/100|[from] confusion\n|-end|p2a: BOOGIEWOOGIE|Charge|[silent]\n|\n|-heal|p2a: BOOGIEWOOGIE|80\/100|[from] item: Leftovers\n|upkeep\n|turn|10\n|\n|t:|1700357757\n|move|p1a: thunder bird|Hurricane|p2a: BOOGIEWOOGIE\n|-resisted|p2a: BOOGIEWOOGIE\n|-damage|p2a: BOOGIEWOOGIE|59\/100\n|-start|p2a: BOOGIEWOOGIE|Charge|Hurricane|[from] ability: Electromorphosis\n|-activate|p2a: BOOGIEWOOGIE|confusion\n|move|p2a: BOOGIEWOOGIE|Parabolic Charge|p1a: thunder bird\n|-damage|p1a: thunder bird|42\/100\n|-heal|p2a: BOOGIEWOOGIE|80\/100|[from] drain|[of] p1a: thunder bird\n|-enditem|p1a: thunder bird|Sitrus Berry|[eat]\n|-heal|p1a: thunder bird|67\/100|[from] item: Sitrus Berry\n|-end|p2a: BOOGIEWOOGIE|Charge|[silent]\n|\n|-heal|p2a: BOOGIEWOOGIE|86\/100|[from] item: Leftovers\n|-sideend|p1: Zekthesnek|move: Tailwind\n|upkeep\n|turn|11\n|\n|t:|1700357775\n|move|p1a: thunder bird|Roost|p1a: thunder bird\n|-heal|p1a: thunder bird|100\/100\n|-singleturn|p1a: thunder bird|move: Roost\n|-end|p2a: BOOGIEWOOGIE|confusion\n|move|p2a: BOOGIEWOOGIE|Parabolic Charge|p1a: thunder bird\n|-resisted|p1a: thunder bird\n|-damage|p1a: thunder bird|90\/100\n|-heal|p2a: BOOGIEWOOGIE|91\/100|[from] drain|[of] p1a: thunder bird\n|\n|-heal|p2a: BOOGIEWOOGIE|97\/100|[from] item: Leftovers\n|upkeep\n|turn|12\n|\n|t:|1700357795\n|move|p1a: thunder bird|Tailwind|p1a: thunder bird\n|-sidestart|p1: Zekthesnek|move: Tailwind\n|move|p2a: BOOGIEWOOGIE|Volt Switch|p1a: thunder bird\n|-damage|p1a: thunder bird|65\/100\n|\n|t:|1700357799\n|switch|p2a: BOWOW|Arcanine-Hisui, M|100\/100|[from] Volt Switch\n|\n|upkeep\n|turn|13\n|\n|t:|1700357816\n|switch|p1a: tiger bird|Landorus-Therian, M|100\/100\n|-damage|p1a: tiger bird|88\/100|[from] Stealth Rock\n|-ability|p1a: tiger bird|Intimidate|boost\n|-unboost|p2a: BOWOW|atk|1\n|move|p2a: BOWOW|Head Smash|p1a: tiger bird\n|-damage|p1a: tiger bird|33\/100\n|\n|upkeep\n|turn|14\n|\n|t:|1700357826\n|move|p1a: tiger bird|Earthquake|p2a: BOWOW\n|-supereffective|p2a: BOWOW\n|-damage|p2a: BOWOW|0 fnt\n|faint|p2a: BOWOW\n|\n|upkeep\n|\n|t:|1700357839\n|switch|p2a: BOOGIEWOOGIE|Bellibolt, M|97\/100\n|turn|15\n|\n|t:|1700357865\n|move|p1a: tiger bird|Earthquake|p2a: BOOGIEWOOGIE\n|-supereffective|p2a: BOOGIEWOOGIE\n|-damage|p2a: BOOGIEWOOGIE|9\/100\n|-start|p2a: BOOGIEWOOGIE|Charge|Earthquake|[from] ability: Electromorphosis\n|move|p2a: BOOGIEWOOGIE|Parabolic Charge|p1a: tiger bird\n|-immune|p1a: tiger bird\n|-end|p2a: BOOGIEWOOGIE|Charge|[silent]\n|\n|-heal|p2a: BOOGIEWOOGIE|15\/100|[from] item: Leftovers\n|-sideend|p1: Zekthesnek|move: Tailwind\n|upkeep\n|turn|16\n|c|\u2606Nuwyrm|worst read of my life\n|c|\u2606Zekthesnek|lol\n|\n|t:|1700357903\n|switch|p2a: LANDO TUSK|Great Tusk|100\/100\n|-enditem|p2a: LANDO TUSK|Booster Energy\n|-activate|p2a: LANDO TUSK|ability: Protosynthesis|[fromitem]\n|-start|p2a: LANDO TUSK|protosynthesisspe\n|move|p1a: tiger bird|Earthquake|p2a: LANDO TUSK\n|-damage|p2a: LANDO TUSK|66\/100\n|\n|upkeep\n|turn|17\n|c|\u2606Zekthesnek|i was gonna swap\n|\n|t:|1700357977\n|move|p1a: tiger bird|Earthquake|p2a: LANDO TUSK\n|-damage|p2a: LANDO TUSK|29\/100\n|move|p2a: LANDO TUSK|Rock Slide|p1a: tiger bird\n|-damage|p1a: tiger bird|6\/100\n|\n|upkeep\n|turn|18\n|c|\u2606Zekthesnek|well\n|\n|t:|1700358003\n|move|p1a: tiger bird|Earthquake|p2a: LANDO TUSK\n|-damage|p2a: LANDO TUSK|0 fnt\n|faint|p2a: LANDO TUSK\n|-end|p2a: LANDO TUSK|Protosynthesis|[silent]\n|\n|upkeep\n|\n|t:|1700358007\n|switch|p2a: CRAZY!!!!|Sylveon, F|100\/100\n|turn|19\n|\n|t:|1700358023\n|move|p1a: tiger bird|Earthquake|p2a: CRAZY!!!!\n|-damage|p2a: CRAZY!!!!|55\/100\n|move|p2a: CRAZY!!!!|Hyper Voice|p1a: tiger bird\n|-damage|p1a: tiger bird|0 fnt\n|faint|p1a: tiger bird\n|\n|-heal|p2a: CRAZY!!!!|61\/100|[from] item: Leftovers\n|upkeep\n|\n|t:|1700358035\n|switch|p1a: bug bird|Yanmega, F|100\/100\n|-damage|p1a: bug bird|51\/100|[from] Stealth Rock\n|turn|20\n|\n|t:|1700358046\n|move|p1a: bug bird|Bug Buzz|p2a: CRAZY!!!!\n|-resisted|p2a: CRAZY!!!!\n|-damage|p2a: CRAZY!!!!|38\/100\n|move|p2a: CRAZY!!!!|Calm Mind|p2a: CRAZY!!!!\n|-boost|p2a: CRAZY!!!!|spa|1\n|-boost|p2a: CRAZY!!!!|spd|1\n|\n|-heal|p2a: CRAZY!!!!|44\/100|[from] item: Leftovers\n|-ability|p1a: bug bird|Speed Boost|boost\n|-boost|p1a: bug bird|spe|1\n|upkeep\n|turn|21\n|\n|t:|1700358058\n|-terastallize|p1a: bug bird|Flying\n|move|p1a: bug bird|Bug Buzz|p2a: CRAZY!!!!\n|-resisted|p2a: CRAZY!!!!\n|-damage|p2a: CRAZY!!!!|29\/100\n|move|p2a: CRAZY!!!!|Calm Mind|p2a: CRAZY!!!!\n|-boost|p2a: CRAZY!!!!|spa|1\n|-boost|p2a: CRAZY!!!!|spd|1\n|\n|-heal|p2a: CRAZY!!!!|35\/100|[from] item: Leftovers\n|-ability|p1a: bug bird|Speed Boost|boost\n|-boost|p1a: bug bird|spe|1\n|upkeep\n|turn|22\n|\n|t:|1700358071\n|move|p1a: bug bird|Bug Buzz|p2a: CRAZY!!!!\n|-resisted|p2a: CRAZY!!!!\n|-damage|p2a: CRAZY!!!!|24\/100\n|move|p2a: CRAZY!!!!|Wish|p2a: CRAZY!!!!\n|\n|-heal|p2a: CRAZY!!!!|30\/100|[from] item: Leftovers\n|-ability|p1a: bug bird|Speed Boost|boost\n|-boost|p1a: bug bird|spe|1\n|upkeep\n|turn|23\n|\n|t:|1700358079\n|switch|p1a: flappy bird|Pelipper, F|100\/100\n|-damage|p1a: flappy bird|75\/100|[from] Stealth Rock\n|-weather|RainDance|[from] ability: Drizzle|[of] p1a: flappy bird\n|move|p2a: CRAZY!!!!|Calm Mind|p2a: CRAZY!!!!\n|-boost|p2a: CRAZY!!!!|spa|1\n|-boost|p2a: CRAZY!!!!|spd|1\n|\n|-weather|RainDance|[upkeep]\n|-heal|p2a: CRAZY!!!!|80\/100|[from] move: Wish|[wisher] CRAZY!!!!\n|-heal|p2a: CRAZY!!!!|87\/100|[from] item: Leftovers\n|upkeep\n|turn|24\n|\n|t:|1700358091\n|move|p1a: flappy bird|Hydro Pump|p2a: CRAZY!!!!\n|-damage|p2a: CRAZY!!!!|68\/100\n|move|p2a: CRAZY!!!!|Hyper Voice|p1a: flappy bird\n|-damage|p1a: flappy bird|0 fnt\n|faint|p1a: flappy bird\n|\n|-weather|RainDance|[upkeep]\n|-heal|p2a: CRAZY!!!!|74\/100|[from] item: Leftovers\n|upkeep\n|\n|t:|1700358094\n|switch|p1a: bug bird|Yanmega, F, tera:Flying|51\/100\n|-damage|p1a: bug bird|26\/100|[from] Stealth Rock\n|turn|25\n|\n|t:|1700358105\n|move|p1a: bug bird|Tera Blast|p2a: CRAZY!!!!|[anim] Tera Blast Flying\n|-damage|p2a: CRAZY!!!!|54\/100\n|move|p2a: CRAZY!!!!|Calm Mind|p2a: CRAZY!!!!\n|-boost|p2a: CRAZY!!!!|spa|1\n|-boost|p2a: CRAZY!!!!|spd|1\n|\n|-weather|RainDance|[upkeep]\n|-heal|p2a: CRAZY!!!!|60\/100|[from] item: Leftovers\n|-ability|p1a: bug bird|Speed Boost|boost\n|-boost|p1a: bug bird|spe|1\n|upkeep\n|turn|26\n|c|\u2606Zekthesnek|i didn't know fairy resisted bug\n|c|\u2606Nuwyrm|me neither honestly\n|\n|t:|1700358118\n|move|p1a: bug bird|Tera Blast|p2a: CRAZY!!!!|[anim] Tera Blast Flying\n|-damage|p2a: CRAZY!!!!|43\/100\n|move|p2a: CRAZY!!!!|Wish|p2a: CRAZY!!!!\n|\n|-weather|RainDance|[upkeep]\n|-heal|p2a: CRAZY!!!!|49\/100|[from] item: Leftovers\n|-ability|p1a: bug bird|Speed Boost|boost\n|-boost|p1a: bug bird|spe|1\n|upkeep\n|turn|27\n|\n|t:|1700358126\n|move|p2a: CRAZY!!!!|Protect|p2a: CRAZY!!!!\n|-singleturn|p2a: CRAZY!!!!|Protect\n|move|p1a: bug bird|Tera Blast|p2a: CRAZY!!!!|[anim] Tera Blast Flying\n|-activate|p2a: CRAZY!!!!|move: Protect\n|\n|-weather|none\n|-heal|p2a: CRAZY!!!!|99\/100|[from] move: Wish|[wisher] CRAZY!!!!\n|-heal|p2a: CRAZY!!!!|100\/100|[from] item: Leftovers\n|-ability|p1a: bug bird|Speed Boost|boost\n|-boost|p1a: bug bird|spe|1\n|upkeep\n|turn|28\n|\n|t:|1700358135\n|move|p1a: bug bird|Tera Blast|p2a: CRAZY!!!!|[anim] Tera Blast Flying\n|-damage|p2a: CRAZY!!!!|83\/100\n|move|p2a: CRAZY!!!!|Hyper Voice|p1a: bug bird\n|-damage|p1a: bug bird|0 fnt\n|faint|p1a: bug bird\n|\n|-heal|p2a: CRAZY!!!!|89\/100|[from] item: Leftovers\n|upkeep\n|\n|t:|1700358138\n|switch|p1a: thunder bird|Zapdos|65\/100\n|-damage|p1a: thunder bird|40\/100|[from] Stealth Rock\n|turn|29\n|\n|t:|1700358146\n|move|p1a: thunder bird|Hurricane|p2a: CRAZY!!!!|[miss]\n|-miss|p1a: thunder bird|p2a: CRAZY!!!!\n|move|p2a: CRAZY!!!!|Hyper Voice|p1a: thunder bird\n|-damage|p1a: thunder bird|0 fnt\n|faint|p1a: thunder bird\n|\n|-heal|p2a: CRAZY!!!!|95\/100|[from] item: Leftovers\n|upkeep\n|\n|t:|1700358148\n|switch|p1a: water bird|Manaphy|100\/100\n|-damage|p1a: water bird|88\/100|[from] Stealth Rock\n|turn|30\n|\n|t:|1700358158\n|move|p1a: water bird|Tail Glow|p1a: water bird\n|-boost|p1a: water bird|spa|3\n|move|p2a: CRAZY!!!!|Hyper Voice|p1a: water bird\n|-damage|p1a: water bird|0 fnt\n|faint|p1a: water bird\n|\n|win|Nuwyrm\n|c|\u2606Zekthesnek|gg\n|l| Ryno5311\n|c|\u2606Nuwyrm|gg! I was pretty sure you had me there lol\n|c|\u2606Nuwyrm|I'll get the replay!\n","uploadtime":1700358192,"views":25,"p1id":"zekthesnek","p2id":"nuwyrm","formatid":"gen9anythinggoes","rating":0,"private":0,"password":""}