{"id":"gen9anythinggoes-1991696050","p1":"ImKyurem","p2":"Kayleb1718","format":"[Gen 9] Anything Goes","log":"|j|\u2606ImKyurem\n|j|\u2606Kayleb1718\n|t:|1700103726\n|gametype|singles\n|player|p1|ImKyurem|giovanni|1371\n|player|p2|Kayleb1718|lucas-gen4pt|1470\n|teamsize|p1|6\n|teamsize|p2|6\n|gen|9\n|tier|[Gen 9] Anything Goes\n|rated|\n|rule|HP Percentage Mod: HP is shown in percentages\n|rule|Endless Battle Clause: Forcing endless battles is banned\n|clearpoke\n|poke|p1|Espathra, M|\n|poke|p1|Cloyster, M|\n|poke|p1|Calyrex-Shadow|\n|poke|p1|Chien-Pao|\n|poke|p1|Regieleki|\n|poke|p1|Arceus|\n|poke|p2|Zacian-*|\n|poke|p2|Calyrex-Shadow|\n|poke|p2|Urshifu-*, M|\n|poke|p2|Kingambit, F|\n|poke|p2|Miraidon|\n|poke|p2|Iron Treads|\n|teampreview\n|inactive|Battle timer is ON: inactive players will automatically lose when time's up. (requested by ImKyurem)\n|\n|t:|1700103741\n|start\n|switch|p1a: Regieleki|Regieleki|100\/100\n|switch|p2a: Zacian|Zacian-Crowned, shiny|100\/100\n|-ability|p2a: Zacian|Intrepid Sword|boost\n|-boost|p2a: Zacian|atk|1\n|turn|1\n|\n|t:|1700103747\n|move|p1a: Regieleki|Reflect|p1a: Regieleki\n|-sidestart|p1: ImKyurem|Reflect\n|move|p2a: Zacian|Behemoth Blade|p1a: Regieleki\n|-resisted|p1a: Regieleki\n|-damage|p1a: Regieleki|63\/100\n|\n|upkeep\n|turn|2\n|\n|t:|1700103753\n|switch|p2a: Iron Treads|Iron Treads|100\/100\n|move|p1a: Regieleki|Light Screen|p1a: Regieleki\n|-sidestart|p1: ImKyurem|move: Light Screen\n|\n|upkeep\n|turn|3\n|\n|t:|1700103765\n|move|p1a: Regieleki|Rapid Spin|p2a: Iron Treads\n|-resisted|p2a: Iron Treads\n|-damage|p2a: Iron Treads|96\/100\n|-boost|p1a: Regieleki|spe|1\n|move|p2a: Iron Treads|Stealth Rock|p1a: Regieleki\n|-sidestart|p1: ImKyurem|move: Stealth Rock\n|\n|-heal|p2a: Iron Treads|100\/100|[from] item: Leftovers\n|upkeep\n|turn|4\n|\n|t:|1700103773\n|move|p1a: Regieleki|Rapid Spin|p2a: Iron Treads\n|-resisted|p2a: Iron Treads\n|-damage|p2a: Iron Treads|96\/100\n|-boost|p1a: Regieleki|spe|1\n|-sideend|p1: ImKyurem|Stealth Rock|[from] move: Rapid Spin|[of] p1a: Regieleki\n|move|p2a: Iron Treads|Earthquake|p1a: Regieleki\n|-supereffective|p1a: Regieleki\n|-damage|p1a: Regieleki|0 fnt\n|faint|p1a: Regieleki\n|\n|-heal|p2a: Iron Treads|100\/100|[from] item: Leftovers\n|upkeep\n|\n|t:|1700103790\n|switch|p1a: Calyrex|Calyrex-Shadow|100\/100\n|-ability|p1a: Calyrex|As One\n|-ability|p1a: Calyrex|Unnerve\n|turn|5\n|\n|t:|1700103794\n|move|p1a: Calyrex|Astral Barrage|p2a: Iron Treads\n|-damage|p2a: Iron Treads|0 fnt\n|faint|p2a: Iron Treads\n|-end|p2a: Iron Treads|Quark Drive|[silent]\n|-ability|p1a: Calyrex|Grim Neigh|boost\n|-boost|p1a: Calyrex|spa|1\n|\n|upkeep\n|\n|t:|1700103799\n|switch|p2a: Calyrex|Calyrex-Shadow|100\/100\n|-ability|p2a: Calyrex|As One\n|-ability|p2a: Calyrex|Unnerve\n|turn|6\n|\n|t:|1700103803\n|-terastallize|p2a: Calyrex|Normal\n|move|p2a: Calyrex|Astral Barrage|p1a: Calyrex\n|-supereffective|p1a: Calyrex\n|-damage|p1a: Calyrex|0 fnt\n|faint|p1a: Calyrex\n|-ability|p2a: Calyrex|Grim Neigh|boost\n|-boost|p2a: Calyrex|spa|1\n|\n|upkeep\n|\n|t:|1700103807\n|switch|p1a: Chien-Pao|Chien-Pao|100\/100\n|-ability|p1a: Chien-Pao|Sword of Ruin\n|turn|7\n|\n|t:|1700103818\n|move|p1a: Chien-Pao|Sucker Punch|p2a: Calyrex\n|-damage|p2a: Calyrex|42\/100\n|move|p2a: Calyrex|Draining Kiss|p1a: Chien-Pao\n|-supereffective|p1a: Chien-Pao\n|-damage|p1a: Chien-Pao|54\/100\n|-heal|p2a: Calyrex|73\/100|[from] drain|[of] p1a: Chien-Pao\n|\n|-heal|p2a: Calyrex|79\/100|[from] item: Leftovers\n|upkeep\n|turn|8\n|\n|t:|1700103829\n|switch|p1a: Espathra|Espathra, M|100\/100\n|move|p2a: Calyrex|Nasty Plot|p2a: Calyrex\n|-boost|p2a: Calyrex|spa|2\n|\n|-heal|p2a: Calyrex|85\/100|[from] item: Leftovers\n|-sideend|p1: ImKyurem|Reflect\n|upkeep\n|turn|9\n|\n|t:|1700103838\n|move|p1a: Espathra|Protect|p1a: Espathra\n|-singleturn|p1a: Espathra|Protect\n|move|p2a: Calyrex|Astral Barrage|p1a: Espathra\n|-activate|p1a: Espathra|move: Protect\n|\n|-heal|p2a: Calyrex|91\/100|[from] item: Leftovers\n|-sideend|p1: ImKyurem|move: Light Screen\n|-ability|p1a: Espathra|Speed Boost|boost\n|-boost|p1a: Espathra|spe|1\n|upkeep\n|turn|10\n|\n|t:|1700103849\n|move|p1a: Espathra|Baton Pass|p1a: Espathra\n|\n|t:|1700103850\n|switch|p1a: Arceus|Arceus|100\/100|[from] Baton Pass\n|move|p2a: Calyrex|Astral Barrage|p1a: Arceus\n|-immune|p1a: Arceus\n|\n|-heal|p2a: Calyrex|98\/100|[from] item: Leftovers\n|upkeep\n|turn|11\n|\n|t:|1700103856\n|move|p1a: Arceus|Swords Dance|p1a: Arceus\n|-boost|p1a: Arceus|atk|2\n|move|p2a: Calyrex|Psychic|p1a: Arceus\n|-damage|p1a: Arceus|0 fnt\n|faint|p1a: Arceus\n|-ability|p2a: Calyrex|Grim Neigh|boost\n|-boost|p2a: Calyrex|spa|1\n|\n|-heal|p2a: Calyrex|100\/100|[from] item: Leftovers\n|upkeep\n|\n|t:|1700103864\n|switch|p1a: Cloyster|Cloyster, M|100\/100\n|turn|12\n|\n|t:|1700103871\n|move|p2a: Calyrex|Astral Barrage|p1a: Cloyster\n|-enditem|p1a: Cloyster|Focus Sash\n|-damage|p1a: Cloyster|1\/100\n|move|p1a: Cloyster|Shell Smash|p1a: Cloyster\n|-unboost|p1a: Cloyster|def|1\n|-unboost|p1a: Cloyster|spd|1\n|-boost|p1a: Cloyster|atk|2\n|-boost|p1a: Cloyster|spa|2\n|-boost|p1a: Cloyster|spe|2\n|\n|upkeep\n|turn|13\n|\n|t:|1700103881\n|move|p1a: Cloyster|Icicle Spear|p2a: Calyrex\n|-damage|p2a: Calyrex|74\/100\n|-damage|p2a: Calyrex|46\/100\n|-crit|p2a: Calyrex\n|-damage|p2a: Calyrex|6\/100\n|-damage|p2a: Calyrex|0 fnt\n|faint|p2a: Calyrex\n|-hitcount|p2: Calyrex|4\n|\n|upkeep\n|\n|t:|1700103892\n|switch|p2a: Urshifu|Urshifu-Rapid-Strike, M|100\/100\n|turn|14\n|\n|t:|1700103902\n|move|p1a: Cloyster|Rock Blast|p2a: Urshifu\n|-resisted|p2a: Urshifu\n|-damage|p2a: Urshifu|93\/100\n|-resisted|p2a: Urshifu\n|-damage|p2a: Urshifu|84\/100\n|-resisted|p2a: Urshifu\n|-damage|p2a: Urshifu|76\/100\n|-resisted|p2a: Urshifu\n|-damage|p2a: Urshifu|69\/100\n|-resisted|p2a: Urshifu\n|-damage|p2a: Urshifu|61\/100\n|-hitcount|p2a: Urshifu|5\n|move|p2a: Urshifu|Trailblaze|p1a: Cloyster\n|-supereffective|p1a: Cloyster\n|-damage|p1a: Cloyster|0 fnt\n|-boost|p2a: Urshifu|spe|1\n|faint|p1a: Cloyster\n|\n|-heal|p2a: Urshifu|67\/100|[from] item: Leftovers\n|upkeep\n|inactive|ImKyurem has 120 seconds left.\n|\n|t:|1700103933\n|switch|p1a: Espathra|Espathra, M|100\/100\n|turn|15\n|\n|t:|1700103937\n|move|p2a: Urshifu|Surging Strikes|p1a: Espathra\n|-crit|p1a: Espathra\n|-damage|p1a: Espathra|81\/100\n|-crit|p1a: Espathra\n|-damage|p1a: Espathra|60\/100\n|-crit|p1a: Espathra\n|-damage|p1a: Espathra|38\/100\n|-hitcount|p1a: Espathra|3\n|move|p1a: Espathra|Lumina Crash|p2a: Urshifu\n|-supereffective|p2a: Urshifu\n|-damage|p2a: Urshifu|0 fnt\n|faint|p2a: Urshifu\n|\n|-heal|p1a: Espathra|44\/100|[from] item: Leftovers\n|-ability|p1a: Espathra|Speed Boost|boost\n|-boost|p1a: Espathra|spe|1\n|upkeep\n|\n|t:|1700103948\n|switch|p2a: Zacian|Zacian-Crowned, shiny|100\/100\n|turn|16\n|\n|t:|1700103954\n|move|p1a: Espathra|Protect|p1a: Espathra\n|-singleturn|p1a: Espathra|Protect\n|move|p2a: Zacian|Behemoth Blade|p1a: Espathra\n|-activate|p1a: Espathra|move: Protect\n|\n|-heal|p1a: Espathra|50\/100|[from] item: Leftovers\n|-ability|p1a: Espathra|Speed Boost|boost\n|-boost|p1a: Espathra|spe|1\n|upkeep\n|turn|17\n|\n|t:|1700103973\n|move|p1a: Espathra|Baton Pass|p1a: Espathra\n|\n|t:|1700103976\n|switch|p1a: Chien-Pao|Chien-Pao|54\/100|[from] Baton Pass\n|-ability|p1a: Chien-Pao|Sword of Ruin\n|move|p2a: Zacian|Sacred Sword|p1a: Chien-Pao\n|-supereffective|p1a: Chien-Pao\n|-damage|p1a: Chien-Pao|0 fnt\n|faint|p1a: Chien-Pao\n|\n|upkeep\n|\n|t:|1700103977\n|switch|p1a: Espathra|Espathra, M|50\/100\n|turn|18\n|c|\u2606Kayleb1718|Predicted\n|\n|t:|1700104000\n|move|p2a: Zacian|Behemoth Blade|p1a: Espathra\n|-damage|p1a: Espathra|0 fnt\n|faint|p1a: Espathra\n|\n|win|Kayleb1718\n|raw|ImKyurem's rating: 1371 &rarr; <strong>1357<\/strong><br \/>(-14 for losing)\n|raw|Kayleb1718's rating: 1470 &rarr; <strong>1484<\/strong><br \/>(+14 for winning)\n|c|\u2606Kayleb1718|Gg\n","uploadtime":1700104021,"views":3,"p1id":"imkyurem","p2id":"kayleb1718","formatid":"gen9anythinggoes","rating":1357,"private":0,"password":""}