{"id":"gen9anythinggoes-1994369940","p1":"RagingRhino60","p2":"Fenella843","format":"[Gen 9] Anything Goes","log":"|j|\u2606RagingRhino60\n|j|\u2606Fenella843\n|t:|1700436138\n|gametype|singles\n|player|p1|RagingRhino60|2|1221\n|player|p2|Fenella843|acetrainerf|1188\n|teamsize|p1|6\n|teamsize|p2|6\n|gen|9\n|tier|[Gen 9] Anything Goes\n|rated|\n|rule|HP Percentage Mod: HP is shown in percentages\n|rule|Endless Battle Clause: Forcing endless battles is banned\n|clearpoke\n|poke|p1|Espathra, F|\n|poke|p1|Vaporeon, F|\n|poke|p1|Infernape, F|\n|poke|p1|Quaquaval, M|\n|poke|p1|Hydreigon, M|\n|poke|p1|Gholdengo|\n|poke|p2|Dewott, M|\n|poke|p2|Iron Hands|\n|poke|p2|Espathra, M|\n|poke|p2|Iron Leaves|\n|poke|p2|Breloom, F|\n|poke|p2|Cloyster, M|\n|teampreview\n|\n|t:|1700436148\n|start\n|switch|p1a: Espathra|Espathra, F, shiny|100\/100\n|switch|p2a: Dewott|Dewott, M|100\/100\n|turn|1\n|\n|t:|1700436155\n|move|p1a: Espathra|Protect|p1a: Espathra\n|-singleturn|p1a: Espathra|Protect\n|move|p2a: Dewott|Swords Dance|p2a: Dewott\n|-boost|p2a: Dewott|atk|2\n|-enditem|p1a: Espathra|Mirror Herb\n|-boost|p1a: Espathra|atk|2|[from] item: Mirror Herb\n|\n|-ability|p1a: Espathra|Speed Boost|boost\n|-boost|p1a: Espathra|spe|1\n|upkeep\n|turn|2\n|\n|t:|1700436172\n|move|p1a: Espathra|Substitute|p1a: Espathra\n|-start|p1a: Espathra|Substitute\n|-damage|p1a: Espathra|76\/100\n|move|p2a: Dewott|Knock Off|p1a: Espathra\n|-supereffective|p1a: Espathra\n|-end|p1a: Espathra|Substitute\n|\n|-ability|p1a: Espathra|Speed Boost|boost\n|-boost|p1a: Espathra|spe|1\n|upkeep\n|turn|3\n|\n|t:|1700436181\n|move|p1a: Espathra|Protect|p1a: Espathra\n|-singleturn|p1a: Espathra|Protect\n|move|p2a: Dewott|Knock Off|p1a: Espathra\n|-activate|p1a: Espathra|move: Protect\n|\n|-ability|p1a: Espathra|Speed Boost|boost\n|-boost|p1a: Espathra|spe|1\n|upkeep\n|turn|4\n|\n|t:|1700436191\n|move|p1a: Espathra|Baton Pass|p1a: Espathra\n|\n|t:|1700436195\n|switch|p1a: Infernape|Infernape, F, shiny|100\/100|[from] Baton Pass\n|move|p2a: Dewott|Knock Off|p1a: Infernape\n|-resisted|p1a: Infernape\n|-damage|p1a: Infernape|59\/100\n|-enditem|p1a: Infernape|Sitrus Berry|[from] move: Knock Off|[of] p2a: Dewott\n|\n|upkeep\n|turn|5\n|\n|t:|1700436207\n|move|p2a: Dewott|Aqua Jet|p1a: Infernape\n|-supereffective|p1a: Infernape\n|-damage|p1a: Infernape|0 fnt\n|faint|p1a: Infernape\n|\n|upkeep\n|\n|t:|1700436214\n|switch|p1a: Espathra|Espathra, F, shiny|76\/100\n|turn|6\n|\n|t:|1700436220\n|move|p1a: Espathra|Protect|p1a: Espathra\n|-singleturn|p1a: Espathra|Protect\n|move|p2a: Dewott|Swords Dance|p2a: Dewott\n|-boost|p2a: Dewott|atk|2\n|\n|-ability|p1a: Espathra|Speed Boost|boost\n|-boost|p1a: Espathra|spe|1\n|upkeep\n|turn|7\n|\n|t:|1700436229\n|move|p1a: Espathra|Substitute|p1a: Espathra\n|-start|p1a: Espathra|Substitute\n|-damage|p1a: Espathra|51\/100\n|move|p2a: Dewott|Knock Off|p1a: Espathra\n|-supereffective|p1a: Espathra\n|-end|p1a: Espathra|Substitute\n|\n|-ability|p1a: Espathra|Speed Boost|boost\n|-boost|p1a: Espathra|spe|1\n|upkeep\n|turn|8\n|\n|t:|1700436237\n|move|p1a: Espathra|Protect|p1a: Espathra\n|-singleturn|p1a: Espathra|Protect\n|move|p2a: Dewott|Swords Dance|p2a: Dewott\n|-boost|p2a: Dewott|atk|2\n|\n|-ability|p1a: Espathra|Speed Boost|boost\n|-boost|p1a: Espathra|spe|1\n|upkeep\n|turn|9\n|\n|t:|1700436245\n|move|p2a: Dewott|Aqua Jet|p1a: Espathra\n|-damage|p1a: Espathra|0 fnt\n|faint|p1a: Espathra\n|\n|upkeep\n|\n|t:|1700436254\n|switch|p1a: Vaporeon|Vaporeon, F, shiny|100\/100\n|turn|10\n|\n|t:|1700436264\n|-terastallize|p1a: Vaporeon|Water\n|move|p1a: Vaporeon|Acid Armor|p1a: Vaporeon\n|-boost|p1a: Vaporeon|def|2\n|move|p2a: Dewott|Knock Off|p1a: Vaporeon\n|-damage|p1a: Vaporeon|63\/100\n|-enditem|p1a: Vaporeon|Leftovers|[from] move: Knock Off|[of] p2a: Dewott\n|\n|upkeep\n|turn|11\n|\n|t:|1700436276\n|move|p1a: Vaporeon|Stored Power|p2a: Dewott\n|-damage|p2a: Dewott|84\/100\n|move|p2a: Dewott|Sacred Sword|p1a: Vaporeon\n|-damage|p1a: Vaporeon|0 fnt\n|faint|p1a: Vaporeon\n|\n|upkeep\n|-message|RagingRhino60 forfeited.\n|\n|win|Fenella843\n|raw|RagingRhino60's rating: 1221 &rarr; <strong>1194<\/strong><br \/>(-27 for losing)\n|raw|Fenella843's rating: 1188 &rarr; <strong>1215<\/strong><br \/>(+27 for winning)\n|l|\u2606RagingRhino60\n","uploadtime":1700436293,"views":27,"p1id":"ragingrhino60","p2id":"fenella843","formatid":"gen9anythinggoes","rating":1194,"private":0,"password":""}