{"id":"gen9anythinggoes-1976452689","p1":"YouAreRubbish","p2":"Cyberwolf77","format":"[Gen 9] Anything Goes","log":"|j|\u2606YouAreRubbish\n|j|\u2606Cyberwolf77\n|t:|1698305869\n|gametype|singles\n|player|p1|YouAreRubbish|veteran|1238\n|player|p2|Cyberwolf77|169|1302\n|teamsize|p1|6\n|teamsize|p2|6\n|gen|9\n|tier|[Gen 9] Anything Goes\n|rated|\n|rule|HP Percentage Mod: HP is shown in percentages\n|rule|Endless Battle Clause: Forcing endless battles is banned\n|clearpoke\n|poke|p1|Drifloon, M|\n|poke|p1|Electrode|\n|poke|p1|Golem-Alola, F|\n|poke|p1|Tyranitar, M|\n|poke|p1|Houndstone, M|\n|poke|p1|Kingambit, F|\n|poke|p2|Flutter Mane|\n|poke|p2|Miraidon|\n|poke|p2|Maushold-Four|\n|poke|p2|Calyrex-Shadow|\n|poke|p2|Salamence, F|\n|poke|p2|Ribombee, F|\n|teampreview\n|inactive|Battle timer is ON: inactive players will automatically lose when time's up. (requested by YouAreRubbish)\n|\n|t:|1698305882\n|start\n|switch|p1a: Fodder|Drifloon, M, shiny|100\/100\n|switch|p2a: Ribombee|Ribombee, F|100\/100\n|turn|1\n|\n|t:|1698305890\n|move|p2a: Ribombee|Moonblast|p1a: Fodder\n|-crit|p1a: Fodder\n|-enditem|p1a: Fodder|Focus Sash\n|-damage|p1a: Fodder|1\/100\n|move|p1a: Fodder|Explosion|p2a: Ribombee\n|-enditem|p2a: Ribombee|Focus Sash\n|-damage|p2a: Ribombee|1\/100\n|faint|p1a: Fodder\n|\n|upkeep\n|\n|t:|1698305901\n|switch|p1a: Electchode|Electrode, shiny|100\/100\n|turn|2\n|\n|t:|1698305907\n|move|p1a: Electchode|Foul Play|p2a: Ribombee\n|-resisted|p2a: Ribombee\n|-damage|p2a: Ribombee|0 fnt\n|faint|p2a: Ribombee\n|\n|upkeep\n|\n|t:|1698305920\n|switch|p2a: Maushold|Maushold-Four|100\/100\n|turn|3\n|\n|t:|1698305925\n|switch|p1a: Moustacio|Golem-Alola, F, shiny|100\/100\n|move|p2a: Maushold|Population Bomb|p1a: Moustacio\n|-resisted|p1a: Moustacio\n|-damage|p1a: Moustacio|95\/100\n|-resisted|p1a: Moustacio\n|-damage|p1a: Moustacio|89\/100\n|-resisted|p1a: Moustacio\n|-damage|p1a: Moustacio|83\/100\n|-resisted|p1a: Moustacio\n|-damage|p1a: Moustacio|77\/100\n|-resisted|p1a: Moustacio\n|-damage|p1a: Moustacio|72\/100\n|-resisted|p1a: Moustacio\n|-damage|p1a: Moustacio|67\/100\n|-resisted|p1a: Moustacio\n|-crit|p1a: Moustacio\n|-damage|p1a: Moustacio|58\/100\n|-resisted|p1a: Moustacio\n|-damage|p1a: Moustacio|52\/100\n|-resisted|p1a: Moustacio\n|-damage|p1a: Moustacio|47\/100\n|-resisted|p1a: Moustacio\n|-damage|p1a: Moustacio|42\/100\n|-hitcount|p1a: Moustacio|10\n|\n|upkeep\n|turn|4\n|\n|t:|1698305950\n|move|p2a: Maushold|Population Bomb|p1a: Moustacio\n|-resisted|p1a: Moustacio\n|-damage|p1a: Moustacio|37\/100\n|-resisted|p1a: Moustacio\n|-damage|p1a: Moustacio|31\/100\n|-resisted|p1a: Moustacio\n|-crit|p1a: Moustacio\n|-damage|p1a: Moustacio|23\/100\n|-resisted|p1a: Moustacio\n|-damage|p1a: Moustacio|17\/100\n|-resisted|p1a: Moustacio\n|-damage|p1a: Moustacio|12\/100\n|-resisted|p1a: Moustacio\n|-damage|p1a: Moustacio|7\/100\n|-resisted|p1a: Moustacio\n|-crit|p1a: Moustacio\n|-damage|p1a: Moustacio|0 fnt\n|faint|p1a: Moustacio\n|-hitcount|p1: Moustacio|7\n|\n|upkeep\n|inactive|YouAreRubbish has 120 seconds left.\n|\n|t:|1698305966\n|switch|p1a: Electchode|Electrode, shiny|100\/100\n|turn|5\n|\n|t:|1698305974\n|move|p1a: Electchode|Explosion|p2a: Maushold\n|-damage|p2a: Maushold|0 fnt\n|faint|p1a: Electchode\n|faint|p2a: Maushold\n|\n|upkeep\n|c|\u2606YouAreRubbish|Fuck them kids\n|\n|t:|1698305995\n|switch|p1a: The Sandman|Tyranitar, M, shiny|100\/100\n|switch|p2a: Salamence|Salamence, F|100\/100\n|-weather|Sandstorm|[from] ability: Sand Stream|[of] p1a: The Sandman\n|turn|6\n|\n|t:|1698306013\n|-terastallize|p2a: Salamence|Steel\n|move|p2a: Salamence|Dragon Dance|p2a: Salamence\n|-boost|p2a: Salamence|atk|1\n|-boost|p2a: Salamence|spe|1\n|move|p1a: The Sandman|Earth Power|p2a: Salamence\n|-supereffective|p2a: Salamence\n|-damage|p2a: Salamence|62\/100\n|-enditem|p2a: Salamence|Weakness Policy\n|-boost|p2a: Salamence|atk|2|[from] item: Weakness Policy\n|-boost|p2a: Salamence|spa|2|[from] item: Weakness Policy\n|\n|-weather|Sandstorm|[upkeep]\n|upkeep\n|turn|7\n|\n|t:|1698306026\n|move|p2a: Salamence|Tera Blast|p1a: The Sandman|[anim] Tera Blast Steel\n|-supereffective|p1a: The Sandman\n|-damage|p1a: The Sandman|0 fnt\n|faint|p1a: The Sandman\n|-ability|p2a: Salamence|Moxie|boost\n|-boost|p2a: Salamence|atk|1\n|\n|-weather|Sandstorm|[upkeep]\n|upkeep\n|\n|t:|1698306034\n|switch|p1a: Ruff Life|Houndstone, M, shiny|100\/100\n|turn|8\n|\n|t:|1698306056\n|switch|p2a: Flutter Mane|Flutter Mane|100\/100\n|move|p1a: Ruff Life|Last Respects|p2a: Flutter Mane\n|-supereffective|p2a: Flutter Mane\n|-enditem|p2a: Flutter Mane|Focus Sash\n|-damage|p2a: Flutter Mane|1\/100\n|\n|-weather|Sandstorm|[upkeep]\n|-damage|p2a: Flutter Mane|0 fnt|[from] Sandstorm\n|faint|p2a: Flutter Mane\n|-end|p2a: Flutter Mane|Protosynthesis|[silent]\n|upkeep\n|inactive|Cyberwolf77 has 120 seconds left.\n|\n|t:|1698306076\n|switch|p2a: Calyrex|Calyrex-Shadow|100\/100\n|-ability|p2a: Calyrex|As One\n|-ability|p2a: Calyrex|Unnerve\n|turn|9\n|inactive|Cyberwolf77 has 120 seconds left.\n|\n|t:|1698306083\n|move|p1a: Ruff Life|Last Respects|p2a: Calyrex\n|-supereffective|p2a: Calyrex\n|-enditem|p2a: Calyrex|Focus Sash\n|-damage|p2a: Calyrex|1\/100\n|move|p2a: Calyrex|Astral Barrage|p1a: Ruff Life\n|-supereffective|p1a: Ruff Life\n|-damage|p1a: Ruff Life|0 fnt\n|faint|p1a: Ruff Life\n|-ability|p2a: Calyrex|Grim Neigh|boost\n|-boost|p2a: Calyrex|spa|1\n|\n|-weather|Sandstorm|[upkeep]\n|-damage|p2a: Calyrex|0 fnt|[from] Sandstorm\n|faint|p2a: Calyrex\n|upkeep\n|inactive|Cyberwolf77 has 120 seconds left.\n|\n|t:|1698306099\n|switch|p2a: Salamence|Salamence, F, tera:Steel|62\/100\n|switch|p1a: Anya Taylor Joy|Kingambit, F, shiny|100\/100\n|-activate|p1a: Anya Taylor Joy|ability: Supreme Overlord\n|-start|p1a: Anya Taylor Joy|fallen5|[silent]\n|turn|10\n|inactive|Cyberwolf77 has 120 seconds left.\n|\n|t:|1698306109\n|-terastallize|p1a: Anya Taylor Joy|Dark\n|move|p1a: Anya Taylor Joy|Sucker Punch|p2a: Salamence\n|-damage|p2a: Salamence|0 fnt\n|faint|p2a: Salamence\n|\n|-weather|none\n|upkeep\n|inactive|Cyberwolf77 has 120 seconds left.\n|c|\u2606YouAreRubbish|Hi pal\n|\n|t:|1698306122\n|switch|p2a: Miraidon|Miraidon|100\/100\n|-fieldstart|move: Electric Terrain|[from] ability: Hadron Engine|[of] p2a: Miraidon\n|turn|11\n|inactive|Cyberwolf77 has 120 seconds left.\n|\n|t:|1698306130\n|move|p1a: Anya Taylor Joy|Sucker Punch|p2a: Miraidon\n|-damage|p2a: Miraidon|20\/100\n|move|p2a: Miraidon|Overheat|p1a: Anya Taylor Joy\n|-damage|p1a: Anya Taylor Joy|42\/100\n|-unboost|p2a: Miraidon|spa|2\n|-damage|p2a: Miraidon|10\/100|[from] item: Life Orb\n|\n|upkeep\n|turn|12\n|\n|t:|1698306139\n|move|p1a: Anya Taylor Joy|Sucker Punch|p2a: Miraidon\n|-damage|p2a: Miraidon|0 fnt\n|faint|p2a: Miraidon\n|\n|win|YouAreRubbish\n|raw|YouAreRubbish's rating: 1238 &rarr; <strong>1268<\/strong><br \/>(+30 for winning)\n|raw|Cyberwolf77's rating: 1302 &rarr; <strong>1278<\/strong><br \/>(-24 for losing)\n","uploadtime":1698305982,"views":10,"p1id":"youarerubbish","p2id":"cyberwolf77","formatid":"gen9anythinggoes","rating":1268,"private":0,"password":""}