{"id":"gen9anythinggoes-1974507538","p1":"1223456g","p2":"inkmyskin","format":"[Gen 9] Anything Goes","log":"|j|\u203d1223456g\n|j|\u2606inkmyskin\n|t:|1698092762\n|gametype|singles\n|player|p1|1223456g|steven|1085\n|player|p2|inkmyskin|ghetsis-gen5bw|1000\n|teamsize|p1|6\n|teamsize|p2|6\n|gen|9\n|tier|[Gen 9] Anything Goes\n|rated|\n|rule|HP Percentage Mod: HP is shown in percentages\n|rule|Endless Battle Clause: Forcing endless battles is banned\n|clearpoke\n|poke|p1|Scream Tail|\n|poke|p1|Tatsugiri-Droopy, M|\n|poke|p1|Flutter Mane|\n|poke|p1|Roaring Moon|\n|poke|p1|Drifblim, M|\n|poke|p1|Iron Hands|\n|poke|p2|Beartic, F|\n|poke|p2|Landorus-Therian, M|\n|poke|p2|Abomasnow, M|\n|poke|p2|Garganacl, F|\n|poke|p2|Articuno|\n|poke|p2|Glalie, F|\n|teampreview\n|inactive|Battle timer is ON: inactive players will automatically lose when time's up. (requested by 1223456g)\n|\n|t:|1698092772\n|start\n|switch|p1a: Drifblim|Drifblim, M, shiny|100\/100\n|switch|p2a: Abomasnow|Abomasnow, M|100\/100\n|-weather|Snow|[from] ability: Snow Warning|[of] p2a: Abomasnow\n|turn|1\n|\n|t:|1698092779\n|move|p1a: Drifblim|Minimize|p1a: Drifblim\n|-boost|p1a: Drifblim|evasion|2\n|move|p2a: Abomasnow|Aurora Veil|p2a: Abomasnow\n|-sidestart|p2: inkmyskin|move: Aurora Veil\n|\n|-weather|Snow|[upkeep]\n|upkeep\n|turn|2\n|\n|t:|1698092786\n|move|p1a: Drifblim|Minimize|p1a: Drifblim\n|-boost|p1a: Drifblim|evasion|2\n|move|p2a: Abomasnow|Sheer Cold|p1a: Drifblim|[miss]\n|-miss|p2a: Abomasnow|p1a: Drifblim\n|\n|-weather|Snow|[upkeep]\n|upkeep\n|turn|3\n|\n|t:|1698092792\n|switch|p2a: Landorus|Landorus-Therian, M|100\/100\n|-ability|p2a: Landorus|Intimidate|boost\n|-unboost|p1a: Drifblim|atk|1\n|move|p1a: Drifblim|Minimize|p1a: Drifblim\n|-boost|p1a: Drifblim|evasion|2\n|\n|-weather|Snow|[upkeep]\n|upkeep\n|turn|4\n|\n|t:|1698092800\n|move|p2a: Landorus|Gravity|p2a: Landorus\n|-fieldstart|move: Gravity\n|move|p1a: Drifblim|Baton Pass|p1a: Drifblim\n|\n|t:|1698092803\n|switch|p1a: Tatsugiri|Tatsugiri-Droopy, M|100\/100|[from] Baton Pass\n|\n|-weather|Snow|[upkeep]\n|upkeep\n|turn|5\n|\n|t:|1698092808\n|switch|p2a: Abomasnow|Abomasnow, M|100\/100\n|move|p1a: Tatsugiri|Dragon Dance|p1a: Tatsugiri\n|-boost|p1a: Tatsugiri|atk|1\n|-boost|p1a: Tatsugiri|spe|1\n|\n|-weather|none\n|upkeep\n|turn|6\n|\n|t:|1698092819\n|move|p1a: Tatsugiri|Dragon Dance|p1a: Tatsugiri\n|-boost|p1a: Tatsugiri|atk|1\n|-boost|p1a: Tatsugiri|spe|1\n|move|p2a: Abomasnow|Sheer Cold|p1a: Tatsugiri\n|-damage|p1a: Tatsugiri|0 fnt\n|faint|p1a: Tatsugiri\n|-ohko\n|\n|upkeep\n|\n|t:|1698092826\n|switch|p1a: Scream Tail|Scream Tail|100\/100\n|turn|7\n|\n|t:|1698092829\n|move|p1a: Scream Tail|Calm Mind|p1a: Scream Tail\n|-boost|p1a: Scream Tail|spa|1\n|-boost|p1a: Scream Tail|spd|1\n|move|p2a: Abomasnow|Sheer Cold|p1a: Scream Tail|[miss]\n|-miss|p2a: Abomasnow|p1a: Scream Tail\n|\n|upkeep\n|turn|8\n|\n|t:|1698092837\n|move|p1a: Scream Tail|Stored Power|p2a: Abomasnow\n|-damage|p2a: Abomasnow|88\/100\n|move|p2a: Abomasnow|Sheer Cold|p1a: Scream Tail\n|-damage|p1a: Scream Tail|0 fnt\n|faint|p1a: Scream Tail\n|-end|p1a: Scream Tail|Protosynthesis|[silent]\n|-ohko\n|\n|-sideend|p2: inkmyskin|move: Aurora Veil\n|-fieldend|move: Gravity\n|upkeep\n|-message|1223456g forfeited.\n|\n|win|inkmyskin\n|raw|1223456g's rating: 1085 &rarr; <strong>1057<\/strong><br \/>(-28 for losing)\n|raw|inkmyskin's rating: 1000 &rarr; <strong>1050<\/strong><br \/>(+50 for winning)\n|l|\u203d1223456g\n","uploadtime":1698092901,"views":9,"p1id":"1223456g","p2id":"inkmyskin","formatid":"gen9anythinggoes","rating":1050,"private":0,"password":""}