{"id":"gen9anythinggoes-1989399157","p1":"tchantnh","p2":"Arbucks","format":"[Gen 9] Anything Goes","log":"|j|\u2606tchantnh\n|j|\u2606Arbucks\n|t:|1699845290\n|gametype|singles\n|player|p1|tchantnh|skierf-gen4dp|\n|player|p2|Arbucks|adaman|\n|teamsize|p1|6\n|teamsize|p2|6\n|gen|9\n|tier|[Gen 9] Anything Goes\n|rule|HP Percentage Mod: HP is shown in percentages\n|rule|Endless Battle Clause: Forcing endless battles is banned\n|clearpoke\n|poke|p1|Drednaw, F|\n|poke|p1|Weezing-Galar, F|\n|poke|p1|Baxcalibur, M|\n|poke|p1|Meowscarada, F|\n|poke|p1|Quaquaval, F|\n|poke|p1|Sandy Shocks|\n|poke|p2|Chesnaught, M|\n|poke|p2|Iron Treads|\n|poke|p2|Gliscor, F|\n|poke|p2|Annihilape, F|\n|poke|p2|Walking Wake|\n|poke|p2|Jolteon, F|\n|teampreview\n|c|\u2606tchantnh|Suh\n|\n|t:|1699845357\n|start\n|switch|p1a: Meowscarada|Meowscarada, F|100\/100\n|switch|p2a: Itz Da Bat!|Gliscor, F, shiny|100\/100\n|turn|1\n|\n|t:|1699845399\n|move|p2a: Itz Da Bat!|Protect|p2a: Itz Da Bat!\n|-singleturn|p2a: Itz Da Bat!|Protect\n|move|p1a: Meowscarada|U-turn|p2a: Itz Da Bat!\n|-start|p1a: Meowscarada|typechange|Bug|[from] ability: Protean\n|-activate|p2a: Itz Da Bat!|move: Protect\n|\n|-status|p2a: Itz Da Bat!|tox|[from] item: Toxic Orb\n|upkeep\n|turn|2\n|\n|t:|1699845410\n|move|p1a: Meowscarada|Spikes|p2a: Itz Da Bat!\n|-sidestart|p2: Arbucks|Spikes\n|move|p2a: Itz Da Bat!|Stealth Rock|p1a: Meowscarada\n|-sidestart|p1: tchantnh|move: Stealth Rock\n|\n|upkeep\n|turn|3\n|\n|t:|1699845419\n|move|p1a: Meowscarada|Spikes|p2a: Itz Da Bat!\n|-sidestart|p2: Arbucks|Spikes\n|move|p2a: Itz Da Bat!|Knock Off|p1a: Meowscarada\n|-damage|p1a: Meowscarada|71\/100\n|-enditem|p1a: Meowscarada|Expert Belt|[from] move: Knock Off|[of] p2a: Itz Da Bat!\n|\n|upkeep\n|turn|4\n|\n|t:|1699845424\n|move|p1a: Meowscarada|U-turn|p2a: Itz Da Bat!\n|-resisted|p2a: Itz Da Bat!\n|-damage|p2a: Itz Da Bat!|88\/100 tox\n|\n|t:|1699845444\n|switch|p1a: Quaquaval|Quaquaval, F|100\/100|[from] U-turn\n|-damage|p1a: Quaquaval|94\/100|[from] Stealth Rock\n|move|p2a: Itz Da Bat!|U-turn|p1a: Quaquaval\n|-resisted|p1a: Quaquaval\n|-damage|p1a: Quaquaval|84\/100\n|\n|t:|1699845458\n|switch|p2a: Chester|Chesnaught, M|100\/100|[from] U-turn\n|-damage|p2a: Chester|84\/100|[from] Spikes\n|\n|-heal|p2a: Chester|90\/100|[from] item: Leftovers\n|upkeep\n|turn|5\n|\n|t:|1699845530\n|move|p1a: Quaquaval|Acrobatics|p2a: Chester\n|-supereffective|p2a: Chester\n|-crit|p2a: Chester\n|-damage|p2a: Chester|10\/100\n|-damage|p1a: Quaquaval|74\/100|[from] item: Life Orb\n|move|p2a: Chester|Wood Hammer|p1a: Quaquaval\n|-supereffective|p1a: Quaquaval\n|-damage|p1a: Quaquaval|0 fnt\n|faint|p1a: Quaquaval\n|-damage|p2a: Chester|0 fnt|[from] Recoil\n|faint|p2a: Chester\n|\n|upkeep\n|\n|t:|1699845567\n|switch|p1a: Sandy Shocks|Sandy Shocks|100\/100\n|switch|p2a: Chop Suey!|Walking Wake|100\/100\n|-damage|p2a: Chop Suey!|84\/100|[from] Spikes\n|-damage|p1a: Sandy Shocks|94\/100|[from] Stealth Rock\n|-enditem|p2a: Chop Suey!|Booster Energy\n|-activate|p2a: Chop Suey!|ability: Protosynthesis|[fromitem]\n|-start|p2a: Chop Suey!|protosynthesisspa\n|turn|6\n|\n|t:|1699845650\n|-end|p1a: Sandy Shocks|Protosynthesis|[silent]\n|switch|p1a: Weezing|Weezing-Galar, F|100\/100\n|-damage|p1a: Weezing|88\/100|[from] Stealth Rock\n|move|p2a: Chop Suey!|Scald|p1a: Weezing\n|-damage|p1a: Weezing|11\/100\n|\n|-heal|p1a: Weezing|17\/100|[from] item: Black Sludge\n|upkeep\n|turn|7\n|\n|t:|1699845677\n|move|p2a: Chop Suey!|Flamethrower|p1a: Weezing\n|-damage|p1a: Weezing|0 fnt\n|faint|p1a: Weezing\n|\n|upkeep\n|c|\u2606tchantnh|I don't know how I beat this thing\n|c|\u2606Arbucks|Yeah it's strong af\n|\n|t:|1699845806\n|switch|p1a: Baxcalibur|Baxcalibur, M|100\/100\n|-damage|p1a: Baxcalibur|76\/100|[from] Stealth Rock\n|turn|8\n|\n|t:|1699845817\n|move|p2a: Chop Suey!|Dragon Pulse|p1a: Baxcalibur\n|-supereffective|p1a: Baxcalibur\n|-damage|p1a: Baxcalibur|0 fnt\n|faint|p1a: Baxcalibur\n|\n|upkeep\n|\n|t:|1699845831\n|switch|p1a: Drednaw|Drednaw, F|100\/100\n|-damage|p1a: Drednaw|88\/100|[from] Stealth Rock\n|turn|9\n|c|\u2606tchantnh|I think you just win here haha\n|\n|t:|1699845844\n|-terastallize|p1a: Drednaw|Flying\n|move|p2a: Chop Suey!|Dragon Pulse|p1a: Drednaw\n|-damage|p1a: Drednaw|12\/100\n|move|p1a: Drednaw|Shell Smash|p1a: Drednaw\n|-unboost|p1a: Drednaw|def|1\n|-unboost|p1a: Drednaw|spd|1\n|-boost|p1a: Drednaw|atk|2\n|-boost|p1a: Drednaw|spa|2\n|-boost|p1a: Drednaw|spe|2\n|\n|upkeep\n|turn|10\n|\n|t:|1699845851\n|move|p1a: Drednaw|Tera Blast|p2a: Chop Suey!|[anim] Tera Blast Flying\n|-damage|p2a: Chop Suey!|0 fnt\n|faint|p2a: Chop Suey!\n|-end|p2a: Chop Suey!|Protosynthesis|[silent]\n|-damage|p1a: Drednaw|2\/100|[from] item: Life Orb\n|\n|upkeep\n|\n|t:|1699845866\n|switch|p2a: Shocking!|Jolteon, F|100\/100\n|-damage|p2a: Shocking!|84\/100|[from] Spikes\n|turn|11\n|\n|t:|1699845876\n|move|p2a: Shocking!|Protect|p2a: Shocking!\n|-singleturn|p2a: Shocking!|Protect\n|move|p1a: Drednaw|Tera Blast|p2a: Shocking!|[anim] Tera Blast Flying\n|-activate|p2a: Shocking!|move: Protect\n|\n|-status|p2a: Shocking!|brn|[from] item: Flame Orb\n|upkeep\n|turn|12\n|c|\u2606tchantnh|I may have forgotten to put 4 moves on Drednaw\n|\n|t:|1699845916\n|-terastallize|p2a: Shocking!|Fairy\n|move|p2a: Shocking!|Tera Blast|p1a: Drednaw|[anim] Tera Blast Fairy\n|-damage|p1a: Drednaw|0 fnt\n|faint|p1a: Drednaw\n|\n|-damage|p2a: Shocking!|78\/100 brn|[from] brn\n|upkeep\n|\n|t:|1699845931\n|switch|p1a: Sandy Shocks|Sandy Shocks|94\/100\n|-damage|p1a: Sandy Shocks|88\/100|[from] Stealth Rock\n|turn|13\n|c|\u2606Arbucks|I did that one week with Jolteon\n|\n|t:|1699845937\n|switch|p2a: Itz Da Bat!|Gliscor, F, shiny|88\/100 tox\n|move|p1a: Sandy Shocks|Earth Power|p2a: Itz Da Bat!\n|-immune|p2a: Itz Da Bat!\n|\n|-heal|p2a: Itz Da Bat!|99\/100 tox|[from] ability: Poison Heal\n|upkeep\n|turn|14\n|\n|t:|1699845944\n|move|p1a: Sandy Shocks|Power Gem|p2a: Itz Da Bat!\n|-damage|p2a: Itz Da Bat!|78\/100 tox\n|move|p2a: Itz Da Bat!|Knock Off|p1a: Sandy Shocks\n|-damage|p1a: Sandy Shocks|64\/100\n|-enditem|p1a: Sandy Shocks|Shuca Berry|[from] move: Knock Off|[of] p2a: Itz Da Bat!\n|\n|-heal|p2a: Itz Da Bat!|90\/100 tox|[from] ability: Poison Heal\n|upkeep\n|turn|15\n|\n|t:|1699845952\n|-end|p1a: Sandy Shocks|Protosynthesis|[silent]\n|switch|p1a: Meowscarada|Meowscarada, F|71\/100\n|-damage|p1a: Meowscarada|59\/100|[from] Stealth Rock\n|move|p2a: Itz Da Bat!|Knock Off|p1a: Meowscarada\n|-resisted|p1a: Meowscarada\n|-damage|p1a: Meowscarada|48\/100\n|\n|-heal|p2a: Itz Da Bat!|100\/100 tox|[from] ability: Poison Heal\n|upkeep\n|turn|16\n|\n|t:|1699845959\n|move|p1a: Meowscarada|Knock Off|p2a: Itz Da Bat!\n|-start|p1a: Meowscarada|typechange|Dark|[from] ability: Protean\n|-damage|p2a: Itz Da Bat!|67\/100 tox\n|-enditem|p2a: Itz Da Bat!|Toxic Orb|[from] move: Knock Off|[of] p1a: Meowscarada\n|move|p2a: Itz Da Bat!|U-turn|p1a: Meowscarada\n|-supereffective|p1a: Meowscarada\n|-crit|p1a: Meowscarada\n|-damage|p1a: Meowscarada|0 fnt\n|faint|p1a: Meowscarada\n|\n|t:|1699845964\n|switch|p2a: Revenant|Annihilape, F|100\/100|[from] U-turn\n|-damage|p2a: Revenant|84\/100|[from] Spikes\n|\n|upkeep\n|\n|t:|1699845967\n|switch|p1a: Sandy Shocks|Sandy Shocks|64\/100\n|-damage|p1a: Sandy Shocks|57\/100|[from] Stealth Rock\n|turn|17\n|\n|t:|1699845978\n|switch|p2a: Itz Da Bat!|Gliscor, F, shiny|67\/100 tox\n|move|p1a: Sandy Shocks|Earth Power|p2a: Itz Da Bat!\n|-immune|p2a: Itz Da Bat!\n|\n|-heal|p2a: Itz Da Bat!|79\/100 tox|[from] ability: Poison Heal\n|upkeep\n|turn|18\n|\n|t:|1699845981\n|move|p1a: Sandy Shocks|Power Gem|p2a: Itz Da Bat!\n|-damage|p2a: Itz Da Bat!|58\/100 tox\n|move|p2a: Itz Da Bat!|Knock Off|p1a: Sandy Shocks\n|-damage|p1a: Sandy Shocks|42\/100\n|\n|-heal|p2a: Itz Da Bat!|70\/100 tox|[from] ability: Poison Heal\n|upkeep\n|turn|19\n|c|\u2606tchantnh|GG, absolutely stomped me\n|\n|t:|1699845990\n|move|p2a: Itz Da Bat!|Protect|p2a: Itz Da Bat!\n|-singleturn|p2a: Itz Da Bat!|Protect\n|move|p1a: Sandy Shocks|Power Gem|p2a: Itz Da Bat!\n|-activate|p2a: Itz Da Bat!|move: Protect\n|\n|-heal|p2a: Itz Da Bat!|83\/100 tox|[from] ability: Poison Heal\n|upkeep\n|turn|20\n|c|\u2606Arbucks|gg\n|\n|t:|1699845995\n|move|p1a: Sandy Shocks|Power Gem|p2a: Itz Da Bat!\n|-damage|p2a: Itz Da Bat!|58\/100 tox\n|move|p2a: Itz Da Bat!|Knock Off|p1a: Sandy Shocks\n|-damage|p1a: Sandy Shocks|27\/100\n|\n|-heal|p2a: Itz Da Bat!|71\/100 tox|[from] ability: Poison Heal\n|upkeep\n|turn|21\n|\n|t:|1699845999\n|move|p2a: Itz Da Bat!|Protect|p2a: Itz Da Bat!\n|-singleturn|p2a: Itz Da Bat!|Protect\n|move|p1a: Sandy Shocks|Power Gem|p2a: Itz Da Bat!\n|-activate|p2a: Itz Da Bat!|move: Protect\n|\n|-heal|p2a: Itz Da Bat!|83\/100 tox|[from] ability: Poison Heal\n|upkeep\n|turn|22\n|\n|t:|1699846004\n|move|p1a: Sandy Shocks|Power Gem|p2a: Itz Da Bat!\n|-damage|p2a: Itz Da Bat!|63\/100 tox\n|move|p2a: Itz Da Bat!|Knock Off|p1a: Sandy Shocks\n|-damage|p1a: Sandy Shocks|10\/100\n|\n|-heal|p2a: Itz Da Bat!|75\/100 tox|[from] ability: Poison Heal\n|upkeep\n|turn|23\n|\n|t:|1699846006\n|move|p1a: Sandy Shocks|Power Gem|p2a: Itz Da Bat!\n|-damage|p2a: Itz Da Bat!|51\/100 tox\n|move|p2a: Itz Da Bat!|Knock Off|p1a: Sandy Shocks\n|-damage|p1a: Sandy Shocks|0 fnt\n|faint|p1a: Sandy Shocks\n|-end|p1a: Sandy Shocks|Protosynthesis|[silent]\n|\n|win|Arbucks\n|c|\u2606tchantnh|Have a good night\n|l|\u2606tchantnh\n|c|\u2606Arbucks|u2\n","uploadtime":1699846011,"views":27,"p1id":"tchantnh","p2id":"arbucks","formatid":"gen9anythinggoes","rating":0,"private":0,"password":""}