{"id":"gen9anythinggoes-1994451217","p1":"caligulahar","p2":"Kingu01","format":"[Gen 9] Anything Goes","log":"|j|\u2606caligulahar\n|j|\u2606Kingu01\n|t:|1700445413\n|gametype|singles\n|player|p1|caligulahar|richboy-gen4|\n|player|p2|Kingu01|cameraman|\n|teamsize|p1|6\n|teamsize|p2|6\n|gen|9\n|tier|[Gen 9] Anything Goes\n|rule|HP Percentage Mod: HP is shown in percentages\n|rule|Endless Battle Clause: Forcing endless battles is banned\n|clearpoke\n|poke|p1|Iron Bundle|\n|poke|p1|Cyclizar, F|\n|poke|p1|Infernape, M|\n|poke|p1|Vullaby, F|\n|poke|p1|Orthworm, F|\n|poke|p1|Gastrodon-East, F|\n|poke|p2|Sneasler, M|\n|poke|p2|Cinderace, F|\n|poke|p2|Chi-Yu|\n|poke|p2|Ditto|\n|poke|p2|Maushold|\n|poke|p2|Great Tusk|\n|teampreview\n|inactive|Battle timer is ON: inactive players will automatically lose when time's up. (requested by caligulahar)\n|\n|t:|1700445431\n|start\n|switch|p1a: Fujitora|Cyclizar, F|100\/100\n|switch|p2a: Ditto|Ditto|100\/100\n|-transform|p2a: Ditto|p1a: Fujitora|[from] ability: Imposter\n|turn|1\n|\n|t:|1700445441\n|move|p2a: Ditto|Shed Tail|p2a: Ditto\n|-start|p2a: Ditto|Substitute|[from] move: Shed Tail\n|-damage|p2a: Ditto|50\/100\n|\n|t:|1700445445\n|switch|p2a: Chriscross|Sneasler, M|100\/100|[from] Shed Tail\n|move|p1a: Fujitora|Shed Tail|p1a: Fujitora\n|-start|p1a: Fujitora|Substitute|[from] move: Shed Tail\n|-damage|p1a: Fujitora|50\/100\n|\n|t:|1700445454\n|switch|p1a: Garp|Orthworm, F|100\/100|[from] Shed Tail\n|\n|upkeep\n|turn|2\n|\n|t:|1700445467\n|move|p2a: Chriscross|Swords Dance|p2a: Chriscross\n|-boost|p2a: Chriscross|atk|2\n|move|p1a: Garp|Earthquake|p2a: Chriscross\n|-supereffective|p2a: Chriscross\n|-end|p2a: Chriscross|Substitute\n|\n|upkeep\n|turn|3\n|\n|t:|1700445480\n|move|p2a: Chriscross|Dire Claw|p1a: Garp\n|-immune|p1a: Garp\n|move|p1a: Garp|Earthquake|p2a: Chriscross\n|-supereffective|p2a: Chriscross\n|-damage|p2a: Chriscross|32\/100\n|\n|upkeep\n|turn|4\n|\n|t:|1700445492\n|move|p2a: Chriscross|Fling|p1a: Garp\n|-end|p1a: Garp|Substitute\n|-enditem|p2a: Chriscross|Big Nugget|[from] move: Fling\n|move|p1a: Garp|Earthquake|p2a: Chriscross\n|-supereffective|p2a: Chriscross\n|-damage|p2a: Chriscross|0 fnt\n|faint|p2a: Chriscross\n|\n|upkeep\n|\n|t:|1700445498\n|switch|p2a: Corpo-Creep|Chi-Yu|100\/100\n|-ability|p2a: Corpo-Creep|Beads of Ruin\n|turn|5\n|\n|t:|1700445516\n|switch|p1a: Coby|Gastrodon-East, F|100\/100\n|move|p2a: Corpo-Creep|Dark Pulse|p1a: Coby\n|-crit|p1a: Coby\n|-damage|p1a: Coby|0 fnt\n|faint|p1a: Coby\n|\n|upkeep\n|\n|t:|1700445518\n|switch|p1a: Fujitora|Cyclizar, F|84\/100\n|turn|6\n|\n|t:|1700445525\n|move|p1a: Fujitora|Shed Tail|p1a: Fujitora\n|-start|p1a: Fujitora|Substitute|[from] move: Shed Tail\n|-damage|p1a: Fujitora|34\/100\n|\n|t:|1700445527\n|switch|p1a: Akainu|Infernape, M, shiny|100\/100|[from] Shed Tail\n|move|p2a: Corpo-Creep|Dark Pulse|p1a: Akainu\n|-resisted|p1a: Akainu\n|-crit|p1a: Akainu\n|-end|p1a: Akainu|Substitute\n|\n|upkeep\n|turn|7\n|\n|t:|1700445536\n|switch|p2a: Ditto|Ditto|84\/100\n|-transform|p2a: Ditto|p1a: Akainu|[from] ability: Imposter\n|move|p1a: Akainu|Swords Dance|p1a: Akainu\n|-boost|p1a: Akainu|atk|2\n|\n|upkeep\n|turn|8\n|\n|t:|1700445548\n|move|p2a: Ditto|Acrobatics|p1a: Akainu\n|-supereffective|p1a: Akainu\n|-damage|p1a: Akainu|52\/100\n|move|p1a: Akainu|Acrobatics|p2a: Ditto\n|-supereffective|p2a: Ditto\n|-damage|p2a: Ditto|0 fnt\n|faint|p2a: Ditto\n|\n|upkeep\n|\n|t:|1700445563\n|switch|p2a: Sumuslim|Great Tusk|100\/100\n|turn|9\n|\n|t:|1700445577\n|switch|p1a: Garp|Orthworm, F|100\/100\n|move|p2a: Sumuslim|Earthquake|p1a: Garp\n|-immune|p1a: Garp|[from] ability: Earth Eater\n|\n|upkeep\n|turn|10\n|\n|t:|1700445600\n|move|p2a: Sumuslim|Stealth Rock|p1a: Garp\n|-sidestart|p1: caligulahar|move: Stealth Rock\n|move|p1a: Garp|Shed Tail|p1a: Garp\n|-start|p1a: Garp|Substitute|[from] move: Shed Tail\n|-damage|p1a: Garp|50\/100\n|-enditem|p1a: Garp|Sitrus Berry|[eat]\n|-heal|p1a: Garp|75\/100|[from] item: Sitrus Berry\n|\n|t:|1700445612\n|switch|p1a: Aokiji|Iron Bundle, shiny|100\/100|[from] Shed Tail\n|-damage|p1a: Aokiji|76\/100|[from] Stealth Rock\n|-enditem|p1a: Aokiji|Booster Energy\n|-activate|p1a: Aokiji|ability: Quark Drive|[fromitem]\n|-start|p1a: Aokiji|quarkdrivespe\n|\n|upkeep\n|turn|11\n|\n|t:|1700445625\n|move|p1a: Aokiji|Encore|p2a: Sumuslim\n|-start|p2a: Sumuslim|Encore\n|move|p2a: Sumuslim|Stealth Rock||[still]\n|-fail|p2a: Sumuslim\n|\n|upkeep\n|turn|12\n|\n|t:|1700445636\n|-end|p1a: Aokiji|Quark Drive|[silent]\n|switch|p1a: Akainu|Infernape, M, shiny|52\/100\n|-damage|p1a: Akainu|39\/100|[from] Stealth Rock\n|-enditem|p1a: Akainu|Sitrus Berry|[eat]\n|-heal|p1a: Akainu|64\/100|[from] item: Sitrus Berry\n|move|p2a: Sumuslim|Stealth Rock||[still]\n|-fail|p2a: Sumuslim\n|\n|upkeep\n|turn|13\n|\n|t:|1700445645\n|-end|p2a: Sumuslim|Protosynthesis|[silent]\n|switch|p2a: Taekwonhindu|Cinderace, F|100\/100\n|move|p1a: Akainu|Swords Dance|p1a: Akainu\n|-boost|p1a: Akainu|atk|2\n|\n|upkeep\n|turn|14\n|\n|t:|1700445652\n|move|p2a: Taekwonhindu|U-turn|p1a: Akainu\n|-resisted|p1a: Akainu\n|-damage|p1a: Akainu|56\/100\n|\n|t:|1700445655\n|switch|p2a: Sumuslim|Great Tusk|100\/100|[from] U-turn\n|move|p1a: Akainu|Swords Dance|p1a: Akainu\n|-boost|p1a: Akainu|atk|2\n|\n|upkeep\n|turn|15\n|\n|t:|1700445664\n|move|p1a: Akainu|Acrobatics|p2a: Sumuslim\n|-supereffective|p2a: Sumuslim\n|-damage|p2a: Sumuslim|6\/100\n|-damage|p1a: Akainu|40\/100|[from] item: Rocky Helmet|[of] p2a: Sumuslim\n|move|p2a: Sumuslim|Earthquake|p1a: Akainu\n|-supereffective|p1a: Akainu\n|-damage|p1a: Akainu|0 fnt\n|faint|p1a: Akainu\n|\n|upkeep\n|\n|t:|1700445687\n|switch|p1a: Fujitora|Cyclizar, F|67\/100\n|-damage|p1a: Fujitora|54\/100|[from] Stealth Rock\n|turn|16\n|\n|t:|1700445703\n|move|p1a: Fujitora|Rapid Spin|p2a: Sumuslim\n|-damage|p2a: Sumuslim|0 fnt\n|-boost|p1a: Fujitora|spe|1\n|-damage|p1a: Fujitora|38\/100|[from] item: Rocky Helmet|[of] p2a: Sumuslim\n|-sideend|p1: caligulahar|Stealth Rock|[from] move: Rapid Spin|[of] p1a: Fujitora\n|faint|p2a: Sumuslim\n|-end|p2a: Sumuslim|Protosynthesis|[silent]\n|\n|upkeep\n|\n|t:|1700445720\n|switch|p2a: TTT|Maushold|100\/100\n|turn|17\n|\n|t:|1700445730\n|move|p1a: Fujitora|Rapid Spin|p2a: TTT\n|-damage|p2a: TTT|75\/100\n|-boost|p1a: Fujitora|spe|1\n|move|p2a: TTT|Population Bomb|p1a: Fujitora\n|-damage|p1a: Fujitora|19\/100\n|-damage|p1a: Fujitora|2\/100\n|-damage|p1a: Fujitora|0 fnt\n|faint|p1a: Fujitora\n|-hitcount|p1: Fujitora|3\n|\n|upkeep\n|\n|t:|1700445744\n|switch|p1a: Aokiji|Iron Bundle, shiny|76\/100\n|turn|18\n|\n|t:|1700445756\n|move|p1a: Aokiji|Hydro Pump|p2a: TTT\n|-damage|p2a: TTT|0 fnt\n|faint|p2a: TTT\n|\n|upkeep\n|\n|t:|1700445778\n|switch|p2a: Taekwonhindu|Cinderace, F|100\/100\n|turn|19\n|\n|t:|1700445785\n|move|p1a: Aokiji|Hydro Pump|p2a: Taekwonhindu\n|-supereffective|p2a: Taekwonhindu\n|-damage|p2a: Taekwonhindu|0 fnt\n|faint|p2a: Taekwonhindu\n|\n|upkeep\n|\n|t:|1700445790\n|switch|p2a: Corpo-Creep|Chi-Yu|100\/100\n|-ability|p2a: Corpo-Creep|Beads of Ruin\n|turn|20\n|\n|t:|1700445801\n|move|p1a: Aokiji|Protect|p1a: Aokiji\n|-singleturn|p1a: Aokiji|Protect\n|move|p2a: Corpo-Creep|Flamethrower|p1a: Aokiji\n|-activate|p1a: Aokiji|move: Protect\n|\n|upkeep\n|turn|21\n|\n|t:|1700445806\n|move|p1a: Aokiji|Hydro Pump|p2a: Corpo-Creep\n|-supereffective|p2a: Corpo-Creep\n|-damage|p2a: Corpo-Creep|0 fnt\n|faint|p2a: Corpo-Creep\n|\n|win|caligulahar\n","uploadtime":1700445812,"views":2,"p1id":"caligulahar","p2id":"kingu01","formatid":"gen9anythinggoes","rating":0,"private":0,"password":""}