{"id":"gen9anythinggoes-1988386920","p1":"2448a","p2":"Agastyaa","format":"[Gen 9] Anything Goes","log":"|j|\u26062448a\n|j|\u2606Agastyaa\n|t:|1699717155\n|gametype|singles\n|player|p1|2448a|erika-gen2|1778\n|player|p2|Agastyaa|1|1677\n|teamsize|p1|6\n|teamsize|p2|6\n|gen|9\n|tier|[Gen 9] Anything Goes\n|rated|\n|rule|HP Percentage Mod: HP is shown in percentages\n|rule|Endless Battle Clause: Forcing endless battles is banned\n|clearpoke\n|poke|p1|Kingambit, F|\n|poke|p1|Ting-Lu|\n|poke|p1|Eternatus|\n|poke|p1|Calyrex-Shadow|\n|poke|p1|Landorus-Therian, M|\n|poke|p1|Koraidon|\n|poke|p2|Koraidon|\n|poke|p2|Arceus|\n|poke|p2|Calyrex-Shadow|\n|poke|p2|Miraidon|\n|poke|p2|Kyogre|\n|poke|p2|Giratina-Origin|\n|teampreview\n|inactive|Battle timer is ON: inactive players will automatically lose when time's up. (requested by 2448a)\n|\n|t:|1699717166\n|start\n|switch|p1a: Eternal Suffering|Eternatus, shiny|100\/100\n|switch|p2a: Arceus|Arceus|100\/100\n|-ability|p1a: Eternal Suffering|Pressure\n|turn|1\n|\n|t:|1699717171\n|switch|p1a: In The Clouds|Landorus-Therian, M, shiny|100\/100\n|-ability|p1a: In The Clouds|Intimidate|boost\n|-unboost|p2a: Arceus|atk|1\n|move|p2a: Arceus|Swords Dance|p2a: Arceus\n|-boost|p2a: Arceus|atk|2\n|\n|upkeep\n|turn|2\n|\n|t:|1699717176\n|move|p2a: Arceus|Extreme Speed|p1a: In The Clouds\n|-damage|p1a: In The Clouds|44\/100\n|-damage|p2a: Arceus|84\/100|[from] item: Rocky Helmet|[of] p1a: In The Clouds\n|-damage|p2a: Arceus|74\/100|[from] item: Life Orb\n|move|p1a: In The Clouds|U-turn|p2a: Arceus\n|-damage|p2a: Arceus|59\/100\n|\n|t:|1699717181\n|switch|p1a: The Dark Horse|Calyrex-Shadow|100\/100|[from] U-turn\n|-ability|p1a: The Dark Horse|As One\n|-ability|p1a: The Dark Horse|Unnerve\n|\n|upkeep\n|turn|3\n|\n|t:|1699717187\n|move|p1a: The Dark Horse|Encore|p2a: Arceus\n|-start|p2a: Arceus|Encore\n|move|p2a: Arceus|Extreme Speed|p1a: The Dark Horse\n|-immune|p1a: The Dark Horse\n|\n|upkeep\n|turn|4\n|\n|t:|1699717195\n|switch|p2a: Miraidon|Miraidon|100\/100\n|-fieldstart|move: Electric Terrain|[from] ability: Hadron Engine|[of] p2a: Miraidon\n|move|p1a: The Dark Horse|Nasty Plot|p1a: The Dark Horse\n|-boost|p1a: The Dark Horse|spa|2\n|\n|upkeep\n|turn|5\n|\n|t:|1699717205\n|switch|p1a: Desert Anchor|Ting-Lu|100\/100\n|-ability|p1a: Desert Anchor|Vessel of Ruin\n|move|p2a: Miraidon|Dragon Pulse|p1a: Desert Anchor\n|-damage|p1a: Desert Anchor|75\/100\n|\n|-heal|p1a: Desert Anchor|81\/100|[from] item: Leftovers\n|upkeep\n|turn|6\n|\n|t:|1699717213\n|switch|p2a: Kyogre|Kyogre|100\/100\n|-weather|RainDance|[from] ability: Drizzle|[of] p2a: Kyogre\n|move|p1a: Desert Anchor|Spikes|p2a: Kyogre\n|-sidestart|p2: Agastyaa|Spikes\n|\n|-weather|RainDance|[upkeep]\n|-heal|p1a: Desert Anchor|87\/100|[from] item: Leftovers\n|upkeep\n|turn|7\n|\n|t:|1699717221\n|switch|p1a: Eternal Suffering|Eternatus, shiny|100\/100\n|-ability|p1a: Eternal Suffering|Pressure\n|move|p2a: Kyogre|Ice Beam|p1a: Eternal Suffering\n|-supereffective|p1a: Eternal Suffering\n|-damage|p1a: Eternal Suffering|58\/100\n|\n|-weather|RainDance|[upkeep]\n|upkeep\n|turn|8\n|\n|t:|1699717229\n|switch|p1a: The Botez Gambit|Kingambit, F, shiny|100\/100\n|move|p2a: Kyogre|Ice Beam|p1a: The Botez Gambit\n|-resisted|p1a: The Botez Gambit\n|-damage|p1a: The Botez Gambit|84\/100\n|\n|-weather|RainDance|[upkeep]\n|-heal|p1a: The Botez Gambit|90\/100|[from] item: Leftovers\n|-fieldend|move: Electric Terrain\n|upkeep\n|turn|9\n|\n|t:|1699717235\n|switch|p2a: Koraidon|Koraidon|100\/100\n|-damage|p2a: Koraidon|88\/100|[from] Spikes\n|-weather|SunnyDay|[from] ability: Orichalcum Pulse|[of] p2a: Koraidon\n|-activate|p2a: Koraidon|Orichalcum Pulse|[source]\n|move|p1a: The Botez Gambit|Swords Dance|p1a: The Botez Gambit\n|-boost|p1a: The Botez Gambit|atk|2\n|\n|-weather|SunnyDay|[upkeep]\n|-heal|p1a: The Botez Gambit|96\/100|[from] item: Leftovers\n|upkeep\n|turn|10\n|\n|t:|1699717250\n|-terastallize|p1a: The Botez Gambit|Flying\n|move|p2a: Koraidon|Flare Blitz|p1a: The Botez Gambit\n|-damage|p1a: The Botez Gambit|17\/100\n|-damage|p2a: Koraidon|62\/100|[from] Recoil\n|move|p1a: The Botez Gambit|Low Kick|p2a: Koraidon\n|-damage|p2a: Koraidon|0 fnt\n|faint|p2a: Koraidon\n|\n|-weather|SunnyDay|[upkeep]\n|-heal|p1a: The Botez Gambit|23\/100|[from] item: Leftovers\n|upkeep\n|inactive|Agastyaa has 120 seconds left.\n|\n|t:|1699717292\n|switch|p2a: Arceus|Arceus|59\/100\n|-damage|p2a: Arceus|46\/100|[from] Spikes\n|turn|11\n|\n|t:|1699717297\n|move|p2a: Arceus|Extreme Speed|p1a: The Botez Gambit\n|-damage|p1a: The Botez Gambit|0 fnt\n|faint|p1a: The Botez Gambit\n|-end|p1a: The Botez Gambit|fallenundefined|[silent]\n|-damage|p2a: Arceus|37\/100|[from] item: Life Orb\n|\n|-weather|SunnyDay|[upkeep]\n|upkeep\n|\n|t:|1699717301\n|switch|p1a: The Dark Horse|Calyrex-Shadow|100\/100\n|-ability|p1a: The Dark Horse|As One\n|-ability|p1a: The Dark Horse|Unnerve\n|turn|12\n|\n|t:|1699717305\n|switch|p2a: Giratina|Giratina-Origin|100\/100\n|move|p1a: The Dark Horse|Encore||[still]\n|-fail|p1a: The Dark Horse\n|\n|-weather|SunnyDay|[upkeep]\n|upkeep\n|turn|13\n|\n|t:|1699717310\n|switch|p1a: Desert Anchor|Ting-Lu|87\/100\n|-ability|p1a: Desert Anchor|Vessel of Ruin\n|move|p2a: Giratina|Shadow Sneak|p1a: Desert Anchor\n|-resisted|p1a: Desert Anchor\n|-damage|p1a: Desert Anchor|81\/100\n|\n|-weather|none\n|-heal|p1a: Desert Anchor|88\/100|[from] item: Leftovers\n|upkeep\n|turn|14\n|\n|t:|1699717319\n|move|p1a: Desert Anchor|Spikes|p2a: Giratina\n|-sidestart|p2: Agastyaa|Spikes\n|move|p2a: Giratina|Dragon Tail|p1a: Desert Anchor\n|-damage|p1a: Desert Anchor|71\/100\n|drag|p1a: The Dark Horse|Calyrex-Shadow|100\/100\n|-ability|p1a: The Dark Horse|As One\n|-ability|p1a: The Dark Horse|Unnerve\n|\n|upkeep\n|turn|15\n|\n|t:|1699717327\n|switch|p1a: Eternal Suffering|Eternatus, shiny|58\/100\n|-ability|p1a: Eternal Suffering|Pressure\n|move|p2a: Giratina|Shadow Sneak|p1a: Eternal Suffering\n|-damage|p1a: Eternal Suffering|41\/100\n|\n|upkeep\n|turn|16\n|\n|t:|1699717339\n|-terastallize|p2a: Giratina|Fairy\n|move|p1a: Eternal Suffering|Recover|p1a: Eternal Suffering\n|-heal|p1a: Eternal Suffering|91\/100\n|move|p2a: Giratina|Defog|p1a: Eternal Suffering\n|-unboost|p1a: Eternal Suffering|evasion|1\n|-sideend|p2: Agastyaa|Spikes|[from] move: Defog|[of] p2a: Giratina\n|\n|upkeep\n|turn|17\n|\n|t:|1699717345\n|move|p1a: Eternal Suffering|Toxic Spikes|p2a: Giratina\n|-sidestart|p2: Agastyaa|move: Toxic Spikes\n|move|p2a: Giratina|Dragon Tail|p1a: Eternal Suffering\n|-supereffective|p1a: Eternal Suffering\n|-damage|p1a: Eternal Suffering|42\/100\n|drag|p1a: Featured Today|Koraidon|100\/100\n|-weather|SunnyDay|[from] ability: Orichalcum Pulse|[of] p1a: Featured Today\n|-activate|p1a: Featured Today|Orichalcum Pulse|[source]\n|\n|-weather|SunnyDay|[upkeep]\n|upkeep\n|turn|18\n|\n|t:|1699717355\n|move|p1a: Featured Today|Flare Blitz|p2a: Giratina\n|-damage|p2a: Giratina|26\/100\n|-status|p2a: Giratina|brn\n|-damage|p1a: Featured Today|66\/100|[from] Recoil\n|move|p2a: Giratina|Dragon Pulse|p1a: Featured Today\n|-supereffective|p1a: Featured Today\n|-damage|p1a: Featured Today|0 fnt\n|faint|p1a: Featured Today\n|\n|-weather|SunnyDay|[upkeep]\n|-damage|p2a: Giratina|20\/100 brn|[from] brn\n|upkeep\n|\n|t:|1699717365\n|switch|p1a: Desert Anchor|Ting-Lu|71\/100\n|-ability|p1a: Desert Anchor|Vessel of Ruin\n|turn|19\n|\n|t:|1699717374\n|move|p2a: Giratina|Defog|p1a: Desert Anchor\n|-unboost|p1a: Desert Anchor|evasion|1\n|-sideend|p2: Agastyaa|Toxic Spikes|[from] move: Defog|[of] p2a: Giratina\n|move|p1a: Desert Anchor|Spikes|p2a: Giratina\n|-sidestart|p2: Agastyaa|Spikes\n|\n|-weather|SunnyDay|[upkeep]\n|-heal|p1a: Desert Anchor|78\/100|[from] item: Leftovers\n|-damage|p2a: Giratina|14\/100 brn|[from] brn\n|upkeep\n|turn|20\n|\n|t:|1699717381\n|move|p1a: Desert Anchor|Spikes|p2a: Giratina\n|-sidestart|p2: Agastyaa|Spikes\n|move|p2a: Giratina|Dragon Tail|p1a: Desert Anchor\n|-damage|p1a: Desert Anchor|69\/100\n|drag|p1a: The Dark Horse|Calyrex-Shadow|100\/100\n|-ability|p1a: The Dark Horse|As One\n|-ability|p1a: The Dark Horse|Unnerve\n|\n|-weather|SunnyDay|[upkeep]\n|-damage|p2a: Giratina|7\/100 brn|[from] brn\n|upkeep\n|turn|21\n|j| i am a mcrib\n|\n|t:|1699717387\n|move|p2a: Giratina|Shadow Sneak|p1a: The Dark Horse\n|-supereffective|p1a: The Dark Horse\n|-damage|p1a: The Dark Horse|55\/100\n|move|p1a: The Dark Horse|Astral Barrage|p2a: Giratina\n|-damage|p2a: Giratina|0 fnt\n|faint|p2a: Giratina\n|-ability|p1a: The Dark Horse|Grim Neigh|boost\n|-boost|p1a: The Dark Horse|spa|1\n|\n|-weather|none\n|upkeep\n|\n|t:|1699717412\n|switch|p2a: Kyogre|Kyogre|100\/100\n|-damage|p2a: Kyogre|84\/100|[from] Spikes\n|-weather|RainDance|[from] ability: Drizzle|[of] p2a: Kyogre\n|turn|22\n|n| i am a mccrab|iamamcrib\n|\n|t:|1699717416\n|switch|p1a: In The Clouds|Landorus-Therian, M, shiny|44\/100\n|-ability|p1a: In The Clouds|Intimidate|boost\n|-unboost|p2a: Kyogre|atk|1\n|move|p2a: Kyogre|Origin Pulse|p1a: In The Clouds\n|-supereffective|p1a: In The Clouds\n|-damage|p1a: In The Clouds|0 fnt\n|faint|p1a: In The Clouds\n|\n|-weather|RainDance|[upkeep]\n|upkeep\n|\n|t:|1699717419\n|switch|p1a: Eternal Suffering|Eternatus, shiny|42\/100\n|-ability|p1a: Eternal Suffering|Pressure\n|turn|23\n|\n|t:|1699717425\n|move|p2a: Kyogre|Origin Pulse|p1a: Eternal Suffering\n|-resisted|p1a: Eternal Suffering\n|-damage|p1a: Eternal Suffering|9\/100\n|move|p1a: Eternal Suffering|Recover|p1a: Eternal Suffering\n|-heal|p1a: Eternal Suffering|60\/100\n|\n|-weather|RainDance|[upkeep]\n|upkeep\n|turn|24\n|\n|t:|1699717432\n|switch|p2a: Calyrex|Calyrex-Shadow|100\/100\n|-ability|p2a: Calyrex|As One\n|-ability|p2a: Calyrex|Unnerve\n|-damage|p2a: Calyrex|84\/100|[from] Spikes\n|move|p1a: Eternal Suffering|Recover|p1a: Eternal Suffering\n|-heal|p1a: Eternal Suffering|100\/100\n|\n|-weather|RainDance|[upkeep]\n|upkeep\n|turn|25\n|n| i am a mccrab|iamamccrab\n|\n|t:|1699717445\n|switch|p1a: Desert Anchor|Ting-Lu|69\/100\n|-ability|p1a: Desert Anchor|Vessel of Ruin\n|move|p2a: Calyrex|Astral Barrage|p1a: Desert Anchor\n|-resisted|p1a: Desert Anchor\n|-damage|p1a: Desert Anchor|53\/100\n|\n|-weather|RainDance|[upkeep]\n|-heal|p1a: Desert Anchor|60\/100|[from] item: Leftovers\n|upkeep\n|turn|26\n|\n|t:|1699717456\n|switch|p2a: Kyogre|Kyogre|84\/100\n|-damage|p2a: Kyogre|68\/100|[from] Spikes\n|move|p1a: Desert Anchor|Earthquake|p2a: Kyogre\n|-damage|p2a: Kyogre|30\/100\n|\n|-weather|none\n|-heal|p1a: Desert Anchor|66\/100|[from] item: Leftovers\n|upkeep\n|turn|27\n|\n|t:|1699717471\n|switch|p1a: Eternal Suffering|Eternatus, shiny|100\/100\n|-ability|p1a: Eternal Suffering|Pressure\n|move|p2a: Kyogre|Ice Beam|p1a: Eternal Suffering\n|-supereffective|p1a: Eternal Suffering\n|-damage|p1a: Eternal Suffering|59\/100\n|-status|p1a: Eternal Suffering|frz\n|\n|upkeep\n|turn|28\n|\n|t:|1699717485\n|move|p2a: Kyogre|Ice Beam|p1a: Eternal Suffering\n|-supereffective|p1a: Eternal Suffering\n|-damage|p1a: Eternal Suffering|17\/100 frz\n|-curestatus|p1a: Eternal Suffering|frz|[msg]\n|move|p1a: Eternal Suffering|Recover|p1a: Eternal Suffering\n|-heal|p1a: Eternal Suffering|67\/100\n|\n|upkeep\n|turn|29\n|\n|t:|1699717491\n|move|p2a: Kyogre|Ice Beam|p1a: Eternal Suffering\n|-supereffective|p1a: Eternal Suffering\n|-damage|p1a: Eternal Suffering|21\/100\n|move|p1a: Eternal Suffering|Recover|p1a: Eternal Suffering\n|-heal|p1a: Eternal Suffering|71\/100\n|\n|upkeep\n|turn|30\n|\n|t:|1699717497\n|move|p2a: Kyogre|Ice Beam|p1a: Eternal Suffering\n|-supereffective|p1a: Eternal Suffering\n|-damage|p1a: Eternal Suffering|31\/100\n|move|p1a: Eternal Suffering|Dynamax Cannon|p2a: Kyogre\n|-damage|p2a: Kyogre|0 fnt\n|faint|p2a: Kyogre\n|\n|upkeep\n|\n|t:|1699717513\n|switch|p2a: Calyrex|Calyrex-Shadow|84\/100\n|-ability|p2a: Calyrex|As One\n|-ability|p2a: Calyrex|Unnerve\n|-damage|p2a: Calyrex|68\/100|[from] Spikes\n|turn|31\n|\n|t:|1699717519\n|move|p2a: Calyrex|Astral Barrage|p1a: Eternal Suffering\n|-damage|p1a: Eternal Suffering|0 fnt\n|faint|p1a: Eternal Suffering\n|-ability|p2a: Calyrex|Grim Neigh|boost\n|-boost|p2a: Calyrex|spa|1\n|\n|upkeep\n|\n|t:|1699717521\n|switch|p1a: Desert Anchor|Ting-Lu|66\/100\n|-ability|p1a: Desert Anchor|Vessel of Ruin\n|turn|32\n|\n|t:|1699717530\n|move|p2a: Calyrex|Astral Barrage|p1a: Desert Anchor\n|-resisted|p1a: Desert Anchor\n|-damage|p1a: Desert Anchor|44\/100\n|move|p1a: Desert Anchor|Earthquake|p2a: Calyrex\n|-damage|p2a: Calyrex|23\/100\n|\n|-heal|p1a: Desert Anchor|50\/100|[from] item: Leftovers\n|upkeep\n|turn|33\n|\n|t:|1699717537\n|move|p2a: Calyrex|Astral Barrage|p1a: Desert Anchor\n|-resisted|p1a: Desert Anchor\n|-damage|p1a: Desert Anchor|25\/100\n|move|p1a: Desert Anchor|Earthquake|p2a: Calyrex\n|-damage|p2a: Calyrex|0 fnt\n|faint|p2a: Calyrex\n|\n|-heal|p1a: Desert Anchor|31\/100|[from] item: Leftovers\n|upkeep\n|\n|t:|1699717548\n|switch|p2a: Miraidon|Miraidon|100\/100\n|-damage|p2a: Miraidon|84\/100|[from] Spikes\n|-fieldstart|move: Electric Terrain|[from] ability: Hadron Engine|[of] p2a: Miraidon\n|turn|34\n|\n|t:|1699717558\n|move|p2a: Miraidon|Dragon Pulse|p1a: Desert Anchor\n|-damage|p1a: Desert Anchor|8\/100\n|move|p1a: Desert Anchor|Earthquake|p2a: Miraidon\n|-supereffective|p2a: Miraidon\n|-damage|p2a: Miraidon|6\/100\n|\n|-heal|p1a: Desert Anchor|15\/100|[from] item: Leftovers\n|upkeep\n|turn|35\n|\n|t:|1699717565\n|move|p2a: Miraidon|Dragon Pulse|p1a: Desert Anchor\n|-damage|p1a: Desert Anchor|0 fnt\n|faint|p1a: Desert Anchor\n|\n|upkeep\n|\n|t:|1699717567\n|switch|p1a: The Dark Horse|Calyrex-Shadow|55\/100\n|-ability|p1a: The Dark Horse|As One\n|-ability|p1a: The Dark Horse|Unnerve\n|turn|36\n|\n|t:|1699717572\n|move|p2a: Miraidon|Dragon Pulse|p1a: The Dark Horse\n|-damage|p1a: The Dark Horse|0 fnt\n|faint|p1a: The Dark Horse\n|\n|win|Agastyaa\n|raw|2448a's rating: 1778 &rarr; <strong>1752<\/strong><br \/>(-26 for losing)\n|raw|Agastyaa's rating: 1677 &rarr; <strong>1703<\/strong><br \/>(+26 for winning)\n|l|\u26062448a\n|l|\u2606Agastyaa\n|l| i am a mccrab\n","uploadtime":1699717582,"views":15,"p1id":"2448a","p2id":"agastyaa","formatid":"gen9anythinggoes","rating":1703,"private":0,"password":""}