{"id":"gen9anythinggoes-1973764713","p1":"Rasenmon10","p2":"BorderBlasters","format":"[Gen 9] Anything Goes","log":"|j|\u2606Rasenmon10\n|j|\u2606BorderBlasters\n|t:|1698011083\n|gametype|singles\n|player|p1|Rasenmon10|ninjaboy|1097\n|player|p2|BorderBlasters|hilbert-wonderlauncher|1000\n|teamsize|p1|6\n|teamsize|p2|6\n|gen|9\n|tier|[Gen 9] Anything Goes\n|rated|\n|rule|HP Percentage Mod: HP is shown in percentages\n|rule|Endless Battle Clause: Forcing endless battles is banned\n|clearpoke\n|poke|p1|Infernape, M|\n|poke|p1|Infernape, F|\n|poke|p1|Infernape, F|\n|poke|p1|Infernape, F|\n|poke|p1|Infernape, F|\n|poke|p1|Infernape, F|\n|poke|p2|Umbreon, M|\n|poke|p2|Vaporeon, M|\n|poke|p2|Espeon, M|\n|poke|p2|Leafeon, M|\n|poke|p2|Glaceon, M|\n|poke|p2|Sylveon, M|\n|teampreview\n|c|\u2606BorderBlasters|what\n|c|\u2606Rasenmon10|two theme teams\n|c|\u2606Rasenmon10|only on can win\n|c|\u2606Rasenmon10|gk\n|c|\u2606Rasenmon10|gl\n|c|\u2606Rasenmon10|also monke\n|\n|t:|1698011110\n|start\n|switch|p1a: Infernape|Infernape, F|100\/100\n|switch|p2a: Rickie|Umbreon, M, shiny|100\/100\n|turn|1\n|\n|t:|1698011117\n|switch|p2a: Geoff|Vaporeon, M, shiny|100\/100\n|move|p1a: Infernape|Fake Out|p2a: Geoff\n|-damage|p2a: Geoff|88\/100\n|\n|upkeep\n|turn|2\n|c|\u2606Rasenmon10|DID YOU KNOW\n|\n|t:|1698011139\n|move|p1a: Infernape|Knock Off|p2a: Geoff\n|-damage|p2a: Geoff|53\/100\n|-enditem|p2a: Geoff|Mystic Water|[from] move: Knock Off|[of] p1a: Infernape\n|move|p2a: Geoff|Scald|p1a: Infernape\n|-supereffective|p1a: Infernape\n|-damage|p1a: Infernape|38\/100\n|\n|upkeep\n|turn|3\n|\n|t:|1698011149\n|move|p1a: Infernape|Brick Break|p2a: Geoff\n|-damage|p2a: Geoff|18\/100\n|move|p2a: Geoff|Scald|p1a: Infernape\n|-supereffective|p1a: Infernape\n|-damage|p1a: Infernape|0 fnt\n|faint|p1a: Infernape\n|\n|upkeep\n|\n|t:|1698011158\n|switch|p1a: Infernape|Infernape, F|100\/100\n|turn|4\n|\n|t:|1698011161\n|move|p1a: Infernape|Fake Out|p2a: Geoff\n|-damage|p2a: Geoff|5\/100\n|cant|p2a: Geoff|flinch\n|\n|upkeep\n|turn|5\n|\n|t:|1698011167\n|move|p1a: Infernape|Shadow Claw|p2a: Geoff\n|-damage|p2a: Geoff|0 fnt\n|faint|p2a: Geoff\n|\n|upkeep\n|\n|t:|1698011172\n|switch|p2a: Ken|Espeon, M, shiny|100\/100\n|turn|6\n|-activate|p1a: Infernape|item: Quick Claw\n|\n|t:|1698011184\n|move|p1a: Infernape|Shadow Claw|p2a: Ken\n|-supereffective|p2a: Ken\n|-damage|p2a: Ken|33\/100\n|move|p2a: Ken|Psychic Fangs|p1a: Infernape\n|-supereffective|p1a: Infernape\n|-damage|p1a: Infernape|10\/100\n|\n|upkeep\n|turn|7\n|c|\u2606Rasenmon10|When you use a ghost type move and the opponent switches to psychic:\n|\n|t:|1698011219\n|move|p1a: Infernape|Shadow Claw|p2a: Ken\n|-supereffective|p2a: Ken\n|-damage|p2a: Ken|0 fnt\n|faint|p2a: Ken\n|\n|upkeep\n|\n|t:|1698011225\n|switch|p2a: Mark|Sylveon, M, shiny|100\/100\n|turn|8\n|c|\u2606Rasenmon10|\"Do you want to explode?\"\n|\n|t:|1698011237\n|move|p1a: Infernape|Will-O-Wisp|p2a: Mark\n|-status|p2a: Mark|brn\n|move|p2a: Mark|Hyper Voice|p1a: Infernape\n|-damage|p1a: Infernape|0 fnt\n|faint|p1a: Infernape\n|\n|-damage|p2a: Mark|94\/100 brn|[from] brn\n|upkeep\n|\n|t:|1698011246\n|switch|p1a: Infernape|Infernape, F|100\/100\n|turn|9\n|\n|t:|1698011254\n|move|p1a: Infernape|Poison Jab|p2a: Mark\n|-supereffective|p2a: Mark\n|-damage|p2a: Mark|35\/100 brn\n|move|p2a: Mark|Shadow Ball|p1a: Infernape\n|-damage|p1a: Infernape|66\/100\n|\n|-damage|p2a: Mark|29\/100 brn|[from] brn\n|upkeep\n|turn|10\n|\n|t:|1698011262\n|move|p1a: Infernape|Poison Jab|p2a: Mark\n|-supereffective|p2a: Mark\n|-crit|p2a: Mark\n|-damage|p2a: Mark|0 fnt\n|faint|p2a: Mark\n|\n|upkeep\n|\n|t:|1698011268\n|switch|p2a: Rickie|Umbreon, M, shiny|100\/100\n|turn|11\n|\n|t:|1698011275\n|-terastallize|p2a: Rickie|Poison\n|move|p1a: Infernape|Close Combat|p2a: Rickie\n|-resisted|p2a: Rickie\n|-damage|p2a: Rickie|75\/100\n|-unboost|p1a: Infernape|def|1\n|-unboost|p1a: Infernape|spd|1\n|-enditem|p1a: Infernape|White Herb\n|-clearnegativeboost|p1a: Infernape|[silent]\n|move|p2a: Rickie|Tera Blast|p1a: Infernape|[anim] Tera Blast Poison\n|-damage|p1a: Infernape|28\/100\n|\n|upkeep\n|turn|12\n|\n|t:|1698011287\n|move|p1a: Infernape|Acrobatics|p2a: Rickie\n|-damage|p2a: Rickie|45\/100\n|move|p2a: Rickie|Tera Blast|p1a: Infernape|[anim] Tera Blast Poison\n|-damage|p1a: Infernape|0 fnt\n|faint|p1a: Infernape\n|\n|upkeep\n|\n|t:|1698011295\n|switch|p1a: Infernape|Infernape, F|100\/100\n|turn|13\n|\n|t:|1698011305\n|move|p1a: Infernape|Knock Off|p2a: Rickie\n|-damage|p2a: Rickie|24\/100\n|-enditem|p2a: Rickie|Black Glasses|[from] move: Knock Off|[of] p1a: Infernape\n|move|p2a: Rickie|Tera Blast|p1a: Infernape|[anim] Tera Blast Poison\n|-damage|p1a: Infernape|68\/100\n|\n|upkeep\n|turn|14\n|\n|t:|1698011312\n|move|p1a: Infernape|Stealth Rock|p2a: Rickie\n|-sidestart|p2: BorderBlasters|move: Stealth Rock\n|move|p2a: Rickie|Tera Blast|p1a: Infernape|[anim] Tera Blast Poison\n|-damage|p1a: Infernape|34\/100\n|\n|upkeep\n|turn|15\n|\n|t:|1698011323\n|move|p1a: Infernape|Protect|p1a: Infernape\n|-singleturn|p1a: Infernape|Protect\n|move|p2a: Rickie|Tera Blast|p1a: Infernape|[anim] Tera Blast Poison\n|-activate|p1a: Infernape|move: Protect\n|\n|upkeep\n|turn|16\n|\n|t:|1698011333\n|move|p1a: Infernape|Knock Off|p2a: Rickie\n|-damage|p2a: Rickie|9\/100\n|move|p2a: Rickie|Tera Blast|p1a: Infernape|[anim] Tera Blast Poison\n|-damage|p1a: Infernape|4\/100\n|\n|upkeep\n|turn|17\n|\n|t:|1698011338\n|move|p1a: Infernape|Knock Off|p2a: Rickie\n|-damage|p2a: Rickie|0 fnt\n|faint|p2a: Rickie\n|\n|upkeep\n|\n|t:|1698011345\n|switch|p2a: Andrew|Glaceon, M, shiny|100\/100\n|-damage|p2a: Andrew|76\/100|[from] Stealth Rock\n|turn|18\n|\n|t:|1698011351\n|move|p1a: Infernape|Knock Off|p2a: Andrew\n|-damage|p2a: Andrew|50\/100\n|-enditem|p2a: Andrew|Never-Melt Ice|[from] move: Knock Off|[of] p1a: Infernape\n|move|p2a: Andrew|Chilling Water|p1a: Infernape\n|-supereffective|p1a: Infernape\n|-damage|p1a: Infernape|0 fnt\n|faint|p1a: Infernape\n|\n|upkeep\n|\n|t:|1698011366\n|switch|p1a: Infernape|Infernape, F|100\/100\n|turn|19\n|\n|t:|1698011371\n|move|p1a: Infernape|Fire Punch|p2a: Andrew\n|-supereffective|p2a: Andrew\n|-damage|p2a: Andrew|0 fnt\n|faint|p2a: Andrew\n|\n|upkeep\n|\n|t:|1698011376\n|switch|p2a: Sammy|Leafeon, M, shiny|100\/100\n|-damage|p2a: Sammy|88\/100|[from] Stealth Rock\n|turn|20\n|c|\u2606Rasenmon10|gg\n|\n|t:|1698011383\n|move|p1a: Infernape|Fire Punch|p2a: Sammy\n|-supereffective|p2a: Sammy\n|-crit|p2a: Sammy\n|-damage|p2a: Sammy|0 fnt\n|faint|p2a: Sammy\n|\n|win|Rasenmon10\n|raw|Rasenmon10's rating: 1097 &rarr; <strong>1116<\/strong><br \/>(+19 for winning)\n|raw|BorderBlasters's rating: 1000 &rarr; <strong>1000<\/strong><br \/>(+0 for losing)\n|c|\u2606BorderBlasters|gg\n|l|\u2606BorderBlasters\n","uploadtime":1698011394,"views":11,"p1id":"rasenmon10","p2id":"borderblasters","formatid":"gen9anythinggoes","rating":1000,"private":0,"password":""}