{"id":"gen9anythinggoes-1980694448","p1":"NaPoLiNa","p2":"ilovemanke","format":"[Gen 9] Anything Goes","log":"|j|\u2606NaPoLiNa\n|j|\u2606ilovemanke\n|t:|1698814191\n|gametype|singles\n|player|p1|NaPoLiNa|hugh|1120\n|player|p2|ilovemanke|pokekid|1238\n|teamsize|p1|6\n|teamsize|p2|6\n|gen|9\n|tier|[Gen 9] Anything Goes\n|rated|\n|rule|HP Percentage Mod: HP is shown in percentages\n|rule|Endless Battle Clause: Forcing endless battles is banned\n|clearpoke\n|poke|p1|Arceus|\n|poke|p1|Zacian-*|\n|poke|p1|Mewtwo|\n|poke|p1|Kingambit, M|\n|poke|p1|Regieleki|\n|poke|p1|Mew|\n|poke|p2|Hippowdon, F|\n|poke|p2|Corviknight, F|\n|poke|p2|Blissey, F|\n|poke|p2|Toxapex, F|\n|poke|p2|Garganacl, M|\n|poke|p2|Ursaluna-Bloodmoon, M|\n|teampreview\n|\n|t:|1698814208\n|start\n|switch|p1a: Boi|Mew|100\/100\n|switch|p2a: Toxapex|Toxapex, F|100\/100\n|turn|1\n|\n|t:|1698814217\n|move|p1a: Boi|Draining Kiss|p2a: Toxapex\n|-resisted|p2a: Toxapex\n|-damage|p2a: Toxapex|95\/100\n|move|p2a: Toxapex|Toxic Spikes|p1a: Boi\n|-sidestart|p1: NaPoLiNa|move: Toxic Spikes\n|\n|-heal|p2a: Toxapex|100\/100|[from] item: Black Sludge\n|upkeep\n|turn|2\n|\n|t:|1698814225\n|move|p1a: Boi|Psychic|p2a: Toxapex\n|-supereffective|p2a: Toxapex\n|-damage|p2a: Toxapex|33\/100\n|move|p2a: Toxapex|Toxic Spikes|p1a: Boi\n|-sidestart|p1: NaPoLiNa|move: Toxic Spikes\n|\n|-heal|p2a: Toxapex|40\/100|[from] item: Black Sludge\n|upkeep\n|turn|3\n|\n|t:|1698814249\n|move|p2a: Toxapex|Baneful Bunker|p2a: Toxapex\n|-singleturn|p2a: Toxapex|move: Protect\n|move|p1a: Boi|Psychic|p2a: Toxapex\n|-activate|p2a: Toxapex|move: Protect\n|\n|-heal|p2a: Toxapex|46\/100|[from] item: Black Sludge\n|upkeep\n|turn|4\n|\n|t:|1698814259\n|switch|p2a: Blissey|Blissey, F|100\/100\n|move|p1a: Boi|Psychic|p2a: Blissey\n|-damage|p2a: Blissey|91\/100\n|\n|-heal|p2a: Blissey|97\/100|[from] item: Leftovers\n|upkeep\n|turn|5\n|\n|t:|1698814270\n|move|p1a: Boi|Calm Mind|p1a: Boi\n|-boost|p1a: Boi|spa|1\n|-boost|p1a: Boi|spd|1\n|move|p2a: Blissey|Calm Mind|p2a: Blissey\n|-boost|p2a: Blissey|spa|1\n|-boost|p2a: Blissey|spd|1\n|\n|-heal|p2a: Blissey|100\/100|[from] item: Leftovers\n|upkeep\n|turn|6\n|\n|t:|1698814284\n|move|p1a: Boi|Draining Kiss|p2a: Blissey\n|-damage|p2a: Blissey|96\/100\n|move|p2a: Blissey|Calm Mind|p2a: Blissey\n|-boost|p2a: Blissey|spa|1\n|-boost|p2a: Blissey|spd|1\n|\n|-heal|p2a: Blissey|100\/100|[from] item: Leftovers\n|upkeep\n|turn|7\n|\n|t:|1698814293\n|switch|p1a: Sword dog|Zacian-Crowned, shiny|100\/100\n|-ability|p1a: Sword dog|Intrepid Sword|boost\n|-boost|p1a: Sword dog|atk|1\n|move|p2a: Blissey|Calm Mind|p2a: Blissey\n|-boost|p2a: Blissey|spa|1\n|-boost|p2a: Blissey|spd|1\n|\n|upkeep\n|turn|8\n|\n|t:|1698814301\n|move|p1a: Sword dog|Behemoth Blade|p2a: Blissey\n|-damage|p2a: Blissey|0 fnt\n|faint|p2a: Blissey\n|\n|upkeep\n|\n|t:|1698814312\n|switch|p2a: Hippowdon|Hippowdon, F|100\/100\n|-weather|Sandstorm|[from] ability: Sand Stream|[of] p2a: Hippowdon\n|turn|9\n|\n|t:|1698814329\n|move|p1a: Sword dog|Swords Dance|p1a: Sword dog\n|-boost|p1a: Sword dog|atk|2\n|move|p2a: Hippowdon|Earthquake|p1a: Sword dog\n|-supereffective|p1a: Sword dog\n|-damage|p1a: Sword dog|42\/100\n|\n|-weather|Sandstorm|[upkeep]\n|upkeep\n|turn|10\n|\n|t:|1698814348\n|move|p1a: Sword dog|Behemoth Blade|p2a: Hippowdon\n|-damage|p2a: Hippowdon|25\/100\n|move|p2a: Hippowdon|Earthquake|p1a: Sword dog\n|-supereffective|p1a: Sword dog\n|-crit|p1a: Sword dog\n|-damage|p1a: Sword dog|0 fnt\n|faint|p1a: Sword dog\n|\n|-weather|Sandstorm|[upkeep]\n|-heal|p2a: Hippowdon|32\/100|[from] item: Leftovers\n|upkeep\n|\n|t:|1698814360\n|switch|p1a: Boi|Mew|100\/100\n|-status|p1a: Boi|tox\n|turn|11\n|\n|t:|1698814366\n|switch|p2a: Toxapex|Toxapex, F|79\/100\n|move|p1a: Boi|Psychic|p2a: Toxapex\n|-supereffective|p2a: Toxapex\n|-damage|p2a: Toxapex|5\/100\n|\n|-weather|Sandstorm|[upkeep]\n|-damage|p1a: Boi|95\/100 tox|[from] Sandstorm\n|-damage|p2a: Toxapex|0 fnt|[from] Sandstorm\n|faint|p2a: Toxapex\n|-damage|p1a: Boi|89\/100 tox|[from] psn\n|upkeep\n|\n|t:|1698814386\n|switch|p2a: Bulky Calm Mind|Ursaluna-Bloodmoon, M|100\/100\n|turn|12\n|\n|t:|1698814391\n|move|p1a: Boi|Psychic|p2a: Bulky Calm Mind\n|-damage|p2a: Bulky Calm Mind|62\/100\n|move|p2a: Bulky Calm Mind|Blood Moon|p1a: Boi\n|-damage|p1a: Boi|27\/100 tox\n|\n|-weather|Sandstorm|[upkeep]\n|-damage|p1a: Boi|21\/100 tox|[from] Sandstorm\n|-heal|p2a: Bulky Calm Mind|68\/100|[from] item: Leftovers\n|-damage|p1a: Boi|9\/100 tox|[from] psn\n|upkeep\n|turn|13\n|\n|t:|1698814405\n|move|p1a: Boi|Transform|p2a: Bulky Calm Mind\n|-transform|p1a: Boi|p2a: Bulky Calm Mind\n|move|p2a: Bulky Calm Mind|Moonlight|p2a: Bulky Calm Mind\n|-heal|p2a: Bulky Calm Mind|93\/100\n|\n|-weather|none\n|-heal|p2a: Bulky Calm Mind|99\/100|[from] item: Leftovers\n|-damage|p1a: Boi|0 fnt|[from] psn\n|faint|p1a: Boi\n|upkeep\n|\n|t:|1698814418\n|switch|p1a: GOD|Arceus, shiny|100\/100\n|-status|p1a: GOD|tox\n|turn|14\n|\n|t:|1698814428\n|move|p1a: GOD|Dragon Dance|p1a: GOD\n|-boost|p1a: GOD|atk|1\n|-boost|p1a: GOD|spe|1\n|move|p2a: Bulky Calm Mind|Blood Moon|p1a: GOD\n|-damage|p1a: GOD|57\/100 tox\n|\n|-heal|p2a: Bulky Calm Mind|100\/100|[from] item: Leftovers\n|-damage|p1a: GOD|51\/100 tox|[from] psn\n|upkeep\n|turn|15\n|\n|t:|1698814437\n|move|p1a: GOD|Extreme Speed|p2a: Bulky Calm Mind\n|-crit|p2a: Bulky Calm Mind\n|-damage|p2a: Bulky Calm Mind|58\/100\n|move|p2a: Bulky Calm Mind|Earth Power|p1a: GOD\n|-damage|p1a: GOD|25\/100 tox\n|\n|-heal|p2a: Bulky Calm Mind|64\/100|[from] item: Leftovers\n|-damage|p1a: GOD|13\/100 tox|[from] psn\n|upkeep\n|turn|16\n|\n|t:|1698814446\n|move|p1a: GOD|Extreme Speed|p2a: Bulky Calm Mind\n|-damage|p2a: Bulky Calm Mind|39\/100\n|move|p2a: Bulky Calm Mind|Moonlight|p2a: Bulky Calm Mind\n|-heal|p2a: Bulky Calm Mind|89\/100\n|\n|-heal|p2a: Bulky Calm Mind|95\/100|[from] item: Leftovers\n|-damage|p1a: GOD|0 fnt|[from] psn\n|faint|p1a: GOD\n|upkeep\n|\n|t:|1698814457\n|switch|p1a: Psycho Mon|Mewtwo, shiny|100\/100\n|-ability|p1a: Psycho Mon|Unnerve\n|-status|p1a: Psycho Mon|tox\n|turn|17\n|\n|t:|1698814464\n|move|p1a: Psycho Mon|Psystrike|p2a: Bulky Calm Mind\n|-damage|p2a: Bulky Calm Mind|70\/100\n|move|p2a: Bulky Calm Mind|Blood Moon|p1a: Psycho Mon\n|-damage|p1a: Psycho Mon|43\/100 tox\n|\n|-heal|p2a: Bulky Calm Mind|76\/100|[from] item: Leftovers\n|-damage|p1a: Psycho Mon|37\/100 tox|[from] psn\n|upkeep\n|turn|18\n|\n|t:|1698814474\n|move|p1a: Psycho Mon|Fire Blast|p2a: Bulky Calm Mind\n|-damage|p2a: Bulky Calm Mind|37\/100\n|move|p2a: Bulky Calm Mind|Moonlight|p2a: Bulky Calm Mind\n|-heal|p2a: Bulky Calm Mind|87\/100\n|\n|-heal|p2a: Bulky Calm Mind|93\/100|[from] item: Leftovers\n|-damage|p1a: Psycho Mon|25\/100 tox|[from] psn\n|upkeep\n|turn|19\n|\n|t:|1698814486\n|move|p1a: Psycho Mon|Fire Blast|p2a: Bulky Calm Mind\n|-damage|p2a: Bulky Calm Mind|54\/100\n|move|p2a: Bulky Calm Mind|Moonlight|p2a: Bulky Calm Mind\n|-heal|p2a: Bulky Calm Mind|100\/100\n|\n|-damage|p1a: Psycho Mon|6\/100 tox|[from] psn\n|upkeep\n|turn|20\n|c|\u2606ilovemanke|yo\n|c|\u2606ilovemanke|blood moon ursaluna\n|c|\u2606ilovemanke|is not balacned\n|c|\u2606ilovemanke|wtf\n|\n|t:|1698814503\n|move|p1a: Psycho Mon|Fire Blast|p2a: Bulky Calm Mind\n|-damage|p2a: Bulky Calm Mind|59\/100\n|move|p2a: Bulky Calm Mind|Moonlight|p2a: Bulky Calm Mind\n|-heal|p2a: Bulky Calm Mind|100\/100\n|\n|-damage|p1a: Psycho Mon|0 fnt|[from] psn\n|faint|p1a: Psycho Mon\n|upkeep\n|c|\u2606ilovemanke|ye gg\n|n|!NaPoLiNa|napolina\n|c|\u2606ilovemanke|u gotta remvoe all ur legendaries\n|c|\u2606ilovemanke|and replace with blood moon ursaluna\n|c|\u2606ilovemanke|ik u tried to use only op mons\n|c|\u2606ilovemanke|but unlucky\n|inactive|Battle timer is ON: inactive players will automatically lose when time's up. (requested by ilovemanke)\n|\n|t:|1698814553\n|switch|p1a: Zappy|Regieleki, shiny|100\/100\n|-status|p1a: Zappy|tox\n|turn|21\n|\n|t:|1698814565\n|move|p1a: Zappy|Extreme Speed|p2a: Bulky Calm Mind\n|-damage|p2a: Bulky Calm Mind|91\/100\n|move|p2a: Bulky Calm Mind|Earth Power|p1a: Zappy\n|-supereffective|p1a: Zappy\n|-damage|p1a: Zappy|0 fnt\n|faint|p1a: Zappy\n|\n|-heal|p2a: Bulky Calm Mind|97\/100|[from] item: Leftovers\n|upkeep\n|\n|t:|1698814576\n|switch|p1a: Cory|Kingambit, M, shiny|100\/100\n|-activate|p1a: Cory|ability: Supreme Overlord\n|-start|p1a: Cory|fallen5|[silent]\n|turn|22\n|\n|t:|1698814580\n|move|p1a: Cory|Focus Blast|p2a: Bulky Calm Mind\n|-supereffective|p2a: Bulky Calm Mind\n|-damage|p2a: Bulky Calm Mind|19\/100\n|move|p2a: Bulky Calm Mind|Earth Power|p1a: Cory\n|-supereffective|p1a: Cory\n|-damage|p1a: Cory|0 fnt\n|faint|p1a: Cory\n|-end|p1a: Cory|fallen5|[silent]\n|\n|win|ilovemanke\n|raw|NaPoLiNa's rating: 1120 &rarr; <strong>1103<\/strong><br \/>(-17 for losing)\n|raw|ilovemanke's rating: 1238 &rarr; <strong>1255<\/strong><br \/>(+17 for winning)\n","uploadtime":1698814522,"views":11,"p1id":"napolina","p2id":"ilovemanke","formatid":"gen9anythinggoes","rating":1103,"private":0,"password":""}