{"id":"gen9anythinggoes-1977192263","p1":"AGisgood\u82cd\u54cd\u4fa0","p2":"eavo","format":"[Gen 9] Anything Goes","log":"|j|\u2606AGisgood\u82cd\u54cd\u4fa0\n|j|\u2606eavo\n|t:|1698383973\n|gametype|singles\n|player|p1|AGisgood\u82cd\u54cd\u4fa0|cynthia-gen4|1728\n|player|p2|eavo|erika-gen2|1780\n|teamsize|p1|6\n|teamsize|p2|6\n|gen|9\n|tier|[Gen 9] Anything Goes\n|rated|\n|rule|HP Percentage Mod: HP is shown in percentages\n|rule|Endless Battle Clause: Forcing endless battles is banned\n|clearpoke\n|poke|p1|Calyrex-Shadow|\n|poke|p1|Arceus|\n|poke|p1|Koraidon|\n|poke|p1|Zacian-*|\n|poke|p1|Glimmora, F|\n|poke|p1|Miraidon|\n|poke|p2|Calyrex-Shadow|\n|poke|p2|Arceus-Fairy|\n|poke|p2|Arceus|\n|poke|p2|Ting-Lu|\n|poke|p2|Landorus-Therian, M|\n|poke|p2|Koraidon|\n|teampreview\n|inactive|Battle timer is ON: inactive players will automatically lose when time's up. (requested by eavo)\n|inactive|AGisgood\u82cd\u54cd\u4fa0 also wants the timer to be on.\n|c|\u2606AGisgood\u82cd\u54cd\u4fa0|glhf\n|\n|t:|1698383985\n|start\n|switch|p1a: Glimmora|Glimmora, F|100\/100\n|switch|p2a: Hollow Sprit|Calyrex-Shadow|100\/100\n|-ability|p2a: Hollow Sprit|As One\n|-ability|p2a: Hollow Sprit|Unnerve\n|turn|1\n|\n|t:|1698383990\n|move|p2a: Hollow Sprit|Taunt|p1a: Glimmora\n|-start|p1a: Glimmora|move: Taunt\n|move|p1a: Glimmora|Mud Shot|p2a: Hollow Sprit\n|-damage|p2a: Hollow Sprit|84\/100\n|-unboost|p2a: Hollow Sprit|spe|1\n|\n|upkeep\n|turn|2\n|\n|t:|1698383995\n|switch|p1a: Arceus|Arceus|100\/100\n|move|p2a: Hollow Sprit|Astral Barrage|p1a: Arceus\n|-immune|p1a: Arceus\n|\n|upkeep\n|turn|3\n|\n|t:|1698384006\n|switch|p2a: Aerial Defense|Landorus-Therian, M|100\/100\n|-ability|p2a: Aerial Defense|Intimidate|boost\n|-unboost|p1a: Arceus|atk|1\n|move|p1a: Arceus|Bulk Up|p1a: Arceus\n|-boost|p1a: Arceus|atk|1\n|-boost|p1a: Arceus|def|1\n|\n|upkeep\n|turn|4\n|\n|t:|1698384010\n|move|p1a: Arceus|Bulk Up|p1a: Arceus\n|-boost|p1a: Arceus|atk|1\n|-boost|p1a: Arceus|def|1\n|move|p2a: Aerial Defense|Stealth Rock|p1a: Arceus\n|-sidestart|p1: AGisgood\u82cd\u54cd\u4fa0|move: Stealth Rock\n|\n|upkeep\n|turn|5\n|\n|t:|1698384012\n|move|p1a: Arceus|Bulk Up|p1a: Arceus\n|-boost|p1a: Arceus|atk|1\n|-boost|p1a: Arceus|def|1\n|move|p2a: Aerial Defense|Taunt|p1a: Arceus\n|-start|p1a: Arceus|move: Taunt\n|\n|upkeep\n|turn|6\n|\n|t:|1698384016\n|move|p1a: Arceus|Extreme Speed|p2a: Aerial Defense\n|-damage|p2a: Aerial Defense|36\/100\n|-damage|p1a: Arceus|84\/100|[from] item: Rocky Helmet|[of] p2a: Aerial Defense\n|move|p2a: Aerial Defense|U-turn|p1a: Arceus\n|-damage|p1a: Arceus|78\/100\n|\n|t:|1698384021\n|switch|p2a: The Hallow|Arceus-Fairy|100\/100|[from] U-turn\n|\n|-heal|p1a: Arceus|84\/100|[from] item: Leftovers\n|upkeep\n|turn|7\n|\n|t:|1698384026\n|-terastallize|p1a: Arceus|Normal\n|move|p1a: Arceus|Extreme Speed|p2a: The Hallow\n|-damage|p2a: The Hallow|34\/100\n|move|p2a: The Hallow|Will-O-Wisp|p1a: Arceus\n|-status|p1a: Arceus|brn\n|\n|-heal|p1a: Arceus|90\/100 brn|[from] item: Leftovers\n|-damage|p1a: Arceus|84\/100 brn|[from] brn\n|upkeep\n|turn|8\n|\n|t:|1698384030\n|move|p1a: Arceus|Extreme Speed|p2a: The Hallow\n|-damage|p2a: The Hallow|2\/100\n|move|p2a: The Hallow|Recover|p2a: The Hallow\n|-heal|p2a: The Hallow|52\/100\n|\n|-heal|p1a: Arceus|90\/100 brn|[from] item: Leftovers\n|-damage|p1a: Arceus|84\/100 brn|[from] brn\n|-end|p1a: Arceus|move: Taunt\n|upkeep\n|turn|9\n|\n|t:|1698384034\n|move|p2a: The Hallow|Recover|p2a: The Hallow\n|-heal|p2a: The Hallow|100\/100\n|move|p1a: Arceus|Bulk Up|p1a: Arceus\n|-boost|p1a: Arceus|atk|1\n|-boost|p1a: Arceus|def|1\n|\n|-heal|p1a: Arceus|90\/100 brn|[from] item: Leftovers\n|-damage|p1a: Arceus|84\/100 brn|[from] brn\n|upkeep\n|turn|10\n|\n|t:|1698384038\n|move|p2a: The Hallow|Judgment|p1a: Arceus\n|-damage|p1a: Arceus|50\/100 brn\n|move|p1a: Arceus|Bulk Up|p1a: Arceus\n|-boost|p1a: Arceus|atk|1\n|-boost|p1a: Arceus|def|1\n|\n|-heal|p1a: Arceus|57\/100 brn|[from] item: Leftovers\n|-damage|p1a: Arceus|50\/100 brn|[from] brn\n|upkeep\n|turn|11\n|\n|t:|1698384046\n|switch|p2a: Aerial Defense|Landorus-Therian, M|36\/100\n|-ability|p2a: Aerial Defense|Intimidate|boost\n|-unboost|p1a: Arceus|atk|1\n|move|p1a: Arceus|Recover|p1a: Arceus\n|-heal|p1a: Arceus|100\/100 brn\n|\n|-damage|p1a: Arceus|94\/100 brn|[from] brn\n|upkeep\n|turn|12\n|\n|t:|1698384050\n|move|p1a: Arceus|Extreme Speed|p2a: Aerial Defense\n|-damage|p2a: Aerial Defense|0 fnt\n|-damage|p1a: Arceus|78\/100 brn|[from] item: Rocky Helmet|[of] p2a: Aerial Defense\n|faint|p2a: Aerial Defense\n|\n|-heal|p1a: Arceus|84\/100 brn|[from] item: Leftovers\n|-damage|p1a: Arceus|78\/100 brn|[from] brn\n|upkeep\n|\n|t:|1698384062\n|switch|p2a: The Hallow|Arceus-Fairy|100\/100\n|turn|13\n|\n|t:|1698384065\n|switch|p1a: Zacian|Zacian-Crowned|100\/100\n|-damage|p1a: Zacian|95\/100|[from] Stealth Rock\n|-ability|p1a: Zacian|Intrepid Sword|boost\n|-boost|p1a: Zacian|atk|1\n|move|p2a: The Hallow|Calm Mind|p2a: The Hallow\n|-boost|p2a: The Hallow|spa|1\n|-boost|p2a: The Hallow|spd|1\n|\n|upkeep\n|turn|14\n|\n|t:|1698384069\n|-terastallize|p2a: The Hallow|Water\n|move|p1a: Zacian|Behemoth Blade|p2a: The Hallow\n|-resisted|p2a: The Hallow\n|-damage|p2a: The Hallow|78\/100\n|move|p2a: The Hallow|Will-O-Wisp|p1a: Zacian\n|-status|p1a: Zacian|brn\n|\n|-damage|p1a: Zacian|89\/100 brn|[from] brn\n|upkeep\n|turn|15\n|\n|t:|1698384086\n|switch|p1a: Glimmora|Glimmora, F|100\/100\n|-damage|p1a: Glimmora|88\/100|[from] Stealth Rock\n|move|p2a: The Hallow|Calm Mind|p2a: The Hallow\n|-boost|p2a: The Hallow|spa|1\n|-boost|p2a: The Hallow|spd|1\n|\n|upkeep\n|turn|16\n|\n|t:|1698384092\n|move|p2a: The Hallow|Judgment|p1a: Glimmora\n|-resisted|p1a: Glimmora\n|-damage|p1a: Glimmora|30\/100\n|move|p1a: Glimmora|Memento|p2a: The Hallow\n|-unboost|p2a: The Hallow|atk|2\n|-unboost|p2a: The Hallow|spa|2\n|faint|p1a: Glimmora\n|\n|upkeep\n|\n|t:|1698384095\n|switch|p1a: Miraidon|Miraidon|100\/100\n|-damage|p1a: Miraidon|88\/100|[from] Stealth Rock\n|-fieldstart|move: Electric Terrain|[from] ability: Hadron Engine|[of] p1a: Miraidon\n|-enditem|p1a: Miraidon|Electric Seed\n|-boost|p1a: Miraidon|def|1|[from] item: Electric Seed\n|turn|17\n|\n|t:|1698384102\n|move|p1a: Miraidon|Agility|p1a: Miraidon\n|-boost|p1a: Miraidon|spe|2\n|move|p2a: The Hallow|Judgment|p1a: Miraidon\n|-supereffective|p1a: Miraidon\n|-damage|p1a: Miraidon|14\/100\n|\n|upkeep\n|turn|18\n|\n|t:|1698384107\n|move|p1a: Miraidon|Electro Drift|p2a: The Hallow\n|-supereffective|p2a: The Hallow\n|-damage|p2a: The Hallow|0 fnt\n|faint|p2a: The Hallow\n|\n|upkeep\n|\n|t:|1698384109\n|switch|p2a: Rock Candy|Arceus|100\/100\n|turn|19\n|\n|t:|1698384111\n|move|p2a: Rock Candy|Extreme Speed|p1a: Miraidon\n|-damage|p1a: Miraidon|0 fnt\n|faint|p1a: Miraidon\n|\n|upkeep\n|\n|t:|1698384113\n|switch|p1a: Koraidon|Koraidon|100\/100\n|-damage|p1a: Koraidon|94\/100|[from] Stealth Rock\n|-weather|SunnyDay|[from] ability: Orichalcum Pulse|[of] p1a: Koraidon\n|-activate|p1a: Koraidon|Orichalcum Pulse|[source]\n|turn|20\n|\n|t:|1698384125\n|move|p1a: Koraidon|Low Kick|p2a: Rock Candy\n|-supereffective|p2a: Rock Candy\n|-damage|p2a: Rock Candy|0 fnt\n|faint|p2a: Rock Candy\n|\n|-weather|SunnyDay|[upkeep]\n|upkeep\n|\n|t:|1698384127\n|switch|p2a: Hollow Sprit|Calyrex-Shadow|84\/100\n|-ability|p2a: Hollow Sprit|As One\n|-ability|p2a: Hollow Sprit|Unnerve\n|turn|21\n|\n|t:|1698384131\n|switch|p1a: Arceus|Arceus, tera:Normal|78\/100 brn\n|-damage|p1a: Arceus|65\/100 brn|[from] Stealth Rock\n|move|p2a: Hollow Sprit|Nasty Plot|p2a: Hollow Sprit\n|-boost|p2a: Hollow Sprit|spa|2\n|\n|-weather|SunnyDay|[upkeep]\n|-heal|p1a: Arceus|71\/100 brn|[from] item: Leftovers\n|-damage|p1a: Arceus|65\/100 brn|[from] brn\n|-fieldend|move: Electric Terrain\n|upkeep\n|turn|22\n|\n|t:|1698384135\n|move|p2a: Hollow Sprit|Grass Knot|p1a: Arceus\n|-damage|p1a: Arceus|0 fnt\n|faint|p1a: Arceus\n|-ability|p2a: Hollow Sprit|Grim Neigh|boost\n|-boost|p2a: Hollow Sprit|spa|1\n|\n|-weather|SunnyDay|[upkeep]\n|upkeep\n|\n|t:|1698384139\n|switch|p1a: Calyrex|Calyrex-Shadow|100\/100\n|-ability|p1a: Calyrex|As One\n|-ability|p1a: Calyrex|Unnerve\n|-damage|p1a: Calyrex|88\/100|[from] Stealth Rock\n|turn|23\n|\n|t:|1698384142\n|move|p2a: Hollow Sprit|Grass Knot|p1a: Calyrex\n|-damage|p1a: Calyrex|6\/100\n|move|p1a: Calyrex|Astral Barrage|p2a: Hollow Sprit\n|-supereffective|p2a: Hollow Sprit\n|-damage|p2a: Hollow Sprit|0 fnt\n|faint|p2a: Hollow Sprit\n|-ability|p1a: Calyrex|Grim Neigh|boost\n|-boost|p1a: Calyrex|spa|1\n|-damage|p1a: Calyrex|0 fnt|[from] item: Life Orb\n|faint|p1a: Calyrex\n|\n|-weather|SunnyDay|[upkeep]\n|upkeep\n|\n|t:|1698384154\n|switch|p1a: Zacian|Zacian-Crowned|89\/100 brn\n|switch|p2a: Featured Today|Koraidon|100\/100\n|-activate|p2a: Featured Today|ability: Orichalcum Pulse\n|-damage|p1a: Zacian|83\/100 brn|[from] Stealth Rock\n|turn|24\n|\n|t:|1698384161\n|move|p2a: Featured Today|Low Kick|p1a: Zacian\n|-damage|p1a: Zacian|2\/100 brn\n|move|p1a: Zacian|Play Rough|p2a: Featured Today\n|-supereffective|p2a: Featured Today\n|-damage|p2a: Featured Today|16\/100\n|\n|-weather|none\n|-damage|p1a: Zacian|0 fnt|[from] brn\n|faint|p1a: Zacian\n|upkeep\n|\n|t:|1698384166\n|switch|p1a: Koraidon|Koraidon|94\/100\n|-damage|p1a: Koraidon|88\/100|[from] Stealth Rock\n|-weather|SunnyDay|[from] ability: Orichalcum Pulse|[of] p1a: Koraidon\n|-activate|p1a: Koraidon|Orichalcum Pulse|[source]\n|turn|25\n|\n|t:|1698384171\n|switch|p2a: Broken Fissures|Ting-Lu|100\/100\n|-ability|p2a: Broken Fissures|Vessel of Ruin\n|move|p1a: Koraidon|Scale Shot|p2a: Broken Fissures|[miss]\n|-miss|p1a: Koraidon|p2a: Broken Fissures\n|\n|-weather|SunnyDay|[upkeep]\n|upkeep\n|turn|26\n|\n|t:|1698384179\n|move|p1a: Koraidon|Swords Dance|p1a: Koraidon\n|-boost|p1a: Koraidon|atk|2\n|move|p2a: Broken Fissures|Earthquake|p1a: Koraidon\n|-damage|p1a: Koraidon|58\/100\n|\n|-weather|SunnyDay|[upkeep]\n|upkeep\n|turn|27\n|\n|t:|1698384181\n|move|p1a: Koraidon|Scale Shot|p2a: Broken Fissures\n|-damage|p2a: Broken Fissures|78\/100\n|-damage|p2a: Broken Fissures|53\/100\n|-damage|p2a: Broken Fissures|31\/100\n|-damage|p2a: Broken Fissures|7\/100\n|-hitcount|p2a: Broken Fissures|4\n|-unboost|p1a: Koraidon|def|1\n|-boost|p1a: Koraidon|spe|1\n|move|p2a: Broken Fissures|Earthquake|p1a: Koraidon\n|-damage|p1a: Koraidon|14\/100\n|\n|-weather|SunnyDay|[upkeep]\n|-heal|p2a: Broken Fissures|13\/100|[from] item: Leftovers\n|upkeep\n|turn|28\n|\n|t:|1698384183\n|move|p1a: Koraidon|Scale Shot|p2a: Broken Fissures\n|-damage|p2a: Broken Fissures|0 fnt\n|faint|p2a: Broken Fissures\n|-hitcount|p2: Broken Fissures|1\n|-unboost|p1a: Koraidon|def|1\n|-boost|p1a: Koraidon|spe|1\n|\n|-weather|SunnyDay|[upkeep]\n|upkeep\n|\n|t:|1698384185\n|switch|p2a: Featured Today|Koraidon|16\/100\n|-activate|p2a: Featured Today|ability: Orichalcum Pulse\n|turn|29\n|c|\u2606AGisgood\u82cd\u54cd\u4fa0|gg\n|\n|t:|1698384189\n|move|p1a: Koraidon|Scale Shot|p2a: Featured Today|[miss]\n|-miss|p1a: Koraidon|p2a: Featured Today\n|move|p2a: Featured Today|Outrage|p1a: Koraidon\n|-supereffective|p1a: Koraidon\n|-damage|p1a: Koraidon|0 fnt\n|faint|p1a: Koraidon\n|\n|win|eavo\n|raw|AGisgood\u82cd\u54cd\u4fa0's rating: 1728 &rarr; <strong>1711<\/strong><br \/>(-17 for losing)\n|raw|eavo's rating: 1780 &rarr; <strong>1797<\/strong><br \/>(+17 for winning)\n|c|\u2606eavo|gg\n|c|\u2606AGisgood\u82cd\u54cd\u4fa0|what\n|l|\u2606AGisgood\u82cd\u54cd\u4fa0\n|j| ZowwyCafe\u2764\n|c|\u2606eavo|best scam\n|c| ZowwyCafe\u2764|lmao\n|l| ZowwyCafe\u2764\n","uploadtime":1698384230,"views":9,"p1id":"agisgood","p2id":"eavo","formatid":"gen9anythinggoes","rating":1711,"private":0,"password":""}