{"id":"gen9anythinggoes-1972907407","p1":"kaleb512","p2":"MelloBello","format":"[Gen 9] Anything Goes","log":"|j|\u2606kaleb512\n|j|\u2606MelloBello\n|t:|1697907720\n|gametype|singles\n|player|p1|kaleb512|265|1019\n|player|p2|MelloBello|darach-caitlin|1049\n|teamsize|p1|6\n|teamsize|p2|6\n|gen|9\n|tier|[Gen 9] Anything Goes\n|rated|\n|rule|HP Percentage Mod: HP is shown in percentages\n|rule|Endless Battle Clause: Forcing endless battles is banned\n|clearpoke\n|poke|p1|Polteageist-Antique|\n|poke|p1|Drifblim, M|\n|poke|p1|Dunsparce, F|\n|poke|p1|Jirachi|\n|poke|p1|Cyclizar, F|\n|poke|p1|Medicham, F|\n|poke|p2|Alomomola, M|\n|poke|p2|Calyrex-Shadow|\n|poke|p2|Volcarona, F|\n|poke|p2|Forretress, F|\n|poke|p2|Masquerain, F|\n|poke|p2|Iron Valiant|\n|teampreview\n|\n|t:|1697907725\n|start\n|switch|p1a: Cyclizar|Cyclizar, F|100\/100\n|switch|p2a: Forretress|Forretress, F|100\/100\n|turn|1\n|\n|t:|1697907735\n|move|p1a: Cyclizar|Shed Tail|p1a: Cyclizar\n|-start|p1a: Cyclizar|Substitute|[from] move: Shed Tail\n|-damage|p1a: Cyclizar|50\/100\n|\n|t:|1697907743\n|switch|p1a: Drifblim|Drifblim, M|100\/100|[from] Shed Tail\n|move|p2a: Forretress|Toxic Spikes|p1a: Drifblim\n|-sidestart|p1: kaleb512|move: Toxic Spikes\n|\n|upkeep\n|turn|2\n|\n|t:|1697907751\n|move|p1a: Drifblim|Minimize|p1a: Drifblim\n|-boost|p1a: Drifblim|evasion|2\n|move|p2a: Forretress|Spikes|p1a: Drifblim\n|-sidestart|p1: kaleb512|Spikes\n|\n|upkeep\n|turn|3\n|\n|t:|1697907757\n|move|p1a: Drifblim|Minimize|p1a: Drifblim\n|-boost|p1a: Drifblim|evasion|2\n|move|p2a: Forretress|Stealth Rock|p1a: Drifblim\n|-sidestart|p1: kaleb512|move: Stealth Rock\n|\n|upkeep\n|turn|4\n|\n|t:|1697907764\n|move|p1a: Drifblim|Minimize|p1a: Drifblim\n|-boost|p1a: Drifblim|evasion|2\n|move|p2a: Forretress|Spikes|p1a: Drifblim\n|-sidestart|p1: kaleb512|Spikes\n|\n|upkeep\n|turn|5\n|\n|t:|1697907796\n|move|p1a: Drifblim|Baton Pass|p1a: Drifblim\n|\n|t:|1697907804\n|switch|p1a: Polteageist|Polteageist-Antique|100\/100|[from] Baton Pass\n|-status|p1a: Polteageist|psn\n|-damage|p1a: Polteageist|84\/100 psn|[from] Spikes\n|-damage|p1a: Polteageist|72\/100 psn|[from] Stealth Rock\n|move|p2a: Forretress|Spikes|p1a: Polteageist\n|-sidestart|p1: kaleb512|Spikes\n|\n|-damage|p1a: Polteageist|60\/100 psn|[from] psn\n|upkeep\n|turn|6\n|\n|t:|1697907817\n|move|p1a: Polteageist|Shell Smash|p1a: Polteageist\n|-unboost|p1a: Polteageist|def|1\n|-unboost|p1a: Polteageist|spd|1\n|-boost|p1a: Polteageist|atk|2\n|-boost|p1a: Polteageist|spa|2\n|-boost|p1a: Polteageist|spe|2\n|move|p2a: Forretress|Toxic Spikes|p1a: Polteageist\n|-sidestart|p1: kaleb512|move: Toxic Spikes\n|\n|-damage|p1a: Polteageist|47\/100 psn|[from] psn\n|upkeep\n|turn|7\n|\n|t:|1697907835\n|move|p1a: Polteageist|Baton Pass|p1a: Polteageist\n|\n|t:|1697907839\n|switch|p1a: Jirachi|Jirachi|100\/100|[from] Baton Pass\n|-damage|p1a: Jirachi|75\/100|[from] Spikes\n|-damage|p1a: Jirachi|69\/100|[from] Stealth Rock\n|move|p2a: Forretress|Stealth Rock||[still]\n|-fail|p2a: Forretress\n|\n|-heal|p1a: Jirachi|75\/100|[from] item: Leftovers\n|upkeep\n|turn|8\n|\n|t:|1697907863\n|switch|p2a: Calyrex|Calyrex-Shadow|100\/100\n|-ability|p2a: Calyrex|As One\n|-ability|p2a: Calyrex|Unnerve\n|move|p1a: Jirachi|Cosmic Power|p1a: Jirachi\n|-boost|p1a: Jirachi|def|1\n|-boost|p1a: Jirachi|spd|1\n|\n|-heal|p1a: Jirachi|82\/100|[from] item: Leftovers\n|upkeep\n|turn|9\n|\n|t:|1697907880\n|switch|p2a: Masquerain|Masquerain, F|100\/100\n|-ability|p2a: Masquerain|Intimidate|boost\n|-immune|p1a: Jirachi\n|-terastallize|p1a: Jirachi|Steel\n|move|p1a: Jirachi|Cosmic Power|p1a: Jirachi\n|-boost|p1a: Jirachi|def|1\n|-boost|p1a: Jirachi|spd|1\n|\n|-heal|p1a: Jirachi|88\/100|[from] item: Leftovers\n|upkeep\n|turn|10\n|\n|t:|1697907894\n|move|p1a: Jirachi|Cosmic Power|p1a: Jirachi\n|-boost|p1a: Jirachi|def|1\n|-boost|p1a: Jirachi|spd|1\n|move|p2a: Masquerain|Sticky Web|p1a: Jirachi\n|-sidestart|p1: kaleb512|move: Sticky Web\n|\n|-heal|p1a: Jirachi|94\/100|[from] item: Leftovers\n|upkeep\n|turn|11\n|\n|t:|1697907903\n|move|p1a: Jirachi|Cosmic Power|p1a: Jirachi\n|-boost|p1a: Jirachi|def|1\n|-boost|p1a: Jirachi|spd|1\n|move|p2a: Masquerain|Whirlwind|p1a: Jirachi\n|drag|p1a: Drifblim|Drifblim, M|100\/100\n|-damage|p1a: Drifblim|76\/100|[from] Stealth Rock\n|\n|upkeep\n|turn|12\n|-message|kaleb512 forfeited.\n|\n|win|MelloBello\n|raw|kaleb512's rating: 1019 &rarr; <strong>1007<\/strong><br \/>(-12 for losing)\n|raw|MelloBello's rating: 1049 &rarr; <strong>1079<\/strong><br \/>(+30 for winning)\n|l|\u2606kaleb512\n","uploadtime":1697907925,"views":12,"p1id":"kaleb512","p2id":"mellobello","formatid":"gen9anythinggoes","rating":1007,"private":0,"password":""}