{"id":"gen9anythinggoes-1999076010","p1":"demesticslot","p2":"MrMimeIsMrKetchum","format":"[Gen 9] Anything Goes","log":"|j|\u2606demesticslot\n|j|\u2606MrMimeIsMrKetchum\n|t:|1701030584\n|gametype|singles\n|player|p1|demesticslot|red|\n|player|p2|MrMimeIsMrKetchum|swimmerf-gen4|\n|teamsize|p1|6\n|teamsize|p2|6\n|gen|9\n|tier|[Gen 9] Anything Goes\n|rule|HP Percentage Mod: HP is shown in percentages\n|rule|Endless Battle Clause: Forcing endless battles is banned\n|clearpoke\n|poke|p1|Great Tusk|\n|poke|p1|Flutter Mane|\n|poke|p1|Roaring Moon|\n|poke|p1|Slither Wing|\n|poke|p1|Scream Tail|\n|poke|p1|Sandy Shocks|\n|poke|p2|Annihilape, M|\n|poke|p2|Blissey, F|\n|poke|p2|Pawmot, M|\n|poke|p2|Rabsca, M|\n|poke|p2|Pelipper, M|\n|poke|p2|Basculegion, M|\n|teampreview\n|inactive|Battle timer is ON: inactive players will automatically lose when time's up. (requested by MrMimeIsMrKetchum)\n|\n|t:|1701030595\n|start\n|switch|p1a: Bigglyruff|Scream Tail, shiny|100\/100\n|switch|p2a: Annihilape|Annihilape, M, shiny|100\/100\n|-enditem|p1a: Bigglyruff|Booster Energy\n|-activate|p1a: Bigglyruff|ability: Protosynthesis|[fromitem]\n|-start|p1a: Bigglyruff|protosynthesisspd\n|turn|1\n|\n|t:|1701030605\n|move|p2a: Annihilape|Final Gambit|p1a: Bigglyruff\n|-damage|p1a: Bigglyruff|0 fnt\n|faint|p2a: Annihilape\n|faint|p1a: Bigglyruff\n|-end|p1a: Bigglyruff|Protosynthesis|[silent]\n|\n|upkeep\n|\n|t:|1701030614\n|switch|p2a: Blissey|Blissey, F, shiny|100\/100\n|switch|p1a: Misdactylus|Flutter Mane, shiny|100\/100\n|-enditem|p1a: Misdactylus|Booster Energy\n|-activate|p1a: Misdactylus|ability: Protosynthesis|[fromitem]\n|-start|p1a: Misdactylus|protosynthesisspa\n|turn|2\n|\n|t:|1701030621\n|move|p2a: Blissey|Copycat|p2a: Blissey\n|move|p2a: Blissey|Final Gambit|p1a: Misdactylus|[from]move: Copycat\n|-immune|p1a: Misdactylus\n|move|p1a: Misdactylus|Phantom Force||[still]\n|-prepare|p1a: Misdactylus|Phantom Force\n|\n|upkeep\n|turn|3\n|\n|t:|1701030632\n|move|p2a: Blissey|Copycat|p2a: Blissey\n|move|p2a: Blissey|Phantom Force||[from]move: Copycat|[still]\n|-prepare|p2a: Blissey|Phantom Force\n|move|p1a: Misdactylus|Phantom Force|p2a: Blissey|[from]lockedmove|[miss]\n|-miss|p1a: Misdactylus|p2a: Blissey\n|\n|upkeep\n|turn|4\n|\n|t:|1701030638\n|move|p1a: Misdactylus|Protect|p1a: Misdactylus\n|-singleturn|p1a: Misdactylus|Protect\n|move|p2a: Blissey|Phantom Force||[still]\n|-fail|p2a: Blissey\n|\n|upkeep\n|turn|5\n|\n|t:|1701030663\n|move|p2a: Blissey|Copycat||[still]\n|-fail|p2a: Blissey\n|move|p1a: Misdactylus|Moonblast|p2a: Blissey\n|-damage|p2a: Blissey|81\/100\n|\n|upkeep\n|turn|6\n|\n|t:|1701030676\n|switch|p2a: Rabsca|Rabsca, M, shiny|100\/100\n|move|p1a: Misdactylus|Protect||[still]\n|-fail|p1a: Misdactylus\n|\n|upkeep\n|turn|7\n|\n|t:|1701030679\n|move|p1a: Misdactylus|Phantom Force||[still]\n|-prepare|p1a: Misdactylus|Phantom Force\n|move|p2a: Rabsca|Revival Blessing|p2a: Rabsca\n|-enditem|p2a: Rabsca|Leppa Berry|[eat]\n|-activate|p2a: Rabsca|item: Leppa Berry|Revival Blessing|[consumed]\n|\n|t:|1701030691\n|-heal|p2: Annihilape|50\/100|[from] move: Revival Blessing\n|\n|upkeep\n|turn|8\n|\n|t:|1701030696\n|switch|p2a: Blissey|Blissey, F, shiny|81\/100\n|move|p1a: Misdactylus|Phantom Force|p2a: Blissey|[from]lockedmove\n|-immune|p2a: Blissey\n|\n|upkeep\n|turn|9\n|\n|t:|1701030707\n|move|p2a: Blissey|Copycat|p2a: Blissey\n|move|p2a: Blissey|Phantom Force||[from]move: Copycat|[still]\n|-prepare|p2a: Blissey|Phantom Force\n|move|p1a: Misdactylus|Phantom Force||[still]\n|-prepare|p1a: Misdactylus|Phantom Force\n|\n|upkeep\n|turn|10\n|\n|t:|1701030712\n|move|p2a: Blissey|Phantom Force||[still]\n|-fail|p2a: Blissey\n|move|p1a: Misdactylus|Phantom Force|p2a: Blissey|[from]lockedmove\n|-immune|p2a: Blissey\n|\n|upkeep\n|turn|11\n|\n|t:|1701030717\n|move|p2a: Blissey|Copycat|p2a: Blissey\n|move|p2a: Blissey|Phantom Force||[from]move: Copycat|[still]\n|-prepare|p2a: Blissey|Phantom Force\n|move|p1a: Misdactylus|Moonblast|p2a: Blissey|[miss]\n|-miss|p1a: Misdactylus|p2a: Blissey\n|\n|upkeep\n|turn|12\n|\n|t:|1701030722\n|-end|p1a: Misdactylus|Protosynthesis|[silent]\n|switch|p1a: Magnefrag|Sandy Shocks, shiny|100\/100\n|-enditem|p1a: Magnefrag|Booster Energy\n|-activate|p1a: Magnefrag|ability: Protosynthesis|[fromitem]\n|-start|p1a: Magnefrag|protosynthesisspa\n|move|p2a: Blissey|Phantom Force||[still]\n|-fail|p2a: Blissey\n|\n|upkeep\n|turn|13\n|\n|t:|1701030746\n|switch|p2a: Rabsca|Rabsca, M, shiny|100\/100\n|move|p1a: Magnefrag|Zap Cannon|p2a: Rabsca\n|-damage|p2a: Rabsca|41\/100\n|-status|p2a: Rabsca|par\n|-activate|p2a: Rabsca|ability: Synchronize\n|-immune|p1a: Magnefrag\n|\n|upkeep\n|turn|14\n|\n|t:|1701030756\n|move|p1a: Magnefrag|Earth Power|p2a: Rabsca\n|-resisted|p2a: Rabsca\n|-damage|p2a: Rabsca|20\/100 par\n|cant|p2a: Rabsca|par\n|\n|upkeep\n|turn|15\n|\n|t:|1701030761\n|move|p1a: Magnefrag|Discharge|p2a: Rabsca\n|-damage|p2a: Rabsca|0 fnt\n|faint|p2a: Rabsca\n|\n|upkeep\n|\n|t:|1701030773\n|switch|p2a: Pawmot|Pawmot, M, shiny|100\/100\n|turn|16\n|\n|t:|1701030784\n|move|p2a: Pawmot|Ice Punch|p1a: Magnefrag\n|-supereffective|p1a: Magnefrag\n|-damage|p1a: Magnefrag|51\/100\n|move|p1a: Magnefrag|Earth Power|p2a: Pawmot\n|-supereffective|p2a: Pawmot\n|-damage|p2a: Pawmot|0 fnt\n|faint|p2a: Pawmot\n|\n|upkeep\n|\n|t:|1701030788\n|switch|p2a: Annihilape|Annihilape, M, shiny|50\/100\n|turn|17\n|\n|t:|1701030791\n|move|p2a: Annihilape|Final Gambit|p1a: Magnefrag\n|-damage|p1a: Magnefrag|0 fnt\n|faint|p2a: Annihilape\n|faint|p1a: Magnefrag\n|-end|p1a: Magnefrag|Protosynthesis|[silent]\n|\n|upkeep\n|\n|t:|1701030797\n|switch|p2a: Blissey|Blissey, F, shiny|81\/100\n|switch|p1a: Donphang|Great Tusk, shiny|100\/100\n|-enditem|p1a: Donphang|Booster Energy\n|-activate|p1a: Donphang|ability: Protosynthesis|[fromitem]\n|-start|p1a: Donphang|protosynthesisatk\n|turn|18\n|\n|t:|1701030800\n|move|p2a: Blissey|Copycat|p2a: Blissey\n|move|p2a: Blissey|Final Gambit|p1a: Donphang|[from]move: Copycat\n|-damage|p1a: Donphang|0 fnt\n|faint|p2a: Blissey\n|faint|p1a: Donphang\n|-end|p1a: Donphang|Protosynthesis|[silent]\n|\n|upkeep\n|\n|t:|1701030806\n|switch|p2a: Pelipper|Pelipper, M, shiny|100\/100\n|switch|p1a: Misdactylus|Flutter Mane, shiny|100\/100\n|-weather|RainDance|[from] ability: Drizzle|[of] p2a: Pelipper\n|turn|19\n|\n|t:|1701030821\n|move|p1a: Misdactylus|Phantom Force||[still]\n|-prepare|p1a: Misdactylus|Phantom Force\n|move|p2a: Pelipper|Hurricane|p1a: Misdactylus|[miss]\n|-miss|p2a: Pelipper|p1a: Misdactylus\n|\n|-weather|RainDance|[upkeep]\n|upkeep\n|turn|20\n|\n|t:|1701030829\n|move|p1a: Misdactylus|Phantom Force|p2a: Pelipper|[from]lockedmove\n|-damage|p2a: Pelipper|81\/100\n|move|p2a: Pelipper|U-turn|p1a: Misdactylus\n|-resisted|p1a: Misdactylus\n|-damage|p1a: Misdactylus|96\/100\n|\n|t:|1701030835\n|switch|p2a: Basculegion|Basculegion, M, shiny|100\/100|[from] U-turn\n|\n|-weather|RainDance|[upkeep]\n|upkeep\n|turn|21\n|\n|t:|1701030847\n|move|p2a: Basculegion|Last Respects|p1a: Misdactylus\n|-supereffective|p1a: Misdactylus\n|-crit|p1a: Misdactylus\n|-damage|p1a: Misdactylus|0 fnt\n|faint|p1a: Misdactylus\n|-end|p1a: Misdactylus|Protosynthesis|[silent]\n|\n|-weather|RainDance|[upkeep]\n|upkeep\n|\n|t:|1701030851\n|switch|p1a: Strolcarona|Slither Wing, shiny|100\/100\n|-enditem|p1a: Strolcarona|Booster Energy\n|-activate|p1a: Strolcarona|ability: Protosynthesis|[fromitem]\n|-start|p1a: Strolcarona|protosynthesisatk\n|turn|22\n|\n|t:|1701030856\n|-terastallize|p1a: Strolcarona|Bug\n|move|p1a: Strolcarona|Protect|p1a: Strolcarona\n|-singleturn|p1a: Strolcarona|Protect\n|move|p2a: Basculegion|Last Respects|p1a: Strolcarona\n|-activate|p1a: Strolcarona|move: Protect\n|\n|-weather|RainDance|[upkeep]\n|upkeep\n|turn|23\n|\n|t:|1701030859\n|move|p2a: Basculegion|Last Respects|p1a: Strolcarona\n|-damage|p1a: Strolcarona|0 fnt\n|faint|p1a: Strolcarona\n|-end|p1a: Strolcarona|Protosynthesis|[silent]\n|\n|-weather|RainDance|[upkeep]\n|upkeep\n|\n|t:|1701030862\n|switch|p1a: Malamence|Roaring Moon, shiny|100\/100\n|-enditem|p1a: Malamence|Booster Energy\n|-activate|p1a: Malamence|ability: Protosynthesis|[fromitem]\n|-start|p1a: Malamence|protosynthesisatk\n|turn|24\n|\n|t:|1701030867\n|move|p2a: Basculegion|Last Respects|p1a: Malamence\n|-resisted|p1a: Malamence\n|-damage|p1a: Malamence|0 fnt\n|faint|p1a: Malamence\n|-end|p1a: Malamence|Protosynthesis|[silent]\n|\n|win|MrMimeIsMrKetchum\n|l|\u2606demesticslot\n|c|\u2606MrMimeIsMrKetchum|gg\n","uploadtime":1701030882,"views":0,"p1id":"demesticslot","p2id":"mrmimeismrketchum","formatid":"gen9anythinggoes","rating":0,"private":0,"password":""}