{"id":"gen9anythinggoes-1985331725","p1":"turtIz","p2":"Dr Guzzlord","format":"[Gen 9] Anything Goes","log":"|j|\u2606turtIz\n|j|\u2606Dr Guzzlord\n|t:|1699365326\n|gametype|singles\n|player|p1|turtIz|giovanni|1019\n|player|p2|Dr Guzzlord|roughneck|1043\n|teamsize|p1|6\n|teamsize|p2|1\n|gen|9\n|tier|[Gen 9] Anything Goes\n|rated|\n|rule|HP Percentage Mod: HP is shown in percentages\n|rule|Endless Battle Clause: Forcing endless battles is banned\n|clearpoke\n|poke|p1|Muk, M|\n|poke|p1|Chansey, F|\n|poke|p1|Gliscor, M|\n|poke|p1|Avalugg, M|\n|poke|p1|Florges-Blue, F|\n|poke|p1|Kingambit, M|\n|poke|p2|Conkeldurr, F|\n|teampreview\n|\n|t:|1699365332\n|start\n|switch|p1a: Gliscor|Gliscor, M|100\/100\n|switch|p2a: Conkeldurr|Conkeldurr, F, shiny|100\/100\n|turn|1\n|\n|t:|1699365344\n|move|p1a: Gliscor|Agility|p1a: Gliscor\n|-boost|p1a: Gliscor|spe|2\n|move|p2a: Conkeldurr|Knock Off|p1a: Gliscor\n|-damage|p1a: Gliscor|75\/100\n|-enditem|p1a: Gliscor|Toxic Orb|[from] move: Knock Off|[of] p2a: Conkeldurr\n|\n|upkeep\n|turn|2\n|\n|t:|1699365351\n|move|p1a: Gliscor|Brick Break|p2a: Conkeldurr\n|-damage|p2a: Conkeldurr|85\/100\n|move|p2a: Conkeldurr|Focus Energy|p2a: Conkeldurr\n|-start|p2a: Conkeldurr|move: Focus Energy\n|\n|upkeep\n|turn|3\n|\n|t:|1699365358\n|move|p1a: Gliscor|Brick Break|p2a: Conkeldurr\n|-damage|p2a: Conkeldurr|71\/100\n|move|p2a: Conkeldurr|Knock Off|p1a: Gliscor\n|-crit|p1a: Gliscor\n|-damage|p1a: Gliscor|52\/100\n|\n|upkeep\n|turn|4\n|\n|t:|1699365364\n|move|p1a: Gliscor|Brick Break|p2a: Conkeldurr\n|-damage|p2a: Conkeldurr|56\/100\n|move|p2a: Conkeldurr|Knock Off|p1a: Gliscor\n|-crit|p1a: Gliscor\n|-damage|p1a: Gliscor|29\/100\n|\n|upkeep\n|turn|5\n|\n|t:|1699365370\n|move|p1a: Gliscor|Brick Break|p2a: Conkeldurr\n|-damage|p2a: Conkeldurr|41\/100\n|move|p2a: Conkeldurr|Knock Off|p1a: Gliscor\n|-crit|p1a: Gliscor\n|-damage|p1a: Gliscor|4\/100\n|\n|upkeep\n|turn|6\n|\n|t:|1699365376\n|move|p2a: Conkeldurr|Mach Punch|p1a: Gliscor\n|-resisted|p1a: Gliscor\n|-crit|p1a: Gliscor\n|-damage|p1a: Gliscor|0 fnt\n|faint|p1a: Gliscor\n|\n|upkeep\n|\n|t:|1699365383\n|switch|p1a: Chansey|Chansey, F, shiny|100\/100\n|turn|7\n|\n|t:|1699365387\n|move|p1a: Chansey|Light Screen|p1a: Chansey\n|-sidestart|p1: turtIz|move: Light Screen\n|move|p2a: Conkeldurr|Drain Punch|p1a: Chansey\n|-supereffective|p1a: Chansey\n|-crit|p1a: Chansey\n|-damage|p1a: Chansey|8\/100\n|-heal|p2a: Conkeldurr|100\/100|[from] drain|[of] p1a: Chansey\n|\n|upkeep\n|turn|8\n|\n|t:|1699365397\n|move|p2a: Conkeldurr|Mach Punch|p1a: Chansey\n|-supereffective|p1a: Chansey\n|-crit|p1a: Chansey\n|-damage|p1a: Chansey|0 fnt\n|faint|p1a: Chansey\n|\n|upkeep\n|\n|t:|1699365403\n|switch|p1a: Florges|Florges-Blue, F|100\/100\n|turn|9\n|\n|t:|1699365411\n|-terastallize|p2a: Conkeldurr|Poison\n|move|p1a: Florges|Calm Mind|p1a: Florges\n|-boost|p1a: Florges|spa|1\n|-boost|p1a: Florges|spd|1\n|move|p2a: Conkeldurr|Knock Off|p1a: Florges\n|-resisted|p1a: Florges\n|-crit|p1a: Florges\n|-damage|p1a: Florges|65\/100\n|-enditem|p1a: Florges|Leftovers|[from] move: Knock Off|[of] p2a: Conkeldurr\n|\n|upkeep\n|turn|10\n|\n|t:|1699365421\n|move|p1a: Florges|Calm Mind|p1a: Florges\n|-boost|p1a: Florges|spa|1\n|-boost|p1a: Florges|spd|1\n|move|p2a: Conkeldurr|Drain Punch|p1a: Florges\n|-resisted|p1a: Florges\n|-crit|p1a: Florges\n|-damage|p1a: Florges|25\/100\n|\n|upkeep\n|turn|11\n|\n|t:|1699365429\n|move|p1a: Florges|Stored Power|p2a: Conkeldurr\n|-supereffective|p2a: Conkeldurr\n|-damage|p2a: Conkeldurr|4\/100\n|move|p2a: Conkeldurr|Drain Punch|p1a: Florges\n|-resisted|p1a: Florges\n|-crit|p1a: Florges\n|-damage|p1a: Florges|0 fnt\n|-heal|p2a: Conkeldurr|16\/100|[from] drain|[of] p1a: Florges\n|faint|p1a: Florges\n|\n|-sideend|p1: turtIz|move: Light Screen\n|upkeep\n|\n|t:|1699365440\n|switch|p1a: Avalugg|Avalugg, M|100\/100\n|turn|12\n|\n|t:|1699365443\n|move|p2a: Conkeldurr|Drain Punch|p1a: Avalugg\n|-supereffective|p1a: Avalugg\n|-crit|p1a: Avalugg\n|-damage|p1a: Avalugg|44\/100\n|-heal|p2a: Conkeldurr|48\/100|[from] drain|[of] p1a: Avalugg\n|move|p1a: Avalugg|Snowscape|p1a: Avalugg\n|-weather|Snow\n|\n|-weather|Snow|[upkeep]\n|-heal|p1a: Avalugg|50\/100|[from] ability: Ice Body\n|-heal|p1a: Avalugg|56\/100|[from] item: Leftovers\n|upkeep\n|turn|13\n|\n|t:|1699365455\n|move|p2a: Conkeldurr|Drain Punch|p1a: Avalugg\n|-supereffective|p1a: Avalugg\n|-crit|p1a: Avalugg\n|-damage|p1a: Avalugg|16\/100\n|-heal|p2a: Conkeldurr|70\/100|[from] drain|[of] p1a: Avalugg\n|move|p1a: Avalugg|Double-Edge|p2a: Conkeldurr\n|-damage|p2a: Conkeldurr|44\/100\n|-damage|p1a: Avalugg|9\/100|[from] Recoil\n|\n|-weather|Snow|[upkeep]\n|-heal|p1a: Avalugg|15\/100|[from] ability: Ice Body\n|-heal|p1a: Avalugg|21\/100|[from] item: Leftovers\n|upkeep\n|turn|14\n|\n|t:|1699365470\n|move|p2a: Conkeldurr|Drain Punch|p1a: Avalugg\n|-supereffective|p1a: Avalugg\n|-crit|p1a: Avalugg\n|-damage|p1a: Avalugg|0 fnt\n|-heal|p2a: Conkeldurr|55\/100|[from] drain|[of] p1a: Avalugg\n|faint|p1a: Avalugg\n|\n|-weather|Snow|[upkeep]\n|upkeep\n|\n|t:|1699365478\n|switch|p1a: Muk|Muk, M|100\/100\n|turn|15\n|\n|t:|1699365482\n|move|p1a: Muk|Drain Punch|p2a: Conkeldurr\n|-resisted|p2a: Conkeldurr\n|-damage|p2a: Conkeldurr|47\/100\n|move|p2a: Conkeldurr|Knock Off|p1a: Muk\n|-crit|p1a: Muk\n|-damage|p1a: Muk|52\/100\n|-enditem|p1a: Muk|Black Sludge|[from] move: Knock Off|[of] p2a: Conkeldurr\n|\n|-weather|Snow|[upkeep]\n|upkeep\n|turn|16\n|\n|t:|1699365493\n|move|p1a: Muk|Drain Punch|p2a: Conkeldurr\n|-resisted|p2a: Conkeldurr\n|-damage|p2a: Conkeldurr|40\/100\n|-heal|p1a: Muk|55\/100|[from] drain|[of] p2a: Conkeldurr\n|move|p2a: Conkeldurr|Knock Off|p1a: Muk\n|-crit|p1a: Muk\n|-damage|p1a: Muk|24\/100\n|\n|-weather|none\n|upkeep\n|turn|17\n|\n|t:|1699365502\n|move|p1a: Muk|Drain Punch|p2a: Conkeldurr\n|-resisted|p2a: Conkeldurr\n|-damage|p2a: Conkeldurr|32\/100\n|-heal|p1a: Muk|27\/100|[from] drain|[of] p2a: Conkeldurr\n|move|p2a: Conkeldurr|Knock Off|p1a: Muk\n|-crit|p1a: Muk\n|-damage|p1a: Muk|0 fnt\n|faint|p1a: Muk\n|\n|upkeep\n|\n|t:|1699365511\n|switch|p1a: I'm sorry|Kingambit, M|100\/100\n|-activate|p1a: I'm sorry|ability: Supreme Overlord\n|-start|p1a: I'm sorry|fallen5|[silent]\n|turn|18\n|\n|t:|1699365526\n|move|p2a: Conkeldurr|Mach Punch|p1a: I'm sorry\n|-supereffective|p1a: I'm sorry\n|-crit|p1a: I'm sorry\n|-damage|p1a: I'm sorry|0 fnt\n|faint|p1a: I'm sorry\n|-end|p1a: I'm sorry|fallen5|[silent]\n|\n|win|Dr Guzzlord\n|raw|turtIz's rating: 1019 &rarr; <strong>1006<\/strong><br \/>(-13 for losing)\n|raw|Dr Guzzlord's rating: 1012 &rarr; <strong>1051<\/strong><br \/>(+39 for winning)\n|c|\u2606turtIz|Wwo\n|l|\u2606turtIz\n|c|\u2606Dr Guzzlord|GG\n","uploadtime":1699365548,"views":5,"p1id":"turtiz","p2id":"drguzzlord","formatid":"gen9anythinggoes","rating":1006,"private":0,"password":""}