{"id":"gen9anythinggoes-1977521333","p1":"godoffyre5","p2":"Aldos Deck","format":"[Gen 9] Anything Goes","log":"|j|\u203dgodoffyre5\n|j|\u2606Aldos Deck\n|t:|1698424117\n|gametype|singles\n|player|p1|godoffyre5|pokekid|1000\n|player|p2|Aldos Deck|backpacker|1000\n|teamsize|p1|6\n|teamsize|p2|6\n|gen|9\n|tier|[Gen 9] Anything Goes\n|rated|\n|rule|HP Percentage Mod: HP is shown in percentages\n|rule|Endless Battle Clause: Forcing endless battles is banned\n|clearpoke\n|poke|p1|Groudon|\n|poke|p1|Giratina-Origin|\n|poke|p1|Palafin, F|\n|poke|p1|Zacian-*|\n|poke|p1|Rayquaza|\n|poke|p1|Koraidon|\n|poke|p2|Orthworm, F|\n|poke|p2|Clodsire, F|\n|poke|p2|Glimmora, M|\n|poke|p2|Garganacl, F|\n|poke|p2|Kingambit, F|\n|poke|p2|Ceruledge, M|\n|teampreview\n|\n|t:|1698424128\n|start\n|switch|p1a: Groudon|Groudon|100\/100\n|switch|p2a: Garganacl|Garganacl, F, shiny|100\/100\n|-weather|SunnyDay|[from] ability: Drought|[of] p1a: Groudon\n|turn|1\n|\n|t:|1698424139\n|-terastallize|p2a: Garganacl|Flying\n|move|p1a: Groudon|Eruption|p2a: Garganacl\n|-damage|p2a: Garganacl|63\/100\n|move|p2a: Garganacl|Iron Defense|p2a: Garganacl\n|-boost|p2a: Garganacl|def|2\n|\n|-weather|SunnyDay|[upkeep]\n|upkeep\n|turn|2\n|\n|t:|1698424149\n|move|p1a: Groudon|Solar Beam||[still]\n|-prepare|p1a: Groudon|Solar Beam\n|-anim|p1a: Groudon|Solar Beam|p2a: Garganacl\n|-resisted|p2a: Garganacl\n|-damage|p2a: Garganacl|53\/100\n|move|p2a: Garganacl|Salt Cure|p1a: Groudon\n|-resisted|p1a: Groudon\n|-damage|p1a: Groudon|96\/100\n|-start|p1a: Groudon|Salt Cure\n|\n|-weather|SunnyDay|[upkeep]\n|-damage|p1a: Groudon|84\/100|[from] Salt Cure\n|upkeep\n|turn|3\n|\n|t:|1698424159\n|move|p1a: Groudon|Earthquake|p2a: Garganacl\n|-immune|p2a: Garganacl\n|move|p2a: Garganacl|Recover|p2a: Garganacl\n|-heal|p2a: Garganacl|100\/100\n|\n|-weather|SunnyDay|[upkeep]\n|-damage|p1a: Groudon|71\/100|[from] Salt Cure\n|upkeep\n|turn|4\n|\n|t:|1698424169\n|-singleturn|p1a: Groudon|move: Focus Punch\n|move|p2a: Garganacl|Iron Defense|p2a: Garganacl\n|-boost|p2a: Garganacl|def|2\n|move|p1a: Groudon|Focus Punch|p2a: Garganacl\n|-resisted|p2a: Garganacl\n|-damage|p2a: Garganacl|95\/100\n|\n|-weather|SunnyDay|[upkeep]\n|-damage|p1a: Groudon|59\/100|[from] Salt Cure\n|upkeep\n|turn|5\n|-message|godoffyre5 forfeited.\n|\n|win|Aldos Deck\n|raw|godoffyre5's rating: 1000 &rarr; <strong>1000<\/strong><br \/>(+0 for losing)\n|raw|Aldos Deck's rating: 1000 &rarr; <strong>1040<\/strong><br \/>(+40 for winning)\n|l|\u203dgodoffyre5\n","uploadtime":1698424199,"views":10,"p1id":"godoffyre5","p2id":"aldosdeck","formatid":"gen9anythinggoes","rating":1000,"private":0,"password":""}