{"id":"gen9anythinggoes-1988652399","p1":"Ellippo","p2":"oil and gas 3","format":"[Gen 9] Anything Goes","log":"|j|\u2606Ellippo\n|j|\u2606oil and gas 3\n|t:|1699746493\n|gametype|singles\n|player|p1|Ellippo|lance|1566\n|player|p2|oil and gas 3|beauty-gen7|1552\n|teamsize|p1|6\n|teamsize|p2|6\n|gen|9\n|tier|[Gen 9] Anything Goes\n|rated|\n|rule|HP Percentage Mod: HP is shown in percentages\n|rule|Endless Battle Clause: Forcing endless battles is banned\n|clearpoke\n|poke|p1|Sneasler, M|\n|poke|p1|Miraidon|\n|poke|p1|Koraidon|\n|poke|p1|Calyrex-Shadow|\n|poke|p1|Zacian-*|\n|poke|p1|Chien-Pao|\n|poke|p2|Arceus-Fighting|\n|poke|p2|Arceus-Psychic|\n|poke|p2|Arceus|\n|poke|p2|Arceus|\n|poke|p2|Arceus-Steel|\n|poke|p2|Arceus-Poison|\n|teampreview\n|inactive|Battle timer is ON: inactive players will automatically lose when time's up. (requested by oil and gas 3)\n|\n|t:|1699746506\n|start\n|switch|p1a: Chien-Pao|Chien-Pao|100\/100\n|switch|p2a: turbo goat|Arceus|100\/100\n|-ability|p1a: Chien-Pao|Sword of Ruin\n|turn|1\n|\n|t:|1699746512\n|move|p2a: turbo goat|Trick|p1a: Chien-Pao\n|-activate|p2a: turbo goat|move: Trick|[of] p1a: Chien-Pao\n|-item|p1a: Chien-Pao|Choice Scarf|[from] move: Trick\n|-item|p2a: turbo goat|Focus Sash|[from] move: Trick\n|move|p1a: Chien-Pao|Swords Dance|p1a: Chien-Pao\n|-boost|p1a: Chien-Pao|atk|2\n|\n|upkeep\n|turn|2\n|inactive|oil and gas 3 has 120 seconds left.\n|\n|t:|1699746551\n|switch|p1a: Calyrex|Calyrex-Shadow|100\/100\n|-ability|p1a: Calyrex|As One\n|-ability|p1a: Calyrex|Unnerve\n|move|p2a: turbo goat|Shadow Ball|p1a: Calyrex\n|-supereffective|p1a: Calyrex\n|-damage|p1a: Calyrex|2\/100\n|\n|upkeep\n|turn|3\n|\n|t:|1699746562\n|move|p1a: Calyrex|Psyshock|p2a: turbo goat\n|-damage|p2a: turbo goat|62\/100\n|move|p2a: turbo goat|Ice Beam|p1a: Calyrex\n|-damage|p1a: Calyrex|0 fnt\n|faint|p1a: Calyrex\n|\n|upkeep\n|c|\u2606oil and gas 3|4x lmfao drad\n|c|\u2606oil and gas 3|dead\n|\n|t:|1699746580\n|switch|p1a: Chien-Pao|Chien-Pao|100\/100\n|-ability|p1a: Chien-Pao|Sword of Ruin\n|turn|4\n|\n|t:|1699746584\n|move|p1a: Chien-Pao|Icicle Crash|p2a: turbo goat\n|-damage|p2a: turbo goat|18\/100\n|cant|p2a: turbo goat|flinch\n|\n|upkeep\n|turn|5\n|\n|t:|1699746589\n|move|p1a: Chien-Pao|Icicle Crash|p2a: turbo goat\n|-damage|p2a: turbo goat|0 fnt\n|faint|p2a: turbo goat\n|\n|upkeep\n|\n|t:|1699746593\n|switch|p2a: pickle sauce|Arceus-Fighting|100\/100\n|turn|6\n|\n|t:|1699746601\n|move|p1a: Chien-Pao|Icicle Crash|p2a: pickle sauce\n|-damage|p2a: pickle sauce|58\/100\n|move|p2a: pickle sauce|Cosmic Power|p2a: pickle sauce\n|-boost|p2a: pickle sauce|def|1\n|-boost|p2a: pickle sauce|spd|1\n|\n|upkeep\n|turn|7\n|\n|t:|1699746607\n|move|p1a: Chien-Pao|Icicle Crash|p2a: pickle sauce\n|-damage|p2a: pickle sauce|33\/100\n|move|p2a: pickle sauce|Recover|p2a: pickle sauce\n|-heal|p2a: pickle sauce|83\/100\n|\n|upkeep\n|turn|8\n|\n|t:|1699746612\n|move|p1a: Chien-Pao|Icicle Crash|p2a: pickle sauce\n|-damage|p2a: pickle sauce|57\/100\n|move|p2a: pickle sauce|Cosmic Power|p2a: pickle sauce\n|-boost|p2a: pickle sauce|def|1\n|-boost|p2a: pickle sauce|spd|1\n|\n|upkeep\n|turn|9\n|\n|t:|1699746618\n|move|p1a: Chien-Pao|Icicle Crash|p2a: pickle sauce\n|-crit|p2a: pickle sauce\n|-damage|p2a: pickle sauce|0 fnt\n|faint|p2a: pickle sauce\n|\n|upkeep\n|c|\u2606oil and gas 3|Dafuw\n|c|\u2606oil and gas 3|hack\n|\n|t:|1699746627\n|switch|p2a: dank pads|Arceus-Steel|100\/100\n|turn|10\n|\n|t:|1699746632\n|switch|p1a: Sneasler|Sneasler, M|100\/100\n|move|p2a: dank pads|Swords Dance|p2a: dank pads\n|-boost|p2a: dank pads|atk|2\n|\n|upkeep\n|turn|11\n|c|\u2606oil and gas 3|Trash ass showdown hackers lmfao\n|c|\u2606Ellippo|just lucky bro\n|\n|t:|1699746644\n|-terastallize|p2a: dank pads|Ghost\n|move|p1a: Sneasler|Fake Out|p2a: dank pads\n|-immune|p2a: dank pads\n|move|p2a: dank pads|Trailblaze|p1a: Sneasler\n|-resisted|p1a: Sneasler\n|-damage|p1a: Sneasler|67\/100\n|-boost|p2a: dank pads|spe|1\n|\n|upkeep\n|turn|12\n|j| Shiny Neon\n|\n|t:|1699746653\n|switch|p1a: Chien-Pao|Chien-Pao|100\/100\n|-ability|p1a: Chien-Pao|Sword of Ruin\n|move|p2a: dank pads|Extreme Speed|p1a: Chien-Pao\n|-damage|p1a: Chien-Pao|18\/100\n|\n|upkeep\n|turn|13\n|\n|t:|1699746662\n|move|p2a: dank pads|Extreme Speed|p1a: Chien-Pao\n|-damage|p1a: Chien-Pao|0 fnt\n|faint|p1a: Chien-Pao\n|\n|upkeep\n|c|\u2606oil and gas 3|Even a crit does dick\n|\n|t:|1699746669\n|switch|p1a: Zacian|Zacian-Crowned|100\/100\n|-ability|p1a: Zacian|Intrepid Sword|boost\n|-boost|p1a: Zacian|atk|1\n|turn|14\n|c|\u2606oil and gas 3|its resisted\n|\n|t:|1699746676\n|move|p2a: dank pads|Earthquake|p1a: Zacian\n|-supereffective|p1a: Zacian\n|-damage|p1a: Zacian|0 fnt\n|faint|p1a: Zacian\n|\n|upkeep\n|\n|t:|1699746681\n|switch|p1a: Koraidon|Koraidon|100\/100\n|-weather|SunnyDay|[from] ability: Orichalcum Pulse|[of] p1a: Koraidon\n|-activate|p1a: Koraidon|Orichalcum Pulse|[source]\n|turn|15\n|\n|t:|1699746693\n|move|p2a: dank pads|Extreme Speed|p1a: Koraidon\n|-damage|p1a: Koraidon|47\/100\n|move|p1a: Koraidon|Flare Blitz|p2a: dank pads\n|-damage|p2a: dank pads|34\/100\n|-damage|p1a: Koraidon|22\/100|[from] Recoil\n|\n|-weather|SunnyDay|[upkeep]\n|upkeep\n|turn|16\n|\n|t:|1699746700\n|move|p2a: dank pads|Extreme Speed|p1a: Koraidon\n|-damage|p1a: Koraidon|0 fnt\n|faint|p1a: Koraidon\n|\n|-weather|SunnyDay|[upkeep]\n|upkeep\n|\n|t:|1699746705\n|switch|p1a: Miraidon|Miraidon|100\/100\n|-fieldstart|move: Electric Terrain|[from] ability: Hadron Engine|[of] p1a: Miraidon\n|turn|17\n|\n|t:|1699746709\n|move|p2a: dank pads|Earthquake|p1a: Miraidon\n|-supereffective|p1a: Miraidon\n|-damage|p1a: Miraidon|0 fnt\n|faint|p1a: Miraidon\n|\n|-weather|SunnyDay|[upkeep]\n|upkeep\n|\n|t:|1699746714\n|switch|p1a: Sneasler|Sneasler, M|67\/100\n|turn|18\n|\n|t:|1699746717\n|move|p2a: dank pads|Extreme Speed|p1a: Sneasler\n|-damage|p1a: Sneasler|0 fnt\n|faint|p1a: Sneasler\n|\n|win|oil and gas 3\n|raw|Ellippo's rating: 1566 &rarr; <strong>1544<\/strong><br \/>(-22 for losing)\n|raw|oil and gas 3's rating: 1524 &rarr; <strong>1546<\/strong><br \/>(+22 for winning)\n","uploadtime":1699746638,"views":6,"p1id":"ellippo","p2id":"oilandgas3","formatid":"gen9anythinggoes","rating":1544,"private":0,"password":""}