{"id":"gen9anythinggoes-1984543553","p1":"THE G00B","p2":"Hexagon Purpsix","format":"[Gen 9] Anything Goes","log":"|j|\u2606THE G00B\n|j|\u2606Hexagon Purpsix\n|t:|1699278149\n|gametype|singles\n|player|p1|THE G00B|pokemonrangerf|1184\n|player|p2|Hexagon Purpsix|101|1226\n|teamsize|p1|6\n|teamsize|p2|6\n|gen|9\n|tier|[Gen 9] Anything Goes\n|rated|\n|rule|HP Percentage Mod: HP is shown in percentages\n|rule|Endless Battle Clause: Forcing endless battles is banned\n|clearpoke\n|poke|p1|Palafin, F|\n|poke|p1|Clodsire, F|\n|poke|p1|Armarouge, F|\n|poke|p1|Flutter Mane|\n|poke|p1|Corviknight, M|\n|poke|p1|Iron Treads|\n|poke|p2|Ditto|\n|poke|p2|Ditto|\n|poke|p2|Ditto|\n|poke|p2|Ditto|\n|poke|p2|Ditto|\n|poke|p2|Ditto|\n|teampreview\n|inactive|Battle timer is ON: inactive players will automatically lose when time's up. (requested by Hexagon Purpsix)\n|\n|t:|1699278160\n|start\n|switch|p1a: OG GOOB|Clodsire, F|100\/100\n|switch|p2a: Ditto|Ditto, shiny|100\/100\n|-transform|p2a: Ditto|p1a: OG GOOB|[from] ability: Imposter\n|turn|1\n|\n|t:|1699278174\n|-terastallize|p2a: Ditto|Poison\n|move|p1a: OG GOOB|Stealth Rock|p2a: Ditto\n|-sidestart|p2: Hexagon Purpsix|move: Stealth Rock\n|move|p2a: Ditto|Stealth Rock|p1a: OG GOOB\n|-sidestart|p1: THE G00B|move: Stealth Rock\n|\n|upkeep\n|turn|2\n|\n|t:|1699278197\n|switch|p1a: Killed God|Iron Treads|100\/100\n|-damage|p1a: Killed God|97\/100|[from] Stealth Rock\n|move|p2a: Ditto|Earthquake|p1a: Killed God\n|-supereffective|p1a: Killed God\n|-damage|p1a: Killed God|50\/100\n|\n|upkeep\n|turn|3\n|\n|t:|1699278208\n|move|p1a: Killed God|Iron Head|p2a: Ditto\n|-damage|p2a: Ditto|45\/100\n|move|p2a: Ditto|Earthquake|p1a: Killed God\n|-supereffective|p1a: Killed God\n|-damage|p1a: Killed God|5\/100\n|\n|upkeep\n|turn|4\n|\n|t:|1699278216\n|move|p1a: Killed God|Iron Head|p2a: Ditto\n|-damage|p2a: Ditto|0 fnt\n|faint|p2a: Ditto\n|\n|upkeep\n|\n|t:|1699278223\n|switch|p2a: Ditto|Ditto, shiny|100\/100\n|-damage|p2a: Ditto|88\/100|[from] Stealth Rock\n|-transform|p2a: Ditto|p1a: Killed God|[from] ability: Imposter\n|turn|5\n|\n|t:|1699278230\n|-end|p1a: Killed God|Quark Drive|[silent]\n|switch|p1a: Metro man|Armarouge, F|100\/100\n|-damage|p1a: Metro man|76\/100|[from] Stealth Rock\n|move|p2a: Ditto|Rapid Spin|p1a: Metro man\n|-damage|p1a: Metro man|61\/100\n|-boost|p2a: Ditto|spe|1\n|-sideend|p2: Hexagon Purpsix|Stealth Rock|[from] move: Rapid Spin|[of] p2a: Ditto\n|\n|upkeep\n|turn|6\n|\n|t:|1699278239\n|move|p2a: Ditto|Knock Off|p1a: Metro man\n|-supereffective|p1a: Metro man\n|-damage|p1a: Metro man|15\/100\n|-enditem|p1a: Metro man|Weakness Policy\n|-boost|p1a: Metro man|atk|2|[from] item: Weakness Policy\n|-boost|p1a: Metro man|spa|2|[from] item: Weakness Policy\n|move|p1a: Metro man|Armor Cannon|p2a: Ditto\n|-supereffective|p2a: Ditto\n|-damage|p2a: Ditto|0 fnt\n|-unboost|p1a: Metro man|def|1\n|-unboost|p1a: Metro man|spd|1\n|faint|p2a: Ditto\n|-end|p2a: Ditto|Quark Drive|[silent]\n|\n|upkeep\n|\n|t:|1699278251\n|switch|p2a: Ditto|Ditto, shiny|100\/100\n|-transform|p2a: Ditto|p1a: Metro man|[from] ability: Imposter\n|-enditem|p2a: Ditto|White Herb\n|-clearnegativeboost|p2a: Ditto|[silent]\n|turn|7\n|\n|t:|1699278262\n|move|p2a: Ditto|Dark Pulse|p1a: Metro man\n|-supereffective|p1a: Metro man\n|-damage|p1a: Metro man|0 fnt\n|faint|p1a: Metro man\n|\n|upkeep\n|\n|t:|1699278267\n|switch|p1a: All Might|Palafin, F|100\/100\n|-damage|p1a: All Might|88\/100|[from] Stealth Rock\n|turn|8\n|\n|t:|1699278273\n|move|p1a: All Might|Flip Turn|p2a: Ditto\n|-supereffective|p2a: Ditto\n|-damage|p2a: Ditto|48\/100\n|\n|t:|1699278279\n|detailschange|p1a: All Might|Palafin-Hero, F\n|switch|p1a: King Boo|Flutter Mane|100\/100|[from] Flip Turn\n|-damage|p1a: King Boo|88\/100|[from] Stealth Rock\n|move|p2a: Ditto|Dark Pulse|p1a: King Boo\n|-damage|p1a: King Boo|23\/100\n|\n|upkeep\n|turn|9\n|\n|t:|1699278289\n|move|p1a: King Boo|Shadow Ball|p2a: Ditto\n|-supereffective|p2a: Ditto\n|-damage|p2a: Ditto|0 fnt\n|faint|p2a: Ditto\n|\n|upkeep\n|\n|t:|1699278296\n|switch|p2a: Ditto|Ditto, shiny|100\/100\n|-transform|p2a: Ditto|p1a: King Boo|[from] ability: Imposter\n|turn|10\n|\n|t:|1699278314\n|-end|p1a: King Boo|Protosynthesis|[silent]\n|switch|p1a: All Might|Palafin-Hero, F|88\/100\n|-damage|p1a: All Might|76\/100|[from] Stealth Rock\n|-activate|p1a: All Might|ability: Zero to Hero\n|move|p2a: Ditto|Psyshock|p1a: All Might\n|-damage|p1a: All Might|44\/100\n|\n|upkeep\n|turn|11\n|\n|t:|1699278324\n|-end|p2a: Ditto|Protosynthesis|[silent]\n|switch|p2a: Ditto|Ditto, shiny|100\/100\n|-transform|p2a: Ditto|p1a: All Might|[from] ability: Imposter\n|move|p1a: All Might|Ice Punch|p2a: Ditto\n|-resisted|p2a: Ditto\n|-crit|p2a: Ditto\n|-damage|p2a: Ditto|72\/100\n|-enditem|p2a: Ditto|Eject Button\n|\n|t:|1699278331\n|switch|p2a: Ditto|Ditto, shiny|100\/100\n|-transform|p2a: Ditto|p1a: All Might|[from] ability: Imposter\n|\n|upkeep\n|turn|12\n|\n|t:|1699278348\n|switch|p1a: Biggest Bird|Corviknight, M|100\/100\n|-damage|p1a: Biggest Bird|88\/100|[from] Stealth Rock\n|-ability|p1a: Biggest Bird|Pressure\n|move|p2a: Ditto|Wave Crash|p1a: Biggest Bird\n|-damage|p1a: Biggest Bird|45\/100\n|-damage|p2a: Ditto|84\/100|[from] item: Rocky Helmet|[of] p1a: Biggest Bird\n|-damage|p2a: Ditto|65\/100|[from] Recoil\n|\n|upkeep\n|turn|13\n|\n|t:|1699278361\n|move|p2a: Ditto|Wave Crash|p1a: Biggest Bird\n|-damage|p1a: Biggest Bird|3\/100\n|-damage|p2a: Ditto|49\/100|[from] item: Rocky Helmet|[of] p1a: Biggest Bird\n|-damage|p2a: Ditto|30\/100|[from] Recoil\n|move|p1a: Biggest Bird|Brave Bird|p2a: Ditto\n|-damage|p2a: Ditto|0 fnt\n|faint|p2a: Ditto\n|-damage|p1a: Biggest Bird|0 fnt|[from] Recoil\n|faint|p1a: Biggest Bird\n|\n|upkeep\n|\n|t:|1699278383\n|switch|p1a: OG GOOB|Clodsire, F|100\/100\n|switch|p2a: Ditto|Ditto, shiny|100\/100\n|-transform|p2a: Ditto|p1a: OG GOOB|[from] ability: Imposter\n|-damage|p1a: OG GOOB|94\/100|[from] Stealth Rock\n|turn|14\n|\n|t:|1699278391\n|move|p2a: Ditto|Earthquake|p1a: OG GOOB\n|-supereffective|p1a: OG GOOB\n|-damage|p1a: OG GOOB|39\/100\n|move|p1a: OG GOOB|Earthquake|p2a: Ditto\n|-supereffective|p2a: Ditto\n|-damage|p2a: Ditto|8\/100\n|\n|-heal|p1a: OG GOOB|45\/100|[from] item: Leftovers\n|-heal|p2a: Ditto|14\/100|[from] item: Leftovers\n|upkeep\n|turn|15\n|\n|t:|1699278403\n|move|p1a: OG GOOB|Earthquake|p2a: Ditto\n|-supereffective|p2a: Ditto\n|-damage|p2a: Ditto|0 fnt\n|faint|p2a: Ditto\n|\n|-heal|p1a: OG GOOB|51\/100|[from] item: Leftovers\n|upkeep\n|-message|Hexagon Purpsix forfeited.\n|\n|win|THE G00B\n|raw|THE G00B's rating: 1184 &rarr; <strong>1212<\/strong><br \/>(+28 for winning)\n|raw|Hexagon Purpsix's rating: 1226 &rarr; <strong>1198<\/strong><br \/>(-28 for losing)\n|l|\u2606Hexagon Purpsix\n","uploadtime":1699278413,"views":5,"p1id":"theg00b","p2id":"hexagonpurpsix","formatid":"gen9anythinggoes","rating":1198,"private":0,"password":""}