{"id":"gen9anythinggoes-1996849471","p1":"hamzahwillelanyou","p2":"ShaneWithMiku","format":"[Gen 9] Anything Goes","log":"|j|\u2606hamzahwillelanyou\n|j|\u2606ShaneWithMiku\n|t:|1700735116\n|gametype|singles\n|player|p1|hamzahwillelanyou|102|1093\n|player|p2|ShaneWithMiku|clair|1026\n|teamsize|p1|6\n|teamsize|p2|3\n|gen|9\n|tier|[Gen 9] Anything Goes\n|rated|\n|rule|HP Percentage Mod: HP is shown in percentages\n|rule|Endless Battle Clause: Forcing endless battles is banned\n|clearpoke\n|poke|p1|Rotom-Wash|\n|poke|p1|Scovillain, M|\n|poke|p1|Tsareena, F|\n|poke|p1|Greninja-*, F|\n|poke|p1|Glimmora, M|\n|poke|p1|Palafin, M|\n|poke|p2|Volcanion|\n|poke|p2|Uxie|\n|poke|p2|Slowbro-Galar, F|\n|teampreview\n|inactive|Battle timer is ON: inactive players will automatically lose when time's up. (requested by ShaneWithMiku)\n|inactive|ShaneWithMiku has 120 seconds left.\n|\n|t:|1700735150\n|start\n|switch|p1a: Glimmora|Glimmora, M|100\/100\n|switch|p2a: explosion|Volcanion|100\/100\n|turn|1\n|\n|t:|1700735162\n|move|p1a: Glimmora|Spikes|p2a: explosion\n|-sidestart|p2: ShaneWithMiku|Spikes\n|move|p2a: explosion|Scald|p1a: Glimmora\n|-supereffective|p1a: Glimmora\n|-crit|p1a: Glimmora\n|-damage|p1a: Glimmora|0 fnt\n|faint|p1a: Glimmora\n|\n|upkeep\n|\n|t:|1700735173\n|switch|p1a: Palafin|Palafin, M|100\/100\n|turn|2\n|\n|t:|1700735184\n|move|p1a: Palafin|Flip Turn|p2a: explosion\n|-immune|p2a: explosion|[from] ability: Water Absorb\n|move|p2a: explosion|Earthquake|p1a: Palafin\n|-damage|p1a: Palafin|59\/100\n|\n|upkeep\n|turn|3\n|\n|t:|1700735199\n|detailschange|p1a: Palafin|Palafin-Hero, M\n|switch|p1a: Rotom|Rotom-Wash|100\/100\n|move|p2a: explosion|Earthquake|p1a: Rotom\n|-immune|p1a: Rotom|[from] ability: Levitate\n|\n|upkeep\n|turn|4\n|\n|t:|1700735209\n|-terastallize|p1a: Rotom|Electric\n|move|p1a: Rotom|Discharge|p2a: explosion\n|-supereffective|p2a: explosion\n|-damage|p2a: explosion|8\/100\n|move|p2a: explosion|Fire Blast|p1a: Rotom\n|-crit|p1a: Rotom\n|-damage|p1a: Rotom|16\/100\n|\n|-heal|p1a: Rotom|22\/100|[from] item: Leftovers\n|upkeep\n|turn|5\n|\n|t:|1700735219\n|move|p1a: Rotom|Discharge|p2a: explosion\n|-supereffective|p2a: explosion\n|-damage|p2a: explosion|0 fnt\n|faint|p2a: explosion\n|\n|-heal|p1a: Rotom|28\/100|[from] item: Leftovers\n|upkeep\n|\n|t:|1700735222\n|switch|p2a: Wall|Uxie|100\/100\n|turn|6\n|\n|t:|1700735227\n|move|p1a: Rotom|Dark Pulse|p2a: Wall\n|-supereffective|p2a: Wall\n|-damage|p2a: Wall|60\/100\n|move|p2a: Wall|Reflect|p2a: Wall\n|-sidestart|p2: ShaneWithMiku|Reflect\n|\n|-heal|p1a: Rotom|35\/100|[from] item: Leftovers\n|upkeep\n|turn|7\n|\n|t:|1700735234\n|move|p1a: Rotom|Dark Pulse|p2a: Wall\n|-supereffective|p2a: Wall\n|-damage|p2a: Wall|21\/100\n|move|p2a: Wall|Yawn|p1a: Rotom\n|-start|p1a: Rotom|move: Yawn|[of] p2a: Wall\n|\n|-heal|p1a: Rotom|41\/100|[from] item: Leftovers\n|upkeep\n|turn|8\n|\n|t:|1700735241\n|move|p1a: Rotom|Dark Pulse|p2a: Wall\n|-supereffective|p2a: Wall\n|-damage|p2a: Wall|0 fnt\n|faint|p2a: Wall\n|\n|-heal|p1a: Rotom|47\/100|[from] item: Leftovers\n|-end|p1a: Rotom|move: Yawn|[silent]\n|-status|p1a: Rotom|slp\n|upkeep\n|\n|t:|1700735248\n|switch|p2a: He's not slow|Slowbro-Galar, F, shiny|100\/100\n|-damage|p2a: He's not slow|88\/100|[from] Spikes\n|turn|9\n|\n|t:|1700735254\n|switch|p1a: Palafin|Palafin-Hero, M|59\/100\n|-activate|p1a: Palafin|ability: Zero to Hero\n|move|p2a: He's not slow|Belly Drum|p2a: He's not slow\n|-damage|p2a: He's not slow|38\/100\n|-setboost|p2a: He's not slow|atk|6|[from] move: Belly Drum\n|\n|upkeep\n|turn|10\n|-activate|p2a: He's not slow|item: Quick Claw\n|\n|t:|1700735263\n|move|p1a: Palafin|Jet Punch|p2a: He's not slow\n|-damage|p2a: He's not slow|12\/100\n|-damage|p1a: Palafin|49\/100|[from] item: Life Orb\n|move|p2a: He's not slow|Drain Punch|p1a: Palafin\n|-crit|p1a: Palafin\n|-damage|p1a: Palafin|0 fnt\n|-heal|p2a: He's not slow|36\/100|[from] drain|[of] p1a: Palafin\n|faint|p1a: Palafin\n|\n|upkeep\n|\n|t:|1700735277\n|switch|p1a: Greninja|Greninja, F|100\/100\n|turn|11\n|-activate|p2a: He's not slow|ability: Quick Draw\n|\n|t:|1700735282\n|move|p1a: Greninja|Water Shuriken|p2a: He's not slow\n|-damage|p2a: He's not slow|26\/100\n|-damage|p2a: He's not slow|16\/100\n|-hitcount|p2a: He's not slow|2\n|-damage|p1a: Greninja|91\/100|[from] item: Life Orb\n|move|p2a: He's not slow|Drain Punch|p1a: Greninja\n|-supereffective|p1a: Greninja\n|-damage|p1a: Greninja|0 fnt\n|-heal|p2a: He's not slow|54\/100|[from] drain|[of] p1a: Greninja\n|faint|p1a: Greninja\n|\n|upkeep\n|\n|t:|1700735293\n|switch|p1a: Scovillain|Scovillain, M|100\/100\n|turn|12\n|\n|t:|1700735298\n|move|p1a: Scovillain|Protect|p1a: Scovillain\n|-singleturn|p1a: Scovillain|Protect\n|move|p2a: He's not slow|Drain Punch|p1a: Scovillain\n|-activate|p1a: Scovillain|move: Protect\n|\n|-ability|p1a: Scovillain|Moody|boost\n|-boost|p1a: Scovillain|atk|2\n|-unboost|p1a: Scovillain|def|1\n|upkeep\n|turn|13\n|-activate|p2a: He's not slow|item: Quick Claw\n|\n|t:|1700735306\n|move|p2a: He's not slow|Drain Punch|p1a: Scovillain\n|-enditem|p1a: Scovillain|Focus Sash\n|-damage|p1a: Scovillain|1\/100\n|-heal|p2a: He's not slow|93\/100|[from] drain|[of] p1a: Scovillain\n|move|p1a: Scovillain|Substitute|p1a: Scovillain\n|-fail|p1a: Scovillain|move: Substitute|[weak]\n|\n|-sideend|p2: ShaneWithMiku|Reflect\n|-ability|p1a: Scovillain|Moody|boost\n|-boost|p1a: Scovillain|spa|2\n|-unboost|p1a: Scovillain|def|1\n|upkeep\n|turn|14\n|-activate|p2a: He's not slow|item: Quick Claw\n|\n|t:|1700735318\n|move|p1a: Scovillain|Protect|p1a: Scovillain\n|-singleturn|p1a: Scovillain|Protect\n|move|p2a: He's not slow|Drain Punch|p1a: Scovillain\n|-activate|p1a: Scovillain|move: Protect\n|\n|-ability|p1a: Scovillain|Moody|boost\n|-boost|p1a: Scovillain|spa|2\n|-unboost|p1a: Scovillain|spe|1\n|upkeep\n|turn|15\n|-activate|p2a: He's not slow|ability: Quick Draw\n|\n|t:|1700735329\n|move|p2a: He's not slow|Drain Punch|p1a: Scovillain\n|-damage|p1a: Scovillain|0 fnt\n|-heal|p2a: He's not slow|93\/100|[from] drain|[of] p1a: Scovillain\n|faint|p1a: Scovillain\n|\n|upkeep\n|\n|t:|1700735337\n|switch|p1a: Tsareena|Tsareena, F|100\/100\n|turn|16\n|\n|t:|1700735352\n|move|p1a: Tsareena|Zen Headbutt|p2a: He's not slow\n|-damage|p2a: He's not slow|58\/100\n|-damage|p1a: Tsareena|91\/100|[from] item: Life Orb\n|cant|p2a: He's not slow|flinch\n|\n|upkeep\n|turn|17\n|-activate|p2a: He's not slow|item: Quick Claw\n|\n|t:|1700735364\n|move|p2a: He's not slow|Drain Punch|p1a: Tsareena\n|-damage|p1a: Tsareena|0 fnt\n|-heal|p2a: He's not slow|95\/100|[from] drain|[of] p1a: Tsareena\n|faint|p1a: Tsareena\n|\n|upkeep\n|-message|hamzahwillelanyou forfeited.\n|\n|win|ShaneWithMiku\n|raw|hamzahwillelanyou's rating: 1093 &rarr; <strong>1064<\/strong><br \/>(-29 for losing)\n|raw|ShaneWithMiku's rating: 1026 &rarr; <strong>1069<\/strong><br \/>(+43 for winning)\n|l|\u2606hamzahwillelanyou\n","uploadtime":1700735375,"views":4,"p1id":"hamzahwillelanyou","p2id":"shanewithmiku","formatid":"gen9anythinggoes","rating":1064,"private":0,"password":""}