{"id":"gen9anythinggoes-1989272862","p1":"DukeGoolies","p2":"LimerplazYT","format":"[Gen 9] Anything Goes","log":"|j|\u2606DukeGoolies\n|j|\u2606LimerplazYT\n|t:|1699830479\n|gametype|singles\n|player|p1|DukeGoolies|266|1015\n|player|p2|LimerplazYT|dawn|1073\n|teamsize|p1|6\n|teamsize|p2|6\n|gen|9\n|tier|[Gen 9] Anything Goes\n|rated|\n|rule|HP Percentage Mod: HP is shown in percentages\n|rule|Endless Battle Clause: Forcing endless battles is banned\n|clearpoke\n|poke|p1|Dragapult, M|\n|poke|p1|Clefable, F|\n|poke|p1|Iron Moth|\n|poke|p1|Torterra, F|\n|poke|p1|Azumarill, M|\n|poke|p1|Zapdos|\n|poke|p2|Maushold-Four|\n|poke|p2|Cyclizar, M|\n|poke|p2|Polteageist|\n|poke|p2|Azelf|\n|poke|p2|Weavile, F|\n|poke|p2|Starly, M|\n|teampreview\n|c|\u2606LimerplazYT|good luck\n|j| weechunk\n|c|\u2606LimerplazYT|hi\n|c| weechunk|hi\n|c|\u2606LimerplazYT|im your average youtuber with 23 subs asking for more\n|\n|t:|1699830533\n|start\n|switch|p1a: Clefable|Clefable, F|100\/100\n|switch|p2a: Care for Tea?|Polteageist, shiny|100\/100\n|turn|1\n|c|\u2606LimerplazYT|it would mean alot\n|\n|t:|1699830566\n|move|p2a: Care for Tea?|Shell Smash|p2a: Care for Tea?\n|-unboost|p2a: Care for Tea?|def|1\n|-unboost|p2a: Care for Tea?|spd|1\n|-boost|p2a: Care for Tea?|atk|2\n|-boost|p2a: Care for Tea?|spa|2\n|-boost|p2a: Care for Tea?|spe|2\n|move|p1a: Clefable|Stealth Rock|p2a: Care for Tea?\n|-sidestart|p2: LimerplazYT|move: Stealth Rock\n|\n|upkeep\n|turn|2\n|c| weechunk|whats you yt\n|c|\u2606LimerplazYT|Limerplaz\n|c| weechunk|its just cats\n|c|\u2606LimerplazYT|i play btd6 and minecraft\n|\n|t:|1699830610\n|move|p2a: Care for Tea?|Shell Smash|p2a: Care for Tea?\n|-unboost|p2a: Care for Tea?|def|1\n|-unboost|p2a: Care for Tea?|spd|1\n|-boost|p2a: Care for Tea?|atk|2\n|-boost|p2a: Care for Tea?|spa|2\n|-boost|p2a: Care for Tea?|spe|2\n|move|p1a: Clefable|Moonblast|p2a: Care for Tea?\n|-damage|p2a: Care for Tea?|25\/100\n|-unboost|p2a: Care for Tea?|spa|1\n|\n|upkeep\n|turn|3\n|c| weechunk|what is btd6\n|c|\u2606LimerplazYT|bloons\n|c| weechunk|no pokemonz?\n|c|\u2606LimerplazYT|not yet\n|\n|t:|1699830641\n|move|p2a: Care for Tea?|Endure|p2a: Care for Tea?\n|-singleturn|p2a: Care for Tea?|move: Endure\n|move|p1a: Clefable|Moonblast|p2a: Care for Tea?\n|-activate|p2a: Care for Tea?|move: Endure\n|-damage|p2a: Care for Tea?|1\/100\n|\n|upkeep\n|turn|4\n|\n|t:|1699830667\n|-terastallize|p2a: Care for Tea?|Psychic\n|move|p2a: Care for Tea?|Stored Power|p1a: Clefable\n|-damage|p1a: Clefable|0 fnt\n|faint|p1a: Clefable\n|\n|upkeep\n|c|\u2606LimerplazYT|sorry but the tea party is over\n|\n|t:|1699830707\n|switch|p1a: Iron Moth|Iron Moth|100\/100\n|-enditem|p1a: Iron Moth|Booster Energy\n|-activate|p1a: Iron Moth|ability: Quark Drive|[fromitem]\n|-start|p1a: Iron Moth|quarkdrivespe\n|turn|5\n|\n|t:|1699830756\n|move|p2a: Care for Tea?|Stored Power|p1a: Iron Moth\n|-supereffective|p1a: Iron Moth\n|-damage|p1a: Iron Moth|0 fnt\n|faint|p1a: Iron Moth\n|-end|p1a: Iron Moth|Quark Drive|[silent]\n|\n|upkeep\n|\n|t:|1699830763\n|switch|p1a: Torterra|Torterra, F|100\/100\n|turn|6\n|c|\u2606LimerplazYT|time for me to casually sweep with a tea pot\n|\n|t:|1699830804\n|move|p2a: Care for Tea?|Stored Power|p1a: Torterra\n|-damage|p1a: Torterra|0 fnt\n|faint|p1a: Torterra\n|\n|upkeep\n|\n|t:|1699830810\n|switch|p1a: Azumarill|Azumarill, M|100\/100\n|turn|7\n|\n|t:|1699830819\n|move|p1a: Azumarill|Aqua Jet|p2a: Care for Tea?\n|-damage|p2a: Care for Tea?|0 fnt\n|faint|p2a: Care for Tea?\n|\n|upkeep\n|\n|t:|1699830824\n|switch|p2a: NUKE|Azelf|100\/100\n|-damage|p2a: NUKE|88\/100|[from] Stealth Rock\n|turn|8\n|\n|t:|1699830838\n|move|p2a: NUKE|Explosion|p1a: Azumarill\n|-damage|p1a: Azumarill|0 fnt\n|faint|p2a: NUKE\n|faint|p1a: Azumarill\n|\n|upkeep\n|\n|t:|1699830866\n|switch|p2a: Weavile|Weavile, F|100\/100\n|switch|p1a: Zapdos|Zapdos|100\/100\n|-damage|p2a: Weavile|75\/100|[from] Stealth Rock\n|-ability|p2a: Weavile|Pressure\n|turn|9\n|c|\u2606DukeGoolies|cool ur good at pokemon u fuckin nerd\n|\n|t:|1699830899\n|move|p1a: Zapdos|Tailwind|p1a: Zapdos\n|-sidestart|p1: DukeGoolies|move: Tailwind\n|move|p2a: Weavile|Hone Claws|p2a: Weavile\n|-boost|p2a: Weavile|atk|1\n|-boost|p2a: Weavile|accuracy|1\n|\n|upkeep\n|turn|10\n|c|\u2606LimerplazYT|whats your problem\n|\n|t:|1699830913\n|move|p1a: Zapdos|Volt Switch|p2a: Weavile\n|-damage|p2a: Weavile|38\/100\n|\n|t:|1699830918\n|switch|p1a: Dragapult|Dragapult, M|100\/100|[from] Volt Switch\n|move|p2a: Weavile|Baton Pass|p2a: Weavile\n|\n|t:|1699830927\n|switch|p2a: BABY BOMB|Maushold-Four|100\/100|[from] Baton Pass\n|-damage|p2a: BABY BOMB|88\/100|[from] Stealth Rock\n|\n|upkeep\n|turn|11\n|\n|t:|1699830957\n|move|p1a: Dragapult|Dragon Darts|p2a: BABY BOMB\n|-damage|p2a: BABY BOMB|61\/100\n|-anim|p1a: Dragapult|Dragon Darts|p2a: BABY BOMB\n|-damage|p2a: BABY BOMB|31\/100\n|move|p2a: BABY BOMB|Shadow Claw|p1a: Dragapult\n|-supereffective|p1a: Dragapult\n|-damage|p1a: Dragapult|18\/100\n|\n|-heal|p1a: Dragapult|24\/100|[from] item: Leftovers\n|upkeep\n|turn|12\n|\n|t:|1699830991\n|switch|p2a: Cyclizar|Cyclizar, M|100\/100\n|-damage|p2a: Cyclizar|88\/100|[from] Stealth Rock\n|move|p1a: Dragapult|Dragon Darts|p2a: Cyclizar\n|-supereffective|p2a: Cyclizar\n|-damage|p2a: Cyclizar|47\/100\n|-anim|p1a: Dragapult|Dragon Darts|p2a: Cyclizar\n|-supereffective|p2a: Cyclizar\n|-damage|p2a: Cyclizar|9\/100\n|-enditem|p2a: Cyclizar|Aguav Berry|[eat]\n|-heal|p2a: Cyclizar|42\/100|[from] item: Aguav Berry\n|\n|-heal|p1a: Dragapult|30\/100|[from] item: Leftovers\n|-sideend|p1: DukeGoolies|move: Tailwind\n|upkeep\n|turn|13\n|c|\u2606LimerplazYT|salt alert?\n|\n|t:|1699831036\n|move|p2a: Cyclizar|Protect|p2a: Cyclizar\n|-singleturn|p2a: Cyclizar|Protect\n|move|p1a: Dragapult|Dragon Darts|p2a: Cyclizar\n|-activate|p2a: Cyclizar|move: Protect\n|\n|-heal|p1a: Dragapult|36\/100|[from] item: Leftovers\n|upkeep\n|turn|14\n|c|\u2606DukeGoolies|nerd alert\n|c|\u2606LimerplazYT|its just a game\n|\n|t:|1699831108\n|move|p1a: Dragapult|Dragon Darts|p2a: Cyclizar\n|-supereffective|p2a: Cyclizar\n|-damage|p2a: Cyclizar|2\/100\n|-anim|p1a: Dragapult|Dragon Darts|p2a: Cyclizar\n|-supereffective|p2a: Cyclizar\n|-damage|p2a: Cyclizar|0 fnt\n|faint|p2a: Cyclizar\n|\n|-heal|p1a: Dragapult|42\/100|[from] item: Leftovers\n|upkeep\n|c|\u2606LimerplazYT|well played\n|\n|t:|1699831123\n|switch|p2a: Weavile|Weavile, F|38\/100\n|-damage|p2a: Weavile|13\/100|[from] Stealth Rock\n|-ability|p2a: Weavile|Pressure\n|turn|15\n|c|\u2606DukeGoolies|speak for yourself bud my wife will leave me if i lose his game\n|c|\u2606LimerplazYT|sounds like a YOU problem\n|c| weechunk|i'm the wife\n|\n|t:|1699831158\n|switch|p1a: Zapdos|Zapdos|100\/100\n|move|p2a: Weavile|Ice Spinner|p1a: Zapdos\n|-supereffective|p1a: Zapdos\n|-damage|p1a: Zapdos|1\/100\n|-status|p2a: Weavile|par|[from] ability: Static|[of] p1a: Zapdos\n|\n|upkeep\n|turn|16\n|c| weechunk|that's why i'm here\n|\n|t:|1699831187\n|move|p1a: Zapdos|Volt Switch|p2a: Weavile\n|-damage|p2a: Weavile|0 fnt\n|faint|p2a: Weavile\n|c|\u2606LimerplazYT|o\n|\n|t:|1699831192\n|switch|p1a: Dragapult|Dragapult, M|42\/100|[from] Volt Switch\n|\n|-heal|p1a: Dragapult|48\/100|[from] item: Leftovers\n|upkeep\n|c|\u2606LimerplazYT|i thought it was a joke\n|c|\u2606LimerplazYT|I can let you win if you want\n|c| weechunk|no he has to win on his own\n|c|\u2606DukeGoolies|no shes watching shel know\n|c| weechunk|or i'll leave him\n|\n|t:|1699831240\n|switch|p2a: BABY BOMB|Maushold-Four|31\/100\n|-damage|p2a: BABY BOMB|18\/100|[from] Stealth Rock\n|turn|17\n|c|\u2606LimerplazYT|i have an almoast ded maushold and a bird\n|c|\u2606LimerplazYT|youve won\n|c| weechunk|Finish the game\n|\n|t:|1699831295\n|move|p1a: Dragapult|Dragon Darts|p2a: BABY BOMB\n|-damage|p2a: BABY BOMB|0 fnt\n|faint|p2a: BABY BOMB\n|\n|-heal|p1a: Dragapult|54\/100|[from] item: Leftovers\n|upkeep\n|c|\u2606LimerplazYT|o7\n|\n|t:|1699831305\n|switch|p2a: BIRB|Starly, M|100\/100\n|-damage|p2a: BIRB|76\/100|[from] Stealth Rock\n|turn|18\n|c|\u2606LimerplazYT|kill me\n|\n|t:|1699831348\n|move|p1a: Dragapult|Dragon Darts|p2a: BIRB\n|-damage|p2a: BIRB|0 fnt\n|faint|p2a: BIRB\n|\n|win|DukeGoolies\n|raw|DukeGoolies's rating: 1015 &rarr; <strong>1059<\/strong><br \/>(+44 for winning)\n|raw|LimerplazYT's rating: 1073 &rarr; <strong>1049<\/strong><br \/>(-24 for losing)\n","uploadtime":1699830869,"views":3,"p1id":"dukegoolies","p2id":"limerplazyt","formatid":"gen9anythinggoes","rating":1049,"private":0,"password":""}