{"id":"gen9anythinggoes-1975561266","p1":"l0l1 2.7","p2":"TreBucet","format":"[Gen 9] Anything Goes","log":"|j|\u2606l0l1 2.7\n|j|\u2606TreBucet\n|t:|1698205098\n|gametype|singles\n|player|p1|l0l1 2.7|twins-gen4|1047\n|player|p2|TreBucet|grimsley|1128\n|teamsize|p1|4\n|teamsize|p2|6\n|gen|9\n|tier|[Gen 9] Anything Goes\n|rated|\n|rule|HP Percentage Mod: HP is shown in percentages\n|rule|Endless Battle Clause: Forcing endless battles is banned\n|clearpoke\n|poke|p1|Kommo-o, F|\n|poke|p1|Cloyster, F|\n|poke|p1|Slaking, M|\n|poke|p1|Darkrai|\n|poke|p2|Baxcalibur, M|\n|poke|p2|Ninetales-Alola, F|\n|poke|p2|Dragapult, F|\n|poke|p2|Dragonite, F|\n|poke|p2|Kommo-o, M|\n|poke|p2|Basculegion-F, F|\n|teampreview\n|\n|t:|1698205105\n|start\n|switch|p1a: Darkrai|Darkrai|100\/100\n|switch|p2a: Ninetales|Ninetales-Alola, F|100\/100\n|-weather|Snow|[from] ability: Snow Warning|[of] p2a: Ninetales\n|turn|1\n|\n|t:|1698205121\n|move|p1a: Darkrai|Hypnosis|p2a: Ninetales|[miss]\n|-miss|p1a: Darkrai|p2a: Ninetales\n|move|p2a: Ninetales|Aurora Veil|p2a: Ninetales\n|-sidestart|p2: TreBucet|move: Aurora Veil\n|\n|-weather|Snow|[upkeep]\n|upkeep\n|turn|2\n|\n|t:|1698205131\n|move|p1a: Darkrai|Hypnosis|p2a: Ninetales|[miss]\n|-miss|p1a: Darkrai|p2a: Ninetales\n|move|p2a: Ninetales|Dazzling Gleam|p1a: Darkrai\n|-supereffective|p1a: Darkrai\n|-damage|p1a: Darkrai|23\/100\n|\n|-weather|Snow|[upkeep]\n|upkeep\n|turn|3\n|\n|t:|1698205143\n|switch|p2a: Baxcalibur|Baxcalibur, M|100\/100\n|move|p1a: Darkrai|Hypnosis|p2a: Baxcalibur|[miss]\n|-miss|p1a: Darkrai|p2a: Baxcalibur\n|\n|-weather|Snow|[upkeep]\n|upkeep\n|turn|4\n|\n|t:|1698205155\n|switch|p1a: Slaking|Slaking, M|100\/100\n|move|p2a: Baxcalibur|Glaive Rush|p1a: Slaking\n|-damage|p1a: Slaking|63\/100\n|-singlemove|p2a: Baxcalibur|Glaive Rush|[silent]\n|\n|-weather|Snow|[upkeep]\n|upkeep\n|turn|5\n|\n|t:|1698205167\n|move|p1a: Slaking|Fire Blast|p2a: Baxcalibur\n|-damage|p2a: Baxcalibur|69\/100\n|-ability|p2a: Baxcalibur|Thermal Exchange|boost\n|-boost|p2a: Baxcalibur|atk|1\n|-damage|p1a: Slaking|53\/100|[from] item: Life Orb\n|move|p2a: Baxcalibur|Avalanche|p1a: Slaking\n|-crit|p1a: Slaking\n|-damage|p1a: Slaking|0 fnt\n|faint|p1a: Slaking\n|\n|-weather|none\n|-heal|p2a: Baxcalibur|75\/100|[from] item: Leftovers\n|-sideend|p2: TreBucet|move: Aurora Veil\n|upkeep\n|\n|t:|1698205186\n|switch|p1a: Cloyster|Cloyster, F|100\/100\n|turn|6\n|\n|t:|1698205193\n|-terastallize|p1a: Cloyster|Water\n|move|p2a: Baxcalibur|Glaive Rush|p1a: Cloyster\n|-damage|p1a: Cloyster|24\/100\n|-singlemove|p2a: Baxcalibur|Glaive Rush|[silent]\n|move|p1a: Cloyster|Shell Smash|p1a: Cloyster\n|-unboost|p1a: Cloyster|def|1\n|-unboost|p1a: Cloyster|spd|1\n|-boost|p1a: Cloyster|atk|2\n|-boost|p1a: Cloyster|spa|2\n|-boost|p1a: Cloyster|spe|2\n|\n|-heal|p1a: Cloyster|30\/100|[from] item: Leftovers\n|-heal|p2a: Baxcalibur|81\/100|[from] item: Leftovers\n|upkeep\n|turn|7\n|\n|t:|1698205213\n|move|p1a: Cloyster|Liquidation|p2a: Baxcalibur\n|-resisted|p2a: Baxcalibur\n|-damage|p2a: Baxcalibur|13\/100\n|-unboost|p2a: Baxcalibur|def|1\n|move|p2a: Baxcalibur|Dragon Claw|p1a: Cloyster\n|-damage|p1a: Cloyster|0 fnt\n|faint|p1a: Cloyster\n|\n|-heal|p2a: Baxcalibur|19\/100|[from] item: Leftovers\n|upkeep\n|\n|t:|1698205226\n|switch|p1a: Kommo-o|Kommo-o, F|100\/100\n|turn|8\n|\n|t:|1698205232\n|move|p2a: Baxcalibur|Glaive Rush|p1a: Kommo-o\n|-supereffective|p1a: Kommo-o\n|-enditem|p1a: Kommo-o|Focus Sash\n|-damage|p1a: Kommo-o|1\/100\n|-singlemove|p2a: Baxcalibur|Glaive Rush|[silent]\n|move|p1a: Kommo-o|Metal Claw|p2a: Baxcalibur\n|-supereffective|p2a: Baxcalibur\n|-damage|p2a: Baxcalibur|0 fnt\n|faint|p2a: Baxcalibur\n|\n|upkeep\n|\n|t:|1698205243\n|switch|p2a: Dragapult|Dragapult, F|100\/100\n|turn|9\n|\n|t:|1698205251\n|-terastallize|p2a: Dragapult|Fairy\n|move|p2a: Dragapult|Dragon Darts|p1a: Kommo-o\n|-supereffective|p1a: Kommo-o\n|-damage|p1a: Kommo-o|0 fnt\n|faint|p1a: Kommo-o\n|-damage|p2a: Dragapult|91\/100|[from] item: Life Orb\n|\n|upkeep\n|\n|t:|1698205259\n|switch|p1a: Darkrai|Darkrai|23\/100\n|turn|10\n|\n|t:|1698205264\n|move|p2a: Dragapult|Thunder|p1a: Darkrai|[miss]\n|-miss|p2a: Dragapult|p1a: Darkrai\n|move|p1a: Darkrai|Hypnosis|p2a: Dragapult\n|-status|p2a: Dragapult|slp|[from] move: Hypnosis\n|\n|-damage|p2a: Dragapult|78\/100 slp|[from] ability: Bad Dreams|[of] p1a: Darkrai\n|upkeep\n|turn|11\n|\n|t:|1698205275\n|switch|p2a: Kommo-o|Kommo-o, M|100\/100\n|move|p1a: Darkrai|Substitute|p1a: Darkrai\n|-fail|p1a: Darkrai|move: Substitute|[weak]\n|\n|upkeep\n|turn|12\n|\n|t:|1698205282\n|move|p1a: Darkrai|Hypnosis|p2a: Kommo-o|[miss]\n|-miss|p1a: Darkrai|p2a: Kommo-o\n|move|p2a: Kommo-o|Aura Sphere|p1a: Darkrai\n|-supereffective|p1a: Darkrai\n|-damage|p1a: Darkrai|0 fnt\n|faint|p1a: Darkrai\n|\n|win|TreBucet\n|raw|l0l1 2.7's rating: 1047 &rarr; <strong>1034<\/strong><br \/>(-13 for losing)\n|raw|TreBucet's rating: 1128 &rarr; <strong>1147<\/strong><br \/>(+19 for winning)\n|c|\u2606TreBucet|ggwp\n|l|\u2606l0l1 2.7\n","uploadtime":1698205293,"views":6,"p1id":"l0l127","p2id":"trebucet","formatid":"gen9anythinggoes","rating":1034,"private":0,"password":""}