{"id":"gen9anythinggoes-1996765412","p1":"Deathdarkgon","p2":"little crystal egg","format":"[Gen 9] Anything Goes","log":"|j|\u2606Deathdarkgon\n|j|\u2606little crystal egg\n|t:|1700721498\n|gametype|singles\n|player|p1|Deathdarkgon|richboy-gen4|1056\n|player|p2|little crystal egg|hugh|1000\n|teamsize|p1|3\n|teamsize|p2|6\n|gen|9\n|tier|[Gen 9] Anything Goes\n|rated|\n|rule|HP Percentage Mod: HP is shown in percentages\n|rule|Endless Battle Clause: Forcing endless battles is banned\n|clearpoke\n|poke|p1|Clefable, M|\n|poke|p1|Ogerpon-Wellspring, F|\n|poke|p1|Pincurchin, F|\n|poke|p2|Pawmot, F|\n|poke|p2|Banette, M|\n|poke|p2|Lurantis, M|\n|poke|p2|Decidueye-Hisui, M|\n|poke|p2|Cinderace, F|\n|poke|p2|Goodra-Hisui, M|\n|teampreview\n|c|\u2606Deathdarkgon|Glhd\n|c|\u2606Deathdarkgon|Glhf*\n|\n|t:|1700721509\n|start\n|switch|p1a: W a l l|Clefable, M|100\/100\n|switch|p2a: Goodra|Goodra-Hisui, M|100\/100\n|turn|1\n|\n|t:|1700721518\n|move|p2a: Goodra|Fire Punch|p1a: W a l l\n|-damage|p1a: W a l l|80\/100\n|-status|p1a: W a l l|brn\n|move|p1a: W a l l|Cosmic Power|p1a: W a l l\n|-boost|p1a: W a l l|def|1\n|-boost|p1a: W a l l|spd|1\n|\n|-heal|p1a: W a l l|87\/100 brn|[from] item: Leftovers\n|upkeep\n|turn|2\n|\n|t:|1700721529\n|move|p2a: Goodra|Fire Punch|p1a: W a l l\n|-damage|p1a: W a l l|73\/100 brn\n|move|p1a: W a l l|Cosmic Power|p1a: W a l l\n|-boost|p1a: W a l l|def|1\n|-boost|p1a: W a l l|spd|1\n|\n|-heal|p1a: W a l l|79\/100 brn|[from] item: Leftovers\n|upkeep\n|turn|3\n|\n|t:|1700721539\n|move|p2a: Goodra|Fire Punch|p1a: W a l l\n|-damage|p1a: W a l l|68\/100 brn\n|move|p1a: W a l l|Cosmic Power|p1a: W a l l\n|-boost|p1a: W a l l|def|1\n|-boost|p1a: W a l l|spd|1\n|\n|-heal|p1a: W a l l|74\/100 brn|[from] item: Leftovers\n|upkeep\n|turn|4\n|\n|t:|1700721549\n|move|p2a: Goodra|Fire Punch|p1a: W a l l\n|-damage|p1a: W a l l|65\/100 brn\n|move|p1a: W a l l|Cosmic Power|p1a: W a l l\n|-boost|p1a: W a l l|def|1\n|-boost|p1a: W a l l|spd|1\n|\n|-heal|p1a: W a l l|71\/100 brn|[from] item: Leftovers\n|upkeep\n|turn|5\n|\n|t:|1700721559\n|move|p2a: Goodra|Fire Punch|p1a: W a l l\n|-damage|p1a: W a l l|63\/100 brn\n|move|p1a: W a l l|Cosmic Power|p1a: W a l l\n|-boost|p1a: W a l l|def|1\n|-boost|p1a: W a l l|spd|1\n|\n|-heal|p1a: W a l l|70\/100 brn|[from] item: Leftovers\n|upkeep\n|turn|6\n|\n|t:|1700721569\n|move|p2a: Goodra|Fire Punch|p1a: W a l l\n|-damage|p1a: W a l l|63\/100 brn\n|move|p1a: W a l l|Cosmic Power|p1a: W a l l\n|-boost|p1a: W a l l|def|1\n|-boost|p1a: W a l l|spd|1\n|\n|-heal|p1a: W a l l|69\/100 brn|[from] item: Leftovers\n|upkeep\n|turn|7\n|\n|t:|1700721579\n|move|p2a: Goodra|Fire Punch|p1a: W a l l\n|-damage|p1a: W a l l|63\/100 brn\n|move|p1a: W a l l|Substitute|p1a: W a l l\n|-start|p1a: W a l l|Substitute\n|-damage|p1a: W a l l|38\/100 brn\n|\n|-heal|p1a: W a l l|44\/100 brn|[from] item: Leftovers\n|upkeep\n|turn|8\n|\n|t:|1700721589\n|move|p2a: Goodra|Fire Punch|p1a: W a l l\n|-activate|p1a: W a l l|move: Substitute|[damage]\n|move|p1a: W a l l|Baton Pass|p1a: W a l l\n|\n|t:|1700721594\n|switch|p1a: Flood|Ogerpon-Wellspring, F|100\/100|[from] Baton Pass\n|\n|upkeep\n|turn|9\n|\n|t:|1700721602\n|move|p1a: Flood|Swords Dance|p1a: Flood\n|-boost|p1a: Flood|atk|2\n|move|p2a: Goodra|Fire Punch|p1a: Flood\n|-activate|p1a: Flood|move: Substitute|[damage]\n|\n|upkeep\n|turn|10\n|\n|t:|1700721612\n|move|p1a: Flood|Swords Dance|p1a: Flood\n|-boost|p1a: Flood|atk|2\n|move|p2a: Goodra|Body Press|p1a: Flood\n|-activate|p1a: Flood|move: Substitute|[damage]\n|\n|upkeep\n|turn|11\n|\n|t:|1700721624\n|switch|p2a: Decidueye|Decidueye-Hisui, M|100\/100\n|-terastallize|p1a: Flood|Water\n|detailschange|p1a: Flood|Ogerpon-Wellspring-Tera, F, tera:Water\n|move|p1a: Flood|Ivy Cudgel|p2a: Decidueye|[anim] Ivy Cudgel Water\n|-resisted|p2a: Decidueye\n|-damage|p2a: Decidueye|0 fnt\n|faint|p2a: Decidueye\n|\n|upkeep\n|\n|t:|1700721635\n|switch|p2a: Lurantis|Lurantis, M, shiny|100\/100\n|turn|12\n|\n|t:|1700721642\n|-terastallize|p2a: Lurantis|Dark\n|move|p1a: Flood|Play Rough|p2a: Lurantis\n|-supereffective|p2a: Lurantis\n|-damage|p2a: Lurantis|0 fnt\n|faint|p2a: Lurantis\n|\n|upkeep\n|\n|t:|1700721651\n|switch|p2a: Cinderace|Cinderace, F|100\/100\n|turn|13\n|\n|t:|1700721655\n|move|p1a: Flood|Ivy Cudgel|p2a: Cinderace|[anim] Ivy Cudgel Water\n|-supereffective|p2a: Cinderace\n|-damage|p2a: Cinderace|0 fnt\n|faint|p2a: Cinderace\n|\n|upkeep\n|-message|little crystal egg forfeited.\n|\n|win|Deathdarkgon\n|raw|Deathdarkgon's rating: 1056 &rarr; <strong>1083<\/strong><br \/>(+27 for winning)\n|raw|little crystal egg's rating: 1000 &rarr; <strong>1000<\/strong><br \/>(+0 for losing)\n|l|\u2606little crystal egg\n|c|\u2606Deathdarkgon|Gg\n","uploadtime":1700721670,"views":1,"p1id":"deathdarkgon","p2id":"littlecrystalegg","formatid":"gen9anythinggoes","rating":1000,"private":0,"password":""}