{"id":"gen9anythinggoes-1972729316","p1":"ash_wastakenxd","p2":"Dumbfudge","format":"[Gen 9] Anything Goes","log":"|j|\u2606ash_wastakenxd\n|j|\u2606Dumbfudge\n|t:|1697885899\n|gametype|singles\n|player|p1|ash_wastakenxd|cynthia-masters3|1271\n|player|p2|Dumbfudge|blackbelt-gen4dp|1248\n|teamsize|p1|6\n|teamsize|p2|6\n|gen|9\n|tier|[Gen 9] Anything Goes\n|rated|\n|rule|HP Percentage Mod: HP is shown in percentages\n|rule|Endless Battle Clause: Forcing endless battles is banned\n|clearpoke\n|poke|p1|Arceus|\n|poke|p1|Arceus-Ghost|\n|poke|p1|Arceus-Fairy|\n|poke|p1|Arceus-Dragon|\n|poke|p1|Arceus-Ice|\n|poke|p1|Arceus-Psychic|\n|poke|p2|Espathra, M|\n|poke|p2|Darkrai|\n|poke|p2|Breloom, F|\n|poke|p2|Tyranitar, F|\n|poke|p2|Calyrex-Shadow|\n|poke|p2|Grimmsnarl, M|\n|teampreview\n|inactive|Battle timer is ON: inactive players will automatically lose when time's up. (requested by ash_wastakenxd)\n|c|\u2606Dumbfudge|Hey again lol\n|c|\u2606Dumbfudge|i might leave early cuz i have to pick someone up\n|\n|t:|1697885927\n|start\n|switch|p1a: Arceus|Arceus|100\/100\n|switch|p2a: DarkraiEV|Darkrai|100\/100\n|turn|1\n|c|\u2606ash_wastakenxd|yea\n|\n|t:|1697885950\n|move|p2a: DarkraiEV|Hypnosis|p1a: Arceus\n|-status|p1a: Arceus|slp|[from] move: Hypnosis\n|cant|p1a: Arceus|slp\n|\n|-damage|p1a: Arceus|88\/100 slp|[from] ability: Bad Dreams|[of] p2a: DarkraiEV\n|upkeep\n|turn|2\n|\n|t:|1697885959\n|move|p2a: DarkraiEV|Dark Pulse|p1a: Arceus\n|-damage|p1a: Arceus|65\/100 slp\n|-curestatus|p1a: Arceus|slp|[msg]\n|cant|p1a: Arceus|flinch\n|\n|upkeep\n|turn|3\n|\n|t:|1697885967\n|move|p2a: DarkraiEV|Hypnosis|p1a: Arceus\n|-status|p1a: Arceus|slp|[from] move: Hypnosis\n|cant|p1a: Arceus|slp\n|\n|-damage|p1a: Arceus|53\/100 slp|[from] ability: Bad Dreams|[of] p2a: DarkraiEV\n|upkeep\n|turn|4\n|\n|t:|1697885975\n|move|p2a: DarkraiEV|Dark Pulse|p1a: Arceus\n|-damage|p1a: Arceus|29\/100 slp\n|cant|p1a: Arceus|slp\n|\n|-damage|p1a: Arceus|17\/100 slp|[from] ability: Bad Dreams|[of] p2a: DarkraiEV\n|upkeep\n|turn|5\n|\n|t:|1697885983\n|cant|p1a: Arceus|slp\n|move|p2a: DarkraiEV|Dark Pulse|p1a: Arceus\n|-damage|p1a: Arceus|0 fnt\n|faint|p1a: Arceus\n|\n|upkeep\n|\n|t:|1697885999\n|switch|p1a: Arceus|Arceus-Ghost|100\/100\n|turn|6\n|\n|t:|1697886007\n|move|p1a: Arceus|Extreme Speed|p2a: DarkraiEV\n|-damage|p2a: DarkraiEV|77\/100\n|move|p2a: DarkraiEV|Hypnosis|p1a: Arceus\n|-status|p1a: Arceus|slp|[from] move: Hypnosis\n|\n|-damage|p1a: Arceus|88\/100 slp|[from] ability: Bad Dreams|[of] p2a: DarkraiEV\n|upkeep\n|turn|7\n|\n|t:|1697886018\n|move|p2a: DarkraiEV|Dark Pulse|p1a: Arceus\n|-supereffective|p1a: Arceus\n|-damage|p1a: Arceus|28\/100 slp\n|cant|p1a: Arceus|slp\n|\n|-damage|p1a: Arceus|15\/100 slp|[from] ability: Bad Dreams|[of] p2a: DarkraiEV\n|upkeep\n|turn|8\n|\n|t:|1697886026\n|move|p2a: DarkraiEV|Dark Pulse|p1a: Arceus\n|-supereffective|p1a: Arceus\n|-damage|p1a: Arceus|0 fnt\n|faint|p1a: Arceus\n|\n|upkeep\n|\n|t:|1697886034\n|switch|p1a: Arceus|Arceus-Ice|100\/100\n|turn|9\n|\n|t:|1697886039\n|move|p2a: DarkraiEV|Hypnosis|p1a: Arceus|[miss]\n|-miss|p2a: DarkraiEV|p1a: Arceus\n|move|p1a: Arceus|Judgment|p2a: DarkraiEV\n|-damage|p2a: DarkraiEV|10\/100\n|\n|upkeep\n|turn|10\n|\n|t:|1697886047\n|move|p2a: DarkraiEV|Dark Pulse|p1a: Arceus\n|-damage|p1a: Arceus|74\/100\n|move|p1a: Arceus|Judgment|p2a: DarkraiEV\n|-damage|p2a: DarkraiEV|0 fnt\n|faint|p2a: DarkraiEV\n|\n|upkeep\n|\n|t:|1697886055\n|switch|p2a: Grimmsnarl|Grimmsnarl, M|100\/100\n|turn|11\n|\n|t:|1697886064\n|move|p2a: Grimmsnarl|Light Screen|p2a: Grimmsnarl\n|-sidestart|p2: Dumbfudge|move: Light Screen\n|move|p1a: Arceus|Judgment|p2a: Grimmsnarl\n|-damage|p2a: Grimmsnarl|70\/100\n|\n|upkeep\n|turn|12\n|\n|t:|1697886080\n|switch|p1a: Arceus|Arceus-Psychic|100\/100\n|move|p2a: Grimmsnarl|Sucker Punch||[still]\n|-fail|p2a: Grimmsnarl\n|\n|upkeep\n|turn|13\n|\n|t:|1697886087\n|move|p2a: Grimmsnarl|Reflect|p2a: Grimmsnarl\n|-sidestart|p2: Dumbfudge|Reflect\n|move|p1a: Arceus|Calm Mind|p1a: Arceus\n|-boost|p1a: Arceus|spa|1\n|-boost|p1a: Arceus|spd|1\n|\n|upkeep\n|turn|14\n|\n|t:|1697886098\n|move|p2a: Grimmsnarl|Taunt|p1a: Arceus\n|-start|p1a: Arceus|move: Taunt\n|cant|p1a: Arceus|move: Taunt|Calm Mind\n|\n|upkeep\n|turn|15\n|\n|t:|1697886106\n|-terastallize|p1a: Arceus|Dark\n|move|p2a: Grimmsnarl|Sucker Punch|p1a: Arceus\n|-resisted|p1a: Arceus\n|-damage|p1a: Arceus|91\/100\n|move|p1a: Arceus|Judgment|p2a: Grimmsnarl\n|-immune|p2a: Grimmsnarl\n|\n|-sideend|p2: Dumbfudge|move: Light Screen\n|upkeep\n|turn|16\n|\n|t:|1697886116\n|move|p2a: Grimmsnarl|Light Screen|p2a: Grimmsnarl\n|-sidestart|p2: Dumbfudge|move: Light Screen\n|move|p1a: Arceus|Tera Blast|p2a: Grimmsnarl|[anim] Tera Blast Dark\n|-resisted|p2a: Grimmsnarl\n|-damage|p2a: Grimmsnarl|64\/100\n|\n|-end|p1a: Arceus|move: Taunt\n|upkeep\n|turn|17\n|\n|t:|1697886131\n|switch|p1a: Arceus|Arceus-Fairy|100\/100\n|move|p2a: Grimmsnarl|Taunt|p1a: Arceus\n|-start|p1a: Arceus|move: Taunt\n|\n|-sideend|p2: Dumbfudge|Reflect\n|upkeep\n|turn|18\n|\n|t:|1697886139\n|move|p2a: Grimmsnarl|Reflect|p2a: Grimmsnarl\n|-sidestart|p2: Dumbfudge|Reflect\n|move|p1a: Arceus|Judgment|p2a: Grimmsnarl\n|-supereffective|p2a: Grimmsnarl\n|-damage|p2a: Grimmsnarl|7\/100\n|\n|upkeep\n|turn|19\n|\n|t:|1697886145\n|move|p1a: Arceus|Extreme Speed|p2a: Grimmsnarl\n|-damage|p2a: Grimmsnarl|0 fnt\n|-damage|p1a: Arceus|84\/100|[from] item: Rocky Helmet|[of] p2a: Grimmsnarl\n|faint|p2a: Grimmsnarl\n|\n|-end|p1a: Arceus|move: Taunt\n|upkeep\n|\n|t:|1697886154\n|switch|p2a: Calyrex|Calyrex-Shadow|100\/100\n|-ability|p2a: Calyrex|As One\n|-ability|p2a: Calyrex|Unnerve\n|turn|20\n|\n|t:|1697886177\n|move|p2a: Calyrex|Astral Barrage|p1a: Arceus\n|-damage|p1a: Arceus|21\/100\n|move|p1a: Arceus|Judgment|p2a: Calyrex\n|-damage|p2a: Calyrex|69\/100\n|\n|-heal|p2a: Calyrex|75\/100|[from] item: Leftovers\n|-sideend|p2: Dumbfudge|move: Light Screen\n|upkeep\n|turn|21\n|\n|t:|1697886197\n|move|p2a: Calyrex|Astral Barrage|p1a: Arceus\n|-damage|p1a: Arceus|0 fnt\n|faint|p1a: Arceus\n|-ability|p2a: Calyrex|Grim Neigh|boost\n|-boost|p2a: Calyrex|spa|1\n|\n|-heal|p2a: Calyrex|81\/100|[from] item: Leftovers\n|upkeep\n|\n|t:|1697886202\n|switch|p1a: Arceus|Arceus-Dragon|100\/100\n|turn|22\n|\n|t:|1697886215\n|move|p2a: Calyrex|Light Screen|p2a: Calyrex\n|-sidestart|p2: Dumbfudge|move: Light Screen\n|move|p1a: Arceus|Judgment|p2a: Calyrex\n|-crit|p2a: Calyrex\n|-damage|p2a: Calyrex|0 fnt\n|faint|p2a: Calyrex\n|\n|-sideend|p2: Dumbfudge|Reflect\n|upkeep\n|\n|t:|1697886230\n|switch|p2a: Espathra|Espathra, M|100\/100\n|turn|23\n|inactive|ash_wastakenxd has 120 seconds left.\n|\n|t:|1697886253\n|move|p1a: Arceus|Judgment|p2a: Espathra\n|-damage|p2a: Espathra|59\/100\n|move|p2a: Espathra|Substitute|p2a: Espathra\n|-start|p2a: Espathra|Substitute\n|-damage|p2a: Espathra|35\/100\n|\n|-ability|p2a: Espathra|Speed Boost|boost\n|-boost|p2a: Espathra|spe|1\n|upkeep\n|turn|24\n|inactive|ash_wastakenxd has 120 seconds left.\n|-activate|p2a: Espathra|item: Quick Claw\n|\n|t:|1697886268\n|move|p2a: Espathra|Calm Mind|p2a: Espathra\n|-boost|p2a: Espathra|spa|1\n|-boost|p2a: Espathra|spd|1\n|move|p1a: Arceus|Judgment|p2a: Espathra\n|-end|p2a: Espathra|Substitute\n|\n|-ability|p2a: Espathra|Speed Boost|boost\n|-boost|p2a: Espathra|spe|1\n|upkeep\n|turn|25\n|inactive|ash_wastakenxd has 120 seconds left.\n|\n|t:|1697886280\n|move|p2a: Espathra|Substitute|p2a: Espathra\n|-start|p2a: Espathra|Substitute\n|-damage|p2a: Espathra|10\/100\n|move|p1a: Arceus|Judgment|p2a: Espathra\n|-activate|p2a: Espathra|move: Substitute|[damage]\n|\n|-ability|p2a: Espathra|Speed Boost|boost\n|-boost|p2a: Espathra|spe|1\n|upkeep\n|turn|26\n|\n|t:|1697886289\n|move|p2a: Espathra|Stored Power|p1a: Arceus\n|-damage|p1a: Arceus|55\/100\n|move|p1a: Arceus|Judgment|p2a: Espathra\n|-end|p2a: Espathra|Substitute\n|\n|-sideend|p2: Dumbfudge|move: Light Screen\n|-ability|p2a: Espathra|Speed Boost|boost\n|-boost|p2a: Espathra|spe|1\n|upkeep\n|turn|27\n|\n|t:|1697886301\n|move|p2a: Espathra|Baton Pass|p2a: Espathra\n|\n|t:|1697886303\n|switch|p2a: Breloom|Breloom, F|100\/100|[from] Baton Pass\n|move|p1a: Arceus|Judgment|p2a: Breloom\n|-damage|p2a: Breloom|35\/100\n|\n|upkeep\n|turn|28\n|\n|t:|1697886315\n|move|p2a: Breloom|Spore|p1a: Arceus\n|-status|p1a: Arceus|slp|[from] move: Spore\n|cant|p1a: Arceus|slp\n|\n|upkeep\n|turn|29\n|c|\u2606ash_wastakenxd|annoying  spore\n|inactive|ash_wastakenxd has 120 seconds left.\n|\n|t:|1697886345\n|move|p2a: Breloom|Leech Seed|p1a: Arceus\n|-start|p1a: Arceus|move: Leech Seed\n|cant|p1a: Arceus|slp\n|\n|-damage|p1a: Arceus|43\/100 slp|[from] Leech Seed|[of] p2a: Breloom\n|-heal|p2a: Breloom|49\/100|[silent]\n|upkeep\n|turn|30\n|\n|t:|1697886352\n|move|p2a: Breloom|Substitute|p2a: Breloom\n|-start|p2a: Breloom|Substitute\n|-damage|p2a: Breloom|24\/100\n|-curestatus|p1a: Arceus|slp|[msg]\n|move|p1a: Arceus|Ice Beam|p2a: Breloom\n|-supereffective|p2a: Breloom\n|-end|p2a: Breloom|Substitute\n|\n|-damage|p1a: Arceus|30\/100|[from] Leech Seed|[of] p2a: Breloom\n|-heal|p2a: Breloom|39\/100|[silent]\n|upkeep\n|turn|31\n|\n|t:|1697886362\n|move|p2a: Breloom|Spore|p1a: Arceus\n|-status|p1a: Arceus|slp|[from] move: Spore\n|cant|p1a: Arceus|slp\n|\n|-damage|p1a: Arceus|18\/100 slp|[from] Leech Seed|[of] p2a: Breloom\n|-heal|p2a: Breloom|53\/100|[silent]\n|upkeep\n|turn|32\n|\n|t:|1697886372\n|move|p2a: Breloom|Substitute|p2a: Breloom\n|-start|p2a: Breloom|Substitute\n|-damage|p2a: Breloom|28\/100\n|cant|p1a: Arceus|slp\n|\n|-damage|p1a: Arceus|6\/100 slp|[from] Leech Seed|[of] p2a: Breloom\n|-heal|p2a: Breloom|43\/100|[silent]\n|upkeep\n|turn|33\n|\n|t:|1697886380\n|-singleturn|p2a: Breloom|move: Focus Punch\n|-curestatus|p1a: Arceus|slp|[msg]\n|move|p1a: Arceus|Recover|p1a: Arceus\n|-heal|p1a: Arceus|56\/100\n|move|p2a: Breloom|Focus Punch|p1a: Arceus\n|-damage|p1a: Arceus|11\/100\n|\n|-damage|p1a: Arceus|0 fnt|[from] Leech Seed|[of] p2a: Breloom\n|-heal|p2a: Breloom|55\/100|[silent]\n|faint|p1a: Arceus\n|upkeep\n|\n|t:|1697886384\n|switch|p1a: Arceus|Arceus-Psychic, tera:Dark|91\/100\n|turn|34\n|\n|t:|1697886395\n|move|p2a: Breloom|Spore|p1a: Arceus\n|-status|p1a: Arceus|slp|[from] move: Spore\n|cant|p1a: Arceus|slp\n|\n|upkeep\n|turn|35\n|\n|t:|1697886401\n|move|p2a: Breloom|Leech Seed|p1a: Arceus\n|-start|p1a: Arceus|move: Leech Seed\n|cant|p1a: Arceus|slp\n|\n|-damage|p1a: Arceus|78\/100 slp|[from] Leech Seed|[of] p2a: Breloom\n|-heal|p2a: Breloom|72\/100|[silent]\n|upkeep\n|turn|36\n|\n|t:|1697886409\n|-singleturn|p2a: Breloom|move: Focus Punch\n|cant|p1a: Arceus|slp\n|move|p2a: Breloom|Focus Punch|p1a: Arceus\n|-supereffective|p1a: Arceus\n|-damage|p1a: Arceus|0 fnt\n|faint|p1a: Arceus\n|\n|upkeep\n|\n|t:|1697886415\n|switch|p1a: Arceus|Arceus-Ice|74\/100\n|turn|37\n|\n|t:|1697886421\n|move|p2a: Breloom|Spore|p1a: Arceus\n|-status|p1a: Arceus|slp|[from] move: Spore\n|cant|p1a: Arceus|slp\n|\n|upkeep\n|turn|38\n|c|\u2606ash_wastakenxd|dude stop it\n|\n|t:|1697886433\n|move|p2a: Breloom|Leech Seed|p1a: Arceus\n|-start|p1a: Arceus|move: Leech Seed\n|cant|p1a: Arceus|slp\n|\n|-damage|p1a: Arceus|62\/100 slp|[from] Leech Seed|[of] p2a: Breloom\n|-heal|p2a: Breloom|87\/100|[silent]\n|upkeep\n|turn|39\n|\n|t:|1697886450\n|-singleturn|p2a: Breloom|move: Focus Punch\n|-curestatus|p1a: Arceus|slp|[msg]\n|move|p1a: Arceus|Flamethrower|p2a: Breloom\n|-supereffective|p2a: Breloom\n|-end|p2a: Breloom|Substitute\n|move|p2a: Breloom|Focus Punch|p1a: Arceus\n|-supereffective|p1a: Arceus\n|-damage|p1a: Arceus|0 fnt\n|faint|p1a: Arceus\n|\n|win|Dumbfudge\n|raw|ash_wastakenxd's rating: 1271 &rarr; <strong>1244<\/strong><br \/>(-27 for losing)\n|raw|Dumbfudge's rating: 1248 &rarr; <strong>1275<\/strong><br \/>(+27 for winning)\n|c|\u2606Dumbfudge|You want a grass type\n","uploadtime":1697886470,"views":5,"p1id":"ashwastakenxd","p2id":"dumbfudge","formatid":"gen9anythinggoes","rating":1244,"private":0,"password":""}