{"id":"gen9anythinggoes-1979566387","p1":"Max G&K974","p2":"1400\/999z","format":"[Gen 9] Anything Goes","log":"|j|\u2606Max G&K974\n|j|\u26061400\/999z\n|t:|1698692836\n|gametype|singles\n|player|p1|Max G&K974|kieran|1301\n|player|p2|1400\/999z|101|1265\n|teamsize|p1|6\n|teamsize|p2|6\n|gen|9\n|tier|[Gen 9] Anything Goes\n|rated|\n|rule|HP Percentage Mod: HP is shown in percentages\n|rule|Endless Battle Clause: Forcing endless battles is banned\n|clearpoke\n|poke|p1|Houndstone, M|\n|poke|p1|Spectrier|\n|poke|p1|Clodsire, M|\n|poke|p1|Garchomp, M|\n|poke|p1|Mimikyu, M|\n|poke|p1|Skeledirge, M|\n|poke|p2|Calyrex-Shadow|\n|poke|p2|Koraidon|\n|poke|p2|Chi-Yu|\n|poke|p2|Ceruledge, F|\n|poke|p2|Flutter Mane|\n|poke|p2|Great Tusk|\n|teampreview\n|inactive|Battle timer is ON: inactive players will automatically lose when time's up. (requested by 1400\/999z)\n|\n|t:|1698692849\n|start\n|switch|p1a: boi|Clodsire, M|100\/100\n|switch|p2a: Koraidon|Koraidon|100\/100\n|-weather|SunnyDay|[from] ability: Orichalcum Pulse|[of] p2a: Koraidon\n|-activate|p2a: Koraidon|Orichalcum Pulse|[source]\n|turn|1\n|\n|t:|1698692859\n|move|p2a: Koraidon|Swords Dance|p2a: Koraidon\n|-boost|p2a: Koraidon|atk|2\n|move|p1a: boi|Stealth Rock|p2a: Koraidon\n|-sidestart|p2: 1400\/999z|move: Stealth Rock\n|\n|-weather|SunnyDay|[upkeep]\n|upkeep\n|turn|2\n|\n|t:|1698692862\n|move|p2a: Koraidon|Flame Charge|p1a: boi\n|-damage|p1a: boi|70\/100\n|-boost|p2a: Koraidon|spe|1\n|move|p1a: boi|Toxic|p2a: Koraidon\n|-status|p2a: Koraidon|tox\n|\n|-weather|SunnyDay|[upkeep]\n|-heal|p1a: boi|76\/100|[from] item: Leftovers\n|-damage|p2a: Koraidon|94\/100 tox|[from] psn\n|upkeep\n|turn|3\n|\n|t:|1698692870\n|move|p2a: Koraidon|Flame Charge|p1a: boi\n|-damage|p1a: boi|45\/100\n|-boost|p2a: Koraidon|spe|1\n|move|p1a: boi|Gunk Shot|p2a: Koraidon|[miss]\n|-miss|p1a: boi|p2a: Koraidon\n|\n|-weather|SunnyDay|[upkeep]\n|-heal|p1a: boi|51\/100|[from] item: Leftovers\n|-damage|p2a: Koraidon|82\/100 tox|[from] psn\n|upkeep\n|turn|4\n|\n|t:|1698692878\n|move|p2a: Koraidon|Outrage|p1a: boi\n|-damage|p1a: boi|0 fnt\n|faint|p1a: boi\n|\n|-weather|SunnyDay|[upkeep]\n|-damage|p2a: Koraidon|64\/100 tox|[from] psn\n|upkeep\n|\n|t:|1698692882\n|switch|p1a: Mimikyu|Mimikyu, M, shiny|100\/100\n|turn|5\n|\n|t:|1698692887\n|move|p2a: Koraidon|Outrage|p1a: Mimikyu|[from]lockedmove\n|-immune|p1a: Mimikyu\n|move|p1a: Mimikyu|Swords Dance|p1a: Mimikyu\n|-boost|p1a: Mimikyu|atk|2\n|\n|-weather|SunnyDay|[upkeep]\n|-damage|p2a: Koraidon|39\/100 tox|[from] psn\n|upkeep\n|turn|6\n|\n|t:|1698692902\n|switch|p2a: Chi-Yu|Chi-Yu|100\/100\n|-damage|p2a: Chi-Yu|76\/100|[from] Stealth Rock\n|-ability|p2a: Chi-Yu|Beads of Ruin\n|move|p1a: Mimikyu|Play Rough|p2a: Chi-Yu\n|-damage|p2a: Chi-Yu|0 fnt\n|faint|p2a: Chi-Yu\n|-damage|p1a: Mimikyu|91\/100|[from] item: Life Orb\n|\n|-weather|SunnyDay|[upkeep]\n|upkeep\n|\n|t:|1698692913\n|switch|p2a: Flutter Mane|Flutter Mane|100\/100\n|-damage|p2a: Flutter Mane|88\/100|[from] Stealth Rock\n|-activate|p2a: Flutter Mane|ability: Protosynthesis\n|-start|p2a: Flutter Mane|protosynthesisspe\n|turn|7\n|\n|t:|1698692928\n|move|p1a: Mimikyu|Shadow Sneak|p2a: Flutter Mane\n|-supereffective|p2a: Flutter Mane\n|-damage|p2a: Flutter Mane|0 fnt\n|faint|p2a: Flutter Mane\n|-end|p2a: Flutter Mane|Protosynthesis|[silent]\n|-damage|p1a: Mimikyu|81\/100|[from] item: Life Orb\n|\n|-weather|SunnyDay|[upkeep]\n|upkeep\n|\n|t:|1698692932\n|switch|p2a: Great Tusk|Great Tusk|100\/100\n|-damage|p2a: Great Tusk|98\/100|[from] Stealth Rock\n|-activate|p2a: Great Tusk|ability: Protosynthesis\n|-start|p2a: Great Tusk|protosynthesisatk\n|turn|8\n|\n|t:|1698692938\n|move|p1a: Mimikyu|Play Rough|p2a: Great Tusk\n|-supereffective|p2a: Great Tusk\n|-damage|p2a: Great Tusk|0 fnt\n|-damage|p1a: Mimikyu|64\/100|[from] item: Rocky Helmet|[of] p2a: Great Tusk\n|faint|p2a: Great Tusk\n|-end|p2a: Great Tusk|Protosynthesis|[silent]\n|-damage|p1a: Mimikyu|54\/100|[from] item: Life Orb\n|\n|-weather|none\n|upkeep\n|\n|t:|1698692942\n|switch|p2a: Calyrex|Calyrex-Shadow|100\/100\n|-ability|p2a: Calyrex|As One\n|-ability|p2a: Calyrex|Unnerve\n|-damage|p2a: Calyrex|88\/100|[from] Stealth Rock\n|turn|9\n|\n|t:|1698692952\n|move|p1a: Mimikyu|Shadow Sneak|p2a: Calyrex\n|-supereffective|p2a: Calyrex\n|-damage|p2a: Calyrex|0 fnt\n|faint|p2a: Calyrex\n|-damage|p1a: Mimikyu|44\/100|[from] item: Life Orb\n|\n|upkeep\n|-message|1400\/999z forfeited.\n|\n|win|Max G&K974\n|raw|Max G&amp;K974's rating: 1301 &rarr; <strong>1319<\/strong><br \/>(+18 for winning)\n|raw|1400&#x2f;999z's rating: 1265 &rarr; <strong>1243<\/strong><br \/>(-22 for losing)\n|l|\u26061400\/999z\n","uploadtime":1698692963,"views":14,"p1id":"maxgk974","p2id":"1400999z","formatid":"gen9anythinggoes","rating":1243,"private":0,"password":""}