{"id":"gen9anythinggoes-1994777516","p1":"pokemon tax agency","p2":"Hifive5TheDarkWolf","format":"[Gen 9] Anything Goes","log":"|j|\u2606pokemon tax agency\n|j|\u2606Hifive5TheDarkWolf\n|inactive|Battle timer is ON: inactive players will automatically lose when time's up.\n|t:|1700491773\n|gametype|singles\n|player|p1|pokemon tax agency|saguaro|\n|player|p2|Hifive5TheDarkWolf|benga|\n|teamsize|p1|6\n|teamsize|p2|6\n|gen|9\n|tier|[Gen 9] Anything Goes\n|rated|Tournament battle\n|rule|HP Percentage Mod: HP is shown in percentages\n|rule|Endless Battle Clause: Forcing endless battles is banned\n|clearpoke\n|poke|p1|Arceus|\n|poke|p1|Koraidon|\n|poke|p1|Calyrex-Shadow|\n|poke|p1|Ting-Lu|\n|poke|p1|Landorus-Therian, M|\n|poke|p1|Arceus-Fairy|\n|poke|p2|Zacian-*|\n|poke|p2|Giratina-Origin|\n|poke|p2|Ting-Lu|\n|poke|p2|Arceus|\n|poke|p2|Koraidon|\n|poke|p2|Toxapex, M|\n|teampreview\n|\n|t:|1700491781\n|start\n|switch|p1a: Landorus|Landorus-Therian, M|100\/100\n|switch|p2a: Zacian|Zacian-Crowned|100\/100\n|-ability|p2a: Zacian|Intrepid Sword|boost\n|-boost|p2a: Zacian|atk|1\n|-ability|p1a: Landorus|Intimidate|boost\n|-unboost|p2a: Zacian|atk|1\n|turn|1\n|c|\u2606Hifive5TheDarkWolf|Good luck and have fun\n|c|\u2606pokemon tax agency|glhf\n|j| laprasplayer\n|c| laprasplayer|man you shouldve brought your umbreon team\n|inactive|Hifive5TheDarkWolf has 120 seconds left.\n|\n|t:|1700491814\n|move|p2a: Zacian|Behemoth Blade|p1a: Landorus\n|-crit|p1a: Landorus\n|-damage|p1a: Landorus|35\/100\n|-damage|p2a: Zacian|84\/100|[from] item: Rocky Helmet|[of] p1a: Landorus\n|move|p1a: Landorus|Earthquake|p2a: Zacian\n|-supereffective|p2a: Zacian\n|-crit|p2a: Zacian\n|-damage|p2a: Zacian|0 fnt\n|faint|p2a: Zacian\n|\n|upkeep\n|j| N_4_real\n|inactive|Hifive5TheDarkWolf has 120 seconds left.\n|\n|t:|1700491824\n|switch|p2a: Toxapex|Toxapex, M|100\/100\n|turn|2\n|inactive|Hifive5TheDarkWolf has 120 seconds left.\n|c| N_4_real|ok i'm heree\n|c|\u2606Hifive5TheDarkWolf|Ok\n|j| Juchan\/marie\n|c| N_4_real|good luck you guys\n|inactive|pokemon tax agency has 120 seconds left.\n|\n|t:|1700491861\n|move|p2a: Toxapex|Baneful Bunker|p2a: Toxapex\n|-singleturn|p2a: Toxapex|move: Protect\n|move|p1a: Landorus|Taunt|p2a: Toxapex\n|-activate|p2a: Toxapex|move: Protect\n|\n|upkeep\n|turn|3\n|c|\u2606Hifive5TheDarkWolf|Thanks\n|\n|t:|1700491867\n|move|p1a: Landorus|Stealth Rock|p2a: Toxapex\n|-sidestart|p2: Hifive5TheDarkWolf|move: Stealth Rock\n|move|p2a: Toxapex|Toxic|p1a: Landorus\n|-status|p1a: Landorus|tox\n|\n|-damage|p1a: Landorus|29\/100 tox|[from] psn\n|upkeep\n|turn|4\n|\n|t:|1700491874\n|move|p1a: Landorus|Taunt|p2a: Toxapex\n|-start|p2a: Toxapex|move: Taunt\n|cant|p2a: Toxapex|move: Taunt|Haze\n|\n|-damage|p1a: Landorus|17\/100 tox|[from] psn\n|upkeep\n|turn|5\n|\n|t:|1700491896\n|move|p1a: Landorus|Earthquake|p2a: Toxapex\n|-supereffective|p2a: Toxapex\n|-damage|p2a: Toxapex|39\/100\n|-activate|p2a: Toxapex|move: Struggle\n|move|p2a: Toxapex|Struggle|p1a: Landorus\n|-damage|p1a: Landorus|13\/100 tox\n|-damage|p2a: Toxapex|23\/100|[from] item: Rocky Helmet|[of] p1a: Landorus\n|-damage|p2a: Toxapex|0 fnt|[from] recoil\n|faint|p2a: Toxapex\n|\n|-damage|p1a: Landorus|0 fnt|[from] psn\n|faint|p1a: Landorus\n|upkeep\n|\n|t:|1700491920\n|switch|p1a: Arceus|Arceus-Fairy|100\/100\n|switch|p2a: Ting-Lu|Ting-Lu|100\/100\n|-damage|p2a: Ting-Lu|94\/100|[from] Stealth Rock\n|-ability|p2a: Ting-Lu|Vessel of Ruin\n|turn|6\n|\n|t:|1700491928\n|move|p1a: Arceus|Judgment|p2a: Ting-Lu\n|-supereffective|p2a: Ting-Lu\n|-damage|p2a: Ting-Lu|37\/100\n|move|p2a: Ting-Lu|Earthquake|p1a: Arceus\n|-damage|p1a: Arceus|78\/100\n|\n|-heal|p2a: Ting-Lu|43\/100|[from] item: Leftovers\n|upkeep\n|turn|7\n|inactive|pokemon tax agency has 120 seconds left.\n|\n|t:|1700491955\n|move|p1a: Arceus|Judgment|p2a: Ting-Lu\n|-supereffective|p2a: Ting-Lu\n|-damage|p2a: Ting-Lu|0 fnt\n|faint|p2a: Ting-Lu\n|\n|upkeep\n|j| BeguiledAndMislead\n|\n|t:|1700491961\n|switch|p2a: Koraidon|Koraidon|100\/100\n|-damage|p2a: Koraidon|94\/100|[from] Stealth Rock\n|-weather|SunnyDay|[from] ability: Orichalcum Pulse|[of] p2a: Koraidon\n|-activate|p2a: Koraidon|Orichalcum Pulse|[source]\n|turn|8\n|c|\u2606Hifive5TheDarkWolf|I lost already didn\u2019t i\n|\n|t:|1700491974\n|move|p2a: Koraidon|Outrage|p1a: Arceus\n|-immune|p1a: Arceus\n|move|p1a: Arceus|Judgment|p2a: Koraidon\n|-supereffective|p2a: Koraidon\n|-damage|p2a: Koraidon|0 fnt\n|faint|p2a: Koraidon\n|\n|-weather|SunnyDay|[upkeep]\n|upkeep\n|c|\u2606pokemon tax agency|potentially\n|\n|t:|1700491983\n|switch|p2a: Arceus|Arceus|100\/100\n|turn|9\n|c|\u2606Hifive5TheDarkWolf|Nope I lost\n|c| N_4_real|but why man\n|inactive|pokemon tax agency has 120 seconds left.\n|\n|t:|1700492005\n|switch|p1a: the Devil&Mr.Jones|Calyrex-Shadow|100\/100\n|-ability|p1a: the Devil&Mr.Jones|As One\n|-ability|p1a: the Devil&Mr.Jones|Unnerve\n|move|p2a: Arceus|Shadow Claw|p1a: the Devil&Mr.Jones\n|-supereffective|p1a: the Devil&Mr.Jones\n|-damage|p1a: the Devil&Mr.Jones|0 fnt\n|faint|p1a: the Devil&Mr.Jones\n|\n|-weather|SunnyDay|[upkeep]\n|upkeep\n|c| laprasplayer|fairyceus is just him fr\n|inactive|pokemon tax agency has 120 seconds left.\n|c|\u2606pokemon tax agency|ah you caught me\n|l| BeguiledAndMislead\n|c|\u2606Hifive5TheDarkWolf|I\u2019m just a lucky wolf who doesn\u2019t know how to battle\n|\n|t:|1700492018\n|switch|p1a: Koraidon|Koraidon|100\/100\n|-activate|p1a: Koraidon|ability: Orichalcum Pulse\n|turn|10\n|c|\u2606pokemon tax agency|thats not true\n|\n|t:|1700492025\n|move|p1a: Koraidon|Low Kick|p2a: Arceus\n|-supereffective|p2a: Arceus\n|-damage|p2a: Arceus|0 fnt\n|faint|p2a: Arceus\n|\n|-weather|SunnyDay|[upkeep]\n|upkeep\n|c|\u2606Hifive5TheDarkWolf|It is tho\n|\n|t:|1700492034\n|switch|p2a: Giratina|Giratina-Origin|100\/100\n|-damage|p2a: Giratina|88\/100|[from] Stealth Rock\n|turn|11\n|c| N_4_real|nah you could win._.\n|inactive|pokemon tax agency has 120 seconds left.\n|c|\u2606Hifive5TheDarkWolf|How?\n|\n|t:|1700492060\n|move|p1a: Koraidon|Scale Shot|p2a: Giratina\n|-supereffective|p2a: Giratina\n|-damage|p2a: Giratina|66\/100\n|-supereffective|p2a: Giratina\n|-damage|p2a: Giratina|46\/100\n|-supereffective|p2a: Giratina\n|-damage|p2a: Giratina|26\/100\n|-supereffective|p2a: Giratina\n|-damage|p2a: Giratina|4\/100\n|-hitcount|p2a: Giratina|4\n|-unboost|p1a: Koraidon|def|1\n|-boost|p1a: Koraidon|spe|1\n|move|p2a: Giratina|Hex|p1a: Koraidon\n|-damage|p1a: Koraidon|66\/100\n|\n|-weather|SunnyDay|[upkeep]\n|upkeep\n|turn|12\n|c|\u2606pokemon tax agency|ggwp\n|inactive|pokemon tax agency has 120 seconds left.\n|c|\u2606Hifive5TheDarkWolf|Gg\n|\n|t:|1700492079\n|-terastallize|p2a: Giratina|Poison\n|move|p1a: Koraidon|Flare Blitz|p2a: Giratina\n|-damage|p2a: Giratina|0 fnt\n|faint|p2a: Giratina\n|-damage|p1a: Koraidon|64\/100|[from] Recoil\n|\n|win|pokemon tax agency\n|n|\u2606pokemon tax agency|pokemontaxagency\n|n|\u2606Hifive5TheDarkWolf|hifive5thedarkwolf\n|n| laprasplayer|laprasplayer\n|n| N_4_real|n4real\n|n| Juchan\/marie|juchanmarie\n","uploadtime":1700492080,"views":4,"p1id":"pokemontaxagency","p2id":"hifive5thedarkwolf","formatid":"gen9anythinggoes","rating":0,"private":0,"password":""}