{"id":"gen9anythinggoes-1987041216","p1":"chill man29","p2":"Sir_Rambage","format":"[Gen 9] Anything Goes","log":"|j|\u2606chill man29\n|j|\u2606Sir_Rambage\n|t:|1699551284\n|gametype|singles\n|player|p1|chill man29|bellelba|1248\n|player|p2|Sir_Rambage|byron|1308\n|teamsize|p1|6\n|teamsize|p2|6\n|gen|9\n|tier|[Gen 9] Anything Goes\n|rated|\n|rule|HP Percentage Mod: HP is shown in percentages\n|rule|Endless Battle Clause: Forcing endless battles is banned\n|clearpoke\n|poke|p1|Decidueye, F|\n|poke|p1|Greninja-*, M|\n|poke|p1|Eternatus|\n|poke|p1|Koraidon|\n|poke|p1|Hatterene, F|\n|poke|p1|Darkrai|\n|poke|p2|Okidogi, M|\n|poke|p2|Leavanny, M|\n|poke|p2|Probopass, M|\n|poke|p2|Vikavolt, F|\n|poke|p2|Victreebel, M|\n|poke|p2|Houndstone, F|\n|teampreview\n|inactive|Battle timer is ON: inactive players will automatically lose when time's up. (requested by chill man29)\n|\n|t:|1699551327\n|start\n|switch|p1a: Decidueye|Decidueye, F|100\/100\n|switch|p2a: Victreebel|Victreebel, M|100\/100\n|turn|1\n|\n|t:|1699551332\n|move|p2a: Victreebel|Sunny Day|p2a: Victreebel\n|-weather|SunnyDay\n|move|p1a: Decidueye|Spirit Shackle|p2a: Victreebel\n|-damage|p2a: Victreebel|63\/100\n|-activate|p2a: Victreebel|trapped\n|\n|-weather|SunnyDay|[upkeep]\n|upkeep\n|turn|2\n|\n|t:|1699551337\n|move|p2a: Victreebel|Weather Ball|p1a: Decidueye\n|-supereffective|p1a: Decidueye\n|-damage|p1a: Decidueye|22\/100\n|move|p1a: Decidueye|Brave Bird|p2a: Victreebel\n|-supereffective|p2a: Victreebel\n|-damage|p2a: Victreebel|0 fnt\n|faint|p2a: Victreebel\n|-damage|p1a: Decidueye|0 fnt|[from] Recoil\n|faint|p1a: Decidueye\n|\n|-weather|SunnyDay|[upkeep]\n|upkeep\n|\n|t:|1699551352\n|switch|p2a: Vikavolt|Vikavolt, F|100\/100\n|switch|p1a: Koraidon|Koraidon|100\/100\n|-activate|p1a: Koraidon|ability: Orichalcum Pulse\n|turn|3\n|\n|t:|1699551363\n|move|p1a: Koraidon|Stomping Tantrum|p2a: Vikavolt\n|-immune|p2a: Vikavolt|[from] ability: Levitate\n|move|p2a: Vikavolt|Bug Buzz|p1a: Koraidon\n|-resisted|p1a: Koraidon\n|-damage|p1a: Koraidon|66\/100\n|-damage|p2a: Vikavolt|91\/100|[from] item: Life Orb\n|\n|-weather|SunnyDay|[upkeep]\n|upkeep\n|turn|4\n|\n|t:|1699551373\n|move|p1a: Koraidon|Overheat|p2a: Vikavolt\n|-supereffective|p2a: Vikavolt\n|-damage|p2a: Vikavolt|0 fnt\n|-unboost|p1a: Koraidon|spa|2\n|faint|p2a: Vikavolt\n|\n|-weather|SunnyDay|[upkeep]\n|upkeep\n|\n|t:|1699551384\n|switch|p2a: Probopass|Probopass, M|100\/100\n|turn|5\n|\n|t:|1699551387\n|move|p1a: Koraidon|Overheat|p2a: Probopass\n|-damage|p2a: Probopass|87\/100\n|-unboost|p1a: Koraidon|spa|2\n|move|p2a: Probopass|Thunder Wave|p1a: Koraidon\n|-status|p1a: Koraidon|par\n|\n|-weather|none\n|upkeep\n|turn|6\n|\n|t:|1699551395\n|move|p1a: Koraidon|Collision Course|p2a: Probopass\n|-supereffective|p2a: Probopass\n|-damage|p2a: Probopass|0 fnt\n|faint|p2a: Probopass\n|\n|upkeep\n|\n|t:|1699551408\n|switch|p2a: Houndstone|Houndstone, F|100\/100\n|turn|7\n|\n|t:|1699551413\n|move|p2a: Houndstone|Poltergeist|p1a: Koraidon\n|-activate|p1a: Koraidon|move: Poltergeist|Metronome\n|-damage|p1a: Koraidon|18\/100 par\n|move|p1a: Koraidon|Stomping Tantrum|p2a: Houndstone\n|-damage|p2a: Houndstone|71\/100\n|\n|upkeep\n|turn|8\n|\n|t:|1699551421\n|move|p2a: Houndstone|Sandstorm|p2a: Houndstone\n|-weather|Sandstorm\n|move|p1a: Koraidon|Overheat|p2a: Houndstone\n|-damage|p2a: Houndstone|62\/100\n|-unboost|p1a: Koraidon|spa|2\n|\n|-weather|Sandstorm|[upkeep]\n|-damage|p1a: Koraidon|12\/100 par|[from] Sandstorm\n|upkeep\n|turn|9\n|\n|t:|1699551431\n|move|p2a: Houndstone|Play Rough|p1a: Koraidon\n|-supereffective|p1a: Koraidon\n|-damage|p1a: Koraidon|0 fnt\n|faint|p1a: Koraidon\n|\n|-weather|Sandstorm|[upkeep]\n|upkeep\n|\n|t:|1699551437\n|switch|p1a: Greninja|Greninja, M|100\/100\n|turn|10\n|\n|t:|1699551442\n|move|p2a: Houndstone|Play Rough|p1a: Greninja\n|-supereffective|p1a: Greninja\n|-damage|p1a: Greninja|0 fnt\n|faint|p1a: Greninja\n|\n|-weather|Sandstorm|[upkeep]\n|upkeep\n|\n|t:|1699551447\n|switch|p1a: Eternatus|Eternatus|100\/100\n|-ability|p1a: Eternatus|Pressure\n|turn|11\n|\n|t:|1699551455\n|move|p2a: Houndstone|Destiny Bond|p2a: Houndstone\n|-singlemove|p2a: Houndstone|Destiny Bond\n|move|p1a: Eternatus|Dynamax Cannon|p2a: Houndstone\n|-damage|p2a: Houndstone|0 fnt\n|faint|p2a: Houndstone\n|-activate|p2a: Houndstone|move: Destiny Bond\n|faint|p1a: Eternatus\n|\n|-weather|Sandstorm|[upkeep]\n|upkeep\n|\n|t:|1699551466\n|switch|p1a: Darkrai|Darkrai, shiny|100\/100\n|switch|p2a: Leavanny|Leavanny, M|100\/100\n|turn|12\n|\n|t:|1699551473\n|move|p1a: Darkrai|Hypnosis|p2a: Leavanny\n|-status|p2a: Leavanny|slp|[from] move: Hypnosis\n|cant|p2a: Leavanny|slp\n|\n|-weather|none\n|-damage|p2a: Leavanny|88\/100 slp|[from] ability: Bad Dreams|[of] p1a: Darkrai\n|upkeep\n|turn|13\n|\n|t:|1699551479\n|move|p1a: Darkrai|Dream Eater|p2a: Leavanny\n|-damage|p2a: Leavanny|50\/100 slp\n|cant|p2a: Leavanny|slp\n|\n|-damage|p2a: Leavanny|38\/100 slp|[from] ability: Bad Dreams|[of] p1a: Darkrai\n|upkeep\n|turn|14\n|\n|t:|1699551485\n|move|p1a: Darkrai|Drain Punch|p2a: Leavanny\n|-resisted|p2a: Leavanny\n|-damage|p2a: Leavanny|26\/100 slp\n|cant|p2a: Leavanny|slp\n|\n|-damage|p2a: Leavanny|14\/100 slp|[from] ability: Bad Dreams|[of] p1a: Darkrai\n|upkeep\n|turn|15\n|\n|t:|1699551492\n|move|p1a: Darkrai|Sucker Punch||[still]\n|-fail|p1a: Darkrai\n|-curestatus|p2a: Leavanny|slp|[msg]\n|move|p2a: Leavanny|Agility|p2a: Leavanny\n|-boost|p2a: Leavanny|spe|2\n|\n|upkeep\n|turn|16\n|\n|t:|1699551500\n|move|p1a: Darkrai|Sucker Punch|p2a: Leavanny\n|-damage|p2a: Leavanny|0 fnt\n|faint|p2a: Leavanny\n|\n|upkeep\n|\n|t:|1699551504\n|switch|p2a: Okidogi|Okidogi, M|100\/100\n|turn|17\n|\n|t:|1699551509\n|move|p1a: Darkrai|Hypnosis|p2a: Okidogi|[miss]\n|-miss|p1a: Darkrai|p2a: Okidogi\n|move|p2a: Okidogi|Poison Fang|p1a: Darkrai\n|-damage|p1a: Darkrai|73\/100\n|\n|upkeep\n|turn|18\n|\n|t:|1699551515\n|move|p2a: Okidogi|Protect|p2a: Okidogi\n|-singleturn|p2a: Okidogi|Protect\n|move|p1a: Darkrai|Hypnosis|p2a: Okidogi\n|-activate|p2a: Okidogi|move: Protect\n|\n|upkeep\n|turn|19\n|\n|t:|1699551520\n|move|p1a: Darkrai|Hypnosis|p2a: Okidogi|[miss]\n|-miss|p1a: Darkrai|p2a: Okidogi\n|move|p2a: Okidogi|Poison Fang|p1a: Darkrai\n|-damage|p1a: Darkrai|44\/100\n|\n|upkeep\n|turn|20\n|\n|t:|1699551526\n|move|p2a: Okidogi|Protect|p2a: Okidogi\n|-singleturn|p2a: Okidogi|Protect\n|move|p1a: Darkrai|Hypnosis|p2a: Okidogi\n|-activate|p2a: Okidogi|move: Protect\n|\n|upkeep\n|turn|21\n|\n|t:|1699551533\n|move|p1a: Darkrai|Drain Punch|p2a: Okidogi\n|-resisted|p2a: Okidogi\n|-damage|p2a: Okidogi|95\/100\n|-heal|p1a: Darkrai|47\/100|[from] drain|[of] p2a: Okidogi\n|-heal|p1a: Darkrai|47\/100|[from] item: Shell Bell|[of] p2a: Okidogi\n|move|p2a: Okidogi|Poison Fang|p1a: Darkrai\n|-damage|p1a: Darkrai|21\/100\n|-status|p1a: Darkrai|tox\n|\n|-heal|p2a: Okidogi|100\/100|[from] item: Black Sludge\n|-damage|p1a: Darkrai|15\/100 tox|[from] psn\n|upkeep\n|turn|22\n|\n|t:|1699551545\n|move|p2a: Okidogi|Protect|p2a: Okidogi\n|-singleturn|p2a: Okidogi|Protect\n|move|p1a: Darkrai|Hypnosis|p2a: Okidogi\n|-activate|p2a: Okidogi|move: Protect\n|\n|-damage|p1a: Darkrai|3\/100 tox|[from] psn\n|upkeep\n|turn|23\n|\n|t:|1699551552\n|move|p1a: Darkrai|Sucker Punch||[still]\n|-fail|p1a: Darkrai\n|move|p2a: Okidogi|Bulk Up|p2a: Okidogi\n|-boost|p2a: Okidogi|atk|1\n|-boost|p2a: Okidogi|def|1\n|\n|-damage|p1a: Darkrai|0 fnt|[from] psn\n|faint|p1a: Darkrai\n|upkeep\n|\n|t:|1699551559\n|switch|p1a: Hatterene|Hatterene, F, shiny|100\/100\n|turn|24\n|\n|t:|1699551566\n|-terastallize|p2a: Okidogi|Poison\n|move|p2a: Okidogi|Poison Fang|p1a: Hatterene\n|-supereffective|p1a: Hatterene\n|-damage|p1a: Hatterene|0 fnt\n|faint|p1a: Hatterene\n|\n|win|Sir_Rambage\n|raw|chill man29's rating: 1248 &rarr; <strong>1227<\/strong><br \/>(-21 for losing)\n|raw|Sir_Rambage's rating: 1308 &rarr; <strong>1325<\/strong><br \/>(+17 for winning)\n|l|\u2606chill man29\n","uploadtime":1699551582,"views":5,"p1id":"chillman29","p2id":"sirrambage","formatid":"gen9anythinggoes","rating":1227,"private":0,"password":""}