{"id":"gen9anythinggoes-1984756583","p1":"Dumbfudge","p2":"Grandburnsy 7","format":"[Gen 9] Anything Goes","log":"|j|\u2606Dumbfudge\n|j|\u2606Grandburnsy 7\n|t:|1699296476\n|gametype|singles\n|player|p1|Dumbfudge|blackbelt-gen4dp|1394\n|player|p2|Grandburnsy 7|102|1329\n|teamsize|p1|6\n|teamsize|p2|6\n|gen|9\n|tier|[Gen 9] Anything Goes\n|rated|\n|rule|HP Percentage Mod: HP is shown in percentages\n|rule|Endless Battle Clause: Forcing endless battles is banned\n|clearpoke\n|poke|p1|Espathra, F|\n|poke|p1|Giratina|\n|poke|p1|Shaymin-Sky|\n|poke|p1|Zacian-*|\n|poke|p1|Ditto|\n|poke|p1|Breloom, F|\n|poke|p2|Dragonite, F|\n|poke|p2|Iron Bundle|\n|poke|p2|Blissey, F|\n|poke|p2|Dusclops, F|\n|poke|p2|Ogerpon-Hearthflame, F|\n|poke|p2|Kyogre|\n|teampreview\n|inactive|Battle timer is ON: inactive players will automatically lose when time's up. (requested by Dumbfudge)\n|inactive|Grandburnsy 7 also wants the timer to be on.\n|\n|t:|1699296489\n|start\n|switch|p1a: Whooping cough|Zacian-Crowned|100\/100\n|switch|p2a: Kyogre|Kyogre, shiny|100\/100\n|-weather|RainDance|[from] ability: Drizzle|[of] p2a: Kyogre\n|-ability|p1a: Whooping cough|Intrepid Sword|boost\n|-boost|p1a: Whooping cough|atk|1\n|turn|1\n|\n|t:|1699296506\n|-terastallize|p1a: Whooping cough|Steel\n|move|p2a: Kyogre|Water Spout|p1a: Whooping cough\n|-damage|p1a: Whooping cough|0 fnt\n|faint|p1a: Whooping cough\n|\n|-weather|RainDance|[upkeep]\n|upkeep\n|\n|t:|1699296515\n|switch|p1a: Chickenpox|Espathra, F|100\/100\n|turn|2\n|\n|t:|1699296520\n|move|p1a: Chickenpox|Protect|p1a: Chickenpox\n|-singleturn|p1a: Chickenpox|Protect\n|move|p2a: Kyogre|Water Spout|p1a: Chickenpox\n|-activate|p1a: Chickenpox|move: Protect\n|\n|-weather|RainDance|[upkeep]\n|-ability|p1a: Chickenpox|Speed Boost|boost\n|-boost|p1a: Chickenpox|spe|1\n|upkeep\n|turn|3\n|\n|t:|1699296529\n|move|p1a: Chickenpox|Substitute|p1a: Chickenpox\n|-start|p1a: Chickenpox|Substitute\n|-damage|p1a: Chickenpox|76\/100\n|move|p2a: Kyogre|Water Spout|p1a: Chickenpox\n|-end|p1a: Chickenpox|Substitute\n|\n|-weather|RainDance|[upkeep]\n|-ability|p1a: Chickenpox|Speed Boost|boost\n|-boost|p1a: Chickenpox|spe|1\n|upkeep\n|turn|4\n|\n|t:|1699296545\n|switch|p2a: Dusclops|Dusclops, F, shiny|100\/100\n|-item|p1a: Chickenpox|Wide Lens|[from] ability: Frisk|[of] p2a: Dusclops|[identify]\n|move|p1a: Chickenpox|Protect||[still]\n|-fail|p1a: Chickenpox\n|\n|-weather|RainDance|[upkeep]\n|-ability|p1a: Chickenpox|Speed Boost|boost\n|-boost|p1a: Chickenpox|spe|1\n|upkeep\n|turn|5\n|\n|t:|1699296558\n|move|p1a: Chickenpox|Substitute|p1a: Chickenpox\n|-start|p1a: Chickenpox|Substitute\n|-damage|p1a: Chickenpox|51\/100\n|move|p2a: Dusclops|Disable|p1a: Chickenpox\n|-start|p1a: Chickenpox|Disable|Substitute\n|\n|-weather|none\n|-ability|p1a: Chickenpox|Speed Boost|boost\n|-boost|p1a: Chickenpox|spe|1\n|upkeep\n|turn|6\n|\n|t:|1699296571\n|move|p1a: Chickenpox|Hypnosis|p2a: Dusclops\n|-status|p2a: Dusclops|slp|[from] move: Hypnosis\n|cant|p2a: Dusclops|slp\n|\n|-ability|p1a: Chickenpox|Speed Boost|boost\n|-boost|p1a: Chickenpox|spe|1\n|upkeep\n|turn|7\n|\n|t:|1699296579\n|move|p1a: Chickenpox|Baton Pass|p1a: Chickenpox\n|\n|t:|1699296580\n|switch|p1a: Flat out AIDS|Breloom, F|100\/100|[from] Baton Pass\n|cant|p2a: Dusclops|slp\n|\n|upkeep\n|turn|8\n|\n|t:|1699296588\n|move|p1a: Flat out AIDS|Leech Seed|p2a: Dusclops\n|-start|p2a: Dusclops|move: Leech Seed\n|-curestatus|p2a: Dusclops|slp|[msg]\n|move|p2a: Dusclops|Haze|p2a: Dusclops\n|-clearallboost\n|\n|-damage|p2a: Dusclops|88\/100|[from] Leech Seed|[of] p1a: Flat out AIDS\n|upkeep\n|turn|9\n|\n|t:|1699296598\n|switch|p2a: Ogerpon|Ogerpon-Hearthflame, F|100\/100\n|-ability|p2a: Ogerpon|Mold Breaker\n|move|p1a: Flat out AIDS|Spore|p2a: Ogerpon\n|-immune|p2a: Ogerpon\n|\n|upkeep\n|turn|10\n|\n|t:|1699296607\n|move|p1a: Flat out AIDS|Mach Punch|p2a: Ogerpon\n|-damage|p2a: Ogerpon|52\/100\n|move|p2a: Ogerpon|Ivy Cudgel|p1a: Flat out AIDS\n|-supereffective|p1a: Flat out AIDS\n|-end|p1a: Flat out AIDS|Substitute\n|\n|upkeep\n|turn|11\n|\n|t:|1699296614\n|move|p1a: Flat out AIDS|Mach Punch|p2a: Ogerpon\n|-damage|p2a: Ogerpon|0 fnt\n|faint|p2a: Ogerpon\n|\n|upkeep\n|\n|t:|1699296627\n|switch|p2a: Kyogre|Kyogre, shiny|100\/100\n|-weather|RainDance|[from] ability: Drizzle|[of] p2a: Kyogre\n|turn|12\n|\n|t:|1699296637\n|move|p1a: Flat out AIDS|Mach Punch|p2a: Kyogre\n|-damage|p2a: Kyogre|46\/100\n|move|p2a: Kyogre|Blizzard|p1a: Flat out AIDS\n|-supereffective|p1a: Flat out AIDS\n|-damage|p1a: Flat out AIDS|0 fnt\n|faint|p1a: Flat out AIDS\n|\n|-weather|RainDance|[upkeep]\n|upkeep\n|\n|t:|1699296647\n|switch|p1a: Ditto|Ditto|100\/100\n|-transform|p1a: Ditto|p2a: Kyogre|[from] ability: Imposter\n|turn|13\n|\n|t:|1699296655\n|switch|p2a: Blissey|Blissey, F, shiny|100\/100\n|move|p1a: Ditto|Thunder|p2a: Blissey\n|-damage|p2a: Blissey|88\/100\n|-status|p2a: Blissey|par\n|\n|-weather|RainDance|[upkeep]\n|-heal|p2a: Blissey|94\/100 par|[from] item: Leftovers\n|upkeep\n|turn|14\n|\n|t:|1699296670\n|switch|p1a: Chickenpox|Espathra, F|51\/100\n|cant|p2a: Blissey|par\n|\n|-weather|RainDance|[upkeep]\n|-heal|p2a: Blissey|99\/100 par|[from] item: Leftovers\n|upkeep\n|turn|15\n|\n|t:|1699296678\n|move|p1a: Chickenpox|Substitute|p1a: Chickenpox\n|-start|p1a: Chickenpox|Substitute\n|-damage|p1a: Chickenpox|26\/100\n|cant|p2a: Blissey|par\n|\n|-weather|RainDance|[upkeep]\n|-heal|p2a: Blissey|100\/100 par|[from] item: Leftovers\n|-ability|p1a: Chickenpox|Speed Boost|boost\n|-boost|p1a: Chickenpox|spe|1\n|upkeep\n|turn|16\n|\n|t:|1699296688\n|-curestatus|p2a: Blissey|par|[from] ability: Natural Cure\n|switch|p2a: Dusclops|Dusclops, F, shiny|88\/100\n|-item|p1a: Chickenpox|Wide Lens|[from] ability: Frisk|[of] p2a: Dusclops|[identify]\n|move|p1a: Chickenpox|Hypnosis|p2a: Dusclops\n|-status|p2a: Dusclops|slp|[from] move: Hypnosis\n|\n|-weather|none\n|-ability|p1a: Chickenpox|Speed Boost|boost\n|-boost|p1a: Chickenpox|spe|1\n|upkeep\n|turn|17\n|\n|t:|1699296700\n|move|p1a: Chickenpox|Baton Pass|p1a: Chickenpox\n|\n|t:|1699296704\n|switch|p1a: Cancer|Shaymin-Sky|100\/100|[from] Baton Pass\n|cant|p2a: Dusclops|slp\n|\n|upkeep\n|turn|18\n|\n|t:|1699296712\n|move|p1a: Cancer|Air Slash|p2a: Dusclops\n|-damage|p2a: Dusclops|65\/100 slp\n|cant|p2a: Dusclops|slp\n|\n|upkeep\n|turn|19\n|\n|t:|1699296718\n|move|p1a: Cancer|Air Slash|p2a: Dusclops\n|-damage|p2a: Dusclops|46\/100 slp\n|cant|p2a: Dusclops|slp\n|\n|upkeep\n|turn|20\n|\n|t:|1699296724\n|move|p1a: Cancer|Air Slash|p2a: Dusclops\n|-damage|p2a: Dusclops|25\/100 slp\n|-curestatus|p2a: Dusclops|slp|[msg]\n|move|p2a: Dusclops|Night Shade|p1a: Cancer\n|-end|p1a: Cancer|Substitute\n|\n|upkeep\n|turn|21\n|\n|t:|1699296733\n|move|p1a: Cancer|Air Slash|p2a: Dusclops\n|-damage|p2a: Dusclops|5\/100\n|cant|p2a: Dusclops|flinch\n|\n|upkeep\n|turn|22\n|\n|t:|1699296738\n|move|p1a: Cancer|Air Slash|p2a: Dusclops\n|-damage|p2a: Dusclops|0 fnt\n|faint|p2a: Dusclops\n|\n|upkeep\n|\n|t:|1699296743\n|switch|p2a: Kyogre|Kyogre, shiny|46\/100\n|-weather|RainDance|[from] ability: Drizzle|[of] p2a: Kyogre\n|turn|23\n|\n|t:|1699296748\n|move|p1a: Cancer|Air Slash|p2a: Kyogre\n|-damage|p2a: Kyogre|16\/100\n|move|p2a: Kyogre|Thunder|p1a: Cancer\n|-damage|p1a: Cancer|48\/100\n|\n|-weather|RainDance|[upkeep]\n|upkeep\n|turn|24\n|\n|t:|1699296756\n|move|p1a: Cancer|Air Slash|p2a: Kyogre\n|-damage|p2a: Kyogre|0 fnt\n|faint|p2a: Kyogre\n|\n|-weather|RainDance|[upkeep]\n|upkeep\n|\n|t:|1699296762\n|switch|p2a: Iron Bundle|Iron Bundle, shiny|100\/100\n|-enditem|p2a: Iron Bundle|Booster Energy\n|-activate|p2a: Iron Bundle|ability: Quark Drive|[fromitem]\n|-start|p2a: Iron Bundle|quarkdrivespe\n|turn|25\n|\n|t:|1699296771\n|move|p1a: Cancer|Air Slash|p2a: Iron Bundle\n|-damage|p2a: Iron Bundle|31\/100\n|cant|p2a: Iron Bundle|flinch\n|\n|-weather|RainDance|[upkeep]\n|upkeep\n|turn|26\n|\n|t:|1699296778\n|move|p1a: Cancer|Air Slash|p2a: Iron Bundle\n|-damage|p2a: Iron Bundle|0 fnt\n|faint|p2a: Iron Bundle\n|-end|p2a: Iron Bundle|Quark Drive|[silent]\n|\n|-weather|RainDance|[upkeep]\n|upkeep\n|\n|t:|1699296784\n|switch|p2a: Dragonite|Dragonite, F, shiny|100\/100\n|turn|27\n|\n|t:|1699296788\n|move|p1a: Cancer|Air Slash|p2a: Dragonite\n|-damage|p2a: Dragonite|83\/100\n|move|p2a: Dragonite|Dragon Dance|p2a: Dragonite\n|-boost|p2a: Dragonite|atk|1\n|-boost|p2a: Dragonite|spe|1\n|\n|-weather|none\n|upkeep\n|turn|28\n|\n|t:|1699296798\n|move|p1a: Cancer|Air Slash|p2a: Dragonite\n|-damage|p2a: Dragonite|40\/100\n|cant|p2a: Dragonite|flinch\n|\n|upkeep\n|turn|29\n|l|\u2606Grandburnsy 7\n|inactive|Grandburnsy 7 disconnected and has a minute to reconnect!\n|player|p2|\n|inactive|Grandburnsy 7 has 30 seconds to reconnect!\n|inactive|Grandburnsy 7 has 20 seconds to reconnect!\n|inactive|Grandburnsy 7 has 15 seconds to reconnect!\n|inactive|Grandburnsy 7 has 10 seconds to reconnect!\n|inactive|Grandburnsy 7 has 5 seconds to reconnect!\n|-message|Grandburnsy 7 lost due to inactivity.\n|\n|win|Dumbfudge\n|raw|Dumbfudge's rating: 1394 &rarr; <strong>1410<\/strong><br \/>(+16 for winning)\n|raw|Grandburnsy 7's rating: 1329 &rarr; <strong>1313<\/strong><br \/>(-16 for losing)\n","uploadtime":1699296868,"views":4,"p1id":"dumbfudge","p2id":"grandburnsy7","formatid":"gen9anythinggoes","rating":1313,"private":0,"password":""}