{"id":"gen9anythinggoes-1973847516","p1":"Skrumply","p2":"StoneBone","format":"[Gen 9] Anything Goes","log":"|j|\u2606Skrumply\n|j|\u2606StoneBone\n|t:|1698020083\n|gametype|singles\n|player|p1|Skrumply|lucy|\n|player|p2|StoneBone|pokemaniac|\n|teamsize|p1|6\n|teamsize|p2|6\n|gen|9\n|tier|[Gen 9] Anything Goes\n|rule|HP Percentage Mod: HP is shown in percentages\n|rule|Endless Battle Clause: Forcing endless battles is banned\n|clearpoke\n|poke|p1|Clodsire, F|\n|poke|p1|Moltres|\n|poke|p1|Cyclizar, F|\n|poke|p1|Baxcalibur, M|\n|poke|p1|Magneton|\n|poke|p1|Iron Valiant|\n|poke|p2|Gligar, M|\n|poke|p2|Kingambit, F|\n|poke|p2|Rotom-Wash|\n|poke|p2|Conkeldurr, M|\n|poke|p2|Enamorus, F|\n|poke|p2|Houndstone, M|\n|teampreview\n|j| Doris.\n|\n|t:|1698020093\n|start\n|switch|p1a: Soft Landing|Cyclizar, F|100\/100\n|switch|p2a: Gligar|Gligar, M|100\/100\n|turn|1\n|\n|t:|1698020101\n|move|p1a: Soft Landing|Ice Spinner|p2a: Gligar\n|-supereffective|p2a: Gligar\n|-damage|p2a: Gligar|57\/100\n|move|p2a: Gligar|Tailwind|p2a: Gligar\n|-sidestart|p2: StoneBone|move: Tailwind\n|\n|upkeep\n|turn|2\n|\n|t:|1698020108\n|-terastallize|p2a: Gligar|Water\n|move|p2a: Gligar|Crabhammer|p1a: Soft Landing\n|-resisted|p1a: Soft Landing\n|-damage|p1a: Soft Landing|75\/100\n|move|p1a: Soft Landing|Knock Off|p2a: Gligar\n|-damage|p2a: Gligar|45\/100\n|-enditem|p2a: Gligar|Eviolite|[from] move: Knock Off|[of] p1a: Soft Landing\n|\n|upkeep\n|turn|3\n|\n|t:|1698020130\n|move|p2a: Gligar|Tailwind||[still]\n|-fail|p2a: Gligar\n|move|p1a: Soft Landing|Dragon Claw|p2a: Gligar\n|-damage|p2a: Gligar|21\/100\n|\n|upkeep\n|turn|4\n|inactive|Battle timer is ON: inactive players will automatically lose when time's up. (requested by StoneBone)\n|\n|t:|1698020139\n|switch|p2a: Enamorus|Enamorus, F|100\/100\n|move|p1a: Soft Landing|Dragon Claw|p2a: Enamorus\n|-immune|p2a: Enamorus\n|\n|-sideend|p2: StoneBone|move: Tailwind\n|upkeep\n|turn|5\n|\n|t:|1698020148\n|move|p1a: Soft Landing|U-turn|p2a: Enamorus\n|-resisted|p2a: Enamorus\n|-damage|p2a: Enamorus|94\/100\n|\n|t:|1698020150\n|switch|p1a: Rubber Bully|Magneton|100\/100|[from] U-turn\n|move|p2a: Enamorus|Mystical Fire|p1a: Rubber Bully\n|-supereffective|p1a: Rubber Bully\n|-damage|p1a: Rubber Bully|7\/100\n|-unboost|p1a: Rubber Bully|spa|1\n|\n|upkeep\n|turn|6\n|\n|t:|1698020163\n|switch|p2a: Gligar|Gligar, M, tera:Water|21\/100\n|switch|p1a: Meatspace|Baxcalibur, M|100\/100\n|\n|upkeep\n|turn|7\n|\n|t:|1698020169\n|move|p1a: Meatspace|Dragon Dance|p1a: Meatspace\n|-boost|p1a: Meatspace|atk|1\n|-boost|p1a: Meatspace|spe|1\n|move|p2a: Gligar|Tailwind|p2a: Gligar\n|-sidestart|p2: StoneBone|move: Tailwind\n|\n|upkeep\n|turn|8\n|\n|t:|1698020176\n|move|p1a: Meatspace|Scale Shot|p2a: Gligar\n|-damage|p2a: Gligar|5\/100\n|-damage|p2a: Gligar|0 fnt\n|faint|p2a: Gligar\n|-hitcount|p2: Gligar|2\n|-unboost|p1a: Meatspace|def|1\n|-boost|p1a: Meatspace|spe|1\n|\n|upkeep\n|\n|t:|1698020185\n|switch|p2a: Houndstone|Houndstone, M|100\/100\n|turn|9\n|\n|t:|1698020189\n|move|p1a: Meatspace|Scale Shot|p2a: Houndstone\n|-damage|p2a: Houndstone|80\/100\n|-crit|p2a: Houndstone\n|-damage|p2a: Houndstone|50\/100\n|-damage|p2a: Houndstone|28\/100\n|-damage|p2a: Houndstone|7\/100\n|-damage|p2a: Houndstone|0 fnt\n|faint|p2a: Houndstone\n|-hitcount|p2: Houndstone|5\n|-unboost|p1a: Meatspace|def|1\n|-boost|p1a: Meatspace|spe|1\n|\n|upkeep\n|\n|t:|1698020202\n|switch|p2a: Rotom|Rotom-Wash|100\/100\n|turn|10\n|\n|t:|1698020207\n|move|p1a: Meatspace|Scale Shot|p2a: Rotom\n|-damage|p2a: Rotom|83\/100\n|-damage|p2a: Rotom|68\/100\n|-damage|p2a: Rotom|50\/100\n|-damage|p2a: Rotom|34\/100\n|-hitcount|p2a: Rotom|4\n|-unboost|p1a: Meatspace|def|1\n|-boost|p1a: Meatspace|spe|1\n|move|p2a: Rotom|Will-O-Wisp|p1a: Meatspace\n|-immune|p1a: Meatspace|[from] ability: Thermal Exchange\n|\n|-heal|p2a: Rotom|41\/100|[from] item: Leftovers\n|-sideend|p2: StoneBone|move: Tailwind\n|upkeep\n|turn|11\n|\n|t:|1698020222\n|move|p2a: Rotom|Protect|p2a: Rotom\n|-singleturn|p2a: Rotom|Protect\n|move|p1a: Meatspace|Scale Shot|p2a: Rotom\n|-activate|p2a: Rotom|move: Protect\n|\n|-heal|p2a: Rotom|47\/100|[from] item: Leftovers\n|upkeep\n|turn|12\n|\n|t:|1698020229\n|move|p1a: Meatspace|Dragon Dance|p1a: Meatspace\n|-boost|p1a: Meatspace|atk|1\n|-boost|p1a: Meatspace|spe|1\n|move|p2a: Rotom|Volt Switch|p1a: Meatspace\n|-resisted|p1a: Meatspace\n|-damage|p1a: Meatspace|87\/100\n|\n|t:|1698020234\n|switch|p2a: Enamorus|Enamorus, F|94\/100|[from] Volt Switch\n|\n|upkeep\n|turn|13\n|\n|t:|1698020239\n|move|p1a: Meatspace|Icicle Spear|p2a: Enamorus\n|-supereffective|p2a: Enamorus\n|-damage|p2a: Enamorus|11\/100\n|-supereffective|p2a: Enamorus\n|-damage|p2a: Enamorus|0 fnt\n|faint|p2a: Enamorus\n|-hitcount|p2: Enamorus|2\n|\n|upkeep\n|\n|t:|1698020245\n|switch|p2a: Conkeldurr|Conkeldurr, M|100\/100\n|turn|14\n|\n|t:|1698020258\n|switch|p1a: Peso|Moltres|100\/100\n|move|p2a: Conkeldurr|Facade|p1a: Peso\n|-damage|p1a: Peso|82\/100\n|\n|-status|p2a: Conkeldurr|brn|[from] item: Flame Orb\n|upkeep\n|turn|15\n|\n|t:|1698020267\n|move|p1a: Peso|Hurricane|p2a: Conkeldurr\n|-supereffective|p2a: Conkeldurr\n|-damage|p2a: Conkeldurr|0 fnt\n|faint|p2a: Conkeldurr\n|\n|upkeep\n|\n|t:|1698020271\n|switch|p2a: Kingambit|Kingambit, F|100\/100\n|-activate|p2a: Kingambit|ability: Supreme Overlord\n|-start|p2a: Kingambit|fallen4|[silent]\n|-item|p2a: Kingambit|Air Balloon\n|turn|16\n|\n|t:|1698020282\n|move|p2a: Kingambit|Sucker Punch|p1a: Peso\n|-damage|p1a: Peso|40\/100\n|-status|p2a: Kingambit|brn|[from] ability: Flame Body|[of] p1a: Peso\n|move|p1a: Peso|Heat Wave|p2a: Kingambit\n|-supereffective|p2a: Kingambit\n|-damage|p2a: Kingambit|30\/100 brn\n|-enditem|p2a: Kingambit|Air Balloon\n|\n|-damage|p2a: Kingambit|24\/100 brn|[from] brn\n|upkeep\n|turn|17\n|\n|t:|1698020294\n|move|p1a: Peso|Roost|p1a: Peso\n|-heal|p1a: Peso|90\/100\n|-singleturn|p1a: Peso|move: Roost\n|move|p2a: Kingambit|Swords Dance|p2a: Kingambit\n|-boost|p2a: Kingambit|atk|2\n|\n|-damage|p2a: Kingambit|18\/100 brn|[from] brn\n|upkeep\n|turn|18\n|\n|t:|1698020304\n|move|p1a: Peso|Heat Wave|p2a: Kingambit\n|-supereffective|p2a: Kingambit\n|-damage|p2a: Kingambit|0 fnt\n|faint|p2a: Kingambit\n|-end|p2a: Kingambit|fallen4|[silent]\n|\n|upkeep\n|\n|t:|1698020308\n|switch|p2a: Rotom|Rotom-Wash|47\/100\n|turn|19\n|\n|t:|1698020319\n|move|p2a: Rotom|Protect|p2a: Rotom\n|-singleturn|p2a: Rotom|Protect\n|move|p1a: Peso|Will-O-Wisp|p2a: Rotom\n|-activate|p2a: Rotom|move: Protect\n|\n|-heal|p2a: Rotom|53\/100|[from] item: Leftovers\n|upkeep\n|turn|20\n|\n|t:|1698020326\n|move|p1a: Peso|Will-O-Wisp|p2a: Rotom\n|-status|p2a: Rotom|brn\n|move|p2a: Rotom|Hydro Pump|p1a: Peso\n|-supereffective|p1a: Peso\n|-damage|p1a: Peso|16\/100\n|\n|-heal|p2a: Rotom|59\/100 brn|[from] item: Leftovers\n|-damage|p2a: Rotom|53\/100 brn|[from] brn\n|upkeep\n|turn|21\n|\n|t:|1698020340\n|switch|p1a: Meatspace|Baxcalibur, M|87\/100\n|move|p2a: Rotom|Protect||[still]\n|-fail|p2a: Rotom\n|\n|-heal|p2a: Rotom|59\/100 brn|[from] item: Leftovers\n|-damage|p2a: Rotom|53\/100 brn|[from] brn\n|upkeep\n|turn|22\n|\n|t:|1698020348\n|move|p1a: Meatspace|Scale Shot|p2a: Rotom\n|-damage|p2a: Rotom|42\/100 brn\n|-damage|p2a: Rotom|30\/100 brn\n|-damage|p2a: Rotom|18\/100 brn\n|-damage|p2a: Rotom|7\/100 brn\n|-damage|p2a: Rotom|0 fnt\n|faint|p2a: Rotom\n|-hitcount|p2: Rotom|5\n|\n|win|Skrumply\n|c|\u2606Skrumply|gg\n|c|\u2606StoneBone|GGz\n|l|\u2606StoneBone\n|c|\u2606Skrumply|Btw I am not insanely lucky I am using an item\n|l|\u2606Skrumply\n|j|\u2606Skrumply\n|player|p1|Skrumply|lucy\n","uploadtime":1698020437,"views":10,"p1id":"skrumply","p2id":"stonebone","formatid":"gen9anythinggoes","rating":0,"private":0,"password":""}