{"id":"gen9anythinggoes-1995848677","p1":"GildedSapphire","p2":"deer321","format":"[Gen 9] Anything Goes","log":"|j|\u2606GildedSapphire\n|j|\u2606deer321\n|t:|1700609344\n|gametype|singles\n|player|p1|GildedSapphire|wallace|1106\n|player|p2|deer321|ingo|1000\n|teamsize|p1|6\n|teamsize|p2|6\n|gen|9\n|tier|[Gen 9] Anything Goes\n|rated|\n|rule|HP Percentage Mod: HP is shown in percentages\n|rule|Endless Battle Clause: Forcing endless battles is banned\n|clearpoke\n|poke|p1|Espathra, F|\n|poke|p1|Drifblim, F|\n|poke|p1|Urshifu-*, F|\n|poke|p1|Zoroark-Hisui, F|\n|poke|p1|Flutter Mane|\n|poke|p1|Gliscor, M|\n|poke|p2|Urshifu-*, M|\n|poke|p2|Magearna|\n|poke|p2|Zacian-*|\n|poke|p2|Rayquaza|\n|poke|p2|Great Tusk|\n|poke|p2|Cinderace, F|\n|teampreview\n|inactive|Battle timer is ON: inactive players will automatically lose when time's up. (requested by GildedSapphire)\n|\n|t:|1700609366\n|start\n|switch|p1a: Drifblim|Drifblim, F|100\/100\n|switch|p2a: Zlatan|Rayquaza|100\/100\n|-ability|p2a: Zlatan|Air Lock\n|turn|1\n|\n|t:|1700609381\n|move|p2a: Zlatan|Dragon Dance|p2a: Zlatan\n|-boost|p2a: Zlatan|atk|1\n|-boost|p2a: Zlatan|spe|1\n|move|p1a: Drifblim|Minimize|p1a: Drifblim\n|-boost|p1a: Drifblim|evasion|2\n|\n|upkeep\n|turn|2\n|\n|t:|1700609390\n|move|p2a: Zlatan|Dragon Ascent|p1a: Drifblim|[miss]\n|-miss|p2a: Zlatan|p1a: Drifblim\n|move|p1a: Drifblim|Clear Smog|p2a: Zlatan\n|-crit|p2a: Zlatan\n|-damage|p2a: Zlatan|83\/100\n|-clearboost|p2a: Zlatan\n|\n|upkeep\n|turn|3\n|\n|t:|1700609398\n|move|p2a: Zlatan|Dragon Ascent|p1a: Drifblim\n|-damage|p1a: Drifblim|8\/100\n|-unboost|p2a: Zlatan|def|1\n|-unboost|p2a: Zlatan|spd|1\n|move|p1a: Drifblim|Minimize|p1a: Drifblim\n|-boost|p1a: Drifblim|evasion|2\n|\n|-heal|p1a: Drifblim|14\/100|[from] item: Leftovers\n|upkeep\n|turn|4\n|\n|t:|1700609408\n|move|p2a: Zlatan|Dragon Claw|p1a: Drifblim|[miss]\n|-miss|p2a: Zlatan|p1a: Drifblim\n|move|p1a: Drifblim|Baton Pass|p1a: Drifblim\n|\n|t:|1700609413\n|switch|p1a: Gliscor|Gliscor, M|100\/100|[from] Baton Pass\n|\n|-status|p1a: Gliscor|tox|[from] item: Toxic Orb\n|upkeep\n|turn|5\n|\n|t:|1700609426\n|switch|p2a: CR7|Great Tusk|100\/100\n|move|p1a: Gliscor|Knock Off|p2a: CR7\n|-resisted|p2a: CR7\n|-damage|p2a: CR7|93\/100\n|-enditem|p2a: CR7|Choice Scarf|[from] move: Knock Off|[of] p1a: Gliscor\n|\n|upkeep\n|turn|6\n|\n|t:|1700609436\n|move|p2a: CR7|Iron Head|p1a: Gliscor|[miss]\n|-miss|p2a: CR7|p1a: Gliscor\n|move|p1a: Gliscor|Earthquake|p2a: CR7\n|-damage|p2a: CR7|69\/100\n|\n|upkeep\n|turn|7\n|\n|t:|1700609442\n|move|p2a: CR7|Iron Head|p1a: Gliscor\n|-damage|p1a: Gliscor|81\/100 tox\n|move|p1a: Gliscor|Toxic|p2a: CR7\n|-status|p2a: CR7|tox\n|\n|-damage|p2a: CR7|62\/100 tox|[from] psn\n|-heal|p1a: Gliscor|93\/100 tox|[from] ability: Poison Heal\n|upkeep\n|turn|8\n|\n|t:|1700609450\n|-end|p2a: CR7|Protosynthesis|[silent]\n|switch|p2a: Sergio Ramos|Urshifu-Rapid-Strike, M|100\/100\n|move|p1a: Gliscor|Protect||[still]\n|-fail|p1a: Gliscor\n|\n|-heal|p1a: Gliscor|100\/100 tox|[from] ability: Poison Heal\n|upkeep\n|turn|9\n|\n|t:|1700609459\n|move|p1a: Gliscor|Protect|p1a: Gliscor\n|-singleturn|p1a: Gliscor|Protect\n|move|p2a: Sergio Ramos|Ice Punch|p1a: Gliscor\n|-activate|p1a: Gliscor|move: Protect\n|\n|upkeep\n|turn|10\n|\n|t:|1700609471\n|move|p2a: Sergio Ramos|Ice Punch|p1a: Gliscor|[miss]\n|-miss|p2a: Sergio Ramos|p1a: Gliscor\n|move|p1a: Gliscor|Earthquake|p2a: Sergio Ramos\n|-crit|p2a: Sergio Ramos\n|-damage|p2a: Sergio Ramos|50\/100\n|\n|upkeep\n|turn|11\n|\n|t:|1700609478\n|move|p1a: Gliscor|Protect|p1a: Gliscor\n|-singleturn|p1a: Gliscor|Protect\n|move|p2a: Sergio Ramos|Ice Punch|p1a: Gliscor\n|-activate|p1a: Gliscor|move: Protect\n|\n|upkeep\n|turn|12\n|\n|t:|1700609486\n|move|p2a: Sergio Ramos|Ice Punch|p1a: Gliscor\n|-supereffective|p1a: Gliscor\n|-damage|p1a: Gliscor|28\/100 tox\n|move|p1a: Gliscor|Earthquake|p2a: Sergio Ramos\n|-damage|p2a: Sergio Ramos|20\/100\n|\n|-heal|p1a: Gliscor|41\/100 tox|[from] ability: Poison Heal\n|upkeep\n|turn|13\n|\n|t:|1700609497\n|move|p1a: Gliscor|Protect|p1a: Gliscor\n|-singleturn|p1a: Gliscor|Protect\n|move|p2a: Sergio Ramos|Surging Strikes|p1a: Gliscor\n|-activate|p1a: Gliscor|move: Protect\n|\n|-heal|p1a: Gliscor|53\/100 tox|[from] ability: Poison Heal\n|upkeep\n|turn|14\n|\n|t:|1700609505\n|move|p2a: Sergio Ramos|Surging Strikes|p1a: Gliscor|[miss]\n|-miss|p2a: Sergio Ramos|p1a: Gliscor\n|move|p1a: Gliscor|Earthquake|p2a: Sergio Ramos\n|-damage|p2a: Sergio Ramos|0 fnt\n|faint|p2a: Sergio Ramos\n|\n|-heal|p1a: Gliscor|65\/100 tox|[from] ability: Poison Heal\n|upkeep\n|\n|t:|1700609514\n|switch|p2a: Zlatan|Rayquaza|83\/100\n|-ability|p2a: Zlatan|Air Lock\n|turn|15\n|\n|t:|1700609521\n|move|p2a: Zlatan|Dragon Ascent|p1a: Gliscor\n|-damage|p1a: Gliscor|16\/100 tox\n|-unboost|p2a: Zlatan|def|1\n|-unboost|p2a: Zlatan|spd|1\n|move|p1a: Gliscor|Toxic|p2a: Zlatan\n|-status|p2a: Zlatan|tox\n|\n|-damage|p2a: Zlatan|77\/100 tox|[from] psn\n|-heal|p1a: Gliscor|28\/100 tox|[from] ability: Poison Heal\n|upkeep\n|turn|16\n|\n|t:|1700609535\n|move|p1a: Gliscor|Protect|p1a: Gliscor\n|-singleturn|p1a: Gliscor|Protect\n|move|p2a: Zlatan|Extreme Speed|p1a: Gliscor\n|-activate|p1a: Gliscor|move: Protect\n|\n|-damage|p2a: Zlatan|65\/100 tox|[from] psn\n|-heal|p1a: Gliscor|41\/100 tox|[from] ability: Poison Heal\n|upkeep\n|turn|17\n|\n|t:|1700609544\n|move|p2a: Zlatan|Dragon Claw|p1a: Gliscor|[miss]\n|-miss|p2a: Zlatan|p1a: Gliscor\n|move|p1a: Gliscor|Knock Off|p2a: Zlatan\n|-damage|p2a: Zlatan|32\/100 tox\n|-enditem|p2a: Zlatan|Focus Sash|[from] move: Knock Off|[of] p1a: Gliscor\n|\n|-damage|p2a: Zlatan|14\/100 tox|[from] psn\n|-heal|p1a: Gliscor|53\/100 tox|[from] ability: Poison Heal\n|upkeep\n|turn|18\n|\n|t:|1700609554\n|move|p1a: Gliscor|Protect|p1a: Gliscor\n|-singleturn|p1a: Gliscor|Protect\n|move|p2a: Zlatan|Dragon Ascent|p1a: Gliscor\n|-activate|p1a: Gliscor|move: Protect\n|\n|-damage|p2a: Zlatan|0 fnt|[from] psn\n|faint|p2a: Zlatan\n|-heal|p1a: Gliscor|66\/100 tox|[from] ability: Poison Heal\n|upkeep\n|\n|t:|1700609564\n|switch|p2a: Messi|Cinderace, F|100\/100\n|turn|19\n|\n|t:|1700609571\n|move|p2a: Messi|Iron Head|p1a: Gliscor|[miss]\n|-start|p2a: Messi|typechange|Steel|[from] ability: Libero\n|-miss|p2a: Messi|p1a: Gliscor\n|move|p1a: Gliscor|Earthquake|p2a: Messi\n|-supereffective|p2a: Messi\n|-damage|p2a: Messi|7\/100\n|\n|-heal|p1a: Gliscor|78\/100 tox|[from] ability: Poison Heal\n|upkeep\n|turn|20\n|\n|t:|1700609583\n|-terastallize|p2a: Messi|Flying\n|move|p2a: Messi|Iron Head|p1a: Gliscor|[miss]\n|-miss|p2a: Messi|p1a: Gliscor\n|move|p1a: Gliscor|Knock Off|p2a: Messi\n|-damage|p2a: Messi|0 fnt\n|-enditem|p2a: Messi|Focus Sash|[from] move: Knock Off|[of] p1a: Gliscor\n|faint|p2a: Messi\n|\n|-heal|p1a: Gliscor|91\/100 tox|[from] ability: Poison Heal\n|upkeep\n|\n|t:|1700609593\n|switch|p2a: CR7|Great Tusk|62\/100 tox\n|turn|21\n|\n|t:|1700609600\n|move|p1a: Gliscor|Protect|p1a: Gliscor\n|-singleturn|p1a: Gliscor|Protect\n|move|p2a: CR7|Play Rough|p1a: Gliscor\n|-activate|p1a: Gliscor|move: Protect\n|\n|-damage|p2a: CR7|56\/100 tox|[from] psn\n|-heal|p1a: Gliscor|100\/100 tox|[from] ability: Poison Heal\n|upkeep\n|turn|22\n|\n|t:|1700609607\n|move|p2a: CR7|Play Rough|p1a: Gliscor|[miss]\n|-miss|p2a: CR7|p1a: Gliscor\n|move|p1a: Gliscor|Earthquake|p2a: CR7\n|-damage|p2a: CR7|34\/100 tox\n|\n|-damage|p2a: CR7|21\/100 tox|[from] psn\n|upkeep\n|turn|23\n|\n|t:|1700609615\n|move|p1a: Gliscor|Protect|p1a: Gliscor\n|-singleturn|p1a: Gliscor|Protect\n|move|p2a: CR7|Play Rough|p1a: Gliscor\n|-activate|p1a: Gliscor|move: Protect\n|\n|-damage|p2a: CR7|3\/100 tox|[from] psn\n|upkeep\n|turn|24\n|\n|t:|1700609623\n|move|p2a: CR7|Play Rough|p1a: Gliscor|[miss]\n|-miss|p2a: CR7|p1a: Gliscor\n|move|p1a: Gliscor|Knock Off|p2a: CR7\n|-resisted|p2a: CR7\n|-damage|p2a: CR7|0 fnt\n|faint|p2a: CR7\n|-end|p2a: CR7|Protosynthesis|[silent]\n|\n|upkeep\n|\n|t:|1700609629\n|switch|p2a: Harry Kane|Magearna|100\/100\n|turn|25\n|\n|t:|1700609636\n|move|p1a: Gliscor|Earthquake|p2a: Harry Kane\n|-supereffective|p2a: Harry Kane\n|-damage|p2a: Harry Kane|39\/100\n|move|p2a: Harry Kane|Calm Mind|p2a: Harry Kane\n|-boost|p2a: Harry Kane|spa|1\n|-boost|p2a: Harry Kane|spd|1\n|\n|-heal|p2a: Harry Kane|45\/100|[from] item: Leftovers\n|upkeep\n|turn|26\n|\n|t:|1700609644\n|move|p1a: Gliscor|Knock Off|p2a: Harry Kane\n|-resisted|p2a: Harry Kane\n|-damage|p2a: Harry Kane|35\/100\n|-enditem|p2a: Harry Kane|Leftovers|[from] move: Knock Off|[of] p1a: Gliscor\n|move|p2a: Harry Kane|Flash Cannon|p1a: Gliscor|[miss]\n|-miss|p2a: Harry Kane|p1a: Gliscor\n|\n|upkeep\n|turn|27\n|\n|t:|1700609652\n|move|p1a: Gliscor|Earthquake|p2a: Harry Kane\n|-supereffective|p2a: Harry Kane\n|-damage|p2a: Harry Kane|0 fnt\n|faint|p2a: Harry Kane\n|\n|upkeep\n|\n|t:|1700609656\n|switch|p2a: Lewandowski|Zacian-Crowned|100\/100\n|-ability|p2a: Lewandowski|Intrepid Sword|boost\n|-boost|p2a: Lewandowski|atk|1\n|turn|28\n|c|\u2606GildedSapphire|I cannot believe that this is working\n|c|\u2606GildedSapphire|lmao\n|\n|t:|1700609672\n|move|p2a: Lewandowski|Behemoth Blade|p1a: Gliscor\n|-damage|p1a: Gliscor|47\/100 tox\n|move|p1a: Gliscor|Earthquake|p2a: Lewandowski\n|-supereffective|p2a: Lewandowski\n|-damage|p2a: Lewandowski|34\/100\n|\n|-heal|p1a: Gliscor|60\/100 tox|[from] ability: Poison Heal\n|upkeep\n|turn|29\n|\n|t:|1700609683\n|move|p1a: Gliscor|Protect|p1a: Gliscor\n|-singleturn|p1a: Gliscor|Protect\n|move|p2a: Lewandowski|Sacred Sword|p1a: Gliscor\n|-activate|p1a: Gliscor|move: Protect\n|\n|-heal|p1a: Gliscor|72\/100 tox|[from] ability: Poison Heal\n|upkeep\n|turn|30\n|\n|t:|1700609690\n|move|p2a: Lewandowski|Behemoth Blade|p1a: Gliscor|[miss]\n|-miss|p2a: Lewandowski|p1a: Gliscor\n|move|p1a: Gliscor|Earthquake|p2a: Lewandowski\n|-supereffective|p2a: Lewandowski\n|-damage|p2a: Lewandowski|0 fnt\n|faint|p2a: Lewandowski\n|\n|win|GildedSapphire\n|raw|GildedSapphire's rating: 1106 &rarr; <strong>1124<\/strong><br \/>(+18 for winning)\n|raw|deer321's rating: 1000 &rarr; <strong>1000<\/strong><br \/>(+0 for losing)\n|c|\u2606GildedSapphire|gg\n|l|\u2606deer321\n","uploadtime":1700609700,"views":5,"p1id":"gildedsapphire","p2id":"deer321","formatid":"gen9anythinggoes","rating":1000,"private":0,"password":""}