{"id":"gen9anythinggoes-1976812024","p1":"TheToxicPokemoner","p2":"Nasty N","format":"[Gen 9] Anything Goes","log":"|j|\u2606TheToxicPokemoner\n|j|\u2606Nasty N\n|t:|1698343317\n|gametype|singles\n|player|p1|TheToxicPokemoner|dragontamer|1245\n|player|p2|Nasty N|n|1345\n|teamsize|p1|6\n|teamsize|p2|6\n|gen|9\n|tier|[Gen 9] Anything Goes\n|rated|\n|rule|HP Percentage Mod: HP is shown in percentages\n|rule|Endless Battle Clause: Forcing endless battles is banned\n|clearpoke\n|poke|p1|Torterra, F|\n|poke|p1|Ceruledge, F|\n|poke|p1|Kyogre|\n|poke|p1|Regidrago|\n|poke|p1|Toxapex, M|\n|poke|p1|Darkrai|\n|poke|p2|Pawmot, F|\n|poke|p2|Pawmot, F|\n|poke|p2|Pawmot, F|\n|poke|p2|Pawmot, M|\n|poke|p2|Basculegion, M|\n|poke|p2|Mandibuzz, F|\n|teampreview\n|inactive|Battle timer is ON: inactive players will automatically lose when time's up. (requested by Nasty N)\n|\n|t:|1698343320\n|start\n|switch|p1a: Torterra|Torterra, F|100\/100\n|switch|p2a: Basculegion|Basculegion, M, shiny|100\/100\n|turn|1\n|\n|t:|1698343327\n|move|p2a: Basculegion|Wave Crash|p1a: Torterra\n|-damage|p1a: Torterra|21\/100\n|-damage|p2a: Basculegion|78\/100|[from] Recoil\n|move|p1a: Torterra|Shell Smash|p1a: Torterra\n|-unboost|p1a: Torterra|def|1\n|-unboost|p1a: Torterra|spd|1\n|-boost|p1a: Torterra|atk|2\n|-boost|p1a: Torterra|spa|2\n|-boost|p1a: Torterra|spe|2\n|-enditem|p1a: Torterra|White Herb\n|-clearnegativeboost|p1a: Torterra|[silent]\n|\n|upkeep\n|turn|2\n|\n|t:|1698343331\n|move|p1a: Torterra|Bullet Seed|p2a: Basculegion\n|-supereffective|p2a: Basculegion\n|-damage|p2a: Basculegion|7\/100\n|-supereffective|p2a: Basculegion\n|-damage|p2a: Basculegion|0 fnt\n|faint|p2a: Basculegion\n|-hitcount|p2: Basculegion|2\n|\n|upkeep\n|\n|t:|1698343335\n|switch|p2a: Mandibuzz|Mandibuzz, F, shiny|100\/100\n|turn|3\n|\n|t:|1698343342\n|move|p1a: Torterra|Rock Blast|p2a: Mandibuzz\n|-supereffective|p2a: Mandibuzz\n|-damage|p2a: Mandibuzz|79\/100\n|-supereffective|p2a: Mandibuzz\n|-damage|p2a: Mandibuzz|61\/100\n|-supereffective|p2a: Mandibuzz\n|-damage|p2a: Mandibuzz|41\/100\n|-hitcount|p2a: Mandibuzz|3\n|move|p2a: Mandibuzz|Toxic|p1a: Torterra\n|-status|p1a: Torterra|tox\n|\n|-damage|p1a: Torterra|15\/100 tox|[from] psn\n|upkeep\n|turn|4\n|\n|t:|1698343351\n|move|p1a: Torterra|Rock Blast|p2a: Mandibuzz\n|-supereffective|p2a: Mandibuzz\n|-damage|p2a: Mandibuzz|23\/100\n|-supereffective|p2a: Mandibuzz\n|-damage|p2a: Mandibuzz|3\/100\n|-supereffective|p2a: Mandibuzz\n|-damage|p2a: Mandibuzz|0 fnt\n|faint|p2a: Mandibuzz\n|-hitcount|p2: Mandibuzz|3\n|\n|-damage|p1a: Torterra|3\/100 tox|[from] psn\n|upkeep\n|\n|t:|1698343362\n|switch|p2a: Pawmot|Pawmot, F, shiny|100\/100\n|turn|5\n|\n|t:|1698343367\n|move|p1a: Torterra|High Horsepower|p2a: Pawmot\n|-supereffective|p2a: Pawmot\n|-enditem|p2a: Pawmot|Focus Sash\n|-damage|p2a: Pawmot|1\/100\n|move|p2a: Pawmot|Revival Blessing|p2a: Pawmot\n|\n|t:|1698343370\n|-heal|p2: Basculegion|50\/100|[from] move: Revival Blessing\n|\n|-damage|p1a: Torterra|0 fnt|[from] psn\n|faint|p1a: Torterra\n|upkeep\n|c|\u2606TheToxicPokemoner|lol\n|\n|t:|1698343381\n|switch|p1a: Ceruledge|Ceruledge, F|100\/100\n|turn|6\n|\n|t:|1698343385\n|move|p2a: Pawmot|Double Shock|p1a: Ceruledge\n|-damage|p1a: Ceruledge|16\/100\n|-start|p2a: Pawmot|typechange|???\/Fighting|[from] move: Double Shock\n|-ability|p1a: Ceruledge|Weak Armor|boost\n|-unboost|p1a: Ceruledge|def|1\n|-boost|p1a: Ceruledge|spe|2\n|move|p1a: Ceruledge|Swords Dance|p1a: Ceruledge\n|-boost|p1a: Ceruledge|atk|2\n|\n|upkeep\n|turn|7\n|\n|t:|1698343396\n|move|p1a: Ceruledge|Shadow Sneak|p2a: Pawmot\n|-damage|p2a: Pawmot|0 fnt\n|faint|p2a: Pawmot\n|\n|upkeep\n|\n|t:|1698343407\n|switch|p2a: Basculegion|Basculegion, M, shiny|50\/100\n|turn|8\n|\n|t:|1698343411\n|move|p1a: Ceruledge|Shadow Sneak|p2a: Basculegion\n|-supereffective|p2a: Basculegion\n|-damage|p2a: Basculegion|0 fnt\n|faint|p2a: Basculegion\n|\n|upkeep\n|\n|t:|1698343414\n|switch|p2a: Pawmot|Pawmot, F, shiny|100\/100\n|turn|9\n|\n|t:|1698343419\n|move|p1a: Ceruledge|Bitter Blade|p2a: Pawmot\n|-enditem|p2a: Pawmot|Focus Sash\n|-damage|p2a: Pawmot|1\/100\n|-heal|p1a: Ceruledge|64\/100|[from] drain|[of] p2a: Pawmot\n|move|p2a: Pawmot|Double Shock|p1a: Ceruledge\n|-damage|p1a: Ceruledge|0 fnt\n|-start|p2a: Pawmot|typechange|???\/Fighting|[from] move: Double Shock\n|faint|p1a: Ceruledge\n|\n|upkeep\n|\n|t:|1698343442\n|switch|p1a: Darkrai|Darkrai|100\/100\n|turn|10\n|\n|t:|1698343446\n|move|p1a: Darkrai|Drain Punch|p2a: Pawmot\n|-damage|p2a: Pawmot|0 fnt\n|faint|p2a: Pawmot\n|\n|upkeep\n|\n|t:|1698343449\n|switch|p2a: Pawmot|Pawmot, F, shiny|100\/100\n|turn|11\n|\n|t:|1698343455\n|move|p1a: Darkrai|Hypnosis|p2a: Pawmot|[miss]\n|-miss|p1a: Darkrai|p2a: Pawmot\n|move|p2a: Pawmot|Revival Blessing|p2a: Pawmot\n|\n|t:|1698343459\n|-heal|p2: Basculegion|50\/100|[from] move: Revival Blessing\n|\n|upkeep\n|turn|12\n|\n|t:|1698343463\n|move|p1a: Darkrai|Hypnosis|p2a: Pawmot|[miss]\n|-miss|p1a: Darkrai|p2a: Pawmot\n|move|p2a: Pawmot|Close Combat|p1a: Darkrai\n|-supereffective|p1a: Darkrai\n|-damage|p1a: Darkrai|0 fnt\n|-unboost|p2a: Pawmot|def|1\n|-unboost|p2a: Pawmot|spd|1\n|faint|p1a: Darkrai\n|\n|upkeep\n|\n|t:|1698343473\n|switch|p1a: Regidrago|Regidrago|100\/100\n|turn|13\n|\n|t:|1698343479\n|move|p1a: Regidrago|Dragon Energy|p2a: Pawmot\n|-enditem|p2a: Pawmot|Focus Sash\n|-damage|p2a: Pawmot|1\/100\n|move|p2a: Pawmot|Close Combat|p1a: Regidrago\n|-damage|p1a: Regidrago|36\/100\n|-unboost|p2a: Pawmot|def|1\n|-unboost|p2a: Pawmot|spd|1\n|\n|upkeep\n|turn|14\n|\n|t:|1698343491\n|move|p1a: Regidrago|Dragon Energy|p2a: Pawmot\n|-damage|p2a: Pawmot|0 fnt\n|faint|p2a: Pawmot\n|\n|upkeep\n|\n|t:|1698343494\n|switch|p2a: Basculegion|Basculegion, M, shiny|50\/100\n|turn|15\n|\n|t:|1698343503\n|move|p1a: Regidrago|Dragon Energy|p2a: Basculegion\n|-damage|p2a: Basculegion|22\/100\n|move|p2a: Basculegion|Last Respects|p1a: Regidrago\n|-damage|p1a: Regidrago|0 fnt\n|faint|p1a: Regidrago\n|\n|upkeep\n|\n|t:|1698343511\n|switch|p1a: Kyogre|Kyogre|100\/100\n|-weather|RainDance|[from] ability: Drizzle|[of] p1a: Kyogre\n|turn|16\n|\n|t:|1698343515\n|move|p2a: Basculegion|Last Respects|p1a: Kyogre\n|-damage|p1a: Kyogre|0 fnt\n|faint|p1a: Kyogre\n|\n|-weather|RainDance|[upkeep]\n|upkeep\n|\n|t:|1698343521\n|switch|p1a: Toxapex|Toxapex, M|100\/100\n|turn|17\n|\n|t:|1698343526\n|move|p1a: Toxapex|Baneful Bunker|p1a: Toxapex\n|-singleturn|p1a: Toxapex|move: Protect\n|move|p2a: Basculegion|Last Respects|p1a: Toxapex\n|-activate|p1a: Toxapex|move: Protect\n|\n|-weather|RainDance|[upkeep]\n|upkeep\n|turn|18\n|\n|t:|1698343534\n|move|p2a: Basculegion|Last Respects|p1a: Toxapex\n|-damage|p1a: Toxapex|0 fnt\n|faint|p1a: Toxapex\n|\n|win|Nasty N\n|raw|TheToxicPokemoner's rating: 1245 &rarr; <strong>1227<\/strong><br \/>(-18 for losing)\n|raw|Nasty N's rating: 1345 &rarr; <strong>1359<\/strong><br \/>(+14 for winning)\n|c|\u2606Nasty N|Gg\n|c|\u2606TheToxicPokemoner|L\n|l|\u2606TheToxicPokemoner\n","uploadtime":1698343557,"views":6,"p1id":"thetoxicpokemoner","p2id":"nastyn","formatid":"gen9anythinggoes","rating":1227,"private":0,"password":""}