{"id":"gen9anythinggoes-1992059257","p1":"Jeffreylol1","p2":"SnappisPappis","format":"[Gen 9] Anything Goes","log":"|j|\u2606Jeffreylol1\n|j|\u2606SnappisPappis\n|t:|1700151660\n|gametype|singles\n|player|p1|Jeffreylol1|lucas|1134\n|player|p2|SnappisPappis|riley|1168\n|teamsize|p1|6\n|teamsize|p2|6\n|gen|9\n|tier|[Gen 9] Anything Goes\n|rated|\n|rule|HP Percentage Mod: HP is shown in percentages\n|rule|Endless Battle Clause: Forcing endless battles is banned\n|clearpoke\n|poke|p1|Ogerpon-Hearthflame, F|\n|poke|p1|Dragonite, F|\n|poke|p1|Flutter Mane|\n|poke|p1|Urshifu-*, F|\n|poke|p1|Gholdengo|\n|poke|p1|Chien-Pao|\n|poke|p2|Maushold-Four|\n|poke|p2|Flutter Mane|\n|poke|p2|Miraidon|\n|poke|p2|Rabsca, M|\n|poke|p2|Garganacl, F|\n|poke|p2|Houndstone, M|\n|teampreview\n|inactive|Battle timer is ON: inactive players will automatically lose when time's up. (requested by Jeffreylol1)\n|c|\u2606Jeffreylol1|Hi\n|inactive|SnappisPappis has 120 seconds left.\n|\n|t:|1700151702\n|start\n|switch|p1a: Chien-Pao|Chien-Pao|100\/100\n|switch|p2a: Flutter Mane|Flutter Mane, shiny|100\/100\n|-ability|p1a: Chien-Pao|Sword of Ruin\n|turn|1\n|inactive|Jeffreylol1 has 120 seconds left.\n|\n|t:|1700151747\n|-end|p2a: Flutter Mane|Protosynthesis|[silent]\n|switch|p2a: Maushold|Maushold-Four|100\/100\n|-terastallize|p1a: Chien-Pao|Electric\n|move|p1a: Chien-Pao|Sucker Punch||[still]\n|-fail|p1a: Chien-Pao\n|\n|upkeep\n|turn|2\n|\n|t:|1700151753\n|move|p1a: Chien-Pao|Icicle Crash|p2a: Maushold\n|-damage|p2a: Maushold|10\/100\n|cant|p2a: Maushold|flinch\n|\n|upkeep\n|turn|3\n|\n|t:|1700151768\n|switch|p2a: SSSReplacement|Garganacl, F, shiny|100\/100\n|move|p1a: Chien-Pao|Sucker Punch||[still]\n|-fail|p1a: Chien-Pao\n|\n|upkeep\n|turn|4\n|\n|t:|1700151783\n|-terastallize|p2a: SSSReplacement|Fairy\n|move|p1a: Chien-Pao|Icicle Crash|p2a: SSSReplacement\n|-damage|p2a: SSSReplacement|57\/100\n|move|p2a: SSSReplacement|Iron Defense|p2a: SSSReplacement\n|-boost|p2a: SSSReplacement|def|2\n|\n|-heal|p2a: SSSReplacement|63\/100|[from] item: Leftovers\n|upkeep\n|turn|5\n|\n|t:|1700151790\n|move|p1a: Chien-Pao|Icicle Crash|p2a: SSSReplacement\n|-damage|p2a: SSSReplacement|43\/100\n|cant|p2a: SSSReplacement|flinch\n|\n|-heal|p2a: SSSReplacement|49\/100|[from] item: Leftovers\n|upkeep\n|turn|6\n|\n|t:|1700151793\n|move|p1a: Chien-Pao|Icicle Crash|p2a: SSSReplacement\n|-damage|p2a: SSSReplacement|28\/100\n|cant|p2a: SSSReplacement|flinch\n|\n|-heal|p2a: SSSReplacement|34\/100|[from] item: Leftovers\n|upkeep\n|turn|7\n|\n|t:|1700151796\n|move|p1a: Chien-Pao|Icicle Crash|p2a: SSSReplacement\n|-damage|p2a: SSSReplacement|15\/100\n|cant|p2a: SSSReplacement|flinch\n|\n|-heal|p2a: SSSReplacement|21\/100|[from] item: Leftovers\n|upkeep\n|turn|8\n|\n|t:|1700151799\n|move|p1a: Chien-Pao|Icicle Crash|p2a: SSSReplacement\n|-damage|p2a: SSSReplacement|1\/100\n|move|p2a: SSSReplacement|Recover|p2a: SSSReplacement\n|-heal|p2a: SSSReplacement|51\/100\n|\n|-heal|p2a: SSSReplacement|57\/100|[from] item: Leftovers\n|upkeep\n|turn|9\n|\n|t:|1700151804\n|switch|p1a: Urshifu|Urshifu-Rapid-Strike, F|100\/100\n|move|p2a: SSSReplacement|Recover|p2a: SSSReplacement\n|-heal|p2a: SSSReplacement|100\/100\n|\n|upkeep\n|turn|10\n|\n|t:|1700151808\n|move|p1a: Urshifu|Close Combat|p2a: SSSReplacement\n|-resisted|p2a: SSSReplacement\n|-damage|p2a: SSSReplacement|91\/100\n|-unboost|p1a: Urshifu|def|1\n|-unboost|p1a: Urshifu|spd|1\n|move|p2a: SSSReplacement|Salt Cure|p1a: Urshifu\n|-resisted|p1a: Urshifu\n|-damage|p1a: Urshifu|93\/100\n|-start|p1a: Urshifu|Salt Cure\n|\n|-heal|p2a: SSSReplacement|97\/100|[from] item: Leftovers\n|-damage|p1a: Urshifu|68\/100|[from] Salt Cure\n|upkeep\n|turn|11\n|\n|t:|1700151813\n|move|p1a: Urshifu|U-turn|p2a: SSSReplacement\n|-resisted|p2a: SSSReplacement\n|-damage|p2a: SSSReplacement|93\/100\n|\n|t:|1700151818\n|switch|p1a: Flutter Mane|Flutter Mane|100\/100|[from] U-turn\n|-enditem|p1a: Flutter Mane|Booster Energy\n|-activate|p1a: Flutter Mane|ability: Protosynthesis|[fromitem]\n|-start|p1a: Flutter Mane|protosynthesisspa\n|move|p2a: SSSReplacement|Iron Defense|p2a: SSSReplacement\n|-boost|p2a: SSSReplacement|def|2\n|\n|-heal|p2a: SSSReplacement|99\/100|[from] item: Leftovers\n|upkeep\n|turn|12\n|\n|t:|1700151822\n|move|p1a: Flutter Mane|Shadow Ball|p2a: SSSReplacement\n|-damage|p2a: SSSReplacement|81\/100\n|move|p2a: SSSReplacement|Salt Cure|p1a: Flutter Mane\n|-damage|p1a: Flutter Mane|68\/100\n|-start|p1a: Flutter Mane|Salt Cure\n|\n|-heal|p2a: SSSReplacement|87\/100|[from] item: Leftovers\n|-damage|p1a: Flutter Mane|56\/100|[from] Salt Cure\n|upkeep\n|turn|13\n|\n|t:|1700151829\n|move|p1a: Flutter Mane|Psyshock|p2a: SSSReplacement\n|-damage|p2a: SSSReplacement|78\/100\n|move|p2a: SSSReplacement|Salt Cure|p1a: Flutter Mane\n|-damage|p1a: Flutter Mane|24\/100\n|\n|-heal|p2a: SSSReplacement|84\/100|[from] item: Leftovers\n|-damage|p1a: Flutter Mane|11\/100|[from] Salt Cure\n|upkeep\n|turn|14\n|\n|t:|1700151835\n|move|p1a: Flutter Mane|Mystical Fire|p2a: SSSReplacement\n|-damage|p2a: SSSReplacement|63\/100\n|-unboost|p2a: SSSReplacement|spa|1\n|move|p2a: SSSReplacement|Recover|p2a: SSSReplacement\n|-heal|p2a: SSSReplacement|100\/100\n|\n|-damage|p1a: Flutter Mane|0 fnt|[from] Salt Cure\n|faint|p1a: Flutter Mane\n|-end|p1a: Flutter Mane|Protosynthesis|[silent]\n|upkeep\n|\n|t:|1700151846\n|switch|p1a: Gholdengo|Gholdengo|100\/100\n|turn|15\n|\n|t:|1700151855\n|move|p1a: Gholdengo|Trick|p2a: SSSReplacement\n|-activate|p1a: Gholdengo|move: Trick|[of] p2a: SSSReplacement\n|-item|p2a: SSSReplacement|Toxic Orb|[from] move: Trick\n|-item|p1a: Gholdengo|Leftovers|[from] move: Trick\n|move|p2a: SSSReplacement|Salt Cure|p1a: Gholdengo\n|-resisted|p1a: Gholdengo\n|-damage|p1a: Gholdengo|95\/100\n|-start|p1a: Gholdengo|Salt Cure\n|\n|-heal|p1a: Gholdengo|100\/100|[from] item: Leftovers\n|-damage|p1a: Gholdengo|75\/100|[from] Salt Cure\n|upkeep\n|turn|16\n|\n|t:|1700151869\n|move|p1a: Gholdengo|Make It Rain|p2a: SSSReplacement\n|-supereffective|p2a: SSSReplacement\n|-damage|p2a: SSSReplacement|27\/100\n|-unboost|p1a: Gholdengo|spa|1\n|move|p2a: SSSReplacement|Salt Cure|p1a: Gholdengo\n|-resisted|p1a: Gholdengo\n|-damage|p1a: Gholdengo|71\/100\n|\n|-heal|p1a: Gholdengo|77\/100|[from] item: Leftovers\n|-damage|p1a: Gholdengo|52\/100|[from] Salt Cure\n|upkeep\n|turn|17\n|\n|t:|1700151874\n|move|p1a: Gholdengo|Make It Rain|p2a: SSSReplacement\n|-supereffective|p2a: SSSReplacement\n|-damage|p2a: SSSReplacement|0 fnt\n|-unboost|p1a: Gholdengo|spa|1\n|faint|p2a: SSSReplacement\n|\n|-heal|p1a: Gholdengo|58\/100|[from] item: Leftovers\n|-damage|p1a: Gholdengo|33\/100|[from] Salt Cure\n|upkeep\n|\n|t:|1700151877\n|switch|p2a: DeMarco|Miraidon|100\/100\n|-fieldstart|move: Electric Terrain|[from] ability: Hadron Engine|[of] p2a: DeMarco\n|turn|18\n|\n|t:|1700151885\n|move|p2a: DeMarco|Electro Drift|p1a: Gholdengo\n|-damage|p1a: Gholdengo|0 fnt\n|faint|p1a: Gholdengo\n|\n|upkeep\n|\n|t:|1700151895\n|switch|p1a: Chien-Pao|Chien-Pao, tera:Electric|100\/100\n|-ability|p1a: Chien-Pao|Sword of Ruin\n|turn|19\n|\n|t:|1700151900\n|move|p2a: DeMarco|Electro Drift|p1a: Chien-Pao\n|-resisted|p1a: Chien-Pao\n|-damage|p1a: Chien-Pao|26\/100\n|move|p1a: Chien-Pao|Icicle Crash|p2a: DeMarco|[miss]\n|-miss|p1a: Chien-Pao|p2a: DeMarco\n|\n|upkeep\n|turn|20\n|\n|t:|1700151908\n|move|p2a: DeMarco|Dragon Pulse|p1a: Chien-Pao\n|-damage|p1a: Chien-Pao|0 fnt\n|faint|p1a: Chien-Pao\n|\n|upkeep\n|\n|t:|1700151910\n|switch|p1a: Dragonite|Dragonite, F|100\/100\n|turn|21\n|\n|t:|1700151917\n|move|p2a: DeMarco|Dragon Pulse|p1a: Dragonite\n|-supereffective|p1a: Dragonite\n|-damage|p1a: Dragonite|46\/100\n|move|p1a: Dragonite|Earthquake|p2a: DeMarco\n|-supereffective|p2a: DeMarco\n|-damage|p2a: DeMarco|24\/100\n|\n|upkeep\n|turn|22\n|\n|t:|1700151923\n|move|p1a: Dragonite|Extreme Speed|p2a: DeMarco\n|-damage|p2a: DeMarco|0 fnt\n|faint|p2a: DeMarco\n|\n|-fieldend|move: Electric Terrain\n|upkeep\n|\n|t:|1700151926\n|switch|p2a: Flutter Mane|Flutter Mane, shiny|100\/100\n|turn|23\n|\n|t:|1700151933\n|move|p2a: Flutter Mane|Moonblast|p1a: Dragonite\n|-supereffective|p1a: Dragonite\n|-damage|p1a: Dragonite|0 fnt\n|faint|p1a: Dragonite\n|-damage|p2a: Flutter Mane|91\/100|[from] item: Life Orb\n|\n|upkeep\n|\n|t:|1700151945\n|switch|p1a: Urshifu|Urshifu-Rapid-Strike, F|68\/100\n|turn|24\n|\n|t:|1700151949\n|move|p2a: Flutter Mane|Moonblast|p1a: Urshifu\n|-supereffective|p1a: Urshifu\n|-damage|p1a: Urshifu|0 fnt\n|faint|p1a: Urshifu\n|-damage|p2a: Flutter Mane|81\/100|[from] item: Life Orb\n|\n|upkeep\n|\n|t:|1700151952\n|switch|p1a: Ogerpon|Ogerpon-Hearthflame, F|100\/100\n|-ability|p1a: Ogerpon|Mold Breaker\n|turn|25\n|\n|t:|1700151957\n|move|p2a: Flutter Mane|Shadow Ball|p1a: Ogerpon\n|-damage|p1a: Ogerpon|33\/100\n|-damage|p2a: Flutter Mane|71\/100|[from] item: Life Orb\n|move|p1a: Ogerpon|Knock Off|p2a: Flutter Mane\n|-damage|p2a: Flutter Mane|0 fnt\n|-enditem|p2a: Flutter Mane|Life Orb|[from] move: Knock Off|[of] p1a: Ogerpon\n|faint|p2a: Flutter Mane\n|-end|p2a: Flutter Mane|Protosynthesis|[silent]\n|\n|upkeep\n|\n|t:|1700151960\n|switch|p2a: Maushold|Maushold-Four|10\/100\n|turn|26\n|\n|t:|1700151964\n|move|p2a: Maushold|Population Bomb|p1a: Ogerpon\n|-damage|p1a: Ogerpon|20\/100\n|-damage|p1a: Ogerpon|4\/100\n|-damage|p1a: Ogerpon|0 fnt\n|faint|p1a: Ogerpon\n|-hitcount|p1: Ogerpon|3\n|\n|win|SnappisPappis\n|raw|Jeffreylol1's rating: 1134 &rarr; <strong>1111<\/strong><br \/>(-23 for losing)\n|raw|SnappisPappis's rating: 1168 &rarr; <strong>1191<\/strong><br \/>(+23 for winning)\n|l|\u2606Jeffreylol1\n","uploadtime":1700151976,"views":5,"p1id":"jeffreylol1","p2id":"snappispappis","formatid":"gen9anythinggoes","rating":1111,"private":0,"password":""}