{"id":"gen9anythinggoes-1981844709","p1":"Dumbfudge","p2":"Playermaybe?","format":"[Gen 9] Anything Goes","log":"|j|\u2606Dumbfudge\n|j|\u2606Playermaybe?\n|t:|1698945919\n|gametype|singles\n|player|p1|Dumbfudge|blackbelt-gen4dp|1499\n|player|p2|Playermaybe?|1|1517\n|teamsize|p1|6\n|teamsize|p2|6\n|gen|9\n|tier|[Gen 9] Anything Goes\n|rated|\n|rule|HP Percentage Mod: HP is shown in percentages\n|rule|Endless Battle Clause: Forcing endless battles is banned\n|clearpoke\n|poke|p1|Breloom, F|\n|poke|p1|Giratina-Origin|\n|poke|p1|Calyrex-Shadow|\n|poke|p1|Zacian-*|\n|poke|p1|Shaymin-Sky|\n|poke|p1|Espathra, M|\n|poke|p2|Urshifu-*, F|\n|poke|p2|Espathra, F|\n|poke|p2|Annihilape, M|\n|poke|p2|Koraidon|\n|poke|p2|Miraidon|\n|poke|p2|Glimmora, F|\n|teampreview\n|inactive|Battle timer is ON: inactive players will automatically lose when time's up. (requested by Playermaybe?)\n|\n|t:|1698945922\n|start\n|switch|p1a: Shaymin|Shaymin-Sky|100\/100\n|switch|p2a: Glimmora|Glimmora, F|100\/100\n|turn|1\n|\n|t:|1698945928\n|move|p1a: Shaymin|Air Slash|p2a: Glimmora\n|-resisted|p2a: Glimmora\n|-damage|p2a: Glimmora|83\/100\n|move|p2a: Glimmora|Stealth Rock|p1a: Shaymin\n|-sidestart|p1: Dumbfudge|move: Stealth Rock\n|\n|upkeep\n|turn|2\n|\n|t:|1698945934\n|move|p1a: Shaymin|Air Slash|p2a: Glimmora\n|-resisted|p2a: Glimmora\n|-damage|p2a: Glimmora|65\/100\n|cant|p2a: Glimmora|flinch\n|\n|upkeep\n|turn|3\n|\n|t:|1698945940\n|move|p1a: Shaymin|Air Slash|p2a: Glimmora\n|-resisted|p2a: Glimmora\n|-damage|p2a: Glimmora|46\/100\n|cant|p2a: Glimmora|flinch\n|\n|upkeep\n|turn|4\n|\n|t:|1698945945\n|move|p1a: Shaymin|Air Slash|p2a: Glimmora\n|-resisted|p2a: Glimmora\n|-damage|p2a: Glimmora|28\/100\n|cant|p2a: Glimmora|flinch\n|\n|upkeep\n|turn|5\n|\n|t:|1698945951\n|move|p1a: Shaymin|Air Slash|p2a: Glimmora\n|-resisted|p2a: Glimmora\n|-damage|p2a: Glimmora|9\/100\n|cant|p2a: Glimmora|flinch\n|\n|upkeep\n|turn|6\n|\n|t:|1698945957\n|move|p1a: Shaymin|Air Slash|p2a: Glimmora\n|-resisted|p2a: Glimmora\n|-damage|p2a: Glimmora|0 fnt\n|faint|p2a: Glimmora\n|\n|upkeep\n|\n|t:|1698945965\n|switch|p2a: Koraidon|Koraidon|100\/100\n|-weather|SunnyDay|[from] ability: Orichalcum Pulse|[of] p2a: Koraidon\n|-activate|p2a: Koraidon|Orichalcum Pulse|[source]\n|turn|7\n|\n|t:|1698945970\n|move|p2a: Koraidon|Flare Blitz|p1a: Shaymin\n|-supereffective|p1a: Shaymin\n|-damage|p1a: Shaymin|0 fnt\n|faint|p1a: Shaymin\n|-damage|p2a: Koraidon|67\/100|[from] Recoil\n|\n|-weather|SunnyDay|[upkeep]\n|upkeep\n|\n|t:|1698945978\n|switch|p1a: Giratina|Giratina-Origin|100\/100\n|-damage|p1a: Giratina|88\/100|[from] Stealth Rock\n|turn|8\n|\n|t:|1698945982\n|switch|p2a: Espathra|Espathra, F|100\/100\n|move|p1a: Giratina|Defog|p2a: Espathra\n|-unboost|p2a: Espathra|evasion|1\n|-sideend|p1: Dumbfudge|Stealth Rock|[from] move: Defog|[of] p1a: Giratina\n|\n|-weather|SunnyDay|[upkeep]\n|upkeep\n|turn|9\n|\n|t:|1698945993\n|move|p2a: Espathra|Lumina Crash|p1a: Giratina\n|-damage|p1a: Giratina|57\/100\n|-unboost|p1a: Giratina|spd|2\n|-damage|p2a: Espathra|91\/100|[from] item: Life Orb\n|move|p1a: Giratina|Outrage|p2a: Espathra\n|-damage|p2a: Espathra|3\/100\n|\n|-weather|SunnyDay|[upkeep]\n|-ability|p2a: Espathra|Speed Boost|boost\n|-boost|p2a: Espathra|spe|1\n|upkeep\n|turn|10\n|\n|t:|1698946007\n|-terastallize|p2a: Espathra|Fairy\n|move|p2a: Espathra|Calm Mind|p2a: Espathra\n|-boost|p2a: Espathra|spa|1\n|-boost|p2a: Espathra|spd|1\n|move|p1a: Giratina|Outrage|p2a: Espathra|[from]lockedmove\n|-immune|p2a: Espathra\n|\n|-weather|SunnyDay|[upkeep]\n|-ability|p2a: Espathra|Speed Boost|boost\n|-boost|p2a: Espathra|spe|1\n|upkeep\n|turn|11\n|\n|t:|1698946021\n|move|p2a: Espathra|Calm Mind|p2a: Espathra\n|-boost|p2a: Espathra|spa|1\n|-boost|p2a: Espathra|spd|1\n|move|p1a: Giratina|Roar|p2a: Espathra\n|drag|p2a: Annihilape|Annihilape, M|100\/100\n|\n|-weather|none\n|upkeep\n|turn|12\n|\n|t:|1698946031\n|move|p2a: Annihilape|Rage Fist|p1a: Giratina\n|-supereffective|p1a: Giratina\n|-damage|p1a: Giratina|25\/100\n|move|p1a: Giratina|Outrage|p2a: Annihilape\n|-damage|p2a: Annihilape|35\/100\n|\n|upkeep\n|turn|13\n|\n|t:|1698946039\n|move|p2a: Annihilape|Rage Fist|p1a: Giratina\n|-supereffective|p1a: Giratina\n|-damage|p1a: Giratina|0 fnt\n|faint|p1a: Giratina\n|\n|upkeep\n|\n|t:|1698946046\n|switch|p1a: Whooping cough|Zacian-Crowned|100\/100\n|-ability|p1a: Whooping cough|Intrepid Sword|boost\n|-boost|p1a: Whooping cough|atk|1\n|turn|14\n|\n|t:|1698946054\n|move|p1a: Whooping cough|Behemoth Blade|p2a: Annihilape\n|-damage|p2a: Annihilape|0 fnt\n|faint|p2a: Annihilape\n|\n|upkeep\n|\n|t:|1698946060\n|switch|p2a: Miraidon|Miraidon|100\/100\n|-fieldstart|move: Electric Terrain|[from] ability: Hadron Engine|[of] p2a: Miraidon\n|turn|15\n|\n|t:|1698946067\n|move|p1a: Whooping cough|Play Rough|p2a: Miraidon\n|-supereffective|p2a: Miraidon\n|-damage|p2a: Miraidon|0 fnt\n|faint|p2a: Miraidon\n|\n|upkeep\n|\n|t:|1698946072\n|switch|p2a: Koraidon|Koraidon|67\/100\n|-weather|SunnyDay|[from] ability: Orichalcum Pulse|[of] p2a: Koraidon\n|-activate|p2a: Koraidon|Orichalcum Pulse|[source]\n|turn|16\n|\n|t:|1698946078\n|move|p2a: Koraidon|Flare Blitz|p1a: Whooping cough\n|-supereffective|p1a: Whooping cough\n|-damage|p1a: Whooping cough|0 fnt\n|faint|p1a: Whooping cough\n|-damage|p2a: Koraidon|36\/100|[from] Recoil\n|\n|-weather|SunnyDay|[upkeep]\n|upkeep\n|\n|t:|1698946085\n|switch|p1a: Calyrex|Calyrex-Shadow|100\/100\n|-ability|p1a: Calyrex|As One\n|-ability|p1a: Calyrex|Unnerve\n|turn|17\n|\n|t:|1698946091\n|move|p2a: Koraidon|Flare Blitz|p1a: Calyrex\n|-enditem|p1a: Calyrex|Focus Sash\n|-damage|p1a: Calyrex|1\/100\n|-damage|p2a: Koraidon|3\/100|[from] Recoil\n|move|p1a: Calyrex|Astral Barrage|p2a: Koraidon\n|-damage|p2a: Koraidon|0 fnt\n|faint|p2a: Koraidon\n|-ability|p1a: Calyrex|Grim Neigh|boost\n|-boost|p1a: Calyrex|spa|1\n|\n|-weather|SunnyDay|[upkeep]\n|upkeep\n|\n|t:|1698946103\n|switch|p2a: Urshifu|Urshifu, F|100\/100\n|turn|18\n|\n|t:|1698946109\n|move|p2a: Urshifu|Sucker Punch|p1a: Calyrex\n|-supereffective|p1a: Calyrex\n|-damage|p1a: Calyrex|0 fnt\n|faint|p1a: Calyrex\n|-damage|p2a: Urshifu|91\/100|[from] item: Life Orb\n|\n|-weather|SunnyDay|[upkeep]\n|upkeep\n|\n|t:|1698946118\n|switch|p1a: Espathra|Espathra, M|100\/100\n|turn|19\n|\n|t:|1698946123\n|move|p1a: Espathra|Protect|p1a: Espathra\n|-singleturn|p1a: Espathra|Protect\n|move|p2a: Urshifu|Iron Head|p1a: Espathra\n|-damage|p1a: Espathra|52\/100\n|-damage|p2a: Urshifu|81\/100|[from] item: Life Orb\n|\n|-weather|SunnyDay|[upkeep]\n|-fieldend|move: Electric Terrain\n|-ability|p1a: Espathra|Speed Boost|boost\n|-boost|p1a: Espathra|spe|1\n|upkeep\n|turn|20\n|\n|t:|1698946133\n|move|p1a: Espathra|Hypnosis|p2a: Urshifu\n|-status|p2a: Urshifu|slp|[from] move: Hypnosis\n|cant|p2a: Urshifu|slp\n|\n|-weather|none\n|-ability|p1a: Espathra|Speed Boost|boost\n|-boost|p1a: Espathra|spe|1\n|upkeep\n|turn|21\n|\n|t:|1698946142\n|move|p1a: Espathra|Baton Pass|p1a: Espathra\n|\n|t:|1698946144\n|switch|p1a: Breloom|Breloom, F|100\/100|[from] Baton Pass\n|-curestatus|p2a: Urshifu|slp|[msg]\n|move|p2a: Urshifu|Iron Head|p1a: Breloom\n|-damage|p1a: Breloom|53\/100\n|-damage|p2a: Urshifu|64\/100|[from] item: Rocky Helmet|[of] p1a: Breloom\n|-damage|p2a: Urshifu|54\/100|[from] item: Life Orb\n|\n|upkeep\n|turn|22\n|\n|t:|1698946155\n|move|p2a: Urshifu|Sucker Punch||[still]\n|-fail|p2a: Urshifu\n|move|p1a: Breloom|Spore|p2a: Urshifu\n|-status|p2a: Urshifu|slp|[from] move: Spore\n|\n|upkeep\n|turn|23\n|\n|t:|1698946161\n|cant|p2a: Urshifu|slp\n|move|p1a: Breloom|Leech Seed|p2a: Urshifu\n|-start|p2a: Urshifu|move: Leech Seed\n|\n|-damage|p2a: Urshifu|42\/100 slp|[from] Leech Seed|[of] p1a: Breloom\n|-heal|p1a: Breloom|69\/100|[silent]\n|upkeep\n|turn|24\n|\n|t:|1698946169\n|move|p1a: Breloom|Low Sweep|p2a: Urshifu\n|-supereffective|p2a: Urshifu\n|-damage|p2a: Urshifu|0 fnt\n|faint|p2a: Urshifu\n|\n|upkeep\n|\n|t:|1698946173\n|switch|p2a: Espathra|Espathra, F, tera:Fairy|3\/100\n|turn|25\n|\n|t:|1698946176\n|move|p1a: Breloom|Spore|p2a: Espathra\n|-status|p2a: Espathra|slp|[from] move: Spore\n|cant|p2a: Espathra|slp\n|\n|-ability|p2a: Espathra|Speed Boost|boost\n|-boost|p2a: Espathra|spe|1\n|upkeep\n|turn|26\n|\n|t:|1698946184\n|move|p1a: Breloom|Low Sweep|p2a: Espathra\n|-resisted|p2a: Espathra\n|-damage|p2a: Espathra|0 fnt\n|faint|p2a: Espathra\n|\n|win|Dumbfudge\n|raw|Dumbfudge's rating: 1499 &rarr; <strong>1520<\/strong><br \/>(+21 for winning)\n|raw|Playermaybe?'s rating: 1517 &rarr; <strong>1496<\/strong><br \/>(-21 for losing)\n|l|\u2606Playermaybe?\n","uploadtime":1698946192,"views":5,"p1id":"dumbfudge","p2id":"playermaybe","formatid":"gen9anythinggoes","rating":1496,"private":0,"password":""}