{"id":"gen9anythinggoes-1997950046","p1":"Diwu the ditto","p2":"vang0","format":"[Gen 9] Anything Goes","log":"|j|\u2606Diwu the ditto\n|j|\u2606vang0\n|t:|1700871155\n|gametype|singles\n|player|p1|Diwu the ditto|liza|1092\n|player|p2|vang0|artist-gen4|1101\n|teamsize|p1|6\n|teamsize|p2|6\n|gen|9\n|tier|[Gen 9] Anything Goes\n|rated|\n|rule|HP Percentage Mod: HP is shown in percentages\n|rule|Endless Battle Clause: Forcing endless battles is banned\n|clearpoke\n|poke|p1|Iron Valiant|\n|poke|p1|Garganacl, M|\n|poke|p1|Ogerpon-Hearthflame, F|\n|poke|p1|Annihilape, F|\n|poke|p1|Glimmora, F|\n|poke|p1|Masquerain, F|\n|poke|p2|Toxtricity, M|\n|poke|p2|Rillaboom, F|\n|poke|p2|Scream Tail|\n|poke|p2|Noivern, F|\n|poke|p2|Kommo-o, M|\n|poke|p2|Gothitelle, F|\n|teampreview\n|\n|t:|1700871180\n|start\n|switch|p1a: 1|Glimmora, F|100\/100\n|switch|p2a: just like me fr|Toxtricity, M|100\/100\n|turn|1\n|\n|t:|1700871199\n|move|p1a: 1|Spikes|p2a: just like me fr\n|-sidestart|p2: vang0|Spikes\n|move|p2a: just like me fr|Boomburst|p1a: 1\n|-resisted|p1a: 1\n|-damage|p1a: 1|51\/100\n|\n|upkeep\n|turn|2\n|\n|t:|1700871210\n|switch|p2a: Kommo-o|Kommo-o, M|100\/100\n|-damage|p2a: Kommo-o|88\/100|[from] Spikes\n|move|p1a: 1|Spikes|p2a: Kommo-o\n|-sidestart|p2: vang0|Spikes\n|\n|upkeep\n|turn|3\n|c|\u2606Diwu the ditto|boom boom\n|\n|t:|1700871217\n|move|p1a: 1|Spikes|p2a: Kommo-o\n|-sidestart|p2: vang0|Spikes\n|move|p2a: Kommo-o|Drain Punch|p1a: 1\n|-damage|p1a: 1|20\/100\n|-heal|p2a: Kommo-o|100\/100|[from] drain|[of] p1a: 1\n|-activate|p1a: 1|ability: Toxic Debris\n|-sidestart|p2: vang0|move: Toxic Spikes\n|\n|upkeep\n|turn|4\n|\n|t:|1700871225\n|move|p1a: 1|Stealth Rock|p2a: Kommo-o\n|-sidestart|p2: vang0|move: Stealth Rock\n|move|p2a: Kommo-o|Drain Punch|p1a: 1\n|-damage|p1a: 1|0 fnt\n|-activate|p1a: 1|ability: Toxic Debris\n|-sidestart|p2: vang0|move: Toxic Spikes\n|faint|p1a: 1\n|\n|upkeep\n|\n|t:|1700871235\n|switch|p1a: 2|Garganacl, M|100\/100\n|turn|5\n|\n|t:|1700871239\n|move|p2a: Kommo-o|Drain Punch|p1a: 2\n|-supereffective|p1a: 2\n|-damage|p1a: 2|59\/100\n|move|p1a: 2|Salt Cure|p2a: Kommo-o\n|-resisted|p2a: Kommo-o\n|-damage|p2a: Kommo-o|93\/100\n|-start|p2a: Kommo-o|Salt Cure\n|\n|-damage|p2a: Kommo-o|80\/100|[from] Salt Cure\n|upkeep\n|turn|6\n|\n|t:|1700871256\n|move|p2a: Kommo-o|Drain Punch|p1a: 2\n|-supereffective|p1a: 2\n|-crit|p1a: 2\n|-damage|p1a: 2|0 fnt\n|-heal|p2a: Kommo-o|100\/100|[from] drain|[of] p1a: 2\n|faint|p1a: 2\n|\n|-damage|p2a: Kommo-o|88\/100|[from] Salt Cure\n|upkeep\n|\n|t:|1700871265\n|switch|p1a: 3|Masquerain, F|100\/100\n|-ability|p1a: 3|Intimidate|boost\n|-unboost|p2a: Kommo-o|atk|1\n|turn|7\n|\n|t:|1700871273\n|move|p2a: Kommo-o|Clangorous Soul|p2a: Kommo-o\n|-boost|p2a: Kommo-o|atk|1\n|-boost|p2a: Kommo-o|def|1\n|-boost|p2a: Kommo-o|spa|1\n|-boost|p2a: Kommo-o|spd|1\n|-boost|p2a: Kommo-o|spe|1\n|-damage|p2a: Kommo-o|55\/100\n|-enditem|p2a: Kommo-o|Throat Spray\n|-boost|p2a: Kommo-o|spa|1|[from] item: Throat Spray\n|move|p1a: 3|Sticky Web|p2a: Kommo-o\n|-sidestart|p2: vang0|move: Sticky Web\n|\n|-damage|p2a: Kommo-o|43\/100|[from] Salt Cure\n|upkeep\n|turn|8\n|\n|t:|1700871291\n|-terastallize|p2a: Kommo-o|Normal\n|move|p2a: Kommo-o|Boomburst|p1a: 3\n|-enditem|p1a: 3|Focus Sash\n|-damage|p1a: 3|1\/100\n|move|p1a: 3|Haze|p1a: 3\n|-clearallboost\n|\n|-damage|p2a: Kommo-o|30\/100|[from] Salt Cure\n|upkeep\n|turn|9\n|\n|t:|1700871301\n|move|p2a: Kommo-o|Drain Punch|p1a: 3\n|-resisted|p1a: 3\n|-damage|p1a: 3|0 fnt\n|-heal|p2a: Kommo-o|31\/100|[from] drain|[of] p1a: 3\n|faint|p1a: 3\n|\n|-damage|p2a: Kommo-o|18\/100|[from] Salt Cure\n|upkeep\n|\n|t:|1700871309\n|switch|p1a: 4|Ogerpon-Hearthflame, F|100\/100\n|-ability|p1a: 4|Mold Breaker\n|turn|10\n|\n|t:|1700871315\n|move|p1a: 4|Leech Seed|p2a: Kommo-o|[miss]\n|-miss|p1a: 4|p2a: Kommo-o\n|move|p2a: Kommo-o|Boomburst|p1a: 4\n|-damage|p1a: 4|17\/100\n|\n|-damage|p2a: Kommo-o|6\/100|[from] Salt Cure\n|upkeep\n|turn|11\n|\n|t:|1700871326\n|move|p1a: 4|Brick Break|p2a: Kommo-o\n|-supereffective|p2a: Kommo-o\n|-damage|p2a: Kommo-o|0 fnt\n|faint|p2a: Kommo-o\n|\n|upkeep\n|\n|t:|1700871339\n|switch|p2a: feedback|Noivern, F|100\/100\n|-item|p1a: 4|Hearthflame Mask|[from] ability: Frisk|[of] p2a: feedback|[identify]\n|turn|12\n|\n|t:|1700871345\n|move|p2a: feedback|Draco Meteor|p1a: 4\n|-damage|p1a: 4|0 fnt\n|-unboost|p2a: feedback|spa|2\n|faint|p1a: 4\n|\n|upkeep\n|\n|t:|1700871354\n|switch|p1a: 5|Annihilape, F|100\/100\n|turn|13\n|\n|t:|1700871366\n|move|p2a: feedback|U-turn|p1a: 5\n|-resisted|p1a: 5\n|-damage|p1a: 5|97\/100\n|\n|t:|1700871369\n|switch|p2a: Grohlrilla|Rillaboom, F|100\/100|[from] U-turn\n|-damage|p2a: Grohlrilla|75\/100|[from] Spikes\n|-status|p2a: Grohlrilla|tox\n|-damage|p2a: Grohlrilla|63\/100 tox|[from] Stealth Rock\n|-activate|p2a: Grohlrilla|move: Sticky Web\n|-unboost|p2a: Grohlrilla|spe|1\n|-fieldstart|move: Grassy Terrain|[from] ability: Grassy Surge|[of] p2a: Grohlrilla\n|move|p1a: 5|Bulk Up|p1a: 5\n|-boost|p1a: 5|atk|1\n|-boost|p1a: 5|def|1\n|\n|-heal|p1a: 5|100\/100|[from] Grassy Terrain\n|-heal|p2a: Grohlrilla|69\/100 tox|[from] Grassy Terrain\n|-damage|p2a: Grohlrilla|63\/100 tox|[from] psn\n|upkeep\n|turn|14\n|\n|t:|1700871389\n|move|p1a: 5|Drain Punch|p2a: Grohlrilla\n|-damage|p2a: Grohlrilla|0 fnt\n|faint|p2a: Grohlrilla\n|-damage|p1a: 5|91\/100|[from] item: Life Orb\n|\n|-heal|p1a: 5|97\/100|[from] Grassy Terrain\n|upkeep\n|\n|t:|1700871401\n|switch|p2a: just like me fr|Toxtricity, M|100\/100\n|-damage|p2a: just like me fr|76\/100|[from] Spikes\n|-sideend|p2: vang0|move: Toxic Spikes|[of] p2a: just like me fr\n|-damage|p2a: just like me fr|63\/100|[from] Stealth Rock\n|-activate|p2a: just like me fr|move: Sticky Web\n|-unboost|p2a: just like me fr|spe|1\n|turn|15\n|\n|t:|1700871415\n|move|p1a: 5|Drain Punch|p2a: just like me fr\n|-resisted|p2a: just like me fr\n|-damage|p2a: just like me fr|3\/100\n|-heal|p1a: 5|100\/100|[from] drain|[of] p2a: just like me fr\n|-damage|p1a: 5|91\/100|[from] item: Life Orb\n|move|p2a: just like me fr|Overdrive|p1a: 5\n|-damage|p1a: 5|7\/100\n|\n|-heal|p1a: 5|13\/100|[from] Grassy Terrain\n|-heal|p2a: just like me fr|9\/100|[from] Grassy Terrain\n|upkeep\n|turn|16\n|\n|t:|1700871427\n|move|p1a: 5|Drain Punch|p2a: just like me fr\n|-resisted|p2a: just like me fr\n|-damage|p2a: just like me fr|0 fnt\n|-heal|p1a: 5|17\/100|[from] drain|[of] p2a: just like me fr\n|faint|p2a: just like me fr\n|-damage|p1a: 5|7\/100|[from] item: Life Orb\n|\n|-heal|p1a: 5|13\/100|[from] Grassy Terrain\n|upkeep\n|\n|t:|1700871435\n|switch|p2a: feedback|Noivern, F|100\/100\n|-item|p1a: 5|Life Orb|[from] ability: Frisk|[of] p2a: feedback|[identify]\n|turn|17\n|\n|t:|1700871442\n|move|p2a: feedback|Flamethrower|p1a: 5\n|-damage|p1a: 5|0 fnt\n|faint|p1a: 5\n|\n|upkeep\n|\n|t:|1700871446\n|switch|p1a: The Janitor|Iron Valiant|100\/100\n|-enditem|p1a: The Janitor|Booster Energy\n|-activate|p1a: The Janitor|ability: Quark Drive|[fromitem]\n|-start|p1a: The Janitor|quarkdriveatk\n|turn|18\n|\n|t:|1700871461\n|-terastallize|p1a: The Janitor|Fairy\n|move|p2a: feedback|U-turn|p1a: The Janitor\n|-resisted|p1a: The Janitor\n|-damage|p1a: The Janitor|93\/100\n|\n|t:|1700871474\n|switch|p2a: big tiddy goth gf|Gothitelle, F|100\/100|[from] U-turn\n|-damage|p2a: big tiddy goth gf|76\/100|[from] Spikes\n|-damage|p2a: big tiddy goth gf|63\/100|[from] Stealth Rock\n|-activate|p2a: big tiddy goth gf|move: Sticky Web\n|-unboost|p2a: big tiddy goth gf|spe|1\n|move|p1a: The Janitor|Swords Dance|p1a: The Janitor\n|-boost|p1a: The Janitor|atk|2\n|\n|-heal|p1a: The Janitor|99\/100|[from] Grassy Terrain\n|-heal|p2a: big tiddy goth gf|69\/100|[from] Grassy Terrain\n|upkeep\n|turn|19\n|c|\u2606Diwu the ditto|oh no i cant switch\n|\n|t:|1700871501\n|move|p1a: The Janitor|Night Slash|p2a: big tiddy goth gf\n|-supereffective|p2a: big tiddy goth gf\n|-damage|p2a: big tiddy goth gf|0 fnt\n|faint|p2a: big tiddy goth gf\n|\n|-heal|p1a: The Janitor|100\/100|[from] Grassy Terrain\n|upkeep\n|\n|t:|1700871507\n|switch|p2a: hair metal|Scream Tail|100\/100\n|-damage|p2a: hair metal|76\/100|[from] Spikes\n|-damage|p2a: hair metal|63\/100|[from] Stealth Rock\n|-activate|p2a: hair metal|move: Sticky Web\n|-unboost|p2a: hair metal|spe|1\n|turn|20\n|\n|t:|1700871516\n|move|p2a: hair metal|Protect|p2a: hair metal\n|-singleturn|p2a: hair metal|Protect\n|move|p1a: The Janitor|Night Slash|p2a: hair metal\n|-activate|p2a: hair metal|move: Protect\n|\n|-heal|p2a: hair metal|69\/100|[from] Grassy Terrain\n|-heal|p2a: hair metal|76\/100|[from] item: Leftovers\n|-fieldend|move: Grassy Terrain\n|upkeep\n|turn|21\n|\n|t:|1700871526\n|move|p1a: The Janitor|Night Slash|p2a: hair metal\n|-damage|p2a: hair metal|16\/100\n|move|p2a: hair metal|Encore|p1a: The Janitor\n|-start|p1a: The Janitor|Encore\n|\n|-heal|p2a: hair metal|22\/100|[from] item: Leftovers\n|upkeep\n|turn|22\n|\n|t:|1700871535\n|-end|p2a: hair metal|Protosynthesis|[silent]\n|switch|p2a: feedback|Noivern, F|100\/100\n|move|p1a: The Janitor|Night Slash|p2a: feedback\n|-crit|p2a: feedback\n|-damage|p2a: feedback|0 fnt\n|faint|p2a: feedback\n|\n|upkeep\n|\n|t:|1700871542\n|switch|p2a: hair metal|Scream Tail|22\/100\n|-damage|p2a: hair metal|0 fnt|[from] Spikes\n|-activate|p2a: hair metal|move: Sticky Web\n|faint|p2a: hair metal\n|-end|p2a: hair metal|Protosynthesis|[silent]\n|\n|win|Diwu the ditto\n|raw|Diwu the ditto's rating: 1092 &rarr; <strong>1119<\/strong><br \/>(+27 for winning)\n|raw|vang0's rating: 1101 &rarr; <strong>1075<\/strong><br \/>(-26 for losing)\n|c|\u2606Diwu the ditto|ggs\n|l|\u2606vang0\n","uploadtime":1700871556,"views":1,"p1id":"diwutheditto","p2id":"vang0","formatid":"gen9anythinggoes","rating":1075,"private":0,"password":""}