{"id":"gen9anythinggoes-1978759407","p1":"AGisgood\u82cd\u54cd\u4fa0","p2":"devanshsaraf","format":"[Gen 9] Anything Goes","log":"|j|\u2606AGisgood\u82cd\u54cd\u4fa0\n|j|\u2606devanshsaraf\n|t:|1698591768\n|gametype|singles\n|player|p1|AGisgood\u82cd\u54cd\u4fa0|cynthia-masters|1685\n|player|p2|devanshsaraf|170|1631\n|teamsize|p1|6\n|teamsize|p2|6\n|gen|9\n|tier|[Gen 9] Anything Goes\n|rated|\n|rule|HP Percentage Mod: HP is shown in percentages\n|rule|Endless Battle Clause: Forcing endless battles is banned\n|clearpoke\n|poke|p1|Calyrex-Shadow|\n|poke|p1|Arceus|\n|poke|p1|Koraidon|\n|poke|p1|Arceus-Ground|\n|poke|p1|Miraidon|\n|poke|p1|Ribombee, F|\n|poke|p2|Koraidon|\n|poke|p2|Koraidon|\n|poke|p2|Koraidon|\n|poke|p2|Calyrex-Shadow|\n|poke|p2|Great Tusk|\n|poke|p2|Ribombee, F|\n|teampreview\n|inactive|Battle timer is ON: inactive players will automatically lose when time's up. (requested by AGisgood\u82cd\u54cd\u4fa0)\n|c|\u2606devanshsaraf|india\n|inactive|devanshsaraf has 120 seconds left.\n|inactive|devanshsaraf has 90 seconds left.\n|\n|t:|1698591843\n|start\n|switch|p1a: Arceus|Arceus-Ground|100\/100\n|switch|p2a: Calyrex|Calyrex-Shadow|100\/100\n|-ability|p2a: Calyrex|As One\n|-ability|p2a: Calyrex|Unnerve\n|turn|1\n|\n|t:|1698591873\n|move|p2a: Calyrex|Nasty Plot|p2a: Calyrex\n|-boost|p2a: Calyrex|spa|2\n|move|p1a: Arceus|Dragon Dance|p1a: Arceus\n|-boost|p1a: Arceus|atk|1\n|-boost|p1a: Arceus|spe|1\n|\n|upkeep\n|turn|2\n|\n|t:|1698591883\n|move|p1a: Arceus|Earthquake|p2a: Calyrex\n|-enditem|p2a: Calyrex|Focus Sash\n|-damage|p2a: Calyrex|1\/100\n|move|p2a: Calyrex|Grass Knot|p1a: Arceus\n|-supereffective|p1a: Arceus\n|-damage|p1a: Arceus|0 fnt\n|faint|p1a: Arceus\n|-ability|p2a: Calyrex|Grim Neigh|boost\n|-boost|p2a: Calyrex|spa|1\n|\n|upkeep\n|\n|t:|1698591891\n|switch|p1a: Calyrex|Calyrex-Shadow|100\/100\n|-ability|p1a: Calyrex|As One\n|-ability|p1a: Calyrex|Unnerve\n|turn|3\n|\n|t:|1698591900\n|move|p1a: Calyrex|Psychic|p2a: Calyrex\n|-resisted|p2a: Calyrex\n|-damage|p2a: Calyrex|0 fnt\n|faint|p2a: Calyrex\n|-ability|p1a: Calyrex|Grim Neigh|boost\n|-boost|p1a: Calyrex|spa|1\n|\n|upkeep\n|\n|t:|1698591909\n|switch|p2a: Ribombee|Ribombee, F|100\/100\n|turn|4\n|\n|t:|1698591924\n|move|p1a: Calyrex|Psychic|p2a: Ribombee\n|-enditem|p2a: Ribombee|Focus Sash\n|-damage|p2a: Ribombee|1\/100\n|move|p2a: Ribombee|Sticky Web|p1a: Calyrex\n|-sidestart|p1: AGisgood\u82cd\u54cd\u4fa0|move: Sticky Web\n|\n|upkeep\n|turn|5\n|\n|t:|1698591930\n|move|p1a: Calyrex|Psychic|p2a: Ribombee\n|-damage|p2a: Ribombee|0 fnt\n|faint|p2a: Ribombee\n|-ability|p1a: Calyrex|Grim Neigh|boost\n|-boost|p1a: Calyrex|spa|1\n|\n|upkeep\n|\n|t:|1698591937\n|switch|p2a: Koraidon|Koraidon|100\/100\n|-weather|SunnyDay|[from] ability: Orichalcum Pulse|[of] p2a: Koraidon\n|-activate|p2a: Koraidon|Orichalcum Pulse|[source]\n|turn|6\n|\n|t:|1698591949\n|-terastallize|p2a: Koraidon|Steel\n|move|p1a: Calyrex|Psychic|p2a: Koraidon\n|-resisted|p2a: Koraidon\n|-damage|p2a: Koraidon|46\/100\n|move|p2a: Koraidon|Agility|p2a: Koraidon\n|-boost|p2a: Koraidon|spe|2\n|\n|-weather|SunnyDay|[upkeep]\n|upkeep\n|turn|7\n|inactive|AGisgood\u82cd\u54cd\u4fa0 has 120 seconds left.\n|\n|t:|1698591982\n|move|p2a: Koraidon|Flare Blitz|p1a: Calyrex\n|-damage|p1a: Calyrex|0 fnt\n|faint|p1a: Calyrex\n|-damage|p2a: Koraidon|13\/100|[from] Recoil\n|\n|-weather|SunnyDay|[upkeep]\n|upkeep\n|inactive|AGisgood\u82cd\u54cd\u4fa0 has 120 seconds left.\n|\n|t:|1698591988\n|switch|p1a: Arceus|Arceus|100\/100\n|-activate|p1a: Arceus|move: Sticky Web\n|-unboost|p1a: Arceus|spe|1\n|turn|8\n|\n|t:|1698591994\n|-terastallize|p1a: Arceus|Ghost\n|move|p2a: Koraidon|Close Combat|p1a: Arceus\n|-immune|p1a: Arceus\n|move|p1a: Arceus|Swords Dance|p1a: Arceus\n|-boost|p1a: Arceus|atk|2\n|\n|-weather|SunnyDay|[upkeep]\n|upkeep\n|turn|9\n|\n|t:|1698592003\n|move|p1a: Arceus|Extreme Speed|p2a: Koraidon\n|-resisted|p2a: Koraidon\n|-damage|p2a: Koraidon|0 fnt\n|faint|p2a: Koraidon\n|-damage|p1a: Arceus|91\/100|[from] item: Life Orb\n|\n|-weather|SunnyDay|[upkeep]\n|upkeep\n|\n|t:|1698592009\n|switch|p2a: Great Tusk|Great Tusk|100\/100\n|-activate|p2a: Great Tusk|ability: Protosynthesis\n|-start|p2a: Great Tusk|protosynthesisspe\n|turn|10\n|\n|t:|1698592018\n|move|p1a: Arceus|Extreme Speed|p2a: Great Tusk\n|-damage|p2a: Great Tusk|28\/100\n|-damage|p1a: Arceus|81\/100|[from] item: Life Orb\n|move|p2a: Great Tusk|Knock Off|p1a: Arceus\n|-supereffective|p1a: Arceus\n|-damage|p1a: Arceus|43\/100\n|-enditem|p1a: Arceus|Life Orb|[from] move: Knock Off|[of] p2a: Great Tusk\n|\n|-weather|none\n|-end|p2a: Great Tusk|Protosynthesis\n|upkeep\n|turn|11\n|\n|t:|1698592025\n|move|p2a: Great Tusk|Stealth Rock|p1a: Arceus\n|-sidestart|p1: AGisgood\u82cd\u54cd\u4fa0|move: Stealth Rock\n|move|p1a: Arceus|Recover|p1a: Arceus\n|-heal|p1a: Arceus|94\/100\n|\n|upkeep\n|turn|12\n|\n|t:|1698592031\n|move|p2a: Great Tusk|Taunt|p1a: Arceus\n|-start|p1a: Arceus|move: Taunt\n|cant|p1a: Arceus|move: Taunt|Swords Dance\n|\n|upkeep\n|turn|13\n|\n|t:|1698592036\n|move|p1a: Arceus|Extreme Speed|p2a: Great Tusk\n|-crit|p2a: Great Tusk\n|-damage|p2a: Great Tusk|0 fnt\n|faint|p2a: Great Tusk\n|-end|p2a: Great Tusk|Protosynthesis|[silent]\n|\n|upkeep\n|\n|t:|1698592039\n|switch|p2a: Koraidon|Koraidon|100\/100\n|-weather|SunnyDay|[from] ability: Orichalcum Pulse|[of] p2a: Koraidon\n|-activate|p2a: Koraidon|Orichalcum Pulse|[source]\n|turn|14\n|\n|t:|1698592051\n|move|p1a: Arceus|Extreme Speed|p2a: Koraidon\n|-damage|p2a: Koraidon|30\/100\n|move|p2a: Koraidon|Scale Shot|p1a: Arceus\n|-damage|p1a: Arceus|80\/100\n|-damage|p1a: Arceus|66\/100\n|-damage|p1a: Arceus|53\/100\n|-damage|p1a: Arceus|39\/100\n|-hitcount|p1a: Arceus|4\n|-unboost|p2a: Koraidon|def|1\n|-boost|p2a: Koraidon|spe|1\n|\n|-weather|SunnyDay|[upkeep]\n|-end|p1a: Arceus|move: Taunt\n|upkeep\n|turn|15\n|\n|t:|1698592067\n|move|p1a: Arceus|Extreme Speed|p2a: Koraidon\n|-damage|p2a: Koraidon|0 fnt\n|faint|p2a: Koraidon\n|\n|-weather|SunnyDay|[upkeep]\n|upkeep\n|\n|t:|1698592070\n|switch|p2a: Koraidon|Koraidon|100\/100\n|-activate|p2a: Koraidon|ability: Orichalcum Pulse\n|turn|16\n|\n|t:|1698592091\n|move|p1a: Arceus|Extreme Speed|p2a: Koraidon\n|-damage|p2a: Koraidon|25\/100\n|move|p2a: Koraidon|Scale Shot|p1a: Arceus\n|-damage|p1a: Arceus|25\/100\n|-damage|p1a: Arceus|12\/100\n|-damage|p1a: Arceus|0 fnt\n|faint|p1a: Arceus\n|-hitcount|p1: Arceus|3\n|-unboost|p2a: Koraidon|def|1\n|-boost|p2a: Koraidon|spe|1\n|\n|-weather|SunnyDay|[upkeep]\n|upkeep\n|\n|t:|1698592106\n|switch|p1a: Ribombee|Ribombee, F|100\/100\n|-activate|p1a: Ribombee|move: Sticky Web\n|-unboost|p1a: Ribombee|spe|1\n|-damage|p1a: Ribombee|76\/100|[from] Stealth Rock\n|turn|17\n|\n|t:|1698592112\n|move|p2a: Koraidon|Flare Blitz|p1a: Ribombee\n|-supereffective|p1a: Ribombee\n|-damage|p1a: Ribombee|0 fnt\n|faint|p1a: Ribombee\n|-damage|p2a: Koraidon|5\/100|[from] Recoil\n|\n|-weather|SunnyDay|[upkeep]\n|upkeep\n|inactive|AGisgood\u82cd\u54cd\u4fa0 has 120 seconds left.\n|\n|t:|1698592141\n|switch|p1a: Miraidon|Miraidon|100\/100\n|-activate|p1a: Miraidon|move: Sticky Web\n|-unboost|p1a: Miraidon|spe|1\n|-damage|p1a: Miraidon|88\/100|[from] Stealth Rock\n|-fieldstart|move: Electric Terrain|[from] ability: Hadron Engine|[of] p1a: Miraidon\n|turn|18\n|\n|t:|1698592164\n|move|p2a: Koraidon|Scale Shot|p1a: Miraidon|[miss]\n|-miss|p2a: Koraidon|p1a: Miraidon\n|move|p1a: Miraidon|Dazzling Gleam|p2a: Koraidon\n|-supereffective|p2a: Koraidon\n|-damage|p2a: Koraidon|0 fnt\n|faint|p2a: Koraidon\n|\n|win|AGisgood\u82cd\u54cd\u4fa0\n|raw|AGisgood\u82cd\u54cd\u4fa0's rating: 1671 &rarr; <strong>1689<\/strong><br \/>(+18 for winning)\n|raw|devanshsaraf's rating: 1631 &rarr; <strong>1613<\/strong><br \/>(-18 for losing)\n|l|\u2606devanshsaraf\n|l|\u2606AGisgood\u82cd\u54cd\u4fa0\n","uploadtime":1698592251,"views":12,"p1id":"agisgood","p2id":"devanshsaraf","formatid":"gen9anythinggoes","rating":1613,"private":0,"password":""}