{"id":"gen9anythinggoes-1997798212","p1":"garth4325","p2":"Guest 3107088","format":"[Gen 9] Anything Goes","log":"|j|\u2606garth4325\n|j|\u203dGuest 3107088\n|t:|1700853833\n|gametype|singles\n|player|p1|garth4325|102|1148\n|player|p2|Guest 3107088|266|1040\n|teamsize|p1|6\n|teamsize|p2|6\n|gen|9\n|tier|[Gen 9] Anything Goes\n|rated|\n|rule|HP Percentage Mod: HP is shown in percentages\n|rule|Endless Battle Clause: Forcing endless battles is banned\n|clearpoke\n|poke|p1|Maushold-Four|\n|poke|p1|Slowbro-Galar, M|\n|poke|p1|Mimikyu, M|\n|poke|p1|Garchomp, M|\n|poke|p1|Azumarill, F|\n|poke|p1|Iron Moth|\n|poke|p2|Annihilape, M|\n|poke|p2|Annihilape, F|\n|poke|p2|Kingambit, M|\n|poke|p2|Annihilape, M|\n|poke|p2|Annihilape, M|\n|poke|p2|Annihilape, M|\n|teampreview\n|c|\u2606garth4325|oh\n|\n|t:|1700853847\n|start\n|switch|p1a: Mimikyu|Mimikyu, M|100\/100\n|switch|p2a: Annihilape|Annihilape, M|100\/100\n|turn|1\n|\n|t:|1700853857\n|-terastallize|p2a: Annihilape|Water\n|move|p1a: Mimikyu|Swords Dance|p1a: Mimikyu\n|-boost|p1a: Mimikyu|atk|2\n|move|p2a: Annihilape|Rage Fist|p1a: Mimikyu\n|-activate|p1a: Mimikyu|ability: Disguise\n|-damage|p1a: Mimikyu|100\/100\n|detailschange|p1a: Mimikyu|Mimikyu-Busted, M\n|-damage|p1a: Mimikyu|88\/100|[from] pokemon: Mimikyu-Busted\n|\n|upkeep\n|turn|2\n|\n|t:|1700853872\n|move|p1a: Mimikyu|Shadow Sneak|p2a: Annihilape\n|-damage|p2a: Annihilape|55\/100\n|-damage|p1a: Mimikyu|78\/100|[from] item: Life Orb\n|move|p2a: Annihilape|Rage Fist|p1a: Mimikyu\n|-supereffective|p1a: Mimikyu\n|-damage|p1a: Mimikyu|0 fnt\n|faint|p1a: Mimikyu\n|\n|-heal|p2a: Annihilape|62\/100|[from] item: Leftovers\n|upkeep\n|\n|t:|1700853874\n|switch|p1a: Azumarill|Azumarill, F|100\/100\n|turn|3\n|\n|t:|1700853882\n|move|p1a: Azumarill|Trailblaze|p2a: Annihilape\n|-supereffective|p2a: Annihilape\n|-damage|p2a: Annihilape|43\/100\n|-boost|p1a: Azumarill|spe|1\n|move|p2a: Annihilape|Stealth Rock|p1a: Azumarill\n|-sidestart|p1: garth4325|move: Stealth Rock\n|\n|-heal|p2a: Annihilape|49\/100|[from] item: Leftovers\n|upkeep\n|turn|4\n|\n|t:|1700853885\n|move|p1a: Azumarill|Trailblaze|p2a: Annihilape\n|-supereffective|p2a: Annihilape\n|-damage|p2a: Annihilape|29\/100\n|-boost|p1a: Azumarill|spe|1\n|move|p2a: Annihilape|Rage Fist|p1a: Azumarill\n|-damage|p1a: Azumarill|0 fnt\n|faint|p1a: Azumarill\n|\n|-heal|p2a: Annihilape|35\/100|[from] item: Leftovers\n|upkeep\n|\n|t:|1700853891\n|switch|p1a: Slowbro|Slowbro-Galar, M|100\/100\n|-damage|p1a: Slowbro|88\/100|[from] Stealth Rock\n|turn|5\n|\n|t:|1700853893\n|move|p2a: Annihilape|Rage Fist|p1a: Slowbro\n|-supereffective|p1a: Slowbro\n|-damage|p1a: Slowbro|0 fnt\n|faint|p1a: Slowbro\n|\n|-heal|p2a: Annihilape|41\/100|[from] item: Leftovers\n|upkeep\n|\n|t:|1700853894\n|switch|p1a: Garchomp|Garchomp, M|100\/100\n|-damage|p1a: Garchomp|94\/100|[from] Stealth Rock\n|turn|6\n|\n|t:|1700853899\n|move|p1a: Garchomp|Swords Dance|p1a: Garchomp\n|-boost|p1a: Garchomp|atk|2\n|move|p2a: Annihilape|Rage Fist|p1a: Garchomp\n|-damage|p1a: Garchomp|0 fnt\n|-damage|p2a: Annihilape|28\/100|[from] ability: Rough Skin|[of] p1a: Garchomp\n|-damage|p2a: Annihilape|12\/100|[from] item: Rocky Helmet|[of] p1a: Garchomp\n|faint|p1a: Garchomp\n|\n|-heal|p2a: Annihilape|18\/100|[from] item: Leftovers\n|upkeep\n|\n|t:|1700853901\n|switch|p1a: Iron Moth|Iron Moth|100\/100\n|-damage|p1a: Iron Moth|76\/100|[from] Stealth Rock\n|-enditem|p1a: Iron Moth|Booster Energy\n|-activate|p1a: Iron Moth|ability: Quark Drive|[fromitem]\n|-start|p1a: Iron Moth|quarkdrivespa\n|turn|7\n|\n|t:|1700853906\n|move|p1a: Iron Moth|Psychic|p2a: Annihilape\n|-damage|p2a: Annihilape|0 fnt\n|faint|p2a: Annihilape\n|\n|upkeep\n|\n|t:|1700853909\n|switch|p2a: Annihilape|Annihilape, M|100\/100\n|turn|8\n|\n|t:|1700853916\n|move|p2a: Annihilape|Final Gambit|p1a: Iron Moth\n|-damage|p1a: Iron Moth|0 fnt\n|faint|p2a: Annihilape\n|faint|p1a: Iron Moth\n|-end|p1a: Iron Moth|Quark Drive|[silent]\n|\n|upkeep\n|\n|t:|1700853921\n|switch|p1a: Maushold|Maushold-Four, shiny|100\/100\n|switch|p2a: Annihilape|Annihilape, F|100\/100\n|-damage|p1a: Maushold|88\/100|[from] Stealth Rock\n|turn|9\n|\n|t:|1700853923\n|move|p2a: Annihilape|Close Combat|p1a: Maushold\n|-supereffective|p1a: Maushold\n|-damage|p1a: Maushold|0 fnt\n|-unboost|p2a: Annihilape|def|1\n|-unboost|p2a: Annihilape|spd|1\n|faint|p1a: Maushold\n|\n|win|Guest 3107088\n|raw|garth4325's rating: 1148 &rarr; <strong>1118<\/strong><br \/>(-30 for losing)\n|raw|Guest 3107088's rating: 1075 &rarr; <strong>1110<\/strong><br \/>(+35 for winning)\n|l|\u2606garth4325\n","uploadtime":1700853927,"views":0,"p1id":"garth4325","p2id":"guest3107088","formatid":"gen9anythinggoes","rating":1110,"private":0,"password":""}