{"id":"gen9anythinggoes-1983070388","p1":"njrenj","p2":"Race Is Bad12","format":"[Gen 9] Anything Goes","log":"|j|\u2606njrenj\n|j|\u2606Race Is Bad12\n|t:|1699079341\n|gametype|singles\n|player|p1|njrenj|cynthia|1340\n|player|p2|Race Is Bad12|veteran|1271\n|teamsize|p1|6\n|teamsize|p2|6\n|gen|9\n|tier|[Gen 9] Anything Goes\n|rated|\n|rule|HP Percentage Mod: HP is shown in percentages\n|rule|Endless Battle Clause: Forcing endless battles is banned\n|clearpoke\n|poke|p1|Calyrex-Shadow|\n|poke|p1|Maushold-Four|\n|poke|p1|Arceus|\n|poke|p1|Espathra, M|\n|poke|p1|Miraidon|\n|poke|p1|Iron Bundle|\n|poke|p2|Zacian-*|\n|poke|p2|Miraidon|\n|poke|p2|Flutter Mane|\n|poke|p2|Calyrex-Shadow|\n|poke|p2|Koraidon|\n|poke|p2|Spiritomb, M|\n|teampreview\n|inactive|Battle timer is ON: inactive players will automatically lose when time's up. (requested by Race Is Bad12)\n|inactive|njrenj also wants the timer to be on.\n|inactive|Race Is Bad12 has 120 seconds left.\n|inactive|Race Is Bad12 has 90 seconds left.\n|\n|t:|1699079420\n|start\n|switch|p1a: Maushold|Maushold-Four|100\/100\n|switch|p2a: Spiritomb|Spiritomb, M|100\/100\n|turn|1\n|\n|t:|1699079432\n|move|p1a: Maushold|Tidy Up|p1a: Maushold\n|-boost|p1a: Maushold|atk|1\n|-boost|p1a: Maushold|spe|1\n|move|p2a: Spiritomb|Substitute|p2a: Spiritomb\n|-start|p2a: Spiritomb|Substitute\n|-damage|p2a: Spiritomb|76\/100\n|\n|upkeep\n|turn|2\n|\n|t:|1699079439\n|move|p1a: Maushold|Bite|p2a: Spiritomb\n|-end|p2a: Spiritomb|Substitute\n|move|p2a: Spiritomb|Calm Mind|p2a: Spiritomb\n|-boost|p2a: Spiritomb|spa|1\n|-boost|p2a: Spiritomb|spd|1\n|\n|upkeep\n|turn|3\n|c|\u2606njrenj|nice.\n|\n|t:|1699079463\n|switch|p2a: Koraidon|Koraidon|100\/100\n|-weather|SunnyDay|[from] ability: Orichalcum Pulse|[of] p2a: Koraidon\n|-activate|p2a: Koraidon|Orichalcum Pulse|[source]\n|move|p1a: Maushold|Tidy Up|p1a: Maushold\n|-boost|p1a: Maushold|atk|1\n|-boost|p1a: Maushold|spe|1\n|\n|-weather|SunnyDay|[upkeep]\n|upkeep\n|turn|4\n|\n|t:|1699079473\n|move|p1a: Maushold|Population Bomb|p2a: Koraidon\n|-damage|p2a: Koraidon|81\/100\n|-damage|p2a: Koraidon|63\/100\n|-damage|p2a: Koraidon|42\/100\n|-damage|p2a: Koraidon|23\/100\n|-damage|p2a: Koraidon|3\/100\n|-damage|p2a: Koraidon|0 fnt\n|faint|p2a: Koraidon\n|-hitcount|p2: Koraidon|6\n|\n|-weather|SunnyDay|[upkeep]\n|upkeep\n|c|\u2606njrenj|koraidon is trash\n|\n|t:|1699079490\n|switch|p2a: Zacian|Zacian-Crowned|100\/100\n|-ability|p2a: Zacian|Intrepid Sword|boost\n|-boost|p2a: Zacian|atk|1\n|turn|5\n|c|\u2606njrenj|change my mind\n|inactive|Race Is Bad12 has 120 seconds left.\n|\n|t:|1699079506\n|-terastallize|p1a: Maushold|Normal\n|move|p1a: Maushold|Population Bomb|p2a: Zacian\n|-resisted|p2a: Zacian\n|-damage|p2a: Zacian|86\/100\n|-resisted|p2a: Zacian\n|-damage|p2a: Zacian|71\/100\n|-resisted|p2a: Zacian\n|-damage|p2a: Zacian|56\/100\n|-resisted|p2a: Zacian\n|-damage|p2a: Zacian|42\/100\n|-resisted|p2a: Zacian\n|-damage|p2a: Zacian|27\/100\n|-resisted|p2a: Zacian\n|-damage|p2a: Zacian|12\/100\n|-resisted|p2a: Zacian\n|-damage|p2a: Zacian|0 fnt\n|faint|p2a: Zacian\n|-hitcount|p2: Zacian|7\n|\n|-weather|SunnyDay|[upkeep]\n|upkeep\n|inactive|Race Is Bad12 has 120 seconds left.\n|c|\u2606njrenj|did you really think ZACIAN can stop maushold\n|-message|Race Is Bad12 forfeited.\n|\n|win|njrenj\n|raw|njrenj's rating: 1340 &rarr; <strong>1356<\/strong><br \/>(+16 for winning)\n|raw|Race Is Bad12's rating: 1271 &rarr; <strong>1251<\/strong><br \/>(-20 for losing)\n|l|\u2606Race Is Bad12\n","uploadtime":1699079538,"views":6,"p1id":"njrenj","p2id":"raceisbad12","formatid":"gen9anythinggoes","rating":1251,"private":0,"password":""}