{"id":"gen9anythinggoes-1977940275","p1":"DeltaVulpez","p2":"rikyxpro","format":"[Gen 9] Anything Goes","log":"|j|\u2606DeltaVulpez\n|j|\u2606rikyxpro\n|t:|1698469821\n|gametype|singles\n|player|p1|DeltaVulpez|pokemonbreederf|1000\n|player|p2|rikyxpro|266|1094\n|teamsize|p1|6\n|teamsize|p2|6\n|gen|9\n|tier|[Gen 9] Anything Goes\n|rated|\n|rule|HP Percentage Mod: HP is shown in percentages\n|rule|Endless Battle Clause: Forcing endless battles is banned\n|clearpoke\n|poke|p1|Zoroark-Hisui, M|\n|poke|p1|Shaymin-Sky|\n|poke|p1|Ninetales-Alola, M|\n|poke|p1|Lycanroc-Midnight, M|\n|poke|p1|Koraidon|\n|poke|p1|Zoroark, M|\n|poke|p2|Garchomp, M|\n|poke|p2|Dialga-Origin|\n|poke|p2|Greninja-*, M|\n|poke|p2|Corviknight, M|\n|poke|p2|Rayquaza|\n|poke|p2|Darkrai|\n|teampreview\n|inactive|Battle timer is ON: inactive players will automatically lose when time's up. (requested by rikyxpro)\n|\n|t:|1698469854\n|start\n|switch|p1a: Ninetales|Ninetales-Alola, M|100\/100\n|switch|p2a: Dialga|Dialga-Origin|100\/100\n|-ability|p2a: Dialga|Pressure\n|turn|1\n|\n|t:|1698469880\n|switch|p2a: Darkrai|Darkrai|100\/100\n|move|p1a: Ninetales|Hex|p2a: Darkrai\n|-resisted|p2a: Darkrai\n|-damage|p2a: Darkrai|90\/100\n|\n|-heal|p2a: Darkrai|96\/100|[from] item: Leftovers\n|upkeep\n|turn|2\n|\n|t:|1698469891\n|move|p1a: Ninetales|Crunch|p2a: Darkrai\n|-resisted|p2a: Darkrai\n|-damage|p2a: Darkrai|79\/100\n|move|p2a: Darkrai|Hypnosis|p1a: Ninetales\n|-status|p1a: Ninetales|slp|[from] move: Hypnosis\n|\n|-heal|p2a: Darkrai|85\/100|[from] item: Leftovers\n|-damage|p1a: Ninetales|88\/100 slp|[from] ability: Bad Dreams|[of] p2a: Darkrai\n|upkeep\n|turn|3\n|\n|t:|1698469905\n|switch|p1a: Shaymin|Shaymin-Sky|100\/100\n|move|p2a: Darkrai|Focus Blast|p1a: Shaymin\n|-resisted|p1a: Shaymin\n|-damage|p1a: Shaymin|82\/100\n|\n|-heal|p2a: Darkrai|91\/100|[from] item: Leftovers\n|-heal|p1a: Shaymin|88\/100|[from] item: Leftovers\n|upkeep\n|turn|4\n|\n|t:|1698469923\n|move|p2a: Darkrai|Blizzard|p1a: Shaymin\n|-supereffective|p1a: Shaymin\n|-damage|p1a: Shaymin|0 fnt\n|faint|p1a: Shaymin\n|\n|-heal|p2a: Darkrai|97\/100|[from] item: Leftovers\n|upkeep\n|\n|t:|1698469931\n|switch|p1a: Ninetales|Ninetales-Alola, M|100\/100\n|turn|5\n|\n|t:|1698469937\n|move|p2a: Darkrai|Hypnosis|p1a: Ninetales|[miss]\n|-miss|p2a: Darkrai|p1a: Ninetales\n|move|p1a: Ninetales|Curse|p2a: Darkrai\n|-start|p2a: Darkrai|Curse|[of] p1a: Ninetales\n|-damage|p1a: Ninetales|50\/100\n|\n|-heal|p2a: Darkrai|100\/100|[from] item: Leftovers\n|-damage|p2a: Darkrai|76\/100|[from] Curse\n|upkeep\n|turn|6\n|\n|t:|1698469951\n|move|p2a: Darkrai|Hypnosis|p1a: Ninetales|[miss]\n|-miss|p2a: Darkrai|p1a: Ninetales\n|move|p1a: Ninetales|Calm Mind|p1a: Ninetales\n|-boost|p1a: Ninetales|spa|1\n|-boost|p1a: Ninetales|spd|1\n|\n|-heal|p2a: Darkrai|82\/100|[from] item: Leftovers\n|-damage|p2a: Darkrai|57\/100|[from] Curse\n|upkeep\n|turn|7\n|\n|t:|1698469962\n|move|p2a: Darkrai|Drain Punch|p1a: Ninetales\n|-immune|p1a: Ninetales\n|move|p1a: Ninetales|Knock Off|p2a: Darkrai\n|-resisted|p2a: Darkrai\n|-damage|p2a: Darkrai|45\/100\n|-enditem|p2a: Darkrai|Leftovers|[from] move: Knock Off|[of] p1a: Ninetales\n|\n|-damage|p2a: Darkrai|20\/100|[from] Curse\n|upkeep\n|turn|8\n|\n|t:|1698469981\n|switch|p2a: Greninja|Greninja, M|100\/100\n|move|p1a: Ninetales|Calm Mind|p1a: Ninetales\n|-boost|p1a: Ninetales|spa|1\n|-boost|p1a: Ninetales|spd|1\n|\n|upkeep\n|turn|9\n|\n|t:|1698469990\n|move|p1a: Ninetales|Knock Off|p2a: Greninja\n|-resisted|p2a: Greninja\n|-damage|p2a: Greninja|86\/100\n|-enditem|p2a: Greninja|Leftovers|[from] move: Knock Off|[of] p1a: Ninetales\n|move|p2a: Greninja|Hydro Pump|p1a: Ninetales\n|-damage|p1a: Ninetales|21\/100\n|replace|p1a: Zoroark|Zoroark-Hisui, M\n|-end|p1a: Zoroark|Illusion\n|\n|upkeep\n|turn|10\n|\n|t:|1698470002\n|move|p1a: Zoroark|Shadow Ball|p2a: Greninja\n|-resisted|p2a: Greninja\n|-damage|p2a: Greninja|46\/100\n|-unboost|p2a: Greninja|spd|1\n|move|p2a: Greninja|Hydro Pump|p1a: Zoroark\n|-damage|p1a: Zoroark|0 fnt\n|faint|p1a: Zoroark\n|-ability|p2a: Greninja|Battle Bond|boost\n|-boost|p2a: Greninja|atk|1\n|-boost|p2a: Greninja|spa|1\n|-boost|p2a: Greninja|spe|1\n|-activate|p2a: Greninja|ability: Battle Bond\n|\n|upkeep\n|\n|t:|1698470016\n|switch|p1a: Ninetales|Ninetales-Alola, M|88\/100 slp\n|turn|11\n|\n|t:|1698470021\n|move|p2a: Greninja|Hydro Pump|p1a: Ninetales\n|-damage|p1a: Ninetales|0 fnt\n|replace|p1a: Zoroark|Zoroark, M, shiny\n|-end|p1a: Zoroark|Illusion\n|faint|p1a: Zoroark\n|\n|upkeep\n|\n|t:|1698470029\n|switch|p1a: Lycanroc|Lycanroc-Midnight, M|100\/100\n|turn|12\n|\n|t:|1698470034\n|move|p2a: Greninja|Hydro Pump|p1a: Lycanroc\n|-supereffective|p1a: Lycanroc\n|-enditem|p1a: Lycanroc|Focus Sash\n|-damage|p1a: Lycanroc|1\/100\n|move|p1a: Lycanroc|Close Combat|p2a: Greninja\n|-supereffective|p2a: Greninja\n|-damage|p2a: Greninja|0 fnt\n|-unboost|p1a: Lycanroc|def|1\n|-unboost|p1a: Lycanroc|spd|1\n|faint|p2a: Greninja\n|\n|upkeep\n|\n|t:|1698470055\n|switch|p2a: Garchomp|Garchomp, M|100\/100\n|turn|13\n|\n|t:|1698470062\n|switch|p1a: Ninetales|Ninetales-Alola, M|100\/100\n|-weather|Snow|[from] ability: Snow Warning|[of] p1a: Ninetales\n|move|p2a: Garchomp|Dragon Claw|p1a: Ninetales\n|-immune|p1a: Ninetales\n|\n|-weather|Snow|[upkeep]\n|upkeep\n|turn|14\n|\n|t:|1698470085\n|move|p1a: Ninetales|Aurora Veil|p1a: Ninetales\n|-sidestart|p1: DeltaVulpez|move: Aurora Veil\n|move|p2a: Garchomp|Double-Edge|p1a: Ninetales\n|-damage|p1a: Ninetales|85\/100\n|-damage|p2a: Garchomp|96\/100|[from] Recoil\n|\n|-weather|Snow|[upkeep]\n|-heal|p2a: Garchomp|100\/100|[from] item: Leftovers\n|upkeep\n|turn|15\n|\n|t:|1698470098\n|switch|p1a: Koraidon|Koraidon|100\/100\n|-weather|SunnyDay|[from] ability: Orichalcum Pulse|[of] p1a: Koraidon\n|-activate|p1a: Koraidon|Orichalcum Pulse|[source]\n|move|p2a: Garchomp|Body Slam|p1a: Koraidon\n|-damage|p1a: Koraidon|91\/100\n|-status|p1a: Koraidon|par\n|\n|-weather|SunnyDay|[upkeep]\n|upkeep\n|turn|16\n|\n|t:|1698470111\n|move|p2a: Garchomp|Dragon Claw|p1a: Koraidon\n|-supereffective|p1a: Koraidon\n|-damage|p1a: Koraidon|65\/100 par\n|move|p1a: Koraidon|Acrobatics|p2a: Garchomp\n|-damage|p2a: Garchomp|66\/100\n|\n|-weather|SunnyDay|[upkeep]\n|-heal|p2a: Garchomp|72\/100|[from] item: Leftovers\n|upkeep\n|turn|17\n|\n|t:|1698470123\n|move|p2a: Garchomp|Dragon Claw|p1a: Koraidon\n|-supereffective|p1a: Koraidon\n|-damage|p1a: Koraidon|37\/100 par\n|move|p1a: Koraidon|Dragon Tail|p2a: Garchomp\n|-supereffective|p2a: Garchomp\n|-damage|p2a: Garchomp|12\/100\n|drag|p2a: Rayquaza|Rayquaza|100\/100\n|-ability|p2a: Rayquaza|Air Lock\n|\n|-weather|SunnyDay|[upkeep]\n|upkeep\n|turn|18\n|\n|t:|1698470137\n|move|p2a: Rayquaza|Blizzard|p1a: Koraidon\n|-supereffective|p1a: Koraidon\n|-damage|p1a: Koraidon|8\/100 par\n|move|p1a: Koraidon|Acrobatics|p2a: Rayquaza\n|-damage|p2a: Rayquaza|71\/100\n|\n|-weather|SunnyDay|[upkeep]\n|-heal|p2a: Rayquaza|77\/100|[from] item: Leftovers\n|-sideend|p1: DeltaVulpez|move: Aurora Veil\n|upkeep\n|turn|19\n|\n|t:|1698470148\n|switch|p1a: Ninetales|Ninetales-Alola, M|85\/100\n|-weather|Snow|[from] ability: Snow Warning|[of] p1a: Ninetales\n|move|p2a: Rayquaza|Blizzard|p1a: Ninetales|[miss]\n|-miss|p2a: Rayquaza|p1a: Ninetales\n|\n|-weather|Snow|[upkeep]\n|-heal|p2a: Rayquaza|83\/100|[from] item: Leftovers\n|upkeep\n|turn|20\n|\n|t:|1698470158\n|move|p1a: Ninetales|Draining Kiss|p2a: Rayquaza\n|-supereffective|p2a: Rayquaza\n|-damage|p2a: Rayquaza|46\/100\n|-heal|p1a: Ninetales|100\/100|[from] drain|[of] p2a: Rayquaza\n|move|p2a: Rayquaza|Brick Break|p1a: Ninetales\n|-damage|p1a: Ninetales|65\/100\n|\n|-weather|Snow|[upkeep]\n|-heal|p2a: Rayquaza|52\/100|[from] item: Leftovers\n|upkeep\n|turn|21\n|\n|t:|1698470169\n|move|p1a: Ninetales|Draining Kiss|p2a: Rayquaza\n|-supereffective|p2a: Rayquaza\n|-damage|p2a: Rayquaza|12\/100\n|-heal|p1a: Ninetales|98\/100|[from] drain|[of] p2a: Rayquaza\n|move|p2a: Rayquaza|Brick Break|p1a: Ninetales\n|-damage|p1a: Ninetales|66\/100\n|\n|-weather|Snow|[upkeep]\n|-heal|p2a: Rayquaza|18\/100|[from] item: Leftovers\n|upkeep\n|turn|22\n|\n|t:|1698470180\n|move|p1a: Ninetales|Draining Kiss|p2a: Rayquaza\n|-supereffective|p2a: Rayquaza\n|-damage|p2a: Rayquaza|0 fnt\n|-heal|p1a: Ninetales|80\/100|[from] drain|[of] p2a: Rayquaza\n|faint|p2a: Rayquaza\n|\n|-weather|Snow|[upkeep]\n|upkeep\n|\n|t:|1698470189\n|switch|p2a: Darkrai|Darkrai|20\/100\n|turn|23\n|\n|t:|1698470193\n|move|p1a: Ninetales|Draining Kiss|p2a: Darkrai\n|-supereffective|p2a: Darkrai\n|-damage|p2a: Darkrai|0 fnt\n|-heal|p1a: Ninetales|93\/100|[from] drain|[of] p2a: Darkrai\n|faint|p2a: Darkrai\n|\n|-weather|none\n|upkeep\n|\n|t:|1698470201\n|switch|p2a: Corviknight|Corviknight, M|100\/100\n|-ability|p2a: Corviknight|Pressure\n|turn|24\n|\n|t:|1698470212\n|move|p1a: Ninetales|Draining Kiss|p2a: Corviknight\n|-resisted|p2a: Corviknight\n|-damage|p2a: Corviknight|90\/100\n|-heal|p1a: Ninetales|100\/100|[from] drain|[of] p2a: Corviknight\n|move|p2a: Corviknight|Iron Head|p1a: Ninetales\n|-supereffective|p1a: Ninetales\n|-damage|p1a: Ninetales|0 fnt\n|faint|p1a: Ninetales\n|\n|-heal|p2a: Corviknight|96\/100|[from] item: Leftovers\n|upkeep\n|\n|t:|1698470224\n|switch|p1a: Koraidon|Koraidon|8\/100 par\n|-weather|SunnyDay|[from] ability: Orichalcum Pulse|[of] p1a: Koraidon\n|-activate|p1a: Koraidon|Orichalcum Pulse|[source]\n|turn|25\n|\n|t:|1698470231\n|move|p2a: Corviknight|Iron Head|p1a: Koraidon\n|-damage|p1a: Koraidon|0 fnt\n|faint|p1a: Koraidon\n|\n|-weather|SunnyDay|[upkeep]\n|-heal|p2a: Corviknight|100\/100|[from] item: Leftovers\n|upkeep\n|\n|t:|1698470238\n|switch|p1a: Lycanroc|Lycanroc-Midnight, M|1\/100\n|turn|26\n|\n|t:|1698470243\n|move|p1a: Lycanroc|Fire Punch|p2a: Corviknight\n|-supereffective|p2a: Corviknight\n|-damage|p2a: Corviknight|49\/100\n|move|p2a: Corviknight|Iron Head|p1a: Lycanroc\n|-supereffective|p1a: Lycanroc\n|-crit|p1a: Lycanroc\n|-damage|p1a: Lycanroc|0 fnt\n|faint|p1a: Lycanroc\n|\n|win|rikyxpro\n|raw|DeltaVulpez's rating: 1000 &rarr; <strong>1000<\/strong><br \/>(+0 for losing)\n|raw|rikyxpro's rating: 1094 &rarr; <strong>1113<\/strong><br \/>(+19 for winning)\n|l|\u2606DeltaVulpez\n","uploadtime":1698470417,"views":5,"p1id":"deltavulpez","p2id":"rikyxpro","formatid":"gen9anythinggoes","rating":1000,"private":0,"password":""}