{"id":"gen9anythinggoes-1992825681","p1":"HandOfSoul","p2":"Jodsalz","format":"[Gen 9] Anything Goes","log":"|j|\u2606HandOfSoul\n|j|\u2606Jodsalz\n|t:|1700238744\n|gametype|singles\n|player|p1|HandOfSoul|veteranf|\n|player|p2|Jodsalz|wallace|\n|teamsize|p1|6\n|teamsize|p2|6\n|gen|9\n|tier|[Gen 9] Anything Goes\n|rule|HP Percentage Mod: HP is shown in percentages\n|rule|Endless Battle Clause: Forcing endless battles is banned\n|clearpoke\n|poke|p1|Arcanine-Hisui, M|\n|poke|p1|Corviknight, M|\n|poke|p1|Vikavolt, M|\n|poke|p1|Milotic, F|\n|poke|p1|Sinistcha-Masterpiece|\n|poke|p1|Wigglytuff, F|\n|poke|p2|Meowscarada, F|\n|poke|p2|Torkoal, M|\n|poke|p2|Bronzong|\n|poke|p2|Yanmega, F|\n|poke|p2|Grafaiai, M|\n|poke|p2|Dragalge, M|\n|teampreview\n|c|\u2606HandOfSoul|gl hf\n|c|\u2606Jodsalz|Hf\n|\n|t:|1700238854\n|start\n|switch|p1a: Strom|Vikavolt, M, shiny|100\/100\n|switch|p2a: Dragalge|Dragalge, M|100\/100\n|turn|1\n|\n|t:|1700238901\n|switch|p1a: PanzerSchrank|Corviknight, M|100\/100\n|move|p2a: Dragalge|Sludge Bomb|p1a: PanzerSchrank\n|-immune|p1a: PanzerSchrank\n|\n|upkeep\n|turn|2\n|\n|t:|1700238915\n|switch|p2a: 1750|Torkoal, M|100\/100\n|move|p1a: PanzerSchrank|U-turn|p2a: 1750\n|-resisted|p2a: 1750\n|-damage|p2a: 1750|96\/100\n|\n|t:|1700238972\n|switch|p1a: Kopfweh|Arcanine-Hisui, M|100\/100|[from] U-turn\n|\n|upkeep\n|turn|3\n|\n|t:|1700238999\n|switch|p2a: 750|Bronzong|100\/100\n|move|p1a: Kopfweh|Head Smash|p2a: 750\n|-resisted|p2a: 750\n|-damage|p2a: 750|58\/100\n|-damage|p1a: Kopfweh|91\/100|[from] item: Life Orb\n|\n|-heal|p2a: 750|64\/100|[from] item: Leftovers\n|upkeep\n|turn|4\n|\n|t:|1700239028\n|move|p1a: Kopfweh|Flare Blitz|p2a: 750\n|-supereffective|p2a: 750\n|-damage|p2a: 750|0 fnt\n|faint|p2a: 750\n|-damage|p1a: Kopfweh|81\/100|[from] item: Life Orb\n|\n|upkeep\n|\n|t:|1700239052\n|switch|p2a: Dragalge|Dragalge, M|100\/100\n|turn|5\n|\n|t:|1700239089\n|switch|p1a: Glatt|Milotic, F, shiny|100\/100\n|move|p2a: Dragalge|Thunderbolt|p1a: Glatt\n|-supereffective|p1a: Glatt\n|-damage|p1a: Glatt|54\/100\n|\n|-heal|p1a: Glatt|60\/100|[from] item: Leftovers\n|upkeep\n|turn|6\n|\n|t:|1700239122\n|move|p1a: Glatt|Recover|p1a: Glatt\n|-heal|p1a: Glatt|100\/100\n|move|p2a: Dragalge|Thunderbolt|p1a: Glatt\n|-supereffective|p1a: Glatt\n|-damage|p1a: Glatt|52\/100\n|\n|-heal|p1a: Glatt|58\/100|[from] item: Leftovers\n|upkeep\n|turn|7\n|\n|t:|1700239142\n|move|p1a: Glatt|Flip Turn|p2a: Dragalge\n|-resisted|p2a: Dragalge\n|-damage|p2a: Dragalge|93\/100\n|\n|t:|1700239149\n|switch|p1a: Matsche|Sinistcha-Masterpiece|100\/100|[from] Flip Turn\n|move|p2a: Dragalge|Thunderbolt|p1a: Matsche\n|-resisted|p1a: Matsche\n|-damage|p1a: Matsche|68\/100\n|\n|upkeep\n|turn|8\n|\n|t:|1700239172\n|switch|p2a: 500|Grafaiai, M|100\/100\n|move|p1a: Matsche|Hex|p2a: 500\n|-immune|p2a: 500\n|\n|upkeep\n|turn|9\n|\n|t:|1700239186\n|switch|p1a: PanzerSchrank|Corviknight, M|100\/100\n|move|p2a: 500|Knock Off|p1a: PanzerSchrank\n|-damage|p1a: PanzerSchrank|85\/100\n|-enditem|p1a: PanzerSchrank|Leftovers|[from] move: Knock Off|[of] p2a: 500\n|\n|upkeep\n|turn|10\n|\n|t:|1700239209\n|move|p2a: 500|Knock Off|p1a: PanzerSchrank\n|-damage|p1a: PanzerSchrank|73\/100\n|move|p1a: PanzerSchrank|Body Press|p2a: 500\n|-damage|p2a: 500|56\/100\n|\n|-heal|p2a: 500|62\/100|[from] item: Black Sludge\n|upkeep\n|turn|11\n|\n|t:|1700239229\n|move|p2a: 500|U-turn|p1a: PanzerSchrank\n|-resisted|p1a: PanzerSchrank\n|-crit|p1a: PanzerSchrank\n|-damage|p1a: PanzerSchrank|68\/100\n|\n|t:|1700239232\n|switch|p2a: Dragalge|Dragalge, M|93\/100|[from] U-turn\n|move|p1a: PanzerSchrank|U-turn|p2a: Dragalge\n|-resisted|p2a: Dragalge\n|-damage|p2a: Dragalge|86\/100\n|\n|t:|1700239267\n|switch|p1a: Kopfweh|Arcanine-Hisui, M|81\/100|[from] U-turn\n|\n|upkeep\n|turn|12\n|\n|t:|1700239281\n|move|p1a: Kopfweh|Head Smash|p2a: Dragalge\n|-damage|p2a: Dragalge|0 fnt\n|faint|p2a: Dragalge\n|-damage|p1a: Kopfweh|71\/100|[from] item: Life Orb\n|\n|upkeep\n|\n|t:|1700239292\n|switch|p2a: 1k|Yanmega, F|100\/100\n|turn|13\n|\n|t:|1700239350\n|move|p2a: 1k|Endure|p2a: 1k\n|-singleturn|p2a: 1k|move: Endure\n|move|p1a: Kopfweh|Flare Blitz|p2a: 1k\n|-supereffective|p2a: 1k\n|-activate|p2a: 1k|move: Endure\n|-damage|p2a: 1k|1\/100\n|-enditem|p2a: 1k|Weakness Policy\n|-boost|p2a: 1k|atk|2|[from] item: Weakness Policy\n|-boost|p2a: 1k|spa|2|[from] item: Weakness Policy\n|-damage|p1a: Kopfweh|61\/100|[from] item: Life Orb\n|\n|-ability|p2a: 1k|Speed Boost|boost\n|-boost|p2a: 1k|spe|1\n|upkeep\n|turn|14\n|\n|t:|1700239363\n|move|p1a: Kopfweh|Extreme Speed|p2a: 1k\n|-damage|p2a: 1k|0 fnt\n|faint|p2a: 1k\n|-damage|p1a: Kopfweh|51\/100|[from] item: Life Orb\n|\n|upkeep\n|c|\u2606Jodsalz|Gg\n|c|\u2606Jodsalz|Hab nix gegen den\n|\n|t:|1700239377\n|switch|p2a: 500|Grafaiai, M|62\/100\n|turn|15\n|\n|t:|1700239399\n|switch|p1a: PanzerSchrank|Corviknight, M|68\/100\n|move|p2a: 500|Knock Off|p1a: PanzerSchrank\n|-damage|p1a: PanzerSchrank|57\/100\n|\n|-heal|p2a: 500|68\/100|[from] item: Black Sludge\n|upkeep\n|turn|16\n|\n|t:|1700239410\n|move|p2a: 500|Knock Off|p1a: PanzerSchrank\n|-damage|p1a: PanzerSchrank|45\/100\n|move|p1a: PanzerSchrank|Body Press|p2a: 500\n|-damage|p2a: 500|22\/100\n|\n|-heal|p2a: 500|28\/100|[from] item: Black Sludge\n|upkeep\n|turn|17\n|\n|t:|1700239436\n|move|p2a: 500|Encore|p1a: PanzerSchrank\n|-start|p1a: PanzerSchrank|Encore\n|move|p1a: PanzerSchrank|Body Press|p2a: 500\n|-damage|p2a: 500|0 fnt\n|faint|p2a: 500\n|\n|upkeep\n|\n|t:|1700239443\n|switch|p2a: 1750|Torkoal, M|96\/100\n|turn|18\n|\n|t:|1700239496\n|switch|p1a: Glatt|Milotic, F, shiny|58\/100\n|move|p2a: 1750|Shell Smash|p2a: 1750\n|-unboost|p2a: 1750|def|1\n|-unboost|p2a: 1750|spd|1\n|-boost|p2a: 1750|atk|2\n|-boost|p2a: 1750|spa|2\n|-boost|p2a: 1750|spe|2\n|-enditem|p2a: 1750|Eject Pack\n|\n|t:|1700239504\n|switch|p2a: 1750 2|Meowscarada, F|100\/100\n|\n|-heal|p1a: Glatt|64\/100|[from] item: Leftovers\n|upkeep\n|turn|19\n|c|\u2606HandOfSoul|lol\n|\n|t:|1700239536\n|switch|p1a: Matsche|Sinistcha-Masterpiece|68\/100\n|move|p2a: 1750 2|Copycat|p2a: 1750 2\n|move|p2a: 1750 2|Shell Smash|p2a: 1750 2|[from]move: Copycat\n|-unboost|p2a: 1750 2|def|1\n|-unboost|p2a: 1750 2|spd|1\n|-boost|p2a: 1750 2|atk|2\n|-boost|p2a: 1750 2|spa|2\n|-boost|p2a: 1750 2|spe|2\n|-enditem|p2a: 1750 2|White Herb\n|-clearnegativeboost|p2a: 1750 2|[silent]\n|\n|upkeep\n|turn|20\n|c|\u2606Jodsalz|Letzte Chance\n|\n|t:|1700239550\n|move|p2a: 1750 2|Knock Off|p1a: Matsche\n|-supereffective|p1a: Matsche\n|-enditem|p1a: Matsche|Colbur Berry|[eat]\n|-enditem|p1a: Matsche|Colbur Berry|[weaken]\n|-damage|p1a: Matsche|0 fnt\n|faint|p1a: Matsche\n|\n|upkeep\n|\n|t:|1700239619\n|switch|p1a: Strom|Vikavolt, M, shiny|100\/100\n|turn|21\n|\n|t:|1700239628\n|move|p2a: 1750 2|Knock Off|p1a: Strom\n|-damage|p1a: Strom|32\/100\n|-enditem|p1a: Strom|Heavy-Duty Boots|[from] move: Knock Off|[of] p2a: 1750 2\n|move|p1a: Strom|Bug Buzz|p2a: 1750 2\n|-supereffective|p2a: 1750 2\n|-damage|p2a: 1750 2|0 fnt\n|faint|p2a: 1750 2\n|\n|upkeep\n|c|\u2606Jodsalz|Gg\n|c|\u2606HandOfSoul|das das geht wusste ich gar nicht\n|c|\u2606Jodsalz|Aber vika zu bulky\n|l|\u2606Jodsalz\n|player|p2|\n|c|\u2606HandOfSoul|gl\u00fccklicher weise hab ich den bulky gemacht\n|inactive|Battle timer is ON: inactive players will automatically lose when time's up. (requested by HandOfSoul)\n|inactive|Jodsalz has 270 seconds to reconnect!\n|inactive|Jodsalz has 240 seconds to reconnect!\n|j|\u2606Jodsalz\n|inactive|Jodsalz reconnected and has 300 seconds left.\n|player|p2|Jodsalz|wallace\n|c|\u2606Jodsalz|Ah jetzt\n|\n|t:|1700239823\n|switch|p2a: 1750|Torkoal, M|96\/100\n|turn|22\n|inactiveoff|Battle timer is now OFF.\n|\n|t:|1700239831\n|move|p1a: Strom|Volt Switch|p2a: 1750\n|-damage|p2a: 1750|53\/100\n|\n|t:|1700239834\n|switch|p1a: Glatt|Milotic, F, shiny|64\/100|[from] Volt Switch\n|move|p2a: 1750|Shell Smash|p2a: 1750\n|-unboost|p2a: 1750|def|1\n|-unboost|p2a: 1750|spd|1\n|-boost|p2a: 1750|atk|2\n|-boost|p2a: 1750|spa|2\n|-boost|p2a: 1750|spe|2\n|\n|-heal|p1a: Glatt|70\/100|[from] item: Leftovers\n|upkeep\n|turn|23\n|\n|t:|1700239845\n|move|p1a: Glatt|Scald|p2a: 1750\n|-supereffective|p2a: 1750\n|-damage|p2a: 1750|0 fnt\n|faint|p2a: 1750\n|\n|win|HandOfSoul\n|c|\u2606HandOfSoul|gg\n","uploadtime":1700239860,"views":25,"p1id":"handofsoul","p2id":"jodsalz","formatid":"gen9anythinggoes","rating":0,"private":0,"password":""}