{"id":"gen9anythinggoes-1999109738","p1":"BigShaq189","p2":"hi_im_mudkip","format":"[Gen 9] Anything Goes","log":"|j|\u2606BigShaq189\n|j|\u2606hi_im_mudkip\n|t:|1701034163\n|gametype|singles\n|player|p1|BigShaq189|veteran|\n|player|p2|hi_im_mudkip|volo|\n|teamsize|p1|6\n|teamsize|p2|6\n|gen|9\n|tier|[Gen 9] Anything Goes\n|rule|HP Percentage Mod: HP is shown in percentages\n|rule|Endless Battle Clause: Forcing endless battles is banned\n|clearpoke\n|poke|p1|Great Tusk|\n|poke|p1|Iron Hands|\n|poke|p1|Gholdengo|\n|poke|p1|Sneasler, F|\n|poke|p1|Iron Bundle|\n|poke|p1|Eiscue, M|\n|poke|p2|Roaring Moon|\n|poke|p2|Kilowattrel, M|\n|poke|p2|Tornadus-Therian, M|\n|poke|p2|Zoroark-Hisui, F|\n|poke|p2|Slither Wing|\n|poke|p2|Torkoal, F|\n|teampreview\n|\n|t:|1701034185\n|start\n|switch|p1a: Eiscue|Eiscue, M|100\/100\n|switch|p2a: Torkoal|Torkoal, F|100\/100\n|turn|1\n|c|\u2606hi_im_mudkip|i forgot to change the ability whoops\n|c|\u2606BigShaq189|u want to restart?\n|c|\u2606hi_im_mudkip|nah its all good\n|\n|t:|1701034226\n|-terastallize|p1a: Eiscue|Ground\n|move|p1a: Eiscue|Belly Drum|p1a: Eiscue\n|-damage|p1a: Eiscue|50\/100\n|-setboost|p1a: Eiscue|atk|6|[from] move: Belly Drum\n|-enditem|p1a: Eiscue|Sitrus Berry|[eat]\n|-heal|p1a: Eiscue|75\/100|[from] item: Sitrus Berry\n|move|p2a: Torkoal|Overheat|p1a: Eiscue\n|-damage|p1a: Eiscue|16\/100\n|-unboost|p2a: Torkoal|spa|2\n|-enditem|p2a: Torkoal|Eject Pack\n|\n|t:|1701034242\n|switch|p2a: Kilowattrel|Kilowattrel, M|100\/100\n|\n|upkeep\n|turn|2\n|\n|t:|1701034252\n|move|p2a: Kilowattrel|Air Slash|p1a: Eiscue\n|-damage|p1a: Eiscue|0 fnt\n|faint|p1a: Eiscue\n|\n|upkeep\n|\n|t:|1701034257\n|switch|p1a: Iron Bundle|Iron Bundle|100\/100\n|turn|3\n|\n|t:|1701034281\n|switch|p2a: Torkoal|Torkoal, F|100\/100\n|move|p1a: Iron Bundle|Flip Turn|p2a: Torkoal\n|-supereffective|p2a: Torkoal\n|-damage|p2a: Torkoal|82\/100\n|\n|t:|1701034290\n|-end|p1a: Iron Bundle|Quark Drive|[silent]\n|switch|p1a: Great Tusk|Great Tusk|100\/100|[from] Flip Turn\n|\n|upkeep\n|turn|4\n|\n|t:|1701034310\n|move|p1a: Great Tusk|Knock Off|p2a: Torkoal\n|-damage|p2a: Torkoal|66\/100\n|move|p2a: Torkoal|Yawn|p1a: Great Tusk\n|-start|p1a: Great Tusk|move: Yawn|[of] p2a: Torkoal\n|\n|upkeep\n|turn|5\n|\n|t:|1701034321\n|-end|p1a: Great Tusk|Protosynthesis|[silent]\n|switch|p1a: Iron Bundle|Iron Bundle|100\/100\n|move|p2a: Torkoal|Overheat|p1a: Iron Bundle\n|-damage|p1a: Iron Bundle|14\/100\n|-unboost|p2a: Torkoal|spa|2\n|\n|upkeep\n|turn|6\n|\n|t:|1701034330\n|move|p1a: Iron Bundle|Hydro Pump|p2a: Torkoal\n|-supereffective|p2a: Torkoal\n|-damage|p2a: Torkoal|0 fnt\n|faint|p2a: Torkoal\n|\n|upkeep\n|\n|t:|1701034334\n|switch|p2a: Slither Wing|Slither Wing|100\/100\n|turn|7\n|\n|t:|1701034348\n|-end|p1a: Iron Bundle|Quark Drive|[silent]\n|switch|p1a: Gholdengo|Gholdengo|100\/100\n|move|p2a: Slither Wing|U-turn|p1a: Gholdengo\n|-resisted|p1a: Gholdengo\n|-damage|p1a: Gholdengo|83\/100\n|\n|t:|1701034353\n|-end|p2a: Slither Wing|Protosynthesis|[silent]\n|switch|p2a: Roaring Moon|Roaring Moon|100\/100|[from] U-turn\n|\n|upkeep\n|turn|8\n|\n|t:|1701034370\n|switch|p1a: Great Tusk|Great Tusk|100\/100\n|move|p2a: Roaring Moon|Psychic|p1a: Great Tusk\n|-supereffective|p1a: Great Tusk\n|-damage|p1a: Great Tusk|28\/100\n|-damage|p2a: Roaring Moon|91\/100|[from] item: Life Orb\n|\n|upkeep\n|turn|9\n|\n|t:|1701034386\n|move|p2a: Roaring Moon|Bitter Malice|p1a: Great Tusk\n|-damage|p1a: Great Tusk|0 fnt\n|faint|p1a: Great Tusk\n|-end|p1a: Great Tusk|Protosynthesis|[silent]\n|-damage|p2a: Roaring Moon|81\/100|[from] item: Life Orb\n|\n|upkeep\n|\n|t:|1701034393\n|switch|p1a: Iron Bundle|Iron Bundle|14\/100\n|turn|10\n|\n|t:|1701034403\n|move|p1a: Iron Bundle|Ice Beam|p2a: Roaring Moon\n|-damage|p2a: Roaring Moon|0 fnt\n|replace|p2a: Zoroark|Zoroark-Hisui, F\n|-end|p2a: Zoroark|Illusion\n|faint|p2a: Zoroark\n|\n|upkeep\n|\n|t:|1701034408\n|switch|p2a: Slither Wing|Slither Wing|100\/100\n|turn|11\n|\n|t:|1701034421\n|-end|p1a: Iron Bundle|Quark Drive|[silent]\n|switch|p1a: Gholdengo|Gholdengo|83\/100\n|move|p2a: Slither Wing|Earthquake|p1a: Gholdengo\n|-supereffective|p1a: Gholdengo\n|-damage|p1a: Gholdengo|0 fnt\n|faint|p1a: Gholdengo\n|\n|upkeep\n|\n|t:|1701034432\n|switch|p1a: Sneasler|Sneasler, F|100\/100\n|turn|12\n|\n|t:|1701034452\n|-end|p2a: Slither Wing|Protosynthesis|[silent]\n|switch|p2a: Tornadus|Tornadus-Therian, M|100\/100\n|move|p1a: Sneasler|U-turn|p2a: Tornadus\n|-resisted|p2a: Tornadus\n|-damage|p2a: Tornadus|80\/100\n|\n|t:|1701034470\n|switch|p1a: Iron Hands|Iron Hands|100\/100|[from] U-turn\n|\n|upkeep\n|turn|13\n|\n|t:|1701034504\n|move|p2a: Tornadus|U-turn|p1a: Iron Hands\n|-resisted|p1a: Iron Hands\n|-damage|p1a: Iron Hands|95\/100\n|\n|t:|1701034506\n|switch|p2a: Kilowattrel|Kilowattrel, M|100\/100|[from] U-turn\n|move|p1a: Iron Hands|Wild Charge|p2a: Kilowattrel\n|-immune|p2a: Kilowattrel|[from] ability: Volt Absorb\n|\n|upkeep\n|turn|14\n|\n|t:|1701034616\n|-terastallize|p2a: Kilowattrel|Ground\n|move|p2a: Kilowattrel|Tera Blast|p1a: Iron Hands|[anim] Tera Blast Ground\n|-supereffective|p1a: Iron Hands\n|-damage|p1a: Iron Hands|41\/100\n|move|p1a: Iron Hands|Drain Punch|p2a: Kilowattrel\n|-damage|p2a: Kilowattrel|18\/100\n|-heal|p1a: Iron Hands|66\/100|[from] drain|[of] p2a: Kilowattrel\n|\n|upkeep\n|turn|15\n|\n|t:|1701034645\n|move|p2a: Kilowattrel|U-turn|p1a: Iron Hands\n|-resisted|p1a: Iron Hands\n|-damage|p1a: Iron Hands|62\/100\n|\n|t:|1701034647\n|switch|p2a: Tornadus|Tornadus-Therian, M|100\/100|[from] U-turn\n|move|p1a: Iron Hands|Drain Punch|p2a: Tornadus\n|-resisted|p2a: Tornadus\n|-damage|p2a: Tornadus|76\/100\n|-heal|p1a: Iron Hands|71\/100|[from] drain|[of] p2a: Tornadus\n|\n|upkeep\n|turn|16\n|\n|t:|1701034665\n|move|p2a: Tornadus|Bleakwind Storm|p1a: Iron Hands\n|-damage|p1a: Iron Hands|39\/100\n|-unboost|p1a: Iron Hands|spe|1\n|move|p1a: Iron Hands|Wild Charge|p2a: Tornadus\n|-supereffective|p2a: Tornadus\n|-damage|p2a: Tornadus|0 fnt\n|faint|p2a: Tornadus\n|-damage|p1a: Iron Hands|24\/100|[from] Recoil\n|\n|upkeep\n|\n|t:|1701034673\n|switch|p2a: Kilowattrel|Kilowattrel, M, tera:Ground|18\/100\n|turn|17\n|\n|t:|1701034688\n|move|p2a: Kilowattrel|Tera Blast|p1a: Iron Hands|[anim] Tera Blast Ground\n|-supereffective|p1a: Iron Hands\n|-damage|p1a: Iron Hands|0 fnt\n|faint|p1a: Iron Hands\n|-end|p1a: Iron Hands|Quark Drive|[silent]\n|\n|upkeep\n|\n|t:|1701034714\n|switch|p1a: Iron Bundle|Iron Bundle|14\/100\n|turn|18\n|\n|t:|1701034730\n|move|p1a: Iron Bundle|Flip Turn|p2a: Kilowattrel\n|-supereffective|p2a: Kilowattrel\n|-damage|p2a: Kilowattrel|0 fnt\n|faint|p2a: Kilowattrel\n|\n|t:|1701034737\n|-end|p1a: Iron Bundle|Quark Drive|[silent]\n|switch|p1a: Sneasler|Sneasler, F|100\/100|[from] Flip Turn\n|\n|upkeep\n|\n|t:|1701034741\n|switch|p2a: Roaring Moon|Roaring Moon|100\/100\n|turn|19\n|\n|t:|1701034749\n|move|p2a: Roaring Moon|Earthquake|p1a: Sneasler\n|-supereffective|p1a: Sneasler\n|-damage|p1a: Sneasler|0 fnt\n|faint|p1a: Sneasler\n|\n|upkeep\n|\n|t:|1701034773\n|switch|p1a: Iron Bundle|Iron Bundle|14\/100\n|turn|20\n|\n|t:|1701034778\n|move|p2a: Roaring Moon|Earthquake|p1a: Iron Bundle\n|-damage|p1a: Iron Bundle|0 fnt\n|faint|p1a: Iron Bundle\n|-end|p1a: Iron Bundle|Quark Drive|[silent]\n|\n|win|hi_im_mudkip\n|l|\u2606BigShaq189\n|c|\u2606hi_im_mudkip|ggs!\n","uploadtime":1701034785,"views":12,"p1id":"bigshaq189","p2id":"hiimmudkip","formatid":"gen9anythinggoes","rating":0,"private":0,"password":""}