{"id":"gen9anythinggoes-1985405475","p1":"RimuruTempest88","p2":"jerry_g13","format":"[Gen 9] Anything Goes","log":"|j|\u2606RimuruTempest88\n|j|\u2606jerry_g13\n|t:|1699371959\n|gametype|singles\n|player|p1|RimuruTempest88|170|1062\n|player|p2|jerry_g13|sabrina|1124\n|teamsize|p1|6\n|teamsize|p2|6\n|gen|9\n|tier|[Gen 9] Anything Goes\n|rated|\n|rule|HP Percentage Mod: HP is shown in percentages\n|rule|Endless Battle Clause: Forcing endless battles is banned\n|clearpoke\n|poke|p1|Greninja-*, F|\n|poke|p1|Honchkrow, M|\n|poke|p1|Slowbro, F|\n|poke|p1|Poliwrath, M|\n|poke|p1|Weavile, F|\n|poke|p1|Quaquaval, F|\n|poke|p2|Slowbro-Galar, M|\n|poke|p2|Slowpoke, F|\n|poke|p2|Slowbro, F|\n|poke|p2|Slowking, F|\n|poke|p2|Slowking-Galar, M|\n|poke|p2|Slowpoke-Galar, F|\n|teampreview\n|inactive|Battle timer is ON: inactive players will automatically lose when time's up. (requested by jerry_g13)\n|c|\u2606RimuruTempest88|Phycic gym\n|c|\u2606jerry_g13|no\n|c|\u2606RimuruTempest88|slopokes\n|c|\u2606jerry_g13|i just like slowfellas :)\n|c|\u2606RimuruTempest88|nice\n|\n|t:|1699372007\n|start\n|switch|p1a: Quaquaval|Quaquaval, F|100\/100\n|switch|p2a: Slowking|Slowking, F|100\/100\n|turn|1\n|\n|t:|1699372013\n|-terastallize|p1a: Quaquaval|Steel\n|move|p1a: Quaquaval|Swords Dance|p1a: Quaquaval\n|-boost|p1a: Quaquaval|atk|2\n|move|p2a: Slowking|Reflect|p2a: Slowking\n|-sidestart|p2: jerry_g13|Reflect\n|\n|upkeep\n|turn|2\n|\n|t:|1699372021\n|move|p1a: Quaquaval|Swords Dance|p1a: Quaquaval\n|-boost|p1a: Quaquaval|atk|2\n|move|p2a: Slowking|Trick Room|p2a: Slowking\n|-fieldstart|move: Trick Room|[of] p2a: Slowking\n|\n|upkeep\n|turn|3\n|\n|t:|1699372026\n|move|p2a: Slowking|Chilly Reception|p2a: Slowking\n|-weather|Snow\n|\n|t:|1699372031\n|switch|p2a: Slowbro|Slowbro, F|100\/100|[from] Chilly Reception\n|move|p1a: Quaquaval|Swords Dance|p1a: Quaquaval\n|-boost|p1a: Quaquaval|atk|2\n|\n|-weather|Snow|[upkeep]\n|upkeep\n|turn|4\n|\n|t:|1699372038\n|move|p2a: Slowbro|Flamethrower|p1a: Quaquaval\n|-supereffective|p1a: Quaquaval\n|-damage|p1a: Quaquaval|27\/100\n|move|p1a: Quaquaval|Knock Off|p2a: Slowbro\n|-supereffective|p2a: Slowbro\n|-damage|p2a: Slowbro|6\/100\n|-enditem|p2a: Slowbro|Assault Vest|[from] move: Knock Off|[of] p1a: Quaquaval\n|\n|-weather|Snow|[upkeep]\n|-heal|p1a: Quaquaval|33\/100|[from] item: Leftovers\n|upkeep\n|turn|5\n|\n|t:|1699372046\n|move|p2a: Slowbro|Flamethrower|p1a: Quaquaval\n|-supereffective|p1a: Quaquaval\n|-damage|p1a: Quaquaval|0 fnt\n|faint|p1a: Quaquaval\n|\n|-weather|Snow|[upkeep]\n|upkeep\n|c|\u2606RimuruTempest88|why did I waste my tera\n|c|\u2606RimuruTempest88|I idiot\n|\n|t:|1699372063\n|switch|p1a: Slowbro|Slowbro, F|100\/100\n|turn|6\n|\n|t:|1699372070\n|move|p1a: Slowbro|Scald|p2a: Slowbro\n|-resisted|p2a: Slowbro\n|-damage|p2a: Slowbro|0 fnt\n|faint|p2a: Slowbro\n|\n|-weather|Snow|[upkeep]\n|-fieldend|move: Trick Room\n|upkeep\n|\n|t:|1699372077\n|switch|p2a: Slowking|Slowking, F|100\/100\n|turn|7\n|c|\u2606RimuruTempest88|ha ha, I am slower\n|c|\u2606jerry_g13|maybe a speed tie\n|c|\u2606RimuruTempest88|I have beat you at your own game\n|c|\u2606RimuruTempest88|mwa ha ha ha\n|inactive|jerry_g13 has 120 seconds left.\n|\n|t:|1699372111\n|move|p2a: Slowking|Light Screen|p2a: Slowking\n|-sidestart|p2: jerry_g13|move: Light Screen\n|move|p1a: Slowbro|Thunder Wave|p2a: Slowking\n|-status|p2a: Slowking|par\n|\n|-weather|none\n|upkeep\n|turn|8\n|\n|t:|1699372119\n|switch|p1a: Poliwrath|Poliwrath, M|100\/100\n|move|p2a: Slowking|Trick Room|p2a: Slowking\n|-fieldstart|move: Trick Room|[of] p2a: Slowking\n|\n|-sideend|p2: jerry_g13|Reflect\n|upkeep\n|turn|9\n|\n|t:|1699372130\n|switch|p1a: Slowbro|Slowbro, F|100\/100\n|move|p2a: Slowking|Chilly Reception|p2a: Slowking\n|-weather|Snow\n|\n|t:|1699372139\n|switch|p2a: Slowpoke|Slowpoke-Galar, F|100\/100|[from] Chilly Reception\n|\n|-weather|Snow|[upkeep]\n|upkeep\n|turn|10\n|c|\u2606RimuruTempest88|can you stop screening\n|\n|t:|1699372145\n|move|p1a: Slowbro|Thunder Wave|p2a: Slowpoke\n|-status|p2a: Slowpoke|par\n|move|p2a: Slowpoke|Yawn|p1a: Slowbro\n|-start|p1a: Slowbro|move: Yawn|[of] p2a: Slowpoke\n|\n|-weather|Snow|[upkeep]\n|upkeep\n|turn|11\n|c|\u2606RimuruTempest88|its a njuscience\n|\n|t:|1699372156\n|switch|p2a: Slowking|Slowking-Galar, M|100\/100\n|switch|p1a: Honchkrow|Honchkrow, M, shiny|100\/100\n|\n|-weather|Snow|[upkeep]\n|upkeep\n|turn|12\n|c|\u2606jerry_g13|no\n|\n|t:|1699372162\n|switch|p1a: Slowbro|Slowbro, F|100\/100\n|move|p2a: Slowking|Calm Mind|p2a: Slowking\n|-boost|p2a: Slowking|spa|1\n|-boost|p2a: Slowking|spd|1\n|\n|-weather|Snow|[upkeep]\n|-fieldend|move: Trick Room\n|upkeep\n|turn|13\n|\n|t:|1699372170\n|move|p2a: Slowking|Calm Mind|p2a: Slowking\n|-boost|p2a: Slowking|spa|1\n|-boost|p2a: Slowking|spd|1\n|move|p1a: Slowbro|Future Sight|p2a: Slowking\n|-start|p1a: Slowbro|move: Future Sight\n|\n|-weather|none\n|upkeep\n|turn|14\n|\n|t:|1699372174\n|move|p2a: Slowking|Calm Mind|p2a: Slowking\n|-boost|p2a: Slowking|spa|1\n|-boost|p2a: Slowking|spd|1\n|move|p1a: Slowbro|Scald|p2a: Slowking\n|-damage|p2a: Slowking|96\/100\n|\n|-sideend|p2: jerry_g13|move: Light Screen\n|upkeep\n|turn|15\n|\n|t:|1699372186\n|move|p2a: Slowking|Stored Power|p1a: Slowbro\n|-resisted|p1a: Slowbro\n|-damage|p1a: Slowbro|7\/100\n|move|p1a: Slowbro|Thunder Wave|p2a: Slowking\n|-status|p2a: Slowking|par\n|\n|-end|p2a: Slowking|move: Future Sight\n|-damage|p2a: Slowking|83\/100 par\n|upkeep\n|turn|16\n|c|\u2606RimuruTempest88|I always come back\n|\n|t:|1699372195\n|move|p1a: Slowbro|Slack Off|p1a: Slowbro\n|-heal|p1a: Slowbro|57\/100\n|move|p2a: Slowking|Stored Power|p1a: Slowbro\n|-resisted|p1a: Slowbro\n|-damage|p1a: Slowbro|0 fnt\n|faint|p1a: Slowbro\n|\n|upkeep\n|\n|t:|1699372210\n|switch|p1a: Weavile|Weavile, F|100\/100\n|-ability|p1a: Weavile|Pressure\n|turn|17\n|\n|t:|1699372215\n|move|p1a: Weavile|Knock Off|p2a: Slowking\n|-supereffective|p2a: Slowking\n|-damage|p2a: Slowking|0 fnt\n|-enditem|p2a: Slowking|Kee Berry|[from] move: Knock Off|[of] p1a: Weavile\n|faint|p2a: Slowking\n|\n|upkeep\n|\n|t:|1699372221\n|switch|p2a: Slowking|Slowking, F|100\/100 par\n|turn|18\n|\n|t:|1699372224\n|move|p1a: Weavile|Knock Off|p2a: Slowking\n|-supereffective|p2a: Slowking\n|-damage|p2a: Slowking|5\/100 par\n|-enditem|p2a: Slowking|Light Clay|[from] move: Knock Off|[of] p1a: Weavile\n|move|p2a: Slowking|Reflect|p2a: Slowking\n|-sidestart|p2: jerry_g13|Reflect\n|\n|upkeep\n|turn|19\n|\n|t:|1699372230\n|move|p1a: Weavile|Knock Off|p2a: Slowking\n|-supereffective|p2a: Slowking\n|-damage|p2a: Slowking|0 fnt\n|faint|p2a: Slowking\n|\n|upkeep\n|\n|t:|1699372234\n|switch|p2a: Slowbro|Slowbro-Galar, M|100\/100\n|turn|20\n|c|\u2606RimuruTempest88|no more tricky rooms\n|\n|t:|1699372239\n|-terastallize|p2a: Slowbro|Fighting\n|move|p1a: Weavile|Swords Dance|p1a: Weavile\n|-boost|p1a: Weavile|atk|2\n|move|p2a: Slowbro|Drain Punch|p1a: Weavile\n|-supereffective|p1a: Weavile\n|-damage|p1a: Weavile|0 fnt\n|faint|p1a: Weavile\n|\n|upkeep\n|\n|t:|1699372248\n|switch|p1a: Greninja|Greninja, F, shiny|100\/100\n|turn|21\n|\n|t:|1699372255\n|move|p1a: Greninja|Ice Beam|p2a: Slowbro\n|-start|p1a: Greninja|typechange|Ice|[from] ability: Protean\n|-damage|p2a: Slowbro|25\/100\n|-enditem|p2a: Slowbro|Sitrus Berry|[eat]\n|-heal|p2a: Slowbro|50\/100|[from] item: Sitrus Berry\n|move|p2a: Slowbro|Drain Punch|p1a: Greninja\n|-supereffective|p1a: Greninja\n|-damage|p1a: Greninja|0 fnt\n|-heal|p2a: Slowbro|86\/100|[from] drain|[of] p1a: Greninja\n|faint|p1a: Greninja\n|\n|upkeep\n|\n|t:|1699372262\n|switch|p1a: Honchkrow|Honchkrow, M, shiny|100\/100\n|turn|22\n|\n|t:|1699372267\n|move|p1a: Honchkrow|Sucker Punch|p2a: Slowbro\n|-resisted|p2a: Slowbro\n|-damage|p2a: Slowbro|78\/100\n|move|p2a: Slowbro|Ice Punch|p1a: Honchkrow\n|-supereffective|p1a: Honchkrow\n|-damage|p1a: Honchkrow|15\/100\n|\n|-sideend|p2: jerry_g13|Reflect\n|upkeep\n|turn|23\n|c|\u2606RimuruTempest88|finally\n|-activate|p2a: Slowbro|ability: Quick Draw\n|\n|t:|1699372280\n|move|p2a: Slowbro|Ice Punch|p1a: Honchkrow\n|-supereffective|p1a: Honchkrow\n|-damage|p1a: Honchkrow|0 fnt\n|faint|p1a: Honchkrow\n|\n|upkeep\n|\n|t:|1699372284\n|switch|p1a: Poliwrath|Poliwrath, M|100\/100\n|turn|24\n|c|\u2606RimuruTempest88|bruh\n|-activate|p2a: Slowbro|ability: Quick Draw\n|\n|t:|1699372289\n|move|p2a: Slowbro|Shell Side Arm|p1a: Poliwrath|[anim] Shell Side Arm Physical\n|-damage|p1a: Poliwrath|51\/100\n|-hint|Physical Shell Side Arm\n|move|p1a: Poliwrath|Bulk Up|p1a: Poliwrath\n|-boost|p1a: Poliwrath|atk|1\n|-boost|p1a: Poliwrath|def|1\n|\n|upkeep\n|turn|25\n|\n|t:|1699372305\n|move|p1a: Poliwrath|Drain Punch|p2a: Slowbro\n|-damage|p2a: Slowbro|14\/100\n|-heal|p1a: Poliwrath|90\/100|[from] drain|[of] p2a: Slowbro\n|-damage|p1a: Poliwrath|80\/100|[from] item: Life Orb\n|move|p2a: Slowbro|Shell Side Arm|p1a: Poliwrath|[anim] Shell Side Arm Special\n|-damage|p1a: Poliwrath|43\/100\n|-hint|Special Shell Side Arm\n|\n|upkeep\n|turn|26\n|\n|t:|1699372314\n|move|p1a: Poliwrath|Drain Punch|p2a: Slowbro\n|-damage|p2a: Slowbro|0 fnt\n|-heal|p1a: Poliwrath|52\/100|[from] drain|[of] p2a: Slowbro\n|faint|p2a: Slowbro\n|-damage|p1a: Poliwrath|42\/100|[from] item: Life Orb\n|\n|upkeep\n|\n|t:|1699372320\n|switch|p2a: Slowpoke|Slowpoke-Galar, F|100\/100 par\n|turn|27\n|\n|t:|1699372324\n|move|p1a: Poliwrath|Earthquake|p2a: Slowpoke\n|-damage|p2a: Slowpoke|50\/100 par\n|-damage|p1a: Poliwrath|32\/100|[from] item: Life Orb\n|move|p2a: Slowpoke|Yawn|p1a: Poliwrath\n|-start|p1a: Poliwrath|move: Yawn|[of] p2a: Slowpoke\n|\n|-heal|p2a: Slowpoke|57\/100 par|[from] item: Leftovers\n|upkeep\n|turn|28\n|\n|t:|1699372333\n|move|p2a: Slowpoke|Protect|p2a: Slowpoke\n|-singleturn|p2a: Slowpoke|Protect\n|move|p1a: Poliwrath|Earthquake|p2a: Slowpoke\n|-activate|p2a: Slowpoke|move: Protect\n|\n|-heal|p2a: Slowpoke|63\/100 par|[from] item: Leftovers\n|-end|p1a: Poliwrath|move: Yawn|[silent]\n|-status|p1a: Poliwrath|slp\n|upkeep\n|turn|29\n|c|\u2606RimuruTempest88|NOOOOOOOOOOOOOOOOOOOOOOOOOOOOOOOOOOOOOOOOOOOOOOOOOOOOOOOOOOOOOOOOOOOOOOOOOOOOOOOOOOO\n|\n|t:|1699372341\n|cant|p1a: Poliwrath|slp\n|cant|p2a: Slowpoke|par\n|\n|-heal|p2a: Slowpoke|69\/100 par|[from] item: Leftovers\n|upkeep\n|turn|30\n|c|\u2606RimuruTempest88|gg's\n|\n|t:|1699372348\n|-curestatus|p1a: Poliwrath|slp|[msg]\n|move|p1a: Poliwrath|Drain Punch|p2a: Slowpoke\n|-resisted|p2a: Slowpoke\n|-damage|p2a: Slowpoke|42\/100 par\n|-heal|p1a: Poliwrath|48\/100|[from] drain|[of] p2a: Slowpoke\n|-damage|p1a: Poliwrath|38\/100|[from] item: Life Orb\n|move|p2a: Slowpoke|Foul Play|p1a: Poliwrath\n|-resisted|p1a: Poliwrath\n|-damage|p1a: Poliwrath|23\/100\n|\n|-heal|p2a: Slowpoke|48\/100 par|[from] item: Leftovers\n|upkeep\n|turn|31\n|c|\u2606RimuruTempest88|WHAT\n|\n|t:|1699372360\n|cant|p2a: Slowpoke|par\n|move|p1a: Poliwrath|Earthquake|p2a: Slowpoke\n|-damage|p2a: Slowpoke|0 fnt\n|faint|p2a: Slowpoke\n|-damage|p1a: Poliwrath|13\/100|[from] item: Life Orb\n|\n|upkeep\n|c|\u2606RimuruTempest88|nu uh\n|\n|t:|1699372366\n|switch|p2a: Slowpoke|Slowpoke, F|100\/100\n|turn|32\n|c|\u2606RimuruTempest88|no more sleep\n|\n|t:|1699372375\n|move|p1a: Poliwrath|Earthquake|p2a: Slowpoke\n|-damage|p2a: Slowpoke|64\/100\n|-damage|p1a: Poliwrath|3\/100|[from] item: Life Orb\n|move|p2a: Slowpoke|Slack Off|p2a: Slowpoke\n|-heal|p2a: Slowpoke|100\/100\n|\n|upkeep\n|turn|33\n|c|\u2606RimuruTempest88|we can talk about this\n|c|\u2606jerry_g13|i won i think\n|c|\u2606RimuruTempest88|come on\n|\n|t:|1699372390\n|move|p1a: Poliwrath|Bulk Up|p1a: Poliwrath\n|-boost|p1a: Poliwrath|atk|1\n|-boost|p1a: Poliwrath|def|1\n|move|p2a: Slowpoke|Slack Off||[still]\n|-fail|p2a: Slowpoke|heal\n|\n|upkeep\n|turn|34\n|c|\u2606RimuruTempest88|na na, we can talk about it\n|c|\u2606RimuruTempest88|please\n|c|\u2606RimuruTempest88|I have a family\n|\n|t:|1699372411\n|move|p1a: Poliwrath|Liquidation|p2a: Slowpoke\n|-resisted|p2a: Slowpoke\n|-damage|p2a: Slowpoke|74\/100\n|-damage|p1a: Poliwrath|0 fnt|[from] item: Life Orb\n|faint|p1a: Poliwrath\n|\n|win|jerry_g13\n|raw|RimuruTempest88's rating: 1089 &rarr; <strong>1068<\/strong><br \/>(-21 for losing)\n|raw|jerry_g13's rating: 1124 &rarr; <strong>1146<\/strong><br \/>(+22 for winning)\n|l|\u2606RimuruTempest88\n|c|\u2606jerry_g13|gg\n","uploadtime":1699372423,"views":4,"p1id":"rimurutempest88","p2id":"jerryg13","formatid":"gen9anythinggoes","rating":1068,"private":0,"password":""}