{"id":"gen9anythinggoes-1994366290","p1":"Hammos","p2":"iuxkysersosa","format":"[Gen 9] Anything Goes","log":"|j|\u2606Hammos\n|j|\u2606iuxkysersosa\n|t:|1700435726\n|gametype|singles\n|player|p1|Hammos|170|\n|player|p2|iuxkysersosa|170|\n|teamsize|p1|6\n|teamsize|p2|6\n|gen|9\n|tier|[Gen 9] Anything Goes\n|rule|HP Percentage Mod: HP is shown in percentages\n|rule|Endless Battle Clause: Forcing endless battles is banned\n|clearpoke\n|poke|p1|Ditto|\n|poke|p1|Chesnaught, F|\n|poke|p1|Alomomola, M|\n|poke|p1|Moltres|\n|poke|p1|Gothitelle, F|\n|poke|p1|Bisharp, F|\n|poke|p2|Amoonguss, F|\n|poke|p2|Tornadus-Therian, M|\n|poke|p2|Slowking-Galar, M|\n|poke|p2|Primeape, F|\n|poke|p2|Cetitan, M|\n|poke|p2|Greninja-*, M|\n|teampreview\n|\n|t:|1700435746\n|start\n|switch|p1a: Bisharp|Bisharp, F|100\/100\n|switch|p2a: Greninja|Greninja, M|100\/100\n|turn|1\n|\n|t:|1700435763\n|-terastallize|p1a: Bisharp|Fairy\n|move|p2a: Greninja|U-turn|p1a: Bisharp\n|-start|p2a: Greninja|typechange|Bug|[from] ability: Protean\n|-resisted|p1a: Bisharp\n|-damage|p1a: Bisharp|84\/100\n|\n|t:|1700435770\n|switch|p2a: Amoonguss|Amoonguss, F|100\/100|[from] U-turn\n|move|p1a: Bisharp|Tera Blast|p2a: Amoonguss|[anim] Tera Blast Fairy\n|-resisted|p2a: Amoonguss\n|-damage|p2a: Amoonguss|65\/100\n|\n|-heal|p2a: Amoonguss|71\/100|[from] item: Black Sludge\n|upkeep\n|turn|2\n|\n|t:|1700435791\n|switch|p1a: Ditto|Ditto|100\/100\n|-transform|p1a: Ditto|p2a: Amoonguss|[from] ability: Imposter\n|move|p2a: Amoonguss|Toxic|p1a: Ditto\n|-immune|p1a: Ditto\n|\n|-heal|p2a: Amoonguss|77\/100|[from] item: Black Sludge\n|upkeep\n|turn|3\n|\n|t:|1700435809\n|move|p1a: Ditto|Sludge Bomb|p2a: Amoonguss\n|-damage|p2a: Amoonguss|60\/100\n|move|p2a: Amoonguss|Sludge Bomb|p1a: Ditto\n|-damage|p1a: Ditto|76\/100\n|\n|-heal|p2a: Amoonguss|66\/100|[from] item: Black Sludge\n|upkeep\n|turn|4\n|\n|t:|1700435830\n|switch|p1a: Chesnaught|Chesnaught, F|100\/100\n|switch|p2a: Slowking|Slowking-Galar, M|100\/100\n|\n|upkeep\n|turn|5\n|\n|t:|1700435849\n|switch|p1a: Ditto|Ditto|100\/100\n|-transform|p1a: Ditto|p2a: Slowking|[from] ability: Imposter\n|move|p2a: Slowking|Future Sight|p1a: Ditto\n|-start|p2a: Slowking|move: Future Sight\n|\n|upkeep\n|turn|6\n|\n|t:|1700435862\n|move|p1a: Ditto|Thunder Wave|p2a: Slowking\n|-status|p2a: Slowking|par\n|move|p2a: Slowking|Thunder Wave|p1a: Ditto\n|-status|p1a: Ditto|par\n|\n|upkeep\n|turn|7\n|\n|t:|1700435882\n|switch|p1a: Gothitelle|Gothitelle, F|100\/100\n|move|p2a: Slowking|Chilly Reception|p2a: Slowking\n|-weather|Snow\n|\n|t:|1700435905\n|switch|p2a: Cetitan|Cetitan, M|100\/100|[from] Chilly Reception\n|\n|-weather|Snow|[upkeep]\n|-end|p1a: Gothitelle|move: Future Sight\n|-resisted|p1a: Gothitelle\n|-damage|p1a: Gothitelle|76\/100\n|upkeep\n|turn|8\n|\n|t:|1700435921\n|switch|p1a: Ditto|Ditto|100\/100 par\n|-transform|p1a: Ditto|p2a: Cetitan|[from] ability: Imposter\n|move|p2a: Cetitan|Icicle Crash|p1a: Ditto\n|-resisted|p1a: Ditto\n|-damage|p1a: Ditto|63\/100 par\n|\n|-weather|Snow|[upkeep]\n|upkeep\n|turn|9\n|\n|t:|1700435941\n|move|p2a: Cetitan|Superpower|p1a: Ditto\n|-supereffective|p1a: Ditto\n|-damage|p1a: Ditto|0 fnt\n|-unboost|p2a: Cetitan|atk|1\n|-unboost|p2a: Cetitan|def|1\n|faint|p1a: Ditto\n|-damage|p2a: Cetitan|91\/100|[from] item: Life Orb\n|\n|-weather|Snow|[upkeep]\n|upkeep\n|\n|t:|1700435960\n|switch|p1a: Gothitelle|Gothitelle, F|76\/100\n|turn|10\n|\n|t:|1700435976\n|move|p1a: Gothitelle|Psychic|p2a: Cetitan\n|-damage|p2a: Cetitan|49\/100\n|move|p2a: Cetitan|Icicle Crash|p1a: Gothitelle\n|-damage|p1a: Gothitelle|9\/100\n|\n|-weather|Snow|[upkeep]\n|upkeep\n|turn|11\n|\n|t:|1700435988\n|switch|p1a: Alomomola|Alomomola, M|100\/100\n|move|p2a: Cetitan|Ice Shard|p1a: Alomomola\n|-resisted|p1a: Alomomola\n|-damage|p1a: Alomomola|94\/100\n|-damage|p2a: Cetitan|39\/100|[from] item: Life Orb\n|\n|-weather|none\n|upkeep\n|turn|12\n|\n|t:|1700436000\n|switch|p2a: Amoonguss|Amoonguss, F|99\/100\n|move|p1a: Alomomola|Flip Turn|p2a: Amoonguss\n|-resisted|p2a: Amoonguss\n|-crit|p2a: Amoonguss\n|-damage|p2a: Amoonguss|86\/100\n|\n|t:|1700436009\n|switch|p1a: Moltres|Moltres|100\/100|[from] Flip Turn\n|-ability|p1a: Moltres|Pressure\n|\n|-heal|p2a: Amoonguss|92\/100|[from] item: Black Sludge\n|upkeep\n|turn|13\n|\n|t:|1700436023\n|move|p1a: Moltres|Hurricane|p2a: Amoonguss\n|-supereffective|p2a: Amoonguss\n|-damage|p2a: Amoonguss|22\/100\n|move|p2a: Amoonguss|Toxic|p1a: Moltres\n|-status|p1a: Moltres|tox\n|\n|-heal|p2a: Amoonguss|28\/100|[from] item: Black Sludge\n|-damage|p1a: Moltres|94\/100 tox|[from] psn\n|upkeep\n|turn|14\n|\n|t:|1700436039\n|switch|p2a: Tornadus|Tornadus-Therian, M|100\/100\n|move|p1a: Moltres|Flamethrower|p2a: Tornadus\n|-damage|p2a: Tornadus|68\/100\n|-status|p2a: Tornadus|brn\n|\n|-damage|p1a: Moltres|82\/100 tox|[from] psn\n|-damage|p2a: Tornadus|62\/100 brn|[from] brn\n|upkeep\n|turn|15\n|\n|t:|1700436051\n|switch|p1a: Alomomola|Alomomola, M|100\/100\n|move|p2a: Tornadus|Bleakwind Storm|p1a: Alomomola\n|-damage|p1a: Alomomola|74\/100\n|-unboost|p1a: Alomomola|spe|1\n|\n|-damage|p2a: Tornadus|56\/100 brn|[from] brn\n|upkeep\n|turn|16\n|\n|t:|1700436072\n|move|p2a: Tornadus|U-turn|p1a: Alomomola\n|-crit|p1a: Alomomola\n|-damage|p1a: Alomomola|67\/100\n|\n|t:|1700436077\n|switch|p2a: Slowking|Slowking-Galar, M|100\/100 par|[from] U-turn\n|move|p1a: Alomomola|Play Rough|p2a: Slowking\n|-resisted|p2a: Slowking\n|-damage|p2a: Slowking|94\/100 par\n|\n|-heal|p2a: Slowking|100\/100 par|[from] item: Black Sludge\n|upkeep\n|turn|17\n|\n|t:|1700436091\n|move|p1a: Alomomola|Flip Turn|p2a: Slowking\n|-damage|p2a: Slowking|88\/100 par\n|\n|t:|1700436094\n|switch|p1a: Bisharp|Bisharp, F, tera:Fairy|84\/100|[from] Flip Turn\n|move|p2a: Slowking|Thunder Wave|p1a: Bisharp\n|-status|p1a: Bisharp|par\n|\n|-heal|p2a: Slowking|94\/100 par|[from] item: Black Sludge\n|upkeep\n|turn|18\n|\n|t:|1700436104\n|move|p1a: Bisharp|Lash Out|p2a: Slowking\n|-supereffective|p2a: Slowking\n|-damage|p2a: Slowking|8\/100 par\n|move|p2a: Slowking|Sludge Bomb|p1a: Bisharp\n|-supereffective|p1a: Bisharp\n|-damage|p1a: Bisharp|0 fnt\n|faint|p1a: Bisharp\n|\n|-heal|p2a: Slowking|14\/100 par|[from] item: Black Sludge\n|upkeep\n|\n|t:|1700436117\n|switch|p1a: Gothitelle|Gothitelle, F|9\/100\n|turn|19\n|\n|t:|1700436125\n|move|p1a: Gothitelle|Psychic|p2a: Slowking\n|-damage|p2a: Slowking|0 fnt\n|faint|p2a: Slowking\n|\n|upkeep\n|\n|t:|1700436138\n|switch|p2a: Cetitan|Cetitan, M|39\/100\n|turn|20\n|\n|t:|1700436145\n|move|p2a: Cetitan|Ice Shard|p1a: Gothitelle\n|-damage|p1a: Gothitelle|0 fnt\n|faint|p1a: Gothitelle\n|-damage|p2a: Cetitan|29\/100|[from] item: Life Orb\n|\n|upkeep\n|\n|t:|1700436157\n|switch|p1a: Alomomola|Alomomola, M|99\/100\n|turn|21\n|\n|t:|1700436164\n|switch|p2a: Tornadus|Tornadus-Therian, M|89\/100 brn\n|move|p1a: Alomomola|Play Rough|p2a: Tornadus\n|-damage|p2a: Tornadus|71\/100 brn\n|\n|-damage|p2a: Tornadus|65\/100 brn|[from] brn\n|upkeep\n|turn|22\n|\n|t:|1700436175\n|move|p2a: Tornadus|Bleakwind Storm|p1a: Alomomola\n|-damage|p1a: Alomomola|74\/100\n|move|p1a: Alomomola|Body Slam|p2a: Tornadus\n|-damage|p2a: Tornadus|47\/100 brn\n|\n|-damage|p2a: Tornadus|41\/100 brn|[from] brn\n|upkeep\n|turn|23\n|\n|t:|1700436187\n|move|p2a: Tornadus|Bleakwind Storm|p1a: Alomomola\n|-damage|p1a: Alomomola|46\/100\n|-unboost|p1a: Alomomola|spe|1\n|move|p1a: Alomomola|Flip Turn|p2a: Tornadus\n|-damage|p2a: Tornadus|22\/100 brn\n|\n|t:|1700436196\n|switch|p1a: Moltres|Moltres|82\/100 tox|[from] Flip Turn\n|-ability|p1a: Moltres|Pressure\n|\n|-damage|p1a: Moltres|76\/100 tox|[from] psn\n|-damage|p2a: Tornadus|16\/100 brn|[from] brn\n|upkeep\n|turn|24\n|c|\u2606iuxkysersosa|av mola is kinda fire ngl\n|\n|t:|1700436228\n|switch|p1a: Alomomola|Alomomola, M|79\/100\n|switch|p2a: Amoonguss|Amoonguss, F|61\/100\n|\n|-heal|p2a: Amoonguss|67\/100|[from] item: Black Sludge\n|upkeep\n|turn|25\n|\n|t:|1700436235\n|move|p1a: Alomomola|Flip Turn|p2a: Amoonguss\n|-resisted|p2a: Amoonguss\n|-damage|p2a: Amoonguss|58\/100\n|\n|t:|1700436239\n|switch|p1a: Moltres|Moltres|76\/100 tox|[from] Flip Turn\n|-ability|p1a: Moltres|Pressure\n|move|p2a: Amoonguss|Sludge Bomb|p1a: Moltres\n|-crit|p1a: Moltres\n|-damage|p1a: Moltres|26\/100 tox\n|\n|-heal|p2a: Amoonguss|64\/100|[from] item: Black Sludge\n|-damage|p1a: Moltres|20\/100 tox|[from] psn\n|upkeep\n|turn|26\n|\n|t:|1700436253\n|move|p1a: Moltres|U-turn|p2a: Amoonguss\n|-damage|p2a: Amoonguss|47\/100\n|\n|t:|1700436256\n|switch|p1a: Chesnaught|Chesnaught, F|100\/100|[from] U-turn\n|move|p2a: Amoonguss|Sludge Bomb|p1a: Chesnaught\n|-supereffective|p1a: Chesnaught\n|-damage|p1a: Chesnaught|32\/100\n|\n|-heal|p2a: Amoonguss|53\/100|[from] item: Black Sludge\n|upkeep\n|turn|27\n|\n|t:|1700436275\n|move|p1a: Chesnaught|Zen Headbutt|p2a: Amoonguss\n|-supereffective|p2a: Amoonguss\n|-damage|p2a: Amoonguss|0 fnt\n|faint|p2a: Amoonguss\n|\n|upkeep\n|\n|t:|1700436289\n|switch|p2a: Primeape|Primeape, F|100\/100\n|turn|28\n|\n|t:|1700436302\n|-terastallize|p2a: Primeape|Fairy\n|move|p2a: Primeape|Bulk Up|p2a: Primeape\n|-boost|p2a: Primeape|atk|1\n|-boost|p2a: Primeape|def|1\n|move|p1a: Chesnaught|Zen Headbutt|p2a: Primeape\n|-crit|p2a: Primeape\n|-damage|p2a: Primeape|57\/100\n|\n|upkeep\n|turn|29\n|\n|t:|1700436318\n|switch|p1a: Alomomola|Alomomola, M|100\/100\n|move|p2a: Primeape|Drain Punch|p1a: Alomomola\n|-damage|p1a: Alomomola|71\/100\n|-heal|p2a: Primeape|77\/100|[from] drain|[of] p1a: Alomomola\n|\n|upkeep\n|turn|30\n|\n|t:|1700436329\n|move|p2a: Primeape|Rage Fist|p1a: Alomomola\n|-damage|p1a: Alomomola|46\/100\n|move|p1a: Alomomola|Body Slam|p2a: Primeape\n|-damage|p2a: Primeape|69\/100\n|\n|upkeep\n|turn|31\n|\n|t:|1700436337\n|move|p2a: Primeape|Rage Fist|p1a: Alomomola\n|-damage|p1a: Alomomola|9\/100\n|move|p1a: Alomomola|Flip Turn|p2a: Primeape\n|-damage|p2a: Primeape|61\/100\n|\n|t:|1700436343\n|switch|p1a: Moltres|Moltres|20\/100 tox|[from] Flip Turn\n|-ability|p1a: Moltres|Pressure\n|\n|-damage|p1a: Moltres|13\/100 tox|[from] psn\n|upkeep\n|turn|32\n|\n|t:|1700436350\n|move|p1a: Moltres|Hurricane|p2a: Primeape|[miss]\n|-miss|p1a: Moltres|p2a: Primeape\n|move|p2a: Primeape|Rage Fist|p1a: Moltres\n|-damage|p1a: Moltres|0 fnt\n|faint|p1a: Moltres\n|\n|upkeep\n|\n|t:|1700436360\n|switch|p1a: Chesnaught|Chesnaught, F|32\/100\n|turn|33\n|\n|t:|1700436364\n|move|p2a: Primeape|Rage Fist|p1a: Chesnaught\n|-damage|p1a: Chesnaught|0 fnt\n|faint|p1a: Chesnaught\n|\n|upkeep\n|\n|t:|1700436367\n|switch|p1a: Alomomola|Alomomola, M|43\/100\n|turn|34\n|\n|t:|1700436374\n|move|p2a: Primeape|Rage Fist|p1a: Alomomola\n|-damage|p1a: Alomomola|0 fnt\n|faint|p1a: Alomomola\n|\n|win|iuxkysersosa\n|c|\u2606Hammos|Ggs\n|c|\u2606iuxkysersosa|ggs\n","uploadtime":1700436388,"views":21,"p1id":"hammos","p2id":"iuxkysersosa","formatid":"gen9anythinggoes","rating":0,"private":0,"password":""}