{"id":"gen9anythinggoes-1983304632","p1":"TentedCaribou2","p2":"Anonymous750","format":"[Gen 9] Anything Goes","log":"|j|\u2606TentedCaribou2\n|j|\u2606Anonymous750\n|t:|1699116219\n|gametype|singles\n|player|p1|TentedCaribou2|winona|1073\n|player|p2|Anonymous750|2|1000\n|teamsize|p1|6\n|teamsize|p2|6\n|gen|9\n|tier|[Gen 9] Anything Goes\n|rated|\n|rule|HP Percentage Mod: HP is shown in percentages\n|rule|Endless Battle Clause: Forcing endless battles is banned\n|clearpoke\n|poke|p1|Sylveon, F|\n|poke|p1|Meowscarada, F|\n|poke|p1|Ampharos, M|\n|poke|p1|Veluza, F|\n|poke|p1|Iron Moth|\n|poke|p1|Garchomp, M|\n|poke|p2|Beartic, M|\n|poke|p2|Froslass, F|\n|poke|p2|Enamorus, F|\n|poke|p2|Bisharp, M|\n|poke|p2|Toxicroak, F|\n|poke|p2|Vikavolt, F|\n|teampreview\n|\n|t:|1699116232\n|start\n|switch|p1a: Mars|Veluza, F, shiny|100\/100\n|switch|p2a: Bisharp|Bisharp, M|100\/100\n|turn|1\n|inactive|Battle timer is ON: inactive players will automatically lose when time's up. (requested by Anonymous750)\n|\n|t:|1699116266\n|move|p2a: Bisharp|Stealth Rock|p1a: Mars\n|-sidestart|p1: TentedCaribou2|move: Stealth Rock\n|move|p1a: Mars|Crunch|p2a: Bisharp\n|-resisted|p2a: Bisharp\n|-damage|p2a: Bisharp|92\/100\n|\n|upkeep\n|turn|2\n|\n|t:|1699116294\n|move|p2a: Bisharp|Swords Dance|p2a: Bisharp\n|-boost|p2a: Bisharp|atk|2\n|move|p1a: Mars|Psychic|p2a: Bisharp\n|-immune|p2a: Bisharp\n|\n|upkeep\n|turn|3\n|inactive|TentedCaribou2 has 120 seconds left.\n|\n|t:|1699116316\n|switch|p1a: Robo Moth|Iron Moth, shiny|100\/100\n|-damage|p1a: Robo Moth|76\/100|[from] Stealth Rock\n|move|p2a: Bisharp|Swords Dance|p2a: Bisharp\n|-boost|p2a: Bisharp|atk|2\n|\n|upkeep\n|turn|4\n|inactive|TentedCaribou2 has 120 seconds left.\n|inactive|Anonymous750 has 120 seconds left.\n|\n|t:|1699116337\n|move|p2a: Bisharp|Sucker Punch|p1a: Robo Moth\n|-damage|p1a: Robo Moth|0 fnt\n|faint|p1a: Robo Moth\n|-end|p1a: Robo Moth|Quark Drive|[silent]\n|\n|upkeep\n|\n|t:|1699116341\n|switch|p1a: Kai|Garchomp, M, shiny|100\/100\n|turn|5\n|\n|t:|1699116347\n|move|p2a: Bisharp|Sucker Punch|p1a: Kai\n|-damage|p1a: Kai|0 fnt\n|-damage|p2a: Bisharp|80\/100|[from] ability: Rough Skin|[of] p1a: Kai\n|faint|p1a: Kai\n|\n|upkeep\n|\n|t:|1699116354\n|switch|p1a: Caribou|Sylveon, F|100\/100\n|-damage|p1a: Caribou|88\/100|[from] Stealth Rock\n|turn|6\n|\n|t:|1699116360\n|move|p2a: Bisharp|Sucker Punch|p1a: Caribou\n|-resisted|p1a: Caribou\n|-damage|p1a: Caribou|18\/100\n|move|p1a: Caribou|Shadow Ball|p2a: Bisharp\n|-resisted|p2a: Bisharp\n|-damage|p2a: Bisharp|66\/100\n|\n|-heal|p1a: Caribou|24\/100|[from] item: Leftovers\n|upkeep\n|turn|7\n|\n|t:|1699116369\n|move|p2a: Bisharp|Sucker Punch|p1a: Caribou\n|-resisted|p1a: Caribou\n|-damage|p1a: Caribou|0 fnt\n|faint|p1a: Caribou\n|\n|upkeep\n|\n|t:|1699116378\n|switch|p1a: Zach|Ampharos, M|100\/100\n|-damage|p1a: Zach|88\/100|[from] Stealth Rock\n|turn|8\n|\n|t:|1699116384\n|-terastallize|p1a: Zach|Dragon\n|move|p2a: Bisharp|Sucker Punch|p1a: Zach\n|-damage|p1a: Zach|0 fnt\n|faint|p1a: Zach\n|\n|upkeep\n|\n|t:|1699116390\n|switch|p1a: Zoey|Meowscarada, F, shiny|100\/100\n|-damage|p1a: Zoey|88\/100|[from] Stealth Rock\n|turn|9\n|\n|t:|1699116397\n|-terastallize|p2a: Bisharp|Dark\n|move|p2a: Bisharp|Sucker Punch|p1a: Zoey\n|-resisted|p1a: Zoey\n|-damage|p1a: Zoey|0 fnt\n|faint|p1a: Zoey\n|\n|upkeep\n|\n|t:|1699116403\n|switch|p1a: Mars|Veluza, F, shiny|100\/100\n|-damage|p1a: Mars|88\/100|[from] Stealth Rock\n|turn|10\n|\n|t:|1699116408\n|move|p2a: Bisharp|Sucker Punch|p1a: Mars\n|-supereffective|p1a: Mars\n|-damage|p1a: Mars|0 fnt\n|faint|p1a: Mars\n|\n|win|Anonymous750\n|raw|TentedCaribou2's rating: 1073 &rarr; <strong>1048<\/strong><br \/>(-25 for losing)\n|raw|Anonymous750's rating: 1000 &rarr; <strong>1048<\/strong><br \/>(+48 for winning)\n|c|\u2606TentedCaribou2|gg\n","uploadtime":1699116419,"views":7,"p1id":"tentedcaribou2","p2id":"anonymous750","formatid":"gen9anythinggoes","rating":1048,"private":0,"password":""}