{"id":"gen9anythinggoes-1999792835","p1":"vianor97","p2":"barcoco","format":"[Gen 9] Anything Goes","log":"|j|\u2606vianor97\n|j|\u2606barcoco\n|t:|1701117172\n|gametype|singles\n|player|p1|vianor97|unknownf|\n|player|p2|barcoco|medium|\n|teamsize|p1|6\n|teamsize|p2|6\n|gen|9\n|tier|[Gen 9] Anything Goes\n|rule|HP Percentage Mod: HP is shown in percentages\n|rule|Endless Battle Clause: Forcing endless battles is banned\n|clearpoke\n|poke|p1|Iron Valiant|\n|poke|p1|Blissey, F|\n|poke|p1|Ogerpon-Hearthflame, F|\n|poke|p1|Bellibolt, M|\n|poke|p1|Tauros-Paldea-Aqua, M|\n|poke|p1|Weezing, F|\n|poke|p2|Ninetales-Alola, M|\n|poke|p2|Froslass, F|\n|poke|p2|Appletun, M|\n|poke|p2|Eiscue, F|\n|poke|p2|Garchomp, F|\n|poke|p2|Articuno|\n|teampreview\n|c|\u2606vianor97|gl hf\n|c|\u2606barcoco|gl hf\n|\n|t:|1701117253\n|start\n|switch|p1a: Cancer|Weezing, F, shiny|100\/100\n|switch|p2a: Helado de fresa|Ninetales-Alola, M|100\/100\n|-weather|Snow|[from] ability: Snow Warning|[of] p2a: Helado de fresa\n|turn|1\n|\n|t:|1701117270\n|move|p2a: Helado de fresa|Aurora Veil|p2a: Helado de fresa\n|-sidestart|p2: barcoco|move: Aurora Veil\n|move|p1a: Cancer|Toxic Spikes|p2a: Helado de fresa\n|-sidestart|p2: barcoco|move: Toxic Spikes\n|\n|-weather|Snow|[upkeep]\n|upkeep\n|turn|2\n|\n|t:|1701117276\n|move|p2a: Helado de fresa|Encore|p1a: Cancer\n|-start|p1a: Cancer|Encore\n|move|p1a: Cancer|Toxic Spikes|p2a: Helado de fresa\n|-sidestart|p2: barcoco|move: Toxic Spikes\n|\n|-weather|Snow|[upkeep]\n|upkeep\n|turn|3\n|\n|t:|1701117302\n|switch|p1a: Chansey|Blissey, F|100\/100\n|move|p2a: Helado de fresa|Freeze-Dry|p1a: Chansey\n|-damage|p1a: Chansey|93\/100\n|\n|-weather|Snow|[upkeep]\n|-heal|p1a: Chansey|99\/100|[from] item: Leftovers\n|upkeep\n|turn|4\n|\n|t:|1701117320\n|switch|p2a: Granizado|Eiscue, F|100\/100\n|-status|p2a: Granizado|tox\n|move|p1a: Chansey|Thunder Wave||[still]\n|-fail|p1a: Chansey\n|\n|-weather|Snow|[upkeep]\n|-heal|p1a: Chansey|100\/100|[from] item: Leftovers\n|-damage|p2a: Granizado|94\/100 tox|[from] psn\n|upkeep\n|turn|5\n|\n|t:|1701117345\n|switch|p1a: Pepe Viyuela|Bellibolt, M|100\/100\n|move|p2a: Granizado|Belly Drum|p2a: Granizado\n|-damage|p2a: Granizado|44\/100 tox\n|-setboost|p2a: Granizado|atk|6|[from] move: Belly Drum\n|\n|-weather|none\n|-damage|p2a: Granizado|32\/100 tox|[from] psn\n|upkeep\n|turn|6\n|\n|t:|1701117378\n|-terastallize|p1a: Pepe Viyuela|Fairy\n|move|p2a: Granizado|Icicle Crash|p1a: Pepe Viyuela\n|-damage|p1a: Pepe Viyuela|6\/100\n|-start|p1a: Pepe Viyuela|Charge|Icicle Crash|[from] ability: Electromorphosis\n|move|p1a: Pepe Viyuela|Parabolic Charge|p2a: Granizado\n|-damage|p2a: Granizado|0 fnt\n|-heal|p1a: Pepe Viyuela|17\/100|[from] drain|[of] p2a: Granizado\n|faint|p2a: Granizado\n|-end|p1a: Pepe Viyuela|Charge|[silent]\n|\n|-heal|p1a: Pepe Viyuela|23\/100|[from] item: Leftovers\n|upkeep\n|\n|t:|1701117390\n|switch|p2a: Pollo congelado|Articuno|100\/100\n|turn|7\n|\n|t:|1701117424\n|switch|p1a: Chansey|Blissey, F|100\/100\n|-terastallize|p2a: Pollo congelado|Ground\n|move|p2a: Pollo congelado|Tera Blast|p1a: Chansey|[anim] Tera Blast Ground\n|-damage|p1a: Chansey|91\/100\n|\n|-heal|p1a: Chansey|97\/100|[from] item: Leftovers\n|upkeep\n|turn|8\n|\n|t:|1701117446\n|move|p2a: Pollo congelado|Air Slash|p1a: Chansey\n|-damage|p1a: Chansey|88\/100\n|cant|p1a: Chansey|flinch\n|\n|-heal|p1a: Chansey|94\/100|[from] item: Leftovers\n|-sideend|p2: barcoco|move: Aurora Veil\n|upkeep\n|turn|9\n|\n|t:|1701117456\n|switch|p2a: Tibur\u00f3n seco|Garchomp, F|100\/100\n|-status|p2a: Tibur\u00f3n seco|tox\n|move|p1a: Chansey|Thunder Wave|p2a: Tibur\u00f3n seco\n|-immune|p2a: Tibur\u00f3n seco\n|\n|-heal|p1a: Chansey|99\/100|[from] item: Leftovers\n|-damage|p2a: Tibur\u00f3n seco|94\/100 tox|[from] psn\n|upkeep\n|turn|10\n|\n|t:|1701117484\n|switch|p1a: Cancer|Weezing, F, shiny|100\/100\n|move|p2a: Tibur\u00f3n seco|Stealth Rock|p1a: Cancer\n|-sidestart|p1: vianor97|move: Stealth Rock\n|\n|-damage|p2a: Tibur\u00f3n seco|82\/100 tox|[from] psn\n|upkeep\n|turn|11\n|\n|t:|1701117502\n|switch|p2a: Pollo congelado|Articuno, tera:Ground|100\/100\n|-status|p2a: Pollo congelado|tox\n|move|p1a: Cancer|Acid Spray|p2a: Pollo congelado\n|-resisted|p2a: Pollo congelado\n|-damage|p2a: Pollo congelado|96\/100 tox\n|-unboost|p2a: Pollo congelado|spd|2\n|\n|-damage|p2a: Pollo congelado|90\/100 tox|[from] psn\n|upkeep\n|turn|12\n|\n|t:|1701117525\n|switch|p1a: Chansey|Blissey, F|99\/100\n|-damage|p1a: Chansey|88\/100|[from] Stealth Rock\n|move|p2a: Pollo congelado|Air Slash|p1a: Chansey\n|-damage|p1a: Chansey|77\/100\n|\n|-heal|p1a: Chansey|84\/100|[from] item: Leftovers\n|-damage|p2a: Pollo congelado|78\/100 tox|[from] psn\n|upkeep\n|turn|13\n|\n|t:|1701117565\n|switch|p2a: Manzana cruda|Appletun, M|100\/100\n|-status|p2a: Manzana cruda|tox\n|switch|p1a: Pepe Viyuela|Bellibolt, M, tera:Fairy|23\/100\n|-damage|p1a: Pepe Viyuela|11\/100|[from] Stealth Rock\n|\n|-heal|p1a: Pepe Viyuela|17\/100|[from] item: Leftovers\n|-damage|p2a: Manzana cruda|94\/100 tox|[from] psn\n|upkeep\n|turn|14\n|\n|t:|1701117591\n|move|p1a: Pepe Viyuela|Slack Off|p1a: Pepe Viyuela\n|-heal|p1a: Pepe Viyuela|67\/100\n|move|p2a: Manzana cruda|High Horsepower|p1a: Pepe Viyuela\n|-damage|p1a: Pepe Viyuela|55\/100\n|-start|p1a: Pepe Viyuela|Charge|High Horsepower|[from] ability: Electromorphosis\n|\n|-heal|p1a: Pepe Viyuela|61\/100|[from] item: Leftovers\n|-heal|p2a: Manzana cruda|100\/100 tox|[from] item: Leftovers\n|-damage|p2a: Manzana cruda|88\/100 tox|[from] psn\n|upkeep\n|turn|15\n|\n|t:|1701117624\n|switch|p2a: Helado de fresa|Ninetales-Alola, M|100\/100\n|-status|p2a: Helado de fresa|tox\n|-weather|Snow|[from] ability: Snow Warning|[of] p2a: Helado de fresa\n|move|p1a: Pepe Viyuela|Tera Blast|p2a: Helado de fresa|[anim] Tera Blast Fairy\n|-damage|p2a: Helado de fresa|66\/100 tox\n|\n|-weather|Snow|[upkeep]\n|-heal|p1a: Pepe Viyuela|67\/100|[from] item: Leftovers\n|-damage|p2a: Helado de fresa|60\/100 tox|[from] psn\n|upkeep\n|turn|16\n|\n|t:|1701117673\n|move|p2a: Helado de fresa|Aurora Veil|p2a: Helado de fresa\n|-sidestart|p2: barcoco|move: Aurora Veil\n|move|p1a: Pepe Viyuela|Parabolic Charge|p2a: Helado de fresa\n|-damage|p2a: Helado de fresa|31\/100 tox\n|-heal|p1a: Pepe Viyuela|77\/100|[from] drain|[of] p2a: Helado de fresa\n|-end|p1a: Pepe Viyuela|Charge|[silent]\n|\n|-weather|Snow|[upkeep]\n|-heal|p1a: Pepe Viyuela|83\/100|[from] item: Leftovers\n|-damage|p2a: Helado de fresa|19\/100 tox|[from] psn\n|upkeep\n|turn|17\n|\n|t:|1701117705\n|switch|p2a: Pollo congelado|Articuno, tera:Ground|78\/100 tox\n|switch|p1a: Alberto-flama|Ogerpon-Hearthflame, F|100\/100\n|-damage|p1a: Alberto-flama|76\/100|[from] Stealth Rock\n|-ability|p1a: Alberto-flama|Mold Breaker\n|\n|-weather|Snow|[upkeep]\n|-damage|p2a: Pollo congelado|72\/100 tox|[from] psn\n|upkeep\n|turn|18\n|\n|t:|1701117728\n|move|p1a: Alberto-flama|Brick Break|p2a: Pollo congelado\n|-sideend|p2: barcoco|move: Aurora Veil\n|-damage|p2a: Pollo congelado|47\/100 tox\n|move|p2a: Pollo congelado|Air Slash|p1a: Alberto-flama\n|-supereffective|p1a: Alberto-flama\n|-crit|p1a: Alberto-flama\n|-damage|p1a: Alberto-flama|0 fnt\n|faint|p1a: Alberto-flama\n|\n|-weather|Snow|[upkeep]\n|-damage|p2a: Pollo congelado|35\/100 tox|[from] psn\n|upkeep\n|\n|t:|1701117760\n|switch|p1a: Trans|Iron Valiant|100\/100\n|-damage|p1a: Trans|94\/100|[from] Stealth Rock\n|turn|19\n|\n|t:|1701117780\n|switch|p2a: Helado de fresa|Ninetales-Alola, M|19\/100 tox\n|move|p1a: Trans|Moonblast|p2a: Helado de fresa\n|-damage|p2a: Helado de fresa|0 fnt\n|faint|p2a: Helado de fresa\n|-damage|p1a: Trans|85\/100|[from] item: Life Orb\n|\n|-weather|none\n|upkeep\n|\n|t:|1701117784\n|switch|p2a: Helado de vainilla|Froslass, F|100\/100\n|-status|p2a: Helado de vainilla|tox\n|turn|20\n|\n|t:|1701117805\n|move|p2a: Helado de vainilla|Destiny Bond|p2a: Helado de vainilla\n|-singlemove|p2a: Helado de vainilla|Destiny Bond\n|move|p1a: Trans|Moonblast|p2a: Helado de vainilla\n|-damage|p2a: Helado de vainilla|0 fnt\n|faint|p2a: Helado de vainilla\n|-activate|p2a: Helado de vainilla|move: Destiny Bond\n|faint|p1a: Trans\n|-end|p1a: Trans|Quark Drive|[silent]\n|\n|upkeep\n|\n|t:|1701117844\n|switch|p1a: ColaNazi|Tauros-Paldea-Aqua, M|100\/100\n|switch|p2a: Pollo congelado|Articuno, tera:Ground|35\/100 tox\n|-damage|p1a: ColaNazi|94\/100|[from] Stealth Rock\n|turn|21\n|\n|t:|1701117857\n|move|p1a: ColaNazi|Substitute|p1a: ColaNazi\n|-start|p1a: ColaNazi|Substitute\n|-damage|p1a: ColaNazi|70\/100\n|move|p2a: Pollo congelado|Roost|p2a: Pollo congelado\n|-heal|p2a: Pollo congelado|85\/100 tox\n|\n|-damage|p2a: Pollo congelado|79\/100 tox|[from] psn\n|upkeep\n|turn|22\n|\n|t:|1701117870\n|move|p1a: ColaNazi|Bulk Up|p1a: ColaNazi\n|-boost|p1a: ColaNazi|atk|1\n|-boost|p1a: ColaNazi|def|1\n|move|p2a: Pollo congelado|Air Slash|p1a: ColaNazi\n|-supereffective|p1a: ColaNazi\n|-end|p1a: ColaNazi|Substitute\n|\n|-damage|p2a: Pollo congelado|67\/100 tox|[from] psn\n|upkeep\n|turn|23\n|\n|t:|1701117895\n|move|p1a: ColaNazi|Close Combat|p2a: Pollo congelado\n|-damage|p2a: Pollo congelado|0 fnt\n|-unboost|p1a: ColaNazi|def|1\n|-unboost|p1a: ColaNazi|spd|1\n|faint|p2a: Pollo congelado\n|\n|upkeep\n|\n|t:|1701117905\n|switch|p2a: Manzana cruda|Appletun, M|88\/100 tox\n|turn|24\n|\n|t:|1701117913\n|move|p1a: ColaNazi|Close Combat|p2a: Manzana cruda\n|-damage|p2a: Manzana cruda|5\/100 tox\n|-unboost|p1a: ColaNazi|def|1\n|-unboost|p1a: ColaNazi|spd|1\n|move|p2a: Manzana cruda|Leech Seed|p1a: ColaNazi\n|-start|p1a: ColaNazi|move: Leech Seed\n|\n|-heal|p2a: Manzana cruda|11\/100 tox|[from] item: Leftovers\n|-damage|p1a: ColaNazi|57\/100|[from] Leech Seed|[of] p2a: Manzana cruda\n|-heal|p2a: Manzana cruda|21\/100 tox|[silent]\n|-damage|p2a: Manzana cruda|15\/100 tox|[from] psn\n|upkeep\n|turn|25\n|\n|t:|1701117932\n|move|p1a: ColaNazi|Substitute|p1a: ColaNazi\n|-start|p1a: ColaNazi|Substitute\n|-damage|p1a: ColaNazi|32\/100\n|move|p2a: Manzana cruda|Rest|p2a: Manzana cruda\n|-status|p2a: Manzana cruda|slp|[from] move: Rest\n|-heal|p2a: Manzana cruda|100\/100 slp|[silent]\n|\n|-damage|p1a: ColaNazi|20\/100|[from] Leech Seed|[of] p2a: Manzana cruda\n|upkeep\n|-enditem|p1a: ColaNazi|Salac Berry|[eat]\n|-boost|p1a: ColaNazi|spe|1|[from] item: Salac Berry\n|turn|26\n|\n|t:|1701117953\n|move|p1a: ColaNazi|Bulk Up|p1a: ColaNazi\n|-boost|p1a: ColaNazi|atk|1\n|-boost|p1a: ColaNazi|def|1\n|cant|p2a: Manzana cruda|slp\n|\n|-damage|p1a: ColaNazi|8\/100|[from] Leech Seed|[of] p2a: Manzana cruda\n|upkeep\n|turn|27\n|\n|t:|1701117966\n|move|p1a: ColaNazi|Close Combat|p2a: Manzana cruda\n|-damage|p2a: Manzana cruda|0 fnt\n|-unboost|p1a: ColaNazi|def|1\n|-unboost|p1a: ColaNazi|spd|1\n|faint|p2a: Manzana cruda\n|\n|-activate|p1a: ColaNazi|ability: Cud Chew\n|-enditem|p1a: ColaNazi|Salac Berry|[eat]\n|-boost|p1a: ColaNazi|spe|1|[from] item: Salac Berry\n|upkeep\n|\n|t:|1701117970\n|switch|p2a: Tibur\u00f3n seco|Garchomp, F|82\/100 tox\n|turn|28\n|\n|t:|1701117980\n|move|p1a: ColaNazi|Close Combat|p2a: Tibur\u00f3n seco\n|-crit|p2a: Tibur\u00f3n seco\n|-damage|p2a: Tibur\u00f3n seco|0 fnt\n|-unboost|p1a: ColaNazi|def|1\n|-unboost|p1a: ColaNazi|spd|1\n|-damage|p1a: ColaNazi|0 fnt|[from] ability: Rough Skin|[of] p2a: Tibur\u00f3n seco\n|faint|p2a: Tibur\u00f3n seco\n|faint|p1a: ColaNazi\n|\n|win|vianor97\n|c|\u2606barcoco|gg\n|c|\u2606barcoco|lo subes tu?\n|c|\u2606vianor97|vale\n","uploadtime":1701118040,"views":16,"p1id":"vianor97","p2id":"barcoco","formatid":"gen9anythinggoes","rating":0,"private":0,"password":""}