{"id":"gen9anythinggoes-1987016391","p1":"JOUS23","p2":"charizard=trash","format":"[Gen 9] Anything Goes","log":"|j|\u2606JOUS23\n|j|\u2606charizard=trash\n|t:|1699549255\n|gametype|singles\n|player|p1|JOUS23|n|1403\n|player|p2|charizard=trash|carmine-festival|1658\n|teamsize|p1|6\n|teamsize|p2|6\n|gen|9\n|tier|[Gen 9] Anything Goes\n|rated|\n|rule|HP Percentage Mod: HP is shown in percentages\n|rule|Endless Battle Clause: Forcing endless battles is banned\n|clearpoke\n|poke|p1|Ditto|\n|poke|p1|Ditto|\n|poke|p1|Ditto|\n|poke|p1|Ditto|\n|poke|p1|Ditto|\n|poke|p1|Dragapult, M|\n|poke|p2|Calyrex-Shadow|\n|poke|p2|Arceus|\n|poke|p2|Ting-Lu|\n|poke|p2|Koraidon|\n|poke|p2|Koraidon|\n|poke|p2|Landorus-Therian, M|\n|teampreview\n|\n|t:|1699549278\n|start\n|switch|p1a: Copypaste|Ditto|100\/100\n|switch|p2a: Landorus|Landorus-Therian, M|100\/100\n|-ability|p2a: Landorus|Intimidate|boost\n|-unboost|p1a: Copypaste|atk|1\n|-transform|p1a: Copypaste|p2a: Landorus|[from] ability: Imposter\n|-ability|p1a: Copypaste|Intimidate|boost\n|-unboost|p2a: Landorus|atk|1\n|turn|1\n|\n|t:|1699549285\n|move|p2a: Landorus|Stealth Rock|p1a: Copypaste\n|-sidestart|p1: JOUS23|move: Stealth Rock\n|move|p1a: Copypaste|Stealth Rock|p2a: Landorus\n|-sidestart|p2: charizard=trash|move: Stealth Rock\n|\n|upkeep\n|turn|2\n|\n|t:|1699549297\n|move|p2a: Landorus|U-turn|p1a: Copypaste\n|-resisted|p1a: Copypaste\n|-damage|p1a: Copypaste|94\/100\n|\n|t:|1699549302\n|switch|p2a: Koraidon|Koraidon|100\/100|[from] U-turn\n|-damage|p2a: Koraidon|94\/100|[from] Stealth Rock\n|-weather|SunnyDay|[from] ability: Orichalcum Pulse|[of] p2a: Koraidon\n|-activate|p2a: Koraidon|Orichalcum Pulse|[source]\n|move|p1a: Copypaste|Earthquake|p2a: Koraidon\n|-damage|p2a: Koraidon|54\/100\n|\n|-weather|SunnyDay|[upkeep]\n|-heal|p1a: Copypaste|99\/100|[from] item: Leftovers\n|upkeep\n|turn|3\n|\n|t:|1699549317\n|move|p2a: Koraidon|Outrage|p1a: Copypaste\n|-damage|p1a: Copypaste|23\/100\n|move|p1a: Copypaste|Earthquake|p2a: Koraidon\n|-damage|p2a: Koraidon|13\/100\n|\n|-weather|SunnyDay|[upkeep]\n|-heal|p1a: Copypaste|29\/100|[from] item: Leftovers\n|upkeep\n|turn|4\n|\n|t:|1699549325\n|move|p2a: Koraidon|Outrage|p1a: Copypaste|[from]lockedmove\n|-damage|p1a: Copypaste|0 fnt\n|faint|p1a: Copypaste\n|\n|-weather|SunnyDay|[upkeep]\n|upkeep\n|\n|t:|1699549330\n|switch|p1a: Grey|Ditto|100\/100\n|-damage|p1a: Grey|88\/100|[from] Stealth Rock\n|-transform|p1a: Grey|p2a: Koraidon|[from] ability: Imposter\n|-activate|p1a: Grey|ability: Orichalcum Pulse\n|turn|5\n|\n|t:|1699549336\n|move|p2a: Koraidon|Outrage|p1a: Grey|[from]lockedmove\n|-supereffective|p1a: Grey\n|-damage|p1a: Grey|0 fnt\n|faint|p1a: Grey\n|-start|p2a: Koraidon|confusion|[fatigue]\n|\n|-weather|SunnyDay|[upkeep]\n|upkeep\n|\n|t:|1699549346\n|switch|p1a: Doppelg\u00e4nger|Ditto, shiny|100\/100\n|-damage|p1a: Doppelg\u00e4nger|88\/100|[from] Stealth Rock\n|-transform|p1a: Doppelg\u00e4nger|p2a: Koraidon|[from] ability: Imposter\n|-activate|p1a: Doppelg\u00e4nger|ability: Orichalcum Pulse\n|turn|6\n|\n|t:|1699549352\n|switch|p2a: Landorus|Landorus-Therian, M|100\/100\n|-damage|p2a: Landorus|88\/100|[from] Stealth Rock\n|-ability|p2a: Landorus|Intimidate|boost\n|-unboost|p1a: Doppelg\u00e4nger|atk|1\n|move|p1a: Doppelg\u00e4nger|Outrage|p2a: Landorus\n|-damage|p2a: Landorus|46\/100\n|-damage|p1a: Doppelg\u00e4nger|72\/100|[from] item: Rocky Helmet|[of] p2a: Landorus\n|\n|-weather|none\n|upkeep\n|turn|7\n|\n|t:|1699549373\n|move|p1a: Doppelg\u00e4nger|Outrage|p2a: Landorus|[from]lockedmove\n|-damage|p2a: Landorus|17\/100\n|-damage|p1a: Doppelg\u00e4nger|55\/100|[from] item: Rocky Helmet|[of] p2a: Landorus\n|move|p2a: Landorus|Earthquake|p1a: Doppelg\u00e4nger\n|-damage|p1a: Doppelg\u00e4nger|10\/100\n|\n|upkeep\n|turn|8\n|\n|t:|1699549379\n|move|p1a: Doppelg\u00e4nger|Outrage|p2a: Landorus|[from]lockedmove\n|-damage|p2a: Landorus|0 fnt\n|-damage|p1a: Doppelg\u00e4nger|0 fnt|[from] item: Rocky Helmet|[of] p2a: Landorus\n|faint|p2a: Landorus\n|faint|p1a: Doppelg\u00e4nger\n|\n|upkeep\n|\n|t:|1699549406\n|switch|p2a: Koraidon|Koraidon|13\/100\n|switch|p1a: Rimuru|Ditto, shiny|100\/100\n|-damage|p2a: Koraidon|7\/100|[from] Stealth Rock\n|-weather|SunnyDay|[from] ability: Orichalcum Pulse|[of] p2a: Koraidon\n|-activate|p2a: Koraidon|Orichalcum Pulse|[source]\n|-damage|p1a: Rimuru|88\/100|[from] Stealth Rock\n|-transform|p1a: Rimuru|p2a: Koraidon|[from] ability: Imposter\n|-activate|p1a: Rimuru|ability: Orichalcum Pulse\n|turn|9\n|\n|t:|1699549419\n|-terastallize|p1a: Rimuru|Steel\n|move|p2a: Koraidon|Outrage|p1a: Rimuru\n|-resisted|p1a: Rimuru\n|-damage|p1a: Rimuru|42\/100\n|-damage|p2a: Koraidon|0 fnt|[from] item: Rocky Helmet|[of] p1a: Rimuru\n|faint|p2a: Koraidon\n|move|p1a: Rimuru|U-turn|p2: Koraidon|[notarget]\n|-fail|p1a: Rimuru\n|\n|-weather|SunnyDay|[upkeep]\n|upkeep\n|\n|t:|1699549434\n|switch|p2a: Calyrex|Calyrex-Shadow|100\/100\n|-ability|p2a: Calyrex|As One\n|-ability|p2a: Calyrex|Unnerve\n|turn|10\n|inactive|Battle timer is ON: inactive players will automatically lose when time's up. (requested by charizard=trash)\n|\n|t:|1699549508\n|move|p2a: Calyrex|Astral Barrage|p1a: Rimuru\n|-damage|p1a: Rimuru|0 fnt\n|faint|p1a: Rimuru\n|-ability|p2a: Calyrex|Grim Neigh|boost\n|-boost|p2a: Calyrex|spa|1\n|\n|-weather|SunnyDay|[upkeep]\n|upkeep\n|\n|t:|1699549513\n|switch|p1a: Sylas|Ditto|100\/100\n|-damage|p1a: Sylas|88\/100|[from] Stealth Rock\n|-transform|p1a: Sylas|p2a: Calyrex|[from] ability: Imposter\n|turn|11\n|inactive|charizard=trash has 120 seconds left.\n|\n|t:|1699549547\n|move|p2a: Calyrex|Astral Barrage|p1a: Sylas\n|-supereffective|p1a: Sylas\n|-damage|p1a: Sylas|0 fnt\n|faint|p1a: Sylas\n|-ability|p2a: Calyrex|Grim Neigh|boost\n|-boost|p2a: Calyrex|spa|1\n|\n|-weather|SunnyDay|[upkeep]\n|upkeep\n|-message|JOUS23 forfeited.\n|\n|win|charizard=trash\n|raw|JOUS23's rating: 1403 &rarr; <strong>1396<\/strong><br \/>(-7 for losing)\n|raw|charizard=trash's rating: 1658 &rarr; <strong>1665<\/strong><br \/>(+7 for winning)\n|l|\u2606JOUS23\n|l|\u2606charizard=trash\n","uploadtime":1699549560,"views":4,"p1id":"jous23","p2id":"charizardtrash","formatid":"gen9anythinggoes","rating":1396,"private":0,"password":""}