{"id":"gen9anythinggoes-1986294332","p1":"plooshidocs","p2":"Jeremy647","format":"[Gen 9] Anything Goes","log":"|j|\u203dplooshidocs\n|j|\u2606Jeremy647\n|t:|1699466935\n|gametype|singles\n|player|p1|plooshidocs|101|1372\n|player|p2|Jeremy647|ruinmaniac|1355\n|teamsize|p1|6\n|teamsize|p2|6\n|gen|9\n|tier|[Gen 9] Anything Goes\n|rated|\n|rule|HP Percentage Mod: HP is shown in percentages\n|rule|Endless Battle Clause: Forcing endless battles is banned\n|clearpoke\n|poke|p1|Calyrex-Shadow|\n|poke|p1|Azumarill, M|\n|poke|p1|Drifblim, F|\n|poke|p1|Miraidon|\n|poke|p1|Scizor, F|\n|poke|p1|Darkrai|\n|poke|p2|Iron Bundle|\n|poke|p2|Miraidon|\n|poke|p2|Zacian-*|\n|poke|p2|Annihilape, M|\n|poke|p2|Roaring Moon|\n|poke|p2|Rillaboom, M|\n|teampreview\n|inactive|Battle timer is ON: inactive players will automatically lose when time's up. (requested by Jeremy647)\n|\n|t:|1699466945\n|start\n|switch|p1a: Drifblim|Drifblim, F|100\/100\n|switch|p2a: Roaring Moon|Roaring Moon|100\/100\n|-enditem|p2a: Roaring Moon|Booster Energy\n|-activate|p2a: Roaring Moon|ability: Protosynthesis|[fromitem]\n|-start|p2a: Roaring Moon|protosynthesisatk\n|turn|1\n|\n|t:|1699466954\n|move|p2a: Roaring Moon|Dragon Dance|p2a: Roaring Moon\n|-boost|p2a: Roaring Moon|atk|1\n|-boost|p2a: Roaring Moon|spe|1\n|move|p1a: Drifblim|Minimize|p1a: Drifblim\n|-boost|p1a: Drifblim|evasion|2\n|\n|upkeep\n|turn|2\n|\n|t:|1699466962\n|move|p2a: Roaring Moon|Jaw Lock|p1a: Drifblim\n|-supereffective|p1a: Drifblim\n|-enditem|p1a: Drifblim|Focus Sash\n|-damage|p1a: Drifblim|1\/100\n|-activate|p2a: Roaring Moon|trapped\n|move|p1a: Drifblim|Minimize|p1a: Drifblim\n|-boost|p1a: Drifblim|evasion|2\n|\n|upkeep\n|turn|3\n|\n|t:|1699466978\n|move|p2a: Roaring Moon|Jaw Lock|p1a: Drifblim\n|-supereffective|p1a: Drifblim\n|-damage|p1a: Drifblim|0 fnt\n|faint|p1a: Drifblim\n|\n|upkeep\n|\n|t:|1699466987\n|switch|p1a: Miraidon|Miraidon|100\/100\n|-fieldstart|move: Electric Terrain|[from] ability: Hadron Engine|[of] p1a: Miraidon\n|turn|4\n|\n|t:|1699466996\n|move|p2a: Roaring Moon|Jaw Lock|p1a: Miraidon\n|-damage|p1a: Miraidon|31\/100\n|-activate|p2a: Roaring Moon|trapped\n|-activate|p1a: Miraidon|trapped\n|move|p1a: Miraidon|Draco Meteor|p2a: Roaring Moon\n|-supereffective|p2a: Roaring Moon\n|-damage|p2a: Roaring Moon|0 fnt\n|-unboost|p1a: Miraidon|spa|2\n|faint|p2a: Roaring Moon\n|-end|p2a: Roaring Moon|Protosynthesis|[silent]\n|\n|upkeep\n|\n|t:|1699467000\n|switch|p2a: Iron Bundle|Iron Bundle, shiny|100\/100\n|-activate|p2a: Iron Bundle|ability: Quark Drive\n|-start|p2a: Iron Bundle|quarkdrivespe\n|turn|5\n|\n|t:|1699467010\n|move|p2a: Iron Bundle|Freeze-Dry|p1a: Miraidon\n|-supereffective|p1a: Miraidon\n|-damage|p1a: Miraidon|0 fnt\n|faint|p1a: Miraidon\n|\n|upkeep\n|\n|t:|1699467027\n|switch|p1a: Darkrai|Darkrai|100\/100\n|turn|6\n|\n|t:|1699467033\n|move|p2a: Iron Bundle|Freeze-Dry|p1a: Darkrai\n|-damage|p1a: Darkrai|26\/100\n|move|p1a: Darkrai|Hypnosis|p2a: Iron Bundle|[miss]\n|-miss|p1a: Darkrai|p2a: Iron Bundle\n|\n|upkeep\n|turn|7\n|\n|t:|1699467046\n|switch|p1a: Azumarill|Azumarill, M|100\/100\n|move|p2a: Iron Bundle|Freeze-Dry|p1a: Azumarill\n|-supereffective|p1a: Azumarill\n|-damage|p1a: Azumarill|0 fnt\n|faint|p1a: Azumarill\n|\n|upkeep\n|\n|t:|1699467055\n|switch|p1a: Darkrai|Darkrai|26\/100\n|turn|8\n|\n|t:|1699467072\n|move|p2a: Iron Bundle|Freeze-Dry|p1a: Darkrai\n|-damage|p1a: Darkrai|0 fnt\n|faint|p1a: Darkrai\n|\n|-fieldend|move: Electric Terrain\n|-end|p2a: Iron Bundle|Quark Drive\n|upkeep\n|\n|t:|1699467084\n|switch|p1a: Scizor|Scizor, F|100\/100\n|turn|9\n|\n|t:|1699467093\n|-end|p2a: Iron Bundle|Quark Drive|[silent]\n|switch|p2a: Miraidon|Miraidon|100\/100\n|-fieldstart|move: Electric Terrain|[from] ability: Hadron Engine|[of] p2a: Miraidon\n|move|p1a: Scizor|Knock Off|p2a: Miraidon\n|-damage|p2a: Miraidon|50\/100\n|-enditem|p2a: Miraidon|Choice Scarf|[from] move: Knock Off|[of] p1a: Scizor\n|-damage|p1a: Scizor|91\/100|[from] item: Life Orb\n|\n|upkeep\n|turn|10\n|\n|t:|1699467104\n|move|p2a: Miraidon|Volt Switch|p1a: Scizor\n|-damage|p1a: Scizor|0 fnt\n|faint|p1a: Scizor\n|\n|t:|1699467109\n|switch|p2a: Iron Bundle|Iron Bundle, shiny|100\/100|[from] Volt Switch\n|-activate|p2a: Iron Bundle|ability: Quark Drive\n|-start|p2a: Iron Bundle|quarkdrivespe\n|\n|upkeep\n|\n|t:|1699467115\n|switch|p1a: Calyrex|Calyrex-Shadow|100\/100\n|-ability|p1a: Calyrex|As One\n|-ability|p1a: Calyrex|Unnerve\n|turn|11\n|\n|t:|1699467133\n|move|p2a: Iron Bundle|Freeze-Dry|p1a: Calyrex\n|-damage|p1a: Calyrex|47\/100\n|-status|p1a: Calyrex|frz\n|cant|p1a: Calyrex|frz\n|\n|upkeep\n|turn|12\n|l|\u2606Jeremy647\n|inactive|Jeremy647 disconnected and has a minute to reconnect!\n|player|p2|\n|j|\u2606Jeremy647\n|inactive|Jeremy647 reconnected and has 125 seconds left.\n|player|p2|Jeremy647|ruinmaniac\n|inactive|Jeremy647 has 120 seconds left.\n|\n|t:|1699467166\n|move|p2a: Iron Bundle|Freeze-Dry|p1a: Calyrex\n|-damage|p1a: Calyrex|0 fnt\n|faint|p1a: Calyrex\n|\n|win|Jeremy647\n|raw|plooshidocs's rating: 1372 &rarr; <strong>1351<\/strong><br \/>(-21 for losing)\n|raw|Jeremy647's rating: 1355 &rarr; <strong>1376<\/strong><br \/>(+21 for winning)\n|l|\u203dplooshidocs\n|l|\u2606Jeremy647\n|j|\u2606Jeremy647\n|player|p2|Jeremy647|ruinmaniac\n|l|\u2606Jeremy647\n|player|p2|\n|j|\u2606Jeremy647\n|player|p2|Jeremy647|ruinmaniac\n|l|\u2606Jeremy647\n|player|p2|\n|j|\u2606Jeremy647\n|player|p2|Jeremy647|ruinmaniac\n","uploadtime":1699467246,"views":4,"p1id":"plooshidocs","p2id":"jeremy647","formatid":"gen9anythinggoes","rating":1351,"private":0,"password":""}