{"id":"gen9anythinggoes-1984876627","p1":"0.7Flower","p2":"AGisgood","format":"[Gen 9] Anything Goes","log":"|j|\u26060.7Flower\n|j|\u2606AGisgood\n|t:|1699306727\n|gametype|singles\n|player|p1|0.7Flower|lillie-masters|1704\n|player|p2|AGisgood|cynthia-masters|1817\n|teamsize|p1|6\n|teamsize|p2|6\n|gen|9\n|tier|[Gen 9] Anything Goes\n|rated|\n|rule|HP Percentage Mod: HP is shown in percentages\n|rule|Endless Battle Clause: Forcing endless battles is banned\n|clearpoke\n|poke|p1|Zacian-*|\n|poke|p1|Mandibuzz, F|\n|poke|p1|Arceus-Ground|\n|poke|p1|Calyrex-Shadow|\n|poke|p1|Landorus-Therian, M|\n|poke|p1|Koraidon|\n|poke|p2|Arceus-Ground|\n|poke|p2|Arceus|\n|poke|p2|Calyrex-Shadow|\n|poke|p2|Zacian-*|\n|poke|p2|Ting-Lu|\n|poke|p2|Koraidon|\n|teampreview\n|inactive|Battle timer is ON: inactive players will automatically lose when time's up. (requested by AGisgood)\n|c|\u2606AGisgood|\u516d\n|c|\u26060.7Flower|\u516d\n|inactive|0.7Flower has 120 seconds left.\n|c|\u2606AGisgood|\u8fd9\u4e0d\u6211\u90a3\u4e2a\u5ca9\u6676\u82cd\u54cd\u5417\n|\n|t:|1699306767\n|start\n|switch|p1a: Koraidon|Koraidon|100\/100\n|switch|p2a: Arceus|Arceus-Ground|100\/100\n|-weather|SunnyDay|[from] ability: Orichalcum Pulse|[of] p1a: Koraidon\n|-activate|p1a: Koraidon|Orichalcum Pulse|[source]\n|turn|1\n|\n|t:|1699306777\n|move|p1a: Koraidon|Scale Shot|p2a: Arceus\n|-damage|p2a: Arceus|90\/100\n|-damage|p2a: Arceus|79\/100\n|-damage|p2a: Arceus|69\/100\n|-damage|p2a: Arceus|59\/100\n|-damage|p2a: Arceus|48\/100\n|-hitcount|p2a: Arceus|5\n|-unboost|p1a: Koraidon|def|1\n|-boost|p1a: Koraidon|spe|1\n|move|p2a: Arceus|Will-O-Wisp|p1a: Koraidon\n|-status|p1a: Koraidon|brn\n|\n|-weather|SunnyDay|[upkeep]\n|-damage|p1a: Koraidon|94\/100 brn|[from] brn\n|upkeep\n|turn|2\n|\n|t:|1699306783\n|move|p1a: Koraidon|Swords Dance|p1a: Koraidon\n|-boost|p1a: Koraidon|atk|2\n|move|p2a: Arceus|Recover|p2a: Arceus\n|-heal|p2a: Arceus|98\/100\n|\n|-weather|SunnyDay|[upkeep]\n|-damage|p1a: Koraidon|88\/100 brn|[from] brn\n|upkeep\n|turn|3\n|\n|t:|1699306786\n|move|p1a: Koraidon|Flare Blitz|p2a: Arceus\n|-crit|p2a: Arceus\n|-damage|p2a: Arceus|26\/100\n|-damage|p1a: Koraidon|57\/100 brn|[from] Recoil\n|move|p2a: Arceus|Ice Beam|p1a: Koraidon\n|-supereffective|p1a: Koraidon\n|-damage|p1a: Koraidon|9\/100 brn\n|\n|-weather|SunnyDay|[upkeep]\n|-damage|p1a: Koraidon|3\/100 brn|[from] brn\n|upkeep\n|turn|4\n|\n|t:|1699306794\n|switch|p2a: Ting-Lu|Ting-Lu|100\/100\n|-ability|p2a: Ting-Lu|Vessel of Ruin\n|move|p1a: Koraidon|Flare Blitz|p2a: Ting-Lu\n|-damage|p2a: Ting-Lu|51\/100\n|-status|p2a: Ting-Lu|brn\n|-damage|p1a: Koraidon|0 fnt|[from] Recoil\n|faint|p1a: Koraidon\n|\n|-weather|SunnyDay|[upkeep]\n|-damage|p2a: Ting-Lu|45\/100 brn|[from] brn\n|upkeep\n|c|\u2606AGisgood|\u8fd9\u80fd\u70e7\u4f24\n|\n|t:|1699306803\n|switch|p1a: Arceus|Arceus-Ground|100\/100\n|turn|5\n|c|\u2606AGisgood|\u9006\n|c|\u26060.7Flower|\u54c8\u54c8\u54c8\n|\n|t:|1699306813\n|move|p1a: Arceus|Taunt|p2a: Ting-Lu\n|-start|p2a: Ting-Lu|move: Taunt\n|move|p2a: Ting-Lu|Earthquake|p1a: Arceus\n|-damage|p1a: Arceus|86\/100\n|\n|-weather|none\n|-damage|p2a: Ting-Lu|39\/100 brn|[from] brn\n|upkeep\n|turn|6\n|\n|t:|1699306819\n|switch|p2a: Arceus|Arceus|100\/100\n|move|p1a: Arceus|Judgment|p2a: Arceus\n|-crit|p2a: Arceus\n|-damage|p2a: Arceus|46\/100\n|\n|-heal|p2a: Arceus|52\/100|[from] item: Leftovers\n|upkeep\n|turn|7\n|c|\u26060.7Flower|\u4f60\u8fd9\u4e2a\n|c|\u26060.7Flower|\u54c8\u54c8\u54c8\u54c8\u54c8\u54c8\n|\n|t:|1699306834\n|switch|p2a: Koraidon|Koraidon|100\/100\n|-weather|SunnyDay|[from] ability: Orichalcum Pulse|[of] p2a: Koraidon\n|-activate|p2a: Koraidon|Orichalcum Pulse|[source]\n|move|p1a: Arceus|Judgment|p2a: Koraidon\n|-damage|p2a: Koraidon|40\/100\n|\n|-weather|SunnyDay|[upkeep]\n|upkeep\n|turn|8\n|\n|t:|1699306842\n|switch|p1a: Landorus|Landorus-Therian, M|100\/100\n|-ability|p1a: Landorus|Intimidate|boost\n|-unboost|p2a: Koraidon|atk|1\n|-terastallize|p2a: Koraidon|Fire\n|move|p2a: Koraidon|Flare Blitz|p1a: Landorus\n|-damage|p1a: Landorus|38\/100\n|-status|p1a: Landorus|brn\n|-damage|p2a: Koraidon|23\/100|[from] item: Rocky Helmet|[of] p1a: Landorus\n|-damage|p2a: Koraidon|0 fnt|[from] Recoil\n|faint|p2a: Koraidon\n|\n|-weather|SunnyDay|[upkeep]\n|-damage|p1a: Landorus|32\/100 brn|[from] brn\n|upkeep\n|c|\u2606AGisgood|\u516d\n|\n|t:|1699306849\n|switch|p2a: Calyrex|Calyrex-Shadow|100\/100\n|-ability|p2a: Calyrex|As One\n|-ability|p2a: Calyrex|Unnerve\n|turn|9\n|c|\u26060.7Flower|\u4f60\u600e\u4e48\u4e5f\u70e7\u4f24\n|\n|t:|1699306855\n|switch|p1a: Calyrex|Calyrex-Shadow|100\/100\n|-ability|p1a: Calyrex|As One\n|-ability|p1a: Calyrex|Unnerve\n|move|p2a: Calyrex|Astral Barrage|p1a: Calyrex\n|-supereffective|p1a: Calyrex\n|-crit|p1a: Calyrex\n|-damage|p1a: Calyrex|0 fnt\n|faint|p1a: Calyrex\n|-ability|p2a: Calyrex|Grim Neigh|boost\n|-boost|p2a: Calyrex|spa|1\n|\n|-weather|SunnyDay|[upkeep]\n|upkeep\n|c|\u2606AGisgood|\u554a\n|c|\u26060.7Flower|\u70b9\u9519\u4e86\n|\n|t:|1699306864\n|switch|p1a: Mandibuzz|Mandibuzz, F|100\/100\n|turn|10\n|\n|t:|1699306867\n|switch|p2a: Zacian|Zacian-Crowned|100\/100\n|-ability|p2a: Zacian|Intrepid Sword|boost\n|-boost|p2a: Zacian|atk|1\n|move|p1a: Mandibuzz|Knock Off|p2a: Zacian\n|-resisted|p2a: Zacian\n|-damage|p2a: Zacian|94\/100\n|\n|-weather|SunnyDay|[upkeep]\n|upkeep\n|turn|11\n|\n|t:|1699306870\n|switch|p1a: Landorus|Landorus-Therian, M|32\/100 brn\n|-ability|p1a: Landorus|Intimidate|boost\n|-unboost|p2a: Zacian|atk|1\n|move|p2a: Zacian|Substitute|p2a: Zacian\n|-start|p2a: Zacian|Substitute\n|-damage|p2a: Zacian|69\/100\n|\n|-weather|none\n|-damage|p1a: Landorus|26\/100 brn|[from] brn\n|upkeep\n|turn|12\n|\n|t:|1699306879\n|move|p2a: Zacian|Behemoth Blade|p1a: Landorus\n|-crit|p1a: Landorus\n|-damage|p1a: Landorus|0 fnt\n|-damage|p2a: Zacian|53\/100|[from] item: Rocky Helmet|[of] p1a: Landorus\n|faint|p1a: Landorus\n|\n|upkeep\n|c|\u2606AGisgood|\u98de\u6676\u66ff\u8eab\u821e\u5251\u82cd\u54cd\n|\n|t:|1699306887\n|switch|p1a: Zacian|Zacian-Crowned|100\/100\n|-ability|p1a: Zacian|Intrepid Sword|boost\n|-boost|p1a: Zacian|atk|1\n|turn|13\n|c|\u2606AGisgood|\u597d\u73a9\n|\n|t:|1699306891\n|move|p1a: Zacian|Behemoth Blade|p2a: Zacian\n|-end|p2a: Zacian|Substitute\n|move|p2a: Zacian|Behemoth Blade|p1a: Zacian\n|-damage|p1a: Zacian|45\/100\n|\n|upkeep\n|turn|14\n|c|\u26060.7Flower|\u70b9\u9519\u4e86\u54ce\u5466\n|\n|t:|1699306897\n|move|p1a: Zacian|Behemoth Blade|p2a: Zacian\n|-damage|p2a: Zacian|0 fnt\n|faint|p2a: Zacian\n|\n|upkeep\n|\n|t:|1699306899\n|switch|p2a: Calyrex|Calyrex-Shadow|100\/100\n|-ability|p2a: Calyrex|As One\n|-ability|p2a: Calyrex|Unnerve\n|turn|15\n|\n|t:|1699306903\n|switch|p1a: Mandibuzz|Mandibuzz, F|100\/100\n|move|p2a: Calyrex|Astral Barrage|p1a: Mandibuzz\n|-resisted|p1a: Mandibuzz\n|-damage|p1a: Mandibuzz|77\/100\n|\n|upkeep\n|turn|16\n|\n|t:|1699306906\n|switch|p2a: Arceus|Arceus-Ground|26\/100\n|move|p1a: Mandibuzz|U-turn|p2a: Arceus\n|-damage|p2a: Arceus|20\/100\n|\n|t:|1699306909\n|switch|p1a: Zacian|Zacian-Crowned|45\/100|[from] U-turn\n|\n|upkeep\n|turn|17\n|c|\u2606AGisgood|\u597d\u50cf\u8981\u5bc4\n|\n|t:|1699306915\n|switch|p2a: Ting-Lu|Ting-Lu|39\/100 brn\n|-ability|p2a: Ting-Lu|Vessel of Ruin\n|move|p1a: Zacian|Behemoth Blade|p2a: Ting-Lu\n|-damage|p2a: Ting-Lu|5\/100 brn\n|\n|-damage|p2a: Ting-Lu|0 fnt|[from] brn\n|faint|p2a: Ting-Lu\n|upkeep\n|\n|t:|1699306917\n|switch|p2a: Calyrex|Calyrex-Shadow|100\/100\n|-ability|p2a: Calyrex|As One\n|-ability|p2a: Calyrex|Unnerve\n|turn|18\n|c|\u26060.7Flower|\u8981\u4e0d\u7136\u6211\u8d62\u4e86\n|\n|t:|1699306921\n|switch|p2a: Arceus|Arceus-Ground|20\/100\n|switch|p1a: Mandibuzz|Mandibuzz, F|77\/100\n|\n|upkeep\n|turn|19\n|\n|t:|1699306933\n|switch|p1a: Arceus|Arceus-Ground|86\/100\n|move|p2a: Arceus|Recover|p2a: Arceus\n|-heal|p2a: Arceus|70\/100\n|\n|upkeep\n|turn|20\n|\n|t:|1699306941\n|switch|p2a: Calyrex|Calyrex-Shadow|100\/100\n|-ability|p2a: Calyrex|As One\n|-ability|p2a: Calyrex|Unnerve\n|move|p1a: Arceus|Judgment|p2a: Calyrex\n|-damage|p2a: Calyrex|44\/100\n|\n|upkeep\n|turn|21\n|\n|t:|1699306946\n|switch|p1a: Mandibuzz|Mandibuzz, F|77\/100\n|move|p2a: Calyrex|Grass Knot|p1a: Mandibuzz\n|-resisted|p1a: Mandibuzz\n|-damage|p1a: Mandibuzz|70\/100\n|\n|upkeep\n|turn|22\n|\n|t:|1699306952\n|switch|p2a: Arceus|Arceus|52\/100\n|move|p1a: Mandibuzz|U-turn|p2a: Arceus\n|-damage|p2a: Arceus|44\/100\n|\n|t:|1699306958\n|switch|p1a: Zacian|Zacian-Crowned|45\/100|[from] U-turn\n|\n|-heal|p2a: Arceus|50\/100|[from] item: Leftovers\n|upkeep\n|turn|23\n|\n|t:|1699306967\n|switch|p2a: Arceus|Arceus-Ground|70\/100\n|move|p1a: Zacian|Swords Dance|p1a: Zacian\n|-boost|p1a: Zacian|atk|2\n|\n|upkeep\n|turn|24\n|\n|t:|1699306970\n|move|p1a: Zacian|Behemoth Blade|p2a: Arceus\n|-damage|p2a: Arceus|0 fnt\n|faint|p2a: Arceus\n|\n|upkeep\n|\n|t:|1699306971\n|switch|p2a: Calyrex|Calyrex-Shadow|44\/100\n|-ability|p2a: Calyrex|As One\n|-ability|p2a: Calyrex|Unnerve\n|turn|25\n|\n|t:|1699306973\n|switch|p2a: Arceus|Arceus|50\/100\n|switch|p1a: Mandibuzz|Mandibuzz, F|70\/100\n|\n|-heal|p2a: Arceus|56\/100|[from] item: Leftovers\n|upkeep\n|turn|26\n|\n|t:|1699306980\n|move|p2a: Arceus|Swords Dance|p2a: Arceus\n|-boost|p2a: Arceus|atk|2\n|move|p1a: Mandibuzz|U-turn|p2a: Arceus\n|-damage|p2a: Arceus|49\/100\n|\n|t:|1699306982\n|switch|p1a: Zacian|Zacian-Crowned|45\/100|[from] U-turn\n|\n|-heal|p2a: Arceus|55\/100|[from] item: Leftovers\n|upkeep\n|turn|27\n|\n|t:|1699306985\n|move|p2a: Arceus|Extreme Speed|p1a: Zacian\n|-resisted|p1a: Zacian\n|-damage|p1a: Zacian|3\/100\n|move|p1a: Zacian|Behemoth Blade|p2a: Arceus\n|-damage|p2a: Arceus|15\/100\n|\n|-heal|p2a: Arceus|21\/100|[from] item: Leftovers\n|upkeep\n|turn|28\n|\n|t:|1699306989\n|move|p2a: Arceus|Extreme Speed|p1a: Zacian\n|-resisted|p1a: Zacian\n|-crit|p1a: Zacian\n|-damage|p1a: Zacian|0 fnt\n|faint|p1a: Zacian\n|\n|-heal|p2a: Arceus|27\/100|[from] item: Leftovers\n|upkeep\n|\n|t:|1699306991\n|switch|p1a: Arceus|Arceus-Ground|86\/100\n|turn|29\n|\n|t:|1699306995\n|move|p2a: Arceus|Extreme Speed|p1a: Arceus\n|-damage|p1a: Arceus|25\/100\n|move|p1a: Arceus|Judgment|p2a: Arceus\n|-damage|p2a: Arceus|0 fnt\n|faint|p2a: Arceus\n|\n|upkeep\n|\n|t:|1699306999\n|switch|p2a: Calyrex|Calyrex-Shadow|44\/100\n|-ability|p2a: Calyrex|As One\n|-ability|p2a: Calyrex|Unnerve\n|turn|30\n|c|\u2606AGisgood|\u554a\u8fd9\n|\n|t:|1699307003\n|move|p2a: Calyrex|Astral Barrage|p1a: Arceus\n|-damage|p1a: Arceus|0 fnt\n|faint|p1a: Arceus\n|-ability|p2a: Calyrex|Grim Neigh|boost\n|-boost|p2a: Calyrex|spa|1\n|\n|upkeep\n|\n|t:|1699307005\n|switch|p1a: Mandibuzz|Mandibuzz, F|70\/100\n|turn|31\n|c|\u2606AGisgood|\u5bc4\u4e86\n|\n|t:|1699307012\n|move|p2a: Calyrex|Astral Barrage|p1a: Mandibuzz\n|-resisted|p1a: Mandibuzz\n|-damage|p1a: Mandibuzz|36\/100\n|move|p1a: Mandibuzz|Roost|p1a: Mandibuzz\n|-heal|p1a: Mandibuzz|86\/100\n|-singleturn|p1a: Mandibuzz|move: Roost\n|\n|upkeep\n|turn|32\n|\n|t:|1699307018\n|move|p2a: Calyrex|Astral Barrage|p1a: Mandibuzz\n|-resisted|p1a: Mandibuzz\n|-damage|p1a: Mandibuzz|47\/100\n|move|p1a: Mandibuzz|Knock Off|p2a: Calyrex\n|-supereffective|p2a: Calyrex\n|-damage|p2a: Calyrex|0 fnt\n|-enditem|p2a: Calyrex|Heavy-Duty Boots|[from] move: Knock Off|[of] p1a: Mandibuzz\n|faint|p2a: Calyrex\n|\n|win|0.7Flower\n|raw|0.7Flower's rating: 1704 &rarr; <strong>1730<\/strong><br \/>(+26 for winning)\n|raw|AGisgood's rating: 1817 &rarr; <strong>1791<\/strong><br \/>(-26 for losing)\n|c|\u26060.7Flower|gg\n|c|\u2606AGisgood|gg\n|l|\u26060.7Flower\n|l|\u2606AGisgood\n|j|\u26060.7Flower\n|player|p1|0.7Flower|lillie-masters\n|l|\u26060.7Flower\n|player|p1|\n|j|\u26060.7Flower\n|player|p1|0.7Flower|lillie-masters\n","uploadtime":1699307081,"views":12,"p1id":"07flower","p2id":"agisgood","formatid":"gen9anythinggoes","rating":1730,"private":0,"password":""}