{"id":"gen9anythinggoes-1989831681","p1":"kai_medrano1","p2":"zxfz","format":"[Gen 9] Anything Goes","log":"|j|\u2606kai_medrano1\n|j|\u2606zxfz\n|t:|1699899411\n|gametype|singles\n|player|p1|kai_medrano1|169|1000\n|player|p2|zxfz|101|1000\n|teamsize|p1|5\n|teamsize|p2|6\n|gen|9\n|tier|[Gen 9] Anything Goes\n|rated|\n|rule|HP Percentage Mod: HP is shown in percentages\n|rule|Endless Battle Clause: Forcing endless battles is banned\n|clearpoke\n|poke|p1|Maushold-Four|\n|poke|p1|Maushold-Four|\n|poke|p1|Maushold-Four|\n|poke|p1|Maushold-Four|\n|poke|p1|Maushold-Four|\n|poke|p2|Maushold-Four|\n|poke|p2|Maushold-Four|\n|poke|p2|Maushold-Four|\n|poke|p2|Maushold-Four|\n|poke|p2|Maushold-Four|\n|poke|p2|Maushold-Four|\n|teampreview\n|c|\u2606zxfz|aman of culture\n|\n|t:|1699899434\n|start\n|switch|p1a: Maushold|Maushold-Four|100\/100\n|switch|p2a: Maushold|Maushold-Four|100\/100\n|turn|1\n|\n|t:|1699899442\n|move|p2a: Maushold|Population Bomb|p1a: Maushold|[miss]\n|-miss|p2a: Maushold|p1a: Maushold\n|move|p1a: Maushold|Population Bomb|p2a: Maushold\n|-damage|p2a: Maushold|89\/100\n|-damage|p2a: Maushold|77\/100\n|-damage|p2a: Maushold|66\/100\n|-hitcount|p2a: Maushold|3\n|\n|upkeep\n|turn|2\n|\n|t:|1699899454\n|move|p2a: Maushold|Population Bomb|p1a: Maushold|[miss]\n|-miss|p2a: Maushold|p1a: Maushold\n|move|p1a: Maushold|Chilling Water|p2a: Maushold\n|-damage|p2a: Maushold|50\/100\n|-unboost|p2a: Maushold|atk|1\n|\n|upkeep\n|turn|3\n|\n|t:|1699899466\n|move|p2a: Maushold|Population Bomb|p1a: Maushold\n|-damage|p1a: Maushold|86\/100\n|-damage|p1a: Maushold|69\/100\n|-damage|p1a: Maushold|53\/100\n|-hitcount|p1a: Maushold|3\n|move|p1a: Maushold|Swift|p2a: Maushold\n|-damage|p2a: Maushold|25\/100\n|\n|upkeep\n|turn|4\n|\n|t:|1699899476\n|move|p2a: Maushold|Population Bomb|p1a: Maushold\n|-damage|p1a: Maushold|39\/100\n|-damage|p1a: Maushold|22\/100\n|-enditem|p1a: Maushold|Figy Berry|[eat]\n|-heal|p1a: Maushold|55\/100|[from] item: Figy Berry\n|-damage|p1a: Maushold|40\/100\n|-damage|p1a: Maushold|26\/100\n|-damage|p1a: Maushold|10\/100\n|-damage|p1a: Maushold|0 fnt\n|faint|p1a: Maushold\n|-hitcount|p1: Maushold|6\n|\n|upkeep\n|\n|t:|1699899487\n|switch|p1a: Maushold|Maushold-Four|100\/100\n|turn|5\n|\n|t:|1699899490\n|move|p2a: Maushold|Population Bomb|p1a: Maushold\n|-damage|p1a: Maushold|88\/100\n|-damage|p1a: Maushold|73\/100\n|-damage|p1a: Maushold|59\/100\n|-damage|p1a: Maushold|44\/100\n|-damage|p1a: Maushold|29\/100\n|-damage|p1a: Maushold|16\/100\n|-damage|p1a: Maushold|1\/100\n|-damage|p1a: Maushold|0 fnt\n|faint|p1a: Maushold\n|-hitcount|p1: Maushold|8\n|\n|upkeep\n|\n|t:|1699899503\n|switch|p1a: Maushold|Maushold-Four|100\/100\n|turn|6\n|\n|t:|1699899507\n|move|p2a: Maushold|Population Bomb|p1a: Maushold\n|-damage|p1a: Maushold|89\/100\n|-damage|p1a: Maushold|78\/100\n|-damage|p1a: Maushold|67\/100\n|-hitcount|p1a: Maushold|3\n|move|p1a: Maushold|Rest|p1a: Maushold\n|-status|p1a: Maushold|slp|[from] move: Rest\n|-heal|p1a: Maushold|100\/100 slp|[silent]\n|\n|upkeep\n|turn|7\n|\n|t:|1699899517\n|switch|p1a: Maushold|Maushold-Four|100\/100\n|move|p2a: Maushold|Population Bomb|p1a: Maushold\n|-damage|p1a: Maushold|89\/100\n|-hitcount|p1a: Maushold|1\n|\n|upkeep\n|turn|8\n|\n|t:|1699899524\n|move|p2a: Maushold|Population Bomb|p1a: Maushold\n|-damage|p1a: Maushold|77\/100\n|-damage|p1a: Maushold|65\/100\n|-damage|p1a: Maushold|54\/100\n|-damage|p1a: Maushold|44\/100\n|-crit|p1a: Maushold\n|-damage|p1a: Maushold|15\/100\n|-enditem|p1a: Maushold|Figy Berry|[eat]\n|-heal|p1a: Maushold|49\/100|[from] item: Figy Berry\n|-damage|p1a: Maushold|37\/100\n|-damage|p1a: Maushold|25\/100\n|-damage|p1a: Maushold|13\/100\n|-damage|p1a: Maushold|2\/100\n|-damage|p1a: Maushold|0 fnt\n|faint|p1a: Maushold\n|-hitcount|p1: Maushold|10\n|\n|upkeep\n|-message|kai_medrano1 forfeited.\n|\n|win|zxfz\n|raw|kai_medrano1's rating: 1000 &rarr; <strong>1000<\/strong><br \/>(+0 for losing)\n|raw|zxfz's rating: 1000 &rarr; <strong>1040<\/strong><br \/>(+40 for winning)\n|l|\u2606kai_medrano1\n","uploadtime":1699899569,"views":3,"p1id":"kaimedrano1","p2id":"zxfz","formatid":"gen9anythinggoes","rating":1000,"private":0,"password":""}