{"id":"gen9anythinggoes-1992039678","p1":"Rend ndndnd","p2":"SnappisPappis","format":"[Gen 9] Anything Goes","log":"|j|\u2606Rend ndndnd\n|j|\u2606SnappisPappis\n|t:|1700149987\n|gametype|singles\n|player|p1|Rend ndndnd|266|1000\n|player|p2|SnappisPappis|riley|1073\n|teamsize|p1|6\n|teamsize|p2|6\n|gen|9\n|tier|[Gen 9] Anything Goes\n|rated|\n|rule|HP Percentage Mod: HP is shown in percentages\n|rule|Endless Battle Clause: Forcing endless battles is banned\n|clearpoke\n|poke|p1|Rayquaza|\n|poke|p1|Zacian-*|\n|poke|p1|Calyrex-Shadow|\n|poke|p1|Glimmora, F|\n|poke|p1|Ursaluna-Bloodmoon, M|\n|poke|p1|Ogerpon-Hearthflame, F|\n|poke|p2|Maushold-Four|\n|poke|p2|Flutter Mane|\n|poke|p2|Miraidon|\n|poke|p2|Rabsca, M|\n|poke|p2|Garganacl, F|\n|poke|p2|Houndstone, M|\n|teampreview\n|\n|t:|1700150015\n|start\n|switch|p1a: Glimmora|Glimmora, F|100\/100\n|switch|p2a: Flutter Mane|Flutter Mane, shiny|100\/100\n|turn|1\n|\n|t:|1700150029\n|move|p2a: Flutter Mane|Psyshock|p1a: Glimmora\n|-supereffective|p1a: Glimmora\n|-damage|p1a: Glimmora|28\/100\n|-damage|p2a: Flutter Mane|91\/100|[from] item: Life Orb\n|move|p1a: Glimmora|Confuse Ray|p2a: Flutter Mane\n|-start|p2a: Flutter Mane|confusion\n|\n|upkeep\n|turn|2\n|inactive|Battle timer is ON: inactive players will automatically lose when time's up. (requested by Rend ndndnd)\n|\n|t:|1700150042\n|-end|p2a: Flutter Mane|Protosynthesis|[silent]\n|switch|p2a: Maushold|Maushold-Four|100\/100\n|move|p1a: Glimmora|Spikes|p2a: Maushold\n|-sidestart|p2: SnappisPappis|Spikes\n|\n|upkeep\n|turn|3\n|\n|t:|1700150051\n|move|p2a: Maushold|Encore|p1a: Glimmora\n|-start|p1a: Glimmora|Encore\n|move|p1a: Glimmora|Spikes|p2a: Maushold\n|-sidestart|p2: SnappisPappis|Spikes\n|\n|upkeep\n|turn|4\n|\n|t:|1700150056\n|move|p2a: Maushold|Tidy Up|p2a: Maushold\n|-sideend|p2: SnappisPappis|Spikes\n|-activate|p2a: Maushold|move: Tidy Up\n|-boost|p2a: Maushold|atk|1\n|-boost|p2a: Maushold|spe|1\n|move|p1a: Glimmora|Spikes|p2a: Maushold\n|-sidestart|p2: SnappisPappis|Spikes\n|\n|upkeep\n|turn|5\n|\n|t:|1700150062\n|move|p2a: Maushold|Tidy Up|p2a: Maushold\n|-sideend|p2: SnappisPappis|Spikes\n|-activate|p2a: Maushold|move: Tidy Up\n|-boost|p2a: Maushold|atk|1\n|-boost|p2a: Maushold|spe|1\n|move|p1a: Glimmora|Spikes|p2a: Maushold\n|-sidestart|p2: SnappisPappis|Spikes\n|\n|-end|p1a: Glimmora|Encore\n|upkeep\n|turn|6\n|\n|t:|1700150070\n|move|p2a: Maushold|Encore|p1a: Glimmora\n|-start|p1a: Glimmora|Encore\n|move|p1a: Glimmora|Spikes|p2a: Maushold\n|-sidestart|p2: SnappisPappis|Spikes\n|\n|upkeep\n|turn|7\n|\n|t:|1700150076\n|move|p2a: Maushold|Baton Pass|p2a: Maushold\n|\n|t:|1700150077\n|switch|p2a: SSSReplacement|Garganacl, F, shiny|100\/100|[from] Baton Pass\n|-damage|p2a: SSSReplacement|84\/100|[from] Spikes\n|move|p1a: Glimmora|Spikes|p2a: SSSReplacement\n|-sidestart|p2: SnappisPappis|Spikes\n|\n|-heal|p2a: SSSReplacement|90\/100|[from] item: Leftovers\n|upkeep\n|turn|8\n|\n|t:|1700150087\n|move|p1a: Glimmora|Spikes||[still]\n|-fail|p1a: Glimmora\n|move|p2a: SSSReplacement|Iron Defense|p2a: SSSReplacement\n|-boost|p2a: SSSReplacement|def|2\n|\n|-heal|p2a: SSSReplacement|96\/100|[from] item: Leftovers\n|-end|p1a: Glimmora|Encore\n|upkeep\n|turn|9\n|\n|t:|1700150095\n|move|p1a: Glimmora|Confuse Ray|p2a: SSSReplacement\n|-start|p2a: SSSReplacement|confusion\n|-activate|p2a: SSSReplacement|confusion\n|-damage|p2a: SSSReplacement|90\/100|[from] confusion\n|\n|-heal|p2a: SSSReplacement|97\/100|[from] item: Leftovers\n|upkeep\n|turn|10\n|\n|t:|1700150103\n|move|p1a: Glimmora|Toxic|p2a: SSSReplacement\n|-immune|p2a: SSSReplacement|[from] ability: Purifying Salt\n|-activate|p2a: SSSReplacement|confusion\n|move|p2a: SSSReplacement|Body Press|p1a: Glimmora\n|-damage|p1a: Glimmora|0 fnt\n|-activate|p1a: Glimmora|ability: Toxic Debris\n|-sidestart|p2: SnappisPappis|move: Toxic Spikes\n|faint|p1a: Glimmora\n|\n|-heal|p2a: SSSReplacement|100\/100|[from] item: Leftovers\n|upkeep\n|\n|t:|1700150116\n|switch|p1a: Calyrex|Calyrex-Shadow|100\/100\n|-ability|p1a: Calyrex|As One\n|-ability|p1a: Calyrex|Unnerve\n|turn|11\n|\n|t:|1700150121\n|move|p1a: Calyrex|Energy Ball|p2a: SSSReplacement\n|-supereffective|p2a: SSSReplacement\n|-damage|p2a: SSSReplacement|48\/100\n|-activate|p2a: SSSReplacement|confusion\n|-damage|p2a: SSSReplacement|41\/100|[from] confusion\n|\n|-heal|p2a: SSSReplacement|48\/100|[from] item: Leftovers\n|upkeep\n|turn|12\n|\n|t:|1700150129\n|-terastallize|p2a: SSSReplacement|Fairy\n|move|p1a: Calyrex|Energy Ball|p2a: SSSReplacement\n|-damage|p2a: SSSReplacement|24\/100\n|-end|p2a: SSSReplacement|confusion\n|move|p2a: SSSReplacement|Recover|p2a: SSSReplacement\n|-heal|p2a: SSSReplacement|74\/100\n|\n|-heal|p2a: SSSReplacement|80\/100|[from] item: Leftovers\n|upkeep\n|turn|13\n|\n|t:|1700150141\n|move|p1a: Calyrex|Energy Ball|p2a: SSSReplacement\n|-damage|p2a: SSSReplacement|56\/100\n|move|p2a: SSSReplacement|Salt Cure|p1a: Calyrex\n|-damage|p1a: Calyrex|70\/100\n|-start|p1a: Calyrex|Salt Cure\n|\n|-heal|p2a: SSSReplacement|62\/100|[from] item: Leftovers\n|-damage|p1a: Calyrex|57\/100|[from] Salt Cure\n|upkeep\n|turn|14\n|\n|t:|1700150151\n|switch|p1a: Zacian|Zacian-Crowned|100\/100\n|-ability|p1a: Zacian|Intrepid Sword|boost\n|-boost|p1a: Zacian|atk|1\n|move|p2a: SSSReplacement|Recover|p2a: SSSReplacement\n|-heal|p2a: SSSReplacement|100\/100\n|\n|upkeep\n|turn|15\n|\n|t:|1700150178\n|move|p1a: Zacian|Behemoth Blade|p2a: SSSReplacement\n|-supereffective|p2a: SSSReplacement\n|-damage|p2a: SSSReplacement|41\/100\n|move|p2a: SSSReplacement|Salt Cure|p1a: Zacian\n|-resisted|p1a: Zacian\n|-damage|p1a: Zacian|87\/100\n|-start|p1a: Zacian|Salt Cure\n|\n|-heal|p2a: SSSReplacement|47\/100|[from] item: Leftovers\n|-damage|p1a: Zacian|62\/100|[from] Salt Cure\n|upkeep\n|turn|16\n|inactive|SnappisPappis has 120 seconds left.\n|\n|t:|1700150196\n|switch|p2a: Maushold|Maushold-Four|100\/100\n|-damage|p2a: Maushold|76\/100|[from] Spikes\n|-status|p2a: Maushold|psn\n|move|p1a: Zacian|Behemoth Blade|p2a: Maushold\n|-damage|p2a: Maushold|0 fnt\n|faint|p2a: Maushold\n|\n|-damage|p1a: Zacian|37\/100|[from] Salt Cure\n|upkeep\n|inactive|SnappisPappis has 120 seconds left.\n|\n|t:|1700150210\n|switch|p2a: Flutter Mane|Flutter Mane, shiny|91\/100\n|-damage|p2a: Flutter Mane|66\/100|[from] Spikes\n|-status|p2a: Flutter Mane|psn\n|turn|17\n|\n|t:|1700150214\n|move|p1a: Zacian|Behemoth Blade|p2a: Flutter Mane\n|-supereffective|p2a: Flutter Mane\n|-damage|p2a: Flutter Mane|0 fnt\n|faint|p2a: Flutter Mane\n|-end|p2a: Flutter Mane|Protosynthesis|[silent]\n|\n|-damage|p1a: Zacian|12\/100|[from] Salt Cure\n|upkeep\n|\n|t:|1700150217\n|switch|p2a: Rabsca|Rabsca, M, shiny|100\/100\n|-damage|p2a: Rabsca|76\/100|[from] Spikes\n|-status|p2a: Rabsca|psn\n|turn|18\n|\n|t:|1700150226\n|move|p1a: Zacian|Behemoth Blade|p2a: Rabsca\n|-damage|p2a: Rabsca|3\/100 psn\n|move|p2a: Rabsca|Trick Room|p2a: Rabsca\n|-fieldstart|move: Trick Room|[of] p2a: Rabsca\n|\n|-damage|p2a: Rabsca|0 fnt|[from] psn\n|faint|p2a: Rabsca\n|-damage|p1a: Zacian|0 fnt|[from] Salt Cure\n|faint|p1a: Zacian\n|upkeep\n|\n|t:|1700150237\n|switch|p2a: Houndstone|Houndstone, M|100\/100\n|switch|p1a: Rayquaza|Rayquaza, shiny|100\/100\n|-damage|p2a: Houndstone|75\/100|[from] Spikes\n|-status|p2a: Houndstone|psn\n|-ability|p1a: Rayquaza|Air Lock\n|-item|p1a: Rayquaza|Air Balloon\n|turn|19\n|\n|t:|1700150254\n|move|p2a: Houndstone|Last Respects|p1a: Rayquaza\n|-damage|p1a: Rayquaza|1\/100\n|-enditem|p1a: Rayquaza|Air Balloon\n|move|p1a: Rayquaza|Dragon Dance|p1a: Rayquaza\n|-boost|p1a: Rayquaza|atk|1\n|-boost|p1a: Rayquaza|spe|1\n|\n|-damage|p2a: Houndstone|63\/100 psn|[from] psn\n|upkeep\n|turn|20\n|inactive|Rend ndndnd has 120 seconds left.\n|\n|t:|1700150301\n|move|p2a: Houndstone|Shadow Sneak|p1a: Rayquaza\n|-damage|p1a: Rayquaza|0 fnt\n|faint|p1a: Rayquaza\n|\n|-damage|p2a: Houndstone|51\/100 psn|[from] psn\n|upkeep\n|\n|t:|1700150309\n|switch|p1a: Ogerpon|Ogerpon-Hearthflame, F|100\/100\n|-ability|p1a: Ogerpon|Mold Breaker\n|turn|21\n|\n|t:|1700150315\n|move|p2a: Houndstone|Last Respects|p1a: Ogerpon\n|-damage|p1a: Ogerpon|0 fnt\n|faint|p1a: Ogerpon\n|\n|-damage|p2a: Houndstone|38\/100 psn|[from] psn\n|upkeep\n|\n|t:|1700150323\n|switch|p1a: Ursaluna|Ursaluna-Bloodmoon, M|100\/100\n|turn|22\n|\n|t:|1700150330\n|move|p1a: Ursaluna|Earth Power|p2a: Houndstone\n|-damage|p2a: Houndstone|4\/100 psn\n|move|p2a: Houndstone|Play Rough|p1a: Ursaluna\n|-damage|p1a: Ursaluna|79\/100\n|\n|-damage|p2a: Houndstone|0 fnt|[from] psn\n|faint|p2a: Houndstone\n|-fieldend|move: Trick Room\n|upkeep\n|\n|t:|1700150336\n|switch|p2a: SSSReplacement|Garganacl, F, shiny, tera:Fairy|47\/100\n|-damage|p2a: SSSReplacement|22\/100|[from] Spikes\n|turn|23\n|\n|t:|1700150345\n|move|p1a: Ursaluna|Earth Power|p2a: SSSReplacement\n|-damage|p2a: SSSReplacement|0 fnt\n|faint|p2a: SSSReplacement\n|\n|upkeep\n|\n|t:|1700150347\n|switch|p2a: DeMarco|Miraidon|100\/100\n|-damage|p2a: DeMarco|76\/100|[from] Spikes\n|-status|p2a: DeMarco|psn\n|-fieldstart|move: Electric Terrain|[from] ability: Hadron Engine|[of] p2a: DeMarco\n|turn|24\n|\n|t:|1700150357\n|move|p2a: DeMarco|Dragon Pulse|p1a: Ursaluna\n|-damage|p1a: Ursaluna|30\/100\n|move|p1a: Ursaluna|Blood Moon|p2a: DeMarco\n|-damage|p2a: DeMarco|27\/100 psn\n|\n|-damage|p2a: DeMarco|15\/100 psn|[from] psn\n|upkeep\n|turn|25\n|\n|t:|1700150369\n|move|p2a: DeMarco|Dragon Pulse|p1a: Ursaluna\n|-damage|p1a: Ursaluna|0 fnt\n|faint|p1a: Ursaluna\n|\n|-damage|p2a: DeMarco|3\/100 psn|[from] psn\n|upkeep\n|\n|t:|1700150376\n|switch|p1a: Calyrex|Calyrex-Shadow|57\/100\n|-ability|p1a: Calyrex|As One\n|-ability|p1a: Calyrex|Unnerve\n|turn|26\n|\n|t:|1700150383\n|move|p1a: Calyrex|Psychic|p2a: DeMarco\n|-damage|p2a: DeMarco|0 fnt\n|faint|p2a: DeMarco\n|\n|win|Rend ndndnd\n|raw|Rend ndndnd's rating: 1000 &rarr; <strong>1048<\/strong><br \/>(+48 for winning)\n|raw|SnappisPappis's rating: 1073 &rarr; <strong>1048<\/strong><br \/>(-25 for losing)\n","uploadtime":1700150385,"views":4,"p1id":"rendndndnd","p2id":"snappispappis","formatid":"gen9anythinggoes","rating":1048,"private":0,"password":""}