{"id":"gen9anythinggoes-1976600600","p1":"thatguyplayingpoke","p2":"2937sentia.in","format":"[Gen 9] Anything Goes","log":"|j|\u2606thatguyplayingpoke\n|j|\u26062937sentia.in\n|t:|1698326082\n|gametype|singles\n|player|p1|thatguyplayingpoke|ghetsis|1537\n|player|p2|2937sentia.in|youngster-gen4dp|1409\n|teamsize|p1|6\n|teamsize|p2|6\n|gen|9\n|tier|[Gen 9] Anything Goes\n|rated|\n|rule|HP Percentage Mod: HP is shown in percentages\n|rule|Endless Battle Clause: Forcing endless battles is banned\n|clearpoke\n|poke|p1|Calyrex-Shadow|\n|poke|p1|Kyogre|\n|poke|p1|Miraidon|\n|poke|p1|Corviknight, F|\n|poke|p1|Urshifu-*, F|\n|poke|p1|Arceus|\n|poke|p2|Zacian-*|\n|poke|p2|Calyrex-Shadow|\n|poke|p2|Miraidon|\n|poke|p2|Kyogre|\n|poke|p2|Darkrai|\n|poke|p2|Clefable, F|\n|teampreview\n|inactive|Battle timer is ON: inactive players will automatically lose when time's up. (requested by thatguyplayingpoke)\n|\n|t:|1698326097\n|start\n|switch|p1a: dead horse op|Calyrex-Shadow|100\/100\n|switch|p2a: Clefable|Clefable, F|100\/100\n|-ability|p1a: dead horse op|As One\n|-ability|p1a: dead horse op|Unnerve\n|turn|1\n|\n|t:|1698326118\n|switch|p2a: Kyogre|Kyogre|100\/100\n|-weather|RainDance|[from] ability: Drizzle|[of] p2a: Kyogre\n|move|p1a: dead horse op|Astral Barrage|p2a: Kyogre\n|-damage|p2a: Kyogre|42\/100\n|\n|-weather|RainDance|[upkeep]\n|-heal|p2a: Kyogre|49\/100|[from] item: Leftovers\n|upkeep\n|turn|2\n|\n|t:|1698326128\n|move|p1a: dead horse op|Astral Barrage|p2a: Kyogre\n|-damage|p2a: Kyogre|0 fnt\n|faint|p2a: Kyogre\n|-ability|p1a: dead horse op|Grim Neigh|boost\n|-boost|p1a: dead horse op|spa|1\n|\n|-weather|RainDance|[upkeep]\n|upkeep\n|\n|t:|1698326136\n|switch|p2a: Darkrai|Darkrai|100\/100\n|turn|3\n|\n|t:|1698326140\n|move|p1a: dead horse op|Draining Kiss|p2a: Darkrai\n|-supereffective|p2a: Darkrai\n|-damage|p2a: Darkrai|18\/100\n|move|p2a: Darkrai|Dark Pulse|p1a: dead horse op\n|-supereffective|p1a: dead horse op\n|-enditem|p1a: dead horse op|Focus Sash\n|-damage|p1a: dead horse op|1\/100\n|-damage|p2a: Darkrai|8\/100|[from] item: Life Orb\n|\n|-weather|RainDance|[upkeep]\n|upkeep\n|turn|4\n|\n|t:|1698326149\n|move|p1a: dead horse op|Astral Barrage|p2a: Darkrai\n|-resisted|p2a: Darkrai\n|-damage|p2a: Darkrai|0 fnt\n|faint|p2a: Darkrai\n|-ability|p1a: dead horse op|Grim Neigh|boost\n|-boost|p1a: dead horse op|spa|1\n|\n|-weather|RainDance|[upkeep]\n|upkeep\n|\n|t:|1698326157\n|switch|p2a: Miraidon|Miraidon|100\/100\n|-fieldstart|move: Electric Terrain|[from] ability: Hadron Engine|[of] p2a: Miraidon\n|turn|5\n|\n|t:|1698326162\n|move|p1a: dead horse op|Astral Barrage|p2a: Miraidon\n|-enditem|p2a: Miraidon|Focus Sash\n|-damage|p2a: Miraidon|1\/100\n|move|p2a: Miraidon|Dazzling Gleam|p1a: dead horse op\n|-damage|p1a: dead horse op|0 fnt\n|faint|p1a: dead horse op\n|\n|-weather|none\n|upkeep\n|\n|t:|1698326170\n|switch|p1a: calyrex counter|Arceus|100\/100\n|turn|6\n|\n|t:|1698326176\n|move|p1a: calyrex counter|Extreme Speed|p2a: Miraidon\n|-crit|p2a: Miraidon\n|-damage|p2a: Miraidon|0 fnt\n|faint|p2a: Miraidon\n|\n|upkeep\n|\n|t:|1698326181\n|switch|p2a: Clefable|Clefable, F|100\/100\n|turn|7\n|\n|t:|1698326186\n|move|p1a: calyrex counter|Extreme Speed|p2a: Clefable\n|-damage|p2a: Clefable|54\/100\n|move|p2a: Clefable|Calm Mind|p2a: Clefable\n|-boost|p2a: Clefable|spa|1\n|-boost|p2a: Clefable|spd|1\n|\n|-heal|p2a: Clefable|60\/100|[from] item: Leftovers\n|upkeep\n|turn|8\n|\n|t:|1698326197\n|move|p1a: calyrex counter|Swords Dance|p1a: calyrex counter\n|-boost|p1a: calyrex counter|atk|2\n|move|p2a: Clefable|Baton Pass|p2a: Clefable\n|\n|t:|1698326201\n|switch|p2a: Calyrex|Calyrex-Shadow|100\/100|[from] Baton Pass\n|-ability|p2a: Calyrex|As One\n|-ability|p2a: Calyrex|Unnerve\n|\n|upkeep\n|turn|9\n|\n|t:|1698326212\n|move|p2a: Calyrex|Dark Pulse|p1a: calyrex counter\n|-damage|p1a: calyrex counter|63\/100\n|cant|p1a: calyrex counter|flinch\n|\n|-heal|p1a: calyrex counter|69\/100|[from] item: Leftovers\n|-fieldend|move: Electric Terrain\n|upkeep\n|turn|10\n|\n|t:|1698326219\n|move|p2a: Calyrex|Dark Pulse|p1a: calyrex counter\n|-damage|p1a: calyrex counter|34\/100\n|move|p1a: calyrex counter|Recover|p1a: calyrex counter\n|-heal|p1a: calyrex counter|84\/100\n|\n|-heal|p1a: calyrex counter|90\/100|[from] item: Leftovers\n|upkeep\n|turn|11\n|\n|t:|1698326226\n|move|p2a: Calyrex|Dark Pulse|p1a: calyrex counter\n|-damage|p1a: calyrex counter|55\/100\n|cant|p1a: calyrex counter|flinch\n|\n|-heal|p1a: calyrex counter|61\/100|[from] item: Leftovers\n|upkeep\n|turn|12\n|\n|t:|1698326232\n|move|p2a: Calyrex|Dark Pulse|p1a: calyrex counter\n|-damage|p1a: calyrex counter|30\/100\n|cant|p1a: calyrex counter|flinch\n|\n|-heal|p1a: calyrex counter|36\/100|[from] item: Leftovers\n|upkeep\n|turn|13\n|\n|t:|1698326239\n|move|p2a: Calyrex|Dark Pulse|p1a: calyrex counter\n|-damage|p1a: calyrex counter|4\/100\n|move|p1a: calyrex counter|Recover|p1a: calyrex counter\n|-heal|p1a: calyrex counter|54\/100\n|\n|-heal|p1a: calyrex counter|60\/100|[from] item: Leftovers\n|upkeep\n|turn|14\n|\n|t:|1698326246\n|move|p2a: Calyrex|Dark Pulse|p1a: calyrex counter\n|-damage|p1a: calyrex counter|24\/100\n|cant|p1a: calyrex counter|flinch\n|\n|-heal|p1a: calyrex counter|30\/100|[from] item: Leftovers\n|upkeep\n|turn|15\n|\n|t:|1698326253\n|move|p2a: Calyrex|Dark Pulse|p1a: calyrex counter\n|-damage|p1a: calyrex counter|0 fnt\n|faint|p1a: calyrex counter\n|-ability|p2a: Calyrex|Grim Neigh|boost\n|-boost|p2a: Calyrex|spa|1\n|\n|upkeep\n|\n|t:|1698326260\n|switch|p1a: angry monkey|Urshifu, F|100\/100\n|turn|16\n|\n|t:|1698326265\n|switch|p2a: Clefable|Clefable, F|60\/100\n|move|p1a: angry monkey|Wicked Blow|p2a: Clefable\n|-resisted|p2a: Clefable\n|-crit|p2a: Clefable\n|-damage|p2a: Clefable|22\/100\n|-damage|p1a: angry monkey|91\/100|[from] item: Life Orb\n|\n|-heal|p2a: Clefable|28\/100|[from] item: Leftovers\n|upkeep\n|turn|17\n|\n|t:|1698326276\n|move|p1a: angry monkey|Wicked Blow|p2a: Clefable\n|-resisted|p2a: Clefable\n|-crit|p2a: Clefable\n|-damage|p2a: Clefable|0 fnt\n|faint|p2a: Clefable\n|-damage|p1a: angry monkey|81\/100|[from] item: Life Orb\n|\n|upkeep\n|\n|t:|1698326283\n|switch|p2a: Zacian|Zacian-Crowned|100\/100\n|-ability|p2a: Zacian|Intrepid Sword|boost\n|-boost|p2a: Zacian|atk|1\n|turn|18\n|\n|t:|1698326291\n|switch|p1a: how do you fly?|Corviknight, F|100\/100\n|-ability|p1a: how do you fly?|Pressure\n|move|p2a: Zacian|Moonblast|p1a: how do you fly?\n|-resisted|p1a: how do you fly?\n|-damage|p1a: how do you fly?|87\/100\n|-unboost|p1a: how do you fly?|spa|1\n|\n|-heal|p1a: how do you fly?|93\/100|[from] item: Leftovers\n|upkeep\n|turn|19\n|\n|t:|1698326304\n|move|p2a: Zacian|Behemoth Blade|p1a: how do you fly?\n|-resisted|p1a: how do you fly?\n|-damage|p1a: how do you fly?|61\/100\n|move|p1a: how do you fly?|Iron Defense|p1a: how do you fly?\n|-boost|p1a: how do you fly?|def|2\n|\n|-heal|p1a: how do you fly?|68\/100|[from] item: Leftovers\n|upkeep\n|turn|20\n|c|\u2606thatguyplayingpoke|special zacian why tho?\n|\n|t:|1698326316\n|move|p2a: Zacian|Sacred Sword|p1a: how do you fly?\n|-damage|p1a: how do you fly?|27\/100\n|move|p1a: how do you fly?|Iron Defense|p1a: how do you fly?\n|-boost|p1a: how do you fly?|def|2\n|\n|-heal|p1a: how do you fly?|33\/100|[from] item: Leftovers\n|upkeep\n|turn|21\n|\n|t:|1698326331\n|-terastallize|p1a: how do you fly?|Dragon\n|move|p2a: Zacian|Sacred Sword|p1a: how do you fly?\n|-damage|p1a: how do you fly?|0 fnt\n|faint|p1a: how do you fly?\n|\n|upkeep\n|\n|t:|1698326339\n|switch|p1a: big fat blue whale|Kyogre|100\/100\n|-weather|RainDance|[from] ability: Drizzle|[of] p1a: big fat blue whale\n|turn|22\n|\n|t:|1698326344\n|move|p2a: Zacian|Sacred Sword|p1a: big fat blue whale\n|-damage|p1a: big fat blue whale|52\/100\n|move|p1a: big fat blue whale|Thunder|p2a: Zacian\n|-damage|p2a: Zacian|57\/100\n|\n|-weather|RainDance|[upkeep]\n|upkeep\n|turn|23\n|\n|t:|1698326352\n|move|p2a: Zacian|Sacred Sword|p1a: big fat blue whale\n|-damage|p1a: big fat blue whale|7\/100\n|move|p1a: big fat blue whale|Thunder|p2a: Zacian\n|-damage|p2a: Zacian|10\/100\n|\n|-weather|RainDance|[upkeep]\n|upkeep\n|turn|24\n|\n|t:|1698326360\n|move|p2a: Zacian|Moonblast|p1a: big fat blue whale\n|-damage|p1a: big fat blue whale|0 fnt\n|faint|p1a: big fat blue whale\n|\n|-weather|RainDance|[upkeep]\n|upkeep\n|\n|t:|1698326366\n|switch|p1a: angry monkey|Urshifu, F|81\/100\n|turn|25\n|\n|t:|1698326369\n|move|p2a: Zacian|Sacred Sword|p1a: angry monkey\n|-supereffective|p1a: angry monkey\n|-damage|p1a: angry monkey|0 fnt\n|faint|p1a: angry monkey\n|\n|-weather|RainDance|[upkeep]\n|upkeep\n|\n|t:|1698326373\n|switch|p1a: electro dragooon|Miraidon|100\/100\n|-fieldstart|move: Electric Terrain|[from] ability: Hadron Engine|[of] p1a: electro dragooon\n|turn|26\n|\n|t:|1698326379\n|move|p2a: Zacian|Behemoth Blade|p1a: electro dragooon\n|-resisted|p1a: electro dragooon\n|-damage|p1a: electro dragooon|58\/100\n|move|p1a: electro dragooon|Electro Drift|p2a: Zacian\n|-damage|p2a: Zacian|0 fnt\n|faint|p2a: Zacian\n|\n|-weather|none\n|upkeep\n|\n|t:|1698326387\n|switch|p2a: Calyrex|Calyrex-Shadow|100\/100\n|-ability|p2a: Calyrex|As One\n|-ability|p2a: Calyrex|Unnerve\n|turn|27\n|\n|t:|1698326394\n|-terastallize|p2a: Calyrex|Bug\n|move|p2a: Calyrex|Astral Barrage|p1a: electro dragooon\n|-damage|p1a: electro dragooon|0 fnt\n|faint|p1a: electro dragooon\n|\n|win|2937sentia.in\n|raw|thatguyplayingpoke's rating: 1537 &rarr; <strong>1510<\/strong><br \/>(-27 for losing)\n|raw|2937sentia.in's rating: 1409 &rarr; <strong>1436<\/strong><br \/>(+27 for winning)\n|l|\u2606thatguyplayingpoke\n","uploadtime":1698326406,"views":9,"p1id":"thatguyplayingpoke","p2id":"2937sentiain","formatid":"gen9anythinggoes","rating":1436,"private":0,"password":""}