{"id":"gen9anythinggoes-1983344018","p1":"sun.pdf","p2":"Pirate_Sour","format":"[Gen 9] Anything Goes","log":"|j|\u2606sun.pdf\n|j|\u2606Pirate_Sour\n|t:|1699120290\n|gametype|singles\n|player|p1|sun.pdf|serena-masters|\n|player|p2|Pirate_Sour|lenora|\n|teamsize|p1|6\n|teamsize|p2|6\n|gen|9\n|tier|[Gen 9] Anything Goes\n|rule|HP Percentage Mod: HP is shown in percentages\n|rule|Endless Battle Clause: Forcing endless battles is banned\n|clearpoke\n|poke|p1|Flareon, F|\n|poke|p1|Jolteon, M|\n|poke|p1|Leafeon, F|\n|poke|p1|Glaceon, F|\n|poke|p1|Umbreon, M|\n|poke|p1|Sylveon, M|\n|poke|p2|Samurott-Hisui, M|\n|poke|p2|Garchomp, M|\n|poke|p2|Glaceon, F|\n|poke|p2|Scizor, F|\n|poke|p2|Decidueye-Hisui, M|\n|poke|p2|Oricorio-Sensu, M|\n|teampreview\n|inactive|Battle timer is ON: inactive players will automatically lose when time's up. (requested by sun.pdf)\n|c|\u2606Pirate_Sour|Why do I exist when all that await for me in this world is pain and torture\n|\n|t:|1699120309\n|start\n|switch|p1a: Luna|Umbreon, M|100\/100\n|switch|p2a: Green Yusuke P5|Decidueye-Hisui, M, shiny|100\/100\n|turn|1\n|c|\u2606sun.pdf|bro you good???\n|c|\u2606Pirate_Sour|Eveelutions only exist to kill human joy\n|c|\u2606sun.pdf|nuh uh\n|c|\u2606Pirate_Sour|You are a harbinger of hatred\n|\n|t:|1699120328\n|move|p1a: Luna|Sunny Day|p1a: Luna\n|-weather|SunnyDay\n|move|p2a: Green Yusuke P5|Swords Dance|p2a: Green Yusuke P5\n|-boost|p2a: Green Yusuke P5|atk|2\n|\n|-weather|SunnyDay|[upkeep]\n|upkeep\n|turn|2\n|\n|t:|1699120335\n|switch|p1a: Ember|Flareon, F|100\/100\n|-terastallize|p2a: Green Yusuke P5|Fighting\n|move|p2a: Green Yusuke P5|Swords Dance|p2a: Green Yusuke P5\n|-boost|p2a: Green Yusuke P5|atk|2\n|\n|-weather|SunnyDay|[upkeep]\n|upkeep\n|turn|3\n|\n|t:|1699120343\n|move|p1a: Ember|Will-O-Wisp|p2a: Green Yusuke P5\n|-status|p2a: Green Yusuke P5|brn\n|move|p2a: Green Yusuke P5|Triple Arrows|p1a: Ember\n|-damage|p1a: Ember|0 fnt\n|faint|p1a: Ember\n|\n|-weather|SunnyDay|[upkeep]\n|-damage|p2a: Green Yusuke P5|94\/100 brn|[from] brn\n|upkeep\n|\n|t:|1699120356\n|switch|p1a: Supersonic|Jolteon, M|100\/100\n|turn|4\n|\n|t:|1699120380\n|move|p1a: Supersonic|Volt Switch|p2a: Green Yusuke P5\n|-damage|p2a: Green Yusuke P5|64\/100 brn\n|\n|t:|1699120386\n|switch|p1a: Luna|Umbreon, M|100\/100|[from] Volt Switch\n|move|p2a: Green Yusuke P5|Triple Arrows|p1a: Luna\n|-supereffective|p1a: Luna\n|-damage|p1a: Luna|0 fnt\n|faint|p1a: Luna\n|\n|-weather|SunnyDay|[upkeep]\n|-damage|p2a: Green Yusuke P5|58\/100 brn|[from] brn\n|upkeep\n|\n|t:|1699120395\n|switch|p1a: Blossom|Sylveon, M|100\/100\n|turn|5\n|-activate|p2a: Green Yusuke P5|item: Quick Claw\n|\n|t:|1699120404\n|move|p2a: Green Yusuke P5|Dual Wingbeat|p1a: Blossom|[miss]\n|-miss|p2a: Green Yusuke P5|p1a: Blossom\n|move|p1a: Blossom|Hyper Voice|p2a: Green Yusuke P5\n|-supereffective|p2a: Green Yusuke P5\n|-damage|p2a: Green Yusuke P5|0 fnt\n|faint|p2a: Green Yusuke P5\n|\n|-weather|SunnyDay|[upkeep]\n|upkeep\n|c|\u2606sun.pdf|god bless\n|n|\u203dPirate_Sour|piratesour\n|inactive|Pirate_Sour has 270 seconds left.\n|\n|t:|1699120452\n|switch|p2a: Ambattakum|Scizor, F|100\/100\n|turn|6\n|\n|t:|1699120459\n|move|p2a: Ambattakum|Bullet Punch|p1a: Blossom\n|-supereffective|p1a: Blossom\n|-damage|p1a: Blossom|0 fnt\n|faint|p1a: Blossom\n|-damage|p2a: Ambattakum|91\/100|[from] item: Life Orb\n|\n|-weather|SunnyDay|[upkeep]\n|upkeep\n|\n|t:|1699120469\n|switch|p1a: April|Leafeon, F|100\/100\n|turn|7\n|inactive|Pirate_Sour has 270 seconds left.\n|\n|t:|1699120495\n|move|p1a: April|Solar Blade||[still]\n|-prepare|p1a: April|Solar Blade\n|-anim|p1a: April|Solar Blade|p2a: Ambattakum\n|-resisted|p2a: Ambattakum\n|-damage|p2a: Ambattakum|71\/100\n|move|p2a: Ambattakum|Pounce|p1a: April\n|-supereffective|p1a: April\n|-damage|p1a: April|0 fnt\n|faint|p1a: April\n|-damage|p2a: Ambattakum|61\/100|[from] item: Life Orb\n|\n|-weather|SunnyDay|[upkeep]\n|upkeep\n|\n|t:|1699120510\n|switch|p1a: Supersonic|Jolteon, M|100\/100\n|turn|8\n|\n|t:|1699120520\n|move|p1a: Supersonic|Volt Switch|p2a: Ambattakum\n|-damage|p2a: Ambattakum|24\/100\n|\n|t:|1699120523\n|switch|p1a: Slush|Glaceon, F|100\/100|[from] Volt Switch\n|move|p2a: Ambattakum|Pounce|p1a: Slush\n|-damage|p1a: Slush|37\/100\n|-unboost|p1a: Slush|spe|1\n|-damage|p2a: Ambattakum|14\/100|[from] item: Life Orb\n|\n|-weather|none\n|-heal|p1a: Slush|43\/100|[from] item: Leftovers\n|upkeep\n|turn|9\n|\n|t:|1699120533\n|move|p2a: Ambattakum|Bullet Punch|p1a: Slush\n|-supereffective|p1a: Slush\n|-damage|p1a: Slush|0 fnt\n|faint|p1a: Slush\n|-damage|p2a: Ambattakum|4\/100|[from] item: Life Orb\n|\n|upkeep\n|\n|t:|1699120538\n|switch|p1a: Supersonic|Jolteon, M|100\/100\n|turn|10\n|\n|t:|1699120543\n|move|p2a: Ambattakum|Bullet Punch|p1a: Supersonic\n|-resisted|p1a: Supersonic\n|-damage|p1a: Supersonic|70\/100\n|-damage|p2a: Ambattakum|0 fnt|[from] item: Life Orb\n|faint|p2a: Ambattakum\n|move|p1a: Supersonic|Electro Ball|p2: Ambattakum|[notarget]\n|-fail|p1a: Supersonic\n|\n|upkeep\n|\n|t:|1699120551\n|switch|p2a: Po|Oricorio-Sensu, M, shiny|100\/100\n|turn|11\n|\n|t:|1699120558\n|-terastallize|p1a: Supersonic|Electric\n|move|p1a: Supersonic|Volt Switch|p2a: Po\n|-supereffective|p2a: Po\n|-damage|p2a: Po|0 fnt\n|faint|p2a: Po\n|\n|upkeep\n|\n|t:|1699120562\n|switch|p2a: ACE|Glaceon, F, shiny|100\/100\n|turn|12\n|\n|t:|1699120567\n|move|p1a: Supersonic|Volt Switch|p2a: ACE\n|-damage|p2a: ACE|57\/100\n|move|p2a: ACE|Freeze-Dry|p1a: Supersonic\n|-damage|p1a: Supersonic|38\/100\n|\n|-heal|p2a: ACE|63\/100|[from] item: Leftovers\n|upkeep\n|turn|13\n|\n|t:|1699120574\n|move|p1a: Supersonic|Electro Ball|p2a: ACE\n|-damage|p2a: ACE|6\/100\n|move|p2a: ACE|Blizzard|p1a: Supersonic\n|-damage|p1a: Supersonic|0 fnt\n|faint|p1a: Supersonic\n|\n|win|Pirate_Sour\n","uploadtime":1699120417,"views":4,"p1id":"sunpdf","p2id":"piratesour","formatid":"gen9anythinggoes","rating":0,"private":0,"password":""}