{"id":"gen9anythinggoes-1980896758","p1":"drdoomhehe","p2":"Assault Lady","format":"[Gen 9] Anything Goes","log":"|j|\u2606drdoomhehe\n|j|\u2606Assault Lady\n|t:|1698846950\n|gametype|singles\n|player|p1|drdoomhehe|unknown|1199\n|player|p2|Assault Lady|klara|1162\n|teamsize|p1|6\n|teamsize|p2|6\n|gen|9\n|tier|[Gen 9] Anything Goes\n|rated|\n|rule|HP Percentage Mod: HP is shown in percentages\n|rule|Endless Battle Clause: Forcing endless battles is banned\n|clearpoke\n|poke|p1|Flutter Mane|\n|poke|p1|Koraidon|\n|poke|p1|Calyrex-Ice|\n|poke|p1|Pawmot, M|\n|poke|p1|Glalie, F|\n|poke|p1|Ting-Lu|\n|poke|p2|Calyrex-Shadow|\n|poke|p2|Miraidon|\n|poke|p2|Miraidon|\n|poke|p2|Miraidon|\n|poke|p2|Miraidon|\n|poke|p2|Koraidon|\n|teampreview\n|inactive|Battle timer is ON: inactive players will automatically lose when time's up. (requested by Assault Lady)\n|\n|t:|1698846961\n|start\n|switch|p1a: God|Glalie, F, shiny|100\/100\n|switch|p2a: Miraidon|Miraidon|100\/100\n|-fieldstart|move: Electric Terrain|[from] ability: Hadron Engine|[of] p2a: Miraidon\n|turn|1\n|\n|t:|1698846975\n|move|p1a: God|Protect|p1a: God\n|-singleturn|p1a: God|Protect\n|move|p2a: Miraidon|Electro Drift|p1a: God\n|-activate|p1a: God|move: Protect\n|\n|-ability|p1a: God|Moody|boost\n|-boost|p1a: God|spd|2\n|-unboost|p1a: God|spa|1\n|upkeep\n|turn|2\n|\n|t:|1698846996\n|move|p2a: Miraidon|Electro Drift|p1a: God\n|-damage|p1a: God|35\/100\n|move|p1a: God|Substitute|p1a: God\n|-start|p1a: God|Substitute\n|-damage|p1a: God|10\/100\n|\n|-heal|p1a: God|16\/100|[from] item: Leftovers\n|-ability|p1a: God|Moody|boost\n|-boost|p1a: God|spd|2\n|-unboost|p1a: God|spe|1\n|upkeep\n|turn|3\n|\n|t:|1698847006\n|move|p1a: God|Protect|p1a: God\n|-singleturn|p1a: God|Protect\n|move|p2a: Miraidon|Electro Drift|p1a: God\n|-activate|p1a: God|move: Protect\n|\n|-heal|p1a: God|22\/100|[from] item: Leftovers\n|-ability|p1a: God|Moody|boost\n|-boost|p1a: God|spd|2\n|-unboost|p1a: God|atk|1\n|upkeep\n|turn|4\n|\n|t:|1698847017\n|move|p2a: Miraidon|Electro Drift|p1a: God\n|-end|p1a: God|Substitute\n|move|p1a: God|Disable|p2a: Miraidon\n|-start|p2a: Miraidon|Disable|Electro Drift\n|\n|-heal|p1a: God|28\/100|[from] item: Leftovers\n|-ability|p1a: God|Moody|boost\n|-boost|p1a: God|spa|2\n|-unboost|p1a: God|def|1\n|upkeep\n|turn|5\n|\n|t:|1698847029\n|move|p1a: God|Protect|p1a: God\n|-singleturn|p1a: God|Protect\n|move|p2a: Miraidon|Draco Meteor|p1a: God\n|-activate|p1a: God|move: Protect\n|\n|-heal|p1a: God|34\/100|[from] item: Leftovers\n|-fieldend|move: Electric Terrain\n|-ability|p1a: God|Moody|boost\n|-boost|p1a: God|spa|2\n|-unboost|p1a: God|spd|1\n|upkeep\n|turn|6\n|\n|t:|1698847045\n|move|p2a: Miraidon|Taunt|p1a: God\n|-start|p1a: God|move: Taunt\n|cant|p1a: God|move: Taunt|Disable\n|\n|-heal|p1a: God|40\/100|[from] item: Leftovers\n|-ability|p1a: God|Moody|boost\n|-boost|p1a: God|spd|1\n|-unboost|p1a: God|atk|1\n|upkeep\n|turn|7\n|\n|t:|1698847056\n|move|p2a: Miraidon|Draco Meteor|p1a: God\n|-damage|p1a: God|17\/100\n|-unboost|p2a: Miraidon|spa|2\n|move|p1a: God|Freeze-Dry|p2a: Miraidon\n|-supereffective|p2a: Miraidon\n|-crit|p2a: Miraidon\n|-enditem|p2a: Miraidon|Focus Sash\n|-damage|p2a: Miraidon|1\/100\n|\n|-heal|p1a: God|23\/100|[from] item: Leftovers\n|-ability|p1a: God|Moody|boost\n|-boost|p1a: God|atk|2\n|-unboost|p1a: God|def|1\n|upkeep\n|turn|8\n|\n|t:|1698847079\n|switch|p1a: The Bulk|Ting-Lu|100\/100\n|-ability|p1a: The Bulk|Vessel of Ruin\n|move|p2a: Miraidon|Draco Meteor|p1a: The Bulk\n|-damage|p1a: The Bulk|89\/100\n|-unboost|p2a: Miraidon|spa|2\n|\n|-end|p2a: Miraidon|Disable\n|upkeep\n|turn|9\n|\n|t:|1698847089\n|move|p2a: Miraidon|Taunt|p1a: The Bulk\n|-start|p1a: The Bulk|move: Taunt\n|move|p1a: The Bulk|Heavy Slam|p2a: Miraidon\n|-resisted|p2a: Miraidon\n|-damage|p2a: Miraidon|0 fnt\n|faint|p2a: Miraidon\n|\n|upkeep\n|\n|t:|1698847096\n|switch|p2a: Koraidon|Koraidon|100\/100\n|-weather|SunnyDay|[from] ability: Orichalcum Pulse|[of] p2a: Koraidon\n|-activate|p2a: Koraidon|Orichalcum Pulse|[source]\n|turn|10\n|\n|t:|1698847103\n|move|p2a: Koraidon|Collision Course|p1a: The Bulk\n|-supereffective|p1a: The Bulk\n|-damage|p1a: The Bulk|0 fnt\n|faint|p1a: The Bulk\n|\n|-weather|SunnyDay|[upkeep]\n|upkeep\n|\n|t:|1698847113\n|switch|p1a: Flutter Mane|Flutter Mane|100\/100\n|-activate|p1a: Flutter Mane|ability: Protosynthesis\n|-start|p1a: Flutter Mane|protosynthesisspe\n|turn|11\n|\n|t:|1698847123\n|switch|p2a: Calyrex|Calyrex-Shadow|100\/100\n|-ability|p2a: Calyrex|As One\n|-ability|p2a: Calyrex|Unnerve\n|move|p1a: Flutter Mane|Moonblast|p2a: Calyrex\n|-damage|p2a: Calyrex|59\/100\n|\n|-weather|SunnyDay|[upkeep]\n|upkeep\n|turn|12\n|\n|t:|1698847143\n|move|p2a: Calyrex|Astral Barrage|p1a: Flutter Mane\n|-supereffective|p1a: Flutter Mane\n|-damage|p1a: Flutter Mane|0 fnt\n|faint|p1a: Flutter Mane\n|-end|p1a: Flutter Mane|Protosynthesis|[silent]\n|-ability|p2a: Calyrex|Grim Neigh|boost\n|-boost|p2a: Calyrex|spa|1\n|\n|-weather|SunnyDay|[upkeep]\n|upkeep\n|\n|t:|1698847160\n|switch|p1a: Pawmot|Pawmot, M|100\/100\n|turn|13\n|\n|t:|1698847163\n|move|p2a: Calyrex|Astral Barrage|p1a: Pawmot\n|-enditem|p1a: Pawmot|Focus Sash\n|-damage|p1a: Pawmot|1\/100\n|move|p1a: Pawmot|Revival Blessing|p1a: Pawmot\n|\n|t:|1698847170\n|-heal|p1: Flutter Mane|50\/100|[from] move: Revival Blessing\n|\n|-weather|SunnyDay|[upkeep]\n|upkeep\n|turn|14\n|\n|t:|1698847176\n|move|p2a: Calyrex|Astral Barrage|p1a: Pawmot\n|-damage|p1a: Pawmot|0 fnt\n|faint|p1a: Pawmot\n|-ability|p2a: Calyrex|Grim Neigh|boost\n|-boost|p2a: Calyrex|spa|1\n|\n|-weather|none\n|upkeep\n|\n|t:|1698847192\n|switch|p1a: God|Glalie, F, shiny|23\/100\n|turn|15\n|\n|t:|1698847195\n|move|p1a: God|Protect|p1a: God\n|-singleturn|p1a: God|Protect\n|move|p2a: Calyrex|Astral Barrage|p1a: God\n|-activate|p1a: God|move: Protect\n|\n|-heal|p1a: God|29\/100|[from] item: Leftovers\n|-ability|p1a: God|Moody|boost\n|-boost|p1a: God|spa|2\n|-unboost|p1a: God|spe|1\n|upkeep\n|turn|16\n|\n|t:|1698847208\n|move|p1a: God|Protect|p1a: God\n|-singleturn|p1a: God|Protect\n|move|p2a: Calyrex|Astral Barrage|p1a: God\n|-activate|p1a: God|move: Protect\n|\n|-heal|p1a: God|35\/100|[from] item: Leftovers\n|-ability|p1a: God|Moody|boost\n|-boost|p1a: God|spd|2\n|-unboost|p1a: God|atk|1\n|upkeep\n|turn|17\n|\n|t:|1698847219\n|move|p2a: Calyrex|Astral Barrage|p1a: God\n|-damage|p1a: God|0 fnt\n|faint|p1a: God\n|-ability|p2a: Calyrex|Grim Neigh|boost\n|-boost|p2a: Calyrex|spa|1\n|\n|upkeep\n|-message|drdoomhehe forfeited.\n|\n|win|Assault Lady\n|raw|drdoomhehe's rating: 1199 &rarr; <strong>1171<\/strong><br \/>(-28 for losing)\n|raw|Assault Lady's rating: 1162 &rarr; <strong>1190<\/strong><br \/>(+28 for winning)\n|l|\u2606drdoomhehe\n","uploadtime":1698847227,"views":8,"p1id":"drdoomhehe","p2id":"assaultlady","formatid":"gen9anythinggoes","rating":1171,"private":0,"password":""}