{"id":"gen9anythinggoes-1975770054","p1":"Swager9999","p2":"ospina2301","format":"[Gen 9] Anything Goes","log":"|j|\u2606Swager9999\n|j|\u2606ospina2301\n|t:|1698236138\n|gametype|singles\n|player|p1|Swager9999|giovanni|1286\n|player|p2|ospina2301|gambler|1192\n|teamsize|p1|6\n|teamsize|p2|6\n|gen|9\n|tier|[Gen 9] Anything Goes\n|rated|\n|rule|HP Percentage Mod: HP is shown in percentages\n|rule|Endless Battle Clause: Forcing endless battles is banned\n|clearpoke\n|poke|p1|Palafin, M|\n|poke|p1|Kingambit, M|\n|poke|p1|Gholdengo|\n|poke|p1|Gliscor, M|\n|poke|p1|Corviknight, F|\n|poke|p1|Clodsire, M|\n|poke|p2|Scizor, M|\n|poke|p2|Tyranitar, M|\n|poke|p2|Volcarona, F|\n|poke|p2|Hydreigon, M|\n|poke|p2|Drifblim, M|\n|poke|p2|Chansey, F|\n|teampreview\n|\n|t:|1698236149\n|start\n|switch|p1a: Palafin|Palafin, M|100\/100\n|switch|p2a: Chansey|Chansey, F|100\/100\n|turn|1\n|\n|t:|1698236155\n|move|p1a: Palafin|Flip Turn|p2a: Chansey\n|-damage|p2a: Chansey|86\/100\n|inactive|Battle timer is ON: inactive players will automatically lose when time's up. (requested by ospina2301)\n|\n|t:|1698236170\n|detailschange|p1a: Palafin|Palafin-Hero, M\n|switch|p1a: Clodsire|Clodsire, M|100\/100|[from] Flip Turn\n|move|p2a: Chansey|Thunder Wave|p1a: Clodsire\n|-immune|p1a: Clodsire\n|\n|upkeep\n|turn|2\n|\n|t:|1698236178\n|move|p2a: Chansey|Stealth Rock|p1a: Clodsire\n|-sidestart|p1: Swager9999|move: Stealth Rock\n|move|p1a: Clodsire|Stockpile|p1a: Clodsire\n|-start|p1a: Clodsire|stockpile1\n|-boost|p1a: Clodsire|def|1\n|-boost|p1a: Clodsire|spd|1\n|\n|upkeep\n|turn|3\n|\n|t:|1698236187\n|move|p2a: Chansey|Seismic Toss|p1a: Clodsire\n|-damage|p1a: Clodsire|79\/100\n|move|p1a: Clodsire|Stockpile|p1a: Clodsire\n|-start|p1a: Clodsire|stockpile2\n|-boost|p1a: Clodsire|def|1\n|-boost|p1a: Clodsire|spd|1\n|\n|-heal|p1a: Clodsire|85\/100|[from] item: Leftovers\n|upkeep\n|turn|4\n|\n|t:|1698236196\n|switch|p2a: Drifblim|Drifblim, M|100\/100\n|move|p1a: Clodsire|Stockpile|p1a: Clodsire\n|-start|p1a: Clodsire|stockpile3\n|-boost|p1a: Clodsire|def|1\n|-boost|p1a: Clodsire|spd|1\n|\n|-heal|p1a: Clodsire|91\/100|[from] item: Leftovers\n|upkeep\n|turn|5\n|\n|t:|1698236205\n|-terastallize|p1a: Clodsire|Water\n|move|p2a: Drifblim|Haze|p2a: Drifblim\n|-clearallboost\n|move|p1a: Clodsire|Stone Edge|p2a: Drifblim\n|-supereffective|p2a: Drifblim\n|-damage|p2a: Drifblim|50\/100\n|-enditem|p2a: Drifblim|Sitrus Berry|[eat]\n|-heal|p2a: Drifblim|75\/100|[from] item: Sitrus Berry\n|\n|-heal|p1a: Clodsire|98\/100|[from] item: Leftovers\n|upkeep\n|turn|6\n|\n|t:|1698236219\n|move|p2a: Drifblim|Strength Sap|p1a: Clodsire\n|-unboost|p1a: Clodsire|atk|1\n|-heal|p2a: Drifblim|100\/100\n|move|p1a: Clodsire|Stone Edge|p2a: Drifblim\n|-supereffective|p2a: Drifblim\n|-damage|p2a: Drifblim|65\/100\n|\n|-heal|p1a: Clodsire|100\/100|[from] item: Leftovers\n|upkeep\n|turn|7\n|\n|t:|1698236238\n|switch|p1a: Corviknight|Corviknight, F|100\/100\n|-damage|p1a: Corviknight|88\/100|[from] Stealth Rock\n|-ability|p1a: Corviknight|Pressure\n|move|p2a: Drifblim|Strength Sap|p1a: Corviknight\n|-unboost|p1a: Corviknight|atk|1\n|-heal|p2a: Drifblim|100\/100\n|\n|upkeep\n|turn|8\n|inactive|ospina2301 has 120 seconds left.\n|c|\u2606ospina2301|!weak corviknight\n|c| ospina2301|\/raw <div class=\"infobox\">Corviknight (ignoring abilities):<br \/><span class=\"message-effect-weak\">Weaknesses<\/span>: Electric, Fire<br \/><span class=\"message-effect-resist\">Resistances<\/span>: <b>Bug<\/b>, Dragon, Fairy, Flying, <b>Grass<\/b>, Normal, Psychic, Steel<br \/><span class=\"message-effect-immune\">Immunities<\/span>: Ground, Poison, Sandstorm damage, Toxic<\/div>\n|\n|t:|1698236282\n|switch|p2a: Chansey|Chansey, F|86\/100\n|move|p1a: Corviknight|Defog|p2a: Chansey\n|-unboost|p2a: Chansey|evasion|1\n|-sideend|p1: Swager9999|Stealth Rock|[from] move: Defog|[of] p1a: Corviknight\n|\n|upkeep\n|turn|9\n|\n|t:|1698236292\n|switch|p1a: Gholdengo|Gholdengo|100\/100\n|move|p2a: Chansey|Thunder Wave|p1a: Gholdengo\n|-immune|p1a: Gholdengo|[from] ability: Good as Gold\n|\n|upkeep\n|turn|10\n|inactive|ospina2301 has 120 seconds left.\n|c|\u2606ospina2301|!weak gholdengo\n|c| ospina2301|\/raw <div class=\"infobox\">Gholdengo (ignoring abilities):<br \/><span class=\"message-effect-weak\">Weaknesses<\/span>: Dark, Fire, Ghost, Ground<br \/><span class=\"message-effect-resist\">Resistances<\/span>: <b>Bug<\/b>, Dragon, Fairy, Flying, Grass, Ice, Psychic, Rock, Steel<br \/><span class=\"message-effect-immune\">Immunities<\/span>: Fighting, Normal, Poison, Sandstorm damage, Toxic, Trapping<\/div>\n|\n|t:|1698236315\n|switch|p2a: Tyranitar|Tyranitar, M|100\/100\n|-weather|Sandstorm|[from] ability: Sand Stream|[of] p2a: Tyranitar\n|move|p1a: Gholdengo|Substitute|p1a: Gholdengo\n|-start|p1a: Gholdengo|Substitute\n|-damage|p1a: Gholdengo|75\/100\n|\n|-weather|Sandstorm|[upkeep]\n|upkeep\n|turn|11\n|\n|t:|1698236327\n|move|p2a: Tyranitar|Earthquake|p1a: Gholdengo\n|-supereffective|p1a: Gholdengo\n|-end|p1a: Gholdengo|Substitute\n|move|p1a: Gholdengo|Thunder Wave|p2a: Tyranitar\n|-status|p2a: Tyranitar|par\n|-enditem|p2a: Tyranitar|Lum Berry|[eat]\n|-curestatus|p2a: Tyranitar|par|[msg]\n|\n|-weather|Sandstorm|[upkeep]\n|upkeep\n|turn|12\n|\n|t:|1698236351\n|switch|p1a: Gliscor|Gliscor, M, shiny|100\/100\n|move|p2a: Tyranitar|Earthquake|p1a: Gliscor\n|-immune|p1a: Gliscor\n|\n|-weather|Sandstorm|[upkeep]\n|-status|p1a: Gliscor|tox|[from] item: Toxic Orb\n|upkeep\n|turn|13\n|c|\u2606ospina2301|!weak gliscor\n|c| ospina2301|\/raw <div class=\"infobox\">Gliscor (ignoring abilities):<br \/><span class=\"message-effect-weak\">Weaknesses<\/span>: <b>Ice<\/b>, Water<br \/><span class=\"message-effect-resist\">Resistances<\/span>: Bug, Fighting, Poison<br \/><span class=\"message-effect-immune\">Immunities<\/span>: Electric, Ground, Sandstorm damage<\/div>\n|\n|t:|1698236365\n|switch|p2a: Hydreigon|Hydreigon, M|100\/100\n|move|p1a: Gliscor|Stealth Rock|p2a: Hydreigon\n|-sidestart|p2: ospina2301|move: Stealth Rock\n|\n|-weather|Sandstorm|[upkeep]\n|-damage|p2a: Hydreigon|94\/100|[from] Sandstorm\n|upkeep\n|turn|14\n|\n|t:|1698236379\n|switch|p1a: Corviknight|Corviknight, F|88\/100\n|-ability|p1a: Corviknight|Pressure\n|move|p2a: Hydreigon|Hydro Pump|p1a: Corviknight\n|-damage|p1a: Corviknight|53\/100\n|\n|-weather|none\n|upkeep\n|turn|15\n|inactive|ospina2301 has 120 seconds left.\n|\n|t:|1698236398\n|switch|p2a: Chansey|Chansey, F|86\/100\n|-damage|p2a: Chansey|74\/100|[from] Stealth Rock\n|switch|p1a: Palafin|Palafin-Hero, M|100\/100\n|-activate|p1a: Palafin|ability: Zero to Hero\n|\n|upkeep\n|turn|16\n|inactive|ospina2301 has 120 seconds left.\n|\n|t:|1698236411\n|switch|p1a: Gliscor|Gliscor, M, shiny|100\/100 tox\n|move|p2a: Chansey|Stealth Rock|p1a: Gliscor\n|-sidestart|p1: Swager9999|move: Stealth Rock\n|\n|upkeep\n|turn|17\n|\n|t:|1698236417\n|move|p1a: Gliscor|Swords Dance|p1a: Gliscor\n|-boost|p1a: Gliscor|atk|2\n|move|p2a: Chansey|Soft-Boiled|p2a: Chansey\n|-heal|p2a: Chansey|100\/100\n|\n|upkeep\n|turn|18\n|\n|t:|1698236424\n|switch|p2a: Drifblim|Drifblim, M|100\/100\n|-damage|p2a: Drifblim|76\/100|[from] Stealth Rock\n|move|p1a: Gliscor|Swords Dance|p1a: Gliscor\n|-boost|p1a: Gliscor|atk|2\n|\n|upkeep\n|turn|19\n|\n|t:|1698236432\n|move|p1a: Gliscor|Crabhammer|p2a: Drifblim|[miss]\n|-miss|p1a: Gliscor|p2a: Drifblim\n|move|p2a: Drifblim|Haze|p2a: Drifblim\n|-clearallboost\n|\n|upkeep\n|turn|20\n|\n|t:|1698236443\n|move|p1a: Gliscor|Crabhammer|p2a: Drifblim\n|-damage|p2a: Drifblim|32\/100\n|move|p2a: Drifblim|Strength Sap|p1a: Gliscor\n|-unboost|p1a: Gliscor|atk|1\n|-heal|p2a: Drifblim|97\/100\n|\n|upkeep\n|turn|21\n|\n|t:|1698236453\n|switch|p1a: Corviknight|Corviknight, F|53\/100\n|-damage|p1a: Corviknight|41\/100|[from] Stealth Rock\n|-ability|p1a: Corviknight|Pressure\n|move|p2a: Drifblim|Strength Sap|p1a: Corviknight\n|-unboost|p1a: Corviknight|atk|1\n|-heal|p2a: Drifblim|100\/100\n|\n|upkeep\n|turn|22\n|\n|t:|1698236465\n|move|p2a: Drifblim|Air Slash|p1a: Corviknight\n|-resisted|p1a: Corviknight\n|-damage|p1a: Corviknight|24\/100\n|move|p1a: Corviknight|Defog|p2a: Drifblim\n|-unboost|p2a: Drifblim|evasion|1\n|-sideend|p2: ospina2301|Stealth Rock|[from] move: Defog|[of] p1a: Corviknight\n|-sideend|p1: Swager9999|Stealth Rock|[from] move: Defog|[of] p1a: Corviknight\n|\n|upkeep\n|turn|23\n|\n|t:|1698236481\n|switch|p2a: Hydreigon|Hydreigon, M|94\/100\n|move|p1a: Corviknight|Roost|p1a: Corviknight\n|-heal|p1a: Corviknight|74\/100\n|-singleturn|p1a: Corviknight|move: Roost\n|\n|upkeep\n|turn|24\n|\n|t:|1698236491\n|switch|p1a: Palafin|Palafin-Hero, M|100\/100\n|move|p2a: Hydreigon|Flamethrower|p1a: Palafin\n|-resisted|p1a: Palafin\n|-damage|p1a: Palafin|81\/100\n|\n|-heal|p1a: Palafin|87\/100|[from] item: Leftovers\n|upkeep\n|turn|25\n|\n|t:|1698236503\n|switch|p2a: Chansey|Chansey, F|100\/100\n|move|p1a: Palafin|Close Combat|p2a: Chansey\n|-supereffective|p2a: Chansey\n|-damage|p2a: Chansey|43\/100\n|-unboost|p1a: Palafin|def|1\n|-unboost|p1a: Palafin|spd|1\n|\n|-heal|p1a: Palafin|93\/100|[from] item: Leftovers\n|upkeep\n|turn|26\n|\n|t:|1698236517\n|move|p1a: Palafin|Flip Turn|p2a: Chansey\n|-damage|p2a: Chansey|20\/100\n|\n|t:|1698236524\n|switch|p1a: Gholdengo|Gholdengo|75\/100|[from] Flip Turn\n|move|p2a: Chansey|Soft-Boiled|p2a: Chansey\n|-heal|p2a: Chansey|70\/100\n|\n|upkeep\n|turn|27\n|c|\u2606ospina2301|!weak gholdengo\n|c| ospina2301|\/raw <div class=\"infobox\">Gholdengo (ignoring abilities):<br \/><span class=\"message-effect-weak\">Weaknesses<\/span>: Dark, Fire, Ghost, Ground<br \/><span class=\"message-effect-resist\">Resistances<\/span>: <b>Bug<\/b>, Dragon, Fairy, Flying, Grass, Ice, Psychic, Rock, Steel<br \/><span class=\"message-effect-immune\">Immunities<\/span>: Fighting, Normal, Poison, Sandstorm damage, Toxic, Trapping<\/div>\n|\n|t:|1698236550\n|move|p1a: Gholdengo|Thunder Wave|p2a: Chansey\n|-status|p2a: Chansey|par\n|move|p2a: Chansey|Stealth Rock|p1a: Gholdengo\n|-sidestart|p1: Swager9999|move: Stealth Rock\n|\n|upkeep\n|turn|28\n|\n|t:|1698236562\n|-curestatus|p2a: Chansey|par|[from] ability: Natural Cure\n|switch|p2a: Hydreigon|Hydreigon, M|94\/100\n|move|p1a: Gholdengo|Thunder Wave|p2a: Hydreigon\n|-status|p2a: Hydreigon|par\n|\n|upkeep\n|turn|29\n|\n|t:|1698236586\n|switch|p1a: Palafin|Palafin-Hero, M|93\/100\n|-damage|p1a: Palafin|81\/100|[from] Stealth Rock\n|cant|p2a: Hydreigon|par\n|\n|-heal|p1a: Palafin|87\/100|[from] item: Leftovers\n|upkeep\n|turn|30\n|\n|t:|1698236599\n|switch|p2a: Drifblim|Drifblim, M|100\/100\n|move|p1a: Palafin|Close Combat|p2a: Drifblim\n|-immune|p2a: Drifblim\n|\n|-heal|p1a: Palafin|93\/100|[from] item: Leftovers\n|upkeep\n|turn|31\n|\n|t:|1698236615\n|switch|p1a: Corviknight|Corviknight, F|74\/100\n|-damage|p1a: Corviknight|62\/100|[from] Stealth Rock\n|-ability|p1a: Corviknight|Pressure\n|move|p2a: Drifblim|Calm Mind|p2a: Drifblim\n|-boost|p2a: Drifblim|spa|1\n|-boost|p2a: Drifblim|spd|1\n|\n|upkeep\n|turn|32\n|\n|t:|1698236627\n|move|p2a: Drifblim|Air Slash|p1a: Corviknight\n|-resisted|p1a: Corviknight\n|-damage|p1a: Corviknight|39\/100\n|move|p1a: Corviknight|Defog|p2a: Drifblim\n|-unboost|p2a: Drifblim|evasion|1\n|-sideend|p1: Swager9999|Stealth Rock|[from] move: Defog|[of] p1a: Corviknight\n|\n|upkeep\n|turn|33\n|\n|t:|1698236646\n|switch|p1a: Clodsire|Clodsire, M, tera:Water|100\/100\n|move|p2a: Drifblim|Air Slash|p1a: Clodsire\n|-damage|p1a: Clodsire|82\/100\n|\n|-heal|p1a: Clodsire|88\/100|[from] item: Leftovers\n|upkeep\n|turn|34\n|\n|t:|1698236657\n|move|p2a: Drifblim|Calm Mind|p2a: Drifblim\n|-boost|p2a: Drifblim|spa|1\n|-boost|p2a: Drifblim|spd|1\n|move|p1a: Clodsire|Stone Edge|p2a: Drifblim|[miss]\n|-miss|p1a: Clodsire|p2a: Drifblim\n|\n|-heal|p1a: Clodsire|95\/100|[from] item: Leftovers\n|upkeep\n|turn|35\n|\n|t:|1698236666\n|move|p2a: Drifblim|Air Slash|p1a: Clodsire\n|-crit|p1a: Clodsire\n|-damage|p1a: Clodsire|66\/100\n|move|p1a: Clodsire|Stockpile|p1a: Clodsire\n|-start|p1a: Clodsire|stockpile1\n|-boost|p1a: Clodsire|def|1\n|-boost|p1a: Clodsire|spd|1\n|\n|-heal|p1a: Clodsire|72\/100|[from] item: Leftovers\n|upkeep\n|turn|36\n|\n|t:|1698236677\n|move|p2a: Drifblim|Strength Sap|p1a: Clodsire\n|-unboost|p1a: Clodsire|atk|1\n|move|p1a: Clodsire|Stockpile|p1a: Clodsire\n|-start|p1a: Clodsire|stockpile2\n|-boost|p1a: Clodsire|def|1\n|-boost|p1a: Clodsire|spd|1\n|\n|-heal|p1a: Clodsire|79\/100|[from] item: Leftovers\n|upkeep\n|turn|37\n|\n|t:|1698236686\n|move|p2a: Drifblim|Haze|p2a: Drifblim\n|-clearallboost\n|move|p1a: Clodsire|Stockpile|p1a: Clodsire\n|-start|p1a: Clodsire|stockpile3\n|-boost|p1a: Clodsire|def|1\n|-boost|p1a: Clodsire|spd|1\n|\n|-heal|p1a: Clodsire|85\/100|[from] item: Leftovers\n|upkeep\n|turn|38\n|\n|t:|1698236696\n|switch|p2a: Chansey|Chansey, F|70\/100\n|move|p1a: Clodsire|Stone Edge|p2a: Chansey\n|-damage|p2a: Chansey|57\/100\n|\n|-heal|p1a: Clodsire|91\/100|[from] item: Leftovers\n|upkeep\n|turn|39\n|\n|t:|1698236706\n|switch|p1a: Gholdengo|Gholdengo|75\/100\n|move|p2a: Chansey|Thunder Wave|p1a: Gholdengo\n|-immune|p1a: Gholdengo|[from] ability: Good as Gold\n|\n|upkeep\n|turn|40\n|\n|t:|1698236714\n|move|p1a: Gholdengo|Hex|p2a: Chansey\n|-immune|p2a: Chansey\n|move|p2a: Chansey|Soft-Boiled|p2a: Chansey\n|-heal|p2a: Chansey|100\/100\n|\n|upkeep\n|turn|41\n|\n|t:|1698236728\n|switch|p1a: Palafin|Palafin-Hero, M|93\/100\n|move|p2a: Chansey|Stealth Rock|p1a: Palafin\n|-sidestart|p1: Swager9999|move: Stealth Rock\n|\n|-heal|p1a: Palafin|99\/100|[from] item: Leftovers\n|upkeep\n|turn|42\n|\n|t:|1698236738\n|move|p1a: Palafin|Wave Crash|p2a: Chansey\n|-damage|p2a: Chansey|52\/100\n|-damage|p1a: Palafin|66\/100|[from] Recoil\n|move|p2a: Chansey|Thunder Wave|p1a: Palafin\n|-status|p1a: Palafin|par\n|\n|-heal|p1a: Palafin|72\/100 par|[from] item: Leftovers\n|upkeep\n|turn|43\n|\n|t:|1698236758\n|switch|p1a: Corviknight|Corviknight, F|39\/100\n|-damage|p1a: Corviknight|26\/100|[from] Stealth Rock\n|-ability|p1a: Corviknight|Pressure\n|move|p2a: Chansey|Soft-Boiled|p2a: Chansey\n|-heal|p2a: Chansey|100\/100\n|\n|upkeep\n|turn|44\n|\n|t:|1698236768\n|move|p1a: Corviknight|Roost|p1a: Corviknight\n|-heal|p1a: Corviknight|76\/100\n|-singleturn|p1a: Corviknight|move: Roost\n|move|p2a: Chansey|Thunder Wave|p1a: Corviknight\n|-status|p1a: Corviknight|par\n|\n|upkeep\n|turn|45\n|\n|t:|1698236777\n|move|p2a: Chansey|Soft-Boiled||[still]\n|-fail|p2a: Chansey|heal\n|move|p1a: Corviknight|Defog|p2a: Chansey\n|-unboost|p2a: Chansey|evasion|1\n|-sideend|p1: Swager9999|Stealth Rock|[from] move: Defog|[of] p1a: Corviknight\n|\n|upkeep\n|turn|46\n|\n|t:|1698236790\n|switch|p2a: Tyranitar|Tyranitar, M|100\/100\n|-weather|Sandstorm|[from] ability: Sand Stream|[of] p2a: Tyranitar\n|switch|p1a: Gliscor|Gliscor, M, shiny|100\/100 tox\n|\n|-weather|Sandstorm|[upkeep]\n|upkeep\n|turn|47\n|inactive|ospina2301 has 120 seconds left.\n|c|\u2606ospina2301|!weak gliscor\n|c| ospina2301|\/raw <div class=\"infobox\">Gliscor (ignoring abilities):<br \/><span class=\"message-effect-weak\">Weaknesses<\/span>: <b>Ice<\/b>, Water<br \/><span class=\"message-effect-resist\">Resistances<\/span>: Bug, Fighting, Poison<br \/><span class=\"message-effect-immune\">Immunities<\/span>: Electric, Ground, Sandstorm damage<\/div>\n|\n|t:|1698236826\n|move|p1a: Gliscor|Crabhammer|p2a: Tyranitar|[miss]\n|-miss|p1a: Gliscor|p2a: Tyranitar\n|move|p2a: Tyranitar|Dragon Dance|p2a: Tyranitar\n|-boost|p2a: Tyranitar|atk|1\n|-boost|p2a: Tyranitar|spe|1\n|\n|-weather|Sandstorm|[upkeep]\n|upkeep\n|turn|48\n|inactive|ospina2301 has 120 seconds left.\n|\n|t:|1698236836\n|move|p2a: Tyranitar|Stone Edge|p1a: Gliscor|[miss]\n|-miss|p2a: Tyranitar|p1a: Gliscor\n|move|p1a: Gliscor|Crabhammer|p2a: Tyranitar\n|-supereffective|p2a: Tyranitar\n|-damage|p2a: Tyranitar|47\/100\n|\n|-weather|Sandstorm|[upkeep]\n|upkeep\n|turn|49\n|inactive|ospina2301 has 120 seconds left.\n|\n|t:|1698236852\n|switch|p2a: Hydreigon|Hydreigon, M|94\/100 par\n|move|p1a: Gliscor|Crabhammer|p2a: Hydreigon\n|-resisted|p2a: Hydreigon\n|-damage|p2a: Hydreigon|77\/100 par\n|\n|-weather|Sandstorm|[upkeep]\n|-damage|p2a: Hydreigon|71\/100 par|[from] Sandstorm\n|upkeep\n|turn|50\n|inactive|ospina2301 has 120 seconds left.\n|\n|t:|1698236867\n|switch|p1a: Clodsire|Clodsire, M, tera:Water|91\/100\n|move|p2a: Hydreigon|Dark Pulse|p1a: Clodsire\n|-damage|p1a: Clodsire|69\/100\n|\n|-weather|none\n|-heal|p1a: Clodsire|75\/100|[from] item: Leftovers\n|upkeep\n|turn|51\n|inactive|ospina2301 has 120 seconds left.\n|\n|t:|1698236882\n|switch|p2a: Chansey|Chansey, F|100\/100\n|move|p1a: Clodsire|Earthquake|p2a: Chansey\n|-damage|p2a: Chansey|83\/100\n|\n|-heal|p1a: Clodsire|81\/100|[from] item: Leftovers\n|upkeep\n|turn|52\n|inactive|ospina2301 has 120 seconds left.\n|\n|t:|1698236896\n|switch|p1a: Gholdengo|Gholdengo|75\/100\n|move|p2a: Chansey|Thunder Wave|p1a: Gholdengo\n|-immune|p1a: Gholdengo|[from] ability: Good as Gold\n|\n|upkeep\n|turn|53\n|\n|t:|1698236906\n|move|p1a: Gholdengo|Thunder Wave|p2a: Chansey\n|-status|p2a: Chansey|par\n|move|p2a: Chansey|Stealth Rock|p1a: Gholdengo\n|-sidestart|p1: Swager9999|move: Stealth Rock\n|\n|upkeep\n|turn|54\n|\n|t:|1698236924\n|move|p1a: Gholdengo|Hex|p2a: Chansey\n|-immune|p2a: Chansey\n|move|p2a: Chansey|Seismic Toss|p1a: Gholdengo\n|-immune|p1a: Gholdengo\n|\n|upkeep\n|turn|55\n|\n|t:|1698236941\n|-curestatus|p2a: Chansey|par|[from] ability: Natural Cure\n|switch|p2a: Hydreigon|Hydreigon, M|71\/100 par\n|move|p1a: Gholdengo|Substitute|p1a: Gholdengo\n|-start|p1a: Gholdengo|Substitute\n|-damage|p1a: Gholdengo|50\/100\n|\n|upkeep\n|turn|56\n|\n|t:|1698236955\n|cant|p2a: Hydreigon|par\n|move|p1a: Gholdengo|Hex|p2a: Hydreigon\n|-resisted|p2a: Hydreigon\n|-damage|p2a: Hydreigon|39\/100 par\n|\n|upkeep\n|turn|57\n|\n|t:|1698236961\n|move|p2a: Hydreigon|Flamethrower|p1a: Gholdengo\n|-supereffective|p1a: Gholdengo\n|-end|p1a: Gholdengo|Substitute\n|move|p1a: Gholdengo|Hex|p2a: Hydreigon\n|-resisted|p2a: Hydreigon\n|-damage|p2a: Hydreigon|4\/100 par\n|\n|upkeep\n|turn|58\n|\n|t:|1698236970\n|switch|p1a: Palafin|Palafin-Hero, M|72\/100 par\n|-damage|p1a: Palafin|60\/100 par|[from] Stealth Rock\n|move|p2a: Hydreigon|Flamethrower|p1a: Palafin\n|-resisted|p1a: Palafin\n|-damage|p1a: Palafin|41\/100 par\n|\n|-heal|p1a: Palafin|47\/100 par|[from] item: Leftovers\n|upkeep\n|turn|59\n|\n|t:|1698236982\n|switch|p2a: Chansey|Chansey, F|83\/100\n|cant|p1a: Palafin|par\n|\n|-heal|p1a: Palafin|54\/100 par|[from] item: Leftovers\n|upkeep\n|turn|60\n|\n|t:|1698236992\n|switch|p1a: Gliscor|Gliscor, M, shiny|100\/100 tox\n|-damage|p1a: Gliscor|88\/100 tox|[from] Stealth Rock\n|move|p2a: Chansey|Seismic Toss|p1a: Gliscor\n|-damage|p1a: Gliscor|54\/100 tox\n|\n|-heal|p1a: Gliscor|66\/100 tox|[from] ability: Poison Heal\n|upkeep\n|turn|61\n|\n|t:|1698237005\n|move|p1a: Gliscor|Stealth Rock|p2a: Chansey\n|-sidestart|p2: ospina2301|move: Stealth Rock\n|move|p2a: Chansey|Seismic Toss|p1a: Gliscor\n|-damage|p1a: Gliscor|32\/100 tox\n|\n|-heal|p1a: Gliscor|44\/100 tox|[from] ability: Poison Heal\n|upkeep\n|turn|62\n|\n|t:|1698237017\n|switch|p1a: Gholdengo|Gholdengo|50\/100\n|-damage|p1a: Gholdengo|44\/100|[from] Stealth Rock\n|move|p2a: Chansey|Seismic Toss|p1a: Gholdengo\n|-immune|p1a: Gholdengo\n|\n|upkeep\n|turn|63\n|\n|t:|1698237029\n|switch|p2a: Hydreigon|Hydreigon, M|4\/100 par\n|-damage|p2a: Hydreigon|0 fnt|[from] Stealth Rock\n|faint|p2a: Hydreigon\n|move|p1a: Gholdengo|Substitute|p1a: Gholdengo\n|-start|p1a: Gholdengo|Substitute\n|-damage|p1a: Gholdengo|19\/100\n|-enditem|p1a: Gholdengo|Aguav Berry|[eat]\n|-heal|p1a: Gholdengo|53\/100|[from] item: Aguav Berry\n|\n|upkeep\n|\n|t:|1698237044\n|switch|p2a: Tyranitar|Tyranitar, M|47\/100\n|-damage|p2a: Tyranitar|35\/100|[from] Stealth Rock\n|-weather|Sandstorm|[from] ability: Sand Stream|[of] p2a: Tyranitar\n|turn|64\n|\n|t:|1698237051\n|move|p2a: Tyranitar|Earthquake|p1a: Gholdengo\n|-supereffective|p1a: Gholdengo\n|-end|p1a: Gholdengo|Substitute\n|move|p1a: Gholdengo|Thunder Wave|p2a: Tyranitar\n|-status|p2a: Tyranitar|par\n|\n|-weather|Sandstorm|[upkeep]\n|upkeep\n|turn|65\n|\n|t:|1698237060\n|switch|p1a: Gliscor|Gliscor, M, shiny|44\/100 tox\n|-damage|p1a: Gliscor|32\/100 tox|[from] Stealth Rock\n|move|p2a: Tyranitar|Earthquake|p1a: Gliscor\n|-immune|p1a: Gliscor\n|\n|-weather|Sandstorm|[upkeep]\n|-heal|p1a: Gliscor|44\/100 tox|[from] ability: Poison Heal\n|upkeep\n|turn|66\n|\n|t:|1698237071\n|move|p1a: Gliscor|Crabhammer|p2a: Tyranitar\n|-supereffective|p2a: Tyranitar\n|-damage|p2a: Tyranitar|0 fnt\n|faint|p2a: Tyranitar\n|\n|-weather|Sandstorm|[upkeep]\n|-heal|p1a: Gliscor|57\/100 tox|[from] ability: Poison Heal\n|upkeep\n|\n|t:|1698237078\n|switch|p2a: Drifblim|Drifblim, M|100\/100\n|-damage|p2a: Drifblim|76\/100|[from] Stealth Rock\n|turn|67\n|\n|t:|1698237088\n|switch|p1a: Clodsire|Clodsire, M, tera:Water|81\/100\n|-damage|p1a: Clodsire|69\/100|[from] Stealth Rock\n|move|p2a: Drifblim|Strength Sap|p1a: Clodsire\n|-unboost|p1a: Clodsire|atk|1\n|-heal|p2a: Drifblim|100\/100\n|\n|-weather|Sandstorm|[upkeep]\n|-damage|p2a: Drifblim|94\/100|[from] Sandstorm\n|-damage|p1a: Clodsire|62\/100|[from] Sandstorm\n|-heal|p1a: Clodsire|69\/100|[from] item: Leftovers\n|upkeep\n|turn|68\n|\n|t:|1698237102\n|move|p2a: Drifblim|Air Slash|p1a: Clodsire\n|-damage|p1a: Clodsire|52\/100\n|cant|p1a: Clodsire|flinch\n|\n|-weather|none\n|-heal|p1a: Clodsire|58\/100|[from] item: Leftovers\n|upkeep\n|turn|69\n|\n|t:|1698237110\n|move|p2a: Drifblim|Calm Mind|p2a: Drifblim\n|-boost|p2a: Drifblim|spa|1\n|-boost|p2a: Drifblim|spd|1\n|move|p1a: Clodsire|Recover|p1a: Clodsire\n|-heal|p1a: Clodsire|100\/100\n|\n|upkeep\n|turn|70\n|\n|t:|1698237116\n|move|p2a: Drifblim|Calm Mind|p2a: Drifblim\n|-boost|p2a: Drifblim|spa|1\n|-boost|p2a: Drifblim|spd|1\n|move|p1a: Clodsire|Stockpile|p1a: Clodsire\n|-start|p1a: Clodsire|stockpile1\n|-boost|p1a: Clodsire|def|1\n|-boost|p1a: Clodsire|spd|1\n|\n|upkeep\n|turn|71\n|\n|t:|1698237123\n|move|p2a: Drifblim|Air Slash|p1a: Clodsire\n|-damage|p1a: Clodsire|90\/100\n|move|p1a: Clodsire|Stone Edge|p2a: Drifblim|[miss]\n|-miss|p1a: Clodsire|p2a: Drifblim\n|\n|-heal|p1a: Clodsire|96\/100|[from] item: Leftovers\n|upkeep\n|turn|72\n|\n|t:|1698237131\n|move|p2a: Drifblim|Air Slash|p1a: Clodsire\n|-crit|p1a: Clodsire\n|-damage|p1a: Clodsire|70\/100\n|move|p1a: Clodsire|Stone Edge|p2a: Drifblim\n|-supereffective|p2a: Drifblim\n|-damage|p2a: Drifblim|59\/100\n|\n|-heal|p1a: Clodsire|76\/100|[from] item: Leftovers\n|upkeep\n|turn|73\n|\n|t:|1698237142\n|move|p2a: Drifblim|Strength Sap|p1a: Clodsire\n|-unboost|p1a: Clodsire|atk|1\n|-heal|p2a: Drifblim|87\/100\n|move|p1a: Clodsire|Stone Edge|p2a: Drifblim\n|-supereffective|p2a: Drifblim\n|-damage|p2a: Drifblim|59\/100\n|\n|-heal|p1a: Clodsire|82\/100|[from] item: Leftovers\n|upkeep\n|turn|74\n|\n|t:|1698237166\n|switch|p1a: Kingambit|Kingambit, M|100\/100\n|-damage|p1a: Kingambit|94\/100|[from] Stealth Rock\n|move|p2a: Drifblim|Strength Sap|p1a: Kingambit\n|-unboost|p1a: Kingambit|atk|1\n|-heal|p2a: Drifblim|100\/100\n|\n|upkeep\n|turn|75\n|\n|t:|1698237182\n|move|p1a: Kingambit|Sucker Punch|p2a: Drifblim\n|-supereffective|p2a: Drifblim\n|-damage|p2a: Drifblim|26\/100\n|move|p2a: Drifblim|Air Slash|p1a: Kingambit\n|-resisted|p1a: Kingambit\n|-damage|p1a: Kingambit|63\/100\n|\n|upkeep\n|turn|76\n|\n|t:|1698237194\n|move|p2a: Drifblim|Strength Sap|p1a: Kingambit\n|-unboost|p1a: Kingambit|atk|1\n|-heal|p2a: Drifblim|87\/100\n|move|p1a: Kingambit|Kowtow Cleave|p2a: Drifblim\n|-supereffective|p2a: Drifblim\n|-damage|p2a: Drifblim|18\/100\n|\n|upkeep\n|turn|77\n|\n|t:|1698237208\n|switch|p2a: Chansey|Chansey, F|83\/100\n|-damage|p2a: Chansey|71\/100|[from] Stealth Rock\n|move|p1a: Kingambit|Sucker Punch||[still]\n|-fail|p1a: Kingambit\n|\n|upkeep\n|turn|78\n|\n|t:|1698237217\n|-end|p1a: Kingambit|fallenundefined|[silent]\n|switch|p1a: Gholdengo|Gholdengo|53\/100\n|-damage|p1a: Gholdengo|47\/100|[from] Stealth Rock\n|move|p2a: Chansey|Seismic Toss|p1a: Gholdengo\n|-immune|p1a: Gholdengo\n|\n|upkeep\n|turn|79\n|\n|t:|1698237234\n|switch|p2a: Volcarona|Volcarona, F|100\/100\n|move|p1a: Gholdengo|Thunder Wave|p2a: Volcarona\n|-status|p2a: Volcarona|par\n|\n|upkeep\n|turn|80\n|\n|t:|1698237246\n|switch|p1a: Clodsire|Clodsire, M, tera:Water|82\/100\n|-damage|p1a: Clodsire|70\/100|[from] Stealth Rock\n|move|p2a: Volcarona|Quiver Dance|p2a: Volcarona\n|-boost|p2a: Volcarona|spa|1\n|-boost|p2a: Volcarona|spd|1\n|-boost|p2a: Volcarona|spe|1\n|\n|-heal|p1a: Clodsire|76\/100|[from] item: Leftovers\n|upkeep\n|turn|81\n|\n|t:|1698237256\n|move|p2a: Volcarona|Psychic|p1a: Clodsire\n|-damage|p1a: Clodsire|56\/100\n|move|p1a: Clodsire|Stone Edge|p2a: Volcarona\n|-supereffective|p2a: Volcarona\n|-damage|p2a: Volcarona|0 fnt\n|faint|p2a: Volcarona\n|\n|-heal|p1a: Clodsire|62\/100|[from] item: Leftovers\n|upkeep\n|\n|t:|1698237263\n|switch|p2a: Drifblim|Drifblim, M|18\/100\n|-damage|p2a: Drifblim|0 fnt|[from] Stealth Rock\n|faint|p2a: Drifblim\n|\n|t:|1698237268\n|switch|p2a: Scizor|Scizor, M|100\/100\n|-damage|p2a: Scizor|88\/100|[from] Stealth Rock\n|turn|82\n|\n|t:|1698237277\n|move|p2a: Scizor|Trailblaze|p1a: Clodsire\n|-supereffective|p1a: Clodsire\n|-damage|p1a: Clodsire|3\/100\n|-boost|p2a: Scizor|spe|1\n|move|p1a: Clodsire|Stockpile|p1a: Clodsire\n|-start|p1a: Clodsire|stockpile1\n|-boost|p1a: Clodsire|def|1\n|-boost|p1a: Clodsire|spd|1\n|\n|-heal|p1a: Clodsire|9\/100|[from] item: Leftovers\n|upkeep\n|turn|83\n|\n|t:|1698237295\n|switch|p1a: Corviknight|Corviknight, F|76\/100 par\n|-damage|p1a: Corviknight|64\/100 par|[from] Stealth Rock\n|-ability|p1a: Corviknight|Pressure\n|move|p2a: Scizor|Bullet Punch|p1a: Corviknight\n|-resisted|p1a: Corviknight\n|-damage|p1a: Corviknight|54\/100 par\n|-damage|p2a: Scizor|72\/100|[from] item: Rocky Helmet|[of] p1a: Corviknight\n|\n|upkeep\n|turn|84\n|\n|t:|1698237309\n|move|p2a: Scizor|Trailblaze|p1a: Corviknight\n|-resisted|p1a: Corviknight\n|-damage|p1a: Corviknight|50\/100 par\n|-boost|p2a: Scizor|spe|1\n|-damage|p2a: Scizor|55\/100|[from] item: Rocky Helmet|[of] p1a: Corviknight\n|cant|p1a: Corviknight|par\n|\n|upkeep\n|turn|85\n|\n|t:|1698237320\n|move|p2a: Scizor|Trailblaze|p1a: Corviknight\n|-resisted|p1a: Corviknight\n|-damage|p1a: Corviknight|46\/100 par\n|-boost|p2a: Scizor|spe|1\n|-damage|p2a: Scizor|38\/100|[from] item: Rocky Helmet|[of] p1a: Corviknight\n|cant|p1a: Corviknight|par\n|\n|upkeep\n|turn|86\n|\n|t:|1698237333\n|move|p2a: Scizor|Trailblaze|p1a: Corviknight\n|-resisted|p1a: Corviknight\n|-damage|p1a: Corviknight|42\/100 par\n|-boost|p2a: Scizor|spe|1\n|-damage|p2a: Scizor|22\/100|[from] item: Rocky Helmet|[of] p1a: Corviknight\n|move|p1a: Corviknight|Brave Bird|p2a: Scizor\n|-damage|p2a: Scizor|0 fnt\n|faint|p2a: Scizor\n|-damage|p1a: Corviknight|36\/100 par|[from] Recoil\n|\n|upkeep\n|\n|t:|1698237343\n|switch|p2a: Chansey|Chansey, F|71\/100\n|-damage|p2a: Chansey|59\/100|[from] Stealth Rock\n|turn|87\n|c|\u2606ospina2301|gg\n|\n|t:|1698237353\n|switch|p1a: Gholdengo|Gholdengo|47\/100\n|-damage|p1a: Gholdengo|40\/100|[from] Stealth Rock\n|move|p2a: Chansey|Seismic Toss|p1a: Gholdengo\n|-immune|p1a: Gholdengo\n|\n|upkeep\n|turn|88\n|c|\u2606Swager9999|gg wp\n|\n|t:|1698237360\n|move|p1a: Gholdengo|Thunder Wave|p2a: Chansey\n|-status|p2a: Chansey|par\n|move|p2a: Chansey|Soft-Boiled|p2a: Chansey\n|-heal|p2a: Chansey|100\/100 par\n|\n|upkeep\n|turn|89\n|\n|t:|1698237367\n|move|p1a: Gholdengo|Recover|p1a: Gholdengo\n|-heal|p1a: Gholdengo|90\/100\n|move|p2a: Chansey|Stealth Rock||[still]\n|-fail|p2a: Chansey\n|\n|upkeep\n|turn|90\n|\n|t:|1698237372\n|move|p1a: Gholdengo|Substitute|p1a: Gholdengo\n|-start|p1a: Gholdengo|Substitute\n|-damage|p1a: Gholdengo|65\/100\n|move|p2a: Chansey|Stealth Rock||[still]\n|-fail|p2a: Chansey\n|\n|upkeep\n|turn|91\n|\n|t:|1698237389\n|move|p1a: Gholdengo|Hex|p2a: Chansey\n|-immune|p2a: Chansey\n|move|p2a: Chansey|Stealth Rock||[still]\n|-fail|p2a: Chansey\n|\n|upkeep\n|turn|92\n|\n|t:|1698237395\n|move|p1a: Gholdengo|Substitute|p1a: Gholdengo\n|-fail|p1a: Gholdengo|move: Substitute\n|cant|p2a: Chansey|par\n|\n|upkeep\n|turn|93\n|\n|t:|1698237404\n|switch|p1a: Corviknight|Corviknight, F|36\/100 par\n|-damage|p1a: Corviknight|24\/100 par|[from] Stealth Rock\n|-ability|p1a: Corviknight|Pressure\n|move|p2a: Chansey|Stealth Rock||[still]\n|-fail|p2a: Chansey\n|\n|upkeep\n|turn|94\n|\n|t:|1698237411\n|cant|p1a: Corviknight|par\n|move|p2a: Chansey|Stealth Rock||[still]\n|-fail|p2a: Chansey\n|\n|upkeep\n|turn|95\n|\n|t:|1698237415\n|cant|p1a: Corviknight|par\n|move|p2a: Chansey|Stealth Rock||[still]\n|-fail|p2a: Chansey\n|\n|upkeep\n|turn|96\n|\n|t:|1698237421\n|move|p1a: Corviknight|Roost|p1a: Corviknight\n|-heal|p1a: Corviknight|74\/100 par\n|-singleturn|p1a: Corviknight|move: Roost\n|cant|p2a: Chansey|par\n|\n|upkeep\n|turn|97\n|\n|t:|1698237431\n|move|p1a: Corviknight|Brave Bird|p2a: Chansey\n|-damage|p2a: Chansey|78\/100 par\n|-damage|p1a: Corviknight|61\/100 par|[from] Recoil\n|cant|p2a: Chansey|par\n|\n|upkeep\n|turn|98\n|\n|t:|1698237437\n|move|p1a: Corviknight|Brave Bird|p2a: Chansey\n|-damage|p2a: Chansey|53\/100 par\n|-damage|p1a: Corviknight|47\/100 par|[from] Recoil\n|cant|p2a: Chansey|par\n|\n|upkeep\n|turn|99\n|\n|t:|1698237443\n|move|p1a: Corviknight|Brave Bird|p2a: Chansey\n|-damage|p2a: Chansey|29\/100 par\n|-damage|p1a: Corviknight|32\/100 par|[from] Recoil\n|move|p2a: Chansey|Stealth Rock||[still]\n|-fail|p2a: Chansey\n|\n|upkeep\n|turn|100\n|\n|t:|1698237450\n|move|p1a: Corviknight|Roost|p1a: Corviknight\n|-heal|p1a: Corviknight|82\/100 par\n|-singleturn|p1a: Corviknight|move: Roost\n|cant|p2a: Chansey|par\n|\n|upkeep\n|turn|101\n|\n|t:|1698237455\n|move|p1a: Corviknight|Brave Bird|p2a: Chansey\n|-damage|p2a: Chansey|4\/100 par\n|-damage|p1a: Corviknight|68\/100 par|[from] Recoil\n|move|p2a: Chansey|Stealth Rock||[still]\n|-fail|p2a: Chansey\n|\n|upkeep\n|turn|102\n|\n|t:|1698237462\n|move|p1a: Corviknight|Brave Bird|p2a: Chansey\n|-damage|p2a: Chansey|0 fnt\n|faint|p2a: Chansey\n|-damage|p1a: Corviknight|66\/100 par|[from] Recoil\n|\n|win|Swager9999\n|raw|Swager9999's rating: 1286 &rarr; <strong>1304<\/strong><br \/>(+18 for winning)\n|raw|ospina2301's rating: 1192 &rarr; <strong>1174<\/strong><br \/>(-18 for losing)\n|c|\u2606Swager9999|you played very well\n|l|\u2606ospina2301\n","uploadtime":1698237477,"views":7,"p1id":"swager9999","p2id":"ospina2301","formatid":"gen9anythinggoes","rating":1174,"private":0,"password":""}