{"id":"gen9anythinggoes-1982384187","p1":"Jeeterboy","p2":"Da1ba Nana","format":"[Gen 9] Anything Goes","log":"|j|\u2606Jeeterboy\n|j|\u2606Da1ba Nana\n|t:|1699007697\n|gametype|singles\n|player|p1|Jeeterboy|hiker-gen4|1119\n|player|p2|Da1ba Nana|baker|1193\n|teamsize|p1|6\n|teamsize|p2|6\n|gen|9\n|tier|[Gen 9] Anything Goes\n|rated|\n|rule|HP Percentage Mod: HP is shown in percentages\n|rule|Endless Battle Clause: Forcing endless battles is banned\n|clearpoke\n|poke|p1|Ursaluna-Bloodmoon, M|\n|poke|p1|Cinderace, M|\n|poke|p1|Zoroark-Hisui, M|\n|poke|p1|Zapdos-Galar|\n|poke|p1|Iron Hands|\n|poke|p1|Mimikyu, F|\n|poke|p2|Heracross, M|\n|poke|p2|Blissey, F|\n|poke|p2|Bellibolt, M|\n|poke|p2|Vigoroth, F|\n|poke|p2|Infernape, M|\n|poke|p2|Sandslash-Alola, M|\n|teampreview\n|c|\u2606Jeeterboy|Hello\n|\n|t:|1699007713\n|start\n|switch|p1a: William afton|Mimikyu, F|100\/100\n|switch|p2a: Sandslash|Sandslash-Alola, M|100\/100\n|turn|1\n|\n|t:|1699007721\n|move|p1a: William afton|Swords Dance|p1a: William afton\n|-boost|p1a: William afton|atk|2\n|move|p2a: Sandslash|Icicle Spear|p1a: William afton\n|-activate|p1a: William afton|ability: Disguise\n|-damage|p1a: William afton|100\/100\n|detailschange|p1a: William afton|Mimikyu-Busted, F\n|-damage|p1a: William afton|88\/100|[from] pokemon: Mimikyu-Busted\n|-damage|p1a: William afton|67\/100\n|-damage|p1a: William afton|47\/100\n|-damage|p1a: William afton|27\/100\n|-damage|p1a: William afton|6\/100\n|-hitcount|p1a: William afton|5\n|\n|-heal|p1a: William afton|12\/100|[from] item: Leftovers\n|upkeep\n|turn|2\n|\n|t:|1699007744\n|move|p1a: William afton|Shadow Claw|p2a: Sandslash\n|-damage|p2a: Sandslash|43\/100\n|move|p2a: Sandslash|Icicle Spear|p1a: William afton\n|-damage|p1a: William afton|0 fnt\n|faint|p1a: William afton\n|-hitcount|p1: William afton|1\n|\n|upkeep\n|\n|t:|1699007750\n|switch|p1a: Bonny|Cinderace, M, shiny|100\/100\n|turn|3\n|\n|t:|1699007757\n|switch|p2a: Infernape|Infernape, M|100\/100\n|move|p1a: Bonny|Swords Dance|p1a: Bonny\n|-boost|p1a: Bonny|atk|2\n|\n|upkeep\n|turn|4\n|\n|t:|1699007765\n|move|p1a: Bonny|Pyro Ball|p2a: Infernape\n|-resisted|p2a: Infernape\n|-damage|p2a: Infernape|3\/100\n|move|p2a: Infernape|Drain Punch|p1a: Bonny\n|-damage|p1a: Bonny|32\/100\n|-heal|p2a: Infernape|38\/100|[from] drain|[of] p1a: Bonny\n|\n|upkeep\n|turn|5\n|\n|t:|1699007772\n|switch|p2a: Sandslash|Sandslash-Alola, M|43\/100\n|move|p1a: Bonny|Pyro Ball|p2a: Sandslash\n|-supereffective|p2a: Sandslash\n|-damage|p2a: Sandslash|0 fnt\n|faint|p2a: Sandslash\n|\n|upkeep\n|\n|t:|1699007775\n|switch|p2a: Heracross|Heracross, M|100\/100\n|turn|6\n|\n|t:|1699007784\n|move|p2a: Heracross|Earthquake|p1a: Bonny\n|-supereffective|p1a: Bonny\n|-crit|p1a: Bonny\n|-damage|p1a: Bonny|0 fnt\n|faint|p1a: Bonny\n|-ability|p2a: Heracross|Moxie|boost\n|-boost|p2a: Heracross|atk|1\n|\n|upkeep\n|\n|t:|1699007791\n|switch|p1a: Chica|Zapdos-Galar, shiny|100\/100\n|turn|7\n|\n|t:|1699007795\n|switch|p2a: Bellibolt|Bellibolt, M|100\/100\n|move|p1a: Chica|Bulk Up|p1a: Chica\n|-boost|p1a: Chica|atk|1\n|-boost|p1a: Chica|def|1\n|\n|upkeep\n|turn|8\n|\n|t:|1699007800\n|move|p1a: Chica|Thunderous Kick|p2a: Bellibolt\n|-damage|p2a: Bellibolt|49\/100\n|-unboost|p2a: Bellibolt|def|1\n|-start|p2a: Bellibolt|Charge|Thunderous Kick|[from] ability: Electromorphosis\n|move|p2a: Bellibolt|Thunderbolt|p1a: Chica\n|-supereffective|p1a: Chica\n|-damage|p1a: Chica|0 fnt\n|faint|p1a: Chica\n|-end|p2a: Bellibolt|Charge|[silent]\n|\n|-heal|p2a: Bellibolt|55\/100|[from] item: Leftovers\n|upkeep\n|\n|t:|1699007810\n|switch|p1a: Freddy|Ursaluna-Bloodmoon, M|100\/100\n|turn|9\n|\n|t:|1699007813\n|switch|p2a: Blissey|Blissey, F|100\/100\n|move|p1a: Freddy|Calm Mind|p1a: Freddy\n|-boost|p1a: Freddy|spa|1\n|-boost|p1a: Freddy|spd|1\n|\n|upkeep\n|turn|10\n|\n|t:|1699007816\n|move|p2a: Blissey|Trick|p1a: Freddy\n|-activate|p2a: Blissey|move: Trick|[of] p1a: Freddy\n|-item|p1a: Freddy|Choice Specs|[from] move: Trick\n|-item|p2a: Blissey|Weakness Policy|[from] move: Trick\n|move|p1a: Freddy|Calm Mind|p1a: Freddy\n|-boost|p1a: Freddy|spa|1\n|-boost|p1a: Freddy|spd|1\n|\n|upkeep\n|turn|11\n|c|\u2606Jeeterboy|Awww damn it\n|\n|t:|1699007838\n|switch|p2a: Bellibolt|Bellibolt, M|55\/100\n|switch|p1a: Golden freddy|Iron Hands|100\/100\n|\n|-heal|p2a: Bellibolt|62\/100|[from] item: Leftovers\n|upkeep\n|turn|12\n|\n|t:|1699007851\n|move|p1a: Golden freddy|Bitter Malice|p2a: Bellibolt\n|-damage|p2a: Bellibolt|28\/100\n|-unboost|p2a: Bellibolt|atk|1\n|-start|p2a: Bellibolt|Charge|Bitter Malice|[from] ability: Electromorphosis\n|move|p2a: Bellibolt|Slack Off|p2a: Bellibolt\n|-heal|p2a: Bellibolt|78\/100\n|\n|-heal|p2a: Bellibolt|84\/100|[from] item: Leftovers\n|upkeep\n|turn|13\n|\n|t:|1699007864\n|move|p1a: Golden freddy|Bitter Malice|p2a: Bellibolt\n|-damage|p2a: Bellibolt|49\/100\n|-unboost|p2a: Bellibolt|atk|1\n|-start|p2a: Bellibolt|Charge|Bitter Malice|[from] ability: Electromorphosis\n|move|p2a: Bellibolt|Thunderbolt|p1a: Golden freddy\n|-damage|p1a: Golden freddy|0 fnt\n|replace|p1a: Foxy|Zoroark-Hisui, M\n|-end|p1a: Foxy|Illusion\n|faint|p1a: Foxy\n|-end|p2a: Bellibolt|Charge|[silent]\n|\n|-heal|p2a: Bellibolt|55\/100|[from] item: Leftovers\n|upkeep\n|\n|t:|1699007874\n|switch|p1a: Freddy|Ursaluna-Bloodmoon, M|100\/100\n|turn|14\n|\n|t:|1699007881\n|switch|p2a: Blissey|Blissey, F|100\/100\n|move|p1a: Freddy|Earth Power|p2a: Blissey\n|-damage|p2a: Blissey|71\/100\n|\n|upkeep\n|turn|15\n|\n|t:|1699007885\n|move|p2a: Blissey|Flamethrower|p1a: Freddy\n|-damage|p1a: Freddy|74\/100\n|move|p1a: Freddy|Earth Power|p2a: Blissey\n|-damage|p2a: Blissey|39\/100\n|\n|upkeep\n|turn|16\n|\n|t:|1699007889\n|move|p2a: Blissey|Ice Beam|p1a: Freddy\n|-supereffective|p1a: Freddy\n|-damage|p1a: Freddy|18\/100\n|move|p1a: Freddy|Earth Power|p2a: Blissey\n|-crit|p2a: Blissey\n|-damage|p2a: Blissey|0 fnt\n|faint|p2a: Blissey\n|\n|upkeep\n|\n|t:|1699007894\n|switch|p2a: Heracross|Heracross, M|100\/100\n|turn|17\n|\n|t:|1699007896\n|move|p2a: Heracross|Earthquake|p1a: Freddy\n|-damage|p1a: Freddy|0 fnt\n|faint|p1a: Freddy\n|-ability|p2a: Heracross|Moxie|boost\n|-boost|p2a: Heracross|atk|1\n|\n|upkeep\n|\n|t:|1699007899\n|switch|p1a: Golden freddy|Iron Hands|100\/100\n|-enditem|p1a: Golden freddy|Booster Energy\n|-activate|p1a: Golden freddy|ability: Quark Drive|[fromitem]\n|-start|p1a: Golden freddy|quarkdriveatk\n|turn|18\n|\n|t:|1699007904\n|-terastallize|p1a: Golden freddy|Fighting\n|move|p2a: Heracross|Earthquake|p1a: Golden freddy\n|-damage|p1a: Golden freddy|71\/100\n|move|p1a: Golden freddy|Swords Dance|p1a: Golden freddy\n|-boost|p1a: Golden freddy|atk|2\n|\n|upkeep\n|turn|19\n|\n|t:|1699007911\n|move|p2a: Heracross|Earthquake|p1a: Golden freddy\n|-damage|p1a: Golden freddy|39\/100\n|move|p1a: Golden freddy|Play Rough|p2a: Heracross|[miss]\n|-miss|p1a: Golden freddy|p2a: Heracross\n|\n|upkeep\n|turn|20\n|\n|t:|1699007918\n|move|p2a: Heracross|Earthquake|p1a: Golden freddy\n|-damage|p1a: Golden freddy|7\/100\n|move|p1a: Golden freddy|Play Rough|p2a: Heracross\n|-supereffective|p2a: Heracross\n|-damage|p2a: Heracross|0 fnt\n|faint|p2a: Heracross\n|\n|upkeep\n|\n|t:|1699007925\n|switch|p2a: Vigoroth|Vigoroth, F|100\/100\n|turn|21\n|\n|t:|1699007928\n|-terastallize|p2a: Vigoroth|Ghost\n|move|p2a: Vigoroth|Low Kick|p1a: Golden freddy\n|-damage|p1a: Golden freddy|0 fnt\n|faint|p1a: Golden freddy\n|-end|p1a: Golden freddy|Quark Drive|[silent]\n|\n|win|Da1ba Nana\n|raw|Jeeterboy's rating: 1119 &rarr; <strong>1099<\/strong><br \/>(-20 for losing)\n|raw|Da1ba Nana's rating: 1193 &rarr; <strong>1213<\/strong><br \/>(+20 for winning)\n","uploadtime":1699007934,"views":11,"p1id":"jeeterboy","p2id":"da1banana","formatid":"gen9anythinggoes","rating":1099,"private":0,"password":""}