{"id":"gen9anythinggoes-1973540935","p1":"Jenson2012","p2":"Siu2201","format":"[Gen 9] Anything Goes","log":"|j|\u2606Jenson2012\n|j|\u2606Siu2201\n|t:|1697988810\n|gametype|singles\n|player|p1|Jenson2012|hilbert-wonderlauncher|1058\n|player|p2|Siu2201|101|1110\n|teamsize|p1|6\n|teamsize|p2|5\n|gen|9\n|tier|[Gen 9] Anything Goes\n|rated|\n|rule|HP Percentage Mod: HP is shown in percentages\n|rule|Endless Battle Clause: Forcing endless battles is banned\n|clearpoke\n|poke|p1|Starly, L1, M|\n|poke|p1|Starly, L1, F|\n|poke|p1|Starly, L1, F|\n|poke|p1|Starly, L1, F|\n|poke|p1|Starly, L1, M|\n|poke|p1|Kingambit, F|\n|poke|p2|Dudunsparce-*, M|\n|poke|p2|Drifblim, M|\n|poke|p2|Espathra, F|\n|poke|p2|Clodsire, F|\n|poke|p2|Abomasnow, M|\n|teampreview\n|inactive|Battle timer is ON: inactive players will automatically lose when time's up. (requested by Siu2201)\n|c|\u2606Siu2201|u again\n|c|\u2606Jenson2012|Sup\n|c|\u2606Jenson2012|Why the ghost typeeee\n|\n|t:|1697988830\n|start\n|switch|p1a: Starly|Starly, L1, M|100\/100\n|switch|p2a: Abomasnow|Abomasnow, M|100\/100\n|-weather|Snow|[from] ability: Snow Warning|[of] p2a: Abomasnow\n|turn|1\n|\n|t:|1697988838\n|move|p2a: Abomasnow|Aurora Veil|p2a: Abomasnow\n|-sidestart|p2: Siu2201|move: Aurora Veil\n|move|p1a: Starly|Endeavor|p2a: Abomasnow\n|-damage|p2a: Abomasnow|4\/100\n|\n|-weather|Snow|[upkeep]\n|-heal|p2a: Abomasnow|10\/100|[from] item: Leftovers\n|upkeep\n|turn|2\n|\n|t:|1697988847\n|move|p2a: Abomasnow|Protect|p2a: Abomasnow\n|-singleturn|p2a: Abomasnow|Protect\n|move|p1a: Starly|Endeavor|p2a: Abomasnow\n|-activate|p2a: Abomasnow|move: Protect\n|\n|-weather|Snow|[upkeep]\n|-heal|p2a: Abomasnow|16\/100|[from] item: Leftovers\n|upkeep\n|turn|3\n|\n|t:|1697988855\n|switch|p2a: Clodsire|Clodsire, F|100\/100\n|move|p1a: Starly|Endeavor|p2a: Clodsire\n|-damage|p2a: Clodsire|3\/100\n|-damage|p1a: Starly|84\/100|[from] item: Rocky Helmet|[of] p2a: Clodsire\n|\n|-weather|Snow|[upkeep]\n|upkeep\n|turn|4\n|\n|t:|1697988865\n|move|p1a: Starly|Quick Attack|p2a: Clodsire\n|-damage|p2a: Clodsire|3\/100\n|-damage|p1a: Starly|67\/100|[from] item: Rocky Helmet|[of] p2a: Clodsire\n|-status|p1a: Starly|psn|[from] ability: Poison Point|[of] p2a: Clodsire\n|move|p2a: Clodsire|Spikes|p1a: Starly\n|-sidestart|p1: Jenson2012|Spikes\n|\n|-weather|Snow|[upkeep]\n|-damage|p1a: Starly|59\/100 psn|[from] psn\n|upkeep\n|turn|5\n|\n|t:|1697988874\n|move|p1a: Starly|Quick Attack|p2a: Clodsire\n|-damage|p2a: Clodsire|3\/100\n|-damage|p1a: Starly|42\/100 psn|[from] item: Rocky Helmet|[of] p2a: Clodsire\n|move|p2a: Clodsire|Stealth Rock|p1a: Starly\n|-sidestart|p1: Jenson2012|move: Stealth Rock\n|\n|-weather|none\n|-damage|p1a: Starly|34\/100 psn|[from] psn\n|-sideend|p2: Siu2201|move: Aurora Veil\n|upkeep\n|turn|6\n|c|\u2606Jenson2012|Tigkuskgddkgstuust\n|\n|t:|1697988882\n|move|p1a: Starly|Quick Attack|p2a: Clodsire\n|-damage|p2a: Clodsire|2\/100\n|-damage|p1a: Starly|17\/100 psn|[from] item: Rocky Helmet|[of] p2a: Clodsire\n|move|p2a: Clodsire|Spikes|p1a: Starly\n|-sidestart|p1: Jenson2012|Spikes\n|\n|-damage|p1a: Starly|9\/100 psn|[from] psn\n|upkeep\n|turn|7\n|n|!Jenson2012|jenson2012\n|-message|Jenson2012 forfeited.\n|\n|win|Siu2201\n|raw|Jenson2012's rating: 1058 &rarr; <strong>1042<\/strong><br \/>(-16 for losing)\n|raw|Siu2201's rating: 1110 &rarr; <strong>1131<\/strong><br \/>(+21 for winning)\n","uploadtime":1697988889,"views":17,"p1id":"jenson2012","p2id":"siu2201","formatid":"gen9anythinggoes","rating":1042,"private":0,"password":""}