{"id":"gen9anythinggoes-1993814938","p1":"Kensnt","p2":"FemboyPlayer","format":"[Gen 9] Anything Goes","log":"|j|\u2606Kensnt\n|j|\u2606FemboyPlayer\n|t:|1700360651\n|gametype|singles\n|player|p1|Kensnt|266|1021\n|player|p2|FemboyPlayer|elesa|1124\n|teamsize|p1|6\n|teamsize|p2|6\n|gen|9\n|tier|[Gen 9] Anything Goes\n|rated|\n|rule|HP Percentage Mod: HP is shown in percentages\n|rule|Endless Battle Clause: Forcing endless battles is banned\n|clearpoke\n|poke|p1|Drednaw, M|\n|poke|p1|Cinderace, F|\n|poke|p1|Zamazenta-*|\n|poke|p1|Dunsparce, M|\n|poke|p1|Toxtricity, M|\n|poke|p1|Beartic, M|\n|poke|p2|Espeon, M|\n|poke|p2|Zoroark-Hisui, F|\n|poke|p2|Zoroark, F|\n|poke|p2|Ninetales, M|\n|poke|p2|Ninetales-Alola, M|\n|poke|p2|Delphox, F|\n|teampreview\n|\n|t:|1700360655\n|start\n|switch|p1a: Dunsparce|Dunsparce, M|100\/100\n|switch|p2a: Mewthree|Espeon, M|100\/100\n|turn|1\n|\n|t:|1700360662\n|move|p2a: Mewthree|Thunder Wave|p1a: Dunsparce\n|-status|p1a: Dunsparce|par\n|cant|p1a: Dunsparce|par\n|\n|upkeep\n|turn|2\n|\n|t:|1700360676\n|move|p2a: Mewthree|Psychic|p1a: Dunsparce\n|-damage|p1a: Dunsparce|65\/100 par\n|-unboost|p1a: Dunsparce|spd|1\n|move|p1a: Dunsparce|Yawn|p2a: Mewthree\n|move|p2a: Mewthree|Yawn||[from]ability: Magic Bounce|[still]\n|-fail|p2a: Mewthree\n|\n|upkeep\n|turn|3\n|\n|t:|1700360693\n|switch|p1a: Cinderace|Cinderace, F, shiny|100\/100\n|move|p2a: Mewthree|Psychic|p1a: Cinderace\n|-damage|p1a: Cinderace|48\/100\n|\n|upkeep\n|turn|4\n|\n|t:|1700360700\n|move|p2a: Mewthree|Psychic|p1a: Cinderace\n|-damage|p1a: Cinderace|0 fnt\n|faint|p1a: Cinderace\n|\n|upkeep\n|\n|t:|1700360707\n|switch|p1a: Beartic|Beartic, M|100\/100\n|turn|5\n|\n|t:|1700360711\n|move|p2a: Mewthree|Thunder Wave|p1a: Beartic\n|-status|p1a: Beartic|par\n|move|p1a: Beartic|Roar|p2a: Mewthree\n|move|p2a: Mewthree|Roar|p1a: Beartic|[from]ability: Magic Bounce\n|drag|p1a: Zamazenta|Zamazenta-Crowned|100\/100\n|-ability|p1a: Zamazenta|Dauntless Shield|boost\n|-boost|p1a: Zamazenta|def|1\n|-enditem|p2a: Mewthree|Mirror Herb\n|-boost|p2a: Mewthree|def|1|[from] item: Mirror Herb\n|\n|upkeep\n|turn|6\n|\n|t:|1700360728\n|move|p2a: Mewthree|Psychic|p1a: Zamazenta\n|-damage|p1a: Zamazenta|68\/100\n|move|p1a: Zamazenta|Stone Edge|p2a: Mewthree\n|-damage|p2a: Mewthree|60\/100\n|\n|upkeep\n|turn|7\n|\n|t:|1700360739\n|move|p2a: Mewthree|Psychic|p1a: Zamazenta\n|-damage|p1a: Zamazenta|35\/100\n|move|p1a: Zamazenta|Stone Edge|p2a: Mewthree\n|-damage|p2a: Mewthree|23\/100\n|\n|upkeep\n|turn|8\n|\n|t:|1700360747\n|move|p2a: Mewthree|Psychic|p1a: Zamazenta\n|-damage|p1a: Zamazenta|1\/100\n|move|p1a: Zamazenta|Stone Edge|p2a: Mewthree\n|-damage|p2a: Mewthree|0 fnt\n|faint|p2a: Mewthree\n|\n|upkeep\n|\n|t:|1700360759\n|switch|p2a: Kitsune|Delphox, F|100\/100\n|turn|9\n|\n|t:|1700360765\n|move|p2a: Kitsune|Flamethrower|p1a: Zamazenta\n|-supereffective|p1a: Zamazenta\n|-damage|p1a: Zamazenta|0 fnt\n|faint|p1a: Zamazenta\n|\n|upkeep\n|\n|t:|1700360770\n|switch|p1a: Drednaw|Drednaw, M, shiny|100\/100\n|turn|10\n|\n|t:|1700360791\n|move|p2a: Kitsune|Psychic|p1a: Drednaw\n|-damage|p1a: Drednaw|68\/100\n|move|p1a: Drednaw|Waterfall|p2a: Kitsune\n|-damage|p2a: Kitsune|42\/100\n|replace|p2a: Lycanrock-Twilight|Zoroark-Hisui, F, shiny\n|-end|p2a: Lycanrock-Twilight|Illusion\n|\n|upkeep\n|turn|11\n|\n|t:|1700360807\n|move|p2a: Lycanrock-Twilight|Psychic|p1a: Drednaw\n|-damage|p1a: Drednaw|35\/100\n|move|p1a: Drednaw|Earthquake|p2a: Lycanrock-Twilight\n|-damage|p2a: Lycanrock-Twilight|0 fnt\n|faint|p2a: Lycanrock-Twilight\n|\n|upkeep\n|\n|t:|1700360821\n|switch|p2a: Ninefails|Ninetales, M, shiny|100\/100\n|-weather|SunnyDay|[from] ability: Drought|[of] p2a: Ninefails\n|turn|12\n|\n|t:|1700360839\n|-terastallize|p2a: Ninefails|Grass\n|move|p2a: Ninefails|Solar Beam||[still]\n|-prepare|p2a: Ninefails|Solar Beam\n|-anim|p2a: Ninefails|Solar Beam|p1a: Drednaw\n|-supereffective|p1a: Drednaw\n|-damage|p1a: Drednaw|0 fnt\n|faint|p1a: Drednaw\n|\n|-weather|SunnyDay|[upkeep]\n|upkeep\n|\n|t:|1700360853\n|switch|p1a: Toxtricity|Toxtricity, M, shiny|100\/100\n|turn|13\n|\n|t:|1700360859\n|move|p2a: Ninefails|Confuse Ray|p1a: Toxtricity\n|-start|p1a: Toxtricity|confusion\n|-activate|p1a: Toxtricity|confusion\n|-damage|p1a: Toxtricity|87\/100|[from] confusion\n|\n|-weather|SunnyDay|[upkeep]\n|-heal|p1a: Toxtricity|93\/100|[from] item: Black Sludge\n|upkeep\n|turn|14\n|\n|t:|1700360871\n|move|p2a: Ninefails|Flamethrower|p1a: Toxtricity\n|-damage|p1a: Toxtricity|21\/100\n|-activate|p1a: Toxtricity|confusion\n|-damage|p1a: Toxtricity|9\/100|[from] confusion\n|\n|-weather|SunnyDay|[upkeep]\n|-heal|p1a: Toxtricity|15\/100|[from] item: Black Sludge\n|upkeep\n|turn|15\n|\n|t:|1700360880\n|move|p2a: Ninefails|Flamethrower|p1a: Toxtricity\n|-damage|p1a: Toxtricity|0 fnt\n|faint|p1a: Toxtricity\n|\n|-weather|SunnyDay|[upkeep]\n|upkeep\n|\n|t:|1700360886\n|switch|p1a: Dunsparce|Dunsparce, M|65\/100 par\n|turn|16\n|\n|t:|1700360897\n|move|p2a: Ninefails|Flamethrower|p1a: Dunsparce\n|-damage|p1a: Dunsparce|21\/100 par\n|move|p1a: Dunsparce|Yawn|p2a: Ninefails\n|-start|p2a: Ninefails|move: Yawn|[of] p1a: Dunsparce\n|\n|-weather|none\n|upkeep\n|turn|17\n|\n|t:|1700360909\n|switch|p1a: Beartic|Beartic, M|100\/100 par\n|move|p2a: Ninefails|Flamethrower|p1a: Beartic\n|-supereffective|p1a: Beartic\n|-damage|p1a: Beartic|29\/100 par\n|\n|-end|p2a: Ninefails|move: Yawn|[silent]\n|-status|p2a: Ninefails|slp\n|upkeep\n|turn|18\n|\n|t:|1700360919\n|switch|p1a: Dunsparce|Dunsparce, M|21\/100 par\n|cant|p2a: Ninefails|slp\n|\n|upkeep\n|turn|19\n|\n|t:|1700360924\n|cant|p2a: Ninefails|slp\n|move|p1a: Dunsparce|Coil|p1a: Dunsparce\n|-boost|p1a: Dunsparce|atk|1\n|-boost|p1a: Dunsparce|def|1\n|-boost|p1a: Dunsparce|accuracy|1\n|\n|upkeep\n|turn|20\n|\n|t:|1700360931\n|cant|p2a: Ninefails|slp\n|cant|p1a: Dunsparce|par\n|\n|upkeep\n|turn|21\n|\n|t:|1700360937\n|-curestatus|p2a: Ninefails|slp|[msg]\n|move|p2a: Ninefails|Flamethrower|p1a: Dunsparce\n|-damage|p1a: Dunsparce|0 fnt\n|faint|p1a: Dunsparce\n|\n|upkeep\n|\n|t:|1700360944\n|switch|p1a: Beartic|Beartic, M|29\/100 par\n|turn|22\n|\n|t:|1700360948\n|move|p2a: Ninefails|Flamethrower|p1a: Beartic\n|-supereffective|p1a: Beartic\n|-damage|p1a: Beartic|0 fnt\n|faint|p1a: Beartic\n|\n|win|FemboyPlayer\n|raw|Kensnt's rating: 1021 &rarr; <strong>1012<\/strong><br \/>(-9 for losing)\n|raw|FemboyPlayer's rating: 1124 &rarr; <strong>1142<\/strong><br \/>(+18 for winning)\n","uploadtime":1700360954,"views":3,"p1id":"kensnt","p2id":"femboyplayer","formatid":"gen9anythinggoes","rating":1012,"private":0,"password":""}