{"id":"gen9anythinggoes-1978405351","p1":"CN nanfeng","p2":"sendfreegifttome","format":"[Gen 9] Anything Goes","log":"|j|\u2606CN nanfeng\n|j|\u2606sendfreegifttome\n|t:|1698534733\n|gametype|singles\n|player|p1|CN nanfeng|pokemaniac|1182\n|player|p2|sendfreegifttome|nate|1193\n|teamsize|p1|6\n|teamsize|p2|6\n|gen|9\n|tier|[Gen 9] Anything Goes\n|rated|\n|rule|HP Percentage Mod: HP is shown in percentages\n|rule|Endless Battle Clause: Forcing endless battles is banned\n|clearpoke\n|poke|p1|Heracross, M|\n|poke|p1|Heracross, M|\n|poke|p1|Heracross, M|\n|poke|p1|Heracross, M|\n|poke|p1|Heracross, M|\n|poke|p1|Heracross, M|\n|poke|p2|Calyrex-Shadow|\n|poke|p2|Kyogre|\n|poke|p2|Mewtwo|\n|poke|p2|Clodsire, F|\n|poke|p2|Giratina-Origin|\n|poke|p2|Groudon|\n|teampreview\n|inactive|Battle timer is ON: inactive players will automatically lose when time's up. (requested by sendfreegifttome)\n|inactive|CN nanfeng also wants the timer to be on.\n|\n|t:|1698534741\n|start\n|switch|p1a: Heracross|Heracross, M|100\/100\n|switch|p2a: Groudon|Groudon, shiny|100\/100\n|-weather|SunnyDay|[from] ability: Drought|[of] p2a: Groudon\n|turn|1\n|\n|t:|1698534750\n|move|p2a: Groudon|Flamethrower|p1a: Heracross\n|-supereffective|p1a: Heracross\n|-damage|p1a: Heracross|22\/100\n|move|p1a: Heracross|Bullet Seed|p2a: Groudon\n|-supereffective|p2a: Groudon\n|-damage|p2a: Groudon|88\/100\n|-supereffective|p2a: Groudon\n|-damage|p2a: Groudon|75\/100\n|-supereffective|p2a: Groudon\n|-damage|p2a: Groudon|62\/100\n|-supereffective|p2a: Groudon\n|-damage|p2a: Groudon|48\/100\n|-supereffective|p2a: Groudon\n|-damage|p2a: Groudon|36\/100\n|-hitcount|p2a: Groudon|5\n|\n|-weather|SunnyDay|[upkeep]\n|-heal|p2a: Groudon|42\/100|[from] item: Leftovers\n|upkeep\n|turn|2\n|\n|t:|1698534763\n|move|p2a: Groudon|Flamethrower|p1a: Heracross\n|-supereffective|p1a: Heracross\n|-damage|p1a: Heracross|0 fnt\n|faint|p1a: Heracross\n|\n|-weather|SunnyDay|[upkeep]\n|-heal|p2a: Groudon|48\/100|[from] item: Leftovers\n|upkeep\n|\n|t:|1698534769\n|switch|p1a: Heracross|Heracross, M|100\/100\n|turn|3\n|\n|t:|1698534773\n|move|p2a: Groudon|Flamethrower|p1a: Heracross\n|-supereffective|p1a: Heracross\n|-damage|p1a: Heracross|31\/100\n|move|p1a: Heracross|Bullet Seed|p2a: Groudon\n|-supereffective|p2a: Groudon\n|-damage|p2a: Groudon|36\/100\n|-supereffective|p2a: Groudon\n|-damage|p2a: Groudon|23\/100\n|-supereffective|p2a: Groudon\n|-damage|p2a: Groudon|10\/100\n|-supereffective|p2a: Groudon\n|-crit|p2a: Groudon\n|-damage|p2a: Groudon|0 fnt\n|faint|p2a: Groudon\n|-ability|p1a: Heracross|Moxie|boost\n|-boost|p1a: Heracross|atk|1\n|-hitcount|p2: Groudon|4\n|\n|-weather|SunnyDay|[upkeep]\n|upkeep\n|\n|t:|1698534785\n|switch|p2a: Clodsire|Clodsire, F, shiny|100\/100\n|turn|4\n|\n|t:|1698534792\n|move|p1a: Heracross|Close Combat|p2a: Clodsire\n|-resisted|p2a: Clodsire\n|-damage|p2a: Clodsire|53\/100\n|-unboost|p1a: Heracross|def|1\n|-unboost|p1a: Heracross|spd|1\n|move|p2a: Clodsire|Toxic|p1a: Heracross\n|-status|p1a: Heracross|tox\n|\n|-weather|SunnyDay|[upkeep]\n|-damage|p1a: Heracross|25\/100 tox|[from] psn\n|upkeep\n|turn|5\n|\n|t:|1698534801\n|move|p1a: Heracross|Bullet Seed|p2a: Clodsire\n|-damage|p2a: Clodsire|39\/100\n|-damage|p2a: Clodsire|26\/100\n|-damage|p2a: Clodsire|13\/100\n|-damage|p2a: Clodsire|0 fnt\n|faint|p2a: Clodsire\n|-ability|p1a: Heracross|Moxie|boost\n|-boost|p1a: Heracross|atk|1\n|-hitcount|p2: Clodsire|4\n|\n|-weather|none\n|-damage|p1a: Heracross|13\/100 tox|[from] psn\n|upkeep\n|\n|t:|1698534813\n|switch|p2a: Mewtwo|Mewtwo, shiny|100\/100\n|-ability|p2a: Mewtwo|Pressure\n|turn|6\n|\n|t:|1698534822\n|move|p2a: Mewtwo|Psystrike|p1a: Heracross\n|-supereffective|p1a: Heracross\n|-damage|p1a: Heracross|0 fnt\n|faint|p1a: Heracross\n|\n|upkeep\n|\n|t:|1698534827\n|switch|p1a: Heracross|Heracross, M|100\/100\n|turn|7\n|\n|t:|1698534830\n|-terastallize|p2a: Mewtwo|Psychic\n|move|p2a: Mewtwo|Psystrike|p1a: Heracross\n|-supereffective|p1a: Heracross\n|-damage|p1a: Heracross|0 fnt\n|faint|p1a: Heracross\n|\n|upkeep\n|\n|t:|1698534835\n|switch|p1a: Heracross|Heracross, M|100\/100\n|turn|8\n|\n|t:|1698534840\n|-terastallize|p1a: Heracross|Rock\n|move|p2a: Mewtwo|Psystrike|p1a: Heracross\n|-damage|p1a: Heracross|0 fnt\n|faint|p1a: Heracross\n|\n|upkeep\n|-message|CN nanfeng forfeited.\n|\n|win|sendfreegifttome\n|raw|CN nanfeng's rating: 1182 &rarr; <strong>1158<\/strong><br \/>(-24 for losing)\n|raw|sendfreegifttome's rating: 1193 &rarr; <strong>1217<\/strong><br \/>(+24 for winning)\n|l|\u2606CN nanfeng\n","uploadtime":1698534857,"views":9,"p1id":"cnnanfeng","p2id":"sendfreegifttome","formatid":"gen9anythinggoes","rating":1158,"private":0,"password":""}