{"id":"gen9anythinggoes-1974420231","p1":"ResurrectedDragon","p2":"VioletLily23","format":"[Gen 9] Anything Goes","log":"|j|\u2606ResurrectedDragon\n|j|\u2606VioletLily23\n|t:|1698085546\n|gametype|singles\n|player|p1|ResurrectedDragon|unknown|1172\n|player|p2|VioletLily23|clerkf|1100\n|teamsize|p1|6\n|teamsize|p2|6\n|gen|9\n|tier|[Gen 9] Anything Goes\n|rated|\n|rule|HP Percentage Mod: HP is shown in percentages\n|rule|Endless Battle Clause: Forcing endless battles is banned\n|clearpoke\n|poke|p1|Scizor, M|\n|poke|p1|Chi-Yu|\n|poke|p1|Pelipper, M|\n|poke|p1|Garganacl, M|\n|poke|p1|Zacian-*|\n|poke|p1|Toxapex, F|\n|poke|p2|Maushold-Four|\n|poke|p2|Orthworm, F|\n|poke|p2|Ogerpon-Hearthflame, F|\n|poke|p2|Flamigo, F|\n|poke|p2|Tatsugiri, F|\n|poke|p2|Bellibolt, M|\n|teampreview\n|\n|t:|1698085550\n|start\n|switch|p1a: Scizor|Scizor, M|100\/100\n|switch|p2a: happy family|Maushold-Four|100\/100\n|turn|1\n|\n|t:|1698085559\n|move|p2a: happy family|Tidy Up|p2a: happy family\n|-boost|p2a: happy family|atk|1\n|-boost|p2a: happy family|spe|1\n|move|p1a: Scizor|Swords Dance|p1a: Scizor\n|-boost|p1a: Scizor|atk|2\n|\n|upkeep\n|turn|2\n|\n|t:|1698085565\n|move|p2a: happy family|Population Bomb|p1a: Scizor|[miss]\n|-miss|p2a: happy family|p1a: Scizor\n|move|p1a: Scizor|Swords Dance|p1a: Scizor\n|-boost|p1a: Scizor|atk|2\n|\n|upkeep\n|turn|3\n|\n|t:|1698085573\n|move|p2a: happy family|Population Bomb|p1a: Scizor\n|-resisted|p1a: Scizor\n|-damage|p1a: Scizor|91\/100\n|-resisted|p1a: Scizor\n|-damage|p1a: Scizor|81\/100\n|-resisted|p1a: Scizor\n|-damage|p1a: Scizor|72\/100\n|-resisted|p1a: Scizor\n|-damage|p1a: Scizor|62\/100\n|-resisted|p1a: Scizor\n|-damage|p1a: Scizor|54\/100\n|-resisted|p1a: Scizor\n|-damage|p1a: Scizor|44\/100\n|-resisted|p1a: Scizor\n|-damage|p1a: Scizor|35\/100\n|-resisted|p1a: Scizor\n|-damage|p1a: Scizor|25\/100\n|-resisted|p1a: Scizor\n|-damage|p1a: Scizor|16\/100\n|-resisted|p1a: Scizor\n|-damage|p1a: Scizor|7\/100\n|-hitcount|p1a: Scizor|10\n|move|p1a: Scizor|Baton Pass|p1a: Scizor\n|\n|t:|1698085591\n|switch|p1a: Zacian|Zacian-Crowned|100\/100|[from] Baton Pass\n|-ability|p1a: Zacian|Intrepid Sword|boost\n|-boost|p1a: Zacian|atk|1\n|\n|upkeep\n|turn|4\n|\n|t:|1698085604\n|move|p2a: happy family|Population Bomb|p1a: Zacian\n|-resisted|p1a: Zacian\n|-damage|p1a: Zacian|92\/100\n|-hitcount|p1a: Zacian|1\n|move|p1a: Zacian|Sacred Sword|p2a: happy family\n|-supereffective|p2a: happy family\n|-damage|p2a: happy family|0 fnt\n|faint|p2a: happy family\n|\n|upkeep\n|\n|t:|1698085616\n|switch|p2a: squishmallow|Bellibolt, M|100\/100\n|turn|5\n|\n|t:|1698085622\n|move|p1a: Zacian|Trailblaze|p2a: squishmallow\n|-damage|p2a: squishmallow|39\/100\n|-boost|p1a: Zacian|spe|1\n|-start|p2a: squishmallow|Charge|Trailblaze|[from] ability: Electromorphosis\n|move|p2a: squishmallow|Discharge|p1a: Zacian\n|-damage|p1a: Zacian|25\/100\n|-end|p2a: squishmallow|Charge|[silent]\n|\n|-heal|p2a: squishmallow|45\/100|[from] item: Leftovers\n|upkeep\n|turn|6\n|\n|t:|1698085633\n|move|p2a: squishmallow|Protect|p2a: squishmallow\n|-singleturn|p2a: squishmallow|Protect\n|move|p1a: Zacian|Trailblaze|p2a: squishmallow\n|-activate|p2a: squishmallow|move: Protect\n|\n|-heal|p2a: squishmallow|51\/100|[from] item: Leftovers\n|upkeep\n|turn|7\n|\n|t:|1698085642\n|move|p1a: Zacian|Trailblaze|p2a: squishmallow\n|-damage|p2a: squishmallow|0 fnt\n|-boost|p1a: Zacian|spe|1\n|faint|p2a: squishmallow\n|\n|upkeep\n|\n|t:|1698085651\n|switch|p2a: gremlin|Ogerpon-Hearthflame, F|100\/100\n|-ability|p2a: gremlin|Mold Breaker\n|turn|8\n|\n|t:|1698085664\n|move|p1a: Zacian|Play Rough|p2a: gremlin|[miss]\n|-miss|p1a: Zacian|p2a: gremlin\n|move|p2a: gremlin|Ivy Cudgel|p1a: Zacian\n|-supereffective|p1a: Zacian\n|-damage|p1a: Zacian|0 fnt\n|faint|p1a: Zacian\n|\n|upkeep\n|\n|t:|1698085673\n|switch|p1a: Garganacl|Garganacl, M|100\/100\n|turn|9\n|\n|t:|1698085684\n|move|p2a: gremlin|Leech Seed|p1a: Garganacl\n|-start|p1a: Garganacl|move: Leech Seed\n|move|p1a: Garganacl|Salt Cure|p2a: gremlin\n|-supereffective|p2a: gremlin\n|-damage|p2a: gremlin|55\/100\n|-start|p2a: gremlin|Salt Cure\n|\n|-damage|p1a: Garganacl|88\/100|[from] Leech Seed|[of] p2a: gremlin\n|-heal|p2a: gremlin|71\/100|[silent]\n|-damage|p2a: gremlin|59\/100|[from] Salt Cure\n|upkeep\n|turn|10\n|\n|t:|1698085696\n|move|p2a: gremlin|Knock Off|p1a: Garganacl\n|-damage|p1a: Garganacl|66\/100\n|-enditem|p1a: Garganacl|Sitrus Berry|[from] move: Knock Off|[of] p2a: gremlin\n|move|p1a: Garganacl|Rock Slide|p2a: gremlin\n|-supereffective|p2a: gremlin\n|-damage|p2a: gremlin|0 fnt\n|faint|p2a: gremlin\n|\n|upkeep\n|\n|t:|1698085706\n|switch|p2a: worm :D|Orthworm, F|100\/100\n|turn|11\n|\n|t:|1698085712\n|move|p2a: worm :D|Iron Head|p1a: Garganacl\n|-supereffective|p1a: Garganacl\n|-damage|p1a: Garganacl|22\/100\n|cant|p1a: Garganacl|flinch\n|\n|-damage|p1a: Garganacl|10\/100|[from] Leech Seed|[of] p2a: worm :D\n|upkeep\n|turn|12\n|\n|t:|1698085726\n|move|p2a: worm :D|Iron Head|p1a: Garganacl\n|-supereffective|p1a: Garganacl\n|-damage|p1a: Garganacl|0 fnt\n|faint|p1a: Garganacl\n|\n|upkeep\n|\n|t:|1698085730\n|switch|p1a: Chi-Yu|Chi-Yu|100\/100\n|-ability|p1a: Chi-Yu|Beads of Ruin\n|turn|13\n|\n|t:|1698085735\n|-terastallize|p1a: Chi-Yu|Dark\n|move|p1a: Chi-Yu|Flamethrower|p2a: worm :D\n|-supereffective|p2a: worm :D\n|-damage|p2a: worm :D|0 fnt\n|faint|p2a: worm :D\n|\n|upkeep\n|\n|t:|1698085741\n|switch|p2a: shrimp|Tatsugiri, F|100\/100\n|turn|14\n|\n|t:|1698085750\n|switch|p1a: Scizor|Scizor, M|7\/100\n|move|p2a: shrimp|Dragon Dance|p2a: shrimp\n|-boost|p2a: shrimp|atk|1\n|-boost|p2a: shrimp|spe|1\n|\n|upkeep\n|turn|15\n|\n|t:|1698085756\n|move|p1a: Scizor|Bullet Punch|p2a: shrimp\n|-resisted|p2a: shrimp\n|-damage|p2a: shrimp|87\/100\n|move|p2a: shrimp|Dragon Pulse|p1a: Scizor\n|-resisted|p1a: Scizor\n|-damage|p1a: Scizor|0 fnt\n|faint|p1a: Scizor\n|-damage|p2a: shrimp|77\/100|[from] item: Life Orb\n|\n|upkeep\n|\n|t:|1698085764\n|switch|p1a: Toxapex|Toxapex, F|100\/100\n|turn|16\n|\n|t:|1698085769\n|move|p2a: shrimp|Dragon Dance|p2a: shrimp\n|-boost|p2a: shrimp|atk|1\n|-boost|p2a: shrimp|spe|1\n|move|p1a: Toxapex|Toxic|p2a: shrimp\n|-status|p2a: shrimp|tox\n|\n|-damage|p2a: shrimp|71\/100 tox|[from] psn\n|upkeep\n|turn|17\n|\n|t:|1698085776\n|move|p1a: Toxapex|Baneful Bunker|p1a: Toxapex\n|-singleturn|p1a: Toxapex|move: Protect\n|move|p2a: shrimp|Dragon Pulse|p1a: Toxapex\n|-activate|p1a: Toxapex|move: Protect\n|\n|-damage|p2a: shrimp|58\/100 tox|[from] psn\n|upkeep\n|turn|18\n|\n|t:|1698085784\n|switch|p1a: Pelipper|Pelipper, M|100\/100\n|move|p2a: shrimp|Dragon Pulse|p1a: Pelipper\n|-damage|p1a: Pelipper|28\/100\n|-damage|p2a: shrimp|49\/100 tox|[from] item: Life Orb\n|\n|-damage|p2a: shrimp|30\/100 tox|[from] psn\n|upkeep\n|turn|19\n|\n|t:|1698085792\n|move|p2a: shrimp|Dragon Pulse|p1a: Pelipper\n|-damage|p1a: Pelipper|0 fnt\n|faint|p1a: Pelipper\n|-damage|p2a: shrimp|20\/100 tox|[from] item: Life Orb\n|\n|-damage|p2a: shrimp|0 fnt|[from] psn\n|faint|p2a: shrimp\n|upkeep\n|\n|t:|1698085808\n|switch|p2a: lawn deco|Flamigo, F|100\/100\n|switch|p1a: Toxapex|Toxapex, F|100\/100\n|turn|20\n|\n|t:|1698085813\n|move|p2a: lawn deco|Swords Dance|p2a: lawn deco\n|-boost|p2a: lawn deco|atk|2\n|move|p1a: Toxapex|Toxic|p2a: lawn deco\n|-status|p2a: lawn deco|tox\n|\n|-damage|p2a: lawn deco|94\/100 tox|[from] psn\n|upkeep\n|turn|21\n|\n|t:|1698085821\n|move|p1a: Toxapex|Baneful Bunker|p1a: Toxapex\n|-singleturn|p1a: Toxapex|move: Protect\n|move|p2a: lawn deco|Swords Dance|p2a: lawn deco\n|-boost|p2a: lawn deco|atk|2\n|\n|-damage|p2a: lawn deco|82\/100 tox|[from] psn\n|upkeep\n|turn|22\n|\n|t:|1698085829\n|move|p2a: lawn deco|Brave Bird|p1a: Toxapex\n|-damage|p1a: Toxapex|0 fnt\n|faint|p1a: Toxapex\n|-damage|p2a: lawn deco|49\/100 tox|[from] Recoil\n|\n|-damage|p2a: lawn deco|30\/100 tox|[from] psn\n|upkeep\n|\n|t:|1698085835\n|switch|p1a: Chi-Yu|Chi-Yu, tera:Dark|100\/100\n|-ability|p1a: Chi-Yu|Beads of Ruin\n|turn|23\n|\n|t:|1698085841\n|move|p1a: Chi-Yu|Dark Pulse|p2a: lawn deco\n|-resisted|p2a: lawn deco\n|-damage|p2a: lawn deco|0 fnt\n|faint|p2a: lawn deco\n|\n|win|ResurrectedDragon\n|raw|ResurrectedDragon's rating: 1172 &rarr; <strong>1192<\/strong><br \/>(+20 for winning)\n|raw|VioletLily23's rating: 1100 &rarr; <strong>1080<\/strong><br \/>(-20 for losing)\n|l|\u2606VioletLily23\n","uploadtime":1698085855,"views":11,"p1id":"resurrecteddragon","p2id":"violetlily23","formatid":"gen9anythinggoes","rating":1080,"private":0,"password":""}