{"id":"gen9anythinggoes-1982001780","p1":"Larooni","p2":"ChimeBliss","format":"[Gen 9] Anything Goes","log":"|j|\u2606Larooni\n|j|\u2606ChimeBliss\n|t:|1698958598\n|gametype|singles\n|player|p1|Larooni|doctor|1429\n|player|p2|ChimeBliss|dawn-gen4pt|1437\n|teamsize|p1|6\n|teamsize|p2|6\n|gen|9\n|tier|[Gen 9] Anything Goes\n|rated|\n|rule|HP Percentage Mod: HP is shown in percentages\n|rule|Endless Battle Clause: Forcing endless battles is banned\n|clearpoke\n|poke|p1|Calyrex-Shadow|\n|poke|p1|Frosmoth, M|\n|poke|p1|Koraidon|\n|poke|p1|Miraidon|\n|poke|p1|Chien-Pao|\n|poke|p1|Zacian-*|\n|poke|p2|Grimmsnarl, M|\n|poke|p2|Glimmora, F|\n|poke|p2|Arceus|\n|poke|p2|Arceus-Ground|\n|poke|p2|Koraidon|\n|poke|p2|Calyrex-Shadow|\n|teampreview\n|inactive|Battle timer is ON: inactive players will automatically lose when time's up. (requested by ChimeBliss)\n|inactive|Larooni also wants the timer to be on.\n|\n|t:|1698958607\n|start\n|switch|p1a: Zacian|Zacian|100\/100\n|switch|p2a: Glimmora|Glimmora, F|100\/100\n|-ability|p1a: Zacian|Intrepid Sword|boost\n|-boost|p1a: Zacian|atk|1\n|turn|1\n|\n|t:|1698958611\n|move|p1a: Zacian|Iron Head|p2a: Glimmora\n|-supereffective|p2a: Glimmora\n|-enditem|p2a: Glimmora|Focus Sash\n|-damage|p2a: Glimmora|1\/100\n|-activate|p2a: Glimmora|ability: Toxic Debris\n|-sidestart|p1: Larooni|move: Toxic Spikes\n|cant|p2a: Glimmora|flinch\n|\n|upkeep\n|turn|2\n|\n|t:|1698958618\n|move|p1a: Zacian|Iron Head|p2a: Glimmora\n|-supereffective|p2a: Glimmora\n|-damage|p2a: Glimmora|0 fnt\n|-activate|p2a: Glimmora|ability: Toxic Debris\n|-sidestart|p1: Larooni|move: Toxic Spikes\n|faint|p2a: Glimmora\n|\n|upkeep\n|\n|t:|1698958627\n|switch|p2a: Grimmsnarl|Grimmsnarl, M|100\/100\n|turn|3\n|\n|t:|1698958629\n|move|p2a: Grimmsnarl|Reflect|p2a: Grimmsnarl\n|-sidestart|p2: ChimeBliss|Reflect\n|move|p1a: Zacian|Iron Head|p2a: Grimmsnarl\n|-supereffective|p2a: Grimmsnarl\n|-damage|p2a: Grimmsnarl|50\/100\n|\n|upkeep\n|turn|4\n|\n|t:|1698958633\n|move|p2a: Grimmsnarl|Light Screen|p2a: Grimmsnarl\n|-sidestart|p2: ChimeBliss|move: Light Screen\n|move|p1a: Zacian|Iron Head|p2a: Grimmsnarl\n|-supereffective|p2a: Grimmsnarl\n|-damage|p2a: Grimmsnarl|0 fnt\n|faint|p2a: Grimmsnarl\n|\n|upkeep\n|\n|t:|1698958658\n|switch|p2a: Arceus|Arceus-Ground|100\/100\n|turn|5\n|\n|t:|1698958661\n|move|p1a: Zacian|Iron Head|p2a: Arceus\n|-damage|p2a: Arceus|84\/100\n|move|p2a: Arceus|Dragon Dance|p2a: Arceus\n|-boost|p2a: Arceus|atk|1\n|-boost|p2a: Arceus|spe|1\n|\n|upkeep\n|turn|6\n|\n|t:|1698958665\n|move|p1a: Zacian|Iron Head|p2a: Arceus\n|-damage|p2a: Arceus|68\/100\n|move|p2a: Arceus|Dragon Dance|p2a: Arceus\n|-boost|p2a: Arceus|atk|1\n|-boost|p2a: Arceus|spe|1\n|\n|upkeep\n|turn|7\n|\n|t:|1698958671\n|move|p2a: Arceus|Earthquake|p1a: Zacian\n|-damage|p1a: Zacian|0 fnt\n|faint|p1a: Zacian\n|\n|upkeep\n|\n|t:|1698958682\n|switch|p1a: Chien-Pao|Chien-Pao|100\/100\n|-ability|p1a: Chien-Pao|Sword of Ruin\n|turn|8\n|\n|t:|1698958688\n|move|p1a: Chien-Pao|Sucker Punch|p2a: Arceus\n|-damage|p2a: Arceus|50\/100\n|move|p2a: Arceus|Earthquake|p1a: Chien-Pao\n|-damage|p1a: Chien-Pao|0 fnt\n|faint|p1a: Chien-Pao\n|\n|upkeep\n|\n|t:|1698958696\n|switch|p1a: Frosmoth|Frosmoth, M|100\/100\n|turn|9\n|\n|t:|1698958700\n|move|p2a: Arceus|Earthquake|p1a: Frosmoth\n|-resisted|p1a: Frosmoth\n|-damage|p1a: Frosmoth|0 fnt\n|faint|p1a: Frosmoth\n|\n|upkeep\n|\n|t:|1698958707\n|switch|p1a: Miraidon|Miraidon|100\/100\n|-fieldstart|move: Electric Terrain|[from] ability: Hadron Engine|[of] p1a: Miraidon\n|turn|10\n|\n|t:|1698958712\n|-terastallize|p2a: Arceus|Fairy\n|move|p2a: Arceus|Tera Blast|p1a: Miraidon|[anim] Tera Blast Fairy\n|-supereffective|p1a: Miraidon\n|-damage|p1a: Miraidon|0 fnt\n|faint|p1a: Miraidon\n|\n|-sideend|p2: ChimeBliss|Reflect\n|upkeep\n|\n|t:|1698958719\n|switch|p1a: Koraidon|Koraidon|100\/100\n|-weather|SunnyDay|[from] ability: Orichalcum Pulse|[of] p1a: Koraidon\n|-activate|p1a: Koraidon|Orichalcum Pulse|[source]\n|turn|11\n|\n|t:|1698958726\n|-terastallize|p1a: Koraidon|Fire\n|move|p2a: Arceus|Earthquake|p1a: Koraidon\n|-supereffective|p1a: Koraidon\n|-damage|p1a: Koraidon|0 fnt\n|faint|p1a: Koraidon\n|\n|-weather|SunnyDay|[upkeep]\n|-sideend|p2: ChimeBliss|move: Light Screen\n|upkeep\n|-message|Larooni forfeited.\n|\n|win|ChimeBliss\n|raw|Larooni's rating: 1429 &rarr; <strong>1409<\/strong><br \/>(-20 for losing)\n|raw|ChimeBliss's rating: 1437 &rarr; <strong>1457<\/strong><br \/>(+20 for winning)\n|l|\u2606Larooni\n","uploadtime":1698958737,"views":4,"p1id":"larooni","p2id":"chimebliss","formatid":"gen9anythinggoes","rating":1409,"private":0,"password":""}