{"id":"gen9anythinggoes-1980629023","p1":"freezersan0","p2":"Ankun4","format":"[Gen 9] Anything Goes","log":"|j|\u2606freezersan0\n|j|\u2606Ankun4\n|t:|1698805147\n|gametype|singles\n|player|p1|freezersan0|unknown|1000\n|player|p2|Ankun4|101|1058\n|teamsize|p1|6\n|teamsize|p2|6\n|gen|9\n|tier|[Gen 9] Anything Goes\n|rated|\n|rule|HP Percentage Mod: HP is shown in percentages\n|rule|Endless Battle Clause: Forcing endless battles is banned\n|clearpoke\n|poke|p1|Zapdos|\n|poke|p1|Snorlax, M|\n|poke|p1|Mew|\n|poke|p1|Vaporeon, M|\n|poke|p1|Arcanine, M|\n|poke|p1|Weezing, M|\n|poke|p2|Pikachu, M|\n|poke|p2|Abomasnow, M|\n|poke|p2|Hippowdon, F|\n|poke|p2|Empoleon, F|\n|poke|p2|Ninetales, F|\n|poke|p2|Girafarig, F|\n|teampreview\n|c|\u2606freezersan0|again\n|\n|t:|1698805156\n|start\n|switch|p1a: Mewone|Mew|100\/100\n|switch|p2a: Pikachu|Pikachu, M|100\/100\n|turn|1\n|inactive|Battle timer is ON: inactive players will automatically lose when time's up. (requested by freezersan0)\n|\n|t:|1698805168\n|move|p2a: Pikachu|Nasty Plot|p2a: Pikachu\n|-boost|p2a: Pikachu|spa|2\n|move|p1a: Mewone|Toxic Spikes|p2a: Pikachu\n|-sidestart|p2: Ankun4|move: Toxic Spikes\n|\n|upkeep\n|turn|2\n|\n|t:|1698805174\n|move|p2a: Pikachu|Thunderbolt|p1a: Mewone\n|-damage|p1a: Mewone|17\/100\n|-enditem|p1a: Mewone|Sitrus Berry|[eat]\n|-heal|p1a: Mewone|42\/100|[from] item: Sitrus Berry\n|move|p1a: Mewone|Stealth Rock|p2a: Pikachu\n|-sidestart|p2: Ankun4|move: Stealth Rock\n|\n|upkeep\n|turn|3\n|\n|t:|1698805182\n|switch|p1a: Zapdos|Zapdos|100\/100\n|move|p2a: Pikachu|Thunderbolt|p1a: Zapdos\n|-damage|p1a: Zapdos|0 fnt\n|faint|p1a: Zapdos\n|\n|upkeep\n|\n|t:|1698805188\n|switch|p1a: Arcanine|Arcanine, M|100\/100\n|-ability|p1a: Arcanine|Intimidate|boost\n|-unboost|p2a: Pikachu|atk|1\n|turn|4\n|\n|t:|1698805195\n|move|p2a: Pikachu|Volt Switch|p1a: Arcanine\n|-damage|p1a: Arcanine|5\/100\n|\n|t:|1698805206\n|switch|p2a: Abomasnow|Abomasnow, M|100\/100|[from] Volt Switch\n|-status|p2a: Abomasnow|psn\n|-damage|p2a: Abomasnow|76\/100 psn|[from] Stealth Rock\n|-weather|Snow|[from] ability: Snow Warning|[of] p2a: Abomasnow\n|move|p1a: Arcanine|Roar|p2a: Abomasnow\n|drag|p2a: Empoleon|Empoleon, F|100\/100\n|-damage|p2a: Empoleon|94\/100|[from] Stealth Rock\n|\n|-weather|Snow|[upkeep]\n|-heal|p1a: Arcanine|11\/100|[from] item: Leftovers\n|upkeep\n|turn|5\n|\n|t:|1698805219\n|switch|p1a: Weezing|Weezing, M|100\/100\n|-ability|p1a: Weezing|Neutralizing Gas\n|-item|p1a: Weezing|Air Balloon\n|move|p2a: Empoleon|Aqua Ring|p2a: Empoleon\n|-start|p2a: Empoleon|Aqua Ring\n|\n|-weather|Snow|[upkeep]\n|-heal|p2a: Empoleon|100\/100|[from] Aqua Ring\n|upkeep\n|turn|6\n|\n|t:|1698805231\n|move|p1a: Weezing|Will-O-Wisp|p2a: Empoleon\n|-status|p2a: Empoleon|brn\n|move|p2a: Empoleon|Body Slam|p1a: Weezing\n|-damage|p1a: Weezing|90\/100\n|-status|p1a: Weezing|par\n|-enditem|p1a: Weezing|Air Balloon\n|\n|-weather|Snow|[upkeep]\n|-damage|p2a: Empoleon|94\/100 brn|[from] brn\n|upkeep\n|turn|7\n|c|\u2606freezersan0|damn why\n|c|\u2606freezersan0|hacker\n|-message|freezersan0 forfeited.\n|\n|win|Ankun4\n|raw|freezersan0's rating: 1000 &rarr; <strong>1000<\/strong><br \/>(+0 for losing)\n|raw|Ankun4's rating: 1058 &rarr; <strong>1084<\/strong><br \/>(+26 for winning)\n|l|\u2606freezersan0\n","uploadtime":1698805291,"views":12,"p1id":"freezersan0","p2id":"ankun4","formatid":"gen9anythinggoes","rating":1000,"private":0,"password":""}