{"id":"gen9anythinggoes-1999398807","p1":"zcvawfawf","p2":"xcveraafwe","format":"[Gen 9] Anything Goes","log":"|j|\u2606zcvawfawf\n|j|\u2606xcveraafwe\n|t:|1701073815\n|gametype|singles\n|player|p1|zcvawfawf|2|\n|player|p2|xcveraafwe|102|\n|teamsize|p1|6\n|teamsize|p2|2\n|gen|9\n|tier|[Gen 9] Anything Goes\n|rule|HP Percentage Mod: HP is shown in percentages\n|rule|Endless Battle Clause: Forcing endless battles is banned\n|clearpoke\n|poke|p1|Toxapex, M|\n|poke|p1|Blissey, F|\n|poke|p1|Heatran, F|\n|poke|p1|Arceus|\n|poke|p1|Eternatus|\n|poke|p1|Dondozo, M|\n|poke|p2|Chi-Yu|\n|poke|p2|Ninetales, F|\n|teampreview\n|inactive|Battle timer is ON: inactive players will automatically lose when time's up. (requested by xcveraafwe)\n|\n|t:|1701073818\n|start\n|switch|p1a: Toxapex|Toxapex, M|100\/100\n|switch|p2a: Ninetales|Ninetales, F|100\/100\n|-weather|SunnyDay|[from] ability: Drought|[of] p2a: Ninetales\n|turn|1\n|\n|t:|1701073821\n|move|p1a: Toxapex|Haze|p1a: Toxapex\n|-clearallboost\n|move|p2a: Ninetales|Baton Pass|p2a: Ninetales\n|\n|t:|1701073822\n|switch|p2a: Chi-Yu|Chi-Yu|100\/100|[from] Baton Pass\n|-ability|p2a: Chi-Yu|Beads of Ruin\n|\n|-weather|SunnyDay|[upkeep]\n|upkeep\n|turn|2\n|\n|t:|1701073825\n|-terastallize|p2a: Chi-Yu|Fire\n|move|p2a: Chi-Yu|Overheat|p1a: Toxapex\n|-resisted|p1a: Toxapex\n|-damage|p1a: Toxapex|0 fnt\n|-unboost|p2a: Chi-Yu|spa|2\n|faint|p1a: Toxapex\n|\n|-weather|SunnyDay|[upkeep]\n|upkeep\n|\n|t:|1701073829\n|switch|p1a: Blissey|Blissey, F|100\/100\n|turn|3\n|\n|t:|1701073833\n|switch|p2a: Ninetales|Ninetales, F|100\/100\n|move|p1a: Blissey|Heal Bell||[still]\n|-activate|p1a: Blissey|move: Heal Bell\n|-fail|p1a: Blissey\n|\n|-weather|SunnyDay|[upkeep]\n|upkeep\n|turn|4\n|\n|t:|1701073836\n|move|p1a: Blissey|Gravity|p1a: Blissey\n|-fieldstart|move: Gravity\n|move|p2a: Ninetales|Baton Pass|p2a: Ninetales\n|\n|t:|1701073839\n|switch|p2a: Chi-Yu|Chi-Yu, tera:Fire|100\/100|[from] Baton Pass\n|-ability|p2a: Chi-Yu|Beads of Ruin\n|\n|-weather|SunnyDay|[upkeep]\n|upkeep\n|turn|5\n|\n|t:|1701073842\n|move|p2a: Chi-Yu|Overheat|p1a: Blissey\n|-damage|p1a: Blissey|0 fnt\n|-unboost|p2a: Chi-Yu|spa|2\n|faint|p1a: Blissey\n|\n|-weather|none\n|upkeep\n|\n|t:|1701073847\n|switch|p1a: Arceus|Arceus|100\/100\n|turn|6\n|\n|t:|1701073852\n|switch|p2a: Ninetales|Ninetales, F|100\/100\n|-weather|SunnyDay|[from] ability: Drought|[of] p2a: Ninetales\n|move|p1a: Arceus|Avalanche|p2a: Ninetales\n|-resisted|p2a: Ninetales\n|-damage|p2a: Ninetales|90\/100\n|\n|-weather|SunnyDay|[upkeep]\n|upkeep\n|turn|7\n|\n|t:|1701073855\n|move|p2a: Ninetales|Baton Pass|p2a: Ninetales\n|\n|t:|1701073857\n|switch|p2a: Chi-Yu|Chi-Yu, tera:Fire|100\/100|[from] Baton Pass\n|-ability|p2a: Chi-Yu|Beads of Ruin\n|move|p1a: Arceus|Avalanche|p2a: Chi-Yu\n|-resisted|p2a: Chi-Yu\n|-crit|p2a: Chi-Yu\n|-damage|p2a: Chi-Yu|81\/100\n|\n|-weather|SunnyDay|[upkeep]\n|upkeep\n|turn|8\n|\n|t:|1701073860\n|move|p2a: Chi-Yu|Overheat|p1a: Arceus\n|-damage|p1a: Arceus|0 fnt\n|-unboost|p2a: Chi-Yu|spa|2\n|faint|p1a: Arceus\n|\n|-weather|SunnyDay|[upkeep]\n|-fieldend|move: Gravity\n|upkeep\n|\n|t:|1701073866\n|switch|p1a: Eternatus|Eternatus|100\/100\n|-ability|p1a: Eternatus|Pressure\n|turn|9\n|\n|t:|1701073871\n|switch|p2a: Ninetales|Ninetales, F|90\/100\n|move|p1a: Eternatus|Dragon Tail|p2a: Ninetales\n|-damage|p2a: Ninetales|66\/100\n|drag|p2a: Chi-Yu|Chi-Yu, tera:Fire|81\/100\n|-ability|p2a: Chi-Yu|Beads of Ruin\n|\n|-weather|SunnyDay|[upkeep]\n|upkeep\n|turn|10\n|\n|t:|1701073876\n|move|p2a: Chi-Yu|Overheat|p1a: Eternatus\n|-resisted|p1a: Eternatus\n|-damage|p1a: Eternatus|0 fnt\n|-unboost|p2a: Chi-Yu|spa|2\n|faint|p1a: Eternatus\n|\n|-weather|none\n|upkeep\n|\n|t:|1701073880\n|switch|p1a: Dondozo|Dondozo, M|100\/100\n|turn|11\n|\n|t:|1701073885\n|switch|p2a: Ninetales|Ninetales, F|66\/100\n|-weather|SunnyDay|[from] ability: Drought|[of] p2a: Ninetales\n|move|p1a: Dondozo|Avalanche|p2a: Ninetales\n|-resisted|p2a: Ninetales\n|-damage|p2a: Ninetales|58\/100\n|\n|-weather|SunnyDay|[upkeep]\n|upkeep\n|turn|12\n|\n|t:|1701073887\n|move|p2a: Ninetales|Baton Pass|p2a: Ninetales\n|\n|t:|1701073888\n|switch|p2a: Chi-Yu|Chi-Yu, tera:Fire|81\/100|[from] Baton Pass\n|-ability|p2a: Chi-Yu|Beads of Ruin\n|move|p1a: Dondozo|Avalanche|p2a: Chi-Yu\n|-resisted|p2a: Chi-Yu\n|-damage|p2a: Chi-Yu|70\/100\n|\n|-weather|SunnyDay|[upkeep]\n|upkeep\n|turn|13\n|\n|t:|1701073891\n|move|p2a: Chi-Yu|Overheat|p1a: Dondozo\n|-resisted|p1a: Dondozo\n|-damage|p1a: Dondozo|0 fnt\n|-unboost|p2a: Chi-Yu|spa|2\n|faint|p1a: Dondozo\n|\n|-weather|SunnyDay|[upkeep]\n|upkeep\n|\n|t:|1701073894\n|switch|p1a: Heatran|Heatran, F|100\/100\n|turn|14\n|\n|t:|1701073900\n|switch|p2a: Ninetales|Ninetales, F|58\/100\n|move|p1a: Heatran|Solar Beam||[still]\n|-prepare|p1a: Heatran|Solar Beam\n|-anim|p1a: Heatran|Solar Beam|p2a: Ninetales\n|-resisted|p2a: Ninetales\n|-damage|p2a: Ninetales|41\/100\n|\n|-weather|SunnyDay|[upkeep]\n|upkeep\n|turn|15\n|\n|t:|1701073902\n|move|p1a: Heatran|Solar Beam||[still]\n|-prepare|p1a: Heatran|Solar Beam\n|-anim|p1a: Heatran|Solar Beam|p2a: Ninetales\n|-resisted|p2a: Ninetales\n|-damage|p2a: Ninetales|24\/100\n|move|p2a: Ninetales|Baton Pass|p2a: Ninetales\n|\n|t:|1701073903\n|switch|p2a: Chi-Yu|Chi-Yu, tera:Fire|70\/100|[from] Baton Pass\n|-ability|p2a: Chi-Yu|Beads of Ruin\n|\n|-weather|none\n|upkeep\n|turn|16\n|\n|t:|1701073910\n|switch|p2a: Ninetales|Ninetales, F|24\/100\n|-weather|SunnyDay|[from] ability: Drought|[of] p2a: Ninetales\n|move|p1a: Heatran|Solar Beam||[still]\n|-prepare|p1a: Heatran|Solar Beam\n|-anim|p1a: Heatran|Solar Beam|p2a: Ninetales\n|-resisted|p2a: Ninetales\n|-damage|p2a: Ninetales|7\/100\n|\n|-weather|SunnyDay|[upkeep]\n|upkeep\n|turn|17\n|\n|t:|1701073913\n|move|p1a: Heatran|Solar Beam||[still]\n|-prepare|p1a: Heatran|Solar Beam\n|-anim|p1a: Heatran|Solar Beam|p2a: Ninetales\n|-resisted|p2a: Ninetales\n|-damage|p2a: Ninetales|0 fnt\n|faint|p2a: Ninetales\n|\n|-weather|SunnyDay|[upkeep]\n|upkeep\n|\n|t:|1701073914\n|switch|p2a: Chi-Yu|Chi-Yu, tera:Fire|70\/100\n|-ability|p2a: Chi-Yu|Beads of Ruin\n|turn|18\n|\n|t:|1701073916\n|move|p2a: Chi-Yu|Overheat|p1a: Heatran\n|-damage|p1a: Heatran|0 fnt\n|-unboost|p2a: Chi-Yu|spa|2\n|faint|p1a: Heatran\n|\n|win|xcveraafwe\n|l|\u2606zcvawfawf\n","uploadtime":1701073924,"views":0,"p1id":"zcvawfawf","p2id":"xcveraafwe","formatid":"gen9anythinggoes","rating":0,"private":0,"password":""}