{"id":"gen9anythinggoes-1991753727","p1":"jhjgg","p2":"Future king of ou","format":"[Gen 9] Anything Goes","log":"|j|\u2606jhjgg\n|j|\u2606Future king of ou\n|inactive|Battle timer is ON: inactive players will automatically lose when time's up.\n|t:|1700111417\n|gametype|singles\n|player|p1|jhjgg|bugcatcher-gen4dp|\n|player|p2|Future king of ou|alec-anime|\n|teamsize|p1|6\n|teamsize|p2|6\n|gen|9\n|tier|[Gen 9] Anything Goes\n|rated|Tournament battle\n|rule|HP Percentage Mod: HP is shown in percentages\n|rule|Endless Battle Clause: Forcing endless battles is banned\n|rule|Tier Shift Mod: Pok\u00e9mon get stat buffs depending on their tier, excluding HP.\n|clearpoke\n|poke|p1|Tyranitar, F|\n|poke|p1|Meloetta|\n|poke|p1|Miraidon|\n|poke|p1|Braviary, M|\n|poke|p1|Articuno-Galar|\n|poke|p1|Piloswine, M|\n|poke|p2|Houndstone, F|\n|poke|p2|Hippowdon, F|\n|poke|p2|Wo-Chien|\n|poke|p2|Koraidon|\n|poke|p2|Calyrex-Shadow|\n|poke|p2|Cloyster, M|\n|teampreview\n|\n|t:|1700111436\n|start\n|switch|p1a: Miraidon|Miraidon|100\/100\n|switch|p2a: Hippowdon|Hippowdon, F|100\/100\n|-fieldstart|move: Electric Terrain|[from] ability: Hadron Engine|[of] p1a: Miraidon\n|-weather|Sandstorm|[from] ability: Sand Stream|[of] p2a: Hippowdon\n|turn|1\n|\n|t:|1700111458\n|switch|p1a: Piloswine|Piloswine, M|100\/100\n|move|p2a: Hippowdon|Stealth Rock|p1a: Piloswine\n|-sidestart|p1: jhjgg|move: Stealth Rock\n|\n|-weather|Sandstorm|[upkeep]\n|upkeep\n|turn|2\n|\n|t:|1700111476\n|move|p1a: Piloswine|Stealth Rock|p2a: Hippowdon\n|-sidestart|p2: Future king of ou|move: Stealth Rock\n|move|p2a: Hippowdon|Earthquake|p1a: Piloswine\n|-damage|p1a: Piloswine|77\/100\n|\n|-weather|Sandstorm|[upkeep]\n|upkeep\n|turn|3\n|\n|t:|1700111493\n|move|p1a: Piloswine|Avalanche|p2a: Hippowdon\n|-supereffective|p2a: Hippowdon\n|-damage|p2a: Hippowdon|69\/100\n|-damage|p1a: Piloswine|61\/100|[from] item: Rocky Helmet|[of] p2a: Hippowdon\n|move|p2a: Hippowdon|Whirlwind|p1a: Piloswine\n|drag|p1a: Meloetta|Meloetta|100\/100\n|-damage|p1a: Meloetta|88\/100|[from] Stealth Rock\n|\n|-weather|Sandstorm|[upkeep]\n|-damage|p1a: Meloetta|82\/100|[from] Sandstorm\n|-heal|p1a: Meloetta|88\/100|[from] item: Leftovers\n|upkeep\n|turn|4\n|\n|t:|1700111503\n|switch|p2a: Wo-Chien|Wo-Chien|100\/100\n|-damage|p2a: Wo-Chien|88\/100|[from] Stealth Rock\n|-ability|p2a: Wo-Chien|Tablets of Ruin\n|move|p1a: Meloetta|Shadow Ball|p2a: Wo-Chien\n|-resisted|p2a: Wo-Chien\n|-damage|p2a: Wo-Chien|82\/100\n|-unboost|p2a: Wo-Chien|spd|1\n|\n|-weather|Sandstorm|[upkeep]\n|-damage|p1a: Meloetta|82\/100|[from] Sandstorm\n|-damage|p2a: Wo-Chien|76\/100|[from] Sandstorm\n|-heal|p1a: Meloetta|88\/100|[from] item: Leftovers\n|-heal|p2a: Wo-Chien|82\/100|[from] item: Leftovers\n|upkeep\n|turn|5\n|inactive|Future king of ou has 120 seconds left.\n|\n|t:|1700111533\n|switch|p1a: Piloswine|Piloswine, M|61\/100\n|-damage|p1a: Piloswine|48\/100|[from] Stealth Rock\n|move|p2a: Wo-Chien|Knock Off|p1a: Piloswine\n|-damage|p1a: Piloswine|30\/100\n|-enditem|p1a: Piloswine|Eviolite|[from] move: Knock Off|[of] p2a: Wo-Chien\n|\n|-weather|none\n|-heal|p2a: Wo-Chien|88\/100|[from] item: Leftovers\n|-fieldend|move: Electric Terrain\n|upkeep\n|turn|6\n|\n|t:|1700111543\n|move|p2a: Wo-Chien|Protect|p2a: Wo-Chien\n|-singleturn|p2a: Wo-Chien|Protect\n|move|p1a: Piloswine|Avalanche|p2a: Wo-Chien\n|-activate|p2a: Wo-Chien|move: Protect\n|\n|-heal|p2a: Wo-Chien|95\/100|[from] item: Leftovers\n|upkeep\n|turn|7\n|\n|t:|1700111549\n|switch|p2a: Calyrex|Calyrex-Shadow|100\/100\n|-ability|p2a: Calyrex|As One\n|-ability|p2a: Calyrex|Unnerve\n|-damage|p2a: Calyrex|88\/100|[from] Stealth Rock\n|move|p1a: Piloswine|Avalanche|p2a: Calyrex\n|-damage|p2a: Calyrex|46\/100\n|\n|upkeep\n|turn|8\n|\n|t:|1700111560\n|switch|p1a: Tyranitar|Tyranitar, F|100\/100\n|-damage|p1a: Tyranitar|88\/100|[from] Stealth Rock\n|-weather|Sandstorm|[from] ability: Sand Stream|[of] p1a: Tyranitar\n|move|p2a: Calyrex|Grass Knot|p1a: Tyranitar\n|-supereffective|p1a: Tyranitar\n|-damage|p1a: Tyranitar|41\/100\n|\n|-weather|Sandstorm|[upkeep]\n|-damage|p2a: Calyrex|40\/100|[from] Sandstorm\n|-heal|p1a: Tyranitar|47\/100|[from] item: Leftovers\n|upkeep\n|turn|9\n|\n|t:|1700111565\n|move|p1a: Tyranitar|Protect|p1a: Tyranitar\n|-singleturn|p1a: Tyranitar|Protect\n|move|p2a: Calyrex|Grass Knot|p1a: Tyranitar\n|-activate|p1a: Tyranitar|move: Protect\n|\n|-weather|Sandstorm|[upkeep]\n|-damage|p2a: Calyrex|33\/100|[from] Sandstorm\n|-heal|p1a: Tyranitar|53\/100|[from] item: Leftovers\n|upkeep\n|turn|10\n|\n|t:|1700111572\n|move|p2a: Calyrex|Grass Knot|p1a: Tyranitar\n|-supereffective|p1a: Tyranitar\n|-crit|p1a: Tyranitar\n|-damage|p1a: Tyranitar|0 fnt\n|faint|p1a: Tyranitar\n|-ability|p2a: Calyrex|Grim Neigh|boost\n|-boost|p2a: Calyrex|spa|1\n|\n|-weather|Sandstorm|[upkeep]\n|-damage|p2a: Calyrex|27\/100|[from] Sandstorm\n|upkeep\n|\n|t:|1700111581\n|switch|p1a: Meloetta|Meloetta|88\/100\n|-damage|p1a: Meloetta|76\/100|[from] Stealth Rock\n|turn|11\n|\n|t:|1700111587\n|move|p2a: Calyrex|Grass Knot|p1a: Meloetta\n|-damage|p1a: Meloetta|70\/100\n|move|p1a: Meloetta|Shadow Ball|p2a: Calyrex\n|-supereffective|p2a: Calyrex\n|-damage|p2a: Calyrex|0 fnt\n|faint|p2a: Calyrex\n|\n|-weather|Sandstorm|[upkeep]\n|-damage|p1a: Meloetta|64\/100|[from] Sandstorm\n|-heal|p1a: Meloetta|70\/100|[from] item: Leftovers\n|upkeep\n|\n|t:|1700111593\n|switch|p2a: Koraidon|Koraidon|100\/100\n|-damage|p2a: Koraidon|94\/100|[from] Stealth Rock\n|-weather|SunnyDay|[from] ability: Orichalcum Pulse|[of] p2a: Koraidon\n|-activate|p2a: Koraidon|Orichalcum Pulse|[source]\n|turn|12\n|j| ZowwyCafe\u2764\n|\n|t:|1700111612\n|move|p2a: Koraidon|Scale Shot|p1a: Meloetta\n|-damage|p1a: Meloetta|54\/100\n|-crit|p1a: Meloetta\n|-damage|p1a: Meloetta|29\/100\n|-damage|p1a: Meloetta|13\/100\n|-damage|p1a: Meloetta|0 fnt\n|faint|p1a: Meloetta\n|-hitcount|p1: Meloetta|4\n|-unboost|p2a: Koraidon|def|1\n|-boost|p2a: Koraidon|spe|1\n|\n|-weather|SunnyDay|[upkeep]\n|upkeep\n|l| ZowwyCafe\u2764\n|\n|t:|1700111623\n|switch|p1a: Braviary|Braviary, M|100\/100\n|turn|13\n|\n|t:|1700111631\n|move|p2a: Koraidon|Scale Shot|p1a: Braviary\n|-damage|p1a: Braviary|86\/100\n|-damage|p1a: Braviary|73\/100\n|-damage|p1a: Braviary|59\/100\n|-damage|p1a: Braviary|45\/100\n|-hitcount|p1a: Braviary|4\n|-unboost|p2a: Koraidon|def|1\n|-boost|p2a: Koraidon|spe|1\n|move|p1a: Braviary|Brave Bird|p2a: Koraidon\n|-supereffective|p2a: Koraidon\n|-damage|p2a: Koraidon|0 fnt\n|faint|p2a: Koraidon\n|-damage|p1a: Braviary|19\/100|[from] Recoil\n|\n|-weather|SunnyDay|[upkeep]\n|upkeep\n|\n|t:|1700111638\n|switch|p2a: Hippowdon|Hippowdon, F|69\/100\n|-damage|p2a: Hippowdon|63\/100|[from] Stealth Rock\n|-weather|Sandstorm|[from] ability: Sand Stream|[of] p2a: Hippowdon\n|turn|14\n|\n|t:|1700111642\n|switch|p2a: Houndstone|Houndstone, F|100\/100\n|-damage|p2a: Houndstone|88\/100|[from] Stealth Rock\n|move|p1a: Braviary|Roost|p1a: Braviary\n|-heal|p1a: Braviary|69\/100\n|-singleturn|p1a: Braviary|move: Roost\n|\n|-weather|Sandstorm|[upkeep]\n|-damage|p1a: Braviary|62\/100|[from] Sandstorm\n|upkeep\n|turn|15\n|\n|t:|1700111651\n|move|p2a: Houndstone|Body Press|p1a: Braviary\n|-damage|p1a: Braviary|44\/100\n|move|p1a: Braviary|Roost|p1a: Braviary\n|-heal|p1a: Braviary|94\/100\n|-singleturn|p1a: Braviary|move: Roost\n|\n|-weather|Sandstorm|[upkeep]\n|-damage|p1a: Braviary|88\/100|[from] Sandstorm\n|upkeep\n|turn|16\n|\n|t:|1700111678\n|switch|p2a: Hippowdon|Hippowdon, F|63\/100\n|-damage|p2a: Hippowdon|57\/100|[from] Stealth Rock\n|move|p1a: Braviary|Bulk Up|p1a: Braviary\n|-boost|p1a: Braviary|atk|1\n|-boost|p1a: Braviary|def|1\n|\n|-weather|Sandstorm|[upkeep]\n|-damage|p1a: Braviary|81\/100|[from] Sandstorm\n|upkeep\n|turn|17\n|\n|t:|1700111684\n|move|p1a: Braviary|Brave Bird|p2a: Hippowdon\n|-damage|p2a: Hippowdon|0 fnt\n|-damage|p1a: Braviary|65\/100|[from] item: Rocky Helmet|[of] p2a: Hippowdon\n|faint|p2a: Hippowdon\n|-damage|p1a: Braviary|46\/100|[from] Recoil\n|\n|-weather|Sandstorm|[upkeep]\n|-damage|p1a: Braviary|39\/100|[from] Sandstorm\n|upkeep\n|\n|t:|1700111699\n|switch|p2a: Wo-Chien|Wo-Chien|95\/100\n|-damage|p2a: Wo-Chien|82\/100|[from] Stealth Rock\n|-ability|p2a: Wo-Chien|Tablets of Ruin\n|turn|18\n|\n|t:|1700111704\n|move|p1a: Braviary|Roost|p1a: Braviary\n|-heal|p1a: Braviary|89\/100\n|-singleturn|p1a: Braviary|move: Roost\n|move|p2a: Wo-Chien|Knock Off|p1a: Braviary\n|-damage|p1a: Braviary|69\/100\n|-enditem|p1a: Braviary|Heavy-Duty Boots|[from] move: Knock Off|[of] p2a: Wo-Chien\n|\n|-weather|none\n|-heal|p2a: Wo-Chien|88\/100|[from] item: Leftovers\n|upkeep\n|turn|19\n|\n|t:|1700111708\n|move|p1a: Braviary|Brave Bird|p2a: Wo-Chien\n|-supereffective|p2a: Wo-Chien\n|-damage|p2a: Wo-Chien|0 fnt\n|faint|p2a: Wo-Chien\n|-damage|p1a: Braviary|42\/100|[from] Recoil\n|\n|upkeep\n|\n|t:|1700111713\n|switch|p2a: Cloyster|Cloyster, M|100\/100\n|-damage|p2a: Cloyster|76\/100|[from] Stealth Rock\n|turn|20\n|\n|t:|1700111716\n|move|p2a: Cloyster|Ice Shard|p1a: Braviary\n|-supereffective|p1a: Braviary\n|-damage|p1a: Braviary|18\/100\n|move|p1a: Braviary|Brave Bird|p2a: Cloyster\n|-damage|p2a: Cloyster|0 fnt\n|faint|p2a: Cloyster\n|-damage|p1a: Braviary|3\/100|[from] Recoil\n|\n|upkeep\n|\n|t:|1700111718\n|switch|p2a: Houndstone|Houndstone, F|88\/100\n|-damage|p2a: Houndstone|76\/100|[from] Stealth Rock\n|turn|21\n|\n|t:|1700111727\n|move|p2a: Houndstone|Play Rough|p1a: Braviary\n|-damage|p1a: Braviary|0 fnt\n|faint|p1a: Braviary\n|\n|upkeep\n|-message|Future king of ou forfeited.\n|\n|win|jhjgg\n|n|\u2606jhjgg|jhjgg\n|n|\u2606Future king of ou|futurekingofou\n","uploadtime":1700111733,"views":8,"p1id":"jhjgg","p2id":"futurekingofou","formatid":"gen9anythinggoes","rating":0,"private":0,"password":""}