{"id":"gen9anythinggoes-1994376082","p1":"Luigi3641","p2":"Hibuna","format":"[Gen 9] Anything Goes","log":"|j|\u2606Luigi3641\n|j|\u2606Hibuna\n|t:|1700436827\n|gametype|singles\n|player|p1|Luigi3641|juggler|1182\n|player|p2|Hibuna|wallace|1187\n|teamsize|p1|6\n|teamsize|p2|6\n|gen|9\n|tier|[Gen 9] Anything Goes\n|rated|\n|rule|HP Percentage Mod: HP is shown in percentages\n|rule|Endless Battle Clause: Forcing endless battles is banned\n|clearpoke\n|poke|p1|Uxie|\n|poke|p1|Typhlosion, M|\n|poke|p1|Klefki, F|\n|poke|p1|Glastrier|\n|poke|p1|Electrode-Hisui|\n|poke|p1|Hoopa|\n|poke|p2|Wo-Chien|\n|poke|p2|Baxcalibur, F|\n|poke|p2|Tyranitar, M|\n|poke|p2|Volcarona, F|\n|poke|p2|Crawdaunt, M|\n|poke|p2|Glimmora, M|\n|teampreview\n|inactive|Battle timer is ON: inactive players will automatically lose when time's up. (requested by Hibuna)\n|\n|t:|1700436838\n|start\n|switch|p1a: Electrode|Electrode-Hisui|100\/100\n|switch|p2a: Mothra|Volcarona, F|100\/100\n|turn|1\n|c|\u2606Luigi3641|Glhf\n|\n|t:|1700436847\n|move|p1a: Electrode|Volt Switch|p2a: Mothra\n|-damage|p2a: Mothra|59\/100\n|\n|t:|1700436850\n|switch|p1a: Typhlosion|Typhlosion, M|100\/100|[from] Volt Switch\n|move|p2a: Mothra|Tailwind|p2a: Mothra\n|-sidestart|p2: Hibuna|move: Tailwind\n|\n|upkeep\n|turn|2\n|\n|t:|1700436859\n|switch|p2a: Gojira|Tyranitar, M|100\/100\n|-weather|Sandstorm|[from] ability: Sand Stream|[of] p2a: Gojira\n|move|p1a: Typhlosion|Fire Blast|p2a: Gojira|[miss]\n|-miss|p1a: Typhlosion|p2a: Gojira\n|\n|-weather|Sandstorm|[upkeep]\n|-damage|p1a: Typhlosion|94\/100|[from] Sandstorm\n|upkeep\n|turn|3\n|\n|t:|1700436869\n|switch|p1a: Klefki|Klefki, F|100\/100\n|move|p2a: Gojira|Crunch|p1a: Klefki\n|-resisted|p1a: Klefki\n|-damage|p1a: Klefki|82\/100\n|\n|-weather|Sandstorm|[upkeep]\n|upkeep\n|turn|4\n|\n|t:|1700436875\n|move|p1a: Klefki|Reflect|p1a: Klefki\n|-sidestart|p1: Luigi3641|Reflect\n|move|p2a: Gojira|Earthquake|p1a: Klefki\n|-supereffective|p1a: Klefki\n|-damage|p1a: Klefki|52\/100\n|\n|-weather|Sandstorm|[upkeep]\n|-sideend|p2: Hibuna|move: Tailwind\n|upkeep\n|turn|5\n|\n|t:|1700436881\n|move|p1a: Klefki|Light Screen|p1a: Klefki\n|-sidestart|p1: Luigi3641|move: Light Screen\n|move|p2a: Gojira|Earthquake|p1a: Klefki\n|-supereffective|p1a: Klefki\n|-damage|p1a: Klefki|23\/100\n|\n|-weather|Sandstorm|[upkeep]\n|upkeep\n|turn|6\n|\n|t:|1700436889\n|switch|p1a: Hoopa|Hoopa|100\/100\n|move|p2a: Gojira|Earthquake|p1a: Hoopa\n|-crit|p1a: Hoopa\n|-damage|p1a: Hoopa|9\/100\n|\n|-weather|none\n|upkeep\n|turn|7\n|\n|t:|1700436896\n|move|p1a: Hoopa|Focus Blast|p2a: Gojira\n|-supereffective|p2a: Gojira\n|-damage|p2a: Gojira|0 fnt\n|faint|p2a: Gojira\n|\n|upkeep\n|\n|t:|1700436901\n|switch|p2a: Destroyah|Crawdaunt, M|100\/100\n|turn|8\n|\n|t:|1700436904\n|move|p2a: Destroyah|Aqua Jet|p1a: Hoopa\n|-damage|p1a: Hoopa|0 fnt\n|faint|p1a: Hoopa\n|-damage|p2a: Destroyah|91\/100|[from] item: Life Orb\n|\n|upkeep\n|\n|t:|1700436923\n|switch|p1a: Electrode|Electrode-Hisui|100\/100\n|turn|9\n|\n|t:|1700436930\n|move|p2a: Destroyah|Aqua Jet|p1a: Electrode\n|-resisted|p1a: Electrode\n|-damage|p1a: Electrode|83\/100\n|-damage|p2a: Destroyah|81\/100|[from] item: Life Orb\n|move|p1a: Electrode|Discharge|p2a: Destroyah\n|-supereffective|p2a: Destroyah\n|-damage|p2a: Destroyah|0 fnt\n|faint|p2a: Destroyah\n|\n|upkeep\n|\n|t:|1700436941\n|switch|p2a: Hedorah|Glimmora, M|100\/100\n|turn|10\n|\n|t:|1700436944\n|move|p1a: Electrode|Discharge|p2a: Hedorah\n|-crit|p2a: Hedorah\n|-damage|p2a: Hedorah|30\/100\n|move|p2a: Hedorah|Mortal Spin|p1a: Electrode\n|-supereffective|p1a: Electrode\n|-damage|p1a: Electrode|73\/100\n|-status|p1a: Electrode|psn\n|\n|-damage|p1a: Electrode|60\/100 psn|[from] psn\n|upkeep\n|turn|11\n|\n|t:|1700436955\n|move|p1a: Electrode|Discharge|p2a: Hedorah\n|-crit|p2a: Hedorah\n|-damage|p2a: Hedorah|0 fnt\n|faint|p2a: Hedorah\n|\n|-damage|p1a: Electrode|48\/100 psn|[from] psn\n|-sideend|p1: Luigi3641|Reflect\n|upkeep\n|\n|t:|1700436966\n|switch|p2a: Kiryu|Baxcalibur, F|100\/100\n|turn|12\n|\n|t:|1700436970\n|move|p1a: Electrode|Discharge|p2a: Kiryu\n|-resisted|p2a: Kiryu\n|-damage|p2a: Kiryu|80\/100\n|-status|p2a: Kiryu|par\n|cant|p2a: Kiryu|par\n|\n|-damage|p1a: Electrode|36\/100 psn|[from] psn\n|-sideend|p1: Luigi3641|move: Light Screen\n|upkeep\n|turn|13\n|\n|t:|1700436978\n|switch|p1a: Uxie|Uxie|100\/100\n|cant|p2a: Kiryu|par\n|\n|upkeep\n|turn|14\n|\n|t:|1700436984\n|move|p1a: Uxie|Knock Off|p2a: Kiryu\n|-damage|p2a: Kiryu|66\/100 par\n|-enditem|p2a: Kiryu|Weakness Policy|[from] move: Knock Off|[of] p1a: Uxie\n|move|p2a: Kiryu|Dragon Dance|p2a: Kiryu\n|-boost|p2a: Kiryu|atk|1\n|-boost|p2a: Kiryu|spe|1\n|\n|upkeep\n|turn|15\n|\n|t:|1700436991\n|move|p1a: Uxie|Mystical Power|p2a: Kiryu\n|-damage|p2a: Kiryu|45\/100 par\n|-boost|p1a: Uxie|spa|1\n|cant|p2a: Kiryu|par\n|\n|upkeep\n|turn|16\n|\n|t:|1700436997\n|move|p1a: Uxie|Mystical Power|p2a: Kiryu|[miss]\n|-miss|p1a: Uxie|p2a: Kiryu\n|move|p2a: Kiryu|Glaive Rush|p1a: Uxie\n|-damage|p1a: Uxie|33\/100\n|-singlemove|p2a: Kiryu|Glaive Rush|[silent]\n|\n|-heal|p1a: Uxie|39\/100|[from] item: Leftovers\n|upkeep\n|turn|17\n|\n|t:|1700437005\n|switch|p2a: Biollante|Wo-Chien|100\/100\n|-ability|p2a: Biollante|Tablets of Ruin\n|move|p1a: Uxie|Mystical Power|p2a: Biollante\n|-immune|p2a: Biollante\n|\n|-heal|p1a: Uxie|45\/100|[from] item: Leftovers\n|upkeep\n|turn|18\n|\n|t:|1700437014\n|-terastallize|p2a: Biollante|Fairy\n|move|p1a: Uxie|Yawn|p2a: Biollante\n|-start|p2a: Biollante|move: Yawn|[of] p1a: Uxie\n|move|p2a: Biollante|Knock Off|p1a: Uxie\n|-supereffective|p1a: Uxie\n|-damage|p1a: Uxie|3\/100\n|-enditem|p1a: Uxie|Leftovers|[from] move: Knock Off|[of] p2a: Biollante\n|\n|upkeep\n|turn|19\n|\n|t:|1700437025\n|switch|p2a: Kiryu|Baxcalibur, F|45\/100 par\n|move|p1a: Uxie|Stealth Rock|p2a: Kiryu\n|-sidestart|p2: Hibuna|move: Stealth Rock\n|\n|upkeep\n|turn|20\n|\n|t:|1700437031\n|move|p2a: Kiryu|Ice Shard|p1a: Uxie\n|-damage|p1a: Uxie|0 fnt\n|faint|p1a: Uxie\n|\n|upkeep\n|\n|t:|1700437043\n|switch|p1a: Typhlosion|Typhlosion, M|94\/100\n|turn|21\n|\n|t:|1700437050\n|-terastallize|p1a: Typhlosion|Fire\n|move|p1a: Typhlosion|Eruption|p2a: Kiryu\n|-damage|p2a: Kiryu|0 fnt\n|faint|p2a: Kiryu\n|\n|upkeep\n|\n|t:|1700437056\n|switch|p2a: Mothra|Volcarona, F|59\/100\n|turn|22\n|\n|t:|1700437064\n|move|p1a: Typhlosion|Eruption|p2a: Mothra\n|-damage|p2a: Mothra|0 fnt\n|faint|p2a: Mothra\n|\n|upkeep\n|\n|t:|1700437068\n|switch|p2a: Biollante|Wo-Chien, tera:Fairy|100\/100\n|-damage|p2a: Biollante|88\/100|[from] Stealth Rock\n|-ability|p2a: Biollante|Tablets of Ruin\n|turn|23\n|\n|t:|1700437073\n|move|p1a: Typhlosion|Eruption|p2a: Biollante\n|-damage|p2a: Biollante|34\/100\n|move|p2a: Biollante|Leech Seed|p1a: Typhlosion\n|-start|p1a: Typhlosion|move: Leech Seed\n|\n|-damage|p1a: Typhlosion|82\/100|[from] Leech Seed|[of] p2a: Biollante\n|-heal|p2a: Biollante|47\/100|[silent]\n|upkeep\n|turn|24\n|\n|t:|1700437080\n|move|p1a: Typhlosion|Eruption|p2a: Biollante\n|-damage|p2a: Biollante|2\/100\n|move|p2a: Biollante|Knock Off|p1a: Typhlosion\n|-damage|p1a: Typhlosion|41\/100\n|-enditem|p1a: Typhlosion|Choice Scarf|[from] move: Knock Off|[of] p2a: Biollante\n|\n|-damage|p1a: Typhlosion|28\/100|[from] Leech Seed|[of] p2a: Biollante\n|-heal|p2a: Biollante|14\/100|[silent]\n|upkeep\n|turn|25\n|\n|t:|1700437089\n|move|p1a: Typhlosion|Eruption|p2a: Biollante\n|-damage|p2a: Biollante|0 fnt\n|faint|p2a: Biollante\n|\n|win|Luigi3641\n|raw|Luigi3641's rating: 1182 &rarr; <strong>1207<\/strong><br \/>(+25 for winning)\n|raw|Hibuna's rating: 1187 &rarr; <strong>1162<\/strong><br \/>(-25 for losing)\n|c|\u2606Luigi3641|gg\n|l|\u2606Hibuna\n","uploadtime":1700437098,"views":9,"p1id":"luigi3641","p2id":"hibuna","formatid":"gen9anythinggoes","rating":1162,"private":0,"password":""}