{"id":"gen9anythinggoes-1972203112","p1":"gtbthbht","p2":"cskills1","format":"[Gen 9] Anything Goes","log":"|j|\u203dgtbthbht\n|j|\u2606cskills1\n|t:|1697821171\n|gametype|singles\n|player|p1|gtbthbht|lucas|1040\n|player|p2|cskills1|n|1009\n|teamsize|p1|6\n|teamsize|p2|6\n|gen|9\n|tier|[Gen 9] Anything Goes\n|rated|\n|rule|HP Percentage Mod: HP is shown in percentages\n|rule|Endless Battle Clause: Forcing endless battles is banned\n|clearpoke\n|poke|p1|Charizard, M|\n|poke|p1|Inteleon, F|\n|poke|p1|Decidueye, F|\n|poke|p1|Koraidon|\n|poke|p1|Tyranitar, M|\n|poke|p1|Rotom-Frost|\n|poke|p2|Miraidon|\n|poke|p2|Iron Valiant|\n|poke|p2|Iron Jugulis|\n|poke|p2|Iron Moth|\n|poke|p2|Iron Leaves|\n|poke|p2|Iron Thorns|\n|teampreview\n|\n|t:|1697821179\n|start\n|switch|p1a: Tyranitar|Tyranitar, M, shiny|100\/100\n|switch|p2a: Iron Moth|Iron Moth|100\/100\n|-ability|p1a: Tyranitar|Unnerve\n|-enditem|p2a: Iron Moth|Booster Energy\n|-activate|p2a: Iron Moth|ability: Quark Drive|[fromitem]\n|-start|p2a: Iron Moth|quarkdrivespa\n|turn|1\n|\n|t:|1697821189\n|move|p2a: Iron Moth|Hurricane|p1a: Tyranitar\n|-resisted|p1a: Tyranitar\n|-damage|p1a: Tyranitar|71\/100\n|-start|p1a: Tyranitar|confusion\n|-activate|p1a: Tyranitar|confusion\n|move|p1a: Tyranitar|Dragon Dance|p1a: Tyranitar\n|-boost|p1a: Tyranitar|atk|1\n|-boost|p1a: Tyranitar|spe|1\n|\n|upkeep\n|turn|2\n|\n|t:|1697821199\n|move|p2a: Iron Moth|Heat Wave|p1a: Tyranitar|[miss]\n|-miss|p2a: Iron Moth|p1a: Tyranitar\n|-activate|p1a: Tyranitar|confusion\n|move|p1a: Tyranitar|Dragon Dance|p1a: Tyranitar\n|-boost|p1a: Tyranitar|atk|1\n|-boost|p1a: Tyranitar|spe|1\n|\n|upkeep\n|turn|3\n|\n|t:|1697821206\n|-activate|p1a: Tyranitar|confusion\n|move|p1a: Tyranitar|Rock Blast|p2a: Iron Moth\n|-supereffective|p2a: Iron Moth\n|-damage|p2a: Iron Moth|0 fnt\n|faint|p2a: Iron Moth\n|-end|p2a: Iron Moth|Quark Drive|[silent]\n|-hitcount|p2: Iron Moth|1\n|\n|upkeep\n|\n|t:|1697821219\n|switch|p2a: Iron Leaves|Iron Leaves|100\/100\n|-enditem|p2a: Iron Leaves|Booster Energy\n|-activate|p2a: Iron Leaves|ability: Quark Drive|[fromitem]\n|-start|p2a: Iron Leaves|quarkdriveatk\n|turn|4\n|\n|t:|1697821225\n|-terastallize|p1a: Tyranitar|Ice\n|move|p2a: Iron Leaves|Leaf Blade|p1a: Tyranitar\n|-crit|p1a: Tyranitar\n|-damage|p1a: Tyranitar|0 fnt\n|faint|p1a: Tyranitar\n|\n|upkeep\n|\n|t:|1697821233\n|switch|p1a: Koraidon|Koraidon|100\/100\n|-weather|SunnyDay|[from] ability: Orichalcum Pulse|[of] p1a: Koraidon\n|-activate|p1a: Koraidon|Orichalcum Pulse|[source]\n|turn|5\n|\n|t:|1697821238\n|move|p1a: Koraidon|U-turn|p2a: Iron Leaves\n|-supereffective|p2a: Iron Leaves\n|-crit|p2a: Iron Leaves\n|-damage|p2a: Iron Leaves|0 fnt\n|faint|p2a: Iron Leaves\n|-end|p2a: Iron Leaves|Quark Drive|[silent]\n|\n|t:|1697821244\n|switch|p1a: Charizard|Charizard, M, shiny|100\/100|[from] U-turn\n|\n|-weather|SunnyDay|[upkeep]\n|-damage|p1a: Charizard|88\/100|[from] ability: Solar Power|[of] p1a: Charizard\n|upkeep\n|\n|t:|1697821251\n|switch|p2a: Iron Thorns|Iron Thorns|100\/100\n|-enditem|p2a: Iron Thorns|Booster Energy\n|-activate|p2a: Iron Thorns|ability: Quark Drive|[fromitem]\n|-start|p2a: Iron Thorns|quarkdriveatk\n|turn|6\n|\n|t:|1697821258\n|move|p1a: Charizard|Solar Beam||[still]\n|-prepare|p1a: Charizard|Solar Beam\n|-anim|p1a: Charizard|Solar Beam|p2a: Iron Thorns\n|-supereffective|p2a: Iron Thorns\n|-damage|p2a: Iron Thorns|5\/100\n|move|p2a: Iron Thorns|Ice Fang|p1a: Charizard\n|-crit|p1a: Charizard\n|-damage|p1a: Charizard|8\/100\n|\n|-weather|SunnyDay|[upkeep]\n|-damage|p1a: Charizard|0 fnt|[from] ability: Solar Power|[of] p1a: Charizard\n|faint|p1a: Charizard\n|upkeep\n|\n|t:|1697821269\n|switch|p1a: Koraidon|Koraidon|100\/100\n|-activate|p1a: Koraidon|ability: Orichalcum Pulse\n|turn|7\n|\n|t:|1697821284\n|move|p1a: Koraidon|Flare Blitz|p2a: Iron Thorns\n|-resisted|p2a: Iron Thorns\n|-damage|p2a: Iron Thorns|0 fnt\n|faint|p2a: Iron Thorns\n|-end|p2a: Iron Thorns|Quark Drive|[silent]\n|-damage|p1a: Koraidon|99\/100|[from] Recoil\n|\n|-weather|SunnyDay|[upkeep]\n|upkeep\n|\n|t:|1697821293\n|switch|p2a: Miraidon|Miraidon|100\/100\n|-fieldstart|move: Electric Terrain|[from] ability: Hadron Engine|[of] p2a: Miraidon\n|-enditem|p2a: Miraidon|Electric Seed\n|-boost|p2a: Miraidon|def|1|[from] item: Electric Seed\n|turn|8\n|inactive|Battle timer is ON: inactive players will automatically lose when time's up. (requested by gtbthbht)\n|\n|t:|1697821307\n|switch|p1a: Decidueye|Decidueye, F, shiny|100\/100\n|move|p2a: Miraidon|Electro Drift|p1a: Decidueye\n|-resisted|p1a: Decidueye\n|-damage|p1a: Decidueye|49\/100\n|\n|-weather|SunnyDay|[upkeep]\n|upkeep\n|turn|9\n|\n|t:|1697821317\n|move|p2a: Miraidon|Electro Drift|p1a: Decidueye\n|-resisted|p1a: Decidueye\n|-damage|p1a: Decidueye|0 fnt\n|faint|p1a: Decidueye\n|\n|-weather|none\n|upkeep\n|\n|t:|1697821328\n|switch|p1a: Rotom|Rotom-Frost, shiny|100\/100\n|turn|10\n|\n|t:|1697821334\n|move|p2a: Miraidon|Electro Drift|p1a: Rotom\n|-resisted|p1a: Rotom\n|-damage|p1a: Rotom|35\/100\n|move|p1a: Rotom|Dark Pulse|p2a: Miraidon\n|-damage|p2a: Miraidon|66\/100\n|\n|upkeep\n|turn|11\n|\n|t:|1697821341\n|move|p2a: Miraidon|Electro Drift|p1a: Rotom\n|-resisted|p1a: Rotom\n|-damage|p1a: Rotom|0 fnt\n|faint|p1a: Rotom\n|\n|upkeep\n|\n|t:|1697821347\n|switch|p1a: Koraidon|Koraidon|99\/100\n|-weather|SunnyDay|[from] ability: Orichalcum Pulse|[of] p1a: Koraidon\n|-activate|p1a: Koraidon|Orichalcum Pulse|[source]\n|turn|12\n|\n|t:|1697821351\n|move|p1a: Koraidon|Collision Course|p2a: Miraidon\n|-damage|p2a: Miraidon|0 fnt\n|faint|p2a: Miraidon\n|\n|-weather|SunnyDay|[upkeep]\n|-fieldend|move: Electric Terrain\n|upkeep\n|\n|t:|1697821359\n|switch|p2a: Iron Jugulis|Iron Jugulis|100\/100\n|-enditem|p2a: Iron Jugulis|Booster Energy\n|-activate|p2a: Iron Jugulis|ability: Quark Drive|[fromitem]\n|-start|p2a: Iron Jugulis|quarkdrivespe\n|turn|13\n|\n|t:|1697821366\n|switch|p1a: Inteleon|Inteleon, F, shiny|100\/100\n|move|p2a: Iron Jugulis|Acrobatics|p1a: Inteleon\n|-damage|p1a: Inteleon|52\/100\n|\n|-weather|SunnyDay|[upkeep]\n|upkeep\n|turn|14\n|inactive|cskills1 has 120 seconds left.\n|l|\u203dgtbthbht\n|inactive|gtbthbht disconnected and has a minute to reconnect!\n|player|p1|\n|inactive|cskills1 has 90 seconds left.\n|\n|t:|1697821450\n|move|p2a: Iron Jugulis|Dragon Pulse|p1a: Inteleon\n|-damage|p1a: Inteleon|9\/100\n|move|p1a: Inteleon|Snipe Shot|p2a: Iron Jugulis\n|-crit|p2a: Iron Jugulis\n|-damage|p2a: Iron Jugulis|46\/100\n|\n|-weather|SunnyDay|[upkeep]\n|upkeep\n|turn|15\n|inactive|gtbthbht has 30 seconds to reconnect!\n|inactive|gtbthbht has 20 seconds to reconnect!\n|inactive|gtbthbht has 15 seconds to reconnect!\n|inactive|gtbthbht has 10 seconds to reconnect!\n|inactive|gtbthbht has 5 seconds to reconnect!\n|-message|gtbthbht lost due to inactivity.\n|\n|win|cskills1\n|raw|gtbthbht's rating: 1040 &rarr; <strong>1023<\/strong><br \/>(-17 for losing)\n|raw|cskills1's rating: 1009 &rarr; <strong>1051<\/strong><br \/>(+42 for winning)\n","uploadtime":1697821515,"views":11,"p1id":"gtbthbht","p2id":"cskills1","formatid":"gen9anythinggoes","rating":1023,"private":0,"password":""}