{"id":"gen9anythinggoes-1971565549","p1":"pedreirocantor","p2":"dertdog","format":"[Gen 9] Anything Goes","log":"|j|\u2606pedreirocantor\n|j|\u2606dertdog\n|t:|1697748901\n|gametype|singles\n|player|p1|pedreirocantor|byron|1523\n|player|p2|dertdog|ghetsis-gen5bw|1486\n|teamsize|p1|6\n|teamsize|p2|6\n|gen|9\n|tier|[Gen 9] Anything Goes\n|rated|\n|rule|HP Percentage Mod: HP is shown in percentages\n|rule|Endless Battle Clause: Forcing endless battles is banned\n|clearpoke\n|poke|p1|Arceus|\n|poke|p1|Shaymin-Sky|\n|poke|p1|Calyrex-Shadow|\n|poke|p1|Koraidon|\n|poke|p1|Zacian-*|\n|poke|p1|Giratina|\n|poke|p2|Arceus|\n|poke|p2|Zacian-*|\n|poke|p2|Miraidon|\n|poke|p2|Calyrex-Shadow|\n|poke|p2|Koraidon|\n|poke|p2|Kyogre|\n|teampreview\n|\n|t:|1697748912\n|start\n|switch|p1a: Shaymin|Shaymin-Sky|100\/100\n|switch|p2a: Koraidon|Koraidon|100\/100\n|-weather|SunnyDay|[from] ability: Orichalcum Pulse|[of] p2a: Koraidon\n|-activate|p2a: Koraidon|Orichalcum Pulse|[source]\n|turn|1\n|\n|t:|1697748922\n|move|p1a: Shaymin|Air Slash|p2a: Koraidon\n|-supereffective|p2a: Koraidon\n|-damage|p2a: Koraidon|17\/100\n|cant|p2a: Koraidon|flinch\n|\n|-weather|SunnyDay|[upkeep]\n|upkeep\n|turn|2\n|\n|t:|1697748928\n|move|p1a: Shaymin|Air Slash|p2a: Koraidon\n|-supereffective|p2a: Koraidon\n|-damage|p2a: Koraidon|0 fnt\n|faint|p2a: Koraidon\n|\n|-weather|SunnyDay|[upkeep]\n|upkeep\n|\n|t:|1697748936\n|switch|p2a: Kyogre|Kyogre|100\/100\n|-weather|RainDance|[from] ability: Drizzle|[of] p2a: Kyogre\n|turn|3\n|\n|t:|1697748947\n|switch|p1a: Koraidon|Koraidon|100\/100\n|-weather|SunnyDay|[from] ability: Orichalcum Pulse|[of] p1a: Koraidon\n|-activate|p1a: Koraidon|Orichalcum Pulse|[source]\n|move|p2a: Kyogre|Ice Beam|p1a: Koraidon\n|-supereffective|p1a: Koraidon\n|-damage|p1a: Koraidon|29\/100\n|\n|-weather|SunnyDay|[upkeep]\n|upkeep\n|turn|4\n|\n|t:|1697748956\n|move|p1a: Koraidon|U-turn|p2a: Kyogre\n|-damage|p2a: Kyogre|71\/100\n|\n|t:|1697748960\n|switch|p1a: Arceus|Arceus|100\/100|[from] U-turn\n|move|p2a: Kyogre|Ice Beam|p1a: Arceus\n|-damage|p1a: Arceus|75\/100\n|\n|-weather|SunnyDay|[upkeep]\n|upkeep\n|turn|5\n|\n|t:|1697748967\n|move|p1a: Arceus|Shadow Claw|p2a: Kyogre\n|-damage|p2a: Kyogre|48\/100\n|move|p2a: Kyogre|Water Spout|p1a: Arceus\n|-damage|p1a: Arceus|61\/100\n|\n|-weather|SunnyDay|[upkeep]\n|upkeep\n|turn|6\n|\n|t:|1697748975\n|move|p1a: Arceus|Swords Dance|p1a: Arceus\n|-boost|p1a: Arceus|atk|2\n|move|p2a: Kyogre|Calm Mind|p2a: Kyogre\n|-boost|p2a: Kyogre|spa|1\n|-boost|p2a: Kyogre|spd|1\n|\n|-weather|SunnyDay|[upkeep]\n|upkeep\n|turn|7\n|\n|t:|1697748982\n|move|p1a: Arceus|Swords Dance|p1a: Arceus\n|-boost|p1a: Arceus|atk|2\n|move|p2a: Kyogre|Ice Beam|p1a: Arceus\n|-damage|p1a: Arceus|24\/100\n|\n|-weather|none\n|upkeep\n|turn|8\n|\n|t:|1697748990\n|move|p1a: Arceus|Recover|p1a: Arceus\n|-heal|p1a: Arceus|74\/100\n|move|p2a: Kyogre|Ice Beam|p1a: Arceus\n|-damage|p1a: Arceus|34\/100\n|-status|p1a: Arceus|frz\n|-enditem|p1a: Arceus|Lum Berry|[eat]\n|-curestatus|p1a: Arceus|frz|[msg]\n|\n|upkeep\n|turn|9\n|\n|t:|1697748998\n|move|p1a: Arceus|Recover|p1a: Arceus\n|-heal|p1a: Arceus|84\/100\n|move|p2a: Kyogre|Ice Beam|p1a: Arceus\n|-damage|p1a: Arceus|46\/100\n|\n|upkeep\n|turn|10\n|\n|t:|1697749004\n|move|p1a: Arceus|Recover|p1a: Arceus\n|-heal|p1a: Arceus|96\/100\n|move|p2a: Kyogre|Ice Beam|p1a: Arceus\n|-damage|p1a: Arceus|62\/100\n|\n|upkeep\n|turn|11\n|\n|t:|1697749017\n|move|p1a: Arceus|Recover|p1a: Arceus\n|-heal|p1a: Arceus|100\/100\n|move|p2a: Kyogre|Ice Beam|p1a: Arceus\n|-damage|p1a: Arceus|66\/100\n|\n|upkeep\n|turn|12\n|\n|t:|1697749034\n|move|p1a: Arceus|Extreme Speed|p2a: Kyogre\n|-damage|p2a: Kyogre|0 fnt\n|faint|p2a: Kyogre\n|\n|upkeep\n|-message|dertdog forfeited.\n|\n|win|pedreirocantor\n|raw|pedreirocantor's rating: 1523 &rarr; <strong>1541<\/strong><br \/>(+18 for winning)\n|raw|dertdog's rating: 1486 &rarr; <strong>1468<\/strong><br \/>(-18 for losing)\n|l|\u2606dertdog\n","uploadtime":1697749044,"views":10,"p1id":"pedreirocantor","p2id":"dertdog","formatid":"gen9anythinggoes","rating":1468,"private":0,"password":""}