{"id":"gen9anythinggoes-1976487453","p1":"Kayleb1718","p2":"Bazelgeuse 24","format":"[Gen 9] Anything Goes","log":"|j|\u2606Kayleb1718\n|j|\u2606Bazelgeuse 24\n|t:|1698311536\n|gametype|singles\n|player|p1|Kayleb1718|lucas-gen4pt|1316\n|player|p2|Bazelgeuse 24|elesa|1259\n|teamsize|p1|6\n|teamsize|p2|6\n|gen|9\n|tier|[Gen 9] Anything Goes\n|rated|\n|rule|HP Percentage Mod: HP is shown in percentages\n|rule|Endless Battle Clause: Forcing endless battles is banned\n|clearpoke\n|poke|p1|Zacian-*|\n|poke|p1|Calyrex-Shadow|\n|poke|p1|Miraidon|\n|poke|p1|Quaquaval, F|\n|poke|p1|Regieleki|\n|poke|p1|Cloyster, F|\n|poke|p2|Vivillon-Icy Snow, F|\n|poke|p2|Iron Bundle|\n|poke|p2|Ogerpon-Hearthflame, F|\n|poke|p2|Gliscor, F|\n|poke|p2|Ninetales-Alola, F|\n|poke|p2|Baxcalibur, F|\n|teampreview\n|inactive|Battle timer is ON: inactive players will automatically lose when time's up. (requested by Bazelgeuse 24)\n|\n|t:|1698311545\n|start\n|switch|p1a: Quaquaval|Quaquaval, F|100\/100\n|switch|p2a: Ninetales|Ninetales-Alola, F|100\/100\n|-weather|Snow|[from] ability: Snow Warning|[of] p2a: Ninetales\n|turn|1\n|\n|t:|1698311558\n|move|p2a: Ninetales|Aurora Veil|p2a: Ninetales\n|-sidestart|p2: Bazelgeuse 24|move: Aurora Veil\n|move|p1a: Quaquaval|Aqua Step|p2a: Ninetales\n|-damage|p2a: Ninetales|85\/100\n|-boost|p1a: Quaquaval|spe|1\n|\n|-weather|Snow|[upkeep]\n|upkeep\n|turn|2\n|\n|t:|1698311573\n|move|p1a: Quaquaval|Aqua Step|p2a: Ninetales\n|-damage|p2a: Ninetales|68\/100\n|-boost|p1a: Quaquaval|spe|1\n|move|p2a: Ninetales|Agility|p2a: Ninetales\n|-boost|p2a: Ninetales|spe|2\n|\n|-weather|Snow|[upkeep]\n|upkeep\n|turn|3\n|\n|t:|1698311586\n|move|p2a: Ninetales|Calm Mind|p2a: Ninetales\n|-boost|p2a: Ninetales|spa|1\n|-boost|p2a: Ninetales|spd|1\n|move|p1a: Quaquaval|Swords Dance|p1a: Quaquaval\n|-boost|p1a: Quaquaval|atk|2\n|\n|-weather|Snow|[upkeep]\n|upkeep\n|turn|4\n|\n|t:|1698311595\n|move|p2a: Ninetales|Stored Power|p1a: Quaquaval\n|-supereffective|p1a: Quaquaval\n|-damage|p1a: Quaquaval|24\/100\n|move|p1a: Quaquaval|Aqua Step|p2a: Ninetales\n|-damage|p2a: Ninetales|36\/100\n|-boost|p1a: Quaquaval|spe|1\n|\n|-weather|Snow|[upkeep]\n|-heal|p1a: Quaquaval|30\/100|[from] item: Leftovers\n|upkeep\n|turn|5\n|\n|t:|1698311607\n|move|p2a: Ninetales|Calm Mind|p2a: Ninetales\n|-boost|p2a: Ninetales|spa|1\n|-boost|p2a: Ninetales|spd|1\n|move|p1a: Quaquaval|Aqua Step|p2a: Ninetales\n|-damage|p2a: Ninetales|6\/100\n|-boost|p1a: Quaquaval|spe|1\n|\n|-weather|none\n|-heal|p1a: Quaquaval|36\/100|[from] item: Leftovers\n|upkeep\n|turn|6\n|\n|t:|1698311620\n|move|p1a: Quaquaval|Aqua Step|p2a: Ninetales\n|-damage|p2a: Ninetales|0 fnt\n|-boost|p1a: Quaquaval|spe|1\n|faint|p2a: Ninetales\n|-ability|p1a: Quaquaval|Moxie|boost\n|-boost|p1a: Quaquaval|atk|1\n|\n|-heal|p1a: Quaquaval|42\/100|[from] item: Leftovers\n|upkeep\n|\n|t:|1698311630\n|switch|p2a: Baxcalibur|Baxcalibur, F|100\/100\n|turn|7\n|\n|t:|1698311637\n|move|p1a: Quaquaval|Aqua Step|p2a: Baxcalibur\n|-resisted|p2a: Baxcalibur\n|-damage|p2a: Baxcalibur|75\/100\n|-boost|p1a: Quaquaval|spe|1\n|move|p2a: Baxcalibur|Scale Shot|p1a: Quaquaval\n|-damage|p1a: Quaquaval|23\/100\n|-damage|p1a: Quaquaval|3\/100\n|-damage|p1a: Quaquaval|0 fnt\n|faint|p1a: Quaquaval\n|-hitcount|p1: Quaquaval|3\n|-unboost|p2a: Baxcalibur|def|1\n|-boost|p2a: Baxcalibur|spe|1\n|\n|upkeep\n|\n|t:|1698311660\n|switch|p1a: Zacian|Zacian-Crowned, shiny|100\/100\n|-ability|p1a: Zacian|Intrepid Sword|boost\n|-boost|p1a: Zacian|atk|1\n|turn|8\n|\n|t:|1698311669\n|move|p2a: Baxcalibur|Swords Dance|p2a: Baxcalibur\n|-boost|p2a: Baxcalibur|atk|2\n|move|p1a: Zacian|Agility|p1a: Zacian\n|-boost|p1a: Zacian|spe|2\n|\n|-sideend|p2: Bazelgeuse 24|move: Aurora Veil\n|upkeep\n|turn|9\n|\n|t:|1698311679\n|move|p1a: Zacian|Play Rough|p2a: Baxcalibur\n|-supereffective|p2a: Baxcalibur\n|-damage|p2a: Baxcalibur|0 fnt\n|faint|p2a: Baxcalibur\n|\n|upkeep\n|\n|t:|1698311688\n|switch|p2a: Ogerpon|Ogerpon-Hearthflame, F|100\/100\n|-ability|p2a: Ogerpon|Mold Breaker\n|turn|10\n|\n|t:|1698311701\n|-terastallize|p2a: Ogerpon|Fire\n|detailschange|p2a: Ogerpon|Ogerpon-Hearthflame-Tera, F, tera:Fire\n|-ability|p2a: Ogerpon|Embody Aspect (Hearthflame)|boost\n|-boost|p2a: Ogerpon|atk|1\n|move|p1a: Zacian|Sacred Sword|p2a: Ogerpon\n|-damage|p2a: Ogerpon|32\/100\n|move|p2a: Ogerpon|Ivy Cudgel|p1a: Zacian\n|-supereffective|p1a: Zacian\n|-crit|p1a: Zacian\n|-damage|p1a: Zacian|0 fnt\n|faint|p1a: Zacian\n|\n|upkeep\n|\n|t:|1698311717\n|switch|p1a: Miraidon|Miraidon|100\/100\n|-fieldstart|move: Electric Terrain|[from] ability: Hadron Engine|[of] p1a: Miraidon\n|turn|11\n|\n|t:|1698311724\n|move|p1a: Miraidon|Dragon Pulse|p2a: Ogerpon\n|-damage|p2a: Ogerpon|0 fnt\n|faint|p2a: Ogerpon\n|\n|upkeep\n|\n|t:|1698311730\n|switch|p2a: Iron Bundle|Iron Bundle|100\/100\n|-activate|p2a: Iron Bundle|ability: Quark Drive\n|-start|p2a: Iron Bundle|quarkdrivespe\n|turn|12\n|\n|t:|1698311754\n|move|p2a: Iron Bundle|Freeze-Dry|p1a: Miraidon\n|-supereffective|p1a: Miraidon\n|-damage|p1a: Miraidon|35\/100\n|-status|p1a: Miraidon|frz\n|-curestatus|p1a: Miraidon|frz|[msg]\n|move|p1a: Miraidon|Electro Drift|p2a: Iron Bundle\n|-supereffective|p2a: Iron Bundle\n|-damage|p2a: Iron Bundle|0 fnt\n|faint|p2a: Iron Bundle\n|-end|p2a: Iron Bundle|Quark Drive|[silent]\n|\n|-heal|p1a: Miraidon|42\/100|[from] item: Leftovers\n|upkeep\n|\n|t:|1698311768\n|switch|p2a: Gliscor|Gliscor, F|100\/100\n|turn|13\n|\n|t:|1698311776\n|move|p1a: Miraidon|Dragon Pulse|p2a: Gliscor\n|-damage|p2a: Gliscor|38\/100\n|move|p2a: Gliscor|Substitute|p2a: Gliscor\n|-start|p2a: Gliscor|Substitute\n|-damage|p2a: Gliscor|13\/100\n|\n|-heal|p1a: Miraidon|48\/100|[from] item: Leftovers\n|-status|p2a: Gliscor|tox|[from] item: Toxic Orb\n|upkeep\n|turn|14\n|\n|t:|1698311787\n|move|p2a: Gliscor|Protect|p2a: Gliscor\n|-singleturn|p2a: Gliscor|Protect\n|move|p1a: Miraidon|Dragon Pulse|p2a: Gliscor\n|-activate|p2a: Gliscor|move: Protect\n|\n|-heal|p1a: Miraidon|54\/100|[from] item: Leftovers\n|-heal|p2a: Gliscor|25\/100 tox|[from] ability: Poison Heal\n|upkeep\n|turn|15\n|\n|t:|1698311798\n|move|p1a: Miraidon|Dragon Pulse|p2a: Gliscor\n|-end|p2a: Gliscor|Substitute\n|move|p2a: Gliscor|Earthquake|p1a: Miraidon\n|-supereffective|p1a: Miraidon\n|-damage|p1a: Miraidon|0 fnt\n|faint|p1a: Miraidon\n|\n|-heal|p2a: Gliscor|38\/100 tox|[from] ability: Poison Heal\n|-fieldend|move: Electric Terrain\n|upkeep\n|\n|t:|1698311809\n|switch|p1a: Calyrex|Calyrex-Shadow|100\/100\n|-ability|p1a: Calyrex|As One\n|-ability|p1a: Calyrex|Unnerve\n|turn|16\n|\n|t:|1698311818\n|move|p1a: Calyrex|Astral Barrage|p2a: Gliscor\n|-damage|p2a: Gliscor|0 fnt\n|faint|p2a: Gliscor\n|-ability|p1a: Calyrex|Grim Neigh|boost\n|-boost|p1a: Calyrex|spa|1\n|\n|upkeep\n|\n|t:|1698311826\n|switch|p2a: Sial|Vivillon-Icy Snow, F|100\/100\n|turn|17\n|\n|t:|1698311834\n|-terastallize|p1a: Calyrex|Normal\n|move|p1a: Calyrex|Astral Barrage|p2a: Sial\n|-enditem|p2a: Sial|Focus Sash\n|-damage|p2a: Sial|1\/100\n|move|p2a: Sial|Sleep Powder|p1a: Calyrex\n|-status|p1a: Calyrex|slp|[from] move: Sleep Powder\n|\n|upkeep\n|turn|18\n|\n|t:|1698311848\n|cant|p1a: Calyrex|slp\n|move|p2a: Sial|Quiver Dance|p2a: Sial\n|-boost|p2a: Sial|spa|1\n|-boost|p2a: Sial|spd|1\n|-boost|p2a: Sial|spe|1\n|\n|upkeep\n|turn|19\n|\n|t:|1698311856\n|switch|p1a: Regieleki|Regieleki|100\/100\n|move|p2a: Sial|Quiver Dance|p2a: Sial\n|-boost|p2a: Sial|spa|1\n|-boost|p2a: Sial|spd|1\n|-boost|p2a: Sial|spe|1\n|\n|upkeep\n|turn|20\n|\n|t:|1698311871\n|move|p1a: Regieleki|Extreme Speed|p2a: Sial\n|-crit|p2a: Sial\n|-damage|p2a: Sial|0 fnt\n|faint|p2a: Sial\n|\n|win|Kayleb1718\n|raw|Kayleb1718's rating: 1316 &rarr; <strong>1333<\/strong><br \/>(+17 for winning)\n|raw|Bazelgeuse 24's rating: 1259 &rarr; <strong>1238<\/strong><br \/>(-21 for losing)\n|c|\u2606Kayleb1718|Ggz\n|c|\u2606Bazelgeuse 24|for real ?\n|c|\u2606Bazelgeuse 24|xD\n|c|\u2606Bazelgeuse 24|gg\n|c|\u2606Kayleb1718|U sashed\n|c|\u2606Bazelgeuse 24|wasn't expecting espeed Regi\n|c|\u2606Kayleb1718|Lol\n|l|\u2606Bazelgeuse 24\n|c|\u2606Kayleb1718|Always comes in handy\n","uploadtime":1698311919,"views":13,"p1id":"kayleb1718","p2id":"bazelgeuse24","formatid":"gen9anythinggoes","rating":1238,"private":0,"password":""}