{"id":"gen9anythinggoes-1979073591","p1":"polona","p2":"sasukeonichan","format":"[Gen 9] Anything Goes","log":"|j|\u2606polona\n|j|\u2606sasukeonichan\n|inactive|Battle timer is ON: inactive players will automatically lose when time's up.\n|t:|1698628769\n|gametype|singles\n|player|p1|polona|265|\n|player|p2|sasukeonichan|2|\n|teamsize|p1|6\n|teamsize|p2|6\n|gen|9\n|tier|[Gen 9] Anything Goes\n|rated|Tournament battle\n|rule|HP Percentage Mod: HP is shown in percentages\n|rule|Endless Battle Clause: Forcing endless battles is banned\n|clearpoke\n|poke|p1|Greninja-*, M|\n|poke|p1|Rillaboom, F|\n|poke|p1|Darkrai|\n|poke|p1|Weavile, M|\n|poke|p1|Iron Valiant|\n|poke|p1|Heatran, F|\n|poke|p2|Kingambit, F|\n|poke|p2|Glimmora, M|\n|poke|p2|Zamazenta-*|\n|poke|p2|Iron Valiant|\n|poke|p2|Iron Moth|\n|poke|p2|Ogerpon-Wellspring, F|\n|teampreview\n|j|*Lady Monita \u263d\n|\n|t:|1698628778\n|start\n|switch|p1a: \u00d1|Heatran, F|100\/100\n|switch|p2a: Ogerpon|Ogerpon-Wellspring, F|100\/100\n|-item|p1a: \u00d1|Air Balloon\n|turn|1\n|\n|t:|1698628785\n|move|p2a: Ogerpon|Knock Off|p1a: \u00d1\n|-damage|p1a: \u00d1|67\/100\n|-enditem|p1a: \u00d1|Air Balloon\n|move|p1a: \u00d1|Magma Storm|p2a: Ogerpon|[miss]\n|-miss|p1a: \u00d1|p2a: Ogerpon\n|\n|upkeep\n|turn|2\n|\n|t:|1698628790\n|move|p2a: Ogerpon|Ivy Cudgel|p1a: \u00d1\n|-supereffective|p1a: \u00d1\n|-damage|p1a: \u00d1|0 fnt\n|faint|p1a: \u00d1\n|\n|upkeep\n|\n|t:|1698628796\n|switch|p1a: Rapid Strike|Iron Valiant|100\/100\n|-enditem|p1a: Rapid Strike|Booster Energy\n|-activate|p1a: Rapid Strike|ability: Quark Drive|[fromitem]\n|-start|p1a: Rapid Strike|quarkdrivespe\n|turn|3\n|\n|t:|1698628807\n|move|p1a: Rapid Strike|Moonblast|p2a: Ogerpon\n|-damage|p2a: Ogerpon|44\/100\n|move|p2a: Ogerpon|Ivy Cudgel|p1a: Rapid Strike\n|-damage|p1a: Rapid Strike|30\/100\n|\n|upkeep\n|turn|4\n|\n|t:|1698628817\n|switch|p2a: Glimmora|Glimmora, M|100\/100\n|move|p1a: Rapid Strike|Moonblast|p2a: Glimmora\n|-resisted|p2a: Glimmora\n|-damage|p2a: Glimmora|65\/100\n|\n|upkeep\n|turn|5\n|\n|t:|1698628826\n|-terastallize|p2a: Glimmora|Rock\n|move|p1a: Rapid Strike|Psychic|p2a: Glimmora\n|-damage|p2a: Glimmora|21\/100\n|move|p2a: Glimmora|Earth Power|p1a: Rapid Strike\n|-damage|p1a: Rapid Strike|0 fnt\n|faint|p1a: Rapid Strike\n|-end|p1a: Rapid Strike|Quark Drive|[silent]\n|\n|upkeep\n|\n|t:|1698628838\n|switch|p1a: Secret|Greninja, M|100\/100\n|turn|6\n|\n|t:|1698628849\n|move|p1a: Secret|Extrasensory|p2a: Glimmora\n|-start|p1a: Secret|typechange|Psychic|[from] ability: Protean\n|-damage|p2a: Glimmora|0 fnt\n|faint|p2a: Glimmora\n|\n|upkeep\n|\n|t:|1698628857\n|switch|p2a: Kingambit|Kingambit, F|100\/100\n|-activate|p2a: Kingambit|ability: Supreme Overlord\n|-start|p2a: Kingambit|fallen1|[silent]\n|turn|7\n|\n|t:|1698628862\n|switch|p1a: I weeee|Darkrai|100\/100\n|move|p2a: Kingambit|Iron Head|p1a: I weeee\n|-damage|p1a: I weeee|37\/100\n|\n|upkeep\n|turn|8\n|\n|t:|1698628868\n|move|p1a: I weeee|Hypnosis|p2a: Kingambit|[miss]\n|-miss|p1a: I weeee|p2a: Kingambit\n|move|p2a: Kingambit|Iron Head|p1a: I weeee\n|-damage|p1a: I weeee|0 fnt\n|faint|p1a: I weeee\n|\n|upkeep\n|\n|t:|1698628871\n|switch|p1a: SIUUUU|Rillaboom, F|100\/100\n|-fieldstart|move: Grassy Terrain|[from] ability: Grassy Surge|[of] p1a: SIUUUU\n|-enditem|p1a: SIUUUU|Grassy Seed\n|-boost|p1a: SIUUUU|def|1|[from] item: Grassy Seed\n|turn|9\n|\n|t:|1698628876\n|move|p1a: SIUUUU|Swords Dance|p1a: SIUUUU\n|-boost|p1a: SIUUUU|atk|2\n|move|p2a: Kingambit|Kowtow Cleave|p1a: SIUUUU\n|-damage|p1a: SIUUUU|50\/100\n|\n|-heal|p1a: SIUUUU|56\/100|[from] Grassy Terrain\n|upkeep\n|turn|10\n|\n|t:|1698628882\n|move|p2a: Kingambit|Sucker Punch|p1a: SIUUUU\n|-damage|p1a: SIUUUU|13\/100\n|move|p1a: SIUUUU|Drain Punch|p2a: Kingambit\n|-supereffective|p2a: Kingambit\n|-damage|p2a: Kingambit|0 fnt\n|-heal|p1a: SIUUUU|63\/100|[from] drain|[of] p2a: Kingambit\n|faint|p2a: Kingambit\n|-end|p2a: Kingambit|fallen1|[silent]\n|\n|-heal|p1a: SIUUUU|69\/100|[from] Grassy Terrain\n|upkeep\n|\n|t:|1698628885\n|switch|p2a: Iron Moth|Iron Moth|100\/100\n|-enditem|p2a: Iron Moth|Booster Energy\n|-activate|p2a: Iron Moth|ability: Quark Drive|[fromitem]\n|-start|p2a: Iron Moth|quarkdrivespe\n|turn|11\n|\n|t:|1698628897\n|-terastallize|p1a: SIUUUU|Grass\n|move|p1a: SIUUUU|Grassy Glide|p2a: Iron Moth\n|-resisted|p2a: Iron Moth\n|-damage|p2a: Iron Moth|65\/100\n|move|p2a: Iron Moth|Fiery Dance|p1a: SIUUUU\n|-supereffective|p1a: SIUUUU\n|-damage|p1a: SIUUUU|0 fnt\n|faint|p1a: SIUUUU\n|\n|-heal|p2a: Iron Moth|71\/100|[from] Grassy Terrain\n|upkeep\n|\n|t:|1698628908\n|switch|p1a: Slash|Weavile, M|100\/100\n|turn|12\n|\n|t:|1698628911\n|move|p2a: Iron Moth|Fiery Dance|p1a: Slash\n|-supereffective|p1a: Slash\n|-enditem|p1a: Slash|Focus Sash\n|-damage|p1a: Slash|1\/100\n|move|p1a: Slash|Knock Off|p2a: Iron Moth\n|-damage|p2a: Iron Moth|28\/100\n|\n|-heal|p2a: Iron Moth|34\/100|[from] Grassy Terrain\n|-heal|p1a: Slash|7\/100|[from] Grassy Terrain\n|upkeep\n|turn|13\n|\n|t:|1698628918\n|move|p2a: Iron Moth|Fiery Dance|p1a: Slash\n|-supereffective|p1a: Slash\n|-crit|p1a: Slash\n|-damage|p1a: Slash|0 fnt\n|faint|p1a: Slash\n|\n|-heal|p2a: Iron Moth|40\/100|[from] Grassy Terrain\n|-fieldend|move: Grassy Terrain\n|upkeep\n|\n|t:|1698628922\n|switch|p1a: Secret|Greninja, M|100\/100\n|turn|14\n|\n|t:|1698628926\n|move|p2a: Iron Moth|Dazzling Gleam|p1a: Secret\n|-supereffective|p1a: Secret\n|-crit|p1a: Secret\n|-damage|p1a: Secret|0 fnt\n|faint|p1a: Secret\n|\n|win|sasukeonichan\n|n|\u2606polona|polona\n|n|\u2606sasukeonichan|sasukeonichan\n|n|*Lady Monita \u263d|ladymonita\n","uploadtime":1698628928,"views":7,"p1id":"polona","p2id":"sasukeonichan","formatid":"gen9anythinggoes","rating":0,"private":0,"password":""}