{"id":"gen9anythinggoes-1973635146","p1":"jb291","p2":"default0","format":"[Gen 9] Anything Goes","log":"|j|\u2606jb291\n|j|\u2606default0\n|inactive|Battle timer is ON: inactive players will automatically lose when time's up.\n|t:|1697998338\n|gametype|singles\n|player|p1|jb291|korrina-masters|\n|player|p2|default0|skierf-gen4dp|\n|teamsize|p1|6\n|teamsize|p2|6\n|gen|9\n|tier|[Gen 9] Anything Goes\n|rated|Tournament battle\n|rule|HP Percentage Mod: HP is shown in percentages\n|rule|Endless Battle Clause: Forcing endless battles is banned\n|clearpoke\n|poke|p1|Dondozo, F|\n|poke|p1|Giratina-Origin|\n|poke|p1|Clodsire, F|\n|poke|p1|Calyrex-Shadow|\n|poke|p1|Blissey, F|\n|poke|p1|Alomomola, F|\n|poke|p2|Kyogre|\n|poke|p2|Ting-Lu|\n|poke|p2|Koraidon|\n|poke|p2|Arceus-Poison|\n|poke|p2|Enamorus, F|\n|poke|p2|Calyrex-Shadow|\n|teampreview\n|inactive|jb291 also wants the timer to be on.\n|\n|t:|1697998362\n|start\n|switch|p1a: Calyrex|Calyrex-Shadow|100\/100\n|switch|p2a: Kyogre|Kyogre|100\/100\n|-ability|p1a: Calyrex|As One\n|-ability|p1a: Calyrex|Unnerve\n|-weather|RainDance|[from] ability: Drizzle|[of] p2a: Kyogre\n|turn|1\n|\n|t:|1697998371\n|move|p1a: Calyrex|Grass Knot|p2a: Kyogre\n|-supereffective|p2a: Kyogre\n|-damage|p2a: Kyogre|44\/100\n|move|p2a: Kyogre|Ice Beam|p1a: Calyrex\n|-damage|p1a: Calyrex|52\/100\n|\n|-weather|RainDance|[upkeep]\n|upkeep\n|turn|2\n|\n|t:|1697998383\n|switch|p2a: Ting-Lu|Ting-Lu|100\/100\n|-ability|p2a: Ting-Lu|Vessel of Ruin\n|move|p1a: Calyrex|Grass Knot|p2a: Ting-Lu\n|-supereffective|p2a: Ting-Lu\n|-damage|p2a: Ting-Lu|64\/100\n|\n|-weather|RainDance|[upkeep]\n|-heal|p2a: Ting-Lu|70\/100|[from] item: Leftovers\n|upkeep\n|turn|3\n|\n|t:|1697998389\n|switch|p1a: Alomomola|Alomomola, F|100\/100\n|move|p2a: Ting-Lu|Payback|p1a: Alomomola\n|-damage|p1a: Alomomola|90\/100\n|\n|-weather|RainDance|[upkeep]\n|-heal|p2a: Ting-Lu|77\/100|[from] item: Leftovers\n|upkeep\n|turn|4\n|\n|t:|1697998395\n|move|p1a: Alomomola|Play Rough|p2a: Ting-Lu\n|-supereffective|p2a: Ting-Lu\n|-damage|p2a: Ting-Lu|58\/100\n|move|p2a: Ting-Lu|Spikes|p1a: Alomomola\n|-sidestart|p1: jb291|Spikes\n|\n|-weather|RainDance|[upkeep]\n|-heal|p2a: Ting-Lu|64\/100|[from] item: Leftovers\n|upkeep\n|turn|5\n|\n|t:|1697998405\n|switch|p2a: Enamorus|Enamorus, F|100\/100\n|move|p1a: Alomomola|Play Rough|p2a: Enamorus\n|-damage|p2a: Enamorus|74\/100\n|\n|-weather|none\n|upkeep\n|turn|6\n|\n|t:|1697998411\n|move|p1a: Alomomola|Protect|p1a: Alomomola\n|-singleturn|p1a: Alomomola|Protect\n|move|p2a: Enamorus|Superpower|p1a: Alomomola\n|-activate|p1a: Alomomola|move: Protect\n|\n|upkeep\n|turn|7\n|\n|t:|1697998418\n|switch|p1a: Clodsire|Clodsire, F|100\/100\n|move|p2a: Enamorus|Superpower|p1a: Clodsire\n|-resisted|p1a: Clodsire\n|-damage|p1a: Clodsire|84\/100\n|-boost|p2a: Enamorus|atk|1\n|-boost|p2a: Enamorus|def|1\n|\n|upkeep\n|turn|8\n|\n|t:|1697998432\n|switch|p2a: Arceus|Arceus-Poison|100\/100\n|move|p1a: Clodsire|Toxic|p2a: Arceus\n|-immune|p2a: Arceus\n|\n|upkeep\n|turn|9\n|\n|t:|1697998436\n|switch|p1a: Giratina|Giratina-Origin|100\/100\n|move|p2a: Arceus|Stealth Rock|p1a: Giratina\n|-sidestart|p1: jb291|move: Stealth Rock\n|\n|upkeep\n|turn|10\n|\n|t:|1697998447\n|move|p2a: Arceus|Poison Jab|p1a: Giratina\n|-resisted|p1a: Giratina\n|-damage|p1a: Giratina|90\/100\n|move|p1a: Giratina|Will-O-Wisp|p2a: Arceus\n|-status|p2a: Arceus|brn\n|\n|-damage|p2a: Arceus|94\/100 brn|[from] brn\n|upkeep\n|turn|11\n|inactive|jb291 has 120 seconds left.\n|\n|t:|1697998477\n|switch|p1a: Clodsire|Clodsire, F|84\/100\n|move|p2a: Arceus|Poison Jab|p1a: Clodsire\n|-resisted|p1a: Clodsire\n|-damage|p1a: Clodsire|78\/100\n|\n|-damage|p2a: Arceus|88\/100 brn|[from] brn\n|upkeep\n|turn|12\n|inactive|jb291 has 120 seconds left.\n|inactive|jb291 has 90 seconds left.\n|\n|t:|1697998537\n|switch|p2a: Koraidon|Koraidon|100\/100\n|-weather|SunnyDay|[from] ability: Orichalcum Pulse|[of] p2a: Koraidon\n|-activate|p2a: Koraidon|Orichalcum Pulse|[source]\n|move|p1a: Clodsire|Spikes|p2a: Koraidon\n|-sidestart|p2: default0|Spikes\n|\n|-weather|SunnyDay|[upkeep]\n|upkeep\n|turn|13\n|j| s3rp3rior\n|\n|t:|1697998547\n|switch|p1a: Alomomola|Alomomola, F|100\/100\n|move|p2a: Koraidon|Scale Shot|p1a: Alomomola\n|-damage|p1a: Alomomola|90\/100\n|-damage|p1a: Alomomola|81\/100\n|-damage|p1a: Alomomola|72\/100\n|-damage|p1a: Alomomola|62\/100\n|-hitcount|p1a: Alomomola|4\n|-unboost|p2a: Koraidon|def|1\n|-boost|p2a: Koraidon|spe|1\n|\n|-weather|SunnyDay|[upkeep]\n|upkeep\n|turn|14\n|\n|t:|1697998560\n|-terastallize|p2a: Koraidon|Steel\n|move|p2a: Koraidon|Swords Dance|p2a: Koraidon\n|-boost|p2a: Koraidon|atk|2\n|move|p1a: Alomomola|Play Rough|p2a: Koraidon\n|-resisted|p2a: Koraidon\n|-damage|p2a: Koraidon|91\/100\n|-unboost|p2a: Koraidon|atk|1\n|\n|-weather|SunnyDay|[upkeep]\n|upkeep\n|turn|15\n|\n|t:|1697998566\n|move|p1a: Alomomola|Protect|p1a: Alomomola\n|-singleturn|p1a: Alomomola|Protect\n|move|p2a: Koraidon|Scale Shot|p1a: Alomomola\n|-activate|p1a: Alomomola|move: Protect\n|\n|-weather|SunnyDay|[upkeep]\n|upkeep\n|turn|16\n|\n|t:|1697998577\n|switch|p1a: Dondozo|Dondozo, F|100\/100\n|move|p2a: Koraidon|Scale Shot|p1a: Dondozo\n|-damage|p1a: Dondozo|93\/100\n|-damage|p1a: Dondozo|85\/100\n|-damage|p1a: Dondozo|77\/100\n|-damage|p1a: Dondozo|69\/100\n|-hitcount|p1a: Dondozo|4\n|-unboost|p2a: Koraidon|def|1\n|-boost|p2a: Koraidon|spe|1\n|\n|-weather|none\n|upkeep\n|turn|17\n|\n|t:|1697998586\n|switch|p2a: Enamorus|Enamorus, F|74\/100\n|move|p1a: Dondozo|Avalanche|p2a: Enamorus\n|-supereffective|p2a: Enamorus\n|-damage|p2a: Enamorus|29\/100\n|\n|upkeep\n|turn|18\n|\n|t:|1697998615\n|switch|p1a: Clodsire|Clodsire, F|78\/100\n|move|p2a: Enamorus|Moonblast|p1a: Clodsire\n|-resisted|p1a: Clodsire\n|-damage|p1a: Clodsire|62\/100\n|\n|upkeep\n|turn|19\n|\n|t:|1697998626\n|switch|p2a: Arceus|Arceus-Poison|88\/100 brn\n|-damage|p2a: Arceus|76\/100 brn|[from] Spikes\n|move|p1a: Clodsire|Recover|p1a: Clodsire\n|-heal|p1a: Clodsire|100\/100\n|\n|-damage|p2a: Arceus|70\/100 brn|[from] brn\n|upkeep\n|turn|20\n|j|+PrimalKyogre555\n|\n|t:|1697998645\n|move|p2a: Arceus|Earth Power|p1a: Clodsire\n|-supereffective|p1a: Clodsire\n|-damage|p1a: Clodsire|75\/100\n|move|p1a: Clodsire|Spikes|p2a: Arceus\n|-sidestart|p2: default0|Spikes\n|\n|-damage|p2a: Arceus|64\/100 brn|[from] brn\n|upkeep\n|turn|21\n|j|+its zxc\u266a\n|l|+PrimalKyogre555\n|\n|t:|1697998657\n|move|p2a: Arceus|Earth Power|p1a: Clodsire\n|-supereffective|p1a: Clodsire\n|-damage|p1a: Clodsire|48\/100\n|move|p1a: Clodsire|Spikes|p2a: Arceus\n|-sidestart|p2: default0|Spikes\n|\n|-damage|p2a: Arceus|58\/100 brn|[from] brn\n|upkeep\n|turn|22\n|\n|t:|1697998665\n|move|p2a: Arceus|Recover|p2a: Arceus\n|-heal|p2a: Arceus|100\/100 brn\n|move|p1a: Clodsire|Recover|p1a: Clodsire\n|-heal|p1a: Clodsire|98\/100\n|\n|-damage|p2a: Arceus|94\/100 brn|[from] brn\n|upkeep\n|turn|23\n|j| OreoSpeedruns\n|inactive|jb291 has 120 seconds left.\n|\n|t:|1697998706\n|switch|p1a: Blissey|Blissey, F|100\/100\n|move|p2a: Arceus|Earth Power|p1a: Blissey\n|-damage|p1a: Blissey|92\/100\n|\n|-damage|p2a: Arceus|88\/100 brn|[from] brn\n|upkeep\n|turn|24\n|\n|t:|1697998716\n|move|p2a: Arceus|Poison Jab|p1a: Blissey\n|-damage|p1a: Blissey|76\/100\n|-status|p1a: Blissey|psn\n|move|p1a: Blissey|Stealth Rock|p2a: Arceus\n|-sidestart|p2: default0|move: Stealth Rock\n|\n|-damage|p1a: Blissey|63\/100 psn|[from] psn\n|-damage|p2a: Arceus|82\/100 brn|[from] brn\n|upkeep\n|turn|25\n|inactive|jb291 has 120 seconds left.\n|\n|t:|1697998752\n|switch|p2a: Koraidon|Koraidon, tera:Steel|91\/100\n|-damage|p2a: Koraidon|66\/100|[from] Spikes\n|-damage|p2a: Koraidon|59\/100|[from] Stealth Rock\n|-weather|SunnyDay|[from] ability: Orichalcum Pulse|[of] p2a: Koraidon\n|-activate|p2a: Koraidon|Orichalcum Pulse|[source]\n|move|p1a: Blissey|Soft-Boiled|p1a: Blissey\n|-heal|p1a: Blissey|100\/100 psn\n|\n|-weather|SunnyDay|[upkeep]\n|-damage|p1a: Blissey|88\/100 psn|[from] psn\n|upkeep\n|turn|26\n|\n|t:|1697998766\n|-curestatus|p1a: Blissey|psn|[from] ability: Natural Cure\n|switch|p1a: Alomomola|Alomomola, F|96\/100\n|move|p2a: Koraidon|Scale Shot|p1a: Alomomola\n|-damage|p1a: Alomomola|86\/100\n|-damage|p1a: Alomomola|76\/100\n|-damage|p1a: Alomomola|67\/100\n|-damage|p1a: Alomomola|58\/100\n|-hitcount|p1a: Alomomola|4\n|-unboost|p2a: Koraidon|def|1\n|-boost|p2a: Koraidon|spe|1\n|\n|-weather|SunnyDay|[upkeep]\n|upkeep\n|turn|27\n|\n|t:|1697998781\n|move|p2a: Koraidon|Swords Dance|p2a: Koraidon\n|-boost|p2a: Koraidon|atk|2\n|move|p1a: Alomomola|Wish|p1a: Alomomola\n|\n|-weather|SunnyDay|[upkeep]\n|upkeep\n|turn|28\n|\n|t:|1697998789\n|switch|p2a: Calyrex|Calyrex-Shadow|100\/100\n|-ability|p2a: Calyrex|As One\n|-ability|p2a: Calyrex|Unnerve\n|switch|p1a: Dondozo|Dondozo, F|69\/100\n|\n|-weather|SunnyDay|[upkeep]\n|-heal|p1a: Dondozo|100\/100|[from] move: Wish|[wisher] Alomomola\n|upkeep\n|turn|29\n|inactive|jb291 has 120 seconds left.\n|\n|t:|1697998798\n|switch|p1a: Blissey|Blissey, F|88\/100\n|move|p2a: Calyrex|Psyshock|p1a: Blissey\n|-damage|p1a: Blissey|46\/100\n|\n|-weather|none\n|upkeep\n|turn|30\n|inactive|jb291 has 120 seconds left.\n|\n|t:|1697998809\n|move|p2a: Calyrex|Nasty Plot|p2a: Calyrex\n|-boost|p2a: Calyrex|spa|2\n|move|p1a: Blissey|Soft-Boiled|p1a: Blissey\n|-heal|p1a: Blissey|96\/100\n|\n|upkeep\n|turn|31\n|\n|t:|1697998813\n|switch|p1a: Calyrex|Calyrex-Shadow|52\/100\n|-ability|p1a: Calyrex|As One\n|-ability|p1a: Calyrex|Unnerve\n|move|p2a: Calyrex|Psyshock|p1a: Calyrex\n|-resisted|p1a: Calyrex\n|-damage|p1a: Calyrex|12\/100\n|\n|upkeep\n|turn|32\n|\n|t:|1697998826\n|switch|p2a: Kyogre|Kyogre|44\/100\n|-damage|p2a: Kyogre|19\/100|[from] Spikes\n|-damage|p2a: Kyogre|7\/100|[from] Stealth Rock\n|-weather|RainDance|[from] ability: Drizzle|[of] p2a: Kyogre\n|move|p1a: Calyrex|Astral Barrage|p2a: Kyogre\n|-damage|p2a: Kyogre|0 fnt\n|faint|p2a: Kyogre\n|-ability|p1a: Calyrex|Grim Neigh|boost\n|-boost|p1a: Calyrex|spa|1\n|\n|-weather|RainDance|[upkeep]\n|upkeep\n|\n|t:|1697998830\n|switch|p2a: Enamorus|Enamorus, F|29\/100\n|-damage|p2a: Enamorus|4\/100|[from] Stealth Rock\n|turn|33\n|\n|t:|1697998839\n|switch|p1a: Clodsire|Clodsire, F|98\/100\n|move|p2a: Enamorus|Moonblast|p1a: Clodsire\n|-resisted|p1a: Clodsire\n|-damage|p1a: Clodsire|82\/100\n|-unboost|p1a: Clodsire|spa|1\n|\n|-weather|RainDance|[upkeep]\n|upkeep\n|turn|34\n|\n|t:|1697998844\n|switch|p1a: Blissey|Blissey, F|96\/100\n|move|p2a: Enamorus|Moonblast|p1a: Blissey\n|-crit|p1a: Blissey\n|-damage|p1a: Blissey|69\/100\n|-unboost|p1a: Blissey|spa|1\n|\n|-weather|RainDance|[upkeep]\n|upkeep\n|turn|35\n|\n|t:|1697998850\n|switch|p2a: Koraidon|Koraidon, tera:Steel|59\/100\n|-damage|p2a: Koraidon|35\/100|[from] Spikes\n|-damage|p2a: Koraidon|28\/100|[from] Stealth Rock\n|-weather|SunnyDay|[from] ability: Orichalcum Pulse|[of] p2a: Koraidon\n|-activate|p2a: Koraidon|Orichalcum Pulse|[source]\n|move|p1a: Blissey|Soft-Boiled|p1a: Blissey\n|-heal|p1a: Blissey|100\/100\n|\n|-weather|SunnyDay|[upkeep]\n|upkeep\n|turn|36\n|\n|t:|1697998859\n|switch|p1a: Alomomola|Alomomola, F|91\/100\n|move|p2a: Koraidon|Swords Dance|p2a: Koraidon\n|-boost|p2a: Koraidon|atk|2\n|\n|-weather|SunnyDay|[upkeep]\n|upkeep\n|turn|37\n|\n|t:|1697998862\n|move|p1a: Alomomola|Protect|p1a: Alomomola\n|-singleturn|p1a: Alomomola|Protect\n|move|p2a: Koraidon|Scale Shot|p1a: Alomomola\n|-activate|p1a: Alomomola|move: Protect\n|\n|-weather|SunnyDay|[upkeep]\n|upkeep\n|turn|38\n|\n|t:|1697998864\n|move|p2a: Koraidon|Scale Shot|p1a: Alomomola\n|-damage|p1a: Alomomola|72\/100\n|-damage|p1a: Alomomola|54\/100\n|-damage|p1a: Alomomola|35\/100\n|-damage|p1a: Alomomola|18\/100\n|-hitcount|p1a: Alomomola|4\n|-unboost|p2a: Koraidon|def|1\n|-boost|p2a: Koraidon|spe|1\n|move|p1a: Alomomola|Wish|p1a: Alomomola\n|\n|-weather|SunnyDay|[upkeep]\n|upkeep\n|turn|39\n|\n|t:|1697998868\n|switch|p1a: Dondozo|Dondozo, F|100\/100\n|move|p2a: Koraidon|Swords Dance|p2a: Koraidon\n|-boost|p2a: Koraidon|atk|2\n|\n|-weather|none\n|upkeep\n|turn|40\n|\n|t:|1697998891\n|move|p2a: Koraidon|Scale Shot|p1a: Dondozo|[miss]\n|-miss|p2a: Koraidon|p1a: Dondozo\n|move|p1a: Dondozo|Avalanche|p2a: Koraidon\n|-resisted|p2a: Koraidon\n|-damage|p2a: Koraidon|22\/100\n|\n|upkeep\n|turn|41\n|\n|t:|1697998899\n|move|p2a: Koraidon|Scale Shot|p1a: Dondozo\n|-damage|p1a: Dondozo|94\/100\n|-damage|p1a: Dondozo|88\/100\n|-damage|p1a: Dondozo|82\/100\n|-damage|p1a: Dondozo|76\/100\n|-damage|p1a: Dondozo|70\/100\n|-hitcount|p1a: Dondozo|5\n|-unboost|p2a: Koraidon|def|1\n|-boost|p2a: Koraidon|spe|1\n|move|p1a: Dondozo|Avalanche|p2a: Koraidon\n|-resisted|p2a: Koraidon\n|-crit|p2a: Koraidon\n|-damage|p2a: Koraidon|5\/100\n|\n|upkeep\n|turn|42\n|\n|t:|1697998904\n|move|p2a: Koraidon|Scale Shot|p1a: Dondozo\n|-damage|p1a: Dondozo|64\/100\n|-damage|p1a: Dondozo|57\/100\n|-damage|p1a: Dondozo|51\/100\n|-damage|p1a: Dondozo|45\/100\n|-damage|p1a: Dondozo|40\/100\n|-hitcount|p1a: Dondozo|5\n|-unboost|p2a: Koraidon|def|1\n|-boost|p2a: Koraidon|spe|1\n|move|p1a: Dondozo|Avalanche|p2a: Koraidon\n|-resisted|p2a: Koraidon\n|-damage|p2a: Koraidon|0 fnt\n|faint|p2a: Koraidon\n|\n|upkeep\n|\n|t:|1697998908\n|switch|p2a: Calyrex|Calyrex-Shadow|100\/100\n|-ability|p2a: Calyrex|As One\n|-ability|p2a: Calyrex|Unnerve\n|turn|43\n|\n|t:|1697998912\n|switch|p1a: Giratina|Giratina-Origin|90\/100\n|-damage|p1a: Giratina|77\/100|[from] Stealth Rock\n|move|p2a: Calyrex|Nasty Plot|p2a: Calyrex\n|-boost|p2a: Calyrex|spa|2\n|\n|upkeep\n|turn|44\n|\n|t:|1697998918\n|move|p2a: Calyrex|Astral Barrage|p1a: Giratina\n|-supereffective|p1a: Giratina\n|-damage|p1a: Giratina|0 fnt\n|faint|p1a: Giratina\n|-ability|p2a: Calyrex|Grim Neigh|boost\n|-boost|p2a: Calyrex|spa|1\n|\n|upkeep\n|\n|t:|1697998920\n|switch|p1a: Clodsire|Clodsire, F|82\/100\n|turn|45\n|\n|t:|1697998929\n|switch|p2a: Enamorus|Enamorus, F|4\/100\n|-damage|p2a: Enamorus|0 fnt|[from] Stealth Rock\n|faint|p2a: Enamorus\n|-terastallize|p1a: Clodsire|Dark\n|move|p1a: Clodsire|Toxic|p2: Enamorus|[notarget]\n|-fail|p1a: Clodsire\n|\n|upkeep\n|\n|t:|1697998934\n|switch|p2a: Arceus|Arceus-Poison|82\/100 brn\n|-damage|p2a: Arceus|57\/100 brn|[from] Spikes\n|-damage|p2a: Arceus|45\/100 brn|[from] Stealth Rock\n|turn|46\n|\n|t:|1697998948\n|switch|p1a: Alomomola|Alomomola, F|51\/100\n|move|p2a: Arceus|Poison Jab|p1a: Alomomola\n|-damage|p1a: Alomomola|41\/100\n|\n|-damage|p2a: Arceus|39\/100 brn|[from] brn\n|upkeep\n|turn|47\n|\n|t:|1697998956\n|move|p2a: Arceus|Earth Power|p1a: Alomomola\n|-damage|p1a: Alomomola|14\/100\n|move|p1a: Alomomola|Wish|p1a: Alomomola\n|\n|-damage|p2a: Arceus|33\/100 brn|[from] brn\n|upkeep\n|turn|48\n|\n|t:|1697998965\n|move|p1a: Alomomola|Protect|p1a: Alomomola\n|-singleturn|p1a: Alomomola|Protect\n|move|p2a: Arceus|Earth Power|p1a: Alomomola\n|-activate|p1a: Alomomola|move: Protect\n|\n|-heal|p1a: Alomomola|64\/100|[from] move: Wish|[wisher] Alomomola\n|-damage|p2a: Arceus|27\/100 brn|[from] brn\n|upkeep\n|turn|49\n|\n|t:|1697998967\n|move|p2a: Arceus|Recover|p2a: Arceus\n|-heal|p2a: Arceus|77\/100 brn\n|move|p1a: Alomomola|Wish|p1a: Alomomola\n|\n|-damage|p2a: Arceus|71\/100 brn|[from] brn\n|upkeep\n|turn|50\n|\n|t:|1697998970\n|move|p2a: Arceus|Earth Power|p1a: Alomomola\n|-damage|p1a: Alomomola|36\/100\n|move|p1a: Alomomola|Flip Turn|p2a: Arceus\n|-damage|p2a: Arceus|62\/100 brn\n|\n|t:|1697998972\n|switch|p1a: Calyrex|Calyrex-Shadow|12\/100|[from] Flip Turn\n|-ability|p1a: Calyrex|As One\n|-ability|p1a: Calyrex|Unnerve\n|\n|-heal|p1a: Calyrex|82\/100|[from] move: Wish|[wisher] Alomomola\n|-damage|p2a: Arceus|56\/100 brn|[from] brn\n|upkeep\n|turn|51\n|\n|t:|1697998976\n|move|p1a: Calyrex|Psyshock|p2a: Arceus\n|-supereffective|p2a: Arceus\n|-damage|p2a: Arceus|15\/100 brn\n|move|p2a: Arceus|Earth Power|p1a: Calyrex\n|-damage|p1a: Calyrex|59\/100\n|\n|-damage|p2a: Arceus|9\/100 brn|[from] brn\n|upkeep\n|turn|52\n|\n|t:|1697998980\n|move|p1a: Calyrex|Astral Barrage|p2a: Arceus\n|-damage|p2a: Arceus|0 fnt\n|faint|p2a: Arceus\n|-ability|p1a: Calyrex|Grim Neigh|boost\n|-boost|p1a: Calyrex|spa|1\n|\n|upkeep\n|\n|t:|1697998985\n|switch|p2a: Calyrex|Calyrex-Shadow|100\/100\n|-ability|p2a: Calyrex|As One\n|-ability|p2a: Calyrex|Unnerve\n|turn|53\n|\n|t:|1697998989\n|move|p2a: Calyrex|Astral Barrage|p1a: Calyrex\n|-supereffective|p1a: Calyrex\n|-damage|p1a: Calyrex|0 fnt\n|faint|p1a: Calyrex\n|-ability|p2a: Calyrex|Grim Neigh|boost\n|-boost|p2a: Calyrex|spa|1\n|\n|upkeep\n|\n|t:|1697998992\n|switch|p1a: Clodsire|Clodsire, F, tera:Dark|82\/100\n|turn|54\n|\n|t:|1697998996\n|move|p2a: Calyrex|Will-O-Wisp|p1a: Clodsire\n|-status|p1a: Clodsire|brn\n|move|p1a: Clodsire|Toxic|p2a: Calyrex\n|-status|p2a: Calyrex|tox\n|\n|-damage|p2a: Calyrex|94\/100 tox|[from] psn\n|-damage|p1a: Clodsire|76\/100 brn|[from] brn\n|upkeep\n|turn|55\n|\n|t:|1697999000\n|switch|p2a: Ting-Lu|Ting-Lu|64\/100\n|-damage|p2a: Ting-Lu|39\/100|[from] Spikes\n|-damage|p2a: Ting-Lu|33\/100|[from] Stealth Rock\n|-ability|p2a: Ting-Lu|Vessel of Ruin\n|move|p1a: Clodsire|Recover|p1a: Clodsire\n|-heal|p1a: Clodsire|100\/100 brn\n|\n|-heal|p2a: Ting-Lu|39\/100|[from] item: Leftovers\n|-damage|p1a: Clodsire|94\/100 brn|[from] brn\n|upkeep\n|turn|56\n|\n|t:|1697999003\n|switch|p1a: Alomomola|Alomomola, F|69\/100\n|move|p2a: Ting-Lu|Taunt|p1a: Alomomola\n|-start|p1a: Alomomola|move: Taunt\n|\n|-heal|p2a: Ting-Lu|45\/100|[from] item: Leftovers\n|upkeep\n|turn|57\n|\n|t:|1697999011\n|move|p1a: Alomomola|Flip Turn|p2a: Ting-Lu\n|-supereffective|p2a: Ting-Lu\n|-damage|p2a: Ting-Lu|27\/100\n|\n|t:|1697999015\n|switch|p1a: Dondozo|Dondozo, F|40\/100|[from] Flip Turn\n|move|p2a: Ting-Lu|Earthquake|p1a: Dondozo\n|-damage|p1a: Dondozo|23\/100\n|\n|-heal|p2a: Ting-Lu|33\/100|[from] item: Leftovers\n|upkeep\n|turn|58\n|\n|t:|1697999020\n|move|p2a: Ting-Lu|Taunt|p1a: Dondozo\n|-start|p1a: Dondozo|move: Taunt\n|move|p1a: Dondozo|Avalanche|p2a: Ting-Lu\n|-supereffective|p2a: Ting-Lu\n|-damage|p2a: Ting-Lu|16\/100\n|\n|-heal|p2a: Ting-Lu|22\/100|[from] item: Leftovers\n|upkeep\n|turn|59\n|\n|t:|1697999022\n|move|p2a: Ting-Lu|Earthquake|p1a: Dondozo\n|-damage|p1a: Dondozo|7\/100\n|move|p1a: Dondozo|Avalanche|p2a: Ting-Lu\n|-supereffective|p2a: Ting-Lu\n|-damage|p2a: Ting-Lu|0 fnt\n|faint|p2a: Ting-Lu\n|\n|upkeep\n|\n|t:|1697999025\n|switch|p2a: Calyrex|Calyrex-Shadow|94\/100 tox\n|-ability|p2a: Calyrex|As One\n|-ability|p2a: Calyrex|Unnerve\n|turn|60\n|\n|t:|1697999029\n|switch|p1a: Blissey|Blissey, F|100\/100\n|move|p2a: Calyrex|Astral Barrage|p1a: Blissey\n|-immune|p1a: Blissey\n|\n|-damage|p2a: Calyrex|88\/100 tox|[from] psn\n|upkeep\n|turn|61\n|\n|t:|1697999033\n|move|p2a: Calyrex|Nasty Plot|p2a: Calyrex\n|-boost|p2a: Calyrex|spa|2\n|move|p1a: Blissey|Shadow Ball|p2a: Calyrex\n|-supereffective|p2a: Calyrex\n|-crit|p2a: Calyrex\n|-damage|p2a: Calyrex|5\/100 tox\n|\n|-damage|p2a: Calyrex|0 fnt|[from] psn\n|faint|p2a: Calyrex\n|\n|win|jb291\n|upkeep\n|n|\u2606jb291|jb291\n|n|\u2606default0|default0\n|n| s3rp3rior|s3rp3rior\n|n| its zxc\u266a|itszxc\n|n| OreoSpeedruns|oreospeedruns\n|l|\u2606jb291\n|l|\u2606default0\n|l| OreoSpeedruns\n|j| Lord Varamyr\n|l| Lord Varamyr\n|l| its zxc\u266a\n","uploadtime":1697999269,"views":41,"p1id":"jb291","p2id":"default0","formatid":"gen9anythinggoes","rating":0,"private":0,"password":""}