{"id":"gen9anythinggoes-1978106470","p1":"Feraligators","p2":"hoenn militian","format":"[Gen 9] Anything Goes","log":"|j|\u2606Feraligators\n|j|\u2606hoenn militian\n|t:|1698500127\n|gametype|singles\n|player|p1|Feraligators|hooligans|1732\n|player|p2|hoenn militian|2|1726\n|teamsize|p1|6\n|teamsize|p2|6\n|gen|9\n|tier|[Gen 9] Anything Goes\n|rated|\n|rule|HP Percentage Mod: HP is shown in percentages\n|rule|Endless Battle Clause: Forcing endless battles is banned\n|clearpoke\n|poke|p1|Calyrex-Shadow|\n|poke|p1|Arceus|\n|poke|p1|Koraidon|\n|poke|p1|Ditto|\n|poke|p1|Ting-Lu|\n|poke|p1|Miraidon|\n|poke|p2|Miraidon|\n|poke|p2|Grimmsnarl, M|\n|poke|p2|Skeledirge, M|\n|poke|p2|Blissey, F|\n|poke|p2|Azumarill, F|\n|poke|p2|Calyrex-Ice|\n|teampreview\n|\n|t:|1698500135\n|start\n|switch|p1a: Moose Of Ruin|Ting-Lu|100\/100\n|switch|p2a: Calyrex|Calyrex-Ice|100\/100\n|-ability|p2a: Calyrex|As One\n|-ability|p2a: Calyrex|Unnerve\n|-ability|p1a: Moose Of Ruin|Vessel of Ruin\n|turn|1\n|inactive|Battle timer is ON: inactive players will automatically lose when time's up. (requested by hoenn militian)\n|inactive|Feraligators has 120 seconds left.\n|\n|t:|1698500201\n|move|p2a: Calyrex|Glacial Lance|p1a: Moose Of Ruin\n|-supereffective|p1a: Moose Of Ruin\n|-damage|p1a: Moose Of Ruin|16\/100\n|move|p1a: Moose Of Ruin|Whirlwind|p2a: Calyrex\n|drag|p2a: Miraidon|Miraidon|100\/100\n|-fieldstart|move: Electric Terrain|[from] ability: Hadron Engine|[of] p2a: Miraidon\n|\n|-heal|p1a: Moose Of Ruin|22\/100|[from] item: Leftovers\n|upkeep\n|turn|2\n|\n|t:|1698500210\n|move|p2a: Miraidon|Dragon Pulse|p1a: Moose Of Ruin\n|-damage|p1a: Moose Of Ruin|0 fnt\n|faint|p1a: Moose Of Ruin\n|\n|upkeep\n|j| qwwwwwe\n|inactive|Feraligators has 120 seconds left.\n|l| qwwwwwe\n|inactive|Feraligators has 90 seconds left.\n|\n|t:|1698500277\n|switch|p1a: Miraidon|Miraidon|100\/100\n|-activate|p1a: Miraidon|ability: Hadron Engine\n|turn|3\n|inactive|Feraligators has 90 seconds left.\n|\n|t:|1698500286\n|switch|p1a: Light of Hope|Arceus|100\/100\n|move|p2a: Miraidon|Protect||[still]\n|-fail|p2a: Miraidon\n|\n|upkeep\n|turn|4\n|\n|t:|1698500292\n|move|p2a: Miraidon|Electro Drift|p1a: Light of Hope\n|-damage|p1a: Light of Hope|37\/100\n|move|p1a: Light of Hope|Swords Dance|p1a: Light of Hope\n|-boost|p1a: Light of Hope|atk|2\n|\n|-heal|p1a: Light of Hope|44\/100|[from] item: Leftovers\n|upkeep\n|turn|5\n|\n|t:|1698500305\n|-terastallize|p1a: Light of Hope|Normal\n|move|p1a: Light of Hope|Extreme Speed|p2a: Miraidon\n|-damage|p2a: Miraidon|0 fnt\n|faint|p2a: Miraidon\n|\n|-heal|p1a: Light of Hope|50\/100|[from] item: Leftovers\n|-fieldend|move: Electric Terrain\n|upkeep\n|\n|t:|1698500312\n|switch|p2a: Skeledirge|Skeledirge, M|100\/100\n|turn|6\n|inactive|Feraligators has 90 seconds left.\n|\n|t:|1698500342\n|move|p1a: Light of Hope|Earthquake|p2a: Skeledirge\n|-supereffective|p2a: Skeledirge\n|-damage|p2a: Skeledirge|60\/100\n|move|p2a: Skeledirge|Will-O-Wisp|p1a: Light of Hope\n|-status|p1a: Light of Hope|brn\n|\n|-heal|p1a: Light of Hope|56\/100 brn|[from] item: Leftovers\n|-damage|p1a: Light of Hope|50\/100 brn|[from] brn\n|upkeep\n|turn|7\n|inactive|Feraligators has 90 seconds left.\n|\n|t:|1698500362\n|switch|p1a: Shadow Knight|Calyrex-Shadow|100\/100\n|-ability|p1a: Shadow Knight|As One\n|-ability|p1a: Shadow Knight|Unnerve\n|move|p2a: Skeledirge|Slack Off|p2a: Skeledirge\n|-heal|p2a: Skeledirge|100\/100\n|\n|upkeep\n|turn|8\n|\n|t:|1698500371\n|switch|p1a: Light of Hope|Arceus, tera:Normal|50\/100 brn\n|switch|p2a: Grimmsnarl|Grimmsnarl, M|100\/100\n|\n|-heal|p1a: Light of Hope|56\/100 brn|[from] item: Leftovers\n|-damage|p1a: Light of Hope|50\/100 brn|[from] brn\n|upkeep\n|turn|9\n|inactive|Feraligators has 90 seconds left.\n|\n|t:|1698500406\n|switch|p2a: Skeledirge|Skeledirge, M|100\/100\n|move|p1a: Light of Hope|Earthquake|p2a: Skeledirge\n|-supereffective|p2a: Skeledirge\n|-damage|p2a: Skeledirge|81\/100\n|\n|-heal|p1a: Light of Hope|56\/100 brn|[from] item: Leftovers\n|-damage|p1a: Light of Hope|50\/100 brn|[from] brn\n|upkeep\n|turn|10\n|\n|t:|1698500414\n|move|p1a: Light of Hope|Swords Dance|p1a: Light of Hope\n|-boost|p1a: Light of Hope|atk|2\n|move|p2a: Skeledirge|Torch Song|p1a: Light of Hope\n|-damage|p1a: Light of Hope|31\/100 brn\n|-boost|p2a: Skeledirge|spa|1\n|\n|-heal|p1a: Light of Hope|37\/100 brn|[from] item: Leftovers\n|-damage|p1a: Light of Hope|31\/100 brn|[from] brn\n|upkeep\n|turn|11\n|\n|t:|1698500423\n|move|p1a: Light of Hope|Earthquake|p2a: Skeledirge\n|-supereffective|p2a: Skeledirge\n|-damage|p2a: Skeledirge|58\/100\n|move|p2a: Skeledirge|Torch Song|p1a: Light of Hope\n|-damage|p1a: Light of Hope|3\/100 brn\n|-boost|p2a: Skeledirge|spa|1\n|\n|-heal|p1a: Light of Hope|10\/100 brn|[from] item: Leftovers\n|-damage|p1a: Light of Hope|3\/100 brn|[from] brn\n|upkeep\n|turn|12\n|\n|t:|1698500433\n|move|p1a: Light of Hope|Swords Dance|p1a: Light of Hope\n|-boost|p1a: Light of Hope|atk|2\n|move|p2a: Skeledirge|Slack Off|p2a: Skeledirge\n|-heal|p2a: Skeledirge|100\/100\n|\n|-heal|p1a: Light of Hope|10\/100 brn|[from] item: Leftovers\n|-damage|p1a: Light of Hope|3\/100 brn|[from] brn\n|upkeep\n|turn|13\n|\n|t:|1698500441\n|move|p1a: Light of Hope|Earthquake|p2a: Skeledirge\n|-supereffective|p2a: Skeledirge\n|-damage|p2a: Skeledirge|77\/100\n|move|p2a: Skeledirge|Torch Song|p1a: Light of Hope\n|-damage|p1a: Light of Hope|0 fnt\n|-boost|p2a: Skeledirge|spa|1\n|faint|p1a: Light of Hope\n|\n|upkeep\n|\n|t:|1698500448\n|switch|p1a: Miraidon|Miraidon|100\/100\n|-fieldstart|move: Electric Terrain|[from] ability: Hadron Engine|[of] p1a: Miraidon\n|turn|14\n|\n|t:|1698500453\n|switch|p2a: Blissey|Blissey, F|100\/100\n|move|p1a: Miraidon|Electro Drift|p2a: Blissey\n|-damage|p2a: Blissey|72\/100\n|\n|upkeep\n|turn|15\n|inactive|Feraligators has 120 seconds left.\n|\n|t:|1698500491\n|switch|p1a: Dreadful Destroyer|Koraidon|100\/100\n|-weather|SunnyDay|[from] ability: Orichalcum Pulse|[of] p1a: Dreadful Destroyer\n|-activate|p1a: Dreadful Destroyer|Orichalcum Pulse|[source]\n|move|p2a: Blissey|Stealth Rock|p1a: Dreadful Destroyer\n|-sidestart|p1: Feraligators|move: Stealth Rock\n|\n|-weather|SunnyDay|[upkeep]\n|upkeep\n|turn|16\n|\n|t:|1698500498\n|switch|p2a: Azumarill|Azumarill, F|100\/100\n|move|p1a: Dreadful Destroyer|Swords Dance|p1a: Dreadful Destroyer\n|-boost|p1a: Dreadful Destroyer|atk|2\n|\n|-weather|SunnyDay|[upkeep]\n|upkeep\n|turn|17\n|\n|t:|1698500506\n|move|p1a: Dreadful Destroyer|Flare Blitz|p2a: Azumarill\n|-resisted|p2a: Azumarill\n|-damage|p2a: Azumarill|65\/100\n|-status|p2a: Azumarill|brn\n|-damage|p1a: Dreadful Destroyer|89\/100|[from] Recoil\n|move|p2a: Azumarill|Play Rough|p1a: Dreadful Destroyer\n|-supereffective|p1a: Dreadful Destroyer\n|-damage|p1a: Dreadful Destroyer|55\/100\n|\n|-weather|SunnyDay|[upkeep]\n|-damage|p2a: Azumarill|59\/100 brn|[from] brn\n|upkeep\n|turn|18\n|\n|t:|1698500524\n|move|p1a: Dreadful Destroyer|Low Kick|p2a: Azumarill\n|-resisted|p2a: Azumarill\n|-damage|p2a: Azumarill|24\/100 brn\n|move|p2a: Azumarill|Encore|p1a: Dreadful Destroyer\n|-start|p1a: Dreadful Destroyer|Encore\n|\n|-weather|SunnyDay|[upkeep]\n|-damage|p2a: Azumarill|17\/100 brn|[from] brn\n|-fieldend|move: Electric Terrain\n|upkeep\n|turn|19\n|\n|t:|1698500542\n|switch|p2a: Skeledirge|Skeledirge, M|77\/100\n|move|p1a: Dreadful Destroyer|Low Kick|p2a: Skeledirge\n|-immune|p2a: Skeledirge\n|\n|-weather|none\n|upkeep\n|turn|20\n|\n|t:|1698500554\n|switch|p1a: Miraidon|Miraidon|100\/100\n|-damage|p1a: Miraidon|88\/100|[from] Stealth Rock\n|-fieldstart|move: Electric Terrain|[from] ability: Hadron Engine|[of] p1a: Miraidon\n|move|p2a: Skeledirge|Hex|p1a: Miraidon\n|-damage|p1a: Miraidon|67\/100\n|\n|upkeep\n|turn|21\n|\n|t:|1698500564\n|switch|p2a: Blissey|Blissey, F|72\/100\n|move|p1a: Miraidon|Electro Drift|p2a: Blissey\n|-damage|p2a: Blissey|48\/100\n|\n|upkeep\n|turn|22\n|\n|t:|1698500576\n|move|p1a: Miraidon|Electro Drift|p2a: Blissey\n|-damage|p2a: Blissey|22\/100\n|move|p2a: Blissey|Soft-Boiled|p2a: Blissey\n|-heal|p2a: Blissey|72\/100\n|\n|upkeep\n|turn|23\n|inactive|Feraligators has 120 seconds left.\n|\n|t:|1698500601\n|move|p1a: Miraidon|Electro Drift|p2a: Blissey\n|-damage|p2a: Blissey|45\/100\n|move|p2a: Blissey|Seismic Toss|p1a: Miraidon\n|-damage|p1a: Miraidon|38\/100\n|\n|upkeep\n|turn|24\n|\n|t:|1698500609\n|switch|p1a: Dreadful Destroyer|Koraidon|55\/100\n|-damage|p1a: Dreadful Destroyer|49\/100|[from] Stealth Rock\n|-weather|SunnyDay|[from] ability: Orichalcum Pulse|[of] p1a: Dreadful Destroyer\n|-activate|p1a: Dreadful Destroyer|Orichalcum Pulse|[source]\n|move|p2a: Blissey|Soft-Boiled|p2a: Blissey\n|-heal|p2a: Blissey|95\/100\n|\n|-weather|SunnyDay|[upkeep]\n|-fieldend|move: Electric Terrain\n|upkeep\n|turn|25\n|inactive|Feraligators has 120 seconds left.\n|\n|t:|1698500631\n|switch|p2a: Azumarill|Azumarill, F|17\/100 brn\n|move|p1a: Dreadful Destroyer|Swords Dance|p1a: Dreadful Destroyer\n|-boost|p1a: Dreadful Destroyer|atk|2\n|\n|-weather|SunnyDay|[upkeep]\n|-damage|p2a: Azumarill|11\/100 brn|[from] brn\n|upkeep\n|turn|26\n|\n|t:|1698500638\n|move|p1a: Dreadful Destroyer|Low Kick|p2a: Azumarill\n|-resisted|p2a: Azumarill\n|-damage|p2a: Azumarill|0 fnt\n|faint|p2a: Azumarill\n|\n|-weather|SunnyDay|[upkeep]\n|upkeep\n|\n|t:|1698500643\n|switch|p2a: Skeledirge|Skeledirge, M|77\/100\n|turn|27\n|\n|t:|1698500654\n|move|p1a: Dreadful Destroyer|Scale Shot|p2a: Skeledirge\n|-damage|p2a: Skeledirge|66\/100\n|-damage|p2a: Skeledirge|53\/100\n|-damage|p2a: Skeledirge|42\/100\n|-damage|p2a: Skeledirge|30\/100\n|-damage|p2a: Skeledirge|18\/100\n|-hitcount|p2a: Skeledirge|5\n|-unboost|p1a: Dreadful Destroyer|def|1\n|-boost|p1a: Dreadful Destroyer|spe|1\n|move|p2a: Skeledirge|Slack Off|p2a: Skeledirge\n|-heal|p2a: Skeledirge|68\/100\n|\n|-weather|SunnyDay|[upkeep]\n|upkeep\n|turn|28\n|\n|t:|1698500668\n|move|p1a: Dreadful Destroyer|Swords Dance|p1a: Dreadful Destroyer\n|-boost|p1a: Dreadful Destroyer|atk|2\n|move|p2a: Skeledirge|Slack Off|p2a: Skeledirge\n|-heal|p2a: Skeledirge|100\/100\n|\n|-weather|none\n|upkeep\n|turn|29\n|\n|t:|1698500676\n|move|p1a: Dreadful Destroyer|Scale Shot|p2a: Skeledirge\n|-damage|p2a: Skeledirge|91\/100\n|-damage|p2a: Skeledirge|83\/100\n|-damage|p2a: Skeledirge|75\/100\n|-damage|p2a: Skeledirge|66\/100\n|-hitcount|p2a: Skeledirge|4\n|-unboost|p1a: Dreadful Destroyer|def|1\n|-boost|p1a: Dreadful Destroyer|spe|1\n|move|p2a: Skeledirge|Torch Song|p1a: Dreadful Destroyer\n|-resisted|p1a: Dreadful Destroyer\n|-damage|p1a: Dreadful Destroyer|37\/100\n|-boost|p2a: Skeledirge|spa|1\n|\n|upkeep\n|turn|30\n|inactive|Feraligators has 120 seconds left.\n|\n|t:|1698500722\n|move|p1a: Dreadful Destroyer|Scale Shot|p2a: Skeledirge\n|-damage|p2a: Skeledirge|58\/100\n|-damage|p2a: Skeledirge|49\/100\n|-damage|p2a: Skeledirge|40\/100\n|-damage|p2a: Skeledirge|31\/100\n|-damage|p2a: Skeledirge|23\/100\n|-hitcount|p2a: Skeledirge|5\n|-unboost|p1a: Dreadful Destroyer|def|1\n|-boost|p1a: Dreadful Destroyer|spe|1\n|move|p2a: Skeledirge|Hex|p1a: Dreadful Destroyer\n|-damage|p1a: Dreadful Destroyer|5\/100\n|\n|upkeep\n|turn|31\n|\n|t:|1698500740\n|move|p1a: Dreadful Destroyer|Scale Shot|p2a: Skeledirge\n|-damage|p2a: Skeledirge|13\/100\n|-damage|p2a: Skeledirge|4\/100\n|-damage|p2a: Skeledirge|0 fnt\n|faint|p2a: Skeledirge\n|-hitcount|p2: Skeledirge|3\n|-unboost|p1a: Dreadful Destroyer|def|1\n|-boost|p1a: Dreadful Destroyer|spe|1\n|\n|upkeep\n|c|\u2606Feraligators|Gg\n|\n|t:|1698500748\n|switch|p2a: Grimmsnarl|Grimmsnarl, M|100\/100\n|turn|32\n|inactive|Feraligators has 120 seconds left.\n|\n|t:|1698500777\n|move|p2a: Grimmsnarl|Sucker Punch|p1a: Dreadful Destroyer\n|-resisted|p1a: Dreadful Destroyer\n|-damage|p1a: Dreadful Destroyer|0 fnt\n|faint|p1a: Dreadful Destroyer\n|\n|upkeep\n|\n|t:|1698500783\n|switch|p1a: Miraidon|Miraidon|38\/100\n|-damage|p1a: Miraidon|25\/100|[from] Stealth Rock\n|-fieldstart|move: Electric Terrain|[from] ability: Hadron Engine|[of] p1a: Miraidon\n|turn|33\n|\n|t:|1698500796\n|move|p2a: Grimmsnarl|Parting Shot|p1a: Miraidon\n|-unboost|p1a: Miraidon|atk|1\n|-unboost|p1a: Miraidon|spa|1\n|\n|t:|1698500800\n|switch|p2a: Blissey|Blissey, F|95\/100|[from] Parting Shot\n|move|p1a: Miraidon|Electro Drift|p2a: Blissey\n|-damage|p2a: Blissey|78\/100\n|\n|upkeep\n|turn|34\n|\n|t:|1698500822\n|switch|p1a: Disguise Da Limit|Ditto, shiny|100\/100\n|-damage|p1a: Disguise Da Limit|88\/100|[from] Stealth Rock\n|-transform|p1a: Disguise Da Limit|p2a: Blissey|[from] ability: Imposter\n|move|p2a: Blissey|Seismic Toss|p1a: Disguise Da Limit\n|-damage|p1a: Disguise Da Limit|55\/100\n|\n|upkeep\n|turn|35\n|\n|t:|1698500832\n|switch|p2a: Calyrex|Calyrex-Ice|100\/100\n|-ability|p2a: Calyrex|As One\n|-ability|p2a: Calyrex|Unnerve\n|move|p1a: Disguise Da Limit|Seismic Toss|p2a: Calyrex\n|-damage|p2a: Calyrex|76\/100\n|\n|upkeep\n|turn|36\n|\n|t:|1698500841\n|switch|p1a: Miraidon|Miraidon|25\/100\n|-damage|p1a: Miraidon|13\/100|[from] Stealth Rock\n|-activate|p1a: Miraidon|ability: Hadron Engine\n|move|p2a: Calyrex|Glacial Lance|p1a: Miraidon\n|-supereffective|p1a: Miraidon\n|-damage|p1a: Miraidon|0 fnt\n|faint|p1a: Miraidon\n|-ability|p2a: Calyrex|Chilling Neigh|boost\n|-boost|p2a: Calyrex|atk|1\n|\n|upkeep\n|\n|t:|1698500850\n|switch|p1a: Disguise Da Limit|Ditto, shiny|55\/100\n|-damage|p1a: Disguise Da Limit|42\/100|[from] Stealth Rock\n|-transform|p1a: Disguise Da Limit|p2a: Calyrex|[from] ability: Imposter\n|turn|37\n|c|\u2606Feraligators|Aaaaa\n|c|\u2606Feraligators|The choices\n|c|\u2606Feraligators|!dt weak ice\nNo Pok\u00e9mon, item, move, ability or nature named 'weak ice' was found. Showing the data of 'Weavile' instead.\n|raw|<div class=\"message\"><ul class=\"utilichart\"><li class=\"result\"><span class=\"col numcol\">UU<\/span> <span class=\"col iconcol\"><psicon pokemon=\"weavile\"\/><\/span> <span class=\"col pokemonnamecol\" style=\"white-space:nowrap\"><a href=\"https:\/\/dex.pokemonshowdown.com\/pokemon\/weavile\" target=\"_blank\">Weavile<\/a><\/span> <span class=\"col typecol\"><img src=\"https:\/\/play.pokemonshowdown.com\/sprites\/types\/Dark.png\" alt=\"Dark\" height=\"14\" width=\"32\"><img src=\"https:\/\/play.pokemonshowdown.com\/sprites\/types\/Ice.png\" alt=\"Ice\" height=\"14\" width=\"32\"><\/span> <span style=\"float:left;min-height:26px\"><span class=\"col abilitycol\">Pressure<\/span><span class=\"col abilitycol\"><em>Pickpocket<\/em><\/span><\/span><span style=\"float:left;min-height:26px\"><span class=\"col statcol\"><em>HP<\/em><br \/>70<\/span> <span class=\"col statcol\"><em>Atk<\/em><br \/>120<\/span> <span class=\"col statcol\"><em>Def<\/em><br \/>65<\/span> <span class=\"col statcol\"><em>SpA<\/em><br \/>45<\/span> <span class=\"col statcol\"><em>SpD<\/em><br \/>85<\/span> <span class=\"col statcol\"><em>Spe<\/em><br \/>125<\/span> <span class=\"col bstcol\"><em>BST<br \/>510<\/em><\/span> <\/span><\/li><li style=\"clear:both\"><\/li><\/ul><\/div>\n|raw|<font size=\"1\"><font color=\"#686868\">Dex#:<\/font> 461&nbsp;|&ThickSpace;<font color=\"#686868\">Gen:<\/font> 4&nbsp;|&ThickSpace;<font color=\"#686868\">Height:<\/font> 1.1 m&nbsp;|&ThickSpace;<font color=\"#686868\">Weight:<\/font> 34 kg <em>(60 BP)<\/em>&nbsp;|&ThickSpace;<font color=\"#686868\">Dex Colour:<\/font> Black&nbsp;|&ThickSpace;<font color=\"#686868\">Egg Group(s):<\/font> Field&nbsp;|&ThickSpace;<font color=\"#686868\">Pre-Evolution:<\/font> Sneasel&nbsp;|&ThickSpace;<font color=\"#686868\">Does Not Evolve<\/font><\/font>\n\n|c|\u2606Feraligators|!weak ice\n|c| Feraligators|\/raw <div class=\"infobox\">Ice:<br \/><span class=\"message-effect-weak\">Weaknesses<\/span>: Fighting, Fire, Rock, Steel<br \/><span class=\"message-effect-resist\">Resistances<\/span>: Ice<br \/><span class=\"message-effect-immune\">Immunities<\/span>: Frozen, Hail damage<\/div>\n|inactive|Feraligators has 90 seconds left.\n|c|\u2606Feraligators|!weak psychic\n|c| Feraligators|\/raw <div class=\"infobox\">Psychic:<br \/><span class=\"message-effect-weak\">Weaknesses<\/span>: Bug, Dark, Ghost<br \/><span class=\"message-effect-resist\">Resistances<\/span>: Fighting, Psychic<br \/><span class=\"message-effect-immune\">Immunities<\/span>: <font color=#999999>None<\/font><\/div>\n|inactive|Feraligators has 60 seconds left.\n|\n|t:|1698500912\n|move|p1a: Disguise Da Limit|Glacial Lance|p2a: Calyrex\n|-resisted|p2a: Calyrex\n|-damage|p2a: Calyrex|37\/100\n|move|p2a: Calyrex|Glacial Lance|p1a: Disguise Da Limit\n|-resisted|p1a: Disguise Da Limit\n|-damage|p1a: Disguise Da Limit|0 fnt\n|faint|p1a: Disguise Da Limit\n|-ability|p2a: Calyrex|Chilling Neigh|boost\n|-boost|p2a: Calyrex|atk|1\n|\n|-fieldend|move: Electric Terrain\n|upkeep\n|\n|t:|1698500917\n|switch|p1a: Shadow Knight|Calyrex-Shadow|100\/100\n|-ability|p1a: Shadow Knight|As One\n|-ability|p1a: Shadow Knight|Unnerve\n|-damage|p1a: Shadow Knight|88\/100|[from] Stealth Rock\n|turn|38\n|\n|t:|1698500927\n|switch|p2a: Grimmsnarl|Grimmsnarl, M|100\/100\n|move|p1a: Shadow Knight|Astral Barrage|p2a: Grimmsnarl\n|-resisted|p2a: Grimmsnarl\n|-damage|p2a: Grimmsnarl|71\/100\n|\n|upkeep\n|turn|39\n|c|\u2606Feraligators|Gg\n|\n|t:|1698500937\n|move|p1a: Shadow Knight|Astral Barrage|p2a: Grimmsnarl\n|-resisted|p2a: Grimmsnarl\n|-damage|p2a: Grimmsnarl|45\/100\n|move|p2a: Grimmsnarl|Foul Play|p1a: Shadow Knight\n|-supereffective|p1a: Shadow Knight\n|-damage|p1a: Shadow Knight|0 fnt\n|faint|p1a: Shadow Knight\n|\n|win|hoenn militian\n|raw|Feraligators's rating: 1732 &rarr; <strong>1712<\/strong><br \/>(-20 for losing)\n|raw|hoenn militian's rating: 1726 &rarr; <strong>1746<\/strong><br \/>(+20 for winning)\n|c|\u2606hoenn militian|gg\n|l|\u2606Feraligators\n","uploadtime":1698500948,"views":8,"p1id":"feraligators","p2id":"hoennmilitian","formatid":"gen9anythinggoes","rating":1712,"private":0,"password":""}