{"id":"gen9anythinggoes-1997743338","p1":"Skudfling Judford","p2":"FKjolteon123","format":"[Gen 9] Anything Goes","log":"|j|\u2606Skudfling Judford\n|j|\u2606FKjolteon123\n|t:|1700847953\n|gametype|singles\n|player|p1|Skudfling Judford|whitney|1000\n|player|p2|FKjolteon123|lucas-gen4pt|1088\n|teamsize|p1|6\n|teamsize|p2|6\n|gen|9\n|tier|[Gen 9] Anything Goes\n|rated|\n|rule|HP Percentage Mod: HP is shown in percentages\n|rule|Endless Battle Clause: Forcing endless battles is banned\n|clearpoke\n|poke|p1|Snorlax, F|\n|poke|p1|Snorlax, F|\n|poke|p1|Snorlax, F|\n|poke|p1|Snorlax, M|\n|poke|p1|Snorlax, F|\n|poke|p1|Snorlax, M|\n|poke|p2|Rayquaza|\n|poke|p2|Arceus-Fire|\n|poke|p2|Arceus-Grass|\n|poke|p2|Arceus-Water|\n|poke|p2|Mewtwo|\n|poke|p2|Eternatus|\n|teampreview\n|\n|t:|1700847959\n|start\n|switch|p1a: Snorlax|Snorlax, F|100\/100\n|switch|p2a: Eternatus|Eternatus|100\/100\n|-ability|p2a: Eternatus|Pressure\n|turn|1\n|inactive|Battle timer is ON: inactive players will automatically lose when time's up. (requested by Skudfling Judford)\n|\n|t:|1700847966\n|move|p2a: Eternatus|Dynamax Cannon|p1a: Snorlax\n|-damage|p1a: Snorlax|64\/100\n|move|p1a: Snorlax|Earthquake|p2a: Eternatus\n|-supereffective|p2a: Eternatus\n|-damage|p2a: Eternatus|9\/100\n|\n|upkeep\n|turn|2\n|c|\u2606Skudfling Judford|Snorlax\n|\n|t:|1700847975\n|move|p2a: Eternatus|Draco Meteor|p1a: Snorlax\n|-damage|p1a: Snorlax|22\/100\n|-unboost|p2a: Eternatus|spa|2\n|move|p1a: Snorlax|Earthquake|p2a: Eternatus\n|-supereffective|p2a: Eternatus\n|-damage|p2a: Eternatus|0 fnt\n|faint|p2a: Eternatus\n|\n|upkeep\n|c|\u2606FKjolteon123|bruh\n|\n|t:|1700847991\n|switch|p2a: Mewtwo|Mewtwo|100\/100\n|-ability|p2a: Mewtwo|Pressure\n|turn|3\n|\n|t:|1700847999\n|move|p2a: Mewtwo|Future Sight|p1a: Snorlax\n|-start|p2a: Mewtwo|move: Future Sight\n|move|p1a: Snorlax|Earthquake|p2a: Mewtwo\n|-damage|p2a: Mewtwo|45\/100\n|\n|upkeep\n|turn|4\n|\n|t:|1700848005\n|move|p2a: Mewtwo|Ancient Power|p1a: Snorlax\n|-damage|p1a: Snorlax|8\/100\n|move|p1a: Snorlax|Earthquake|p2a: Mewtwo\n|-damage|p2a: Mewtwo|0 fnt\n|faint|p2a: Mewtwo\n|\n|upkeep\n|c|\u2606Skudfling Judford|Snorlax\n|\n|t:|1700848013\n|switch|p2a: Arceus|Arceus-Water|100\/100\n|turn|5\n|\n|t:|1700848017\n|move|p2a: Arceus|Extreme Speed|p1a: Snorlax\n|-damage|p1a: Snorlax|0 fnt\n|faint|p1a: Snorlax\n|\n|-hint|Future Sight did not hit because the target is fainted.\n|upkeep\n|\n|t:|1700848023\n|switch|p1a: Snorlax|Snorlax, F|100\/100\n|turn|6\n|\n|t:|1700848028\n|move|p2a: Arceus|Judgment|p1a: Snorlax\n|-damage|p1a: Snorlax|65\/100\n|move|p1a: Snorlax|Encore|p2a: Arceus\n|-start|p2a: Arceus|Encore\n|\n|upkeep\n|turn|7\n|\n|t:|1700848035\n|move|p2a: Arceus|Judgment|p1a: Snorlax\n|-damage|p1a: Snorlax|29\/100\n|-enditem|p1a: Snorlax|Iapapa Berry|[eat]\n|-heal|p1a: Snorlax|62\/100|[from] item: Iapapa Berry\n|move|p1a: Snorlax|Body Slam|p2a: Arceus\n|-crit|p2a: Arceus\n|-damage|p2a: Arceus|62\/100\n|\n|upkeep\n|turn|8\n|\n|t:|1700848045\n|move|p2a: Arceus|Judgment|p1a: Snorlax\n|-damage|p1a: Snorlax|28\/100\n|move|p1a: Snorlax|Body Slam|p2a: Arceus\n|-damage|p2a: Arceus|39\/100\n|-status|p2a: Arceus|par\n|\n|upkeep\n|turn|9\n|\n|t:|1700848053\n|cant|p2a: Arceus|par\n|move|p1a: Snorlax|Recycle|p1a: Snorlax\n|-item|p1a: Snorlax|Iapapa Berry|[from] move: Recycle\n|-enditem|p1a: Snorlax|Iapapa Berry|[eat]\n|-heal|p1a: Snorlax|62\/100|[from] item: Iapapa Berry\n|\n|-end|p2a: Arceus|Encore\n|upkeep\n|turn|10\n|\n|t:|1700848064\n|move|p2a: Arceus|Extreme Speed|p1a: Snorlax\n|-damage|p1a: Snorlax|48\/100\n|move|p1a: Snorlax|Recycle|p1a: Snorlax\n|-item|p1a: Snorlax|Iapapa Berry|[from] move: Recycle\n|-enditem|p1a: Snorlax|Iapapa Berry|[eat]\n|-heal|p1a: Snorlax|81\/100|[from] item: Iapapa Berry\n|\n|upkeep\n|turn|11\n|\n|t:|1700848073\n|move|p2a: Arceus|Light Screen|p2a: Arceus\n|-sidestart|p2: FKjolteon123|move: Light Screen\n|move|p1a: Snorlax|Encore|p2a: Arceus\n|-start|p2a: Arceus|Encore\n|\n|upkeep\n|turn|12\n|c|\u2606Skudfling Judford|Snorlax.\n|\n|t:|1700848088\n|switch|p2a: Rayquaza|Rayquaza, shiny|100\/100\n|-ability|p2a: Rayquaza|Air Lock\n|move|p1a: Snorlax|Body Slam|p2a: Rayquaza\n|-damage|p2a: Rayquaza|74\/100\n|-status|p2a: Rayquaza|par\n|\n|upkeep\n|turn|13\n|\n|t:|1700848100\n|move|p2a: Rayquaza|Earthquake|p1a: Snorlax\n|-damage|p1a: Snorlax|61\/100\n|move|p1a: Snorlax|Encore|p2a: Rayquaza\n|-start|p2a: Rayquaza|Encore\n|\n|upkeep\n|turn|14\n|\n|t:|1700848108\n|move|p2a: Rayquaza|Earthquake|p1a: Snorlax\n|-damage|p1a: Snorlax|40\/100\n|move|p1a: Snorlax|Counter|p2a: Rayquaza\n|-damage|p2a: Rayquaza|17\/100 par\n|\n|upkeep\n|turn|15\n|\n|t:|1700848115\n|move|p2a: Rayquaza|Earthquake|p1a: Snorlax\n|-damage|p1a: Snorlax|18\/100\n|move|p1a: Snorlax|Counter|p2a: Rayquaza\n|-damage|p2a: Rayquaza|0 fnt\n|faint|p2a: Rayquaza\n|\n|-sideend|p2: FKjolteon123|move: Light Screen\n|upkeep\n|\n|t:|1700848123\n|switch|p2a: Arceus|Arceus-Grass|100\/100\n|turn|16\n|\n|t:|1700848129\n|move|p2a: Arceus|Solar Beam||[still]\n|-prepare|p2a: Arceus|Solar Beam\n|move|p1a: Snorlax|Encore|p2a: Arceus\n|-start|p2a: Arceus|Encore\n|\n|upkeep\n|turn|17\n|\n|t:|1700848135\n|move|p2a: Arceus|Solar Beam|p1a: Snorlax|[from]lockedmove\n|-damage|p1a: Snorlax|0 fnt\n|faint|p1a: Snorlax\n|\n|upkeep\n|\n|t:|1700848139\n|switch|p1a: Snorlax|Snorlax, F|100\/100\n|turn|18\n|\n|t:|1700848143\n|move|p2a: Arceus|Solar Beam||[still]\n|-prepare|p2a: Arceus|Solar Beam\n|move|p1a: Snorlax|Curse|p1a: Snorlax\n|-unboost|p1a: Snorlax|spe|1\n|-boost|p1a: Snorlax|atk|1\n|-boost|p1a: Snorlax|def|1\n|\n|upkeep\n|turn|19\n|\n|t:|1700848150\n|move|p2a: Arceus|Solar Beam|p1a: Snorlax|[from]lockedmove\n|-damage|p1a: Snorlax|64\/100\n|move|p1a: Snorlax|Curse|p1a: Snorlax\n|-unboost|p1a: Snorlax|spe|1\n|-boost|p1a: Snorlax|atk|1\n|-boost|p1a: Snorlax|def|1\n|\n|-heal|p1a: Snorlax|71\/100|[from] item: Leftovers\n|-end|p2a: Arceus|Encore\n|upkeep\n|turn|20\n|\n|t:|1700848166\n|move|p2a: Arceus|Light Screen|p2a: Arceus\n|-sidestart|p2: FKjolteon123|move: Light Screen\n|move|p1a: Snorlax|Double-Edge|p2a: Arceus\n|-damage|p2a: Arceus|25\/100\n|-damage|p1a: Snorlax|51\/100|[from] Recoil\n|\n|-heal|p1a: Snorlax|57\/100|[from] item: Leftovers\n|upkeep\n|turn|21\n|\n|t:|1700848174\n|move|p2a: Arceus|Solar Beam||[still]\n|-prepare|p2a: Arceus|Solar Beam\n|move|p1a: Snorlax|Double-Edge|p2a: Arceus\n|-damage|p2a: Arceus|0 fnt\n|faint|p2a: Arceus\n|-damage|p1a: Snorlax|51\/100|[from] Recoil\n|\n|-heal|p1a: Snorlax|57\/100|[from] item: Leftovers\n|upkeep\n|c|\u2606Skudfling Judford|Snorlax.\n|\n|t:|1700848182\n|switch|p2a: Arceus|Arceus-Water|39\/100 par\n|turn|22\n|\n|t:|1700848190\n|cant|p2a: Arceus|par\n|move|p1a: Snorlax|Rest|p1a: Snorlax\n|-status|p1a: Snorlax|slp|[from] move: Rest\n|-heal|p1a: Snorlax|100\/100 slp|[silent]\n|\n|upkeep\n|turn|23\n|\n|t:|1700848196\n|move|p2a: Arceus|Judgment|p1a: Snorlax\n|-damage|p1a: Snorlax|71\/100 slp\n|cant|p1a: Snorlax|slp\n|\n|-heal|p1a: Snorlax|77\/100 slp|[from] item: Leftovers\n|upkeep\n|turn|24\n|\n|t:|1700848203\n|cant|p2a: Arceus|par\n|cant|p1a: Snorlax|slp\n|\n|-heal|p1a: Snorlax|84\/100 slp|[from] item: Leftovers\n|-sideend|p2: FKjolteon123|move: Light Screen\n|upkeep\n|turn|25\n|\n|t:|1700848210\n|move|p2a: Arceus|Judgment|p1a: Snorlax\n|-damage|p1a: Snorlax|55\/100 slp\n|-curestatus|p1a: Snorlax|slp|[msg]\n|move|p1a: Snorlax|Double-Edge|p2a: Arceus\n|-damage|p2a: Arceus|0 fnt\n|faint|p2a: Arceus\n|-damage|p1a: Snorlax|46\/100|[from] Recoil\n|\n|-heal|p1a: Snorlax|52\/100|[from] item: Leftovers\n|upkeep\n|\n|t:|1700848222\n|switch|p2a: Arceus|Arceus-Fire|100\/100\n|turn|26\n|\n|t:|1700848233\n|-terastallize|p2a: Arceus|Normal\n|move|p2a: Arceus|Extreme Speed|p1a: Snorlax\n|-damage|p1a: Snorlax|35\/100\n|move|p1a: Snorlax|Earthquake|p2a: Arceus\n|-damage|p2a: Arceus|51\/100\n|\n|-heal|p1a: Snorlax|41\/100|[from] item: Leftovers\n|upkeep\n|turn|27\n|c|\u2606Skudfling Judford|Snorlax!\n|\n|t:|1700848244\n|move|p2a: Arceus|Fire Blast|p1a: Snorlax\n|-damage|p1a: Snorlax|28\/100\n|move|p1a: Snorlax|Double-Edge|p2a: Arceus\n|-damage|p2a: Arceus|0 fnt\n|faint|p2a: Arceus\n|-damage|p1a: Snorlax|16\/100|[from] Recoil\n|\n|win|Skudfling Judford\n|raw|Skudfling Judford's rating: 1000 &rarr; <strong>1050<\/strong><br \/>(+50 for winning)\n|raw|FKjolteon123's rating: 1088 &rarr; <strong>1059<\/strong><br \/>(-29 for losing)\n|l|\u2606FKjolteon123\n","uploadtime":1700848256,"views":3,"p1id":"skudflingjudford","p2id":"fkjolteon123","formatid":"gen9anythinggoes","rating":1050,"private":0,"password":""}