{"id":"gen9anythinggoes-1989036001","p1":"Forgetful12123","p2":"Lucas165","format":"[Gen 9] Anything Goes","log":"|j|\u2606Forgetful12123\n|j|\u2606Lucas165\n|t:|1699804947\n|gametype|singles\n|player|p1|Forgetful12123|102|\n|player|p2|Lucas165|101|\n|teamsize|p1|6\n|teamsize|p2|6\n|gen|9\n|tier|[Gen 9] Anything Goes\n|rule|HP Percentage Mod: HP is shown in percentages\n|rule|Endless Battle Clause: Forcing endless battles is banned\n|clearpoke\n|poke|p1|Dragonite, F|\n|poke|p1|Sylveon, F|\n|poke|p1|Corviknight, F|\n|poke|p1|Toxicroak, F|\n|poke|p1|Cinderace, F|\n|poke|p1|Kyogre|\n|poke|p2|Salamence, F|\n|poke|p2|Leafeon, F|\n|poke|p2|Kyogre|\n|poke|p2|Zapdos|\n|poke|p2|Cinderace, F|\n|poke|p2|Corviknight, M|\n|teampreview\n|\n|t:|1699804981\n|start\n|switch|p1a: Cinderace|Cinderace, F, shiny|100\/100\n|switch|p2a: Corviknight|Corviknight, M, shiny|100\/100\n|turn|1\n|\n|t:|1699804992\n|switch|p2a: Kyogre|Kyogre, shiny|100\/100\n|-weather|RainDance|[from] ability: Drizzle|[of] p2a: Kyogre\n|move|p1a: Cinderace|Bulk Up|p1a: Cinderace\n|-boost|p1a: Cinderace|atk|1\n|-boost|p1a: Cinderace|def|1\n|\n|-weather|RainDance|[upkeep]\n|upkeep\n|turn|2\n|\n|t:|1699805007\n|switch|p1a: Sylveon|Sylveon, F, shiny|100\/100\n|move|p2a: Kyogre|Earthquake|p1a: Sylveon\n|-damage|p1a: Sylveon|63\/100\n|\n|-weather|RainDance|[upkeep]\n|-heal|p1a: Sylveon|69\/100|[from] item: Leftovers\n|upkeep\n|turn|3\n|\n|t:|1699805017\n|move|p2a: Kyogre|Hydro Pump|p1a: Sylveon\n|-damage|p1a: Sylveon|0 fnt\n|faint|p1a: Sylveon\n|\n|-weather|RainDance|[upkeep]\n|upkeep\n|\n|t:|1699805029\n|switch|p1a: Toxicroak|Toxicroak, F, shiny|100\/100\n|turn|4\n|\n|t:|1699805035\n|switch|p2a: Corviknight|Corviknight, M, shiny|100\/100\n|move|p1a: Toxicroak|Poison Jab|p2a: Corviknight\n|-immune|p2a: Corviknight\n|\n|-weather|RainDance|[upkeep]\n|upkeep\n|turn|5\n|\n|t:|1699805049\n|move|p1a: Toxicroak|Close Combat|p2a: Corviknight\n|-damage|p2a: Corviknight|53\/100\n|-unboost|p1a: Toxicroak|def|1\n|-unboost|p1a: Toxicroak|spd|1\n|move|p2a: Corviknight|Brave Bird|p1a: Toxicroak\n|-supereffective|p1a: Toxicroak\n|-damage|p1a: Toxicroak|0 fnt\n|faint|p1a: Toxicroak\n|-damage|p2a: Corviknight|25\/100|[from] Recoil\n|\n|-weather|none\n|-heal|p2a: Corviknight|32\/100|[from] item: Leftovers\n|upkeep\n|\n|t:|1699805066\n|switch|p1a: Cinderace|Cinderace, F, shiny|100\/100\n|turn|6\n|\n|t:|1699805073\n|move|p1a: Cinderace|Bulk Up|p1a: Cinderace\n|-boost|p1a: Cinderace|atk|1\n|-boost|p1a: Cinderace|def|1\n|move|p2a: Corviknight|Dual Wingbeat|p1a: Cinderace\n|-damage|p1a: Cinderace|87\/100\n|-damage|p1a: Cinderace|73\/100\n|-hitcount|p1a: Cinderace|2\n|\n|-heal|p1a: Cinderace|79\/100|[from] item: Leftovers\n|-heal|p2a: Corviknight|38\/100|[from] item: Leftovers\n|upkeep\n|turn|7\n|\n|t:|1699805086\n|move|p1a: Cinderace|High Jump Kick|p2a: Corviknight|[miss]\n|-miss|p1a: Cinderace|p2a: Corviknight\n|-damage|p1a: Cinderace|29\/100|[from] highjumpkick\n|move|p2a: Corviknight|Brave Bird|p1a: Cinderace\n|-damage|p1a: Cinderace|0 fnt\n|faint|p1a: Cinderace\n|-damage|p2a: Corviknight|30\/100|[from] Recoil\n|\n|-heal|p2a: Corviknight|36\/100|[from] item: Leftovers\n|upkeep\n|\n|t:|1699805099\n|switch|p1a: Dragonite|Dragonite, F, shiny|100\/100\n|turn|8\n|\n|t:|1699805111\n|move|p2a: Corviknight|Brave Bird|p1a: Dragonite\n|-damage|p1a: Dragonite|81\/100\n|-damage|p2a: Corviknight|30\/100|[from] Recoil\n|move|p1a: Dragonite|Earthquake|p2a: Corviknight\n|-immune|p2a: Corviknight\n|\n|-heal|p2a: Corviknight|36\/100|[from] item: Leftovers\n|-heal|p1a: Dragonite|87\/100|[from] item: Leftovers\n|upkeep\n|turn|9\n|\n|t:|1699805128\n|move|p2a: Corviknight|Body Slam|p1a: Dragonite\n|-damage|p1a: Dragonite|70\/100\n|move|p1a: Dragonite|Dragon Tail|p2a: Corviknight\n|-resisted|p2a: Corviknight\n|-damage|p2a: Corviknight|22\/100\n|drag|p2a: Kyogre|Kyogre, shiny|100\/100\n|-weather|RainDance|[from] ability: Drizzle|[of] p2a: Kyogre\n|\n|-weather|RainDance|[upkeep]\n|-heal|p1a: Dragonite|76\/100|[from] item: Leftovers\n|upkeep\n|turn|10\n|\n|t:|1699805144\n|move|p2a: Kyogre|Earthquake|p1a: Dragonite\n|-immune|p1a: Dragonite\n|move|p1a: Dragonite|Earthquake|p2a: Kyogre\n|-damage|p2a: Kyogre|65\/100\n|\n|-weather|RainDance|[upkeep]\n|-heal|p2a: Kyogre|72\/100|[from] item: Leftovers\n|-heal|p1a: Dragonite|83\/100|[from] item: Leftovers\n|upkeep\n|turn|11\n|\n|t:|1699805164\n|move|p2a: Kyogre|Hydro Pump|p1a: Dragonite\n|-resisted|p1a: Dragonite\n|-damage|p1a: Dragonite|47\/100\n|move|p1a: Dragonite|Earthquake|p2a: Kyogre\n|-damage|p2a: Kyogre|38\/100\n|\n|-weather|RainDance|[upkeep]\n|-heal|p2a: Kyogre|44\/100|[from] item: Leftovers\n|-heal|p1a: Dragonite|53\/100|[from] item: Leftovers\n|upkeep\n|turn|12\n|\n|t:|1699805176\n|move|p2a: Kyogre|Hydro Pump|p1a: Dragonite\n|-resisted|p1a: Dragonite\n|-damage|p1a: Dragonite|17\/100\n|move|p1a: Dragonite|Dragon Dance|p1a: Dragonite\n|-boost|p1a: Dragonite|atk|1\n|-boost|p1a: Dragonite|spe|1\n|\n|-weather|RainDance|[upkeep]\n|-heal|p1a: Dragonite|24\/100|[from] item: Leftovers\n|-heal|p2a: Kyogre|50\/100|[from] item: Leftovers\n|upkeep\n|turn|13\n|\n|t:|1699805198\n|move|p1a: Dragonite|Earthquake|p2a: Kyogre\n|-damage|p2a: Kyogre|5\/100\n|move|p2a: Kyogre|Hydro Pump|p1a: Dragonite\n|-resisted|p1a: Dragonite\n|-damage|p1a: Dragonite|0 fnt\n|faint|p1a: Dragonite\n|\n|-weather|none\n|-heal|p2a: Kyogre|11\/100|[from] item: Leftovers\n|upkeep\n|\n|t:|1699805209\n|switch|p1a: Kyogre|Kyogre, shiny|100\/100\n|-weather|RainDance|[from] ability: Drizzle|[of] p1a: Kyogre\n|turn|14\n|\n|t:|1699805217\n|move|p2a: Kyogre|Earthquake|p1a: Kyogre\n|-damage|p1a: Kyogre|75\/100\n|move|p1a: Kyogre|Heavy Slam|p2a: Kyogre\n|-resisted|p2a: Kyogre\n|-damage|p2a: Kyogre|7\/100\n|\n|-weather|RainDance|[upkeep]\n|-heal|p2a: Kyogre|13\/100|[from] item: Leftovers\n|-heal|p1a: Kyogre|81\/100|[from] item: Leftovers\n|upkeep\n|turn|15\n|\n|t:|1699805227\n|move|p2a: Kyogre|Hydro Pump|p1a: Kyogre\n|-resisted|p1a: Kyogre\n|-damage|p1a: Kyogre|59\/100\n|move|p1a: Kyogre|Earthquake|p2a: Kyogre\n|-damage|p2a: Kyogre|0 fnt\n|faint|p2a: Kyogre\n|\n|-weather|RainDance|[upkeep]\n|-heal|p1a: Kyogre|65\/100|[from] item: Leftovers\n|upkeep\n|\n|t:|1699805238\n|switch|p2a: Zapdos|Zapdos, shiny|100\/100\n|turn|16\n|\n|t:|1699805243\n|move|p2a: Zapdos|Electric Terrain|p2a: Zapdos\n|-fieldstart|move: Electric Terrain\n|move|p1a: Kyogre|Ancient Power|p2a: Zapdos\n|-supereffective|p2a: Zapdos\n|-damage|p2a: Zapdos|56\/100\n|\n|-weather|RainDance|[upkeep]\n|-heal|p2a: Zapdos|62\/100|[from] item: Leftovers\n|-heal|p1a: Kyogre|71\/100|[from] item: Leftovers\n|upkeep\n|turn|17\n|\n|t:|1699805269\n|move|p2a: Zapdos|Thunder|p1a: Kyogre\n|-supereffective|p1a: Kyogre\n|-damage|p1a: Kyogre|26\/100\n|move|p1a: Kyogre|Ancient Power|p2a: Zapdos\n|-supereffective|p2a: Zapdos\n|-damage|p2a: Zapdos|21\/100\n|\n|-weather|RainDance|[upkeep]\n|-heal|p2a: Zapdos|27\/100|[from] item: Leftovers\n|-heal|p1a: Kyogre|32\/100|[from] item: Leftovers\n|upkeep\n|turn|18\n|\n|t:|1699805281\n|move|p2a: Zapdos|Thunder|p1a: Kyogre\n|-supereffective|p1a: Kyogre\n|-damage|p1a: Kyogre|0 fnt\n|faint|p1a: Kyogre\n|\n|-weather|none\n|-heal|p2a: Zapdos|33\/100|[from] item: Leftovers\n|upkeep\n|\n|t:|1699805289\n|switch|p1a: Corviknight|Corviknight, F, shiny|100\/100\n|turn|19\n|\n|t:|1699805293\n|move|p2a: Zapdos|Thunder|p1a: Corviknight|[miss]\n|-miss|p2a: Zapdos|p1a: Corviknight\n|move|p1a: Corviknight|Iron Defense|p1a: Corviknight\n|-boost|p1a: Corviknight|def|2\n|\n|-heal|p2a: Zapdos|39\/100|[from] item: Leftovers\n|upkeep\n|turn|20\n|\n|t:|1699805305\n|move|p2a: Zapdos|Zap Cannon|p1a: Corviknight|[miss]\n|-miss|p2a: Zapdos|p1a: Corviknight\n|move|p1a: Corviknight|Iron Defense|p1a: Corviknight\n|-boost|p1a: Corviknight|def|2\n|\n|-heal|p2a: Zapdos|45\/100|[from] item: Leftovers\n|-fieldend|move: Electric Terrain\n|upkeep\n|turn|21\n|\n|t:|1699805314\n|move|p2a: Zapdos|Thunder|p1a: Corviknight|[miss]\n|-miss|p2a: Zapdos|p1a: Corviknight\n|move|p1a: Corviknight|Iron Defense|p1a: Corviknight\n|-boost|p1a: Corviknight|def|2\n|\n|-heal|p2a: Zapdos|51\/100|[from] item: Leftovers\n|upkeep\n|turn|22\n|\n|t:|1699805330\n|move|p2a: Zapdos|Acrobatics|p1a: Corviknight\n|-resisted|p1a: Corviknight\n|-damage|p1a: Corviknight|98\/100\n|move|p1a: Corviknight|Body Press|p2a: Zapdos\n|-resisted|p2a: Zapdos\n|-crit|p2a: Zapdos\n|-damage|p2a: Zapdos|0 fnt\n|faint|p2a: Zapdos\n|\n|-heal|p1a: Corviknight|100\/100|[from] item: Leftovers\n|upkeep\n|\n|t:|1699805340\n|switch|p2a: Cinderace|Cinderace, F, shiny|100\/100\n|turn|23\n|\n|t:|1699805345\n|move|p2a: Cinderace|Pyro Ball|p1a: Corviknight\n|-supereffective|p1a: Corviknight\n|-damage|p1a: Corviknight|79\/100\n|move|p1a: Corviknight|Body Press|p2a: Cinderace\n|-damage|p2a: Cinderace|0 fnt\n|faint|p2a: Cinderace\n|\n|-heal|p1a: Corviknight|85\/100|[from] item: Leftovers\n|upkeep\n|\n|t:|1699805355\n|switch|p2a: Leafeon|Leafeon, F, shiny|100\/100\n|turn|24\n|\n|t:|1699805359\n|move|p2a: Leafeon|Leech Seed|p1a: Corviknight\n|-start|p1a: Corviknight|move: Leech Seed\n|move|p1a: Corviknight|Body Press|p2a: Leafeon\n|-damage|p2a: Leafeon|25\/100\n|\n|-heal|p2a: Leafeon|31\/100|[from] item: Leftovers\n|-heal|p1a: Corviknight|92\/100|[from] item: Leftovers\n|-damage|p1a: Corviknight|79\/100|[from] Leech Seed|[of] p2a: Leafeon\n|-heal|p2a: Leafeon|46\/100|[silent]\n|upkeep\n|turn|25\n|\n|t:|1699805370\n|move|p2a: Leafeon|Leaf Blade|p1a: Corviknight\n|-resisted|p1a: Corviknight\n|-damage|p1a: Corviknight|77\/100\n|move|p1a: Corviknight|Body Press|p2a: Leafeon\n|-damage|p2a: Leafeon|0 fnt\n|faint|p2a: Leafeon\n|\n|-heal|p1a: Corviknight|83\/100|[from] item: Leftovers\n|upkeep\n|\n|t:|1699805381\n|switch|p2a: Salamence|Salamence, F, shiny|100\/100\n|turn|26\n|\n|t:|1699805389\n|-terastallize|p2a: Salamence|Dragon\n|move|p2a: Salamence|Draco Meteor|p1a: Corviknight\n|-resisted|p1a: Corviknight\n|-damage|p1a: Corviknight|54\/100\n|-unboost|p2a: Salamence|spa|2\n|move|p1a: Corviknight|Body Press|p2a: Salamence\n|-damage|p2a: Salamence|14\/100\n|\n|-heal|p2a: Salamence|21\/100|[from] item: Leftovers\n|-heal|p1a: Corviknight|60\/100|[from] item: Leftovers\n|-damage|p1a: Corviknight|47\/100|[from] Leech Seed|[of] p2a: Salamence\n|-heal|p2a: Salamence|32\/100|[silent]\n|upkeep\n|turn|27\n|\n|t:|1699805409\n|move|p2a: Salamence|Dragon Claw|p1a: Corviknight\n|-resisted|p1a: Corviknight\n|-damage|p1a: Corviknight|42\/100\n|move|p1a: Corviknight|Body Press|p2a: Salamence\n|-damage|p2a: Salamence|0 fnt\n|faint|p2a: Salamence\n|\n|-heal|p1a: Corviknight|49\/100|[from] item: Leftovers\n|upkeep\n|\n|t:|1699805419\n|switch|p2a: Corviknight|Corviknight, M, shiny|22\/100\n|turn|28\n|\n|t:|1699805425\n|move|p2a: Corviknight|Body Slam|p1a: Corviknight\n|-resisted|p1a: Corviknight\n|-damage|p1a: Corviknight|46\/100\n|move|p1a: Corviknight|Body Press|p2a: Corviknight\n|-damage|p2a: Corviknight|0 fnt\n|faint|p2a: Corviknight\n|\n|win|Forgetful12123\n","uploadtime":1699805477,"views":4,"p1id":"forgetful12123","p2id":"lucas165","formatid":"gen9anythinggoes","rating":0,"private":0,"password":""}