{"id":"gen9anythinggoes-1998064154","p1":"Mr Abingdon","p2":"mdcenikos","format":"[Gen 9] Anything Goes","log":"|j|\u2606Mr Abingdon\n|j|\u2606mdcenikos\n|t:|1700885745\n|gametype|singles\n|player|p1|Mr Abingdon|266|1120\n|player|p2|mdcenikos|101|1206\n|teamsize|p1|6\n|teamsize|p2|6\n|gen|9\n|tier|[Gen 9] Anything Goes\n|rated|\n|rule|HP Percentage Mod: HP is shown in percentages\n|rule|Endless Battle Clause: Forcing endless battles is banned\n|clearpoke\n|poke|p1|Maushold-Four|\n|poke|p1|Flutter Mane|\n|poke|p1|Miraidon|\n|poke|p1|Rabsca, M|\n|poke|p1|Garganacl, F|\n|poke|p1|Houndstone, M|\n|poke|p2|Arcanine-Hisui, M|\n|poke|p2|Espathra, M|\n|poke|p2|Cramorant, F|\n|poke|p2|Ambipom, M|\n|poke|p2|Grimmsnarl, M|\n|poke|p2|Breloom, F|\n|teampreview\n|\n|t:|1700885753\n|start\n|switch|p1a: DeMarco|Miraidon|100\/100\n|switch|p2a: Grimmsnarl|Grimmsnarl, M|100\/100\n|-fieldstart|move: Electric Terrain|[from] ability: Hadron Engine|[of] p1a: DeMarco\n|turn|1\n|\n|t:|1700885760\n|-terastallize|p1a: DeMarco|Electric\n|move|p2a: Grimmsnarl|Light Screen|p2a: Grimmsnarl\n|-sidestart|p2: mdcenikos|move: Light Screen\n|move|p1a: DeMarco|Electro Drift|p2a: Grimmsnarl\n|-damage|p2a: Grimmsnarl|48\/100\n|\n|upkeep\n|turn|2\n|\n|t:|1700885770\n|move|p2a: Grimmsnarl|Reflect|p2a: Grimmsnarl\n|-sidestart|p2: mdcenikos|Reflect\n|move|p1a: DeMarco|Electro Drift|p2a: Grimmsnarl\n|-damage|p2a: Grimmsnarl|2\/100\n|\n|upkeep\n|turn|3\n|\n|t:|1700885774\n|move|p2a: Grimmsnarl|Parting Shot|p1a: DeMarco\n|-unboost|p1a: DeMarco|atk|1\n|-unboost|p1a: DeMarco|spa|1\n|\n|t:|1700885790\n|switch|p2a: Espathra|Espathra, M|100\/100|[from] Parting Shot\n|move|p1a: DeMarco|Flash Cannon|p2a: Espathra\n|-damage|p2a: Espathra|88\/100\n|\n|upkeep\n|turn|4\n|\n|t:|1700885798\n|switch|p1a: Maushold|Maushold-Four|100\/100\n|move|p2a: Espathra|Calm Mind|p2a: Espathra\n|-boost|p2a: Espathra|spa|1\n|-boost|p2a: Espathra|spd|1\n|\n|-ability|p2a: Espathra|Speed Boost|boost\n|-boost|p2a: Espathra|spe|1\n|upkeep\n|turn|5\n|\n|t:|1700885801\n|move|p2a: Espathra|Lumina Crash|p1a: Maushold\n|-damage|p1a: Maushold|12\/100\n|-unboost|p1a: Maushold|spd|2\n|move|p1a: Maushold|Encore|p2a: Espathra\n|-start|p2a: Espathra|Encore\n|\n|-fieldend|move: Electric Terrain\n|-ability|p2a: Espathra|Speed Boost|boost\n|-boost|p2a: Espathra|spe|1\n|upkeep\n|turn|6\n|\n|t:|1700885809\n|move|p2a: Espathra|Lumina Crash|p1a: Maushold\n|-damage|p1a: Maushold|0 fnt\n|faint|p1a: Maushold\n|\n|-ability|p2a: Espathra|Speed Boost|boost\n|-boost|p2a: Espathra|spe|1\n|upkeep\n|\n|t:|1700885816\n|switch|p1a: DeMarco|Miraidon, tera:Electric|100\/100\n|-fieldstart|move: Electric Terrain|[from] ability: Hadron Engine|[of] p1a: DeMarco\n|turn|7\n|\n|t:|1700885818\n|move|p2a: Espathra|Lumina Crash|p1a: DeMarco\n|-damage|p1a: DeMarco|65\/100\n|-unboost|p1a: DeMarco|spd|2\n|move|p1a: DeMarco|Electro Drift|p2a: Espathra\n|-damage|p2a: Espathra|42\/100\n|\n|-ability|p2a: Espathra|Speed Boost|boost\n|-boost|p2a: Espathra|spe|1\n|upkeep\n|turn|8\n|\n|t:|1700885827\n|move|p2a: Espathra|Lumina Crash|p1a: DeMarco\n|-damage|p1a: DeMarco|0 fnt\n|faint|p1a: DeMarco\n|\n|-end|p2a: Espathra|Encore\n|-sideend|p2: mdcenikos|move: Light Screen\n|-ability|p2a: Espathra|Speed Boost|boost\n|-boost|p2a: Espathra|spe|1\n|upkeep\n|\n|t:|1700885837\n|switch|p1a: SSSReplacement|Garganacl, F, shiny|100\/100\n|turn|9\n|\n|t:|1700885841\n|move|p2a: Espathra|Lumina Crash|p1a: SSSReplacement\n|-damage|p1a: SSSReplacement|61\/100\n|-unboost|p1a: SSSReplacement|spd|2\n|move|p1a: SSSReplacement|Salt Cure|p2a: Espathra\n|-damage|p2a: Espathra|32\/100\n|-start|p2a: Espathra|Salt Cure\n|\n|-heal|p1a: SSSReplacement|67\/100|[from] item: Leftovers\n|-damage|p2a: Espathra|20\/100|[from] Salt Cure\n|-sideend|p2: mdcenikos|Reflect\n|-ability|p2a: Espathra|Speed Boost|boost\n|-boost|p2a: Espathra|spe|1\n|upkeep\n|turn|10\n|\n|t:|1700885853\n|switch|p1a: Flutter Mane|Flutter Mane, shiny|100\/100\n|move|p2a: Espathra|Baton Pass|p2a: Espathra\n|\n|t:|1700885861\n|switch|p2a: Cramorant|Cramorant, F, shiny|100\/100|[from] Baton Pass\n|\n|upkeep\n|turn|11\n|\n|t:|1700885866\n|move|p2a: Cramorant|Surf|p1a: Flutter Mane\n|-formechange|p2a: Cramorant|Cramorant-Gulping|\n|-damage|p1a: Flutter Mane|40\/100\n|move|p1a: Flutter Mane|Moonblast|p2a: Cramorant\n|-crit|p2a: Cramorant\n|-enditem|p2a: Cramorant|Focus Sash\n|-damage|p2a: Cramorant|1\/100\n|-damage|p1a: Flutter Mane|15\/100|[from] ability: Gulp Missile|[of] p2a: Cramorant\n|-unboost|p1a: Flutter Mane|def|1\n|-formechange|p2a: Cramorant|Cramorant|\n|-damage|p1a: Flutter Mane|5\/100|[from] item: Life Orb\n|\n|-fieldend|move: Electric Terrain\n|upkeep\n|turn|12\n|\n|t:|1700885874\n|move|p2a: Cramorant|Surf|p1a: Flutter Mane\n|-formechange|p2a: Cramorant|Cramorant-Gorging|\n|-damage|p1a: Flutter Mane|0 fnt\n|faint|p1a: Flutter Mane\n|-end|p1a: Flutter Mane|Protosynthesis|[silent]\n|\n|upkeep\n|\n|t:|1700885875\n|switch|p1a: Houndstone|Houndstone, M|100\/100\n|turn|13\n|\n|t:|1700885887\n|move|p1a: Houndstone|Shadow Sneak|p2a: Cramorant\n|-damage|p2a: Cramorant|0 fnt\n|-damage|p1a: Houndstone|75\/100|[from] ability: Gulp Missile|[of] p2a: Cramorant\n|-status|p1a: Houndstone|par\n|-formechange|p2a: Cramorant|Cramorant|\n|faint|p2a: Cramorant\n|\n|upkeep\n|\n|t:|1700885895\n|switch|p2a: Espathra|Espathra, M|20\/100\n|turn|14\n|\n|t:|1700885898\n|move|p2a: Espathra|Protect|p2a: Espathra\n|-singleturn|p2a: Espathra|Protect\n|move|p1a: Houndstone|Shadow Sneak|p2a: Espathra\n|-activate|p2a: Espathra|move: Protect\n|\n|-ability|p2a: Espathra|Speed Boost|boost\n|-boost|p2a: Espathra|spe|1\n|upkeep\n|turn|15\n|\n|t:|1700885903\n|move|p1a: Houndstone|Shadow Sneak|p2a: Espathra\n|-supereffective|p2a: Espathra\n|-damage|p2a: Espathra|0 fnt\n|faint|p2a: Espathra\n|\n|upkeep\n|\n|t:|1700885907\n|switch|p2a: Grimmsnarl|Grimmsnarl, M|2\/100\n|turn|16\n|\n|t:|1700885910\n|move|p2a: Grimmsnarl|Reflect|p2a: Grimmsnarl\n|-sidestart|p2: mdcenikos|Reflect\n|move|p1a: Houndstone|Shadow Sneak|p2a: Grimmsnarl\n|-resisted|p2a: Grimmsnarl\n|-damage|p2a: Grimmsnarl|0 fnt\n|faint|p2a: Grimmsnarl\n|\n|upkeep\n|\n|t:|1700885923\n|switch|p2a: Arcanine|Arcanine-Hisui, M|100\/100\n|turn|17\n|\n|t:|1700885926\n|move|p2a: Arcanine|Head Smash|p1a: Houndstone\n|-damage|p1a: Houndstone|14\/100 par\n|move|p1a: Houndstone|Last Respects|p2a: Arcanine\n|-damage|p2a: Arcanine|44\/100\n|\n|upkeep\n|turn|18\n|\n|t:|1700885929\n|move|p2a: Arcanine|Head Smash|p1a: Houndstone|[miss]\n|-miss|p2a: Arcanine|p1a: Houndstone\n|cant|p1a: Houndstone|par\n|\n|upkeep\n|turn|19\n|\n|t:|1700885934\n|move|p1a: Houndstone|Shadow Sneak|p2a: Arcanine\n|-damage|p2a: Arcanine|33\/100\n|move|p2a: Arcanine|Head Smash|p1a: Houndstone\n|-damage|p1a: Houndstone|0 fnt\n|faint|p1a: Houndstone\n|\n|upkeep\n|\n|t:|1700885943\n|switch|p1a: SSSReplacement|Garganacl, F, shiny|67\/100\n|turn|20\n|\n|t:|1700885946\n|switch|p2a: Breloom|Breloom, F, shiny|100\/100\n|move|p1a: SSSReplacement|Iron Defense|p1a: SSSReplacement\n|-boost|p1a: SSSReplacement|def|2\n|\n|-heal|p1a: SSSReplacement|73\/100|[from] item: Leftovers\n|-status|p2a: Breloom|tox|[from] item: Toxic Orb\n|upkeep\n|turn|21\n|\n|t:|1700885953\n|move|p2a: Breloom|Leech Seed|p1a: SSSReplacement\n|-start|p1a: SSSReplacement|move: Leech Seed\n|move|p1a: SSSReplacement|Iron Defense|p1a: SSSReplacement\n|-boost|p1a: SSSReplacement|def|2\n|\n|-heal|p1a: SSSReplacement|79\/100|[from] item: Leftovers\n|-damage|p1a: SSSReplacement|67\/100|[from] Leech Seed|[of] p2a: Breloom\n|upkeep\n|turn|22\n|\n|t:|1700885958\n|move|p2a: Breloom|Substitute|p2a: Breloom\n|-start|p2a: Breloom|Substitute\n|-damage|p2a: Breloom|76\/100 tox\n|move|p1a: SSSReplacement|Recover|p1a: SSSReplacement\n|-heal|p1a: SSSReplacement|100\/100\n|\n|-damage|p1a: SSSReplacement|88\/100|[from] Leech Seed|[of] p2a: Breloom\n|-heal|p2a: Breloom|95\/100 tox|[silent]\n|-heal|p2a: Breloom|100\/100 tox|[from] ability: Poison Heal\n|upkeep\n|turn|23\n|\n|t:|1700885964\n|move|p2a: Breloom|Spore|p1a: SSSReplacement\n|-immune|p1a: SSSReplacement|[from] ability: Purifying Salt\n|move|p1a: SSSReplacement|Body Press|p2a: Breloom\n|-end|p2a: Breloom|Substitute\n|\n|-heal|p1a: SSSReplacement|94\/100|[from] item: Leftovers\n|-damage|p1a: SSSReplacement|82\/100|[from] Leech Seed|[of] p2a: Breloom\n|-sideend|p2: mdcenikos|Reflect\n|upkeep\n|turn|24\n|\n|t:|1700885968\n|move|p2a: Breloom|Substitute|p2a: Breloom\n|-start|p2a: Breloom|Substitute\n|-damage|p2a: Breloom|76\/100 tox\n|move|p1a: SSSReplacement|Body Press|p2a: Breloom\n|-end|p2a: Breloom|Substitute\n|\n|-heal|p1a: SSSReplacement|88\/100|[from] item: Leftovers\n|-damage|p1a: SSSReplacement|76\/100|[from] Leech Seed|[of] p2a: Breloom\n|-heal|p2a: Breloom|95\/100 tox|[silent]\n|-heal|p2a: Breloom|100\/100 tox|[from] ability: Poison Heal\n|upkeep\n|turn|25\n|\n|t:|1700885972\n|move|p2a: Breloom|Substitute|p2a: Breloom\n|-start|p2a: Breloom|Substitute\n|-damage|p2a: Breloom|76\/100 tox\n|move|p1a: SSSReplacement|Body Press|p2a: Breloom\n|-end|p2a: Breloom|Substitute\n|\n|-heal|p1a: SSSReplacement|82\/100|[from] item: Leftovers\n|-damage|p1a: SSSReplacement|70\/100|[from] Leech Seed|[of] p2a: Breloom\n|-heal|p2a: Breloom|95\/100 tox|[silent]\n|-heal|p2a: Breloom|100\/100 tox|[from] ability: Poison Heal\n|upkeep\n|turn|26\n|\n|t:|1700885975\n|move|p2a: Breloom|Substitute|p2a: Breloom\n|-start|p2a: Breloom|Substitute\n|-damage|p2a: Breloom|76\/100 tox\n|move|p1a: SSSReplacement|Body Press|p2a: Breloom\n|-end|p2a: Breloom|Substitute\n|\n|-heal|p1a: SSSReplacement|76\/100|[from] item: Leftovers\n|-damage|p1a: SSSReplacement|63\/100|[from] Leech Seed|[of] p2a: Breloom\n|-heal|p2a: Breloom|95\/100 tox|[silent]\n|-heal|p2a: Breloom|100\/100 tox|[from] ability: Poison Heal\n|upkeep\n|turn|27\n|\n|t:|1700885980\n|move|p2a: Breloom|Substitute|p2a: Breloom\n|-start|p2a: Breloom|Substitute\n|-damage|p2a: Breloom|76\/100 tox\n|move|p1a: SSSReplacement|Body Press|p2a: Breloom\n|-end|p2a: Breloom|Substitute\n|\n|-heal|p1a: SSSReplacement|70\/100|[from] item: Leftovers\n|-damage|p1a: SSSReplacement|57\/100|[from] Leech Seed|[of] p2a: Breloom\n|-heal|p2a: Breloom|95\/100 tox|[silent]\n|-heal|p2a: Breloom|100\/100 tox|[from] ability: Poison Heal\n|upkeep\n|turn|28\n|\n|t:|1700885982\n|move|p2a: Breloom|Substitute|p2a: Breloom\n|-start|p2a: Breloom|Substitute\n|-damage|p2a: Breloom|76\/100 tox\n|move|p1a: SSSReplacement|Body Press|p2a: Breloom\n|-end|p2a: Breloom|Substitute\n|\n|-heal|p1a: SSSReplacement|63\/100|[from] item: Leftovers\n|-damage|p1a: SSSReplacement|51\/100|[from] Leech Seed|[of] p2a: Breloom\n|-heal|p2a: Breloom|95\/100 tox|[silent]\n|-heal|p2a: Breloom|100\/100 tox|[from] ability: Poison Heal\n|upkeep\n|turn|29\n|\n|t:|1700885983\n|move|p2a: Breloom|Substitute|p2a: Breloom\n|-start|p2a: Breloom|Substitute\n|-damage|p2a: Breloom|76\/100 tox\n|move|p1a: SSSReplacement|Body Press|p2a: Breloom\n|-end|p2a: Breloom|Substitute\n|\n|-heal|p1a: SSSReplacement|57\/100|[from] item: Leftovers\n|-damage|p1a: SSSReplacement|45\/100|[from] Leech Seed|[of] p2a: Breloom\n|-heal|p2a: Breloom|95\/100 tox|[silent]\n|-heal|p2a: Breloom|100\/100 tox|[from] ability: Poison Heal\n|upkeep\n|turn|30\n|\n|t:|1700885986\n|move|p2a: Breloom|Substitute|p2a: Breloom\n|-start|p2a: Breloom|Substitute\n|-damage|p2a: Breloom|76\/100 tox\n|move|p1a: SSSReplacement|Recover|p1a: SSSReplacement\n|-heal|p1a: SSSReplacement|95\/100\n|\n|-heal|p1a: SSSReplacement|100\/100|[from] item: Leftovers\n|-damage|p1a: SSSReplacement|88\/100|[from] Leech Seed|[of] p2a: Breloom\n|-heal|p2a: Breloom|95\/100 tox|[silent]\n|-heal|p2a: Breloom|100\/100 tox|[from] ability: Poison Heal\n|upkeep\n|turn|31\n|\n|t:|1700885988\n|-singleturn|p2a: Breloom|move: Focus Punch\n|move|p1a: SSSReplacement|Body Press|p2a: Breloom\n|-end|p2a: Breloom|Substitute\n|move|p2a: Breloom|Focus Punch|p1a: SSSReplacement\n|-supereffective|p1a: SSSReplacement\n|-damage|p1a: SSSReplacement|48\/100\n|\n|-heal|p1a: SSSReplacement|54\/100|[from] item: Leftovers\n|-damage|p1a: SSSReplacement|42\/100|[from] Leech Seed|[of] p2a: Breloom\n|upkeep\n|turn|32\n|\n|t:|1700885992\n|-singleturn|p2a: Breloom|move: Focus Punch\n|move|p1a: SSSReplacement|Recover|p1a: SSSReplacement\n|-heal|p1a: SSSReplacement|92\/100\n|move|p2a: Breloom|Focus Punch|p1a: SSSReplacement\n|-supereffective|p1a: SSSReplacement\n|-damage|p1a: SSSReplacement|56\/100\n|\n|-heal|p1a: SSSReplacement|62\/100|[from] item: Leftovers\n|-damage|p1a: SSSReplacement|50\/100|[from] Leech Seed|[of] p2a: Breloom\n|upkeep\n|turn|33\n|\n|t:|1700885999\n|move|p2a: Breloom|Substitute|p2a: Breloom\n|-start|p2a: Breloom|Substitute\n|-damage|p2a: Breloom|76\/100 tox\n|move|p1a: SSSReplacement|Body Press|p2a: Breloom\n|-end|p2a: Breloom|Substitute\n|\n|-heal|p1a: SSSReplacement|56\/100|[from] item: Leftovers\n|-damage|p1a: SSSReplacement|43\/100|[from] Leech Seed|[of] p2a: Breloom\n|-heal|p2a: Breloom|95\/100 tox|[silent]\n|-heal|p2a: Breloom|100\/100 tox|[from] ability: Poison Heal\n|upkeep\n|turn|34\n|\n|t:|1700886001\n|move|p2a: Breloom|Substitute|p2a: Breloom\n|-start|p2a: Breloom|Substitute\n|-damage|p2a: Breloom|76\/100 tox\n|move|p1a: SSSReplacement|Body Press|p2a: Breloom\n|-end|p2a: Breloom|Substitute\n|\n|-heal|p1a: SSSReplacement|50\/100|[from] item: Leftovers\n|-damage|p1a: SSSReplacement|37\/100|[from] Leech Seed|[of] p2a: Breloom\n|-heal|p2a: Breloom|95\/100 tox|[silent]\n|-heal|p2a: Breloom|100\/100 tox|[from] ability: Poison Heal\n|upkeep\n|turn|35\n|\n|t:|1700886004\n|move|p2a: Breloom|Substitute|p2a: Breloom\n|-start|p2a: Breloom|Substitute\n|-damage|p2a: Breloom|76\/100 tox\n|move|p1a: SSSReplacement|Recover|p1a: SSSReplacement\n|-heal|p1a: SSSReplacement|87\/100\n|\n|-heal|p1a: SSSReplacement|93\/100|[from] item: Leftovers\n|-damage|p1a: SSSReplacement|81\/100|[from] Leech Seed|[of] p2a: Breloom\n|-heal|p2a: Breloom|95\/100 tox|[silent]\n|-heal|p2a: Breloom|100\/100 tox|[from] ability: Poison Heal\n|upkeep\n|turn|36\n|\n|t:|1700886007\n|-singleturn|p2a: Breloom|move: Focus Punch\n|move|p1a: SSSReplacement|Body Press|p2a: Breloom\n|-end|p2a: Breloom|Substitute\n|move|p2a: Breloom|Focus Punch|p1a: SSSReplacement\n|-supereffective|p1a: SSSReplacement\n|-damage|p1a: SSSReplacement|43\/100\n|\n|-heal|p1a: SSSReplacement|50\/100|[from] item: Leftovers\n|-damage|p1a: SSSReplacement|37\/100|[from] Leech Seed|[of] p2a: Breloom\n|upkeep\n|turn|37\n|\n|t:|1700886009\n|-singleturn|p2a: Breloom|move: Focus Punch\n|move|p1a: SSSReplacement|Body Press|p2a: Breloom\n|-damage|p2a: Breloom|0 fnt\n|faint|p2a: Breloom\n|\n|-heal|p1a: SSSReplacement|43\/100|[from] item: Leftovers\n|upkeep\n|inactive|Battle timer is ON: inactive players will automatically lose when time's up. (requested by Mr Abingdon)\n|\n|t:|1700886016\n|switch|p2a: Ambipom|Ambipom, M|100\/100\n|turn|38\n|\n|t:|1700886019\n|move|p2a: Ambipom|Fake Out|p1a: SSSReplacement\n|-enditem|p2a: Ambipom|Normal Gem|[from] gem\n|-resisted|p1a: SSSReplacement\n|-damage|p1a: SSSReplacement|39\/100\n|cant|p1a: SSSReplacement|flinch\n|\n|-heal|p1a: SSSReplacement|45\/100|[from] item: Leftovers\n|-damage|p1a: SSSReplacement|33\/100|[from] Leech Seed|[of] p2a: Ambipom\n|upkeep\n|turn|39\n|\n|t:|1700886028\n|move|p2a: Ambipom|Thief|p1a: SSSReplacement\n|-damage|p1a: SSSReplacement|26\/100\n|-enditem|p1a: SSSReplacement|Leftovers|[silent]|[from] move: Thief|[of] p2a: Ambipom\n|-item|p2a: Ambipom|Leftovers|[from] move: Thief|[of] p1a: SSSReplacement\n|move|p1a: SSSReplacement|Recover|p1a: SSSReplacement\n|-heal|p1a: SSSReplacement|76\/100\n|\n|-damage|p1a: SSSReplacement|64\/100|[from] Leech Seed|[of] p2a: Ambipom\n|upkeep\n|turn|40\n|\n|t:|1700886050\n|move|p2a: Ambipom|Thief|p1a: SSSReplacement\n|-damage|p1a: SSSReplacement|57\/100\n|move|p1a: SSSReplacement|Recover|p1a: SSSReplacement\n|-heal|p1a: SSSReplacement|100\/100\n|\n|-damage|p1a: SSSReplacement|88\/100|[from] Leech Seed|[of] p2a: Ambipom\n|upkeep\n|turn|41\n|\n|t:|1700886052\n|switch|p1a: Rabsca|Rabsca, M, shiny|100\/100\n|move|p2a: Ambipom|Thief|p1a: Rabsca\n|-supereffective|p1a: Rabsca\n|-damage|p1a: Rabsca|50\/100\n|\n|upkeep\n|turn|42\n|\n|t:|1700886057\n|move|p2a: Ambipom|Double Hit|p1a: Rabsca\n|-damage|p1a: Rabsca|30\/100\n|-damage|p1a: Rabsca|9\/100\n|-hitcount|p1a: Rabsca|2\n|move|p1a: Rabsca|Trick Room|p1a: Rabsca\n|-fieldstart|move: Trick Room|[of] p1a: Rabsca\n|\n|upkeep\n|turn|43\n|\n|t:|1700886063\n|move|p1a: Rabsca|Revival Blessing|p1a: Rabsca\n|-enditem|p1a: Rabsca|Leppa Berry|[eat]\n|-activate|p1a: Rabsca|item: Leppa Berry|Revival Blessing|[consumed]\n|\n|t:|1700886070\n|-heal|p1: DeMarco|50\/100|[from] move: Revival Blessing\n|move|p2a: Ambipom|U-turn|p1a: Rabsca\n|-supereffective|p1a: Rabsca\n|-damage|p1a: Rabsca|0 fnt\n|faint|p1a: Rabsca\n|\n|t:|1700886076\n|switch|p2a: Arcanine|Arcanine-Hisui, M|33\/100|[from] U-turn\n|\n|upkeep\n|\n|t:|1700886079\n|switch|p1a: SSSReplacement|Garganacl, F, shiny|88\/100\n|turn|44\n|\n|t:|1700886086\n|move|p1a: SSSReplacement|Iron Defense|p1a: SSSReplacement\n|-boost|p1a: SSSReplacement|def|2\n|move|p2a: Arcanine|Head Smash|p1a: SSSReplacement\n|-damage|p1a: SSSReplacement|50\/100\n|\n|upkeep\n|turn|45\n|\n|t:|1700886091\n|move|p1a: SSSReplacement|Recover|p1a: SSSReplacement\n|-heal|p1a: SSSReplacement|99\/100\n|move|p2a: Arcanine|Head Smash|p1a: SSSReplacement\n|-damage|p1a: SSSReplacement|60\/100\n|\n|upkeep\n|turn|46\n|\n|t:|1700886097\n|move|p1a: SSSReplacement|Body Press|p2a: Arcanine\n|-supereffective|p2a: Arcanine\n|-damage|p2a: Arcanine|0 fnt\n|faint|p2a: Arcanine\n|\n|-fieldend|move: Trick Room\n|upkeep\n|\n|t:|1700886099\n|switch|p2a: Ambipom|Ambipom, M|100\/100\n|turn|47\n|-message|mdcenikos forfeited.\n|\n|win|Mr Abingdon\n|raw|Mr Abingdon's rating: 1146 &rarr; <strong>1175<\/strong><br \/>(+29 for winning)\n|raw|mdcenikos's rating: 1206 &rarr; <strong>1177<\/strong><br \/>(-29 for losing)\n|l|\u2606mdcenikos\n","uploadtime":1700886106,"views":5,"p1id":"mrabingdon","p2id":"mdcenikos","formatid":"gen9anythinggoes","rating":1175,"private":0,"password":""}