{"id":"gen9anythinggoes-1999730051","p1":"BelugaCatSylveon","p2":"EnderBoy1435","format":"[Gen 9] Anything Goes","log":"|j|\u2606BelugaCatSylveon\n|j|\u2606EnderBoy1435\n|t:|1701111610\n|gametype|singles\n|player|p1|BelugaCatSylveon|caitlin|1000\n|player|p2|EnderBoy1435|169|1067\n|teamsize|p1|6\n|teamsize|p2|6\n|gen|9\n|tier|[Gen 9] Anything Goes\n|rated|\n|rule|HP Percentage Mod: HP is shown in percentages\n|rule|Endless Battle Clause: Forcing endless battles is banned\n|clearpoke\n|poke|p1|Hatterene, F|\n|poke|p1|Espeon, F|\n|poke|p1|Articuno-Galar|\n|poke|p1|Meowscarada, F|\n|poke|p1|Spectrier|\n|poke|p1|Lycanroc-Dusk, F|\n|poke|p2|Blissey, F|\n|poke|p2|Cloyster, M|\n|poke|p2|Klefki, F|\n|poke|p2|Zacian-*|\n|poke|p2|Drifblim, F|\n|poke|p2|Poliwrath, M|\n|teampreview\n|\n|t:|1701111617\n|start\n|switch|p1a: COCA COLA LIGHT|Hatterene, F, shiny|100\/100\n|switch|p2a: Drifblim|Drifblim, F|100\/100\n|turn|1\n|\n|t:|1701111665\n|move|p2a: Drifblim|Hypnosis|p1a: COCA COLA LIGHT\n|-status|p1a: COCA COLA LIGHT|slp|[from] move: Hypnosis\n|cant|p1a: COCA COLA LIGHT|slp\n|\n|upkeep\n|turn|2\n|\n|t:|1701111671\n|switch|p1a: COCA COLA NORMAL|Espeon, F|100\/100\n|move|p2a: Drifblim|Minimize|p2a: Drifblim\n|-boost|p2a: Drifblim|evasion|2\n|\n|upkeep\n|turn|3\n|\n|t:|1701111679\n|move|p1a: COCA COLA NORMAL|Zen Headbutt|p2a: Drifblim\n|-damage|p2a: Drifblim|71\/100\n|move|p2a: Drifblim|Hypnosis|p1a: COCA COLA NORMAL\n|-status|p1a: COCA COLA NORMAL|slp|[from] move: Hypnosis\n|\n|upkeep\n|turn|4\n|\n|t:|1701111687\n|switch|p1a: AND|Articuno-Galar|100\/100\n|move|p2a: Drifblim|Minimize|p2a: Drifblim\n|-boost|p2a: Drifblim|evasion|2\n|\n|upkeep\n|turn|5\n|\n|t:|1701111694\n|move|p2a: Drifblim|Minimize|p2a: Drifblim\n|-boost|p2a: Drifblim|evasion|2\n|move|p1a: AND|Freezing Glare|p2a: Drifblim|[miss]\n|-miss|p1a: AND|p2a: Drifblim\n|\n|upkeep\n|turn|6\n|\n|t:|1701111700\n|-terastallize|p1a: AND|Fairy\n|move|p2a: Drifblim|Minimize|p2a: Drifblim\n|-boost|p2a: Drifblim|evasion|0\n|move|p1a: AND|Psycho Cut|p2a: Drifblim|[miss]\n|-miss|p1a: AND|p2a: Drifblim\n|\n|upkeep\n|turn|7\n|\n|t:|1701111712\n|move|p2a: Drifblim|Baton Pass|p2a: Drifblim\n|\n|t:|1701111716\n|switch|p2a: Poliwrath|Poliwrath, M|100\/100|[from] Baton Pass\n|move|p1a: AND|Calm Mind|p1a: AND\n|-boost|p1a: AND|spa|1\n|-boost|p1a: AND|spd|1\n|\n|upkeep\n|turn|8\n|\n|t:|1701111724\n|move|p1a: AND|Freezing Glare|p2a: Poliwrath|[miss]\n|-miss|p1a: AND|p2a: Poliwrath\n|move|p2a: Poliwrath|Belly Drum|p2a: Poliwrath\n|-damage|p2a: Poliwrath|50\/100\n|-setboost|p2a: Poliwrath|atk|6|[from] move: Belly Drum\n|-enditem|p2a: Poliwrath|Sitrus Berry|[eat]\n|-heal|p2a: Poliwrath|75\/100|[from] item: Sitrus Berry\n|\n|upkeep\n|turn|9\n|\n|t:|1701111748\n|move|p1a: AND|Freezing Glare|p2a: Poliwrath\n|-supereffective|p2a: Poliwrath\n|-damage|p2a: Poliwrath|0 fnt\n|faint|p2a: Poliwrath\n|\n|upkeep\n|\n|t:|1701111763\n|switch|p2a: Zacian|Zacian-Crowned|100\/100\n|-ability|p2a: Zacian|Intrepid Sword|boost\n|-boost|p2a: Zacian|atk|1\n|turn|10\n|\n|t:|1701111771\n|switch|p1a: COCA COLA|Meowscarada, F|100\/100\n|move|p2a: Zacian|Behemoth Blade|p1a: COCA COLA\n|-damage|p1a: COCA COLA|0 fnt\n|faint|p1a: COCA COLA\n|\n|upkeep\n|\n|t:|1701111779\n|switch|p1a: ZEZEZEZEZ|Spectrier|100\/100\n|turn|11\n|\n|t:|1701111791\n|move|p2a: Zacian|Play Rough|p1a: ZEZEZEZEZ\n|-damage|p1a: ZEZEZEZEZ|0 fnt\n|faint|p1a: ZEZEZEZEZ\n|\n|upkeep\n|\n|t:|1701111795\n|switch|p1a: ZZZEEERRROOOO|Lycanroc-Dusk, F|100\/100\n|turn|12\n|\n|t:|1701111800\n|move|p2a: Zacian|Behemoth Blade|p1a: ZZZEEERRROOOO\n|-supereffective|p1a: ZZZEEERRROOOO\n|-damage|p1a: ZZZEEERRROOOO|0 fnt\n|faint|p1a: ZZZEEERRROOOO\n|\n|upkeep\n|-message|BelugaCatSylveon forfeited.\n|\n|win|EnderBoy1435\n|raw|BelugaCatSylveon's rating: 1000 &rarr; <strong>1000<\/strong><br \/>(+0 for losing)\n|raw|EnderBoy1435's rating: 1067 &rarr; <strong>1091<\/strong><br \/>(+24 for winning)\n|l|\u2606EnderBoy1435\n","uploadtime":1701111814,"views":0,"p1id":"belugacatsylveon","p2id":"enderboy1435","formatid":"gen9anythinggoes","rating":1000,"private":0,"password":""}