{"id":"gen9anythinggoes-1992111574","p1":"Ultragaming777","p2":"A1-Cynthia","format":"[Gen 9] Anything Goes","log":"|j|\u2606Ultragaming777\n|j|\u2606A1-Cynthia\n|t:|1700156045\n|gametype|singles\n|player|p1|Ultragaming777|rosa|1174\n|player|p2|A1-Cynthia|cynthia-gen4|1190\n|teamsize|p1|6\n|teamsize|p2|6\n|gen|9\n|tier|[Gen 9] Anything Goes\n|rated|\n|rule|HP Percentage Mod: HP is shown in percentages\n|rule|Endless Battle Clause: Forcing endless battles is banned\n|clearpoke\n|poke|p1|Calyrex-Ice|\n|poke|p1|Charizard, F|\n|poke|p1|Zapdos-Galar|\n|poke|p1|Greninja-*, M|\n|poke|p1|Rayquaza|\n|poke|p1|Gallade, M|\n|poke|p2|Calyrex-Ice|\n|poke|p2|Greninja-*, M|\n|poke|p2|Annihilape, M|\n|poke|p2|Eternatus|\n|poke|p2|Mewtwo|\n|poke|p2|Zacian-*|\n|teampreview\n|inactive|Battle timer is ON: inactive players will automatically lose when time's up. (requested by Ultragaming777)\n|\n|t:|1700156054\n|start\n|switch|p1a: Calyrex|Calyrex-Ice|100\/100\n|switch|p2a: Calyrex|Calyrex-Ice|100\/100\n|-ability|p1a: Calyrex|As One\n|-ability|p1a: Calyrex|Unnerve\n|-ability|p2a: Calyrex|As One\n|-ability|p2a: Calyrex|Unnerve\n|-item|p2a: Calyrex|Air Balloon\n|turn|1\n|\n|t:|1700156066\n|move|p1a: Calyrex|Body Slam|p2a: Calyrex\n|-damage|p2a: Calyrex|79\/100\n|-enditem|p2a: Calyrex|Air Balloon\n|move|p2a: Calyrex|Calm Mind|p2a: Calyrex\n|-boost|p2a: Calyrex|spa|1\n|-boost|p2a: Calyrex|spd|1\n|\n|upkeep\n|turn|2\n|\n|t:|1700156072\n|move|p1a: Calyrex|Body Slam|p2a: Calyrex\n|-damage|p2a: Calyrex|56\/100\n|move|p2a: Calyrex|Agility|p2a: Calyrex\n|-boost|p2a: Calyrex|spe|2\n|\n|upkeep\n|turn|3\n|\n|t:|1700156077\n|move|p2a: Calyrex|Calm Mind|p2a: Calyrex\n|-boost|p2a: Calyrex|spa|1\n|-boost|p2a: Calyrex|spd|1\n|move|p1a: Calyrex|Body Slam|p2a: Calyrex\n|-damage|p2a: Calyrex|33\/100\n|\n|upkeep\n|turn|4\n|\n|t:|1700156084\n|move|p2a: Calyrex|Baton Pass|p2a: Calyrex\n|inactive|A1-Cynthia has 120 seconds left.\n|\n|t:|1700156115\n|switch|p2a: Greninja|Greninja, M|100\/100|[from] Baton Pass\n|move|p1a: Calyrex|Body Slam|p2a: Greninja\n|-damage|p2a: Greninja|38\/100\n|\n|upkeep\n|turn|5\n|inactive|A1-Cynthia has 120 seconds left.\n|\n|t:|1700156131\n|-terastallize|p2a: Greninja|Water\n|-terastallize|p1a: Calyrex|Ice\n|move|p2a: Greninja|Dark Pulse|p1a: Calyrex\n|-damage|p1a: Calyrex|48\/100\n|cant|p1a: Calyrex|flinch\n|\n|-heal|p1a: Calyrex|54\/100|[from] item: Leftovers\n|upkeep\n|turn|6\n|inactive|A1-Cynthia has 120 seconds left.\n|\n|t:|1700156157\n|move|p2a: Greninja|Water Shuriken|p1a: Calyrex\n|-damage|p1a: Calyrex|40\/100\n|-damage|p1a: Calyrex|25\/100\n|-damage|p1a: Calyrex|12\/100\n|-damage|p1a: Calyrex|0 fnt\n|faint|p1a: Calyrex\n|-ability|p2a: Greninja|Battle Bond|boost\n|-boost|p2a: Greninja|atk|1\n|-boost|p2a: Greninja|spa|1\n|-boost|p2a: Greninja|spe|1\n|-activate|p2a: Greninja|ability: Battle Bond\n|-hitcount|p1: Calyrex|4\n|\n|upkeep\n|\n|t:|1700156166\n|switch|p1a: Rayquaza|Rayquaza|100\/100\n|-ability|p1a: Rayquaza|Air Lock\n|turn|7\n|\n|t:|1700156180\n|move|p1a: Rayquaza|Extreme Speed|p2a: Greninja\n|-damage|p2a: Greninja|0 fnt\n|faint|p2a: Greninja\n|\n|upkeep\n|n|!A1-Cynthia|a1cynthia\n|\n|t:|1700156197\n|switch|p2a: Eternatus|Eternatus|100\/100\n|-ability|p2a: Eternatus|Pressure\n|turn|8\n|\n|t:|1700156203\n|move|p2a: Eternatus|Dynamax Cannon|p1a: Rayquaza\n|-supereffective|p1a: Rayquaza\n|-damage|p1a: Rayquaza|0 fnt\n|faint|p1a: Rayquaza\n|-damage|p2a: Eternatus|91\/100|[from] item: Life Orb\n|\n|upkeep\n|\n|t:|1700156209\n|switch|p1a: Gallade|Gallade, M, shiny|100\/100\n|turn|9\n|\n|t:|1700156220\n|move|p2a: Eternatus|Fire Blast|p1a: Gallade\n|-damage|p1a: Gallade|45\/100\n|-damage|p2a: Eternatus|81\/100|[from] item: Life Orb\n|move|p1a: Gallade|Psycho Cut|p2a: Eternatus\n|-supereffective|p2a: Eternatus\n|-damage|p2a: Eternatus|0 fnt\n|faint|p2a: Eternatus\n|\n|upkeep\n|\n|t:|1700156229\n|switch|p2a: Zacian|Zacian-Crowned|100\/100\n|-ability|p2a: Zacian|Intrepid Sword|boost\n|-boost|p2a: Zacian|atk|1\n|turn|10\n|\n|t:|1700156234\n|move|p2a: Zacian|Swords Dance|p2a: Zacian\n|-boost|p2a: Zacian|atk|2\n|move|p1a: Gallade|Fire Punch|p2a: Zacian\n|-supereffective|p2a: Zacian\n|-damage|p2a: Zacian|46\/100\n|\n|upkeep\n|turn|11\n|inactive|A1-Cynthia has 120 seconds left.\n|\n|t:|1700156244\n|move|p2a: Zacian|Behemoth Blade|p1a: Gallade\n|-damage|p1a: Gallade|0 fnt\n|faint|p1a: Gallade\n|\n|upkeep\n|\n|t:|1700156248\n|switch|p1a: Charizard|Charizard, F, shiny|100\/100\n|turn|12\n|\n|t:|1700156253\n|move|p2a: Zacian|Wild Charge|p1a: Charizard\n|-supereffective|p1a: Charizard\n|-damage|p1a: Charizard|0 fnt\n|faint|p1a: Charizard\n|-damage|p2a: Zacian|21\/100|[from] Recoil\n|\n|upkeep\n|\n|t:|1700156259\n|switch|p1a: Zapdos|Zapdos-Galar, shiny|100\/100\n|turn|13\n|\n|t:|1700156264\n|move|p2a: Zacian|Wild Charge|p1a: Zapdos\n|-supereffective|p1a: Zapdos\n|-damage|p1a: Zapdos|0 fnt\n|-damage|p2a: Zacian|5\/100|[from] item: Rocky Helmet|[of] p1a: Zapdos\n|faint|p1a: Zapdos\n|-damage|p2a: Zacian|0 fnt|[from] Recoil\n|faint|p2a: Zacian\n|\n|upkeep\n|\n|t:|1700156280\n|switch|p2a: Annihilape|Annihilape, M|100\/100\n|switch|p1a: Greninja|Greninja, M|100\/100\n|turn|14\n|inactive|A1-Cynthia has 120 seconds left.\n|\n|t:|1700156305\n|move|p1a: Greninja|Gunk Shot|p2a: Annihilape\n|-resisted|p2a: Annihilape\n|-damage|p2a: Annihilape|89\/100\n|move|p2a: Annihilape|Rage Fist|p1a: Greninja\n|-resisted|p1a: Greninja\n|-damage|p1a: Greninja|71\/100\n|\n|-heal|p1a: Greninja|77\/100|[from] item: Leftovers\n|-heal|p2a: Annihilape|95\/100|[from] item: Leftovers\n|upkeep\n|turn|15\n|inactive|A1-Cynthia has 120 seconds left.\n|\n|t:|1700156327\n|move|p1a: Greninja|Gunk Shot|p2a: Annihilape\n|-resisted|p2a: Annihilape\n|-damage|p2a: Annihilape|83\/100\n|-status|p2a: Annihilape|psn\n|move|p2a: Annihilape|Rage Fist|p1a: Greninja\n|-resisted|p1a: Greninja\n|-damage|p1a: Greninja|38\/100\n|\n|-heal|p1a: Greninja|44\/100|[from] item: Leftovers\n|-heal|p2a: Annihilape|89\/100 psn|[from] item: Leftovers\n|-damage|p2a: Annihilape|77\/100 psn|[from] psn\n|upkeep\n|turn|16\n|\n|t:|1700156346\n|move|p1a: Greninja|Dark Pulse|p2a: Annihilape\n|-damage|p2a: Annihilape|53\/100 psn\n|move|p2a: Annihilape|Rage Fist|p1a: Greninja\n|-resisted|p1a: Greninja\n|-crit|p1a: Greninja\n|-damage|p1a: Greninja|0 fnt\n|faint|p1a: Greninja\n|\n|win|A1-Cynthia\n|raw|Ultragaming777's rating: 1174 &rarr; <strong>1150<\/strong><br \/>(-24 for losing)\n|raw|A1-Cynthia's rating: 1190 &rarr; <strong>1214<\/strong><br \/>(+24 for winning)\n","uploadtime":1700156187,"views":4,"p1id":"ultragaming777","p2id":"a1cynthia","formatid":"gen9anythinggoes","rating":1150,"private":0,"password":""}