{"id":"gen9anythinggoes-1977497269","p1":"EL145898","p2":"Axolotl1986","format":"[Gen 9] Anything Goes","log":"|j|\u2606EL145898\n|j|\u2606Axolotl1986\n|t:|1698422089\n|gametype|singles\n|player|p1|EL145898|2|1332\n|player|p2|Axolotl1986|169|1241\n|teamsize|p1|6\n|teamsize|p2|6\n|gen|9\n|tier|[Gen 9] Anything Goes\n|rated|\n|rule|HP Percentage Mod: HP is shown in percentages\n|rule|Endless Battle Clause: Forcing endless battles is banned\n|clearpoke\n|poke|p1|Snorlax, F|\n|poke|p1|Giratina-Origin|\n|poke|p1|Grimmsnarl, M|\n|poke|p1|Eternatus|\n|poke|p1|Lycanroc-Midnight, F|\n|poke|p1|Kingambit, F|\n|poke|p2|Greninja-*, F|\n|poke|p2|Basculegion-F, F|\n|poke|p2|Samurott-Hisui, F|\n|poke|p2|Houndoom, F|\n|poke|p2|Meowscarada, F|\n|poke|p2|Kingambit, F|\n|teampreview\n|inactive|Battle timer is ON: inactive players will automatically lose when time's up. (requested by EL145898)\n|\n|t:|1698422113\n|start\n|switch|p1a: Grimmsnarl|Grimmsnarl, M|100\/100\n|switch|p2a: Samurott|Samurott-Hisui, F|100\/100\n|turn|1\n|\n|t:|1698422129\n|-terastallize|p2a: Samurott|Water\n|move|p1a: Grimmsnarl|Thunder Wave|p2a: Samurott\n|-status|p2a: Samurott|par\n|move|p2a: Samurott|X-Scissor|p1a: Grimmsnarl\n|-damage|p1a: Grimmsnarl|63\/100\n|\n|upkeep\n|turn|2\n|\n|t:|1698422139\n|move|p1a: Grimmsnarl|Reflect|p1a: Grimmsnarl\n|-sidestart|p1: EL145898|Reflect\n|move|p2a: Samurott|Aqua Cutter|p1a: Grimmsnarl\n|-crit|p1a: Grimmsnarl\n|-damage|p1a: Grimmsnarl|0 fnt\n|faint|p1a: Grimmsnarl\n|\n|upkeep\n|\n|t:|1698422148\n|switch|p1a: Lycanroc|Lycanroc-Midnight, F|100\/100\n|turn|3\n|\n|t:|1698422162\n|-terastallize|p1a: Lycanroc|Dark\n|move|p1a: Lycanroc|Swords Dance|p1a: Lycanroc\n|-boost|p1a: Lycanroc|atk|2\n|move|p2a: Samurott|Aqua Cutter|p1a: Lycanroc\n|-damage|p1a: Lycanroc|54\/100\n|\n|upkeep\n|turn|4\n|\n|t:|1698422173\n|move|p1a: Lycanroc|Trailblaze|p2a: Samurott\n|-supereffective|p2a: Samurott\n|-damage|p2a: Samurott|25\/100 par\n|-boost|p1a: Lycanroc|spe|1\n|cant|p2a: Samurott|par\n|\n|upkeep\n|turn|5\n|\n|t:|1698422193\n|switch|p2a: Houndoom|Houndoom, F|100\/100\n|move|p1a: Lycanroc|Trailblaze|p2a: Houndoom\n|-resisted|p2a: Houndoom\n|-damage|p2a: Houndoom|67\/100\n|-boost|p1a: Lycanroc|spe|1\n|\n|-heal|p2a: Houndoom|73\/100|[from] item: Leftovers\n|upkeep\n|turn|6\n|\n|t:|1698422206\n|move|p1a: Lycanroc|Stone Edge|p2a: Houndoom\n|-supereffective|p2a: Houndoom\n|-damage|p2a: Houndoom|0 fnt\n|faint|p2a: Houndoom\n|\n|upkeep\n|\n|t:|1698422211\n|switch|p2a: Meowscarada|Meowscarada, F|100\/100\n|turn|7\n|\n|t:|1698422219\n|move|p1a: Lycanroc|Stone Edge|p2a: Meowscarada\n|-damage|p2a: Meowscarada|0 fnt\n|faint|p2a: Meowscarada\n|\n|upkeep\n|\n|t:|1698422230\n|switch|p2a: Greninja|Greninja, F, shiny|100\/100\n|turn|8\n|\n|t:|1698422238\n|move|p2a: Greninja|Water Shuriken|p1a: Lycanroc\n|-damage|p1a: Lycanroc|45\/100\n|-damage|p1a: Lycanroc|35\/100\n|-damage|p1a: Lycanroc|26\/100\n|-damage|p1a: Lycanroc|17\/100\n|-hitcount|p1a: Lycanroc|4\n|move|p1a: Lycanroc|Trailblaze|p2a: Greninja\n|-supereffective|p2a: Greninja\n|-damage|p2a: Greninja|0 fnt\n|-boost|p1a: Lycanroc|spe|1\n|faint|p2a: Greninja\n|\n|upkeep\n|\n|t:|1698422253\n|switch|p2a: Basculegion|Basculegion-F, F|100\/100\n|turn|9\n|\n|t:|1698422256\n|move|p1a: Lycanroc|Sucker Punch|p2a: Basculegion\n|-supereffective|p2a: Basculegion\n|-damage|p2a: Basculegion|0 fnt\n|faint|p2a: Basculegion\n|\n|-sideend|p1: EL145898|Reflect\n|upkeep\n|\n|t:|1698422262\n|switch|p2a: Samurott|Samurott-Hisui, F, tera:Water|25\/100 par\n|turn|10\n|\n|t:|1698422266\n|move|p1a: Lycanroc|Trailblaze|p2a: Samurott\n|-supereffective|p2a: Samurott\n|-damage|p2a: Samurott|0 fnt\n|-boost|p1a: Lycanroc|spe|1\n|faint|p2a: Samurott\n|\n|upkeep\n|\n|t:|1698422272\n|switch|p2a: Kingambit|Kingambit, F|100\/100\n|-activate|p2a: Kingambit|ability: Supreme Overlord\n|-start|p2a: Kingambit|fallen5|[silent]\n|turn|11\n|\n|t:|1698422280\n|move|p1a: Lycanroc|Sucker Punch|p2a: Kingambit\n|-resisted|p2a: Kingambit\n|-damage|p2a: Kingambit|77\/100\n|move|p2a: Kingambit|Metal Burst|p1a: Lycanroc\n|-damage|p1a: Lycanroc|0 fnt\n|faint|p1a: Lycanroc\n|\n|-heal|p2a: Kingambit|84\/100|[from] item: Leftovers\n|upkeep\n|\n|t:|1698422287\n|switch|p1a: Eternatus|Eternatus|100\/100\n|-ability|p1a: Eternatus|Pressure\n|turn|12\n|\n|t:|1698422296\n|move|p1a: Eternatus|Flamethrower|p2a: Kingambit\n|-supereffective|p2a: Kingambit\n|-damage|p2a: Kingambit|0 fnt\n|faint|p2a: Kingambit\n|-end|p2a: Kingambit|fallen5|[silent]\n|\n|win|EL145898\n|raw|EL145898's rating: 1332 &rarr; <strong>1347<\/strong><br \/>(+15 for winning)\n|raw|Axolotl1986's rating: 1241 &rarr; <strong>1222<\/strong><br \/>(-19 for losing)\n","uploadtime":1698422300,"views":6,"p1id":"el145898","p2id":"axolotl1986","formatid":"gen9anythinggoes","rating":1222,"private":0,"password":""}