{"id":"gen9anythinggoes-1993835056","p1":"grassGLEADER","p2":"saru_bean","format":"[Gen 9] Anything Goes","log":"|j|\u2606grassGLEADER\n|j|\u2606saru_bean\n|t:|1700363159\n|gametype|singles\n|player|p1|grassGLEADER|mallow|1307\n|player|p2|saru_bean|erbie-unite|1272\n|teamsize|p1|6\n|teamsize|p2|6\n|gen|9\n|tier|[Gen 9] Anything Goes\n|rated|\n|rule|HP Percentage Mod: HP is shown in percentages\n|rule|Endless Battle Clause: Forcing endless battles is banned\n|clearpoke\n|poke|p1|Meowscarada, F|\n|poke|p1|Ogerpon-Hearthflame, F|\n|poke|p1|Arceus-Grass|\n|poke|p1|Torterra, M|\n|poke|p1|Leavanny, F|\n|poke|p1|Appletun, M|\n|poke|p2|Palafin, M|\n|poke|p2|Garganacl, M|\n|poke|p2|Cinderace, F|\n|poke|p2|Dragapult, F|\n|poke|p2|Kingambit, M|\n|poke|p2|Ursaluna-Bloodmoon, M|\n|teampreview\n|c|\u2606saru_bean|glhf\n|c|\u2606grassGLEADER|hello! :D\n|c|\u2606saru_bean|hi!\n|\n|t:|1700363177\n|start\n|switch|p1a: don't kill me >.<|Leavanny, F, shiny|100\/100\n|switch|p2a: Mother of 2|Dragapult, F|100\/100\n|turn|1\n|\n|t:|1700363185\n|move|p2a: Mother of 2|Dragon Dance|p2a: Mother of 2\n|-boost|p2a: Mother of 2|atk|1\n|-boost|p2a: Mother of 2|spe|1\n|move|p1a: don't kill me >.<|Sticky Web|p2a: Mother of 2\n|-sidestart|p2: saru_bean|move: Sticky Web\n|\n|upkeep\n|turn|2\n|\n|t:|1700363190\n|move|p2a: Mother of 2|Dragon Dance|p2a: Mother of 2\n|-boost|p2a: Mother of 2|atk|1\n|-boost|p2a: Mother of 2|spe|1\n|move|p1a: don't kill me >.<|Swords Dance|p1a: don't kill me >.<\n|-boost|p1a: don't kill me >.<|atk|2\n|\n|upkeep\n|turn|3\n|\n|t:|1700363197\n|move|p2a: Mother of 2|Dragon Darts|p1a: don't kill me >.<\n|-damage|p1a: don't kill me >.<|40\/100\n|-anim|p2a: Mother of 2|Dragon Darts|p1a: don't kill me >.<\n|-damage|p1a: don't kill me >.<|0 fnt\n|faint|p1a: don't kill me >.<\n|\n|upkeep\n|\n|t:|1700363207\n|switch|p1a: Little kitty|Meowscarada, F, shiny|100\/100\n|turn|4\n|\n|t:|1700363213\n|-terastallize|p2a: Mother of 2|Fairy\n|move|p1a: Little kitty|Sucker Punch||[still]\n|-fail|p1a: Little kitty\n|move|p2a: Mother of 2|Dragon Dance|p2a: Mother of 2\n|-boost|p2a: Mother of 2|atk|1\n|-boost|p2a: Mother of 2|spe|1\n|\n|upkeep\n|turn|5\n|c|\u2606grassGLEADER|WAAA\n|c|\u2606grassGLEADER|ok . . ngl sweep?\n|\n|t:|1700363252\n|move|p2a: Mother of 2|Baton Pass|p2a: Mother of 2\n|c|\u2606saru_bean|I'm sorry\n|\n|t:|1700363258\n|switch|p2a: e621|Cinderace, F, shiny|100\/100|[from] Baton Pass\n|move|p1a: Little kitty|Thunder Punch|p2a: e621\n|-start|p1a: Little kitty|typechange|Electric|[from] ability: Protean\n|-damage|p2a: e621|37\/100\n|-status|p2a: e621|par\n|-damage|p1a: Little kitty|91\/100|[from] item: Life Orb\n|\n|upkeep\n|turn|6\n|\n|t:|1700363268\n|move|p1a: Little kitty|Sucker Punch|p2a: e621\n|-damage|p2a: e621|0 fnt\n|faint|p2a: e621\n|-damage|p1a: Little kitty|81\/100|[from] item: Life Orb\n|\n|upkeep\n|c|\u2606grassGLEADER|omg i would have died\n|\n|t:|1700363281\n|switch|p2a: Fallen Kingdom|Garganacl, M|100\/100\n|-activate|p2a: Fallen Kingdom|move: Sticky Web\n|-fail|p2a: Fallen Kingdom|unboost|[from] ability: Clear Body|[of] p2a: Fallen Kingdom\n|turn|7\n|\n|t:|1700363308\n|switch|p1a: GRASS GOD :3|Arceus-Grass, shiny|100\/100\n|move|p2a: Fallen Kingdom|Earthquake|p1a: GRASS GOD :3\n|-resisted|p1a: GRASS GOD :3\n|-damage|p1a: GRASS GOD :3|94\/100\n|\n|upkeep\n|turn|8\n|\n|t:|1700363315\n|move|p1a: GRASS GOD :3|Calm Mind|p1a: GRASS GOD :3\n|-boost|p1a: GRASS GOD :3|spa|1\n|-boost|p1a: GRASS GOD :3|spd|1\n|move|p2a: Fallen Kingdom|Iron Defense|p2a: Fallen Kingdom\n|-boost|p2a: Fallen Kingdom|def|2\n|\n|upkeep\n|turn|9\n|\n|t:|1700363328\n|move|p1a: GRASS GOD :3|Judgment|p2a: Fallen Kingdom\n|-supereffective|p2a: Fallen Kingdom\n|-damage|p2a: Fallen Kingdom|13\/100\n|move|p2a: Fallen Kingdom|Salt Cure|p1a: GRASS GOD :3\n|-damage|p1a: GRASS GOD :3|86\/100\n|-start|p1a: GRASS GOD :3|Salt Cure\n|\n|-heal|p2a: Fallen Kingdom|19\/100|[from] item: Leftovers\n|-damage|p1a: GRASS GOD :3|73\/100|[from] Salt Cure\n|upkeep\n|turn|10\n|\n|t:|1700363340\n|move|p2a: Fallen Kingdom|Protect|p2a: Fallen Kingdom\n|-singleturn|p2a: Fallen Kingdom|Protect\n|move|p1a: GRASS GOD :3|Judgment|p2a: Fallen Kingdom\n|-activate|p2a: Fallen Kingdom|move: Protect\n|\n|-heal|p2a: Fallen Kingdom|25\/100|[from] item: Leftovers\n|-damage|p1a: GRASS GOD :3|61\/100|[from] Salt Cure\n|upkeep\n|turn|11\n|c|\u2606grassGLEADER|nooo >.<\n|\n|t:|1700363356\n|move|p2a: Fallen Kingdom|Protect||[still]\n|-fail|p2a: Fallen Kingdom\n|move|p1a: GRASS GOD :3|Judgment|p2a: Fallen Kingdom\n|-supereffective|p2a: Fallen Kingdom\n|-damage|p2a: Fallen Kingdom|0 fnt\n|faint|p2a: Fallen Kingdom\n|\n|-damage|p1a: GRASS GOD :3|49\/100|[from] Salt Cure\n|upkeep\n|\n|t:|1700363368\n|switch|p2a: Hercu-lad|Palafin, M|100\/100\n|-activate|p2a: Hercu-lad|move: Sticky Web\n|-unboost|p2a: Hercu-lad|spe|1\n|turn|12\n|c|\u2606grassGLEADER|that twice protect\n|c|\u2606saru_bean|it never works it's okay\n|\n|t:|1700363388\n|switch|p1a: Little kitty|Meowscarada, F, shiny|81\/100\n|move|p2a: Hercu-lad|Close Combat|p1a: Little kitty\n|-supereffective|p1a: Little kitty\n|-damage|p1a: Little kitty|0 fnt\n|-unboost|p2a: Hercu-lad|def|1\n|-unboost|p2a: Hercu-lad|spd|1\n|faint|p1a: Little kitty\n|\n|upkeep\n|c|\u2606grassGLEADER|worth ;-;\n|\n|t:|1700363429\n|switch|p1a: APPLE PIE:D|Appletun, M|100\/100\n|turn|13\n|c|\u2606saru_bean|applie pie!!!!\n|c|\u2606saru_bean|my favorite actually\n|c|\u2606grassGLEADER|YEAH!!!\n|\n|t:|1700363445\n|move|p2a: Hercu-lad|Outrage|p1a: APPLE PIE:D\n|-supereffective|p1a: APPLE PIE:D\n|-damage|p1a: APPLE PIE:D|46\/100\n|-enditem|p1a: APPLE PIE:D|Weakness Policy\n|-boost|p1a: APPLE PIE:D|atk|2|[from] item: Weakness Policy\n|-boost|p1a: APPLE PIE:D|spa|2|[from] item: Weakness Policy\n|move|p1a: APPLE PIE:D|Apple Acid|p2a: Hercu-lad\n|-supereffective|p2a: Hercu-lad\n|-damage|p2a: Hercu-lad|0 fnt\n|faint|p2a: Hercu-lad\n|\n|upkeep\n|c|\u2606grassGLEADER|wait really :D\n|c|\u2606saru_bean|yeah!!\n|c|\u2606saru_bean|with a lil ice cream on it when the pie is warm\n|c|\u2606saru_bean|very yummy\n|\n|t:|1700363463\n|switch|p2a: Mother of 2|Dragapult, F, tera:Fairy|100\/100\n|-activate|p2a: Mother of 2|move: Sticky Web\n|-fail|p2a: Mother of 2|unboost|[from] item: Clear Amulet|[of] p2a: Mother of 2\n|turn|14\n|c|\u2606grassGLEADER|very :3\n|\n|t:|1700363474\n|-terastallize|p1a: APPLE PIE:D|Steel\n|move|p2a: Mother of 2|Dragon Darts|p1a: APPLE PIE:D\n|-resisted|p1a: APPLE PIE:D\n|-damage|p1a: APPLE PIE:D|32\/100\n|-anim|p2a: Mother of 2|Dragon Darts|p1a: APPLE PIE:D\n|-resisted|p1a: APPLE PIE:D\n|-damage|p1a: APPLE PIE:D|19\/100\n|move|p1a: APPLE PIE:D|Recover|p1a: APPLE PIE:D\n|-heal|p1a: APPLE PIE:D|69\/100\n|\n|upkeep\n|turn|15\n|c|\u2606grassGLEADER|OMG\n|\n|t:|1700363486\n|move|p2a: Mother of 2|Dragon Dance|p2a: Mother of 2\n|-boost|p2a: Mother of 2|atk|1\n|-boost|p2a: Mother of 2|spe|1\n|move|p1a: APPLE PIE:D|Apple Acid|p2a: Mother of 2\n|-damage|p2a: Mother of 2|0 fnt\n|faint|p2a: Mother of 2\n|\n|upkeep\n|\n|t:|1700363494\n|switch|p2a: Freddy Fastbear|Ursaluna-Bloodmoon, M|100\/100\n|-activate|p2a: Freddy Fastbear|move: Sticky Web\n|-unboost|p2a: Freddy Fastbear|spe|1\n|turn|16\n|\n|t:|1700363505\n|move|p1a: APPLE PIE:D|Protect|p1a: APPLE PIE:D\n|-singleturn|p1a: APPLE PIE:D|Protect\n|move|p2a: Freddy Fastbear|Focus Blast|p1a: APPLE PIE:D\n|-activate|p1a: APPLE PIE:D|move: Protect\n|\n|upkeep\n|turn|17\n|c|\u2606grassGLEADER|FREDDY LISTEN\n|c|\u2606saru_bean|har har har har har\n|\n|t:|1700363524\n|switch|p1a: GRASS GOD :3|Arceus-Grass, shiny|49\/100\n|move|p2a: Freddy Fastbear|Blood Moon|p1a: GRASS GOD :3\n|-damage|p1a: GRASS GOD :3|0 fnt\n|faint|p1a: GRASS GOD :3\n|\n|upkeep\n|c|\u2606saru_bean|har har har harhar\n|\n|t:|1700363536\n|switch|p1a: LAND 0.0|Torterra, M, shiny|100\/100\n|turn|18\n|\n|t:|1700363547\n|move|p1a: LAND 0.0|Shell Smash|p1a: LAND 0.0\n|-unboost|p1a: LAND 0.0|def|1\n|-unboost|p1a: LAND 0.0|spd|1\n|-boost|p1a: LAND 0.0|atk|2\n|-boost|p1a: LAND 0.0|spa|2\n|-boost|p1a: LAND 0.0|spe|2\n|move|p2a: Freddy Fastbear|Focus Blast|p1a: LAND 0.0|[miss]\n|-miss|p2a: Freddy Fastbear|p1a: LAND 0.0\n|\n|upkeep\n|turn|19\n|\n|t:|1700363557\n|move|p1a: LAND 0.0|Headlong Rush|p2a: Freddy Fastbear\n|-damage|p2a: Freddy Fastbear|19\/100\n|-unboost|p1a: LAND 0.0|def|1\n|-unboost|p1a: LAND 0.0|spd|1\n|move|p2a: Freddy Fastbear|Blood Moon|p1a: LAND 0.0\n|-damage|p1a: LAND 0.0|0 fnt\n|faint|p1a: LAND 0.0\n|\n|-heal|p2a: Freddy Fastbear|25\/100|[from] item: Leftovers\n|upkeep\n|c|\u2606grassGLEADER|. . .\n|c|\u2606grassGLEADER|what\n|c|\u2606grassGLEADER|oh freddy popping off\n|c|\u2606grassGLEADER|mb\n|c|\u2606saru_bean|I thought he would die fr\n|\n|t:|1700363581\n|switch|p1a: the MASK :|Ogerpon-Hearthflame, F|100\/100\n|-ability|p1a: the MASK :|Mold Breaker\n|turn|20\n|c|\u2606saru_bean|that's what damascus\n|c|\u2606saru_bean|that's what the point of damascus\n|\n|t:|1700363598\n|move|p1a: the MASK :|Knock Off|p2a: Freddy Fastbear\n|-damage|p2a: Freddy Fastbear|1\/100\n|-enditem|p2a: Freddy Fastbear|Leftovers|[from] move: Knock Off|[of] p1a: the MASK :\n|move|p2a: Freddy Fastbear|Earth Power|p1a: the MASK :\n|-damage|p1a: the MASK :|43\/100\n|\n|upkeep\n|turn|21\n|c|\u2606saru_bean|FREDDY??\n|c|\u2606grassGLEADER|FREDDY JUST DIE\n|\n|t:|1700363607\n|move|p1a: the MASK :|Knock Off|p2a: Freddy Fastbear\n|-damage|p2a: Freddy Fastbear|0 fnt\n|faint|p2a: Freddy Fastbear\n|\n|upkeep\n|\n|t:|1700363611\n|switch|p2a: The Last Ronin|Kingambit, M|100\/100\n|-activate|p2a: The Last Ronin|move: Sticky Web\n|-unboost|p2a: The Last Ronin|spe|1\n|-activate|p2a: The Last Ronin|ability: Supreme Overlord\n|-start|p2a: The Last Ronin|fallen5|[silent]\n|turn|22\n|c|\u2606grassGLEADER|DAMN\n|\n|t:|1700363619\n|move|p2a: The Last Ronin|Sucker Punch|p1a: the MASK :\n|-damage|p1a: the MASK :|0 fnt\n|faint|p1a: the MASK :\n|\n|upkeep\n|c|\u2606grassGLEADER|NOOO\n|\n|t:|1700363624\n|switch|p1a: APPLE PIE:D|Appletun, M, tera:Steel|69\/100\n|turn|23\n|c|\u2606grassGLEADER|LISTEN\n|c|\u2606grassGLEADER|OK\n|c|\u2606grassGLEADER|LISTEWN HEAR ME OUT\n|c|\u2606saru_bean|OKAY OKAY I'M LISTENING\n|c|\u2606grassGLEADER|how about you don't kill me\n|c|\u2606grassGLEADER|sound good\n|c|\u2606grassGLEADER|i agree\n|c|\u2606grassGLEADER|:3\n|c|\u2606saru_bean|omg how can I say no to that\n|c|\u2606saru_bean|okayyy :3\n|\n|t:|1700363690\n|move|p2a: The Last Ronin|Kowtow Cleave|p1a: APPLE PIE:D\n|-damage|p1a: APPLE PIE:D|5\/100\n|move|p1a: APPLE PIE:D|Apple Acid|p2a: The Last Ronin\n|-resisted|p2a: The Last Ronin\n|-damage|p2a: The Last Ronin|77\/100\n|-unboost|p2a: The Last Ronin|spd|1\n|\n|upkeep\n|turn|24\n|c|\u2606grassGLEADER|gulp\n|c|\u2606grassGLEADER|???\n|c|\u2606saru_bean|you are not dead\n|c|\u2606saru_bean|just simply closer\n|c|\u2606saru_bean|I have held my promise\n|c|\u2606grassGLEADER|no.\n|c|\u2606grassGLEADER|;-;\n|c|\u2606saru_bean|it is okay\n|c|\u2606grassGLEADER|wait lets talk about it\n|c|\u2606saru_bean|you've been a great opponent\n|c|\u2606saru_bean|I'm happy\n|c|\u2606grassGLEADER|i will. we all win\n|c|\u2606grassGLEADER|i win we all win\n|c|\u2606saru_bean|we will have apple pies together after this\n|c|\u2606saru_bean|win or lose\n|c|\u2606saru_bean|or in your case\n|\n|t:|1700363784\n|move|p1a: APPLE PIE:D|Protect|p1a: APPLE PIE:D\n|-singleturn|p1a: APPLE PIE:D|Protect\n|move|p2a: The Last Ronin|Kowtow Cleave|p1a: APPLE PIE:D\n|-activate|p1a: APPLE PIE:D|move: Protect\n|\n|upkeep\n|turn|25\n|c|\u2606grassGLEADER|in front of \"apple pie\"\n|c|\u2606saru_bean|yes\n|c|\u2606grassGLEADER|wow\n|c|\u2606saru_bean|I need the pie\n|\n|t:|1700363804\n|move|p2a: The Last Ronin|Kowtow Cleave|p1a: APPLE PIE:D\n|-damage|p1a: APPLE PIE:D|0 fnt\n|faint|p1a: APPLE PIE:D\n|\n|win|saru_bean\n|raw|grassGLEADER's rating: 1307 &rarr; <strong>1285<\/strong><br \/>(-22 for losing)\n|raw|saru_bean's rating: 1272 &rarr; <strong>1300<\/strong><br \/>(+28 for winning)\n","uploadtime":1700363609,"views":3,"p1id":"grassgleader","p2id":"sarubean","formatid":"gen9anythinggoes","rating":1285,"private":0,"password":""}