{"id":"gen9anythinggoes-1997007081","p1":"Yusuf3000","p2":"Zaack95","format":"[Gen 9] Anything Goes","log":"|j|\u2606Yusuf3000\n|j|\u2606Zaack95\n|t:|1700754988\n|gametype|singles\n|player|p1|Yusuf3000|waiter-gen4|\n|player|p2|Zaack95|101|\n|teamsize|p1|6\n|teamsize|p2|6\n|gen|9\n|tier|[Gen 9] Anything Goes\n|rule|HP Percentage Mod: HP is shown in percentages\n|rule|Endless Battle Clause: Forcing endless battles is banned\n|clearpoke\n|poke|p1|Clodsire, F|\n|poke|p1|Zoroark-Hisui, F|\n|poke|p1|Espeon, F|\n|poke|p1|Rillaboom, M|\n|poke|p1|Mimikyu, F|\n|poke|p1|Landorus-Therian, M|\n|poke|p2|Donphan, F|\n|poke|p2|Goodra, M|\n|poke|p2|Okidogi, M|\n|poke|p2|Pelipper, M|\n|poke|p2|Floatzel, F|\n|poke|p2|Shaymin|\n|teampreview\n|c|\u2606Yusuf3000|gl\n|c|\u2606Zaack95|dann gl hf\n|\n|t:|1700755055\n|start\n|switch|p1a: Landorus|Landorus-Therian, M|100\/100\n|switch|p2a: Shaymin|Shaymin|100\/100\n|-ability|p1a: Landorus|Intimidate|boost\n|-unboost|p2a: Shaymin|atk|1\n|turn|1\n|\n|t:|1700755081\n|move|p1a: Landorus|U-turn|p2a: Shaymin\n|-supereffective|p2a: Shaymin\n|-damage|p2a: Shaymin|62\/100\n|\n|t:|1700755099\n|switch|p1a: Clodsire|Clodsire, F|100\/100|[from] U-turn\n|move|p2a: Shaymin|Seed Flare|p1a: Clodsire\n|-damage|p1a: Clodsire|80\/100\n|\n|-heal|p2a: Shaymin|68\/100|[from] item: Leftovers\n|-heal|p1a: Clodsire|86\/100|[from] item: Leftovers\n|upkeep\n|turn|2\n|\n|t:|1700755151\n|switch|p1a: Landorus|Landorus-Therian, M|100\/100\n|-ability|p1a: Landorus|Intimidate|boost\n|-unboost|p2a: Shaymin|atk|1\n|move|p2a: Shaymin|Seed Flare|p1a: Landorus\n|-damage|p1a: Landorus|45\/100\n|\n|-heal|p2a: Shaymin|74\/100|[from] item: Leftovers\n|upkeep\n|turn|3\n|\n|t:|1700755178\n|move|p1a: Landorus|U-turn|p2a: Shaymin\n|-supereffective|p2a: Shaymin\n|-damage|p2a: Shaymin|40\/100\n|\n|t:|1700755182\n|switch|p1a: Clodsire|Clodsire, F|86\/100|[from] U-turn\n|move|p2a: Shaymin|Synthesis|p2a: Shaymin\n|-heal|p2a: Shaymin|90\/100\n|\n|-heal|p2a: Shaymin|96\/100|[from] item: Leftovers\n|-heal|p1a: Clodsire|92\/100|[from] item: Leftovers\n|upkeep\n|turn|4\n|\n|t:|1700755193\n|move|p2a: Shaymin|Earth Power|p1a: Clodsire\n|-supereffective|p1a: Clodsire\n|-damage|p1a: Clodsire|71\/100\n|move|p1a: Clodsire|Toxic Spikes|p2a: Shaymin\n|-sidestart|p2: Zaack95|move: Toxic Spikes\n|\n|-heal|p2a: Shaymin|100\/100|[from] item: Leftovers\n|-heal|p1a: Clodsire|78\/100|[from] item: Leftovers\n|upkeep\n|turn|5\n|\n|t:|1700755204\n|switch|p2a: Okidogi|Okidogi, M|100\/100\n|-sideend|p2: Zaack95|move: Toxic Spikes|[of] p2a: Okidogi\n|move|p1a: Clodsire|Toxic Spikes|p2a: Okidogi\n|-sidestart|p2: Zaack95|move: Toxic Spikes\n|\n|-heal|p1a: Clodsire|84\/100|[from] item: Leftovers\n|upkeep\n|turn|6\n|\n|t:|1700755212\n|move|p2a: Okidogi|Knock Off|p1a: Clodsire\n|-damage|p1a: Clodsire|44\/100\n|-enditem|p1a: Clodsire|Leftovers|[from] move: Knock Off|[of] p2a: Okidogi\n|move|p1a: Clodsire|Earthquake|p2a: Okidogi\n|-supereffective|p2a: Okidogi\n|-damage|p2a: Okidogi|54\/100\n|\n|upkeep\n|turn|7\n|\n|t:|1700755225\n|switch|p1a: Espeon|Espeon, F|100\/100\n|move|p2a: Okidogi|Ice Punch|p1a: Espeon\n|-crit|p1a: Espeon\n|-damage|p1a: Espeon|24\/100\n|\n|-heal|p1a: Espeon|31\/100|[from] item: Leftovers\n|upkeep\n|turn|8\n|\n|t:|1700755269\n|switch|p2a: Pelipper|Pelipper, M|100\/100\n|-weather|RainDance|[from] ability: Drizzle|[of] p2a: Pelipper\n|move|p1a: Espeon|Wish|p1a: Espeon\n|\n|-weather|RainDance|[upkeep]\n|-heal|p1a: Espeon|37\/100|[from] item: Leftovers\n|upkeep\n|turn|9\n|\n|t:|1700755292\n|-terastallize|p1a: Espeon|Fairy\n|move|p2a: Pelipper|U-turn|p1a: Espeon\n|-resisted|p1a: Espeon\n|-damage|p1a: Espeon|29\/100\n|\n|t:|1700755303\n|switch|p2a: Okidogi|Okidogi, M|54\/100|[from] U-turn\n|-sideend|p2: Zaack95|move: Toxic Spikes|[of] p2a: Okidogi\n|move|p1a: Espeon|Psyshock|p2a: Okidogi\n|-supereffective|p2a: Okidogi\n|-damage|p2a: Okidogi|0 fnt\n|faint|p2a: Okidogi\n|\n|-weather|RainDance|[upkeep]\n|-heal|p1a: Espeon|79\/100|[from] move: Wish|[wisher] Espeon\n|-heal|p1a: Espeon|85\/100|[from] item: Leftovers\n|upkeep\n|\n|t:|1700755330\n|switch|p2a: Floatzel|Floatzel, F|100\/100\n|turn|10\n|\n|t:|1700755343\n|move|p1a: Espeon|Protect|p1a: Espeon\n|-singleturn|p1a: Espeon|Protect\n|move|p2a: Floatzel|Ice Spinner|p1a: Espeon\n|-activate|p1a: Espeon|move: Protect\n|\n|-weather|RainDance|[upkeep]\n|-heal|p1a: Espeon|92\/100|[from] item: Leftovers\n|upkeep\n|turn|11\n|\n|t:|1700755380\n|move|p2a: Floatzel|Flip Turn|p1a: Espeon\n|-damage|p1a: Espeon|0 fnt\n|faint|p1a: Espeon\n|\n|t:|1700755395\n|switch|p2a: Donphan|Donphan, F|100\/100|[from] Flip Turn\n|\n|-weather|RainDance|[upkeep]\n|upkeep\n|\n|t:|1700755432\n|switch|p1a: Rillaboom|Rillaboom, M|100\/100\n|-fieldstart|move: Grassy Terrain|[from] ability: Grassy Surge|[of] p1a: Rillaboom\n|turn|12\n|\n|t:|1700755438\n|switch|p2a: Shaymin|Shaymin|100\/100\n|move|p1a: Rillaboom|Knock Off|p2a: Shaymin\n|-damage|p2a: Shaymin|78\/100\n|-enditem|p2a: Shaymin|Leftovers|[from] move: Knock Off|[of] p1a: Rillaboom\n|\n|-weather|none\n|-heal|p2a: Shaymin|84\/100|[from] Grassy Terrain\n|upkeep\n|turn|13\n|\n|t:|1700755473\n|switch|p1a: Clodsire|Clodsire, F|44\/100\n|move|p2a: Shaymin|Seed Flare|p1a: Clodsire\n|-damage|p1a: Clodsire|16\/100\n|\n|-heal|p2a: Shaymin|91\/100|[from] Grassy Terrain\n|-heal|p1a: Clodsire|22\/100|[from] Grassy Terrain\n|upkeep\n|turn|14\n|\n|t:|1700755493\n|switch|p1a: Rillaboom|Rillaboom, M|100\/100\n|move|p2a: Shaymin|Earth Power|p1a: Rillaboom\n|-resisted|p1a: Rillaboom\n|-damage|p1a: Rillaboom|93\/100\n|\n|-heal|p2a: Shaymin|97\/100|[from] Grassy Terrain\n|-heal|p1a: Rillaboom|99\/100|[from] Grassy Terrain\n|upkeep\n|turn|15\n|\n|t:|1700755505\n|move|p1a: Rillaboom|Fake Out|p2a: Shaymin\n|-damage|p2a: Shaymin|88\/100\n|cant|p2a: Shaymin|flinch\n|\n|-heal|p2a: Shaymin|94\/100|[from] Grassy Terrain\n|-heal|p1a: Rillaboom|100\/100|[from] Grassy Terrain\n|upkeep\n|turn|16\n|\n|t:|1700755518\n|move|p2a: Shaymin|Air Slash|p1a: Rillaboom\n|-supereffective|p1a: Rillaboom\n|-damage|p1a: Rillaboom|76\/100\n|move|p1a: Rillaboom|Knock Off|p2a: Shaymin\n|-damage|p2a: Shaymin|79\/100\n|\n|-heal|p2a: Shaymin|85\/100|[from] Grassy Terrain\n|-heal|p1a: Rillaboom|82\/100|[from] Grassy Terrain\n|-fieldend|move: Grassy Terrain\n|upkeep\n|turn|17\n|\n|t:|1700755558\n|switch|p1a: Clodsire|Clodsire, F|100\/100\n|move|p2a: Shaymin|Air Slash|p1a: Clodsire\n|-damage|p1a: Clodsire|66\/100\n|replace|p1a: Zoroark|Zoroark-Hisui, F\n|-end|p1a: Zoroark|Illusion\n|\n|upkeep\n|turn|18\n|\n|t:|1700755575\n|switch|p2a: Goodra|Goodra, M|100\/100\n|move|p1a: Zoroark|Shadow Ball|p2a: Goodra\n|-damage|p2a: Goodra|62\/100\n|-unboost|p2a: Goodra|spd|1\n|\n|-heal|p2a: Goodra|68\/100|[from] item: Leftovers\n|upkeep\n|turn|19\n|\n|t:|1700755622\n|-terastallize|p2a: Goodra|Water\n|move|p1a: Zoroark|Shadow Ball|p2a: Goodra\n|-damage|p2a: Goodra|7\/100\n|move|p2a: Goodra|Scald|p1a: Zoroark\n|-damage|p1a: Zoroark|4\/100\n|\n|-heal|p2a: Goodra|13\/100|[from] item: Leftovers\n|upkeep\n|turn|20\n|\n|t:|1700755638\n|move|p1a: Zoroark|Shadow Ball|p2a: Goodra\n|-damage|p2a: Goodra|0 fnt\n|faint|p2a: Goodra\n|\n|upkeep\n|\n|t:|1700755643\n|switch|p2a: Pelipper|Pelipper, M|100\/100\n|-weather|RainDance|[from] ability: Drizzle|[of] p2a: Pelipper\n|turn|21\n|\n|t:|1700755679\n|move|p2a: Pelipper|Ice Beam|p1a: Zoroark\n|-damage|p1a: Zoroark|0 fnt\n|faint|p1a: Zoroark\n|\n|-weather|RainDance|[upkeep]\n|upkeep\n|c|\u2606Yusuf3000|h\u00e4 wieso warst du jetzt schnelle\n|c|\u2606Zaack95|Geheimnis :D\n|\n|t:|1700755754\n|switch|p1a: Mimikyu|Mimikyu, F|100\/100\n|turn|22\n|\n|t:|1700755772\n|move|p2a: Pelipper|Ice Beam|p1a: Mimikyu\n|-activate|p1a: Mimikyu|ability: Disguise\n|-damage|p1a: Mimikyu|100\/100\n|detailschange|p1a: Mimikyu|Mimikyu-Busted, F\n|-damage|p1a: Mimikyu|88\/100|[from] pokemon: Mimikyu-Busted\n|-enditem|p1a: Mimikyu|Red Card|[of] p2a: Pelipper\n|drag|p2a: Floatzel|Floatzel, F|100\/100\n|move|p1a: Mimikyu|Swords Dance|p1a: Mimikyu\n|-boost|p1a: Mimikyu|atk|2\n|\n|-weather|RainDance|[upkeep]\n|upkeep\n|turn|23\n|\n|t:|1700755805\n|move|p1a: Mimikyu|Shadow Sneak|p2a: Floatzel\n|-damage|p2a: Floatzel|41\/100\n|move|p2a: Floatzel|Flip Turn|p1a: Mimikyu\n|-damage|p1a: Mimikyu|0 fnt\n|faint|p1a: Mimikyu\n|\n|t:|1700755824\n|switch|p2a: Shaymin|Shaymin|85\/100|[from] Flip Turn\n|\n|-weather|RainDance|[upkeep]\n|upkeep\n|\n|t:|1700755849\n|switch|p1a: Landorus|Landorus-Therian, M|45\/100\n|-ability|p1a: Landorus|Intimidate|boost\n|-unboost|p2a: Shaymin|atk|1\n|turn|24\n|\n|t:|1700755862\n|move|p1a: Landorus|Crunch|p2a: Shaymin\n|-damage|p2a: Shaymin|63\/100\n|-unboost|p2a: Shaymin|def|1\n|move|p2a: Shaymin|Seed Flare|p1a: Landorus\n|-damage|p1a: Landorus|0 fnt\n|faint|p1a: Landorus\n|\n|-weather|RainDance|[upkeep]\n|upkeep\n|\n|t:|1700755870\n|switch|p1a: Rillaboom|Rillaboom, M|82\/100\n|-fieldstart|move: Grassy Terrain|[from] ability: Grassy Surge|[of] p1a: Rillaboom\n|turn|25\n|\n|t:|1700755889\n|switch|p2a: Floatzel|Floatzel, F|41\/100\n|move|p1a: Rillaboom|Wood Hammer|p2a: Floatzel\n|-supereffective|p2a: Floatzel\n|-damage|p2a: Floatzel|0 fnt\n|faint|p2a: Floatzel\n|-damage|p1a: Rillaboom|70\/100|[from] Recoil\n|\n|-weather|none\n|-heal|p1a: Rillaboom|76\/100|[from] Grassy Terrain\n|upkeep\n|\n|t:|1700755916\n|switch|p2a: Pelipper|Pelipper, M|100\/100\n|-weather|RainDance|[from] ability: Drizzle|[of] p2a: Pelipper\n|turn|26\n|\n|t:|1700755924\n|switch|p1a: Clodsire|Clodsire, F|22\/100\n|move|p2a: Pelipper|Hurricane|p1a: Clodsire\n|-damage|p1a: Clodsire|0 fnt\n|faint|p1a: Clodsire\n|\n|-weather|RainDance|[upkeep]\n|upkeep\n|\n|t:|1700755929\n|switch|p1a: Rillaboom|Rillaboom, M|76\/100\n|turn|27\n|\n|t:|1700755933\n|move|p1a: Rillaboom|Fake Out|p2a: Pelipper\n|-crit|p2a: Pelipper\n|-damage|p2a: Pelipper|71\/100\n|cant|p2a: Pelipper|flinch\n|\n|-weather|RainDance|[upkeep]\n|-heal|p1a: Rillaboom|82\/100|[from] Grassy Terrain\n|upkeep\n|turn|28\n|\n|t:|1700755941\n|move|p1a: Rillaboom|Grassy Glide|p2a: Pelipper\n|-damage|p2a: Pelipper|23\/100\n|move|p2a: Pelipper|Hurricane|p1a: Rillaboom\n|-supereffective|p1a: Rillaboom\n|-damage|p1a: Rillaboom|17\/100\n|\n|-weather|RainDance|[upkeep]\n|-heal|p1a: Rillaboom|23\/100|[from] Grassy Terrain\n|upkeep\n|turn|29\n|\n|t:|1700755950\n|move|p1a: Rillaboom|Grassy Glide|p2a: Pelipper\n|-damage|p2a: Pelipper|0 fnt\n|faint|p2a: Pelipper\n|\n|-weather|RainDance|[upkeep]\n|-heal|p1a: Rillaboom|29\/100|[from] Grassy Terrain\n|-fieldend|move: Grassy Terrain\n|upkeep\n|\n|t:|1700755963\n|switch|p2a: Donphan|Donphan, F|100\/100\n|turn|30\n|\n|t:|1700755966\n|move|p1a: Rillaboom|Wood Hammer|p2a: Donphan\n|-supereffective|p2a: Donphan\n|-ability|p2a: Donphan|Sturdy\n|-damage|p2a: Donphan|1\/100\n|-damage|p1a: Rillaboom|0 fnt|[from] Recoil\n|faint|p1a: Rillaboom\n|\n|win|Zaack95\n|c|\u2606Zaack95|gg\n|c|\u2606Yusuf3000|gg\n|c|\u2606Zaack95|Pelipper war scarf\n","uploadtime":1700755981,"views":4,"p1id":"yusuf3000","p2id":"zaack95","formatid":"gen9anythinggoes","rating":0,"private":0,"password":""}