{"id":"gen9anythinggoes-1983909433","p1":"eavo x","p2":"WhyisMewtwosoweak","format":"[Gen 9] Anything Goes","log":"|j|\u2606eavo x\n|j|\u2606WhyisMewtwosoweak\n|t:|1699198854\n|gametype|singles\n|player|p1|eavo x|erika-gen2|1556\n|player|p2|WhyisMewtwosoweak|unknown|1747\n|teamsize|p1|6\n|teamsize|p2|6\n|gen|9\n|tier|[Gen 9] Anything Goes\n|rated|\n|rule|HP Percentage Mod: HP is shown in percentages\n|rule|Endless Battle Clause: Forcing endless battles is banned\n|clearpoke\n|poke|p1|Kingambit, F|\n|poke|p1|Ting-Lu|\n|poke|p1|Eternatus|\n|poke|p1|Calyrex-Shadow|\n|poke|p1|Landorus-Therian, M|\n|poke|p1|Koraidon|\n|poke|p2|Miraidon|\n|poke|p2|Koraidon|\n|poke|p2|Samurott-Hisui, M|\n|poke|p2|Ceruledge, F|\n|poke|p2|Zacian-*|\n|poke|p2|Donphan, F|\n|teampreview\n|inactive|Battle timer is ON: inactive players will automatically lose when time's up. (requested by eavo x)\n|inactive|WhyisMewtwosoweak also wants the timer to be on.\n|l|\u2606eavo x\n|inactive|eavo x disconnected and has a minute to reconnect!\n|player|p1|\n|j|\u2606eavo x\n|inactive|eavo x reconnected and has 135 seconds left.\n|player|p1|eavo x|erika-gen2\n|inactive|WhyisMewtwosoweak has 120 seconds left.\n|\n|t:|1699198886\n|start\n|switch|p1a: The Dark Horse|Calyrex-Shadow|100\/100\n|switch|p2a: Donphan|Donphan, F|100\/100\n|-ability|p1a: The Dark Horse|As One\n|-ability|p1a: The Dark Horse|Unnerve\n|turn|1\n|\n|t:|1699198891\n|move|p1a: The Dark Horse|Grass Knot|p2a: Donphan\n|-supereffective|p2a: Donphan\n|-ability|p2a: Donphan|Sturdy\n|-damage|p2a: Donphan|1\/100\n|move|p2a: Donphan|Stealth Rock|p1a: The Dark Horse\n|-sidestart|p1: eavo x|move: Stealth Rock\n|\n|upkeep\n|turn|2\n|\n|t:|1699198896\n|move|p1a: The Dark Horse|Grass Knot|p2a: Donphan\n|-supereffective|p2a: Donphan\n|-damage|p2a: Donphan|0 fnt\n|faint|p2a: Donphan\n|-ability|p1a: The Dark Horse|Grim Neigh|boost\n|-boost|p1a: The Dark Horse|spa|1\n|\n|upkeep\n|\n|t:|1699198899\n|switch|p2a: Samurott|Samurott-Hisui, M|100\/100\n|turn|3\n|\n|t:|1699198901\n|-terastallize|p1a: The Dark Horse|Grass\n|move|p1a: The Dark Horse|Grass Knot|p2a: Samurott\n|-supereffective|p2a: Samurott\n|-enditem|p2a: Samurott|Focus Sash\n|-damage|p2a: Samurott|1\/100\n|move|p2a: Samurott|Ceaseless Edge|p1a: The Dark Horse\n|-damage|p1a: The Dark Horse|51\/100\n|-sidestart|p1: eavo x|Spikes\n|\n|upkeep\n|turn|4\n|\n|t:|1699198910\n|move|p2a: Samurott|Sucker Punch|p1a: The Dark Horse\n|-damage|p1a: The Dark Horse|9\/100\n|move|p1a: The Dark Horse|Grass Knot|p2a: Samurott\n|-supereffective|p2a: Samurott\n|-damage|p2a: Samurott|0 fnt\n|faint|p2a: Samurott\n|-ability|p1a: The Dark Horse|Grim Neigh|boost\n|-boost|p1a: The Dark Horse|spa|1\n|\n|upkeep\n|\n|t:|1699198913\n|switch|p2a: Ceruledge|Ceruledge, F, shiny|100\/100\n|turn|5\n|\n|t:|1699198922\n|switch|p1a: In The Clouds|Landorus-Therian, M, shiny|100\/100\n|-damage|p1a: In The Clouds|88\/100|[from] Stealth Rock\n|-ability|p1a: In The Clouds|Intimidate|boost\n|-unboost|p2a: Ceruledge|atk|1\n|move|p2a: Ceruledge|Shadow Sneak|p1a: In The Clouds\n|-damage|p1a: In The Clouds|74\/100\n|-damage|p2a: Ceruledge|84\/100|[from] item: Rocky Helmet|[of] p1a: In The Clouds\n|-damage|p2a: Ceruledge|74\/100|[from] item: Life Orb\n|\n|upkeep\n|turn|6\n|\n|t:|1699198928\n|-terastallize|p2a: Ceruledge|Ghost\n|move|p2a: Ceruledge|Swords Dance|p2a: Ceruledge\n|-boost|p2a: Ceruledge|atk|2\n|move|p1a: In The Clouds|Earthquake|p2a: Ceruledge\n|-damage|p2a: Ceruledge|11\/100\n|-ability|p2a: Ceruledge|Weak Armor|boost\n|-unboost|p2a: Ceruledge|def|1\n|-boost|p2a: Ceruledge|spe|2\n|\n|upkeep\n|turn|7\n|\n|t:|1699198944\n|move|p2a: Ceruledge|Bitter Blade|p1a: In The Clouds\n|-damage|p1a: In The Clouds|9\/100\n|-heal|p2a: Ceruledge|51\/100|[from] drain|[of] p1a: In The Clouds\n|-damage|p2a: Ceruledge|34\/100|[from] item: Rocky Helmet|[of] p1a: In The Clouds\n|-damage|p2a: Ceruledge|25\/100|[from] item: Life Orb\n|move|p1a: In The Clouds|Stealth Rock|p2a: Ceruledge\n|-sidestart|p2: WhyisMewtwosoweak|move: Stealth Rock\n|\n|upkeep\n|turn|8\n|\n|t:|1699198955\n|move|p2a: Ceruledge|Bitter Blade|p1a: In The Clouds\n|-damage|p1a: In The Clouds|0 fnt\n|-heal|p2a: Ceruledge|30\/100|[from] drain|[of] p1a: In The Clouds\n|-damage|p2a: Ceruledge|13\/100|[from] item: Rocky Helmet|[of] p1a: In The Clouds\n|faint|p1a: In The Clouds\n|-damage|p2a: Ceruledge|3\/100|[from] item: Life Orb\n|\n|upkeep\n|\n|t:|1699198977\n|switch|p1a: The Botez Gambit|Kingambit, F, shiny|100\/100\n|-damage|p1a: The Botez Gambit|94\/100|[from] Stealth Rock\n|-damage|p1a: The Botez Gambit|82\/100|[from] Spikes\n|-activate|p1a: The Botez Gambit|ability: Supreme Overlord\n|-start|p1a: The Botez Gambit|fallen1|[silent]\n|turn|9\n|\n|t:|1699198984\n|move|p1a: The Botez Gambit|Sucker Punch||[still]\n|-fail|p1a: The Botez Gambit\n|move|p2a: Ceruledge|Swords Dance|p2a: Ceruledge\n|-boost|p2a: Ceruledge|atk|2\n|\n|-heal|p1a: The Botez Gambit|88\/100|[from] item: Leftovers\n|upkeep\n|turn|10\n|\n|t:|1699198987\n|move|p1a: The Botez Gambit|Sucker Punch||[still]\n|-fail|p1a: The Botez Gambit\n|move|p2a: Ceruledge|Swords Dance|p2a: Ceruledge\n|-boost|p2a: Ceruledge|atk|2\n|\n|-heal|p1a: The Botez Gambit|94\/100|[from] item: Leftovers\n|upkeep\n|turn|11\n|\n|t:|1699198989\n|move|p1a: The Botez Gambit|Sucker Punch||[still]\n|-fail|p1a: The Botez Gambit\n|move|p2a: Ceruledge|Swords Dance|p2a: Ceruledge\n|-boost|p2a: Ceruledge|atk|1\n|\n|-heal|p1a: The Botez Gambit|99\/100|[from] item: Leftovers\n|upkeep\n|turn|12\n|\n|t:|1699198991\n|move|p1a: The Botez Gambit|Sucker Punch||[still]\n|-fail|p1a: The Botez Gambit\n|move|p2a: Ceruledge|Swords Dance|p2a: Ceruledge\n|-boost|p2a: Ceruledge|atk|0\n|\n|-heal|p1a: The Botez Gambit|100\/100|[from] item: Leftovers\n|upkeep\n|turn|13\n|\n|t:|1699198992\n|move|p2a: Ceruledge|Swords Dance|p2a: Ceruledge\n|-boost|p2a: Ceruledge|atk|0\n|move|p1a: The Botez Gambit|Kowtow Cleave|p2a: Ceruledge\n|-supereffective|p2a: Ceruledge\n|-damage|p2a: Ceruledge|0 fnt\n|faint|p2a: Ceruledge\n|\n|upkeep\n|c|\u2606WhyisMewtwosoweak|aww\n|\n|t:|1699198996\n|switch|p2a: Koraidon|Koraidon|100\/100\n|-damage|p2a: Koraidon|94\/100|[from] Stealth Rock\n|-weather|SunnyDay|[from] ability: Orichalcum Pulse|[of] p2a: Koraidon\n|-activate|p2a: Koraidon|Orichalcum Pulse|[source]\n|turn|14\n|c|\u2606eavo x|was kinda obvious at that point\n|\n|t:|1699199010\n|-end|p1a: The Botez Gambit|fallen1|[silent]\n|switch|p1a: The Dark Horse|Calyrex-Shadow, tera:Grass|9\/100\n|-ability|p1a: The Dark Horse|As One\n|-ability|p1a: The Dark Horse|Unnerve\n|move|p2a: Koraidon|Swords Dance|p2a: Koraidon\n|-boost|p2a: Koraidon|atk|2\n|\n|-weather|SunnyDay|[upkeep]\n|upkeep\n|turn|15\n|c|\u2606WhyisMewtwosoweak|fair\n|\n|t:|1699199022\n|move|p1a: The Dark Horse|Encore|p2a: Koraidon\n|-start|p2a: Koraidon|Encore\n|move|p2a: Koraidon|Swords Dance|p2a: Koraidon\n|-boost|p2a: Koraidon|atk|2\n|\n|-weather|SunnyDay|[upkeep]\n|upkeep\n|turn|16\n|\n|t:|1699199025\n|switch|p2a: Miraidon|Miraidon|100\/100\n|-damage|p2a: Miraidon|88\/100|[from] Stealth Rock\n|-fieldstart|move: Electric Terrain|[from] ability: Hadron Engine|[of] p2a: Miraidon\n|move|p1a: The Dark Horse|Astral Barrage|p2a: Miraidon\n|-damage|p2a: Miraidon|25\/100\n|\n|-weather|SunnyDay|[upkeep]\n|upkeep\n|turn|17\n|\n|t:|1699199033\n|switch|p1a: Desert Anchor|Ting-Lu|100\/100\n|-damage|p1a: Desert Anchor|94\/100|[from] Stealth Rock\n|-damage|p1a: Desert Anchor|82\/100|[from] Spikes\n|-ability|p1a: Desert Anchor|Vessel of Ruin\n|move|p2a: Miraidon|U-turn|p1a: Desert Anchor\n|-supereffective|p1a: Desert Anchor\n|-crit|p1a: Desert Anchor\n|-damage|p1a: Desert Anchor|62\/100\n|\n|t:|1699199040\n|switch|p2a: Koraidon|Koraidon|94\/100|[from] U-turn\n|-damage|p2a: Koraidon|88\/100|[from] Stealth Rock\n|-activate|p2a: Koraidon|ability: Orichalcum Pulse\n|\n|-weather|SunnyDay|[upkeep]\n|-heal|p1a: Desert Anchor|68\/100|[from] item: Leftovers\n|upkeep\n|turn|18\n|\n|t:|1699199044\n|move|p2a: Koraidon|Scale Shot|p1a: Desert Anchor\n|-damage|p1a: Desert Anchor|58\/100\n|-damage|p1a: Desert Anchor|49\/100\n|-damage|p1a: Desert Anchor|38\/100\n|-damage|p1a: Desert Anchor|29\/100\n|-hitcount|p1a: Desert Anchor|4\n|-unboost|p2a: Koraidon|def|1\n|-boost|p2a: Koraidon|spe|1\n|move|p1a: Desert Anchor|Whirlwind|p2a: Koraidon\n|drag|p2a: Miraidon|Miraidon|25\/100\n|-damage|p2a: Miraidon|12\/100|[from] Stealth Rock\n|-activate|p2a: Miraidon|ability: Hadron Engine\n|\n|-weather|none\n|-heal|p1a: Desert Anchor|35\/100|[from] item: Leftovers\n|upkeep\n|turn|19\n|j| laprasplayer\n|\n|t:|1699199049\n|move|p2a: Miraidon|U-turn|p1a: Desert Anchor\n|-supereffective|p1a: Desert Anchor\n|-damage|p1a: Desert Anchor|22\/100\n|\n|t:|1699199052\n|switch|p2a: Zacian|Zacian-Crowned, shiny|100\/100|[from] U-turn\n|-damage|p2a: Zacian|94\/100|[from] Stealth Rock\n|-ability|p2a: Zacian|Intrepid Sword|boost\n|-boost|p2a: Zacian|atk|1\n|move|p1a: Desert Anchor|Spikes|p2a: Zacian\n|-sidestart|p2: WhyisMewtwosoweak|Spikes\n|\n|-heal|p1a: Desert Anchor|28\/100|[from] item: Leftovers\n|upkeep\n|turn|20\n|\n|t:|1699199061\n|move|p2a: Zacian|Trailblaze|p1a: Desert Anchor\n|-supereffective|p1a: Desert Anchor\n|-damage|p1a: Desert Anchor|0 fnt\n|-boost|p2a: Zacian|spe|1\n|faint|p1a: Desert Anchor\n|\n|-fieldend|move: Electric Terrain\n|upkeep\n|\n|t:|1699199069\n|switch|p1a: Eternal Suffering|Eternatus, shiny|100\/100\n|-ability|p1a: Eternal Suffering|Pressure\n|turn|21\n|inactive|WhyisMewtwosoweak has 120 seconds left.\n|\n|t:|1699199126\n|move|p2a: Zacian|Swords Dance|p2a: Zacian\n|-boost|p2a: Zacian|atk|2\n|move|p1a: Eternal Suffering|Flamethrower|p2a: Zacian\n|-supereffective|p2a: Zacian\n|-crit|p2a: Zacian\n|-damage|p2a: Zacian|24\/100\n|\n|upkeep\n|turn|22\n|\n|t:|1699199131\n|move|p2a: Zacian|Behemoth Blade|p1a: Eternal Suffering\n|-damage|p1a: Eternal Suffering|0 fnt\n|faint|p1a: Eternal Suffering\n|\n|upkeep\n|\n|t:|1699199138\n|switch|p1a: The Dark Horse|Calyrex-Shadow, tera:Grass|9\/100\n|-ability|p1a: The Dark Horse|As One\n|-ability|p1a: The Dark Horse|Unnerve\n|turn|23\n|\n|t:|1699199141\n|move|p2a: Zacian|Trailblaze|p1a: The Dark Horse\n|-resisted|p1a: The Dark Horse\n|-damage|p1a: The Dark Horse|0 fnt\n|-boost|p2a: Zacian|spe|1\n|faint|p1a: The Dark Horse\n|\n|upkeep\n|\n|t:|1699199143\n|switch|p1a: The Botez Gambit|Kingambit, F, shiny|100\/100\n|-damage|p1a: The Botez Gambit|94\/100|[from] Stealth Rock\n|-damage|p1a: The Botez Gambit|82\/100|[from] Spikes\n|-activate|p1a: The Botez Gambit|ability: Supreme Overlord\n|-start|p1a: The Botez Gambit|fallen4|[silent]\n|turn|24\n|\n|t:|1699199148\n|move|p1a: The Botez Gambit|Sucker Punch||[still]\n|-fail|p1a: The Botez Gambit\n|move|p2a: Zacian|Swords Dance|p2a: Zacian\n|-boost|p2a: Zacian|atk|2\n|\n|-heal|p1a: The Botez Gambit|88\/100|[from] item: Leftovers\n|upkeep\n|turn|25\n|\n|t:|1699199150\n|move|p1a: The Botez Gambit|Sucker Punch||[still]\n|-fail|p1a: The Botez Gambit\n|move|p2a: Zacian|Swords Dance|p2a: Zacian\n|-boost|p2a: Zacian|atk|1\n|\n|-heal|p1a: The Botez Gambit|94\/100|[from] item: Leftovers\n|upkeep\n|turn|26\n|\n|t:|1699199153\n|move|p1a: The Botez Gambit|Sucker Punch|p2a: Zacian\n|-resisted|p2a: Zacian\n|-damage|p2a: Zacian|2\/100\n|move|p2a: Zacian|Trailblaze|p1a: The Botez Gambit\n|-resisted|p1a: The Botez Gambit\n|-damage|p1a: The Botez Gambit|62\/100\n|-boost|p2a: Zacian|spe|1\n|\n|-heal|p1a: The Botez Gambit|68\/100|[from] item: Leftovers\n|upkeep\n|turn|27\n|\n|t:|1699199159\n|move|p2a: Zacian|Play Rough|p1a: The Botez Gambit\n|-damage|p1a: The Botez Gambit|0 fnt\n|faint|p1a: The Botez Gambit\n|-end|p1a: The Botez Gambit|fallen4|[silent]\n|\n|upkeep\n|c|\u2606WhyisMewtwosoweak|rip\n|\n|t:|1699199161\n|switch|p1a: Featured Today|Koraidon|100\/100\n|-damage|p1a: Featured Today|94\/100|[from] Stealth Rock\n|-damage|p1a: Featured Today|82\/100|[from] Spikes\n|-weather|SunnyDay|[from] ability: Orichalcum Pulse|[of] p1a: Featured Today\n|-activate|p1a: Featured Today|Orichalcum Pulse|[source]\n|turn|28\n|c|\u2606eavo x|bro really clicked prough at the last one\n|inactive|WhyisMewtwosoweak has 120 seconds left.\n|c|\u2606WhyisMewtwosoweak|Lol\n|\n|t:|1699199201\n|move|p2a: Zacian|Play Rough|p1a: Featured Today\n|-supereffective|p1a: Featured Today\n|-damage|p1a: Featured Today|0 fnt\n|faint|p1a: Featured Today\n|\n|win|WhyisMewtwosoweak\n|raw|eavo x's rating: 1556 &rarr; <strong>1546<\/strong><br \/>(-10 for losing)\n|raw|WhyisMewtwosoweak's rating: 1747 &rarr; <strong>1757<\/strong><br \/>(+10 for winning)\n|c|\u2606eavo x|e\n|l|\u2606eavo x\n|c|\u2606WhyisMewtwosoweak|The reverse psychology\n","uploadtime":1699199248,"views":2,"p1id":"eavox","p2id":"whyismewtwosoweak","formatid":"gen9anythinggoes","rating":1546,"private":0,"password":""}