{"id":"gen9anythinggoes-1986887049","p1":"laprasplayer","p2":"AceKing14","format":"[Gen 9] Anything Goes","log":"|j|\u2606laprasplayer\n|j|\u2606AceKing14\n|inactive|Battle timer is ON: inactive players will automatically lose when time's up.\n|t:|1699537916\n|gametype|singles\n|player|p1|laprasplayer|hanbei-conquest|\n|player|p2|AceKing14|hilbert-wonderlauncher|\n|teamsize|p1|6\n|teamsize|p2|6\n|gen|9\n|tier|[Gen 9] Anything Goes\n|rated|Tournament battle\n|rule|HP Percentage Mod: HP is shown in percentages\n|rule|Endless Battle Clause: Forcing endless battles is banned\n|clearpoke\n|poke|p1|Mandibuzz, F|\n|poke|p1|Gliscor, M|\n|poke|p1|Blissey, F|\n|poke|p1|Alomomola, F|\n|poke|p1|Clodsire, F|\n|poke|p1|Dondozo, F|\n|poke|p2|Koraidon|\n|poke|p2|Giratina-Origin|\n|poke|p2|Arceus-Fairy|\n|poke|p2|Flutter Mane|\n|poke|p2|Arceus-Ghost|\n|poke|p2|Arceus|\n|teampreview\n|inactive|AceKing14 also wants the timer to be on.\n|j| ZowwyCafe\u2764\n|c|\u2606AceKing14|hf\n|c|\u2606laprasplayer|hf\n|j|+Primordiallite\n|\n|t:|1699537930\n|start\n|switch|p1a: Malevolent Shrine|Gliscor, M, shiny|100\/100\n|switch|p2a: Arceus|Arceus-Fairy|100\/100\n|turn|1\n|\n|t:|1699537932\n|move|p2a: Arceus|Taunt|p1a: Malevolent Shrine\n|-start|p1a: Malevolent Shrine|move: Taunt\n|cant|p1a: Malevolent Shrine|move: Taunt|Toxic\n|\n|-status|p1a: Malevolent Shrine|tox|[from] item: Toxic Orb\n|upkeep\n|turn|2\n|\n|t:|1699537938\n|switch|p1a: Only Chance|Clodsire, F|100\/100\n|move|p2a: Arceus|Calm Mind|p2a: Arceus\n|-boost|p2a: Arceus|spa|1\n|-boost|p2a: Arceus|spd|1\n|\n|upkeep\n|turn|3\n|\n|t:|1699537945\n|-terastallize|p2a: Arceus|Steel\n|move|p2a: Arceus|Taunt|p1a: Only Chance\n|-start|p1a: Only Chance|move: Taunt\n|move|p1a: Only Chance|Poison Jab|p2a: Arceus\n|-immune|p2a: Arceus\n|\n|upkeep\n|turn|4\n|c|+Primordiallite|Imagine if fairy wisped turn 1\n|\n|t:|1699537950\n|move|p2a: Arceus|Judgment|p1a: Only Chance\n|-resisted|p1a: Only Chance\n|-damage|p1a: Only Chance|87\/100\n|move|p1a: Only Chance|Earthquake|p2a: Arceus\n|-supereffective|p2a: Arceus\n|-damage|p2a: Arceus|69\/100\n|\n|upkeep\n|turn|5\n|c| ZowwyCafe\u2764|lappy why didnt you protect o_o\n|c|\u2606laprasplayer|nice tera\n|c| ZowwyCafe\u2764|yea\n|c|\u2606AceKing14|I was not thinking right there\n|c|\u2606laprasplayer|Ptect is an obvious move\n|inactive|laprasplayer has 120 seconds left.\n|\n|t:|1699537980\n|move|p2a: Arceus|Judgment|p1a: Only Chance\n|-resisted|p1a: Only Chance\n|-damage|p1a: Only Chance|71\/100\n|move|p1a: Only Chance|Poison Jab|p2a: Arceus\n|-immune|p2a: Arceus\n|\n|-end|p1a: Only Chance|move: Taunt\n|upkeep\n|turn|6\n|c| ZowwyCafe\u2764|bruh, wisp is so threatening\n|\n|t:|1699537986\n|move|p2a: Arceus|Taunt|p1a: Only Chance\n|-start|p1a: Only Chance|move: Taunt\n|move|p1a: Only Chance|Earthquake|p2a: Arceus\n|-supereffective|p2a: Arceus\n|-damage|p2a: Arceus|35\/100\n|\n|upkeep\n|turn|7\n|c| ZowwyCafe\u2764|ro gliscor\n|c| ZowwyCafe\u2764|to*\n|\n|t:|1699537990\n|move|p2a: Arceus|Recover|p2a: Arceus\n|-heal|p2a: Arceus|85\/100\n|move|p1a: Only Chance|Earthquake|p2a: Arceus\n|-supereffective|p2a: Arceus\n|-damage|p2a: Arceus|52\/100\n|\n|upkeep\n|turn|8\n|\n|t:|1699537995\n|switch|p2a: Koraidon|Koraidon|100\/100\n|-weather|SunnyDay|[from] ability: Orichalcum Pulse|[of] p2a: Koraidon\n|-activate|p2a: Koraidon|Orichalcum Pulse|[source]\n|move|p1a: Only Chance|Earthquake|p2a: Koraidon\n|-damage|p2a: Koraidon|77\/100\n|\n|-weather|SunnyDay|[upkeep]\n|-end|p1a: Only Chance|move: Taunt\n|upkeep\n|turn|9\n|\n|t:|1699538002\n|switch|p2a: Flutter Mane|Flutter Mane|100\/100\n|-activate|p2a: Flutter Mane|ability: Protosynthesis\n|-start|p2a: Flutter Mane|protosynthesisspe\n|switch|p1a: Malevolent Shrine|Gliscor, M, shiny|100\/100 tox\n|\n|-weather|SunnyDay|[upkeep]\n|upkeep\n|turn|10\n|\n|t:|1699538005\n|move|p1a: Malevolent Shrine|Protect|p1a: Malevolent Shrine\n|-singleturn|p1a: Malevolent Shrine|Protect\n|move|p2a: Flutter Mane|Moonblast|p1a: Malevolent Shrine\n|-activate|p1a: Malevolent Shrine|move: Protect\n|\n|-weather|SunnyDay|[upkeep]\n|upkeep\n|turn|11\n|\n|t:|1699538016\n|move|p2a: Flutter Mane|Moonblast|p1a: Malevolent Shrine\n|-damage|p1a: Malevolent Shrine|23\/100 tox\n|-damage|p2a: Flutter Mane|91\/100|[from] item: Life Orb\n|move|p1a: Malevolent Shrine|Toxic|p2a: Flutter Mane\n|-status|p2a: Flutter Mane|tox\n|\n|-weather|SunnyDay|[upkeep]\n|-damage|p2a: Flutter Mane|85\/100 tox|[from] psn\n|-heal|p1a: Malevolent Shrine|36\/100 tox|[from] ability: Poison Heal\n|upkeep\n|turn|12\n|j|%Adhiraj8202\n|\n|t:|1699538025\n|-end|p2a: Flutter Mane|Protosynthesis|[silent]\n|switch|p2a: Arceus|Arceus-Ghost|100\/100\n|move|p1a: Malevolent Shrine|Protect||[still]\n|-fail|p1a: Malevolent Shrine\n|\n|-weather|none\n|-heal|p1a: Malevolent Shrine|48\/100 tox|[from] ability: Poison Heal\n|upkeep\n|turn|13\n|c|\u2606laprasplayer|I did the headcalc\n|c|\u2606laprasplayer|uwu\n|\n|t:|1699538029\n|switch|p1a: Den of The Lost|Mandibuzz, F|100\/100\n|move|p2a: Arceus|Hex|p1a: Den of The Lost\n|-resisted|p1a: Den of The Lost\n|-damage|p1a: Den of The Lost|90\/100\n|\n|upkeep\n|turn|14\n|\n|t:|1699538033\n|move|p2a: Arceus|Will-O-Wisp|p1a: Den of The Lost\n|-status|p1a: Den of The Lost|brn\n|move|p1a: Den of The Lost|Toxic|p2a: Arceus\n|-status|p2a: Arceus|tox\n|\n|-damage|p2a: Arceus|94\/100 tox|[from] psn\n|-damage|p1a: Den of The Lost|84\/100 brn|[from] brn\n|upkeep\n|turn|15\n|\n|t:|1699538054\n|move|p2a: Arceus|Stealth Rock|p1a: Den of The Lost\n|-sidestart|p1: laprasplayer|move: Stealth Rock\n|move|p1a: Den of The Lost|Toxic|p2a: Arceus\n|-fail|p2a: Arceus|tox\n|\n|-damage|p2a: Arceus|82\/100 tox|[from] psn\n|-damage|p1a: Den of The Lost|77\/100 brn|[from] brn\n|upkeep\n|turn|16\n|\n|t:|1699538061\n|move|p2a: Arceus|Hex|p1a: Den of The Lost\n|-resisted|p1a: Den of The Lost\n|-damage|p1a: Den of The Lost|56\/100 brn\n|move|p1a: Den of The Lost|Toxic|p2a: Arceus\n|-fail|p2a: Arceus|tox\n|\n|-damage|p2a: Arceus|64\/100 tox|[from] psn\n|-damage|p1a: Den of The Lost|50\/100 brn|[from] brn\n|upkeep\n|turn|17\n|\n|t:|1699538065\n|switch|p2a: Flutter Mane|Flutter Mane|85\/100 tox\n|move|p1a: Den of The Lost|Roost|p1a: Den of The Lost\n|-heal|p1a: Den of The Lost|99\/100 brn\n|-singleturn|p1a: Den of The Lost|move: Roost\n|\n|-damage|p2a: Flutter Mane|79\/100 tox|[from] psn\n|-damage|p1a: Den of The Lost|94\/100 brn|[from] brn\n|upkeep\n|turn|18\n|\n|t:|1699538072\n|switch|p1a: Soothing Wetlands|Blissey, F|100\/100\n|move|p2a: Flutter Mane|Moonblast|p1a: Soothing Wetlands\n|-damage|p1a: Soothing Wetlands|80\/100\n|-damage|p2a: Flutter Mane|69\/100 tox|[from] item: Life Orb\n|\n|-damage|p2a: Flutter Mane|57\/100 tox|[from] psn\n|upkeep\n|turn|19\n|\n|t:|1699538078\n|-end|p2a: Flutter Mane|Protosynthesis|[silent]\n|switch|p2a: Koraidon|Koraidon|77\/100\n|-weather|SunnyDay|[from] ability: Orichalcum Pulse|[of] p2a: Koraidon\n|-activate|p2a: Koraidon|Orichalcum Pulse|[source]\n|move|p1a: Soothing Wetlands|Shadow Ball|p2a: Koraidon\n|-damage|p2a: Koraidon|61\/100\n|\n|-weather|SunnyDay|[upkeep]\n|upkeep\n|turn|20\n|l|%Adhiraj8202\n|\n|t:|1699538089\n|switch|p2a: Flutter Mane|Flutter Mane|57\/100 tox\n|-activate|p2a: Flutter Mane|ability: Protosynthesis\n|-start|p2a: Flutter Mane|protosynthesisspe\n|switch|p1a: Wishing Stars|Alomomola, F|100\/100\n|\n|-weather|SunnyDay|[upkeep]\n|-damage|p2a: Flutter Mane|51\/100 tox|[from] psn\n|upkeep\n|turn|21\n|\n|t:|1699538091\n|move|p1a: Wishing Stars|Protect|p1a: Wishing Stars\n|-singleturn|p1a: Wishing Stars|Protect\n|move|p2a: Flutter Mane|Thunderbolt|p1a: Wishing Stars\n|-activate|p1a: Wishing Stars|move: Protect\n|\n|-weather|SunnyDay|[upkeep]\n|-damage|p2a: Flutter Mane|39\/100 tox|[from] psn\n|upkeep\n|turn|22\n|\n|t:|1699538098\n|move|p2a: Flutter Mane|Moonblast|p1a: Wishing Stars\n|-damage|p1a: Wishing Stars|25\/100\n|-unboost|p1a: Wishing Stars|spa|1\n|-damage|p2a: Flutter Mane|29\/100 tox|[from] item: Life Orb\n|move|p1a: Wishing Stars|Wish|p1a: Wishing Stars\n|\n|-weather|SunnyDay|[upkeep]\n|-damage|p2a: Flutter Mane|11\/100 tox|[from] psn\n|upkeep\n|turn|23\n|\n|t:|1699538105\n|-end|p2a: Flutter Mane|Protosynthesis|[silent]\n|switch|p2a: Arceus|Arceus-Fairy, tera:Steel|52\/100\n|move|p1a: Wishing Stars|Protect||[still]\n|-fail|p1a: Wishing Stars\n|\n|-weather|none\n|-heal|p1a: Wishing Stars|75\/100|[from] move: Wish|[wisher] Wishing Stars\n|upkeep\n|turn|24\n|\n|t:|1699538108\n|move|p2a: Arceus|Taunt|p1a: Wishing Stars\n|-start|p1a: Wishing Stars|move: Taunt\n|cant|p1a: Wishing Stars|move: Taunt|Wish\n|\n|upkeep\n|turn|25\n|\n|t:|1699538113\n|switch|p1a: Only Chance|Clodsire, F|71\/100\n|move|p2a: Arceus|Judgment|p1a: Only Chance\n|-resisted|p1a: Only Chance\n|-damage|p1a: Only Chance|57\/100\n|\n|upkeep\n|turn|26\n|\n|t:|1699538116\n|move|p2a: Arceus|Taunt|p1a: Only Chance\n|-start|p1a: Only Chance|move: Taunt\n|move|p1a: Only Chance|Earthquake|p2a: Arceus\n|-supereffective|p2a: Arceus\n|-damage|p2a: Arceus|21\/100\n|\n|upkeep\n|turn|27\n|\n|t:|1699538118\n|move|p2a: Arceus|Recover|p2a: Arceus\n|-heal|p2a: Arceus|71\/100\n|move|p1a: Only Chance|Earthquake|p2a: Arceus\n|-supereffective|p2a: Arceus\n|-damage|p2a: Arceus|40\/100\n|\n|upkeep\n|turn|28\n|\n|t:|1699538121\n|switch|p2a: Koraidon|Koraidon|61\/100\n|-weather|SunnyDay|[from] ability: Orichalcum Pulse|[of] p2a: Koraidon\n|-activate|p2a: Koraidon|Orichalcum Pulse|[source]\n|move|p1a: Only Chance|Earthquake|p2a: Koraidon\n|-crit|p2a: Koraidon\n|-damage|p2a: Koraidon|24\/100\n|\n|-weather|SunnyDay|[upkeep]\n|-end|p1a: Only Chance|move: Taunt\n|upkeep\n|turn|29\n|\n|t:|1699538128\n|switch|p1a: Wishing Stars|Alomomola, F|100\/100\n|move|p2a: Koraidon|Outrage|p1a: Wishing Stars\n|-damage|p1a: Wishing Stars|54\/100\n|\n|-weather|SunnyDay|[upkeep]\n|upkeep\n|turn|30\n|\n|t:|1699538131\n|move|p2a: Koraidon|Outrage|p1a: Wishing Stars|[from]lockedmove\n|-damage|p1a: Wishing Stars|9\/100\n|move|p1a: Wishing Stars|Wish|p1a: Wishing Stars\n|\n|-weather|SunnyDay|[upkeep]\n|upkeep\n|turn|31\n|c|+Primordiallite|This game is so joever\n|\n|t:|1699538134\n|move|p1a: Wishing Stars|Protect|p1a: Wishing Stars\n|-singleturn|p1a: Wishing Stars|Protect\n|move|p2a: Koraidon|Outrage|p1a: Wishing Stars|[from]lockedmove\n|-activate|p1a: Wishing Stars|move: Protect\n|-start|p2a: Koraidon|confusion|[fatigue]\n|\n|-weather|SunnyDay|[upkeep]\n|-heal|p1a: Wishing Stars|59\/100|[from] move: Wish|[wisher] Wishing Stars\n|upkeep\n|turn|32\n|\n|t:|1699538141\n|-activate|p2a: Koraidon|confusion\n|move|p2a: Koraidon|Outrage|p1a: Wishing Stars\n|-damage|p1a: Wishing Stars|16\/100\n|move|p1a: Wishing Stars|Wish|p1a: Wishing Stars\n|\n|-weather|none\n|upkeep\n|turn|33\n|l| ZowwyCafe\u2764\n|\n|t:|1699538146\n|move|p1a: Wishing Stars|Protect|p1a: Wishing Stars\n|-singleturn|p1a: Wishing Stars|Protect\n|-end|p2a: Koraidon|confusion\n|move|p2a: Koraidon|Outrage|p1a: Wishing Stars|[from]lockedmove\n|-activate|p1a: Wishing Stars|move: Protect\n|-start|p2a: Koraidon|confusion|[fatigue]\n|\n|-heal|p1a: Wishing Stars|66\/100|[from] move: Wish|[wisher] Wishing Stars\n|upkeep\n|turn|34\n|\n|t:|1699538149\n|-activate|p2a: Koraidon|confusion\n|move|p2a: Koraidon|Outrage|p1a: Wishing Stars\n|-damage|p1a: Wishing Stars|34\/100\n|move|p1a: Wishing Stars|Wish|p1a: Wishing Stars\n|\n|upkeep\n|turn|35\n|\n|t:|1699538153\n|move|p1a: Wishing Stars|Protect|p1a: Wishing Stars\n|-singleturn|p1a: Wishing Stars|Protect\n|-end|p2a: Koraidon|confusion\n|move|p2a: Koraidon|Outrage|p1a: Wishing Stars|[from]lockedmove\n|-activate|p1a: Wishing Stars|move: Protect\n|\n|-heal|p1a: Wishing Stars|84\/100|[from] move: Wish|[wisher] Wishing Stars\n|upkeep\n|turn|36\n|\n|t:|1699538156\n|switch|p2a: Flutter Mane|Flutter Mane|11\/100 tox\n|move|p1a: Wishing Stars|Wish|p1a: Wishing Stars\n|\n|-damage|p2a: Flutter Mane|5\/100 tox|[from] psn\n|upkeep\n|turn|37\n|\n|t:|1699538163\n|-end|p2a: Flutter Mane|Protosynthesis|[silent]\n|switch|p2a: Arceus|Arceus-Fairy, tera:Steel|40\/100\n|switch|p1a: Only Chance|Clodsire, F|57\/100\n|\n|-heal|p1a: Only Chance|100\/100|[from] move: Wish|[wisher] Wishing Stars\n|upkeep\n|turn|38\n|c|\u2606AceKing14|well\n|c|\u2606AceKing14|gg\n|j| ZowwyCafe\u2764\n|-message|AceKing14 forfeited.\n|\n|win|laprasplayer\n|n|\u2606laprasplayer|laprasplayer\n|n|\u2606AceKing14|aceking14\n|n| Primordiallite|primordiallite\n|n| ZowwyCafe\u2764|zowwycafe\n","uploadtime":1699538173,"views":66,"p1id":"laprasplayer","p2id":"aceking14","formatid":"gen9anythinggoes","rating":0,"private":0,"password":""}