{"id":"gen9anythinggoes-1991944598","p1":"Sargenbob","p2":"DannyLikesGaming","format":"[Gen 9] Anything Goes","log":"|j|\u2606Sargenbob\n|j|\u2606DannyLikesGaming\n|t:|1700141100\n|gametype|singles\n|player|p1|Sargenbob|red|1141\n|player|p2|DannyLikesGaming|youngster-gen4dp|1175\n|teamsize|p1|6\n|teamsize|p2|6\n|gen|9\n|tier|[Gen 9] Anything Goes\n|rated|\n|rule|HP Percentage Mod: HP is shown in percentages\n|rule|Endless Battle Clause: Forcing endless battles is banned\n|clearpoke\n|poke|p1|Koraidon|\n|poke|p1|Flutter Mane|\n|poke|p1|Wo-Chien|\n|poke|p1|Calyrex-Shadow|\n|poke|p1|Zoroark-Hisui, M|\n|poke|p1|Skeledirge, M|\n|poke|p2|Drifblim, M|\n|poke|p2|Furret, M|\n|poke|p2|Calyrex-Shadow|\n|poke|p2|Venomoth, F|\n|poke|p2|Amoonguss, M|\n|poke|p2|Ditto|\n|teampreview\n|inactive|Battle timer is ON: inactive players will automatically lose when time's up. (requested by Sargenbob)\n|\n|t:|1700141111\n|start\n|switch|p1a: Jon|Wo-Chien|100\/100\n|switch|p2a: Drifblim|Drifblim, M|100\/100\n|-ability|p1a: Jon|Tablets of Ruin\n|turn|1\n|\n|t:|1700141117\n|move|p2a: Drifblim|Minimize|p2a: Drifblim\n|-boost|p2a: Drifblim|evasion|2\n|move|p1a: Jon|Knock Off|p2a: Drifblim\n|-supereffective|p2a: Drifblim\n|-damage|p2a: Drifblim|27\/100\n|-enditem|p2a: Drifblim|Focus Sash|[from] move: Knock Off|[of] p1a: Jon\n|\n|upkeep\n|turn|2\n|\n|t:|1700141124\n|move|p2a: Drifblim|Minimize|p2a: Drifblim\n|-boost|p2a: Drifblim|evasion|2\n|move|p1a: Jon|Knock Off|p2a: Drifblim|[miss]\n|-miss|p1a: Jon|p2a: Drifblim\n|\n|upkeep\n|turn|3\n|\n|t:|1700141130\n|move|p2a: Drifblim|Minimize|p2a: Drifblim\n|-boost|p2a: Drifblim|evasion|2\n|move|p1a: Jon|Knock Off|p2a: Drifblim\n|-supereffective|p2a: Drifblim\n|-damage|p2a: Drifblim|0 fnt\n|faint|p2a: Drifblim\n|\n|upkeep\n|\n|t:|1700141146\n|switch|p2a: Ditto|Ditto|100\/100\n|-transform|p2a: Ditto|p1a: Jon|[from] ability: Imposter\n|-ability|p2a: Ditto|Tablets of Ruin\n|turn|4\n|\n|t:|1700141159\n|switch|p1a: Oliver|Koraidon|100\/100\n|-weather|SunnyDay|[from] ability: Orichalcum Pulse|[of] p1a: Oliver\n|-activate|p1a: Oliver|Orichalcum Pulse|[source]\n|move|p2a: Ditto|Leech Seed|p1a: Oliver\n|-start|p1a: Oliver|move: Leech Seed\n|\n|-weather|SunnyDay|[upkeep]\n|-damage|p1a: Oliver|88\/100|[from] Leech Seed|[of] p2a: Ditto\n|upkeep\n|turn|5\n|\n|t:|1700141172\n|move|p1a: Oliver|Collision Course|p2a: Ditto\n|-supereffective|p2a: Ditto\n|-enditem|p2a: Ditto|Focus Sash\n|-damage|p2a: Ditto|1\/100\n|move|p2a: Ditto|Knock Off|p1a: Oliver\n|-resisted|p1a: Oliver\n|-damage|p1a: Oliver|75\/100\n|-enditem|p1a: Oliver|Leftovers|[from] move: Knock Off|[of] p2a: Ditto\n|\n|-weather|SunnyDay|[upkeep]\n|-damage|p1a: Oliver|63\/100|[from] Leech Seed|[of] p2a: Ditto\n|-heal|p2a: Ditto|16\/100|[silent]\n|upkeep\n|turn|6\n|\n|t:|1700141187\n|move|p2a: Ditto|Protect|p2a: Ditto\n|-singleturn|p2a: Ditto|Protect\n|move|p1a: Oliver|Swords Dance|p1a: Oliver\n|-boost|p1a: Oliver|atk|2\n|\n|-weather|SunnyDay|[upkeep]\n|-damage|p1a: Oliver|51\/100|[from] Leech Seed|[of] p2a: Ditto\n|-heal|p2a: Ditto|30\/100|[silent]\n|upkeep\n|turn|7\n|\n|t:|1700141194\n|move|p1a: Oliver|Flame Charge|p2a: Ditto\n|-supereffective|p2a: Ditto\n|-damage|p2a: Ditto|0 fnt\n|-boost|p1a: Oliver|spe|1\n|faint|p2a: Ditto\n|\n|-weather|SunnyDay|[upkeep]\n|upkeep\n|\n|t:|1700141204\n|switch|p2a: Venomoth|Venomoth, F|100\/100\n|turn|8\n|\n|t:|1700141208\n|move|p1a: Oliver|Flame Charge|p2a: Venomoth\n|-supereffective|p2a: Venomoth\n|-damage|p2a: Venomoth|0 fnt\n|-boost|p1a: Oliver|spe|1\n|faint|p2a: Venomoth\n|\n|-weather|none\n|upkeep\n|\n|t:|1700141230\n|switch|p2a: Amoonguss|Amoonguss, M|100\/100\n|turn|9\n|\n|t:|1700141234\n|move|p1a: Oliver|Flame Charge|p2a: Amoonguss\n|-supereffective|p2a: Amoonguss\n|-damage|p2a: Amoonguss|33\/100\n|-boost|p1a: Oliver|spe|1\n|move|p2a: Amoonguss|Clear Smog|p1a: Oliver\n|-damage|p1a: Oliver|38\/100\n|-clearboost|p1a: Oliver\n|\n|-heal|p2a: Amoonguss|39\/100|[from] item: Leftovers\n|-damage|p1a: Oliver|26\/100|[from] Leech Seed|[of] p2a: Amoonguss\n|-heal|p2a: Amoonguss|49\/100|[silent]\n|upkeep\n|turn|10\n|\n|t:|1700141248\n|move|p1a: Oliver|Flame Charge|p2a: Amoonguss\n|-supereffective|p2a: Amoonguss\n|-damage|p2a: Amoonguss|15\/100\n|-boost|p1a: Oliver|spe|1\n|move|p2a: Amoonguss|Spore|p1a: Oliver\n|-status|p1a: Oliver|slp|[from] move: Spore\n|\n|-heal|p2a: Amoonguss|21\/100|[from] item: Leftovers\n|-damage|p1a: Oliver|13\/100 slp|[from] Leech Seed|[of] p2a: Amoonguss\n|-heal|p2a: Amoonguss|32\/100|[silent]\n|upkeep\n|turn|11\n|\n|t:|1700141262\n|switch|p1a: Jon|Wo-Chien|100\/100\n|-ability|p1a: Jon|Tablets of Ruin\n|move|p2a: Amoonguss|Clear Smog|p1a: Jon\n|-supereffective|p1a: Jon\n|-damage|p1a: Jon|78\/100\n|-clearboost|p1a: Jon\n|\n|-heal|p1a: Jon|84\/100|[from] item: Leftovers\n|-heal|p2a: Amoonguss|38\/100|[from] item: Leftovers\n|upkeep\n|turn|12\n|\n|t:|1700141274\n|move|p1a: Jon|Knock Off|p2a: Amoonguss\n|-damage|p2a: Amoonguss|7\/100\n|-enditem|p2a: Amoonguss|Leftovers|[from] move: Knock Off|[of] p1a: Jon\n|move|p2a: Amoonguss|Spore|p1a: Jon\n|-immune|p1a: Jon\n|\n|-heal|p1a: Jon|90\/100|[from] item: Leftovers\n|upkeep\n|turn|13\n|\n|t:|1700141287\n|switch|p2a: Calyrex|Calyrex-Shadow|100\/100\n|-ability|p2a: Calyrex|As One\n|-ability|p2a: Calyrex|Unnerve\n|move|p1a: Jon|Knock Off|p2a: Calyrex\n|-supereffective|p2a: Calyrex\n|-damage|p2a: Calyrex|0 fnt\n|-enditem|p2a: Calyrex|Leftovers|[from] move: Knock Off|[of] p1a: Jon\n|faint|p2a: Calyrex\n|\n|-heal|p1a: Jon|96\/100|[from] item: Leftovers\n|upkeep\n|c|\u2606DannyLikesGaming|wat!!!\n|\n|t:|1700141301\n|switch|p2a: Furret|Furret, M|100\/100\n|-item|p1a: Jon|Leftovers|[from] ability: Frisk|[of] p2a: Furret|[identify]\n|turn|14\n|c|\u2606Sargenbob|spore doesn't work on grass types\n|\n|t:|1700141310\n|move|p1a: Jon|Knock Off|p2a: Furret\n|-damage|p2a: Furret|63\/100\n|-enditem|p2a: Furret|Leftovers|[from] move: Knock Off|[of] p1a: Jon\n|move|p2a: Furret|Coil|p2a: Furret\n|-boost|p2a: Furret|atk|1\n|-boost|p2a: Furret|def|1\n|-boost|p2a: Furret|accuracy|1\n|\n|-heal|p1a: Jon|100\/100|[from] item: Leftovers\n|upkeep\n|turn|15\n|\n|t:|1700141336\n|move|p1a: Jon|Leech Seed|p2a: Furret\n|-start|p2a: Furret|move: Leech Seed\n|move|p2a: Furret|Coil|p2a: Furret\n|-boost|p2a: Furret|atk|1\n|-boost|p2a: Furret|def|1\n|-boost|p2a: Furret|accuracy|1\n|\n|-damage|p2a: Furret|50\/100|[from] Leech Seed|[of] p1a: Jon\n|upkeep\n|turn|16\n|\n|t:|1700141344\n|move|p1a: Jon|Substitute|p1a: Jon\n|-start|p1a: Jon|Substitute\n|-damage|p1a: Jon|75\/100\n|move|p2a: Furret|Grass Knot|p1a: Jon\n|-resisted|p1a: Jon\n|-activate|p1a: Jon|move: Substitute|[damage]\n|\n|-heal|p1a: Jon|82\/100|[from] item: Leftovers\n|-damage|p2a: Furret|38\/100|[from] Leech Seed|[of] p1a: Jon\n|-heal|p1a: Jon|95\/100|[silent]\n|upkeep\n|turn|17\n|\n|t:|1700141353\n|switch|p2a: Amoonguss|Amoonguss, M|40\/100\n|move|p1a: Jon|Knock Off|p2a: Amoonguss\n|-damage|p2a: Amoonguss|19\/100\n|\n|-heal|p1a: Jon|100\/100|[from] item: Leftovers\n|upkeep\n|turn|18\n|\n|t:|1700141370\n|-terastallize|p2a: Amoonguss|Water\n|move|p2a: Amoonguss|Protect|p2a: Amoonguss\n|-singleturn|p2a: Amoonguss|Protect\n|move|p1a: Jon|Knock Off|p2a: Amoonguss\n|-activate|p2a: Amoonguss|move: Protect\n|\n|upkeep\n|turn|19\n|\n|t:|1700141382\n|move|p2a: Amoonguss|Protect|p2a: Amoonguss\n|-singleturn|p2a: Amoonguss|Protect\n|move|p1a: Jon|Knock Off|p2a: Amoonguss\n|-activate|p2a: Amoonguss|move: Protect\n|\n|upkeep\n|turn|20\n|\n|t:|1700141388\n|move|p2a: Amoonguss|Protect||[still]\n|-fail|p2a: Amoonguss\n|move|p1a: Jon|Knock Off|p2a: Amoonguss\n|-damage|p2a: Amoonguss|0 fnt\n|faint|p2a: Amoonguss\n|\n|upkeep\n|c|\u2606Sargenbob|bro stop spamming protect\n|\n|t:|1700141395\n|switch|p2a: Furret|Furret, M|38\/100\n|-item|p1a: Jon|Leftovers|[from] ability: Frisk|[of] p2a: Furret|[identify]\n|turn|21\n|\n|t:|1700141404\n|move|p1a: Jon|Leech Seed|p2a: Furret\n|-start|p2a: Furret|move: Leech Seed\n|move|p2a: Furret|Grass Knot|p1a: Jon\n|-resisted|p1a: Jon\n|-activate|p1a: Jon|move: Substitute|[damage]\n|\n|-damage|p2a: Furret|26\/100|[from] Leech Seed|[of] p1a: Jon\n|upkeep\n|turn|22\n|\n|t:|1700141411\n|move|p1a: Jon|Knock Off|p2a: Furret\n|-damage|p2a: Furret|1\/100\n|move|p2a: Furret|Grass Knot|p1a: Jon\n|-resisted|p1a: Jon\n|-activate|p1a: Jon|move: Substitute|[damage]\n|\n|-damage|p2a: Furret|0 fnt|[from] Leech Seed|[of] p1a: Jon\n|faint|p2a: Furret\n|\n|win|Sargenbob\n|upkeep\n|raw|Sargenbob's rating: 1141 &rarr; <strong>1168<\/strong><br \/>(+27 for winning)\n|raw|DannyLikesGaming's rating: 1175 &rarr; <strong>1148<\/strong><br \/>(-27 for losing)\n|c|\u2606Sargenbob|gg\n","uploadtime":1700141424,"views":3,"p1id":"sargenbob","p2id":"dannylikesgaming","formatid":"gen9anythinggoes","rating":1148,"private":0,"password":""}