{"id":"gen9anythinggoes-1981904649","p1":"Danepass","p2":"Rinkusu12","format":"[Gen 9] Anything Goes","log":"|j|\u2606Danepass\n|j|\u2606Rinkusu12\n|t:|1698950517\n|gametype|singles\n|player|p1|Danepass|depotagent|\n|player|p2|Rinkusu12|265|\n|teamsize|p1|6\n|teamsize|p2|6\n|gen|9\n|tier|[Gen 9] Anything Goes\n|rule|HP Percentage Mod: HP is shown in percentages\n|rule|Endless Battle Clause: Forcing endless battles is banned\n|clearpoke\n|poke|p1|Ogerpon-Hearthflame, F|\n|poke|p1|Samurott, M|\n|poke|p1|Garchomp, M|\n|poke|p1|Bellibolt, M|\n|poke|p1|Muk, M|\n|poke|p1|Illumise, F|\n|poke|p2|Gholdengo|\n|poke|p2|Zoroark-Hisui, F|\n|poke|p2|Landorus-Therian, M|\n|poke|p2|Toxapex, F|\n|poke|p2|Eelektross, M|\n|poke|p2|Cinderace, M|\n|teampreview\n|c|\u2606Danepass|Buena suerte\n|\n|t:|1698950561\n|start\n|switch|p1a: Holocausto|Ogerpon-Hearthflame, F|100\/100\n|switch|p2a: Cinderace|Cinderace, M|100\/100\n|-ability|p1a: Holocausto|Mold Breaker\n|turn|1\n|\n|t:|1698950579\n|move|p2a: Cinderace|Gunk Shot|p1a: Holocausto\n|-start|p2a: Cinderace|typechange|Poison|[from] ability: Libero\n|-supereffective|p1a: Holocausto\n|-damage|p1a: Holocausto|0 fnt\n|faint|p1a: Holocausto\n|\n|upkeep\n|\n|t:|1698950601\n|switch|p1a: Pal\u00edndromo|Muk, M, shiny|100\/100\n|turn|2\n|\n|t:|1698950607\n|move|p2a: Cinderace|U-turn|p1a: Pal\u00edndromo\n|-resisted|p1a: Pal\u00edndromo\n|-damage|p1a: Pal\u00edndromo|89\/100\n|\n|t:|1698950613\n|switch|p2a: Landorus|Landorus-Therian, M|100\/100|[from] U-turn\n|-ability|p2a: Landorus|Intimidate|boost\n|-unboost|p1a: Pal\u00edndromo|atk|1\n|move|p1a: Pal\u00edndromo|Knock Off|p2a: Landorus\n|-damage|p2a: Landorus|78\/100\n|-enditem|p2a: Landorus|Leftovers|[from] move: Knock Off|[of] p1a: Pal\u00edndromo\n|\n|upkeep\n|turn|3\n|\n|t:|1698950631\n|switch|p1a: Shogun|Samurott, M, shiny|100\/100\n|move|p2a: Landorus|Stealth Rock|p1a: Shogun\n|-sidestart|p1: Danepass|move: Stealth Rock\n|\n|upkeep\n|turn|4\n|\n|t:|1698950645\n|switch|p2a: Toxapex|Toxapex, F|100\/100\n|move|p1a: Shogun|Ice Beam|p2a: Toxapex\n|-resisted|p2a: Toxapex\n|-damage|p2a: Toxapex|89\/100\n|\n|-heal|p2a: Toxapex|96\/100|[from] item: Black Sludge\n|upkeep\n|turn|5\n|\n|t:|1698950654\n|switch|p1a: Street Shark|Garchomp, M|100\/100\n|-damage|p1a: Street Shark|94\/100|[from] Stealth Rock\n|move|p2a: Toxapex|Toxic Spikes|p1a: Street Shark\n|-sidestart|p1: Danepass|move: Toxic Spikes\n|\n|-heal|p2a: Toxapex|100\/100|[from] item: Black Sludge\n|upkeep\n|turn|6\n|\n|t:|1698950688\n|move|p1a: Street Shark|Swords Dance|p1a: Street Shark\n|-boost|p1a: Street Shark|atk|2\n|move|p2a: Toxapex|Toxic Spikes|p1a: Street Shark\n|-sidestart|p1: Danepass|move: Toxic Spikes\n|\n|upkeep\n|turn|7\n|\n|t:|1698950699\n|move|p1a: Street Shark|Liquidation|p2a: Toxapex\n|-resisted|p2a: Toxapex\n|-damage|p2a: Toxapex|78\/100\n|-damage|p1a: Street Shark|85\/100|[from] item: Life Orb\n|move|p2a: Toxapex|Haze|p2a: Toxapex\n|-clearallboost\n|\n|-heal|p2a: Toxapex|84\/100|[from] item: Black Sludge\n|upkeep\n|turn|8\n|\n|t:|1698950709\n|move|p1a: Street Shark|Earthquake|p2a: Toxapex\n|-supereffective|p2a: Toxapex\n|-damage|p2a: Toxapex|2\/100\n|-damage|p1a: Street Shark|75\/100|[from] item: Life Orb\n|move|p2a: Toxapex|Surf|p1a: Street Shark\n|-damage|p1a: Street Shark|55\/100\n|\n|-heal|p2a: Toxapex|8\/100|[from] item: Black Sludge\n|upkeep\n|turn|9\n|\n|t:|1698950724\n|switch|p2a: Eelektross|Eelektross, M|100\/100\n|move|p1a: Street Shark|Liquidation|p2a: Eelektross\n|-damage|p2a: Eelektross|61\/100\n|-damage|p1a: Street Shark|45\/100|[from] item: Life Orb\n|\n|upkeep\n|turn|10\n|\n|t:|1698950738\n|switch|p1a: Pal\u00edndromo|Muk, M, shiny|89\/100\n|-damage|p1a: Pal\u00edndromo|77\/100|[from] Stealth Rock\n|-sideend|p1: Danepass|move: Toxic Spikes|[of] p1a: Pal\u00edndromo\n|move|p2a: Eelektross|Giga Drain|p1a: Pal\u00edndromo\n|-resisted|p1a: Pal\u00edndromo\n|-damage|p1a: Pal\u00edndromo|67\/100\n|-heal|p2a: Eelektross|67\/100|[from] drain|[of] p1a: Pal\u00edndromo\n|\n|upkeep\n|turn|11\n|\n|t:|1698950768\n|switch|p2a: Landorus|Landorus-Therian, M|78\/100\n|-ability|p2a: Landorus|Intimidate|boost\n|-unboost|p1a: Pal\u00edndromo|atk|1\n|move|p1a: Pal\u00edndromo|Knock Off|p2a: Landorus\n|-damage|p2a: Landorus|64\/100\n|\n|upkeep\n|turn|12\n|\n|t:|1698950781\n|switch|p1a: Nikocado|Bellibolt, M, shiny|100\/100\n|-damage|p1a: Nikocado|88\/100|[from] Stealth Rock\n|move|p2a: Landorus|U-turn|p1a: Nikocado\n|-damage|p1a: Nikocado|68\/100\n|-start|p1a: Nikocado|Charge|U-turn|[from] ability: Electromorphosis\n|\n|t:|1698950810\n|switch|p2a: Cinderace|Cinderace, M|100\/100|[from] U-turn\n|\n|upkeep\n|turn|13\n|\n|t:|1698950828\n|move|p2a: Cinderace|Shadow Ball|p1a: Nikocado\n|-damage|p1a: Nikocado|32\/100\n|-start|p1a: Nikocado|Charge|Shadow Ball|[from] ability: Electromorphosis\n|move|p1a: Nikocado|Thunderbolt|p2a: Cinderace\n|-damage|p2a: Cinderace|0 fnt\n|replace|p2a: Zoroark|Zoroark-Hisui, F\n|-end|p2a: Zoroark|Illusion\n|faint|p2a: Zoroark\n|-end|p1a: Nikocado|Charge|[silent]\n|\n|upkeep\n|\n|t:|1698950848\n|switch|p2a: Gholdengo|Gholdengo|100\/100\n|turn|14\n|\n|t:|1698950863\n|move|p2a: Gholdengo|Make It Rain|p1a: Nikocado\n|-resisted|p1a: Nikocado\n|-damage|p1a: Nikocado|10\/100\n|-unboost|p2a: Gholdengo|spa|1\n|-start|p1a: Nikocado|Charge|Make It Rain|[from] ability: Electromorphosis\n|move|p1a: Nikocado|Volt Switch|p2a: Gholdengo\n|-damage|p2a: Gholdengo|18\/100\n|-end|p1a: Nikocado|Charge|[silent]\n|\n|t:|1698950881\n|switch|p1a: Shogun|Samurott, M, shiny|100\/100|[from] Volt Switch\n|-damage|p1a: Shogun|88\/100|[from] Stealth Rock\n|\n|upkeep\n|turn|15\n|\n|t:|1698950889\n|switch|p2a: Toxapex|Toxapex, F|41\/100\n|move|p1a: Shogun|Surf|p2a: Toxapex\n|-resisted|p2a: Toxapex\n|-damage|p2a: Toxapex|25\/100\n|\n|-heal|p2a: Toxapex|31\/100|[from] item: Black Sludge\n|upkeep\n|turn|16\n|\n|t:|1698950900\n|switch|p1a: Street Shark|Garchomp, M|45\/100\n|-damage|p1a: Street Shark|39\/100|[from] Stealth Rock\n|move|p2a: Toxapex|Recover|p2a: Toxapex\n|-heal|p2a: Toxapex|81\/100\n|\n|-heal|p2a: Toxapex|87\/100|[from] item: Black Sludge\n|upkeep\n|turn|17\n|\n|t:|1698950914\n|move|p1a: Street Shark|Liquidation|p2a: Toxapex\n|-resisted|p2a: Toxapex\n|-damage|p2a: Toxapex|75\/100\n|-damage|p1a: Street Shark|29\/100|[from] item: Life Orb\n|move|p2a: Toxapex|Surf|p1a: Street Shark\n|-damage|p1a: Street Shark|11\/100\n|\n|-heal|p2a: Toxapex|82\/100|[from] item: Black Sludge\n|upkeep\n|turn|18\n|\n|t:|1698950924\n|move|p1a: Street Shark|Earthquake|p2a: Toxapex\n|-supereffective|p2a: Toxapex\n|-damage|p2a: Toxapex|0 fnt\n|faint|p2a: Toxapex\n|-damage|p1a: Street Shark|1\/100|[from] item: Life Orb\n|\n|upkeep\n|\n|t:|1698950940\n|switch|p2a: Cinderace|Cinderace, M|100\/100\n|turn|19\n|\n|t:|1698950950\n|move|p2a: Cinderace|U-turn|p1a: Street Shark\n|-start|p2a: Cinderace|typechange|Bug|[from] ability: Libero\n|-damage|p1a: Street Shark|0 fnt\n|-damage|p2a: Cinderace|88\/100|[from] ability: Rough Skin|[of] p1a: Street Shark\n|faint|p1a: Street Shark\n|\n|t:|1698950969\n|switch|p2a: Eelektross|Eelektross, M|67\/100|[from] U-turn\n|\n|upkeep\n|\n|t:|1698950976\n|switch|p1a: Ricka Ashley|Illumise, F, shiny|100\/100\n|-damage|p1a: Ricka Ashley|76\/100|[from] Stealth Rock\n|turn|20\n|\n|t:|1698950992\n|-terastallize|p2a: Eelektross|Electric\n|move|p1a: Ricka Ashley|Trick|p2a: Eelektross\n|-activate|p1a: Ricka Ashley|move: Trick|[of] p2a: Eelektross\n|-item|p2a: Eelektross|Black Sludge|[from] move: Trick\n|-item|p1a: Ricka Ashley|Assault Vest|[from] move: Trick\n|move|p2a: Eelektross|Thunderbolt|p1a: Ricka Ashley\n|-damage|p1a: Ricka Ashley|46\/100\n|\n|-damage|p2a: Eelektross|55\/100|[from] item: Black Sludge\n|upkeep\n|turn|21\n|\n|t:|1698951007\n|-activate|p1a: Ricka Ashley|move: Struggle\n|move|p1a: Ricka Ashley|Struggle|p2a: Eelektross\n|-damage|p2a: Eelektross|48\/100\n|-damage|p1a: Ricka Ashley|21\/100|[from] recoil\n|move|p2a: Eelektross|Volt Switch|p1a: Ricka Ashley\n|-damage|p1a: Ricka Ashley|0 fnt\n|faint|p1a: Ricka Ashley\n|\n|t:|1698951022\n|switch|p2a: Gholdengo|Gholdengo|18\/100|[from] Volt Switch\n|\n|upkeep\n|\n|t:|1698951035\n|switch|p1a: Pal\u00edndromo|Muk, M, shiny|67\/100\n|-damage|p1a: Pal\u00edndromo|55\/100|[from] Stealth Rock\n|turn|22\n|\n|t:|1698951041\n|move|p1a: Pal\u00edndromo|Shadow Sneak|p2a: Gholdengo\n|-supereffective|p2a: Gholdengo\n|-damage|p2a: Gholdengo|0 fnt\n|faint|p2a: Gholdengo\n|\n|upkeep\n|\n|t:|1698951056\n|switch|p2a: Landorus|Landorus-Therian, M|64\/100\n|-ability|p2a: Landorus|Intimidate|boost\n|-unboost|p1a: Pal\u00edndromo|atk|1\n|turn|23\n|\n|t:|1698951067\n|switch|p1a: Nikocado|Bellibolt, M, shiny|10\/100\n|-damage|p1a: Nikocado|0 fnt|[from] Stealth Rock\n|faint|p1a: Nikocado\n|move|p2a: Landorus|U-turn|p1: Nikocado|[notarget]\n|-fail|p2a: Landorus\n|\n|upkeep\n|\n|t:|1698951076\n|switch|p1a: Shogun|Samurott, M, shiny|88\/100\n|-damage|p1a: Shogun|76\/100|[from] Stealth Rock\n|turn|24\n|\n|t:|1698951086\n|move|p1a: Shogun|Surf|p2a: Landorus\n|-supereffective|p2a: Landorus\n|-damage|p2a: Landorus|0 fnt\n|faint|p2a: Landorus\n|\n|upkeep\n|\n|t:|1698951098\n|switch|p2a: Eelektross|Eelektross, M, tera:Electric|48\/100\n|turn|25\n|\n|t:|1698951103\n|move|p1a: Shogun|Surf|p2a: Eelektross\n|-damage|p2a: Eelektross|0 fnt\n|faint|p2a: Eelektross\n|\n|upkeep\n|\n|t:|1698951107\n|switch|p2a: Cinderace|Cinderace, M|88\/100\n|turn|26\n|\n|t:|1698951116\n|move|p1a: Shogun|Surf|p2a: Cinderace\n|-supereffective|p2a: Cinderace\n|-damage|p2a: Cinderace|0 fnt\n|faint|p2a: Cinderace\n|\n|win|Danepass\n|c|\u2606Danepass|gg\n|c|\u2606Danepass|Lo subo yo?\n","uploadtime":1698951134,"views":66,"p1id":"danepass","p2id":"rinkusu12","formatid":"gen9anythinggoes","rating":0,"private":0,"password":""}