{"id":"gen9anythinggoes-1979953028","p1":"MoldyGG","p2":"ButaYaroSama","format":"[Gen 9] Anything Goes","log":"|j|\u2606MoldyGG\n|j|\u2606ButaYaroSama\n|t:|1698735974\n|gametype|singles\n|player|p1|MoldyGG|elesa-gen5bw2|1504\n|player|p2|ButaYaroSama|102|1574\n|teamsize|p1|6\n|teamsize|p2|6\n|gen|9\n|tier|[Gen 9] Anything Goes\n|rated|\n|rule|HP Percentage Mod: HP is shown in percentages\n|rule|Endless Battle Clause: Forcing endless battles is banned\n|clearpoke\n|poke|p1|Miraidon|\n|poke|p1|Calyrex-Shadow|\n|poke|p1|Miraidon|\n|poke|p1|Arceus|\n|poke|p1|Glimmora, F|\n|poke|p1|Zacian-*|\n|poke|p2|Calyrex-Shadow|\n|poke|p2|Toxapex, M|\n|poke|p2|Eternatus|\n|poke|p2|Grimmsnarl, M|\n|poke|p2|Zacian-*|\n|poke|p2|Volcarona, F|\n|teampreview\n|inactive|Battle timer is ON: inactive players will automatically lose when time's up. (requested by ButaYaroSama)\n|inactive|ButaYaroSama has 120 seconds left.\n|\n|t:|1698736023\n|start\n|switch|p1a: Glimmora|Glimmora, F|100\/100\n|switch|p2a: Grimmsnarl|Grimmsnarl, M|100\/100\n|turn|1\n|\n|t:|1698736041\n|move|p2a: Grimmsnarl|Taunt|p1a: Glimmora\n|-start|p1a: Glimmora|move: Taunt\n|move|p1a: Glimmora|Mortal Spin|p2a: Grimmsnarl\n|-supereffective|p2a: Grimmsnarl\n|-damage|p2a: Grimmsnarl|90\/100\n|-status|p2a: Grimmsnarl|psn\n|\n|-damage|p2a: Grimmsnarl|77\/100 psn|[from] psn\n|upkeep\n|turn|2\n|\n|t:|1698736053\n|move|p2a: Grimmsnarl|Light Screen|p2a: Grimmsnarl\n|-sidestart|p2: ButaYaroSama|move: Light Screen\n|move|p1a: Glimmora|Earth Power|p2a: Grimmsnarl\n|-damage|p2a: Grimmsnarl|64\/100 psn\n|\n|-damage|p2a: Grimmsnarl|51\/100 psn|[from] psn\n|upkeep\n|turn|3\n|\n|t:|1698736059\n|move|p2a: Grimmsnarl|Reflect|p2a: Grimmsnarl\n|-sidestart|p2: ButaYaroSama|Reflect\n|move|p1a: Glimmora|Earth Power|p2a: Grimmsnarl\n|-damage|p2a: Grimmsnarl|36\/100 psn\n|\n|-damage|p2a: Grimmsnarl|24\/100 psn|[from] psn\n|-end|p1a: Glimmora|move: Taunt\n|upkeep\n|turn|4\n|\n|t:|1698736065\n|move|p2a: Grimmsnarl|Taunt|p1a: Glimmora\n|-start|p1a: Glimmora|move: Taunt\n|cant|p1a: Glimmora|move: Taunt|Spikes\n|\n|-damage|p2a: Grimmsnarl|11\/100 psn|[from] psn\n|upkeep\n|turn|5\n|\n|t:|1698736070\n|move|p2a: Grimmsnarl|Parting Shot|p1a: Glimmora\n|-unboost|p1a: Glimmora|atk|1\n|-unboost|p1a: Glimmora|spa|1\n|\n|t:|1698736079\n|switch|p2a: Eternatus|Eternatus|100\/100|[from] Parting Shot\n|-ability|p2a: Eternatus|Pressure\n|move|p1a: Glimmora|Mortal Spin|p2a: Eternatus\n|-resisted|p2a: Eternatus\n|-damage|p2a: Eternatus|99\/100\n|\n|-heal|p2a: Eternatus|100\/100|[from] item: Leftovers\n|upkeep\n|turn|6\n|\n|t:|1698736087\n|move|p1a: Glimmora|Earth Power|p2a: Eternatus\n|-supereffective|p2a: Eternatus\n|-damage|p2a: Eternatus|86\/100\n|move|p2a: Eternatus|Cosmic Power|p2a: Eternatus\n|-boost|p2a: Eternatus|def|1\n|-boost|p2a: Eternatus|spd|1\n|\n|-heal|p2a: Eternatus|92\/100|[from] item: Leftovers\n|-end|p1a: Glimmora|move: Taunt\n|upkeep\n|turn|7\n|\n|t:|1698736101\n|move|p1a: Glimmora|Memento|p2a: Eternatus\n|-unboost|p2a: Eternatus|atk|2\n|-unboost|p2a: Eternatus|spa|2\n|faint|p1a: Glimmora\n|move|p2a: Eternatus|Cosmic Power|p2a: Eternatus\n|-boost|p2a: Eternatus|def|1\n|-boost|p2a: Eternatus|spd|1\n|\n|-heal|p2a: Eternatus|99\/100|[from] item: Leftovers\n|upkeep\n|\n|t:|1698736103\n|switch|p1a: Calyrex|Calyrex-Shadow|100\/100\n|-ability|p1a: Calyrex|As One\n|-ability|p1a: Calyrex|Unnerve\n|turn|8\n|\n|t:|1698736113\n|move|p1a: Calyrex|Taunt|p2a: Eternatus\n|-start|p2a: Eternatus|move: Taunt\n|cant|p2a: Eternatus|move: Taunt|Toxic\n|\n|-heal|p2a: Eternatus|100\/100|[from] item: Leftovers\n|upkeep\n|turn|9\n|\n|t:|1698736125\n|switch|p2a: Toxapex|Toxapex, M|100\/100\n|move|p1a: Calyrex|Nasty Plot|p1a: Calyrex\n|-boost|p1a: Calyrex|spa|2\n|\n|-sideend|p2: ButaYaroSama|move: Light Screen\n|upkeep\n|turn|10\n|\n|t:|1698736136\n|-terastallize|p2a: Toxapex|Dark\n|move|p1a: Calyrex|Astral Barrage|p2a: Toxapex\n|-resisted|p2a: Toxapex\n|-damage|p2a: Toxapex|57\/100\n|move|p2a: Toxapex|Haze|p2a: Toxapex\n|-clearallboost\n|\n|-sideend|p2: ButaYaroSama|Reflect\n|upkeep\n|turn|11\n|\n|t:|1698736152\n|switch|p2a: Zacian|Zacian-Crowned|100\/100\n|-ability|p2a: Zacian|Intrepid Sword|boost\n|-boost|p2a: Zacian|atk|1\n|move|p1a: Calyrex|Taunt|p2a: Zacian\n|-start|p2a: Zacian|move: Taunt\n|\n|upkeep\n|turn|12\n|\n|t:|1698736162\n|move|p1a: Calyrex|Astral Barrage|p2a: Zacian\n|-damage|p2a: Zacian|26\/100\n|move|p2a: Zacian|Crunch|p1a: Calyrex\n|-supereffective|p1a: Calyrex\n|-enditem|p1a: Calyrex|Focus Sash\n|-damage|p1a: Calyrex|1\/100\n|\n|upkeep\n|turn|13\n|\n|t:|1698736175\n|switch|p2a: Grimmsnarl|Grimmsnarl, M|11\/100 psn\n|move|p1a: Calyrex|Astral Barrage|p2a: Grimmsnarl\n|-resisted|p2a: Grimmsnarl\n|-damage|p2a: Grimmsnarl|0 fnt\n|faint|p2a: Grimmsnarl\n|-ability|p1a: Calyrex|Grim Neigh|boost\n|-boost|p1a: Calyrex|spa|1\n|\n|upkeep\n|\n|t:|1698736184\n|switch|p2a: Calyrex|Calyrex-Shadow|100\/100\n|-ability|p2a: Calyrex|As One\n|-ability|p2a: Calyrex|Unnerve\n|turn|14\n|j| Kaizer of Dragon\n|\n|t:|1698736191\n|move|p2a: Calyrex|Psyshock|p1a: Calyrex\n|-resisted|p1a: Calyrex\n|-damage|p1a: Calyrex|0 fnt\n|faint|p1a: Calyrex\n|-ability|p2a: Calyrex|Grim Neigh|boost\n|-boost|p2a: Calyrex|spa|1\n|\n|upkeep\n|\n|t:|1698736202\n|switch|p1a: Miraidon|Miraidon|100\/100\n|-fieldstart|move: Electric Terrain|[from] ability: Hadron Engine|[of] p1a: Miraidon\n|turn|15\n|\n|t:|1698736206\n|move|p2a: Calyrex|Substitute|p2a: Calyrex\n|-start|p2a: Calyrex|Substitute\n|-damage|p2a: Calyrex|75\/100\n|move|p1a: Miraidon|Draco Meteor|p2a: Calyrex\n|-end|p2a: Calyrex|Substitute\n|-unboost|p1a: Miraidon|spa|2\n|\n|upkeep\n|turn|16\n|\n|t:|1698736213\n|move|p2a: Calyrex|Substitute|p2a: Calyrex\n|-start|p2a: Calyrex|Substitute\n|-damage|p2a: Calyrex|50\/100\n|move|p1a: Miraidon|Taunt|p2a: Calyrex\n|-start|p2a: Calyrex|move: Taunt\n|\n|upkeep\n|turn|17\n|\n|t:|1698736218\n|move|p2a: Calyrex|Astral Barrage|p1a: Miraidon\n|-damage|p1a: Miraidon|11\/100\n|move|p1a: Miraidon|Draco Meteor|p2a: Calyrex\n|-end|p2a: Calyrex|Substitute\n|-unboost|p1a: Miraidon|spa|2\n|\n|upkeep\n|turn|18\n|\n|t:|1698736226\n|switch|p1a: Arceus|Arceus|100\/100\n|move|p2a: Calyrex|Astral Barrage|p1a: Arceus\n|-immune|p1a: Arceus\n|\n|upkeep\n|turn|19\n|\n|t:|1698736236\n|switch|p2a: Toxapex|Toxapex, M, tera:Dark|91\/100\n|move|p1a: Arceus|Earthquake|p2a: Toxapex\n|-damage|p2a: Toxapex|55\/100\n|-damage|p1a: Arceus|91\/100|[from] item: Life Orb\n|\n|-fieldend|move: Electric Terrain\n|upkeep\n|turn|20\n|\n|t:|1698736243\n|move|p1a: Arceus|Swords Dance|p1a: Arceus\n|-boost|p1a: Arceus|atk|2\n|move|p2a: Toxapex|Toxic|p1a: Arceus\n|-status|p1a: Arceus|tox\n|\n|-damage|p1a: Arceus|85\/100 tox|[from] psn\n|upkeep\n|turn|21\n|\n|t:|1698736249\n|move|p2a: Toxapex|Baneful Bunker|p2a: Toxapex\n|-singleturn|p2a: Toxapex|move: Protect\n|move|p1a: Arceus|Extreme Speed|p2a: Toxapex\n|-activate|p2a: Toxapex|move: Protect\n|\n|-damage|p1a: Arceus|72\/100 tox|[from] psn\n|upkeep\n|turn|22\n|\n|t:|1698736257\n|move|p1a: Arceus|Shadow Claw|p2a: Toxapex\n|-resisted|p2a: Toxapex\n|-damage|p2a: Toxapex|32\/100\n|-damage|p1a: Arceus|63\/100 tox|[from] item: Life Orb\n|move|p2a: Toxapex|Haze|p2a: Toxapex\n|-clearallboost\n|\n|-damage|p1a: Arceus|44\/100 tox|[from] psn\n|upkeep\n|turn|23\n|\n|t:|1698736265\n|switch|p1a: Zacian|Zacian-Crowned|100\/100\n|-ability|p1a: Zacian|Intrepid Sword|boost\n|-boost|p1a: Zacian|atk|1\n|move|p2a: Toxapex|Recover|p2a: Toxapex\n|-heal|p2a: Toxapex|82\/100\n|\n|upkeep\n|turn|24\n|\n|t:|1698736274\n|switch|p2a: Volcarona|Volcarona, F|100\/100\n|move|p1a: Zacian|Trailblaze|p2a: Volcarona\n|-resisted|p2a: Volcarona\n|-damage|p2a: Volcarona|94\/100\n|-boost|p1a: Zacian|spe|1\n|\n|upkeep\n|turn|25\n|\n|t:|1698736281\n|-terastallize|p1a: Zacian|Water\n|move|p1a: Zacian|Behemoth Blade|p2a: Volcarona\n|-resisted|p2a: Volcarona\n|-crit|p2a: Volcarona\n|-damage|p2a: Volcarona|31\/100\n|move|p2a: Volcarona|Quiver Dance|p2a: Volcarona\n|-boost|p2a: Volcarona|spa|1\n|-boost|p2a: Volcarona|spd|1\n|-boost|p2a: Volcarona|spe|1\n|\n|upkeep\n|turn|26\n|\n|t:|1698736293\n|move|p1a: Zacian|Behemoth Blade|p2a: Volcarona\n|-resisted|p2a: Volcarona\n|-damage|p2a: Volcarona|0 fnt\n|faint|p2a: Volcarona\n|\n|upkeep\n|\n|t:|1698736299\n|switch|p2a: Eternatus|Eternatus|100\/100\n|-ability|p2a: Eternatus|Pressure\n|turn|27\n|\n|t:|1698736318\n|move|p1a: Zacian|Behemoth Blade|p2a: Eternatus\n|-damage|p2a: Eternatus|52\/100\n|move|p2a: Eternatus|Cosmic Power|p2a: Eternatus\n|-boost|p2a: Eternatus|def|1\n|-boost|p2a: Eternatus|spd|1\n|\n|-heal|p2a: Eternatus|58\/100|[from] item: Leftovers\n|upkeep\n|turn|28\n|\n|t:|1698736328\n|move|p1a: Zacian|Behemoth Blade|p2a: Eternatus\n|-damage|p2a: Eternatus|26\/100\n|move|p2a: Eternatus|Recover|p2a: Eternatus\n|-heal|p2a: Eternatus|76\/100\n|\n|-heal|p2a: Eternatus|82\/100|[from] item: Leftovers\n|upkeep\n|turn|29\n|\n|t:|1698736335\n|move|p1a: Zacian|Behemoth Blade|p2a: Eternatus\n|-damage|p2a: Eternatus|49\/100\n|move|p2a: Eternatus|Cosmic Power|p2a: Eternatus\n|-boost|p2a: Eternatus|def|1\n|-boost|p2a: Eternatus|spd|1\n|\n|-heal|p2a: Eternatus|55\/100|[from] item: Leftovers\n|upkeep\n|turn|30\n|\n|t:|1698736343\n|switch|p1a: Miraidon|Miraidon|11\/100\n|-fieldstart|move: Electric Terrain|[from] ability: Hadron Engine|[of] p1a: Miraidon\n|move|p2a: Eternatus|Recover|p2a: Eternatus\n|-heal|p2a: Eternatus|100\/100\n|\n|upkeep\n|turn|31\n|\n|t:|1698736361\n|move|p1a: Miraidon|Electro Drift|p2a: Eternatus\n|-resisted|p2a: Eternatus\n|-damage|p2a: Eternatus|86\/100\n|move|p2a: Eternatus|Recover|p2a: Eternatus\n|-heal|p2a: Eternatus|100\/100\n|\n|upkeep\n|turn|32\n|\n|t:|1698736368\n|move|p1a: Miraidon|Taunt|p2a: Eternatus\n|-start|p2a: Eternatus|move: Taunt\n|cant|p2a: Eternatus|move: Taunt|Cosmic Power\n|\n|upkeep\n|turn|33\n|\n|t:|1698736372\n|move|p1a: Miraidon|Draco Meteor|p2a: Eternatus\n|-supereffective|p2a: Eternatus\n|-damage|p2a: Eternatus|45\/100\n|-unboost|p1a: Miraidon|spa|2\n|move|p2a: Eternatus|Flamethrower|p1a: Miraidon\n|-resisted|p1a: Miraidon\n|-damage|p1a: Miraidon|0 fnt\n|faint|p1a: Miraidon\n|\n|-heal|p2a: Eternatus|51\/100|[from] item: Leftovers\n|upkeep\n|\n|t:|1698736375\n|switch|p1a: Miraidon|Miraidon|100\/100\n|-activate|p1a: Miraidon|ability: Hadron Engine\n|turn|34\n|\n|t:|1698736385\n|switch|p2a: Zacian|Zacian-Crowned|26\/100\n|move|p1a: Miraidon|Volt Switch|p2a: Zacian\n|-damage|p2a: Zacian|0 fnt\n|faint|p2a: Zacian\n|\n|t:|1698736387\n|switch|p1a: Arceus|Arceus|44\/100 tox|[from] Volt Switch\n|\n|-damage|p1a: Arceus|38\/100 tox|[from] psn\n|-fieldend|move: Electric Terrain\n|upkeep\n|\n|t:|1698736396\n|switch|p2a: Toxapex|Toxapex, M, tera:Dark|100\/100\n|turn|35\n|\n|t:|1698736403\n|move|p1a: Arceus|Swords Dance|p1a: Arceus\n|-boost|p1a: Arceus|atk|2\n|move|p2a: Toxapex|Haze|p2a: Toxapex\n|-clearallboost\n|\n|-damage|p1a: Arceus|26\/100 tox|[from] psn\n|upkeep\n|turn|36\n|\n|t:|1698736416\n|move|p1a: Arceus|Earthquake|p2a: Toxapex\n|-damage|p2a: Toxapex|64\/100\n|-damage|p1a: Arceus|16\/100 tox|[from] item: Life Orb\n|move|p2a: Toxapex|Toxic|p1a: Arceus\n|-fail|p1a: Arceus|tox\n|\n|-damage|p1a: Arceus|0 fnt|[from] psn\n|faint|p1a: Arceus\n|upkeep\n|\n|t:|1698736421\n|switch|p1a: Zacian|Zacian-Crowned, tera:Water|100\/100\n|turn|37\n|\n|t:|1698736431\n|move|p1a: Zacian|Trailblaze|p2a: Toxapex\n|-damage|p2a: Toxapex|48\/100\n|-boost|p1a: Zacian|spe|1\n|move|p2a: Toxapex|Recover|p2a: Toxapex\n|-heal|p2a: Toxapex|98\/100\n|\n|upkeep\n|turn|38\n|\n|t:|1698736438\n|move|p2a: Toxapex|Baneful Bunker|p2a: Toxapex\n|-singleturn|p2a: Toxapex|move: Protect\n|move|p1a: Zacian|Close Combat|p2a: Toxapex\n|-activate|p2a: Toxapex|move: Protect\n|-status|p1a: Zacian|psn\n|\n|-damage|p1a: Zacian|88\/100 psn|[from] psn\n|upkeep\n|turn|39\n|\n|t:|1698736447\n|switch|p2a: Calyrex|Calyrex-Shadow|50\/100\n|-ability|p2a: Calyrex|As One\n|-ability|p2a: Calyrex|Unnerve\n|move|p1a: Zacian|Play Rough|p2a: Calyrex\n|-damage|p2a: Calyrex|1\/100\n|-enditem|p2a: Calyrex|Salac Berry|[eat]\n|-boost|p2a: Calyrex|spe|1|[from] item: Salac Berry\n|\n|-damage|p1a: Zacian|76\/100 psn|[from] psn\n|upkeep\n|turn|40\n|\n|t:|1698736459\n|move|p2a: Calyrex|Astral Barrage|p1a: Zacian\n|-damage|p1a: Zacian|19\/100 psn\n|move|p1a: Zacian|Trailblaze|p2a: Calyrex\n|-damage|p2a: Calyrex|0 fnt\n|-boost|p1a: Zacian|spe|1\n|faint|p2a: Calyrex\n|\n|-damage|p1a: Zacian|7\/100 psn|[from] psn\n|upkeep\n|\n|t:|1698736470\n|switch|p2a: Eternatus|Eternatus|51\/100\n|-ability|p2a: Eternatus|Pressure\n|turn|41\n|\n|t:|1698736479\n|move|p1a: Zacian|Play Rough|p2a: Eternatus\n|-damage|p2a: Eternatus|23\/100\n|move|p2a: Eternatus|Cosmic Power|p2a: Eternatus\n|-boost|p2a: Eternatus|def|1\n|-boost|p2a: Eternatus|spd|1\n|\n|-heal|p2a: Eternatus|29\/100|[from] item: Leftovers\n|-damage|p1a: Zacian|0 fnt|[from] psn\n|faint|p1a: Zacian\n|upkeep\n|\n|t:|1698736481\n|switch|p1a: Miraidon|Miraidon|100\/100\n|-fieldstart|move: Electric Terrain|[from] ability: Hadron Engine|[of] p1a: Miraidon\n|turn|42\n|\n|t:|1698736498\n|switch|p2a: Toxapex|Toxapex, M, tera:Dark|100\/100\n|move|p1a: Miraidon|Draco Meteor|p2a: Toxapex\n|-damage|p2a: Toxapex|19\/100\n|-unboost|p1a: Miraidon|spa|2\n|\n|upkeep\n|turn|43\n|\n|t:|1698736514\n|switch|p2a: Eternatus|Eternatus|29\/100\n|-ability|p2a: Eternatus|Pressure\n|move|p1a: Miraidon|Draco Meteor|p2a: Eternatus\n|-supereffective|p2a: Eternatus\n|-crit|p2a: Eternatus\n|-damage|p2a: Eternatus|0 fnt\n|-unboost|p1a: Miraidon|spa|2\n|faint|p2a: Eternatus\n|\n|upkeep\n|\n|t:|1698736523\n|switch|p2a: Toxapex|Toxapex, M, tera:Dark|52\/100\n|turn|44\n|\n|t:|1698736527\n|move|p1a: Miraidon|Draco Meteor|p2a: Toxapex\n|-damage|p2a: Toxapex|25\/100\n|-unboost|p1a: Miraidon|spa|2\n|move|p2a: Toxapex|Recover|p2a: Toxapex\n|-heal|p2a: Toxapex|75\/100\n|\n|upkeep\n|turn|45\n|\n|t:|1698736533\n|move|p1a: Miraidon|Draco Meteor|p2a: Toxapex\n|-damage|p2a: Toxapex|50\/100\n|move|p2a: Toxapex|Toxic|p1a: Miraidon|[miss]\n|-miss|p2a: Toxapex|p1a: Miraidon\n|\n|upkeep\n|turn|46\n|\n|t:|1698736548\n|move|p1a: Miraidon|Draco Meteor|p2a: Toxapex\n|-damage|p2a: Toxapex|29\/100\n|move|p2a: Toxapex|Recover|p2a: Toxapex\n|-heal|p2a: Toxapex|79\/100\n|\n|-fieldend|move: Electric Terrain\n|upkeep\n|turn|47\n|c|\u2606ButaYaroSama|crit o gg\n|\n|t:|1698736554\n|move|p1a: Miraidon|Draco Meteor|p2a: Toxapex|[miss]\n|-miss|p1a: Miraidon|p2a: Toxapex\n|move|p2a: Toxapex|Toxic|p1a: Miraidon|[miss]\n|-miss|p2a: Toxapex|p1a: Miraidon\n|\n|upkeep\n|turn|48\n|c|\u2606ButaYaroSama|xd\n|\n|t:|1698736566\n|move|p1a: Miraidon|Draco Meteor|p2a: Toxapex\n|-damage|p2a: Toxapex|63\/100\n|move|p2a: Toxapex|Toxic|p1a: Miraidon|[miss]\n|-miss|p2a: Toxapex|p1a: Miraidon\n|\n|upkeep\n|turn|49\n|c|\u2606ButaYaroSama|wtf\n|\n|t:|1698736573\n|-activate|p1a: Miraidon|move: Struggle\n|move|p1a: Miraidon|Struggle|p2a: Toxapex\n|-damage|p2a: Toxapex|56\/100\n|-damage|p1a: Miraidon|76\/100|[from] recoil\n|move|p2a: Toxapex|Toxic|p1a: Miraidon\n|-status|p1a: Miraidon|tox\n|\n|-damage|p1a: Miraidon|69\/100 tox|[from] psn\n|upkeep\n|turn|50\n|\n|t:|1698736580\n|-activate|p1a: Miraidon|move: Struggle\n|move|p1a: Miraidon|Struggle|p2a: Toxapex\n|-damage|p2a: Toxapex|49\/100\n|-damage|p1a: Miraidon|44\/100 tox|[from] recoil\n|move|p2a: Toxapex|Recover|p2a: Toxapex\n|-heal|p2a: Toxapex|99\/100\n|\n|-damage|p1a: Miraidon|32\/100 tox|[from] psn\n|upkeep\n|turn|51\n|c|\u2606ButaYaroSama|gg\n|c|\u2606ButaYaroSama|3 toxic missed\n|\n|t:|1698736589\n|move|p2a: Toxapex|Baneful Bunker|p2a: Toxapex\n|-singleturn|p2a: Toxapex|move: Protect\n|-activate|p1a: Miraidon|move: Struggle\n|move|p1a: Miraidon|Struggle|p2a: Toxapex\n|-activate|p2a: Toxapex|move: Protect\n|\n|-damage|p1a: Miraidon|14\/100 tox|[from] psn\n|upkeep\n|turn|52\n|l| Kaizer of Dragon\n|\n|t:|1698736598\n|-activate|p1a: Miraidon|move: Struggle\n|move|p1a: Miraidon|Struggle|p2a: Toxapex\n|-damage|p2a: Toxapex|91\/100\n|-damage|p1a: Miraidon|0 fnt|[from] recoil\n|faint|p1a: Miraidon\n|\n|win|ButaYaroSama\n|raw|MoldyGG's rating: 1504 &rarr; <strong>1488<\/strong><br \/>(-16 for losing)\n|raw|ButaYaroSama's rating: 1574 &rarr; <strong>1590<\/strong><br \/>(+16 for winning)\n|l|\u2606MoldyGG\n","uploadtime":1698736609,"views":14,"p1id":"moldygg","p2id":"butayarosama","formatid":"gen9anythinggoes","rating":1488,"private":0,"password":""}