{"id":"gen9anythinggoes-1973857207","p1":"NecroLeaf","p2":"TreBucet","format":"[Gen 9] Anything Goes","log":"|j|\u2606NecroLeaf\n|j|\u2606TreBucet\n|t:|1698021156\n|gametype|singles\n|player|p1|NecroLeaf|ethan|1250\n|player|p2|TreBucet|veteranf|1064\n|teamsize|p1|6\n|teamsize|p2|6\n|gen|9\n|tier|[Gen 9] Anything Goes\n|rated|\n|rule|HP Percentage Mod: HP is shown in percentages\n|rule|Endless Battle Clause: Forcing endless battles is banned\n|clearpoke\n|poke|p1|Calyrex-Shadow|\n|poke|p1|Urshifu-*, F|\n|poke|p1|Iron Hands|\n|poke|p1|Flutter Mane|\n|poke|p1|Gholdengo|\n|poke|p1|Kingambit, M|\n|poke|p2|Calyrex-Shadow|\n|poke|p2|Regieleki|\n|poke|p2|Eternatus|\n|poke|p2|Zamazenta-*|\n|poke|p2|Groudon|\n|poke|p2|Jirachi|\n|teampreview\n|c|\u2606NecroLeaf|hi\n|inactive|Battle timer is ON: inactive players will automatically lose when time's up. (requested by TreBucet)\n|c|\u2606TreBucet|hi\n|c|\u2606NecroLeaf|glhf\n|\n|t:|1698021177\n|start\n|switch|p1a: Kingambit|Kingambit, M|100\/100\n|switch|p2a: Jirachi|Jirachi, shiny|100\/100\n|turn|1\n|c|\u2606TreBucet|glhf\n|\n|t:|1698021186\n|move|p2a: Jirachi|Doom Desire|p1a: Kingambit\n|-start|p2a: Jirachi|Doom Desire\n|move|p1a: Kingambit|Kowtow Cleave|p2a: Jirachi\n|-supereffective|p2a: Jirachi\n|-damage|p2a: Jirachi|0 fnt\n|faint|p2a: Jirachi\n|-damage|p1a: Kingambit|91\/100|[from] item: Life Orb\n|\n|upkeep\n|\n|t:|1698021197\n|switch|p2a: Zamazenta|Zamazenta|100\/100\n|-ability|p2a: Zamazenta|Dauntless Shield|boost\n|-boost|p2a: Zamazenta|def|1\n|turn|2\n|\n|t:|1698021204\n|move|p1a: Kingambit|Sucker Punch|p2a: Zamazenta\n|-resisted|p2a: Zamazenta\n|-damage|p2a: Zamazenta|80\/100\n|-damage|p1a: Kingambit|81\/100|[from] item: Life Orb\n|move|p2a: Zamazenta|Body Press|p1a: Kingambit\n|-supereffective|p1a: Kingambit\n|-damage|p1a: Kingambit|0 fnt\n|faint|p1a: Kingambit\n|\n|-heal|p2a: Zamazenta|86\/100|[from] item: Leftovers\n|upkeep\n|\n|t:|1698021214\n|switch|p1a: Brian Hands|Iron Hands|100\/100\n|turn|3\n|\n|t:|1698021219\n|move|p1a: Brian Hands|Fake Out|p2a: Zamazenta\n|-damage|p2a: Zamazenta|77\/100\n|cant|p2a: Zamazenta|flinch\n|\n|-end|p1a: Brian Hands|move: Doom Desire\n|-resisted|p1a: Brian Hands\n|-damage|p1a: Brian Hands|80\/100\n|-heal|p2a: Zamazenta|83\/100|[from] item: Leftovers\n|upkeep\n|turn|4\n|\n|t:|1698021231\n|move|p2a: Zamazenta|Psychic Fangs|p1a: Brian Hands\n|-supereffective|p1a: Brian Hands\n|-damage|p1a: Brian Hands|53\/100\n|move|p1a: Brian Hands|Drain Punch|p2a: Zamazenta\n|-crit|p2a: Zamazenta\n|-damage|p2a: Zamazenta|29\/100\n|-heal|p1a: Brian Hands|71\/100|[from] drain|[of] p2a: Zamazenta\n|\n|-heal|p2a: Zamazenta|35\/100|[from] item: Leftovers\n|upkeep\n|turn|5\n|\n|t:|1698021241\n|switch|p2a: Groudon|Groudon|100\/100\n|-weather|SunnyDay|[from] ability: Drought|[of] p2a: Groudon\n|move|p1a: Brian Hands|Drain Punch|p2a: Groudon\n|-damage|p2a: Groudon|76\/100\n|-heal|p1a: Brian Hands|79\/100|[from] drain|[of] p2a: Groudon\n|\n|-weather|SunnyDay|[upkeep]\n|upkeep\n|turn|6\n|\n|t:|1698021251\n|-end|p1a: Brian Hands|Quark Drive|[silent]\n|switch|p1a: parapa|Flutter Mane|100\/100\n|-activate|p1a: parapa|ability: Protosynthesis\n|-start|p1a: parapa|protosynthesisspe\n|move|p2a: Groudon|Heat Crash|p1a: parapa\n|-damage|p1a: parapa|0 fnt\n|faint|p1a: parapa\n|-end|p1a: parapa|Protosynthesis|[silent]\n|\n|-weather|SunnyDay|[upkeep]\n|upkeep\n|\n|t:|1698021260\n|switch|p1a: Brian Hands|Iron Hands|79\/100\n|turn|7\n|\n|t:|1698021264\n|-end|p1a: Brian Hands|Quark Drive|[silent]\n|switch|p1a: Gholdengo|Gholdengo|100\/100\n|-item|p1a: Gholdengo|Air Balloon\n|move|p2a: Groudon|Heat Crash|p1a: Gholdengo\n|-supereffective|p1a: Gholdengo\n|-damage|p1a: Gholdengo|0 fnt\n|-enditem|p1a: Gholdengo|Air Balloon\n|faint|p1a: Gholdengo\n|\n|-weather|SunnyDay|[upkeep]\n|upkeep\n|\n|t:|1698021273\n|switch|p1a: punchy bear|Urshifu-Rapid-Strike, F|100\/100\n|turn|8\n|\n|t:|1698021279\n|move|p2a: Groudon|Ancient Power|p1a: punchy bear\n|-resisted|p1a: punchy bear\n|-damage|p1a: punchy bear|91\/100\n|-boost|p2a: Groudon|atk|1\n|-boost|p2a: Groudon|def|1\n|-boost|p2a: Groudon|spa|1\n|-boost|p2a: Groudon|spd|1\n|-boost|p2a: Groudon|spe|1\n|move|p1a: punchy bear|Surging Strikes|p2a: Groudon\n|-supereffective|p2a: Groudon\n|-crit|p2a: Groudon\n|-damage|p2a: Groudon|57\/100\n|-supereffective|p2a: Groudon\n|-crit|p2a: Groudon\n|-damage|p2a: Groudon|40\/100\n|-supereffective|p2a: Groudon\n|-crit|p2a: Groudon\n|-damage|p2a: Groudon|23\/100\n|-hitcount|p2a: Groudon|3\n|\n|-weather|SunnyDay|[upkeep]\n|upkeep\n|turn|9\n|c|\u2606TreBucet|oh no\n|\n|t:|1698021294\n|-terastallize|p1a: punchy bear|Water\n|move|p1a: punchy bear|Aqua Jet|p2a: Groudon\n|-supereffective|p2a: Groudon\n|-damage|p2a: Groudon|7\/100\n|move|p2a: Groudon|Heat Crash|p1a: punchy bear\n|-resisted|p1a: punchy bear\n|-damage|p1a: punchy bear|43\/100\n|\n|-weather|none\n|upkeep\n|turn|10\n|\n|t:|1698021303\n|move|p1a: punchy bear|Aqua Jet|p2a: Groudon\n|-supereffective|p2a: Groudon\n|-damage|p2a: Groudon|0 fnt\n|faint|p2a: Groudon\n|\n|upkeep\n|\n|t:|1698021308\n|switch|p2a: Calyrex|Calyrex-Shadow|100\/100\n|-ability|p2a: Calyrex|As One\n|-ability|p2a: Calyrex|Unnerve\n|turn|11\n|c|\u2606NecroLeaf|bruh\n|\n|t:|1698021315\n|move|p1a: punchy bear|Aqua Jet|p2a: Calyrex\n|-damage|p2a: Calyrex|54\/100\n|move|p2a: Calyrex|Astral Barrage|p1a: punchy bear\n|-damage|p1a: punchy bear|0 fnt\n|faint|p1a: punchy bear\n|-ability|p2a: Calyrex|Grim Neigh|boost\n|-boost|p2a: Calyrex|spa|1\n|\n|upkeep\n|\n|t:|1698021327\n|switch|p1a: carrot eaters|Calyrex-Shadow|100\/100\n|-ability|p1a: carrot eaters|As One\n|-ability|p1a: carrot eaters|Unnerve\n|turn|12\n|\n|t:|1698021335\n|switch|p2a: Zamazenta|Zamazenta|35\/100\n|move|p1a: carrot eaters|Astral Barrage|p2a: Zamazenta\n|-damage|p2a: Zamazenta|0 fnt\n|faint|p2a: Zamazenta\n|-ability|p1a: carrot eaters|Grim Neigh|boost\n|-boost|p1a: carrot eaters|spa|1\n|\n|upkeep\n|\n|t:|1698021344\n|switch|p2a: Regieleki|Regieleki|100\/100\n|turn|13\n|c|\u2606NecroLeaf|wait huh\n|\n|t:|1698021357\n|move|p2a: Regieleki|Thunder Cage|p1a: carrot eaters|[miss]\n|-miss|p2a: Regieleki|p1a: carrot eaters\n|move|p1a: carrot eaters|Astral Barrage|p2a: Regieleki\n|-damage|p2a: Regieleki|0 fnt\n|faint|p2a: Regieleki\n|-ability|p1a: carrot eaters|Grim Neigh|boost\n|-boost|p1a: carrot eaters|spa|1\n|\n|upkeep\n|\n|t:|1698021368\n|switch|p2a: Calyrex|Calyrex-Shadow|54\/100\n|-ability|p2a: Calyrex|As One\n|-ability|p2a: Calyrex|Unnerve\n|turn|14\n|\n|t:|1698021377\n|move|p2a: Calyrex|Astral Barrage|p1a: carrot eaters\n|-supereffective|p1a: carrot eaters\n|-damage|p1a: carrot eaters|0 fnt\n|faint|p1a: carrot eaters\n|-ability|p2a: Calyrex|Grim Neigh|boost\n|-boost|p2a: Calyrex|spa|1\n|\n|upkeep\n|\n|t:|1698021386\n|switch|p1a: Brian Hands|Iron Hands|79\/100\n|turn|15\n|c|\u2606TreBucet|youre not choice scarf?\n|\n|t:|1698021393\n|switch|p2a: Eternatus|Eternatus, shiny|100\/100\n|-ability|p2a: Eternatus|Pressure\n|move|p1a: Brian Hands|Wild Charge|p2a: Eternatus\n|-resisted|p2a: Eternatus\n|-damage|p2a: Eternatus|82\/100\n|-damage|p1a: Brian Hands|75\/100|[from] Recoil\n|\n|-heal|p2a: Eternatus|89\/100|[from] item: Black Sludge\n|upkeep\n|turn|16\n|\n|t:|1698021403\n|move|p2a: Eternatus|Flamethrower|p1a: Brian Hands\n|-damage|p1a: Brian Hands|53\/100\n|-status|p1a: Brian Hands|brn\n|move|p1a: Brian Hands|Heavy Slam|p2a: Eternatus\n|-damage|p2a: Eternatus|83\/100\n|\n|-heal|p2a: Eternatus|90\/100|[from] item: Black Sludge\n|-damage|p1a: Brian Hands|47\/100 brn|[from] brn\n|upkeep\n|turn|17\n|c|\u2606NecroLeaf|nope\n|c|\u2606TreBucet|ohhhh\n|c|\u2606TreBucet|thats why I was faster\n|\n|t:|1698021426\n|move|p2a: Eternatus|Dynamax Cannon|p1a: Brian Hands\n|-damage|p1a: Brian Hands|8\/100 brn\n|move|p1a: Brian Hands|Drain Punch|p2a: Eternatus\n|-resisted|p2a: Eternatus\n|-damage|p2a: Eternatus|81\/100\n|-heal|p1a: Brian Hands|11\/100 brn|[from] drain|[of] p2a: Eternatus\n|\n|-heal|p2a: Eternatus|87\/100|[from] item: Black Sludge\n|-damage|p1a: Brian Hands|5\/100 brn|[from] brn\n|upkeep\n|turn|18\n|\n|t:|1698021441\n|move|p2a: Eternatus|Dragon Dance|p2a: Eternatus\n|-boost|p2a: Eternatus|atk|1\n|-boost|p2a: Eternatus|spe|1\n|move|p1a: Brian Hands|Drain Punch|p2a: Eternatus\n|-resisted|p2a: Eternatus\n|-damage|p2a: Eternatus|79\/100\n|-heal|p1a: Brian Hands|8\/100 brn|[from] drain|[of] p2a: Eternatus\n|\n|-heal|p2a: Eternatus|85\/100|[from] item: Black Sludge\n|-damage|p1a: Brian Hands|2\/100 brn|[from] brn\n|upkeep\n|turn|19\n|\n|t:|1698021455\n|move|p2a: Eternatus|Dragon Dance|p2a: Eternatus\n|-boost|p2a: Eternatus|atk|1\n|-boost|p2a: Eternatus|spe|1\n|move|p1a: Brian Hands|Drain Punch|p2a: Eternatus\n|-resisted|p2a: Eternatus\n|-damage|p2a: Eternatus|77\/100\n|-heal|p1a: Brian Hands|5\/100 brn|[from] drain|[of] p2a: Eternatus\n|\n|-heal|p2a: Eternatus|83\/100|[from] item: Black Sludge\n|-damage|p1a: Brian Hands|0 fnt|[from] brn\n|faint|p1a: Brian Hands\n|-end|p1a: Brian Hands|Quark Drive|[silent]\n|\n|win|TreBucet\n|upkeep\n|raw|NecroLeaf's rating: 1250 &rarr; <strong>1213<\/strong><br \/>(-37 for losing)\n|raw|TreBucet's rating: 1064 &rarr; <strong>1109<\/strong><br \/>(+45 for winning)\n|c|\u2606TreBucet|gg\n","uploadtime":1698021471,"views":4,"p1id":"necroleaf","p2id":"trebucet","formatid":"gen9anythinggoes","rating":1109,"private":0,"password":""}