{"id":"gen9anythinggoes-1982486460","p1":"Erenicko.","p2":"diggersby69","format":"[Gen 9] Anything Goes","log":"|j|\u2606Erenicko.\n|j|\u2606diggersby69\n|t:|1699019398\n|gametype|singles\n|player|p1|Erenicko.|lillie-masters2|\n|player|p2|diggersby69|101|\n|teamsize|p1|6\n|teamsize|p2|6\n|gen|9\n|tier|[Gen 9] Anything Goes\n|rule|HP Percentage Mod: HP is shown in percentages\n|rule|Endless Battle Clause: Forcing endless battles is banned\n|clearpoke\n|poke|p1|Jirachi|\n|poke|p1|Infernape, M|\n|poke|p1|Weezing-Galar, M|\n|poke|p1|Gastrodon, M|\n|poke|p1|Braviary-Hisui, M|\n|poke|p1|Eelektross, M|\n|poke|p2|Jolteon, F|\n|poke|p2|Ogerpon-Hearthflame, F|\n|poke|p2|Sandslash-Alola, F|\n|poke|p2|Ninetales-Alola, F|\n|poke|p2|Alomomola, M|\n|poke|p2|Kommo-o, F|\n|teampreview\n|c|\u2606Erenicko.|hf\n|c|\u2606diggersby69|u2\n|j| Timgameboy\n|j| Roy SPL\n|\n|t:|1699019483\n|start\n|switch|p1a: Jirachi|Jirachi|100\/100\n|switch|p2a: Ogerpon|Ogerpon-Hearthflame, F|100\/100\n|-ability|p2a: Ogerpon|Mold Breaker\n|turn|1\n|c| Roy SPL|F kein Scarf Kleavor\n|\n|t:|1699019514\n|switch|p1a: Weezing|Weezing-Galar, M|100\/100\n|-ability|p1a: Weezing|Neutralizing Gas\n|move|p2a: Ogerpon|U-turn|p1a: Weezing\n|-resisted|p1a: Weezing\n|-damage|p1a: Weezing|95\/100\n|j| Frxnklyn\n|\n|t:|1699019542\n|switch|p2a: Jolteon|Jolteon, F|100\/100|[from] U-turn\n|\n|-heal|p1a: Weezing|100\/100|[from] item: Black Sludge\n|upkeep\n|turn|2\n|\n|t:|1699019545\n|switch|p2a: Ninetales|Ninetales-Alola, F|100\/100\n|-end|p1a: Weezing|ability: Neutralizing Gas\n|-weather|Snow|[from] ability: Snow Warning|[of] p2a: Ninetales\n|switch|p1a: Gastrodon|Gastrodon, M|100\/100\n|\n|-weather|Snow|[upkeep]\n|upkeep\n|turn|3\n|\n|t:|1699019584\n|switch|p2a: Ogerpon|Ogerpon-Hearthflame, F|100\/100\n|-ability|p2a: Ogerpon|Mold Breaker\n|switch|p1a: Jirachi|Jirachi|100\/100\n|\n|-weather|Snow|[upkeep]\n|upkeep\n|turn|4\n|\n|t:|1699019612\n|move|p1a: Jirachi|Protect|p1a: Jirachi\n|-singleturn|p1a: Jirachi|Protect\n|move|p2a: Ogerpon|U-turn|p1a: Jirachi\n|-activate|p1a: Jirachi|move: Protect\n|\n|-weather|Snow|[upkeep]\n|upkeep\n|turn|5\n|\n|t:|1699019621\n|switch|p1a: Weezing|Weezing-Galar, M|100\/100\n|-ability|p1a: Weezing|Neutralizing Gas\n|move|p2a: Ogerpon|Stomping Tantrum|p1a: Weezing\n|-supereffective|p1a: Weezing\n|-damage|p1a: Weezing|61\/100\n|\n|-weather|Snow|[upkeep]\n|-heal|p1a: Weezing|67\/100|[from] item: Black Sludge\n|upkeep\n|turn|6\n|\n|t:|1699019628\n|move|p2a: Ogerpon|U-turn|p1a: Weezing\n|-resisted|p1a: Weezing\n|-damage|p1a: Weezing|62\/100\n|\n|t:|1699019652\n|switch|p2a: Jolteon|Jolteon, F|100\/100|[from] U-turn\n|move|p1a: Weezing|Pain Split|p2a: Jolteon\n|-sethp|p2a: Jolteon|85\/100|[from] move: Pain Split|[silent]\n|-sethp|p1a: Weezing|75\/100|[from] move: Pain Split\n|\n|-weather|Snow|[upkeep]\n|-heal|p1a: Weezing|81\/100|[from] item: Black Sludge\n|upkeep\n|turn|7\n|\n|t:|1699019700\n|switch|p2a: Ogerpon|Ogerpon-Hearthflame, F|100\/100\n|-end|p1a: Weezing|ability: Neutralizing Gas\n|-ability|p2a: Ogerpon|Mold Breaker\n|switch|p1a: Gastrodon|Gastrodon, M|100\/100\n|\n|-weather|Snow|[upkeep]\n|upkeep\n|turn|8\n|\n|t:|1699019707\n|switch|p1a: Weezing|Weezing-Galar, M|81\/100\n|-ability|p1a: Weezing|Neutralizing Gas\n|move|p2a: Ogerpon|U-turn|p1a: Weezing\n|-resisted|p1a: Weezing\n|-damage|p1a: Weezing|76\/100\n|\n|t:|1699019770\n|switch|p2a: Jolteon|Jolteon, F|85\/100|[from] U-turn\n|\n|-weather|Snow|[upkeep]\n|-heal|p1a: Weezing|82\/100|[from] item: Black Sludge\n|upkeep\n|turn|9\n|\n|t:|1699019784\n|switch|p2a: Ogerpon|Ogerpon-Hearthflame, F|100\/100\n|-end|p1a: Weezing|ability: Neutralizing Gas\n|-ability|p2a: Ogerpon|Mold Breaker\n|switch|p1a: Gastrodon|Gastrodon, M|100\/100\n|\n|-weather|none\n|upkeep\n|turn|10\n|j| OUVTSpiritBlossom\n|\n|t:|1699019802\n|switch|p1a: Weezing|Weezing-Galar, M|82\/100\n|-ability|p1a: Weezing|Neutralizing Gas\n|move|p2a: Ogerpon|Ivy Cudgel|p1a: Weezing\n|-damage|p1a: Weezing|44\/100\n|\n|-heal|p1a: Weezing|50\/100|[from] item: Black Sludge\n|upkeep\n|turn|11\n|\n|t:|1699019812\n|move|p2a: Ogerpon|U-turn|p1a: Weezing\n|-resisted|p1a: Weezing\n|-damage|p1a: Weezing|45\/100\n|\n|t:|1699019820\n|switch|p2a: Jolteon|Jolteon, F|85\/100|[from] U-turn\n|move|p1a: Weezing|Pain Split|p2a: Jolteon\n|-sethp|p2a: Jolteon|68\/100|[from] move: Pain Split|[silent]\n|-sethp|p1a: Weezing|60\/100|[from] move: Pain Split\n|\n|-heal|p1a: Weezing|66\/100|[from] item: Black Sludge\n|upkeep\n|turn|12\n|\n|t:|1699019853\n|switch|p2a: Ogerpon|Ogerpon-Hearthflame, F|100\/100\n|move|p1a: Weezing|Pain Split|p2a: Ogerpon\n|-sethp|p2a: Ogerpon|86\/100|[from] move: Pain Split|[silent]\n|-sethp|p1a: Weezing|79\/100|[from] move: Pain Split\n|\n|-heal|p1a: Weezing|85\/100|[from] item: Black Sludge\n|upkeep\n|turn|13\n|\n|t:|1699019858\n|move|p2a: Ogerpon|U-turn|p1a: Weezing\n|-resisted|p1a: Weezing\n|-damage|p1a: Weezing|80\/100\n|\n|t:|1699019867\n|switch|p2a: Alomomola|Alomomola, M|100\/100|[from] U-turn\n|move|p1a: Weezing|Sludge Bomb|p2a: Alomomola\n|-damage|p2a: Alomomola|73\/100\n|\n|-heal|p1a: Weezing|86\/100|[from] item: Black Sludge\n|-heal|p2a: Alomomola|79\/100|[from] item: Leftovers\n|upkeep\n|turn|14\n|\n|t:|1699019882\n|-end|p1a: Weezing|ability: Neutralizing Gas\n|switch|p1a: Gastrodon|Gastrodon, M|100\/100\n|move|p2a: Alomomola|Flip Turn|p1a: Gastrodon\n|-damage|p1a: Gastrodon|87\/100\n|\n|t:|1699019886\n|switch|p2a: Ninetales|Ninetales-Alola, F|100\/100|[from] Flip Turn\n|-weather|Snow|[from] ability: Snow Warning|[of] p2a: Ninetales\n|\n|-weather|Snow|[upkeep]\n|upkeep\n|turn|15\n|\n|t:|1699019896\n|switch|p2a: Sandslash|Sandslash-Alola, F|100\/100\n|switch|p1a: Jirachi|Jirachi|100\/100\n|\n|-weather|Snow|[upkeep]\n|upkeep\n|turn|16\n|\n|t:|1699019900\n|switch|p1a: Gastrodon|Gastrodon, M|87\/100\n|move|p2a: Sandslash|Swords Dance|p2a: Sandslash\n|-boost|p2a: Sandslash|atk|2\n|\n|-weather|Snow|[upkeep]\n|upkeep\n|turn|17\n|\n|t:|1699019908\n|move|p2a: Sandslash|Icicle Spear|p1a: Gastrodon\n|-damage|p1a: Gastrodon|66\/100\n|-damage|p1a: Gastrodon|48\/100\n|-damage|p1a: Gastrodon|29\/100\n|-damage|p1a: Gastrodon|9\/100\n|-hitcount|p1a: Gastrodon|4\n|move|p1a: Gastrodon|Surf|p2a: Sandslash\n|-damage|p2a: Sandslash|57\/100\n|\n|-weather|Snow|[upkeep]\n|upkeep\n|turn|18\n|\n|t:|1699019926\n|move|p2a: Sandslash|Earthquake|p1a: Gastrodon\n|-damage|p1a: Gastrodon|0 fnt\n|faint|p1a: Gastrodon\n|\n|-weather|Snow|[upkeep]\n|upkeep\n|\n|t:|1699019942\n|switch|p1a: Eelektross|Eelektross, M|100\/100\n|turn|19\n|\n|t:|1699019959\n|switch|p1a: Jirachi|Jirachi|100\/100\n|move|p2a: Sandslash|Icicle Spear|p1a: Jirachi\n|-resisted|p1a: Jirachi\n|-damage|p1a: Jirachi|90\/100\n|-resisted|p1a: Jirachi\n|-damage|p1a: Jirachi|80\/100\n|-resisted|p1a: Jirachi\n|-damage|p1a: Jirachi|70\/100\n|-resisted|p1a: Jirachi\n|-damage|p1a: Jirachi|60\/100\n|-resisted|p1a: Jirachi\n|-damage|p1a: Jirachi|51\/100\n|-hitcount|p1a: Jirachi|5\n|\n|-weather|Snow|[upkeep]\n|upkeep\n|turn|20\n|\n|t:|1699019973\n|move|p1a: Jirachi|Protect|p1a: Jirachi\n|-singleturn|p1a: Jirachi|Protect\n|move|p2a: Sandslash|Icicle Spear|p1a: Jirachi\n|-activate|p1a: Jirachi|move: Protect\n|\n|-weather|Snow|[upkeep]\n|upkeep\n|turn|21\n|\n|t:|1699019983\n|switch|p1a: Eelektross|Eelektross, M|100\/100\n|move|p2a: Sandslash|Rapid Spin|p1a: Eelektross\n|-damage|p1a: Eelektross|65\/100\n|-boost|p2a: Sandslash|spe|1\n|\n|-weather|none\n|-heal|p1a: Eelektross|71\/100|[from] item: Leftovers\n|upkeep\n|turn|22\n|\n|t:|1699020019\n|move|p2a: Sandslash|Icicle Spear|p1a: Eelektross\n|-damage|p1a: Eelektross|44\/100\n|-damage|p1a: Eelektross|16\/100\n|-damage|p1a: Eelektross|0 fnt\n|faint|p1a: Eelektross\n|-hitcount|p1: Eelektross|3\n|\n|upkeep\n|\n|t:|1699020024\n|switch|p1a: Infernape|Infernape, M|100\/100\n|turn|23\n|\n|t:|1699020033\n|switch|p2a: Kommo-o|Kommo-o, F|100\/100\n|move|p1a: Infernape|Mach Punch|p2a: Kommo-o\n|-damage|p2a: Kommo-o|83\/100\n|\n|-heal|p2a: Kommo-o|89\/100|[from] item: Leftovers\n|upkeep\n|turn|24\n|\n|t:|1699020036\n|switch|p1a: Jirachi|Jirachi|51\/100\n|move|p2a: Kommo-o|Stealth Rock|p1a: Jirachi\n|-sidestart|p1: Erenicko.|move: Stealth Rock\n|\n|-heal|p2a: Kommo-o|95\/100|[from] item: Leftovers\n|upkeep\n|turn|25\n|\n|t:|1699020044\n|switch|p2a: Alomomola|Alomomola, M|100\/100\n|move|p1a: Jirachi|Wish|p1a: Jirachi\n|\n|upkeep\n|turn|26\n|\n|t:|1699020062\n|move|p1a: Jirachi|Thunder|p2a: Alomomola\n|-supereffective|p2a: Alomomola\n|-damage|p2a: Alomomola|39\/100\n|-status|p2a: Alomomola|par\n|move|p2a: Alomomola|Scald|p1a: Jirachi\n|-damage|p1a: Jirachi|39\/100\n|\n|-heal|p1a: Jirachi|89\/100|[from] move: Wish|[wisher] Jirachi\n|-heal|p2a: Alomomola|46\/100 par|[from] item: Leftovers\n|upkeep\n|turn|27\n|\n|t:|1699020075\n|switch|p2a: Jolteon|Jolteon, F|68\/100\n|move|p1a: Jirachi|Wish|p1a: Jirachi\n|\n|upkeep\n|turn|28\n|\n|t:|1699020096\n|move|p2a: Jolteon|Volt Switch|p1a: Jirachi\n|-damage|p1a: Jirachi|45\/100\n|\n|t:|1699020103\n|switch|p2a: Ogerpon|Ogerpon-Hearthflame, F|86\/100|[from] Volt Switch\n|-ability|p2a: Ogerpon|Mold Breaker\n|move|p1a: Jirachi|Psychic|p2a: Ogerpon\n|-damage|p2a: Ogerpon|46\/100\n|-unboost|p2a: Ogerpon|spd|1\n|\n|-heal|p1a: Jirachi|95\/100|[from] move: Wish|[wisher] Jirachi\n|upkeep\n|turn|29\n|\n|t:|1699020111\n|move|p1a: Jirachi|Protect|p1a: Jirachi\n|-singleturn|p1a: Jirachi|Protect\n|move|p2a: Ogerpon|Ivy Cudgel|p1a: Jirachi\n|-activate|p1a: Jirachi|move: Protect\n|\n|upkeep\n|turn|30\n|\n|t:|1699020117\n|switch|p1a: Weezing|Weezing-Galar, M|86\/100\n|-ability|p1a: Weezing|Neutralizing Gas\n|-damage|p1a: Weezing|74\/100|[from] Stealth Rock\n|move|p2a: Ogerpon|Ivy Cudgel|p1a: Weezing\n|-crit|p1a: Weezing\n|-damage|p1a: Weezing|11\/100\n|\n|-heal|p1a: Weezing|17\/100|[from] item: Black Sludge\n|upkeep\n|turn|31\n|\n|t:|1699020131\n|move|p2a: Ogerpon|Ivy Cudgel|p1a: Weezing\n|-damage|p1a: Weezing|0 fnt\n|faint|p1a: Weezing\n|-end|p1a: Weezing|ability: Neutralizing Gas\n|-ability|p2a: Ogerpon|Mold Breaker\n|\n|upkeep\n|\n|t:|1699020157\n|switch|p1a: Infernape|Infernape, M|100\/100\n|-damage|p1a: Infernape|88\/100|[from] Stealth Rock\n|turn|32\n|\n|t:|1699020176\n|move|p2a: Ogerpon|Stomping Tantrum|p1a: Infernape\n|-supereffective|p1a: Infernape\n|-damage|p1a: Infernape|7\/100\n|move|p1a: Infernape|Swords Dance|p1a: Infernape\n|-boost|p1a: Infernape|atk|2\n|\n|upkeep\n|turn|33\n|\n|t:|1699020194\n|move|p1a: Infernape|Mach Punch|p2a: Ogerpon\n|-damage|p2a: Ogerpon|0 fnt\n|faint|p2a: Ogerpon\n|\n|upkeep\n|\n|t:|1699020196\n|switch|p2a: Kommo-o|Kommo-o, F|95\/100\n|turn|34\n|\n|t:|1699020199\n|move|p1a: Infernape|Drain Punch|p2a: Kommo-o\n|-damage|p2a: Kommo-o|35\/100\n|-heal|p1a: Infernape|41\/100|[from] drain|[of] p2a: Kommo-o\n|move|p2a: Kommo-o|Body Press|p1a: Infernape\n|-damage|p1a: Infernape|0 fnt\n|faint|p1a: Infernape\n|\n|-heal|p2a: Kommo-o|42\/100|[from] item: Leftovers\n|upkeep\n|\n|t:|1699020205\n|switch|p1a: Braviary|Braviary-Hisui, M|100\/100\n|-damage|p1a: Braviary|76\/100|[from] Stealth Rock\n|turn|35\n|\n|t:|1699020213\n|switch|p2a: Ninetales|Ninetales-Alola, F|100\/100\n|-weather|Snow|[from] ability: Snow Warning|[of] p2a: Ninetales\n|move|p1a: Braviary|Calm Mind|p1a: Braviary\n|-boost|p1a: Braviary|spa|1\n|-boost|p1a: Braviary|spd|1\n|\n|-weather|Snow|[upkeep]\n|upkeep\n|turn|36\n|\n|t:|1699020219\n|move|p2a: Ninetales|Blizzard|p1a: Braviary\n|-supereffective|p1a: Braviary\n|-damage|p1a: Braviary|2\/100\n|move|p1a: Braviary|Esper Wing|p2a: Ninetales\n|-damage|p2a: Ninetales|36\/100\n|-boost|p1a: Braviary|spe|1\n|\n|-weather|Snow|[upkeep]\n|upkeep\n|turn|37\n|\n|t:|1699020224\n|move|p1a: Braviary|Esper Wing|p2a: Ninetales\n|-crit|p2a: Ninetales\n|-damage|p2a: Ninetales|0 fnt\n|-boost|p1a: Braviary|spe|1\n|faint|p2a: Ninetales\n|\n|-weather|Snow|[upkeep]\n|upkeep\n|\n|t:|1699020230\n|switch|p2a: Sandslash|Sandslash-Alola, F|57\/100\n|turn|38\n|\n|t:|1699020235\n|move|p1a: Braviary|Esper Wing|p2a: Sandslash\n|-resisted|p2a: Sandslash\n|-damage|p2a: Sandslash|0 fnt\n|-boost|p1a: Braviary|spe|1\n|faint|p2a: Sandslash\n|\n|-weather|Snow|[upkeep]\n|upkeep\n|\n|t:|1699020239\n|switch|p2a: Jolteon|Jolteon, F|68\/100\n|turn|39\n|\n|t:|1699020242\n|move|p1a: Braviary|Esper Wing|p2a: Jolteon\n|-damage|p2a: Jolteon|4\/100\n|-boost|p1a: Braviary|spe|1\n|move|p2a: Jolteon|Thunderbolt|p1a: Braviary\n|-supereffective|p1a: Braviary\n|-damage|p1a: Braviary|0 fnt\n|faint|p1a: Braviary\n|\n|-weather|Snow|[upkeep]\n|upkeep\n|\n|t:|1699020249\n|switch|p1a: Jirachi|Jirachi|95\/100\n|-damage|p1a: Jirachi|89\/100|[from] Stealth Rock\n|turn|40\n|\n|t:|1699020254\n|switch|p2a: Kommo-o|Kommo-o, F|42\/100\n|move|p1a: Jirachi|Psychic|p2a: Kommo-o\n|-supereffective|p2a: Kommo-o\n|-damage|p2a: Kommo-o|0 fnt\n|faint|p2a: Kommo-o\n|\n|-weather|Snow|[upkeep]\n|upkeep\n|\n|t:|1699020256\n|switch|p2a: Jolteon|Jolteon, F|4\/100\n|turn|41\n|\n|t:|1699020259\n|move|p2a: Jolteon|Volt Switch|p1a: Jirachi\n|-damage|p1a: Jirachi|46\/100\n|\n|t:|1699020261\n|switch|p2a: Alomomola|Alomomola, M|79\/100 par|[from] Volt Switch\n|move|p1a: Jirachi|Wish|p1a: Jirachi\n|\n|-weather|Snow|[upkeep]\n|-heal|p2a: Alomomola|85\/100 par|[from] item: Leftovers\n|upkeep\n|turn|42\n|\n|t:|1699020266\n|move|p1a: Jirachi|Psychic|p2a: Alomomola\n|-damage|p2a: Alomomola|47\/100 par\n|move|p2a: Alomomola|Wish|p2a: Alomomola\n|\n|-weather|none\n|-heal|p1a: Jirachi|96\/100|[from] move: Wish|[wisher] Jirachi\n|-heal|p2a: Alomomola|54\/100 par|[from] item: Leftovers\n|upkeep\n|turn|43\n|\n|t:|1699020275\n|move|p2a: Alomomola|Protect|p2a: Alomomola\n|-singleturn|p2a: Alomomola|Protect\n|move|p1a: Jirachi|Psychic|p2a: Alomomola\n|-activate|p2a: Alomomola|move: Protect\n|\n|-heal|p2a: Alomomola|100\/100 par|[from] move: Wish|[wisher] Alomomola\n|upkeep\n|turn|44\n|\n|t:|1699020278\n|move|p1a: Jirachi|Thunder|p2a: Alomomola\n|-supereffective|p2a: Alomomola\n|-damage|p2a: Alomomola|37\/100 par\n|move|p2a: Alomomola|Wish|p2a: Alomomola\n|\n|-heal|p2a: Alomomola|44\/100 par|[from] item: Leftovers\n|upkeep\n|turn|45\n|\n|t:|1699020284\n|move|p1a: Jirachi|Psychic|p2a: Alomomola\n|-damage|p2a: Alomomola|3\/100 par\n|move|p2a: Alomomola|Flip Turn|p1a: Jirachi\n|-damage|p1a: Jirachi|81\/100\n|\n|t:|1699020286\n|switch|p2a: Jolteon|Jolteon, F|4\/100|[from] Flip Turn\n|\n|-heal|p2a: Jolteon|91\/100|[from] move: Wish|[wisher] Alomomola\n|upkeep\n|turn|46\n|\n|t:|1699020296\n|move|p2a: Jolteon|Shadow Ball|p1a: Jirachi\n|-supereffective|p1a: Jirachi\n|-damage|p1a: Jirachi|23\/100\n|move|p1a: Jirachi|Wish|p1a: Jirachi\n|\n|upkeep\n|turn|47\n|\n|t:|1699020298\n|move|p1a: Jirachi|Protect|p1a: Jirachi\n|-singleturn|p1a: Jirachi|Protect\n|move|p2a: Jolteon|Shadow Ball|p1a: Jirachi\n|-activate|p1a: Jirachi|move: Protect\n|\n|-heal|p1a: Jirachi|73\/100|[from] move: Wish|[wisher] Jirachi\n|upkeep\n|turn|48\n|\n|t:|1699020301\n|move|p2a: Jolteon|Shadow Ball|p1a: Jirachi\n|-supereffective|p1a: Jirachi\n|-damage|p1a: Jirachi|6\/100\n|move|p1a: Jirachi|Wish|p1a: Jirachi\n|\n|upkeep\n|turn|49\n|\n|t:|1699020304\n|move|p1a: Jirachi|Protect|p1a: Jirachi\n|-singleturn|p1a: Jirachi|Protect\n|move|p2a: Jolteon|Shadow Ball|p1a: Jirachi\n|-activate|p1a: Jirachi|move: Protect\n|\n|-heal|p1a: Jirachi|56\/100|[from] move: Wish|[wisher] Jirachi\n|upkeep\n|turn|50\n|c|\u2606Erenicko.|joa gg\n|c|\u2606diggersby69|gg\n|c|\u2606Erenicko.|maybe sollt ich doch hurricanen da\n|\n|t:|1699020311\n|move|p2a: Jolteon|Shadow Ball|p1a: Jirachi\n|-supereffective|p1a: Jirachi\n|-damage|p1a: Jirachi|0 fnt\n|faint|p1a: Jirachi\n|\n|win|diggersby69\n|c|\u2606Erenicko.|schade\n|c|\u2606diggersby69|das war noch scary\n|l| Timgameboy\n|c|\u2606Erenicko.|war halt ne 50\/5\u00df\n|c|\u2606diggersby69|jo\n|c|\u2606Erenicko.|h\u00e4tte da hurricanen sollen\n|c| Roy SPL|gg\n|l| Frxnklyn\n|c| Roy SPL|sch\u00f6nes game zum angucken\n|c|\u2606Erenicko.|wie viel\n|c|\u2606Erenicko.|hp hast di?\n|c|\u2606Erenicko.|also auf jolteon\n|c|\u2606diggersby69|88\n","uploadtime":1699020364,"views":27,"p1id":"erenicko","p2id":"diggersby69","formatid":"gen9anythinggoes","rating":0,"private":0,"password":""}