{"id":"gen9anythinggoes-1992113291","p1":"I'm some Guy1234","p2":"Tankie Goddess","format":"[Gen 9] Anything Goes","log":"|j|\u2606I'm some Guy1234\n|j|\u2606Tankie Goddess\n|t:|1700156183\n|gametype|singles\n|player|p1|I'm some Guy1234|1|1019\n|player|p2|Tankie Goddess|iris-gen5bw2|1056\n|teamsize|p1|6\n|teamsize|p2|6\n|gen|9\n|tier|[Gen 9] Anything Goes\n|rated|\n|rule|HP Percentage Mod: HP is shown in percentages\n|rule|Endless Battle Clause: Forcing endless battles is banned\n|clearpoke\n|poke|p1|Jolteon, F|\n|poke|p1|Flareon, M|\n|poke|p1|Espeon, M|\n|poke|p1|Sylveon, M|\n|poke|p1|Umbreon, F|\n|poke|p1|Vaporeon, F|\n|poke|p2|Calyrex-Shadow|\n|poke|p2|Azumarill, F|\n|poke|p2|Cyclizar, F|\n|poke|p2|Muk-Alola, M|\n|poke|p2|Ursaluna, M|\n|poke|p2|Slowking-Galar, F|\n|teampreview\n|c|\u2606I'm some Guy1234|hello\n|c|\u2606Tankie Goddess|Howdy pardner\n|c|\u2606I'm some Guy1234|howdy\n|\n|t:|1700156205\n|start\n|switch|p1a: Jolty|Jolteon, F|100\/100\n|switch|p2a: Cyclizar|Cyclizar, F|100\/100\n|turn|1\n|\n|t:|1700156213\n|move|p2a: Cyclizar|Shed Tail|p2a: Cyclizar\n|-start|p2a: Cyclizar|Substitute|[from] move: Shed Tail\n|-damage|p2a: Cyclizar|50\/100\n|\n|t:|1700156218\n|switch|p2a: Ursaluna|Ursaluna, M|100\/100|[from] Shed Tail\n|move|p1a: Jolty|Thunderbolt|p2a: Ursaluna\n|-immune|p2a: Ursaluna\n|\n|-status|p2a: Ursaluna|brn|[from] item: Flame Orb\n|upkeep\n|turn|2\n|c|\u2606I'm some Guy1234|oh no\n|\n|t:|1700156228\n|move|p1a: Jolty|Quick Attack|p2a: Ursaluna\n|-activate|p2a: Ursaluna|move: Substitute|[damage]\n|move|p2a: Ursaluna|Belly Drum|p2a: Ursaluna\n|-damage|p2a: Ursaluna|50\/100 brn\n|-setboost|p2a: Ursaluna|atk|6|[from] move: Belly Drum\n|\n|-damage|p2a: Ursaluna|44\/100 brn|[from] brn\n|upkeep\n|turn|3\n|c|\u2606I'm some Guy1234|you little smart boi\n|\n|t:|1700156249\n|move|p1a: Jolty|Quick Attack|p2a: Ursaluna\n|-activate|p2a: Ursaluna|move: Substitute|[damage]\n|move|p2a: Ursaluna|Metronome|p2a: Ursaluna\n|move|p2a: Ursaluna|Double Hit|p1a: Jolty|[from]move: Metronome|[miss]\n|-miss|p2a: Ursaluna|p1a: Jolty\n|\n|-damage|p2a: Ursaluna|38\/100 brn|[from] brn\n|upkeep\n|turn|4\n|c|\u2606Tankie Goddess|Tru\n|\n|t:|1700156261\n|move|p1a: Jolty|Quick Attack|p2a: Ursaluna\n|-end|p2a: Ursaluna|Substitute\n|move|p2a: Ursaluna|Rest|p2a: Ursaluna\n|-status|p2a: Ursaluna|slp|[from] move: Rest\n|-heal|p2a: Ursaluna|100\/100 slp|[silent]\n|\n|upkeep\n|turn|5\n|\n|t:|1700156278\n|move|p1a: Jolty|Quick Attack|p2a: Ursaluna\n|-crit|p2a: Ursaluna\n|-damage|p2a: Ursaluna|90\/100 slp\n|cant|p2a: Ursaluna|slp\n|\n|upkeep\n|turn|6\n|\n|t:|1700156290\n|move|p1a: Jolty|Calm Mind|p1a: Jolty\n|-boost|p1a: Jolty|spa|1\n|-boost|p1a: Jolty|spd|1\n|cant|p2a: Ursaluna|slp\n|\n|upkeep\n|turn|7\n|\n|t:|1700156303\n|move|p1a: Jolty|Calm Mind|p1a: Jolty\n|-boost|p1a: Jolty|spa|1\n|-boost|p1a: Jolty|spd|1\n|-curestatus|p2a: Ursaluna|slp|[msg]\n|move|p2a: Ursaluna|Metronome|p2a: Ursaluna\n|move|p2a: Ursaluna|Yawn|p1a: Jolty|[from]move: Metronome\n|-start|p1a: Jolty|move: Yawn|[of] p2a: Ursaluna\n|\n|-status|p2a: Ursaluna|brn|[from] item: Flame Orb\n|upkeep\n|turn|8\n|\n|t:|1700156313\n|move|p1a: Jolty|Thunderbolt|p2a: Ursaluna\n|-immune|p2a: Ursaluna\n|move|p2a: Ursaluna|Metronome|p2a: Ursaluna\n|move|p2a: Ursaluna|Bite|p1a: Jolty|[from]move: Metronome\n|-damage|p1a: Jolty|0 fnt\n|faint|p1a: Jolty\n|\n|-damage|p2a: Ursaluna|84\/100 brn|[from] brn\n|upkeep\n|\n|t:|1700156323\n|switch|p1a: Good Flair|Flareon, M|100\/100\n|turn|9\n|\n|t:|1700156334\n|move|p1a: Good Flair|Flamethrower|p2a: Ursaluna\n|-damage|p2a: Ursaluna|58\/100 brn\n|move|p2a: Ursaluna|Metronome|p2a: Ursaluna\n|move|p2a: Ursaluna|Water Gun|p1a: Good Flair|[from]move: Metronome\n|-supereffective|p1a: Good Flair\n|-damage|p1a: Good Flair|89\/100\n|\n|-heal|p1a: Good Flair|95\/100|[from] item: Leftovers\n|-damage|p2a: Ursaluna|52\/100 brn|[from] brn\n|upkeep\n|turn|10\n|\n|t:|1700156353\n|move|p1a: Good Flair|Flamethrower|p2a: Ursaluna\n|-damage|p2a: Ursaluna|27\/100 brn\n|move|p2a: Ursaluna|Metronome|p2a: Ursaluna\n|move|p2a: Ursaluna|Seismic Toss|p1a: Good Flair|[from]move: Metronome\n|-damage|p1a: Good Flair|58\/100\n|\n|-heal|p1a: Good Flair|64\/100|[from] item: Leftovers\n|-damage|p2a: Ursaluna|21\/100 brn|[from] brn\n|upkeep\n|turn|11\n|\n|t:|1700156365\n|move|p1a: Good Flair|Flamethrower|p2a: Ursaluna\n|-damage|p2a: Ursaluna|0 fnt\n|faint|p2a: Ursaluna\n|\n|-heal|p1a: Good Flair|70\/100|[from] item: Leftovers\n|upkeep\n|\n|t:|1700156371\n|switch|p2a: Cyclizar|Cyclizar, F|84\/100\n|turn|12\n|\n|t:|1700156381\n|move|p2a: Cyclizar|Shed Tail|p2a: Cyclizar\n|-start|p2a: Cyclizar|Substitute|[from] move: Shed Tail\n|-damage|p2a: Cyclizar|34\/100\n|\n|t:|1700156389\n|switch|p2a: Azumarill|Azumarill, F|100\/100|[from] Shed Tail\n|move|p1a: Good Flair|Flamethrower|p2a: Azumarill\n|-resisted|p2a: Azumarill\n|-end|p2a: Azumarill|Substitute\n|\n|-heal|p1a: Good Flair|76\/100|[from] item: Leftovers\n|upkeep\n|turn|13\n|c|\u2606I'm some Guy1234|aw hell nah\n|\n|t:|1700156402\n|switch|p1a: Not the MEMES|Vaporeon, F|100\/100\n|move|p2a: Azumarill|Belly Drum|p2a: Azumarill\n|-damage|p2a: Azumarill|50\/100\n|-setboost|p2a: Azumarill|atk|6|[from] move: Belly Drum\n|\n|upkeep\n|turn|14\n|\n|t:|1700156413\n|move|p2a: Azumarill|Metronome|p2a: Azumarill\n|move|p2a: Azumarill|Metal Burst||[from]move: Metronome|[still]\n|-fail|p2a: Azumarill\n|move|p1a: Not the MEMES|Surf|p2a: Azumarill\n|-resisted|p2a: Azumarill\n|-damage|p2a: Azumarill|22\/100\n|\n|upkeep\n|turn|15\n|\n|t:|1700156423\n|move|p2a: Azumarill|Metronome|p2a: Azumarill\n|move|p2a: Azumarill|Stealth Rock|p1a: Not the MEMES|[from]move: Metronome\n|-sidestart|p1: I'm some Guy1234|move: Stealth Rock\n|move|p1a: Not the MEMES|Surf|p2a: Azumarill\n|-resisted|p2a: Azumarill\n|-damage|p2a: Azumarill|0 fnt\n|faint|p2a: Azumarill\n|\n|upkeep\n|\n|t:|1700156430\n|switch|p2a: Cyclizar|Cyclizar, F|67\/100\n|turn|16\n|c|\u2606I'm some Guy1234|yes\n|\n|t:|1700156437\n|move|p2a: Cyclizar|Shed Tail|p2a: Cyclizar\n|-start|p2a: Cyclizar|Substitute|[from] move: Shed Tail\n|-damage|p2a: Cyclizar|17\/100\n|c|\u2606I'm some Guy1234|no\n|\n|t:|1700156446\n|switch|p2a: Muk|Muk-Alola, M, shiny|100\/100|[from] Shed Tail\n|move|p1a: Not the MEMES|Surf|p2a: Muk\n|-end|p2a: Muk|Substitute\n|\n|upkeep\n|turn|17\n|\n|t:|1700156455\n|move|p1a: Not the MEMES|Surf|p2a: Muk\n|-damage|p2a: Muk|61\/100\n|move|p2a: Muk|Minimize|p2a: Muk\n|-boost|p2a: Muk|evasion|2\n|\n|upkeep\n|turn|18\n|\n|t:|1700156467\n|move|p1a: Not the MEMES|Surf|p2a: Muk|[miss]\n|-miss|p1a: Not the MEMES|p2a: Muk\n|move|p2a: Muk|Minimize|p2a: Muk\n|-boost|p2a: Muk|evasion|2\n|\n|upkeep\n|turn|19\n|\n|t:|1700156480\n|switch|p1a: Umbrella|Umbreon, F|100\/100\n|-damage|p1a: Umbrella|88\/100|[from] Stealth Rock\n|move|p2a: Muk|Minimize|p2a: Muk\n|-boost|p2a: Muk|evasion|2\n|\n|-heal|p1a: Umbrella|94\/100|[from] item: Leftovers\n|upkeep\n|turn|20\n|\n|t:|1700156496\n|move|p1a: Umbrella|Toxic|p2a: Muk|[miss]\n|-miss|p1a: Umbrella|p2a: Muk\n|move|p2a: Muk|Drain Punch|p1a: Umbrella\n|-supereffective|p1a: Umbrella\n|-damage|p1a: Umbrella|50\/100\n|-heal|p2a: Muk|83\/100|[from] drain|[of] p1a: Umbrella\n|\n|-heal|p1a: Umbrella|56\/100|[from] item: Leftovers\n|upkeep\n|turn|21\n|\n|t:|1700156505\n|move|p1a: Umbrella|Crunch|p2a: Muk|[miss]\n|-miss|p1a: Umbrella|p2a: Muk\n|move|p2a: Muk|Drain Punch|p1a: Umbrella\n|-supereffective|p1a: Umbrella\n|-damage|p1a: Umbrella|12\/100\n|-heal|p2a: Muk|100\/100|[from] drain|[of] p1a: Umbrella\n|\n|-heal|p1a: Umbrella|18\/100|[from] item: Leftovers\n|upkeep\n|turn|22\n|c|\u2606I'm some Guy1234|Im deAD\n|\n|t:|1700156520\n|switch|p1a: Good Flair|Flareon, M|76\/100\n|-damage|p1a: Good Flair|51\/100|[from] Stealth Rock\n|move|p2a: Muk|Metronome|p2a: Muk\n|move|p2a: Muk|Gust|p1a: Good Flair|[from]move: Metronome\n|-damage|p1a: Good Flair|44\/100\n|\n|-heal|p1a: Good Flair|50\/100|[from] item: Leftovers\n|upkeep\n|turn|23\n|\n|t:|1700156530\n|move|p1a: Good Flair|Flamethrower|p2a: Muk|[miss]\n|-miss|p1a: Good Flair|p2a: Muk\n|move|p2a: Muk|Metronome|p2a: Muk\n|move|p2a: Muk|Charge Beam|p1a: Good Flair|[from]move: Metronome\n|-damage|p1a: Good Flair|42\/100\n|-boost|p2a: Muk|spa|1\n|\n|-heal|p1a: Good Flair|48\/100|[from] item: Leftovers\n|upkeep\n|turn|24\n|\n|t:|1700156548\n|move|p1a: Good Flair|Flamethrower|p2a: Muk\n|-damage|p2a: Muk|66\/100\n|move|p2a: Muk|Metronome|p2a: Muk\n|move|p2a: Muk|Grassy Terrain|p2a: Muk|[from]move: Metronome\n|-fieldstart|move: Grassy Terrain\n|\n|-heal|p1a: Good Flair|54\/100|[from] Grassy Terrain\n|-heal|p1a: Good Flair|60\/100|[from] item: Leftovers\n|-heal|p2a: Muk|72\/100|[from] Grassy Terrain\n|upkeep\n|turn|25\n|\n|t:|1700156558\n|move|p1a: Good Flair|Flamethrower|p2a: Muk\n|-damage|p2a: Muk|37\/100\n|move|p2a: Muk|Metronome|p2a: Muk\n|move|p2a: Muk|Horn Attack|p1a: Good Flair|[from]move: Metronome\n|-damage|p1a: Good Flair|13\/100\n|\n|-heal|p1a: Good Flair|19\/100|[from] Grassy Terrain\n|-heal|p1a: Good Flair|24\/100|[from] item: Leftovers\n|-heal|p2a: Muk|44\/100|[from] Grassy Terrain\n|upkeep\n|turn|26\n|c|\u2606I'm some Guy1234|yes\n|\n|t:|1700156569\n|move|p1a: Good Flair|Flamethrower|p2a: Muk\n|-damage|p2a: Muk|11\/100\n|move|p2a: Muk|Metronome|p2a: Muk\n|move|p2a: Muk|Dire Claw|p1a: Good Flair|[from]move: Metronome\n|-damage|p1a: Good Flair|0 fnt\n|faint|p1a: Good Flair\n|\n|-heal|p2a: Muk|18\/100|[from] Grassy Terrain\n|upkeep\n|c|\u2606I'm some Guy1234|no\n|\n|t:|1700156579\n|switch|p1a: Espy|Espeon, M|100\/100\n|-damage|p1a: Espy|88\/100|[from] Stealth Rock\n|turn|27\n|\n|t:|1700156587\n|move|p1a: Espy|Psyshock|p2a: Muk\n|-immune|p2a: Muk\n|move|p2a: Muk|Metronome|p2a: Muk\n|move|p2a: Muk|Outrage|p1a: Espy|[from]move: Metronome\n|-damage|p1a: Espy|16\/100\n|\n|-heal|p1a: Espy|22\/100|[from] Grassy Terrain\n|-heal|p1a: Espy|27\/100|[from] item: Leftovers\n|-heal|p2a: Muk|24\/100|[from] Grassy Terrain\n|upkeep\n|turn|28\n|\n|t:|1700156599\n|move|p1a: Espy|Dazzling Gleam|p2a: Muk\n|-damage|p2a: Muk|0 fnt\n|faint|p2a: Muk\n|\n|-heal|p1a: Espy|33\/100|[from] Grassy Terrain\n|-heal|p1a: Espy|39\/100|[from] item: Leftovers\n|-fieldend|move: Grassy Terrain\n|upkeep\n|c|\u2606I'm some Guy1234|YES FINALLY\n|\n|t:|1700156608\n|switch|p2a: Cyclizar|Cyclizar, F|50\/100\n|turn|29\n|c|\u2606I'm some Guy1234|KILL IT\n|c|\u2606Tankie Goddess|Hes dead ;(\n|\n|t:|1700156633\n|move|p2a: Cyclizar|U-turn|p1a: Espy\n|-supereffective|p1a: Espy\n|-damage|p1a: Espy|0 fnt\n|faint|p1a: Espy\n|c|\u2606I'm some Guy1234|FUCK\n|\n|t:|1700156643\n|switch|p2a: Slowking|Slowking-Galar, F, shiny|100\/100|[from] U-turn\n|\n|upkeep\n|c|\u2606I'm some Guy1234|i was so stupid\n|\n|t:|1700156652\n|switch|p1a: Not the MEMES|Vaporeon, F|100\/100\n|-damage|p1a: Not the MEMES|88\/100|[from] Stealth Rock\n|turn|30\n|\n|t:|1700156665\n|move|p1a: Not the MEMES|Surf|p2a: Slowking\n|-damage|p2a: Slowking|55\/100\n|move|p2a: Slowking|Toxic|p1a: Not the MEMES\n|-status|p1a: Not the MEMES|tox\n|\n|-heal|p1a: Not the MEMES|94\/100 tox|[from] item: Leftovers\n|-damage|p1a: Not the MEMES|88\/100 tox|[from] psn\n|upkeep\n|turn|31\n|c|\u2606Tankie Goddess|Nah\n|\n|t:|1700156683\n|move|p1a: Not the MEMES|Surf|p2a: Slowking\n|-crit|p2a: Slowking\n|-damage|p2a: Slowking|0 fnt\n|faint|p2a: Slowking\n|\n|-heal|p1a: Not the MEMES|94\/100 tox|[from] item: Leftovers\n|-damage|p1a: Not the MEMES|82\/100 tox|[from] psn\n|upkeep\n|\n|t:|1700156690\n|switch|p2a: Cyclizar|Cyclizar, F|83\/100\n|turn|32\n|\n|t:|1700156699\n|move|p2a: Cyclizar|Shed Tail|p2a: Cyclizar\n|-start|p2a: Cyclizar|Substitute|[from] move: Shed Tail\n|-damage|p2a: Cyclizar|33\/100\n|\n|t:|1700156704\n|switch|p2a: Calyrex|Calyrex-Shadow|100\/100|[from] Shed Tail\n|-ability|p2a: Calyrex|As One\n|-ability|p2a: Calyrex|Unnerve\n|move|p1a: Not the MEMES|Surf|p2a: Calyrex\n|-end|p2a: Calyrex|Substitute\n|\n|-heal|p1a: Not the MEMES|88\/100 tox|[from] item: Leftovers\n|-damage|p1a: Not the MEMES|69\/100 tox|[from] psn\n|upkeep\n|turn|33\n|c|\u2606I'm some Guy1234|Nah bro it cant be\n|\n|t:|1700156728\n|move|p2a: Calyrex|Calm Mind|p2a: Calyrex\n|-boost|p2a: Calyrex|spa|1\n|-boost|p2a: Calyrex|spd|1\n|move|p1a: Not the MEMES|Surf|p2a: Calyrex\n|-crit|p2a: Calyrex\n|-damage|p2a: Calyrex|32\/100\n|\n|-heal|p1a: Not the MEMES|75\/100 tox|[from] item: Leftovers\n|-damage|p1a: Not the MEMES|50\/100 tox|[from] psn\n|upkeep\n|turn|34\n|\n|t:|1700156743\n|switch|p1a: Sylvia|Sylveon, M|100\/100\n|-damage|p1a: Sylvia|88\/100|[from] Stealth Rock\n|move|p2a: Calyrex|Draining Kiss|p1a: Sylvia\n|-damage|p1a: Sylvia|67\/100\n|-heal|p2a: Calyrex|51\/100|[from] drain|[of] p1a: Sylvia\n|\n|-heal|p1a: Sylvia|73\/100|[from] item: Leftovers\n|upkeep\n|turn|35\n|\n|t:|1700156755\n|move|p2a: Calyrex|Calm Mind|p2a: Calyrex\n|-boost|p2a: Calyrex|spa|1\n|-boost|p2a: Calyrex|spd|1\n|move|p1a: Sylvia|Draining Kiss|p2a: Calyrex\n|-damage|p2a: Calyrex|37\/100\n|-heal|p1a: Sylvia|82\/100|[from] drain|[of] p2a: Calyrex\n|\n|-heal|p1a: Sylvia|88\/100|[from] item: Leftovers\n|upkeep\n|turn|36\n|\n|t:|1700156764\n|move|p2a: Calyrex|Calm Mind|p2a: Calyrex\n|-boost|p2a: Calyrex|spa|1\n|-boost|p2a: Calyrex|spd|1\n|move|p1a: Sylvia|Draining Kiss|p2a: Calyrex\n|-damage|p2a: Calyrex|26\/100\n|-heal|p1a: Sylvia|95\/100|[from] drain|[of] p2a: Calyrex\n|\n|-heal|p1a: Sylvia|100\/100|[from] item: Leftovers\n|upkeep\n|turn|37\n|\n|t:|1700156777\n|move|p2a: Calyrex|Draining Kiss|p1a: Sylvia\n|-damage|p1a: Sylvia|67\/100\n|-heal|p2a: Calyrex|55\/100|[from] drain|[of] p1a: Sylvia\n|move|p1a: Sylvia|Psychic|p2a: Calyrex\n|-resisted|p2a: Calyrex\n|-damage|p2a: Calyrex|49\/100\n|\n|-heal|p1a: Sylvia|73\/100|[from] item: Leftovers\n|upkeep\n|turn|38\n|\n|t:|1700156786\n|move|p2a: Calyrex|Calm Mind|p2a: Calyrex\n|-boost|p2a: Calyrex|spa|1\n|-boost|p2a: Calyrex|spd|1\n|move|p1a: Sylvia|Psyshock|p2a: Calyrex\n|-resisted|p2a: Calyrex\n|-damage|p2a: Calyrex|32\/100\n|\n|-heal|p1a: Sylvia|79\/100|[from] item: Leftovers\n|upkeep\n|turn|39\n|\n|t:|1700156795\n|switch|p1a: Not the MEMES|Vaporeon, F|50\/100 tox\n|-damage|p1a: Not the MEMES|38\/100 tox|[from] Stealth Rock\n|move|p2a: Calyrex|Calm Mind|p2a: Calyrex\n|-boost|p2a: Calyrex|spa|1\n|-boost|p2a: Calyrex|spd|1\n|\n|-heal|p1a: Not the MEMES|44\/100 tox|[from] item: Leftovers\n|-damage|p1a: Not the MEMES|38\/100 tox|[from] psn\n|upkeep\n|turn|40\n|\n|t:|1700156804\n|move|p2a: Calyrex|Calm Mind|p2a: Calyrex\n|-boost|p2a: Calyrex|spa|1\n|-boost|p2a: Calyrex|spd|1\n|move|p1a: Not the MEMES|Surf|p2a: Calyrex\n|-damage|p2a: Calyrex|19\/100\n|\n|-heal|p1a: Not the MEMES|44\/100 tox|[from] item: Leftovers\n|-damage|p1a: Not the MEMES|32\/100 tox|[from] psn\n|upkeep\n|turn|41\n|c|\u2606I'm some Guy1234|NOOOOO\n|\n|t:|1700156813\n|move|p2a: Calyrex|Draining Kiss|p1a: Not the MEMES\n|-damage|p1a: Not the MEMES|0 fnt\n|-heal|p2a: Calyrex|51\/100|[from] drain|[of] p1a: Not the MEMES\n|faint|p1a: Not the MEMES\n|\n|upkeep\n|c|\u2606I'm some Guy1234|FUCK IM DED\n|\n|t:|1700156821\n|switch|p1a: Sylvia|Sylveon, M|79\/100\n|-damage|p1a: Sylvia|66\/100|[from] Stealth Rock\n|turn|42\n|\n|t:|1700156827\n|move|p2a: Calyrex|Draining Kiss|p1a: Sylvia\n|-damage|p1a: Sylvia|8\/100\n|-heal|p2a: Calyrex|100\/100|[from] drain|[of] p1a: Sylvia\n|move|p1a: Sylvia|Draining Kiss|p2a: Calyrex\n|-damage|p2a: Calyrex|93\/100\n|-heal|p1a: Sylvia|12\/100|[from] drain|[of] p2a: Calyrex\n|\n|-heal|p1a: Sylvia|19\/100|[from] item: Leftovers\n|upkeep\n|turn|43\n|\n|t:|1700156836\n|move|p2a: Calyrex|Metronome|p2a: Calyrex\n|move|p2a: Calyrex|Shift Gear|p2a: Calyrex|[from]move: Metronome\n|-boost|p2a: Calyrex|spe|2\n|-boost|p2a: Calyrex|atk|1\n|move|p1a: Sylvia|Draining Kiss|p2a: Calyrex\n|-damage|p2a: Calyrex|87\/100\n|-heal|p1a: Sylvia|23\/100|[from] drain|[of] p2a: Calyrex\n|\n|-heal|p1a: Sylvia|29\/100|[from] item: Leftovers\n|upkeep\n|turn|44\n|c|\u2606I'm some Guy1234|YES\n|\n|t:|1700156846\n|move|p2a: Calyrex|Metronome|p2a: Calyrex\n|move|p2a: Calyrex|Axe Kick|p1a: Sylvia|[from]move: Metronome\n|-resisted|p1a: Sylvia\n|-damage|p1a: Sylvia|10\/100\n|move|p1a: Sylvia|Draining Kiss|p2a: Calyrex\n|-damage|p2a: Calyrex|80\/100\n|-heal|p1a: Sylvia|15\/100|[from] drain|[of] p2a: Calyrex\n|\n|-heal|p1a: Sylvia|21\/100|[from] item: Leftovers\n|upkeep\n|turn|45\n|c|\u2606I'm some Guy1234|YES\n|\n|t:|1700156855\n|move|p2a: Calyrex|Metronome|p2a: Calyrex\n|move|p2a: Calyrex|Thunder Fang|p1a: Sylvia|[from]move: Metronome\n|-damage|p1a: Sylvia|1\/100\n|-status|p1a: Sylvia|par\n|move|p1a: Sylvia|Draining Kiss|p2a: Calyrex\n|-damage|p2a: Calyrex|73\/100\n|-heal|p1a: Sylvia|6\/100 par|[from] drain|[of] p2a: Calyrex\n|\n|-heal|p1a: Sylvia|12\/100 par|[from] item: Leftovers\n|upkeep\n|turn|46\n|c|\u2606I'm some Guy1234|WATH\n|\n|t:|1700156866\n|move|p2a: Calyrex|Metronome|p2a: Calyrex\n|move|p2a: Calyrex|Growl|p1a: Sylvia|[from]move: Metronome\n|-unboost|p1a: Sylvia|atk|1\n|move|p1a: Sylvia|Draining Kiss|p2a: Calyrex\n|-crit|p2a: Calyrex\n|-damage|p2a: Calyrex|36\/100\n|-heal|p1a: Sylvia|36\/100 par|[from] drain|[of] p2a: Calyrex\n|\n|-heal|p1a: Sylvia|42\/100 par|[from] item: Leftovers\n|upkeep\n|turn|47\n|c|\u2606I'm some Guy1234|This can work\n|\n|t:|1700156881\n|move|p2a: Calyrex|Metronome|p2a: Calyrex\n|move|p2a: Calyrex|Cross Poison|p1a: Sylvia|[from]move: Metronome\n|-supereffective|p1a: Sylvia\n|-damage|p1a: Sylvia|0 fnt\n|faint|p1a: Sylvia\n|\n|upkeep\n|c|\u2606I'm some Guy1234|i take that back\n|\n|t:|1700156892\n|switch|p1a: Umbrella|Umbreon, F|18\/100\n|-damage|p1a: Umbrella|6\/100|[from] Stealth Rock\n|turn|48\n|c|\u2606Tankie Goddess|lol\n|c|\u2606I'm some Guy1234|ok gg\n|\n|t:|1700156904\n|move|p2a: Calyrex|Metronome|p2a: Calyrex\n|move|p2a: Calyrex|Burning Jealousy|p1a: Umbrella|[from]move: Metronome\n|-crit|p1a: Umbrella\n|-damage|p1a: Umbrella|0 fnt\n|faint|p1a: Umbrella\n|\n|win|Tankie Goddess\n|raw|I&apos;m some Guy1234's rating: 1019 &rarr; <strong>1008<\/strong><br \/>(-11 for losing)\n|raw|Tankie Goddess's rating: 1056 &rarr; <strong>1084<\/strong><br \/>(+28 for winning)\n|c|\u2606Tankie Goddess|Ggs\n|c|\u2606I'm some Guy1234|ggs\n","uploadtime":1700156915,"views":5,"p1id":"imsomeguy1234","p2id":"tankiegoddess","formatid":"gen9anythinggoes","rating":1008,"private":0,"password":""}