{"id":"gen9anythinggoes-1995977150","p1":"King Gallade IV","p2":"Spaghider","format":"[Gen 9] Anything Goes","log":"|j|\u2606King Gallade IV\n|j|\u2606Spaghider\n|t:|1700624400\n|gametype|singles\n|player|p1|King Gallade IV|n|1050\n|player|p2|Spaghider|dawn-gen4pt|1068\n|teamsize|p1|6\n|teamsize|p2|6\n|gen|9\n|tier|[Gen 9] Anything Goes\n|rated|\n|rule|HP Percentage Mod: HP is shown in percentages\n|rule|Endless Battle Clause: Forcing endless battles is banned\n|clearpoke\n|poke|p1|Chien-Pao|\n|poke|p1|Chien-Pao|\n|poke|p1|Chien-Pao|\n|poke|p1|Chien-Pao|\n|poke|p1|Chien-Pao|\n|poke|p1|Chien-Pao|\n|poke|p2|Dudunsparce-*, M|\n|poke|p2|Sinistcha|\n|poke|p2|Slaking, M|\n|poke|p2|Greninja-*, F|\n|poke|p2|Gholdengo|\n|poke|p2|Iron Bundle|\n|teampreview\n|j| MrDrRubencio\n|l|\u2606Spaghider\n|player|p2|\n|j|\u2606Spaghider\n|player|p2|Spaghider|dawn-gen4pt\n|\n|t:|1700624418\n|start\n|switch|p1a: Chien-Pao|Chien-Pao|100\/100\n|switch|p2a: Slaking|Slaking, M|100\/100\n|-ability|p1a: Chien-Pao|Sword of Ruin\n|turn|1\n|c|\u2606King Gallade IV|Glhf\n|\n|t:|1700624428\n|-terastallize|p2a: Slaking|Normal\n|move|p1a: Chien-Pao|Sheer Cold|p2a: Slaking|[miss]\n|-miss|p1a: Chien-Pao|p2a: Slaking\n|move|p2a: Slaking|Giga Impact|p1a: Chien-Pao\n|-enditem|p2a: Slaking|Normal Gem|[from] gem\n|-damage|p1a: Chien-Pao|0 fnt\n|-mustrecharge|p2a: Slaking\n|faint|p1a: Chien-Pao\n|\n|upkeep\n|\n|t:|1700624436\n|switch|p1a: Chien-Pao|Chien-Pao|100\/100\n|-ability|p1a: Chien-Pao|Sword of Ruin\n|turn|2\n|\n|t:|1700624440\n|move|p1a: Chien-Pao|Sheer Cold|p2a: Slaking|[miss]\n|-miss|p1a: Chien-Pao|p2a: Slaking\n|cant|p2a: Slaking|recharge\n|\n|upkeep\n|turn|3\n|\n|t:|1700624446\n|move|p1a: Chien-Pao|Sheer Cold|p2a: Slaking|[miss]\n|-miss|p1a: Chien-Pao|p2a: Slaking\n|move|p2a: Slaking|Giga Impact|p1a: Chien-Pao\n|-damage|p1a: Chien-Pao|0 fnt\n|-mustrecharge|p2a: Slaking\n|faint|p1a: Chien-Pao\n|\n|upkeep\n|\n|t:|1700624452\n|switch|p1a: Chien-Pao|Chien-Pao|100\/100\n|-ability|p1a: Chien-Pao|Sword of Ruin\n|turn|4\n|\n|t:|1700624456\n|move|p1a: Chien-Pao|Sheer Cold|p2a: Slaking|[miss]\n|-miss|p1a: Chien-Pao|p2a: Slaking\n|cant|p2a: Slaking|recharge\n|\n|upkeep\n|turn|5\n|\n|t:|1700624461\n|move|p1a: Chien-Pao|Sheer Cold|p2a: Slaking\n|-damage|p2a: Slaking|0 fnt\n|faint|p2a: Slaking\n|-ohko\n|\n|upkeep\n|\n|t:|1700624473\n|switch|p2a: A \u201cDragon\u201d|Dudunsparce-Three-Segment, M, shiny|100\/100\n|turn|6\n|\n|t:|1700624478\n|move|p1a: Chien-Pao|Sheer Cold|p2a: A \u201cDragon\u201d|[miss]\n|-miss|p1a: Chien-Pao|p2a: A \u201cDragon\u201d\n|move|p2a: A \u201cDragon\u201d|Boomburst|p1a: Chien-Pao\n|-damage|p1a: Chien-Pao|22\/100\n|\n|upkeep\n|turn|7\n|\n|t:|1700624484\n|move|p1a: Chien-Pao|Sheer Cold|p2a: A \u201cDragon\u201d|[miss]\n|-miss|p1a: Chien-Pao|p2a: A \u201cDragon\u201d\n|move|p2a: A \u201cDragon\u201d|Boomburst|p1a: Chien-Pao\n|-damage|p1a: Chien-Pao|0 fnt\n|faint|p1a: Chien-Pao\n|\n|upkeep\n|\n|t:|1700624490\n|switch|p1a: Chien-Pao|Chien-Pao|100\/100\n|-ability|p1a: Chien-Pao|Sword of Ruin\n|turn|8\n|\n|t:|1700624505\n|move|p1a: Chien-Pao|Sheer Cold|p2a: A \u201cDragon\u201d|[miss]\n|-miss|p1a: Chien-Pao|p2a: A \u201cDragon\u201d\n|move|p2a: A \u201cDragon\u201d|Calm Mind|p2a: A \u201cDragon\u201d\n|-boost|p2a: A \u201cDragon\u201d|spa|1\n|-boost|p2a: A \u201cDragon\u201d|spd|1\n|\n|upkeep\n|turn|9\n|\n|t:|1700624511\n|move|p1a: Chien-Pao|Sheer Cold|p2a: A \u201cDragon\u201d|[miss]\n|-miss|p1a: Chien-Pao|p2a: A \u201cDragon\u201d\n|move|p2a: A \u201cDragon\u201d|Boomburst|p1a: Chien-Pao\n|-damage|p1a: Chien-Pao|0 fnt\n|faint|p1a: Chien-Pao\n|\n|upkeep\n|\n|t:|1700624517\n|switch|p1a: Chien-Pao|Chien-Pao|100\/100\n|-ability|p1a: Chien-Pao|Sword of Ruin\n|turn|10\n|l|\u2606King Gallade IV\n|player|p1|\n|j|\u2606King Gallade IV\n|player|p1|King Gallade IV|n\n|c|\u2606King Gallade IV|Can I not hit 1\n|\n|t:|1700624533\n|move|p1a: Chien-Pao|Sheer Cold|p2a: A \u201cDragon\u201d|[miss]\n|-miss|p1a: Chien-Pao|p2a: A \u201cDragon\u201d\n|move|p2a: A \u201cDragon\u201d|Boomburst|p1a: Chien-Pao\n|-damage|p1a: Chien-Pao|0 fnt\n|faint|p1a: Chien-Pao\n|\n|upkeep\n|\n|t:|1700624539\n|switch|p1a: Chien-Pao|Chien-Pao|100\/100\n|-ability|p1a: Chien-Pao|Sword of Ruin\n|turn|11\n|\n|t:|1700624544\n|move|p1a: Chien-Pao|Sheer Cold|p2a: A \u201cDragon\u201d|[miss]\n|-miss|p1a: Chien-Pao|p2a: A \u201cDragon\u201d\n|move|p2a: A \u201cDragon\u201d|Boomburst|p1a: Chien-Pao\n|-damage|p1a: Chien-Pao|0 fnt\n|faint|p1a: Chien-Pao\n|\n|win|Spaghider\n|raw|King Gallade IV's rating: 1050 &rarr; <strong>1033<\/strong><br \/>(-17 for losing)\n|raw|Spaghider's rating: 1068 &rarr; <strong>1096<\/strong><br \/>(+28 for winning)\n","uploadtime":1700624553,"views":14,"p1id":"kinggalladeiv","p2id":"spaghider","formatid":"gen9anythinggoes","rating":1033,"private":0,"password":""}