{"id":"gen9anythinggoes-1976589174","p1":"TheSinnohman","p2":"632146P","format":"[Gen 9] Anything Goes","log":"|j|\u2606TheSinnohman\n|j|\u2606632146P\n|t:|1698324944\n|gametype|singles\n|player|p1|TheSinnohman|volkner|1190\n|player|p2|632146P|ultraforestkartenvoy|1298\n|teamsize|p1|6\n|teamsize|p2|6\n|gen|9\n|tier|[Gen 9] Anything Goes\n|rated|\n|rule|HP Percentage Mod: HP is shown in percentages\n|rule|Endless Battle Clause: Forcing endless battles is banned\n|clearpoke\n|poke|p1|Urshifu-*, M|\n|poke|p1|Chi-Yu|\n|poke|p1|Grimmsnarl, M|\n|poke|p1|Ting-Lu|\n|poke|p1|Calyrex-Shadow|\n|poke|p1|Flutter Mane|\n|poke|p2|Calyrex-Shadow|\n|poke|p2|Groudon|\n|poke|p2|Flutter Mane|\n|poke|p2|Koraidon|\n|poke|p2|Kyogre|\n|poke|p2|Quagsire, M|\n|teampreview\n|\n|t:|1698324955\n|start\n|switch|p1a: Ur Mom|Grimmsnarl, M|100\/100\n|switch|p2a: Groudon|Groudon|100\/100\n|-weather|SunnyDay|[from] ability: Drought|[of] p2a: Groudon\n|turn|1\n|\n|t:|1698324963\n|move|p1a: Ur Mom|Reflect|p1a: Ur Mom\n|-sidestart|p1: TheSinnohman|Reflect\n|move|p2a: Groudon|Stealth Rock|p1a: Ur Mom\n|-sidestart|p1: TheSinnohman|move: Stealth Rock\n|\n|-weather|SunnyDay|[upkeep]\n|upkeep\n|turn|2\n|\n|t:|1698324969\n|move|p1a: Ur Mom|Light Screen|p1a: Ur Mom\n|-sidestart|p1: TheSinnohman|move: Light Screen\n|move|p2a: Groudon|Spikes|p1a: Ur Mom\n|-sidestart|p1: TheSinnohman|Spikes\n|\n|-weather|SunnyDay|[upkeep]\n|upkeep\n|turn|3\n|\n|t:|1698324975\n|move|p1a: Ur Mom|Parting Shot|p2a: Groudon\n|-unboost|p2a: Groudon|atk|1\n|-unboost|p2a: Groudon|spa|1\n|\n|t:|1698324981\n|switch|p1a: Not restricted lol|Flutter Mane|100\/100|[from] Parting Shot\n|-damage|p1a: Not restricted lol|88\/100|[from] Stealth Rock\n|-damage|p1a: Not restricted lol|76\/100|[from] Spikes\n|-activate|p1a: Not restricted lol|ability: Protosynthesis\n|-start|p1a: Not restricted lol|protosynthesisspe\n|move|p2a: Groudon|Spikes|p1a: Not restricted lol\n|-sidestart|p1: TheSinnohman|Spikes\n|\n|-weather|SunnyDay|[upkeep]\n|upkeep\n|turn|4\n|\n|t:|1698324993\n|switch|p2a: Kyogre|Kyogre|100\/100\n|-weather|RainDance|[from] ability: Drizzle|[of] p2a: Kyogre\n|-end|p1a: Not restricted lol|Protosynthesis\n|-enditem|p1a: Not restricted lol|Booster Energy\n|-activate|p1a: Not restricted lol|ability: Protosynthesis|[fromitem]\n|-start|p1a: Not restricted lol|protosynthesisspe\n|move|p1a: Not restricted lol|Calm Mind|p1a: Not restricted lol\n|-boost|p1a: Not restricted lol|spa|1\n|-boost|p1a: Not restricted lol|spd|1\n|\n|-weather|RainDance|[upkeep]\n|upkeep\n|turn|5\n|\n|t:|1698325005\n|move|p1a: Not restricted lol|Shadow Ball|p2a: Kyogre\n|-damage|p2a: Kyogre|56\/100\n|move|p2a: Kyogre|Calm Mind|p2a: Kyogre\n|-boost|p2a: Kyogre|spa|1\n|-boost|p2a: Kyogre|spd|1\n|\n|-weather|RainDance|[upkeep]\n|-heal|p2a: Kyogre|63\/100|[from] item: Leftovers\n|upkeep\n|turn|6\n|\n|t:|1698325014\n|move|p1a: Not restricted lol|Calm Mind|p1a: Not restricted lol\n|-boost|p1a: Not restricted lol|spa|1\n|-boost|p1a: Not restricted lol|spd|1\n|move|p2a: Kyogre|Calm Mind|p2a: Kyogre\n|-boost|p2a: Kyogre|spa|1\n|-boost|p2a: Kyogre|spd|1\n|\n|-weather|RainDance|[upkeep]\n|-heal|p2a: Kyogre|69\/100|[from] item: Leftovers\n|upkeep\n|turn|7\n|\n|t:|1698325026\n|move|p1a: Not restricted lol|Calm Mind|p1a: Not restricted lol\n|-boost|p1a: Not restricted lol|spa|1\n|-boost|p1a: Not restricted lol|spd|1\n|move|p2a: Kyogre|Calm Mind|p2a: Kyogre\n|-boost|p2a: Kyogre|spa|1\n|-boost|p2a: Kyogre|spd|1\n|\n|-weather|RainDance|[upkeep]\n|-heal|p2a: Kyogre|75\/100|[from] item: Leftovers\n|upkeep\n|turn|8\n|\n|t:|1698325035\n|move|p1a: Not restricted lol|Moonblast|p2a: Kyogre\n|-damage|p2a: Kyogre|42\/100\n|move|p2a: Kyogre|Calm Mind|p2a: Kyogre\n|-boost|p2a: Kyogre|spa|1\n|-boost|p2a: Kyogre|spd|1\n|\n|-weather|none\n|-heal|p2a: Kyogre|48\/100|[from] item: Leftovers\n|-sideend|p1: TheSinnohman|Reflect\n|upkeep\n|turn|9\n|\n|t:|1698325044\n|move|p1a: Not restricted lol|Moonblast|p2a: Kyogre\n|-damage|p2a: Kyogre|21\/100\n|-unboost|p2a: Kyogre|spa|1\n|move|p2a: Kyogre|Calm Mind|p2a: Kyogre\n|-boost|p2a: Kyogre|spa|1\n|-boost|p2a: Kyogre|spd|1\n|\n|-heal|p2a: Kyogre|27\/100|[from] item: Leftovers\n|-sideend|p1: TheSinnohman|move: Light Screen\n|upkeep\n|turn|10\n|\n|t:|1698325054\n|move|p1a: Not restricted lol|Moonblast|p2a: Kyogre\n|-damage|p2a: Kyogre|3\/100\n|move|p2a: Kyogre|Origin Pulse|p1a: Not restricted lol\n|-damage|p1a: Not restricted lol|0 fnt\n|faint|p1a: Not restricted lol\n|-end|p1a: Not restricted lol|Protosynthesis|[silent]\n|\n|-heal|p2a: Kyogre|9\/100|[from] item: Leftovers\n|upkeep\n|\n|t:|1698325064\n|switch|p1a: HONSE|Calyrex-Shadow|100\/100\n|-ability|p1a: HONSE|As One\n|-ability|p1a: HONSE|Unnerve\n|-damage|p1a: HONSE|88\/100|[from] Stealth Rock\n|-damage|p1a: HONSE|72\/100|[from] Spikes\n|turn|11\n|\n|t:|1698325075\n|move|p1a: HONSE|Astral Barrage|p2a: Kyogre\n|-damage|p2a: Kyogre|0 fnt\n|faint|p2a: Kyogre\n|-ability|p1a: HONSE|Grim Neigh|boost\n|-boost|p1a: HONSE|spa|1\n|\n|upkeep\n|\n|t:|1698325078\n|switch|p2a: Calyrex|Calyrex-Shadow|100\/100\n|-ability|p2a: Calyrex|As One\n|-ability|p2a: Calyrex|Unnerve\n|turn|12\n|\n|t:|1698325089\n|switch|p2a: Groudon|Groudon|100\/100\n|-weather|SunnyDay|[from] ability: Drought|[of] p2a: Groudon\n|move|p1a: HONSE|Astral Barrage|p2a: Groudon\n|-damage|p2a: Groudon|0 fnt\n|faint|p2a: Groudon\n|-ability|p1a: HONSE|Grim Neigh|boost\n|-boost|p1a: HONSE|spa|1\n|\n|-weather|SunnyDay|[upkeep]\n|upkeep\n|\n|t:|1698325092\n|switch|p2a: Calyrex|Calyrex-Shadow|100\/100\n|-ability|p2a: Calyrex|As One\n|-ability|p2a: Calyrex|Unnerve\n|turn|13\n|\n|t:|1698325107\n|move|p1a: HONSE|Astral Barrage|p2a: Calyrex\n|-supereffective|p2a: Calyrex\n|-damage|p2a: Calyrex|0 fnt\n|faint|p2a: Calyrex\n|-ability|p1a: HONSE|Grim Neigh|boost\n|-boost|p1a: HONSE|spa|1\n|\n|-weather|SunnyDay|[upkeep]\n|upkeep\n|c|\u2606632146P|gdi\n|\n|t:|1698325117\n|switch|p2a: Flutter Mane|Flutter Mane|100\/100\n|-activate|p2a: Flutter Mane|ability: Protosynthesis\n|-start|p2a: Flutter Mane|protosynthesisspe\n|turn|14\n|\n|t:|1698325124\n|-terastallize|p2a: Flutter Mane|Dark\n|move|p1a: HONSE|Astral Barrage|p2a: Flutter Mane\n|-resisted|p2a: Flutter Mane\n|-damage|p2a: Flutter Mane|33\/100\n|move|p2a: Flutter Mane|Shadow Ball|p1a: HONSE\n|-supereffective|p1a: HONSE\n|-damage|p1a: HONSE|0 fnt\n|faint|p1a: HONSE\n|\n|-weather|SunnyDay|[upkeep]\n|upkeep\n|\n|t:|1698325140\n|switch|p1a: BEAR|Urshifu, M|100\/100\n|-damage|p1a: BEAR|94\/100|[from] Stealth Rock\n|-damage|p1a: BEAR|78\/100|[from] Spikes\n|turn|15\n|\n|t:|1698325149\n|-end|p2a: Flutter Mane|Protosynthesis|[silent]\n|switch|p2a: Quagsire|Quagsire, M|100\/100\n|move|p1a: BEAR|Close Combat|p2a: Quagsire\n|-damage|p2a: Quagsire|34\/100\n|-unboost|p1a: BEAR|def|1\n|-unboost|p1a: BEAR|spd|1\n|\n|-weather|SunnyDay|[upkeep]\n|-heal|p2a: Quagsire|40\/100|[from] item: Leftovers\n|upkeep\n|turn|16\n|\n|t:|1698325158\n|move|p1a: BEAR|Close Combat|p2a: Quagsire\n|-damage|p2a: Quagsire|0 fnt\n|-unboost|p1a: BEAR|def|1\n|-unboost|p1a: BEAR|spd|1\n|faint|p2a: Quagsire\n|\n|-weather|none\n|upkeep\n|\n|t:|1698325162\n|switch|p2a: Koraidon|Koraidon|100\/100\n|-weather|SunnyDay|[from] ability: Orichalcum Pulse|[of] p2a: Koraidon\n|-activate|p2a: Koraidon|Orichalcum Pulse|[source]\n|turn|17\n|\n|t:|1698325173\n|switch|p1a: Man|Ting-Lu|100\/100\n|-damage|p1a: Man|94\/100|[from] Stealth Rock\n|-damage|p1a: Man|78\/100|[from] Spikes\n|-ability|p1a: Man|Vessel of Ruin\n|move|p2a: Koraidon|Close Combat|p1a: Man\n|-supereffective|p1a: Man\n|-damage|p1a: Man|0 fnt\n|-unboost|p2a: Koraidon|def|1\n|-unboost|p2a: Koraidon|spd|1\n|faint|p1a: Man\n|\n|-weather|SunnyDay|[upkeep]\n|upkeep\n|\n|t:|1698325204\n|switch|p1a: Ur Mom|Grimmsnarl, M|100\/100\n|-damage|p1a: Ur Mom|88\/100|[from] Stealth Rock\n|-damage|p1a: Ur Mom|72\/100|[from] Spikes\n|turn|18\n|\n|t:|1698325209\n|switch|p2a: Flutter Mane|Flutter Mane, tera:Dark|33\/100\n|-activate|p2a: Flutter Mane|ability: Protosynthesis\n|-start|p2a: Flutter Mane|protosynthesisspe\n|move|p1a: Ur Mom|Reflect|p1a: Ur Mom\n|-sidestart|p1: TheSinnohman|Reflect\n|\n|-weather|SunnyDay|[upkeep]\n|upkeep\n|turn|19\n|\n|t:|1698325217\n|move|p1a: Ur Mom|Light Screen|p1a: Ur Mom\n|-sidestart|p1: TheSinnohman|move: Light Screen\n|move|p2a: Flutter Mane|Moonblast|p1a: Ur Mom\n|-supereffective|p1a: Ur Mom\n|-crit|p1a: Ur Mom\n|-damage|p1a: Ur Mom|0 fnt\n|faint|p1a: Ur Mom\n|\n|-weather|SunnyDay|[upkeep]\n|upkeep\n|\n|t:|1698325226\n|switch|p1a: FEESH|Chi-Yu|100\/100\n|-damage|p1a: FEESH|76\/100|[from] Stealth Rock\n|-damage|p1a: FEESH|59\/100|[from] Spikes\n|-ability|p1a: FEESH|Beads of Ruin\n|turn|20\n|\n|t:|1698325234\n|move|p2a: Flutter Mane|Moonblast|p1a: FEESH\n|-damage|p1a: FEESH|31\/100\n|move|p1a: FEESH|Flamethrower|p2a: Flutter Mane\n|-damage|p2a: Flutter Mane|0 fnt\n|faint|p2a: Flutter Mane\n|-end|p2a: Flutter Mane|Protosynthesis|[silent]\n|\n|-weather|SunnyDay|[upkeep]\n|upkeep\n|\n|t:|1698325242\n|switch|p2a: Koraidon|Koraidon|100\/100\n|-activate|p2a: Koraidon|ability: Orichalcum Pulse\n|turn|21\n|\n|t:|1698325251\n|move|p2a: Koraidon|Flare Blitz|p1a: FEESH\n|-resisted|p1a: FEESH\n|-damage|p1a: FEESH|0 fnt\n|faint|p1a: FEESH\n|-damage|p2a: Koraidon|93\/100|[from] Recoil\n|\n|-weather|none\n|upkeep\n|\n|t:|1698325259\n|switch|p1a: BEAR|Urshifu, M|78\/100\n|-damage|p1a: BEAR|72\/100|[from] Stealth Rock\n|-damage|p1a: BEAR|55\/100|[from] Spikes\n|turn|22\n|\n|t:|1698325270\n|move|p2a: Koraidon|Flare Blitz|p1a: BEAR\n|-damage|p1a: BEAR|33\/100\n|-damage|p2a: Koraidon|86\/100|[from] Recoil\n|move|p1a: BEAR|Close Combat|p2a: Koraidon\n|-crit|p2a: Koraidon\n|-damage|p2a: Koraidon|0 fnt\n|-unboost|p1a: BEAR|def|1\n|-unboost|p1a: BEAR|spd|1\n|faint|p2a: Koraidon\n|\n|win|TheSinnohman\n|raw|TheSinnohman's rating: 1190 &rarr; <strong>1223<\/strong><br \/>(+33 for winning)\n|raw|632146P's rating: 1298 &rarr; <strong>1265<\/strong><br \/>(-33 for losing)\n|l|\u2606632146P\n","uploadtime":1698325301,"views":7,"p1id":"thesinnohman","p2id":"632146p","formatid":"gen9anythinggoes","rating":1223,"private":0,"password":""}