{"id":"gen9anythinggoes-1991647205","p1":"Belibolt&Iono","p2":"DuckJoduke","format":"[Gen 9] Anything Goes","log":"|j|\u2606Belibolt&Iono\n|j|\u2606DuckJoduke\n|t:|1700098108\n|gametype|singles\n|player|p1|Belibolt&Iono|iono|1175\n|player|p2|DuckJoduke|dragontamer|1078\n|teamsize|p1|1\n|teamsize|p2|6\n|gen|9\n|tier|[Gen 9] Anything Goes\n|rated|\n|rule|HP Percentage Mod: HP is shown in percentages\n|rule|Endless Battle Clause: Forcing endless battles is banned\n|clearpoke\n|poke|p1|Polteageist-Antique|\n|poke|p2|Scizor, F|\n|poke|p2|Slaking, M|\n|poke|p2|Ursaluna-Bloodmoon, M|\n|poke|p2|Regieleki|\n|poke|p2|Gliscor, M|\n|poke|p2|Annihilape, F|\n|teampreview\n|inactive|Battle timer is ON: inactive players will automatically lose when time's up. (requested by Belibolt&Iono)\n|\n|t:|1700098121\n|start\n|switch|p1a: Polteageist|Polteageist-Antique, shiny|100\/100\n|switch|p2a: Scizor|Scizor, F|100\/100\n|turn|1\n|\n|t:|1700098126\n|move|p1a: Polteageist|Shell Smash|p1a: Polteageist\n|-unboost|p1a: Polteageist|def|1\n|-unboost|p1a: Polteageist|spd|1\n|-boost|p1a: Polteageist|atk|2\n|-boost|p1a: Polteageist|spa|2\n|-boost|p1a: Polteageist|spe|2\n|move|p2a: Scizor|Swords Dance|p2a: Scizor\n|-boost|p2a: Scizor|atk|2\n|\n|upkeep\n|turn|2\n|\n|t:|1700098135\n|-terastallize|p1a: Polteageist|Psychic\n|move|p2a: Scizor|Bullet Punch|p1a: Polteageist\n|-enditem|p1a: Polteageist|Focus Sash\n|-damage|p1a: Polteageist|1\/100\n|-ability|p1a: Polteageist|Weak Armor|boost\n|-unboost|p1a: Polteageist|def|1\n|-boost|p1a: Polteageist|spe|2\n|-damage|p2a: Scizor|91\/100|[from] item: Life Orb\n|move|p1a: Polteageist|Stored Power|p2a: Scizor\n|-resisted|p2a: Scizor\n|-damage|p2a: Scizor|0 fnt\n|faint|p2a: Scizor\n|\n|upkeep\n|\n|t:|1700098146\n|switch|p2a: Regieleki|Regieleki|100\/100\n|turn|3\n|\n|t:|1700098149\n|move|p1a: Polteageist|Stored Power|p2a: Regieleki\n|-damage|p2a: Regieleki|0 fnt\n|faint|p2a: Regieleki\n|\n|upkeep\n|\n|t:|1700098153\n|switch|p2a: Gliscor|Gliscor, M|100\/100\n|turn|4\n|\n|t:|1700098157\n|move|p1a: Polteageist|Stored Power|p2a: Gliscor\n|-damage|p2a: Gliscor|0 fnt\n|faint|p2a: Gliscor\n|\n|upkeep\n|\n|t:|1700098160\n|switch|p2a: Slaking|Slaking, M|100\/100\n|turn|5\n|\n|t:|1700098165\n|move|p1a: Polteageist|Stored Power|p2a: Slaking\n|-damage|p2a: Slaking|0 fnt\n|faint|p2a: Slaking\n|\n|upkeep\n|\n|t:|1700098168\n|switch|p2a: Ursaluna|Ursaluna-Bloodmoon, M|100\/100\n|turn|6\n|\n|t:|1700098173\n|move|p1a: Polteageist|Stored Power|p2a: Ursaluna\n|-damage|p2a: Ursaluna|0 fnt\n|faint|p2a: Ursaluna\n|\n|upkeep\n|\n|t:|1700098176\n|switch|p2a: Annihilape|Annihilape, F|100\/100\n|turn|7\n|\n|t:|1700098181\n|move|p1a: Polteageist|Stored Power|p2a: Annihilape\n|-supereffective|p2a: Annihilape\n|-damage|p2a: Annihilape|0 fnt\n|faint|p2a: Annihilape\n|\n|win|Belibolt&Iono\n|raw|Belibolt&amp;Iono's rating: 1175 &rarr; <strong>1193<\/strong><br \/>(+18 for winning)\n|raw|DuckJoduke's rating: 1078 &rarr; <strong>1062<\/strong><br \/>(-16 for losing)\n|l|\u2606DuckJoduke\n","uploadtime":1700098186,"views":20,"p1id":"beliboltiono","p2id":"duckjoduke","formatid":"gen9anythinggoes","rating":1062,"private":0,"password":""}