{"id":"gen9anythinggoes-1989515388","p1":"Ezbes","p2":"iufrertyu","format":"[Gen 9] Anything Goes","log":"|j|\u2606Ezbes\n|j|\u2606iufrertyu\n|t:|1699863933\n|gametype|singles\n|player|p1|Ezbes|266|1170\n|player|p2|iufrertyu|2|1000\n|teamsize|p1|6\n|teamsize|p2|6\n|gen|9\n|tier|[Gen 9] Anything Goes\n|rated|\n|rule|HP Percentage Mod: HP is shown in percentages\n|rule|Endless Battle Clause: Forcing endless battles is banned\n|clearpoke\n|poke|p1|Snom, M|\n|poke|p1|Eiscue, F|\n|poke|p1|Ting-Lu|\n|poke|p1|Riolu, F|\n|poke|p1|Meloetta|\n|poke|p1|Corviknight, M|\n|poke|p2|Zacian-*|\n|poke|p2|Tyranitar, M|\n|poke|p2|Dialga-Origin|\n|poke|p2|Mewtwo|\n|poke|p2|Zoroark, F|\n|poke|p2|Palkia-Origin|\n|teampreview\n|inactive|Battle timer is ON: inactive players will automatically lose when time's up. (requested by iufrertyu)\n|inactive|iufrertyu has 120 seconds left.\n|\n|t:|1699863966\n|start\n|switch|p1a: Ting-Lu|Ting-Lu|100\/100\n|switch|p2a: Mewtwo|Mewtwo|100\/100\n|-ability|p2a: Mewtwo|Pressure\n|-ability|p1a: Ting-Lu|Vessel of Ruin\n|turn|1\n|\n|t:|1699863986\n|move|p2a: Mewtwo|Psystrike|p1a: Ting-Lu\n|-immune|p1a: Ting-Lu\n|move|p1a: Ting-Lu|Fissure|p2a: Mewtwo|[miss]\n|-miss|p1a: Ting-Lu|p2a: Mewtwo\n|\n|upkeep\n|turn|2\n|\n|t:|1699864000\n|switch|p2a: Zacian|Zacian-Crowned|100\/100\n|-ability|p2a: Zacian|Intrepid Sword|boost\n|-boost|p2a: Zacian|atk|1\n|move|p1a: Ting-Lu|Stomping Tantrum|p2a: Zacian\n|-supereffective|p2a: Zacian\n|-crit|p2a: Zacian\n|-damage|p2a: Zacian|0 fnt\n|faint|p2a: Zacian\n|\n|upkeep\n|\n|t:|1699864010\n|switch|p2a: Dialga|Dialga-Origin|100\/100\n|-ability|p2a: Dialga|Pressure\n|turn|3\n|\n|t:|1699864016\n|move|p2a: Dialga|Roar of Time|p1a: Ting-Lu\n|-damage|p1a: Ting-Lu|69\/100\n|-mustrecharge|p2a: Dialga\n|move|p1a: Ting-Lu|Fissure|p2a: Dialga\n|-damage|p2a: Dialga|0 fnt\n|faint|p2a: Dialga\n|-ohko\n|\n|upkeep\n|\n|t:|1699864029\n|switch|p2a: Tyranitar|Tyranitar, M|100\/100\n|-weather|Sandstorm|[from] ability: Sand Stream|[of] p2a: Tyranitar\n|turn|4\n|\n|t:|1699864035\n|move|p2a: Tyranitar|Earthquake|p1a: Ting-Lu\n|-damage|p1a: Ting-Lu|54\/100\n|move|p1a: Ting-Lu|Fissure|p2a: Tyranitar|[miss]\n|-miss|p1a: Ting-Lu|p2a: Tyranitar\n|\n|-weather|Sandstorm|[upkeep]\n|upkeep\n|turn|5\n|\n|t:|1699864046\n|move|p2a: Tyranitar|Crunch|p1a: Ting-Lu\n|-resisted|p1a: Ting-Lu\n|-damage|p1a: Ting-Lu|44\/100\n|move|p1a: Ting-Lu|Stomping Tantrum|p2a: Tyranitar\n|-supereffective|p2a: Tyranitar\n|-damage|p2a: Tyranitar|5\/100\n|\n|-weather|Sandstorm|[upkeep]\n|upkeep\n|turn|6\n|\n|t:|1699864053\n|move|p2a: Tyranitar|Dragon Claw|p1a: Ting-Lu\n|-damage|p1a: Ting-Lu|32\/100\n|move|p1a: Ting-Lu|Heavy Slam|p2a: Tyranitar\n|-supereffective|p2a: Tyranitar\n|-damage|p2a: Tyranitar|0 fnt\n|faint|p2a: Tyranitar\n|\n|-weather|Sandstorm|[upkeep]\n|upkeep\n|\n|t:|1699864062\n|switch|p2a: Palkia|Palkia-Origin|100\/100\n|-ability|p2a: Palkia|Pressure\n|turn|7\n|\n|t:|1699864069\n|move|p2a: Palkia|Blizzard|p1a: Ting-Lu\n|-supereffective|p1a: Ting-Lu\n|-damage|p1a: Ting-Lu|4\/100\n|move|p1a: Ting-Lu|Fissure|p2a: Palkia|[miss]\n|-miss|p1a: Ting-Lu|p2a: Palkia\n|\n|-weather|Sandstorm|[upkeep]\n|-damage|p2a: Palkia|94\/100|[from] Sandstorm\n|upkeep\n|turn|8\n|\n|t:|1699864077\n|move|p2a: Palkia|Blizzard|p1a: Ting-Lu|[miss]\n|-miss|p2a: Palkia|p1a: Ting-Lu\n|move|p1a: Ting-Lu|Stomping Tantrum|p2a: Palkia\n|-damage|p2a: Palkia|33\/100\n|\n|-weather|none\n|upkeep\n|turn|9\n|\n|t:|1699864086\n|move|p2a: Palkia|Blizzard|p1a: Ting-Lu|[miss]\n|-miss|p2a: Palkia|p1a: Ting-Lu\n|move|p1a: Ting-Lu|Lash Out|p2a: Palkia\n|-damage|p2a: Palkia|5\/100\n|\n|upkeep\n|turn|10\n|\n|t:|1699864092\n|move|p2a: Palkia|Draco Meteor|p1a: Ting-Lu\n|-damage|p1a: Ting-Lu|0 fnt\n|-unboost|p2a: Palkia|spa|2\n|faint|p1a: Ting-Lu\n|\n|upkeep\n|\n|t:|1699864099\n|switch|p1a: Meloetta|Meloetta|100\/100\n|turn|11\n|\n|t:|1699864109\n|move|p2a: Palkia|Spacial Rend|p1a: Meloetta\n|-damage|p1a: Meloetta|77\/100\n|move|p1a: Meloetta|Substitute|p1a: Meloetta\n|-start|p1a: Meloetta|Substitute\n|-damage|p1a: Meloetta|52\/100\n|\n|-heal|p1a: Meloetta|58\/100|[from] item: Leftovers\n|upkeep\n|turn|12\n|\n|t:|1699864119\n|move|p2a: Palkia|Blizzard|p1a: Meloetta\n|-activate|p1a: Meloetta|move: Substitute|[damage]\n|move|p1a: Meloetta|Shadow Ball|p2a: Palkia\n|-damage|p2a: Palkia|0 fnt\n|faint|p2a: Palkia\n|\n|-heal|p1a: Meloetta|65\/100|[from] item: Leftovers\n|upkeep\n|\n|t:|1699864129\n|switch|p2a: Mewtwo|Mewtwo|100\/100\n|turn|13\n|\n|t:|1699864134\n|move|p2a: Mewtwo|Dark Pulse|p1a: Meloetta\n|-supereffective|p1a: Meloetta\n|-end|p1a: Meloetta|Substitute\n|move|p1a: Meloetta|Relic Song|p2a: Mewtwo\n|-damage|p2a: Mewtwo|29\/100\n|replace|p2a: Zoroark|Zoroark, F\n|-end|p2a: Zoroark|Illusion\n|-formechange|p1a: Meloetta|Meloetta-Pirouette|[msg]\n|\n|-heal|p1a: Meloetta|71\/100|[from] item: Leftovers\n|upkeep\n|turn|14\n|\n|t:|1699864144\n|move|p2a: Zoroark|Dark Pulse|p1a: Meloetta\n|-resisted|p1a: Meloetta\n|-damage|p1a: Meloetta|53\/100\n|cant|p1a: Meloetta|flinch\n|\n|-heal|p1a: Meloetta|59\/100|[from] item: Leftovers\n|upkeep\n|turn|15\n|\n|t:|1699864153\n|move|p2a: Zoroark|Confuse Ray|p1a: Meloetta\n|-start|p1a: Meloetta|confusion\n|-activate|p1a: Meloetta|confusion\n|-damage|p1a: Meloetta|51\/100|[from] confusion\n|\n|-heal|p1a: Meloetta|58\/100|[from] item: Leftovers\n|upkeep\n|turn|16\n|\n|t:|1699864161\n|move|p2a: Zoroark|Shadow Ball|p1a: Meloetta\n|-immune|p1a: Meloetta\n|-activate|p1a: Meloetta|confusion\n|-damage|p1a: Meloetta|50\/100|[from] confusion\n|\n|-heal|p1a: Meloetta|56\/100|[from] item: Leftovers\n|upkeep\n|turn|17\n|\n|t:|1699864171\n|move|p2a: Zoroark|Dark Pulse|p1a: Meloetta\n|-resisted|p1a: Meloetta\n|-damage|p1a: Meloetta|39\/100\n|cant|p1a: Meloetta|flinch\n|\n|-heal|p1a: Meloetta|45\/100|[from] item: Leftovers\n|upkeep\n|turn|18\n|\n|t:|1699864180\n|-terastallize|p2a: Zoroark|Dark\n|move|p2a: Zoroark|Dark Pulse|p1a: Meloetta\n|-resisted|p1a: Meloetta\n|-damage|p1a: Meloetta|20\/100\n|-end|p1a: Meloetta|confusion\n|move|p1a: Meloetta|Substitute|p1a: Meloetta\n|-fail|p1a: Meloetta|move: Substitute|[weak]\n|\n|-heal|p1a: Meloetta|26\/100|[from] item: Leftovers\n|upkeep\n|turn|19\n|c|\u2606Ezbes|Of couse\n|\n|t:|1699864195\n|move|p2a: Zoroark|Dark Pulse|p1a: Meloetta\n|-resisted|p1a: Meloetta\n|-damage|p1a: Meloetta|3\/100\n|cant|p1a: Meloetta|flinch\n|\n|-heal|p1a: Meloetta|10\/100|[from] item: Leftovers\n|upkeep\n|turn|20\n|c|\u2606Ezbes|Bruh\n|c|\u2606Ezbes|its only 20\n|c|\u2606Ezbes|%\n|inactive|Ezbes has 120 seconds left.\n|c|\u2606Ezbes|And I used one 20% and no sleep\n|\n|t:|1699864235\n|move|p2a: Zoroark|Dark Pulse|p1a: Meloetta\n|-resisted|p1a: Meloetta\n|-damage|p1a: Meloetta|0 fnt\n|faint|p1a: Meloetta\n|\n|upkeep\n|\n|t:|1699864241\n|switch|p1a: Riolu|Riolu, F|100\/100\n|turn|21\n|\n|t:|1699864245\n|move|p2a: Zoroark|Confuse Ray|p1a: Riolu\n|-start|p1a: Riolu|confusion\n|-activate|p1a: Riolu|confusion\n|-damage|p1a: Riolu|67\/100|[from] confusion\n|\n|upkeep\n|turn|22\n|\n|t:|1699864251\n|-activate|p1a: Riolu|confusion\n|-damage|p1a: Riolu|37\/100|[from] confusion\n|move|p2a: Zoroark|Dark Pulse|p1a: Riolu\n|-resisted|p1a: Riolu\n|-damage|p1a: Riolu|0 fnt\n|faint|p1a: Riolu\n|\n|upkeep\n|\n|t:|1699864260\n|switch|p1a: Eiscue|Eiscue, F|100\/100\n|turn|23\n|\n|t:|1699864269\n|move|p2a: Zoroark|Confuse Ray|p1a: Eiscue\n|-start|p1a: Eiscue|confusion\n|-activate|p1a: Eiscue|confusion\n|move|p1a: Eiscue|Substitute|p1a: Eiscue\n|-start|p1a: Eiscue|Substitute\n|-damage|p1a: Eiscue|75\/100\n|\n|upkeep\n|turn|24\n|\n|t:|1699864279\n|move|p2a: Zoroark|Shadow Ball|p1a: Eiscue\n|-end|p1a: Eiscue|Substitute\n|-activate|p1a: Eiscue|confusion\n|-damage|p1a: Eiscue|64\/100|[from] confusion\n|\n|upkeep\n|turn|25\n|\n|t:|1699864286\n|move|p2a: Zoroark|Dark Pulse|p1a: Eiscue\n|-damage|p1a: Eiscue|2\/100\n|-enditem|p1a: Eiscue|Salac Berry|[eat]\n|-boost|p1a: Eiscue|spe|1|[from] item: Salac Berry\n|cant|p1a: Eiscue|flinch\n|\n|upkeep\n|turn|26\n|c|\u2606Ezbes|Bro\n|\n|t:|1699864295\n|move|p2a: Zoroark|Dark Pulse|p1a: Eiscue\n|-damage|p1a: Eiscue|0 fnt\n|faint|p1a: Eiscue\n|\n|upkeep\n|c|\u2606Ezbes|Ur so lucky\n|\n|t:|1699864301\n|switch|p1a: Corviknight|Corviknight, M|100\/100\n|turn|27\n|\n|t:|1699864305\n|move|p2a: Zoroark|Confuse Ray|p1a: Corviknight\n|-start|p1a: Corviknight|confusion\n|-activate|p1a: Corviknight|confusion\n|move|p1a: Corviknight|Brave Bird|p2a: Zoroark\n|-damage|p2a: Zoroark|0 fnt\n|faint|p2a: Zoroark\n|-damage|p1a: Corviknight|93\/100|[from] Recoil\n|\n|upkeep\n|\n|t:|1699864314\n|switch|p2a: Mewtwo|Mewtwo|100\/100\n|-ability|p2a: Mewtwo|Pressure\n|turn|28\n|\n|t:|1699864321\n|move|p2a: Mewtwo|Nasty Plot|p2a: Mewtwo\n|-boost|p2a: Mewtwo|spa|2\n|-activate|p1a: Corviknight|confusion\n|-damage|p1a: Corviknight|88\/100|[from] confusion\n|\n|upkeep\n|turn|29\n|\n|t:|1699864331\n|move|p2a: Mewtwo|Nasty Plot|p2a: Mewtwo\n|-boost|p2a: Mewtwo|spa|2\n|-activate|p1a: Corviknight|confusion\n|move|p1a: Corviknight|Light Screen|p1a: Corviknight\n|-sidestart|p1: Ezbes|move: Light Screen\n|\n|upkeep\n|turn|30\n|\n|t:|1699864338\n|move|p2a: Mewtwo|Shadow Ball|p1a: Corviknight\n|-damage|p1a: Corviknight|26\/100\n|-ability|p1a: Corviknight|Mirror Armor\n|-unboost|p2a: Mewtwo|spd|1\n|-damage|p2a: Mewtwo|91\/100|[from] item: Life Orb\n|-activate|p1a: Corviknight|confusion\n|-damage|p1a: Corviknight|21\/100|[from] confusion\n|\n|upkeep\n|turn|31\n|\n|t:|1699864348\n|move|p2a: Mewtwo|Shadow Ball|p1a: Corviknight\n|-damage|p1a: Corviknight|0 fnt\n|faint|p1a: Corviknight\n|-damage|p2a: Mewtwo|81\/100|[from] item: Life Orb\n|\n|upkeep\n|\n|t:|1699864354\n|switch|p1a: Snom|Snom, M|100\/100\n|turn|32\n|\n|t:|1699864358\n|move|p2a: Mewtwo|Psystrike|p1a: Snom\n|-enditem|p1a: Snom|Focus Sash\n|-damage|p1a: Snom|1\/100\n|-damage|p2a: Mewtwo|71\/100|[from] item: Life Orb\n|move|p1a: Snom|Mirror Coat|p2a: Mewtwo\n|-damage|p2a: Mewtwo|0 fnt\n|faint|p2a: Mewtwo\n|\n|win|Ezbes\n|raw|Ezbes's rating: 1170 &rarr; <strong>1184<\/strong><br \/>(+14 for winning)\n|raw|iufrertyu's rating: 1000 &rarr; <strong>1000<\/strong><br \/>(+0 for losing)\n|c|\u2606Ezbes|Gg\n|c|\u2606Ezbes|that zoroark luck tho \ud83d\udc80\n|l|\u2606iufrertyu\n","uploadtime":1699864386,"views":3,"p1id":"ezbes","p2id":"iufrertyu","formatid":"gen9anythinggoes","rating":1000,"private":0,"password":""}