{"id":"gen9anythinggoes-1989091175","p1":"jeremy261","p2":"Dave1200","format":"[Gen 9] Anything Goes","log":"|j|\u2606jeremy261\n|j|\u2606Dave1200\n|t:|1699811179\n|gametype|singles\n|player|p1|jeremy261|265|\n|player|p2|Dave1200|cyrus|\n|teamsize|p1|6\n|teamsize|p2|6\n|gen|9\n|tier|[Gen 9] Anything Goes\n|rule|HP Percentage Mod: HP is shown in percentages\n|rule|Endless Battle Clause: Forcing endless battles is banned\n|clearpoke\n|poke|p1|Avalugg-Hisui, M|\n|poke|p1|Gliscor, M|\n|poke|p1|Shaymin|\n|poke|p1|Iron Valiant|\n|poke|p1|Heatran, F|\n|poke|p1|Munkidori, M|\n|poke|p2|Gardevoir, M|\n|poke|p2|Infernape, F|\n|poke|p2|Ogerpon, F|\n|poke|p2|Iron Treads|\n|poke|p2|Greninja-*, F|\n|poke|p2|Goodra, M|\n|teampreview\n|inactive|Battle timer is ON: inactive players will automatically lose when time's up. (requested by jeremy261)\n|inactive|jeremy261 has 270 seconds left.\n|inactive|Dave1200 has 270 seconds left.\n|l|\u2606jeremy261\n|inactive|jeremy261 disconnected and has 300 seconds to reconnect!\n|player|p1|\n|c|\u2606Dave1200|,hf\n|inactive|jeremy261 has 270 seconds to reconnect!\n|j|\u2606jeremy261\n|inactive|jeremy261 reconnected and has 260 seconds left.\n|player|p1|jeremy261|265\n|inactiveoff|Battle timer is now OFF.\n|\n|t:|1699811268\n|start\n|switch|p1a: Munkidori|Munkidori, M|100\/100\n|switch|p2a: Iron Treads|Iron Treads|100\/100\n|turn|1\n|\n|t:|1699811312\n|move|p1a: Munkidori|U-turn|p2a: Iron Treads\n|-resisted|p2a: Iron Treads\n|-damage|p2a: Iron Treads|97\/100\n|\n|t:|1699811316\n|switch|p1a: Gliscor|Gliscor, M, shiny|100\/100|[from] U-turn\n|move|p2a: Iron Treads|Rapid Spin|p1a: Gliscor\n|-damage|p1a: Gliscor|91\/100\n|-boost|p2a: Iron Treads|spe|1\n|\n|-status|p1a: Gliscor|tox|[from] item: Toxic Orb\n|upkeep\n|turn|2\n|\n|t:|1699811327\n|move|p2a: Iron Treads|Ice Spinner|p1a: Gliscor\n|-supereffective|p1a: Gliscor\n|-damage|p1a: Gliscor|37\/100 tox\n|move|p1a: Gliscor|Knock Off|p2a: Iron Treads\n|-damage|p2a: Iron Treads|85\/100\n|-enditem|p2a: Iron Treads|Weakness Policy|[from] move: Knock Off|[of] p1a: Gliscor\n|\n|-heal|p1a: Gliscor|49\/100 tox|[from] ability: Poison Heal\n|upkeep\n|turn|3\n|\n|t:|1699811340\n|move|p1a: Gliscor|Protect|p1a: Gliscor\n|-singleturn|p1a: Gliscor|Protect\n|move|p2a: Iron Treads|Ice Spinner|p1a: Gliscor\n|-activate|p1a: Gliscor|move: Protect\n|\n|-heal|p1a: Gliscor|62\/100 tox|[from] ability: Poison Heal\n|upkeep\n|turn|4\n|\n|t:|1699811381\n|switch|p1a: Shaymin|Shaymin, shiny|100\/100\n|move|p2a: Iron Treads|Ice Spinner|p1a: Shaymin\n|-supereffective|p1a: Shaymin\n|-damage|p1a: Shaymin|61\/100\n|\n|upkeep\n|turn|5\n|\n|t:|1699811389\n|-end|p2a: Iron Treads|Quark Drive|[silent]\n|switch|p2a: Goodra|Goodra, M|100\/100\n|move|p1a: Shaymin|Leech Seed|p2a: Goodra\n|-ability|p2a: Goodra|Sap Sipper|boost\n|-boost|p2a: Goodra|atk|1\n|\n|upkeep\n|turn|6\n|\n|t:|1699811406\n|-terastallize|p2a: Goodra|Water\n|move|p1a: Shaymin|Synthesis|p1a: Shaymin\n|-heal|p1a: Shaymin|100\/100\n|move|p2a: Goodra|Scald|p1a: Shaymin\n|-resisted|p1a: Shaymin\n|-damage|p1a: Shaymin|86\/100\n|\n|upkeep\n|turn|7\n|\n|t:|1699811425\n|switch|p1a: Munkidori|Munkidori, M|100\/100\n|move|p2a: Goodra|Ice Beam|p1a: Munkidori\n|-damage|p1a: Munkidori|74\/100\n|\n|upkeep\n|turn|8\n|\n|t:|1699811449\n|switch|p2a: Iron Treads|Iron Treads|85\/100\n|move|p1a: Munkidori|Psychic|p2a: Iron Treads\n|-resisted|p2a: Iron Treads\n|-damage|p2a: Iron Treads|59\/100\n|\n|upkeep\n|turn|9\n|\n|t:|1699811464\n|move|p1a: Munkidori|Psychic|p2a: Iron Treads\n|-resisted|p2a: Iron Treads\n|-damage|p2a: Iron Treads|30\/100\n|move|p2a: Iron Treads|Knock Off|p1a: Munkidori\n|-supereffective|p1a: Munkidori\n|-damage|p1a: Munkidori|0 fnt\n|-enditem|p1a: Munkidori|Choice Scarf|[from] move: Knock Off|[of] p2a: Iron Treads\n|faint|p1a: Munkidori\n|\n|upkeep\n|\n|t:|1699811476\n|switch|p1a: Iron Valiant|Iron Valiant, shiny|100\/100\n|-enditem|p1a: Iron Valiant|Booster Energy\n|-activate|p1a: Iron Valiant|ability: Quark Drive|[fromitem]\n|-start|p1a: Iron Valiant|quarkdrivespe\n|turn|10\n|\n|t:|1699811492\n|move|p1a: Iron Valiant|Aura Sphere|p2a: Iron Treads\n|-supereffective|p2a: Iron Treads\n|-damage|p2a: Iron Treads|0 fnt\n|faint|p2a: Iron Treads\n|-end|p2a: Iron Treads|Quark Drive|[silent]\n|\n|upkeep\n|\n|t:|1699811520\n|switch|p2a: Gardevoir|Gardevoir, M|100\/100\n|turn|11\n|\n|t:|1699811542\n|move|p1a: Iron Valiant|Thunder Wave|p2a: Gardevoir\n|-status|p2a: Gardevoir|par\n|cant|p2a: Gardevoir|par\n|\n|upkeep\n|turn|12\n|\n|t:|1699811549\n|move|p1a: Iron Valiant|Moonblast|p2a: Gardevoir\n|-damage|p2a: Gardevoir|80\/100 par\n|-unboost|p2a: Gardevoir|spa|1\n|move|p2a: Gardevoir|Moonblast|p1a: Iron Valiant\n|-supereffective|p1a: Iron Valiant\n|-damage|p1a: Iron Valiant|0 fnt\n|faint|p1a: Iron Valiant\n|-end|p1a: Iron Valiant|Quark Drive|[silent]\n|\n|upkeep\n|\n|t:|1699811563\n|switch|p1a: Avalugg|Avalugg-Hisui, M, shiny|100\/100\n|-ability|p2a: Gardevoir|Strong Jaw|[from] ability: Trace|[of] p1a: Avalugg\n|turn|13\n|\n|t:|1699811595\n|move|p1a: Avalugg|Stealth Rock|p2a: Gardevoir\n|-sidestart|p2: Dave1200|move: Stealth Rock\n|move|p2a: Gardevoir|Psychic|p1a: Avalugg\n|-damage|p1a: Avalugg|55\/100\n|\n|upkeep\n|turn|14\n|\n|t:|1699811610\n|switch|p1a: Heatran|Heatran, F, shiny|100\/100\n|move|p2a: Gardevoir|Moonblast|p1a: Heatran\n|-resisted|p1a: Heatran\n|-damage|p1a: Heatran|96\/100\n|\n|-heal|p1a: Heatran|100\/100|[from] item: Leftovers\n|upkeep\n|turn|15\n|\n|t:|1699811619\n|move|p1a: Heatran|Substitute|p1a: Heatran\n|-start|p1a: Heatran|Substitute\n|-damage|p1a: Heatran|76\/100\n|move|p2a: Gardevoir|Aura Sphere|p1a: Heatran\n|-supereffective|p1a: Heatran\n|-activate|p1a: Heatran|move: Substitute|[damage]\n|\n|-heal|p1a: Heatran|82\/100|[from] item: Leftovers\n|upkeep\n|turn|16\n|\n|t:|1699811629\n|move|p1a: Heatran|Flash Cannon|p2a: Gardevoir\n|-supereffective|p2a: Gardevoir\n|-damage|p2a: Gardevoir|47\/100 par\n|move|p2a: Gardevoir|Aura Sphere|p1a: Heatran\n|-supereffective|p1a: Heatran\n|-crit|p1a: Heatran\n|-end|p1a: Heatran|Substitute\n|\n|-heal|p1a: Heatran|88\/100|[from] item: Leftovers\n|upkeep\n|turn|17\n|\n|t:|1699811640\n|move|p1a: Heatran|Substitute|p1a: Heatran\n|-start|p1a: Heatran|Substitute\n|-damage|p1a: Heatran|63\/100\n|cant|p2a: Gardevoir|par\n|\n|-heal|p1a: Heatran|69\/100|[from] item: Leftovers\n|upkeep\n|turn|18\n|\n|t:|1699811648\n|move|p1a: Heatran|Flash Cannon|p2a: Gardevoir\n|-supereffective|p2a: Gardevoir\n|-damage|p2a: Gardevoir|13\/100 par\n|move|p2a: Gardevoir|Aura Sphere|p1a: Heatran\n|-supereffective|p1a: Heatran\n|-activate|p1a: Heatran|move: Substitute|[damage]\n|\n|-heal|p1a: Heatran|76\/100|[from] item: Leftovers\n|upkeep\n|turn|19\n|\n|t:|1699811658\n|switch|p2a: Goodra|Goodra, M, tera:Water|100\/100\n|-damage|p2a: Goodra|88\/100|[from] Stealth Rock\n|move|p1a: Heatran|Flash Cannon|p2a: Goodra\n|-resisted|p2a: Goodra\n|-damage|p2a: Goodra|79\/100\n|\n|-heal|p2a: Goodra|85\/100|[from] item: Leftovers\n|-heal|p1a: Heatran|82\/100|[from] item: Leftovers\n|upkeep\n|turn|20\n|\n|t:|1699811669\n|move|p2a: Goodra|Scald|p1a: Heatran\n|-supereffective|p1a: Heatran\n|-end|p1a: Heatran|Substitute\n|move|p1a: Heatran|Will-O-Wisp|p2a: Goodra\n|-status|p2a: Goodra|brn\n|\n|-heal|p2a: Goodra|91\/100 brn|[from] item: Leftovers\n|-heal|p1a: Heatran|88\/100|[from] item: Leftovers\n|-damage|p2a: Goodra|85\/100 brn|[from] brn\n|upkeep\n|turn|21\n|\n|t:|1699811687\n|switch|p1a: Shaymin|Shaymin, shiny|86\/100\n|move|p2a: Goodra|Scald|p1a: Shaymin\n|-resisted|p1a: Shaymin\n|-damage|p1a: Shaymin|69\/100\n|-status|p1a: Shaymin|brn\n|\n|-heal|p2a: Goodra|91\/100 brn|[from] item: Leftovers\n|-damage|p1a: Shaymin|63\/100 brn|[from] brn\n|-damage|p2a: Goodra|85\/100 brn|[from] brn\n|upkeep\n|turn|22\n|\n|t:|1699811700\n|move|p1a: Shaymin|Synthesis|p1a: Shaymin\n|-heal|p1a: Shaymin|100\/100 brn\n|move|p2a: Goodra|Ice Beam|p1a: Shaymin\n|-supereffective|p1a: Shaymin\n|-damage|p1a: Shaymin|50\/100 brn\n|\n|-heal|p2a: Goodra|91\/100 brn|[from] item: Leftovers\n|-damage|p1a: Shaymin|44\/100 brn|[from] brn\n|-damage|p2a: Goodra|85\/100 brn|[from] brn\n|upkeep\n|turn|23\n|\n|t:|1699811754\n|move|p1a: Shaymin|Synthesis|p1a: Shaymin\n|-heal|p1a: Shaymin|94\/100 brn\n|move|p2a: Goodra|Scald|p1a: Shaymin\n|-resisted|p1a: Shaymin\n|-damage|p1a: Shaymin|78\/100 brn\n|\n|-heal|p2a: Goodra|91\/100 brn|[from] item: Leftovers\n|-damage|p1a: Shaymin|72\/100 brn|[from] brn\n|-damage|p2a: Goodra|85\/100 brn|[from] brn\n|upkeep\n|turn|24\n|\n|t:|1699811765\n|move|p1a: Shaymin|Dazzling Gleam|p2a: Goodra\n|-damage|p2a: Goodra|69\/100 brn\n|-damage|p1a: Shaymin|62\/100 brn|[from] item: Life Orb\n|move|p2a: Goodra|Ice Beam|p1a: Shaymin\n|-supereffective|p1a: Shaymin\n|-damage|p1a: Shaymin|15\/100 brn\n|\n|-heal|p2a: Goodra|75\/100 brn|[from] item: Leftovers\n|-damage|p1a: Shaymin|8\/100 brn|[from] brn\n|-damage|p2a: Goodra|69\/100 brn|[from] brn\n|upkeep\n|turn|25\n|\n|t:|1699811780\n|move|p1a: Shaymin|Synthesis|p1a: Shaymin\n|-heal|p1a: Shaymin|58\/100 brn\n|move|p2a: Goodra|Ice Beam|p1a: Shaymin\n|-supereffective|p1a: Shaymin\n|-damage|p1a: Shaymin|10\/100 brn\n|\n|-heal|p2a: Goodra|75\/100 brn|[from] item: Leftovers\n|-damage|p1a: Shaymin|3\/100 brn|[from] brn\n|-damage|p2a: Goodra|69\/100 brn|[from] brn\n|upkeep\n|turn|26\n|\n|t:|1699811806\n|move|p1a: Shaymin|Dazzling Gleam|p2a: Goodra\n|-damage|p2a: Goodra|53\/100 brn\n|-damage|p1a: Shaymin|0 fnt|[from] item: Life Orb\n|faint|p1a: Shaymin\n|move|p2a: Goodra|Ice Beam|p1: Shaymin|[notarget]\n|-fail|p2a: Goodra\n|\n|-heal|p2a: Goodra|60\/100 brn|[from] item: Leftovers\n|-damage|p2a: Goodra|53\/100 brn|[from] brn\n|upkeep\n|\n|t:|1699811819\n|switch|p1a: Gliscor|Gliscor, M, shiny|62\/100 tox\n|turn|27\n|\n|t:|1699811833\n|move|p1a: Gliscor|Protect|p1a: Gliscor\n|-singleturn|p1a: Gliscor|Protect\n|move|p2a: Goodra|Ice Beam|p1a: Gliscor\n|-activate|p1a: Gliscor|move: Protect\n|\n|-heal|p2a: Goodra|60\/100 brn|[from] item: Leftovers\n|-heal|p1a: Gliscor|74\/100 tox|[from] ability: Poison Heal\n|-damage|p2a: Goodra|53\/100 brn|[from] brn\n|upkeep\n|turn|28\n|\n|t:|1699811850\n|switch|p2a: Ogerpon|Ogerpon, F|100\/100\n|-damage|p2a: Ogerpon|88\/100|[from] Stealth Rock\n|move|p1a: Gliscor|Knock Off|p2a: Ogerpon\n|-damage|p2a: Ogerpon|58\/100\n|-enditem|p2a: Ogerpon|Muscle Band|[from] move: Knock Off|[of] p1a: Gliscor\n|\n|-heal|p1a: Gliscor|87\/100 tox|[from] ability: Poison Heal\n|upkeep\n|turn|29\n|\n|t:|1699811871\n|move|p1a: Gliscor|Protect|p1a: Gliscor\n|-singleturn|p1a: Gliscor|Protect\n|move|p2a: Ogerpon|Trailblaze|p1a: Gliscor\n|-activate|p1a: Gliscor|move: Protect\n|\n|-heal|p1a: Gliscor|99\/100 tox|[from] ability: Poison Heal\n|upkeep\n|turn|30\n|\n|t:|1699811882\n|switch|p1a: Heatran|Heatran, F, shiny|88\/100\n|move|p2a: Ogerpon|Ivy Cudgel|p1a: Heatran\n|-resisted|p1a: Heatran\n|-damage|p1a: Heatran|77\/100\n|\n|-heal|p1a: Heatran|83\/100|[from] item: Leftovers\n|upkeep\n|turn|31\n|\n|t:|1699811891\n|move|p2a: Ogerpon|Low Kick|p1a: Heatran\n|-supereffective|p1a: Heatran\n|-damage|p1a: Heatran|12\/100\n|move|p1a: Heatran|Substitute|p1a: Heatran\n|-fail|p1a: Heatran|move: Substitute|[weak]\n|\n|-heal|p1a: Heatran|18\/100|[from] item: Leftovers\n|upkeep\n|turn|32\n|\n|t:|1699811907\n|switch|p1a: Avalugg|Avalugg-Hisui, M, shiny|55\/100\n|move|p2a: Ogerpon|Low Kick|p1a: Avalugg\n|-supereffective|p1a: Avalugg\n|-damage|p1a: Avalugg|0 fnt\n|-damage|p2a: Ogerpon|41\/100|[from] item: Rocky Helmet|[of] p1a: Avalugg\n|faint|p1a: Avalugg\n|\n|upkeep\n|\n|t:|1699811916\n|switch|p1a: Gliscor|Gliscor, M, shiny|99\/100 tox\n|turn|33\n|\n|t:|1699811922\n|move|p2a: Ogerpon|Ivy Cudgel|p1a: Gliscor\n|-damage|p1a: Gliscor|66\/100 tox\n|move|p1a: Gliscor|Swords Dance|p1a: Gliscor\n|-boost|p1a: Gliscor|atk|2\n|\n|-heal|p1a: Gliscor|78\/100 tox|[from] ability: Poison Heal\n|upkeep\n|turn|34\n|\n|t:|1699811935\n|move|p2a: Ogerpon|Ivy Cudgel|p1a: Gliscor\n|-damage|p1a: Gliscor|43\/100 tox\n|move|p1a: Gliscor|Swords Dance|p1a: Gliscor\n|-boost|p1a: Gliscor|atk|2\n|\n|-heal|p1a: Gliscor|56\/100 tox|[from] ability: Poison Heal\n|upkeep\n|turn|35\n|\n|t:|1699811946\n|move|p2a: Ogerpon|Ivy Cudgel|p1a: Gliscor\n|-damage|p1a: Gliscor|20\/100 tox\n|move|p1a: Gliscor|Swords Dance|p1a: Gliscor\n|-boost|p1a: Gliscor|atk|2\n|\n|-heal|p1a: Gliscor|32\/100 tox|[from] ability: Poison Heal\n|upkeep\n|turn|36\n|\n|t:|1699811954\n|move|p1a: Gliscor|Protect|p1a: Gliscor\n|-singleturn|p1a: Gliscor|Protect\n|move|p2a: Ogerpon|Ivy Cudgel|p1a: Gliscor\n|-activate|p1a: Gliscor|move: Protect\n|\n|-heal|p1a: Gliscor|45\/100 tox|[from] ability: Poison Heal\n|upkeep\n|turn|37\n|\n|t:|1699811963\n|move|p2a: Ogerpon|Ivy Cudgel|p1a: Gliscor\n|-damage|p1a: Gliscor|10\/100 tox\n|move|p1a: Gliscor|Knock Off|p2a: Ogerpon\n|-damage|p2a: Ogerpon|0 fnt\n|faint|p2a: Ogerpon\n|\n|-heal|p1a: Gliscor|22\/100 tox|[from] ability: Poison Heal\n|upkeep\n|\n|t:|1699811972\n|switch|p2a: Greninja|Greninja, F|100\/100\n|-damage|p2a: Greninja|88\/100|[from] Stealth Rock\n|turn|38\n|\n|t:|1699811978\n|move|p1a: Gliscor|Protect|p1a: Gliscor\n|-singleturn|p1a: Gliscor|Protect\n|move|p2a: Greninja|Surf|p1a: Gliscor\n|-start|p2a: Greninja|typechange|Water|[from] ability: Protean\n|-activate|p1a: Gliscor|move: Protect\n|\n|-heal|p1a: Gliscor|35\/100 tox|[from] ability: Poison Heal\n|upkeep\n|turn|39\n|\n|t:|1699811999\n|move|p2a: Greninja|Surf|p1a: Gliscor\n|-supereffective|p1a: Gliscor\n|-damage|p1a: Gliscor|0 fnt\n|faint|p1a: Gliscor\n|\n|upkeep\n|\n|t:|1699812008\n|switch|p1a: Heatran|Heatran, F, shiny|18\/100\n|turn|40\n|\n|t:|1699812013\n|move|p2a: Greninja|Surf|p1a: Heatran\n|-supereffective|p1a: Heatran\n|-damage|p1a: Heatran|0 fnt\n|faint|p1a: Heatran\n|\n|win|Dave1200\n|c|\u2606jeremy261|Gg\n|l|\u2606jeremy261\n|c|\u2606Dave1200|gg\n|player|p2|Dave1200|cyrus\n","uploadtime":1699812446,"views":21,"p1id":"jeremy261","p2id":"dave1200","formatid":"gen9anythinggoes","rating":0,"private":0,"password":""}