{"id":"gen9anythinggoes-1987404120","p1":"0-9p8p9p7","p2":"salfont","format":"[Gen 9] Anything Goes","log":"|j|\u26060-9p8p9p7\n|j|\u2606salfont\n|t:|1699586932\n|gametype|singles\n|player|p1|0-9p8p9p7|2|1067\n|player|p2|salfont|cynthia|1002\n|teamsize|p1|6\n|teamsize|p2|6\n|gen|9\n|tier|[Gen 9] Anything Goes\n|rated|\n|rule|HP Percentage Mod: HP is shown in percentages\n|rule|Endless Battle Clause: Forcing endless battles is banned\n|clearpoke\n|poke|p1|Slowking, M|\n|poke|p1|Avalugg, M|\n|poke|p1|Cetitan, F|\n|poke|p1|Azumarill, M|\n|poke|p1|Cryogonal|\n|poke|p1|Barraskewda, F|\n|poke|p2|Decidueye, M|\n|poke|p2|Samurott, M|\n|poke|p2|Typhlosion, M|\n|poke|p2|Decidueye-Hisui, M|\n|poke|p2|Samurott-Hisui, F|\n|poke|p2|Typhlosion-Hisui, M|\n|teampreview\n|c|\u2606salfont|bro gonna lose with monotype team\n|\n|t:|1699586961\n|start\n|switch|p1a: Slowking|Slowking, M|100\/100\n|switch|p2a: Decidueye|Decidueye, M|100\/100\n|turn|1\n|\n|t:|1699586968\n|move|p2a: Decidueye|Spirit Shackle|p1a: Slowking\n|-supereffective|p1a: Slowking\n|-damage|p1a: Slowking|52\/100\n|-activate|p1a: Slowking|trapped\n|move|p1a: Slowking|Chilly Reception|p1a: Slowking\n|-weather|Snow\n|c|\u26060-9p8p9p7|k\n|c|\u26060-9p8p9p7|its a test anyway soooo\n|c|\u2606salfont|alright\n|c|\u2606salfont|lets see if you can win it\n|c|\u2606salfont|come on\n|\n|t:|1699587039\n|switch|p1a: Barraskewda|Barraskewda, F|100\/100|[from] Chilly Reception\n|\n|-weather|Snow|[upkeep]\n|upkeep\n|turn|2\n|\n|t:|1699587052\n|move|p1a: Barraskewda|Crunch|p2a: Decidueye\n|-supereffective|p2a: Decidueye\n|-enditem|p2a: Decidueye|Focus Sash\n|-damage|p2a: Decidueye|1\/100\n|-unboost|p2a: Decidueye|def|1\n|-damage|p1a: Barraskewda|91\/100|[from] item: Life Orb\n|move|p2a: Decidueye|Spirit Shackle|p1a: Barraskewda\n|-damage|p1a: Barraskewda|35\/100\n|-activate|p1a: Barraskewda|trapped\n|\n|-weather|Snow|[upkeep]\n|upkeep\n|turn|3\n|\n|t:|1699587065\n|move|p1a: Barraskewda|Liquidation|p2a: Decidueye\n|-resisted|p2a: Decidueye\n|-damage|p2a: Decidueye|0 fnt\n|faint|p2a: Decidueye\n|-damage|p1a: Barraskewda|25\/100|[from] item: Life Orb\n|\n|-weather|Snow|[upkeep]\n|upkeep\n|\n|t:|1699587075\n|switch|p2a: Decidueye|Decidueye-Hisui, M|100\/100\n|turn|4\n|\n|t:|1699587080\n|move|p1a: Barraskewda|Poison Jab|p2a: Decidueye\n|-supereffective|p2a: Decidueye\n|-damage|p2a: Decidueye|5\/100\n|-damage|p1a: Barraskewda|15\/100|[from] item: Life Orb\n|move|p2a: Decidueye|Leaf Blade|p1a: Barraskewda\n|-supereffective|p1a: Barraskewda\n|-crit|p1a: Barraskewda\n|-damage|p1a: Barraskewda|0 fnt\n|faint|p1a: Barraskewda\n|\n|-weather|Snow|[upkeep]\n|upkeep\n|\n|t:|1699587095\n|switch|p1a: Cryogonal|Cryogonal|100\/100\n|turn|5\n|\n|t:|1699587099\n|move|p1a: Cryogonal|Freeze-Dry|p2a: Decidueye\n|-supereffective|p2a: Decidueye\n|-damage|p2a: Decidueye|0 fnt\n|faint|p2a: Decidueye\n|\n|-weather|Snow|[upkeep]\n|upkeep\n|\n|t:|1699587106\n|switch|p2a: Typhlosion|Typhlosion-Hisui, M|100\/100\n|turn|6\n|\n|t:|1699587113\n|move|p1a: Cryogonal|Flash Cannon|p2a: Typhlosion\n|-resisted|p2a: Typhlosion\n|-damage|p2a: Typhlosion|89\/100\n|move|p2a: Typhlosion|Shadow Ball|p1a: Cryogonal\n|-damage|p1a: Cryogonal|81\/100\n|\n|-weather|Snow|[upkeep]\n|upkeep\n|turn|7\n|\n|t:|1699587123\n|move|p1a: Cryogonal|Recover|p1a: Cryogonal\n|-heal|p1a: Cryogonal|100\/100\n|move|p2a: Typhlosion|Blast Burn|p1a: Cryogonal|[miss]\n|-miss|p2a: Typhlosion|p1a: Cryogonal\n|\n|-weather|Snow|[upkeep]\n|upkeep\n|turn|8\n|c|\u26060-9p8p9p7|dam why :\/\n|\n|t:|1699587140\n|move|p1a: Cryogonal|Freeze-Dry|p2a: Typhlosion\n|-resisted|p2a: Typhlosion\n|-damage|p2a: Typhlosion|74\/100\n|move|p2a: Typhlosion|Blast Burn|p1a: Cryogonal\n|-supereffective|p1a: Cryogonal\n|-damage|p1a: Cryogonal|34\/100\n|-mustrecharge|p2a: Typhlosion\n|\n|-weather|none\n|upkeep\n|turn|9\n|\n|t:|1699587152\n|move|p1a: Cryogonal|Recover|p1a: Cryogonal\n|-heal|p1a: Cryogonal|84\/100\n|cant|p2a: Typhlosion|recharge\n|\n|upkeep\n|turn|10\n|\n|t:|1699587161\n|move|p1a: Cryogonal|Freeze-Dry|p2a: Typhlosion\n|-resisted|p2a: Typhlosion\n|-damage|p2a: Typhlosion|59\/100\n|-status|p2a: Typhlosion|frz\n|cant|p2a: Typhlosion|frz\n|\n|upkeep\n|turn|11\n|c|\u26060-9p8p9p7|of\n|c|\u26060-9p8p9p7|oof\n|\n|t:|1699587171\n|switch|p2a: Samurott|Samurott, M|100\/100\n|move|p1a: Cryogonal|Freeze-Dry|p2a: Samurott\n|-supereffective|p2a: Samurott\n|-damage|p2a: Samurott|30\/100\n|-status|p2a: Samurott|frz\n|\n|upkeep\n|turn|12\n|c|\u26060-9p8p9p7|dam man\n|c|\u26060-9p8p9p7|what is my luck\n|\n|t:|1699587188\n|switch|p2a: Typhlosion|Typhlosion, M|100\/100\n|move|p1a: Cryogonal|Freeze-Dry|p2a: Typhlosion\n|-resisted|p2a: Typhlosion\n|-damage|p2a: Typhlosion|86\/100\n|\n|upkeep\n|turn|13\n|\n|t:|1699587199\n|move|p1a: Cryogonal|Freeze-Dry|p2a: Typhlosion\n|-resisted|p2a: Typhlosion\n|-damage|p2a: Typhlosion|71\/100\n|-status|p2a: Typhlosion|frz\n|cant|p2a: Typhlosion|frz\n|\n|upkeep\n|turn|14\n|c|\u26060-9p8p9p7|holy shit\n|\n|t:|1699587208\n|switch|p2a: Samurott|Samurott-Hisui, F|100\/100\n|move|p1a: Cryogonal|Freeze-Dry|p2a: Samurott\n|-supereffective|p2a: Samurott\n|-damage|p2a: Samurott|33\/100\n|\n|upkeep\n|turn|15\n|\n|t:|1699587215\n|move|p1a: Cryogonal|Freeze-Dry|p2a: Samurott\n|-supereffective|p2a: Samurott\n|-damage|p2a: Samurott|0 fnt\n|faint|p2a: Samurott\n|\n|upkeep\n|\n|t:|1699587221\n|switch|p2a: Typhlosion|Typhlosion-Hisui, M|59\/100 frz\n|turn|16\n|\n|t:|1699587228\n|switch|p1a: Slowking|Slowking, M|85\/100\n|-terastallize|p2a: Typhlosion|Ghost\n|-curestatus|p2a: Typhlosion|frz|[msg]\n|move|p2a: Typhlosion|Infernal Parade|p1a: Slowking\n|-supereffective|p1a: Slowking\n|-damage|p1a: Slowking|41\/100\n|\n|upkeep\n|turn|17\n|\n|t:|1699587248\n|-terastallize|p1a: Slowking|Water\n|move|p2a: Typhlosion|Shadow Ball|p1a: Slowking\n|-damage|p1a: Slowking|15\/100\n|move|p1a: Slowking|Thunder Wave|p2a: Typhlosion\n|-status|p2a: Typhlosion|par\n|\n|upkeep\n|turn|18\n|\n|t:|1699587255\n|move|p2a: Typhlosion|Infernal Parade|p1a: Slowking\n|-damage|p1a: Slowking|0 fnt\n|faint|p1a: Slowking\n|\n|upkeep\n|\n|t:|1699587263\n|switch|p1a: Azumarill|Azumarill, M, shiny|100\/100\n|turn|19\n|\n|t:|1699587270\n|switch|p2a: Typhlosion|Typhlosion, M|71\/100 frz\n|move|p1a: Azumarill|Ice Beam|p2a: Typhlosion\n|-resisted|p2a: Typhlosion\n|-damage|p2a: Typhlosion|58\/100 frz\n|\n|upkeep\n|turn|20\n|\n|t:|1699587280\n|cant|p2a: Typhlosion|frz\n|move|p1a: Azumarill|Chilling Water|p2a: Typhlosion\n|-supereffective|p2a: Typhlosion\n|-damage|p2a: Typhlosion|15\/100 frz\n|-unboost|p2a: Typhlosion|atk|1\n|\n|upkeep\n|turn|21\n|\n|t:|1699587286\n|cant|p2a: Typhlosion|frz\n|move|p1a: Azumarill|Chilling Water|p2a: Typhlosion\n|-supereffective|p2a: Typhlosion\n|-damage|p2a: Typhlosion|0 fnt\n|faint|p2a: Typhlosion\n|\n|upkeep\n|\n|t:|1699587292\n|switch|p2a: Samurott|Samurott, M|30\/100 frz\n|turn|22\n|\n|t:|1699587298\n|-curestatus|p2a: Samurott|frz|[msg]\n|move|p2a: Samurott|Sacred Sword|p1a: Azumarill\n|-resisted|p1a: Azumarill\n|-damage|p1a: Azumarill|88\/100\n|move|p1a: Azumarill|Metronome|p1a: Azumarill\n|move|p1a: Azumarill|Extreme Speed|p2a: Samurott|[from]move: Metronome\n|-damage|p2a: Samurott|18\/100\n|\n|upkeep\n|turn|23\n|\n|t:|1699587309\n|move|p2a: Samurott|Chilling Water|p1a: Azumarill\n|-resisted|p1a: Azumarill\n|-damage|p1a: Azumarill|78\/100\n|-unboost|p1a: Azumarill|atk|1\n|move|p1a: Azumarill|Metronome|p1a: Azumarill\n|move|p1a: Azumarill|Psyshock|p2a: Samurott|[from]move: Metronome\n|-damage|p2a: Samurott|0 fnt\n|faint|p2a: Samurott\n|\n|upkeep\n|\n|t:|1699587318\n|switch|p2a: Typhlosion|Typhlosion-Hisui, M, tera:Ghost|59\/100 par\n|turn|24\n|\n|t:|1699587324\n|move|p1a: Azumarill|Perish Song|p1a: Azumarill\n|-start|p1a: Azumarill|perish3|[silent]\n|-start|p2a: Typhlosion|perish3|[silent]\n|-fieldactivate|move: Perish Song\n|move|p2a: Typhlosion|Infernal Parade|p1a: Azumarill\n|-damage|p1a: Azumarill|45\/100\n|\n|-start|p1a: Azumarill|perish3\n|-start|p2a: Typhlosion|perish3\n|upkeep\n|turn|25\n|\n|t:|1699587332\n|move|p1a: Azumarill|Metronome|p1a: Azumarill\n|move|p1a: Azumarill|Sweet Kiss|p2a: Typhlosion|[from]move: Metronome\n|-start|p2a: Typhlosion|confusion\n|-activate|p2a: Typhlosion|confusion\n|cant|p2a: Typhlosion|par\n|\n|-start|p1a: Azumarill|perish2\n|-start|p2a: Typhlosion|perish2\n|upkeep\n|turn|26\n|\n|t:|1699587343\n|move|p1a: Azumarill|Metronome|p1a: Azumarill\n|move|p1a: Azumarill|Mountain Gale|p2a: Typhlosion|[from]move: Metronome|[miss]\n|-miss|p1a: Azumarill|p2a: Typhlosion\n|-end|p2a: Typhlosion|confusion\n|move|p2a: Typhlosion|Infernal Parade|p1a: Azumarill\n|-damage|p1a: Azumarill|12\/100\n|\n|-start|p1a: Azumarill|perish1\n|-start|p2a: Typhlosion|perish1\n|upkeep\n|turn|27\n|c|\u26060-9p8p9p7|epic\n|\n|t:|1699587357\n|switch|p1a: Cryogonal|Cryogonal|84\/100\n|move|p2a: Typhlosion|Infernal Parade|p1a: Cryogonal\n|-damage|p1a: Cryogonal|66\/100\n|\n|-start|p2a: Typhlosion|perish0\n|upkeep\n|faint|p2a: Typhlosion\n|\n|win|0-9p8p9p7\n|raw|0-9p8p9p7's rating: 1067 &rarr; <strong>1091<\/strong><br \/>(+24 for winning)\n|raw|salfont's rating: 1002 &rarr; <strong>1000<\/strong><br \/>(-2 for losing)\n|c|\u2606salfont|gg\n|l|\u2606salfont\n|c|\u26060-9p8p9p7|salfont: bro gonna lose with monotype team\n|c|\u26060-9p8p9p7|0-9p8p9p7 won the battle!\n|c|\u26060-9p8p9p7|???\n","uploadtime":1699587412,"views":5,"p1id":"09p8p9p7","p2id":"salfont","formatid":"gen9anythinggoes","rating":1000,"private":0,"password":""}