{"id":"gen9anythinggoes-1997201540","p1":"AttentivePeach","p2":"poorlycutbread","format":"[Gen 9] Anything Goes","log":"|j|\u2606AttentivePeach\n|j|\u2606poorlycutbread\n|t:|1700774995\n|gametype|singles\n|player|p1|AttentivePeach|170|1259\n|player|p2|poorlycutbread|101|1198\n|teamsize|p1|6\n|teamsize|p2|6\n|gen|9\n|tier|[Gen 9] Anything Goes\n|rated|\n|rule|HP Percentage Mod: HP is shown in percentages\n|rule|Endless Battle Clause: Forcing endless battles is banned\n|clearpoke\n|poke|p1|Iron Bundle|\n|poke|p1|Ninetales-Alola, F|\n|poke|p1|Garchomp, M|\n|poke|p1|Thundurus-Therian, M|\n|poke|p1|Mew|\n|poke|p1|Grafaiai, M|\n|poke|p2|Quagsire, M|\n|poke|p2|Miraidon|\n|poke|p2|Skeledirge, F|\n|poke|p2|Gliscor, F|\n|poke|p2|Iron Valiant|\n|poke|p2|Clefable, M|\n|teampreview\n|inactive|Battle timer is ON: inactive players will automatically lose when time's up. (requested by AttentivePeach)\n|\n|t:|1700775011\n|start\n|switch|p1a: Grafaiai|Grafaiai, M|100\/100\n|switch|p2a: Gliscor|Gliscor, F|100\/100\n|turn|1\n|\n|t:|1700775019\n|move|p2a: Gliscor|Earthquake|p1a: Grafaiai\n|-supereffective|p1a: Grafaiai\n|-damage|p1a: Grafaiai|0 fnt\n|faint|p1a: Grafaiai\n|\n|-status|p2a: Gliscor|tox|[from] item: Toxic Orb\n|upkeep\n|\n|t:|1700775025\n|switch|p1a: Ninetales|Ninetales-Alola, F|100\/100\n|-weather|Snow|[from] ability: Snow Warning|[of] p1a: Ninetales\n|turn|2\n|\n|t:|1700775037\n|switch|p2a: Skeledirge|Skeledirge, F|100\/100\n|move|p1a: Ninetales|Blizzard|p2a: Skeledirge\n|-resisted|p2a: Skeledirge\n|-damage|p2a: Skeledirge|79\/100\n|\n|-weather|Snow|[upkeep]\n|-heal|p2a: Skeledirge|85\/100|[from] item: Leftovers\n|upkeep\n|turn|3\n|\n|t:|1700775046\n|switch|p1a: Garchomp|Garchomp, M|100\/100\n|move|p2a: Skeledirge|Torch Song|p1a: Garchomp\n|-resisted|p1a: Garchomp\n|-damage|p1a: Garchomp|83\/100\n|-boost|p2a: Skeledirge|spa|1\n|\n|-weather|Snow|[upkeep]\n|-heal|p2a: Skeledirge|92\/100|[from] item: Leftovers\n|upkeep\n|turn|4\n|\n|t:|1700775063\n|move|p1a: Garchomp|Earthquake|p2a: Skeledirge\n|-supereffective|p2a: Skeledirge\n|-damage|p2a: Skeledirge|5\/100\n|move|p2a: Skeledirge|Yawn|p1a: Garchomp\n|-start|p1a: Garchomp|move: Yawn|[of] p2a: Skeledirge\n|\n|-weather|Snow|[upkeep]\n|-heal|p2a: Skeledirge|11\/100|[from] item: Leftovers\n|upkeep\n|turn|5\n|\n|t:|1700775073\n|switch|p2a: Gliscor|Gliscor, F|100\/100 tox\n|move|p1a: Garchomp|Earthquake|p2a: Gliscor\n|-immune|p2a: Gliscor\n|\n|-weather|Snow|[upkeep]\n|-end|p1a: Garchomp|move: Yawn|[silent]\n|-status|p1a: Garchomp|slp\n|upkeep\n|turn|6\n|\n|t:|1700775084\n|cant|p1a: Garchomp|slp\n|move|p2a: Gliscor|Stealth Rock|p1a: Garchomp\n|-sidestart|p1: AttentivePeach|move: Stealth Rock\n|\n|-weather|none\n|upkeep\n|turn|7\n|\n|t:|1700775093\n|switch|p1a: Ninetales|Ninetales-Alola, F|100\/100\n|-weather|Snow|[from] ability: Snow Warning|[of] p1a: Ninetales\n|move|p2a: Gliscor|Toxic Spikes|p1a: Ninetales\n|-sidestart|p1: AttentivePeach|move: Toxic Spikes\n|\n|-weather|Snow|[upkeep]\n|upkeep\n|turn|8\n|\n|t:|1700775101\n|move|p1a: Ninetales|Calm Mind|p1a: Ninetales\n|-boost|p1a: Ninetales|spa|1\n|-boost|p1a: Ninetales|spd|1\n|move|p2a: Gliscor|Knock Off|p1a: Ninetales\n|-resisted|p1a: Ninetales\n|-damage|p1a: Ninetales|88\/100\n|-enditem|p1a: Ninetales|Heavy-Duty Boots|[from] move: Knock Off|[of] p2a: Gliscor\n|\n|-weather|Snow|[upkeep]\n|upkeep\n|turn|9\n|\n|t:|1700775112\n|switch|p2a: :D|Quagsire, M, shiny|100\/100\n|move|p1a: Ninetales|Blizzard|p2a: :D\n|-damage|p2a: :D|64\/100\n|\n|-weather|Snow|[upkeep]\n|-heal|p2a: :D|70\/100|[from] item: Leftovers\n|upkeep\n|turn|10\n|\n|t:|1700775122\n|move|p1a: Ninetales|Calm Mind|p1a: Ninetales\n|-boost|p1a: Ninetales|spa|1\n|-boost|p1a: Ninetales|spd|1\n|move|p2a: :D|Haze|p2a: :D\n|-clearallboost\n|\n|-weather|Snow|[upkeep]\n|-heal|p2a: :D|76\/100|[from] item: Leftovers\n|upkeep\n|turn|11\n|\n|t:|1700775131\n|move|p1a: Ninetales|Moonblast|p2a: :D\n|-damage|p2a: :D|42\/100\n|move|p2a: :D|Recover|p2a: :D\n|-heal|p2a: :D|92\/100\n|\n|-weather|none\n|-heal|p2a: :D|98\/100|[from] item: Leftovers\n|upkeep\n|turn|12\n|\n|t:|1700775140\n|switch|p1a: Garchomp|Garchomp, M|83\/100 slp\n|-damage|p1a: Garchomp|77\/100 slp|[from] Stealth Rock\n|move|p2a: :D|Waterfall|p1a: Garchomp\n|-damage|p1a: Garchomp|50\/100 slp\n|-damage|p2a: :D|85\/100|[from] ability: Rough Skin|[of] p1a: Garchomp\n|\n|-heal|p2a: :D|91\/100|[from] item: Leftovers\n|upkeep\n|turn|13\n|\n|t:|1700775151\n|cant|p1a: Garchomp|slp\n|move|p2a: :D|Waterfall|p1a: Garchomp\n|-damage|p1a: Garchomp|26\/100 slp\n|-damage|p2a: :D|79\/100|[from] ability: Rough Skin|[of] p1a: Garchomp\n|\n|-heal|p2a: :D|85\/100|[from] item: Leftovers\n|upkeep\n|turn|14\n|\n|t:|1700775165\n|cant|p1a: Garchomp|slp\n|move|p2a: :D|Waterfall|p1a: Garchomp\n|-crit|p1a: Garchomp\n|-damage|p1a: Garchomp|0 fnt\n|-damage|p2a: :D|73\/100|[from] ability: Rough Skin|[of] p1a: Garchomp\n|faint|p1a: Garchomp\n|\n|-heal|p2a: :D|79\/100|[from] item: Leftovers\n|upkeep\n|\n|t:|1700775173\n|switch|p1a: Mew|Mew|100\/100\n|-damage|p1a: Mew|88\/100|[from] Stealth Rock\n|-status|p1a: Mew|psn\n|turn|15\n|\n|t:|1700775184\n|move|p1a: Mew|Dragon Dance|p1a: Mew\n|-boost|p1a: Mew|atk|1\n|-boost|p1a: Mew|spe|1\n|move|p2a: :D|Waterfall|p1a: Mew\n|-damage|p1a: Mew|64\/100 psn\n|\n|-heal|p2a: :D|85\/100|[from] item: Leftovers\n|-damage|p1a: Mew|52\/100 psn|[from] psn\n|upkeep\n|turn|16\n|\n|t:|1700775194\n|move|p1a: Mew|Zen Headbutt|p2a: :D\n|-damage|p2a: :D|49\/100\n|move|p2a: :D|Haze|p2a: :D\n|-clearallboost\n|\n|-heal|p2a: :D|55\/100|[from] item: Leftovers\n|-damage|p1a: Mew|40\/100 psn|[from] psn\n|upkeep\n|turn|17\n|\n|t:|1700775204\n|move|p1a: Mew|Skill Swap|p2a: :D\n|-activate|p1a: Mew|move: Skill Swap|Unaware|Synchronize|[of] p2a: :D\n|move|p2a: :D|Recover|p2a: :D\n|-heal|p2a: :D|100\/100\n|\n|-damage|p1a: Mew|27\/100 psn|[from] psn\n|upkeep\n|turn|18\n|\n|t:|1700775212\n|move|p1a: Mew|Zen Headbutt|p2a: :D\n|-damage|p2a: :D|64\/100\n|move|p2a: :D|Waterfall|p1a: Mew\n|-damage|p1a: Mew|0 fnt\n|faint|p1a: Mew\n|\n|-heal|p2a: :D|70\/100|[from] item: Leftovers\n|upkeep\n|\n|t:|1700775224\n|switch|p1a: Iron Bundle|Iron Bundle|100\/100\n|-damage|p1a: Iron Bundle|76\/100|[from] Stealth Rock\n|-status|p1a: Iron Bundle|psn\n|-enditem|p1a: Iron Bundle|Booster Energy\n|-activate|p1a: Iron Bundle|ability: Quark Drive|[fromitem]\n|-start|p1a: Iron Bundle|quarkdrivespe\n|turn|19\n|\n|t:|1700775245\n|switch|p2a: Clefable|Clefable, M|100\/100\n|move|p1a: Iron Bundle|Freeze-Dry|p2a: Clefable\n|-damage|p2a: Clefable|69\/100\n|\n|-heal|p2a: Clefable|75\/100|[from] item: Leftovers\n|-damage|p1a: Iron Bundle|63\/100 psn|[from] psn\n|upkeep\n|turn|20\n|\n|t:|1700775256\n|move|p1a: Iron Bundle|Hydro Pump|p2a: Clefable|[miss]\n|-miss|p1a: Iron Bundle|p2a: Clefable\n|move|p2a: Clefable|Thunder Wave||[still]\n|-fail|p2a: Clefable\n|\n|-heal|p2a: Clefable|81\/100|[from] item: Leftovers\n|-damage|p1a: Iron Bundle|51\/100 psn|[from] psn\n|upkeep\n|turn|21\n|c|\u2606poorlycutbread|how do I keep forgetting to status thing\n|\n|t:|1700775272\n|move|p1a: Iron Bundle|Hydro Pump|p2a: Clefable\n|-damage|p2a: Clefable|30\/100\n|move|p2a: Clefable|Draining Kiss|p1a: Iron Bundle\n|-damage|p1a: Iron Bundle|3\/100 psn\n|-heal|p2a: Clefable|54\/100|[from] drain|[of] p1a: Iron Bundle\n|\n|-heal|p2a: Clefable|60\/100|[from] item: Leftovers\n|-damage|p1a: Iron Bundle|0 fnt|[from] psn\n|faint|p1a: Iron Bundle\n|-end|p1a: Iron Bundle|Quark Drive|[silent]\n|upkeep\n|\n|t:|1700775277\n|switch|p1a: Thundurus|Thundurus-Therian, M|100\/100\n|-damage|p1a: Thundurus|76\/100|[from] Stealth Rock\n|turn|22\n|\n|t:|1700775288\n|move|p1a: Thundurus|Thunderbolt|p2a: Clefable\n|-damage|p2a: Clefable|8\/100\n|move|p2a: Clefable|Draining Kiss|p1a: Thundurus\n|-damage|p1a: Thundurus|46\/100\n|-heal|p2a: Clefable|25\/100|[from] drain|[of] p1a: Thundurus\n|\n|-heal|p1a: Thundurus|52\/100|[from] item: Leftovers\n|-heal|p2a: Clefable|31\/100|[from] item: Leftovers\n|upkeep\n|turn|23\n|\n|t:|1700775299\n|switch|p2a: Gliscor|Gliscor, F|100\/100 tox\n|move|p1a: Thundurus|Thunderbolt|p2a: Gliscor\n|-immune|p2a: Gliscor\n|\n|-heal|p1a: Thundurus|58\/100|[from] item: Leftovers\n|upkeep\n|turn|24\n|\n|t:|1700775308\n|move|p1a: Thundurus|Dark Pulse|p2a: Gliscor\n|-damage|p2a: Gliscor|49\/100 tox\n|cant|p2a: Gliscor|flinch\n|\n|-heal|p1a: Thundurus|64\/100|[from] item: Leftovers\n|-heal|p2a: Gliscor|61\/100 tox|[from] ability: Poison Heal\n|upkeep\n|turn|25\n|\n|t:|1700775318\n|move|p1a: Thundurus|Dark Pulse|p2a: Gliscor\n|-damage|p2a: Gliscor|10\/100 tox\n|move|p2a: Gliscor|Knock Off|p1a: Thundurus\n|-damage|p1a: Thundurus|20\/100\n|-enditem|p1a: Thundurus|Leftovers|[from] move: Knock Off|[of] p2a: Gliscor\n|\n|-heal|p2a: Gliscor|22\/100 tox|[from] ability: Poison Heal\n|upkeep\n|turn|26\n|\n|t:|1700775332\n|switch|p2a: Iron Valiant|Iron Valiant|100\/100\n|-enditem|p2a: Iron Valiant|Booster Energy\n|-activate|p2a: Iron Valiant|ability: Quark Drive|[fromitem]\n|-start|p2a: Iron Valiant|quarkdrivespe\n|move|p1a: Thundurus|Dark Pulse|p2a: Iron Valiant\n|-resisted|p2a: Iron Valiant\n|-damage|p2a: Iron Valiant|86\/100\n|\n|upkeep\n|turn|27\n|\n|t:|1700775343\n|move|p2a: Iron Valiant|Spirit Break|p1a: Thundurus\n|-damage|p1a: Thundurus|0 fnt\n|faint|p1a: Thundurus\n|\n|upkeep\n|\n|t:|1700775346\n|switch|p1a: Ninetales|Ninetales-Alola, F|88\/100\n|-damage|p1a: Ninetales|63\/100|[from] Stealth Rock\n|-status|p1a: Ninetales|psn\n|-weather|Snow|[from] ability: Snow Warning|[of] p1a: Ninetales\n|turn|28\n|\n|t:|1700775355\n|move|p2a: Iron Valiant|Close Combat|p1a: Ninetales\n|-damage|p1a: Ninetales|2\/100 psn\n|-unboost|p2a: Iron Valiant|def|1\n|-unboost|p2a: Iron Valiant|spd|1\n|move|p1a: Ninetales|Moonblast|p2a: Iron Valiant\n|-supereffective|p2a: Iron Valiant\n|-damage|p2a: Iron Valiant|0 fnt\n|faint|p2a: Iron Valiant\n|-end|p2a: Iron Valiant|Quark Drive|[silent]\n|\n|-weather|Snow|[upkeep]\n|-damage|p1a: Ninetales|0 fnt|[from] psn\n|faint|p1a: Ninetales\n|\n|win|poorlycutbread\n|upkeep\n|raw|AttentivePeach's rating: 1259 &rarr; <strong>1230<\/strong><br \/>(-29 for losing)\n|raw|poorlycutbread's rating: 1198 &rarr; <strong>1227<\/strong><br \/>(+29 for winning)\n|l|\u2606AttentivePeach\n|c|\u2606poorlycutbread|gg\n","uploadtime":1700775376,"views":3,"p1id":"attentivepeach","p2id":"poorlycutbread","formatid":"gen9anythinggoes","rating":1227,"private":0,"password":""}