{"id":"gen9anythinggoes-1990541144","p1":"imdstrbd","p2":"Personal Matters","format":"[Gen 9] Anything Goes","log":"|j|\u2606imdstrbd\n|j|\u2606Personal Matters\n|t:|1699979926\n|gametype|singles\n|player|p1|imdstrbd|lance|1129\n|player|p2|Personal Matters|1|1223\n|teamsize|p1|6\n|teamsize|p2|6\n|gen|9\n|tier|[Gen 9] Anything Goes\n|rated|\n|rule|HP Percentage Mod: HP is shown in percentages\n|rule|Endless Battle Clause: Forcing endless battles is banned\n|clearpoke\n|poke|p1|Noivern, M|\n|poke|p1|Milotic, M|\n|poke|p1|Ninetales-Alola, F|\n|poke|p1|Salamence, M|\n|poke|p1|Palkia|\n|poke|p1|Zacian-*|\n|poke|p2|Annihilape, F|\n|poke|p2|Eelektross, M|\n|poke|p2|Ogerpon-Wellspring, F|\n|poke|p2|Sandslash-Alola, F|\n|poke|p2|Clodsire, F|\n|poke|p2|Basculin-White-Striped, F|\n|teampreview\n|\n|t:|1699979947\n|start\n|switch|p1a: Aeterneus|Zacian-Crowned, shiny|100\/100\n|switch|p2a: Lapras|Eelektross, M|100\/100\n|-ability|p1a: Aeterneus|Intrepid Sword|boost\n|-boost|p1a: Aeterneus|atk|1\n|turn|1\n|\n|t:|1699979969\n|-terastallize|p1a: Aeterneus|Fire\n|move|p1a: Aeterneus|Swords Dance|p1a: Aeterneus\n|-boost|p1a: Aeterneus|atk|2\n|move|p2a: Lapras|Flamethrower|p1a: Aeterneus\n|-resisted|p1a: Aeterneus\n|-damage|p1a: Aeterneus|88\/100\n|\n|upkeep\n|turn|2\n|\n|t:|1699979977\n|move|p1a: Aeterneus|Behemoth Blade|p2a: Lapras\n|-resisted|p2a: Lapras\n|-damage|p2a: Lapras|8\/100\n|move|p2a: Lapras|U-turn|p1a: Aeterneus\n|-resisted|p1a: Aeterneus\n|-damage|p1a: Aeterneus|80\/100\n|\n|t:|1699979983\n|switch|p2a: Stunfisk|Clodsire, F|100\/100|[from] U-turn\n|\n|upkeep\n|turn|3\n|\n|t:|1699979987\n|move|p1a: Aeterneus|Behemoth Blade|p2a: Stunfisk\n|-damage|p2a: Stunfisk|0 fnt\n|faint|p2a: Stunfisk\n|\n|upkeep\n|\n|t:|1699980002\n|switch|p2a: Medicham|Annihilape, F|100\/100\n|turn|4\n|-activate|p2a: Medicham|item: Quick Claw\n|\n|t:|1699980006\n|move|p2a: Medicham|Stealth Rock|p1a: Aeterneus\n|-sidestart|p1: imdstrbd|move: Stealth Rock\n|move|p1a: Aeterneus|Behemoth Blade|p2a: Medicham\n|-damage|p2a: Medicham|0 fnt\n|faint|p2a: Medicham\n|\n|upkeep\n|\n|t:|1699980015\n|switch|p2a: Clodsire|Sandslash-Alola, F|100\/100\n|turn|5\n|\n|t:|1699980018\n|move|p1a: Aeterneus|Behemoth Blade|p2a: Clodsire\n|-damage|p2a: Clodsire|0 fnt\n|faint|p2a: Clodsire\n|\n|upkeep\n|\n|t:|1699980025\n|switch|p2a: Sandshrew|Ogerpon-Wellspring, F|100\/100\n|turn|6\n|c|\u2606Personal Matters|you ready to ff yet?\n|\n|t:|1699980035\n|move|p1a: Aeterneus|Behemoth Blade|p2a: Sandshrew\n|-resisted|p2a: Sandshrew\n|-crit|p2a: Sandshrew\n|-damage|p2a: Sandshrew|0 fnt\n|faint|p2a: Sandshrew\n|\n|upkeep\n|\n|t:|1699980040\n|switch|p2a: Lapras|Eelektross, M|8\/100\n|turn|7\n|c|\u2606imdstrbd|yes\n|\n|t:|1699980045\n|move|p1a: Aeterneus|Tera Blast|p2a: Lapras|[anim] Tera Blast Fire\n|-damage|p2a: Lapras|0 fnt\n|faint|p2a: Lapras\n|\n|upkeep\n|c|\u2606Personal Matters|last chance to surrender\n|c|\u2606imdstrbd|never\n|\n|t:|1699980057\n|switch|p2a: IIIIIT'SS OOVVERR|Basculin-White-Striped, F|100\/100\n|turn|8\n|c|\u2606imdstrbd|god help me\n|\n|t:|1699980067\n|-terastallize|p2a: IIIIIT'SS OOVVERR|Ghost\n|move|p2a: IIIIIT'SS OOVVERR|Last Respects|p1a: Aeterneus\n|-damage|p1a: Aeterneus|0 fnt\n|faint|p1a: Aeterneus\n|\n|upkeep\n|\n|t:|1699980072\n|switch|p1a: Milotic|Milotic, M|100\/100\n|turn|9\n|c|\u2606Personal Matters|yup\n|c|\u2606Personal Matters|fish\n|\n|t:|1699980078\n|move|p2a: IIIIIT'SS OOVVERR|Last Respects|p1a: Milotic\n|-damage|p1a: Milotic|0 fnt\n|faint|p1a: Milotic\n|\n|upkeep\n|c|\u2606Personal Matters|thing bloody wave-clears\n|c|\u2606imdstrbd|i hope you die\n|\n|t:|1699980090\n|switch|p1a: Palkia|Palkia|100\/100\n|-damage|p1a: Palkia|88\/100|[from] Stealth Rock\n|-ability|p1a: Palkia|Pressure\n|turn|10\n|c|\u2606Personal Matters|Ditto!\n|\n|t:|1699980095\n|move|p2a: IIIIIT'SS OOVVERR|Last Respects|p1a: Palkia\n|-damage|p1a: Palkia|0 fnt\n|faint|p1a: Palkia\n|\n|upkeep\n|\n|t:|1699980099\n|switch|p1a: Salamence|Salamence, M|100\/100\n|-ability|p1a: Salamence|Intimidate|boost\n|-unboost|p2a: IIIIIT'SS OOVVERR|atk|1\n|turn|11\n|\n|t:|1699980103\n|move|p2a: IIIIIT'SS OOVVERR|Last Respects|p1a: Salamence\n|-damage|p1a: Salamence|5\/100\n|move|p1a: Salamence|Draco Meteor|p2a: IIIIIT'SS OOVVERR\n|-damage|p2a: IIIIIT'SS OOVVERR|0 fnt\n|-unboost|p1a: Salamence|spa|2\n|faint|p2a: IIIIIT'SS OOVVERR\n|\n|win|imdstrbd\n|raw|imdstrbd's rating: 1129 &rarr; <strong>1161<\/strong><br \/>(+32 for winning)\n|raw|Personal Matters's rating: 1223 &rarr; <strong>1191<\/strong><br \/>(-32 for losing)\n","uploadtime":1699980088,"views":4,"p1id":"imdstrbd","p2id":"personalmatters","formatid":"gen9anythinggoes","rating":1161,"private":0,"password":""}