{"id":"gen9anythinggoes-1992452560","p1":"The King Dorko","p2":"lancestock","format":"[Gen 9] Anything Goes","log":"|j|\u2606The King Dorko\n|j|\u2606lancestock\n|t:|1700189325\n|gametype|singles\n|player|p1|The King Dorko|giovanni|\n|player|p2|lancestock|mars|\n|teamsize|p1|6\n|teamsize|p2|6\n|gen|9\n|tier|[Gen 9] Anything Goes\n|rule|HP Percentage Mod: HP is shown in percentages\n|rule|Endless Battle Clause: Forcing endless battles is banned\n|clearpoke\n|poke|p1|Palkia-Origin|\n|poke|p1|Typhlosion-Hisui, M|\n|poke|p1|Kilowattrel, F|\n|poke|p1|Donphan, F|\n|poke|p1|Leavanny, M|\n|poke|p1|Glalie, F|\n|poke|p2|Kyogre|\n|poke|p2|Drednaw, M|\n|poke|p2|Thundurus, M|\n|poke|p2|Jolteon, M|\n|poke|p2|Politoed, F|\n|poke|p2|Wyrdeer, F|\n|teampreview\n|inactive|Battle timer is ON: inactive players will automatically lose when time's up. (requested by The King Dorko)\n|j| Fergder\n|\n|t:|1700189342\n|start\n|switch|p1a: Frieza|Glalie, F, shiny|100\/100\n|switch|p2a: Thundurus|Thundurus, M|100\/100\n|turn|1\n|\n|t:|1700189348\n|move|p1a: Frieza|Protect|p1a: Frieza\n|-singleturn|p1a: Frieza|Protect\n|move|p2a: Thundurus|Thunder Wave|p1a: Frieza\n|-activate|p1a: Frieza|move: Protect\n|\n|-ability|p1a: Frieza|Moody|boost\n|-boost|p1a: Frieza|spd|2\n|-unboost|p1a: Frieza|spa|1\n|upkeep\n|turn|2\n|\n|t:|1700189357\n|switch|p1a: Gohan|Kilowattrel, F, shiny|100\/100\n|move|p2a: Thundurus|Thunder Wave|p1a: Gohan\n|-immune|p1a: Gohan|[from] ability: Volt Absorb\n|\n|upkeep\n|turn|3\n|\n|t:|1700189367\n|switch|p2a: Jolteon|Jolteon, M|100\/100\n|move|p1a: Gohan|Thunder|p2a: Jolteon\n|-immune|p2a: Jolteon|[from] ability: Volt Absorb\n|\n|upkeep\n|turn|4\n|\n|t:|1700189385\n|switch|p1a: Vegeta|Typhlosion-Hisui, M, shiny|100\/100\n|-item|p2a: Jolteon|Choice Specs|[from] ability: Frisk|[of] p1a: Vegeta|[identify]\n|move|p2a: Jolteon|Hyper Voice|p1a: Vegeta\n|-immune|p1a: Vegeta\n|\n|upkeep\n|turn|5\n|\n|t:|1700189409\n|switch|p2a: Politoed|Politoed, F|100\/100\n|-weather|RainDance|[from] ability: Drizzle|[of] p2a: Politoed\n|move|p1a: Vegeta|Shadow Ball|p2a: Politoed\n|-damage|p2a: Politoed|71\/100\n|\n|-weather|RainDance|[upkeep]\n|upkeep\n|turn|6\n|c|\u2606lancestock|i forgot that fucker is ghost type lmao\n|inactive|The King Dorko has 270 seconds left.\n|\n|t:|1700189428\n|switch|p1a: Cell|Leavanny, M, shiny|100\/100\n|move|p2a: Politoed|Surf|p1a: Cell\n|-resisted|p1a: Cell\n|-damage|p1a: Cell|71\/100\n|\n|-weather|RainDance|[upkeep]\n|upkeep\n|turn|7\n|\n|t:|1700189439\n|switch|p2a: Wyrdeer|Wyrdeer, F|100\/100\n|move|p1a: Cell|Sticky Web|p2a: Wyrdeer\n|-sidestart|p2: lancestock|move: Sticky Web\n|\n|-weather|RainDance|[upkeep]\n|upkeep\n|turn|8\n|c|\u2606The King Dorko|lmao\n|c| Fergder|Lmfao\n|inactive|The King Dorko has 270 seconds left.\n|\n|t:|1700189465\n|move|p1a: Cell|Protect|p1a: Cell\n|-singleturn|p1a: Cell|Protect\n|move|p2a: Wyrdeer|Psyshield Bash|p1a: Cell\n|-activate|p1a: Cell|move: Protect\n|\n|-weather|RainDance|[upkeep]\n|upkeep\n|turn|9\n|\n|t:|1700189471\n|move|p1a: Cell|Knock Off|p2a: Wyrdeer\n|-supereffective|p2a: Wyrdeer\n|-damage|p2a: Wyrdeer|25\/100\n|-enditem|p2a: Wyrdeer|Choice Band|[from] move: Knock Off|[of] p1a: Cell\n|move|p2a: Wyrdeer|Psyshield Bash|p1a: Cell\n|-damage|p1a: Cell|22\/100\n|-boost|p2a: Wyrdeer|def|1\n|\n|-weather|RainDance|[upkeep]\n|upkeep\n|turn|10\n|inactive|lancestock has 270 seconds left.\n|\n|t:|1700189497\n|move|p1a: Cell|Knock Off|p2a: Wyrdeer\n|-supereffective|p2a: Wyrdeer\n|-damage|p2a: Wyrdeer|0 fnt\n|faint|p2a: Wyrdeer\n|\n|-weather|RainDance|[upkeep]\n|upkeep\n|\n|t:|1700189502\n|switch|p2a: Thundurus|Thundurus, M|100\/100\n|turn|11\n|\n|t:|1700189506\n|move|p1a: Cell|Protect|p1a: Cell\n|-singleturn|p1a: Cell|Protect\n|move|p2a: Thundurus|U-turn|p1a: Cell\n|-activate|p1a: Cell|move: Protect\n|\n|-weather|RainDance|[upkeep]\n|upkeep\n|turn|12\n|\n|t:|1700189516\n|move|p1a: Cell|Knock Off|p2a: Thundurus\n|-damage|p2a: Thundurus|66\/100\n|-enditem|p2a: Thundurus|Aguav Berry|[from] move: Knock Off|[of] p1a: Cell\n|move|p2a: Thundurus|U-turn|p1a: Cell\n|-supereffective|p1a: Cell\n|-crit|p1a: Cell\n|-damage|p1a: Cell|0 fnt\n|faint|p1a: Cell\n|\n|t:|1700189531\n|switch|p2a: Politoed|Politoed, F|71\/100|[from] U-turn\n|-activate|p2a: Politoed|move: Sticky Web\n|-unboost|p2a: Politoed|spe|1\n|\n|-weather|none\n|upkeep\n|c|\u2606lancestock|F\n|\n|t:|1700189550\n|switch|p1a: Frieza|Glalie, F, shiny|100\/100\n|turn|13\n|\n|t:|1700189560\n|move|p2a: Politoed|Protect|p2a: Politoed\n|-singleturn|p2a: Politoed|Protect\n|move|p1a: Frieza|Freeze-Dry|p2a: Politoed\n|-activate|p2a: Politoed|move: Protect\n|\n|-ability|p1a: Frieza|Moody|boost\n|-boost|p1a: Frieza|def|2\n|-unboost|p1a: Frieza|atk|1\n|upkeep\n|turn|14\n|inactive|lancestock has 270 seconds left.\n|\n|t:|1700189590\n|move|p1a: Frieza|Substitute|p1a: Frieza\n|-start|p1a: Frieza|Substitute\n|-damage|p1a: Frieza|75\/100\n|move|p2a: Politoed|Surf|p1a: Frieza\n|-end|p1a: Frieza|Substitute\n|\n|-heal|p1a: Frieza|82\/100|[from] item: Leftovers\n|-ability|p1a: Frieza|Moody|boost\n|-boost|p1a: Frieza|atk|2\n|-unboost|p1a: Frieza|def|1\n|upkeep\n|turn|15\n|inactive|lancestock has 270 seconds left.\n|\n|t:|1700189605\n|move|p1a: Frieza|Freeze-Dry|p2a: Politoed\n|-supereffective|p2a: Politoed\n|-damage|p2a: Politoed|36\/100\n|move|p2a: Politoed|Perish Song|p2a: Politoed\n|-start|p1a: Frieza|perish3|[silent]\n|-start|p2a: Politoed|perish3|[silent]\n|-fieldactivate|move: Perish Song\n|\n|-heal|p1a: Frieza|88\/100|[from] item: Leftovers\n|-start|p1a: Frieza|perish3\n|-start|p2a: Politoed|perish3\n|-ability|p1a: Frieza|Moody|boost\n|-boost|p1a: Frieza|def|2\n|-unboost|p1a: Frieza|spd|1\n|upkeep\n|turn|16\n|inactive|lancestock has 270 seconds left.\n|\n|t:|1700189617\n|move|p2a: Politoed|Protect|p2a: Politoed\n|-singleturn|p2a: Politoed|Protect\n|move|p1a: Frieza|Freeze-Dry|p2a: Politoed\n|-activate|p2a: Politoed|move: Protect\n|\n|-heal|p1a: Frieza|94\/100|[from] item: Leftovers\n|-start|p1a: Frieza|perish2\n|-start|p2a: Politoed|perish2\n|-ability|p1a: Frieza|Moody|boost\n|-boost|p1a: Frieza|atk|2\n|-unboost|p1a: Frieza|spe|1\n|upkeep\n|turn|17\n|inactive|lancestock has 270 seconds left.\n|\n|t:|1700189628\n|move|p1a: Frieza|Freeze-Dry|p2a: Politoed\n|-supereffective|p2a: Politoed\n|-damage|p2a: Politoed|2\/100\n|move|p2a: Politoed|Surf|p1a: Frieza\n|-damage|p1a: Frieza|57\/100\n|\n|-heal|p1a: Frieza|63\/100|[from] item: Leftovers\n|-start|p1a: Frieza|perish1\n|-start|p2a: Politoed|perish1\n|-ability|p1a: Frieza|Moody|boost\n|-boost|p1a: Frieza|spa|2\n|-unboost|p1a: Frieza|spe|1\n|upkeep\n|turn|18\n|inactive|lancestock has 270 seconds left.\n|\n|t:|1700189648\n|switch|p2a: Thundurus|Thundurus, M|66\/100\n|switch|p1a: Goku|Palkia-Origin, shiny|100\/100\n|-ability|p1a: Goku|Pressure\n|\n|upkeep\n|turn|19\n|\n|t:|1700189678\n|switch|p1a: Gohan|Kilowattrel, F, shiny|100\/100\n|move|p2a: Thundurus|Thunder Wave|p1a: Gohan\n|-immune|p1a: Gohan|[from] ability: Volt Absorb\n|\n|upkeep\n|turn|20\n|\n|t:|1700189691\n|switch|p2a: Politoed|Politoed, F|2\/100\n|-activate|p2a: Politoed|move: Sticky Web\n|-unboost|p2a: Politoed|spe|1\n|-weather|RainDance|[from] ability: Drizzle|[of] p2a: Politoed\n|move|p1a: Gohan|Thunder|p2a: Politoed\n|-supereffective|p2a: Politoed\n|-damage|p2a: Politoed|0 fnt\n|faint|p2a: Politoed\n|\n|-weather|RainDance|[upkeep]\n|upkeep\n|\n|t:|1700189713\n|switch|p2a: Jolteon|Jolteon, M|100\/100\n|-activate|p2a: Jolteon|move: Sticky Web\n|-unboost|p2a: Jolteon|spe|1\n|turn|21\n|\n|t:|1700189719\n|move|p1a: Gohan|Hurricane|p2a: Jolteon\n|-resisted|p2a: Jolteon\n|-damage|p2a: Jolteon|67\/100\n|move|p2a: Jolteon|Shadow Ball|p1a: Gohan\n|-damage|p1a: Gohan|23\/100\n|-unboost|p1a: Gohan|spd|1\n|\n|-weather|RainDance|[upkeep]\n|upkeep\n|turn|22\n|\n|t:|1700189741\n|move|p1a: Gohan|Hurricane|p2a: Jolteon\n|-resisted|p2a: Jolteon\n|-damage|p2a: Jolteon|37\/100\n|move|p2a: Jolteon|Shadow Ball|p1a: Gohan\n|-damage|p1a: Gohan|0 fnt\n|faint|p1a: Gohan\n|\n|-weather|RainDance|[upkeep]\n|upkeep\n|inactive|The King Dorko has 270 seconds left.\n|\n|t:|1700189777\n|switch|p1a: Vegeta|Typhlosion-Hisui, M, shiny|100\/100\n|-item|p2a: Jolteon|Choice Specs|[from] ability: Frisk|[of] p1a: Vegeta|[identify]\n|turn|23\n|\n|t:|1700189782\n|move|p1a: Vegeta|Shadow Ball|p2a: Jolteon\n|-damage|p2a: Jolteon|0 fnt\n|faint|p2a: Jolteon\n|\n|-weather|RainDance|[upkeep]\n|upkeep\n|inactive|lancestock has 270 seconds left.\n|\n|t:|1700189816\n|switch|p2a: Drednaw|Drednaw, M|100\/100\n|-activate|p2a: Drednaw|move: Sticky Web\n|-unboost|p2a: Drednaw|spe|1\n|-enditem|p2a: Drednaw|White Herb\n|-clearnegativeboost|p2a: Drednaw|[silent]\n|turn|24\n|\n|t:|1700189826\n|move|p2a: Drednaw|Shell Smash|p2a: Drednaw\n|-unboost|p2a: Drednaw|def|1\n|-unboost|p2a: Drednaw|spd|1\n|-boost|p2a: Drednaw|atk|2\n|-boost|p2a: Drednaw|spa|2\n|-boost|p2a: Drednaw|spe|2\n|move|p1a: Vegeta|Shadow Ball|p2a: Drednaw\n|-damage|p2a: Drednaw|16\/100\n|-unboost|p2a: Drednaw|spd|1\n|\n|-weather|RainDance|[upkeep]\n|upkeep\n|turn|25\n|inactive|The King Dorko has 270 seconds left.\n|\n|t:|1700189851\n|-terastallize|p1a: Vegeta|Grass\n|move|p2a: Drednaw|Earthquake|p1a: Vegeta\n|-resisted|p1a: Vegeta\n|-damage|p1a: Vegeta|46\/100\n|move|p1a: Vegeta|Shadow Ball|p2a: Drednaw\n|-damage|p2a: Drednaw|0 fnt\n|faint|p2a: Drednaw\n|\n|-weather|RainDance|[upkeep]\n|upkeep\n|\n|t:|1700189862\n|switch|p2a: Thundurus|Thundurus, M|66\/100\n|turn|26\n|\n|t:|1700189873\n|move|p1a: Vegeta|Shadow Ball|p2a: Thundurus\n|-damage|p2a: Thundurus|19\/100\n|move|p2a: Thundurus|U-turn|p1a: Vegeta\n|-supereffective|p1a: Vegeta\n|-damage|p1a: Vegeta|0 fnt\n|faint|p1a: Vegeta\n|\n|t:|1700189880\n|switch|p2a: Kyogre|Kyogre|100\/100|[from] U-turn\n|-activate|p2a: Kyogre|move: Sticky Web\n|-unboost|p2a: Kyogre|spe|1\n|\n|-weather|RainDance|[upkeep]\n|upkeep\n|\n|t:|1700189884\n|switch|p1a: Goku|Palkia-Origin, shiny|100\/100\n|-ability|p1a: Goku|Pressure\n|turn|27\n|\n|t:|1700189890\n|move|p1a: Goku|Thunder|p2a: Kyogre\n|-supereffective|p2a: Kyogre\n|-damage|p2a: Kyogre|51\/100\n|move|p2a: Kyogre|Ice Beam|p1a: Goku\n|-damage|p1a: Goku|66\/100\n|\n|-weather|none\n|upkeep\n|turn|28\n|inactive|lancestock has 270 seconds left.\n|\n|t:|1700189903\n|move|p1a: Goku|Spacial Rend|p2a: Kyogre\n|-damage|p2a: Kyogre|9\/100\n|move|p2a: Kyogre|Ice Beam|p1a: Goku\n|-damage|p1a: Goku|35\/100\n|\n|upkeep\n|turn|29\n|\n|t:|1700189912\n|move|p1a: Goku|Earth Power|p2a: Kyogre\n|-damage|p2a: Kyogre|0 fnt\n|faint|p2a: Kyogre\n|\n|upkeep\n|\n|t:|1700189917\n|switch|p2a: Thundurus|Thundurus, M|19\/100\n|turn|30\n|\n|t:|1700189922\n|move|p2a: Thundurus|Thunder Wave|p1a: Goku|[miss]\n|-miss|p2a: Thundurus|p1a: Goku\n|move|p1a: Goku|Spacial Rend|p2a: Thundurus\n|-damage|p2a: Thundurus|0 fnt\n|faint|p2a: Thundurus\n|\n|win|The King Dorko\n|c|\u2606The King Dorko|GGs\n|c|\u2606lancestock|woooooow\n|c|\u2606lancestock|ggs\n|c| Fergder|Nice\n|c|\u2606lancestock|thunder wave has not landed yet in all 3 matches\n|c|\u2606The King Dorko|tbf the twave wouldnt have helped much against phan\n","uploadtime":1700189954,"views":32,"p1id":"thekingdorko","p2id":"lancestock","formatid":"gen9anythinggoes","rating":0,"private":0,"password":""}