{"id":"gen9anythinggoes-1980692923","p1":"hbkmnw","p2":"Tvrtko420","format":"[Gen 9] Anything Goes","log":"|j|\u2606hbkmnw\n|j|\u2606Tvrtko420\n|t:|1698813941\n|gametype|singles\n|player|p1|hbkmnw|guitarist|1662\n|player|p2|Tvrtko420|red-masters2|1784\n|teamsize|p1|6\n|teamsize|p2|6\n|gen|9\n|tier|[Gen 9] Anything Goes\n|rated|\n|rule|HP Percentage Mod: HP is shown in percentages\n|rule|Endless Battle Clause: Forcing endless battles is banned\n|clearpoke\n|poke|p1|Calyrex-Ice|\n|poke|p1|Hatterene, F|\n|poke|p1|Ursaluna-Bloodmoon, M|\n|poke|p1|Toxapex, F|\n|poke|p1|Cresselia, F|\n|poke|p1|Dondozo, M|\n|poke|p2|Hatterene, F|\n|poke|p2|Ursaluna, M|\n|poke|p2|Kingambit, M|\n|poke|p2|Calyrex-Ice|\n|poke|p2|Arceus|\n|poke|p2|Ursaluna-Bloodmoon, M|\n|teampreview\n|inactive|Battle timer is ON: inactive players will automatically lose when time's up. (requested by Tvrtko420)\n|\n|t:|1698813971\n|start\n|switch|p1a: Ursaluna|Ursaluna-Bloodmoon, M|100\/100\n|switch|p2a: Hatterene|Hatterene, F|100\/100\n|turn|1\n|j| GUESSWHOTPRADO\n|\n|t:|1698813979\n|move|p1a: Ursaluna|Blood Moon|p2a: Hatterene\n|-damage|p2a: Hatterene|7\/100\n|move|p2a: Hatterene|Trick Room|p2a: Hatterene\n|-fieldstart|move: Trick Room|[of] p2a: Hatterene\n|\n|upkeep\n|turn|2\n|\n|t:|1698813993\n|move|p2a: Hatterene|Healing Wish|p2a: Hatterene\n|faint|p2a: Hatterene\n|move|p1a: Ursaluna|Moonblast|p2: Hatterene|[notarget]\n|-fail|p1a: Ursaluna\n|\n|upkeep\n|\n|t:|1698813998\n|switch|p2a: Calyrex|Calyrex-Ice|100\/100\n|-ability|p2a: Calyrex|As One\n|-ability|p2a: Calyrex|Unnerve\n|turn|3\n|\n|t:|1698814011\n|move|p2a: Calyrex|Glacial Lance|p1a: Ursaluna\n|-supereffective|p1a: Ursaluna\n|-damage|p1a: Ursaluna|0 fnt\n|faint|p1a: Ursaluna\n|-ability|p2a: Calyrex|Chilling Neigh|boost\n|-boost|p2a: Calyrex|atk|1\n|\n|upkeep\n|c| GUESSWHOTPRADO|changed the team ?\n|c|\u2606Tvrtko420|i got many\n|c| GUESSWHOTPRADO|trick room team now\n|c| GUESSWHOTPRADO|cool\n|inactive|hbkmnw has 120 seconds left.\n|c|\u2606Tvrtko420|all great\n|c|\u2606Tvrtko420|:D\n|\n|t:|1698814046\n|switch|p1a: Dondozo|Dondozo, M|100\/100\n|turn|4\n|c| GUESSWHOTPRADO|beefy\n|inactive|Tvrtko420 has 120 seconds left.\n|\n|t:|1698814087\n|move|p1a: Dondozo|Curse|p1a: Dondozo\n|-unboost|p1a: Dondozo|spe|1\n|-boost|p1a: Dondozo|atk|1\n|-boost|p1a: Dondozo|def|1\n|move|p2a: Calyrex|High Horsepower|p1a: Dondozo\n|-damage|p1a: Dondozo|82\/100\n|\n|-heal|p1a: Dondozo|88\/100|[from] item: Leftovers\n|upkeep\n|turn|5\n|\n|t:|1698814097\n|switch|p2a: Ursaluna|Ursaluna-Bloodmoon, M|100\/100\n|move|p1a: Dondozo|Fissure|p2a: Ursaluna|[miss]\n|-miss|p1a: Dondozo|p2a: Ursaluna\n|\n|-heal|p1a: Dondozo|94\/100|[from] item: Leftovers\n|-fieldend|move: Trick Room\n|upkeep\n|turn|6\n|inactive|hbkmnw has 90 seconds left.\n|inactive|Tvrtko420 has 120 seconds left.\n|\n|t:|1698814126\n|move|p2a: Ursaluna|Blood Moon|p1a: Dondozo\n|-damage|p1a: Dondozo|19\/100\n|move|p1a: Dondozo|Liquidation|p2a: Ursaluna\n|-supereffective|p2a: Ursaluna\n|-damage|p2a: Ursaluna|13\/100\n|\n|-heal|p1a: Dondozo|25\/100|[from] item: Leftovers\n|upkeep\n|turn|7\n|\n|t:|1698814133\n|switch|p1a: Cresselia|Cresselia, F|100\/100\n|move|p2a: Ursaluna|Hyper Voice|p1a: Cresselia\n|-damage|p1a: Cresselia|75\/100\n|-enditem|p2a: Ursaluna|Throat Spray\n|-boost|p2a: Ursaluna|spa|1|[from] item: Throat Spray\n|\n|upkeep\n|turn|8\n|\n|t:|1698814150\n|switch|p2a: Calyrex|Calyrex-Ice|100\/100\n|-ability|p2a: Calyrex|As One\n|-ability|p2a: Calyrex|Unnerve\n|move|p1a: Cresselia|Moonblast|p2a: Calyrex\n|-damage|p2a: Calyrex|89\/100\n|\n|-heal|p2a: Calyrex|95\/100|[from] item: Leftovers\n|upkeep\n|turn|9\n|inactive|hbkmnw has 90 seconds left.\n|\n|t:|1698814175\n|switch|p1a: Toxapex|Toxapex, F|100\/100\n|move|p2a: Calyrex|Trick Room|p2a: Calyrex\n|-fieldstart|move: Trick Room|[of] p2a: Calyrex\n|\n|-heal|p2a: Calyrex|100\/100|[from] item: Leftovers\n|upkeep\n|turn|10\n|inactive|hbkmnw has 90 seconds left.\n|\n|t:|1698814191\n|move|p1a: Toxapex|Toxic Spikes|p2a: Calyrex\n|-sidestart|p2: Tvrtko420|move: Toxic Spikes\n|move|p2a: Calyrex|High Horsepower|p1a: Toxapex\n|-supereffective|p1a: Toxapex\n|-damage|p1a: Toxapex|52\/100\n|-damage|p2a: Calyrex|84\/100|[from] item: Rocky Helmet|[of] p1a: Toxapex\n|\n|-heal|p2a: Calyrex|90\/100|[from] item: Leftovers\n|upkeep\n|turn|11\n|\n|t:|1698814207\n|move|p1a: Toxapex|Toxic Spikes|p2a: Calyrex\n|-sidestart|p2: Tvrtko420|move: Toxic Spikes\n|move|p2a: Calyrex|High Horsepower|p1a: Toxapex\n|-supereffective|p1a: Toxapex\n|-damage|p1a: Toxapex|2\/100\n|-damage|p2a: Calyrex|74\/100|[from] item: Rocky Helmet|[of] p1a: Toxapex\n|\n|-heal|p2a: Calyrex|80\/100|[from] item: Leftovers\n|upkeep\n|turn|12\n|\n|t:|1698814212\n|move|p1a: Toxapex|Baneful Bunker|p1a: Toxapex\n|-singleturn|p1a: Toxapex|move: Protect\n|move|p2a: Calyrex|High Horsepower|p1a: Toxapex\n|-activate|p1a: Toxapex|move: Protect\n|-status|p2a: Calyrex|psn\n|\n|-heal|p2a: Calyrex|86\/100 psn|[from] item: Leftovers\n|-damage|p2a: Calyrex|74\/100 psn|[from] psn\n|upkeep\n|turn|13\n|inactive|hbkmnw has 90 seconds left.\n|\n|t:|1698814234\n|move|p1a: Toxapex|Surf|p2a: Calyrex\n|-damage|p2a: Calyrex|60\/100 psn\n|move|p2a: Calyrex|High Horsepower|p1a: Toxapex\n|-supereffective|p1a: Toxapex\n|-damage|p1a: Toxapex|0 fnt\n|-damage|p2a: Calyrex|44\/100 psn|[from] item: Rocky Helmet|[of] p1a: Toxapex\n|faint|p1a: Toxapex\n|-ability|p2a: Calyrex|Chilling Neigh|boost\n|-boost|p2a: Calyrex|atk|1\n|\n|-heal|p2a: Calyrex|50\/100 psn|[from] item: Leftovers\n|-damage|p2a: Calyrex|37\/100 psn|[from] psn\n|-fieldend|move: Trick Room\n|upkeep\n|inactive|hbkmnw has 60 seconds left.\n|c| GUESSWHOTPRADO|dondozo curse\n|\n|t:|1698814265\n|switch|p1a: Hatterene|Hatterene, F, shiny|100\/100\n|turn|14\n|c| GUESSWHOTPRADO|Probably can not be defeated\n|\n|t:|1698814278\n|switch|p2a: Kingambit|Kingambit, M|100\/100\n|-activate|p2a: Kingambit|ability: Supreme Overlord\n|-start|p2a: Kingambit|fallen1|[silent]\n|move|p1a: Hatterene|Trick Room|p1a: Hatterene\n|-fieldstart|move: Trick Room|[of] p1a: Hatterene\n|\n|upkeep\n|turn|15\n|\n|t:|1698814291\n|move|p1a: Hatterene|Mystical Fire|p2a: Kingambit\n|-supereffective|p2a: Kingambit\n|-damage|p2a: Kingambit|39\/100\n|-unboost|p2a: Kingambit|spa|1\n|move|p2a: Kingambit|Swords Dance|p2a: Kingambit\n|-boost|p2a: Kingambit|atk|2\n|\n|upkeep\n|turn|16\n|\n|t:|1698814299\n|move|p2a: Kingambit|Sucker Punch|p1a: Hatterene\n|-enditem|p1a: Hatterene|Focus Sash\n|-damage|p1a: Hatterene|1\/100\n|move|p1a: Hatterene|Mystical Fire|p2a: Kingambit\n|-supereffective|p2a: Kingambit\n|-damage|p2a: Kingambit|0 fnt\n|faint|p2a: Kingambit\n|-end|p2a: Kingambit|fallen1|[silent]\n|\n|upkeep\n|c|\u2606Tvrtko420|why not?\n|\n|t:|1698814313\n|switch|p2a: Ursaluna|Ursaluna-Bloodmoon, M|13\/100\n|-heal|p2a: Ursaluna|100\/100|[from] move: Healing Wish\n|-status|p2a: Ursaluna|tox\n|turn|17\n|\n|t:|1698814322\n|move|p2a: Ursaluna|Vacuum Wave|p1a: Hatterene\n|-resisted|p1a: Hatterene\n|-damage|p1a: Hatterene|0 fnt\n|faint|p1a: Hatterene\n|\n|-damage|p2a: Ursaluna|94\/100 tox|[from] psn\n|upkeep\n|\n|t:|1698814329\n|switch|p1a: Calyrex|Calyrex-Ice|100\/100\n|-ability|p1a: Calyrex|As One\n|-ability|p1a: Calyrex|Unnerve\n|turn|18\n|\n|t:|1698814337\n|switch|p2a: Arceus|Arceus|100\/100\n|-status|p2a: Arceus|tox\n|move|p1a: Calyrex|Glacial Lance|p2a: Arceus\n|-damage|p2a: Arceus|57\/100 tox\n|\n|-damage|p2a: Arceus|51\/100 tox|[from] psn\n|-fieldend|move: Trick Room\n|upkeep\n|turn|19\n|\n|t:|1698814350\n|move|p2a: Arceus|Healing Wish|p2a: Arceus\n|faint|p2a: Arceus\n|move|p1a: Calyrex|Trick Room|p1a: Calyrex\n|-fieldstart|move: Trick Room|[of] p1a: Calyrex\n|\n|upkeep\n|inactive|Tvrtko420 has 120 seconds left.\n|\n|t:|1698814386\n|switch|p2a: Ursaluna|Ursaluna, M|100\/100\n|-status|p2a: Ursaluna|tox\n|turn|20\n|\n|t:|1698814390\n|move|p2a: Ursaluna|Substitute|p2a: Ursaluna\n|-start|p2a: Ursaluna|Substitute\n|-damage|p2a: Ursaluna|75\/100 tox\n|move|p1a: Calyrex|Glacial Lance|p2a: Ursaluna\n|-supereffective|p2a: Ursaluna\n|-end|p2a: Ursaluna|Substitute\n|\n|-damage|p2a: Ursaluna|69\/100 tox|[from] psn\n|upkeep\n|turn|21\n|inactive|Tvrtko420 has 120 seconds left.\n|\n|t:|1698814406\n|move|p2a: Ursaluna|Facade|p1a: Calyrex\n|-damage|p1a: Calyrex|26\/100\n|move|p1a: Calyrex|Glacial Lance|p2a: Ursaluna\n|-supereffective|p2a: Ursaluna\n|-damage|p2a: Ursaluna|0 fnt\n|faint|p2a: Ursaluna\n|-ability|p1a: Calyrex|Chilling Neigh|boost\n|-boost|p1a: Calyrex|atk|1\n|\n|-heal|p1a: Calyrex|32\/100|[from] item: Leftovers\n|upkeep\n|\n|t:|1698814427\n|switch|p2a: Ursaluna|Ursaluna-Bloodmoon, M|94\/100 tox\n|-heal|p2a: Ursaluna|100\/100|[from] move: Healing Wish\n|-status|p2a: Ursaluna|tox\n|turn|22\n|inactive|hbkmnw has 120 seconds left.\n|\n|t:|1698814440\n|move|p1a: Calyrex|Glacial Lance|p2a: Ursaluna\n|-supereffective|p2a: Ursaluna\n|-damage|p2a: Ursaluna|0 fnt\n|faint|p2a: Ursaluna\n|-ability|p1a: Calyrex|Chilling Neigh|boost\n|-boost|p1a: Calyrex|atk|1\n|\n|-heal|p1a: Calyrex|38\/100|[from] item: Leftovers\n|upkeep\n|\n|t:|1698814447\n|switch|p2a: Calyrex|Calyrex-Ice|37\/100 psn\n|-ability|p2a: Calyrex|As One\n|-ability|p2a: Calyrex|Unnerve\n|turn|23\n|inactive|hbkmnw has 120 seconds left.\n|\n|t:|1698814466\n|move|p1a: Calyrex|Protect|p1a: Calyrex\n|-singleturn|p1a: Calyrex|Protect\n|move|p2a: Calyrex|High Horsepower|p1a: Calyrex\n|-activate|p1a: Calyrex|move: Protect\n|\n|-heal|p1a: Calyrex|44\/100|[from] item: Leftovers\n|-heal|p2a: Calyrex|44\/100 psn|[from] item: Leftovers\n|-damage|p2a: Calyrex|31\/100 psn|[from] psn\n|-fieldend|move: Trick Room\n|upkeep\n|turn|24\n|\n|t:|1698814475\n|move|p2a: Calyrex|Swords Dance|p2a: Calyrex\n|-boost|p2a: Calyrex|atk|2\n|move|p1a: Calyrex|Glacial Lance|p2a: Calyrex\n|-resisted|p2a: Calyrex\n|-damage|p2a: Calyrex|0 fnt\n|faint|p2a: Calyrex\n|\n|win|hbkmnw\n|raw|hbkmnw's rating: 1662 &rarr; <strong>1689<\/strong><br \/>(+27 for winning)\n|raw|Tvrtko420's rating: 1784 &rarr; <strong>1757<\/strong><br \/>(-27 for losing)\n|l|\u2606hbkmnw\n|l|\u2606Tvrtko420\n","uploadtime":1698814494,"views":10,"p1id":"hbkmnw","p2id":"tvrtko420","formatid":"gen9anythinggoes","rating":1689,"private":0,"password":""}