{"id":"gen9anythinggoes-1998036447","p1":"Mr Pinehurst","p2":"hjhjaa","format":"[Gen 9] Anything Goes","log":"|j|\u2606Mr Pinehurst\n|j|\u2606hjhjaa\n|t:|1700881945\n|gametype|singles\n|player|p1|Mr Pinehurst|266|1293\n|player|p2|hjhjaa|caitlin|1358\n|teamsize|p1|6\n|teamsize|p2|6\n|gen|9\n|tier|[Gen 9] Anything Goes\n|rated|\n|rule|HP Percentage Mod: HP is shown in percentages\n|rule|Endless Battle Clause: Forcing endless battles is banned\n|clearpoke\n|poke|p1|Maushold-Four|\n|poke|p1|Flutter Mane|\n|poke|p1|Miraidon|\n|poke|p1|Rabsca, M|\n|poke|p1|Garganacl, F|\n|poke|p1|Houndstone, M|\n|poke|p2|Calyrex-Shadow|\n|poke|p2|Arceus-Ground|\n|poke|p2|Koraidon|\n|poke|p2|Arceus|\n|poke|p2|Eternatus|\n|poke|p2|Arceus-Fairy|\n|teampreview\n|\n|t:|1700881957\n|start\n|switch|p1a: Flutter Mane|Flutter Mane, shiny|100\/100\n|switch|p2a: Arceus|Arceus-Ground|100\/100\n|turn|1\n|\n|t:|1700881966\n|move|p1a: Flutter Mane|Moonblast|p2a: Arceus\n|-damage|p2a: Arceus|54\/100\n|-damage|p1a: Flutter Mane|91\/100|[from] item: Life Orb\n|move|p2a: Arceus|Icy Wind|p1a: Flutter Mane\n|-damage|p1a: Flutter Mane|70\/100\n|-unboost|p1a: Flutter Mane|spe|1\n|\n|upkeep\n|turn|2\n|\n|t:|1700881983\n|move|p2a: Arceus|Stealth Rock|p1a: Flutter Mane\n|-sidestart|p1: Mr Pinehurst|move: Stealth Rock\n|move|p1a: Flutter Mane|Psyshock|p2a: Arceus\n|-damage|p2a: Arceus|24\/100\n|-damage|p1a: Flutter Mane|60\/100|[from] item: Life Orb\n|\n|upkeep\n|turn|3\n|\n|t:|1700882002\n|move|p2a: Arceus|Judgment|p1a: Flutter Mane\n|-damage|p1a: Flutter Mane|1\/100\n|move|p1a: Flutter Mane|Psyshock|p2a: Arceus\n|-damage|p2a: Arceus|0 fnt\n|faint|p2a: Arceus\n|-damage|p1a: Flutter Mane|0 fnt|[from] item: Life Orb\n|faint|p1a: Flutter Mane\n|-end|p1a: Flutter Mane|Protosynthesis|[silent]\n|\n|upkeep\n|\n|t:|1700882009\n|switch|p1a: Maushold|Maushold-Four|100\/100\n|switch|p2a: Calyrex|Calyrex-Shadow|100\/100\n|-ability|p2a: Calyrex|As One\n|-ability|p2a: Calyrex|Unnerve\n|-damage|p1a: Maushold|88\/100|[from] Stealth Rock\n|turn|4\n|\n|t:|1700882017\n|switch|p1a: SSSReplacement|Garganacl, F, shiny|100\/100\n|-damage|p1a: SSSReplacement|88\/100|[from] Stealth Rock\n|move|p2a: Calyrex|Tera Blast|p1a: SSSReplacement\n|-resisted|p1a: SSSReplacement\n|-damage|p1a: SSSReplacement|76\/100\n|\n|-heal|p1a: SSSReplacement|83\/100|[from] item: Leftovers\n|upkeep\n|turn|5\n|\n|t:|1700882026\n|move|p2a: Calyrex|Nasty Plot|p2a: Calyrex\n|-boost|p2a: Calyrex|spa|2\n|move|p1a: SSSReplacement|Salt Cure|p2a: Calyrex\n|-damage|p2a: Calyrex|84\/100\n|-start|p2a: Calyrex|Salt Cure\n|\n|-heal|p1a: SSSReplacement|89\/100|[from] item: Leftovers\n|-damage|p2a: Calyrex|72\/100|[from] Salt Cure\n|upkeep\n|turn|6\n|\n|t:|1700882040\n|move|p2a: Calyrex|Baton Pass|p2a: Calyrex\n|\n|t:|1700882042\n|switch|p2a: Eternatus|Eternatus|100\/100|[from] Baton Pass\n|-ability|p2a: Eternatus|Pressure\n|move|p1a: SSSReplacement|Recover|p1a: SSSReplacement\n|-heal|p1a: SSSReplacement|100\/100\n|\n|upkeep\n|turn|7\n|\n|t:|1700882057\n|switch|p1a: Maushold|Maushold-Four|88\/100\n|-damage|p1a: Maushold|76\/100|[from] Stealth Rock\n|move|p2a: Eternatus|Dynamax Cannon|p1a: Maushold\n|-damage|p1a: Maushold|0 fnt\n|faint|p1a: Maushold\n|-damage|p2a: Eternatus|91\/100|[from] item: Life Orb\n|\n|upkeep\n|\n|t:|1700882073\n|switch|p1a: SSSReplacement|Garganacl, F, shiny|100\/100\n|-damage|p1a: SSSReplacement|88\/100|[from] Stealth Rock\n|turn|8\n|\n|t:|1700882079\n|-terastallize|p1a: SSSReplacement|Fairy\n|move|p2a: Eternatus|Dynamax Cannon|p1a: SSSReplacement\n|-immune|p1a: SSSReplacement\n|move|p1a: SSSReplacement|Salt Cure|p2a: Eternatus\n|-damage|p2a: Eternatus|78\/100\n|-start|p2a: Eternatus|Salt Cure\n|\n|-heal|p1a: SSSReplacement|94\/100|[from] item: Leftovers\n|-damage|p2a: Eternatus|65\/100|[from] Salt Cure\n|upkeep\n|turn|9\n|\n|t:|1700882098\n|move|p2a: Eternatus|Agility|p2a: Eternatus\n|-boost|p2a: Eternatus|spe|2\n|move|p1a: SSSReplacement|Iron Defense|p1a: SSSReplacement\n|-boost|p1a: SSSReplacement|def|2\n|\n|-heal|p1a: SSSReplacement|100\/100|[from] item: Leftovers\n|-damage|p2a: Eternatus|53\/100|[from] Salt Cure\n|upkeep\n|turn|10\n|\n|t:|1700882102\n|move|p2a: Eternatus|Sludge Bomb|p1a: SSSReplacement\n|-supereffective|p1a: SSSReplacement\n|-damage|p1a: SSSReplacement|0 fnt\n|faint|p1a: SSSReplacement\n|-damage|p2a: Eternatus|43\/100|[from] item: Life Orb\n|\n|-damage|p2a: Eternatus|31\/100|[from] Salt Cure\n|upkeep\n|\n|t:|1700882106\n|switch|p1a: Rabsca|Rabsca, M, shiny|100\/100\n|-damage|p1a: Rabsca|76\/100|[from] Stealth Rock\n|turn|11\n|\n|t:|1700882114\n|move|p2a: Eternatus|Dynamax Cannon|p1a: Rabsca\n|-damage|p1a: Rabsca|0 fnt\n|faint|p1a: Rabsca\n|-damage|p2a: Eternatus|21\/100|[from] item: Life Orb\n|\n|-damage|p2a: Eternatus|8\/100|[from] Salt Cure\n|upkeep\n|\n|t:|1700882121\n|switch|p1a: Houndstone|Houndstone, M|100\/100\n|-damage|p1a: Houndstone|88\/100|[from] Stealth Rock\n|turn|12\n|\n|t:|1700882124\n|move|p1a: Houndstone|Shadow Sneak|p2a: Eternatus\n|-damage|p2a: Eternatus|0 fnt\n|faint|p2a: Eternatus\n|\n|upkeep\n|\n|t:|1700882131\n|switch|p2a: Arceus|Arceus|100\/100\n|turn|13\n|\n|t:|1700882140\n|move|p2a: Arceus|Swords Dance|p2a: Arceus\n|-boost|p2a: Arceus|atk|2\n|move|p1a: Houndstone|Play Rough|p2a: Arceus\n|-damage|p2a: Arceus|81\/100\n|\n|upkeep\n|turn|14\n|\n|t:|1700882143\n|move|p2a: Arceus|Extreme Speed|p1a: Houndstone\n|-immune|p1a: Houndstone\n|move|p1a: Houndstone|Crunch|p2a: Arceus\n|-crit|p2a: Arceus\n|-damage|p2a: Arceus|52\/100\n|\n|upkeep\n|turn|15\n|\n|t:|1700882146\n|move|p2a: Arceus|Swords Dance|p2a: Arceus\n|-boost|p2a: Arceus|atk|2\n|move|p1a: Houndstone|Play Rough|p2a: Arceus|[miss]\n|-miss|p1a: Houndstone|p2a: Arceus\n|\n|upkeep\n|turn|16\n|\n|t:|1700882150\n|move|p2a: Arceus|Recover|p2a: Arceus\n|-heal|p2a: Arceus|100\/100\n|move|p1a: Houndstone|Play Rough|p2a: Arceus\n|-damage|p2a: Arceus|82\/100\n|\n|upkeep\n|turn|17\n|\n|t:|1700882153\n|move|p2a: Arceus|Swords Dance|p2a: Arceus\n|-boost|p2a: Arceus|atk|2\n|move|p1a: Houndstone|Play Rough|p2a: Arceus\n|-damage|p2a: Arceus|62\/100\n|\n|upkeep\n|turn|18\n|\n|t:|1700882154\n|move|p2a: Arceus|Shadow Claw|p1a: Houndstone\n|-supereffective|p1a: Houndstone\n|-damage|p1a: Houndstone|0 fnt\n|faint|p1a: Houndstone\n|\n|upkeep\n|\n|t:|1700882157\n|switch|p1a: DeMarco|Miraidon|100\/100\n|-damage|p1a: DeMarco|88\/100|[from] Stealth Rock\n|-fieldstart|move: Electric Terrain|[from] ability: Hadron Engine|[of] p1a: DeMarco\n|turn|19\n|\n|t:|1700882168\n|move|p2a: Arceus|Extreme Speed|p1a: DeMarco\n|-damage|p1a: DeMarco|0 fnt\n|faint|p1a: DeMarco\n|\n|win|hjhjaa\n|raw|Mr Pinehurst's rating: 1293 &rarr; <strong>1273<\/strong><br \/>(-20 for losing)\n|raw|hjhjaa's rating: 1358 &rarr; <strong>1374<\/strong><br \/>(+16 for winning)\n|l|\u2606hjhjaa\n","uploadtime":1700882175,"views":0,"p1id":"mrpinehurst","p2id":"hjhjaa","formatid":"gen9anythinggoes","rating":1273,"private":0,"password":""}