{"id":"gen9anythinggoes-1974502129","p1":"bonecula123","p2":"Toukakiri","format":"[Gen 9] Anything Goes","log":"|j|\u2606bonecula123\n|j|\u2606Toukakiri\n|t:|1698092306\n|gametype|singles\n|player|p1|bonecula123|alec-anime|1196\n|player|p2|Toukakiri|riley|1207\n|teamsize|p1|6\n|teamsize|p2|6\n|gen|9\n|tier|[Gen 9] Anything Goes\n|rated|\n|rule|HP Percentage Mod: HP is shown in percentages\n|rule|Endless Battle Clause: Forcing endless battles is banned\n|clearpoke\n|poke|p1|Calyrex-Shadow|\n|poke|p1|Shaymin-Sky|\n|poke|p1|Toxapex, M|\n|poke|p1|Kingambit, F|\n|poke|p1|Ogerpon-Hearthflame, F|\n|poke|p1|Arceus|\n|poke|p2|Miraidon|\n|poke|p2|Calyrex-Shadow|\n|poke|p2|Chien-Pao|\n|poke|p2|Zacian-*|\n|poke|p2|Mienshao, F|\n|poke|p2|Drifblim, F|\n|teampreview\n|inactive|Battle timer is ON: inactive players will automatically lose when time's up. (requested by Toukakiri)\n|inactive|bonecula123 also wants the timer to be on.\n|\n|t:|1698092312\n|start\n|switch|p1a: My Little Pony|Calyrex-Shadow|100\/100\n|switch|p2a: Drifblim|Drifblim, F|100\/100\n|-ability|p1a: My Little Pony|As One\n|-ability|p1a: My Little Pony|Unnerve\n|turn|1\n|\n|t:|1698092318\n|move|p1a: My Little Pony|Nasty Plot|p1a: My Little Pony\n|-boost|p1a: My Little Pony|spa|2\n|move|p2a: Drifblim|Minimize|p2a: Drifblim\n|-boost|p2a: Drifblim|evasion|2\n|\n|upkeep\n|turn|2\n|-activate|p2a: Drifblim|item: Quick Claw\n|\n|t:|1698092323\n|move|p2a: Drifblim|Minimize|p2a: Drifblim\n|-boost|p2a: Drifblim|evasion|2\n|move|p1a: My Little Pony|Astral Barrage|p2a: Drifblim\n|-supereffective|p2a: Drifblim\n|-damage|p2a: Drifblim|0 fnt\n|faint|p2a: Drifblim\n|-ability|p1a: My Little Pony|Grim Neigh|boost\n|-boost|p1a: My Little Pony|spa|1\n|\n|upkeep\n|\n|t:|1698092330\n|switch|p2a: Chien-Pao|Chien-Pao|100\/100\n|-ability|p2a: Chien-Pao|Sword of Ruin\n|turn|3\n|\n|t:|1698092342\n|move|p2a: Chien-Pao|Sucker Punch|p1a: My Little Pony\n|-supereffective|p1a: My Little Pony\n|-enditem|p1a: My Little Pony|Focus Sash\n|-damage|p1a: My Little Pony|1\/100\n|move|p1a: My Little Pony|Draining Kiss|p2a: Chien-Pao\n|-supereffective|p2a: Chien-Pao\n|-damage|p2a: Chien-Pao|0 fnt\n|-heal|p1a: My Little Pony|67\/100|[from] drain|[of] p2a: Chien-Pao\n|faint|p2a: Chien-Pao\n|-ability|p1a: My Little Pony|Grim Neigh|boost\n|-boost|p1a: My Little Pony|spa|1\n|\n|upkeep\n|\n|t:|1698092348\n|switch|p2a: Zacian|Zacian-Crowned|100\/100\n|-ability|p2a: Zacian|Intrepid Sword|boost\n|-boost|p2a: Zacian|atk|1\n|turn|4\n|c|\u2606bonecula123|gimme that hp\n|c|\u2606bonecula123|thanks\n|\n|t:|1698092357\n|move|p1a: My Little Pony|Astral Barrage|p2a: Zacian\n|-damage|p2a: Zacian|0 fnt\n|faint|p2a: Zacian\n|-ability|p1a: My Little Pony|Grim Neigh|boost\n|-boost|p1a: My Little Pony|spa|1\n|\n|upkeep\n|c|\u2606Toukakiri|Bruh\n|c|\u2606bonecula123|speed\n|c|\u2606bonecula123|Yeah\n|\n|t:|1698092370\n|switch|p2a: Miraidon|Miraidon|100\/100\n|-fieldstart|move: Electric Terrain|[from] ability: Hadron Engine|[of] p2a: Miraidon\n|turn|5\n|c|\u2606bonecula123|my speed is 438 and my special attack is 1501\n|c|\u2606Toukakiri|How did u make ur speed so high\n|\n|t:|1698092391\n|move|p1a: My Little Pony|Draining Kiss|p2a: Miraidon\n|-supereffective|p2a: Miraidon\n|-damage|p2a: Miraidon|0 fnt\n|-heal|p1a: My Little Pony|100\/100|[from] drain|[of] p2a: Miraidon\n|faint|p2a: Miraidon\n|-ability|p1a: My Little Pony|Grim Neigh|boost\n|-boost|p1a: My Little Pony|spa|1\n|\n|upkeep\n|\n|t:|1698092395\n|switch|p2a: Calyrex|Calyrex-Shadow|100\/100\n|-ability|p2a: Calyrex|As One\n|-ability|p2a: Calyrex|Unnerve\n|turn|6\n|c|\u2606bonecula123|its just max speed possible\n|\n|t:|1698092408\n|move|p1a: My Little Pony|Astral Barrage|p2a: Calyrex\n|-supereffective|p2a: Calyrex\n|-damage|p2a: Calyrex|0 fnt\n|faint|p2a: Calyrex\n|\n|upkeep\n|c|\u2606Toukakiri|Like how\n|c|\u2606Toukakiri|ik evs\n|c|\u2606Toukakiri|but\n|c|\u2606Toukakiri|what else\n|\n|t:|1698092416\n|switch|p2a: Mienshao|Mienshao, F|100\/100\n|turn|7\n|c|\u2606bonecula123|nothing\n|c|\u2606bonecula123|its just evs\n|c|\u2606Toukakiri|Oh\n|\n|t:|1698092425\n|move|p2a: Mienshao|Protect|p2a: Mienshao\n|-singleturn|p2a: Mienshao|Protect\n|move|p1a: My Little Pony|Draining Kiss|p2a: Mienshao\n|-activate|p2a: Mienshao|move: Protect\n|\n|upkeep\n|turn|8\n|\n|t:|1698092428\n|move|p1a: My Little Pony|Draining Kiss|p2a: Mienshao\n|-supereffective|p2a: Mienshao\n|-damage|p2a: Mienshao|0 fnt\n|faint|p2a: Mienshao\n|\n|win|bonecula123\n|raw|bonecula123's rating: 1196 &rarr; <strong>1222<\/strong><br \/>(+26 for winning)\n|raw|Toukakiri's rating: 1207 &rarr; <strong>1181<\/strong><br \/>(-26 for losing)\n|c|\u2606bonecula123|sweep\n|c|\u2606Toukakiri|Ok\n|l|\u2606Toukakiri\n","uploadtime":1698092445,"views":7,"p1id":"bonecula123","p2id":"toukakiri","formatid":"gen9anythinggoes","rating":1181,"private":0,"password":""}