{"id":"gen9anythinggoes-1991643980","p1":"boobag","p2":"Tedtosterone","format":"[Gen 9] Anything Goes","log":"|j|\u2606boobag\n|j|\u2606Tedtosterone\n|t:|1700097741\n|gametype|singles\n|player|p1|boobag|pokemaniac|\n|player|p2|Tedtosterone|ghetsis-gen5bw|\n|teamsize|p1|6\n|teamsize|p2|6\n|gen|9\n|tier|[Gen 9] Anything Goes\n|rule|HP Percentage Mod: HP is shown in percentages\n|rule|Endless Battle Clause: Forcing endless battles is banned\n|clearpoke\n|poke|p1|Krookodile, F|\n|poke|p1|Gliscor, F|\n|poke|p1|Tornadus-Therian, M|\n|poke|p1|Pawmot, F|\n|poke|p1|Gengar, F|\n|poke|p1|Ludicolo, F|\n|poke|p2|Samurott-Hisui, M|\n|poke|p2|Kingambit, M|\n|poke|p2|Baxcalibur, M|\n|poke|p2|Mimikyu, F|\n|poke|p2|Slowking-Galar, M|\n|poke|p2|Arcanine-Hisui, M|\n|teampreview\n|j| caligulahar\n|inactive|Battle timer is ON: inactive players will automatically lose when time's up. (requested by Tedtosterone)\n|\n|t:|1700097757\n|start\n|switch|p1a: Ludichris|Ludicolo, F|100\/100\n|switch|p2a: Jin|Samurott-Hisui, M|100\/100\n|turn|1\n|\n|t:|1700097763\n|move|p2a: Jin|Ceaseless Edge|p1a: Ludichris\n|-damage|p1a: Ludichris|29\/100\n|-sidestart|p1: boobag|Spikes\n|move|p1a: Ludichris|Rain Dance|p1a: Ludichris\n|-weather|RainDance\n|\n|-weather|RainDance|[upkeep]\n|upkeep\n|turn|2\n|\n|t:|1700097769\n|move|p1a: Ludichris|Giga Drain|p2a: Jin\n|-supereffective|p2a: Jin\n|-enditem|p2a: Jin|Focus Sash\n|-damage|p2a: Jin|1\/100\n|-heal|p1a: Ludichris|82\/100|[from] drain|[of] p2a: Jin\n|-damage|p1a: Ludichris|72\/100|[from] item: Life Orb\n|move|p2a: Jin|Ceaseless Edge|p1a: Ludichris\n|-damage|p1a: Ludichris|6\/100\n|-sidestart|p1: boobag|Spikes\n|\n|-weather|RainDance|[upkeep]\n|upkeep\n|turn|3\n|\n|t:|1700097798\n|move|p2a: Jin|Aqua Jet|p1a: Ludichris\n|-resisted|p1a: Ludichris\n|-damage|p1a: Ludichris|0 fnt\n|faint|p1a: Ludichris\n|\n|-weather|RainDance|[upkeep]\n|upkeep\n|\n|t:|1700097807\n|switch|p1a: Phris|Pawmot, F, shiny|100\/100\n|-damage|p1a: Phris|84\/100|[from] Spikes\n|turn|4\n|\n|t:|1700097822\n|move|p1a: Phris|Mach Punch|p2a: Jin\n|-supereffective|p2a: Jin\n|-damage|p2a: Jin|0 fnt\n|faint|p2a: Jin\n|\n|-weather|RainDance|[upkeep]\n|upkeep\n|\n|t:|1700097827\n|switch|p2a: Gooner|Mimikyu, F, shiny|100\/100\n|turn|5\n|\n|t:|1700097832\n|move|p1a: Phris|Revival Blessing|p1a: Phris\n|-enditem|p1a: Phris|Leppa Berry|[eat]\n|-activate|p1a: Phris|item: Leppa Berry|Revival Blessing|[consumed]\n|\n|t:|1700097835\n|-heal|p1: Ludichris|50\/100|[from] move: Revival Blessing\n|move|p2a: Gooner|Swords Dance|p2a: Gooner\n|-boost|p2a: Gooner|atk|2\n|\n|-weather|none\n|upkeep\n|turn|6\n|\n|t:|1700097845\n|move|p1a: Phris|Double Shock|p2a: Gooner\n|-activate|p2a: Gooner|ability: Disguise\n|-damage|p2a: Gooner|100\/100\n|-start|p1a: Phris|typechange|???\/Fighting|[from] move: Double Shock\n|detailschange|p2a: Gooner|Mimikyu-Busted, F, shiny\n|-damage|p2a: Gooner|88\/100|[from] pokemon: Mimikyu-Busted\n|move|p2a: Gooner|Swords Dance|p2a: Gooner\n|-boost|p2a: Gooner|atk|2\n|\n|upkeep\n|turn|7\n|\n|t:|1700097857\n|move|p2a: Gooner|Shadow Sneak|p1a: Phris\n|-damage|p1a: Phris|0 fnt\n|faint|p1a: Phris\n|-damage|p2a: Gooner|78\/100|[from] item: Life Orb\n|\n|upkeep\n|\n|t:|1700097870\n|switch|p1a: Ghris|Gliscor, F, shiny|100\/100\n|turn|8\n|\n|t:|1700097887\n|move|p2a: Gooner|Shadow Sneak|p1a: Ghris\n|-damage|p1a: Ghris|59\/100\n|-damage|p2a: Gooner|68\/100|[from] item: Life Orb\n|move|p1a: Ghris|Knock Off|p2a: Gooner\n|-damage|p2a: Gooner|30\/100\n|-enditem|p2a: Gooner|Life Orb|[from] move: Knock Off|[of] p1a: Ghris\n|\n|-status|p1a: Ghris|tox|[from] item: Toxic Orb\n|upkeep\n|turn|9\n|\n|t:|1700097899\n|move|p2a: Gooner|Shadow Claw|p1a: Ghris\n|-damage|p1a: Ghris|0 fnt\n|faint|p1a: Ghris\n|\n|upkeep\n|\n|t:|1700097915\n|switch|p1a: Genghris|Gengar, F|100\/100\n|-damage|p1a: Genghris|84\/100|[from] Spikes\n|turn|10\n|\n|t:|1700097922\n|move|p2a: Gooner|Shadow Sneak|p1a: Genghris\n|-supereffective|p1a: Genghris\n|-damage|p1a: Genghris|0 fnt\n|-start|p2a: Gooner|Disable|Shadow Sneak|[from] ability: Cursed Body|[of] p1a: Genghris\n|faint|p1a: Genghris\n|\n|upkeep\n|\n|t:|1700097927\n|switch|p1a: Khris|Krookodile, F|100\/100\n|-damage|p1a: Khris|84\/100|[from] Spikes\n|turn|11\n|\n|t:|1700097936\n|move|p2a: Gooner|Play Rough|p1a: Khris|[miss]\n|-miss|p2a: Gooner|p1a: Khris\n|move|p1a: Khris|Earthquake|p2a: Gooner\n|-damage|p2a: Gooner|0 fnt\n|faint|p2a: Gooner\n|-ability|p1a: Khris|Moxie|boost\n|-boost|p1a: Khris|atk|1\n|\n|upkeep\n|\n|t:|1700097949\n|switch|p2a: Duke|Slowking-Galar, M|100\/100\n|turn|12\n|\n|t:|1700097958\n|move|p1a: Khris|Earthquake|p2a: Duke\n|-supereffective|p2a: Duke\n|-damage|p2a: Duke|0 fnt\n|faint|p2a: Duke\n|-ability|p1a: Khris|Moxie|boost\n|-boost|p1a: Khris|atk|1\n|\n|upkeep\n|\n|t:|1700097967\n|switch|p2a: Joe|Baxcalibur, M|100\/100\n|turn|13\n|\n|t:|1700097977\n|move|p1a: Khris|Close Combat|p2a: Joe\n|-supereffective|p2a: Joe\n|-damage|p2a: Joe|0 fnt\n|-unboost|p1a: Khris|def|1\n|-unboost|p1a: Khris|spd|1\n|faint|p2a: Joe\n|-ability|p1a: Khris|Moxie|boost\n|-boost|p1a: Khris|atk|1\n|\n|upkeep\n|\n|t:|1700097985\n|switch|p2a: Axel|Arcanine-Hisui, M|100\/100\n|turn|14\n|\n|t:|1700097995\n|move|p2a: Axel|Extreme Speed|p1a: Khris\n|-damage|p1a: Khris|11\/100\n|-damage|p2a: Axel|84\/100|[from] item: Rocky Helmet|[of] p1a: Khris\n|move|p1a: Khris|Earthquake|p2a: Axel\n|-supereffective|p2a: Axel\n|-damage|p2a: Axel|0 fnt\n|faint|p2a: Axel\n|-ability|p1a: Khris|Moxie|boost\n|-boost|p1a: Khris|atk|1\n|\n|upkeep\n|\n|t:|1700098004\n|switch|p2a: Toji Fushiguro|Kingambit, M|100\/100\n|-activate|p2a: Toji Fushiguro|ability: Supreme Overlord\n|-start|p2a: Toji Fushiguro|fallen5|[silent]\n|turn|15\n|\n|t:|1700098011\n|move|p2a: Toji Fushiguro|Sucker Punch|p1a: Khris\n|-resisted|p1a: Khris\n|-damage|p1a: Khris|0 fnt\n|-damage|p2a: Toji Fushiguro|84\/100|[from] item: Rocky Helmet|[of] p1a: Khris\n|faint|p1a: Khris\n|-damage|p2a: Toji Fushiguro|74\/100|[from] item: Life Orb\n|\n|upkeep\n|\n|t:|1700098019\n|switch|p1a: Thris|Tornadus-Therian, M|100\/100\n|turn|16\n|\n|t:|1700098023\n|move|p2a: Toji Fushiguro|Sucker Punch|p1a: Thris\n|-damage|p1a: Thris|0 fnt\n|faint|p1a: Thris\n|-damage|p2a: Toji Fushiguro|64\/100|[from] item: Life Orb\n|\n|upkeep\n|\n|t:|1700098028\n|switch|p1a: Ludichris|Ludicolo, F|50\/100\n|-damage|p1a: Ludichris|34\/100|[from] Spikes\n|turn|17\n|\n|t:|1700098035\n|move|p2a: Toji Fushiguro|Sucker Punch||[still]\n|-fail|p2a: Toji Fushiguro\n|move|p1a: Ludichris|Rain Dance|p1a: Ludichris\n|-weather|RainDance\n|\n|-weather|RainDance|[upkeep]\n|upkeep\n|turn|18\n|\n|t:|1700098042\n|move|p2a: Toji Fushiguro|Sucker Punch|p1a: Ludichris\n|-damage|p1a: Ludichris|0 fnt\n|faint|p1a: Ludichris\n|-damage|p2a: Toji Fushiguro|54\/100|[from] item: Life Orb\n|\n|win|Tedtosterone\n","uploadtime":1700098048,"views":9,"p1id":"boobag","p2id":"tedtosterone","formatid":"gen9anythinggoes","rating":0,"private":0,"password":""}