{"id":"gen9anythinggoes-1973813494","p1":"Crustles","p2":"youllknowlosss","format":"[Gen 9] Anything Goes","log":"|j|\u2606Crustles\n|j|\u2606youllknowlosss\n|t:|1698016288\n|gametype|singles\n|player|p1|Crustles|carmine-festival|1325\n|player|p2|youllknowlosss|brock|1363\n|teamsize|p1|6\n|teamsize|p2|6\n|gen|9\n|tier|[Gen 9] Anything Goes\n|rated|\n|rule|HP Percentage Mod: HP is shown in percentages\n|rule|Endless Battle Clause: Forcing endless battles is banned\n|clearpoke\n|poke|p1|Miraidon|\n|poke|p1|Koraidon|\n|poke|p1|Ogerpon-Hearthflame, F|\n|poke|p1|Calyrex-Shadow|\n|poke|p1|Great Tusk|\n|poke|p1|Ditto|\n|poke|p2|Ribombee, M|\n|poke|p2|Groudon|\n|poke|p2|Miraidon|\n|poke|p2|Arceus|\n|poke|p2|Koraidon|\n|poke|p2|Glimmora, M|\n|teampreview\n|inactive|Battle timer is ON: inactive players will automatically lose when time's up. (requested by Crustles)\n|\n|t:|1698016307\n|start\n|switch|p1a: Miraidon|Miraidon|100\/100\n|switch|p2a: Ribombee|Ribombee, M|100\/100\n|-fieldstart|move: Electric Terrain|[from] ability: Hadron Engine|[of] p1a: Miraidon\n|turn|1\n|\n|t:|1698016312\n|move|p1a: Miraidon|Volt Switch|p2a: Ribombee\n|-enditem|p2a: Ribombee|Focus Sash\n|-damage|p2a: Ribombee|1\/100\n|\n|t:|1698016319\n|switch|p1a: Calyrex|Calyrex-Shadow|100\/100|[from] Volt Switch\n|-ability|p1a: Calyrex|As One\n|-ability|p1a: Calyrex|Unnerve\n|move|p2a: Ribombee|Quiver Dance|p2a: Ribombee\n|-boost|p2a: Ribombee|spa|1\n|-boost|p2a: Ribombee|spd|1\n|-boost|p2a: Ribombee|spe|1\n|\n|upkeep\n|turn|2\n|\n|t:|1698016324\n|move|p2a: Ribombee|Baton Pass|p2a: Ribombee\n|\n|t:|1698016326\n|switch|p2a: Miraidon|Miraidon|100\/100|[from] Baton Pass\n|-activate|p2a: Miraidon|ability: Hadron Engine\n|move|p1a: Calyrex|Psyshock|p2a: Miraidon\n|-damage|p2a: Miraidon|46\/100\n|\n|-heal|p2a: Miraidon|52\/100|[from] item: Leftovers\n|upkeep\n|turn|3\n|\n|t:|1698016335\n|move|p2a: Miraidon|Parabolic Charge|p1a: Calyrex\n|-damage|p1a: Calyrex|9\/100\n|-heal|p2a: Miraidon|98\/100|[from] drain|[of] p1a: Calyrex\n|move|p1a: Calyrex|Psyshock|p2a: Miraidon\n|-damage|p2a: Miraidon|47\/100\n|\n|-heal|p2a: Miraidon|54\/100|[from] item: Leftovers\n|upkeep\n|turn|4\n|\n|t:|1698016343\n|move|p2a: Miraidon|Parabolic Charge|p1a: Calyrex\n|-damage|p1a: Calyrex|0 fnt\n|-heal|p2a: Miraidon|58\/100|[from] drain|[of] p1a: Calyrex\n|faint|p1a: Calyrex\n|\n|-heal|p2a: Miraidon|64\/100|[from] item: Leftovers\n|upkeep\n|\n|t:|1698016346\n|switch|p1a: Ditto|Ditto|100\/100\n|-transform|p1a: Ditto|p2a: Miraidon|[from] ability: Imposter\n|-activate|p1a: Ditto|ability: Hadron Engine\n|turn|5\n|\n|t:|1698016355\n|switch|p2a: Ribombee|Ribombee, M|1\/100\n|-terastallize|p1a: Ditto|Fairy\n|move|p1a: Ditto|Dazzling Gleam|p2a: Ribombee\n|-damage|p2a: Ribombee|0 fnt\n|faint|p2a: Ribombee\n|\n|-fieldend|move: Electric Terrain\n|upkeep\n|\n|t:|1698016361\n|switch|p2a: Glimmora|Glimmora, M|100\/100\n|turn|6\n|\n|t:|1698016365\n|switch|p1a: Great Tusk|Great Tusk|100\/100\n|move|p2a: Glimmora|Stealth Rock|p1a: Great Tusk\n|-sidestart|p1: Crustles|move: Stealth Rock\n|\n|upkeep\n|turn|7\n|\n|t:|1698016368\n|move|p2a: Glimmora|Dazzling Gleam|p1a: Great Tusk\n|-supereffective|p1a: Great Tusk\n|-crit|p1a: Great Tusk\n|-damage|p1a: Great Tusk|0 fnt\n|faint|p1a: Great Tusk\n|-end|p1a: Great Tusk|Protosynthesis|[silent]\n|\n|upkeep\n|\n|t:|1698016380\n|switch|p1a: Miraidon|Miraidon|100\/100\n|-damage|p1a: Miraidon|88\/100|[from] Stealth Rock\n|-fieldstart|move: Electric Terrain|[from] ability: Hadron Engine|[of] p1a: Miraidon\n|turn|8\n|inactive|youllknowlosss has 120 seconds left.\n|\n|t:|1698016417\n|move|p1a: Miraidon|Volt Switch|p2a: Glimmora\n|-crit|p2a: Glimmora\n|-enditem|p2a: Glimmora|Focus Sash\n|-damage|p2a: Glimmora|1\/100\n|\n|t:|1698016422\n|switch|p1a: Ogerpon|Ogerpon-Hearthflame, F|100\/100|[from] Volt Switch\n|-damage|p1a: Ogerpon|76\/100|[from] Stealth Rock\n|-ability|p1a: Ogerpon|Mold Breaker\n|move|p2a: Glimmora|Mortal Spin|p1a: Ogerpon\n|-supereffective|p1a: Ogerpon\n|-damage|p1a: Ogerpon|59\/100\n|-status|p1a: Ogerpon|psn\n|\n|-damage|p1a: Ogerpon|47\/100 psn|[from] psn\n|upkeep\n|turn|9\n|\n|t:|1698016427\n|move|p1a: Ogerpon|Trailblaze|p2a: Glimmora\n|-crit|p2a: Glimmora\n|-damage|p2a: Glimmora|0 fnt\n|-boost|p1a: Ogerpon|spe|1\n|-activate|p2a: Glimmora|ability: Toxic Debris\n|-sidestart|p1: Crustles|move: Toxic Spikes\n|faint|p2a: Glimmora\n|\n|-damage|p1a: Ogerpon|34\/100 psn|[from] psn\n|upkeep\n|\n|t:|1698016430\n|switch|p2a: Koraidon|Koraidon|100\/100\n|-weather|SunnyDay|[from] ability: Orichalcum Pulse|[of] p2a: Koraidon\n|-activate|p2a: Koraidon|Orichalcum Pulse|[source]\n|turn|10\n|\n|t:|1698016433\n|move|p1a: Ogerpon|Ivy Cudgel|p2a: Koraidon\n|-resisted|p2a: Koraidon\n|-damage|p2a: Koraidon|58\/100\n|move|p2a: Koraidon|Scale Shot|p1a: Ogerpon\n|-damage|p1a: Ogerpon|7\/100 psn\n|-damage|p1a: Ogerpon|0 fnt\n|faint|p1a: Ogerpon\n|-hitcount|p1: Ogerpon|2\n|-unboost|p2a: Koraidon|def|1\n|-boost|p2a: Koraidon|spe|1\n|\n|-weather|SunnyDay|[upkeep]\n|upkeep\n|\n|t:|1698016438\n|switch|p1a: Ditto|Ditto, tera:Fairy|100\/100\n|-damage|p1a: Ditto|88\/100|[from] Stealth Rock\n|-status|p1a: Ditto|psn\n|-transform|p1a: Ditto|p2a: Koraidon|[from] ability: Imposter\n|-activate|p1a: Ditto|ability: Orichalcum Pulse\n|turn|11\n|\n|t:|1698016454\n|move|p1a: Ditto|Scale Shot|p2a: Koraidon\n|-supereffective|p2a: Koraidon\n|-damage|p2a: Koraidon|5\/100\n|-supereffective|p2a: Koraidon\n|-damage|p2a: Koraidon|0 fnt\n|faint|p2a: Koraidon\n|-hitcount|p2: Koraidon|2\n|-unboost|p1a: Ditto|def|1\n|-boost|p1a: Ditto|spe|1\n|\n|-weather|SunnyDay|[upkeep]\n|-damage|p1a: Ditto|76\/100 psn|[from] psn\n|upkeep\n|\n|t:|1698016458\n|switch|p2a: Arceus|Arceus|100\/100\n|turn|12\n|\n|t:|1698016468\n|switch|p1a: Koraidon|Koraidon|100\/100\n|-damage|p1a: Koraidon|94\/100|[from] Stealth Rock\n|-status|p1a: Koraidon|psn\n|-activate|p1a: Koraidon|ability: Orichalcum Pulse\n|move|p2a: Arceus|Taunt|p1a: Koraidon\n|-start|p1a: Koraidon|move: Taunt\n|\n|-weather|SunnyDay|[upkeep]\n|-damage|p1a: Koraidon|82\/100 psn|[from] psn\n|-fieldend|move: Electric Terrain\n|upkeep\n|turn|13\n|inactive|youllknowlosss has 120 seconds left.\n|inactive|youllknowlosss has 90 seconds left.\n|inactive|youllknowlosss has 60 seconds left.\n|\n|t:|1698016565\n|switch|p2a: Miraidon|Miraidon|64\/100\n|-fieldstart|move: Electric Terrain|[from] ability: Hadron Engine|[of] p2a: Miraidon\n|move|p1a: Koraidon|Collision Course|p2a: Miraidon\n|-damage|p2a: Miraidon|0 fnt\n|faint|p2a: Miraidon\n|\n|-weather|SunnyDay|[upkeep]\n|-damage|p1a: Koraidon|70\/100 psn|[from] psn\n|upkeep\n|inactive|youllknowlosss has 30 seconds left.\n|inactive|youllknowlosss has 20 seconds left.\n|inactive|youllknowlosss has 15 seconds left.\n|inactive|youllknowlosss has 10 seconds left.\n|l|\u2606youllknowlosss\n|inactive|youllknowlosss disconnected and has a minute to reconnect!\n|player|p2|\n|inactive|youllknowlosss has 5 seconds left.\n|-message|youllknowlosss lost due to inactivity.\n|\n|win|Crustles\n|raw|Crustles's rating: 1325 &rarr; <strong>1347<\/strong><br \/>(+22 for winning)\n|raw|youllknowlosss's rating: 1363 &rarr; <strong>1341<\/strong><br \/>(-22 for losing)\n","uploadtime":1698016627,"views":9,"p1id":"crustles","p2id":"youllknowlosss","formatid":"gen9anythinggoes","rating":1341,"private":0,"password":""}