{"id":"gen9anythinggoes-1990463609","p1":"K1only","p2":"SebMex17","format":"[Gen 9] Anything Goes","log":"|j|\u2606K1only\n|j|\u2606SebMex17\n|t:|1699973340\n|gametype|singles\n|player|p1|K1only|1|1063\n|player|p2|SebMex17|falkner|1033\n|teamsize|p1|6\n|teamsize|p2|6\n|gen|9\n|tier|[Gen 9] Anything Goes\n|rated|\n|rule|HP Percentage Mod: HP is shown in percentages\n|rule|Endless Battle Clause: Forcing endless battles is banned\n|clearpoke\n|poke|p1|Rotom-Heat|\n|poke|p1|Flapple, M|\n|poke|p1|Dialga-Origin|\n|poke|p1|Monferno, M|\n|poke|p1|Crawdaunt, M|\n|poke|p1|Vespiquen, F|\n|poke|p2|Dragalge, M|\n|poke|p2|Meowscarada, F|\n|poke|p2|Bronzong|\n|poke|p2|Dachsbun, F|\n|poke|p2|Garganacl, M|\n|poke|p2|Kilowattrel, F|\n|teampreview\n|\n|t:|1699973345\n|start\n|switch|p1a: Vespiquen|Vespiquen, F|100\/100\n|switch|p2a: Bronzong|Bronzong|100\/100\n|-ability|p1a: Vespiquen|Pressure\n|turn|1\n|\n|t:|1699973354\n|move|p1a: Vespiquen|Substitute|p1a: Vespiquen\n|-start|p1a: Vespiquen|Substitute\n|-damage|p1a: Vespiquen|75\/100\n|move|p2a: Bronzong|Light Screen|p2a: Bronzong\n|-sidestart|p2: SebMex17|move: Light Screen\n|\n|-heal|p1a: Vespiquen|82\/100|[from] item: Leftovers\n|upkeep\n|turn|2\n|\n|t:|1699973363\n|move|p1a: Vespiquen|Defend Order|p1a: Vespiquen\n|-boost|p1a: Vespiquen|def|1\n|-boost|p1a: Vespiquen|spd|1\n|move|p2a: Bronzong|Reflect|p2a: Bronzong\n|-sidestart|p2: SebMex17|Reflect\n|\n|-heal|p1a: Vespiquen|88\/100|[from] item: Leftovers\n|upkeep\n|turn|3\n|\n|t:|1699973371\n|move|p1a: Vespiquen|Defend Order|p1a: Vespiquen\n|-boost|p1a: Vespiquen|def|1\n|-boost|p1a: Vespiquen|spd|1\n|move|p2a: Bronzong|Trick Room|p2a: Bronzong\n|-fieldstart|move: Trick Room|[of] p2a: Bronzong\n|\n|-heal|p1a: Vespiquen|94\/100|[from] item: Leftovers\n|upkeep\n|turn|4\n|\n|t:|1699973392\n|switch|p2a: Garganacl|Garganacl, M|100\/100\n|move|p1a: Vespiquen|Defend Order|p1a: Vespiquen\n|-boost|p1a: Vespiquen|def|1\n|-boost|p1a: Vespiquen|spd|1\n|\n|-heal|p1a: Vespiquen|99\/100|[from] item: Leftovers\n|upkeep\n|turn|5\n|\n|t:|1699973403\n|move|p2a: Garganacl|Salt Cure|p1a: Vespiquen\n|-supereffective|p1a: Vespiquen\n|-activate|p1a: Vespiquen|move: Substitute|[damage]\n|move|p1a: Vespiquen|Defend Order|p1a: Vespiquen\n|-boost|p1a: Vespiquen|def|1\n|-boost|p1a: Vespiquen|spd|1\n|\n|-heal|p1a: Vespiquen|100\/100|[from] item: Leftovers\n|-sideend|p2: SebMex17|move: Light Screen\n|upkeep\n|turn|6\n|\n|t:|1699973419\n|move|p2a: Garganacl|Iron Defense|p2a: Garganacl\n|-boost|p2a: Garganacl|def|2\n|move|p1a: Vespiquen|Substitute|p1a: Vespiquen\n|-fail|p1a: Vespiquen|move: Substitute\n|\n|-sideend|p2: SebMex17|Reflect\n|upkeep\n|turn|7\n|inactive|Battle timer is ON: inactive players will automatically lose when time's up. (requested by SebMex17)\n|\n|t:|1699973427\n|move|p2a: Garganacl|Salt Cure|p1a: Vespiquen\n|-supereffective|p1a: Vespiquen\n|-end|p1a: Vespiquen|Substitute\n|move|p1a: Vespiquen|Attack Order|p2a: Garganacl\n|-damage|p2a: Garganacl|88\/100\n|\n|-fieldend|move: Trick Room\n|upkeep\n|turn|8\n|\n|t:|1699973435\n|move|p1a: Vespiquen|Substitute|p1a: Vespiquen\n|-start|p1a: Vespiquen|Substitute\n|-damage|p1a: Vespiquen|75\/100\n|move|p2a: Garganacl|Salt Cure|p1a: Vespiquen\n|-supereffective|p1a: Vespiquen\n|-activate|p1a: Vespiquen|move: Substitute|[damage]\n|\n|-heal|p1a: Vespiquen|82\/100|[from] item: Leftovers\n|upkeep\n|turn|9\n|\n|t:|1699973445\n|move|p1a: Vespiquen|Defend Order|p1a: Vespiquen\n|-boost|p1a: Vespiquen|def|1\n|-boost|p1a: Vespiquen|spd|1\n|move|p2a: Garganacl|Salt Cure|p1a: Vespiquen\n|-supereffective|p1a: Vespiquen\n|-end|p1a: Vespiquen|Substitute\n|\n|-heal|p1a: Vespiquen|88\/100|[from] item: Leftovers\n|upkeep\n|turn|10\n|\n|t:|1699973455\n|move|p1a: Vespiquen|Substitute|p1a: Vespiquen\n|-start|p1a: Vespiquen|Substitute\n|-damage|p1a: Vespiquen|63\/100\n|move|p2a: Garganacl|Salt Cure|p1a: Vespiquen\n|-supereffective|p1a: Vespiquen\n|-activate|p1a: Vespiquen|move: Substitute|[damage]\n|\n|-heal|p1a: Vespiquen|69\/100|[from] item: Leftovers\n|upkeep\n|turn|11\n|\n|t:|1699973464\n|move|p1a: Vespiquen|Defend Order|p1a: Vespiquen\n|-boost|p1a: Vespiquen|def|1\n|-boost|p1a: Vespiquen|spd|1\n|move|p2a: Garganacl|Salt Cure|p1a: Vespiquen\n|-supereffective|p1a: Vespiquen\n|-end|p1a: Vespiquen|Substitute\n|\n|-heal|p1a: Vespiquen|75\/100|[from] item: Leftovers\n|upkeep\n|turn|12\n|c|\u2606SebMex17|don't you fucking dare\n|\n|t:|1699973478\n|move|p1a: Vespiquen|Substitute|p1a: Vespiquen\n|-start|p1a: Vespiquen|Substitute\n|-damage|p1a: Vespiquen|50\/100\n|move|p2a: Garganacl|Salt Cure|p1a: Vespiquen\n|-supereffective|p1a: Vespiquen\n|-crit|p1a: Vespiquen\n|-end|p1a: Vespiquen|Substitute\n|\n|-heal|p1a: Vespiquen|56\/100|[from] item: Leftovers\n|upkeep\n|turn|13\n|c|\u2606SebMex17|you annoying bitch\n|\n|t:|1699973491\n|move|p1a: Vespiquen|Attack Order|p2a: Garganacl\n|-damage|p2a: Garganacl|76\/100\n|move|p2a: Garganacl|Salt Cure|p1a: Vespiquen\n|-supereffective|p1a: Vespiquen\n|-damage|p1a: Vespiquen|42\/100\n|-start|p1a: Vespiquen|Salt Cure\n|\n|-heal|p1a: Vespiquen|48\/100|[from] item: Leftovers\n|-damage|p1a: Vespiquen|36\/100|[from] Salt Cure\n|upkeep\n|turn|14\n|\n|t:|1699973501\n|move|p1a: Vespiquen|Attack Order|p2a: Garganacl\n|-damage|p2a: Garganacl|64\/100\n|move|p2a: Garganacl|Salt Cure|p1a: Vespiquen\n|-supereffective|p1a: Vespiquen\n|-damage|p1a: Vespiquen|21\/100\n|\n|-heal|p1a: Vespiquen|27\/100|[from] item: Leftovers\n|-damage|p1a: Vespiquen|14\/100|[from] Salt Cure\n|upkeep\n|turn|15\n|\n|t:|1699973513\n|move|p1a: Vespiquen|Attack Order|p2a: Garganacl\n|-damage|p2a: Garganacl|52\/100\n|move|p2a: Garganacl|Recover|p2a: Garganacl\n|-heal|p2a: Garganacl|100\/100\n|\n|-heal|p1a: Vespiquen|20\/100|[from] item: Leftovers\n|-damage|p1a: Vespiquen|8\/100|[from] Salt Cure\n|upkeep\n|turn|16\n|\n|t:|1699973523\n|move|p1a: Vespiquen|Attack Order|p2a: Garganacl\n|-damage|p2a: Garganacl|88\/100\n|move|p2a: Garganacl|Salt Cure|p1a: Vespiquen\n|-supereffective|p1a: Vespiquen\n|-damage|p1a: Vespiquen|0 fnt\n|faint|p1a: Vespiquen\n|\n|upkeep\n|\n|t:|1699973531\n|switch|p1a: Dialga|Dialga-Origin|100\/100\n|-ability|p1a: Dialga|Pressure\n|turn|17\n|\n|t:|1699973539\n|move|p1a: Dialga|Flash Cannon|p2a: Garganacl\n|-supereffective|p2a: Garganacl\n|-damage|p2a: Garganacl|9\/100\n|-unboost|p2a: Garganacl|spd|1\n|-enditem|p2a: Garganacl|Aguav Berry|[eat]\n|-heal|p2a: Garganacl|42\/100|[from] item: Aguav Berry\n|move|p2a: Garganacl|Salt Cure|p1a: Dialga\n|-resisted|p1a: Dialga\n|-damage|p1a: Dialga|95\/100\n|-start|p1a: Dialga|Salt Cure\n|\n|-damage|p1a: Dialga|70\/100|[from] Salt Cure\n|upkeep\n|turn|18\n|\n|t:|1699973552\n|move|p1a: Dialga|Flash Cannon|p2a: Garganacl\n|-supereffective|p2a: Garganacl\n|-damage|p2a: Garganacl|0 fnt\n|faint|p2a: Garganacl\n|\n|-damage|p1a: Dialga|45\/100|[from] Salt Cure\n|upkeep\n|\n|t:|1699973561\n|switch|p2a: Dachsbun|Dachsbun, F|100\/100\n|turn|19\n|\n|t:|1699973566\n|move|p1a: Dialga|Flash Cannon|p2a: Dachsbun\n|-supereffective|p2a: Dachsbun\n|-crit|p2a: Dachsbun\n|-damage|p2a: Dachsbun|0 fnt\n|faint|p2a: Dachsbun\n|\n|-damage|p1a: Dialga|20\/100|[from] Salt Cure\n|upkeep\n|\n|t:|1699973573\n|switch|p2a: Dragalge|Dragalge, M, shiny|100\/100\n|turn|20\n|\n|t:|1699973578\n|-terastallize|p2a: Dragalge|Fairy\n|move|p1a: Dialga|Roar of Time|p2a: Dragalge\n|-immune|p2a: Dragalge\n|move|p2a: Dragalge|Tera Blast|p1a: Dialga|[anim] Tera Blast Fairy\n|-damage|p1a: Dialga|0 fnt\n|faint|p1a: Dialga\n|\n|upkeep\n|\n|t:|1699973596\n|switch|p1a: Rotom|Rotom-Heat|100\/100\n|turn|21\n|\n|t:|1699973604\n|move|p1a: Rotom|Will-O-Wisp|p2a: Dragalge|[miss]\n|-miss|p1a: Rotom|p2a: Dragalge\n|move|p2a: Dragalge|Toxic Spikes|p1a: Rotom\n|-sidestart|p1: K1only|move: Toxic Spikes\n|\n|upkeep\n|turn|22\n|\n|t:|1699973612\n|move|p1a: Rotom|Will-O-Wisp|p2a: Dragalge\n|-status|p2a: Dragalge|brn\n|move|p2a: Dragalge|Sludge Bomb|p1a: Rotom\n|-damage|p1a: Rotom|48\/100\n|-status|p1a: Rotom|psn\n|\n|-damage|p1a: Rotom|36\/100 psn|[from] psn\n|-damage|p2a: Dragalge|95\/100 brn|[from] brn\n|upkeep\n|turn|23\n|\n|t:|1699973625\n|move|p1a: Rotom|Hex|p2a: Dragalge\n|-damage|p2a: Dragalge|59\/100 brn\n|move|p2a: Dragalge|Sludge Bomb|p1a: Rotom\n|-damage|p1a: Rotom|0 fnt\n|faint|p1a: Rotom\n|\n|-damage|p2a: Dragalge|53\/100 brn|[from] brn\n|upkeep\n|\n|t:|1699973638\n|switch|p1a: Monferno|Monferno, M|100\/100\n|-status|p1a: Monferno|psn\n|turn|24\n|\n|t:|1699973645\n|move|p1a: Monferno|Fake Out|p2a: Dragalge\n|-damage|p2a: Dragalge|40\/100 brn\n|cant|p2a: Dragalge|flinch\n|\n|-damage|p1a: Monferno|88\/100 psn|[from] psn\n|-damage|p2a: Dragalge|34\/100 brn|[from] brn\n|upkeep\n|turn|25\n|\n|t:|1699973658\n|move|p1a: Monferno|Flame Charge|p2a: Dragalge\n|-damage|p2a: Dragalge|9\/100 brn\n|-boost|p1a: Monferno|spe|1\n|move|p2a: Dragalge|Sludge Bomb|p1a: Monferno\n|-damage|p1a: Monferno|29\/100 psn\n|\n|-damage|p1a: Monferno|17\/100 psn|[from] psn\n|-damage|p2a: Dragalge|3\/100 brn|[from] brn\n|upkeep\n|turn|26\n|\n|t:|1699973671\n|move|p1a: Monferno|Flame Charge|p2a: Dragalge\n|-damage|p2a: Dragalge|0 fnt\n|-boost|p1a: Monferno|spe|1\n|faint|p2a: Dragalge\n|\n|-damage|p1a: Monferno|5\/100 psn|[from] psn\n|upkeep\n|\n|t:|1699973678\n|switch|p2a: Kilowattrel|Kilowattrel, F|100\/100\n|turn|27\n|\n|t:|1699973684\n|move|p1a: Monferno|Flame Charge|p2a: Kilowattrel\n|-damage|p2a: Kilowattrel|45\/100\n|-boost|p1a: Monferno|spe|1\n|-damage|p1a: Monferno|0 fnt|[from] item: Rocky Helmet|[of] p2a: Kilowattrel\n|faint|p1a: Monferno\n|move|p2a: Kilowattrel|Tailwind|p2a: Kilowattrel\n|-sidestart|p2: SebMex17|move: Tailwind\n|-start|p2a: Kilowattrel|Charge|Tailwind|[from] ability: Wind Power\n|\n|upkeep\n|\n|t:|1699973695\n|switch|p1a: Flapple|Flapple, M|100\/100\n|-status|p1a: Flapple|psn\n|turn|28\n|\n|t:|1699973716\n|move|p2a: Kilowattrel|Electro Ball|p1a: Flapple\n|-resisted|p1a: Flapple\n|-damage|p1a: Flapple|64\/100 psn\n|-end|p2a: Kilowattrel|Charge|[silent]\n|move|p1a: Flapple|Dragon Rush|p2a: Kilowattrel|[miss]\n|-miss|p1a: Flapple|p2a: Kilowattrel\n|\n|-damage|p1a: Flapple|51\/100 psn|[from] psn\n|upkeep\n|turn|29\n|\n|t:|1699973726\n|move|p2a: Kilowattrel|Air Slash|p1a: Flapple\n|-supereffective|p1a: Flapple\n|-damage|p1a: Flapple|0 fnt\n|faint|p1a: Flapple\n|\n|upkeep\n|\n|t:|1699973732\n|switch|p1a: Crawdaunt|Crawdaunt, M|100\/100\n|-status|p1a: Crawdaunt|psn\n|turn|30\n|\n|t:|1699973738\n|-terastallize|p1a: Crawdaunt|Bug\n|move|p2a: Kilowattrel|Electro Ball|p1a: Crawdaunt\n|-enditem|p1a: Crawdaunt|Focus Sash\n|-damage|p1a: Crawdaunt|1\/100 psn\n|move|p1a: Crawdaunt|Dragon Dance|p1a: Crawdaunt\n|-boost|p1a: Crawdaunt|atk|1\n|-boost|p1a: Crawdaunt|spe|1\n|\n|-damage|p1a: Crawdaunt|0 fnt|[from] psn\n|faint|p1a: Crawdaunt\n|\n|win|SebMex17\n|upkeep\n|raw|K1only's rating: 1063 &rarr; <strong>1042<\/strong><br \/>(-21 for losing)\n|raw|SebMex17's rating: 1033 &rarr; <strong>1071<\/strong><br \/>(+38 for winning)\n","uploadtime":1699973490,"views":4,"p1id":"k1only","p2id":"sebmex17","formatid":"gen9anythinggoes","rating":1042,"private":0,"password":""}