{"id":"gen9anythinggoes-1990136328","p1":"Zvdfhjrrj","p2":"haliffepo","format":"[Gen 9] Anything Goes","log":"|j|\u2606Zvdfhjrrj\n|j|\u2606haliffepo\n|t:|1699928476\n|gametype|singles\n|player|p1|Zvdfhjrrj|n|1000\n|player|p2|haliffepo|psychic-gen4|1000\n|teamsize|p1|6\n|teamsize|p2|6\n|gen|9\n|tier|[Gen 9] Anything Goes\n|rated|\n|rule|HP Percentage Mod: HP is shown in percentages\n|rule|Endless Battle Clause: Forcing endless battles is banned\n|clearpoke\n|poke|p1|Drifblim, F|\n|poke|p1|Jolteon, M|\n|poke|p1|Espathra, M|\n|poke|p1|Clefable, F|\n|poke|p1|Scream Tail|\n|poke|p1|Venomoth, M|\n|poke|p2|Gardevoir, F|\n|poke|p2|Greninja-*, M|\n|poke|p2|Cinderace, F|\n|poke|p2|Manaphy|\n|poke|p2|Hatterene, F|\n|poke|p2|Garchomp, M|\n|teampreview\n|\n|t:|1699928483\n|start\n|switch|p1a: Venomoth|Venomoth, M|100\/100\n|switch|p2a: GG \ud83d\ude09|Garchomp, M|100\/100\n|turn|1\n|\n|t:|1699928490\n|move|p1a: Venomoth|Sleep Powder|p2a: GG \ud83d\ude09|[miss]\n|-miss|p1a: Venomoth|p2a: GG \ud83d\ude09\n|move|p2a: GG \ud83d\ude09|Draco Meteor|p1a: Venomoth\n|-damage|p1a: Venomoth|53\/100\n|-unboost|p2a: GG \ud83d\ude09|spa|2\n|\n|upkeep\n|turn|2\n|\n|t:|1699928499\n|move|p1a: Venomoth|Sleep Powder|p2a: GG \ud83d\ude09|[miss]\n|-miss|p1a: Venomoth|p2a: GG \ud83d\ude09\n|move|p2a: GG \ud83d\ude09|Draco Meteor|p1a: Venomoth|[miss]\n|-miss|p2a: GG \ud83d\ude09|p1a: Venomoth\n|\n|upkeep\n|turn|3\n|\n|t:|1699928511\n|move|p1a: Venomoth|Sleep Powder|p2a: GG \ud83d\ude09\n|-status|p2a: GG \ud83d\ude09|slp|[from] move: Sleep Powder\n|cant|p2a: GG \ud83d\ude09|slp\n|\n|upkeep\n|turn|4\n|-activate|p1a: Venomoth|item: Quick Claw\n|\n|t:|1699928519\n|move|p1a: Venomoth|Quiver Dance|p1a: Venomoth\n|-boost|p1a: Venomoth|spa|1\n|-boost|p1a: Venomoth|spd|1\n|-boost|p1a: Venomoth|spe|1\n|-curestatus|p2a: GG \ud83d\ude09|slp|[msg]\n|move|p2a: GG \ud83d\ude09|Draco Meteor|p1a: Venomoth\n|-damage|p1a: Venomoth|37\/100\n|-unboost|p2a: GG \ud83d\ude09|spa|2\n|\n|upkeep\n|turn|5\n|-activate|p1a: Venomoth|item: Quick Claw\n|\n|t:|1699928531\n|move|p1a: Venomoth|Baton Pass|p1a: Venomoth\n|\n|t:|1699928534\n|switch|p1a: Clefable|Clefable, F|100\/100|[from] Baton Pass\n|move|p2a: GG \ud83d\ude09|Draco Meteor|p1a: Clefable\n|-immune|p1a: Clefable\n|\n|upkeep\n|turn|6\n|\n|t:|1699928542\n|move|p2a: GG \ud83d\ude09|Draco Meteor|p1a: Clefable\n|-immune|p1a: Clefable\n|move|p1a: Clefable|Cosmic Power|p1a: Clefable\n|-boost|p1a: Clefable|def|1\n|-boost|p1a: Clefable|spd|1\n|\n|upkeep\n|turn|7\n|\n|t:|1699928551\n|move|p2a: GG \ud83d\ude09|Draco Meteor|p1a: Clefable\n|-immune|p1a: Clefable\n|move|p1a: Clefable|Cosmic Power|p1a: Clefable\n|-boost|p1a: Clefable|def|1\n|-boost|p1a: Clefable|spd|1\n|\n|upkeep\n|turn|8\n|\n|t:|1699928567\n|switch|p2a: GG \ud83d\ude04|Cinderace, F|100\/100\n|move|p1a: Clefable|Substitute|p1a: Clefable\n|-start|p1a: Clefable|Substitute\n|-damage|p1a: Clefable|76\/100\n|\n|-heal|p1a: Clefable|82\/100|[from] item: Leftovers\n|upkeep\n|turn|9\n|\n|t:|1699928577\n|move|p2a: GG \ud83d\ude04|Fire Fang|p1a: Clefable\n|-activate|p1a: Clefable|move: Substitute|[damage]\n|move|p1a: Clefable|Cosmic Power|p1a: Clefable\n|-boost|p1a: Clefable|def|1\n|-boost|p1a: Clefable|spd|1\n|\n|-heal|p1a: Clefable|88\/100|[from] item: Leftovers\n|upkeep\n|turn|10\n|\n|t:|1699928587\n|move|p2a: GG \ud83d\ude04|Fire Fang|p1a: Clefable\n|-end|p1a: Clefable|Substitute\n|move|p1a: Clefable|Baton Pass|p1a: Clefable\n|\n|t:|1699928591\n|switch|p1a: Drifblim|Drifblim, F|100\/100|[from] Baton Pass\n|\n|upkeep\n|turn|11\n|\n|t:|1699928600\n|-terastallize|p1a: Drifblim|Ghost\n|move|p1a: Drifblim|Minimize|p1a: Drifblim\n|-boost|p1a: Drifblim|evasion|2\n|move|p2a: GG \ud83d\ude04|Fire Fang|p1a: Drifblim\n|-damage|p1a: Drifblim|81\/100\n|-status|p1a: Drifblim|brn\n|\n|-damage|p1a: Drifblim|75\/100 brn|[from] brn\n|upkeep\n|turn|12\n|\n|t:|1699928618\n|move|p1a: Drifblim|Substitute|p1a: Drifblim\n|-start|p1a: Drifblim|Substitute\n|-damage|p1a: Drifblim|50\/100 brn\n|-enditem|p1a: Drifblim|Sitrus Berry|[eat]\n|-heal|p1a: Drifblim|75\/100 brn|[from] item: Sitrus Berry\n|move|p2a: GG \ud83d\ude04|Fire Fang|p1a: Drifblim\n|-activate|p1a: Drifblim|move: Substitute|[damage]\n|\n|-damage|p1a: Drifblim|68\/100 brn|[from] brn\n|upkeep\n|turn|13\n|\n|t:|1699928629\n|move|p1a: Drifblim|Minimize|p1a: Drifblim\n|-boost|p1a: Drifblim|evasion|2\n|move|p2a: GG \ud83d\ude04|Fire Fang|p1a: Drifblim|[miss]\n|-miss|p2a: GG \ud83d\ude04|p1a: Drifblim\n|\n|-damage|p1a: Drifblim|62\/100 brn|[from] brn\n|upkeep\n|turn|14\n|\n|t:|1699928644\n|move|p1a: Drifblim|Minimize|p1a: Drifblim\n|-boost|p1a: Drifblim|evasion|2\n|move|p2a: GG \ud83d\ude04|Fire Fang|p1a: Drifblim|[miss]\n|-miss|p2a: GG \ud83d\ude04|p1a: Drifblim\n|\n|-damage|p1a: Drifblim|56\/100 brn|[from] brn\n|upkeep\n|turn|15\n|\n|t:|1699928657\n|move|p1a: Drifblim|Calm Mind|p1a: Drifblim\n|-boost|p1a: Drifblim|spa|1\n|-boost|p1a: Drifblim|spd|1\n|move|p2a: GG \ud83d\ude04|Fire Fang|p1a: Drifblim\n|-end|p1a: Drifblim|Substitute\n|\n|-damage|p1a: Drifblim|50\/100 brn|[from] brn\n|upkeep\n|turn|16\n|\n|t:|1699928668\n|move|p1a: Drifblim|Substitute|p1a: Drifblim\n|-start|p1a: Drifblim|Substitute\n|-damage|p1a: Drifblim|25\/100 brn\n|move|p2a: GG \ud83d\ude04|Fire Fang|p1a: Drifblim|[miss]\n|-miss|p2a: GG \ud83d\ude04|p1a: Drifblim\n|\n|-damage|p1a: Drifblim|19\/100 brn|[from] brn\n|upkeep\n|turn|17\n|\n|t:|1699928683\n|move|p1a: Drifblim|Baton Pass|p1a: Drifblim\n|\n|t:|1699928687\n|switch|p1a: Espathra|Espathra, M|100\/100|[from] Baton Pass\n|move|p2a: GG \ud83d\ude04|Fire Fang|p1a: Espathra\n|-crit|p1a: Espathra\n|-end|p1a: Espathra|Substitute\n|\n|upkeep\n|turn|18\n|\n|t:|1699928696\n|move|p1a: Espathra|Substitute|p1a: Espathra\n|-start|p1a: Espathra|Substitute\n|-damage|p1a: Espathra|76\/100\n|move|p2a: GG \ud83d\ude04|Fire Fang|p1a: Espathra\n|-end|p1a: Espathra|Substitute\n|\n|-ability|p1a: Espathra|Speed Boost|boost\n|-boost|p1a: Espathra|spe|1\n|upkeep\n|turn|19\n|\n|t:|1699928705\n|move|p1a: Espathra|Substitute|p1a: Espathra\n|-start|p1a: Espathra|Substitute\n|-damage|p1a: Espathra|51\/100\n|move|p2a: GG \ud83d\ude04|Fire Fang|p1a: Espathra|[miss]\n|-miss|p2a: GG \ud83d\ude04|p1a: Espathra\n|\n|-ability|p1a: Espathra|Speed Boost|boost\n|-boost|p1a: Espathra|spe|1\n|upkeep\n|turn|20\n|\n|t:|1699928714\n|move|p1a: Espathra|Hypnosis|p2a: GG \ud83d\ude04\n|-status|p2a: GG \ud83d\ude04|slp|[from] move: Hypnosis\n|cant|p2a: GG \ud83d\ude04|slp\n|\n|-ability|p1a: Espathra|Speed Boost|boost\n|-boost|p1a: Espathra|spe|1\n|upkeep\n|turn|21\n|\n|t:|1699928729\n|move|p1a: Espathra|Calm Mind|p1a: Espathra\n|-boost|p1a: Espathra|spa|1\n|-boost|p1a: Espathra|spd|1\n|cant|p2a: GG \ud83d\ude04|slp\n|\n|-ability|p1a: Espathra|Speed Boost|boost\n|-boost|p1a: Espathra|spe|1\n|upkeep\n|turn|22\n|\n|t:|1699928738\n|move|p1a: Espathra|Calm Mind|p1a: Espathra\n|-boost|p1a: Espathra|spa|1\n|-boost|p1a: Espathra|spd|0\n|-curestatus|p2a: GG \ud83d\ude04|slp|[msg]\n|move|p2a: GG \ud83d\ude04|Fire Fang|p1a: Espathra|[miss]\n|-miss|p2a: GG \ud83d\ude04|p1a: Espathra\n|\n|-ability|p1a: Espathra|Speed Boost|boost\n|-boost|p1a: Espathra|spe|1\n|upkeep\n|turn|23\n|\n|t:|1699928750\n|move|p1a: Espathra|Hypnosis|p2a: GG \ud83d\ude04\n|-status|p2a: GG \ud83d\ude04|slp|[from] move: Hypnosis\n|cant|p2a: GG \ud83d\ude04|slp\n|\n|upkeep\n|turn|24\n|\n|t:|1699928759\n|switch|p2a: GG \ud83e\udd23|Greninja, M|100\/100\n|move|p1a: Espathra|Calm Mind|p1a: Espathra\n|-boost|p1a: Espathra|spa|1\n|-boost|p1a: Espathra|spd|0\n|\n|upkeep\n|turn|25\n|\n|t:|1699928767\n|move|p1a: Espathra|Calm Mind|p1a: Espathra\n|-boost|p1a: Espathra|spa|1\n|-boost|p1a: Espathra|spd|0\n|move|p2a: GG \ud83e\udd23|Chilling Water|p1a: Espathra|[miss]\n|-miss|p2a: GG \ud83e\udd23|p1a: Espathra\n|\n|upkeep\n|turn|26\n|\n|t:|1699928775\n|move|p1a: Espathra|Baton Pass|p1a: Espathra\n|\n|t:|1699928777\n|switch|p1a: Scream Tail|Scream Tail|100\/100|[from] Baton Pass\n|move|p2a: GG \ud83e\udd23|Chilling Water|p1a: Scream Tail\n|-activate|p1a: Scream Tail|move: Substitute|[damage]\n|\n|upkeep\n|turn|27\n|\n|t:|1699928787\n|move|p1a: Scream Tail|Bulk Up|p1a: Scream Tail\n|-boost|p1a: Scream Tail|atk|1\n|-boost|p1a: Scream Tail|def|1\n|move|p2a: GG \ud83e\udd23|Chilling Water|p1a: Scream Tail|[miss]\n|-miss|p2a: GG \ud83e\udd23|p1a: Scream Tail\n|\n|upkeep\n|turn|28\n|\n|t:|1699928794\n|move|p1a: Scream Tail|Bulk Up|p1a: Scream Tail\n|-boost|p1a: Scream Tail|atk|1\n|-boost|p1a: Scream Tail|def|1\n|move|p2a: GG \ud83e\udd23|Chilling Water|p1a: Scream Tail|[miss]\n|-miss|p2a: GG \ud83e\udd23|p1a: Scream Tail\n|\n|upkeep\n|turn|29\n|\n|t:|1699928803\n|switch|p2a: GG \ud83d\ude09|Garchomp, M|100\/100\n|move|p1a: Scream Tail|Bulk Up|p1a: Scream Tail\n|-boost|p1a: Scream Tail|atk|1\n|-boost|p1a: Scream Tail|def|1\n|\n|upkeep\n|turn|30\n|\n|t:|1699928824\n|move|p1a: Scream Tail|Bulk Up|p1a: Scream Tail\n|-boost|p1a: Scream Tail|atk|1\n|-boost|p1a: Scream Tail|def|0\n|move|p2a: GG \ud83d\ude09|Double-Edge|p1a: Scream Tail|[miss]\n|-miss|p2a: GG \ud83d\ude09|p1a: Scream Tail\n|\n|upkeep\n|turn|31\n|\n|t:|1699928835\n|move|p1a: Scream Tail|Calm Mind|p1a: Scream Tail\n|-boost|p1a: Scream Tail|spa|0\n|-boost|p1a: Scream Tail|spd|0\n|move|p2a: GG \ud83d\ude09|Double-Edge|p1a: Scream Tail|[miss]\n|-miss|p2a: GG \ud83d\ude09|p1a: Scream Tail\n|\n|upkeep\n|turn|32\n|\n|t:|1699928844\n|switch|p2a: GG \ud83e\udd23|Greninja, M|100\/100\n|move|p1a: Scream Tail|Bulk Up|p1a: Scream Tail\n|-boost|p1a: Scream Tail|atk|1\n|-boost|p1a: Scream Tail|def|0\n|\n|upkeep\n|turn|33\n|\n|t:|1699928854\n|move|p1a: Scream Tail|Bulk Up|p1a: Scream Tail\n|-boost|p1a: Scream Tail|atk|1\n|-boost|p1a: Scream Tail|def|0\n|move|p2a: GG \ud83e\udd23|Dark Pulse|p1a: Scream Tail|[miss]\n|-miss|p2a: GG \ud83e\udd23|p1a: Scream Tail\n|\n|upkeep\n|turn|34\n|-message|haliffepo forfeited.\n|\n|win|Zvdfhjrrj\n|raw|Zvdfhjrrj's rating: 1000 &rarr; <strong>1040<\/strong><br \/>(+40 for winning)\n|raw|haliffepo's rating: 1000 &rarr; <strong>1000<\/strong><br \/>(+0 for losing)\n|l|\u2606haliffepo\n","uploadtime":1699928889,"views":5,"p1id":"zvdfhjrrj","p2id":"haliffepo","formatid":"gen9anythinggoes","rating":1000,"private":0,"password":""}