{"id":"gen9anythinggoes-1976133220","p1":"maleek05","p2":"Void4s","format":"[Gen 9] Anything Goes","log":"|j|\u2606maleek05\n|j|\u2606Void4s\n|t:|1698266550\n|gametype|singles\n|player|p1|maleek05|brycenman|1131\n|player|p2|Void4s|170|1107\n|teamsize|p1|6\n|teamsize|p2|6\n|gen|9\n|tier|[Gen 9] Anything Goes\n|rated|\n|rule|HP Percentage Mod: HP is shown in percentages\n|rule|Endless Battle Clause: Forcing endless battles is banned\n|clearpoke\n|poke|p1|Maushold-Four|\n|poke|p1|Maushold-Four|\n|poke|p1|Maushold-Four|\n|poke|p1|Maushold-Four|\n|poke|p1|Maushold-Four|\n|poke|p1|Maushold-Four|\n|poke|p2|Rayquaza|\n|poke|p2|Garchomp, F|\n|poke|p2|Kyogre|\n|poke|p2|Corviknight, F|\n|poke|p2|Iron Leaves|\n|poke|p2|Arceus|\n|teampreview\n|\n|t:|1698266567\n|start\n|switch|p1a: Maushold|Maushold-Four, shiny|100\/100\n|switch|p2a: Kingnite|Corviknight, F, shiny|100\/100\n|-ability|p2a: Kingnite|Pressure\n|turn|1\n|\n|t:|1698266573\n|move|p1a: Maushold|Population Bomb|p2a: Kingnite\n|-resisted|p2a: Kingnite\n|-damage|p2a: Kingnite|97\/100\n|-resisted|p2a: Kingnite\n|-damage|p2a: Kingnite|94\/100\n|-resisted|p2a: Kingnite\n|-damage|p2a: Kingnite|90\/100\n|-resisted|p2a: Kingnite\n|-damage|p2a: Kingnite|87\/100\n|-resisted|p2a: Kingnite\n|-damage|p2a: Kingnite|83\/100\n|-resisted|p2a: Kingnite\n|-damage|p2a: Kingnite|80\/100\n|-resisted|p2a: Kingnite\n|-damage|p2a: Kingnite|77\/100\n|-resisted|p2a: Kingnite\n|-damage|p2a: Kingnite|74\/100\n|-resisted|p2a: Kingnite\n|-damage|p2a: Kingnite|70\/100\n|-resisted|p2a: Kingnite\n|-damage|p2a: Kingnite|67\/100\n|-hitcount|p2a: Kingnite|10\n|move|p2a: Kingnite|Body Press|p1a: Maushold\n|-supereffective|p1a: Maushold\n|-damage|p1a: Maushold|18\/100\n|\n|-heal|p2a: Kingnite|73\/100|[from] item: Leftovers\n|upkeep\n|turn|2\n|\n|t:|1698266598\n|-terastallize|p1a: Maushold|Ghost\n|move|p1a: Maushold|Population Bomb|p2a: Kingnite\n|-resisted|p2a: Kingnite\n|-damage|p2a: Kingnite|70\/100\n|-resisted|p2a: Kingnite\n|-damage|p2a: Kingnite|66\/100\n|-resisted|p2a: Kingnite\n|-damage|p2a: Kingnite|63\/100\n|-resisted|p2a: Kingnite\n|-damage|p2a: Kingnite|60\/100\n|-resisted|p2a: Kingnite\n|-damage|p2a: Kingnite|57\/100\n|-resisted|p2a: Kingnite\n|-damage|p2a: Kingnite|53\/100\n|-resisted|p2a: Kingnite\n|-damage|p2a: Kingnite|50\/100\n|-resisted|p2a: Kingnite\n|-damage|p2a: Kingnite|46\/100\n|-resisted|p2a: Kingnite\n|-damage|p2a: Kingnite|43\/100\n|-resisted|p2a: Kingnite\n|-damage|p2a: Kingnite|39\/100\n|-hitcount|p2a: Kingnite|10\n|move|p2a: Kingnite|Brave Bird|p1a: Maushold\n|-damage|p1a: Maushold|0 fnt\n|faint|p1a: Maushold\n|-damage|p2a: Kingnite|35\/100|[from] Recoil\n|\n|-heal|p2a: Kingnite|41\/100|[from] item: Leftovers\n|upkeep\n|c|\u2606maleek05|no way jose!\n|\n|t:|1698266614\n|switch|p1a: Snipehold-Four|Maushold-Four, shiny|100\/100\n|turn|3\n|\n|t:|1698266633\n|move|p1a: Snipehold-Four|Shadow Claw|p2a: Kingnite\n|-damage|p2a: Kingnite|31\/100\n|move|p2a: Kingnite|Body Press|p1a: Snipehold-Four\n|-supereffective|p1a: Snipehold-Four\n|-damage|p1a: Snipehold-Four|20\/100\n|\n|-heal|p2a: Kingnite|38\/100|[from] item: Leftovers\n|upkeep\n|turn|4\n|\n|t:|1698266648\n|move|p1a: Snipehold-Four|Population Bomb|p2a: Kingnite\n|-resisted|p2a: Kingnite\n|-damage|p2a: Kingnite|34\/100\n|-resisted|p2a: Kingnite\n|-damage|p2a: Kingnite|30\/100\n|-resisted|p2a: Kingnite\n|-damage|p2a: Kingnite|27\/100\n|-resisted|p2a: Kingnite\n|-damage|p2a: Kingnite|23\/100\n|-resisted|p2a: Kingnite\n|-damage|p2a: Kingnite|20\/100\n|-resisted|p2a: Kingnite\n|-damage|p2a: Kingnite|17\/100\n|-resisted|p2a: Kingnite\n|-damage|p2a: Kingnite|13\/100\n|-resisted|p2a: Kingnite\n|-damage|p2a: Kingnite|10\/100\n|-resisted|p2a: Kingnite\n|-crit|p2a: Kingnite\n|-damage|p2a: Kingnite|5\/100\n|-resisted|p2a: Kingnite\n|-damage|p2a: Kingnite|2\/100\n|-hitcount|p2a: Kingnite|10\n|move|p2a: Kingnite|Brave Bird|p1a: Snipehold-Four\n|-damage|p1a: Snipehold-Four|0 fnt\n|faint|p1a: Snipehold-Four\n|-damage|p2a: Kingnite|0 fnt|[from] Recoil\n|faint|p2a: Kingnite\n|\n|upkeep\n|inactive|Battle timer is ON: inactive players will automatically lose when time's up. (requested by maleek05)\n|c|\u2606maleek05|beep boop\n|c|\u2606maleek05|brother its time to move\n|inactive|Void4s has 120 seconds left.\n|c|\u2606maleek05|its pokemon we are playing here not chess\n|inactive|Void4s has 90 seconds left.\n|\n|t:|1698266761\n|switch|p1a: Fasthold-Four|Maushold-Four, shiny|100\/100\n|switch|p2a: Rayquaza|Rayquaza|100\/100\n|-ability|p2a: Rayquaza|Air Lock\n|turn|5\n|\n|t:|1698266768\n|move|p1a: Fasthold-Four|Population Bomb|p2a: Rayquaza|[miss]\n|-miss|p1a: Fasthold-Four|p2a: Rayquaza\n|move|p2a: Rayquaza|Dragon Dance|p2a: Rayquaza\n|-boost|p2a: Rayquaza|atk|1\n|-boost|p2a: Rayquaza|spe|1\n|\n|upkeep\n|turn|6\n|\n|t:|1698266774\n|move|p1a: Fasthold-Four|Population Bomb|p2a: Rayquaza|[miss]\n|-miss|p1a: Fasthold-Four|p2a: Rayquaza\n|move|p2a: Rayquaza|Dragon Dance|p2a: Rayquaza\n|-boost|p2a: Rayquaza|atk|1\n|-boost|p2a: Rayquaza|spe|1\n|\n|upkeep\n|turn|7\n|c|\u2606maleek05|shot out\n|\n|t:|1698266780\n|move|p2a: Rayquaza|Outrage|p1a: Fasthold-Four\n|-damage|p1a: Fasthold-Four|0 fnt\n|faint|p1a: Fasthold-Four\n|-damage|p2a: Rayquaza|91\/100|[from] item: Life Orb\n|\n|upkeep\n|c|\u2606maleek05|thx rng\n|-message|maleek05 forfeited.\n|\n|win|Void4s\n|raw|maleek05's rating: 1131 &rarr; <strong>1104<\/strong><br \/>(-27 for losing)\n|raw|Void4s's rating: 1107 &rarr; <strong>1134<\/strong><br \/>(+27 for winning)\n|l|\u2606maleek05\n|c|\u2606Void4s|:skull:\n","uploadtime":1698266942,"views":17,"p1id":"maleek05","p2id":"void4s","formatid":"gen9anythinggoes","rating":1104,"private":0,"password":""}