{"id":"gen9anythinggoes-1990642362","p1":"The_Spu","p2":"poopgun45","format":"[Gen 9] Anything Goes","log":"|j|\u2606The_Spu\n|j|\u2606poopgun45\n|t:|1699988100\n|gametype|singles\n|player|p1|The_Spu|pokekid|1083\n|player|p2|poopgun45|1|1028\n|teamsize|p1|6\n|teamsize|p2|6\n|gen|9\n|tier|[Gen 9] Anything Goes\n|rated|\n|rule|HP Percentage Mod: HP is shown in percentages\n|rule|Endless Battle Clause: Forcing endless battles is banned\n|clearpoke\n|poke|p1|Forretress, L1, F|\n|poke|p1|Klefki, M|\n|poke|p1|Chandelure, M|\n|poke|p1|Polteageist-Antique|\n|poke|p1|Ditto|\n|poke|p1|Lechonk, M|\n|poke|p2|Sandaconda, M|\n|poke|p2|Slugma, M|\n|poke|p2|Drifblim, F|\n|poke|p2|Drifblim, M|\n|poke|p2|Maushold-Four|\n|poke|p2|Drifblim, M|\n|teampreview\n|\n|t:|1699988105\n|start\n|switch|p1a: Sheldon|Forretress, L1, F|100\/100\n|switch|p2a: im gonna look at u|Sandaconda, M|100\/100\n|turn|1\n|\n|t:|1699988111\n|move|p2a: im gonna look at u|Glare|p1a: Sheldon\n|-status|p1a: Sheldon|par\n|move|p1a: Sheldon|Toxic Spikes|p2a: im gonna look at u\n|-sidestart|p2: poopgun45|move: Toxic Spikes\n|\n|upkeep\n|turn|2\n|\n|t:|1699988117\n|switch|p2a: Dang Nabbit|Drifblim, F, shiny|100\/100\n|move|p1a: Sheldon|Toxic Spikes|p2a: Dang Nabbit\n|-sidestart|p2: poopgun45|move: Toxic Spikes\n|\n|upkeep\n|turn|3\n|\n|t:|1699988127\n|move|p2a: Dang Nabbit|Minimize|p2a: Dang Nabbit\n|-boost|p2a: Dang Nabbit|evasion|2\n|move|p1a: Sheldon|Stealth Rock|p2a: Dang Nabbit\n|-sidestart|p2: poopgun45|move: Stealth Rock\n|\n|upkeep\n|turn|4\n|\n|t:|1699988132\n|move|p2a: Dang Nabbit|Minimize|p2a: Dang Nabbit\n|-boost|p2a: Dang Nabbit|evasion|2\n|move|p1a: Sheldon|Spikes|p2a: Dang Nabbit\n|-sidestart|p2: poopgun45|Spikes\n|\n|upkeep\n|turn|5\n|\n|t:|1699988136\n|move|p2a: Dang Nabbit|Minimize|p2a: Dang Nabbit\n|-boost|p2a: Dang Nabbit|evasion|2\n|cant|p1a: Sheldon|par\n|\n|upkeep\n|turn|6\n|\n|t:|1699988141\n|move|p2a: Dang Nabbit|Calm Mind|p2a: Dang Nabbit\n|-boost|p2a: Dang Nabbit|spa|1\n|-boost|p2a: Dang Nabbit|spd|1\n|move|p1a: Sheldon|Spikes|p2a: Dang Nabbit\n|-sidestart|p2: poopgun45|Spikes\n|\n|upkeep\n|turn|7\n|\n|t:|1699988145\n|move|p2a: Dang Nabbit|Calm Mind|p2a: Dang Nabbit\n|-boost|p2a: Dang Nabbit|spa|1\n|-boost|p2a: Dang Nabbit|spd|1\n|move|p1a: Sheldon|Spikes|p2a: Dang Nabbit\n|-sidestart|p2: poopgun45|Spikes\n|\n|upkeep\n|turn|8\n|\n|t:|1699988150\n|move|p2a: Dang Nabbit|Calm Mind|p2a: Dang Nabbit\n|-boost|p2a: Dang Nabbit|spa|1\n|-boost|p2a: Dang Nabbit|spd|1\n|move|p1a: Sheldon|Sleep Talk||[still]\n|-fail|p1a: Sheldon\n|\n|upkeep\n|turn|9\n|\n|t:|1699988155\n|move|p2a: Dang Nabbit|Calm Mind|p2a: Dang Nabbit\n|-boost|p2a: Dang Nabbit|spa|1\n|-boost|p2a: Dang Nabbit|spd|1\n|cant|p1a: Sheldon|par\n|\n|upkeep\n|turn|10\n|\n|t:|1699988159\n|move|p2a: Dang Nabbit|Calm Mind|p2a: Dang Nabbit\n|-boost|p2a: Dang Nabbit|spa|1\n|-boost|p2a: Dang Nabbit|spd|1\n|cant|p1a: Sheldon|par\n|\n|upkeep\n|turn|11\n|\n|t:|1699988164\n|move|p2a: Dang Nabbit|Calm Mind|p2a: Dang Nabbit\n|-boost|p2a: Dang Nabbit|spa|1\n|-boost|p2a: Dang Nabbit|spd|1\n|cant|p1a: Sheldon|par\n|\n|upkeep\n|turn|12\n|\n|t:|1699988170\n|move|p2a: Dang Nabbit|Baton Pass|p2a: Dang Nabbit\n|\n|t:|1699988172\n|switch|p2a: speed|Maushold-Four, shiny|100\/100|[from] Baton Pass\n|-status|p2a: speed|tox\n|-damage|p2a: speed|88\/100 tox|[from] Stealth Rock\n|-damage|p2a: speed|63\/100 tox|[from] Spikes\n|move|p1a: Sheldon|Sleep Talk||[still]\n|-fail|p1a: Sheldon\n|\n|-damage|p2a: speed|57\/100 tox|[from] psn\n|upkeep\n|turn|13\n|\n|t:|1699988182\n|switch|p1a: Sussy Baka|Ditto, shiny|100\/100\n|-transform|p1a: Sussy Baka|p2a: speed|[from] ability: Imposter\n|move|p2a: speed|Tidy Up|p2a: speed\n|-sideend|p2: poopgun45|Spikes\n|-sideend|p2: poopgun45|Toxic Spikes\n|-sideend|p2: poopgun45|Stealth Rock\n|-activate|p2a: speed|move: Tidy Up\n|-boost|p2a: speed|atk|1\n|-boost|p2a: speed|spe|1\n|\n|-damage|p2a: speed|44\/100 tox|[from] psn\n|upkeep\n|turn|14\n|n|!poopgun45|poopgun45\n|-message|poopgun45 forfeited.\n|\n|win|The_Spu\n|raw|The_Spu's rating: 1083 &rarr; <strong>1106<\/strong><br \/>(+23 for winning)\n|raw|poopgun45's rating: 1028 &rarr; <strong>1016<\/strong><br \/>(-12 for losing)\n","uploadtime":1699988191,"views":3,"p1id":"thespu","p2id":"poopgun45","formatid":"gen9anythinggoes","rating":1016,"private":0,"password":""}