{"id":"gen9anythinggoes-1995475798","p1":"Senkusu","p2":"imabitgoodyouknow","format":"[Gen 9] Anything Goes","log":"|j|\u2606Senkusu\n|j|\u2606imabitgoodyouknow\n|t:|1700574996\n|gametype|singles\n|player|p1|Senkusu|102|1223\n|player|p2|imabitgoodyouknow|lusamine-nihilego|1207\n|teamsize|p1|6\n|teamsize|p2|6\n|gen|9\n|tier|[Gen 9] Anything Goes\n|rated|\n|rule|HP Percentage Mod: HP is shown in percentages\n|rule|Endless Battle Clause: Forcing endless battles is banned\n|clearpoke\n|poke|p1|Falinks|\n|poke|p1|Ceruledge, M|\n|poke|p1|Iron Moth|\n|poke|p1|Palafin, M|\n|poke|p1|Espathra, M|\n|poke|p1|Garchomp, M|\n|poke|p2|Umbreon, M|\n|poke|p2|Amoonguss, M|\n|poke|p2|Darkrai|\n|poke|p2|Koraidon|\n|poke|p2|Walking Wake|\n|poke|p2|Ursaluna-Bloodmoon, M|\n|teampreview\n|\n|t:|1700575015\n|start\n|switch|p1a: lil dolphin boi|Palafin, M, shiny|100\/100\n|switch|p2a: Amoonguss|Amoonguss, M, shiny|100\/100\n|turn|1\n|\n|t:|1700575027\n|move|p1a: lil dolphin boi|Bulk Up|p1a: lil dolphin boi\n|-boost|p1a: lil dolphin boi|atk|1\n|-boost|p1a: lil dolphin boi|def|1\n|move|p2a: Amoonguss|Spore|p1a: lil dolphin boi\n|-status|p1a: lil dolphin boi|slp|[from] move: Spore\n|\n|upkeep\n|turn|2\n|\n|t:|1700575037\n|cant|p1a: lil dolphin boi|slp\n|move|p2a: Amoonguss|Hex|p1a: lil dolphin boi\n|-damage|p1a: lil dolphin boi|59\/100 slp\n|\n|upkeep\n|turn|3\n|\n|t:|1700575043\n|cant|p1a: lil dolphin boi|slp\n|move|p2a: Amoonguss|Clear Smog|p1a: lil dolphin boi\n|-damage|p1a: lil dolphin boi|36\/100 slp\n|-clearboost|p1a: lil dolphin boi\n|\n|upkeep\n|turn|4\n|\n|t:|1700575050\n|cant|p1a: lil dolphin boi|slp\n|move|p2a: Amoonguss|Hex|p1a: lil dolphin boi\n|-damage|p1a: lil dolphin boi|0 fnt\n|faint|p1a: lil dolphin boi\n|\n|upkeep\n|\n|t:|1700575057\n|switch|p1a: Iron Moth|Iron Moth|100\/100\n|-enditem|p1a: Iron Moth|Booster Energy\n|-activate|p1a: Iron Moth|ability: Quark Drive|[fromitem]\n|-start|p1a: Iron Moth|quarkdrivespa\n|turn|5\n|\n|t:|1700575064\n|switch|p2a: Umbreon|Umbreon, M, shiny|100\/100\n|move|p1a: Iron Moth|Fiery Dance|p2a: Umbreon\n|-damage|p2a: Umbreon|58\/100\n|\n|-heal|p2a: Umbreon|64\/100|[from] item: Leftovers\n|upkeep\n|turn|6\n|\n|t:|1700575075\n|move|p1a: Iron Moth|Discharge|p2a: Umbreon\n|-damage|p2a: Umbreon|36\/100\n|-status|p2a: Umbreon|par\n|-activate|p2a: Umbreon|ability: Synchronize\n|-status|p1a: Iron Moth|par\n|move|p2a: Umbreon|Calm Mind|p2a: Umbreon\n|-boost|p2a: Umbreon|spa|1\n|-boost|p2a: Umbreon|spd|1\n|\n|-heal|p2a: Umbreon|42\/100 par|[from] item: Leftovers\n|upkeep\n|turn|7\n|\n|t:|1700575088\n|move|p1a: Iron Moth|Fiery Dance|p2a: Umbreon\n|-damage|p2a: Umbreon|18\/100 par\n|move|p2a: Umbreon|Moonlight|p2a: Umbreon\n|-heal|p2a: Umbreon|68\/100 par\n|\n|-heal|p2a: Umbreon|74\/100 par|[from] item: Leftovers\n|upkeep\n|turn|8\n|\n|t:|1700575097\n|cant|p1a: Iron Moth|par\n|move|p2a: Umbreon|Calm Mind|p2a: Umbreon\n|-boost|p2a: Umbreon|spa|1\n|-boost|p2a: Umbreon|spd|1\n|\n|-heal|p2a: Umbreon|80\/100 par|[from] item: Leftovers\n|upkeep\n|turn|9\n|\n|t:|1700575105\n|-end|p1a: Iron Moth|Quark Drive|[silent]\n|switch|p1a: The dudes|Falinks|100\/100\n|move|p2a: Umbreon|Calm Mind|p2a: Umbreon\n|-boost|p2a: Umbreon|spa|1\n|-boost|p2a: Umbreon|spd|1\n|\n|-heal|p2a: Umbreon|86\/100 par|[from] item: Leftovers\n|upkeep\n|turn|10\n|\n|t:|1700575113\n|-terastallize|p2a: Umbreon|Flying\n|move|p1a: The dudes|Close Combat|p2a: Umbreon\n|-resisted|p2a: Umbreon\n|-damage|p2a: Umbreon|67\/100 par\n|-unboost|p1a: The dudes|def|1\n|-unboost|p1a: The dudes|spd|1\n|move|p2a: Umbreon|Calm Mind|p2a: Umbreon\n|-boost|p2a: Umbreon|spa|1\n|-boost|p2a: Umbreon|spd|1\n|\n|-heal|p2a: Umbreon|73\/100 par|[from] item: Leftovers\n|upkeep\n|turn|11\n|\n|t:|1700575134\n|switch|p1a: Iron Moth|Iron Moth|100\/100 par\n|move|p2a: Umbreon|Hyper Voice|p1a: Iron Moth\n|-damage|p1a: Iron Moth|41\/100 par\n|\n|-heal|p2a: Umbreon|79\/100 par|[from] item: Leftovers\n|upkeep\n|turn|12\n|\n|t:|1700575143\n|move|p1a: Iron Moth|Discharge|p2a: Umbreon\n|-supereffective|p2a: Umbreon\n|-damage|p2a: Umbreon|65\/100 par\n|move|p2a: Umbreon|Hyper Voice|p1a: Iron Moth\n|-crit|p1a: Iron Moth\n|-damage|p1a: Iron Moth|0 fnt\n|faint|p1a: Iron Moth\n|-end|p1a: Iron Moth|Quark Drive|[silent]\n|\n|-heal|p2a: Umbreon|71\/100 par|[from] item: Leftovers\n|upkeep\n|\n|t:|1700575161\n|switch|p1a: blade man|Ceruledge, M, shiny|100\/100\n|turn|13\n|\n|t:|1700575176\n|move|p1a: blade man|Iron Head|p2a: Umbreon\n|-damage|p2a: Umbreon|48\/100 par\n|cant|p2a: Umbreon|par\n|\n|-heal|p2a: Umbreon|55\/100 par|[from] item: Leftovers\n|upkeep\n|turn|14\n|\n|t:|1700575183\n|move|p1a: blade man|Iron Head|p2a: Umbreon\n|-damage|p2a: Umbreon|35\/100 par\n|move|p2a: Umbreon|Moonlight|p2a: Umbreon\n|-heal|p2a: Umbreon|85\/100 par\n|\n|-heal|p2a: Umbreon|91\/100 par|[from] item: Leftovers\n|upkeep\n|turn|15\n|\n|t:|1700575193\n|move|p1a: blade man|Iron Head|p2a: Umbreon\n|-damage|p2a: Umbreon|70\/100 par\n|move|p2a: Umbreon|Baton Pass|p2a: Umbreon\n|\n|t:|1700575197\n|switch|p2a: Darkrai|Darkrai|100\/100|[from] Baton Pass\n|\n|upkeep\n|turn|16\n|\n|t:|1700575219\n|-terastallize|p1a: blade man|Fighting\n|move|p2a: Darkrai|Hypnosis|p1a: blade man\n|-status|p1a: blade man|slp|[from] move: Hypnosis\n|cant|p1a: blade man|slp\n|\n|-damage|p1a: blade man|88\/100 slp|[from] ability: Bad Dreams|[of] p2a: Darkrai\n|upkeep\n|turn|17\n|\n|t:|1700575228\n|move|p2a: Darkrai|Hex|p1a: blade man\n|-damage|p1a: blade man|0 fnt\n|faint|p1a: blade man\n|-damage|p2a: Darkrai|91\/100|[from] item: Life Orb\n|\n|upkeep\n|\n|t:|1700575235\n|switch|p1a: The dudes|Falinks|100\/100\n|turn|18\n|\n|t:|1700575246\n|move|p2a: Darkrai|Hypnosis|p1a: The dudes\n|-status|p1a: The dudes|slp|[from] move: Hypnosis\n|cant|p1a: The dudes|slp\n|\n|-damage|p1a: The dudes|88\/100 slp|[from] ability: Bad Dreams|[of] p2a: Darkrai\n|upkeep\n|turn|19\n|\n|t:|1700575257\n|move|p2a: Darkrai|Hex|p1a: The dudes\n|-damage|p1a: The dudes|0 fnt\n|faint|p1a: The dudes\n|-damage|p2a: Darkrai|81\/100|[from] item: Life Orb\n|\n|upkeep\n|\n|t:|1700575263\n|switch|p1a: Garchomp|Garchomp, M|100\/100\n|turn|20\n|c|\u2606Senkusu|ur name is a frickin lie\n|c|\u2606Senkusu|legendaries and baton pass bruh\n|c|\u2606imabitgoodyouknow|but im betting you very bad rn\n|\n|t:|1700575286\n|move|p2a: Darkrai|Hypnosis|p1a: Garchomp|[miss]\n|-miss|p2a: Darkrai|p1a: Garchomp\n|move|p1a: Garchomp|Brick Break|p2a: Darkrai\n|-supereffective|p2a: Darkrai\n|-crit|p2a: Darkrai\n|-damage|p2a: Darkrai|0 fnt\n|faint|p2a: Darkrai\n|\n|upkeep\n|c|\u2606imabitgoodyouknow|still your losing dont be mad\n|c|\u2606Senkusu|u are using baton passed legend\n|c|\u2606imabitgoodyouknow|sure am\n|\n|t:|1700575306\n|switch|p2a: Koraidon|Koraidon|100\/100\n|-weather|SunnyDay|[from] ability: Orichalcum Pulse|[of] p2a: Koraidon\n|-activate|p2a: Koraidon|Orichalcum Pulse|[source]\n|turn|21\n|c|\u2606Senkusu|im fuckin pissed off ur using legendaries\n|\n|t:|1700575317\n|move|p2a: Koraidon|Collision Course|p1a: Garchomp\n|-damage|p1a: Garchomp|23\/100\n|move|p1a: Garchomp|Dragon Claw|p2a: Koraidon\n|-supereffective|p2a: Koraidon\n|-damage|p2a: Koraidon|23\/100\n|\n|-weather|SunnyDay|[upkeep]\n|-heal|p1a: Garchomp|30\/100|[from] item: Leftovers\n|upkeep\n|turn|22\n|c|\u2606imabitgoodyouknow|then why dont you\n|c|\u2606imabitgoodyouknow|there a bit good\n|c|\u2606Senkusu|because its dishonorable\n|c|\u2606Senkusu|its too easy to win\n|c|\u2606Senkusu|bad\n|c|\u2606imabitgoodyouknow|fine i wont then\n|c|\u2606imabitgoodyouknow|rematch me\n|\n|t:|1700575345\n|move|p2a: Koraidon|Collision Course|p1a: Garchomp\n|-damage|p1a: Garchomp|0 fnt\n|faint|p1a: Garchomp\n|\n|-weather|SunnyDay|[upkeep]\n|upkeep\n|c|\u2606Senkusu|na\n|\n|t:|1700575351\n|switch|p1a: bird fam|Espathra, M|100\/100\n|turn|23\n|c|\u2606imabitgoodyouknow|aight then\n|c|\u2606imabitgoodyouknow|just use them\n|\n|t:|1700575363\n|move|p2a: Koraidon|Flare Blitz|p1a: bird fam\n|-enditem|p1a: bird fam|Focus Sash\n|-damage|p1a: bird fam|1\/100\n|-damage|p2a: Koraidon|0 fnt|[from] Recoil\n|faint|p2a: Koraidon\n|move|p1a: bird fam|Reflect|p1a: bird fam\n|-sidestart|p1: Senkusu|Reflect\n|\n|-weather|SunnyDay|[upkeep]\n|-ability|p1a: bird fam|Speed Boost|boost\n|-boost|p1a: bird fam|spe|1\n|upkeep\n|c|\u2606Senkusu|never\n|c|\u2606imabitgoodyouknow|fien\n|c|\u2606Senkusu|its dishonorable and bad\n|c|\u2606imabitgoodyouknow|fine\n|\n|t:|1700575374\n|switch|p2a: Amoonguss|Amoonguss, M, shiny|100\/100\n|turn|24\n|\n|t:|1700575378\n|move|p1a: bird fam|Stored Power|p2a: Amoonguss\n|-supereffective|p2a: Amoonguss\n|-damage|p2a: Amoonguss|76\/100\n|move|p2a: Amoonguss|Spore|p1a: bird fam\n|-status|p1a: bird fam|slp|[from] move: Spore\n|\n|-weather|SunnyDay|[upkeep]\n|-heal|p2a: Amoonguss|82\/100|[from] item: Leftovers\n|-ability|p1a: bird fam|Speed Boost|boost\n|-boost|p1a: bird fam|spe|1\n|upkeep\n|turn|25\n|\n|t:|1700575388\n|cant|p1a: bird fam|slp\n|move|p2a: Amoonguss|Hex|p1a: bird fam\n|-supereffective|p1a: bird fam\n|-damage|p1a: bird fam|0 fnt\n|faint|p1a: bird fam\n|\n|win|imabitgoodyouknow\n|raw|Senkusu's rating: 1223 &rarr; <strong>1197<\/strong><br \/>(-26 for losing)\n|raw|imabitgoodyouknow's rating: 1207 &rarr; <strong>1233<\/strong><br \/>(+26 for winning)\n","uploadtime":1700575311,"views":0,"p1id":"senkusu","p2id":"imabitgoodyouknow","formatid":"gen9anythinggoes","rating":1197,"private":0,"password":""}