{"id":"gen9anythinggoes-1983501318","p1":"Omniverch47","p2":"bozo720","format":"[Gen 9] Anything Goes","log":"|j|\u2606Omniverch47\n|j|\u2606bozo720\n|t:|1699136947\n|gametype|singles\n|player|p1|Omniverch47|juggler-gen2|\n|player|p2|bozo720|dawn|\n|teamsize|p1|6\n|teamsize|p2|6\n|gen|9\n|tier|[Gen 9] Anything Goes\n|rule|HP Percentage Mod: HP is shown in percentages\n|rule|Endless Battle Clause: Forcing endless battles is banned\n|clearpoke\n|poke|p1|Lycanroc, F|\n|poke|p1|Kommo-o, M|\n|poke|p1|Slowking-Galar, F|\n|poke|p1|Veluza, M|\n|poke|p1|Meowscarada, M|\n|poke|p1|Jirachi|\n|poke|p2|Dragalge, F|\n|poke|p2|Great Tusk|\n|poke|p2|Snorlax, M|\n|poke|p2|Torkoal, F|\n|poke|p2|Garganacl, M|\n|poke|p2|Gengar, F|\n|teampreview\n|c|\u2606Omniverch47|gl hf\n|c|\u2606bozo720|hi\n|\n|t:|1699136983\n|start\n|switch|p1a: Lycanroc|Lycanroc, F|100\/100\n|switch|p2a: Torkoal|Torkoal, F|100\/100\n|-weather|SunnyDay|[from] ability: Drought|[of] p2a: Torkoal\n|turn|1\n|\n|t:|1699137030\n|move|p1a: Lycanroc|Taunt|p2a: Torkoal\n|-start|p2a: Torkoal|move: Taunt\n|cant|p2a: Torkoal|move: Taunt|Stealth Rock\n|\n|-weather|SunnyDay|[upkeep]\n|upkeep\n|turn|2\n|\n|t:|1699137054\n|move|p1a: Lycanroc|Stealth Rock|p2a: Torkoal\n|-sidestart|p2: bozo720|move: Stealth Rock\n|move|p2a: Torkoal|Solar Beam||[still]\n|-prepare|p2a: Torkoal|Solar Beam\n|-anim|p2a: Torkoal|Solar Beam|p1a: Lycanroc\n|-supereffective|p1a: Lycanroc\n|-enditem|p1a: Lycanroc|Focus Sash\n|-damage|p1a: Lycanroc|1\/100\n|\n|-weather|SunnyDay|[upkeep]\n|upkeep\n|turn|3\n|\n|t:|1699137062\n|move|p1a: Lycanroc|Endeavor|p2a: Torkoal\n|-damage|p2a: Torkoal|1\/100\n|move|p2a: Torkoal|Rapid Spin|p1a: Lycanroc\n|-resisted|p1a: Lycanroc\n|-damage|p1a: Lycanroc|0 fnt\n|-boost|p2a: Torkoal|spe|1\n|-sideend|p2: bozo720|Stealth Rock|[from] move: Rapid Spin|[of] p2a: Torkoal\n|faint|p1a: Lycanroc\n|\n|-weather|SunnyDay|[upkeep]\n|-end|p2a: Torkoal|move: Taunt\n|upkeep\n|\n|t:|1699137085\n|switch|p1a: Meowscarada|Meowscarada, M|100\/100\n|turn|4\n|\n|t:|1699137110\n|move|p1a: Meowscarada|Knock Off|p2a: Torkoal\n|-start|p1a: Meowscarada|typechange|Dark|[from] ability: Protean\n|-damage|p2a: Torkoal|0 fnt\n|-enditem|p2a: Torkoal|Heat Rock|[from] move: Knock Off|[of] p1a: Meowscarada\n|faint|p2a: Torkoal\n|\n|-weather|SunnyDay|[upkeep]\n|upkeep\n|\n|t:|1699137158\n|switch|p2a: Great Tusk|Great Tusk|100\/100\n|-activate|p2a: Great Tusk|ability: Protosynthesis\n|-start|p2a: Great Tusk|protosynthesisatk\n|turn|5\n|\n|t:|1699137219\n|switch|p1a: Jirachi|Jirachi|100\/100\n|move|p2a: Great Tusk|Close Combat|p1a: Jirachi\n|-damage|p1a: Jirachi|0 fnt\n|-unboost|p2a: Great Tusk|def|1\n|-unboost|p2a: Great Tusk|spd|1\n|faint|p1a: Jirachi\n|\n|-weather|SunnyDay|[upkeep]\n|upkeep\n|\n|t:|1699137260\n|switch|p1a: Meowscarada|Meowscarada, M|100\/100\n|turn|6\n|\n|t:|1699137264\n|move|p1a: Meowscarada|Flower Trick|p2a: Great Tusk\n|-start|p1a: Meowscarada|typechange|Grass|[from] ability: Protean\n|-supereffective|p2a: Great Tusk\n|-crit|p2a: Great Tusk\n|-damage|p2a: Great Tusk|0 fnt\n|faint|p2a: Great Tusk\n|-end|p2a: Great Tusk|Protosynthesis|[silent]\n|\n|-weather|SunnyDay|[upkeep]\n|upkeep\n|\n|t:|1699137379\n|switch|p2a: Dragalge|Dragalge, F|100\/100\n|turn|7\n|\n|t:|1699137419\n|switch|p1a: Slowking|Slowking-Galar, F|100\/100\n|move|p2a: Dragalge|Draco Meteor|p1a: Slowking\n|-damage|p1a: Slowking|24\/100\n|-unboost|p2a: Dragalge|spa|2\n|-damage|p2a: Dragalge|91\/100|[from] item: Life Orb\n|\n|-weather|SunnyDay|[upkeep]\n|upkeep\n|turn|8\n|\n|t:|1699137459\n|move|p2a: Dragalge|Draco Meteor|p1a: Slowking\n|-damage|p1a: Slowking|0 fnt\n|-unboost|p2a: Dragalge|spa|2\n|faint|p1a: Slowking\n|-damage|p2a: Dragalge|81\/100|[from] item: Life Orb\n|\n|-weather|none\n|upkeep\n|\n|t:|1699137463\n|switch|p1a: Veluza|Veluza, M|100\/100\n|turn|9\n|\n|t:|1699137513\n|switch|p2a: Snorlax|Snorlax, M|100\/100\n|-terastallize|p1a: Veluza|Fairy\n|move|p1a: Veluza|Fillet Away|p1a: Veluza\n|-boost|p1a: Veluza|atk|2\n|-boost|p1a: Veluza|spa|2\n|-boost|p1a: Veluza|spe|2\n|-damage|p1a: Veluza|50\/100\n|-enditem|p1a: Veluza|Sitrus Berry|[eat]\n|-heal|p1a: Veluza|75\/100|[from] item: Sitrus Berry\n|\n|upkeep\n|turn|10\n|\n|t:|1699137539\n|move|p1a: Veluza|Aqua Cutter|p2a: Snorlax\n|-damage|p2a: Snorlax|10\/100\n|move|p2a: Snorlax|Heavy Slam|p1a: Veluza\n|-supereffective|p1a: Veluza\n|-crit|p1a: Veluza\n|-damage|p1a: Veluza|0 fnt\n|faint|p1a: Veluza\n|\n|-heal|p2a: Snorlax|16\/100|[from] item: Leftovers\n|upkeep\n|\n|t:|1699137570\n|switch|p1a: Kommo-o|Kommo-o, M|100\/100\n|turn|11\n|\n|t:|1699137583\n|move|p1a: Kommo-o|Substitute|p1a: Kommo-o\n|-start|p1a: Kommo-o|Substitute\n|-damage|p1a: Kommo-o|76\/100\n|move|p2a: Snorlax|Heavy Slam|p1a: Kommo-o\n|-end|p1a: Kommo-o|Substitute\n|\n|-heal|p1a: Kommo-o|82\/100|[from] item: Leftovers\n|-heal|p2a: Snorlax|22\/100|[from] item: Leftovers\n|upkeep\n|turn|12\n|\n|t:|1699137615\n|move|p1a: Kommo-o|Dragon Dance|p1a: Kommo-o\n|-boost|p1a: Kommo-o|atk|1\n|-boost|p1a: Kommo-o|spe|1\n|move|p2a: Snorlax|Earthquake|p1a: Kommo-o\n|-damage|p1a: Kommo-o|54\/100\n|\n|-heal|p1a: Kommo-o|60\/100|[from] item: Leftovers\n|-heal|p2a: Snorlax|28\/100|[from] item: Leftovers\n|upkeep\n|turn|13\n|\n|t:|1699137662\n|move|p1a: Kommo-o|Dragon Dance|p1a: Kommo-o\n|-boost|p1a: Kommo-o|atk|1\n|-boost|p1a: Kommo-o|spe|1\n|move|p2a: Snorlax|Earthquake|p1a: Kommo-o\n|-damage|p1a: Kommo-o|32\/100\n|\n|-heal|p1a: Kommo-o|38\/100|[from] item: Leftovers\n|-heal|p2a: Snorlax|34\/100|[from] item: Leftovers\n|upkeep\n|turn|14\n|\n|t:|1699137671\n|move|p1a: Kommo-o|Drain Punch|p2a: Snorlax\n|-supereffective|p2a: Snorlax\n|-damage|p2a: Snorlax|0 fnt\n|-heal|p1a: Kommo-o|63\/100|[from] drain|[of] p2a: Snorlax\n|faint|p2a: Snorlax\n|\n|-heal|p1a: Kommo-o|69\/100|[from] item: Leftovers\n|upkeep\n|\n|t:|1699137723\n|switch|p2a: Gengar|Gengar, F|100\/100\n|turn|15\n|\n|t:|1699137738\n|move|p1a: Kommo-o|Substitute|p1a: Kommo-o\n|-start|p1a: Kommo-o|Substitute\n|-damage|p1a: Kommo-o|44\/100\n|move|p2a: Gengar|Dazzling Gleam|p1a: Kommo-o\n|-supereffective|p1a: Kommo-o\n|-end|p1a: Kommo-o|Substitute\n|\n|-heal|p1a: Kommo-o|50\/100|[from] item: Leftovers\n|upkeep\n|turn|16\n|\n|t:|1699137745\n|move|p1a: Kommo-o|Dragon Claw|p2a: Gengar\n|-damage|p2a: Gengar|0 fnt\n|-start|p1a: Kommo-o|Disable|Dragon Claw|[from] ability: Cursed Body|[of] p2a: Gengar\n|faint|p2a: Gengar\n|\n|-heal|p1a: Kommo-o|57\/100|[from] item: Leftovers\n|upkeep\n|\n|t:|1699137759\n|switch|p2a: Garganacl|Garganacl, M|100\/100\n|turn|17\n|\n|t:|1699137795\n|move|p1a: Kommo-o|Drain Punch|p2a: Garganacl\n|-supereffective|p2a: Garganacl\n|-damage|p2a: Garganacl|18\/100\n|-heal|p1a: Kommo-o|100\/100|[from] drain|[of] p2a: Garganacl\n|move|p2a: Garganacl|Body Press|p1a: Kommo-o\n|-damage|p1a: Kommo-o|81\/100\n|\n|-heal|p1a: Kommo-o|88\/100|[from] item: Leftovers\n|-heal|p2a: Garganacl|25\/100|[from] item: Leftovers\n|upkeep\n|turn|18\n|\n|t:|1699137808\n|move|p1a: Kommo-o|Substitute|p1a: Kommo-o\n|-start|p1a: Kommo-o|Substitute\n|-damage|p1a: Kommo-o|63\/100\n|move|p2a: Garganacl|Salt Cure|p1a: Kommo-o\n|-resisted|p1a: Kommo-o\n|-activate|p1a: Kommo-o|move: Substitute|[damage]\n|\n|-heal|p1a: Kommo-o|69\/100|[from] item: Leftovers\n|-heal|p2a: Garganacl|31\/100|[from] item: Leftovers\n|upkeep\n|turn|19\n|\n|t:|1699137817\n|move|p1a: Kommo-o|Drain Punch|p2a: Garganacl\n|-supereffective|p2a: Garganacl\n|-damage|p2a: Garganacl|0 fnt\n|-heal|p1a: Kommo-o|86\/100|[from] drain|[of] p2a: Garganacl\n|faint|p2a: Garganacl\n|\n|-heal|p1a: Kommo-o|92\/100|[from] item: Leftovers\n|-end|p1a: Kommo-o|Disable\n|upkeep\n|\n|t:|1699137825\n|switch|p2a: Dragalge|Dragalge, F|81\/100\n|turn|20\n|c|\u2606bozo720|gg\n|\n|t:|1699137855\n|-terastallize|p2a: Dragalge|Fairy\n|move|p1a: Kommo-o|Drain Punch|p2a: Dragalge\n|-resisted|p2a: Dragalge\n|-damage|p2a: Dragalge|47\/100\n|-heal|p1a: Kommo-o|100\/100|[from] drain|[of] p2a: Dragalge\n|move|p2a: Dragalge|Play Rough|p1a: Kommo-o\n|-supereffective|p1a: Kommo-o\n|-end|p1a: Kommo-o|Substitute\n|-damage|p2a: Dragalge|37\/100|[from] item: Life Orb\n|\n|upkeep\n|turn|21\n|c|\u2606Omniverch47|gg\n|\n|t:|1699137867\n|move|p1a: Kommo-o|Drain Punch|p2a: Dragalge\n|-resisted|p2a: Dragalge\n|-damage|p2a: Dragalge|3\/100\n|move|p2a: Dragalge|Play Rough|p1a: Kommo-o\n|-supereffective|p1a: Kommo-o\n|-damage|p1a: Kommo-o|0 fnt\n|faint|p1a: Kommo-o\n|-damage|p2a: Dragalge|0 fnt|[from] item: Life Orb\n|faint|p2a: Dragalge\n|\n|win|Omniverch47\n","uploadtime":1699137885,"views":14,"p1id":"omniverch47","p2id":"bozo720","formatid":"gen9anythinggoes","rating":0,"private":0,"password":""}