{"id":"gen9anythinggoes-1998065127","p1":"Save yourself now","p2":"geeeeeet","format":"[Gen 9] Anything Goes","log":"|j|\u2606Save yourself now\n|j|\u2606geeeeeet\n|t:|1700885884\n|gametype|singles\n|player|p1|Save yourself now|backpacker|1167\n|player|p2|geeeeeet|preschooler|1146\n|teamsize|p1|6\n|teamsize|p2|6\n|gen|9\n|tier|[Gen 9] Anything Goes\n|rated|\n|rule|HP Percentage Mod: HP is shown in percentages\n|rule|Endless Battle Clause: Forcing endless battles is banned\n|clearpoke\n|poke|p1|Orthworm, M|\n|poke|p1|Clodsire, F|\n|poke|p1|Glimmora, F|\n|poke|p1|Garganacl, M|\n|poke|p1|Kingambit, F|\n|poke|p1|Ceruledge, M|\n|poke|p2|Dugtrio-Alola, F|\n|poke|p2|Spidops, M|\n|poke|p2|Forretress, M|\n|poke|p2|Kingambit, M|\n|poke|p2|Lilligant, F|\n|poke|p2|Gholdengo|\n|teampreview\n|\n|t:|1700885892\n|start\n|switch|p1a: Orthworm|Orthworm, M, shiny|100\/100\n|switch|p2a: Spooderman|Spidops, M, shiny|100\/100\n|turn|1\n|\n|t:|1700885901\n|move|p1a: Orthworm|Coil|p1a: Orthworm\n|-boost|p1a: Orthworm|atk|1\n|-boost|p1a: Orthworm|def|1\n|-boost|p1a: Orthworm|accuracy|1\n|move|p2a: Spooderman|Sticky Web|p1a: Orthworm\n|-sidestart|p1: Save yourself now|move: Sticky Web\n|\n|upkeep\n|turn|2\n|\n|t:|1700885908\n|move|p1a: Orthworm|Wrap|p2a: Spooderman\n|-damage|p2a: Spooderman|94\/100\n|-activate|p2a: Spooderman|move: Wrap|[of] p1a: Orthworm\n|move|p2a: Spooderman|Toxic Spikes|p1a: Orthworm\n|-sidestart|p1: Save yourself now|move: Toxic Spikes\n|\n|-damage|p2a: Spooderman|81\/100|[from] move: Wrap|[partiallytrapped]\n|upkeep\n|turn|3\n|\n|t:|1700885913\n|move|p1a: Orthworm|Coil|p1a: Orthworm\n|-boost|p1a: Orthworm|atk|1\n|-boost|p1a: Orthworm|def|1\n|-boost|p1a: Orthworm|accuracy|1\n|move|p2a: Spooderman|Toxic Spikes|p1a: Orthworm\n|-sidestart|p1: Save yourself now|move: Toxic Spikes\n|\n|-damage|p2a: Spooderman|69\/100|[from] move: Wrap|[partiallytrapped]\n|upkeep\n|turn|4\n|\n|t:|1700885921\n|move|p1a: Orthworm|Coil|p1a: Orthworm\n|-boost|p1a: Orthworm|atk|1\n|-boost|p1a: Orthworm|def|1\n|-boost|p1a: Orthworm|accuracy|1\n|move|p2a: Spooderman|Reversal|p1a: Orthworm\n|-supereffective|p1a: Orthworm\n|-damage|p1a: Orthworm|95\/100\n|\n|-heal|p1a: Orthworm|100\/100|[from] item: Leftovers\n|-damage|p2a: Spooderman|57\/100|[from] move: Wrap|[partiallytrapped]\n|upkeep\n|turn|5\n|\n|t:|1700885925\n|move|p1a: Orthworm|Coil|p1a: Orthworm\n|-boost|p1a: Orthworm|atk|1\n|-boost|p1a: Orthworm|def|1\n|-boost|p1a: Orthworm|accuracy|1\n|move|p2a: Spooderman|Knock Off|p1a: Orthworm\n|-damage|p1a: Orthworm|95\/100\n|-enditem|p1a: Orthworm|Leftovers|[from] move: Knock Off|[of] p2a: Spooderman\n|\n|-damage|p2a: Spooderman|44\/100|[from] move: Wrap|[partiallytrapped]\n|upkeep\n|turn|6\n|\n|t:|1700885932\n|move|p1a: Orthworm|Coil|p1a: Orthworm\n|-boost|p1a: Orthworm|atk|1\n|-boost|p1a: Orthworm|def|1\n|-boost|p1a: Orthworm|accuracy|1\n|move|p2a: Spooderman|Reversal|p1a: Orthworm\n|-supereffective|p1a: Orthworm\n|-damage|p1a: Orthworm|91\/100\n|\n|-damage|p2a: Spooderman|32\/100|[from] move: Wrap|[partiallytrapped]\n|upkeep\n|turn|7\n|\n|t:|1700885937\n|move|p1a: Orthworm|Coil|p1a: Orthworm\n|-boost|p1a: Orthworm|atk|1\n|-boost|p1a: Orthworm|def|1\n|-boost|p1a: Orthworm|accuracy|1\n|move|p2a: Spooderman|Reversal|p1a: Orthworm\n|-supereffective|p1a: Orthworm\n|-damage|p1a: Orthworm|83\/100\n|\n|-end|p2a: Spooderman|Wrap|[partiallytrapped]\n|upkeep\n|turn|8\n|\n|t:|1700885940\n|move|p1a: Orthworm|Iron Tail|p2a: Spooderman\n|-crit|p2a: Spooderman\n|-damage|p2a: Spooderman|0 fnt\n|faint|p2a: Spooderman\n|\n|upkeep\n|\n|t:|1700885942\n|switch|p2a: switzerland|Forretress, M, shiny|100\/100\n|turn|9\n|\n|t:|1700885955\n|move|p1a: Orthworm|Iron Tail|p2a: switzerland\n|-resisted|p2a: switzerland\n|-damage|p2a: switzerland|58\/100\n|-damage|p1a: Orthworm|66\/100|[from] item: Rocky Helmet|[of] p2a: switzerland\n|move|p2a: switzerland|Light Screen|p2a: switzerland\n|-sidestart|p2: geeeeeet|move: Light Screen\n|\n|upkeep\n|turn|10\n|\n|t:|1700885959\n|move|p1a: Orthworm|Wrap|p2a: switzerland\n|-resisted|p2a: switzerland\n|-damage|p2a: switzerland|54\/100\n|-activate|p2a: switzerland|move: Wrap|[of] p1a: Orthworm\n|-damage|p1a: Orthworm|49\/100|[from] item: Rocky Helmet|[of] p2a: switzerland\n|move|p2a: switzerland|Spikes|p1a: Orthworm\n|-sidestart|p1: Save yourself now|Spikes\n|\n|-damage|p2a: switzerland|41\/100|[from] move: Wrap|[partiallytrapped]\n|upkeep\n|turn|11\n|\n|t:|1700885968\n|move|p1a: Orthworm|Protect|p1a: Orthworm\n|-singleturn|p1a: Orthworm|Protect\n|move|p2a: switzerland|Spikes|p1a: Orthworm\n|-sidestart|p1: Save yourself now|Spikes\n|\n|-damage|p2a: switzerland|29\/100|[from] move: Wrap|[partiallytrapped]\n|upkeep\n|turn|12\n|\n|t:|1700885975\n|move|p1a: Orthworm|Iron Tail|p2a: switzerland\n|-resisted|p2a: switzerland\n|-damage|p2a: switzerland|0 fnt\n|-damage|p1a: Orthworm|33\/100|[from] item: Rocky Helmet|[of] p2a: switzerland\n|faint|p2a: switzerland\n|\n|upkeep\n|\n|t:|1700885980\n|switch|p2a: rich madafaka|Gholdengo, shiny|100\/100\n|turn|13\n|\n|t:|1700885986\n|move|p2a: rich madafaka|Thunder Wave|p1a: Orthworm\n|-status|p1a: Orthworm|par\n|move|p1a: Orthworm|Iron Tail|p2a: rich madafaka\n|-resisted|p2a: rich madafaka\n|-damage|p2a: rich madafaka|54\/100\n|\n|-sideend|p2: geeeeeet|move: Light Screen\n|upkeep\n|turn|14\n|\n|t:|1700885992\n|move|p2a: rich madafaka|Make It Rain|p1a: Orthworm\n|-resisted|p1a: Orthworm\n|-damage|p1a: Orthworm|0 fnt\n|-unboost|p2a: rich madafaka|spa|1\n|faint|p1a: Orthworm\n|\n|upkeep\n|\n|t:|1700886003\n|switch|p1a: Clodsire|Clodsire, F, shiny|100\/100\n|-activate|p1a: Clodsire|move: Sticky Web\n|-unboost|p1a: Clodsire|spe|1\n|-sideend|p1: Save yourself now|move: Toxic Spikes|[of] p1a: Clodsire\n|-damage|p1a: Clodsire|84\/100|[from] Spikes\n|turn|15\n|\n|t:|1700886012\n|move|p2a: rich madafaka|Make It Rain|p1a: Clodsire\n|-damage|p1a: Clodsire|62\/100\n|-unboost|p2a: rich madafaka|spa|1\n|move|p1a: Clodsire|Earthquake|p2a: rich madafaka\n|-supereffective|p2a: rich madafaka\n|-damage|p2a: rich madafaka|9\/100\n|\n|upkeep\n|turn|16\n|\n|t:|1700886019\n|move|p2a: rich madafaka|Light Screen|p2a: rich madafaka\n|-sidestart|p2: geeeeeet|move: Light Screen\n|move|p1a: Clodsire|Earthquake|p2a: rich madafaka\n|-supereffective|p2a: rich madafaka\n|-damage|p2a: rich madafaka|0 fnt\n|faint|p2a: rich madafaka\n|\n|upkeep\n|\n|t:|1700886022\n|switch|p2a: Weiners|Dugtrio-Alola, F, shiny|100\/100\n|turn|17\n|\n|t:|1700886031\n|move|p2a: Weiners|Stone Edge|p1a: Clodsire\n|-resisted|p1a: Clodsire\n|-crit|p1a: Clodsire\n|-damage|p1a: Clodsire|37\/100\n|move|p1a: Clodsire|Earthquake|p2a: Weiners\n|-supereffective|p2a: Weiners\n|-damage|p2a: Weiners|0 fnt\n|faint|p2a: Weiners\n|\n|upkeep\n|\n|t:|1700886035\n|switch|p2a: GYATTT|Lilligant, F, shiny|100\/100\n|turn|18\n|\n|t:|1700886039\n|move|p2a: GYATTT|Sleep Powder|p1a: Clodsire\n|-status|p1a: Clodsire|slp|[from] move: Sleep Powder\n|cant|p1a: Clodsire|slp\n|\n|upkeep\n|turn|19\n|\n|t:|1700886047\n|move|p2a: GYATTT|Quiver Dance|p2a: GYATTT\n|-boost|p2a: GYATTT|spa|1\n|-boost|p2a: GYATTT|spd|1\n|-boost|p2a: GYATTT|spe|1\n|cant|p1a: Clodsire|slp\n|\n|upkeep\n|turn|20\n|\n|t:|1700886050\n|move|p2a: GYATTT|Quiver Dance|p2a: GYATTT\n|-boost|p2a: GYATTT|spa|1\n|-boost|p2a: GYATTT|spd|1\n|-boost|p2a: GYATTT|spe|1\n|cant|p1a: Clodsire|slp\n|\n|-sideend|p2: geeeeeet|move: Light Screen\n|upkeep\n|turn|21\n|\n|t:|1700886054\n|move|p2a: GYATTT|Giga Drain|p1a: Clodsire\n|-damage|p1a: Clodsire|0 fnt\n|faint|p1a: Clodsire\n|\n|upkeep\n|\n|t:|1700886064\n|switch|p1a: Kingambit|Kingambit, F, shiny|100\/100\n|-activate|p1a: Kingambit|move: Sticky Web\n|-unboost|p1a: Kingambit|spe|1\n|-damage|p1a: Kingambit|84\/100|[from] Spikes\n|-activate|p1a: Kingambit|ability: Supreme Overlord\n|-start|p1a: Kingambit|fallen2|[silent]\n|turn|22\n|\n|t:|1700886068\n|move|p2a: GYATTT|Sleep Powder|p1a: Kingambit\n|-status|p1a: Kingambit|slp|[from] move: Sleep Powder\n|cant|p1a: Kingambit|slp\n|\n|upkeep\n|turn|23\n|\n|t:|1700886073\n|move|p2a: GYATTT|Quiver Dance|p2a: GYATTT\n|-boost|p2a: GYATTT|spa|1\n|-boost|p2a: GYATTT|spd|1\n|-boost|p2a: GYATTT|spe|1\n|cant|p1a: Kingambit|slp\n|\n|upkeep\n|turn|24\n|\n|t:|1700886075\n|move|p2a: GYATTT|Quiver Dance|p2a: GYATTT\n|-boost|p2a: GYATTT|spa|1\n|-boost|p2a: GYATTT|spd|1\n|-boost|p2a: GYATTT|spe|1\n|cant|p1a: Kingambit|slp\n|\n|upkeep\n|turn|25\n|\n|t:|1700886078\n|move|p2a: GYATTT|Giga Drain|p1a: Kingambit\n|-resisted|p1a: Kingambit\n|-damage|p1a: Kingambit|45\/100 slp\n|-curestatus|p1a: Kingambit|slp|[msg]\n|move|p1a: Kingambit|Metal Burst|p2a: GYATTT\n|-damage|p2a: GYATTT|30\/100\n|\n|upkeep\n|turn|26\n|\n|t:|1700886082\n|move|p1a: Kingambit|Sucker Punch||[still]\n|-fail|p1a: Kingambit\n|move|p2a: GYATTT|Sleep Powder|p1a: Kingambit|[miss]\n|-miss|p2a: GYATTT|p1a: Kingambit\n|\n|upkeep\n|turn|27\n|\n|t:|1700886091\n|move|p2a: GYATTT|Sleep Powder|p1a: Kingambit\n|-status|p1a: Kingambit|slp|[from] move: Sleep Powder\n|cant|p1a: Kingambit|slp\n|\n|upkeep\n|turn|28\n|\n|t:|1700886095\n|cant|p1a: Kingambit|slp\n|move|p2a: GYATTT|Giga Drain|p1a: Kingambit\n|-resisted|p1a: Kingambit\n|-damage|p1a: Kingambit|1\/100 slp\n|-heal|p2a: GYATTT|57\/100|[from] drain|[of] p1a: Kingambit\n|\n|upkeep\n|turn|29\n|\n|t:|1700886100\n|-curestatus|p1a: Kingambit|slp|[msg]\n|move|p1a: Kingambit|Sucker Punch|p2a: GYATTT\n|-damage|p2a: GYATTT|0 fnt\n|faint|p2a: GYATTT\n|\n|upkeep\n|\n|t:|1700886104\n|switch|p2a: bug??...|Kingambit, M, shiny|100\/100\n|-activate|p2a: bug??...|ability: Supreme Overlord\n|-start|p2a: bug??...|fallen5|[silent]\n|turn|30\n|\n|t:|1700886109\n|-terastallize|p2a: bug??...|Dark\n|move|p2a: bug??...|Swords Dance|p2a: bug??...\n|-boost|p2a: bug??...|atk|2\n|move|p1a: Kingambit|Guillotine|p2a: bug??...\n|-damage|p2a: bug??...|0 fnt\n|faint|p2a: bug??...\n|-end|p2a: bug??...|fallen5|[silent]\n|-ohko\n|\n|win|Save yourself now\n|raw|Save yourself now's rating: 1167 &rarr; <strong>1190<\/strong><br \/>(+23 for winning)\n|raw|geeeeeet's rating: 1146 &rarr; <strong>1123<\/strong><br \/>(-23 for losing)\n|l|\u2606geeeeeet\n","uploadtime":1700886122,"views":2,"p1id":"saveyourselfnow","p2id":"geeeeeet","formatid":"gen9anythinggoes","rating":1123,"private":0,"password":""}