{"id":"gen9anythinggoes-1983928473","p1":"teetimes","p2":"dfdfv","format":"[Gen 9] Anything Goes","log":"|j|\u2606teetimes\n|j|\u2606dfdfv\n|t:|1699200974\n|gametype|singles\n|player|p1|teetimes|benga|1141\n|player|p2|dfdfv|silver|1074\n|teamsize|p1|6\n|teamsize|p2|6\n|gen|9\n|tier|[Gen 9] Anything Goes\n|rated|\n|rule|HP Percentage Mod: HP is shown in percentages\n|rule|Endless Battle Clause: Forcing endless battles is banned\n|clearpoke\n|poke|p1|Magearna|\n|poke|p1|Ninetales, M|\n|poke|p1|Gliscor, F|\n|poke|p1|Clefable, M|\n|poke|p1|Jirachi|\n|poke|p1|Drifblim, F|\n|poke|p2|Greninja-*, M|\n|poke|p2|Gardevoir, F|\n|poke|p2|Kyogre|\n|poke|p2|Infernape, M|\n|poke|p2|Urshifu-*, F|\n|poke|p2|Zacian-*|\n|teampreview\n|inactive|Battle timer is ON: inactive players will automatically lose when time's up. (requested by teetimes)\n|\n|t:|1699200988\n|start\n|switch|p1a: Drifblim|Drifblim, F|100\/100\n|switch|p2a: Gardevoir|Gardevoir, F|100\/100\n|-ability|p2a: Gardevoir|Aftermath|[from] ability: Trace|[of] p1a: Drifblim\n|turn|1\n|\n|t:|1699200996\n|move|p2a: Gardevoir|Moonblast|p1a: Drifblim\n|-damage|p1a: Drifblim|55\/100\n|-damage|p2a: Gardevoir|91\/100|[from] item: Life Orb\n|move|p1a: Drifblim|Minimize|p1a: Drifblim\n|-boost|p1a: Drifblim|evasion|2\n|\n|upkeep\n|turn|2\n|\n|t:|1699201003\n|move|p2a: Gardevoir|Moonblast|p1a: Drifblim|[miss]\n|-miss|p2a: Gardevoir|p1a: Drifblim\n|move|p1a: Drifblim|Minimize|p1a: Drifblim\n|-boost|p1a: Drifblim|evasion|2\n|\n|upkeep\n|turn|3\n|\n|t:|1699201009\n|move|p2a: Gardevoir|Moonblast|p1a: Drifblim|[miss]\n|-miss|p2a: Gardevoir|p1a: Drifblim\n|move|p1a: Drifblim|Minimize|p1a: Drifblim\n|-boost|p1a: Drifblim|evasion|2\n|\n|upkeep\n|turn|4\n|\n|t:|1699201015\n|move|p2a: Gardevoir|Moonblast|p1a: Drifblim\n|-damage|p1a: Drifblim|7\/100\n|-damage|p2a: Gardevoir|81\/100|[from] item: Life Orb\n|move|p1a: Drifblim|Baton Pass|p1a: Drifblim\n|\n|t:|1699201021\n|switch|p1a: Magearna|Magearna|100\/100|[from] Baton Pass\n|\n|upkeep\n|turn|5\n|\n|t:|1699201027\n|move|p2a: Gardevoir|Mystical Fire|p1a: Magearna|[miss]\n|-miss|p2a: Gardevoir|p1a: Magearna\n|move|p1a: Magearna|Shift Gear|p1a: Magearna\n|-boost|p1a: Magearna|spe|2\n|-boost|p1a: Magearna|atk|1\n|\n|upkeep\n|turn|6\n|\n|t:|1699201034\n|move|p1a: Magearna|Shift Gear|p1a: Magearna\n|-boost|p1a: Magearna|spe|2\n|-boost|p1a: Magearna|atk|1\n|move|p2a: Gardevoir|Mystical Fire|p1a: Magearna\n|-supereffective|p1a: Magearna\n|-damage|p1a: Magearna|39\/100\n|-unboost|p1a: Magearna|spa|1\n|-damage|p2a: Gardevoir|71\/100|[from] item: Life Orb\n|\n|-heal|p1a: Magearna|45\/100|[from] item: Leftovers\n|upkeep\n|turn|7\n|\n|t:|1699201045\n|move|p1a: Magearna|Baton Pass|p1a: Magearna\n|\n|t:|1699201047\n|switch|p1a: Ninetales|Ninetales, M|100\/100|[from] Baton Pass\n|move|p2a: Gardevoir|Mystical Fire|p1a: Ninetales\n|-start|p1a: Ninetales|ability: Flash Fire\n|\n|upkeep\n|turn|8\n|\n|t:|1699201055\n|move|p1a: Ninetales|Nasty Plot|p1a: Ninetales\n|-boost|p1a: Ninetales|spa|2\n|move|p2a: Gardevoir|Psychic|p1a: Ninetales|[miss]\n|-miss|p2a: Gardevoir|p1a: Ninetales\n|\n|upkeep\n|turn|9\n|\n|t:|1699201061\n|move|p1a: Ninetales|Flamethrower|p2a: Gardevoir\n|-damage|p2a: Gardevoir|0 fnt\n|faint|p2a: Gardevoir\n|\n|upkeep\n|\n|t:|1699201075\n|switch|p2a: BIG ASS WHALE|Kyogre|100\/100\n|-weather|RainDance|[from] ability: Drizzle|[of] p2a: BIG ASS WHALE\n|turn|10\n|\n|t:|1699201080\n|move|p1a: Ninetales|Baton Pass|p1a: Ninetales\n|\n|t:|1699201081\n|-end|p1a: Ninetales|ability: Flash Fire|[silent]\n|switch|p1a: Jirachi|Jirachi|100\/100|[from] Baton Pass\n|move|p2a: BIG ASS WHALE|Water Spout|p1a: Jirachi|[miss]\n|-miss|p2a: BIG ASS WHALE|p1a: Jirachi\n|\n|-weather|RainDance|[upkeep]\n|upkeep\n|turn|11\n|\n|t:|1699201092\n|move|p1a: Jirachi|Cosmic Power|p1a: Jirachi\n|-boost|p1a: Jirachi|def|1\n|-boost|p1a: Jirachi|spd|1\n|move|p2a: BIG ASS WHALE|Earthquake|p1a: Jirachi|[miss]\n|-miss|p2a: BIG ASS WHALE|p1a: Jirachi\n|\n|-weather|RainDance|[upkeep]\n|upkeep\n|turn|12\n|\n|t:|1699201099\n|move|p1a: Jirachi|Cosmic Power|p1a: Jirachi\n|-boost|p1a: Jirachi|def|1\n|-boost|p1a: Jirachi|spd|1\n|move|p2a: BIG ASS WHALE|Water Spout|p1a: Jirachi|[miss]\n|-miss|p2a: BIG ASS WHALE|p1a: Jirachi\n|\n|-weather|RainDance|[upkeep]\n|upkeep\n|turn|13\n|\n|t:|1699201108\n|move|p1a: Jirachi|Cosmic Power|p1a: Jirachi\n|-boost|p1a: Jirachi|def|1\n|-boost|p1a: Jirachi|spd|1\n|move|p2a: BIG ASS WHALE|Earthquake|p1a: Jirachi\n|-supereffective|p1a: Jirachi\n|-damage|p1a: Jirachi|85\/100\n|\n|-weather|RainDance|[upkeep]\n|-heal|p1a: Jirachi|91\/100|[from] item: Leftovers\n|upkeep\n|turn|14\n|\n|t:|1699201117\n|move|p1a: Jirachi|Cosmic Power|p1a: Jirachi\n|-boost|p1a: Jirachi|def|1\n|-boost|p1a: Jirachi|spd|1\n|move|p2a: BIG ASS WHALE|Water Spout|p1a: Jirachi\n|-damage|p1a: Jirachi|62\/100\n|\n|-weather|none\n|-heal|p1a: Jirachi|69\/100|[from] item: Leftovers\n|upkeep\n|turn|15\n|\n|t:|1699201125\n|move|p1a: Jirachi|Stored Power|p2a: BIG ASS WHALE\n|-damage|p2a: BIG ASS WHALE|0 fnt\n|faint|p2a: BIG ASS WHALE\n|\n|-heal|p1a: Jirachi|75\/100|[from] item: Leftovers\n|upkeep\n|\n|t:|1699201131\n|switch|p2a: SIGMA|Urshifu, F|100\/100\n|turn|16\n|\n|t:|1699201135\n|move|p1a: Jirachi|Stored Power|p2a: SIGMA\n|-immune|p2a: SIGMA\n|move|p2a: SIGMA|Swords Dance|p2a: SIGMA\n|-boost|p2a: SIGMA|atk|2\n|\n|-heal|p1a: Jirachi|81\/100|[from] item: Leftovers\n|upkeep\n|turn|17\n|\n|t:|1699201144\n|move|p1a: Jirachi|Baton Pass|p1a: Jirachi\n|\n|t:|1699201147\n|switch|p1a: Gliscor|Gliscor, F|100\/100|[from] Baton Pass\n|move|p2a: SIGMA|Fire Punch|p1a: Gliscor\n|-damage|p1a: Gliscor|83\/100\n|\n|-status|p1a: Gliscor|tox|[from] item: Toxic Orb\n|upkeep\n|turn|18\n|\n|t:|1699201159\n|move|p1a: Gliscor|Stealth Rock|p2a: SIGMA\n|-sidestart|p2: dfdfv|move: Stealth Rock\n|move|p2a: SIGMA|Wicked Blow|p1a: Gliscor\n|-crit|p1a: Gliscor\n|-damage|p1a: Gliscor|0 fnt\n|faint|p1a: Gliscor\n|\n|upkeep\n|-message|teetimes forfeited.\n|\n|win|dfdfv\n|raw|teetimes's rating: 1141 &rarr; <strong>1111<\/strong><br \/>(-30 for losing)\n|raw|dfdfv's rating: 1074 &rarr; <strong>1108<\/strong><br \/>(+34 for winning)\n|l|\u2606teetimes\n","uploadtime":1699201169,"views":3,"p1id":"teetimes","p2id":"dfdfv","formatid":"gen9anythinggoes","rating":1108,"private":0,"password":""}