{"id":"gen9anythinggoes-1986899387","p1":"dawnishim","p2":"Iamjjjpro","format":"[Gen 9] Anything Goes","log":"|j|\u2606dawnishim\n|j|\u2606Iamjjjpro\n|t:|1699539132\n|gametype|singles\n|player|p1|dawnishim|170|1094\n|player|p2|Iamjjjpro|101|1115\n|teamsize|p1|6\n|teamsize|p2|6\n|gen|9\n|tier|[Gen 9] Anything Goes\n|rated|\n|rule|HP Percentage Mod: HP is shown in percentages\n|rule|Endless Battle Clause: Forcing endless battles is banned\n|clearpoke\n|poke|p1|Calyrex-Shadow|\n|poke|p1|Great Tusk|\n|poke|p1|Ceruledge, M|\n|poke|p1|Koraidon|\n|poke|p1|Roaring Moon|\n|poke|p1|Mew|\n|poke|p2|Donphan, L6, F|\n|poke|p2|Donphan, L6, F|\n|poke|p2|Donphan, L6, F|\n|poke|p2|Tyranitar, F|\n|poke|p2|Tyranitar, M|\n|poke|p2|Iron Treads|\n|teampreview\n|\n|t:|1699539140\n|start\n|switch|p1a: Mew|Mew, shiny|100\/100\n|switch|p2a: Tyranitar|Tyranitar, F|100\/100\n|-weather|Sandstorm|[from] ability: Sand Stream|[of] p2a: Tyranitar\n|turn|1\n|inactive|Battle timer is ON: inactive players will automatically lose when time's up. (requested by Iamjjjpro)\n|\n|t:|1699539146\n|move|p1a: Mew|Taunt|p2a: Tyranitar\n|-start|p2a: Tyranitar|move: Taunt\n|move|p2a: Tyranitar|Blizzard|p1a: Mew\n|-damage|p1a: Mew|79\/100\n|\n|-weather|Sandstorm|[upkeep]\n|-damage|p1a: Mew|73\/100|[from] Sandstorm\n|upkeep\n|turn|2\n|\n|t:|1699539154\n|move|p1a: Mew|Stealth Rock|p2a: Tyranitar\n|-sidestart|p2: Iamjjjpro|move: Stealth Rock\n|move|p2a: Tyranitar|Blizzard|p1a: Mew\n|-damage|p1a: Mew|53\/100\n|\n|-weather|Sandstorm|[upkeep]\n|-damage|p1a: Mew|47\/100|[from] Sandstorm\n|upkeep\n|turn|3\n|\n|t:|1699539162\n|move|p1a: Mew|Knock Off|p2a: Tyranitar\n|-resisted|p2a: Tyranitar\n|-damage|p2a: Tyranitar|92\/100\n|-enditem|p2a: Tyranitar|Eject Button|[from] move: Knock Off|[of] p1a: Mew\n|move|p2a: Tyranitar|Blizzard|p1a: Mew\n|-damage|p1a: Mew|26\/100\n|\n|-weather|Sandstorm|[upkeep]\n|-damage|p1a: Mew|20\/100|[from] Sandstorm\n|-end|p2a: Tyranitar|move: Taunt\n|upkeep\n|turn|4\n|\n|t:|1699539172\n|move|p1a: Mew|Psychic|p2a: Tyranitar\n|-immune|p2a: Tyranitar\n|move|p2a: Tyranitar|Blizzard|p1a: Mew\n|-damage|p1a: Mew|0 fnt\n|faint|p1a: Mew\n|\n|-weather|Sandstorm|[upkeep]\n|upkeep\n|c|\u2606dawnishim|!weak Tyranitar\n|c| dawnishim|\/raw <div class=\"infobox\">Tyranitar (ignoring abilities):<br \/><span class=\"message-effect-weak\">Weaknesses<\/span>: Bug, Fairy, <b>Fighting<\/b>, Grass, Ground, Steel, Water<br \/><span class=\"message-effect-resist\">Resistances<\/span>: Dark, Fire, Flying, Ghost, Normal, Poison<br \/><span class=\"message-effect-immune\">Immunities<\/span>: Psychic, Prankster, Sandstorm damage<\/div>\n|\n|t:|1699539198\n|switch|p1a: Koraidon|Koraidon|100\/100\n|-weather|SunnyDay|[from] ability: Orichalcum Pulse|[of] p1a: Koraidon\n|-activate|p1a: Koraidon|Orichalcum Pulse|[source]\n|turn|5\n|\n|t:|1699539203\n|switch|p2a: Iron Treads|Iron Treads|100\/100\n|move|p1a: Koraidon|Collision Course|p2a: Iron Treads\n|-supereffective|p2a: Iron Treads\n|-damage|p2a: Iron Treads|0 fnt\n|faint|p2a: Iron Treads\n|-end|p2a: Iron Treads|Quark Drive|[silent]\n|\n|-weather|SunnyDay|[upkeep]\n|upkeep\n|\n|t:|1699539208\n|switch|p2a: Donphan|Donphan, L6, F|100\/100\n|-damage|p2a: Donphan|97\/100|[from] Stealth Rock\n|turn|6\n|\n|t:|1699539215\n|move|p1a: Koraidon|Collision Course|p2a: Donphan\n|-damage|p2a: Donphan|0 fnt\n|faint|p2a: Donphan\n|\n|-weather|SunnyDay|[upkeep]\n|upkeep\n|-message|Iamjjjpro forfeited.\n|\n|win|dawnishim\n|raw|dawnishim's rating: 1094 &rarr; <strong>1121<\/strong><br \/>(+27 for winning)\n|raw|Iamjjjpro's rating: 1115 &rarr; <strong>1088<\/strong><br \/>(-27 for losing)\n|l|\u2606Iamjjjpro\n","uploadtime":1699539225,"views":5,"p1id":"dawnishim","p2id":"iamjjjpro","formatid":"gen9anythinggoes","rating":1088,"private":0,"password":""}