{"id":"gen9anythinggoes-1976270322","p1":"DavyCricket","p2":"QD lol","format":"[Gen 9] Anything Goes","log":"|j|\u2606DavyCricket\n|j|\u2606QD lol\n|t:|1698280677\n|gametype|singles\n|player|p1|DavyCricket|2|1148\n|player|p2|QD lol|scientist-gen4dp|1219\n|teamsize|p1|6\n|teamsize|p2|6\n|gen|9\n|tier|[Gen 9] Anything Goes\n|rated|\n|rule|HP Percentage Mod: HP is shown in percentages\n|rule|Endless Battle Clause: Forcing endless battles is banned\n|clearpoke\n|poke|p1|Ogerpon, F|\n|poke|p1|Oinkologne, M|\n|poke|p1|Gyarados, F|\n|poke|p1|Gholdengo|\n|poke|p1|Kommo-o, M|\n|poke|p1|Ursaluna-Bloodmoon, M|\n|poke|p2|Barraskewda, M|\n|poke|p2|Abomasnow, M|\n|poke|p2|Dragapult, F|\n|poke|p2|Kingambit, M|\n|poke|p2|Hippowdon, M|\n|poke|p2|Staraptor, M|\n|teampreview\n|inactive|Battle timer is ON: inactive players will automatically lose when time's up. (requested by QD lol)\n|\n|t:|1698280686\n|start\n|switch|p1a: Khana|Gyarados, F|100\/100\n|switch|p2a: Water Torpedo|Barraskewda, M|100\/100\n|turn|1\n|\n|t:|1698280695\n|move|p2a: Water Torpedo|Poison Jab|p1a: Khana\n|-damage|p1a: Khana|70\/100\n|-status|p1a: Khana|psn\n|move|p1a: Khana|Earthquake|p2a: Water Torpedo\n|-damage|p2a: Water Torpedo|36\/100\n|\n|-damage|p1a: Khana|58\/100 psn|[from] psn\n|upkeep\n|turn|2\n|\n|t:|1698280707\n|move|p2a: Water Torpedo|Psychic Fangs|p1a: Khana\n|-damage|p1a: Khana|21\/100 psn\n|-enditem|p1a: Khana|Figy Berry|[eat]\n|-heal|p1a: Khana|54\/100 psn|[from] item: Figy Berry\n|move|p1a: Khana|Crunch|p2a: Water Torpedo\n|-damage|p2a: Water Torpedo|0 fnt\n|faint|p2a: Water Torpedo\n|-ability|p1a: Khana|Moxie|boost\n|-boost|p1a: Khana|atk|1\n|\n|-damage|p1a: Khana|42\/100 psn|[from] psn\n|upkeep\n|\n|t:|1698280720\n|switch|p2a: Child Yeeter|Dragapult, F|100\/100\n|turn|3\n|\n|t:|1698280724\n|move|p2a: Child Yeeter|Dragon Darts|p1a: Khana\n|-damage|p1a: Khana|12\/100 psn\n|-anim|p2a: Child Yeeter|Dragon Darts|p1a: Khana\n|-damage|p1a: Khana|0 fnt\n|faint|p1a: Khana\n|\n|upkeep\n|\n|t:|1698280731\n|switch|p1a: Ursaluna|Ursaluna-Bloodmoon, M|100\/100\n|turn|4\n|\n|t:|1698280742\n|switch|p2a: Biggie Cheese|Abomasnow, M|100\/100\n|-weather|Snow|[from] ability: Snow Warning|[of] p2a: Biggie Cheese\n|move|p1a: Ursaluna|Moonblast|p2a: Biggie Cheese\n|-damage|p2a: Biggie Cheese|53\/100\n|\n|-weather|Snow|[upkeep]\n|upkeep\n|turn|5\n|\n|t:|1698280751\n|move|p2a: Biggie Cheese|Aurora Veil|p2a: Biggie Cheese\n|-sidestart|p2: QD lol|move: Aurora Veil\n|move|p1a: Ursaluna|Blood Moon|p2a: Biggie Cheese\n|-damage|p2a: Biggie Cheese|12\/100\n|\n|-weather|Snow|[upkeep]\n|upkeep\n|turn|6\n|\n|t:|1698280758\n|switch|p1a: Sparrow|Gholdengo|100\/100\n|move|p2a: Biggie Cheese|Blizzard|p1a: Sparrow\n|-resisted|p1a: Sparrow\n|-damage|p1a: Sparrow|84\/100\n|\n|-weather|Snow|[upkeep]\n|upkeep\n|turn|7\n|\n|t:|1698280767\n|move|p1a: Sparrow|Nasty Plot|p1a: Sparrow\n|-boost|p1a: Sparrow|spa|2\n|move|p2a: Biggie Cheese|Blizzard|p1a: Sparrow\n|-resisted|p1a: Sparrow\n|-damage|p1a: Sparrow|66\/100\n|\n|-weather|Snow|[upkeep]\n|upkeep\n|turn|8\n|\n|t:|1698280777\n|switch|p2a: Child Yeeter|Dragapult, F|100\/100\n|move|p1a: Sparrow|Nasty Plot|p1a: Sparrow\n|-boost|p1a: Sparrow|spa|2\n|\n|-weather|none\n|upkeep\n|turn|9\n|\n|t:|1698280784\n|-terastallize|p1a: Sparrow|Steel\n|move|p2a: Child Yeeter|Phantom Force||[still]\n|-prepare|p2a: Child Yeeter|Phantom Force\n|move|p1a: Sparrow|Shadow Ball|p2a: Child Yeeter|[miss]\n|-miss|p1a: Sparrow|p2a: Child Yeeter\n|\n|upkeep\n|turn|10\n|\n|t:|1698280790\n|move|p2a: Child Yeeter|Phantom Force|p1a: Sparrow|[from]lockedmove\n|-damage|p1a: Sparrow|27\/100\n|move|p1a: Sparrow|Shadow Ball|p2a: Child Yeeter\n|-supereffective|p2a: Child Yeeter\n|-damage|p2a: Child Yeeter|0 fnt\n|faint|p2a: Child Yeeter\n|\n|upkeep\n|\n|t:|1698280798\n|switch|p2a: Edgy dude|Kingambit, M|100\/100\n|turn|11\n|\n|t:|1698280804\n|move|p2a: Edgy dude|Sucker Punch|p1a: Sparrow\n|-damage|p1a: Sparrow|0 fnt\n|faint|p1a: Sparrow\n|\n|upkeep\n|\n|t:|1698280809\n|switch|p1a: Kame'a|Kommo-o, M|100\/100\n|turn|12\n|\n|t:|1698280813\n|switch|p2a: Biggie Cheese|Abomasnow, M|12\/100\n|-weather|Snow|[from] ability: Snow Warning|[of] p2a: Biggie Cheese\n|move|p1a: Kame'a|Clangorous Soul|p1a: Kame'a\n|-boost|p1a: Kame'a|atk|1\n|-boost|p1a: Kame'a|def|1\n|-boost|p1a: Kame'a|spa|1\n|-boost|p1a: Kame'a|spd|1\n|-boost|p1a: Kame'a|spe|1\n|-damage|p1a: Kame'a|68\/100\n|\n|-weather|Snow|[upkeep]\n|-sideend|p2: QD lol|move: Aurora Veil\n|upkeep\n|turn|13\n|\n|t:|1698280823\n|move|p1a: Kame'a|Scale Shot|p2a: Biggie Cheese\n|-damage|p2a: Biggie Cheese|1\/100\n|-damage|p2a: Biggie Cheese|0 fnt\n|faint|p2a: Biggie Cheese\n|-hitcount|p2: Biggie Cheese|2\n|-unboost|p1a: Kame'a|def|1\n|-boost|p1a: Kame'a|spe|1\n|\n|-weather|Snow|[upkeep]\n|upkeep\n|\n|t:|1698280831\n|switch|p2a: Japan 1944|Staraptor, M|100\/100\n|turn|14\n|\n|t:|1698280838\n|move|p1a: Kame'a|Clanging Scales|p2a: Japan 1944\n|-damage|p2a: Japan 1944|0 fnt\n|faint|p2a: Japan 1944\n|-unboost|p1a: Kame'a|def|1\n|\n|-weather|Snow|[upkeep]\n|upkeep\n|\n|t:|1698280844\n|switch|p2a: Peppa Pig|Hippowdon, M|100\/100\n|-weather|Sandstorm|[from] ability: Sand Stream|[of] p2a: Peppa Pig\n|turn|15\n|\n|t:|1698280856\n|move|p1a: Kame'a|Clanging Scales|p2a: Peppa Pig\n|-damage|p2a: Peppa Pig|32\/100\n|-unboost|p1a: Kame'a|def|1\n|move|p2a: Peppa Pig|Earthquake|p1a: Kame'a\n|-damage|p1a: Kame'a|3\/100\n|\n|-weather|Sandstorm|[upkeep]\n|upkeep\n|turn|16\n|\n|t:|1698280868\n|move|p1a: Kame'a|Close Combat|p2a: Peppa Pig\n|-damage|p2a: Peppa Pig|0 fnt\n|-unboost|p1a: Kame'a|def|1\n|-unboost|p1a: Kame'a|spd|1\n|faint|p2a: Peppa Pig\n|\n|-weather|Sandstorm|[upkeep]\n|upkeep\n|\n|t:|1698280875\n|switch|p2a: Edgy dude|Kingambit, M|100\/100\n|turn|17\n|\n|t:|1698280879\n|move|p2a: Edgy dude|Sucker Punch|p1a: Kame'a\n|-resisted|p1a: Kame'a\n|-damage|p1a: Kame'a|0 fnt\n|faint|p1a: Kame'a\n|\n|-weather|Sandstorm|[upkeep]\n|upkeep\n|c|\u2606DavyCricket|F\n|\n|t:|1698280890\n|switch|p1a: Ursaluna|Ursaluna-Bloodmoon, M|100\/100\n|turn|18\n|\n|t:|1698280898\n|-terastallize|p2a: Edgy dude|Dark\n|move|p2a: Edgy dude|Sucker Punch|p1a: Ursaluna\n|-damage|p1a: Ursaluna|64\/100\n|move|p1a: Ursaluna|Earth Power|p2a: Edgy dude\n|-damage|p2a: Edgy dude|44\/100\n|\n|-weather|Sandstorm|[upkeep]\n|-damage|p2a: Edgy dude|38\/100|[from] Sandstorm\n|upkeep\n|turn|19\n|\n|t:|1698280907\n|move|p2a: Edgy dude|Sucker Punch|p1a: Ursaluna\n|-damage|p1a: Ursaluna|25\/100\n|move|p1a: Ursaluna|Moonblast|p2a: Edgy dude\n|-supereffective|p2a: Edgy dude\n|-damage|p2a: Edgy dude|0 fnt\n|faint|p2a: Edgy dude\n|\n|win|DavyCricket\n|raw|DavyCricket's rating: 1148 &rarr; <strong>1178<\/strong><br \/>(+30 for winning)\n|raw|QD lol's rating: 1219 &rarr; <strong>1189<\/strong><br \/>(-30 for losing)\n|c|\u2606QD lol|ggs\n|l|\u2606QD lol\n|c|\u2606DavyCricket|gg\n","uploadtime":1698281243,"views":8,"p1id":"davycricket","p2id":"qdlol","formatid":"gen9anythinggoes","rating":1178,"private":0,"password":""}