{"id":"gen9anythinggoes-1983683040","p1":"jeezus1023","p2":"BillTheThrill42","format":"[Gen 9] Anything Goes","log":"|j|\u2606jeezus1023\n|j|\u2606BillTheThrill42\n|t:|1699160252\n|gametype|singles\n|player|p1|jeezus1023|clair|\n|player|p2|BillTheThrill42|red|\n|teamsize|p1|6\n|teamsize|p2|6\n|gen|9\n|tier|[Gen 9] Anything Goes\n|rule|HP Percentage Mod: HP is shown in percentages\n|rule|Endless Battle Clause: Forcing endless battles is banned\n|clearpoke\n|poke|p1|Walking Wake|\n|poke|p1|Mimikyu, M|\n|poke|p1|Garchomp, M|\n|poke|p1|Decidueye, M|\n|poke|p1|Torkoal, F|\n|poke|p1|Muk-Alola, M|\n|poke|p2|Iron Valiant|\n|poke|p2|Palafin, M|\n|poke|p2|Pelipper, F|\n|poke|p2|Overqwil, M|\n|poke|p2|Donphan, M|\n|poke|p2|Noivern, M|\n|teampreview\n|j| Jojospicydong\n|\n|t:|1699160295\n|start\n|switch|p1a: LSD|Muk-Alola, M|100\/100\n|switch|p2a: Delfender|Palafin, M|100\/100\n|turn|1\n|\n|t:|1699160316\n|detailschange|p2a: Delfender|Palafin-Hero, M\n|switch|p2a: Radobaan|Donphan, M, shiny|100\/100\n|move|p1a: LSD|Knock Off|p2a: Radobaan\n|-damage|p2a: Radobaan|67\/100\n|-enditem|p2a: Radobaan|Heavy-Duty Boots|[from] move: Knock Off|[of] p1a: LSD\n|\n|upkeep\n|turn|2\n|\n|t:|1699160364\n|switch|p1a: Decidueye|Decidueye, M|100\/100\n|move|p2a: Radobaan|Earthquake|p1a: Decidueye\n|-resisted|p1a: Decidueye\n|-damage|p1a: Decidueye|71\/100\n|\n|upkeep\n|turn|3\n|\n|t:|1699160374\n|switch|p2a: Phyllis|Pelipper, F|100\/100\n|-weather|RainDance|[from] ability: Drizzle|[of] p2a: Phyllis\n|move|p1a: Decidueye|U-turn|p2a: Phyllis\n|-resisted|p2a: Phyllis\n|-damage|p2a: Phyllis|92\/100\n|\n|t:|1699160382\n|switch|p1a: LSD|Muk-Alola, M|100\/100|[from] U-turn\n|\n|-weather|RainDance|[upkeep]\n|upkeep\n|turn|4\n|\n|t:|1699160421\n|switch|p2a: Radobaan|Donphan, M, shiny|67\/100\n|move|p1a: LSD|Knock Off|p2a: Radobaan\n|-damage|p2a: Radobaan|47\/100\n|\n|-weather|RainDance|[upkeep]\n|upkeep\n|turn|5\n|\n|t:|1699160440\n|switch|p1a: Decidueye|Decidueye, M|71\/100\n|move|p2a: Radobaan|Ice Shard|p1a: Decidueye\n|-supereffective|p1a: Decidueye\n|-damage|p1a: Decidueye|37\/100\n|\n|-weather|RainDance|[upkeep]\n|upkeep\n|turn|6\n|\n|t:|1699160449\n|switch|p2a: Phyllis|Pelipper, F|92\/100\n|move|p1a: Decidueye|Roost|p1a: Decidueye\n|-heal|p1a: Decidueye|87\/100\n|-singleturn|p1a: Decidueye|move: Roost\n|\n|-weather|RainDance|[upkeep]\n|upkeep\n|turn|7\n|\n|t:|1699160456\n|move|p1a: Decidueye|U-turn|p2a: Phyllis\n|-resisted|p2a: Phyllis\n|-damage|p2a: Phyllis|84\/100\n|\n|t:|1699160469\n|switch|p1a: LSD|Muk-Alola, M|100\/100|[from] U-turn\n|move|p2a: Phyllis|Hurricane|p1a: LSD\n|-damage|p1a: LSD|84\/100\n|-start|p1a: LSD|confusion\n|\n|-weather|RainDance|[upkeep]\n|upkeep\n|turn|8\n|\n|t:|1699160479\n|switch|p2a: Delfender|Palafin-Hero, M|100\/100\n|-activate|p2a: Delfender|ability: Zero to Hero\n|-activate|p1a: LSD|confusion\n|move|p1a: LSD|Ice Punch|p2a: Delfender\n|-resisted|p2a: Delfender\n|-damage|p2a: Delfender|92\/100\n|\n|-weather|RainDance|[upkeep]\n|upkeep\n|turn|9\n|\n|t:|1699160502\n|switch|p1a: Decidueye|Decidueye, M|87\/100\n|move|p2a: Delfender|Bulk Up|p2a: Delfender\n|-boost|p2a: Delfender|atk|1\n|-boost|p2a: Delfender|def|1\n|\n|-weather|RainDance|[upkeep]\n|upkeep\n|turn|10\n|\n|t:|1699160514\n|move|p2a: Delfender|Ice Punch|p1a: Decidueye\n|-supereffective|p1a: Decidueye\n|-damage|p1a: Decidueye|0 fnt\n|faint|p1a: Decidueye\n|\n|-weather|none\n|upkeep\n|l| Jojospicydong\n|j| Jojospicydong\n|\n|t:|1699160569\n|switch|p1a: Demon|Garchomp, M|100\/100\n|turn|11\n|\n|t:|1699160574\n|move|p1a: Demon|Earthquake|p2a: Delfender\n|-damage|p2a: Delfender|53\/100\n|-damage|p1a: Demon|91\/100|[from] item: Life Orb\n|move|p2a: Delfender|Ice Punch|p1a: Demon\n|-supereffective|p1a: Demon\n|-damage|p1a: Demon|0 fnt\n|-damage|p2a: Delfender|40\/100|[from] ability: Rough Skin|[of] p1a: Demon\n|faint|p1a: Demon\n|\n|upkeep\n|\n|t:|1699160621\n|switch|p1a: Body Bag|Walking Wake|100\/100\n|turn|12\n|\n|t:|1699160647\n|move|p1a: Body Bag|Hydro Steam|p2a: Delfender\n|-resisted|p2a: Delfender\n|-damage|p2a: Delfender|19\/100\n|move|p2a: Delfender|Drain Punch|p1a: Body Bag\n|-damage|p1a: Body Bag|61\/100\n|-heal|p2a: Delfender|36\/100|[from] drain|[of] p1a: Body Bag\n|\n|upkeep\n|turn|13\n|\n|t:|1699160659\n|-end|p1a: Body Bag|Protosynthesis|[silent]\n|switch|p1a: Eldritch Horror|Mimikyu, M, shiny|100\/100\n|move|p2a: Delfender|Drain Punch|p1a: Eldritch Horror\n|-immune|p1a: Eldritch Horror\n|\n|upkeep\n|turn|14\n|\n|t:|1699160665\n|move|p2a: Delfender|Jet Punch|p1a: Eldritch Horror\n|-activate|p1a: Eldritch Horror|ability: Disguise\n|-damage|p1a: Eldritch Horror|100\/100\n|detailschange|p1a: Eldritch Horror|Mimikyu-Busted, M, shiny\n|-damage|p1a: Eldritch Horror|88\/100|[from] pokemon: Mimikyu-Busted\n|move|p1a: Eldritch Horror|Trailblaze|p2a: Delfender\n|-supereffective|p2a: Delfender\n|-damage|p2a: Delfender|18\/100\n|-boost|p1a: Eldritch Horror|spe|1\n|\n|upkeep\n|turn|15\n|\n|t:|1699160682\n|move|p1a: Eldritch Horror|Shadow Sneak|p2a: Delfender\n|-damage|p2a: Delfender|8\/100\n|move|p2a: Delfender|Jet Punch|p1a: Eldritch Horror\n|-damage|p1a: Eldritch Horror|6\/100\n|\n|upkeep\n|turn|16\n|\n|t:|1699160702\n|switch|p2a: Hertz|Overqwil, M|100\/100\n|move|p1a: Eldritch Horror|Shadow Sneak|p2a: Hertz\n|-resisted|p2a: Hertz\n|-damage|p2a: Hertz|91\/100\n|\n|upkeep\n|turn|17\n|\n|t:|1699160712\n|switch|p1a: Cloaca|Torkoal, F|100\/100\n|-weather|SunnyDay|[from] ability: Drought|[of] p1a: Cloaca\n|move|p2a: Hertz|Aqua Jet|p1a: Cloaca\n|-supereffective|p1a: Cloaca\n|-damage|p1a: Cloaca|93\/100\n|\n|-weather|SunnyDay|[upkeep]\n|upkeep\n|turn|18\n|\n|t:|1699160720\n|switch|p2a: Phyllis|Pelipper, F|84\/100\n|-weather|RainDance|[from] ability: Drizzle|[of] p2a: Phyllis\n|move|p1a: Cloaca|Yawn|p2a: Phyllis\n|-start|p2a: Phyllis|move: Yawn|[of] p1a: Cloaca\n|\n|-weather|RainDance|[upkeep]\n|upkeep\n|turn|19\n|\n|t:|1699160730\n|switch|p1a: LSD|Muk-Alola, M|84\/100\n|move|p2a: Phyllis|U-turn|p1a: LSD\n|-damage|p1a: LSD|73\/100\n|\n|t:|1699160735\n|switch|p2a: Radobaan|Donphan, M, shiny|47\/100|[from] U-turn\n|\n|-weather|RainDance|[upkeep]\n|upkeep\n|turn|20\n|\n|t:|1699160744\n|move|p2a: Radobaan|Earthquake|p1a: LSD\n|-supereffective|p1a: LSD\n|-damage|p1a: LSD|0 fnt\n|faint|p1a: LSD\n|\n|-weather|RainDance|[upkeep]\n|upkeep\n|\n|t:|1699160750\n|switch|p1a: Body Bag|Walking Wake|61\/100\n|turn|21\n|\n|t:|1699160759\n|move|p2a: Radobaan|Ice Shard|p1a: Body Bag\n|-damage|p1a: Body Bag|46\/100\n|move|p1a: Body Bag|Hydro Steam|p2a: Radobaan\n|-supereffective|p2a: Radobaan\n|-damage|p2a: Radobaan|0 fnt\n|faint|p2a: Radobaan\n|\n|-weather|RainDance|[upkeep]\n|upkeep\n|\n|t:|1699160781\n|switch|p2a: Paolumu|Noivern, M|100\/100\n|-item|p1a: Body Bag|Choice Specs|[from] ability: Frisk|[of] p2a: Paolumu|[identify]\n|turn|22\n|\n|t:|1699160807\n|-end|p1a: Body Bag|Protosynthesis|[silent]\n|switch|p1a: Cloaca|Torkoal, F|93\/100\n|-weather|SunnyDay|[from] ability: Drought|[of] p1a: Cloaca\n|move|p2a: Paolumu|Draco Meteor|p1a: Cloaca\n|-damage|p1a: Cloaca|0 fnt\n|-unboost|p2a: Paolumu|spa|2\n|faint|p1a: Cloaca\n|-damage|p2a: Paolumu|91\/100|[from] item: Life Orb\n|\n|-weather|SunnyDay|[upkeep]\n|upkeep\n|\n|t:|1699160818\n|switch|p1a: Eldritch Horror|Mimikyu-Busted, M, shiny|6\/100\n|turn|23\n|\n|t:|1699160823\n|switch|p2a: Phyllis|Pelipper, F|84\/100\n|-weather|RainDance|[from] ability: Drizzle|[of] p2a: Phyllis\n|move|p1a: Eldritch Horror|Play Rough|p2a: Phyllis\n|-damage|p2a: Phyllis|58\/100\n|\n|-weather|RainDance|[upkeep]\n|upkeep\n|turn|24\n|\n|t:|1699160831\n|move|p1a: Eldritch Horror|Play Rough|p2a: Phyllis\n|-damage|p2a: Phyllis|28\/100\n|move|p2a: Phyllis|U-turn|p1a: Eldritch Horror\n|-resisted|p1a: Eldritch Horror\n|-damage|p1a: Eldritch Horror|2\/100\n|\n|t:|1699160838\n|switch|p2a: Fiora|Iron Valiant, shiny|100\/100|[from] U-turn\n|-enditem|p2a: Fiora|Booster Energy\n|-activate|p2a: Fiora|ability: Quark Drive|[fromitem]\n|-start|p2a: Fiora|quarkdrivespe\n|\n|-weather|RainDance|[upkeep]\n|upkeep\n|turn|25\n|\n|t:|1699160845\n|move|p2a: Fiora|Moonblast|p1a: Eldritch Horror\n|-damage|p1a: Eldritch Horror|0 fnt\n|faint|p1a: Eldritch Horror\n|\n|-weather|RainDance|[upkeep]\n|upkeep\n|\n|t:|1699160850\n|switch|p1a: Body Bag|Walking Wake|46\/100\n|turn|26\n|\n|t:|1699160853\n|move|p2a: Fiora|Moonblast|p1a: Body Bag\n|-supereffective|p1a: Body Bag\n|-damage|p1a: Body Bag|0 fnt\n|faint|p1a: Body Bag\n|-end|p1a: Body Bag|Protosynthesis|[silent]\n|\n|win|BillTheThrill42\n|c|\u2606jeezus1023|gg\n|c|\u2606BillTheThrill42|Gg\n|l| Jojospicydong\n","uploadtime":1699160862,"views":7,"p1id":"jeezus1023","p2id":"billthethrill42","formatid":"gen9anythinggoes","rating":0,"private":0,"password":""}