{"id":"gen9anythinggoes-1985164731","p1":"Eriririririririric","p2":"quaxli","format":"[Gen 9] Anything Goes","log":"|j|\u203dEriririririririric\n|j|\u203dquaxli\n|t:|1699341451\n|gametype|singles\n|player|p1|Eriririririririric|hooligans|1546\n|player|p2|quaxli|brawly|1504\n|teamsize|p1|6\n|teamsize|p2|6\n|gen|9\n|tier|[Gen 9] Anything Goes\n|rated|\n|rule|HP Percentage Mod: HP is shown in percentages\n|rule|Endless Battle Clause: Forcing endless battles is banned\n|clearpoke\n|poke|p1|Koraidon|\n|poke|p1|Miraidon|\n|poke|p1|Cloyster, M|\n|poke|p1|Calyrex-Shadow|\n|poke|p1|Zacian-*|\n|poke|p1|Ditto|\n|poke|p2|Koraidon|\n|poke|p2|Miraidon|\n|poke|p2|Cloyster, M|\n|poke|p2|Zacian-*|\n|poke|p2|Ditto|\n|poke|p2|Shaymin-Sky|\n|teampreview\n|inactive|Battle timer is ON: inactive players will automatically lose when time's up. (requested by quaxli)\n|\n|t:|1699341474\n|start\n|switch|p1a: Cloyster|Cloyster, M|100\/100\n|switch|p2a: Zacian|Zacian-Crowned|100\/100\n|-ability|p2a: Zacian|Intrepid Sword|boost\n|-boost|p2a: Zacian|atk|1\n|turn|1\n|\n|t:|1699341486\n|move|p2a: Zacian|Behemoth Blade|p1a: Cloyster\n|-damage|p1a: Cloyster|25\/100\n|move|p1a: Cloyster|Shell Smash|p1a: Cloyster\n|-unboost|p1a: Cloyster|def|1\n|-unboost|p1a: Cloyster|spd|1\n|-boost|p1a: Cloyster|atk|2\n|-boost|p1a: Cloyster|spa|2\n|-boost|p1a: Cloyster|spe|2\n|\n|upkeep\n|turn|2\n|\n|t:|1699341493\n|move|p1a: Cloyster|Drill Run|p2a: Zacian\n|-supereffective|p2a: Zacian\n|-crit|p2a: Zacian\n|-damage|p2a: Zacian|0 fnt\n|faint|p2a: Zacian\n|\n|upkeep\n|\n|t:|1699341502\n|switch|p2a: Shaymin|Shaymin-Sky|100\/100\n|turn|3\n|\n|t:|1699341508\n|move|p2a: Shaymin|Air Slash|p1a: Cloyster\n|-damage|p1a: Cloyster|0 fnt\n|faint|p1a: Cloyster\n|\n|upkeep\n|\n|t:|1699341522\n|switch|p1a: Koraidon|Koraidon|100\/100\n|-weather|SunnyDay|[from] ability: Orichalcum Pulse|[of] p1a: Koraidon\n|-activate|p1a: Koraidon|Orichalcum Pulse|[source]\n|turn|4\n|\n|t:|1699341527\n|-terastallize|p2a: Shaymin|Rock\n|move|p1a: Koraidon|Flare Blitz|p2a: Shaymin\n|-resisted|p2a: Shaymin\n|-damage|p2a: Shaymin|49\/100\n|-damage|p1a: Koraidon|83\/100|[from] Recoil\n|move|p2a: Shaymin|Air Slash|p1a: Koraidon\n|-supereffective|p1a: Koraidon\n|-damage|p1a: Koraidon|9\/100\n|\n|-weather|SunnyDay|[upkeep]\n|upkeep\n|turn|5\n|\n|t:|1699341546\n|switch|p2a: Koraidon|Koraidon|100\/100\n|-activate|p2a: Koraidon|ability: Orichalcum Pulse\n|move|p1a: Koraidon|Flare Blitz|p2a: Koraidon\n|-resisted|p2a: Koraidon\n|-damage|p2a: Koraidon|65\/100\n|-damage|p1a: Koraidon|0 fnt|[from] Recoil\n|faint|p1a: Koraidon\n|\n|-weather|SunnyDay|[upkeep]\n|upkeep\n|\n|t:|1699341560\n|switch|p1a: Zacian|Zacian-Crowned|100\/100\n|-ability|p1a: Zacian|Intrepid Sword|boost\n|-boost|p1a: Zacian|atk|1\n|turn|6\n|\n|t:|1699341564\n|move|p2a: Koraidon|Flare Blitz|p1a: Zacian\n|-supereffective|p1a: Zacian\n|-damage|p1a: Zacian|0 fnt\n|faint|p1a: Zacian\n|-damage|p2a: Koraidon|33\/100|[from] Recoil\n|\n|-weather|SunnyDay|[upkeep]\n|upkeep\n|\n|t:|1699341569\n|switch|p1a: Calyrex|Calyrex-Shadow|100\/100\n|-ability|p1a: Calyrex|As One\n|-ability|p1a: Calyrex|Unnerve\n|turn|7\n|\n|t:|1699341571\n|move|p1a: Calyrex|Astral Barrage|p2a: Koraidon\n|-crit|p2a: Koraidon\n|-damage|p2a: Koraidon|0 fnt\n|faint|p2a: Koraidon\n|-ability|p1a: Calyrex|Grim Neigh|boost\n|-boost|p1a: Calyrex|spa|1\n|\n|-weather|SunnyDay|[upkeep]\n|upkeep\n|\n|t:|1699341582\n|switch|p2a: Ditto|Ditto|100\/100\n|-transform|p2a: Ditto|p1a: Calyrex|[from] ability: Imposter\n|turn|8\n|\n|t:|1699341605\n|move|p1a: Calyrex|Astral Barrage|p2a: Ditto\n|-supereffective|p2a: Ditto\n|-enditem|p2a: Ditto|Focus Sash\n|-damage|p2a: Ditto|1\/100\n|move|p2a: Ditto|Astral Barrage|p1a: Calyrex\n|-supereffective|p1a: Calyrex\n|-damage|p1a: Calyrex|0 fnt\n|faint|p1a: Calyrex\n|-ability|p2a: Ditto|Grim Neigh|boost\n|-boost|p2a: Ditto|spa|1\n|\n|-weather|none\n|upkeep\n|\n|t:|1699341610\n|switch|p1a: Miraidon|Miraidon|100\/100\n|-fieldstart|move: Electric Terrain|[from] ability: Hadron Engine|[of] p1a: Miraidon\n|turn|9\n|\n|t:|1699341616\n|move|p2a: Ditto|Astral Barrage|p1a: Miraidon\n|-damage|p1a: Miraidon|0 fnt\n|faint|p1a: Miraidon\n|-ability|p2a: Ditto|Grim Neigh|boost\n|-boost|p2a: Ditto|spa|1\n|\n|upkeep\n|\n|t:|1699341621\n|switch|p1a: Ditto|Ditto|100\/100\n|turn|10\n|\n|t:|1699341626\n|-terastallize|p1a: Ditto|Normal\n|move|p2a: Ditto|Dark Pulse|p1a: Ditto\n|-enditem|p1a: Ditto|Focus Sash\n|-damage|p1a: Ditto|1\/100\n|cant|p1a: Ditto|flinch\n|\n|upkeep\n|turn|11\n|\n|t:|1699341634\n|move|p2a: Ditto|Giga Drain|p1a: Ditto\n|-damage|p1a: Ditto|0 fnt\n|-heal|p2a: Ditto|1\/100|[from] drain|[of] p1a: Ditto\n|faint|p1a: Ditto\n|\n|win|quaxli\n|raw|Eriririririririric's rating: 1546 &rarr; <strong>1524<\/strong><br \/>(-22 for losing)\n|raw|quaxli's rating: 1504 &rarr; <strong>1526<\/strong><br \/>(+22 for winning)\n|l|\u203dEriririririririric\n","uploadtime":1699341649,"views":7,"p1id":"eriririririririric","p2id":"quaxli","formatid":"gen9anythinggoes","rating":1524,"private":0,"password":""}