{"id":"gen9anythinggoes-1999526479","p1":"TeamSkySecialForce","p2":"DR4N","format":"[Gen 9] Anything Goes","log":"|j|\u2606TeamSkySecialForce\n|j|\u2606DR4N\n|t:|1701092629\n|gametype|singles\n|player|p1|TeamSkySecialForce|palmer|1184\n|player|p2|DR4N|lucas-gen4pt|1140\n|teamsize|p1|6\n|teamsize|p2|6\n|gen|9\n|tier|[Gen 9] Anything Goes\n|rated|\n|rule|HP Percentage Mod: HP is shown in percentages\n|rule|Endless Battle Clause: Forcing endless battles is banned\n|clearpoke\n|poke|p1|Thundurus-Therian, M|\n|poke|p1|Mandibuzz, F|\n|poke|p1|Yanmega, F|\n|poke|p1|Zapdos|\n|poke|p1|Hawlucha, M|\n|poke|p1|Staraptor, M|\n|poke|p2|Oshawott, M|\n|poke|p2|Lycanroc-Dusk, M|\n|poke|p2|Pawmot, F|\n|poke|p2|Clodsire, M|\n|poke|p2|Gogoat, M|\n|poke|p2|Arcanine, M|\n|teampreview\n|\n|t:|1701092642\n|start\n|switch|p1a: Hawlucha|Hawlucha, M, shiny|100\/100\n|switch|p2a: \u30c9\u30aa\u30fc|Clodsire, M, shiny|100\/100\n|turn|1\n|\n|t:|1701092648\n|move|p1a: Hawlucha|High Jump Kick|p2a: \u30c9\u30aa\u30fc\n|-resisted|p2a: \u30c9\u30aa\u30fc\n|-damage|p2a: \u30c9\u30aa\u30fc|73\/100\n|move|p2a: \u30c9\u30aa\u30fc|Stealth Rock|p1a: Hawlucha\n|-sidestart|p1: TeamSkySecialForce|move: Stealth Rock\n|\n|-heal|p2a: \u30c9\u30aa\u30fc|79\/100|[from] item: Leftovers\n|upkeep\n|turn|2\n|\n|t:|1701092662\n|switch|p2a: \u30b4\u30fc\u30b4\u30fc\u30c8|Gogoat, M, shiny|100\/100\n|move|p1a: Hawlucha|Swords Dance|p1a: Hawlucha\n|-boost|p1a: Hawlucha|atk|2\n|\n|upkeep\n|turn|3\n|\n|t:|1701092669\n|-terastallize|p2a: \u30b4\u30fc\u30b4\u30fc\u30c8|Fairy\n|move|p1a: Hawlucha|Defog|p2a: \u30b4\u30fc\u30b4\u30fc\u30c8\n|-unboost|p2a: \u30b4\u30fc\u30b4\u30fc\u30c8|evasion|1\n|-sideend|p1: TeamSkySecialForce|Stealth Rock|[from] move: Defog|[of] p1a: Hawlucha\n|move|p2a: \u30b4\u30fc\u30b4\u30fc\u30c8|Play Rough|p1a: Hawlucha\n|-supereffective|p1a: Hawlucha\n|-damage|p1a: Hawlucha|0 fnt\n|faint|p1a: Hawlucha\n|\n|upkeep\n|\n|t:|1701092680\n|switch|p1a: Zapdos|Zapdos|100\/100\n|turn|4\n|\n|t:|1701092685\n|switch|p2a: \u30a6\u30a4\u30f3\u30c7\u30a3|Arcanine, M, shiny|100\/100\n|move|p1a: Zapdos|Tailwind|p1a: Zapdos\n|-sidestart|p1: TeamSkySecialForce|move: Tailwind\n|\n|upkeep\n|turn|5\n|\n|t:|1701092692\n|move|p1a: Zapdos|Electric Terrain|p1a: Zapdos\n|-fieldstart|move: Electric Terrain\n|move|p2a: \u30a6\u30a4\u30f3\u30c7\u30a3|Hyper Voice|p1a: Zapdos\n|-damage|p1a: Zapdos|70\/100\n|-enditem|p2a: \u30a6\u30a4\u30f3\u30c7\u30a3|Throat Spray\n|-boost|p2a: \u30a6\u30a4\u30f3\u30c7\u30a3|spa|1|[from] item: Throat Spray\n|\n|upkeep\n|turn|6\n|\n|t:|1701092698\n|move|p1a: Zapdos|Charge|p1a: Zapdos\n|-boost|p1a: Zapdos|spd|1\n|-start|p1a: Zapdos|Charge\n|move|p2a: \u30a6\u30a4\u30f3\u30c7\u30a3|Hyper Beam|p1a: Zapdos\n|-damage|p1a: Zapdos|11\/100\n|-mustrecharge|p2a: \u30a6\u30a4\u30f3\u30c7\u30a3\n|\n|upkeep\n|turn|7\n|\n|t:|1701092704\n|move|p1a: Zapdos|Thunderbolt|p2a: \u30a6\u30a4\u30f3\u30c7\u30a3\n|-damage|p2a: \u30a6\u30a4\u30f3\u30c7\u30a3|0 fnt\n|faint|p2a: \u30a6\u30a4\u30f3\u30c7\u30a3\n|-end|p1a: Zapdos|Charge|[silent]\n|\n|-sideend|p1: TeamSkySecialForce|move: Tailwind\n|upkeep\n|\n|t:|1701092714\n|switch|p2a: \u30eb\u30ac\u30eb\u30ac\u30f3|Lycanroc-Dusk, M, shiny|100\/100\n|turn|8\n|\n|t:|1701092716\n|move|p2a: \u30eb\u30ac\u30eb\u30ac\u30f3|Accelerock|p1a: Zapdos\n|-supereffective|p1a: Zapdos\n|-damage|p1a: Zapdos|0 fnt\n|faint|p1a: Zapdos\n|-damage|p2a: \u30eb\u30ac\u30eb\u30ac\u30f3|91\/100|[from] item: Life Orb\n|\n|upkeep\n|\n|t:|1701092726\n|switch|p1a: Thundurus|Thundurus-Therian, M|100\/100\n|turn|9\n|\n|t:|1701092730\n|move|p2a: \u30eb\u30ac\u30eb\u30ac\u30f3|Accelerock|p1a: Thundurus\n|-supereffective|p1a: Thundurus\n|-damage|p1a: Thundurus|13\/100\n|-enditem|p1a: Thundurus|Salac Berry|[eat]\n|-boost|p1a: Thundurus|spe|1|[from] item: Salac Berry\n|-damage|p2a: \u30eb\u30ac\u30eb\u30ac\u30f3|81\/100|[from] item: Life Orb\n|move|p1a: Thundurus|Wildbolt Storm|p2a: \u30eb\u30ac\u30eb\u30ac\u30f3\n|-damage|p2a: \u30eb\u30ac\u30eb\u30ac\u30f3|0 fnt\n|faint|p2a: \u30eb\u30ac\u30eb\u30ac\u30f3\n|\n|-fieldend|move: Electric Terrain\n|upkeep\n|\n|t:|1701092737\n|switch|p2a: \u30d1\u30fc\u30e2\u30c3\u30c8|Pawmot, F, shiny|100\/100\n|turn|10\n|\n|t:|1701092742\n|move|p1a: Thundurus|Knock Off|p2a: \u30d1\u30fc\u30e2\u30c3\u30c8\n|-resisted|p2a: \u30d1\u30fc\u30e2\u30c3\u30c8\n|-damage|p2a: \u30d1\u30fc\u30e2\u30c3\u30c8|85\/100\n|-enditem|p2a: \u30d1\u30fc\u30e2\u30c3\u30c8|Focus Sash|[from] move: Knock Off|[of] p1a: Thundurus\n|move|p2a: \u30d1\u30fc\u30e2\u30c3\u30c8|Revival Blessing|p2a: \u30d1\u30fc\u30e2\u30c3\u30c8\n|\n|t:|1701092748\n|-heal|p2: \u30eb\u30ac\u30eb\u30ac\u30f3|50\/100|[from] move: Revival Blessing\n|\n|upkeep\n|turn|11\n|\n|t:|1701092752\n|move|p1a: Thundurus|Sludge Bomb|p2a: \u30d1\u30fc\u30e2\u30c3\u30c8\n|-damage|p2a: \u30d1\u30fc\u30e2\u30c3\u30c8|35\/100\n|move|p2a: \u30d1\u30fc\u30e2\u30c3\u30c8|Nuzzle|p1a: Thundurus\n|-heal|p1a: Thundurus|38\/100|[from] ability: Volt Absorb|[of] p2a: \u30d1\u30fc\u30e2\u30c3\u30c8\n|\n|upkeep\n|turn|12\n|\n|t:|1701092759\n|move|p1a: Thundurus|Sludge Bomb|p2a: \u30d1\u30fc\u30e2\u30c3\u30c8\n|-damage|p2a: \u30d1\u30fc\u30e2\u30c3\u30c8|0 fnt\n|faint|p2a: \u30d1\u30fc\u30e2\u30c3\u30c8\n|\n|upkeep\n|\n|t:|1701092762\n|switch|p2a: \u30eb\u30ac\u30eb\u30ac\u30f3|Lycanroc-Dusk, M, shiny|50\/100\n|turn|13\n|\n|t:|1701092766\n|move|p2a: \u30eb\u30ac\u30eb\u30ac\u30f3|Accelerock|p1a: Thundurus\n|-supereffective|p1a: Thundurus\n|-damage|p1a: Thundurus|0 fnt\n|faint|p1a: Thundurus\n|-damage|p2a: \u30eb\u30ac\u30eb\u30ac\u30f3|40\/100|[from] item: Life Orb\n|\n|upkeep\n|\n|t:|1701092771\n|switch|p1a: Staraptor|Staraptor, M|100\/100\n|turn|14\n|\n|t:|1701092776\n|move|p2a: \u30eb\u30ac\u30eb\u30ac\u30f3|Accelerock|p1a: Staraptor\n|-supereffective|p1a: Staraptor\n|-damage|p1a: Staraptor|8\/100\n|-damage|p2a: \u30eb\u30ac\u30eb\u30ac\u30f3|30\/100|[from] item: Life Orb\n|move|p1a: Staraptor|Double-Edge|p2a: \u30eb\u30ac\u30eb\u30ac\u30f3\n|-resisted|p2a: \u30eb\u30ac\u30eb\u30ac\u30f3\n|-damage|p2a: \u30eb\u30ac\u30eb\u30ac\u30f3|0 fnt\n|faint|p2a: \u30eb\u30ac\u30eb\u30ac\u30f3\n|-damage|p1a: Staraptor|0 fnt|[from] Recoil\n|faint|p1a: Staraptor\n|\n|upkeep\n|inactive|Battle timer is ON: inactive players will automatically lose when time's up. (requested by DR4N)\n|\n|t:|1701092796\n|switch|p2a: \u30df\u30b8\u30e5\u30de\u30eb|Oshawott, M, shiny|100\/100\n|switch|p1a: Yanmega|Yanmega, F|100\/100\n|turn|15\n|\n|t:|1701092800\n|move|p1a: Yanmega|Protect|p1a: Yanmega\n|-singleturn|p1a: Yanmega|Protect\n|move|p2a: \u30df\u30b8\u30e5\u30de\u30eb|Avalanche|p1a: Yanmega\n|-activate|p1a: Yanmega|move: Protect\n|\n|-ability|p1a: Yanmega|Speed Boost|boost\n|-boost|p1a: Yanmega|spe|1\n|upkeep\n|turn|16\n|\n|t:|1701092809\n|move|p1a: Yanmega|Air Slash|p2a: \u30df\u30b8\u30e5\u30de\u30eb\n|-crit|p2a: \u30df\u30b8\u30e5\u30de\u30eb\n|-enditem|p2a: \u30df\u30b8\u30e5\u30de\u30eb|Focus Sash\n|-damage|p2a: \u30df\u30b8\u30e5\u30de\u30eb|1\/100\n|move|p2a: \u30df\u30b8\u30e5\u30de\u30eb|Avalanche|p1a: Yanmega\n|-supereffective|p1a: Yanmega\n|-damage|p1a: Yanmega|45\/100\n|\n|-heal|p1a: Yanmega|51\/100|[from] item: Leftovers\n|-ability|p1a: Yanmega|Speed Boost|boost\n|-boost|p1a: Yanmega|spe|1\n|upkeep\n|turn|17\n|\n|t:|1701092821\n|move|p2a: \u30df\u30b8\u30e5\u30de\u30eb|Aqua Jet|p1a: Yanmega\n|-damage|p1a: Yanmega|28\/100\n|move|p1a: Yanmega|Bug Buzz|p2a: \u30df\u30b8\u30e5\u30de\u30eb\n|-damage|p2a: \u30df\u30b8\u30e5\u30de\u30eb|0 fnt\n|faint|p2a: \u30df\u30b8\u30e5\u30de\u30eb\n|\n|-heal|p1a: Yanmega|34\/100|[from] item: Leftovers\n|-ability|p1a: Yanmega|Speed Boost|boost\n|-boost|p1a: Yanmega|spe|1\n|upkeep\n|\n|t:|1701092826\n|switch|p2a: \u30c9\u30aa\u30fc|Clodsire, M, shiny|79\/100\n|turn|18\n|\n|t:|1701092834\n|move|p1a: Yanmega|Air Slash|p2a: \u30c9\u30aa\u30fc\n|-crit|p2a: \u30c9\u30aa\u30fc\n|-damage|p2a: \u30c9\u30aa\u30fc|50\/100\n|move|p2a: \u30c9\u30aa\u30fc|Stealth Rock|p1a: Yanmega\n|-sidestart|p1: TeamSkySecialForce|move: Stealth Rock\n|\n|-heal|p1a: Yanmega|40\/100|[from] item: Leftovers\n|-heal|p2a: \u30c9\u30aa\u30fc|56\/100|[from] item: Leftovers\n|-ability|p1a: Yanmega|Speed Boost|boost\n|-boost|p1a: Yanmega|spe|1\n|upkeep\n|turn|19\n|\n|t:|1701092843\n|move|p1a: Yanmega|Air Slash|p2a: \u30c9\u30aa\u30fc\n|-damage|p2a: \u30c9\u30aa\u30fc|37\/100\n|move|p2a: \u30c9\u30aa\u30fc|Recover|p2a: \u30c9\u30aa\u30fc\n|-heal|p2a: \u30c9\u30aa\u30fc|87\/100\n|\n|-heal|p1a: Yanmega|47\/100|[from] item: Leftovers\n|-heal|p2a: \u30c9\u30aa\u30fc|93\/100|[from] item: Leftovers\n|-ability|p1a: Yanmega|Speed Boost|boost\n|-boost|p1a: Yanmega|spe|1\n|upkeep\n|turn|20\n|\n|t:|1701092858\n|switch|p2a: \u30b4\u30fc\u30b4\u30fc\u30c8|Gogoat, M, shiny, tera:Fairy|100\/100\n|move|p1a: Yanmega|Air Slash|p2a: \u30b4\u30fc\u30b4\u30fc\u30c8|[miss]\n|-miss|p1a: Yanmega|p2a: \u30b4\u30fc\u30b4\u30fc\u30c8\n|\n|-heal|p1a: Yanmega|53\/100|[from] item: Leftovers\n|-ability|p1a: Yanmega|Speed Boost|boost\n|-boost|p1a: Yanmega|spe|1\n|upkeep\n|turn|21\n|\n|t:|1701092866\n|move|p1a: Yanmega|Air Slash|p2a: \u30b4\u30fc\u30b4\u30fc\u30c8|[miss]\n|-miss|p1a: Yanmega|p2a: \u30b4\u30fc\u30b4\u30fc\u30c8\n|move|p2a: \u30b4\u30fc\u30b4\u30fc\u30c8|Play Rough|p1a: Yanmega\n|-damage|p1a: Yanmega|11\/100\n|\n|-heal|p1a: Yanmega|17\/100|[from] item: Leftovers\n|upkeep\n|turn|22\n|\n|t:|1701092873\n|move|p1a: Yanmega|Air Slash|p2a: \u30b4\u30fc\u30b4\u30fc\u30c8\n|-damage|p2a: \u30b4\u30fc\u30b4\u30fc\u30c8|69\/100\n|move|p2a: \u30b4\u30fc\u30b4\u30fc\u30c8|Play Rough|p1a: Yanmega\n|-damage|p1a: Yanmega|0 fnt\n|faint|p1a: Yanmega\n|\n|upkeep\n|\n|t:|1701092880\n|switch|p1a: Mandibuzz|Mandibuzz, F|100\/100\n|-damage|p1a: Mandibuzz|75\/100|[from] Stealth Rock\n|turn|23\n|\n|t:|1701092887\n|-terastallize|p1a: Mandibuzz|Fairy\n|move|p1a: Mandibuzz|Iron Defense|p1a: Mandibuzz\n|-boost|p1a: Mandibuzz|def|2\n|move|p2a: \u30b4\u30fc\u30b4\u30fc\u30c8|Play Rough|p1a: Mandibuzz\n|-damage|p1a: Mandibuzz|63\/100\n|-ability|p1a: Mandibuzz|Weak Armor|boost\n|-unboost|p1a: Mandibuzz|def|1\n|-boost|p1a: Mandibuzz|spe|2\n|\n|-heal|p1a: Mandibuzz|69\/100|[from] item: Leftovers\n|upkeep\n|turn|24\n|\n|t:|1701092897\n|move|p1a: Mandibuzz|Iron Defense|p1a: Mandibuzz\n|-boost|p1a: Mandibuzz|def|2\n|move|p2a: \u30b4\u30fc\u30b4\u30fc\u30c8|Leech Seed|p1a: Mandibuzz\n|-start|p1a: Mandibuzz|move: Leech Seed\n|\n|-heal|p1a: Mandibuzz|75\/100|[from] item: Leftovers\n|-damage|p1a: Mandibuzz|63\/100|[from] Leech Seed|[of] p2a: \u30b4\u30fc\u30b4\u30fc\u30c8\n|-heal|p2a: \u30b4\u30fc\u30b4\u30fc\u30c8|81\/100|[silent]\n|upkeep\n|turn|25\n|\n|t:|1701092904\n|move|p1a: Mandibuzz|Toxic|p2a: \u30b4\u30fc\u30b4\u30fc\u30c8\n|-status|p2a: \u30b4\u30fc\u30b4\u30fc\u30c8|tox\n|move|p2a: \u30b4\u30fc\u30b4\u30fc\u30c8|Milk Drink|p2a: \u30b4\u30fc\u30b4\u30fc\u30c8\n|-heal|p2a: \u30b4\u30fc\u30b4\u30fc\u30c8|100\/100 tox\n|\n|-heal|p1a: Mandibuzz|69\/100|[from] item: Leftovers\n|-damage|p1a: Mandibuzz|57\/100|[from] Leech Seed|[of] p2a: \u30b4\u30fc\u30b4\u30fc\u30c8\n|-damage|p2a: \u30b4\u30fc\u30b4\u30fc\u30c8|94\/100 tox|[from] psn\n|upkeep\n|turn|26\n|\n|t:|1701092913\n|move|p1a: Mandibuzz|Heat Wave|p2a: \u30b4\u30fc\u30b4\u30fc\u30c8\n|-damage|p2a: \u30b4\u30fc\u30b4\u30fc\u30c8|82\/100 tox\n|move|p2a: \u30b4\u30fc\u30b4\u30fc\u30c8|Horn Leech|p1a: Mandibuzz\n|-damage|p1a: Mandibuzz|48\/100\n|-heal|p2a: \u30b4\u30fc\u30b4\u30fc\u30c8|86\/100 tox|[from] drain|[of] p1a: Mandibuzz\n|-ability|p1a: Mandibuzz|Weak Armor|boost\n|-unboost|p1a: Mandibuzz|def|1\n|-boost|p1a: Mandibuzz|spe|2\n|\n|-heal|p1a: Mandibuzz|54\/100|[from] item: Leftovers\n|-damage|p1a: Mandibuzz|42\/100|[from] Leech Seed|[of] p2a: \u30b4\u30fc\u30b4\u30fc\u30c8\n|-heal|p2a: \u30b4\u30fc\u30b4\u30fc\u30c8|97\/100 tox|[silent]\n|-damage|p2a: \u30b4\u30fc\u30b4\u30fc\u30c8|85\/100 tox|[from] psn\n|upkeep\n|turn|27\n|\n|t:|1701092926\n|move|p1a: Mandibuzz|Shadow Ball|p2a: \u30b4\u30fc\u30b4\u30fc\u30c8\n|-damage|p2a: \u30b4\u30fc\u30b4\u30fc\u30c8|75\/100 tox\n|-unboost|p2a: \u30b4\u30fc\u30b4\u30fc\u30c8|spd|1\n|move|p2a: \u30b4\u30fc\u30b4\u30fc\u30c8|Horn Leech|p1a: Mandibuzz\n|-damage|p1a: Mandibuzz|32\/100\n|-heal|p2a: \u30b4\u30fc\u30b4\u30fc\u30c8|80\/100 tox|[from] drain|[of] p1a: Mandibuzz\n|-ability|p1a: Mandibuzz|Weak Armor|boost\n|-unboost|p1a: Mandibuzz|def|1\n|-boost|p1a: Mandibuzz|spe|2\n|\n|-heal|p1a: Mandibuzz|38\/100|[from] item: Leftovers\n|-damage|p1a: Mandibuzz|25\/100|[from] Leech Seed|[of] p2a: \u30b4\u30fc\u30b4\u30fc\u30c8\n|-heal|p2a: \u30b4\u30fc\u30b4\u30fc\u30c8|92\/100 tox|[silent]\n|-damage|p2a: \u30b4\u30fc\u30b4\u30fc\u30c8|73\/100 tox|[from] psn\n|upkeep\n|turn|28\n|\n|t:|1701092941\n|move|p1a: Mandibuzz|Iron Defense|p1a: Mandibuzz\n|-boost|p1a: Mandibuzz|def|2\n|move|p2a: \u30b4\u30fc\u30b4\u30fc\u30c8|Milk Drink|p2a: \u30b4\u30fc\u30b4\u30fc\u30c8\n|-heal|p2a: \u30b4\u30fc\u30b4\u30fc\u30c8|100\/100 tox\n|\n|-heal|p1a: Mandibuzz|31\/100|[from] item: Leftovers\n|-damage|p1a: Mandibuzz|19\/100|[from] Leech Seed|[of] p2a: \u30b4\u30fc\u30b4\u30fc\u30c8\n|-damage|p2a: \u30b4\u30fc\u30b4\u30fc\u30c8|76\/100 tox|[from] psn\n|upkeep\n|turn|29\n|\n|t:|1701092949\n|move|p1a: Mandibuzz|Iron Defense|p1a: Mandibuzz\n|-boost|p1a: Mandibuzz|def|2\n|move|p2a: \u30b4\u30fc\u30b4\u30fc\u30c8|Play Rough|p1a: Mandibuzz\n|-damage|p1a: Mandibuzz|12\/100\n|-ability|p1a: Mandibuzz|Weak Armor|boost\n|-unboost|p1a: Mandibuzz|def|1\n|\n|-heal|p1a: Mandibuzz|18\/100|[from] item: Leftovers\n|-damage|p1a: Mandibuzz|5\/100|[from] Leech Seed|[of] p2a: \u30b4\u30fc\u30b4\u30fc\u30c8\n|-heal|p2a: \u30b4\u30fc\u30b4\u30fc\u30c8|87\/100 tox|[silent]\n|-damage|p2a: \u30b4\u30fc\u30b4\u30fc\u30c8|56\/100 tox|[from] psn\n|upkeep\n|turn|30\n|\n|t:|1701092962\n|move|p1a: Mandibuzz|Shadow Ball|p2a: \u30b4\u30fc\u30b4\u30fc\u30c8\n|-damage|p2a: \u30b4\u30fc\u30b4\u30fc\u30c8|42\/100 tox\n|move|p2a: \u30b4\u30fc\u30b4\u30fc\u30c8|Leech Seed||[still]\n|-fail|p2a: \u30b4\u30fc\u30b4\u30fc\u30c8\n|\n|-heal|p1a: Mandibuzz|12\/100|[from] item: Leftovers\n|-damage|p1a: Mandibuzz|0 fnt|[from] Leech Seed|[of] p2a: \u30b4\u30fc\u30b4\u30fc\u30c8\n|-heal|p2a: \u30b4\u30fc\u30b4\u30fc\u30c8|52\/100 tox|[silent]\n|faint|p1a: Mandibuzz\n|\n|win|DR4N\n|upkeep\n|raw|TeamSkySecialForce's rating: 1184 &rarr; <strong>1156<\/strong><br \/>(-28 for losing)\n|raw|DR4N's rating: 1140 &rarr; <strong>1168<\/strong><br \/>(+28 for winning)\n|l|\u2606TeamSkySecialForce\n","uploadtime":1701092979,"views":0,"p1id":"teamskysecialforce","p2id":"dr4n","formatid":"gen9anythinggoes","rating":1156,"private":0,"password":""}