{"id":"gen9anythinggoes-1993768444","p1":"LingLing007","p2":"IyamSpeed","format":"[Gen 9] Anything Goes","log":"|j|\u2606LingLing007\n|j|\u203dIyamSpeed\n|t:|1700354979\n|gametype|singles\n|player|p1|LingLing007|proton|1240\n|player|p2|IyamSpeed|ethan|1285\n|teamsize|p1|6\n|teamsize|p2|6\n|gen|9\n|tier|[Gen 9] Anything Goes\n|rated|\n|rule|HP Percentage Mod: HP is shown in percentages\n|rule|Endless Battle Clause: Forcing endless battles is banned\n|clearpoke\n|poke|p1|Ting-Lu|\n|poke|p1|Meowscarada, M|\n|poke|p1|Roaring Moon|\n|poke|p1|Grimmsnarl, M|\n|poke|p1|Hydreigon, M|\n|poke|p1|Mandibuzz, F|\n|poke|p2|Garganacl, M|\n|poke|p2|Meowscarada, F|\n|poke|p2|Shaymin-Sky|\n|poke|p2|Infernape, F|\n|poke|p2|Garchomp, M|\n|poke|p2|Dondozo, M|\n|teampreview\n|inactive|Battle timer is ON: inactive players will automatically lose when time's up. (requested by IyamSpeed)\n|\n|t:|1700354985\n|start\n|switch|p1a: Ting-Lu|Ting-Lu|100\/100\n|switch|p2a: Infernape|Infernape, F|100\/100\n|-ability|p1a: Ting-Lu|Vessel of Ruin\n|turn|1\n|\n|t:|1700354991\n|move|p2a: Infernape|Drain Punch|p1a: Ting-Lu\n|-supereffective|p1a: Ting-Lu\n|-damage|p1a: Ting-Lu|41\/100\n|move|p1a: Ting-Lu|Whirlwind|p2a: Infernape\n|drag|p2a: Shaymin|Shaymin-Sky|100\/100\n|\n|-heal|p1a: Ting-Lu|47\/100|[from] item: Leftovers\n|upkeep\n|turn|2\n|\n|t:|1700354996\n|move|p2a: Shaymin|Seed Flare|p1a: Ting-Lu|[miss]\n|-miss|p2a: Shaymin|p1a: Ting-Lu\n|move|p1a: Ting-Lu|Stealth Rock|p2a: Shaymin\n|-sidestart|p2: IyamSpeed|move: Stealth Rock\n|\n|-heal|p1a: Ting-Lu|54\/100|[from] item: Leftovers\n|upkeep\n|turn|3\n|\n|t:|1700355000\n|move|p2a: Shaymin|Seed Flare|p1a: Ting-Lu\n|-supereffective|p1a: Ting-Lu\n|-damage|p1a: Ting-Lu|5\/100\n|-unboost|p1a: Ting-Lu|spd|2\n|move|p1a: Ting-Lu|Whirlwind|p2a: Shaymin\n|drag|p2a: Garchomp|Garchomp, M|100\/100\n|\n|-heal|p1a: Ting-Lu|11\/100|[from] item: Leftovers\n|upkeep\n|turn|4\n|\n|t:|1700355005\n|move|p2a: Garchomp|Liquidation|p1a: Ting-Lu\n|-supereffective|p1a: Ting-Lu\n|-crit|p1a: Ting-Lu\n|-damage|p1a: Ting-Lu|0 fnt\n|faint|p1a: Ting-Lu\n|\n|upkeep\n|\n|t:|1700355014\n|switch|p1a: Grimmsnarl|Grimmsnarl, M|100\/100\n|turn|5\n|\n|t:|1700355023\n|-terastallize|p2a: Garchomp|Water\n|move|p1a: Grimmsnarl|Reflect|p1a: Grimmsnarl\n|-sidestart|p1: LingLing007|Reflect\n|move|p2a: Garchomp|Earthquake|p1a: Grimmsnarl\n|-damage|p1a: Grimmsnarl|64\/100\n|\n|upkeep\n|turn|6\n|\n|t:|1700355028\n|move|p1a: Grimmsnarl|Parting Shot|p2a: Garchomp\n|-unboost|p2a: Garchomp|atk|1\n|-unboost|p2a: Garchomp|spa|1\n|\n|t:|1700355029\n|switch|p1a: Hydreigon|Hydreigon, M|100\/100|[from] Parting Shot\n|move|p2a: Garchomp|Liquidation|p1a: Hydreigon\n|-resisted|p1a: Hydreigon\n|-damage|p1a: Hydreigon|91\/100\n|\n|upkeep\n|turn|7\n|\n|t:|1700355036\n|move|p2a: Garchomp|Dragon Claw|p1a: Hydreigon\n|-supereffective|p1a: Hydreigon\n|-damage|p1a: Hydreigon|55\/100\n|move|p1a: Hydreigon|Dragon Dance|p1a: Hydreigon\n|-boost|p1a: Hydreigon|atk|1\n|-boost|p1a: Hydreigon|spe|1\n|\n|upkeep\n|turn|8\n|\n|t:|1700355048\n|move|p1a: Hydreigon|Earth Power|p2a: Garchomp\n|-damage|p2a: Garchomp|66\/100\n|move|p2a: Garchomp|Dragon Claw|p1a: Hydreigon\n|-supereffective|p1a: Hydreigon\n|-damage|p1a: Hydreigon|23\/100\n|\n|upkeep\n|turn|9\n|\n|t:|1700355053\n|move|p1a: Hydreigon|Earth Power|p2a: Garchomp\n|-damage|p2a: Garchomp|28\/100\n|-unboost|p2a: Garchomp|spd|1\n|move|p2a: Garchomp|Dragon Claw|p1a: Hydreigon\n|-supereffective|p1a: Hydreigon\n|-damage|p1a: Hydreigon|0 fnt\n|faint|p1a: Hydreigon\n|\n|upkeep\n|\n|t:|1700355055\n|switch|p1a: Roaring Moon|Roaring Moon|100\/100\n|-enditem|p1a: Roaring Moon|Booster Energy\n|-activate|p1a: Roaring Moon|ability: Protosynthesis|[fromitem]\n|-start|p1a: Roaring Moon|protosynthesisatk\n|turn|10\n|\n|t:|1700355061\n|-terastallize|p1a: Roaring Moon|Flying\n|move|p1a: Roaring Moon|Dragon Dance|p1a: Roaring Moon\n|-boost|p1a: Roaring Moon|atk|1\n|-boost|p1a: Roaring Moon|spe|1\n|move|p2a: Garchomp|Dragon Claw|p1a: Roaring Moon\n|-damage|p1a: Roaring Moon|80\/100\n|\n|upkeep\n|turn|11\n|\n|t:|1700355065\n|move|p1a: Roaring Moon|Dragon Dance|p1a: Roaring Moon\n|-boost|p1a: Roaring Moon|atk|1\n|-boost|p1a: Roaring Moon|spe|1\n|move|p2a: Garchomp|Liquidation|p1a: Roaring Moon\n|-damage|p1a: Roaring Moon|58\/100\n|\n|upkeep\n|turn|12\n|\n|t:|1700355072\n|move|p1a: Roaring Moon|Dragon Dance|p1a: Roaring Moon\n|-boost|p1a: Roaring Moon|atk|1\n|-boost|p1a: Roaring Moon|spe|1\n|move|p2a: Garchomp|Liquidation|p1a: Roaring Moon\n|-damage|p1a: Roaring Moon|38\/100\n|-unboost|p1a: Roaring Moon|def|1\n|\n|-sideend|p1: LingLing007|Reflect\n|upkeep\n|turn|13\n|\n|t:|1700355076\n|move|p1a: Roaring Moon|Knock Off|p2a: Garchomp\n|-crit|p2a: Garchomp\n|-damage|p2a: Garchomp|0 fnt\n|-damage|p1a: Roaring Moon|26\/100|[from] ability: Rough Skin|[of] p2a: Garchomp\n|-enditem|p2a: Garchomp|Heavy-Duty Boots|[from] move: Knock Off|[of] p1a: Roaring Moon\n|faint|p2a: Garchomp\n|\n|upkeep\n|\n|t:|1700355081\n|switch|p2a: Garganacl|Garganacl, M|100\/100\n|-damage|p2a: Garganacl|88\/100|[from] Stealth Rock\n|turn|14\n|\n|t:|1700355086\n|move|p1a: Roaring Moon|Knock Off|p2a: Garganacl\n|-damage|p2a: Garganacl|7\/100\n|-damage|p1a: Roaring Moon|9\/100|[from] item: Rocky Helmet|[of] p2a: Garganacl\n|-enditem|p2a: Garganacl|Rocky Helmet|[from] move: Knock Off|[of] p1a: Roaring Moon\n|move|p2a: Garganacl|Recover|p2a: Garganacl\n|-heal|p2a: Garganacl|57\/100\n|\n|upkeep\n|turn|15\n|\n|t:|1700355094\n|move|p1a: Roaring Moon|Earthquake|p2a: Garganacl\n|-supereffective|p2a: Garganacl\n|-damage|p2a: Garganacl|0 fnt\n|faint|p2a: Garganacl\n|\n|upkeep\n|\n|t:|1700355103\n|switch|p2a: Shaymin|Shaymin-Sky|100\/100\n|-damage|p2a: Shaymin|76\/100|[from] Stealth Rock\n|turn|16\n|\n|t:|1700355108\n|move|p1a: Roaring Moon|Acrobatics|p2a: Shaymin\n|-supereffective|p2a: Shaymin\n|-damage|p2a: Shaymin|0 fnt\n|faint|p2a: Shaymin\n|\n|upkeep\n|\n|t:|1700355115\n|switch|p2a: Dondozo|Dondozo, M|100\/100\n|-damage|p2a: Dondozo|88\/100|[from] Stealth Rock\n|turn|17\n|\n|t:|1700355119\n|move|p1a: Roaring Moon|Knock Off|p2a: Dondozo\n|-damage|p2a: Dondozo|58\/100\n|-enditem|p2a: Dondozo|Leftovers|[from] move: Knock Off|[of] p1a: Roaring Moon\n|move|p2a: Dondozo|Wave Crash|p1a: Roaring Moon\n|-damage|p1a: Roaring Moon|0 fnt\n|faint|p1a: Roaring Moon\n|-end|p1a: Roaring Moon|Protosynthesis|[silent]\n|-damage|p2a: Dondozo|56\/100|[from] Recoil\n|\n|upkeep\n|\n|t:|1700355123\n|switch|p1a: Meowscarada|Meowscarada, M, shiny|100\/100\n|turn|18\n|\n|t:|1700355127\n|switch|p2a: Infernape|Infernape, F|100\/100\n|-damage|p2a: Infernape|88\/100|[from] Stealth Rock\n|move|p1a: Meowscarada|Flower Trick|p2a: Infernape\n|-start|p1a: Meowscarada|typechange|Grass|[from] ability: Protean\n|-resisted|p2a: Infernape\n|-crit|p2a: Infernape\n|-damage|p2a: Infernape|35\/100\n|\n|upkeep\n|turn|19\n|\n|t:|1700355141\n|move|p1a: Meowscarada|Flower Trick|p2a: Infernape\n|-resisted|p2a: Infernape\n|-crit|p2a: Infernape\n|-damage|p2a: Infernape|0 fnt\n|faint|p2a: Infernape\n|\n|upkeep\n|\n|t:|1700355145\n|switch|p2a: Meowscarada|Meowscarada, F|100\/100\n|-damage|p2a: Meowscarada|88\/100|[from] Stealth Rock\n|turn|20\n|\n|t:|1700355149\n|switch|p1a: Grimmsnarl|Grimmsnarl, M|64\/100\n|move|p2a: Meowscarada|U-turn|p1a: Grimmsnarl\n|-start|p2a: Meowscarada|typechange|Bug|[from] ability: Protean\n|-damage|p1a: Grimmsnarl|27\/100\n|\n|t:|1700355156\n|switch|p2a: Dondozo|Dondozo, M|56\/100|[from] U-turn\n|-damage|p2a: Dondozo|44\/100|[from] Stealth Rock\n|\n|upkeep\n|turn|21\n|\n|t:|1700355159\n|move|p1a: Grimmsnarl|Reflect|p1a: Grimmsnarl\n|-sidestart|p1: LingLing007|Reflect\n|move|p2a: Dondozo|Rest|p2a: Dondozo\n|-status|p2a: Dondozo|slp|[from] move: Rest\n|-heal|p2a: Dondozo|100\/100 slp|[silent]\n|\n|upkeep\n|turn|22\n|\n|t:|1700355165\n|switch|p1a: Meowscarada|Meowscarada, M, shiny|100\/100\n|cant|p2a: Dondozo|slp\n|move|p2a: Dondozo|Sleep Talk|p2a: Dondozo\n|move|p2a: Dondozo|Rest||[from]move: Sleep Talk|[still]\n|-fail|p2a: Dondozo\n|\n|upkeep\n|turn|23\n|\n|t:|1700355181\n|move|p1a: Meowscarada|Flower Trick|p2a: Dondozo\n|-start|p1a: Meowscarada|typechange|Grass|[from] ability: Protean\n|-supereffective|p2a: Dondozo\n|-crit|p2a: Dondozo\n|-damage|p2a: Dondozo|40\/100 slp\n|cant|p2a: Dondozo|slp\n|move|p2a: Dondozo|Sleep Talk|p2a: Dondozo\n|move|p2a: Dondozo|Yawn|p1a: Meowscarada|[from]move: Sleep Talk\n|-start|p1a: Meowscarada|move: Yawn|[of] p2a: Dondozo\n|\n|upkeep\n|turn|24\n|\n|t:|1700355192\n|switch|p1a: Grimmsnarl|Grimmsnarl, M|27\/100\n|-curestatus|p2a: Dondozo|slp|[msg]\n|move|p2a: Dondozo|Rest|p2a: Dondozo\n|-status|p2a: Dondozo|slp|[from] move: Rest\n|-heal|p2a: Dondozo|100\/100 slp|[silent]\n|\n|upkeep\n|turn|25\n|\n|t:|1700355197\n|move|p1a: Grimmsnarl|Taunt|p2a: Dondozo\n|-start|p2a: Dondozo|move: Taunt\n|cant|p2a: Dondozo|slp\n|cant|p2a: Dondozo|move: Taunt|Sleep Talk\n|\n|upkeep\n|turn|26\n|\n|t:|1700355201\n|switch|p1a: Meowscarada|Meowscarada, M, shiny|100\/100\n|cant|p2a: Dondozo|slp\n|\n|upkeep\n|turn|27\n|\n|t:|1700355204\n|move|p1a: Meowscarada|Flower Trick|p2a: Dondozo\n|-start|p1a: Meowscarada|typechange|Grass|[from] ability: Protean\n|-supereffective|p2a: Dondozo\n|-crit|p2a: Dondozo\n|-damage|p2a: Dondozo|37\/100 slp\n|-curestatus|p2a: Dondozo|slp|[msg]\n|move|p2a: Dondozo|Wave Crash|p1a: Meowscarada\n|-resisted|p1a: Meowscarada\n|-damage|p1a: Meowscarada|84\/100\n|-damage|p2a: Dondozo|34\/100|[from] Recoil\n|\n|-end|p2a: Dondozo|move: Taunt\n|upkeep\n|turn|28\n|\n|t:|1700355208\n|move|p1a: Meowscarada|Flower Trick|p2a: Dondozo\n|-supereffective|p2a: Dondozo\n|-crit|p2a: Dondozo\n|-damage|p2a: Dondozo|0 fnt\n|faint|p2a: Dondozo\n|\n|-sideend|p1: LingLing007|Reflect\n|upkeep\n|\n|t:|1700355212\n|switch|p2a: Meowscarada|Meowscarada, F|88\/100\n|-damage|p2a: Meowscarada|76\/100|[from] Stealth Rock\n|turn|29\n|\n|t:|1700355216\n|switch|p1a: Mandibuzz|Mandibuzz, F|100\/100\n|move|p2a: Meowscarada|Play Rough|p1a: Mandibuzz\n|-start|p2a: Meowscarada|typechange|Fairy|[from] ability: Protean\n|-supereffective|p1a: Mandibuzz\n|-damage|p1a: Mandibuzz|35\/100\n|\n|-heal|p1a: Mandibuzz|42\/100|[from] item: Leftovers\n|upkeep\n|turn|30\n|\n|t:|1700355224\n|move|p2a: Meowscarada|Play Rough|p1a: Mandibuzz\n|-supereffective|p1a: Mandibuzz\n|-damage|p1a: Mandibuzz|0 fnt\n|faint|p1a: Mandibuzz\n|\n|upkeep\n|\n|t:|1700355225\n|switch|p1a: Grimmsnarl|Grimmsnarl, M|27\/100\n|turn|31\n|\n|t:|1700355231\n|move|p1a: Grimmsnarl|Reflect|p1a: Grimmsnarl\n|-sidestart|p1: LingLing007|Reflect\n|move|p2a: Meowscarada|Play Rough|p1a: Grimmsnarl\n|-supereffective|p1a: Grimmsnarl\n|-damage|p1a: Grimmsnarl|0 fnt\n|faint|p1a: Grimmsnarl\n|\n|upkeep\n|\n|t:|1700355235\n|switch|p1a: Meowscarada|Meowscarada, M, shiny|84\/100\n|turn|32\n|\n|t:|1700355238\n|move|p2a: Meowscarada|Play Rough|p1a: Meowscarada\n|-supereffective|p1a: Meowscarada\n|-damage|p1a: Meowscarada|23\/100\n|move|p1a: Meowscarada|Flower Trick|p2a: Meowscarada\n|-start|p1a: Meowscarada|typechange|Grass|[from] ability: Protean\n|-crit|p2a: Meowscarada\n|-damage|p2a: Meowscarada|0 fnt\n|faint|p2a: Meowscarada\n|\n|win|LingLing007\n|raw|LingLing007's rating: 1240 &rarr; <strong>1268<\/strong><br \/>(+28 for winning)\n|raw|IyamSpeed's rating: 1285 &rarr; <strong>1257<\/strong><br \/>(-28 for losing)\n|c|\u2606LingLing007|gg\n|l|\u203dIyamSpeed\n","uploadtime":1700356113,"views":4,"p1id":"lingling007","p2id":"iyamspeed","formatid":"gen9anythinggoes","rating":1257,"private":0,"password":""}