{"id":"gen9anythinggoes-1973787940","p1":"gmx galaxy","p2":"hbshsbd","format":"[Gen 9] Anything Goes","log":"|j|\u2606gmx galaxy\n|j|\u2606hbshsbd\n|t:|1698013484\n|gametype|singles\n|player|p1|gmx galaxy|linebacker|1058\n|player|p2|hbshsbd|galacticgruntf|1027\n|teamsize|p1|6\n|teamsize|p2|6\n|gen|9\n|tier|[Gen 9] Anything Goes\n|rated|\n|rule|HP Percentage Mod: HP is shown in percentages\n|rule|Endless Battle Clause: Forcing endless battles is banned\n|clearpoke\n|poke|p1|Greninja-*, M|\n|poke|p1|Sandaconda, M|\n|poke|p1|Chien-Pao|\n|poke|p1|Salamence, F|\n|poke|p1|Zacian-*|\n|poke|p1|Miraidon|\n|poke|p2|Maushold-Four|\n|poke|p2|Dipplin, M|\n|poke|p2|Lechonk, M|\n|poke|p2|Mimikyu, F|\n|poke|p2|Slowking-Galar, F|\n|poke|p2|Avalugg, F|\n|teampreview\n|c|\u2606hbshsbd|Hi\n|\n|t:|1698013497\n|start\n|switch|p1a: Chien-Pao|Chien-Pao|100\/100\n|switch|p2a: Avalugg|Avalugg, F|100\/100\n|-ability|p1a: Chien-Pao|Sword of Ruin\n|turn|1\n|\n|t:|1698013510\n|move|p1a: Chien-Pao|Sacred Sword|p2a: Avalugg\n|-supereffective|p2a: Avalugg\n|-damage|p2a: Avalugg|53\/100\n|-damage|p1a: Chien-Pao|91\/100|[from] item: Life Orb\n|move|p2a: Avalugg|Body Press|p1a: Chien-Pao\n|-supereffective|p1a: Chien-Pao\n|-damage|p1a: Chien-Pao|0 fnt\n|faint|p1a: Chien-Pao\n|\n|-heal|p2a: Avalugg|59\/100|[from] item: Leftovers\n|upkeep\n|\n|t:|1698013518\n|switch|p1a: Zacian|Zacian-Crowned|100\/100\n|-ability|p1a: Zacian|Intrepid Sword|boost\n|-boost|p1a: Zacian|atk|1\n|turn|2\n|\n|t:|1698013527\n|move|p1a: Zacian|Behemoth Blade|p2a: Avalugg\n|-supereffective|p2a: Avalugg\n|-damage|p2a: Avalugg|0 fnt\n|faint|p2a: Avalugg\n|\n|upkeep\n|\n|t:|1698013534\n|switch|p2a: Maushold|Maushold-Four|100\/100\n|turn|3\n|\n|t:|1698013539\n|-terastallize|p2a: Maushold|Ghost\n|move|p1a: Zacian|Brick Break|p2a: Maushold\n|-immune|p2a: Maushold\n|move|p2a: Maushold|Population Bomb|p1a: Zacian\n|-resisted|p1a: Zacian\n|-damage|p1a: Zacian|94\/100\n|-resisted|p1a: Zacian\n|-damage|p1a: Zacian|88\/100\n|-resisted|p1a: Zacian\n|-damage|p1a: Zacian|82\/100\n|-resisted|p1a: Zacian\n|-damage|p1a: Zacian|75\/100\n|-resisted|p1a: Zacian\n|-damage|p1a: Zacian|69\/100\n|-resisted|p1a: Zacian\n|-crit|p1a: Zacian\n|-damage|p1a: Zacian|59\/100\n|-resisted|p1a: Zacian\n|-damage|p1a: Zacian|53\/100\n|-resisted|p1a: Zacian\n|-damage|p1a: Zacian|47\/100\n|-resisted|p1a: Zacian\n|-damage|p1a: Zacian|40\/100\n|-hitcount|p1a: Zacian|9\n|\n|upkeep\n|turn|4\n|\n|t:|1698013567\n|move|p1a: Zacian|Crunch|p2a: Maushold\n|-supereffective|p2a: Maushold\n|-crit|p2a: Maushold\n|-damage|p2a: Maushold|0 fnt\n|faint|p2a: Maushold\n|\n|upkeep\n|\n|t:|1698013574\n|switch|p2a: Mimikyu|Mimikyu, F|100\/100\n|turn|5\n|\n|t:|1698013578\n|move|p1a: Zacian|Behemoth Blade|p2a: Mimikyu\n|-activate|p2a: Mimikyu|ability: Disguise\n|-damage|p2a: Mimikyu|100\/100\n|detailschange|p2a: Mimikyu|Mimikyu-Busted, F\n|-damage|p2a: Mimikyu|88\/100|[from] pokemon: Mimikyu-Busted\n|move|p2a: Mimikyu|Dark Pulse|p1a: Zacian\n|-resisted|p1a: Zacian\n|-damage|p1a: Zacian|33\/100\n|\n|upkeep\n|turn|6\n|\n|t:|1698013589\n|move|p1a: Zacian|Behemoth Blade|p2a: Mimikyu\n|-supereffective|p2a: Mimikyu\n|-damage|p2a: Mimikyu|0 fnt\n|faint|p2a: Mimikyu\n|\n|upkeep\n|\n|t:|1698013598\n|switch|p2a: Slowking|Slowking-Galar, F|100\/100\n|turn|7\n|\n|t:|1698013605\n|move|p1a: Zacian|Behemoth Blade|p2a: Slowking\n|-damage|p2a: Slowking|8\/100\n|-damage|p1a: Zacian|16\/100|[from] item: Rocky Helmet|[of] p2a: Slowking\n|move|p2a: Slowking|Blizzard|p1a: Zacian\n|-resisted|p1a: Zacian\n|-damage|p1a: Zacian|3\/100\n|\n|upkeep\n|turn|8\n|\n|t:|1698013616\n|move|p1a: Zacian|Crunch|p2a: Slowking\n|-supereffective|p2a: Slowking\n|-damage|p2a: Slowking|0 fnt\n|-damage|p1a: Zacian|0 fnt|[from] item: Rocky Helmet|[of] p2a: Slowking\n|faint|p2a: Slowking\n|faint|p1a: Zacian\n|\n|upkeep\n|\n|t:|1698013623\n|switch|p1a: Miraidon|Miraidon|100\/100\n|switch|p2a: Lechonk|Lechonk, M|100\/100\n|-fieldstart|move: Electric Terrain|[from] ability: Hadron Engine|[of] p1a: Miraidon\n|-enditem|p1a: Miraidon|Electric Seed\n|-boost|p1a: Miraidon|def|1|[from] item: Electric Seed\n|turn|9\n|\n|t:|1698013632\n|move|p1a: Miraidon|Electro Drift|p2a: Lechonk\n|-enditem|p2a: Lechonk|Focus Sash\n|-damage|p2a: Lechonk|1\/100\n|move|p2a: Lechonk|Endeavor|p1a: Miraidon\n|-damage|p1a: Miraidon|1\/100\n|\n|upkeep\n|turn|10\n|\n|t:|1698013643\n|move|p1a: Miraidon|Dragon Pulse|p2a: Lechonk\n|-damage|p2a: Lechonk|0 fnt\n|faint|p2a: Lechonk\n|\n|upkeep\n|\n|t:|1698013648\n|switch|p2a: Dipplin|Dipplin, M, shiny|100\/100\n|-ability|p2a: Dipplin|Supersweet Syrup\n|-ability|p2a: Dipplin|Supersweet Syrup|boost\n|-unboost|p1a: Miraidon|evasion|1\n|turn|11\n|\n|t:|1698013656\n|move|p1a: Miraidon|Dragon Pulse|p2a: Dipplin\n|-supereffective|p2a: Dipplin\n|-damage|p2a: Dipplin|0 fnt\n|faint|p2a: Dipplin\n|\n|win|gmx galaxy\n|raw|gmx galaxy's rating: 1058 &rarr; <strong>1087<\/strong><br \/>(+29 for winning)\n|raw|hbshsbd's rating: 1027 &rarr; <strong>1014<\/strong><br \/>(-13 for losing)\n","uploadtime":1698013666,"views":8,"p1id":"gmxgalaxy","p2id":"hbshsbd","formatid":"gen9anythinggoes","rating":1014,"private":0,"password":""}