{"id":"gen9anythinggoes-1984297894","p1":"danny.q60","p2":"americanboi69","format":"[Gen 9] Anything Goes","log":"|j|\u2606danny.q60\n|j|\u2606americanboi69\n|t:|1699240500\n|gametype|singles\n|player|p1|danny.q60|palmer|1464\n|player|p2|americanboi69|lucas|1416\n|teamsize|p1|6\n|teamsize|p2|6\n|gen|9\n|tier|[Gen 9] Anything Goes\n|rated|\n|rule|HP Percentage Mod: HP is shown in percentages\n|rule|Endless Battle Clause: Forcing endless battles is banned\n|clearpoke\n|poke|p1|Drifblim, M|\n|poke|p1|Gyarados, M|\n|poke|p1|Miraidon|\n|poke|p1|Zacian-*|\n|poke|p1|Maushold|\n|poke|p1|Calyrex-Shadow|\n|poke|p2|Calyrex-Shadow|\n|poke|p2|Pawmot, F|\n|poke|p2|Kyogre|\n|poke|p2|Houndstone, M|\n|poke|p2|Zacian-*|\n|poke|p2|Urshifu-*, M|\n|teampreview\n|inactive|Battle timer is ON: inactive players will automatically lose when time's up. (requested by danny.q60)\n|inactive|americanboi69 also wants the timer to be on.\n|\n|t:|1699240508\n|start\n|switch|p1a: Drifblim|Drifblim, M, shiny|100\/100\n|switch|p2a: Urshifu|Urshifu, M|100\/100\n|turn|1\n|\n|t:|1699240518\n|-terastallize|p1a: Drifblim|Dark\n|move|p2a: Urshifu|Taunt|p1a: Drifblim\n|-start|p1a: Drifblim|move: Taunt\n|cant|p1a: Drifblim|move: Taunt|Minimize\n|\n|upkeep\n|turn|2\n|\n|t:|1699240527\n|switch|p1a: Zacian|Zacian-Crowned, shiny|100\/100\n|-ability|p1a: Zacian|Intrepid Sword|boost\n|-boost|p1a: Zacian|atk|1\n|move|p2a: Urshifu|Swords Dance|p2a: Urshifu\n|-boost|p2a: Urshifu|atk|2\n|\n|upkeep\n|turn|3\n|\n|t:|1699240535\n|move|p2a: Urshifu|Sucker Punch|p1a: Zacian\n|-resisted|p1a: Zacian\n|-damage|p1a: Zacian|69\/100\n|move|p1a: Zacian|Behemoth Blade|p2a: Urshifu\n|-damage|p2a: Urshifu|10\/100\n|\n|upkeep\n|turn|4\n|\n|t:|1699240543\n|move|p2a: Urshifu|Sucker Punch|p1a: Zacian\n|-resisted|p1a: Zacian\n|-damage|p1a: Zacian|33\/100\n|move|p1a: Zacian|Behemoth Blade|p2a: Urshifu\n|-damage|p2a: Urshifu|0 fnt\n|faint|p2a: Urshifu\n|\n|upkeep\n|\n|t:|1699240549\n|switch|p2a: FAT WHALE|Kyogre|100\/100\n|-weather|RainDance|[from] ability: Drizzle|[of] p2a: FAT WHALE\n|turn|5\n|\n|t:|1699240552\n|move|p2a: FAT WHALE|Water Spout|p1a: Zacian\n|-damage|p1a: Zacian|0 fnt\n|faint|p1a: Zacian\n|\n|-weather|RainDance|[upkeep]\n|upkeep\n|\n|t:|1699240556\n|switch|p1a: Miraidon|Miraidon|100\/100\n|-fieldstart|move: Electric Terrain|[from] ability: Hadron Engine|[of] p1a: Miraidon\n|turn|6\n|\n|t:|1699240563\n|switch|p2a: Im Random|Pawmot, F|100\/100\n|move|p1a: Miraidon|Volt Switch|p2a: Im Random\n|-immune|p2a: Im Random|[from] ability: Volt Absorb\n|\n|-weather|RainDance|[upkeep]\n|upkeep\n|turn|7\n|\n|t:|1699240573\n|switch|p1a: Drifblim|Drifblim, M, shiny, tera:Dark|100\/100\n|move|p2a: Im Random|Revival Blessing|p2a: Im Random\n|\n|t:|1699240578\n|-heal|p2: Urshifu|50\/100|[from] move: Revival Blessing\n|\n|-weather|RainDance|[upkeep]\n|upkeep\n|turn|8\n|\n|t:|1699240586\n|switch|p2a: Urshifu|Urshifu, M|50\/100\n|move|p1a: Drifblim|Minimize|p1a: Drifblim\n|-boost|p1a: Drifblim|evasion|2\n|\n|-weather|RainDance|[upkeep]\n|upkeep\n|turn|9\n|\n|t:|1699240592\n|move|p2a: Urshifu|Taunt|p1a: Drifblim\n|-start|p1a: Drifblim|move: Taunt\n|cant|p1a: Drifblim|move: Taunt|Substitute\n|\n|-weather|none\n|upkeep\n|turn|10\n|\n|t:|1699240600\n|move|p2a: Urshifu|Wicked Blow|p1a: Drifblim\n|-resisted|p1a: Drifblim\n|-crit|p1a: Drifblim\n|-damage|p1a: Drifblim|59\/100\n|-activate|p1a: Drifblim|move: Struggle\n|move|p1a: Drifblim|Struggle|p2a: Urshifu\n|-damage|p2a: Urshifu|43\/100\n|-damage|p1a: Drifblim|34\/100|[from] recoil\n|\n|-fieldend|move: Electric Terrain\n|upkeep\n|turn|11\n|\n|t:|1699240607\n|move|p2a: Urshifu|Wicked Blow|p1a: Drifblim\n|-resisted|p1a: Drifblim\n|-crit|p1a: Drifblim\n|-damage|p1a: Drifblim|0 fnt\n|faint|p1a: Drifblim\n|\n|upkeep\n|\n|t:|1699240612\n|switch|p1a: Calyrex|Calyrex-Shadow|100\/100\n|-ability|p1a: Calyrex|As One\n|-ability|p1a: Calyrex|Unnerve\n|turn|12\n|\n|t:|1699240621\n|move|p2a: Urshifu|Sucker Punch|p1a: Calyrex\n|-supereffective|p1a: Calyrex\n|-damage|p1a: Calyrex|0 fnt\n|faint|p1a: Calyrex\n|\n|upkeep\n|\n|t:|1699240630\n|switch|p1a: Maushold|Maushold, shiny|100\/100\n|turn|13\n|\n|t:|1699240642\n|move|p1a: Maushold|Encore|p2a: Urshifu\n|-start|p2a: Urshifu|Encore\n|move|p2a: Urshifu|Sucker Punch||[still]\n|-fail|p2a: Urshifu\n|\n|upkeep\n|turn|14\n|\n|t:|1699240648\n|switch|p2a: BREAKING BAD|Houndstone, M|100\/100\n|move|p1a: Maushold|Tidy Up|p1a: Maushold\n|-boost|p1a: Maushold|atk|1\n|-boost|p1a: Maushold|spe|1\n|\n|upkeep\n|turn|15\n|\n|t:|1699240655\n|move|p1a: Maushold|Bite|p2a: BREAKING BAD\n|-supereffective|p2a: BREAKING BAD\n|-damage|p2a: BREAKING BAD|65\/100\n|move|p2a: BREAKING BAD|Last Respects|p1a: Maushold\n|-immune|p1a: Maushold\n|\n|upkeep\n|turn|16\n|\n|t:|1699240661\n|move|p1a: Maushold|Tidy Up|p1a: Maushold\n|-boost|p1a: Maushold|atk|1\n|-boost|p1a: Maushold|spe|1\n|move|p2a: BREAKING BAD|Body Press|p1a: Maushold\n|-supereffective|p1a: Maushold\n|-damage|p1a: Maushold|45\/100\n|\n|upkeep\n|turn|17\n|\n|t:|1699240668\n|move|p1a: Maushold|Bite|p2a: BREAKING BAD\n|-supereffective|p2a: BREAKING BAD\n|-damage|p2a: BREAKING BAD|10\/100\n|move|p2a: BREAKING BAD|Body Press|p1a: Maushold\n|-supereffective|p1a: Maushold\n|-damage|p1a: Maushold|0 fnt\n|faint|p1a: Maushold\n|\n|upkeep\n|\n|t:|1699240674\n|switch|p1a: Miraidon|Miraidon|100\/100\n|-fieldstart|move: Electric Terrain|[from] ability: Hadron Engine|[of] p1a: Miraidon\n|turn|18\n|\n|t:|1699240678\n|move|p2a: BREAKING BAD|Shadow Sneak|p1a: Miraidon\n|-damage|p1a: Miraidon|81\/100\n|move|p1a: Miraidon|Volt Switch|p2a: BREAKING BAD\n|-damage|p2a: BREAKING BAD|0 fnt\n|faint|p2a: BREAKING BAD\n|\n|t:|1699240681\n|switch|p1a: Gyarados|Gyarados, M, shiny|100\/100|[from] Volt Switch\n|\n|upkeep\n|\n|t:|1699240686\n|switch|p2a: Urshifu|Urshifu, M|43\/100\n|turn|19\n|\n|t:|1699240691\n|move|p2a: Urshifu|Taunt|p1a: Gyarados\n|-start|p1a: Gyarados|move: Taunt\n|cant|p1a: Gyarados|move: Taunt|Dragon Dance\n|\n|upkeep\n|turn|20\n|\n|t:|1699240698\n|move|p2a: Urshifu|Wicked Blow|p1a: Gyarados\n|-crit|p1a: Gyarados\n|-damage|p1a: Gyarados|33\/100\n|move|p1a: Gyarados|Waterfall|p2a: Urshifu\n|-damage|p2a: Urshifu|0 fnt\n|faint|p2a: Urshifu\n|-ability|p1a: Gyarados|Moxie|boost\n|-boost|p1a: Gyarados|atk|1\n|\n|upkeep\n|\n|t:|1699240710\n|switch|p2a: Emo Kid|Calyrex-Shadow|100\/100\n|-ability|p2a: Emo Kid|As One\n|-ability|p2a: Emo Kid|Unnerve\n|turn|21\n|\n|t:|1699240717\n|move|p2a: Emo Kid|Astral Barrage|p1a: Gyarados\n|-damage|p1a: Gyarados|0 fnt\n|faint|p1a: Gyarados\n|-ability|p2a: Emo Kid|Grim Neigh|boost\n|-boost|p2a: Emo Kid|spa|1\n|\n|upkeep\n|\n|t:|1699240719\n|switch|p1a: Miraidon|Miraidon|81\/100\n|-activate|p1a: Miraidon|ability: Hadron Engine\n|turn|22\n|\n|t:|1699240731\n|-terastallize|p2a: Emo Kid|Fighting\n|move|p2a: Emo Kid|Astral Barrage|p1a: Miraidon\n|-damage|p1a: Miraidon|0 fnt\n|faint|p1a: Miraidon\n|\n|win|americanboi69\n|raw|danny.q60's rating: 1464 &rarr; <strong>1441<\/strong><br \/>(-23 for losing)\n|raw|americanboi69's rating: 1416 &rarr; <strong>1439<\/strong><br \/>(+23 for winning)\n|l|\u2606danny.q60\n","uploadtime":1699240742,"views":3,"p1id":"dannyq60","p2id":"americanboi69","formatid":"gen9anythinggoes","rating":1439,"private":0,"password":""}