{"id":"gen9anythinggoes-1981747379","p1":"XAVIEROCKSTAR5","p2":"liliisgrass","format":"[Gen 9] Anything Goes","log":"|j|\u2606XAVIEROCKSTAR5\n|j|\u2606liliisgrass\n|t:|1698938572\n|gametype|singles\n|player|p1|XAVIEROCKSTAR5|steven|1554\n|player|p2|liliisgrass|bugsy|1521\n|teamsize|p1|6\n|teamsize|p2|6\n|gen|9\n|tier|[Gen 9] Anything Goes\n|rated|\n|rule|HP Percentage Mod: HP is shown in percentages\n|rule|Endless Battle Clause: Forcing endless battles is banned\n|clearpoke\n|poke|p1|Arceus|\n|poke|p1|Mewtwo|\n|poke|p1|Cinderace, F|\n|poke|p1|Dragapult, M|\n|poke|p1|Zacian-*|\n|poke|p1|Miraidon|\n|poke|p2|Gothitelle, M|\n|poke|p2|Koraidon|\n|poke|p2|Arceus|\n|poke|p2|Giratina-Origin|\n|poke|p2|Ting-Lu|\n|poke|p2|Skeledirge, M|\n|teampreview\n|inactive|Battle timer is ON: inactive players will automatically lose when time's up. (requested by XAVIEROCKSTAR5)\n|inactive|liliisgrass also wants the timer to be on.\n|\n|t:|1698938594\n|start\n|switch|p1a: Arceus|Arceus|100\/100\n|switch|p2a: Ting-Lu|Ting-Lu|100\/100\n|-ability|p2a: Ting-Lu|Vessel of Ruin\n|turn|1\n|\n|t:|1698938602\n|move|p1a: Arceus|Swords Dance|p1a: Arceus\n|-boost|p1a: Arceus|atk|2\n|move|p2a: Ting-Lu|Whirlwind|p1a: Arceus\n|drag|p1a: Cinderace|Cinderace, F|100\/100\n|\n|upkeep\n|turn|2\n|\n|t:|1698938608\n|move|p1a: Cinderace|Low Kick|p2a: Ting-Lu\n|-start|p1a: Cinderace|typechange|Fighting|[from] ability: Libero\n|-supereffective|p2a: Ting-Lu\n|-damage|p2a: Ting-Lu|35\/100\n|move|p2a: Ting-Lu|Earthquake|p1a: Cinderace\n|-damage|p1a: Cinderace|51\/100\n|\n|-heal|p2a: Ting-Lu|41\/100|[from] item: Leftovers\n|upkeep\n|turn|3\n|\n|t:|1698938614\n|switch|p2a: Giratina|Giratina-Origin|100\/100\n|move|p1a: Cinderace|Low Kick|p2a: Giratina\n|-immune|p2a: Giratina\n|\n|upkeep\n|turn|4\n|\n|t:|1698938623\n|switch|p1a: Miraidon|Miraidon|100\/100\n|-fieldstart|move: Electric Terrain|[from] ability: Hadron Engine|[of] p1a: Miraidon\n|move|p2a: Giratina|Will-O-Wisp|p1a: Miraidon\n|-status|p1a: Miraidon|brn\n|\n|-damage|p1a: Miraidon|94\/100 brn|[from] brn\n|upkeep\n|turn|5\n|\n|t:|1698938648\n|switch|p2a: Ting-Lu|Ting-Lu|41\/100\n|-ability|p2a: Ting-Lu|Vessel of Ruin\n|move|p1a: Miraidon|Dragon Pulse|p2a: Ting-Lu\n|-damage|p2a: Ting-Lu|17\/100\n|\n|-heal|p2a: Ting-Lu|23\/100|[from] item: Leftovers\n|-damage|p1a: Miraidon|88\/100 brn|[from] brn\n|upkeep\n|turn|6\n|\n|t:|1698938662\n|move|p1a: Miraidon|Dragon Pulse|p2a: Ting-Lu\n|-crit|p2a: Ting-Lu\n|-damage|p2a: Ting-Lu|0 fnt\n|faint|p2a: Ting-Lu\n|\n|-damage|p1a: Miraidon|82\/100 brn|[from] brn\n|upkeep\n|inactive|liliisgrass has 120 seconds left.\n|\n|t:|1698938674\n|switch|p2a: Koraidon|Koraidon|100\/100\n|-weather|SunnyDay|[from] ability: Orichalcum Pulse|[of] p2a: Koraidon\n|-activate|p2a: Koraidon|Orichalcum Pulse|[source]\n|turn|7\n|\n|t:|1698938684\n|move|p1a: Miraidon|Dragon Pulse|p2a: Koraidon\n|-supereffective|p2a: Koraidon\n|-damage|p2a: Koraidon|0 fnt\n|faint|p2a: Koraidon\n|\n|-weather|SunnyDay|[upkeep]\n|-damage|p1a: Miraidon|76\/100 brn|[from] brn\n|upkeep\n|inactive|liliisgrass has 120 seconds left.\n|\n|t:|1698938701\n|switch|p2a: Arceus|Arceus|100\/100\n|turn|8\n|j| yahhhhhhhh\n|\n|t:|1698938711\n|move|p1a: Miraidon|Dragon Pulse|p2a: Arceus\n|-damage|p2a: Arceus|65\/100\n|move|p2a: Arceus|Bulk Up|p2a: Arceus\n|-boost|p2a: Arceus|atk|1\n|-boost|p2a: Arceus|def|1\n|\n|-weather|SunnyDay|[upkeep]\n|-heal|p2a: Arceus|71\/100|[from] item: Leftovers\n|-damage|p1a: Miraidon|70\/100 brn|[from] brn\n|-fieldend|move: Electric Terrain\n|upkeep\n|turn|9\n|\n|t:|1698938723\n|move|p1a: Miraidon|Dragon Pulse|p2a: Arceus\n|-damage|p2a: Arceus|42\/100\n|move|p2a: Arceus|Bulk Up|p2a: Arceus\n|-boost|p2a: Arceus|atk|1\n|-boost|p2a: Arceus|def|1\n|\n|-weather|SunnyDay|[upkeep]\n|-heal|p2a: Arceus|49\/100|[from] item: Leftovers\n|-damage|p1a: Miraidon|64\/100 brn|[from] brn\n|upkeep\n|turn|10\n|\n|t:|1698938731\n|move|p1a: Miraidon|Dragon Pulse|p2a: Arceus\n|-damage|p2a: Arceus|19\/100\n|move|p2a: Arceus|Recover|p2a: Arceus\n|-heal|p2a: Arceus|69\/100\n|\n|-weather|SunnyDay|[upkeep]\n|-heal|p2a: Arceus|75\/100|[from] item: Leftovers\n|-damage|p1a: Miraidon|57\/100 brn|[from] brn\n|upkeep\n|turn|11\n|\n|t:|1698938742\n|switch|p1a: Mewtwo|Mewtwo|100\/100\n|-ability|p1a: Mewtwo|Unnerve\n|move|p2a: Arceus|Bulk Up|p2a: Arceus\n|-boost|p2a: Arceus|atk|1\n|-boost|p2a: Arceus|def|1\n|\n|-weather|none\n|-heal|p2a: Arceus|81\/100|[from] item: Leftovers\n|upkeep\n|turn|12\n|\n|t:|1698938748\n|move|p2a: Arceus|Extreme Speed|p1a: Mewtwo\n|-damage|p1a: Mewtwo|6\/100\n|move|p1a: Mewtwo|Will-O-Wisp|p2a: Arceus\n|-status|p2a: Arceus|brn\n|\n|-heal|p2a: Arceus|87\/100 brn|[from] item: Leftovers\n|-damage|p2a: Arceus|81\/100 brn|[from] brn\n|upkeep\n|turn|13\n|\n|t:|1698938758\n|switch|p1a: Zacian|Zacian|100\/100\n|-ability|p1a: Zacian|Intrepid Sword|boost\n|-boost|p1a: Zacian|atk|1\n|move|p2a: Arceus|Extreme Speed|p1a: Zacian\n|-damage|p1a: Zacian|56\/100\n|\n|-heal|p2a: Arceus|87\/100 brn|[from] item: Leftovers\n|-damage|p2a: Arceus|81\/100 brn|[from] brn\n|upkeep\n|turn|14\n|\n|t:|1698938766\n|move|p2a: Arceus|Extreme Speed|p1a: Zacian\n|-damage|p1a: Zacian|8\/100\n|move|p1a: Zacian|Sacred Sword|p2a: Arceus\n|-supereffective|p2a: Arceus\n|-damage|p2a: Arceus|17\/100 brn\n|\n|-heal|p2a: Arceus|23\/100 brn|[from] item: Leftovers\n|-damage|p2a: Arceus|17\/100 brn|[from] brn\n|upkeep\n|turn|15\n|\n|t:|1698938774\n|move|p2a: Arceus|Extreme Speed|p1a: Zacian\n|-damage|p1a: Zacian|0 fnt\n|faint|p1a: Zacian\n|\n|-heal|p2a: Arceus|23\/100 brn|[from] item: Leftovers\n|-damage|p2a: Arceus|17\/100 brn|[from] brn\n|upkeep\n|\n|t:|1698938785\n|switch|p1a: Arceus|Arceus|100\/100\n|turn|16\n|\n|t:|1698938795\n|move|p2a: Arceus|Recover|p2a: Arceus\n|-heal|p2a: Arceus|67\/100 brn\n|move|p1a: Arceus|Avalanche|p2a: Arceus\n|-damage|p2a: Arceus|62\/100 brn\n|\n|-heal|p2a: Arceus|69\/100 brn|[from] item: Leftovers\n|-damage|p2a: Arceus|62\/100 brn|[from] brn\n|upkeep\n|turn|17\n|\n|t:|1698938807\n|move|p2a: Arceus|Bulk Up|p2a: Arceus\n|-boost|p2a: Arceus|atk|1\n|-boost|p2a: Arceus|def|1\n|move|p1a: Arceus|Swords Dance|p1a: Arceus\n|-boost|p1a: Arceus|atk|2\n|\n|-heal|p2a: Arceus|69\/100 brn|[from] item: Leftovers\n|-damage|p2a: Arceus|62\/100 brn|[from] brn\n|upkeep\n|turn|18\n|\n|t:|1698938814\n|move|p2a: Arceus|Bulk Up|p2a: Arceus\n|-boost|p2a: Arceus|atk|1\n|-boost|p2a: Arceus|def|1\n|move|p1a: Arceus|Shadow Claw|p2a: Arceus\n|-immune|p2a: Arceus\n|\n|-heal|p2a: Arceus|69\/100 brn|[from] item: Leftovers\n|-damage|p2a: Arceus|62\/100 brn|[from] brn\n|upkeep\n|turn|19\n|\n|t:|1698938827\n|move|p2a: Arceus|Bulk Up|p2a: Arceus\n|-boost|p2a: Arceus|atk|1\n|-boost|p2a: Arceus|def|1\n|move|p1a: Arceus|Swords Dance|p1a: Arceus\n|-boost|p1a: Arceus|atk|2\n|\n|-heal|p2a: Arceus|69\/100 brn|[from] item: Leftovers\n|-damage|p2a: Arceus|62\/100 brn|[from] brn\n|upkeep\n|turn|20\n|\n|t:|1698938833\n|move|p2a: Arceus|Recover|p2a: Arceus\n|-heal|p2a: Arceus|100\/100 brn\n|move|p1a: Arceus|Swords Dance|p1a: Arceus\n|-boost|p1a: Arceus|atk|2\n|\n|-damage|p2a: Arceus|94\/100 brn|[from] brn\n|upkeep\n|turn|21\n|\n|t:|1698938840\n|-terastallize|p1a: Arceus|Normal\n|move|p2a: Arceus|Extreme Speed|p1a: Arceus\n|-damage|p1a: Arceus|57\/100\n|move|p1a: Arceus|Extreme Speed|p2a: Arceus\n|-damage|p2a: Arceus|56\/100 brn\n|\n|-heal|p2a: Arceus|62\/100 brn|[from] item: Leftovers\n|-heal|p1a: Arceus|63\/100|[from] item: Leftovers\n|-damage|p2a: Arceus|56\/100 brn|[from] brn\n|upkeep\n|turn|22\n|\n|t:|1698938853\n|move|p2a: Arceus|Extreme Speed|p1a: Arceus\n|-damage|p1a: Arceus|15\/100\n|move|p1a: Arceus|Avalanche|p2a: Arceus\n|-damage|p2a: Arceus|31\/100 brn\n|\n|-heal|p2a: Arceus|38\/100 brn|[from] item: Leftovers\n|-heal|p1a: Arceus|21\/100|[from] item: Leftovers\n|-damage|p2a: Arceus|31\/100 brn|[from] brn\n|upkeep\n|turn|23\n|\n|t:|1698938861\n|move|p2a: Arceus|Extreme Speed|p1a: Arceus\n|-crit|p1a: Arceus\n|-damage|p1a: Arceus|0 fnt\n|faint|p1a: Arceus\n|\n|-heal|p2a: Arceus|38\/100 brn|[from] item: Leftovers\n|-damage|p2a: Arceus|31\/100 brn|[from] brn\n|upkeep\n|\n|t:|1698938873\n|switch|p1a: Dragapult|Dragapult, M|100\/100\n|turn|24\n|\n|t:|1698938879\n|move|p1a: Dragapult|Dragon Darts|p2a: Arceus\n|-damage|p2a: Arceus|27\/100 brn\n|-anim|p1a: Dragapult|Dragon Darts|p2a: Arceus\n|-damage|p2a: Arceus|22\/100 brn\n|move|p2a: Arceus|Shadow Claw|p1a: Dragapult\n|-supereffective|p1a: Dragapult\n|-enditem|p1a: Dragapult|Focus Sash\n|-damage|p1a: Dragapult|1\/100\n|\n|-heal|p2a: Arceus|28\/100 brn|[from] item: Leftovers\n|-damage|p2a: Arceus|22\/100 brn|[from] brn\n|upkeep\n|turn|25\n|\n|t:|1698938889\n|move|p1a: Dragapult|Dragon Darts|p2a: Arceus\n|-damage|p2a: Arceus|17\/100 brn\n|-anim|p1a: Dragapult|Dragon Darts|p2a: Arceus\n|-damage|p2a: Arceus|12\/100 brn\n|move|p2a: Arceus|Recover|p2a: Arceus\n|-heal|p2a: Arceus|63\/100 brn\n|\n|-heal|p2a: Arceus|69\/100 brn|[from] item: Leftovers\n|-damage|p2a: Arceus|63\/100 brn|[from] brn\n|upkeep\n|turn|26\n|-message|XAVIEROCKSTAR5 forfeited.\n|\n|win|liliisgrass\n|raw|XAVIEROCKSTAR5's rating: 1554 &rarr; <strong>1532<\/strong><br \/>(-22 for losing)\n|raw|liliisgrass's rating: 1521 &rarr; <strong>1543<\/strong><br \/>(+22 for winning)\n|l|\u2606XAVIEROCKSTAR5\n|l|\u2606liliisgrass\n","uploadtime":1698938927,"views":4,"p1id":"xavierockstar5","p2id":"liliisgrass","formatid":"gen9anythinggoes","rating":1532,"private":0,"password":""}