{"id":"gen9anythinggoes-1986649156","p1":"lukeaduke2007","p2":"Brothybear","format":"[Gen 9] Anything Goes","log":"|j|\u2606lukeaduke2007\n|j|\u2606Brothybear\n|t:|1699502333\n|gametype|singles\n|player|p1|lukeaduke2007|giovanni|1091\n|player|p2|Brothybear|eusine|1146\n|teamsize|p1|6\n|teamsize|p2|6\n|gen|9\n|tier|[Gen 9] Anything Goes\n|rated|\n|rule|HP Percentage Mod: HP is shown in percentages\n|rule|Endless Battle Clause: Forcing endless battles is banned\n|clearpoke\n|poke|p1|Salamence, M|\n|poke|p1|Gengar, M|\n|poke|p1|Greninja-*, M|\n|poke|p1|Talonflame, M|\n|poke|p1|Tsareena, F|\n|poke|p1|Golem, M|\n|poke|p2|Ditto|\n|poke|p2|Ditto|\n|poke|p2|Ditto|\n|poke|p2|Ditto|\n|poke|p2|Ditto|\n|poke|p2|Ambipom, F|\n|teampreview\n|inactive|Battle timer is ON: inactive players will automatically lose when time's up. (requested by Brothybear)\n|c|\u2606Brothybear|Hello\n|\n|t:|1699502353\n|start\n|switch|p1a: Gengar|Gengar, M|100\/100\n|switch|p2a: John Jones|Ditto, shiny|100\/100\n|-transform|p2a: John Jones|p1a: Gengar|[from] ability: Imposter\n|turn|1\n|c|\u2606lukeaduke2007|my guy, what is this team\n|c|\u2606Brothybear|Uh Yes\n|\n|t:|1699502378\n|move|p2a: John Jones|Toxic Spikes|p1a: Gengar\n|-sidestart|p1: lukeaduke2007|move: Toxic Spikes\n|move|p1a: Gengar|Shadow Ball|p2a: John Jones\n|-supereffective|p2a: John Jones\n|-enditem|p2a: John Jones|Focus Sash\n|-damage|p2a: John Jones|1\/100\n|-unboost|p2a: John Jones|spd|1\n|\n|upkeep\n|turn|2\n|inactive|Brothybear has 120 seconds left.\n|\n|t:|1699502399\n|move|p2a: John Jones|Toxic Spikes|p1a: Gengar\n|-sidestart|p1: lukeaduke2007|move: Toxic Spikes\n|move|p1a: Gengar|Shadow Ball|p2a: John Jones\n|-supereffective|p2a: John Jones\n|-damage|p2a: John Jones|0 fnt\n|faint|p2a: John Jones\n|\n|upkeep\n|inactive|Brothybear has 120 seconds left.\n|\n|t:|1699502423\n|switch|p2a: Bob|Ditto, shiny|100\/100\n|-transform|p2a: Bob|p1a: Gengar|[from] ability: Imposter\n|turn|3\n|\n|t:|1699502436\n|move|p1a: Gengar|Shadow Ball|p2a: Bob\n|-supereffective|p2a: Bob\n|-damage|p2a: Bob|0 fnt\n|faint|p2a: Bob\n|\n|upkeep\n|\n|t:|1699502443\n|switch|p2a: Guy Fawkes|Ditto|100\/100\n|-transform|p2a: Guy Fawkes|p1a: Gengar|[from] ability: Imposter\n|turn|4\n|\n|t:|1699502452\n|-terastallize|p2a: Guy Fawkes|Normal\n|move|p2a: Guy Fawkes|Disable|p1a: Gengar\n|-start|p1a: Gengar|Disable|Shadow Ball\n|cant|p1a: Gengar|Disable|Shadow Ball\n|\n|upkeep\n|turn|5\n|inactive|Brothybear has 120 seconds left.\n|c|\u2606lukeaduke2007|bro\n|c|\u2606lukeaduke2007|what do i do\n|\n|t:|1699502473\n|switch|p1a: Greninja|Greninja, M|100\/100\n|-status|p1a: Greninja|tox\n|move|p2a: Guy Fawkes|Shadow Ball|p1a: Greninja\n|-resisted|p1a: Greninja\n|-damage|p1a: Greninja|70\/100 tox\n|\n|-damage|p1a: Greninja|64\/100 tox|[from] psn\n|upkeep\n|turn|6\n|inactive|Brothybear has 120 seconds left.\n|\n|t:|1699502485\n|move|p1a: Greninja|Dark Pulse|p2a: Guy Fawkes\n|-damage|p2a: Guy Fawkes|61\/100\n|move|p2a: Guy Fawkes|Dazzling Gleam|p1a: Greninja\n|-supereffective|p1a: Greninja\n|-damage|p1a: Greninja|0 fnt\n|faint|p1a: Greninja\n|\n|upkeep\n|c|\u2606Brothybear|We do a Little Trolling\n|inactive|lukeaduke2007 has 120 seconds left.\n|\n|t:|1699502507\n|switch|p1a: Tsareena|Tsareena, F|100\/100\n|-status|p1a: Tsareena|tox\n|turn|7\n|\n|t:|1699502518\n|move|p2a: Guy Fawkes|Shadow Ball|p1a: Tsareena\n|-damage|p1a: Tsareena|45\/100 tox\n|move|p1a: Tsareena|Knock Off|p2a: Guy Fawkes\n|-damage|p2a: Guy Fawkes|0 fnt\n|-enditem|p2a: Guy Fawkes|Protective Pads|[from] move: Knock Off|[of] p1a: Tsareena\n|faint|p2a: Guy Fawkes\n|-damage|p1a: Tsareena|36\/100 tox|[from] item: Life Orb\n|\n|-damage|p1a: Tsareena|30\/100 tox|[from] psn\n|upkeep\n|inactive|Brothybear has 120 seconds left.\n|\n|t:|1699502529\n|switch|p2a: Throw Hands|Ambipom, F|100\/100\n|turn|8\n|\n|t:|1699502537\n|move|p2a: Throw Hands|Fake Out|p1a: Tsareena\n|-damage|p1a: Tsareena|0 fnt\n|faint|p1a: Tsareena\n|\n|upkeep\n|\n|t:|1699502541\n|switch|p1a: Golem|Golem, M|100\/100\n|-status|p1a: Golem|tox\n|turn|9\n|\n|t:|1699502545\n|move|p2a: Throw Hands|Knock Off|p1a: Golem\n|-damage|p1a: Golem|77\/100 tox\n|-enditem|p1a: Golem|Leftovers|[from] move: Knock Off|[of] p2a: Throw Hands\n|move|p1a: Golem|Iron Defense|p1a: Golem\n|-boost|p1a: Golem|def|2\n|\n|-damage|p1a: Golem|71\/100 tox|[from] psn\n|upkeep\n|turn|10\n|\n|t:|1699502554\n|move|p2a: Throw Hands|U-turn|p1a: Golem\n|-damage|p1a: Golem|62\/100 tox\n|\n|t:|1699502563\n|switch|p2a: Bob Bobbington|Ditto|100\/100|[from] U-turn\n|-transform|p2a: Bob Bobbington|p1a: Golem|[from] ability: Imposter\n|move|p1a: Golem|Iron Defense|p1a: Golem\n|-boost|p1a: Golem|def|2\n|\n|-damage|p1a: Golem|50\/100 tox|[from] psn\n|upkeep\n|turn|11\n|\n|t:|1699502579\n|move|p2a: Bob Bobbington|Body Press|p1a: Golem\n|-supereffective|p1a: Golem\n|-damage|p1a: Golem|27\/100 tox\n|move|p1a: Golem|Body Press|p2a: Bob Bobbington\n|-supereffective|p2a: Bob Bobbington\n|-damage|p2a: Bob Bobbington|42\/100\n|\n|-damage|p1a: Golem|8\/100 tox|[from] psn\n|upkeep\n|turn|12\n|\n|t:|1699502590\n|move|p2a: Bob Bobbington|Iron Defense|p2a: Bob Bobbington\n|-boost|p2a: Bob Bobbington|def|2\n|move|p1a: Golem|Body Press|p2a: Bob Bobbington\n|-supereffective|p2a: Bob Bobbington\n|-damage|p2a: Bob Bobbington|0 fnt\n|faint|p2a: Bob Bobbington\n|\n|-damage|p1a: Golem|0 fnt|[from] psn\n|faint|p1a: Golem\n|upkeep\n|\n|t:|1699502612\n|switch|p2a: Throw Hands|Ambipom, F|100\/100\n|switch|p1a: Gengar|Gengar, M|100\/100\n|-sideend|p1: lukeaduke2007|move: Toxic Spikes|[of] p1a: Gengar\n|turn|13\n|\n|t:|1699502619\n|move|p2a: Throw Hands|Knock Off|p1a: Gengar\n|-supereffective|p1a: Gengar\n|-damage|p1a: Gengar|0 fnt\n|-enditem|p1a: Gengar|Choice Specs|[from] move: Knock Off|[of] p2a: Throw Hands\n|faint|p1a: Gengar\n|\n|upkeep\n|\n|t:|1699502625\n|switch|p1a: Salamence|Salamence, M|100\/100\n|-ability|p1a: Salamence|Intimidate|boost\n|-unboost|p2a: Throw Hands|atk|1\n|turn|14\n|\n|t:|1699502630\n|move|p2a: Throw Hands|Knock Off|p1a: Salamence\n|-damage|p1a: Salamence|73\/100\n|-enditem|p1a: Salamence|Life Orb|[from] move: Knock Off|[of] p2a: Throw Hands\n|move|p1a: Salamence|Fly||[still]\n|-prepare|p1a: Salamence|Fly\n|\n|upkeep\n|turn|15\n|\n|t:|1699502636\n|move|p2a: Throw Hands|U-turn|p1a: Salamence|[miss]\n|-miss|p2a: Throw Hands|p1a: Salamence\n|move|p1a: Salamence|Fly|p2a: Throw Hands|[from]lockedmove\n|-damage|p2a: Throw Hands|14\/100\n|\n|upkeep\n|turn|16\n|\n|t:|1699502643\n|move|p2a: Throw Hands|U-turn|p1a: Salamence\n|-resisted|p1a: Salamence\n|-damage|p1a: Salamence|63\/100\n|\n|t:|1699502647\n|switch|p2a: Jesus|Ditto|100\/100|[from] U-turn\n|-transform|p2a: Jesus|p1a: Salamence|[from] ability: Imposter\n|-ability|p2a: Jesus|Intimidate|boost\n|-unboost|p1a: Salamence|atk|1\n|move|p1a: Salamence|Fly||[still]\n|-prepare|p1a: Salamence|Fly\n|\n|upkeep\n|turn|17\n|\n|t:|1699502655\n|move|p2a: Jesus|Fly||[still]\n|-prepare|p2a: Jesus|Fly\n|move|p1a: Salamence|Fly|p2a: Jesus|[from]lockedmove|[miss]\n|-miss|p1a: Salamence|p2a: Jesus\n|\n|upkeep\n|turn|18\n|\n|t:|1699502671\n|move|p2a: Jesus|Fly|p1a: Salamence|[from]lockedmove\n|-damage|p1a: Salamence|2\/100\n|move|p1a: Salamence|Fly||[still]\n|-prepare|p1a: Salamence|Fly\n|\n|upkeep\n|turn|19\n|\n|t:|1699502679\n|move|p1a: Salamence|Fly|p2a: Jesus|[from]lockedmove\n|-damage|p2a: Jesus|53\/100\n|move|p2a: Jesus|Fly||[still]\n|-prepare|p2a: Jesus|Fly\n|\n|upkeep\n|turn|20\n|\n|t:|1699502689\n|move|p1a: Salamence|Roost|p1a: Salamence\n|-heal|p1a: Salamence|52\/100\n|-singleturn|p1a: Salamence|move: Roost\n|move|p2a: Jesus|Fly|p1a: Salamence|[from]lockedmove\n|-damage|p1a: Salamence|0 fnt\n|faint|p1a: Salamence\n|\n|upkeep\n|\n|t:|1699502696\n|switch|p1a: Talonflame|Talonflame, M|100\/100\n|turn|21\n|\n|t:|1699502703\n|move|p1a: Talonflame|Flamethrower|p2a: Jesus\n|-resisted|p2a: Jesus\n|-damage|p2a: Jesus|30\/100\n|move|p2a: Jesus|Dragon Dance|p2a: Jesus\n|-boost|p2a: Jesus|atk|1\n|-boost|p2a: Jesus|spe|1\n|\n|upkeep\n|turn|22\n|\n|t:|1699502713\n|move|p2a: Jesus|Roost|p2a: Jesus\n|-heal|p2a: Jesus|80\/100\n|-singleturn|p2a: Jesus|move: Roost\n|move|p1a: Talonflame|Flamethrower|p2a: Jesus\n|-resisted|p2a: Jesus\n|-damage|p2a: Jesus|57\/100\n|\n|upkeep\n|turn|23\n|\n|t:|1699502722\n|move|p2a: Jesus|Dragon Dance|p2a: Jesus\n|-boost|p2a: Jesus|atk|1\n|-boost|p2a: Jesus|spe|1\n|move|p1a: Talonflame|Tera Blast|p2a: Jesus\n|-damage|p2a: Jesus|26\/100\n|\n|upkeep\n|turn|24\n|\n|t:|1699502729\n|move|p2a: Jesus|Roost|p2a: Jesus\n|-heal|p2a: Jesus|76\/100\n|-singleturn|p2a: Jesus|move: Roost\n|move|p1a: Talonflame|Tera Blast|p2a: Jesus\n|-damage|p2a: Jesus|47\/100\n|\n|upkeep\n|turn|25\n|\n|t:|1699502739\n|move|p2a: Jesus|Fly||[still]\n|-prepare|p2a: Jesus|Fly\n|move|p1a: Talonflame|Tera Blast|p2a: Jesus|[miss]\n|-miss|p1a: Talonflame|p2a: Jesus\n|\n|upkeep\n|turn|26\n|\n|t:|1699502755\n|move|p2a: Jesus|Fly|p1a: Talonflame|[from]lockedmove\n|-damage|p1a: Talonflame|0 fnt\n|faint|p1a: Talonflame\n|\n|win|Brothybear\n|raw|lukeaduke2007's rating: 1091 &rarr; <strong>1071<\/strong><br \/>(-20 for losing)\n|raw|Brothybear's rating: 1146 &rarr; <strong>1167<\/strong><br \/>(+21 for winning)\n|c|\u2606lukeaduke2007|gg\n|c|\u2606Brothybear|gg\n|l|\u2606lukeaduke2007\n","uploadtime":1699502770,"views":7,"p1id":"lukeaduke2007","p2id":"brothybear","formatid":"gen9anythinggoes","rating":1071,"private":0,"password":""}