{"id":"gen9anythinggoes-1980420868","p1":"xxswedishmanxx","p2":"krookodilemoxie","format":"[Gen 9] Anything Goes","log":"|j|\u2606xxswedishmanxx\n|j|\u2606krookodilemoxie\n|t:|1698783414\n|gametype|singles\n|player|p1|xxswedishmanxx|depotagent|1338\n|player|p2|krookodilemoxie|clay|1363\n|teamsize|p1|6\n|teamsize|p2|6\n|gen|9\n|tier|[Gen 9] Anything Goes\n|rated|\n|rule|HP Percentage Mod: HP is shown in percentages\n|rule|Endless Battle Clause: Forcing endless battles is banned\n|clearpoke\n|poke|p1|Staraptor, F|\n|poke|p1|Samurott-Hisui, F|\n|poke|p1|Kleavor, M|\n|poke|p1|Iron Moth|\n|poke|p1|Volcarona, F|\n|poke|p1|Slither Wing|\n|poke|p2|Calyrex-Shadow|\n|poke|p2|Annihilape, F|\n|poke|p2|Arceus|\n|poke|p2|Chien-Pao|\n|poke|p2|Chi-Yu|\n|poke|p2|Dialga-Origin|\n|teampreview\n|inactive|Battle timer is ON: inactive players will automatically lose when time's up. (requested by krookodilemoxie)\n|\n|t:|1698783423\n|start\n|switch|p1a: Kleavor|Kleavor, M|100\/100\n|switch|p2a: Ping-Chong|Chien-Pao|100\/100\n|-ability|p2a: Ping-Chong|Sword of Ruin\n|turn|1\n|\n|t:|1698783427\n|move|p2a: Ping-Chong|Ice Fang|p1a: Kleavor\n|-damage|p1a: Kleavor|46\/100\n|move|p1a: Kleavor|Stone Axe|p2a: Ping-Chong\n|-supereffective|p2a: Ping-Chong\n|-enditem|p2a: Ping-Chong|Focus Sash\n|-damage|p2a: Ping-Chong|1\/100\n|-sidestart|p2: krookodilemoxie|move: Stealth Rock\n|\n|upkeep\n|turn|2\n|\n|t:|1698783432\n|move|p2a: Ping-Chong|Crunch|p1a: Kleavor\n|-damage|p1a: Kleavor|0 fnt\n|faint|p1a: Kleavor\n|\n|upkeep\n|\n|t:|1698783438\n|switch|p1a: Slither Wing|Slither Wing|100\/100\n|turn|3\n|\n|t:|1698783440\n|move|p1a: Slither Wing|First Impression|p2a: Ping-Chong\n|-supereffective|p2a: Ping-Chong\n|-damage|p2a: Ping-Chong|0 fnt\n|faint|p2a: Ping-Chong\n|-damage|p1a: Slither Wing|91\/100|[from] item: Life Orb\n|\n|upkeep\n|\n|t:|1698783450\n|switch|p2a: Indian Horses|Calyrex-Shadow|100\/100\n|-ability|p2a: Indian Horses|As One\n|-ability|p2a: Indian Horses|Unnerve\n|-damage|p2a: Indian Horses|88\/100|[from] Stealth Rock\n|turn|4\n|\n|t:|1698783454\n|-end|p1a: Slither Wing|Protosynthesis|[silent]\n|switch|p1a: Staraptor|Staraptor, F, shiny|100\/100\n|move|p2a: Indian Horses|Reflect|p2a: Indian Horses\n|-sidestart|p2: krookodilemoxie|Reflect\n|\n|upkeep\n|turn|5\n|\n|t:|1698783458\n|move|p1a: Staraptor|Brave Bird|p2a: Indian Horses\n|-damage|p2a: Indian Horses|55\/100\n|-damage|p1a: Staraptor|86\/100|[from] Recoil\n|move|p2a: Indian Horses|Light Screen|p2a: Indian Horses\n|-sidestart|p2: krookodilemoxie|move: Light Screen\n|\n|upkeep\n|turn|6\n|\n|t:|1698783463\n|move|p1a: Staraptor|Brave Bird|p2a: Indian Horses\n|-damage|p2a: Indian Horses|21\/100\n|-damage|p1a: Staraptor|72\/100|[from] Recoil\n|move|p2a: Indian Horses|Confuse Ray|p1a: Staraptor\n|-start|p1a: Staraptor|confusion\n|\n|upkeep\n|turn|7\n|\n|t:|1698783466\n|-activate|p1a: Staraptor|confusion\n|-damage|p1a: Staraptor|51\/100|[from] confusion\n|move|p2a: Indian Horses|Zen Headbutt|p1a: Staraptor\n|-damage|p1a: Staraptor|16\/100\n|\n|upkeep\n|turn|8\n|\n|t:|1698783470\n|-activate|p1a: Staraptor|confusion\n|move|p1a: Staraptor|Brave Bird|p2a: Indian Horses\n|-damage|p2a: Indian Horses|0 fnt\n|faint|p2a: Indian Horses\n|-damage|p1a: Staraptor|7\/100|[from] Recoil\n|\n|upkeep\n|\n|t:|1698783478\n|switch|p2a: Shang-Chi|Chi-Yu|100\/100\n|-damage|p2a: Shang-Chi|76\/100|[from] Stealth Rock\n|-ability|p2a: Shang-Chi|Beads of Ruin\n|turn|9\n|\n|t:|1698783481\n|-activate|p1a: Staraptor|confusion\n|-damage|p1a: Staraptor|0 fnt|[from] confusion\n|faint|p1a: Staraptor\n|move|p2a: Shang-Chi|Nasty Plot|p2a: Shang-Chi\n|-boost|p2a: Shang-Chi|spa|2\n|\n|upkeep\n|\n|t:|1698783486\n|switch|p1a: Samurott|Samurott-Hisui, F|100\/100\n|turn|10\n|\n|t:|1698783491\n|move|p2a: Shang-Chi|Ember|p1a: Samurott\n|-resisted|p1a: Samurott\n|-damage|p1a: Samurott|58\/100\n|move|p1a: Samurott|Aqua Cutter|p2a: Shang-Chi\n|-supereffective|p2a: Shang-Chi\n|-damage|p2a: Shang-Chi|0 fnt\n|faint|p2a: Shang-Chi\n|\n|upkeep\n|\n|t:|1698783503\n|switch|p2a: Rage Mankey|Annihilape, F|100\/100\n|-damage|p2a: Rage Mankey|94\/100|[from] Stealth Rock\n|turn|11\n|\n|t:|1698783506\n|move|p1a: Samurott|Ceaseless Edge|p2a: Rage Mankey\n|-damage|p2a: Rage Mankey|73\/100\n|-sidestart|p2: krookodilemoxie|Spikes\n|move|p2a: Rage Mankey|Thunder|p1a: Samurott|[miss]\n|-miss|p2a: Rage Mankey|p1a: Samurott\n|\n|-sideend|p2: krookodilemoxie|Reflect\n|upkeep\n|turn|12\n|\n|t:|1698783514\n|move|p1a: Samurott|Ceaseless Edge|p2a: Rage Mankey\n|-damage|p2a: Rage Mankey|31\/100\n|-sidestart|p2: krookodilemoxie|Spikes\n|move|p2a: Rage Mankey|Thunder|p1a: Samurott|[miss]\n|-miss|p2a: Rage Mankey|p1a: Samurott\n|\n|-sideend|p2: krookodilemoxie|move: Light Screen\n|upkeep\n|turn|13\n|-message|krookodilemoxie forfeited.\n|\n|win|xxswedishmanxx\n|raw|xxswedishmanxx's rating: 1338 &rarr; <strong>1359<\/strong><br \/>(+21 for winning)\n|raw|krookodilemoxie's rating: 1363 &rarr; <strong>1342<\/strong><br \/>(-21 for losing)\n|l|\u2606krookodilemoxie\n","uploadtime":1698783527,"views":10,"p1id":"xxswedishmanxx","p2id":"krookodilemoxie","formatid":"gen9anythinggoes","rating":1342,"private":0,"password":""}