{"id":"gen9anythinggoes-1972415235","p1":"chico linguiceta","p2":"Unknowunown","format":"[Gen 9] Anything Goes","log":"|j|\u2606chico linguiceta\n|j|\u2606Unknowunown\n|t:|1697840315\n|gametype|singles\n|player|p1|chico linguiceta|harlequin|1223\n|player|p2|Unknowunown|101|1320\n|teamsize|p1|6\n|teamsize|p2|6\n|gen|9\n|tier|[Gen 9] Anything Goes\n|rated|\n|rule|HP Percentage Mod: HP is shown in percentages\n|rule|Endless Battle Clause: Forcing endless battles is banned\n|clearpoke\n|poke|p1|Gliscor, M|\n|poke|p1|Drifblim, F|\n|poke|p1|Espeon, F|\n|poke|p1|Staraptor, F|\n|poke|p1|Haxorus, F|\n|poke|p1|Quagsire, M|\n|poke|p2|Zangoose, F|\n|poke|p2|Garganacl, M|\n|poke|p2|Dragapult, M|\n|poke|p2|Toxapex, M|\n|poke|p2|Ursaluna-Bloodmoon, M|\n|poke|p2|Lurantis, M|\n|teampreview\n|\n|t:|1697840333\n|start\n|switch|p1a: Quagsire|Quagsire, M|100\/100\n|switch|p2a: Ursaluna|Ursaluna-Bloodmoon, M|100\/100\n|turn|1\n|\n|t:|1697840338\n|move|p2a: Ursaluna|Calm Mind|p2a: Ursaluna\n|-boost|p2a: Ursaluna|spa|1\n|-boost|p2a: Ursaluna|spd|1\n|move|p1a: Quagsire|Toxic|p2a: Ursaluna\n|-status|p2a: Ursaluna|tox\n|\n|-damage|p2a: Ursaluna|95\/100 tox|[from] psn\n|upkeep\n|turn|2\n|\n|t:|1697840346\n|move|p2a: Ursaluna|Calm Mind|p2a: Ursaluna\n|-boost|p2a: Ursaluna|spa|1\n|-boost|p2a: Ursaluna|spd|1\n|move|p1a: Quagsire|Earthquake|p2a: Ursaluna\n|-damage|p2a: Ursaluna|76\/100 tox\n|\n|-heal|p2a: Ursaluna|82\/100 tox|[from] item: Leftovers\n|-damage|p2a: Ursaluna|70\/100 tox|[from] psn\n|upkeep\n|turn|3\n|\n|t:|1697840354\n|move|p2a: Ursaluna|Blood Moon|p1a: Quagsire\n|-damage|p1a: Quagsire|27\/100\n|move|p1a: Quagsire|Earthquake|p2a: Ursaluna\n|-damage|p2a: Ursaluna|52\/100 tox\n|\n|-heal|p2a: Ursaluna|58\/100 tox|[from] item: Leftovers\n|-heal|p1a: Quagsire|33\/100|[from] item: Leftovers\n|-damage|p2a: Ursaluna|40\/100 tox|[from] psn\n|upkeep\n|turn|4\n|\n|t:|1697840363\n|move|p1a: Quagsire|Protect|p1a: Quagsire\n|-singleturn|p1a: Quagsire|Protect\n|move|p2a: Ursaluna|Earth Power|p1a: Quagsire\n|-activate|p1a: Quagsire|move: Protect\n|\n|-heal|p2a: Ursaluna|46\/100 tox|[from] item: Leftovers\n|-heal|p1a: Quagsire|39\/100|[from] item: Leftovers\n|-damage|p2a: Ursaluna|22\/100 tox|[from] psn\n|upkeep\n|turn|5\n|\n|t:|1697840374\n|-terastallize|p1a: Quagsire|Water\n|move|p2a: Ursaluna|Blood Moon|p1a: Quagsire\n|-damage|p1a: Quagsire|0 fnt\n|faint|p1a: Quagsire\n|\n|-heal|p2a: Ursaluna|28\/100 tox|[from] item: Leftovers\n|-damage|p2a: Ursaluna|0 fnt|[from] psn\n|faint|p2a: Ursaluna\n|upkeep\n|\n|t:|1697840386\n|switch|p2a: Zangoose|Zangoose, F, shiny|100\/100\n|switch|p1a: Haxorus|Haxorus, F|100\/100\n|-ability|p1a: Haxorus|Mold Breaker\n|turn|6\n|\n|t:|1697840392\n|move|p1a: Haxorus|Brick Break|p2a: Zangoose\n|-supereffective|p2a: Zangoose\n|-damage|p2a: Zangoose|0 fnt\n|faint|p2a: Zangoose\n|\n|upkeep\n|\n|t:|1697840397\n|switch|p2a: Toxapex|Toxapex, M|100\/100\n|turn|7\n|\n|t:|1697840411\n|switch|p1a: Espeon|Espeon, F|100\/100\n|move|p2a: Toxapex|Toxic|p1a: Espeon\n|move|p1a: Espeon|Toxic|p2a: Toxapex|[from]ability: Magic Bounce|[miss]\n|-miss|p1a: Espeon|p2a: Toxapex\n|\n|upkeep\n|turn|8\n|\n|t:|1697840421\n|switch|p2a: Garganacl|Garganacl, M|100\/100\n|move|p1a: Espeon|Light Screen|p1a: Espeon\n|-sidestart|p1: chico linguiceta|move: Light Screen\n|\n|upkeep\n|turn|9\n|\n|t:|1697840426\n|move|p1a: Espeon|Reflect|p1a: Espeon\n|-sidestart|p1: chico linguiceta|Reflect\n|move|p2a: Garganacl|Salt Cure|p1a: Espeon\n|-damage|p1a: Espeon|88\/100\n|-start|p1a: Espeon|Salt Cure\n|\n|-heal|p1a: Espeon|93\/100|[from] item: Leftovers\n|-damage|p1a: Espeon|81\/100|[from] Salt Cure\n|upkeep\n|turn|10\n|\n|t:|1697840436\n|move|p1a: Espeon|Future Sight|p2a: Garganacl\n|-start|p1a: Espeon|move: Future Sight\n|move|p2a: Garganacl|Iron Defense|p2a: Garganacl\n|-boost|p2a: Garganacl|def|2\n|\n|-heal|p1a: Espeon|87\/100|[from] item: Leftovers\n|-damage|p1a: Espeon|75\/100|[from] Salt Cure\n|upkeep\n|turn|11\n|\n|t:|1697840443\n|move|p1a: Espeon|Dazzling Gleam|p2a: Garganacl\n|-damage|p2a: Garganacl|81\/100\n|move|p2a: Garganacl|Iron Defense|p2a: Garganacl\n|-boost|p2a: Garganacl|def|2\n|\n|-heal|p1a: Espeon|81\/100|[from] item: Leftovers\n|-heal|p2a: Garganacl|88\/100|[from] item: Leftovers\n|-damage|p1a: Espeon|69\/100|[from] Salt Cure\n|upkeep\n|turn|12\n|\n|t:|1697840451\n|move|p1a: Espeon|Dazzling Gleam|p2a: Garganacl\n|-damage|p2a: Garganacl|71\/100\n|move|p2a: Garganacl|Iron Defense|p2a: Garganacl\n|-boost|p2a: Garganacl|def|2\n|\n|-end|p2a: Garganacl|move: Future Sight\n|-damage|p2a: Garganacl|30\/100\n|-heal|p1a: Espeon|75\/100|[from] item: Leftovers\n|-heal|p2a: Garganacl|36\/100|[from] item: Leftovers\n|-damage|p1a: Espeon|62\/100|[from] Salt Cure\n|-sideend|p1: chico linguiceta|move: Light Screen\n|upkeep\n|turn|13\n|\n|t:|1697840463\n|move|p1a: Espeon|Dazzling Gleam|p2a: Garganacl\n|-damage|p2a: Garganacl|19\/100\n|move|p2a: Garganacl|Recover|p2a: Garganacl\n|-heal|p2a: Garganacl|69\/100\n|\n|-heal|p1a: Espeon|68\/100|[from] item: Leftovers\n|-heal|p2a: Garganacl|75\/100|[from] item: Leftovers\n|-damage|p1a: Espeon|56\/100|[from] Salt Cure\n|-sideend|p1: chico linguiceta|Reflect\n|upkeep\n|turn|14\n|\n|t:|1697840473\n|move|p1a: Espeon|Dazzling Gleam|p2a: Garganacl\n|-damage|p2a: Garganacl|58\/100\n|move|p2a: Garganacl|Body Press|p1a: Espeon\n|-resisted|p1a: Espeon\n|-damage|p1a: Espeon|0 fnt\n|faint|p1a: Espeon\n|\n|-heal|p2a: Garganacl|64\/100|[from] item: Leftovers\n|upkeep\n|-message|chico linguiceta forfeited.\n|\n|win|Unknowunown\n|raw|chico linguiceta's rating: 1223 &rarr; <strong>1205<\/strong><br \/>(-18 for losing)\n|raw|Unknowunown's rating: 1320 &rarr; <strong>1335<\/strong><br \/>(+15 for winning)\n|l|\u2606chico linguiceta\n","uploadtime":1697840492,"views":6,"p1id":"chicolinguiceta","p2id":"unknowunown","formatid":"gen9anythinggoes","rating":1205,"private":0,"password":""}