{"id":"gen9anythinggoes-1981488606","p1":"ThatOnePerson1432","p2":"TSWElPizzaKing","format":"[Gen 9] Anything Goes","log":"|j|\u2606ThatOnePerson1432\n|j|\u2606TSWElPizzaKing\n|t:|1698905186\n|gametype|singles\n|player|p1|ThatOnePerson1432|170|1132\n|player|p2|TSWElPizzaKing|lucas|1147\n|teamsize|p1|6\n|teamsize|p2|6\n|gen|9\n|tier|[Gen 9] Anything Goes\n|rated|\n|rule|HP Percentage Mod: HP is shown in percentages\n|rule|Endless Battle Clause: Forcing endless battles is banned\n|clearpoke\n|poke|p1|Grimmsnarl, M|\n|poke|p1|Ceruledge, M|\n|poke|p1|Gliscor, M|\n|poke|p1|Barraskewda, M|\n|poke|p1|Chi-Yu|\n|poke|p1|Koraidon|\n|poke|p2|Klawf, F|\n|poke|p2|Coalossal, F|\n|poke|p2|Stonjourner, M|\n|poke|p2|Lycanroc, M|\n|poke|p2|Tyranitar, M|\n|poke|p2|Diancie|\n|teampreview\n|inactive|Battle timer is ON: inactive players will automatically lose when time's up. (requested by TSWElPizzaKing)\n|\n|t:|1698905197\n|start\n|switch|p1a: Grimmsnarl|Grimmsnarl, M|100\/100\n|switch|p2a: Colossal Rock|Coalossal, F|100\/100\n|-item|p2a: Colossal Rock|Air Balloon\n|turn|1\n|c|\u2606ThatOnePerson1432|Monotype?\n|c|\u2606TSWElPizzaKing|yep\n|\n|t:|1698905206\n|move|p1a: Grimmsnarl|Trick|p2a: Colossal Rock\n|-activate|p1a: Grimmsnarl|move: Trick|[of] p2a: Colossal Rock\n|-item|p2a: Colossal Rock|Lagging Tail|[from] move: Trick\n|-item|p1a: Grimmsnarl|Air Balloon\n|-item|p1a: Grimmsnarl|Air Balloon|[from] move: Trick\n|move|p2a: Colossal Rock|Stealth Rock|p1a: Grimmsnarl\n|-sidestart|p1: ThatOnePerson1432|move: Stealth Rock\n|\n|upkeep\n|turn|2\n|c|\u2606TSWElPizzaKing|rock\n|\n|t:|1698905217\n|move|p1a: Grimmsnarl|Parting Shot|p2a: Colossal Rock\n|-unboost|p2a: Colossal Rock|atk|1\n|-unboost|p2a: Colossal Rock|spa|1\n|\n|t:|1698905221\n|switch|p1a: Barraskewda|Barraskewda, M|100\/100|[from] Parting Shot\n|-damage|p1a: Barraskewda|88\/100|[from] Stealth Rock\n|move|p2a: Colossal Rock|Stone Edge|p1a: Barraskewda\n|-damage|p1a: Barraskewda|50\/100\n|\n|upkeep\n|turn|3\n|c|\u2606ThatOnePerson1432|I see. Nice team tho\n|c|\u2606TSWElPizzaKing|thnx!\n|c|\u2606TSWElPizzaKing|glhf\n|inactive|TSWElPizzaKing has 120 seconds left.\n|\n|t:|1698905251\n|-terastallize|p1a: Barraskewda|Water\n|move|p1a: Barraskewda|Aqua Jet|p2a: Colossal Rock\n|-supereffective|p2a: Colossal Rock\n|-damage|p2a: Colossal Rock|14\/100\n|-ability|p2a: Colossal Rock|Steam Engine|boost\n|-boost|p2a: Colossal Rock|spe|6\n|-damage|p1a: Barraskewda|40\/100|[from] item: Life Orb\n|move|p2a: Colossal Rock|Stone Edge|p1a: Barraskewda\n|-damage|p1a: Barraskewda|1\/100\n|\n|upkeep\n|turn|4\n|\n|t:|1698905263\n|move|p1a: Barraskewda|Aqua Jet|p2a: Colossal Rock\n|-supereffective|p2a: Colossal Rock\n|-damage|p2a: Colossal Rock|0 fnt\n|faint|p2a: Colossal Rock\n|-damage|p1a: Barraskewda|0 fnt|[from] item: Life Orb\n|faint|p1a: Barraskewda\n|\n|upkeep\n|\n|t:|1698905275\n|switch|p1a: Gliscor|Gliscor, M|100\/100\n|switch|p2a: What's Up Bud?|Stonjourner, M|100\/100\n|-damage|p1a: Gliscor|88\/100|[from] Stealth Rock\n|turn|5\n|\n|t:|1698905283\n|move|p1a: Gliscor|Stealth Rock|p2a: What's Up Bud?\n|-sidestart|p2: TSWElPizzaKing|move: Stealth Rock\n|move|p2a: What's Up Bud?|Rock Polish|p2a: What's Up Bud?\n|-boost|p2a: What's Up Bud?|spe|2\n|\n|-status|p1a: Gliscor|tox|[from] item: Toxic Orb\n|upkeep\n|turn|6\n|\n|t:|1698905292\n|move|p2a: What's Up Bud?|Stone Edge|p1a: Gliscor\n|-damage|p1a: Gliscor|42\/100 tox\n|-damage|p2a: What's Up Bud?|91\/100|[from] item: Life Orb\n|move|p1a: Gliscor|Knock Off|p2a: What's Up Bud?\n|-damage|p2a: What's Up Bud?|73\/100\n|-enditem|p2a: What's Up Bud?|Life Orb|[from] move: Knock Off|[of] p1a: Gliscor\n|\n|-heal|p1a: Gliscor|54\/100 tox|[from] ability: Poison Heal\n|upkeep\n|turn|7\n|inactive|TSWElPizzaKing has 120 seconds left.\n|\n|t:|1698905317\n|move|p1a: Gliscor|Protect|p1a: Gliscor\n|-singleturn|p1a: Gliscor|Protect\n|move|p2a: What's Up Bud?|Stone Edge|p1a: Gliscor\n|-activate|p1a: Gliscor|move: Protect\n|\n|-heal|p1a: Gliscor|67\/100 tox|[from] ability: Poison Heal\n|upkeep\n|turn|8\n|\n|t:|1698905326\n|move|p2a: What's Up Bud?|Stone Edge|p1a: Gliscor\n|-damage|p1a: Gliscor|30\/100 tox\n|move|p1a: Gliscor|Toxic|p2a: What's Up Bud?\n|-status|p2a: What's Up Bud?|tox\n|\n|-damage|p2a: What's Up Bud?|67\/100 tox|[from] psn\n|-heal|p1a: Gliscor|43\/100 tox|[from] ability: Poison Heal\n|upkeep\n|turn|9\n|c|\u2606ThatOnePerson1432|U are scary lol\n|\n|t:|1698905341\n|move|p1a: Gliscor|Protect|p1a: Gliscor\n|-singleturn|p1a: Gliscor|Protect\n|move|p2a: What's Up Bud?|Stone Edge|p1a: Gliscor\n|-activate|p1a: Gliscor|move: Protect\n|\n|-damage|p2a: What's Up Bud?|55\/100 tox|[from] psn\n|-heal|p1a: Gliscor|55\/100 tox|[from] ability: Poison Heal\n|upkeep\n|turn|10\n|c|\u2606TSWElPizzaKing|lmao\n|\n|t:|1698905360\n|move|p2a: What's Up Bud?|Heavy Slam|p1a: Gliscor\n|-damage|p1a: Gliscor|28\/100 tox\n|move|p1a: Gliscor|Knock Off|p2a: What's Up Bud?\n|-damage|p2a: What's Up Bud?|44\/100 tox\n|\n|-damage|p2a: What's Up Bud?|25\/100 tox|[from] psn\n|-heal|p1a: Gliscor|40\/100 tox|[from] ability: Poison Heal\n|upkeep\n|turn|11\n|\n|t:|1698905370\n|move|p1a: Gliscor|Protect|p1a: Gliscor\n|-singleturn|p1a: Gliscor|Protect\n|move|p2a: What's Up Bud?|Stone Edge|p1a: Gliscor\n|-activate|p1a: Gliscor|move: Protect\n|\n|-damage|p2a: What's Up Bud?|0 fnt|[from] psn\n|faint|p2a: What's Up Bud?\n|-heal|p1a: Gliscor|52\/100 tox|[from] ability: Poison Heal\n|upkeep\n|\n|t:|1698905374\n|switch|p2a: Hi|Klawf, F|100\/100\n|-damage|p2a: Hi|88\/100|[from] Stealth Rock\n|turn|12\n|\n|t:|1698905384\n|move|p1a: Gliscor|Toxic|p2a: Hi\n|-status|p2a: Hi|tox\n|move|p2a: Hi|Crabhammer|p1a: Gliscor\n|-supereffective|p1a: Gliscor\n|-damage|p1a: Gliscor|2\/100 tox\n|-damage|p2a: Hi|78\/100 tox|[from] item: Life Orb\n|\n|-heal|p1a: Gliscor|15\/100 tox|[from] ability: Poison Heal\n|-damage|p2a: Hi|72\/100 tox|[from] psn\n|upkeep\n|turn|13\n|\n|t:|1698905398\n|move|p1a: Gliscor|Knock Off|p2a: Hi\n|-crit|p2a: Hi\n|-damage|p2a: Hi|45\/100 tox\n|-enditem|p2a: Hi|Life Orb|[from] move: Knock Off|[of] p1a: Gliscor\n|move|p2a: Hi|Swords Dance|p2a: Hi\n|-boost|p2a: Hi|atk|2\n|\n|-heal|p1a: Gliscor|27\/100 tox|[from] ability: Poison Heal\n|-damage|p2a: Hi|33\/100 tox|[from] psn\n|upkeep\n|turn|14\n|\n|t:|1698905410\n|switch|p2a: Wurf|Lycanroc, M|100\/100\n|-damage|p2a: Wurf|88\/100|[from] Stealth Rock\n|move|p1a: Gliscor|Knock Off|p2a: Wurf\n|-damage|p2a: Wurf|51\/100\n|-enditem|p2a: Wurf|Life Orb|[from] move: Knock Off|[of] p1a: Gliscor\n|\n|-heal|p1a: Gliscor|40\/100 tox|[from] ability: Poison Heal\n|upkeep\n|turn|15\n|\n|t:|1698905420\n|move|p2a: Wurf|Stone Edge|p1a: Gliscor\n|-damage|p1a: Gliscor|12\/100 tox\n|move|p1a: Gliscor|Toxic|p2a: Wurf\n|-status|p2a: Wurf|tox\n|\n|-damage|p2a: Wurf|44\/100 tox|[from] psn\n|-heal|p1a: Gliscor|24\/100 tox|[from] ability: Poison Heal\n|upkeep\n|turn|16\n|\n|t:|1698905430\n|move|p1a: Gliscor|Protect|p1a: Gliscor\n|-singleturn|p1a: Gliscor|Protect\n|move|p2a: Wurf|Stone Edge|p1a: Gliscor\n|-activate|p1a: Gliscor|move: Protect\n|\n|-damage|p2a: Wurf|32\/100 tox|[from] psn\n|-heal|p1a: Gliscor|36\/100 tox|[from] ability: Poison Heal\n|upkeep\n|turn|17\n|\n|t:|1698905440\n|move|p2a: Wurf|Stone Edge|p1a: Gliscor\n|-damage|p1a: Gliscor|5\/100 tox\n|move|p1a: Gliscor|Knock Off|p2a: Wurf\n|-damage|p2a: Wurf|7\/100 tox\n|\n|-damage|p2a: Wurf|0 fnt|[from] psn\n|faint|p2a: Wurf\n|-heal|p1a: Gliscor|17\/100 tox|[from] ability: Poison Heal\n|upkeep\n|c|\u2606TSWElPizzaKing|your gliscor is annoying\n|\n|t:|1698905461\n|switch|p2a: Hi|Klawf, F|66\/100 tox\n|-damage|p2a: Hi|54\/100 tox|[from] Stealth Rock\n|turn|18\n|c|\u2606ThatOnePerson1432|It's built defensively\n|\n|t:|1698905477\n|move|p1a: Gliscor|Knock Off|p2a: Hi\n|-damage|p2a: Hi|41\/100 tox\n|move|p2a: Hi|Crabhammer|p1a: Gliscor\n|-supereffective|p1a: Gliscor\n|-damage|p1a: Gliscor|0 fnt\n|faint|p1a: Gliscor\n|\n|-damage|p2a: Hi|35\/100 tox|[from] psn\n|upkeep\n|\n|t:|1698905488\n|switch|p1a: Koraidon|Koraidon|100\/100\n|-damage|p1a: Koraidon|94\/100|[from] Stealth Rock\n|-weather|SunnyDay|[from] ability: Orichalcum Pulse|[of] p1a: Koraidon\n|-activate|p1a: Koraidon|Orichalcum Pulse|[source]\n|turn|19\n|\n|t:|1698905505\n|move|p1a: Koraidon|Iron Head|p2a: Hi\n|-supereffective|p2a: Hi\n|-damage|p2a: Hi|0 fnt\n|faint|p2a: Hi\n|-damage|p1a: Koraidon|84\/100|[from] item: Life Orb\n|\n|-weather|SunnyDay|[upkeep]\n|upkeep\n|\n|t:|1698905512\n|switch|p2a: Diance With Me|Diancie|100\/100\n|-damage|p2a: Diance With Me|88\/100|[from] Stealth Rock\n|turn|20\n|c|\u2606ThatOnePerson1432|Nice name\n|inactive|TSWElPizzaKing has 120 seconds left.\n|\n|t:|1698905542\n|move|p1a: Koraidon|Iron Head|p2a: Diance With Me\n|-supereffective|p2a: Diance With Me\n|-damage|p2a: Diance With Me|0 fnt\n|faint|p2a: Diance With Me\n|-damage|p1a: Koraidon|74\/100|[from] item: Life Orb\n|\n|-weather|SunnyDay|[upkeep]\n|upkeep\n|\n|t:|1698905545\n|switch|p2a: Tyro|Tyranitar, M|100\/100\n|-damage|p2a: Tyro|88\/100|[from] Stealth Rock\n|-weather|Sandstorm|[from] ability: Sand Stream|[of] p2a: Tyro\n|turn|21\n|c|\u2606TSWElPizzaKing|thnx!\n|inactive|TSWElPizzaKing has 120 seconds left.\n|\n|t:|1698905561\n|-terastallize|p2a: Tyro|Dragon\n|move|p1a: Koraidon|Collision Course|p2a: Tyro\n|-damage|p2a: Tyro|20\/100\n|-damage|p1a: Koraidon|64\/100|[from] item: Life Orb\n|move|p2a: Tyro|Dragon Dance|p2a: Tyro\n|-boost|p2a: Tyro|atk|1\n|-boost|p2a: Tyro|spe|1\n|\n|-weather|Sandstorm|[upkeep]\n|-damage|p1a: Koraidon|58\/100|[from] Sandstorm\n|-damage|p2a: Tyro|14\/100|[from] Sandstorm\n|-heal|p2a: Tyro|20\/100|[from] item: Leftovers\n|upkeep\n|turn|22\n|c|\u2606TSWElPizzaKing|gg\n|\n|t:|1698905576\n|move|p1a: Koraidon|Flare Blitz|p2a: Tyro\n|-resisted|p2a: Tyro\n|-damage|p2a: Tyro|0 fnt\n|faint|p2a: Tyro\n|-damage|p1a: Koraidon|52\/100|[from] Recoil\n|-damage|p1a: Koraidon|42\/100|[from] item: Life Orb\n|\n|win|ThatOnePerson1432\n|raw|ThatOnePerson1432's rating: 1132 &rarr; <strong>1158<\/strong><br \/>(+26 for winning)\n|raw|TSWElPizzaKing's rating: 1147 &rarr; <strong>1121<\/strong><br \/>(-26 for losing)\n|l|\u2606TSWElPizzaKing\n|c|\u2606ThatOnePerson1432|Ggs tho\n|c|\u2606ThatOnePerson1432|Well played. I liked ur team\n","uploadtime":1698905597,"views":6,"p1id":"thatoneperson1432","p2id":"tswelpizzaking","formatid":"gen9anythinggoes","rating":1121,"private":0,"password":""}