{"id":"gen9anythinggoes-1979988468","p1":"Da1ba Nana","p2":"PokeWarrior77","format":"[Gen 9] Anything Goes","log":"|j|\u2606Da1ba Nana\n|j|\u2606PokeWarrior77\n|t:|1698742536\n|gametype|singles\n|player|p1|Da1ba Nana|baker|1076\n|player|p2|PokeWarrior77|lucas-gen4pt|1082\n|teamsize|p1|6\n|teamsize|p2|6\n|gen|9\n|tier|[Gen 9] Anything Goes\n|rated|\n|rule|HP Percentage Mod: HP is shown in percentages\n|rule|Endless Battle Clause: Forcing endless battles is banned\n|clearpoke\n|poke|p1|Ambipom, F|\n|poke|p1|Heracross, M|\n|poke|p1|Blissey, F|\n|poke|p1|Bellibolt, M|\n|poke|p1|Dragapult, M|\n|poke|p1|Vigoroth, M|\n|poke|p2|Charizard, M|\n|poke|p2|Eternatus|\n|poke|p2|Calyrex-Shadow|\n|poke|p2|Greninja-*, M|\n|poke|p2|Rotom-Mow|\n|poke|p2|Zapdos-Galar|\n|teampreview\n|\n|t:|1698742549\n|start\n|switch|p1a: Ambipom|Ambipom, F|100\/100\n|switch|p2a: Eternatus|Eternatus|100\/100\n|-ability|p2a: Eternatus|Pressure\n|turn|1\n|\n|t:|1698742576\n|move|p1a: Ambipom|U-turn|p2a: Eternatus\n|-resisted|p2a: Eternatus\n|-damage|p2a: Eternatus|88\/100\n|\n|t:|1698742581\n|switch|p1a: Bellibolt|Bellibolt, M|100\/100|[from] U-turn\n|move|p2a: Eternatus|Sludge Bomb|p1a: Bellibolt\n|-damage|p1a: Bellibolt|59\/100\n|-start|p1a: Bellibolt|Charge|Sludge Bomb|[from] ability: Electromorphosis\n|\n|-heal|p2a: Eternatus|94\/100|[from] item: Leftovers\n|-heal|p1a: Bellibolt|65\/100|[from] item: Leftovers\n|upkeep\n|turn|2\n|\n|t:|1698742604\n|switch|p2a: Rotom|Rotom-Mow|100\/100\n|move|p1a: Bellibolt|Thunder Wave|p2a: Rotom\n|-immune|p2a: Rotom\n|-end|p1a: Bellibolt|Charge|[silent]\n|\n|-heal|p1a: Bellibolt|71\/100|[from] item: Leftovers\n|upkeep\n|turn|3\n|\n|t:|1698742614\n|move|p2a: Rotom|Leaf Storm|p1a: Bellibolt\n|-damage|p1a: Bellibolt|23\/100\n|-unboost|p2a: Rotom|spa|2\n|-start|p1a: Bellibolt|Charge|Leaf Storm|[from] ability: Electromorphosis\n|move|p1a: Bellibolt|Slack Off|p1a: Bellibolt\n|-heal|p1a: Bellibolt|73\/100\n|\n|-heal|p1a: Bellibolt|79\/100|[from] item: Leftovers\n|upkeep\n|turn|4\n|\n|t:|1698742627\n|move|p2a: Rotom|Leaf Storm|p1a: Bellibolt\n|-damage|p1a: Bellibolt|54\/100\n|-unboost|p2a: Rotom|spa|2\n|-start|p1a: Bellibolt|Charge|Leaf Storm|[from] ability: Electromorphosis\n|move|p1a: Bellibolt|Acid Spray|p2a: Rotom\n|-supereffective|p2a: Rotom\n|-damage|p2a: Rotom|76\/100\n|-unboost|p2a: Rotom|spd|2\n|\n|-heal|p2a: Rotom|82\/100|[from] item: Leftovers\n|-heal|p1a: Bellibolt|60\/100|[from] item: Leftovers\n|upkeep\n|turn|5\n|\n|t:|1698742656\n|move|p2a: Rotom|Leaf Storm|p1a: Bellibolt\n|-damage|p1a: Bellibolt|46\/100\n|-unboost|p2a: Rotom|spa|2\n|-start|p1a: Bellibolt|Charge|Leaf Storm|[from] ability: Electromorphosis\n|move|p1a: Bellibolt|Slack Off|p1a: Bellibolt\n|-heal|p1a: Bellibolt|96\/100\n|\n|-heal|p2a: Rotom|88\/100|[from] item: Leftovers\n|-heal|p1a: Bellibolt|100\/100|[from] item: Leftovers\n|upkeep\n|turn|6\n|\n|t:|1698742680\n|switch|p2a: Charizard|Charizard, M, shiny|100\/100\n|move|p1a: Bellibolt|Thunderbolt|p2a: Charizard\n|-supereffective|p2a: Charizard\n|-damage|p2a: Charizard|0 fnt\n|faint|p2a: Charizard\n|-end|p1a: Bellibolt|Charge|[silent]\n|\n|upkeep\n|\n|t:|1698742689\n|switch|p2a: Eternatus|Eternatus|94\/100\n|-ability|p2a: Eternatus|Pressure\n|turn|7\n|\n|t:|1698742696\n|move|p2a: Eternatus|Draco Meteor|p1a: Bellibolt\n|-damage|p1a: Bellibolt|32\/100\n|-unboost|p2a: Eternatus|spa|2\n|-start|p1a: Bellibolt|Charge|Draco Meteor|[from] ability: Electromorphosis\n|move|p1a: Bellibolt|Thunder Wave|p2a: Eternatus\n|-status|p2a: Eternatus|par\n|-end|p1a: Bellibolt|Charge|[silent]\n|\n|-heal|p2a: Eternatus|100\/100 par|[from] item: Leftovers\n|-heal|p1a: Bellibolt|38\/100|[from] item: Leftovers\n|upkeep\n|turn|8\n|\n|t:|1698742712\n|cant|p2a: Eternatus|par\n|move|p1a: Bellibolt|Slack Off|p1a: Bellibolt\n|-heal|p1a: Bellibolt|88\/100\n|\n|-heal|p1a: Bellibolt|94\/100|[from] item: Leftovers\n|upkeep\n|turn|9\n|\n|t:|1698742726\n|switch|p1a: Blissey|Blissey, F|100\/100\n|move|p2a: Eternatus|Draco Meteor|p1a: Blissey|[miss]\n|-miss|p2a: Eternatus|p1a: Blissey\n|\n|upkeep\n|turn|10\n|\n|t:|1698742742\n|cant|p2a: Eternatus|par\n|move|p1a: Blissey|Stealth Rock|p2a: Eternatus\n|-sidestart|p2: PokeWarrior77|move: Stealth Rock\n|\n|upkeep\n|turn|11\n|\n|t:|1698742748\n|move|p2a: Eternatus|Sludge Bomb|p1a: Blissey\n|-damage|p1a: Blissey|92\/100\n|-status|p1a: Blissey|psn\n|move|p1a: Blissey|Seismic Toss|p2a: Eternatus\n|-damage|p2a: Eternatus|77\/100 par\n|\n|-heal|p2a: Eternatus|84\/100 par|[from] item: Leftovers\n|-heal|p1a: Blissey|98\/100 psn|[from] item: Leftovers\n|-damage|p1a: Blissey|86\/100 psn|[from] psn\n|upkeep\n|turn|12\n|\n|t:|1698742763\n|-curestatus|p1a: Blissey|psn|[from] ability: Natural Cure\n|switch|p1a: Vigoroth|Vigoroth, M|100\/100\n|cant|p2a: Eternatus|par\n|\n|-heal|p2a: Eternatus|90\/100 par|[from] item: Leftovers\n|upkeep\n|turn|13\n|\n|t:|1698742804\n|move|p1a: Vigoroth|Bulk Up|p1a: Vigoroth\n|-boost|p1a: Vigoroth|atk|1\n|-boost|p1a: Vigoroth|def|1\n|move|p2a: Eternatus|Draco Meteor|p1a: Vigoroth\n|-damage|p1a: Vigoroth|77\/100\n|-unboost|p2a: Eternatus|spa|2\n|\n|-heal|p2a: Eternatus|96\/100 par|[from] item: Leftovers\n|upkeep\n|turn|14\n|\n|t:|1698742820\n|move|p1a: Vigoroth|Bulk Up|p1a: Vigoroth\n|-boost|p1a: Vigoroth|atk|1\n|-boost|p1a: Vigoroth|def|1\n|move|p2a: Eternatus|Sludge Bomb|p1a: Vigoroth\n|-damage|p1a: Vigoroth|66\/100\n|\n|-heal|p2a: Eternatus|100\/100 par|[from] item: Leftovers\n|upkeep\n|turn|15\n|\n|t:|1698742832\n|move|p1a: Vigoroth|Bulk Up|p1a: Vigoroth\n|-boost|p1a: Vigoroth|atk|1\n|-boost|p1a: Vigoroth|def|1\n|move|p2a: Eternatus|Sludge Bomb|p1a: Vigoroth\n|-damage|p1a: Vigoroth|57\/100\n|\n|upkeep\n|turn|16\n|\n|t:|1698742843\n|move|p1a: Vigoroth|Bulk Up|p1a: Vigoroth\n|-boost|p1a: Vigoroth|atk|1\n|-boost|p1a: Vigoroth|def|1\n|move|p2a: Eternatus|Sludge Bomb|p1a: Vigoroth\n|-damage|p1a: Vigoroth|46\/100\n|-status|p1a: Vigoroth|psn\n|\n|-damage|p1a: Vigoroth|34\/100 psn|[from] psn\n|upkeep\n|turn|17\n|\n|t:|1698742860\n|move|p1a: Vigoroth|Slack Off|p1a: Vigoroth\n|-heal|p1a: Vigoroth|84\/100 psn\n|move|p2a: Eternatus|Recover||[still]\n|-fail|p2a: Eternatus|heal\n|\n|-damage|p1a: Vigoroth|72\/100 psn|[from] psn\n|upkeep\n|turn|18\n|\n|t:|1698742870\n|move|p1a: Vigoroth|Facade|p2a: Eternatus\n|-crit|p2a: Eternatus\n|-damage|p2a: Eternatus|0 fnt\n|faint|p2a: Eternatus\n|\n|-damage|p1a: Vigoroth|59\/100 psn|[from] psn\n|upkeep\n|\n|t:|1698742882\n|switch|p2a: Greninja|Greninja, M|100\/100\n|-damage|p2a: Greninja|88\/100|[from] Stealth Rock\n|turn|19\n|\n|t:|1698742892\n|move|p2a: Greninja|Night Slash|p1a: Vigoroth\n|-damage|p1a: Vigoroth|53\/100 psn\n|move|p1a: Vigoroth|Facade|p2a: Greninja\n|-damage|p2a: Greninja|0 fnt\n|faint|p2a: Greninja\n|\n|-damage|p1a: Vigoroth|40\/100 psn|[from] psn\n|upkeep\n|\n|t:|1698742906\n|switch|p2a: Rotom|Rotom-Mow|88\/100\n|-damage|p2a: Rotom|76\/100|[from] Stealth Rock\n|turn|20\n|\n|t:|1698742959\n|-terastallize|p2a: Rotom|Electric\n|move|p2a: Rotom|Leaf Storm|p1a: Vigoroth\n|-damage|p1a: Vigoroth|6\/100 psn\n|-unboost|p2a: Rotom|spa|2\n|move|p1a: Vigoroth|Slack Off|p1a: Vigoroth\n|-heal|p1a: Vigoroth|56\/100 psn\n|\n|-heal|p2a: Rotom|82\/100|[from] item: Leftovers\n|-damage|p1a: Vigoroth|44\/100 psn|[from] psn\n|upkeep\n|turn|21\n|\n|t:|1698742975\n|move|p2a: Rotom|Thunderbolt|p1a: Vigoroth\n|-damage|p1a: Vigoroth|29\/100 psn\n|move|p1a: Vigoroth|Slack Off|p1a: Vigoroth\n|-heal|p1a: Vigoroth|79\/100 psn\n|\n|-heal|p2a: Rotom|88\/100|[from] item: Leftovers\n|-damage|p1a: Vigoroth|66\/100 psn|[from] psn\n|upkeep\n|turn|22\n|\n|t:|1698742988\n|move|p2a: Rotom|Leaf Storm|p1a: Vigoroth\n|-damage|p1a: Vigoroth|49\/100 psn\n|-unboost|p2a: Rotom|spa|2\n|move|p1a: Vigoroth|Facade|p2a: Rotom\n|-damage|p2a: Rotom|0 fnt\n|faint|p2a: Rotom\n|\n|-damage|p1a: Vigoroth|37\/100 psn|[from] psn\n|upkeep\n|\n|t:|1698742999\n|switch|p2a: Calyrex|Calyrex-Shadow|100\/100\n|-ability|p2a: Calyrex|As One\n|-ability|p2a: Calyrex|Unnerve\n|-damage|p2a: Calyrex|88\/100|[from] Stealth Rock\n|turn|23\n|\n|t:|1698743016\n|move|p2a: Calyrex|Calm Mind|p2a: Calyrex\n|-boost|p2a: Calyrex|spa|1\n|-boost|p2a: Calyrex|spd|1\n|move|p1a: Vigoroth|Knock Off|p2a: Calyrex\n|-supereffective|p2a: Calyrex\n|-damage|p2a: Calyrex|0 fnt\n|-enditem|p2a: Calyrex|Leftovers|[from] move: Knock Off|[of] p1a: Vigoroth\n|faint|p2a: Calyrex\n|\n|-damage|p1a: Vigoroth|25\/100 psn|[from] psn\n|upkeep\n|\n|t:|1698743028\n|switch|p2a: Zapdos|Zapdos-Galar|100\/100\n|-damage|p2a: Zapdos|88\/100|[from] Stealth Rock\n|turn|24\n|\n|t:|1698743035\n|-terastallize|p1a: Vigoroth|Ghost\n|move|p2a: Zapdos|Brave Bird|p1a: Vigoroth\n|-damage|p1a: Vigoroth|13\/100 psn\n|-damage|p2a: Zapdos|84\/100|[from] Recoil\n|move|p1a: Vigoroth|Facade|p2a: Zapdos\n|-damage|p2a: Zapdos|0 fnt\n|faint|p2a: Zapdos\n|\n|win|Da1ba Nana\n|raw|Da1ba Nana's rating: 1076 &rarr; <strong>1105<\/strong><br \/>(+29 for winning)\n|raw|PokeWarrior77's rating: 1082 &rarr; <strong>1059<\/strong><br \/>(-23 for losing)\n","uploadtime":1698743041,"views":9,"p1id":"da1banana","p2id":"pokewarrior77","formatid":"gen9anythinggoes","rating":1059,"private":0,"password":""}