{"id":"gen9anythinggoes-1988628397","p1":"4th Acct To 1700","p2":"itzZen","format":"[Gen 9] Anything Goes","log":"|j|\u26064th Acct To 1700\n|j|\u2606itzZen\n|t:|1699743721\n|gametype|singles\n|player|p1|4th Acct To 1700|clown|1649\n|player|p2|itzZen|2|1571\n|teamsize|p1|6\n|teamsize|p2|6\n|gen|9\n|tier|[Gen 9] Anything Goes\n|rated|\n|rule|HP Percentage Mod: HP is shown in percentages\n|rule|Endless Battle Clause: Forcing endless battles is banned\n|clearpoke\n|poke|p1|Koraidon|\n|poke|p1|Calyrex-Shadow|\n|poke|p1|Arceus-Ground|\n|poke|p1|Ribombee, M|\n|poke|p1|Skeledirge, F|\n|poke|p1|Clefable, F|\n|poke|p2|Calyrex-Shadow|\n|poke|p2|Ting-Lu|\n|poke|p2|Koraidon|\n|poke|p2|Arceus|\n|poke|p2|Giratina-Origin|\n|poke|p2|Zacian-*|\n|teampreview\n|\n|t:|1699743737\n|start\n|switch|p1a: Clefable|Clefable, F|100\/100\n|switch|p2a: Ting-Lu|Ting-Lu|100\/100\n|-ability|p2a: Ting-Lu|Vessel of Ruin\n|turn|1\n|inactive|Battle timer is ON: inactive players will automatically lose when time's up. (requested by 4th Acct To 1700)\n|\n|t:|1699743750\n|move|p2a: Ting-Lu|Stealth Rock|p1a: Clefable\n|-sidestart|p1: 4th Acct To 1700|move: Stealth Rock\n|move|p1a: Clefable|Cosmic Power|p1a: Clefable\n|-boost|p1a: Clefable|def|1\n|-boost|p1a: Clefable|spd|1\n|\n|upkeep\n|turn|2\n|\n|t:|1699743754\n|move|p1a: Clefable|Baton Pass|p1a: Clefable\n|\n|t:|1699743757\n|switch|p1a: RibBOMbee|Ribombee, M|100\/100|[from] Baton Pass\n|-damage|p1a: RibBOMbee|76\/100|[from] Stealth Rock\n|move|p2a: Ting-Lu|Whirlwind|p1a: RibBOMbee\n|drag|p1a: Ok I'm cheating|Calyrex-Shadow|100\/100\n|-ability|p1a: Ok I'm cheating|As One\n|-ability|p1a: Ok I'm cheating|Unnerve\n|-damage|p1a: Ok I'm cheating|88\/100|[from] Stealth Rock\n|\n|upkeep\n|turn|3\n|j| s3rp3rior\n|\n|t:|1699743761\n|move|p1a: Ok I'm cheating|Encore|p2a: Ting-Lu\n|-start|p2a: Ting-Lu|Encore\n|move|p2a: Ting-Lu|Whirlwind|p1a: Ok I'm cheating\n|drag|p1a: RibBOMbee|Ribombee, M|76\/100\n|-damage|p1a: RibBOMbee|51\/100|[from] Stealth Rock\n|\n|upkeep\n|turn|4\n|\n|t:|1699743765\n|move|p1a: RibBOMbee|Switcheroo|p2a: Ting-Lu\n|-activate|p1a: RibBOMbee|move: Trick|[of] p2a: Ting-Lu\n|-item|p2a: Ting-Lu|Choice Scarf|[from] move: Switcheroo\n|-item|p1a: RibBOMbee|Leftovers|[from] move: Switcheroo\n|move|p2a: Ting-Lu|Whirlwind|p1a: RibBOMbee\n|drag|p1a: Clefable|Clefable, F|100\/100\n|-damage|p1a: Clefable|88\/100|[from] Stealth Rock\n|\n|-heal|p1a: Clefable|94\/100|[from] item: Leftovers\n|upkeep\n|turn|5\n|\n|t:|1699743777\n|move|p1a: Clefable|Wish|p1a: Clefable\n|move|p2a: Ting-Lu|Whirlwind|p1a: Clefable\n|drag|p1a: Skeledirge|Skeledirge, F|100\/100\n|\n|-end|p2a: Ting-Lu|Encore\n|upkeep\n|turn|6\n|\n|t:|1699743789\n|switch|p2a: Giratina|Giratina-Origin|100\/100\n|move|p1a: Skeledirge|Will-O-Wisp|p2a: Giratina|[miss]\n|-miss|p1a: Skeledirge|p2a: Giratina\n|\n|upkeep\n|turn|7\n|\n|t:|1699743796\n|switch|p1a: Clefable|Clefable, F|94\/100\n|-damage|p1a: Clefable|82\/100|[from] Stealth Rock\n|move|p2a: Giratina|Thunder Wave|p1a: Clefable\n|-status|p1a: Clefable|par\n|\n|-heal|p1a: Clefable|88\/100 par|[from] item: Leftovers\n|upkeep\n|turn|8\n|inactive|itzZen has 120 seconds left.\n|\n|t:|1699743828\n|switch|p2a: Ting-Lu|Ting-Lu|100\/100\n|-ability|p2a: Ting-Lu|Vessel of Ruin\n|move|p1a: Clefable|Cosmic Power|p1a: Clefable\n|-boost|p1a: Clefable|def|1\n|-boost|p1a: Clefable|spd|1\n|\n|-heal|p1a: Clefable|94\/100 par|[from] item: Leftovers\n|upkeep\n|turn|9\n|\n|t:|1699743834\n|move|p1a: Clefable|Wish|p1a: Clefable\n|move|p2a: Ting-Lu|Whirlwind|p1a: Clefable\n|drag|p1a: Skeledirge|Skeledirge, F|100\/100\n|\n|upkeep\n|turn|10\n|inactive|itzZen has 120 seconds left.\n|\n|t:|1699743856\n|switch|p1a: RibBOMbee|Ribombee, M|51\/100\n|-damage|p1a: RibBOMbee|26\/100|[from] Stealth Rock\n|move|p2a: Ting-Lu|Whirlwind|p1a: RibBOMbee\n|drag|p1a: Muhfuckin Blaziken|Koraidon|100\/100\n|-damage|p1a: Muhfuckin Blaziken|94\/100|[from] Stealth Rock\n|-weather|SunnyDay|[from] ability: Orichalcum Pulse|[of] p1a: Muhfuckin Blaziken\n|-activate|p1a: Muhfuckin Blaziken|Orichalcum Pulse|[source]\n|\n|-weather|SunnyDay|[upkeep]\n|-heal|p1a: Muhfuckin Blaziken|100\/100|[from] move: Wish|[wisher] Clefable\n|upkeep\n|turn|11\n|inactive|itzZen has 120 seconds left.\n|\n|t:|1699743867\n|move|p1a: Muhfuckin Blaziken|Close Combat|p2a: Ting-Lu\n|-supereffective|p2a: Ting-Lu\n|-damage|p2a: Ting-Lu|9\/100\n|-unboost|p1a: Muhfuckin Blaziken|def|1\n|-unboost|p1a: Muhfuckin Blaziken|spd|1\n|move|p2a: Ting-Lu|Whirlwind|p1a: Muhfuckin Blaziken\n|drag|p1a: RibBOMbee|Ribombee, M|26\/100\n|-damage|p1a: RibBOMbee|1\/100|[from] Stealth Rock\n|\n|-weather|SunnyDay|[upkeep]\n|-heal|p1a: RibBOMbee|7\/100|[from] item: Leftovers\n|upkeep\n|turn|12\n|inactive|itzZen has 120 seconds left.\n|\n|t:|1699743875\n|move|p1a: RibBOMbee|Sticky Web|p2a: Ting-Lu\n|-sidestart|p2: itzZen|move: Sticky Web\n|move|p2a: Ting-Lu|Whirlwind|p1a: RibBOMbee\n|drag|p1a: Muhfuckin Blaziken|Koraidon|100\/100\n|-damage|p1a: Muhfuckin Blaziken|94\/100|[from] Stealth Rock\n|-activate|p1a: Muhfuckin Blaziken|ability: Orichalcum Pulse\n|\n|-weather|SunnyDay|[upkeep]\n|upkeep\n|turn|13\n|inactive|itzZen has 120 seconds left.\n|\n|t:|1699743898\n|move|p1a: Muhfuckin Blaziken|Scale Shot|p2a: Ting-Lu\n|-damage|p2a: Ting-Lu|0 fnt\n|faint|p2a: Ting-Lu\n|-hitcount|p2: Ting-Lu|1\n|-unboost|p1a: Muhfuckin Blaziken|def|1\n|-boost|p1a: Muhfuckin Blaziken|spe|1\n|\n|-weather|SunnyDay|[upkeep]\n|upkeep\n|\n|t:|1699743904\n|switch|p2a: Giratina|Giratina-Origin|100\/100\n|turn|14\n|\n|t:|1699743912\n|move|p1a: Muhfuckin Blaziken|Swords Dance|p1a: Muhfuckin Blaziken\n|-boost|p1a: Muhfuckin Blaziken|atk|2\n|move|p2a: Giratina|Thunder Wave|p1a: Muhfuckin Blaziken\n|-status|p1a: Muhfuckin Blaziken|par\n|\n|-weather|none\n|upkeep\n|turn|15\n|\n|t:|1699743919\n|move|p1a: Muhfuckin Blaziken|Scale Shot|p2a: Giratina\n|-supereffective|p2a: Giratina\n|-damage|p2a: Giratina|71\/100\n|-supereffective|p2a: Giratina\n|-damage|p2a: Giratina|41\/100\n|-hitcount|p2a: Giratina|2\n|-unboost|p1a: Muhfuckin Blaziken|def|1\n|-boost|p1a: Muhfuckin Blaziken|spe|1\n|move|p2a: Giratina|Dragon Tail|p1a: Muhfuckin Blaziken\n|-supereffective|p1a: Muhfuckin Blaziken\n|-damage|p1a: Muhfuckin Blaziken|0 fnt\n|faint|p1a: Muhfuckin Blaziken\n|\n|upkeep\n|\n|t:|1699743933\n|switch|p1a: Ok I'm cheating|Calyrex-Shadow|88\/100\n|-ability|p1a: Ok I'm cheating|As One\n|-ability|p1a: Ok I'm cheating|Unnerve\n|-damage|p1a: Ok I'm cheating|76\/100|[from] Stealth Rock\n|turn|16\n|inactive|itzZen has 120 seconds left.\n|\n|t:|1699743964\n|switch|p2a: Arceus|Arceus|100\/100\n|-activate|p2a: Arceus|move: Sticky Web\n|-unboost|p2a: Arceus|spe|1\n|-terastallize|p1a: Ok I'm cheating|Normal\n|move|p1a: Ok I'm cheating|Psyshock|p2a: Arceus\n|-damage|p2a: Arceus|62\/100\n|\n|upkeep\n|turn|17\n|inactive|itzZen has 120 seconds left.\n|\n|t:|1699743974\n|switch|p1a: Skeledirge|Skeledirge, F|100\/100\n|move|p2a: Arceus|Extreme Speed|p1a: Skeledirge\n|-immune|p1a: Skeledirge\n|\n|upkeep\n|turn|18\n|\n|t:|1699743981\n|switch|p2a: Giratina|Giratina-Origin|41\/100\n|move|p1a: Skeledirge|Will-O-Wisp|p2a: Giratina\n|-status|p2a: Giratina|brn\n|\n|-damage|p2a: Giratina|35\/100 brn|[from] brn\n|upkeep\n|turn|19\n|\n|t:|1699743985\n|move|p2a: Giratina|Defog|p1a: Skeledirge\n|-unboost|p1a: Skeledirge|evasion|1\n|-sideend|p1: 4th Acct To 1700|Stealth Rock|[from] move: Defog|[of] p2a: Giratina\n|-sideend|p2: itzZen|Sticky Web|[from] move: Defog|[of] p2a: Giratina\n|move|p1a: Skeledirge|Hex|p2a: Giratina\n|-supereffective|p2a: Giratina\n|-damage|p2a: Giratina|0 fnt\n|faint|p2a: Giratina\n|\n|upkeep\n|inactive|itzZen has 120 seconds left.\n|l| s3rp3rior\n|\n|t:|1699744035\n|switch|p2a: Arceus|Arceus|62\/100\n|turn|20\n|\n|t:|1699744041\n|move|p2a: Arceus|Earthquake|p1a: Skeledirge\n|-supereffective|p1a: Skeledirge\n|-damage|p1a: Skeledirge|23\/100\n|-damage|p2a: Arceus|52\/100|[from] item: Life Orb\n|move|p1a: Skeledirge|Will-O-Wisp|p2a: Arceus\n|-status|p2a: Arceus|brn\n|\n|-damage|p2a: Arceus|46\/100 brn|[from] brn\n|upkeep\n|turn|21\n|\n|t:|1699744052\n|switch|p1a: RibBOMbee|Ribombee, M|7\/100\n|move|p2a: Arceus|Earthquake|p1a: RibBOMbee\n|-resisted|p1a: RibBOMbee\n|-damage|p1a: RibBOMbee|0 fnt\n|faint|p1a: RibBOMbee\n|-damage|p2a: Arceus|36\/100 brn|[from] item: Life Orb\n|\n|-damage|p2a: Arceus|30\/100 brn|[from] brn\n|upkeep\n|\n|t:|1699744059\n|switch|p1a: Ok I'm cheating|Calyrex-Shadow, tera:Normal|76\/100\n|-ability|p1a: Ok I'm cheating|As One\n|-ability|p1a: Ok I'm cheating|Unnerve\n|turn|22\n|\n|t:|1699744069\n|move|p2a: Arceus|Extreme Speed|p1a: Ok I'm cheating\n|-damage|p1a: Ok I'm cheating|43\/100\n|-damage|p2a: Arceus|20\/100 brn|[from] item: Life Orb\n|move|p1a: Ok I'm cheating|Psyshock|p2a: Arceus\n|-damage|p2a: Arceus|0 fnt\n|faint|p2a: Arceus\n|-ability|p1a: Ok I'm cheating|Grim Neigh|boost\n|-boost|p1a: Ok I'm cheating|spa|1\n|\n|upkeep\n|\n|t:|1699744079\n|switch|p2a: Koraidon|Koraidon|100\/100\n|-weather|SunnyDay|[from] ability: Orichalcum Pulse|[of] p2a: Koraidon\n|-activate|p2a: Koraidon|Orichalcum Pulse|[source]\n|turn|23\n|\n|t:|1699744093\n|switch|p1a: Clefable|Clefable, F|94\/100 par\n|move|p2a: Koraidon|Flare Blitz|p1a: Clefable\n|-damage|p1a: Clefable|0 fnt\n|faint|p1a: Clefable\n|-damage|p2a: Koraidon|65\/100|[from] Recoil\n|\n|-weather|SunnyDay|[upkeep]\n|upkeep\n|\n|t:|1699744099\n|switch|p1a: Skeledirge|Skeledirge, F|23\/100\n|turn|24\n|\n|t:|1699744113\n|switch|p2a: Calyrex|Calyrex-Shadow|100\/100\n|-ability|p2a: Calyrex|As One\n|-ability|p2a: Calyrex|Unnerve\n|move|p1a: Skeledirge|Slack Off|p1a: Skeledirge\n|-heal|p1a: Skeledirge|73\/100\n|\n|-weather|SunnyDay|[upkeep]\n|upkeep\n|turn|25\n|\n|t:|1699744136\n|switch|p1a: Ok I'm cheating|Calyrex-Shadow, tera:Normal|43\/100\n|-ability|p1a: Ok I'm cheating|As One\n|-ability|p1a: Ok I'm cheating|Unnerve\n|-terastallize|p2a: Calyrex|Fairy\n|move|p2a: Calyrex|Psyshock|p1a: Ok I'm cheating\n|-damage|p1a: Ok I'm cheating|0 fnt\n|faint|p1a: Ok I'm cheating\n|-ability|p2a: Calyrex|Grim Neigh|boost\n|-boost|p2a: Calyrex|spa|1\n|\n|-weather|SunnyDay|[upkeep]\n|upkeep\n|\n|t:|1699744141\n|switch|p1a: Not my best team|Arceus-Ground|100\/100\n|turn|26\n|\n|t:|1699744146\n|move|p2a: Calyrex|Psyshock|p1a: Not my best team\n|-damage|p1a: Not my best team|21\/100\n|move|p1a: Not my best team|Dragon Dance|p1a: Not my best team\n|-boost|p1a: Not my best team|atk|1\n|-boost|p1a: Not my best team|spe|1\n|\n|-weather|SunnyDay|[upkeep]\n|upkeep\n|turn|27\n|\n|t:|1699744150\n|move|p1a: Not my best team|Earthquake|p2a: Calyrex\n|-crit|p2a: Calyrex\n|-damage|p2a: Calyrex|0 fnt\n|faint|p2a: Calyrex\n|\n|-weather|none\n|upkeep\n|\n|t:|1699744156\n|switch|p2a: Koraidon|Koraidon|65\/100\n|-weather|SunnyDay|[from] ability: Orichalcum Pulse|[of] p2a: Koraidon\n|-activate|p2a: Koraidon|Orichalcum Pulse|[source]\n|turn|28\n|\n|t:|1699744166\n|move|p2a: Koraidon|Outrage|p1a: Not my best team\n|-damage|p1a: Not my best team|0 fnt\n|faint|p1a: Not my best team\n|\n|-weather|SunnyDay|[upkeep]\n|upkeep\n|\n|t:|1699744168\n|switch|p1a: Skeledirge|Skeledirge, F|73\/100\n|turn|29\n|\n|t:|1699744172\n|move|p2a: Koraidon|Outrage|p1a: Skeledirge|[from]lockedmove\n|-damage|p1a: Skeledirge|0 fnt\n|faint|p1a: Skeledirge\n|\n|win|itzZen\n|raw|4th Acct To 1700's rating: 1649 &rarr; <strong>1625<\/strong><br \/>(-24 for losing)\n|raw|itzZen's rating: 1571 &rarr; <strong>1595<\/strong><br \/>(+24 for winning)\n|l|\u26064th Acct To 1700\n","uploadtime":1699744200,"views":5,"p1id":"4thacctto1700","p2id":"itzzen","formatid":"gen9anythinggoes","rating":1595,"private":0,"password":""}