{"id":"gen9anythinggoes-1983801755","p1":"sp1918","p2":"Anjal_RGN","format":"[Gen 9] Anything Goes","log":"|j|\u2606sp1918\n|j|\u2606Anjal_RGN\n|t:|1699183788\n|gametype|singles\n|player|p1|sp1918|boarder|1366\n|player|p2|Anjal_RGN|steven|1341\n|teamsize|p1|6\n|teamsize|p2|6\n|gen|9\n|tier|[Gen 9] Anything Goes\n|rated|\n|rule|HP Percentage Mod: HP is shown in percentages\n|rule|Endless Battle Clause: Forcing endless battles is banned\n|clearpoke\n|poke|p1|Houndstone, M|\n|poke|p1|Zacian-*|\n|poke|p1|Zacian-*|\n|poke|p1|Zacian-*|\n|poke|p1|Zacian-*|\n|poke|p1|Gholdengo|\n|poke|p2|Calyrex-Shadow|\n|poke|p2|Miraidon|\n|poke|p2|Rayquaza|\n|poke|p2|Zacian-*|\n|poke|p2|Regieleki|\n|poke|p2|Ribombee, F|\n|teampreview\n|inactive|Battle timer is ON: inactive players will automatically lose when time's up. (requested by sp1918)\n|\n|t:|1699183801\n|start\n|switch|p1a: Third|Zacian-Crowned|100\/100\n|switch|p2a: Ribombee|Ribombee, F|100\/100\n|-ability|p1a: Third|Intrepid Sword|boost\n|-boost|p1a: Third|atk|1\n|turn|1\n|\n|t:|1699183810\n|move|p1a: Third|Behemoth Blade|p2a: Ribombee\n|-supereffective|p2a: Ribombee\n|-enditem|p2a: Ribombee|Focus Sash\n|-damage|p2a: Ribombee|1\/100\n|move|p2a: Ribombee|Sticky Web|p1a: Third\n|-sidestart|p1: sp1918|move: Sticky Web\n|\n|upkeep\n|turn|2\n|\n|t:|1699183818\n|move|p1a: Third|Quick Attack|p2a: Ribombee\n|-damage|p2a: Ribombee|0 fnt\n|faint|p2a: Ribombee\n|\n|upkeep\n|\n|t:|1699183830\n|switch|p2a: Calyrex|Calyrex-Shadow|100\/100\n|-ability|p2a: Calyrex|As One\n|-ability|p2a: Calyrex|Unnerve\n|turn|3\n|\n|t:|1699183836\n|-terastallize|p1a: Third|Normal\n|move|p2a: Calyrex|Astral Barrage|p1a: Third\n|-immune|p1a: Third\n|move|p1a: Third|Crunch|p2a: Calyrex\n|-supereffective|p2a: Calyrex\n|-damage|p2a: Calyrex|0 fnt\n|faint|p2a: Calyrex\n|\n|upkeep\n|\n|t:|1699183852\n|switch|p2a: Miraidon|Miraidon|100\/100\n|-fieldstart|move: Electric Terrain|[from] ability: Hadron Engine|[of] p2a: Miraidon\n|turn|4\n|\n|t:|1699183862\n|move|p1a: Third|Play Rough|p2a: Miraidon\n|-supereffective|p2a: Miraidon\n|-damage|p2a: Miraidon|0 fnt\n|faint|p2a: Miraidon\n|\n|upkeep\n|\n|t:|1699183867\n|switch|p2a: Regieleki|Regieleki|100\/100\n|turn|5\n|\n|t:|1699183877\n|move|p2a: Regieleki|Thunder Wave|p1a: Third\n|-status|p1a: Third|par\n|move|p1a: Third|Crunch|p2a: Regieleki\n|-damage|p2a: Regieleki|33\/100\n|\n|upkeep\n|turn|6\n|\n|t:|1699183888\n|cant|p1a: Third|par\n|move|p2a: Regieleki|Thunderbolt|p1a: Third\n|-damage|p1a: Third|34\/100 par\n|\n|upkeep\n|turn|7\n|\n|t:|1699183896\n|move|p2a: Regieleki|Thunderbolt|p1a: Third\n|-damage|p1a: Third|0 fnt\n|faint|p1a: Third\n|\n|upkeep\n|n|!sp1918|sp1918\n|\n|t:|1699183919\n|switch|p1a: drizzy|Gholdengo|100\/100\n|-activate|p1a: drizzy|move: Sticky Web\n|-unboost|p1a: drizzy|spe|1\n|turn|8\n|\n|t:|1699183928\n|move|p2a: Regieleki|Thunder Wave|p1a: drizzy\n|-immune|p1a: drizzy|[from] ability: Good as Gold\n|move|p1a: drizzy|Shadow Ball|p2a: Regieleki\n|-damage|p2a: Regieleki|0 fnt\n|faint|p2a: Regieleki\n|\n|-fieldend|move: Electric Terrain\n|upkeep\n|\n|t:|1699183941\n|switch|p2a: Rayquaza|Rayquaza, shiny|100\/100\n|-ability|p2a: Rayquaza|Air Lock\n|turn|9\n|\n|t:|1699183949\n|move|p2a: Rayquaza|Earthquake|p1a: drizzy\n|-supereffective|p1a: drizzy\n|-damage|p1a: drizzy|0 fnt\n|faint|p1a: drizzy\n|-damage|p2a: Rayquaza|91\/100|[from] item: Life Orb\n|\n|upkeep\n|\n|t:|1699183954\n|switch|p1a: mr morals|Houndstone, M|100\/100\n|-activate|p1a: mr morals|move: Sticky Web\n|-unboost|p1a: mr morals|spe|1\n|turn|10\n|\n|t:|1699183959\n|move|p2a: Rayquaza|Dragon Dance|p2a: Rayquaza\n|-boost|p2a: Rayquaza|atk|1\n|-boost|p2a: Rayquaza|spe|1\n|move|p1a: mr morals|Last Respects|p2a: Rayquaza\n|-damage|p2a: Rayquaza|0 fnt\n|faint|p2a: Rayquaza\n|\n|upkeep\n|\n|t:|1699183967\n|switch|p2a: Zacian|Zacian-Crowned, shiny|100\/100\n|-ability|p2a: Zacian|Intrepid Sword|boost\n|-boost|p2a: Zacian|atk|1\n|turn|11\n|\n|t:|1699183972\n|move|p2a: Zacian|Swords Dance|p2a: Zacian\n|-boost|p2a: Zacian|atk|2\n|move|p1a: mr morals|Last Respects|p2a: Zacian\n|-damage|p2a: Zacian|3\/100\n|\n|upkeep\n|turn|12\n|\n|t:|1699183979\n|move|p2a: Zacian|Behemoth Blade|p1a: mr morals\n|-damage|p1a: mr morals|0 fnt\n|faint|p1a: mr morals\n|\n|upkeep\n|\n|t:|1699183986\n|switch|p1a: atheist|Zacian|100\/100\n|-activate|p1a: atheist|move: Sticky Web\n|-unboost|p1a: atheist|spe|1\n|-ability|p1a: atheist|Intrepid Sword|boost\n|-boost|p1a: atheist|atk|1\n|turn|13\n|\n|t:|1699183993\n|move|p2a: Zacian|Behemoth Blade|p1a: atheist\n|-supereffective|p1a: atheist\n|-damage|p1a: atheist|0 fnt\n|faint|p1a: atheist\n|\n|upkeep\n|\n|t:|1699184002\n|switch|p1a: Fourth|Zacian-Crowned|100\/100\n|-activate|p1a: Fourth|move: Sticky Web\n|-unboost|p1a: Fourth|spe|1\n|-ability|p1a: Fourth|Intrepid Sword|boost\n|-boost|p1a: Fourth|atk|1\n|turn|14\n|\n|t:|1699184012\n|move|p2a: Zacian|Behemoth Blade|p1a: Fourth\n|-damage|p1a: Fourth|0 fnt\n|faint|p1a: Fourth\n|\n|upkeep\n|\n|t:|1699184016\n|switch|p1a: Second|Zacian-Crowned|100\/100\n|-activate|p1a: Second|move: Sticky Web\n|-unboost|p1a: Second|spe|1\n|-ability|p1a: Second|Intrepid Sword|boost\n|-boost|p1a: Second|atk|1\n|turn|15\n|\n|t:|1699184025\n|move|p2a: Zacian|Behemoth Blade|p1a: Second\n|-damage|p1a: Second|0 fnt\n|faint|p1a: Second\n|\n|win|Anjal_RGN\n|raw|sp1918's rating: 1366 &rarr; <strong>1345<\/strong><br \/>(-21 for losing)\n|raw|Anjal_RGN's rating: 1341 &rarr; <strong>1362<\/strong><br \/>(+21 for winning)\n","uploadtime":1699183898,"views":3,"p1id":"sp1918","p2id":"anjalrgn","formatid":"gen9anythinggoes","rating":1345,"private":0,"password":""}