{"id":"gen9anythinggoes-1996033610","p1":"yaboilandon","p2":"GildedSapphire","format":"[Gen 9] Anything Goes","log":"|j|\u2606yaboilandon\n|j|\u2606GildedSapphire\n|t:|1700632620\n|gametype|singles\n|player|p1|yaboilandon|169|1035\n|player|p2|GildedSapphire|wallace|1177\n|teamsize|p1|3\n|teamsize|p2|6\n|gen|9\n|tier|[Gen 9] Anything Goes\n|rated|\n|rule|HP Percentage Mod: HP is shown in percentages\n|rule|Endless Battle Clause: Forcing endless battles is banned\n|clearpoke\n|poke|p1|Zacian-*|\n|poke|p1|Zamazenta-*|\n|poke|p1|Calyrex-Shadow|\n|poke|p2|Zacian-*|\n|poke|p2|Zacian-*|\n|poke|p2|Zacian-*|\n|poke|p2|Zacian-*|\n|poke|p2|Zacian-*|\n|poke|p2|Koraidon|\n|teampreview\n|c|\u2606yaboilandon|oh\n|\n|t:|1700632639\n|start\n|switch|p1a: Zacian|Zacian-Crowned|100\/100\n|switch|p2a: nuh uh|Zacian-Crowned|100\/100\n|-ability|p2a: nuh uh|Intrepid Sword|boost\n|-boost|p2a: nuh uh|atk|1\n|-ability|p1a: Zacian|Intrepid Sword|boost\n|-boost|p1a: Zacian|atk|1\n|turn|1\n|inactive|Battle timer is ON: inactive players will automatically lose when time's up. (requested by GildedSapphire)\n|\n|t:|1700632651\n|-terastallize|p2a: nuh uh|Ground\n|-terastallize|p1a: Zacian|Fairy\n|move|p2a: nuh uh|Close Combat|p1a: Zacian\n|-resisted|p1a: Zacian\n|-damage|p1a: Zacian|72\/100\n|-unboost|p2a: nuh uh|def|1\n|-unboost|p2a: nuh uh|spd|1\n|move|p1a: Zacian|Steel Beam|p2a: nuh uh\n|-damage|p2a: nuh uh|41\/100\n|-damage|p1a: Zacian|22\/100|[from] steelbeam\n|\n|upkeep\n|turn|2\n|\n|t:|1700632662\n|move|p2a: nuh uh|Behemoth Blade|p1a: Zacian\n|-supereffective|p1a: Zacian\n|-damage|p1a: Zacian|0 fnt\n|faint|p1a: Zacian\n|\n|upkeep\n|\n|t:|1700632666\n|switch|p1a: Zamazenta|Zamazenta-Crowned|100\/100\n|-ability|p1a: Zamazenta|Dauntless Shield|boost\n|-boost|p1a: Zamazenta|def|1\n|turn|3\n|\n|t:|1700632672\n|move|p2a: nuh uh|Fire Fang|p1a: Zamazenta\n|-supereffective|p1a: Zamazenta\n|-damage|p1a: Zamazenta|60\/100\n|move|p1a: Zamazenta|Steel Beam|p2a: nuh uh\n|-damage|p2a: nuh uh|0 fnt\n|-damage|p1a: Zamazenta|10\/100|[from] steelbeam\n|faint|p2a: nuh uh\n|\n|upkeep\n|\n|t:|1700632683\n|switch|p2a: nope|Zacian|100\/100\n|-ability|p2a: nope|Intrepid Sword|boost\n|-boost|p2a: nope|atk|1\n|turn|4\n|\n|t:|1700632693\n|move|p2a: nope|Sacred Sword|p1a: Zamazenta\n|-supereffective|p1a: Zamazenta\n|-damage|p1a: Zamazenta|0 fnt\n|faint|p1a: Zamazenta\n|\n|upkeep\n|\n|t:|1700632697\n|switch|p1a: Calyrex|Calyrex-Shadow|100\/100\n|-ability|p1a: Calyrex|As One\n|-ability|p1a: Calyrex|Unnerve\n|turn|5\n|\n|t:|1700632710\n|switch|p2a: sorry|Zacian-Crowned|100\/100\n|-ability|p2a: sorry|Intrepid Sword|boost\n|-boost|p2a: sorry|atk|1\n|move|p1a: Calyrex|Calm Mind|p1a: Calyrex\n|-boost|p1a: Calyrex|spa|1\n|-boost|p1a: Calyrex|spd|1\n|\n|upkeep\n|turn|6\n|\n|t:|1700632719\n|move|p2a: sorry|Behemoth Blade|p1a: Calyrex\n|-damage|p1a: Calyrex|0 fnt\n|faint|p1a: Calyrex\n|\n|win|GildedSapphire\n|raw|yaboilandon's rating: 1035 &rarr; <strong>1026<\/strong><br \/>(-9 for losing)\n|raw|GildedSapphire's rating: 1177 &rarr; <strong>1192<\/strong><br \/>(+15 for winning)\n|c|\u2606GildedSapphire|gg\n","uploadtime":1700632730,"views":0,"p1id":"yaboilandon","p2id":"gildedsapphire","formatid":"gen9anythinggoes","rating":1026,"private":0,"password":""}