{"id":"gen9anythinggoes-1976842114","p1":"Nasty N","p2":"SereneGraceAbuser","format":"[Gen 9] Anything Goes","log":"|j|\u2606Nasty N\n|j|\u2606SereneGraceAbuser\n|t:|1698345730\n|gametype|singles\n|player|p1|Nasty N|n|1359\n|player|p2|SereneGraceAbuser|rosa|1456\n|teamsize|p1|6\n|teamsize|p2|6\n|gen|9\n|tier|[Gen 9] Anything Goes\n|rated|\n|rule|HP Percentage Mod: HP is shown in percentages\n|rule|Endless Battle Clause: Forcing endless battles is banned\n|clearpoke\n|poke|p1|Pawmot, M|\n|poke|p1|Pawmot, F|\n|poke|p1|Pawmot, F|\n|poke|p1|Pawmot, F|\n|poke|p1|Basculegion, M|\n|poke|p1|Mandibuzz, F|\n|poke|p2|Great Tusk|\n|poke|p2|Scream Tail|\n|poke|p2|Brute Bonnet|\n|poke|p2|Flutter Mane|\n|poke|p2|Slither Wing|\n|poke|p2|Sandy Shocks|\n|teampreview\n|inactive|Battle timer is ON: inactive players will automatically lose when time's up. (requested by SereneGraceAbuser)\n|inactive|Nasty N also wants the timer to be on.\n|\n|t:|1698345738\n|start\n|switch|p1a: Basculegion|Basculegion, M, shiny|100\/100\n|switch|p2a: Sandy Shocks|Sandy Shocks|100\/100\n|-enditem|p2a: Sandy Shocks|Booster Energy\n|-activate|p2a: Sandy Shocks|ability: Protosynthesis|[fromitem]\n|-start|p2a: Sandy Shocks|protosynthesisspe\n|turn|1\n|\n|t:|1698345748\n|move|p2a: Sandy Shocks|Thunderbolt|p1a: Basculegion\n|-supereffective|p1a: Basculegion\n|-damage|p1a: Basculegion|11\/100\n|move|p1a: Basculegion|Wave Crash|p2a: Sandy Shocks\n|-supereffective|p2a: Sandy Shocks\n|-damage|p2a: Sandy Shocks|0 fnt\n|faint|p2a: Sandy Shocks\n|-end|p2a: Sandy Shocks|Protosynthesis|[silent]\n|-damage|p1a: Basculegion|0 fnt|[from] Recoil\n|faint|p1a: Basculegion\n|\n|upkeep\n|\n|t:|1698345756\n|switch|p2a: Flutter Mane|Flutter Mane|100\/100\n|switch|p1a: Pawmot|Pawmot, F, shiny|100\/100\n|-enditem|p2a: Flutter Mane|Booster Energy\n|-activate|p2a: Flutter Mane|ability: Protosynthesis|[fromitem]\n|-start|p2a: Flutter Mane|protosynthesisspe\n|turn|2\n|\n|t:|1698345763\n|move|p2a: Flutter Mane|Moonblast|p1a: Pawmot\n|-supereffective|p1a: Pawmot\n|-enditem|p1a: Pawmot|Focus Sash\n|-damage|p1a: Pawmot|1\/100\n|move|p1a: Pawmot|Double Shock|p2a: Flutter Mane\n|-damage|p2a: Flutter Mane|0 fnt\n|-start|p1a: Pawmot|typechange|???\/Fighting|[from] move: Double Shock\n|faint|p2a: Flutter Mane\n|-end|p2a: Flutter Mane|Protosynthesis|[silent]\n|\n|upkeep\n|\n|t:|1698345769\n|switch|p2a: Scream Tail|Scream Tail|100\/100\n|turn|3\n|\n|t:|1698345774\n|move|p1a: Pawmot|Revival Blessing|p1a: Pawmot\n|\n|t:|1698345775\n|-heal|p1: Basculegion|50\/100|[from] move: Revival Blessing\n|move|p2a: Scream Tail|Dazzling Gleam|p1a: Pawmot\n|-supereffective|p1a: Pawmot\n|-damage|p1a: Pawmot|0 fnt\n|faint|p1a: Pawmot\n|\n|upkeep\n|\n|t:|1698345797\n|switch|p1a: Basculegion|Basculegion, M, shiny|50\/100\n|turn|4\n|\n|t:|1698345806\n|-end|p2a: Scream Tail|Protosynthesis|[silent]\n|switch|p2a: Brute Bonnet|Brute Bonnet|100\/100\n|-enditem|p2a: Brute Bonnet|Booster Energy\n|-activate|p2a: Brute Bonnet|ability: Protosynthesis|[fromitem]\n|-start|p2a: Brute Bonnet|protosynthesisatk\n|move|p1a: Basculegion|Last Respects|p2a: Brute Bonnet\n|-resisted|p2a: Brute Bonnet\n|-damage|p2a: Brute Bonnet|64\/100\n|\n|upkeep\n|turn|5\n|\n|t:|1698345815\n|move|p2a: Brute Bonnet|Sucker Punch|p1a: Basculegion\n|-supereffective|p1a: Basculegion\n|-damage|p1a: Basculegion|0 fnt\n|faint|p1a: Basculegion\n|\n|upkeep\n|\n|t:|1698345818\n|switch|p1a: Mandibuzz|Mandibuzz, F, shiny|100\/100\n|turn|6\n|\n|t:|1698345823\n|move|p1a: Mandibuzz|Toxic|p2a: Brute Bonnet\n|-status|p2a: Brute Bonnet|tox\n|move|p2a: Brute Bonnet|Close Combat|p1a: Mandibuzz\n|-damage|p1a: Mandibuzz|67\/100\n|-unboost|p2a: Brute Bonnet|def|1\n|-unboost|p2a: Brute Bonnet|spd|1\n|\n|-damage|p2a: Brute Bonnet|58\/100 tox|[from] psn\n|upkeep\n|turn|7\n|\n|t:|1698345843\n|move|p1a: Mandibuzz|Knock Off|p2a: Brute Bonnet\n|-resisted|p2a: Brute Bonnet\n|-damage|p2a: Brute Bonnet|48\/100 tox\n|move|p2a: Brute Bonnet|Close Combat|p1a: Mandibuzz\n|-damage|p1a: Mandibuzz|35\/100\n|-unboost|p2a: Brute Bonnet|def|1\n|-unboost|p2a: Brute Bonnet|spd|1\n|\n|-damage|p2a: Brute Bonnet|36\/100 tox|[from] psn\n|upkeep\n|turn|8\n|\n|t:|1698345848\n|move|p1a: Mandibuzz|Tailwind|p1a: Mandibuzz\n|-sidestart|p1: Nasty N|move: Tailwind\n|move|p2a: Brute Bonnet|Close Combat|p1a: Mandibuzz\n|-damage|p1a: Mandibuzz|4\/100\n|-unboost|p2a: Brute Bonnet|def|1\n|-unboost|p2a: Brute Bonnet|spd|1\n|\n|-damage|p2a: Brute Bonnet|18\/100 tox|[from] psn\n|upkeep\n|turn|9\n|\n|t:|1698345855\n|move|p1a: Mandibuzz|Knock Off|p2a: Brute Bonnet\n|-resisted|p2a: Brute Bonnet\n|-damage|p2a: Brute Bonnet|2\/100 tox\n|move|p2a: Brute Bonnet|Crunch|p1a: Mandibuzz\n|-resisted|p1a: Mandibuzz\n|-damage|p1a: Mandibuzz|0 fnt\n|faint|p1a: Mandibuzz\n|\n|-damage|p2a: Brute Bonnet|0 fnt|[from] psn\n|faint|p2a: Brute Bonnet\n|-end|p2a: Brute Bonnet|Protosynthesis|[silent]\n|upkeep\n|\n|t:|1698345860\n|switch|p1a: Pawmot|Pawmot, M, shiny|100\/100\n|switch|p2a: Great Tusk|Great Tusk|100\/100\n|turn|10\n|\n|t:|1698345867\n|move|p1a: Pawmot|Revival Blessing|p1a: Pawmot\n|\n|t:|1698345870\n|-heal|p1: Basculegion|50\/100|[from] move: Revival Blessing\n|move|p2a: Great Tusk|Rapid Spin|p1a: Pawmot\n|-damage|p1a: Pawmot|72\/100\n|-boost|p2a: Great Tusk|spe|1\n|\n|upkeep\n|turn|11\n|\n|t:|1698345878\n|move|p1a: Pawmot|Close Combat|p2a: Great Tusk\n|-damage|p2a: Great Tusk|62\/100\n|-unboost|p1a: Pawmot|def|1\n|-unboost|p1a: Pawmot|spd|1\n|move|p2a: Great Tusk|Rapid Spin|p1a: Pawmot\n|-damage|p1a: Pawmot|26\/100\n|-boost|p2a: Great Tusk|spe|1\n|\n|-heal|p2a: Great Tusk|68\/100|[from] item: Leftovers\n|-sideend|p1: Nasty N|move: Tailwind\n|upkeep\n|turn|12\n|\n|t:|1698345891\n|move|p2a: Great Tusk|Rapid Spin|p1a: Pawmot\n|-damage|p1a: Pawmot|0 fnt\n|-boost|p2a: Great Tusk|spe|1\n|faint|p1a: Pawmot\n|\n|-heal|p2a: Great Tusk|75\/100|[from] item: Leftovers\n|upkeep\n|\n|t:|1698345895\n|switch|p1a: Basculegion|Basculegion, M, shiny|50\/100\n|turn|13\n|\n|t:|1698345900\n|-terastallize|p2a: Great Tusk|Steel\n|move|p1a: Basculegion|Aqua Jet|p2a: Great Tusk\n|-damage|p2a: Great Tusk|56\/100\n|move|p2a: Great Tusk|Headlong Rush|p1a: Basculegion\n|-crit|p1a: Basculegion\n|-damage|p1a: Basculegion|0 fnt\n|-unboost|p2a: Great Tusk|def|1\n|-unboost|p2a: Great Tusk|spd|1\n|faint|p1a: Basculegion\n|\n|-heal|p2a: Great Tusk|62\/100|[from] item: Leftovers\n|upkeep\n|\n|t:|1698345906\n|switch|p1a: Pawmot|Pawmot, F, shiny|100\/100\n|turn|14\n|\n|t:|1698345911\n|move|p2a: Great Tusk|Headlong Rush|p1a: Pawmot\n|-supereffective|p1a: Pawmot\n|-enditem|p1a: Pawmot|Focus Sash\n|-damage|p1a: Pawmot|1\/100\n|-unboost|p2a: Great Tusk|def|1\n|-unboost|p2a: Great Tusk|spd|1\n|move|p1a: Pawmot|Close Combat|p2a: Great Tusk\n|-supereffective|p2a: Great Tusk\n|-crit|p2a: Great Tusk\n|-damage|p2a: Great Tusk|0 fnt\n|-unboost|p1a: Pawmot|def|1\n|-unboost|p1a: Pawmot|spd|1\n|faint|p2a: Great Tusk\n|-end|p2a: Great Tusk|Protosynthesis|[silent]\n|\n|upkeep\n|\n|t:|1698345916\n|switch|p2a: Scream Tail|Scream Tail|100\/100\n|turn|15\n|\n|t:|1698345936\n|move|p1a: Pawmot|Revival Blessing|p1a: Pawmot\n|\n|t:|1698345938\n|-heal|p1: Basculegion|50\/100|[from] move: Revival Blessing\n|move|p2a: Scream Tail|Dazzling Gleam|p1a: Pawmot\n|-supereffective|p1a: Pawmot\n|-damage|p1a: Pawmot|0 fnt\n|faint|p1a: Pawmot\n|\n|upkeep\n|\n|t:|1698345947\n|switch|p1a: Basculegion|Basculegion, M, shiny|50\/100\n|turn|16\n|\n|t:|1698345949\n|move|p1a: Basculegion|Last Respects|p2a: Scream Tail\n|-supereffective|p2a: Scream Tail\n|-damage|p2a: Scream Tail|0 fnt\n|faint|p2a: Scream Tail\n|-end|p2a: Scream Tail|Protosynthesis|[silent]\n|\n|upkeep\n|\n|t:|1698345951\n|switch|p2a: Slither Wing|Slither Wing|100\/100\n|turn|17\n|\n|t:|1698345960\n|move|p1a: Basculegion|Last Respects|p2a: Slither Wing\n|-damage|p2a: Slither Wing|0 fnt\n|faint|p2a: Slither Wing\n|-end|p2a: Slither Wing|Protosynthesis|[silent]\n|\n|win|Nasty N\n|raw|Nasty N's rating: 1359 &rarr; <strong>1384<\/strong><br \/>(+25 for winning)\n|raw|SereneGraceAbuser's rating: 1456 &rarr; <strong>1431<\/strong><br \/>(-25 for losing)\n|l|\u2606SereneGraceAbuser\n","uploadtime":1698345963,"views":9,"p1id":"nastyn","p2id":"serenegraceabuser","formatid":"gen9anythinggoes","rating":1384,"private":0,"password":""}