{"id":"gen9anythinggoes-1981034616","p1":"KingBOW","p2":"Feraligators","format":"[Gen 9] Anything Goes","log":"|j|\u2606KingBOW\n|j|\u2606Feraligators\n|t:|1698858426\n|gametype|singles\n|player|p1|KingBOW|benga|1486\n|player|p2|Feraligators|hooligans|1745\n|teamsize|p1|6\n|teamsize|p2|6\n|gen|9\n|tier|[Gen 9] Anything Goes\n|rated|\n|rule|HP Percentage Mod: HP is shown in percentages\n|rule|Endless Battle Clause: Forcing endless battles is banned\n|clearpoke\n|poke|p1|Calyrex-Shadow|\n|poke|p1|Arceus|\n|poke|p1|Iron Bundle|\n|poke|p1|Urshifu-*, F|\n|poke|p1|Magearna-Original|\n|poke|p1|Arceus-Ground|\n|poke|p2|Calyrex-Shadow|\n|poke|p2|Arceus|\n|poke|p2|Koraidon|\n|poke|p2|Ditto|\n|poke|p2|Ting-Lu|\n|poke|p2|Miraidon|\n|teampreview\n|inactive|Battle timer is ON: inactive players will automatically lose when time's up. (requested by KingBOW)\n|inactive|Feraligators has 120 seconds left.\n|inactive|Feraligators has 90 seconds left.\n|\n|t:|1698858498\n|start\n|switch|p1a: Magearna|Magearna-Original|100\/100\n|switch|p2a: Moose Of Ruin|Ting-Lu|100\/100\n|-ability|p2a: Moose Of Ruin|Vessel of Ruin\n|turn|1\n|\n|t:|1698858502\n|move|p1a: Magearna|Agility|p1a: Magearna\n|-boost|p1a: Magearna|spe|2\n|move|p2a: Moose Of Ruin|Spikes|p1a: Magearna\n|-sidestart|p1: KingBOW|Spikes\n|\n|upkeep\n|turn|2\n|\n|t:|1698858510\n|move|p1a: Magearna|Fleur Cannon|p2a: Moose Of Ruin\n|-supereffective|p2a: Moose Of Ruin\n|-damage|p2a: Moose Of Ruin|50\/100\n|-unboost|p1a: Magearna|spa|2\n|move|p2a: Moose Of Ruin|Spikes|p1a: Magearna\n|-sidestart|p1: KingBOW|Spikes\n|\n|-heal|p2a: Moose Of Ruin|57\/100|[from] item: Leftovers\n|upkeep\n|turn|3\n|\n|t:|1698858516\n|move|p1a: Magearna|Fleur Cannon|p2a: Moose Of Ruin|[miss]\n|-miss|p1a: Magearna|p2a: Moose Of Ruin\n|move|p2a: Moose Of Ruin|Spikes|p1a: Magearna\n|-sidestart|p1: KingBOW|Spikes\n|\n|-heal|p2a: Moose Of Ruin|63\/100|[from] item: Leftovers\n|upkeep\n|turn|4\n|\n|t:|1698858520\n|move|p1a: Magearna|Fleur Cannon|p2a: Moose Of Ruin\n|-supereffective|p2a: Moose Of Ruin\n|-damage|p2a: Moose Of Ruin|37\/100\n|-unboost|p1a: Magearna|spa|2\n|move|p2a: Moose Of Ruin|Ruination|p1a: Magearna|[miss]\n|-miss|p2a: Moose Of Ruin|p1a: Magearna\n|\n|-heal|p2a: Moose Of Ruin|43\/100|[from] item: Leftovers\n|upkeep\n|turn|5\n|\n|t:|1698858535\n|switch|p1a: Urshifu|Urshifu-Rapid-Strike, F|100\/100\n|-damage|p1a: Urshifu|76\/100|[from] Spikes\n|move|p2a: Moose Of Ruin|Earthquake|p1a: Urshifu\n|-damage|p1a: Urshifu|39\/100\n|\n|-heal|p2a: Moose Of Ruin|50\/100|[from] item: Leftovers\n|upkeep\n|turn|6\n|\n|t:|1698858541\n|move|p1a: Urshifu|Surging Strikes|p2a: Moose Of Ruin\n|-supereffective|p2a: Moose Of Ruin\n|-crit|p2a: Moose Of Ruin\n|-damage|p2a: Moose Of Ruin|25\/100\n|-supereffective|p2a: Moose Of Ruin\n|-crit|p2a: Moose Of Ruin\n|-damage|p2a: Moose Of Ruin|2\/100\n|-supereffective|p2a: Moose Of Ruin\n|-crit|p2a: Moose Of Ruin\n|-damage|p2a: Moose Of Ruin|0 fnt\n|faint|p2a: Moose Of Ruin\n|-hitcount|p2: Moose Of Ruin|3\n|\n|upkeep\n|\n|t:|1698858549\n|switch|p2a: Dreadful Destroyer|Koraidon|100\/100\n|-weather|SunnyDay|[from] ability: Orichalcum Pulse|[of] p2a: Dreadful Destroyer\n|-activate|p2a: Dreadful Destroyer|Orichalcum Pulse|[source]\n|turn|7\n|\n|t:|1698858553\n|move|p1a: Urshifu|Surging Strikes|p2a: Dreadful Destroyer\n|-resisted|p2a: Dreadful Destroyer\n|-crit|p2a: Dreadful Destroyer\n|-damage|p2a: Dreadful Destroyer|97\/100\n|-resisted|p2a: Dreadful Destroyer\n|-crit|p2a: Dreadful Destroyer\n|-damage|p2a: Dreadful Destroyer|92\/100\n|-resisted|p2a: Dreadful Destroyer\n|-crit|p2a: Dreadful Destroyer\n|-damage|p2a: Dreadful Destroyer|89\/100\n|-hitcount|p2a: Dreadful Destroyer|3\n|move|p2a: Dreadful Destroyer|Swords Dance|p2a: Dreadful Destroyer\n|-boost|p2a: Dreadful Destroyer|atk|2\n|\n|-weather|SunnyDay|[upkeep]\n|upkeep\n|turn|8\n|\n|t:|1698858557\n|switch|p1a: Magearna|Magearna-Original|100\/100\n|-damage|p1a: Magearna|76\/100|[from] Spikes\n|move|p2a: Dreadful Destroyer|Scale Shot|p1a: Magearna\n|-immune|p1a: Magearna\n|\n|-weather|SunnyDay|[upkeep]\n|-heal|p1a: Magearna|82\/100|[from] item: Leftovers\n|upkeep\n|turn|9\n|\n|t:|1698858563\n|move|p2a: Dreadful Destroyer|Flare Blitz|p1a: Magearna\n|-supereffective|p1a: Magearna\n|-damage|p1a: Magearna|0 fnt\n|faint|p1a: Magearna\n|-damage|p2a: Dreadful Destroyer|69\/100|[from] Recoil\n|\n|-weather|SunnyDay|[upkeep]\n|upkeep\n|\n|t:|1698858567\n|switch|p1a: Iron Bundle|Iron Bundle|100\/100\n|-damage|p1a: Iron Bundle|76\/100|[from] Spikes\n|turn|10\n|\n|t:|1698858577\n|move|p1a: Iron Bundle|Ice Beam|p2a: Dreadful Destroyer\n|-supereffective|p2a: Dreadful Destroyer\n|-damage|p2a: Dreadful Destroyer|0 fnt\n|faint|p2a: Dreadful Destroyer\n|\n|-weather|SunnyDay|[upkeep]\n|upkeep\n|\n|t:|1698858582\n|switch|p2a: Miraidon|Miraidon|100\/100\n|-fieldstart|move: Electric Terrain|[from] ability: Hadron Engine|[of] p2a: Miraidon\n|-activate|p1a: Iron Bundle|ability: Quark Drive\n|-start|p1a: Iron Bundle|quarkdrivespe\n|turn|11\n|\n|t:|1698858586\n|move|p1a: Iron Bundle|Ice Beam|p2a: Miraidon\n|-supereffective|p2a: Miraidon\n|-damage|p2a: Miraidon|0 fnt\n|faint|p2a: Miraidon\n|\n|-weather|none\n|upkeep\n|\n|t:|1698858591\n|switch|p2a: Light of Hope|Arceus|100\/100\n|turn|12\n|\n|t:|1698858600\n|move|p1a: Iron Bundle|Ice Beam|p2a: Light of Hope\n|-damage|p2a: Light of Hope|55\/100\n|move|p2a: Light of Hope|Swords Dance|p2a: Light of Hope\n|-boost|p2a: Light of Hope|atk|2\n|\n|-heal|p2a: Light of Hope|61\/100|[from] item: Leftovers\n|upkeep\n|turn|13\n|\n|t:|1698858605\n|-terastallize|p2a: Light of Hope|Normal\n|move|p2a: Light of Hope|Extreme Speed|p1a: Iron Bundle\n|-damage|p1a: Iron Bundle|0 fnt\n|faint|p1a: Iron Bundle\n|-end|p1a: Iron Bundle|Quark Drive|[silent]\n|\n|-heal|p2a: Light of Hope|67\/100|[from] item: Leftovers\n|upkeep\n|\n|t:|1698858609\n|switch|p1a: Calyrex|Calyrex-Shadow|100\/100\n|-ability|p1a: Calyrex|As One\n|-ability|p1a: Calyrex|Unnerve\n|-damage|p1a: Calyrex|76\/100|[from] Spikes\n|turn|14\n|\n|t:|1698858613\n|move|p1a: Calyrex|Psyshock|p2a: Light of Hope\n|-damage|p2a: Light of Hope|35\/100\n|move|p2a: Light of Hope|Shadow Claw|p1a: Calyrex\n|-supereffective|p1a: Calyrex\n|-crit|p1a: Calyrex\n|-damage|p1a: Calyrex|0 fnt\n|faint|p1a: Calyrex\n|\n|-heal|p2a: Light of Hope|41\/100|[from] item: Leftovers\n|upkeep\n|\n|t:|1698858622\n|switch|p1a: Urshifu|Urshifu-Rapid-Strike, F|39\/100\n|-damage|p1a: Urshifu|14\/100|[from] Spikes\n|turn|15\n|\n|t:|1698858626\n|move|p2a: Light of Hope|Extreme Speed|p1a: Urshifu\n|-damage|p1a: Urshifu|0 fnt\n|faint|p1a: Urshifu\n|\n|-heal|p2a: Light of Hope|47\/100|[from] item: Leftovers\n|-fieldend|move: Electric Terrain\n|upkeep\n|\n|t:|1698858634\n|switch|p1a: Arceus|Arceus-Ground|100\/100\n|-damage|p1a: Arceus|76\/100|[from] Spikes\n|turn|16\n|inactive|Feraligators has 120 seconds left.\n|\n|t:|1698858665\n|move|p2a: Light of Hope|Extreme Speed|p1a: Arceus\n|-damage|p1a: Arceus|5\/100\n|move|p1a: Arceus|Judgment|p2a: Light of Hope\n|-damage|p2a: Light of Hope|18\/100\n|\n|-heal|p2a: Light of Hope|24\/100|[from] item: Leftovers\n|upkeep\n|turn|17\n|\n|t:|1698858672\n|move|p2a: Light of Hope|Extreme Speed|p1a: Arceus\n|-damage|p1a: Arceus|0 fnt\n|faint|p1a: Arceus\n|\n|-heal|p2a: Light of Hope|30\/100|[from] item: Leftovers\n|upkeep\n|\n|t:|1698858674\n|switch|p1a: Arceus|Arceus|100\/100\n|-damage|p1a: Arceus|76\/100|[from] Spikes\n|turn|18\n|\n|t:|1698858678\n|switch|p2a: Shadow Knight|Calyrex-Shadow|100\/100\n|-ability|p2a: Shadow Knight|As One\n|-ability|p2a: Shadow Knight|Unnerve\n|-terastallize|p1a: Arceus|Ghost\n|move|p1a: Arceus|Dragon Dance|p1a: Arceus\n|-boost|p1a: Arceus|atk|1\n|-boost|p1a: Arceus|spe|1\n|\n|upkeep\n|turn|19\n|\n|t:|1698858686\n|move|p2a: Shadow Knight|Astral Barrage|p1a: Arceus\n|-supereffective|p1a: Arceus\n|-damage|p1a: Arceus|0 fnt\n|faint|p1a: Arceus\n|\n|win|Feraligators\n|raw|KingBOW's rating: 1486 &rarr; <strong>1479<\/strong><br \/>(-7 for losing)\n|raw|Feraligators's rating: 1745 &rarr; <strong>1752<\/strong><br \/>(+7 for winning)\n|c|\u2606Feraligators|Gg\n|l|\u2606Feraligators\n|c|\u2606KingBOW|Gg\n|l|\u2606KingBOW\n","uploadtime":1698858695,"views":9,"p1id":"kingbow","p2id":"feraligators","formatid":"gen9anythinggoes","rating":1479,"private":0,"password":""}