{"id":"gen9anythinggoes-1996694777","p1":"Dumbfudge","p2":"mtaerzxa","format":"[Gen 9] Anything Goes","log":"|j|\u2606Dumbfudge\n|j|\u2606mtaerzxa\n|t:|1700710734\n|gametype|singles\n|player|p1|Dumbfudge|blackbelt-gen4dp|1486\n|player|p2|mtaerzxa|n|1774\n|teamsize|p1|6\n|teamsize|p2|6\n|gen|9\n|tier|[Gen 9] Anything Goes\n|rated|\n|rule|HP Percentage Mod: HP is shown in percentages\n|rule|Endless Battle Clause: Forcing endless battles is banned\n|clearpoke\n|poke|p1|Espathra, M|\n|poke|p1|Shaymin-Sky|\n|poke|p1|Zacian-*|\n|poke|p1|Glimmora, M|\n|poke|p1|Ribombee, F|\n|poke|p1|Ditto|\n|poke|p2|Arceus|\n|poke|p2|Miraidon|\n|poke|p2|Glimmora, M|\n|poke|p2|Calyrex-Shadow|\n|poke|p2|Zacian-*|\n|poke|p2|Ditto|\n|teampreview\n|inactive|Battle timer is ON: inactive players will automatically lose when time's up. (requested by Dumbfudge)\n|\n|t:|1700710757\n|start\n|switch|p1a: Chickenpox|Espathra, M|100\/100\n|switch|p2a: Miraidon|Miraidon|100\/100\n|-fieldstart|move: Electric Terrain|[from] ability: Hadron Engine|[of] p2a: Miraidon\n|turn|1\n|\n|t:|1700710767\n|move|p1a: Chickenpox|Protect|p1a: Chickenpox\n|-singleturn|p1a: Chickenpox|Protect\n|move|p2a: Miraidon|Volt Switch|p1a: Chickenpox\n|-activate|p1a: Chickenpox|move: Protect\n|\n|-ability|p1a: Chickenpox|Speed Boost|boost\n|-boost|p1a: Chickenpox|spe|1\n|upkeep\n|turn|2\n|\n|t:|1700710778\n|move|p1a: Chickenpox|Substitute|p1a: Chickenpox\n|-start|p1a: Chickenpox|Substitute\n|-damage|p1a: Chickenpox|76\/100\n|move|p2a: Miraidon|Volt Switch|p1a: Chickenpox\n|-crit|p1a: Chickenpox\n|-end|p1a: Chickenpox|Substitute\n|\n|t:|1700710796\n|switch|p2a: Arceus|Arceus|100\/100|[from] Volt Switch\n|\n|-ability|p1a: Chickenpox|Speed Boost|boost\n|-boost|p1a: Chickenpox|spe|1\n|upkeep\n|turn|3\n|inactive|mtaerzxa has 120 seconds left.\n|\n|t:|1700710830\n|move|p1a: Chickenpox|Baton Pass|p1a: Chickenpox\n|\n|t:|1700710837\n|switch|p1a: Acne|Glimmora, M|100\/100|[from] Baton Pass\n|move|p2a: Arceus|Swords Dance|p2a: Arceus\n|-boost|p2a: Arceus|atk|2\n|\n|upkeep\n|turn|4\n|\n|t:|1700710845\n|move|p1a: Acne|Mortal Spin|p2a: Arceus\n|-damage|p2a: Arceus|97\/100\n|-status|p2a: Arceus|psn\n|move|p2a: Arceus|Shadow Claw|p1a: Acne\n|-damage|p1a: Acne|57\/100\n|-damage|p2a: Arceus|80\/100 psn|[from] item: Rocky Helmet|[of] p1a: Acne\n|-activate|p1a: Acne|ability: Toxic Debris\n|-sidestart|p2: mtaerzxa|move: Toxic Spikes\n|\n|-damage|p2a: Arceus|68\/100 psn|[from] psn\n|upkeep\n|turn|5\n|\n|t:|1700710860\n|move|p1a: Acne|Protect|p1a: Acne\n|-singleturn|p1a: Acne|Protect\n|move|p2a: Arceus|Recover|p2a: Arceus\n|-heal|p2a: Arceus|100\/100 psn\n|\n|-damage|p2a: Arceus|88\/100 psn|[from] psn\n|-fieldend|move: Electric Terrain\n|upkeep\n|turn|6\n|\n|t:|1700710872\n|switch|p2a: Glimmora|Glimmora, M|100\/100\n|-sideend|p2: mtaerzxa|move: Toxic Spikes|[of] p2a: Glimmora\n|move|p1a: Acne|Stealth Rock|p2a: Glimmora\n|-sidestart|p2: mtaerzxa|move: Stealth Rock\n|\n|upkeep\n|turn|7\n|\n|t:|1700710880\n|move|p1a: Acne|Protect|p1a: Acne\n|-singleturn|p1a: Acne|Protect\n|move|p2a: Glimmora|Mortal Spin|p1a: Acne\n|-activate|p1a: Acne|move: Protect\n|\n|upkeep\n|turn|8\n|\n|t:|1700710889\n|switch|p1a: Whooping cough|Zacian-Crowned|100\/100\n|-ability|p1a: Whooping cough|Intrepid Sword|boost\n|-boost|p1a: Whooping cough|atk|1\n|move|p2a: Glimmora|Mortal Spin|p1a: Whooping cough\n|-immune|p1a: Whooping cough\n|\n|upkeep\n|turn|9\n|\n|t:|1700710900\n|-terastallize|p1a: Whooping cough|Steel\n|move|p1a: Whooping cough|Agility|p1a: Whooping cough\n|-boost|p1a: Whooping cough|spe|2\n|move|p2a: Glimmora|Stealth Rock|p1a: Whooping cough\n|-sidestart|p1: Dumbfudge|move: Stealth Rock\n|\n|upkeep\n|turn|10\n|\n|t:|1700710910\n|move|p1a: Whooping cough|Behemoth Blade|p2a: Glimmora\n|-supereffective|p2a: Glimmora\n|-enditem|p2a: Glimmora|Focus Sash\n|-damage|p2a: Glimmora|1\/100\n|-activate|p2a: Glimmora|ability: Toxic Debris\n|-sidestart|p1: Dumbfudge|move: Toxic Spikes\n|move|p2a: Glimmora|Spikes|p1a: Whooping cough\n|-sidestart|p1: Dumbfudge|Spikes\n|\n|upkeep\n|turn|11\n|inactive|mtaerzxa has 120 seconds left.\n|inactive|mtaerzxa has 90 seconds left.\n|\n|t:|1700710972\n|move|p2a: Glimmora|Spiky Shield|p2a: Glimmora\n|-singleturn|p2a: Glimmora|move: Protect\n|move|p1a: Whooping cough|Behemoth Blade|p2a: Glimmora\n|-activate|p2a: Glimmora|move: Protect\n|-damage|p1a: Whooping cough|88\/100|[from] Spiky Shield|[of] p2a: Glimmora\n|\n|upkeep\n|turn|12\n|\n|t:|1700710982\n|move|p1a: Whooping cough|Quick Attack|p2a: Glimmora\n|-resisted|p2a: Glimmora\n|-damage|p2a: Glimmora|0 fnt\n|-activate|p2a: Glimmora|ability: Toxic Debris\n|-sidestart|p1: Dumbfudge|move: Toxic Spikes\n|faint|p2a: Glimmora\n|\n|upkeep\n|\n|t:|1700710986\n|switch|p2a: Ditto|Ditto|100\/100\n|-damage|p2a: Ditto|88\/100|[from] Stealth Rock\n|-transform|p2a: Ditto|p1a: Whooping cough|[from] ability: Imposter\n|-ability|p2a: Ditto|Intrepid Sword|boost\n|-boost|p2a: Ditto|atk|1\n|-start|p2a: Ditto|typechange|Fairy\/Steel|[silent]\n|turn|13\n|inactive|mtaerzxa has 90 seconds left.\n|\n|t:|1700711036\n|switch|p2a: Arceus|Arceus|88\/100 psn\n|-damage|p2a: Arceus|76\/100 psn|[from] Stealth Rock\n|move|p1a: Whooping cough|Behemoth Blade|p2a: Arceus\n|-damage|p2a: Arceus|3\/100 psn\n|\n|-damage|p2a: Arceus|0 fnt|[from] psn\n|faint|p2a: Arceus\n|upkeep\n|\n|t:|1700711038\n|switch|p2a: Miraidon|Miraidon|100\/100\n|-damage|p2a: Miraidon|88\/100|[from] Stealth Rock\n|-fieldstart|move: Electric Terrain|[from] ability: Hadron Engine|[of] p2a: Miraidon\n|turn|14\n|\n|t:|1700711051\n|-terastallize|p2a: Miraidon|Electric\n|move|p1a: Whooping cough|Play Rough|p2a: Miraidon\n|-damage|p2a: Miraidon|13\/100\n|move|p2a: Miraidon|Electro Drift|p1a: Whooping cough\n|-damage|p1a: Whooping cough|0 fnt\n|faint|p1a: Whooping cough\n|\n|upkeep\n|\n|t:|1700711062\n|switch|p1a: Acne|Glimmora, M|57\/100\n|-damage|p1a: Acne|44\/100|[from] Stealth Rock\n|-sideend|p1: Dumbfudge|move: Toxic Spikes|[of] p1a: Acne\n|-damage|p1a: Acne|32\/100|[from] Spikes\n|turn|15\n|\n|t:|1700711073\n|move|p2a: Miraidon|Electro Drift|p1a: Acne\n|-damage|p1a: Acne|0 fnt\n|-damage|p2a: Miraidon|0 fnt|[from] item: Rocky Helmet|[of] p1a: Acne\n|faint|p1a: Acne\n|faint|p2a: Miraidon\n|\n|upkeep\n|\n|t:|1700711093\n|switch|p2a: Zacian|Zacian-Crowned|100\/100\n|switch|p1a: Chickenpox|Espathra, M|76\/100\n|-damage|p2a: Zacian|94\/100|[from] Stealth Rock\n|-ability|p2a: Zacian|Intrepid Sword|boost\n|-boost|p2a: Zacian|atk|1\n|-damage|p1a: Chickenpox|63\/100|[from] Stealth Rock\n|-damage|p1a: Chickenpox|51\/100|[from] Spikes\n|turn|16\n|\n|t:|1700711103\n|move|p1a: Chickenpox|Protect|p1a: Chickenpox\n|-singleturn|p1a: Chickenpox|Protect\n|move|p2a: Zacian|Swords Dance|p2a: Zacian\n|-boost|p2a: Zacian|atk|2\n|\n|-ability|p1a: Chickenpox|Speed Boost|boost\n|-boost|p1a: Chickenpox|spe|1\n|upkeep\n|turn|17\n|inactive|mtaerzxa has 60 seconds left.\n|inactive|mtaerzxa has 30 seconds left.\n|c|\u2606Dumbfudge|For a garbage team you certainly think too much\n|inactive|mtaerzxa has 20 seconds left.\n|inactive|mtaerzxa has 15 seconds left.\n|l|\u2606mtaerzxa\n|inactive|mtaerzxa disconnected and has a minute to reconnect!\n|player|p2|\n|inactive|mtaerzxa has 10 seconds left.\n|inactive|mtaerzxa has 5 seconds left.\n|-message|mtaerzxa lost due to inactivity.\n|\n|win|Dumbfudge\n|raw|Dumbfudge's rating: 1486 &rarr; <strong>1520<\/strong><br \/>(+34 for winning)\n|raw|mtaerzxa's rating: 1774 &rarr; <strong>1740<\/strong><br \/>(-34 for losing)\n|l|\u2606Dumbfudge\n|j|\u2606mtaerzxa\n|player|p2|mtaerzxa|n\n","uploadtime":1700711280,"views":1,"p1id":"dumbfudge","p2id":"mtaerzxa","formatid":"gen9anythinggoes","rating":1520,"private":0,"password":""}