{"id":"gen9anythinggoes-1975320182","p1":"Poyo09t","p2":"Tewingus","format":"[Gen 9] Anything Goes","log":"|j|\u2606Poyo09t\n|j|\u2606Tewingus\n|t:|1698179497\n|gametype|singles\n|player|p1|Poyo09t|unknown|\n|player|p2|Tewingus|iris-gen5bw2|\n|teamsize|p1|6\n|teamsize|p2|6\n|gen|9\n|tier|[Gen 9] Anything Goes\n|rule|HP Percentage Mod: HP is shown in percentages\n|rule|Endless Battle Clause: Forcing endless battles is banned\n|clearpoke\n|poke|p1|Meowscarada, F|\n|poke|p1|Annihilape, F|\n|poke|p1|Koraidon|\n|poke|p1|Iron Valiant|\n|poke|p1|Kingambit, M|\n|poke|p1|Corviknight, F|\n|poke|p2|Ribombee, M|\n|poke|p2|Toxapex, M|\n|poke|p2|Mandibuzz, F|\n|poke|p2|Great Tusk|\n|poke|p2|Gliscor, M|\n|poke|p2|Corviknight, M|\n|teampreview\n|c|\u2606Tewingus|zzz\n|\n|t:|1698179543\n|start\n|switch|p1a: Iron Valiant|Iron Valiant|100\/100\n|switch|p2a: Ribombee|Ribombee, M|100\/100\n|-enditem|p1a: Iron Valiant|Booster Energy\n|-activate|p1a: Iron Valiant|ability: Quark Drive|[fromitem]\n|-start|p1a: Iron Valiant|quarkdrivespe\n|turn|1\n|c|\u2606Poyo09t|well\n|c|\u2606Tewingus|zzz\n|c|\u2606Poyo09t|!weakness Ribombee\n|c|!Poyo09t|\/raw <div class=\"infobox\">Ribombee (ignoring abilities):<br \/><span class=\"message-effect-weak\">Weaknesses<\/span>: Fire, Flying, Poison, Rock, Steel<br \/><span class=\"message-effect-resist\">Resistances<\/span>: Bug, Dark, <b>Fighting<\/b>, Grass, Ground<br \/><span class=\"message-effect-immune\">Immunities<\/span>: Dragon<\/div>\n|c|\u2606Tewingus|CRINGE\n|c|\u2606Poyo09t|im not a pokemon player\n|\n|t:|1698179645\n|-end|p1a: Iron Valiant|Quark Drive|[silent]\n|switch|p1a: Corviknight|Corviknight, F|100\/100\n|move|p2a: Ribombee|Sticky Web|p1a: Corviknight\n|-sidestart|p1: Poyo09t|move: Sticky Web\n|\n|upkeep\n|turn|2\n|\n|t:|1698179654\n|move|p2a: Ribombee|Stun Spore|p1a: Corviknight\n|-status|p1a: Corviknight|par\n|move|p1a: Corviknight|Brave Bird|p2a: Ribombee\n|-supereffective|p2a: Ribombee\n|-enditem|p2a: Ribombee|Focus Sash\n|-damage|p2a: Ribombee|1\/100\n|-damage|p1a: Corviknight|79\/100 par|[from] Recoil\n|\n|upkeep\n|turn|3\n|\n|t:|1698179669\n|move|p2a: Ribombee|U-turn|p1a: Corviknight\n|-resisted|p1a: Corviknight\n|-damage|p1a: Corviknight|76\/100 par\n|\n|t:|1698179692\n|switch|p2a: Toxapex|Toxapex, M|100\/100|[from] U-turn\n|move|p1a: Corviknight|Brave Bird|p2a: Toxapex\n|-damage|p2a: Toxapex|48\/100\n|-damage|p1a: Corviknight|63\/100 par|[from] Recoil\n|\n|-heal|p2a: Toxapex|54\/100|[from] item: Black Sludge\n|upkeep\n|turn|4\n|\n|t:|1698179713\n|switch|p1a: Iron Valiant|Iron Valiant|100\/100\n|-activate|p1a: Iron Valiant|move: Sticky Web\n|-unboost|p1a: Iron Valiant|spe|1\n|move|p2a: Toxapex|Baneful Bunker||[still]\n|-fail|p2a: Toxapex\n|\n|-heal|p2a: Toxapex|61\/100|[from] item: Black Sludge\n|upkeep\n|turn|5\n|c|\u2606Poyo09t|!data Baneful Bunker\n|raw|<ul class=\"utilichart\"><li class=\"result\"><span class=\"col movenamecol\"><a href=\"https:\/\/dex.pokemonshowdown.com\/moves\/banefulbunker\">Baneful Bunker<\/a><\/span> <span class=\"col typecol\"><img src=\"\/\/play.pokemonshowdown.com\/sprites\/types\/Poison.png\" alt=\"Poison\" width=\"32\" height=\"14\"><img src=\"\/\/play.pokemonshowdown.com\/sprites\/categories\/Status.png\" alt=\"Status\" width=\"32\" height=\"14\"><\/span> <span class=\"col widelabelcol\"><em>Accuracy<\/em><br>\u2014<\/span> <span class=\"col pplabelcol\"><em>PP<\/em><br>16<\/span> <span class=\"col movedesccol\">Protects from moves. Contact: poison.<\/span> <\/li><li style=\"clear:both\"><\/li><\/ul>\n\n|\n|t:|1698179738\n|move|p1a: Iron Valiant|Psyshock|p2a: Toxapex\n|-supereffective|p2a: Toxapex\n|-damage|p2a: Toxapex|22\/100\n|move|p2a: Toxapex|Toxic Spikes|p1a: Iron Valiant\n|-sidestart|p1: Poyo09t|move: Toxic Spikes\n|\n|-heal|p2a: Toxapex|28\/100|[from] item: Black Sludge\n|upkeep\n|turn|6\n|\n|t:|1698179750\n|switch|p2a: Corviknight|Corviknight, M|100\/100\n|move|p1a: Iron Valiant|Psyshock|p2a: Corviknight\n|-resisted|p2a: Corviknight\n|-damage|p2a: Corviknight|91\/100\n|\n|-heal|p2a: Corviknight|97\/100|[from] item: Leftovers\n|upkeep\n|turn|7\n|\n|t:|1698179773\n|-end|p1a: Iron Valiant|Quark Drive|[silent]\n|switch|p1a: Kingambit|Kingambit, M|100\/100\n|-activate|p1a: Kingambit|move: Sticky Web\n|-unboost|p1a: Kingambit|spe|1\n|switch|p2a: Ribombee|Ribombee, M|1\/100\n|\n|upkeep\n|turn|8\n|\n|t:|1698179784\n|move|p2a: Ribombee|Moonblast|p1a: Kingambit\n|-damage|p1a: Kingambit|59\/100\n|-unboost|p1a: Kingambit|spa|1\n|move|p1a: Kingambit|Iron Head|p2a: Ribombee\n|-supereffective|p2a: Ribombee\n|-damage|p2a: Ribombee|0 fnt\n|faint|p2a: Ribombee\n|\n|-heal|p1a: Kingambit|65\/100|[from] item: Leftovers\n|upkeep\n|\n|t:|1698179798\n|switch|p2a: Toxapex|Toxapex, M|61\/100\n|turn|9\n|\n|t:|1698179826\n|move|p2a: Toxapex|Toxic Spikes|p1a: Kingambit\n|-sidestart|p1: Poyo09t|move: Toxic Spikes\n|move|p1a: Kingambit|Swords Dance|p1a: Kingambit\n|-boost|p1a: Kingambit|atk|2\n|\n|-heal|p2a: Toxapex|68\/100|[from] item: Black Sludge\n|-heal|p1a: Kingambit|71\/100|[from] item: Leftovers\n|upkeep\n|turn|10\n|\n|t:|1698179882\n|switch|p2a: Mandibuzz|Mandibuzz, F|100\/100\n|move|p1a: Kingambit|Iron Head|p2a: Mandibuzz\n|-damage|p2a: Mandibuzz|31\/100\n|\n|-heal|p1a: Kingambit|77\/100|[from] item: Leftovers\n|upkeep\n|turn|11\n|c|\u2606Poyo09t|get read\n|\n|t:|1698179892\n|move|p1a: Kingambit|Sucker Punch|p2a: Mandibuzz\n|-resisted|p2a: Mandibuzz\n|-damage|p2a: Mandibuzz|2\/100\n|move|p2a: Mandibuzz|Foul Play|p1a: Kingambit\n|-resisted|p1a: Kingambit\n|-damage|p1a: Kingambit|40\/100\n|\n|-heal|p1a: Kingambit|46\/100|[from] item: Leftovers\n|upkeep\n|turn|12\n|c|\u2606Poyo09t|oh\n|\n|t:|1698179900\n|move|p2a: Mandibuzz|Roost|p2a: Mandibuzz\n|-heal|p2a: Mandibuzz|52\/100\n|-singleturn|p2a: Mandibuzz|move: Roost\n|move|p1a: Kingambit|Iron Head|p2a: Mandibuzz\n|-damage|p2a: Mandibuzz|0 fnt\n|faint|p2a: Mandibuzz\n|\n|-heal|p1a: Kingambit|52\/100|[from] item: Leftovers\n|upkeep\n|\n|t:|1698179910\n|switch|p2a: Gliscor|Gliscor, M|100\/100\n|turn|13\n|\n|t:|1698179927\n|-end|p1a: Kingambit|fallenundefined|[silent]\n|switch|p1a: Annihilape|Annihilape, F|100\/100\n|-activate|p1a: Annihilape|move: Sticky Web\n|-unboost|p1a: Annihilape|spe|1\n|-status|p1a: Annihilape|tox\n|move|p2a: Gliscor|Spikes|p1a: Annihilape\n|-sidestart|p1: Poyo09t|Spikes\n|\n|-damage|p1a: Annihilape|94\/100 tox|[from] psn\n|-status|p2a: Gliscor|tox|[from] item: Toxic Orb\n|upkeep\n|turn|14\n|c|\u2606Tewingus|most skilled poke played by poyo :\n|c|\u2606Poyo09t|poor monkey\n|\n|t:|1698179944\n|move|p2a: Gliscor|Protect|p2a: Gliscor\n|-singleturn|p2a: Gliscor|Protect\n|move|p1a: Annihilape|Ice Punch|p2a: Gliscor\n|-activate|p2a: Gliscor|move: Protect\n|\n|-damage|p1a: Annihilape|82\/100 tox|[from] psn\n|upkeep\n|turn|15\n|\n|t:|1698179953\n|switch|p2a: Toxapex|Toxapex, M|100\/100\n|move|p1a: Annihilape|Ice Punch|p2a: Toxapex\n|-resisted|p2a: Toxapex\n|-damage|p2a: Toxapex|91\/100\n|\n|-heal|p2a: Toxapex|97\/100|[from] item: Black Sludge\n|-damage|p1a: Annihilape|64\/100 tox|[from] psn\n|upkeep\n|turn|16\n|\n|t:|1698179963\n|switch|p1a: Iron Valiant|Iron Valiant|100\/100\n|-activate|p1a: Iron Valiant|move: Sticky Web\n|-unboost|p1a: Iron Valiant|spe|1\n|-status|p1a: Iron Valiant|tox\n|-damage|p1a: Iron Valiant|88\/100 tox|[from] Spikes\n|move|p2a: Toxapex|Baneful Bunker||[still]\n|-fail|p2a: Toxapex\n|\n|-heal|p2a: Toxapex|100\/100|[from] item: Black Sludge\n|-damage|p1a: Iron Valiant|82\/100 tox|[from] psn\n|upkeep\n|turn|17\n|\n|t:|1698179980\n|switch|p2a: Great Tusk|Great Tusk|100\/100\n|move|p1a: Iron Valiant|Psyshock|p2a: Great Tusk\n|-supereffective|p2a: Great Tusk\n|-damage|p2a: Great Tusk|64\/100\n|\n|-heal|p2a: Great Tusk|70\/100|[from] item: Leftovers\n|-damage|p1a: Iron Valiant|69\/100 tox|[from] psn\n|upkeep\n|turn|18\n|\n|t:|1698179993\n|move|p2a: Great Tusk|Stealth Rock|p1a: Iron Valiant\n|-sidestart|p1: Poyo09t|move: Stealth Rock\n|move|p1a: Iron Valiant|Psyshock|p2a: Great Tusk\n|-supereffective|p2a: Great Tusk\n|-damage|p2a: Great Tusk|32\/100\n|\n|-heal|p2a: Great Tusk|39\/100|[from] item: Leftovers\n|-damage|p1a: Iron Valiant|51\/100 tox|[from] psn\n|upkeep\n|turn|19\n|\n|t:|1698180002\n|move|p2a: Great Tusk|Rest|p2a: Great Tusk\n|-status|p2a: Great Tusk|slp|[from] move: Rest\n|-heal|p2a: Great Tusk|100\/100 slp|[silent]\n|move|p1a: Iron Valiant|Psyshock|p2a: Great Tusk\n|-supereffective|p2a: Great Tusk\n|-crit|p2a: Great Tusk\n|-damage|p2a: Great Tusk|38\/100 slp\n|\n|-heal|p2a: Great Tusk|44\/100 slp|[from] item: Leftovers\n|-damage|p1a: Iron Valiant|26\/100 tox|[from] psn\n|upkeep\n|turn|20\n|c|\u2606Poyo09t|unlucky\n|c|\u2606Tewingus|fucking crit\n|c|\u2606Tewingus|of course\n|\n|t:|1698180014\n|cant|p2a: Great Tusk|slp\n|move|p2a: Great Tusk|Sleep Talk|p2a: Great Tusk\n|move|p2a: Great Tusk|Rest||[from]move: Sleep Talk|[still]\n|-fail|p2a: Great Tusk\n|move|p1a: Iron Valiant|Psyshock|p2a: Great Tusk\n|-supereffective|p2a: Great Tusk\n|-damage|p2a: Great Tusk|7\/100 slp\n|\n|-heal|p2a: Great Tusk|13\/100 slp|[from] item: Leftovers\n|-damage|p1a: Iron Valiant|0 fnt|[from] psn\n|faint|p1a: Iron Valiant\n|-end|p1a: Iron Valiant|Quark Drive|[silent]\n|upkeep\n|\n|t:|1698180036\n|switch|p1a: Meowscarada|Meowscarada, F|100\/100\n|-activate|p1a: Meowscarada|move: Sticky Web\n|-unboost|p1a: Meowscarada|spe|1\n|-status|p1a: Meowscarada|tox\n|-damage|p1a: Meowscarada|88\/100 tox|[from] Spikes\n|-damage|p1a: Meowscarada|76\/100 tox|[from] Stealth Rock\n|turn|21\n|\n|t:|1698180083\n|-end|p2a: Great Tusk|Protosynthesis|[silent]\n|switch|p2a: Toxapex|Toxapex, M|100\/100\n|move|p1a: Meowscarada|U-turn|p2a: Toxapex\n|-start|p1a: Meowscarada|typechange|Bug|[from] ability: Protean\n|-resisted|p2a: Toxapex\n|-damage|p2a: Toxapex|84\/100\n|-damage|p1a: Meowscarada|66\/100 tox|[from] item: Life Orb\n|\n|t:|1698180102\n|switch|p1a: Kingambit|Kingambit, M|52\/100|[from] U-turn\n|-activate|p1a: Kingambit|move: Sticky Web\n|-unboost|p1a: Kingambit|spe|1\n|-damage|p1a: Kingambit|40\/100|[from] Spikes\n|-damage|p1a: Kingambit|34\/100|[from] Stealth Rock\n|-activate|p1a: Kingambit|ability: Supreme Overlord\n|-start|p1a: Kingambit|fallen1|[silent]\n|\n|-heal|p2a: Toxapex|90\/100|[from] item: Black Sludge\n|-heal|p1a: Kingambit|40\/100|[from] item: Leftovers\n|upkeep\n|turn|22\n|c|\u2606Tewingus|you know\n|\n|t:|1698180119\n|switch|p2a: Corviknight|Corviknight, M|97\/100\n|move|p1a: Kingambit|Swords Dance|p1a: Kingambit\n|-boost|p1a: Kingambit|atk|2\n|\n|-heal|p2a: Corviknight|100\/100|[from] item: Leftovers\n|-heal|p1a: Kingambit|46\/100|[from] item: Leftovers\n|upkeep\n|turn|23\n|c|\u2606Poyo09t|what\n|\n|t:|1698180128\n|move|p1a: Kingambit|Sucker Punch|p2a: Corviknight\n|-damage|p2a: Corviknight|33\/100\n|move|p2a: Corviknight|Body Press|p1a: Kingambit\n|-supereffective|p1a: Kingambit\n|-damage|p1a: Kingambit|0 fnt\n|faint|p1a: Kingambit\n|-end|p1a: Kingambit|fallen1|[silent]\n|\n|-heal|p2a: Corviknight|40\/100|[from] item: Leftovers\n|upkeep\n|c|\u2606Tewingus|wdym what\n|\n|t:|1698180146\n|switch|p1a: Koraidon|Koraidon|100\/100\n|-activate|p1a: Koraidon|move: Sticky Web\n|-unboost|p1a: Koraidon|spe|1\n|-status|p1a: Koraidon|tox\n|-damage|p1a: Koraidon|88\/100 tox|[from] Spikes\n|-damage|p1a: Koraidon|82\/100 tox|[from] Stealth Rock\n|-weather|SunnyDay|[from] ability: Orichalcum Pulse|[of] p1a: Koraidon\n|-activate|p1a: Koraidon|Orichalcum Pulse|[source]\n|turn|24\n|\n|t:|1698180201\n|switch|p2a: Toxapex|Toxapex, M|100\/100\n|move|p1a: Koraidon|Dragon Claw|p2a: Toxapex\n|-damage|p2a: Toxapex|55\/100\n|\n|-weather|SunnyDay|[upkeep]\n|-heal|p2a: Toxapex|61\/100|[from] item: Black Sludge\n|-damage|p1a: Koraidon|76\/100 tox|[from] psn\n|upkeep\n|turn|25\n|\n|t:|1698180221\n|-terastallize|p1a: Koraidon|Steel\n|move|p1a: Koraidon|Swords Dance|p1a: Koraidon\n|-boost|p1a: Koraidon|atk|2\n|move|p2a: Toxapex|Recover|p2a: Toxapex\n|-heal|p2a: Toxapex|100\/100\n|\n|-weather|SunnyDay|[upkeep]\n|-damage|p1a: Koraidon|64\/100 tox|[from] psn\n|upkeep\n|turn|26\n|c|\u2606Tewingus|a bit too late to go steel\n|\n|t:|1698180257\n|move|p2a: Toxapex|Baneful Bunker|p2a: Toxapex\n|-singleturn|p2a: Toxapex|move: Protect\n|move|p1a: Koraidon|Iron Head|p2a: Toxapex\n|-activate|p2a: Toxapex|move: Protect\n|\n|-weather|SunnyDay|[upkeep]\n|-damage|p1a: Koraidon|45\/100 tox|[from] psn\n|upkeep\n|turn|27\n|c|\u2606Poyo09t|no shit\n|\n|t:|1698180268\n|switch|p2a: Great Tusk|Great Tusk|13\/100 slp\n|-activate|p2a: Great Tusk|ability: Protosynthesis\n|-start|p2a: Great Tusk|protosynthesisatk\n|move|p1a: Koraidon|Iron Head|p2a: Great Tusk\n|-damage|p2a: Great Tusk|0 fnt\n|faint|p2a: Great Tusk\n|-end|p2a: Great Tusk|Protosynthesis|[silent]\n|\n|-weather|SunnyDay|[upkeep]\n|-damage|p1a: Koraidon|20\/100 tox|[from] psn\n|upkeep\n|\n|t:|1698180278\n|switch|p2a: Toxapex|Toxapex, M|100\/100\n|turn|28\n|\n|t:|1698180283\n|move|p2a: Toxapex|Baneful Bunker|p2a: Toxapex\n|-singleturn|p2a: Toxapex|move: Protect\n|move|p1a: Koraidon|Iron Head|p2a: Toxapex\n|-activate|p2a: Toxapex|move: Protect\n|\n|-weather|SunnyDay|[upkeep]\n|-damage|p1a: Koraidon|0 fnt|[from] psn\n|faint|p1a: Koraidon\n|upkeep\n|\n|t:|1698180297\n|switch|p1a: Corviknight|Corviknight, F|63\/100 par\n|-damage|p1a: Corviknight|50\/100 par|[from] Stealth Rock\n|turn|29\n|c|\u2606Poyo09t|well\n|c|\u2606Poyo09t|cant ground bird now\n|\n|t:|1698180320\n|switch|p2a: Corviknight|Corviknight, M|40\/100\n|move|p1a: Corviknight|Brave Bird|p2a: Corviknight\n|-resisted|p2a: Corviknight\n|-damage|p2a: Corviknight|12\/100\n|-damage|p1a: Corviknight|43\/100 par|[from] Recoil\n|\n|-weather|SunnyDay|[upkeep]\n|-heal|p2a: Corviknight|18\/100|[from] item: Leftovers\n|upkeep\n|turn|30\n|\n|t:|1698180331\n|move|p2a: Corviknight|Roost|p2a: Corviknight\n|-heal|p2a: Corviknight|68\/100\n|-singleturn|p2a: Corviknight|move: Roost\n|move|p1a: Corviknight|Brave Bird|p2a: Corviknight\n|-resisted|p2a: Corviknight\n|-damage|p2a: Corviknight|41\/100\n|-damage|p1a: Corviknight|35\/100 par|[from] Recoil\n|\n|-weather|SunnyDay|[upkeep]\n|-heal|p2a: Corviknight|47\/100|[from] item: Leftovers\n|upkeep\n|turn|31\n|\n|t:|1698180341\n|move|p2a: Corviknight|Roost|p2a: Corviknight\n|-heal|p2a: Corviknight|97\/100\n|-singleturn|p2a: Corviknight|move: Roost\n|move|p1a: Corviknight|Brave Bird|p2a: Corviknight\n|-resisted|p2a: Corviknight\n|-damage|p2a: Corviknight|71\/100\n|-damage|p1a: Corviknight|28\/100 par|[from] Recoil\n|\n|-weather|none\n|-heal|p2a: Corviknight|77\/100|[from] item: Leftovers\n|upkeep\n|turn|32\n|\n|t:|1698180353\n|move|p2a: Corviknight|Body Press|p1a: Corviknight\n|-damage|p1a: Corviknight|7\/100 par\n|move|p1a: Corviknight|Brave Bird|p2a: Corviknight\n|-resisted|p2a: Corviknight\n|-damage|p2a: Corviknight|52\/100\n|-damage|p1a: Corviknight|0 fnt|[from] Recoil\n|faint|p1a: Corviknight\n|\n|-heal|p2a: Corviknight|58\/100|[from] item: Leftovers\n|upkeep\n|\n|t:|1698180365\n|switch|p1a: Annihilape|Annihilape, F|64\/100 tox\n|-activate|p1a: Annihilape|move: Sticky Web\n|-unboost|p1a: Annihilape|spe|1\n|-damage|p1a: Annihilape|52\/100 tox|[from] Spikes\n|-damage|p1a: Annihilape|46\/100 tox|[from] Stealth Rock\n|turn|33\n|\n|t:|1698180411\n|move|p1a: Annihilape|Rage Fist|p2a: Corviknight\n|-damage|p2a: Corviknight|39\/100\n|move|p2a: Corviknight|Roost|p2a: Corviknight\n|-heal|p2a: Corviknight|89\/100\n|-singleturn|p2a: Corviknight|move: Roost\n|\n|-heal|p2a: Corviknight|95\/100|[from] item: Leftovers\n|-damage|p1a: Annihilape|39\/100 tox|[from] psn\n|upkeep\n|turn|34\n|c|\u2606Poyo09t|only move i can do\n|c|\u2606Tewingus|rage fist more like bozo fist\n|\n|t:|1698180425\n|move|p1a: Annihilape|Rage Fist|p2a: Corviknight\n|-damage|p2a: Corviknight|76\/100\n|move|p2a: Corviknight|U-turn|p1a: Annihilape\n|-resisted|p1a: Annihilape\n|-damage|p1a: Annihilape|36\/100 tox\n|\n|t:|1698180431\n|switch|p2a: Gliscor|Gliscor, M|100\/100 tox|[from] U-turn\n|\n|-damage|p1a: Annihilape|23\/100 tox|[from] psn\n|upkeep\n|turn|35\n|\n|t:|1698180445\n|switch|p2a: Toxapex|Toxapex, M|100\/100\n|move|p1a: Annihilape|Ice Punch|p2a: Toxapex\n|-resisted|p2a: Toxapex\n|-damage|p2a: Toxapex|91\/100\n|\n|-heal|p2a: Toxapex|97\/100|[from] item: Black Sludge\n|-damage|p1a: Annihilape|5\/100 tox|[from] psn\n|upkeep\n|turn|36\n|\n|t:|1698180462\n|move|p1a: Annihilape|Rage Fist|p2a: Toxapex\n|-damage|p2a: Toxapex|57\/100\n|move|p2a: Toxapex|Recover|p2a: Toxapex\n|-heal|p2a: Toxapex|100\/100\n|\n|-damage|p1a: Annihilape|0 fnt|[from] psn\n|faint|p1a: Annihilape\n|upkeep\n|\n|t:|1698180470\n|switch|p1a: Meowscarada|Meowscarada, F|66\/100 tox\n|-activate|p1a: Meowscarada|move: Sticky Web\n|-unboost|p1a: Meowscarada|spe|1\n|-damage|p1a: Meowscarada|54\/100 tox|[from] Spikes\n|-damage|p1a: Meowscarada|42\/100 tox|[from] Stealth Rock\n|turn|37\n|\n|t:|1698180478\n|switch|p2a: Corviknight|Corviknight, M|76\/100\n|move|p1a: Meowscarada|Knock Off|p2a: Corviknight\n|-start|p1a: Meowscarada|typechange|Dark|[from] ability: Protean\n|-damage|p2a: Corviknight|32\/100\n|-enditem|p2a: Corviknight|Leftovers|[from] move: Knock Off|[of] p1a: Meowscarada\n|-damage|p1a: Meowscarada|32\/100 tox|[from] item: Life Orb\n|\n|-damage|p1a: Meowscarada|26\/100 tox|[from] psn\n|upkeep\n|turn|38\n|\n|t:|1698180491\n|move|p1a: Meowscarada|Knock Off|p2a: Corviknight\n|-damage|p2a: Corviknight|6\/100\n|-damage|p1a: Meowscarada|16\/100 tox|[from] item: Life Orb\n|move|p2a: Corviknight|U-turn|p1a: Meowscarada\n|-supereffective|p1a: Meowscarada\n|-damage|p1a: Meowscarada|0 fnt\n|faint|p1a: Meowscarada\n|\n|win|Tewingus\n","uploadtime":1698180502,"views":8,"p1id":"poyo09t","p2id":"tewingus","formatid":"gen9anythinggoes","rating":0,"private":0,"password":""}