{"id":"gen9anythinggoes-1976960610","p1":"a wild ree","p2":"NoSoyJhon","format":"[Gen 9] Anything Goes","log":"|j|\u2606a wild ree\n|j|\u2606NoSoyJhon\n|t:|1698356343\n|gametype|singles\n|player|p1|a wild ree|102|1297\n|player|p2|NoSoyJhon|benga|1256\n|teamsize|p1|6\n|teamsize|p2|6\n|gen|9\n|tier|[Gen 9] Anything Goes\n|rated|\n|rule|HP Percentage Mod: HP is shown in percentages\n|rule|Endless Battle Clause: Forcing endless battles is banned\n|clearpoke\n|poke|p1|Chi-Yu|\n|poke|p1|Flutter Mane|\n|poke|p1|Miraidon|\n|poke|p1|Palafin, F|\n|poke|p1|Gliscor, M|\n|poke|p1|Great Tusk|\n|poke|p2|Quaquaval, M|\n|poke|p2|Garchomp, M|\n|poke|p2|Zapdos|\n|poke|p2|Toxapex, M|\n|poke|p2|Palafin, F|\n|poke|p2|Clefable, M|\n|teampreview\n|inactive|Battle timer is ON: inactive players will automatically lose when time's up. (requested by a wild ree)\n|\n|t:|1698356352\n|start\n|switch|p1a: Palafin|Palafin, F|100\/100\n|switch|p2a: Toxapex|Toxapex, M, shiny|100\/100\n|turn|1\n|\n|t:|1698356363\n|move|p1a: Palafin|Flip Turn|p2a: Toxapex\n|-resisted|p2a: Toxapex\n|-damage|p2a: Toxapex|91\/100\n|\n|t:|1698356368\n|detailschange|p1a: Palafin|Palafin-Hero, F\n|switch|p1a: Gliscor|Gliscor, M|100\/100|[from] Flip Turn\n|move|p2a: Toxapex|Toxic Spikes|p1a: Gliscor\n|-sidestart|p1: a wild ree|move: Toxic Spikes\n|\n|-heal|p2a: Toxapex|98\/100|[from] item: Black Sludge\n|-status|p1a: Gliscor|tox|[from] item: Toxic Orb\n|upkeep\n|turn|2\n|\n|t:|1698356374\n|move|p1a: Gliscor|Earthquake|p2a: Toxapex\n|-supereffective|p2a: Toxapex\n|-damage|p2a: Toxapex|48\/100\n|move|p2a: Toxapex|Toxic Spikes|p1a: Gliscor\n|-sidestart|p1: a wild ree|move: Toxic Spikes\n|\n|-heal|p2a: Toxapex|54\/100|[from] item: Black Sludge\n|upkeep\n|turn|3\n|\n|t:|1698356382\n|move|p1a: Gliscor|Earthquake|p2a: Toxapex\n|-supereffective|p2a: Toxapex\n|-damage|p2a: Toxapex|4\/100\n|move|p2a: Toxapex|Recover|p2a: Toxapex\n|-heal|p2a: Toxapex|54\/100\n|\n|-heal|p2a: Toxapex|61\/100|[from] item: Black Sludge\n|upkeep\n|turn|4\n|\n|t:|1698356404\n|switch|p2a: Garchomp|Garchomp, M|100\/100\n|move|p1a: Gliscor|Earthquake|p2a: Garchomp\n|-crit|p2a: Garchomp\n|-damage|p2a: Garchomp|51\/100\n|\n|upkeep\n|turn|5\n|\n|t:|1698356414\n|move|p2a: Garchomp|Swords Dance|p2a: Garchomp\n|-boost|p2a: Garchomp|atk|2\n|move|p1a: Gliscor|Swords Dance|p1a: Gliscor\n|-boost|p1a: Gliscor|atk|2\n|\n|upkeep\n|turn|6\n|\n|t:|1698356420\n|move|p2a: Garchomp|Scale Shot|p1a: Gliscor\n|-damage|p1a: Gliscor|79\/100 tox\n|-damage|p1a: Gliscor|59\/100 tox\n|-damage|p1a: Gliscor|37\/100 tox\n|-damage|p1a: Gliscor|14\/100 tox\n|-damage|p1a: Gliscor|0 fnt\n|faint|p1a: Gliscor\n|-hitcount|p1: Gliscor|5\n|-unboost|p2a: Garchomp|def|1\n|-boost|p2a: Garchomp|spe|1\n|\n|upkeep\n|\n|t:|1698356427\n|switch|p1a: Palafin|Palafin-Hero, F|100\/100\n|-status|p1a: Palafin|tox\n|-activate|p1a: Palafin|ability: Zero to Hero\n|turn|7\n|\n|t:|1698356436\n|-terastallize|p2a: Garchomp|Steel\n|move|p2a: Garchomp|Scale Shot|p1a: Palafin\n|-damage|p1a: Palafin|74\/100 tox\n|-damage|p1a: Palafin|46\/100 tox\n|-damage|p1a: Palafin|18\/100 tox\n|-damage|p1a: Palafin|0 fnt\n|faint|p1a: Palafin\n|-hitcount|p1: Palafin|4\n|-unboost|p2a: Garchomp|def|1\n|-boost|p2a: Garchomp|spe|1\n|\n|upkeep\n|\n|t:|1698356441\n|switch|p1a: Miraidon|Miraidon|100\/100\n|-status|p1a: Miraidon|tox\n|-fieldstart|move: Electric Terrain|[from] ability: Hadron Engine|[of] p1a: Miraidon\n|turn|8\n|\n|t:|1698356454\n|move|p2a: Garchomp|Scale Shot|p1a: Miraidon\n|-supereffective|p1a: Miraidon\n|-damage|p1a: Miraidon|47\/100 tox\n|-supereffective|p1a: Miraidon\n|-damage|p1a: Miraidon|0 fnt\n|faint|p1a: Miraidon\n|-hitcount|p1: Miraidon|2\n|-unboost|p2a: Garchomp|def|1\n|-boost|p2a: Garchomp|spe|1\n|\n|upkeep\n|\n|t:|1698356458\n|switch|p1a: Great Tusk|Great Tusk|100\/100\n|-status|p1a: Great Tusk|tox\n|turn|9\n|\n|t:|1698356465\n|move|p2a: Garchomp|Scale Shot|p1a: Great Tusk\n|-damage|p1a: Great Tusk|82\/100 tox\n|-damage|p1a: Great Tusk|62\/100 tox\n|-damage|p1a: Great Tusk|43\/100 tox\n|-damage|p1a: Great Tusk|25\/100 tox\n|-damage|p1a: Great Tusk|4\/100 tox\n|-hitcount|p1a: Great Tusk|5\n|-unboost|p2a: Garchomp|def|1\n|-boost|p2a: Garchomp|spe|1\n|move|p1a: Great Tusk|Rapid Spin|p2a: Garchomp\n|-resisted|p2a: Garchomp\n|-damage|p2a: Garchomp|27\/100\n|-boost|p1a: Great Tusk|spe|1\n|-sideend|p1: a wild ree|Toxic Spikes|[from] move: Rapid Spin|[of] p1a: Great Tusk\n|\n|-heal|p1a: Great Tusk|10\/100 tox|[from] item: Leftovers\n|-damage|p1a: Great Tusk|4\/100 tox|[from] psn\n|upkeep\n|turn|10\n|\n|t:|1698356482\n|move|p2a: Garchomp|Scale Shot|p1a: Great Tusk\n|-damage|p1a: Great Tusk|0 fnt\n|faint|p1a: Great Tusk\n|-end|p1a: Great Tusk|Protosynthesis|[silent]\n|-hitcount|p1: Great Tusk|1\n|-unboost|p2a: Garchomp|def|1\n|-boost|p2a: Garchomp|spe|1\n|\n|upkeep\n|\n|t:|1698356489\n|switch|p1a: Chi-Yu|Chi-Yu|100\/100\n|-ability|p1a: Chi-Yu|Beads of Ruin\n|turn|11\n|\n|t:|1698356494\n|move|p2a: Garchomp|Earthquake|p1a: Chi-Yu\n|-supereffective|p1a: Chi-Yu\n|-damage|p1a: Chi-Yu|0 fnt\n|faint|p1a: Chi-Yu\n|\n|upkeep\n|\n|t:|1698356497\n|switch|p1a: Flutter Mane|Flutter Mane|100\/100\n|turn|12\n|\n|t:|1698356501\n|move|p2a: Garchomp|Iron Head|p1a: Flutter Mane\n|-supereffective|p1a: Flutter Mane\n|-damage|p1a: Flutter Mane|0 fnt\n|faint|p1a: Flutter Mane\n|-end|p1a: Flutter Mane|Protosynthesis|[silent]\n|\n|win|NoSoyJhon\n|raw|a wild ree's rating: 1297 &rarr; <strong>1269<\/strong><br \/>(-28 for losing)\n|raw|NoSoyJhon's rating: 1256 &rarr; <strong>1284<\/strong><br \/>(+28 for winning)\n|l|\u2606a wild ree\n","uploadtime":1698356518,"views":10,"p1id":"awildree","p2id":"nosoyjhon","formatid":"gen9anythinggoes","rating":1269,"private":0,"password":""}