{"id":"gen9anythinggoes-1977772037","p1":"RRR3mix","p2":"Tredz","format":"[Gen 9] Anything Goes","log":"|j|\u2606RRR3mix\n|j|\u2606Tredz\n|t:|1698447744\n|gametype|singles\n|player|p1|RRR3mix|ghetsis-gen5bw|\n|player|p2|Tredz|1|\n|teamsize|p1|6\n|teamsize|p2|6\n|gen|9\n|tier|[Gen 9] Anything Goes\n|rule|HP Percentage Mod: HP is shown in percentages\n|rule|Endless Battle Clause: Forcing endless battles is banned\n|clearpoke\n|poke|p1|Cinderace, F|\n|poke|p1|Gliscor, M|\n|poke|p1|Rotom-Wash|\n|poke|p1|Kingambit, M|\n|poke|p1|Tornadus-Therian, M|\n|poke|p1|Ditto|\n|poke|p2|Milotic, F|\n|poke|p2|Jolteon, M|\n|poke|p2|Chi-Yu|\n|poke|p2|Iron Leaves|\n|poke|p2|Grimmsnarl, M|\n|poke|p2|Iron Treads|\n|teampreview\n|j| pogwuan\n|inactive|Battle timer is ON: inactive players will automatically lose when time's up. (requested by RRR3mix)\n|inactiveoff|Battle timer is now OFF.\n|c|\u2606RRR3mix|glhf!\n|j| Amoongdrip\n|c|\u2606Tredz|glhf\n|\n|t:|1698447784\n|start\n|switch|p1a: Rotom|Rotom-Wash|100\/100\n|switch|p2a: Monster|Grimmsnarl, M|100\/100\n|turn|1\n|\n|t:|1698447811\n|move|p2a: Monster|Light Screen|p2a: Monster\n|-sidestart|p2: Tredz|move: Light Screen\n|move|p1a: Rotom|Trick|p2a: Monster\n|-activate|p1a: Rotom|move: Trick|[of] p2a: Monster\n|-item|p2a: Monster|Choice Scarf|[from] move: Trick\n|-item|p1a: Rotom|Light Clay|[from] move: Trick\n|\n|upkeep\n|turn|2\n|\n|t:|1698447847\n|move|p2a: Monster|Parting Shot|p1a: Rotom\n|-unboost|p1a: Rotom|atk|1\n|-unboost|p1a: Rotom|spa|1\n|\n|t:|1698447862\n|switch|p2a: Ultralight Beam|Jolteon, M|100\/100|[from] Parting Shot\n|move|p1a: Rotom|Will-O-Wisp|p2a: Ultralight Beam\n|-status|p2a: Ultralight Beam|brn\n|\n|-damage|p2a: Ultralight Beam|94\/100 brn|[from] brn\n|upkeep\n|turn|3\n|\n|t:|1698447879\n|switch|p1a: Gliscor|Gliscor, M|100\/100\n|move|p2a: Ultralight Beam|Volt Switch|p1a: Gliscor\n|-immune|p1a: Gliscor\n|\n|-damage|p2a: Ultralight Beam|88\/100 brn|[from] brn\n|-status|p1a: Gliscor|tox|[from] item: Toxic Orb\n|upkeep\n|turn|4\n|j| Siiroth\n|\n|t:|1698447894\n|-terastallize|p2a: Ultralight Beam|Ice\n|move|p2a: Ultralight Beam|Tera Blast|p1a: Gliscor|[anim] Tera Blast Ice\n|-supereffective|p1a: Gliscor\n|-damage|p1a: Gliscor|0 fnt\n|faint|p1a: Gliscor\n|\n|-damage|p2a: Ultralight Beam|82\/100 brn|[from] brn\n|upkeep\n|c| Amoongdrip|nice nick theme\n|c|\u2606Tredz|thx\n|c|\u2606RRR3mix|damn.\n|\n|t:|1698447909\n|switch|p1a: Cinderace|Cinderace, F|100\/100\n|turn|5\n|\n|t:|1698447990\n|switch|p2a: Waves|Milotic, F|100\/100\n|move|p1a: Cinderace|Trailblaze|p2a: Waves\n|-start|p1a: Cinderace|typechange|Grass|[from] ability: Libero\n|-supereffective|p2a: Waves\n|-damage|p2a: Waves|35\/100\n|-boost|p1a: Cinderace|spe|1\n|-damage|p1a: Cinderace|91\/100|[from] item: Life Orb\n|\n|-heal|p2a: Waves|41\/100|[from] item: Leftovers\n|upkeep\n|turn|6\n|\n|t:|1698448042\n|switch|p2a: Monster|Grimmsnarl, M|100\/100\n|move|p1a: Cinderace|Trailblaze|p2a: Monster\n|-damage|p2a: Monster|76\/100\n|-boost|p1a: Cinderace|spe|1\n|-damage|p1a: Cinderace|81\/100|[from] item: Life Orb\n|\n|upkeep\n|turn|7\n|\n|t:|1698448066\n|switch|p1a: Kingambit|Kingambit, M, shiny|100\/100\n|-activate|p1a: Kingambit|ability: Supreme Overlord\n|-start|p1a: Kingambit|fallen1|[silent]\n|move|p2a: Monster|Reflect|p2a: Monster\n|-sidestart|p2: Tredz|Reflect\n|\n|upkeep\n|turn|8\n|j| Unovajournies\n|j| Raptors4TheChip\n|\n|t:|1698448144\n|switch|p2a: Fire|Chi-Yu|100\/100\n|-ability|p2a: Fire|Beads of Ruin\n|move|p1a: Kingambit|Swords Dance|p1a: Kingambit\n|-boost|p1a: Kingambit|atk|2\n|\n|-sideend|p2: Tredz|move: Light Screen\n|upkeep\n|turn|9\n|l| Unovajournies\n|\n|t:|1698448202\n|-end|p1a: Kingambit|fallen1|[silent]\n|switch|p1a: Rotom|Rotom-Wash|100\/100\n|move|p2a: Fire|Overheat|p1a: Rotom\n|-resisted|p1a: Rotom\n|-damage|p1a: Rotom|13\/100\n|-unboost|p2a: Fire|spa|2\n|\n|upkeep\n|turn|10\n|j| Unovajournies\n|c| pogwuan|wtf\n|c|\u2606RRR3mix|woah\n|c| pogwuan|that damage\n|c|\u2606Tredz|funny fishy\n|\n|t:|1698448225\n|move|p2a: Fire|Overheat|p1a: Rotom\n|-resisted|p1a: Rotom\n|-damage|p1a: Rotom|0 fnt\n|-unboost|p2a: Fire|spa|2\n|faint|p1a: Rotom\n|\n|upkeep\n|c| Unovajournies|Yea this thing just clicks buttons and does damage\n|c|\u2606RRR3mix|funny fishy indeed\n|\n|t:|1698448239\n|switch|p1a: Cinderace|Cinderace, F|81\/100\n|turn|11\n|\n|t:|1698448254\n|switch|p2a: Monster|Grimmsnarl, M|76\/100\n|move|p1a: Cinderace|High Jump Kick|p2a: Monster|[miss]\n|-start|p1a: Cinderace|typechange|Fighting|[from] ability: Libero\n|-miss|p1a: Cinderace|p2a: Monster\n|-damage|p1a: Cinderace|31\/100|[from] highjumpkick\n|\n|-sideend|p2: Tredz|Reflect\n|upkeep\n|turn|12\n|c|\u2606Tredz|dang\n|c|\u2606RRR3mix|pain.\n|c| Unovajournies|Now that\u2019s unfortunate\n|c| pogwuan|dayum\n|c| Raptors4TheChip|Brutal\n|l| Raptors4TheChip\n|j| Raptors4TheChip\n|\n|t:|1698448287\n|move|p2a: Monster|Parting Shot|p1a: Cinderace\n|-unboost|p1a: Cinderace|atk|1\n|-unboost|p1a: Cinderace|spa|1\n|l| Raptors4TheChip\n|\n|t:|1698448388\n|switch|p2a: Waves|Milotic, F|41\/100|[from] Parting Shot\n|move|p1a: Cinderace|High Jump Kick|p2a: Waves\n|-damage|p2a: Waves|0 fnt\n|faint|p2a: Waves\n|-damage|p1a: Cinderace|21\/100|[from] item: Life Orb\n|\n|upkeep\n|\n|t:|1698448438\n|switch|p2a: Ultralight Beam|Jolteon, M, tera:Ice|82\/100 brn\n|turn|13\n|\n|t:|1698448451\n|switch|p1a: Tornadus|Tornadus-Therian, M|100\/100\n|move|p2a: Ultralight Beam|Tera Blast|p1a: Tornadus|[anim] Tera Blast Ice\n|-supereffective|p1a: Tornadus\n|-damage|p1a: Tornadus|10\/100\n|\n|-damage|p2a: Ultralight Beam|75\/100 brn|[from] brn\n|upkeep\n|turn|14\n|c|\u2606RRR3mix|omg\n|c|\u2606RRR3mix|didn't think you'd use an ice move there tbh\n|c| Unovajournies|Electric would\u2019ve been just as bad lol\n|c|\u2606RRR3mix|fair haha\n|c| pogwuan|wacan berry\n|c|\u2606Tredz|real\n|c| Unovajournies|Wacan berry to then be slower?\n|\n|t:|1698448523\n|move|p2a: Ultralight Beam|Tera Blast|p1a: Tornadus|[anim] Tera Blast Ice\n|-supereffective|p1a: Tornadus\n|-damage|p1a: Tornadus|0 fnt\n|faint|p1a: Tornadus\n|\n|-damage|p2a: Ultralight Beam|69\/100 brn|[from] brn\n|upkeep\n|\n|t:|1698448541\n|switch|p1a: Kingambit|Kingambit, M, shiny|100\/100\n|-activate|p1a: Kingambit|ability: Supreme Overlord\n|-start|p1a: Kingambit|fallen3|[silent]\n|turn|15\n|c| Unovajournies|Something taking some damage\n|\n|t:|1698448681\n|switch|p2a: Fire|Chi-Yu|100\/100\n|-ability|p2a: Fire|Beads of Ruin\n|move|p1a: Kingambit|Swords Dance|p1a: Kingambit\n|-boost|p1a: Kingambit|atk|2\n|\n|upkeep\n|turn|16\n|\n|t:|1698448703\n|move|p1a: Kingambit|Sucker Punch|p2a: Fire\n|-resisted|p2a: Fire\n|-damage|p2a: Fire|12\/100\n|move|p2a: Fire|Flamethrower|p1a: Kingambit\n|-supereffective|p1a: Kingambit\n|-damage|p1a: Kingambit|0 fnt\n|faint|p1a: Kingambit\n|-end|p1a: Kingambit|fallen3|[silent]\n|\n|upkeep\n|\n|t:|1698448709\n|switch|p1a: Cinderace|Cinderace, F|21\/100\n|turn|17\n|\n|t:|1698448744\n|move|p1a: Cinderace|Trailblaze|p2a: Fire\n|-start|p1a: Cinderace|typechange|Grass|[from] ability: Libero\n|-resisted|p2a: Fire\n|-damage|p2a: Fire|0 fnt\n|-boost|p1a: Cinderace|spe|1\n|faint|p2a: Fire\n|-damage|p1a: Cinderace|11\/100|[from] item: Life Orb\n|\n|upkeep\n|\n|t:|1698448759\n|switch|p2a: Monster|Grimmsnarl, M|76\/100\n|turn|18\n|\n|t:|1698448767\n|move|p2a: Monster|Reflect|p2a: Monster\n|-sidestart|p2: Tredz|Reflect\n|move|p1a: Cinderace|High Jump Kick|p2a: Monster\n|-damage|p2a: Monster|55\/100\n|-damage|p1a: Cinderace|1\/100|[from] item: Life Orb\n|\n|upkeep\n|turn|19\n|\n|t:|1698448791\n|move|p2a: Monster|Reflect||[still]\n|-fail|p2a: Monster\n|move|p1a: Cinderace|Pyro Ball|p2a: Monster\n|-damage|p2a: Monster|36\/100\n|-damage|p1a: Cinderace|0 fnt|[from] item: Life Orb\n|faint|p1a: Cinderace\n|\n|upkeep\n|\n|t:|1698448797\n|switch|p1a: Ditto|Ditto, shiny|100\/100\n|-transform|p1a: Ditto|p2a: Monster|[from] ability: Imposter\n|turn|20\n|c| Unovajournies|Tredz got the plays\n|c|\u2606RRR3mix|uh oh\n|c| pogwuan|lmao\n|\n|t:|1698448815\n|switch|p2a: Ultralight Beam|Jolteon, M, tera:Ice|69\/100 brn\n|move|p1a: Ditto|Thunder Wave|p2a: Ultralight Beam\n|-heal|p2a: Ultralight Beam|94\/100 brn|[from] ability: Volt Absorb|[of] p1a: Ditto\n|\n|-damage|p2a: Ultralight Beam|88\/100 brn|[from] brn\n|upkeep\n|turn|21\n|c|\u2606Tredz|lol\n|c| Unovajournies|No damage move :)\n|\n|t:|1698448827\n|move|p1a: Ditto|Thunder Wave|p2a: Ultralight Beam\n|-heal|p2a: Ultralight Beam|100\/100 brn|[from] ability: Volt Absorb|[of] p1a: Ditto\n|move|p2a: Ultralight Beam|Thunderbolt|p1a: Ditto\n|-damage|p1a: Ditto|26\/100\n|\n|-damage|p2a: Ultralight Beam|94\/100 brn|[from] brn\n|upkeep\n|turn|22\n|c|\u2606RRR3mix|gg\n|c|\u2606Tredz|gg\n|\n|t:|1698448835\n|move|p1a: Ditto|Thunder Wave|p2a: Ultralight Beam\n|-heal|p2a: Ultralight Beam|100\/100 brn|[from] ability: Volt Absorb|[of] p1a: Ditto\n|move|p2a: Ultralight Beam|Thunderbolt|p1a: Ditto\n|-damage|p1a: Ditto|0 fnt\n|faint|p1a: Ditto\n|\n|win|Tredz\n|l| Amoongdrip\n","uploadtime":1698448844,"views":20,"p1id":"rrr3mix","p2id":"tredz","formatid":"gen9anythinggoes","rating":0,"private":0,"password":""}