{"id":"gen9anythinggoes-1973568703","p1":"Legendary Scout","p2":"ClefableShield","format":"[Gen 9] Anything Goes","log":"|j|\u2606Legendary Scout\n|j|\u2606ClefableShield\n|t:|1697991704\n|gametype|singles\n|player|p1|Legendary Scout|clemont|\n|player|p2|ClefableShield|beauty-gen4dp|\n|teamsize|p1|6\n|teamsize|p2|6\n|gen|9\n|tier|[Gen 9] Anything Goes\n|rule|HP Percentage Mod: HP is shown in percentages\n|rule|Endless Battle Clause: Forcing endless battles is banned\n|clearpoke\n|poke|p1|Revavroom, M|\n|poke|p1|Palafin, F|\n|poke|p1|Gengar, F|\n|poke|p1|Muk-Alola, F|\n|poke|p1|Lycanroc-Dusk, F|\n|poke|p1|Polteageist-Antique|\n|poke|p2|Garchomp, F|\n|poke|p2|Cinderace, F|\n|poke|p2|Sableye, F|\n|poke|p2|Iron Moth|\n|poke|p2|Kingambit, M|\n|poke|p2|Ditto|\n|teampreview\n|j| Awaking lord\n|\n|t:|1697991769\n|start\n|switch|p1a: Gengar|Gengar, F, shiny|100\/100\n|switch|p2a: Sableye|Sableye, F|100\/100\n|turn|1\n|\n|t:|1697991779\n|move|p1a: Gengar|Dark Pulse|p2a: Sableye\n|-damage|p2a: Sableye|61\/100\n|move|p2a: Sableye|Calm Mind|p2a: Sableye\n|-boost|p2a: Sableye|spa|1\n|-boost|p2a: Sableye|spd|1\n|\n|upkeep\n|turn|2\n|\n|t:|1697991792\n|switch|p1a: Muk|Muk-Alola, F|100\/100\n|move|p2a: Sableye|Energy Ball|p1a: Muk\n|-resisted|p1a: Muk\n|-damage|p1a: Muk|91\/100\n|\n|-heal|p1a: Muk|97\/100|[from] item: Leftovers\n|upkeep\n|turn|3\n|\n|t:|1697991802\n|switch|p2a: Iron Moth|Iron Moth|100\/100\n|move|p1a: Muk|Gunk Shot|p2a: Iron Moth\n|-resisted|p2a: Iron Moth\n|-damage|p2a: Iron Moth|67\/100\n|\n|-heal|p1a: Muk|100\/100|[from] item: Leftovers\n|upkeep\n|turn|4\n|\n|t:|1697991813\n|move|p2a: Iron Moth|Toxic|p1a: Muk\n|-immune|p1a: Muk\n|move|p1a: Muk|Drain Punch|p2a: Iron Moth\n|-resisted|p2a: Iron Moth\n|-damage|p2a: Iron Moth|53\/100\n|\n|upkeep\n|turn|5\n|c| Awaking lord|Ha\n|\n|t:|1697991828\n|move|p2a: Iron Moth|Bug Buzz|p1a: Muk\n|-damage|p1a: Muk|74\/100\n|move|p1a: Muk|Rock Slide|p2a: Iron Moth|[miss]\n|-miss|p1a: Muk|p2a: Iron Moth\n|\n|-heal|p1a: Muk|80\/100|[from] item: Leftovers\n|upkeep\n|turn|6\n|\n|t:|1697991838\n|move|p2a: Iron Moth|Toxic|p1a: Muk\n|-immune|p1a: Muk\n|move|p1a: Muk|Gunk Shot|p2a: Iron Moth\n|-resisted|p2a: Iron Moth\n|-damage|p2a: Iron Moth|21\/100\n|\n|-heal|p1a: Muk|86\/100|[from] item: Leftovers\n|upkeep\n|turn|7\n|\n|t:|1697991848\n|-end|p2a: Iron Moth|Quark Drive|[silent]\n|switch|p2a: Cinderace|Cinderace, F|100\/100\n|move|p1a: Muk|Shadow Sneak|p2a: Cinderace\n|-damage|p2a: Cinderace|90\/100\n|\n|-heal|p1a: Muk|92\/100|[from] item: Leftovers\n|upkeep\n|turn|8\n|c| Awaking lord|tlol\n|\n|t:|1697991863\n|move|p2a: Cinderace|Fire Blast|p1a: Muk\n|-damage|p1a: Muk|64\/100\n|move|p1a: Muk|Rock Slide|p2a: Cinderace|[miss]\n|-miss|p1a: Muk|p2a: Cinderace\n|\n|-heal|p1a: Muk|70\/100|[from] item: Leftovers\n|upkeep\n|turn|9\n|\n|t:|1697991872\n|move|p2a: Cinderace|Fire Fang|p1a: Muk\n|-damage|p1a: Muk|43\/100\n|move|p1a: Muk|Rock Slide|p2a: Cinderace\n|-supereffective|p2a: Cinderace\n|-damage|p2a: Cinderace|46\/100\n|\n|-heal|p1a: Muk|49\/100|[from] item: Leftovers\n|upkeep\n|turn|10\n|\n|t:|1697991882\n|switch|p1a: Palafin|Palafin, F|100\/100\n|move|p2a: Cinderace|Flamethrower|p1a: Palafin\n|-resisted|p1a: Palafin\n|-damage|p1a: Palafin|85\/100\n|\n|-heal|p1a: Palafin|91\/100|[from] item: Leftovers\n|upkeep\n|turn|11\n|\n|t:|1697991895\n|switch|p2a: Garchomp|Garchomp, F|100\/100\n|move|p1a: Palafin|Rain Dance|p1a: Palafin\n|-weather|RainDance\n|\n|-weather|RainDance|[upkeep]\n|-heal|p1a: Palafin|97\/100|[from] item: Leftovers\n|upkeep\n|turn|12\n|\n|t:|1697991902\n|detailschange|p1a: Palafin|Palafin-Hero, F\n|switch|p1a: Lycanroc|Lycanroc-Dusk, F, shiny|100\/100\n|move|p2a: Garchomp|Dragon Rush|p1a: Lycanroc|[miss]\n|-miss|p2a: Garchomp|p1a: Lycanroc\n|\n|-weather|RainDance|[upkeep]\n|upkeep\n|turn|13\n|\n|t:|1697991909\n|move|p2a: Garchomp|Dragon Claw|p1a: Lycanroc\n|-damage|p1a: Lycanroc|49\/100\n|move|p1a: Lycanroc|Swords Dance|p1a: Lycanroc\n|-boost|p1a: Lycanroc|atk|2\n|\n|-weather|RainDance|[upkeep]\n|-heal|p1a: Lycanroc|55\/100|[from] item: Leftovers\n|upkeep\n|turn|14\n|\n|t:|1697991918\n|move|p1a: Lycanroc|Accelerock|p2a: Garchomp\n|-resisted|p2a: Garchomp\n|-damage|p2a: Garchomp|84\/100\n|-damage|p1a: Lycanroc|43\/100|[from] ability: Rough Skin|[of] p2a: Garchomp\n|move|p2a: Garchomp|Dragon Claw|p1a: Lycanroc\n|-damage|p1a: Lycanroc|0 fnt\n|faint|p1a: Lycanroc\n|\n|-weather|RainDance|[upkeep]\n|upkeep\n|\n|t:|1697991928\n|switch|p1a: Palafin|Palafin-Hero, F|97\/100\n|-activate|p1a: Palafin|ability: Zero to Hero\n|turn|15\n|\n|t:|1697991933\n|switch|p2a: Ditto|Ditto|100\/100\n|-transform|p2a: Ditto|p1a: Palafin|[from] ability: Imposter\n|move|p1a: Palafin|Wave Crash|p2a: Ditto\n|-resisted|p2a: Ditto\n|-damage|p2a: Ditto|44\/100\n|-damage|p1a: Palafin|83\/100|[from] Recoil\n|\n|-weather|none\n|-heal|p1a: Palafin|89\/100|[from] item: Leftovers\n|upkeep\n|turn|16\n|\n|t:|1697991945\n|move|p2a: Ditto|Grass Knot|p1a: Palafin\n|-supereffective|p1a: Palafin\n|-damage|p1a: Palafin|49\/100\n|move|p1a: Palafin|Grass Knot|p2a: Ditto\n|-supereffective|p2a: Ditto\n|-damage|p2a: Ditto|0 fnt\n|faint|p2a: Ditto\n|\n|-heal|p1a: Palafin|56\/100|[from] item: Leftovers\n|upkeep\n|\n|t:|1697991955\n|switch|p2a: Kingambit|Kingambit, M|100\/100\n|-ability|p2a: Kingambit|Pressure\n|turn|17\n|\n|t:|1697991962\n|move|p1a: Palafin|Icy Wind|p2a: Kingambit\n|-resisted|p2a: Kingambit\n|-damage|p2a: Kingambit|94\/100\n|-unboost|p2a: Kingambit|spe|1\n|move|p2a: Kingambit|Iron Head|p1a: Palafin\n|-resisted|p1a: Palafin\n|-damage|p1a: Palafin|38\/100\n|\n|-heal|p1a: Palafin|44\/100|[from] item: Leftovers\n|upkeep\n|turn|18\n|\n|t:|1697991973\n|move|p1a: Palafin|Rain Dance|p1a: Palafin\n|-weather|RainDance\n|move|p2a: Kingambit|Stealth Rock|p1a: Palafin\n|-sidestart|p1: Legendary Scout|move: Stealth Rock\n|\n|-weather|RainDance|[upkeep]\n|-heal|p1a: Palafin|50\/100|[from] item: Leftovers\n|upkeep\n|turn|19\n|\n|t:|1697991981\n|move|p1a: Palafin|Wave Crash|p2a: Kingambit\n|-damage|p2a: Kingambit|24\/100\n|-damage|p1a: Palafin|27\/100|[from] Recoil\n|move|p2a: Kingambit|Lash Out|p1a: Palafin\n|-damage|p1a: Palafin|0 fnt\n|faint|p1a: Palafin\n|\n|-weather|RainDance|[upkeep]\n|upkeep\n|\n|t:|1697991991\n|switch|p1a: Revavroom|Revavroom, M, shiny|100\/100\n|-damage|p1a: Revavroom|94\/100|[from] Stealth Rock\n|turn|20\n|\n|t:|1697992002\n|switch|p2a: Sableye|Sableye, F|61\/100\n|move|p1a: Revavroom|Iron Head|p2a: Sableye\n|-damage|p2a: Sableye|16\/100\n|\n|-weather|RainDance|[upkeep]\n|-heal|p1a: Revavroom|100\/100|[from] item: Leftovers\n|upkeep\n|turn|21\n|\n|t:|1697992013\n|move|p1a: Revavroom|Iron Head|p2a: Sableye\n|-damage|p2a: Sableye|0 fnt\n|faint|p2a: Sableye\n|\n|-weather|RainDance|[upkeep]\n|upkeep\n|\n|t:|1697992029\n|switch|p2a: Cinderace|Cinderace, F|46\/100\n|turn|22\n|\n|t:|1697992035\n|move|p2a: Cinderace|Fire Blast|p1a: Revavroom\n|-supereffective|p1a: Revavroom\n|-damage|p1a: Revavroom|61\/100\n|move|p1a: Revavroom|Steel Beam|p2a: Cinderace\n|-resisted|p2a: Cinderace\n|-damage|p2a: Cinderace|28\/100\n|-damage|p1a: Revavroom|11\/100|[from] steelbeam\n|\n|-weather|none\n|-heal|p1a: Revavroom|17\/100|[from] item: Leftovers\n|upkeep\n|turn|23\n|\n|t:|1697992046\n|move|p2a: Cinderace|Fire Blast|p1a: Revavroom|[miss]\n|-miss|p2a: Cinderace|p1a: Revavroom\n|move|p1a: Revavroom|Self-Destruct|p2a: Cinderace\n|-damage|p2a: Cinderace|0 fnt\n|faint|p1a: Revavroom\n|faint|p2a: Cinderace\n|\n|upkeep\n|\n|t:|1697992061\n|switch|p2a: Kingambit|Kingambit, M|24\/100\n|switch|p1a: Gengar|Gengar, F, shiny|100\/100\n|-damage|p1a: Gengar|88\/100|[from] Stealth Rock\n|-ability|p2a: Kingambit|Pressure\n|turn|24\n|\n|t:|1697992072\n|switch|p2a: Garchomp|Garchomp, F|84\/100\n|move|p1a: Gengar|Drain Punch|p2a: Garchomp\n|-damage|p2a: Garchomp|74\/100\n|-heal|p1a: Gengar|96\/100|[from] drain|[of] p2a: Garchomp\n|-damage|p1a: Gengar|84\/100|[from] ability: Rough Skin|[of] p2a: Garchomp\n|\n|-heal|p1a: Gengar|90\/100|[from] item: Leftovers\n|upkeep\n|turn|25\n|\n|t:|1697992090\n|move|p1a: Gengar|Dark Pulse|p2a: Garchomp\n|-damage|p2a: Garchomp|49\/100\n|move|p2a: Garchomp|Dragon Claw|p1a: Gengar\n|-damage|p1a: Gengar|17\/100\n|-start|p2a: Garchomp|Disable|Dragon Claw|[from] ability: Cursed Body|[of] p1a: Gengar\n|\n|-heal|p1a: Gengar|23\/100|[from] item: Leftovers\n|upkeep\n|turn|26\n|\n|t:|1697992101\n|move|p1a: Gengar|Dark Pulse|p2a: Garchomp\n|-damage|p2a: Garchomp|27\/100\n|cant|p2a: Garchomp|flinch\n|\n|-heal|p1a: Gengar|29\/100|[from] item: Leftovers\n|upkeep\n|turn|27\n|\n|t:|1697992115\n|move|p1a: Gengar|Dark Pulse|p2a: Garchomp\n|-damage|p2a: Garchomp|6\/100\n|move|p2a: Garchomp|Earthquake|p1a: Gengar\n|-supereffective|p1a: Gengar\n|-crit|p1a: Gengar\n|-damage|p1a: Gengar|0 fnt\n|faint|p1a: Gengar\n|\n|upkeep\n|\n|t:|1697992124\n|switch|p1a: Polteageist|Polteageist-Antique, shiny|100\/100\n|-damage|p1a: Polteageist|88\/100|[from] Stealth Rock\n|turn|28\n|\n|t:|1697992130\n|move|p2a: Garchomp|Dragon Rush|p1a: Polteageist|[miss]\n|-miss|p2a: Garchomp|p1a: Polteageist\n|move|p1a: Polteageist|Stored Power|p2a: Garchomp\n|-damage|p2a: Garchomp|0 fnt\n|faint|p2a: Garchomp\n|\n|-heal|p1a: Polteageist|94\/100|[from] item: Leftovers\n|upkeep\n|\n|t:|1697992141\n|switch|p2a: Kingambit|Kingambit, M|24\/100\n|-ability|p2a: Kingambit|Pressure\n|turn|29\n|\n|t:|1697992147\n|move|p1a: Polteageist|Reflect|p1a: Polteageist\n|-sidestart|p1: Legendary Scout|Reflect\n|move|p2a: Kingambit|Stealth Rock||[still]\n|-fail|p2a: Kingambit\n|\n|-heal|p1a: Polteageist|99\/100|[from] item: Leftovers\n|upkeep\n|turn|30\n|\n|t:|1697992154\n|move|p1a: Polteageist|Light Screen|p1a: Polteageist\n|-sidestart|p1: Legendary Scout|move: Light Screen\n|move|p2a: Kingambit|Lash Out|p1a: Polteageist\n|-supereffective|p1a: Polteageist\n|-damage|p1a: Polteageist|45\/100\n|\n|-heal|p1a: Polteageist|51\/100|[from] item: Leftovers\n|upkeep\n|turn|31\n|\n|t:|1697992161\n|move|p1a: Polteageist|Stored Power|p2a: Kingambit\n|-immune|p2a: Kingambit\n|move|p2a: Kingambit|Lash Out|p1a: Polteageist\n|-supereffective|p1a: Polteageist\n|-damage|p1a: Polteageist|0 fnt\n|faint|p1a: Polteageist\n|\n|upkeep\n|\n|t:|1697992168\n|switch|p1a: Muk|Muk-Alola, F|49\/100\n|-damage|p1a: Muk|36\/100|[from] Stealth Rock\n|turn|32\n|l| Awaking lord\n|\n|t:|1697992178\n|move|p1a: Muk|Rock Slide|p2a: Kingambit\n|-resisted|p2a: Kingambit\n|-damage|p2a: Kingambit|17\/100\n|cant|p2a: Kingambit|flinch\n|\n|-heal|p1a: Muk|42\/100|[from] item: Leftovers\n|upkeep\n|turn|33\n|\n|t:|1697992185\n|move|p1a: Muk|Shadow Sneak|p2a: Kingambit\n|-resisted|p2a: Kingambit\n|-damage|p2a: Kingambit|13\/100\n|move|p2a: Kingambit|Brick Break|p1a: Muk\n|-sideend|p1: Legendary Scout|Reflect\n|-sideend|p1: Legendary Scout|move: Light Screen\n|-damage|p1a: Muk|19\/100\n|\n|-heal|p1a: Muk|25\/100|[from] item: Leftovers\n|upkeep\n|turn|34\n|\n|t:|1697992194\n|move|p1a: Muk|Rock Slide|p2a: Kingambit\n|-resisted|p2a: Kingambit\n|-damage|p2a: Kingambit|6\/100\n|cant|p2a: Kingambit|flinch\n|\n|-heal|p1a: Muk|31\/100|[from] item: Leftovers\n|upkeep\n|turn|35\n|\n|t:|1697992205\n|move|p1a: Muk|Rock Slide|p2a: Kingambit\n|-resisted|p2a: Kingambit\n|-damage|p2a: Kingambit|0 fnt\n|faint|p2a: Kingambit\n|\n|-heal|p1a: Muk|37\/100|[from] item: Leftovers\n|upkeep\n|\n|t:|1697992211\n|switch|p2a: Iron Moth|Iron Moth|21\/100\n|turn|36\n|\n|t:|1697992216\n|move|p2a: Iron Moth|Toxic|p1a: Muk\n|-immune|p1a: Muk\n|move|p1a: Muk|Rock Slide|p2a: Iron Moth\n|-supereffective|p2a: Iron Moth\n|-damage|p2a: Iron Moth|0 fnt\n|faint|p2a: Iron Moth\n|-end|p2a: Iron Moth|Quark Drive|[silent]\n|\n|win|Legendary Scout\n","uploadtime":1697992235,"views":6,"p1id":"legendaryscout","p2id":"clefableshield","formatid":"gen9anythinggoes","rating":0,"private":0,"password":""}