{"id":"gen9anythinggoes-1995539094","p1":"big_blaziken_boi27","p2":"Winyos","format":"[Gen 9] Anything Goes","log":"|j|\u2606big_blaziken_boi27\n|j|\u2606Winyos\n|t:|1700581053\n|gametype|singles\n|player|p1|big_blaziken_boi27|gambler|1349\n|player|p2|Winyos|cynthia-gen4|1540\n|teamsize|p1|6\n|teamsize|p2|6\n|gen|9\n|tier|[Gen 9] Anything Goes\n|rated|\n|rule|HP Percentage Mod: HP is shown in percentages\n|rule|Endless Battle Clause: Forcing endless battles is banned\n|clearpoke\n|poke|p1|Espathra, M|\n|poke|p1|Calyrex-Shadow|\n|poke|p1|Dudunsparce-*, F|\n|poke|p1|Gliscor, M|\n|poke|p1|Revavroom, M|\n|poke|p1|Ogerpon-Cornerstone, F|\n|poke|p2|Calyrex-Shadow|\n|poke|p2|Miraidon|\n|poke|p2|Vivillon-Pokeball, F|\n|poke|p2|Urshifu-*, M|\n|poke|p2|Giratina-Origin|\n|poke|p2|Zacian-*|\n|teampreview\n|\n|t:|1700581059\n|start\n|switch|p1a: Espathra|Espathra, M|100\/100\n|switch|p2a: Zacian|Zacian-Crowned|100\/100\n|-ability|p2a: Zacian|Intrepid Sword|boost\n|-boost|p2a: Zacian|atk|1\n|turn|1\n|inactive|Battle timer is ON: inactive players will automatically lose when time's up. (requested by big_blaziken_boi27)\n|\n|t:|1700581080\n|move|p2a: Zacian|Quick Attack|p1a: Espathra\n|-damage|p1a: Espathra|68\/100\n|move|p1a: Espathra|Substitute|p1a: Espathra\n|-start|p1a: Espathra|Substitute\n|-damage|p1a: Espathra|43\/100\n|\n|-heal|p1a: Espathra|49\/100|[from] item: Leftovers\n|-ability|p1a: Espathra|Speed Boost|boost\n|-boost|p1a: Espathra|spe|1\n|upkeep\n|turn|2\n|\n|t:|1700581087\n|move|p1a: Espathra|Calm Mind|p1a: Espathra\n|-boost|p1a: Espathra|spa|1\n|-boost|p1a: Espathra|spd|1\n|move|p2a: Zacian|Behemoth Blade|p1a: Espathra\n|-end|p1a: Espathra|Substitute\n|\n|-heal|p1a: Espathra|55\/100|[from] item: Leftovers\n|-ability|p1a: Espathra|Speed Boost|boost\n|-boost|p1a: Espathra|spe|1\n|upkeep\n|turn|3\n|\n|t:|1700581092\n|move|p1a: Espathra|Baton Pass|p1a: Espathra\n|\n|t:|1700581094\n|switch|p1a: Ghost Rider|Calyrex-Shadow|100\/100|[from] Baton Pass\n|-ability|p1a: Ghost Rider|As One\n|-ability|p1a: Ghost Rider|Unnerve\n|move|p2a: Zacian|Behemoth Blade|p1a: Ghost Rider\n|-damage|p1a: Ghost Rider|2\/100\n|\n|upkeep\n|turn|4\n|\n|t:|1700581107\n|move|p1a: Ghost Rider|Astral Barrage|p2a: Zacian\n|-damage|p2a: Zacian|0 fnt\n|faint|p2a: Zacian\n|-ability|p1a: Ghost Rider|Grim Neigh|boost\n|-boost|p1a: Ghost Rider|spa|1\n|\n|upkeep\n|\n|t:|1700581110\n|switch|p2a: Sky worm|Giratina-Origin|100\/100\n|turn|5\n|\n|t:|1700581117\n|-terastallize|p1a: Ghost Rider|Normal\n|move|p2a: Sky worm|Shadow Sneak|p1a: Ghost Rider\n|-immune|p1a: Ghost Rider\n|move|p1a: Ghost Rider|Draining Kiss|p2a: Sky worm\n|-supereffective|p2a: Sky worm\n|-damage|p2a: Sky worm|40\/100\n|-heal|p1a: Ghost Rider|61\/100|[from] drain|[of] p2a: Sky worm\n|\n|upkeep\n|turn|6\n|\n|t:|1700581132\n|move|p1a: Ghost Rider|Draining Kiss|p2a: Sky worm\n|-supereffective|p2a: Sky worm\n|-damage|p2a: Sky worm|0 fnt\n|-heal|p1a: Ghost Rider|99\/100|[from] drain|[of] p2a: Sky worm\n|faint|p2a: Sky worm\n|-ability|p1a: Ghost Rider|Grim Neigh|boost\n|-boost|p1a: Ghost Rider|spa|1\n|\n|upkeep\n|\n|t:|1700581134\n|switch|p2a: Cry about it|Calyrex-Shadow|100\/100\n|-ability|p2a: Cry about it|As One\n|-ability|p2a: Cry about it|Unnerve\n|turn|7\n|\n|t:|1700581145\n|move|p1a: Ghost Rider|Astral Barrage|p2a: Cry about it\n|-supereffective|p2a: Cry about it\n|-enditem|p2a: Cry about it|Focus Sash\n|-damage|p2a: Cry about it|1\/100\n|move|p2a: Cry about it|Psychic|p1a: Ghost Rider\n|-damage|p1a: Ghost Rider|63\/100\n|\n|upkeep\n|turn|8\n|\n|t:|1700581151\n|-terastallize|p2a: Cry about it|Normal\n|move|p1a: Ghost Rider|Astral Barrage|p2a: Cry about it\n|-immune|p2a: Cry about it\n|move|p2a: Cry about it|Giga Drain|p1a: Ghost Rider\n|-damage|p1a: Ghost Rider|42\/100\n|-heal|p2a: Cry about it|11\/100|[from] drain|[of] p1a: Ghost Rider\n|\n|upkeep\n|turn|9\n|\n|t:|1700581167\n|move|p1a: Ghost Rider|Draining Kiss|p2a: Cry about it\n|-damage|p2a: Cry about it|0 fnt\n|-heal|p1a: Ghost Rider|50\/100|[from] drain|[of] p2a: Cry about it\n|faint|p2a: Cry about it\n|-ability|p1a: Ghost Rider|Grim Neigh|boost\n|-boost|p1a: Ghost Rider|spa|1\n|\n|upkeep\n|\n|t:|1700581171\n|switch|p2a: Saxton Hale|Urshifu, M|100\/100\n|turn|10\n|\n|t:|1700581176\n|move|p1a: Ghost Rider|Draining Kiss|p2a: Saxton Hale\n|-supereffective|p2a: Saxton Hale\n|-enditem|p2a: Saxton Hale|Focus Sash\n|-damage|p2a: Saxton Hale|1\/100\n|-heal|p1a: Ghost Rider|100\/100|[from] drain|[of] p2a: Saxton Hale\n|move|p2a: Saxton Hale|Close Combat|p1a: Ghost Rider\n|-supereffective|p1a: Ghost Rider\n|-damage|p1a: Ghost Rider|0 fnt\n|-unboost|p2a: Saxton Hale|def|1\n|-unboost|p2a: Saxton Hale|spd|1\n|faint|p1a: Ghost Rider\n|\n|upkeep\n|\n|t:|1700581188\n|switch|p1a: Espathra|Espathra, M|55\/100\n|turn|11\n|\n|t:|1700581197\n|move|p1a: Espathra|Substitute|p1a: Espathra\n|-start|p1a: Espathra|Substitute\n|-damage|p1a: Espathra|30\/100\n|move|p2a: Saxton Hale|Wicked Blow|p1a: Espathra\n|-supereffective|p1a: Espathra\n|-crit|p1a: Espathra\n|-end|p1a: Espathra|Substitute\n|\n|-heal|p1a: Espathra|36\/100|[from] item: Leftovers\n|-ability|p1a: Espathra|Speed Boost|boost\n|-boost|p1a: Espathra|spe|1\n|upkeep\n|turn|12\n|\n|t:|1700581208\n|move|p1a: Espathra|Substitute|p1a: Espathra\n|-start|p1a: Espathra|Substitute\n|-damage|p1a: Espathra|11\/100\n|move|p2a: Saxton Hale|Wicked Blow|p1a: Espathra\n|-supereffective|p1a: Espathra\n|-crit|p1a: Espathra\n|-end|p1a: Espathra|Substitute\n|\n|-heal|p1a: Espathra|17\/100|[from] item: Leftovers\n|-ability|p1a: Espathra|Speed Boost|boost\n|-boost|p1a: Espathra|spe|1\n|upkeep\n|turn|13\n|\n|t:|1700581221\n|move|p1a: Espathra|Baton Pass|p1a: Espathra\n|\n|t:|1700581244\n|switch|p1a: Hakari|Gliscor, M|100\/100|[from] Baton Pass\n|move|p2a: Saxton Hale|Wicked Blow|p1a: Hakari\n|-crit|p1a: Hakari\n|-damage|p1a: Hakari|61\/100\n|\n|-status|p1a: Hakari|tox|[from] item: Toxic Orb\n|upkeep\n|turn|14\n|\n|t:|1700581253\n|move|p2a: Saxton Hale|Sucker Punch||[still]\n|-fail|p2a: Saxton Hale\n|move|p1a: Hakari|Swords Dance|p1a: Hakari\n|-boost|p1a: Hakari|atk|2\n|\n|-heal|p1a: Hakari|73\/100 tox|[from] ability: Poison Heal\n|upkeep\n|turn|15\n|\n|t:|1700581260\n|move|p1a: Hakari|Facade|p2a: Saxton Hale\n|-damage|p2a: Saxton Hale|0 fnt\n|faint|p2a: Saxton Hale\n|\n|-heal|p1a: Hakari|86\/100 tox|[from] ability: Poison Heal\n|upkeep\n|\n|t:|1700581277\n|switch|p2a: Wake up|Miraidon|100\/100\n|-fieldstart|move: Electric Terrain|[from] ability: Hadron Engine|[of] p2a: Wake up\n|turn|16\n|\n|t:|1700581282\n|move|p1a: Hakari|Earthquake|p2a: Wake up\n|-supereffective|p2a: Wake up\n|-damage|p2a: Wake up|0 fnt\n|faint|p2a: Wake up\n|\n|-heal|p1a: Hakari|98\/100 tox|[from] ability: Poison Heal\n|upkeep\n|\n|t:|1700581285\n|switch|p2a: Time for bed|Vivillon-Pokeball, F|100\/100\n|turn|17\n|\n|t:|1700581289\n|move|p1a: Hakari|Dual Wingbeat|p2a: Time for bed\n|-supereffective|p2a: Time for bed\n|-damage|p2a: Time for bed|1\/100\n|-supereffective|p2a: Time for bed\n|-damage|p2a: Time for bed|0 fnt\n|faint|p2a: Time for bed\n|-hitcount|p2: Time for bed|2\n|\n|win|big_blaziken_boi27\n|raw|big_blaziken_boi27's rating: 1349 &rarr; <strong>1379<\/strong><br \/>(+30 for winning)\n|raw|Winyos's rating: 1540 &rarr; <strong>1510<\/strong><br \/>(-30 for losing)\n|c|\u2606big_blaziken_boi27|gg\n|l|\u2606Winyos\n|l|\u2606big_blaziken_boi27\n","uploadtime":1700581310,"views":0,"p1id":"bigblazikenboi27","p2id":"winyos","formatid":"gen9anythinggoes","rating":1379,"private":0,"password":""}