{"id":"gen9anythinggoes-1977661202","p1":"greninjio","p2":"Backyard Bullies","format":"[Gen 9] Anything Goes","log":"|j|\u2606greninjio\n|j|\u2606Backyard Bullies\n|t:|1698436241\n|gametype|singles\n|player|p1|greninjio|102|\n|player|p2|Backyard Bullies|2|\n|teamsize|p1|6\n|teamsize|p2|6\n|gen|9\n|tier|[Gen 9] Anything Goes\n|rule|HP Percentage Mod: HP is shown in percentages\n|rule|Endless Battle Clause: Forcing endless battles is banned\n|clearpoke\n|poke|p1|Milotic, M|\n|poke|p1|Noivern, M|\n|poke|p1|Great Tusk|\n|poke|p1|Munkidori, M|\n|poke|p1|Cresselia, F|\n|poke|p1|Typhlosion-Hisui, M|\n|poke|p2|Sandy Shocks|\n|poke|p2|Walking Wake|\n|poke|p2|Shiftry, M|\n|poke|p2|Torkoal, M|\n|poke|p2|Jirachi|\n|poke|p2|Skuntank, F|\n|teampreview\n|j| Its only magic\n|j| Lucario0000\n|n|\u2606Backyard Bullies|backyardbullies\n|c|\u2606Backyard Bullies|hfhf\n|c|\u2606greninjio|hf\n|\n|t:|1698436315\n|start\n|switch|p1a: Great Tusk|Great Tusk|100\/100\n|switch|p2a: Sandy Shocks|Sandy Shocks|100\/100\n|turn|1\n|j| Timgameboy\n|j| Fynnizen\n|j| Roy SPL\n|c|\u2606Backyard Bullies|irgendwie hab ich mein flying vergessen kekw\n|c| Roy SPL|Wartet doch noch 10 min bis ich zu hause bin\n|l| Roy SPL\n|j| Roy SPL\n|j| holy seal\n|\n|t:|1698436410\n|move|p2a: Sandy Shocks|Earth Power|p1a: Great Tusk\n|-damage|p1a: Great Tusk|45\/100\n|move|p1a: Great Tusk|Headlong Rush|p2a: Sandy Shocks\n|-supereffective|p2a: Sandy Shocks\n|-damage|p2a: Sandy Shocks|0 fnt\n|-unboost|p1a: Great Tusk|def|1\n|-unboost|p1a: Great Tusk|spd|1\n|faint|p2a: Sandy Shocks\n|-end|p2a: Sandy Shocks|Protosynthesis|[silent]\n|\n|upkeep\n|\n|t:|1698436472\n|switch|p2a: Walking Wake|Walking Wake|100\/100\n|turn|2\n|\n|t:|1698436483\n|-end|p1a: Great Tusk|Protosynthesis|[silent]\n|switch|p1a: Milotic|Milotic, M|100\/100\n|move|p2a: Walking Wake|Flip Turn|p1a: Milotic\n|-resisted|p1a: Milotic\n|-damage|p1a: Milotic|92\/100\n|\n|t:|1698436517\n|-end|p2a: Walking Wake|Protosynthesis|[silent]\n|switch|p2a: Shiftry|Shiftry, M|100\/100|[from] Flip Turn\n|\n|-heal|p1a: Milotic|98\/100|[from] item: Leftovers\n|upkeep\n|turn|3\n|\n|t:|1698436523\n|switch|p1a: Noivern|Noivern, M|100\/100\n|move|p2a: Shiftry|Knock Off|p1a: Noivern\n|-damage|p1a: Noivern|40\/100\n|-enditem|p1a: Noivern|Heavy-Duty Boots|[from] move: Knock Off|[of] p2a: Shiftry\n|-damage|p2a: Shiftry|91\/100|[from] item: Life Orb\n|\n|upkeep\n|turn|4\n|j| UrglTv\n|\n|t:|1698436554\n|switch|p2a: Walking Wake|Walking Wake|100\/100\n|move|p1a: Noivern|Roost|p1a: Noivern\n|-heal|p1a: Noivern|90\/100\n|-singleturn|p1a: Noivern|move: Roost\n|\n|upkeep\n|turn|5\n|\n|t:|1698436573\n|switch|p1a: Milotic|Milotic, M|98\/100\n|move|p2a: Walking Wake|Draco Meteor|p1a: Milotic\n|-damage|p1a: Milotic|63\/100\n|-unboost|p2a: Walking Wake|spa|2\n|\n|-heal|p1a: Milotic|69\/100|[from] item: Leftovers\n|upkeep\n|turn|6\n|l| UrglTv\n|j| CrazySandshrew\n|\n|t:|1698436611\n|-end|p2a: Walking Wake|Protosynthesis|[silent]\n|switch|p2a: Jirachi|Jirachi|100\/100\n|move|p1a: Milotic|Flip Turn|p2a: Jirachi\n|-damage|p2a: Jirachi|90\/100\n|\n|t:|1698436666\n|switch|p1a: Typhlosion|Typhlosion-Hisui, M|100\/100|[from] Flip Turn\n|\n|-heal|p2a: Jirachi|96\/100|[from] item: Leftovers\n|upkeep\n|turn|7\n|\n|t:|1698436753\n|move|p2a: Jirachi|Protect|p2a: Jirachi\n|-singleturn|p2a: Jirachi|Protect\n|move|p1a: Typhlosion|Overheat|p2a: Jirachi\n|-activate|p2a: Jirachi|move: Protect\n|\n|-heal|p2a: Jirachi|100\/100|[from] item: Leftovers\n|upkeep\n|turn|8\n|\n|t:|1698436771\n|switch|p2a: Walking Wake|Walking Wake|100\/100\n|move|p1a: Typhlosion|Shadow Ball|p2a: Walking Wake\n|-damage|p2a: Walking Wake|70\/100\n|\n|upkeep\n|turn|9\n|\n|t:|1698436781\n|switch|p1a: Milotic|Milotic, M|69\/100\n|move|p2a: Walking Wake|Knock Off|p1a: Milotic\n|-damage|p1a: Milotic|50\/100\n|-enditem|p1a: Milotic|Leftovers|[from] move: Knock Off|[of] p2a: Walking Wake\n|\n|upkeep\n|turn|10\n|\n|t:|1698436826\n|move|p2a: Walking Wake|Draco Meteor|p1a: Milotic\n|-damage|p1a: Milotic|15\/100\n|-unboost|p2a: Walking Wake|spa|2\n|move|p1a: Milotic|Recover|p1a: Milotic\n|-heal|p1a: Milotic|65\/100\n|\n|upkeep\n|turn|11\n|\n|t:|1698436834\n|move|p2a: Walking Wake|Flip Turn|p1a: Milotic\n|-resisted|p1a: Milotic\n|-damage|p1a: Milotic|57\/100\n|c|\u2606Backyard Bullies|ah shit hab gehofft du flipst\n|\n|t:|1698436847\n|-end|p2a: Walking Wake|Protosynthesis|[silent]\n|switch|p2a: Shiftry|Shiftry, M|91\/100|[from] Flip Turn\n|move|p1a: Milotic|Recover|p1a: Milotic\n|-heal|p1a: Milotic|100\/100\n|\n|upkeep\n|turn|12\n|\n|t:|1698436930\n|switch|p1a: Noivern|Noivern, M|90\/100\n|switch|p2a: Skuntank|Skuntank, F|100\/100\n|\n|upkeep\n|turn|13\n|\n|t:|1698436991\n|switch|p1a: Great Tusk|Great Tusk|45\/100\n|move|p2a: Skuntank|Play Rough|p1a: Great Tusk\n|-supereffective|p1a: Great Tusk\n|-damage|p1a: Great Tusk|0 fnt\n|faint|p1a: Great Tusk\n|-end|p1a: Great Tusk|Protosynthesis|[silent]\n|\n|upkeep\n|c|\u2606Backyard Bullies|okay, kein 6:0 challange geschafft\n|\n|t:|1698437018\n|switch|p1a: Milotic|Milotic, M|100\/100\n|turn|14\n|c|\u2606greninjio|ich versteh die welt grad nicht mehr\n|l| holy seal\n|\n|t:|1698437047\n|move|p2a: Skuntank|Toxic|p1a: Milotic\n|-status|p1a: Milotic|tox\n|move|p1a: Milotic|Scald|p2a: Skuntank\n|-damage|p2a: Skuntank|62\/100\n|\n|-damage|p1a: Milotic|94\/100 tox|[from] psn\n|upkeep\n|turn|15\n|\n|t:|1698437091\n|switch|p2a: Jirachi|Jirachi|100\/100\n|move|p1a: Milotic|Flip Turn|p2a: Jirachi\n|-damage|p2a: Jirachi|91\/100\n|\n|t:|1698437096\n|switch|p1a: Typhlosion|Typhlosion-Hisui, M|100\/100|[from] Flip Turn\n|\n|-heal|p2a: Jirachi|97\/100|[from] item: Leftovers\n|upkeep\n|turn|16\n|\n|t:|1698437113\n|move|p2a: Jirachi|Protect|p2a: Jirachi\n|-singleturn|p2a: Jirachi|Protect\n|move|p1a: Typhlosion|Calm Mind|p1a: Typhlosion\n|-boost|p1a: Typhlosion|spa|1\n|-boost|p1a: Typhlosion|spd|1\n|\n|-heal|p2a: Jirachi|100\/100|[from] item: Leftovers\n|upkeep\n|turn|17\n|c|\u2606Backyard Bullies|cool cool\n|\n|t:|1698437266\n|switch|p2a: Torkoal|Torkoal, M|100\/100\n|-weather|SunnyDay|[from] ability: Drought|[of] p2a: Torkoal\n|move|p1a: Typhlosion|Shadow Ball|p2a: Torkoal\n|-damage|p2a: Torkoal|43\/100\n|\n|-weather|SunnyDay|[upkeep]\n|upkeep\n|turn|18\n|\n|t:|1698437346\n|switch|p2a: Walking Wake|Walking Wake|70\/100\n|-activate|p2a: Walking Wake|ability: Protosynthesis\n|-start|p2a: Walking Wake|protosynthesisspa\n|move|p1a: Typhlosion|Shadow Ball|p2a: Walking Wake\n|-damage|p2a: Walking Wake|22\/100\n|\n|-weather|SunnyDay|[upkeep]\n|upkeep\n|turn|19\n|\n|t:|1698437361\n|switch|p1a: Milotic|Milotic, M|94\/100 tox\n|move|p2a: Walking Wake|Flip Turn|p1a: Milotic\n|-resisted|p1a: Milotic\n|-damage|p1a: Milotic|92\/100 tox\n|\n|t:|1698437367\n|-end|p2a: Walking Wake|Protosynthesis|[silent]\n|switch|p2a: Shiftry|Shiftry, M|91\/100|[from] Flip Turn\n|\n|-weather|SunnyDay|[upkeep]\n|-damage|p1a: Milotic|85\/100 tox|[from] psn\n|upkeep\n|turn|20\n|l| Roy SPL\n|\n|t:|1698437482\n|switch|p1a: Noivern|Noivern, M|90\/100\n|move|p2a: Shiftry|Leaf Blade|p1a: Noivern\n|-resisted|p1a: Noivern\n|-crit|p1a: Noivern\n|-damage|p1a: Noivern|68\/100\n|-damage|p2a: Shiftry|81\/100|[from] item: Life Orb\n|\n|-weather|SunnyDay|[upkeep]\n|upkeep\n|turn|21\n|j| holy seal\n|j| Roy SPL\n|\n|t:|1698437506\n|move|p2a: Shiftry|Explosion|p1a: Noivern\n|-damage|p1a: Noivern|0 fnt\n|faint|p2a: Shiftry\n|faint|p1a: Noivern\n|\n|-weather|none\n|upkeep\n|c|\u2606Backyard Bullies|boom\n|j| LuckFee\n|c| Its only magic|booooooommm\n|\n|t:|1698437545\n|switch|p1a: Milotic|Milotic, M|85\/100 tox\n|switch|p2a: Walking Wake|Walking Wake|22\/100\n|turn|22\n|c| LuckFee|Badaboom! Realest guy in the Room. How you Doin?\n|\n|t:|1698437560\n|move|p2a: Walking Wake|Flip Turn|p1a: Milotic\n|-resisted|p1a: Milotic\n|-damage|p1a: Milotic|80\/100 tox\n|\n|t:|1698437564\n|-end|p2a: Walking Wake|Protosynthesis|[silent]\n|switch|p2a: Jirachi|Jirachi|100\/100|[from] Flip Turn\n|move|p1a: Milotic|Dragon Pulse|p2a: Jirachi\n|-resisted|p2a: Jirachi\n|-damage|p2a: Jirachi|95\/100\n|\n|-heal|p2a: Jirachi|100\/100|[from] item: Leftovers\n|-damage|p1a: Milotic|74\/100 tox|[from] psn\n|upkeep\n|turn|23\n|\n|t:|1698437572\n|move|p2a: Jirachi|Wish|p2a: Jirachi\n|move|p1a: Milotic|Flip Turn|p2a: Jirachi\n|-damage|p2a: Jirachi|89\/100\n|\n|t:|1698437591\n|switch|p1a: Typhlosion|Typhlosion-Hisui, M|100\/100|[from] Flip Turn\n|\n|-heal|p2a: Jirachi|95\/100|[from] item: Leftovers\n|upkeep\n|turn|24\n|\n|t:|1698437687\n|switch|p2a: Skuntank|Skuntank, F|62\/100\n|move|p1a: Typhlosion|Shadow Ball|p2a: Skuntank\n|-resisted|p2a: Skuntank\n|-damage|p2a: Skuntank|34\/100\n|\n|-heal|p2a: Skuntank|83\/100|[from] move: Wish|[wisher] Jirachi\n|upkeep\n|turn|25\n|\n|t:|1698437769\n|switch|p1a: Milotic|Milotic, M|74\/100 tox\n|switch|p2a: Torkoal|Torkoal, M|43\/100\n|-weather|SunnyDay|[from] ability: Drought|[of] p2a: Torkoal\n|\n|-weather|SunnyDay|[upkeep]\n|-damage|p1a: Milotic|67\/100 tox|[from] psn\n|upkeep\n|turn|26\n|l| holy seal\n|\n|t:|1698437785\n|move|p1a: Milotic|Flip Turn|p2a: Torkoal\n|-supereffective|p2a: Torkoal\n|-damage|p2a: Torkoal|35\/100\n|\n|t:|1698437884\n|switch|p1a: Typhlosion|Typhlosion-Hisui, M|100\/100|[from] Flip Turn\n|move|p2a: Torkoal|Stealth Rock|p1a: Typhlosion\n|-sidestart|p1: greninjio|move: Stealth Rock\n|\n|-weather|SunnyDay|[upkeep]\n|upkeep\n|turn|27\n|\n|t:|1698437939\n|switch|p1a: Cresselia|Cresselia, F|100\/100\n|-damage|p1a: Cresselia|88\/100|[from] Stealth Rock\n|move|p2a: Torkoal|Lava Plume|p1a: Cresselia\n|-damage|p1a: Cresselia|66\/100\n|\n|-weather|SunnyDay|[upkeep]\n|-heal|p1a: Cresselia|73\/100|[from] item: Leftovers\n|upkeep\n|turn|28\n|\n|t:|1698437948\n|switch|p2a: Skuntank|Skuntank, F|83\/100\n|move|p1a: Cresselia|Psychic|p2a: Skuntank\n|-immune|p2a: Skuntank\n|\n|-weather|SunnyDay|[upkeep]\n|-heal|p1a: Cresselia|79\/100|[from] item: Leftovers\n|upkeep\n|turn|29\n|\n|t:|1698437956\n|switch|p1a: Milotic|Milotic, M|67\/100 tox\n|-damage|p1a: Milotic|55\/100 tox|[from] Stealth Rock\n|move|p2a: Skuntank|Crunch|p1a: Milotic\n|-damage|p1a: Milotic|27\/100 tox\n|\n|-weather|none\n|-damage|p1a: Milotic|21\/100 tox|[from] psn\n|upkeep\n|turn|30\n|l| LuckFee\n|\n|t:|1698437971\n|move|p2a: Skuntank|Crunch|p1a: Milotic\n|-damage|p1a: Milotic|0 fnt\n|faint|p1a: Milotic\n|\n|upkeep\n|\n|t:|1698438079\n|switch|p1a: Munkidori|Munkidori, M|100\/100\n|-damage|p1a: Munkidori|88\/100|[from] Stealth Rock\n|turn|31\n|\n|t:|1698438118\n|move|p1a: Munkidori|Focus Blast|p2a: Skuntank\n|-damage|p2a: Skuntank|25\/100\n|move|p2a: Skuntank|Crunch|p1a: Munkidori\n|-supereffective|p1a: Munkidori\n|-enditem|p1a: Munkidori|Colbur Berry|[eat]\n|-enditem|p1a: Munkidori|Colbur Berry|[weaken]\n|-damage|p1a: Munkidori|22\/100\n|-unboost|p1a: Munkidori|def|1\n|\n|upkeep\n|turn|32\n|j| UrglTv\n|\n|t:|1698438137\n|switch|p2a: Jirachi|Jirachi|95\/100\n|move|p1a: Munkidori|Sludge Bomb|p2a: Jirachi\n|-immune|p2a: Jirachi\n|\n|-heal|p2a: Jirachi|100\/100|[from] item: Leftovers\n|upkeep\n|turn|33\n|\n|t:|1698438158\n|move|p1a: Munkidori|Shadow Ball|p2a: Jirachi\n|-supereffective|p2a: Jirachi\n|-damage|p2a: Jirachi|68\/100\n|move|p2a: Jirachi|Zen Headbutt|p1a: Munkidori\n|-damage|p1a: Munkidori|0 fnt\n|faint|p1a: Munkidori\n|\n|-heal|p2a: Jirachi|74\/100|[from] item: Leftovers\n|upkeep\n|\n|t:|1698438164\n|switch|p1a: Typhlosion|Typhlosion-Hisui, M|100\/100\n|turn|34\n|\n|t:|1698438196\n|switch|p1a: Cresselia|Cresselia, F|79\/100\n|-damage|p1a: Cresselia|66\/100|[from] Stealth Rock\n|move|p2a: Jirachi|Zen Headbutt|p1a: Cresselia|[miss]\n|-miss|p2a: Jirachi|p1a: Cresselia\n|\n|-heal|p2a: Jirachi|80\/100|[from] item: Leftovers\n|-heal|p1a: Cresselia|72\/100|[from] item: Leftovers\n|upkeep\n|turn|35\n|\n|t:|1698438219\n|switch|p1a: Typhlosion|Typhlosion-Hisui, M|100\/100\n|move|p2a: Jirachi|Wish|p2a: Jirachi\n|\n|-heal|p2a: Jirachi|86\/100|[from] item: Leftovers\n|upkeep\n|turn|36\n|\n|t:|1698438320\n|move|p1a: Typhlosion|Calm Mind|p1a: Typhlosion\n|-boost|p1a: Typhlosion|spa|1\n|-boost|p1a: Typhlosion|spd|1\n|move|p2a: Jirachi|Zen Headbutt|p1a: Typhlosion\n|-damage|p1a: Typhlosion|64\/100\n|\n|-heal|p2a: Jirachi|100\/100|[from] move: Wish|[wisher] Jirachi\n|upkeep\n|turn|37\n|\n|t:|1698438338\n|move|p1a: Typhlosion|Shadow Ball|p2a: Jirachi\n|-supereffective|p2a: Jirachi\n|-damage|p2a: Jirachi|24\/100\n|move|p2a: Jirachi|Zen Headbutt|p1a: Typhlosion\n|-damage|p1a: Typhlosion|27\/100\n|\n|-heal|p2a: Jirachi|30\/100|[from] item: Leftovers\n|upkeep\n|turn|38\n|\n|t:|1698438348\n|switch|p2a: Torkoal|Torkoal, M|35\/100\n|-weather|SunnyDay|[from] ability: Drought|[of] p2a: Torkoal\n|move|p1a: Typhlosion|Shadow Ball|p2a: Torkoal\n|-damage|p2a: Torkoal|0 fnt\n|faint|p2a: Torkoal\n|\n|-weather|SunnyDay|[upkeep]\n|upkeep\n|\n|t:|1698438358\n|switch|p2a: Walking Wake|Walking Wake|22\/100\n|-activate|p2a: Walking Wake|ability: Protosynthesis\n|-start|p2a: Walking Wake|protosynthesisspa\n|turn|39\n|\n|t:|1698438381\n|switch|p1a: Cresselia|Cresselia, F|72\/100\n|-damage|p1a: Cresselia|60\/100|[from] Stealth Rock\n|move|p2a: Walking Wake|Hydro Steam|p1a: Cresselia\n|-damage|p1a: Cresselia|13\/100\n|\n|-weather|SunnyDay|[upkeep]\n|-heal|p1a: Cresselia|19\/100|[from] item: Leftovers\n|upkeep\n|turn|40\n|\n|t:|1698438391\n|move|p2a: Walking Wake|Hydro Steam|p1a: Cresselia\n|-damage|p1a: Cresselia|0 fnt\n|faint|p1a: Cresselia\n|\n|-weather|SunnyDay|[upkeep]\n|upkeep\n|\n|t:|1698438393\n|switch|p1a: Typhlosion|Typhlosion-Hisui, M|27\/100\n|turn|41\n|\n|t:|1698438396\n|move|p2a: Walking Wake|Hydro Steam|p1a: Typhlosion\n|-supereffective|p1a: Typhlosion\n|-damage|p1a: Typhlosion|0 fnt\n|faint|p1a: Typhlosion\n|\n|win|Backyard Bullies\n|c|\u2606greninjio|gg\n|c|\u2606Backyard Bullies|gg\n|c|\u2606greninjio|legit\n|c| Its only magic|gg\n|c| Roy SPL|Gg\n|c|\u2606greninjio|hast mich von vorne bis hinten durchgelesen\n|c| UrglTv|Gg\n|l| Timgameboy\n|c|\u2606Backyard Bullies|das war so n weirdes game\n|c|\u2606Backyard Bullies|glaube das verliere ich 9 von 10 mal\n|l| Roy SPL\n|c| UrglTv|Hab 0 verstanden warum sich in BG keiner Wake von Doemsy geholt hat\n|c|\u2606greninjio|also keine ahnung ob das mit rachi geplant war aber immer wenn ich predictet hab das du torkoal gehst, bist du gestayed\n|c|\u2606greninjio|und dann das eine mal nicht\n|l| CrazySandshrew\n|c|\u2606greninjio|und ebelt full attack skuntank\n|c|\u2606greninjio|hab ich auch noch nie gesehen\n|l|\u2606greninjio\n|c| UrglTv|Du hast noch nie offensives Skuntank gesehen?\n|c|\u2606Backyard Bullies|ja hab den noch nie gespielt\n|j|\u2606greninjio\n|player|p1|greninjio|102\n","uploadtime":1698438443,"views":22,"p1id":"greninjio","p2id":"backyardbullies","formatid":"gen9anythinggoes","rating":0,"private":0,"password":""}