{"id":"gen9anythinggoes-1978386429","p1":"Catlover3456","p2":"CarnateRiseXD136","format":"[Gen 9] Anything Goes","log":"|j|\u2606Catlover3456\n|j|\u2606CarnateRiseXD136\n|t:|1698532338\n|gametype|singles\n|player|p1|Catlover3456|170|1000\n|player|p2|CarnateRiseXD136|cynthia|1081\n|teamsize|p1|6\n|teamsize|p2|6\n|gen|9\n|tier|[Gen 9] Anything Goes\n|rated|\n|rule|HP Percentage Mod: HP is shown in percentages\n|rule|Endless Battle Clause: Forcing endless battles is banned\n|clearpoke\n|poke|p1|Chien-Pao|\n|poke|p1|Dialga|\n|poke|p1|Arceus-Fairy|\n|poke|p1|Calyrex-Shadow|\n|poke|p1|Darkrai|\n|poke|p1|Eternatus|\n|poke|p2|Urshifu-*, F|\n|poke|p2|Ursaluna-Bloodmoon, M|\n|poke|p2|Calyrex-Shadow|\n|poke|p2|Kingambit, F|\n|poke|p2|Palafin, M|\n|poke|p2|Kyogre|\n|teampreview\n|inactive|Battle timer is ON: inactive players will automatically lose when time's up. (requested by CarnateRiseXD136)\n|\n|t:|1698532348\n|start\n|switch|p1a: Arceus|Arceus-Fairy|100\/100\n|switch|p2a: Zero to the HERO|Palafin, M|100\/100\n|turn|1\n|\n|t:|1698532356\n|detailschange|p2a: Zero to the HERO|Palafin-Hero, M\n|switch|p2a: fish|Kyogre, shiny|100\/100\n|-weather|RainDance|[from] ability: Drizzle|[of] p2a: fish\n|move|p1a: Arceus|Flare Blitz|p2a: fish\n|-resisted|p2a: fish\n|-damage|p2a: fish|90\/100\n|-damage|p1a: Arceus|98\/100|[from] Recoil\n|\n|-weather|RainDance|[upkeep]\n|upkeep\n|turn|2\n|\n|t:|1698532371\n|move|p2a: fish|Sheer Cold|p1a: Arceus|[miss]\n|-miss|p2a: fish|p1a: Arceus\n|move|p1a: Arceus|Dazzling Gleam|p2a: fish\n|-damage|p2a: fish|60\/100\n|\n|-weather|RainDance|[upkeep]\n|upkeep\n|turn|3\n|\n|t:|1698532380\n|move|p2a: fish|Sheer Cold|p1a: Arceus|[miss]\n|-miss|p2a: fish|p1a: Arceus\n|move|p1a: Arceus|Air Slash|p2a: fish\n|-damage|p2a: fish|45\/100\n|\n|-weather|RainDance|[upkeep]\n|upkeep\n|turn|4\n|\n|t:|1698532388\n|move|p2a: fish|Sheer Cold|p1a: Arceus|[miss]\n|-miss|p2a: fish|p1a: Arceus\n|move|p1a: Arceus|Agility|p1a: Arceus\n|-boost|p1a: Arceus|spe|2\n|\n|-weather|RainDance|[upkeep]\n|upkeep\n|turn|5\n|\n|t:|1698532399\n|move|p1a: Arceus|Dazzling Gleam|p2a: fish\n|-damage|p2a: fish|14\/100\n|move|p2a: fish|Thunder|p1a: Arceus\n|-damage|p1a: Arceus|69\/100\n|-status|p1a: Arceus|par\n|\n|-weather|none\n|upkeep\n|turn|6\n|\n|t:|1698532412\n|switch|p1a: Darkrai|Darkrai|100\/100\n|move|p2a: fish|Sheer Cold|p1a: Darkrai|[miss]\n|-miss|p2a: fish|p1a: Darkrai\n|\n|upkeep\n|turn|7\n|\n|t:|1698532423\n|move|p2a: fish|Sheer Cold|p1a: Darkrai|[miss]\n|-miss|p2a: fish|p1a: Darkrai\n|move|p1a: Darkrai|Disable|p2a: fish\n|-start|p2a: fish|Disable|Sheer Cold\n|\n|upkeep\n|turn|8\n|\n|t:|1698532434\n|move|p2a: fish|Thunder|p1a: Darkrai\n|-damage|p1a: Darkrai|52\/100\n|-status|p1a: Darkrai|par\n|move|p1a: Darkrai|Drain Punch|p2a: fish\n|-damage|p2a: fish|0 fnt\n|-heal|p1a: Darkrai|60\/100 par|[from] drain|[of] p2a: fish\n|faint|p2a: fish\n|\n|upkeep\n|\n|t:|1698532438\n|switch|p2a: Zero to the HERO|Palafin-Hero, M|100\/100\n|-activate|p2a: Zero to the HERO|ability: Zero to Hero\n|turn|9\n|\n|t:|1698532451\n|-terastallize|p2a: Zero to the HERO|Water\n|move|p2a: Zero to the HERO|Wave Crash|p1a: Darkrai\n|-damage|p1a: Darkrai|0 fnt\n|faint|p1a: Darkrai\n|-damage|p2a: Zero to the HERO|83\/100|[from] Recoil\n|-damage|p2a: Zero to the HERO|73\/100|[from] item: Life Orb\n|\n|upkeep\n|\n|t:|1698532461\n|switch|p1a: Chien-Pao|Chien-Pao|100\/100\n|-ability|p1a: Chien-Pao|Sword of Ruin\n|turn|10\n|\n|t:|1698532469\n|move|p2a: Zero to the HERO|Drain Punch|p1a: Chien-Pao\n|-supereffective|p1a: Chien-Pao\n|-damage|p1a: Chien-Pao|0 fnt\n|-heal|p2a: Zero to the HERO|100\/100|[from] drain|[of] p1a: Chien-Pao\n|faint|p1a: Chien-Pao\n|-damage|p2a: Zero to the HERO|91\/100|[from] item: Life Orb\n|\n|upkeep\n|\n|t:|1698532477\n|switch|p1a: Eternatus|Eternatus|100\/100\n|-ability|p1a: Eternatus|Pressure\n|turn|11\n|inactive|CarnateRiseXD136 has 120 seconds left.\n|\n|t:|1698532519\n|switch|p2a: Blood|Ursaluna-Bloodmoon, M|100\/100\n|move|p1a: Eternatus|Dragon Dance|p1a: Eternatus\n|-boost|p1a: Eternatus|atk|1\n|-boost|p1a: Eternatus|spe|1\n|\n|upkeep\n|turn|12\n|\n|t:|1698532526\n|move|p1a: Eternatus|Draco Meteor|p2a: Blood|[miss]\n|-miss|p1a: Eternatus|p2a: Blood\n|move|p2a: Blood|Blood Moon|p1a: Eternatus\n|-damage|p1a: Eternatus|35\/100\n|\n|upkeep\n|turn|13\n|\n|t:|1698532533\n|move|p1a: Eternatus|Dragon Dance|p1a: Eternatus\n|-boost|p1a: Eternatus|atk|1\n|-boost|p1a: Eternatus|spe|1\n|move|p2a: Blood|Earth Power|p1a: Eternatus\n|-supereffective|p1a: Eternatus\n|-damage|p1a: Eternatus|0 fnt\n|faint|p1a: Eternatus\n|\n|upkeep\n|\n|t:|1698532544\n|switch|p1a: Dialga|Dialga|100\/100\n|-ability|p1a: Dialga|Pressure\n|turn|14\n|\n|t:|1698532555\n|move|p1a: Dialga|Blizzard|p2a: Blood\n|-supereffective|p2a: Blood\n|-damage|p2a: Blood|0 fnt\n|faint|p2a: Blood\n|\n|upkeep\n|inactive|CarnateRiseXD136 has 120 seconds left.\n|\n|t:|1698532588\n|switch|p2a: Shadow|Calyrex-Shadow|100\/100\n|-ability|p2a: Shadow|As One\n|-ability|p2a: Shadow|Unnerve\n|turn|15\n|inactive|CarnateRiseXD136 has 120 seconds left.\n|\n|t:|1698532595\n|move|p2a: Shadow|Astral Barrage|p1a: Dialga\n|-damage|p1a: Dialga|0 fnt\n|faint|p1a: Dialga\n|-ability|p2a: Shadow|Grim Neigh|boost\n|-boost|p2a: Shadow|spa|1\n|\n|upkeep\n|\n|t:|1698532603\n|switch|p1a: Calyrex|Calyrex-Shadow|100\/100\n|-ability|p1a: Calyrex|As One\n|-ability|p1a: Calyrex|Unnerve\n|turn|16\n|inactive|CarnateRiseXD136 has 120 seconds left.\n|\n|t:|1698532624\n|move|p2a: Shadow|Astral Barrage|p1a: Calyrex\n|-supereffective|p1a: Calyrex\n|-damage|p1a: Calyrex|0 fnt\n|faint|p1a: Calyrex\n|-ability|p2a: Shadow|Grim Neigh|boost\n|-boost|p2a: Shadow|spa|1\n|\n|upkeep\n|\n|t:|1698532633\n|switch|p1a: Arceus|Arceus-Fairy|69\/100 par\n|turn|17\n|inactive|CarnateRiseXD136 has 120 seconds left.\n|\n|t:|1698532651\n|move|p2a: Shadow|Astral Barrage|p1a: Arceus\n|-damage|p1a: Arceus|0 fnt\n|faint|p1a: Arceus\n|\n|win|CarnateRiseXD136\n|raw|Catlover3456's rating: 1000 &rarr; <strong>1000<\/strong><br \/>(+0 for losing)\n|raw|CarnateRiseXD136's rating: 1081 &rarr; <strong>1102<\/strong><br \/>(+21 for winning)\n","uploadtime":1698532658,"views":10,"p1id":"catlover3456","p2id":"carnaterisexd136","formatid":"gen9anythinggoes","rating":1000,"private":0,"password":""}