{"id":"gen9anythinggoes-1978395015","p1":"Tinen","p2":"CarnateRiseXD136","format":"[Gen 9] Anything Goes","log":"|j|\u2606Tinen\n|j|\u2606CarnateRiseXD136\n|t:|1698533403\n|gametype|singles\n|player|p1|Tinen|dancer|1128\n|player|p2|CarnateRiseXD136|cynthia|1144\n|teamsize|p1|6\n|teamsize|p2|6\n|gen|9\n|tier|[Gen 9] Anything Goes\n|rated|\n|rule|HP Percentage Mod: HP is shown in percentages\n|rule|Endless Battle Clause: Forcing endless battles is banned\n|clearpoke\n|poke|p1|Slowbro-Galar, M|\n|poke|p1|Slowbro, M|\n|poke|p1|Slowbro-Galar, M|\n|poke|p1|Slowbro, M|\n|poke|p1|Slowbro-Galar, F|\n|poke|p1|Slowbro, M|\n|poke|p2|Urshifu-*, F|\n|poke|p2|Ursaluna-Bloodmoon, M|\n|poke|p2|Calyrex-Shadow|\n|poke|p2|Kingambit, F|\n|poke|p2|Palafin, F|\n|poke|p2|Kyogre|\n|teampreview\n|c|\u2606CarnateRiseXD136|SLOWBRO\n|c|\u2606CarnateRiseXD136|YOOOOOOOOOOOOOO\n|c|\u2606CarnateRiseXD136|W TEAM\n|c|\u2606CarnateRiseXD136|i love slowbro\n|c|\u2606Tinen|calm down\n|c|\u2606Tinen|ah\n|inactive|Battle timer is ON: inactive players will automatically lose when time's up. (requested by CarnateRiseXD136)\n|c|\u2606Tinen|slowbro is awesome\n|\n|t:|1698533446\n|start\n|switch|p1a: Mano Lerdo|Slowbro, M, shiny|100\/100\n|switch|p2a: Shadow|Calyrex-Shadow|100\/100\n|-ability|p2a: Shadow|As One\n|-ability|p2a: Shadow|Unnerve\n|turn|1\n|c|\u2606CarnateRiseXD136|one of the best megas\n|\n|t:|1698533458\n|-terastallize|p1a: Mano Lerdo|Fire\n|move|p2a: Shadow|Astral Barrage|p1a: Mano Lerdo\n|-damage|p1a: Mano Lerdo|10\/100\n|move|p1a: Mano Lerdo|Calm Mind|p1a: Mano Lerdo\n|-boost|p1a: Mano Lerdo|spa|1\n|-boost|p1a: Mano Lerdo|spd|1\n|\n|-heal|p1a: Mano Lerdo|16\/100|[from] item: Leftovers\n|upkeep\n|turn|2\n|c|\u2606Tinen|you're sure you love slowbro\n|inactive|Tinen has 120 seconds left.\n|c|\u2606Tinen|look what you did\n|c|\u2606CarnateRiseXD136|UR RIGHT\n|c|\u2606CarnateRiseXD136|IM A MONSTER\n|inactive|Tinen has 90 seconds left.\n|\n|t:|1698533522\n|switch|p2a: PoTHEdraginWarrior|Urshifu, F|100\/100\n|move|p1a: Mano Lerdo|Slack Off|p1a: Mano Lerdo\n|-heal|p1a: Mano Lerdo|66\/100\n|\n|-heal|p1a: Mano Lerdo|72\/100|[from] item: Leftovers\n|upkeep\n|turn|3\n|\n|t:|1698533529\n|move|p2a: PoTHEdraginWarrior|Dynamic Punch|p1a: Mano Lerdo|[miss]\n|-miss|p2a: PoTHEdraginWarrior|p1a: Mano Lerdo\n|-enditem|p2a: PoTHEdraginWarrior|Blunder Policy\n|-boost|p2a: PoTHEdraginWarrior|spe|2\n|move|p1a: Mano Lerdo|Iron Defense|p1a: Mano Lerdo\n|-boost|p1a: Mano Lerdo|def|2\n|\n|-heal|p1a: Mano Lerdo|78\/100|[from] item: Leftovers\n|upkeep\n|turn|4\n|\n|t:|1698533540\n|move|p2a: PoTHEdraginWarrior|Wicked Blow|p1a: Mano Lerdo\n|-crit|p1a: Mano Lerdo\n|-damage|p1a: Mano Lerdo|29\/100\n|move|p1a: Mano Lerdo|Iron Defense|p1a: Mano Lerdo\n|-boost|p1a: Mano Lerdo|def|2\n|\n|-heal|p1a: Mano Lerdo|35\/100|[from] item: Leftovers\n|upkeep\n|turn|5\n|\n|t:|1698533549\n|move|p2a: PoTHEdraginWarrior|Wicked Blow|p1a: Mano Lerdo\n|-crit|p1a: Mano Lerdo\n|-damage|p1a: Mano Lerdo|0 fnt\n|faint|p1a: Mano Lerdo\n|\n|upkeep\n|c|\u2606CarnateRiseXD136|sorry lil buddy\n|c|\u2606CarnateRiseXD136|07\n|\n|t:|1698533559\n|switch|p1a: Mano Lombra|Slowbro-Galar, F, shiny|100\/100\n|turn|6\n|\n|t:|1698533567\n|move|p2a: PoTHEdraginWarrior|Wicked Blow|p1a: Mano Lombra\n|-supereffective|p1a: Mano Lombra\n|-crit|p1a: Mano Lombra\n|-damage|p1a: Mano Lombra|26\/100\n|move|p1a: Mano Lombra|Yawn|p2a: PoTHEdraginWarrior\n|-start|p2a: PoTHEdraginWarrior|move: Yawn|[of] p1a: Mano Lombra\n|\n|upkeep\n|turn|7\n|inactive|Tinen has 120 seconds left.\n|\n|t:|1698533582\n|switch|p2a: Zero to the HERO|Palafin, F|100\/100\n|switch|p1a: Mano Lombra|Slowbro-Galar, M, shiny|100\/100\n|\n|upkeep\n|turn|8\n|\n|t:|1698533589\n|detailschange|p2a: Zero to the HERO|Palafin-Hero, F\n|switch|p2a: fish|Kyogre, shiny|100\/100\n|-weather|RainDance|[from] ability: Drizzle|[of] p2a: fish\n|move|p1a: Mano Lombra|Calm Mind|p1a: Mano Lombra\n|-boost|p1a: Mano Lombra|spa|1\n|-boost|p1a: Mano Lombra|spd|1\n|\n|-weather|RainDance|[upkeep]\n|upkeep\n|turn|9\n|\n|t:|1698533599\n|move|p2a: fish|Sheer Cold|p1a: Mano Lombra|[miss]\n|-miss|p2a: fish|p1a: Mano Lombra\n|move|p1a: Mano Lombra|Calm Mind|p1a: Mano Lombra\n|-boost|p1a: Mano Lombra|spa|1\n|-boost|p1a: Mano Lombra|spd|1\n|\n|-weather|RainDance|[upkeep]\n|upkeep\n|turn|10\n|\n|t:|1698533603\n|move|p2a: fish|Sheer Cold|p1a: Mano Lombra|[miss]\n|-miss|p2a: fish|p1a: Mano Lombra\n|move|p1a: Mano Lombra|Yawn|p2a: fish\n|-start|p2a: fish|move: Yawn|[of] p1a: Mano Lombra\n|\n|-weather|RainDance|[upkeep]\n|upkeep\n|turn|11\n|\n|t:|1698533607\n|move|p2a: fish|Sheer Cold|p1a: Mano Lombra|[miss]\n|-miss|p2a: fish|p1a: Mano Lombra\n|move|p1a: Mano Lombra|Stored Power|p2a: fish\n|-damage|p2a: fish|52\/100\n|\n|-weather|RainDance|[upkeep]\n|-end|p2a: fish|move: Yawn|[silent]\n|-status|p2a: fish|slp\n|upkeep\n|turn|12\n|\n|t:|1698533611\n|cant|p2a: fish|slp\n|move|p1a: Mano Lombra|Calm Mind|p1a: Mano Lombra\n|-boost|p1a: Mano Lombra|spa|1\n|-boost|p1a: Mano Lombra|spd|1\n|\n|-weather|none\n|upkeep\n|turn|13\n|\n|t:|1698533615\n|-curestatus|p2a: fish|slp|[msg]\n|move|p2a: fish|Sheer Cold|p1a: Mano Lombra|[miss]\n|-miss|p2a: fish|p1a: Mano Lombra\n|move|p1a: Mano Lombra|Stored Power|p2a: fish\n|-damage|p2a: fish|0 fnt\n|faint|p2a: fish\n|\n|upkeep\n|\n|t:|1698533623\n|switch|p2a: Shadow|Calyrex-Shadow|100\/100\n|-ability|p2a: Shadow|As One\n|-ability|p2a: Shadow|Unnerve\n|turn|14\n|\n|t:|1698533634\n|move|p2a: Shadow|Astral Barrage|p1a: Mano Lombra\n|-supereffective|p1a: Mano Lombra\n|-damage|p1a: Mano Lombra|0 fnt\n|faint|p1a: Mano Lombra\n|-ability|p2a: Shadow|Grim Neigh|boost\n|-boost|p2a: Shadow|spa|1\n|\n|upkeep\n|\n|t:|1698533644\n|switch|p1a: Mano Lerdo|Slowbro, M, shiny|100\/100\n|turn|15\n|\n|t:|1698533647\n|move|p2a: Shadow|Astral Barrage|p1a: Mano Lerdo\n|-supereffective|p1a: Mano Lerdo\n|-crit|p1a: Mano Lerdo\n|-damage|p1a: Mano Lerdo|0 fnt\n|faint|p1a: Mano Lerdo\n|-ability|p2a: Shadow|Grim Neigh|boost\n|-boost|p2a: Shadow|spa|1\n|\n|upkeep\n|\n|t:|1698533656\n|switch|p1a: Mano Lerdo|Slowbro, M, shiny|100\/100\n|turn|16\n|\n|t:|1698533666\n|move|p2a: Shadow|Astral Barrage|p1a: Mano Lerdo\n|-supereffective|p1a: Mano Lerdo\n|-damage|p1a: Mano Lerdo|0 fnt\n|faint|p1a: Mano Lerdo\n|-ability|p2a: Shadow|Grim Neigh|boost\n|-boost|p2a: Shadow|spa|1\n|\n|upkeep\n|\n|t:|1698533672\n|switch|p1a: Mano Lombra|Slowbro-Galar, F, shiny|26\/100\n|turn|17\n|\n|t:|1698533690\n|move|p2a: Shadow|Astral Barrage|p1a: Mano Lombra\n|-supereffective|p1a: Mano Lombra\n|-damage|p1a: Mano Lombra|0 fnt\n|faint|p1a: Mano Lombra\n|-ability|p2a: Shadow|Grim Neigh|boost\n|-boost|p2a: Shadow|spa|1\n|\n|upkeep\n|\n|t:|1698533693\n|switch|p1a: Mano Lombra|Slowbro-Galar, M, shiny|100\/100\n|turn|18\n|\n|t:|1698533697\n|switch|p2a: Blood|Ursaluna-Bloodmoon, M|100\/100\n|move|p1a: Mano Lombra|Yawn|p2a: Blood\n|-start|p2a: Blood|move: Yawn|[of] p1a: Mano Lombra\n|\n|upkeep\n|turn|19\n|\n|t:|1698533726\n|move|p2a: Blood|Blood Moon|p1a: Mano Lombra\n|-damage|p1a: Mano Lombra|5\/100\n|move|p1a: Mano Lombra|Calm Mind|p1a: Mano Lombra\n|-boost|p1a: Mano Lombra|spa|1\n|-boost|p1a: Mano Lombra|spd|1\n|\n|-end|p2a: Blood|move: Yawn|[silent]\n|-status|p2a: Blood|slp\n|upkeep\n|turn|20\n|c|\u2606CarnateRiseXD136|aight lil slowbro\n|c|\u2606CarnateRiseXD136|do the last breath\n|c|\u2606CarnateRiseXD136|KILL MY TEAM\n|inactive|CarnateRiseXD136 has 120 seconds left.\n|\n|t:|1698533743\n|cant|p2a: Blood|slp\n|move|p1a: Mano Lombra|Calm Mind|p1a: Mano Lombra\n|-boost|p1a: Mano Lombra|spa|1\n|-boost|p1a: Mano Lombra|spd|1\n|\n|upkeep\n|turn|21\n|inactive|CarnateRiseXD136 has 120 seconds left.\n|\n|t:|1698533764\n|cant|p2a: Blood|slp\n|move|p1a: Mano Lombra|Calm Mind|p1a: Mano Lombra\n|-boost|p1a: Mano Lombra|spa|1\n|-boost|p1a: Mano Lombra|spd|1\n|\n|upkeep\n|turn|22\n|\n|t:|1698533767\n|-curestatus|p2a: Blood|slp|[msg]\n|move|p2a: Blood|Calm Mind|p2a: Blood\n|-boost|p2a: Blood|spa|1\n|-boost|p2a: Blood|spd|1\n|move|p1a: Mano Lombra|Stored Power|p2a: Blood\n|-damage|p2a: Blood|0 fnt\n|faint|p2a: Blood\n|\n|upkeep\n|\n|t:|1698533772\n|switch|p2a: Shadow|Calyrex-Shadow|100\/100\n|-ability|p2a: Shadow|As One\n|-ability|p2a: Shadow|Unnerve\n|turn|23\n|-activate|p1a: Mano Lombra|ability: Quick Draw\n|\n|t:|1698533776\n|switch|p2a: PoTHEdraginWarrior|Urshifu, F|100\/100\n|move|p1a: Mano Lombra|Stored Power|p2a: PoTHEdraginWarrior\n|-immune|p2a: PoTHEdraginWarrior\n|\n|upkeep\n|turn|24\n|\n|t:|1698533784\n|switch|p2a: Zero to the HERO|Palafin-Hero, F|100\/100\n|-activate|p2a: Zero to the HERO|ability: Zero to Hero\n|move|p1a: Mano Lombra|Yawn|p2a: Zero to the HERO\n|-start|p2a: Zero to the HERO|move: Yawn|[of] p1a: Mano Lombra\n|\n|upkeep\n|turn|25\n|\n|t:|1698533792\n|switch|p2a: Shadow|Calyrex-Shadow|100\/100\n|-ability|p2a: Shadow|As One\n|-ability|p2a: Shadow|Unnerve\n|move|p1a: Mano Lombra|Stored Power|p2a: Shadow\n|-resisted|p2a: Shadow\n|-damage|p2a: Shadow|43\/100\n|\n|upkeep\n|turn|26\n|inactive|CarnateRiseXD136 has 120 seconds left.\n|\n|t:|1698533838\n|switch|p2a: Zero to the HERO|Palafin-Hero, F|100\/100\n|move|p1a: Mano Lombra|Stored Power|p2a: Zero to the HERO\n|-damage|p2a: Zero to the HERO|0 fnt\n|faint|p2a: Zero to the HERO\n|\n|upkeep\n|\n|t:|1698533854\n|switch|p2a: Shadow|Calyrex-Shadow|43\/100\n|-ability|p2a: Shadow|As One\n|-ability|p2a: Shadow|Unnerve\n|turn|27\n|-activate|p1a: Mano Lombra|item: Quick Claw\n|\n|t:|1698533861\n|switch|p2a: PoTHEdraginWarrior|Urshifu, F|100\/100\n|move|p1a: Mano Lombra|Stored Power|p2a: PoTHEdraginWarrior\n|-immune|p2a: PoTHEdraginWarrior\n|\n|upkeep\n|turn|28\n|\n|t:|1698533870\n|switch|p2a: Shadow|Calyrex-Shadow|43\/100\n|-ability|p2a: Shadow|As One\n|-ability|p2a: Shadow|Unnerve\n|move|p1a: Mano Lombra|Calm Mind|p1a: Mano Lombra\n|-boost|p1a: Mano Lombra|spa|1\n|-boost|p1a: Mano Lombra|spd|1\n|\n|upkeep\n|turn|29\n|c|\u2606CarnateRiseXD136|set up\n|c|\u2606CarnateRiseXD136|fully\n|\n|t:|1698533879\n|switch|p2a: PoTHEdraginWarrior|Urshifu, F|100\/100\n|move|p1a: Mano Lombra|Calm Mind|p1a: Mano Lombra\n|-boost|p1a: Mano Lombra|spa|1\n|-boost|p1a: Mano Lombra|spd|1\n|\n|upkeep\n|turn|30\n|inactive|CarnateRiseXD136 has 90 seconds left.\n|inactive|CarnateRiseXD136 has 60 seconds left.\n|\n|t:|1698533954\n|switch|p2a: Shadow|Calyrex-Shadow|43\/100\n|-ability|p2a: Shadow|As One\n|-ability|p2a: Shadow|Unnerve\n|move|p1a: Mano Lombra|Calm Mind|p1a: Mano Lombra\n|-boost|p1a: Mano Lombra|spa|1\n|-boost|p1a: Mano Lombra|spd|1\n|\n|upkeep\n|turn|31\n|-activate|p1a: Mano Lombra|ability: Quick Draw\n|\n|t:|1698533962\n|switch|p2a: PoTHEdraginWarrior|Urshifu, F|100\/100\n|move|p1a: Mano Lombra|Stored Power|p2a: PoTHEdraginWarrior\n|-immune|p2a: PoTHEdraginWarrior\n|\n|upkeep\n|turn|32\n|inactive|CarnateRiseXD136 has 60 seconds left.\n|\n|t:|1698533969\n|switch|p2a: Shadow|Calyrex-Shadow|43\/100\n|-ability|p2a: Shadow|As One\n|-ability|p2a: Shadow|Unnerve\n|move|p1a: Mano Lombra|Tera Blast|p2a: Shadow\n|-immune|p2a: Shadow\n|\n|upkeep\n|turn|33\n|c|\u2606CarnateRiseXD136|they all have attacking moves\n|inactive|CarnateRiseXD136 has 60 seconds left.\n|c|\u2606CarnateRiseXD136|use tera blast next\n|\n|t:|1698533983\n|switch|p2a: PoTHEdraginWarrior|Urshifu, F|100\/100\n|move|p1a: Mano Lombra|Tera Blast|p2a: PoTHEdraginWarrior\n|-damage|p2a: PoTHEdraginWarrior|0 fnt\n|faint|p2a: PoTHEdraginWarrior\n|\n|upkeep\n|c|\u2606Tinen|ok\n|inactive|CarnateRiseXD136 has 60 seconds left.\n|\n|t:|1698533995\n|switch|p2a: Shadow|Calyrex-Shadow|43\/100\n|-ability|p2a: Shadow|As One\n|-ability|p2a: Shadow|Unnerve\n|turn|34\n|inactive|CarnateRiseXD136 has 60 seconds left.\n|\n|t:|1698534001\n|switch|p2a: Last Breath Sans|Kingambit, F|100\/100\n|-activate|p2a: Last Breath Sans|ability: Supreme Overlord\n|-start|p2a: Last Breath Sans|fallen4|[silent]\n|move|p1a: Mano Lombra|Tera Blast|p2a: Last Breath Sans\n|-resisted|p2a: Last Breath Sans\n|-damage|p2a: Last Breath Sans|68\/100\n|\n|upkeep\n|turn|35\n|inactive|CarnateRiseXD136 has 60 seconds left.\n|c|\u2606CarnateRiseXD136|lemmie see if u live this\n|\n|t:|1698534018\n|-end|p2a: Last Breath Sans|fallen4|[silent]\n|switch|p2a: Shadow|Calyrex-Shadow|43\/100\n|-ability|p2a: Shadow|As One\n|-ability|p2a: Shadow|Unnerve\n|move|p1a: Mano Lombra|Tera Blast|p2a: Shadow\n|-immune|p2a: Shadow\n|\n|upkeep\n|turn|36\n|inactive|CarnateRiseXD136 has 60 seconds left.\n|\n|t:|1698534027\n|switch|p2a: Last Breath Sans|Kingambit, F|68\/100\n|-activate|p2a: Last Breath Sans|ability: Supreme Overlord\n|-start|p2a: Last Breath Sans|fallen4|[silent]\n|move|p1a: Mano Lombra|Stored Power|p2a: Last Breath Sans\n|-immune|p2a: Last Breath Sans\n|\n|upkeep\n|turn|37\n|\n|t:|1698534034\n|-end|p2a: Last Breath Sans|fallen4|[silent]\n|switch|p2a: Shadow|Calyrex-Shadow|43\/100\n|-ability|p2a: Shadow|As One\n|-ability|p2a: Shadow|Unnerve\n|move|p1a: Mano Lombra|Stored Power|p2a: Shadow\n|-resisted|p2a: Shadow\n|-damage|p2a: Shadow|0 fnt\n|faint|p2a: Shadow\n|\n|upkeep\n|\n|t:|1698534043\n|switch|p2a: Last Breath Sans|Kingambit, F|68\/100\n|-activate|p2a: Last Breath Sans|ability: Supreme Overlord\n|-start|p2a: Last Breath Sans|fallen5|[silent]\n|turn|38\n|-activate|p1a: Mano Lombra|ability: Quick Draw\n|\n|t:|1698534049\n|move|p1a: Mano Lombra|Tera Blast|p2a: Last Breath Sans\n|-resisted|p2a: Last Breath Sans\n|-damage|p2a: Last Breath Sans|33\/100\n|move|p2a: Last Breath Sans|X-Scissor|p1a: Mano Lombra\n|-damage|p1a: Mano Lombra|0 fnt\n|faint|p1a: Mano Lombra\n|\n|win|CarnateRiseXD136\n|raw|Tinen's rating: 1128 &rarr; <strong>1104<\/strong><br \/>(-24 for losing)\n|raw|CarnateRiseXD136's rating: 1144 &rarr; <strong>1168<\/strong><br \/>(+24 for winning)\n|c|\u2606CarnateRiseXD136|sorry all i had were attacks\n|c|\u2606Tinen|relax\n","uploadtime":1698534079,"views":11,"p1id":"tinen","p2id":"carnaterisexd136","formatid":"gen9anythinggoes","rating":1104,"private":0,"password":""}