{"id":"gen9anythinggoes-1976403946","p1":"el-da clown","p2":"TheJesterJames","format":"[Gen 9] Anything Goes","log":"|j|\u2606el-da clown\n|j|\u2606TheJesterJames\n|t:|1698297464\n|gametype|singles\n|player|p1|el-da clown|harlequin|1021\n|player|p2|TheJesterJames|clown|1140\n|teamsize|p1|2\n|teamsize|p2|6\n|gen|9\n|tier|[Gen 9] Anything Goes\n|rated|\n|rule|HP Percentage Mod: HP is shown in percentages\n|rule|Endless Battle Clause: Forcing endless battles is banned\n|clearpoke\n|poke|p1|Hawlucha, M|\n|poke|p1|Hawlucha, M|\n|poke|p2|Espathra, F|\n|poke|p2|Ursaluna, M|\n|poke|p2|Cinderace, M|\n|poke|p2|Krookodile, M|\n|poke|p2|Calyrex-Shadow|\n|poke|p2|Zacian-*|\n|teampreview\n|inactive|Battle timer is ON: inactive players will automatically lose when time's up. (requested by el-da clown)\n|c|\u2606TheJesterJames|Hey brother\n|\n|t:|1698297484\n|start\n|switch|p1a: Lucha|Hawlucha, M|100\/100\n|switch|p2a: Freddy|Ursaluna, M|100\/100\n|turn|1\n|\n|t:|1698297490\n|move|p1a: Lucha|Hone Claws|p1a: Lucha\n|-boost|p1a: Lucha|atk|1\n|-boost|p1a: Lucha|accuracy|1\n|move|p2a: Freddy|Bulk Up|p2a: Freddy\n|-boost|p2a: Freddy|atk|1\n|-boost|p2a: Freddy|def|1\n|\n|-status|p2a: Freddy|brn|[from] item: Flame Orb\n|upkeep\n|turn|2\n|\n|t:|1698297498\n|move|p1a: Lucha|High Jump Kick|p2a: Freddy\n|-supereffective|p2a: Freddy\n|-damage|p2a: Freddy|17\/100 brn\n|move|p2a: Freddy|Facade|p1a: Lucha\n|-damage|p1a: Lucha|0 fnt\n|faint|p1a: Lucha\n|\n|-damage|p2a: Freddy|11\/100 brn|[from] brn\n|upkeep\n|\n|t:|1698297504\n|switch|p1a: Mucha|Hawlucha, M, shiny|100\/100\n|turn|3\n|\n|t:|1698297508\n|move|p1a: Mucha|Flying Press|p2a: Freddy\n|-supereffective|p2a: Freddy\n|-damage|p2a: Freddy|0 fnt\n|faint|p2a: Freddy\n|\n|upkeep\n|\n|t:|1698297515\n|switch|p2a: Monty|Krookodile, M|100\/100\n|-ability|p2a: Monty|Intimidate|boost\n|-unboost|p1a: Mucha|atk|1\n|turn|4\n|\n|t:|1698297524\n|-terastallize|p1a: Mucha|Flying\n|move|p1a: Mucha|Endure|p1a: Mucha\n|-singleturn|p1a: Mucha|move: Endure\n|move|p2a: Monty|Bulk Up|p2a: Monty\n|-boost|p2a: Monty|atk|1\n|-boost|p2a: Monty|def|1\n|\n|upkeep\n|turn|5\n|\n|t:|1698297531\n|move|p1a: Mucha|Endure||[still]\n|-fail|p1a: Mucha\n|move|p2a: Monty|Bulk Up|p2a: Monty\n|-boost|p2a: Monty|atk|1\n|-boost|p2a: Monty|def|1\n|\n|upkeep\n|turn|6\n|\n|t:|1698297539\n|move|p1a: Mucha|Flying Press|p2a: Monty\n|-supereffective|p2a: Monty\n|-damage|p2a: Monty|64\/100\n|move|p2a: Monty|Scale Shot|p1a: Mucha\n|-damage|p1a: Mucha|78\/100\n|-damage|p1a: Mucha|56\/100\n|-damage|p1a: Mucha|32\/100\n|-damage|p1a: Mucha|7\/100\n|-damage|p1a: Mucha|0 fnt\n|faint|p1a: Mucha\n|-hitcount|p1: Mucha|5\n|\n|win|TheJesterJames\n|raw|el-da clown's rating: 1021 &rarr; <strong>1012<\/strong><br \/>(-9 for losing)\n|raw|TheJesterJames's rating: 1140 &rarr; <strong>1157<\/strong><br \/>(+17 for winning)\n|l|\u2606el-da clown\n","uploadtime":1698297578,"views":17,"p1id":"eldaclown","p2id":"thejesterjames","formatid":"gen9anythinggoes","rating":1012,"private":0,"password":""}