{"id":"gen9anythinggoes-1977118096","p1":"RndmPrsn122","p2":"Noshadehoe","format":"[Gen 9] Anything Goes","log":"|j|\u2606RndmPrsn122\n|j|\u2606Noshadehoe\n|t:|1698373582\n|gametype|singles\n|player|p1|RndmPrsn122|169|1170\n|player|p2|Noshadehoe|plasmagrunt|1095\n|teamsize|p1|6\n|teamsize|p2|6\n|gen|9\n|tier|[Gen 9] Anything Goes\n|rated|\n|rule|HP Percentage Mod: HP is shown in percentages\n|rule|Endless Battle Clause: Forcing endless battles is banned\n|clearpoke\n|poke|p1|Mewtwo|\n|poke|p1|Zacian-*|\n|poke|p1|Rayquaza|\n|poke|p1|Kyogre|\n|poke|p1|Volcarona, F|\n|poke|p1|Tyranitar, M|\n|poke|p2|Hatterene, F|\n|poke|p2|Baxcalibur, M|\n|poke|p2|Kingambit, F|\n|poke|p2|Skeledirge, F|\n|poke|p2|Gliscor, M|\n|poke|p2|Toedscruel, F|\n|teampreview\n|inactive|Battle timer is ON: inactive players will automatically lose when time's up. (requested by Noshadehoe)\n|\n|t:|1698373588\n|start\n|switch|p1a: Mewtwo|Mewtwo, shiny|100\/100\n|switch|p2a: Toedscruel|Toedscruel, F|100\/100\n|-ability|p1a: Mewtwo|Pressure\n|turn|1\n|c|\u2606Noshadehoe|lol\n|\n|t:|1698373597\n|move|p1a: Mewtwo|Fire Blast|p2a: Toedscruel\n|-supereffective|p2a: Toedscruel\n|-enditem|p2a: Toedscruel|Focus Sash\n|-damage|p2a: Toedscruel|1\/100\n|-damage|p1a: Mewtwo|91\/100|[from] item: Life Orb\n|move|p2a: Toedscruel|Spore|p1a: Mewtwo\n|-status|p1a: Mewtwo|slp|[from] move: Spore\n|\n|upkeep\n|turn|2\n|\n|t:|1698373608\n|switch|p1a: Rayquaza|Rayquaza, shiny|100\/100\n|-ability|p1a: Rayquaza|Air Lock\n|move|p2a: Toedscruel|Spikes|p1a: Rayquaza\n|-sidestart|p1: RndmPrsn122|Spikes\n|\n|upkeep\n|turn|3\n|\n|t:|1698373617\n|move|p1a: Rayquaza|Extreme Speed|p2a: Toedscruel\n|-damage|p2a: Toedscruel|0 fnt\n|faint|p2a: Toedscruel\n|-damage|p1a: Rayquaza|91\/100|[from] item: Life Orb\n|\n|upkeep\n|\n|t:|1698373624\n|switch|p2a: Skeledirge|Skeledirge, F|100\/100\n|turn|4\n|\n|t:|1698373640\n|move|p1a: Rayquaza|Dragon Ascent|p2a: Skeledirge\n|-damage|p2a: Skeledirge|19\/100\n|-unboost|p1a: Rayquaza|def|1\n|-unboost|p1a: Rayquaza|spd|1\n|-damage|p1a: Rayquaza|81\/100|[from] item: Life Orb\n|move|p2a: Skeledirge|Will-O-Wisp|p1a: Rayquaza\n|-status|p1a: Rayquaza|brn\n|\n|-damage|p1a: Rayquaza|75\/100 brn|[from] brn\n|upkeep\n|turn|5\n|\n|t:|1698373653\n|switch|p2a: Hatterene|Hatterene, F|100\/100\n|move|p1a: Rayquaza|Extreme Speed|p2a: Hatterene\n|-damage|p2a: Hatterene|85\/100\n|-damage|p1a: Rayquaza|65\/100 brn|[from] item: Life Orb\n|\n|-heal|p2a: Hatterene|91\/100|[from] item: Leftovers\n|-damage|p1a: Rayquaza|59\/100 brn|[from] brn\n|upkeep\n|turn|6\n|\n|t:|1698373671\n|move|p1a: Rayquaza|Dragon Ascent|p2a: Hatterene\n|-crit|p2a: Hatterene\n|-damage|p2a: Hatterene|34\/100\n|-unboost|p1a: Rayquaza|def|1\n|-unboost|p1a: Rayquaza|spd|1\n|-damage|p1a: Rayquaza|49\/100 brn|[from] item: Life Orb\n|move|p2a: Hatterene|Mystical Fire|p1a: Rayquaza\n|-resisted|p1a: Rayquaza\n|-damage|p1a: Rayquaza|27\/100 brn\n|-unboost|p1a: Rayquaza|spa|1\n|\n|-heal|p2a: Hatterene|40\/100|[from] item: Leftovers\n|-damage|p1a: Rayquaza|21\/100 brn|[from] brn\n|upkeep\n|turn|7\n|\n|t:|1698373685\n|switch|p2a: Gliscor|Gliscor, M|100\/100\n|move|p1a: Rayquaza|Dragon Ascent|p2a: Gliscor\n|-damage|p2a: Gliscor|63\/100\n|-unboost|p1a: Rayquaza|def|1\n|-unboost|p1a: Rayquaza|spd|1\n|-damage|p1a: Rayquaza|11\/100 brn|[from] item: Life Orb\n|\n|-damage|p1a: Rayquaza|5\/100 brn|[from] brn\n|-status|p2a: Gliscor|tox|[from] item: Toxic Orb\n|upkeep\n|turn|8\n|\n|t:|1698373697\n|move|p2a: Gliscor|Protect|p2a: Gliscor\n|-singleturn|p2a: Gliscor|Protect\n|move|p1a: Rayquaza|Stone Edge|p2a: Gliscor\n|-activate|p2a: Gliscor|move: Protect\n|\n|-heal|p2a: Gliscor|75\/100 tox|[from] ability: Poison Heal\n|-damage|p1a: Rayquaza|0 fnt|[from] brn\n|faint|p1a: Rayquaza\n|upkeep\n|\n|t:|1698373708\n|switch|p1a: Mewtwo|Mewtwo, shiny|91\/100 slp\n|-damage|p1a: Mewtwo|78\/100 slp|[from] Spikes\n|-ability|p1a: Mewtwo|Pressure\n|turn|9\n|\n|t:|1698373729\n|cant|p1a: Mewtwo|slp\n|move|p2a: Gliscor|Earthquake|p1a: Mewtwo\n|-damage|p1a: Mewtwo|45\/100 slp\n|\n|-heal|p2a: Gliscor|88\/100 tox|[from] ability: Poison Heal\n|upkeep\n|turn|10\n|\n|t:|1698373737\n|cant|p1a: Mewtwo|slp\n|move|p2a: Gliscor|Earthquake|p1a: Mewtwo\n|-damage|p1a: Mewtwo|12\/100 slp\n|\n|-heal|p2a: Gliscor|99\/100 tox|[from] ability: Poison Heal\n|upkeep\n|turn|11\n|\n|t:|1698373748\n|cant|p1a: Mewtwo|slp\n|move|p2a: Gliscor|Earthquake|p1a: Mewtwo\n|-damage|p1a: Mewtwo|0 fnt\n|faint|p1a: Mewtwo\n|\n|-heal|p2a: Gliscor|100\/100 tox|[from] ability: Poison Heal\n|upkeep\n|\n|t:|1698373759\n|switch|p1a: Kyogre|Kyogre, shiny|100\/100\n|-damage|p1a: Kyogre|88\/100|[from] Spikes\n|-weather|RainDance|[from] ability: Drizzle|[of] p1a: Kyogre\n|turn|12\n|\n|t:|1698373767\n|-terastallize|p2a: Gliscor|Water\n|move|p1a: Kyogre|Ice Beam|p2a: Gliscor\n|-resisted|p2a: Gliscor\n|-damage|p2a: Gliscor|87\/100 tox\n|move|p2a: Gliscor|Toxic|p1a: Kyogre|[miss]\n|-miss|p2a: Gliscor|p1a: Kyogre\n|\n|-weather|RainDance|[upkeep]\n|-heal|p1a: Kyogre|94\/100|[from] item: Leftovers\n|-heal|p2a: Gliscor|99\/100 tox|[from] ability: Poison Heal\n|upkeep\n|turn|13\n|\n|t:|1698373780\n|switch|p2a: Skeledirge|Skeledirge, F|19\/100\n|move|p1a: Kyogre|Thunderbolt|p2a: Skeledirge\n|-damage|p2a: Skeledirge|0 fnt\n|faint|p2a: Skeledirge\n|\n|-weather|RainDance|[upkeep]\n|-heal|p1a: Kyogre|100\/100|[from] item: Leftovers\n|upkeep\n|\n|t:|1698373791\n|switch|p2a: Baxcalibur|Baxcalibur, M|100\/100\n|turn|14\n|\n|t:|1698373794\n|move|p1a: Kyogre|Ice Beam|p2a: Baxcalibur\n|-damage|p2a: Baxcalibur|64\/100\n|move|p2a: Baxcalibur|Dragon Dance|p2a: Baxcalibur\n|-boost|p2a: Baxcalibur|atk|1\n|-boost|p2a: Baxcalibur|spe|1\n|\n|-weather|RainDance|[upkeep]\n|upkeep\n|turn|15\n|\n|t:|1698373803\n|move|p2a: Baxcalibur|Glaive Rush|p1a: Kyogre\n|-damage|p1a: Kyogre|0 fnt\n|-singlemove|p2a: Baxcalibur|Glaive Rush|[silent]\n|faint|p1a: Kyogre\n|\n|-weather|RainDance|[upkeep]\n|upkeep\n|\n|t:|1698373811\n|switch|p1a: Zacian|Zacian-Crowned, shiny|100\/100\n|-damage|p1a: Zacian|88\/100|[from] Spikes\n|-ability|p1a: Zacian|Intrepid Sword|boost\n|-boost|p1a: Zacian|atk|1\n|turn|16\n|\n|t:|1698373819\n|switch|p2a: Hatterene|Hatterene, F|40\/100\n|move|p1a: Zacian|Moonblast|p2a: Hatterene\n|-crit|p2a: Hatterene\n|-damage|p2a: Hatterene|0 fnt\n|faint|p2a: Hatterene\n|\n|-weather|none\n|upkeep\n|\n|t:|1698373825\n|switch|p2a: Gliscor|Gliscor, M, tera:Water|99\/100 tox\n|turn|17\n|\n|t:|1698373833\n|move|p1a: Zacian|Behemoth Blade|p2a: Gliscor\n|-resisted|p2a: Gliscor\n|-damage|p2a: Gliscor|67\/100 tox\n|move|p2a: Gliscor|Earthquake|p1a: Zacian\n|-supereffective|p1a: Zacian\n|-damage|p1a: Zacian|24\/100\n|\n|-heal|p2a: Gliscor|80\/100 tox|[from] ability: Poison Heal\n|upkeep\n|turn|18\n|\n|t:|1698373848\n|switch|p1a: Tyranitar|Tyranitar, M, shiny|100\/100\n|-damage|p1a: Tyranitar|88\/100|[from] Spikes\n|-weather|Sandstorm|[from] ability: Sand Stream|[of] p1a: Tyranitar\n|move|p2a: Gliscor|Protect||[still]\n|-fail|p2a: Gliscor\n|\n|-weather|Sandstorm|[upkeep]\n|-damage|p2a: Gliscor|74\/100 tox|[from] Sandstorm\n|-heal|p2a: Gliscor|86\/100 tox|[from] ability: Poison Heal\n|upkeep\n|turn|19\n|\n|t:|1698373862\n|move|p2a: Gliscor|Toxic|p1a: Tyranitar\n|-status|p1a: Tyranitar|tox\n|move|p1a: Tyranitar|Stone Edge|p2a: Gliscor\n|-damage|p2a: Gliscor|24\/100 tox\n|-damage|p1a: Tyranitar|78\/100 tox|[from] item: Life Orb\n|\n|-weather|Sandstorm|[upkeep]\n|-damage|p2a: Gliscor|17\/100 tox|[from] Sandstorm\n|-heal|p2a: Gliscor|30\/100 tox|[from] ability: Poison Heal\n|-damage|p1a: Tyranitar|72\/100 tox|[from] psn\n|upkeep\n|turn|20\n|\n|t:|1698373877\n|move|p2a: Gliscor|Protect|p2a: Gliscor\n|-singleturn|p2a: Gliscor|Protect\n|move|p1a: Tyranitar|Crunch|p2a: Gliscor\n|-activate|p2a: Gliscor|move: Protect\n|\n|-weather|Sandstorm|[upkeep]\n|-damage|p2a: Gliscor|24\/100 tox|[from] Sandstorm\n|-heal|p2a: Gliscor|36\/100 tox|[from] ability: Poison Heal\n|-damage|p1a: Tyranitar|60\/100 tox|[from] psn\n|upkeep\n|turn|21\n|\n|t:|1698373888\n|switch|p2a: Kingambit|Kingambit, F|100\/100\n|-activate|p2a: Kingambit|ability: Supreme Overlord\n|-start|p2a: Kingambit|fallen3|[silent]\n|move|p1a: Tyranitar|Crunch|p2a: Kingambit\n|-resisted|p2a: Kingambit\n|-damage|p2a: Kingambit|77\/100\n|-damage|p1a: Tyranitar|50\/100 tox|[from] item: Life Orb\n|\n|-weather|Sandstorm|[upkeep]\n|-damage|p1a: Tyranitar|31\/100 tox|[from] psn\n|upkeep\n|turn|22\n|\n|t:|1698373901\n|move|p2a: Kingambit|Sucker Punch|p1a: Tyranitar\n|-resisted|p1a: Tyranitar\n|-damage|p1a: Tyranitar|8\/100 tox\n|move|p1a: Tyranitar|Earthquake|p2a: Kingambit\n|-supereffective|p2a: Kingambit\n|-damage|p2a: Kingambit|2\/100\n|-damage|p1a: Tyranitar|0 fnt|[from] item: Life Orb\n|faint|p1a: Tyranitar\n|\n|-weather|none\n|upkeep\n|\n|t:|1698373911\n|switch|p1a: Volcarona|Volcarona, F, shiny|100\/100\n|-damage|p1a: Volcarona|88\/100|[from] Spikes\n|turn|23\n|\n|t:|1698373919\n|move|p1a: Volcarona|Heat Wave|p2a: Kingambit\n|-supereffective|p2a: Kingambit\n|-damage|p2a: Kingambit|0 fnt\n|faint|p2a: Kingambit\n|-end|p2a: Kingambit|fallen3|[silent]\n|\n|upkeep\n|\n|t:|1698373922\n|switch|p2a: Gliscor|Gliscor, M, tera:Water|36\/100 tox\n|turn|24\n|\n|t:|1698373927\n|move|p2a: Gliscor|Protect|p2a: Gliscor\n|-singleturn|p2a: Gliscor|Protect\n|move|p1a: Volcarona|Giga Drain|p2a: Gliscor\n|-activate|p2a: Gliscor|move: Protect\n|\n|-heal|p2a: Gliscor|49\/100 tox|[from] ability: Poison Heal\n|upkeep\n|turn|25\n|\n|t:|1698373942\n|switch|p2a: Baxcalibur|Baxcalibur, M|64\/100\n|move|p1a: Volcarona|Giga Drain|p2a: Baxcalibur\n|-resisted|p2a: Baxcalibur\n|-damage|p2a: Baxcalibur|50\/100\n|-heal|p1a: Volcarona|97\/100|[from] drain|[of] p2a: Baxcalibur\n|\n|upkeep\n|turn|26\n|\n|t:|1698373952\n|move|p1a: Volcarona|Bug Buzz|p2a: Baxcalibur\n|-damage|p2a: Baxcalibur|0 fnt\n|faint|p2a: Baxcalibur\n|\n|upkeep\n|\n|t:|1698373954\n|switch|p2a: Gliscor|Gliscor, M, tera:Water|49\/100 tox\n|turn|27\n|\n|t:|1698373959\n|move|p2a: Gliscor|Protect|p2a: Gliscor\n|-singleturn|p2a: Gliscor|Protect\n|move|p1a: Volcarona|Giga Drain|p2a: Gliscor\n|-activate|p2a: Gliscor|move: Protect\n|\n|-heal|p2a: Gliscor|61\/100 tox|[from] ability: Poison Heal\n|upkeep\n|turn|28\n|-activate|p1a: Volcarona|item: Quick Claw\n|\n|t:|1698373967\n|move|p1a: Volcarona|Giga Drain|p2a: Gliscor\n|-supereffective|p2a: Gliscor\n|-damage|p2a: Gliscor|16\/100 tox\n|-heal|p1a: Volcarona|100\/100|[from] drain|[of] p2a: Gliscor\n|move|p2a: Gliscor|Toxic|p1a: Volcarona\n|-status|p1a: Volcarona|tox\n|\n|-damage|p1a: Volcarona|94\/100 tox|[from] psn\n|-heal|p2a: Gliscor|28\/100 tox|[from] ability: Poison Heal\n|upkeep\n|turn|29\n|\n|t:|1698373979\n|move|p2a: Gliscor|Protect|p2a: Gliscor\n|-singleturn|p2a: Gliscor|Protect\n|move|p1a: Volcarona|Giga Drain|p2a: Gliscor\n|-activate|p2a: Gliscor|move: Protect\n|\n|-damage|p1a: Volcarona|82\/100 tox|[from] psn\n|-heal|p2a: Gliscor|41\/100 tox|[from] ability: Poison Heal\n|upkeep\n|turn|30\n|\n|t:|1698373991\n|move|p2a: Gliscor|Protect|p2a: Gliscor\n|-singleturn|p2a: Gliscor|Protect\n|move|p1a: Volcarona|Giga Drain|p2a: Gliscor\n|-activate|p2a: Gliscor|move: Protect\n|\n|-damage|p1a: Volcarona|64\/100 tox|[from] psn\n|-heal|p2a: Gliscor|53\/100 tox|[from] ability: Poison Heal\n|upkeep\n|turn|31\n|\n|t:|1698374000\n|move|p1a: Volcarona|Giga Drain|p2a: Gliscor\n|-supereffective|p2a: Gliscor\n|-damage|p2a: Gliscor|4\/100 tox\n|-heal|p1a: Volcarona|91\/100 tox|[from] drain|[of] p2a: Gliscor\n|move|p2a: Gliscor|Earthquake|p1a: Volcarona\n|-damage|p1a: Volcarona|38\/100 tox\n|\n|-damage|p1a: Volcarona|14\/100 tox|[from] psn\n|-heal|p2a: Gliscor|17\/100 tox|[from] ability: Poison Heal\n|upkeep\n|turn|32\n|-activate|p1a: Volcarona|item: Quick Claw\n|\n|t:|1698374011\n|move|p2a: Gliscor|Protect|p2a: Gliscor\n|-singleturn|p2a: Gliscor|Protect\n|move|p1a: Volcarona|Giga Drain|p2a: Gliscor\n|-activate|p2a: Gliscor|move: Protect\n|\n|-damage|p1a: Volcarona|0 fnt|[from] psn\n|faint|p1a: Volcarona\n|-heal|p2a: Gliscor|29\/100 tox|[from] ability: Poison Heal\n|upkeep\n|\n|t:|1698374023\n|switch|p1a: Zacian|Zacian-Crowned, shiny|24\/100\n|-damage|p1a: Zacian|11\/100|[from] Spikes\n|turn|33\n|\n|t:|1698374033\n|move|p1a: Zacian|Behemoth Blade|p2a: Gliscor\n|-resisted|p2a: Gliscor\n|-damage|p2a: Gliscor|5\/100 tox\n|move|p2a: Gliscor|Earthquake|p1a: Zacian\n|-supereffective|p1a: Zacian\n|-damage|p1a: Zacian|0 fnt\n|faint|p1a: Zacian\n|\n|win|Noshadehoe\n|raw|RndmPrsn122's rating: 1170 &rarr; <strong>1140<\/strong><br \/>(-30 for losing)\n|raw|Noshadehoe's rating: 1095 &rarr; <strong>1126<\/strong><br \/>(+31 for winning)\n|l|\u2606RndmPrsn122\n|c|\u2606Noshadehoe|Omg ate\n|l|\u2606Noshadehoe\n|j|\u2606Noshadehoe\n|player|p2|Noshadehoe|plasmagrunt\n","uploadtime":1698374410,"views":11,"p1id":"rndmprsn122","p2id":"noshadehoe","formatid":"gen9anythinggoes","rating":1126,"private":0,"password":""}