{"id":"gen9anythinggoes-1994266556","p1":"EJ12345","p2":"derfbez","format":"[Gen 9] Anything Goes","log":"|j|\u2606EJ12345\n|j|\u2606derfbez\n|t:|1700425143\n|gametype|singles\n|player|p1|EJ12345|2|\n|player|p2|derfbez|volkner|\n|teamsize|p1|6\n|teamsize|p2|6\n|gen|9\n|tier|[Gen 9] Anything Goes\n|rule|HP Percentage Mod: HP is shown in percentages\n|rule|Endless Battle Clause: Forcing endless battles is banned\n|clearpoke\n|poke|p1|Kingambit, F|\n|poke|p1|Volcanion|\n|poke|p1|Pelipper, F|\n|poke|p1|Basculegion-F, F|\n|poke|p1|Overqwil, M|\n|poke|p1|Eelektross, M|\n|poke|p2|Mew|\n|poke|p2|Goodra, F|\n|poke|p2|Ludicolo, M|\n|poke|p2|Politoed, M|\n|poke|p2|Dugtrio-Alola, F|\n|poke|p2|Falinks|\n|teampreview\n|\n|t:|1700425186\n|start\n|switch|p1a: Volcanion|Volcanion|100\/100\n|switch|p2a: Mew|Mew|100\/100\n|turn|1\n|\n|t:|1700425202\n|move|p2a: Mew|Earthquake|p1a: Volcanion\n|-supereffective|p1a: Volcanion\n|-damage|p1a: Volcanion|61\/100\n|move|p1a: Volcanion|Sludge Bomb|p2a: Mew\n|-damage|p2a: Mew|71\/100\n|\n|-heal|p2a: Mew|77\/100|[from] item: Leftovers\n|upkeep\n|turn|2\n|\n|t:|1700425223\n|move|p2a: Mew|Zen Headbutt|p1a: Volcanion\n|-damage|p1a: Volcanion|35\/100\n|cant|p1a: Volcanion|flinch\n|\n|-heal|p2a: Mew|83\/100|[from] item: Leftovers\n|upkeep\n|turn|3\n|\n|t:|1700425230\n|move|p2a: Mew|Earthquake|p1a: Volcanion\n|-supereffective|p1a: Volcanion\n|-damage|p1a: Volcanion|0 fnt\n|faint|p1a: Volcanion\n|\n|-heal|p2a: Mew|90\/100|[from] item: Leftovers\n|upkeep\n|\n|t:|1700425241\n|switch|p1a: Pelipper|Pelipper, F|100\/100\n|-weather|RainDance|[from] ability: Drizzle|[of] p1a: Pelipper\n|turn|4\n|\n|t:|1700425248\n|move|p2a: Mew|Thunder|p1a: Pelipper\n|-supereffective|p1a: Pelipper\n|-damage|p1a: Pelipper|0 fnt\n|faint|p1a: Pelipper\n|\n|-weather|RainDance|[upkeep]\n|-heal|p2a: Mew|96\/100|[from] item: Leftovers\n|upkeep\n|\n|t:|1700425256\n|switch|p1a: Basculegion|Basculegion-F, F|100\/100\n|turn|5\n|\n|t:|1700425266\n|move|p1a: Basculegion|Ice Beam|p2a: Mew\n|-damage|p2a: Mew|58\/100\n|-status|p2a: Mew|frz\n|cant|p2a: Mew|frz\n|\n|-weather|RainDance|[upkeep]\n|-heal|p2a: Mew|64\/100 frz|[from] item: Leftovers\n|upkeep\n|turn|6\n|\n|t:|1700425300\n|switch|p2a: Ludicolo|Ludicolo, M|100\/100\n|move|p1a: Basculegion|Ice Beam|p2a: Ludicolo\n|-damage|p2a: Ludicolo|61\/100\n|\n|-weather|RainDance|[upkeep]\n|-heal|p2a: Ludicolo|68\/100|[from] ability: Rain Dish\n|upkeep\n|turn|7\n|\n|t:|1700425307\n|move|p1a: Basculegion|Ice Beam|p2a: Ludicolo\n|-damage|p2a: Ludicolo|28\/100\n|move|p2a: Ludicolo|Giga Drain|p1a: Basculegion\n|-supereffective|p1a: Basculegion\n|-damage|p1a: Basculegion|23\/100\n|-heal|p2a: Ludicolo|69\/100|[from] drain|[of] p1a: Basculegion\n|-heal|p2a: Ludicolo|79\/100|[from] item: Shell Bell|[of] p1a: Basculegion\n|\n|-weather|RainDance|[upkeep]\n|-heal|p2a: Ludicolo|85\/100|[from] ability: Rain Dish\n|upkeep\n|turn|8\n|\n|t:|1700425324\n|move|p1a: Basculegion|Ice Beam|p2a: Ludicolo\n|-damage|p2a: Ludicolo|42\/100\n|move|p2a: Ludicolo|Weather Ball|p1a: Basculegion\n|-resisted|p1a: Basculegion\n|-crit|p1a: Basculegion\n|-damage|p1a: Basculegion|0 fnt\n|faint|p1a: Basculegion\n|-heal|p2a: Ludicolo|45\/100|[from] item: Shell Bell|[of] p1: Basculegion\n|\n|-weather|RainDance|[upkeep]\n|-heal|p2a: Ludicolo|51\/100|[from] ability: Rain Dish\n|upkeep\n|\n|t:|1700425338\n|switch|p1a: Overqwil|Overqwil, M|100\/100\n|turn|9\n|\n|t:|1700425344\n|-terastallize|p2a: Ludicolo|Ground\n|move|p1a: Overqwil|Barb Barrage|p2a: Ludicolo\n|-resisted|p2a: Ludicolo\n|-damage|p2a: Ludicolo|33\/100\n|move|p2a: Ludicolo|Tera Blast|p1a: Overqwil|[anim] Tera Blast Ground\n|-supereffective|p1a: Overqwil\n|-damage|p1a: Overqwil|0 fnt\n|faint|p1a: Overqwil\n|-heal|p2a: Ludicolo|44\/100|[from] item: Shell Bell|[of] p1: Overqwil\n|\n|-weather|RainDance|[upkeep]\n|-heal|p2a: Ludicolo|50\/100|[from] ability: Rain Dish\n|upkeep\n|\n|t:|1700425363\n|switch|p1a: Eelektross|Eelektross, M|100\/100\n|turn|10\n|\n|t:|1700425372\n|move|p2a: Ludicolo|Substitute|p2a: Ludicolo\n|-start|p2a: Ludicolo|Substitute\n|-damage|p2a: Ludicolo|25\/100\n|move|p1a: Eelektross|Giga Drain|p2a: Ludicolo\n|-supereffective|p2a: Ludicolo\n|-end|p2a: Ludicolo|Substitute\n|\n|-weather|RainDance|[upkeep]\n|-heal|p2a: Ludicolo|31\/100|[from] ability: Rain Dish\n|upkeep\n|turn|11\n|\n|t:|1700425379\n|move|p2a: Ludicolo|Giga Drain|p1a: Eelektross\n|-damage|p1a: Eelektross|78\/100\n|-heal|p2a: Ludicolo|42\/100|[from] drain|[of] p1a: Eelektross\n|-heal|p2a: Ludicolo|45\/100|[from] item: Shell Bell|[of] p1a: Eelektross\n|move|p1a: Eelektross|Giga Drain|p2a: Ludicolo\n|-supereffective|p2a: Ludicolo\n|-damage|p2a: Ludicolo|0 fnt\n|-heal|p1a: Eelektross|99\/100|[from] drain|[of] p2a: Ludicolo\n|faint|p2a: Ludicolo\n|\n|-weather|none\n|upkeep\n|\n|t:|1700425400\n|switch|p2a: Dugtrio|Dugtrio-Alola, F|100\/100\n|turn|12\n|\n|t:|1700425417\n|move|p2a: Dugtrio|Shadow Claw|p1a: Eelektross\n|-damage|p1a: Eelektross|75\/100\n|move|p1a: Eelektross|Giga Drain|p2a: Dugtrio\n|-damage|p2a: Dugtrio|54\/100\n|-heal|p1a: Eelektross|90\/100|[from] drain|[of] p2a: Dugtrio\n|\n|upkeep\n|turn|13\n|\n|t:|1700425430\n|move|p2a: Dugtrio|Memento|p1a: Eelektross\n|-unboost|p1a: Eelektross|atk|2\n|-unboost|p1a: Eelektross|spa|2\n|faint|p2a: Dugtrio\n|move|p1a: Eelektross|Flamethrower|p2: Dugtrio|[notarget]\n|-fail|p1a: Eelektross\n|\n|upkeep\n|\n|t:|1700425444\n|switch|p2a: Goodra|Goodra, F|100\/100\n|turn|14\n|\n|t:|1700425457\n|move|p2a: Goodra|Scald|p1a: Eelektross\n|-damage|p1a: Eelektross|71\/100\n|-status|p1a: Eelektross|brn\n|move|p1a: Eelektross|Knock Off|p2a: Goodra\n|-damage|p2a: Goodra|92\/100\n|-enditem|p2a: Goodra|Assault Vest|[from] move: Knock Off|[of] p1a: Eelektross\n|\n|-damage|p1a: Eelektross|65\/100 brn|[from] brn\n|upkeep\n|turn|15\n|\n|t:|1700425469\n|move|p2a: Goodra|Draco Meteor|p1a: Eelektross\n|-damage|p1a: Eelektross|18\/100 brn\n|-unboost|p2a: Goodra|spa|2\n|move|p1a: Eelektross|Giga Drain|p2a: Goodra\n|-resisted|p2a: Goodra\n|-damage|p2a: Goodra|89\/100\n|-heal|p1a: Eelektross|20\/100 brn|[from] drain|[of] p2a: Goodra\n|\n|-damage|p1a: Eelektross|14\/100 brn|[from] brn\n|upkeep\n|turn|16\n|\n|t:|1700425486\n|switch|p2a: Falinks|Falinks|100\/100\n|move|p1a: Eelektross|Flamethrower|p2a: Falinks\n|-damage|p2a: Falinks|77\/100\n|\n|-damage|p1a: Eelektross|8\/100 brn|[from] brn\n|upkeep\n|turn|17\n|\n|t:|1700425496\n|move|p2a: Falinks|First Impression|p1a: Eelektross\n|-damage|p1a: Eelektross|0 fnt\n|faint|p1a: Eelektross\n|\n|upkeep\n|\n|t:|1700425501\n|switch|p1a: Kingambit|Kingambit, F|100\/100\n|-activate|p1a: Kingambit|ability: Supreme Overlord\n|-start|p1a: Kingambit|fallen5|[silent]\n|turn|18\n|\n|t:|1700425513\n|move|p2a: Falinks|No Retreat|p2a: Falinks\n|-boost|p2a: Falinks|atk|1\n|-boost|p2a: Falinks|def|1\n|-boost|p2a: Falinks|spa|1\n|-boost|p2a: Falinks|spd|1\n|-boost|p2a: Falinks|spe|1\n|-start|p2a: Falinks|move: No Retreat\n|move|p1a: Kingambit|Low Kick|p2a: Falinks\n|-damage|p2a: Falinks|45\/100\n|-enditem|p2a: Falinks|Sitrus Berry|[eat]\n|-heal|p2a: Falinks|70\/100|[from] item: Sitrus Berry\n|\n|upkeep\n|turn|19\n|\n|t:|1700425524\n|move|p1a: Kingambit|Sucker Punch|p2a: Falinks\n|-resisted|p2a: Falinks\n|-damage|p2a: Falinks|47\/100\n|move|p2a: Falinks|Close Combat|p1a: Kingambit\n|-supereffective|p1a: Kingambit\n|-damage|p1a: Kingambit|0 fnt\n|-unboost|p2a: Falinks|def|1\n|-unboost|p2a: Falinks|spd|1\n|faint|p1a: Kingambit\n|-end|p1a: Kingambit|fallen5|[silent]\n|\n|win|derfbez\n|l|\u2606EJ12345\n|c|\u2606derfbez|ggs\n","uploadtime":1700425542,"views":38,"p1id":"ej12345","p2id":"derfbez","formatid":"gen9anythinggoes","rating":0,"private":0,"password":""}