{"id":"gen9anythinggoes-1976833734","p1":"plushy10","p2":"ResurrectedDragon","format":"[Gen 9] Anything Goes","log":"|j|\u2606plushy10\n|j|\u2606ResurrectedDragon\n|t:|1698345046\n|gametype|singles\n|player|p1|plushy10|doubleteam|1000\n|player|p2|ResurrectedDragon|unknown|1057\n|teamsize|p1|6\n|teamsize|p2|6\n|gen|9\n|tier|[Gen 9] Anything Goes\n|rated|\n|rule|HP Percentage Mod: HP is shown in percentages\n|rule|Endless Battle Clause: Forcing endless battles is banned\n|clearpoke\n|poke|p1|Espathra, M|\n|poke|p1|Ursaluna-Bloodmoon, M|\n|poke|p1|Urshifu-*, F|\n|poke|p1|Magearna|\n|poke|p1|Garganacl, M|\n|poke|p1|Darkrai|\n|poke|p2|Scizor, F|\n|poke|p2|Chi-Yu|\n|poke|p2|Pelipper, F|\n|poke|p2|Garganacl, F|\n|poke|p2|Zacian-*|\n|poke|p2|Toxapex, F|\n|teampreview\n|\n|t:|1698345050\n|start\n|switch|p1a: Garganacl|Garganacl, M, shiny|100\/100\n|switch|p2a: Scizor|Scizor, F|100\/100\n|turn|1\n|\n|t:|1698345061\n|move|p2a: Scizor|Swords Dance|p2a: Scizor\n|-boost|p2a: Scizor|atk|2\n|move|p1a: Garganacl|Salt Cure|p2a: Scizor\n|-damage|p2a: Scizor|85\/100\n|-start|p2a: Scizor|Salt Cure\n|\n|-damage|p2a: Scizor|60\/100|[from] Salt Cure\n|upkeep\n|turn|2\n|\n|t:|1698345068\n|move|p1a: Garganacl|Protect|p1a: Garganacl\n|-singleturn|p1a: Garganacl|Protect\n|move|p2a: Scizor|Swords Dance|p2a: Scizor\n|-boost|p2a: Scizor|atk|2\n|\n|-damage|p2a: Scizor|35\/100|[from] Salt Cure\n|upkeep\n|turn|3\n|\n|t:|1698345080\n|switch|p1a: Ursaluna|Ursaluna-Bloodmoon, M|100\/100\n|move|p2a: Scizor|Baton Pass|p2a: Scizor\n|\n|t:|1698345084\n|switch|p2a: Zacian|Zacian-Crowned|100\/100|[from] Baton Pass\n|-ability|p2a: Zacian|Intrepid Sword|boost\n|-boost|p2a: Zacian|atk|1\n|\n|upkeep\n|turn|4\n|\n|t:|1698345092\n|move|p2a: Zacian|Sacred Sword|p1a: Ursaluna\n|-supereffective|p1a: Ursaluna\n|-damage|p1a: Ursaluna|0 fnt\n|faint|p1a: Ursaluna\n|\n|upkeep\n|inactive|Battle timer is ON: inactive players will automatically lose when time's up. (requested by plushy10)\n|\n|t:|1698345095\n|switch|p1a: Espathra|Espathra, M, shiny|100\/100\n|turn|5\n|\n|t:|1698345105\n|move|p2a: Zacian|Behemoth Blade|p1a: Espathra\n|-damage|p1a: Espathra|0 fnt\n|faint|p1a: Espathra\n|\n|upkeep\n|\n|t:|1698345110\n|switch|p1a: Magearna|Magearna|100\/100\n|turn|6\n|\n|t:|1698345116\n|move|p2a: Zacian|Trailblaze|p1a: Magearna\n|-resisted|p1a: Magearna\n|-crit|p1a: Magearna\n|-damage|p1a: Magearna|49\/100\n|-boost|p2a: Zacian|spe|1\n|move|p1a: Magearna|Substitute|p1a: Magearna\n|-start|p1a: Magearna|Substitute\n|-damage|p1a: Magearna|24\/100\n|-enditem|p1a: Magearna|Salac Berry|[eat]\n|-boost|p1a: Magearna|spe|1|[from] item: Salac Berry\n|\n|upkeep\n|turn|7\n|\n|t:|1698345125\n|move|p2a: Zacian|Trailblaze|p1a: Magearna\n|-resisted|p1a: Magearna\n|-end|p1a: Magearna|Substitute\n|-boost|p2a: Zacian|spe|1\n|move|p1a: Magearna|Calm Mind|p1a: Magearna\n|-boost|p1a: Magearna|spa|1\n|-boost|p1a: Magearna|spd|1\n|\n|upkeep\n|turn|8\n|\n|t:|1698345132\n|move|p2a: Zacian|Trailblaze|p1a: Magearna\n|-resisted|p1a: Magearna\n|-damage|p1a: Magearna|0 fnt\n|-boost|p2a: Zacian|spe|1\n|faint|p1a: Magearna\n|\n|upkeep\n|\n|t:|1698345136\n|switch|p1a: Garganacl|Garganacl, M, shiny|100\/100\n|turn|9\n|\n|t:|1698345141\n|-terastallize|p1a: Garganacl|Ghost\n|move|p1a: Garganacl|Protect|p1a: Garganacl\n|-singleturn|p1a: Garganacl|Protect\n|move|p2a: Zacian|Sacred Sword|p1a: Garganacl\n|-activate|p1a: Garganacl|move: Protect\n|\n|upkeep\n|turn|10\n|\n|t:|1698345148\n|move|p2a: Zacian|Play Rough|p1a: Garganacl\n|-damage|p1a: Garganacl|0 fnt\n|faint|p1a: Garganacl\n|\n|upkeep\n|\n|t:|1698345151\n|switch|p1a: Urshifu|Urshifu-Rapid-Strike, F|100\/100\n|turn|11\n|\n|t:|1698345159\n|move|p1a: Urshifu|Detect|p1a: Urshifu\n|-singleturn|p1a: Urshifu|Protect\n|move|p2a: Zacian|Play Rough|p1a: Urshifu\n|-activate|p1a: Urshifu|move: Protect\n|\n|upkeep\n|turn|12\n|\n|t:|1698345164\n|move|p2a: Zacian|Trailblaze|p1a: Urshifu\n|-supereffective|p1a: Urshifu\n|-damage|p1a: Urshifu|0 fnt\n|-boost|p2a: Zacian|spe|1\n|faint|p1a: Urshifu\n|\n|upkeep\n|\n|t:|1698345168\n|switch|p1a: Darkrai|Darkrai, shiny|100\/100\n|turn|13\n|\n|t:|1698345173\n|move|p2a: Zacian|Sacred Sword|p1a: Darkrai\n|-supereffective|p1a: Darkrai\n|-damage|p1a: Darkrai|0 fnt\n|faint|p1a: Darkrai\n|\n|win|ResurrectedDragon\n|raw|plushy10's rating: 1000 &rarr; <strong>1000<\/strong><br \/>(+0 for losing)\n|raw|ResurrectedDragon's rating: 1057 &rarr; <strong>1083<\/strong><br \/>(+26 for winning)\n|l|\u2606plushy10\n","uploadtime":1698345193,"views":10,"p1id":"plushy10","p2id":"resurrecteddragon","formatid":"gen9anythinggoes","rating":1000,"private":0,"password":""}