{"id":"gen9anythinggoes-1987222164","p1":"Ezbes","p2":"Genwunfun","format":"[Gen 9] Anything Goes","log":"|j|\u2606Ezbes\n|j|\u2606Genwunfun\n|t:|1699566689\n|gametype|singles\n|player|p1|Ezbes|101|1148\n|player|p2|Genwunfun|101|1154\n|teamsize|p1|6\n|teamsize|p2|6\n|gen|9\n|tier|[Gen 9] Anything Goes\n|rated|\n|rule|HP Percentage Mod: HP is shown in percentages\n|rule|Endless Battle Clause: Forcing endless battles is banned\n|clearpoke\n|poke|p1|Ting-Lu|\n|poke|p1|Clodsire, M|\n|poke|p1|Snom, M|\n|poke|p1|Pineco, F|\n|poke|p1|Furret, M|\n|poke|p1|Decidueye, F|\n|poke|p2|Sandslash-Alola, F|\n|poke|p2|Ninetales-Alola, M|\n|poke|p2|Moltres|\n|poke|p2|Snorlax, M|\n|poke|p2|Slowking, F|\n|poke|p2|Palafin, M|\n|teampreview\n|\n|t:|1699566703\n|start\n|switch|p1a: Ting-Lu|Ting-Lu|100\/100\n|switch|p2a: Palafin|Palafin, M, shiny|100\/100\n|-ability|p1a: Ting-Lu|Vessel of Ruin\n|turn|1\n|c|\u2606Ezbes|Ooo a snow team\n|inactive|Battle timer is ON: inactive players will automatically lose when time's up. (requested by Genwunfun)\n|\n|t:|1699566712\n|move|p2a: Palafin|Flip Turn|p1a: Ting-Lu\n|-supereffective|p1a: Ting-Lu\n|-crit|p1a: Ting-Lu\n|-damage|p1a: Ting-Lu|41\/100\n|\n|t:|1699566718\n|detailschange|p2a: Palafin|Palafin-Hero, M, shiny\n|switch|p2a: Ninetales|Ninetales-Alola, M|100\/100|[from] Flip Turn\n|-weather|Snow|[from] ability: Snow Warning|[of] p2a: Ninetales\n|move|p1a: Ting-Lu|Fissure|p2a: Ninetales|[miss]\n|-miss|p1a: Ting-Lu|p2a: Ninetales\n|\n|-weather|Snow|[upkeep]\n|-heal|p1a: Ting-Lu|47\/100|[from] item: Leftovers\n|upkeep\n|turn|2\n|c|\u2606Ezbes|Ow\n|\n|t:|1699566727\n|move|p2a: Ninetales|Aurora Veil|p2a: Ninetales\n|-sidestart|p2: Genwunfun|move: Aurora Veil\n|move|p1a: Ting-Lu|Stomping Tantrum|p2a: Ninetales\n|-damage|p2a: Ninetales|74\/100\n|\n|-weather|Snow|[upkeep]\n|-heal|p1a: Ting-Lu|53\/100|[from] item: Leftovers\n|upkeep\n|turn|3\n|\n|t:|1699566733\n|switch|p2a: Moltres|Moltres, shiny|100\/100\n|move|p1a: Ting-Lu|Heavy Slam|p2a: Moltres\n|-resisted|p2a: Moltres\n|-damage|p2a: Moltres|93\/100\n|-status|p1a: Ting-Lu|brn|[from] ability: Flame Body|[of] p2a: Moltres\n|\n|-weather|Snow|[upkeep]\n|-heal|p1a: Ting-Lu|59\/100 brn|[from] item: Leftovers\n|-damage|p1a: Ting-Lu|53\/100 brn|[from] brn\n|upkeep\n|turn|4\n|\n|t:|1699566743\n|move|p2a: Moltres|U-turn|p1a: Ting-Lu\n|-supereffective|p1a: Ting-Lu\n|-damage|p1a: Ting-Lu|36\/100 brn\n|\n|t:|1699566750\n|switch|p2a: Sandslash|Sandslash-Alola, F|100\/100|[from] U-turn\n|move|p1a: Ting-Lu|Lash Out|p2a: Sandslash\n|-damage|p2a: Sandslash|94\/100\n|\n|-weather|Snow|[upkeep]\n|-heal|p1a: Ting-Lu|43\/100 brn|[from] item: Leftovers\n|-damage|p1a: Ting-Lu|36\/100 brn|[from] brn\n|upkeep\n|turn|5\n|\n|t:|1699566761\n|move|p2a: Sandslash|Ice Spinner|p1a: Ting-Lu\n|-supereffective|p1a: Ting-Lu\n|-damage|p1a: Ting-Lu|1\/100 brn\n|move|p1a: Ting-Lu|Fissure|p2a: Sandslash|[miss]\n|-miss|p1a: Ting-Lu|p2a: Sandslash\n|\n|-weather|none\n|-heal|p1a: Ting-Lu|7\/100 brn|[from] item: Leftovers\n|-damage|p1a: Ting-Lu|1\/100 brn|[from] brn\n|upkeep\n|turn|6\n|\n|t:|1699566769\n|move|p2a: Sandslash|Swords Dance|p2a: Sandslash\n|-boost|p2a: Sandslash|atk|2\n|move|p1a: Ting-Lu|Stomping Tantrum|p2a: Sandslash\n|-supereffective|p2a: Sandslash\n|-damage|p2a: Sandslash|59\/100\n|\n|-heal|p1a: Ting-Lu|7\/100 brn|[from] item: Leftovers\n|-damage|p1a: Ting-Lu|1\/100 brn|[from] brn\n|upkeep\n|turn|7\n|\n|t:|1699566777\n|move|p2a: Sandslash|Ice Spinner|p1a: Ting-Lu\n|-supereffective|p1a: Ting-Lu\n|-damage|p1a: Ting-Lu|0 fnt\n|faint|p1a: Ting-Lu\n|\n|upkeep\n|\n|t:|1699566781\n|switch|p1a: Furret|Furret, M, shiny|100\/100\n|turn|8\n|\n|t:|1699566785\n|move|p1a: Furret|Tidy Up|p1a: Furret\n|-boost|p1a: Furret|atk|1\n|-boost|p1a: Furret|spe|1\n|move|p2a: Sandslash|Ice Spinner|p1a: Furret\n|-damage|p1a: Furret|7\/100\n|\n|upkeep\n|turn|9\n|\n|t:|1699566797\n|move|p1a: Furret|Play Rough|p2a: Sandslash\n|-resisted|p2a: Sandslash\n|-damage|p2a: Sandslash|52\/100\n|move|p2a: Sandslash|Metal Claw|p1a: Furret|[miss]\n|-miss|p2a: Sandslash|p1a: Furret\n|\n|-sideend|p2: Genwunfun|move: Aurora Veil\n|upkeep\n|turn|10\n|\n|t:|1699566805\n|move|p1a: Furret|Coil|p1a: Furret\n|-boost|p1a: Furret|atk|1\n|-boost|p1a: Furret|def|1\n|-boost|p1a: Furret|accuracy|1\n|move|p2a: Sandslash|Metal Claw|p1a: Furret\n|-damage|p1a: Furret|0 fnt\n|faint|p1a: Furret\n|\n|upkeep\n|\n|t:|1699566813\n|switch|p1a: Pineco|Pineco, F, shiny|100\/100\n|turn|11\n|\n|t:|1699566818\n|move|p2a: Sandslash|Ice Spinner|p1a: Pineco\n|-ability|p1a: Pineco|Sturdy\n|-damage|p1a: Pineco|1\/100\n|move|p1a: Pineco|Counter|p2a: Sandslash\n|-damage|p2a: Sandslash|0 fnt\n|faint|p2a: Sandslash\n|-heal|p1a: Pineco|8\/100|[from] item: Shell Bell|[of] p2: Sandslash\n|\n|upkeep\n|c|\u2606Ezbes|One down 5 more to go\n|\n|t:|1699566839\n|switch|p2a: Palafin|Palafin-Hero, M, shiny|100\/100\n|-activate|p2a: Palafin|ability: Zero to Hero\n|turn|12\n|\n|t:|1699566845\n|move|p1a: Pineco|Protect|p1a: Pineco\n|-singleturn|p1a: Pineco|Protect\n|move|p2a: Palafin|Flip Turn|p1a: Pineco\n|-activate|p1a: Pineco|move: Protect\n|\n|upkeep\n|turn|13\n|\n|t:|1699566851\n|move|p2a: Palafin|Flip Turn|p1a: Pineco\n|-damage|p1a: Pineco|0 fnt\n|faint|p1a: Pineco\n|\n|t:|1699566853\n|switch|p2a: Slowking|Slowking, F|100\/100|[from] Flip Turn\n|\n|upkeep\n|\n|t:|1699566862\n|switch|p1a: Decidueye|Decidueye, F|100\/100\n|turn|14\n|\n|t:|1699566868\n|move|p1a: Decidueye|Swords Dance|p1a: Decidueye\n|-boost|p1a: Decidueye|atk|2\n|move|p2a: Slowking|Trick Room|p2a: Slowking\n|-fieldstart|move: Trick Room|[of] p2a: Slowking\n|\n|upkeep\n|turn|15\n|\n|t:|1699566875\n|move|p1a: Decidueye|Sucker Punch||[still]\n|-fail|p1a: Decidueye\n|move|p2a: Slowking|Chilly Reception|p2a: Slowking\n|-weather|Snow\n|\n|t:|1699566879\n|switch|p2a: Snorlax|Snorlax, M|100\/100|[from] Chilly Reception\n|\n|-weather|Snow|[upkeep]\n|upkeep\n|turn|16\n|c|\u2606Genwunfun|This is gonna be really funny\n|c|\u2606Genwunfun|Trust\n|\n|t:|1699566896\n|-terastallize|p2a: Snorlax|Ghost\n|move|p2a: Snorlax|Curse|p1a: Decidueye\n|-start|p1a: Decidueye|Curse|[of] p2a: Snorlax\n|-damage|p2a: Snorlax|50\/100\n|-enditem|p2a: Snorlax|Liechi Berry|[eat]\n|-boost|p2a: Snorlax|atk|1|[from] item: Liechi Berry\n|move|p1a: Decidueye|Swords Dance|p1a: Decidueye\n|-boost|p1a: Decidueye|atk|2\n|\n|-weather|Snow|[upkeep]\n|-damage|p1a: Decidueye|76\/100|[from] Curse\n|upkeep\n|turn|17\n|\n|t:|1699566919\n|-terastallize|p1a: Decidueye|Water\n|move|p2a: Snorlax|Lick|p1a: Decidueye\n|-damage|p1a: Decidueye|12\/100\n|-status|p1a: Decidueye|par\n|cant|p1a: Decidueye|par\n|\n|-weather|Snow|[upkeep]\n|-damage|p1a: Decidueye|0 fnt|[from] Curse\n|faint|p1a: Decidueye\n|upkeep\n|c|\u2606Ezbes|Damn u got luck\n|\n|t:|1699566934\n|switch|p1a: Clodsire|Clodsire, M, shiny|100\/100\n|turn|18\n|\n|t:|1699566941\n|move|p2a: Snorlax|Earthquake|p1a: Clodsire\n|-supereffective|p1a: Clodsire\n|-damage|p1a: Clodsire|25\/100\n|move|p1a: Clodsire|Earthquake|p2a: Snorlax\n|-damage|p2a: Snorlax|0 fnt\n|faint|p2a: Snorlax\n|\n|-weather|Snow|[upkeep]\n|-fieldend|move: Trick Room\n|upkeep\n|-message|Ezbes forfeited.\n|\n|win|Genwunfun\n|raw|Ezbes's rating: 1148 &rarr; <strong>1123<\/strong><br \/>(-25 for losing)\n|raw|Genwunfun's rating: 1154 &rarr; <strong>1179<\/strong><br \/>(+25 for winning)\n|l|\u2606Ezbes\n","uploadtime":1699566965,"views":31,"p1id":"ezbes","p2id":"genwunfun","formatid":"gen9anythinggoes","rating":1123,"private":0,"password":""}