{"id":"gen9anythinggoes-1990582424","p1":"deathfromtfoa","p2":"SW64_Gaming","format":"[Gen 9] Anything Goes","log":"|j|\u2606deathfromtfoa\n|j|\u2606SW64_Gaming\n|t:|1699983275\n|gametype|singles\n|player|p1|deathfromtfoa|101|1064\n|player|p2|SW64_Gaming|169|1052\n|teamsize|p1|6\n|teamsize|p2|6\n|gen|9\n|tier|[Gen 9] Anything Goes\n|rated|\n|rule|HP Percentage Mod: HP is shown in percentages\n|rule|Endless Battle Clause: Forcing endless battles is banned\n|clearpoke\n|poke|p1|Espeon, F|\n|poke|p1|Scream Tail|\n|poke|p1|Espathra, F|\n|poke|p1|Drifblim, F|\n|poke|p1|Farigiraf, M|\n|poke|p1|Lechonk, M|\n|poke|p2|Gardevoir, F|\n|poke|p2|Meowscarada, F|\n|poke|p2|Eternatus|\n|poke|p2|Houndstone, M|\n|poke|p2|Charizard, F|\n|poke|p2|Haunter, F|\n|teampreview\n|c|\u2606SW64_Gaming|hey\n|\n|t:|1699983281\n|start\n|switch|p1a: Espeon|Espeon, F, shiny|100\/100\n|switch|p2a: Charizard|Charizard, F|100\/100\n|turn|1\n|\n|t:|1699983290\n|move|p1a: Espeon|Substitute|p1a: Espeon\n|-start|p1a: Espeon|Substitute\n|-damage|p1a: Espeon|76\/100\n|move|p2a: Charizard|Dragon Claw|p1a: Espeon\n|-end|p1a: Espeon|Substitute\n|\n|-heal|p1a: Espeon|82\/100|[from] item: Leftovers\n|upkeep\n|turn|2\n|\n|t:|1699983298\n|move|p1a: Espeon|Baton Pass|p1a: Espeon\n|\n|t:|1699983300\n|switch|p1a: Scream Tail|Scream Tail|100\/100|[from] Baton Pass\n|-enditem|p1a: Scream Tail|Booster Energy\n|-activate|p1a: Scream Tail|ability: Protosynthesis|[fromitem]\n|-start|p1a: Scream Tail|protosynthesisspe\n|move|p2a: Charizard|Flame Charge|p1a: Scream Tail\n|-damage|p1a: Scream Tail|85\/100\n|-boost|p2a: Charizard|spe|1\n|\n|upkeep\n|turn|3\n|\n|t:|1699983311\n|move|p1a: Scream Tail|Bulk Up|p1a: Scream Tail\n|-boost|p1a: Scream Tail|atk|1\n|-boost|p1a: Scream Tail|def|1\n|move|p2a: Charizard|Flame Charge|p1a: Scream Tail\n|-damage|p1a: Scream Tail|76\/100\n|-boost|p2a: Charizard|spe|1\n|\n|upkeep\n|turn|4\n|\n|t:|1699983322\n|move|p1a: Scream Tail|Bulk Up|p1a: Scream Tail\n|-boost|p1a: Scream Tail|atk|1\n|-boost|p1a: Scream Tail|def|1\n|move|p2a: Charizard|Sunny Day|p2a: Charizard\n|-weather|SunnyDay\n|\n|-weather|SunnyDay|[upkeep]\n|upkeep\n|turn|5\n|\n|t:|1699983330\n|move|p1a: Scream Tail|Bulk Up|p1a: Scream Tail\n|-boost|p1a: Scream Tail|atk|1\n|-boost|p1a: Scream Tail|def|1\n|move|p2a: Charizard|Flamethrower|p1a: Scream Tail\n|-damage|p1a: Scream Tail|41\/100\n|-status|p1a: Scream Tail|brn\n|\n|-weather|SunnyDay|[upkeep]\n|-damage|p1a: Scream Tail|35\/100 brn|[from] brn\n|upkeep\n|turn|6\n|\n|t:|1699983342\n|move|p1a: Scream Tail|Substitute|p1a: Scream Tail\n|-start|p1a: Scream Tail|Substitute\n|-damage|p1a: Scream Tail|10\/100 brn\n|move|p2a: Charizard|Flame Charge|p1a: Scream Tail\n|-activate|p1a: Scream Tail|move: Substitute|[damage]\n|-boost|p2a: Charizard|spe|1\n|\n|-weather|SunnyDay|[upkeep]\n|-damage|p1a: Scream Tail|4\/100 brn|[from] brn\n|upkeep\n|turn|7\n|\n|t:|1699983354\n|move|p2a: Charizard|Flamethrower|p1a: Scream Tail\n|-end|p1a: Scream Tail|Substitute\n|move|p1a: Scream Tail|Baton Pass|p1a: Scream Tail\n|\n|t:|1699983359\n|-end|p1a: Scream Tail|Protosynthesis|[silent]\n|switch|p1a: Drifblim|Drifblim, F, shiny|100\/100|[from] Baton Pass\n|\n|-weather|SunnyDay|[upkeep]\n|upkeep\n|turn|8\n|\n|t:|1699983371\n|move|p2a: Charizard|Dragon Claw|p1a: Drifblim\n|-damage|p1a: Drifblim|91\/100\n|move|p1a: Drifblim|Minimize|p1a: Drifblim\n|-boost|p1a: Drifblim|evasion|2\n|\n|-weather|none\n|upkeep\n|turn|9\n|\n|t:|1699983378\n|move|p2a: Charizard|Flamethrower|p1a: Drifblim\n|-damage|p1a: Drifblim|56\/100\n|move|p1a: Drifblim|Substitute|p1a: Drifblim\n|-start|p1a: Drifblim|Substitute\n|-damage|p1a: Drifblim|31\/100\n|-enditem|p1a: Drifblim|Sitrus Berry|[eat]\n|-heal|p1a: Drifblim|56\/100|[from] item: Sitrus Berry\n|\n|upkeep\n|turn|10\n|\n|t:|1699983386\n|move|p2a: Charizard|Sunny Day|p2a: Charizard\n|-weather|SunnyDay\n|move|p1a: Drifblim|Clear Smog|p2a: Charizard\n|-damage|p2a: Charizard|88\/100\n|-clearboost|p2a: Charizard\n|\n|-weather|SunnyDay|[upkeep]\n|upkeep\n|turn|11\n|\n|t:|1699983395\n|move|p1a: Drifblim|Minimize|p1a: Drifblim\n|-boost|p1a: Drifblim|evasion|2\n|move|p2a: Charizard|Flame Charge|p1a: Drifblim\n|-crit|p1a: Drifblim\n|-end|p1a: Drifblim|Substitute\n|-boost|p2a: Charizard|spe|1\n|\n|-weather|SunnyDay|[upkeep]\n|upkeep\n|turn|12\n|\n|t:|1699983404\n|move|p1a: Drifblim|Substitute|p1a: Drifblim\n|-start|p1a: Drifblim|Substitute\n|-damage|p1a: Drifblim|31\/100\n|move|p2a: Charizard|Flame Charge|p1a: Drifblim|[miss]\n|-miss|p2a: Charizard|p1a: Drifblim\n|\n|-weather|SunnyDay|[upkeep]\n|upkeep\n|turn|13\n|\n|t:|1699983412\n|move|p1a: Drifblim|Baton Pass|p1a: Drifblim\n|\n|t:|1699983414\n|switch|p1a: Espathra|Espathra, F|100\/100|[from] Baton Pass\n|move|p2a: Charizard|Flame Charge|p1a: Espathra|[miss]\n|-miss|p2a: Charizard|p1a: Espathra\n|\n|-weather|SunnyDay|[upkeep]\n|upkeep\n|turn|14\n|\n|t:|1699983427\n|switch|p2a: Haunter|Haunter, F|100\/100\n|move|p1a: Espathra|Protect||[still]\n|-fail|p1a: Espathra\n|\n|-weather|none\n|-ability|p1a: Espathra|Speed Boost|boost\n|-boost|p1a: Espathra|spe|1\n|upkeep\n|turn|15\n|\n|t:|1699983439\n|move|p1a: Espathra|Protect|p1a: Espathra\n|-singleturn|p1a: Espathra|Protect\n|move|p2a: Haunter|Poison Jab|p1a: Espathra\n|-activate|p1a: Espathra|move: Protect\n|\n|-ability|p1a: Espathra|Speed Boost|boost\n|-boost|p1a: Espathra|spe|1\n|upkeep\n|turn|16\n|\n|t:|1699983462\n|move|p1a: Espathra|Baton Pass|p1a: Espathra\n|\n|t:|1699983487\n|switch|p1a: God.|Lechonk, M|100\/100|[from] Baton Pass\n|move|p2a: Haunter|Shadow Ball|p1a: God.\n|-immune|p1a: God.\n|\n|upkeep\n|turn|17\n|\n|t:|1699983504\n|-terastallize|p1a: God.|Ghost\n|move|p1a: God.|Tera Blast|p2a: Haunter|[anim] Tera Blast Ghost\n|-supereffective|p2a: Haunter\n|-enditem|p2a: Haunter|Focus Sash\n|-damage|p2a: Haunter|1\/100\n|move|p2a: Haunter|Shadow Claw|p1a: God.|[miss]\n|-miss|p2a: Haunter|p1a: God.\n|\n|upkeep\n|turn|18\n|\n|t:|1699983526\n|move|p1a: God.|Tera Blast|p2a: Haunter|[anim] Tera Blast Ghost\n|-supereffective|p2a: Haunter\n|-damage|p2a: Haunter|0 fnt\n|faint|p2a: Haunter\n|\n|upkeep\n|\n|t:|1699983533\n|switch|p2a: Gardevoir|Gardevoir, F|100\/100\n|-ability|p2a: Gardevoir|Thick Fat|[from] ability: Trace|[of] p1a: God.\n|turn|19\n|\n|t:|1699983541\n|move|p1a: God.|Tera Blast|p2a: Gardevoir|[anim] Tera Blast Ghost\n|-supereffective|p2a: Gardevoir\n|-damage|p2a: Gardevoir|0 fnt\n|faint|p2a: Gardevoir\n|\n|upkeep\n|\n|t:|1699983551\n|switch|p2a: Meowscarada|Meowscarada, F|100\/100\n|turn|20\n|\n|t:|1699983561\n|move|p2a: Meowscarada|Sucker Punch|p1a: God.|[miss]\n|-miss|p2a: Meowscarada|p1a: God.\n|-enditem|p2a: Meowscarada|Blunder Policy\n|-boost|p2a: Meowscarada|spe|2\n|move|p1a: God.|Play Rough|p2a: Meowscarada\n|-supereffective|p2a: Meowscarada\n|-damage|p2a: Meowscarada|1\/100\n|\n|upkeep\n|turn|21\n|\n|t:|1699983574\n|move|p2a: Meowscarada|Sucker Punch|p1a: God.|[miss]\n|-miss|p2a: Meowscarada|p1a: God.\n|move|p1a: God.|Body Slam|p2a: Meowscarada\n|-damage|p2a: Meowscarada|0 fnt\n|faint|p2a: Meowscarada\n|\n|upkeep\n|\n|t:|1699983583\n|switch|p2a: Eternatus|Eternatus|100\/100\n|-ability|p2a: Eternatus|Pressure\n|turn|22\n|\n|t:|1699983593\n|move|p1a: God.|Tera Blast|p2a: Eternatus|[anim] Tera Blast Ghost\n|-damage|p2a: Eternatus|56\/100\n|move|p2a: Eternatus|Reflect|p2a: Eternatus\n|-sidestart|p2: SW64_Gaming|Reflect\n|\n|-heal|p2a: Eternatus|62\/100|[from] item: Leftovers\n|upkeep\n|turn|23\n|\n|t:|1699983609\n|move|p1a: God.|Body Slam|p2a: Eternatus\n|-damage|p2a: Eternatus|40\/100\n|move|p2a: Eternatus|Dynamax Cannon|p1a: God.|[miss]\n|-miss|p2a: Eternatus|p1a: God.\n|\n|-heal|p2a: Eternatus|46\/100|[from] item: Leftovers\n|upkeep\n|turn|24\n|\n|t:|1699983620\n|move|p1a: God.|Play Rough|p2a: Eternatus\n|-damage|p2a: Eternatus|29\/100\n|-unboost|p2a: Eternatus|atk|1\n|move|p2a: Eternatus|Recover|p2a: Eternatus\n|-heal|p2a: Eternatus|79\/100\n|\n|-heal|p2a: Eternatus|85\/100|[from] item: Leftovers\n|upkeep\n|turn|25\n|\n|t:|1699983635\n|move|p1a: God.|Body Slam|p2a: Eternatus\n|-damage|p2a: Eternatus|63\/100\n|-status|p2a: Eternatus|par\n|cant|p2a: Eternatus|par\n|\n|-heal|p2a: Eternatus|69\/100 par|[from] item: Leftovers\n|upkeep\n|turn|26\n|\n|t:|1699983643\n|move|p1a: God.|Tera Blast|p2a: Eternatus|[anim] Tera Blast Ghost\n|-crit|p2a: Eternatus\n|-damage|p2a: Eternatus|10\/100 par\n|move|p2a: Eternatus|Dynamax Cannon|p1a: God.|[miss]\n|-miss|p2a: Eternatus|p1a: God.\n|\n|-heal|p2a: Eternatus|16\/100 par|[from] item: Leftovers\n|-sideend|p2: SW64_Gaming|Reflect\n|upkeep\n|turn|27\n|\n|t:|1699983653\n|move|p1a: God.|Tera Blast|p2a: Eternatus|[anim] Tera Blast Ghost\n|-damage|p2a: Eternatus|0 fnt\n|faint|p2a: Eternatus\n|\n|upkeep\n|\n|t:|1699983658\n|switch|p2a: Charizard|Charizard, F|88\/100\n|turn|28\n|\n|t:|1699983663\n|move|p1a: God.|Body Slam|p2a: Charizard\n|-damage|p2a: Charizard|18\/100\n|-damage|p1a: God.|84\/100|[from] item: Rocky Helmet|[of] p2a: Charizard\n|move|p2a: Charizard|Sunny Day|p2a: Charizard\n|-weather|SunnyDay\n|\n|-weather|SunnyDay|[upkeep]\n|-heal|p1a: God.|90\/100|[from] item: Leftovers\n|upkeep\n|turn|29\n|\n|t:|1699983673\n|move|p1a: God.|Body Slam|p2a: Charizard\n|-damage|p2a: Charizard|0 fnt\n|-damage|p1a: God.|74\/100|[from] item: Rocky Helmet|[of] p2a: Charizard\n|faint|p2a: Charizard\n|\n|-weather|SunnyDay|[upkeep]\n|-heal|p1a: God.|80\/100|[from] item: Leftovers\n|upkeep\n|\n|t:|1699983681\n|switch|p2a: Houndstone|Houndstone, M|100\/100\n|turn|30\n|\n|t:|1699983684\n|move|p1a: God.|Tera Blast|p2a: Houndstone|[anim] Tera Blast Ghost\n|-supereffective|p2a: Houndstone\n|-damage|p2a: Houndstone|0 fnt\n|faint|p2a: Houndstone\n|\n|win|deathfromtfoa\n|raw|deathfromtfoa's rating: 1064 &rarr; <strong>1093<\/strong><br \/>(+29 for winning)\n|raw|SW64_Gaming's rating: 1052 &rarr; <strong>1035<\/strong><br \/>(-17 for losing)\n","uploadtime":1699983695,"views":7,"p1id":"deathfromtfoa","p2id":"sw64gaming","formatid":"gen9anythinggoes","rating":1035,"private":0,"password":""}