{"id":"gen9anythinggoes-1995918875","p1":"T90n","p2":"sixounce","format":"[Gen 9] Anything Goes","log":"|j|\u2606T90n\n|j|\u2606sixounce\n|t:|1700617369\n|gametype|singles\n|player|p1|T90n|fisherman-gen4|\n|player|p2|sixounce|101|\n|teamsize|p1|6\n|teamsize|p2|6\n|gen|9\n|tier|[Gen 9] Anything Goes\n|rule|HP Percentage Mod: HP is shown in percentages\n|rule|Endless Battle Clause: Forcing endless battles is banned\n|clearpoke\n|poke|p1|Jirachi|\n|poke|p1|Mandibuzz, F|\n|poke|p1|Quaquaval, F|\n|poke|p1|Chandelure, F|\n|poke|p1|Thundurus-Therian, M|\n|poke|p1|Ogerpon-Hearthflame, F|\n|poke|p2|Empoleon, M|\n|poke|p2|Ting-Lu|\n|poke|p2|Hatterene, F|\n|poke|p2|Ninetales, M|\n|poke|p2|Brute Bonnet|\n|poke|p2|Walking Wake|\n|teampreview\n|\n|t:|1700617401\n|start\n|switch|p1a: Steven Stamkos|Thundurus-Therian, M|100\/100\n|switch|p2a: Ting-Lu|Ting-Lu|100\/100\n|-ability|p2a: Ting-Lu|Vessel of Ruin\n|turn|1\n|\n|t:|1700617435\n|move|p1a: Steven Stamkos|Thunderbolt|p2a: Ting-Lu\n|-immune|p2a: Ting-Lu\n|move|p2a: Ting-Lu|Spikes|p1a: Steven Stamkos\n|-sidestart|p1: T90n|Spikes\n|\n|upkeep\n|turn|2\n|\n|t:|1700617454\n|switch|p1a: Jordan Binnington|Mandibuzz, F|100\/100\n|move|p2a: Ting-Lu|Stealth Rock|p1a: Jordan Binnington\n|-sidestart|p1: T90n|move: Stealth Rock\n|\n|upkeep\n|turn|3\n|\n|t:|1700617497\n|move|p1a: Jordan Binnington|Defog|p2a: Ting-Lu\n|-unboost|p2a: Ting-Lu|evasion|1\n|-sideend|p1: T90n|Spikes|[from] move: Defog|[of] p1a: Jordan Binnington\n|-sideend|p1: T90n|Stealth Rock|[from] move: Defog|[of] p1a: Jordan Binnington\n|move|p2a: Ting-Lu|Spikes|p1a: Jordan Binnington\n|-sidestart|p1: T90n|Spikes\n|\n|upkeep\n|turn|4\n|\n|t:|1700617519\n|move|p1a: Jordan Binnington|Defog|p2a: Ting-Lu\n|-unboost|p2a: Ting-Lu|evasion|1\n|-sideend|p1: T90n|Spikes|[from] move: Defog|[of] p1a: Jordan Binnington\n|move|p2a: Ting-Lu|Spikes|p1a: Jordan Binnington\n|-sidestart|p1: T90n|Spikes\n|\n|upkeep\n|turn|5\n|\n|t:|1700617567\n|move|p1a: Jordan Binnington|Defog|p2a: Ting-Lu\n|-unboost|p2a: Ting-Lu|evasion|1\n|-sideend|p1: T90n|Spikes|[from] move: Defog|[of] p1a: Jordan Binnington\n|move|p2a: Ting-Lu|Whirlwind|p1a: Jordan Binnington\n|drag|p1a: Jordan Kyrou|Quaquaval, F, shiny|100\/100\n|\n|upkeep\n|turn|6\n|\n|t:|1700617595\n|switch|p2a: Hatterene|Hatterene, F|100\/100\n|move|p1a: Jordan Kyrou|Aqua Step|p2a: Hatterene\n|-damage|p2a: Hatterene|67\/100\n|-boost|p1a: Jordan Kyrou|spe|1\n|\n|upkeep\n|turn|7\n|\n|t:|1700617619\n|switch|p1a: TJ Oshie|Jirachi|100\/100\n|move|p2a: Hatterene|Draining Kiss|p1a: TJ Oshie\n|-resisted|p1a: TJ Oshie\n|-damage|p1a: TJ Oshie|93\/100\n|-heal|p2a: Hatterene|73\/100|[from] drain|[of] p1a: TJ Oshie\n|\n|-heal|p1a: TJ Oshie|99\/100|[from] item: Leftovers\n|upkeep\n|turn|8\n|\n|t:|1700617645\n|switch|p2a: Ninetales|Ninetales, M|100\/100\n|-weather|SunnyDay|[from] ability: Drought|[of] p2a: Ninetales\n|move|p1a: TJ Oshie|Thunder Wave|p2a: Ninetales\n|-status|p2a: Ninetales|par\n|\n|-weather|SunnyDay|[upkeep]\n|-heal|p1a: TJ Oshie|100\/100|[from] item: Leftovers\n|upkeep\n|turn|9\n|\n|t:|1700617659\n|switch|p1a: Ryan Reaves|Chandelure, F, shiny|100\/100\n|move|p2a: Ninetales|Weather Ball|p1a: Ryan Reaves\n|-start|p1a: Ryan Reaves|ability: Flash Fire\n|\n|-weather|SunnyDay|[upkeep]\n|upkeep\n|turn|10\n|\n|t:|1700617683\n|move|p1a: Ryan Reaves|Shadow Ball|p2a: Ninetales\n|-damage|p2a: Ninetales|10\/100 par\n|move|p2a: Ninetales|Nasty Plot|p2a: Ninetales\n|-boost|p2a: Ninetales|spa|2\n|\n|-weather|SunnyDay|[upkeep]\n|upkeep\n|turn|11\n|\n|t:|1700617719\n|switch|p2a: Ting-Lu|Ting-Lu|100\/100\n|-ability|p2a: Ting-Lu|Vessel of Ruin\n|move|p1a: Ryan Reaves|Shadow Ball|p2a: Ting-Lu\n|-resisted|p2a: Ting-Lu\n|-damage|p2a: Ting-Lu|80\/100\n|\n|-weather|SunnyDay|[upkeep]\n|-heal|p2a: Ting-Lu|86\/100|[from] item: Leftovers\n|upkeep\n|turn|12\n|\n|t:|1700617750\n|-end|p1a: Ryan Reaves|ability: Flash Fire|[silent]\n|switch|p1a: Jordan Binnington|Mandibuzz, F|100\/100\n|move|p2a: Ting-Lu|Earthquake|p1a: Jordan Binnington\n|-immune|p1a: Jordan Binnington\n|\n|-weather|SunnyDay|[upkeep]\n|-heal|p2a: Ting-Lu|92\/100|[from] item: Leftovers\n|upkeep\n|turn|13\n|\n|t:|1700617778\n|move|p1a: Jordan Binnington|Toxic|p2a: Ting-Lu\n|-status|p2a: Ting-Lu|tox\n|move|p2a: Ting-Lu|Whirlwind|p1a: Jordan Binnington\n|drag|p1a: Jordan Kyrou|Quaquaval, F, shiny|100\/100\n|\n|-weather|SunnyDay|[upkeep]\n|-heal|p2a: Ting-Lu|99\/100 tox|[from] item: Leftovers\n|-damage|p2a: Ting-Lu|92\/100 tox|[from] psn\n|upkeep\n|turn|14\n|\n|t:|1700617824\n|switch|p2a: Hatterene|Hatterene, F|73\/100\n|move|p1a: Jordan Kyrou|Bulk Up|p1a: Jordan Kyrou\n|-boost|p1a: Jordan Kyrou|atk|1\n|-boost|p1a: Jordan Kyrou|def|1\n|\n|-weather|SunnyDay|[upkeep]\n|upkeep\n|turn|15\n|\n|t:|1700617833\n|switch|p1a: TJ Oshie|Jirachi|100\/100\n|move|p2a: Hatterene|Draining Kiss|p1a: TJ Oshie\n|-resisted|p1a: TJ Oshie\n|-damage|p1a: TJ Oshie|93\/100\n|-heal|p2a: Hatterene|81\/100|[from] drain|[of] p1a: TJ Oshie\n|\n|-weather|none\n|-heal|p1a: TJ Oshie|99\/100|[from] item: Leftovers\n|upkeep\n|turn|16\n|\n|t:|1700617864\n|switch|p2a: Brute Bonnet|Brute Bonnet|100\/100\n|move|p1a: TJ Oshie|Dazzling Gleam|p2a: Brute Bonnet\n|-supereffective|p2a: Brute Bonnet\n|-damage|p2a: Brute Bonnet|65\/100\n|\n|-heal|p1a: TJ Oshie|100\/100|[from] item: Leftovers\n|upkeep\n|turn|17\n|\n|t:|1700617882\n|-terastallize|p2a: Brute Bonnet|Fire\n|move|p2a: Brute Bonnet|Sucker Punch|p1a: TJ Oshie\n|-supereffective|p1a: TJ Oshie\n|-damage|p1a: TJ Oshie|29\/100\n|move|p1a: TJ Oshie|U-turn|p2a: Brute Bonnet\n|-resisted|p2a: Brute Bonnet\n|-crit|p2a: Brute Bonnet\n|-damage|p2a: Brute Bonnet|54\/100\n|\n|t:|1700617909\n|switch|p1a: Ryan Reaves|Chandelure, F, shiny|100\/100|[from] U-turn\n|\n|upkeep\n|turn|18\n|\n|t:|1700617959\n|move|p2a: Brute Bonnet|Sucker Punch||[still]\n|-fail|p2a: Brute Bonnet\n|move|p1a: Ryan Reaves|Trick|p2a: Brute Bonnet\n|-activate|p1a: Ryan Reaves|move: Trick|[of] p2a: Brute Bonnet\n|-item|p2a: Brute Bonnet|Choice Specs|[from] move: Trick\n|-item|p1a: Ryan Reaves|Loaded Dice|[from] move: Trick\n|\n|upkeep\n|turn|19\n|\n|t:|1700617976\n|move|p2a: Brute Bonnet|Sucker Punch|p1a: Ryan Reaves\n|-supereffective|p1a: Ryan Reaves\n|-damage|p1a: Ryan Reaves|0 fnt\n|faint|p1a: Ryan Reaves\n|\n|upkeep\n|\n|t:|1700617985\n|switch|p1a: Jordan Kyrou|Quaquaval, F, shiny|100\/100\n|turn|20\n|\n|t:|1700618002\n|-end|p2a: Brute Bonnet|Protosynthesis|[silent]\n|switch|p2a: Hatterene|Hatterene, F|81\/100\n|move|p1a: Jordan Kyrou|Aqua Step|p2a: Hatterene\n|-damage|p2a: Hatterene|46\/100\n|-boost|p1a: Jordan Kyrou|spe|1\n|\n|upkeep\n|turn|21\n|\n|t:|1700618028\n|switch|p1a: TJ Oshie|Jirachi|29\/100\n|move|p2a: Hatterene|Mystical Fire|p1a: TJ Oshie\n|-supereffective|p1a: TJ Oshie\n|-damage|p1a: TJ Oshie|0 fnt\n|faint|p1a: TJ Oshie\n|\n|upkeep\n|\n|t:|1700618049\n|switch|p1a: J Huberdeau|Ogerpon-Hearthflame, F|100\/100\n|-ability|p1a: J Huberdeau|Mold Breaker\n|turn|22\n|\n|t:|1700618112\n|move|p1a: J Huberdeau|Ivy Cudgel|p2a: Hatterene|[anim] Ivy Cudgel Fire\n|-damage|p2a: Hatterene|0 fnt\n|faint|p2a: Hatterene\n|\n|upkeep\n|\n|t:|1700618164\n|switch|p2a: Ninetales|Ninetales, M|10\/100 par\n|-weather|SunnyDay|[from] ability: Drought|[of] p2a: Ninetales\n|turn|23\n|\n|t:|1700618176\n|move|p1a: J Huberdeau|Stomping Tantrum|p2a: Ninetales\n|-supereffective|p2a: Ninetales\n|-damage|p2a: Ninetales|0 fnt\n|faint|p2a: Ninetales\n|\n|-weather|SunnyDay|[upkeep]\n|upkeep\n|\n|t:|1700618197\n|switch|p2a: Ting-Lu|Ting-Lu|92\/100 tox\n|-ability|p2a: Ting-Lu|Vessel of Ruin\n|turn|24\n|\n|t:|1700618213\n|move|p1a: J Huberdeau|Horn Leech|p2a: Ting-Lu\n|-supereffective|p2a: Ting-Lu\n|-damage|p2a: Ting-Lu|55\/100 tox\n|move|p2a: Ting-Lu|Earthquake|p1a: J Huberdeau\n|-damage|p1a: J Huberdeau|49\/100\n|\n|-weather|SunnyDay|[upkeep]\n|-heal|p2a: Ting-Lu|61\/100 tox|[from] item: Leftovers\n|-damage|p2a: Ting-Lu|55\/100 tox|[from] psn\n|upkeep\n|turn|25\n|\n|t:|1700618229\n|move|p1a: J Huberdeau|Ivy Cudgel|p2a: Ting-Lu|[anim] Ivy Cudgel Fire\n|-damage|p2a: Ting-Lu|19\/100 tox\n|move|p2a: Ting-Lu|Earthquake|p1a: J Huberdeau\n|-damage|p1a: J Huberdeau|3\/100\n|\n|-weather|SunnyDay|[upkeep]\n|-heal|p2a: Ting-Lu|25\/100 tox|[from] item: Leftovers\n|-damage|p2a: Ting-Lu|13\/100 tox|[from] psn\n|upkeep\n|turn|26\n|\n|t:|1700618267\n|switch|p2a: Walking Wake|Walking Wake|100\/100\n|-activate|p2a: Walking Wake|ability: Protosynthesis\n|-start|p2a: Walking Wake|protosynthesisspe\n|move|p1a: J Huberdeau|Ivy Cudgel|p2a: Walking Wake|[anim] Ivy Cudgel Fire\n|-resisted|p2a: Walking Wake\n|-damage|p2a: Walking Wake|78\/100\n|\n|-weather|SunnyDay|[upkeep]\n|upkeep\n|turn|27\n|\n|t:|1700618295\n|switch|p1a: Jordan Binnington|Mandibuzz, F|100\/100\n|move|p2a: Walking Wake|Hydro Steam|p1a: Jordan Binnington\n|-damage|p1a: Jordan Binnington|28\/100\n|\n|-weather|SunnyDay|[upkeep]\n|upkeep\n|turn|28\n|\n|t:|1700618306\n|move|p2a: Walking Wake|Hydro Steam|p1a: Jordan Binnington\n|-damage|p1a: Jordan Binnington|0 fnt\n|faint|p1a: Jordan Binnington\n|\n|-weather|SunnyDay|[upkeep]\n|upkeep\n|\n|t:|1700618312\n|switch|p1a: Steven Stamkos|Thundurus-Therian, M|100\/100\n|turn|29\n|\n|t:|1700618327\n|move|p2a: Walking Wake|Hydro Steam|p1a: Steven Stamkos\n|-damage|p1a: Steven Stamkos|0 fnt\n|faint|p1a: Steven Stamkos\n|\n|-weather|SunnyDay|[upkeep]\n|upkeep\n|\n|t:|1700618333\n|switch|p1a: Jordan Kyrou|Quaquaval, F, shiny|100\/100\n|turn|30\n|\n|t:|1700618361\n|-end|p2a: Walking Wake|Protosynthesis|[silent]\n|switch|p2a: Ting-Lu|Ting-Lu|13\/100 tox\n|-ability|p2a: Ting-Lu|Vessel of Ruin\n|move|p1a: Jordan Kyrou|Close Combat|p2a: Ting-Lu\n|-supereffective|p2a: Ting-Lu\n|-damage|p2a: Ting-Lu|0 fnt\n|-unboost|p1a: Jordan Kyrou|def|1\n|-unboost|p1a: Jordan Kyrou|spd|1\n|faint|p2a: Ting-Lu\n|-ability|p1a: Jordan Kyrou|Moxie|boost\n|-boost|p1a: Jordan Kyrou|atk|1\n|\n|-weather|none\n|upkeep\n|\n|t:|1700618396\n|switch|p2a: Walking Wake|Walking Wake|78\/100\n|turn|31\n|\n|t:|1700618409\n|move|p2a: Walking Wake|Draco Meteor|p1a: Jordan Kyrou\n|-damage|p1a: Jordan Kyrou|0 fnt\n|-unboost|p2a: Walking Wake|spa|2\n|faint|p1a: Jordan Kyrou\n|\n|upkeep\n|\n|t:|1700618414\n|switch|p1a: J Huberdeau|Ogerpon-Hearthflame, F|3\/100\n|-ability|p1a: J Huberdeau|Mold Breaker\n|turn|32\n|\n|t:|1700618424\n|move|p1a: J Huberdeau|Stomping Tantrum|p2a: Walking Wake\n|-damage|p2a: Walking Wake|48\/100\n|move|p2a: Walking Wake|Draco Meteor|p1a: J Huberdeau\n|-damage|p1a: J Huberdeau|0 fnt\n|-unboost|p2a: Walking Wake|spa|2\n|faint|p1a: J Huberdeau\n|\n|win|sixounce\n|c|\u2606T90n|gg\n|c|\u2606sixounce|gg\n","uploadtime":1700618450,"views":12,"p1id":"t90n","p2id":"sixounce","formatid":"gen9anythinggoes","rating":0,"private":0,"password":""}