{"id":"gen9anythinggoes-1980085887","p1":"11223344556677889C","p2":"asterix2.p","format":"[Gen 9] Anything Goes","log":"|j|\u260611223344556677889C\n|j|\u2606asterix2.p\n|t:|1698755790\n|gametype|singles\n|player|p1|11223344556677889C|265|1212\n|player|p2|asterix2.p|riley|1077\n|teamsize|p1|6\n|teamsize|p2|6\n|gen|9\n|tier|[Gen 9] Anything Goes\n|rated|\n|rule|HP Percentage Mod: HP is shown in percentages\n|rule|Endless Battle Clause: Forcing endless battles is banned\n|clearpoke\n|poke|p1|Koraidon|\n|poke|p1|Ting-Lu|\n|poke|p1|Arceus|\n|poke|p1|Calyrex-Shadow|\n|poke|p1|Zacian-*|\n|poke|p1|Skeledirge, M|\n|poke|p2|Corviknight, F|\n|poke|p2|Snorlax, F|\n|poke|p2|Jumpluff, M|\n|poke|p2|Mudsdale, F|\n|poke|p2|Dragapult, M|\n|poke|p2|Toxapex, F|\n|teampreview\n|inactive|Battle timer is ON: inactive players will automatically lose when time's up. (requested by asterix2.p)\n|\n|t:|1698755794\n|start\n|switch|p1a: Skeledirge|Skeledirge, M|100\/100\n|switch|p2a: God|Jumpluff, M, shiny|100\/100\n|turn|1\n|\n|t:|1698755804\n|move|p2a: God|Sleep Powder|p1a: Skeledirge\n|-status|p1a: Skeledirge|slp|[from] move: Sleep Powder\n|cant|p1a: Skeledirge|slp\n|\n|upkeep\n|turn|2\n|\n|t:|1698755811\n|switch|p2a: Tanque|Toxapex, F|100\/100\n|-curestatus|p1a: Skeledirge|slp|[msg]\n|move|p1a: Skeledirge|Flare Blitz|p2a: Tanque\n|-resisted|p2a: Tanque\n|-damage|p2a: Tanque|82\/100\n|-damage|p1a: Skeledirge|96\/100|[from] Recoil\n|\n|-heal|p2a: Tanque|88\/100|[from] item: Black Sludge\n|upkeep\n|turn|3\n|\n|t:|1698755822\n|move|p1a: Skeledirge|Earthquake|p2a: Tanque\n|-supereffective|p2a: Tanque\n|-damage|p2a: Tanque|49\/100\n|move|p2a: Tanque|Toxic|p1a: Skeledirge\n|-status|p1a: Skeledirge|tox\n|\n|-heal|p2a: Tanque|55\/100|[from] item: Black Sludge\n|-damage|p1a: Skeledirge|90\/100 tox|[from] psn\n|upkeep\n|turn|4\n|\n|t:|1698755834\n|move|p1a: Skeledirge|Earthquake|p2a: Tanque\n|-supereffective|p2a: Tanque\n|-damage|p2a: Tanque|16\/100\n|move|p2a: Tanque|Recover|p2a: Tanque\n|-heal|p2a: Tanque|66\/100\n|\n|-heal|p2a: Tanque|73\/100|[from] item: Black Sludge\n|-damage|p1a: Skeledirge|78\/100 tox|[from] psn\n|upkeep\n|turn|5\n|\n|t:|1698755844\n|move|p2a: Tanque|Baneful Bunker|p2a: Tanque\n|-singleturn|p2a: Tanque|move: Protect\n|move|p1a: Skeledirge|Earthquake|p2a: Tanque\n|-activate|p2a: Tanque|move: Protect\n|\n|-heal|p2a: Tanque|79\/100|[from] item: Black Sludge\n|-damage|p1a: Skeledirge|60\/100 tox|[from] psn\n|upkeep\n|turn|6\n|\n|t:|1698755854\n|move|p1a: Skeledirge|Earthquake|p2a: Tanque\n|-supereffective|p2a: Tanque\n|-damage|p2a: Tanque|38\/100\n|move|p2a: Tanque|Liquidation|p1a: Skeledirge\n|-supereffective|p1a: Skeledirge\n|-damage|p1a: Skeledirge|23\/100 tox\n|\n|-heal|p2a: Tanque|44\/100|[from] item: Black Sludge\n|-damage|p1a: Skeledirge|0 fnt|[from] psn\n|faint|p1a: Skeledirge\n|upkeep\n|\n|t:|1698755868\n|switch|p1a: Zacian|Zacian-Crowned|100\/100\n|-ability|p1a: Zacian|Intrepid Sword|boost\n|-boost|p1a: Zacian|atk|1\n|turn|7\n|\n|t:|1698755878\n|move|p2a: Tanque|Baneful Bunker|p2a: Tanque\n|-singleturn|p2a: Tanque|move: Protect\n|move|p1a: Zacian|Behemoth Blade|p2a: Tanque\n|-activate|p2a: Tanque|move: Protect\n|\n|-heal|p2a: Tanque|51\/100|[from] item: Black Sludge\n|upkeep\n|turn|8\n|\n|t:|1698755891\n|move|p1a: Zacian|Behemoth Blade|p2a: Tanque\n|-resisted|p2a: Tanque\n|-damage|p2a: Tanque|17\/100\n|move|p2a: Tanque|Recover|p2a: Tanque\n|-heal|p2a: Tanque|67\/100\n|\n|-heal|p2a: Tanque|73\/100|[from] item: Black Sludge\n|upkeep\n|turn|9\n|\n|t:|1698755912\n|switch|p2a: Cargero|Mudsdale, F|100\/100\n|move|p1a: Zacian|Play Rough|p2a: Cargero\n|-damage|p2a: Cargero|44\/100\n|-damage|p1a: Zacian|84\/100|[from] item: Rocky Helmet|[of] p2a: Cargero\n|-ability|p2a: Cargero|Stamina|boost\n|-boost|p2a: Cargero|def|1\n|\n|upkeep\n|turn|10\n|\n|t:|1698755926\n|move|p1a: Zacian|Play Rough|p2a: Cargero\n|-damage|p2a: Cargero|10\/100\n|-damage|p1a: Zacian|67\/100|[from] item: Rocky Helmet|[of] p2a: Cargero\n|-ability|p2a: Cargero|Stamina|boost\n|-boost|p2a: Cargero|def|1\n|move|p2a: Cargero|Rest|p2a: Cargero\n|-status|p2a: Cargero|slp|[from] move: Rest\n|-heal|p2a: Cargero|100\/100 slp|[silent]\n|\n|upkeep\n|turn|11\n|\n|t:|1698755940\n|move|p1a: Zacian|Behemoth Blade|p2a: Cargero\n|-damage|p2a: Cargero|66\/100 slp\n|-damage|p1a: Zacian|51\/100|[from] item: Rocky Helmet|[of] p2a: Cargero\n|-ability|p2a: Cargero|Stamina|boost\n|-boost|p2a: Cargero|def|1\n|cant|p2a: Cargero|slp\n|move|p2a: Cargero|Sleep Talk|p2a: Cargero\n|move|p2a: Cargero|Stone Edge|p1a: Zacian|[from]move: Sleep Talk\n|-resisted|p1a: Zacian\n|-crit|p1a: Zacian\n|-damage|p1a: Zacian|25\/100\n|\n|upkeep\n|turn|12\n|inactive|asterix2.p has 120 seconds left.\n|\n|t:|1698755963\n|move|p1a: Zacian|Behemoth Blade|p2a: Cargero\n|-damage|p2a: Cargero|43\/100 slp\n|-damage|p1a: Zacian|8\/100|[from] item: Rocky Helmet|[of] p2a: Cargero\n|-ability|p2a: Cargero|Stamina|boost\n|-boost|p2a: Cargero|def|1\n|cant|p2a: Cargero|slp\n|move|p2a: Cargero|Sleep Talk|p2a: Cargero\n|move|p2a: Cargero|Earthquake|p1a: Zacian|[from]move: Sleep Talk\n|-supereffective|p1a: Zacian\n|-damage|p1a: Zacian|0 fnt\n|faint|p1a: Zacian\n|\n|upkeep\n|\n|t:|1698755976\n|switch|p1a: Calyrex|Calyrex-Shadow|100\/100\n|-ability|p1a: Calyrex|As One\n|-ability|p1a: Calyrex|Unnerve\n|turn|13\n|\n|t:|1698755989\n|move|p1a: Calyrex|Astral Barrage|p2a: Cargero\n|-damage|p2a: Cargero|0 fnt\n|faint|p2a: Cargero\n|-ability|p1a: Calyrex|Grim Neigh|boost\n|-boost|p1a: Calyrex|spa|1\n|\n|upkeep\n|j| Lostmyacc72\n|c| Lostmyacc72|11223344556677889C\n|c| Lostmyacc72|11223344556677889C\n|c| Lostmyacc72|11223344556677889C\n|c| Lostmyacc72|11223344556677889C\n|c| Lostmyacc72|11223344556677889C\n|\n|t:|1698755998\n|switch|p2a: Snorlax|Snorlax, F|100\/100\n|turn|14\n|c| Lostmyacc72|11223344556677889C\n|c| Lostmyacc72|11223344556677889C\n|c| Lostmyacc72|11223344556677889C\n|c| Lostmyacc72|11223344556677889C\n|c| Lostmyacc72|11223344556677889C\n|c| Lostmyacc72|11223344556677889C\n|\n|t:|1698756002\n|move|p1a: Calyrex|Astral Barrage|p2a: Snorlax\n|-immune|p2a: Snorlax\n|move|p2a: Snorlax|Crunch|p1a: Calyrex\n|-supereffective|p1a: Calyrex\n|-damage|p1a: Calyrex|0 fnt\n|faint|p1a: Calyrex\n|\n|upkeep\n|c| Lostmyacc72|11223344556677889C\n|c| Lostmyacc72|11223344556677889C\n|c| Lostmyacc72|11223344556677889C\n|c| Lostmyacc72|11223344556677889C\n|c| Lostmyacc72|11223344556677889C\n|c| Lostmyacc72|11223344556677889C\n|c| Lostmyacc72|11223344556677889C\n|c| Lostmyacc72|11223344556677889C\n|c| Lostmyacc72|11223344556677889C\n|c| Lostmyacc72|11223344556677889C\n|c| Lostmyacc72|11223344556677889C\n|c| Lostmyacc72|11223344556677889C\n|c| Lostmyacc72|11223344556677889C\n|c| Lostmyacc72|11223344556677889C\n|c| Lostmyacc72|11223344556677889C\n|\n|t:|1698756011\n|switch|p1a: Koraidon|Koraidon|100\/100\n|-weather|SunnyDay|[from] ability: Orichalcum Pulse|[of] p1a: Koraidon\n|-activate|p1a: Koraidon|Orichalcum Pulse|[source]\n|turn|15\n|c| Lostmyacc72|11223344556677889C\n|c| Lostmyacc72|11223344556677889C\n|c| Lostmyacc72|11223344556677889C\n|c| Lostmyacc72|11223344556677889C\n|c| Lostmyacc72|11223344556677889C\n|c| Lostmyacc72|11223344556677889C\n|c| Lostmyacc72|11223344556677889C\n|c| Lostmyacc72|11223344556677889C\n|\n|t:|1698756027\n|-terastallize|p2a: Snorlax|Ghost\n|move|p1a: Koraidon|Low Kick|p2a: Snorlax\n|-immune|p2a: Snorlax\n|move|p2a: Snorlax|Body Slam|p1a: Koraidon\n|-damage|p1a: Koraidon|63\/100\n|\n|-weather|SunnyDay|[upkeep]\n|upkeep\n|turn|16\n|\n|t:|1698756037\n|switch|p1a: Arceus|Arceus|100\/100\n|move|p2a: Snorlax|Body Slam|p1a: Arceus\n|-damage|p1a: Arceus|70\/100\n|-status|p1a: Arceus|par\n|\n|-weather|SunnyDay|[upkeep]\n|upkeep\n|turn|17\n|\n|t:|1698756049\n|move|p1a: Arceus|Shadow Claw|p2a: Snorlax\n|-supereffective|p2a: Snorlax\n|-damage|p2a: Snorlax|64\/100\n|move|p2a: Snorlax|Body Slam|p1a: Arceus\n|-damage|p1a: Arceus|40\/100 par\n|\n|-weather|SunnyDay|[upkeep]\n|-heal|p2a: Snorlax|70\/100|[from] item: Leftovers\n|upkeep\n|turn|18\n|c| Lostmyacc72|body slam can do that\n|\n|t:|1698756060\n|move|p1a: Arceus|Shadow Claw|p2a: Snorlax\n|-supereffective|p2a: Snorlax\n|-damage|p2a: Snorlax|31\/100\n|move|p2a: Snorlax|Body Slam|p1a: Arceus\n|-damage|p1a: Arceus|9\/100 par\n|\n|-weather|SunnyDay|[upkeep]\n|-heal|p2a: Snorlax|37\/100|[from] item: Leftovers\n|upkeep\n|turn|19\n|\n|t:|1698756070\n|move|p1a: Arceus|Shadow Claw|p2a: Snorlax\n|-supereffective|p2a: Snorlax\n|-damage|p2a: Snorlax|0 fnt\n|faint|p2a: Snorlax\n|\n|-weather|none\n|upkeep\n|\n|t:|1698756085\n|switch|p2a: God|Jumpluff, M, shiny|100\/100\n|turn|20\n|\n|t:|1698756091\n|cant|p1a: Arceus|par\n|move|p2a: God|Energy Ball|p1a: Arceus\n|-damage|p1a: Arceus|0 fnt\n|faint|p1a: Arceus\n|\n|upkeep\n|\n|t:|1698756097\n|switch|p1a: Koraidon|Koraidon|63\/100\n|-weather|SunnyDay|[from] ability: Orichalcum Pulse|[of] p1a: Koraidon\n|-activate|p1a: Koraidon|Orichalcum Pulse|[source]\n|turn|21\n|\n|t:|1698756111\n|switch|p2a: Tanque|Toxapex, F|100\/100\n|move|p1a: Koraidon|Dragon Claw|p2a: Tanque\n|-damage|p2a: Tanque|58\/100\n|\n|-weather|SunnyDay|[upkeep]\n|-heal|p2a: Tanque|64\/100|[from] item: Black Sludge\n|upkeep\n|turn|22\n|c| Lostmyacc72|dragon claw on koraidon????\n|c| Lostmyacc72|that's new.\n|\n|t:|1698756133\n|move|p2a: Tanque|Baneful Bunker|p2a: Tanque\n|-singleturn|p2a: Tanque|move: Protect\n|move|p1a: Koraidon|Dragon Claw|p2a: Tanque\n|-activate|p2a: Tanque|move: Protect\n|-status|p1a: Koraidon|psn\n|\n|-weather|SunnyDay|[upkeep]\n|-heal|p2a: Tanque|71\/100|[from] item: Black Sludge\n|-damage|p1a: Koraidon|50\/100 psn|[from] psn\n|upkeep\n|turn|23\n|c| Lostmyacc72|scale shot better tbh\n|inactive|asterix2.p has 120 seconds left.\n|\n|t:|1698756153\n|move|p1a: Koraidon|Dragon Claw|p2a: Tanque\n|-damage|p2a: Tanque|32\/100\n|move|p2a: Tanque|Recover|p2a: Tanque\n|-heal|p2a: Tanque|82\/100\n|\n|-weather|SunnyDay|[upkeep]\n|-heal|p2a: Tanque|88\/100|[from] item: Black Sludge\n|-damage|p1a: Koraidon|38\/100 psn|[from] psn\n|upkeep\n|turn|24\n|inactive|asterix2.p has 120 seconds left.\n|\n|t:|1698756170\n|move|p2a: Tanque|Baneful Bunker|p2a: Tanque\n|-singleturn|p2a: Tanque|move: Protect\n|move|p1a: Koraidon|Dragon Claw|p2a: Tanque\n|-activate|p2a: Tanque|move: Protect\n|\n|-weather|SunnyDay|[upkeep]\n|-heal|p2a: Tanque|94\/100|[from] item: Black Sludge\n|-damage|p1a: Koraidon|26\/100 psn|[from] psn\n|upkeep\n|turn|25\n|inactive|asterix2.p has 120 seconds left.\n|c|\u260611223344556677889C|At least I play through my battles\n|\n|t:|1698756183\n|move|p1a: Koraidon|Dragon Claw|p2a: Tanque\n|-damage|p2a: Tanque|55\/100\n|move|p2a: Tanque|Liquidation|p1a: Koraidon\n|-resisted|p1a: Koraidon\n|-damage|p1a: Koraidon|22\/100 psn\n|-unboost|p1a: Koraidon|def|1\n|\n|-weather|none\n|-heal|p2a: Tanque|61\/100|[from] item: Black Sludge\n|-damage|p1a: Koraidon|10\/100 psn|[from] psn\n|upkeep\n|turn|26\n|c| Lostmyacc72|mhm\n|inactive|asterix2.p has 120 seconds left.\n|c| Lostmyacc72|ok\n|\n|t:|1698756196\n|move|p1a: Koraidon|Dragon Claw|p2a: Tanque\n|-damage|p2a: Tanque|31\/100\n|move|p2a: Tanque|Recover|p2a: Tanque\n|-heal|p2a: Tanque|81\/100\n|\n|-heal|p2a: Tanque|88\/100|[from] item: Black Sludge\n|-damage|p1a: Koraidon|0 fnt|[from] psn\n|faint|p1a: Koraidon\n|upkeep\n|c| Lostmyacc72|Now this is actually a really good team\n|c| Lostmyacc72|take notes here\n|c|\u260611223344556677889C|I dont quit when 1 pokemon dies\n|\n|t:|1698756220\n|switch|p1a: Ting-Lu|Ting-Lu|100\/100\n|-ability|p1a: Ting-Lu|Vessel of Ruin\n|turn|27\n|c| Lostmyacc72|I also know how the battle is gonna go\n|inactive|11223344556677889C has 120 seconds left.\n|c| Lostmyacc72|pretty easy to tell\n|\n|t:|1698756243\n|move|p1a: Ting-Lu|Earthquake|p2a: Tanque\n|-supereffective|p2a: Tanque\n|-damage|p2a: Tanque|23\/100\n|move|p2a: Tanque|Toxic|p1a: Ting-Lu\n|-status|p1a: Ting-Lu|tox\n|\n|-heal|p2a: Tanque|29\/100|[from] item: Black Sludge\n|-damage|p1a: Ting-Lu|94\/100 tox|[from] psn\n|upkeep\n|turn|28\n|inactive|11223344556677889C has 120 seconds left.\n|c| Lostmyacc72|I feel bad for the guy you're fighting\n|\n|t:|1698756256\n|move|p2a: Tanque|Baneful Bunker|p2a: Tanque\n|-singleturn|p2a: Tanque|move: Protect\n|move|p1a: Ting-Lu|Earthquake|p2a: Tanque\n|-activate|p2a: Tanque|move: Protect\n|\n|-heal|p1a: Ting-Lu|100\/100 tox|[from] item: Leftovers\n|-heal|p2a: Tanque|35\/100|[from] item: Black Sludge\n|-damage|p1a: Ting-Lu|88\/100 tox|[from] psn\n|upkeep\n|turn|29\n|c| Lostmyacc72|he has to listen to us argue\n|c|\u260611223344556677889C|y\n|inactive|11223344556677889C has 120 seconds left.\n|c|\u260611223344556677889C|yeah\n|\n|t:|1698756271\n|switch|p2a: Acorazado|Corviknight, F, shiny|100\/100\n|move|p1a: Ting-Lu|Earthquake|p2a: Acorazado\n|-immune|p2a: Acorazado\n|\n|-heal|p1a: Ting-Lu|94\/100 tox|[from] item: Leftovers\n|-damage|p1a: Ting-Lu|76\/100 tox|[from] psn\n|upkeep\n|turn|30\n|c|\u260611223344556677889C|gg you win\n|inactive|asterix2.p has 120 seconds left.\n|c| Lostmyacc72|that's a gg right there ya\n|\n|t:|1698756295\n|move|p1a: Ting-Lu|Ruination|p2a: Acorazado\n|-damage|p2a: Acorazado|50\/100\n|move|p2a: Acorazado|Body Press|p1a: Ting-Lu\n|-supereffective|p1a: Ting-Lu\n|-damage|p1a: Ting-Lu|43\/100 tox\n|\n|-heal|p1a: Ting-Lu|49\/100 tox|[from] item: Leftovers\n|-heal|p2a: Acorazado|57\/100|[from] item: Leftovers\n|-damage|p1a: Ting-Lu|24\/100 tox|[from] psn\n|upkeep\n|turn|31\n|inactive|asterix2.p has 120 seconds left.\n|j| Deltaruined\n|inactive|11223344556677889C has 120 seconds left.\n|\n|t:|1698756315\n|switch|p2a: Tanque|Toxapex, F|69\/100\n|move|p1a: Ting-Lu|Ruination|p2a: Tanque\n|-damage|p2a: Tanque|35\/100\n|\n|-heal|p1a: Ting-Lu|30\/100 tox|[from] item: Leftovers\n|-heal|p2a: Tanque|41\/100|[from] item: Black Sludge\n|-damage|p1a: Ting-Lu|0 fnt|[from] psn\n|faint|p1a: Ting-Lu\n|\n|win|asterix2.p\n|upkeep\n|raw|11223344556677889C's rating: 1212 &rarr; <strong>1178<\/strong><br \/>(-34 for losing)\n|raw|asterix2.p's rating: 1077 &rarr; <strong>1116<\/strong><br \/>(+39 for winning)\n|c|\u260611223344556677889C|gg\n","uploadtime":1698756329,"views":7,"p1id":"11223344556677889c","p2id":"asterix2p","formatid":"gen9anythinggoes","rating":1116,"private":0,"password":""}