{"id":"gen9anythinggoes-1973462157","p1":"dippysus","p2":"GainFire","format":"[Gen 9] Anything Goes","log":"|j|\u2606dippysus\n|j|\u2606GainFire\n|t:|1697979255\n|gametype|singles\n|player|p1|dippysus|lucas|1030\n|player|p2|GainFire|red|1137\n|teamsize|p1|6\n|teamsize|p2|6\n|gen|9\n|tier|[Gen 9] Anything Goes\n|rated|\n|rule|HP Percentage Mod: HP is shown in percentages\n|rule|Endless Battle Clause: Forcing endless battles is banned\n|clearpoke\n|poke|p1|Arceus|\n|poke|p1|Conkeldurr, F|\n|poke|p1|Thundurus, M|\n|poke|p1|Sableye, F|\n|poke|p1|Gliscor, M|\n|poke|p1|Ting-Lu|\n|poke|p2|Annihilape, F|\n|poke|p2|Zacian-*|\n|poke|p2|Miraidon|\n|poke|p2|Palkia-Origin|\n|poke|p2|Calyrex-Shadow|\n|poke|p2|Arceus-Poison|\n|teampreview\n|inactive|Battle timer is ON: inactive players will automatically lose when time's up. (requested by dippysus)\n|\n|t:|1697979269\n|start\n|switch|p1a: EATDEEZHANDS|Conkeldurr, F, shiny|100\/100\n|switch|p2a: Zacian|Zacian-Crowned|100\/100\n|-ability|p2a: Zacian|Intrepid Sword|boost\n|-boost|p2a: Zacian|atk|1\n|turn|1\n|\n|t:|1697979282\n|-terastallize|p1a: EATDEEZHANDS|Steel\n|move|p2a: Zacian|Behemoth Blade|p1a: EATDEEZHANDS\n|-resisted|p1a: EATDEEZHANDS\n|-damage|p1a: EATDEEZHANDS|69\/100\n|move|p1a: EATDEEZHANDS|Substitute|p1a: EATDEEZHANDS\n|-start|p1a: EATDEEZHANDS|Substitute\n|-damage|p1a: EATDEEZHANDS|44\/100\n|\n|-status|p1a: EATDEEZHANDS|brn|[from] item: Flame Orb\n|upkeep\n|turn|2\n|\n|t:|1697979300\n|-singleturn|p1a: EATDEEZHANDS|move: Focus Punch\n|move|p2a: Zacian|Close Combat|p1a: EATDEEZHANDS\n|-supereffective|p1a: EATDEEZHANDS\n|-end|p1a: EATDEEZHANDS|Substitute\n|-unboost|p2a: Zacian|def|1\n|-unboost|p2a: Zacian|spd|1\n|move|p1a: EATDEEZHANDS|Focus Punch|p2a: Zacian\n|-damage|p2a: Zacian|0 fnt\n|faint|p2a: Zacian\n|\n|-damage|p1a: EATDEEZHANDS|38\/100 brn|[from] brn\n|upkeep\n|\n|t:|1697979317\n|switch|p2a: Annihilape|Annihilape, F|100\/100\n|turn|3\n|\n|t:|1697979322\n|move|p2a: Annihilape|Close Combat|p1a: EATDEEZHANDS\n|-supereffective|p1a: EATDEEZHANDS\n|-damage|p1a: EATDEEZHANDS|0 fnt\n|-unboost|p2a: Annihilape|def|1\n|-unboost|p2a: Annihilape|spd|1\n|faint|p1a: EATDEEZHANDS\n|\n|upkeep\n|\n|t:|1697979332\n|switch|p1a: COVID|Gliscor, M|100\/100\n|turn|4\n|\n|t:|1697979344\n|move|p1a: COVID|Toxic Spikes|p2a: Annihilape\n|-sidestart|p2: GainFire|move: Toxic Spikes\n|move|p2a: Annihilape|Close Combat|p1a: COVID\n|-resisted|p1a: COVID\n|-damage|p1a: COVID|77\/100\n|-unboost|p2a: Annihilape|def|1\n|-unboost|p2a: Annihilape|spd|1\n|\n|-status|p1a: COVID|tox|[from] item: Toxic Orb\n|upkeep\n|turn|5\n|\n|t:|1697979359\n|move|p1a: COVID|Stealth Rock|p2a: Annihilape\n|-sidestart|p2: GainFire|move: Stealth Rock\n|move|p2a: Annihilape|Stone Edge|p1a: COVID|[miss]\n|-miss|p2a: Annihilape|p1a: COVID\n|\n|-heal|p1a: COVID|90\/100 tox|[from] ability: Poison Heal\n|upkeep\n|turn|6\n|\n|t:|1697979367\n|move|p1a: COVID|Fling|p2a: Annihilape\n|-damage|p2a: Annihilape|88\/100\n|-status|p2a: Annihilape|tox\n|-enditem|p1a: COVID|Toxic Orb|[from] move: Fling\n|move|p2a: Annihilape|Stone Edge|p1a: COVID|[miss]\n|-miss|p2a: Annihilape|p1a: COVID\n|\n|-heal|p1a: COVID|100\/100 tox|[from] ability: Poison Heal\n|-damage|p2a: Annihilape|82\/100 tox|[from] psn\n|upkeep\n|turn|7\n|\n|t:|1697979379\n|move|p1a: COVID|Toxic Spikes|p2a: Annihilape\n|-sidestart|p2: GainFire|move: Toxic Spikes\n|move|p2a: Annihilape|Shadow Ball|p1a: COVID\n|-damage|p1a: COVID|82\/100 tox\n|\n|-heal|p1a: COVID|94\/100 tox|[from] ability: Poison Heal\n|-damage|p2a: Annihilape|69\/100 tox|[from] psn\n|upkeep\n|turn|8\n|\n|t:|1697979390\n|move|p1a: COVID|Toxic Spikes||[still]\n|-fail|p1a: COVID\n|move|p2a: Annihilape|Stone Edge|p1a: COVID\n|-damage|p1a: COVID|68\/100 tox\n|\n|-heal|p1a: COVID|80\/100 tox|[from] ability: Poison Heal\n|-damage|p2a: Annihilape|51\/100 tox|[from] psn\n|upkeep\n|turn|9\n|\n|t:|1697979403\n|switch|p1a: cow.|Ting-Lu|100\/100\n|-ability|p1a: cow.|Vessel of Ruin\n|switch|p2a: Arceus|Arceus-Poison|100\/100\n|-sideend|p2: GainFire|move: Toxic Spikes|[of] p2a: Arceus\n|-damage|p2a: Arceus|88\/100|[from] Stealth Rock\n|\n|upkeep\n|turn|10\n|\n|t:|1697979419\n|move|p2a: Arceus|Draco Meteor|p1a: cow.\n|-damage|p1a: cow.|85\/100\n|-unboost|p2a: Arceus|spa|2\n|move|p1a: cow.|Spikes|p2a: Arceus\n|-sidestart|p2: GainFire|Spikes\n|\n|-heal|p1a: cow.|92\/100|[from] item: Leftovers\n|upkeep\n|turn|11\n|\n|t:|1697979434\n|move|p2a: Arceus|Blizzard|p1a: cow.\n|-supereffective|p1a: cow.\n|-damage|p1a: cow.|79\/100\n|move|p1a: cow.|Spikes|p2a: Arceus\n|-sidestart|p2: GainFire|Spikes\n|\n|-heal|p1a: cow.|85\/100|[from] item: Leftovers\n|upkeep\n|turn|12\n|\n|t:|1697979448\n|-terastallize|p2a: Arceus|Poison\n|move|p2a: Arceus|Gunk Shot|p1a: cow.\n|-resisted|p1a: cow.\n|-damage|p1a: cow.|63\/100\n|move|p1a: cow.|Spikes|p2a: Arceus\n|-sidestart|p2: GainFire|Spikes\n|\n|-heal|p1a: cow.|69\/100|[from] item: Leftovers\n|upkeep\n|turn|13\n|\n|t:|1697979458\n|move|p2a: Arceus|Gunk Shot|p1a: cow.\n|-resisted|p1a: cow.\n|-damage|p1a: cow.|47\/100\n|-status|p1a: cow.|psn\n|move|p1a: cow.|Whirlwind|p2a: Arceus\n|drag|p2a: Palkia|Palkia-Origin|100\/100\n|-damage|p2a: Palkia|88\/100|[from] Stealth Rock\n|-damage|p2a: Palkia|63\/100|[from] Spikes\n|-ability|p2a: Palkia|Pressure\n|\n|-heal|p1a: cow.|53\/100 psn|[from] item: Leftovers\n|-damage|p1a: cow.|40\/100 psn|[from] psn\n|upkeep\n|turn|14\n|\n|t:|1697979474\n|move|p2a: Palkia|Spacial Rend|p1a: cow.\n|-damage|p1a: cow.|13\/100 psn\n|move|p1a: cow.|Whirlwind|p2a: Palkia\n|drag|p2a: Calyrex|Calyrex-Shadow|100\/100\n|-ability|p2a: Calyrex|As One\n|-ability|p2a: Calyrex|Unnerve\n|-damage|p2a: Calyrex|88\/100|[from] Stealth Rock\n|-damage|p2a: Calyrex|63\/100|[from] Spikes\n|\n|-heal|p1a: cow.|19\/100 psn|[from] item: Leftovers\n|-damage|p1a: cow.|7\/100 psn|[from] psn\n|upkeep\n|turn|15\n|\n|t:|1697979492\n|move|p2a: Calyrex|Dark Pulse|p1a: cow.\n|-resisted|p1a: cow.\n|-damage|p1a: cow.|1\/100 psn\n|move|p1a: cow.|Whirlwind|p2a: Calyrex\n|drag|p2a: Palkia|Palkia-Origin|63\/100\n|-damage|p2a: Palkia|51\/100|[from] Stealth Rock\n|-damage|p2a: Palkia|26\/100|[from] Spikes\n|-ability|p2a: Palkia|Pressure\n|\n|-heal|p1a: cow.|7\/100 psn|[from] item: Leftovers\n|-damage|p1a: cow.|0 fnt|[from] psn\n|faint|p1a: cow.\n|upkeep\n|\n|t:|1697979506\n|switch|p1a: gremlin|Sableye, F|100\/100\n|turn|16\n|\n|t:|1697979514\n|switch|p2a: Arceus|Arceus-Poison, tera:Poison|88\/100\n|-damage|p2a: Arceus|76\/100|[from] Stealth Rock\n|-damage|p2a: Arceus|51\/100|[from] Spikes\n|move|p1a: gremlin|Trick||[still]\n|-fail|p1a: gremlin\n|\n|upkeep\n|turn|17\n|\n|t:|1697979526\n|move|p1a: gremlin|Will-O-Wisp|p2a: Arceus\n|-status|p2a: Arceus|brn\n|move|p2a: Arceus|Draco Meteor|p1a: gremlin\n|-damage|p1a: gremlin|55\/100\n|-unboost|p2a: Arceus|spa|2\n|\n|-damage|p2a: Arceus|45\/100 brn|[from] brn\n|upkeep\n|turn|18\n|\n|t:|1697979538\n|move|p1a: gremlin|Recover|p1a: gremlin\n|-heal|p1a: gremlin|100\/100\n|move|p2a: Arceus|Gunk Shot|p1a: gremlin|[miss]\n|-miss|p2a: Arceus|p1a: gremlin\n|\n|-damage|p2a: Arceus|38\/100 brn|[from] brn\n|upkeep\n|turn|19\n|\n|t:|1697979551\n|switch|p1a: HEEHEEHEEHAA|Arceus|100\/100\n|move|p2a: Arceus|Fire Blast|p1a: HEEHEEHEEHAA\n|-damage|p1a: HEEHEEHEEHAA|91\/100\n|\n|-heal|p1a: HEEHEEHEEHAA|97\/100|[from] item: Leftovers\n|-damage|p2a: Arceus|32\/100 brn|[from] brn\n|upkeep\n|turn|20\n|\n|t:|1697979564\n|switch|p2a: Annihilape|Annihilape, F|51\/100 tox\n|-damage|p2a: Annihilape|44\/100 tox|[from] Stealth Rock\n|-damage|p2a: Annihilape|19\/100 tox|[from] Spikes\n|move|p1a: HEEHEEHEEHAA|Cosmic Power|p1a: HEEHEEHEEHAA\n|-boost|p1a: HEEHEEHEEHAA|def|1\n|-boost|p1a: HEEHEEHEEHAA|spd|1\n|\n|-heal|p1a: HEEHEEHEEHAA|100\/100|[from] item: Leftovers\n|-damage|p2a: Annihilape|13\/100 tox|[from] psn\n|upkeep\n|turn|21\n|\n|t:|1697979578\n|move|p2a: Annihilape|Close Combat|p1a: HEEHEEHEEHAA\n|-supereffective|p1a: HEEHEEHEEHAA\n|-damage|p1a: HEEHEEHEEHAA|61\/100\n|-unboost|p2a: Annihilape|def|1\n|-unboost|p2a: Annihilape|spd|1\n|move|p1a: HEEHEEHEEHAA|Dragon Tail|p2a: Annihilape|[miss]\n|-miss|p1a: HEEHEEHEEHAA|p2a: Annihilape\n|\n|-heal|p1a: HEEHEEHEEHAA|67\/100|[from] item: Leftovers\n|-damage|p2a: Annihilape|1\/100 tox|[from] psn\n|upkeep\n|turn|22\n|\n|t:|1697979591\n|move|p1a: HEEHEEHEEHAA|Cosmic Power|p1a: HEEHEEHEEHAA\n|-boost|p1a: HEEHEEHEEHAA|def|1\n|-boost|p1a: HEEHEEHEEHAA|spd|1\n|move|p2a: Annihilape|Close Combat|p1a: HEEHEEHEEHAA\n|-supereffective|p1a: HEEHEEHEEHAA\n|-damage|p1a: HEEHEEHEEHAA|38\/100\n|-unboost|p2a: Annihilape|def|1\n|-unboost|p2a: Annihilape|spd|1\n|\n|-heal|p1a: HEEHEEHEEHAA|44\/100|[from] item: Leftovers\n|-damage|p2a: Annihilape|0 fnt|[from] psn\n|faint|p2a: Annihilape\n|upkeep\n|\n|t:|1697979605\n|switch|p2a: Miraidon|Miraidon|100\/100\n|-damage|p2a: Miraidon|88\/100|[from] Stealth Rock\n|-damage|p2a: Miraidon|63\/100|[from] Spikes\n|-fieldstart|move: Electric Terrain|[from] ability: Hadron Engine|[of] p2a: Miraidon\n|turn|23\n|\n|t:|1697979622\n|move|p2a: Miraidon|Draco Meteor|p1a: HEEHEEHEEHAA\n|-damage|p1a: HEEHEEHEEHAA|10\/100\n|-unboost|p2a: Miraidon|spa|2\n|-damage|p2a: Miraidon|53\/100|[from] item: Life Orb\n|move|p1a: HEEHEEHEEHAA|Recover|p1a: HEEHEEHEEHAA\n|-heal|p1a: HEEHEEHEEHAA|60\/100\n|\n|-heal|p1a: HEEHEEHEEHAA|66\/100|[from] item: Leftovers\n|upkeep\n|turn|24\n|\n|t:|1697979635\n|move|p2a: Miraidon|Electro Drift|p1a: HEEHEEHEEHAA\n|-damage|p1a: HEEHEEHEEHAA|51\/100\n|-damage|p2a: Miraidon|43\/100|[from] item: Life Orb\n|move|p1a: HEEHEEHEEHAA|Dragon Tail|p2a: Miraidon\n|-supereffective|p2a: Miraidon\n|-damage|p2a: Miraidon|15\/100\n|drag|p2a: Palkia|Palkia-Origin|26\/100\n|-damage|p2a: Palkia|13\/100|[from] Stealth Rock\n|-damage|p2a: Palkia|0 fnt|[from] Spikes\n|faint|p2a: Palkia\n|\n|-heal|p1a: HEEHEEHEEHAA|57\/100|[from] item: Leftovers\n|upkeep\n|inactive|GainFire has 120 seconds left.\n|\n|t:|1697979651\n|switch|p2a: Calyrex|Calyrex-Shadow|63\/100\n|-ability|p2a: Calyrex|As One\n|-ability|p2a: Calyrex|Unnerve\n|-damage|p2a: Calyrex|51\/100|[from] Stealth Rock\n|-damage|p2a: Calyrex|26\/100|[from] Spikes\n|turn|25\n|\n|t:|1697979661\n|move|p2a: Calyrex|Astral Barrage|p1a: HEEHEEHEEHAA\n|-immune|p1a: HEEHEEHEEHAA\n|move|p1a: HEEHEEHEEHAA|Dragon Tail|p2a: Calyrex|[miss]\n|-miss|p1a: HEEHEEHEEHAA|p2a: Calyrex\n|\n|-heal|p1a: HEEHEEHEEHAA|63\/100|[from] item: Leftovers\n|upkeep\n|turn|26\n|\n|t:|1697979673\n|move|p2a: Calyrex|Psychic|p1a: HEEHEEHEEHAA\n|-damage|p1a: HEEHEEHEEHAA|49\/100\n|move|p1a: HEEHEEHEEHAA|Dragon Tail|p2a: Calyrex\n|-damage|p2a: Calyrex|10\/100\n|drag|p2a: Miraidon|Miraidon|15\/100\n|-damage|p2a: Miraidon|3\/100|[from] Stealth Rock\n|-damage|p2a: Miraidon|0 fnt|[from] Spikes\n|faint|p2a: Miraidon\n|\n|-heal|p1a: HEEHEEHEEHAA|55\/100|[from] item: Leftovers\n|upkeep\n|inactive|GainFire has 120 seconds left.\n|-message|GainFire forfeited.\n|\n|win|dippysus\n|raw|dippysus's rating: 1030 &rarr; <strong>1076<\/strong><br \/>(+46 for winning)\n|raw|GainFire's rating: 1137 &rarr; <strong>1105<\/strong><br \/>(-32 for losing)\n|l|\u2606GainFire\n","uploadtime":1697979698,"views":17,"p1id":"dippysus","p2id":"gainfire","formatid":"gen9anythinggoes","rating":1076,"private":0,"password":""}