{"id":"gen9anythinggoes-1976329242","p1":"Joel lllllllllll","p2":"laprasplayer","format":"[Gen 9] Anything Goes","log":"|j|\u2606Joel lllllllllll\n|j|\u2606laprasplayer\n|inactive|Battle timer is ON: inactive players will automatically lose when time's up.\n|t:|1698287302\n|gametype|singles\n|player|p1|Joel lllllllllll|lusamine-nihilego|\n|player|p2|laprasplayer|102|\n|teamsize|p1|6\n|teamsize|p2|6\n|gen|9\n|tier|[Gen 9] Anything Goes\n|rated|Tournament battle\n|rule|HP Percentage Mod: HP is shown in percentages\n|rule|Endless Battle Clause: Forcing endless battles is banned\n|rule|Tier Shift Mod: Pok\u00e9mon get stat buffs depending on their tier, excluding HP.\n|clearpoke\n|poke|p1|Flutter Mane|\n|poke|p1|Barraskewda, M|\n|poke|p1|Sinistcha|\n|poke|p1|Chien-Pao|\n|poke|p1|Ogerpon-Hearthflame, F|\n|poke|p1|Mimikyu, F|\n|poke|p2|Houndstone, F|\n|poke|p2|Hippowdon, F|\n|poke|p2|Koraidon|\n|poke|p2|Wo-Chien|\n|poke|p2|Miraidon|\n|poke|p2|Arceus-Fairy|\n|teampreview\n|j| JJJump\n|j| pokenerddude\n|j|%Pure Hackmons@!\n|c|\u2606laprasplayer|real\n|c| JJJump|good luck to the bth of you\n|c| JJJump|both*\n|inactive|Joel lllllllllll has 120 seconds left.\n|j| Future king of ou\n|\n|t:|1698287334\n|start\n|switch|p1a: Sinistcha|Sinistcha|100\/100\n|switch|p2a: Miraidon|Miraidon|100\/100\n|-fieldstart|move: Electric Terrain|[from] ability: Hadron Engine|[of] p2a: Miraidon\n|turn|1\n|\n|t:|1698287364\n|move|p1a: Sinistcha|Protect|p1a: Sinistcha\n|-singleturn|p1a: Sinistcha|Protect\n|move|p2a: Miraidon|Overheat|p1a: Sinistcha\n|-activate|p1a: Sinistcha|move: Protect\n|\n|upkeep\n|turn|2\n|\n|t:|1698287380\n|move|p2a: Miraidon|Overheat|p1a: Sinistcha\n|-supereffective|p1a: Sinistcha\n|-damage|p1a: Sinistcha|36\/100\n|-unboost|p2a: Miraidon|spa|2\n|move|p1a: Sinistcha|Shadow Ball|p2a: Miraidon\n|-damage|p2a: Miraidon|66\/100\n|-unboost|p2a: Miraidon|spd|1\n|\n|upkeep\n|turn|3\n|\n|t:|1698287393\n|move|p1a: Sinistcha|Protect|p1a: Sinistcha\n|-singleturn|p1a: Sinistcha|Protect\n|move|p2a: Miraidon|Overheat|p1a: Sinistcha\n|-activate|p1a: Sinistcha|move: Protect\n|\n|upkeep\n|turn|4\n|j| ZowwyCafe\u2764\n|\n|t:|1698287411\n|move|p2a: Miraidon|Overheat|p1a: Sinistcha\n|-supereffective|p1a: Sinistcha\n|-damage|p1a: Sinistcha|3\/100\n|-unboost|p2a: Miraidon|spa|2\n|move|p1a: Sinistcha|Strength Sap|p2a: Miraidon\n|-unboost|p2a: Miraidon|atk|1\n|-heal|p1a: Sinistcha|57\/100\n|\n|upkeep\n|turn|5\n|c|\u2606laprasplayer|oh\n|\n|t:|1698287421\n|switch|p2a: Wo-Chien|Wo-Chien|100\/100\n|-ability|p2a: Wo-Chien|Tablets of Ruin\n|move|p1a: Sinistcha|Matcha Gotcha|p2a: Wo-Chien\n|-resisted|p2a: Wo-Chien\n|-damage|p2a: Wo-Chien|92\/100\n|-heal|p1a: Sinistcha|62\/100|[from] drain|[of] p2a: Wo-Chien\n|-status|p2a: Wo-Chien|brn\n|\n|-heal|p2a: Wo-Chien|98\/100 brn|[from] item: Leftovers\n|-damage|p2a: Wo-Chien|92\/100 brn|[from] brn\n|-fieldend|move: Electric Terrain\n|upkeep\n|turn|6\n|inactive|Joel lllllllllll has 120 seconds left.\n|inactive|Joel lllllllllll has 90 seconds left.\n|inactive|Joel lllllllllll has 60 seconds left.\n|\n|t:|1698287503\n|move|p2a: Wo-Chien|Knock Off|p1a: Sinistcha\n|-supereffective|p1a: Sinistcha\n|-damage|p1a: Sinistcha|40\/100\n|-damage|p2a: Wo-Chien|75\/100 brn|[from] item: Rocky Helmet|[of] p1a: Sinistcha\n|-enditem|p1a: Sinistcha|Rocky Helmet|[from] move: Knock Off|[of] p2a: Wo-Chien\n|move|p1a: Sinistcha|Strength Sap|p2a: Wo-Chien\n|-unboost|p2a: Wo-Chien|atk|1\n|-heal|p1a: Sinistcha|100\/100\n|\n|-heal|p2a: Wo-Chien|81\/100 brn|[from] item: Leftovers\n|-damage|p2a: Wo-Chien|75\/100 brn|[from] brn\n|upkeep\n|turn|7\n|inactive|Joel lllllllllll has 60 seconds left.\n|\n|t:|1698287516\n|switch|p2a: Arceus|Arceus-Fairy|100\/100\n|switch|p1a: Ogerpon|Ogerpon-Hearthflame, F|100\/100\n|-ability|p1a: Ogerpon|Mold Breaker\n|\n|upkeep\n|turn|8\n|inactive|Joel lllllllllll has 60 seconds left.\n|\n|t:|1698287527\n|switch|p2a: Koraidon|Koraidon|100\/100\n|-weather|SunnyDay|[from] ability: Orichalcum Pulse|[of] p2a: Koraidon\n|-activate|p2a: Koraidon|Orichalcum Pulse|[source]\n|move|p1a: Ogerpon|Swords Dance|p1a: Ogerpon\n|-boost|p1a: Ogerpon|atk|2\n|\n|-weather|SunnyDay|[upkeep]\n|upkeep\n|turn|9\n|inactive|Joel lllllllllll has 60 seconds left.\n|\n|t:|1698287545\n|move|p1a: Ogerpon|Spiky Shield|p1a: Ogerpon\n|-singleturn|p1a: Ogerpon|move: Protect\n|move|p2a: Koraidon|Bulk Up|p2a: Koraidon\n|-boost|p2a: Koraidon|atk|1\n|-boost|p2a: Koraidon|def|1\n|\n|-weather|SunnyDay|[upkeep]\n|upkeep\n|turn|10\n|inactive|Joel lllllllllll has 60 seconds left.\n|\n|t:|1698287555\n|-terastallize|p1a: Ogerpon|Fire\n|detailschange|p1a: Ogerpon|Ogerpon-Hearthflame-Tera, F, tera:Fire\n|-ability|p1a: Ogerpon|Embody Aspect (Hearthflame)|boost\n|-boost|p1a: Ogerpon|atk|1\n|move|p2a: Koraidon|Flare Blitz|p1a: Ogerpon\n|-resisted|p1a: Ogerpon\n|-damage|p1a: Ogerpon|13\/100\n|-damage|p2a: Koraidon|75\/100|[from] Recoil\n|move|p1a: Ogerpon|Ivy Cudgel|p2a: Koraidon\n|-resisted|p2a: Koraidon\n|-damage|p2a: Koraidon|0 fnt\n|faint|p2a: Koraidon\n|\n|-weather|SunnyDay|[upkeep]\n|upkeep\n|\n|t:|1698287558\n|switch|p2a: Miraidon|Miraidon|66\/100\n|-fieldstart|move: Electric Terrain|[from] ability: Hadron Engine|[of] p2a: Miraidon\n|turn|11\n|inactive|Joel lllllllllll has 60 seconds left.\n|\n|t:|1698287575\n|move|p2a: Miraidon|Electro Drift|p1a: Ogerpon\n|-damage|p1a: Ogerpon|0 fnt\n|faint|p1a: Ogerpon\n|\n|-weather|SunnyDay|[upkeep]\n|upkeep\n|inactive|Joel lllllllllll has 60 seconds left.\n|\n|t:|1698287581\n|switch|p1a: Apricot Princess|Mimikyu, F, shiny|100\/100\n|turn|12\n|\n|t:|1698287588\n|move|p2a: Miraidon|Electro Drift|p1a: Apricot Princess\n|-activate|p1a: Apricot Princess|ability: Disguise\n|-damage|p1a: Apricot Princess|100\/100\n|detailschange|p1a: Apricot Princess|Mimikyu-Busted, F, shiny\n|-damage|p1a: Apricot Princess|88\/100|[from] pokemon: Mimikyu-Busted\n|move|p1a: Apricot Princess|Play Rough|p2a: Miraidon\n|-supereffective|p2a: Miraidon\n|-damage|p2a: Miraidon|0 fnt\n|faint|p2a: Miraidon\n|-damage|p1a: Apricot Princess|78\/100|[from] item: Life Orb\n|\n|-weather|none\n|upkeep\n|\n|t:|1698287591\n|switch|p2a: Hippowdon|Hippowdon, F|100\/100\n|-weather|Sandstorm|[from] ability: Sand Stream|[of] p2a: Hippowdon\n|turn|13\n|\n|t:|1698287609\n|move|p1a: Apricot Princess|Swords Dance|p1a: Apricot Princess\n|-boost|p1a: Apricot Princess|atk|2\n|move|p2a: Hippowdon|Stealth Rock|p1a: Apricot Princess\n|-sidestart|p1: Joel lllllllllll|move: Stealth Rock\n|\n|-weather|Sandstorm|[upkeep]\n|-damage|p1a: Apricot Princess|72\/100|[from] Sandstorm\n|upkeep\n|turn|14\n|c| ZowwyCafe\u2764|o_o\n|\n|t:|1698287623\n|move|p1a: Apricot Princess|Play Rough|p2a: Hippowdon\n|-damage|p2a: Hippowdon|53\/100\n|-damage|p1a: Apricot Princess|56\/100|[from] item: Rocky Helmet|[of] p2a: Hippowdon\n|-damage|p1a: Apricot Princess|46\/100|[from] item: Life Orb\n|move|p2a: Hippowdon|Earthquake|p1a: Apricot Princess\n|-damage|p1a: Apricot Princess|0 fnt\n|faint|p1a: Apricot Princess\n|\n|-weather|Sandstorm|[upkeep]\n|upkeep\n|inactive|Joel lllllllllll has 60 seconds left.\n|\n|t:|1698287648\n|switch|p1a: Barraskewda|Barraskewda, M|100\/100\n|-damage|p1a: Barraskewda|88\/100|[from] Stealth Rock\n|turn|15\n|inactive|Joel lllllllllll has 30 seconds left.\n|inactive|Joel lllllllllll has 20 seconds left.\n|inactive|Joel lllllllllll has 15 seconds left.\n|inactive|Joel lllllllllll has 10 seconds left.\n|inactive|Joel lllllllllll has 5 seconds left.\n|c|\u2606laprasplayer|uhh\n|-message|Joel lllllllllll lost due to inactivity.\n|\n|win|laprasplayer\n|n|\u2606Joel lllllllllll|joellllllllllll\n|n|\u2606laprasplayer|laprasplayer\n|n| JJJump|jjjump\n|n| pokenerddude|pokenerddude\n|n| Pure Hackmons@!|purehackmons\n|n| Future king of ou|futurekingofou\n|n| ZowwyCafe\u2764|zowwycafe\n","uploadtime":1698287703,"views":16,"p1id":"joellllllllllll","p2id":"laprasplayer","formatid":"gen9anythinggoes","rating":0,"private":0,"password":""}