{"id":"gen9anythinggoes-1974386531","p1":"ringlord","p2":"GX001","format":"[Gen 9] Anything Goes","log":"|j|\u2606ringlord\n|j|\u2606GX001\n|t:|1698082879\n|gametype|singles\n|player|p1|ringlord|102|1645\n|player|p2|GX001|102|1646\n|teamsize|p1|6\n|teamsize|p2|6\n|gen|9\n|tier|[Gen 9] Anything Goes\n|rated|\n|rule|HP Percentage Mod: HP is shown in percentages\n|rule|Endless Battle Clause: Forcing endless battles is banned\n|clearpoke\n|poke|p1|Arceus-Ground|\n|poke|p1|Arceus|\n|poke|p1|Ditto|\n|poke|p1|Eternatus|\n|poke|p1|Koraidon|\n|poke|p1|Miraidon|\n|poke|p2|Calyrex-Shadow|\n|poke|p2|Chien-Pao|\n|poke|p2|Zacian-*|\n|poke|p2|Kyogre|\n|poke|p2|Koraidon|\n|poke|p2|Ditto|\n|teampreview\n|inactive|Battle timer is ON: inactive players will automatically lose when time's up. (requested by GX001)\n|\n|t:|1698082902\n|start\n|switch|p1a: Eternatus|Eternatus|100\/100\n|switch|p2a: Kyogre|Kyogre|100\/100\n|-ability|p1a: Eternatus|Pressure\n|-weather|RainDance|[from] ability: Drizzle|[of] p2a: Kyogre\n|turn|1\n|\n|t:|1698082909\n|switch|p2a: Zacian|Zacian-Crowned|100\/100\n|-ability|p2a: Zacian|Intrepid Sword|boost\n|-boost|p2a: Zacian|atk|1\n|move|p1a: Eternatus|Dynamax Cannon|p2a: Zacian\n|-immune|p2a: Zacian\n|\n|-weather|RainDance|[upkeep]\n|upkeep\n|turn|2\n|\n|t:|1698082919\n|move|p2a: Zacian|Behemoth Blade|p1a: Eternatus\n|-damage|p1a: Eternatus|29\/100\n|move|p1a: Eternatus|Flamethrower|p2a: Zacian\n|-supereffective|p2a: Zacian\n|-damage|p2a: Zacian|56\/100\n|-damage|p1a: Eternatus|19\/100|[from] item: Life Orb\n|\n|-weather|RainDance|[upkeep]\n|upkeep\n|turn|3\n|\n|t:|1698082926\n|move|p2a: Zacian|Behemoth Blade|p1a: Eternatus\n|-damage|p1a: Eternatus|0 fnt\n|faint|p1a: Eternatus\n|\n|-weather|RainDance|[upkeep]\n|upkeep\n|\n|t:|1698082929\n|switch|p1a: Arceus|Arceus|100\/100\n|turn|4\n|\n|t:|1698082931\n|move|p2a: Zacian|Sacred Sword|p1a: Arceus\n|-supereffective|p1a: Arceus\n|-damage|p1a: Arceus|35\/100\n|move|p1a: Arceus|Stealth Rock|p2a: Zacian\n|-sidestart|p2: GX001|move: Stealth Rock\n|\n|-weather|RainDance|[upkeep]\n|upkeep\n|turn|5\n|\n|t:|1698082940\n|move|p1a: Arceus|Extreme Speed|p2a: Zacian\n|-resisted|p2a: Zacian\n|-damage|p2a: Zacian|36\/100\n|move|p2a: Zacian|Sacred Sword|p1a: Arceus\n|-supereffective|p1a: Arceus\n|-damage|p1a: Arceus|0 fnt\n|faint|p1a: Arceus\n|\n|-weather|none\n|upkeep\n|\n|t:|1698082943\n|switch|p1a: Ditto|Ditto|100\/100\n|-transform|p1a: Ditto|p2a: Zacian|[from] ability: Imposter\n|-ability|p1a: Ditto|Intrepid Sword|boost\n|-boost|p1a: Ditto|atk|1\n|turn|6\n|\n|t:|1698082946\n|move|p1a: Ditto|Behemoth Blade|p2a: Zacian\n|-damage|p2a: Zacian|0 fnt\n|faint|p2a: Zacian\n|\n|upkeep\n|\n|t:|1698082955\n|switch|p2a: Kyogre|Kyogre|100\/100\n|-damage|p2a: Kyogre|88\/100|[from] Stealth Rock\n|-weather|RainDance|[from] ability: Drizzle|[of] p2a: Kyogre\n|turn|7\n|\n|t:|1698082960\n|move|p1a: Ditto|Behemoth Blade|p2a: Kyogre\n|-resisted|p2a: Kyogre\n|-damage|p2a: Kyogre|24\/100\n|move|p2a: Kyogre|Origin Pulse|p1a: Ditto\n|-damage|p1a: Ditto|0 fnt\n|faint|p1a: Ditto\n|\n|-weather|RainDance|[upkeep]\n|upkeep\n|\n|t:|1698082970\n|switch|p1a: Miraidon|Miraidon|100\/100\n|-fieldstart|move: Electric Terrain|[from] ability: Hadron Engine|[of] p1a: Miraidon\n|turn|8\n|\n|t:|1698082976\n|move|p1a: Miraidon|Volt Switch|p2a: Kyogre\n|-supereffective|p2a: Kyogre\n|-damage|p2a: Kyogre|0 fnt\n|faint|p2a: Kyogre\n|\n|t:|1698082986\n|switch|p1a: Koraidon|Koraidon|100\/100|[from] Volt Switch\n|-weather|SunnyDay|[from] ability: Orichalcum Pulse|[of] p1a: Koraidon\n|-activate|p1a: Koraidon|Orichalcum Pulse|[source]\n|\n|-weather|SunnyDay|[upkeep]\n|upkeep\n|\n|t:|1698082996\n|switch|p2a: Koraidon|Koraidon|100\/100\n|-damage|p2a: Koraidon|94\/100|[from] Stealth Rock\n|-activate|p2a: Koraidon|ability: Orichalcum Pulse\n|turn|9\n|\n|t:|1698083004\n|-terastallize|p2a: Koraidon|Fire\n|-terastallize|p1a: Koraidon|Fairy\n|move|p2a: Koraidon|Outrage|p1a: Koraidon\n|-immune|p1a: Koraidon\n|move|p1a: Koraidon|Dragon Claw|p2a: Koraidon\n|-damage|p2a: Koraidon|40\/100\n|\n|-weather|SunnyDay|[upkeep]\n|upkeep\n|turn|10\n|\n|t:|1698083016\n|switch|p2a: Chien-Pao|Chien-Pao|100\/100\n|-damage|p2a: Chien-Pao|76\/100|[from] Stealth Rock\n|-ability|p2a: Chien-Pao|Sword of Ruin\n|move|p1a: Koraidon|Dragon Claw|p2a: Chien-Pao\n|-damage|p2a: Chien-Pao|0 fnt\n|faint|p2a: Chien-Pao\n|\n|-weather|SunnyDay|[upkeep]\n|upkeep\n|\n|t:|1698083019\n|switch|p2a: Koraidon|Koraidon, tera:Fire|40\/100\n|-damage|p2a: Koraidon|15\/100|[from] Stealth Rock\n|-activate|p2a: Koraidon|ability: Orichalcum Pulse\n|turn|11\n|\n|t:|1698083028\n|move|p2a: Koraidon|Flare Blitz|p1a: Koraidon\n|-damage|p1a: Koraidon|0 fnt\n|faint|p1a: Koraidon\n|-damage|p2a: Koraidon|0 fnt|[from] Recoil\n|faint|p2a: Koraidon\n|\n|-weather|SunnyDay|[upkeep]\n|upkeep\n|c|\u2606ringlord|sigh\n|c|\u2606ringlord|lost both speed ties\n|\n|t:|1698083044\n|switch|p1a: Arceus|Arceus-Ground|100\/100\n|switch|p2a: Ditto|Ditto|100\/100\n|-damage|p2a: Ditto|88\/100|[from] Stealth Rock\n|-transform|p2a: Ditto|p1a: Arceus|[from] ability: Imposter\n|turn|12\n|\n|t:|1698083054\n|switch|p2a: Calyrex|Calyrex-Shadow|100\/100\n|-ability|p2a: Calyrex|As One\n|-ability|p2a: Calyrex|Unnerve\n|-damage|p2a: Calyrex|88\/100|[from] Stealth Rock\n|move|p1a: Arceus|Calm Mind|p1a: Arceus\n|-boost|p1a: Arceus|spa|1\n|-boost|p1a: Arceus|spd|1\n|\n|-weather|none\n|-fieldend|move: Electric Terrain\n|upkeep\n|turn|13\n|\n|t:|1698083062\n|move|p2a: Calyrex|Psyshock|p1a: Arceus\n|-damage|p1a: Arceus|76\/100\n|move|p1a: Arceus|Judgment|p2a: Calyrex\n|-damage|p2a: Calyrex|10\/100\n|\n|upkeep\n|turn|14\n|\n|t:|1698083071\n|move|p2a: Calyrex|Astral Barrage|p1a: Arceus\n|-damage|p1a: Arceus|43\/100\n|move|p1a: Arceus|Judgment|p2a: Calyrex\n|-damage|p2a: Calyrex|0 fnt\n|faint|p2a: Calyrex\n|\n|upkeep\n|\n|t:|1698083076\n|switch|p2a: Ditto|Ditto|88\/100\n|-damage|p2a: Ditto|76\/100|[from] Stealth Rock\n|-transform|p2a: Ditto|p1a: Arceus|[from] ability: Imposter\n|turn|15\n|\n|t:|1698083081\n|move|p2a: Ditto|Ice Beam|p1a: Arceus\n|-supereffective|p1a: Arceus\n|-damage|p1a: Arceus|13\/100\n|move|p1a: Arceus|Recover|p1a: Arceus\n|-heal|p1a: Arceus|63\/100\n|\n|upkeep\n|turn|16\n|\n|t:|1698083084\n|move|p2a: Ditto|Ice Beam|p1a: Arceus\n|-supereffective|p1a: Arceus\n|-damage|p1a: Arceus|32\/100\n|move|p1a: Arceus|Recover|p1a: Arceus\n|-heal|p1a: Arceus|82\/100\n|\n|upkeep\n|turn|17\n|\n|t:|1698083088\n|move|p2a: Ditto|Ice Beam|p1a: Arceus\n|-supereffective|p1a: Arceus\n|-damage|p1a: Arceus|48\/100\n|-status|p1a: Arceus|frz\n|cant|p1a: Arceus|frz\n|\n|upkeep\n|turn|18\n|\n|t:|1698083094\n|move|p2a: Ditto|Ice Beam|p1a: Arceus\n|-supereffective|p1a: Arceus\n|-damage|p1a: Arceus|16\/100 frz\n|-curestatus|p1a: Arceus|frz|[msg]\n|move|p1a: Arceus|Recover|p1a: Arceus\n|-heal|p1a: Arceus|66\/100\n|\n|upkeep\n|turn|19\n|\n|t:|1698083099\n|move|p2a: Ditto|Ice Beam|p1a: Arceus\n|-supereffective|p1a: Arceus\n|-damage|p1a: Arceus|31\/100\n|move|p1a: Arceus|Recover|p1a: Arceus\n|-heal|p1a: Arceus|81\/100\n|\n|upkeep\n|turn|20\n|-message|GX001 forfeited.\n|\n|win|ringlord\n|raw|ringlord's rating: 1645 &rarr; <strong>1665<\/strong><br \/>(+20 for winning)\n|raw|GX001's rating: 1646 &rarr; <strong>1626<\/strong><br \/>(-20 for losing)\n|l|\u2606GX001\n|l|\u2606ringlord\n|j|\u2606GX001\n|player|p2|GX001|102\n","uploadtime":1698083111,"views":9,"p1id":"ringlord","p2id":"gx001","formatid":"gen9anythinggoes","rating":1626,"private":0,"password":""}