{"id":"gen9anythinggoes-1983384174","p1":"sammargiri","p2":"Nahuel_Zepol","format":"[Gen 9] Anything Goes","log":"|j|\u2606sammargiri\n|j|\u2606Nahuel_Zepol\n|t:|1699124452\n|gametype|singles\n|player|p1|sammargiri|101|1027\n|player|p2|Nahuel_Zepol|acetrainer-gen4|1040\n|teamsize|p1|6\n|teamsize|p2|6\n|gen|9\n|tier|[Gen 9] Anything Goes\n|rated|\n|rule|HP Percentage Mod: HP is shown in percentages\n|rule|Endless Battle Clause: Forcing endless battles is banned\n|clearpoke\n|poke|p1|Iron Hands|\n|poke|p1|Iron Valiant|\n|poke|p1|Iron Jugulis|\n|poke|p1|Iron Treads|\n|poke|p1|Iron Thorns|\n|poke|p1|Iron Bundle|\n|poke|p2|Heracross, M|\n|poke|p2|Urshifu-*, M|\n|poke|p2|Milotic, F|\n|poke|p2|Volcanion|\n|poke|p2|Rillaboom, M|\n|poke|p2|Gengar, F|\n|teampreview\n|\n|t:|1699124470\n|start\n|switch|p1a: Iron Bundle|Iron Bundle|100\/100\n|switch|p2a: Volcanion|Volcanion|100\/100\n|turn|1\n|\n|t:|1699124497\n|-end|p1a: Iron Bundle|Quark Drive|[silent]\n|switch|p1a: Iron Treads|Iron Treads, shiny|100\/100\n|move|p2a: Volcanion|Heat Wave|p1a: Iron Treads|[miss]\n|-miss|p2a: Volcanion|p1a: Iron Treads\n|\n|upkeep\n|turn|2\n|\n|t:|1699124509\n|-terastallize|p2a: Volcanion|Fire\n|move|p1a: Iron Treads|Earthquake|p2a: Volcanion\n|-supereffective|p2a: Volcanion\n|-damage|p2a: Volcanion|28\/100\n|move|p2a: Volcanion|Flamethrower|p1a: Iron Treads\n|-supereffective|p1a: Iron Treads\n|-damage|p1a: Iron Treads|0 fnt\n|faint|p1a: Iron Treads\n|-end|p1a: Iron Treads|Quark Drive|[silent]\n|\n|upkeep\n|\n|t:|1699124537\n|switch|p1a: Iron Thorns|Iron Thorns, shiny|100\/100\n|turn|3\n|\n|t:|1699124553\n|-terastallize|p1a: Iron Thorns|Rock\n|move|p1a: Iron Thorns|Power Gem|p2a: Volcanion\n|-supereffective|p2a: Volcanion\n|-damage|p2a: Volcanion|0 fnt\n|faint|p2a: Volcanion\n|\n|upkeep\n|\n|t:|1699124568\n|switch|p2a: Urshifu|Urshifu-Rapid-Strike, M|100\/100\n|turn|4\n|\n|t:|1699124601\n|-end|p1a: Iron Thorns|Quark Drive|[silent]\n|switch|p1a: Iron Jugulis|Iron Jugulis, shiny|100\/100\n|move|p2a: Urshifu|Close Combat|p1a: Iron Jugulis\n|-damage|p1a: Iron Jugulis|38\/100\n|-unboost|p2a: Urshifu|def|1\n|-unboost|p2a: Urshifu|spd|1\n|\n|upkeep\n|turn|5\n|\n|t:|1699124624\n|move|p1a: Iron Jugulis|Acrobatics|p2a: Urshifu\n|-supereffective|p2a: Urshifu\n|-damage|p2a: Urshifu|48\/100\n|move|p2a: Urshifu|Aura Sphere|p1a: Iron Jugulis\n|-damage|p1a: Iron Jugulis|14\/100\n|-enditem|p1a: Iron Jugulis|Aguav Berry|[eat]\n|-heal|p1a: Iron Jugulis|48\/100|[from] item: Aguav Berry\n|\n|upkeep\n|turn|6\n|\n|t:|1699124635\n|move|p1a: Iron Jugulis|Acrobatics|p2a: Urshifu\n|-supereffective|p2a: Urshifu\n|-crit|p2a: Urshifu\n|-damage|p2a: Urshifu|0 fnt\n|faint|p2a: Urshifu\n|\n|upkeep\n|\n|t:|1699124659\n|switch|p2a: Milotic|Milotic, F|100\/100\n|turn|7\n|\n|t:|1699124677\n|-end|p1a: Iron Jugulis|Quark Drive|[silent]\n|switch|p1a: Iron Hands|Iron Hands, shiny|100\/100\n|move|p2a: Milotic|Blizzard|p1a: Iron Hands\n|-damage|p1a: Iron Hands|84\/100\n|\n|upkeep\n|turn|8\n|\n|t:|1699124730\n|switch|p2a: Rillaboom|Rillaboom, M|100\/100\n|move|p1a: Iron Hands|Earthquake|p2a: Rillaboom\n|-resisted|p2a: Rillaboom\n|-damage|p2a: Rillaboom|86\/100\n|\n|upkeep\n|turn|9\n|\n|t:|1699124767\n|-end|p1a: Iron Hands|Quark Drive|[silent]\n|switch|p1a: Iron Bundle|Iron Bundle|100\/100\n|move|p2a: Rillaboom|Hammer Arm|p1a: Iron Bundle\n|-supereffective|p1a: Iron Bundle\n|-damage|p1a: Iron Bundle|46\/100\n|-unboost|p2a: Rillaboom|spe|1\n|\n|upkeep\n|turn|10\n|\n|t:|1699124793\n|-end|p1a: Iron Bundle|Quark Drive|[silent]\n|switch|p1a: Iron Jugulis|Iron Jugulis, shiny|48\/100\n|move|p2a: Rillaboom|Drain Punch|p1a: Iron Jugulis\n|-damage|p1a: Iron Jugulis|23\/100\n|-heal|p2a: Rillaboom|99\/100|[from] drain|[of] p1a: Iron Jugulis\n|\n|upkeep\n|turn|11\n|\n|t:|1699124804\n|move|p1a: Iron Jugulis|Acrobatics|p2a: Rillaboom\n|-supereffective|p2a: Rillaboom\n|-damage|p2a: Rillaboom|31\/100\n|move|p2a: Rillaboom|Hammer Arm|p1a: Iron Jugulis|[miss]\n|-miss|p2a: Rillaboom|p1a: Iron Jugulis\n|\n|upkeep\n|turn|12\n|\n|t:|1699124832\n|move|p1a: Iron Jugulis|Acrobatics|p2a: Rillaboom\n|-supereffective|p2a: Rillaboom\n|-damage|p2a: Rillaboom|0 fnt\n|faint|p2a: Rillaboom\n|\n|upkeep\n|\n|t:|1699124852\n|switch|p2a: Gengar|Gengar, F|100\/100\n|turn|13\n|\n|t:|1699124874\n|move|p1a: Iron Jugulis|Crunch|p2a: Gengar\n|-supereffective|p2a: Gengar\n|-damage|p2a: Gengar|10\/100\n|move|p2a: Gengar|Thunderbolt|p1a: Iron Jugulis\n|-supereffective|p1a: Iron Jugulis\n|-damage|p1a: Iron Jugulis|0 fnt\n|faint|p1a: Iron Jugulis\n|-end|p1a: Iron Jugulis|Quark Drive|[silent]\n|\n|upkeep\n|\n|t:|1699124888\n|switch|p1a: Iron Valiant|Iron Valiant, shiny|100\/100\n|turn|14\n|\n|t:|1699124909\n|-end|p1a: Iron Valiant|Quark Drive|[silent]\n|switch|p1a: Iron Thorns|Iron Thorns, shiny, tera:Rock|100\/100\n|move|p2a: Gengar|Shadow Ball|p1a: Iron Thorns\n|-damage|p1a: Iron Thorns|63\/100\n|-unboost|p1a: Iron Thorns|spd|1\n|\n|upkeep\n|turn|15\n|inactive|Battle timer is ON: inactive players will automatically lose when time's up. (requested by sammargiri)\n|\n|t:|1699124959\n|move|p1a: Iron Thorns|Power Gem|p2a: Gengar\n|-damage|p2a: Gengar|0 fnt\n|faint|p2a: Gengar\n|\n|upkeep\n|inactive|Nahuel_Zepol has 120 seconds left.\n|\n|t:|1699125007\n|switch|p2a: Heracross|Heracross, M|100\/100\n|turn|16\n|inactive|sammargiri has 120 seconds left.\n|\n|t:|1699125046\n|-end|p1a: Iron Thorns|Quark Drive|[silent]\n|switch|p1a: Iron Valiant|Iron Valiant, shiny|100\/100\n|move|p2a: Heracross|Megahorn|p1a: Iron Valiant\n|-resisted|p1a: Iron Valiant\n|-damage|p1a: Iron Valiant|84\/100\n|\n|upkeep\n|turn|17\n|inactive|sammargiri has 120 seconds left.\n|\n|t:|1699125075\n|move|p1a: Iron Valiant|Calm Mind|p1a: Iron Valiant\n|-boost|p1a: Iron Valiant|spa|1\n|-boost|p1a: Iron Valiant|spd|1\n|move|p2a: Heracross|High Horsepower|p1a: Iron Valiant\n|-crit|p1a: Iron Valiant\n|-damage|p1a: Iron Valiant|32\/100\n|\n|upkeep\n|turn|18\n|\n|t:|1699125084\n|-end|p1a: Iron Valiant|Quark Drive|[silent]\n|switch|p1a: Iron Hands|Iron Hands, shiny|84\/100\n|move|p2a: Heracross|High Horsepower|p1a: Iron Hands\n|-supereffective|p1a: Iron Hands\n|-damage|p1a: Iron Hands|53\/100\n|\n|upkeep\n|turn|19\n|\n|t:|1699125101\n|move|p2a: Heracross|High Horsepower|p1a: Iron Hands\n|-supereffective|p1a: Iron Hands\n|-damage|p1a: Iron Hands|22\/100\n|move|p1a: Iron Hands|Earthquake|p2a: Heracross\n|-resisted|p2a: Heracross\n|-damage|p2a: Heracross|83\/100\n|\n|upkeep\n|turn|20\n|\n|t:|1699125110\n|-end|p1a: Iron Hands|Quark Drive|[silent]\n|switch|p1a: Iron Valiant|Iron Valiant, shiny|32\/100\n|move|p2a: Heracross|High Horsepower|p1a: Iron Valiant\n|-damage|p1a: Iron Valiant|0 fnt\n|faint|p1a: Iron Valiant\n|-end|p1a: Iron Valiant|Quark Drive|[silent]\n|\n|upkeep\n|\n|t:|1699125116\n|switch|p1a: Iron Bundle|Iron Bundle|46\/100\n|turn|21\n|inactive|Nahuel_Zepol has 120 seconds left.\n|\n|t:|1699125130\n|move|p1a: Iron Bundle|Hydro Pump|p2a: Heracross\n|-damage|p2a: Heracross|18\/100\n|move|p2a: Heracross|Megahorn|p1a: Iron Bundle\n|-damage|p1a: Iron Bundle|0 fnt\n|faint|p1a: Iron Bundle\n|-end|p1a: Iron Bundle|Quark Drive|[silent]\n|\n|upkeep\n|\n|t:|1699125138\n|switch|p1a: Iron Hands|Iron Hands, shiny|22\/100\n|turn|22\n|\n|t:|1699125143\n|move|p2a: Heracross|High Horsepower|p1a: Iron Hands\n|-supereffective|p1a: Iron Hands\n|-crit|p1a: Iron Hands\n|-damage|p1a: Iron Hands|0 fnt\n|faint|p1a: Iron Hands\n|-end|p1a: Iron Hands|Quark Drive|[silent]\n|\n|upkeep\n|\n|t:|1699125149\n|switch|p1a: Iron Thorns|Iron Thorns, shiny, tera:Rock|63\/100\n|turn|23\n|inactive|sammargiri has 120 seconds left.\n|\n|t:|1699125155\n|move|p1a: Iron Thorns|Power Gem|p2a: Heracross\n|-damage|p2a: Heracross|0 fnt\n|faint|p2a: Heracross\n|\n|upkeep\n|\n|t:|1699125160\n|switch|p2a: Milotic|Milotic, F|100\/100\n|turn|24\n|\n|t:|1699125165\n|move|p1a: Iron Thorns|Power Gem|p2a: Milotic\n|-damage|p2a: Milotic|81\/100\n|move|p2a: Milotic|Blizzard|p1a: Iron Thorns\n|-damage|p1a: Iron Thorns|36\/100\n|\n|upkeep\n|turn|25\n|\n|t:|1699125171\n|move|p1a: Iron Thorns|Power Gem|p2a: Milotic\n|-damage|p2a: Milotic|62\/100\n|move|p2a: Milotic|Hydro Pump|p1a: Iron Thorns\n|-supereffective|p1a: Iron Thorns\n|-damage|p1a: Iron Thorns|0 fnt\n|faint|p1a: Iron Thorns\n|-end|p1a: Iron Thorns|Quark Drive|[silent]\n|\n|win|Nahuel_Zepol\n|raw|sammargiri's rating: 1027 &rarr; <strong>1013<\/strong><br \/>(-14 for losing)\n|raw|Nahuel_Zepol's rating: 1040 &rarr; <strong>1073<\/strong><br \/>(+33 for winning)\n|l|\u2606sammargiri\n","uploadtime":1699125179,"views":7,"p1id":"sammargiri","p2id":"nahuelzepol","formatid":"gen9anythinggoes","rating":1013,"private":0,"password":""}