{"id":"gen9anythinggoes-1996957609","p1":"kostas17217","p2":"arafatr871","format":"[Gen 9] Anything Goes","log":"|j|\u2606kostas17217\n|j|\u2606arafatr871\n|t:|1700749555\n|gametype|singles\n|player|p1|kostas17217|ghetsis-gen5bw|1631\n|player|p2|arafatr871|ingo|1590\n|teamsize|p1|6\n|teamsize|p2|6\n|gen|9\n|tier|[Gen 9] Anything Goes\n|rated|\n|rule|HP Percentage Mod: HP is shown in percentages\n|rule|Endless Battle Clause: Forcing endless battles is banned\n|clearpoke\n|poke|p1|Corviknight, M|\n|poke|p1|Grimmsnarl, M|\n|poke|p1|Calyrex-Shadow|\n|poke|p1|Kyogre|\n|poke|p1|Groudon|\n|poke|p1|Dialga-Origin|\n|poke|p2|Calyrex-Shadow|\n|poke|p2|Chansey, F|\n|poke|p2|Clodsire, M|\n|poke|p2|Mandibuzz, F|\n|poke|p2|Skeledirge, F|\n|poke|p2|Gliscor, M|\n|teampreview\n|inactive|Battle timer is ON: inactive players will automatically lose when time's up. (requested by arafatr871)\n|inactive|kostas17217 also wants the timer to be on.\n|\n|t:|1700749563\n|start\n|switch|p1a: Grimmsnarl|Grimmsnarl, M, shiny|100\/100\n|switch|p2a: Chansey|Chansey, F, shiny|100\/100\n|turn|1\n|\n|t:|1700749572\n|move|p1a: Grimmsnarl|Taunt|p2a: Chansey\n|-start|p2a: Chansey|move: Taunt\n|cant|p2a: Chansey|move: Taunt|Thunder Wave\n|\n|upkeep\n|turn|2\n|\n|t:|1700749582\n|switch|p2a: Gliscor|Gliscor, M|100\/100\n|move|p1a: Grimmsnarl|Reflect|p1a: Grimmsnarl\n|-sidestart|p1: kostas17217|Reflect\n|\n|-status|p2a: Gliscor|tox|[from] item: Toxic Orb\n|upkeep\n|turn|3\n|\n|t:|1700749596\n|move|p1a: Grimmsnarl|Taunt|p2a: Gliscor\n|-start|p2a: Gliscor|move: Taunt\n|move|p2a: Gliscor|Knock Off|p1a: Grimmsnarl\n|-resisted|p1a: Grimmsnarl\n|-damage|p1a: Grimmsnarl|97\/100\n|-enditem|p1a: Grimmsnarl|Light Clay|[from] move: Knock Off|[of] p2a: Gliscor\n|\n|upkeep\n|turn|4\n|\n|t:|1700749611\n|switch|p2a: Skeledirge|Skeledirge, F, shiny|100\/100\n|move|p1a: Grimmsnarl|Light Screen|p1a: Grimmsnarl\n|-sidestart|p1: kostas17217|move: Light Screen\n|\n|upkeep\n|turn|5\n|\n|t:|1700749618\n|move|p1a: Grimmsnarl|Sucker Punch|p2a: Skeledirge\n|-supereffective|p2a: Skeledirge\n|-damage|p2a: Skeledirge|49\/100\n|move|p2a: Skeledirge|Torch Song|p1a: Grimmsnarl\n|-damage|p1a: Grimmsnarl|82\/100\n|-boost|p2a: Skeledirge|spa|1\n|\n|upkeep\n|turn|6\n|\n|t:|1700749628\n|switch|p2a: Chansey|Chansey, F, shiny|100\/100\n|switch|p1a: Dialga|Dialga-Origin, shiny|100\/100\n|-ability|p1a: Dialga|Pressure\n|\n|upkeep\n|turn|7\n|\n|t:|1700749638\n|move|p1a: Dialga|Stealth Rock|p2a: Chansey\n|-sidestart|p2: arafatr871|move: Stealth Rock\n|move|p2a: Chansey|Thunder Wave|p1a: Dialga\n|-status|p1a: Dialga|par\n|\n|upkeep\n|turn|8\n|\n|t:|1700749648\n|move|p2a: Chansey|Stealth Rock|p1a: Dialga\n|-sidestart|p1: kostas17217|move: Stealth Rock\n|move|p1a: Dialga|Dragon Pulse|p2a: Chansey\n|-damage|p2a: Chansey|81\/100\n|\n|-sideend|p1: kostas17217|move: Light Screen\n|upkeep\n|turn|9\n|\n|t:|1700749655\n|switch|p2a: Clodsire|Clodsire, M, shiny|100\/100\n|-damage|p2a: Clodsire|94\/100|[from] Stealth Rock\n|switch|p1a: Corviknight|Corviknight, M, shiny|100\/100\n|-damage|p1a: Corviknight|88\/100|[from] Stealth Rock\n|\n|-heal|p2a: Clodsire|100\/100|[from] item: Leftovers\n|-sideend|p1: kostas17217|Reflect\n|upkeep\n|turn|10\n|\n|t:|1700749666\n|move|p1a: Corviknight|Body Press|p2a: Clodsire\n|-resisted|p2a: Clodsire\n|-damage|p2a: Clodsire|86\/100\n|move|p2a: Clodsire|Toxic Spikes|p1a: Corviknight\n|-sidestart|p1: kostas17217|move: Toxic Spikes\n|\n|-heal|p2a: Clodsire|92\/100|[from] item: Leftovers\n|upkeep\n|turn|11\n|\n|t:|1700749674\n|move|p2a: Clodsire|Protect|p2a: Clodsire\n|-singleturn|p2a: Clodsire|Protect\n|move|p1a: Corviknight|Body Press|p2a: Clodsire\n|-activate|p2a: Clodsire|move: Protect\n|\n|-heal|p2a: Clodsire|98\/100|[from] item: Leftovers\n|upkeep\n|turn|12\n|\n|t:|1700749685\n|switch|p2a: Skeledirge|Skeledirge, F, shiny|49\/100\n|move|p1a: Corviknight|Body Press|p2a: Skeledirge\n|-immune|p2a: Skeledirge\n|\n|upkeep\n|turn|13\n|\n|t:|1700749692\n|move|p1a: Corviknight|Defog|p2a: Skeledirge\n|-unboost|p2a: Skeledirge|evasion|1\n|-sideend|p2: arafatr871|Stealth Rock|[from] move: Defog|[of] p1a: Corviknight\n|-sideend|p1: kostas17217|Toxic Spikes|[from] move: Defog|[of] p1a: Corviknight\n|-sideend|p1: kostas17217|Stealth Rock|[from] move: Defog|[of] p1a: Corviknight\n|move|p2a: Skeledirge|Torch Song|p1a: Corviknight\n|-supereffective|p1a: Corviknight\n|-damage|p1a: Corviknight|5\/100\n|-boost|p2a: Skeledirge|spa|1\n|\n|upkeep\n|turn|14\n|inactive|kostas17217 has 120 seconds left.\n|\n|t:|1700749733\n|switch|p1a: Kyogre|Kyogre|100\/100\n|-weather|RainDance|[from] ability: Drizzle|[of] p1a: Kyogre\n|move|p2a: Skeledirge|Torch Song|p1a: Kyogre\n|-resisted|p1a: Kyogre\n|-damage|p1a: Kyogre|94\/100\n|-boost|p2a: Skeledirge|spa|1\n|\n|-weather|RainDance|[upkeep]\n|upkeep\n|turn|15\n|\n|t:|1700749744\n|switch|p2a: Chansey|Chansey, F, shiny|81\/100\n|move|p1a: Kyogre|Water Spout|p2a: Chansey\n|-damage|p2a: Chansey|36\/100\n|\n|-weather|RainDance|[upkeep]\n|upkeep\n|turn|16\n|\n|t:|1700749752\n|move|p1a: Kyogre|Water Spout|p2a: Chansey\n|-damage|p2a: Chansey|0 fnt\n|faint|p2a: Chansey\n|\n|-weather|RainDance|[upkeep]\n|upkeep\n|\n|t:|1700749761\n|switch|p2a: Calyrex|Calyrex-Shadow|100\/100\n|-ability|p2a: Calyrex|As One\n|-ability|p2a: Calyrex|Unnerve\n|turn|17\n|\n|t:|1700749768\n|move|p2a: Calyrex|Astral Barrage|p1a: Kyogre\n|-damage|p1a: Kyogre|60\/100\n|move|p1a: Kyogre|Water Spout|p2a: Calyrex\n|-damage|p2a: Calyrex|12\/100\n|\n|-weather|RainDance|[upkeep]\n|upkeep\n|turn|18\n|\n|t:|1700749779\n|move|p2a: Calyrex|Astral Barrage|p1a: Kyogre\n|-damage|p1a: Kyogre|26\/100\n|move|p1a: Kyogre|Ice Beam|p2a: Calyrex\n|-damage|p2a: Calyrex|0 fnt\n|faint|p2a: Calyrex\n|\n|-weather|none\n|upkeep\n|\n|t:|1700749798\n|switch|p2a: Gliscor|Gliscor, M|100\/100 tox\n|turn|19\n|\n|t:|1700749802\n|move|p2a: Gliscor|Knock Off|p1a: Kyogre\n|-damage|p1a: Kyogre|8\/100\n|-enditem|p1a: Kyogre|Assault Vest|[from] move: Knock Off|[of] p2a: Gliscor\n|move|p1a: Kyogre|Ice Beam|p2a: Gliscor\n|-supereffective|p2a: Gliscor\n|-crit|p2a: Gliscor\n|-damage|p2a: Gliscor|0 fnt\n|faint|p2a: Gliscor\n|\n|upkeep\n|\n|t:|1700749810\n|switch|p2a: Clodsire|Clodsire, M, shiny|98\/100\n|turn|20\n|\n|t:|1700749814\n|move|p1a: Kyogre|Origin Pulse|p2a: Clodsire|[miss]\n|-miss|p1a: Kyogre|p2a: Clodsire\n|move|p2a: Clodsire|Toxic Spikes|p1a: Kyogre\n|-sidestart|p1: kostas17217|move: Toxic Spikes\n|\n|-heal|p2a: Clodsire|100\/100|[from] item: Leftovers\n|upkeep\n|turn|21\n|\n|t:|1700749824\n|-terastallize|p2a: Clodsire|Dark\n|move|p1a: Kyogre|Origin Pulse|p2a: Clodsire|[miss]\n|-miss|p1a: Kyogre|p2a: Clodsire\n|move|p2a: Clodsire|Earthquake|p1a: Kyogre\n|-damage|p1a: Kyogre|0 fnt\n|faint|p1a: Kyogre\n|\n|upkeep\n|\n|t:|1700749834\n|switch|p1a: Corviknight|Corviknight, M, shiny|5\/100\n|turn|22\n|\n|t:|1700749845\n|switch|p2a: Mandibuzz|Mandibuzz, F, shiny|100\/100\n|move|p1a: Corviknight|Defog|p2a: Mandibuzz\n|-unboost|p2a: Mandibuzz|evasion|1\n|-sideend|p1: kostas17217|Toxic Spikes|[from] move: Defog|[of] p1a: Corviknight\n|\n|upkeep\n|turn|23\n|\n|t:|1700749854\n|switch|p1a: Dialga|Dialga-Origin, shiny|100\/100 par\n|-ability|p1a: Dialga|Pressure\n|move|p2a: Mandibuzz|Foul Play|p1a: Dialga\n|-damage|p1a: Dialga|80\/100 par\n|\n|upkeep\n|turn|24\n|\n|t:|1700749868\n|switch|p2a: Skeledirge|Skeledirge, F, shiny|49\/100\n|cant|p1a: Dialga|par\n|\n|upkeep\n|turn|25\n|\n|t:|1700749879\n|switch|p1a: Corviknight|Corviknight, M, shiny|5\/100\n|move|p2a: Skeledirge|Slack Off|p2a: Skeledirge\n|-heal|p2a: Skeledirge|99\/100\n|\n|upkeep\n|turn|26\n|\n|t:|1700749885\n|move|p1a: Corviknight|U-turn|p2a: Skeledirge\n|-resisted|p2a: Skeledirge\n|-damage|p2a: Skeledirge|97\/100\n|\n|t:|1700749888\n|switch|p1a: Groudon|Groudon|100\/100|[from] U-turn\n|-weather|SunnyDay|[from] ability: Drought|[of] p1a: Groudon\n|move|p2a: Skeledirge|Torch Song|p1a: Groudon\n|-damage|p1a: Groudon|45\/100\n|-boost|p2a: Skeledirge|spa|1\n|\n|-weather|SunnyDay|[upkeep]\n|-heal|p1a: Groudon|51\/100|[from] item: Leftovers\n|upkeep\n|turn|27\n|\n|t:|1700749904\n|switch|p2a: Mandibuzz|Mandibuzz, F, shiny|100\/100\n|move|p1a: Groudon|Earthquake|p2a: Mandibuzz\n|-immune|p2a: Mandibuzz\n|\n|-weather|SunnyDay|[upkeep]\n|-heal|p1a: Groudon|57\/100|[from] item: Leftovers\n|upkeep\n|turn|28\n|\n|t:|1700749913\n|move|p1a: Groudon|Heat Crash|p2a: Mandibuzz\n|-damage|p2a: Mandibuzz|67\/100\n|move|p2a: Mandibuzz|Foul Play|p1a: Groudon\n|-damage|p1a: Groudon|36\/100\n|\n|-weather|SunnyDay|[upkeep]\n|-heal|p1a: Groudon|43\/100|[from] item: Leftovers\n|-heal|p2a: Mandibuzz|74\/100|[from] item: Leftovers\n|upkeep\n|turn|29\n|\n|t:|1700749924\n|move|p1a: Groudon|Heat Crash|p2a: Mandibuzz\n|-damage|p2a: Mandibuzz|38\/100\n|move|p2a: Mandibuzz|Whirlwind|p1a: Groudon\n|drag|p1a: Dialga|Dialga-Origin, shiny|80\/100 par\n|-ability|p1a: Dialga|Pressure\n|\n|-weather|SunnyDay|[upkeep]\n|-heal|p2a: Mandibuzz|44\/100|[from] item: Leftovers\n|upkeep\n|turn|30\n|\n|t:|1700749935\n|switch|p2a: Clodsire|Clodsire, M, shiny, tera:Dark|100\/100\n|move|p1a: Dialga|Stealth Rock|p2a: Clodsire\n|-sidestart|p2: arafatr871|move: Stealth Rock\n|\n|-weather|none\n|upkeep\n|turn|31\n|\n|t:|1700749942\n|switch|p1a: Corviknight|Corviknight, M, shiny|5\/100\n|move|p2a: Clodsire|Toxic Spikes|p1a: Corviknight\n|-sidestart|p1: kostas17217|move: Toxic Spikes\n|\n|upkeep\n|turn|32\n|\n|t:|1700749950\n|switch|p2a: Mandibuzz|Mandibuzz, F, shiny|44\/100\n|-damage|p2a: Mandibuzz|19\/100|[from] Stealth Rock\n|move|p1a: Corviknight|Body Press|p2a: Mandibuzz\n|-damage|p2a: Mandibuzz|4\/100\n|\n|-heal|p2a: Mandibuzz|10\/100|[from] item: Leftovers\n|upkeep\n|turn|33\n|\n|t:|1700749961\n|move|p2a: Mandibuzz|Roost|p2a: Mandibuzz\n|-heal|p2a: Mandibuzz|60\/100\n|-singleturn|p2a: Mandibuzz|move: Roost\n|move|p1a: Corviknight|Defog|p2a: Mandibuzz\n|-unboost|p2a: Mandibuzz|evasion|1\n|-sideend|p2: arafatr871|Stealth Rock|[from] move: Defog|[of] p1a: Corviknight\n|-sideend|p1: kostas17217|Toxic Spikes|[from] move: Defog|[of] p1a: Corviknight\n|\n|-heal|p2a: Mandibuzz|66\/100|[from] item: Leftovers\n|upkeep\n|turn|34\n|\n|t:|1700749971\n|move|p2a: Mandibuzz|Foul Play|p1a: Corviknight\n|-damage|p1a: Corviknight|0 fnt\n|-damage|p2a: Mandibuzz|50\/100|[from] item: Rocky Helmet|[of] p1a: Corviknight\n|faint|p1a: Corviknight\n|\n|-heal|p2a: Mandibuzz|56\/100|[from] item: Leftovers\n|upkeep\n|\n|t:|1700749980\n|switch|p1a: Groudon|Groudon|43\/100\n|-weather|SunnyDay|[from] ability: Drought|[of] p1a: Groudon\n|turn|35\n|\n|t:|1700749985\n|move|p1a: Groudon|Heat Crash|p2a: Mandibuzz\n|-damage|p2a: Mandibuzz|24\/100\n|move|p2a: Mandibuzz|Roost|p2a: Mandibuzz\n|-heal|p2a: Mandibuzz|74\/100\n|-singleturn|p2a: Mandibuzz|move: Roost\n|\n|-weather|SunnyDay|[upkeep]\n|-heal|p1a: Groudon|49\/100|[from] item: Leftovers\n|-heal|p2a: Mandibuzz|80\/100|[from] item: Leftovers\n|upkeep\n|turn|36\n|\n|t:|1700749996\n|move|p1a: Groudon|Thunder Punch|p2a: Mandibuzz\n|-supereffective|p2a: Mandibuzz\n|-damage|p2a: Mandibuzz|54\/100\n|move|p2a: Mandibuzz|Foul Play|p1a: Groudon\n|-damage|p1a: Groudon|25\/100\n|\n|-weather|SunnyDay|[upkeep]\n|-heal|p1a: Groudon|31\/100|[from] item: Leftovers\n|-heal|p2a: Mandibuzz|60\/100|[from] item: Leftovers\n|upkeep\n|turn|37\n|\n|t:|1700750007\n|switch|p2a: Clodsire|Clodsire, M, shiny, tera:Dark|100\/100\n|move|p1a: Groudon|Heat Crash|p2a: Clodsire\n|-damage|p2a: Clodsire|50\/100\n|\n|-weather|SunnyDay|[upkeep]\n|-heal|p1a: Groudon|37\/100|[from] item: Leftovers\n|-heal|p2a: Clodsire|57\/100|[from] item: Leftovers\n|upkeep\n|turn|38\n|\n|t:|1700750016\n|move|p1a: Groudon|Heat Crash|p2a: Clodsire\n|-damage|p2a: Clodsire|0 fnt\n|faint|p2a: Clodsire\n|\n|-weather|SunnyDay|[upkeep]\n|-heal|p1a: Groudon|43\/100|[from] item: Leftovers\n|upkeep\n|\n|t:|1700750023\n|switch|p2a: Mandibuzz|Mandibuzz, F, shiny|60\/100\n|turn|39\n|\n|t:|1700750027\n|move|p1a: Groudon|Heat Crash|p2a: Mandibuzz\n|-damage|p2a: Mandibuzz|29\/100\n|move|p2a: Mandibuzz|Foul Play|p1a: Groudon\n|-damage|p1a: Groudon|23\/100\n|\n|-weather|none\n|-heal|p1a: Groudon|29\/100|[from] item: Leftovers\n|-heal|p2a: Mandibuzz|35\/100|[from] item: Leftovers\n|upkeep\n|turn|40\n|\n|t:|1700750037\n|move|p1a: Groudon|Heat Crash|p2a: Mandibuzz\n|-damage|p2a: Mandibuzz|12\/100\n|move|p2a: Mandibuzz|Foul Play|p1a: Groudon\n|-damage|p1a: Groudon|8\/100\n|\n|-heal|p1a: Groudon|14\/100|[from] item: Leftovers\n|-heal|p2a: Mandibuzz|18\/100|[from] item: Leftovers\n|upkeep\n|turn|41\n|\n|t:|1700750047\n|move|p1a: Groudon|Thunder Punch|p2a: Mandibuzz\n|-supereffective|p2a: Mandibuzz\n|-damage|p2a: Mandibuzz|0 fnt\n|faint|p2a: Mandibuzz\n|\n|-heal|p1a: Groudon|20\/100|[from] item: Leftovers\n|upkeep\n|\n|t:|1700750057\n|switch|p2a: Skeledirge|Skeledirge, F, shiny|97\/100\n|turn|42\n|\n|t:|1700750060\n|move|p1a: Groudon|Earthquake|p2a: Skeledirge\n|-supereffective|p2a: Skeledirge\n|-damage|p2a: Skeledirge|10\/100\n|move|p2a: Skeledirge|Torch Song|p1a: Groudon\n|-damage|p1a: Groudon|0 fnt\n|-boost|p2a: Skeledirge|spa|1\n|faint|p1a: Groudon\n|\n|upkeep\n|\n|t:|1700750070\n|switch|p1a: Calyrex|Calyrex-Shadow|100\/100\n|-ability|p1a: Calyrex|As One\n|-ability|p1a: Calyrex|Unnerve\n|turn|43\n|\n|t:|1700750077\n|-terastallize|p1a: Calyrex|Normal\n|move|p1a: Calyrex|Astral Barrage|p2a: Skeledirge\n|-supereffective|p2a: Skeledirge\n|-damage|p2a: Skeledirge|0 fnt\n|faint|p2a: Skeledirge\n|\n|win|kostas17217\n|raw|kostas17217's rating: 1631 &rarr; <strong>1649<\/strong><br \/>(+18 for winning)\n|raw|arafatr871's rating: 1590 &rarr; <strong>1572<\/strong><br \/>(-18 for losing)\n|l|\u2606kostas17217\n","uploadtime":1700750114,"views":0,"p1id":"kostas17217","p2id":"arafatr871","formatid":"gen9anythinggoes","rating":1572,"private":0,"password":""}