{"id":"gen9anythinggoes-1992314970","p1":"yhhuh12","p2":"Kev1onyt","format":"[Gen 9] Anything Goes","log":"|j|\u2606yhhuh12\n|j|\u2606Kev1onyt\n|t:|1700173823\n|gametype|singles\n|player|p1|yhhuh12|169|1059\n|player|p2|Kev1onyt|ghetsis-gen5bw|1028\n|teamsize|p1|6\n|teamsize|p2|6\n|gen|9\n|tier|[Gen 9] Anything Goes\n|rated|\n|rule|HP Percentage Mod: HP is shown in percentages\n|rule|Endless Battle Clause: Forcing endless battles is banned\n|clearpoke\n|poke|p1|Calyrex-Shadow|\n|poke|p1|Blissey, F|\n|poke|p1|Avalugg, F|\n|poke|p1|Hoopa-Unbound|\n|poke|p1|Regieleki|\n|poke|p1|Arceus-Dragon|\n|poke|p2|Goodra-Hisui, F|\n|poke|p2|Maushold-Four|\n|poke|p2|Annihilape, F|\n|poke|p2|Ogerpon-Hearthflame, F|\n|poke|p2|Corviknight, M|\n|poke|p2|Blissey, F|\n|teampreview\n|\n|t:|1700173829\n|start\n|switch|p1a: Avathugg|Avalugg, F|100\/100\n|switch|p2a: Ogerpon|Ogerpon-Hearthflame, F|100\/100\n|-ability|p2a: Ogerpon|Mold Breaker\n|turn|1\n|\n|t:|1700173852\n|switch|p2a: Blissey|Blissey, F|100\/100\n|move|p1a: Avathugg|Body Press|p2a: Blissey\n|-supereffective|p2a: Blissey\n|-damage|p2a: Blissey|36\/100\n|-damage|p1a: Avathugg|91\/100|[from] item: Life Orb\n|\n|-heal|p2a: Blissey|42\/100|[from] item: Leftovers\n|upkeep\n|turn|2\n|\n|t:|1700173862\n|move|p2a: Blissey|Fire Blast|p1a: Avathugg\n|-supereffective|p1a: Avathugg\n|-damage|p1a: Avathugg|32\/100\n|move|p1a: Avathugg|Body Press|p2a: Blissey\n|-supereffective|p2a: Blissey\n|-damage|p2a: Blissey|0 fnt\n|faint|p2a: Blissey\n|-damage|p1a: Avathugg|22\/100|[from] item: Life Orb\n|\n|upkeep\n|\n|t:|1700173872\n|switch|p2a: Annihilape|Annihilape, F|100\/100\n|turn|3\n|\n|t:|1700173881\n|switch|p1a: Abyssy|Blissey, F|100\/100\n|move|p2a: Annihilape|Fire Punch|p1a: Abyssy\n|-damage|p1a: Abyssy|80\/100\n|\n|-heal|p1a: Abyssy|86\/100|[from] item: Leftovers\n|upkeep\n|turn|4\n|\n|t:|1700173900\n|move|p2a: Annihilape|Brick Break|p1a: Abyssy\n|-supereffective|p1a: Abyssy\n|-damage|p1a: Abyssy|27\/100\n|move|p1a: Abyssy|Stealth Rock|p2a: Annihilape\n|-sidestart|p2: Kev1onyt|move: Stealth Rock\n|\n|-heal|p1a: Abyssy|33\/100|[from] item: Leftovers\n|upkeep\n|turn|5\n|\n|t:|1700173907\n|move|p1a: Abyssy|Endure|p1a: Abyssy\n|-singleturn|p1a: Abyssy|move: Endure\n|move|p2a: Annihilape|Brick Break|p1a: Abyssy\n|-supereffective|p1a: Abyssy\n|-activate|p1a: Abyssy|move: Endure\n|-damage|p1a: Abyssy|1\/100\n|\n|-heal|p1a: Abyssy|7\/100|[from] item: Leftovers\n|upkeep\n|turn|6\n|\n|t:|1700173918\n|move|p2a: Annihilape|Brick Break|p1a: Abyssy\n|-supereffective|p1a: Abyssy\n|-damage|p1a: Abyssy|0 fnt\n|faint|p1a: Abyssy\n|\n|upkeep\n|\n|t:|1700173924\n|switch|p1a: RegieleKilla|Regieleki|100\/100\n|turn|7\n|\n|t:|1700173931\n|move|p1a: RegieleKilla|Volt Switch|p2a: Annihilape\n|-damage|p2a: Annihilape|52\/100\n|-damage|p1a: RegieleKilla|91\/100|[from] item: Life Orb\n|c|\u2606Kev1onyt|got sum 4 you\n|\n|t:|1700173939\n|switch|p1a: Avathugg|Avalugg, F|22\/100|[from] Volt Switch\n|move|p2a: Annihilape|Earthquake|p1a: Avathugg\n|-damage|p1a: Avathugg|5\/100\n|\n|-heal|p2a: Annihilape|58\/100|[from] item: Leftovers\n|upkeep\n|turn|8\n|\n|t:|1700173949\n|move|p2a: Annihilape|Earthquake|p1a: Avathugg\n|-damage|p1a: Avathugg|0 fnt\n|faint|p1a: Avathugg\n|\n|-heal|p2a: Annihilape|64\/100|[from] item: Leftovers\n|upkeep\n|\n|t:|1700173956\n|switch|p1a: RegieleKilla|Regieleki|91\/100\n|turn|9\n|\n|t:|1700173961\n|move|p1a: RegieleKilla|Extreme Speed|p2a: Annihilape\n|-immune|p2a: Annihilape\n|move|p2a: Annihilape|Earthquake|p1a: RegieleKilla\n|-supereffective|p1a: RegieleKilla\n|-damage|p1a: RegieleKilla|0 fnt\n|faint|p1a: RegieleKilla\n|\n|-heal|p2a: Annihilape|70\/100|[from] item: Leftovers\n|upkeep\n|\n|t:|1700173969\n|switch|p1a: Slayarcheus|Arceus-Dragon, shiny|100\/100\n|turn|10\n|\n|t:|1700173977\n|move|p2a: Annihilape|Thunder Punch|p1a: Slayarcheus\n|-resisted|p1a: Slayarcheus\n|-crit|p1a: Slayarcheus\n|-damage|p1a: Slayarcheus|87\/100\n|move|p1a: Slayarcheus|Draco Meteor|p2a: Annihilape\n|-damage|p2a: Annihilape|0 fnt\n|-unboost|p1a: Slayarcheus|spa|2\n|faint|p2a: Annihilape\n|\n|upkeep\n|\n|t:|1700173989\n|switch|p2a: Goodra|Goodra-Hisui, F|100\/100\n|-damage|p2a: Goodra|94\/100|[from] Stealth Rock\n|turn|11\n|\n|t:|1700173996\n|-terastallize|p2a: Goodra|Steel\n|move|p1a: Slayarcheus|Future Sight|p2a: Goodra\n|-start|p1a: Slayarcheus|move: Future Sight\n|move|p2a: Goodra|Ice Beam|p1a: Slayarcheus\n|-supereffective|p1a: Slayarcheus\n|-damage|p1a: Slayarcheus|44\/100\n|\n|upkeep\n|turn|12\n|\n|t:|1700174005\n|move|p1a: Slayarcheus|Draco Meteor|p2a: Goodra\n|-resisted|p2a: Goodra\n|-damage|p2a: Goodra|80\/100\n|-unboost|p1a: Slayarcheus|spa|2\n|move|p2a: Goodra|Ice Beam|p1a: Slayarcheus\n|-supereffective|p1a: Slayarcheus\n|-damage|p1a: Slayarcheus|1\/100\n|\n|upkeep\n|turn|13\n|\n|t:|1700174016\n|move|p1a: Slayarcheus|Flare Blitz|p2a: Goodra\n|-supereffective|p2a: Goodra\n|-damage|p2a: Goodra|17\/100\n|-damage|p1a: Slayarcheus|0 fnt|[from] Recoil\n|faint|p1a: Slayarcheus\n|move|p2a: Goodra|Ice Beam|p1: Slayarcheus|[notarget]\n|-fail|p2a: Goodra\n|\n|-end|p2a: Goodra|move: Future Sight\n|-resisted|p2a: Goodra\n|-damage|p2a: Goodra|3\/100\n|upkeep\n|\n|t:|1700174026\n|switch|p1a: StormTroopa|Hoopa-Unbound|100\/100\n|turn|14\n|c|\u2606Kev1onyt|!weakness hoppa\n|c| Kev1onyt|\/raw <div class=\"infobox\">hoppa isn't a recognized type or Pokemon.<\/div>\n|\n|t:|1700174045\n|move|p1a: StormTroopa|Hyperspace Fury|p2a: Goodra\n|-damage|p2a: Goodra|0 fnt\n|-unboost|p1a: StormTroopa|def|1\n|faint|p2a: Goodra\n|-damage|p1a: StormTroopa|91\/100|[from] item: Life Orb\n|\n|upkeep\n|\n|t:|1700174062\n|switch|p2a: Ogerpon|Ogerpon-Hearthflame, F|100\/100\n|-damage|p2a: Ogerpon|76\/100|[from] Stealth Rock\n|-ability|p2a: Ogerpon|Mold Breaker\n|turn|15\n|inactive|Battle timer is ON: inactive players will automatically lose when time's up. (requested by Kev1onyt)\n|\n|t:|1700174081\n|-singleturn|p1a: StormTroopa|move: Focus Punch\n|move|p2a: Ogerpon|Play Rough|p1a: StormTroopa|[miss]\n|-miss|p2a: Ogerpon|p1a: StormTroopa\n|move|p1a: StormTroopa|Focus Punch|p2a: Ogerpon\n|-damage|p2a: Ogerpon|0 fnt\n|faint|p2a: Ogerpon\n|-damage|p1a: StormTroopa|81\/100|[from] item: Life Orb\n|\n|upkeep\n|\n|t:|1700174090\n|switch|p2a: Corviknight|Corviknight, M|100\/100\n|-damage|p2a: Corviknight|88\/100|[from] Stealth Rock\n|turn|16\n|\n|t:|1700174094\n|-singleturn|p1a: StormTroopa|move: Focus Punch\n|move|p2a: Corviknight|Drill Peck|p1a: StormTroopa\n|-damage|p1a: StormTroopa|0 fnt\n|faint|p1a: StormTroopa\n|\n|-heal|p2a: Corviknight|94\/100|[from] item: Leftovers\n|upkeep\n|\n|t:|1700174101\n|switch|p1a: CalyWrecks|Calyrex-Shadow|100\/100\n|-ability|p1a: CalyWrecks|As One\n|-ability|p1a: CalyWrecks|Unnerve\n|turn|17\n|c|\u2606Kev1onyt|fuck out of here\n|\n|t:|1700174125\n|move|p1a: CalyWrecks|Astral Barrage|p2a: Corviknight\n|-damage|p2a: Corviknight|0 fnt\n|faint|p2a: Corviknight\n|-ability|p1a: CalyWrecks|Grim Neigh|boost\n|-boost|p1a: CalyWrecks|spa|1\n|-damage|p1a: CalyWrecks|91\/100|[from] item: Life Orb\n|\n|upkeep\n|\n|t:|1700174133\n|switch|p2a: Maushold|Maushold-Four|100\/100\n|-damage|p2a: Maushold|88\/100|[from] Stealth Rock\n|turn|18\n|\n|t:|1700174138\n|move|p1a: CalyWrecks|Astral Barrage|p2a: Maushold\n|-immune|p2a: Maushold\n|move|p2a: Maushold|Aerial Ace|p1a: CalyWrecks\n|-damage|p1a: CalyWrecks|62\/100\n|\n|-heal|p2a: Maushold|94\/100|[from] item: Leftovers\n|upkeep\n|turn|19\n|\n|t:|1700174148\n|move|p1a: CalyWrecks|Disable|p2a: Maushold\n|-start|p2a: Maushold|Disable|Aerial Ace\n|cant|p2a: Maushold|Disable|Aerial Ace\n|\n|-heal|p2a: Maushold|100\/100|[from] item: Leftovers\n|upkeep\n|turn|20\n|\n|t:|1700174155\n|move|p1a: CalyWrecks|Haze|p1a: CalyWrecks\n|-clearallboost\n|move|p2a: Maushold|Bullet Seed|p1a: CalyWrecks\n|-damage|p1a: CalyWrecks|51\/100\n|-damage|p1a: CalyWrecks|39\/100\n|-hitcount|p1a: CalyWrecks|2\n|\n|upkeep\n|turn|21\n|\n|t:|1700174162\n|move|p1a: CalyWrecks|Dark Pulse|p2a: Maushold\n|-damage|p2a: Maushold|33\/100\n|-damage|p1a: CalyWrecks|29\/100|[from] item: Life Orb\n|move|p2a: Maushold|Bullet Seed|p1a: CalyWrecks\n|-damage|p1a: CalyWrecks|19\/100\n|-damage|p1a: CalyWrecks|8\/100\n|-damage|p1a: CalyWrecks|0 fnt\n|faint|p1a: CalyWrecks\n|-hitcount|p1: CalyWrecks|3\n|\n|win|Kev1onyt\n|raw|yhhuh12's rating: 1059 &rarr; <strong>1038<\/strong><br \/>(-21 for losing)\n|raw|Kev1onyt's rating: 1028 &rarr; <strong>1067<\/strong><br \/>(+39 for winning)\n","uploadtime":1700174105,"views":4,"p1id":"yhhuh12","p2id":"kev1onyt","formatid":"gen9anythinggoes","rating":1038,"private":0,"password":""}