{"id":"gen9anythinggoes-1996006125","p1":"AltairSpire","p2":"GildedSapphire","format":"[Gen 9] Anything Goes","log":"|j|\u2606AltairSpire\n|j|\u2606GildedSapphire\n|t:|1700628319\n|gametype|singles\n|player|p1|AltairSpire|ingo|1062\n|player|p2|GildedSapphire|wallace|1170\n|teamsize|p1|6\n|teamsize|p2|3\n|gen|9\n|tier|[Gen 9] Anything Goes\n|rated|\n|rule|HP Percentage Mod: HP is shown in percentages\n|rule|Endless Battle Clause: Forcing endless battles is banned\n|clearpoke\n|poke|p1|Cresselia, F|\n|poke|p1|Magearna|\n|poke|p1|Jirachi|\n|poke|p1|Mimikyu, F|\n|poke|p1|Darkrai|\n|poke|p1|Mew|\n|poke|p2|Calyrex-Shadow|\n|poke|p2|Espathra, F|\n|poke|p2|Clodsire, M|\n|teampreview\n|inactive|Battle timer is ON: inactive players will automatically lose when time's up. (requested by GildedSapphire)\n|\n|t:|1700628345\n|start\n|switch|p1a: Kieran|Darkrai|100\/100\n|switch|p2a: Clodsire|Clodsire, M|100\/100\n|turn|1\n|\n|t:|1700628356\n|move|p1a: Kieran|Calm Mind|p1a: Kieran\n|-boost|p1a: Kieran|spa|1\n|-boost|p1a: Kieran|spd|1\n|move|p2a: Clodsire|Toxic|p1a: Kieran\n|-status|p1a: Kieran|tox\n|\n|-damage|p1a: Kieran|94\/100 tox|[from] psn\n|upkeep\n|turn|2\n|\n|t:|1700628365\n|move|p1a: Kieran|Calm Mind|p1a: Kieran\n|-boost|p1a: Kieran|spa|1\n|-boost|p1a: Kieran|spd|1\n|move|p2a: Clodsire|Spikes|p1a: Kieran\n|-sidestart|p1: AltairSpire|Spikes\n|\n|-damage|p1a: Kieran|82\/100 tox|[from] psn\n|upkeep\n|turn|3\n|\n|t:|1700628373\n|move|p1a: Kieran|Calm Mind|p1a: Kieran\n|-boost|p1a: Kieran|spa|1\n|-boost|p1a: Kieran|spd|1\n|move|p2a: Clodsire|Spikes|p1a: Kieran\n|-sidestart|p1: AltairSpire|Spikes\n|\n|-damage|p1a: Kieran|64\/100 tox|[from] psn\n|upkeep\n|turn|4\n|\n|t:|1700628381\n|move|p1a: Kieran|Drain Punch|p2a: Clodsire\n|-resisted|p2a: Clodsire\n|-damage|p2a: Clodsire|92\/100\n|-heal|p1a: Kieran|71\/100 tox|[from] drain|[of] p2a: Clodsire\n|move|p2a: Clodsire|Earthquake|p1a: Kieran\n|-damage|p1a: Kieran|44\/100 tox\n|\n|-heal|p2a: Clodsire|99\/100|[from] item: Leftovers\n|-damage|p1a: Kieran|20\/100 tox|[from] psn\n|upkeep\n|turn|5\n|\n|t:|1700628397\n|move|p1a: Kieran|Focus Blast|p2a: Clodsire\n|-resisted|p2a: Clodsire\n|-damage|p2a: Clodsire|75\/100\n|move|p2a: Clodsire|Spikes|p1a: Kieran\n|-sidestart|p1: AltairSpire|Spikes\n|\n|-heal|p2a: Clodsire|82\/100|[from] item: Leftovers\n|-damage|p1a: Kieran|0 fnt|[from] psn\n|faint|p1a: Kieran\n|upkeep\n|\n|t:|1700628416\n|switch|p1a: Memento|Mew|100\/100\n|-damage|p1a: Memento|76\/100|[from] Spikes\n|turn|6\n|c|\u2606GildedSapphire|w a l l\n|\n|t:|1700628424\n|move|p1a: Memento|Swords Dance|p1a: Memento\n|-boost|p1a: Memento|atk|2\n|move|p2a: Clodsire|Earthquake|p1a: Memento\n|-damage|p1a: Memento|55\/100\n|\n|-heal|p2a: Clodsire|88\/100|[from] item: Leftovers\n|upkeep\n|turn|7\n|\n|t:|1700628433\n|move|p1a: Memento|Draco Meteor|p2a: Clodsire\n|-crit|p2a: Clodsire\n|-damage|p2a: Clodsire|65\/100\n|-unboost|p1a: Memento|spa|2\n|move|p2a: Clodsire|Toxic|p1a: Memento\n|-status|p1a: Memento|tox\n|-activate|p1a: Memento|ability: Synchronize\n|-immune|p2a: Clodsire\n|\n|-heal|p2a: Clodsire|71\/100|[from] item: Leftovers\n|-damage|p1a: Memento|49\/100 tox|[from] psn\n|upkeep\n|turn|8\n|\n|t:|1700628446\n|move|p1a: Memento|Draco Meteor|p2a: Clodsire\n|-damage|p2a: Clodsire|63\/100\n|-unboost|p1a: Memento|spa|2\n|move|p2a: Clodsire|Recover|p2a: Clodsire\n|-heal|p2a: Clodsire|100\/100\n|\n|-damage|p1a: Memento|37\/100 tox|[from] psn\n|upkeep\n|turn|9\n|\n|t:|1700628461\n|move|p1a: Memento|Draining Kiss|p2a: Clodsire\n|-resisted|p2a: Clodsire\n|-damage|p2a: Clodsire|99\/100\n|-heal|p1a: Memento|38\/100 tox|[from] drain|[of] p2a: Clodsire\n|move|p2a: Clodsire|Earthquake|p1a: Memento\n|-damage|p1a: Memento|17\/100 tox\n|\n|-heal|p2a: Clodsire|100\/100|[from] item: Leftovers\n|-damage|p1a: Memento|0 fnt|[from] psn\n|faint|p1a: Memento\n|upkeep\n|\n|t:|1700628474\n|switch|p1a: Nozomi|Jirachi|100\/100\n|-damage|p1a: Nozomi|76\/100|[from] Spikes\n|turn|10\n|\n|t:|1700628480\n|move|p1a: Nozomi|Future Sight|p2a: Clodsire\n|-start|p1a: Nozomi|move: Future Sight\n|move|p2a: Clodsire|Earthquake|p1a: Nozomi\n|-supereffective|p1a: Nozomi\n|-damage|p1a: Nozomi|35\/100\n|\n|upkeep\n|turn|11\n|\n|t:|1700628488\n|move|p1a: Nozomi|Drain Punch|p2a: Clodsire\n|-resisted|p2a: Clodsire\n|-damage|p2a: Clodsire|91\/100\n|-heal|p1a: Nozomi|41\/100|[from] drain|[of] p2a: Clodsire\n|move|p2a: Clodsire|Toxic|p1a: Nozomi\n|-immune|p1a: Nozomi\n|\n|-heal|p2a: Clodsire|98\/100|[from] item: Leftovers\n|upkeep\n|turn|12\n|\n|t:|1700628498\n|move|p1a: Nozomi|Calm Mind|p1a: Nozomi\n|-boost|p1a: Nozomi|spa|1\n|-boost|p1a: Nozomi|spd|1\n|move|p2a: Clodsire|Earthquake|p1a: Nozomi\n|-supereffective|p1a: Nozomi\n|-damage|p1a: Nozomi|0 fnt\n|faint|p1a: Nozomi\n|\n|-end|p2a: Clodsire|move: Future Sight\n|-supereffective|p2a: Clodsire\n|-damage|p2a: Clodsire|58\/100\n|-heal|p2a: Clodsire|64\/100|[from] item: Leftovers\n|upkeep\n|\n|t:|1700628510\n|switch|p1a: Cassandra|Cresselia, F, shiny|100\/100\n|turn|13\n|\n|t:|1700628514\n|move|p1a: Cassandra|Light Screen|p1a: Cassandra\n|-sidestart|p1: AltairSpire|move: Light Screen\n|move|p2a: Clodsire|Recover|p2a: Clodsire\n|-heal|p2a: Clodsire|100\/100\n|\n|upkeep\n|turn|14\n|\n|t:|1700628520\n|move|p1a: Cassandra|Calm Mind|p1a: Cassandra\n|-boost|p1a: Cassandra|spa|1\n|-boost|p1a: Cassandra|spd|1\n|move|p2a: Clodsire|Toxic|p1a: Cassandra\n|-status|p1a: Cassandra|tox\n|\n|-damage|p1a: Cassandra|94\/100 tox|[from] psn\n|upkeep\n|turn|15\n|\n|t:|1700628531\n|move|p1a: Cassandra|Calm Mind|p1a: Cassandra\n|-boost|p1a: Cassandra|spa|1\n|-boost|p1a: Cassandra|spd|1\n|move|p2a: Clodsire|Earthquake|p1a: Cassandra\n|-immune|p1a: Cassandra|[from] ability: Levitate\n|\n|-heal|p1a: Cassandra|100\/100 tox|[from] item: Leftovers\n|-damage|p1a: Cassandra|88\/100 tox|[from] psn\n|upkeep\n|turn|16\n|\n|t:|1700628542\n|switch|p2a: The goofy|Espathra, F|100\/100\n|move|p1a: Cassandra|Calm Mind|p1a: Cassandra\n|-boost|p1a: Cassandra|spa|1\n|-boost|p1a: Cassandra|spd|1\n|\n|-heal|p1a: Cassandra|94\/100 tox|[from] item: Leftovers\n|-damage|p1a: Cassandra|76\/100 tox|[from] psn\n|upkeep\n|turn|17\n|\n|t:|1700628556\n|move|p2a: The goofy|Calm Mind|p2a: The goofy\n|-boost|p2a: The goofy|spa|1\n|-boost|p2a: The goofy|spd|1\n|move|p1a: Cassandra|Moonblast|p2a: The goofy\n|-damage|p2a: The goofy|60\/100\n|-unboost|p2a: The goofy|spa|1\n|\n|-heal|p2a: The goofy|66\/100|[from] item: Leftovers\n|-heal|p1a: Cassandra|82\/100 tox|[from] item: Leftovers\n|-damage|p1a: Cassandra|58\/100 tox|[from] psn\n|-sideend|p1: AltairSpire|move: Light Screen\n|-ability|p2a: The goofy|Speed Boost|boost\n|-boost|p2a: The goofy|spe|1\n|upkeep\n|turn|18\n|\n|t:|1700628570\n|move|p2a: The goofy|Baton Pass|p2a: The goofy\n|\n|t:|1700628571\n|switch|p2a: The silly|Calyrex-Shadow|100\/100|[from] Baton Pass\n|-ability|p2a: The silly|As One\n|-ability|p2a: The silly|Unnerve\n|move|p1a: Cassandra|Moonblast|p2a: The silly\n|-damage|p2a: The silly|73\/100\n|\n|-heal|p1a: Cassandra|64\/100 tox|[from] item: Leftovers\n|-damage|p1a: Cassandra|34\/100 tox|[from] psn\n|upkeep\n|turn|19\n|\n|t:|1700628586\n|-terastallize|p2a: The silly|Grass\n|move|p2a: The silly|Astral Barrage|p1a: Cassandra\n|-supereffective|p1a: Cassandra\n|-damage|p1a: Cassandra|0 fnt\n|faint|p1a: Cassandra\n|-ability|p2a: The silly|Grim Neigh|boost\n|-boost|p2a: The silly|spa|1\n|\n|upkeep\n|\n|t:|1700628595\n|switch|p1a: Chester|Mimikyu, F, shiny|100\/100\n|-damage|p1a: Chester|76\/100|[from] Spikes\n|turn|20\n|\n|t:|1700628607\n|move|p2a: The silly|Astral Barrage|p1a: Chester\n|-activate|p1a: Chester|ability: Disguise\n|-damage|p1a: Chester|76\/100\n|detailschange|p1a: Chester|Mimikyu-Busted, F, shiny\n|-damage|p1a: Chester|63\/100|[from] pokemon: Mimikyu-Busted\n|move|p1a: Chester|Light Screen|p1a: Chester\n|-sidestart|p1: AltairSpire|move: Light Screen\n|\n|upkeep\n|turn|21\n|\n|t:|1700628618\n|move|p2a: The silly|Astral Barrage|p1a: Chester\n|-supereffective|p1a: Chester\n|-damage|p1a: Chester|0 fnt\n|faint|p1a: Chester\n|-ability|p2a: The silly|Grim Neigh|boost\n|-boost|p2a: The silly|spa|1\n|\n|upkeep\n|\n|t:|1700628626\n|switch|p1a: Bloberta|Magearna|100\/100\n|-damage|p1a: Bloberta|76\/100|[from] Spikes\n|turn|22\n|c|\u2606GildedSapphire|ggwp\n|\n|t:|1700628633\n|move|p2a: The silly|Astral Barrage|p1a: Bloberta\n|-damage|p1a: Bloberta|12\/100\n|move|p1a: Bloberta|Flash Cannon|p2a: The silly\n|-damage|p2a: The silly|48\/100\n|\n|upkeep\n|turn|23\n|\n|t:|1700628640\n|move|p2a: The silly|Astral Barrage|p1a: Bloberta\n|-damage|p1a: Bloberta|0 fnt\n|faint|p1a: Bloberta\n|\n|win|GildedSapphire\n|raw|AltairSpire's rating: 1062 &rarr; <strong>1049<\/strong><br \/>(-13 for losing)\n|raw|GildedSapphire's rating: 1170 &rarr; <strong>1187<\/strong><br \/>(+17 for winning)\n|l|\u2606AltairSpire\n","uploadtime":1700628651,"views":0,"p1id":"altairspire","p2id":"gildedsapphire","formatid":"gen9anythinggoes","rating":1049,"private":0,"password":""}