{"id":"gen9anythinggoes-1974190621","p1":"RedStarNana","p2":"Purple Slushie","format":"[Gen 9] Anything Goes","log":"|j|\u2606RedStarNana\n|j|\u2606Purple Slushie\n|t:|1698066746\n|gametype|singles\n|player|p1|RedStarNana|jupiter|1261\n|player|p2|Purple Slushie|1|1359\n|teamsize|p1|6\n|teamsize|p2|6\n|gen|9\n|tier|[Gen 9] Anything Goes\n|rated|\n|rule|HP Percentage Mod: HP is shown in percentages\n|rule|Endless Battle Clause: Forcing endless battles is banned\n|clearpoke\n|poke|p1|Zoroark, M|\n|poke|p1|Sneasler, M|\n|poke|p1|Heatran, M|\n|poke|p1|Hatterene, F|\n|poke|p1|Regieleki|\n|poke|p1|Weavile, F|\n|poke|p2|Palafin, F|\n|poke|p2|Gardevoir, F|\n|poke|p2|Ursaluna-Bloodmoon, M|\n|poke|p2|Skeledirge, F|\n|poke|p2|Dragapult, F|\n|poke|p2|Garganacl, M|\n|teampreview\n|\n|t:|1698066765\n|start\n|switch|p1a: Eneru|Regieleki|100\/100\n|switch|p2a: Finny|Palafin, F|100\/100\n|turn|1\n|\n|t:|1698066775\n|detailschange|p2a: Finny|Palafin-Hero, F\n|switch|p2a: Fredbear|Ursaluna-Bloodmoon, M|100\/100\n|-terastallize|p1a: Eneru|Ice\n|move|p1a: Eneru|Volt Switch|p2a: Fredbear\n|-immune|p2a: Fredbear\n|\n|upkeep\n|turn|2\n|\n|t:|1698066784\n|move|p1a: Eneru|Tera Blast|p2a: Fredbear|[anim] Tera Blast Ice\n|-supereffective|p2a: Fredbear\n|-damage|p2a: Fredbear|0 fnt\n|faint|p2a: Fredbear\n|\n|upkeep\n|\n|t:|1698066788\n|switch|p2a: Cap You Dead|Skeledirge, F|100\/100\n|turn|3\n|\n|t:|1698066791\n|move|p1a: Eneru|Volt Switch|p2a: Cap You Dead\n|-damage|p2a: Cap You Dead|70\/100\n|\n|t:|1698066797\n|switch|p1a: Blacksmith|Heatran, M|100\/100|[from] Volt Switch\n|-item|p1a: Blacksmith|Air Balloon\n|move|p2a: Cap You Dead|Will-O-Wisp|p1a: Blacksmith\n|-start|p1a: Blacksmith|ability: Flash Fire\n|\n|-heal|p2a: Cap You Dead|76\/100|[from] item: Leftovers\n|upkeep\n|turn|4\n|\n|t:|1698066810\n|switch|p2a: Temp6|Garganacl, M|100\/100\n|move|p1a: Blacksmith|Stealth Rock|p2a: Temp6\n|-sidestart|p2: Purple Slushie|move: Stealth Rock\n|\n|upkeep\n|turn|5\n|\n|t:|1698066818\n|move|p1a: Blacksmith|Magma Storm|p2a: Temp6\n|-resisted|p2a: Temp6\n|-damage|p2a: Temp6|64\/100\n|-activate|p2a: Temp6|move: Magma Storm|[of] p1a: Blacksmith\n|move|p2a: Temp6|Salt Cure|p1a: Blacksmith\n|-damage|p1a: Blacksmith|89\/100\n|-start|p1a: Blacksmith|Salt Cure\n|-enditem|p1a: Blacksmith|Air Balloon\n|\n|-heal|p2a: Temp6|70\/100|[from] item: Leftovers\n|-damage|p1a: Blacksmith|65\/100|[from] Salt Cure\n|-damage|p2a: Temp6|58\/100|[from] move: Magma Storm|[partiallytrapped]\n|upkeep\n|turn|6\n|\n|t:|1698066833\n|move|p1a: Blacksmith|Flash Cannon|p2a: Temp6\n|-supereffective|p2a: Temp6\n|-damage|p2a: Temp6|0 fnt\n|faint|p2a: Temp6\n|\n|-damage|p1a: Blacksmith|40\/100|[from] Salt Cure\n|upkeep\n|\n|t:|1698066837\n|switch|p2a: Finny|Palafin-Hero, F|100\/100\n|-damage|p2a: Finny|88\/100|[from] Stealth Rock\n|-activate|p2a: Finny|ability: Zero to Hero\n|turn|7\n|\n|t:|1698066845\n|-end|p1a: Blacksmith|ability: Flash Fire|[silent]\n|switch|p1a: Tippy|Hatterene, F|100\/100\n|-terastallize|p2a: Finny|Water\n|move|p2a: Finny|Jet Punch|p1a: Tippy\n|-damage|p1a: Tippy|32\/100\n|\n|upkeep\n|turn|8\n|\n|t:|1698066853\n|move|p2a: Finny|Jet Punch|p1a: Tippy\n|-damage|p1a: Tippy|0 fnt\n|faint|p1a: Tippy\n|\n|upkeep\n|\n|t:|1698066860\n|switch|p1a: Eneru|Regieleki, tera:Ice|100\/100\n|turn|9\n|\n|t:|1698066864\n|switch|p2a: Variblune|Dragapult, F|100\/100\n|-damage|p2a: Variblune|88\/100|[from] Stealth Rock\n|move|p1a: Eneru|Volt Switch|p2a: Variblune\n|-resisted|p2a: Variblune\n|-damage|p2a: Variblune|61\/100\n|\n|t:|1698066873\n|switch|p1a: Rivet|Weavile, F|100\/100|[from] Volt Switch\n|\n|upkeep\n|turn|10\n|\n|t:|1698066897\n|switch|p2a: Hymeno|Gardevoir, F|100\/100\n|-damage|p2a: Hymeno|88\/100|[from] Stealth Rock\n|move|p1a: Rivet|Ice Shard|p2a: Hymeno\n|-damage|p2a: Hymeno|52\/100\n|\n|upkeep\n|turn|11\n|\n|t:|1698066911\n|switch|p1a: Butterfinger|Sneasler, M, shiny|100\/100\n|-item|p1a: Butterfinger|Air Balloon\n|move|p2a: Hymeno|Moonblast|p1a: Butterfinger\n|-supereffective|p1a: Butterfinger\n|-damage|p1a: Butterfinger|0 fnt\n|replace|p1a: Loki|Zoroark, M\n|-end|p1a: Loki|Illusion\n|-enditem|p1a: Loki|Air Balloon\n|faint|p1a: Loki\n|\n|upkeep\n|\n|t:|1698066922\n|switch|p1a: Eneru|Regieleki, tera:Ice|100\/100\n|turn|12\n|\n|t:|1698066926\n|move|p1a: Eneru|Volt Switch|p2a: Hymeno\n|-damage|p2a: Hymeno|3\/100\n|\n|t:|1698066931\n|switch|p1a: Blacksmith|Heatran, M|40\/100|[from] Volt Switch\n|move|p2a: Hymeno|Moonblast|p1a: Blacksmith\n|-resisted|p1a: Blacksmith\n|-damage|p1a: Blacksmith|30\/100\n|\n|upkeep\n|turn|13\n|\n|t:|1698066941\n|move|p2a: Hymeno|Moonblast|p1a: Blacksmith\n|-resisted|p1a: Blacksmith\n|-damage|p1a: Blacksmith|19\/100\n|move|p1a: Blacksmith|Will-O-Wisp|p2a: Hymeno\n|-status|p2a: Hymeno|brn\n|-activate|p2a: Hymeno|ability: Synchronize\n|-immune|p1a: Blacksmith\n|\n|-damage|p2a: Hymeno|0 fnt|[from] brn\n|faint|p2a: Hymeno\n|upkeep\n|\n|t:|1698066944\n|switch|p2a: Finny|Palafin-Hero, F, tera:Water|88\/100\n|-damage|p2a: Finny|76\/100|[from] Stealth Rock\n|turn|14\n|\n|t:|1698066958\n|move|p2a: Finny|Jet Punch|p1a: Blacksmith\n|-supereffective|p1a: Blacksmith\n|-crit|p1a: Blacksmith\n|-damage|p1a: Blacksmith|0 fnt\n|faint|p1a: Blacksmith\n|\n|upkeep\n|\n|t:|1698066963\n|switch|p1a: Eneru|Regieleki, tera:Ice|100\/100\n|turn|15\n|\n|t:|1698066967\n|switch|p2a: Cap You Dead|Skeledirge, F|76\/100\n|-damage|p2a: Cap You Dead|51\/100|[from] Stealth Rock\n|move|p1a: Eneru|Thunderbolt|p2a: Cap You Dead\n|-damage|p2a: Cap You Dead|9\/100\n|\n|-heal|p2a: Cap You Dead|15\/100|[from] item: Leftovers\n|upkeep\n|turn|16\n|\n|t:|1698066976\n|move|p1a: Eneru|Thunderbolt|p2a: Cap You Dead\n|-damage|p2a: Cap You Dead|0 fnt\n|faint|p2a: Cap You Dead\n|\n|upkeep\n|\n|t:|1698066978\n|switch|p2a: Variblune|Dragapult, F|61\/100\n|-damage|p2a: Variblune|48\/100|[from] Stealth Rock\n|turn|17\n|\n|t:|1698066984\n|move|p1a: Eneru|Tera Blast|p2a: Variblune|[anim] Tera Blast Ice\n|-supereffective|p2a: Variblune\n|-damage|p2a: Variblune|0 fnt\n|faint|p2a: Variblune\n|\n|upkeep\n|\n|t:|1698066986\n|switch|p2a: Finny|Palafin-Hero, F, tera:Water|76\/100\n|-damage|p2a: Finny|64\/100|[from] Stealth Rock\n|turn|18\n|\n|t:|1698066992\n|move|p2a: Finny|Jet Punch|p1a: Eneru\n|-damage|p1a: Eneru|0 fnt\n|faint|p1a: Eneru\n|\n|upkeep\n|\n|t:|1698067000\n|switch|p1a: Rivet|Weavile, F|100\/100\n|turn|19\n|\n|t:|1698067003\n|move|p1a: Rivet|Fake Out|p2a: Finny\n|-damage|p2a: Finny|50\/100\n|cant|p2a: Finny|flinch\n|\n|upkeep\n|turn|20\n|\n|t:|1698067010\n|move|p1a: Rivet|Ice Shard|p2a: Finny\n|-resisted|p2a: Finny\n|-damage|p2a: Finny|39\/100\n|move|p2a: Finny|Jet Punch|p1a: Rivet\n|-damage|p1a: Rivet|0 fnt\n|faint|p1a: Rivet\n|\n|upkeep\n|\n|t:|1698067017\n|switch|p1a: Butterfinger|Sneasler, M, shiny|100\/100\n|turn|21\n|\n|t:|1698067020\n|move|p2a: Finny|Jet Punch|p1a: Butterfinger\n|-damage|p1a: Butterfinger|0 fnt\n|faint|p1a: Butterfinger\n|\n|win|Purple Slushie\n|raw|RedStarNana's rating: 1261 &rarr; <strong>1243<\/strong><br \/>(-18 for losing)\n|raw|Purple Slushie's rating: 1359 &rarr; <strong>1374<\/strong><br \/>(+15 for winning)\n|c|\u2606Purple Slushie|ggwp\n|l|\u2606RedStarNana\n","uploadtime":1698067029,"views":10,"p1id":"redstarnana","p2id":"purpleslushie","formatid":"gen9anythinggoes","rating":1243,"private":0,"password":""}