{"id":"gen9anythinggoes-1991256253","p1":"Luigi3641","p2":"ospina2301","format":"[Gen 9] Anything Goes","log":"|j|\u2606Luigi3641\n|j|\u2606ospina2301\n|t:|1700061795\n|gametype|singles\n|player|p1|Luigi3641|juggler|1088\n|player|p2|ospina2301|266|1179\n|teamsize|p1|4\n|teamsize|p2|6\n|gen|9\n|tier|[Gen 9] Anything Goes\n|rated|\n|rule|HP Percentage Mod: HP is shown in percentages\n|rule|Endless Battle Clause: Forcing endless battles is banned\n|clearpoke\n|poke|p1|Lilligant, F|\n|poke|p1|Oricorio-Pa'u, M|\n|poke|p1|Magneton|\n|poke|p1|Primeape, M|\n|poke|p2|Abomasnow, M|\n|poke|p2|Beartic, M|\n|poke|p2|Baxcalibur, F|\n|poke|p2|Iron Bundle|\n|poke|p2|Grimmsnarl, M|\n|poke|p2|Arcanine, F|\n|teampreview\n|\n|t:|1700061804\n|start\n|switch|p1a: Magneton|Magneton|100\/100\n|switch|p2a: Grimmsnarl|Grimmsnarl, M|100\/100\n|turn|1\n|c|\u2606Luigi3641|Glhf\n|\n|t:|1700061823\n|move|p2a: Grimmsnarl|Taunt|p1a: Magneton\n|-start|p1a: Magneton|move: Taunt\n|move|p1a: Magneton|Discharge|p2a: Grimmsnarl\n|-damage|p2a: Grimmsnarl|56\/100\n|\n|upkeep\n|turn|2\n|\n|t:|1700061833\n|move|p2a: Grimmsnarl|Parting Shot|p1a: Magneton\n|-unboost|p1a: Magneton|atk|1\n|-unboost|p1a: Magneton|spa|1\n|\n|t:|1700061839\n|switch|p2a: Abomasnow|Abomasnow, M|100\/100|[from] Parting Shot\n|-weather|Snow|[from] ability: Snow Warning|[of] p2a: Abomasnow\n|move|p1a: Magneton|Discharge|p2a: Abomasnow\n|-resisted|p2a: Abomasnow\n|-damage|p2a: Abomasnow|87\/100\n|\n|-weather|Snow|[upkeep]\n|upkeep\n|turn|3\n|\n|t:|1700061849\n|switch|p1a: Primeape|Primeape, M|100\/100\n|move|p2a: Abomasnow|Leech Seed|p1a: Primeape|[miss]\n|-miss|p2a: Abomasnow|p1a: Primeape\n|\n|-weather|Snow|[upkeep]\n|upkeep\n|turn|4\n|\n|t:|1700061859\n|switch|p2a: Grimmsnarl|Grimmsnarl, M|56\/100\n|move|p1a: Primeape|Bulk Up|p1a: Primeape\n|-boost|p1a: Primeape|atk|1\n|-boost|p1a: Primeape|def|1\n|\n|-weather|Snow|[upkeep]\n|upkeep\n|turn|5\n|\n|t:|1700061867\n|move|p2a: Grimmsnarl|Taunt|p1a: Primeape\n|-start|p1a: Primeape|move: Taunt\n|move|p1a: Primeape|Drain Punch|p2a: Grimmsnarl\n|-damage|p2a: Grimmsnarl|0 fnt\n|faint|p2a: Grimmsnarl\n|\n|-weather|Snow|[upkeep]\n|upkeep\n|\n|t:|1700061879\n|switch|p2a: Iron Bundle|Iron Bundle, shiny|100\/100\n|-enditem|p2a: Iron Bundle|Booster Energy\n|-activate|p2a: Iron Bundle|ability: Quark Drive|[fromitem]\n|-start|p2a: Iron Bundle|quarkdrivespe\n|turn|6\n|\n|t:|1700061888\n|-terastallize|p2a: Iron Bundle|Water\n|move|p2a: Iron Bundle|Tera Blast|p1a: Primeape|[anim] Tera Blast Water\n|-damage|p1a: Primeape|56\/100\n|move|p1a: Primeape|Drain Punch|p2a: Iron Bundle\n|-damage|p2a: Iron Bundle|35\/100\n|-heal|p1a: Primeape|80\/100|[from] drain|[of] p2a: Iron Bundle\n|\n|-weather|Snow|[upkeep]\n|upkeep\n|turn|7\n|\n|t:|1700061900\n|move|p2a: Iron Bundle|Blizzard|p1a: Primeape\n|-damage|p1a: Primeape|33\/100\n|move|p1a: Primeape|Drain Punch|p2a: Iron Bundle\n|-damage|p2a: Iron Bundle|0 fnt\n|-heal|p1a: Primeape|46\/100|[from] drain|[of] p2a: Iron Bundle\n|faint|p2a: Iron Bundle\n|-end|p2a: Iron Bundle|Quark Drive|[silent]\n|\n|-weather|Snow|[upkeep]\n|-end|p1a: Primeape|move: Taunt\n|upkeep\n|\n|t:|1700061913\n|switch|p2a: Baxcalibur|Baxcalibur, F, shiny|100\/100\n|turn|8\n|\n|t:|1700061920\n|move|p2a: Baxcalibur|Dragon Claw|p1a: Primeape\n|-damage|p1a: Primeape|12\/100\n|move|p1a: Primeape|Drain Punch|p2a: Baxcalibur\n|-supereffective|p2a: Baxcalibur\n|-damage|p2a: Baxcalibur|26\/100\n|-heal|p1a: Primeape|53\/100|[from] drain|[of] p2a: Baxcalibur\n|\n|-weather|Snow|[upkeep]\n|upkeep\n|turn|9\n|\n|t:|1700061934\n|move|p2a: Baxcalibur|Dragon Claw|p1a: Primeape\n|-damage|p1a: Primeape|21\/100\n|move|p1a: Primeape|Drain Punch|p2a: Baxcalibur\n|-supereffective|p2a: Baxcalibur\n|-damage|p2a: Baxcalibur|0 fnt\n|-heal|p1a: Primeape|35\/100|[from] drain|[of] p2a: Baxcalibur\n|faint|p2a: Baxcalibur\n|\n|-weather|none\n|upkeep\n|\n|t:|1700061939\n|switch|p2a: Beartic|Beartic, M|100\/100\n|turn|10\n|\n|t:|1700061949\n|move|p1a: Primeape|Drain Punch|p2a: Beartic\n|-supereffective|p2a: Beartic\n|-damage|p2a: Beartic|0 fnt\n|-heal|p1a: Primeape|94\/100|[from] drain|[of] p2a: Beartic\n|faint|p2a: Beartic\n|\n|upkeep\n|\n|t:|1700061952\n|switch|p2a: Arcanine|Arcanine, F|100\/100\n|-ability|p2a: Arcanine|Intimidate|boost\n|-unboost|p1a: Primeape|atk|1\n|-ability|p1a: Primeape|Defiant|boost\n|-boost|p1a: Primeape|atk|2\n|turn|11\n|\n|t:|1700061960\n|move|p1a: Primeape|Rage Fist|p2a: Arcanine\n|-damage|p2a: Arcanine|0 fnt\n|faint|p2a: Arcanine\n|\n|upkeep\n|\n|t:|1700061964\n|switch|p2a: Abomasnow|Abomasnow, M|87\/100\n|-weather|Snow|[from] ability: Snow Warning|[of] p2a: Abomasnow\n|turn|12\n|\n|t:|1700061969\n|move|p1a: Primeape|Drain Punch|p2a: Abomasnow\n|-supereffective|p2a: Abomasnow\n|-damage|p2a: Abomasnow|0 fnt\n|-heal|p1a: Primeape|100\/100|[from] drain|[of] p2a: Abomasnow\n|faint|p2a: Abomasnow\n|\n|win|Luigi3641\n|raw|Luigi3641's rating: 1088 &rarr; <strong>1122<\/strong><br \/>(+34 for winning)\n|raw|ospina2301's rating: 1179 &rarr; <strong>1148<\/strong><br \/>(-31 for losing)\n|l|\u2606ospina2301\n|c|\u2606Luigi3641|gg\n","uploadtime":1700061994,"views":9,"p1id":"luigi3641","p2id":"ospina2301","formatid":"gen9anythinggoes","rating":1122,"private":0,"password":""}