{"id":"gen9anythinggoes-2000384528","p1":"UltraNico999","p2":"Kurdeus","format":"[Gen 9] Anything Goes","log":"|j|\u2606UltraNico999\n|j|\u2606Kurdeus\n|t:|1701190304\n|gametype|singles\n|player|p1|UltraNico999|firebreather|\n|player|p2|Kurdeus|hugh|\n|teamsize|p1|6\n|teamsize|p2|6\n|gen|9\n|tier|[Gen 9] Anything Goes\n|rule|HP Percentage Mod: HP is shown in percentages\n|rule|Endless Battle Clause: Forcing endless battles is banned\n|clearpoke\n|poke|p1|Ogerpon, F|\n|poke|p1|Corviknight, M|\n|poke|p1|Hydreigon, F|\n|poke|p1|Inteleon, M|\n|poke|p1|Moltres-Galar|\n|poke|p1|Raichu-Alola, F|\n|poke|p2|Iron Valiant|\n|poke|p2|Roaring Moon|\n|poke|p2|Chandelure, M|\n|poke|p2|Avalugg, M|\n|poke|p2|Munkidori, M|\n|poke|p2|Hariyama, F|\n|teampreview\n|\n|t:|1701190317\n|start\n|switch|p1a: Ogerpon|Ogerpon, F|100\/100\n|switch|p2a: Munkidori|Munkidori, M|100\/100\n|turn|1\n|c|\u2606Kurdeus|gl hf\n|\n|t:|1701190328\n|move|p2a: Munkidori|U-turn|p1a: Ogerpon\n|-supereffective|p1a: Ogerpon\n|-damage|p1a: Ogerpon|76\/100\n|\n|t:|1701190336\n|switch|p2a: Avalugg|Avalugg, M|100\/100|[from] U-turn\n|move|p1a: Ogerpon|Grassy Terrain|p1a: Ogerpon\n|-fieldstart|move: Grassy Terrain\n|\n|-heal|p1a: Ogerpon|82\/100|[from] Grassy Terrain\n|upkeep\n|turn|2\n|\n|t:|1701190345\n|move|p1a: Ogerpon|Spiky Shield|p1a: Ogerpon\n|-singleturn|p1a: Ogerpon|move: Protect\n|move|p2a: Avalugg|Ice Spinner|p1a: Ogerpon\n|-activate|p1a: Ogerpon|move: Protect\n|-damage|p2a: Avalugg|88\/100|[from] Spiky Shield|[of] p1a: Ogerpon\n|\n|-heal|p1a: Ogerpon|88\/100|[from] Grassy Terrain\n|-heal|p2a: Avalugg|94\/100|[from] Grassy Terrain\n|upkeep\n|turn|3\n|\n|t:|1701190354\n|move|p1a: Ogerpon|Ivy Cudgel|p2a: Avalugg\n|-damage|p2a: Avalugg|62\/100\n|-damage|p1a: Ogerpon|78\/100|[from] item: Life Orb\n|move|p2a: Avalugg|Ice Spinner|p1a: Ogerpon\n|-supereffective|p1a: Ogerpon\n|-damage|p1a: Ogerpon|7\/100\n|-fieldend|move: Grassy Terrain\n|\n|upkeep\n|turn|4\n|\n|t:|1701190364\n|move|p1a: Ogerpon|Horn Leech|p2a: Avalugg\n|-damage|p2a: Avalugg|44\/100\n|-heal|p1a: Ogerpon|18\/100|[from] drain|[of] p2a: Avalugg\n|-damage|p1a: Ogerpon|8\/100|[from] item: Life Orb\n|move|p2a: Avalugg|Recover|p2a: Avalugg\n|-heal|p2a: Avalugg|94\/100\n|\n|upkeep\n|turn|5\n|\n|t:|1701190371\n|move|p1a: Ogerpon|Horn Leech|p2a: Avalugg\n|-damage|p2a: Avalugg|73\/100\n|-heal|p1a: Ogerpon|21\/100|[from] drain|[of] p2a: Avalugg\n|-damage|p1a: Ogerpon|11\/100|[from] item: Life Orb\n|move|p2a: Avalugg|Ice Spinner|p1a: Ogerpon\n|-supereffective|p1a: Ogerpon\n|-damage|p1a: Ogerpon|0 fnt\n|faint|p1a: Ogerpon\n|\n|upkeep\n|\n|t:|1701190377\n|switch|p1a: Corviknight|Corviknight, M, shiny|100\/100\n|turn|6\n|\n|t:|1701190392\n|switch|p2a: Chandelure|Chandelure, M|100\/100\n|move|p1a: Corviknight|Bulk Up|p1a: Corviknight\n|-boost|p1a: Corviknight|atk|1\n|-boost|p1a: Corviknight|def|1\n|\n|upkeep\n|turn|7\n|\n|t:|1701190398\n|move|p2a: Chandelure|Flamethrower|p1a: Corviknight\n|-supereffective|p1a: Corviknight\n|-damage|p1a: Corviknight|0 fnt\n|faint|p1a: Corviknight\n|-damage|p2a: Chandelure|91\/100|[from] item: Life Orb\n|\n|upkeep\n|\n|t:|1701190403\n|switch|p1a: Inteleon|Inteleon, M|100\/100\n|turn|8\n|\n|t:|1701190410\n|-terastallize|p2a: Chandelure|Fighting\n|move|p1a: Inteleon|Snipe Shot|p2a: Chandelure\n|-crit|p2a: Chandelure\n|-damage|p2a: Chandelure|0 fnt\n|faint|p2a: Chandelure\n|\n|upkeep\n|\n|t:|1701190424\n|switch|p2a: Hariyama|Hariyama, F|100\/100\n|turn|9\n|\n|t:|1701190430\n|move|p1a: Inteleon|Shadow Ball|p2a: Hariyama\n|-damage|p2a: Hariyama|74\/100\n|move|p2a: Hariyama|Thunder Punch|p1a: Inteleon\n|-supereffective|p1a: Inteleon\n|-damage|p1a: Inteleon|16\/100\n|\n|-status|p2a: Hariyama|brn|[from] item: Flame Orb\n|upkeep\n|turn|10\n|\n|t:|1701190440\n|move|p2a: Hariyama|Bullet Punch|p1a: Inteleon\n|-resisted|p1a: Inteleon\n|-damage|p1a: Inteleon|0 fnt\n|faint|p1a: Inteleon\n|\n|-damage|p2a: Hariyama|68\/100 brn|[from] brn\n|upkeep\n|\n|t:|1701190443\n|switch|p1a: Raichu|Raichu-Alola, F, shiny|100\/100\n|turn|11\n|\n|t:|1701190456\n|switch|p2a: Avalugg|Avalugg, M|73\/100\n|move|p1a: Raichu|Electric Terrain|p1a: Raichu\n|-fieldstart|move: Electric Terrain\n|\n|upkeep\n|turn|12\n|\n|t:|1701190465\n|move|p1a: Raichu|Electro Ball|p2a: Avalugg\n|-damage|p2a: Avalugg|0 fnt\n|faint|p2a: Avalugg\n|-damage|p1a: Raichu|91\/100|[from] item: Life Orb\n|\n|upkeep\n|\n|t:|1701190476\n|switch|p2a: Roaring Moon|Roaring Moon|100\/100\n|-enditem|p2a: Roaring Moon|Booster Energy\n|-activate|p2a: Roaring Moon|ability: Protosynthesis|[fromitem]\n|-start|p2a: Roaring Moon|protosynthesisatk\n|turn|13\n|\n|t:|1701190486\n|move|p1a: Raichu|Electro Ball|p2a: Roaring Moon\n|-resisted|p2a: Roaring Moon\n|-damage|p2a: Roaring Moon|81\/100\n|-damage|p1a: Raichu|81\/100|[from] item: Life Orb\n|move|p2a: Roaring Moon|Knock Off|p1a: Raichu\n|-supereffective|p1a: Raichu\n|-crit|p1a: Raichu\n|-damage|p1a: Raichu|0 fnt\n|-enditem|p1a: Raichu|Life Orb|[from] move: Knock Off|[of] p2a: Roaring Moon\n|faint|p1a: Raichu\n|\n|upkeep\n|\n|t:|1701190493\n|switch|p1a: Moltres|Moltres-Galar, shiny|100\/100\n|turn|14\n|\n|t:|1701190510\n|move|p2a: Roaring Moon|Scale Shot|p1a: Moltres\n|-damage|p1a: Moltres|81\/100\n|-damage|p1a: Moltres|61\/100\n|-hitcount|p1a: Moltres|2\n|-unboost|p2a: Roaring Moon|def|1\n|-boost|p2a: Roaring Moon|spe|1\n|move|p1a: Moltres|Nasty Plot|p1a: Moltres\n|-boost|p1a: Moltres|spa|2\n|\n|upkeep\n|turn|15\n|\n|t:|1701190521\n|move|p2a: Roaring Moon|Acrobatics|p1a: Moltres\n|-damage|p1a: Moltres|0 fnt\n|faint|p1a: Moltres\n|\n|-fieldend|move: Electric Terrain\n|upkeep\n|\n|t:|1701190523\n|switch|p1a: Hydreigon|Hydreigon, F|100\/100\n|turn|16\n|\n|t:|1701190528\n|move|p2a: Roaring Moon|Scale Shot|p1a: Hydreigon\n|-supereffective|p1a: Hydreigon\n|-damage|p1a: Hydreigon|65\/100\n|-supereffective|p1a: Hydreigon\n|-damage|p1a: Hydreigon|32\/100\n|-hitcount|p1a: Hydreigon|2\n|-unboost|p2a: Roaring Moon|def|1\n|-boost|p2a: Roaring Moon|spe|1\n|move|p1a: Hydreigon|Dragon Pulse|p2a: Roaring Moon\n|-supereffective|p2a: Roaring Moon\n|-damage|p2a: Roaring Moon|10\/100\n|\n|-heal|p1a: Hydreigon|38\/100|[from] item: Leftovers\n|upkeep\n|turn|17\n|\n|t:|1701190537\n|move|p2a: Roaring Moon|Scale Shot|p1a: Hydreigon\n|-supereffective|p1a: Hydreigon\n|-damage|p1a: Hydreigon|4\/100\n|-supereffective|p1a: Hydreigon\n|-damage|p1a: Hydreigon|0 fnt\n|faint|p1a: Hydreigon\n|-hitcount|p1: Hydreigon|2\n|\n|win|Kurdeus\n|c|\u2606Kurdeus|gg\n","uploadtime":1701190552,"views":18,"p1id":"ultranico999","p2id":"kurdeus","formatid":"gen9anythinggoes","rating":0,"private":0,"password":""}