{"id":"gen9anythinggoes-1986871088","p1":"Registry","p2":"DiffusionDiff","format":"[Gen 9] Anything Goes","log":"|j|\u2606Registry\n|j|\u2606DiffusionDiff\n|t:|1699536288\n|gametype|singles\n|player|p1|Registry|harlequin|1000\n|player|p2|DiffusionDiff|riley|1076\n|teamsize|p1|6\n|teamsize|p2|6\n|gen|9\n|tier|[Gen 9] Anything Goes\n|rated|\n|rule|HP Percentage Mod: HP is shown in percentages\n|rule|Endless Battle Clause: Forcing endless battles is banned\n|clearpoke\n|poke|p1|Calyrex-Shadow|\n|poke|p1|Decidueye-Hisui, M|\n|poke|p1|Arcanine-Hisui, M|\n|poke|p1|Samurott-Hisui, F|\n|poke|p1|Braviary, M|\n|poke|p1|Ninetales-Alola, M|\n|poke|p2|Maushold-Four|\n|poke|p2|Flutter Mane|\n|poke|p2|Miraidon|\n|poke|p2|Rabsca, M|\n|poke|p2|Garganacl, F|\n|poke|p2|Houndstone, M|\n|teampreview\n|\n|t:|1699536307\n|start\n|switch|p1a: Decidueye|Decidueye-Hisui, M|100\/100\n|switch|p2a: DeMarco|Miraidon|100\/100\n|-fieldstart|move: Electric Terrain|[from] ability: Hadron Engine|[of] p2a: DeMarco\n|turn|1\n|\n|t:|1699536361\n|switch|p1a: Ninetales|Ninetales-Alola, M|100\/100\n|-weather|Snow|[from] ability: Snow Warning|[of] p1a: Ninetales\n|-terastallize|p2a: DeMarco|Electric\n|move|p2a: DeMarco|Electro Drift|p1a: Ninetales\n|-damage|p1a: Ninetales|7\/100\n|\n|-weather|Snow|[upkeep]\n|upkeep\n|turn|2\n|\n|t:|1699536378\n|move|p2a: DeMarco|Electro Drift|p1a: Ninetales\n|-damage|p1a: Ninetales|0 fnt\n|faint|p1a: Ninetales\n|\n|-weather|Snow|[upkeep]\n|upkeep\n|\n|t:|1699536399\n|switch|p1a: Arcanine|Arcanine-Hisui, M|100\/100\n|turn|3\n|\n|t:|1699536409\n|move|p2a: DeMarco|Electro Drift|p1a: Arcanine\n|-damage|p1a: Arcanine|0 fnt\n|faint|p1a: Arcanine\n|\n|-weather|Snow|[upkeep]\n|upkeep\n|\n|t:|1699536418\n|switch|p1a: Calyrex|Calyrex-Shadow|100\/100\n|-ability|p1a: Calyrex|As One\n|-ability|p1a: Calyrex|Unnerve\n|turn|4\n|\n|t:|1699536428\n|move|p1a: Calyrex|Astral Barrage|p2a: DeMarco\n|-damage|p2a: DeMarco|54\/100\n|move|p2a: DeMarco|Electro Drift|p1a: Calyrex\n|-damage|p1a: Calyrex|0 fnt\n|faint|p1a: Calyrex\n|\n|-weather|Snow|[upkeep]\n|upkeep\n|\n|t:|1699536442\n|switch|p1a: Decidueye|Decidueye-Hisui, M|100\/100\n|turn|5\n|\n|t:|1699536446\n|move|p2a: DeMarco|Electro Drift|p1a: Decidueye\n|-resisted|p1a: Decidueye\n|-damage|p1a: Decidueye|43\/100\n|move|p1a: Decidueye|Triple Arrows|p2a: DeMarco\n|-damage|p2a: DeMarco|5\/100\n|-unboost|p2a: DeMarco|def|1\n|\n|-weather|none\n|-fieldend|move: Electric Terrain\n|upkeep\n|turn|6\n|\n|t:|1699536454\n|move|p2a: DeMarco|Dragon Pulse|p1a: Decidueye\n|-damage|p1a: Decidueye|1\/100\n|move|p1a: Decidueye|Triple Arrows|p2a: DeMarco\n|-damage|p2a: DeMarco|0 fnt\n|faint|p2a: DeMarco\n|\n|upkeep\n|\n|t:|1699536463\n|switch|p2a: Flutter Mane|Flutter Mane, shiny|100\/100\n|turn|7\n|\n|t:|1699536472\n|move|p2a: Flutter Mane|Moonblast|p1a: Decidueye\n|-supereffective|p1a: Decidueye\n|-crit|p1a: Decidueye\n|-damage|p1a: Decidueye|0 fnt\n|faint|p1a: Decidueye\n|-damage|p2a: Flutter Mane|91\/100|[from] item: Life Orb\n|\n|upkeep\n|\n|t:|1699536478\n|switch|p1a: Braviary|Braviary, M|100\/100\n|turn|8\n|\n|t:|1699536489\n|move|p2a: Flutter Mane|Moonblast|p1a: Braviary\n|-damage|p1a: Braviary|28\/100\n|-unboost|p1a: Braviary|spa|1\n|-damage|p2a: Flutter Mane|81\/100|[from] item: Life Orb\n|move|p1a: Braviary|Acrobatics|p2a: Flutter Mane\n|-damage|p2a: Flutter Mane|0 fnt\n|faint|p2a: Flutter Mane\n|-end|p2a: Flutter Mane|Protosynthesis|[silent]\n|\n|upkeep\n|\n|t:|1699536493\n|switch|p2a: SSSReplacement|Garganacl, F, shiny|100\/100\n|turn|9\n|\n|t:|1699536508\n|move|p1a: Braviary|Body Slam|p2a: SSSReplacement\n|-resisted|p2a: SSSReplacement\n|-damage|p2a: SSSReplacement|79\/100\n|move|p2a: SSSReplacement|Iron Defense|p2a: SSSReplacement\n|-boost|p2a: SSSReplacement|def|2\n|\n|-heal|p2a: SSSReplacement|86\/100|[from] item: Leftovers\n|upkeep\n|turn|10\n|\n|t:|1699536515\n|move|p1a: Braviary|Acrobatics|p2a: SSSReplacement\n|-resisted|p2a: SSSReplacement\n|-damage|p2a: SSSReplacement|75\/100\n|move|p2a: SSSReplacement|Iron Defense|p2a: SSSReplacement\n|-boost|p2a: SSSReplacement|def|2\n|\n|-heal|p2a: SSSReplacement|81\/100|[from] item: Leftovers\n|upkeep\n|turn|11\n|\n|t:|1699536522\n|move|p1a: Braviary|Bulk Up|p1a: Braviary\n|-boost|p1a: Braviary|atk|1\n|-boost|p1a: Braviary|def|1\n|move|p2a: SSSReplacement|Iron Defense|p2a: SSSReplacement\n|-boost|p2a: SSSReplacement|def|2\n|\n|-heal|p2a: SSSReplacement|87\/100|[from] item: Leftovers\n|upkeep\n|turn|12\n|\n|t:|1699536536\n|move|p1a: Braviary|Bulk Up|p1a: Braviary\n|-boost|p1a: Braviary|atk|1\n|-boost|p1a: Braviary|def|1\n|move|p2a: SSSReplacement|Body Press|p1a: Braviary\n|-damage|p1a: Braviary|0 fnt\n|faint|p1a: Braviary\n|\n|-heal|p2a: SSSReplacement|93\/100|[from] item: Leftovers\n|upkeep\n|\n|t:|1699536545\n|switch|p1a: Samurott|Samurott-Hisui, F|100\/100\n|turn|13\n|\n|t:|1699536560\n|move|p1a: Samurott|Aqua Cutter|p2a: SSSReplacement\n|-supereffective|p2a: SSSReplacement\n|-damage|p2a: SSSReplacement|79\/100\n|move|p2a: SSSReplacement|Body Press|p1a: Samurott\n|-supereffective|p1a: Samurott\n|-damage|p1a: Samurott|0 fnt\n|faint|p1a: Samurott\n|\n|win|DiffusionDiff\n|raw|Registry's rating: 1000 &rarr; <strong>1000<\/strong><br \/>(+0 for losing)\n|raw|DiffusionDiff's rating: 1076 &rarr; <strong>1098<\/strong><br \/>(+22 for winning)\n|l|\u2606Registry\n","uploadtime":1699536565,"views":4,"p1id":"registry","p2id":"diffusiondiff","formatid":"gen9anythinggoes","rating":1000,"private":0,"password":""}