{"id":"gen9anythinggoes-1983827430","p1":"8v7987g","p2":"121coo","format":"[Gen 9] Anything Goes","log":"|j|\u26068v7987g\n|j|\u2606121coo\n|t:|1699188224\n|gametype|singles\n|player|p1|8v7987g|pokekid|1000\n|player|p2|121coo|cynthia-gen4|1133\n|teamsize|p1|6\n|teamsize|p2|6\n|gen|9\n|tier|[Gen 9] Anything Goes\n|rated|\n|rule|HP Percentage Mod: HP is shown in percentages\n|rule|Endless Battle Clause: Forcing endless battles is banned\n|clearpoke\n|poke|p1|Maushold-Four|\n|poke|p1|Maushold-Four|\n|poke|p1|Maushold-Four|\n|poke|p1|Maushold-Four|\n|poke|p1|Maushold-Four|\n|poke|p1|Maushold-Four|\n|poke|p2|Maushold-Four|\n|poke|p2|Maushold-Four|\n|poke|p2|Maushold-Four|\n|poke|p2|Maushold-Four|\n|poke|p2|Maushold-Four|\n|poke|p2|Maushold-Four|\n|teampreview\n|\n|t:|1699188233\n|start\n|switch|p1a: Maushold|Maushold-Four|100\/100\n|switch|p2a: Maushold|Maushold-Four|100\/100\n|turn|1\n|\n|t:|1699188241\n|-terastallize|p1a: Maushold|Ghost\n|move|p2a: Maushold|Population Bomb|p1a: Maushold\n|-immune|p1a: Maushold\n|move|p1a: Maushold|Taunt|p2a: Maushold\n|-start|p2a: Maushold|move: Taunt\n|\n|upkeep\n|turn|2\n|\n|t:|1699188251\n|move|p2a: Maushold|Crunch|p1a: Maushold\n|-supereffective|p1a: Maushold\n|-damage|p1a: Maushold|43\/100\n|move|p1a: Maushold|Encore|p2a: Maushold\n|-start|p2a: Maushold|Encore\n|\n|upkeep\n|turn|3\n|\n|t:|1699188258\n|move|p2a: Maushold|Crunch|p1a: Maushold\n|-supereffective|p1a: Maushold\n|-damage|p1a: Maushold|0 fnt\n|faint|p1a: Maushold\n|\n|upkeep\n|\n|t:|1699188261\n|switch|p1a: Maushold|Maushold-Four|100\/100\n|turn|4\n|\n|t:|1699188265\n|move|p2a: Maushold|Crunch|p1a: Maushold\n|-damage|p1a: Maushold|69\/100\n|move|p1a: Maushold|Tidy Up|p1a: Maushold\n|-boost|p1a: Maushold|atk|1\n|-boost|p1a: Maushold|spe|1\n|\n|-end|p2a: Maushold|move: Taunt\n|upkeep\n|turn|5\n|\n|t:|1699188274\n|move|p1a: Maushold|Population Bomb|p2a: Maushold\n|-damage|p2a: Maushold|74\/100\n|-damage|p2a: Maushold|46\/100\n|-damage|p2a: Maushold|21\/100\n|-damage|p2a: Maushold|0 fnt\n|faint|p2a: Maushold\n|-hitcount|p2: Maushold|4\n|\n|upkeep\n|\n|t:|1699188283\n|switch|p2a: Maushold|Maushold-Four|100\/100\n|turn|6\n|\n|t:|1699188287\n|move|p1a: Maushold|Population Bomb|p2a: Maushold\n|-damage|p2a: Maushold|75\/100\n|-damage|p2a: Maushold|47\/100\n|-damage|p2a: Maushold|21\/100\n|-damage|p2a: Maushold|0 fnt\n|faint|p2a: Maushold\n|-hitcount|p2: Maushold|4\n|\n|upkeep\n|\n|t:|1699188295\n|switch|p2a: Maushold|Maushold-Four|100\/100\n|turn|7\n|\n|t:|1699188299\n|move|p1a: Maushold|Population Bomb|p2a: Maushold\n|-damage|p2a: Maushold|77\/100\n|-damage|p2a: Maushold|52\/100\n|-damage|p2a: Maushold|27\/100\n|-damage|p2a: Maushold|3\/100\n|-damage|p2a: Maushold|0 fnt\n|faint|p2a: Maushold\n|-hitcount|p2: Maushold|5\n|\n|upkeep\n|\n|t:|1699188309\n|switch|p2a: Maushold|Maushold-Four|100\/100\n|turn|8\n|\n|t:|1699188312\n|move|p1a: Maushold|Population Bomb|p2a: Maushold\n|-damage|p2a: Maushold|74\/100\n|-crit|p2a: Maushold\n|-damage|p2a: Maushold|38\/100\n|-damage|p2a: Maushold|12\/100\n|-damage|p2a: Maushold|0 fnt\n|faint|p2a: Maushold\n|-hitcount|p2: Maushold|4\n|\n|upkeep\n|\n|t:|1699188322\n|switch|p2a: Maushold|Maushold-Four|100\/100\n|turn|9\n|\n|t:|1699188325\n|move|p1a: Maushold|Population Bomb|p2a: Maushold\n|-damage|p2a: Maushold|75\/100\n|-damage|p2a: Maushold|47\/100\n|-damage|p2a: Maushold|20\/100\n|-damage|p2a: Maushold|0 fnt\n|faint|p2a: Maushold\n|-hitcount|p2: Maushold|4\n|\n|upkeep\n|\n|t:|1699188334\n|switch|p2a: Maushold|Maushold-Four|100\/100\n|turn|10\n|\n|t:|1699188338\n|move|p1a: Maushold|Population Bomb|p2a: Maushold\n|-damage|p2a: Maushold|74\/100\n|-damage|p2a: Maushold|50\/100\n|-damage|p2a: Maushold|24\/100\n|-damage|p2a: Maushold|0 fnt\n|faint|p2a: Maushold\n|-hitcount|p2: Maushold|4\n|\n|win|8v7987g\n|raw|8v7987g's rating: 1000 &rarr; <strong>1055<\/strong><br \/>(+55 for winning)\n|raw|121coo's rating: 1133 &rarr; <strong>1099<\/strong><br \/>(-34 for losing)\n|l|\u2606121coo\n","uploadtime":1699188444,"views":5,"p1id":"8v7987g","p2id":"121coo","formatid":"gen9anythinggoes","rating":1055,"private":0,"password":""}