{"id":"gen9anythinggoes-1984173004","p1":"oOo Spume oOo","p2":"RedofIndigoPlateau","format":"[Gen 9] Anything Goes","log":"|j|\u2606oOo Spume oOo\n|j|\u2606RedofIndigoPlateau\n|t:|1699226394\n|gametype|singles\n|player|p1|oOo Spume oOo|evelyn|1306\n|player|p2|RedofIndigoPlateau|red|1272\n|teamsize|p1|6\n|teamsize|p2|6\n|gen|9\n|tier|[Gen 9] Anything Goes\n|rated|\n|rule|HP Percentage Mod: HP is shown in percentages\n|rule|Endless Battle Clause: Forcing endless battles is banned\n|clearpoke\n|poke|p1|Ditto|\n|poke|p1|Wooper-Paldea, M|\n|poke|p1|Clodsire, M|\n|poke|p1|Arceus|\n|poke|p1|Eternatus|\n|poke|p1|Calyrex-Shadow|\n|poke|p2|Zacian-*|\n|poke|p2|Calyrex-Shadow|\n|poke|p2|Palkia|\n|poke|p2|Hoopa-Unbound|\n|poke|p2|Miraidon|\n|poke|p2|Baxcalibur, F|\n|teampreview\n|inactive|Battle timer is ON: inactive players will automatically lose when time's up. (requested by RedofIndigoPlateau)\n|\n|t:|1699226405\n|start\n|switch|p1a: Clod|Clodsire, M, shiny|100\/100\n|switch|p2a: Baxcalibur|Baxcalibur, F|100\/100\n|turn|1\n|\n|t:|1699226414\n|move|p2a: Baxcalibur|Icicle Spear|p1a: Clod\n|-supereffective|p1a: Clod\n|-damage|p1a: Clod|77\/100\n|-supereffective|p1a: Clod\n|-damage|p1a: Clod|53\/100\n|-supereffective|p1a: Clod\n|-damage|p1a: Clod|31\/100\n|-supereffective|p1a: Clod\n|-damage|p1a: Clod|8\/100\n|-hitcount|p1a: Clod|4\n|move|p1a: Clod|Stealth Rock|p2a: Baxcalibur\n|-sidestart|p2: RedofIndigoPlateau|move: Stealth Rock\n|\n|-heal|p1a: Clod|15\/100|[from] item: Leftovers\n|upkeep\n|turn|2\n|\n|t:|1699226425\n|move|p2a: Baxcalibur|Focus Energy|p2a: Baxcalibur\n|-start|p2a: Baxcalibur|move: Focus Energy\n|move|p1a: Clod|Yawn|p2a: Baxcalibur\n|-start|p2a: Baxcalibur|move: Yawn|[of] p1a: Clod\n|\n|-heal|p1a: Clod|21\/100|[from] item: Leftovers\n|upkeep\n|turn|3\n|\n|t:|1699226433\n|switch|p2a: Hoopa|Hoopa-Unbound|100\/100\n|-damage|p2a: Hoopa|88\/100|[from] Stealth Rock\n|move|p1a: Clod|Yawn|p2a: Hoopa\n|-start|p2a: Hoopa|move: Yawn|[of] p1a: Clod\n|\n|-heal|p1a: Clod|27\/100|[from] item: Leftovers\n|upkeep\n|turn|4\n|\n|t:|1699226443\n|move|p2a: Hoopa|Hyperspace Fury|p1a: Clod\n|-damage|p1a: Clod|0 fnt\n|-unboost|p2a: Hoopa|def|1\n|faint|p1a: Clod\n|\n|-end|p2a: Hoopa|move: Yawn|[silent]\n|-status|p2a: Hoopa|slp\n|upkeep\n|\n|t:|1699226450\n|switch|p1a: Death|Calyrex-Shadow|100\/100\n|-ability|p1a: Death|As One\n|-ability|p1a: Death|Unnerve\n|turn|5\n|\n|t:|1699226457\n|switch|p2a: Baxcalibur|Baxcalibur, F|100\/100\n|-damage|p2a: Baxcalibur|76\/100|[from] Stealth Rock\n|move|p1a: Death|Pollen Puff|p2a: Baxcalibur\n|-damage|p2a: Baxcalibur|39\/100\n|\n|upkeep\n|turn|6\n|\n|t:|1699226465\n|move|p1a: Death|Astral Barrage|p2a: Baxcalibur\n|-damage|p2a: Baxcalibur|0 fnt\n|faint|p2a: Baxcalibur\n|-ability|p1a: Death|Grim Neigh|boost\n|-boost|p1a: Death|spa|1\n|\n|upkeep\n|\n|t:|1699226470\n|switch|p2a: Calyrex|Calyrex-Shadow|100\/100\n|-ability|p2a: Calyrex|As One\n|-ability|p2a: Calyrex|Unnerve\n|-damage|p2a: Calyrex|88\/100|[from] Stealth Rock\n|turn|7\n|\n|t:|1699226478\n|-terastallize|p2a: Calyrex|Dark\n|-terastallize|p1a: Death|Normal\n|move|p2a: Calyrex|Astral Barrage|p1a: Death\n|-immune|p1a: Death\n|move|p1a: Death|Pollen Puff|p2a: Calyrex\n|-supereffective|p2a: Calyrex\n|-damage|p2a: Calyrex|0 fnt\n|faint|p2a: Calyrex\n|-ability|p1a: Death|Grim Neigh|boost\n|-boost|p1a: Death|spa|1\n|\n|upkeep\n|-message|RedofIndigoPlateau forfeited.\n|\n|win|oOo Spume oOo\n|raw|oOo Spume oOo's rating: 1306 &rarr; <strong>1324<\/strong><br \/>(+18 for winning)\n|raw|RedofIndigoPlateau's rating: 1272 &rarr; <strong>1249<\/strong><br \/>(-23 for losing)\n|l|\u2606RedofIndigoPlateau\n","uploadtime":1699226495,"views":4,"p1id":"ooospumeooo","p2id":"redofindigoplateau","formatid":"gen9anythinggoes","rating":1249,"private":0,"password":""}