{"id":"gen9anythinggoes-1992495038","p1":"Blade Z Knights","p2":"lucifero123","format":"[Gen 9] Anything Goes","log":"|j|\u2606Blade Z Knights\n|j|\u2606lucifero123\n|t:|1700194860\n|gametype|singles\n|player|p1|Blade Z Knights|giovanni|1277\n|player|p2|lucifero123|101|1423\n|teamsize|p1|6\n|teamsize|p2|6\n|gen|9\n|tier|[Gen 9] Anything Goes\n|rated|\n|rule|HP Percentage Mod: HP is shown in percentages\n|rule|Endless Battle Clause: Forcing endless battles is banned\n|clearpoke\n|poke|p1|Calyrex-Shadow|\n|poke|p1|Glimmora, M|\n|poke|p1|Polteageist-Antique|\n|poke|p1|Dusclops, M|\n|poke|p1|Indeedee-F, F|\n|poke|p1|Torkoal, M|\n|poke|p2|Espeon, M|\n|poke|p2|Gliscor, M|\n|poke|p2|Arceus-Flying|\n|poke|p2|Calyrex-Shadow|\n|poke|p2|Zacian-*|\n|poke|p2|Urshifu-*, M|\n|teampreview\n|inactive|Battle timer is ON: inactive players will automatically lose when time's up. (requested by Blade Z Knights)\n|\n|t:|1700194868\n|start\n|switch|p1a: Dusclops|Dusclops, M, shiny|100\/100\n|switch|p2a: Arceus|Arceus-Flying|100\/100\n|-ability|p1a: Dusclops|Pressure\n|turn|1\n|\n|t:|1700194879\n|move|p2a: Arceus|Taunt|p1a: Dusclops\n|-start|p1a: Dusclops|move: Taunt\n|cant|p1a: Dusclops|move: Taunt|Will-O-Wisp\n|\n|upkeep\n|turn|2\n|\n|t:|1700194886\n|switch|p1a: Glimmora|Glimmora, M|100\/100\n|move|p2a: Arceus|Stealth Rock|p1a: Glimmora\n|-sidestart|p1: Blade Z Knights|move: Stealth Rock\n|\n|upkeep\n|turn|3\n|\n|t:|1700194908\n|switch|p2a: Gliscor|Gliscor, M, shiny|100\/100\n|move|p1a: Glimmora|Mortal Spin|p2a: Gliscor\n|-resisted|p2a: Gliscor\n|-damage|p2a: Gliscor|99\/100\n|-status|p2a: Gliscor|psn\n|-sideend|p1: Blade Z Knights|Stealth Rock|[from] move: Mortal Spin|[of] p1a: Glimmora\n|\n|-heal|p2a: Gliscor|100\/100 psn|[from] ability: Poison Heal\n|upkeep\n|turn|4\n|\n|t:|1700194923\n|switch|p1a: Dusclops|Dusclops, M, shiny|100\/100\n|-ability|p1a: Dusclops|Pressure\n|switch|p2a: Espeon|Espeon, M, shiny|100\/100\n|\n|upkeep\n|turn|5\n|\n|t:|1700194935\n|move|p2a: Espeon|Thunder Wave|p1a: Dusclops\n|-status|p1a: Dusclops|par\n|move|p1a: Dusclops|Trick Room|p1a: Dusclops\n|-fieldstart|move: Trick Room|[of] p1a: Dusclops\n|\n|upkeep\n|turn|6\n|\n|t:|1700194944\n|-terastallize|p2a: Espeon|Fairy\n|move|p1a: Dusclops|Memento|p2a: Espeon\n|-unboost|p2a: Espeon|atk|2\n|-unboost|p2a: Espeon|spa|2\n|faint|p1a: Dusclops\n|move|p2a: Espeon|Calm Mind|p2a: Espeon\n|-boost|p2a: Espeon|spa|1\n|-boost|p2a: Espeon|spd|1\n|\n|upkeep\n|\n|t:|1700194956\n|switch|p1a: Torkoal|Torkoal, M|100\/100\n|-weather|SunnyDay|[from] ability: Drought|[of] p1a: Torkoal\n|turn|7\n|\n|t:|1700194964\n|-terastallize|p1a: Torkoal|Fire\n|move|p1a: Torkoal|Eruption|p2a: Espeon\n|-damage|p2a: Espeon|0 fnt\n|faint|p2a: Espeon\n|\n|-weather|SunnyDay|[upkeep]\n|upkeep\n|\n|t:|1700194974\n|switch|p2a: Gliscor|Gliscor, M, shiny|100\/100 psn\n|turn|8\n|\n|t:|1700194977\n|move|p1a: Torkoal|Eruption|p2a: Gliscor\n|-damage|p2a: Gliscor|0 fnt\n|faint|p2a: Gliscor\n|\n|-weather|SunnyDay|[upkeep]\n|upkeep\n|\n|t:|1700194995\n|switch|p2a: Zacian|Zacian|100\/100\n|-ability|p2a: Zacian|Intrepid Sword|boost\n|-boost|p2a: Zacian|atk|1\n|turn|9\n|\n|t:|1700195000\n|move|p1a: Torkoal|Eruption|p2a: Zacian\n|-damage|p2a: Zacian|0 fnt\n|faint|p2a: Zacian\n|\n|-weather|SunnyDay|[upkeep]\n|-fieldend|move: Trick Room\n|upkeep\n|\n|t:|1700195010\n|switch|p2a: Arceus|Arceus-Flying|100\/100\n|turn|10\n|\n|t:|1700195014\n|switch|p1a: Glimmora|Glimmora, M|100\/100\n|move|p2a: Arceus|Judgment|p1a: Glimmora\n|-resisted|p1a: Glimmora\n|-damage|p1a: Glimmora|65\/100\n|\n|-weather|SunnyDay|[upkeep]\n|upkeep\n|turn|11\n|-message|lucifero123 forfeited.\n|\n|win|Blade Z Knights\n|raw|Blade Z Knights's rating: 1277 &rarr; <strong>1312<\/strong><br \/>(+35 for winning)\n|raw|lucifero123's rating: 1423 &rarr; <strong>1395<\/strong><br \/>(-28 for losing)\n|l|\u2606lucifero123\n","uploadtime":1700195031,"views":3,"p1id":"bladezknights","p2id":"lucifero123","formatid":"gen9anythinggoes","rating":1312,"private":0,"password":""}