{"id":"gen9anythinggoes-1984617860","p1":"arod_fr","p2":"Lunalight1987","format":"[Gen 9] Anything Goes","log":"|j|\u2606arod_fr\n|j|\u2606Lunalight1987\n|t:|1699285048\n|gametype|singles\n|player|p1|arod_fr|1|1083\n|player|p2|Lunalight1987|2|1000\n|teamsize|p1|6\n|teamsize|p2|6\n|gen|9\n|tier|[Gen 9] Anything Goes\n|rated|\n|rule|HP Percentage Mod: HP is shown in percentages\n|rule|Endless Battle Clause: Forcing endless battles is banned\n|clearpoke\n|poke|p1|Ninetales-Alola, M|\n|poke|p1|Great Tusk|\n|poke|p1|Heatran, M|\n|poke|p1|Rabsca, M|\n|poke|p1|Tyranitar, F|\n|poke|p1|Decidueye-Hisui, F|\n|poke|p2|Cinderace, F|\n|poke|p2|Walking Wake|\n|poke|p2|Meowscarada, F|\n|poke|p2|Great Tusk|\n|poke|p2|Zacian-*|\n|poke|p2|Mewtwo|\n|teampreview\n|\n|t:|1699285070\n|start\n|switch|p1a: Rabsca|Rabsca, M|100\/100\n|switch|p2a: Manny|Great Tusk|100\/100\n|turn|1\n|\n|t:|1699285087\n|move|p2a: Manny|Fire Fang|p1a: Rabsca\n|-supereffective|p1a: Rabsca\n|-damage|p1a: Rabsca|41\/100\n|cant|p1a: Rabsca|flinch\n|\n|upkeep\n|turn|2\n|\n|t:|1699285098\n|move|p2a: Manny|Fire Fang|p1a: Rabsca\n|-supereffective|p1a: Rabsca\n|-damage|p1a: Rabsca|0 fnt\n|faint|p1a: Rabsca\n|\n|upkeep\n|\n|t:|1699285105\n|switch|p1a: Ninetales|Ninetales-Alola, M, shiny|100\/100\n|-weather|Snow|[from] ability: Snow Warning|[of] p1a: Ninetales\n|turn|3\n|\n|t:|1699285111\n|move|p1a: Ninetales|Blizzard|p2a: Manny\n|-supereffective|p2a: Manny\n|-damage|p2a: Manny|0 fnt\n|faint|p2a: Manny\n|-end|p2a: Manny|Protosynthesis|[silent]\n|\n|-weather|Snow|[upkeep]\n|upkeep\n|\n|t:|1699285116\n|switch|p2a: Cyn|Cinderace, F, shiny|100\/100\n|turn|4\n|\n|t:|1699285122\n|switch|p1a: Heatran|Heatran, M|100\/100\n|move|p2a: Cyn|Pyro Ball|p1a: Heatran\n|-start|p1a: Heatran|ability: Flash Fire\n|\n|-weather|Snow|[upkeep]\n|upkeep\n|turn|5\n|\n|t:|1699285129\n|switch|p2a: Veesilux|Walking Wake|100\/100\n|move|p1a: Heatran|Earthquake|p2a: Veesilux\n|-crit|p2a: Veesilux\n|-damage|p2a: Veesilux|67\/100\n|\n|-weather|Snow|[upkeep]\n|upkeep\n|turn|6\n|\n|t:|1699285147\n|-end|p1a: Heatran|ability: Flash Fire|[silent]\n|switch|p1a: Decidueye|Decidueye-Hisui, F|100\/100\n|move|p2a: Veesilux|Hydro Steam|p1a: Decidueye\n|-resisted|p1a: Decidueye\n|-damage|p1a: Decidueye|84\/100\n|\n|-weather|Snow|[upkeep]\n|upkeep\n|turn|7\n|\n|t:|1699285167\n|move|p2a: Veesilux|Flamethrower|p1a: Decidueye\n|-supereffective|p1a: Decidueye\n|-damage|p1a: Decidueye|42\/100\n|move|p1a: Decidueye|Triple Arrows|p2a: Veesilux\n|-damage|p2a: Veesilux|20\/100\n|\n|-weather|none\n|upkeep\n|turn|8\n|\n|t:|1699285184\n|move|p2a: Veesilux|Flamethrower|p1a: Decidueye\n|-supereffective|p1a: Decidueye\n|-damage|p1a: Decidueye|0 fnt\n|faint|p1a: Decidueye\n|\n|upkeep\n|\n|t:|1699285195\n|switch|p1a: Great Tusk|Great Tusk|100\/100\n|turn|9\n|\n|t:|1699285203\n|move|p1a: Great Tusk|Close Combat|p2a: Veesilux\n|-damage|p2a: Veesilux|0 fnt\n|-unboost|p1a: Great Tusk|def|1\n|-unboost|p1a: Great Tusk|spd|1\n|faint|p2a: Veesilux\n|-end|p2a: Veesilux|Protosynthesis|[silent]\n|\n|upkeep\n|\n|t:|1699285214\n|switch|p2a: Kit kat|Meowscarada, F|100\/100\n|turn|10\n|\n|t:|1699285233\n|-end|p1a: Great Tusk|Protosynthesis|[silent]\n|switch|p1a: Heatran|Heatran, M|100\/100\n|move|p2a: Kit kat|Flower Trick|p1a: Heatran\n|-resisted|p1a: Heatran\n|-crit|p1a: Heatran\n|-damage|p1a: Heatran|89\/100\n|\n|upkeep\n|turn|11\n|\n|t:|1699285246\n|switch|p2a: Kit|Mewtwo|100\/100\n|-ability|p2a: Kit|Pressure\n|move|p1a: Heatran|Heat Crash|p2a: Kit\n|-damage|p2a: Kit|68\/100\n|\n|upkeep\n|turn|12\n|\n|t:|1699285286\n|move|p2a: Kit|Earthquake|p1a: Heatran\n|-supereffective|p1a: Heatran\n|-damage|p1a: Heatran|0 fnt\n|faint|p1a: Heatran\n|\n|upkeep\n|\n|t:|1699285294\n|switch|p1a: Ninetales|Ninetales-Alola, M, shiny|100\/100\n|-weather|Snow|[from] ability: Snow Warning|[of] p1a: Ninetales\n|turn|13\n|\n|t:|1699285312\n|move|p1a: Ninetales|Moonblast|p2a: Kit\n|-damage|p2a: Kit|23\/100\n|move|p2a: Kit|Psystrike|p1a: Ninetales\n|-damage|p1a: Ninetales|14\/100\n|\n|-weather|Snow|[upkeep]\n|upkeep\n|turn|14\n|\n|t:|1699285328\n|move|p1a: Ninetales|Blizzard|p2a: Kit\n|-damage|p2a: Kit|0 fnt\n|faint|p2a: Kit\n|\n|-weather|Snow|[upkeep]\n|upkeep\n|\n|t:|1699285330\n|switch|p2a: Cyn|Cinderace, F, shiny|100\/100\n|turn|15\n|\n|t:|1699285380\n|switch|p1a: Great Tusk|Great Tusk|100\/100\n|move|p2a: Cyn|High Jump Kick|p1a: Great Tusk\n|-start|p2a: Cyn|typechange|Fighting|[from] ability: Libero\n|-damage|p1a: Great Tusk|53\/100\n|\n|-weather|Snow|[upkeep]\n|upkeep\n|turn|16\n|inactive|Battle timer is ON: inactive players will automatically lose when time's up. (requested by Lunalight1987)\n|inactiveoff|Battle timer is now OFF.\n|\n|t:|1699285397\n|move|p2a: Cyn|Acrobatics|p1a: Great Tusk\n|-supereffective|p1a: Great Tusk\n|-damage|p1a: Great Tusk|27\/100\n|move|p1a: Great Tusk|Earthquake|p2a: Cyn\n|-damage|p2a: Cyn|26\/100\n|\n|-weather|Snow|[upkeep]\n|upkeep\n|turn|17\n|\n|t:|1699285410\n|-end|p1a: Great Tusk|Protosynthesis|[silent]\n|switch|p1a: Tyranitar|Tyranitar, F, shiny|100\/100\n|-weather|Sandstorm|[from] ability: Sand Stream|[of] p1a: Tyranitar\n|move|p2a: Cyn|Acrobatics|p1a: Tyranitar\n|-resisted|p1a: Tyranitar\n|-damage|p1a: Tyranitar|94\/100\n|\n|-weather|Sandstorm|[upkeep]\n|-damage|p2a: Cyn|20\/100|[from] Sandstorm\n|upkeep\n|turn|18\n|\n|t:|1699285417\n|move|p2a: Cyn|High Jump Kick|p1a: Tyranitar\n|-supereffective|p1a: Tyranitar\n|-damage|p1a: Tyranitar|0 fnt\n|faint|p1a: Tyranitar\n|\n|-weather|Sandstorm|[upkeep]\n|-damage|p2a: Cyn|14\/100|[from] Sandstorm\n|upkeep\n|\n|t:|1699285422\n|switch|p1a: Great Tusk|Great Tusk|27\/100\n|turn|19\n|c|\u2606arod_fr|gg\n|\n|t:|1699285430\n|move|p2a: Cyn|Acrobatics|p1a: Great Tusk\n|-supereffective|p1a: Great Tusk\n|-damage|p1a: Great Tusk|0 fnt\n|faint|p1a: Great Tusk\n|-end|p1a: Great Tusk|Protosynthesis|[silent]\n|\n|-weather|Sandstorm|[upkeep]\n|-damage|p2a: Cyn|8\/100|[from] Sandstorm\n|upkeep\n|\n|t:|1699285437\n|switch|p1a: Ninetales|Ninetales-Alola, M, shiny|14\/100\n|-weather|Snow|[from] ability: Snow Warning|[of] p1a: Ninetales\n|turn|20\n|\n|t:|1699285444\n|move|p1a: Ninetales|Blizzard|p2a: Cyn\n|-damage|p2a: Cyn|0 fnt\n|faint|p2a: Cyn\n|\n|-weather|Snow|[upkeep]\n|upkeep\n|\n|t:|1699285448\n|switch|p2a: Kit kat|Meowscarada, F|100\/100\n|turn|21\n|\n|t:|1699285457\n|move|p1a: Ninetales|Blizzard|p2a: Kit kat\n|-supereffective|p2a: Kit kat\n|-damage|p2a: Kit kat|0 fnt\n|faint|p2a: Kit kat\n|\n|-weather|Snow|[upkeep]\n|upkeep\n|\n|t:|1699285460\n|switch|p2a: Doug|Zacian-Crowned, shiny|100\/100\n|-ability|p2a: Doug|Intrepid Sword|boost\n|-boost|p2a: Doug|atk|1\n|turn|22\n|\n|t:|1699285475\n|move|p2a: Doug|Sacred Sword|p1a: Ninetales\n|-damage|p1a: Ninetales|0 fnt\n|faint|p1a: Ninetales\n|\n|win|Lunalight1987\n|raw|arod_fr's rating: 1083 &rarr; <strong>1055<\/strong><br \/>(-28 for losing)\n|raw|Lunalight1987's rating: 1000 &rarr; <strong>1049<\/strong><br \/>(+49 for winning)\n|l|\u2606arod_fr\n","uploadtime":1699285488,"views":8,"p1id":"arodfr","p2id":"lunalight1987","formatid":"gen9anythinggoes","rating":1049,"private":0,"password":""}