{"id":"gen9anythinggoes-1971934894","p1":"puissance du feu","p2":"bailongzhenshuai","format":"[Gen 9] Anything Goes","log":"|j|\u2606puissance du feu\n|j|\u2606bailongzhenshuai\n|t:|1697794411\n|gametype|singles\n|player|p1|puissance du feu|blackbelt|1564\n|player|p2|bailongzhenshuai|roxie|1714\n|teamsize|p1|6\n|teamsize|p2|6\n|gen|9\n|tier|[Gen 9] Anything Goes\n|rated|\n|rule|HP Percentage Mod: HP is shown in percentages\n|rule|Endless Battle Clause: Forcing endless battles is banned\n|clearpoke\n|poke|p1|Mewtwo|\n|poke|p1|Drifblim, F|\n|poke|p1|Koraidon|\n|poke|p1|Calyrex-Shadow|\n|poke|p1|Hatterene, F|\n|poke|p1|Arceus|\n|poke|p2|Grimmsnarl, M|\n|poke|p2|Calyrex-Shadow|\n|poke|p2|Arceus|\n|poke|p2|Koraidon|\n|poke|p2|Miraidon|\n|poke|p2|Koraidon|\n|teampreview\n|inactive|Battle timer is ON: inactive players will automatically lose when time's up. (requested by puissance du feu)\n|inactive|bailongzhenshuai also wants the timer to be on.\n|\n|t:|1697794426\n|start\n|switch|p1a: Drifblim|Drifblim, F|100\/100\n|switch|p2a: Grimmsnarl|Grimmsnarl, M|100\/100\n|turn|1\n|\n|t:|1697794441\n|switch|p1a: Hatterene|Hatterene, F|100\/100\n|move|p2a: Grimmsnarl|Taunt|p1a: Hatterene\n|move|p1a: Hatterene|Taunt|p2a: Grimmsnarl|[from]ability: Magic Bounce\n|-start|p2a: Grimmsnarl|move: Taunt\n|\n|upkeep\n|turn|2\n|\n|t:|1697794453\n|switch|p2a: Arceus|Arceus|100\/100\n|move|p1a: Hatterene|Dazzling Gleam|p2a: Arceus\n|-damage|p2a: Arceus|67\/100\n|\n|upkeep\n|turn|3\n|\n|t:|1697794460\n|switch|p1a: Drifblim|Drifblim, F|100\/100\n|move|p2a: Arceus|Swords Dance|p2a: Arceus\n|-boost|p2a: Arceus|atk|2\n|\n|upkeep\n|turn|4\n|\n|t:|1697794467\n|move|p1a: Drifblim|Minimize|p1a: Drifblim\n|-boost|p1a: Drifblim|evasion|2\n|move|p2a: Arceus|Shadow Claw|p1a: Drifblim\n|-supereffective|p1a: Drifblim\n|-enditem|p1a: Drifblim|Focus Sash\n|-damage|p1a: Drifblim|1\/100\n|-damage|p2a: Arceus|57\/100|[from] item: Life Orb\n|\n|upkeep\n|turn|5\n|\n|t:|1697794472\n|move|p1a: Drifblim|Minimize|p1a: Drifblim\n|-boost|p1a: Drifblim|evasion|2\n|move|p2a: Arceus|Shadow Claw|p1a: Drifblim\n|-supereffective|p1a: Drifblim\n|-damage|p1a: Drifblim|0 fnt\n|faint|p1a: Drifblim\n|-damage|p2a: Arceus|47\/100|[from] item: Life Orb\n|\n|upkeep\n|\n|t:|1697794485\n|switch|p1a: Mewtwo|Mewtwo|100\/100\n|-ability|p1a: Mewtwo|Pressure\n|turn|6\n|\n|t:|1697794491\n|-terastallize|p2a: Arceus|Normal\n|move|p2a: Arceus|Extreme Speed|p1a: Mewtwo\n|-damage|p1a: Mewtwo|0 fnt\n|faint|p1a: Mewtwo\n|-damage|p2a: Arceus|37\/100|[from] item: Life Orb\n|\n|upkeep\n|\n|t:|1697794510\n|switch|p1a: Hatterene|Hatterene, F|100\/100\n|turn|7\n|\n|t:|1697794519\n|move|p2a: Arceus|Extreme Speed|p1a: Hatterene\n|-damage|p1a: Hatterene|0 fnt\n|faint|p1a: Hatterene\n|-damage|p2a: Arceus|28\/100|[from] item: Life Orb\n|\n|upkeep\n|\n|t:|1697794521\n|switch|p1a: Calyrex|Calyrex-Shadow|100\/100\n|-ability|p1a: Calyrex|As One\n|-ability|p1a: Calyrex|Unnerve\n|turn|8\n|\n|t:|1697794526\n|move|p1a: Calyrex|Grass Knot|p2a: Arceus\n|-damage|p2a: Arceus|0 fnt\n|faint|p2a: Arceus\n|-ability|p1a: Calyrex|Grim Neigh|boost\n|-boost|p1a: Calyrex|spa|1\n|\n|upkeep\n|\n|t:|1697794530\n|switch|p2a: Grimmsnarl|Grimmsnarl, M|100\/100\n|turn|9\n|\n|t:|1697794533\n|move|p2a: Grimmsnarl|Light Screen|p2a: Grimmsnarl\n|-sidestart|p2: bailongzhenshuai|move: Light Screen\n|move|p1a: Calyrex|Nasty Plot|p1a: Calyrex\n|-boost|p1a: Calyrex|spa|2\n|\n|upkeep\n|turn|10\n|\n|t:|1697794540\n|move|p2a: Grimmsnarl|Taunt|p1a: Calyrex\n|-start|p1a: Calyrex|move: Taunt\n|cant|p1a: Calyrex|move: Taunt|Agility\n|\n|upkeep\n|turn|11\n|\n|t:|1697794545\n|move|p2a: Grimmsnarl|Parting Shot|p1a: Calyrex\n|-unboost|p1a: Calyrex|atk|1\n|-unboost|p1a: Calyrex|spa|1\n|\n|t:|1697794549\n|switch|p2a: Miraidon|Miraidon|100\/100|[from] Parting Shot\n|-fieldstart|move: Electric Terrain|[from] ability: Hadron Engine|[of] p2a: Miraidon\n|-enditem|p2a: Miraidon|Electric Seed\n|-boost|p2a: Miraidon|def|1|[from] item: Electric Seed\n|move|p1a: Calyrex|Astral Barrage|p2a: Miraidon\n|-damage|p2a: Miraidon|37\/100\n|\n|upkeep\n|turn|12\n|\n|t:|1697794554\n|move|p1a: Calyrex|Astral Barrage|p2a: Miraidon\n|-damage|p2a: Miraidon|0 fnt\n|faint|p2a: Miraidon\n|-ability|p1a: Calyrex|Grim Neigh|boost\n|-boost|p1a: Calyrex|spa|1\n|\n|-end|p1a: Calyrex|move: Taunt\n|upkeep\n|\n|t:|1697794560\n|switch|p2a: Grimmsnarl|Grimmsnarl, M|100\/100\n|turn|13\n|\n|t:|1697794567\n|move|p2a: Grimmsnarl|Parting Shot|p1a: Calyrex\n|-unboost|p1a: Calyrex|atk|1\n|-unboost|p1a: Calyrex|spa|1\n|\n|t:|1697794569\n|switch|p2a: Koraidon|Koraidon|100\/100|[from] Parting Shot\n|-weather|SunnyDay|[from] ability: Orichalcum Pulse|[of] p2a: Koraidon\n|-activate|p2a: Koraidon|Orichalcum Pulse|[source]\n|move|p1a: Calyrex|Agility|p1a: Calyrex\n|-boost|p1a: Calyrex|spe|2\n|\n|-weather|SunnyDay|[upkeep]\n|upkeep\n|turn|14\n|\n|t:|1697794594\n|move|p1a: Calyrex|Astral Barrage|p2a: Koraidon\n|-damage|p2a: Koraidon|25\/100\n|move|p2a: Koraidon|Outrage|p1a: Calyrex\n|-enditem|p1a: Calyrex|Focus Sash\n|-damage|p1a: Calyrex|1\/100\n|\n|-weather|SunnyDay|[upkeep]\n|upkeep\n|turn|15\n|\n|t:|1697794603\n|move|p1a: Calyrex|Astral Barrage|p2a: Koraidon\n|-damage|p2a: Koraidon|0 fnt\n|faint|p2a: Koraidon\n|-ability|p1a: Calyrex|Grim Neigh|boost\n|-boost|p1a: Calyrex|spa|1\n|\n|-weather|SunnyDay|[upkeep]\n|-fieldend|move: Electric Terrain\n|upkeep\n|l|\u2606bailongzhenshuai\n|inactive|bailongzhenshuai disconnected and has a minute to reconnect!\n|player|p2|\n|j|\u2606bailongzhenshuai\n|inactive|bailongzhenshuai reconnected and has 110 seconds left.\n|player|p2|bailongzhenshuai|roxie\n|\n|t:|1697794633\n|switch|p2a: Grimmsnarl|Grimmsnarl, M|100\/100\n|turn|16\n|\n|t:|1697794662\n|move|p2a: Grimmsnarl|Taunt|p1a: Calyrex\n|-start|p1a: Calyrex|move: Taunt\n|move|p1a: Calyrex|Astral Barrage|p2a: Grimmsnarl\n|-resisted|p2a: Grimmsnarl\n|-damage|p2a: Grimmsnarl|68\/100\n|\n|-weather|SunnyDay|[upkeep]\n|-sideend|p2: bailongzhenshuai|move: Light Screen\n|upkeep\n|turn|17\n|\n|t:|1697794674\n|move|p2a: Grimmsnarl|Parting Shot|p1a: Calyrex\n|-unboost|p1a: Calyrex|atk|1\n|-unboost|p1a: Calyrex|spa|1\n|\n|t:|1697794679\n|switch|p2a: Koraidon|Koraidon|100\/100|[from] Parting Shot\n|-activate|p2a: Koraidon|ability: Orichalcum Pulse\n|move|p1a: Calyrex|Grass Knot|p2a: Koraidon\n|-resisted|p2a: Koraidon\n|-damage|p2a: Koraidon|47\/100\n|\n|-weather|none\n|upkeep\n|turn|18\n|\n|t:|1697794687\n|switch|p2a: Grimmsnarl|Grimmsnarl, M|68\/100\n|move|p1a: Calyrex|Grass Knot|p2a: Grimmsnarl\n|-damage|p2a: Grimmsnarl|20\/100\n|\n|-end|p1a: Calyrex|move: Taunt\n|upkeep\n|turn|19\n|\n|t:|1697794695\n|move|p2a: Grimmsnarl|Light Screen|p2a: Grimmsnarl\n|-sidestart|p2: bailongzhenshuai|move: Light Screen\n|move|p1a: Calyrex|Nasty Plot|p1a: Calyrex\n|-boost|p1a: Calyrex|spa|2\n|\n|upkeep\n|turn|20\n|-message|bailongzhenshuai forfeited.\n|\n|win|puissance du feu\n|raw|puissance du feu's rating: 1550 &rarr; <strong>1579<\/strong><br \/>(+29 for winning)\n|raw|bailongzhenshuai's rating: 1714 &rarr; <strong>1685<\/strong><br \/>(-29 for losing)\n|l|\u2606bailongzhenshuai\n","uploadtime":1697794708,"views":22,"p1id":"puissancedufeu","p2id":"bailongzhenshuai","formatid":"gen9anythinggoes","rating":1579,"private":0,"password":""}