{"id":"gen9anythinggoes-1998444093","p1":"edgypunishment","p2":"sapapo","format":"[Gen 9] Anything Goes","log":"|j|\u2606edgypunishment\n|j|\u2606sapapo\n|t:|1700942984\n|gametype|singles\n|player|p1|edgypunishment|dawn|1040\n|player|p2|sapapo|2|1086\n|teamsize|p1|6\n|teamsize|p2|6\n|gen|9\n|tier|[Gen 9] Anything Goes\n|rated|\n|rule|HP Percentage Mod: HP is shown in percentages\n|rule|Endless Battle Clause: Forcing endless battles is banned\n|clearpoke\n|poke|p1|Gastly, F|\n|poke|p1|Gastly, M|\n|poke|p1|Haunter, F|\n|poke|p1|Haunter, M|\n|poke|p1|Gengar, M|\n|poke|p1|Gengar, F|\n|poke|p2|Garchomp, F|\n|poke|p2|Mienshao, F|\n|poke|p2|Mienshao, F|\n|poke|p2|Maushold-Four|\n|poke|p2|Forretress, M|\n|poke|p2|Kingambit, M|\n|teampreview\n|\n|t:|1700942997\n|start\n|switch|p1a: Gastly|Gastly, F|100\/100\n|switch|p2a: Maushold|Maushold-Four|100\/100\n|turn|1\n|\n|t:|1700943006\n|move|p2a: Maushold|Bullet Seed|p1a: Gastly\n|-resisted|p1a: Gastly\n|-damage|p1a: Gastly|84\/100\n|-resisted|p1a: Gastly\n|-damage|p1a: Gastly|68\/100\n|-resisted|p1a: Gastly\n|-damage|p1a: Gastly|52\/100\n|-resisted|p1a: Gastly\n|-crit|p1a: Gastly\n|-damage|p1a: Gastly|27\/100\n|-resisted|p1a: Gastly\n|-damage|p1a: Gastly|12\/100\n|-hitcount|p1a: Gastly|5\n|move|p1a: Gastly|Taunt|p2a: Maushold\n|-start|p2a: Maushold|move: Taunt\n|\n|upkeep\n|turn|2\n|\n|t:|1700943019\n|move|p1a: Gastly|Protect|p1a: Gastly\n|-singleturn|p1a: Gastly|Protect\n|move|p2a: Maushold|Bullet Seed|p1a: Gastly\n|-activate|p1a: Gastly|move: Protect\n|\n|upkeep\n|turn|3\n|\n|t:|1700943028\n|move|p2a: Maushold|Bullet Seed|p1a: Gastly\n|-resisted|p1a: Gastly\n|-damage|p1a: Gastly|0 fnt\n|faint|p1a: Gastly\n|-hitcount|p1: Gastly|1\n|\n|upkeep\n|\n|t:|1700943042\n|switch|p1a: Haunter|Haunter, M|100\/100\n|turn|4\n|\n|t:|1700943046\n|move|p2a: Maushold|Bullet Seed|p1a: Haunter\n|-resisted|p1a: Haunter\n|-damage|p1a: Haunter|95\/100\n|-resisted|p1a: Haunter\n|-damage|p1a: Haunter|91\/100\n|-resisted|p1a: Haunter\n|-crit|p1a: Haunter\n|-damage|p1a: Haunter|83\/100\n|-resisted|p1a: Haunter\n|-damage|p1a: Haunter|79\/100\n|-hitcount|p1a: Haunter|4\n|move|p1a: Haunter|Will-O-Wisp|p2a: Maushold\n|-status|p2a: Maushold|brn\n|\n|-damage|p2a: Maushold|94\/100 brn|[from] brn\n|-end|p2a: Maushold|move: Taunt\n|upkeep\n|turn|5\n|\n|t:|1700943061\n|switch|p2a: Mienshao|Mienshao, F, shiny|100\/100\n|move|p1a: Haunter|Confuse Ray|p2a: Mienshao\n|-start|p2a: Mienshao|confusion\n|\n|upkeep\n|turn|6\n|inactive|Battle timer is ON: inactive players will automatically lose when time's up. (requested by sapapo)\n|\n|t:|1700943069\n|switch|p2a: Mienshao|Mienshao, F, shiny|100\/100\n|move|p1a: Haunter|Will-O-Wisp|p2a: Mienshao\n|-status|p2a: Mienshao|brn\n|\n|-damage|p2a: Mienshao|95\/100 brn|[from] brn\n|upkeep\n|turn|7\n|\n|t:|1700943079\n|move|p2a: Mienshao|Agility|p2a: Mienshao\n|-boost|p2a: Mienshao|spe|2\n|move|p1a: Haunter|Confuse Ray|p2a: Mienshao\n|-start|p2a: Mienshao|confusion\n|\n|-heal|p2a: Mienshao|100\/100 brn|[from] item: Leftovers\n|-damage|p2a: Mienshao|95\/100 brn|[from] brn\n|upkeep\n|turn|8\n|\n|t:|1700943090\n|-activate|p2a: Mienshao|confusion\n|-damage|p2a: Mienshao|80\/100 brn|[from] confusion\n|move|p1a: Haunter|Night Shade|p2a: Mienshao\n|-damage|p2a: Mienshao|50\/100 brn\n|\n|-heal|p2a: Mienshao|56\/100 brn|[from] item: Leftovers\n|-damage|p2a: Mienshao|50\/100 brn|[from] brn\n|upkeep\n|turn|9\n|\n|t:|1700943108\n|-activate|p2a: Mienshao|confusion\n|move|p2a: Mienshao|Baton Pass|p2a: Mienshao\n|\n|t:|1700943113\n|switch|p2a: Mienshao|Mienshao, F, shiny|100\/100|[from] Baton Pass\n|move|p1a: Haunter|Night Shade|p2a: Mienshao\n|-damage|p2a: Mienshao|71\/100\n|\n|-heal|p2a: Mienshao|77\/100|[from] item: Leftovers\n|upkeep\n|turn|10\n|\n|t:|1700943122\n|-activate|p2a: Mienshao|confusion\n|move|p2a: Mienshao|Bulk Up|p2a: Mienshao\n|-boost|p2a: Mienshao|atk|1\n|-boost|p2a: Mienshao|def|1\n|move|p1a: Haunter|Will-O-Wisp|p2a: Mienshao\n|-status|p2a: Mienshao|brn\n|\n|-heal|p2a: Mienshao|83\/100 brn|[from] item: Leftovers\n|-damage|p2a: Mienshao|77\/100 brn|[from] brn\n|upkeep\n|turn|11\n|\n|t:|1700943134\n|-end|p2a: Mienshao|confusion\n|move|p2a: Mienshao|Hone Claws|p2a: Mienshao\n|-boost|p2a: Mienshao|atk|1\n|-boost|p2a: Mienshao|accuracy|1\n|move|p1a: Haunter|Night Shade|p2a: Mienshao\n|-damage|p2a: Mienshao|47\/100 brn\n|\n|-heal|p2a: Mienshao|53\/100 brn|[from] item: Leftovers\n|-damage|p2a: Mienshao|47\/100 brn|[from] brn\n|upkeep\n|turn|12\n|\n|t:|1700943146\n|move|p2a: Mienshao|Baton Pass|p2a: Mienshao\n|\n|t:|1700943149\n|switch|p2a: Maushold|Maushold-Four|94\/100 brn|[from] Baton Pass\n|move|p1a: Haunter|Confuse Ray|p2a: Maushold\n|-start|p2a: Maushold|confusion\n|\n|-damage|p2a: Maushold|88\/100 brn|[from] brn\n|upkeep\n|turn|13\n|\n|t:|1700943164\n|switch|p1a: Gastly|Gastly, M, shiny|100\/100\n|-activate|p2a: Maushold|confusion\n|move|p2a: Maushold|Substitute|p2a: Maushold\n|-start|p2a: Maushold|Substitute\n|-damage|p2a: Maushold|63\/100 brn\n|\n|-damage|p2a: Maushold|57\/100 brn|[from] brn\n|upkeep\n|turn|14\n|\n|t:|1700943173\n|-activate|p2a: Maushold|confusion\n|move|p2a: Maushold|Bullet Seed|p1a: Gastly\n|-resisted|p1a: Gastly\n|-damage|p1a: Gastly|81\/100\n|-resisted|p1a: Gastly\n|-damage|p1a: Gastly|60\/100\n|-resisted|p1a: Gastly\n|-damage|p1a: Gastly|42\/100\n|-resisted|p1a: Gastly\n|-damage|p1a: Gastly|21\/100\n|-hitcount|p1a: Gastly|4\n|move|p1a: Gastly|Perish Song|p1a: Gastly\n|-start|p1a: Gastly|perish3|[silent]\n|-start|p2a: Maushold|perish3|[silent]\n|-fieldactivate|move: Perish Song\n|\n|-damage|p2a: Maushold|51\/100 brn|[from] brn\n|-start|p2a: Maushold|perish3\n|-start|p1a: Gastly|perish3\n|upkeep\n|turn|15\n|\n|t:|1700943191\n|-activate|p2a: Maushold|confusion\n|-damage|p2a: Maushold|29\/100 brn|[from] confusion\n|move|p1a: Gastly|Thunderbolt|p2a: Maushold\n|-end|p2a: Maushold|Substitute\n|\n|-damage|p2a: Maushold|23\/100 brn|[from] brn\n|-start|p2a: Maushold|perish2\n|-start|p1a: Gastly|perish2\n|upkeep\n|turn|16\n|\n|t:|1700943206\n|-activate|p2a: Maushold|confusion\n|move|p2a: Maushold|Bullet Seed|p1a: Gastly\n|-resisted|p1a: Gastly\n|-damage|p1a: Gastly|1\/100\n|-resisted|p1a: Gastly\n|-damage|p1a: Gastly|0 fnt\n|faint|p1a: Gastly\n|-hitcount|p1: Gastly|2\n|\n|-damage|p2a: Maushold|16\/100 brn|[from] brn\n|-start|p2a: Maushold|perish1\n|upkeep\n|inactive|edgypunishment has 120 seconds left.\n|\n|t:|1700943223\n|switch|p1a: Haunter|Haunter, M|79\/100\n|turn|17\n|\n|t:|1700943229\n|-end|p2a: Maushold|confusion\n|move|p2a: Maushold|Bullet Seed|p1a: Haunter\n|-resisted|p1a: Haunter\n|-damage|p1a: Haunter|75\/100\n|-resisted|p1a: Haunter\n|-damage|p1a: Haunter|71\/100\n|-resisted|p1a: Haunter\n|-damage|p1a: Haunter|66\/100\n|-resisted|p1a: Haunter\n|-damage|p1a: Haunter|61\/100\n|-resisted|p1a: Haunter\n|-damage|p1a: Haunter|57\/100\n|-hitcount|p1a: Haunter|5\n|move|p1a: Haunter|Night Shade|p2a: Maushold\n|-immune|p2a: Maushold\n|\n|-damage|p2a: Maushold|10\/100 brn|[from] brn\n|-start|p2a: Maushold|perish0\n|upkeep\n|faint|p2a: Maushold\n|\n|t:|1700943236\n|switch|p2a: Garchomp|Garchomp, F, shiny|100\/100\n|turn|18\n|\n|t:|1700943249\n|-terastallize|p2a: Garchomp|Dragon\n|move|p2a: Garchomp|Dragon Claw|p1a: Haunter\n|-damage|p1a: Haunter|5\/100\n|move|p1a: Haunter|Will-O-Wisp|p2a: Garchomp\n|-status|p2a: Garchomp|brn\n|\n|-damage|p2a: Garchomp|94\/100 brn|[from] brn\n|upkeep\n|turn|19\n|\n|t:|1700943260\n|move|p2a: Garchomp|Liquidation|p1a: Haunter\n|-damage|p1a: Haunter|0 fnt\n|faint|p1a: Haunter\n|\n|-damage|p2a: Garchomp|88\/100 brn|[from] brn\n|upkeep\n|\n|t:|1700943274\n|switch|p1a: Haunter|Haunter, F, shiny|100\/100\n|turn|20\n|\n|t:|1700943290\n|move|p2a: Garchomp|Liquidation|p1a: Haunter\n|-damage|p1a: Haunter|60\/100\n|-unboost|p1a: Haunter|def|1\n|move|p1a: Haunter|Hex|p2a: Garchomp\n|-damage|p2a: Garchomp|18\/100 brn\n|\n|-damage|p2a: Garchomp|12\/100 brn|[from] brn\n|upkeep\n|turn|21\n|\n|t:|1700943301\n|move|p2a: Garchomp|Dragon Claw|p1a: Haunter|[miss]\n|-miss|p2a: Garchomp|p1a: Haunter\n|move|p1a: Haunter|Hex|p2a: Garchomp\n|-damage|p2a: Garchomp|0 fnt\n|faint|p2a: Garchomp\n|\n|upkeep\n|\n|t:|1700943319\n|switch|p2a: Forretress|Forretress, M, shiny|100\/100\n|turn|22\n|\n|t:|1700943333\n|move|p1a: Haunter|Curse|p2a: Forretress\n|-start|p2a: Forretress|Curse|[of] p1a: Haunter\n|-damage|p1a: Haunter|10\/100\n|move|p2a: Forretress|Stealth Rock|p1a: Haunter\n|-sidestart|p1: edgypunishment|move: Stealth Rock\n|\n|-damage|p2a: Forretress|76\/100|[from] Curse\n|upkeep\n|turn|23\n|\n|t:|1700943343\n|move|p1a: Haunter|Hex|p2a: Forretress\n|-damage|p2a: Forretress|37\/100\n|move|p2a: Forretress|Spikes|p1a: Haunter\n|-sidestart|p1: edgypunishment|Spikes\n|\n|-damage|p2a: Forretress|13\/100|[from] Curse\n|upkeep\n|turn|24\n|\n|t:|1700943351\n|move|p1a: Haunter|Hex|p2a: Forretress\n|-damage|p2a: Forretress|0 fnt\n|faint|p2a: Forretress\n|\n|upkeep\n|\n|t:|1700943354\n|switch|p2a: Mienshao|Mienshao, F, shiny|80\/100 brn\n|turn|25\n|\n|t:|1700943362\n|move|p2a: Mienshao|Agility|p2a: Mienshao\n|-boost|p2a: Mienshao|spe|2\n|move|p1a: Haunter|Venoshock|p2a: Mienshao\n|-damage|p2a: Mienshao|34\/100 brn\n|\n|-heal|p2a: Mienshao|40\/100 brn|[from] item: Leftovers\n|-damage|p2a: Mienshao|34\/100 brn|[from] brn\n|upkeep\n|turn|26\n|\n|t:|1700943372\n|move|p2a: Mienshao|Baton Pass|p2a: Mienshao\n|\n|t:|1700943374\n|switch|p2a: Mienshao|Mienshao, F, shiny|83\/100 brn|[from] Baton Pass\n|move|p1a: Haunter|Hex|p2a: Mienshao\n|-damage|p2a: Mienshao|0 fnt\n|faint|p2a: Mienshao\n|\n|upkeep\n|\n|t:|1700943377\n|switch|p2a: Mienshao|Mienshao, F, shiny|67\/100 brn\n|turn|27\n|\n|t:|1700943385\n|move|p2a: Mienshao|Agility|p2a: Mienshao\n|-boost|p2a: Mienshao|spe|2\n|move|p1a: Haunter|Hex|p2a: Mienshao\n|-damage|p2a: Mienshao|0 fnt\n|faint|p2a: Mienshao\n|\n|upkeep\n|\n|t:|1700943389\n|switch|p2a: Kingambit|Kingambit, M|100\/100\n|-activate|p2a: Kingambit|ability: Supreme Overlord\n|-start|p2a: Kingambit|fallen5|[silent]\n|turn|28\n|\n|t:|1700943396\n|move|p1a: Haunter|Curse|p2a: Kingambit\n|-start|p2a: Kingambit|Curse|[of] p1a: Haunter\n|-damage|p1a: Haunter|0 fnt\n|faint|p1a: Haunter\n|move|p2a: Kingambit|Swords Dance|p2a: Kingambit\n|-boost|p2a: Kingambit|atk|2\n|\n|-damage|p2a: Kingambit|76\/100|[from] Curse\n|upkeep\n|\n|t:|1700943419\n|switch|p1a: Gengar|Gengar, M, shiny|100\/100\n|-damage|p1a: Gengar|88\/100|[from] Stealth Rock\n|-damage|p1a: Gengar|76\/100|[from] Spikes\n|turn|29\n|\n|t:|1700943434\n|-terastallize|p1a: Gengar|Dark\n|move|p1a: Gengar|Drain Punch|p2a: Kingambit\n|-supereffective|p2a: Kingambit\n|-damage|p2a: Kingambit|8\/100\n|-heal|p1a: Gengar|100\/100|[from] drain|[of] p2a: Kingambit\n|move|p2a: Kingambit|Stone Edge|p1a: Gengar\n|-damage|p1a: Gengar|0 fnt\n|faint|p1a: Gengar\n|\n|-damage|p2a: Kingambit|0 fnt|[from] Curse\n|faint|p2a: Kingambit\n|-end|p2a: Kingambit|fallen5|[silent]\n|\n|win|edgypunishment\n|upkeep\n|raw|edgypunishment's rating: 1040 &rarr; <strong>1078<\/strong><br \/>(+38 for winning)\n|raw|sapapo's rating: 1086 &rarr; <strong>1060<\/strong><br \/>(-26 for losing)\n|l|\u2606sapapo\n","uploadtime":1700943450,"views":0,"p1id":"edgypunishment","p2id":"sapapo","formatid":"gen9anythinggoes","rating":1060,"private":0,"password":""}