{"id":"gen9anythinggoes-1974430561","p1":"Crystalion2099","p2":"kingokp","format":"[Gen 9] Anything Goes","log":"|j|\u2606Crystalion2099\n|j|\u2606kingokp\n|t:|1698086372\n|gametype|singles\n|player|p1|Crystalion2099|266|1181\n|player|p2|kingokp|clair|1175\n|teamsize|p1|6\n|teamsize|p2|6\n|gen|9\n|tier|[Gen 9] Anything Goes\n|rated|\n|rule|HP Percentage Mod: HP is shown in percentages\n|rule|Endless Battle Clause: Forcing endless battles is banned\n|clearpoke\n|poke|p1|Mienshao, M|\n|poke|p1|Pawmot, M|\n|poke|p1|Maushold-Four|\n|poke|p1|Gliscor, F|\n|poke|p1|Hawlucha, M|\n|poke|p1|Toxapex, F|\n|poke|p2|Krookodile, F|\n|poke|p2|Krookodile, M|\n|poke|p2|Orthworm, M|\n|poke|p2|Zapdos|\n|poke|p2|Iron Bundle|\n|poke|p2|Azumarill, M|\n|teampreview\n|inactive|Battle timer is ON: inactive players will automatically lose when time's up. (requested by kingokp)\n|\n|t:|1698086378\n|start\n|switch|p1a: Mienshao|Mienshao, M|100\/100\n|switch|p2a: Orthworm|Orthworm, M|100\/100\n|turn|1\n|c|\u2606kingokp|oh no\n|c|\u2606Crystalion2099|:)\n|\n|t:|1698086395\n|-terastallize|p2a: Orthworm|Dragon\n|move|p1a: Mienshao|Fake Out|p2a: Orthworm\n|-damage|p2a: Orthworm|91\/100\n|cant|p2a: Orthworm|flinch\n|\n|upkeep\n|turn|2\n|c|\u2606kingokp|maushold\n|\n|t:|1698086402\n|move|p1a: Mienshao|Ice Spinner|p2a: Orthworm\n|-supereffective|p2a: Orthworm\n|-damage|p2a: Orthworm|55\/100\n|move|p2a: Orthworm|Shed Tail|p2a: Orthworm\n|-start|p2a: Orthworm|Substitute|[from] move: Shed Tail\n|-damage|p2a: Orthworm|5\/100\n|-enditem|p2a: Orthworm|Sitrus Berry|[eat]\n|-heal|p2a: Orthworm|30\/100|[from] item: Sitrus Berry\n|\n|t:|1698086410\n|switch|p2a: one punch|Azumarill, M, shiny|100\/100|[from] Shed Tail\n|\n|upkeep\n|turn|3\n|\n|t:|1698086419\n|move|p1a: Mienshao|U-turn|p2a: one punch\n|-resisted|p2a: one punch\n|-activate|p2a: one punch|move: Substitute|[damage]\n|c|\u2606kingokp|opm\n|\n|t:|1698086424\n|switch|p1a: Hawlucha|Hawlucha, M|100\/100|[from] U-turn\n|move|p2a: one punch|Belly Drum|p2a: one punch\n|-damage|p2a: one punch|50\/100\n|-setboost|p2a: one punch|atk|6|[from] move: Belly Drum\n|-enditem|p2a: one punch|Sitrus Berry|[eat]\n|-heal|p2a: one punch|75\/100|[from] item: Sitrus Berry\n|\n|upkeep\n|turn|4\n|\n|t:|1698086432\n|move|p1a: Hawlucha|Endure|p1a: Hawlucha\n|-singleturn|p1a: Hawlucha|move: Endure\n|move|p2a: one punch|Aqua Jet|p1a: Hawlucha\n|-activate|p1a: Hawlucha|move: Endure\n|-damage|p1a: Hawlucha|1\/100\n|-enditem|p1a: Hawlucha|Red Card|[of] p2a: one punch\n|drag|p2a: 1|Krookodile, F|100\/100\n|\n|upkeep\n|turn|5\n|c|\u2606kingokp|i quit\n|\n|t:|1698086457\n|move|p1a: Hawlucha|Close Combat|p2a: 1\n|-supereffective|p2a: 1\n|-damage|p2a: 1|0 fnt\n|-unboost|p1a: Hawlucha|def|1\n|-unboost|p1a: Hawlucha|spd|1\n|faint|p2a: 1\n|\n|upkeep\n|\n|t:|1698086461\n|switch|p2a: 2|Krookodile, M|100\/100\n|turn|6\n|\n|t:|1698086477\n|move|p1a: Hawlucha|Close Combat|p2a: 2\n|-supereffective|p2a: 2\n|-damage|p2a: 2|0 fnt\n|-unboost|p1a: Hawlucha|def|1\n|-unboost|p1a: Hawlucha|spd|1\n|faint|p2a: 2\n|\n|upkeep\n|inactive|kingokp has 120 seconds left.\n|c|\u2606kingokp|HOW ARE YOU FASTER\n|\n|t:|1698086502\n|switch|p2a: one punch|Azumarill, M, shiny|75\/100\n|turn|7\n|c|\u2606Crystalion2099|unburden\n|c|\u2606Crystalion2099|doubles speed on item loss\n|c|\u2606kingokp|ah\n|\n|t:|1698086524\n|move|p2a: one punch|Aqua Jet|p1a: Hawlucha\n|-damage|p1a: Hawlucha|0 fnt\n|faint|p1a: Hawlucha\n|\n|upkeep\n|\n|t:|1698086527\n|switch|p1a: Mienshao|Mienshao, M|100\/100\n|turn|8\n|c|\u2606kingokp|yo\n|c|\u2606kingokp|i want this team\n|\n|t:|1698086539\n|move|p1a: Mienshao|Fake Out|p2a: one punch\n|-damage|p2a: one punch|62\/100\n|cant|p2a: one punch|flinch\n|\n|upkeep\n|turn|9\n|\n|t:|1698086545\n|move|p1a: Mienshao|High Jump Kick|p2a: one punch\n|-resisted|p2a: one punch\n|-damage|p2a: one punch|26\/100\n|move|p2a: one punch|Belly Drum||[still]\n|-fail|p2a: one punch\n|\n|upkeep\n|turn|10\n|\n|t:|1698086554\n|move|p1a: Mienshao|High Jump Kick|p2a: one punch\n|-resisted|p2a: one punch\n|-damage|p2a: one punch|0 fnt\n|faint|p2a: one punch\n|\n|upkeep\n|\n|t:|1698086559\n|switch|p2a: Orthworm|Orthworm, M, tera:Dragon|30\/100\n|turn|11\n|\n|t:|1698086566\n|move|p1a: Mienshao|Ice Spinner|p2a: Orthworm\n|-supereffective|p2a: Orthworm\n|-damage|p2a: Orthworm|0 fnt\n|faint|p2a: Orthworm\n|\n|upkeep\n|\n|t:|1698086570\n|switch|p2a: Zapdos|Zapdos|100\/100\n|turn|12\n|\n|t:|1698086574\n|move|p1a: Mienshao|U-turn|p2a: Zapdos\n|-resisted|p2a: Zapdos\n|-damage|p2a: Zapdos|84\/100\n|-status|p1a: Mienshao|par|[from] ability: Static|[of] p2a: Zapdos\n|\n|t:|1698086579\n|switch|p1a: Gliscor|Gliscor, F|100\/100|[from] U-turn\n|move|p2a: Zapdos|Hurricane|p1a: Gliscor|[miss]\n|-miss|p2a: Zapdos|p1a: Gliscor\n|\n|-heal|p2a: Zapdos|90\/100|[from] item: Leftovers\n|-status|p1a: Gliscor|tox|[from] item: Toxic Orb\n|upkeep\n|turn|13\n|c|\u2606kingokp|hehehehehehehehehehehehehehe\n|\n|t:|1698086586\n|move|p2a: Zapdos|Hurricane|p1a: Gliscor\n|-damage|p1a: Gliscor|14\/100 tox\n|move|p1a: Gliscor|Facade|p2a: Zapdos\n|-damage|p2a: Zapdos|40\/100\n|\n|-heal|p2a: Zapdos|46\/100|[from] item: Leftovers\n|-heal|p1a: Gliscor|26\/100 tox|[from] ability: Poison Heal\n|upkeep\n|turn|14\n|\n|t:|1698086594\n|move|p1a: Gliscor|Protect|p1a: Gliscor\n|-singleturn|p1a: Gliscor|Protect\n|move|p2a: Zapdos|Hurricane|p1a: Gliscor\n|-activate|p1a: Gliscor|move: Protect\n|\n|-heal|p2a: Zapdos|52\/100|[from] item: Leftovers\n|-heal|p1a: Gliscor|39\/100 tox|[from] ability: Poison Heal\n|upkeep\n|turn|15\n|\n|t:|1698086613\n|move|p2a: Zapdos|Brave Bird|p1a: Gliscor\n|-damage|p1a: Gliscor|0 fnt\n|faint|p1a: Gliscor\n|-damage|p2a: Zapdos|41\/100|[from] Recoil\n|\n|-heal|p2a: Zapdos|47\/100|[from] item: Leftovers\n|upkeep\n|\n|t:|1698086622\n|switch|p1a: Pawmot|Pawmot, M|100\/100\n|turn|16\n|\n|t:|1698086629\n|move|p1a: Pawmot|Ice Punch|p2a: Zapdos\n|-supereffective|p2a: Zapdos\n|-damage|p2a: Zapdos|0 fnt\n|faint|p2a: Zapdos\n|\n|upkeep\n|\n|t:|1698086632\n|switch|p2a: Iron Bundle|Iron Bundle|100\/100\n|-enditem|p2a: Iron Bundle|Booster Energy\n|-activate|p2a: Iron Bundle|ability: Quark Drive|[fromitem]\n|-start|p2a: Iron Bundle|quarkdrivespe\n|turn|17\n|\n|t:|1698086641\n|move|p2a: Iron Bundle|Ice Beam|p1a: Pawmot\n|-damage|p1a: Pawmot|18\/100\n|move|p1a: Pawmot|Revival Blessing|p1a: Pawmot\n|\n|t:|1698086647\n|-heal|p1: Gliscor|50\/100|[from] move: Revival Blessing\n|\n|upkeep\n|turn|18\n|c|\u2606kingokp|dont you\n|\n|t:|1698086655\n|move|p2a: Iron Bundle|Ice Beam|p1a: Pawmot\n|-damage|p1a: Pawmot|0 fnt\n|faint|p1a: Pawmot\n|\n|upkeep\n|c|\u2606kingokp|no berry thank god\n|\n|t:|1698086667\n|switch|p1a: Maushold|Maushold-Four|100\/100\n|turn|19\n|\n|t:|1698086677\n|move|p2a: Iron Bundle|Ice Beam|p1a: Maushold\n|-damage|p1a: Maushold|30\/100\n|-status|p1a: Maushold|frz\n|cant|p1a: Maushold|frz\n|\n|upkeep\n|turn|20\n|c|\u2606kingokp|YEA\n|c|\u2606Crystalion2099|goddamn\n|c|\u2606Crystalion2099|freeze proc\n|\n|t:|1698086697\n|move|p2a: Iron Bundle|Ice Beam|p1a: Maushold\n|-damage|p1a: Maushold|0 fnt\n|faint|p1a: Maushold\n|\n|upkeep\n|c|\u2606kingokp|W BUNDLE\n|\n|t:|1698086699\n|switch|p1a: Toxapex|Toxapex, F|100\/100\n|turn|21\n|\n|t:|1698086713\n|move|p2a: Iron Bundle|Freeze-Dry|p1a: Toxapex\n|-supereffective|p1a: Toxapex\n|-damage|p1a: Toxapex|39\/100\n|move|p1a: Toxapex|Hydro Pump|p2a: Iron Bundle\n|-resisted|p2a: Iron Bundle\n|-damage|p2a: Iron Bundle|78\/100\n|\n|-heal|p1a: Toxapex|45\/100|[from] item: Black Sludge\n|upkeep\n|turn|22\n|\n|t:|1698086718\n|move|p2a: Iron Bundle|Freeze-Dry|p1a: Toxapex\n|-supereffective|p1a: Toxapex\n|-damage|p1a: Toxapex|0 fnt\n|faint|p1a: Toxapex\n|\n|upkeep\n|\n|t:|1698086721\n|switch|p1a: Mienshao|Mienshao, M|100\/100 par\n|turn|23\n|c|\u2606kingokp|W BUNDLE\n|\n|t:|1698086725\n|move|p1a: Mienshao|Fake Out|p2a: Iron Bundle\n|-damage|p2a: Iron Bundle|60\/100\n|cant|p2a: Iron Bundle|flinch\n|\n|upkeep\n|turn|24\n|\n|t:|1698086731\n|switch|p1a: Gliscor|Gliscor, F|50\/100\n|move|p2a: Iron Bundle|Ice Beam|p1a: Gliscor\n|-supereffective|p1a: Gliscor\n|-damage|p1a: Gliscor|0 fnt\n|faint|p1a: Gliscor\n|\n|upkeep\n|\n|t:|1698086733\n|switch|p1a: Mienshao|Mienshao, M|100\/100 par\n|turn|25\n|\n|t:|1698086738\n|move|p1a: Mienshao|Fake Out|p2a: Iron Bundle\n|-damage|p2a: Iron Bundle|43\/100\n|cant|p2a: Iron Bundle|flinch\n|\n|upkeep\n|turn|26\n|c|\u2606kingokp|ah\n|\n|t:|1698086751\n|-terastallize|p1a: Mienshao|Fighting\n|move|p1a: Mienshao|Fake Out||[still]\n|-hint|Fake Out only works on your first turn out.\n|-fail|p1a: Mienshao\n|move|p2a: Iron Bundle|Ice Beam|p1a: Mienshao\n|-damage|p1a: Mienshao|45\/100 par\n|\n|upkeep\n|turn|27\n|c|\u2606Crystalion2099|misinput\n|c|\u2606Crystalion2099|gg\n|\n|t:|1698086765\n|move|p2a: Iron Bundle|Ice Beam|p1a: Mienshao\n|-damage|p1a: Mienshao|0 fnt\n|faint|p1a: Mienshao\n|\n|win|kingokp\n|raw|Crystalion2099's rating: 1181 &rarr; <strong>1156<\/strong><br \/>(-25 for losing)\n|raw|kingokp's rating: 1175 &rarr; <strong>1200<\/strong><br \/>(+25 for winning)\n|c|\u2606kingokp|gg lol\n|l|\u2606Crystalion2099\n","uploadtime":1698086773,"views":5,"p1id":"crystalion2099","p2id":"kingokp","formatid":"gen9anythinggoes","rating":1156,"private":0,"password":""}