{"id":"gen9anythinggoes-1986881606","p1":"laprasplayer","p2":"Adhiraj8202","format":"[Gen 9] Anything Goes","log":"|j|\u2606laprasplayer\n|j|\u2606Adhiraj8202\n|inactive|Battle timer is ON: inactive players will automatically lose when time's up.\n|t:|1699537378\n|gametype|singles\n|player|p1|laprasplayer|hanbei-conquest|\n|player|p2|Adhiraj8202|caitlin|\n|teamsize|p1|6\n|teamsize|p2|6\n|gen|9\n|tier|[Gen 9] Anything Goes\n|rated|Tournament battle\n|rule|HP Percentage Mod: HP is shown in percentages\n|rule|Endless Battle Clause: Forcing endless battles is banned\n|clearpoke\n|poke|p1|Mandibuzz, F|\n|poke|p1|Gliscor, M|\n|poke|p1|Blissey, F|\n|poke|p1|Alomomola, F|\n|poke|p1|Clodsire, F|\n|poke|p1|Dondozo, M|\n|poke|p2|Koraidon|\n|poke|p2|Chi-Yu|\n|poke|p2|Calyrex-Shadow|\n|poke|p2|Landorus-Therian, M|\n|poke|p2|Arceus-Fairy|\n|poke|p2|Ting-Lu|\n|teampreview\n|c|\u2606Adhiraj8202|gottem.\n|c|\u2606laprasplayer|and he brought thr chiyu\n|\n|t:|1699537388\n|start\n|switch|p1a: Malevolent Shrine|Gliscor, M, shiny|100\/100\n|switch|p2a: Chi-Yu|Chi-Yu|100\/100\n|-ability|p2a: Chi-Yu|Beads of Ruin\n|turn|1\n|\n|t:|1699537393\n|switch|p2a: Landorus|Landorus-Therian, M|100\/100\n|-ability|p2a: Landorus|Intimidate|boost\n|-unboost|p1a: Malevolent Shrine|atk|1\n|move|p1a: Malevolent Shrine|Protect||[still]\n|-fail|p1a: Malevolent Shrine\n|\n|-status|p1a: Malevolent Shrine|tox|[from] item: Toxic Orb\n|upkeep\n|turn|2\n|\n|t:|1699537399\n|move|p2a: Landorus|Stealth Rock|p1a: Malevolent Shrine\n|-sidestart|p1: laprasplayer|move: Stealth Rock\n|move|p1a: Malevolent Shrine|Spikes|p2a: Landorus\n|-sidestart|p2: Adhiraj8202|Spikes\n|\n|upkeep\n|turn|3\n|\n|t:|1699537405\n|move|p2a: Landorus|Taunt|p1a: Malevolent Shrine\n|-start|p1a: Malevolent Shrine|move: Taunt\n|move|p1a: Malevolent Shrine|Knock Off|p2a: Landorus\n|-damage|p2a: Landorus|90\/100\n|-damage|p1a: Malevolent Shrine|84\/100 tox|[from] item: Rocky Helmet|[of] p2a: Landorus\n|-enditem|p2a: Landorus|Rocky Helmet|[from] move: Knock Off|[of] p1a: Malevolent Shrine\n|\n|-heal|p1a: Malevolent Shrine|96\/100 tox|[from] ability: Poison Heal\n|upkeep\n|turn|4\n|\n|t:|1699537411\n|move|p2a: Landorus|U-turn|p1a: Malevolent Shrine\n|-resisted|p1a: Malevolent Shrine\n|-damage|p1a: Malevolent Shrine|90\/100 tox\n|\n|t:|1699537413\n|switch|p2a: Arceus|Arceus-Fairy|100\/100|[from] U-turn\n|-damage|p2a: Arceus|88\/100|[from] Spikes\n|move|p1a: Malevolent Shrine|Knock Off|p2a: Arceus\n|-resisted|p2a: Arceus\n|-damage|p2a: Arceus|85\/100\n|\n|-heal|p1a: Malevolent Shrine|100\/100 tox|[from] ability: Poison Heal\n|upkeep\n|turn|5\n|\n|t:|1699537418\n|move|p2a: Arceus|Judgment|p1a: Malevolent Shrine\n|-damage|p1a: Malevolent Shrine|46\/100 tox\n|move|p1a: Malevolent Shrine|Knock Off|p2a: Arceus\n|-resisted|p2a: Arceus\n|-damage|p2a: Arceus|82\/100\n|\n|-heal|p1a: Malevolent Shrine|58\/100 tox|[from] ability: Poison Heal\n|-end|p1a: Malevolent Shrine|move: Taunt\n|upkeep\n|turn|6\n|j| Lostmyacc72\n|\n|t:|1699537423\n|move|p1a: Malevolent Shrine|Protect|p1a: Malevolent Shrine\n|-singleturn|p1a: Malevolent Shrine|Protect\n|move|p2a: Arceus|Judgment|p1a: Malevolent Shrine\n|-activate|p1a: Malevolent Shrine|move: Protect\n|\n|-heal|p1a: Malevolent Shrine|71\/100 tox|[from] ability: Poison Heal\n|upkeep\n|turn|7\n|\n|t:|1699537427\n|move|p2a: Arceus|Judgment|p1a: Malevolent Shrine\n|-damage|p1a: Malevolent Shrine|19\/100 tox\n|move|p1a: Malevolent Shrine|Toxic|p2a: Arceus\n|-status|p2a: Arceus|tox\n|\n|-damage|p2a: Arceus|76\/100 tox|[from] psn\n|-heal|p1a: Malevolent Shrine|31\/100 tox|[from] ability: Poison Heal\n|upkeep\n|turn|8\n|j|+Primordiallite\n|\n|t:|1699537432\n|switch|p2a: Chi-Yu|Chi-Yu|100\/100\n|-damage|p2a: Chi-Yu|88\/100|[from] Spikes\n|-ability|p2a: Chi-Yu|Beads of Ruin\n|move|p1a: Malevolent Shrine|Knock Off|p2a: Chi-Yu\n|-resisted|p2a: Chi-Yu\n|-damage|p2a: Chi-Yu|77\/100\n|-enditem|p2a: Chi-Yu|Choice Specs|[from] move: Knock Off|[of] p1a: Malevolent Shrine\n|\n|-heal|p1a: Malevolent Shrine|44\/100 tox|[from] ability: Poison Heal\n|upkeep\n|turn|9\n|c|\u2606Adhiraj8202|bruh\n|c|\u2606laprasplayer|gottem\n|\n|t:|1699537447\n|-terastallize|p2a: Chi-Yu|Fire\n|move|p1a: Malevolent Shrine|Protect|p1a: Malevolent Shrine\n|-singleturn|p1a: Malevolent Shrine|Protect\n|move|p2a: Chi-Yu|Overheat|p1a: Malevolent Shrine\n|-activate|p1a: Malevolent Shrine|move: Protect\n|\n|-heal|p1a: Malevolent Shrine|56\/100 tox|[from] ability: Poison Heal\n|upkeep\n|turn|10\n|\n|t:|1699537453\n|switch|p1a: Soothing Wetlands|Blissey, F|100\/100\n|move|p2a: Chi-Yu|Overheat|p1a: Soothing Wetlands\n|-damage|p1a: Soothing Wetlands|59\/100\n|-unboost|p2a: Chi-Yu|spa|2\n|\n|upkeep\n|turn|11\n|c|\u2606Adhiraj8202|I'll still cook though\n|n| Lostmyacc72|lostmyacc72\n|c|\u2606Adhiraj8202|trust\n|\n|t:|1699537460\n|switch|p2a: Koraidon|Koraidon|100\/100\n|-damage|p2a: Koraidon|88\/100|[from] Spikes\n|-weather|SunnyDay|[from] ability: Orichalcum Pulse|[of] p2a: Koraidon\n|-activate|p2a: Koraidon|Orichalcum Pulse|[source]\n|move|p1a: Soothing Wetlands|Soft-Boiled|p1a: Soothing Wetlands\n|-heal|p1a: Soothing Wetlands|100\/100\n|\n|-weather|SunnyDay|[upkeep]\n|upkeep\n|turn|12\n|\n|t:|1699537465\n|switch|p1a: Malevolent Shrine|Gliscor, M, shiny|56\/100 tox\n|-damage|p1a: Malevolent Shrine|44\/100 tox|[from] Stealth Rock\n|move|p2a: Koraidon|Low Kick|p1a: Malevolent Shrine\n|-resisted|p1a: Malevolent Shrine\n|-damage|p1a: Malevolent Shrine|30\/100 tox\n|\n|-weather|SunnyDay|[upkeep]\n|-heal|p1a: Malevolent Shrine|42\/100 tox|[from] ability: Poison Heal\n|upkeep\n|turn|13\n|\n|t:|1699537471\n|switch|p2a: Ting-Lu|Ting-Lu|100\/100\n|-damage|p2a: Ting-Lu|88\/100|[from] Spikes\n|-ability|p2a: Ting-Lu|Vessel of Ruin\n|move|p1a: Malevolent Shrine|Toxic|p2a: Ting-Lu\n|-status|p2a: Ting-Lu|tox\n|\n|-weather|SunnyDay|[upkeep]\n|-heal|p2a: Ting-Lu|94\/100 tox|[from] item: Leftovers\n|-heal|p1a: Malevolent Shrine|55\/100 tox|[from] ability: Poison Heal\n|-damage|p2a: Ting-Lu|88\/100 tox|[from] psn\n|upkeep\n|turn|14\n|\n|t:|1699537474\n|move|p1a: Malevolent Shrine|Spikes|p2a: Ting-Lu\n|-sidestart|p2: Adhiraj8202|Spikes\n|move|p2a: Ting-Lu|Spikes|p1a: Malevolent Shrine\n|-sidestart|p1: laprasplayer|Spikes\n|\n|-weather|SunnyDay|[upkeep]\n|-heal|p2a: Ting-Lu|94\/100 tox|[from] item: Leftovers\n|-heal|p1a: Malevolent Shrine|67\/100 tox|[from] ability: Poison Heal\n|-damage|p2a: Ting-Lu|82\/100 tox|[from] psn\n|upkeep\n|turn|15\n|\n|t:|1699537479\n|switch|p2a: Calyrex|Calyrex-Shadow|100\/100\n|-ability|p2a: Calyrex|As One\n|-ability|p2a: Calyrex|Unnerve\n|-damage|p2a: Calyrex|84\/100|[from] Spikes\n|move|p1a: Malevolent Shrine|Knock Off|p2a: Calyrex\n|-supereffective|p2a: Calyrex\n|-damage|p2a: Calyrex|0 fnt\n|-enditem|p2a: Calyrex|Choice Specs|[from] move: Knock Off|[of] p1a: Malevolent Shrine\n|faint|p2a: Calyrex\n|\n|-weather|none\n|-heal|p1a: Malevolent Shrine|80\/100 tox|[from] ability: Poison Heal\n|upkeep\n|c|\u2606laprasplayer|LOL\n|c|\u2606Adhiraj8202|I give up.\n|c|+Primordiallite|Whoa\n|-message|Adhiraj8202 forfeited.\n|\n|win|laprasplayer\n|n|\u2606laprasplayer|laprasplayer\n|n|\u2606Adhiraj8202|adhiraj8202\n|n| Lostmyacc72|lostmyacc72\n|n| Primordiallite|primordiallite\n|c|\u2606laprasplayer|he failed to snipe me\n","uploadtime":1699537495,"views":45,"p1id":"laprasplayer","p2id":"adhiraj8202","formatid":"gen9anythinggoes","rating":0,"private":0,"password":""}