{"id":"gen9anythinggoes-1984777810","p1":"MetaVI","p2":"puuuuux","format":"[Gen 9] Anything Goes","log":"|j|\u2606MetaVI\n|j|\u2606puuuuux\n|t:|1699298209\n|gametype|singles\n|player|p1|MetaVI|burglar|1008\n|player|p2|puuuuux|170|1000\n|teamsize|p1|6\n|teamsize|p2|3\n|gen|9\n|tier|[Gen 9] Anything Goes\n|rated|\n|rule|HP Percentage Mod: HP is shown in percentages\n|rule|Endless Battle Clause: Forcing endless battles is banned\n|clearpoke\n|poke|p1|Decidueye-Hisui, M|\n|poke|p1|Typhlosion-Hisui, F|\n|poke|p1|Torterra, M|\n|poke|p1|Vikavolt, F|\n|poke|p1|Drifblim, M|\n|poke|p1|Zoroark, M|\n|poke|p2|Blissey, F|\n|poke|p2|Manaphy|\n|poke|p2|Regieleki|\n|teampreview\n|\n|t:|1699298222\n|start\n|switch|p1a: Drifblim|Drifblim, M, shiny|100\/100\n|switch|p2a: Regieleki|Regieleki, shiny|100\/100\n|turn|1\n|\n|t:|1699298229\n|move|p2a: Regieleki|Volt Switch|p1a: Drifblim\n|-supereffective|p1a: Drifblim\n|-crit|p1a: Drifblim\n|-damage|p1a: Drifblim|0 fnt\n|faint|p1a: Drifblim\n|\n|t:|1699298233\n|switch|p2a: Manaphy|Manaphy, shiny|100\/100|[from] Volt Switch\n|\n|upkeep\n|\n|t:|1699298237\n|switch|p1a: Decidueye|Decidueye-Hisui, M|100\/100\n|turn|2\n|\n|t:|1699298244\n|-terastallize|p2a: Manaphy|Fairy\n|move|p2a: Manaphy|Tail Glow|p2a: Manaphy\n|-boost|p2a: Manaphy|spa|3\n|move|p1a: Decidueye|Bulk Up|p1a: Decidueye\n|-boost|p1a: Decidueye|atk|1\n|-boost|p1a: Decidueye|def|1\n|\n|upkeep\n|turn|3\n|\n|t:|1699298253\n|move|p2a: Manaphy|Tail Glow|p2a: Manaphy\n|-boost|p2a: Manaphy|spa|3\n|move|p1a: Decidueye|Bulk Up|p1a: Decidueye\n|-boost|p1a: Decidueye|atk|1\n|-boost|p1a: Decidueye|def|1\n|\n|upkeep\n|turn|4\n|\n|t:|1699298261\n|move|p2a: Manaphy|Ice Beam|p1a: Decidueye\n|-supereffective|p1a: Decidueye\n|-damage|p1a: Decidueye|0 fnt\n|faint|p1a: Decidueye\n|\n|upkeep\n|\n|t:|1699298268\n|switch|p1a: Typhlosion|Typhlosion-Hisui, F|100\/100\n|turn|5\n|\n|t:|1699298274\n|move|p1a: Typhlosion|Calm Mind|p1a: Typhlosion\n|-boost|p1a: Typhlosion|spa|1\n|-boost|p1a: Typhlosion|spd|1\n|move|p2a: Manaphy|Scald|p1a: Typhlosion\n|-damage|p1a: Typhlosion|0 fnt\n|replace|p1a: Zoroark|Zoroark, M, shiny\n|-end|p1a: Zoroark|Illusion\n|faint|p1a: Zoroark\n|\n|upkeep\n|\n|t:|1699298285\n|switch|p1a: Vikavolt|Vikavolt, F, shiny|100\/100\n|turn|6\n|\n|t:|1699298290\n|move|p2a: Manaphy|Ice Beam|p1a: Vikavolt\n|-damage|p1a: Vikavolt|0 fnt\n|faint|p1a: Vikavolt\n|\n|upkeep\n|\n|t:|1699298294\n|switch|p1a: Torterra|Torterra, M|100\/100\n|turn|7\n|\n|t:|1699298300\n|move|p2a: Manaphy|Ice Beam|p1a: Torterra\n|-supereffective|p1a: Torterra\n|-damage|p1a: Torterra|0 fnt\n|faint|p1a: Torterra\n|\n|upkeep\n|\n|t:|1699298305\n|switch|p1a: Typhlosion|Typhlosion-Hisui, F|100\/100\n|turn|8\n|\n|t:|1699298311\n|move|p1a: Typhlosion|Earthquake|p2a: Manaphy\n|-damage|p2a: Manaphy|86\/100\n|move|p2a: Manaphy|Dazzling Gleam|p1a: Typhlosion\n|-resisted|p1a: Typhlosion\n|-damage|p1a: Typhlosion|43\/100\n|\n|upkeep\n|turn|9\n|\n|t:|1699298317\n|move|p1a: Typhlosion|Fire Blast|p2a: Manaphy\n|-damage|p2a: Manaphy|42\/100\n|move|p2a: Manaphy|Scald|p1a: Typhlosion\n|-supereffective|p1a: Typhlosion\n|-damage|p1a: Typhlosion|0 fnt\n|faint|p1a: Typhlosion\n|\n|win|puuuuux\n|raw|MetaVI's rating: 1008 &rarr; <strong>1000<\/strong><br \/>(-8 for losing)\n|raw|puuuuux's rating: 1000 &rarr; <strong>1041<\/strong><br \/>(+41 for winning)\n|l|\u2606puuuuux\n","uploadtime":1699298326,"views":3,"p1id":"metavi","p2id":"puuuuux","formatid":"gen9anythinggoes","rating":1000,"private":0,"password":""}