{"id":"gen9anythinggoes-1993038695","p1":"starimo","p2":"Tic-Tac-Toe Guru","format":"[Gen 9] Anything Goes","log":"|j|\u2606starimo\n|j|\u2606Tic-Tac-Toe Guru\n|t:|1700258031\n|gametype|singles\n|player|p1|starimo|n|1486\n|player|p2|Tic-Tac-Toe Guru|rood|1607\n|teamsize|p1|6\n|teamsize|p2|6\n|gen|9\n|tier|[Gen 9] Anything Goes\n|rated|\n|rule|HP Percentage Mod: HP is shown in percentages\n|rule|Endless Battle Clause: Forcing endless battles is banned\n|clearpoke\n|poke|p1|Koraidon|\n|poke|p1|Zacian-*|\n|poke|p1|Calyrex-Ice|\n|poke|p1|Urshifu-*, F|\n|poke|p1|Arcanine-Hisui, M|\n|poke|p1|Pawmot, M|\n|poke|p2|Ribombee, F|\n|poke|p2|Iron Treads|\n|poke|p2|Koraidon|\n|poke|p2|Miraidon|\n|poke|p2|Arceus|\n|poke|p2|Calyrex-Shadow|\n|teampreview\n|inactive|Battle timer is ON: inactive players will automatically lose when time's up. (requested by starimo)\n|\n|t:|1700258036\n|start\n|switch|p1a: Koraidon|Koraidon|100\/100\n|switch|p2a: Ribombee|Ribombee, F|100\/100\n|-weather|SunnyDay|[from] ability: Orichalcum Pulse|[of] p1a: Koraidon\n|-activate|p1a: Koraidon|Orichalcum Pulse|[source]\n|turn|1\n|c|\u2606starimo|glhf\n|\n|t:|1700258052\n|move|p1a: Koraidon|Flare Blitz|p2a: Ribombee\n|-supereffective|p2a: Ribombee\n|-enditem|p2a: Ribombee|Focus Sash\n|-damage|p2a: Ribombee|1\/100\n|-damage|p1a: Koraidon|69\/100|[from] Recoil\n|move|p2a: Ribombee|Sticky Web|p1a: Koraidon\n|-sidestart|p1: starimo|move: Sticky Web\n|\n|-weather|SunnyDay|[upkeep]\n|upkeep\n|turn|2\n|\n|t:|1700258072\n|move|p1a: Koraidon|Collision Course|p2a: Ribombee\n|-resisted|p2a: Ribombee\n|-damage|p2a: Ribombee|0 fnt\n|faint|p2a: Ribombee\n|\n|-weather|SunnyDay|[upkeep]\n|upkeep\n|\n|t:|1700258079\n|switch|p2a: Calyrex|Calyrex-Shadow|100\/100\n|-ability|p2a: Calyrex|As One\n|-ability|p2a: Calyrex|Unnerve\n|turn|3\n|\n|t:|1700258086\n|move|p2a: Calyrex|Draining Kiss|p1a: Koraidon\n|-supereffective|p1a: Koraidon\n|-damage|p1a: Koraidon|0 fnt\n|faint|p1a: Koraidon\n|-ability|p2a: Calyrex|Grim Neigh|boost\n|-boost|p2a: Calyrex|spa|1\n|\n|-weather|SunnyDay|[upkeep]\n|upkeep\n|\n|t:|1700258094\n|switch|p1a: Zacian|Zacian-Crowned, shiny|100\/100\n|-activate|p1a: Zacian|move: Sticky Web\n|-unboost|p1a: Zacian|spe|1\n|-ability|p1a: Zacian|Intrepid Sword|boost\n|-boost|p1a: Zacian|atk|1\n|turn|4\n|\n|t:|1700258114\n|move|p2a: Calyrex|Astral Barrage|p1a: Zacian\n|-crit|p1a: Zacian\n|-damage|p1a: Zacian|0 fnt\n|faint|p1a: Zacian\n|-ability|p2a: Calyrex|Grim Neigh|boost\n|-boost|p2a: Calyrex|spa|1\n|\n|-weather|SunnyDay|[upkeep]\n|upkeep\n|\n|t:|1700258122\n|switch|p1a: Calyrex|Calyrex-Ice|100\/100\n|-ability|p1a: Calyrex|As One\n|-ability|p1a: Calyrex|Unnerve\n|-activate|p1a: Calyrex|move: Sticky Web\n|-unboost|p1a: Calyrex|spe|1\n|turn|5\n|\n|t:|1700258130\n|-terastallize|p1a: Calyrex|Normal\n|move|p2a: Calyrex|Astral Barrage|p1a: Calyrex\n|-immune|p1a: Calyrex\n|move|p1a: Calyrex|Trick Room|p1a: Calyrex\n|-fieldstart|move: Trick Room|[of] p1a: Calyrex\n|\n|-weather|none\n|upkeep\n|turn|6\n|\n|t:|1700258148\n|move|p1a: Calyrex|Glacial Lance|p2a: Calyrex\n|-damage|p2a: Calyrex|13\/100\n|move|p2a: Calyrex|Draining Kiss|p1a: Calyrex\n|-damage|p1a: Calyrex|71\/100\n|-heal|p2a: Calyrex|39\/100|[from] drain|[of] p1a: Calyrex\n|\n|-heal|p2a: Calyrex|45\/100|[from] item: Leftovers\n|upkeep\n|turn|7\n|\n|t:|1700258161\n|move|p1a: Calyrex|Glacial Lance|p2a: Calyrex\n|-damage|p2a: Calyrex|0 fnt\n|faint|p2a: Calyrex\n|-ability|p1a: Calyrex|Chilling Neigh|boost\n|-boost|p1a: Calyrex|atk|1\n|\n|upkeep\n|\n|t:|1700258166\n|switch|p2a: Arceus|Arceus|100\/100\n|turn|8\n|c|\u2606starimo|wanna play tic tac toe after this?\n|\n|t:|1700258176\n|move|p1a: Calyrex|Glacial Lance|p2a: Arceus\n|-damage|p2a: Arceus|10\/100\n|move|p2a: Arceus|Swords Dance|p2a: Arceus\n|-boost|p2a: Arceus|atk|2\n|\n|-heal|p2a: Arceus|16\/100|[from] item: Leftovers\n|upkeep\n|turn|9\n|\n|t:|1700258188\n|move|p2a: Arceus|Extreme Speed|p1a: Calyrex\n|-damage|p1a: Calyrex|24\/100\n|move|p1a: Calyrex|Glacial Lance|p2a: Arceus\n|-damage|p2a: Arceus|0 fnt\n|faint|p2a: Arceus\n|-ability|p1a: Calyrex|Chilling Neigh|boost\n|-boost|p1a: Calyrex|atk|1\n|\n|-fieldend|move: Trick Room\n|upkeep\n|\n|t:|1700258194\n|switch|p2a: Iron Treads|Iron Treads|100\/100\n|turn|10\n|\n|t:|1700258199\n|move|p2a: Iron Treads|Earthquake|p1a: Calyrex\n|-damage|p1a: Calyrex|0 fnt\n|faint|p1a: Calyrex\n|\n|upkeep\n|\n|t:|1700258204\n|switch|p1a: Pawmot|Pawmot, M|100\/100\n|-activate|p1a: Pawmot|move: Sticky Web\n|-unboost|p1a: Pawmot|spe|1\n|turn|11\n|\n|t:|1700258211\n|move|p2a: Iron Treads|Iron Head|p1a: Pawmot\n|-resisted|p1a: Pawmot\n|-damage|p1a: Pawmot|67\/100\n|move|p1a: Pawmot|Revival Blessing|p1a: Pawmot\n|\n|t:|1700258226\n|-heal|p1: Calyrex|50\/100|[from] move: Revival Blessing\n|\n|upkeep\n|turn|12\n|\n|t:|1700258230\n|move|p2a: Iron Treads|Earthquake|p1a: Pawmot\n|-supereffective|p1a: Pawmot\n|-damage|p1a: Pawmot|0 fnt\n|faint|p1a: Pawmot\n|\n|upkeep\n|\n|t:|1700258235\n|switch|p1a: batman|Urshifu, F|100\/100\n|-activate|p1a: batman|move: Sticky Web\n|-unboost|p1a: batman|spe|1\n|turn|13\n|\n|t:|1700258242\n|move|p2a: Iron Treads|Stealth Rock|p1a: batman\n|-sidestart|p1: starimo|move: Stealth Rock\n|move|p1a: batman|Drain Punch|p2a: Iron Treads\n|-supereffective|p2a: Iron Treads\n|-damage|p2a: Iron Treads|6\/100\n|-damage|p1a: batman|91\/100|[from] item: Life Orb\n|\n|upkeep\n|turn|14\n|\n|t:|1700258248\n|move|p1a: batman|Sucker Punch|p2a: Iron Treads\n|-damage|p2a: Iron Treads|0 fnt\n|faint|p2a: Iron Treads\n|-end|p2a: Iron Treads|Quark Drive|[silent]\n|-damage|p1a: batman|81\/100|[from] item: Life Orb\n|\n|upkeep\n|\n|t:|1700258252\n|switch|p2a: Koraidon|Koraidon|100\/100\n|-weather|SunnyDay|[from] ability: Orichalcum Pulse|[of] p2a: Koraidon\n|-activate|p2a: Koraidon|Orichalcum Pulse|[source]\n|turn|15\n|\n|t:|1700258256\n|move|p2a: Koraidon|Low Kick|p1a: batman\n|-supereffective|p1a: batman\n|-damage|p1a: batman|0 fnt\n|faint|p1a: batman\n|\n|-weather|SunnyDay|[upkeep]\n|upkeep\n|\n|t:|1700258262\n|switch|p1a: Dwag-2|Arcanine-Hisui, M, shiny|100\/100\n|-activate|p1a: Dwag-2|move: Sticky Web\n|-unboost|p1a: Dwag-2|spe|1\n|-damage|p1a: Dwag-2|76\/100|[from] Stealth Rock\n|turn|16\n|\n|t:|1700258269\n|move|p1a: Dwag-2|Extreme Speed|p2a: Koraidon\n|-damage|p2a: Koraidon|69\/100\n|move|p2a: Koraidon|Low Kick|p1a: Dwag-2\n|-supereffective|p1a: Dwag-2\n|-damage|p1a: Dwag-2|0 fnt\n|faint|p1a: Dwag-2\n|\n|-weather|SunnyDay|[upkeep]\n|upkeep\n|\n|t:|1700258279\n|switch|p1a: Calyrex|Calyrex-Ice|50\/100\n|-ability|p1a: Calyrex|As One\n|-ability|p1a: Calyrex|Unnerve\n|-activate|p1a: Calyrex|move: Sticky Web\n|-unboost|p1a: Calyrex|spe|1\n|-damage|p1a: Calyrex|26\/100|[from] Stealth Rock\n|turn|17\n|inactive|Tic-Tac-Toe Guru has 120 seconds left.\n|\n|t:|1700258329\n|move|p2a: Koraidon|Low Kick|p1a: Calyrex\n|-damage|p1a: Calyrex|0 fnt\n|faint|p1a: Calyrex\n|\n|win|Tic-Tac-Toe Guru\n|raw|starimo's rating: 1486 &rarr; <strong>1473<\/strong><br \/>(-13 for losing)\n|raw|Tic-Tac-Toe Guru's rating: 1607 &rarr; <strong>1620<\/strong><br \/>(+13 for winning)\n|c|\u2606Tic-Tac-Toe Guru|X|_|_\n|c|\u2606Tic-Tac-Toe Guru|_|_|_\n|c|\u2606starimo|gg\n|c|\u2606Tic-Tac-Toe Guru|_|_|_\n|c|\u2606Tic-Tac-Toe Guru|your move\n|c|\u2606starimo|X|_|_\n|c|\u2606starimo|_|_|_\n|c|\u2606starimo|0|_|_\n|c|\u2606Tic-Tac-Toe Guru|well I win\n|c|\u2606Tic-Tac-Toe Guru|X|_|_\n|c|\u2606Tic-Tac-Toe Guru|_|_|_\n|c|\u2606Tic-Tac-Toe Guru|O|_|X\n|c|\u2606starimo|X|_|_\n|c|\u2606starimo|_|0|_\n|c|\u2606starimo|0|_|X\n|c|\u2606Tic-Tac-Toe Guru|X|_|X\n|c|\u2606Tic-Tac-Toe Guru|_|O|_\n|c|\u2606Tic-Tac-Toe Guru|O|_|X\n|c|\u2606starimo|X|_|X\n|c|\u2606starimo|_|0|0\n|c|\u2606starimo|0|_|X\n|c|\u2606Tic-Tac-Toe Guru|X|X|X\n|c|\u2606Tic-Tac-Toe Guru|_|O|O\n|c|\u2606Tic-Tac-Toe Guru|O|_|X\n|c|\u2606starimo|:(\n|c|\u2606Tic-Tac-Toe Guru|gg\n|c|\u2606starimo|gg\n|c|\u2606Tic-Tac-Toe Guru|always take middle\n|c|\u2606Tic-Tac-Toe Guru|when your opponent chooses corner\n|c|\u2606starimo|u right\n|c|\u2606starimo|bye bye\n|l|\u2606starimo\n|c|\u2606Tic-Tac-Toe Guru|cya\n","uploadtime":1700258536,"views":6,"p1id":"starimo","p2id":"tictactoeguru","formatid":"gen9anythinggoes","rating":1473,"private":0,"password":""}