{"id":"gen9anythinggoes-1999052942","p1":"Guest 4633522","p2":"germy_55","format":"[Gen 9] Anything Goes","log":"|j|\u203dGuest 4633522\n|j|\u2606germy_55\n|t:|1701028097\n|gametype|singles\n|player|p1|Guest 4633522|265|1109\n|player|p2|germy_55|266|1198\n|teamsize|p1|6\n|teamsize|p2|6\n|gen|9\n|tier|[Gen 9] Anything Goes\n|rated|\n|rule|HP Percentage Mod: HP is shown in percentages\n|rule|Endless Battle Clause: Forcing endless battles is banned\n|clearpoke\n|poke|p1|Annihilape, F|\n|poke|p1|Annihilape, F|\n|poke|p1|Kingambit, F|\n|poke|p1|Annihilape, F|\n|poke|p1|Annihilape, M|\n|poke|p1|Calyrex-Shadow|\n|poke|p2|Gliscor, M|\n|poke|p2|Zacian-*|\n|poke|p2|Dondozo, F|\n|poke|p2|Maushold-Four|\n|poke|p2|Cinderace, M|\n|poke|p2|Clefable, M|\n|teampreview\n|inactive|Battle timer is ON: inactive players will automatically lose when time's up. (requested by germy_55)\n|j| magic toes\n|\n|t:|1701028101\n|start\n|switch|p1a: Annihilape|Annihilape, F|100\/100\n|switch|p2a: Gliscor|Gliscor, M|100\/100\n|turn|1\n|l| magic toes\n|\n|t:|1701028105\n|move|p2a: Gliscor|Protect|p2a: Gliscor\n|-singleturn|p2a: Gliscor|Protect\n|move|p1a: Annihilape|Stealth Rock|p2a: Gliscor\n|-sidestart|p2: germy_55|move: Stealth Rock\n|\n|-status|p2a: Gliscor|tox|[from] item: Toxic Orb\n|upkeep\n|turn|2\n|\n|t:|1701028108\n|move|p2a: Gliscor|Toxic|p1a: Annihilape\n|-status|p1a: Annihilape|tox\n|move|p1a: Annihilape|Final Gambit|p2a: Gliscor\n|-damage|p2a: Gliscor|0 fnt\n|faint|p1a: Annihilape\n|faint|p2a: Gliscor\n|\n|upkeep\n|\n|t:|1701028112\n|switch|p2a: Cinderace|Cinderace, M|100\/100\n|switch|p1a: Annihilape|Annihilape, F|100\/100\n|turn|3\n|\n|t:|1701028115\n|move|p1a: Annihilape|Final Gambit|p2a: Cinderace\n|-damage|p2a: Cinderace|0 fnt\n|faint|p1a: Annihilape\n|faint|p2a: Cinderace\n|\n|upkeep\n|\n|t:|1701028118\n|switch|p2a: Maushold|Maushold-Four|100\/100\n|switch|p1a: Annihilape|Annihilape, F|100\/100\n|-damage|p2a: Maushold|88\/100|[from] Stealth Rock\n|turn|4\n|\n|t:|1701028131\n|-terastallize|p2a: Maushold|Ghost\n|move|p1a: Annihilape|U-turn|p2a: Maushold\n|-resisted|p2a: Maushold\n|-damage|p2a: Maushold|75\/100\n|\n|t:|1701028135\n|switch|p1a: Kingambit|Kingambit, F|100\/100|[from] U-turn\n|-activate|p1a: Kingambit|ability: Supreme Overlord\n|-start|p1a: Kingambit|fallen2|[silent]\n|move|p2a: Maushold|Tidy Up|p2a: Maushold\n|-sideend|p2: germy_55|Stealth Rock\n|-activate|p2a: Maushold|move: Tidy Up\n|-boost|p2a: Maushold|atk|1\n|-boost|p2a: Maushold|spe|1\n|\n|upkeep\n|turn|5\n|\n|t:|1701028142\n|move|p2a: Maushold|Population Bomb|p1a: Kingambit\n|-resisted|p1a: Kingambit\n|-damage|p1a: Kingambit|95\/100\n|-resisted|p1a: Kingambit\n|-damage|p1a: Kingambit|89\/100\n|-resisted|p1a: Kingambit\n|-damage|p1a: Kingambit|83\/100\n|-resisted|p1a: Kingambit\n|-damage|p1a: Kingambit|77\/100\n|-resisted|p1a: Kingambit\n|-damage|p1a: Kingambit|72\/100\n|-resisted|p1a: Kingambit\n|-damage|p1a: Kingambit|65\/100\n|-resisted|p1a: Kingambit\n|-damage|p1a: Kingambit|59\/100\n|-resisted|p1a: Kingambit\n|-damage|p1a: Kingambit|53\/100\n|-resisted|p1a: Kingambit\n|-damage|p1a: Kingambit|47\/100\n|-resisted|p1a: Kingambit\n|-damage|p1a: Kingambit|41\/100\n|-hitcount|p1a: Kingambit|10\n|move|p1a: Kingambit|Kowtow Cleave|p2a: Maushold\n|-supereffective|p2a: Maushold\n|-damage|p2a: Maushold|0 fnt\n|faint|p2a: Maushold\n|\n|upkeep\n|-message|germy_55 forfeited.\n|\n|win|Guest 4633522\n|raw|Guest 4633522's rating: 1109 &rarr; <strong>1140<\/strong><br \/>(+31 for winning)\n|raw|germy_55's rating: 1198 &rarr; <strong>1167<\/strong><br \/>(-31 for losing)\n|l|\u2606germy_55\n","uploadtime":1701028166,"views":0,"p1id":"guest4633522","p2id":"germy55","formatid":"gen9anythinggoes","rating":1140,"private":0,"password":""}