{"id":"gen9anythinggoes-1988966363","p1":"KILLALLPOKEMONS","p2":"Leoniod","format":"[Gen 9] Anything Goes","log":"|j|\u2606KILLALLPOKEMONS\n|j|\u2606Leoniod\n|t:|1699795777\n|gametype|singles\n|player|p1|KILLALLPOKEMONS|bellelba|1410\n|player|p2|Leoniod|n|1590\n|teamsize|p1|6\n|teamsize|p2|6\n|gen|9\n|tier|[Gen 9] Anything Goes\n|rated|\n|rule|HP Percentage Mod: HP is shown in percentages\n|rule|Endless Battle Clause: Forcing endless battles is banned\n|clearpoke\n|poke|p1|Rayquaza|\n|poke|p1|Calyrex-Shadow|\n|poke|p1|Chi-Yu|\n|poke|p1|Miraidon|\n|poke|p1|Zacian-*|\n|poke|p1|Urshifu-*, F|\n|poke|p2|Calyrex-Shadow|\n|poke|p2|Arceus|\n|poke|p2|Eternatus|\n|poke|p2|Kingambit, F|\n|poke|p2|Zacian-*|\n|poke|p2|Groudon|\n|teampreview\n|inactive|Battle timer is ON: inactive players will automatically lose when time's up. (requested by Leoniod)\n|c|\u2606KILLALLPOKEMONS|WHAT? TIMER ME?\n|c|\u2606KILLALLPOKEMONS|FARK U\n|\n|t:|1699795792\n|start\n|switch|p1a: Calyrex|Calyrex-Shadow|100\/100\n|switch|p2a: Arceus|Arceus|100\/100\n|-ability|p1a: Calyrex|As One\n|-ability|p1a: Calyrex|Unnerve\n|turn|1\n|\n|t:|1699795811\n|switch|p1a: Zacian|Zacian-Crowned|100\/100\n|-ability|p1a: Zacian|Intrepid Sword|boost\n|-boost|p1a: Zacian|atk|1\n|move|p2a: Arceus|Shadow Claw|p1a: Zacian\n|-damage|p1a: Zacian|77\/100\n|\n|upkeep\n|turn|2\n|\n|t:|1699795821\n|move|p1a: Zacian|Behemoth Blade|p2a: Arceus\n|-crit|p2a: Arceus\n|-damage|p2a: Arceus|20\/100\n|move|p2a: Arceus|Swords Dance|p2a: Arceus\n|-boost|p2a: Arceus|atk|2\n|\n|-heal|p2a: Arceus|26\/100|[from] item: Leftovers\n|upkeep\n|turn|3\n|c|\u2606KILLALLPOKEMONS|MOVE\n|\n|t:|1699795833\n|move|p2a: Arceus|Extreme Speed|p1a: Zacian\n|-resisted|p1a: Zacian\n|-damage|p1a: Zacian|33\/100\n|move|p1a: Zacian|Behemoth Blade|p2a: Arceus\n|-damage|p2a: Arceus|0 fnt\n|faint|p2a: Arceus\n|\n|upkeep\n|c|\u2606KILLALLPOKEMONS|DIE\n|\n|t:|1699795839\n|switch|p2a: Calyrex|Calyrex-Shadow|100\/100\n|-ability|p2a: Calyrex|As One\n|-ability|p2a: Calyrex|Unnerve\n|turn|4\n|\n|t:|1699795848\n|switch|p1a: Chi-Yu|Chi-Yu|100\/100\n|-ability|p1a: Chi-Yu|Beads of Ruin\n|move|p2a: Calyrex|Astral Barrage|p1a: Chi-Yu\n|-resisted|p1a: Chi-Yu\n|-damage|p1a: Chi-Yu|55\/100\n|\n|upkeep\n|turn|5\n|\n|t:|1699795873\n|switch|p2a: Eternatus|Eternatus|100\/100\n|-ability|p2a: Eternatus|Pressure\n|move|p1a: Chi-Yu|Flamethrower|p2a: Eternatus\n|-resisted|p2a: Eternatus\n|-damage|p2a: Eternatus|72\/100\n|-damage|p1a: Chi-Yu|45\/100|[from] item: Life Orb\n|\n|upkeep\n|turn|6\n|\n|t:|1699795884\n|move|p2a: Eternatus|Dynamax Cannon|p1a: Chi-Yu\n|-damage|p1a: Chi-Yu|0 fnt\n|faint|p1a: Chi-Yu\n|\n|upkeep\n|\n|t:|1699795891\n|switch|p1a: Calyrex|Calyrex-Shadow|100\/100\n|-ability|p1a: Calyrex|As One\n|-ability|p1a: Calyrex|Unnerve\n|turn|7\n|c|\u2606KILLALLPOKEMONS|DIE\n|\n|t:|1699795897\n|move|p1a: Calyrex|Astral Barrage|p2a: Eternatus\n|-damage|p2a: Eternatus|27\/100\n|move|p2a: Eternatus|Dynamax Cannon|p1a: Calyrex\n|-damage|p1a: Calyrex|57\/100\n|\n|upkeep\n|turn|8\n|\n|t:|1699795906\n|move|p1a: Calyrex|Astral Barrage|p2a: Eternatus\n|-damage|p2a: Eternatus|0 fnt\n|faint|p2a: Eternatus\n|-ability|p1a: Calyrex|Grim Neigh|boost\n|-boost|p1a: Calyrex|spa|1\n|\n|upkeep\n|\n|t:|1699795912\n|switch|p2a: Calyrex|Calyrex-Shadow|100\/100\n|-ability|p2a: Calyrex|As One\n|-ability|p2a: Calyrex|Unnerve\n|turn|9\n|\n|t:|1699795918\n|move|p1a: Calyrex|Astral Barrage|p2a: Calyrex\n|-supereffective|p2a: Calyrex\n|-damage|p2a: Calyrex|0 fnt\n|faint|p2a: Calyrex\n|-ability|p1a: Calyrex|Grim Neigh|boost\n|-boost|p1a: Calyrex|spa|1\n|\n|upkeep\n|c|\u2606KILLALLPOKEMONS|HA\n|\n|t:|1699795924\n|switch|p2a: Kingambit|Kingambit, F|100\/100\n|-activate|p2a: Kingambit|ability: Supreme Overlord\n|-start|p2a: Kingambit|fallen3|[silent]\n|turn|10\n|c|\u2606KILLALLPOKEMONS|GG\n|c|\u2606KILLALLPOKEMONS|DIE\n|c|\u2606Leoniod|Tragic speed tie loss\n|\n|t:|1699795938\n|switch|p1a: Urshifu|Urshifu-Rapid-Strike, F|100\/100\n|move|p2a: Kingambit|Sucker Punch||[still]\n|-fail|p2a: Kingambit\n|\n|upkeep\n|turn|11\n|\n|t:|1699795945\n|-end|p2a: Kingambit|fallen3|[silent]\n|switch|p2a: Groudon|Groudon|100\/100\n|-weather|SunnyDay|[from] ability: Drought|[of] p2a: Groudon\n|move|p1a: Urshifu|Close Combat|p2a: Groudon\n|-damage|p2a: Groudon|47\/100\n|-unboost|p1a: Urshifu|def|1\n|-unboost|p1a: Urshifu|spd|1\n|\n|-weather|SunnyDay|[upkeep]\n|-heal|p2a: Groudon|53\/100|[from] item: Leftovers\n|upkeep\n|turn|12\n|\n|t:|1699795961\n|switch|p1a: Rayquaza|Rayquaza|100\/100\n|-ability|p1a: Rayquaza|Air Lock\n|move|p2a: Groudon|Will-O-Wisp|p1a: Rayquaza\n|-status|p1a: Rayquaza|brn\n|\n|-weather|SunnyDay|[upkeep]\n|-heal|p2a: Groudon|60\/100|[from] item: Leftovers\n|-damage|p1a: Rayquaza|94\/100 brn|[from] brn\n|upkeep\n|turn|13\n|\n|t:|1699795973\n|move|p1a: Rayquaza|Earthquake|p2a: Groudon\n|-damage|p2a: Groudon|43\/100\n|move|p2a: Groudon|Stealth Rock|p1a: Rayquaza\n|-sidestart|p1: KILLALLPOKEMONS|move: Stealth Rock\n|\n|-weather|SunnyDay|[upkeep]\n|-heal|p2a: Groudon|49\/100|[from] item: Leftovers\n|-damage|p1a: Rayquaza|88\/100 brn|[from] brn\n|upkeep\n|turn|14\n|\n|t:|1699795983\n|move|p1a: Rayquaza|Earthquake|p2a: Groudon\n|-damage|p2a: Groudon|33\/100\n|move|p2a: Groudon|Bulk Up|p2a: Groudon\n|-boost|p2a: Groudon|atk|1\n|-boost|p2a: Groudon|def|1\n|\n|-weather|SunnyDay|[upkeep]\n|-heal|p2a: Groudon|39\/100|[from] item: Leftovers\n|-damage|p1a: Rayquaza|82\/100 brn|[from] brn\n|upkeep\n|turn|15\n|\n|t:|1699795995\n|switch|p1a: Urshifu|Urshifu-Rapid-Strike, F|100\/100\n|-damage|p1a: Urshifu|94\/100|[from] Stealth Rock\n|move|p2a: Groudon|Bulk Up|p2a: Groudon\n|-boost|p2a: Groudon|atk|1\n|-boost|p2a: Groudon|def|1\n|\n|-weather|none\n|-heal|p2a: Groudon|46\/100|[from] item: Leftovers\n|upkeep\n|turn|16\n|\n|t:|1699796007\n|move|p1a: Urshifu|Surging Strikes|p2a: Groudon\n|-supereffective|p2a: Groudon\n|-crit|p2a: Groudon\n|-damage|p2a: Groudon|14\/100\n|-supereffective|p2a: Groudon\n|-crit|p2a: Groudon\n|-damage|p2a: Groudon|0 fnt\n|faint|p2a: Groudon\n|-hitcount|p2: Groudon|2\n|\n|upkeep\n|c|\u2606KILLALLPOKEMONS|DIE NOOB\n|\n|t:|1699796017\n|switch|p2a: Zacian|Zacian-Crowned|100\/100\n|-ability|p2a: Zacian|Intrepid Sword|boost\n|-boost|p2a: Zacian|atk|1\n|turn|17\n|\n|t:|1699796024\n|switch|p1a: Rayquaza|Rayquaza|82\/100 brn\n|-damage|p1a: Rayquaza|57\/100 brn|[from] Stealth Rock\n|-ability|p1a: Rayquaza|Air Lock\n|move|p2a: Zacian|Play Rough|p1a: Rayquaza\n|-supereffective|p1a: Rayquaza\n|-damage|p1a: Rayquaza|0 fnt\n|faint|p1a: Rayquaza\n|\n|upkeep\n|\n|t:|1699796036\n|switch|p1a: Calyrex|Calyrex-Shadow|57\/100\n|-ability|p1a: Calyrex|As One\n|-ability|p1a: Calyrex|Unnerve\n|-damage|p1a: Calyrex|44\/100|[from] Stealth Rock\n|turn|18\n|\n|t:|1699796048\n|move|p1a: Calyrex|Astral Barrage|p2a: Zacian\n|-damage|p2a: Zacian|32\/100\n|move|p2a: Zacian|Behemoth Blade|p1a: Calyrex\n|-damage|p1a: Calyrex|0 fnt\n|faint|p1a: Calyrex\n|\n|upkeep\n|c|\u2606KILLALLPOKEMONS|GG\n|c|\u2606KILLALLPOKEMONS|JUST FORFEIT OK\n|\n|t:|1699796063\n|switch|p1a: Miraidon|Miraidon|100\/100\n|-damage|p1a: Miraidon|88\/100|[from] Stealth Rock\n|-fieldstart|move: Electric Terrain|[from] ability: Hadron Engine|[of] p1a: Miraidon\n|turn|19\n|c|\u2606Leoniod|Where there is kinggambit there is a way\n|\n|t:|1699796076\n|move|p2a: Zacian|Play Rough|p1a: Miraidon\n|-supereffective|p1a: Miraidon\n|-damage|p1a: Miraidon|0 fnt\n|faint|p1a: Miraidon\n|\n|upkeep\n|\n|t:|1699796083\n|switch|p1a: Urshifu|Urshifu-Rapid-Strike, F|94\/100\n|-damage|p1a: Urshifu|88\/100|[from] Stealth Rock\n|turn|20\n|\n|t:|1699796088\n|move|p2a: Zacian|Play Rough|p1a: Urshifu|[miss]\n|-miss|p2a: Zacian|p1a: Urshifu\n|move|p1a: Urshifu|Surging Strikes|p2a: Zacian\n|-crit|p2a: Zacian\n|-damage|p2a: Zacian|4\/100\n|-crit|p2a: Zacian\n|-damage|p2a: Zacian|0 fnt\n|faint|p2a: Zacian\n|-hitcount|p2: Zacian|2\n|\n|upkeep\n|c|\u2606KILLALLPOKEMONS|HA\n|\n|t:|1699796094\n|switch|p2a: Kingambit|Kingambit, F|100\/100\n|-activate|p2a: Kingambit|ability: Supreme Overlord\n|-start|p2a: Kingambit|fallen5|[silent]\n|turn|21\n|c|\u2606KILLALLPOKEMONS|DIE FOOL\n|\n|t:|1699796102\n|switch|p1a: Zacian|Zacian-Crowned|33\/100\n|-damage|p1a: Zacian|27\/100|[from] Stealth Rock\n|-terastallize|p2a: Kingambit|Ghost\n|move|p2a: Kingambit|Swords Dance|p2a: Kingambit\n|-boost|p2a: Kingambit|atk|2\n|\n|upkeep\n|turn|22\n|\n|t:|1699796122\n|-terastallize|p1a: Zacian|Fairy\n|move|p1a: Zacian|Behemoth Blade|p2a: Kingambit\n|-damage|p2a: Kingambit|60\/100\n|move|p2a: Kingambit|Kowtow Cleave|p1a: Zacian\n|-resisted|p1a: Zacian\n|-damage|p1a: Zacian|0 fnt\n|faint|p1a: Zacian\n|\n|-heal|p2a: Kingambit|67\/100|[from] item: Leftovers\n|upkeep\n|\n|t:|1699796135\n|switch|p1a: Urshifu|Urshifu-Rapid-Strike, F|88\/100\n|-damage|p1a: Urshifu|82\/100|[from] Stealth Rock\n|turn|23\n|\n|t:|1699796143\n|move|p2a: Kingambit|Sucker Punch|p1a: Urshifu\n|-resisted|p1a: Urshifu\n|-damage|p1a: Urshifu|21\/100\n|move|p1a: Urshifu|Surging Strikes|p2a: Kingambit\n|-crit|p2a: Kingambit\n|-damage|p2a: Kingambit|44\/100\n|-crit|p2a: Kingambit\n|-damage|p2a: Kingambit|22\/100\n|-crit|p2a: Kingambit\n|-damage|p2a: Kingambit|0 fnt\n|faint|p2a: Kingambit\n|-end|p2a: Kingambit|fallen5|[silent]\n|-hitcount|p2: Kingambit|3\n|\n|win|KILLALLPOKEMONS\n|raw|KILLALLPOKEMONS's rating: 1410 &rarr; <strong>1440<\/strong><br \/>(+30 for winning)\n|raw|Leoniod's rating: 1590 &rarr; <strong>1560<\/strong><br \/>(-30 for losing)\n","uploadtime":1699796095,"views":4,"p1id":"killallpokemons","p2id":"leoniod","formatid":"gen9anythinggoes","rating":1440,"private":0,"password":""}