{"id":"gen9anythinggoes-1974390118","p1":"KodaVersus","p2":"Smoothie_Jazz","format":"[Gen 9] Anything Goes","log":"|j|\u2606KodaVersus\n|j|\u2606Smoothie_Jazz\n|t:|1698083161\n|gametype|singles\n|player|p1|KodaVersus|266|1037\n|player|p2|Smoothie_Jazz|clown|1140\n|teamsize|p1|6\n|teamsize|p2|6\n|gen|9\n|tier|[Gen 9] Anything Goes\n|rated|\n|rule|HP Percentage Mod: HP is shown in percentages\n|rule|Endless Battle Clause: Forcing endless battles is banned\n|clearpoke\n|poke|p1|Dudunsparce-*, F|\n|poke|p1|Cinderace, F|\n|poke|p1|Ogerpon-Cornerstone, F|\n|poke|p1|Ambipom, M|\n|poke|p1|Tatsugiri, F|\n|poke|p1|Gholdengo|\n|poke|p2|Overqwil, M|\n|poke|p2|Overqwil, F|\n|poke|p2|Overqwil, M|\n|poke|p2|Overqwil, F|\n|poke|p2|Overqwil, M|\n|poke|p2|Overqwil, M|\n|teampreview\n|c|\u2606Smoothie_Jazz|ROCK AND STONE\n|\n|t:|1698083177\n|start\n|switch|p1a: Cinderace|Cinderace, F|100\/100\n|switch|p2a: its|Overqwil, M|100\/100\n|-ability|p2a: its|Intimidate|boost\n|-unboost|p1a: Cinderace|atk|1\n|turn|1\n|\n|t:|1698083190\n|move|p1a: Cinderace|Flame Charge|p2a: its\n|-damage|p2a: its|84\/100\n|-boost|p1a: Cinderace|spe|1\n|move|p2a: its|Toxic|p1a: Cinderace\n|-status|p1a: Cinderace|tox\n|\n|-heal|p2a: its|90\/100|[from] item: Leftovers\n|-damage|p1a: Cinderace|95\/100 tox|[from] psn\n|upkeep\n|turn|2\n|inactive|Battle timer is ON: inactive players will automatically lose when time's up. (requested by Smoothie_Jazz)\n|\n|t:|1698083237\n|move|p1a: Cinderace|Pyro Ball|p2a: its\n|-damage|p2a: its|54\/100\n|move|p2a: its|Minimize|p2a: its\n|-boost|p2a: its|evasion|2\n|\n|-heal|p2a: its|61\/100|[from] item: Leftovers\n|-damage|p1a: Cinderace|83\/100 tox|[from] psn\n|upkeep\n|turn|3\n|inactive|KodaVersus has 120 seconds left.\n|inactive|KodaVersus has 90 seconds left.\n|\n|t:|1698083307\n|move|p1a: Cinderace|Agility|p1a: Cinderace\n|-start|p1a: Cinderace|typechange|Psychic|[from] ability: Libero\n|-boost|p1a: Cinderace|spe|2\n|move|p2a: its|Minimize|p2a: its\n|-boost|p2a: its|evasion|2\n|\n|-heal|p2a: its|67\/100|[from] item: Leftovers\n|-damage|p1a: Cinderace|65\/100 tox|[from] psn\n|upkeep\n|turn|4\n|inactive|KodaVersus has 90 seconds left.\n|\n|t:|1698083327\n|move|p1a: Cinderace|Flame Charge|p2a: its|[miss]\n|-miss|p1a: Cinderace|p2a: its\n|move|p2a: its|Minimize|p2a: its\n|-boost|p2a: its|evasion|2\n|\n|-heal|p2a: its|73\/100|[from] item: Leftovers\n|-damage|p1a: Cinderace|41\/100 tox|[from] psn\n|upkeep\n|turn|5\n|\n|t:|1698083335\n|move|p1a: Cinderace|Pyro Ball|p2a: its|[miss]\n|-miss|p1a: Cinderace|p2a: its\n|move|p2a: its|Acupressure|p2a: its\n|-boost|p2a: its|accuracy|2\n|\n|-heal|p2a: its|79\/100|[from] item: Leftovers\n|-damage|p1a: Cinderace|11\/100 tox|[from] psn\n|upkeep\n|turn|6\n|\n|t:|1698083350\n|move|p1a: Cinderace|Court Change||[still]\n|-swapsideconditions\n|-fail|p1a: Cinderace\n|move|p2a: its|Acupressure|p2a: its\n|-boost|p2a: its|def|2\n|\n|-heal|p2a: its|85\/100|[from] item: Leftovers\n|-damage|p1a: Cinderace|0 fnt|[from] psn\n|faint|p1a: Cinderace\n|upkeep\n|\n|t:|1698083359\n|switch|p1a: Ambipom|Ambipom, M|100\/100\n|turn|7\n|\n|t:|1698083374\n|move|p1a: Ambipom|Acrobatics|p2a: its|[miss]\n|-miss|p1a: Ambipom|p2a: its\n|move|p2a: its|Toxic|p1a: Ambipom\n|-status|p1a: Ambipom|tox\n|\n|-heal|p2a: its|92\/100|[from] item: Leftovers\n|-damage|p1a: Ambipom|94\/100 tox|[from] psn\n|upkeep\n|turn|8\n|\n|t:|1698083386\n|move|p1a: Ambipom|Fake Out||[still]\n|-hint|Fake Out only works on your first turn out.\n|-fail|p1a: Ambipom\n|move|p2a: its|Acupressure|p2a: its\n|-boost|p2a: its|spe|2\n|\n|-heal|p2a: its|98\/100|[from] item: Leftovers\n|-damage|p1a: Ambipom|82\/100 tox|[from] psn\n|upkeep\n|turn|9\n|\n|t:|1698083397\n|move|p2a: its|Acupressure|p2a: its\n|-boost|p2a: its|atk|2\n|move|p1a: Ambipom|Acrobatics|p2a: its\n|-damage|p2a: its|82\/100\n|\n|-heal|p2a: its|88\/100|[from] item: Leftovers\n|-damage|p1a: Ambipom|63\/100 tox|[from] psn\n|upkeep\n|turn|10\n|\n|t:|1698083411\n|move|p2a: its|Acupressure|p2a: its\n|-boost|p2a: its|accuracy|2\n|move|p1a: Ambipom|Acrobatics|p2a: its\n|-crit|p2a: its\n|-damage|p2a: its|43\/100\n|\n|-heal|p2a: its|49\/100|[from] item: Leftovers\n|-damage|p1a: Ambipom|39\/100 tox|[from] psn\n|upkeep\n|turn|11\n|\n|t:|1698083419\n|move|p2a: its|Acupressure|p2a: its\n|-boost|p2a: its|spe|2\n|move|p1a: Ambipom|Acrobatics|p2a: its|[miss]\n|-miss|p1a: Ambipom|p2a: its\n|\n|-heal|p2a: its|55\/100|[from] item: Leftovers\n|-damage|p1a: Ambipom|8\/100 tox|[from] psn\n|upkeep\n|turn|12\n|\n|t:|1698083431\n|move|p2a: its|Acupressure|p2a: its\n|-boost|p2a: its|spe|2\n|move|p1a: Ambipom|Acrobatics|p2a: its|[miss]\n|-miss|p1a: Ambipom|p2a: its\n|\n|-heal|p2a: its|61\/100|[from] item: Leftovers\n|-damage|p1a: Ambipom|0 fnt|[from] psn\n|faint|p1a: Ambipom\n|upkeep\n|\n|t:|1698083441\n|switch|p1a: Tatsugiri|Tatsugiri, F|100\/100\n|turn|13\n|c|\u2606Smoothie_Jazz|I AM SPEED\n|\n|t:|1698083448\n|move|p2a: its|Toxic|p1a: Tatsugiri\n|-status|p1a: Tatsugiri|tox\n|move|p1a: Tatsugiri|Chilling Water|p2a: its|[miss]\n|-miss|p1a: Tatsugiri|p2a: its\n|\n|-heal|p2a: its|67\/100|[from] item: Leftovers\n|-damage|p1a: Tatsugiri|94\/100 tox|[from] psn\n|upkeep\n|turn|14\n|\n|t:|1698083457\n|move|p2a: its|Acupressure|p2a: its\n|-boost|p2a: its|accuracy|2\n|move|p1a: Tatsugiri|Hydro Pump|p2a: its|[miss]\n|-miss|p1a: Tatsugiri|p2a: its\n|\n|-heal|p2a: its|74\/100|[from] item: Leftovers\n|-heal|p1a: Tatsugiri|100\/100 tox|[from] item: Leftovers\n|-damage|p1a: Tatsugiri|88\/100 tox|[from] psn\n|upkeep\n|turn|15\n|\n|t:|1698083469\n|move|p2a: its|Acupressure|p2a: its\n|-boost|p2a: its|spa|2\n|move|p1a: Tatsugiri|Dragon Dance|p1a: Tatsugiri\n|-boost|p1a: Tatsugiri|atk|1\n|-boost|p1a: Tatsugiri|spe|1\n|\n|-heal|p2a: its|80\/100|[from] item: Leftovers\n|-heal|p1a: Tatsugiri|94\/100 tox|[from] item: Leftovers\n|-damage|p1a: Tatsugiri|76\/100 tox|[from] psn\n|upkeep\n|turn|16\n|\n|t:|1698083478\n|move|p2a: its|Acupressure|p2a: its\n|-boost|p2a: its|spa|2\n|move|p1a: Tatsugiri|Chilling Water|p2a: its|[miss]\n|-miss|p1a: Tatsugiri|p2a: its\n|\n|-heal|p2a: its|86\/100|[from] item: Leftovers\n|-heal|p1a: Tatsugiri|82\/100 tox|[from] item: Leftovers\n|-damage|p1a: Tatsugiri|58\/100 tox|[from] psn\n|upkeep\n|turn|17\n|c|\u2606KodaVersus|This is ridiculous\n|\n|t:|1698083494\n|move|p2a: its|Tera Blast|p1a: Tatsugiri\n|-damage|p1a: Tatsugiri|7\/100 tox\n|move|p1a: Tatsugiri|Hydro Pump|p2a: its|[miss]\n|-miss|p1a: Tatsugiri|p2a: its\n|\n|-heal|p2a: its|92\/100|[from] item: Leftovers\n|-heal|p1a: Tatsugiri|13\/100 tox|[from] item: Leftovers\n|-damage|p1a: Tatsugiri|0 fnt|[from] psn\n|faint|p1a: Tatsugiri\n|upkeep\n|c|\u2606KodaVersus|THREE pokemon cant beat ONE Overquil\n|inactive|KodaVersus has 120 seconds left.\n|\n|t:|1698083516\n|switch|p1a: Ogerpon|Ogerpon-Cornerstone, F|100\/100\n|turn|18\n|c|\u2606Smoothie_Jazz|ROCK AND STONE!!!!!\n|inactive|Smoothie_Jazz has 120 seconds left.\n|\n|t:|1698083559\n|-terastallize|p2a: its|Fire\n|move|p2a: its|Tera Blast|p1a: Ogerpon|[anim] Tera Blast Fire\n|-damage|p1a: Ogerpon|40\/100\n|move|p1a: Ogerpon|Ivy Cudgel|p2a: its|[miss]\n|-miss|p1a: Ogerpon|p2a: its\n|\n|-heal|p2a: its|98\/100|[from] item: Leftovers\n|upkeep\n|turn|19\n|c|\u2606Smoothie_Jazz|MWELLLLLT\n|\n|t:|1698083576\n|move|p2a: its|Tera Blast|p1a: Ogerpon|[anim] Tera Blast Fire\n|-crit|p1a: Ogerpon\n|-damage|p1a: Ogerpon|0 fnt\n|faint|p1a: Ogerpon\n|\n|-heal|p2a: its|100\/100|[from] item: Leftovers\n|upkeep\n|\n|t:|1698083582\n|switch|p1a: Gholdengo|Gholdengo|100\/100\n|turn|20\n|\n|t:|1698083586\n|move|p2a: its|Tera Blast|p1a: Gholdengo|[anim] Tera Blast Fire\n|-supereffective|p1a: Gholdengo\n|-damage|p1a: Gholdengo|0 fnt\n|faint|p1a: Gholdengo\n|\n|upkeep\n|\n|t:|1698083590\n|switch|p1a: Dudunsparce|Dudunsparce-Three-Segment, F|100\/100\n|turn|21\n|c|\u2606Smoothie_Jazz|unaware rn\n|\n|t:|1698083595\n|move|p2a: its|Tera Blast|p1a: Dudunsparce|[anim] Tera Blast Fire\n|-damage|p1a: Dudunsparce|45\/100\n|move|p1a: Dudunsparce|Dig||[still]\n|-prepare|p1a: Dudunsparce|Dig\n|\n|upkeep\n|turn|22\n|\n|t:|1698083604\n|move|p2a: its|Acupressure|p2a: its\n|-boost|p2a: its|spa|2\n|move|p1a: Dudunsparce|Dig|p2a: its|[from]lockedmove|[miss]\n|-miss|p1a: Dudunsparce|p2a: its\n|\n|upkeep\n|turn|23\n|\n|t:|1698083610\n|move|p2a: its|Tera Blast|p1a: Dudunsparce|[anim] Tera Blast Fire\n|-damage|p1a: Dudunsparce|0 fnt\n|faint|p1a: Dudunsparce\n|\n|win|Smoothie_Jazz\n|raw|KodaVersus's rating: 1037 &rarr; <strong>1026<\/strong><br \/>(-11 for losing)\n|raw|Smoothie_Jazz's rating: 1140 &rarr; <strong>1158<\/strong><br \/>(+18 for winning)\n|l|\u2606Smoothie_Jazz\n","uploadtime":1698083630,"views":13,"p1id":"kodaversus","p2id":"smoothiejazz","formatid":"gen9anythinggoes","rating":1026,"private":0,"password":""}