{"id":"gen9anythinggoes-1987944007","p1":"theblandino","p2":"toloveocean","format":"[Gen 9] Anything Goes","log":"|j|\u2606theblandino\n|j|\u2606toloveocean\n|t:|1699651663\n|gametype|singles\n|player|p1|theblandino|yellow|\n|player|p2|toloveocean|1|\n|teamsize|p1|6\n|teamsize|p2|6\n|gen|9\n|tier|[Gen 9] Anything Goes\n|rule|HP Percentage Mod: HP is shown in percentages\n|rule|Endless Battle Clause: Forcing endless battles is banned\n|clearpoke\n|poke|p1|Slowking, M|\n|poke|p1|Breloom, M|\n|poke|p1|Lycanroc, M|\n|poke|p1|Tyranitar, M|\n|poke|p1|Iron Treads|\n|poke|p1|Gallade, M|\n|poke|p2|Salazzle, F|\n|poke|p2|Drifblim, M|\n|poke|p2|Zapdos-Galar|\n|poke|p2|Meowscarada, M|\n|poke|p2|Blissey, F|\n|poke|p2|Eelektross, M|\n|teampreview\n|j| caligulahar\n|\n|t:|1699651688\n|start\n|switch|p1a: Thor Stoutberg|Tyranitar, M, shiny|100\/100\n|switch|p2a: Drifblim|Drifblim, M, shiny|100\/100\n|-weather|Sandstorm|[from] ability: Sand Stream|[of] p1a: Thor Stoutberg\n|turn|1\n|\n|t:|1699651706\n|switch|p2a: Blissey|Blissey, F|100\/100\n|move|p1a: Thor Stoutberg|Knock Off|p2a: Blissey\n|-damage|p2a: Blissey|64\/100\n|-enditem|p2a: Blissey|Lum Berry|[from] move: Knock Off|[of] p1a: Thor Stoutberg\n|\n|-weather|Sandstorm|[upkeep]\n|-damage|p2a: Blissey|58\/100|[from] Sandstorm\n|upkeep\n|turn|2\n|\n|t:|1699651718\n|move|p1a: Thor Stoutberg|Rock Blast|p2a: Blissey\n|-damage|p2a: Blissey|49\/100\n|-damage|p2a: Blissey|40\/100\n|-damage|p2a: Blissey|29\/100\n|-damage|p2a: Blissey|20\/100\n|-hitcount|p2a: Blissey|4\n|move|p2a: Blissey|Thunder Wave|p1a: Thor Stoutberg\n|-status|p1a: Thor Stoutberg|par\n|\n|-weather|Sandstorm|[upkeep]\n|-damage|p2a: Blissey|14\/100|[from] Sandstorm\n|upkeep\n|turn|3\n|\n|t:|1699651739\n|switch|p2a: Meowscarada|Meowscarada, M, shiny|100\/100\n|move|p1a: Thor Stoutberg|Ice Punch|p2a: Meowscarada\n|-supereffective|p2a: Meowscarada\n|-damage|p2a: Meowscarada|32\/100\n|\n|-weather|Sandstorm|[upkeep]\n|-damage|p2a: Meowscarada|25\/100|[from] Sandstorm\n|upkeep\n|turn|4\n|\n|t:|1699651759\n|switch|p1a: Mecha-Mark|Iron Treads|100\/100\n|move|p2a: Meowscarada|Brick Break|p1a: Mecha-Mark\n|-start|p2a: Meowscarada|typechange|Fighting|[from] ability: Protean\n|-supereffective|p1a: Mecha-Mark\n|-damage|p1a: Mecha-Mark|43\/100\n|\n|-weather|Sandstorm|[upkeep]\n|-damage|p2a: Meowscarada|19\/100|[from] Sandstorm\n|-heal|p1a: Mecha-Mark|49\/100|[from] item: Leftovers\n|upkeep\n|turn|5\n|\n|t:|1699651788\n|-end|p1a: Mecha-Mark|Quark Drive|[silent]\n|switch|p1a: Ptumri|Slowking, M, shiny|100\/100\n|move|p2a: Meowscarada|Brick Break|p1a: Ptumri\n|-resisted|p1a: Ptumri\n|-crit|p1a: Ptumri\n|-damage|p1a: Ptumri|59\/100\n|\n|-weather|none\n|upkeep\n|turn|6\n|\n|t:|1699651843\n|switch|p2a: Eelektross|Eelektross, M|100\/100\n|switch|p1a: Edgar Partinus|Gallade, M, shiny|100\/100\n|\n|upkeep\n|turn|7\n|\n|t:|1699651875\n|move|p1a: Edgar Partinus|Sacred Sword|p2a: Eelektross\n|-damage|p2a: Eelektross|32\/100\n|move|p2a: Eelektross|Wild Charge|p1a: Edgar Partinus\n|-crit|p1a: Edgar Partinus\n|-damage|p1a: Edgar Partinus|0 fnt\n|faint|p1a: Edgar Partinus\n|-damage|p2a: Eelektross|13\/100|[from] Recoil\n|\n|-heal|p2a: Eelektross|19\/100|[from] item: Leftovers\n|upkeep\n|\n|t:|1699651885\n|switch|p1a: Thor Stoutberg|Tyranitar, M, shiny|100\/100 par\n|-weather|Sandstorm|[from] ability: Sand Stream|[of] p1a: Thor Stoutberg\n|turn|8\n|\n|t:|1699651893\n|move|p2a: Eelektross|U-turn|p1a: Thor Stoutberg\n|-supereffective|p1a: Thor Stoutberg\n|-damage|p1a: Thor Stoutberg|68\/100 par\n|\n|t:|1699651918\n|switch|p2a: Blissey|Blissey, F|14\/100|[from] U-turn\n|move|p1a: Thor Stoutberg|Stealth Rock|p2a: Blissey\n|-sidestart|p2: toloveocean|move: Stealth Rock\n|\n|-weather|Sandstorm|[upkeep]\n|-damage|p2a: Blissey|8\/100|[from] Sandstorm\n|upkeep\n|turn|9\n|\n|t:|1699651926\n|move|p2a: Blissey|Soft-Boiled|p2a: Blissey\n|-heal|p2a: Blissey|58\/100\n|move|p1a: Thor Stoutberg|Knock Off|p2a: Blissey\n|-damage|p2a: Blissey|31\/100\n|\n|-weather|Sandstorm|[upkeep]\n|-damage|p2a: Blissey|25\/100|[from] Sandstorm\n|upkeep\n|turn|10\n|\n|t:|1699651937\n|switch|p1a: Ptumri|Slowking, M, shiny|93\/100\n|move|p2a: Blissey|Soft-Boiled|p2a: Blissey\n|-heal|p2a: Blissey|75\/100\n|\n|-weather|Sandstorm|[upkeep]\n|-damage|p2a: Blissey|69\/100|[from] Sandstorm\n|-damage|p1a: Ptumri|87\/100|[from] Sandstorm\n|upkeep\n|turn|11\n|\n|t:|1699651955\n|move|p2a: Blissey|Thunder Wave|p1a: Ptumri\n|-status|p1a: Ptumri|par\n|move|p1a: Ptumri|Yawn|p2a: Blissey\n|-start|p2a: Blissey|move: Yawn|[of] p1a: Ptumri\n|\n|-weather|Sandstorm|[upkeep]\n|-damage|p2a: Blissey|63\/100|[from] Sandstorm\n|-damage|p1a: Ptumri|80\/100 par|[from] Sandstorm\n|upkeep\n|turn|12\n|\n|t:|1699651972\n|move|p2a: Blissey|Substitute|p2a: Blissey\n|-start|p2a: Blissey|Substitute\n|-damage|p2a: Blissey|38\/100\n|move|p1a: Ptumri|Power Gem|p2a: Blissey\n|-activate|p2a: Blissey|move: Substitute|[damage]\n|\n|-weather|none\n|-end|p2a: Blissey|move: Yawn|[silent]\n|-status|p2a: Blissey|slp\n|upkeep\n|turn|13\n|\n|t:|1699651981\n|cant|p2a: Blissey|slp\n|move|p1a: Ptumri|Power Gem|p2a: Blissey\n|-crit|p2a: Blissey\n|-activate|p2a: Blissey|move: Substitute|[damage]\n|\n|upkeep\n|turn|14\n|\n|t:|1699651988\n|-curestatus|p2a: Blissey|slp|[msg]\n|move|p2a: Blissey|Soft-Boiled|p2a: Blissey\n|-heal|p2a: Blissey|88\/100\n|move|p1a: Ptumri|Power Gem|p2a: Blissey\n|-activate|p2a: Blissey|move: Substitute|[damage]\n|\n|upkeep\n|turn|15\n|\n|t:|1699652000\n|switch|p1a: Thor Stoutberg|Tyranitar, M, shiny|68\/100 par\n|-weather|Sandstorm|[from] ability: Sand Stream|[of] p1a: Thor Stoutberg\n|move|p2a: Blissey|Hyper Voice|p1a: Thor Stoutberg\n|-resisted|p1a: Thor Stoutberg\n|-damage|p1a: Thor Stoutberg|62\/100 par\n|\n|-weather|Sandstorm|[upkeep]\n|-damage|p2a: Blissey|82\/100|[from] Sandstorm\n|upkeep\n|turn|16\n|\n|t:|1699652015\n|switch|p1a: Mecha-Mark|Iron Treads|49\/100\n|move|p2a: Blissey|Hyper Voice|p1a: Mecha-Mark\n|-resisted|p1a: Mecha-Mark\n|-damage|p1a: Mecha-Mark|34\/100\n|\n|-weather|Sandstorm|[upkeep]\n|-damage|p2a: Blissey|75\/100|[from] Sandstorm\n|-heal|p1a: Mecha-Mark|40\/100|[from] item: Leftovers\n|upkeep\n|turn|17\n|\n|t:|1699652032\n|move|p1a: Mecha-Mark|Earthquake|p2a: Blissey\n|-end|p2a: Blissey|Substitute\n|move|p2a: Blissey|Hyper Voice|p1a: Mecha-Mark\n|-resisted|p1a: Mecha-Mark\n|-damage|p1a: Mecha-Mark|26\/100\n|\n|-weather|Sandstorm|[upkeep]\n|-damage|p2a: Blissey|69\/100|[from] Sandstorm\n|-heal|p1a: Mecha-Mark|32\/100|[from] item: Leftovers\n|upkeep\n|turn|18\n|\n|t:|1699652050\n|move|p1a: Mecha-Mark|Knock Off|p2a: Blissey\n|-damage|p2a: Blissey|55\/100\n|move|p2a: Blissey|Soft-Boiled|p2a: Blissey\n|-heal|p2a: Blissey|100\/100\n|\n|-weather|Sandstorm|[upkeep]\n|-damage|p2a: Blissey|94\/100|[from] Sandstorm\n|-heal|p1a: Mecha-Mark|38\/100|[from] item: Leftovers\n|upkeep\n|turn|19\n|\n|t:|1699652063\n|-end|p1a: Mecha-Mark|Quark Drive|[silent]\n|switch|p1a: Shawn Froste|Lycanroc, M, shiny|100\/100\n|move|p2a: Blissey|Substitute|p2a: Blissey\n|-start|p2a: Blissey|Substitute\n|-damage|p2a: Blissey|69\/100\n|\n|-weather|none\n|upkeep\n|turn|20\n|\n|t:|1699652074\n|move|p1a: Shawn Froste|Close Combat|p2a: Blissey\n|-supereffective|p2a: Blissey\n|-end|p2a: Blissey|Substitute\n|-unboost|p1a: Shawn Froste|def|1\n|-unboost|p1a: Shawn Froste|spd|1\n|-damage|p1a: Shawn Froste|91\/100|[from] item: Life Orb\n|move|p2a: Blissey|Thunder Wave|p1a: Shawn Froste|[miss]\n|-miss|p2a: Blissey|p1a: Shawn Froste\n|\n|upkeep\n|turn|21\n|\n|t:|1699652092\n|switch|p2a: Drifblim|Drifblim, M, shiny|100\/100\n|-damage|p2a: Drifblim|76\/100|[from] Stealth Rock\n|-terastallize|p1a: Shawn Froste|Fairy\n|move|p1a: Shawn Froste|Play Rough|p2a: Drifblim\n|-damage|p2a: Drifblim|0 fnt\n|faint|p2a: Drifblim\n|-damage|p1a: Shawn Froste|81\/100|[from] item: Life Orb\n|\n|upkeep\n|\n|t:|1699652142\n|switch|p2a: Salazzle|Salazzle, F|100\/100\n|-damage|p2a: Salazzle|76\/100|[from] Stealth Rock\n|turn|22\n|\n|t:|1699652156\n|switch|p1a: Thor Stoutberg|Tyranitar, M, shiny|62\/100 par\n|-weather|Sandstorm|[from] ability: Sand Stream|[of] p1a: Thor Stoutberg\n|move|p2a: Salazzle|Sludge Bomb|p1a: Thor Stoutberg\n|-resisted|p1a: Thor Stoutberg\n|-damage|p1a: Thor Stoutberg|48\/100 par\n|\n|-weather|Sandstorm|[upkeep]\n|-damage|p2a: Salazzle|69\/100|[from] Sandstorm\n|upkeep\n|turn|23\n|\n|t:|1699652169\n|switch|p2a: Blissey|Blissey, F|69\/100\n|-damage|p2a: Blissey|57\/100|[from] Stealth Rock\n|move|p1a: Thor Stoutberg|Rock Blast|p2a: Blissey|[miss]\n|-miss|p1a: Thor Stoutberg|p2a: Blissey\n|\n|-weather|Sandstorm|[upkeep]\n|-damage|p2a: Blissey|51\/100|[from] Sandstorm\n|upkeep\n|turn|24\n|\n|t:|1699652197\n|switch|p1a: Nash Room|Breloom, M|100\/100\n|move|p2a: Blissey|Soft-Boiled|p2a: Blissey\n|-heal|p2a: Blissey|100\/100\n|\n|-weather|Sandstorm|[upkeep]\n|-damage|p1a: Nash Room|94\/100|[from] Sandstorm\n|-damage|p2a: Blissey|94\/100|[from] Sandstorm\n|upkeep\n|turn|25\n|\n|t:|1699652220\n|switch|p2a: Zapdos|Zapdos-Galar|100\/100\n|-damage|p2a: Zapdos|88\/100|[from] Stealth Rock\n|move|p1a: Nash Room|Spore|p2a: Zapdos\n|-status|p2a: Zapdos|slp|[from] move: Spore\n|\n|-weather|Sandstorm|[upkeep]\n|-damage|p2a: Zapdos|82\/100 slp|[from] Sandstorm\n|-damage|p1a: Nash Room|88\/100|[from] Sandstorm\n|upkeep\n|turn|26\n|\n|t:|1699652245\n|cant|p2a: Zapdos|slp\n|move|p1a: Nash Room|Rock Tomb|p2a: Zapdos\n|-damage|p2a: Zapdos|44\/100 slp\n|-unboost|p2a: Zapdos|spe|1\n|-ability|p2a: Zapdos|Defiant|boost\n|-boost|p2a: Zapdos|atk|2\n|\n|-weather|none\n|upkeep\n|turn|27\n|\n|t:|1699652267\n|cant|p2a: Zapdos|slp\n|move|p1a: Nash Room|Close Combat|p2a: Zapdos\n|-resisted|p2a: Zapdos\n|-damage|p2a: Zapdos|5\/100 slp\n|-unboost|p1a: Nash Room|def|1\n|-unboost|p1a: Nash Room|spd|1\n|\n|upkeep\n|turn|28\n|\n|t:|1699652276\n|move|p1a: Nash Room|Mach Punch|p2a: Zapdos\n|-resisted|p2a: Zapdos\n|-damage|p2a: Zapdos|0 fnt\n|faint|p2a: Zapdos\n|\n|upkeep\n|\n|t:|1699652283\n|switch|p2a: Salazzle|Salazzle, F|69\/100\n|-damage|p2a: Salazzle|45\/100|[from] Stealth Rock\n|turn|29\n|\n|t:|1699652299\n|switch|p1a: Ptumri|Slowking, M, shiny|100\/100 par\n|move|p2a: Salazzle|Sludge Bomb|p1a: Ptumri\n|-damage|p1a: Ptumri|69\/100 par\n|\n|upkeep\n|turn|30\n|\n|t:|1699652316\n|switch|p2a: Blissey|Blissey, F|94\/100\n|-damage|p2a: Blissey|82\/100|[from] Stealth Rock\n|switch|p1a: Thor Stoutberg|Tyranitar, M, shiny|48\/100 par\n|-weather|Sandstorm|[from] ability: Sand Stream|[of] p1a: Thor Stoutberg\n|\n|-weather|Sandstorm|[upkeep]\n|-damage|p2a: Blissey|76\/100|[from] Sandstorm\n|upkeep\n|turn|31\n|\n|t:|1699652330\n|switch|p1a: Shawn Froste|Lycanroc, M, shiny, tera:Fairy|81\/100\n|move|p2a: Blissey|Substitute|p2a: Blissey\n|-start|p2a: Blissey|Substitute\n|-damage|p2a: Blissey|51\/100\n|\n|-weather|Sandstorm|[upkeep]\n|-damage|p2a: Blissey|45\/100|[from] Sandstorm\n|upkeep\n|turn|32\n|\n|t:|1699652350\n|move|p1a: Shawn Froste|Play Rough|p2a: Blissey\n|-end|p2a: Blissey|Substitute\n|-damage|p1a: Shawn Froste|71\/100|[from] item: Life Orb\n|move|p2a: Blissey|Thunder Wave|p1a: Shawn Froste\n|-status|p1a: Shawn Froste|par\n|\n|-weather|Sandstorm|[upkeep]\n|-damage|p2a: Blissey|38\/100|[from] Sandstorm\n|upkeep\n|turn|33\n|\n|t:|1699652381\n|cant|p1a: Shawn Froste|par\n|move|p2a: Blissey|Soft-Boiled|p2a: Blissey\n|-heal|p2a: Blissey|88\/100\n|\n|-weather|Sandstorm|[upkeep]\n|-damage|p2a: Blissey|82\/100|[from] Sandstorm\n|upkeep\n|turn|34\n|\n|t:|1699652394\n|move|p1a: Shawn Froste|Close Combat|p2a: Blissey\n|-supereffective|p2a: Blissey\n|-damage|p2a: Blissey|0 fnt\n|-unboost|p1a: Shawn Froste|def|1\n|-unboost|p1a: Shawn Froste|spd|1\n|faint|p2a: Blissey\n|-damage|p1a: Shawn Froste|61\/100 par|[from] item: Life Orb\n|\n|-weather|none\n|upkeep\n|\n|t:|1699652410\n|switch|p2a: Meowscarada|Meowscarada, M, shiny|19\/100\n|-damage|p2a: Meowscarada|7\/100|[from] Stealth Rock\n|turn|35\n|\n|t:|1699652422\n|switch|p1a: Thor Stoutberg|Tyranitar, M, shiny|48\/100 par\n|-weather|Sandstorm|[from] ability: Sand Stream|[of] p1a: Thor Stoutberg\n|move|p2a: Meowscarada|Flower Trick|p1a: Thor Stoutberg\n|-start|p2a: Meowscarada|typechange|Grass|[from] ability: Protean\n|-supereffective|p1a: Thor Stoutberg\n|-crit|p1a: Thor Stoutberg\n|-damage|p1a: Thor Stoutberg|0 fnt\n|faint|p1a: Thor Stoutberg\n|\n|-weather|Sandstorm|[upkeep]\n|-damage|p2a: Meowscarada|1\/100|[from] Sandstorm\n|upkeep\n|\n|t:|1699652434\n|switch|p1a: Nash Room|Breloom, M|88\/100\n|turn|36\n|\n|t:|1699652439\n|move|p1a: Nash Room|Mach Punch|p2a: Meowscarada\n|-damage|p2a: Meowscarada|0 fnt\n|faint|p2a: Meowscarada\n|\n|-weather|Sandstorm|[upkeep]\n|-damage|p1a: Nash Room|82\/100|[from] Sandstorm\n|upkeep\n|\n|t:|1699652462\n|switch|p2a: Salazzle|Salazzle, F|45\/100\n|-damage|p2a: Salazzle|20\/100|[from] Stealth Rock\n|turn|37\n|\n|t:|1699652470\n|move|p1a: Nash Room|Mach Punch|p2a: Salazzle\n|-resisted|p2a: Salazzle\n|-damage|p2a: Salazzle|0 fnt\n|faint|p2a: Salazzle\n|\n|-weather|Sandstorm|[upkeep]\n|-damage|p1a: Nash Room|76\/100|[from] Sandstorm\n|upkeep\n|\n|t:|1699652476\n|switch|p2a: Eelektross|Eelektross, M|19\/100\n|-damage|p2a: Eelektross|7\/100|[from] Stealth Rock\n|turn|38\n|\n|t:|1699652483\n|move|p1a: Nash Room|Mach Punch|p2a: Eelektross\n|-damage|p2a: Eelektross|0 fnt\n|faint|p2a: Eelektross\n|\n|win|theblandino\n","uploadtime":1699652488,"views":9,"p1id":"theblandino","p2id":"toloveocean","formatid":"gen9anythinggoes","rating":0,"private":0,"password":""}