{"id":"gen9anythinggoes-1978042464","p1":"Naeval_Eco","p2":"HammyIsPlaying","format":"[Gen 9] Anything Goes","log":"|j|\u2606Naeval_Eco\n|j|\u2606HammyIsPlaying\n|t:|1698489979\n|gametype|singles\n|player|p1|Naeval_Eco|iris-gen5bw2|1121\n|player|p2|HammyIsPlaying|koga|1017\n|teamsize|p1|6\n|teamsize|p2|6\n|gen|9\n|tier|[Gen 9] Anything Goes\n|rated|\n|rule|HP Percentage Mod: HP is shown in percentages\n|rule|Endless Battle Clause: Forcing endless battles is banned\n|clearpoke\n|poke|p1|Polteageist|\n|poke|p1|Dragapult, M|\n|poke|p1|Maushold|\n|poke|p1|Furret, F|\n|poke|p1|Calyrex-Shadow|\n|poke|p1|Glimmora, M|\n|poke|p2|Polteageist-Antique|\n|poke|p2|Snorlax, M|\n|poke|p2|Polteageist|\n|poke|p2|Umbreon, M|\n|poke|p2|Venomoth, F|\n|poke|p2|Mewtwo|\n|teampreview\n|inactive|Battle timer is ON: inactive players will automatically lose when time's up. (requested by Naeval_Eco)\n|\n|t:|1698489989\n|start\n|switch|p1a: Furret|Furret, F|100\/100\n|switch|p2a: Umbreon|Umbreon, M|100\/100\n|turn|1\n|\n|t:|1698490000\n|move|p1a: Furret|Substitute|p1a: Furret\n|-start|p1a: Furret|Substitute\n|-damage|p1a: Furret|76\/100\n|move|p2a: Umbreon|Calm Mind|p2a: Umbreon\n|-boost|p2a: Umbreon|spa|1\n|-boost|p2a: Umbreon|spd|1\n|\n|upkeep\n|turn|2\n|\n|t:|1698490008\n|move|p1a: Furret|Tidy Up|p1a: Furret\n|-end|p1a: Furret|Substitute\n|-activate|p1a: Furret|move: Tidy Up\n|-boost|p1a: Furret|atk|1\n|-boost|p1a: Furret|spe|1\n|move|p2a: Umbreon|Toxic|p1a: Furret|[miss]\n|-miss|p2a: Umbreon|p1a: Furret\n|\n|upkeep\n|turn|3\n|\n|t:|1698490017\n|move|p1a: Furret|Tidy Up|p1a: Furret\n|-boost|p1a: Furret|atk|1\n|-boost|p1a: Furret|spe|1\n|move|p2a: Umbreon|Toxic|p1a: Furret\n|-status|p1a: Furret|tox\n|\n|-damage|p1a: Furret|70\/100 tox|[from] psn\n|upkeep\n|turn|4\n|\n|t:|1698490026\n|move|p1a: Furret|Tidy Up|p1a: Furret\n|-boost|p1a: Furret|atk|1\n|-boost|p1a: Furret|spe|1\n|move|p2a: Umbreon|Calm Mind|p2a: Umbreon\n|-boost|p2a: Umbreon|spa|1\n|-boost|p2a: Umbreon|spd|1\n|\n|-damage|p1a: Furret|57\/100 tox|[from] psn\n|upkeep\n|turn|5\n|\n|t:|1698490037\n|move|p1a: Furret|Baton Pass|p1a: Furret\n|\n|t:|1698490039\n|switch|p1a: Dragapult|Dragapult, M|100\/100|[from] Baton Pass\n|move|p2a: Umbreon|Baton Pass|p2a: Umbreon\n|\n|t:|1698490044\n|switch|p2a: Mewtwo|Mewtwo, shiny|100\/100|[from] Baton Pass\n|-ability|p2a: Mewtwo|Unnerve\n|\n|upkeep\n|turn|6\n|\n|t:|1698490054\n|move|p1a: Dragapult|Sucker Punch|p2a: Mewtwo\n|-supereffective|p2a: Mewtwo\n|-crit|p2a: Mewtwo\n|-damage|p2a: Mewtwo|0 fnt\n|faint|p2a: Mewtwo\n|\n|upkeep\n|\n|t:|1698490062\n|switch|p2a: Venomoth|Venomoth, F|100\/100\n|turn|7\n|\n|t:|1698490068\n|move|p1a: Dragapult|Hex|p2a: Venomoth\n|-damage|p2a: Venomoth|68\/100\n|move|p2a: Venomoth|Poison Powder|p1a: Dragapult\n|-status|p1a: Dragapult|psn\n|\n|-heal|p2a: Venomoth|75\/100|[from] item: Leftovers\n|-damage|p1a: Dragapult|88\/100 psn|[from] psn\n|upkeep\n|turn|8\n|\n|t:|1698490078\n|move|p1a: Dragapult|Dragon Darts|p2a: Venomoth\n|-damage|p2a: Venomoth|0 fnt\n|faint|p2a: Venomoth\n|\n|-damage|p1a: Dragapult|76\/100 psn|[from] psn\n|upkeep\n|\n|t:|1698490085\n|switch|p2a: Polteageist|Polteageist|100\/100\n|turn|9\n|\n|t:|1698490097\n|move|p1a: Dragapult|Dragon Darts|p2a: Polteageist\n|-damage|p2a: Polteageist|11\/100\n|-anim|p1a: Dragapult|Dragon Darts|p2a: Polteageist\n|-damage|p2a: Polteageist|0 fnt\n|faint|p2a: Polteageist\n|\n|-damage|p1a: Dragapult|64\/100 psn|[from] psn\n|upkeep\n|\n|t:|1698490105\n|switch|p2a: Polteageist|Polteageist-Antique, shiny|100\/100\n|turn|10\n|\n|t:|1698490109\n|move|p1a: Dragapult|Dragon Darts|p2a: Polteageist\n|-damage|p2a: Polteageist|8\/100\n|-anim|p1a: Dragapult|Dragon Darts|p2a: Polteageist\n|-damage|p2a: Polteageist|0 fnt\n|faint|p2a: Polteageist\n|\n|-damage|p1a: Dragapult|51\/100 psn|[from] psn\n|upkeep\n|\n|t:|1698490117\n|switch|p2a: Snorlax|Snorlax, M|100\/100\n|turn|11\n|\n|t:|1698490121\n|move|p1a: Dragapult|Dragon Darts|p2a: Snorlax\n|-damage|p2a: Snorlax|26\/100\n|-anim|p1a: Dragapult|Dragon Darts|p2a: Snorlax\n|-damage|p2a: Snorlax|0 fnt\n|faint|p2a: Snorlax\n|\n|-damage|p1a: Dragapult|39\/100 psn|[from] psn\n|upkeep\n|\n|t:|1698490128\n|switch|p2a: Umbreon|Umbreon, M|100\/100\n|turn|12\n|\n|t:|1698490132\n|move|p1a: Dragapult|Dragon Darts|p2a: Umbreon\n|-damage|p2a: Umbreon|44\/100\n|-anim|p1a: Dragapult|Dragon Darts|p2a: Umbreon\n|-damage|p2a: Umbreon|0 fnt\n|faint|p2a: Umbreon\n|\n|win|Naeval_Eco\n|raw|Naeval_Eco's rating: 1121 &rarr; <strong>1139<\/strong><br \/>(+18 for winning)\n|raw|HammyIsPlaying's rating: 1017 &rarr; <strong>1008<\/strong><br \/>(-9 for losing)\n","uploadtime":1698490141,"views":10,"p1id":"naevaleco","p2id":"hammyisplaying","formatid":"gen9anythinggoes","rating":1008,"private":0,"password":""}