{"id":"gen9anythinggoes-1978307738","p1":"Lucasoduncu","p2":"Whitey Tightey","format":"[Gen 9] Anything Goes","log":"|j|\u2606Lucasoduncu\n|j|\u2606Whitey Tightey\n|t:|1698523364\n|gametype|singles\n|player|p1|Lucasoduncu|cameraman|1000\n|player|p2|Whitey Tightey|169|1107\n|teamsize|p1|6\n|teamsize|p2|6\n|gen|9\n|tier|[Gen 9] Anything Goes\n|rated|\n|rule|HP Percentage Mod: HP is shown in percentages\n|rule|Endless Battle Clause: Forcing endless battles is banned\n|clearpoke\n|poke|p1|Ogerpon, F|\n|poke|p1|Trevenant, F|\n|poke|p1|Tsareena, F|\n|poke|p1|Rotom-Mow|\n|poke|p1|Sawsbuck-Autumn, F|\n|poke|p1|Lombre, M|\n|poke|p2|Gastrodon, M|\n|poke|p2|Golem, F|\n|poke|p2|Primeape, F|\n|poke|p2|Ariados, M|\n|poke|p2|Cacturne, F|\n|poke|p2|Pyroar, M|\n|teampreview\n|\n|t:|1698523372\n|start\n|switch|p1a: Rotom|Rotom-Mow, shiny|100\/100\n|switch|p2a: Pyroar|Pyroar, M|100\/100\n|turn|1\n|\n|t:|1698523379\n|move|p2a: Pyroar|Yawn|p1a: Rotom\n|-start|p1a: Rotom|move: Yawn|[of] p2a: Pyroar\n|move|p1a: Rotom|Trick|p2a: Pyroar\n|-activate|p1a: Rotom|move: Trick|[of] p2a: Pyroar\n|-item|p2a: Pyroar|Lagging Tail|[from] move: Trick\n|-item|p1a: Rotom|Focus Sash|[from] move: Trick\n|\n|upkeep\n|turn|2\n|\n|t:|1698523387\n|move|p2a: Pyroar|Protect|p2a: Pyroar\n|-singleturn|p2a: Pyroar|Protect\n|move|p1a: Rotom|Astonish|p2a: Pyroar\n|-activate|p2a: Pyroar|move: Protect\n|\n|-end|p1a: Rotom|move: Yawn|[silent]\n|-status|p1a: Rotom|slp\n|upkeep\n|turn|3\n|\n|t:|1698523394\n|cant|p1a: Rotom|slp\n|move|p2a: Pyroar|Flame Charge|p1a: Rotom\n|-supereffective|p1a: Rotom\n|-damage|p1a: Rotom|63\/100 slp\n|-boost|p2a: Pyroar|spe|1\n|\n|upkeep\n|turn|4\n|\n|t:|1698523402\n|cant|p1a: Rotom|slp\n|move|p2a: Pyroar|Flame Charge|p1a: Rotom\n|-supereffective|p1a: Rotom\n|-damage|p1a: Rotom|21\/100 slp\n|-boost|p2a: Pyroar|spe|1\n|\n|upkeep\n|turn|5\n|inactive|Battle timer is ON: inactive players will automatically lose when time's up. (requested by Lucasoduncu)\n|\n|t:|1698523410\n|-curestatus|p1a: Rotom|slp|[msg]\n|move|p1a: Rotom|Astonish|p2a: Pyroar\n|-immune|p2a: Pyroar\n|move|p2a: Pyroar|Flame Charge|p1a: Rotom\n|-supereffective|p1a: Rotom\n|-damage|p1a: Rotom|0 fnt\n|-boost|p2a: Pyroar|spe|1\n|faint|p1a: Rotom\n|-ability|p2a: Pyroar|Moxie|boost\n|-boost|p2a: Pyroar|atk|1\n|\n|upkeep\n|\n|t:|1698523414\n|switch|p1a: Tsareena|Tsareena, F, shiny|100\/100\n|turn|6\n|\n|t:|1698523423\n|move|p1a: Tsareena|Leaf Storm|p2a: Pyroar\n|-resisted|p2a: Pyroar\n|-damage|p2a: Pyroar|70\/100\n|-unboost|p1a: Tsareena|spa|2\n|move|p2a: Pyroar|Yawn|p1a: Tsareena\n|-start|p1a: Tsareena|move: Yawn|[of] p2a: Pyroar\n|\n|upkeep\n|turn|7\n|\n|t:|1698523431\n|move|p2a: Pyroar|Protect|p2a: Pyroar\n|-singleturn|p2a: Pyroar|Protect\n|move|p1a: Tsareena|Acupressure|p1a: Tsareena\n|-boost|p1a: Tsareena|spe|2\n|\n|-end|p1a: Tsareena|move: Yawn|[silent]\n|-status|p1a: Tsareena|slp\n|upkeep\n|turn|8\n|\n|t:|1698523438\n|cant|p1a: Tsareena|slp\n|move|p2a: Pyroar|Flame Charge|p1a: Tsareena\n|-supereffective|p1a: Tsareena\n|-damage|p1a: Tsareena|52\/100 slp\n|-boost|p2a: Pyroar|spe|1\n|\n|-heal|p1a: Tsareena|58\/100 slp|[from] item: Leftovers\n|upkeep\n|turn|9\n|\n|t:|1698523446\n|-curestatus|p1a: Tsareena|slp|[msg]\n|move|p1a: Tsareena|Leaf Storm|p2a: Pyroar\n|-resisted|p2a: Pyroar\n|-damage|p2a: Pyroar|55\/100\n|-unboost|p1a: Tsareena|spa|2\n|move|p2a: Pyroar|Flame Charge|p1a: Tsareena\n|-supereffective|p1a: Tsareena\n|-damage|p1a: Tsareena|3\/100\n|-boost|p2a: Pyroar|spe|1\n|\n|-heal|p1a: Tsareena|9\/100|[from] item: Leftovers\n|upkeep\n|turn|10\n|\n|t:|1698523458\n|move|p1a: Tsareena|Leaf Storm|p2a: Pyroar\n|-resisted|p2a: Pyroar\n|-damage|p2a: Pyroar|46\/100\n|-unboost|p1a: Tsareena|spa|2\n|move|p2a: Pyroar|Flame Charge|p1a: Tsareena\n|-supereffective|p1a: Tsareena\n|-damage|p1a: Tsareena|0 fnt\n|-boost|p2a: Pyroar|spe|1\n|faint|p1a: Tsareena\n|-ability|p2a: Pyroar|Moxie|boost\n|-boost|p2a: Pyroar|atk|1\n|\n|upkeep\n|\n|t:|1698523468\n|switch|p1a: Sawsbuck|Sawsbuck-Autumn, F, shiny|100\/100\n|turn|11\n|\n|t:|1698523472\n|move|p1a: Sawsbuck|Solar Beam||[still]\n|-prepare|p1a: Sawsbuck|Solar Beam\n|move|p2a: Pyroar|Flame Charge|p1a: Sawsbuck\n|-supereffective|p1a: Sawsbuck\n|-damage|p1a: Sawsbuck|0 fnt\n|faint|p1a: Sawsbuck\n|-ability|p2a: Pyroar|Moxie|boost\n|-boost|p2a: Pyroar|atk|1\n|\n|upkeep\n|\n|t:|1698523475\n|switch|p1a: Ogerpon|Ogerpon, F|100\/100\n|turn|12\n|\n|t:|1698523482\n|-terastallize|p1a: Ogerpon|Grass\n|detailschange|p1a: Ogerpon|Ogerpon-Teal-Tera, F, tera:Grass\n|-ability|p1a: Ogerpon|Embody Aspect (Teal)|boost\n|-boost|p1a: Ogerpon|spe|1\n|move|p1a: Ogerpon|Rock Tomb|p2a: Pyroar\n|-supereffective|p2a: Pyroar\n|-damage|p2a: Pyroar|0 fnt\n|faint|p2a: Pyroar\n|\n|upkeep\n|\n|t:|1698523494\n|switch|p2a: Gastrodon|Gastrodon, M|100\/100\n|turn|13\n|\n|t:|1698523498\n|move|p1a: Ogerpon|Ivy Cudgel|p2a: Gastrodon\n|-supereffective|p2a: Gastrodon\n|-damage|p2a: Gastrodon|0 fnt\n|faint|p2a: Gastrodon\n|\n|upkeep\n|\n|t:|1698523503\n|switch|p2a: Ariados|Ariados, M|100\/100\n|turn|14\n|\n|t:|1698523507\n|move|p1a: Ogerpon|Rock Tomb|p2a: Ariados\n|-supereffective|p2a: Ariados\n|-damage|p2a: Ariados|45\/100\n|-unboost|p2a: Ariados|spe|1\n|move|p2a: Ariados|Fell Stinger|p1a: Ogerpon\n|-supereffective|p1a: Ogerpon\n|-damage|p1a: Ogerpon|60\/100\n|-enditem|p1a: Ogerpon|Weakness Policy\n|-boost|p1a: Ogerpon|atk|2|[from] item: Weakness Policy\n|-boost|p1a: Ogerpon|spa|2|[from] item: Weakness Policy\n|\n|upkeep\n|turn|15\n|\n|t:|1698523518\n|move|p1a: Ogerpon|Ivy Cudgel|p2a: Ariados\n|-resisted|p2a: Ariados\n|-damage|p2a: Ariados|0 fnt\n|faint|p2a: Ariados\n|\n|upkeep\n|\n|t:|1698523523\n|switch|p2a: Cacturne|Cacturne, F|100\/100\n|turn|16\n|\n|t:|1698523529\n|move|p1a: Ogerpon|Ivy Cudgel|p2a: Cacturne\n|-resisted|p2a: Cacturne\n|-enditem|p2a: Cacturne|Focus Sash\n|-damage|p2a: Cacturne|1\/100\n|move|p2a: Cacturne|Knock Off|p1a: Ogerpon\n|-damage|p1a: Ogerpon|20\/100\n|\n|upkeep\n|turn|17\n|\n|t:|1698523537\n|move|p2a: Cacturne|Spiky Shield|p2a: Cacturne\n|-singleturn|p2a: Cacturne|move: Protect\n|move|p1a: Ogerpon|Knock Off|p2a: Cacturne\n|-activate|p2a: Cacturne|move: Protect\n|-damage|p1a: Ogerpon|8\/100|[from] Spiky Shield|[of] p2a: Cacturne\n|\n|upkeep\n|turn|18\n|\n|t:|1698523548\n|switch|p2a: Primeape|Primeape, F|100\/100\n|move|p1a: Ogerpon|Knock Off|p2a: Primeape\n|-resisted|p2a: Primeape\n|-damage|p2a: Primeape|31\/100\n|-enditem|p2a: Primeape|Focus Sash|[from] move: Knock Off|[of] p1a: Ogerpon\n|\n|upkeep\n|turn|19\n|\n|t:|1698523557\n|move|p1a: Ogerpon|Ivy Cudgel|p2a: Primeape\n|-damage|p2a: Primeape|0 fnt\n|faint|p2a: Primeape\n|\n|upkeep\n|\n|t:|1698523561\n|switch|p2a: Cacturne|Cacturne, F|1\/100\n|turn|20\n|\n|t:|1698523566\n|move|p2a: Cacturne|Spiky Shield|p2a: Cacturne\n|-singleturn|p2a: Cacturne|move: Protect\n|move|p1a: Ogerpon|Swords Dance|p1a: Ogerpon\n|-boost|p1a: Ogerpon|atk|2\n|\n|upkeep\n|turn|21\n|\n|t:|1698523573\n|switch|p2a: Golem|Golem, F|100\/100\n|move|p1a: Ogerpon|Ivy Cudgel|p2a: Golem\n|-supereffective|p2a: Golem\n|-ability|p2a: Golem|Sturdy\n|-damage|p2a: Golem|1\/100\n|\n|-heal|p2a: Golem|7\/100|[from] item: Leftovers\n|upkeep\n|turn|22\n|\n|t:|1698523584\n|move|p1a: Ogerpon|Knock Off|p2a: Golem\n|-crit|p2a: Golem\n|-damage|p2a: Golem|0 fnt\n|-enditem|p2a: Golem|Leftovers|[from] move: Knock Off|[of] p1a: Ogerpon\n|faint|p2a: Golem\n|\n|upkeep\n|\n|t:|1698523589\n|switch|p2a: Cacturne|Cacturne, F|1\/100\n|turn|23\n|\n|t:|1698523593\n|move|p1a: Ogerpon|Knock Off|p2a: Cacturne\n|-resisted|p2a: Cacturne\n|-damage|p2a: Cacturne|0 fnt\n|faint|p2a: Cacturne\n|\n|win|Lucasoduncu\n|raw|Lucasoduncu's rating: 1000 &rarr; <strong>1052<\/strong><br \/>(+52 for winning)\n|raw|Whitey Tightey's rating: 1107 &rarr; <strong>1075<\/strong><br \/>(-32 for losing)\n|l|\u2606Whitey Tightey\n","uploadtime":1698523599,"views":10,"p1id":"lucasoduncu","p2id":"whiteytightey","formatid":"gen9anythinggoes","rating":1052,"private":0,"password":""}