{"id":"gen9anythinggoes-1991191891","p1":"TheShinySigilyph","p2":"Ngcngcngcg","format":"[Gen 9] Anything Goes","log":"|j|\u2606TheShinySigilyph\n|j|\u2606Ngcngcngcg\n|t:|1700055538\n|gametype|singles\n|player|p1|TheShinySigilyph|iris-gen5bw2|1066\n|player|p2|Ngcngcngcg|hilda-wonderlauncher|1000\n|teamsize|p1|6\n|teamsize|p2|6\n|gen|9\n|tier|[Gen 9] Anything Goes\n|rated|\n|rule|HP Percentage Mod: HP is shown in percentages\n|rule|Endless Battle Clause: Forcing endless battles is banned\n|clearpoke\n|poke|p1|Drifblim, F|\n|poke|p1|Espathra, M|\n|poke|p1|Hatterene, F|\n|poke|p1|Magearna|\n|poke|p1|Manaphy|\n|poke|p1|Calyrex-Shadow|\n|poke|p2|Leafeon, F|\n|poke|p2|Umbreon, M|\n|poke|p2|Salazzle, F|\n|poke|p2|Zacian-*|\n|poke|p2|Garganacl, F|\n|poke|p2|Regieleki|\n|teampreview\n|\n|t:|1700055543\n|start\n|switch|p1a: Drifblim|Drifblim, F|100\/100\n|switch|p2a: Regieleki|Regieleki, shiny|100\/100\n|-item|p2a: Regieleki|Air Balloon\n|turn|1\n|\n|t:|1700055563\n|move|p2a: Regieleki|Volt Switch|p1a: Drifblim\n|-supereffective|p1a: Drifblim\n|-damage|p1a: Drifblim|59\/100\n|\n|t:|1700055578\n|switch|p2a: Salazzle|Salazzle, F, shiny|100\/100|[from] Volt Switch\n|move|p1a: Drifblim|Minimize|p1a: Drifblim\n|-boost|p1a: Drifblim|evasion|2\n|\n|upkeep\n|turn|2\n|\n|t:|1700055588\n|move|p2a: Salazzle|Knock Off|p1a: Drifblim|[miss]\n|-miss|p2a: Salazzle|p1a: Drifblim\n|move|p1a: Drifblim|Minimize|p1a: Drifblim\n|-boost|p1a: Drifblim|evasion|2\n|\n|upkeep\n|turn|3\n|\n|t:|1700055610\n|move|p2a: Salazzle|Toxic Spikes|p1a: Drifblim\n|-sidestart|p1: TheShinySigilyph|move: Toxic Spikes\n|move|p1a: Drifblim|Minimize|p1a: Drifblim\n|-boost|p1a: Drifblim|evasion|2\n|\n|upkeep\n|turn|4\n|\n|t:|1700055641\n|move|p2a: Salazzle|Flame Charge|p1a: Drifblim|[miss]\n|-miss|p2a: Salazzle|p1a: Drifblim\n|move|p1a: Drifblim|Substitute|p1a: Drifblim\n|-start|p1a: Drifblim|Substitute\n|-damage|p1a: Drifblim|34\/100\n|\n|upkeep\n|turn|5\n|\n|t:|1700055655\n|switch|p2a: Zacian|Zacian-Crowned, shiny|100\/100\n|-ability|p2a: Zacian|Intrepid Sword|boost\n|-boost|p2a: Zacian|atk|1\n|move|p1a: Drifblim|Defog|p2a: Zacian\n|-unboost|p2a: Zacian|evasion|1\n|-sideend|p1: TheShinySigilyph|Toxic Spikes|[from] move: Defog|[of] p1a: Drifblim\n|\n|upkeep\n|turn|6\n|\n|t:|1700055678\n|move|p2a: Zacian|Behemoth Blade|p1a: Drifblim|[miss]\n|-miss|p2a: Zacian|p1a: Drifblim\n|move|p1a: Drifblim|Baton Pass|p1a: Drifblim\n|\n|t:|1700055682\n|switch|p1a: Espathra|Espathra, M|100\/100|[from] Baton Pass\n|\n|upkeep\n|turn|7\n|\n|t:|1700055692\n|move|p2a: Zacian|Iron Defense|p2a: Zacian\n|-boost|p2a: Zacian|def|2\n|move|p1a: Espathra|Calm Mind|p1a: Espathra\n|-boost|p1a: Espathra|spa|1\n|-boost|p1a: Espathra|spd|1\n|\n|-ability|p1a: Espathra|Speed Boost|boost\n|-boost|p1a: Espathra|spe|1\n|upkeep\n|turn|8\n|\n|t:|1700055729\n|move|p2a: Zacian|Trailblaze|p1a: Espathra\n|-activate|p1a: Espathra|move: Substitute|[damage]\n|-boost|p2a: Zacian|spe|1\n|move|p1a: Espathra|Calm Mind|p1a: Espathra\n|-boost|p1a: Espathra|spa|1\n|-boost|p1a: Espathra|spd|1\n|\n|-ability|p1a: Espathra|Speed Boost|boost\n|-boost|p1a: Espathra|spe|1\n|upkeep\n|turn|9\n|\n|t:|1700055741\n|move|p2a: Zacian|Behemoth Blade|p1a: Espathra|[miss]\n|-miss|p2a: Zacian|p1a: Espathra\n|move|p1a: Espathra|Calm Mind|p1a: Espathra\n|-boost|p1a: Espathra|spa|1\n|-boost|p1a: Espathra|spd|1\n|\n|-ability|p1a: Espathra|Speed Boost|boost\n|-boost|p1a: Espathra|spe|1\n|upkeep\n|turn|10\n|\n|t:|1700055758\n|move|p1a: Espathra|Calm Mind|p1a: Espathra\n|-boost|p1a: Espathra|spa|1\n|-boost|p1a: Espathra|spd|1\n|move|p2a: Zacian|Trailblaze|p1a: Espathra|[miss]\n|-miss|p2a: Zacian|p1a: Espathra\n|\n|-ability|p1a: Espathra|Speed Boost|boost\n|-boost|p1a: Espathra|spe|1\n|upkeep\n|turn|11\n|\n|t:|1700055772\n|move|p1a: Espathra|Calm Mind|p1a: Espathra\n|-boost|p1a: Espathra|spa|1\n|-boost|p1a: Espathra|spd|1\n|move|p2a: Zacian|Moonblast|p1a: Espathra\n|-end|p1a: Espathra|Substitute\n|\n|-ability|p1a: Espathra|Speed Boost|boost\n|-boost|p1a: Espathra|spe|1\n|upkeep\n|turn|12\n|\n|t:|1700055806\n|move|p1a: Espathra|Substitute|p1a: Espathra\n|-start|p1a: Espathra|Substitute\n|-damage|p1a: Espathra|76\/100\n|move|p2a: Zacian|Moonblast|p1a: Espathra\n|-activate|p1a: Espathra|move: Substitute|[damage]\n|\n|-heal|p1a: Espathra|82\/100|[from] item: Leftovers\n|-ability|p1a: Espathra|Speed Boost|boost\n|-boost|p1a: Espathra|spe|1\n|upkeep\n|turn|13\n|c|\u2606TheShinySigilyph|Give it play rough instead of Moonblast next time\n|\n|t:|1700055834\n|switch|p2a: Regieleki|Regieleki, shiny|100\/100\n|-item|p2a: Regieleki|Air Balloon\n|move|p1a: Espathra|Calm Mind|p1a: Espathra\n|-boost|p1a: Espathra|spa|1\n|-boost|p1a: Espathra|spd|1\n|\n|-heal|p1a: Espathra|88\/100|[from] item: Leftovers\n|upkeep\n|turn|14\n|\n|t:|1700055856\n|move|p1a: Espathra|Baton Pass|p1a: Espathra\n|\n|t:|1700055861\n|switch|p1a: Magearna|Magearna|100\/100|[from] Baton Pass\n|move|p2a: Regieleki|Ancient Power|p1a: Magearna|[miss]\n|-miss|p2a: Regieleki|p1a: Magearna\n|\n|upkeep\n|turn|15\n|\n|t:|1700055876\n|move|p1a: Magearna|Iron Defense|p1a: Magearna\n|-boost|p1a: Magearna|def|2\n|move|p2a: Regieleki|Volt Switch|p1a: Magearna\n|-activate|p1a: Magearna|move: Substitute|[damage]\n|\n|t:|1700055892\n|switch|p2a: Salazzle|Salazzle, F, shiny|100\/100|[from] Volt Switch\n|\n|upkeep\n|turn|16\n|\n|t:|1700055924\n|move|p2a: Salazzle|Fake Out|p1a: Magearna|[miss]\n|-miss|p2a: Salazzle|p1a: Magearna\n|move|p1a: Magearna|Stored Power|p2a: Salazzle\n|-supereffective|p2a: Salazzle\n|-damage|p2a: Salazzle|0 fnt\n|faint|p2a: Salazzle\n|\n|upkeep\n|\n|t:|1700055938\n|switch|p2a: Zacian|Zacian-Crowned, shiny|100\/100\n|turn|17\n|\n|t:|1700055943\n|move|p1a: Magearna|Iron Defense|p1a: Magearna\n|-boost|p1a: Magearna|def|2\n|move|p2a: Zacian|Moonblast|p1a: Magearna|[miss]\n|-miss|p2a: Zacian|p1a: Magearna\n|\n|upkeep\n|turn|18\n|\n|t:|1700055952\n|move|p1a: Magearna|Iron Defense|p1a: Magearna\n|-boost|p1a: Magearna|def|2\n|move|p2a: Zacian|Trailblaze|p1a: Magearna|[miss]\n|-miss|p2a: Zacian|p1a: Magearna\n|\n|upkeep\n|turn|19\n|\n|t:|1700055960\n|switch|p2a: Garganacl|Garganacl, F, shiny|100\/100\n|-item|p2a: Garganacl|Air Balloon\n|move|p1a: Magearna|Baton Pass|p1a: Magearna\n|\n|t:|1700055965\n|switch|p1a: Hatterene|Hatterene, F|100\/100|[from] Baton Pass\n|\n|upkeep\n|turn|20\n|\n|t:|1700055976\n|move|p1a: Hatterene|Swords Dance|p1a: Hatterene\n|-boost|p1a: Hatterene|atk|2\n|move|p2a: Garganacl|Salt Cure|p1a: Hatterene\n|-activate|p1a: Hatterene|move: Substitute|[damage]\n|\n|upkeep\n|turn|21\n|\n|t:|1700055983\n|move|p1a: Hatterene|Swords Dance|p1a: Hatterene\n|-boost|p1a: Hatterene|atk|2\n|move|p2a: Garganacl|Salt Cure|p1a: Hatterene\n|-activate|p1a: Hatterene|move: Substitute|[damage]\n|\n|upkeep\n|turn|22\n|\n|t:|1700055997\n|switch|p2a: Umbreon|Umbreon, M, shiny|100\/100\n|move|p1a: Hatterene|Swords Dance|p1a: Hatterene\n|-boost|p1a: Hatterene|atk|2\n|\n|-status|p2a: Umbreon|tox|[from] item: Toxic Orb\n|upkeep\n|turn|23\n|c|\u2606TheShinySigilyph|Why?\n|\n|t:|1700056025\n|move|p1a: Hatterene|Baton Pass|p1a: Hatterene\n|c|\u2606TheShinySigilyph|Why the toxic orb umbreon?\n|\n|t:|1700056037\n|switch|p1a: Calyrex|Calyrex-Shadow|100\/100|[from] Baton Pass\n|-ability|p1a: Calyrex|As One\n|-ability|p1a: Calyrex|Unnerve\n|move|p2a: Umbreon|Toxic||[still]\n|-fail|p2a: Umbreon\n|\n|-damage|p2a: Umbreon|94\/100 tox|[from] psn\n|upkeep\n|turn|24\n|\n|t:|1700056061\n|move|p1a: Calyrex|Giga Drain|p2a: Umbreon\n|-damage|p2a: Umbreon|5\/100 tox\n|move|p2a: Umbreon|Toxic|p1a: Calyrex|[miss]\n|-miss|p2a: Umbreon|p1a: Calyrex\n|\n|-damage|p2a: Umbreon|0 fnt|[from] psn\n|faint|p2a: Umbreon\n|upkeep\n|\n|t:|1700056083\n|switch|p2a: Leafeon|Leafeon, F, shiny|100\/100\n|turn|25\n|\n|t:|1700056090\n|move|p1a: Calyrex|Stored Power|p2a: Leafeon\n|-damage|p2a: Leafeon|0 fnt\n|faint|p2a: Leafeon\n|\n|upkeep\n|\n|t:|1700056100\n|switch|p2a: Regieleki|Regieleki, shiny|100\/100\n|-item|p2a: Regieleki|Air Balloon\n|turn|26\n|\n|t:|1700056106\n|move|p1a: Calyrex|Stored Power|p2a: Regieleki\n|-damage|p2a: Regieleki|0 fnt\n|-enditem|p2a: Regieleki|Air Balloon\n|faint|p2a: Regieleki\n|\n|upkeep\n|\n|t:|1700056145\n|switch|p2a: Zacian|Zacian-Crowned, shiny|100\/100\n|turn|27\n|\n|t:|1700056158\n|move|p1a: Calyrex|Stored Power|p2a: Zacian\n|-resisted|p2a: Zacian\n|-damage|p2a: Zacian|0 fnt\n|faint|p2a: Zacian\n|\n|upkeep\n|\n|t:|1700056164\n|switch|p2a: Garganacl|Garganacl, F, shiny|100\/100\n|-item|p2a: Garganacl|Air Balloon\n|turn|28\n|\n|t:|1700056175\n|move|p1a: Calyrex|Stored Power|p2a: Garganacl\n|-damage|p2a: Garganacl|0 fnt\n|-enditem|p2a: Garganacl|Air Balloon\n|faint|p2a: Garganacl\n|\n|win|TheShinySigilyph\n|raw|TheShinySigilyph's rating: 1066 &rarr; <strong>1090<\/strong><br \/>(+24 for winning)\n|raw|Ngcngcngcg's rating: 1000 &rarr; <strong>1000<\/strong><br \/>(+0 for losing)\n|c|\u2606TheShinySigilyph|Gg\n|l|\u2606Ngcngcngcg\n","uploadtime":1700056229,"views":6,"p1id":"theshinysigilyph","p2id":"ngcngcngcg","formatid":"gen9anythinggoes","rating":1000,"private":0,"password":""}