{"id":"gen9anythinggoes-1979394928","p1":"Terra_Spectrum8293","p2":"Oofoofbidoof","format":"[Gen 9] Anything Goes","log":"|j|\u2606Terra_Spectrum8293\n|j|\u2606Oofoofbidoof\n|t:|1698679261\n|gametype|singles\n|player|p1|Terra_Spectrum8293|nessa|1103\n|player|p2|Oofoofbidoof|emmet|1146\n|teamsize|p1|6\n|teamsize|p2|6\n|gen|9\n|tier|[Gen 9] Anything Goes\n|rated|\n|rule|HP Percentage Mod: HP is shown in percentages\n|rule|Endless Battle Clause: Forcing endless battles is banned\n|clearpoke\n|poke|p1|Glimmora, F|\n|poke|p1|Dondozo, M|\n|poke|p1|Polteageist|\n|poke|p1|Grimmsnarl, M|\n|poke|p1|Scream Tail|\n|poke|p1|Zacian-*|\n|poke|p2|Maushold-Four|\n|poke|p2|Maushold-Four|\n|poke|p2|Maushold-Four|\n|poke|p2|Maushold-Four|\n|poke|p2|Houndstone, F|\n|poke|p2|Tyranitar, F|\n|teampreview\n|inactive|Battle timer is ON: inactive players will automatically lose when time's up. (requested by Oofoofbidoof)\n|inactive|Terra_Spectrum8293 also wants the timer to be on.\n|\n|t:|1698679268\n|start\n|switch|p1a: Flower|Glimmora, F|100\/100\n|switch|p2a: Maushold|Maushold-Four|100\/100\n|turn|1\n|\n|t:|1698679273\n|move|p1a: Flower|Spiky Shield|p1a: Flower\n|-singleturn|p1a: Flower|move: Protect\n|move|p2a: Maushold|Population Bomb|p1a: Flower\n|-activate|p1a: Flower|move: Protect\n|-damage|p2a: Maushold|88\/100|[from] Spiky Shield|[of] p1a: Flower\n|\n|upkeep\n|turn|2\n|\n|t:|1698679280\n|move|p2a: Maushold|Population Bomb|p1a: Flower\n|-resisted|p1a: Flower\n|-damage|p1a: Flower|95\/100\n|-activate|p1a: Flower|ability: Toxic Debris\n|-sidestart|p2: Oofoofbidoof|move: Toxic Spikes\n|-resisted|p1a: Flower\n|-damage|p1a: Flower|89\/100\n|-activate|p1a: Flower|ability: Toxic Debris\n|-sidestart|p2: Oofoofbidoof|move: Toxic Spikes\n|-hitcount|p1a: Flower|2\n|move|p1a: Flower|Stealth Rock|p2a: Maushold\n|-sidestart|p2: Oofoofbidoof|move: Stealth Rock\n|\n|upkeep\n|turn|3\n|\n|t:|1698679291\n|move|p2a: Maushold|Population Bomb|p1a: Flower\n|-resisted|p1a: Flower\n|-damage|p1a: Flower|83\/100\n|-resisted|p1a: Flower\n|-damage|p1a: Flower|78\/100\n|-resisted|p1a: Flower\n|-damage|p1a: Flower|72\/100\n|-resisted|p1a: Flower\n|-damage|p1a: Flower|67\/100\n|-resisted|p1a: Flower\n|-damage|p1a: Flower|61\/100\n|-hitcount|p1a: Flower|5\n|move|p1a: Flower|Spikes|p2a: Maushold\n|-sidestart|p2: Oofoofbidoof|Spikes\n|\n|upkeep\n|turn|4\n|\n|t:|1698679304\n|move|p2a: Maushold|Population Bomb|p1a: Flower|[miss]\n|-miss|p2a: Maushold|p1a: Flower\n|move|p1a: Flower|Spikes|p2a: Maushold\n|-sidestart|p2: Oofoofbidoof|Spikes\n|\n|upkeep\n|turn|5\n|\n|t:|1698679312\n|move|p2a: Maushold|Tidy Up|p2a: Maushold\n|-sideend|p2: Oofoofbidoof|Spikes\n|-sideend|p2: Oofoofbidoof|Toxic Spikes\n|-sideend|p2: Oofoofbidoof|Stealth Rock\n|-activate|p2a: Maushold|move: Tidy Up\n|-boost|p2a: Maushold|atk|1\n|-boost|p2a: Maushold|spe|1\n|move|p1a: Flower|Spikes|p2a: Maushold\n|-sidestart|p2: Oofoofbidoof|Spikes\n|\n|upkeep\n|turn|6\n|\n|t:|1698679320\n|move|p2a: Maushold|Population Bomb|p1a: Flower|[miss]\n|-miss|p2a: Maushold|p1a: Flower\n|move|p1a: Flower|Toxic Spikes|p2a: Maushold\n|-sidestart|p2: Oofoofbidoof|move: Toxic Spikes\n|\n|upkeep\n|turn|7\n|\n|t:|1698679326\n|switch|p1a: Slurp|Polteageist|100\/100\n|move|p2a: Maushold|Population Bomb|p1a: Slurp\n|-immune|p1a: Slurp\n|\n|upkeep\n|turn|8\n|\n|t:|1698679332\n|move|p2a: Maushold|Beat Up|p1a: Slurp\n|-supereffective|p1a: Slurp\n|-damage|p1a: Slurp|75\/100\n|-ability|p1a: Slurp|Weak Armor|boost\n|-unboost|p1a: Slurp|def|1\n|-boost|p1a: Slurp|spe|2\n|-enditem|p1a: Slurp|White Herb\n|-clearnegativeboost|p1a: Slurp|[silent]\n|-supereffective|p1a: Slurp\n|-damage|p1a: Slurp|51\/100\n|-ability|p1a: Slurp|Weak Armor|boost\n|-unboost|p1a: Slurp|def|1\n|-boost|p1a: Slurp|spe|2\n|-supereffective|p1a: Slurp\n|-damage|p1a: Slurp|15\/100\n|-ability|p1a: Slurp|Weak Armor|boost\n|-unboost|p1a: Slurp|def|1\n|-boost|p1a: Slurp|spe|2\n|-supereffective|p1a: Slurp\n|-damage|p1a: Slurp|0 fnt\n|faint|p1a: Slurp\n|-hitcount|p1: Slurp|4\n|\n|upkeep\n|\n|t:|1698679338\n|switch|p1a: Abominable Orc|Grimmsnarl, M, shiny|100\/100\n|turn|9\n|\n|t:|1698679349\n|move|p1a: Abominable Orc|Taunt|p2a: Maushold\n|-start|p2a: Maushold|move: Taunt\n|cant|p2a: Maushold|move: Taunt|Tidy Up\n|\n|upkeep\n|turn|10\n|\n|t:|1698679354\n|move|p1a: Abominable Orc|Sucker Punch|p2a: Maushold\n|-damage|p2a: Maushold|43\/100\n|move|p2a: Maushold|Population Bomb|p1a: Abominable Orc\n|-damage|p1a: Abominable Orc|82\/100\n|-damage|p1a: Abominable Orc|61\/100\n|-damage|p1a: Abominable Orc|41\/100\n|-damage|p1a: Abominable Orc|23\/100\n|-damage|p1a: Abominable Orc|2\/100\n|-hitcount|p1a: Abominable Orc|5\n|\n|upkeep\n|turn|11\n|\n|t:|1698679362\n|move|p1a: Abominable Orc|Sucker Punch|p2a: Maushold\n|-damage|p2a: Maushold|0 fnt\n|faint|p2a: Maushold\n|\n|upkeep\n|\n|t:|1698679365\n|switch|p2a: Maushold|Maushold-Four|100\/100\n|-damage|p2a: Maushold|88\/100|[from] Spikes\n|-status|p2a: Maushold|psn\n|turn|12\n|\n|t:|1698679371\n|move|p1a: Abominable Orc|Taunt|p2a: Maushold\n|-start|p2a: Maushold|move: Taunt\n|move|p2a: Maushold|Beat Up|p1a: Abominable Orc\n|-resisted|p1a: Abominable Orc\n|-damage|p1a: Abominable Orc|0 fnt\n|faint|p1a: Abominable Orc\n|-hitcount|p1: Abominable Orc|1\n|\n|-damage|p2a: Maushold|76\/100 psn|[from] psn\n|upkeep\n|\n|t:|1698679379\n|switch|p1a: Ice Cream|Scream Tail|100\/100\n|turn|13\n|\n|t:|1698679382\n|move|p2a: Maushold|Population Bomb|p1a: Ice Cream\n|-damage|p1a: Ice Cream|92\/100\n|-damage|p1a: Ice Cream|84\/100\n|-damage|p1a: Ice Cream|74\/100\n|-damage|p1a: Ice Cream|65\/100\n|-damage|p1a: Ice Cream|57\/100\n|-damage|p1a: Ice Cream|49\/100\n|-damage|p1a: Ice Cream|39\/100\n|-damage|p1a: Ice Cream|30\/100\n|-hitcount|p1a: Ice Cream|8\n|move|p1a: Ice Cream|Bulk Up|p1a: Ice Cream\n|-boost|p1a: Ice Cream|atk|1\n|-boost|p1a: Ice Cream|def|1\n|\n|-damage|p2a: Maushold|63\/100 psn|[from] psn\n|upkeep\n|turn|14\n|\n|t:|1698679388\n|move|p2a: Maushold|Population Bomb|p1a: Ice Cream\n|-damage|p1a: Ice Cream|24\/100\n|-damage|p1a: Ice Cream|18\/100\n|-damage|p1a: Ice Cream|12\/100\n|-damage|p1a: Ice Cream|5\/100\n|-damage|p1a: Ice Cream|0 fnt\n|faint|p1a: Ice Cream\n|-end|p1a: Ice Cream|Protosynthesis|[silent]\n|-hitcount|p1: Ice Cream|5\n|\n|-damage|p2a: Maushold|51\/100 psn|[from] psn\n|-end|p2a: Maushold|move: Taunt\n|upkeep\n|\n|t:|1698679394\n|switch|p1a: Whale|Dondozo, M|100\/100\n|turn|15\n|\n|t:|1698679397\n|move|p2a: Maushold|Tidy Up|p2a: Maushold\n|-sideend|p2: Oofoofbidoof|Spikes\n|-sideend|p2: Oofoofbidoof|Toxic Spikes\n|-activate|p2a: Maushold|move: Tidy Up\n|-boost|p2a: Maushold|atk|1\n|-boost|p2a: Maushold|spe|1\n|move|p1a: Whale|Curse|p1a: Whale\n|-unboost|p1a: Whale|spe|1\n|-boost|p1a: Whale|atk|1\n|-boost|p1a: Whale|def|1\n|\n|-damage|p2a: Maushold|38\/100 psn|[from] psn\n|upkeep\n|turn|16\n|\n|t:|1698679407\n|move|p2a: Maushold|Population Bomb|p1a: Whale\n|-damage|p1a: Whale|96\/100\n|-damage|p1a: Whale|92\/100\n|-damage|p1a: Whale|87\/100\n|-damage|p1a: Whale|83\/100\n|-crit|p1a: Whale\n|-damage|p1a: Whale|73\/100\n|-damage|p1a: Whale|68\/100\n|-damage|p1a: Whale|64\/100\n|-damage|p1a: Whale|60\/100\n|-damage|p1a: Whale|55\/100\n|-damage|p1a: Whale|51\/100\n|-hitcount|p1a: Whale|10\n|cant|p1a: Whale|flinch\n|\n|-heal|p1a: Whale|57\/100|[from] item: Leftovers\n|-damage|p2a: Maushold|26\/100 psn|[from] psn\n|upkeep\n|turn|17\n|\n|t:|1698679413\n|move|p2a: Maushold|Population Bomb|p1a: Whale\n|-damage|p1a: Whale|52\/100\n|-damage|p1a: Whale|48\/100\n|-damage|p1a: Whale|43\/100\n|-crit|p1a: Whale\n|-damage|p1a: Whale|33\/100\n|-damage|p1a: Whale|29\/100\n|-damage|p1a: Whale|24\/100\n|-damage|p1a: Whale|20\/100\n|-hitcount|p1a: Whale|7\n|move|p1a: Whale|Curse|p1a: Whale\n|-unboost|p1a: Whale|spe|1\n|-boost|p1a: Whale|atk|1\n|-boost|p1a: Whale|def|1\n|\n|-heal|p1a: Whale|26\/100|[from] item: Leftovers\n|-damage|p2a: Maushold|13\/100 psn|[from] psn\n|upkeep\n|turn|18\n|\n|t:|1698679422\n|move|p2a: Maushold|Population Bomb|p1a: Whale\n|-damage|p1a: Whale|23\/100\n|-damage|p1a: Whale|19\/100\n|-damage|p1a: Whale|16\/100\n|-damage|p1a: Whale|13\/100\n|-damage|p1a: Whale|9\/100\n|-damage|p1a: Whale|6\/100\n|-damage|p1a: Whale|3\/100\n|-damage|p1a: Whale|0 fnt\n|faint|p1a: Whale\n|-hitcount|p1: Whale|8\n|\n|-damage|p2a: Maushold|1\/100 psn|[from] psn\n|upkeep\n|\n|t:|1698679426\n|switch|p1a: Flower|Glimmora, F|61\/100\n|turn|19\n|\n|t:|1698679430\n|move|p2a: Maushold|Population Bomb|p1a: Flower\n|-resisted|p1a: Flower\n|-damage|p1a: Flower|54\/100\n|-activate|p1a: Flower|ability: Toxic Debris\n|-sidestart|p2: Oofoofbidoof|move: Toxic Spikes\n|-resisted|p1a: Flower\n|-damage|p1a: Flower|46\/100\n|-activate|p1a: Flower|ability: Toxic Debris\n|-sidestart|p2: Oofoofbidoof|move: Toxic Spikes\n|-resisted|p1a: Flower\n|-damage|p1a: Flower|38\/100\n|-resisted|p1a: Flower\n|-crit|p1a: Flower\n|-damage|p1a: Flower|25\/100\n|-resisted|p1a: Flower\n|-damage|p1a: Flower|18\/100\n|-resisted|p1a: Flower\n|-damage|p1a: Flower|10\/100\n|-resisted|p1a: Flower\n|-damage|p1a: Flower|2\/100\n|-resisted|p1a: Flower\n|-damage|p1a: Flower|0 fnt\n|faint|p1a: Flower\n|-hitcount|p1: Flower|8\n|\n|-damage|p2a: Maushold|0 fnt|[from] psn\n|faint|p2a: Maushold\n|upkeep\n|\n|t:|1698679436\n|switch|p2a: Maushold|Maushold-Four|100\/100\n|switch|p1a: Sakura|Zacian-Crowned|100\/100\n|-ability|p1a: Sakura|Intrepid Sword|boost\n|-boost|p1a: Sakura|atk|1\n|-status|p2a: Maushold|tox\n|turn|20\n|\n|t:|1698679445\n|move|p1a: Sakura|Trailblaze|p2a: Maushold\n|-damage|p2a: Maushold|57\/100 tox\n|-boost|p1a: Sakura|spe|1\n|move|p2a: Maushold|Tidy Up|p2a: Maushold\n|-sideend|p2: Oofoofbidoof|Toxic Spikes\n|-activate|p2a: Maushold|move: Tidy Up\n|-boost|p2a: Maushold|atk|1\n|-boost|p2a: Maushold|spe|1\n|\n|-damage|p2a: Maushold|51\/100 tox|[from] psn\n|upkeep\n|turn|21\n|\n|t:|1698679454\n|move|p1a: Sakura|Trailblaze|p2a: Maushold\n|-damage|p2a: Maushold|3\/100 tox\n|-boost|p1a: Sakura|spe|1\n|move|p2a: Maushold|Population Bomb|p1a: Sakura\n|-resisted|p1a: Sakura\n|-damage|p1a: Sakura|92\/100\n|-resisted|p1a: Sakura\n|-damage|p1a: Sakura|84\/100\n|-resisted|p1a: Sakura\n|-damage|p1a: Sakura|76\/100\n|-resisted|p1a: Sakura\n|-damage|p1a: Sakura|69\/100\n|-resisted|p1a: Sakura\n|-damage|p1a: Sakura|61\/100\n|-resisted|p1a: Sakura\n|-damage|p1a: Sakura|52\/100\n|-resisted|p1a: Sakura\n|-damage|p1a: Sakura|44\/100\n|-resisted|p1a: Sakura\n|-damage|p1a: Sakura|37\/100\n|-resisted|p1a: Sakura\n|-damage|p1a: Sakura|29\/100\n|-resisted|p1a: Sakura\n|-damage|p1a: Sakura|21\/100\n|-hitcount|p1a: Sakura|10\n|\n|-damage|p2a: Maushold|0 fnt|[from] psn\n|faint|p2a: Maushold\n|upkeep\n|\n|t:|1698679463\n|switch|p2a: Maushold|Maushold-Four|100\/100\n|turn|22\n|\n|t:|1698679467\n|move|p1a: Sakura|Behemoth Blade|p2a: Maushold\n|-damage|p2a: Maushold|0 fnt\n|faint|p2a: Maushold\n|\n|upkeep\n|\n|t:|1698679470\n|switch|p2a: Tyranitar|Tyranitar, F, shiny|100\/100\n|-weather|Sandstorm|[from] ability: Sand Stream|[of] p2a: Tyranitar\n|turn|23\n|\n|t:|1698679477\n|move|p1a: Sakura|Behemoth Blade|p2a: Tyranitar\n|-supereffective|p2a: Tyranitar\n|-damage|p2a: Tyranitar|0 fnt\n|faint|p2a: Tyranitar\n|\n|-weather|Sandstorm|[upkeep]\n|upkeep\n|\n|t:|1698679479\n|switch|p2a: Houndstone|Houndstone, F|100\/100\n|turn|24\n|\n|t:|1698679484\n|move|p1a: Sakura|Behemoth Blade|p2a: Houndstone\n|-damage|p2a: Houndstone|0 fnt\n|faint|p2a: Houndstone\n|\n|win|Terra_Spectrum8293\n|raw|Terra_Spectrum8293's rating: 1103 &rarr; <strong>1131<\/strong><br \/>(+28 for winning)\n|raw|Oofoofbidoof's rating: 1146 &rarr; <strong>1118<\/strong><br \/>(-28 for losing)\n|l|\u2606Oofoofbidoof\n","uploadtime":1698679499,"views":6,"p1id":"terraspectrum8293","p2id":"oofoofbidoof","formatid":"gen9anythinggoes","rating":1118,"private":0,"password":""}