{"id":"gen9anythinggoes-1976176708","p1":"Gabrisabanero","p2":"Conscious Talk ENT","format":"[Gen 9] Anything Goes","log":"|j|\u2606Gabrisabanero\n|j|\u2606Conscious Talk ENT\n|t:|1698270649\n|gametype|singles\n|player|p1|Gabrisabanero|265|1324\n|player|p2|Conscious Talk ENT|169|1326\n|teamsize|p1|6\n|teamsize|p2|6\n|gen|9\n|tier|[Gen 9] Anything Goes\n|rated|\n|rule|HP Percentage Mod: HP is shown in percentages\n|rule|Endless Battle Clause: Forcing endless battles is banned\n|clearpoke\n|poke|p1|Magearna|\n|poke|p1|Iron Thorns|\n|poke|p1|Calyrex-Shadow|\n|poke|p1|Furret, F|\n|poke|p1|Urshifu-*, M|\n|poke|p1|Samurott-Hisui, M|\n|poke|p2|Calyrex-Shadow|\n|poke|p2|Miraidon|\n|poke|p2|Arceus-Dark|\n|poke|p2|Koraidon|\n|poke|p2|Arceus-Fairy|\n|poke|p2|Eternatus|\n|teampreview\n|\n|t:|1698270661\n|start\n|switch|p1a: Magearna|Magearna|100\/100\n|switch|p2a: Calyrex|Calyrex-Shadow|100\/100\n|-ability|p2a: Calyrex|As One\n|-ability|p2a: Calyrex|Unnerve\n|turn|1\n|c|\u2606Conscious Talk ENT|I'm kinda a noob\n|c|\u2606Conscious Talk ENT|Js\n|inactive|Battle timer is ON: inactive players will automatically lose when time's up. (requested by Gabrisabanero)\n|c|\u2606Gabrisabanero|bro u again\n|\n|t:|1698270690\n|switch|p1a: Samurott|Samurott-Hisui, M, shiny|100\/100\n|move|p2a: Calyrex|Astral Barrage|p1a: Samurott\n|-resisted|p1a: Samurott\n|-damage|p1a: Samurott|20\/100\n|-damage|p2a: Calyrex|91\/100|[from] item: Life Orb\n|\n|upkeep\n|turn|2\n|\n|t:|1698270704\n|switch|p1a: Furret|Furret, F, shiny|100\/100\n|move|p2a: Calyrex|Draining Kiss|p1a: Furret\n|-damage|p1a: Furret|49\/100\n|-heal|p2a: Calyrex|100\/100|[from] drain|[of] p1a: Furret\n|-damage|p2a: Calyrex|91\/100|[from] item: Life Orb\n|\n|upkeep\n|turn|3\n|c|\u2606Conscious Talk ENT|Yea\n|c|\u2606Conscious Talk ENT|You beat me\n|c|\u2606Conscious Talk ENT|Lol \ud83e\udd23\n|\n|t:|1698270726\n|switch|p1a: Calyrex|Calyrex-Shadow|100\/100\n|-ability|p1a: Calyrex|As One\n|-ability|p1a: Calyrex|Unnerve\n|move|p2a: Calyrex|Draining Kiss|p1a: Calyrex\n|-damage|p1a: Calyrex|69\/100\n|-heal|p2a: Calyrex|100\/100|[from] drain|[of] p1a: Calyrex\n|-damage|p2a: Calyrex|91\/100|[from] item: Life Orb\n|\n|upkeep\n|turn|4\n|\n|t:|1698270741\n|move|p1a: Calyrex|Astral Barrage|p2a: Calyrex\n|-supereffective|p2a: Calyrex\n|-damage|p2a: Calyrex|0 fnt\n|faint|p2a: Calyrex\n|-ability|p1a: Calyrex|Grim Neigh|boost\n|-boost|p1a: Calyrex|spa|1\n|\n|upkeep\n|inactive|Conscious Talk ENT has 120 seconds left.\n|\n|t:|1698270757\n|switch|p2a: Arceus|Arceus-Dark|100\/100\n|turn|5\n|\n|t:|1698270762\n|switch|p1a: Samurott|Samurott-Hisui, M, shiny|20\/100\n|move|p2a: Arceus|Judgment|p1a: Samurott\n|-resisted|p1a: Samurott\n|-damage|p1a: Samurott|0 fnt\n|faint|p1a: Samurott\n|\n|upkeep\n|\n|t:|1698270767\n|switch|p1a: Magearna|Magearna|100\/100\n|turn|6\n|c|\u2606Conscious Talk ENT|I learned to wall spectrier\n|\n|t:|1698270786\n|move|p2a: Arceus|Swords Dance|p2a: Arceus\n|-boost|p2a: Arceus|atk|2\n|move|p1a: Magearna|Shift Gear|p1a: Magearna\n|-boost|p1a: Magearna|spe|2\n|-boost|p1a: Magearna|atk|1\n|\n|upkeep\n|turn|7\n|\n|t:|1698270795\n|move|p1a: Magearna|Shift Gear|p1a: Magearna\n|-boost|p1a: Magearna|spe|2\n|-boost|p1a: Magearna|atk|1\n|move|p2a: Arceus|Judgment|p1a: Magearna\n|-resisted|p1a: Magearna\n|-damage|p1a: Magearna|74\/100\n|\n|-heal|p1a: Magearna|80\/100|[from] item: Leftovers\n|upkeep\n|turn|8\n|c|\u2606Gabrisabanero|dark is weak to fairy\n|c|\u2606Gabrisabanero|just in case\n|\n|t:|1698270810\n|switch|p2a: Eternatus|Eternatus|100\/100\n|-ability|p2a: Eternatus|Pressure\n|move|p1a: Magearna|Draining Kiss|p2a: Eternatus\n|-damage|p2a: Eternatus|80\/100\n|-heal|p1a: Magearna|100\/100|[from] drain|[of] p2a: Eternatus\n|\n|upkeep\n|turn|9\n|\n|t:|1698270823\n|move|p1a: Magearna|Flash Cannon|p2a: Eternatus\n|-damage|p2a: Eternatus|49\/100\n|move|p2a: Eternatus|Flamethrower|p1a: Magearna\n|-supereffective|p1a: Magearna\n|-damage|p1a: Magearna|39\/100\n|\n|-heal|p1a: Magearna|45\/100|[from] item: Leftovers\n|upkeep\n|turn|10\n|\n|t:|1698270832\n|move|p1a: Magearna|Baton Pass|p1a: Magearna\n|\n|t:|1698270836\n|switch|p1a: Urshifu|Urshifu-Rapid-Strike, M|100\/100|[from] Baton Pass\n|move|p2a: Eternatus|Recover|p2a: Eternatus\n|-heal|p2a: Eternatus|99\/100\n|\n|upkeep\n|turn|11\n|c|\u2606Conscious Talk ENT|I lose ggz\n|inactive|Conscious Talk ENT has 120 seconds left.\n|\n|t:|1698270868\n|switch|p2a: Arceus|Arceus-Dark|100\/100\n|move|p1a: Urshifu|Ice Spinner|p2a: Arceus\n|-damage|p2a: Arceus|60\/100\n|-damage|p1a: Urshifu|90\/100|[from] item: Life Orb\n|\n|upkeep\n|turn|12\n|inactive|Conscious Talk ENT has 120 seconds left.\n|\n|t:|1698270891\n|move|p1a: Urshifu|Drain Punch|p2a: Arceus\n|-supereffective|p2a: Arceus\n|-damage|p2a: Arceus|0 fnt\n|-heal|p1a: Urshifu|100\/100|[from] drain|[of] p2a: Arceus\n|faint|p2a: Arceus\n|-damage|p1a: Urshifu|90\/100|[from] item: Life Orb\n|\n|upkeep\n|\n|t:|1698270903\n|switch|p2a: Koraidon|Koraidon|100\/100\n|-weather|SunnyDay|[from] ability: Orichalcum Pulse|[of] p2a: Koraidon\n|-activate|p2a: Koraidon|Orichalcum Pulse|[source]\n|turn|13\n|\n|t:|1698270914\n|-terastallize|p2a: Koraidon|Fighting\n|move|p1a: Urshifu|Ice Spinner|p2a: Koraidon\n|-damage|p2a: Koraidon|50\/100\n|-damage|p1a: Urshifu|80\/100|[from] item: Life Orb\n|move|p2a: Koraidon|Drain Punch|p1a: Urshifu\n|-damage|p1a: Urshifu|9\/100\n|-heal|p2a: Koraidon|84\/100|[from] drain|[of] p1a: Urshifu\n|-damage|p2a: Koraidon|74\/100|[from] item: Life Orb\n|\n|-weather|SunnyDay|[upkeep]\n|upkeep\n|turn|14\n|\n|t:|1698270928\n|move|p1a: Urshifu|Surging Strikes|p2a: Koraidon\n|-crit|p2a: Koraidon\n|-damage|p2a: Koraidon|59\/100\n|-crit|p2a: Koraidon\n|-damage|p2a: Koraidon|41\/100\n|-crit|p2a: Koraidon\n|-damage|p2a: Koraidon|25\/100\n|-hitcount|p2a: Koraidon|3\n|-damage|p1a: Urshifu|0 fnt|[from] item: Life Orb\n|faint|p1a: Urshifu\n|move|p2a: Koraidon|Drain Punch|p1: Urshifu|[notarget]\n|-fail|p2a: Koraidon\n|\n|-weather|SunnyDay|[upkeep]\n|upkeep\n|\n|t:|1698270936\n|switch|p1a: Calyrex|Calyrex-Shadow|69\/100\n|-ability|p1a: Calyrex|As One\n|-ability|p1a: Calyrex|Unnerve\n|turn|15\n|\n|t:|1698270965\n|move|p1a: Calyrex|Astral Barrage|p2a: Koraidon\n|-damage|p2a: Koraidon|0 fnt\n|faint|p2a: Koraidon\n|-ability|p1a: Calyrex|Grim Neigh|boost\n|-boost|p1a: Calyrex|spa|1\n|\n|-weather|SunnyDay|[upkeep]\n|upkeep\n|inactive|Conscious Talk ENT has 90 seconds left.\n|c|\u2606Conscious Talk ENT|You are horrible\n|c|\u2606Conscious Talk ENT|But I learn from my losses\n|c|\u2606Conscious Talk ENT|I will whoop you\n|c|\u2606Gabrisabanero|thanks\n|\n|t:|1698270998\n|switch|p2a: Arceus|Arceus-Fairy|100\/100\n|turn|16\n|c|\u2606Gabrisabanero|I still don't hink u are new btw\n|\n|t:|1698271008\n|move|p1a: Calyrex|Astral Barrage|p2a: Arceus\n|-damage|p2a: Arceus|32\/100\n|move|p2a: Arceus|Judgment|p1a: Calyrex\n|-damage|p1a: Calyrex|5\/100\n|\n|-weather|SunnyDay|[upkeep]\n|upkeep\n|turn|17\n|inactive|Conscious Talk ENT has 60 seconds left.\n|\n|t:|1698271032\n|switch|p2a: Eternatus|Eternatus|99\/100\n|-ability|p2a: Eternatus|Pressure\n|move|p1a: Calyrex|Astral Barrage|p2a: Eternatus\n|-damage|p2a: Eternatus|0 fnt\n|faint|p2a: Eternatus\n|-ability|p1a: Calyrex|Grim Neigh|boost\n|-boost|p1a: Calyrex|spa|1\n|\n|-weather|none\n|upkeep\n|inactive|Conscious Talk ENT has 60 seconds left.\n|\n|t:|1698271045\n|switch|p2a: Miraidon|Miraidon|100\/100\n|-fieldstart|move: Electric Terrain|[from] ability: Hadron Engine|[of] p2a: Miraidon\n|turn|18\n|inactive|Conscious Talk ENT has 60 seconds left.\n|\n|t:|1698271054\n|move|p2a: Miraidon|Draco Meteor|p1a: Calyrex|[miss]\n|-miss|p2a: Miraidon|p1a: Calyrex\n|move|p1a: Calyrex|Astral Barrage|p2a: Miraidon\n|-damage|p2a: Miraidon|0 fnt\n|faint|p2a: Miraidon\n|-ability|p1a: Calyrex|Grim Neigh|boost\n|-boost|p1a: Calyrex|spa|1\n|\n|upkeep\n|c|\u2606Gabrisabanero|lol\n|inactive|Conscious Talk ENT has 60 seconds left.\n|c|\u2606Gabrisabanero|ggs bud\n|c|\u2606Conscious Talk ENT|Nice dodge\n|\n|t:|1698271069\n|switch|p2a: Arceus|Arceus-Fairy|32\/100\n|turn|19\n|c|\u2606Conscious Talk ENT|One day...\n|c|\u2606Gabrisabanero|in case u do are new, u are getting better :)\n|c|\u2606Gabrisabanero|but just in case\n|c|\u2606Gabrisabanero|fu ck u\n|c|\u2606Conscious Talk ENT|I will remember you lol\n|\n|t:|1698271094\n|move|p1a: Calyrex|Astral Barrage|p2a: Arceus\n|-damage|p2a: Arceus|0 fnt\n|faint|p2a: Arceus\n|\n|win|Gabrisabanero\n|raw|Gabrisabanero's rating: 1324 &rarr; <strong>1344<\/strong><br \/>(+20 for winning)\n|raw|Conscious Talk ENT's rating: 1326 &rarr; <strong>1306<\/strong><br \/>(-20 for losing)\n","uploadtime":1698271092,"views":9,"p1id":"gabrisabanero","p2id":"conscioustalkent","formatid":"gen9anythinggoes","rating":1306,"private":0,"password":""}