{"id":"gen9anythinggoes-1974649640","p1":"qqqwsx","p2":"Rrgbjjkkh","format":"[Gen 9] Anything Goes","log":"|j|\u2606qqqwsx\n|j|\u2606Rrgbjjkkh\n|t:|1698106530\n|gametype|singles\n|player|p1|qqqwsx|firebreather|1137\n|player|p2|Rrgbjjkkh|li|1111\n|teamsize|p1|6\n|teamsize|p2|6\n|gen|9\n|tier|[Gen 9] Anything Goes\n|rated|\n|rule|HP Percentage Mod: HP is shown in percentages\n|rule|Endless Battle Clause: Forcing endless battles is banned\n|clearpoke\n|poke|p1|Kingambit, M|\n|poke|p1|Kingambit, M|\n|poke|p1|Kingambit, F|\n|poke|p1|Kingambit, M|\n|poke|p1|Kingambit, F|\n|poke|p1|Kingambit, M|\n|poke|p2|Ditto|\n|poke|p2|Flutter Mane|\n|poke|p2|Chien-Pao|\n|poke|p2|Miraidon|\n|poke|p2|Maushold|\n|poke|p2|Ditto|\n|teampreview\n|inactive|Battle timer is ON: inactive players will automatically lose when time's up. (requested by qqqwsx)\n|\n|t:|1698106553\n|start\n|switch|p1a: Kingambit|Kingambit, M|100\/100\n|switch|p2a: Same|Ditto, shiny|100\/100\n|-ability|p1a: Kingambit|Pressure\n|-transform|p2a: Same|p1a: Kingambit|[from] ability: Imposter\n|-ability|p2a: Same|Pressure\n|turn|1\n|-activate|p1a: Kingambit|item: Quick Claw\n|\n|t:|1698106571\n|move|p1a: Kingambit|Stealth Rock|p2a: Same\n|-sidestart|p2: Rrgbjjkkh|move: Stealth Rock\n|move|p2a: Same|Stealth Rock|p1a: Kingambit\n|-sidestart|p1: qqqwsx|move: Stealth Rock\n|\n|upkeep\n|turn|2\n|\n|t:|1698106580\n|move|p1a: Kingambit|Guillotine|p2a: Same\n|-enditem|p2a: Same|Focus Sash\n|-damage|p2a: Same|1\/100\n|move|p2a: Same|Guillotine|p1a: Kingambit|[miss]\n|-miss|p2a: Same|p1a: Kingambit\n|\n|upkeep\n|turn|3\n|\n|t:|1698106589\n|move|p1a: Kingambit|Sucker Punch|p2a: Same\n|-resisted|p2a: Same\n|-damage|p2a: Same|0 fnt\n|faint|p2a: Same\n|\n|upkeep\n|c|\u2606qqqwsx|it's so fucked up, isn't it\n|c|\u2606qqqwsx|quick claw guillotine\n|\n|t:|1698106607\n|switch|p2a: Deadmaus|Maushold|100\/100\n|-damage|p2a: Deadmaus|88\/100|[from] Stealth Rock\n|turn|4\n|-activate|p1a: Kingambit|item: Quick Claw\n|\n|t:|1698106611\n|move|p1a: Kingambit|Guillotine|p2a: Deadmaus\n|-damage|p2a: Deadmaus|0 fnt\n|faint|p2a: Deadmaus\n|-ohko\n|\n|upkeep\n|\n|t:|1698106616\n|switch|p2a: Sweepster|Miraidon|100\/100\n|-damage|p2a: Sweepster|88\/100|[from] Stealth Rock\n|-fieldstart|move: Electric Terrain|[from] ability: Hadron Engine|[of] p2a: Sweepster\n|turn|5\n|\n|t:|1698106621\n|-terastallize|p2a: Sweepster|Electric\n|move|p2a: Sweepster|Electro Drift|p1a: Kingambit\n|-damage|p1a: Kingambit|0 fnt\n|faint|p1a: Kingambit\n|\n|upkeep\n|\n|t:|1698106625\n|switch|p1a: Kingambit|Kingambit, M|100\/100\n|-damage|p1a: Kingambit|94\/100|[from] Stealth Rock\n|-ability|p1a: Kingambit|Pressure\n|turn|6\n|\n|t:|1698106631\n|move|p2a: Sweepster|Electro Drift|p1a: Kingambit\n|-damage|p1a: Kingambit|0 fnt\n|faint|p1a: Kingambit\n|\n|upkeep\n|\n|t:|1698106633\n|switch|p1a: Kingambit|Kingambit, F|100\/100\n|-damage|p1a: Kingambit|94\/100|[from] Stealth Rock\n|-ability|p1a: Kingambit|Pressure\n|turn|7\n|\n|t:|1698106641\n|move|p2a: Sweepster|Electro Drift|p1a: Kingambit\n|-damage|p1a: Kingambit|0 fnt\n|faint|p1a: Kingambit\n|\n|upkeep\n|\n|t:|1698106643\n|switch|p1a: Kingambit|Kingambit, M|100\/100\n|-damage|p1a: Kingambit|94\/100|[from] Stealth Rock\n|-ability|p1a: Kingambit|Pressure\n|turn|8\n|-activate|p1a: Kingambit|item: Quick Claw\n|\n|t:|1698106652\n|move|p1a: Kingambit|Sucker Punch|p2a: Sweepster\n|-damage|p2a: Sweepster|57\/100\n|move|p2a: Sweepster|Electro Drift|p1a: Kingambit\n|-damage|p1a: Kingambit|0 fnt\n|faint|p1a: Kingambit\n|\n|upkeep\n|\n|t:|1698106657\n|switch|p1a: Kingambit|Kingambit, F|100\/100\n|-damage|p1a: Kingambit|94\/100|[from] Stealth Rock\n|-ability|p1a: Kingambit|Pressure\n|turn|9\n|c|\u2606qqqwsx|fuck\n|\n|t:|1698106663\n|-activate|p2a: Sweepster|move: Struggle\n|move|p2a: Sweepster|Struggle|p1a: Kingambit\n|-damage|p1a: Kingambit|89\/100\n|-damage|p2a: Sweepster|32\/100|[from] recoil\n|move|p1a: Kingambit|Guillotine|p2a: Sweepster\n|-damage|p2a: Sweepster|0 fnt\n|faint|p2a: Sweepster\n|-ohko\n|\n|-fieldend|move: Electric Terrain\n|upkeep\n|c|\u2606qqqwsx|oh\n|c|\u2606qqqwsx|pressure op\n|\n|t:|1698106673\n|switch|p2a: Miss Op|Flutter Mane, shiny|100\/100\n|-damage|p2a: Miss Op|88\/100|[from] Stealth Rock\n|turn|10\n|\n|t:|1698106676\n|move|p2a: Miss Op|Mystical Fire|p1a: Kingambit\n|-supereffective|p1a: Kingambit\n|-crit|p1a: Kingambit\n|-damage|p1a: Kingambit|12\/100\n|-unboost|p1a: Kingambit|spa|1\n|move|p1a: Kingambit|Kowtow Cleave|p2a: Miss Op\n|-damage|p2a: Miss Op|4\/100\n|\n|upkeep\n|turn|11\n|\n|t:|1698106685\n|move|p1a: Kingambit|Sucker Punch||[still]\n|-fail|p1a: Kingambit\n|move|p2a: Miss Op|Calm Mind|p2a: Miss Op\n|-boost|p2a: Miss Op|spa|1\n|-boost|p2a: Miss Op|spd|1\n|\n|upkeep\n|turn|12\n|\n|t:|1698106692\n|move|p1a: Kingambit|Sucker Punch||[still]\n|-fail|p1a: Kingambit\n|move|p2a: Miss Op|Calm Mind|p2a: Miss Op\n|-boost|p2a: Miss Op|spa|1\n|-boost|p2a: Miss Op|spd|1\n|\n|upkeep\n|turn|13\n|\n|t:|1698106698\n|move|p1a: Kingambit|Sucker Punch||[still]\n|-fail|p1a: Kingambit\n|move|p2a: Miss Op|Calm Mind|p2a: Miss Op\n|-boost|p2a: Miss Op|spa|1\n|-boost|p2a: Miss Op|spd|1\n|\n|upkeep\n|turn|14\n|\n|t:|1698106704\n|move|p2a: Miss Op|Calm Mind|p2a: Miss Op\n|-boost|p2a: Miss Op|spa|1\n|-boost|p2a: Miss Op|spd|1\n|move|p1a: Kingambit|Kowtow Cleave|p2a: Miss Op\n|-damage|p2a: Miss Op|0 fnt\n|faint|p2a: Miss Op\n|-end|p2a: Miss Op|Protosynthesis|[silent]\n|\n|upkeep\n|\n|t:|1698106710\n|switch|p2a: Same2|Ditto|100\/100\n|-damage|p2a: Same2|88\/100|[from] Stealth Rock\n|-transform|p2a: Same2|p1a: Kingambit|[from] ability: Imposter\n|-ability|p2a: Same2|Pressure\n|turn|15\n|\n|t:|1698106716\n|move|p2a: Same2|Kowtow Cleave|p1a: Kingambit\n|-resisted|p1a: Kingambit\n|-damage|p1a: Kingambit|3\/100\n|move|p1a: Kingambit|Guillotine|p2a: Same2|[miss]\n|-miss|p1a: Kingambit|p2a: Same2\n|\n|upkeep\n|turn|16\n|\n|t:|1698106720\n|move|p2a: Same2|Kowtow Cleave|p1a: Kingambit\n|-resisted|p1a: Kingambit\n|-damage|p1a: Kingambit|0 fnt\n|faint|p1a: Kingambit\n|\n|upkeep\n|\n|t:|1698106723\n|switch|p1a: Kingambit|Kingambit, M|100\/100\n|-damage|p1a: Kingambit|94\/100|[from] Stealth Rock\n|-activate|p1a: Kingambit|ability: Supreme Overlord\n|-start|p1a: Kingambit|fallen5|[silent]\n|turn|17\n|\n|t:|1698106730\n|switch|p2a: Stat eliminator|Chien-Pao|100\/100\n|-damage|p2a: Stat eliminator|76\/100|[from] Stealth Rock\n|-ability|p2a: Stat eliminator|Sword of Ruin\n|move|p1a: Kingambit|Guillotine|p2a: Stat eliminator\n|-damage|p2a: Stat eliminator|0 fnt\n|faint|p2a: Stat eliminator\n|-ohko\n|\n|upkeep\n|\n|t:|1698106731\n|switch|p2a: Same2|Ditto|88\/100\n|-damage|p2a: Same2|76\/100|[from] Stealth Rock\n|-transform|p2a: Same2|p1a: Kingambit|[from] ability: Imposter\n|-activate|p2a: Same2|ability: Supreme Overlord\n|-start|p2a: Same2|fallen5|[silent]\n|turn|18\n|\n|t:|1698106736\n|move|p2a: Same2|Guillotine|p1a: Kingambit\n|-damage|p1a: Kingambit|0 fnt\n|faint|p1a: Kingambit\n|-end|p1a: Kingambit|fallen5|[silent]\n|-ohko\n|\n|win|Rrgbjjkkh\n|raw|qqqwsx's rating: 1137 &rarr; <strong>1110<\/strong><br \/>(-27 for losing)\n|raw|Rrgbjjkkh's rating: 1111 &rarr; <strong>1138<\/strong><br \/>(+27 for winning)\n|c|\u2606qqqwsx|noo\n","uploadtime":1698106745,"views":8,"p1id":"qqqwsx","p2id":"rrgbjjkkh","formatid":"gen9anythinggoes","rating":1110,"private":0,"password":""}