{"id":"gen9anythinggoes-1982266317","p1":"Ankun4","p2":"Naga sake","format":"[Gen 9] Anything Goes","log":"|j|\u2606Ankun4\n|j|\u2606Naga sake\n|t:|1698986832\n|gametype|singles\n|player|p1|Ankun4|170|1025\n|player|p2|Naga sake|chili|1052\n|teamsize|p1|6\n|teamsize|p2|6\n|gen|9\n|tier|[Gen 9] Anything Goes\n|rated|\n|rule|HP Percentage Mod: HP is shown in percentages\n|rule|Endless Battle Clause: Forcing endless battles is banned\n|clearpoke\n|poke|p1|Pikachu, M|\n|poke|p1|Torterra, F|\n|poke|p1|Milotic, M|\n|poke|p1|Gardevoir, M|\n|poke|p1|Heatran, F|\n|poke|p1|Umbreon, F|\n|poke|p2|Cyclizar, M|\n|poke|p2|Gengar, M|\n|poke|p2|Articuno|\n|poke|p2|Sylveon, F|\n|poke|p2|Ursaring, F|\n|poke|p2|Palossand, M|\n|teampreview\n|\n|t:|1698986855\n|start\n|switch|p1a: Umbreon|Umbreon, F|100\/100\n|switch|p2a: Wally|Cyclizar, M, shiny|100\/100\n|turn|1\n|\n|t:|1698986866\n|move|p2a: Wally|Overheat|p1a: Umbreon\n|-damage|p1a: Umbreon|86\/100\n|-unboost|p2a: Wally|spa|2\n|move|p1a: Umbreon|Confuse Ray|p2a: Wally\n|-start|p2a: Wally|confusion\n|\n|-heal|p1a: Umbreon|92\/100|[from] item: Leftovers\n|upkeep\n|turn|2\n|\n|t:|1698986876\n|-activate|p2a: Wally|confusion\n|-damage|p2a: Wally|89\/100|[from] confusion\n|move|p1a: Umbreon|Toxic|p2a: Wally\n|-status|p2a: Wally|tox\n|\n|-heal|p1a: Umbreon|98\/100|[from] item: Leftovers\n|-damage|p2a: Wally|83\/100 tox|[from] psn\n|upkeep\n|turn|3\n|\n|t:|1698986883\n|-end|p2a: Wally|confusion\n|move|p2a: Wally|Shed Tail|p2a: Wally\n|-start|p2a: Wally|Substitute|[from] move: Shed Tail\n|-damage|p2a: Wally|33\/100 tox\n|\n|t:|1698986898\n|switch|p2a: Coco Chanel|Sylveon, F|100\/100|[from] Shed Tail\n|move|p1a: Umbreon|Foul Play|p2a: Coco Chanel\n|-resisted|p2a: Coco Chanel\n|-activate|p2a: Coco Chanel|move: Substitute|[damage]\n|\n|-heal|p1a: Umbreon|100\/100|[from] item: Leftovers\n|upkeep\n|turn|4\n|\n|t:|1698986920\n|switch|p1a: Gardevoir|Gardevoir, M|100\/100\n|-ability|p1a: Gardevoir|Pixilate|[from] ability: Trace|[of] p2a: Coco Chanel\n|move|p2a: Coco Chanel|Hyper Voice|p1a: Gardevoir\n|-crit|p1a: Gardevoir\n|-damage|p1a: Gardevoir|40\/100\n|\n|-heal|p1a: Gardevoir|46\/100|[from] item: Leftovers\n|upkeep\n|turn|5\n|\n|t:|1698986944\n|move|p2a: Coco Chanel|Hyper Voice|p1a: Gardevoir\n|-damage|p1a: Gardevoir|0 fnt\n|faint|p1a: Gardevoir\n|\n|upkeep\n|\n|t:|1698986948\n|switch|p1a: Torterra|Torterra, F|100\/100\n|turn|6\n|\n|t:|1698986957\n|move|p2a: Coco Chanel|Baton Pass|p2a: Coco Chanel\n|\n|t:|1698986959\n|switch|p2a: Wally|Cyclizar, M, shiny|66\/100 tox|[from] Baton Pass\n|move|p1a: Torterra|Stealth Rock|p2a: Wally\n|-sidestart|p2: Naga sake|move: Stealth Rock\n|\n|-damage|p2a: Wally|60\/100 tox|[from] psn\n|upkeep\n|turn|7\n|\n|t:|1698986969\n|move|p2a: Wally|Overheat|p1a: Torterra|[miss]\n|-miss|p2a: Wally|p1a: Torterra\n|move|p1a: Torterra|Earthquake|p2a: Wally\n|-end|p2a: Wally|Substitute\n|\n|-damage|p2a: Wally|47\/100 tox|[from] psn\n|upkeep\n|turn|8\n|\n|t:|1698986977\n|move|p2a: Wally|Overheat|p1a: Torterra\n|-supereffective|p1a: Torterra\n|-damage|p1a: Torterra|53\/100\n|-unboost|p2a: Wally|spa|2\n|move|p1a: Torterra|Earthquake|p2a: Wally\n|-damage|p2a: Wally|0 fnt\n|faint|p2a: Wally\n|\n|-heal|p1a: Torterra|59\/100|[from] item: Leftovers\n|upkeep\n|\n|t:|1698986984\n|switch|p2a: Articuno|Articuno|100\/100\n|-ability|p2a: Articuno|Pressure\n|turn|9\n|\n|t:|1698986997\n|switch|p1a: Pikachu|Pikachu, M|100\/100\n|move|p2a: Articuno|Brave Bird|p1a: Pikachu\n|-resisted|p1a: Pikachu\n|-damage|p1a: Pikachu|37\/100\n|-status|p2a: Articuno|par|[from] ability: Static|[of] p1a: Pikachu\n|-damage|p2a: Articuno|86\/100 par|[from] Recoil\n|\n|upkeep\n|turn|10\n|\n|t:|1698987008\n|move|p1a: Pikachu|Volt Switch|p2a: Articuno\n|-supereffective|p2a: Articuno\n|-damage|p2a: Articuno|30\/100 par\n|\n|t:|1698987012\n|switch|p1a: Heatran|Heatran, F|100\/100|[from] Volt Switch\n|move|p2a: Articuno|Brave Bird|p1a: Heatran\n|-resisted|p1a: Heatran\n|-damage|p1a: Heatran|86\/100\n|-damage|p2a: Articuno|24\/100 par|[from] Recoil\n|\n|-heal|p1a: Heatran|92\/100|[from] item: Leftovers\n|upkeep\n|turn|11\n|\n|t:|1698987028\n|move|p1a: Heatran|Body Press|p2a: Articuno\n|-damage|p2a: Articuno|1\/100 par\n|cant|p2a: Articuno|par\n|\n|-heal|p1a: Heatran|98\/100|[from] item: Leftovers\n|upkeep\n|turn|12\n|\n|t:|1698987036\n|move|p1a: Heatran|Body Press|p2a: Articuno\n|-damage|p2a: Articuno|0 fnt\n|faint|p2a: Articuno\n|\n|-heal|p1a: Heatran|100\/100|[from] item: Leftovers\n|upkeep\n|\n|t:|1698987051\n|switch|p2a: Fort Knox|Palossand, M|100\/100\n|-damage|p2a: Fort Knox|94\/100|[from] Stealth Rock\n|turn|13\n|\n|t:|1698987054\n|move|p1a: Heatran|Magma Storm|p2a: Fort Knox\n|-crit|p2a: Fort Knox\n|-damage|p2a: Fort Knox|0 fnt\n|faint|p2a: Fort Knox\n|\n|upkeep\n|-message|Naga sake forfeited.\n|\n|win|Ankun4\n|raw|Ankun4's rating: 1025 &rarr; <strong>1064<\/strong><br \/>(+39 for winning)\n|raw|Naga sake's rating: 1052 &rarr; <strong>1033<\/strong><br \/>(-19 for losing)\n|l|\u2606Naga sake\n","uploadtime":1698987100,"views":12,"p1id":"ankun4","p2id":"nagasake","formatid":"gen9anythinggoes","rating":1033,"private":0,"password":""}