{"id":"gen9anythinggoes-1989574829","p1":"eavo","p2":"Kamitami","format":"[Gen 9] Anything Goes","log":"|j|\u2606eavo\n|j|\u2606Kamitami\n|t:|1699873576\n|gametype|singles\n|player|p1|eavo|erika-gen2|1750\n|player|p2|Kamitami|steven|1619\n|teamsize|p1|6\n|teamsize|p2|6\n|gen|9\n|tier|[Gen 9] Anything Goes\n|rated|\n|rule|HP Percentage Mod: HP is shown in percentages\n|rule|Endless Battle Clause: Forcing endless battles is banned\n|clearpoke\n|poke|p1|Toxapex, M|\n|poke|p1|Giratina-Origin|\n|poke|p1|Arceus-Fairy|\n|poke|p1|Ting-Lu|\n|poke|p1|Zacian-*|\n|poke|p1|Koraidon|\n|poke|p2|Amoonguss, M|\n|poke|p2|Grimmsnarl, M|\n|poke|p2|Ditto|\n|poke|p2|Glalie, M|\n|poke|p2|Scovillain, M|\n|poke|p2|Miraidon|\n|teampreview\n|inactive|Battle timer is ON: inactive players will automatically lose when time's up. (requested by eavo)\n|\n|t:|1699873599\n|start\n|switch|p1a: Home|Ting-Lu|100\/100\n|switch|p2a: Grimmsnarl|Grimmsnarl, M|100\/100\n|-ability|p1a: Home|Vessel of Ruin\n|turn|1\n|\n|t:|1699873607\n|move|p2a: Grimmsnarl|Reflect|p2a: Grimmsnarl\n|-sidestart|p2: Kamitami|Reflect\n|move|p1a: Home|Spikes|p2a: Grimmsnarl\n|-sidestart|p2: Kamitami|Spikes\n|\n|upkeep\n|turn|2\n|\n|t:|1699873612\n|move|p2a: Grimmsnarl|Light Screen|p2a: Grimmsnarl\n|-sidestart|p2: Kamitami|move: Light Screen\n|move|p1a: Home|Spikes|p2a: Grimmsnarl\n|-sidestart|p2: Kamitami|Spikes\n|\n|upkeep\n|turn|3\n|\n|t:|1699873617\n|switch|p2a: Scovillain|Scovillain, M|100\/100\n|-damage|p2a: Scovillain|84\/100|[from] Spikes\n|move|p1a: Home|Spikes|p2a: Scovillain\n|-sidestart|p2: Kamitami|Spikes\n|\n|-heal|p2a: Scovillain|90\/100|[from] item: Leftovers\n|-ability|p2a: Scovillain|Moody|boost\n|-boost|p2a: Scovillain|def|2\n|-unboost|p2a: Scovillain|atk|1\n|upkeep\n|turn|4\n|\n|t:|1699873628\n|move|p2a: Scovillain|Giga Drain|p1a: Home\n|-supereffective|p1a: Home\n|-damage|p1a: Home|71\/100\n|-heal|p2a: Scovillain|100\/100|[from] drain|[of] p1a: Home\n|move|p1a: Home|Taunt|p2a: Scovillain\n|-start|p2a: Scovillain|move: Taunt\n|\n|-heal|p1a: Home|77\/100|[from] item: Leftovers\n|-ability|p2a: Scovillain|Moody|boost\n|-boost|p2a: Scovillain|spd|2\n|-unboost|p2a: Scovillain|spa|1\n|upkeep\n|turn|5\n|\n|t:|1699873641\n|switch|p1a: Imperium|Giratina-Origin, shiny|100\/100\n|move|p2a: Scovillain|Giga Drain|p1a: Imperium\n|-resisted|p1a: Imperium\n|-damage|p1a: Imperium|94\/100\n|\n|-ability|p2a: Scovillain|Moody|boost\n|-boost|p2a: Scovillain|atk|2\n|-unboost|p2a: Scovillain|spd|1\n|upkeep\n|turn|6\n|\n|t:|1699873651\n|switch|p2a: Amoonguss|Amoonguss, M|100\/100\n|-damage|p2a: Amoonguss|76\/100|[from] Spikes\n|move|p1a: Imperium|Dragon Tail|p2a: Amoonguss|[miss]\n|-miss|p1a: Imperium|p2a: Amoonguss\n|\n|-heal|p2a: Amoonguss|82\/100|[from] item: Black Sludge\n|upkeep\n|turn|7\n|\n|t:|1699873660\n|move|p2a: Amoonguss|Toxic|p1a: Imperium\n|-status|p1a: Imperium|tox\n|move|p1a: Imperium|Dragon Tail|p2a: Amoonguss\n|-damage|p2a: Amoonguss|64\/100\n|drag|p2a: Grimmsnarl|Grimmsnarl, M|100\/100\n|-damage|p2a: Grimmsnarl|75\/100|[from] Spikes\n|\n|-damage|p1a: Imperium|88\/100 tox|[from] psn\n|upkeep\n|turn|8\n|\n|t:|1699873671\n|move|p1a: Imperium|Thunder Wave|p2a: Grimmsnarl|[miss]\n|-miss|p1a: Imperium|p2a: Grimmsnarl\n|move|p2a: Grimmsnarl|Spirit Break|p1a: Imperium\n|-supereffective|p1a: Imperium\n|-damage|p1a: Imperium|42\/100 tox\n|-unboost|p1a: Imperium|spa|1\n|\n|-damage|p1a: Imperium|30\/100 tox|[from] psn\n|-sideend|p2: Kamitami|Reflect\n|upkeep\n|turn|9\n|\n|t:|1699873682\n|move|p2a: Grimmsnarl|Parting Shot|p1a: Imperium\n|-unboost|p1a: Imperium|atk|1\n|-unboost|p1a: Imperium|spa|1\n|\n|t:|1699873686\n|switch|p2a: Miraidon|Miraidon|100\/100|[from] Parting Shot\n|-damage|p2a: Miraidon|76\/100|[from] Spikes\n|-fieldstart|move: Electric Terrain|[from] ability: Hadron Engine|[of] p2a: Miraidon\n|move|p1a: Imperium|Thunder Wave|p2a: Miraidon\n|-immune|p2a: Miraidon\n|\n|-damage|p1a: Imperium|11\/100 tox|[from] psn\n|-sideend|p2: Kamitami|move: Light Screen\n|upkeep\n|turn|10\n|\n|t:|1699873702\n|move|p1a: Imperium|Shadow Sneak|p2a: Miraidon\n|-damage|p2a: Miraidon|59\/100\n|move|p2a: Miraidon|Dazzling Gleam|p1a: Imperium\n|-supereffective|p1a: Imperium\n|-damage|p1a: Imperium|0 fnt\n|faint|p1a: Imperium\n|\n|upkeep\n|inactive|eavo has 120 seconds left.\n|\n|t:|1699873744\n|switch|p1a: Icarus|Koraidon|100\/100\n|-weather|SunnyDay|[from] ability: Orichalcum Pulse|[of] p1a: Icarus\n|-activate|p1a: Icarus|Orichalcum Pulse|[source]\n|turn|11\n|\n|t:|1699873763\n|move|p2a: Miraidon|Dazzling Gleam|p1a: Icarus\n|-supereffective|p1a: Icarus\n|-crit|p1a: Icarus\n|-damage|p1a: Icarus|0 fnt\n|faint|p1a: Icarus\n|\n|-weather|SunnyDay|[upkeep]\n|upkeep\n|inactive|eavo has 120 seconds left.\n|\n|t:|1699873785\n|switch|p1a: Innocence|Arceus-Fairy|100\/100\n|turn|12\n|\n|t:|1699873789\n|switch|p2a: Grimmsnarl|Grimmsnarl, M|75\/100\n|-damage|p2a: Grimmsnarl|50\/100|[from] Spikes\n|move|p1a: Innocence|Calm Mind|p1a: Innocence\n|-boost|p1a: Innocence|spa|1\n|-boost|p1a: Innocence|spd|1\n|\n|-weather|SunnyDay|[upkeep]\n|upkeep\n|turn|13\n|\n|t:|1699873799\n|move|p2a: Grimmsnarl|Light Screen|p2a: Grimmsnarl\n|-sidestart|p2: Kamitami|move: Light Screen\n|move|p1a: Innocence|Calm Mind|p1a: Innocence\n|-boost|p1a: Innocence|spa|1\n|-boost|p1a: Innocence|spd|1\n|\n|-weather|SunnyDay|[upkeep]\n|-fieldend|move: Electric Terrain\n|upkeep\n|turn|14\n|\n|t:|1699873806\n|move|p2a: Grimmsnarl|Reflect|p2a: Grimmsnarl\n|-sidestart|p2: Kamitami|Reflect\n|move|p1a: Innocence|Calm Mind|p1a: Innocence\n|-boost|p1a: Innocence|spa|1\n|-boost|p1a: Innocence|spd|1\n|\n|-weather|SunnyDay|[upkeep]\n|upkeep\n|turn|15\n|\n|t:|1699873813\n|move|p1a: Innocence|Judgment|p2a: Grimmsnarl\n|-supereffective|p2a: Grimmsnarl\n|-damage|p2a: Grimmsnarl|0 fnt\n|faint|p2a: Grimmsnarl\n|\n|-weather|none\n|upkeep\n|\n|t:|1699873820\n|switch|p2a: Amoonguss|Amoonguss, M|97\/100\n|-damage|p2a: Amoonguss|72\/100|[from] Spikes\n|turn|16\n|\n|t:|1699873829\n|switch|p1a: Shelter|Toxapex, M|100\/100\n|move|p2a: Amoonguss|Clear Smog|p1a: Shelter\n|-resisted|p1a: Shelter\n|-damage|p1a: Shelter|94\/100\n|-clearboost|p1a: Shelter\n|\n|-heal|p2a: Amoonguss|79\/100|[from] item: Black Sludge\n|upkeep\n|turn|17\n|\n|t:|1699873840\n|switch|p2a: Ditto|Ditto|100\/100\n|-damage|p2a: Ditto|75\/100|[from] Spikes\n|-transform|p2a: Ditto|p1a: Shelter|[from] ability: Imposter\n|move|p1a: Shelter|Toxic Spikes|p2a: Ditto\n|-sidestart|p2: Kamitami|move: Toxic Spikes\n|\n|-heal|p2a: Ditto|81\/100|[from] item: Leftovers\n|upkeep\n|turn|18\n|inactive|eavo has 120 seconds left.\n|\n|t:|1699873872\n|switch|p1a: Zephyr|Zacian-Crowned|100\/100\n|-ability|p1a: Zephyr|Intrepid Sword|boost\n|-boost|p1a: Zephyr|atk|1\n|move|p2a: Ditto|Toxic Spikes|p1a: Zephyr\n|-sidestart|p1: eavo|move: Toxic Spikes\n|\n|-heal|p2a: Ditto|87\/100|[from] item: Leftovers\n|upkeep\n|turn|19\n|\n|t:|1699873882\n|move|p1a: Zephyr|Substitute|p1a: Zephyr\n|-start|p1a: Zephyr|Substitute\n|-damage|p1a: Zephyr|76\/100\n|move|p2a: Ditto|Haze|p2a: Ditto\n|-clearallboost\n|\n|-heal|p2a: Ditto|93\/100|[from] item: Leftovers\n|upkeep\n|turn|20\n|\n|t:|1699873892\n|switch|p2a: Amoonguss|Amoonguss, M|100\/100\n|-damage|p2a: Amoonguss|76\/100|[from] Spikes\n|-sideend|p2: Kamitami|move: Toxic Spikes|[of] p2a: Amoonguss\n|move|p1a: Zephyr|Swords Dance|p1a: Zephyr\n|-boost|p1a: Zephyr|atk|2\n|\n|-heal|p2a: Amoonguss|82\/100|[from] item: Black Sludge\n|-sideend|p2: Kamitami|move: Light Screen\n|upkeep\n|turn|21\n|\n|t:|1699873903\n|switch|p2a: Scovillain|Scovillain, M|100\/100\n|-damage|p2a: Scovillain|75\/100|[from] Spikes\n|move|p1a: Zephyr|Swords Dance|p1a: Zephyr\n|-boost|p1a: Zephyr|atk|2\n|\n|-heal|p2a: Scovillain|82\/100|[from] item: Leftovers\n|-sideend|p2: Kamitami|Reflect\n|-ability|p2a: Scovillain|Moody|boost\n|-boost|p2a: Scovillain|spa|2\n|-unboost|p2a: Scovillain|spd|1\n|upkeep\n|turn|22\n|\n|t:|1699873916\n|move|p1a: Zephyr|Behemoth Blade|p2a: Scovillain\n|-resisted|p2a: Scovillain\n|-damage|p2a: Scovillain|0 fnt\n|faint|p2a: Scovillain\n|\n|upkeep\n|\n|t:|1699873923\n|switch|p2a: Miraidon|Miraidon|59\/100\n|-damage|p2a: Miraidon|34\/100|[from] Spikes\n|-fieldstart|move: Electric Terrain|[from] ability: Hadron Engine|[of] p2a: Miraidon\n|turn|23\n|\n|t:|1699873933\n|move|p2a: Miraidon|Electro Drift|p1a: Zephyr\n|-end|p1a: Zephyr|Substitute\n|move|p1a: Zephyr|Play Rough|p2a: Miraidon\n|-supereffective|p2a: Miraidon\n|-damage|p2a: Miraidon|0 fnt\n|faint|p2a: Miraidon\n|\n|upkeep\n|\n|t:|1699873942\n|switch|p2a: Ditto|Ditto|100\/100\n|-damage|p2a: Ditto|75\/100|[from] Spikes\n|-transform|p2a: Ditto|p1a: Zephyr|[from] ability: Imposter\n|-ability|p2a: Ditto|Intrepid Sword|boost\n|-boost|p2a: Ditto|atk|1\n|turn|24\n|j| testaltv25\n|\n|t:|1699873951\n|switch|p1a: Shelter|Toxapex, M|100\/100\n|-sideend|p1: eavo|move: Toxic Spikes|[of] p1a: Shelter\n|move|p2a: Ditto|Behemoth Blade|p1a: Shelter\n|-resisted|p1a: Shelter\n|-damage|p1a: Shelter|43\/100\n|-damage|p2a: Ditto|59\/100|[from] item: Rocky Helmet|[of] p1a: Shelter\n|\n|-heal|p2a: Ditto|65\/100|[from] item: Leftovers\n|upkeep\n|turn|25\n|\n|t:|1699873964\n|switch|p1a: Home|Ting-Lu|77\/100\n|-ability|p1a: Home|Vessel of Ruin\n|move|p2a: Ditto|Behemoth Blade|p1a: Home\n|-damage|p1a: Home|0 fnt\n|faint|p1a: Home\n|\n|-heal|p2a: Ditto|71\/100|[from] item: Leftovers\n|upkeep\n|\n|t:|1699873965\n|switch|p1a: Shelter|Toxapex, M|77\/100\n|turn|26\n|\n|t:|1699873981\n|move|p2a: Ditto|Behemoth Blade|p1a: Shelter\n|-resisted|p1a: Shelter\n|-damage|p1a: Shelter|20\/100\n|-damage|p2a: Ditto|54\/100|[from] item: Rocky Helmet|[of] p1a: Shelter\n|move|p1a: Shelter|Haze|p1a: Shelter\n|-clearallboost\n|\n|-heal|p2a: Ditto|60\/100|[from] item: Leftovers\n|upkeep\n|turn|27\n|\n|t:|1699873993\n|move|p2a: Ditto|Behemoth Blade|p1a: Shelter\n|-resisted|p1a: Shelter\n|-damage|p1a: Shelter|1\/100\n|-damage|p2a: Ditto|43\/100|[from] item: Rocky Helmet|[of] p1a: Shelter\n|move|p1a: Shelter|Recover|p1a: Shelter\n|-heal|p1a: Shelter|51\/100\n|\n|-heal|p2a: Ditto|49\/100|[from] item: Leftovers\n|-fieldend|move: Electric Terrain\n|upkeep\n|turn|28\n|\n|t:|1699874008\n|switch|p2a: Glalie|Glalie, M, shiny|100\/100\n|-damage|p2a: Glalie|76\/100|[from] Spikes\n|move|p1a: Shelter|Toxic Spikes|p2a: Glalie\n|-sidestart|p2: Kamitami|move: Toxic Spikes\n|\n|-heal|p2a: Glalie|82\/100|[from] item: Leftovers\n|-ability|p2a: Glalie|Moody|boost\n|-boost|p2a: Glalie|spd|2\n|-unboost|p2a: Glalie|atk|1\n|upkeep\n|turn|29\n|j| Primordiallite\n|\n|t:|1699874019\n|move|p2a: Glalie|Substitute|p2a: Glalie\n|-start|p2a: Glalie|Substitute\n|-damage|p2a: Glalie|57\/100\n|move|p1a: Shelter|Poison Jab|p2a: Glalie\n|-activate|p2a: Glalie|move: Substitute|[damage]\n|\n|-heal|p2a: Glalie|63\/100|[from] item: Leftovers\n|-ability|p2a: Glalie|Moody|boost\n|-boost|p2a: Glalie|spd|2\n|-unboost|p2a: Glalie|spa|1\n|upkeep\n|turn|30\n|\n|t:|1699874031\n|switch|p1a: Innocence|Arceus-Fairy|100\/100\n|move|p2a: Glalie|Protect||[still]\n|-fail|p2a: Glalie\n|\n|-heal|p2a: Glalie|69\/100|[from] item: Leftovers\n|-ability|p2a: Glalie|Moody|boost\n|-boost|p2a: Glalie|spe|2\n|-unboost|p2a: Glalie|spa|1\n|upkeep\n|turn|31\n|\n|t:|1699874043\n|switch|p2a: Amoonguss|Amoonguss, M|100\/100\n|-damage|p2a: Amoonguss|76\/100|[from] Spikes\n|-sideend|p2: Kamitami|move: Toxic Spikes|[of] p2a: Amoonguss\n|move|p1a: Innocence|Calm Mind|p1a: Innocence\n|-boost|p1a: Innocence|spa|1\n|-boost|p1a: Innocence|spd|1\n|\n|-heal|p2a: Amoonguss|82\/100|[from] item: Black Sludge\n|upkeep\n|turn|32\n|\n|t:|1699874054\n|switch|p1a: Shelter|Toxapex, M|84\/100\n|move|p2a: Amoonguss|Toxic|p1a: Shelter\n|-immune|p1a: Shelter\n|\n|-heal|p2a: Amoonguss|88\/100|[from] item: Black Sludge\n|upkeep\n|turn|33\n|\n|t:|1699874066\n|switch|p2a: Glalie|Glalie, M, shiny|69\/100\n|-damage|p2a: Glalie|44\/100|[from] Spikes\n|move|p1a: Shelter|Poison Jab|p2a: Glalie\n|-damage|p2a: Glalie|20\/100\n|-status|p2a: Glalie|psn\n|\n|-heal|p2a: Glalie|26\/100 psn|[from] item: Leftovers\n|-damage|p2a: Glalie|13\/100 psn|[from] psn\n|-ability|p2a: Glalie|Moody|boost\n|-boost|p2a: Glalie|atk|2\n|-unboost|p2a: Glalie|spa|1\n|upkeep\n|turn|34\n|c|\u2606eavo|gottem\n|c|\u2606eavo|it's over lad\n|\n|t:|1699874080\n|move|p2a: Glalie|Earthquake|p1a: Shelter\n|-supereffective|p1a: Shelter\n|-damage|p1a: Shelter|21\/100\n|move|p1a: Shelter|Haze|p1a: Shelter\n|-clearallboost\n|\n|-heal|p2a: Glalie|19\/100 psn|[from] item: Leftovers\n|-damage|p2a: Glalie|7\/100 psn|[from] psn\n|-ability|p2a: Glalie|Moody|boost\n|-boost|p2a: Glalie|def|2\n|-unboost|p2a: Glalie|atk|1\n|upkeep\n|turn|35\n|\n|t:|1699874092\n|move|p2a: Glalie|Earthquake|p1a: Shelter\n|-supereffective|p1a: Shelter\n|-damage|p1a: Shelter|0 fnt\n|faint|p1a: Shelter\n|\n|-heal|p2a: Glalie|13\/100 psn|[from] item: Leftovers\n|-damage|p2a: Glalie|1\/100 psn|[from] psn\n|-ability|p2a: Glalie|Moody|boost\n|-boost|p2a: Glalie|spd|2\n|-unboost|p2a: Glalie|spe|1\n|upkeep\n|c| Primordiallite|Bro getting excited by outplaying a glalie team\n|\n|t:|1699874099\n|switch|p1a: Innocence|Arceus-Fairy|100\/100\n|turn|36\n|\n|t:|1699874110\n|move|p1a: Innocence|Recover||[still]\n|-fail|p1a: Innocence|heal\n|move|p2a: Glalie|Earthquake|p1a: Innocence\n|-damage|p1a: Innocence|92\/100\n|\n|-heal|p2a: Glalie|7\/100 psn|[from] item: Leftovers\n|-damage|p2a: Glalie|0 fnt|[from] psn\n|faint|p2a: Glalie\n|upkeep\n|c|\u2606eavo|true\n|\n|t:|1699874120\n|switch|p2a: Amoonguss|Amoonguss, M|100\/100\n|-damage|p2a: Amoonguss|76\/100|[from] Spikes\n|turn|37\n|\n|t:|1699874129\n|switch|p2a: Ditto|Ditto|49\/100\n|-damage|p2a: Ditto|24\/100|[from] Spikes\n|-transform|p2a: Ditto|p1a: Innocence|[from] ability: Imposter\n|move|p1a: Innocence|Will-O-Wisp|p2a: Ditto\n|-status|p2a: Ditto|brn\n|\n|-heal|p2a: Ditto|30\/100 brn|[from] item: Leftovers\n|-damage|p2a: Ditto|24\/100 brn|[from] brn\n|upkeep\n|turn|38\n|c| Primordiallite|What\n|c| Primordiallite|..\n|\n|t:|1699874143\n|move|p1a: Innocence|Judgment|p2a: Ditto\n|-damage|p2a: Ditto|0 fnt\n|faint|p2a: Ditto\n|\n|upkeep\n|c| Primordiallite|Bro wouldve won\n|l|\u2606Kamitami\n|inactive|Kamitami disconnected and has a minute to reconnect!\n|player|p2|\n|c|\u2606eavo|yeah not with that attitude\n|c| Primordiallite|Bro didnt click toxic\n|c|\u2606eavo|he's not winning shit\n|c| Primordiallite|Real\n|inactive|Kamitami has 30 seconds to reconnect!\n|inactive|Kamitami has 20 seconds to reconnect!\n|c| testaltv25|EW why are you using girao\n|inactive|Kamitami has 15 seconds to reconnect!\n|c| testaltv25|that shit is ASS\n|c|\u2606eavo|\u00af\u2060\\\u2060_\u2060(\u2060\u30c4\u2060)\u2060_\u2060\/\u2060\u00af\n|inactive|Kamitami has 10 seconds to reconnect!\n|c| Primordiallite|I agree\n|inactive|Kamitami has 5 seconds to reconnect!\n|c|\u2606eavo|wanted to see how it fares vs scarf korai\n|-message|Kamitami lost due to inactivity.\n|\n|win|eavo\n|raw|eavo's rating: 1750 &rarr; <strong>1763<\/strong><br \/>(+13 for winning)\n|raw|Kamitami's rating: 1619 &rarr; <strong>1606<\/strong><br \/>(-13 for losing)\n|c|\u2606eavo|only for me to not get a single one\n|c|\u2606eavo|\ud83d\udc4d\n|c| testaltv25|I only used gira o in early meta because groundceus usage was crazy\n|c|\u2606eavo|real\n|c|\u2606eavo|groundceus almost unused atp\n|c| testaltv25|i keep seeing it in every game\n|c| testaltv25|not now though\n|c| testaltv25|bro disappeared from the ladder\n|l| Primordiallite\n|l| testaltv25\n","uploadtime":1699874246,"views":4,"p1id":"eavo","p2id":"kamitami","formatid":"gen9anythinggoes","rating":1606,"private":0,"password":""}