{"id":"gen9anythinggoes-1977004145","p1":"zippa man","p2":"HaloCr","format":"[Gen 9] Anything Goes","log":"|j|\u2606zippa man\n|j|\u2606HaloCr\n|t:|1698360832\n|gametype|singles\n|player|p1|zippa man|depotagent|1029\n|player|p2|HaloCr|pokemonbreederf|1089\n|teamsize|p1|6\n|teamsize|p2|6\n|gen|9\n|tier|[Gen 9] Anything Goes\n|rated|\n|rule|HP Percentage Mod: HP is shown in percentages\n|rule|Endless Battle Clause: Forcing endless battles is banned\n|clearpoke\n|poke|p1|Gyarados, M|\n|poke|p1|Regieleki|\n|poke|p1|Talonflame, F|\n|poke|p1|Flutter Mane|\n|poke|p1|Groudon|\n|poke|p1|Blissey, F|\n|poke|p2|Ninetales-Alola, F|\n|poke|p2|Noctowl, F|\n|poke|p2|Magcargo, F|\n|poke|p2|Greninja-*, M|\n|poke|p2|Conkeldurr, F|\n|poke|p2|Sandslash-Alola, F|\n|teampreview\n|\n|t:|1698360849\n|start\n|switch|p1a: Blissey|Blissey, F|100\/100\n|switch|p2a: Ninetales|Ninetales-Alola, F, shiny|100\/100\n|-weather|Snow|[from] ability: Snow Warning|[of] p2a: Ninetales\n|turn|1\n|\n|t:|1698360857\n|move|p2a: Ninetales|Aurora Veil|p2a: Ninetales\n|-sidestart|p2: HaloCr|move: Aurora Veil\n|move|p1a: Blissey|Rain Dance|p1a: Blissey\n|-weather|RainDance\n|\n|-weather|RainDance|[upkeep]\n|upkeep\n|turn|2\n|\n|t:|1698360865\n|switch|p2a: Conkeldurr|Conkeldurr, F|100\/100\n|move|p1a: Blissey|Fire Blast|p2a: Conkeldurr|[miss]\n|-miss|p1a: Blissey|p2a: Conkeldurr\n|\n|-weather|RainDance|[upkeep]\n|-status|p2a: Conkeldurr|brn|[from] item: Flame Orb\n|upkeep\n|turn|3\n|\n|t:|1698360876\n|switch|p1a: Flutter Mane|Flutter Mane|100\/100\n|move|p2a: Conkeldurr|Mach Punch|p1a: Flutter Mane\n|-immune|p1a: Flutter Mane\n|\n|-weather|RainDance|[upkeep]\n|-damage|p2a: Conkeldurr|94\/100 brn|[from] brn\n|upkeep\n|turn|4\n|\n|t:|1698360884\n|move|p1a: Flutter Mane|Shadow Ball|p2a: Conkeldurr\n|-damage|p2a: Conkeldurr|72\/100 brn\n|-unboost|p2a: Conkeldurr|spd|1\n|move|p2a: Conkeldurr|Knock Off|p1a: Flutter Mane\n|-damage|p1a: Flutter Mane|27\/100\n|-enditem|p1a: Flutter Mane|Aguav Berry|[from] move: Knock Off|[of] p2a: Conkeldurr\n|\n|-weather|RainDance|[upkeep]\n|-damage|p2a: Conkeldurr|66\/100 brn|[from] brn\n|upkeep\n|turn|5\n|\n|t:|1698360895\n|move|p1a: Flutter Mane|Shadow Ball|p2a: Conkeldurr\n|-damage|p2a: Conkeldurr|35\/100 brn\n|move|p2a: Conkeldurr|Knock Off|p1a: Flutter Mane\n|-crit|p1a: Flutter Mane\n|-damage|p1a: Flutter Mane|0 fnt\n|faint|p1a: Flutter Mane\n|-end|p1a: Flutter Mane|Protosynthesis|[silent]\n|\n|-weather|RainDance|[upkeep]\n|-damage|p2a: Conkeldurr|29\/100 brn|[from] brn\n|-sideend|p2: HaloCr|move: Aurora Veil\n|upkeep\n|\n|t:|1698360902\n|switch|p1a: Regieleki|Regieleki|100\/100\n|turn|6\n|\n|t:|1698360909\n|switch|p2a: Ninetales|Ninetales-Alola, F, shiny|100\/100\n|-weather|Snow|[from] ability: Snow Warning|[of] p2a: Ninetales\n|move|p1a: Regieleki|Thunder|p2a: Ninetales|[miss]\n|-miss|p1a: Regieleki|p2a: Ninetales\n|\n|-weather|Snow|[upkeep]\n|upkeep\n|turn|7\n|\n|t:|1698360918\n|switch|p1a: Groudon|Groudon|100\/100\n|-weather|SunnyDay|[from] ability: Drought|[of] p1a: Groudon\n|move|p2a: Ninetales|Aurora Veil||[still]\n|-fail|p2a: Ninetales\n|\n|-weather|SunnyDay|[upkeep]\n|upkeep\n|turn|8\n|\n|t:|1698360926\n|switch|p2a: Conkeldurr|Conkeldurr, F|29\/100 brn\n|move|p1a: Groudon|Heat Crash|p2a: Conkeldurr\n|-crit|p2a: Conkeldurr\n|-damage|p2a: Conkeldurr|0 fnt\n|faint|p2a: Conkeldurr\n|\n|-weather|SunnyDay|[upkeep]\n|upkeep\n|\n|t:|1698360935\n|switch|p2a: Ninetales|Ninetales-Alola, F, shiny|100\/100\n|-weather|Snow|[from] ability: Snow Warning|[of] p2a: Ninetales\n|turn|9\n|\n|t:|1698360943\n|move|p2a: Ninetales|Aurora Veil|p2a: Ninetales\n|-sidestart|p2: HaloCr|move: Aurora Veil\n|move|p1a: Groudon|Heat Crash|p2a: Ninetales\n|-supereffective|p2a: Ninetales\n|-damage|p2a: Ninetales|63\/100\n|\n|-weather|Snow|[upkeep]\n|upkeep\n|turn|10\n|\n|t:|1698360949\n|switch|p2a: Greninja|Greninja, M|100\/100\n|move|p1a: Groudon|Stealth Rock|p2a: Greninja\n|-sidestart|p2: HaloCr|move: Stealth Rock\n|\n|-weather|Snow|[upkeep]\n|upkeep\n|turn|11\n|\n|t:|1698360957\n|switch|p1a: Blissey|Blissey, F|100\/100\n|move|p2a: Greninja|Surf|p1a: Blissey\n|-damage|p1a: Blissey|89\/100\n|\n|-weather|Snow|[upkeep]\n|upkeep\n|turn|12\n|\n|t:|1698360969\n|move|p2a: Greninja|U-turn|p1a: Blissey\n|-damage|p1a: Blissey|59\/100\n|\n|t:|1698360978\n|switch|p2a: Sandslash|Sandslash-Alola, F|100\/100|[from] U-turn\n|-damage|p2a: Sandslash|88\/100|[from] Stealth Rock\n|move|p1a: Blissey|Rain Dance|p1a: Blissey\n|-weather|RainDance\n|\n|-weather|RainDance|[upkeep]\n|upkeep\n|turn|13\n|\n|t:|1698360987\n|switch|p1a: Regieleki|Regieleki|100\/100\n|move|p2a: Sandslash|Swords Dance|p2a: Sandslash\n|-boost|p2a: Sandslash|atk|2\n|\n|-weather|RainDance|[upkeep]\n|-sideend|p2: HaloCr|move: Aurora Veil\n|upkeep\n|turn|14\n|\n|t:|1698360996\n|-terastallize|p2a: Sandslash|Ground\n|move|p1a: Regieleki|Thunder|p2a: Sandslash\n|-immune|p2a: Sandslash\n|move|p2a: Sandslash|Earthquake|p1a: Regieleki\n|-supereffective|p1a: Regieleki\n|-damage|p1a: Regieleki|0 fnt\n|faint|p1a: Regieleki\n|-damage|p2a: Sandslash|78\/100|[from] item: Life Orb\n|\n|-weather|RainDance|[upkeep]\n|upkeep\n|\n|t:|1698361003\n|switch|p1a: Gyarados|Gyarados, M|100\/100\n|turn|15\n|\n|t:|1698361009\n|move|p1a: Gyarados|Aqua Tail|p2a: Sandslash\n|-supereffective|p2a: Sandslash\n|-damage|p2a: Sandslash|0 fnt\n|faint|p2a: Sandslash\n|-ability|p1a: Gyarados|Moxie|boost\n|-boost|p1a: Gyarados|atk|1\n|\n|-weather|RainDance|[upkeep]\n|upkeep\n|\n|t:|1698361030\n|switch|p2a: Ninetales|Ninetales-Alola, F, shiny|63\/100\n|-damage|p2a: Ninetales|38\/100|[from] Stealth Rock\n|-weather|Snow|[from] ability: Snow Warning|[of] p2a: Ninetales\n|turn|16\n|\n|t:|1698361041\n|switch|p1a: Groudon|Groudon|100\/100\n|-weather|SunnyDay|[from] ability: Drought|[of] p1a: Groudon\n|move|p2a: Ninetales|Aurora Veil||[still]\n|-fail|p2a: Ninetales\n|\n|-weather|SunnyDay|[upkeep]\n|upkeep\n|turn|17\n|\n|t:|1698361049\n|move|p2a: Ninetales|Freeze-Dry|p1a: Groudon\n|-supereffective|p1a: Groudon\n|-damage|p1a: Groudon|56\/100\n|move|p1a: Groudon|Heat Crash|p2a: Ninetales\n|-supereffective|p2a: Ninetales\n|-damage|p2a: Ninetales|0 fnt\n|faint|p2a: Ninetales\n|\n|-weather|SunnyDay|[upkeep]\n|upkeep\n|\n|t:|1698361057\n|switch|p2a: Greninja|Greninja, M|100\/100\n|-damage|p2a: Greninja|88\/100|[from] Stealth Rock\n|turn|18\n|\n|t:|1698361064\n|switch|p1a: Gyarados|Gyarados, M|100\/100\n|move|p2a: Greninja|Ice Beam|p1a: Gyarados\n|-damage|p1a: Gyarados|78\/100\n|\n|-weather|SunnyDay|[upkeep]\n|upkeep\n|turn|19\n|\n|t:|1698361071\n|move|p1a: Gyarados|Aqua Tail|p2a: Greninja\n|-resisted|p2a: Greninja\n|-damage|p2a: Greninja|76\/100\n|move|p2a: Greninja|Dark Pulse|p1a: Gyarados\n|-damage|p1a: Gyarados|47\/100\n|\n|-weather|SunnyDay|[upkeep]\n|upkeep\n|turn|20\n|\n|t:|1698361079\n|-terastallize|p1a: Gyarados|Water\n|move|p1a: Gyarados|Ice Fang|p2a: Greninja|[miss]\n|-miss|p1a: Gyarados|p2a: Greninja\n|move|p2a: Greninja|Dark Pulse|p1a: Gyarados\n|-damage|p1a: Gyarados|13\/100\n|-enditem|p1a: Gyarados|Aguav Berry|[eat]\n|-heal|p1a: Gyarados|46\/100|[from] item: Aguav Berry\n|\n|-weather|none\n|upkeep\n|turn|21\n|\n|t:|1698361091\n|move|p1a: Gyarados|Ice Fang|p2a: Greninja\n|-resisted|p2a: Greninja\n|-damage|p2a: Greninja|63\/100\n|move|p2a: Greninja|Dark Pulse|p1a: Gyarados\n|-damage|p1a: Gyarados|13\/100\n|\n|upkeep\n|turn|22\n|\n|t:|1698361099\n|move|p1a: Gyarados|Aqua Tail|p2a: Greninja\n|-resisted|p2a: Greninja\n|-crit|p2a: Greninja\n|-damage|p2a: Greninja|9\/100\n|move|p2a: Greninja|Ice Beam|p1a: Gyarados\n|-resisted|p1a: Gyarados\n|-damage|p1a: Gyarados|1\/100\n|\n|upkeep\n|turn|23\n|\n|t:|1698361110\n|switch|p2a: Noctowl|Noctowl, F|100\/100\n|move|p1a: Gyarados|Ice Fang|p2a: Noctowl\n|-supereffective|p2a: Noctowl\n|-damage|p2a: Noctowl|57\/100\n|\n|upkeep\n|turn|24\n|\n|t:|1698361118\n|move|p1a: Gyarados|Aqua Tail|p2a: Noctowl\n|-damage|p2a: Noctowl|6\/100\n|move|p2a: Noctowl|Defog|p1a: Gyarados\n|-unboost|p1a: Gyarados|evasion|1\n|-sideend|p2: HaloCr|Stealth Rock|[from] move: Defog|[of] p2a: Noctowl\n|\n|upkeep\n|turn|25\n|\n|t:|1698361126\n|move|p1a: Gyarados|Aqua Tail|p2a: Noctowl\n|-damage|p2a: Noctowl|0 fnt\n|faint|p2a: Noctowl\n|-ability|p1a: Gyarados|Moxie|boost\n|-boost|p1a: Gyarados|atk|1\n|\n|upkeep\n|\n|t:|1698361132\n|switch|p2a: Greninja|Greninja, M|9\/100\n|turn|26\n|\n|t:|1698361135\n|move|p1a: Gyarados|Aqua Tail|p2a: Greninja\n|-resisted|p2a: Greninja\n|-damage|p2a: Greninja|0 fnt\n|faint|p2a: Greninja\n|-ability|p1a: Gyarados|Moxie|boost\n|-boost|p1a: Gyarados|atk|1\n|\n|upkeep\n|-message|HaloCr forfeited.\n|\n|win|zippa man\n|raw|zippa man's rating: 1029 &rarr; <strong>1071<\/strong><br \/>(+42 for winning)\n|raw|HaloCr's rating: 1089 &rarr; <strong>1062<\/strong><br \/>(-27 for losing)\n|l|\u2606HaloCr\n","uploadtime":1698361146,"views":7,"p1id":"zippaman","p2id":"halocr","formatid":"gen9anythinggoes","rating":1062,"private":0,"password":""}