{"id":"gen9anythinggoes-1988381544","p1":"EmradAnimations","p2":"Rai_rai1083","format":"[Gen 9] Anything Goes","log":"|j|\u2606EmradAnimations\n|j|\u2606Rai_rai1083\n|t:|1699716504\n|gametype|singles\n|player|p1|EmradAnimations|n|1059\n|player|p2|Rai_rai1083|265|1000\n|teamsize|p1|6\n|teamsize|p2|6\n|gen|9\n|tier|[Gen 9] Anything Goes\n|rated|\n|rule|HP Percentage Mod: HP is shown in percentages\n|rule|Endless Battle Clause: Forcing endless battles is banned\n|clearpoke\n|poke|p1|Kingambit, M|\n|poke|p1|Arboliva, F|\n|poke|p1|Klefki, M|\n|poke|p1|Annihilape, F|\n|poke|p1|Arcanine-Hisui, M|\n|poke|p1|Flutter Mane|\n|poke|p2|Zacian-*|\n|poke|p2|Samurott-Hisui, F|\n|poke|p2|Eternatus|\n|poke|p2|Skeledirge, M|\n|poke|p2|Maushold-Four|\n|poke|p2|Appletun, F|\n|teampreview\n|\n|t:|1699716520\n|start\n|switch|p1a: Bulk|Klefki, M|100\/100\n|switch|p2a: Cristine's|Maushold-Four, shiny|100\/100\n|turn|1\n|\n|t:|1699716532\n|-terastallize|p2a: Cristine's|Normal\n|move|p1a: Bulk|Reflect|p1a: Bulk\n|-sidestart|p1: EmradAnimations|Reflect\n|move|p2a: Cristine's|Population Bomb|p1a: Bulk\n|-resisted|p1a: Bulk\n|-damage|p1a: Bulk|99\/100\n|-resisted|p1a: Bulk\n|-damage|p1a: Bulk|96\/100\n|-resisted|p1a: Bulk\n|-damage|p1a: Bulk|95\/100\n|-resisted|p1a: Bulk\n|-damage|p1a: Bulk|93\/100\n|-resisted|p1a: Bulk\n|-damage|p1a: Bulk|91\/100\n|-resisted|p1a: Bulk\n|-damage|p1a: Bulk|89\/100\n|-hitcount|p1a: Bulk|6\n|\n|upkeep\n|turn|2\n|\n|t:|1699716550\n|move|p1a: Bulk|Spikes|p2a: Cristine's\n|-sidestart|p2: Rai_rai1083|Spikes\n|move|p2a: Cristine's|Seed Bomb|p1a: Bulk\n|-resisted|p1a: Bulk\n|-crit|p1a: Bulk\n|-damage|p1a: Bulk|77\/100\n|\n|upkeep\n|turn|3\n|inactive|Battle timer is ON: inactive players will automatically lose when time's up. (requested by EmradAnimations)\n|\n|t:|1699716559\n|move|p1a: Bulk|Spikes|p2a: Cristine's\n|-sidestart|p2: Rai_rai1083|Spikes\n|move|p2a: Cristine's|Play Rough|p1a: Bulk\n|-resisted|p1a: Bulk\n|-damage|p1a: Bulk|73\/100\n|\n|upkeep\n|turn|4\n|\n|t:|1699716568\n|move|p1a: Bulk|Spikes|p2a: Cristine's\n|-sidestart|p2: Rai_rai1083|Spikes\n|move|p2a: Cristine's|Population Bomb|p1a: Bulk\n|-resisted|p1a: Bulk\n|-damage|p1a: Bulk|70\/100\n|-resisted|p1a: Bulk\n|-damage|p1a: Bulk|68\/100\n|-resisted|p1a: Bulk\n|-damage|p1a: Bulk|67\/100\n|-resisted|p1a: Bulk\n|-damage|p1a: Bulk|65\/100\n|-resisted|p1a: Bulk\n|-damage|p1a: Bulk|63\/100\n|-resisted|p1a: Bulk\n|-damage|p1a: Bulk|61\/100\n|-resisted|p1a: Bulk\n|-damage|p1a: Bulk|59\/100\n|-resisted|p1a: Bulk\n|-damage|p1a: Bulk|57\/100\n|-resisted|p1a: Bulk\n|-damage|p1a: Bulk|55\/100\n|-hitcount|p1a: Bulk|9\n|\n|upkeep\n|turn|5\n|\n|t:|1699716587\n|move|p1a: Bulk|Light Screen|p1a: Bulk\n|-sidestart|p1: EmradAnimations|move: Light Screen\n|move|p2a: Cristine's|Population Bomb|p1a: Bulk\n|-resisted|p1a: Bulk\n|-damage|p1a: Bulk|53\/100\n|-resisted|p1a: Bulk\n|-damage|p1a: Bulk|51\/100\n|-resisted|p1a: Bulk\n|-damage|p1a: Bulk|49\/100\n|-resisted|p1a: Bulk\n|-damage|p1a: Bulk|47\/100\n|-hitcount|p1a: Bulk|4\n|\n|upkeep\n|turn|6\n|\n|t:|1699716598\n|move|p2a: Cristine's|Population Bomb|p1a: Bulk\n|-resisted|p1a: Bulk\n|-damage|p1a: Bulk|45\/100\n|-resisted|p1a: Bulk\n|-damage|p1a: Bulk|43\/100\n|-resisted|p1a: Bulk\n|-damage|p1a: Bulk|41\/100\n|-resisted|p1a: Bulk\n|-damage|p1a: Bulk|39\/100\n|-resisted|p1a: Bulk\n|-damage|p1a: Bulk|37\/100\n|-resisted|p1a: Bulk\n|-damage|p1a: Bulk|35\/100\n|-resisted|p1a: Bulk\n|-damage|p1a: Bulk|33\/100\n|-resisted|p1a: Bulk\n|-damage|p1a: Bulk|31\/100\n|-resisted|p1a: Bulk\n|-damage|p1a: Bulk|29\/100\n|-resisted|p1a: Bulk\n|-damage|p1a: Bulk|27\/100\n|-hitcount|p1a: Bulk|10\n|move|p1a: Bulk|Trick Room|p1a: Bulk\n|-fieldstart|move: Trick Room|[of] p1a: Bulk\n|\n|upkeep\n|turn|7\n|\n|t:|1699716617\n|switch|p1a: SMOL|Arboliva, F|100\/100\n|move|p2a: Cristine's|Population Bomb|p1a: SMOL\n|-damage|p1a: SMOL|95\/100\n|-fieldstart|move: Grassy Terrain|[from] ability: Seed Sower|[of] p1a: SMOL\n|-damage|p1a: SMOL|89\/100\n|-damage|p1a: SMOL|84\/100\n|-damage|p1a: SMOL|79\/100\n|-damage|p1a: SMOL|74\/100\n|-damage|p1a: SMOL|68\/100\n|-damage|p1a: SMOL|63\/100\n|-damage|p1a: SMOL|57\/100\n|-damage|p1a: SMOL|52\/100\n|-damage|p1a: SMOL|46\/100\n|-hitcount|p1a: SMOL|10\n|\n|-heal|p1a: SMOL|52\/100|[from] Grassy Terrain\n|upkeep\n|turn|8\n|inactive|Rai_rai1083 has 120 seconds left.\n|\n|t:|1699716639\n|move|p1a: SMOL|Sunny Day|p1a: SMOL\n|-weather|SunnyDay\n|move|p2a: Cristine's|Play Rough|p1a: SMOL\n|-damage|p1a: SMOL|40\/100\n|\n|-weather|SunnyDay|[upkeep]\n|-heal|p1a: SMOL|46\/100|[from] Grassy Terrain\n|-sideend|p1: EmradAnimations|Reflect\n|upkeep\n|turn|9\n|\n|t:|1699716647\n|move|p1a: SMOL|Solar Beam||[still]\n|-prepare|p1a: SMOL|Solar Beam\n|-anim|p1a: SMOL|Solar Beam|p2a: Cristine's\n|-damage|p2a: Cristine's|0 fnt\n|faint|p2a: Cristine's\n|\n|-weather|SunnyDay|[upkeep]\n|-heal|p1a: SMOL|53\/100|[from] Grassy Terrain\n|upkeep\n|\n|t:|1699716655\n|switch|p2a: Le Crocy|Skeledirge, M, shiny|100\/100\n|-damage|p2a: Le Crocy|76\/100|[from] Spikes\n|turn|10\n|\n|t:|1699716666\n|move|p1a: SMOL|Solar Beam||[still]\n|-prepare|p1a: SMOL|Solar Beam\n|-anim|p1a: SMOL|Solar Beam|p2a: Le Crocy\n|-resisted|p2a: Le Crocy\n|-damage|p2a: Le Crocy|22\/100\n|move|p2a: Le Crocy|Fire Blast|p1a: SMOL|[miss]\n|-miss|p2a: Le Crocy|p1a: SMOL\n|\n|-weather|SunnyDay|[upkeep]\n|-heal|p1a: SMOL|59\/100|[from] Grassy Terrain\n|-heal|p2a: Le Crocy|29\/100|[from] Grassy Terrain\n|-fieldend|move: Trick Room\n|upkeep\n|turn|11\n|\n|t:|1699716680\n|move|p2a: Le Crocy|Torch Song|p1a: SMOL\n|-supereffective|p1a: SMOL\n|-damage|p1a: SMOL|22\/100\n|-boost|p2a: Le Crocy|spa|1\n|move|p1a: SMOL|Solar Beam||[still]\n|-prepare|p1a: SMOL|Solar Beam\n|-anim|p1a: SMOL|Solar Beam|p2a: Le Crocy\n|-resisted|p2a: Le Crocy\n|-damage|p2a: Le Crocy|0 fnt\n|faint|p2a: Le Crocy\n|\n|-weather|SunnyDay|[upkeep]\n|-heal|p1a: SMOL|28\/100|[from] Grassy Terrain\n|-fieldend|move: Grassy Terrain\n|upkeep\n|\n|t:|1699716693\n|switch|p2a: Mr.imgonnaoofu|Eternatus, shiny|100\/100\n|-damage|p2a: Mr.imgonnaoofu|76\/100|[from] Spikes\n|-ability|p2a: Mr.imgonnaoofu|Pressure\n|turn|12\n|\n|t:|1699716701\n|move|p2a: Mr.imgonnaoofu|Gunk Shot|p1a: SMOL\n|-supereffective|p1a: SMOL\n|-damage|p1a: SMOL|0 fnt\n|-fieldstart|move: Grassy Terrain|[from] ability: Seed Sower|[of] p1a: SMOL\n|faint|p1a: SMOL\n|\n|-weather|none\n|-heal|p2a: Mr.imgonnaoofu|82\/100|[from] Grassy Terrain\n|-sideend|p1: EmradAnimations|move: Light Screen\n|upkeep\n|\n|t:|1699716705\n|switch|p1a: Sunner|Flutter Mane|100\/100\n|turn|13\n|\n|t:|1699716714\n|switch|p2a: Cyan Guardian|Zacian-Crowned, shiny|100\/100\n|-damage|p2a: Cyan Guardian|75\/100|[from] Spikes\n|-ability|p2a: Cyan Guardian|Intrepid Sword|boost\n|-boost|p2a: Cyan Guardian|atk|1\n|move|p1a: Sunner|Moonblast|p2a: Cyan Guardian\n|-resisted|p2a: Cyan Guardian\n|-damage|p2a: Cyan Guardian|45\/100\n|-unboost|p2a: Cyan Guardian|spa|1\n|\n|-heal|p2a: Cyan Guardian|51\/100|[from] Grassy Terrain\n|upkeep\n|turn|14\n|\n|t:|1699716731\n|-end|p1a: Sunner|Protosynthesis|[silent]\n|switch|p1a: Mr Nuh Uh|Arcanine-Hisui, M|100\/100\n|move|p2a: Cyan Guardian|Behemoth Blade|p1a: Mr Nuh Uh\n|-damage|p1a: Mr Nuh Uh|2\/100\n|\n|-heal|p2a: Cyan Guardian|57\/100|[from] Grassy Terrain\n|-heal|p1a: Mr Nuh Uh|8\/100|[from] Grassy Terrain\n|upkeep\n|turn|15\n|\n|t:|1699716741\n|move|p2a: Cyan Guardian|Dazzling Gleam|p1a: Mr Nuh Uh\n|-resisted|p1a: Mr Nuh Uh\n|-damage|p1a: Mr Nuh Uh|0 fnt\n|faint|p1a: Mr Nuh Uh\n|\n|-heal|p2a: Cyan Guardian|64\/100|[from] Grassy Terrain\n|upkeep\n|\n|t:|1699716746\n|switch|p1a: Bulk|Klefki, M|27\/100\n|turn|16\n|\n|t:|1699716755\n|move|p1a: Bulk|Reflect|p1a: Bulk\n|-sidestart|p1: EmradAnimations|Reflect\n|move|p2a: Cyan Guardian|Close Combat|p1a: Bulk\n|-damage|p1a: Bulk|4\/100\n|-unboost|p2a: Cyan Guardian|def|1\n|-unboost|p2a: Cyan Guardian|spd|1\n|\n|-heal|p2a: Cyan Guardian|70\/100|[from] Grassy Terrain\n|-heal|p1a: Bulk|10\/100|[from] Grassy Terrain\n|-fieldend|move: Grassy Terrain\n|upkeep\n|turn|17\n|\n|t:|1699716764\n|move|p1a: Bulk|Light Screen|p1a: Bulk\n|-sidestart|p1: EmradAnimations|move: Light Screen\n|move|p2a: Cyan Guardian|Close Combat|p1a: Bulk\n|-damage|p1a: Bulk|0 fnt\n|-unboost|p2a: Cyan Guardian|def|1\n|-unboost|p2a: Cyan Guardian|spd|1\n|faint|p1a: Bulk\n|\n|upkeep\n|\n|t:|1699716775\n|switch|p1a: Rageape|Annihilape, F|100\/100\n|turn|18\n|\n|t:|1699716779\n|move|p2a: Cyan Guardian|Moonblast|p1a: Rageape\n|-supereffective|p1a: Rageape\n|-damage|p1a: Rageape|86\/100\n|move|p1a: Rageape|Bulk Up|p1a: Rageape\n|-boost|p1a: Rageape|atk|1\n|-boost|p1a: Rageape|def|1\n|\n|upkeep\n|turn|19\n|\n|t:|1699716786\n|move|p2a: Cyan Guardian|Dazzling Gleam|p1a: Rageape\n|-supereffective|p1a: Rageape\n|-damage|p1a: Rageape|72\/100\n|move|p1a: Rageape|Bulk Up|p1a: Rageape\n|-boost|p1a: Rageape|atk|1\n|-boost|p1a: Rageape|def|1\n|\n|upkeep\n|turn|20\n|\n|t:|1699716796\n|move|p2a: Cyan Guardian|Behemoth Blade|p1a: Rageape\n|-damage|p1a: Rageape|55\/100\n|move|p1a: Rageape|Bulk Up|p1a: Rageape\n|-boost|p1a: Rageape|atk|1\n|-boost|p1a: Rageape|def|1\n|\n|upkeep\n|turn|21\n|\n|t:|1699716806\n|switch|p2a: Appletun|Appletun, F, shiny|100\/100\n|-damage|p2a: Appletun|76\/100|[from] Spikes\n|move|p1a: Rageape|Bulk Up|p1a: Rageape\n|-boost|p1a: Rageape|atk|1\n|-boost|p1a: Rageape|def|1\n|\n|upkeep\n|turn|22\n|\n|t:|1699716814\n|move|p1a: Rageape|Rest|p1a: Rageape\n|-status|p1a: Rageape|slp|[from] move: Rest\n|-heal|p1a: Rageape|100\/100 slp|[silent]\n|-enditem|p1a: Rageape|Chesto Berry|[eat]\n|-curestatus|p1a: Rageape|slp|[msg]\n|move|p2a: Appletun|Earthquake|p1a: Rageape\n|-damage|p1a: Rageape|96\/100\n|\n|upkeep\n|turn|23\n|\n|t:|1699716825\n|move|p1a: Rageape|Rage Fist|p2a: Appletun\n|-damage|p2a: Appletun|0 fnt\n|faint|p2a: Appletun\n|\n|-sideend|p1: EmradAnimations|Reflect\n|upkeep\n|\n|t:|1699716834\n|switch|p2a: My Fav Unova Mon|Samurott-Hisui, F, shiny|100\/100\n|-damage|p2a: My Fav Unova Mon|76\/100|[from] Spikes\n|turn|24\n|\n|t:|1699716841\n|move|p1a: Rageape|Drain Punch|p2a: My Fav Unova Mon\n|-supereffective|p2a: My Fav Unova Mon\n|-damage|p2a: My Fav Unova Mon|0 fnt\n|-heal|p1a: Rageape|100\/100|[from] drain|[of] p2a: My Fav Unova Mon\n|faint|p2a: My Fav Unova Mon\n|\n|-sideend|p1: EmradAnimations|move: Light Screen\n|upkeep\n|\n|t:|1699716848\n|switch|p2a: Mr.imgonnaoofu|Eternatus, shiny|82\/100\n|-damage|p2a: Mr.imgonnaoofu|57\/100|[from] Spikes\n|-ability|p2a: Mr.imgonnaoofu|Pressure\n|turn|25\n|\n|t:|1699716859\n|move|p2a: Mr.imgonnaoofu|Dynamax Cannon|p1a: Rageape\n|-damage|p1a: Rageape|59\/100\n|move|p1a: Rageape|Rage Fist|p2a: Mr.imgonnaoofu\n|-damage|p2a: Mr.imgonnaoofu|0 fnt\n|faint|p2a: Mr.imgonnaoofu\n|\n|upkeep\n|\n|t:|1699716867\n|switch|p2a: Cyan Guardian|Zacian-Crowned, shiny|70\/100\n|-damage|p2a: Cyan Guardian|45\/100|[from] Spikes\n|turn|26\n|\n|t:|1699716875\n|move|p2a: Cyan Guardian|Moonblast|p1a: Rageape\n|-supereffective|p1a: Rageape\n|-damage|p1a: Rageape|15\/100\n|move|p1a: Rageape|Rage Fist|p2a: Cyan Guardian\n|-damage|p2a: Cyan Guardian|0 fnt\n|faint|p2a: Cyan Guardian\n|\n|win|EmradAnimations\n|raw|EmradAnimations's rating: 1059 &rarr; <strong>1085<\/strong><br \/>(+26 for winning)\n|raw|Rai_rai1083's rating: 1000 &rarr; <strong>1000<\/strong><br \/>(+0 for losing)\n|l|\u2606Rai_rai1083\n","uploadtime":1699716914,"views":4,"p1id":"emradanimations","p2id":"rairai1083","formatid":"gen9anythinggoes","rating":1000,"private":0,"password":""}