{"id":"gen9anythinggoes-1971507434","p1":"Yurabeach","p2":"nouasnt2","format":"[Gen 9] Anything Goes","log":"|j|\u2606Yurabeach\n|j|\u2606nouasnt2\n|t:|1697743977\n|gametype|singles\n|player|p1|Yurabeach|backpacker|1144\n|player|p2|nouasnt2|101|1089\n|teamsize|p1|6\n|teamsize|p2|6\n|gen|9\n|tier|[Gen 9] Anything Goes\n|rated|\n|rule|HP Percentage Mod: HP is shown in percentages\n|rule|Endless Battle Clause: Forcing endless battles is banned\n|clearpoke\n|poke|p1|Orthworm, M|\n|poke|p1|Clodsire, M|\n|poke|p1|Glimmora, M|\n|poke|p1|Garganacl, F|\n|poke|p1|Kingambit, M|\n|poke|p1|Ceruledge, F|\n|poke|p2|Ninetales-Alola, M|\n|poke|p2|Staraptor, F|\n|poke|p2|Mamoswine, F|\n|poke|p2|Samurott-Hisui, F|\n|poke|p2|Slowking-Galar, F|\n|poke|p2|Baxcalibur, F|\n|teampreview\n|inactive|Battle timer is ON: inactive players will automatically lose when time's up. (requested by Yurabeach)\n|\n|t:|1697743986\n|start\n|switch|p1a: Glimmora|Glimmora, M, shiny|100\/100\n|switch|p2a: Samurott|Samurott-Hisui, F|100\/100\n|turn|1\n|\n|t:|1697743997\n|move|p2a: Samurott|Ceaseless Edge|p1a: Glimmora\n|-damage|p1a: Glimmora|34\/100\n|-activate|p1a: Glimmora|ability: Toxic Debris\n|-sidestart|p2: nouasnt2|move: Toxic Spikes\n|-sidestart|p1: Yurabeach|Spikes\n|-damage|p2a: Samurott|91\/100|[from] item: Life Orb\n|move|p1a: Glimmora|Power Gem|p2a: Samurott\n|-damage|p2a: Samurott|24\/100\n|\n|-heal|p1a: Glimmora|41\/100|[from] item: Black Sludge\n|upkeep\n|turn|2\n|\n|t:|1697744008\n|move|p1a: Glimmora|Spiky Shield|p1a: Glimmora\n|-singleturn|p1a: Glimmora|move: Protect\n|move|p2a: Samurott|Ceaseless Edge|p1a: Glimmora\n|-activate|p1a: Glimmora|move: Protect\n|-damage|p2a: Samurott|12\/100|[from] Spiky Shield|[of] p1a: Glimmora\n|\n|-heal|p1a: Glimmora|47\/100|[from] item: Black Sludge\n|upkeep\n|turn|3\n|\n|t:|1697744021\n|switch|p1a: Clodsire|Clodsire, M, shiny|100\/100\n|-damage|p1a: Clodsire|88\/100|[from] Spikes\n|move|p2a: Samurott|Ceaseless Edge|p1a: Clodsire\n|-damage|p1a: Clodsire|16\/100\n|-damage|p2a: Samurott|0 fnt|[from] item: Rocky Helmet|[of] p1a: Clodsire\n|faint|p2a: Samurott\n|\n|upkeep\n|\n|t:|1697744034\n|switch|p2a: Slowking|Slowking-Galar, F|100\/100\n|-sideend|p2: nouasnt2|move: Toxic Spikes|[of] p2a: Slowking\n|turn|4\n|\n|t:|1697744044\n|switch|p1a: Kingambit|Kingambit, M, shiny|100\/100\n|-damage|p1a: Kingambit|88\/100|[from] Spikes\n|move|p2a: Slowking|Toxic Spikes|p1a: Kingambit\n|-sidestart|p1: Yurabeach|move: Toxic Spikes\n|\n|upkeep\n|turn|5\n|\n|t:|1697744053\n|move|p1a: Kingambit|Kowtow Cleave|p2a: Slowking\n|-supereffective|p2a: Slowking\n|-damage|p2a: Slowking|9\/100\n|move|p2a: Slowking|Chilly Reception|p2a: Slowking\n|-weather|Snow\n|\n|t:|1697744061\n|switch|p2a: Mamoswine|Mamoswine, F|100\/100|[from] Chilly Reception\n|\n|-weather|Snow|[upkeep]\n|upkeep\n|turn|6\n|\n|t:|1697744069\n|-end|p1a: Kingambit|fallenundefined|[silent]\n|switch|p1a: Orthworm|Orthworm, M, shiny|100\/100\n|-damage|p1a: Orthworm|88\/100|[from] Spikes\n|move|p2a: Mamoswine|Knock Off|p1a: Orthworm\n|-damage|p1a: Orthworm|62\/100\n|-enditem|p1a: Orthworm|Leftovers|[from] move: Knock Off|[of] p2a: Mamoswine\n|\n|-weather|Snow|[upkeep]\n|upkeep\n|turn|7\n|\n|t:|1697744081\n|move|p2a: Mamoswine|Trailblaze|p1a: Orthworm\n|-resisted|p1a: Orthworm\n|-damage|p1a: Orthworm|55\/100\n|-boost|p2a: Mamoswine|spe|1\n|move|p1a: Orthworm|Coil|p1a: Orthworm\n|-boost|p1a: Orthworm|atk|1\n|-boost|p1a: Orthworm|def|1\n|-boost|p1a: Orthworm|accuracy|1\n|\n|-weather|Snow|[upkeep]\n|upkeep\n|turn|8\n|\n|t:|1697744091\n|move|p2a: Mamoswine|Icicle Spear|p1a: Orthworm\n|-resisted|p1a: Orthworm\n|-damage|p1a: Orthworm|52\/100\n|-resisted|p1a: Orthworm\n|-damage|p1a: Orthworm|49\/100\n|-resisted|p1a: Orthworm\n|-damage|p1a: Orthworm|46\/100\n|-resisted|p1a: Orthworm\n|-damage|p1a: Orthworm|43\/100\n|-hitcount|p1a: Orthworm|4\n|move|p1a: Orthworm|Iron Tail|p2a: Mamoswine\n|-supereffective|p2a: Mamoswine\n|-damage|p2a: Mamoswine|27\/100\n|\n|-weather|Snow|[upkeep]\n|upkeep\n|turn|9\n|\n|t:|1697744105\n|move|p2a: Mamoswine|Rock Blast|p1a: Orthworm\n|-resisted|p1a: Orthworm\n|-damage|p1a: Orthworm|41\/100\n|-resisted|p1a: Orthworm\n|-damage|p1a: Orthworm|39\/100\n|-resisted|p1a: Orthworm\n|-damage|p1a: Orthworm|36\/100\n|-resisted|p1a: Orthworm\n|-damage|p1a: Orthworm|34\/100\n|-hitcount|p1a: Orthworm|4\n|move|p1a: Orthworm|Iron Tail|p2a: Mamoswine|[miss]\n|-miss|p1a: Orthworm|p2a: Mamoswine\n|\n|-weather|none\n|upkeep\n|turn|10\n|\n|t:|1697744112\n|move|p2a: Mamoswine|Trailblaze|p1a: Orthworm\n|-resisted|p1a: Orthworm\n|-damage|p1a: Orthworm|30\/100\n|-boost|p2a: Mamoswine|spe|1\n|move|p1a: Orthworm|Iron Tail|p2a: Mamoswine\n|-supereffective|p2a: Mamoswine\n|-damage|p2a: Mamoswine|0 fnt\n|faint|p2a: Mamoswine\n|\n|upkeep\n|\n|t:|1697744124\n|switch|p2a: Slowking|Slowking-Galar, F|42\/100\n|turn|11\n|\n|t:|1697744128\n|move|p1a: Orthworm|Iron Tail|p2a: Slowking\n|-damage|p2a: Slowking|0 fnt\n|faint|p2a: Slowking\n|\n|upkeep\n|\n|t:|1697744133\n|switch|p2a: Baxcalibur|Baxcalibur, F|100\/100\n|turn|12\n|\n|t:|1697744137\n|move|p2a: Baxcalibur|Dragon Dance|p2a: Baxcalibur\n|-boost|p2a: Baxcalibur|atk|1\n|-boost|p2a: Baxcalibur|spe|1\n|move|p1a: Orthworm|Iron Tail|p2a: Baxcalibur\n|-supereffective|p2a: Baxcalibur\n|-damage|p2a: Baxcalibur|9\/100\n|-unboost|p2a: Baxcalibur|def|1\n|\n|-heal|p2a: Baxcalibur|15\/100|[from] item: Leftovers\n|upkeep\n|turn|13\n|\n|t:|1697744145\n|move|p1a: Orthworm|Protect|p1a: Orthworm\n|-singleturn|p1a: Orthworm|Protect\n|move|p2a: Baxcalibur|Glaive Rush|p1a: Orthworm\n|-activate|p1a: Orthworm|move: Protect\n|\n|-heal|p2a: Baxcalibur|21\/100|[from] item: Leftovers\n|upkeep\n|turn|14\n|\n|t:|1697744154\n|move|p2a: Baxcalibur|Glaive Rush|p1a: Orthworm\n|-resisted|p1a: Orthworm\n|-damage|p1a: Orthworm|8\/100\n|-singlemove|p2a: Baxcalibur|Glaive Rush|[silent]\n|move|p1a: Orthworm|Iron Tail|p2a: Baxcalibur\n|-supereffective|p2a: Baxcalibur\n|-damage|p2a: Baxcalibur|0 fnt\n|faint|p2a: Baxcalibur\n|\n|upkeep\n|\n|t:|1697744159\n|switch|p2a: Staraptor|Staraptor, F|100\/100\n|turn|15\n|\n|t:|1697744164\n|move|p1a: Orthworm|Protect|p1a: Orthworm\n|-singleturn|p1a: Orthworm|Protect\n|move|p2a: Staraptor|Whirlwind|p1a: Orthworm\n|drag|p1a: Kingambit|Kingambit, M, shiny|88\/100\n|-damage|p1a: Kingambit|76\/100|[from] Spikes\n|\n|upkeep\n|turn|16\n|\n|t:|1697744178\n|move|p1a: Kingambit|Guillotine|p2a: Staraptor|[miss]\n|-miss|p1a: Kingambit|p2a: Staraptor\n|move|p2a: Staraptor|Whirlwind|p1a: Kingambit\n|-end|p1a: Kingambit|fallenundefined|[silent]\n|drag|p1a: Garganacl|Garganacl, F, shiny|100\/100\n|-damage|p1a: Garganacl|88\/100|[from] Spikes\n|\n|upkeep\n|turn|17\n|\n|t:|1697744193\n|move|p1a: Garganacl|Salt Cure|p2a: Staraptor\n|-supereffective|p2a: Staraptor\n|-crit|p2a: Staraptor\n|-damage|p2a: Staraptor|33\/100\n|-start|p2a: Staraptor|Salt Cure\n|move|p2a: Staraptor|Whirlwind|p1a: Garganacl\n|drag|p1a: Kingambit|Kingambit, M, shiny|76\/100\n|-damage|p1a: Kingambit|64\/100|[from] Spikes\n|\n|-heal|p2a: Staraptor|39\/100|[from] item: Leftovers\n|-damage|p2a: Staraptor|27\/100|[from] Salt Cure\n|upkeep\n|turn|18\n|\n|t:|1697744206\n|move|p2a: Staraptor|Brave Bird|p1a: Kingambit\n|-resisted|p1a: Kingambit\n|-damage|p1a: Kingambit|36\/100\n|-damage|p2a: Staraptor|17\/100|[from] Recoil\n|move|p1a: Kingambit|Kowtow Cleave|p2a: Staraptor\n|-crit|p2a: Staraptor\n|-damage|p2a: Staraptor|0 fnt\n|faint|p2a: Staraptor\n|\n|upkeep\n|\n|t:|1697744216\n|switch|p2a: Ninetales|Ninetales-Alola, M|100\/100\n|-weather|Snow|[from] ability: Snow Warning|[of] p2a: Ninetales\n|turn|19\n|\n|t:|1697744224\n|move|p2a: Ninetales|Aurora Veil|p2a: Ninetales\n|-sidestart|p2: nouasnt2|move: Aurora Veil\n|move|p1a: Kingambit|Guillotine|p2a: Ninetales|[miss]\n|-miss|p1a: Kingambit|p2a: Ninetales\n|\n|-weather|Snow|[upkeep]\n|upkeep\n|turn|20\n|\n|t:|1697744231\n|move|p2a: Ninetales|Calm Mind|p2a: Ninetales\n|-boost|p2a: Ninetales|spa|1\n|-boost|p2a: Ninetales|spd|1\n|move|p1a: Kingambit|Guillotine|p2a: Ninetales\n|-damage|p2a: Ninetales|0 fnt\n|faint|p2a: Ninetales\n|-ohko\n|\n|win|Yurabeach\n|raw|Yurabeach's rating: 1144 &rarr; <strong>1165<\/strong><br \/>(+21 for winning)\n|raw|nouasnt2's rating: 1089 &rarr; <strong>1069<\/strong><br \/>(-20 for losing)\n|l|\u2606nouasnt2\n","uploadtime":1697744249,"views":9,"p1id":"yurabeach","p2id":"nouasnt2","formatid":"gen9anythinggoes","rating":1069,"private":0,"password":""}