{"id":"gen9anythinggoes-1978370632","p1":"LocalEspinas","p2":"Wisdom1472","format":"[Gen 9] Anything Goes","log":"|j|\u2606LocalEspinas\n|j|\u2606Wisdom1472\n|t:|1698530484\n|gametype|singles\n|player|p1|LocalEspinas|iris-gen5bw2|\n|player|p2|Wisdom1472|265|\n|teamsize|p1|6\n|teamsize|p2|1\n|gen|9\n|tier|[Gen 9] Anything Goes\n|rule|HP Percentage Mod: HP is shown in percentages\n|rule|Endless Battle Clause: Forcing endless battles is banned\n|clearpoke\n|poke|p1|Corviknight, M|\n|poke|p1|Oricorio-Sensu, F|\n|poke|p1|Glimmora, M|\n|poke|p1|Iron Bundle|\n|poke|p1|Manaphy|\n|poke|p1|Orthworm, M|\n|poke|p2|Skeledirge, F|\n|teampreview\n|\n|t:|1698530499\n|start\n|switch|p1a: Glimmora|Glimmora, M, shiny|100\/100\n|switch|p2a: Hehe|Skeledirge, F|100\/100\n|turn|1\n|\n|t:|1698530516\n|-terastallize|p2a: Hehe|Grass\n|move|p1a: Glimmora|Mortal Spin|p2a: Hehe\n|-supereffective|p2a: Hehe\n|-damage|p2a: Hehe|92\/100\n|-status|p2a: Hehe|psn\n|move|p2a: Hehe|Substitute|p2a: Hehe\n|-start|p2a: Hehe|Substitute\n|-damage|p2a: Hehe|67\/100 psn\n|\n|-heal|p2a: Hehe|73\/100 psn|[from] item: Leftovers\n|-damage|p2a: Hehe|61\/100 psn|[from] psn\n|upkeep\n|turn|2\n|\n|t:|1698530530\n|move|p1a: Glimmora|Toxic Spikes|p2a: Hehe\n|-sidestart|p2: Wisdom1472|move: Toxic Spikes\n|move|p2a: Hehe|Torch Song|p1a: Glimmora\n|-resisted|p1a: Glimmora\n|-damage|p1a: Glimmora|83\/100\n|-boost|p2a: Hehe|spa|1\n|\n|-heal|p1a: Glimmora|90\/100|[from] item: Leftovers\n|-heal|p2a: Hehe|67\/100 psn|[from] item: Leftovers\n|-damage|p2a: Hehe|54\/100 psn|[from] psn\n|upkeep\n|turn|3\n|\n|t:|1698530544\n|move|p1a: Glimmora|Mortal Spin|p2a: Hehe\n|-supereffective|p2a: Hehe\n|-activate|p2a: Hehe|move: Substitute|[damage]\n|move|p2a: Hehe|Slack Off|p2a: Hehe\n|-heal|p2a: Hehe|100\/100 psn\n|\n|-heal|p1a: Glimmora|96\/100|[from] item: Leftovers\n|-damage|p2a: Hehe|88\/100 psn|[from] psn\n|upkeep\n|turn|4\n|\n|t:|1698530555\n|move|p1a: Glimmora|Mortal Spin|p2a: Hehe\n|-supereffective|p2a: Hehe\n|-activate|p2a: Hehe|move: Substitute|[damage]\n|move|p2a: Hehe|Earth Power|p1a: Glimmora\n|-supereffective|p1a: Glimmora\n|-damage|p1a: Glimmora|0 fnt\n|faint|p1a: Glimmora\n|\n|-heal|p2a: Hehe|94\/100 psn|[from] item: Leftovers\n|-damage|p2a: Hehe|82\/100 psn|[from] psn\n|upkeep\n|\n|t:|1698530568\n|switch|p1a: Manaphy|Manaphy, shiny|100\/100\n|turn|5\n|\n|t:|1698530573\n|move|p1a: Manaphy|Take Heart|p1a: Manaphy\n|-boost|p1a: Manaphy|spa|1\n|-boost|p1a: Manaphy|spd|1\n|move|p2a: Hehe|Torch Song|p1a: Manaphy\n|-resisted|p1a: Manaphy\n|-damage|p1a: Manaphy|87\/100\n|-boost|p2a: Hehe|spa|1\n|\n|-heal|p1a: Manaphy|93\/100|[from] item: Leftovers\n|-heal|p2a: Hehe|88\/100 psn|[from] item: Leftovers\n|-damage|p2a: Hehe|75\/100 psn|[from] psn\n|upkeep\n|turn|6\n|\n|t:|1698530586\n|move|p1a: Manaphy|Take Heart|p1a: Manaphy\n|-boost|p1a: Manaphy|spa|1\n|-boost|p1a: Manaphy|spd|1\n|move|p2a: Hehe|Earth Power|p1a: Manaphy\n|-damage|p1a: Manaphy|66\/100\n|\n|-heal|p1a: Manaphy|73\/100|[from] item: Leftovers\n|-heal|p2a: Hehe|82\/100 psn|[from] item: Leftovers\n|-damage|p2a: Hehe|69\/100 psn|[from] psn\n|upkeep\n|turn|7\n|\n|t:|1698530597\n|move|p1a: Manaphy|Take Heart|p1a: Manaphy\n|-boost|p1a: Manaphy|spa|1\n|-boost|p1a: Manaphy|spd|1\n|move|p2a: Hehe|Slack Off|p2a: Hehe\n|-heal|p2a: Hehe|100\/100 psn\n|\n|-heal|p1a: Manaphy|79\/100|[from] item: Leftovers\n|-damage|p2a: Hehe|88\/100 psn|[from] psn\n|upkeep\n|turn|8\n|\n|t:|1698530607\n|move|p1a: Manaphy|Take Heart|p1a: Manaphy\n|-boost|p1a: Manaphy|spa|1\n|-boost|p1a: Manaphy|spd|1\n|move|p2a: Hehe|Torch Song|p1a: Manaphy\n|-resisted|p1a: Manaphy\n|-damage|p1a: Manaphy|59\/100\n|-boost|p2a: Hehe|spa|1\n|\n|-heal|p1a: Manaphy|65\/100|[from] item: Leftovers\n|-heal|p2a: Hehe|94\/100 psn|[from] item: Leftovers\n|-damage|p2a: Hehe|82\/100 psn|[from] psn\n|upkeep\n|turn|9\n|\n|t:|1698530620\n|move|p1a: Manaphy|Take Heart|p1a: Manaphy\n|-boost|p1a: Manaphy|spa|1\n|-boost|p1a: Manaphy|spd|1\n|move|p2a: Hehe|Torch Song|p1a: Manaphy\n|-resisted|p1a: Manaphy\n|-damage|p1a: Manaphy|43\/100\n|-boost|p2a: Hehe|spa|1\n|\n|-heal|p1a: Manaphy|49\/100|[from] item: Leftovers\n|-heal|p2a: Hehe|88\/100 psn|[from] item: Leftovers\n|-damage|p2a: Hehe|75\/100 psn|[from] psn\n|upkeep\n|turn|10\n|\n|t:|1698530637\n|move|p1a: Manaphy|Baton Pass|p1a: Manaphy\n|\n|t:|1698530642\n|switch|p1a: Iron Bundle|Iron Bundle|100\/100|[from] Baton Pass\n|-enditem|p1a: Iron Bundle|Booster Energy\n|-activate|p1a: Iron Bundle|ability: Quark Drive|[fromitem]\n|-start|p1a: Iron Bundle|quarkdrivespa\n|move|p2a: Hehe|Torch Song|p1a: Iron Bundle\n|-damage|p1a: Iron Bundle|0 fnt\n|-boost|p2a: Hehe|spa|1\n|faint|p1a: Iron Bundle\n|-end|p1a: Iron Bundle|Quark Drive|[silent]\n|\n|-heal|p2a: Hehe|82\/100 psn|[from] item: Leftovers\n|-damage|p2a: Hehe|69\/100 psn|[from] psn\n|upkeep\n|\n|t:|1698530661\n|switch|p1a: Oricorio|Oricorio-Sensu, F|100\/100\n|turn|11\n|\n|t:|1698530673\n|move|p1a: Oricorio|Hurricane|p2a: Hehe\n|-supereffective|p2a: Hehe\n|-end|p2a: Hehe|Substitute\n|move|p2a: Hehe|Slack Off|p2a: Hehe\n|-heal|p2a: Hehe|100\/100 psn\n|\n|-damage|p2a: Hehe|88\/100 psn|[from] psn\n|upkeep\n|turn|12\n|\n|t:|1698530704\n|move|p1a: Oricorio|Revelation Dance|p2a: Hehe\n|-damage|p2a: Hehe|53\/100 psn\n|move|p2a: Hehe|Torch Song|p1a: Oricorio\n|-damage|p1a: Oricorio|0 fnt\n|-boost|p2a: Hehe|spa|1\n|faint|p1a: Oricorio\n|\n|-heal|p2a: Hehe|59\/100 psn|[from] item: Leftovers\n|-damage|p2a: Hehe|47\/100 psn|[from] psn\n|upkeep\n|\n|t:|1698530725\n|switch|p1a: Orthworm|Orthworm, M|100\/100\n|turn|13\n|\n|t:|1698530750\n|-terastallize|p1a: Orthworm|Water\n|move|p2a: Hehe|Slack Off|p2a: Hehe\n|-heal|p2a: Hehe|97\/100 psn\n|move|p1a: Orthworm|Iron Head|p2a: Hehe\n|-crit|p2a: Hehe\n|-damage|p2a: Hehe|73\/100 psn\n|\n|-heal|p2a: Hehe|80\/100 psn|[from] item: Leftovers\n|-damage|p2a: Hehe|67\/100 psn|[from] psn\n|upkeep\n|turn|14\n|\n|t:|1698530762\n|move|p2a: Hehe|Earth Power|p1a: Orthworm\n|-immune|p1a: Orthworm|[from] ability: Earth Eater\n|move|p1a: Orthworm|Body Press|p2a: Hehe\n|-damage|p2a: Hehe|51\/100 psn\n|\n|-heal|p2a: Hehe|57\/100 psn|[from] item: Leftovers\n|-damage|p2a: Hehe|44\/100 psn|[from] psn\n|upkeep\n|turn|15\n|\n|t:|1698530772\n|move|p2a: Hehe|Slack Off|p2a: Hehe\n|-heal|p2a: Hehe|94\/100 psn\n|move|p1a: Orthworm|Iron Defense|p1a: Orthworm\n|-boost|p1a: Orthworm|def|2\n|\n|-heal|p2a: Hehe|100\/100 psn|[from] item: Leftovers\n|-damage|p2a: Hehe|88\/100 psn|[from] psn\n|upkeep\n|turn|16\n|\n|t:|1698530782\n|move|p2a: Hehe|Substitute|p2a: Hehe\n|-start|p2a: Hehe|Substitute\n|-damage|p2a: Hehe|63\/100 psn\n|move|p1a: Orthworm|Body Press|p2a: Hehe\n|-crit|p2a: Hehe\n|-activate|p2a: Hehe|move: Substitute|[damage]\n|\n|-heal|p2a: Hehe|69\/100 psn|[from] item: Leftovers\n|-damage|p2a: Hehe|57\/100 psn|[from] psn\n|upkeep\n|turn|17\n|\n|t:|1698530798\n|move|p2a: Hehe|Torch Song|p1a: Orthworm\n|-resisted|p1a: Orthworm\n|-damage|p1a: Orthworm|42\/100\n|-enditem|p1a: Orthworm|Sitrus Berry|[eat]\n|-heal|p1a: Orthworm|67\/100|[from] item: Sitrus Berry\n|move|p1a: Orthworm|Body Press|p2a: Hehe\n|-end|p2a: Hehe|Substitute\n|\n|-heal|p2a: Hehe|63\/100 psn|[from] item: Leftovers\n|-damage|p2a: Hehe|51\/100 psn|[from] psn\n|upkeep\n|turn|18\n|\n|t:|1698530831\n|move|p2a: Hehe|Slack Off|p2a: Hehe\n|-heal|p2a: Hehe|100\/100 psn\n|move|p1a: Orthworm|Body Press|p2a: Hehe\n|-crit|p2a: Hehe\n|-damage|p2a: Hehe|78\/100 psn\n|\n|-heal|p2a: Hehe|84\/100 psn|[from] item: Leftovers\n|-damage|p2a: Hehe|71\/100 psn|[from] psn\n|upkeep\n|turn|19\n|\n|t:|1698530854\n|move|p2a: Hehe|Torch Song|p1a: Orthworm\n|-resisted|p1a: Orthworm\n|-damage|p1a: Orthworm|5\/100\n|move|p1a: Orthworm|Body Press|p2a: Hehe\n|-damage|p2a: Hehe|55\/100 psn\n|\n|-heal|p2a: Hehe|61\/100 psn|[from] item: Leftovers\n|-damage|p2a: Hehe|49\/100 psn|[from] psn\n|upkeep\n|turn|20\n|\n|t:|1698530869\n|move|p2a: Hehe|Slack Off|p2a: Hehe\n|-heal|p2a: Hehe|99\/100 psn\n|move|p1a: Orthworm|Body Press|p2a: Hehe\n|-damage|p2a: Hehe|83\/100 psn\n|\n|-heal|p2a: Hehe|90\/100 psn|[from] item: Leftovers\n|-damage|p2a: Hehe|77\/100 psn|[from] psn\n|upkeep\n|turn|21\n|\n|t:|1698530881\n|move|p2a: Hehe|Torch Song|p1a: Orthworm\n|-resisted|p1a: Orthworm\n|-damage|p1a: Orthworm|0 fnt\n|faint|p1a: Orthworm\n|\n|-heal|p2a: Hehe|83\/100 psn|[from] item: Leftovers\n|-damage|p2a: Hehe|71\/100 psn|[from] psn\n|upkeep\n|\n|t:|1698530891\n|switch|p1a: Manaphy|Manaphy, shiny|49\/100\n|turn|22\n|\n|t:|1698530895\n|move|p1a: Manaphy|Take Heart|p1a: Manaphy\n|-boost|p1a: Manaphy|spa|1\n|-boost|p1a: Manaphy|spd|1\n|move|p2a: Hehe|Torch Song|p1a: Manaphy\n|-resisted|p1a: Manaphy\n|-damage|p1a: Manaphy|15\/100\n|\n|-heal|p1a: Manaphy|22\/100|[from] item: Leftovers\n|-heal|p2a: Hehe|77\/100 psn|[from] item: Leftovers\n|-damage|p2a: Hehe|64\/100 psn|[from] psn\n|upkeep\n|turn|23\n|\n|t:|1698530910\n|move|p1a: Manaphy|Baton Pass|p1a: Manaphy\n|\n|t:|1698530911\n|switch|p1a: UNLIMITED POWER|Corviknight, M, shiny|100\/100|[from] Baton Pass\n|move|p2a: Hehe|Substitute|p2a: Hehe\n|-start|p2a: Hehe|Substitute\n|-damage|p2a: Hehe|40\/100 psn\n|\n|-heal|p2a: Hehe|46\/100 psn|[from] item: Leftovers\n|-damage|p2a: Hehe|33\/100 psn|[from] psn\n|upkeep\n|turn|24\n|\n|t:|1698530931\n|move|p2a: Hehe|Torch Song|p1a: UNLIMITED POWER\n|-supereffective|p1a: UNLIMITED POWER\n|-damage|p1a: UNLIMITED POWER|0 fnt\n|faint|p1a: UNLIMITED POWER\n|\n|-heal|p2a: Hehe|39\/100 psn|[from] item: Leftovers\n|-damage|p2a: Hehe|27\/100 psn|[from] psn\n|upkeep\n|\n|t:|1698530947\n|switch|p1a: Manaphy|Manaphy, shiny|22\/100\n|turn|25\n|\n|t:|1698530951\n|move|p1a: Manaphy|Scald|p2a: Hehe\n|-resisted|p2a: Hehe\n|-activate|p2a: Hehe|move: Substitute|[damage]\n|move|p2a: Hehe|Slack Off|p2a: Hehe\n|-heal|p2a: Hehe|77\/100 psn\n|\n|-heal|p1a: Manaphy|28\/100|[from] item: Leftovers\n|-heal|p2a: Hehe|83\/100 psn|[from] item: Leftovers\n|-damage|p2a: Hehe|71\/100 psn|[from] psn\n|upkeep\n|turn|26\n|\n|t:|1698530987\n|move|p1a: Manaphy|Take Heart|p1a: Manaphy\n|-boost|p1a: Manaphy|spa|1\n|-boost|p1a: Manaphy|spd|1\n|move|p2a: Hehe|Earth Power|p1a: Manaphy\n|-damage|p1a: Manaphy|0 fnt\n|faint|p1a: Manaphy\n|\n|win|Wisdom1472\n","uploadtime":1698530994,"views":14,"p1id":"localespinas","p2id":"wisdom1472","formatid":"gen9anythinggoes","rating":0,"private":0,"password":""}