{"id":"gen9anythinggoes-1980172856","p1":"NixxNoxx","p2":"StarFoxySunlight","format":"[Gen 9] Anything Goes","log":"|j|\u2606NixxNoxx\n|j|\u2606StarFoxySunlight\n|t:|1698763591\n|gametype|singles\n|player|p1|NixxNoxx|266|1060\n|player|p2|StarFoxySunlight|hilda|1008\n|teamsize|p1|6\n|teamsize|p2|6\n|gen|9\n|tier|[Gen 9] Anything Goes\n|rated|\n|rule|HP Percentage Mod: HP is shown in percentages\n|rule|Endless Battle Clause: Forcing endless battles is banned\n|clearpoke\n|poke|p1|Maushold|\n|poke|p1|Maushold|\n|poke|p1|Maushold|\n|poke|p1|Maushold|\n|poke|p1|Maushold|\n|poke|p1|Maushold|\n|poke|p2|Kommo-o, F|\n|poke|p2|Breloom, M|\n|poke|p2|Quaquaval, F|\n|poke|p2|Mienshao, F|\n|poke|p2|Great Tusk|\n|poke|p2|Iron Valiant|\n|teampreview\n|c|\u2606StarFoxySunlight|crap\n|c|\u2606StarFoxySunlight|oh wait\n|c|\u2606NixxNoxx|lmao\n|\n|t:|1698763601\n|start\n|switch|p1a: Maushold|Maushold|100\/100\n|switch|p2a: Kommo-o|Kommo-o, F|100\/100\n|turn|1\n|\n|t:|1698763609\n|move|p1a: Maushold|Tidy Up|p1a: Maushold\n|-boost|p1a: Maushold|atk|1\n|-boost|p1a: Maushold|spe|1\n|move|p2a: Kommo-o|Aura Sphere|p1a: Maushold\n|-supereffective|p1a: Maushold\n|-enditem|p1a: Maushold|Focus Sash\n|-damage|p1a: Maushold|1\/100\n|\n|upkeep\n|turn|2\n|\n|t:|1698763619\n|move|p1a: Maushold|Population Bomb|p2a: Kommo-o\n|-damage|p2a: Kommo-o|84\/100\n|-damage|p2a: Kommo-o|68\/100\n|-damage|p2a: Kommo-o|53\/100\n|-damage|p2a: Kommo-o|37\/100\n|-damage|p2a: Kommo-o|21\/100\n|-damage|p2a: Kommo-o|6\/100\n|-damage|p2a: Kommo-o|0 fnt\n|faint|p2a: Kommo-o\n|-hitcount|p2: Kommo-o|7\n|\n|upkeep\n|c|\u2606NixxNoxx|toma gap\n|c|\u2606StarFoxySunlight|why do you have so much mice?\n|\n|t:|1698763634\n|switch|p2a: Breloom|Breloom, M|100\/100\n|turn|3\n|c|\u2606NixxNoxx|they have sex a lot\n|\n|t:|1698763642\n|move|p1a: Maushold|Population Bomb|p2a: Breloom\n|-damage|p2a: Breloom|79\/100\n|-damage|p2a: Breloom|59\/100\n|-hitcount|p2a: Breloom|2\n|move|p2a: Breloom|Brick Break|p1a: Maushold\n|-supereffective|p1a: Maushold\n|-damage|p1a: Maushold|0 fnt\n|faint|p1a: Maushold\n|\n|-heal|p2a: Breloom|65\/100|[from] item: Leftovers\n|upkeep\n|c|\u2606StarFoxySunlight|true\n|\n|t:|1698763652\n|switch|p1a: Maushold|Maushold|100\/100\n|turn|4\n|\n|t:|1698763656\n|move|p1a: Maushold|Tidy Up|p1a: Maushold\n|-boost|p1a: Maushold|atk|1\n|-boost|p1a: Maushold|spe|1\n|move|p2a: Breloom|Brick Break|p1a: Maushold\n|-supereffective|p1a: Maushold\n|-enditem|p1a: Maushold|Focus Sash\n|-damage|p1a: Maushold|1\/100\n|\n|-heal|p2a: Breloom|71\/100|[from] item: Leftovers\n|upkeep\n|turn|5\n|\n|t:|1698763666\n|move|p1a: Maushold|Population Bomb|p2a: Breloom\n|-damage|p2a: Breloom|50\/100\n|-damage|p2a: Breloom|30\/100\n|-damage|p2a: Breloom|9\/100\n|-damage|p2a: Breloom|0 fnt\n|faint|p2a: Breloom\n|-hitcount|p2: Breloom|4\n|\n|upkeep\n|c|\u2606NixxNoxx|mouse gap\n|c|\u2606StarFoxySunlight|I hate poupulation bomb so much\n|\n|t:|1698763692\n|switch|p2a: Quaquaval|Quaquaval, F|100\/100\n|turn|6\n|\n|t:|1698763697\n|move|p1a: Maushold|Population Bomb|p2a: Quaquaval\n|-crit|p2a: Quaquaval\n|-damage|p2a: Quaquaval|65\/100\n|-damage|p2a: Quaquaval|43\/100\n|-damage|p2a: Quaquaval|21\/100\n|-damage|p2a: Quaquaval|0 fnt\n|faint|p2a: Quaquaval\n|-hitcount|p2: Quaquaval|4\n|\n|upkeep\n|\n|t:|1698763705\n|switch|p2a: Mienshao|Mienshao, F|100\/100\n|turn|7\n|\n|t:|1698763710\n|move|p1a: Maushold|Population Bomb|p2a: Mienshao|[miss]\n|-miss|p1a: Maushold|p2a: Mienshao\n|move|p2a: Mienshao|Aura Sphere|p1a: Maushold\n|-supereffective|p1a: Maushold\n|-damage|p1a: Maushold|0 fnt\n|faint|p1a: Maushold\n|\n|upkeep\n|\n|t:|1698763717\n|switch|p1a: Maushold|Maushold|100\/100\n|turn|8\n|\n|t:|1698763724\n|move|p1a: Maushold|Tidy Up|p1a: Maushold\n|-boost|p1a: Maushold|atk|1\n|-boost|p1a: Maushold|spe|1\n|move|p2a: Mienshao|Brick Break|p1a: Maushold\n|-supereffective|p1a: Maushold\n|-enditem|p1a: Maushold|Focus Sash\n|-damage|p1a: Maushold|1\/100\n|\n|upkeep\n|turn|9\n|\n|t:|1698763734\n|move|p1a: Maushold|Population Bomb|p2a: Mienshao\n|-damage|p2a: Mienshao|66\/100\n|-damage|p2a: Mienshao|28\/100\n|-damage|p2a: Mienshao|0 fnt\n|faint|p2a: Mienshao\n|-hitcount|p2: Mienshao|3\n|\n|upkeep\n|\n|t:|1698763741\n|switch|p2a: Great Tusk|Great Tusk|100\/100\n|-enditem|p2a: Great Tusk|Booster Energy\n|-activate|p2a: Great Tusk|ability: Protosynthesis|[fromitem]\n|-start|p2a: Great Tusk|protosynthesisatk\n|turn|10\n|\n|t:|1698763749\n|move|p1a: Maushold|Population Bomb|p2a: Great Tusk\n|-damage|p2a: Great Tusk|88\/100\n|-damage|p2a: Great Tusk|76\/100\n|-damage|p2a: Great Tusk|64\/100\n|-damage|p2a: Great Tusk|51\/100\n|-damage|p2a: Great Tusk|39\/100\n|-damage|p2a: Great Tusk|27\/100\n|-damage|p2a: Great Tusk|15\/100\n|-damage|p2a: Great Tusk|4\/100\n|-damage|p2a: Great Tusk|0 fnt\n|faint|p2a: Great Tusk\n|-end|p2a: Great Tusk|Protosynthesis|[silent]\n|-hitcount|p2: Great Tusk|9\n|\n|upkeep\n|c|\u2606StarFoxySunlight|NO\n|c|\u2606NixxNoxx|damn\n|\n|t:|1698763764\n|switch|p2a: Iron Valiant|Iron Valiant|100\/100\n|-enditem|p2a: Iron Valiant|Booster Energy\n|-activate|p2a: Iron Valiant|ability: Quark Drive|[fromitem]\n|-start|p2a: Iron Valiant|quarkdriveatk\n|turn|11\n|c|\u2606StarFoxySunlight|I HATE MAUSHOLD\n|\n|t:|1698763774\n|move|p1a: Maushold|Population Bomb|p2a: Iron Valiant\n|-damage|p2a: Iron Valiant|80\/100\n|-damage|p2a: Iron Valiant|59\/100\n|-damage|p2a: Iron Valiant|35\/100\n|-hitcount|p2a: Iron Valiant|3\n|move|p2a: Iron Valiant|Brick Break|p1a: Maushold\n|-supereffective|p1a: Maushold\n|-damage|p1a: Maushold|0 fnt\n|faint|p1a: Maushold\n|\n|upkeep\n|c|\u2606NixxNoxx|have a good life\n|\n|t:|1698763785\n|switch|p1a: Maushold|Maushold|100\/100\n|turn|12\n|c|\u2606StarFoxySunlight|DIE YOU STUPID RATS! I DON'T CARE ABOUT YOUR CHILDREN\n|\n|t:|1698763811\n|move|p1a: Maushold|Tidy Up|p1a: Maushold\n|-boost|p1a: Maushold|atk|1\n|-boost|p1a: Maushold|spe|1\n|move|p2a: Iron Valiant|Brick Break|p1a: Maushold\n|-supereffective|p1a: Maushold\n|-enditem|p1a: Maushold|Focus Sash\n|-damage|p1a: Maushold|1\/100\n|\n|upkeep\n|turn|13\n|\n|t:|1698763820\n|move|p1a: Maushold|Population Bomb|p2a: Iron Valiant\n|-damage|p2a: Iron Valiant|15\/100\n|-damage|p2a: Iron Valiant|0 fnt\n|faint|p2a: Iron Valiant\n|-end|p2a: Iron Valiant|Quark Drive|[silent]\n|-hitcount|p2: Iron Valiant|2\n|\n|win|NixxNoxx\n|raw|NixxNoxx's rating: 1060 &rarr; <strong>1086<\/strong><br \/>(+26 for winning)\n|raw|StarFoxySunlight's rating: 1008 &rarr; <strong>1000<\/strong><br \/>(-8 for losing)\n","uploadtime":1698763808,"views":6,"p1id":"nixxnoxx","p2id":"starfoxysunlight","formatid":"gen9anythinggoes","rating":1000,"private":0,"password":""}