{"id":"gen9anythinggoes-1983740061","p1":"Jirachiisnotop","p2":"Dumbfudge","format":"[Gen 9] Anything Goes","log":"|j|\u2606Jirachiisnotop\n|j|\u2606Dumbfudge\n|t:|1699171079\n|gametype|singles\n|player|p1|Jirachiisnotop|unknown|1449\n|player|p2|Dumbfudge|blackbelt-gen4dp|1417\n|teamsize|p1|6\n|teamsize|p2|6\n|gen|9\n|tier|[Gen 9] Anything Goes\n|rated|\n|rule|HP Percentage Mod: HP is shown in percentages\n|rule|Endless Battle Clause: Forcing endless battles is banned\n|clearpoke\n|poke|p1|Tyranitar, F|\n|poke|p1|Houndstone, M|\n|poke|p1|Ditto|\n|poke|p1|Espeon, M|\n|poke|p1|Maushold-Four|\n|poke|p1|Polteageist-Antique|\n|poke|p2|Espathra, M|\n|poke|p2|Giratina|\n|poke|p2|Shaymin-Sky|\n|poke|p2|Zacian-*|\n|poke|p2|Breloom, F|\n|poke|p2|Toxapex, M|\n|teampreview\n|inactive|Battle timer is ON: inactive players will automatically lose when time's up. (requested by Jirachiisnotop)\n|\n|t:|1699171088\n|start\n|switch|p1a: Polteageist|Polteageist-Antique|100\/100\n|switch|p2a: Shaymin|Shaymin-Sky|100\/100\n|turn|1\n|\n|t:|1699171094\n|move|p2a: Shaymin|Air Slash|p1a: Polteageist\n|-damage|p1a: Polteageist|71\/100\n|cant|p1a: Polteageist|flinch\n|\n|upkeep\n|turn|2\n|\n|t:|1699171100\n|move|p2a: Shaymin|Air Slash|p1a: Polteageist\n|-damage|p1a: Polteageist|43\/100\n|-start|p2a: Shaymin|Disable|Air Slash|[from] ability: Cursed Body|[of] p1a: Polteageist\n|cant|p1a: Polteageist|flinch\n|\n|upkeep\n|turn|3\n|\n|t:|1699171112\n|switch|p2a: Whooping cough|Zacian-Crowned|100\/100\n|-ability|p2a: Whooping cough|Intrepid Sword|boost\n|-boost|p2a: Whooping cough|atk|1\n|move|p1a: Polteageist|Shell Smash|p1a: Polteageist\n|-unboost|p1a: Polteageist|def|1\n|-unboost|p1a: Polteageist|spd|1\n|-boost|p1a: Polteageist|atk|2\n|-boost|p1a: Polteageist|spa|2\n|-boost|p1a: Polteageist|spe|2\n|-enditem|p1a: Polteageist|White Herb\n|-clearnegativeboost|p1a: Polteageist|[silent]\n|\n|upkeep\n|turn|4\n|\n|t:|1699171125\n|-terastallize|p2a: Whooping cough|Steel\n|move|p2a: Whooping cough|Behemoth Blade|p1a: Polteageist\n|-damage|p1a: Polteageist|0 fnt\n|faint|p1a: Polteageist\n|\n|upkeep\n|\n|t:|1699171149\n|switch|p1a: Fast Boi|Ditto|100\/100\n|-transform|p1a: Fast Boi|p2a: Whooping cough|[from] ability: Imposter\n|-ability|p1a: Fast Boi|Intrepid Sword|boost\n|-boost|p1a: Fast Boi|atk|1\n|-start|p1a: Fast Boi|typechange|Fairy\/Steel|[silent]\n|turn|5\n|\n|t:|1699171155\n|switch|p2a: Toxapex|Toxapex, M|100\/100\n|move|p1a: Fast Boi|Behemoth Blade|p2a: Toxapex\n|-resisted|p2a: Toxapex\n|-damage|p2a: Toxapex|61\/100\n|-damage|p1a: Fast Boi|84\/100|[from] item: Rocky Helmet|[of] p2a: Toxapex\n|\n|upkeep\n|turn|6\n|\n|t:|1699171167\n|switch|p1a: Espeon|Espeon, M|100\/100\n|move|p2a: Toxapex|Baneful Bunker||[still]\n|-fail|p2a: Toxapex\n|\n|upkeep\n|turn|7\n|\n|t:|1699171174\n|move|p1a: Espeon|Psyshock|p2a: Toxapex\n|-supereffective|p2a: Toxapex\n|-crit|p2a: Toxapex\n|-damage|p2a: Toxapex|0 fnt\n|faint|p2a: Toxapex\n|\n|upkeep\n|\n|t:|1699171180\n|switch|p2a: Shaymin|Shaymin-Sky|100\/100\n|turn|8\n|\n|t:|1699171183\n|move|p2a: Shaymin|Air Slash|p1a: Espeon\n|-damage|p1a: Espeon|49\/100\n|move|p1a: Espeon|Yawn|p2a: Shaymin\n|-start|p2a: Shaymin|move: Yawn|[of] p1a: Espeon\n|\n|upkeep\n|turn|9\n|\n|t:|1699171191\n|switch|p2a: Whooping cough|Zacian-Crowned, tera:Steel|100\/100\n|move|p1a: Espeon|Psyshock|p2a: Whooping cough\n|-resisted|p2a: Whooping cough\n|-damage|p2a: Whooping cough|82\/100\n|\n|upkeep\n|turn|10\n|\n|t:|1699171198\n|move|p2a: Whooping cough|Behemoth Blade|p1a: Espeon\n|-damage|p1a: Espeon|0 fnt\n|faint|p1a: Espeon\n|\n|upkeep\n|\n|t:|1699171201\n|switch|p1a: Fast Boi|Ditto|84\/100\n|-transform|p1a: Fast Boi|p2a: Whooping cough|[from] ability: Imposter\n|turn|11\n|\n|t:|1699171208\n|move|p1a: Fast Boi|Behemoth Blade|p2a: Whooping cough\n|-resisted|p2a: Whooping cough\n|-damage|p2a: Whooping cough|56\/100\n|move|p2a: Whooping cough|Behemoth Blade|p1a: Fast Boi\n|-damage|p1a: Fast Boi|12\/100\n|\n|upkeep\n|turn|12\n|\n|t:|1699171219\n|switch|p1a: Houndstone|Houndstone, M|100\/100\n|move|p2a: Whooping cough|Quick Attack|p1a: Houndstone\n|-immune|p1a: Houndstone\n|\n|upkeep\n|turn|13\n|\n|t:|1699171239\n|switch|p2a: Giratina|Giratina|100\/100\n|-ability|p2a: Giratina|Pressure\n|switch|p1a: DeadMau5|Maushold-Four|100\/100\n|\n|upkeep\n|turn|14\n|\n|t:|1699171247\n|move|p2a: Giratina|Shadow Sneak|p1a: DeadMau5\n|-immune|p1a: DeadMau5\n|move|p1a: DeadMau5|Tidy Up|p1a: DeadMau5\n|-boost|p1a: DeadMau5|atk|1\n|-boost|p1a: DeadMau5|spe|1\n|\n|upkeep\n|turn|15\n|\n|t:|1699171255\n|move|p1a: DeadMau5|Beat Up|p2a: Giratina\n|-supereffective|p2a: Giratina\n|-damage|p2a: Giratina|91\/100\n|-supereffective|p2a: Giratina\n|-damage|p2a: Giratina|83\/100\n|-supereffective|p2a: Giratina\n|-damage|p2a: Giratina|72\/100\n|-supereffective|p2a: Giratina\n|-damage|p2a: Giratina|58\/100\n|-hitcount|p2a: Giratina|4\n|move|p2a: Giratina|Outrage|p1a: DeadMau5\n|-damage|p1a: DeadMau5|5\/100\n|\n|upkeep\n|turn|16\n|\n|t:|1699171267\n|move|p1a: DeadMau5|Beat Up|p2a: Giratina\n|-supereffective|p2a: Giratina\n|-damage|p2a: Giratina|49\/100\n|-supereffective|p2a: Giratina\n|-damage|p2a: Giratina|42\/100\n|-supereffective|p2a: Giratina\n|-damage|p2a: Giratina|30\/100\n|-supereffective|p2a: Giratina\n|-damage|p2a: Giratina|16\/100\n|-hitcount|p2a: Giratina|4\n|move|p2a: Giratina|Outrage|p1a: DeadMau5|[from]lockedmove\n|-damage|p1a: DeadMau5|0 fnt\n|faint|p1a: DeadMau5\n|-start|p2a: Giratina|confusion|[fatigue]\n|\n|upkeep\n|\n|t:|1699171273\n|switch|p1a: Fast Boi|Ditto|12\/100\n|-transform|p1a: Fast Boi|p2a: Giratina|[from] ability: Imposter\n|-ability|p1a: Fast Boi|Pressure\n|turn|17\n|\n|t:|1699171286\n|move|p1a: Fast Boi|Shadow Sneak|p2a: Giratina\n|-supereffective|p2a: Giratina\n|-damage|p2a: Giratina|0 fnt\n|-damage|p1a: Fast Boi|0 fnt|[from] item: Rocky Helmet|[of] p2a: Giratina\n|faint|p2a: Giratina\n|faint|p1a: Fast Boi\n|\n|upkeep\n|\n|t:|1699171293\n|switch|p2a: Shaymin|Shaymin-Sky|100\/100\n|switch|p1a: OG Godzilla|Tyranitar, F|100\/100\n|-weather|Sandstorm|[from] ability: Sand Stream|[of] p1a: OG Godzilla\n|turn|18\n|inactive|Jirachiisnotop has 120 seconds left.\n|\n|t:|1699171347\n|move|p2a: Shaymin|Air Slash|p1a: OG Godzilla\n|-resisted|p1a: OG Godzilla\n|-damage|p1a: OG Godzilla|88\/100\n|cant|p1a: OG Godzilla|flinch\n|\n|-weather|Sandstorm|[upkeep]\n|-damage|p2a: Shaymin|94\/100|[from] Sandstorm\n|upkeep\n|turn|19\n|\n|t:|1699171356\n|move|p2a: Shaymin|Air Slash|p1a: OG Godzilla\n|-resisted|p1a: OG Godzilla\n|-damage|p1a: OG Godzilla|76\/100\n|cant|p1a: OG Godzilla|flinch\n|\n|-weather|Sandstorm|[upkeep]\n|-damage|p2a: Shaymin|88\/100|[from] Sandstorm\n|upkeep\n|turn|20\n|\n|t:|1699171364\n|move|p2a: Shaymin|Air Slash|p1a: OG Godzilla\n|-resisted|p1a: OG Godzilla\n|-damage|p1a: OG Godzilla|63\/100\n|cant|p1a: OG Godzilla|flinch\n|\n|-weather|Sandstorm|[upkeep]\n|-damage|p2a: Shaymin|82\/100|[from] Sandstorm\n|upkeep\n|turn|21\n|inactive|Jirachiisnotop has 120 seconds left.\n|\n|t:|1699171372\n|move|p2a: Shaymin|Air Slash|p1a: OG Godzilla\n|-resisted|p1a: OG Godzilla\n|-damage|p1a: OG Godzilla|50\/100\n|cant|p1a: OG Godzilla|flinch\n|\n|-weather|Sandstorm|[upkeep]\n|-damage|p2a: Shaymin|76\/100|[from] Sandstorm\n|upkeep\n|turn|22\n|\n|t:|1699171380\n|move|p2a: Shaymin|Air Slash|p1a: OG Godzilla\n|-resisted|p1a: OG Godzilla\n|-damage|p1a: OG Godzilla|36\/100\n|cant|p1a: OG Godzilla|flinch\n|\n|-weather|Sandstorm|[upkeep]\n|-damage|p2a: Shaymin|70\/100|[from] Sandstorm\n|upkeep\n|turn|23\n|\n|t:|1699171389\n|move|p2a: Shaymin|Air Slash|p1a: OG Godzilla\n|-resisted|p1a: OG Godzilla\n|-damage|p1a: OG Godzilla|23\/100\n|cant|p1a: OG Godzilla|flinch\n|\n|-weather|Sandstorm|[upkeep]\n|-damage|p2a: Shaymin|64\/100|[from] Sandstorm\n|upkeep\n|turn|24\n|\n|t:|1699171396\n|move|p2a: Shaymin|Air Slash|p1a: OG Godzilla\n|-resisted|p1a: OG Godzilla\n|-damage|p1a: OG Godzilla|11\/100\n|cant|p1a: OG Godzilla|flinch\n|\n|-weather|Sandstorm|[upkeep]\n|-damage|p2a: Shaymin|57\/100|[from] Sandstorm\n|upkeep\n|turn|25\n|\n|t:|1699171405\n|switch|p1a: Houndstone|Houndstone, M|100\/100\n|move|p2a: Shaymin|Air Slash|p1a: Houndstone\n|-damage|p1a: Houndstone|54\/100\n|\n|-weather|none\n|upkeep\n|turn|26\n|\n|t:|1699171413\n|switch|p1a: OG Godzilla|Tyranitar, F|11\/100\n|-weather|Sandstorm|[from] ability: Sand Stream|[of] p1a: OG Godzilla\n|move|p2a: Shaymin|Air Slash|p1a: OG Godzilla\n|-resisted|p1a: OG Godzilla\n|-damage|p1a: OG Godzilla|0 fnt\n|faint|p1a: OG Godzilla\n|\n|-weather|Sandstorm|[upkeep]\n|-damage|p2a: Shaymin|51\/100|[from] Sandstorm\n|upkeep\n|\n|t:|1699171415\n|switch|p1a: Houndstone|Houndstone, M|54\/100\n|turn|27\n|\n|t:|1699171426\n|move|p2a: Shaymin|Air Slash|p1a: Houndstone\n|-damage|p1a: Houndstone|11\/100\n|cant|p1a: Houndstone|flinch\n|\n|-weather|Sandstorm|[upkeep]\n|-damage|p2a: Shaymin|45\/100|[from] Sandstorm\n|upkeep\n|turn|28\n|\n|t:|1699171434\n|move|p1a: Houndstone|Shadow Sneak|p2a: Shaymin\n|-damage|p2a: Shaymin|24\/100\n|move|p2a: Shaymin|Air Slash|p1a: Houndstone|[miss]\n|-miss|p2a: Shaymin|p1a: Houndstone\n|\n|-weather|Sandstorm|[upkeep]\n|-damage|p2a: Shaymin|18\/100|[from] Sandstorm\n|upkeep\n|turn|29\n|\n|t:|1699171445\n|move|p2a: Shaymin|Air Slash|p1a: Houndstone\n|-damage|p1a: Houndstone|0 fnt\n|faint|p1a: Houndstone\n|\n|win|Dumbfudge\n|raw|Jirachiisnotop's rating: 1449 &rarr; <strong>1427<\/strong><br \/>(-22 for losing)\n|raw|Dumbfudge's rating: 1417 &rarr; <strong>1439<\/strong><br \/>(+22 for winning)\n|l|\u2606Jirachiisnotop\n","uploadtime":1699171453,"views":3,"p1id":"jirachiisnotop","p2id":"dumbfudge","formatid":"gen9anythinggoes","rating":1427,"private":0,"password":""}