{"id":"gen9anythinggoes-1992462944","p1":"Eriririririririric","p2":"puddingss","format":"[Gen 9] Anything Goes","log":"|j|\u203dEriririririririric\n|j|\u2606puddingss\n|t:|1700190604\n|gametype|singles\n|player|p1|Eriririririririric|169|1598\n|player|p2|puddingss|steven|1874\n|teamsize|p1|6\n|teamsize|p2|6\n|gen|9\n|tier|[Gen 9] Anything Goes\n|rated|\n|rule|HP Percentage Mod: HP is shown in percentages\n|rule|Endless Battle Clause: Forcing endless battles is banned\n|clearpoke\n|poke|p1|Ting-Lu|\n|poke|p1|Calyrex-Shadow|\n|poke|p1|Ditto|\n|poke|p1|Koraidon|\n|poke|p1|Miraidon|\n|poke|p1|Zacian-*|\n|poke|p2|Arceus|\n|poke|p2|Calyrex-Ice|\n|poke|p2|Arceus-Fairy|\n|poke|p2|Ursaluna-Bloodmoon, M|\n|poke|p2|Cresselia, F|\n|poke|p2|Rayquaza|\n|teampreview\n|inactive|Battle timer is ON: inactive players will automatically lose when time's up. (requested by Eriririririririric)\n|inactive|puddingss also wants the timer to be on.\n|\n|t:|1700190613\n|start\n|switch|p1a: Ting-Lu|Ting-Lu|100\/100\n|switch|p2a: Rayquaza|Rayquaza|100\/100\n|-ability|p2a: Rayquaza|Air Lock\n|-ability|p1a: Ting-Lu|Vessel of Ruin\n|turn|1\n|\n|t:|1700190617\n|move|p2a: Rayquaza|Stealth Rock|p1a: Ting-Lu\n|-sidestart|p1: Eriririririririric|move: Stealth Rock\n|move|p1a: Ting-Lu|Stealth Rock|p2a: Rayquaza\n|-sidestart|p2: puddingss|move: Stealth Rock\n|\n|upkeep\n|turn|2\n|\n|t:|1700190619\n|switch|p2a: Calyrex|Calyrex-Ice|100\/100\n|-ability|p2a: Calyrex|As One\n|-ability|p2a: Calyrex|Unnerve\n|-damage|p2a: Calyrex|76\/100|[from] Stealth Rock\n|move|p1a: Ting-Lu|Spikes|p2a: Calyrex\n|-sidestart|p2: puddingss|Spikes\n|\n|upkeep\n|turn|3\n|\n|t:|1700190623\n|move|p1a: Ting-Lu|Spikes|p2a: Calyrex\n|-sidestart|p2: puddingss|Spikes\n|move|p2a: Calyrex|Glacial Lance|p1a: Ting-Lu\n|-supereffective|p1a: Ting-Lu\n|-damage|p1a: Ting-Lu|6\/100\n|\n|upkeep\n|turn|4\n|\n|t:|1700190633\n|move|p1a: Ting-Lu|Spikes|p2a: Calyrex\n|-sidestart|p2: puddingss|Spikes\n|move|p2a: Calyrex|Glacial Lance|p1a: Ting-Lu\n|-supereffective|p1a: Ting-Lu\n|-damage|p1a: Ting-Lu|0 fnt\n|faint|p1a: Ting-Lu\n|-ability|p2a: Calyrex|Chilling Neigh|boost\n|-boost|p2a: Calyrex|atk|1\n|\n|upkeep\n|\n|t:|1700190645\n|switch|p1a: Calyrex|Calyrex-Shadow|100\/100\n|-ability|p1a: Calyrex|As One\n|-ability|p1a: Calyrex|Unnerve\n|-damage|p1a: Calyrex|88\/100|[from] Stealth Rock\n|turn|5\n|\n|t:|1700190648\n|-terastallize|p2a: Calyrex|Ice\n|move|p1a: Calyrex|Astral Barrage|p2a: Calyrex\n|-damage|p2a: Calyrex|24\/100\n|move|p2a: Calyrex|Glacial Lance|p1a: Calyrex\n|-damage|p1a: Calyrex|0 fnt\n|faint|p1a: Calyrex\n|-ability|p2a: Calyrex|Chilling Neigh|boost\n|-boost|p2a: Calyrex|atk|1\n|\n|upkeep\n|\n|t:|1700190652\n|switch|p1a: Ditto|Ditto|100\/100\n|-damage|p1a: Ditto|88\/100|[from] Stealth Rock\n|-transform|p1a: Ditto|p2a: Calyrex|[from] ability: Imposter\n|-start|p1a: Ditto|typechange|Psychic\/Ice|[silent]\n|turn|6\n|\n|t:|1700190658\n|switch|p2a: Rayquaza|Rayquaza|100\/100\n|-damage|p2a: Rayquaza|76\/100|[from] Stealth Rock\n|-ability|p2a: Rayquaza|Air Lock\n|move|p1a: Ditto|Glacial Lance|p2a: Rayquaza\n|-supereffective|p2a: Rayquaza\n|-damage|p2a: Rayquaza|0 fnt\n|faint|p2a: Rayquaza\n|-ability|p1a: Ditto|Chilling Neigh|boost\n|-boost|p1a: Ditto|atk|1\n|\n|upkeep\n|\n|t:|1700190666\n|switch|p2a: Cresselia|Cresselia, F|100\/100\n|-damage|p2a: Cresselia|88\/100|[from] Stealth Rock\n|turn|7\n|\n|t:|1700190669\n|move|p1a: Ditto|Glacial Lance|p2a: Cresselia\n|-damage|p2a: Cresselia|0 fnt\n|faint|p2a: Cresselia\n|-ability|p1a: Ditto|Chilling Neigh|boost\n|-boost|p1a: Ditto|atk|1\n|\n|upkeep\n|\n|t:|1700190674\n|switch|p2a: Ursaluna|Ursaluna-Bloodmoon, M|100\/100\n|-damage|p2a: Ursaluna|94\/100|[from] Stealth Rock\n|-damage|p2a: Ursaluna|70\/100|[from] Spikes\n|turn|8\n|\n|t:|1700190677\n|move|p2a: Ursaluna|Blood Moon|p1a: Ditto\n|-damage|p1a: Ditto|0 fnt\n|faint|p1a: Ditto\n|-damage|p2a: Ursaluna|60\/100|[from] item: Life Orb\n|\n|upkeep\n|inactive|Eriririririririric has 120 seconds left.\n|\n|t:|1700190726\n|switch|p1a: Koraidon|Koraidon|100\/100\n|-damage|p1a: Koraidon|94\/100|[from] Stealth Rock\n|-weather|SunnyDay|[from] ability: Orichalcum Pulse|[of] p1a: Koraidon\n|-activate|p1a: Koraidon|Orichalcum Pulse|[source]\n|turn|9\n|\n|t:|1700190737\n|switch|p2a: Arceus|Arceus-Fairy|100\/100\n|-damage|p2a: Arceus|88\/100|[from] Stealth Rock\n|-damage|p2a: Arceus|63\/100|[from] Spikes\n|move|p1a: Koraidon|Collision Course|p2a: Arceus\n|-resisted|p2a: Arceus\n|-damage|p2a: Arceus|46\/100\n|\n|-weather|SunnyDay|[upkeep]\n|upkeep\n|turn|10\n|\n|t:|1700190740\n|move|p1a: Koraidon|Collision Course|p2a: Arceus\n|-resisted|p2a: Arceus\n|-damage|p2a: Arceus|30\/100\n|move|p2a: Arceus|Trick Room|p2a: Arceus\n|-fieldstart|move: Trick Room|[of] p2a: Arceus\n|\n|-weather|SunnyDay|[upkeep]\n|upkeep\n|turn|11\n|inactive|Eriririririririric has 120 seconds left.\n|\n|t:|1700190749\n|move|p2a: Arceus|Healing Wish|p2a: Arceus\n|faint|p2a: Arceus\n|move|p1a: Koraidon|Collision Course|p2: Arceus|[notarget]\n|-fail|p1a: Koraidon\n|\n|-weather|SunnyDay|[upkeep]\n|upkeep\n|\n|t:|1700190751\n|switch|p2a: Calyrex|Calyrex-Ice, tera:Ice|24\/100\n|-ability|p2a: Calyrex|As One\n|-ability|p2a: Calyrex|Unnerve\n|-heal|p2a: Calyrex|100\/100|[from] move: Healing Wish\n|-damage|p2a: Calyrex|76\/100|[from] Stealth Rock\n|-damage|p2a: Calyrex|51\/100|[from] Spikes\n|turn|12\n|\n|t:|1700190758\n|-terastallize|p1a: Koraidon|Fire\n|move|p2a: Calyrex|Glacial Lance|p1a: Koraidon\n|-resisted|p1a: Koraidon\n|-damage|p1a: Koraidon|18\/100\n|move|p1a: Koraidon|Collision Course|p2a: Calyrex\n|-supereffective|p2a: Calyrex\n|-damage|p2a: Calyrex|0 fnt\n|faint|p2a: Calyrex\n|\n|-weather|SunnyDay|[upkeep]\n|upkeep\n|\n|t:|1700190763\n|switch|p2a: Arceus|Arceus|100\/100\n|-damage|p2a: Arceus|88\/100|[from] Stealth Rock\n|-damage|p2a: Arceus|63\/100|[from] Spikes\n|turn|13\n|\n|t:|1700190765\n|move|p2a: Arceus|Extreme Speed|p1a: Koraidon\n|-damage|p1a: Koraidon|0 fnt\n|faint|p1a: Koraidon\n|\n|-weather|none\n|upkeep\n|\n|t:|1700190767\n|switch|p1a: Zacian|Zacian-Crowned|100\/100\n|-damage|p1a: Zacian|94\/100|[from] Stealth Rock\n|-ability|p1a: Zacian|Intrepid Sword|boost\n|-boost|p1a: Zacian|atk|1\n|turn|14\n|\n|t:|1700190772\n|move|p2a: Arceus|Recover|p2a: Arceus\n|-heal|p2a: Arceus|100\/100\n|move|p1a: Zacian|Close Combat|p2a: Arceus\n|-supereffective|p2a: Arceus\n|-enditem|p2a: Arceus|Chople Berry|[eat]\n|-enditem|p2a: Arceus|Chople Berry|[weaken]\n|-damage|p2a: Arceus|59\/100\n|-unboost|p1a: Zacian|def|1\n|-unboost|p1a: Zacian|spd|1\n|\n|-fieldend|move: Trick Room\n|upkeep\n|turn|15\n|\n|t:|1700190777\n|switch|p1a: Miraidon|Miraidon|100\/100\n|-fieldstart|move: Electric Terrain|[from] ability: Hadron Engine|[of] p1a: Miraidon\n|move|p2a: Arceus|Trick Room|p2a: Arceus\n|-fieldstart|move: Trick Room|[of] p2a: Arceus\n|\n|upkeep\n|turn|16\n|\n|t:|1700190780\n|move|p2a: Arceus|Healing Wish|p2a: Arceus\n|faint|p2a: Arceus\n|move|p1a: Miraidon|Calm Mind|p1a: Miraidon\n|-boost|p1a: Miraidon|spa|1\n|-boost|p1a: Miraidon|spd|1\n|\n|upkeep\n|\n|t:|1700190782\n|switch|p2a: Ursaluna|Ursaluna-Bloodmoon, M|60\/100\n|-heal|p2a: Ursaluna|100\/100|[from] move: Healing Wish\n|-damage|p2a: Ursaluna|94\/100|[from] Stealth Rock\n|-damage|p2a: Ursaluna|70\/100|[from] Spikes\n|turn|17\n|\n|t:|1700190785\n|move|p2a: Ursaluna|Earth Power|p1a: Miraidon\n|-supereffective|p1a: Miraidon\n|-damage|p1a: Miraidon|18\/100\n|-damage|p2a: Ursaluna|60\/100|[from] item: Life Orb\n|move|p1a: Miraidon|Dragon Pulse|p2a: Ursaluna\n|-damage|p2a: Ursaluna|0 fnt\n|faint|p2a: Ursaluna\n|\n|win|Eriririririririric\n|raw|Eriririririririric's rating: 1598 &rarr; <strong>1631<\/strong><br \/>(+33 for winning)\n|raw|puddingss's rating: 1874 &rarr; <strong>1841<\/strong><br \/>(-33 for losing)\n","uploadtime":1700190806,"views":6,"p1id":"eriririririririric","p2id":"puddingss","formatid":"gen9anythinggoes","rating":1631,"private":0,"password":""}