{"id":"gen9anythinggoes-1998054985","p1":"leanjosue0223","p2":"Mr Abingdon","format":"[Gen 9] Anything Goes","log":"|j|\u2606leanjosue0223\n|j|\u2606Mr Abingdon\n|t:|1700884467\n|gametype|singles\n|player|p1|leanjosue0223|101|1135\n|player|p2|Mr Abingdon|266|1080\n|teamsize|p1|6\n|teamsize|p2|6\n|gen|9\n|tier|[Gen 9] Anything Goes\n|rated|\n|rule|HP Percentage Mod: HP is shown in percentages\n|rule|Endless Battle Clause: Forcing endless battles is banned\n|clearpoke\n|poke|p1|Toxicroak, M|\n|poke|p1|Jolteon, F|\n|poke|p1|Garchomp, M|\n|poke|p1|Lurantis, F|\n|poke|p1|Espathra, M|\n|poke|p1|Scyther, F|\n|poke|p2|Maushold-Four|\n|poke|p2|Flutter Mane|\n|poke|p2|Miraidon|\n|poke|p2|Rabsca, M|\n|poke|p2|Garganacl, F|\n|poke|p2|Houndstone, M|\n|teampreview\n|\n|t:|1700884480\n|start\n|switch|p1a: Espathra|Espathra, M, shiny|100\/100\n|switch|p2a: Maushold|Maushold-Four|100\/100\n|turn|1\n|\n|t:|1700884485\n|move|p2a: Maushold|Tidy Up|p2a: Maushold\n|-boost|p2a: Maushold|atk|1\n|-boost|p2a: Maushold|spe|1\n|move|p1a: Espathra|Substitute|p1a: Espathra\n|-start|p1a: Espathra|Substitute\n|-damage|p1a: Espathra|76\/100\n|\n|-heal|p1a: Espathra|82\/100|[from] item: Leftovers\n|-ability|p1a: Espathra|Speed Boost|boost\n|-boost|p1a: Espathra|spe|1\n|upkeep\n|turn|2\n|\n|t:|1700884498\n|move|p1a: Espathra|Protect|p1a: Espathra\n|-singleturn|p1a: Espathra|Protect\n|move|p2a: Maushold|Encore|p1a: Espathra\n|-activate|p1a: Espathra|move: Protect\n|\n|-heal|p1a: Espathra|88\/100|[from] item: Leftovers\n|-ability|p1a: Espathra|Speed Boost|boost\n|-boost|p1a: Espathra|spe|1\n|upkeep\n|turn|3\n|\n|t:|1700884503\n|move|p1a: Espathra|Baton Pass|p1a: Espathra\n|\n|t:|1700884505\n|switch|p1a: Lurantis|Lurantis, F, shiny|100\/100|[from] Baton Pass\n|move|p2a: Maushold|Encore||[still]\n|-fail|p2a: Maushold\n|\n|upkeep\n|turn|4\n|\n|t:|1700884508\n|-terastallize|p1a: Lurantis|Dark\n|move|p2a: Maushold|Population Bomb|p1a: Lurantis\n|-activate|p1a: Lurantis|move: Substitute|[damage]\n|-end|p1a: Lurantis|Substitute\n|-hitcount|p1a: Lurantis|2\n|move|p1a: Lurantis|Superpower|p2a: Maushold\n|-supereffective|p2a: Maushold\n|-damage|p2a: Maushold|0 fnt\n|-boost|p1a: Lurantis|atk|1\n|-boost|p1a: Lurantis|def|1\n|faint|p2a: Maushold\n|-damage|p1a: Lurantis|91\/100|[from] item: Life Orb\n|\n|upkeep\n|\n|t:|1700884521\n|switch|p2a: Rabsca|Rabsca, M, shiny|100\/100\n|turn|5\n|\n|t:|1700884525\n|move|p1a: Lurantis|Knock Off|p2a: Rabsca\n|-supereffective|p2a: Rabsca\n|-damage|p2a: Rabsca|0 fnt\n|-enditem|p2a: Rabsca|Leppa Berry|[from] move: Knock Off|[of] p1a: Lurantis\n|faint|p2a: Rabsca\n|-damage|p1a: Lurantis|81\/100|[from] item: Life Orb\n|\n|upkeep\n|\n|t:|1700884538\n|switch|p2a: DeMarco|Miraidon|100\/100\n|-fieldstart|move: Electric Terrain|[from] ability: Hadron Engine|[of] p2a: DeMarco\n|turn|6\n|\n|t:|1700884545\n|-terastallize|p2a: DeMarco|Electric\n|move|p1a: Lurantis|Knock Off|p2a: DeMarco\n|-damage|p2a: DeMarco|16\/100\n|-enditem|p2a: DeMarco|Assault Vest|[from] move: Knock Off|[of] p1a: Lurantis\n|-damage|p1a: Lurantis|71\/100|[from] item: Life Orb\n|move|p2a: DeMarco|Electro Drift|p1a: Lurantis\n|-damage|p1a: Lurantis|0 fnt\n|faint|p1a: Lurantis\n|\n|upkeep\n|\n|t:|1700884554\n|switch|p1a: Toxicroak|Toxicroak, M, shiny|100\/100\n|turn|7\n|\n|t:|1700884558\n|move|p1a: Toxicroak|Fake Out|p2a: DeMarco\n|-damage|p2a: DeMarco|0 fnt\n|faint|p2a: DeMarco\n|-damage|p1a: Toxicroak|91\/100|[from] item: Life Orb\n|\n|upkeep\n|\n|t:|1700884563\n|switch|p2a: Flutter Mane|Flutter Mane, shiny|100\/100\n|turn|8\n|\n|t:|1700884570\n|switch|p1a: Espathra|Espathra, M, shiny|88\/100\n|move|p2a: Flutter Mane|Psyshock|p1a: Espathra\n|-resisted|p1a: Espathra\n|-damage|p1a: Espathra|64\/100\n|-damage|p2a: Flutter Mane|91\/100|[from] item: Life Orb\n|\n|-heal|p1a: Espathra|71\/100|[from] item: Leftovers\n|upkeep\n|turn|9\n|\n|t:|1700884577\n|move|p1a: Espathra|Protect|p1a: Espathra\n|-singleturn|p1a: Espathra|Protect\n|move|p2a: Flutter Mane|Shadow Ball|p1a: Espathra\n|-activate|p1a: Espathra|move: Protect\n|\n|-heal|p1a: Espathra|77\/100|[from] item: Leftovers\n|-ability|p1a: Espathra|Speed Boost|boost\n|-boost|p1a: Espathra|spe|1\n|upkeep\n|turn|10\n|\n|t:|1700884581\n|move|p1a: Espathra|Substitute|p1a: Espathra\n|-start|p1a: Espathra|Substitute\n|-damage|p1a: Espathra|52\/100\n|move|p2a: Flutter Mane|Shadow Ball|p1a: Espathra\n|-supereffective|p1a: Espathra\n|-end|p1a: Espathra|Substitute\n|-damage|p2a: Flutter Mane|81\/100|[from] item: Life Orb\n|\n|-heal|p1a: Espathra|58\/100|[from] item: Leftovers\n|-fieldend|move: Electric Terrain\n|-ability|p1a: Espathra|Speed Boost|boost\n|-boost|p1a: Espathra|spe|1\n|upkeep\n|turn|11\n|\n|t:|1700884584\n|move|p1a: Espathra|Protect|p1a: Espathra\n|-singleturn|p1a: Espathra|Protect\n|move|p2a: Flutter Mane|Shadow Ball|p1a: Espathra\n|-activate|p1a: Espathra|move: Protect\n|\n|-heal|p1a: Espathra|64\/100|[from] item: Leftovers\n|-ability|p1a: Espathra|Speed Boost|boost\n|-boost|p1a: Espathra|spe|1\n|upkeep\n|turn|12\n|\n|t:|1700884588\n|move|p1a: Espathra|Substitute|p1a: Espathra\n|-start|p1a: Espathra|Substitute\n|-damage|p1a: Espathra|39\/100\n|move|p2a: Flutter Mane|Shadow Ball|p1a: Espathra\n|-supereffective|p1a: Espathra\n|-end|p1a: Espathra|Substitute\n|-damage|p2a: Flutter Mane|71\/100|[from] item: Life Orb\n|\n|-heal|p1a: Espathra|45\/100|[from] item: Leftovers\n|-ability|p1a: Espathra|Speed Boost|boost\n|-boost|p1a: Espathra|spe|1\n|upkeep\n|turn|13\n|\n|t:|1700884593\n|move|p1a: Espathra|Protect|p1a: Espathra\n|-singleturn|p1a: Espathra|Protect\n|move|p2a: Flutter Mane|Shadow Ball|p1a: Espathra\n|-activate|p1a: Espathra|move: Protect\n|\n|-heal|p1a: Espathra|51\/100|[from] item: Leftovers\n|-ability|p1a: Espathra|Speed Boost|boost\n|-boost|p1a: Espathra|spe|1\n|upkeep\n|turn|14\n|\n|t:|1700884601\n|move|p1a: Espathra|Substitute|p1a: Espathra\n|-start|p1a: Espathra|Substitute\n|-damage|p1a: Espathra|26\/100\n|move|p2a: Flutter Mane|Shadow Ball|p1a: Espathra\n|-supereffective|p1a: Espathra\n|-end|p1a: Espathra|Substitute\n|-damage|p2a: Flutter Mane|61\/100|[from] item: Life Orb\n|\n|-heal|p1a: Espathra|32\/100|[from] item: Leftovers\n|-ability|p1a: Espathra|Speed Boost|boost\n|-boost|p1a: Espathra|spe|1\n|upkeep\n|turn|15\n|\n|t:|1700884610\n|move|p1a: Espathra|Baton Pass|p1a: Espathra\n|\n|t:|1700884616\n|switch|p1a: Toxicroak|Toxicroak, M, shiny|91\/100|[from] Baton Pass\n|move|p2a: Flutter Mane|Shadow Ball|p1a: Toxicroak\n|-damage|p1a: Toxicroak|0 fnt\n|faint|p1a: Toxicroak\n|-damage|p2a: Flutter Mane|51\/100|[from] item: Life Orb\n|\n|upkeep\n|\n|t:|1700884622\n|switch|p1a: Espathra|Espathra, M, shiny|32\/100\n|turn|16\n|\n|t:|1700884626\n|move|p1a: Espathra|Protect|p1a: Espathra\n|-singleturn|p1a: Espathra|Protect\n|move|p2a: Flutter Mane|Shadow Ball|p1a: Espathra\n|-activate|p1a: Espathra|move: Protect\n|\n|-heal|p1a: Espathra|39\/100|[from] item: Leftovers\n|-ability|p1a: Espathra|Speed Boost|boost\n|-boost|p1a: Espathra|spe|1\n|upkeep\n|turn|17\n|\n|t:|1700884631\n|move|p1a: Espathra|Substitute|p1a: Espathra\n|-start|p1a: Espathra|Substitute\n|-damage|p1a: Espathra|14\/100\n|move|p2a: Flutter Mane|Shadow Ball|p1a: Espathra\n|-supereffective|p1a: Espathra\n|-end|p1a: Espathra|Substitute\n|-damage|p2a: Flutter Mane|41\/100|[from] item: Life Orb\n|\n|-heal|p1a: Espathra|20\/100|[from] item: Leftovers\n|-ability|p1a: Espathra|Speed Boost|boost\n|-boost|p1a: Espathra|spe|1\n|upkeep\n|turn|18\n|\n|t:|1700884637\n|move|p1a: Espathra|Protect|p1a: Espathra\n|-singleturn|p1a: Espathra|Protect\n|move|p2a: Flutter Mane|Moonblast|p1a: Espathra\n|-activate|p1a: Espathra|move: Protect\n|\n|-heal|p1a: Espathra|26\/100|[from] item: Leftovers\n|-ability|p1a: Espathra|Speed Boost|boost\n|-boost|p1a: Espathra|spe|1\n|upkeep\n|turn|19\n|\n|t:|1700884641\n|move|p1a: Espathra|Substitute|p1a: Espathra\n|-start|p1a: Espathra|Substitute\n|-damage|p1a: Espathra|1\/100\n|move|p2a: Flutter Mane|Moonblast|p1a: Espathra\n|-end|p1a: Espathra|Substitute\n|-damage|p2a: Flutter Mane|31\/100|[from] item: Life Orb\n|\n|-heal|p1a: Espathra|7\/100|[from] item: Leftovers\n|-ability|p1a: Espathra|Speed Boost|boost\n|-boost|p1a: Espathra|spe|1\n|upkeep\n|turn|20\n|\n|t:|1700884648\n|move|p1a: Espathra|Protect|p1a: Espathra\n|-singleturn|p1a: Espathra|Protect\n|move|p2a: Flutter Mane|Moonblast|p1a: Espathra\n|-activate|p1a: Espathra|move: Protect\n|\n|-heal|p1a: Espathra|13\/100|[from] item: Leftovers\n|-ability|p1a: Espathra|Speed Boost|boost\n|-boost|p1a: Espathra|spe|1\n|upkeep\n|turn|21\n|\n|t:|1700884652\n|move|p1a: Espathra|Baton Pass|p1a: Espathra\n|\n|t:|1700884659\n|switch|p1a: Scyther|Scyther, F, shiny|100\/100|[from] Baton Pass\n|move|p2a: Flutter Mane|Moonblast|p1a: Scyther\n|-crit|p1a: Scyther\n|-damage|p1a: Scyther|0 fnt\n|faint|p1a: Scyther\n|-damage|p2a: Flutter Mane|21\/100|[from] item: Life Orb\n|\n|upkeep\n|\n|t:|1700884665\n|switch|p1a: Espathra|Espathra, M, shiny|13\/100\n|turn|22\n|\n|t:|1700884668\n|move|p1a: Espathra|Protect|p1a: Espathra\n|-singleturn|p1a: Espathra|Protect\n|move|p2a: Flutter Mane|Moonblast|p1a: Espathra\n|-activate|p1a: Espathra|move: Protect\n|\n|-heal|p1a: Espathra|19\/100|[from] item: Leftovers\n|-ability|p1a: Espathra|Speed Boost|boost\n|-boost|p1a: Espathra|spe|1\n|upkeep\n|turn|23\n|\n|t:|1700884674\n|move|p1a: Espathra|Baton Pass|p1a: Espathra\n|\n|t:|1700884681\n|switch|p1a: Jolteon|Jolteon, F, shiny|100\/100|[from] Baton Pass\n|move|p2a: Flutter Mane|Moonblast|p1a: Jolteon\n|-damage|p1a: Jolteon|20\/100\n|-damage|p2a: Flutter Mane|11\/100|[from] item: Life Orb\n|\n|-status|p1a: Jolteon|brn|[from] item: Flame Orb\n|upkeep\n|turn|24\n|\n|t:|1700884691\n|-end|p2a: Flutter Mane|Protosynthesis|[silent]\n|switch|p2a: SSSReplacement|Garganacl, F, shiny|100\/100\n|move|p1a: Jolteon|Discharge|p2a: SSSReplacement\n|-damage|p2a: SSSReplacement|72\/100\n|\n|-heal|p2a: SSSReplacement|78\/100|[from] item: Leftovers\n|-damage|p1a: Jolteon|14\/100 brn|[from] brn\n|upkeep\n|turn|25\n|\n|t:|1700884699\n|move|p1a: Jolteon|Shadow Ball|p2a: SSSReplacement\n|-damage|p2a: SSSReplacement|70\/100\n|move|p2a: SSSReplacement|Salt Cure|p1a: Jolteon\n|-damage|p1a: Jolteon|0 fnt\n|faint|p1a: Jolteon\n|\n|-heal|p2a: SSSReplacement|76\/100|[from] item: Leftovers\n|upkeep\n|\n|t:|1700884704\n|switch|p1a: Espathra|Espathra, M, shiny|19\/100\n|turn|26\n|\n|t:|1700884712\n|move|p1a: Espathra|Protect|p1a: Espathra\n|-singleturn|p1a: Espathra|Protect\n|move|p2a: SSSReplacement|Iron Defense|p2a: SSSReplacement\n|-boost|p2a: SSSReplacement|def|2\n|\n|-heal|p1a: Espathra|25\/100|[from] item: Leftovers\n|-heal|p2a: SSSReplacement|82\/100|[from] item: Leftovers\n|-ability|p1a: Espathra|Speed Boost|boost\n|-boost|p1a: Espathra|spe|1\n|upkeep\n|turn|27\n|\n|t:|1700884718\n|move|p1a: Espathra|Roost|p1a: Espathra\n|-heal|p1a: Espathra|75\/100\n|-singleturn|p1a: Espathra|move: Roost\n|move|p2a: SSSReplacement|Iron Defense|p2a: SSSReplacement\n|-boost|p2a: SSSReplacement|def|2\n|\n|-heal|p1a: Espathra|81\/100|[from] item: Leftovers\n|-heal|p2a: SSSReplacement|88\/100|[from] item: Leftovers\n|-ability|p1a: Espathra|Speed Boost|boost\n|-boost|p1a: Espathra|spe|1\n|upkeep\n|turn|28\n|\n|t:|1700884730\n|move|p1a: Espathra|Baton Pass|p1a: Espathra\n|\n|t:|1700884731\n|switch|p1a: Garchomp|Garchomp, M, shiny|100\/100|[from] Baton Pass\n|move|p2a: SSSReplacement|Iron Defense|p2a: SSSReplacement\n|-boost|p2a: SSSReplacement|def|2\n|\n|-heal|p2a: SSSReplacement|94\/100|[from] item: Leftovers\n|upkeep\n|turn|29\n|\n|t:|1700884735\n|move|p1a: Garchomp|Swords Dance|p1a: Garchomp\n|-boost|p1a: Garchomp|atk|2\n|move|p2a: SSSReplacement|Salt Cure|p1a: Garchomp\n|-resisted|p1a: Garchomp\n|-damage|p1a: Garchomp|93\/100\n|-start|p1a: Garchomp|Salt Cure\n|\n|-heal|p2a: SSSReplacement|100\/100|[from] item: Leftovers\n|-damage|p1a: Garchomp|81\/100|[from] Salt Cure\n|upkeep\n|turn|30\n|\n|t:|1700884741\n|move|p1a: Garchomp|Earthquake|p2a: SSSReplacement\n|-supereffective|p2a: SSSReplacement\n|-damage|p2a: SSSReplacement|58\/100\n|-damage|p1a: Garchomp|71\/100|[from] item: Life Orb\n|move|p2a: SSSReplacement|Body Press|p1a: Garchomp\n|-damage|p1a: Garchomp|0 fnt\n|-damage|p2a: SSSReplacement|46\/100|[from] ability: Rough Skin|[of] p1a: Garchomp\n|faint|p1a: Garchomp\n|\n|-heal|p2a: SSSReplacement|52\/100|[from] item: Leftovers\n|upkeep\n|-message|leanjosue0223 forfeited.\n|\n|win|Mr Abingdon\n|raw|leanjosue0223's rating: 1135 &rarr; <strong>1106<\/strong><br \/>(-29 for losing)\n|raw|Mr Abingdon's rating: 1080 &rarr; <strong>1112<\/strong><br \/>(+32 for winning)\n|l|\u2606leanjosue0223\n","uploadtime":1700884752,"views":0,"p1id":"leanjosue0223","p2id":"mrabingdon","formatid":"gen9anythinggoes","rating":1106,"private":0,"password":""}