{"id":"gen9anythinggoes-1979732898","p1":"Headbandog","p2":"Blockyabc","format":"[Gen 9] Anything Goes","log":"|j|\u2606Headbandog\n|j|\u2606Blockyabc\n|t:|1698707646\n|gametype|singles\n|player|p1|Headbandog|101|1343\n|player|p2|Blockyabc|2|1305\n|teamsize|p1|6\n|teamsize|p2|6\n|gen|9\n|tier|[Gen 9] Anything Goes\n|rated|\n|rule|HP Percentage Mod: HP is shown in percentages\n|rule|Endless Battle Clause: Forcing endless battles is banned\n|clearpoke\n|poke|p1|Ditto|\n|poke|p1|Arceus-Ghost|\n|poke|p1|Enamorus, F|\n|poke|p1|Miraidon|\n|poke|p1|Scovillain, F|\n|poke|p1|Eternatus|\n|poke|p2|Ditto|\n|poke|p2|Ditto|\n|poke|p2|Ditto|\n|poke|p2|Ditto|\n|poke|p2|Ditto|\n|poke|p2|Ditto|\n|teampreview\n|\n|t:|1698707660\n|start\n|switch|p1a: Ditto|Ditto, shiny|100\/100\n|switch|p2a: Attack|Ditto|100\/100\n|-transform|p1a: Ditto|p2a: Attack|[from] ability: Imposter\n|turn|1\n|inactive|Battle timer is ON: inactive players will automatically lose when time's up. (requested by Headbandog)\n|\n|t:|1698707674\n|move|p2a: Attack|Transform||[still]\n|-fail|p2a: Attack\n|move|p1a: Ditto|Transform||[still]\n|-fail|p1a: Ditto\n|\n|upkeep\n|turn|2\n|\n|t:|1698707682\n|move|p1a: Ditto|Transform||[still]\n|-fail|p1a: Ditto\n|move|p2a: Attack|Transform||[still]\n|-fail|p2a: Attack\n|\n|upkeep\n|turn|3\n|\n|t:|1698707688\n|move|p1a: Ditto|Transform||[still]\n|-fail|p1a: Ditto\n|move|p2a: Attack|Transform||[still]\n|-fail|p2a: Attack\n|\n|upkeep\n|turn|4\n|\n|t:|1698707695\n|-terastallize|p1a: Ditto|Ghost\n|move|p1a: Ditto|Transform||[still]\n|-fail|p1a: Ditto\n|move|p2a: Attack|Transform||[still]\n|-fail|p2a: Attack\n|\n|upkeep\n|turn|5\n|\n|t:|1698707702\n|move|p1a: Ditto|Transform||[still]\n|-fail|p1a: Ditto\n|move|p2a: Attack|Transform||[still]\n|-fail|p2a: Attack\n|\n|upkeep\n|turn|6\n|\n|t:|1698707708\n|-activate|p1a: Ditto|move: Struggle\n|move|p1a: Ditto|Struggle|p2a: Attack\n|-damage|p2a: Attack|87\/100\n|-damage|p1a: Ditto|75\/100|[from] recoil\n|move|p2a: Attack|Transform||[still]\n|-fail|p2a: Attack\n|\n|upkeep\n|turn|7\n|\n|t:|1698707718\n|-activate|p1a: Ditto|move: Struggle\n|move|p1a: Ditto|Struggle|p2a: Attack\n|-damage|p2a: Attack|73\/100\n|-damage|p1a: Ditto|50\/100|[from] recoil\n|move|p2a: Attack|Transform||[still]\n|-fail|p2a: Attack\n|\n|upkeep\n|turn|8\n|\n|t:|1698707727\n|move|p2a: Attack|Transform||[still]\n|-fail|p2a: Attack\n|-activate|p1a: Ditto|move: Struggle\n|move|p1a: Ditto|Struggle|p2a: Attack\n|-damage|p2a: Attack|61\/100\n|-damage|p1a: Ditto|25\/100|[from] recoil\n|\n|upkeep\n|turn|9\n|\n|t:|1698707739\n|-activate|p1a: Ditto|move: Struggle\n|move|p1a: Ditto|Struggle|p2a: Attack\n|-damage|p2a: Attack|48\/100\n|-damage|p1a: Ditto|0 fnt|[from] recoil\n|faint|p1a: Ditto\n|move|p2a: Attack|Transform|p1: Ditto|[notarget]\n|-fail|p2a: Attack\n|\n|upkeep\n|\n|t:|1698707750\n|switch|p1a: Scovillain|Scovillain, F|100\/100\n|turn|10\n|\n|t:|1698707756\n|move|p1a: Scovillain|Substitute|p1a: Scovillain\n|-start|p1a: Scovillain|Substitute\n|-damage|p1a: Scovillain|76\/100\n|move|p2a: Attack|Transform||[still]\n|-fail|p2a: Attack\n|\n|-heal|p1a: Scovillain|82\/100|[from] item: Leftovers\n|-ability|p1a: Scovillain|Moody|boost\n|-boost|p1a: Scovillain|spa|2\n|-unboost|p1a: Scovillain|def|1\n|upkeep\n|turn|11\n|\n|t:|1698707767\n|move|p1a: Scovillain|Leech Seed|p2a: Attack\n|-start|p2a: Attack|move: Leech Seed\n|move|p2a: Attack|Transform||[still]\n|-fail|p2a: Attack\n|\n|-heal|p1a: Scovillain|88\/100|[from] item: Leftovers\n|-damage|p2a: Attack|36\/100|[from] Leech Seed|[of] p1a: Scovillain\n|-heal|p1a: Scovillain|99\/100|[silent]\n|-ability|p1a: Scovillain|Moody|boost\n|-boost|p1a: Scovillain|spd|2\n|-unboost|p1a: Scovillain|def|1\n|upkeep\n|turn|12\n|\n|t:|1698707782\n|move|p1a: Scovillain|Flamethrower|p2a: Attack\n|-damage|p2a: Attack|0 fnt\n|faint|p2a: Attack\n|\n|-heal|p1a: Scovillain|100\/100|[from] item: Leftovers\n|-ability|p1a: Scovillain|Moody|boost\n|-boost|p1a: Scovillain|atk|2\n|-unboost|p1a: Scovillain|spd|1\n|upkeep\n|\n|t:|1698707786\n|switch|p2a: Sonic|Ditto|100\/100\n|turn|13\n|-message|Blockyabc forfeited.\n|\n|win|Headbandog\n|raw|Headbandog's rating: 1343 &rarr; <strong>1361<\/strong><br \/>(+18 for winning)\n|raw|Blockyabc's rating: 1305 &rarr; <strong>1287<\/strong><br \/>(-18 for losing)\n|l|\u2606Blockyabc\n","uploadtime":1698707802,"views":9,"p1id":"headbandog","p2id":"blockyabc","formatid":"gen9anythinggoes","rating":1287,"private":0,"password":""}