{"id":"gen9anythinggoes-1998695746","p1":"ceruledge123","p2":"Khryce","format":"[Gen 9] Anything Goes","log":"|j|\u2606ceruledge123\n|j|\u2606Khryce\n|t:|1700973802\n|gametype|singles\n|player|p1|ceruledge123|102|1033\n|player|p2|Khryce|preschooler|1085\n|teamsize|p1|6\n|teamsize|p2|6\n|gen|9\n|tier|[Gen 9] Anything Goes\n|rated|\n|rule|HP Percentage Mod: HP is shown in percentages\n|rule|Endless Battle Clause: Forcing endless battles is banned\n|clearpoke\n|poke|p1|Ceruledge, F|\n|poke|p1|Umbreon, M|\n|poke|p1|Garganacl, M|\n|poke|p1|Glalie, F|\n|poke|p1|Medicham, F|\n|poke|p1|Dusknoir, F|\n|poke|p2|Sylveon, F|\n|poke|p2|Dudunsparce-*, F|\n|poke|p2|Dragapult, F|\n|poke|p2|Chandelure, M|\n|poke|p2|Seviper, M|\n|poke|p2|Skeledirge, F|\n|teampreview\n|inactive|Battle timer is ON: inactive players will automatically lose when time's up. (requested by Khryce)\n|\n|t:|1700973806\n|start\n|switch|p1a: Ceruledge|Ceruledge, F|100\/100\n|switch|p2a: Dudunsparce|Dudunsparce-Three-Segment, F|100\/100\n|turn|1\n|\n|t:|1700973819\n|move|p1a: Ceruledge|Night Slash|p2a: Dudunsparce\n|-damage|p2a: Dudunsparce|80\/100\n|move|p2a: Dudunsparce|Drill Run|p1a: Ceruledge\n|-supereffective|p1a: Ceruledge\n|-damage|p1a: Ceruledge|42\/100\n|-ability|p1a: Ceruledge|Weak Armor|boost\n|-unboost|p1a: Ceruledge|def|1\n|-boost|p1a: Ceruledge|spe|2\n|\n|-heal|p1a: Ceruledge|48\/100|[from] item: Leftovers\n|-heal|p2a: Dudunsparce|87\/100|[from] item: Leftovers\n|upkeep\n|turn|2\n|\n|t:|1700973832\n|move|p1a: Ceruledge|Bitter Blade|p2a: Dudunsparce\n|-damage|p2a: Dudunsparce|52\/100\n|-heal|p1a: Ceruledge|73\/100|[from] drain|[of] p2a: Dudunsparce\n|move|p2a: Dudunsparce|Drill Run|p1a: Ceruledge\n|-supereffective|p1a: Ceruledge\n|-damage|p1a: Ceruledge|0 fnt\n|faint|p1a: Ceruledge\n|\n|-heal|p2a: Dudunsparce|58\/100|[from] item: Leftovers\n|upkeep\n|\n|t:|1700973844\n|switch|p1a: Garganacl|Garganacl, M|100\/100\n|turn|3\n|\n|t:|1700973850\n|move|p2a: Dudunsparce|Drill Run|p1a: Garganacl\n|-supereffective|p1a: Garganacl\n|-damage|p1a: Garganacl|66\/100\n|move|p1a: Garganacl|Hammer Arm|p2a: Dudunsparce\n|-supereffective|p2a: Dudunsparce\n|-damage|p2a: Dudunsparce|13\/100\n|-unboost|p1a: Garganacl|spe|1\n|\n|-heal|p2a: Dudunsparce|20\/100|[from] item: Leftovers\n|upkeep\n|turn|4\n|\n|t:|1700973863\n|move|p2a: Dudunsparce|Drill Run|p1a: Garganacl\n|-supereffective|p1a: Garganacl\n|-damage|p1a: Garganacl|28\/100\n|move|p1a: Garganacl|Salt Cure|p2a: Dudunsparce\n|-crit|p2a: Dudunsparce\n|-damage|p2a: Dudunsparce|0 fnt\n|faint|p2a: Dudunsparce\n|\n|upkeep\n|\n|t:|1700973871\n|switch|p2a: Chandelure|Chandelure, M|100\/100\n|turn|5\n|\n|t:|1700973874\n|move|p2a: Chandelure|Energy Ball|p1a: Garganacl\n|-supereffective|p1a: Garganacl\n|-damage|p1a: Garganacl|0 fnt\n|faint|p1a: Garganacl\n|\n|upkeep\n|\n|t:|1700973884\n|switch|p1a: Umbreon|Umbreon, M|100\/100\n|turn|6\n|\n|t:|1700973891\n|switch|p2a: Sylveon|Sylveon, F|100\/100\n|move|p1a: Umbreon|Snarl|p2a: Sylveon\n|-resisted|p2a: Sylveon\n|-damage|p2a: Sylveon|95\/100\n|-unboost|p2a: Sylveon|spa|1\n|\n|-heal|p2a: Sylveon|100\/100|[from] item: Leftovers\n|upkeep\n|turn|7\n|\n|t:|1700973903\n|switch|p1a: Glalie|Glalie, F|100\/100\n|switch|p2a: Seviper|Seviper, M|100\/100\n|\n|upkeep\n|turn|8\n|\n|t:|1700973910\n|move|p1a: Glalie|Gyro Ball|p2a: Seviper\n|-damage|p2a: Seviper|93\/100\n|move|p2a: Seviper|Coil|p2a: Seviper\n|-boost|p2a: Seviper|atk|1\n|-boost|p2a: Seviper|def|1\n|-boost|p2a: Seviper|accuracy|1\n|\n|-heal|p2a: Seviper|99\/100|[from] item: Leftovers\n|upkeep\n|turn|9\n|\n|t:|1700973920\n|move|p1a: Glalie|Blizzard|p2a: Seviper\n|-damage|p2a: Seviper|42\/100\n|move|p2a: Seviper|Coil|p2a: Seviper\n|-boost|p2a: Seviper|atk|1\n|-boost|p2a: Seviper|def|1\n|-boost|p2a: Seviper|accuracy|1\n|\n|-heal|p2a: Seviper|48\/100|[from] item: Leftovers\n|upkeep\n|turn|10\n|\n|t:|1700973935\n|move|p1a: Glalie|Blizzard|p2a: Seviper\n|-damage|p2a: Seviper|0 fnt\n|faint|p2a: Seviper\n|\n|upkeep\n|\n|t:|1700973946\n|switch|p2a: Dragapult|Dragapult, F|100\/100\n|turn|11\n|\n|t:|1700973952\n|-terastallize|p2a: Dragapult|Fire\n|move|p2a: Dragapult|Flamethrower|p1a: Glalie\n|-supereffective|p1a: Glalie\n|-damage|p1a: Glalie|10\/100\n|move|p1a: Glalie|Chilling Water|p2a: Dragapult\n|-supereffective|p2a: Dragapult\n|-damage|p2a: Dragapult|71\/100\n|-unboost|p2a: Dragapult|atk|1\n|\n|-heal|p2a: Dragapult|77\/100|[from] item: Leftovers\n|upkeep\n|turn|12\n|\n|t:|1700973964\n|move|p2a: Dragapult|Flamethrower|p1a: Glalie\n|-supereffective|p1a: Glalie\n|-damage|p1a: Glalie|0 fnt\n|faint|p1a: Glalie\n|\n|-heal|p2a: Dragapult|83\/100|[from] item: Leftovers\n|upkeep\n|\n|t:|1700973983\n|switch|p1a: Medicham|Medicham, F|100\/100\n|turn|13\n|\n|t:|1700973992\n|-terastallize|p1a: Medicham|Fighting\n|move|p2a: Dragapult|Will-O-Wisp|p1a: Medicham\n|-status|p1a: Medicham|brn\n|move|p1a: Medicham|Axe Kick|p2a: Dragapult|[miss]\n|-miss|p1a: Medicham|p2a: Dragapult\n|-damage|p1a: Medicham|50\/100 brn|[from] highjumpkick\n|\n|-heal|p2a: Dragapult|89\/100|[from] item: Leftovers\n|-heal|p1a: Medicham|57\/100 brn|[from] item: Leftovers\n|-damage|p1a: Medicham|50\/100 brn|[from] brn\n|upkeep\n|turn|14\n|\n|t:|1700974006\n|move|p2a: Dragapult|Hex|p1a: Medicham\n|-damage|p1a: Medicham|0 fnt\n|faint|p1a: Medicham\n|\n|-heal|p2a: Dragapult|95\/100|[from] item: Leftovers\n|upkeep\n|\n|t:|1700974015\n|switch|p1a: Dusknoir|Dusknoir, F|100\/100\n|-ability|p1a: Dusknoir|Pressure\n|turn|15\n|\n|t:|1700974026\n|move|p2a: Dragapult|Will-O-Wisp|p1a: Dusknoir\n|-status|p1a: Dusknoir|brn\n|move|p1a: Dusknoir|Thunder Punch|p2a: Dragapult\n|-damage|p2a: Dragapult|75\/100\n|\n|-heal|p2a: Dragapult|81\/100|[from] item: Leftovers\n|-damage|p1a: Dusknoir|95\/100 brn|[from] brn\n|upkeep\n|turn|16\n|\n|t:|1700974038\n|switch|p1a: Umbreon|Umbreon, M|100\/100\n|move|p2a: Dragapult|Hex|p1a: Umbreon\n|-resisted|p1a: Umbreon\n|-damage|p1a: Umbreon|90\/100\n|\n|-heal|p2a: Dragapult|87\/100|[from] item: Leftovers\n|upkeep\n|turn|17\n|\n|t:|1700974050\n|move|p2a: Dragapult|Will-O-Wisp|p1a: Umbreon\n|-status|p1a: Umbreon|brn\n|-activate|p1a: Umbreon|ability: Synchronize\n|-immune|p2a: Dragapult\n|move|p1a: Umbreon|Shadow Ball|p2a: Dragapult\n|-damage|p2a: Dragapult|65\/100\n|-unboost|p2a: Dragapult|spd|1\n|\n|-heal|p2a: Dragapult|71\/100|[from] item: Leftovers\n|-damage|p1a: Umbreon|84\/100 brn|[from] brn\n|upkeep\n|turn|18\n|\n|t:|1700974063\n|move|p2a: Dragapult|Draco Meteor|p1a: Umbreon\n|-damage|p1a: Umbreon|39\/100 brn\n|-unboost|p2a: Dragapult|spa|2\n|move|p1a: Umbreon|Psychic|p2a: Dragapult\n|-damage|p2a: Dragapult|39\/100\n|-unboost|p2a: Dragapult|spd|1\n|\n|-heal|p2a: Dragapult|45\/100|[from] item: Leftovers\n|-damage|p1a: Umbreon|33\/100 brn|[from] brn\n|upkeep\n|turn|19\n|\n|t:|1700974077\n|switch|p2a: Chandelure|Chandelure, M|100\/100\n|move|p1a: Umbreon|Psychic|p2a: Chandelure\n|-damage|p2a: Chandelure|88\/100\n|\n|-damage|p1a: Umbreon|27\/100 brn|[from] brn\n|upkeep\n|turn|20\n|\n|t:|1700974085\n|move|p2a: Chandelure|Flamethrower|p1a: Umbreon\n|-damage|p1a: Umbreon|0 fnt\n|faint|p1a: Umbreon\n|\n|upkeep\n|\n|t:|1700974091\n|switch|p1a: Dusknoir|Dusknoir, F|95\/100 brn\n|-ability|p1a: Dusknoir|Pressure\n|turn|21\n|\n|t:|1700974097\n|move|p2a: Chandelure|Shadow Ball|p1a: Dusknoir\n|-supereffective|p1a: Dusknoir\n|-damage|p1a: Dusknoir|0 fnt\n|faint|p1a: Dusknoir\n|\n|win|Khryce\n|raw|ceruledge123's rating: 1033 &rarr; <strong>1020<\/strong><br \/>(-13 for losing)\n|raw|Khryce's rating: 1085 &rarr; <strong>1108<\/strong><br \/>(+23 for winning)\n|l|\u2606ceruledge123\n|c|\u2606Khryce|gg\n","uploadtime":1700974106,"views":10,"p1id":"ceruledge123","p2id":"khryce","formatid":"gen9anythinggoes","rating":1020,"private":0,"password":""}