{"id":"gen9anythinggoes-1983325848","p1":"HalfLitCandle","p2":"shoipro1289","format":"[Gen 9] Anything Goes","log":"|j|\u2606HalfLitCandle\n|j|\u2606shoipro1289\n|t:|1699118437\n|gametype|singles\n|player|p1|HalfLitCandle|clown|1044\n|player|p2|shoipro1289|2|1000\n|teamsize|p1|6\n|teamsize|p2|6\n|gen|9\n|tier|[Gen 9] Anything Goes\n|rated|\n|rule|HP Percentage Mod: HP is shown in percentages\n|rule|Endless Battle Clause: Forcing endless battles is banned\n|clearpoke\n|poke|p1|Ribombee, F|\n|poke|p1|Hoopa-Unbound|\n|poke|p1|Slowking-Galar, M|\n|poke|p1|Heatran, F|\n|poke|p1|Samurott-Hisui, M|\n|poke|p1|Ogerpon-Hearthflame, F|\n|poke|p2|Calyrex-Shadow|\n|poke|p2|Arceus-Fire|\n|poke|p2|Arceus-Grass|\n|poke|p2|Arceus-Fairy|\n|poke|p2|Arceus-Psychic|\n|poke|p2|Mewtwo|\n|teampreview\n|\n|t:|1699118447\n|start\n|switch|p1a: Ribombee|Ribombee, F|100\/100\n|switch|p2a: Calyrex|Calyrex-Shadow|100\/100\n|-ability|p2a: Calyrex|As One\n|-ability|p2a: Calyrex|Unnerve\n|turn|1\n|\n|t:|1699118460\n|-terastallize|p2a: Calyrex|Psychic\n|move|p1a: Ribombee|Sticky Web|p2a: Calyrex\n|-sidestart|p2: shoipro1289|move: Sticky Web\n|move|p2a: Calyrex|Night Shade|p1a: Ribombee\n|-damage|p1a: Ribombee|70\/100\n|\n|upkeep\n|turn|2\n|\n|t:|1699118469\n|move|p1a: Ribombee|Stun Spore|p2a: Calyrex|[miss]\n|-miss|p1a: Ribombee|p2a: Calyrex\n|move|p2a: Calyrex|Gravity|p2a: Calyrex\n|-fieldstart|move: Gravity\n|\n|upkeep\n|turn|3\n|\n|t:|1699118475\n|move|p1a: Ribombee|Stun Spore|p2a: Calyrex\n|-status|p2a: Calyrex|par\n|move|p2a: Calyrex|Energy Ball|p1a: Ribombee\n|-resisted|p1a: Ribombee\n|-damage|p1a: Ribombee|47\/100\n|\n|upkeep\n|turn|4\n|\n|t:|1699118486\n|move|p1a: Ribombee|U-turn|p2a: Calyrex\n|-supereffective|p2a: Calyrex\n|-crit|p2a: Calyrex\n|-damage|p2a: Calyrex|65\/100 par\n|\n|t:|1699118505\n|switch|p1a: Ogerpon|Ogerpon-Hearthflame, F|100\/100|[from] U-turn\n|-ability|p1a: Ogerpon|Mold Breaker\n|move|p2a: Calyrex|Energy Ball|p1a: Ogerpon\n|-resisted|p1a: Ogerpon\n|-damage|p1a: Ogerpon|91\/100\n|\n|upkeep\n|turn|5\n|inactive|Battle timer is ON: inactive players will automatically lose when time's up. (requested by shoipro1289)\n|\n|t:|1699118518\n|switch|p2a: Arceus|Arceus-Fairy|100\/100\n|-activate|p2a: Arceus|move: Sticky Web\n|-unboost|p2a: Arceus|spe|1\n|move|p1a: Ogerpon|Swords Dance|p1a: Ogerpon\n|-boost|p1a: Ogerpon|atk|2\n|\n|upkeep\n|turn|6\n|\n|t:|1699118530\n|-terastallize|p1a: Ogerpon|Fire\n|detailschange|p1a: Ogerpon|Ogerpon-Hearthflame-Tera, F, tera:Fire\n|-ability|p1a: Ogerpon|Embody Aspect (Hearthflame)|boost\n|-boost|p1a: Ogerpon|atk|1\n|move|p1a: Ogerpon|Ivy Cudgel|p2a: Arceus\n|-damage|p2a: Arceus|0 fnt\n|faint|p2a: Arceus\n|\n|-fieldend|move: Gravity\n|upkeep\n|\n|t:|1699118541\n|switch|p2a: Mewtwo|Mewtwo|100\/100\n|-ability|p2a: Mewtwo|Unnerve\n|-activate|p2a: Mewtwo|move: Sticky Web\n|-unboost|p2a: Mewtwo|spe|1\n|turn|7\n|\n|t:|1699118549\n|move|p1a: Ogerpon|Ivy Cudgel|p2a: Mewtwo\n|-damage|p2a: Mewtwo|0 fnt\n|faint|p2a: Mewtwo\n|\n|upkeep\n|l|\u2606shoipro1289\n|inactive|shoipro1289 disconnected and has a minute to reconnect!\n|player|p2|\n|c|\u2606HalfLitCandle|lol\n|inactive|shoipro1289 has 30 seconds to reconnect!\n|inactive|shoipro1289 has 20 seconds to reconnect!\n|inactive|shoipro1289 has 15 seconds to reconnect!\n|inactive|shoipro1289 has 10 seconds to reconnect!\n|inactive|shoipro1289 has 5 seconds to reconnect!\n|-message|shoipro1289 lost due to inactivity.\n|\n|win|HalfLitCandle\n|raw|HalfLitCandle's rating: 1044 &rarr; <strong>1073<\/strong><br \/>(+29 for winning)\n|raw|shoipro1289's rating: 1000 &rarr; <strong>1000<\/strong><br \/>(+0 for losing)\n","uploadtime":1699118640,"views":5,"p1id":"halflitcandle","p2id":"shoipro1289","formatid":"gen9anythinggoes","rating":1000,"private":0,"password":""}