{"id":"gen9anythinggoes-1999892036","p1":"Wangy Chan","p2":"MangoPlayzzzz","format":"[Gen 9] Anything Goes","log":"|j|\u2606Wangy Chan\n|j|\u2606MangoPlayzzzz\n|t:|1701127002\n|gametype|singles\n|player|p1|Wangy Chan|supernerd|\n|player|p2|MangoPlayzzzz|clemont|\n|teamsize|p1|3\n|teamsize|p2|3\n|gen|9\n|tier|[Gen 9] Anything Goes\n|rule|HP Percentage Mod: HP is shown in percentages\n|rule|Endless Battle Clause: Forcing endless battles is banned\n|clearpoke\n|poke|p1|Aipom, F|\n|poke|p1|Aipom, M|\n|poke|p1|Aipom, M|\n|poke|p2|Aipom, F|\n|poke|p2|Aipom, F|\n|poke|p2|Aipom, F|\n|teampreview\n|inactive|Battle timer is ON: inactive players will automatically lose when time's up. (requested by Wangy Chan)\n|\n|t:|1701127006\n|start\n|switch|p1a: Yuno Miles|Aipom, F|100\/100\n|switch|p2a: Aipom|Aipom, F|100\/100\n|turn|1\n|\n|t:|1701127010\n|move|p1a: Yuno Miles|Metronome|p1a: Yuno Miles\n|move|p1a: Yuno Miles|Stealth Rock|p2a: Aipom|[from]move: Metronome\n|-sidestart|p2: MangoPlayzzzz|move: Stealth Rock\n|move|p2a: Aipom|Metronome|p2a: Aipom\n|move|p2a: Aipom|Thunder Wave|p1a: Yuno Miles|[from]move: Metronome|[miss]\n|-miss|p2a: Aipom|p1a: Yuno Miles\n|\n|upkeep\n|turn|2\n|\n|t:|1701127017\n|move|p2a: Aipom|Metronome|p2a: Aipom\n|move|p2a: Aipom|Ice Shard|p1a: Yuno Miles|[from]move: Metronome\n|-damage|p1a: Yuno Miles|84\/100\n|move|p1a: Yuno Miles|Metronome|p1a: Yuno Miles\n|move|p1a: Yuno Miles|Aerial Ace|p2a: Aipom|[from]move: Metronome\n|-damage|p2a: Aipom|77\/100\n|\n|upkeep\n|turn|3\n|\n|t:|1701127023\n|move|p2a: Aipom|Metronome|p2a: Aipom\n|move|p2a: Aipom|Eerie Impulse|p1a: Yuno Miles|[from]move: Metronome\n|-unboost|p1a: Yuno Miles|spa|2\n|move|p1a: Yuno Miles|Metronome|p1a: Yuno Miles\n|move|p1a: Yuno Miles|Slam|p2a: Aipom|[from]move: Metronome\n|-damage|p2a: Aipom|34\/100\n|\n|upkeep\n|turn|4\n|\n|t:|1701127030\n|move|p1a: Yuno Miles|Metronome|p1a: Yuno Miles\n|move|p1a: Yuno Miles|Power Whip|p2a: Aipom|[from]move: Metronome\n|-damage|p2a: Aipom|0 fnt\n|faint|p2a: Aipom\n|\n|upkeep\n|\n|t:|1701127034\n|switch|p2a: Aipom|Aipom, F, shiny|100\/100\n|-damage|p2a: Aipom|88\/100|[from] Stealth Rock\n|turn|5\n|\n|t:|1701127038\n|move|p1a: Yuno Miles|Metronome|p1a: Yuno Miles\n|move|p1a: Yuno Miles|Stomping Tantrum|p2a: Aipom|[from]move: Metronome\n|-damage|p2a: Aipom|61\/100\n|move|p2a: Aipom|Metronome|p2a: Aipom\n|move|p2a: Aipom|Poison Powder|p1a: Yuno Miles|[from]move: Metronome\n|-status|p1a: Yuno Miles|psn\n|\n|-damage|p1a: Yuno Miles|72\/100 psn|[from] psn\n|upkeep\n|turn|6\n|\n|t:|1701127046\n|move|p1a: Yuno Miles|Metronome|p1a: Yuno Miles\n|move|p1a: Yuno Miles|Darkest Lariat|p2a: Aipom|[from]move: Metronome\n|-damage|p2a: Aipom|27\/100\n|move|p2a: Aipom|Metronome|p2a: Aipom\n|move|p2a: Aipom|Drill Peck|p1a: Yuno Miles|[from]move: Metronome\n|-damage|p1a: Yuno Miles|41\/100 psn\n|\n|-damage|p1a: Yuno Miles|28\/100 psn|[from] psn\n|upkeep\n|turn|7\n|j| Issa Kabore\n|\n|t:|1701127066\n|move|p2a: Aipom|Metronome|p2a: Aipom\n|move|p2a: Aipom|Megahorn|p1a: Yuno Miles|[from]move: Metronome\n|-damage|p1a: Yuno Miles|0 fnt\n|faint|p1a: Yuno Miles\n|\n|upkeep\n|\n|t:|1701127071\n|switch|p1a: Harry Mawson|Aipom, M, shiny|100\/100\n|turn|8\n|\n|t:|1701127074\n|move|p2a: Aipom|Metronome|p2a: Aipom\n|move|p2a: Aipom|Sky Attack||[from]move: Metronome|[still]\n|-prepare|p2a: Aipom|Sky Attack\n|move|p1a: Harry Mawson|Metronome|p1a: Harry Mawson\n|move|p1a: Harry Mawson|Bounce||[from]move: Metronome|[still]\n|-prepare|p1a: Harry Mawson|Bounce\n|\n|upkeep\n|turn|9\n|\n|t:|1701127080\n|move|p2a: Aipom|Sky Attack|p1a: Harry Mawson|[from]lockedmove|[miss]\n|-miss|p2a: Aipom|p1a: Harry Mawson\n|move|p1a: Harry Mawson|Bounce|p2a: Aipom|[from]lockedmove\n|-damage|p2a: Aipom|0 fnt\n|faint|p2a: Aipom\n|\n|upkeep\n|\n|t:|1701127086\n|switch|p2a: Aipom|Aipom, F|100\/100\n|-damage|p2a: Aipom|88\/100|[from] Stealth Rock\n|turn|10\n|\n|t:|1701127089\n|move|p2a: Aipom|Metronome|p2a: Aipom\n|move|p2a: Aipom|Poison Gas|p1a: Harry Mawson|[from]move: Metronome\n|-status|p1a: Harry Mawson|psn\n|move|p1a: Harry Mawson|Metronome|p1a: Harry Mawson\n|move|p1a: Harry Mawson|Mountain Gale|p2a: Aipom|[from]move: Metronome\n|-damage|p2a: Aipom|50\/100\n|\n|-damage|p1a: Harry Mawson|88\/100 psn|[from] psn\n|upkeep\n|turn|11\n|\n|t:|1701127096\n|move|p2a: Aipom|Metronome|p2a: Aipom\n|move|p2a: Aipom|Spark|p1a: Harry Mawson|[from]move: Metronome\n|-damage|p1a: Harry Mawson|63\/100 psn\n|move|p1a: Harry Mawson|Metronome|p1a: Harry Mawson\n|move|p1a: Harry Mawson|Arm Thrust|p2a: Aipom|[from]move: Metronome\n|-supereffective|p2a: Aipom\n|-damage|p2a: Aipom|37\/100\n|-supereffective|p2a: Aipom\n|-damage|p2a: Aipom|24\/100\n|-hitcount|p2a: Aipom|2\n|\n|-damage|p1a: Harry Mawson|50\/100 psn|[from] psn\n|upkeep\n|turn|12\n|\n|t:|1701127102\n|move|p1a: Harry Mawson|Metronome|p1a: Harry Mawson\n|move|p1a: Harry Mawson|Sandstorm|p1a: Harry Mawson|[from]move: Metronome\n|-weather|Sandstorm\n|move|p2a: Aipom|Metronome|p2a: Aipom\n|move|p2a: Aipom|Hypnosis||[from]move: Metronome|[still]\n|-fail|p2a: Aipom\n|\n|-weather|Sandstorm|[upkeep]\n|-damage|p2a: Aipom|18\/100|[from] Sandstorm\n|-damage|p1a: Harry Mawson|44\/100 psn|[from] Sandstorm\n|-damage|p1a: Harry Mawson|32\/100 psn|[from] psn\n|upkeep\n|turn|13\n|\n|t:|1701127109\n|move|p1a: Harry Mawson|Metronome|p1a: Harry Mawson\n|move|p1a: Harry Mawson|Sweet Kiss|p2a: Aipom|[from]move: Metronome\n|-start|p2a: Aipom|confusion\n|-activate|p2a: Aipom|confusion\n|move|p2a: Aipom|Metronome|p2a: Aipom\n|move|p2a: Aipom|Metal Claw|p1a: Harry Mawson|[from]move: Metronome|[miss]\n|-miss|p2a: Aipom|p1a: Harry Mawson\n|\n|-weather|Sandstorm|[upkeep]\n|-damage|p1a: Harry Mawson|26\/100 psn|[from] Sandstorm\n|-damage|p2a: Aipom|12\/100|[from] Sandstorm\n|-damage|p1a: Harry Mawson|14\/100 psn|[from] psn\n|upkeep\n|turn|14\n|\n|t:|1701127113\n|move|p1a: Harry Mawson|Metronome|p1a: Harry Mawson\n|move|p1a: Harry Mawson|Rock Throw|p2a: Aipom|[from]move: Metronome\n|-damage|p2a: Aipom|0 fnt\n|faint|p2a: Aipom\n|\n|win|Wangy Chan\n|l| Issa Kabore\n","uploadtime":1701127117,"views":0,"p1id":"wangychan","p2id":"mangoplayzzzz","formatid":"gen9anythinggoes","rating":0,"private":0,"password":""}