{"id":"gen9anythinggoes-1977128124","p1":"Mimicpichu","p2":"pandabot42","format":"[Gen 9] Anything Goes","log":"|j|\u2606Mimicpichu\n|j|\u2606pandabot42\n|t:|1698374785\n|gametype|singles\n|player|p1|Mimicpichu|koga-lgpe|1164\n|player|p2|pandabot42|steven|1274\n|teamsize|p1|6\n|teamsize|p2|6\n|gen|9\n|tier|[Gen 9] Anything Goes\n|rated|\n|rule|HP Percentage Mod: HP is shown in percentages\n|rule|Endless Battle Clause: Forcing endless battles is banned\n|clearpoke\n|poke|p1|Scream Tail|\n|poke|p1|Espeon, F|\n|poke|p1|Espathra, M|\n|poke|p1|Drifblim, F|\n|poke|p1|Cloyster, M|\n|poke|p1|Calyrex-Shadow|\n|poke|p2|Cyclizar, M|\n|poke|p2|Calyrex-Shadow|\n|poke|p2|Arceus|\n|poke|p2|Espathra, F|\n|poke|p2|Dialga-Origin|\n|poke|p2|Mewtwo|\n|teampreview\n|inactive|Battle timer is ON: inactive players will automatically lose when time's up. (requested by Mimicpichu)\n|c|\u2606pandabot42|glhf\n|c|\u2606Mimicpichu|sure...\n|\n|t:|1698374808\n|start\n|switch|p1a: God.|Calyrex-Shadow|100\/100\n|switch|p2a: Cyclizar|Cyclizar, M|100\/100\n|-ability|p1a: God.|As One\n|-ability|p1a: God.|Unnerve\n|turn|1\n|c|\u2606pandabot42|oh no..\n|inactive|pandabot42 has 120 seconds left.\n|c|\u2606pandabot42|not sure...\n|\n|t:|1698374844\n|move|p1a: God.|Psyshock|p2a: Cyclizar\n|-damage|p2a: Cyclizar|44\/100\n|move|p2a: Cyclizar|Shed Tail|p2a: Cyclizar\n|-fail|p2a: Cyclizar|move: Shed Tail|[weak]\n|\n|upkeep\n|turn|2\n|inactive|pandabot42 has 120 seconds left.\n|\n|t:|1698374852\n|move|p1a: God.|Psyshock|p2a: Cyclizar\n|-damage|p2a: Cyclizar|0 fnt\n|faint|p2a: Cyclizar\n|-ability|p1a: God.|Grim Neigh|boost\n|-boost|p1a: God.|spa|1\n|\n|upkeep\n|inactive|pandabot42 has 120 seconds left.\n|\n|t:|1698374866\n|switch|p2a: Espathra|Espathra, F|100\/100\n|turn|3\n|inactive|pandabot42 has 120 seconds left.\n|\n|t:|1698374871\n|move|p1a: God.|Astral Barrage|p2a: Espathra\n|-supereffective|p2a: Espathra\n|-enditem|p2a: Espathra|Focus Sash\n|-damage|p2a: Espathra|1\/100\n|move|p2a: Espathra|Calm Mind|p2a: Espathra\n|-boost|p2a: Espathra|spa|1\n|-boost|p2a: Espathra|spd|1\n|\n|-ability|p2a: Espathra|Speed Boost|boost\n|-boost|p2a: Espathra|spe|1\n|upkeep\n|turn|4\n|inactive|pandabot42 has 120 seconds left.\n|\n|t:|1698374885\n|move|p2a: Espathra|Baton Pass|p2a: Espathra\n|inactive|pandabot42 has 120 seconds left.\n|\n|t:|1698374901\n|switch|p2a: Dialga|Dialga-Origin|100\/100|[from] Baton Pass\n|-ability|p2a: Dialga|Pressure\n|move|p1a: God.|Psyshock|p2a: Dialga\n|-resisted|p2a: Dialga\n|-damage|p2a: Dialga|71\/100\n|\n|upkeep\n|turn|5\n|\n|t:|1698374922\n|move|p2a: Dialga|Flash Cannon|p1a: God.\n|-damage|p1a: God.|19\/100\n|move|p1a: God.|Astral Barrage|p2a: Dialga\n|-damage|p2a: Dialga|0 fnt\n|faint|p2a: Dialga\n|-ability|p1a: God.|Grim Neigh|boost\n|-boost|p1a: God.|spa|1\n|\n|upkeep\n|c|\u2606pandabot42|damn\n|inactive|pandabot42 has 90 seconds left.\n|\n|t:|1698374938\n|switch|p2a: Espathra|Espathra, F|1\/100\n|turn|6\n|\n|t:|1698374944\n|move|p1a: God.|Draining Kiss|p2a: Espathra\n|-damage|p2a: Espathra|0 fnt\n|-heal|p1a: God.|19\/100|[from] drain|[of] p2a: Espathra\n|faint|p2a: Espathra\n|-ability|p1a: God.|Grim Neigh|boost\n|-boost|p1a: God.|spa|1\n|\n|upkeep\n|inactive|pandabot42 has 90 seconds left.\n|\n|t:|1698374965\n|switch|p2a: Calyrex|Calyrex-Shadow|100\/100\n|-ability|p2a: Calyrex|As One\n|-ability|p2a: Calyrex|Unnerve\n|turn|7\n|\n|t:|1698374980\n|-terastallize|p1a: God.|Normal\n|-terastallize|p2a: Calyrex|Dark\n|move|p1a: God.|Astral Barrage|p2a: Calyrex\n|-resisted|p2a: Calyrex\n|-damage|p2a: Calyrex|0 fnt\n|faint|p2a: Calyrex\n|-ability|p1a: God.|Grim Neigh|boost\n|-boost|p1a: God.|spa|1\n|\n|upkeep\n|\n|t:|1698374990\n|switch|p2a: Arceus|Arceus|100\/100\n|turn|8\n|\n|t:|1698374993\n|move|p2a: Arceus|Extreme Speed|p1a: God.\n|-damage|p1a: God.|0 fnt\n|faint|p1a: God.\n|-damage|p2a: Arceus|91\/100|[from] item: Life Orb\n|\n|upkeep\n|c|\u2606Mimicpichu|awww\n|\n|t:|1698375000\n|switch|p1a: Scream Tail|Scream Tail|100\/100\n|-enditem|p1a: Scream Tail|Booster Energy\n|-activate|p1a: Scream Tail|ability: Protosynthesis|[fromitem]\n|-start|p1a: Scream Tail|protosynthesisspe\n|turn|9\n|inactive|pandabot42 has 90 seconds left.\n|c|\u2606Mimicpichu|i lost ggs\n|c|\u2606pandabot42|almost a 6 0\n|c|\u2606pandabot42|huh\n|\n|t:|1698375025\n|move|p2a: Arceus|Extreme Speed|p1a: Scream Tail\n|-damage|p1a: Scream Tail|56\/100\n|-damage|p2a: Arceus|81\/100|[from] item: Life Orb\n|move|p1a: Scream Tail|Bulk Up|p1a: Scream Tail\n|-boost|p1a: Scream Tail|atk|1\n|-boost|p1a: Scream Tail|def|1\n|\n|upkeep\n|turn|10\n|\n|t:|1698375035\n|move|p1a: Scream Tail|Baton Pass|p1a: Scream Tail\n|\n|t:|1698375038\n|-end|p1a: Scream Tail|Protosynthesis|[silent]\n|switch|p1a: Drifblim|Drifblim, F|100\/100|[from] Baton Pass\n|move|p2a: Arceus|Earthquake|p1a: Drifblim\n|-immune|p1a: Drifblim\n|\n|upkeep\n|turn|11\n|inactive|pandabot42 has 90 seconds left.\n|\n|t:|1698375045\n|move|p2a: Arceus|Foul Play|p1a: Drifblim\n|-supereffective|p1a: Drifblim\n|-damage|p1a: Drifblim|53\/100\n|-damage|p2a: Arceus|71\/100|[from] item: Life Orb\n|move|p1a: Drifblim|Substitute|p1a: Drifblim\n|-start|p1a: Drifblim|Substitute\n|-damage|p1a: Drifblim|28\/100\n|-enditem|p1a: Drifblim|Sitrus Berry|[eat]\n|-heal|p1a: Drifblim|53\/100|[from] item: Sitrus Berry\n|\n|upkeep\n|turn|12\n|\n|t:|1698375055\n|move|p1a: Drifblim|Minimize|p1a: Drifblim\n|-boost|p1a: Drifblim|evasion|2\n|move|p2a: Arceus|Swords Dance|p2a: Arceus\n|-boost|p2a: Arceus|atk|2\n|\n|upkeep\n|turn|13\n|c|\u2606pandabot42|oh boy here we go\n|\n|t:|1698375067\n|move|p1a: Drifblim|Clear Smog|p2a: Arceus\n|-damage|p2a: Arceus|62\/100\n|-clearboost|p2a: Arceus\n|move|p2a: Arceus|Swords Dance|p2a: Arceus\n|-boost|p2a: Arceus|atk|2\n|\n|upkeep\n|turn|14\n|\n|t:|1698375076\n|move|p1a: Drifblim|Minimize|p1a: Drifblim\n|-boost|p1a: Drifblim|evasion|2\n|move|p2a: Arceus|Foul Play|p1a: Drifblim\n|-supereffective|p1a: Drifblim\n|-end|p1a: Drifblim|Substitute\n|-damage|p2a: Arceus|52\/100|[from] item: Life Orb\n|\n|upkeep\n|turn|15\n|\n|t:|1698375084\n|move|p1a: Drifblim|Clear Smog|p2a: Arceus\n|-damage|p2a: Arceus|43\/100\n|-clearboost|p2a: Arceus\n|move|p2a: Arceus|Foul Play|p1a: Drifblim\n|-supereffective|p1a: Drifblim\n|-damage|p1a: Drifblim|8\/100\n|-damage|p2a: Arceus|33\/100|[from] item: Life Orb\n|\n|upkeep\n|turn|16\n|c|\u2606pandabot42|no please\n|\n|t:|1698375100\n|move|p1a: Drifblim|Baton Pass|p1a: Drifblim\n|\n|t:|1698375111\n|switch|p1a: Scream Tail|Scream Tail|56\/100|[from] Baton Pass\n|move|p2a: Arceus|Foul Play|p1a: Scream Tail|[miss]\n|-miss|p2a: Arceus|p1a: Scream Tail\n|\n|upkeep\n|turn|17\n|\n|t:|1698375120\n|move|p2a: Arceus|Earthquake|p1a: Scream Tail\n|-crit|p1a: Scream Tail\n|-damage|p1a: Scream Tail|2\/100\n|-damage|p2a: Arceus|23\/100|[from] item: Life Orb\n|move|p1a: Scream Tail|Bulk Up|p1a: Scream Tail\n|-boost|p1a: Scream Tail|atk|1\n|-boost|p1a: Scream Tail|def|1\n|\n|upkeep\n|turn|18\n|c|\u2606pandabot42|NO\n|\n|t:|1698375135\n|move|p2a: Arceus|Extreme Speed|p1a: Scream Tail\n|-damage|p1a: Scream Tail|0 fnt\n|faint|p1a: Scream Tail\n|-end|p1a: Scream Tail|Protosynthesis|[silent]\n|-damage|p2a: Arceus|13\/100|[from] item: Life Orb\n|\n|upkeep\n|c|\u2606Mimicpichu|lol\n|c|\u2606pandabot42|YES\n|\n|t:|1698375150\n|switch|p1a: Espathra|Espathra, M|100\/100\n|turn|19\n|c|\u2606Mimicpichu|i got no attck mon left\n|inactive|pandabot42 has 120 seconds left.\n|c|\u2606pandabot42|oof\n|\n|t:|1698375166\n|move|p1a: Espathra|Protect|p1a: Espathra\n|-singleturn|p1a: Espathra|Protect\n|move|p2a: Arceus|Swords Dance|p2a: Arceus\n|-boost|p2a: Arceus|atk|2\n|\n|-ability|p1a: Espathra|Speed Boost|boost\n|-boost|p1a: Espathra|spe|1\n|upkeep\n|turn|20\n|inactive|pandabot42 has 120 seconds left.\n|\n|t:|1698375173\n|move|p1a: Espathra|Substitute|p1a: Espathra\n|-start|p1a: Espathra|Substitute\n|-damage|p1a: Espathra|76\/100\n|move|p2a: Arceus|Swords Dance|p2a: Arceus\n|-boost|p2a: Arceus|atk|2\n|\n|-heal|p1a: Espathra|82\/100|[from] item: Leftovers\n|-ability|p1a: Espathra|Speed Boost|boost\n|-boost|p1a: Espathra|spe|1\n|upkeep\n|turn|21\n|\n|t:|1698375181\n|move|p1a: Espathra|Calm Mind|p1a: Espathra\n|-boost|p1a: Espathra|spa|1\n|-boost|p1a: Espathra|spd|1\n|move|p2a: Arceus|Swords Dance|p2a: Arceus\n|-boost|p2a: Arceus|atk|2\n|\n|-heal|p1a: Espathra|88\/100|[from] item: Leftovers\n|-ability|p1a: Espathra|Speed Boost|boost\n|-boost|p1a: Espathra|spe|1\n|upkeep\n|turn|22\n|c|\u2606pandabot42|what a team\n|\n|t:|1698375196\n|move|p1a: Espathra|Calm Mind|p1a: Espathra\n|-boost|p1a: Espathra|spa|1\n|-boost|p1a: Espathra|spd|1\n|move|p2a: Arceus|Earthquake|p1a: Espathra\n|-end|p1a: Espathra|Substitute\n|-damage|p2a: Arceus|3\/100|[from] item: Life Orb\n|\n|-heal|p1a: Espathra|94\/100|[from] item: Leftovers\n|-ability|p1a: Espathra|Speed Boost|boost\n|-boost|p1a: Espathra|spe|1\n|upkeep\n|turn|23\n|\n|t:|1698375207\n|move|p1a: Espathra|Protect|p1a: Espathra\n|-singleturn|p1a: Espathra|Protect\n|move|p2a: Arceus|Extreme Speed|p1a: Espathra\n|-activate|p1a: Espathra|move: Protect\n|\n|-heal|p1a: Espathra|99\/100|[from] item: Leftovers\n|-ability|p1a: Espathra|Speed Boost|boost\n|-boost|p1a: Espathra|spe|1\n|upkeep\n|turn|24\n|\n|t:|1698375216\n|move|p1a: Espathra|Substitute|p1a: Espathra\n|-start|p1a: Espathra|Substitute\n|-damage|p1a: Espathra|75\/100\n|move|p2a: Arceus|Earthquake|p1a: Espathra\n|-end|p1a: Espathra|Substitute\n|-damage|p2a: Arceus|0 fnt|[from] item: Life Orb\n|faint|p2a: Arceus\n|\n|-heal|p1a: Espathra|81\/100|[from] item: Leftovers\n|-ability|p1a: Espathra|Speed Boost|boost\n|-boost|p1a: Espathra|spe|1\n|upkeep\n|\n|t:|1698375226\n|switch|p2a: Mewtwo|Mewtwo|100\/100\n|-ability|p2a: Mewtwo|Unnerve\n|turn|25\n|c|\u2606pandabot42|lol\n|c|\u2606Mimicpichu|lol\n|\n|t:|1698375242\n|move|p1a: Espathra|Substitute|p1a: Espathra\n|-start|p1a: Espathra|Substitute\n|-damage|p1a: Espathra|56\/100\n|move|p2a: Mewtwo|Dark Pulse|p1a: Espathra\n|-supereffective|p1a: Espathra\n|-end|p1a: Espathra|Substitute\n|\n|-heal|p1a: Espathra|62\/100|[from] item: Leftovers\n|upkeep\n|turn|26\n|\n|t:|1698375251\n|move|p1a: Espathra|Protect|p1a: Espathra\n|-singleturn|p1a: Espathra|Protect\n|move|p2a: Mewtwo|Dark Pulse|p1a: Espathra\n|-activate|p1a: Espathra|move: Protect\n|\n|-heal|p1a: Espathra|69\/100|[from] item: Leftovers\n|upkeep\n|turn|27\n|\n|t:|1698375265\n|move|p1a: Espathra|Substitute|p1a: Espathra\n|-start|p1a: Espathra|Substitute\n|-damage|p1a: Espathra|44\/100\n|move|p2a: Mewtwo|Dark Pulse|p1a: Espathra\n|-supereffective|p1a: Espathra\n|-end|p1a: Espathra|Substitute\n|\n|-heal|p1a: Espathra|50\/100|[from] item: Leftovers\n|upkeep\n|turn|28\n|\n|t:|1698375272\n|move|p1a: Espathra|Protect|p1a: Espathra\n|-singleturn|p1a: Espathra|Protect\n|move|p2a: Mewtwo|Dark Pulse|p1a: Espathra\n|-activate|p1a: Espathra|move: Protect\n|\n|-heal|p1a: Espathra|56\/100|[from] item: Leftovers\n|upkeep\n|turn|29\n|c|\u2606pandabot42|no wait..\n|c|\u2606pandabot42|you win\n|\n|t:|1698375288\n|move|p1a: Espathra|Baton Pass|p1a: Espathra\n|\n|t:|1698375290\n|switch|p1a: Cloyster|Cloyster, M|100\/100|[from] Baton Pass\n|move|p2a: Mewtwo|Dark Pulse|p1a: Cloyster\n|-damage|p1a: Cloyster|27\/100\n|\n|upkeep\n|turn|30\n|\n|t:|1698375300\n|move|p1a: Cloyster|Icicle Spear|p2a: Mewtwo\n|-damage|p2a: Mewtwo|87\/100\n|-damage|p2a: Mewtwo|75\/100\n|-damage|p2a: Mewtwo|62\/100\n|-damage|p2a: Mewtwo|49\/100\n|-damage|p2a: Mewtwo|36\/100\n|-hitcount|p2a: Mewtwo|5\n|move|p2a: Mewtwo|Dark Pulse|p1a: Cloyster\n|-damage|p1a: Cloyster|0 fnt\n|faint|p1a: Cloyster\n|\n|upkeep\n|c|\u2606pandabot42|my pp\n|\n|t:|1698375310\n|switch|p1a: Drifblim|Drifblim, F|8\/100\n|turn|31\n|\n|t:|1698375314\n|move|p2a: Mewtwo|Dark Pulse|p1a: Drifblim\n|-supereffective|p1a: Drifblim\n|-damage|p1a: Drifblim|0 fnt\n|faint|p1a: Drifblim\n|\n|upkeep\n|c|\u2606pandabot42|or?\n|\n|t:|1698375317\n|switch|p1a: Espathra|Espathra, M|56\/100\n|turn|32\n|\n|t:|1698375326\n|move|p1a: Espathra|Protect|p1a: Espathra\n|-singleturn|p1a: Espathra|Protect\n|move|p2a: Mewtwo|Dark Pulse|p1a: Espathra\n|-activate|p1a: Espathra|move: Protect\n|\n|-heal|p1a: Espathra|62\/100|[from] item: Leftovers\n|-ability|p1a: Espathra|Speed Boost|boost\n|-boost|p1a: Espathra|spe|1\n|upkeep\n|turn|33\n|\n|t:|1698375336\n|move|p1a: Espathra|Substitute|p1a: Espathra\n|-start|p1a: Espathra|Substitute\n|-damage|p1a: Espathra|37\/100\n|move|p2a: Mewtwo|Dark Pulse|p1a: Espathra\n|-supereffective|p1a: Espathra\n|-end|p1a: Espathra|Substitute\n|\n|-heal|p1a: Espathra|43\/100|[from] item: Leftovers\n|-ability|p1a: Espathra|Speed Boost|boost\n|-boost|p1a: Espathra|spe|1\n|upkeep\n|turn|34\n|\n|t:|1698375345\n|move|p1a: Espathra|Protect|p1a: Espathra\n|-singleturn|p1a: Espathra|Protect\n|move|p2a: Mewtwo|Dark Pulse|p1a: Espathra\n|-activate|p1a: Espathra|move: Protect\n|\n|-heal|p1a: Espathra|49\/100|[from] item: Leftovers\n|-ability|p1a: Espathra|Speed Boost|boost\n|-boost|p1a: Espathra|spe|1\n|upkeep\n|turn|35\n|\n|t:|1698375361\n|move|p1a: Espathra|Substitute|p1a: Espathra\n|-start|p1a: Espathra|Substitute\n|-damage|p1a: Espathra|24\/100\n|move|p2a: Mewtwo|Dark Pulse|p1a: Espathra\n|-supereffective|p1a: Espathra\n|-end|p1a: Espathra|Substitute\n|\n|-heal|p1a: Espathra|30\/100|[from] item: Leftovers\n|-ability|p1a: Espathra|Speed Boost|boost\n|-boost|p1a: Espathra|spe|1\n|upkeep\n|turn|36\n|\n|t:|1698375372\n|move|p1a: Espathra|Protect|p1a: Espathra\n|-singleturn|p1a: Espathra|Protect\n|move|p2a: Mewtwo|Dark Pulse|p1a: Espathra\n|-activate|p1a: Espathra|move: Protect\n|\n|-heal|p1a: Espathra|37\/100|[from] item: Leftovers\n|-ability|p1a: Espathra|Speed Boost|boost\n|-boost|p1a: Espathra|spe|1\n|upkeep\n|turn|37\n|\n|t:|1698375385\n|move|p1a: Espathra|Substitute|p1a: Espathra\n|-start|p1a: Espathra|Substitute\n|-damage|p1a: Espathra|12\/100\n|move|p2a: Mewtwo|Dark Pulse|p1a: Espathra\n|-supereffective|p1a: Espathra\n|-end|p1a: Espathra|Substitute\n|\n|-heal|p1a: Espathra|18\/100|[from] item: Leftovers\n|-ability|p1a: Espathra|Speed Boost|boost\n|-boost|p1a: Espathra|spe|1\n|upkeep\n|turn|38\n|\n|t:|1698375395\n|move|p1a: Espathra|Protect|p1a: Espathra\n|-singleturn|p1a: Espathra|Protect\n|move|p2a: Mewtwo|Dark Pulse|p1a: Espathra\n|-activate|p1a: Espathra|move: Protect\n|\n|-heal|p1a: Espathra|24\/100|[from] item: Leftovers\n|upkeep\n|turn|39\n|c|\u2606pandabot42|there we go\n|inactive|Mimicpichu has 120 seconds left.\n|\n|t:|1698375432\n|move|p1a: Espathra|Calm Mind|p1a: Espathra\n|-boost|p1a: Espathra|spa|1\n|-boost|p1a: Espathra|spd|1\n|move|p2a: Mewtwo|Dark Pulse|p1a: Espathra\n|-supereffective|p1a: Espathra\n|-damage|p1a: Espathra|0 fnt\n|faint|p1a: Espathra\n|\n|upkeep\n|inactive|Mimicpichu has 120 seconds left.\n|\n|t:|1698375437\n|switch|p1a: Espeon|Espeon, F|100\/100\n|turn|40\n|\n|t:|1698375447\n|move|p2a: Mewtwo|Dark Pulse|p1a: Espeon\n|-supereffective|p1a: Espeon\n|-damage|p1a: Espeon|0 fnt\n|faint|p1a: Espeon\n|\n|win|pandabot42\n|raw|Mimicpichu's rating: 1164 &rarr; <strong>1147<\/strong><br \/>(-17 for losing)\n|raw|pandabot42's rating: 1274 &rarr; <strong>1291<\/strong><br \/>(+17 for winning)\n|c|\u2606pandabot42|gg\n|c|\u2606Mimicpichu|ggs\n","uploadtime":1698375463,"views":8,"p1id":"mimicpichu","p2id":"pandabot42","formatid":"gen9anythinggoes","rating":1147,"private":0,"password":""}