{"id":"gen9anythinggoes-1979899215","p1":"4th Acct To 1700","p2":"DJ Phoenix da Poet","format":"[Gen 9] Anything Goes","log":"|j|\u26064th Acct To 1700\n|j|\u2606DJ Phoenix da Poet\n|t:|1698726201\n|gametype|singles\n|player|p1|4th Acct To 1700|clown|1524\n|player|p2|DJ Phoenix da Poet|red|1632\n|teamsize|p1|6\n|teamsize|p2|6\n|gen|9\n|tier|[Gen 9] Anything Goes\n|rated|\n|rule|HP Percentage Mod: HP is shown in percentages\n|rule|Endless Battle Clause: Forcing endless battles is banned\n|clearpoke\n|poke|p1|Koraidon|\n|poke|p1|Calyrex-Shadow|\n|poke|p1|Arceus|\n|poke|p1|Ting-Lu|\n|poke|p1|Miraidon|\n|poke|p1|Toxapex, F|\n|poke|p2|Miraidon|\n|poke|p2|Koraidon|\n|poke|p2|Arceus-Ground|\n|poke|p2|Calyrex-Shadow|\n|poke|p2|Ogerpon-Hearthflame, F|\n|poke|p2|Zacian-*|\n|teampreview\n|\n|t:|1698726218\n|start\n|switch|p1a: Madara Uchiha|Miraidon|100\/100\n|switch|p2a: Arceus|Arceus-Ground|100\/100\n|-fieldstart|move: Electric Terrain|[from] ability: Hadron Engine|[of] p1a: Madara Uchiha\n|turn|1\n|\n|t:|1698726234\n|-terastallize|p1a: Madara Uchiha|Ice\n|move|p1a: Madara Uchiha|Calm Mind|p1a: Madara Uchiha\n|-boost|p1a: Madara Uchiha|spa|1\n|-boost|p1a: Madara Uchiha|spd|1\n|move|p2a: Arceus|Judgment|p1a: Madara Uchiha\n|-damage|p1a: Madara Uchiha|63\/100\n|\n|upkeep\n|turn|2\n|\n|t:|1698726239\n|-terastallize|p2a: Arceus|Normal\n|move|p1a: Madara Uchiha|Agility|p1a: Madara Uchiha\n|-boost|p1a: Madara Uchiha|spe|2\n|move|p2a: Arceus|Thunder Wave|p1a: Madara Uchiha\n|-status|p1a: Madara Uchiha|par\n|\n|upkeep\n|turn|3\n|\n|t:|1698726247\n|move|p1a: Madara Uchiha|Parabolic Charge|p2a: Arceus\n|-damage|p2a: Arceus|26\/100\n|-heal|p1a: Madara Uchiha|100\/100 par|[from] drain|[of] p2a: Arceus\n|move|p2a: Arceus|Taunt|p1a: Madara Uchiha\n|-start|p1a: Madara Uchiha|move: Taunt\n|\n|upkeep\n|turn|4\n|\n|t:|1698726250\n|move|p1a: Madara Uchiha|Parabolic Charge|p2a: Arceus\n|-damage|p2a: Arceus|0 fnt\n|faint|p2a: Arceus\n|\n|upkeep\n|\n|t:|1698726253\n|switch|p2a: Zacian|Zacian-Crowned|100\/100\n|-ability|p2a: Zacian|Intrepid Sword|boost\n|-boost|p2a: Zacian|atk|1\n|turn|5\n|\n|t:|1698726260\n|move|p2a: Zacian|Behemoth Blade|p1a: Madara Uchiha\n|-supereffective|p1a: Madara Uchiha\n|-enditem|p1a: Madara Uchiha|Focus Sash\n|-damage|p1a: Madara Uchiha|1\/100 par\n|move|p1a: Madara Uchiha|Parabolic Charge|p2a: Zacian\n|-damage|p2a: Zacian|9\/100\n|-heal|p1a: Madara Uchiha|44\/100 par|[from] drain|[of] p2a: Zacian\n|\n|-fieldend|move: Electric Terrain\n|upkeep\n|turn|6\n|\n|t:|1698726274\n|switch|p1a: Toxapex|Toxapex, F|100\/100\n|move|p2a: Zacian|Behemoth Blade|p1a: Toxapex\n|-resisted|p1a: Toxapex\n|-damage|p1a: Toxapex|70\/100\n|-damage|p2a: Zacian|0 fnt|[from] item: Rocky Helmet|[of] p1a: Toxapex\n|faint|p2a: Zacian\n|\n|upkeep\n|\n|t:|1698726276\n|switch|p2a: Calyrex|Calyrex-Shadow|100\/100\n|-ability|p2a: Calyrex|As One\n|-ability|p2a: Calyrex|Unnerve\n|turn|7\n|\n|t:|1698726280\n|switch|p1a: Ting-Lu|Ting-Lu|100\/100\n|-ability|p1a: Ting-Lu|Vessel of Ruin\n|move|p2a: Calyrex|Nasty Plot|p2a: Calyrex\n|-boost|p2a: Calyrex|spa|2\n|\n|upkeep\n|turn|8\n|\n|t:|1698726283\n|move|p2a: Calyrex|Astral Barrage|p1a: Ting-Lu\n|-resisted|p1a: Ting-Lu\n|-damage|p1a: Ting-Lu|55\/100\n|move|p1a: Ting-Lu|Whirlwind|p2a: Calyrex\n|drag|p2a: Miraidon|Miraidon|100\/100\n|-fieldstart|move: Electric Terrain|[from] ability: Hadron Engine|[of] p2a: Miraidon\n|\n|-heal|p1a: Ting-Lu|61\/100|[from] item: Leftovers\n|upkeep\n|turn|9\n|\n|t:|1698726287\n|move|p2a: Miraidon|Calm Mind|p2a: Miraidon\n|-boost|p2a: Miraidon|spa|1\n|-boost|p2a: Miraidon|spd|1\n|move|p1a: Ting-Lu|Earthquake|p2a: Miraidon\n|-supereffective|p2a: Miraidon\n|-damage|p2a: Miraidon|15\/100\n|\n|-heal|p1a: Ting-Lu|67\/100|[from] item: Leftovers\n|upkeep\n|turn|10\n|\n|t:|1698726291\n|move|p2a: Miraidon|Dazzling Gleam|p1a: Ting-Lu\n|-supereffective|p1a: Ting-Lu\n|-damage|p1a: Ting-Lu|0 fnt\n|faint|p1a: Ting-Lu\n|\n|upkeep\n|\n|t:|1698726296\n|switch|p1a: Arceus|Arceus|100\/100\n|turn|11\n|\n|t:|1698726300\n|move|p1a: Arceus|Extreme Speed|p2a: Miraidon\n|-damage|p2a: Miraidon|0 fnt\n|faint|p2a: Miraidon\n|\n|upkeep\n|\n|t:|1698726302\n|switch|p2a: Koraidon|Koraidon|100\/100\n|-weather|SunnyDay|[from] ability: Orichalcum Pulse|[of] p2a: Koraidon\n|-activate|p2a: Koraidon|Orichalcum Pulse|[source]\n|turn|12\n|\n|t:|1698726305\n|switch|p1a: Madara Uchiha|Miraidon, tera:Ice|44\/100 par\n|-activate|p1a: Madara Uchiha|ability: Hadron Engine\n|move|p2a: Koraidon|U-turn|p1a: Madara Uchiha\n|-damage|p1a: Madara Uchiha|10\/100 par\n|\n|t:|1698726307\n|switch|p2a: Calyrex|Calyrex-Shadow|100\/100|[from] U-turn\n|-ability|p2a: Calyrex|As One\n|-ability|p2a: Calyrex|Unnerve\n|\n|-weather|SunnyDay|[upkeep]\n|-fieldend|move: Electric Terrain\n|upkeep\n|turn|13\n|\n|t:|1698726313\n|switch|p1a: Arceus|Arceus|100\/100\n|move|p2a: Calyrex|Nasty Plot|p2a: Calyrex\n|-boost|p2a: Calyrex|spa|2\n|\n|-weather|SunnyDay|[upkeep]\n|upkeep\n|turn|14\n|\n|t:|1698726315\n|move|p2a: Calyrex|Psyshock|p1a: Arceus\n|-damage|p1a: Arceus|31\/100\n|move|p1a: Arceus|Shadow Claw|p2a: Calyrex\n|-supereffective|p2a: Calyrex\n|-enditem|p2a: Calyrex|Focus Sash\n|-damage|p2a: Calyrex|1\/100\n|\n|-weather|SunnyDay|[upkeep]\n|upkeep\n|turn|15\n|\n|t:|1698726321\n|switch|p1a: Madara Uchiha|Miraidon, tera:Ice|10\/100 par\n|-fieldstart|move: Electric Terrain|[from] ability: Hadron Engine|[of] p1a: Madara Uchiha\n|move|p2a: Calyrex|Psyshock|p1a: Madara Uchiha\n|-damage|p1a: Madara Uchiha|0 fnt\n|faint|p1a: Madara Uchiha\n|-ability|p2a: Calyrex|Grim Neigh|boost\n|-boost|p2a: Calyrex|spa|1\n|\n|-weather|SunnyDay|[upkeep]\n|upkeep\n|\n|t:|1698726328\n|switch|p1a: Koraidon|Koraidon|100\/100\n|-activate|p1a: Koraidon|ability: Orichalcum Pulse\n|turn|16\n|\n|t:|1698726330\n|move|p2a: Calyrex|Psyshock|p1a: Koraidon\n|-supereffective|p1a: Koraidon\n|-enditem|p1a: Koraidon|Focus Sash\n|-damage|p1a: Koraidon|1\/100\n|move|p1a: Koraidon|Scale Shot|p2a: Calyrex\n|-damage|p2a: Calyrex|0 fnt\n|faint|p2a: Calyrex\n|-hitcount|p2: Calyrex|1\n|-unboost|p1a: Koraidon|def|1\n|-boost|p1a: Koraidon|spe|1\n|\n|-weather|none\n|upkeep\n|\n|t:|1698726333\n|switch|p2a: Koraidon|Koraidon|100\/100\n|-weather|SunnyDay|[from] ability: Orichalcum Pulse|[of] p2a: Koraidon\n|-activate|p2a: Koraidon|Orichalcum Pulse|[source]\n|turn|17\n|\n|t:|1698726336\n|move|p2a: Koraidon|U-turn|p1a: Koraidon\n|-resisted|p1a: Koraidon\n|-crit|p1a: Koraidon\n|-damage|p1a: Koraidon|0 fnt\n|faint|p1a: Koraidon\n|\n|t:|1698726338\n|switch|p2a: Ogerpon|Ogerpon-Hearthflame, F|100\/100|[from] U-turn\n|-ability|p2a: Ogerpon|Mold Breaker\n|\n|-weather|SunnyDay|[upkeep]\n|upkeep\n|\n|t:|1698726345\n|switch|p1a: Toxapex|Toxapex, F|100\/100\n|turn|18\n|\n|t:|1698726348\n|move|p2a: Ogerpon|Swords Dance|p2a: Ogerpon\n|-boost|p2a: Ogerpon|atk|2\n|move|p1a: Toxapex|Toxic|p2a: Ogerpon\n|-status|p2a: Ogerpon|tox\n|\n|-weather|SunnyDay|[upkeep]\n|-damage|p2a: Ogerpon|95\/100 tox|[from] psn\n|upkeep\n|turn|19\n|\n|t:|1698726350\n|move|p2a: Ogerpon|Trailblaze|p1a: Toxapex\n|-damage|p1a: Toxapex|62\/100\n|-boost|p2a: Ogerpon|spe|1\n|-damage|p2a: Ogerpon|78\/100 tox|[from] item: Rocky Helmet|[of] p1a: Toxapex\n|move|p1a: Toxapex|Toxic Spikes|p2a: Ogerpon\n|-sidestart|p2: DJ Phoenix da Poet|move: Toxic Spikes\n|\n|-weather|SunnyDay|[upkeep]\n|-damage|p2a: Ogerpon|66\/100 tox|[from] psn\n|-fieldend|move: Electric Terrain\n|upkeep\n|turn|20\n|\n|t:|1698726354\n|move|p2a: Ogerpon|Swords Dance|p2a: Ogerpon\n|-boost|p2a: Ogerpon|atk|2\n|move|p1a: Toxapex|Toxic Spikes|p2a: Ogerpon\n|-sidestart|p2: DJ Phoenix da Poet|move: Toxic Spikes\n|\n|-weather|SunnyDay|[upkeep]\n|-damage|p2a: Ogerpon|48\/100 tox|[from] psn\n|upkeep\n|turn|21\n|\n|t:|1698726357\n|move|p1a: Toxapex|Baneful Bunker|p1a: Toxapex\n|-singleturn|p1a: Toxapex|move: Protect\n|move|p2a: Ogerpon|Trailblaze|p1a: Toxapex\n|-activate|p1a: Toxapex|move: Protect\n|\n|-weather|none\n|-damage|p2a: Ogerpon|24\/100 tox|[from] psn\n|upkeep\n|turn|22\n|\n|t:|1698726364\n|move|p2a: Ogerpon|Ivy Cudgel|p1a: Toxapex\n|-resisted|p1a: Toxapex\n|-damage|p1a: Toxapex|0 fnt\n|faint|p1a: Toxapex\n|\n|-damage|p2a: Ogerpon|0 fnt|[from] psn\n|faint|p2a: Ogerpon\n|upkeep\n|\n|t:|1698726369\n|switch|p2a: Koraidon|Koraidon|100\/100\n|switch|p1a: Arceus|Arceus|31\/100\n|-status|p2a: Koraidon|tox\n|-weather|SunnyDay|[from] ability: Orichalcum Pulse|[of] p2a: Koraidon\n|-activate|p2a: Koraidon|Orichalcum Pulse|[source]\n|turn|23\n|\n|t:|1698726374\n|move|p1a: Arceus|Extreme Speed|p2a: Koraidon\n|-damage|p2a: Koraidon|64\/100 tox\n|move|p2a: Koraidon|Flare Blitz|p1a: Arceus\n|-damage|p1a: Arceus|0 fnt\n|faint|p1a: Arceus\n|-damage|p2a: Koraidon|50\/100 tox|[from] Recoil\n|\n|-weather|SunnyDay|[upkeep]\n|-damage|p2a: Koraidon|44\/100 tox|[from] psn\n|upkeep\n|\n|t:|1698726380\n|switch|p1a: Calyrex|Calyrex-Shadow|100\/100\n|-ability|p1a: Calyrex|As One\n|-ability|p1a: Calyrex|Unnerve\n|turn|24\n|\n|t:|1698726382\n|move|p2a: Koraidon|Flare Blitz|p1a: Calyrex\n|-enditem|p1a: Calyrex|Focus Sash\n|-damage|p1a: Calyrex|1\/100\n|-damage|p2a: Koraidon|12\/100 tox|[from] Recoil\n|move|p1a: Calyrex|Astral Barrage|p2a: Koraidon\n|-damage|p2a: Koraidon|0 fnt\n|faint|p2a: Koraidon\n|\n|win|4th Acct To 1700\n|raw|4th Acct To 1700's rating: 1524 &rarr; <strong>1550<\/strong><br \/>(+26 for winning)\n|raw|DJ Phoenix da Poet's rating: 1632 &rarr; <strong>1606<\/strong><br \/>(-26 for losing)\n|c|\u26064th Acct To 1700|Gg\n|c|\u2606DJ Phoenix da Poet|3 sash lol\n|l|\u2606DJ Phoenix da Poet\n|c|\u26064th Acct To 1700|Lol\n|l|\u26064th Acct To 1700\n","uploadtime":1698726433,"views":14,"p1id":"4thacctto1700","p2id":"djphoenixdapoet","formatid":"gen9anythinggoes","rating":1550,"private":0,"password":""}