{"id":"gen9anythinggoes-1972121602","p1":"thedreadedtigerxx","p2":"bailongzhenshuai","format":"[Gen 9] Anything Goes","log":"|j|\u2606thedreadedtigerxx\n|j|\u2606bailongzhenshuai\n|inactive|Battle timer is ON: inactive players will automatically lose when time's up.\n|t:|1697814617\n|gametype|singles\n|player|p1|thedreadedtigerxx|nate|\n|player|p2|bailongzhenshuai|roxie|\n|teamsize|p1|6\n|teamsize|p2|6\n|gen|9\n|tier|[Gen 9] Anything Goes\n|rated|Tournament battle\n|rule|HP Percentage Mod: HP is shown in percentages\n|rule|Endless Battle Clause: Forcing endless battles is banned\n|clearpoke\n|poke|p1|Calyrex-Shadow|\n|poke|p1|Umbreon, F|\n|poke|p1|Koraidon|\n|poke|p1|Arceus-Poison|\n|poke|p1|Great Tusk|\n|poke|p1|Giratina-Origin|\n|poke|p2|Calyrex-Shadow|\n|poke|p2|Arceus-Ground|\n|poke|p2|Miraidon|\n|poke|p2|Koraidon|\n|poke|p2|Eternatus|\n|poke|p2|Arceus-Fighting|\n|teampreview\n|inactive|bailongzhenshuai also wants the timer to be on.\n|j| laprasplayer\n|\n|t:|1697814625\n|start\n|switch|p1a: Koraidon|Koraidon|100\/100\n|switch|p2a: Arceus|Arceus-Ground|100\/100\n|-weather|SunnyDay|[from] ability: Orichalcum Pulse|[of] p1a: Koraidon\n|-activate|p1a: Koraidon|Orichalcum Pulse|[source]\n|turn|1\n|\n|t:|1697814629\n|move|p1a: Koraidon|U-turn|p2a: Arceus\n|-damage|p2a: Arceus|72\/100\n|\n|t:|1697814632\n|switch|p1a: Giratina|Giratina-Origin|100\/100|[from] U-turn\n|move|p2a: Arceus|Icy Wind|p1a: Giratina\n|-supereffective|p1a: Giratina\n|-damage|p1a: Giratina|78\/100\n|-unboost|p1a: Giratina|spe|1\n|\n|-weather|SunnyDay|[upkeep]\n|upkeep\n|turn|2\n|\n|t:|1697814636\n|move|p2a: Arceus|Taunt|p1a: Giratina\n|-start|p1a: Giratina|move: Taunt\n|move|p1a: Giratina|Poltergeist|p2a: Arceus\n|-activate|p2a: Arceus|move: Poltergeist|Earth Plate\n|-damage|p2a: Arceus|25\/100\n|\n|-weather|SunnyDay|[upkeep]\n|upkeep\n|turn|3\n|\n|t:|1697814639\n|move|p2a: Arceus|Stealth Rock|p1a: Giratina\n|-sidestart|p1: thedreadedtigerxx|move: Stealth Rock\n|move|p1a: Giratina|Poltergeist|p2a: Arceus\n|-activate|p2a: Arceus|move: Poltergeist|Earth Plate\n|-damage|p2a: Arceus|0 fnt\n|faint|p2a: Arceus\n|\n|-weather|SunnyDay|[upkeep]\n|upkeep\n|\n|t:|1697814643\n|switch|p2a: Koraidon|Koraidon|100\/100\n|-activate|p2a: Koraidon|ability: Orichalcum Pulse\n|turn|4\n|\n|t:|1697814647\n|switch|p1a: Great Tusk|Great Tusk|100\/100\n|-damage|p1a: Great Tusk|98\/100|[from] Stealth Rock\n|-activate|p1a: Great Tusk|ability: Protosynthesis\n|-start|p1a: Great Tusk|protosynthesisdef\n|move|p2a: Koraidon|U-turn|p1a: Great Tusk\n|-resisted|p1a: Great Tusk\n|-damage|p1a: Great Tusk|91\/100\n|-damage|p2a: Koraidon|84\/100|[from] item: Rocky Helmet|[of] p1a: Great Tusk\n|\n|t:|1697814653\n|switch|p2a: Calyrex|Calyrex-Shadow|100\/100|[from] U-turn\n|-ability|p2a: Calyrex|As One\n|-ability|p2a: Calyrex|Unnerve\n|\n|-weather|SunnyDay|[upkeep]\n|upkeep\n|turn|5\n|\n|t:|1697814655\n|-end|p1a: Great Tusk|Protosynthesis|[silent]\n|switch|p1a: the night|Umbreon, F|100\/100\n|-damage|p1a: the night|88\/100|[from] Stealth Rock\n|-terastallize|p2a: Calyrex|Grass\n|move|p2a: Calyrex|Grass Knot|p1a: the night\n|-damage|p1a: the night|70\/100\n|\n|-weather|none\n|-heal|p1a: the night|76\/100|[from] item: Leftovers\n|upkeep\n|turn|6\n|\n|t:|1697814661\n|move|p2a: Calyrex|Nasty Plot|p2a: Calyrex\n|-boost|p2a: Calyrex|spa|2\n|move|p1a: the night|Wish|p1a: the night\n|\n|-heal|p1a: the night|82\/100|[from] item: Leftovers\n|upkeep\n|turn|7\n|\n|t:|1697814665\n|move|p2a: Calyrex|Nasty Plot|p2a: Calyrex\n|-boost|p2a: Calyrex|spa|2\n|move|p1a: the night|Toxic|p2a: Calyrex\n|-status|p2a: Calyrex|tox\n|\n|-heal|p1a: the night|100\/100|[from] move: Wish|[wisher] the night\n|-damage|p2a: Calyrex|94\/100 tox|[from] psn\n|upkeep\n|turn|8\n|\n|t:|1697814668\n|move|p2a: Calyrex|Nasty Plot|p2a: Calyrex\n|-boost|p2a: Calyrex|spa|2\n|move|p1a: the night|Wish|p1a: the night\n|\n|-damage|p2a: Calyrex|82\/100 tox|[from] psn\n|upkeep\n|turn|9\n|j| Ced20061\n|\n|t:|1697814671\n|move|p1a: the night|Protect|p1a: the night\n|-singleturn|p1a: the night|Protect\n|move|p2a: Calyrex|Baton Pass|p2a: Calyrex\n|\n|t:|1697814674\n|switch|p2a: Eternatus|Eternatus|100\/100|[from] Baton Pass\n|-ability|p2a: Eternatus|Pressure\n|\n|upkeep\n|turn|10\n|c|\u2606thedreadedtigerxx|holy shit\n|c|\u2606thedreadedtigerxx|im dead\n|\n|t:|1697814685\n|switch|p1a: Giratina|Giratina-Origin|78\/100\n|-damage|p1a: Giratina|65\/100|[from] Stealth Rock\n|move|p2a: Eternatus|Agility|p2a: Eternatus\n|-boost|p2a: Eternatus|spe|2\n|\n|upkeep\n|turn|11\n|\n|t:|1697814689\n|move|p2a: Eternatus|Dynamax Cannon|p1a: Giratina\n|-supereffective|p1a: Giratina\n|-damage|p1a: Giratina|0 fnt\n|faint|p1a: Giratina\n|-damage|p2a: Eternatus|91\/100|[from] item: Life Orb\n|\n|upkeep\n|c|\u2606bailongzhenshuai|holy\n|inactive|thedreadedtigerxx has 120 seconds left.\n|\n|t:|1697814741\n|switch|p1a: the night|Umbreon, F|100\/100\n|-damage|p1a: the night|88\/100|[from] Stealth Rock\n|turn|12\n|\n|t:|1697814745\n|-terastallize|p1a: the night|Steel\n|move|p2a: Eternatus|Dynamax Cannon|p1a: the night\n|-resisted|p1a: the night\n|-damage|p1a: the night|0 fnt\n|faint|p1a: the night\n|-damage|p2a: Eternatus|81\/100|[from] item: Life Orb\n|\n|upkeep\n|\n|t:|1697814751\n|switch|p1a: Koraidon|Koraidon|100\/100\n|-damage|p1a: Koraidon|94\/100|[from] Stealth Rock\n|-weather|SunnyDay|[from] ability: Orichalcum Pulse|[of] p1a: Koraidon\n|-activate|p1a: Koraidon|Orichalcum Pulse|[source]\n|turn|13\n|\n|t:|1697814754\n|move|p2a: Eternatus|Sludge Bomb|p1a: Koraidon\n|-damage|p1a: Koraidon|0 fnt\n|faint|p1a: Koraidon\n|-damage|p2a: Eternatus|71\/100|[from] item: Life Orb\n|\n|-weather|SunnyDay|[upkeep]\n|upkeep\n|c|\u2606thedreadedtigerxx|ye gg lmao\n|inactive|thedreadedtigerxx has 120 seconds left.\n|-message|thedreadedtigerxx forfeited.\n|\n|win|bailongzhenshuai\n|n|\u2606thedreadedtigerxx|thedreadedtigerxx\n|n|\u2606bailongzhenshuai|bailongzhenshuai\n|n| laprasplayer|laprasplayer\n|n| Ced20061|ced20061\n|l|\u2606thedreadedtigerxx\n|l|\u2606bailongzhenshuai\n|j|\u2606bailongzhenshuai\n|player|p2|bailongzhenshuai|roxie\n|l|\u2606bailongzhenshuai\n|player|p2|\n|l| Ced20061\n","uploadtime":1697814764,"views":5,"p1id":"thedreadedtigerxx","p2id":"bailongzhenshuai","formatid":"gen9anythinggoes","rating":0,"private":0,"password":""}