{"id":"gen9anythinggoes-1994221796","p1":"4stepstomakeumad","p2":"brianbass","format":"[Gen 9] Anything Goes","log":"|j|\u26064stepstomakeumad\n|j|\u2606brianbass\n|t:|1700420483\n|gametype|singles\n|player|p1|4stepstomakeumad|170|1456\n|player|p2|brianbass|richboy|1319\n|teamsize|p1|6\n|teamsize|p2|6\n|gen|9\n|tier|[Gen 9] Anything Goes\n|rated|\n|rule|HP Percentage Mod: HP is shown in percentages\n|rule|Endless Battle Clause: Forcing endless battles is banned\n|clearpoke\n|poke|p1|Calyrex-Shadow|\n|poke|p1|Eternatus|\n|poke|p1|Arceus|\n|poke|p1|Lilligant-Hisui, F|\n|poke|p1|Drifblim, M|\n|poke|p1|Furret, F|\n|poke|p2|Great Tusk|\n|poke|p2|Iron Valiant|\n|poke|p2|Kingambit, M|\n|poke|p2|Staraptor, F|\n|poke|p2|Sneasler, M|\n|poke|p2|Glimmora, F|\n|teampreview\n|c|\u2606brianbass|my name\n|c|\u2606brianbass|is\n|c|\u2606brianbass|jmal\n|c|\u2606brianbass|jmal\n|c|\u2606brianbass|i ball i ball\n|\n|t:|1700420503\n|start\n|switch|p1a: Furret|Furret, F|100\/100\n|switch|p2a: Staraptor|Staraptor, F|100\/100\n|turn|1\n|inactive|Battle timer is ON: inactive players will automatically lose when time's up. (requested by 4stepstomakeumad)\n|\n|t:|1700420507\n|move|p2a: Staraptor|Close Combat|p1a: Furret\n|-supereffective|p1a: Furret\n|-enditem|p1a: Furret|Focus Sash\n|-damage|p1a: Furret|1\/100\n|-unboost|p2a: Staraptor|def|1\n|-unboost|p2a: Staraptor|spd|1\n|move|p1a: Furret|Coil|p1a: Furret\n|-boost|p1a: Furret|atk|1\n|-boost|p1a: Furret|def|1\n|-boost|p1a: Furret|accuracy|1\n|\n|upkeep\n|turn|2\n|c|\u2606brianbass|life is overated\n|c|\u2606brianbass|:(\n|\n|t:|1700420517\n|move|p2a: Staraptor|Close Combat|p1a: Furret\n|-supereffective|p1a: Furret\n|-damage|p1a: Furret|0 fnt\n|-unboost|p2a: Staraptor|def|1\n|-unboost|p2a: Staraptor|spd|1\n|faint|p1a: Furret\n|\n|upkeep\n|c|\u2606brianbass|no\n|c|\u2606brianbass|:(\n|\n|t:|1700420521\n|switch|p1a: Arceus|Arceus|100\/100\n|turn|3\n|\n|t:|1700420525\n|-terastallize|p1a: Arceus|Normal\n|move|p1a: Arceus|Extreme Speed|p2a: Staraptor\n|-damage|p2a: Staraptor|0 fnt\n|faint|p2a: Staraptor\n|\n|upkeep\n|c|\u2606brianbass|nvnm\n|\n|t:|1700420533\n|switch|p2a: Iron Valiant|Iron Valiant|100\/100\n|turn|4\n|\n|t:|1700420539\n|move|p1a: Arceus|Extreme Speed|p2a: Iron Valiant\n|-damage|p2a: Iron Valiant|7\/100\n|move|p2a: Iron Valiant|Aura Sphere|p1a: Arceus\n|-supereffective|p1a: Arceus\n|-damage|p1a: Arceus|37\/100\n|\n|upkeep\n|turn|5\n|c|\u2606brianbass|oh god\n|\n|t:|1700420549\n|move|p1a: Arceus|Extreme Speed|p2a: Iron Valiant\n|-damage|p2a: Iron Valiant|0 fnt\n|faint|p2a: Iron Valiant\n|-end|p2a: Iron Valiant|Quark Drive|[silent]\n|\n|upkeep\n|\n|t:|1700420557\n|switch|p2a: Kingambit|Kingambit, M|100\/100\n|-activate|p2a: Kingambit|ability: Supreme Overlord\n|-start|p2a: Kingambit|fallen2|[silent]\n|turn|6\n|c|\u2606brianbass|why\n|\n|t:|1700420586\n|move|p2a: Kingambit|Sucker Punch||[still]\n|-fail|p2a: Kingambit\n|move|p1a: Arceus|Swords Dance|p1a: Arceus\n|-boost|p1a: Arceus|atk|2\n|\n|upkeep\n|turn|7\n|j| Spix on YT\n|\n|t:|1700420594\n|move|p1a: Arceus|Extreme Speed|p2a: Kingambit\n|-resisted|p2a: Kingambit\n|-damage|p2a: Kingambit|46\/100\n|move|p2a: Kingambit|Kowtow Cleave|p1a: Arceus\n|-damage|p1a: Arceus|0 fnt\n|faint|p1a: Arceus\n|\n|-heal|p2a: Kingambit|52\/100|[from] item: Leftovers\n|upkeep\n|\n|t:|1700420602\n|switch|p1a: Lilligant|Lilligant-Hisui, F|100\/100\n|turn|8\n|\n|t:|1700420607\n|-end|p2a: Kingambit|fallen2|[silent]\n|switch|p2a: Great Tusk|Great Tusk|100\/100\n|move|p1a: Lilligant|Sleep Powder|p2a: Great Tusk\n|-status|p2a: Great Tusk|slp|[from] move: Sleep Powder\n|\n|upkeep\n|turn|9\n|\n|t:|1700420620\n|switch|p1a: Calyrex|Calyrex-Shadow|100\/100\n|-ability|p1a: Calyrex|As One\n|-ability|p1a: Calyrex|Unnerve\n|cant|p2a: Great Tusk|slp\n|\n|upkeep\n|turn|10\n|\n|t:|1700420631\n|-curestatus|p2a: Great Tusk|slp|[msg]\n|move|p2a: Great Tusk|Headlong Rush|p1a: Calyrex\n|-damage|p1a: Calyrex|27\/100\n|-unboost|p2a: Great Tusk|def|1\n|-unboost|p2a: Great Tusk|spd|1\n|move|p1a: Calyrex|Nasty Plot|p1a: Calyrex\n|-boost|p1a: Calyrex|spa|2\n|\n|upkeep\n|turn|11\n|c|\u2606brianbass|nani\n|\n|t:|1700420640\n|move|p2a: Great Tusk|Headlong Rush|p1a: Calyrex\n|-damage|p1a: Calyrex|0 fnt\n|-unboost|p2a: Great Tusk|def|1\n|-unboost|p2a: Great Tusk|spd|1\n|faint|p1a: Calyrex\n|\n|upkeep\n|\n|t:|1700420644\n|switch|p1a: Drifblim|Drifblim, M|100\/100\n|turn|12\n|c|\u2606brianbass|wth\n|c|\u2606brianbass|was\n|c|\u2606brianbass|that\n|\n|t:|1700420649\n|-end|p2a: Great Tusk|Protosynthesis|[silent]\n|switch|p2a: Kingambit|Kingambit, M|52\/100\n|-activate|p2a: Kingambit|ability: Supreme Overlord\n|-start|p2a: Kingambit|fallen2|[silent]\n|move|p1a: Drifblim|Minimize|p1a: Drifblim\n|-boost|p1a: Drifblim|evasion|2\n|\n|-heal|p2a: Kingambit|58\/100|[from] item: Leftovers\n|upkeep\n|turn|13\n|c|\u2606brianbass|ur deafd\n|c|\u2606brianbass|dead\n|c|\u2606brianbass|pls hit\n|\n|t:|1700420661\n|move|p1a: Drifblim|Minimize|p1a: Drifblim\n|-boost|p1a: Drifblim|evasion|2\n|move|p2a: Kingambit|Kowtow Cleave|p1a: Drifblim\n|-supereffective|p1a: Drifblim\n|-crit|p1a: Drifblim\n|-enditem|p1a: Drifblim|Focus Sash\n|-damage|p1a: Drifblim|1\/100\n|\n|-heal|p2a: Kingambit|64\/100|[from] item: Leftovers\n|upkeep\n|turn|14\n|c|\u2606brianbass|it will\n|c|\u2606brianbass|hit\n|c|\u2606brianbass|ONE MORE\n|\n|t:|1700420670\n|move|p1a: Drifblim|Baton Pass|p1a: Drifblim\n|c|\u2606brianbass|Bro\n|c|\u2606brianbass|rlly\n|\n|t:|1700420673\n|switch|p1a: Lilligant|Lilligant-Hisui, F|100\/100|[from] Baton Pass\n|move|p2a: Kingambit|Kowtow Cleave|p1a: Lilligant\n|-resisted|p1a: Lilligant\n|-damage|p1a: Lilligant|51\/100\n|\n|-heal|p2a: Kingambit|70\/100|[from] item: Leftovers\n|upkeep\n|turn|15\n|\n|t:|1700420684\n|move|p1a: Lilligant|Sleep Powder|p2a: Kingambit\n|-status|p2a: Kingambit|slp|[from] move: Sleep Powder\n|cant|p2a: Kingambit|slp\n|\n|-heal|p2a: Kingambit|76\/100 slp|[from] item: Leftovers\n|upkeep\n|turn|16\n|\n|t:|1700420686\n|move|p1a: Lilligant|Victory Dance|p1a: Lilligant\n|-boost|p1a: Lilligant|atk|1\n|-boost|p1a: Lilligant|def|1\n|-boost|p1a: Lilligant|spe|1\n|-curestatus|p2a: Kingambit|slp|[msg]\n|move|p2a: Kingambit|Kowtow Cleave|p1a: Lilligant\n|-resisted|p1a: Lilligant\n|-damage|p1a: Lilligant|23\/100\n|\n|-heal|p2a: Kingambit|82\/100|[from] item: Leftovers\n|upkeep\n|turn|17\n|c|\u2606brianbass|nope\n|c|\u2606brianbass|not today\n|c|\u2606brianbass|lollll\n|\n|t:|1700420709\n|move|p2a: Kingambit|Sucker Punch|p1a: Lilligant\n|-resisted|p1a: Lilligant\n|-damage|p1a: Lilligant|0 fnt\n|faint|p1a: Lilligant\n|\n|-heal|p2a: Kingambit|88\/100|[from] item: Leftovers\n|upkeep\n|c| Spix on YT|reasons i play OU:\n|\n|t:|1700420712\n|switch|p1a: Eternatus|Eternatus|100\/100\n|-ability|p1a: Eternatus|Pressure\n|turn|18\n|\n|t:|1700420718\n|move|p1a: Eternatus|Cosmic Power|p1a: Eternatus\n|-boost|p1a: Eternatus|def|1\n|-boost|p1a: Eternatus|spd|1\n|move|p2a: Kingambit|Kowtow Cleave|p1a: Eternatus\n|-damage|p1a: Eternatus|75\/100\n|\n|-heal|p1a: Eternatus|81\/100|[from] item: Black Sludge\n|-heal|p2a: Kingambit|94\/100|[from] item: Leftovers\n|upkeep\n|turn|19\n|c|\u2606brianbass|fr\n|\n|t:|1700420727\n|move|p1a: Eternatus|Cosmic Power|p1a: Eternatus\n|-boost|p1a: Eternatus|def|1\n|-boost|p1a: Eternatus|spd|1\n|move|p2a: Kingambit|Iron Head|p1a: Eternatus\n|-damage|p1a: Eternatus|63\/100\n|\n|-heal|p1a: Eternatus|70\/100|[from] item: Black Sludge\n|-heal|p2a: Kingambit|99\/100|[from] item: Leftovers\n|upkeep\n|turn|20\n|c|\u2606brianbass|Defense\n|c|\u2606brianbass|bro\n|\n|t:|1700420735\n|-end|p2a: Kingambit|fallen2|[silent]\n|switch|p2a: Glimmora|Glimmora, F|100\/100\n|move|p1a: Eternatus|Cosmic Power|p1a: Eternatus\n|-boost|p1a: Eternatus|def|1\n|-boost|p1a: Eternatus|spd|1\n|\n|-heal|p1a: Eternatus|76\/100|[from] item: Black Sludge\n|upkeep\n|turn|21\n|c|\u2606brianbass|why\n|\n|t:|1700420756\n|move|p2a: Glimmora|Power Gem|p1a: Eternatus\n|-damage|p1a: Eternatus|62\/100\n|move|p1a: Eternatus|Cosmic Power|p1a: Eternatus\n|-boost|p1a: Eternatus|def|1\n|-boost|p1a: Eternatus|spd|1\n|\n|-heal|p1a: Eternatus|68\/100|[from] item: Black Sludge\n|upkeep\n|turn|22\n|\n|t:|1700420775\n|move|p2a: Glimmora|Power Gem|p1a: Eternatus\n|-damage|p1a: Eternatus|55\/100\n|move|p1a: Eternatus|Cosmic Power|p1a: Eternatus\n|-boost|p1a: Eternatus|def|1\n|-boost|p1a: Eternatus|spd|1\n|\n|-heal|p1a: Eternatus|61\/100|[from] item: Black Sludge\n|upkeep\n|turn|23\n|\n|t:|1700420779\n|move|p2a: Glimmora|Power Gem|p1a: Eternatus\n|-damage|p1a: Eternatus|51\/100\n|move|p1a: Eternatus|Cosmic Power|p1a: Eternatus\n|-boost|p1a: Eternatus|def|1\n|-boost|p1a: Eternatus|spd|1\n|\n|-heal|p1a: Eternatus|57\/100|[from] item: Black Sludge\n|upkeep\n|turn|24\n|\n|t:|1700420784\n|move|p2a: Glimmora|Power Gem|p1a: Eternatus\n|-damage|p1a: Eternatus|48\/100\n|move|p1a: Eternatus|Recover|p1a: Eternatus\n|-heal|p1a: Eternatus|98\/100\n|\n|-heal|p1a: Eternatus|100\/100|[from] item: Black Sludge\n|upkeep\n|turn|25\n|\n|t:|1700420789\n|move|p2a: Glimmora|Power Gem|p1a: Eternatus\n|-damage|p1a: Eternatus|90\/100\n|move|p1a: Eternatus|Toxic Spikes|p2a: Glimmora\n|-sidestart|p2: brianbass|move: Toxic Spikes\n|\n|-heal|p1a: Eternatus|96\/100|[from] item: Black Sludge\n|upkeep\n|turn|26\n|c|\u2606brianbass|Bro\n|\n|t:|1700420795\n|switch|p2a: Great Tusk|Great Tusk|100\/100\n|-status|p2a: Great Tusk|psn\n|move|p1a: Eternatus|Toxic Spikes|p2a: Great Tusk\n|-sidestart|p2: brianbass|move: Toxic Spikes\n|\n|-heal|p1a: Eternatus|100\/100|[from] item: Black Sludge\n|-damage|p2a: Great Tusk|88\/100 psn|[from] psn\n|upkeep\n|turn|27\n|\n|t:|1700420806\n|move|p2a: Great Tusk|Headlong Rush|p1a: Eternatus\n|-supereffective|p1a: Eternatus\n|-damage|p1a: Eternatus|81\/100\n|-unboost|p2a: Great Tusk|def|1\n|-unboost|p2a: Great Tusk|spd|1\n|move|p1a: Eternatus|Dynamax Cannon|p2a: Great Tusk\n|-damage|p2a: Great Tusk|0 fnt\n|faint|p2a: Great Tusk\n|-end|p2a: Great Tusk|Protosynthesis|[silent]\n|\n|-heal|p1a: Eternatus|87\/100|[from] item: Black Sludge\n|upkeep\n|c|\u2606brianbass|bro\n|c|\u2606brianbass|ofc\n|\n|t:|1700420820\n|switch|p2a: Glimmora|Glimmora, F|100\/100\n|-sideend|p2: brianbass|move: Toxic Spikes|[of] p2a: Glimmora\n|turn|28\n|\n|t:|1700420827\n|move|p2a: Glimmora|Sludge Wave|p1a: Eternatus\n|-resisted|p1a: Eternatus\n|-damage|p1a: Eternatus|81\/100\n|move|p1a: Eternatus|Dynamax Cannon|p2a: Glimmora\n|-damage|p2a: Glimmora|40\/100\n|\n|-heal|p1a: Eternatus|87\/100|[from] item: Black Sludge\n|upkeep\n|turn|29\n|\n|t:|1700420831\n|move|p2a: Glimmora|Sludge Wave|p1a: Eternatus\n|-resisted|p1a: Eternatus\n|-damage|p1a: Eternatus|81\/100\n|move|p1a: Eternatus|Dynamax Cannon|p2a: Glimmora\n|-damage|p2a: Glimmora|0 fnt\n|faint|p2a: Glimmora\n|\n|-heal|p1a: Eternatus|88\/100|[from] item: Black Sludge\n|upkeep\n|\n|t:|1700420837\n|switch|p2a: Sneasler|Sneasler, M|100\/100\n|turn|30\n|\n|t:|1700420851\n|move|p2a: Sneasler|Dire Claw|p1a: Eternatus\n|-resisted|p1a: Eternatus\n|-damage|p1a: Eternatus|84\/100\n|move|p1a: Eternatus|Dynamax Cannon|p2a: Sneasler\n|-damage|p2a: Sneasler|31\/100\n|\n|-heal|p1a: Eternatus|90\/100|[from] item: Black Sludge\n|upkeep\n|turn|31\n|c|\u2606brianbass|yes\n|c|\u2606brianbass|sleep\n|c|\u2606brianbass|NOOOo\n|\n|t:|1700420858\n|move|p2a: Sneasler|Dire Claw|p1a: Eternatus\n|-resisted|p1a: Eternatus\n|-damage|p1a: Eternatus|87\/100\n|move|p1a: Eternatus|Dynamax Cannon|p2a: Sneasler\n|-damage|p2a: Sneasler|0 fnt\n|faint|p2a: Sneasler\n|\n|-heal|p1a: Eternatus|93\/100|[from] item: Black Sludge\n|upkeep\n|c|\u2606brianbass|cmon\n|c|\u2606brianbass|sleep\n|c|\u2606brianbass|him\n|c|\u2606brianbass|BRO\n|c|\u2606brianbass|50 chance for sleep\n|c|\u2606brianbass|seems like 1\n|\n|t:|1700420873\n|switch|p2a: Kingambit|Kingambit, M|99\/100\n|-activate|p2a: Kingambit|ability: Supreme Overlord\n|-start|p2a: Kingambit|fallen5|[silent]\n|turn|32\n|\n|t:|1700420878\n|move|p2a: Kingambit|Sucker Punch|p1a: Eternatus\n|-damage|p1a: Eternatus|83\/100\n|move|p1a: Eternatus|Dynamax Cannon|p2a: Kingambit\n|-resisted|p2a: Kingambit\n|-damage|p2a: Kingambit|72\/100\n|\n|-heal|p1a: Eternatus|89\/100|[from] item: Black Sludge\n|-heal|p2a: Kingambit|78\/100|[from] item: Leftovers\n|upkeep\n|turn|33\n|c|\u2606brianbass|wouldve been good\n|c| Spix on YT|haze\ud83d\ude14\n|\n|t:|1700420885\n|move|p1a: Eternatus|Dynamax Cannon|p2a: Kingambit\n|-resisted|p2a: Kingambit\n|-damage|p2a: Kingambit|51\/100\n|move|p2a: Kingambit|Swords Dance|p2a: Kingambit\n|-boost|p2a: Kingambit|atk|2\n|\n|-heal|p1a: Eternatus|95\/100|[from] item: Black Sludge\n|-heal|p2a: Kingambit|57\/100|[from] item: Leftovers\n|upkeep\n|turn|34\n|\n|t:|1700420892\n|move|p1a: Eternatus|Dynamax Cannon|p2a: Kingambit\n|-resisted|p2a: Kingambit\n|-damage|p2a: Kingambit|32\/100\n|move|p2a: Kingambit|Iron Head|p1a: Eternatus\n|-crit|p1a: Eternatus\n|-damage|p1a: Eternatus|0 fnt\n|faint|p1a: Eternatus\n|\n|-heal|p2a: Kingambit|38\/100|[from] item: Leftovers\n|upkeep\n|c|\u2606brianbass|NA\n|\n|t:|1700420899\n|switch|p1a: Drifblim|Drifblim, M|1\/100\n|turn|35\n|c| Spix on YT|OH\n|c|\u2606brianbass|i win\n|c|\u2606brianbass|OH YEAH\n|c| Spix on YT|NANNANANNANANANANANANNANA\n|c|\u2606brianbass|now u die\n|c|\u2606brianbass|karma\n|c|\u2606brianbass|yep\n|c|\u2606brianbass|enjoy ur final moments\n|c|\u2606brianbass|:)\n|c|\u2606brianbass|knowing i win\n|c|\u2606brianbass|lol\n|c|\u2606brianbass|this is the end\n|c|\u2606brianbass|of all\n|\n|t:|1700420921\n|move|p1a: Drifblim|Minimize|p1a: Drifblim\n|-boost|p1a: Drifblim|evasion|2\n|move|p2a: Kingambit|Kowtow Cleave|p1a: Drifblim\n|-supereffective|p1a: Drifblim\n|-damage|p1a: Drifblim|0 fnt\n|faint|p1a: Drifblim\n|\n|win|brianbass\n|raw|4stepstomakeumad's rating: 1456 &rarr; <strong>1428<\/strong><br \/>(-28 for losing)\n|raw|brianbass's rating: 1319 &rarr; <strong>1347<\/strong><br \/>(+28 for winning)\n|c|\u2606brianbass|HEHEHHE\n|c|\u2606brianbass|i was holding that in\n|l|\u26064stepstomakeumad\n|c|\u2606brianbass|gg!\n|c|\u2606brianbass|the clutch\n|c| Spix on YT|bro u got so lucky tho\n|j| chara~melle\n|l| Spix on YT\n|c|\u2606brianbass|skill\n|c|\u2606brianbass|fr\n|c|\u2606brianbass|lollllll\n|c|\u2606brianbass|LOL\n|l|\u2606brianbass\n|j| Mattattac\n|l| chara~melle\n","uploadtime":1700421017,"views":4,"p1id":"4stepstomakeumad","p2id":"brianbass","formatid":"gen9anythinggoes","rating":1347,"private":0,"password":""}