{"id":"gen9anythinggoes-1988136724","p1":"Blade Z Knights","p2":"cattya","format":"[Gen 9] Anything Goes","log":"|j|\u2606Blade Z Knights\n|j|\u203dcattya\n|t:|1699674179\n|gametype|singles\n|player|p1|Blade Z Knights|giovanni|1269\n|player|p2|cattya|265|1154\n|teamsize|p1|6\n|teamsize|p2|6\n|gen|9\n|tier|[Gen 9] Anything Goes\n|rated|\n|rule|HP Percentage Mod: HP is shown in percentages\n|rule|Endless Battle Clause: Forcing endless battles is banned\n|clearpoke\n|poke|p1|Torterra, M|\n|poke|p1|Glimmora, F|\n|poke|p1|Ting-Lu|\n|poke|p1|Tyranitar, F|\n|poke|p1|Landorus, M|\n|poke|p1|Hippowdon, M|\n|poke|p2|Glimmora, F|\n|poke|p2|Spiritomb, F|\n|poke|p2|Iron Hands|\n|poke|p2|Samurott-Hisui, M|\n|poke|p2|Rayquaza|\n|poke|p2|Kingambit, F|\n|teampreview\n|inactive|Battle timer is ON: inactive players will automatically lose when time's up. (requested by Blade Z Knights)\n|\n|t:|1699674187\n|start\n|switch|p1a: Ting-Lu|Ting-Lu|100\/100\n|switch|p2a: Glimmora|Glimmora, F|100\/100\n|-item|p2a: Glimmora|Air Balloon\n|-ability|p1a: Ting-Lu|Vessel of Ruin\n|turn|1\n|\n|t:|1699674198\n|-terastallize|p1a: Ting-Lu|Poison\n|move|p2a: Glimmora|Stealth Rock|p1a: Ting-Lu\n|-sidestart|p1: Blade Z Knights|move: Stealth Rock\n|move|p1a: Ting-Lu|Stealth Rock|p2a: Glimmora\n|-sidestart|p2: cattya|move: Stealth Rock\n|\n|upkeep\n|turn|2\n|\n|t:|1699674206\n|move|p2a: Glimmora|Spikes|p1a: Ting-Lu\n|-sidestart|p1: Blade Z Knights|Spikes\n|move|p1a: Ting-Lu|Ruination|p2a: Glimmora\n|-damage|p2a: Glimmora|50\/100\n|-enditem|p2a: Glimmora|Air Balloon\n|\n|upkeep\n|turn|3\n|\n|t:|1699674213\n|move|p2a: Glimmora|Spikes|p1a: Ting-Lu\n|-sidestart|p1: Blade Z Knights|Spikes\n|move|p1a: Ting-Lu|Whirlwind|p2a: Glimmora\n|drag|p2a: Rayquaza|Rayquaza|100\/100\n|-damage|p2a: Rayquaza|76\/100|[from] Stealth Rock\n|-ability|p2a: Rayquaza|Air Lock\n|\n|upkeep\n|turn|4\n|\n|t:|1699674234\n|move|p2a: Rayquaza|Thunderbolt|p1a: Ting-Lu\n|-damage|p1a: Ting-Lu|86\/100\n|-damage|p2a: Rayquaza|66\/100|[from] item: Life Orb\n|move|p1a: Ting-Lu|Ruination|p2a: Rayquaza\n|-damage|p2a: Rayquaza|33\/100\n|\n|-heal|p1a: Ting-Lu|92\/100|[from] item: Leftovers\n|upkeep\n|turn|5\n|\n|t:|1699674245\n|move|p2a: Rayquaza|Shadow Claw|p1a: Ting-Lu\n|-damage|p1a: Ting-Lu|70\/100\n|-damage|p2a: Rayquaza|23\/100|[from] item: Life Orb\n|move|p1a: Ting-Lu|Whirlwind|p2a: Rayquaza\n|drag|p2a: Glimmora|Glimmora, F|50\/100\n|-damage|p2a: Glimmora|38\/100|[from] Stealth Rock\n|\n|-heal|p1a: Ting-Lu|76\/100|[from] item: Leftovers\n|upkeep\n|turn|6\n|\n|t:|1699674263\n|move|p2a: Glimmora|Rock Slide|p1a: Ting-Lu\n|-damage|p1a: Ting-Lu|68\/100\n|move|p1a: Ting-Lu|Whirlwind|p2a: Glimmora\n|drag|p2a: Rayquaza|Rayquaza|23\/100\n|-damage|p2a: Rayquaza|0 fnt|[from] Stealth Rock\n|faint|p2a: Rayquaza\n|\n|-heal|p1a: Ting-Lu|74\/100|[from] item: Leftovers\n|upkeep\n|inactive|cattya has 120 seconds left.\n|\n|t:|1699674276\n|switch|p2a: Glimmora|Glimmora, F|38\/100\n|-damage|p2a: Glimmora|26\/100|[from] Stealth Rock\n|turn|7\n|\n|t:|1699674285\n|move|p2a: Glimmora|Rock Slide|p1a: Ting-Lu\n|-damage|p1a: Ting-Lu|66\/100\n|cant|p1a: Ting-Lu|flinch\n|\n|-heal|p1a: Ting-Lu|72\/100|[from] item: Leftovers\n|upkeep\n|turn|8\n|\n|t:|1699674295\n|move|p2a: Glimmora|Spikes|p1a: Ting-Lu\n|-sidestart|p1: Blade Z Knights|Spikes\n|move|p1a: Ting-Lu|Whirlwind|p2a: Glimmora\n|drag|p2a: Iron Hands|Iron Hands|100\/100\n|-damage|p2a: Iron Hands|94\/100|[from] Stealth Rock\n|-enditem|p2a: Iron Hands|Booster Energy\n|-activate|p2a: Iron Hands|ability: Quark Drive|[fromitem]\n|-start|p2a: Iron Hands|quarkdriveatk\n|\n|-heal|p1a: Ting-Lu|79\/100|[from] item: Leftovers\n|upkeep\n|turn|9\n|\n|t:|1699674307\n|move|p2a: Iron Hands|Fake Out|p1a: Ting-Lu\n|-damage|p1a: Ting-Lu|67\/100\n|cant|p1a: Ting-Lu|flinch\n|\n|-heal|p1a: Ting-Lu|73\/100|[from] item: Leftovers\n|upkeep\n|turn|10\n|\n|t:|1699674314\n|move|p2a: Iron Hands|Drain Punch|p1a: Ting-Lu\n|-resisted|p1a: Ting-Lu\n|-damage|p1a: Ting-Lu|56\/100\n|-heal|p2a: Iron Hands|100\/100|[from] drain|[of] p1a: Ting-Lu\n|move|p1a: Ting-Lu|Ruination|p2a: Iron Hands\n|-damage|p2a: Iron Hands|50\/100\n|\n|-heal|p1a: Ting-Lu|63\/100|[from] item: Leftovers\n|upkeep\n|turn|11\n|\n|t:|1699674328\n|move|p2a: Iron Hands|Fire Punch|p1a: Ting-Lu\n|-damage|p1a: Ting-Lu|40\/100\n|move|p1a: Ting-Lu|Earthquake|p2a: Iron Hands\n|-supereffective|p2a: Iron Hands\n|-damage|p2a: Iron Hands|4\/100\n|\n|-heal|p1a: Ting-Lu|46\/100|[from] item: Leftovers\n|upkeep\n|turn|12\n|\n|t:|1699674341\n|move|p2a: Iron Hands|Fire Punch|p1a: Ting-Lu\n|-damage|p1a: Ting-Lu|25\/100\n|move|p1a: Ting-Lu|Whirlwind|p2a: Iron Hands\n|-end|p2a: Iron Hands|Quark Drive|[silent]\n|drag|p2a: Spiritomb|Spiritomb, F, shiny|100\/100\n|-damage|p2a: Spiritomb|88\/100|[from] Stealth Rock\n|\n|-heal|p1a: Ting-Lu|32\/100|[from] item: Leftovers\n|-status|p2a: Spiritomb|brn|[from] item: Flame Orb\n|upkeep\n|turn|13\n|\n|t:|1699674355\n|move|p2a: Spiritomb|Hex|p1a: Ting-Lu\n|-damage|p1a: Ting-Lu|22\/100\n|move|p1a: Ting-Lu|Ruination|p2a: Spiritomb\n|-damage|p2a: Spiritomb|44\/100 brn\n|\n|-heal|p1a: Ting-Lu|29\/100|[from] item: Leftovers\n|-damage|p2a: Spiritomb|38\/100 brn|[from] brn\n|upkeep\n|turn|14\n|\n|t:|1699674369\n|move|p2a: Spiritomb|Facade|p1a: Ting-Lu\n|-damage|p1a: Ting-Lu|15\/100\n|move|p1a: Ting-Lu|Whirlwind|p2a: Spiritomb\n|drag|p2a: Kingambit|Kingambit, F|100\/100\n|-damage|p2a: Kingambit|94\/100|[from] Stealth Rock\n|-activate|p2a: Kingambit|ability: Supreme Overlord\n|-start|p2a: Kingambit|fallen1|[silent]\n|-item|p2a: Kingambit|Air Balloon\n|\n|-heal|p1a: Ting-Lu|21\/100|[from] item: Leftovers\n|upkeep\n|turn|15\n|inactive|cattya has 120 seconds left.\n|\n|t:|1699674395\n|move|p2a: Kingambit|Air Slash|p1a: Ting-Lu\n|-damage|p1a: Ting-Lu|16\/100\n|move|p1a: Ting-Lu|Ruination|p2a: Kingambit\n|-damage|p2a: Kingambit|48\/100\n|-enditem|p2a: Kingambit|Air Balloon\n|\n|-heal|p1a: Ting-Lu|22\/100|[from] item: Leftovers\n|upkeep\n|turn|16\n|inactive|cattya has 120 seconds left.\n|\n|t:|1699674406\n|move|p2a: Kingambit|Grass Knot|p1a: Ting-Lu\n|-resisted|p1a: Ting-Lu\n|-damage|p1a: Ting-Lu|18\/100\n|move|p1a: Ting-Lu|Earthquake|p2a: Kingambit\n|-supereffective|p2a: Kingambit\n|-damage|p2a: Kingambit|0 fnt\n|faint|p2a: Kingambit\n|-end|p2a: Kingambit|fallen1|[silent]\n|\n|-heal|p1a: Ting-Lu|24\/100|[from] item: Leftovers\n|upkeep\n|inactive|cattya has 120 seconds left.\n|\n|t:|1699674421\n|switch|p2a: Iron Hands|Iron Hands|4\/100\n|-damage|p2a: Iron Hands|0 fnt|[from] Stealth Rock\n|faint|p2a: Iron Hands\n|-end|p2a: Iron Hands|Quark Drive|[silent]\n|\n|t:|1699674427\n|switch|p2a: Glimmora|Glimmora, F|26\/100\n|-damage|p2a: Glimmora|13\/100|[from] Stealth Rock\n|turn|17\n|inactive|cattya has 120 seconds left.\n|\n|t:|1699674436\n|move|p2a: Glimmora|Rock Slide|p1a: Ting-Lu\n|-damage|p1a: Ting-Lu|17\/100\n|cant|p1a: Ting-Lu|flinch\n|\n|-heal|p1a: Ting-Lu|23\/100|[from] item: Leftovers\n|upkeep\n|turn|18\n|\n|t:|1699674445\n|move|p2a: Glimmora|Rock Slide|p1a: Ting-Lu\n|-damage|p1a: Ting-Lu|15\/100\n|move|p1a: Ting-Lu|Whirlwind|p2a: Glimmora\n|drag|p2a: Spiritomb|Spiritomb, F, shiny|38\/100 brn\n|-damage|p2a: Spiritomb|26\/100 brn|[from] Stealth Rock\n|\n|-heal|p1a: Ting-Lu|21\/100|[from] item: Leftovers\n|-damage|p2a: Spiritomb|20\/100 brn|[from] brn\n|upkeep\n|turn|19\n|inactive|cattya has 120 seconds left.\n|\n|t:|1699674461\n|move|p2a: Spiritomb|Facade|p1a: Ting-Lu\n|-damage|p1a: Ting-Lu|6\/100\n|move|p1a: Ting-Lu|Earthquake|p2a: Spiritomb\n|-damage|p2a: Spiritomb|0 fnt\n|faint|p2a: Spiritomb\n|\n|-heal|p1a: Ting-Lu|13\/100|[from] item: Leftovers\n|upkeep\n|inactive|cattya has 120 seconds left.\n|\n|t:|1699674472\n|switch|p2a: Glimmora|Glimmora, F|13\/100\n|-damage|p2a: Glimmora|1\/100|[from] Stealth Rock\n|turn|20\n|\n|t:|1699674478\n|move|p2a: Glimmora|Rock Slide|p1a: Ting-Lu\n|-damage|p1a: Ting-Lu|5\/100\n|cant|p1a: Ting-Lu|flinch\n|\n|-heal|p1a: Ting-Lu|11\/100|[from] item: Leftovers\n|upkeep\n|turn|21\n|\n|t:|1699674486\n|move|p2a: Glimmora|Rock Slide|p1a: Ting-Lu\n|-damage|p1a: Ting-Lu|3\/100\n|move|p1a: Ting-Lu|Whirlwind|p2a: Glimmora\n|drag|p2a: Samurott|Samurott-Hisui, M|100\/100\n|-damage|p2a: Samurott|88\/100|[from] Stealth Rock\n|\n|-heal|p1a: Ting-Lu|9\/100|[from] item: Leftovers\n|upkeep\n|turn|22\n|\n|t:|1699674497\n|move|p2a: Samurott|Drill Run|p1a: Ting-Lu\n|-supereffective|p1a: Ting-Lu\n|-damage|p1a: Ting-Lu|0 fnt\n|faint|p1a: Ting-Lu\n|\n|upkeep\n|\n|t:|1699674505\n|switch|p1a: Landorus|Landorus, M, shiny|100\/100\n|-damage|p1a: Landorus|88\/100|[from] Stealth Rock\n|turn|23\n|\n|t:|1699674513\n|move|p1a: Landorus|Nasty Plot|p1a: Landorus\n|-boost|p1a: Landorus|spa|2\n|move|p2a: Samurott|Razor Shell|p1a: Landorus\n|-supereffective|p1a: Landorus\n|-damage|p1a: Landorus|0 fnt\n|faint|p1a: Landorus\n|\n|upkeep\n|\n|t:|1699674522\n|switch|p1a: Tyranitar|Tyranitar, F, shiny|100\/100\n|-damage|p1a: Tyranitar|88\/100|[from] Stealth Rock\n|-damage|p1a: Tyranitar|63\/100|[from] Spikes\n|-weather|Sandstorm|[from] ability: Sand Stream|[of] p1a: Tyranitar\n|turn|24\n|\n|t:|1699674538\n|move|p2a: Samurott|Sacred Sword|p1a: Tyranitar\n|-supereffective|p1a: Tyranitar\n|-damage|p1a: Tyranitar|0 fnt\n|faint|p1a: Tyranitar\n|\n|-weather|Sandstorm|[upkeep]\n|-damage|p2a: Samurott|82\/100|[from] Sandstorm\n|upkeep\n|\n|t:|1699674547\n|switch|p1a: Glimmora|Glimmora, F, shiny|100\/100\n|-damage|p1a: Glimmora|88\/100|[from] Stealth Rock\n|-damage|p1a: Glimmora|63\/100|[from] Spikes\n|turn|25\n|\n|t:|1699674556\n|move|p1a: Glimmora|Mortal Spin|p2a: Samurott\n|-damage|p2a: Samurott|74\/100\n|-status|p2a: Samurott|psn\n|-sideend|p1: Blade Z Knights|Spikes|[from] move: Mortal Spin|[of] p1a: Glimmora\n|-sideend|p1: Blade Z Knights|Stealth Rock|[from] move: Mortal Spin|[of] p1a: Glimmora\n|move|p2a: Samurott|Sacred Sword|p1a: Glimmora\n|-damage|p1a: Glimmora|1\/100\n|-activate|p1a: Glimmora|ability: Toxic Debris\n|-sidestart|p2: cattya|move: Toxic Spikes\n|\n|-weather|Sandstorm|[upkeep]\n|-damage|p2a: Samurott|68\/100 psn|[from] Sandstorm\n|-damage|p2a: Samurott|55\/100 psn|[from] psn\n|upkeep\n|turn|26\n|\n|t:|1699674579\n|move|p1a: Glimmora|Sludge Wave|p2a: Samurott\n|-damage|p2a: Samurott|0 fnt\n|faint|p2a: Samurott\n|\n|-weather|Sandstorm|[upkeep]\n|upkeep\n|\n|t:|1699674586\n|switch|p2a: Glimmora|Glimmora, F|1\/100\n|-damage|p2a: Glimmora|0 fnt|[from] Stealth Rock\n|-sideend|p2: cattya|move: Toxic Spikes|[of] p2a: Glimmora\n|faint|p2a: Glimmora\n|\n|win|Blade Z Knights\n|raw|Blade Z Knights's rating: 1269 &rarr; <strong>1286<\/strong><br \/>(+17 for winning)\n|raw|cattya's rating: 1154 &rarr; <strong>1137<\/strong><br \/>(-17 for losing)\n|c|\u2606Blade Z Knights|Gg\n|l|\u203dcattya\n","uploadtime":1699674608,"views":4,"p1id":"bladezknights","p2id":"cattya","formatid":"gen9anythinggoes","rating":1137,"private":0,"password":""}