{"id":"gen9anythinggoes-1974710410","p1":"Salty Oshuwatt","p2":"dancingnightmare","format":"[Gen 9] Anything Goes","log":"|j|\u2606Salty Oshuwatt\n|j|\u2606dancingnightmare\n|t:|1698112964\n|gametype|singles\n|player|p1|Salty Oshuwatt|clown|\n|player|p2|dancingnightmare|caitlin|\n|teamsize|p1|6\n|teamsize|p2|6\n|gen|9\n|tier|[Gen 9] Anything Goes\n|rule|HP Percentage Mod: HP is shown in percentages\n|rule|Endless Battle Clause: Forcing endless battles is banned\n|clearpoke\n|poke|p1|Ursaluna-Bloodmoon, M|\n|poke|p1|Annihilape, M|\n|poke|p1|Ninetales-Alola, F|\n|poke|p1|Heatran, M|\n|poke|p1|Cyclizar, F|\n|poke|p1|Volbeat, M|\n|poke|p2|Meloetta|\n|poke|p2|Ninetales, M|\n|poke|p2|Slither Wing|\n|poke|p2|Toxapex, M|\n|poke|p2|Tropius, F|\n|poke|p2|Roaring Moon|\n|teampreview\n|j| AceTrainrRyan\n|j| Ryno5311\n|c|\u2606dancingnightmare|glhf\n|c|\u2606Salty Oshuwatt|glhf\n|\n|t:|1698113010\n|start\n|switch|p1a: Heatran|Heatran, M|100\/100\n|switch|p2a: Mai|Tropius, F|100\/100\n|turn|1\n|\n|t:|1698113018\n|switch|p2a: Yuji|Toxapex, M|100\/100\n|move|p1a: Heatran|Stealth Rock|p2a: Yuji\n|-sidestart|p2: dancingnightmare|move: Stealth Rock\n|\n|upkeep\n|turn|2\n|\n|t:|1698113025\n|switch|p1a: Ninetales|Ninetales-Alola, F|100\/100\n|-weather|Snow|[from] ability: Snow Warning|[of] p1a: Ninetales\n|move|p2a: Yuji|Toxic Spikes|p1a: Ninetales\n|-sidestart|p1: Salty Oshuwatt|move: Toxic Spikes\n|\n|-weather|Snow|[upkeep]\n|upkeep\n|turn|3\n|\n|t:|1698113033\n|switch|p2a: Momo|Ninetales, M|100\/100\n|-weather|SunnyDay|[from] ability: Drought|[of] p2a: Momo\n|move|p1a: Ninetales|Aurora Veil||[still]\n|-fail|p1a: Ninetales\n|\n|-weather|SunnyDay|[upkeep]\n|upkeep\n|turn|4\n|\n|t:|1698113042\n|switch|p1a: Heatran|Heatran, M|100\/100\n|move|p2a: Momo|Baton Pass|p2a: Momo\n|\n|t:|1698113067\n|switch|p2a: Gojo|Roaring Moon|100\/100|[from] Baton Pass\n|-damage|p2a: Gojo|88\/100|[from] Stealth Rock\n|-activate|p2a: Gojo|ability: Protosynthesis\n|-start|p2a: Gojo|protosynthesisatk\n|\n|-weather|SunnyDay|[upkeep]\n|upkeep\n|turn|5\n|\n|t:|1698113078\n|-terastallize|p1a: Heatran|Fairy\n|move|p2a: Gojo|U-turn|p1a: Heatran\n|-resisted|p1a: Heatran\n|-damage|p1a: Heatran|87\/100\n|\n|t:|1698113089\n|-end|p2a: Gojo|Protosynthesis|[silent]\n|switch|p2a: Yuji|Toxapex, M|100\/100|[from] U-turn\n|-damage|p2a: Yuji|88\/100|[from] Stealth Rock\n|move|p1a: Heatran|Tera Blast|p2a: Yuji|[anim] Tera Blast Fairy\n|-resisted|p2a: Yuji\n|-damage|p2a: Yuji|72\/100\n|\n|-weather|SunnyDay|[upkeep]\n|-heal|p1a: Heatran|93\/100|[from] item: Leftovers\n|-heal|p2a: Yuji|78\/100|[from] item: Black Sludge\n|upkeep\n|turn|6\n|\n|t:|1698113103\n|move|p1a: Heatran|Earth Power|p2a: Yuji\n|-supereffective|p2a: Yuji\n|-damage|p2a: Yuji|34\/100\n|move|p2a: Yuji|Sludge Bomb|p1a: Heatran\n|-supereffective|p1a: Heatran\n|-damage|p1a: Heatran|63\/100\n|\n|-weather|SunnyDay|[upkeep]\n|-heal|p1a: Heatran|70\/100|[from] item: Leftovers\n|-heal|p2a: Yuji|41\/100|[from] item: Black Sludge\n|upkeep\n|turn|7\n|\n|t:|1698113120\n|switch|p2a: Mai|Tropius, F|100\/100\n|-damage|p2a: Mai|76\/100|[from] Stealth Rock\n|move|p1a: Heatran|Flamethrower|p2a: Mai\n|-supereffective|p2a: Mai\n|-damage|p2a: Mai|0 fnt\n|faint|p2a: Mai\n|\n|-weather|none\n|-heal|p1a: Heatran|76\/100|[from] item: Leftovers\n|upkeep\n|\n|t:|1698113143\n|switch|p2a: Yuji|Toxapex, M|74\/100\n|-damage|p2a: Yuji|61\/100|[from] Stealth Rock\n|turn|8\n|\n|t:|1698113157\n|move|p1a: Heatran|Earth Power|p2a: Yuji\n|-supereffective|p2a: Yuji\n|-damage|p2a: Yuji|18\/100\n|move|p2a: Yuji|Sludge Bomb|p1a: Heatran\n|-supereffective|p1a: Heatran\n|-damage|p1a: Heatran|44\/100\n|-status|p1a: Heatran|psn\n|\n|-heal|p1a: Heatran|50\/100 psn|[from] item: Leftovers\n|-heal|p2a: Yuji|24\/100|[from] item: Black Sludge\n|-damage|p1a: Heatran|38\/100 psn|[from] psn\n|upkeep\n|turn|9\n|\n|t:|1698113199\n|switch|p2a: Toge|Meloetta|100\/100\n|-damage|p2a: Toge|88\/100|[from] Stealth Rock\n|move|p1a: Heatran|Earth Power|p2a: Toge\n|-damage|p2a: Toge|71\/100\n|\n|-heal|p1a: Heatran|44\/100 psn|[from] item: Leftovers\n|-damage|p1a: Heatran|32\/100 psn|[from] psn\n|upkeep\n|turn|10\n|\n|t:|1698113223\n|move|p2a: Toge|Psychic|p1a: Heatran\n|-damage|p1a: Heatran|0 fnt\n|faint|p1a: Heatran\n|\n|upkeep\n|\n|t:|1698113227\n|switch|p1a: Cyclizar|Cyclizar, F|100\/100\n|turn|11\n|\n|t:|1698113232\n|move|p1a: Cyclizar|Rapid Spin|p2a: Toge\n|-damage|p2a: Toge|52\/100\n|-boost|p1a: Cyclizar|spe|1\n|-sideend|p1: Salty Oshuwatt|Toxic Spikes|[from] move: Rapid Spin|[of] p1a: Cyclizar\n|move|p2a: Toge|Focus Blast|p1a: Cyclizar\n|-supereffective|p1a: Cyclizar\n|-damage|p1a: Cyclizar|0 fnt\n|faint|p1a: Cyclizar\n|\n|upkeep\n|\n|t:|1698113253\n|switch|p1a: Annihilape|Annihilape, M|100\/100\n|turn|12\n|\n|t:|1698113261\n|move|p2a: Toge|Shadow Ball|p1a: Annihilape\n|-supereffective|p1a: Annihilape\n|-damage|p1a: Annihilape|69\/100\n|move|p1a: Annihilape|Poison Jab|p2a: Toge\n|-damage|p2a: Toge|26\/100\n|\n|upkeep\n|turn|13\n|\n|t:|1698113271\n|switch|p2a: Yuji|Toxapex, M|57\/100\n|-damage|p2a: Yuji|45\/100|[from] Stealth Rock\n|move|p1a: Annihilape|Drain Punch|p2a: Yuji\n|-resisted|p2a: Yuji\n|-damage|p2a: Yuji|34\/100\n|-heal|p1a: Annihilape|73\/100|[from] drain|[of] p2a: Yuji\n|\n|-heal|p2a: Yuji|40\/100|[from] item: Black Sludge\n|upkeep\n|turn|14\n|\n|t:|1698113282\n|switch|p1a: Ursaluna|Ursaluna-Bloodmoon, M|100\/100\n|move|p2a: Yuji|Toxic Spikes|p1a: Ursaluna\n|-sidestart|p1: Salty Oshuwatt|move: Toxic Spikes\n|\n|-heal|p2a: Yuji|47\/100|[from] item: Black Sludge\n|upkeep\n|turn|15\n|\n|t:|1698113291\n|move|p1a: Ursaluna|Calm Mind|p1a: Ursaluna\n|-boost|p1a: Ursaluna|spa|1\n|-boost|p1a: Ursaluna|spd|1\n|move|p2a: Yuji|Toxic Spikes|p1a: Ursaluna\n|-sidestart|p1: Salty Oshuwatt|move: Toxic Spikes\n|\n|-heal|p2a: Yuji|53\/100|[from] item: Black Sludge\n|upkeep\n|turn|16\n|\n|t:|1698113302\n|move|p1a: Ursaluna|Calm Mind|p1a: Ursaluna\n|-boost|p1a: Ursaluna|spa|1\n|-boost|p1a: Ursaluna|spd|1\n|move|p2a: Yuji|Haze|p2a: Yuji\n|-clearallboost\n|\n|-heal|p2a: Yuji|59\/100|[from] item: Black Sludge\n|upkeep\n|turn|17\n|\n|t:|1698113312\n|switch|p2a: Momo|Ninetales, M|100\/100\n|-weather|SunnyDay|[from] ability: Drought|[of] p2a: Momo\n|move|p1a: Ursaluna|Earth Power|p2a: Momo\n|-supereffective|p2a: Momo\n|-damage|p2a: Momo|0 fnt\n|faint|p2a: Momo\n|\n|-weather|SunnyDay|[upkeep]\n|upkeep\n|\n|t:|1698113322\n|switch|p2a: Kento|Slither Wing|100\/100\n|-damage|p2a: Kento|88\/100|[from] Stealth Rock\n|-activate|p2a: Kento|ability: Protosynthesis\n|-start|p2a: Kento|protosynthesisatk\n|turn|18\n|\n|t:|1698113334\n|switch|p1a: Ninetales|Ninetales-Alola, F|100\/100\n|-status|p1a: Ninetales|tox\n|-weather|Snow|[from] ability: Snow Warning|[of] p1a: Ninetales\n|-end|p2a: Kento|Protosynthesis\n|-terastallize|p2a: Kento|Flying\n|move|p2a: Kento|Close Combat|p1a: Ninetales\n|-damage|p1a: Ninetales|47\/100 tox\n|-unboost|p2a: Kento|def|1\n|-unboost|p2a: Kento|spd|1\n|\n|-weather|Snow|[upkeep]\n|-damage|p1a: Ninetales|41\/100 tox|[from] psn\n|upkeep\n|turn|19\n|\n|t:|1698113348\n|-end|p2a: Kento|Protosynthesis|[silent]\n|switch|p2a: Yuji|Toxapex, M|92\/100\n|-damage|p2a: Yuji|80\/100|[from] Stealth Rock\n|move|p1a: Ninetales|Aurora Veil|p1a: Ninetales\n|-sidestart|p1: Salty Oshuwatt|move: Aurora Veil\n|\n|-weather|Snow|[upkeep]\n|-heal|p2a: Yuji|86\/100|[from] item: Black Sludge\n|-damage|p1a: Ninetales|29\/100 tox|[from] psn\n|upkeep\n|turn|20\n|\n|t:|1698113358\n|move|p1a: Ninetales|Extrasensory|p2a: Yuji\n|-supereffective|p2a: Yuji\n|-damage|p2a: Yuji|66\/100\n|move|p2a: Yuji|Sludge Bomb|p1a: Ninetales\n|-supereffective|p1a: Ninetales\n|-damage|p1a: Ninetales|10\/100 tox\n|\n|-weather|Snow|[upkeep]\n|-heal|p2a: Yuji|72\/100|[from] item: Black Sludge\n|-damage|p1a: Ninetales|0 fnt|[from] psn\n|faint|p1a: Ninetales\n|upkeep\n|\n|t:|1698113391\n|switch|p1a: Annihilape|Annihilape, M|73\/100\n|-status|p1a: Annihilape|tox\n|turn|21\n|\n|t:|1698113402\n|move|p1a: Annihilape|Bulk Up|p1a: Annihilape\n|-boost|p1a: Annihilape|atk|1\n|-boost|p1a: Annihilape|def|1\n|move|p2a: Yuji|Sludge Bomb|p1a: Annihilape\n|-resisted|p1a: Annihilape\n|-damage|p1a: Annihilape|70\/100 tox\n|\n|-weather|Snow|[upkeep]\n|-heal|p2a: Yuji|78\/100|[from] item: Black Sludge\n|-damage|p1a: Annihilape|64\/100 tox|[from] psn\n|upkeep\n|turn|22\n|\n|t:|1698113411\n|move|p1a: Annihilape|Rage Fist|p2a: Yuji\n|-damage|p2a: Yuji|3\/100\n|move|p2a: Yuji|Haze|p2a: Yuji\n|-clearallboost\n|\n|-weather|none\n|-heal|p2a: Yuji|9\/100|[from] item: Black Sludge\n|-damage|p1a: Annihilape|52\/100 tox|[from] psn\n|upkeep\n|turn|23\n|\n|t:|1698113420\n|switch|p2a: Toge|Meloetta|26\/100\n|-damage|p2a: Toge|13\/100|[from] Stealth Rock\n|move|p1a: Annihilape|Drain Punch|p2a: Toge\n|-damage|p2a: Toge|0 fnt\n|-heal|p1a: Annihilape|57\/100 tox|[from] drain|[of] p2a: Toge\n|faint|p2a: Toge\n|\n|-damage|p1a: Annihilape|39\/100 tox|[from] psn\n|upkeep\n|\n|t:|1698113431\n|switch|p2a: Kento|Slither Wing, tera:Flying|88\/100\n|-damage|p2a: Kento|64\/100|[from] Stealth Rock\n|turn|24\n|\n|t:|1698113435\n|switch|p1a: Ursaluna|Ursaluna-Bloodmoon, M|100\/100\n|-status|p1a: Ursaluna|tox\n|move|p2a: Kento|Tera Blast|p1a: Ursaluna|[anim] Tera Blast Flying\n|-damage|p1a: Ursaluna|90\/100 tox\n|\n|-damage|p1a: Ursaluna|84\/100 tox|[from] psn\n|upkeep\n|turn|25\n|\n|t:|1698113445\n|move|p2a: Kento|Close Combat|p1a: Ursaluna\n|-supereffective|p1a: Ursaluna\n|-damage|p1a: Ursaluna|44\/100 tox\n|-unboost|p2a: Kento|def|1\n|-unboost|p2a: Kento|spd|1\n|move|p1a: Ursaluna|Blood Moon|p2a: Kento\n|-damage|p2a: Kento|0 fnt\n|faint|p2a: Kento\n|-end|p2a: Kento|Protosynthesis|[silent]\n|-heal|p1a: Ursaluna|50\/100 tox|[from] item: Shell Bell|[of] p2: Kento\n|\n|-damage|p1a: Ursaluna|37\/100 tox|[from] psn\n|upkeep\n|\n|t:|1698113458\n|switch|p2a: Yuji|Toxapex, M|42\/100\n|-damage|p2a: Yuji|30\/100|[from] Stealth Rock\n|turn|26\n|j| alexwave55\n|\n|t:|1698113463\n|move|p1a: Ursaluna|Earth Power|p2a: Yuji\n|-supereffective|p2a: Yuji\n|-damage|p2a: Yuji|0 fnt\n|faint|p2a: Yuji\n|-heal|p1a: Ursaluna|40\/100 tox|[from] item: Shell Bell|[of] p2: Yuji\n|\n|-damage|p1a: Ursaluna|22\/100 tox|[from] psn\n|-sideend|p1: Salty Oshuwatt|move: Aurora Veil\n|upkeep\n|\n|t:|1698113470\n|switch|p2a: Gojo|Roaring Moon|88\/100\n|-damage|p2a: Gojo|75\/100|[from] Stealth Rock\n|turn|27\n|\n|t:|1698113477\n|move|p1a: Ursaluna|Vacuum Wave|p2a: Gojo\n|-supereffective|p2a: Gojo\n|-damage|p2a: Gojo|53\/100\n|-heal|p1a: Ursaluna|24\/100 tox|[from] item: Shell Bell|[of] p2a: Gojo\n|move|p2a: Gojo|Knock Off|p1a: Ursaluna\n|-damage|p1a: Ursaluna|0 fnt\n|-enditem|p1a: Ursaluna|Shell Bell|[from] move: Knock Off|[of] p2a: Gojo\n|faint|p1a: Ursaluna\n|\n|upkeep\n|\n|t:|1698113492\n|switch|p1a: Annihilape|Annihilape, M|39\/100 tox\n|turn|28\n|\n|t:|1698113496\n|move|p2a: Gojo|Knock Off|p1a: Annihilape\n|-damage|p1a: Annihilape|0 fnt\n|-enditem|p1a: Annihilape|Punching Glove|[from] move: Knock Off|[of] p2a: Gojo\n|faint|p1a: Annihilape\n|\n|upkeep\n|\n|t:|1698113501\n|switch|p1a: Volbeat|Volbeat, M|100\/100\n|-status|p1a: Volbeat|tox\n|turn|29\n|\n|t:|1698113506\n|move|p2a: Gojo|Knock Off|p1a: Volbeat\n|-damage|p1a: Volbeat|26\/100 tox\n|-enditem|p1a: Volbeat|Focus Sash|[from] move: Knock Off|[of] p2a: Gojo\n|move|p1a: Volbeat|Counter|p2a: Gojo\n|-damage|p2a: Gojo|0 fnt\n|faint|p2a: Gojo\n|-end|p2a: Gojo|Protosynthesis|[silent]\n|\n|win|Salty Oshuwatt\n|c|\u2606dancingnightmare|gg\n|c| Ryno5311|damn\n|c| alexwave55|volbeat W\n|c| AceTrainrRyan|Whooo\n|c|\u2606Salty Oshuwatt|gg\n","uploadtime":1698113561,"views":33,"p1id":"saltyoshuwatt","p2id":"dancingnightmare","formatid":"gen9anythinggoes","rating":0,"private":0,"password":""}