{"id":"gen9anythinggoes-1990956730","p1":"Arturash","p2":"heehee3376","format":"[Gen 9] Anything Goes","log":"|j|\u2606Arturash\n|j|\u2606heehee3376\n|t:|1700019598\n|gametype|singles\n|player|p1|Arturash|170|1093\n|player|p2|heehee3376|102|1231\n|teamsize|p1|3\n|teamsize|p2|6\n|gen|9\n|tier|[Gen 9] Anything Goes\n|rated|\n|rule|HP Percentage Mod: HP is shown in percentages\n|rule|Endless Battle Clause: Forcing endless battles is banned\n|clearpoke\n|poke|p1|Corviknight, M|\n|poke|p1|Snorlax, M|\n|poke|p1|Annihilape, M|\n|poke|p2|Cramorant, M|\n|poke|p2|Cramorant, F|\n|poke|p2|Cramorant, M|\n|poke|p2|Cramorant, F|\n|poke|p2|Cramorant, M|\n|poke|p2|Volcanion|\n|teampreview\n|\n|t:|1700019610\n|start\n|switch|p1a: Corviknight|Corviknight, M, shiny|100\/100\n|switch|p2a: No.1 cannon|Cramorant, M, shiny|100\/100\n|turn|1\n|\n|t:|1700019619\n|move|p2a: No.1 cannon|Surf|p1a: Corviknight\n|-formechange|p2a: No.1 cannon|Cramorant-Gulping|\n|-damage|p1a: Corviknight|64\/100\n|move|p1a: Corviknight|Bulk Up|p1a: Corviknight\n|-boost|p1a: Corviknight|atk|1\n|-boost|p1a: Corviknight|def|1\n|\n|upkeep\n|turn|2\n|\n|t:|1700019627\n|move|p2a: No.1 cannon|Surf|p1a: Corviknight\n|-damage|p1a: Corviknight|31\/100\n|move|p1a: Corviknight|Body Slam|p2a: No.1 cannon\n|-damage|p2a: No.1 cannon|39\/100\n|-damage|p1a: Corviknight|6\/100|[from] ability: Gulp Missile|[of] p2a: No.1 cannon\n|-ability|p1a: Corviknight|Mirror Armor\n|-unboost|p2a: No.1 cannon|def|1\n|-formechange|p2a: No.1 cannon|Cramorant|\n|\n|-heal|p2a: No.1 cannon|45\/100|[from] item: Leftovers\n|upkeep\n|turn|3\n|\n|t:|1700019639\n|move|p2a: No.1 cannon|Surf|p1a: Corviknight\n|-formechange|p2a: No.1 cannon|Cramorant-Gorging|\n|-damage|p1a: Corviknight|0 fnt\n|faint|p1a: Corviknight\n|\n|-heal|p2a: No.1 cannon|51\/100|[from] item: Leftovers\n|upkeep\n|\n|t:|1700019647\n|switch|p1a: Snorlax|Snorlax, M|100\/100\n|turn|4\n|\n|t:|1700019651\n|move|p2a: No.1 cannon|Surf|p1a: Snorlax\n|-damage|p1a: Snorlax|81\/100\n|move|p1a: Snorlax|Brick Break|p2a: No.1 cannon\n|-resisted|p2a: No.1 cannon\n|-damage|p2a: No.1 cannon|9\/100\n|-damage|p1a: Snorlax|56\/100|[from] ability: Gulp Missile|[of] p2a: No.1 cannon\n|-status|p1a: Snorlax|par\n|-formechange|p2a: No.1 cannon|Cramorant|\n|-damage|p1a: Snorlax|46\/100 par|[from] item: Life Orb\n|\n|-heal|p2a: No.1 cannon|15\/100|[from] item: Leftovers\n|upkeep\n|turn|5\n|-message|Arturash forfeited.\n|\n|win|heehee3376\n|raw|Arturash's rating: 1093 &rarr; <strong>1078<\/strong><br \/>(-15 for losing)\n|raw|heehee3376's rating: 1231 &rarr; <strong>1247<\/strong><br \/>(+16 for winning)\n|l|\u2606Arturash\n","uploadtime":1700019671,"views":4,"p1id":"arturash","p2id":"heehee3376","formatid":"gen9anythinggoes","rating":1078,"private":0,"password":""}