{"id":"gen9anythinggoes-1993886490","p1":"Dregone","p2":"arkeis","format":"[Gen 9] Anything Goes","log":"|j|\u2606Dregone\n|j|\u2606arkeis\n|inactive|Battle timer is ON: inactive players will automatically lose when time's up.\n|t:|1700370184\n|gametype|singles\n|player|p1|Dregone|cynthia-masters|\n|player|p2|arkeis|drayden|\n|teamsize|p1|6\n|teamsize|p2|6\n|gen|9\n|tier|[Gen 9] Anything Goes\n|rated|Tournament battle\n|rule|HP Percentage Mod: HP is shown in percentages\n|rule|Endless Battle Clause: Forcing endless battles is banned\n|clearpoke\n|poke|p1|Calyrex-Shadow|\n|poke|p1|Arceus-Ground|\n|poke|p1|Koraidon|\n|poke|p1|Arceus|\n|poke|p1|Arceus-Fairy|\n|poke|p1|Arceus-Water|\n|poke|p2|Regieleki|\n|poke|p2|Rayquaza|\n|poke|p2|Arceus|\n|poke|p2|Arceus-Dark|\n|poke|p2|Arceus-Poison|\n|poke|p2|Mimikyu, M|\n|teampreview\n|j|*Lady Monita \u2746\n|inactive|Dregone also wants the timer to be on.\n|j| Hiusi guy %\u25d5\u203f\u203f\u25d5%\n|j| happysh\n|c|\u2606Dregone|glhf\n|\n|t:|1700370213\n|start\n|switch|p1a: Arceus|Arceus-Ground|100\/100\n|switch|p2a: Rayquaza|Rayquaza|100\/100\n|-ability|p2a: Rayquaza|Neutralizing Gas\n|-ability|p1a: Arceus|Neutralizing Gas\n|turn|1\n|\n|t:|1700370232\n|move|p2a: Rayquaza|U-turn|p1a: Arceus\n|-damage|p1a: Arceus|82\/100\n|\n|t:|1700370240\n|switch|p2a: Arceus|Arceus-Dark|100\/100|[from] U-turn\n|-ability|p2a: Arceus|Neutralizing Gas\n|move|p1a: Arceus|Ice Beam|p2a: Arceus\n|-damage|p2a: Arceus|89\/100\n|\n|upkeep\n|turn|2\n|l| Hiusi guy %\u25d5\u203f\u203f\u25d5%\n|\n|t:|1700370243\n|move|p1a: Arceus|Taunt|p2a: Arceus\n|-start|p2a: Arceus|move: Taunt\n|cant|p2a: Arceus|move: Taunt|Will-O-Wisp\n|\n|upkeep\n|turn|3\n|\n|t:|1700370252\n|move|p1a: Arceus|Stealth Rock|p2a: Arceus\n|-sidestart|p2: arkeis|move: Stealth Rock\n|move|p2a: Arceus|Judgment|p1a: Arceus\n|-damage|p1a: Arceus|52\/100\n|\n|upkeep\n|turn|4\n|\n|t:|1700370257\n|switch|p1a: Arceus|Arceus-Fairy|100\/100\n|-ability|p1a: Arceus|Neutralizing Gas\n|move|p2a: Arceus|Judgment|p1a: Arceus\n|-resisted|p1a: Arceus\n|-damage|p1a: Arceus|88\/100\n|\n|-end|p2a: Arceus|move: Taunt\n|upkeep\n|turn|5\n|\n|t:|1700370261\n|switch|p2a: Arceus|Arceus-Poison|100\/100\n|-ability|p2a: Arceus|Neutralizing Gas\n|-damage|p2a: Arceus|88\/100|[from] Stealth Rock\n|move|p1a: Arceus|Taunt|p2a: Arceus\n|-start|p2a: Arceus|move: Taunt\n|\n|-heal|p2a: Arceus|94\/100|[from] item: Black Sludge\n|upkeep\n|turn|6\n|\n|t:|1700370280\n|move|p1a: Arceus|Thunder Wave|p2a: Arceus\n|-status|p2a: Arceus|par\n|move|p2a: Arceus|Sludge Bomb|p1a: Arceus\n|-supereffective|p1a: Arceus\n|-damage|p1a: Arceus|51\/100\n|-status|p1a: Arceus|psn\n|\n|-heal|p2a: Arceus|99\/100 par|[from] item: Black Sludge\n|-damage|p1a: Arceus|39\/100 psn|[from] psn\n|upkeep\n|turn|7\n|\n|t:|1700370290\n|switch|p1a: Koraidon|Koraidon|100\/100\n|-ability|p1a: Koraidon|Neutralizing Gas\n|cant|p2a: Arceus|par\n|\n|-heal|p2a: Arceus|100\/100 par|[from] item: Black Sludge\n|-end|p2a: Arceus|move: Taunt\n|upkeep\n|turn|8\n|\n|t:|1700370308\n|move|p1a: Koraidon|U-turn|p2a: Arceus\n|-resisted|p2a: Arceus\n|-damage|p2a: Arceus|95\/100 par\n|\n|t:|1700370311\n|switch|p1a: Arceus|Arceus-Ground|52\/100|[from] U-turn\n|-ability|p1a: Arceus|Neutralizing Gas\n|cant|p2a: Arceus|par\n|\n|-heal|p2a: Arceus|100\/100 par|[from] item: Black Sludge\n|upkeep\n|turn|9\n|\n|t:|1700370320\n|switch|p2a: Arceus|Arceus-Dark|89\/100\n|-ability|p2a: Arceus|Neutralizing Gas\n|-damage|p2a: Arceus|77\/100|[from] Stealth Rock\n|move|p1a: Arceus|Judgment|p2a: Arceus\n|-damage|p2a: Arceus|54\/100\n|\n|upkeep\n|turn|10\n|\n|t:|1700370325\n|move|p1a: Arceus|Taunt|p2a: Arceus\n|-start|p2a: Arceus|move: Taunt\n|move|p2a: Arceus|Judgment|p1a: Arceus\n|-damage|p1a: Arceus|20\/100\n|\n|upkeep\n|turn|11\n|\n|t:|1700370327\n|move|p1a: Arceus|Judgment|p2a: Arceus\n|-damage|p2a: Arceus|29\/100\n|move|p2a: Arceus|Judgment|p1a: Arceus\n|-damage|p1a: Arceus|0 fnt\n|faint|p1a: Arceus\n|\n|upkeep\n|\n|t:|1700370355\n|switch|p1a: Arceus|Arceus|100\/100\n|-ability|p1a: Arceus|Neutralizing Gas\n|turn|12\n|\n|t:|1700370364\n|move|p1a: Arceus|Swords Dance|p1a: Arceus\n|-boost|p1a: Arceus|atk|2\n|move|p2a: Arceus|Judgment|p1a: Arceus\n|-damage|p1a: Arceus|69\/100\n|\n|-end|p2a: Arceus|move: Taunt\n|upkeep\n|turn|13\n|\n|t:|1700370368\n|move|p1a: Arceus|Extreme Speed|p2a: Arceus\n|-damage|p2a: Arceus|0 fnt\n|faint|p2a: Arceus\n|-damage|p1a: Arceus|59\/100|[from] item: Life Orb\n|\n|upkeep\n|\n|t:|1700370370\n|switch|p2a: Rayquaza|Rayquaza|100\/100\n|-ability|p2a: Rayquaza|Neutralizing Gas\n|-damage|p2a: Rayquaza|76\/100|[from] Stealth Rock\n|turn|14\n|\n|t:|1700370393\n|-terastallize|p2a: Rayquaza|Steel\n|move|p1a: Arceus|Extreme Speed|p2a: Rayquaza\n|-resisted|p2a: Rayquaza\n|-damage|p2a: Rayquaza|15\/100\n|-damage|p1a: Arceus|49\/100|[from] item: Life Orb\n|move|p2a: Rayquaza|Dragon Ascent|p1a: Arceus\n|-damage|p1a: Arceus|0 fnt\n|-unboost|p2a: Rayquaza|def|1\n|-unboost|p2a: Rayquaza|spd|1\n|faint|p1a: Arceus\n|\n|upkeep\n|\n|t:|1700370406\n|switch|p1a: Koraidon|Koraidon|100\/100\n|-ability|p1a: Koraidon|Neutralizing Gas\n|turn|15\n|\n|t:|1700370413\n|switch|p2a: Arceus|Arceus-Poison|100\/100 par\n|-ability|p2a: Arceus|Neutralizing Gas\n|-damage|p2a: Arceus|88\/100 par|[from] Stealth Rock\n|move|p1a: Koraidon|U-turn|p2a: Arceus\n|-resisted|p2a: Arceus\n|-damage|p2a: Arceus|82\/100 par\n|\n|t:|1700370427\n|switch|p1a: Calyrex|Calyrex-Shadow|100\/100|[from] U-turn\n|-ability|p1a: Calyrex|Neutralizing Gas\n|\n|-heal|p2a: Arceus|88\/100 par|[from] item: Black Sludge\n|upkeep\n|turn|16\n|\n|t:|1700370442\n|switch|p2a: Regieleki|Regieleki|100\/100\n|-damage|p2a: Regieleki|88\/100|[from] Stealth Rock\n|move|p1a: Calyrex|Nasty Plot|p1a: Calyrex\n|-boost|p1a: Calyrex|spa|2\n|\n|upkeep\n|turn|17\n|\n|t:|1700370451\n|move|p2a: Regieleki|Thunderbolt|p1a: Calyrex\n|-damage|p1a: Calyrex|61\/100\n|-status|p1a: Calyrex|par\n|move|p1a: Calyrex|Astral Barrage|p2a: Regieleki\n|-damage|p2a: Regieleki|0 fnt\n|faint|p2a: Regieleki\n|\n|upkeep\n|c|\u2606Dregone|my god\n|\n|t:|1700370456\n|switch|p2a: Mimikyu|Mimikyu, M|100\/100\n|-damage|p2a: Mimikyu|88\/100|[from] Stealth Rock\n|turn|18\n|\n|t:|1700370472\n|move|p2a: Mimikyu|Shadow Claw|p1a: Calyrex\n|-supereffective|p1a: Calyrex\n|-damage|p1a: Calyrex|0 fnt\n|faint|p1a: Calyrex\n|-end|p1a: Calyrex|ability: Neutralizing Gas\n|-damage|p2a: Mimikyu|78\/100|[from] item: Life Orb\n|\n|upkeep\n|\n|t:|1700370476\n|switch|p1a: Arceus|Arceus-Water|100\/100\n|-ability|p1a: Arceus|Neutralizing Gas\n|turn|19\n|j| Gambit_Gamin\n|\n|t:|1700370501\n|move|p1a: Arceus|Will-O-Wisp|p2a: Mimikyu\n|-status|p2a: Mimikyu|brn\n|move|p2a: Mimikyu|Swords Dance|p2a: Mimikyu\n|-boost|p2a: Mimikyu|atk|2\n|\n|-damage|p2a: Mimikyu|72\/100 brn|[from] brn\n|upkeep\n|turn|20\n|\n|t:|1700370509\n|move|p1a: Arceus|Taunt|p2a: Mimikyu\n|-start|p2a: Mimikyu|move: Taunt\n|cant|p2a: Mimikyu|move: Taunt|Swords Dance\n|\n|-damage|p2a: Mimikyu|66\/100 brn|[from] brn\n|upkeep\n|turn|21\n|\n|t:|1700370519\n|move|p1a: Arceus|Judgment|p2a: Mimikyu\n|-activate|p2a: Mimikyu|ability: Disguise\n|-damage|p2a: Mimikyu|66\/100 brn\n|detailschange|p2a: Mimikyu|Mimikyu-Busted, M\n|-damage|p2a: Mimikyu|54\/100 brn|[from] pokemon: Mimikyu-Busted\n|move|p2a: Mimikyu|Play Rough|p1a: Arceus|[miss]\n|-miss|p2a: Mimikyu|p1a: Arceus\n|\n|-damage|p2a: Mimikyu|48\/100 brn|[from] brn\n|upkeep\n|turn|22\n|\n|t:|1700370526\n|move|p2a: Mimikyu|Shadow Sneak|p1a: Arceus\n|-damage|p1a: Arceus|88\/100\n|-damage|p2a: Mimikyu|38\/100 brn|[from] item: Life Orb\n|move|p1a: Arceus|Judgment|p2a: Mimikyu\n|-damage|p2a: Mimikyu|0 fnt\n|faint|p2a: Mimikyu\n|\n|upkeep\n|\n|t:|1700370527\n|switch|p2a: Arceus|Arceus-Poison|88\/100 par\n|-ability|p2a: Arceus|Neutralizing Gas\n|-damage|p2a: Arceus|76\/100 par|[from] Stealth Rock\n|turn|23\n|\n|t:|1700370539\n|switch|p1a: Arceus|Arceus-Fairy|39\/100 psn\n|-ability|p1a: Arceus|Neutralizing Gas\n|move|p2a: Arceus|Sludge Bomb|p1a: Arceus\n|-supereffective|p1a: Arceus\n|-damage|p1a: Arceus|0 fnt\n|faint|p1a: Arceus\n|\n|-heal|p2a: Arceus|82\/100 par|[from] item: Black Sludge\n|upkeep\n|\n|t:|1700370545\n|switch|p1a: Koraidon|Koraidon|100\/100\n|-ability|p1a: Koraidon|Neutralizing Gas\n|turn|24\n|\n|t:|1700370550\n|-terastallize|p1a: Koraidon|Fire\n|move|p1a: Koraidon|Flare Blitz|p2a: Arceus\n|-damage|p2a: Arceus|52\/100 par\n|-damage|p1a: Koraidon|88\/100|[from] Recoil\n|move|p2a: Arceus|Will-O-Wisp|p1a: Koraidon|[miss]\n|-miss|p2a: Arceus|p1a: Koraidon\n|\n|-heal|p2a: Arceus|58\/100 par|[from] item: Black Sludge\n|upkeep\n|turn|25\n|\n|t:|1700370555\n|move|p1a: Koraidon|Flare Blitz|p2a: Arceus\n|-damage|p2a: Arceus|26\/100 par\n|-damage|p1a: Koraidon|74\/100|[from] Recoil\n|move|p2a: Arceus|Recover|p2a: Arceus\n|-heal|p2a: Arceus|76\/100 par\n|\n|-heal|p2a: Arceus|82\/100 par|[from] item: Black Sludge\n|upkeep\n|turn|26\n|\n|t:|1700370561\n|move|p1a: Koraidon|Flare Blitz|p2a: Arceus\n|-damage|p2a: Arceus|51\/100 par\n|-damage|p1a: Koraidon|60\/100|[from] Recoil\n|cant|p2a: Arceus|par\n|\n|-heal|p2a: Arceus|57\/100 par|[from] item: Black Sludge\n|upkeep\n|turn|27\n|\n|t:|1700370565\n|move|p1a: Koraidon|Flare Blitz|p2a: Arceus\n|-damage|p2a: Arceus|29\/100 par\n|-damage|p1a: Koraidon|48\/100|[from] Recoil\n|move|p2a: Arceus|Recover|p2a: Arceus\n|-heal|p2a: Arceus|79\/100 par\n|\n|-heal|p2a: Arceus|85\/100 par|[from] item: Black Sludge\n|upkeep\n|turn|28\n|\n|t:|1700370568\n|move|p1a: Koraidon|Flare Blitz|p2a: Arceus\n|-damage|p2a: Arceus|54\/100 par\n|-damage|p1a: Koraidon|35\/100|[from] Recoil\n|move|p2a: Arceus|Earth Power|p1a: Koraidon\n|-supereffective|p1a: Koraidon\n|-damage|p1a: Koraidon|0 fnt\n|faint|p1a: Koraidon\n|\n|-heal|p2a: Arceus|60\/100 par|[from] item: Black Sludge\n|upkeep\n|\n|t:|1700370570\n|switch|p1a: Arceus|Arceus-Water|88\/100\n|-ability|p1a: Arceus|Neutralizing Gas\n|turn|29\n|\n|t:|1700370575\n|move|p1a: Arceus|Taunt|p2a: Arceus\n|-start|p2a: Arceus|move: Taunt\n|move|p2a: Arceus|Sludge Bomb|p1a: Arceus\n|-damage|p1a: Arceus|65\/100\n|-status|p1a: Arceus|psn\n|\n|-heal|p2a: Arceus|66\/100 par|[from] item: Black Sludge\n|-damage|p1a: Arceus|53\/100 psn|[from] psn\n|upkeep\n|turn|30\n|\n|t:|1700370577\n|move|p1a: Arceus|Judgment|p2a: Arceus\n|-damage|p2a: Arceus|32\/100 par\n|move|p2a: Arceus|Sludge Bomb|p1a: Arceus\n|-damage|p1a: Arceus|27\/100 psn\n|\n|-heal|p2a: Arceus|38\/100 par|[from] item: Black Sludge\n|-damage|p1a: Arceus|14\/100 psn|[from] psn\n|upkeep\n|turn|31\n|\n|t:|1700370582\n|move|p1a: Arceus|Recover|p1a: Arceus\n|-heal|p1a: Arceus|64\/100 psn\n|cant|p2a: Arceus|par\n|\n|-heal|p2a: Arceus|44\/100 par|[from] item: Black Sludge\n|-damage|p1a: Arceus|52\/100 psn|[from] psn\n|-end|p2a: Arceus|move: Taunt\n|upkeep\n|turn|32\n|\n|t:|1700370588\n|move|p1a: Arceus|Taunt|p2a: Arceus\n|-start|p2a: Arceus|move: Taunt\n|move|p2a: Arceus|Sludge Bomb|p1a: Arceus\n|-damage|p1a: Arceus|29\/100 psn\n|\n|-heal|p2a: Arceus|50\/100 par|[from] item: Black Sludge\n|-damage|p1a: Arceus|16\/100 psn|[from] psn\n|upkeep\n|turn|33\n|\n|t:|1700370594\n|switch|p2a: Rayquaza|Rayquaza, tera:Steel|15\/100\n|-ability|p2a: Rayquaza|Neutralizing Gas\n|-damage|p2a: Rayquaza|9\/100|[from] Stealth Rock\n|move|p1a: Arceus|Recover|p1a: Arceus\n|-heal|p1a: Arceus|66\/100 psn\n|\n|-damage|p1a: Arceus|54\/100 psn|[from] psn\n|upkeep\n|turn|34\n|\n|t:|1700370600\n|move|p2a: Rayquaza|Dragon Ascent|p1a: Arceus\n|-damage|p1a: Arceus|14\/100 psn\n|-unboost|p2a: Rayquaza|def|1\n|-unboost|p2a: Rayquaza|spd|1\n|move|p1a: Arceus|Recover|p1a: Arceus\n|-heal|p1a: Arceus|64\/100 psn\n|\n|-damage|p1a: Arceus|52\/100 psn|[from] psn\n|upkeep\n|turn|35\n|\n|t:|1700370612\n|move|p2a: Rayquaza|Dragon Ascent|p1a: Arceus\n|-damage|p1a: Arceus|12\/100 psn\n|-unboost|p2a: Rayquaza|def|1\n|-unboost|p2a: Rayquaza|spd|1\n|move|p1a: Arceus|Recover|p1a: Arceus\n|-heal|p1a: Arceus|62\/100 psn\n|\n|-damage|p1a: Arceus|50\/100 psn|[from] psn\n|upkeep\n|turn|36\n|\n|t:|1700370617\n|move|p2a: Rayquaza|Dragon Ascent|p1a: Arceus\n|-damage|p1a: Arceus|6\/100 psn\n|-unboost|p2a: Rayquaza|def|1\n|-unboost|p2a: Rayquaza|spd|1\n|move|p1a: Arceus|Recover|p1a: Arceus\n|-heal|p1a: Arceus|56\/100 psn\n|\n|-damage|p1a: Arceus|44\/100 psn|[from] psn\n|upkeep\n|turn|37\n|c|\u2606Dregone|lol\n|-message|Dregone forfeited.\n|\n|win|arkeis\n|n|\u2606Dregone|dregone\n|n|\u2606arkeis|arkeis\n|n|*Lady Monita \u2746|ladymonita\n|n| happysh|happysh\n|n| Gambit_Gamin|gambitgamin\n","uploadtime":1700370627,"views":3,"p1id":"dregone","p2id":"arkeis","formatid":"gen9anythinggoes","rating":0,"private":0,"password":""}