{"id":"gen9anythinggoes-1981674321","p1":"ice20986","p2":"king_goiabo","format":"[Gen 9] Anything Goes","log":"|j|\u2606ice20986\n|j|\u2606king_goiabo\n|t:|1698932560\n|gametype|singles\n|player|p1|ice20986|170|1162\n|player|p2|king_goiabo|artist-gen4|1102\n|teamsize|p1|6\n|teamsize|p2|6\n|gen|9\n|tier|[Gen 9] Anything Goes\n|rated|\n|rule|HP Percentage Mod: HP is shown in percentages\n|rule|Endless Battle Clause: Forcing endless battles is banned\n|clearpoke\n|poke|p1|Chi-Yu|\n|poke|p1|Annihilape, M|\n|poke|p1|Flutter Mane|\n|poke|p1|Zacian-*|\n|poke|p1|Gholdengo|\n|poke|p1|Dragapult, F|\n|poke|p2|Probopass, F|\n|poke|p2|Ninetales, F|\n|poke|p2|Tropius, F|\n|poke|p2|Alomomola, F|\n|poke|p2|Scream Tail|\n|poke|p2|Toedscruel, M|\n|teampreview\n|\n|t:|1698932567\n|start\n|switch|p1a: Gold fishh|Chi-Yu|100\/100\n|switch|p2a: I like jokes|Ninetales, F|100\/100\n|-weather|SunnyDay|[from] ability: Drought|[of] p2a: I like jokes\n|-ability|p1a: Gold fishh|Beads of Ruin\n|turn|1\n|\n|t:|1698932582\n|move|p2a: I like jokes|Substitute|p2a: I like jokes\n|-start|p2a: I like jokes|Substitute\n|-damage|p2a: I like jokes|76\/100\n|move|p1a: Gold fishh|Dark Pulse|p2a: I like jokes\n|-end|p2a: I like jokes|Substitute\n|\n|-weather|SunnyDay|[upkeep]\n|-heal|p2a: I like jokes|82\/100|[from] item: Leftovers\n|upkeep\n|turn|2\n|\n|t:|1698932595\n|switch|p2a: Feel pain|Alomomola, F|100\/100\n|move|p1a: Gold fishh|Dark Pulse|p2a: Feel pain\n|-damage|p2a: Feel pain|5\/100\n|\n|-weather|SunnyDay|[upkeep]\n|-heal|p2a: Feel pain|11\/100|[from] item: Leftovers\n|upkeep\n|turn|3\n|\n|t:|1698932606\n|-terastallize|p1a: Gold fishh|Grass\n|move|p2a: Feel pain|Protect|p2a: Feel pain\n|-singleturn|p2a: Feel pain|Protect\n|move|p1a: Gold fishh|Dark Pulse|p2a: Feel pain\n|-activate|p2a: Feel pain|move: Protect\n|\n|-weather|SunnyDay|[upkeep]\n|-heal|p2a: Feel pain|17\/100|[from] item: Leftovers\n|upkeep\n|turn|4\n|\n|t:|1698932617\n|switch|p2a: Keys here|Scream Tail|100\/100\n|-activate|p2a: Keys here|ability: Protosynthesis\n|-start|p2a: Keys here|protosynthesisspd\n|move|p1a: Gold fishh|Dark Pulse|p2a: Keys here\n|-damage|p2a: Keys here|49\/100\n|\n|-weather|SunnyDay|[upkeep]\n|upkeep\n|turn|5\n|\n|t:|1698932629\n|move|p1a: Gold fishh|Dark Pulse|p2a: Keys here\n|-damage|p2a: Keys here|2\/100\n|cant|p2a: Keys here|flinch\n|\n|-weather|none\n|-end|p2a: Keys here|Protosynthesis\n|upkeep\n|turn|6\n|\n|t:|1698932637\n|move|p1a: Gold fishh|Dark Pulse|p2a: Keys here\n|-damage|p2a: Keys here|0 fnt\n|faint|p2a: Keys here\n|-end|p2a: Keys here|Protosynthesis|[silent]\n|\n|upkeep\n|\n|t:|1698932641\n|switch|p2a: Tropius|Tropius, F|100\/100\n|turn|7\n|\n|t:|1698932646\n|move|p1a: Gold fishh|Dark Pulse|p2a: Tropius\n|-damage|p2a: Tropius|12\/100\n|move|p2a: Tropius|Body Slam|p1a: Gold fishh\n|-damage|p1a: Gold fishh|52\/100\n|-damage|p2a: Tropius|2\/100|[from] item: Life Orb\n|\n|upkeep\n|turn|8\n|\n|t:|1698932655\n|move|p1a: Gold fishh|Dark Pulse|p2a: Tropius\n|-damage|p2a: Tropius|0 fnt\n|faint|p2a: Tropius\n|\n|upkeep\n|\n|t:|1698932658\n|switch|p2a: Probopass|Probopass, F|100\/100\n|turn|9\n|\n|t:|1698932664\n|move|p1a: Gold fishh|Dark Pulse|p2a: Probopass\n|-damage|p2a: Probopass|31\/100\n|move|p2a: Probopass|Heavy Slam|p1a: Gold fishh\n|-damage|p1a: Gold fishh|18\/100\n|\n|upkeep\n|turn|10\n|\n|t:|1698932672\n|move|p1a: Gold fishh|Dark Pulse|p2a: Probopass\n|-damage|p2a: Probopass|0 fnt\n|faint|p2a: Probopass\n|\n|upkeep\n|\n|t:|1698932676\n|switch|p2a: I like jokes|Ninetales, F|82\/100\n|-weather|SunnyDay|[from] ability: Drought|[of] p2a: I like jokes\n|turn|11\n|\n|t:|1698932682\n|move|p1a: Gold fishh|Dark Pulse|p2a: I like jokes\n|-damage|p2a: I like jokes|0 fnt\n|faint|p2a: I like jokes\n|\n|-weather|SunnyDay|[upkeep]\n|upkeep\n|\n|t:|1698932685\n|switch|p2a: Feel pain|Alomomola, F|17\/100\n|turn|12\n|\n|t:|1698932690\n|move|p2a: Feel pain|Protect|p2a: Feel pain\n|-singleturn|p2a: Feel pain|Protect\n|move|p1a: Gold fishh|Dark Pulse|p2a: Feel pain\n|-activate|p2a: Feel pain|move: Protect\n|\n|-weather|SunnyDay|[upkeep]\n|-heal|p2a: Feel pain|23\/100|[from] item: Leftovers\n|upkeep\n|turn|13\n|\n|t:|1698932700\n|switch|p2a: Ddealer|Toedscruel, M|100\/100\n|move|p1a: Gold fishh|Dark Pulse|p2a: Ddealer\n|-damage|p2a: Ddealer|20\/100\n|\n|-weather|SunnyDay|[upkeep]\n|upkeep\n|turn|14\n|\n|t:|1698932714\n|-terastallize|p2a: Ddealer|Poison\n|move|p1a: Gold fishh|Dark Pulse|p2a: Ddealer\n|-damage|p2a: Ddealer|0 fnt\n|faint|p2a: Ddealer\n|\n|-weather|SunnyDay|[upkeep]\n|upkeep\n|\n|t:|1698932718\n|switch|p2a: Feel pain|Alomomola, F|23\/100\n|turn|15\n|\n|t:|1698932725\n|move|p1a: Gold fishh|Dark Pulse|p2a: Feel pain\n|-damage|p2a: Feel pain|0 fnt\n|faint|p2a: Feel pain\n|\n|win|ice20986\n|raw|ice20986's rating: 1162 &rarr; <strong>1183<\/strong><br \/>(+21 for winning)\n|raw|king_goiabo's rating: 1102 &rarr; <strong>1081<\/strong><br \/>(-21 for losing)\n|l|\u2606king_goiabo\n","uploadtime":1698932747,"views":7,"p1id":"ice20986","p2id":"kinggoiabo","formatid":"gen9anythinggoes","rating":1081,"private":0,"password":""}