{"id":"gen9anythinggoes-1972406040","p1":"Agent D01","p2":"Sigtrick","format":"[Gen 9] Anything Goes","log":"|j|\u2606Agent D01\n|j|\u2606Sigtrick\n|t:|1697839343\n|gametype|singles\n|player|p1|Agent D01|benga|\n|player|p2|Sigtrick|2|\n|teamsize|p1|6\n|teamsize|p2|6\n|gen|9\n|tier|[Gen 9] Anything Goes\n|rule|HP Percentage Mod: HP is shown in percentages\n|rule|Endless Battle Clause: Forcing endless battles is banned\n|clearpoke\n|poke|p1|Thundurus, M|\n|poke|p1|Dragonite, F|\n|poke|p1|Bisharp, M|\n|poke|p1|Toedscruel, M|\n|poke|p1|Typhlosion, M|\n|poke|p1|Gastrodon, F|\n|poke|p2|Donphan, F|\n|poke|p2|Slowking-Galar, F|\n|poke|p2|Rotom-Wash|\n|poke|p2|Tinkaton, F|\n|poke|p2|Zoroark-Hisui, F|\n|poke|p2|Roaring Moon|\n|teampreview\n|j| PorygonTheBot\n|c| PorygonTheBot|y'all suck\n|c|\u2606Agent D01|glhf\n|c|\u2606Sigtrick|thanks u2\n|\n|t:|1697839439\n|start\n|switch|p1a: Dragonite|Dragonite, F|100\/100\n|switch|p2a: Rawring Moon|Roaring Moon|100\/100\n|turn|1\n|\n|t:|1697839484\n|switch|p1a: Gastrodon|Gastrodon, F|100\/100\n|move|p2a: Rawring Moon|U-turn|p1a: Gastrodon\n|-damage|p1a: Gastrodon|83\/100\n|-damage|p2a: Rawring Moon|84\/100|[from] item: Rocky Helmet|[of] p1a: Gastrodon\n|\n|t:|1697839498\n|-end|p2a: Rawring Moon|Protosynthesis|[silent]\n|switch|p2a: Nora|Tinkaton, F|100\/100|[from] U-turn\n|\n|upkeep\n|turn|2\n|\n|t:|1697839506\n|move|p2a: Nora|Trick|p1a: Gastrodon\n|-activate|p2a: Nora|move: Trick|[of] p1a: Gastrodon\n|-item|p1a: Gastrodon|Choice Specs|[from] move: Trick\n|-item|p2a: Nora|Rocky Helmet|[from] move: Trick\n|move|p1a: Gastrodon|Earth Power|p2a: Nora\n|-damage|p2a: Nora|23\/100\n|-unboost|p2a: Nora|spd|1\n|replace|p2a: Yae|Zoroark-Hisui, F\n|-end|p2a: Yae|Illusion\n|\n|upkeep\n|turn|3\n|\n|t:|1697839520\n|switch|p2a: Washington|Rotom-Wash|100\/100\n|move|p1a: Gastrodon|Earth Power|p2a: Washington\n|-immune|p2a: Washington|[from] ability: Levitate\n|\n|upkeep\n|turn|4\n|j| Glistering Aeon\n|\n|t:|1697839529\n|switch|p1a: Thundurus|Thundurus, M|100\/100\n|move|p2a: Washington|Hydro Pump|p1a: Thundurus\n|-damage|p1a: Thundurus|63\/100\n|\n|upkeep\n|turn|5\n|j| WeaselmanWasTaken\n|c| Glistering Aeon|105000\/12\n|c| WeaselmanWasTaken|washington my goat!\n|c| Glistering Aeon|Apparently that's my kitten saying gl\n|\n|t:|1697839573\n|switch|p2a: Victor|Slowking-Galar, F|100\/100\n|move|p1a: Thundurus|Psychic|p2a: Victor\n|-damage|p2a: Victor|84\/100\n|\n|-heal|p2a: Victor|90\/100|[from] item: Black Sludge\n|upkeep\n|turn|6\n|c| WeaselmanWasTaken|whats your cat's name\n|c| Glistering Aeon|This one is Sylvie. We have three others named Mako, Shadow and Dot\n|\n|t:|1697839595\n|move|p1a: Thundurus|Volt Switch|p2a: Victor\n|-damage|p2a: Victor|72\/100\n|c| WeaselmanWasTaken|TEAM SYLVIE KICK HIS ASS LETS GOOOOO\n|\n|t:|1697839610\n|switch|p1a: Bisharp|Bisharp, M|100\/100|[from] Volt Switch\n|move|p2a: Victor|Chilly Reception|p2a: Victor\n|-weather|Snow\n|\n|t:|1697839638\n|switch|p2a: Rawring Moon|Roaring Moon|84\/100|[from] Chilly Reception\n|\n|-weather|Snow|[upkeep]\n|upkeep\n|turn|7\n|\n|t:|1697839657\n|move|p2a: Rawring Moon|U-turn|p1a: Bisharp\n|-damage|p1a: Bisharp|84\/100\n|\n|t:|1697839687\n|-end|p2a: Rawring Moon|Protosynthesis|[silent]\n|switch|p2a: Nora|Tinkaton, F|100\/100|[from] U-turn\n|-ability|p2a: Nora|Mold Breaker\n|move|p1a: Bisharp|Iron Head|p2a: Nora\n|-damage|p2a: Nora|49\/100\n|\n|-weather|Snow|[upkeep]\n|-heal|p2a: Nora|55\/100|[from] item: Leftovers\n|upkeep\n|turn|8\n|\n|t:|1697839721\n|move|p2a: Nora|Stealth Rock|p1a: Bisharp\n|-sidestart|p1: Agent D01|move: Stealth Rock\n|move|p1a: Bisharp|Iron Head|p2a: Nora\n|-damage|p2a: Nora|3\/100\n|\n|-weather|Snow|[upkeep]\n|-heal|p2a: Nora|9\/100|[from] item: Leftovers\n|upkeep\n|turn|9\n|\n|t:|1697839779\n|switch|p2a: Avis|Donphan, F|100\/100\n|move|p1a: Bisharp|Iron Head|p2a: Avis\n|-damage|p2a: Avis|68\/100\n|\n|-weather|Snow|[upkeep]\n|upkeep\n|turn|10\n|\n|t:|1697839808\n|switch|p1a: Gastrodon|Gastrodon, F|83\/100\n|-damage|p1a: Gastrodon|77\/100|[from] Stealth Rock\n|move|p2a: Avis|Earthquake|p1a: Gastrodon\n|-crit|p1a: Gastrodon\n|-damage|p1a: Gastrodon|14\/100\n|\n|-weather|none\n|upkeep\n|turn|11\n|\n|t:|1697839833\n|move|p2a: Avis|Knock Off|p1a: Gastrodon\n|-damage|p1a: Gastrodon|0 fnt\n|-enditem|p1a: Gastrodon|Choice Specs|[from] move: Knock Off|[of] p2a: Avis\n|faint|p1a: Gastrodon\n|\n|upkeep\n|\n|t:|1697839838\n|switch|p1a: Toedscruel|Toedscruel, M|100\/100\n|-damage|p1a: Toedscruel|95\/100|[from] Stealth Rock\n|turn|12\n|\n|t:|1697839864\n|move|p2a: Avis|Ice Shard|p1a: Toedscruel\n|-supereffective|p1a: Toedscruel\n|-damage|p1a: Toedscruel|0 fnt\n|faint|p1a: Toedscruel\n|\n|upkeep\n|\n|t:|1697839901\n|switch|p1a: Typhlosion|Typhlosion, M|100\/100\n|-damage|p1a: Typhlosion|76\/100|[from] Stealth Rock\n|turn|13\n|\n|t:|1697839952\n|switch|p2a: Victor|Slowking-Galar, F|100\/100\n|move|p1a: Typhlosion|Flamethrower|p2a: Victor\n|-damage|p2a: Victor|75\/100\n|\n|-heal|p2a: Victor|81\/100|[from] item: Black Sludge\n|upkeep\n|turn|14\n|\n|t:|1697839969\n|move|p1a: Typhlosion|Flamethrower|p2a: Victor\n|-damage|p2a: Victor|54\/100\n|move|p2a: Victor|Chilly Reception|p2a: Victor\n|-weather|Snow\n|\n|t:|1697839990\n|switch|p2a: Washington|Rotom-Wash|100\/100|[from] Chilly Reception\n|\n|-weather|Snow|[upkeep]\n|upkeep\n|turn|15\n|\n|t:|1697840009\n|switch|p1a: Bisharp|Bisharp, M|84\/100\n|-damage|p1a: Bisharp|78\/100|[from] Stealth Rock\n|move|p2a: Washington|Volt Switch|p1a: Bisharp\n|-damage|p1a: Bisharp|53\/100\n|\n|t:|1697840074\n|switch|p2a: Avis|Donphan, F|68\/100|[from] Volt Switch\n|\n|-weather|Snow|[upkeep]\n|upkeep\n|turn|16\n|\n|t:|1697840087\n|move|p1a: Bisharp|Sucker Punch|p2a: Avis\n|-damage|p2a: Avis|39\/100\n|move|p2a: Avis|Earthquake|p1a: Bisharp\n|-supereffective|p1a: Bisharp\n|-damage|p1a: Bisharp|0 fnt\n|faint|p1a: Bisharp\n|\n|-weather|Snow|[upkeep]\n|upkeep\n|\n|t:|1697840095\n|switch|p1a: Dragonite|Dragonite, F|100\/100\n|-damage|p1a: Dragonite|76\/100|[from] Stealth Rock\n|turn|17\n|\n|t:|1697840126\n|switch|p2a: Washington|Rotom-Wash|100\/100\n|move|p1a: Dragonite|Extreme Speed|p2a: Washington\n|-damage|p2a: Washington|73\/100\n|\n|-weather|Snow|[upkeep]\n|upkeep\n|turn|18\n|\n|t:|1697840138\n|move|p2a: Washington|Volt Switch|p1a: Dragonite\n|-damage|p1a: Dragonite|54\/100\n|\n|t:|1697840158\n|switch|p2a: Nora|Tinkaton, F|9\/100|[from] Volt Switch\n|-ability|p2a: Nora|Mold Breaker\n|move|p1a: Dragonite|Dragon Dance|p1a: Dragonite\n|-boost|p1a: Dragonite|atk|1\n|-boost|p1a: Dragonite|spe|1\n|\n|-weather|none\n|-heal|p2a: Nora|15\/100|[from] item: Leftovers\n|upkeep\n|turn|19\n|\n|t:|1697840167\n|move|p1a: Dragonite|Extreme Speed|p2a: Nora\n|-resisted|p2a: Nora\n|-damage|p2a: Nora|0 fnt\n|faint|p2a: Nora\n|\n|upkeep\n|\n|t:|1697840174\n|switch|p2a: Avis|Donphan, F|39\/100\n|turn|20\n|\n|t:|1697840179\n|move|p1a: Dragonite|Extreme Speed|p2a: Avis\n|-damage|p2a: Avis|0 fnt\n|faint|p2a: Avis\n|\n|upkeep\n|c| Glistering Aeon|Say it ain't so\n|\n|t:|1697840216\n|switch|p2a: Washington|Rotom-Wash|73\/100\n|turn|21\n|c| WeaselmanWasTaken|my spirt bomb for sylvie the cat is working\n|c| Glistering Aeon|She's sleeping on the desk, powering up\n|c| Glistering Aeon|Conserving her energy\n|\n|t:|1697840253\n|move|p1a: Dragonite|Extreme Speed|p2a: Washington\n|-damage|p2a: Washington|29\/100\n|move|p2a: Washington|Will-O-Wisp|p1a: Dragonite\n|-status|p1a: Dragonite|brn\n|\n|-damage|p1a: Dragonite|48\/100 brn|[from] brn\n|upkeep\n|turn|22\n|\n|t:|1697840286\n|switch|p2a: Rawring Moon|Roaring Moon|23\/100\n|move|p1a: Dragonite|Extreme Speed|p2a: Rawring Moon\n|-immune|p2a: Rawring Moon\n|\n|-damage|p1a: Dragonite|42\/100 brn|[from] brn\n|upkeep\n|turn|23\n|c| WeaselmanWasTaken|why did i think you were playing for the past 5 min\n|\n|t:|1697840296\n|move|p2a: Rawring Moon|Icy Wind|p1a: Dragonite\n|-supereffective|p1a: Dragonite\n|-damage|p1a: Dragonite|0 fnt\n|faint|p1a: Dragonite\n|\n|upkeep\n|c| WeaselmanWasTaken|ICY WIND\n|\n|t:|1697840304\n|switch|p1a: Typhlosion|Typhlosion, M|76\/100\n|-damage|p1a: Typhlosion|51\/100|[from] Stealth Rock\n|turn|24\n|c| Glistering Aeon|Great question\n|c| Glistering Aeon|THE ICY WIND\n|c| WeaselmanWasTaken|IT GETS ICY WIND\n|\n|t:|1697840326\n|move|p1a: Typhlosion|Flamethrower|p2a: Rawring Moon\n|-damage|p2a: Rawring Moon|0 fnt\n|replace|p2a: Yae|Zoroark-Hisui, F\n|-end|p2a: Yae|Illusion\n|faint|p2a: Yae\n|\n|upkeep\n|c| WeaselmanWasTaken|FUUUUUCK\n|\n|t:|1697840336\n|switch|p2a: Victor|Slowking-Galar, F|88\/100\n|turn|25\n|c| WeaselmanWasTaken|IM SO DUMB\n|\n|t:|1697840340\n|move|p1a: Typhlosion|Flamethrower|p2a: Victor\n|-damage|p2a: Victor|64\/100\n|move|p2a: Victor|Surf|p1a: Typhlosion\n|-supereffective|p1a: Typhlosion\n|-damage|p1a: Typhlosion|0 fnt\n|faint|p1a: Typhlosion\n|\n|-heal|p2a: Victor|70\/100|[from] item: Black Sludge\n|upkeep\n|c| Glistering Aeon|LOL\n|\n|t:|1697840344\n|switch|p1a: Thundurus|Thundurus, M|63\/100\n|turn|26\n|c| WeaselmanWasTaken|I THOUGHT\n|c| WeaselmanWasTaken|THE WINGS\n|c| WeaselmanWasTaken|IT MADE SENSE\n|c| Glistering Aeon|Man saw e speed whiff and went \"yep, that's certainly moon\"\n|c| WeaselmanWasTaken|I WASNT PAYING ATTENTION\n|\n|t:|1697840388\n|move|p1a: Thundurus|Volt Switch|p2a: Victor\n|-damage|p2a: Victor|53\/100\n|move|p2a: Victor|Flamethrower|p1a: Thundurus\n|-damage|p1a: Thundurus|43\/100\n|\n|-heal|p2a: Victor|59\/100|[from] item: Black Sludge\n|upkeep\n|turn|27\n|c| WeaselmanWasTaken|I LOOKED AWAY\n|\n|t:|1697840397\n|move|p1a: Thundurus|Volt Switch|p2a: Victor\n|-damage|p2a: Victor|38\/100\n|move|p2a: Victor|Ice Beam|p1a: Thundurus\n|-supereffective|p1a: Thundurus\n|-damage|p1a: Thundurus|0 fnt\n|faint|p1a: Thundurus\n|\n|win|Sigtrick\n|c|\u2606Agent D01|gg\n|l| PorygonTheBot\n|c|\u2606Sigtrick|Gg sir!\n|c| WeaselmanWasTaken|ggs\n|c|\u2606Sigtrick|Thanks Sylvie!\n|c| Glistering Aeon|We've downgraded from gent to sir\n|c|\u2606Sigtrick|gent is for the plural\n","uploadtime":1697840400,"views":53,"p1id":"agentd01","p2id":"sigtrick","formatid":"gen9anythinggoes","rating":0,"private":0,"password":""}