{"id":"gen9anythinggoes-1983470604","p1":"indie_10","p2":"PlatinumPro22","format":"[Gen 9] Anything Goes","log":"|j|\u2606indie_10\n|j|\u2606PlatinumPro22\n|t:|1699133591\n|gametype|singles\n|player|p1|indie_10|nate|1152\n|player|p2|PlatinumPro22|ballguy|1214\n|teamsize|p1|6\n|teamsize|p2|6\n|gen|9\n|tier|[Gen 9] Anything Goes\n|rated|\n|rule|HP Percentage Mod: HP is shown in percentages\n|rule|Endless Battle Clause: Forcing endless battles is banned\n|clearpoke\n|poke|p1|Calyrex-Shadow|\n|poke|p1|Cinderace, M|\n|poke|p1|Urshifu-*, F|\n|poke|p1|Dragapult, M|\n|poke|p1|Zacian-*|\n|poke|p1|Pincurchin, F|\n|poke|p2|Arceus-Ghost|\n|poke|p2|Regieleki|\n|poke|p2|Glimmora, M|\n|poke|p2|Walking Wake|\n|poke|p2|Koraidon|\n|poke|p2|Basculegion, M|\n|teampreview\n|\n|t:|1699133598\n|start\n|switch|p1a: Spike thunder|Pincurchin, F|100\/100\n|switch|p2a: Glimmora|Glimmora, M|100\/100\n|turn|1\n|\n|t:|1699133606\n|move|p2a: Glimmora|Stealth Rock|p1a: Spike thunder\n|-sidestart|p1: indie_10|move: Stealth Rock\n|move|p1a: Spike thunder|Spikes|p2a: Glimmora\n|-sidestart|p2: PlatinumPro22|Spikes\n|\n|upkeep\n|turn|2\n|\n|t:|1699133613\n|move|p2a: Glimmora|Mortal Spin|p1a: Spike thunder\n|-damage|p1a: Spike thunder|94\/100\n|-status|p1a: Spike thunder|psn\n|-sideend|p2: PlatinumPro22|Spikes|[from] move: Mortal Spin|[of] p2a: Glimmora\n|move|p1a: Spike thunder|Spikes|p2a: Glimmora\n|-sidestart|p2: PlatinumPro22|Spikes\n|\n|-damage|p1a: Spike thunder|82\/100 psn|[from] psn\n|upkeep\n|turn|3\n|\n|t:|1699133622\n|move|p2a: Glimmora|Earth Power|p1a: Spike thunder\n|-supereffective|p1a: Spike thunder\n|-damage|p1a: Spike thunder|0 fnt\n|faint|p1a: Spike thunder\n|\n|upkeep\n|\n|t:|1699133629\n|switch|p1a: Mustang|Cinderace, M|100\/100\n|-damage|p1a: Mustang|76\/100|[from] Stealth Rock\n|turn|4\n|\n|t:|1699133634\n|move|p1a: Mustang|Zen Headbutt|p2a: Glimmora\n|-start|p1a: Mustang|typechange|Psychic|[from] ability: Libero\n|-supereffective|p2a: Glimmora\n|-damage|p2a: Glimmora|3\/100\n|-activate|p2a: Glimmora|ability: Toxic Debris\n|-sidestart|p1: indie_10|move: Toxic Spikes\n|cant|p2a: Glimmora|flinch\n|\n|upkeep\n|turn|5\n|\n|t:|1699133644\n|move|p1a: Mustang|Zen Headbutt|p2a: Glimmora\n|-supereffective|p2a: Glimmora\n|-damage|p2a: Glimmora|0 fnt\n|-activate|p2a: Glimmora|ability: Toxic Debris\n|-sidestart|p1: indie_10|move: Toxic Spikes\n|faint|p2a: Glimmora\n|\n|upkeep\n|\n|t:|1699133657\n|switch|p2a: Arceus|Arceus-Ghost|100\/100\n|-damage|p2a: Arceus|88\/100|[from] Spikes\n|turn|6\n|\n|t:|1699133667\n|move|p1a: Mustang|Sucker Punch||[still]\n|-fail|p1a: Mustang\n|move|p2a: Arceus|Substitute|p2a: Arceus\n|-start|p2a: Arceus|Substitute\n|-damage|p2a: Arceus|63\/100\n|\n|upkeep\n|turn|7\n|\n|t:|1699133675\n|move|p1a: Mustang|Pyro Ball|p2a: Arceus\n|-end|p2a: Arceus|Substitute\n|move|p2a: Arceus|Dragon Dance|p2a: Arceus\n|-boost|p2a: Arceus|atk|1\n|-boost|p2a: Arceus|spe|1\n|\n|upkeep\n|turn|8\n|\n|t:|1699133687\n|move|p1a: Mustang|Sucker Punch||[still]\n|-fail|p1a: Mustang\n|move|p2a: Arceus|Dragon Dance|p2a: Arceus\n|-boost|p2a: Arceus|atk|1\n|-boost|p2a: Arceus|spe|1\n|\n|upkeep\n|turn|9\n|\n|t:|1699133698\n|move|p1a: Mustang|Sucker Punch||[still]\n|-fail|p1a: Mustang\n|move|p2a: Arceus|Dragon Dance|p2a: Arceus\n|-boost|p2a: Arceus|atk|1\n|-boost|p2a: Arceus|spe|1\n|\n|upkeep\n|turn|10\n|\n|t:|1699133704\n|move|p2a: Arceus|Extreme Speed|p1a: Mustang\n|-damage|p1a: Mustang|0 fnt\n|faint|p1a: Mustang\n|\n|upkeep\n|\n|t:|1699133711\n|switch|p1a: Dragapulta|Dragapult, M|100\/100\n|-damage|p1a: Dragapulta|88\/100|[from] Stealth Rock\n|-status|p1a: Dragapulta|tox\n|turn|11\n|\n|t:|1699133720\n|-terastallize|p1a: Dragapulta|Dragon\n|move|p2a: Arceus|Shadow Claw|p1a: Dragapulta\n|-damage|p1a: Dragapulta|0 fnt\n|faint|p1a: Dragapulta\n|\n|upkeep\n|\n|t:|1699133728\n|switch|p1a: Cachorro da espada|Zacian-Crowned|100\/100\n|-damage|p1a: Cachorro da espada|94\/100|[from] Stealth Rock\n|-ability|p1a: Cachorro da espada|Intrepid Sword|boost\n|-boost|p1a: Cachorro da espada|atk|1\n|turn|12\n|\n|t:|1699133747\n|move|p2a: Arceus|Shadow Claw|p1a: Cachorro da espada\n|-damage|p1a: Cachorro da espada|0 fnt\n|faint|p1a: Cachorro da espada\n|\n|upkeep\n|\n|t:|1699133753\n|switch|p1a: Dark|Calyrex-Shadow|100\/100\n|-ability|p1a: Dark|As One\n|-ability|p1a: Dark|Unnerve\n|-damage|p1a: Dark|88\/100|[from] Stealth Rock\n|-status|p1a: Dark|tox\n|turn|13\n|\n|t:|1699133762\n|move|p2a: Arceus|Shadow Claw|p1a: Dark\n|-supereffective|p1a: Dark\n|-damage|p1a: Dark|0 fnt\n|faint|p1a: Dark\n|\n|upkeep\n|-message|indie_10 forfeited.\n|\n|win|PlatinumPro22\n|raw|indie_10's rating: 1152 &rarr; <strong>1131<\/strong><br \/>(-21 for losing)\n|raw|PlatinumPro22's rating: 1214 &rarr; <strong>1235<\/strong><br \/>(+21 for winning)\n|l|\u2606indie_10\n|c|\u2606PlatinumPro22|gg\n","uploadtime":1699133777,"views":5,"p1id":"indie10","p2id":"platinumpro22","formatid":"gen9anythinggoes","rating":1131,"private":0,"password":""}