{"id":"gen9anythinggoes-1987951509","p1":"TaxFraud094","p2":"Chookery","format":"[Gen 9] Anything Goes","log":"|j|\u2606TaxFraud094\n|j|\u2606Chookery\n|inactive|Battle timer is ON: inactive players will automatically lose when time's up.\n|t:|1699652432\n|gametype|singles\n|player|p1|TaxFraud094|acetrainerf-gen4|\n|player|p2|Chookery|102|\n|teamsize|p1|6\n|teamsize|p2|6\n|gen|9\n|tier|[Gen 9] Anything Goes\n|rated|Tournament battle\n|rule|Tera Type Preview: Tera Types are shown at Team Preview\n|rule|HP Percentage Mod: HP is shown in percentages\n|rule|Endless Battle Clause: Forcing endless battles is banned\n|rule|Bonus Type Mod: Pok\u00e9mon have their Tera Type added onto their current ones.\n|rule|Species Clause: Limit one of each Pok\u00e9mon\n|rule|OHKO Clause: OHKO moves are banned\n|rule|Evasion Moves Clause: Evasion moves are banned\n|rule|Sleep Moves Clause: Sleep-inducing moves are banned\n|rule|Evasion Clause: Evasion abilities, items, and moves are banned\n|rule|Evasion Abilities Clause: Evasion abilities are banned\n|rule|Evasion Items Clause: Evasion items are banned\n|rule|Terastal Clause: You cannot Terastallize\n|clearpoke\n|poke|p1|Dragonite, M|\n|poke|p1|Great Tusk|\n|poke|p1|Iron Valiant|\n|poke|p1|Kingambit, M|\n|poke|p1|Corviknight, F|\n|poke|p1|Slowking-Galar, M|\n|poke|p2|Landorus-Therian, M|\n|poke|p2|Lycanroc-Dusk, M|\n|poke|p2|Iron Valiant|\n|poke|p2|Kingambit, M|\n|poke|p2|Slowking-Galar, M|\n|poke|p2|Corviknight, M|\n|teampreview\n|raw|TaxFraud094's Tera Types:<br \/><psicon pokemon=\"dragonite\" \/><psicon type=\"Normal\" \/> \/ <psicon pokemon=\"greattusk\" \/><psicon type=\"Water\" \/> \/ <psicon pokemon=\"ironvaliant\" \/><psicon type=\"Electric\" \/> \/ <psicon pokemon=\"kingambit\" \/><psicon type=\"Flying\" \/> \/ <psicon pokemon=\"corviknight\" \/><psicon type=\"Water\" \/> \/ <psicon pokemon=\"slowkinggalar\" \/><psicon type=\"Normal\" \/>\n|raw|Chookery's Tera Types:<br \/><psicon pokemon=\"landorustherian\" \/><psicon type=\"Steel\" \/> \/ <psicon pokemon=\"lycanrocdusk\" \/><psicon type=\"Fighting\" \/> \/ <psicon pokemon=\"ironvaliant\" \/><psicon type=\"Psychic\" \/> \/ <psicon pokemon=\"kingambit\" \/><psicon type=\"Ghost\" \/> \/ <psicon pokemon=\"slowkinggalar\" \/><psicon type=\"Dark\" \/> \/ <psicon pokemon=\"corviknight\" \/><psicon type=\"Dragon\" \/>\n|inactive|TaxFraud094 also wants the timer to be on.\n|inactive|TaxFraud094 has 120 seconds left.\n|\n|t:|1699652468\n|start\n|switch|p1a: Dragonite|Dragonite, M|100\/100\n|switch|p2a: Landorus|Landorus-Therian, M|100\/100\n|-start|p1a: Dragonite|typechange|Dragon\/Flying\/Normal|[silent]\n|-start|p2a: Landorus|typechange|Ground\/Flying\/Steel|[silent]\n|-ability|p2a: Landorus|Intimidate|boost\n|-unboost|p1a: Dragonite|atk|1\n|-start|p1a: Dragonite|typechange|Dragon\/Flying\/Normal|[silent]\n|-start|p2a: Landorus|typechange|Ground\/Flying\/Steel|[silent]\n|turn|1\n|\n|t:|1699652478\n|switch|p1a: Corviknight|Corviknight, F|100\/100\n|-start|p1a: Corviknight|typechange|Flying\/Steel\/Water|[silent]\n|-ability|p1a: Corviknight|Pressure\n|move|p2a: Landorus|Stealth Rock|p1a: Corviknight\n|-sidestart|p1: TaxFraud094|move: Stealth Rock\n|\n|upkeep\n|-start|p1a: Corviknight|typechange|Flying\/Steel\/Water|[silent]\n|turn|2\n|\n|t:|1699652486\n|move|p2a: Landorus|U-turn|p1a: Corviknight\n|-resisted|p1a: Corviknight\n|-crit|p1a: Corviknight\n|-damage|p1a: Corviknight|95\/100\n|-damage|p2a: Landorus|84\/100|[from] item: Rocky Helmet|[of] p1a: Corviknight\n|j| LeCadreur\n|inactive|Chookery has 120 seconds left.\n|\n|t:|1699652526\n|switch|p2a: Corviknight|Corviknight, M|100\/100|[from] U-turn\n|-start|p2a: Corviknight|typechange|Flying\/Steel\/Dragon|[silent]\n|-ability|p2a: Corviknight|Pressure\n|move|p1a: Corviknight|U-turn|p2a: Corviknight\n|-resisted|p2a: Corviknight\n|-damage|p2a: Corviknight|98\/100\n|\n|t:|1699652533\n|switch|p1a: Great Tusk|Great Tusk|100\/100|[from] U-turn\n|-start|p1a: Great Tusk|typechange|Ground\/Fighting\/Water|[silent]\n|-damage|p1a: Great Tusk|98\/100|[from] Stealth Rock\n|\n|-heal|p1a: Great Tusk|100\/100|[from] item: Leftovers\n|-heal|p2a: Corviknight|100\/100|[from] item: Leftovers\n|upkeep\n|-start|p1a: Great Tusk|typechange|Ground\/Fighting\/Water|[silent]\n|-start|p2a: Corviknight|typechange|Flying\/Steel\/Dragon|[silent]\n|turn|3\n|inactive|Chookery has 120 seconds left.\n|\n|t:|1699652545\n|move|p1a: Great Tusk|Rapid Spin|p2a: Corviknight\n|-resisted|p2a: Corviknight\n|-damage|p2a: Corviknight|96\/100\n|-boost|p1a: Great Tusk|spe|1\n|-sideend|p1: TaxFraud094|Stealth Rock|[from] move: Rapid Spin|[of] p1a: Great Tusk\n|move|p2a: Corviknight|U-turn|p1a: Great Tusk\n|-resisted|p1a: Great Tusk\n|-damage|p1a: Great Tusk|97\/100\n|inactive|Chookery has 120 seconds left.\n|\n|t:|1699652565\n|switch|p2a: Iron Valiant|Iron Valiant|100\/100|[from] U-turn\n|-start|p2a: Iron Valiant|typechange|Fairy\/Fighting\/Psychic|[silent]\n|\n|-heal|p1a: Great Tusk|100\/100|[from] item: Leftovers\n|upkeep\n|-start|p2a: Iron Valiant|typechange|Fairy\/Fighting\/Psychic|[silent]\n|turn|4\n|j| Siamato\n|\n|t:|1699652572\n|-end|p1a: Great Tusk|Protosynthesis|[silent]\n|switch|p1a: Slowking|Slowking-Galar, M|100\/100\n|-start|p1a: Slowking|typechange|Poison\/Psychic\/Normal|[silent]\n|move|p2a: Iron Valiant|Moonblast|p1a: Slowking\n|-resisted|p1a: Slowking\n|-damage|p1a: Slowking|79\/100\n|\n|upkeep\n|-start|p1a: Slowking|typechange|Poison\/Psychic\/Normal|[silent]\n|turn|5\n|\n|t:|1699652581\n|-end|p2a: Iron Valiant|Quark Drive|[silent]\n|switch|p2a: Slowking|Slowking-Galar, M|100\/100\n|-start|p2a: Slowking|typechange|Poison\/Psychic\/Dark|[silent]\n|move|p1a: Slowking|Chilly Reception|p1a: Slowking\n|-weather|Snow\n|\n|t:|1699652592\n|switch|p1a: Dragonite|Dragonite, M|100\/100|[from] Chilly Reception\n|-start|p1a: Dragonite|typechange|Dragon\/Flying\/Normal|[silent]\n|\n|-weather|Snow|[upkeep]\n|upkeep\n|-start|p1a: Dragonite|typechange|Dragon\/Flying\/Normal|[silent]\n|-start|p2a: Slowking|typechange|Poison\/Psychic\/Dark|[silent]\n|turn|6\n|\n|t:|1699652598\n|move|p1a: Dragonite|Outrage|p2a: Slowking\n|-damage|p2a: Slowking|0 fnt\n|faint|p2a: Slowking\n|\n|-weather|Snow|[upkeep]\n|upkeep\n|\n|t:|1699652604\n|switch|p2a: Iron Valiant|Iron Valiant|100\/100\n|-start|p2a: Iron Valiant|typechange|Fairy\/Fighting\/Psychic|[silent]\n|-start|p2a: Iron Valiant|typechange|Fairy\/Fighting\/Psychic|[silent]\n|turn|7\n|\n|t:|1699652606\n|move|p2a: Iron Valiant|Moonblast|p1a: Dragonite\n|-supereffective|p1a: Dragonite\n|-damage|p1a: Dragonite|30\/100\n|move|p1a: Dragonite|Outrage|p2a: Iron Valiant|[from]lockedmove\n|-immune|p2a: Iron Valiant\n|-start|p1a: Dragonite|confusion|[fatigue]\n|\n|-weather|Snow|[upkeep]\n|upkeep\n|turn|8\n|l| Siamato\n|\n|t:|1699652612\n|switch|p1a: Slowking|Slowking-Galar, M|100\/100\n|-start|p1a: Slowking|typechange|Poison\/Psychic\/Normal|[silent]\n|move|p2a: Iron Valiant|Moonblast|p1a: Slowking\n|-resisted|p1a: Slowking\n|-damage|p1a: Slowking|79\/100\n|\n|-weather|Snow|[upkeep]\n|upkeep\n|-start|p1a: Slowking|typechange|Poison\/Psychic\/Normal|[silent]\n|turn|9\n|\n|t:|1699652623\n|-end|p2a: Iron Valiant|Quark Drive|[silent]\n|switch|p2a: Corviknight|Corviknight, M|96\/100\n|-start|p2a: Corviknight|typechange|Flying\/Steel\/Dragon|[silent]\n|-ability|p2a: Corviknight|Pressure\n|move|p1a: Slowking|Chilly Reception|p1a: Slowking\n|\n|t:|1699652628\n|switch|p1a: Great Tusk|Great Tusk|100\/100|[from] Chilly Reception\n|-start|p1a: Great Tusk|typechange|Ground\/Fighting\/Water|[silent]\n|\n|-weather|none\n|-heal|p2a: Corviknight|100\/100|[from] item: Leftovers\n|upkeep\n|-start|p1a: Great Tusk|typechange|Ground\/Fighting\/Water|[silent]\n|-start|p2a: Corviknight|typechange|Flying\/Steel\/Dragon|[silent]\n|turn|10\n|\n|t:|1699652634\n|move|p1a: Great Tusk|Stealth Rock|p2a: Corviknight\n|-sidestart|p2: Chookery|move: Stealth Rock\n|move|p2a: Corviknight|U-turn|p1a: Great Tusk\n|-resisted|p1a: Great Tusk\n|-damage|p1a: Great Tusk|97\/100\n|\n|t:|1699652642\n|switch|p2a: Iron Valiant|Iron Valiant|100\/100|[from] U-turn\n|-start|p2a: Iron Valiant|typechange|Fairy\/Fighting\/Psychic|[silent]\n|-damage|p2a: Iron Valiant|94\/100|[from] Stealth Rock\n|\n|-heal|p1a: Great Tusk|100\/100|[from] item: Leftovers\n|upkeep\n|-start|p2a: Iron Valiant|typechange|Fairy\/Fighting\/Psychic|[silent]\n|turn|11\n|\n|t:|1699652646\n|-end|p1a: Great Tusk|Protosynthesis|[silent]\n|switch|p1a: Slowking|Slowking-Galar, M|100\/100\n|-start|p1a: Slowking|typechange|Poison\/Psychic\/Normal|[silent]\n|move|p2a: Iron Valiant|Psyshock|p1a: Slowking\n|-damage|p1a: Slowking|42\/100\n|\n|upkeep\n|-start|p1a: Slowking|typechange|Poison\/Psychic\/Normal|[silent]\n|turn|12\n|\n|t:|1699652651\n|switch|p1a: Kingambit|Kingambit, M|100\/100\n|-start|p1a: Kingambit|typechange|Dark\/Steel\/Flying|[silent]\n|move|p2a: Iron Valiant|Psyshock|p1a: Kingambit\n|-immune|p1a: Kingambit\n|\n|upkeep\n|-start|p1a: Kingambit|typechange|Dark\/Steel\/Flying|[silent]\n|turn|13\n|\n|t:|1699652670\n|-end|p2a: Iron Valiant|Quark Drive|[silent]\n|switch|p2a: Landorus|Landorus-Therian, M|84\/100\n|-start|p2a: Landorus|typechange|Ground\/Flying\/Steel|[silent]\n|-damage|p2a: Landorus|78\/100|[from] Stealth Rock\n|-ability|p2a: Landorus|Intimidate|boost\n|-unboost|p1a: Kingambit|atk|1\n|move|p1a: Kingambit|Swords Dance|p1a: Kingambit\n|-boost|p1a: Kingambit|atk|2\n|\n|upkeep\n|-start|p2a: Landorus|typechange|Ground\/Flying\/Steel|[silent]\n|turn|14\n|\n|t:|1699652691\n|move|p2a: Landorus|Stealth Rock|p1a: Kingambit\n|-sidestart|p1: TaxFraud094|move: Stealth Rock\n|move|p1a: Kingambit|Swords Dance|p1a: Kingambit\n|-boost|p1a: Kingambit|atk|2\n|\n|upkeep\n|turn|15\n|\n|t:|1699652698\n|move|p2a: Landorus|U-turn|p1a: Kingambit\n|-resisted|p1a: Kingambit\n|-damage|p1a: Kingambit|93\/100\n|\n|t:|1699652703\n|switch|p2a: Corviknight|Corviknight, M|100\/100|[from] U-turn\n|-start|p2a: Corviknight|typechange|Flying\/Steel\/Dragon|[silent]\n|-damage|p2a: Corviknight|88\/100|[from] Stealth Rock\n|-ability|p2a: Corviknight|Pressure\n|move|p1a: Kingambit|Swords Dance|p1a: Kingambit\n|-boost|p1a: Kingambit|atk|2\n|\n|-heal|p2a: Corviknight|94\/100|[from] item: Leftovers\n|-heal|p1a: Kingambit|99\/100|[from] item: Leftovers\n|upkeep\n|-start|p2a: Corviknight|typechange|Flying\/Steel\/Dragon|[silent]\n|turn|16\n|\n|t:|1699652712\n|move|p2a: Corviknight|Body Press|p1a: Kingambit\n|-supereffective|p1a: Kingambit\n|-damage|p1a: Kingambit|62\/100\n|move|p1a: Kingambit|Kowtow Cleave|p2a: Corviknight\n|-damage|p2a: Corviknight|0 fnt\n|faint|p2a: Corviknight\n|\n|-heal|p1a: Kingambit|68\/100|[from] item: Leftovers\n|upkeep\n|j|@kenn\n|\n|t:|1699652730\n|switch|p2a: Lycanroc|Lycanroc-Dusk, M|100\/100\n|-start|p2a: Lycanroc|typechange|Rock\/Fighting|[silent]\n|-damage|p2a: Lycanroc|94\/100|[from] Stealth Rock\n|-start|p2a: Lycanroc|typechange|Rock\/Fighting|[silent]\n|turn|17\n|\n|t:|1699652736\n|move|p1a: Kingambit|Sucker Punch|p2a: Lycanroc\n|-resisted|p2a: Lycanroc\n|-damage|p2a: Lycanroc|0 fnt\n|faint|p2a: Lycanroc\n|\n|-heal|p1a: Kingambit|74\/100|[from] item: Leftovers\n|upkeep\n|-message|Chookery forfeited.\n|\n|win|TaxFraud094\n|n|\u2606TaxFraud094|taxfraud094\n|n|\u2606Chookery|chookery\n|n| LeCadreur|lecadreur\n|n|@kenn|kenn\n","uploadtime":1699652740,"views":3,"p1id":"taxfraud094","p2id":"chookery","formatid":"gen9anythinggoes","rating":0,"private":0,"password":""}