{"id":"gen9anythinggoes-1983763247","p1":"JumentoURSS","p2":"ShakirK","format":"[Gen 9] Anything Goes","log":"|j|\u2606JumentoURSS\n|j|\u203dShakirK\n|t:|1699176177\n|gametype|singles\n|player|p1|JumentoURSS|n|1036\n|player|p2|ShakirK|2|1001\n|teamsize|p1|6\n|teamsize|p2|6\n|gen|9\n|tier|[Gen 9] Anything Goes\n|rated|\n|rule|HP Percentage Mod: HP is shown in percentages\n|rule|Endless Battle Clause: Forcing endless battles is banned\n|clearpoke\n|poke|p1|Cyclizar, M|\n|poke|p1|Grafaiai, M|\n|poke|p1|Chansey, F|\n|poke|p1|Zoroark-Hisui, F|\n|poke|p1|Ursaluna, M|\n|poke|p1|Ditto|\n|poke|p2|Espathra, M|\n|poke|p2|Dondozo, F|\n|poke|p2|Cinderace, M|\n|poke|p2|Gogoat, M|\n|poke|p2|Jirachi|\n|poke|p2|Clefable, M|\n|teampreview\n|\n|t:|1699176192\n|start\n|switch|p1a: Chansey|Chansey, F|100\/100\n|switch|p2a: Espathra|Espathra, M|100\/100\n|turn|1\n|\n|t:|1699176204\n|-terastallize|p2a: Espathra|Steel\n|move|p2a: Espathra|Calm Mind|p2a: Espathra\n|-boost|p2a: Espathra|spa|1\n|-boost|p2a: Espathra|spd|1\n|move|p1a: Chansey|Stealth Rock|p2a: Espathra\n|-sidestart|p2: ShakirK|move: Stealth Rock\n|\n|-ability|p2a: Espathra|Speed Boost|boost\n|-boost|p2a: Espathra|spe|1\n|upkeep\n|turn|2\n|\n|t:|1699176215\n|move|p2a: Espathra|Calm Mind|p2a: Espathra\n|-boost|p2a: Espathra|spa|1\n|-boost|p2a: Espathra|spd|1\n|move|p1a: Chansey|Seismic Toss|p2a: Espathra\n|-damage|p2a: Espathra|72\/100\n|\n|-ability|p2a: Espathra|Speed Boost|boost\n|-boost|p2a: Espathra|spe|1\n|upkeep\n|turn|3\n|\n|t:|1699176229\n|move|p2a: Espathra|Calm Mind|p2a: Espathra\n|-boost|p2a: Espathra|spa|1\n|-boost|p2a: Espathra|spd|1\n|move|p1a: Chansey|Thunder Wave|p2a: Espathra\n|-status|p2a: Espathra|par\n|\n|-ability|p2a: Espathra|Speed Boost|boost\n|-boost|p2a: Espathra|spe|1\n|upkeep\n|turn|4\n|\n|t:|1699176238\n|move|p2a: Espathra|Calm Mind|p2a: Espathra\n|-boost|p2a: Espathra|spa|1\n|-boost|p2a: Espathra|spd|1\n|move|p1a: Chansey|Seismic Toss|p2a: Espathra\n|-damage|p2a: Espathra|44\/100 par\n|-enditem|p2a: Espathra|Sitrus Berry|[eat]\n|-heal|p2a: Espathra|69\/100 par|[from] item: Sitrus Berry\n|\n|-ability|p2a: Espathra|Speed Boost|boost\n|-boost|p2a: Espathra|spe|1\n|upkeep\n|turn|5\n|\n|t:|1699176250\n|move|p2a: Espathra|Calm Mind|p2a: Espathra\n|-boost|p2a: Espathra|spa|1\n|-boost|p2a: Espathra|spd|1\n|move|p1a: Chansey|Thunder Wave|p2a: Espathra\n|-fail|p2a: Espathra|par\n|\n|-ability|p2a: Espathra|Speed Boost|boost\n|-boost|p2a: Espathra|spe|1\n|upkeep\n|turn|6\n|\n|t:|1699176260\n|move|p2a: Espathra|Calm Mind|p2a: Espathra\n|-boost|p2a: Espathra|spa|1\n|-boost|p2a: Espathra|spd|1\n|move|p1a: Chansey|Thunder Wave|p2a: Espathra\n|-fail|p2a: Espathra|par\n|\n|-ability|p2a: Espathra|Speed Boost|boost\n|-boost|p2a: Espathra|spe|1\n|upkeep\n|turn|7\n|\n|t:|1699176270\n|move|p2a: Espathra|Psychic|p1a: Chansey\n|-damage|p1a: Chansey|60\/100\n|move|p1a: Chansey|Thunder Wave|p2a: Espathra|[miss]\n|-miss|p1a: Chansey|p2a: Espathra\n|\n|upkeep\n|turn|8\n|\n|t:|1699176279\n|move|p2a: Espathra|Psychic|p1a: Chansey\n|-damage|p1a: Chansey|22\/100\n|move|p1a: Chansey|Seismic Toss|p2a: Espathra\n|-damage|p2a: Espathra|40\/100 par\n|\n|upkeep\n|turn|9\n|\n|t:|1699176292\n|switch|p1a: Ditto|Ditto|100\/100\n|-transform|p1a: Ditto|p2a: Espathra|[from] ability: Imposter\n|cant|p2a: Espathra|par\n|\n|upkeep\n|-start|p1a: Ditto|typechange|Psychic|[silent]\n|turn|10\n|\n|t:|1699176303\n|move|p1a: Ditto|Baton Pass|p1a: Ditto\n|\n|t:|1699176307\n|switch|p1a: Ursaluna|Ursaluna, M|100\/100|[from] Baton Pass\n|move|p2a: Espathra|Roost|p2a: Espathra\n|-heal|p2a: Espathra|91\/100 par\n|\n|-status|p1a: Ursaluna|brn|[from] item: Flame Orb\n|upkeep\n|turn|11\n|\n|t:|1699176320\n|switch|p1a: Ditto|Ditto|100\/100\n|-transform|p1a: Ditto|p2a: Espathra|[from] ability: Imposter\n|cant|p2a: Espathra|par\n|\n|upkeep\n|-start|p1a: Ditto|typechange|Psychic|[silent]\n|turn|12\n|\n|t:|1699176327\n|move|p1a: Ditto|Baton Pass|p1a: Ditto\n|\n|t:|1699176329\n|switch|p1a: Ursaluna|Ursaluna, M|100\/100|[from] Baton Pass\n|move|p2a: Espathra|Baton Pass|p2a: Espathra\n|\n|t:|1699176333\n|switch|p2a: Gogoat|Gogoat, M|100\/100|[from] Baton Pass\n|-damage|p2a: Gogoat|88\/100|[from] Stealth Rock\n|\n|upkeep\n|turn|13\n|\n|t:|1699176341\n|move|p1a: Ursaluna|Flamethrower|p2a: Gogoat\n|-supereffective|p2a: Gogoat\n|-damage|p2a: Gogoat|0 fnt\n|faint|p2a: Gogoat\n|\n|upkeep\n|\n|t:|1699176349\n|switch|p2a: Dondozo|Dondozo, F|100\/100\n|-damage|p2a: Dondozo|88\/100|[from] Stealth Rock\n|turn|14\n|\n|t:|1699176386\n|switch|p1a: Grafaiai|Grafaiai, M|100\/100\n|move|p2a: Dondozo|Waterfall|p1a: Grafaiai\n|-damage|p1a: Grafaiai|53\/100\n|\n|-heal|p2a: Dondozo|94\/100|[from] item: Leftovers\n|upkeep\n|turn|15\n|\n|t:|1699176403\n|move|p1a: Grafaiai|Switcheroo|p2a: Dondozo\n|-activate|p1a: Grafaiai|move: Trick|[of] p2a: Dondozo\n|-item|p2a: Dondozo|Heavy-Duty Boots|[from] move: Switcheroo\n|-item|p1a: Grafaiai|Leftovers|[from] move: Switcheroo\n|move|p2a: Dondozo|Waterfall|p1a: Grafaiai\n|-damage|p1a: Grafaiai|8\/100\n|\n|-heal|p1a: Grafaiai|14\/100|[from] item: Leftovers\n|upkeep\n|turn|16\n|\n|t:|1699176413\n|move|p1a: Grafaiai|Toxic|p2a: Dondozo\n|-status|p2a: Dondozo|tox\n|move|p2a: Dondozo|Waterfall|p1a: Grafaiai\n|-damage|p1a: Grafaiai|0 fnt\n|faint|p1a: Grafaiai\n|\n|-damage|p2a: Dondozo|88\/100 tox|[from] psn\n|upkeep\n|\n|t:|1699176423\n|switch|p1a: Cyclizar|Cyclizar, M|100\/100\n|turn|17\n|\n|t:|1699176428\n|move|p1a: Cyclizar|Shed Tail|p1a: Cyclizar\n|-start|p1a: Cyclizar|Substitute|[from] move: Shed Tail\n|-damage|p1a: Cyclizar|50\/100\n|\n|t:|1699176432\n|switch|p1a: Ursaluna|Ursaluna, M|100\/100 brn|[from] Shed Tail\n|move|p2a: Dondozo|Curse|p2a: Dondozo\n|-unboost|p2a: Dondozo|spe|1\n|-boost|p2a: Dondozo|atk|1\n|-boost|p2a: Dondozo|def|1\n|\n|-damage|p2a: Dondozo|76\/100 tox|[from] psn\n|-damage|p1a: Ursaluna|94\/100 brn|[from] brn\n|upkeep\n|turn|18\n|\n|t:|1699176445\n|move|p1a: Ursaluna|Swords Dance|p1a: Ursaluna\n|-boost|p1a: Ursaluna|atk|2\n|move|p2a: Dondozo|Ice Fang|p1a: Ursaluna\n|-supereffective|p1a: Ursaluna\n|-end|p1a: Ursaluna|Substitute\n|\n|-damage|p2a: Dondozo|57\/100 tox|[from] psn\n|-damage|p1a: Ursaluna|88\/100 brn|[from] brn\n|upkeep\n|turn|19\n|\n|t:|1699176459\n|move|p1a: Ursaluna|Earthquake|p2a: Dondozo\n|-damage|p2a: Dondozo|18\/100 tox\n|move|p2a: Dondozo|Ice Fang|p1a: Ursaluna\n|-supereffective|p1a: Ursaluna\n|-damage|p1a: Ursaluna|53\/100 brn\n|\n|-damage|p2a: Dondozo|0 fnt|[from] psn\n|faint|p2a: Dondozo\n|-damage|p1a: Ursaluna|46\/100 brn|[from] brn\n|upkeep\n|\n|t:|1699176473\n|switch|p2a: Clefable|Clefable, M, shiny|100\/100\n|-damage|p2a: Clefable|88\/100|[from] Stealth Rock\n|turn|20\n|\n|t:|1699176478\n|move|p2a: Clefable|Flamethrower|p1a: Ursaluna\n|-damage|p1a: Ursaluna|27\/100 brn\n|move|p1a: Ursaluna|Earthquake|p2a: Clefable\n|-damage|p2a: Clefable|0 fnt\n|faint|p2a: Clefable\n|\n|-damage|p1a: Ursaluna|20\/100 brn|[from] brn\n|upkeep\n|\n|t:|1699176485\n|switch|p2a: Cinderace|Cinderace, M|100\/100\n|-damage|p2a: Cinderace|76\/100|[from] Stealth Rock\n|turn|21\n|\n|t:|1699176491\n|move|p2a: Cinderace|Pyro Ball|p1a: Ursaluna\n|-damage|p1a: Ursaluna|0 fnt\n|faint|p1a: Ursaluna\n|\n|upkeep\n|\n|t:|1699176498\n|switch|p1a: Chansey|Chansey, F|22\/100\n|turn|22\n|\n|t:|1699176501\n|move|p2a: Cinderace|Pyro Ball|p1a: Chansey\n|-damage|p1a: Chansey|0 fnt\n|faint|p1a: Chansey\n|\n|upkeep\n|\n|t:|1699176514\n|switch|p1a: Cyclizar|Cyclizar, M|84\/100\n|turn|23\n|\n|t:|1699176519\n|move|p1a: Cyclizar|Shed Tail|p1a: Cyclizar\n|-start|p1a: Cyclizar|Substitute|[from] move: Shed Tail\n|-damage|p1a: Cyclizar|34\/100\n|\n|t:|1699176523\n|switch|p1a: Cyclizar|Cyclizar, M|100\/100|[from] Shed Tail\n|move|p2a: Cinderace|Swords Dance|p2a: Cinderace\n|-boost|p2a: Cinderace|atk|2\n|\n|upkeep\n|turn|24\n|\n|t:|1699176531\n|move|p1a: Cyclizar|Shadow Ball|p2a: Cinderace\n|-damage|p2a: Cinderace|2\/100\n|-enditem|p2a: Cinderace|Sitrus Berry|[eat]\n|-heal|p2a: Cinderace|27\/100|[from] item: Sitrus Berry\n|move|p2a: Cinderace|Iron Head|p1a: Cyclizar\n|-end|p1a: Cyclizar|Substitute\n|\n|upkeep\n|turn|25\n|\n|t:|1699176540\n|move|p1a: Cyclizar|Shadow Ball|p2a: Cinderace\n|-damage|p2a: Cinderace|0 fnt\n|faint|p2a: Cinderace\n|\n|upkeep\n|\n|t:|1699176550\n|switch|p2a: Espathra|Espathra, M, tera:Steel|91\/100 par\n|-damage|p2a: Espathra|84\/100 par|[from] Stealth Rock\n|turn|26\n|\n|t:|1699176555\n|move|p1a: Cyclizar|Shadow Ball|p2a: Espathra\n|-damage|p2a: Espathra|0 fnt\n|faint|p2a: Espathra\n|\n|upkeep\n|\n|t:|1699176561\n|switch|p2a: Jirachi|Jirachi|100\/100\n|-damage|p2a: Jirachi|94\/100|[from] Stealth Rock\n|turn|27\n|\n|t:|1699176567\n|move|p1a: Cyclizar|Shadow Ball|p2a: Jirachi\n|-supereffective|p2a: Jirachi\n|-damage|p2a: Jirachi|0 fnt\n|faint|p2a: Jirachi\n|\n|win|JumentoURSS\n|raw|JumentoURSS's rating: 1036 &rarr; <strong>1067<\/strong><br \/>(+31 for winning)\n|raw|ShakirK's rating: 1001 &rarr; <strong>1000<\/strong><br \/>(-1 for losing)\n|l|\u203dShakirK\n","uploadtime":1699176593,"views":13,"p1id":"jumentourss","p2id":"shakirk","formatid":"gen9anythinggoes","rating":1000,"private":0,"password":""}