{"id":"gen9anythinggoes-1993233887","p1":"Novalalexal","p2":"Jo4h","format":"[Gen 9] Anything Goes","log":"|j|\u2606Novalalexal\n|j|\u2606Jo4h\n|t:|1700281779\n|gametype|singles\n|player|p1|Novalalexal|169|\n|player|p2|Jo4h|allister|\n|teamsize|p1|6\n|teamsize|p2|6\n|gen|9\n|tier|[Gen 9] Anything Goes\n|rule|HP Percentage Mod: HP is shown in percentages\n|rule|Endless Battle Clause: Forcing endless battles is banned\n|clearpoke\n|poke|p1|Gliscor, M|\n|poke|p1|Vikavolt, F|\n|poke|p1|Ariados, M|\n|poke|p1|Yanmega, M|\n|poke|p1|Arbok, F|\n|poke|p1|Mimikyu, F|\n|poke|p2|Gengar, M|\n|poke|p2|Oricorio-Sensu, F|\n|poke|p2|Zoroark-Hisui, F|\n|poke|p2|Arceus-Ghost|\n|poke|p2|Annihilape, F|\n|poke|p2|Basculegion-F, F|\n|teampreview\n|inactive|Battle timer is ON: inactive players will automatically lose when time's up. (requested by Jo4h)\n|\n|t:|1700281799\n|start\n|switch|p1a: Ariados|Ariados, M, shiny|100\/100\n|switch|p2a: Annihilape|Annihilape, F|100\/100\n|turn|1\n|inactive|Jo4h has 270 seconds left.\n|\n|t:|1700281843\n|move|p2a: Annihilape|Ice Punch|p1a: Ariados\n|-damage|p1a: Ariados|66\/100\n|move|p1a: Ariados|Sticky Web|p2a: Annihilape\n|-sidestart|p2: Jo4h|move: Sticky Web\n|\n|upkeep\n|turn|2\n|inactive|Novalalexal has 270 seconds left.\n|\n|t:|1700281881\n|move|p2a: Annihilape|Rage Fist|p1a: Ariados\n|-damage|p1a: Ariados|31\/100\n|move|p1a: Ariados|Toxic Thread|p2a: Annihilape\n|-unboost|p2a: Annihilape|spe|1\n|-status|p2a: Annihilape|psn\n|\n|-damage|p2a: Annihilape|88\/100 psn|[from] psn\n|upkeep\n|turn|3\n|inactive|Novalalexal has 270 seconds left.\n|\n|t:|1700281899\n|move|p1a: Ariados|Foul Play|p2a: Annihilape\n|-damage|p2a: Annihilape|57\/100 psn\n|move|p2a: Annihilape|Rage Fist|p1a: Ariados\n|-damage|p1a: Ariados|0 fnt\n|faint|p1a: Ariados\n|\n|-damage|p2a: Annihilape|45\/100 psn|[from] psn\n|upkeep\n|inactive|Novalalexal has 270 seconds left.\n|inactive|Novalalexal has 240 seconds left.\n|\n|t:|1700281938\n|switch|p1a: Vikavolt|Vikavolt, F, shiny|100\/100\n|turn|4\n|\n|t:|1700281946\n|move|p1a: Vikavolt|Volt Switch|p2a: Annihilape\n|-damage|p2a: Annihilape|16\/100 psn\n|inactive|Novalalexal has 240 seconds left.\n|\n|t:|1700281966\n|switch|p1a: Gliscor|Gliscor, M, shiny|100\/100|[from] Volt Switch\n|move|p2a: Annihilape|Rage Fist|p1a: Gliscor\n|-damage|p1a: Gliscor|20\/100\n|\n|-damage|p2a: Annihilape|3\/100 psn|[from] psn\n|-status|p1a: Gliscor|tox|[from] item: Toxic Orb\n|upkeep\n|turn|5\n|inactive|Novalalexal has 240 seconds left.\n|\n|t:|1700281980\n|move|p1a: Gliscor|Crabhammer|p2a: Annihilape\n|-crit|p2a: Annihilape\n|-damage|p2a: Annihilape|0 fnt\n|faint|p2a: Annihilape\n|\n|-heal|p1a: Gliscor|32\/100 tox|[from] ability: Poison Heal\n|upkeep\n|\n|t:|1700281986\n|switch|p2a: Oricorio|Oricorio-Sensu, F|100\/100\n|turn|6\n|inactive|Novalalexal has 240 seconds left.\n|inactive|Jo4h has 270 seconds left.\n|\n|t:|1700282022\n|-terastallize|p2a: Oricorio|Fighting\n|move|p1a: Gliscor|Crabhammer|p2a: Oricorio\n|-damage|p2a: Oricorio|75\/100\n|move|p2a: Oricorio|Quiver Dance|p2a: Oricorio\n|-boost|p2a: Oricorio|spa|1\n|-boost|p2a: Oricorio|spd|1\n|-boost|p2a: Oricorio|spe|1\n|\n|-heal|p1a: Gliscor|45\/100 tox|[from] ability: Poison Heal\n|upkeep\n|turn|7\n|\n|t:|1700282040\n|move|p2a: Oricorio|Quiver Dance|p2a: Oricorio\n|-boost|p2a: Oricorio|spa|1\n|-boost|p2a: Oricorio|spd|1\n|-boost|p2a: Oricorio|spe|1\n|move|p1a: Gliscor|Dual Wingbeat|p2a: Oricorio\n|-supereffective|p2a: Oricorio\n|-damage|p2a: Oricorio|44\/100\n|-supereffective|p2a: Oricorio\n|-crit|p2a: Oricorio\n|-damage|p2a: Oricorio|1\/100\n|-hitcount|p2a: Oricorio|2\n|\n|-heal|p1a: Gliscor|57\/100 tox|[from] ability: Poison Heal\n|upkeep\n|turn|8\n|\n|t:|1700282055\n|move|p2a: Oricorio|Revelation Dance|p1a: Gliscor\n|-resisted|p1a: Gliscor\n|-damage|p1a: Gliscor|13\/100 tox\n|move|p1a: Gliscor|Crabhammer|p2a: Oricorio\n|-damage|p2a: Oricorio|0 fnt\n|faint|p2a: Oricorio\n|\n|-heal|p1a: Gliscor|25\/100 tox|[from] ability: Poison Heal\n|upkeep\n|\n|t:|1700282064\n|switch|p2a: Basculegion|Basculegion-F, F|100\/100\n|-activate|p2a: Basculegion|move: Sticky Web\n|-unboost|p2a: Basculegion|spe|1\n|turn|9\n|\n|t:|1700282076\n|move|p1a: Gliscor|Earthquake|p2a: Basculegion\n|-damage|p2a: Basculegion|53\/100\n|move|p2a: Basculegion|Last Respects|p1a: Gliscor\n|-damage|p1a: Gliscor|0 fnt\n|faint|p1a: Gliscor\n|\n|-heal|p2a: Basculegion|59\/100|[from] item: Leftovers\n|upkeep\n|\n|t:|1700282086\n|switch|p1a: Mimikyu|Mimikyu, F, shiny|100\/100\n|turn|10\n|\n|t:|1700282091\n|move|p1a: Mimikyu|Swords Dance|p1a: Mimikyu\n|-boost|p1a: Mimikyu|atk|2\n|move|p2a: Basculegion|Last Respects|p1a: Mimikyu\n|-activate|p1a: Mimikyu|ability: Disguise\n|-damage|p1a: Mimikyu|100\/100\n|detailschange|p1a: Mimikyu|Mimikyu-Busted, F, shiny\n|-damage|p1a: Mimikyu|88\/100|[from] pokemon: Mimikyu-Busted\n|\n|-heal|p2a: Basculegion|65\/100|[from] item: Leftovers\n|upkeep\n|turn|11\n|inactive|Novalalexal has 240 seconds left.\n|\n|t:|1700282104\n|move|p1a: Mimikyu|Shadow Sneak|p2a: Basculegion\n|-supereffective|p2a: Basculegion\n|-damage|p2a: Basculegion|0 fnt\n|faint|p2a: Basculegion\n|-damage|p1a: Mimikyu|78\/100|[from] item: Life Orb\n|\n|upkeep\n|\n|t:|1700282113\n|switch|p2a: Arceus|Arceus-Ghost|100\/100\n|-activate|p2a: Arceus|move: Sticky Web\n|-unboost|p2a: Arceus|spe|1\n|turn|12\n|\n|t:|1700282120\n|move|p1a: Mimikyu|Shadow Sneak|p2a: Arceus\n|-supereffective|p2a: Arceus\n|-damage|p2a: Arceus|39\/100\n|-damage|p1a: Mimikyu|68\/100|[from] item: Life Orb\n|move|p2a: Arceus|Judgment|p1a: Mimikyu\n|-supereffective|p1a: Mimikyu\n|-damage|p1a: Mimikyu|0 fnt\n|faint|p1a: Mimikyu\n|\n|upkeep\n|\n|t:|1700282133\n|switch|p1a: Yanmega|Yanmega, M, shiny|100\/100\n|turn|13\n|\n|t:|1700282138\n|move|p1a: Yanmega|Shadow Ball|p2a: Arceus\n|-supereffective|p2a: Arceus\n|-damage|p2a: Arceus|4\/100\n|move|p2a: Arceus|Judgment|p1a: Yanmega\n|-damage|p1a: Yanmega|43\/100\n|\n|-ability|p1a: Yanmega|Speed Boost|boost\n|-boost|p1a: Yanmega|spe|1\n|upkeep\n|turn|14\n|\n|t:|1700282147\n|move|p1a: Yanmega|Ancient Power|p2a: Arceus\n|-damage|p2a: Arceus|0 fnt\n|faint|p2a: Arceus\n|\n|-ability|p1a: Yanmega|Speed Boost|boost\n|-boost|p1a: Yanmega|spe|1\n|upkeep\n|\n|t:|1700282150\n|switch|p2a: Gengar|Gengar, M|100\/100\n|-activate|p2a: Gengar|move: Sticky Web\n|-unboost|p2a: Gengar|spe|1\n|turn|15\n|inactive|Novalalexal has 270 seconds left.\n|\n|t:|1700282165\n|move|p1a: Yanmega|Shadow Ball|p2a: Gengar\n|-supereffective|p2a: Gengar\n|-damage|p2a: Gengar|15\/100\n|move|p2a: Gengar|Sludge Bomb|p1a: Yanmega\n|-damage|p1a: Yanmega|0 fnt\n|faint|p1a: Yanmega\n|\n|upkeep\n|inactive|Novalalexal has 270 seconds left.\n|\n|t:|1700282174\n|switch|p1a: Arbok|Arbok, F, shiny|100\/100\n|-ability|p1a: Arbok|Intimidate|boost\n|-unboost|p2a: Gengar|atk|1\n|-item|p1a: Arbok|Air Balloon\n|turn|16\n|\n|t:|1700282184\n|move|p2a: Gengar|Sludge Bomb|p1a: Arbok\n|-resisted|p1a: Arbok\n|-damage|p1a: Arbok|63\/100\n|-enditem|p1a: Arbok|Air Balloon\n|move|p1a: Arbok|Coil|p1a: Arbok\n|-boost|p1a: Arbok|atk|1\n|-boost|p1a: Arbok|def|1\n|-boost|p1a: Arbok|accuracy|1\n|\n|upkeep\n|turn|17\n|\n|t:|1700282196\n|-terastallize|p1a: Arbok|Poison\n|move|p2a: Gengar|Sludge Bomb|p1a: Arbok\n|-resisted|p1a: Arbok\n|-damage|p1a: Arbok|27\/100\n|move|p1a: Arbok|Trailblaze|p2a: Gengar\n|-resisted|p2a: Gengar\n|-damage|p2a: Gengar|0 fnt\n|-boost|p1a: Arbok|spe|1\n|-start|p1a: Arbok|Disable|Trailblaze|[from] ability: Cursed Body|[of] p2a: Gengar\n|faint|p2a: Gengar\n|\n|upkeep\n|\n|t:|1700282202\n|switch|p2a: Zoroark|Zoroark-Hisui, F|100\/100\n|-activate|p2a: Zoroark|move: Sticky Web\n|-unboost|p2a: Zoroark|spe|1\n|turn|18\n|\n|t:|1700282214\n|move|p1a: Arbok|Gunk Shot|p2a: Zoroark\n|-resisted|p2a: Zoroark\n|-damage|p2a: Zoroark|0 fnt\n|faint|p2a: Zoroark\n|\n|win|Novalalexal\n|l|\u2606Jo4h\n","uploadtime":1700282250,"views":8,"p1id":"novalalexal","p2id":"jo4h","formatid":"gen9anythinggoes","rating":0,"private":0,"password":""}