{"id":"gen9anythinggoes-1994050416","p1":"Instructor Guzma","p2":"Vphil","format":"[Gen 9] Anything Goes","log":"|j|\u2606Instructor Guzma\n|j|\u203dVphil\n|t:|1700399957\n|gametype|singles\n|player|p1|Instructor Guzma|guzma|1121\n|player|p2|Vphil|265|1196\n|teamsize|p1|6\n|teamsize|p2|6\n|gen|9\n|tier|[Gen 9] Anything Goes\n|rated|\n|rule|HP Percentage Mod: HP is shown in percentages\n|rule|Endless Battle Clause: Forcing endless battles is banned\n|clearpoke\n|poke|p1|Vikavolt, M|\n|poke|p1|Forretress, M|\n|poke|p1|Ribombee, M|\n|poke|p1|Volcarona, F|\n|poke|p1|Kleavor, M|\n|poke|p1|Leavanny, F|\n|poke|p2|Primeape, F|\n|poke|p2|Tauros-Paldea-Aqua, M|\n|poke|p2|Tauros-Paldea-Blaze, M|\n|poke|p2|Camerupt, F|\n|poke|p2|Krookodile, F|\n|poke|p2|Crabominable, M|\n|teampreview\n|c|\u2606Instructor Guzma|hi\n|\n|t:|1700399973\n|start\n|switch|p1a: Volcarona|Volcarona, F|100\/100\n|switch|p2a: Camerupt|Camerupt, F|100\/100\n|turn|1\n|inactive|Battle timer is ON: inactive players will automatically lose when time's up. (requested by Instructor Guzma)\n|c|\u2606Instructor Guzma|buh\n|inactive|Vphil has 120 seconds left.\n|c|\u2606Instructor Guzma|buh\n|c|\u2606Instructor Guzma|buh\n|c|\u2606Instructor Guzma|buh\n|c|\u2606Instructor Guzma|buh\n|c|\u2606Instructor Guzma|buh\n|c|\u2606Instructor Guzma|buh\n|c|\u2606Instructor Guzma|buh\n|\n|t:|1700400053\n|move|p1a: Volcarona|Air Slash|p2a: Camerupt\n|-crit|p2a: Camerupt\n|-damage|p2a: Camerupt|57\/100\n|-setboost|p2a: Camerupt|atk|6|[from] ability: Anger Point\n|move|p2a: Camerupt|Yawn|p1a: Volcarona\n|-start|p1a: Volcarona|move: Yawn|[of] p2a: Camerupt\n|\n|upkeep\n|turn|2\n|inactiveoff|Battle timer is now OFF.\n|\n|t:|1700400069\n|move|p1a: Volcarona|Flamethrower|p2a: Camerupt\n|-resisted|p2a: Camerupt\n|-crit|p2a: Camerupt\n|-damage|p2a: Camerupt|16\/100\n|move|p2a: Camerupt|Earthquake|p1a: Volcarona\n|-enditem|p1a: Volcarona|Focus Sash\n|-damage|p1a: Volcarona|1\/100\n|\n|-end|p1a: Volcarona|move: Yawn|[silent]\n|-status|p1a: Volcarona|slp\n|upkeep\n|turn|3\n|inactive|Battle timer is ON: inactive players will automatically lose when time's up. (requested by Instructor Guzma)\n|\n|t:|1700400129\n|cant|p1a: Volcarona|slp\n|move|p2a: Camerupt|Earthquake|p1a: Volcarona\n|-damage|p1a: Volcarona|0 fnt\n|faint|p1a: Volcarona\n|\n|upkeep\n|inactiveoff|Battle timer is now OFF.\n|\n|t:|1700400136\n|switch|p1a: Kleavor|Kleavor, M|100\/100\n|turn|4\n|\n|t:|1700400142\n|move|p1a: Kleavor|Stone Axe|p2a: Camerupt\n|-damage|p2a: Camerupt|0 fnt\n|-damage|p1a: Kleavor|84\/100|[from] item: Rocky Helmet|[of] p2a: Camerupt\n|-sidestart|p2: Vphil|move: Stealth Rock\n|faint|p2a: Camerupt\n|\n|upkeep\n|\n|t:|1700400152\n|switch|p2a: Primeape|Primeape, F|100\/100\n|-damage|p2a: Primeape|94\/100|[from] Stealth Rock\n|turn|5\n|\n|t:|1700400161\n|move|p1a: Kleavor|Air Slash|p2a: Primeape\n|-supereffective|p2a: Primeape\n|-damage|p2a: Primeape|67\/100\n|move|p2a: Primeape|Drain Punch|p1a: Kleavor\n|-damage|p1a: Kleavor|48\/100\n|-heal|p2a: Primeape|85\/100|[from] drain|[of] p1a: Kleavor\n|\n|upkeep\n|turn|6\n|inactive|Battle timer is ON: inactive players will automatically lose when time's up. (requested by Instructor Guzma)\n|n|\u2606Vphil|vphil\n|n|!Instructor Guzma|instructorguzma\n|inactive|Vphil has 120 seconds left.\n|c|\u2606Vphil|Same moves across multiple pokemon is lame and lacks imagination\n|\n|t:|1700400209\n|move|p1a: Kleavor|Night Slash|p2a: Primeape\n|-resisted|p2a: Primeape\n|-crit|p2a: Primeape\n|-damage|p2a: Primeape|61\/100\n|-setboost|p2a: Primeape|atk|6|[from] ability: Anger Point\n|move|p2a: Primeape|Drain Punch|p1a: Kleavor\n|-damage|p1a: Kleavor|0 fnt\n|-heal|p2a: Primeape|84\/100|[from] drain|[of] p1a: Kleavor\n|faint|p1a: Kleavor\n|\n|upkeep\n|\n|t:|1700400222\n|switch|p1a: Vikavolt|Vikavolt, M, shiny|100\/100\n|turn|7\n|\n|t:|1700400241\n|-terastallize|p1a: Vikavolt|Flying\n|move|p2a: Primeape|Drain Punch|p1a: Vikavolt\n|-resisted|p1a: Vikavolt\n|-damage|p1a: Vikavolt|34\/100\n|-heal|p2a: Primeape|100\/100|[from] drain|[of] p1a: Vikavolt\n|move|p1a: Vikavolt|Flash Cannon|p2a: Primeape\n|-damage|p2a: Primeape|67\/100\n|\n|upkeep\n|turn|8\n|c|\u2606Vphil|Have you not realised yet?\n|\n|t:|1700400251\n|move|p2a: Primeape|Drain Punch|p1a: Vikavolt\n|-resisted|p1a: Vikavolt\n|-damage|p1a: Vikavolt|0 fnt\n|-heal|p2a: Primeape|88\/100|[from] drain|[of] p1a: Vikavolt\n|faint|p1a: Vikavolt\n|\n|upkeep\n|\n|t:|1700400258\n|switch|p1a: Leavanny|Leavanny, F|100\/100\n|turn|9\n|\n|t:|1700400266\n|move|p1a: Leavanny|Grass Knot|p2a: Primeape\n|-damage|p2a: Primeape|70\/100\n|move|p2a: Primeape|Drain Punch|p1a: Leavanny\n|-resisted|p1a: Leavanny\n|-damage|p1a: Leavanny|23\/100\n|-heal|p2a: Primeape|100\/100|[from] drain|[of] p1a: Leavanny\n|\n|upkeep\n|turn|10\n|c|\u2606Vphil|Why are you quiet now?\n|inactive|Vphil has 120 seconds left.\n|\n|t:|1700400310\n|move|p1a: Leavanny|Bug Buzz|p2a: Primeape\n|-resisted|p2a: Primeape\n|-damage|p2a: Primeape|77\/100\n|move|p2a: Primeape|Drain Punch|p1a: Leavanny\n|-resisted|p1a: Leavanny\n|-damage|p1a: Leavanny|0 fnt\n|-heal|p2a: Primeape|89\/100|[from] drain|[of] p1a: Leavanny\n|faint|p1a: Leavanny\n|\n|upkeep\n|\n|t:|1700400318\n|switch|p1a: Ribombee|Ribombee, M, shiny|100\/100\n|turn|11\n|c|\u2606Vphil|Not so funny when you're the one getting played\n|\n|t:|1700400337\n|move|p1a: Ribombee|Dazzling Gleam|p2a: Primeape\n|-supereffective|p2a: Primeape\n|-damage|p2a: Primeape|23\/100\n|move|p2a: Primeape|Drain Punch|p1a: Ribombee\n|-resisted|p1a: Ribombee\n|-damage|p1a: Ribombee|32\/100\n|-heal|p2a: Primeape|55\/100|[from] drain|[of] p1a: Ribombee\n|\n|upkeep\n|turn|12\n|\n|t:|1700400347\n|move|p1a: Ribombee|Draining Kiss|p2a: Primeape\n|-supereffective|p2a: Primeape\n|-damage|p2a: Primeape|17\/100\n|-heal|p1a: Ribombee|63\/100|[from] drain|[of] p2a: Primeape\n|move|p2a: Primeape|Drain Punch|p1a: Ribombee\n|-resisted|p1a: Ribombee\n|-damage|p1a: Ribombee|0 fnt\n|-heal|p2a: Primeape|46\/100|[from] drain|[of] p1a: Ribombee\n|faint|p1a: Ribombee\n|\n|upkeep\n|\n|t:|1700400356\n|switch|p1a: Forretress|Forretress, M|100\/100\n|turn|13\n|c|\u2606Vphil|Wow\n|\n|t:|1700400361\n|move|p2a: Primeape|Drain Punch|p1a: Forretress\n|-damage|p1a: Forretress|12\/100\n|-heal|p2a: Primeape|99\/100|[from] drain|[of] p1a: Forretress\n|move|p1a: Forretress|Drill Run|p2a: Primeape\n|-damage|p2a: Primeape|73\/100\n|-damage|p1a: Forretress|2\/100|[from] item: Life Orb\n|\n|upkeep\n|turn|14\n|inactive|Vphil has 120 seconds left.\n|\n|t:|1700400387\n|move|p2a: Primeape|Seed Bomb|p1a: Forretress\n|-resisted|p1a: Forretress\n|-damage|p1a: Forretress|0 fnt\n|faint|p1a: Forretress\n|\n|win|Vphil\n|raw|Instructor Guzma's rating: 1121 &rarr; <strong>1098<\/strong><br \/>(-23 for losing)\n|raw|Vphil's rating: 1149 &rarr; <strong>1172<\/strong><br \/>(+23 for winning)\n","uploadtime":1700400192,"views":1,"p1id":"instructorguzma","p2id":"vphil","formatid":"gen9anythinggoes","rating":1098,"private":0,"password":""}