{"id":"gen9anythinggoes-1972299246","p1":"ResurrectedDragon","p2":"Olegio","format":"[Gen 9] Anything Goes","log":"|j|\u2606ResurrectedDragon\n|j|\u2606Olegio\n|t:|1697829222\n|gametype|singles\n|player|p1|ResurrectedDragon|unknown|1124\n|player|p2|Olegio|veteran-gen4|1026\n|teamsize|p1|6\n|teamsize|p2|6\n|gen|9\n|tier|[Gen 9] Anything Goes\n|rated|\n|rule|HP Percentage Mod: HP is shown in percentages\n|rule|Endless Battle Clause: Forcing endless battles is banned\n|clearpoke\n|poke|p1|Scizor, F|\n|poke|p1|Chi-Yu|\n|poke|p1|Pelipper, M|\n|poke|p1|Garganacl, M|\n|poke|p1|Zacian-*|\n|poke|p1|Toxapex, F|\n|poke|p2|Regieleki|\n|poke|p2|Regieleki|\n|poke|p2|Regieleki|\n|poke|p2|Regieleki|\n|poke|p2|Regieleki|\n|poke|p2|Calyrex-Shadow|\n|teampreview\n|\n|t:|1697829226\n|start\n|switch|p1a: Scizor|Scizor, F|100\/100\n|switch|p2a: Regieleki|Regieleki|100\/100\n|turn|1\n|\n|t:|1697829233\n|move|p2a: Regieleki|Explosion|p1a: Scizor\n|-enditem|p2a: Regieleki|Normal Gem|[from] gem\n|-resisted|p1a: Scizor\n|-damage|p1a: Scizor|49\/100\n|faint|p2a: Regieleki\n|move|p1a: Scizor|Swords Dance|p1a: Scizor\n|-boost|p1a: Scizor|atk|2\n|\n|upkeep\n|\n|t:|1697829241\n|switch|p2a: Regieleki|Regieleki|100\/100\n|turn|2\n|\n|t:|1697829244\n|switch|p1a: Zacian|Zacian-Crowned|100\/100\n|-ability|p1a: Zacian|Intrepid Sword|boost\n|-boost|p1a: Zacian|atk|1\n|move|p2a: Regieleki|Wild Charge|p1a: Zacian\n|-damage|p1a: Zacian|51\/100\n|-damage|p2a: Regieleki|87\/100|[from] Recoil\n|\n|upkeep\n|turn|3\n|\n|t:|1697829254\n|move|p2a: Regieleki|Wild Charge|p1a: Zacian\n|-crit|p1a: Zacian\n|-damage|p1a: Zacian|0 fnt\n|faint|p1a: Zacian\n|-damage|p2a: Regieleki|74\/100|[from] Recoil\n|\n|upkeep\n|\n|t:|1697829260\n|switch|p1a: Garganacl|Garganacl, M|100\/100\n|turn|4\n|\n|t:|1697829265\n|move|p2a: Regieleki|Explosion|p1a: Garganacl\n|-enditem|p2a: Regieleki|Normal Gem|[from] gem\n|-resisted|p1a: Garganacl\n|-damage|p1a: Garganacl|64\/100\n|faint|p2a: Regieleki\n|move|p1a: Garganacl|Salt Cure|p2: Regieleki|[notarget]\n|-fail|p1a: Garganacl\n|\n|upkeep\n|inactive|Battle timer is ON: inactive players will automatically lose when time's up. (requested by ResurrectedDragon)\n|\n|t:|1697829289\n|switch|p2a: Regieleki|Regieleki|100\/100\n|turn|5\n|\n|t:|1697829293\n|move|p2a: Regieleki|Wild Charge|p1a: Garganacl\n|-damage|p1a: Garganacl|28\/100\n|-enditem|p1a: Garganacl|Sitrus Berry|[eat]\n|-heal|p1a: Garganacl|53\/100|[from] item: Sitrus Berry\n|-damage|p2a: Regieleki|89\/100|[from] Recoil\n|move|p1a: Garganacl|Salt Cure|p2a: Regieleki\n|-damage|p2a: Regieleki|51\/100\n|-start|p2a: Regieleki|Salt Cure\n|\n|-damage|p2a: Regieleki|39\/100|[from] Salt Cure\n|upkeep\n|turn|6\n|\n|t:|1697829306\n|switch|p1a: Scizor|Scizor, F|49\/100\n|move|p2a: Regieleki|Wild Charge|p1a: Scizor\n|-damage|p1a: Scizor|0 fnt\n|faint|p1a: Scizor\n|-damage|p2a: Regieleki|28\/100|[from] Recoil\n|\n|-damage|p2a: Regieleki|15\/100|[from] Salt Cure\n|upkeep\n|\n|t:|1697829314\n|switch|p1a: Toxapex|Toxapex, F|100\/100\n|turn|7\n|\n|t:|1697829320\n|move|p1a: Toxapex|Baneful Bunker|p1a: Toxapex\n|-singleturn|p1a: Toxapex|move: Protect\n|move|p2a: Regieleki|Wild Charge|p1a: Toxapex\n|-activate|p1a: Toxapex|move: Protect\n|-status|p2a: Regieleki|psn\n|\n|-damage|p2a: Regieleki|3\/100 psn|[from] psn\n|-damage|p2a: Regieleki|0 fnt|[from] Salt Cure\n|faint|p2a: Regieleki\n|upkeep\n|\n|t:|1697829332\n|switch|p2a: Regieleki|Regieleki|100\/100\n|turn|8\n|\n|t:|1697829337\n|move|p2a: Regieleki|Wild Charge|p1a: Toxapex\n|-supereffective|p1a: Toxapex\n|-damage|p1a: Toxapex|13\/100\n|-damage|p2a: Regieleki|79\/100|[from] Recoil\n|move|p1a: Toxapex|Toxic|p2a: Regieleki\n|-status|p2a: Regieleki|tox\n|\n|-heal|p1a: Toxapex|19\/100|[from] item: Leftovers\n|-damage|p2a: Regieleki|73\/100 tox|[from] psn\n|upkeep\n|turn|9\n|\n|t:|1697829348\n|move|p1a: Toxapex|Baneful Bunker|p1a: Toxapex\n|-singleturn|p1a: Toxapex|move: Protect\n|move|p2a: Regieleki|Wild Charge|p1a: Toxapex\n|-activate|p1a: Toxapex|move: Protect\n|\n|-heal|p1a: Toxapex|25\/100|[from] item: Leftovers\n|-damage|p2a: Regieleki|61\/100 tox|[from] psn\n|upkeep\n|turn|10\n|\n|t:|1697829360\n|switch|p2a: Regieleki|Regieleki|100\/100\n|switch|p1a: Garganacl|Garganacl, M|53\/100\n|\n|upkeep\n|turn|11\n|\n|t:|1697829366\n|move|p2a: Regieleki|Wild Charge|p1a: Garganacl\n|-damage|p1a: Garganacl|21\/100\n|-damage|p2a: Regieleki|90\/100|[from] Recoil\n|move|p1a: Garganacl|Salt Cure|p2a: Regieleki\n|-damage|p2a: Regieleki|55\/100\n|-start|p2a: Regieleki|Salt Cure\n|\n|-damage|p2a: Regieleki|43\/100|[from] Salt Cure\n|upkeep\n|turn|12\n|\n|t:|1697829377\n|switch|p1a: Pelipper|Pelipper, M|100\/100\n|move|p2a: Regieleki|Wild Charge|p1a: Pelipper\n|-supereffective|p1a: Pelipper\n|-damage|p1a: Pelipper|0 fnt\n|faint|p1a: Pelipper\n|-damage|p2a: Regieleki|16\/100|[from] Recoil\n|\n|-damage|p2a: Regieleki|3\/100|[from] Salt Cure\n|upkeep\n|\n|t:|1697829387\n|switch|p1a: Toxapex|Toxapex, F|25\/100\n|turn|13\n|\n|t:|1697829393\n|switch|p2a: Calyrex|Calyrex-Shadow|100\/100\n|-ability|p2a: Calyrex|As One\n|-ability|p2a: Calyrex|Unnerve\n|move|p1a: Toxapex|Baneful Bunker||[still]\n|-fail|p1a: Toxapex\n|\n|-heal|p1a: Toxapex|31\/100|[from] item: Leftovers\n|upkeep\n|turn|14\n|\n|t:|1697829406\n|switch|p1a: Garganacl|Garganacl, M|21\/100\n|move|p2a: Calyrex|Astral Barrage|p1a: Garganacl\n|-damage|p1a: Garganacl|0 fnt\n|faint|p1a: Garganacl\n|-ability|p2a: Calyrex|Grim Neigh|boost\n|-boost|p2a: Calyrex|spa|1\n|\n|upkeep\n|\n|t:|1697829415\n|switch|p1a: Chi-Yu|Chi-Yu|100\/100\n|-ability|p1a: Chi-Yu|Beads of Ruin\n|turn|15\n|\n|t:|1697829422\n|switch|p2a: Regieleki|Regieleki|3\/100\n|-terastallize|p1a: Chi-Yu|Dark\n|move|p1a: Chi-Yu|Dark Pulse|p2a: Regieleki\n|-damage|p2a: Regieleki|0 fnt\n|faint|p2a: Regieleki\n|\n|upkeep\n|\n|t:|1697829432\n|switch|p2a: Regieleki|Regieleki|61\/100 tox\n|turn|16\n|\n|t:|1697829440\n|switch|p1a: Toxapex|Toxapex, F|31\/100\n|move|p2a: Regieleki|Explosion|p1a: Toxapex\n|-enditem|p2a: Regieleki|Normal Gem|[from] gem\n|-damage|p1a: Toxapex|0 fnt\n|faint|p2a: Regieleki\n|faint|p1a: Toxapex\n|\n|upkeep\n|\n|t:|1697829449\n|switch|p2a: Calyrex|Calyrex-Shadow|100\/100\n|switch|p1a: Chi-Yu|Chi-Yu, tera:Dark|100\/100\n|-ability|p2a: Calyrex|As One\n|-ability|p2a: Calyrex|Unnerve\n|-ability|p1a: Chi-Yu|Beads of Ruin\n|turn|17\n|-activate|p2a: Calyrex|item: Quick Claw\n|\n|t:|1697829459\n|move|p2a: Calyrex|Astral Barrage|p1a: Chi-Yu\n|-resisted|p1a: Chi-Yu\n|-damage|p1a: Chi-Yu|73\/100\n|move|p1a: Chi-Yu|Dark Pulse|p2a: Calyrex\n|-supereffective|p2a: Calyrex\n|-damage|p2a: Calyrex|0 fnt\n|faint|p2a: Calyrex\n|\n|win|ResurrectedDragon\n|raw|ResurrectedDragon's rating: 1124 &rarr; <strong>1142<\/strong><br \/>(+18 for winning)\n|raw|Olegio's rating: 1026 &rarr; <strong>1016<\/strong><br \/>(-10 for losing)\n","uploadtime":1697829473,"views":9,"p1id":"resurrecteddragon","p2id":"olegio","formatid":"gen9anythinggoes","rating":1016,"private":0,"password":""}