{"id":"gen9anythinggoes-1979168104","p1":"Shanks0499","p2":"Dumbfudge","format":"[Gen 9] Anything Goes","log":"|j|\u2606Shanks0499\n|j|\u2606Dumbfudge\n|t:|1698642783\n|gametype|singles\n|player|p1|Shanks0499|1|1217\n|player|p2|Dumbfudge|blackbelt-gen4dp|1319\n|teamsize|p1|6\n|teamsize|p2|6\n|gen|9\n|tier|[Gen 9] Anything Goes\n|rated|\n|rule|HP Percentage Mod: HP is shown in percentages\n|rule|Endless Battle Clause: Forcing endless battles is banned\n|clearpoke\n|poke|p1|Calyrex-Shadow|\n|poke|p1|Ursaluna-Bloodmoon, M|\n|poke|p1|Chien-Pao|\n|poke|p1|Abomasnow, M|\n|poke|p1|Basculegion, M|\n|poke|p1|Iron Valiant|\n|poke|p2|Zacian-*|\n|poke|p2|Calyrex-Shadow|\n|poke|p2|Breloom, F|\n|poke|p2|Espathra, M|\n|poke|p2|Grimmsnarl, M|\n|poke|p2|Regieleki|\n|teampreview\n|\n|t:|1698642799\n|start\n|switch|p1a: Calyrex|Calyrex-Shadow|100\/100\n|switch|p2a: Espathra|Espathra, M|100\/100\n|-ability|p1a: Calyrex|As One\n|-ability|p1a: Calyrex|Unnerve\n|turn|1\n|\n|t:|1698642807\n|move|p2a: Espathra|Protect|p2a: Espathra\n|-singleturn|p2a: Espathra|Protect\n|move|p1a: Calyrex|Astral Barrage|p2a: Espathra\n|-activate|p2a: Espathra|move: Protect\n|\n|-ability|p2a: Espathra|Speed Boost|boost\n|-boost|p2a: Espathra|spe|1\n|upkeep\n|turn|2\n|c|\u2606Shanks0499|why does everybody spam protect\n|\n|t:|1698642820\n|move|p1a: Calyrex|Astral Barrage|p2a: Espathra\n|-supereffective|p2a: Espathra\n|-damage|p2a: Espathra|0 fnt\n|faint|p2a: Espathra\n|-ability|p1a: Calyrex|Grim Neigh|boost\n|-boost|p1a: Calyrex|spa|1\n|\n|upkeep\n|inactive|Battle timer is ON: inactive players will automatically lose when time's up. (requested by Dumbfudge)\n|\n|t:|1698642829\n|switch|p2a: Calyrex|Calyrex-Shadow|100\/100\n|-ability|p2a: Calyrex|As One\n|-ability|p2a: Calyrex|Unnerve\n|turn|3\n|c|\u2606Shanks0499|makes the game boring\n|\n|t:|1698642835\n|-terastallize|p2a: Calyrex|Normal\n|move|p1a: Calyrex|Astral Barrage|p2a: Calyrex\n|-immune|p2a: Calyrex\n|move|p2a: Calyrex|Haze|p2a: Calyrex\n|-clearallboost\n|\n|upkeep\n|turn|4\n|\n|t:|1698642856\n|switch|p1a: Ursaluna|Ursaluna-Bloodmoon, M|100\/100\n|move|p2a: Calyrex|Giga Drain|p1a: Ursaluna\n|-supereffective|p1a: Ursaluna\n|-damage|p1a: Ursaluna|34\/100\n|\n|-heal|p1a: Ursaluna|41\/100|[from] item: Leftovers\n|upkeep\n|turn|5\n|\n|t:|1698642866\n|move|p2a: Calyrex|Giga Drain|p1a: Ursaluna\n|-supereffective|p1a: Ursaluna\n|-damage|p1a: Ursaluna|0 fnt\n|faint|p1a: Ursaluna\n|-ability|p2a: Calyrex|Grim Neigh|boost\n|-boost|p2a: Calyrex|spa|1\n|\n|upkeep\n|\n|t:|1698642873\n|switch|p1a: Chien-Pao|Chien-Pao|100\/100\n|-ability|p1a: Chien-Pao|Sword of Ruin\n|turn|6\n|\n|t:|1698642879\n|move|p2a: Calyrex|Astral Barrage|p1a: Chien-Pao\n|-resisted|p1a: Chien-Pao\n|-damage|p1a: Chien-Pao|8\/100\n|move|p1a: Chien-Pao|Throat Chop|p2a: Calyrex\n|-enditem|p2a: Calyrex|Focus Sash\n|-damage|p2a: Calyrex|1\/100\n|-start|p2a: Calyrex|Throat Chop|[silent]\n|\n|upkeep\n|turn|7\n|\n|t:|1698642888\n|move|p2a: Calyrex|Giga Drain|p1a: Chien-Pao\n|-crit|p1a: Chien-Pao\n|-damage|p1a: Chien-Pao|0 fnt\n|-heal|p2a: Calyrex|4\/100|[from] drain|[of] p1a: Chien-Pao\n|faint|p1a: Chien-Pao\n|-ability|p2a: Calyrex|Grim Neigh|boost\n|-boost|p2a: Calyrex|spa|1\n|\n|-end|p2a: Calyrex|Throat Chop|[silent]\n|upkeep\n|\n|t:|1698642896\n|switch|p1a: Abomasnow|Abomasnow, M|100\/100\n|-weather|Snow|[from] ability: Snow Warning|[of] p1a: Abomasnow\n|turn|8\n|\n|t:|1698642902\n|move|p2a: Calyrex|Astral Barrage|p1a: Abomasnow\n|-damage|p1a: Abomasnow|0 fnt\n|faint|p1a: Abomasnow\n|-ability|p2a: Calyrex|Grim Neigh|boost\n|-boost|p2a: Calyrex|spa|1\n|\n|-weather|Snow|[upkeep]\n|upkeep\n|\n|t:|1698642914\n|switch|p1a: Iron Valiant|Iron Valiant|100\/100\n|-enditem|p1a: Iron Valiant|Booster Energy\n|-activate|p1a: Iron Valiant|ability: Quark Drive|[fromitem]\n|-start|p1a: Iron Valiant|quarkdrivespe\n|turn|9\n|\n|t:|1698642920\n|move|p1a: Iron Valiant|X-Scissor|p2a: Calyrex\n|-damage|p2a: Calyrex|0 fnt\n|faint|p2a: Calyrex\n|\n|-weather|Snow|[upkeep]\n|upkeep\n|\n|t:|1698642927\n|switch|p2a: Whooping cough|Zacian-Crowned|100\/100\n|-ability|p2a: Whooping cough|Intrepid Sword|boost\n|-boost|p2a: Whooping cough|atk|1\n|turn|10\n|\n|t:|1698642935\n|move|p1a: Iron Valiant|Brick Break|p2a: Whooping cough\n|-damage|p2a: Whooping cough|61\/100\n|move|p2a: Whooping cough|Behemoth Blade|p1a: Iron Valiant\n|-supereffective|p1a: Iron Valiant\n|-damage|p1a: Iron Valiant|0 fnt\n|faint|p1a: Iron Valiant\n|-end|p1a: Iron Valiant|Quark Drive|[silent]\n|\n|-weather|Snow|[upkeep]\n|upkeep\n|\n|t:|1698642943\n|switch|p1a: Calyrex|Calyrex-Shadow|100\/100\n|-ability|p1a: Calyrex|As One\n|-ability|p1a: Calyrex|Unnerve\n|turn|11\n|\n|t:|1698642953\n|move|p1a: Calyrex|Astral Barrage|p2a: Whooping cough\n|-damage|p2a: Whooping cough|0 fnt\n|faint|p2a: Whooping cough\n|-ability|p1a: Calyrex|Grim Neigh|boost\n|-boost|p1a: Calyrex|spa|1\n|\n|-weather|Snow|[upkeep]\n|upkeep\n|\n|t:|1698642961\n|switch|p2a: Grimmsnarl|Grimmsnarl, M|100\/100\n|turn|12\n|\n|t:|1698642965\n|move|p2a: Grimmsnarl|Light Screen|p2a: Grimmsnarl\n|-sidestart|p2: Dumbfudge|move: Light Screen\n|move|p1a: Calyrex|Astral Barrage|p2a: Grimmsnarl\n|-resisted|p2a: Grimmsnarl\n|-damage|p2a: Grimmsnarl|65\/100\n|\n|-weather|none\n|upkeep\n|turn|13\n|\n|t:|1698642973\n|move|p2a: Grimmsnarl|Sucker Punch|p1a: Calyrex\n|-supereffective|p1a: Calyrex\n|-damage|p1a: Calyrex|0 fnt\n|faint|p1a: Calyrex\n|\n|upkeep\n|\n|t:|1698642978\n|switch|p1a: Basculegion|Basculegion, M|100\/100\n|turn|14\n|\n|t:|1698642982\n|move|p2a: Grimmsnarl|Sucker Punch|p1a: Basculegion\n|-supereffective|p1a: Basculegion\n|-damage|p1a: Basculegion|17\/100\n|move|p1a: Basculegion|Last Respects|p2a: Grimmsnarl\n|-resisted|p2a: Grimmsnarl\n|-damage|p2a: Grimmsnarl|0 fnt\n|faint|p2a: Grimmsnarl\n|\n|upkeep\n|\n|t:|1698642994\n|switch|p2a: Regieleki|Regieleki|100\/100\n|turn|15\n|c|\u2606Shanks0499|dam gg i think ur regieleki outspeeds\n|\n|t:|1698643008\n|move|p2a: Regieleki|Thunderbolt|p1a: Basculegion\n|-supereffective|p1a: Basculegion\n|-damage|p1a: Basculegion|0 fnt\n|faint|p1a: Basculegion\n|\n|win|Dumbfudge\n|raw|Shanks0499's rating: 1217 &rarr; <strong>1199<\/strong><br \/>(-18 for losing)\n|raw|Dumbfudge's rating: 1319 &rarr; <strong>1333<\/strong><br \/>(+14 for winning)\n|c|\u2606Shanks0499|gg\n|l|\u2606Shanks0499\n","uploadtime":1698643030,"views":8,"p1id":"shanks0499","p2id":"dumbfudge","formatid":"gen9anythinggoes","rating":1199,"private":0,"password":""}