{"id":"gen9anythinggoes-1982264325","p1":"sungnumber1","p2":"OmarHenryKasOscar","format":"[Gen 9] Anything Goes","log":"|j|\u203dsungnumber1\n|j|\u2606OmarHenryKasOscar\n|t:|1698986525\n|gametype|singles\n|player|p1|sungnumber1|101|1088\n|player|p2|OmarHenryKasOscar|artist|1061\n|teamsize|p1|6\n|teamsize|p2|6\n|gen|9\n|tier|[Gen 9] Anything Goes\n|rated|\n|rule|HP Percentage Mod: HP is shown in percentages\n|rule|Endless Battle Clause: Forcing endless battles is banned\n|clearpoke\n|poke|p1|Vikavolt, F|\n|poke|p1|Vikavolt, M|\n|poke|p1|Vikavolt, F|\n|poke|p1|Vikavolt, F|\n|poke|p1|Vikavolt, F|\n|poke|p1|Zoroark-Hisui, M|\n|poke|p2|Kyogre|\n|poke|p2|Groudon|\n|poke|p2|Haxorus, M|\n|poke|p2|Articuno|\n|poke|p2|Crawdaunt, F|\n|poke|p2|Landorus-Therian, M|\n|teampreview\n|c|\u2606OmarHenryKasOscar|GLHF\n|\n|t:|1698986562\n|start\n|switch|p1a: Vikavolt|Vikavolt, F|100\/100\n|switch|p2a: Haxorus|Haxorus, M|100\/100\n|-ability|p2a: Haxorus|Mold Breaker\n|turn|1\n|inactive|Battle timer is ON: inactive players will automatically lose when time's up. (requested by sungnumber1)\n|\n|t:|1698986568\n|move|p2a: Haxorus|Guillotine|p1a: Vikavolt|[miss]\n|-miss|p2a: Haxorus|p1a: Vikavolt\n|move|p1a: Vikavolt|Zap Cannon|p2a: Haxorus\n|-resisted|p2a: Haxorus\n|-damage|p2a: Haxorus|52\/100\n|-status|p2a: Haxorus|par\n|\n|upkeep\n|turn|2\n|\n|t:|1698986574\n|move|p2a: Haxorus|Guillotine|p1a: Vikavolt|[miss]\n|-miss|p2a: Haxorus|p1a: Vikavolt\n|move|p1a: Vikavolt|Charge|p1a: Vikavolt\n|-boost|p1a: Vikavolt|spd|1\n|-start|p1a: Vikavolt|Charge\n|\n|upkeep\n|turn|3\n|\n|t:|1698986578\n|move|p2a: Haxorus|Taunt|p1a: Vikavolt\n|-start|p1a: Vikavolt|move: Taunt\n|move|p1a: Vikavolt|Charge Beam|p2a: Haxorus\n|-resisted|p2a: Haxorus\n|-damage|p2a: Haxorus|15\/100 par\n|-boost|p1a: Vikavolt|spa|1\n|-end|p1a: Vikavolt|Charge|[silent]\n|\n|upkeep\n|turn|4\n|\n|t:|1698986587\n|move|p2a: Haxorus|Endeavor|p1a: Vikavolt\n|-damage|p1a: Vikavolt|15\/100\n|move|p1a: Vikavolt|Charge Beam|p2a: Haxorus\n|-resisted|p2a: Haxorus\n|-damage|p2a: Haxorus|0 fnt\n|faint|p2a: Haxorus\n|\n|upkeep\n|\n|t:|1698986592\n|switch|p2a: Groudon|Groudon|100\/100\n|-weather|SunnyDay|[from] ability: Drought|[of] p2a: Groudon\n|turn|5\n|\n|t:|1698986597\n|move|p2a: Groudon|Stealth Rock|p1a: Vikavolt\n|-sidestart|p1: sungnumber1|move: Stealth Rock\n|move|p1a: Vikavolt|Energy Ball|p2a: Groudon\n|-supereffective|p2a: Groudon\n|-damage|p2a: Groudon|15\/100\n|\n|-weather|SunnyDay|[upkeep]\n|-heal|p2a: Groudon|21\/100|[from] item: Leftovers\n|-end|p1a: Vikavolt|move: Taunt\n|upkeep\n|turn|6\n|\n|t:|1698986609\n|move|p2a: Groudon|Fissure|p1a: Vikavolt\n|-immune|p1a: Vikavolt|[from] ability: Levitate\n|move|p1a: Vikavolt|Energy Ball|p2a: Groudon\n|-supereffective|p2a: Groudon\n|-damage|p2a: Groudon|0 fnt\n|faint|p2a: Groudon\n|\n|-weather|SunnyDay|[upkeep]\n|upkeep\n|\n|t:|1698986620\n|switch|p2a: Kyogre|Kyogre|100\/100\n|-weather|RainDance|[from] ability: Drizzle|[of] p2a: Kyogre\n|turn|7\n|\n|t:|1698986632\n|-terastallize|p2a: Kyogre|Grass\n|move|p1a: Vikavolt|Zap Cannon|p2a: Kyogre\n|-resisted|p2a: Kyogre\n|-damage|p2a: Kyogre|76\/100\n|-status|p2a: Kyogre|par\n|move|p2a: Kyogre|Roar|p1a: Vikavolt\n|drag|p1a: Vikavolt|Vikavolt, F|100\/100\n|-damage|p1a: Vikavolt|88\/100|[from] Stealth Rock\n|\n|-weather|RainDance|[upkeep]\n|-heal|p2a: Kyogre|82\/100 par|[from] item: Leftovers\n|upkeep\n|turn|8\n|\n|t:|1698986652\n|switch|p2a: Crawdaunt|Crawdaunt, F|100\/100\n|move|p1a: Vikavolt|Nasty Plot|p1a: Vikavolt\n|-boost|p1a: Vikavolt|spa|2\n|\n|-weather|RainDance|[upkeep]\n|upkeep\n|turn|9\n|\n|t:|1698986660\n|move|p1a: Vikavolt|Bitter Malice|p2a: Crawdaunt\n|-resisted|p2a: Crawdaunt\n|-damage|p2a: Crawdaunt|73\/100\n|-unboost|p2a: Crawdaunt|atk|1\n|move|p2a: Crawdaunt|Fling|p1a: Vikavolt\n|-supereffective|p1a: Vikavolt\n|-damage|p1a: Vikavolt|7\/100\n|replace|p1a: Zoroark|Zoroark-Hisui, M\n|-end|p1a: Zoroark|Illusion\n|-enditem|p2a: Crawdaunt|Assault Vest|[from] move: Fling\n|\n|-weather|RainDance|[upkeep]\n|upkeep\n|turn|10\n|\n|t:|1698986675\n|move|p1a: Zoroark|Bitter Malice|p2a: Crawdaunt\n|-resisted|p2a: Crawdaunt\n|-damage|p2a: Crawdaunt|32\/100\n|-unboost|p2a: Crawdaunt|atk|1\n|move|p2a: Crawdaunt|False Swipe|p1a: Zoroark\n|-immune|p1a: Zoroark\n|\n|-weather|RainDance|[upkeep]\n|upkeep\n|turn|11\n|\n|t:|1698986699\n|move|p1a: Zoroark|Bitter Malice|p2a: Crawdaunt\n|-resisted|p2a: Crawdaunt\n|-damage|p2a: Crawdaunt|0 fnt\n|faint|p2a: Crawdaunt\n|\n|-weather|none\n|upkeep\n|\n|t:|1698986706\n|switch|p2a: Kyogre|Kyogre, tera:Grass|82\/100 par\n|-weather|RainDance|[from] ability: Drizzle|[of] p2a: Kyogre\n|turn|12\n|\n|t:|1698986722\n|move|p1a: Zoroark|Bitter Malice|p2a: Kyogre\n|-damage|p2a: Kyogre|44\/100 par\n|-unboost|p2a: Kyogre|atk|1\n|move|p2a: Kyogre|Roar|p1a: Zoroark\n|drag|p1a: Vikavolt|Vikavolt, F|100\/100\n|-damage|p1a: Vikavolt|76\/100|[from] Stealth Rock\n|\n|-weather|RainDance|[upkeep]\n|-heal|p2a: Kyogre|50\/100 par|[from] item: Leftovers\n|upkeep\n|turn|13\n|\n|t:|1698986733\n|move|p1a: Vikavolt|Sticky Web|p2a: Kyogre\n|-sidestart|p2: OmarHenryKasOscar|move: Sticky Web\n|move|p2a: Kyogre|Rest|p2a: Kyogre\n|-status|p2a: Kyogre|slp|[from] move: Rest\n|-heal|p2a: Kyogre|100\/100 slp|[silent]\n|\n|-weather|RainDance|[upkeep]\n|upkeep\n|turn|14\n|\n|t:|1698986739\n|cant|p2a: Kyogre|slp\n|move|p2a: Kyogre|Sleep Talk|p2a: Kyogre\n|move|p2a: Kyogre|Roar|p1a: Vikavolt|[from]move: Sleep Talk\n|drag|p1a: Vikavolt|Vikavolt, M|100\/100\n|-damage|p1a: Vikavolt|76\/100|[from] Stealth Rock\n|\n|-weather|RainDance|[upkeep]\n|upkeep\n|turn|15\n|\n|t:|1698986746\n|cant|p2a: Kyogre|slp\n|move|p2a: Kyogre|Sleep Talk|p2a: Kyogre\n|move|p2a: Kyogre|Sheer Cold|p1a: Vikavolt|[from]move: Sleep Talk\n|-damage|p1a: Vikavolt|0 fnt\n|faint|p1a: Vikavolt\n|-ohko\n|\n|-weather|RainDance|[upkeep]\n|upkeep\n|\n|t:|1698986754\n|switch|p1a: Vikavolt|Vikavolt, F|15\/100\n|-damage|p1a: Vikavolt|0 fnt|[from] Stealth Rock\n|faint|p1a: Vikavolt\n|\n|t:|1698986758\n|switch|p1a: Vikavolt|Vikavolt, F|76\/100\n|-damage|p1a: Vikavolt|51\/100|[from] Stealth Rock\n|turn|16\n|\n|t:|1698986765\n|move|p1a: Vikavolt|Agility|p1a: Vikavolt\n|-boost|p1a: Vikavolt|spe|2\n|-curestatus|p2a: Kyogre|slp|[msg]\n|move|p2a: Kyogre|Roar|p1a: Vikavolt\n|drag|p1a: Vikavolt|Vikavolt, F|100\/100\n|\n|-weather|none\n|upkeep\n|turn|17\n|\n|t:|1698986775\n|move|p2a: Kyogre|Sheer Cold|p1a: Vikavolt|[miss]\n|-miss|p2a: Kyogre|p1a: Vikavolt\n|move|p1a: Vikavolt|Electro Ball|p2a: Kyogre\n|-resisted|p2a: Kyogre\n|-damage|p2a: Kyogre|95\/100\n|\n|-heal|p2a: Kyogre|100\/100|[from] item: Leftovers\n|upkeep\n|turn|18\n|\n|t:|1698986780\n|move|p2a: Kyogre|Sheer Cold|p1a: Vikavolt|[miss]\n|-miss|p2a: Kyogre|p1a: Vikavolt\n|move|p1a: Vikavolt|Thunder Wave|p2a: Kyogre\n|-status|p2a: Kyogre|par\n|\n|upkeep\n|turn|19\n|\n|t:|1698986785\n|move|p1a: Vikavolt|Electro Ball|p2a: Kyogre\n|-resisted|p2a: Kyogre\n|-damage|p2a: Kyogre|91\/100 par\n|move|p2a: Kyogre|Sheer Cold|p1a: Vikavolt|[miss]\n|-miss|p2a: Kyogre|p1a: Vikavolt\n|\n|-heal|p2a: Kyogre|97\/100 par|[from] item: Leftovers\n|upkeep\n|turn|20\n|\n|t:|1698986789\n|move|p1a: Vikavolt|Agility|p1a: Vikavolt\n|-boost|p1a: Vikavolt|spe|2\n|move|p2a: Kyogre|Sheer Cold|p1a: Vikavolt\n|-damage|p1a: Vikavolt|0 fnt\n|faint|p1a: Vikavolt\n|-ohko\n|\n|-heal|p2a: Kyogre|100\/100 par|[from] item: Leftovers\n|upkeep\n|\n|t:|1698986797\n|switch|p1a: Vikavolt|Vikavolt, F|100\/100\n|-damage|p1a: Vikavolt|76\/100|[from] Stealth Rock\n|turn|21\n|\n|t:|1698986804\n|move|p1a: Vikavolt|Agility|p1a: Vikavolt\n|-boost|p1a: Vikavolt|spe|2\n|move|p2a: Kyogre|Roar|p1a: Vikavolt\n|drag|p1a: Vikavolt|Vikavolt, F|51\/100\n|-damage|p1a: Vikavolt|26\/100|[from] Stealth Rock\n|\n|upkeep\n|turn|22\n|\n|t:|1698986811\n|move|p1a: Vikavolt|Agility|p1a: Vikavolt\n|-boost|p1a: Vikavolt|spe|2\n|cant|p2a: Kyogre|par\n|\n|upkeep\n|turn|23\n|\n|t:|1698986818\n|move|p1a: Vikavolt|Agility|p1a: Vikavolt\n|-boost|p1a: Vikavolt|spe|2\n|cant|p2a: Kyogre|par\n|\n|upkeep\n|turn|24\n|\n|t:|1698986824\n|move|p1a: Vikavolt|Electro Ball|p2a: Kyogre\n|-resisted|p2a: Kyogre\n|-damage|p2a: Kyogre|78\/100 par\n|move|p2a: Kyogre|Roar|p1a: Vikavolt\n|drag|p1a: Vikavolt|Vikavolt, F|76\/100\n|-damage|p1a: Vikavolt|51\/100|[from] Stealth Rock\n|\n|-heal|p2a: Kyogre|85\/100 par|[from] item: Leftovers\n|upkeep\n|turn|25\n|\n|t:|1698986831\n|switch|p1a: Vikavolt|Vikavolt, F|7\/100\n|-damage|p1a: Vikavolt|0 fnt|[from] Stealth Rock\n|faint|p1a: Vikavolt\n|cant|p2a: Kyogre|par\n|\n|-heal|p2a: Kyogre|91\/100 par|[from] item: Leftovers\n|upkeep\n|\n|t:|1698986839\n|switch|p1a: Vikavolt|Vikavolt, F|26\/100\n|-damage|p1a: Vikavolt|2\/100|[from] Stealth Rock\n|turn|26\n|\n|t:|1698986844\n|move|p1a: Vikavolt|Agility|p1a: Vikavolt\n|-boost|p1a: Vikavolt|spe|2\n|move|p2a: Kyogre|Roar|p1a: Vikavolt\n|drag|p1a: Vikavolt|Vikavolt, F|51\/100\n|-damage|p1a: Vikavolt|26\/100|[from] Stealth Rock\n|-enditem|p1a: Vikavolt|Sitrus Berry|[eat]\n|-heal|p1a: Vikavolt|51\/100|[from] item: Sitrus Berry\n|\n|-heal|p2a: Kyogre|97\/100 par|[from] item: Leftovers\n|upkeep\n|turn|27\n|\n|t:|1698986856\n|switch|p1a: Vikavolt|Vikavolt, F|2\/100\n|-damage|p1a: Vikavolt|0 fnt|[from] Stealth Rock\n|faint|p1a: Vikavolt\n|move|p2a: Kyogre|Sheer Cold|p1: Vikavolt|[notarget]\n|-fail|p2a: Kyogre\n|\n|-heal|p2a: Kyogre|100\/100 par|[from] item: Leftovers\n|upkeep\n|\n|t:|1698986863\n|switch|p1a: Vikavolt|Vikavolt, F|51\/100\n|-damage|p1a: Vikavolt|26\/100|[from] Stealth Rock\n|turn|28\n|\n|t:|1698986869\n|move|p1a: Vikavolt|Agility|p1a: Vikavolt\n|-boost|p1a: Vikavolt|spe|2\n|move|p2a: Kyogre|Sheer Cold|p1a: Vikavolt|[miss]\n|-miss|p2a: Kyogre|p1a: Vikavolt\n|\n|upkeep\n|turn|29\n|\n|t:|1698986880\n|move|p1a: Vikavolt|Agility|p1a: Vikavolt\n|-boost|p1a: Vikavolt|spe|2\n|cant|p2a: Kyogre|par\n|\n|upkeep\n|turn|30\n|\n|t:|1698986886\n|move|p1a: Vikavolt|Agility|p1a: Vikavolt\n|-boost|p1a: Vikavolt|spe|2\n|cant|p2a: Kyogre|par\n|\n|upkeep\n|turn|31\n|\n|t:|1698986892\n|move|p1a: Vikavolt|Electro Ball|p2a: Kyogre\n|-resisted|p2a: Kyogre\n|-damage|p2a: Kyogre|78\/100 par\n|move|p2a: Kyogre|Sheer Cold|p1a: Vikavolt\n|-damage|p1a: Vikavolt|0 fnt\n|faint|p1a: Vikavolt\n|-ohko\n|\n|win|OmarHenryKasOscar\n|raw|sungnumber1's rating: 1088 &rarr; <strong>1063<\/strong><br \/>(-25 for losing)\n|raw|OmarHenryKasOscar's rating: 1061 &rarr; <strong>1094<\/strong><br \/>(+33 for winning)\n|c|\u2606OmarHenryKasOscar|GG to you\n|l|\u203dsungnumber1\n","uploadtime":1698986901,"views":12,"p1id":"sungnumber1","p2id":"omarhenrykasoscar","formatid":"gen9anythinggoes","rating":1063,"private":0,"password":""}