{"id":"gen9anythinggoes-1980459140","p1":"Jorge-052","p2":"ChimeBliss","format":"[Gen 9] Anything Goes","log":"|j|\u2606Jorge-052\n|j|\u2606ChimeBliss\n|t:|1698786887\n|gametype|singles\n|player|p1|Jorge-052|265|1148\n|player|p2|ChimeBliss|dawn-gen4pt|1250\n|teamsize|p1|6\n|teamsize|p2|6\n|gen|9\n|tier|[Gen 9] Anything Goes\n|rated|\n|rule|HP Percentage Mod: HP is shown in percentages\n|rule|Endless Battle Clause: Forcing endless battles is banned\n|clearpoke\n|poke|p1|Gengar, M|\n|poke|p1|Luxray, F|\n|poke|p1|Arcanine, F|\n|poke|p1|Floatzel, F|\n|poke|p1|Staraptor, F|\n|poke|p1|Garchomp, F|\n|poke|p2|Grimmsnarl, M|\n|poke|p2|Glimmora, F|\n|poke|p2|Arceus|\n|poke|p2|Arceus-Ground|\n|poke|p2|Koraidon|\n|poke|p2|Calyrex-Shadow|\n|teampreview\n|inactive|Battle timer is ON: inactive players will automatically lose when time's up. (requested by ChimeBliss)\n|\n|t:|1698786895\n|start\n|switch|p1a: Arcanine|Arcanine, F|100\/100\n|switch|p2a: Glimmora|Glimmora, F|100\/100\n|-ability|p1a: Arcanine|Intimidate|boost\n|-unboost|p2a: Glimmora|atk|1\n|turn|1\n|\n|t:|1698786902\n|switch|p1a: Floatzel|Floatzel, F|100\/100\n|move|p2a: Glimmora|Mud Shot|p1a: Floatzel\n|-damage|p1a: Floatzel|65\/100\n|-unboost|p1a: Floatzel|spe|1\n|\n|upkeep\n|turn|2\n|\n|t:|1698786909\n|move|p2a: Glimmora|Spikes|p1a: Floatzel\n|-sidestart|p1: Jorge-052|Spikes\n|move|p1a: Floatzel|Liquidation|p2a: Glimmora\n|-supereffective|p2a: Glimmora\n|-enditem|p2a: Glimmora|Focus Sash\n|-damage|p2a: Glimmora|1\/100\n|-unboost|p2a: Glimmora|def|1\n|-activate|p2a: Glimmora|ability: Toxic Debris\n|-sidestart|p1: Jorge-052|move: Toxic Spikes\n|\n|upkeep\n|turn|3\n|\n|t:|1698786925\n|move|p1a: Floatzel|Aqua Jet|p2a: Glimmora\n|-supereffective|p2a: Glimmora\n|-damage|p2a: Glimmora|0 fnt\n|-activate|p2a: Glimmora|ability: Toxic Debris\n|-sidestart|p1: Jorge-052|move: Toxic Spikes\n|faint|p2a: Glimmora\n|\n|upkeep\n|\n|t:|1698786930\n|switch|p2a: Calyrex|Calyrex-Shadow|100\/100\n|-ability|p2a: Calyrex|As One\n|-ability|p2a: Calyrex|Unnerve\n|turn|4\n|\n|t:|1698786936\n|move|p1a: Floatzel|Aqua Jet|p2a: Calyrex\n|-damage|p2a: Calyrex|83\/100\n|move|p2a: Calyrex|Astral Barrage|p1a: Floatzel\n|-damage|p1a: Floatzel|0 fnt\n|faint|p1a: Floatzel\n|-ability|p2a: Calyrex|Grim Neigh|boost\n|-boost|p2a: Calyrex|spa|1\n|\n|-heal|p2a: Calyrex|89\/100|[from] item: Leftovers\n|upkeep\n|\n|t:|1698786947\n|switch|p1a: Garchomp|Garchomp, F|100\/100\n|-damage|p1a: Garchomp|88\/100|[from] Spikes\n|-status|p1a: Garchomp|tox\n|turn|5\n|\n|t:|1698786957\n|move|p1a: Garchomp|Outrage|p2a: Calyrex\n|-damage|p2a: Calyrex|24\/100\n|move|p2a: Calyrex|Astral Barrage|p1a: Garchomp\n|-damage|p1a: Garchomp|0 fnt\n|faint|p1a: Garchomp\n|-ability|p2a: Calyrex|Grim Neigh|boost\n|-boost|p2a: Calyrex|spa|1\n|\n|-heal|p2a: Calyrex|30\/100|[from] item: Leftovers\n|upkeep\n|\n|t:|1698786967\n|switch|p1a: Gengar|Gengar, M|100\/100\n|-damage|p1a: Gengar|88\/100|[from] Spikes\n|-sideend|p1: Jorge-052|move: Toxic Spikes|[of] p1a: Gengar\n|turn|6\n|\n|t:|1698786977\n|switch|p1a: Staraptor|Staraptor, F|100\/100\n|-ability|p1a: Staraptor|Intimidate|boost\n|-unboost|p2a: Calyrex|atk|1\n|move|p2a: Calyrex|Astral Barrage|p1a: Staraptor\n|-immune|p1a: Staraptor\n|\n|-heal|p2a: Calyrex|36\/100|[from] item: Leftovers\n|upkeep\n|turn|7\n|\n|t:|1698786986\n|move|p2a: Calyrex|Draining Kiss|p1a: Staraptor\n|-damage|p1a: Staraptor|38\/100\n|-heal|p2a: Calyrex|75\/100|[from] drain|[of] p1a: Staraptor\n|move|p1a: Staraptor|Brave Bird|p2a: Calyrex\n|-crit|p2a: Calyrex\n|-damage|p2a: Calyrex|0 fnt\n|faint|p2a: Calyrex\n|-damage|p1a: Staraptor|9\/100|[from] Recoil\n|\n|-heal|p1a: Staraptor|15\/100|[from] item: Leftovers\n|upkeep\n|-message|Jorge-052 forfeited.\n|\n|win|ChimeBliss\n|raw|Jorge-052's rating: 1148 &rarr; <strong>1130<\/strong><br \/>(-18 for losing)\n|raw|ChimeBliss's rating: 1250 &rarr; <strong>1268<\/strong><br \/>(+18 for winning)\n|l|\u2606Jorge-052\n","uploadtime":1698787054,"views":7,"p1id":"jorge052","p2id":"chimebliss","formatid":"gen9anythinggoes","rating":1130,"private":0,"password":""}