{"id":"gen9anythinggoes-1984819945","p1":"GreedXD_98","p2":"jerry_g13","format":"[Gen 9] Anything Goes","log":"|j|\u2606GreedXD_98\n|j|\u2606jerry_g13\n|t:|1699301722\n|gametype|singles\n|player|p1|GreedXD_98|cyrus|1131\n|player|p2|jerry_g13|sabrina|1083\n|teamsize|p1|6\n|teamsize|p2|6\n|gen|9\n|tier|[Gen 9] Anything Goes\n|rated|\n|rule|HP Percentage Mod: HP is shown in percentages\n|rule|Endless Battle Clause: Forcing endless battles is banned\n|clearpoke\n|poke|p1|Skeledirge, M|\n|poke|p1|Salamence, M|\n|poke|p1|Charizard, M|\n|poke|p1|Dondozo, M|\n|poke|p1|Grimmsnarl, M|\n|poke|p1|Infernape, M|\n|poke|p2|Slowbro-Galar, M|\n|poke|p2|Slowpoke, F|\n|poke|p2|Slowbro, F|\n|poke|p2|Slowking, M|\n|poke|p2|Slowking-Galar, F|\n|poke|p2|Slowpoke-Galar, F|\n|teampreview\n|c|\u2606GreedXD_98|slow's?\n|\n|t:|1699301740\n|start\n|switch|p1a: Grimmsnarl|Grimmsnarl, M, shiny|100\/100\n|switch|p2a: Slowking|Slowking, M|100\/100\n|turn|1\n|c|\u2606jerry_g13|yeah\n|c|\u2606jerry_g13|i like them :)\n|\n|t:|1699301759\n|move|p1a: Grimmsnarl|Reflect|p1a: Grimmsnarl\n|-sidestart|p1: GreedXD_98|Reflect\n|move|p2a: Slowking|Light Screen|p2a: Slowking\n|-sidestart|p2: jerry_g13|move: Light Screen\n|\n|upkeep\n|turn|2\n|c|\u2606GreedXD_98|understandable\n|\n|t:|1699301772\n|move|p1a: Grimmsnarl|Light Screen|p1a: Grimmsnarl\n|-sidestart|p1: GreedXD_98|move: Light Screen\n|move|p2a: Slowking|Reflect|p2a: Slowking\n|-sidestart|p2: jerry_g13|Reflect\n|\n|upkeep\n|turn|3\n|\n|t:|1699301781\n|move|p1a: Grimmsnarl|Thunder Wave|p2a: Slowking|[miss]\n|-miss|p1a: Grimmsnarl|p2a: Slowking\n|move|p2a: Slowking|Trick Room|p2a: Slowking\n|-fieldstart|move: Trick Room|[of] p2a: Slowking\n|\n|upkeep\n|turn|4\n|\n|t:|1699301785\n|move|p1a: Grimmsnarl|Thunder Wave|p2a: Slowking|[miss]\n|-miss|p1a: Grimmsnarl|p2a: Slowking\n|move|p2a: Slowking|Chilly Reception|p2a: Slowking\n|-weather|Snow\n|inactive|Battle timer is ON: inactive players will automatically lose when time's up. (requested by jerry_g13)\n|\n|t:|1699301791\n|switch|p2a: Slowpoke|Slowpoke-Galar, F|100\/100|[from] Chilly Reception\n|\n|-weather|Snow|[upkeep]\n|upkeep\n|turn|5\n|\n|t:|1699301802\n|switch|p1a: Salamence|Salamence, M|100\/100\n|-ability|p1a: Salamence|Intimidate|boost\n|-unboost|p2a: Slowpoke|atk|1\n|move|p2a: Slowpoke|Disable||[still]\n|-fail|p2a: Slowpoke\n|\n|-weather|Snow|[upkeep]\n|upkeep\n|turn|6\n|\n|t:|1699301810\n|move|p2a: Slowpoke|Yawn|p1a: Salamence\n|-start|p1a: Salamence|move: Yawn|[of] p2a: Slowpoke\n|move|p1a: Salamence|Dragon Claw|p2a: Slowpoke\n|-damage|p2a: Slowpoke|79\/100\n|\n|-weather|Snow|[upkeep]\n|-heal|p2a: Slowpoke|86\/100|[from] item: Leftovers\n|upkeep\n|turn|7\n|\n|t:|1699301818\n|move|p2a: Slowpoke|Disable|p1a: Salamence\n|-start|p1a: Salamence|Disable|Dragon Claw\n|cant|p1a: Salamence|Disable|Dragon Claw\n|\n|-weather|Snow|[upkeep]\n|-heal|p2a: Slowpoke|92\/100|[from] item: Leftovers\n|-end|p1a: Salamence|move: Yawn|[silent]\n|-status|p1a: Salamence|slp\n|-fieldend|move: Trick Room\n|upkeep\n|turn|8\n|\n|t:|1699301846\n|switch|p1a: Charizard|Charizard, M|100\/100\n|switch|p2a: Slowbro|Slowbro-Galar, M|100\/100\n|\n|-weather|none\n|-sideend|p1: GreedXD_98|Reflect\n|-sideend|p2: jerry_g13|move: Light Screen\n|upkeep\n|turn|9\n|-activate|p1a: Charizard|item: Quick Claw\n|\n|t:|1699301853\n|move|p1a: Charizard|Acrobatics|p2a: Slowbro\n|-damage|p2a: Slowbro|91\/100\n|move|p2a: Slowbro|Belly Drum|p2a: Slowbro\n|-damage|p2a: Slowbro|41\/100\n|-setboost|p2a: Slowbro|atk|6|[from] move: Belly Drum\n|-enditem|p2a: Slowbro|Sitrus Berry|[eat]\n|-heal|p2a: Slowbro|66\/100|[from] item: Sitrus Berry\n|\n|-sideend|p2: jerry_g13|Reflect\n|-sideend|p1: GreedXD_98|move: Light Screen\n|upkeep\n|turn|10\n|\n|t:|1699301865\n|move|p1a: Charizard|Acrobatics|p2a: Slowbro\n|-damage|p2a: Slowbro|48\/100\n|move|p2a: Slowbro|Shell Side Arm|p1a: Charizard|[anim] Shell Side Arm Physical\n|-damage|p1a: Charizard|0 fnt\n|-hint|Physical Shell Side Arm\n|faint|p1a: Charizard\n|\n|upkeep\n|\n|t:|1699301877\n|switch|p1a: Dondozo|Dondozo, M|100\/100\n|turn|11\n|\n|t:|1699301882\n|-terastallize|p2a: Slowbro|Fighting\n|move|p1a: Dondozo|Outrage|p2a: Slowbro\n|-damage|p2a: Slowbro|11\/100\n|move|p2a: Slowbro|Drain Punch|p1a: Dondozo\n|-damage|p1a: Dondozo|80\/100\n|-heal|p2a: Slowbro|24\/100|[from] drain|[of] p1a: Dondozo\n|\n|upkeep\n|turn|12\n|\n|t:|1699301894\n|switch|p2a: Slowbro|Slowbro, F|100\/100\n|move|p1a: Dondozo|Outrage|p2a: Slowbro|[from]lockedmove\n|-damage|p2a: Slowbro|68\/100\n|\n|upkeep\n|turn|13\n|\n|t:|1699301920\n|move|p1a: Dondozo|Outrage|p2a: Slowbro|[from]lockedmove\n|-damage|p2a: Slowbro|39\/100\n|-start|p1a: Dondozo|confusion|[fatigue]\n|move|p2a: Slowbro|Future Sight|p1a: Dondozo\n|-start|p2a: Slowbro|move: Future Sight\n|\n|upkeep\n|turn|14\n|\n|t:|1699301929\n|switch|p2a: Slowking|Slowking, M|100\/100\n|-activate|p1a: Dondozo|confusion\n|move|p1a: Dondozo|Double-Edge|p2a: Slowking\n|-damage|p2a: Slowking|61\/100\n|-damage|p1a: Dondozo|70\/100|[from] Recoil\n|\n|upkeep\n|turn|15\n|inactive|GreedXD_98 has 120 seconds left.\n|\n|t:|1699301955\n|-activate|p1a: Dondozo|confusion\n|-damage|p1a: Dondozo|62\/100|[from] confusion\n|move|p2a: Slowking|Reflect|p2a: Slowking\n|-sidestart|p2: jerry_g13|Reflect\n|\n|-end|p1a: Dondozo|move: Future Sight\n|-damage|p1a: Dondozo|3\/100\n|upkeep\n|turn|16\n|\n|t:|1699301967\n|-activate|p1a: Dondozo|confusion\n|move|p1a: Dondozo|Heavy Slam|p2a: Slowking\n|-resisted|p2a: Slowking\n|-damage|p2a: Slowking|56\/100\n|move|p2a: Slowking|Light Screen|p2a: Slowking\n|-sidestart|p2: jerry_g13|move: Light Screen\n|\n|upkeep\n|turn|17\n|\n|t:|1699301974\n|-end|p1a: Dondozo|confusion\n|move|p1a: Dondozo|Double-Edge|p2a: Slowking\n|-damage|p2a: Slowking|36\/100\n|-damage|p1a: Dondozo|0 fnt|[from] Recoil\n|faint|p1a: Dondozo\n|move|p2a: Slowking|Trick Room|p2a: Slowking\n|-fieldstart|move: Trick Room|[of] p2a: Slowking\n|\n|upkeep\n|\n|t:|1699301983\n|switch|p1a: Skeledirge|Skeledirge, M|100\/100\n|turn|18\n|\n|t:|1699301986\n|-terastallize|p1a: Skeledirge|Ghost\n|move|p2a: Slowking|Chilly Reception|p2a: Slowking\n|-weather|Snow\n|\n|t:|1699301990\n|switch|p2a: Slowking|Slowking-Galar, F|100\/100|[from] Chilly Reception\n|move|p1a: Skeledirge|Shadow Ball|p2a: Slowking\n|-supereffective|p2a: Slowking\n|-damage|p2a: Slowking|52\/100\n|\n|-weather|Snow|[upkeep]\n|upkeep\n|turn|19\n|\n|t:|1699302002\n|move|p2a: Slowking|Calm Mind|p2a: Slowking\n|-boost|p2a: Slowking|spa|1\n|-boost|p2a: Slowking|spd|1\n|move|p1a: Skeledirge|Shadow Ball|p2a: Slowking\n|-supereffective|p2a: Slowking\n|-damage|p2a: Slowking|14\/100\n|\n|-weather|Snow|[upkeep]\n|upkeep\n|turn|20\n|\n|t:|1699302012\n|move|p2a: Slowking|Blizzard|p1a: Skeledirge\n|-damage|p1a: Skeledirge|37\/100\n|move|p1a: Skeledirge|Shadow Ball|p2a: Slowking\n|-supereffective|p2a: Slowking\n|-damage|p2a: Slowking|0 fnt\n|faint|p2a: Slowking\n|\n|-weather|Snow|[upkeep]\n|upkeep\n|\n|t:|1699302022\n|switch|p2a: Slowbro|Slowbro, F|72\/100\n|turn|21\n|\n|t:|1699302033\n|move|p2a: Slowbro|Scald|p1a: Skeledirge\n|-damage|p1a: Skeledirge|0 fnt\n|faint|p1a: Skeledirge\n|\n|-weather|Snow|[upkeep]\n|-fieldend|move: Trick Room\n|upkeep\n|\n|t:|1699302036\n|switch|p1a: Grimmsnarl|Grimmsnarl, M, shiny|100\/100\n|turn|22\n|\n|t:|1699302041\n|move|p1a: Grimmsnarl|Hammer Arm|p2a: Slowbro\n|-resisted|p2a: Slowbro\n|-damage|p2a: Slowbro|67\/100\n|-unboost|p1a: Grimmsnarl|spe|1\n|move|p2a: Slowbro|Flamethrower|p1a: Grimmsnarl\n|-damage|p1a: Grimmsnarl|78\/100\n|\n|-weather|none\n|-sideend|p2: jerry_g13|Reflect\n|upkeep\n|turn|23\n|\n|t:|1699302050\n|move|p1a: Grimmsnarl|Reflect|p1a: Grimmsnarl\n|-sidestart|p1: GreedXD_98|Reflect\n|move|p2a: Slowbro|Flamethrower|p1a: Grimmsnarl\n|-damage|p1a: Grimmsnarl|57\/100\n|\n|-sideend|p2: jerry_g13|move: Light Screen\n|upkeep\n|turn|24\n|\n|t:|1699302055\n|move|p1a: Grimmsnarl|Light Screen|p1a: Grimmsnarl\n|-sidestart|p1: GreedXD_98|move: Light Screen\n|move|p2a: Slowbro|Flamethrower|p1a: Grimmsnarl\n|-damage|p1a: Grimmsnarl|47\/100\n|\n|upkeep\n|turn|25\n|\n|t:|1699302063\n|switch|p2a: Slowking|Slowking, M|70\/100\n|move|p1a: Grimmsnarl|Thunder Wave|p2a: Slowking\n|-status|p2a: Slowking|par\n|\n|upkeep\n|turn|26\n|\n|t:|1699302069\n|switch|p1a: Infernape|Infernape, M|100\/100\n|cant|p2a: Slowking|par\n|\n|upkeep\n|turn|27\n|\n|t:|1699302074\n|move|p1a: Infernape|Close Combat|p2a: Slowking\n|-resisted|p2a: Slowking\n|-damage|p2a: Slowking|35\/100 par\n|-unboost|p1a: Infernape|def|1\n|-unboost|p1a: Infernape|spd|1\n|move|p2a: Slowking|Reflect|p2a: Slowking\n|-sidestart|p2: jerry_g13|Reflect\n|\n|upkeep\n|turn|28\n|\n|t:|1699302081\n|move|p1a: Infernape|Close Combat|p2a: Slowking\n|-resisted|p2a: Slowking\n|-damage|p2a: Slowking|20\/100 par\n|-unboost|p1a: Infernape|def|1\n|-unboost|p1a: Infernape|spd|1\n|move|p2a: Slowking|Trick Room|p2a: Slowking\n|-fieldstart|move: Trick Room|[of] p2a: Slowking\n|\n|upkeep\n|turn|29\n|\n|t:|1699302090\n|move|p2a: Slowking|Light Screen|p2a: Slowking\n|-sidestart|p2: jerry_g13|move: Light Screen\n|move|p1a: Infernape|Close Combat|p2a: Slowking\n|-resisted|p2a: Slowking\n|-damage|p2a: Slowking|4\/100 par\n|-unboost|p1a: Infernape|def|1\n|-unboost|p1a: Infernape|spd|1\n|\n|upkeep\n|turn|30\n|\n|t:|1699302096\n|move|p1a: Infernape|Mach Punch|p2a: Slowking\n|-resisted|p2a: Slowking\n|-damage|p2a: Slowking|0 fnt\n|faint|p2a: Slowking\n|\n|-sideend|p1: GreedXD_98|Reflect\n|upkeep\n|\n|t:|1699302105\n|switch|p2a: Slowpoke|Slowpoke, F|100\/100\n|turn|31\n|\n|t:|1699302110\n|move|p2a: Slowpoke|Curse|p2a: Slowpoke\n|-unboost|p2a: Slowpoke|spe|1\n|-boost|p2a: Slowpoke|atk|1\n|-boost|p2a: Slowpoke|def|1\n|move|p1a: Infernape|Raging Fury|p2a: Slowpoke\n|-resisted|p2a: Slowpoke\n|-damage|p2a: Slowpoke|96\/100\n|\n|-sideend|p1: GreedXD_98|move: Light Screen\n|upkeep\n|turn|32\n|\n|t:|1699302132\n|move|p2a: Slowpoke|Earthquake|p1a: Infernape\n|-supereffective|p1a: Infernape\n|-damage|p1a: Infernape|0 fnt\n|faint|p1a: Infernape\n|\n|-fieldend|move: Trick Room\n|upkeep\n|inactive|GreedXD_98 has 120 seconds left.\n|\n|t:|1699302160\n|switch|p1a: Grimmsnarl|Grimmsnarl, M, shiny|47\/100\n|turn|33\n|\n|t:|1699302167\n|move|p1a: Grimmsnarl|Reflect|p1a: Grimmsnarl\n|-sidestart|p1: GreedXD_98|Reflect\n|move|p2a: Slowpoke|Curse|p2a: Slowpoke\n|-unboost|p2a: Slowpoke|spe|1\n|-boost|p2a: Slowpoke|atk|1\n|-boost|p2a: Slowpoke|def|1\n|\n|upkeep\n|turn|34\n|\n|t:|1699302174\n|move|p1a: Grimmsnarl|Light Screen|p1a: Grimmsnarl\n|-sidestart|p1: GreedXD_98|move: Light Screen\n|move|p2a: Slowpoke|Curse|p2a: Slowpoke\n|-unboost|p2a: Slowpoke|spe|1\n|-boost|p2a: Slowpoke|atk|1\n|-boost|p2a: Slowpoke|def|1\n|\n|-sideend|p2: jerry_g13|Reflect\n|upkeep\n|turn|35\n|\n|t:|1699302182\n|move|p1a: Grimmsnarl|Hammer Arm|p2a: Slowpoke\n|-resisted|p2a: Slowpoke\n|-damage|p2a: Slowpoke|93\/100\n|-unboost|p1a: Grimmsnarl|spe|1\n|move|p2a: Slowpoke|Earthquake|p1a: Grimmsnarl\n|-damage|p1a: Grimmsnarl|21\/100\n|\n|upkeep\n|turn|36\n|\n|t:|1699302194\n|switch|p1a: Salamence|Salamence, M|100\/100 slp\n|-ability|p1a: Salamence|Intimidate|boost\n|-unboost|p2a: Slowpoke|atk|1\n|move|p2a: Slowpoke|Earthquake|p1a: Salamence\n|-immune|p1a: Salamence\n|\n|-sideend|p2: jerry_g13|move: Light Screen\n|upkeep\n|turn|37\n|\n|t:|1699302207\n|cant|p1a: Salamence|slp\n|move|p2a: Slowpoke|Zen Headbutt|p1a: Salamence\n|-damage|p1a: Salamence|75\/100 slp\n|\n|upkeep\n|turn|38\n|\n|t:|1699302223\n|-curestatus|p1a: Salamence|slp|[msg]\n|move|p1a: Salamence|Dragon Claw|p2a: Slowpoke\n|-damage|p2a: Slowpoke|80\/100\n|move|p2a: Slowpoke|Zen Headbutt|p1a: Salamence|[miss]\n|-miss|p2a: Slowpoke|p1a: Salamence\n|\n|upkeep\n|turn|39\n|\n|t:|1699302241\n|move|p1a: Salamence|Dragon Claw|p2a: Slowpoke\n|-damage|p2a: Slowpoke|68\/100\n|move|p2a: Slowpoke|Curse|p2a: Slowpoke\n|-unboost|p2a: Slowpoke|spe|1\n|-boost|p2a: Slowpoke|atk|1\n|-boost|p2a: Slowpoke|def|1\n|\n|upkeep\n|turn|40\n|inactive|GreedXD_98 has 120 seconds left.\n|\n|t:|1699302274\n|move|p1a: Salamence|Flamethrower|p2a: Slowpoke\n|-resisted|p2a: Slowpoke\n|-damage|p2a: Slowpoke|54\/100\n|move|p2a: Slowpoke|Slack Off|p2a: Slowpoke\n|-heal|p2a: Slowpoke|100\/100\n|\n|-sideend|p1: GreedXD_98|Reflect\n|upkeep\n|turn|41\n|inactive|GreedXD_98 has 120 seconds left.\n|\n|t:|1699302280\n|move|p1a: Salamence|Flamethrower|p2a: Slowpoke\n|-resisted|p2a: Slowpoke\n|-damage|p2a: Slowpoke|87\/100\n|move|p2a: Slowpoke|Zen Headbutt|p1a: Salamence\n|-damage|p1a: Salamence|13\/100\n|\n|-sideend|p1: GreedXD_98|move: Light Screen\n|upkeep\n|turn|42\n|\n|t:|1699302287\n|move|p1a: Salamence|Flamethrower|p2a: Slowpoke\n|-resisted|p2a: Slowpoke\n|-damage|p2a: Slowpoke|74\/100\n|-status|p2a: Slowpoke|brn\n|move|p2a: Slowpoke|Zen Headbutt|p1a: Salamence|[miss]\n|-miss|p2a: Slowpoke|p1a: Salamence\n|\n|-damage|p2a: Slowpoke|68\/100 brn|[from] brn\n|upkeep\n|turn|43\n|\n|t:|1699302297\n|move|p1a: Salamence|Flamethrower|p2a: Slowpoke\n|-resisted|p2a: Slowpoke\n|-damage|p2a: Slowpoke|55\/100 brn\n|move|p2a: Slowpoke|Zen Headbutt|p1a: Salamence\n|-damage|p1a: Salamence|0 fnt\n|faint|p1a: Salamence\n|\n|-damage|p2a: Slowpoke|49\/100 brn|[from] brn\n|upkeep\n|\n|t:|1699302305\n|switch|p1a: Grimmsnarl|Grimmsnarl, M, shiny|21\/100\n|turn|44\n|\n|t:|1699302309\n|move|p1a: Grimmsnarl|Hammer Arm|p2a: Slowpoke\n|-resisted|p2a: Slowpoke\n|-damage|p2a: Slowpoke|47\/100 brn\n|-unboost|p1a: Grimmsnarl|spe|1\n|move|p2a: Slowpoke|Earthquake|p1a: Grimmsnarl\n|-damage|p1a: Grimmsnarl|0 fnt\n|faint|p1a: Grimmsnarl\n|\n|win|jerry_g13\n|raw|GreedXD_98's rating: 1131 &rarr; <strong>1103<\/strong><br \/>(-28 for losing)\n|raw|jerry_g13's rating: 1083 &rarr; <strong>1114<\/strong><br \/>(+31 for winning)\n|l|\u2606GreedXD_98\n|c|\u2606jerry_g13|what do you think about my slows?\n","uploadtime":1699302323,"views":6,"p1id":"greedxd98","p2id":"jerryg13","formatid":"gen9anythinggoes","rating":1103,"private":0,"password":""}