{"id":"gen9anythinggoes-1994337133","p1":"trotman","p2":"LordEgg246","format":"[Gen 9] Anything Goes","log":"|j|\u2606trotman\n|j|\u203dLordEgg246\n|t:|1700432549\n|gametype|singles\n|player|p1|trotman|brycenman|1120\n|player|p2|LordEgg246|silver|1051\n|teamsize|p1|6\n|teamsize|p2|6\n|gen|9\n|tier|[Gen 9] Anything Goes\n|rated|\n|rule|HP Percentage Mod: HP is shown in percentages\n|rule|Endless Battle Clause: Forcing endless battles is banned\n|clearpoke\n|poke|p1|Ogerpon-Cornerstone, F|\n|poke|p1|Scream Tail|\n|poke|p1|Flutter Mane|\n|poke|p1|Amoonguss, M|\n|poke|p1|Cinderace, M|\n|poke|p1|Iron Bundle|\n|poke|p2|Electrode-Hisui|\n|poke|p2|Annihilape, M|\n|poke|p2|Volcarona, F|\n|poke|p2|Slaking, F|\n|poke|p2|Eelektross, F|\n|poke|p2|Cloyster, M|\n|teampreview\n|\n|t:|1700432560\n|start\n|switch|p1a: Amoonguss|Amoonguss, M, shiny|100\/100\n|switch|p2a: Electrode|Electrode-Hisui|100\/100\n|turn|1\n|\n|t:|1700432565\n|move|p2a: Electrode|Thunder Wave|p1a: Amoonguss|[miss]\n|-miss|p2a: Electrode|p1a: Amoonguss\n|move|p1a: Amoonguss|Clear Smog|p2a: Electrode\n|-supereffective|p2a: Electrode\n|-damage|p2a: Electrode|52\/100\n|-clearboost|p2a: Electrode\n|\n|upkeep\n|turn|2\n|\n|t:|1700432574\n|move|p2a: Electrode|Thunder Wave|p1a: Amoonguss\n|-status|p1a: Amoonguss|par\n|move|p1a: Amoonguss|Clear Smog|p2a: Electrode\n|-supereffective|p2a: Electrode\n|-damage|p2a: Electrode|7\/100\n|-clearboost|p2a: Electrode\n|\n|upkeep\n|turn|3\n|\n|t:|1700432582\n|move|p2a: Electrode|Leech Seed|p1a: Amoonguss\n|-immune|p1a: Amoonguss\n|move|p1a: Amoonguss|Foul Play|p2a: Electrode\n|-damage|p2a: Electrode|0 fnt\n|-damage|p1a: Amoonguss|75\/100 par|[from] ability: Aftermath|[of] p2a: Electrode\n|faint|p2a: Electrode\n|\n|-heal|p1a: Amoonguss|82\/100 par|[from] item: Black Sludge\n|upkeep\n|\n|t:|1700432589\n|switch|p2a: Eelektross|Eelektross, F|100\/100\n|turn|4\n|\n|t:|1700432595\n|move|p2a: Eelektross|Knock Off|p1a: Amoonguss\n|-damage|p1a: Amoonguss|50\/100 par\n|-enditem|p1a: Amoonguss|Black Sludge|[from] move: Knock Off|[of] p2a: Eelektross\n|move|p1a: Amoonguss|Spore|p2a: Eelektross\n|-status|p2a: Eelektross|slp|[from] move: Spore\n|\n|upkeep\n|turn|5\n|\n|t:|1700432611\n|switch|p1a: Cinderace|Cinderace, M, shiny|100\/100\n|cant|p2a: Eelektross|slp\n|\n|upkeep\n|turn|6\n|\n|t:|1700432617\n|move|p1a: Cinderace|Pyro Ball|p2a: Eelektross\n|-damage|p2a: Eelektross|32\/100 slp\n|cant|p2a: Eelektross|slp\n|\n|upkeep\n|turn|7\n|\n|t:|1700432630\n|switch|p2a: Slaking|Slaking, F|100\/100\n|move|p1a: Cinderace|U-turn|p2a: Slaking\n|-start|p1a: Cinderace|typechange|Bug|[from] ability: Libero\n|-damage|p2a: Slaking|75\/100\n|\n|t:|1700432639\n|switch|p1a: Amoonguss|Amoonguss, M, shiny|83\/100 par|[from] U-turn\n|\n|upkeep\n|turn|8\n|\n|t:|1700432646\n|move|p2a: Slaking|Giga Impact|p1a: Amoonguss\n|-damage|p1a: Amoonguss|0 fnt\n|-mustrecharge|p2a: Slaking\n|faint|p1a: Amoonguss\n|\n|upkeep\n|\n|t:|1700432654\n|switch|p1a: Ogerpon|Ogerpon-Cornerstone, F|100\/100\n|turn|9\n|\n|t:|1700432657\n|cant|p2a: Slaking|recharge\n|move|p1a: Ogerpon|Leech Seed|p2a: Slaking\n|-start|p2a: Slaking|move: Leech Seed\n|\n|-damage|p2a: Slaking|63\/100|[from] Leech Seed|[of] p1a: Ogerpon\n|upkeep\n|turn|10\n|\n|t:|1700432668\n|switch|p2a: Eelektross|Eelektross, F|32\/100 slp\n|move|p1a: Ogerpon|Spiky Shield||[still]\n|-fail|p1a: Ogerpon\n|\n|upkeep\n|turn|11\n|\n|t:|1700432673\n|move|p1a: Ogerpon|Horn Leech|p2a: Eelektross\n|-damage|p2a: Eelektross|0 fnt\n|faint|p2a: Eelektross\n|\n|upkeep\n|\n|t:|1700432679\n|switch|p2a: Volcarona|Volcarona, F|100\/100\n|turn|12\n|\n|t:|1700432685\n|switch|p1a: Scream Tail|Scream Tail, shiny|100\/100\n|move|p2a: Volcarona|Quiver Dance|p2a: Volcarona\n|-boost|p2a: Volcarona|spa|1\n|-boost|p2a: Volcarona|spd|1\n|-boost|p2a: Volcarona|spe|1\n|\n|upkeep\n|turn|13\n|\n|t:|1700432692\n|move|p2a: Volcarona|Quiver Dance|p2a: Volcarona\n|-boost|p2a: Volcarona|spa|1\n|-boost|p2a: Volcarona|spd|1\n|-boost|p2a: Volcarona|spe|1\n|move|p1a: Scream Tail|Perish Song|p1a: Scream Tail\n|-start|p1a: Scream Tail|perish3|[silent]\n|-start|p2a: Volcarona|perish3|[silent]\n|-fieldactivate|move: Perish Song\n|\n|-start|p2a: Volcarona|perish3\n|-start|p1a: Scream Tail|perish3\n|upkeep\n|turn|14\n|\n|t:|1700432702\n|move|p2a: Volcarona|Bug Buzz|p1a: Scream Tail\n|-damage|p1a: Scream Tail|51\/100\n|move|p1a: Scream Tail|Light Screen|p1a: Scream Tail\n|-sidestart|p1: trotman|move: Light Screen\n|\n|-start|p2a: Volcarona|perish2\n|-start|p1a: Scream Tail|perish2\n|upkeep\n|turn|15\n|\n|t:|1700432713\n|move|p2a: Volcarona|Bug Buzz|p1a: Scream Tail\n|-damage|p1a: Scream Tail|27\/100\n|move|p1a: Scream Tail|Reflect|p1a: Scream Tail\n|-sidestart|p1: trotman|Reflect\n|\n|-start|p2a: Volcarona|perish1\n|-start|p1a: Scream Tail|perish1\n|upkeep\n|turn|16\n|\n|t:|1700432740\n|switch|p2a: Cloyster|Cloyster, M|100\/100\n|-end|p1a: Scream Tail|Protosynthesis|[silent]\n|switch|p1a: Cinderace|Cinderace, M, shiny|100\/100\n|\n|upkeep\n|turn|17\n|\n|t:|1700432747\n|-terastallize|p2a: Cloyster|Water\n|move|p1a: Cinderace|Pyro Ball|p2a: Cloyster\n|-resisted|p2a: Cloyster\n|-damage|p2a: Cloyster|82\/100\n|move|p2a: Cloyster|Shell Smash|p2a: Cloyster\n|-unboost|p2a: Cloyster|def|1\n|-unboost|p2a: Cloyster|spd|1\n|-boost|p2a: Cloyster|atk|2\n|-boost|p2a: Cloyster|spa|2\n|-boost|p2a: Cloyster|spe|2\n|-enditem|p2a: Cloyster|White Herb\n|-clearnegativeboost|p2a: Cloyster|[silent]\n|\n|upkeep\n|turn|18\n|\n|t:|1700432769\n|move|p2a: Cloyster|Rock Blast|p1a: Cinderace\n|-supereffective|p1a: Cinderace\n|-damage|p1a: Cinderace|83\/100\n|-supereffective|p1a: Cinderace\n|-damage|p1a: Cinderace|67\/100\n|-supereffective|p1a: Cinderace\n|-damage|p1a: Cinderace|51\/100\n|-supereffective|p1a: Cinderace\n|-damage|p1a: Cinderace|36\/100\n|-supereffective|p1a: Cinderace\n|-damage|p1a: Cinderace|21\/100\n|-hitcount|p1a: Cinderace|5\n|move|p1a: Cinderace|U-turn|p2a: Cloyster\n|-start|p1a: Cinderace|typechange|Bug|[from] ability: Libero\n|-damage|p2a: Cloyster|58\/100\n|\n|t:|1700432785\n|switch|p1a: Flutter Mane|Flutter Mane, shiny|100\/100|[from] U-turn\n|-enditem|p1a: Flutter Mane|Booster Energy\n|-activate|p1a: Flutter Mane|ability: Protosynthesis|[fromitem]\n|-start|p1a: Flutter Mane|protosynthesisspe\n|\n|upkeep\n|turn|19\n|\n|t:|1700432813\n|move|p1a: Flutter Mane|Thunderbolt|p2a: Cloyster\n|-supereffective|p2a: Cloyster\n|-damage|p2a: Cloyster|0 fnt\n|faint|p2a: Cloyster\n|\n|upkeep\n|\n|t:|1700432821\n|switch|p2a: Volcarona|Volcarona, F|100\/100\n|turn|20\n|\n|t:|1700432825\n|move|p1a: Flutter Mane|Shadow Ball|p2a: Volcarona\n|-damage|p2a: Volcarona|59\/100\n|move|p2a: Volcarona|Quiver Dance|p2a: Volcarona\n|-boost|p2a: Volcarona|spa|1\n|-boost|p2a: Volcarona|spd|1\n|-boost|p2a: Volcarona|spe|1\n|\n|-heal|p2a: Volcarona|65\/100|[from] item: Leftovers\n|upkeep\n|turn|21\n|\n|t:|1700432834\n|move|p1a: Flutter Mane|Shadow Ball|p2a: Volcarona\n|-damage|p2a: Volcarona|38\/100\n|move|p2a: Volcarona|Quiver Dance|p2a: Volcarona\n|-boost|p2a: Volcarona|spa|1\n|-boost|p2a: Volcarona|spd|1\n|-boost|p2a: Volcarona|spe|1\n|\n|-heal|p2a: Volcarona|44\/100|[from] item: Leftovers\n|-sideend|p1: trotman|move: Light Screen\n|upkeep\n|turn|22\n|\n|t:|1700432851\n|-terastallize|p1a: Flutter Mane|Fire\n|move|p1a: Flutter Mane|Shadow Ball|p2a: Volcarona\n|-damage|p2a: Volcarona|25\/100\n|move|p2a: Volcarona|Psychic|p1a: Flutter Mane\n|-damage|p1a: Flutter Mane|34\/100\n|\n|-heal|p2a: Volcarona|31\/100|[from] item: Leftovers\n|-sideend|p1: trotman|Reflect\n|upkeep\n|turn|23\n|\n|t:|1700432859\n|move|p1a: Flutter Mane|Shadow Ball|p2a: Volcarona\n|-damage|p2a: Volcarona|11\/100\n|-unboost|p2a: Volcarona|spd|1\n|move|p2a: Volcarona|Psychic|p1a: Flutter Mane\n|-damage|p1a: Flutter Mane|0 fnt\n|faint|p1a: Flutter Mane\n|-end|p1a: Flutter Mane|Protosynthesis|[silent]\n|\n|-heal|p2a: Volcarona|18\/100|[from] item: Leftovers\n|upkeep\n|\n|t:|1700432880\n|switch|p1a: Cinderace|Cinderace, M, shiny|21\/100\n|turn|24\n|\n|t:|1700432887\n|move|p1a: Cinderace|Sucker Punch|p2a: Volcarona\n|-start|p1a: Cinderace|typechange|Dark|[from] ability: Libero\n|-damage|p2a: Volcarona|0 fnt\n|faint|p2a: Volcarona\n|\n|upkeep\n|\n|t:|1700432893\n|switch|p2a: Annihilape|Annihilape, M|100\/100\n|turn|25\n|\n|t:|1700432903\n|move|p1a: Cinderace|U-turn|p2a: Annihilape\n|-resisted|p2a: Annihilape\n|-damage|p2a: Annihilape|94\/100\n|\n|t:|1700432906\n|switch|p1a: Scream Tail|Scream Tail, shiny|27\/100|[from] U-turn\n|move|p2a: Annihilape|Encore||[still]\n|-fail|p2a: Annihilape\n|\n|-heal|p2a: Annihilape|99\/100|[from] item: Leftovers\n|upkeep\n|turn|26\n|\n|t:|1700432916\n|move|p2a: Annihilape|Bulk Up|p2a: Annihilape\n|-boost|p2a: Annihilape|atk|1\n|-boost|p2a: Annihilape|def|1\n|move|p1a: Scream Tail|Perish Song|p1a: Scream Tail\n|-start|p1a: Scream Tail|perish3|[silent]\n|-start|p2a: Annihilape|perish3|[silent]\n|-fieldactivate|move: Perish Song\n|\n|-heal|p2a: Annihilape|100\/100|[from] item: Leftovers\n|-start|p2a: Annihilape|perish3\n|-start|p1a: Scream Tail|perish3\n|upkeep\n|turn|27\n|\n|t:|1700432929\n|move|p2a: Annihilape|Rage Fist|p1a: Scream Tail\n|-supereffective|p1a: Scream Tail\n|-damage|p1a: Scream Tail|0 fnt\n|faint|p1a: Scream Tail\n|-end|p1a: Scream Tail|Protosynthesis|[silent]\n|\n|-start|p2a: Annihilape|perish2\n|upkeep\n|\n|t:|1700432946\n|switch|p1a: Ogerpon|Ogerpon-Cornerstone, F|100\/100\n|turn|28\n|\n|t:|1700432954\n|move|p1a: Ogerpon|Spiky Shield|p1a: Ogerpon\n|-singleturn|p1a: Ogerpon|move: Protect\n|move|p2a: Annihilape|Rage Fist|p1a: Ogerpon\n|-activate|p1a: Ogerpon|move: Protect\n|-damage|p2a: Annihilape|88\/100|[from] Spiky Shield|[of] p1a: Ogerpon\n|\n|-heal|p2a: Annihilape|94\/100|[from] item: Leftovers\n|-start|p2a: Annihilape|perish1\n|upkeep\n|turn|29\n|\n|t:|1700432964\n|switch|p2a: Slaking|Slaking, F|63\/100\n|move|p1a: Ogerpon|Leech Seed|p2a: Slaking\n|-start|p2a: Slaking|move: Leech Seed\n|\n|-damage|p2a: Slaking|50\/100|[from] Leech Seed|[of] p1a: Ogerpon\n|upkeep\n|turn|30\n|\n|t:|1700432979\n|move|p1a: Ogerpon|Spiky Shield|p1a: Ogerpon\n|-singleturn|p1a: Ogerpon|move: Protect\n|move|p2a: Slaking|Body Press|p1a: Ogerpon\n|-activate|p1a: Ogerpon|move: Protect\n|-damage|p2a: Slaking|38\/100|[from] Spiky Shield|[of] p1a: Ogerpon\n|\n|-damage|p2a: Slaking|25\/100|[from] Leech Seed|[of] p1a: Ogerpon\n|upkeep\n|turn|31\n|\n|t:|1700432994\n|switch|p2a: Annihilape|Annihilape, M|94\/100\n|switch|p1a: Cinderace|Cinderace, M, shiny|21\/100\n|\n|-heal|p2a: Annihilape|99\/100|[from] item: Leftovers\n|upkeep\n|turn|32\n|\n|t:|1700433003\n|move|p1a: Cinderace|Pyro Ball|p2a: Annihilape\n|-damage|p2a: Annihilape|34\/100\n|move|p2a: Annihilape|Bulk Up|p2a: Annihilape\n|-boost|p2a: Annihilape|atk|1\n|-boost|p2a: Annihilape|def|1\n|\n|-heal|p2a: Annihilape|40\/100|[from] item: Leftovers\n|upkeep\n|turn|33\n|\n|t:|1700433015\n|move|p1a: Cinderace|Pyro Ball|p2a: Annihilape\n|-damage|p2a: Annihilape|0 fnt\n|faint|p2a: Annihilape\n|\n|upkeep\n|\n|t:|1700433017\n|switch|p2a: Slaking|Slaking, F|25\/100\n|turn|34\n|c|\u2606trotman|gg\n|-message|LordEgg246 forfeited.\n|\n|win|trotman\n|raw|trotman's rating: 1120 &rarr; <strong>1140<\/strong><br \/>(+20 for winning)\n|raw|LordEgg246's rating: 1051 &rarr; <strong>1037<\/strong><br \/>(-14 for losing)\n|l|\u203dLordEgg246\n","uploadtime":1700433029,"views":8,"p1id":"trotman","p2id":"lordegg246","formatid":"gen9anythinggoes","rating":1037,"private":0,"password":""}