{"id":"gen9anythinggoes-1995249252","p1":"Joelangelo7","p2":"Revel64","format":"[Gen 9] Anything Goes","log":"|j|\u2606Joelangelo7\n|j|\u2606Revel64\n|t:|1700540029\n|gametype|singles\n|player|p1|Joelangelo7|hilbert-wonderlauncher|\n|player|p2|Revel64|dawn|\n|teamsize|p1|6\n|teamsize|p2|6\n|gen|9\n|tier|[Gen 9] Anything Goes\n|rule|HP Percentage Mod: HP is shown in percentages\n|rule|Endless Battle Clause: Forcing endless battles is banned\n|clearpoke\n|poke|p1|Snorlax, M|\n|poke|p1|Slowbro-Galar, M|\n|poke|p1|Chandelure, M|\n|poke|p1|Iron Treads|\n|poke|p1|Zapdos|\n|poke|p1|Azumarill, M|\n|poke|p2|Moltres|\n|poke|p2|Greninja-*, M|\n|poke|p2|Torterra, M|\n|poke|p2|Fezandipiti, M|\n|poke|p2|Regieleki|\n|poke|p2|Gholdengo|\n|teampreview\n|\n|t:|1700540037\n|start\n|switch|p1a: Chandelure|Chandelure, M, shiny|100\/100\n|switch|p2a: Fezandipiti|Fezandipiti, M|100\/100\n|turn|1\n|\n|t:|1700540049\n|switch|p1a: Slowbro|Slowbro-Galar, M, shiny|100\/100\n|move|p2a: Fezandipiti|Charm|p1a: Slowbro\n|-unboost|p1a: Slowbro|atk|2\n|\n|upkeep\n|turn|2\n|\n|t:|1700540059\n|move|p2a: Fezandipiti|Play Rough|p1a: Slowbro|[miss]\n|-miss|p2a: Fezandipiti|p1a: Slowbro\n|move|p1a: Slowbro|Yawn|p2a: Fezandipiti\n|-start|p2a: Fezandipiti|move: Yawn|[of] p1a: Slowbro\n|\n|upkeep\n|turn|3\n|\n|t:|1700540067\n|switch|p2a: Torterra|Torterra, M, shiny|100\/100\n|move|p1a: Slowbro|Shell Side Arm|p2a: Torterra|[anim] Shell Side Arm Special\n|-damage|p2a: Torterra|69\/100\n|-hint|Special Shell Side Arm\n|\n|-heal|p2a: Torterra|75\/100|[from] item: Leftovers\n|upkeep\n|turn|4\n|\n|t:|1700540080\n|move|p2a: Torterra|Leech Seed|p1a: Slowbro|[miss]\n|-miss|p2a: Torterra|p1a: Slowbro\n|move|p1a: Slowbro|Yawn|p2a: Torterra\n|-start|p2a: Torterra|move: Yawn|[of] p1a: Slowbro\n|\n|-heal|p2a: Torterra|81\/100|[from] item: Leftovers\n|upkeep\n|turn|5\n|inactive|Battle timer is ON: inactive players will automatically lose when time's up. (requested by Joelangelo7)\n|\n|t:|1700540125\n|switch|p2a: Greninja|Greninja, M, shiny|100\/100\n|move|p1a: Slowbro|Shell Side Arm|p2a: Greninja|[anim] Shell Side Arm Special\n|-damage|p2a: Greninja|37\/100\n|-hint|Special Shell Side Arm\n|\n|upkeep\n|turn|6\n|\n|t:|1700540134\n|move|p2a: Greninja|Dark Pulse|p1a: Slowbro\n|-start|p2a: Greninja|typechange|Dark|[from] ability: Protean\n|-supereffective|p1a: Slowbro\n|-damage|p1a: Slowbro|17\/100\n|move|p1a: Slowbro|Psychic|p2a: Greninja\n|-immune|p2a: Greninja\n|\n|-heal|p1a: Slowbro|23\/100|[from] item: Leftovers\n|upkeep\n|turn|7\n|\n|t:|1700540144\n|switch|p1a: Snorlax|Snorlax, M, shiny|100\/100\n|move|p2a: Greninja|Ice Beam|p1a: Snorlax\n|-crit|p1a: Snorlax\n|-damage|p1a: Snorlax|72\/100\n|\n|-heal|p1a: Snorlax|79\/100|[from] item: Leftovers\n|upkeep\n|turn|8\n|\n|t:|1700540172\n|move|p2a: Greninja|Dark Pulse|p1a: Snorlax\n|-damage|p1a: Snorlax|53\/100\n|move|p1a: Snorlax|Stockpile|p1a: Snorlax\n|-start|p1a: Snorlax|stockpile1\n|-boost|p1a: Snorlax|def|1\n|-boost|p1a: Snorlax|spd|1\n|\n|-heal|p1a: Snorlax|59\/100|[from] item: Leftovers\n|upkeep\n|turn|9\n|inactive|Revel64 has 270 seconds left.\n|\n|t:|1700540192\n|move|p2a: Greninja|Hydro Pump|p1a: Snorlax|[miss]\n|-miss|p2a: Greninja|p1a: Snorlax\n|move|p1a: Snorlax|Stockpile|p1a: Snorlax\n|-start|p1a: Snorlax|stockpile2\n|-boost|p1a: Snorlax|def|1\n|-boost|p1a: Snorlax|spd|1\n|\n|-heal|p1a: Snorlax|65\/100|[from] item: Leftovers\n|upkeep\n|turn|10\n|\n|t:|1700540196\n|move|p2a: Greninja|Ice Beam|p1a: Snorlax\n|-damage|p1a: Snorlax|56\/100\n|move|p1a: Snorlax|Stockpile|p1a: Snorlax\n|-start|p1a: Snorlax|stockpile3\n|-boost|p1a: Snorlax|def|1\n|-boost|p1a: Snorlax|spd|1\n|\n|-heal|p1a: Snorlax|62\/100|[from] item: Leftovers\n|upkeep\n|turn|11\n|inactive|Revel64 has 270 seconds left.\n|\n|t:|1700540225\n|move|p2a: Greninja|Ice Beam|p1a: Snorlax\n|-damage|p1a: Snorlax|55\/100\n|-status|p1a: Snorlax|frz\n|cant|p1a: Snorlax|frz\n|\n|-heal|p1a: Snorlax|61\/100 frz|[from] item: Leftovers\n|upkeep\n|turn|12\n|\n|t:|1700540235\n|move|p2a: Greninja|Toxic Spikes|p1a: Snorlax\n|-sidestart|p1: Joelangelo7|move: Toxic Spikes\n|cant|p1a: Snorlax|frz\n|\n|-heal|p1a: Snorlax|67\/100 frz|[from] item: Leftovers\n|upkeep\n|turn|13\n|inactive|Revel64 has 270 seconds left.\n|\n|t:|1700540263\n|move|p2a: Greninja|Toxic Spikes|p1a: Snorlax\n|-sidestart|p1: Joelangelo7|move: Toxic Spikes\n|-curestatus|p1a: Snorlax|frz|[msg]\n|move|p1a: Snorlax|Rest|p1a: Snorlax\n|-status|p1a: Snorlax|slp|[from] move: Rest\n|-heal|p1a: Snorlax|100\/100 slp|[silent]\n|\n|upkeep\n|turn|14\n|\n|t:|1700540269\n|move|p2a: Greninja|Hydro Pump|p1a: Snorlax\n|-damage|p1a: Snorlax|91\/100 slp\n|cant|p1a: Snorlax|slp\n|\n|-heal|p1a: Snorlax|97\/100 slp|[from] item: Leftovers\n|upkeep\n|turn|15\n|\n|t:|1700540277\n|switch|p2a: Gholdengo|Gholdengo, shiny|100\/100\n|cant|p1a: Snorlax|slp\n|\n|-heal|p1a: Snorlax|100\/100 slp|[from] item: Leftovers\n|upkeep\n|turn|16\n|\n|t:|1700540283\n|move|p2a: Gholdengo|Nasty Plot|p2a: Gholdengo\n|-boost|p2a: Gholdengo|spa|2\n|-curestatus|p1a: Snorlax|slp|[msg]\n|move|p1a: Snorlax|Body Slam|p2a: Gholdengo\n|-immune|p2a: Gholdengo\n|\n|upkeep\n|turn|17\n|inactive|Revel64 has 270 seconds left.\n|\n|t:|1700540300\n|move|p2a: Gholdengo|Make It Rain|p1a: Snorlax\n|-damage|p1a: Snorlax|58\/100\n|-unboost|p2a: Gholdengo|spa|1\n|-damage|p2a: Gholdengo|91\/100|[from] item: Life Orb\n|move|p1a: Snorlax|Crunch|p2a: Gholdengo\n|-supereffective|p2a: Gholdengo\n|-crit|p2a: Gholdengo\n|-damage|p2a: Gholdengo|8\/100\n|\n|-heal|p1a: Snorlax|64\/100|[from] item: Leftovers\n|upkeep\n|turn|18\n|\n|t:|1700540314\n|move|p2a: Gholdengo|Make It Rain|p1a: Snorlax\n|-damage|p1a: Snorlax|32\/100\n|-unboost|p2a: Gholdengo|spa|1\n|-damage|p2a: Gholdengo|0 fnt|[from] item: Life Orb\n|faint|p2a: Gholdengo\n|move|p1a: Snorlax|Crunch|p2: Gholdengo|[notarget]\n|-fail|p1a: Snorlax\n|\n|-heal|p1a: Snorlax|39\/100|[from] item: Leftovers\n|upkeep\n|\n|t:|1700540319\n|switch|p2a: Greninja|Greninja, M, shiny|37\/100\n|turn|19\n|\n|t:|1700540331\n|move|p2a: Greninja|Ice Beam|p1a: Snorlax\n|-start|p2a: Greninja|typechange|Ice|[from] ability: Protean\n|-damage|p1a: Snorlax|26\/100\n|move|p1a: Snorlax|Body Slam|p2a: Greninja\n|-damage|p2a: Greninja|0 fnt\n|faint|p2a: Greninja\n|\n|-heal|p1a: Snorlax|32\/100|[from] item: Leftovers\n|upkeep\n|\n|t:|1700540338\n|switch|p2a: Fezandipiti|Fezandipiti, M|100\/100\n|turn|20\n|\n|t:|1700540345\n|move|p2a: Fezandipiti|Play Rough|p1a: Snorlax\n|-damage|p1a: Snorlax|23\/100\n|move|p1a: Snorlax|Body Slam|p2a: Fezandipiti\n|-damage|p2a: Fezandipiti|64\/100\n|\n|-heal|p2a: Fezandipiti|70\/100|[from] item: Leftovers\n|-heal|p1a: Snorlax|29\/100|[from] item: Leftovers\n|upkeep\n|turn|21\n|\n|t:|1700540354\n|move|p2a: Fezandipiti|Poison Jab|p1a: Snorlax\n|-damage|p1a: Snorlax|21\/100\n|move|p1a: Snorlax|Body Slam|p2a: Fezandipiti\n|-damage|p2a: Fezandipiti|35\/100\n|\n|-heal|p2a: Fezandipiti|42\/100|[from] item: Leftovers\n|-heal|p1a: Snorlax|27\/100|[from] item: Leftovers\n|upkeep\n|turn|22\n|\n|t:|1700540363\n|move|p2a: Fezandipiti|Poison Jab|p1a: Snorlax\n|-damage|p1a: Snorlax|18\/100\n|move|p1a: Snorlax|Body Slam|p2a: Fezandipiti\n|-damage|p2a: Fezandipiti|4\/100\n|-status|p2a: Fezandipiti|par\n|\n|-heal|p2a: Fezandipiti|10\/100 par|[from] item: Leftovers\n|-heal|p1a: Snorlax|24\/100|[from] item: Leftovers\n|upkeep\n|turn|23\n|\n|t:|1700540370\n|move|p2a: Fezandipiti|Play Rough|p1a: Snorlax\n|-damage|p1a: Snorlax|15\/100\n|move|p1a: Snorlax|Body Slam|p2a: Fezandipiti\n|-damage|p2a: Fezandipiti|0 fnt\n|faint|p2a: Fezandipiti\n|\n|-heal|p1a: Snorlax|21\/100|[from] item: Leftovers\n|upkeep\n|inactive|Revel64 has 270 seconds left.\n|\n|t:|1700540405\n|switch|p2a: Regieleki|Regieleki, shiny|100\/100\n|turn|24\n|\n|t:|1700540412\n|move|p2a: Regieleki|Wild Charge|p1a: Snorlax\n|-damage|p1a: Snorlax|4\/100\n|-damage|p2a: Regieleki|94\/100|[from] Recoil\n|move|p1a: Snorlax|Rest|p1a: Snorlax\n|-status|p1a: Snorlax|slp|[from] move: Rest\n|-heal|p1a: Snorlax|100\/100 slp|[silent]\n|\n|upkeep\n|turn|25\n|inactive|Revel64 has 270 seconds left.\n|inactive|Revel64 has 240 seconds left.\n|\n|t:|1700540470\n|move|p2a: Regieleki|Wild Charge|p1a: Snorlax\n|-damage|p1a: Snorlax|85\/100 slp\n|-damage|p2a: Regieleki|87\/100|[from] Recoil\n|cant|p1a: Snorlax|slp\n|\n|-heal|p1a: Snorlax|91\/100 slp|[from] item: Leftovers\n|upkeep\n|turn|26\n|inactive|Revel64 has 240 seconds left.\n|\n|t:|1700540477\n|switch|p2a: Moltres|Moltres, shiny|100\/100\n|cant|p1a: Snorlax|slp\n|\n|-heal|p1a: Snorlax|97\/100 slp|[from] item: Leftovers\n|upkeep\n|turn|27\n|inactive|Revel64 has 240 seconds left.\n|\n|t:|1700540488\n|-terastallize|p2a: Moltres|Grass\n|move|p2a: Moltres|Tera Blast|p1a: Snorlax|[anim] Tera Blast Grass\n|-damage|p1a: Snorlax|86\/100 slp\n|-curestatus|p1a: Snorlax|slp|[msg]\n|move|p1a: Snorlax|Body Slam|p2a: Moltres\n|-damage|p2a: Moltres|59\/100\n|-status|p2a: Moltres|par\n|\n|-heal|p1a: Snorlax|93\/100|[from] item: Leftovers\n|upkeep\n|turn|28\n|inactive|Revel64 has 240 seconds left.\n|\n|t:|1700540498\n|cant|p2a: Moltres|par\n|move|p1a: Snorlax|Body Slam|p2a: Moltres\n|-damage|p2a: Moltres|16\/100 par\n|\n|-heal|p1a: Snorlax|99\/100|[from] item: Leftovers\n|upkeep\n|turn|29\n|\n|t:|1700540504\n|move|p2a: Moltres|Flamethrower|p1a: Snorlax\n|-damage|p1a: Snorlax|85\/100\n|move|p1a: Snorlax|Body Slam|p2a: Moltres\n|-damage|p2a: Moltres|0 fnt\n|-status|p1a: Snorlax|brn|[from] ability: Flame Body|[of] p2a: Moltres\n|faint|p2a: Moltres\n|\n|-heal|p1a: Snorlax|91\/100 brn|[from] item: Leftovers\n|-damage|p1a: Snorlax|85\/100 brn|[from] brn\n|upkeep\n|inactive|Revel64 has 240 seconds left.\n|\n|t:|1700540522\n|switch|p2a: Regieleki|Regieleki, shiny|87\/100\n|turn|30\n|\n|t:|1700540531\n|switch|p2a: Torterra|Torterra, M, shiny|81\/100\n|move|p1a: Snorlax|Body Slam|p2a: Torterra\n|-damage|p2a: Torterra|66\/100\n|\n|-heal|p2a: Torterra|72\/100|[from] item: Leftovers\n|-heal|p1a: Snorlax|91\/100 brn|[from] item: Leftovers\n|-damage|p1a: Snorlax|85\/100 brn|[from] brn\n|upkeep\n|turn|31\n|\n|t:|1700540543\n|move|p2a: Torterra|Earthquake|p1a: Snorlax\n|-damage|p1a: Snorlax|75\/100 brn\n|move|p1a: Snorlax|Rest|p1a: Snorlax\n|-status|p1a: Snorlax|slp|[from] move: Rest\n|-heal|p1a: Snorlax|100\/100 slp|[silent]\n|\n|-heal|p2a: Torterra|78\/100|[from] item: Leftovers\n|upkeep\n|turn|32\n|\n|t:|1700540548\n|move|p2a: Torterra|Leech Seed|p1a: Snorlax\n|-start|p1a: Snorlax|move: Leech Seed\n|cant|p1a: Snorlax|slp\n|\n|-heal|p2a: Torterra|84\/100|[from] item: Leftovers\n|-damage|p1a: Snorlax|88\/100 slp|[from] Leech Seed|[of] p2a: Torterra\n|-heal|p2a: Torterra|99\/100|[silent]\n|upkeep\n|turn|33\n|\n|t:|1700540557\n|move|p2a: Torterra|Seed Bomb|p1a: Snorlax\n|-damage|p1a: Snorlax|80\/100 slp\n|cant|p1a: Snorlax|slp\n|\n|-heal|p2a: Torterra|100\/100|[from] item: Leftovers\n|-heal|p1a: Snorlax|86\/100 slp|[from] item: Leftovers\n|-damage|p1a: Snorlax|73\/100 slp|[from] Leech Seed|[of] p2a: Torterra\n|upkeep\n|turn|34\n|\n|t:|1700540569\n|move|p2a: Torterra|Seed Bomb|p1a: Snorlax\n|-damage|p1a: Snorlax|65\/100 slp\n|-curestatus|p1a: Snorlax|slp|[msg]\n|move|p1a: Snorlax|Stockpile||[still]\n|-fail|p1a: Snorlax\n|\n|-heal|p1a: Snorlax|71\/100|[from] item: Leftovers\n|-damage|p1a: Snorlax|59\/100|[from] Leech Seed|[of] p2a: Torterra\n|upkeep\n|turn|35\n|\n|t:|1700540575\n|move|p2a: Torterra|Earthquake|p1a: Snorlax\n|-damage|p1a: Snorlax|49\/100\n|move|p1a: Snorlax|Stockpile||[still]\n|-fail|p1a: Snorlax\n|\n|-heal|p1a: Snorlax|55\/100|[from] item: Leftovers\n|-damage|p1a: Snorlax|42\/100|[from] Leech Seed|[of] p2a: Torterra\n|upkeep\n|turn|36\n|\n|t:|1700540595\n|move|p2a: Torterra|Seed Bomb|p1a: Snorlax\n|-damage|p1a: Snorlax|34\/100\n|move|p1a: Snorlax|Crunch|p2a: Torterra\n|-damage|p2a: Torterra|80\/100\n|\n|-heal|p2a: Torterra|87\/100|[from] item: Leftovers\n|-heal|p1a: Snorlax|40\/100|[from] item: Leftovers\n|-damage|p1a: Snorlax|28\/100|[from] Leech Seed|[of] p2a: Torterra\n|-heal|p2a: Torterra|100\/100|[silent]\n|upkeep\n|turn|37\n|\n|t:|1700540606\n|switch|p2a: Regieleki|Regieleki, shiny|87\/100\n|move|p1a: Snorlax|Crunch|p2a: Regieleki\n|-damage|p2a: Regieleki|40\/100\n|\n|-heal|p1a: Snorlax|34\/100|[from] item: Leftovers\n|-damage|p1a: Snorlax|21\/100|[from] Leech Seed|[of] p2a: Regieleki\n|-heal|p2a: Regieleki|60\/100|[silent]\n|upkeep\n|turn|38\n|\n|t:|1700540617\n|move|p2a: Regieleki|Explosion|p1a: Snorlax\n|-enditem|p2a: Regieleki|Normal Gem|[from] gem\n|-crit|p1a: Snorlax\n|-damage|p1a: Snorlax|0 fnt\n|faint|p2a: Regieleki\n|faint|p1a: Snorlax\n|\n|upkeep\n|\n|t:|1700540632\n|switch|p2a: Torterra|Torterra, M, shiny|100\/100\n|switch|p1a: Chandelure|Chandelure, M, shiny|100\/100\n|turn|39\n|\n|t:|1700540639\n|move|p1a: Chandelure|Shadow Ball|p2a: Torterra\n|-damage|p2a: Torterra|66\/100\n|move|p2a: Torterra|Earthquake|p1a: Chandelure\n|-supereffective|p1a: Chandelure\n|-damage|p1a: Chandelure|0 fnt\n|faint|p1a: Chandelure\n|\n|-heal|p2a: Torterra|72\/100|[from] item: Leftovers\n|upkeep\n|\n|t:|1700540648\n|switch|p1a: Slowbro|Slowbro-Galar, M, shiny|57\/100\n|-sideend|p1: Joelangelo7|move: Toxic Spikes|[of] p1a: Slowbro\n|turn|40\n|\n|t:|1700540665\n|move|p2a: Torterra|Earthquake|p1a: Slowbro\n|-supereffective|p1a: Slowbro\n|-damage|p1a: Slowbro|0 fnt\n|faint|p1a: Slowbro\n|\n|-heal|p2a: Torterra|78\/100|[from] item: Leftovers\n|upkeep\n|\n|t:|1700540670\n|switch|p1a: Zapdos|Zapdos, shiny|100\/100\n|turn|41\n|\n|t:|1700540678\n|move|p1a: Zapdos|Discharge|p2a: Torterra\n|-immune|p2a: Torterra\n|move|p2a: Torterra|Seed Bomb|p1a: Zapdos\n|-resisted|p1a: Zapdos\n|-damage|p1a: Zapdos|86\/100\n|\n|-heal|p2a: Torterra|84\/100|[from] item: Leftovers\n|upkeep\n|turn|42\n|\n|t:|1700540686\n|move|p1a: Zapdos|Volt Switch|p2a: Torterra\n|-immune|p2a: Torterra\n|move|p2a: Torterra|Iron Defense|p2a: Torterra\n|-boost|p2a: Torterra|def|2\n|\n|-heal|p2a: Torterra|90\/100|[from] item: Leftovers\n|upkeep\n|turn|43\n|\n|t:|1700540699\n|switch|p1a: Iron Treads|Iron Treads, shiny|100\/100\n|move|p2a: Torterra|Iron Defense|p2a: Torterra\n|-boost|p2a: Torterra|def|2\n|\n|-heal|p2a: Torterra|96\/100|[from] item: Leftovers\n|upkeep\n|turn|44\n|\n|t:|1700540719\n|move|p1a: Iron Treads|Stealth Rock|p2a: Torterra\n|-sidestart|p2: Revel64|move: Stealth Rock\n|move|p2a: Torterra|Iron Defense|p2a: Torterra\n|-boost|p2a: Torterra|def|2\n|\n|-heal|p2a: Torterra|100\/100|[from] item: Leftovers\n|upkeep\n|turn|45\n|\n|t:|1700540728\n|move|p1a: Iron Treads|Earthquake|p2a: Torterra\n|-resisted|p2a: Torterra\n|-damage|p2a: Torterra|96\/100\n|move|p2a: Torterra|Leech Seed|p1a: Iron Treads|[miss]\n|-miss|p2a: Torterra|p1a: Iron Treads\n|\n|-heal|p2a: Torterra|100\/100|[from] item: Leftovers\n|upkeep\n|turn|46\n|\n|t:|1700540736\n|move|p1a: Iron Treads|Iron Head|p2a: Torterra\n|-damage|p2a: Torterra|93\/100\n|move|p2a: Torterra|Earthquake|p1a: Iron Treads\n|-supereffective|p1a: Iron Treads\n|-damage|p1a: Iron Treads|40\/100\n|\n|-heal|p2a: Torterra|99\/100|[from] item: Leftovers\n|upkeep\n|turn|47\n|\n|t:|1700540746\n|-end|p1a: Iron Treads|Quark Drive|[silent]\n|switch|p1a: Azumarill|Azumarill, M, shiny|100\/100\n|move|p2a: Torterra|Earthquake|p1a: Azumarill\n|-damage|p1a: Azumarill|60\/100\n|\n|-heal|p2a: Torterra|100\/100|[from] item: Leftovers\n|upkeep\n|turn|48\n|\n|t:|1700540753\n|move|p2a: Torterra|Seed Bomb|p1a: Azumarill\n|-supereffective|p1a: Azumarill\n|-damage|p1a: Azumarill|0 fnt\n|faint|p1a: Azumarill\n|\n|upkeep\n|\n|t:|1700540756\n|switch|p1a: Iron Treads|Iron Treads, shiny|40\/100\n|turn|49\n|\n|t:|1700540762\n|move|p1a: Iron Treads|Earthquake|p2a: Torterra\n|-resisted|p2a: Torterra\n|-damage|p2a: Torterra|96\/100\n|move|p2a: Torterra|Seed Bomb|p1a: Iron Treads\n|-damage|p1a: Iron Treads|15\/100\n|\n|-heal|p2a: Torterra|100\/100|[from] item: Leftovers\n|upkeep\n|turn|50\n|raw|<div class=\"broadcast-red\"><b>The server is restarting soon.<\/b><br \/>Please finish your battles quickly. No new battles can be started until the server resets in a few minutes.<\/div>\n|inactive|staff also wants the timer to be on.\n|raw|<div class=\"broadcast-red\"><b>Moderated chat was set to +!<\/b><br \/>Only users of rank + and higher can talk.<\/div>\n|\n|t:|1700540771\n|move|p1a: Iron Treads|Earthquake|p2a: Torterra\n|-resisted|p2a: Torterra\n|-damage|p2a: Torterra|96\/100\n|move|p2a: Torterra|Seed Bomb|p1a: Iron Treads\n|-damage|p1a: Iron Treads|0 fnt\n|faint|p1a: Iron Treads\n|-end|p1a: Iron Treads|Quark Drive|[silent]\n|\n|-heal|p2a: Torterra|100\/100|[from] item: Leftovers\n|upkeep\n|\n|t:|1700540776\n|switch|p1a: Zapdos|Zapdos, shiny|86\/100\n|turn|51\n|\n|t:|1700540778\n|move|p1a: Zapdos|Discharge|p2a: Torterra\n|-immune|p2a: Torterra\n|move|p2a: Torterra|Leech Seed|p1a: Zapdos\n|-start|p1a: Zapdos|move: Leech Seed\n|\n|-damage|p1a: Zapdos|74\/100|[from] Leech Seed|[of] p2a: Torterra\n|upkeep\n|turn|52\n|\n|t:|1700540797\n|-terastallize|p1a: Zapdos|Grass\n|move|p1a: Zapdos|Discharge|p2a: Torterra\n|-immune|p2a: Torterra\n|move|p2a: Torterra|Seed Bomb|p1a: Zapdos\n|-resisted|p1a: Zapdos\n|-damage|p1a: Zapdos|59\/100\n|\n|-damage|p1a: Zapdos|46\/100|[from] Leech Seed|[of] p2a: Torterra\n|upkeep\n|turn|53\n|\n|t:|1700540808\n|move|p1a: Zapdos|Hurricane|p2a: Torterra|[miss]\n|-miss|p1a: Zapdos|p2a: Torterra\n|move|p2a: Torterra|Earthquake|p1a: Zapdos\n|-resisted|p1a: Zapdos\n|-damage|p1a: Zapdos|29\/100\n|\n|-damage|p1a: Zapdos|17\/100|[from] Leech Seed|[of] p2a: Torterra\n|upkeep\n|turn|54\n|\n|t:|1700540815\n|move|p1a: Zapdos|Hurricane|p2a: Torterra\n|-supereffective|p2a: Torterra\n|-damage|p2a: Torterra|16\/100\n|move|p2a: Torterra|Earthquake|p1a: Zapdos\n|-resisted|p1a: Zapdos\n|-damage|p1a: Zapdos|0 fnt\n|faint|p1a: Zapdos\n|\n|win|Revel64\n","uploadtime":1700540826,"views":2,"p1id":"joelangelo7","p2id":"revel64","formatid":"gen9anythinggoes","rating":0,"private":0,"password":""}