{"id":"gen9anythinggoes-1980556770","p1":"ChimeBliss","p2":"JakenDaKraken","format":"[Gen 9] Anything Goes","log":"|j|\u2606ChimeBliss\n|j|\u2606JakenDaKraken\n|t:|1698796993\n|gametype|singles\n|player|p1|ChimeBliss|dawn-gen4pt|1338\n|player|p2|JakenDaKraken|170|1248\n|teamsize|p1|6\n|teamsize|p2|6\n|gen|9\n|tier|[Gen 9] Anything Goes\n|rated|\n|rule|HP Percentage Mod: HP is shown in percentages\n|rule|Endless Battle Clause: Forcing endless battles is banned\n|clearpoke\n|poke|p1|Grimmsnarl, M|\n|poke|p1|Glimmora, M|\n|poke|p1|Arceus|\n|poke|p1|Arceus-Ground|\n|poke|p1|Koraidon|\n|poke|p1|Calyrex-Shadow|\n|poke|p2|Drifblim, F|\n|poke|p2|Maushold|\n|poke|p2|Maushold|\n|poke|p2|Dunsparce, M|\n|poke|p2|Maushold|\n|poke|p2|Maushold|\n|teampreview\n|inactive|Battle timer is ON: inactive players will automatically lose when time's up. (requested by ChimeBliss)\n|\n|t:|1698797001\n|start\n|switch|p1a: Glimmora|Glimmora, M|100\/100\n|switch|p2a: Drifblim|Drifblim, F|100\/100\n|turn|1\n|\n|t:|1698797004\n|move|p1a: Glimmora|Mortal Spin|p2a: Drifblim\n|-resisted|p2a: Drifblim\n|-damage|p2a: Drifblim|97\/100\n|-status|p2a: Drifblim|psn\n|move|p2a: Drifblim|Minimize|p2a: Drifblim\n|-boost|p2a: Drifblim|evasion|2\n|\n|-heal|p2a: Drifblim|100\/100 psn|[from] item: Leftovers\n|-damage|p2a: Drifblim|88\/100 psn|[from] psn\n|upkeep\n|turn|2\n|\n|t:|1698797011\n|move|p1a: Glimmora|Mortal Spin|p2a: Drifblim|[miss]\n|-miss|p1a: Glimmora|p2a: Drifblim\n|move|p2a: Drifblim|Minimize|p2a: Drifblim\n|-boost|p2a: Drifblim|evasion|2\n|\n|-heal|p2a: Drifblim|94\/100 psn|[from] item: Leftovers\n|-damage|p2a: Drifblim|82\/100 psn|[from] psn\n|upkeep\n|turn|3\n|\n|t:|1698797015\n|move|p1a: Glimmora|Mortal Spin|p2a: Drifblim\n|-resisted|p2a: Drifblim\n|-damage|p2a: Drifblim|78\/100 psn\n|move|p2a: Drifblim|Minimize|p2a: Drifblim\n|-boost|p2a: Drifblim|evasion|2\n|\n|-heal|p2a: Drifblim|84\/100 psn|[from] item: Leftovers\n|-damage|p2a: Drifblim|72\/100 psn|[from] psn\n|upkeep\n|turn|4\n|\n|t:|1698797018\n|move|p1a: Glimmora|Spikes|p2a: Drifblim\n|-sidestart|p2: JakenDaKraken|Spikes\n|move|p2a: Drifblim|Focus Energy|p2a: Drifblim\n|-start|p2a: Drifblim|move: Focus Energy\n|\n|-heal|p2a: Drifblim|78\/100 psn|[from] item: Leftovers\n|-damage|p2a: Drifblim|65\/100 psn|[from] psn\n|upkeep\n|turn|5\n|\n|t:|1698797021\n|move|p1a: Glimmora|Spikes|p2a: Drifblim\n|-sidestart|p2: JakenDaKraken|Spikes\n|move|p2a: Drifblim|Baton Pass|p2a: Drifblim\n|\n|t:|1698797024\n|switch|p2a: Dunsparce|Dunsparce, M|100\/100|[from] Baton Pass\n|-damage|p2a: Dunsparce|84\/100|[from] Spikes\n|\n|-heal|p2a: Dunsparce|90\/100|[from] item: Leftovers\n|upkeep\n|turn|6\n|\n|t:|1698797026\n|move|p1a: Glimmora|Mortal Spin|p2a: Dunsparce\n|-damage|p2a: Dunsparce|84\/100\n|-status|p2a: Dunsparce|psn\n|move|p2a: Dunsparce|Coil|p2a: Dunsparce\n|-boost|p2a: Dunsparce|atk|1\n|-boost|p2a: Dunsparce|def|1\n|-boost|p2a: Dunsparce|accuracy|1\n|\n|-heal|p2a: Dunsparce|90\/100 psn|[from] item: Leftovers\n|-damage|p2a: Dunsparce|77\/100 psn|[from] psn\n|upkeep\n|turn|7\n|\n|t:|1698797033\n|move|p1a: Glimmora|Mud Shot|p2a: Dunsparce|[miss]\n|-miss|p1a: Glimmora|p2a: Dunsparce\n|move|p2a: Dunsparce|Coil|p2a: Dunsparce\n|-boost|p2a: Dunsparce|atk|1\n|-boost|p2a: Dunsparce|def|1\n|-boost|p2a: Dunsparce|accuracy|1\n|\n|-heal|p2a: Dunsparce|84\/100 psn|[from] item: Leftovers\n|-damage|p2a: Dunsparce|71\/100 psn|[from] psn\n|upkeep\n|turn|8\n|\n|t:|1698797040\n|move|p1a: Glimmora|Mud Shot|p2a: Dunsparce|[miss]\n|-miss|p1a: Glimmora|p2a: Dunsparce\n|move|p2a: Dunsparce|Baton Pass|p2a: Dunsparce\n|\n|t:|1698797044\n|switch|p2a: Maushold|Maushold|100\/100|[from] Baton Pass\n|\n|upkeep\n|turn|9\n|c|\u2606JakenDaKraken|!weakness glimmora\n|c| JakenDaKraken|\/raw <div class=\"infobox\">Glimmora (ignoring abilities):<br \/><span class=\"message-effect-weak\">Weaknesses<\/span>: <b>Ground<\/b>, Psychic, Steel, Water<br \/><span class=\"message-effect-resist\">Resistances<\/span>: Bug, Fairy, Fire, Flying, Normal, <b>Poison<\/b><br \/><span class=\"message-effect-immune\">Immunities<\/span>: Sandstorm damage, Toxic<\/div>\n|\n|t:|1698797059\n|-terastallize|p1a: Glimmora|Ghost\n|move|p2a: Maushold|Play Rough|p1a: Glimmora\n|-damage|p1a: Glimmora|47\/100\n|-activate|p1a: Glimmora|ability: Toxic Debris\n|-sidestart|p2: JakenDaKraken|move: Toxic Spikes\n|move|p1a: Glimmora|Mortal Spin|p2a: Maushold|[miss]\n|-miss|p1a: Glimmora|p2a: Maushold\n|\n|upkeep\n|turn|10\n|\n|t:|1698797063\n|move|p2a: Maushold|Play Rough|p1a: Glimmora\n|-crit|p1a: Glimmora\n|-damage|p1a: Glimmora|0 fnt\n|-activate|p1a: Glimmora|ability: Toxic Debris\n|-sidestart|p2: JakenDaKraken|move: Toxic Spikes\n|faint|p1a: Glimmora\n|\n|upkeep\n|\n|t:|1698797071\n|switch|p1a: Grimmsnarl|Grimmsnarl, M|100\/100\n|turn|11\n|\n|t:|1698797074\n|move|p1a: Grimmsnarl|Reflect|p1a: Grimmsnarl\n|-sidestart|p1: ChimeBliss|Reflect\n|move|p2a: Maushold|Tidy Up|p2a: Maushold\n|-sideend|p2: JakenDaKraken|Spikes\n|-sideend|p2: JakenDaKraken|Toxic Spikes\n|-activate|p2a: Maushold|move: Tidy Up\n|-boost|p2a: Maushold|atk|1\n|-boost|p2a: Maushold|spe|1\n|\n|upkeep\n|turn|12\n|\n|t:|1698797081\n|move|p2a: Maushold|Tidy Up|p2a: Maushold\n|-boost|p2a: Maushold|atk|1\n|-boost|p2a: Maushold|spe|1\n|move|p1a: Grimmsnarl|Spirit Break|p2a: Maushold|[miss]\n|-miss|p1a: Grimmsnarl|p2a: Maushold\n|\n|upkeep\n|turn|13\n|\n|t:|1698797083\n|move|p2a: Maushold|Population Bomb|p1a: Grimmsnarl\n|-crit|p1a: Grimmsnarl\n|-damage|p1a: Grimmsnarl|42\/100\n|-damage|p1a: Grimmsnarl|21\/100\n|-damage|p1a: Grimmsnarl|2\/100\n|-crit|p1a: Grimmsnarl\n|-damage|p1a: Grimmsnarl|0 fnt\n|faint|p1a: Grimmsnarl\n|-hitcount|p1: Grimmsnarl|4\n|\n|upkeep\n|\n|t:|1698797093\n|switch|p1a: Calyrex|Calyrex-Shadow|100\/100\n|-ability|p1a: Calyrex|As One\n|-ability|p1a: Calyrex|Unnerve\n|turn|14\n|\n|t:|1698797096\n|move|p2a: Maushold|Population Bomb|p1a: Calyrex\n|-immune|p1a: Calyrex\n|move|p1a: Calyrex|Nasty Plot|p1a: Calyrex\n|-boost|p1a: Calyrex|spa|2\n|\n|upkeep\n|turn|15\n|c|\u2606JakenDaKraken|!weakness calyrex\n|c| JakenDaKraken|\/raw <div class=\"infobox\">Calyrex (ignoring abilities):<br \/><span class=\"message-effect-weak\">Weaknesses<\/span>: <b>Bug<\/b>, Dark, Fire, Flying, Ghost, Ice, Poison<br \/><span class=\"message-effect-resist\">Resistances<\/span>: Electric, Fighting, Grass, Ground, Psychic, Water<br \/><span class=\"message-effect-immune\">Immunities<\/span>: Powder moves<\/div>\n|\n|t:|1698797114\n|move|p2a: Maushold|Play Rough|p1a: Calyrex\n|-damage|p1a: Calyrex|70\/100\n|move|p1a: Calyrex|Nasty Plot|p1a: Calyrex\n|-boost|p1a: Calyrex|spa|2\n|\n|-heal|p1a: Calyrex|76\/100|[from] item: Leftovers\n|upkeep\n|turn|16\n|\n|t:|1698797118\n|move|p2a: Maushold|Aerial Ace|p1a: Calyrex\n|-damage|p1a: Calyrex|44\/100\n|move|p1a: Calyrex|Draining Kiss|p2a: Maushold\n|-damage|p2a: Maushold|17\/100\n|-heal|p1a: Calyrex|91\/100|[from] drain|[of] p2a: Maushold\n|\n|-heal|p1a: Calyrex|97\/100|[from] item: Leftovers\n|upkeep\n|turn|17\n|l|\u2606JakenDaKraken\n|inactive|JakenDaKraken disconnected and has a minute to reconnect!\n|player|p2|\n|inactive|JakenDaKraken has 30 seconds to reconnect!\n|inactive|JakenDaKraken has 20 seconds to reconnect!\n|inactive|JakenDaKraken has 15 seconds to reconnect!\n|inactive|JakenDaKraken has 10 seconds to reconnect!\n|inactive|JakenDaKraken has 5 seconds to reconnect!\n|-message|JakenDaKraken lost due to inactivity.\n|\n|win|ChimeBliss\n|raw|ChimeBliss's rating: 1338 &rarr; <strong>1353<\/strong><br \/>(+15 for winning)\n|raw|JakenDaKraken's rating: 1248 &rarr; <strong>1229<\/strong><br \/>(-19 for losing)\n","uploadtime":1698797182,"views":6,"p1id":"chimebliss","p2id":"jakendakraken","formatid":"gen9anythinggoes","rating":1229,"private":0,"password":""}