{"id":"gen9anythinggoes-1991373631","p1":"Kaito890w","p2":"CartierJr","format":"[Gen 9] Anything Goes","log":"|j|\u2606Kaito890w\n|j|\u2606CartierJr\n|t:|1700071750\n|gametype|singles\n|player|p1|Kaito890w|elesa|1263\n|player|p2|CartierJr|backpacker|1260\n|teamsize|p1|6\n|teamsize|p2|6\n|gen|9\n|tier|[Gen 9] Anything Goes\n|rated|\n|rule|HP Percentage Mod: HP is shown in percentages\n|rule|Endless Battle Clause: Forcing endless battles is banned\n|clearpoke\n|poke|p1|Mimikyu, F|\n|poke|p1|Polteageist|\n|poke|p1|Gengar, M|\n|poke|p1|Flutter Mane|\n|poke|p1|Sableye, M|\n|poke|p1|Basculegion, M|\n|poke|p2|Ursaluna, M|\n|poke|p2|Maushold|\n|poke|p2|Arboliva, F|\n|poke|p2|Staraptor, M|\n|poke|p2|Ditto|\n|poke|p2|Farigiraf, F|\n|teampreview\n|\n|t:|1700071768\n|start\n|switch|p1a: Ketoru|Polteageist, shiny|100\/100\n|switch|p2a: Maushold|Maushold|100\/100\n|turn|1\n|inactive|Battle timer is ON: inactive players will automatically lose when time's up. (requested by CartierJr)\n|\n|t:|1700071783\n|move|p2a: Maushold|Tidy Up|p2a: Maushold\n|-boost|p2a: Maushold|atk|1\n|-boost|p2a: Maushold|spe|1\n|move|p1a: Ketoru|Shell Smash|p1a: Ketoru\n|-unboost|p1a: Ketoru|def|1\n|-unboost|p1a: Ketoru|spd|1\n|-boost|p1a: Ketoru|atk|2\n|-boost|p1a: Ketoru|spa|2\n|-boost|p1a: Ketoru|spe|2\n|\n|upkeep\n|turn|2\n|\n|t:|1700071794\n|move|p1a: Ketoru|Shell Smash|p1a: Ketoru\n|-unboost|p1a: Ketoru|def|1\n|-unboost|p1a: Ketoru|spd|1\n|-boost|p1a: Ketoru|atk|2\n|-boost|p1a: Ketoru|spa|2\n|-boost|p1a: Ketoru|spe|2\n|move|p2a: Maushold|Beat Up|p1a: Ketoru\n|-supereffective|p1a: Ketoru\n|-damage|p1a: Ketoru|42\/100\n|-ability|p1a: Ketoru|Weak Armor|boost\n|-unboost|p1a: Ketoru|def|1\n|-boost|p1a: Ketoru|spe|2\n|-supereffective|p1a: Ketoru\n|-damage|p1a: Ketoru|0 fnt\n|faint|p1a: Ketoru\n|-hitcount|p1: Ketoru|2\n|\n|upkeep\n|\n|t:|1700071811\n|switch|p1a: Kyu|Mimikyu, F, shiny|100\/100\n|turn|3\n|\n|t:|1700071824\n|move|p2a: Maushold|Bullet Seed|p1a: Kyu\n|-activate|p1a: Kyu|ability: Disguise\n|-damage|p1a: Kyu|100\/100\n|detailschange|p1a: Kyu|Mimikyu-Busted, F, shiny\n|-damage|p1a: Kyu|88\/100|[from] pokemon: Mimikyu-Busted\n|-damage|p1a: Kyu|64\/100\n|-damage|p1a: Kyu|39\/100\n|-damage|p1a: Kyu|16\/100\n|-damage|p1a: Kyu|0 fnt\n|faint|p1a: Kyu\n|-hitcount|p1: Kyu|5\n|\n|upkeep\n|\n|t:|1700071837\n|switch|p1a: Hayate|Flutter Mane, shiny|100\/100\n|-enditem|p1a: Hayate|Booster Energy\n|-activate|p1a: Hayate|ability: Protosynthesis|[fromitem]\n|-start|p1a: Hayate|protosynthesisspe\n|turn|4\n|\n|t:|1700071850\n|move|p1a: Hayate|Moonblast|p2a: Maushold\n|-damage|p2a: Maushold|26\/100\n|move|p2a: Maushold|Bullet Seed|p1a: Hayate\n|-damage|p1a: Hayate|66\/100\n|-damage|p1a: Hayate|30\/100\n|-damage|p1a: Hayate|0 fnt\n|faint|p1a: Hayate\n|-end|p1a: Hayate|Protosynthesis|[silent]\n|-hitcount|p1: Hayate|3\n|\n|upkeep\n|\n|t:|1700071861\n|switch|p1a: Hiroki|Gengar, M, shiny|100\/100\n|-item|p1a: Hiroki|Air Balloon\n|turn|5\n|\n|t:|1700071868\n|move|p2a: Maushold|Beat Up|p1a: Hiroki\n|-supereffective|p1a: Hiroki\n|-damage|p1a: Hiroki|71\/100\n|-enditem|p1a: Hiroki|Air Balloon\n|-supereffective|p1a: Hiroki\n|-damage|p1a: Hiroki|29\/100\n|-start|p2a: Maushold|Disable|Beat Up|[from] ability: Cursed Body|[of] p1a: Hiroki\n|-supereffective|p1a: Hiroki\n|-damage|p1a: Hiroki|2\/100\n|-supereffective|p1a: Hiroki\n|-damage|p1a: Hiroki|0 fnt\n|faint|p1a: Hiroki\n|-hitcount|p1: Hiroki|4\n|\n|upkeep\n|\n|t:|1700071882\n|switch|p1a: H\u014dseki|Sableye, M, shiny|100\/100\n|turn|6\n|c|\u2606CartierJr|Full ghost vs Full normal\n|inactive|Kaito890w has 120 seconds left.\n|\n|t:|1700071903\n|move|p1a: H\u014dseki|Detect|p1a: H\u014dseki\n|-singleturn|p1a: H\u014dseki|Protect\n|move|p2a: Maushold|Bullet Seed|p1a: H\u014dseki\n|-activate|p1a: H\u014dseki|move: Protect\n|\n|upkeep\n|turn|7\n|inactive|Kaito890w has 120 seconds left.\n|\n|t:|1700071923\n|move|p2a: Maushold|Bullet Seed|p1a: H\u014dseki\n|-damage|p1a: H\u014dseki|86\/100\n|-damage|p1a: H\u014dseki|69\/100\n|-damage|p1a: H\u014dseki|54\/100\n|-damage|p1a: H\u014dseki|37\/100\n|-hitcount|p1a: H\u014dseki|4\n|move|p1a: H\u014dseki|Foul Play|p2a: Maushold\n|-damage|p2a: Maushold|0 fnt\n|faint|p2a: Maushold\n|\n|upkeep\n|\n|t:|1700071938\n|switch|p2a: Staraptor|Staraptor, M|100\/100\n|turn|8\n|inactive|Kaito890w has 120 seconds left.\n|l|\u2606Kaito890w\n|inactive|Kaito890w disconnected and has a minute to reconnect!\n|player|p1|\n|j|\u2606Kaito890w\n|inactive|Kaito890w reconnected and has 115 seconds left.\n|player|p1|Kaito890w|elesa\n|\n|t:|1700071950\n|move|p1a: H\u014dseki|Rain Dance|p1a: H\u014dseki\n|-weather|RainDance\n|move|p2a: Staraptor|U-turn|p1a: H\u014dseki\n|-damage|p1a: H\u014dseki|10\/100\n|\n|t:|1700071958\n|switch|p2a: Arboliva|Arboliva, F, shiny|100\/100|[from] U-turn\n|\n|-weather|RainDance|[upkeep]\n|upkeep\n|turn|9\n|\n|t:|1700071968\n|move|p1a: H\u014dseki|Foul Play|p2a: Arboliva\n|-damage|p2a: Arboliva|88\/100\n|-fieldstart|move: Grassy Terrain|[from] ability: Seed Sower|[of] p2a: Arboliva\n|move|p2a: Arboliva|Giga Drain|p1a: H\u014dseki\n|-damage|p1a: H\u014dseki|0 fnt\n|-heal|p2a: Arboliva|92\/100|[from] drain|[of] p1a: H\u014dseki\n|faint|p1a: H\u014dseki\n|\n|-weather|RainDance|[upkeep]\n|-heal|p2a: Arboliva|98\/100|[from] Grassy Terrain\n|-heal|p2a: Arboliva|100\/100|[from] item: Leftovers\n|upkeep\n|inactive|Kaito890w has 120 seconds left.\n|\n|t:|1700071982\n|switch|p1a: Murasaki|Basculegion, M, shiny|100\/100\n|turn|10\n|\n|t:|1700071991\n|move|p1a: Murasaki|Psychic Fangs|p2a: Arboliva\n|-damage|p2a: Arboliva|81\/100\n|move|p2a: Arboliva|Giga Drain|p1a: Murasaki\n|-supereffective|p1a: Murasaki\n|-damage|p1a: Murasaki|41\/100\n|-heal|p2a: Arboliva|100\/100|[from] drain|[of] p1a: Murasaki\n|\n|-weather|RainDance|[upkeep]\n|-heal|p1a: Murasaki|47\/100|[from] Grassy Terrain\n|upkeep\n|turn|11\n|\n|t:|1700072004\n|-terastallize|p1a: Murasaki|Water\n|move|p1a: Murasaki|Wave Crash|p2a: Arboliva\n|-resisted|p2a: Arboliva\n|-damage|p2a: Arboliva|62\/100\n|-damage|p1a: Murasaki|35\/100|[from] Recoil\n|move|p2a: Arboliva|Giga Drain|p1a: Murasaki\n|-supereffective|p1a: Murasaki\n|-damage|p1a: Murasaki|0 fnt\n|-heal|p2a: Arboliva|80\/100|[from] drain|[of] p1a: Murasaki\n|faint|p1a: Murasaki\n|\n|win|CartierJr\n|raw|Kaito890w's rating: 1263 &rarr; <strong>1238<\/strong><br \/>(-25 for losing)\n|raw|CartierJr's rating: 1260 &rarr; <strong>1285<\/strong><br \/>(+25 for winning)\n|l|\u2606Kaito890w\n","uploadtime":1700072024,"views":5,"p1id":"kaito890w","p2id":"cartierjr","formatid":"gen9anythinggoes","rating":1238,"private":0,"password":""}