{"id":"gen9anythinggoes-1986884688","p1":"Celentinel","p2":"taiyakitory","format":"[Gen 9] Anything Goes","log":"|j|\u2606Celentinel\n|j|\u2606taiyakitory\n|t:|1699537684\n|gametype|singles\n|player|p1|Celentinel|102|1211\n|player|p2|taiyakitory|2|1167\n|teamsize|p1|6\n|teamsize|p2|6\n|gen|9\n|tier|[Gen 9] Anything Goes\n|rated|\n|rule|HP Percentage Mod: HP is shown in percentages\n|rule|Endless Battle Clause: Forcing endless battles is banned\n|clearpoke\n|poke|p1|Glimmora, F|\n|poke|p1|Basculegion, M|\n|poke|p1|Pelipper, F|\n|poke|p1|Rabsca, M|\n|poke|p1|Krookodile, M|\n|poke|p1|Calyrex-Shadow|\n|poke|p2|Calyrex-Shadow|\n|poke|p2|Indeedee-F, F|\n|poke|p2|Ursaluna-Bloodmoon, M|\n|poke|p2|Chi-Yu|\n|poke|p2|Arceus|\n|poke|p2|Vaporeon, M|\n|teampreview\n|inactive|Battle timer is ON: inactive players will automatically lose when time's up. (requested by Celentinel)\n|\n|t:|1699537713\n|start\n|switch|p1a: Glimmora|Glimmora, F, shiny|100\/100\n|switch|p2a: Ursaluna|Ursaluna-Bloodmoon, M|100\/100\n|turn|1\n|\n|t:|1699537730\n|move|p1a: Glimmora|Stealth Rock|p2a: Ursaluna\n|-sidestart|p2: taiyakitory|move: Stealth Rock\n|move|p2a: Ursaluna|Blood Moon|p1a: Glimmora\n|-resisted|p1a: Glimmora\n|-damage|p1a: Glimmora|66\/100\n|\n|upkeep\n|turn|2\n|\n|t:|1699537747\n|move|p1a: Glimmora|Spikes|p2a: Ursaluna\n|-sidestart|p2: taiyakitory|Spikes\n|move|p2a: Ursaluna|Earth Power|p1a: Glimmora\n|-supereffective|p1a: Glimmora\n|-damage|p1a: Glimmora|0 fnt\n|faint|p1a: Glimmora\n|\n|upkeep\n|inactive|Celentinel has 120 seconds left.\n|\n|t:|1699537789\n|switch|p1a: Calyrex|Calyrex-Shadow|100\/100\n|-ability|p1a: Calyrex|As One\n|-ability|p1a: Calyrex|Unnerve\n|turn|3\n|\n|t:|1699537808\n|move|p1a: Calyrex|Energy Ball|p2a: Ursaluna\n|-supereffective|p2a: Ursaluna\n|-damage|p2a: Ursaluna|13\/100\n|move|p2a: Ursaluna|Blood Moon|p1a: Calyrex\n|-damage|p1a: Calyrex|18\/100\n|\n|upkeep\n|turn|4\n|\n|t:|1699537821\n|move|p2a: Ursaluna|Vacuum Wave|p1a: Calyrex\n|-resisted|p1a: Calyrex\n|-damage|p1a: Calyrex|10\/100\n|move|p1a: Calyrex|Energy Ball|p2a: Ursaluna\n|-supereffective|p2a: Ursaluna\n|-damage|p2a: Ursaluna|0 fnt\n|faint|p2a: Ursaluna\n|-ability|p1a: Calyrex|Grim Neigh|boost\n|-boost|p1a: Calyrex|spa|1\n|\n|upkeep\n|\n|t:|1699537837\n|switch|p2a: Indeedee|Indeedee-F, F|100\/100\n|-damage|p2a: Indeedee|88\/100|[from] Stealth Rock\n|-damage|p2a: Indeedee|76\/100|[from] Spikes\n|-fieldstart|move: Psychic Terrain|[from] ability: Psychic Surge|[of] p2a: Indeedee\n|turn|5\n|\n|t:|1699537853\n|switch|p1a: Krookodile|Krookodile, M, shiny|100\/100\n|move|p2a: Indeedee|Dazzling Gleam|p1a: Krookodile\n|-supereffective|p1a: Krookodile\n|-damage|p1a: Krookodile|42\/100\n|\n|upkeep\n|turn|6\n|\n|t:|1699537870\n|-terastallize|p1a: Krookodile|Dragon\n|move|p1a: Krookodile|Scale Shot|p2a: Indeedee\n|-damage|p2a: Indeedee|55\/100\n|-damage|p2a: Indeedee|36\/100\n|-damage|p2a: Indeedee|15\/100\n|-damage|p2a: Indeedee|0 fnt\n|faint|p2a: Indeedee\n|-ability|p1a: Krookodile|Moxie|boost\n|-boost|p1a: Krookodile|atk|1\n|-hitcount|p2: Indeedee|4\n|-unboost|p1a: Krookodile|def|1\n|-boost|p1a: Krookodile|spe|1\n|\n|upkeep\n|inactive|taiyakitory has 120 seconds left.\n|\n|t:|1699537885\n|switch|p2a: Chi-Yu|Chi-Yu|100\/100\n|-damage|p2a: Chi-Yu|76\/100|[from] Stealth Rock\n|-damage|p2a: Chi-Yu|63\/100|[from] Spikes\n|-ability|p2a: Chi-Yu|Beads of Ruin\n|turn|7\n|\n|t:|1699537905\n|move|p2a: Chi-Yu|Dark Pulse|p1a: Krookodile\n|-damage|p1a: Krookodile|0 fnt\n|faint|p1a: Krookodile\n|\n|upkeep\n|c|\u2606Celentinel|That's not faster\n|inactive|Celentinel has 90 seconds left.\n|\n|t:|1699537925\n|switch|p1a: Calyrex|Calyrex-Shadow|10\/100\n|-ability|p1a: Calyrex|As One\n|-ability|p1a: Calyrex|Unnerve\n|turn|8\n|inactive|Celentinel has 90 seconds left.\n|\n|t:|1699537942\n|move|p2a: Chi-Yu|Dark Pulse|p1a: Calyrex\n|-supereffective|p1a: Calyrex\n|-damage|p1a: Calyrex|0 fnt\n|faint|p1a: Calyrex\n|\n|upkeep\n|c|\u2606Celentinel|Hello?\n|inactive|Celentinel has 60 seconds left.\n|\n|t:|1699537983\n|switch|p1a: Rabsca|Rabsca, M, shiny|100\/100\n|turn|9\n|\n|t:|1699537990\n|move|p2a: Chi-Yu|Dark Pulse|p1a: Rabsca\n|-supereffective|p1a: Rabsca\n|-damage|p1a: Rabsca|0 fnt\n|faint|p1a: Rabsca\n|\n|-fieldend|move: Psychic Terrain\n|upkeep\n|\n|t:|1699537996\n|switch|p1a: Pelipper|Pelipper, F, shiny|100\/100\n|-weather|RainDance|[from] ability: Drizzle|[of] p1a: Pelipper\n|turn|10\n|\n|t:|1699538008\n|move|p2a: Chi-Yu|Dark Pulse|p1a: Pelipper\n|-damage|p1a: Pelipper|24\/100\n|cant|p1a: Pelipper|flinch\n|\n|-weather|RainDance|[upkeep]\n|upkeep\n|turn|11\n|n|!Celentinel|celentinel\n|\n|t:|1699538024\n|move|p2a: Chi-Yu|Dark Pulse|p1a: Pelipper\n|-damage|p1a: Pelipper|0 fnt\n|faint|p1a: Pelipper\n|\n|-weather|RainDance|[upkeep]\n|upkeep\n|\n|t:|1699538028\n|switch|p1a: Basculegion|Basculegion, M, shiny|100\/100\n|turn|12\n|\n|t:|1699538034\n|move|p1a: Basculegion|Last Respects|p2a: Chi-Yu\n|-resisted|p2a: Chi-Yu\n|-damage|p2a: Chi-Yu|0 fnt\n|faint|p2a: Chi-Yu\n|\n|-weather|RainDance|[upkeep]\n|upkeep\n|\n|t:|1699538051\n|switch|p2a: Arceus|Arceus|100\/100\n|-damage|p2a: Arceus|88\/100|[from] Stealth Rock\n|-damage|p2a: Arceus|76\/100|[from] Spikes\n|turn|13\n|-message|Celentinel forfeited.\n|\n|win|taiyakitory\n|raw|Celentinel's rating: 1211 &rarr; <strong>1183<\/strong><br \/>(-28 for losing)\n|raw|taiyakitory's rating: 1167 &rarr; <strong>1195<\/strong><br \/>(+28 for winning)\n|l|!Celentinel\n","uploadtime":1699538015,"views":4,"p1id":"celentinel","p2id":"taiyakitory","formatid":"gen9anythinggoes","rating":1183,"private":0,"password":""}