{"id":"gen9anythinggoes-1987519143","p1":"Krazy_Lian","p2":"MrMimeIsMrKetchum","format":"[Gen 9] Anything Goes","log":"|j|\u2606Krazy_Lian\n|j|\u2606MrMimeIsMrKetchum\n|t:|1699605515\n|gametype|singles\n|player|p1|Krazy_Lian|harlequin|1070\n|player|p2|MrMimeIsMrKetchum|swimmerf-gen4|1003\n|teamsize|p1|6\n|teamsize|p2|1\n|gen|9\n|tier|[Gen 9] Anything Goes\n|rated|\n|rule|HP Percentage Mod: HP is shown in percentages\n|rule|Endless Battle Clause: Forcing endless battles is banned\n|clearpoke\n|poke|p1|Sableye, M|\n|poke|p1|Grafaiai, M|\n|poke|p1|Gogoat, M|\n|poke|p1|Slither Wing|\n|poke|p1|Garganacl, F|\n|poke|p1|Gliscor, M|\n|poke|p2|Scovillain, M|\n|teampreview\n|inactive|Battle timer is ON: inactive players will automatically lose when time's up. (requested by MrMimeIsMrKetchum)\n|\n|t:|1699605525\n|start\n|switch|p1a: Akran|Gliscor, M|100\/100\n|switch|p2a: Scovillain|Scovillain, M, shiny|100\/100\n|turn|1\n|\n|t:|1699605534\n|-terastallize|p2a: Scovillain|Fire\n|move|p2a: Scovillain|Leech Seed|p1a: Akran\n|-start|p1a: Akran|move: Leech Seed\n|move|p1a: Akran|Swords Dance|p1a: Akran\n|-boost|p1a: Akran|atk|2\n|\n|-damage|p1a: Akran|88\/100|[from] Leech Seed|[of] p2a: Scovillain\n|-ability|p2a: Scovillain|Moody|boost\n|-boost|p2a: Scovillain|spe|2\n|-unboost|p2a: Scovillain|spa|1\n|-status|p1a: Akran|tox|[from] item: Toxic Orb\n|upkeep\n|turn|2\n|\n|t:|1699605540\n|move|p2a: Scovillain|Substitute|p2a: Scovillain\n|-start|p2a: Scovillain|Substitute\n|-damage|p2a: Scovillain|76\/100\n|move|p1a: Akran|Swords Dance|p1a: Akran\n|-boost|p1a: Akran|atk|2\n|\n|-heal|p2a: Scovillain|82\/100|[from] item: Leftovers\n|-damage|p1a: Akran|75\/100 tox|[from] Leech Seed|[of] p2a: Scovillain\n|-heal|p2a: Scovillain|95\/100|[silent]\n|-heal|p1a: Akran|88\/100 tox|[from] ability: Poison Heal\n|-ability|p2a: Scovillain|Moody|boost\n|-boost|p2a: Scovillain|spa|2\n|-unboost|p2a: Scovillain|spd|1\n|upkeep\n|turn|3\n|\n|t:|1699605547\n|move|p2a: Scovillain|Flamethrower|p1a: Akran\n|-damage|p1a: Akran|23\/100 tox\n|move|p1a: Akran|Swords Dance|p1a: Akran\n|-boost|p1a: Akran|atk|2\n|\n|-heal|p2a: Scovillain|100\/100|[from] item: Leftovers\n|-damage|p1a: Akran|10\/100 tox|[from] Leech Seed|[of] p2a: Scovillain\n|-heal|p1a: Akran|23\/100 tox|[from] ability: Poison Heal\n|-ability|p2a: Scovillain|Moody|boost\n|-boost|p2a: Scovillain|def|2\n|-unboost|p2a: Scovillain|spe|1\n|upkeep\n|turn|4\n|\n|t:|1699605559\n|-terastallize|p1a: Akran|Dragon\n|move|p2a: Scovillain|Flamethrower|p1a: Akran\n|-resisted|p1a: Akran\n|-damage|p1a: Akran|0 fnt\n|faint|p1a: Akran\n|\n|-ability|p2a: Scovillain|Moody|boost\n|-boost|p2a: Scovillain|spe|2\n|-unboost|p2a: Scovillain|atk|1\n|upkeep\n|\n|t:|1699605569\n|switch|p1a: Salty|Garganacl, F|100\/100\n|turn|5\n|c|\u2606Krazy_Lian|Amazing\n|\n|t:|1699605588\n|move|p2a: Scovillain|Leech Seed|p1a: Salty\n|-start|p1a: Salty|move: Leech Seed\n|move|p1a: Salty|Salt Cure|p2a: Scovillain\n|-supereffective|p2a: Scovillain\n|-activate|p2a: Scovillain|move: Substitute|[damage]\n|\n|-damage|p1a: Salty|88\/100|[from] Leech Seed|[of] p2a: Scovillain\n|-ability|p2a: Scovillain|Moody|boost\n|-boost|p2a: Scovillain|def|2\n|-unboost|p2a: Scovillain|spe|1\n|upkeep\n|turn|6\n|\n|t:|1699605596\n|move|p2a: Scovillain|Protect|p2a: Scovillain\n|-singleturn|p2a: Scovillain|Protect\n|move|p1a: Salty|Salt Cure|p2a: Scovillain\n|-activate|p2a: Scovillain|move: Protect\n|\n|-heal|p1a: Salty|94\/100|[from] item: Leftovers\n|-damage|p1a: Salty|82\/100|[from] Leech Seed|[of] p2a: Scovillain\n|-ability|p2a: Scovillain|Moody|boost\n|-boost|p2a: Scovillain|atk|2\n|-unboost|p2a: Scovillain|spe|1\n|upkeep\n|turn|7\n|c|\u2606MrMimeIsMrKetchum|:D:\n|c|\u2606MrMimeIsMrKetchum|:D\n|\n|t:|1699605611\n|move|p2a: Scovillain|Flamethrower|p1a: Salty\n|-resisted|p1a: Salty\n|-damage|p1a: Salty|55\/100\n|move|p1a: Salty|Salt Cure|p2a: Scovillain\n|-supereffective|p2a: Scovillain\n|-end|p2a: Scovillain|Substitute\n|\n|-heal|p1a: Salty|61\/100|[from] item: Leftovers\n|-damage|p1a: Salty|49\/100|[from] Leech Seed|[of] p2a: Scovillain\n|-ability|p2a: Scovillain|Moody|boost\n|-boost|p2a: Scovillain|spa|2\n|-unboost|p2a: Scovillain|def|1\n|upkeep\n|turn|8\n|\n|t:|1699605628\n|move|p2a: Scovillain|Substitute|p2a: Scovillain\n|-start|p2a: Scovillain|Substitute\n|-damage|p2a: Scovillain|76\/100\n|move|p1a: Salty|Salt Cure|p2a: Scovillain\n|-supereffective|p2a: Scovillain\n|-activate|p2a: Scovillain|move: Substitute|[damage]\n|\n|-heal|p2a: Scovillain|82\/100|[from] item: Leftovers\n|-heal|p1a: Salty|55\/100|[from] item: Leftovers\n|-damage|p1a: Salty|43\/100|[from] Leech Seed|[of] p2a: Scovillain\n|-heal|p2a: Scovillain|97\/100|[silent]\n|-ability|p2a: Scovillain|Moody|boost\n|-boost|p2a: Scovillain|spd|2\n|-unboost|p2a: Scovillain|atk|1\n|upkeep\n|turn|9\n|\n|t:|1699605636\n|move|p2a: Scovillain|Protect|p2a: Scovillain\n|-singleturn|p2a: Scovillain|Protect\n|move|p1a: Salty|Recover|p1a: Salty\n|-heal|p1a: Salty|93\/100\n|\n|-heal|p2a: Scovillain|100\/100|[from] item: Leftovers\n|-heal|p1a: Salty|99\/100|[from] item: Leftovers\n|-damage|p1a: Salty|86\/100|[from] Leech Seed|[of] p2a: Scovillain\n|-ability|p2a: Scovillain|Moody|boost\n|-boost|p2a: Scovillain|spd|2\n|-unboost|p2a: Scovillain|def|1\n|upkeep\n|turn|10\n|c|\u2606Krazy_Lian|You got this battle\n|c|\u2606Krazy_Lian|very cool strategy\n|c|\u2606MrMimeIsMrKetchum|thanks :D\n|c|\u2606Krazy_Lian|;D\n|\n|t:|1699605665\n|move|p2a: Scovillain|Flamethrower|p1a: Salty\n|-resisted|p1a: Salty\n|-damage|p1a: Salty|43\/100\n|move|p1a: Salty|Iron Defense|p1a: Salty\n|-boost|p1a: Salty|def|2\n|\n|-heal|p1a: Salty|49\/100|[from] item: Leftovers\n|-damage|p1a: Salty|37\/100|[from] Leech Seed|[of] p2a: Scovillain\n|-ability|p2a: Scovillain|Moody|boost\n|-boost|p2a: Scovillain|spd|2\n|-unboost|p2a: Scovillain|atk|1\n|upkeep\n|turn|11\n|\n|t:|1699605674\n|move|p2a: Scovillain|Flamethrower|p1a: Salty\n|-resisted|p1a: Salty\n|-damage|p1a: Salty|0 fnt\n|faint|p1a: Salty\n|\n|-ability|p2a: Scovillain|Moody|boost\n|-boost|p2a: Scovillain|spd|1\n|-unboost|p2a: Scovillain|spa|1\n|upkeep\n|\n|t:|1699605678\n|switch|p1a: Tyron|Sableye, M|100\/100\n|turn|12\n|\n|t:|1699605682\n|move|p2a: Scovillain|Flamethrower|p1a: Tyron\n|-damage|p1a: Tyron|0 fnt\n|faint|p1a: Tyron\n|\n|-ability|p2a: Scovillain|Moody|boost\n|-boost|p2a: Scovillain|spa|2\n|-unboost|p2a: Scovillain|atk|1\n|upkeep\n|\n|t:|1699605685\n|switch|p1a: Dankell|Grafaiai, M|100\/100\n|turn|13\n|\n|t:|1699605688\n|move|p2a: Scovillain|Flamethrower|p1a: Dankell\n|-damage|p1a: Dankell|0 fnt\n|faint|p1a: Dankell\n|\n|-ability|p2a: Scovillain|Moody|boost\n|-boost|p2a: Scovillain|def|2\n|-unboost|p2a: Scovillain|spd|1\n|upkeep\n|\n|t:|1699605691\n|switch|p1a: Yugo|Gogoat, M|100\/100\n|turn|14\n|\n|t:|1699605694\n|move|p2a: Scovillain|Flamethrower|p1a: Yugo\n|-supereffective|p1a: Yugo\n|-damage|p1a: Yugo|0 fnt\n|faint|p1a: Yugo\n|\n|-ability|p2a: Scovillain|Moody|boost\n|-boost|p2a: Scovillain|atk|2\n|-unboost|p2a: Scovillain|spd|1\n|upkeep\n|\n|t:|1699605697\n|switch|p1a: Mothi|Slither Wing, shiny|100\/100\n|turn|15\n|\n|t:|1699605700\n|move|p2a: Scovillain|Flamethrower|p1a: Mothi\n|-supereffective|p1a: Mothi\n|-damage|p1a: Mothi|0 fnt\n|faint|p1a: Mothi\n|-end|p1a: Mothi|Protosynthesis|[silent]\n|\n|win|MrMimeIsMrKetchum\n|raw|Krazy_Lian's rating: 1070 &rarr; <strong>1046<\/strong><br \/>(-24 for losing)\n|raw|MrMimeIsMrKetchum's rating: 1003 &rarr; <strong>1050<\/strong><br \/>(+47 for winning)\n|c|\u2606MrMimeIsMrKetchum|gg\n|c|\u2606Krazy_Lian|So funny hahaha\n|c|\u2606Krazy_Lian|gg\n|c|\u2606MrMimeIsMrKetchum|:)\n","uploadtime":1699605740,"views":4,"p1id":"krazylian","p2id":"mrmimeismrketchum","formatid":"gen9anythinggoes","rating":1046,"private":0,"password":""}