{"id":"gen9anythinggoes-1988730415","p1":"Brothybear","p2":"Mrbeegamer1","format":"[Gen 9] Anything Goes","log":"|j|\u2606Brothybear\n|j|\u2606Mrbeegamer1\n|t:|1699755880\n|gametype|singles\n|player|p1|Brothybear|eusine|1140\n|player|p2|Mrbeegamer1|lucas|1224\n|teamsize|p1|6\n|teamsize|p2|6\n|gen|9\n|tier|[Gen 9] Anything Goes\n|rated|\n|rule|HP Percentage Mod: HP is shown in percentages\n|rule|Endless Battle Clause: Forcing endless battles is banned\n|clearpoke\n|poke|p1|Ditto|\n|poke|p1|Ditto|\n|poke|p1|Ditto|\n|poke|p1|Ditto|\n|poke|p1|Ditto|\n|poke|p1|Ambipom, M|\n|poke|p2|Maushold-Four|\n|poke|p2|Cloyster, M|\n|poke|p2|Annihilape, M|\n|poke|p2|Ogerpon-Hearthflame, F|\n|poke|p2|Ursaluna-Bloodmoon, M|\n|poke|p2|Dipplin, M|\n|teampreview\n|inactive|Battle timer is ON: inactive players will automatically lose when time's up. (requested by Brothybear)\n|inactive|Mrbeegamer1 has 120 seconds left.\n|c|\u2606Mrbeegamer1|Ditto?\n|c|\u2606Mrbeegamer1|Ok\n|c|\u2606Brothybear|Yea\n|\n|t:|1699755928\n|start\n|switch|p1a: Guy Fawkes|Ditto|100\/100\n|switch|p2a: Freddy Fazbear|Ursaluna-Bloodmoon, M|100\/100\n|-transform|p1a: Guy Fawkes|p2a: Freddy Fazbear|[from] ability: Imposter\n|turn|1\n|c|\u2606Mrbeegamer1|imposter\n|c|\u2606Brothybear|i thought it'd be funny\n|\n|t:|1699755951\n|move|p1a: Guy Fawkes|Hyper Voice|p2a: Freddy Fazbear\n|-damage|p2a: Freddy Fazbear|50\/100\n|move|p2a: Freddy Fazbear|Moonblast|p1a: Guy Fawkes\n|-damage|p1a: Guy Fawkes|44\/100\n|\n|upkeep\n|turn|2\n|\n|t:|1699755963\n|-terastallize|p2a: Freddy Fazbear|Ghost\n|move|p2a: Freddy Fazbear|Hyper Voice|p1a: Guy Fawkes\n|-damage|p1a: Guy Fawkes|0 fnt\n|faint|p1a: Guy Fawkes\n|-enditem|p2a: Freddy Fazbear|Throat Spray\n|-boost|p2a: Freddy Fazbear|spa|1|[from] item: Throat Spray\n|\n|upkeep\n|c|\u2606Brothybear|clever move\n|\n|t:|1699755979\n|switch|p1a: John Jones|Ditto, shiny|100\/100\n|-transform|p1a: John Jones|p2a: Freddy Fazbear|[from] ability: Imposter\n|-start|p1a: John Jones|typechange|Ground\/Normal|[silent]\n|turn|3\n|c|\u2606Mrbeegamer1|Freddy d\n|c|\u2606Mrbeegamer1|fazbear\n|\n|t:|1699755992\n|move|p2a: Freddy Fazbear|Blood Moon|p1a: John Jones\n|-enditem|p1a: John Jones|Focus Sash\n|-damage|p1a: John Jones|1\/100\n|move|p1a: John Jones|Moonblast|p2a: Freddy Fazbear\n|-damage|p2a: Freddy Fazbear|0 fnt\n|faint|p2a: Freddy Fazbear\n|\n|upkeep\n|\n|t:|1699756002\n|switch|p2a: Ogrepon|Ogerpon-Hearthflame, F|100\/100\n|-ability|p2a: Ogrepon|Mold Breaker\n|turn|4\n|\n|t:|1699756009\n|move|p2a: Ogrepon|Trailblaze|p1a: John Jones\n|-supereffective|p1a: John Jones\n|-damage|p1a: John Jones|0 fnt\n|-boost|p2a: Ogrepon|spe|1\n|faint|p1a: John Jones\n|\n|upkeep\n|\n|t:|1699756022\n|switch|p1a: Bob|Ditto, shiny|100\/100\n|-transform|p1a: Bob|p2a: Ogrepon|[from] ability: Imposter\n|-ability|p1a: Bob|Mold Breaker\n|turn|5\n|\n|t:|1699756039\n|move|p1a: Bob|Ivy Cudgel|p2a: Ogrepon\n|-damage|p2a: Ogrepon|41\/100\n|move|p2a: Ogrepon|Ivy Cudgel|p1a: Bob\n|-damage|p1a: Bob|23\/100\n|\n|upkeep\n|turn|6\n|\n|t:|1699756050\n|switch|p2a: Ratatouille|Maushold-Four, shiny|100\/100\n|move|p1a: Bob|Horn Leech|p2a: Ratatouille\n|-damage|p2a: Ratatouille|49\/100\n|-heal|p1a: Bob|52\/100|[from] drain|[of] p2a: Ratatouille\n|\n|upkeep\n|turn|7\n|\n|t:|1699756060\n|move|p1a: Bob|Ivy Cudgel|p2a: Ratatouille\n|-damage|p2a: Ratatouille|0 fnt\n|faint|p2a: Ratatouille\n|\n|upkeep\n|\n|t:|1699756065\n|switch|p2a: Annihilate|Annihilape, M|100\/100\n|turn|8\n|\n|t:|1699756073\n|move|p1a: Bob|Horn Leech|p2a: Annihilate\n|-damage|p2a: Annihilate|66\/100\n|-heal|p1a: Bob|74\/100|[from] drain|[of] p2a: Annihilate\n|move|p2a: Annihilate|Rage Fist|p1a: Bob\n|-damage|p1a: Bob|2\/100\n|\n|-heal|p2a: Annihilate|72\/100|[from] item: Leftovers\n|upkeep\n|turn|9\n|\n|t:|1699756083\n|move|p1a: Bob|Ivy Cudgel|p2a: Annihilate\n|-damage|p2a: Annihilate|26\/100\n|move|p2a: Annihilate|Rage Fist|p1a: Bob\n|-damage|p1a: Bob|0 fnt\n|faint|p1a: Bob\n|\n|-heal|p2a: Annihilate|32\/100|[from] item: Leftovers\n|upkeep\n|\n|t:|1699756092\n|switch|p1a: Bob Bobbington|Ditto|100\/100\n|-transform|p1a: Bob Bobbington|p2a: Annihilate|[from] ability: Imposter\n|turn|10\n|\n|t:|1699756112\n|move|p2a: Annihilate|Rage Fist|p1a: Bob Bobbington\n|-supereffective|p1a: Bob Bobbington\n|-damage|p1a: Bob Bobbington|0 fnt\n|faint|p1a: Bob Bobbington\n|\n|-heal|p2a: Annihilate|38\/100|[from] item: Leftovers\n|upkeep\n|\n|t:|1699756119\n|switch|p1a: Jesus|Ditto|100\/100\n|-transform|p1a: Jesus|p2a: Annihilate|[from] ability: Imposter\n|turn|11\n|c|\u2606Mrbeegamer1|GG\n|c|\u2606Brothybear|yup\n|\n|t:|1699756134\n|-terastallize|p1a: Jesus|Normal\n|move|p2a: Annihilate|Rage Fist|p1a: Jesus\n|-immune|p1a: Jesus\n|move|p1a: Jesus|Bulk Up|p1a: Jesus\n|-boost|p1a: Jesus|atk|1\n|-boost|p1a: Jesus|def|1\n|\n|-heal|p2a: Annihilate|44\/100|[from] item: Leftovers\n|upkeep\n|turn|12\n|c|\u2606Mrbeegamer1|nice team btw\n|c|\u2606Brothybear|Thx\n|c|\u2606Mrbeegamer1|WHAT\n|\n|t:|1699756146\n|move|p1a: Jesus|Rage Fist|p2a: Annihilate\n|-supereffective|p2a: Annihilate\n|-damage|p2a: Annihilate|0 fnt\n|faint|p2a: Annihilate\n|\n|upkeep\n|\n|t:|1699756159\n|switch|p2a: Dippin|Dipplin, M, shiny|100\/100\n|turn|13\n|c|\u2606Brothybear|the team is very hit or miss\n|c|\u2606Mrbeegamer1|go dippin\n|\n|t:|1699756184\n|move|p1a: Jesus|Rage Fist|p2a: Dippin\n|-damage|p2a: Dippin|29\/100\n|move|p2a: Dippin|Syrup Bomb|p1a: Jesus\n|-damage|p1a: Jesus|72\/100\n|-start|p1a: Jesus|Syrup Bomb\n|\n|-unboost|p1a: Jesus|spe|1\n|upkeep\n|turn|14\n|\n|t:|1699756196\n|move|p1a: Jesus|Bulk Up|p1a: Jesus\n|-boost|p1a: Jesus|atk|1\n|-boost|p1a: Jesus|def|1\n|move|p2a: Dippin|Giga Drain|p1a: Jesus\n|-damage|p1a: Jesus|35\/100\n|-heal|p2a: Dippin|45\/100|[from] drain|[of] p1a: Jesus\n|\n|-unboost|p1a: Jesus|spe|1\n|upkeep\n|turn|15\n|c|\u2606Mrbeegamer1|it has an eviolite\n|\n|t:|1699756209\n|move|p2a: Dippin|Outrage|p1a: Jesus\n|-damage|p1a: Jesus|11\/100\n|move|p1a: Jesus|Drain Punch|p2a: Dippin\n|-damage|p2a: Dippin|0 fnt\n|-heal|p1a: Jesus|37\/100|[from] drain|[of] p2a: Dippin\n|faint|p2a: Dippin\n|\n|-unboost|p1a: Jesus|spe|1\n|upkeep\n|\n|t:|1699756220\n|switch|p2a: Shellseeker|Cloyster, M|100\/100\n|turn|16\n|c|\u2606Brothybear|Nice\n|\n|t:|1699756236\n|move|p2a: Shellseeker|Icicle Spear|p1a: Jesus\n|-damage|p1a: Jesus|29\/100\n|-damage|p1a: Jesus|22\/100\n|-damage|p1a: Jesus|14\/100\n|-damage|p1a: Jesus|7\/100\n|-damage|p1a: Jesus|0 fnt\n|faint|p1a: Jesus\n|-hitcount|p1: Jesus|5\n|\n|upkeep\n|c|\u2606Brothybear|It was fun well it lasted\n|\n|t:|1699756251\n|switch|p1a: Throw Hands|Ambipom, M|100\/100\n|turn|17\n|c|\u2606Mrbeegamer1|there must be a strategy\n|c|\u2606Mrbeegamer1|I am screwed\n|\n|t:|1699756271\n|move|p1a: Throw Hands|Fake Out|p2a: Shellseeker\n|-damage|p2a: Shellseeker|79\/100\n|cant|p2a: Shellseeker|flinch\n|\n|upkeep\n|turn|18\n|\n|t:|1699756283\n|move|p1a: Throw Hands|Knock Off|p2a: Shellseeker\n|-damage|p2a: Shellseeker|56\/100\n|-enditem|p2a: Shellseeker|Focus Sash|[from] move: Knock Off|[of] p1a: Throw Hands\n|move|p2a: Shellseeker|Shell Smash|p2a: Shellseeker\n|-unboost|p2a: Shellseeker|def|1\n|-unboost|p2a: Shellseeker|spd|1\n|-boost|p2a: Shellseeker|atk|2\n|-boost|p2a: Shellseeker|spa|2\n|-boost|p2a: Shellseeker|spe|2\n|\n|upkeep\n|turn|19\n|\n|t:|1699756309\n|move|p1a: Throw Hands|U-turn|p2a: Shellseeker\n|-damage|p2a: Shellseeker|33\/100\n|move|p2a: Shellseeker|Icicle Spear|p1a: Throw Hands\n|-damage|p1a: Throw Hands|62\/100\n|-damage|p1a: Throw Hands|25\/100\n|-damage|p1a: Throw Hands|0 fnt\n|faint|p1a: Throw Hands\n|-hitcount|p1: Throw Hands|3\n|\n|win|Mrbeegamer1\n|raw|Brothybear's rating: 1140 &rarr; <strong>1121<\/strong><br \/>(-19 for losing)\n|raw|Mrbeegamer1's rating: 1224 &rarr; <strong>1243<\/strong><br \/>(+19 for winning)\n|c|\u2606Mrbeegamer1|I am planning to make a pokemon showdown video\n|c|\u2606Mrbeegamer1|Gg\n|c|\u2606Brothybear|Oh Cool\n|c|\u2606Brothybear|whats your channel name?\n|c|\u2606Mrbeegamer1|Mrbeegamer\n|c|\u2606Brothybear|i shall check it out\n|c|\u2606Mrbeegamer1|Thx!\n|c|\u2606Brothybear|whenever it comes out\n|c|\u2606Brothybear|youtube name is the same as showdown\n|c|\u2606Brothybear|for me\n|c|\u2606Mrbeegamer1|Do you have discord?\n|c|\u2606Brothybear|Yup!\n|c|\u2606Mrbeegamer1|What is your username\n","uploadtime":1699756399,"views":14,"p1id":"brothybear","p2id":"mrbeegamer1","formatid":"gen9anythinggoes","rating":1121,"private":0,"password":""}