{"id":"gen9anythinggoes-1972378999","p1":"kokoromuki","p2":"kumikowo","format":"[Gen 9] Anything Goes","log":"|j|\u2606kokoromuki\n|j|\u2606kumikowo\n|t:|1697836571\n|gametype|singles\n|player|p1|kokoromuki|101|\n|player|p2|kumikowo|furisodegirl-black|\n|teamsize|p1|6\n|teamsize|p2|6\n|gen|9\n|tier|[Gen 9] Anything Goes\n|rule|HP Percentage Mod: HP is shown in percentages\n|rule|Endless Battle Clause: Forcing endless battles is banned\n|rule|Species Clause: Limit one of each Pok\u00e9mon\n|rule|OHKO Clause: OHKO moves are banned\n|rule|Evasion Moves Clause: Evasion moves are banned\n|rule|Tier Shift Mod: Pok\u00e9mon get stat buffs depending on their tier, excluding HP.\n|rule|Terastal Clause: You cannot Terastallize\n|rule|Sleep Moves Clause: Sleep-inducing moves are banned\n|rule|Evasion Clause: Evasion abilities, items, and moves are banned\n|rule|Evasion Abilities Clause: Evasion abilities are banned\n|rule|Evasion Items Clause: Evasion items are banned\n|clearpoke\n|poke|p1|Trevenant, M|\n|poke|p1|Oricorio-Sensu, F|\n|poke|p1|Pawmot, M|\n|poke|p1|Mudsdale, F|\n|poke|p1|Salazzle, F|\n|poke|p1|Sandslash-Alola, F|\n|poke|p2|Articuno|\n|poke|p2|Veluza, F|\n|poke|p2|Appletun, M|\n|poke|p2|Lurantis, M|\n|poke|p2|Ursaluna, F|\n|poke|p2|Tinkaton, F|\n|teampreview\n|\n|t:|1697836600\n|start\n|switch|p1a: Salazzle|Salazzle, F|100\/100\n|switch|p2a: Articuno|Articuno|100\/100\n|-ability|p2a: Articuno|Pressure\n|turn|1\n|\n|t:|1697836610\n|move|p1a: Salazzle|Thunder Wave|p2a: Articuno\n|-status|p2a: Articuno|par\n|move|p2a: Articuno|U-turn|p1a: Salazzle\n|-resisted|p1a: Salazzle\n|-damage|p1a: Salazzle|94\/100\n|\n|t:|1697836620\n|switch|p2a: Ursaluna|Ursaluna, F|100\/100|[from] U-turn\n|\n|-status|p2a: Ursaluna|brn|[from] item: Flame Orb\n|upkeep\n|turn|2\n|c|\u2606kokoromuki|bear gross!\n|c|\u2606kumikowo|he scari\n|\n|t:|1697836633\n|switch|p1a: Mudsdale|Mudsdale, F|100\/100\n|move|p2a: Ursaluna|Trailblaze|p1a: Mudsdale\n|-supereffective|p1a: Mudsdale\n|-damage|p1a: Mudsdale|70\/100\n|-boost|p2a: Ursaluna|spe|1\n|-ability|p1a: Mudsdale|Stamina|boost\n|-boost|p1a: Mudsdale|def|1\n|\n|-damage|p2a: Ursaluna|94\/100 brn|[from] brn\n|upkeep\n|turn|3\n|\n|t:|1697836645\n|move|p2a: Ursaluna|Facade|p1a: Mudsdale\n|-damage|p1a: Mudsdale|26\/100\n|-ability|p1a: Mudsdale|Stamina|boost\n|-boost|p1a: Mudsdale|def|1\n|move|p1a: Mudsdale|Rest|p1a: Mudsdale\n|-status|p1a: Mudsdale|slp|[from] move: Rest\n|-heal|p1a: Mudsdale|100\/100 slp|[silent]\n|-enditem|p1a: Mudsdale|Chesto Berry|[eat]\n|-curestatus|p1a: Mudsdale|slp|[msg]\n|\n|-damage|p2a: Ursaluna|88\/100 brn|[from] brn\n|upkeep\n|turn|4\n|\n|t:|1697836654\n|switch|p2a: Articuno|Articuno|100\/100 par\n|-ability|p2a: Articuno|Pressure\n|move|p1a: Mudsdale|Stealth Rock|p2a: Articuno\n|-sidestart|p2: kumikowo|move: Stealth Rock\n|\n|upkeep\n|turn|5\n|\n|t:|1697836665\n|switch|p1a: Sandslash|Sandslash-Alola, F|100\/100\n|move|p2a: Articuno|U-turn|p1a: Sandslash\n|-resisted|p1a: Sandslash\n|-damage|p1a: Sandslash|94\/100\n|\n|t:|1697836670\n|switch|p2a: Lurantis|Lurantis, M|100\/100|[from] U-turn\n|\n|upkeep\n|turn|6\n|c|\u2606kokoromuki|ah wp\n|c|\u2606kumikowo|cmon now u gotta give me a little credit\n|\n|t:|1697836700\n|switch|p1a: Oricorio|Oricorio-Sensu, F|100\/100\n|move|p2a: Lurantis|Defog|p1a: Oricorio\n|-unboost|p1a: Oricorio|evasion|1\n|-sideend|p2: kumikowo|Stealth Rock|[from] move: Defog|[of] p2a: Lurantis\n|\n|upkeep\n|turn|7\n|c|\u2606kokoromuki|hdb lurantis?\n|c|\u2606kumikowo|yer\n|c|\u2606kokoromuki|da sccallop\n|c|\u2606kumikowo|u r a scallop\n|c|\u2606kokoromuki|perhaps i am\n|\n|t:|1697836722\n|switch|p2a: Tinkaton|Tinkaton, F|100\/100\n|-ability|p2a: Tinkaton|Mold Breaker\n|move|p1a: Oricorio|U-turn|p2a: Tinkaton\n|-resisted|p2a: Tinkaton\n|-damage|p2a: Tinkaton|97\/100\n|\n|t:|1697836728\n|switch|p1a: Mudsdale|Mudsdale, F|100\/100|[from] U-turn\n|\n|-heal|p2a: Tinkaton|100\/100|[from] item: Leftovers\n|upkeep\n|turn|8\n|c|\u2606kumikowo|oh man oh man i really am missing a certian move\n|\n|t:|1697836760\n|switch|p2a: Articuno|Articuno|100\/100 par\n|-ability|p2a: Articuno|Pressure\n|move|p1a: Mudsdale|Stealth Rock|p2a: Articuno\n|-sidestart|p2: kumikowo|move: Stealth Rock\n|\n|upkeep\n|turn|9\n|c|\u2606kokoromuki|i am unaware\n|c|\u2606kumikowo|i picked twave over taunt to be special\n|\n|t:|1697836790\n|move|p1a: Mudsdale|Iron Head|p2a: Articuno\n|-supereffective|p2a: Articuno\n|-damage|p2a: Articuno|61\/100 par\n|cant|p2a: Articuno|flinch\n|\n|upkeep\n|turn|10\n|\n|t:|1697836795\n|switch|p1a: Salazzle|Salazzle, F|94\/100\n|move|p2a: Articuno|Ice Beam|p1a: Salazzle\n|-resisted|p1a: Salazzle\n|-damage|p1a: Salazzle|68\/100\n|\n|upkeep\n|turn|11\n|c|\u2606kumikowo|grrrr\n|\n|t:|1697836808\n|switch|p2a: Ursaluna|Ursaluna, F|88\/100 brn\n|-damage|p2a: Ursaluna|82\/100 brn|[from] Stealth Rock\n|move|p1a: Salazzle|Flamethrower|p2a: Ursaluna\n|-damage|p2a: Ursaluna|40\/100 brn\n|\n|-damage|p2a: Ursaluna|34\/100 brn|[from] brn\n|upkeep\n|turn|12\n|\n|t:|1697836816\n|move|p1a: Salazzle|Flamethrower|p2a: Ursaluna\n|-damage|p2a: Ursaluna|0 fnt\n|faint|p2a: Ursaluna\n|\n|upkeep\n|c|\u2606kumikowo|y ground no resist fire\n|c|\u2606kokoromuki|i almost tried to be different and didnt use that\n|\n|t:|1697836835\n|switch|p2a: Veluza|Veluza, F|100\/100\n|-damage|p2a: Veluza|88\/100|[from] Stealth Rock\n|turn|13\n|c|\u2606kumikowo|lel\n|\n|t:|1697836858\n|switch|p1a: Trevenant|Trevenant, M|100\/100\n|move|p2a: Veluza|Flip Turn|p1a: Trevenant\n|-resisted|p1a: Trevenant\n|-damage|p1a: Trevenant|85\/100\n|\n|t:|1697836861\n|switch|p2a: Lurantis|Lurantis, M|100\/100|[from] Flip Turn\n|\n|upkeep\n|turn|14\n|c|\u2606kokoromuki|ack\n|c|\u2606kumikowo|grrr\n|c|\u2606kumikowo|the loooooong game\n|\n|t:|1697836876\n|switch|p1a: Oricorio|Oricorio-Sensu, F|100\/100\n|move|p2a: Lurantis|Defog|p1a: Oricorio\n|-unboost|p1a: Oricorio|evasion|1\n|-sideend|p2: kumikowo|Stealth Rock|[from] move: Defog|[of] p2a: Lurantis\n|\n|upkeep\n|turn|15\n|\n|t:|1697836887\n|switch|p2a: Tinkaton|Tinkaton, F|100\/100\n|-ability|p2a: Tinkaton|Mold Breaker\n|move|p1a: Oricorio|Quiver Dance|p1a: Oricorio\n|-boost|p1a: Oricorio|spa|1\n|-boost|p1a: Oricorio|spd|1\n|-boost|p1a: Oricorio|spe|1\n|\n|upkeep\n|turn|16\n|c|\u2606kokoromuki|idk what this does\n|c|\u2606kumikowo|wat\n|\n|t:|1697836907\n|move|p1a: Oricorio|Revelation Dance|p2a: Tinkaton\n|-damage|p2a: Tinkaton|61\/100\n|move|p2a: Tinkaton|Knock Off|p1a: Oricorio\n|-supereffective|p1a: Oricorio\n|-damage|p1a: Oricorio|50\/100\n|-enditem|p1a: Oricorio|Heavy-Duty Boots|[from] move: Knock Off|[of] p2a: Tinkaton\n|\n|-heal|p2a: Tinkaton|67\/100|[from] item: Leftovers\n|upkeep\n|turn|17\n|c|\u2606kokoromuki|tinky town\n|c|\u2606kokoromuki|wow strong guy\n|c|\u2606kumikowo|oo donky yunk\n|c|\u2606kumikowo|ye 372 spdef\n|\n|t:|1697836930\n|move|p1a: Oricorio|Revelation Dance|p2a: Tinkaton\n|-damage|p2a: Tinkaton|22\/100\n|move|p2a: Tinkaton|Gigaton Hammer|p1a: Oricorio\n|-damage|p1a: Oricorio|0 fnt\n|faint|p1a: Oricorio\n|\n|-heal|p2a: Tinkaton|28\/100|[from] item: Leftovers\n|upkeep\n|c|\u2606kokoromuki|phew\n|\n|t:|1697836941\n|switch|p1a: Salazzle|Salazzle, F|68\/100\n|turn|18\n|\n|t:|1697836947\n|move|p1a: Salazzle|Flamethrower|p2a: Tinkaton\n|-supereffective|p2a: Tinkaton\n|-damage|p2a: Tinkaton|0 fnt\n|faint|p2a: Tinkaton\n|\n|upkeep\n|\n|t:|1697836950\n|switch|p2a: Veluza|Veluza, F|88\/100\n|turn|19\n|c|\u2606kokoromuki|dear goodness me\n|c|\u2606kokoromuki|the pin\n|c|\u2606kumikowo|pin!?!?\n|c|\u2606kokoromuki|what can a man do against flipping turning\n|c|\u2606kumikowo|there is nothing we can do\n|\n|t:|1697836984\n|move|p2a: Veluza|Psycho Cut|p1a: Salazzle\n|-supereffective|p1a: Salazzle\n|-damage|p1a: Salazzle|0 fnt\n|faint|p1a: Salazzle\n|\n|upkeep\n|\n|t:|1697836986\n|switch|p1a: Pawmot|Pawmot, M|100\/100\n|turn|20\n|c|\u2606kokoromuki|i ididnt think ab this\n|\n|t:|1697836998\n|switch|p1a: Mudsdale|Mudsdale, F|100\/100\n|move|p2a: Veluza|Psycho Cut|p1a: Mudsdale\n|-damage|p1a: Mudsdale|70\/100\n|-ability|p1a: Mudsdale|Stamina|boost\n|-boost|p1a: Mudsdale|def|1\n|\n|upkeep\n|turn|21\n|c|\u2606kumikowo|water you doing\n|\n|t:|1697837005\n|switch|p2a: Articuno|Articuno|61\/100 par\n|-ability|p2a: Articuno|Pressure\n|move|p1a: Mudsdale|Stealth Rock|p2a: Articuno\n|-sidestart|p2: kumikowo|move: Stealth Rock\n|\n|upkeep\n|turn|22\n|\n|t:|1697837013\n|switch|p1a: Pawmot|Pawmot, M|100\/100\n|cant|p2a: Articuno|par\n|\n|upkeep\n|turn|23\n|\n|t:|1697837021\n|move|p1a: Pawmot|Revival Blessing|p1a: Pawmot\n|-enditem|p1a: Pawmot|Leppa Berry|[eat]\n|-activate|p1a: Pawmot|item: Leppa Berry|Revival Blessing|[consumed]\n|\n|t:|1697837024\n|-heal|p1: Salazzle|50\/100|[from] move: Revival Blessing\n|move|p2a: Articuno|U-turn|p1a: Pawmot\n|-resisted|p1a: Pawmot\n|-damage|p1a: Pawmot|89\/100\n|c|\u2606kumikowo|LEOOA\n|c|\u2606kumikowo|WAAAAAAAAAAAT\n|c|\u2606kokoromuki|:p\n|c|\u2606kumikowo|y isnt this thing bamned\n|\n|t:|1697837041\n|switch|p2a: Veluza|Veluza, F|88\/100|[from] U-turn\n|-damage|p2a: Veluza|76\/100|[from] Stealth Rock\n|\n|upkeep\n|turn|24\n|c|\u2606kokoromuki|the forbidden fruit\n|\n|t:|1697837050\n|switch|p1a: Mudsdale|Mudsdale, F|70\/100\n|move|p2a: Veluza|Flip Turn|p1a: Mudsdale\n|-supereffective|p1a: Mudsdale\n|-damage|p1a: Mudsdale|31\/100\n|-ability|p1a: Mudsdale|Stamina|boost\n|-boost|p1a: Mudsdale|def|1\n|c|\u2606kokoromuki|oh ur a boss\n|\n|t:|1697837057\n|switch|p2a: Lurantis|Lurantis, M|100\/100|[from] Flip Turn\n|\n|upkeep\n|turn|25\n|\n|t:|1697837061\n|move|p2a: Lurantis|Defog|p1a: Mudsdale\n|-unboost|p1a: Mudsdale|evasion|1\n|-sideend|p2: kumikowo|Stealth Rock|[from] move: Defog|[of] p2a: Lurantis\n|move|p1a: Mudsdale|Stealth Rock|p2a: Lurantis\n|-sidestart|p2: kumikowo|move: Stealth Rock\n|\n|upkeep\n|turn|26\n|\n|t:|1697837067\n|move|p2a: Lurantis|Defog|p1a: Mudsdale\n|-unboost|p1a: Mudsdale|evasion|1\n|-sideend|p2: kumikowo|Stealth Rock|[from] move: Defog|[of] p2a: Lurantis\n|move|p1a: Mudsdale|Stealth Rock|p2a: Lurantis\n|-sidestart|p2: kumikowo|move: Stealth Rock\n|\n|upkeep\n|turn|27\n|\n|t:|1697837071\n|move|p2a: Lurantis|Defog|p1a: Mudsdale\n|-unboost|p1a: Mudsdale|evasion|1\n|-sideend|p2: kumikowo|Stealth Rock|[from] move: Defog|[of] p2a: Lurantis\n|move|p1a: Mudsdale|Stealth Rock|p2a: Lurantis\n|-sidestart|p2: kumikowo|move: Stealth Rock\n|\n|upkeep\n|turn|28\n|c|\u2606kumikowo|bruh@\n|c|\u2606kokoromuki|fight me like a man\n|c|\u2606kumikowo|you!\n|\n|t:|1697837085\n|move|p2a: Lurantis|Defog|p1a: Mudsdale\n|-unboost|p1a: Mudsdale|evasion|1\n|-sideend|p2: kumikowo|Stealth Rock|[from] move: Defog|[of] p2a: Lurantis\n|move|p1a: Mudsdale|Stealth Rock|p2a: Lurantis\n|-sidestart|p2: kumikowo|move: Stealth Rock\n|\n|upkeep\n|turn|29\n|\n|t:|1697837089\n|move|p2a: Lurantis|Leaf Storm|p1a: Mudsdale\n|-supereffective|p1a: Mudsdale\n|-damage|p1a: Mudsdale|0 fnt\n|-boost|p2a: Lurantis|spa|2\n|faint|p1a: Mudsdale\n|\n|upkeep\n|\n|t:|1697837095\n|switch|p1a: Salazzle|Salazzle, F|50\/100\n|turn|30\n|c|\u2606kokoromuki|i feel like u live this\n|c|\u2606kokoromuki|i will be angry\n|c|\u2606kumikowo|hell no i do not\n|c|\u2606kokoromuki|90?\n|c|\u2606kumikowo|hell no\n|c|\u2606kokoromuki|i trust you rvision\n|c|\u2606kumikowo|am switcing\n|\n|t:|1697837153\n|switch|p2a: Articuno|Articuno|61\/100 par\n|-ability|p2a: Articuno|Pressure\n|move|p1a: Salazzle|Sludge Bomb|p2a: Articuno\n|-damage|p2a: Articuno|38\/100 par\n|\n|upkeep\n|turn|31\n|c|\u2606kokoromuki|nu uh\n|\n|t:|1697837164\n|switch|p1a: Pawmot|Pawmot, M|89\/100\n|cant|p2a: Articuno|par\n|\n|upkeep\n|turn|32\n|\n|t:|1697837168\n|move|p1a: Pawmot|Wish|p1a: Pawmot\n|cant|p2a: Articuno|par\n|\n|upkeep\n|turn|33\n|c|\u2606kokoromuki|pfft\n|c|\u2606kumikowo|grrgagagagag\n|\n|t:|1697837175\n|move|p1a: Pawmot|Revival Blessing|p1a: Pawmot\n|\n|t:|1697837179\n|-heal|p1: Oricorio|50\/100|[from] move: Revival Blessing\n|move|p2a: Articuno|Roost|p2a: Articuno\n|-heal|p2a: Articuno|88\/100 par\n|-singleturn|p2a: Articuno|move: Roost\n|\n|-heal|p1a: Pawmot|100\/100|[from] move: Wish|[wisher] Pawmot\n|upkeep\n|turn|34\n|\n|t:|1697837185\n|move|p1a: Pawmot|Thunder Punch|p2a: Articuno\n|-supereffective|p2a: Articuno\n|-damage|p2a: Articuno|25\/100 par\n|cant|p2a: Articuno|par\n|\n|upkeep\n|turn|35\n|c|\u2606kumikowo|gaed\n|\n|t:|1697837192\n|move|p1a: Pawmot|Wish|p1a: Pawmot\n|move|p2a: Articuno|U-turn|p1a: Pawmot\n|-resisted|p1a: Pawmot\n|-damage|p1a: Pawmot|88\/100\n|c|\u2606kokoromuki|this is actually tragic\n|\n|t:|1697837197\n|switch|p2a: Veluza|Veluza, F|76\/100|[from] U-turn\n|-damage|p2a: Veluza|63\/100|[from] Stealth Rock\n|\n|upkeep\n|turn|36\n|\n|t:|1697837201\n|switch|p1a: Oricorio|Oricorio-Sensu, F|50\/100\n|move|p2a: Veluza|Psycho Cut|p1a: Oricorio\n|-damage|p1a: Oricorio|0 fnt\n|faint|p1a: Oricorio\n|\n|upkeep\n|\n|t:|1697837202\n|switch|p1a: Salazzle|Salazzle, F|50\/100\n|turn|37\n|c|\u2606kumikowo|y r u doing this\n|c|\u2606kokoromuki|brain fried\n|\n|t:|1697837216\n|switch|p1a: Trevenant|Trevenant, M|85\/100\n|move|p2a: Veluza|Psycho Cut|p1a: Trevenant\n|-crit|p1a: Trevenant\n|-damage|p1a: Trevenant|2\/100\n|-enditem|p1a: Trevenant|Sitrus Berry|[eat]\n|-heal|p1a: Trevenant|27\/100|[from] item: Sitrus Berry\n|\n|upkeep\n|turn|38\n|c|\u2606kokoromuki|ow\n|c|\u2606kumikowo|guhhhhhhhh\n|\n|t:|1697837225\n|move|p1a: Trevenant|Protect|p1a: Trevenant\n|-singleturn|p1a: Trevenant|Protect\n|move|p2a: Veluza|Psycho Cut|p1a: Trevenant\n|-activate|p1a: Trevenant|move: Protect\n|\n|upkeep\n|turn|39\n|c|\u2606kokoromuki|,y 50\/50 nooo\n|c|\u2606kumikowo|geheheheh\n|\n|t:|1697837244\n|switch|p1a: Sandslash|Sandslash-Alola, F|94\/100\n|move|p2a: Veluza|Psycho Cut|p1a: Sandslash\n|-resisted|p1a: Sandslash\n|-damage|p1a: Sandslash|73\/100\n|\n|upkeep\n|turn|40\n|\n|t:|1697837256\n|switch|p2a: Articuno|Articuno|25\/100 par\n|-ability|p2a: Articuno|Pressure\n|move|p1a: Sandslash|Ice Spinner|p2a: Articuno\n|-damage|p2a: Articuno|0 fnt\n|faint|p2a: Articuno\n|\n|upkeep\n|\n|t:|1697837262\n|switch|p2a: Appletun|Appletun, M|100\/100\n|-damage|p2a: Appletun|88\/100|[from] Stealth Rock\n|turn|41\n|c|\u2606kokoromuki|show me the tech\n|c|\u2606kokoromuki|show meeeee\n|\n|t:|1697837268\n|move|p1a: Sandslash|Ice Spinner|p2a: Appletun\n|-supereffective|p2a: Appletun\n|-enditem|p2a: Appletun|Yache Berry|[eat]\n|-enditem|p2a: Appletun|Yache Berry|[weaken]\n|-damage|p2a: Appletun|64\/100\n|move|p2a: Appletun|Leech Seed|p1a: Sandslash\n|-start|p1a: Sandslash|move: Leech Seed\n|\n|-damage|p1a: Sandslash|61\/100|[from] Leech Seed|[of] p2a: Appletun\n|-heal|p2a: Appletun|74\/100|[silent]\n|upkeep\n|turn|42\n|c|\u2606kokoromuki|holay mackeral\n|c|\u2606kumikowo|holay\n|\n|t:|1697837281\n|switch|p1a: Pawmot|Pawmot, M|88\/100\n|move|p2a: Appletun|Body Press|p1a: Pawmot\n|-damage|p1a: Pawmot|54\/100\n|\n|upkeep\n|turn|43\n|\n|t:|1697837285\n|move|p1a: Pawmot|Wish|p1a: Pawmot\n|move|p2a: Appletun|Leech Seed|p1a: Pawmot\n|-start|p1a: Pawmot|move: Leech Seed\n|\n|-damage|p1a: Pawmot|41\/100|[from] Leech Seed|[of] p2a: Appletun\n|-heal|p2a: Appletun|83\/100|[silent]\n|upkeep\n|turn|44\n|\n|t:|1697837289\n|switch|p1a: Trevenant|Trevenant, M|27\/100\n|move|p2a: Appletun|Recycle|p2a: Appletun\n|-item|p2a: Appletun|Yache Berry|[from] move: Recycle\n|\n|-heal|p1a: Trevenant|64\/100|[from] move: Wish|[wisher] Pawmot\n|-item|p1a: Trevenant|Sitrus Berry|[from] ability: Harvest\n|upkeep\n|turn|45\n|c|\u2606kumikowo|gehehehe\n|c|\u2606kokoromuki|mid off starts now\n|c|\u2606kumikowo|no kidding\n|\n|t:|1697837311\n|switch|p2a: Lurantis|Lurantis, M|100\/100\n|move|p1a: Trevenant|Knock Off|p2a: Lurantis\n|-damage|p2a: Lurantis|82\/100\n|-enditem|p2a: Lurantis|Heavy-Duty Boots|[from] move: Knock Off|[of] p1a: Trevenant\n|\n|upkeep\n|turn|46\n|\n|t:|1697837319\n|switch|p1a: Salazzle|Salazzle, F|50\/100\n|move|p2a: Lurantis|Defog|p1a: Salazzle\n|-unboost|p1a: Salazzle|evasion|1\n|-sideend|p2: kumikowo|Stealth Rock|[from] move: Defog|[of] p2a: Lurantis\n|\n|upkeep\n|turn|47\n|\n|t:|1697837324\n|switch|p2a: Appletun|Appletun, M|83\/100\n|move|p1a: Salazzle|Sludge Bomb|p2a: Appletun\n|-supereffective|p2a: Appletun\n|-damage|p2a: Appletun|11\/100\n|-status|p2a: Appletun|psn\n|\n|-damage|p2a: Appletun|0 fnt|[from] psn\n|faint|p2a: Appletun\n|upkeep\n|\n|t:|1697837329\n|switch|p2a: Veluza|Veluza, F|63\/100\n|turn|48\n|\n|t:|1697837359\n|switch|p1a: Sandslash|Sandslash-Alola, F|61\/100\n|move|p2a: Veluza|Flip Turn|p1a: Sandslash\n|-damage|p1a: Sandslash|35\/100\n|c|\u2606kumikowo|let me cook\n|\n|t:|1697837367\n|switch|p2a: Lurantis|Lurantis, M|82\/100|[from] Flip Turn\n|\n|upkeep\n|turn|49\n|\n|t:|1697837370\n|move|p1a: Sandslash|Ice Spinner|p2a: Lurantis\n|-supereffective|p2a: Lurantis\n|-damage|p2a: Lurantis|30\/100\n|move|p2a: Lurantis|Leaf Storm|p1a: Sandslash|[miss]\n|-miss|p2a: Lurantis|p1a: Sandslash\n|\n|upkeep\n|turn|50\n|c|\u2606kumikowo|ah\n|c|\u2606kumikowo|never,id\n|c|\u2606kokoromuki|unfort\n|\n|t:|1697837377\n|move|p1a: Sandslash|Ice Spinner|p2a: Lurantis\n|-supereffective|p2a: Lurantis\n|-damage|p2a: Lurantis|0 fnt\n|faint|p2a: Lurantis\n|\n|upkeep\n|\n|t:|1697837379\n|switch|p2a: Veluza|Veluza, F|63\/100\n|turn|51\n|c|\u2606kokoromuki|im av i woldve lived\n|\n|t:|1697837388\n|move|p2a: Veluza|Psycho Cut|p1a: Sandslash\n|-resisted|p1a: Sandslash\n|-damage|p1a: Sandslash|15\/100\n|move|p1a: Sandslash|Metal Burst|p2a: Veluza\n|-damage|p2a: Veluza|30\/100\n|\n|upkeep\n|turn|52\n|c|\u2606kumikowo|drat\n|\n|t:|1697837394\n|move|p2a: Veluza|Psycho Cut|p1a: Sandslash\n|-resisted|p1a: Sandslash\n|-damage|p1a: Sandslash|0 fnt\n|faint|p1a: Sandslash\n|\n|upkeep\n|\n|t:|1697837397\n|switch|p1a: Trevenant|Trevenant, M|64\/100\n|turn|53\n|c|\u2606kumikowo|i win on crit btw\n|\n|t:|1697837402\n|move|p2a: Veluza|Psycho Cut|p1a: Trevenant\n|-damage|p1a: Trevenant|14\/100\n|-enditem|p1a: Trevenant|Sitrus Berry|[eat]\n|-heal|p1a: Trevenant|39\/100|[from] item: Sitrus Berry\n|move|p1a: Trevenant|Horn Leech|p2a: Veluza\n|-supereffective|p2a: Veluza\n|-damage|p2a: Veluza|0 fnt\n|-heal|p1a: Trevenant|52\/100|[from] drain|[of] p2a: Veluza\n|faint|p2a: Veluza\n|\n|win|kokoromuki\n|c|\u2606kumikowo|darn\n|c|\u2606kokoromuki|does he kow\n|c|\u2606kokoromuki|good gamer\n|c|\u2606kumikowo|is salazzle scarf\n|c|\u2606kokoromuki|sash endeava\n|c|\u2606kokoromuki|:#\n|c|\u2606kumikowo|sash way\n|c|\u2606kokoromuki|scarf would prob be bettr\n|c|\u2606kokoromuki|but thunder wave so good\n|c|\u2606kumikowo|but its at 50% no sash!\n|c|\u2606kokoromuki|thats why i kept misplaying my wish timers into salazzle\n|c|\u2606kokoromuki|a man cannot count\n|c|\u2606kumikowo|ooo\n","uploadtime":1697837496,"views":16,"p1id":"kokoromuki","p2id":"kumikowo","formatid":"gen9anythinggoes","rating":0,"private":0,"password":""}