{"id":"gen9anythinggoes-1984407337","p1":"PyPixel","p2":"B.H NILOH","format":"[Gen 9] Anything Goes","log":"|j|\u2606PyPixel\n|j|\u2606B.H NILOH\n|t:|1699258197\n|gametype|singles\n|player|p1|PyPixel|265|1351\n|player|p2|B.H NILOH|whitney|1288\n|teamsize|p1|6\n|teamsize|p2|6\n|gen|9\n|tier|[Gen 9] Anything Goes\n|rated|\n|rule|HP Percentage Mod: HP is shown in percentages\n|rule|Endless Battle Clause: Forcing endless battles is banned\n|clearpoke\n|poke|p1|Glimmora, F|\n|poke|p1|Calyrex-Shadow|\n|poke|p1|Zacian-*|\n|poke|p1|Arceus|\n|poke|p1|Miraidon|\n|poke|p1|Zamazenta-*|\n|poke|p2|Giratina|\n|poke|p2|Zoroark-Hisui, M|\n|poke|p2|Chien-Pao|\n|poke|p2|Ribombee, M|\n|poke|p2|Cinderace, F|\n|poke|p2|Meowscarada, F|\n|teampreview\n|inactive|Battle timer is ON: inactive players will automatically lose when time's up. (requested by PyPixel)\n|\n|t:|1699258235\n|start\n|switch|p1a: Pawn|Glimmora, F|100\/100\n|switch|p2a: Giratina|Giratina|100\/100\n|-ability|p2a: Giratina|Pressure\n|turn|1\n|\n|t:|1699258256\n|move|p1a: Pawn|Mortal Spin|p2a: Giratina\n|-resisted|p2a: Giratina\n|-damage|p2a: Giratina|99\/100\n|-status|p2a: Giratina|psn\n|move|p2a: Giratina|Roar|p1a: Pawn\n|drag|p1a: Zamazenta|Zamazenta-Crowned|100\/100\n|-ability|p1a: Zamazenta|Dauntless Shield|boost\n|-boost|p1a: Zamazenta|def|1\n|\n|-heal|p2a: Giratina|100\/100 psn|[from] item: Leftovers\n|-damage|p2a: Giratina|88\/100 psn|[from] psn\n|upkeep\n|turn|2\n|\n|t:|1699258268\n|move|p1a: Zamazenta|Crunch|p2a: Giratina\n|-supereffective|p2a: Giratina\n|-damage|p2a: Giratina|67\/100 psn\n|move|p2a: Giratina|Thunder Wave|p1a: Zamazenta\n|-status|p1a: Zamazenta|par\n|\n|-heal|p2a: Giratina|73\/100 psn|[from] item: Leftovers\n|-damage|p2a: Giratina|60\/100 psn|[from] psn\n|upkeep\n|turn|3\n|\n|t:|1699258278\n|move|p1a: Zamazenta|Psychic Fangs|p2a: Giratina\n|-damage|p2a: Giratina|47\/100 psn\n|move|p2a: Giratina|Roar|p1a: Zamazenta\n|drag|p1a: Pawn|Glimmora, F|100\/100\n|\n|-heal|p2a: Giratina|53\/100 psn|[from] item: Leftovers\n|-damage|p2a: Giratina|41\/100 psn|[from] psn\n|upkeep\n|turn|4\n|\n|t:|1699258288\n|move|p1a: Pawn|Stealth Rock|p2a: Giratina\n|-sidestart|p2: B.H NILOH|move: Stealth Rock\n|move|p2a: Giratina|Roar|p1a: Pawn\n|drag|p1a: King|Zacian-Crowned|100\/100\n|-ability|p1a: King|Intrepid Sword|boost\n|-boost|p1a: King|atk|1\n|\n|-heal|p2a: Giratina|47\/100 psn|[from] item: Leftovers\n|-damage|p2a: Giratina|35\/100 psn|[from] psn\n|upkeep\n|turn|5\n|\n|t:|1699258297\n|move|p1a: King|Behemoth Blade|p2a: Giratina\n|-damage|p2a: Giratina|0 fnt\n|faint|p2a: Giratina\n|\n|upkeep\n|c|\u2606PyPixel|loser lol\n|c|\u2606B.H NILOH|oh?\n|\n|t:|1699258314\n|switch|p2a: Ribombee|Ribombee, M|100\/100\n|-damage|p2a: Ribombee|88\/100|[from] Stealth Rock\n|turn|6\n|\n|t:|1699258328\n|switch|p2a: <3|Cinderace, F, shiny|100\/100\n|-damage|p2a: <3|76\/100|[from] Stealth Rock\n|move|p1a: King|Behemoth Blade|p2a: <3\n|-resisted|p2a: <3\n|-damage|p2a: <3|12\/100\n|\n|upkeep\n|turn|7\n|c|\u2606PyPixel|i win ahahahhaahah\n|\n|t:|1699258337\n|-terastallize|p1a: King|Fairy\n|move|p1a: King|Quick Attack|p2a: <3\n|-damage|p2a: <3|0 fnt\n|faint|p2a: <3\n|\n|upkeep\n|c|\u2606PyPixel|hahahhahaha\n|\n|t:|1699258353\n|switch|p2a: PLUH|Meowscarada, F, shiny|100\/100\n|-damage|p2a: PLUH|88\/100|[from] Stealth Rock\n|turn|8\n|c|\u2606PyPixel|ahahahahaha\n|\n|t:|1699258367\n|move|p1a: King|Behemoth Blade|p2a: PLUH\n|-damage|p2a: PLUH|0 fnt\n|faint|p2a: PLUH\n|\n|upkeep\n|\n|t:|1699258373\n|switch|p2a: Ribombee|Ribombee, M|100\/100\n|-damage|p2a: Ribombee|76\/100|[from] Stealth Rock\n|turn|9\n|c|\u2606PyPixel|huhuhhahaha\n|\n|t:|1699258380\n|move|p1a: King|Behemoth Blade|p2a: Ribombee\n|-supereffective|p2a: Ribombee\n|-damage|p2a: Ribombee|0 fnt\n|faint|p2a: Ribombee\n|\n|upkeep\n|c|\u2606PyPixel|muahahhahahah\n|c|\u2606B.H NILOH|uh\n|c|\u2606PyPixel|loser\n|c|\u2606PyPixel|team\n|c|\u2606B.H NILOH|okay?\n|c|\u2606PyPixel|ahhahahaa\n|c|\u2606PyPixel|muahhhhahaha\n|c|\u2606B.H NILOH|i mean like ngl\n|\n|t:|1699258399\n|switch|p2a: Chien-Pao|Chien-Pao|100\/100\n|-damage|p2a: Chien-Pao|76\/100|[from] Stealth Rock\n|-ability|p2a: Chien-Pao|Sword of Ruin\n|turn|10\n|\n|t:|1699258404\n|switch|p2a: Chien-Pao|Chien-Pao|88\/100\n|-damage|p2a: Chien-Pao|76\/100|[from] Stealth Rock\n|move|p1a: King|Behemoth Blade|p2a: Chien-Pao\n|-damage|p2a: Chien-Pao|0 fnt\n|replace|p2a: Zoroark|Zoroark-Hisui, M, shiny\n|-end|p2a: Zoroark|Illusion\n|faint|p2a: Zoroark\n|\n|upkeep\n|\n|t:|1699258410\n|switch|p2a: Chien-Pao|Chien-Pao|76\/100\n|-damage|p2a: Chien-Pao|51\/100|[from] Stealth Rock\n|-ability|p2a: Chien-Pao|Sword of Ruin\n|turn|11\n|c|\u2606PyPixel|heheheheehahhahahahahaha\n|c|\u2606PyPixel|hahahahaha\n|inactiveoff|Battle timer is now OFF.\n|c|\u2606PyPixel|1 pokemon clutch\n|c|\u2606PyPixel|ahahahhaa\n|c|\u2606PyPixel|loser\n|c|\u2606PyPixel|loser\n|c|\u2606PyPixel|ahahhahaa\n|\n|t:|1699258438\n|switch|p1a: Pawn|Glimmora, F|100\/100\n|move|p2a: Chien-Pao|Ice Shard|p1a: Pawn\n|-damage|p1a: Pawn|60\/100\n|-activate|p1a: Pawn|ability: Toxic Debris\n|-sidestart|p2: B.H NILOH|move: Toxic Spikes\n|-damage|p2a: Chien-Pao|41\/100|[from] item: Life Orb\n|\n|upkeep\n|turn|12\n|c|\u2606B.H NILOH|i dont really care alalt much\n|c|\u2606B.H NILOH|but gg\n|c|\u2606PyPixel|every loser says this ahahhahhaa\n|\n|t:|1699258454\n|move|p2a: Chien-Pao|Psychic Fangs|p1a: Pawn\n|-supereffective|p1a: Pawn\n|-damage|p1a: Pawn|0 fnt\n|-activate|p1a: Pawn|ability: Toxic Debris\n|-sidestart|p2: B.H NILOH|move: Toxic Spikes\n|faint|p1a: Pawn\n|-damage|p2a: Chien-Pao|31\/100|[from] item: Life Orb\n|\n|upkeep\n|c|\u2606B.H NILOH|i mean ig\n|\n|t:|1699258463\n|switch|p1a: Arceus|Arceus|100\/100\n|turn|13\n|\n|t:|1699258468\n|move|p1a: Arceus|Recover||[still]\n|-fail|p1a: Arceus|heal\n|move|p2a: Chien-Pao|Sacred Sword|p1a: Arceus\n|-supereffective|p1a: Arceus\n|-crit|p1a: Arceus\n|-damage|p1a: Arceus|0 fnt\n|faint|p1a: Arceus\n|-damage|p2a: Chien-Pao|21\/100|[from] item: Life Orb\n|\n|upkeep\n|c|\u2606PyPixel|loser ahhahahahaha\n|inactive|Battle timer is ON: inactive players will automatically lose when time's up. (requested by B.H NILOH)\n|\n|t:|1699258479\n|switch|p1a: Decoy|Calyrex-Shadow|100\/100\n|-ability|p1a: Decoy|As One\n|-ability|p1a: Decoy|Unnerve\n|turn|14\n|\n|t:|1699258487\n|move|p2a: Chien-Pao|Ice Shard|p1a: Decoy\n|-damage|p1a: Decoy|56\/100\n|-damage|p2a: Chien-Pao|11\/100|[from] item: Life Orb\n|move|p1a: Decoy|Phantom Force||[still]\n|-prepare|p1a: Decoy|Phantom Force\n|\n|upkeep\n|turn|15\n|c|\u2606PyPixel|ahhahahahahhaha\n|c|\u2606B.H NILOH|k\n|c|\u2606PyPixel|where is my pokemon ?\n|c|\u2606PyPixel|ahhahahaa\n|\n|t:|1699258506\n|move|p2a: Chien-Pao|Ice Shard|p1a: Decoy|[miss]\n|-miss|p2a: Chien-Pao|p1a: Decoy\n|move|p1a: Decoy|Phantom Force|p2a: Chien-Pao|[from]lockedmove\n|-resisted|p2a: Chien-Pao\n|-damage|p2a: Chien-Pao|0 fnt\n|faint|p2a: Chien-Pao\n|\n|win|PyPixel\n|raw|PyPixel's rating: 1351 &rarr; <strong>1367<\/strong><br \/>(+16 for winning)\n|raw|B.H NILOH's rating: 1288 &rarr; <strong>1267<\/strong><br \/>(-21 for losing)\n|c|\u2606B.H NILOH|uh gg man\n|c|\u2606PyPixel|hehehahahahhaa\n|c|\u2606PyPixel|loser\n|c|\u2606PyPixel|loser\n|c|\u2606PyPixel|ahahahhahha\n|l|\u2606PyPixel\n","uploadtime":1699258605,"views":3,"p1id":"pypixel","p2id":"bhniloh","formatid":"gen9anythinggoes","rating":1267,"private":0,"password":""}