{"id":"gen9anythinggoes-1982770627","p1":"MelloBello","p2":"okmmmmmm","format":"[Gen 9] Anything Goes","log":"|j|\u2606MelloBello\n|j|\u2606okmmmmmm\n|t:|1699043264\n|gametype|singles\n|player|p1|MelloBello|265|1143\n|player|p2|okmmmmmm|benga|1036\n|teamsize|p1|6\n|teamsize|p2|6\n|gen|9\n|tier|[Gen 9] Anything Goes\n|rated|\n|rule|HP Percentage Mod: HP is shown in percentages\n|rule|Endless Battle Clause: Forcing endless battles is banned\n|clearpoke\n|poke|p1|Alomomola, M|\n|poke|p1|Calyrex-Shadow|\n|poke|p1|Volcarona, M|\n|poke|p1|Forretress, M|\n|poke|p1|Masquerain, F|\n|poke|p1|Iron Valiant|\n|poke|p2|Kingambit, F|\n|poke|p2|Pawniard, M|\n|poke|p2|Corviknight, F|\n|poke|p2|Alomomola, M|\n|poke|p2|Blissey, F|\n|poke|p2|Clefable, F|\n|teampreview\n|inactive|Battle timer is ON: inactive players will automatically lose when time's up. (requested by okmmmmmm)\n|\n|t:|1699043270\n|start\n|switch|p1a: Forretress|Forretress, M|100\/100\n|switch|p2a: Clefable|Clefable, F, shiny|100\/100\n|turn|1\n|\n|t:|1699043282\n|move|p2a: Clefable|Ice Punch|p1a: Forretress\n|-resisted|p1a: Forretress\n|-damage|p1a: Forretress|95\/100\n|move|p1a: Forretress|Toxic Spikes|p2a: Clefable\n|-sidestart|p2: okmmmmmm|move: Toxic Spikes\n|\n|upkeep\n|turn|2\n|\n|t:|1699043288\n|move|p2a: Clefable|Meteor Mash|p1a: Forretress\n|-resisted|p1a: Forretress\n|-damage|p1a: Forretress|89\/100\n|move|p1a: Forretress|Stealth Rock|p2a: Clefable\n|-sidestart|p2: okmmmmmm|move: Stealth Rock\n|\n|upkeep\n|turn|3\n|\n|t:|1699043295\n|move|p2a: Clefable|Blizzard|p1a: Forretress|[miss]\n|-miss|p2a: Clefable|p1a: Forretress\n|move|p1a: Forretress|Spikes|p2a: Clefable\n|-sidestart|p2: okmmmmmm|Spikes\n|\n|upkeep\n|turn|4\n|\n|t:|1699043301\n|move|p2a: Clefable|Light Screen|p2a: Clefable\n|-sidestart|p2: okmmmmmm|move: Light Screen\n|move|p1a: Forretress|Spikes|p2a: Clefable\n|-sidestart|p2: okmmmmmm|Spikes\n|\n|upkeep\n|turn|5\n|\n|t:|1699043307\n|move|p2a: Clefable|Meteor Mash|p1a: Forretress\n|-resisted|p1a: Forretress\n|-damage|p1a: Forretress|83\/100\n|move|p1a: Forretress|Spikes|p2a: Clefable\n|-sidestart|p2: okmmmmmm|Spikes\n|\n|upkeep\n|turn|6\n|\n|t:|1699043313\n|move|p2a: Clefable|Light Screen||[still]\n|-fail|p2a: Clefable\n|move|p1a: Forretress|Toxic Spikes|p2a: Clefable\n|-sidestart|p2: okmmmmmm|move: Toxic Spikes\n|\n|upkeep\n|turn|7\n|\n|t:|1699043319\n|move|p2a: Clefable|Meteor Mash|p1a: Forretress\n|-resisted|p1a: Forretress\n|-damage|p1a: Forretress|77\/100\n|-boost|p2a: Clefable|atk|1\n|move|p1a: Forretress|Rapid Spin|p2a: Clefable\n|-damage|p2a: Clefable|87\/100\n|-boost|p1a: Forretress|spe|1\n|\n|upkeep\n|turn|8\n|\n|t:|1699043328\n|move|p2a: Clefable|Meteor Mash|p1a: Forretress\n|-resisted|p1a: Forretress\n|-damage|p1a: Forretress|69\/100\n|move|p1a: Forretress|Rapid Spin|p2a: Clefable\n|-damage|p2a: Clefable|76\/100\n|-boost|p1a: Forretress|spe|1\n|\n|-sideend|p2: okmmmmmm|move: Light Screen\n|upkeep\n|turn|9\n|\n|t:|1699043337\n|move|p1a: Forretress|Rapid Spin|p2a: Clefable\n|-damage|p2a: Clefable|63\/100\n|-boost|p1a: Forretress|spe|1\n|move|p2a: Clefable|Meteor Mash|p1a: Forretress\n|-resisted|p1a: Forretress\n|-damage|p1a: Forretress|61\/100\n|-boost|p2a: Clefable|atk|1\n|\n|upkeep\n|turn|10\n|\n|t:|1699043346\n|move|p1a: Forretress|Rapid Spin|p2a: Clefable\n|-damage|p2a: Clefable|52\/100\n|-boost|p1a: Forretress|spe|1\n|move|p2a: Clefable|Meteor Mash|p1a: Forretress\n|-resisted|p1a: Forretress\n|-damage|p1a: Forretress|48\/100\n|\n|upkeep\n|turn|11\n|\n|t:|1699043354\n|move|p1a: Forretress|Rapid Spin|p2a: Clefable\n|-damage|p2a: Clefable|38\/100\n|-boost|p1a: Forretress|spe|1\n|move|p2a: Clefable|Meteor Mash|p1a: Forretress|[miss]\n|-miss|p2a: Clefable|p1a: Forretress\n|\n|upkeep\n|turn|12\n|\n|t:|1699043361\n|move|p1a: Forretress|Rapid Spin|p2a: Clefable\n|-damage|p2a: Clefable|24\/100\n|-boost|p1a: Forretress|spe|1\n|move|p2a: Clefable|Meteor Mash|p1a: Forretress\n|-resisted|p1a: Forretress\n|-damage|p1a: Forretress|37\/100\n|\n|upkeep\n|turn|13\n|\n|t:|1699043369\n|move|p1a: Forretress|Rapid Spin|p2a: Clefable\n|-damage|p2a: Clefable|12\/100\n|move|p2a: Clefable|Meteor Mash|p1a: Forretress\n|-resisted|p1a: Forretress\n|-damage|p1a: Forretress|24\/100\n|\n|upkeep\n|turn|14\n|\n|t:|1699043376\n|move|p1a: Forretress|Rapid Spin|p2a: Clefable\n|-damage|p2a: Clefable|0 fnt\n|faint|p2a: Clefable\n|\n|upkeep\n|\n|t:|1699043380\n|switch|p2a: Blissey|Blissey, F, shiny|100\/100\n|-status|p2a: Blissey|tox\n|-damage|p2a: Blissey|88\/100 tox|[from] Stealth Rock\n|-damage|p2a: Blissey|63\/100 tox|[from] Spikes\n|turn|15\n|\n|t:|1699043388\n|move|p1a: Forretress|Rapid Spin|p2a: Blissey\n|-damage|p2a: Blissey|37\/100 tox\n|move|p2a: Blissey|Hyper Voice|p1a: Forretress\n|-resisted|p1a: Forretress\n|-damage|p1a: Forretress|10\/100\n|\n|-damage|p2a: Blissey|30\/100 tox|[from] psn\n|upkeep\n|turn|16\n|\n|t:|1699043397\n|move|p1a: Forretress|Rapid Spin|p2a: Blissey\n|-damage|p2a: Blissey|2\/100 tox\n|move|p2a: Blissey|Body Slam|p1a: Forretress\n|-resisted|p1a: Forretress\n|-damage|p1a: Forretress|5\/100\n|-damage|p2a: Blissey|0 fnt|[from] item: Rocky Helmet|[of] p1a: Forretress\n|faint|p2a: Blissey\n|\n|upkeep\n|\n|t:|1699043404\n|switch|p2a: Alomomola|Alomomola, M, shiny|100\/100\n|-status|p2a: Alomomola|tox\n|-damage|p2a: Alomomola|88\/100 tox|[from] Stealth Rock\n|-damage|p2a: Alomomola|63\/100 tox|[from] Spikes\n|turn|17\n|\n|t:|1699043411\n|move|p2a: Alomomola|Aqua Jet|p1a: Forretress\n|-damage|p1a: Forretress|0 fnt\n|-damage|p2a: Alomomola|47\/100 tox|[from] item: Rocky Helmet|[of] p1a: Forretress\n|faint|p1a: Forretress\n|\n|-damage|p2a: Alomomola|41\/100 tox|[from] psn\n|upkeep\n|\n|t:|1699043419\n|switch|p1a: Masquerain|Masquerain, F|100\/100\n|-ability|p1a: Masquerain|Intimidate|boost\n|-unboost|p2a: Alomomola|atk|1\n|turn|18\n|\n|t:|1699043424\n|move|p2a: Alomomola|Aqua Jet|p1a: Masquerain\n|-damage|p1a: Masquerain|90\/100\n|move|p1a: Masquerain|Whirlwind|p2a: Alomomola\n|drag|p2a: Corviknight|Corviknight, F, shiny|100\/100\n|-ability|p2a: Corviknight|Unnerve\n|\n|upkeep\n|turn|19\n|\n|t:|1699043433\n|move|p1a: Masquerain|Sticky Web|p2a: Corviknight\n|-sidestart|p2: okmmmmmm|move: Sticky Web\n|move|p2a: Corviknight|Steel Beam|p1a: Masquerain\n|-damage|p1a: Masquerain|47\/100\n|-damage|p2a: Corviknight|50\/100|[from] steelbeam\n|\n|upkeep\n|turn|20\n|\n|t:|1699043440\n|move|p2a: Corviknight|Steel Beam|p1a: Masquerain\n|-crit|p1a: Masquerain\n|-damage|p1a: Masquerain|0 fnt\n|-damage|p2a: Corviknight|0 fnt|[from] steelbeam\n|faint|p2a: Corviknight\n|faint|p1a: Masquerain\n|\n|upkeep\n|\n|t:|1699043450\n|switch|p1a: Volcarona|Volcarona, M, shiny|100\/100\n|switch|p2a: Alomomola|Alomomola, M, shiny|41\/100 tox\n|-damage|p2a: Alomomola|28\/100 tox|[from] Stealth Rock\n|-damage|p2a: Alomomola|3\/100 tox|[from] Spikes\n|-activate|p2a: Alomomola|move: Sticky Web\n|-unboost|p2a: Alomomola|spe|1\n|turn|21\n|\n|t:|1699043459\n|move|p2a: Alomomola|Aqua Jet|p1a: Volcarona\n|-supereffective|p1a: Volcarona\n|-damage|p1a: Volcarona|74\/100\n|move|p1a: Volcarona|Quiver Dance|p1a: Volcarona\n|-boost|p1a: Volcarona|spa|1\n|-boost|p1a: Volcarona|spd|1\n|-boost|p1a: Volcarona|spe|1\n|\n|-damage|p2a: Alomomola|0 fnt|[from] psn\n|faint|p2a: Alomomola\n|upkeep\n|\n|t:|1699043468\n|switch|p2a: Pawniard|Pawniard, M, shiny|100\/100\n|-damage|p2a: Pawniard|94\/100|[from] Stealth Rock\n|-damage|p2a: Pawniard|70\/100|[from] Spikes\n|-activate|p2a: Pawniard|move: Sticky Web\n|-unboost|p2a: Pawniard|spe|1\n|turn|22\n|\n|t:|1699043476\n|move|p1a: Volcarona|Fiery Dance|p2a: Pawniard\n|-supereffective|p2a: Pawniard\n|-damage|p2a: Pawniard|0 fnt\n|-boost|p1a: Volcarona|spa|1\n|faint|p2a: Pawniard\n|\n|upkeep\n|\n|t:|1699043482\n|switch|p2a: Kingambit|Kingambit, F, shiny|100\/100\n|-damage|p2a: Kingambit|94\/100|[from] Stealth Rock\n|-damage|p2a: Kingambit|69\/100|[from] Spikes\n|-activate|p2a: Kingambit|move: Sticky Web\n|-unboost|p2a: Kingambit|spe|1\n|-activate|p2a: Kingambit|ability: Supreme Overlord\n|-start|p2a: Kingambit|fallen5|[silent]\n|turn|23\n|\n|t:|1699043491\n|move|p1a: Volcarona|Fiery Dance|p2a: Kingambit\n|-supereffective|p2a: Kingambit\n|-damage|p2a: Kingambit|0 fnt\n|-boost|p1a: Volcarona|spa|1\n|faint|p2a: Kingambit\n|-end|p2a: Kingambit|fallen5|[silent]\n|\n|win|MelloBello\n|raw|MelloBello's rating: 1143 &rarr; <strong>1161<\/strong><br \/>(+18 for winning)\n|raw|okmmmmmm's rating: 1036 &rarr; <strong>1025<\/strong><br \/>(-11 for losing)\n","uploadtime":1699043499,"views":13,"p1id":"mellobello","p2id":"okmmmmmm","formatid":"gen9anythinggoes","rating":1025,"private":0,"password":""}