{"id":"gen9anythinggoes-1972048862","p1":"kingokp","p2":"Tbonesteak55555","format":"[Gen 9] Anything Goes","log":"|j|\u2606kingokp\n|j|\u2606Tbonesteak55555\n|t:|1697808405\n|gametype|singles\n|player|p1|kingokp|aetherfoundation|1058\n|player|p2|Tbonesteak55555|170|1077\n|teamsize|p1|6\n|teamsize|p2|6\n|gen|9\n|tier|[Gen 9] Anything Goes\n|rated|\n|rule|HP Percentage Mod: HP is shown in percentages\n|rule|Endless Battle Clause: Forcing endless battles is banned\n|clearpoke\n|poke|p1|Krookodile, F|\n|poke|p1|Krookodile, M|\n|poke|p1|Krookodile, M|\n|poke|p1|Krookodile, F|\n|poke|p1|Iron Bundle|\n|poke|p1|Krookodile, M|\n|poke|p2|Maushold-Four|\n|poke|p2|Maushold-Four|\n|poke|p2|Maushold-Four|\n|poke|p2|Maushold-Four|\n|poke|p2|Maushold-Four|\n|poke|p2|Maushold-Four|\n|teampreview\n|inactive|Battle timer is ON: inactive players will automatically lose when time's up. (requested by kingokp)\n|c|\u2606kingokp|gg\n|\n|t:|1697808413\n|start\n|switch|p1a: 4|Krookodile, F|100\/100\n|switch|p2a: Maushold|Maushold-Four|100\/100\n|turn|1\n|\n|t:|1697808421\n|move|p1a: 4|Earthquake|p2a: Maushold\n|-damage|p2a: Maushold|23\/100\n|move|p2a: Maushold|Tidy Up|p2a: Maushold\n|-boost|p2a: Maushold|atk|1\n|-boost|p2a: Maushold|spe|1\n|\n|upkeep\n|turn|2\n|c|\u2606Tbonesteak55555|Glhf\n|\n|t:|1697808435\n|move|p2a: Maushold|Population Bomb|p1a: 4\n|-damage|p1a: 4|82\/100\n|-damage|p1a: 4|60\/100\n|-damage|p1a: 4|41\/100\n|-damage|p1a: 4|19\/100\n|-damage|p1a: 4|0 fnt\n|faint|p1a: 4\n|-hitcount|p1: 4|5\n|\n|upkeep\n|\n|t:|1697808442\n|switch|p1a: 3|Krookodile, M|100\/100\n|turn|3\n|c|\u2606kingokp|is this fun?\n|\n|t:|1697808451\n|-terastallize|p1a: 3|Ground\n|move|p2a: Maushold|Population Bomb|p1a: 3\n|-damage|p1a: 3|81\/100\n|-damage|p1a: 3|59\/100\n|-damage|p1a: 3|39\/100\n|-crit|p1a: 3\n|-damage|p1a: 3|8\/100\n|-damage|p1a: 3|0 fnt\n|faint|p1a: 3\n|-hitcount|p1: 3|5\n|\n|upkeep\n|\n|t:|1697808456\n|switch|p1a: 2|Krookodile, M|100\/100\n|turn|4\n|\n|t:|1697808460\n|move|p2a: Maushold|Population Bomb|p1a: 2\n|-damage|p1a: 2|80\/100\n|-damage|p1a: 2|60\/100\n|-hitcount|p1a: 2|2\n|cant|p1a: 2|flinch\n|\n|upkeep\n|turn|5\n|c|\u2606Tbonesteak55555|Yes\n|\n|t:|1697808474\n|move|p2a: Maushold|Population Bomb|p1a: 2\n|-damage|p1a: 2|40\/100\n|-damage|p1a: 2|21\/100\n|-damage|p1a: 2|0 fnt\n|faint|p1a: 2\n|-hitcount|p1: 2|3\n|\n|upkeep\n|\n|t:|1697808479\n|switch|p1a: 1|Krookodile, F|100\/100\n|turn|6\n|\n|t:|1697808482\n|move|p2a: Maushold|Population Bomb|p1a: 1\n|-damage|p1a: 1|81\/100\n|-damage|p1a: 1|60\/100\n|-damage|p1a: 1|40\/100\n|-damage|p1a: 1|20\/100\n|-damage|p1a: 1|0 fnt\n|faint|p1a: 1\n|-hitcount|p1: 1|5\n|\n|upkeep\n|c|\u2606kingokp|for you maybe\n|\n|t:|1697808494\n|switch|p1a: Iron Bundle|Iron Bundle|100\/100\n|-enditem|p1a: Iron Bundle|Booster Energy\n|-activate|p1a: Iron Bundle|ability: Quark Drive|[fromitem]\n|-start|p1a: Iron Bundle|quarkdrivespe\n|turn|7\n|\n|t:|1697808501\n|move|p1a: Iron Bundle|Ice Beam|p2a: Maushold\n|-damage|p2a: Maushold|0 fnt\n|faint|p2a: Maushold\n|\n|upkeep\n|\n|t:|1697808505\n|switch|p2a: Maushold|Maushold-Four|100\/100\n|turn|8\n|\n|t:|1697808510\n|move|p1a: Iron Bundle|Ice Beam|p2a: Maushold\n|-damage|p2a: Maushold|29\/100\n|move|p2a: Maushold|Population Bomb|p1a: Iron Bundle\n|-damage|p1a: Iron Bundle|87\/100\n|-damage|p1a: Iron Bundle|73\/100\n|-damage|p1a: Iron Bundle|58\/100\n|-damage|p1a: Iron Bundle|44\/100\n|-damage|p1a: Iron Bundle|32\/100\n|-crit|p1a: Iron Bundle\n|-damage|p1a: Iron Bundle|11\/100\n|-damage|p1a: Iron Bundle|0 fnt\n|faint|p1a: Iron Bundle\n|-end|p1a: Iron Bundle|Quark Drive|[silent]\n|-hitcount|p1: Iron Bundle|7\n|\n|upkeep\n|\n|t:|1697808515\n|switch|p1a: midget|Krookodile, M|100\/100\n|turn|9\n|c|\u2606kingokp|well gg\n|\n|t:|1697808526\n|move|p1a: midget|Earthquake|p2a: Maushold\n|-damage|p2a: Maushold|0 fnt\n|faint|p2a: Maushold\n|-ability|p1a: midget|Moxie|boost\n|-boost|p1a: midget|atk|1\n|\n|upkeep\n|\n|t:|1697808533\n|switch|p2a: Maushold|Maushold-Four|100\/100\n|turn|10\n|\n|t:|1697808537\n|move|p1a: midget|Earthquake|p2a: Maushold\n|-damage|p2a: Maushold|0 fnt\n|faint|p2a: Maushold\n|-ability|p1a: midget|Moxie|boost\n|-boost|p1a: midget|atk|1\n|\n|upkeep\n|\n|t:|1697808543\n|switch|p2a: Maushold|Maushold-Four|100\/100\n|turn|11\n|c|\u2606kingokp|hold on?\n|\n|t:|1697808546\n|move|p1a: midget|Earthquake|p2a: Maushold\n|-damage|p2a: Maushold|0 fnt\n|faint|p2a: Maushold\n|-ability|p1a: midget|Moxie|boost\n|-boost|p1a: midget|atk|1\n|\n|upkeep\n|\n|t:|1697808553\n|switch|p2a: Maushold|Maushold-Four|100\/100\n|turn|12\n|c|\u2606kingokp|the sweep\n|\n|t:|1697808555\n|-terastallize|p2a: Maushold|Ghost\n|move|p1a: midget|Earthquake|p2a: Maushold\n|-damage|p2a: Maushold|0 fnt\n|faint|p2a: Maushold\n|-ability|p1a: midget|Moxie|boost\n|-boost|p1a: midget|atk|1\n|\n|upkeep\n|\n|t:|1697808559\n|switch|p2a: Maushold|Maushold-Four|100\/100\n|turn|13\n|\n|t:|1697808563\n|move|p1a: midget|Earthquake|p2a: Maushold\n|-damage|p2a: Maushold|0 fnt\n|faint|p2a: Maushold\n|\n|win|kingokp\n|raw|kingokp's rating: 1058 &rarr; <strong>1091<\/strong><br \/>(+33 for winning)\n|raw|Tbonesteak55555's rating: 1077 &rarr; <strong>1054<\/strong><br \/>(-23 for losing)\n|c|\u2606kingokp|gg\n|l|\u2606Tbonesteak55555\n","uploadtime":1697808574,"views":13,"p1id":"kingokp","p2id":"tbonesteak55555","formatid":"gen9anythinggoes","rating":1054,"private":0,"password":""}