{"id":"gen9anythinggoes-1984395625","p1":"Raymond R3ddington","p2":"Dumbfudge","format":"[Gen 9] Anything Goes","log":"|j|\u2606Raymond R3ddington\n|j|\u2606Dumbfudge\n|t:|1699256011\n|gametype|singles\n|player|p1|Raymond R3ddington|giovanni|1327\n|player|p2|Dumbfudge|blackbelt-gen4dp|1344\n|teamsize|p1|6\n|teamsize|p2|6\n|gen|9\n|tier|[Gen 9] Anything Goes\n|rated|\n|rule|HP Percentage Mod: HP is shown in percentages\n|rule|Endless Battle Clause: Forcing endless battles is banned\n|clearpoke\n|poke|p1|Greninja-*, M|\n|poke|p1|Dragapult, F|\n|poke|p1|Baxcalibur, M|\n|poke|p1|Chandelure, M|\n|poke|p1|Arceus-Electric|\n|poke|p1|Miraidon|\n|poke|p2|Espathra, M|\n|poke|p2|Giratina|\n|poke|p2|Shaymin-Sky|\n|poke|p2|Zacian-*|\n|poke|p2|Ditto|\n|poke|p2|Breloom, M|\n|teampreview\n|inactive|Battle timer is ON: inactive players will automatically lose when time's up. (requested by Raymond R3ddington)\n|\n|t:|1699256029\n|start\n|switch|p1a: Baxcalibur|Baxcalibur, M|100\/100\n|switch|p2a: Whooping cough|Zacian-Crowned|100\/100\n|-ability|p2a: Whooping cough|Intrepid Sword|boost\n|-boost|p2a: Whooping cough|atk|1\n|turn|1\n|\n|t:|1699256040\n|-terastallize|p2a: Whooping cough|Steel\n|move|p2a: Whooping cough|Behemoth Blade|p1a: Baxcalibur\n|-supereffective|p1a: Baxcalibur\n|-damage|p1a: Baxcalibur|0 fnt\n|faint|p1a: Baxcalibur\n|\n|upkeep\n|inactive|Raymond R3ddington has 120 seconds left.\n|\n|t:|1699256066\n|switch|p1a: Dragapult|Dragapult, F, shiny|100\/100\n|turn|2\n|\n|t:|1699256073\n|move|p2a: Whooping cough|Behemoth Blade|p1a: Dragapult\n|-damage|p1a: Dragapult|0 fnt\n|faint|p1a: Dragapult\n|\n|upkeep\n|\n|t:|1699256080\n|switch|p1a: Chandelure|Chandelure, M|100\/100\n|turn|3\n|\n|t:|1699256083\n|move|p2a: Whooping cough|Behemoth Blade|p1a: Chandelure\n|-resisted|p1a: Chandelure\n|-damage|p1a: Chandelure|37\/100\n|move|p1a: Chandelure|Minimize|p1a: Chandelure\n|-boost|p1a: Chandelure|evasion|2\n|\n|-heal|p1a: Chandelure|43\/100|[from] item: Leftovers\n|upkeep\n|turn|4\n|\n|t:|1699256092\n|move|p2a: Whooping cough|Behemoth Blade|p1a: Chandelure\n|-resisted|p1a: Chandelure\n|-damage|p1a: Chandelure|0 fnt\n|faint|p1a: Chandelure\n|\n|upkeep\n|\n|t:|1699256098\n|switch|p1a: Arceus|Arceus-Electric|100\/100\n|turn|5\n|\n|t:|1699256104\n|move|p2a: Whooping cough|Behemoth Blade|p1a: Arceus\n|-resisted|p1a: Arceus\n|-damage|p1a: Arceus|57\/100\n|move|p1a: Arceus|Hydro Pump|p2a: Whooping cough\n|-damage|p2a: Whooping cough|68\/100\n|\n|upkeep\n|turn|6\n|\n|t:|1699256111\n|move|p2a: Whooping cough|Behemoth Blade|p1a: Arceus\n|-resisted|p1a: Arceus\n|-damage|p1a: Arceus|16\/100\n|move|p1a: Arceus|Judgment|p2a: Whooping cough\n|-damage|p2a: Whooping cough|8\/100\n|\n|upkeep\n|turn|7\n|\n|t:|1699256119\n|move|p2a: Whooping cough|Behemoth Blade|p1a: Arceus\n|-resisted|p1a: Arceus\n|-damage|p1a: Arceus|0 fnt\n|faint|p1a: Arceus\n|\n|upkeep\n|\n|t:|1699256126\n|switch|p1a: Greninja|Greninja, M|100\/100\n|turn|8\n|\n|t:|1699256136\n|move|p1a: Greninja|Water Shuriken|p2a: Whooping cough\n|-damage|p2a: Whooping cough|2\/100\n|-damage|p2a: Whooping cough|0 fnt\n|faint|p2a: Whooping cough\n|-ability|p1a: Greninja|Battle Bond|boost\n|-boost|p1a: Greninja|atk|1\n|-boost|p1a: Greninja|spa|1\n|-boost|p1a: Greninja|spe|1\n|-activate|p1a: Greninja|ability: Battle Bond\n|-hitcount|p2: Whooping cough|2\n|\n|upkeep\n|\n|t:|1699256150\n|switch|p2a: Lice|Giratina|100\/100\n|-ability|p2a: Lice|Pressure\n|turn|9\n|\n|t:|1699256163\n|move|p1a: Greninja|Dark Pulse|p2a: Lice\n|-supereffective|p2a: Lice\n|-damage|p2a: Lice|47\/100\n|move|p2a: Lice|Roar|p1a: Greninja\n|drag|p1a: Miraidon|Miraidon|100\/100\n|-fieldstart|move: Electric Terrain|[from] ability: Hadron Engine|[of] p1a: Miraidon\n|\n|upkeep\n|turn|10\n|\n|t:|1699256176\n|move|p1a: Miraidon|Electro Drift|p2a: Lice\n|-resisted|p2a: Lice\n|-crit|p2a: Lice\n|-damage|p2a: Lice|9\/100\n|move|p2a: Lice|Outrage|p1a: Miraidon\n|-supereffective|p1a: Miraidon\n|-damage|p1a: Miraidon|0 fnt\n|faint|p1a: Miraidon\n|\n|upkeep\n|\n|t:|1699256181\n|switch|p1a: Greninja|Greninja, M|100\/100\n|turn|11\n|\n|t:|1699256189\n|move|p1a: Greninja|Ice Beam|p2a: Lice\n|-supereffective|p2a: Lice\n|-damage|p2a: Lice|0 fnt\n|faint|p2a: Lice\n|\n|upkeep\n|\n|t:|1699256198\n|switch|p2a: Ditto|Ditto|100\/100\n|-transform|p2a: Ditto|p1a: Greninja|[from] ability: Imposter\n|turn|12\n|\n|t:|1699256217\n|move|p2a: Ditto|Water Shuriken|p1a: Greninja\n|-resisted|p1a: Greninja\n|-damage|p1a: Greninja|95\/100\n|-resisted|p1a: Greninja\n|-damage|p1a: Greninja|90\/100\n|-resisted|p1a: Greninja\n|-damage|p1a: Greninja|84\/100\n|-hitcount|p1a: Greninja|3\n|move|p1a: Greninja|Dark Pulse|p2a: Ditto\n|-resisted|p2a: Ditto\n|-damage|p2a: Ditto|74\/100\n|\n|upkeep\n|turn|13\n|inactive|Raymond R3ddington has 120 seconds left.\n|inactive|Raymond R3ddington has 90 seconds left.\n|\n|t:|1699256299\n|move|p2a: Ditto|Water Shuriken|p1a: Greninja\n|-resisted|p1a: Greninja\n|-damage|p1a: Greninja|79\/100\n|-resisted|p1a: Greninja\n|-damage|p1a: Greninja|74\/100\n|-hitcount|p1a: Greninja|2\n|move|p1a: Greninja|Ice Beam|p2a: Ditto\n|-resisted|p2a: Ditto\n|-damage|p2a: Ditto|54\/100\n|\n|-fieldend|move: Electric Terrain\n|upkeep\n|turn|14\n|\n|t:|1699256309\n|-terastallize|p1a: Greninja|Water\n|move|p2a: Ditto|Water Shuriken|p1a: Greninja\n|-resisted|p1a: Greninja\n|-damage|p1a: Greninja|68\/100\n|-resisted|p1a: Greninja\n|-damage|p1a: Greninja|63\/100\n|-hitcount|p1a: Greninja|2\n|move|p1a: Greninja|Dark Pulse|p2a: Ditto\n|-resisted|p2a: Ditto\n|-crit|p2a: Ditto\n|-damage|p2a: Ditto|16\/100\n|\n|upkeep\n|turn|15\n|\n|t:|1699256321\n|move|p2a: Ditto|Water Shuriken|p1a: Greninja\n|-resisted|p1a: Greninja\n|-damage|p1a: Greninja|57\/100\n|-resisted|p1a: Greninja\n|-damage|p1a: Greninja|52\/100\n|-resisted|p1a: Greninja\n|-damage|p1a: Greninja|46\/100\n|-hitcount|p1a: Greninja|3\n|move|p1a: Greninja|Dark Pulse|p2a: Ditto\n|-resisted|p2a: Ditto\n|-damage|p2a: Ditto|0 fnt\n|faint|p2a: Ditto\n|\n|upkeep\n|\n|t:|1699256332\n|switch|p2a: Cancer|Shaymin-Sky|100\/100\n|turn|16\n|\n|t:|1699256337\n|move|p2a: Cancer|Air Slash|p1a: Greninja\n|-damage|p1a: Greninja|0 fnt\n|faint|p1a: Greninja\n|\n|win|Dumbfudge\n|raw|Raymond R3ddington's rating: 1327 &rarr; <strong>1308<\/strong><br \/>(-19 for losing)\n|raw|Dumbfudge's rating: 1344 &rarr; <strong>1363<\/strong><br \/>(+19 for winning)\n","uploadtime":1699256351,"views":4,"p1id":"raymondr3ddington","p2id":"dumbfudge","formatid":"gen9anythinggoes","rating":1308,"private":0,"password":""}