{"id":"gen9anythinggoes-1997020980","p1":"Belatrix1999","p2":"diobrando7","format":"[Gen 9] Anything Goes","log":"|j|\u2606Belatrix1999\n|j|\u203ddiobrando7\n|t:|1700756486\n|gametype|singles\n|player|p1|Belatrix1999|cynthia|1328\n|player|p2|diobrando7|red|1430\n|teamsize|p1|6\n|teamsize|p2|6\n|gen|9\n|tier|[Gen 9] Anything Goes\n|rated|\n|rule|HP Percentage Mod: HP is shown in percentages\n|rule|Endless Battle Clause: Forcing endless battles is banned\n|clearpoke\n|poke|p1|Calyrex-Shadow|\n|poke|p1|Koraidon|\n|poke|p1|Darkrai|\n|poke|p1|Kyogre|\n|poke|p1|Shaymin-Sky|\n|poke|p1|Ditto|\n|poke|p2|Arceus-Fairy|\n|poke|p2|Arceus|\n|poke|p2|Koraidon|\n|poke|p2|Calyrex-Shadow|\n|poke|p2|Miraidon|\n|poke|p2|Ribombee, F|\n|teampreview\n|inactive|Battle timer is ON: inactive players will automatically lose when time's up. (requested by diobrando7)\n|\n|t:|1700756499\n|start\n|switch|p1a: Koraidon|Koraidon|100\/100\n|switch|p2a: Miraidon|Miraidon|100\/100\n|-weather|SunnyDay|[from] ability: Orichalcum Pulse|[of] p1a: Koraidon\n|-activate|p1a: Koraidon|Orichalcum Pulse|[source]\n|-fieldstart|move: Electric Terrain|[from] ability: Hadron Engine|[of] p2a: Miraidon\n|turn|1\n|\n|t:|1700756525\n|switch|p2a: Ribombee|Ribombee, F|100\/100\n|move|p1a: Koraidon|Scale Shot|p2a: Ribombee\n|-immune|p2a: Ribombee\n|\n|-weather|SunnyDay|[upkeep]\n|upkeep\n|turn|2\n|inactive|Belatrix1999 has 120 seconds left.\n|\n|t:|1700756543\n|move|p1a: Koraidon|Flare Blitz|p2a: Ribombee\n|-supereffective|p2a: Ribombee\n|-enditem|p2a: Ribombee|Focus Sash\n|-damage|p2a: Ribombee|1\/100\n|-damage|p1a: Koraidon|75\/100|[from] Recoil\n|move|p2a: Ribombee|Tailwind|p2a: Ribombee\n|-sidestart|p2: diobrando7|move: Tailwind\n|\n|-weather|SunnyDay|[upkeep]\n|upkeep\n|turn|3\n|inactive|Belatrix1999 has 120 seconds left.\n|\n|t:|1700756559\n|move|p2a: Ribombee|Sticky Web|p1a: Koraidon\n|-sidestart|p1: Belatrix1999|move: Sticky Web\n|move|p1a: Koraidon|Flare Blitz|p2a: Ribombee\n|-supereffective|p2a: Ribombee\n|-crit|p2a: Ribombee\n|-damage|p2a: Ribombee|0 fnt\n|faint|p2a: Ribombee\n|-damage|p1a: Koraidon|75\/100|[from] Recoil\n|\n|-weather|SunnyDay|[upkeep]\n|upkeep\n|\n|t:|1700756569\n|switch|p2a: Calyrex|Calyrex-Shadow|100\/100\n|-ability|p2a: Calyrex|As One\n|-ability|p2a: Calyrex|Unnerve\n|turn|4\n|\n|t:|1700756578\n|switch|p1a: Darkrai|Darkrai|100\/100\n|-activate|p1a: Darkrai|move: Sticky Web\n|-unboost|p1a: Darkrai|spe|1\n|move|p2a: Calyrex|Psychic|p1a: Darkrai\n|-immune|p1a: Darkrai\n|\n|-weather|SunnyDay|[upkeep]\n|upkeep\n|turn|5\n|\n|t:|1700756589\n|switch|p2a: Arceus|Arceus|100\/100\n|move|p1a: Darkrai|Dark Pulse|p2a: Arceus\n|-damage|p2a: Arceus|68\/100\n|\n|-weather|none\n|-heal|p2a: Arceus|74\/100|[from] item: Leftovers\n|-sideend|p2: diobrando7|move: Tailwind\n|-fieldend|move: Electric Terrain\n|upkeep\n|turn|6\n|\n|t:|1700756598\n|move|p2a: Arceus|Swords Dance|p2a: Arceus\n|-boost|p2a: Arceus|atk|2\n|move|p1a: Darkrai|Hypnosis|p2a: Arceus|[miss]\n|-miss|p1a: Darkrai|p2a: Arceus\n|\n|-heal|p2a: Arceus|80\/100|[from] item: Leftovers\n|upkeep\n|turn|7\n|\n|t:|1700756606\n|move|p2a: Arceus|Swords Dance|p2a: Arceus\n|-boost|p2a: Arceus|atk|2\n|move|p1a: Darkrai|Hypnosis|p2a: Arceus\n|-status|p2a: Arceus|slp|[from] move: Hypnosis\n|\n|-heal|p2a: Arceus|86\/100 slp|[from] item: Leftovers\n|-damage|p2a: Arceus|74\/100 slp|[from] ability: Bad Dreams|[of] p1a: Darkrai\n|upkeep\n|turn|8\n|\n|t:|1700756615\n|cant|p2a: Arceus|slp\n|move|p1a: Darkrai|Dark Pulse|p2a: Arceus\n|-damage|p2a: Arceus|39\/100 slp\n|\n|-heal|p2a: Arceus|45\/100 slp|[from] item: Leftovers\n|-damage|p2a: Arceus|33\/100 slp|[from] ability: Bad Dreams|[of] p1a: Darkrai\n|upkeep\n|turn|9\n|\n|t:|1700756623\n|cant|p2a: Arceus|slp\n|move|p1a: Darkrai|Dark Pulse|p2a: Arceus\n|-damage|p2a: Arceus|3\/100 slp\n|\n|-heal|p2a: Arceus|9\/100 slp|[from] item: Leftovers\n|-damage|p2a: Arceus|0 fnt|[from] ability: Bad Dreams|[of] p1a: Darkrai\n|faint|p2a: Arceus\n|upkeep\n|\n|t:|1700756639\n|switch|p2a: Arceus|Arceus-Fairy|100\/100\n|turn|10\n|\n|t:|1700756655\n|switch|p1a: Ditto|Ditto|100\/100\n|-activate|p1a: Ditto|move: Sticky Web\n|-unboost|p1a: Ditto|spe|1\n|-transform|p1a: Ditto|p2a: Arceus|[from] ability: Imposter\n|move|p2a: Arceus|Calm Mind|p2a: Arceus\n|-boost|p2a: Arceus|spa|1\n|-boost|p2a: Arceus|spd|1\n|\n|upkeep\n|turn|11\n|\n|t:|1700756671\n|move|p1a: Ditto|Judgment|p2a: Arceus\n|-damage|p2a: Arceus|83\/100\n|move|p2a: Arceus|Calm Mind|p2a: Arceus\n|-boost|p2a: Arceus|spa|1\n|-boost|p2a: Arceus|spd|1\n|\n|upkeep\n|turn|12\n|\n|t:|1700756687\n|move|p1a: Ditto|Judgment|p2a: Arceus\n|-damage|p2a: Arceus|69\/100\n|move|p2a: Arceus|Judgment|p1a: Ditto\n|-damage|p1a: Ditto|0 fnt\n|faint|p1a: Ditto\n|\n|upkeep\n|inactive|Belatrix1999 has 120 seconds left.\n|\n|t:|1700756710\n|switch|p1a: Shaymin|Shaymin-Sky|100\/100\n|turn|13\n|\n|t:|1700756732\n|-terastallize|p1a: Shaymin|Flying\n|move|p1a: Shaymin|Air Slash|p2a: Arceus\n|-damage|p2a: Arceus|51\/100\n|cant|p2a: Arceus|flinch\n|\n|upkeep\n|turn|14\n|\n|t:|1700756760\n|move|p1a: Shaymin|Air Slash|p2a: Arceus\n|-damage|p2a: Arceus|31\/100\n|move|p2a: Arceus|Recover|p2a: Arceus\n|-heal|p2a: Arceus|82\/100\n|\n|upkeep\n|turn|15\n|\n|t:|1700756765\n|move|p1a: Shaymin|Air Slash|p2a: Arceus\n|-damage|p2a: Arceus|63\/100\n|cant|p2a: Arceus|flinch\n|\n|upkeep\n|turn|16\n|\n|t:|1700756770\n|move|p1a: Shaymin|Air Slash|p2a: Arceus\n|-damage|p2a: Arceus|44\/100\n|cant|p2a: Arceus|flinch\n|\n|upkeep\n|turn|17\n|inactive|Belatrix1999 has 120 seconds left.\n|\n|t:|1700756776\n|move|p1a: Shaymin|Air Slash|p2a: Arceus\n|-damage|p2a: Arceus|26\/100\n|cant|p2a: Arceus|flinch\n|\n|upkeep\n|turn|18\n|\n|t:|1700756781\n|move|p1a: Shaymin|Air Slash|p2a: Arceus\n|-damage|p2a: Arceus|6\/100\n|cant|p2a: Arceus|flinch\n|\n|upkeep\n|turn|19\n|\n|t:|1700756789\n|move|p1a: Shaymin|Air Slash|p2a: Arceus\n|-damage|p2a: Arceus|0 fnt\n|faint|p2a: Arceus\n|\n|upkeep\n|\n|t:|1700756797\n|switch|p2a: Miraidon|Miraidon|100\/100\n|-fieldstart|move: Electric Terrain|[from] ability: Hadron Engine|[of] p2a: Miraidon\n|turn|20\n|\n|t:|1700756806\n|switch|p1a: Koraidon|Koraidon|75\/100\n|-activate|p1a: Koraidon|move: Sticky Web\n|-unboost|p1a: Koraidon|spe|1\n|-weather|SunnyDay|[from] ability: Orichalcum Pulse|[of] p1a: Koraidon\n|-activate|p1a: Koraidon|Orichalcum Pulse|[source]\n|-terastallize|p2a: Miraidon|Electric\n|move|p2a: Miraidon|Electro Drift|p1a: Koraidon\n|-resisted|p1a: Koraidon\n|-crit|p1a: Koraidon\n|-damage|p1a: Koraidon|0 fnt\n|faint|p1a: Koraidon\n|\n|-weather|SunnyDay|[upkeep]\n|upkeep\n|\n|t:|1700756827\n|switch|p1a: Shaymin|Shaymin-Sky, tera:Flying|100\/100\n|turn|21\n|\n|t:|1700756830\n|move|p1a: Shaymin|Earth Power|p2a: Miraidon\n|-supereffective|p2a: Miraidon\n|-damage|p2a: Miraidon|51\/100\n|move|p2a: Miraidon|Electro Drift|p1a: Shaymin\n|-supereffective|p1a: Shaymin\n|-damage|p1a: Shaymin|0 fnt\n|faint|p1a: Shaymin\n|\n|-weather|SunnyDay|[upkeep]\n|upkeep\n|\n|t:|1700756843\n|switch|p1a: Calyrex|Calyrex-Shadow|100\/100\n|-ability|p1a: Calyrex|As One\n|-ability|p1a: Calyrex|Unnerve\n|-activate|p1a: Calyrex|move: Sticky Web\n|-unboost|p1a: Calyrex|spe|1\n|turn|22\n|\n|t:|1700756856\n|move|p2a: Miraidon|Electro Drift|p1a: Calyrex\n|-damage|p1a: Calyrex|0 fnt\n|faint|p1a: Calyrex\n|\n|-weather|SunnyDay|[upkeep]\n|upkeep\n|\n|t:|1700756862\n|switch|p1a: Darkrai|Darkrai|100\/100\n|-activate|p1a: Darkrai|move: Sticky Web\n|-unboost|p1a: Darkrai|spe|1\n|turn|23\n|\n|t:|1700756868\n|move|p2a: Miraidon|Electro Drift|p1a: Darkrai\n|-enditem|p1a: Darkrai|Focus Sash\n|-damage|p1a: Darkrai|1\/100\n|move|p1a: Darkrai|Hypnosis|p2a: Miraidon\n|-activate|p2a: Miraidon|move: Electric Terrain\n|\n|-weather|SunnyDay|[upkeep]\n|upkeep\n|turn|24\n|\n|t:|1700756881\n|move|p2a: Miraidon|Electro Drift|p1a: Darkrai\n|-damage|p1a: Darkrai|0 fnt\n|faint|p1a: Darkrai\n|\n|-weather|none\n|-fieldend|move: Electric Terrain\n|upkeep\n|\n|t:|1700756889\n|switch|p1a: Kyogre|Kyogre|100\/100\n|-activate|p1a: Kyogre|move: Sticky Web\n|-unboost|p1a: Kyogre|spe|1\n|-weather|RainDance|[from] ability: Drizzle|[of] p1a: Kyogre\n|turn|25\n|\n|t:|1700756896\n|move|p2a: Miraidon|Electro Drift|p1a: Kyogre\n|-supereffective|p1a: Kyogre\n|-damage|p1a: Kyogre|0 fnt\n|faint|p1a: Kyogre\n|\n|win|diobrando7\n|raw|Belatrix1999's rating: 1328 &rarr; <strong>1314<\/strong><br \/>(-14 for losing)\n|raw|diobrando7's rating: 1430 &rarr; <strong>1444<\/strong><br \/>(+14 for winning)\n","uploadtime":1700756943,"views":0,"p1id":"belatrix1999","p2id":"diobrando7","formatid":"gen9anythinggoes","rating":1314,"private":0,"password":""}