{"id":"gen9anythinggoes-1981495778","p1":"lanada10","p2":"Chacho23","format":"[Gen 9] Anything Goes","log":"|j|\u2606lanada10\n|j|\u2606Chacho23\n|t:|1698906574\n|gametype|singles\n|player|p1|lanada10|linebacker|1000\n|player|p2|Chacho23|102|1006\n|teamsize|p1|4\n|teamsize|p2|6\n|gen|9\n|tier|[Gen 9] Anything Goes\n|rated|\n|rule|HP Percentage Mod: HP is shown in percentages\n|rule|Endless Battle Clause: Forcing endless battles is banned\n|clearpoke\n|poke|p1|Dragonite, F|\n|poke|p1|Volcarona, M|\n|poke|p1|Conkeldurr, M|\n|poke|p1|Chandelure, M|\n|poke|p2|Annihilape, F|\n|poke|p2|Darkrai|\n|poke|p2|Staraptor, F|\n|poke|p2|Gengar, M|\n|poke|p2|Torterra, F|\n|poke|p2|Baxcalibur, M|\n|teampreview\n|\n|t:|1698906579\n|start\n|switch|p1a: Chandelure|Chandelure, M|100\/100\n|switch|p2a: Annihilape|Annihilape, F|100\/100\n|turn|1\n|-activate|p2a: Annihilape|item: Quick Claw\n|\n|t:|1698906592\n|move|p2a: Annihilape|Bulk Up|p2a: Annihilape\n|-boost|p2a: Annihilape|atk|1\n|-boost|p2a: Annihilape|def|1\n|move|p1a: Chandelure|Calm Mind|p1a: Chandelure\n|-boost|p1a: Chandelure|spa|1\n|-boost|p1a: Chandelure|spd|1\n|\n|upkeep\n|turn|2\n|inactive|Battle timer is ON: inactive players will automatically lose when time's up. (requested by Chacho23)\n|-activate|p2a: Annihilape|item: Quick Claw\n|\n|t:|1698906604\n|move|p2a: Annihilape|Cross Chop|p1a: Chandelure\n|-immune|p1a: Chandelure\n|move|p1a: Chandelure|Calm Mind|p1a: Chandelure\n|-boost|p1a: Chandelure|spa|1\n|-boost|p1a: Chandelure|spd|1\n|\n|upkeep\n|turn|3\n|\n|t:|1698906624\n|switch|p1a: Conkeldurr|Conkeldurr, M|100\/100\n|switch|p2a: Baxcalibur|Baxcalibur, M|100\/100\n|\n|-status|p1a: Conkeldurr|brn|[from] item: Flame Orb\n|upkeep\n|turn|4\n|\n|t:|1698906636\n|move|p2a: Baxcalibur|Swords Dance|p2a: Baxcalibur\n|-boost|p2a: Baxcalibur|atk|2\n|move|p1a: Conkeldurr|Drain Punch|p2a: Baxcalibur\n|-supereffective|p2a: Baxcalibur\n|-damage|p2a: Baxcalibur|0 fnt\n|faint|p2a: Baxcalibur\n|\n|-damage|p1a: Conkeldurr|95\/100 brn|[from] brn\n|upkeep\n|\n|t:|1698906648\n|switch|p2a: Gengar|Gengar, M|100\/100\n|turn|5\n|\n|t:|1698906653\n|move|p2a: Gengar|Mean Look|p1a: Conkeldurr\n|-activate|p1a: Conkeldurr|trapped\n|move|p1a: Conkeldurr|Bulk Up|p1a: Conkeldurr\n|-boost|p1a: Conkeldurr|atk|1\n|-boost|p1a: Conkeldurr|def|1\n|\n|-damage|p1a: Conkeldurr|89\/100 brn|[from] brn\n|upkeep\n|turn|6\n|\n|t:|1698906664\n|move|p2a: Gengar|Hex|p1a: Conkeldurr\n|-damage|p1a: Conkeldurr|12\/100 brn\n|move|p1a: Conkeldurr|Ice Punch|p2a: Gengar\n|-damage|p2a: Gengar|0 fnt\n|-start|p1a: Conkeldurr|Disable|Ice Punch|[from] ability: Cursed Body|[of] p2a: Gengar\n|faint|p2a: Gengar\n|\n|-damage|p1a: Conkeldurr|6\/100 brn|[from] brn\n|upkeep\n|\n|t:|1698906677\n|switch|p2a: Darkrai|Darkrai|100\/100\n|turn|7\n|\n|t:|1698906681\n|move|p2a: Darkrai|Hypnosis||[still]\n|-fail|p2a: Darkrai\n|move|p1a: Conkeldurr|Earthquake|p2a: Darkrai\n|-damage|p2a: Darkrai|0 fnt\n|faint|p2a: Darkrai\n|\n|-damage|p1a: Conkeldurr|0 fnt|[from] brn\n|faint|p1a: Conkeldurr\n|upkeep\n|\n|t:|1698906693\n|switch|p2a: Torterra|Torterra, F|100\/100\n|switch|p1a: Volcarona|Volcarona, M|100\/100\n|turn|8\n|\n|t:|1698906702\n|move|p1a: Volcarona|Quiver Dance|p1a: Volcarona\n|-boost|p1a: Volcarona|spa|1\n|-boost|p1a: Volcarona|spd|1\n|-boost|p1a: Volcarona|spe|1\n|move|p2a: Torterra|Leech Seed|p1a: Volcarona\n|-start|p1a: Volcarona|move: Leech Seed\n|\n|-damage|p1a: Volcarona|88\/100|[from] Leech Seed|[of] p2a: Torterra\n|upkeep\n|turn|9\n|\n|t:|1698906713\n|switch|p2a: Annihilape|Annihilape, F|100\/100\n|move|p1a: Volcarona|Fiery Dance|p2a: Annihilape\n|-damage|p2a: Annihilape|44\/100\n|\n|-heal|p1a: Volcarona|94\/100|[from] item: Leftovers\n|-damage|p1a: Volcarona|82\/100|[from] Leech Seed|[of] p2a: Annihilape\n|-heal|p2a: Annihilape|54\/100|[silent]\n|upkeep\n|turn|10\n|\n|t:|1698906726\n|move|p1a: Volcarona|Giga Drain|p2a: Annihilape\n|-damage|p2a: Annihilape|18\/100\n|-heal|p1a: Volcarona|100\/100|[from] drain|[of] p2a: Annihilape\n|move|p2a: Annihilape|Bulk Up|p2a: Annihilape\n|-boost|p2a: Annihilape|atk|1\n|-boost|p2a: Annihilape|def|1\n|\n|-damage|p1a: Volcarona|88\/100|[from] Leech Seed|[of] p2a: Annihilape\n|-heal|p2a: Annihilape|28\/100|[silent]\n|upkeep\n|turn|11\n|-activate|p2a: Annihilape|item: Quick Claw\n|\n|t:|1698906738\n|move|p1a: Volcarona|Fiery Dance|p2a: Annihilape\n|-damage|p2a: Annihilape|0 fnt\n|-boost|p1a: Volcarona|spa|1\n|faint|p2a: Annihilape\n|\n|-heal|p1a: Volcarona|94\/100|[from] item: Leftovers\n|upkeep\n|\n|t:|1698906747\n|switch|p2a: Staraptor|Staraptor, F|100\/100\n|-ability|p2a: Staraptor|Intimidate|boost\n|-unboost|p1a: Volcarona|atk|1\n|turn|12\n|\n|t:|1698906753\n|move|p1a: Volcarona|Giga Drain|p2a: Staraptor\n|-resisted|p2a: Staraptor\n|-damage|p2a: Staraptor|55\/100\n|-heal|p1a: Volcarona|100\/100|[from] drain|[of] p2a: Staraptor\n|move|p2a: Staraptor|Sand Attack|p1a: Volcarona\n|-unboost|p1a: Volcarona|accuracy|1\n|\n|-heal|p2a: Staraptor|61\/100|[from] item: Leftovers\n|-damage|p1a: Volcarona|88\/100|[from] Leech Seed|[of] p2a: Staraptor\n|-heal|p2a: Staraptor|73\/100|[silent]\n|upkeep\n|turn|13\n|\n|t:|1698906768\n|move|p1a: Volcarona|Fiery Dance|p2a: Staraptor\n|-damage|p2a: Staraptor|0 fnt\n|-boost|p1a: Volcarona|spa|1\n|faint|p2a: Staraptor\n|\n|-heal|p1a: Volcarona|94\/100|[from] item: Leftovers\n|upkeep\n|\n|t:|1698906776\n|switch|p2a: Torterra|Torterra, F|100\/100\n|turn|14\n|inactive|lanada10 has 120 seconds left.\n|\n|t:|1698906806\n|move|p1a: Volcarona|Fiery Dance|p2a: Torterra\n|-supereffective|p2a: Torterra\n|-damage|p2a: Torterra|0 fnt\n|-boost|p1a: Volcarona|spa|1\n|faint|p2a: Torterra\n|\n|win|lanada10\n|raw|lanada10's rating: 1000 &rarr; <strong>1041<\/strong><br \/>(+41 for winning)\n|raw|Chacho23's rating: 1006 &rarr; <strong>1000<\/strong><br \/>(-6 for losing)\n|l|\u2606Chacho23\n|l|\u2606lanada10\n|j|\u2606lanada10\n|player|p1|lanada10|linebacker\n","uploadtime":1698906873,"views":7,"p1id":"lanada10","p2id":"chacho23","formatid":"gen9anythinggoes","rating":1000,"private":0,"password":""}