{"id":"gen9anythinggoes-1987764511","p1":"Velcroc","p2":"94260LC","format":"[Gen 9] Anything Goes","log":"|j|\u2606Velcroc\n|j|\u260694260LC\n|t:|1699634792\n|gametype|singles\n|player|p1|Velcroc|theroyal|\n|player|p2|94260LC|veteran|\n|teamsize|p1|6\n|teamsize|p2|6\n|gen|9\n|tier|[Gen 9] Anything Goes\n|rated|Tournament battle\n|rule|HP Percentage Mod: HP is shown in percentages\n|rule|Endless Battle Clause: Forcing endless battles is banned\n|rule|OHKO Clause: OHKO moves are banned\n|rule|Evasion Moves Clause: Evasion moves are banned\n|rule|1 Ability Clause: Limit 1 of each ability\n|rule|Sleep Moves Clause: Sleep-inducing moves are banned\n|rule|Terastal Clause: You cannot Terastallize\n|clearpoke\n|poke|p1|Arceus-Ghost|\n|poke|p1|Arceus-Fairy|\n|poke|p1|Arceus-Steel|\n|poke|p1|Arceus-Dark|\n|poke|p1|Arceus|\n|poke|p1|Arceus-Water|\n|poke|p2|Arceus-Ground|\n|poke|p2|Arceus-Steel|\n|poke|p2|Arceus-Water|\n|poke|p2|Arceus|\n|poke|p2|Arceus-Poison|\n|poke|p2|Arceus-Grass|\n|teampreview\n|j|%Iolanthe\n|inactive|Battle timer is ON: inactive players will automatically lose when time's up. (requested by 94260LC)\n|c|\u2606Velcroc|hf\n|c|\u260694260LC|glhf\n|\n|t:|1699634821\n|start\n|switch|p1a: Arceus|Arceus-Steel|100\/100\n|switch|p2a: Arceus|Arceus-Steel|100\/100\n|-ability|p2a: Arceus|Intimidate|boost\n|-unboost|p1a: Arceus|atk|1\n|turn|1\n|l|%Iolanthe\n|c|\u260694260LC|Oh, I forget Arceus-Ghost\n|\n|t:|1699634841\n|move|p2a: Arceus|Ceaseless Edge|p1a: Arceus\n|-damage|p1a: Arceus|88\/100\n|-sidestart|p1: Velcroc|Spikes\n|move|p1a: Arceus|Ceaseless Edge|p2a: Arceus\n|-damage|p2a: Arceus|93\/100\n|-sidestart|p2: 94260LC|Spikes\n|\n|upkeep\n|turn|2\n|inactive|Velcroc has 120 seconds left.\n|inactive|Velcroc has 90 seconds left.\n|c|\u2606Velcroc|yeah we have the same idea here\n|\n|t:|1699634915\n|move|p2a: Arceus|Collision Course|p1a: Arceus\n|-supereffective|p1a: Arceus\n|-damage|p1a: Arceus|43\/100\n|move|p1a: Arceus|Nuzzle|p2a: Arceus\n|-damage|p2a: Arceus|90\/100\n|\n|upkeep\n|turn|3\n|c|\u2606Velcroc|hang on we can run items?\n|\n|t:|1699634938\n|switch|p1a: Arceus|Arceus-Water|100\/100\n|-damage|p1a: Arceus|88\/100|[from] Spikes\n|move|p2a: Arceus|U-turn|p1a: Arceus\n|-crit|p1a: Arceus\n|-damage|p1a: Arceus|82\/100\n|j|%TheTrueLtaker\n|\n|t:|1699634942\n|switch|p2a: Arceus|Arceus-Ground|100\/100|[from] U-turn\n|-damage|p2a: Arceus|88\/100|[from] Spikes\n|\n|upkeep\n|turn|4\n|\n|t:|1699634947\n|move|p2a: Arceus|Mortal Spin|p1a: Arceus\n|-damage|p1a: Arceus|80\/100\n|-status|p1a: Arceus|psn\n|-sideend|p2: 94260LC|Spikes|[from] move: Mortal Spin|[of] p2a: Arceus\n|move|p1a: Arceus|Mortal Spin|p2a: Arceus\n|-resisted|p2a: Arceus\n|-damage|p2a: Arceus|86\/100\n|-status|p2a: Arceus|psn\n|-sideend|p1: Velcroc|Spikes|[from] move: Mortal Spin|[of] p1a: Arceus\n|\n|-damage|p2a: Arceus|74\/100 psn|[from] psn\n|-damage|p1a: Arceus|68\/100 psn|[from] psn\n|upkeep\n|turn|5\n|inactive|Velcroc has 90 seconds left.\n|\n|t:|1699634960\n|move|p2a: Arceus|U-turn|p1a: Arceus\n|-damage|p1a: Arceus|63\/100 psn\n|\n|t:|1699634969\n|switch|p2a: Arceus|Arceus-Poison|100\/100|[from] U-turn\n|move|p1a: Arceus|Stone Axe|p2a: Arceus\n|-damage|p2a: Arceus|89\/100\n|-sidestart|p2: 94260LC|move: Stealth Rock\n|\n|-heal|p2a: Arceus|95\/100|[from] item: Leftovers\n|-damage|p1a: Arceus|51\/100 psn|[from] psn\n|upkeep\n|turn|6\n|\n|t:|1699634977\n|switch|p1a: Arceus|Arceus-Dark|100\/100\n|move|p2a: Arceus|Stone Axe|p1a: Arceus\n|-damage|p1a: Arceus|89\/100\n|-sidestart|p1: Velcroc|move: Stealth Rock\n|\n|-heal|p2a: Arceus|100\/100|[from] item: Leftovers\n|upkeep\n|turn|7\n|inactive|94260LC has 120 seconds left.\n|\n|t:|1699635010\n|switch|p1a: Arceus|Arceus-Steel|77\/100\n|-damage|p1a: Arceus|71\/100|[from] Stealth Rock\n|move|p2a: Arceus|Toxic|p1a: Arceus\n|-immune|p1a: Arceus\n|\n|upkeep\n|turn|8\n|\n|t:|1699635019\n|switch|p2a: Arceus|Arceus-Water|100\/100\n|-damage|p2a: Arceus|88\/100|[from] Stealth Rock\n|move|p1a: Arceus|Parting Shot|p2a: Arceus\n|-unboost|p2a: Arceus|atk|1\n|-unboost|p2a: Arceus|spa|1\n|\n|t:|1699635023\n|switch|p1a: Arceus|Arceus-Ghost|100\/100|[from] Parting Shot\n|-damage|p1a: Arceus|88\/100|[from] Stealth Rock\n|\n|upkeep\n|turn|9\n|\n|t:|1699635027\n|move|p2a: Arceus|Trick||[still]\n|-fail|p2a: Arceus\n|move|p1a: Arceus|Entrainment|p2a: Arceus\n|-endability|p2a: Arceus|Protean|[from] move: Entrainment\n|-ability|p2a: Arceus|Normalize|[from] move: Entrainment\n|\n|upkeep\n|turn|10\n|\n|t:|1699635042\n|switch|p2a: Arceus|Arceus-Grass|100\/100\n|-damage|p2a: Arceus|88\/100|[from] Stealth Rock\n|move|p1a: Arceus|Tail Glow|p1a: Arceus\n|-boost|p1a: Arceus|spa|3\n|\n|-heal|p2a: Arceus|94\/100|[from] item: Leftovers\n|upkeep\n|turn|11\n|\n|t:|1699635047\n|move|p1a: Arceus|Entrainment|p2a: Arceus\n|-endability|p2a: Arceus|Triage|[from] move: Entrainment\n|-ability|p2a: Arceus|Normalize|[from] move: Entrainment\n|move|p2a: Arceus|Matcha Gotcha|p1a: Arceus\n|-immune|p1a: Arceus\n|\n|-heal|p2a: Arceus|99\/100|[from] item: Leftovers\n|upkeep\n|turn|12\n|c|\u2606Velcroc|oh yeah that's not flagged as a healing move btw\n|c|\u2606Velcroc|in game code stuff\n|inactive|Velcroc has 120 seconds left.\n|\n|t:|1699635068\n|switch|p2a: Arceus|Arceus-Ground|100\/100 psn\n|-damage|p2a: Arceus|94\/100 psn|[from] Stealth Rock\n|move|p1a: Arceus|Judgment|p2a: Arceus\n|-damage|p2a: Arceus|22\/100 psn\n|\n|-damage|p2a: Arceus|10\/100 psn|[from] psn\n|upkeep\n|turn|13\n|\n|t:|1699635073\n|move|p1a: Arceus|Entrainment|p2a: Arceus\n|-endability|p2a: Arceus|Regenerator|[from] move: Entrainment\n|-ability|p2a: Arceus|Normalize|[from] move: Entrainment\n|move|p2a: Arceus|Mortal Spin|p1a: Arceus\n|-immune|p1a: Arceus\n|\n|-damage|p2a: Arceus|0 fnt|[from] psn\n|faint|p2a: Arceus\n|upkeep\n|\n|t:|1699635089\n|switch|p2a: Arceus|Arceus-Poison|100\/100\n|-damage|p2a: Arceus|88\/100|[from] Stealth Rock\n|turn|14\n|c|\u260694260LC|gg\n|\n|t:|1699635103\n|switch|p1a: Arceus|Arceus-Steel|100\/100\n|-damage|p1a: Arceus|94\/100|[from] Stealth Rock\n|move|p2a: Arceus|Toxic|p1a: Arceus\n|-immune|p1a: Arceus\n|\n|-heal|p2a: Arceus|94\/100|[from] item: Leftovers\n|upkeep\n|turn|15\n|\n|t:|1699635110\n|switch|p2a: Arceus|Arceus-Water|88\/100\n|-damage|p2a: Arceus|76\/100|[from] Stealth Rock\n|move|p1a: Arceus|Parting Shot|p2a: Arceus\n|-unboost|p2a: Arceus|atk|1\n|-unboost|p2a: Arceus|spa|1\n|\n|t:|1699635115\n|switch|p1a: Arceus|Arceus-Ghost|88\/100|[from] Parting Shot\n|-damage|p1a: Arceus|76\/100|[from] Stealth Rock\n|\n|upkeep\n|turn|16\n|\n|t:|1699635119\n|move|p2a: Arceus|U-turn|p1a: Arceus\n|-resisted|p1a: Arceus\n|-damage|p1a: Arceus|67\/100\n|\n|t:|1699635122\n|switch|p2a: Arceus|Arceus-Poison|94\/100|[from] U-turn\n|-damage|p2a: Arceus|82\/100|[from] Stealth Rock\n|move|p1a: Arceus|Tail Glow|p1a: Arceus\n|-boost|p1a: Arceus|spa|3\n|\n|-heal|p2a: Arceus|88\/100|[from] item: Leftovers\n|upkeep\n|turn|17\n|\n|t:|1699635130\n|move|p2a: Arceus|Toxic|p1a: Arceus\n|-status|p1a: Arceus|tox\n|move|p1a: Arceus|Judgment|p2a: Arceus\n|-damage|p2a: Arceus|0 fnt\n|faint|p2a: Arceus\n|\n|-damage|p1a: Arceus|61\/100 tox|[from] psn\n|upkeep\n|\n|t:|1699635134\n|switch|p2a: Arceus|Arceus|100\/100\n|-damage|p2a: Arceus|88\/100|[from] Stealth Rock\n|turn|18\n|\n|t:|1699635148\n|switch|p1a: Arceus|Arceus-Steel|100\/100\n|-damage|p1a: Arceus|94\/100|[from] Stealth Rock\n|move|p2a: Arceus|Take Heart|p2a: Arceus\n|-boost|p2a: Arceus|spa|1\n|-boost|p2a: Arceus|spd|1\n|\n|-heal|p2a: Arceus|94\/100|[from] item: Leftovers\n|upkeep\n|turn|19\n|\n|t:|1699635159\n|move|p2a: Arceus|Take Heart|p2a: Arceus\n|-boost|p2a: Arceus|spa|1\n|-boost|p2a: Arceus|spd|1\n|move|p1a: Arceus|Parting Shot|p2a: Arceus\n|-unboost|p2a: Arceus|atk|1\n|-unboost|p2a: Arceus|spa|1\n|\n|t:|1699635163\n|switch|p1a: Arceus|Arceus-Fairy|100\/100|[from] Parting Shot\n|-damage|p1a: Arceus|88\/100|[from] Stealth Rock\n|\n|-heal|p2a: Arceus|99\/100|[from] item: Leftovers\n|upkeep\n|turn|20\n|\n|t:|1699635165\n|move|p2a: Arceus|Judgment|p1a: Arceus\n|-damage|p1a: Arceus|36\/100\n|move|p1a: Arceus|Swords Dance|p1a: Arceus\n|-boost|p1a: Arceus|atk|2\n|\n|-heal|p2a: Arceus|100\/100|[from] item: Leftovers\n|upkeep\n|turn|21\n|\n|t:|1699635169\n|move|p1a: Arceus|Extreme Speed|p2a: Arceus\n|-damage|p2a: Arceus|13\/100\n|move|p2a: Arceus|Judgment|p1a: Arceus\n|-damage|p1a: Arceus|0 fnt\n|faint|p1a: Arceus\n|\n|-heal|p2a: Arceus|19\/100|[from] item: Leftovers\n|upkeep\n|\n|t:|1699635184\n|switch|p1a: Arceus|Arceus|100\/100\n|-damage|p1a: Arceus|88\/100|[from] Stealth Rock\n|turn|22\n|\n|t:|1699635188\n|move|p1a: Arceus|Extreme Speed|p2a: Arceus\n|-damage|p2a: Arceus|0 fnt\n|faint|p2a: Arceus\n|\n|upkeep\n|\n|t:|1699635190\n|switch|p2a: Arceus|Arceus-Steel|90\/100\n|-damage|p2a: Arceus|84\/100|[from] Stealth Rock\n|-ability|p2a: Arceus|Intimidate|boost\n|-unboost|p1a: Arceus|atk|1\n|turn|23\n|\n|t:|1699635211\n|switch|p1a: Arceus|Arceus-Dark|89\/100\n|move|p2a: Arceus|Ceaseless Edge|p1a: Arceus\n|-resisted|p1a: Arceus\n|-damage|p1a: Arceus|84\/100\n|-sidestart|p1: Velcroc|Spikes\n|\n|upkeep\n|turn|24\n|\n|t:|1699635217\n|move|p1a: Arceus|Lunar Blessing|p1a: Arceus\n|-heal|p1a: Arceus|100\/100\n|move|p2a: Arceus|Collision Course|p1a: Arceus\n|-supereffective|p1a: Arceus\n|-damage|p1a: Arceus|51\/100\n|\n|upkeep\n|turn|25\n|\n|t:|1699635238\n|move|p1a: Arceus|Cosmic Power|p1a: Arceus\n|-boost|p1a: Arceus|def|1\n|-boost|p1a: Arceus|spd|1\n|move|p2a: Arceus|U-turn|p1a: Arceus\n|-supereffective|p1a: Arceus\n|-damage|p1a: Arceus|35\/100\n|inactive|94260LC has 120 seconds left.\n|j| GGSUN Tech\n|\n|t:|1699635275\n|switch|p2a: Arceus|Arceus-Water|76\/100|[from] U-turn\n|-damage|p2a: Arceus|63\/100|[from] Stealth Rock\n|\n|upkeep\n|turn|26\n|\n|t:|1699635280\n|move|p2a: Arceus|Magical Torque|p1a: Arceus\n|-supereffective|p1a: Arceus\n|-damage|p1a: Arceus|0 fnt\n|faint|p1a: Arceus\n|\n|upkeep\n|\n|t:|1699635293\n|switch|p1a: Arceus|Arceus|88\/100\n|-damage|p1a: Arceus|76\/100|[from] Stealth Rock\n|-damage|p1a: Arceus|63\/100|[from] Spikes\n|turn|27\n|\n|t:|1699635298\n|switch|p2a: Arceus|Arceus-Steel|84\/100\n|-damage|p2a: Arceus|78\/100|[from] Stealth Rock\n|-ability|p2a: Arceus|Intimidate|boost\n|-unboost|p1a: Arceus|atk|1\n|move|p1a: Arceus|Tidy Up|p1a: Arceus\n|-sideend|p1: Velcroc|Spikes\n|-sideend|p1: Velcroc|Stealth Rock\n|-sideend|p2: 94260LC|Stealth Rock\n|-activate|p1a: Arceus|move: Tidy Up\n|-boost|p1a: Arceus|atk|1\n|-boost|p1a: Arceus|spe|1\n|\n|upkeep\n|turn|28\n|j| adpg.alt\n|\n|t:|1699635310\n|move|p1a: Arceus|Tidy Up|p1a: Arceus\n|-boost|p1a: Arceus|atk|1\n|-boost|p1a: Arceus|spe|1\n|move|p2a: Arceus|Ceaseless Edge|p1a: Arceus\n|-damage|p1a: Arceus|50\/100\n|-sidestart|p1: Velcroc|Spikes\n|\n|upkeep\n|turn|29\n|\n|t:|1699635313\n|move|p1a: Arceus|Pyro Ball|p2a: Arceus\n|-supereffective|p2a: Arceus\n|-damage|p2a: Arceus|0 fnt\n|faint|p2a: Arceus\n|\n|upkeep\n|\n|t:|1699635317\n|switch|p2a: Arceus|Arceus-Water|63\/100\n|turn|30\n|\n|t:|1699635319\n|move|p1a: Arceus|Population Bomb|p2a: Arceus\n|-damage|p2a: Arceus|48\/100\n|-damage|p2a: Arceus|34\/100\n|-damage|p2a: Arceus|19\/100\n|-damage|p2a: Arceus|5\/100\n|-damage|p2a: Arceus|0 fnt\n|faint|p2a: Arceus\n|-hitcount|p2: Arceus|5\n|\n|upkeep\n|c|\u260694260LC|gg\n|\n|t:|1699635323\n|switch|p2a: Arceus|Arceus-Grass|99\/100\n|turn|31\n|c|\u2606Velcroc|gg\n|c| adpg.alt|So... Just a Full Arceus Mod\n|\n|t:|1699635330\n|move|p2a: Arceus|Parabolic Charge|p1a: Arceus\n|-damage|p1a: Arceus|31\/100\n|-heal|p2a: Arceus|100\/100|[from] drain|[of] p1a: Arceus\n|move|p1a: Arceus|Population Bomb|p2a: Arceus\n|-damage|p2a: Arceus|88\/100\n|-damage|p2a: Arceus|74\/100\n|-damage|p2a: Arceus|61\/100\n|-damage|p2a: Arceus|49\/100\n|-damage|p2a: Arceus|37\/100\n|-damage|p2a: Arceus|24\/100\n|-damage|p2a: Arceus|11\/100\n|-damage|p2a: Arceus|0 fnt\n|faint|p2a: Arceus\n|-hitcount|p2: Arceus|8\n|\n|win|Velcroc\n|n|\u2606Velcroc|velcroc\n|n|\u260694260LC|94260lc\n|n| TheTrueLtaker|thetrueltaker\n|n| GGSUN Tech|ggsuntech\n|n| adpg.alt|adpgalt\n","uploadtime":1699635331,"views":4,"p1id":"velcroc","p2id":"94260lc","formatid":"gen9anythinggoes","rating":0,"private":0,"password":""}