{"id":"gen9anythinggoes-1975758484","p1":"NotAtAllPockchan","p2":"Glaceran","format":"[Gen 9] Anything Goes","log":"|j|\u2606NotAtAllPockchan\n|j|\u2606Glaceran\n|t:|1698234828\n|gametype|singles\n|player|p1|NotAtAllPockchan|parasollady|1308\n|player|p2|Glaceran|wally-gen3|1436\n|teamsize|p1|6\n|teamsize|p2|6\n|gen|9\n|tier|[Gen 9] Anything Goes\n|rated|\n|rule|HP Percentage Mod: HP is shown in percentages\n|rule|Endless Battle Clause: Forcing endless battles is banned\n|clearpoke\n|poke|p1|Calyrex-Shadow|\n|poke|p1|Regieleki|\n|poke|p1|Dondozo, F|\n|poke|p1|Zacian-*|\n|poke|p1|Annihilape, F|\n|poke|p1|Chansey, F|\n|poke|p2|Ceruledge, M|\n|poke|p2|Calyrex-Shadow|\n|poke|p2|Baxcalibur, M|\n|poke|p2|Skeledirge, F|\n|poke|p2|Corviknight, F|\n|poke|p2|Cyclizar, M|\n|teampreview\n|inactive|Battle timer is ON: inactive players will automatically lose when time's up. (requested by NotAtAllPockchan)\n|j| 7.5 inch\n|c|\u2606NotAtAllPockchan|damn thats lon\n|c|\u2606NotAtAllPockchan|long*\n|c| 7.5 inch|hi guyzz\n|\n|t:|1698234859\n|start\n|switch|p1a: Bunch of electrons|Regieleki|100\/100\n|switch|p2a: Cyclizar|Cyclizar, M|100\/100\n|turn|1\n|c|\u2606NotAtAllPockchan|helloooo\n|c|\u2606Glaceran|ello\n|\n|t:|1698234867\n|move|p2a: Cyclizar|Shed Tail|p2a: Cyclizar\n|-start|p2a: Cyclizar|Substitute|[from] move: Shed Tail\n|-damage|p2a: Cyclizar|50\/100\n|c| 7.5 inch|oo u talking bout mine\n|\n|t:|1698234893\n|switch|p2a: Baxcalibur|Baxcalibur, M|100\/100|[from] Shed Tail\n|move|p1a: Bunch of electrons|Thunderbolt|p2a: Baxcalibur\n|-resisted|p2a: Baxcalibur\n|-end|p2a: Baxcalibur|Substitute\n|\n|upkeep\n|turn|2\n|c|\u2606NotAtAllPockchan|yessir\n|c| 7.5 inch|gay?\n|\n|t:|1698234914\n|move|p1a: Bunch of electrons|Reflect|p1a: Bunch of electrons\n|-sidestart|p1: NotAtAllPockchan|Reflect\n|move|p2a: Baxcalibur|Swords Dance|p2a: Baxcalibur\n|-boost|p2a: Baxcalibur|atk|2\n|\n|upkeep\n|turn|3\n|\n|t:|1698234927\n|move|p1a: Bunch of electrons|Light Screen|p1a: Bunch of electrons\n|-sidestart|p1: NotAtAllPockchan|move: Light Screen\n|move|p2a: Baxcalibur|Scale Shot|p1a: Bunch of electrons\n|-damage|p1a: Bunch of electrons|79\/100\n|-damage|p1a: Bunch of electrons|57\/100\n|-damage|p1a: Bunch of electrons|34\/100\n|-damage|p1a: Bunch of electrons|13\/100\n|-damage|p1a: Bunch of electrons|0 fnt\n|faint|p1a: Bunch of electrons\n|-hitcount|p1: Bunch of electrons|5\n|-unboost|p2a: Baxcalibur|def|1\n|-boost|p2a: Baxcalibur|spe|1\n|\n|upkeep\n|\n|t:|1698234934\n|switch|p1a: Dondozo|Dondozo, F|100\/100\n|turn|4\n|\n|t:|1698234944\n|switch|p2a: Cyclizar|Cyclizar, M|83\/100\n|move|p1a: Dondozo|Yawn|p2a: Cyclizar\n|-start|p2a: Cyclizar|move: Yawn|[of] p1a: Dondozo\n|\n|upkeep\n|turn|5\n|\n|t:|1698234953\n|move|p2a: Cyclizar|Shed Tail|p2a: Cyclizar\n|-start|p2a: Cyclizar|Substitute|[from] move: Shed Tail\n|-damage|p2a: Cyclizar|33\/100\n|\n|t:|1698234969\n|switch|p2a: Calyrex|Calyrex-Shadow|100\/100|[from] Shed Tail\n|-ability|p2a: Calyrex|As One\n|-ability|p2a: Calyrex|Unnerve\n|move|p1a: Dondozo|Wave Crash|p2a: Calyrex\n|-end|p2a: Calyrex|Substitute\n|-damage|p1a: Dondozo|96\/100|[from] Recoil|[of] p2a: Calyrex\n|\n|upkeep\n|turn|6\n|\n|t:|1698234975\n|switch|p1a: Chansey|Chansey, F|100\/100\n|move|p2a: Calyrex|Grass Knot|p1a: Chansey\n|-damage|p1a: Chansey|96\/100\n|\n|-heal|p1a: Chansey|100\/100|[from] item: Leftovers\n|upkeep\n|turn|7\n|\n|t:|1698234981\n|switch|p2a: Cyclizar|Cyclizar, M|66\/100\n|move|p1a: Chansey|Thunder Wave|p2a: Cyclizar\n|-status|p2a: Cyclizar|par\n|\n|upkeep\n|turn|8\n|\n|t:|1698234986\n|move|p2a: Cyclizar|Shed Tail|p2a: Cyclizar\n|-start|p2a: Cyclizar|Substitute|[from] move: Shed Tail\n|-damage|p2a: Cyclizar|16\/100 par\n|\n|t:|1698234989\n|switch|p2a: Calyrex|Calyrex-Shadow|100\/100|[from] Shed Tail\n|-ability|p2a: Calyrex|As One\n|-ability|p2a: Calyrex|Unnerve\n|move|p1a: Chansey|Seismic Toss|p2a: Calyrex\n|-immune|p2a: Calyrex\n|\n|upkeep\n|turn|9\n|\n|t:|1698235014\n|switch|p1a: Dondozo|Dondozo, F|96\/100\n|move|p2a: Calyrex|Psyshock|p1a: Dondozo\n|-damage|p1a: Dondozo|80\/100\n|\n|-sideend|p1: NotAtAllPockchan|Reflect\n|upkeep\n|turn|10\n|\n|t:|1698235022\n|move|p2a: Calyrex|Grass Knot|p1a: Dondozo\n|-supereffective|p1a: Dondozo\n|-damage|p1a: Dondozo|34\/100\n|move|p1a: Dondozo|Wave Crash|p2a: Calyrex\n|-end|p2a: Calyrex|Substitute\n|-damage|p1a: Dondozo|29\/100|[from] Recoil|[of] p2a: Calyrex\n|\n|-sideend|p1: NotAtAllPockchan|move: Light Screen\n|upkeep\n|turn|11\n|\n|t:|1698235030\n|switch|p1a: Chansey|Chansey, F|100\/100\n|move|p2a: Calyrex|Psyshock|p1a: Chansey\n|-damage|p1a: Chansey|0 fnt\n|faint|p1a: Chansey\n|-ability|p2a: Calyrex|Grim Neigh|boost\n|-boost|p2a: Calyrex|spa|1\n|\n|upkeep\n|c|\u2606NotAtAllPockchan|;-;\n|\n|t:|1698235047\n|switch|p1a: Zacian|Zacian-Crowned|100\/100\n|-ability|p1a: Zacian|Intrepid Sword|boost\n|-boost|p1a: Zacian|atk|1\n|turn|12\n|c| 7.5 inch|wdym?\n|\n|t:|1698235057\n|move|p2a: Calyrex|Astral Barrage|p1a: Zacian\n|-damage|p1a: Zacian|0 fnt\n|faint|p1a: Zacian\n|-ability|p2a: Calyrex|Grim Neigh|boost\n|-boost|p2a: Calyrex|spa|1\n|\n|upkeep\n|\n|t:|1698235066\n|switch|p1a: Monke|Annihilape, F|100\/100\n|turn|13\n|\n|t:|1698235077\n|move|p2a: Calyrex|Psyshock|p1a: Monke\n|-supereffective|p1a: Monke\n|-enditem|p1a: Monke|Focus Sash\n|-damage|p1a: Monke|1\/100\n|move|p1a: Monke|Shadow Claw|p2a: Calyrex\n|-supereffective|p2a: Calyrex\n|-enditem|p2a: Calyrex|Focus Sash\n|-damage|p2a: Calyrex|1\/100\n|\n|upkeep\n|turn|14\n|\n|t:|1698235088\n|move|p2a: Calyrex|Draining Kiss|p1a: Monke\n|-supereffective|p1a: Monke\n|-damage|p1a: Monke|0 fnt\n|-heal|p2a: Calyrex|1\/100|[from] drain|[of] p1a: Monke\n|faint|p1a: Monke\n|-ability|p2a: Calyrex|Grim Neigh|boost\n|-boost|p2a: Calyrex|spa|1\n|\n|upkeep\n|\n|t:|1698235091\n|switch|p1a: Mop|Calyrex-Shadow|100\/100\n|-ability|p1a: Mop|As One\n|-ability|p1a: Mop|Unnerve\n|turn|15\n|\n|t:|1698235115\n|move|p2a: Calyrex|Astral Barrage|p1a: Mop\n|-supereffective|p1a: Mop\n|-damage|p1a: Mop|0 fnt\n|faint|p1a: Mop\n|-ability|p2a: Calyrex|Grim Neigh|boost\n|-boost|p2a: Calyrex|spa|1\n|\n|upkeep\n|\n|t:|1698235118\n|switch|p1a: Dondozo|Dondozo, F|29\/100\n|turn|16\n|c|\u2606Glaceran|gg wp\n|\n|t:|1698235123\n|move|p2a: Calyrex|Psyshock|p1a: Dondozo\n|-damage|p1a: Dondozo|0 fnt\n|faint|p1a: Dondozo\n|\n|win|Glaceran\n|raw|NotAtAllPockchan's rating: 1308 &rarr; <strong>1296<\/strong><br \/>(-12 for losing)\n|raw|Glaceran's rating: 1450 &rarr; <strong>1462<\/strong><br \/>(+12 for winning)\n|c| 7.5 inch|looks like urs is swept\n|c|\u2606NotAtAllPockchan|damn caly sweep\n|c| 7.5 inch|u didnt answer\n|c|\u2606NotAtAllPockchan|yea\n|c| 7.5 inch|really?\n|c|\u2606NotAtAllPockchan|what\n|c|\u2606NotAtAllPockchan|??\n|c| 7.5 inch|above question\n|c|\u2606NotAtAllPockchan|\"wdym?\"\n|c|\u2606NotAtAllPockchan|this one?\n|c| 7.5 inch|gay?\n|c|\u2606NotAtAllPockchan|No\n|c| 7.5 inch|then why r u attracted by sizes\n|c|\u2606NotAtAllPockchan|Im a girl\n|c|\u2606NotAtAllPockchan|?????\n|c| 7.5 inch|seriously?\n|c|\u2606NotAtAllPockchan|yes\n|c| 7.5 inch|its not common to find a girl on showdown\n|c|\u2606NotAtAllPockchan|You found one :)\n|c| 7.5 inch|age?\n|c|\u2606NotAtAllPockchan|15 ~-~\n|c|\u2606NotAtAllPockchan|my bff plays this actually\n|c| 7.5 inch|u r tiny i m sure u re not deep enough to handle 7.5 inch\n|c|\u2606NotAtAllPockchan|and I always liked pokemon\n|c|\u2606NotAtAllPockchan|I mean you never know\n|c|\u2606NotAtAllPockchan|until you try\n|c|\u2606NotAtAllPockchan|;)\n|l|\u2606Glaceran\n|c| 7.5 inch|i dont wanna try on a mere girl 9 yrs younger than me\n|c|\u2606NotAtAllPockchan|Wait ur 24?\n|c|\u2606NotAtAllPockchan|Damn\n|c|\u2606NotAtAllPockchan|ok\n|c|\u2606NotAtAllPockchan|Sorry sir\n|c| 7.5 inch|cuz im a human not monster\n|c|\u2606NotAtAllPockchan|Ill go now\n|c|\u2606NotAtAllPockchan|it was nice chatting with you\n|c|\u2606NotAtAllPockchan|:)\n|c| 7.5 inch|bye\n|c|\u2606NotAtAllPockchan|byeee\n|c|\u2606NotAtAllPockchan|<3\n|c| 7.5 inch|now leave or u dont wanna leave\n|l|\u2606NotAtAllPockchan\n|l| 7.5 inch\n|j|\u2606NotAtAllPockchan\n|player|p1|NotAtAllPockchan|parasollady\n","uploadtime":1698235505,"views":14,"p1id":"notatallpockchan","p2id":"glaceran","formatid":"gen9anythinggoes","rating":1296,"private":0,"password":""}