{"id":"gen9anythinggoes-1982900246","p1":"Atin007","p2":"RustyOxygen","format":"[Gen 9] Anything Goes","log":"|j|\u2606Atin007\n|j|\u2606RustyOxygen\n|t:|1699056498\n|gametype|singles\n|player|p1|Atin007|elesa|\n|player|p2|RustyOxygen|2|\n|teamsize|p1|6\n|teamsize|p2|6\n|gen|9\n|tier|[Gen 9] Anything Goes\n|rule|HP Percentage Mod: HP is shown in percentages\n|rule|Endless Battle Clause: Forcing endless battles is banned\n|clearpoke\n|poke|p1|Iron Hands|\n|poke|p1|Braviary-Hisui, M|\n|poke|p1|Braviary, M|\n|poke|p1|Munkidori, M|\n|poke|p1|Sinistcha|\n|poke|p1|Amoonguss, F|\n|poke|p2|Annihilape, F|\n|poke|p2|Infernape, F|\n|poke|p2|Rillaboom, F|\n|poke|p2|Zarude|\n|poke|p2|Iron Treads|\n|poke|p2|Tauros, M|\n|teampreview\n|\n|t:|1699056582\n|start\n|switch|p1a: Iron Clap|Iron Hands, shiny|100\/100\n|switch|p2a: Iron Treads|Iron Treads|100\/100\n|turn|1\n|\n|t:|1699056592\n|move|p2a: Iron Treads|Stealth Rock|p1a: Iron Clap\n|-sidestart|p1: Atin007|move: Stealth Rock\n|move|p1a: Iron Clap|Close Combat|p2a: Iron Treads\n|-supereffective|p2a: Iron Treads\n|-damage|p2a: Iron Treads|0 fnt\n|-unboost|p1a: Iron Clap|def|1\n|-unboost|p1a: Iron Clap|spd|1\n|faint|p2a: Iron Treads\n|-end|p2a: Iron Treads|Quark Drive|[silent]\n|\n|upkeep\n|\n|t:|1699056610\n|switch|p2a: Annihilape|Annihilape, F|100\/100\n|turn|2\n|\n|t:|1699056622\n|move|p2a: Annihilape|Bulk Up|p2a: Annihilape\n|-boost|p2a: Annihilape|atk|1\n|-boost|p2a: Annihilape|def|1\n|move|p1a: Iron Clap|Wild Charge|p2a: Annihilape\n|-damage|p2a: Annihilape|62\/100\n|-damage|p1a: Iron Clap|92\/100|[from] Recoil\n|\n|-heal|p2a: Annihilape|69\/100|[from] item: Leftovers\n|-heal|p1a: Iron Clap|98\/100|[from] item: Leftovers\n|upkeep\n|turn|3\n|\n|t:|1699056643\n|-end|p1a: Iron Clap|Quark Drive|[silent]\n|switch|p1a: Sus|Amoonguss, F|100\/100\n|-damage|p1a: Sus|88\/100|[from] Stealth Rock\n|move|p2a: Annihilape|Rage Fist|p1a: Sus\n|-damage|p1a: Sus|37\/100\n|-damage|p2a: Annihilape|52\/100|[from] item: Rocky Helmet|[of] p1a: Sus\n|\n|-heal|p2a: Annihilape|58\/100|[from] item: Leftovers\n|upkeep\n|turn|4\n|\n|t:|1699056655\n|move|p2a: Annihilape|Drain Punch|p1a: Sus\n|-resisted|p1a: Sus\n|-damage|p1a: Sus|20\/100\n|-heal|p2a: Annihilape|67\/100|[from] drain|[of] p1a: Sus\n|-damage|p2a: Annihilape|51\/100|[from] item: Rocky Helmet|[of] p1a: Sus\n|move|p1a: Sus|Giga Drain|p2a: Annihilape\n|-damage|p2a: Annihilape|31\/100\n|-heal|p1a: Sus|29\/100|[from] drain|[of] p2a: Annihilape\n|\n|-heal|p2a: Annihilape|37\/100|[from] item: Leftovers\n|upkeep\n|turn|5\n|\n|t:|1699056670\n|move|p2a: Annihilape|Rage Fist|p1a: Sus\n|-damage|p1a: Sus|0 fnt\n|-damage|p2a: Annihilape|21\/100|[from] item: Rocky Helmet|[of] p1a: Sus\n|faint|p1a: Sus\n|\n|-heal|p2a: Annihilape|27\/100|[from] item: Leftovers\n|upkeep\n|\n|t:|1699056681\n|switch|p1a: Wargle|Braviary, M, shiny|100\/100\n|-damage|p1a: Wargle|76\/100|[from] Stealth Rock\n|turn|6\n|\n|t:|1699056696\n|switch|p2a: Zarude|Zarude|100\/100\n|move|p1a: Wargle|Brave Bird|p2a: Zarude\n|-supereffective|p2a: Zarude\n|-damage|p2a: Zarude|0 fnt\n|faint|p2a: Zarude\n|-damage|p1a: Wargle|39\/100|[from] Recoil\n|\n|upkeep\n|\n|t:|1699056711\n|switch|p2a: Rillaboom|Rillaboom, F|100\/100\n|turn|7\n|\n|t:|1699056720\n|move|p1a: Wargle|Brave Bird|p2a: Rillaboom\n|-supereffective|p2a: Rillaboom\n|-damage|p2a: Rillaboom|0 fnt\n|faint|p2a: Rillaboom\n|-damage|p1a: Wargle|3\/100|[from] Recoil\n|\n|upkeep\n|\n|t:|1699056728\n|switch|p2a: Tauros|Tauros, M|100\/100\n|turn|8\n|\n|t:|1699056753\n|switch|p1a: Iron Clap|Iron Hands, shiny|98\/100\n|-damage|p1a: Iron Clap|92\/100|[from] Stealth Rock\n|move|p2a: Tauros|Rock Slide|p1a: Iron Clap\n|-resisted|p1a: Iron Clap\n|-damage|p1a: Iron Clap|82\/100\n|\n|-heal|p1a: Iron Clap|88\/100|[from] item: Leftovers\n|upkeep\n|turn|9\n|\n|t:|1699056769\n|move|p2a: Tauros|Earthquake|p1a: Iron Clap\n|-supereffective|p1a: Iron Clap\n|-damage|p1a: Iron Clap|48\/100\n|-damage|p2a: Tauros|91\/100|[from] item: Life Orb\n|move|p1a: Iron Clap|Drain Punch|p2a: Tauros\n|-supereffective|p2a: Tauros\n|-damage|p2a: Tauros|0 fnt\n|-heal|p1a: Iron Clap|78\/100|[from] drain|[of] p2a: Tauros\n|faint|p2a: Tauros\n|\n|-heal|p1a: Iron Clap|85\/100|[from] item: Leftovers\n|upkeep\n|\n|t:|1699056779\n|switch|p2a: Infernape|Infernape, F|100\/100\n|turn|10\n|\n|t:|1699056785\n|move|p2a: Infernape|Mach Punch|p1a: Iron Clap\n|-damage|p1a: Iron Clap|74\/100\n|move|p1a: Iron Clap|Earthquake|p2a: Infernape\n|-supereffective|p2a: Infernape\n|-damage|p2a: Infernape|0 fnt\n|faint|p2a: Infernape\n|\n|-heal|p1a: Iron Clap|80\/100|[from] item: Leftovers\n|upkeep\n|\n|t:|1699056792\n|switch|p2a: Annihilape|Annihilape, F|27\/100\n|turn|11\n|\n|t:|1699056799\n|move|p2a: Annihilape|Drain Punch|p1a: Iron Clap\n|-damage|p1a: Iron Clap|61\/100\n|-heal|p2a: Annihilape|38\/100|[from] drain|[of] p1a: Iron Clap\n|move|p1a: Iron Clap|Wild Charge|p2a: Annihilape\n|-damage|p2a: Annihilape|0 fnt\n|faint|p2a: Annihilape\n|-damage|p1a: Iron Clap|53\/100|[from] Recoil\n|\n|win|Atin007\n|l|\u2606RustyOxygen\n","uploadtime":1699056849,"views":19,"p1id":"atin007","p2id":"rustyoxygen","formatid":"gen9anythinggoes","rating":0,"private":0,"password":""}