{"id":"gen9anythinggoes-1996780910","p1":"YoungEsq","p2":"bignutta","format":"[Gen 9] Anything Goes","log":"|j|\u2606YoungEsq\n|j|\u2606bignutta\n|t:|1700724211\n|gametype|singles\n|player|p1|YoungEsq|266|1335\n|player|p2|bignutta|brycenman|1204\n|teamsize|p1|6\n|teamsize|p2|6\n|gen|9\n|tier|[Gen 9] Anything Goes\n|rated|\n|rule|HP Percentage Mod: HP is shown in percentages\n|rule|Endless Battle Clause: Forcing endless battles is banned\n|clearpoke\n|poke|p1|Ting-Lu|\n|poke|p1|Gholdengo|\n|poke|p1|Roaring Moon|\n|poke|p1|Chi-Yu|\n|poke|p1|Samurott-Hisui, M|\n|poke|p1|Mandibuzz, F|\n|poke|p2|Annihilape, F|\n|poke|p2|Landorus, M|\n|poke|p2|Vikavolt, M|\n|poke|p2|Glalie, M|\n|poke|p2|Arceus-Steel|\n|poke|p2|Zoroark-Hisui, F|\n|teampreview\n|inactive|Battle timer is ON: inactive players will automatically lose when time's up. (requested by YoungEsq)\n|inactive|bignutta also wants the timer to be on.\n|\n|t:|1700724220\n|start\n|switch|p1a: Ting-Lu|Ting-Lu|100\/100\n|switch|p2a: Glalie|Glalie, M, shiny|100\/100\n|-ability|p1a: Ting-Lu|Vessel of Ruin\n|turn|1\n|\n|t:|1700724228\n|move|p2a: Glalie|Nasty Plot|p2a: Glalie\n|-boost|p2a: Glalie|spa|2\n|move|p1a: Ting-Lu|Stealth Rock|p2a: Glalie\n|-sidestart|p2: bignutta|move: Stealth Rock\n|\n|upkeep\n|turn|2\n|\n|t:|1700724236\n|-singleturn|p2a: Glalie|move: Focus Punch\n|move|p2a: Glalie|Focus Punch|p1a: Ting-Lu\n|-supereffective|p1a: Ting-Lu\n|-damage|p1a: Ting-Lu|64\/100\n|move|p1a: Ting-Lu|Whirlwind|p2a: Glalie\n|drag|p2a: Vikavolt|Vikavolt, M|100\/100\n|-damage|p2a: Vikavolt|76\/100|[from] Stealth Rock\n|\n|-heal|p1a: Ting-Lu|70\/100|[from] item: Leftovers\n|-heal|p2a: Vikavolt|82\/100|[from] item: Leftovers\n|upkeep\n|turn|3\n|\n|t:|1700724256\n|move|p2a: Vikavolt|Bug Buzz|p1a: Ting-Lu\n|-supereffective|p1a: Ting-Lu\n|-damage|p1a: Ting-Lu|24\/100\n|move|p1a: Ting-Lu|Whirlwind|p2a: Vikavolt\n|drag|p2a: Glalie|Glalie, M, shiny|100\/100\n|-damage|p2a: Glalie|88\/100|[from] Stealth Rock\n|\n|-heal|p1a: Ting-Lu|30\/100|[from] item: Leftovers\n|upkeep\n|turn|4\n|\n|t:|1700724269\n|switch|p1a: Samurott|Samurott-Hisui, M|100\/100\n|-singleturn|p2a: Glalie|move: Focus Punch\n|move|p2a: Glalie|Focus Punch|p1a: Samurott\n|-supereffective|p1a: Samurott\n|-damage|p1a: Samurott|15\/100\n|\n|upkeep\n|turn|5\n|\n|t:|1700724284\n|move|p2a: Glalie|Shadow Ball|p1a: Samurott\n|-resisted|p1a: Samurott\n|-damage|p1a: Samurott|0 fnt\n|faint|p1a: Samurott\n|\n|upkeep\n|\n|t:|1700724287\n|switch|p1a: Chi-Yu|Chi-Yu|100\/100\n|-ability|p1a: Chi-Yu|Beads of Ruin\n|turn|6\n|\n|t:|1700724295\n|move|p1a: Chi-Yu|Flamethrower|p2a: Glalie\n|-damage|p2a: Glalie|0 fnt\n|replace|p2a: Zoroark|Zoroark-Hisui, F\n|-end|p2a: Zoroark|Illusion\n|faint|p2a: Zoroark\n|\n|upkeep\n|\n|t:|1700724304\n|switch|p2a: Annihilape|Annihilape, F|100\/100\n|-damage|p2a: Annihilape|94\/100|[from] Stealth Rock\n|turn|7\n|\n|t:|1700724313\n|switch|p1a: Mandibuzz|Mandibuzz, F|100\/100\n|move|p2a: Annihilape|Drain Punch|p1a: Mandibuzz\n|-damage|p1a: Mandibuzz|71\/100\n|-heal|p2a: Annihilape|100\/100|[from] drain|[of] p1a: Mandibuzz\n|\n|upkeep\n|turn|8\n|\n|t:|1700724324\n|move|p2a: Annihilape|Taunt|p1a: Mandibuzz\n|-start|p1a: Mandibuzz|move: Taunt\n|cant|p1a: Mandibuzz|move: Taunt|Toxic\n|\n|upkeep\n|turn|9\n|\n|t:|1700724331\n|switch|p1a: Gholdengo|Gholdengo|100\/100\n|-item|p1a: Gholdengo|Air Balloon\n|move|p2a: Annihilape|Bulk Up|p2a: Annihilape\n|-boost|p2a: Annihilape|atk|1\n|-boost|p2a: Annihilape|def|1\n|\n|upkeep\n|turn|10\n|\n|t:|1700724340\n|move|p1a: Gholdengo|Nasty Plot|p1a: Gholdengo\n|-boost|p1a: Gholdengo|spa|2\n|move|p2a: Annihilape|Taunt|p1a: Gholdengo\n|-immune|p1a: Gholdengo|[from] ability: Good as Gold\n|\n|upkeep\n|turn|11\n|\n|t:|1700724348\n|move|p1a: Gholdengo|Make It Rain|p2a: Annihilape\n|-damage|p2a: Annihilape|0 fnt\n|-unboost|p1a: Gholdengo|spa|1\n|faint|p2a: Annihilape\n|\n|upkeep\n|\n|t:|1700724357\n|switch|p2a: Landorus|Landorus, M|100\/100\n|-damage|p2a: Landorus|88\/100|[from] Stealth Rock\n|turn|12\n|\n|t:|1700724363\n|move|p2a: Landorus|Sandsear Storm|p1a: Gholdengo\n|-immune|p1a: Gholdengo\n|move|p1a: Gholdengo|Shadow Ball|p2a: Landorus\n|-damage|p2a: Landorus|7\/100\n|\n|upkeep\n|turn|13\n|-message|bignutta forfeited.\n|\n|win|YoungEsq\n|raw|YoungEsq's rating: 1335 &rarr; <strong>1348<\/strong><br \/>(+13 for winning)\n|raw|bignutta's rating: 1204 &rarr; <strong>1188<\/strong><br \/>(-16 for losing)\n|l|\u2606bignutta\n","uploadtime":1700724373,"views":0,"p1id":"youngesq","p2id":"bignutta","formatid":"gen9anythinggoes","rating":1188,"private":0,"password":""}