{"id":"gen9anythinggoes-1985847890","p1":"anchoevys","p2":"MelloBello","format":"[Gen 9] Anything Goes","log":"|j|\u2606anchoevys\n|j|\u2606MelloBello\n|t:|1699412781\n|gametype|singles\n|player|p1|anchoevys|170|1263\n|player|p2|MelloBello|169|1209\n|teamsize|p1|6\n|teamsize|p2|6\n|gen|9\n|tier|[Gen 9] Anything Goes\n|rated|\n|rule|HP Percentage Mod: HP is shown in percentages\n|rule|Endless Battle Clause: Forcing endless battles is banned\n|clearpoke\n|poke|p1|Yanmega, M|\n|poke|p1|Munkidori, M|\n|poke|p1|Ogerpon-Cornerstone, F|\n|poke|p1|Ribombee, M|\n|poke|p1|Great Tusk|\n|poke|p1|Gholdengo|\n|poke|p2|Espathra, F|\n|poke|p2|Zacian-*|\n|poke|p2|Urshifu-*, M|\n|poke|p2|Annihilape, M|\n|poke|p2|Sinistcha-Masterpiece|\n|poke|p2|Toxapex, M|\n|teampreview\n|j| xPhenom504\n|l| xPhenom504\n|inactive|Battle timer is ON: inactive players will automatically lose when time's up. (requested by MelloBello)\n|\n|t:|1699412832\n|start\n|switch|p1a: Ribombee|Ribombee, M|100\/100\n|switch|p2a: Espathra|Espathra, F|100\/100\n|turn|1\n|\n|t:|1699412845\n|move|p1a: Ribombee|Stun Spore|p2a: Espathra\n|-status|p2a: Espathra|par\n|move|p2a: Espathra|Agility|p2a: Espathra\n|-boost|p2a: Espathra|spe|2\n|\n|-damage|p2a: Espathra|88\/100 par|[from] item: Black Sludge\n|-ability|p2a: Espathra|Speed Boost|boost\n|-boost|p2a: Espathra|spe|1\n|upkeep\n|turn|2\n|\n|t:|1699412861\n|move|p2a: Espathra|Agility|p2a: Espathra\n|-boost|p2a: Espathra|spe|2\n|move|p1a: Ribombee|Tailwind|p1a: Ribombee\n|-sidestart|p1: anchoevys|move: Tailwind\n|\n|-damage|p2a: Espathra|76\/100 par|[from] item: Black Sludge\n|-ability|p2a: Espathra|Speed Boost|boost\n|-boost|p2a: Espathra|spe|1\n|upkeep\n|turn|3\n|\n|t:|1699412875\n|move|p1a: Ribombee|Sticky Web|p2a: Espathra\n|-sidestart|p2: MelloBello|move: Sticky Web\n|move|p2a: Espathra|Baton Pass|p2a: Espathra\n|\n|t:|1699412878\n|switch|p2a: Zacian|Zacian-Crowned, shiny|100\/100|[from] Baton Pass\n|-activate|p2a: Zacian|move: Sticky Web\n|-unboost|p2a: Zacian|spe|1\n|-ability|p2a: Zacian|Intrepid Sword|boost\n|-boost|p2a: Zacian|atk|1\n|\n|upkeep\n|turn|4\n|inactive|anchoevys has 120 seconds left.\n|\n|t:|1699412912\n|switch|p1a: Ogerpon|Ogerpon-Cornerstone, F|100\/100\n|move|p2a: Zacian|Behemoth Blade|p1a: Ogerpon\n|-supereffective|p1a: Ogerpon\n|-ability|p1a: Ogerpon|Sturdy\n|-damage|p1a: Ogerpon|1\/100\n|\n|upkeep\n|turn|5\n|\n|t:|1699412925\n|move|p2a: Zacian|Behemoth Blade|p1a: Ogerpon\n|-supereffective|p1a: Ogerpon\n|-damage|p1a: Ogerpon|0 fnt\n|faint|p1a: Ogerpon\n|\n|-sideend|p1: anchoevys|move: Tailwind\n|upkeep\n|\n|t:|1699412929\n|switch|p1a: Great Tusk|Great Tusk|100\/100\n|turn|6\n|\n|t:|1699412933\n|move|p2a: Zacian|Play Rough|p1a: Great Tusk\n|-supereffective|p1a: Great Tusk\n|-damage|p1a: Great Tusk|0 fnt\n|faint|p1a: Great Tusk\n|-end|p1a: Great Tusk|Protosynthesis|[silent]\n|\n|upkeep\n|\n|t:|1699412937\n|switch|p1a: Gholdengo|Gholdengo|100\/100\n|-item|p1a: Gholdengo|Air Balloon\n|turn|7\n|\n|t:|1699412951\n|move|p2a: Zacian|Behemoth Blade|p1a: Gholdengo\n|-resisted|p1a: Gholdengo\n|-damage|p1a: Gholdengo|47\/100\n|-enditem|p1a: Gholdengo|Air Balloon\n|move|p1a: Gholdengo|Make It Rain|p2a: Zacian\n|-damage|p2a: Zacian|50\/100\n|-unboost|p1a: Gholdengo|spa|1\n|\n|upkeep\n|turn|8\n|\n|t:|1699412962\n|move|p2a: Zacian|Play Rough|p1a: Gholdengo\n|-resisted|p1a: Gholdengo\n|-damage|p1a: Gholdengo|3\/100\n|move|p1a: Gholdengo|Make It Rain|p2a: Zacian\n|-damage|p2a: Zacian|12\/100\n|-unboost|p1a: Gholdengo|spa|1\n|\n|upkeep\n|turn|9\n|\n|t:|1699412974\n|move|p2a: Zacian|Play Rough|p1a: Gholdengo\n|-resisted|p1a: Gholdengo\n|-damage|p1a: Gholdengo|0 fnt\n|faint|p1a: Gholdengo\n|\n|upkeep\n|\n|t:|1699412982\n|switch|p1a: Ribombee|Ribombee, M|100\/100\n|turn|10\n|\n|t:|1699412992\n|move|p2a: Zacian|Behemoth Blade|p1a: Ribombee\n|-supereffective|p1a: Ribombee\n|-enditem|p1a: Ribombee|Focus Sash\n|-damage|p1a: Ribombee|1\/100\n|move|p1a: Ribombee|Stun Spore|p2a: Zacian|[miss]\n|-miss|p1a: Ribombee|p2a: Zacian\n|\n|upkeep\n|turn|11\n|-message|anchoevys forfeited.\n|\n|win|MelloBello\n|raw|anchoevys's rating: 1263 &rarr; <strong>1234<\/strong><br \/>(-29 for losing)\n|raw|MelloBello's rating: 1209 &rarr; <strong>1238<\/strong><br \/>(+29 for winning)\n|l|\u2606anchoevys\n","uploadtime":1699413003,"views":4,"p1id":"anchoevys","p2id":"mellobello","formatid":"gen9anythinggoes","rating":1234,"private":0,"password":""}