{"id":"gen9anythinggoes-1993762279","p1":"MemekyuYT","p2":"Vendetta god","format":"[Gen 9] Anything Goes","log":"|j|\u2606MemekyuYT\n|j|\u2606Vendetta god\n|t:|1700354241\n|gametype|singles\n|player|p1|MemekyuYT|unknown|1000\n|player|p2|Vendetta god|170|1143\n|teamsize|p1|6\n|teamsize|p2|6\n|gen|9\n|tier|[Gen 9] Anything Goes\n|rated|\n|rule|HP Percentage Mod: HP is shown in percentages\n|rule|Endless Battle Clause: Forcing endless battles is banned\n|clearpoke\n|poke|p1|Skeledirge, M|\n|poke|p1|Ceruledge, F|\n|poke|p1|Brambleghast, M|\n|poke|p1|Annihilape, F|\n|poke|p1|Houndstone, M|\n|poke|p1|Gholdengo|\n|poke|p2|Orthworm, F|\n|poke|p2|Ceruledge, F|\n|poke|p2|Dondozo, F|\n|poke|p2|Quagsire, F|\n|poke|p2|Haxorus, F|\n|poke|p2|Enamorus-Therian, F|\n|teampreview\n|\n|t:|1700354266\n|start\n|switch|p1a: Howl|Brambleghast, M|100\/100\n|switch|p2a: Phys. Def. Wall|Dondozo, F|100\/100\n|turn|1\n|\n|t:|1700354280\n|move|p1a: Howl|Spikes|p2a: Phys. Def. Wall\n|-sidestart|p2: Vendetta god|Spikes\n|move|p2a: Phys. Def. Wall|Yawn|p1a: Howl\n|-start|p1a: Howl|move: Yawn|[of] p2a: Phys. Def. Wall\n|\n|upkeep\n|turn|2\n|\n|t:|1700354294\n|switch|p1a: Ka-Chiing|Gholdengo|100\/100\n|move|p2a: Phys. Def. Wall|Order Up|p1a: Ka-Chiing\n|-resisted|p1a: Ka-Chiing\n|-damage|p1a: Ka-Chiing|88\/100\n|\n|upkeep\n|turn|3\n|\n|t:|1700354311\n|move|p1a: Ka-Chiing|Nasty Plot|p1a: Ka-Chiing\n|-boost|p1a: Ka-Chiing|spa|2\n|move|p2a: Phys. Def. Wall|Yawn|p1a: Ka-Chiing\n|-immune|p1a: Ka-Chiing|[from] ability: Good as Gold\n|\n|upkeep\n|turn|4\n|\n|t:|1700354321\n|switch|p2a: Sp. Def. Wall|Quagsire, F|100\/100\n|-damage|p2a: Sp. Def. Wall|88\/100|[from] Spikes\n|move|p1a: Ka-Chiing|Shadow Ball|p2a: Sp. Def. Wall\n|-damage|p2a: Sp. Def. Wall|45\/100\n|\n|upkeep\n|turn|5\n|\n|t:|1700354330\n|move|p1a: Ka-Chiing|Shadow Ball|p2a: Sp. Def. Wall\n|-damage|p2a: Sp. Def. Wall|0 fnt\n|faint|p2a: Sp. Def. Wall\n|\n|upkeep\n|\n|t:|1700354342\n|switch|p2a: Fst. Sp. Sweeper|Enamorus-Therian, F|100\/100\n|turn|6\n|\n|t:|1700354349\n|move|p1a: Ka-Chiing|Make It Rain|p2a: Fst. Sp. Sweeper\n|-supereffective|p2a: Fst. Sp. Sweeper\n|-damage|p2a: Fst. Sp. Sweeper|0 fnt\n|-unboost|p1a: Ka-Chiing|spa|1\n|faint|p2a: Fst. Sp. Sweeper\n|\n|upkeep\n|\n|t:|1700354363\n|switch|p2a: Pivot 2|Ceruledge, F|100\/100\n|-damage|p2a: Pivot 2|88\/100|[from] Spikes\n|turn|7\n|\n|t:|1700354373\n|switch|p1a: Mephala|Ceruledge, F|100\/100\n|move|p2a: Pivot 2|Bitter Blade|p1a: Mephala\n|-start|p1a: Mephala|ability: Flash Fire\n|\n|upkeep\n|turn|8\n|\n|t:|1700354383\n|move|p2a: Pivot 2|Swords Dance|p2a: Pivot 2\n|-boost|p2a: Pivot 2|atk|2\n|move|p1a: Mephala|Shadow Claw|p2a: Pivot 2\n|-supereffective|p2a: Pivot 2\n|-damage|p2a: Pivot 2|0 fnt\n|faint|p2a: Pivot 2\n|-damage|p1a: Mephala|91\/100|[from] item: Life Orb\n|\n|upkeep\n|-message|Vendetta god forfeited.\n|\n|win|MemekyuYT\n|raw|MemekyuYT's rating: 1000 &rarr; <strong>1056<\/strong><br \/>(+56 for winning)\n|raw|Vendetta god's rating: 1143 &rarr; <strong>1108<\/strong><br \/>(-35 for losing)\n|l|\u2606Vendetta god\n|c|\u2606MemekyuYT|Gg\n","uploadtime":1700354421,"views":3,"p1id":"memekyuyt","p2id":"vendettagod","formatid":"gen9anythinggoes","rating":1056,"private":0,"password":""}