{"id":"gen9anythinggoes-1985122545","p1":"idunnoagoodnam","p2":"Squirtle Soldier","format":"[Gen 9] Anything Goes","log":"|j|\u2606idunnoagoodnam\n|j|\u2606Squirtle Soldier\n|t:|1699334062\n|gametype|singles\n|player|p1|idunnoagoodnam|gambler|\n|player|p2|Squirtle Soldier|2|\n|teamsize|p1|6\n|teamsize|p2|6\n|gen|9\n|tier|[Gen 9] Anything Goes\n|rule|HP Percentage Mod: HP is shown in percentages\n|rule|Endless Battle Clause: Forcing endless battles is banned\n|clearpoke\n|poke|p1|Grimmsnarl, M|\n|poke|p1|Snorlax, F|\n|poke|p1|Dusclops, M|\n|poke|p1|Scream Tail|\n|poke|p1|Arboliva, F|\n|poke|p1|Munkidori, M|\n|poke|p2|Snorlax, M|\n|poke|p2|Grimmsnarl, M|\n|poke|p2|Slowbro-Galar, F|\n|poke|p2|Gengar, M|\n|poke|p2|Clefable, M|\n|poke|p2|Hatterene, F|\n|teampreview\n|inactive|Battle timer is ON: inactive players will automatically lose when time's up. (requested by Squirtle Soldier)\n|\n|t:|1699334082\n|start\n|switch|p1a: Munkidori|Munkidori, M|100\/100\n|switch|p2a: Clefable|Clefable, M|100\/100\n|turn|1\n|\n|t:|1699334084\n|move|p1a: Munkidori|Metronome|p1a: Munkidori\n|move|p1a: Munkidori|Court Change||[from]move: Metronome|[still]\n|-swapsideconditions\n|-fail|p1a: Munkidori\n|move|p2a: Clefable|Metronome|p2a: Clefable\n|move|p2a: Clefable|Defense Curl|p2a: Clefable|[from]move: Metronome\n|-boost|p2a: Clefable|def|1\n|\n|upkeep\n|turn|2\n|\n|t:|1699334091\n|move|p1a: Munkidori|Metronome|p1a: Munkidori\n|move|p1a: Munkidori|Mud-Slap|p2a: Clefable|[from]move: Metronome\n|-damage|p2a: Clefable|95\/100\n|-unboost|p2a: Clefable|accuracy|1\n|move|p2a: Clefable|Metronome|p2a: Clefable\n|move|p2a: Clefable|Aqua Tail|p1a: Munkidori|[from]move: Metronome|[miss]\n|-miss|p2a: Clefable|p1a: Munkidori\n|\n|upkeep\n|turn|3\n|\n|t:|1699334099\n|move|p1a: Munkidori|Metronome|p1a: Munkidori\n|move|p1a: Munkidori|Round|p2a: Clefable|[from]move: Metronome\n|-damage|p2a: Clefable|78\/100\n|move|p2a: Clefable|Metronome|p2a: Clefable\n|move|p2a: Clefable|Darkest Lariat|p1a: Munkidori|[from]move: Metronome\n|-supereffective|p1a: Munkidori\n|-damage|p1a: Munkidori|69\/100\n|\n|-heal|p1a: Munkidori|75\/100|[from] item: Black Sludge\n|upkeep\n|turn|4\n|\n|t:|1699334108\n|move|p1a: Munkidori|Metronome|p1a: Munkidori\n|move|p1a: Munkidori|Uproar|p2a: Clefable|[from]move: Metronome\n|-damage|p2a: Clefable|53\/100\n|-start|p1a: Munkidori|Uproar\n|move|p2a: Clefable|Metronome|p2a: Clefable\n|move|p2a: Clefable|Flip Turn|p1a: Munkidori|[from]move: Metronome\n|-damage|p1a: Munkidori|64\/100\n|\n|t:|1699334117\n|switch|p2a: Gengar|Gengar, M|100\/100|[from] Flip Turn\n|\n|-heal|p1a: Munkidori|70\/100|[from] item: Black Sludge\n|-start|p1a: Munkidori|Uproar|[upkeep]\n|upkeep\n|turn|5\n|\n|t:|1699334123\n|move|p2a: Gengar|Metronome|p2a: Gengar\n|move|p2a: Gengar|Heat Crash|p1a: Munkidori|[from]move: Metronome\n|-damage|p1a: Munkidori|59\/100\n|move|p1a: Munkidori|Uproar|p2a: Gengar|[from]lockedmove\n|-immune|p2a: Gengar\n|\n|-heal|p1a: Munkidori|65\/100|[from] item: Black Sludge\n|-start|p1a: Munkidori|Uproar|[upkeep]\n|upkeep\n|turn|6\n|\n|t:|1699334131\n|move|p2a: Gengar|Metronome|p2a: Gengar\n|move|p2a: Gengar|Toxic Thread|p1a: Munkidori|[from]move: Metronome\n|-unboost|p1a: Munkidori|spe|1\n|-immune|p1a: Munkidori\n|move|p1a: Munkidori|Uproar|p2a: Gengar|[from]lockedmove\n|-immune|p2a: Gengar\n|\n|-heal|p1a: Munkidori|71\/100|[from] item: Black Sludge\n|-end|p1a: Munkidori|Uproar\n|upkeep\n|turn|7\n|\n|t:|1699334143\n|switch|p1a: Dusclops|Dusclops, M|100\/100\n|-ability|p1a: Dusclops|Pressure\n|move|p2a: Gengar|Metronome|p2a: Gengar\n|move|p2a: Gengar|Drill Peck|p1a: Dusclops|[from]move: Metronome\n|-crit|p1a: Dusclops\n|-damage|p1a: Dusclops|91\/100\n|\n|upkeep\n|turn|8\n|\n|t:|1699334152\n|switch|p2a: Slowbro|Slowbro-Galar, F|100\/100\n|move|p1a: Dusclops|Metronome|p1a: Dusclops\n|move|p1a: Dusclops|Pin Missile|p2a: Slowbro|[from]move: Metronome\n|-damage|p2a: Slowbro|96\/100\n|-crit|p2a: Slowbro\n|-damage|p2a: Slowbro|89\/100\n|-hitcount|p2a: Slowbro|2\n|\n|-heal|p2a: Slowbro|95\/100|[from] item: Black Sludge\n|upkeep\n|turn|9\n|\n|t:|1699334161\n|move|p2a: Slowbro|Metronome|p2a: Slowbro\n|move|p2a: Slowbro|Water Pledge|p1a: Dusclops|[from]move: Metronome\n|-damage|p1a: Dusclops|78\/100\n|move|p1a: Dusclops|Metronome|p1a: Dusclops\n|move|p1a: Dusclops|Baton Pass|p1a: Dusclops|[from]move: Metronome\n|\n|t:|1699334171\n|switch|p1a: Grimmsnarl|Grimmsnarl, M|100\/100|[from] Baton Pass\n|\n|-heal|p2a: Slowbro|100\/100|[from] item: Black Sludge\n|upkeep\n|turn|10\n|\n|t:|1699334176\n|move|p1a: Grimmsnarl|Metronome|p1a: Grimmsnarl\n|move|p1a: Grimmsnarl|Barb Barrage|p2a: Slowbro|[from]move: Metronome\n|-resisted|p2a: Slowbro\n|-damage|p2a: Slowbro|92\/100\n|move|p2a: Slowbro|Metronome|p2a: Slowbro\n|move|p2a: Slowbro|Boomburst|p1a: Grimmsnarl|[from]move: Metronome\n|-damage|p1a: Grimmsnarl|55\/100\n|\n|-heal|p1a: Grimmsnarl|61\/100|[from] item: Leftovers\n|-heal|p2a: Slowbro|99\/100|[from] item: Black Sludge\n|upkeep\n|turn|11\n|\n|t:|1699334186\n|move|p1a: Grimmsnarl|Metronome|p1a: Grimmsnarl\n|move|p1a: Grimmsnarl|Terrain Pulse|p2a: Slowbro|[from]move: Metronome\n|-damage|p2a: Slowbro|83\/100\n|move|p2a: Slowbro|Metronome|p2a: Slowbro\n|move|p2a: Slowbro|Echoed Voice|p1a: Grimmsnarl|[from]move: Metronome\n|-damage|p1a: Grimmsnarl|48\/100\n|\n|-heal|p1a: Grimmsnarl|54\/100|[from] item: Leftovers\n|-heal|p2a: Slowbro|89\/100|[from] item: Black Sludge\n|upkeep\n|turn|12\n|\n|t:|1699334195\n|move|p1a: Grimmsnarl|Metronome|p1a: Grimmsnarl\n|move|p1a: Grimmsnarl|Poison Tail|p2a: Slowbro|[from]move: Metronome\n|-resisted|p2a: Slowbro\n|-damage|p2a: Slowbro|82\/100\n|move|p2a: Slowbro|Metronome|p2a: Slowbro\n|move|p2a: Slowbro|Hex|p1a: Grimmsnarl|[from]move: Metronome\n|-resisted|p1a: Grimmsnarl\n|-damage|p1a: Grimmsnarl|45\/100\n|\n|-heal|p1a: Grimmsnarl|51\/100|[from] item: Leftovers\n|-heal|p2a: Slowbro|88\/100|[from] item: Black Sludge\n|upkeep\n|turn|13\n|\n|t:|1699334205\n|move|p1a: Grimmsnarl|Metronome|p1a: Grimmsnarl\n|move|p1a: Grimmsnarl|Trop Kick|p2a: Slowbro|[from]move: Metronome\n|-resisted|p2a: Slowbro\n|-damage|p2a: Slowbro|77\/100\n|-unboost|p2a: Slowbro|atk|1\n|move|p2a: Slowbro|Metronome|p2a: Slowbro\n|move|p2a: Slowbro|Shock Wave|p1a: Grimmsnarl|[from]move: Metronome\n|-damage|p1a: Grimmsnarl|31\/100\n|\n|-heal|p1a: Grimmsnarl|37\/100|[from] item: Leftovers\n|-heal|p2a: Slowbro|83\/100|[from] item: Black Sludge\n|upkeep\n|turn|14\n|\n|t:|1699334216\n|move|p1a: Grimmsnarl|Metronome|p1a: Grimmsnarl\n|move|p1a: Grimmsnarl|Aurora Beam|p2a: Slowbro|[from]move: Metronome\n|-damage|p2a: Slowbro|61\/100\n|-unboost|p2a: Slowbro|atk|1\n|move|p2a: Slowbro|Metronome|p2a: Slowbro\n|move|p2a: Slowbro|Mortal Spin|p1a: Grimmsnarl|[from]move: Metronome\n|-supereffective|p1a: Grimmsnarl\n|-damage|p1a: Grimmsnarl|25\/100\n|-status|p1a: Grimmsnarl|psn\n|\n|-heal|p1a: Grimmsnarl|31\/100 psn|[from] item: Leftovers\n|-heal|p2a: Slowbro|68\/100|[from] item: Black Sludge\n|-damage|p1a: Grimmsnarl|18\/100 psn|[from] psn\n|upkeep\n|turn|15\n|\n|t:|1699334229\n|switch|p2a: Hatterene|Hatterene, F|100\/100\n|move|p1a: Grimmsnarl|Metronome|p1a: Grimmsnarl\n|move|p1a: Grimmsnarl|Seed Flare|p2a: Hatterene|[from]move: Metronome|[miss]\n|-miss|p1a: Grimmsnarl|p2a: Hatterene\n|\n|-heal|p1a: Grimmsnarl|24\/100 psn|[from] item: Leftovers\n|-damage|p1a: Grimmsnarl|12\/100 psn|[from] psn\n|upkeep\n|turn|16\n|\n|t:|1699334236\n|move|p1a: Grimmsnarl|Metronome|p1a: Grimmsnarl\n|move|p1a: Grimmsnarl|Sweet Kiss|p2a: Hatterene|[from]move: Metronome\n|move|p2a: Hatterene|Sweet Kiss|p1a: Grimmsnarl|[from]ability: Magic Bounce\n|-start|p1a: Grimmsnarl|confusion\n|move|p2a: Hatterene|Metronome|p2a: Hatterene\n|move|p2a: Hatterene|Charge|p2a: Hatterene|[from]move: Metronome\n|-boost|p2a: Hatterene|spd|1\n|-start|p2a: Hatterene|Charge\n|\n|-heal|p1a: Grimmsnarl|18\/100 psn|[from] item: Leftovers\n|-damage|p1a: Grimmsnarl|6\/100 psn|[from] psn\n|upkeep\n|turn|17\n|\n|t:|1699334250\n|-activate|p1a: Grimmsnarl|confusion\n|-damage|p1a: Grimmsnarl|0 fnt|[from] confusion\n|faint|p1a: Grimmsnarl\n|move|p2a: Hatterene|Metronome|p2a: Hatterene\n|move|p2a: Hatterene|Freeze-Dry|p1: Grimmsnarl|[from]move: Metronome|[notarget]\n|-fail|p2a: Hatterene\n|\n|upkeep\n|\n|t:|1699334257\n|switch|p1a: Munkidori|Munkidori, M|71\/100\n|turn|18\n|\n|t:|1699334258\n|move|p1a: Munkidori|Metronome|p1a: Munkidori\n|move|p1a: Munkidori|Bullet Punch|p2a: Hatterene|[from]move: Metronome\n|-supereffective|p2a: Hatterene\n|-damage|p2a: Hatterene|84\/100\n|move|p2a: Hatterene|Metronome|p2a: Hatterene\n|move|p2a: Hatterene|Power Trip|p1a: Munkidori|[from]move: Metronome\n|-supereffective|p1a: Munkidori\n|-damage|p1a: Munkidori|51\/100\n|\n|-heal|p1a: Munkidori|57\/100|[from] item: Black Sludge\n|upkeep\n|turn|19\n|\n|t:|1699334272\n|move|p1a: Munkidori|Metronome|p1a: Munkidori\n|move|p1a: Munkidori|Darkest Lariat|p2a: Hatterene|[from]move: Metronome\n|-damage|p2a: Hatterene|66\/100\n|move|p2a: Hatterene|Metronome|p2a: Hatterene\n|move|p2a: Hatterene|Skitter Smack|p1a: Munkidori|[from]move: Metronome\n|-damage|p1a: Munkidori|39\/100\n|-unboost|p1a: Munkidori|spa|1\n|\n|-heal|p1a: Munkidori|45\/100|[from] item: Black Sludge\n|upkeep\n|turn|20\n|\n|t:|1699334282\n|move|p1a: Munkidori|Metronome|p1a: Munkidori\n|move|p1a: Munkidori|Pay Day|p2a: Hatterene|[from]move: Metronome\n|-damage|p2a: Hatterene|58\/100\n|move|p2a: Hatterene|Metronome|p2a: Hatterene\n|move|p2a: Hatterene|Electroweb|p1a: Munkidori|[from]move: Metronome\n|-damage|p1a: Munkidori|16\/100\n|-unboost|p1a: Munkidori|spe|1\n|-end|p2a: Hatterene|Charge|[silent]\n|\n|-heal|p1a: Munkidori|22\/100|[from] item: Black Sludge\n|upkeep\n|turn|21\n|\n|t:|1699334291\n|move|p1a: Munkidori|Metronome|p1a: Munkidori\n|move|p1a: Munkidori|Glare|p2a: Hatterene|[from]move: Metronome\n|move|p2a: Hatterene|Glare|p1a: Munkidori|[from]ability: Magic Bounce\n|-status|p1a: Munkidori|par\n|move|p2a: Hatterene|Metronome|p2a: Hatterene\n|move|p2a: Hatterene|Beat Up|p1a: Munkidori|[from]move: Metronome\n|-supereffective|p1a: Munkidori\n|-damage|p1a: Munkidori|15\/100 par\n|-supereffective|p1a: Munkidori\n|-damage|p1a: Munkidori|5\/100 par\n|-supereffective|p1a: Munkidori\n|-damage|p1a: Munkidori|0 fnt\n|faint|p1a: Munkidori\n|-hitcount|p1: Munkidori|3\n|\n|upkeep\n|\n|t:|1699334317\n|switch|p1a: Dusclops|Dusclops, M|78\/100\n|-ability|p1a: Dusclops|Pressure\n|turn|22\n|\n|t:|1699334320\n|move|p2a: Hatterene|Metronome|p2a: Hatterene\n|move|p2a: Hatterene|Slash|p1a: Dusclops|[from]move: Metronome\n|-immune|p1a: Dusclops\n|move|p1a: Dusclops|Metronome|p1a: Dusclops\n|move|p1a: Dusclops|Acid Spray|p2a: Hatterene|[from]move: Metronome\n|-supereffective|p2a: Hatterene\n|-damage|p2a: Hatterene|49\/100\n|\n|upkeep\n|turn|23\n|\n|t:|1699334334\n|move|p2a: Hatterene|Metronome|p2a: Hatterene\n|move|p2a: Hatterene|Jaw Lock|p1a: Dusclops|[from]move: Metronome\n|-supereffective|p1a: Dusclops\n|-damage|p1a: Dusclops|53\/100\n|-activate|p2a: Hatterene|trapped\n|move|p1a: Dusclops|Metronome|p1a: Dusclops\n|move|p1a: Dusclops|Milk Drink|p1a: Dusclops|[from]move: Metronome\n|-heal|p1a: Dusclops|100\/100\n|\n|upkeep\n|turn|24\n|\n|t:|1699334342\n|move|p2a: Hatterene|Metronome|p2a: Hatterene\n|move|p2a: Hatterene|Accelerock|p1a: Dusclops|[from]move: Metronome\n|-damage|p1a: Dusclops|94\/100\n|move|p1a: Dusclops|Metronome|p1a: Dusclops\n|move|p1a: Dusclops|Shell Smash|p1a: Dusclops|[from]move: Metronome\n|-unboost|p1a: Dusclops|def|1\n|-unboost|p1a: Dusclops|spd|1\n|-boost|p1a: Dusclops|atk|2\n|-boost|p1a: Dusclops|spa|2\n|-boost|p1a: Dusclops|spe|2\n|\n|upkeep\n|turn|25\n|\n|t:|1699334354\n|move|p1a: Dusclops|Metronome|p1a: Dusclops\n|move|p1a: Dusclops|Matcha Gotcha|p2a: Hatterene|[from]move: Metronome\n|-damage|p2a: Hatterene|31\/100\n|-heal|p1a: Dusclops|100\/100|[from] drain|[of] p2a: Hatterene\n|move|p2a: Hatterene|Metronome|p2a: Hatterene\n|move|p2a: Hatterene|Ice Hammer|p1a: Dusclops|[from]move: Metronome\n|-damage|p1a: Dusclops|77\/100\n|-unboost|p2a: Hatterene|spe|1\n|\n|upkeep\n|turn|26\n|\n|t:|1699334365\n|move|p1a: Dusclops|Metronome|p1a: Dusclops\n|move|p1a: Dusclops|Ice Fang|p2a: Hatterene|[from]move: Metronome\n|-damage|p2a: Hatterene|7\/100\n|move|p2a: Hatterene|Metronome|p2a: Hatterene\n|move|p2a: Hatterene|Fairy Wind|p1a: Dusclops|[from]move: Metronome\n|-damage|p1a: Dusclops|61\/100\n|\n|upkeep\n|turn|27\n|\n|t:|1699334372\n|move|p1a: Dusclops|Metronome|p1a: Dusclops\n|move|p1a: Dusclops|Surf|p2a: Hatterene|[from]move: Metronome\n|-damage|p2a: Hatterene|0 fnt\n|faint|p2a: Hatterene\n|\n|upkeep\n|\n|t:|1699334375\n|switch|p2a: Grimmsnarl|Grimmsnarl, M|100\/100\n|turn|28\n|\n|t:|1699334378\n|move|p2a: Grimmsnarl|Metronome|p2a: Grimmsnarl\n|move|p2a: Grimmsnarl|Syrup Bomb|p1a: Dusclops|[from]move: Metronome\n|-damage|p1a: Dusclops|46\/100\n|-start|p1a: Dusclops|Syrup Bomb\n|move|p1a: Dusclops|Metronome|p1a: Dusclops\n|move|p1a: Dusclops|Quick Attack|p2a: Grimmsnarl|[from]move: Metronome\n|-damage|p2a: Grimmsnarl|83\/100\n|\n|-unboost|p1a: Dusclops|spe|1\n|-damage|p2a: Grimmsnarl|70\/100|[from] item: Sticky Barb\n|upkeep\n|turn|29\n|\n|t:|1699334405\n|switch|p2a: Slowbro|Slowbro-Galar, F|100\/100\n|move|p1a: Dusclops|Metronome|p1a: Dusclops\n|move|p1a: Dusclops|Low Sweep|p2a: Slowbro|[from]move: Metronome\n|-resisted|p2a: Slowbro\n|-damage|p2a: Slowbro|95\/100\n|-unboost|p2a: Slowbro|spe|1\n|\n|-heal|p2a: Slowbro|100\/100|[from] item: Black Sludge\n|-unboost|p1a: Dusclops|spe|1\n|upkeep\n|turn|30\n|\n|t:|1699334415\n|move|p1a: Dusclops|Metronome|p1a: Dusclops\n|move|p1a: Dusclops|Brick Break|p2a: Slowbro|[from]move: Metronome\n|-resisted|p2a: Slowbro\n|-damage|p2a: Slowbro|95\/100\n|move|p2a: Slowbro|Metronome|p2a: Slowbro\n|move|p2a: Slowbro|Bullet Punch|p1a: Dusclops|[from]move: Metronome\n|-damage|p1a: Dusclops|35\/100\n|\n|-heal|p2a: Slowbro|100\/100|[from] item: Black Sludge\n|-unboost|p1a: Dusclops|spe|1\n|upkeep\n|turn|31\n|\n|t:|1699334424\n|switch|p2a: Gengar|Gengar, M|100\/100\n|move|p1a: Dusclops|Metronome|p1a: Dusclops\n|move|p1a: Dusclops|Spin Out|p2a: Gengar|[from]move: Metronome\n|-damage|p2a: Gengar|42\/100\n|-unboost|p1a: Dusclops|spe|2\n|-damage|p1a: Dusclops|19\/100|[from] item: Rocky Helmet|[of] p2a: Gengar\n|\n|-end|p1a: Dusclops|Syrup Bomb|[silent]\n|upkeep\n|turn|32\n|\n|t:|1699334434\n|move|p2a: Gengar|Metronome|p2a: Gengar\n|move|p2a: Gengar|Parabolic Charge|p1a: Dusclops|[from]move: Metronome\n|-damage|p1a: Dusclops|0 fnt\n|-heal|p2a: Gengar|50\/100|[from] drain|[of] p1a: Dusclops\n|faint|p1a: Dusclops\n|\n|upkeep\n|\n|t:|1699334442\n|switch|p1a: Snorlax|Snorlax, F|100\/100\n|turn|33\n|\n|t:|1699334448\n|move|p2a: Gengar|Metronome|p2a: Gengar\n|move|p2a: Gengar|Play Rough|p1a: Snorlax|[from]move: Metronome\n|-damage|p1a: Snorlax|91\/100\n|move|p1a: Snorlax|Metronome|p1a: Snorlax\n|move|p1a: Snorlax|Light Screen|p1a: Snorlax|[from]move: Metronome\n|-sidestart|p1: idunnoagoodnam|move: Light Screen\n|\n|upkeep\n|turn|34\n|\n|t:|1699334457\n|switch|p2a: Grimmsnarl|Grimmsnarl, M|70\/100\n|move|p1a: Snorlax|Metronome|p1a: Snorlax\n|move|p1a: Snorlax|Magnetic Flux||[from]move: Metronome|[still]\n|-fail|p1a: Snorlax\n|\n|-damage|p2a: Grimmsnarl|58\/100|[from] item: Sticky Barb\n|upkeep\n|turn|35\n|\n|t:|1699334463\n|move|p2a: Grimmsnarl|Metronome|p2a: Grimmsnarl\n|move|p2a: Grimmsnarl|Liquidation|p1a: Snorlax|[from]move: Metronome\n|-damage|p1a: Snorlax|74\/100\n|move|p1a: Snorlax|Metronome|p1a: Snorlax\n|move|p1a: Snorlax|Nuzzle|p2a: Grimmsnarl|[from]move: Metronome\n|-damage|p2a: Grimmsnarl|52\/100\n|-status|p2a: Grimmsnarl|par\n|\n|-damage|p2a: Grimmsnarl|39\/100 par|[from] item: Sticky Barb\n|upkeep\n|turn|36\n|\n|t:|1699334474\n|cant|p2a: Grimmsnarl|par\n|move|p1a: Snorlax|Metronome|p1a: Snorlax\n|move|p1a: Snorlax|Iron Defense|p1a: Snorlax|[from]move: Metronome\n|-boost|p1a: Snorlax|def|2\n|\n|-damage|p2a: Grimmsnarl|27\/100 par|[from] item: Sticky Barb\n|upkeep\n|turn|37\n|\n|t:|1699334481\n|move|p2a: Grimmsnarl|Metronome|p2a: Grimmsnarl\n|move|p2a: Grimmsnarl|Aqua Ring|p2a: Grimmsnarl|[from]move: Metronome\n|-start|p2a: Grimmsnarl|Aqua Ring\n|move|p1a: Snorlax|Metronome|p1a: Snorlax\n|move|p1a: Snorlax|Splash|p1a: Snorlax|[from]move: Metronome\n|-nothing\n|\n|-heal|p2a: Grimmsnarl|33\/100 par|[from] Aqua Ring\n|-sideend|p1: idunnoagoodnam|move: Light Screen\n|-damage|p2a: Grimmsnarl|21\/100 par|[from] item: Sticky Barb\n|upkeep\n|turn|38\n|\n|t:|1699334490\n|cant|p2a: Grimmsnarl|par\n|move|p1a: Snorlax|Metronome|p1a: Snorlax\n|move|p1a: Snorlax|Fairy Wind|p2a: Grimmsnarl|[from]move: Metronome\n|-supereffective|p2a: Grimmsnarl\n|-damage|p2a: Grimmsnarl|7\/100 par\n|\n|-heal|p2a: Grimmsnarl|13\/100 par|[from] Aqua Ring\n|-damage|p2a: Grimmsnarl|0 fnt|[from] item: Sticky Barb\n|faint|p2a: Grimmsnarl\n|upkeep\n|\n|t:|1699334498\n|switch|p2a: Gengar|Gengar, M|50\/100\n|turn|39\n|\n|t:|1699334501\n|move|p2a: Gengar|Metronome|p2a: Gengar\n|move|p2a: Gengar|Low Kick|p1a: Snorlax|[from]move: Metronome\n|-supereffective|p1a: Snorlax\n|-damage|p1a: Snorlax|63\/100\n|move|p1a: Snorlax|Metronome|p1a: Snorlax\n|move|p1a: Snorlax|Dazzling Gleam|p2a: Gengar|[from]move: Metronome\n|-resisted|p2a: Gengar\n|-damage|p2a: Gengar|42\/100\n|\n|upkeep\n|turn|40\n|\n|t:|1699334508\n|move|p2a: Gengar|Metronome|p2a: Gengar\n|move|p2a: Gengar|Play Nice|p1a: Snorlax|[from]move: Metronome\n|-unboost|p1a: Snorlax|atk|1\n|move|p1a: Snorlax|Metronome|p1a: Snorlax\n|move|p1a: Snorlax|Mach Punch|p2a: Gengar|[from]move: Metronome\n|-immune|p2a: Gengar\n|\n|upkeep\n|turn|41\n|\n|t:|1699334517\n|move|p2a: Gengar|Metronome|p2a: Gengar\n|move|p2a: Gengar|Blaze Kick|p1a: Snorlax|[from]move: Metronome\n|-damage|p1a: Snorlax|58\/100\n|move|p1a: Snorlax|Metronome|p1a: Snorlax\n|move|p1a: Snorlax|Grass Knot|p2a: Gengar|[from]move: Metronome\n|-resisted|p2a: Gengar\n|-damage|p2a: Gengar|36\/100\n|-damage|p1a: Snorlax|41\/100|[from] item: Rocky Helmet|[of] p2a: Gengar\n|-start|p1a: Snorlax|Disable|Metronome|[from] ability: Cursed Body|[of] p2a: Gengar\n|-enditem|p1a: Snorlax|Iapapa Berry|[eat]\n|-heal|p1a: Snorlax|75\/100|[from] item: Iapapa Berry\n|\n|upkeep\n|turn|42\n|\n|t:|1699334524\n|switch|p1a: Scream Tail|Scream Tail|100\/100\n|-enditem|p1a: Scream Tail|Booster Energy\n|-activate|p1a: Scream Tail|ability: Protosynthesis|[fromitem]\n|-start|p1a: Scream Tail|protosynthesisspd\n|move|p2a: Gengar|Metronome|p2a: Gengar\n|move|p2a: Gengar|Cross Chop|p1a: Scream Tail|[from]move: Metronome\n|-resisted|p1a: Scream Tail\n|-crit|p1a: Scream Tail\n|-damage|p1a: Scream Tail|97\/100\n|\n|upkeep\n|turn|43\n|\n|t:|1699334532\n|move|p2a: Gengar|Metronome|p2a: Gengar\n|move|p2a: Gengar|Shock Wave|p1a: Scream Tail|[from]move: Metronome\n|-damage|p1a: Scream Tail|86\/100\n|move|p1a: Scream Tail|Metronome|p1a: Scream Tail\n|move|p1a: Scream Tail|Acid Armor|p1a: Scream Tail|[from]move: Metronome\n|-boost|p1a: Scream Tail|def|2\n|\n|upkeep\n|turn|44\n|\n|t:|1699334539\n|move|p2a: Gengar|Metronome|p2a: Gengar\n|move|p2a: Gengar|Memento|p1a: Scream Tail|[from]move: Metronome\n|-unboost|p1a: Scream Tail|atk|2\n|-unboost|p1a: Scream Tail|spa|2\n|faint|p2a: Gengar\n|move|p1a: Scream Tail|Metronome|p1a: Scream Tail\n|move|p1a: Scream Tail|Low Kick|p2: Gengar|[from]move: Metronome|[notarget]\n|-fail|p1a: Scream Tail\n|\n|upkeep\n|\n|t:|1699334546\n|switch|p2a: Clefable|Clefable, M|53\/100\n|turn|45\n|\n|t:|1699334549\n|move|p1a: Scream Tail|Metronome|p1a: Scream Tail\n|move|p1a: Scream Tail|Close Combat|p2a: Clefable|[from]move: Metronome\n|-resisted|p2a: Clefable\n|-damage|p2a: Clefable|49\/100\n|-unboost|p1a: Scream Tail|def|1\n|-unboost|p1a: Scream Tail|spd|1\n|move|p2a: Clefable|Metronome|p2a: Clefable\n|move|p2a: Clefable|Water Pulse|p1a: Scream Tail|[from]move: Metronome\n|-damage|p1a: Scream Tail|74\/100\n|\n|upkeep\n|turn|46\n|\n|t:|1699334558\n|-end|p1a: Scream Tail|Protosynthesis|[silent]\n|switch|p1a: Arboliva|Arboliva, F|100\/100\n|move|p2a: Clefable|Metronome|p2a: Clefable\n|move|p2a: Clefable|Aura Sphere|p1a: Arboliva|[from]move: Metronome\n|-supereffective|p1a: Arboliva\n|-damage|p1a: Arboliva|64\/100\n|\n|upkeep\n|turn|47\n|\n|t:|1699334568\n|switch|p1a: Snorlax|Snorlax, F|75\/100\n|move|p2a: Clefable|Metronome|p2a: Clefable\n|move|p2a: Clefable|Cross Poison|p1a: Snorlax|[from]move: Metronome\n|-damage|p1a: Snorlax|64\/100\n|\n|upkeep\n|turn|48\n|\n|t:|1699334578\n|move|p2a: Clefable|Metronome|p2a: Clefable\n|move|p2a: Clefable|Clanging Scales|p1a: Snorlax|[from]move: Metronome\n|-damage|p1a: Snorlax|47\/100\n|-unboost|p2a: Clefable|def|1\n|move|p1a: Snorlax|Metronome|p1a: Snorlax\n|move|p1a: Snorlax|Bleakwind Storm|p2a: Clefable|[from]move: Metronome\n|-damage|p2a: Clefable|33\/100\n|-unboost|p2a: Clefable|spe|1\n|\n|upkeep\n|turn|49\n|\n|t:|1699334590\n|switch|p2a: Slowbro|Slowbro-Galar, F|100\/100\n|move|p1a: Snorlax|Metronome|p1a: Snorlax\n|move|p1a: Snorlax|Role Play|p2a: Slowbro|[from]move: Metronome\n|-endability|p1a: Snorlax|Gluttony|[from] move: Role Play\n|-ability|p1a: Snorlax|Regenerator|[from] move: Role Play|[of] p2a: Slowbro\n|\n|upkeep\n|turn|50\n|\n|t:|1699334599\n|switch|p1a: Scream Tail|Scream Tail|74\/100\n|move|p2a: Slowbro|Metronome|p2a: Slowbro\n|move|p2a: Slowbro|Chloroblast|p1a: Scream Tail|[from]move: Metronome\n|-damage|p1a: Scream Tail|46\/100\n|-damage|p2a: Slowbro|50\/100|[from] Recoil\n|\n|-heal|p2a: Slowbro|57\/100|[from] item: Black Sludge\n|upkeep\n|turn|51\n|\n|t:|1699334609\n|move|p1a: Scream Tail|Metronome|p1a: Scream Tail\n|move|p1a: Scream Tail|Mega Drain|p2a: Slowbro|[from]move: Metronome\n|-resisted|p2a: Slowbro\n|-damage|p2a: Slowbro|53\/100\n|-heal|p1a: Scream Tail|48\/100|[from] drain|[of] p2a: Slowbro\n|move|p2a: Slowbro|Metronome|p2a: Slowbro\n|move|p2a: Slowbro|Hydro Pump|p1a: Scream Tail|[from]move: Metronome\n|-damage|p1a: Scream Tail|27\/100\n|\n|-heal|p2a: Slowbro|59\/100|[from] item: Black Sludge\n|upkeep\n|turn|52\n|\n|t:|1699334620\n|move|p1a: Scream Tail|Metronome|p1a: Scream Tail\n|move|p1a: Scream Tail|Safeguard|p1a: Scream Tail|[from]move: Metronome\n|-sidestart|p1: idunnoagoodnam|Safeguard\n|move|p2a: Slowbro|Metronome|p2a: Slowbro\n|move|p2a: Slowbro|Syrup Bomb|p1a: Scream Tail|[from]move: Metronome|[miss]\n|-miss|p2a: Slowbro|p1a: Scream Tail\n|\n|-heal|p2a: Slowbro|65\/100|[from] item: Black Sludge\n|upkeep\n|turn|53\n|\n|t:|1699334627\n|move|p1a: Scream Tail|Metronome|p1a: Scream Tail\n|move|p1a: Scream Tail|Scorching Sands|p2a: Slowbro|[from]move: Metronome\n|-supereffective|p2a: Slowbro\n|-damage|p2a: Slowbro|34\/100\n|move|p2a: Slowbro|Metronome|p2a: Slowbro\n|move|p2a: Slowbro|Heal Bell||[from]move: Metronome|[still]\n|-activate|p2a: Slowbro|move: Heal Bell\n|-fail|p2a: Slowbro\n|\n|-heal|p2a: Slowbro|40\/100|[from] item: Black Sludge\n|upkeep\n|turn|54\n|\n|t:|1699334636\n|move|p1a: Scream Tail|Metronome|p1a: Scream Tail\n|move|p1a: Scream Tail|Flash Cannon|p2a: Slowbro|[from]move: Metronome\n|-damage|p2a: Slowbro|23\/100\n|-unboost|p2a: Slowbro|spd|1\n|move|p2a: Slowbro|Metronome|p2a: Slowbro\n|move|p2a: Slowbro|Night Slash|p1a: Scream Tail|[from]move: Metronome\n|-damage|p1a: Scream Tail|13\/100\n|\n|-heal|p2a: Slowbro|30\/100|[from] item: Black Sludge\n|upkeep\n|turn|55\n|\n|t:|1699334646\n|switch|p2a: Snorlax|Snorlax, M|100\/100\n|move|p1a: Scream Tail|Metronome|p1a: Scream Tail\n|move|p1a: Scream Tail|Dual Wingbeat|p2a: Snorlax|[from]move: Metronome\n|-damage|p2a: Snorlax|96\/100\n|-damage|p2a: Snorlax|92\/100\n|-hitcount|p2a: Snorlax|2\n|\n|-heal|p2a: Snorlax|98\/100|[from] item: Leftovers\n|upkeep\n|turn|56\n|\n|t:|1699334655\n|move|p1a: Scream Tail|Metronome|p1a: Scream Tail\n|move|p1a: Scream Tail|Clanging Scales|p2a: Snorlax|[from]move: Metronome\n|-damage|p2a: Snorlax|88\/100\n|-unboost|p1a: Scream Tail|def|1\n|move|p2a: Snorlax|Metronome|p2a: Snorlax\n|move|p2a: Snorlax|Magma Storm|p1a: Scream Tail|[from]move: Metronome\n|-damage|p1a: Scream Tail|2\/100\n|-activate|p1a: Scream Tail|move: Magma Storm|[of] p2a: Snorlax\n|\n|-heal|p2a: Snorlax|94\/100|[from] item: Leftovers\n|-damage|p1a: Scream Tail|0 fnt|[from] move: Magma Storm|[partiallytrapped]\n|faint|p1a: Scream Tail\n|-end|p1a: Scream Tail|Protosynthesis|[silent]\n|-sideend|p1: idunnoagoodnam|Safeguard\n|upkeep\n|\n|t:|1699334668\n|switch|p1a: Snorlax|Snorlax, F|81\/100\n|turn|57\n|\n|t:|1699334670\n|move|p2a: Snorlax|Metronome|p2a: Snorlax\n|move|p2a: Snorlax|Swallow||[from]move: Metronome|[still]\n|-fail|p2a: Snorlax\n|move|p1a: Snorlax|Metronome|p1a: Snorlax\n|move|p1a: Snorlax|Extreme Speed|p2a: Snorlax|[from]move: Metronome\n|-damage|p2a: Snorlax|75\/100\n|\n|-heal|p2a: Snorlax|81\/100|[from] item: Leftovers\n|upkeep\n|turn|58\n|\n|t:|1699334678\n|move|p2a: Snorlax|Metronome|p2a: Snorlax\n|move|p2a: Snorlax|Role Play|p1a: Snorlax|[from]move: Metronome\n|-endability|p2a: Snorlax|Thick Fat|[from] move: Role Play\n|-ability|p2a: Snorlax|Gluttony|[from] move: Role Play|[of] p1a: Snorlax\n|move|p1a: Snorlax|Metronome|p1a: Snorlax\n|move|p1a: Snorlax|Metal Claw|p2a: Snorlax|[from]move: Metronome|[miss]\n|-miss|p1a: Snorlax|p2a: Snorlax\n|\n|-heal|p2a: Snorlax|88\/100|[from] item: Leftovers\n|upkeep\n|turn|59\n|\n|t:|1699334686\n|switch|p1a: Arboliva|Arboliva, F|64\/100\n|move|p2a: Snorlax|Metronome|p2a: Snorlax\n|move|p2a: Snorlax|String Shot|p1a: Arboliva|[from]move: Metronome\n|-unboost|p1a: Arboliva|spe|2\n|\n|-heal|p2a: Snorlax|94\/100|[from] item: Leftovers\n|upkeep\n|turn|60\n|\n|t:|1699334693\n|move|p2a: Snorlax|Metronome|p2a: Snorlax\n|move|p2a: Snorlax|Defense Curl|p2a: Snorlax|[from]move: Metronome\n|-boost|p2a: Snorlax|def|1\n|move|p1a: Arboliva|Metronome|p1a: Arboliva\n|move|p1a: Arboliva|Double Kick|p2a: Snorlax|[from]move: Metronome\n|-supereffective|p2a: Snorlax\n|-damage|p2a: Snorlax|89\/100\n|-supereffective|p2a: Snorlax\n|-damage|p2a: Snorlax|84\/100\n|-hitcount|p2a: Snorlax|2\n|\n|-heal|p2a: Snorlax|91\/100|[from] item: Leftovers\n|upkeep\n|turn|61\n|\n|t:|1699334704\n|switch|p2a: Slowbro|Slowbro-Galar, F|63\/100\n|move|p1a: Arboliva|Metronome|p1a: Arboliva\n|move|p1a: Arboliva|Liquidation|p2a: Slowbro|[from]move: Metronome\n|-crit|p2a: Slowbro\n|-damage|p2a: Slowbro|42\/100\n|\n|-heal|p2a: Slowbro|48\/100|[from] item: Black Sludge\n|upkeep\n|turn|62\n|\n|t:|1699334712\n|switch|p1a: Snorlax|Snorlax, F|81\/100\n|move|p2a: Slowbro|Metronome|p2a: Slowbro\n|move|p2a: Slowbro|Poison Jab|p1a: Snorlax|[from]move: Metronome\n|-damage|p1a: Snorlax|58\/100\n|\n|-heal|p2a: Slowbro|54\/100|[from] item: Black Sludge\n|upkeep\n|turn|63\n|\n|t:|1699334721\n|move|p1a: Snorlax|Metronome|p1a: Snorlax\n|move|p1a: Snorlax|Blizzard|p2a: Slowbro|[from]move: Metronome\n|-damage|p2a: Slowbro|33\/100\n|move|p2a: Slowbro|Metronome|p2a: Slowbro\n|move|p2a: Slowbro|Tera Blast|p1a: Snorlax|[from]move: Metronome\n|-damage|p1a: Snorlax|44\/100\n|\n|-heal|p2a: Slowbro|39\/100|[from] item: Black Sludge\n|upkeep\n|turn|64\n|\n|t:|1699334730\n|switch|p2a: Clefable|Clefable, M|33\/100\n|move|p1a: Snorlax|Metronome|p1a: Snorlax\n|move|p1a: Snorlax|Sludge|p2a: Clefable|[from]move: Metronome\n|-supereffective|p2a: Clefable\n|-damage|p2a: Clefable|14\/100\n|\n|upkeep\n|turn|65\n|\n|t:|1699334736\n|move|p2a: Clefable|Metronome|p2a: Clefable\n|move|p2a: Clefable|Will-O-Wisp|p1a: Snorlax|[from]move: Metronome\n|-status|p1a: Snorlax|brn\n|move|p1a: Snorlax|Metronome|p1a: Snorlax\n|move|p1a: Snorlax|Beat Up|p2a: Clefable|[from]move: Metronome\n|-resisted|p2a: Clefable\n|-damage|p2a: Clefable|13\/100\n|-resisted|p2a: Clefable\n|-damage|p2a: Clefable|13\/100\n|-hitcount|p2a: Clefable|2\n|\n|-damage|p1a: Snorlax|38\/100 brn|[from] brn\n|upkeep\n|turn|66\n|\n|t:|1699334749\n|move|p2a: Clefable|Metronome|p2a: Clefable\n|move|p2a: Clefable|Fiery Dance|p1a: Snorlax|[from]move: Metronome\n|-damage|p1a: Snorlax|26\/100 brn\n|-activate|p1a: Snorlax|move: Struggle\n|move|p1a: Snorlax|Struggle|p2a: Clefable\n|-damage|p2a: Clefable|8\/100\n|-damage|p1a: Snorlax|1\/100 brn|[from] recoil\n|\n|-damage|p1a: Snorlax|0 fnt|[from] brn\n|faint|p1a: Snorlax\n|upkeep\n|\n|t:|1699334755\n|switch|p1a: Arboliva|Arboliva, F|64\/100\n|turn|67\n|\n|t:|1699334759\n|move|p2a: Clefable|Metronome|p2a: Clefable\n|move|p2a: Clefable|Torment|p1a: Arboliva|[from]move: Metronome\n|-start|p1a: Arboliva|Torment\n|move|p1a: Arboliva|Metronome|p1a: Arboliva\n|move|p1a: Arboliva|Pin Missile|p2a: Clefable|[from]move: Metronome\n|-resisted|p2a: Clefable\n|-damage|p2a: Clefable|7\/100\n|-resisted|p2a: Clefable\n|-damage|p2a: Clefable|5\/100\n|-hitcount|p2a: Clefable|2\n|\n|upkeep\n|turn|68\n|\n|t:|1699334768\n|move|p2a: Clefable|Metronome|p2a: Clefable\n|move|p2a: Clefable|Rock Smash|p1a: Arboliva|[from]move: Metronome\n|-supereffective|p1a: Arboliva\n|-damage|p1a: Arboliva|50\/100\n|-enditem|p1a: Arboliva|Sitrus Berry|[eat]\n|-heal|p1a: Arboliva|75\/100|[from] item: Sitrus Berry\n|-activate|p1a: Arboliva|move: Struggle\n|move|p1a: Arboliva|Struggle|p2a: Clefable\n|-damage|p2a: Clefable|0 fnt\n|faint|p2a: Clefable\n|-damage|p1a: Arboliva|50\/100|[from] recoil\n|\n|upkeep\n|\n|t:|1699334776\n|switch|p2a: Snorlax|Snorlax, M|91\/100\n|turn|69\n|\n|t:|1699334783\n|-terastallize|p1a: Arboliva|Dragon\n|move|p1a: Arboliva|Metronome|p1a: Arboliva\n|move|p1a: Arboliva|Entrainment|p2a: Snorlax|[from]move: Metronome\n|-endability|p2a: Snorlax|Thick Fat|[from] move: Entrainment\n|-ability|p2a: Snorlax|Harvest|[from] move: Entrainment\n|move|p2a: Snorlax|Metronome|p2a: Snorlax\n|move|p2a: Snorlax|Feather Dance|p1a: Arboliva|[from]move: Metronome\n|-unboost|p1a: Arboliva|atk|2\n|\n|-heal|p2a: Snorlax|97\/100|[from] item: Leftovers\n|upkeep\n|turn|70\n|\n|t:|1699334793\n|-activate|p1a: Arboliva|move: Struggle\n|move|p1a: Arboliva|Struggle|p2a: Snorlax\n|-damage|p2a: Snorlax|94\/100\n|-damage|p1a: Arboliva|25\/100|[from] recoil\n|move|p2a: Snorlax|Metronome|p2a: Snorlax\n|move|p2a: Snorlax|Self-Destruct|p1a: Arboliva|[from]move: Metronome\n|-damage|p1a: Arboliva|0 fnt\n|faint|p2a: Snorlax\n|faint|p1a: Arboliva\n|\n|win|Squirtle Soldier\n","uploadtime":1699334807,"views":3,"p1id":"idunnoagoodnam","p2id":"squirtlesoldier","formatid":"gen9anythinggoes","rating":0,"private":0,"password":""}