{"id":"gen9anythinggoes-1993131156","p1":"Shadowkipz13","p2":"LingLing007","format":"[Gen 9] Anything Goes","log":"|j|\u2606Shadowkipz13\n|j|\u2606LingLing007\n|t:|1700268437\n|gametype|singles\n|player|p1|Shadowkipz13|petrel|1371\n|player|p2|LingLing007|proton|1337\n|teamsize|p1|6\n|teamsize|p2|6\n|gen|9\n|tier|[Gen 9] Anything Goes\n|rated|\n|rule|HP Percentage Mod: HP is shown in percentages\n|rule|Endless Battle Clause: Forcing endless battles is banned\n|clearpoke\n|poke|p1|Infernape, F|\n|poke|p1|Ogerpon, F|\n|poke|p1|Dondozo, F|\n|poke|p1|Gliscor, F|\n|poke|p1|Tyranitar, M|\n|poke|p1|Ursaluna-Bloodmoon, M|\n|poke|p2|Samurott-Hisui, M|\n|poke|p2|Kommo-o, M|\n|poke|p2|Clefable, F|\n|poke|p2|Skeledirge, M|\n|poke|p2|Cyclizar, F|\n|poke|p2|Corviknight, M|\n|teampreview\n|inactive|Battle timer is ON: inactive players will automatically lose when time's up. (requested by LingLing007)\n|\n|t:|1700268455\n|start\n|switch|p1a: Fuse|Infernape, F|100\/100\n|switch|p2a: Cyclizar|Cyclizar, F, shiny|100\/100\n|turn|1\n|\n|t:|1700268466\n|move|p1a: Fuse|Mach Punch|p2a: Cyclizar\n|-supereffective|p2a: Cyclizar\n|-damage|p2a: Cyclizar|48\/100\n|move|p2a: Cyclizar|Knock Off|p1a: Fuse\n|-resisted|p1a: Fuse\n|-damage|p1a: Fuse|87\/100\n|-enditem|p1a: Fuse|Lum Berry|[from] move: Knock Off|[of] p2a: Cyclizar\n|\n|upkeep\n|turn|2\n|\n|t:|1700268474\n|switch|p2a: Skeledirge|Skeledirge, M|100\/100\n|move|p1a: Fuse|Bulk Up|p1a: Fuse\n|-boost|p1a: Fuse|atk|1\n|-boost|p1a: Fuse|def|1\n|\n|upkeep\n|turn|3\n|\n|t:|1700268479\n|move|p1a: Fuse|Knock Off|p2a: Skeledirge\n|-supereffective|p2a: Skeledirge\n|-damage|p2a: Skeledirge|48\/100\n|-enditem|p2a: Skeledirge|Blunder Policy|[from] move: Knock Off|[of] p1a: Fuse\n|move|p2a: Skeledirge|Sing|p1a: Fuse|[miss]\n|-miss|p2a: Skeledirge|p1a: Fuse\n|\n|upkeep\n|turn|4\n|\n|t:|1700268490\n|switch|p1a: Kha'zix|Gliscor, F|100\/100\n|move|p2a: Skeledirge|Slack Off|p2a: Skeledirge\n|-heal|p2a: Skeledirge|98\/100\n|\n|-status|p1a: Kha'zix|tox|[from] item: Toxic Orb\n|upkeep\n|turn|5\n|\n|t:|1700268496\n|move|p2a: Skeledirge|Torch Song|p1a: Kha'zix\n|-damage|p1a: Kha'zix|56\/100 tox\n|-boost|p2a: Skeledirge|spa|1\n|move|p1a: Kha'zix|Stealth Rock|p2a: Skeledirge\n|-sidestart|p2: LingLing007|move: Stealth Rock\n|\n|-heal|p1a: Kha'zix|69\/100 tox|[from] ability: Poison Heal\n|upkeep\n|turn|6\n|\n|t:|1700268503\n|move|p2a: Skeledirge|Torch Song|p1a: Kha'zix\n|-damage|p1a: Kha'zix|3\/100 tox\n|-boost|p2a: Skeledirge|spa|1\n|move|p1a: Kha'zix|Toxic|p2a: Skeledirge|[miss]\n|-miss|p1a: Kha'zix|p2a: Skeledirge\n|\n|-heal|p1a: Kha'zix|16\/100 tox|[from] ability: Poison Heal\n|upkeep\n|turn|7\n|\n|t:|1700268507\n|move|p1a: Kha'zix|Protect|p1a: Kha'zix\n|-singleturn|p1a: Kha'zix|Protect\n|move|p2a: Skeledirge|Torch Song|p1a: Kha'zix\n|-activate|p1a: Kha'zix|move: Protect\n|\n|-heal|p1a: Kha'zix|28\/100 tox|[from] ability: Poison Heal\n|upkeep\n|turn|8\n|\n|t:|1700268523\n|switch|p1a: Dondozo|Dondozo, F|100\/100\n|move|p2a: Skeledirge|Torch Song|p1a: Dondozo\n|-resisted|p1a: Dondozo\n|-damage|p1a: Dondozo|81\/100\n|-boost|p2a: Skeledirge|spa|1\n|\n|-heal|p1a: Dondozo|87\/100|[from] item: Leftovers\n|upkeep\n|turn|9\n|\n|t:|1700268527\n|move|p2a: Skeledirge|Sing|p1a: Dondozo|[miss]\n|-miss|p2a: Skeledirge|p1a: Dondozo\n|move|p1a: Dondozo|Yawn|p2a: Skeledirge\n|-start|p2a: Skeledirge|move: Yawn|[of] p1a: Dondozo\n|\n|-heal|p1a: Dondozo|93\/100|[from] item: Leftovers\n|upkeep\n|turn|10\n|\n|t:|1700268534\n|switch|p2a: Cyclizar|Cyclizar, F, shiny|81\/100\n|move|p1a: Dondozo|Curse|p1a: Dondozo\n|-unboost|p1a: Dondozo|spe|1\n|-boost|p1a: Dondozo|atk|1\n|-boost|p1a: Dondozo|def|1\n|\n|-heal|p1a: Dondozo|99\/100|[from] item: Leftovers\n|upkeep\n|turn|11\n|\n|t:|1700268545\n|move|p2a: Cyclizar|Knock Off|p1a: Dondozo\n|-damage|p1a: Dondozo|92\/100\n|-enditem|p1a: Dondozo|Leftovers|[from] move: Knock Off|[of] p2a: Cyclizar\n|move|p1a: Dondozo|Earthquake|p2a: Cyclizar\n|-damage|p2a: Cyclizar|16\/100\n|\n|upkeep\n|turn|12\n|\n|t:|1700268553\n|move|p2a: Cyclizar|Rapid Spin|p1a: Dondozo\n|-crit|p1a: Dondozo\n|-damage|p1a: Dondozo|77\/100\n|-boost|p2a: Cyclizar|spe|1\n|-sideend|p2: LingLing007|Stealth Rock|[from] move: Rapid Spin|[of] p2a: Cyclizar\n|move|p1a: Dondozo|Liquidation|p2a: Cyclizar\n|-resisted|p2a: Cyclizar\n|-damage|p2a: Cyclizar|0 fnt\n|faint|p2a: Cyclizar\n|\n|upkeep\n|\n|t:|1700268555\n|switch|p2a: Clefable|Clefable, F|100\/100\n|turn|13\n|\n|t:|1700268559\n|move|p2a: Clefable|Charge Beam|p1a: Dondozo\n|-supereffective|p1a: Dondozo\n|-damage|p1a: Dondozo|51\/100\n|move|p1a: Dondozo|Yawn|p2a: Clefable\n|-start|p2a: Clefable|move: Yawn|[of] p1a: Dondozo\n|\n|upkeep\n|turn|14\n|\n|t:|1700268565\n|move|p2a: Clefable|Charge Beam|p1a: Dondozo\n|-supereffective|p1a: Dondozo\n|-damage|p1a: Dondozo|26\/100\n|-boost|p2a: Clefable|spa|1\n|move|p1a: Dondozo|Liquidation|p2a: Clefable\n|-crit|p2a: Clefable\n|-damage|p2a: Clefable|52\/100\n|-unboost|p2a: Clefable|def|1\n|\n|-heal|p2a: Clefable|58\/100|[from] item: Leftovers\n|-end|p2a: Clefable|move: Yawn|[silent]\n|-status|p2a: Clefable|slp\n|upkeep\n|turn|15\n|\n|t:|1700268576\n|cant|p2a: Clefable|slp\n|move|p1a: Dondozo|Liquidation|p2a: Clefable\n|-damage|p2a: Clefable|28\/100 slp\n|\n|-heal|p2a: Clefable|34\/100 slp|[from] item: Leftovers\n|upkeep\n|turn|16\n|\n|t:|1700268580\n|cant|p2a: Clefable|slp\n|move|p1a: Dondozo|Liquidation|p2a: Clefable\n|-damage|p2a: Clefable|3\/100 slp\n|\n|-heal|p2a: Clefable|9\/100 slp|[from] item: Leftovers\n|upkeep\n|turn|17\n|\n|t:|1700268583\n|cant|p2a: Clefable|slp\n|move|p1a: Dondozo|Liquidation|p2a: Clefable\n|-damage|p2a: Clefable|0 fnt\n|faint|p2a: Clefable\n|\n|upkeep\n|\n|t:|1700268590\n|switch|p2a: Skeledirge|Skeledirge, M|98\/100\n|turn|18\n|\n|t:|1700268598\n|move|p2a: Skeledirge|Shadow Ball|p1a: Dondozo\n|-damage|p1a: Dondozo|0 fnt\n|faint|p1a: Dondozo\n|\n|upkeep\n|\n|t:|1700268613\n|switch|p1a: Mountainous|Tyranitar, M, shiny|100\/100\n|-weather|Sandstorm|[from] ability: Sand Stream|[of] p1a: Mountainous\n|turn|19\n|\n|t:|1700268618\n|-terastallize|p2a: Skeledirge|Fairy\n|move|p2a: Skeledirge|Torch Song|p1a: Mountainous\n|-resisted|p1a: Mountainous\n|-damage|p1a: Mountainous|93\/100\n|-boost|p2a: Skeledirge|spa|1\n|move|p1a: Mountainous|Earthquake|p2a: Skeledirge\n|-damage|p2a: Skeledirge|57\/100\n|\n|-weather|Sandstorm|[upkeep]\n|-damage|p2a: Skeledirge|51\/100|[from] Sandstorm\n|upkeep\n|turn|20\n|\n|t:|1700268629\n|move|p2a: Skeledirge|Slack Off|p2a: Skeledirge\n|-heal|p2a: Skeledirge|100\/100\n|move|p1a: Mountainous|Smack Down|p2a: Skeledirge\n|-damage|p2a: Skeledirge|71\/100\n|\n|-weather|Sandstorm|[upkeep]\n|-damage|p2a: Skeledirge|65\/100|[from] Sandstorm\n|upkeep\n|turn|21\n|\n|t:|1700268635\n|move|p2a: Skeledirge|Shadow Ball|p1a: Mountainous\n|-resisted|p1a: Mountainous\n|-damage|p1a: Mountainous|84\/100\n|move|p1a: Mountainous|Earthquake|p2a: Skeledirge\n|-damage|p2a: Skeledirge|26\/100\n|\n|-weather|Sandstorm|[upkeep]\n|-damage|p2a: Skeledirge|20\/100|[from] Sandstorm\n|upkeep\n|turn|22\n|\n|t:|1700268640\n|switch|p2a: Corviknight|Corviknight, M|100\/100\n|move|p1a: Mountainous|Earthquake|p2a: Corviknight\n|-immune|p2a: Corviknight\n|\n|-weather|Sandstorm|[upkeep]\n|upkeep\n|turn|23\n|\n|t:|1700268645\n|move|p2a: Corviknight|Bulk Up|p2a: Corviknight\n|-boost|p2a: Corviknight|atk|1\n|-boost|p2a: Corviknight|def|1\n|move|p1a: Mountainous|Smack Down|p2a: Corviknight\n|-damage|p2a: Corviknight|84\/100\n|-start|p2a: Corviknight|Smack Down\n|\n|-weather|none\n|-heal|p2a: Corviknight|91\/100|[from] item: Leftovers\n|upkeep\n|turn|24\n|\n|t:|1700268652\n|move|p2a: Corviknight|Body Press|p1a: Mountainous\n|-supereffective|p1a: Mountainous\n|-damage|p1a: Mountainous|0 fnt\n|faint|p1a: Mountainous\n|\n|-heal|p2a: Corviknight|97\/100|[from] item: Leftovers\n|upkeep\n|\n|t:|1700268659\n|switch|p1a: Kha'zix|Gliscor, F|28\/100 tox\n|turn|25\n|\n|t:|1700268666\n|move|p1a: Kha'zix|Stealth Rock|p2a: Corviknight\n|-sidestart|p2: LingLing007|move: Stealth Rock\n|move|p2a: Corviknight|Bulk Up|p2a: Corviknight\n|-boost|p2a: Corviknight|atk|1\n|-boost|p2a: Corviknight|def|1\n|\n|-heal|p2a: Corviknight|100\/100|[from] item: Leftovers\n|-heal|p1a: Kha'zix|40\/100 tox|[from] ability: Poison Heal\n|upkeep\n|turn|26\n|\n|t:|1700268670\n|move|p1a: Kha'zix|Spikes|p2a: Corviknight\n|-sidestart|p2: LingLing007|Spikes\n|move|p2a: Corviknight|Body Press|p1a: Kha'zix\n|-resisted|p1a: Kha'zix\n|-damage|p1a: Kha'zix|26\/100 tox\n|\n|-heal|p1a: Kha'zix|38\/100 tox|[from] ability: Poison Heal\n|upkeep\n|turn|27\n|\n|t:|1700268674\n|move|p1a: Kha'zix|Spikes|p2a: Corviknight\n|-sidestart|p2: LingLing007|Spikes\n|move|p2a: Corviknight|Drill Peck|p1a: Kha'zix\n|-damage|p1a: Kha'zix|3\/100 tox\n|\n|-heal|p1a: Kha'zix|15\/100 tox|[from] ability: Poison Heal\n|upkeep\n|turn|28\n|\n|t:|1700268679\n|move|p1a: Kha'zix|Spikes|p2a: Corviknight\n|-sidestart|p2: LingLing007|Spikes\n|move|p2a: Corviknight|Drill Peck|p1a: Kha'zix\n|-damage|p1a: Kha'zix|0 fnt\n|faint|p1a: Kha'zix\n|\n|upkeep\n|\n|t:|1700268703\n|switch|p1a: Fuse|Infernape, F|87\/100\n|turn|29\n|\n|t:|1700268713\n|move|p1a: Fuse|Fire Punch|p2a: Corviknight\n|-supereffective|p2a: Corviknight\n|-damage|p2a: Corviknight|70\/100\n|move|p2a: Corviknight|Drill Peck|p1a: Fuse\n|-supereffective|p1a: Fuse\n|-damage|p1a: Fuse|0 fnt\n|faint|p1a: Fuse\n|\n|-heal|p2a: Corviknight|76\/100|[from] item: Leftovers\n|upkeep\n|\n|t:|1700268727\n|switch|p1a: Fazbear|Ursaluna-Bloodmoon, M|100\/100\n|turn|30\n|\n|t:|1700268737\n|move|p2a: Corviknight|Body Press|p1a: Fazbear\n|-supereffective|p1a: Fazbear\n|-damage|p1a: Fazbear|50\/100\n|move|p1a: Fazbear|Earth Power|p2a: Corviknight\n|-supereffective|p2a: Corviknight\n|-damage|p2a: Corviknight|0 fnt\n|faint|p2a: Corviknight\n|-damage|p1a: Fazbear|40\/100|[from] item: Life Orb\n|\n|upkeep\n|\n|t:|1700268745\n|switch|p2a: Samurott|Samurott-Hisui, M, shiny|100\/100\n|-damage|p2a: Samurott|88\/100|[from] Stealth Rock\n|-damage|p2a: Samurott|63\/100|[from] Spikes\n|turn|31\n|\n|t:|1700268749\n|move|p2a: Samurott|Aqua Cutter|p1a: Fazbear\n|-supereffective|p1a: Fazbear\n|-damage|p1a: Fazbear|0 fnt\n|faint|p1a: Fazbear\n|\n|upkeep\n|\n|t:|1700268752\n|switch|p1a: Majora's Bonk|Ogerpon, F|100\/100\n|turn|32\n|\n|t:|1700268760\n|-terastallize|p1a: Majora's Bonk|Grass\n|detailschange|p1a: Majora's Bonk|Ogerpon-Teal-Tera, F, tera:Grass\n|-ability|p1a: Majora's Bonk|Embody Aspect (Teal)|boost\n|-boost|p1a: Majora's Bonk|spe|1\n|move|p2a: Samurott|Sucker Punch||[still]\n|-fail|p2a: Samurott\n|move|p1a: Majora's Bonk|Swords Dance|p1a: Majora's Bonk\n|-boost|p1a: Majora's Bonk|atk|2\n|\n|upkeep\n|turn|33\n|\n|t:|1700268774\n|move|p1a: Majora's Bonk|Trailblaze|p2a: Samurott\n|-supereffective|p2a: Samurott\n|-damage|p2a: Samurott|0 fnt\n|-boost|p1a: Majora's Bonk|spe|1\n|faint|p2a: Samurott\n|\n|upkeep\n|\n|t:|1700268777\n|switch|p2a: Skeledirge|Skeledirge, M, tera:Fairy|20\/100\n|-damage|p2a: Skeledirge|8\/100|[from] Stealth Rock\n|-damage|p2a: Skeledirge|0 fnt|[from] Spikes\n|faint|p2a: Skeledirge\n|\n|t:|1700268779\n|switch|p2a: Kommo-o|Kommo-o, M, shiny|100\/100\n|-damage|p2a: Kommo-o|94\/100|[from] Stealth Rock\n|-damage|p2a: Kommo-o|70\/100|[from] Spikes\n|turn|34\n|\n|t:|1700268784\n|move|p1a: Majora's Bonk|Ivy Cudgel|p2a: Kommo-o\n|-resisted|p2a: Kommo-o\n|-damage|p2a: Kommo-o|10\/100\n|move|p2a: Kommo-o|Boomburst|p1a: Majora's Bonk\n|-damage|p1a: Majora's Bonk|51\/100\n|-enditem|p2a: Kommo-o|Throat Spray\n|-boost|p2a: Kommo-o|spa|1|[from] item: Throat Spray\n|\n|upkeep\n|turn|35\n|\n|t:|1700268790\n|move|p1a: Majora's Bonk|Ivy Cudgel|p2a: Kommo-o\n|-resisted|p2a: Kommo-o\n|-damage|p2a: Kommo-o|0 fnt\n|faint|p2a: Kommo-o\n|\n|win|Shadowkipz13\n|raw|Shadowkipz13's rating: 1371 &rarr; <strong>1389<\/strong><br \/>(+18 for winning)\n|raw|LingLing007's rating: 1337 &rarr; <strong>1319<\/strong><br \/>(-18 for losing)\n|l|\u2606LingLing007\n|c|\u2606Shadowkipz13|Gg\n","uploadtime":1700268800,"views":3,"p1id":"shadowkipz13","p2id":"lingling007","formatid":"gen9anythinggoes","rating":1319,"private":0,"password":""}