{"id":"gen9anythinggoes-1976887297","p1":"DexTrainerRed","p2":"MelloBello","format":"[Gen 9] Anything Goes","log":"|j|\u2606DexTrainerRed\n|j|\u2606MelloBello\n|t:|1698349564\n|gametype|singles\n|player|p1|DexTrainerRed|ash-kalos|1239\n|player|p2|MelloBello|266|1247\n|teamsize|p1|6\n|teamsize|p2|6\n|gen|9\n|tier|[Gen 9] Anything Goes\n|rated|\n|rule|HP Percentage Mod: HP is shown in percentages\n|rule|Endless Battle Clause: Forcing endless battles is banned\n|clearpoke\n|poke|p1|Infernape, M|\n|poke|p1|Staraptor, M|\n|poke|p1|Torterra, M|\n|poke|p1|Empoleon, M|\n|poke|p1|Gliscor, M|\n|poke|p1|Pikachu, M|\n|poke|p2|Alomomola, M|\n|poke|p2|Calyrex-Shadow|\n|poke|p2|Volcarona, F|\n|poke|p2|Forretress, F|\n|poke|p2|Masquerain, F|\n|poke|p2|Iron Valiant|\n|teampreview\n|inactive|Battle timer is ON: inactive players will automatically lose when time's up. (requested by DexTrainerRed)\n|\n|t:|1698349583\n|start\n|switch|p1a: Infernape|Infernape, M|100\/100\n|switch|p2a: Forretress|Forretress, F|100\/100\n|turn|1\n|\n|t:|1698349594\n|switch|p1a: Gliscor|Gliscor, M|100\/100\n|move|p2a: Forretress|Toxic Spikes|p1a: Gliscor\n|-sidestart|p1: DexTrainerRed|move: Toxic Spikes\n|\n|-status|p1a: Gliscor|tox|[from] item: Toxic Orb\n|upkeep\n|turn|2\n|\n|t:|1698349602\n|move|p1a: Gliscor|Stealth Rock|p2a: Forretress\n|-sidestart|p2: MelloBello|move: Stealth Rock\n|move|p2a: Forretress|Stealth Rock|p1a: Gliscor\n|-sidestart|p1: DexTrainerRed|move: Stealth Rock\n|\n|upkeep\n|turn|3\n|\n|t:|1698349614\n|move|p1a: Gliscor|Earthquake|p2a: Forretress\n|-damage|p2a: Forretress|66\/100\n|move|p2a: Forretress|Rapid Spin|p1a: Gliscor\n|-damage|p1a: Gliscor|87\/100 tox\n|-boost|p2a: Forretress|spe|1\n|-sideend|p2: MelloBello|Stealth Rock|[from] move: Rapid Spin|[of] p2a: Forretress\n|\n|-heal|p1a: Gliscor|99\/100 tox|[from] ability: Poison Heal\n|upkeep\n|turn|4\n|\n|t:|1698349624\n|move|p1a: Gliscor|Earthquake|p2a: Forretress\n|-damage|p2a: Forretress|35\/100\n|move|p2a: Forretress|Spikes|p1a: Gliscor\n|-sidestart|p1: DexTrainerRed|Spikes\n|\n|-heal|p1a: Gliscor|100\/100 tox|[from] ability: Poison Heal\n|upkeep\n|turn|5\n|\n|t:|1698349631\n|move|p1a: Gliscor|Earthquake|p2a: Forretress\n|-damage|p2a: Forretress|4\/100\n|move|p2a: Forretress|Spikes|p1a: Gliscor\n|-sidestart|p1: DexTrainerRed|Spikes\n|\n|upkeep\n|turn|6\n|\n|t:|1698349637\n|move|p1a: Gliscor|Stealth Rock|p2a: Forretress\n|-sidestart|p2: MelloBello|move: Stealth Rock\n|move|p2a: Forretress|Spikes|p1a: Gliscor\n|-sidestart|p1: DexTrainerRed|Spikes\n|\n|upkeep\n|turn|7\n|\n|t:|1698349644\n|move|p1a: Gliscor|Facade|p2a: Forretress\n|-resisted|p2a: Forretress\n|-damage|p2a: Forretress|0 fnt\n|-damage|p1a: Gliscor|84\/100 tox|[from] item: Rocky Helmet|[of] p2a: Forretress\n|faint|p2a: Forretress\n|\n|-heal|p1a: Gliscor|96\/100 tox|[from] ability: Poison Heal\n|upkeep\n|\n|t:|1698349655\n|switch|p2a: Masquerain|Masquerain, F|100\/100\n|-damage|p2a: Masquerain|51\/100|[from] Stealth Rock\n|-ability|p2a: Masquerain|Intimidate|boost\n|-unboost|p1a: Gliscor|atk|1\n|turn|8\n|\n|t:|1698349664\n|switch|p1a: Infernape|Infernape, M|100\/100\n|-status|p1a: Infernape|psn\n|-damage|p1a: Infernape|88\/100 psn|[from] Stealth Rock\n|-damage|p1a: Infernape|63\/100 psn|[from] Spikes\n|move|p2a: Masquerain|Whirlwind|p1a: Infernape\n|drag|p1a: Gliscor|Gliscor, M|96\/100 tox\n|-damage|p1a: Gliscor|84\/100 tox|[from] Stealth Rock\n|\n|-heal|p1a: Gliscor|96\/100 tox|[from] ability: Poison Heal\n|upkeep\n|turn|9\n|\n|t:|1698349676\n|move|p1a: Gliscor|Dual Wingbeat|p2a: Masquerain\n|-supereffective|p2a: Masquerain\n|-damage|p2a: Masquerain|0 fnt\n|faint|p2a: Masquerain\n|-hitcount|p2: Masquerain|1\n|\n|-heal|p1a: Gliscor|100\/100 tox|[from] ability: Poison Heal\n|upkeep\n|\n|t:|1698349687\n|switch|p2a: Iron Valiant|Iron Valiant|100\/100\n|-damage|p2a: Iron Valiant|94\/100|[from] Stealth Rock\n|-enditem|p2a: Iron Valiant|Booster Energy\n|-activate|p2a: Iron Valiant|ability: Quark Drive|[fromitem]\n|-start|p2a: Iron Valiant|quarkdrivespe\n|turn|10\n|\n|t:|1698349695\n|move|p2a: Iron Valiant|Ice Punch|p1a: Gliscor\n|-supereffective|p1a: Gliscor\n|-damage|p1a: Gliscor|0 fnt\n|faint|p1a: Gliscor\n|\n|upkeep\n|\n|t:|1698349700\n|switch|p1a: Pikachu|Pikachu, M|100\/100\n|-status|p1a: Pikachu|psn\n|-damage|p1a: Pikachu|88\/100 psn|[from] Stealth Rock\n|-damage|p1a: Pikachu|64\/100 psn|[from] Spikes\n|turn|11\n|\n|t:|1698349707\n|move|p2a: Iron Valiant|Swords Dance|p2a: Iron Valiant\n|-boost|p2a: Iron Valiant|atk|2\n|move|p1a: Pikachu|Thunder|p2a: Iron Valiant\n|-damage|p2a: Iron Valiant|0 fnt\n|faint|p2a: Iron Valiant\n|-end|p2a: Iron Valiant|Quark Drive|[silent]\n|\n|-damage|p1a: Pikachu|51\/100 psn|[from] psn\n|upkeep\n|\n|t:|1698349725\n|switch|p2a: Calyrex|Calyrex-Shadow|100\/100\n|-ability|p2a: Calyrex|As One\n|-ability|p2a: Calyrex|Unnerve\n|-damage|p2a: Calyrex|88\/100|[from] Stealth Rock\n|turn|12\n|\n|t:|1698349737\n|switch|p1a: Staraptor|Staraptor, M|100\/100\n|-damage|p1a: Staraptor|76\/100|[from] Stealth Rock\n|move|p2a: Calyrex|Astral Barrage|p1a: Staraptor\n|-immune|p1a: Staraptor\n|\n|upkeep\n|turn|13\n|\n|t:|1698349751\n|move|p2a: Calyrex|Dark Pulse|p1a: Staraptor\n|-crit|p1a: Staraptor\n|-damage|p1a: Staraptor|0 fnt\n|faint|p1a: Staraptor\n|-ability|p2a: Calyrex|Grim Neigh|boost\n|-boost|p2a: Calyrex|spa|1\n|\n|upkeep\n|\n|t:|1698349761\n|switch|p1a: Empoleon|Empoleon, M|100\/100\n|-damage|p1a: Empoleon|94\/100|[from] Stealth Rock\n|-damage|p1a: Empoleon|70\/100|[from] Spikes\n|turn|14\n|\n|t:|1698349766\n|move|p2a: Calyrex|Giga Drain|p1a: Empoleon\n|-damage|p1a: Empoleon|9\/100\n|-heal|p2a: Calyrex|100\/100|[from] drain|[of] p1a: Empoleon\n|move|p1a: Empoleon|Hydro Pump|p2a: Calyrex|[miss]\n|-miss|p1a: Empoleon|p2a: Calyrex\n|\n|upkeep\n|turn|15\n|\n|t:|1698349774\n|move|p2a: Calyrex|Astral Barrage|p1a: Empoleon\n|-damage|p1a: Empoleon|0 fnt\n|faint|p1a: Empoleon\n|-ability|p2a: Calyrex|Grim Neigh|boost\n|-boost|p2a: Calyrex|spa|1\n|\n|upkeep\n|\n|t:|1698349780\n|switch|p1a: Torterra|Torterra, M|100\/100\n|-status|p1a: Torterra|psn\n|-damage|p1a: Torterra|94\/100 psn|[from] Stealth Rock\n|-damage|p1a: Torterra|70\/100 psn|[from] Spikes\n|turn|16\n|\n|t:|1698349787\n|move|p2a: Calyrex|Astral Barrage|p1a: Torterra\n|-damage|p1a: Torterra|0 fnt\n|faint|p1a: Torterra\n|-ability|p2a: Calyrex|Grim Neigh|boost\n|-boost|p2a: Calyrex|spa|1\n|\n|upkeep\n|\n|t:|1698349795\n|switch|p1a: Infernape|Infernape, M|63\/100 psn\n|-damage|p1a: Infernape|51\/100 psn|[from] Stealth Rock\n|-damage|p1a: Infernape|26\/100 psn|[from] Spikes\n|turn|17\n|\n|t:|1698349800\n|move|p2a: Calyrex|Dark Pulse|p1a: Infernape\n|-resisted|p1a: Infernape\n|-damage|p1a: Infernape|0 fnt\n|faint|p1a: Infernape\n|-ability|p2a: Calyrex|Grim Neigh|boost\n|-boost|p2a: Calyrex|spa|1\n|\n|upkeep\n|\n|t:|1698349807\n|switch|p1a: Pikachu|Pikachu, M|51\/100 psn\n|-damage|p1a: Pikachu|39\/100 psn|[from] Stealth Rock\n|-damage|p1a: Pikachu|14\/100 psn|[from] Spikes\n|turn|18\n|\n|t:|1698349812\n|move|p2a: Calyrex|Astral Barrage|p1a: Pikachu\n|-damage|p1a: Pikachu|0 fnt\n|faint|p1a: Pikachu\n|\n|win|MelloBello\n|raw|DexTrainerRed's rating: 1239 &rarr; <strong>1215<\/strong><br \/>(-24 for losing)\n|raw|MelloBello's rating: 1247 &rarr; <strong>1271<\/strong><br \/>(+24 for winning)\n|l|\u2606DexTrainerRed\n","uploadtime":1698349824,"views":4,"p1id":"dextrainerred","p2id":"mellobello","formatid":"gen9anythinggoes","rating":1215,"private":0,"password":""}