{"id":"gen9anythinggoes-1987153723","p1":"KatySimp","p2":"HyperSaiyan90","format":"[Gen 9] Anything Goes","log":"|j|\u2606KatySimp\n|j|\u2606HyperSaiyan90\n|t:|1699560537\n|gametype|singles\n|player|p1|KatySimp|whitney|1047\n|player|p2|HyperSaiyan90|red|1040\n|teamsize|p1|6\n|teamsize|p2|6\n|gen|9\n|tier|[Gen 9] Anything Goes\n|rated|\n|rule|HP Percentage Mod: HP is shown in percentages\n|rule|Endless Battle Clause: Forcing endless battles is banned\n|clearpoke\n|poke|p1|Ribombee, M|\n|poke|p1|Regieleki|\n|poke|p1|Zoroark-Hisui, M|\n|poke|p1|Dondozo, F|\n|poke|p1|Arceus-Ghost|\n|poke|p1|Zacian-*|\n|poke|p2|Pikachu, F|\n|poke|p2|Meowscarada, M|\n|poke|p2|Ceruledge, M|\n|poke|p2|Gardevoir, F|\n|poke|p2|Milotic, F|\n|poke|p2|Gengar, M|\n|teampreview\n|\n|t:|1699560546\n|start\n|switch|p1a: autistic child|Ribombee, M|100\/100\n|switch|p2a: Gardevoir|Gardevoir, F|100\/100\n|turn|1\n|inactive|Battle timer is ON: inactive players will automatically lose when time's up. (requested by HyperSaiyan90)\n|\n|t:|1699560552\n|move|p1a: autistic child|Sticky Web|p2a: Gardevoir\n|-sidestart|p2: HyperSaiyan90|move: Sticky Web\n|move|p2a: Gardevoir|Calm Mind|p2a: Gardevoir\n|-boost|p2a: Gardevoir|spa|1\n|-boost|p2a: Gardevoir|spd|1\n|\n|upkeep\n|turn|2\n|\n|t:|1699560557\n|move|p1a: autistic child|U-turn|p2a: Gardevoir\n|-damage|p2a: Gardevoir|85\/100\n|\n|t:|1699560563\n|switch|p1a: literally god|Arceus-Ghost|100\/100|[from] U-turn\n|move|p2a: Gardevoir|Calm Mind|p2a: Gardevoir\n|-boost|p2a: Gardevoir|spa|1\n|-boost|p2a: Gardevoir|spd|1\n|\n|upkeep\n|turn|3\n|\n|t:|1699560574\n|switch|p2a: Meowscarada|Meowscarada, M|100\/100\n|-activate|p2a: Meowscarada|move: Sticky Web\n|-unboost|p2a: Meowscarada|spe|1\n|move|p1a: literally god|Swords Dance|p1a: literally god\n|-boost|p1a: literally god|atk|2\n|\n|upkeep\n|turn|4\n|\n|t:|1699560594\n|switch|p1a: autistic child|Ribombee, M|100\/100\n|move|p2a: Meowscarada|Night Slash|p1a: autistic child\n|-resisted|p1a: autistic child\n|-damage|p1a: autistic child|73\/100\n|\n|upkeep\n|turn|5\n|\n|t:|1699560601\n|move|p1a: autistic child|U-turn|p2a: Meowscarada\n|-supereffective|p2a: Meowscarada\n|-damage|p2a: Meowscarada|37\/100\n|\n|t:|1699560611\n|switch|p1a: dawg|Zacian-Crowned|100\/100|[from] U-turn\n|-ability|p1a: dawg|Intrepid Sword|boost\n|-boost|p1a: dawg|atk|1\n|move|p2a: Meowscarada|Facade|p1a: dawg\n|-resisted|p1a: dawg\n|-damage|p1a: dawg|93\/100\n|\n|upkeep\n|turn|6\n|\n|t:|1699560622\n|move|p1a: dawg|Swords Dance|p1a: dawg\n|-boost|p1a: dawg|atk|2\n|move|p2a: Meowscarada|Flower Trick|p1a: dawg\n|-resisted|p1a: dawg\n|-crit|p1a: dawg\n|-damage|p1a: dawg|72\/100\n|\n|upkeep\n|turn|7\n|\n|t:|1699560635\n|move|p1a: dawg|Sacred Sword|p2a: Meowscarada\n|-supereffective|p2a: Meowscarada\n|-damage|p2a: Meowscarada|0 fnt\n|faint|p2a: Meowscarada\n|\n|upkeep\n|\n|t:|1699560647\n|switch|p2a: Ceruledge|Ceruledge, M|100\/100\n|-activate|p2a: Ceruledge|move: Sticky Web\n|-unboost|p2a: Ceruledge|spe|1\n|turn|8\n|\n|t:|1699560654\n|switch|p1a: battalion|Dondozo, F|100\/100\n|move|p2a: Ceruledge|Reflect|p2a: Ceruledge\n|-sidestart|p2: HyperSaiyan90|Reflect\n|\n|upkeep\n|turn|9\n|\n|t:|1699560661\n|move|p2a: Ceruledge|X-Scissor|p1a: battalion\n|-damage|p1a: battalion|90\/100\n|move|p1a: battalion|Curse|p1a: battalion\n|-unboost|p1a: battalion|spe|1\n|-boost|p1a: battalion|atk|1\n|-boost|p1a: battalion|def|1\n|\n|-heal|p1a: battalion|97\/100|[from] item: Leftovers\n|upkeep\n|turn|10\n|\n|t:|1699560677\n|move|p2a: Ceruledge|Fire Blast|p1a: battalion\n|-resisted|p1a: battalion\n|-crit|p1a: battalion\n|-damage|p1a: battalion|67\/100\n|move|p1a: battalion|Curse|p1a: battalion\n|-unboost|p1a: battalion|spe|1\n|-boost|p1a: battalion|atk|1\n|-boost|p1a: battalion|def|1\n|\n|-heal|p1a: battalion|73\/100|[from] item: Leftovers\n|upkeep\n|turn|11\n|\n|t:|1699560687\n|move|p2a: Ceruledge|Fire Blast|p1a: battalion\n|-resisted|p1a: battalion\n|-damage|p1a: battalion|55\/100\n|move|p1a: battalion|Liquidation|p2a: Ceruledge\n|-supereffective|p2a: Ceruledge\n|-damage|p2a: Ceruledge|32\/100\n|\n|-heal|p1a: battalion|61\/100|[from] item: Leftovers\n|upkeep\n|turn|12\n|\n|t:|1699560697\n|move|p2a: Ceruledge|Fire Blast|p1a: battalion\n|-resisted|p1a: battalion\n|-damage|p1a: battalion|44\/100\n|move|p1a: battalion|Curse|p1a: battalion\n|-unboost|p1a: battalion|spe|1\n|-boost|p1a: battalion|atk|1\n|-boost|p1a: battalion|def|1\n|\n|-heal|p1a: battalion|50\/100|[from] item: Leftovers\n|-sideend|p2: HyperSaiyan90|Reflect\n|upkeep\n|turn|13\n|\n|t:|1699560713\n|switch|p2a: Gardevoir|Gardevoir, F|85\/100\n|-activate|p2a: Gardevoir|move: Sticky Web\n|-unboost|p2a: Gardevoir|spe|1\n|move|p1a: battalion|Rest|p1a: battalion\n|-status|p1a: battalion|slp|[from] move: Rest\n|-heal|p1a: battalion|100\/100 slp|[silent]\n|\n|upkeep\n|turn|14\n|\n|t:|1699560723\n|move|p2a: Gardevoir|Calm Mind|p2a: Gardevoir\n|-boost|p2a: Gardevoir|spa|1\n|-boost|p2a: Gardevoir|spd|1\n|cant|p1a: battalion|slp\n|move|p1a: battalion|Sleep Talk|p1a: battalion\n|move|p1a: battalion|Liquidation|p2a: Gardevoir|[from]move: Sleep Talk\n|-damage|p2a: Gardevoir|0 fnt\n|faint|p2a: Gardevoir\n|\n|upkeep\n|\n|t:|1699560733\n|switch|p2a: Gengar|Gengar, M|100\/100\n|-activate|p2a: Gengar|move: Sticky Web\n|-unboost|p2a: Gengar|spe|1\n|turn|15\n|\n|t:|1699560738\n|move|p2a: Gengar|Shadow Ball|p1a: battalion\n|-damage|p1a: battalion|67\/100 slp\n|cant|p1a: battalion|slp\n|move|p1a: battalion|Sleep Talk|p1a: battalion\n|move|p1a: battalion|Rest||[from]move: Sleep Talk|[still]\n|-fail|p1a: battalion\n|\n|-heal|p1a: battalion|73\/100 slp|[from] item: Leftovers\n|upkeep\n|turn|16\n|\n|t:|1699560748\n|move|p2a: Gengar|Dream Eater|p1a: battalion\n|-damage|p1a: battalion|47\/100 slp\n|-curestatus|p1a: battalion|slp|[msg]\n|move|p1a: battalion|Sleep Talk||[still]\n|-fail|p1a: battalion\n|\n|-heal|p1a: battalion|53\/100|[from] item: Leftovers\n|upkeep\n|turn|17\n|\n|t:|1699560755\n|move|p2a: Gengar|Shadow Ball|p1a: battalion\n|-damage|p1a: battalion|14\/100\n|move|p1a: battalion|Liquidation|p2a: Gengar\n|-damage|p2a: Gengar|12\/100\n|\n|-heal|p1a: battalion|20\/100|[from] item: Leftovers\n|upkeep\n|turn|18\n|\n|t:|1699560766\n|switch|p1a: autistic child|Ribombee, M|100\/100\n|move|p2a: Gengar|Shadow Ball|p1a: autistic child\n|-immune|p1a: autistic child\n|\n|upkeep\n|turn|19\n|\n|t:|1699560776\n|move|p1a: autistic child|Bitter Malice|p2a: Gengar\n|-supereffective|p2a: Gengar\n|-damage|p2a: Gengar|0 fnt\n|faint|p2a: Gengar\n|-damage|p1a: autistic child|91\/100|[from] item: Life Orb\n|\n|upkeep\n|\n|t:|1699560784\n|switch|p2a: Milotic|Milotic, F|100\/100\n|-activate|p2a: Milotic|move: Sticky Web\n|-unboost|p2a: Milotic|spe|1\n|turn|20\n|\n|t:|1699560797\n|move|p1a: autistic child|Bitter Malice|p2a: Milotic\n|-damage|p2a: Milotic|56\/100\n|-unboost|p2a: Milotic|atk|1\n|-damage|p1a: autistic child|81\/100|[from] item: Life Orb\n|move|p2a: Milotic|Hydro Pump|p1a: autistic child|[miss]\n|-miss|p2a: Milotic|p1a: autistic child\n|\n|upkeep\n|turn|21\n|\n|t:|1699560809\n|move|p1a: autistic child|Bitter Malice|p2a: Milotic\n|-damage|p2a: Milotic|14\/100\n|-unboost|p2a: Milotic|atk|1\n|-damage|p1a: autistic child|71\/100|[from] item: Life Orb\n|move|p2a: Milotic|Ice Beam|p1a: autistic child\n|-damage|p1a: autistic child|30\/100\n|replace|p1a: cuming chornicles|Zoroark-Hisui, M\n|-end|p1a: cuming chornicles|Illusion\n|\n|upkeep\n|turn|22\n|\n|t:|1699560825\n|move|p1a: cuming chornicles|Bitter Malice|p2a: Milotic\n|-damage|p2a: Milotic|0 fnt\n|faint|p2a: Milotic\n|-damage|p1a: cuming chornicles|20\/100|[from] item: Life Orb\n|\n|upkeep\n|\n|t:|1699560831\n|switch|p2a: Ceruledge|Ceruledge, M|32\/100\n|-activate|p2a: Ceruledge|move: Sticky Web\n|-unboost|p2a: Ceruledge|spe|1\n|turn|23\n|\n|t:|1699560838\n|move|p1a: cuming chornicles|Bitter Malice|p2a: Ceruledge\n|-supereffective|p2a: Ceruledge\n|-damage|p2a: Ceruledge|0 fnt\n|faint|p2a: Ceruledge\n|-damage|p1a: cuming chornicles|10\/100|[from] item: Life Orb\n|\n|upkeep\n|\n|t:|1699560845\n|switch|p2a: Pikachu|Pikachu, F|100\/100\n|-activate|p2a: Pikachu|move: Sticky Web\n|-unboost|p2a: Pikachu|spe|1\n|turn|24\n|\n|t:|1699560857\n|switch|p1a: literally god|Arceus-Ghost|100\/100\n|-terastallize|p2a: Pikachu|Electric\n|move|p2a: Pikachu|Thunderbolt|p1a: literally god\n|-damage|p1a: literally god|59\/100\n|\n|upkeep\n|turn|25\n|\n|t:|1699560865\n|move|p1a: literally god|Earth Power|p2a: Pikachu\n|-supereffective|p2a: Pikachu\n|-damage|p2a: Pikachu|9\/100\n|move|p2a: Pikachu|Volt Tackle|p1a: literally god\n|-damage|p1a: literally god|0 fnt\n|faint|p1a: literally god\n|-damage|p2a: Pikachu|0 fnt|[from] Recoil\n|faint|p2a: Pikachu\n|\n|win|KatySimp\n|raw|KatySimp's rating: 1047 &rarr; <strong>1079<\/strong><br \/>(+32 for winning)\n|raw|HyperSaiyan90's rating: 1040 &rarr; <strong>1024<\/strong><br \/>(-16 for losing)\n","uploadtime":1699560877,"views":3,"p1id":"katysimp","p2id":"hypersaiyan90","formatid":"gen9anythinggoes","rating":1024,"private":0,"password":""}