{"id":"gen9anythinggoes-1978394010","p1":"xxREAPZZxx86","p2":"Terra_Spectrum8293","format":"[Gen 9] Anything Goes","log":"|j|\u2606xxREAPZZxx86\n|j|\u2606Terra_Spectrum8293\n|t:|1698533278\n|gametype|singles\n|player|p1|xxREAPZZxx86|youngcouple-gen4dp|1049\n|player|p2|Terra_Spectrum8293|nessa|1128\n|teamsize|p1|6\n|teamsize|p2|6\n|gen|9\n|tier|[Gen 9] Anything Goes\n|rated|\n|rule|HP Percentage Mod: HP is shown in percentages\n|rule|Endless Battle Clause: Forcing endless battles is banned\n|clearpoke\n|poke|p1|Calyrex-Shadow|\n|poke|p1|Miraidon|\n|poke|p1|Ogerpon-Hearthflame, F|\n|poke|p1|Mew|\n|poke|p1|Koraidon|\n|poke|p1|Giratina-Origin|\n|poke|p2|Dragapult, M|\n|poke|p2|Salamence, F|\n|poke|p2|Azumarill, M|\n|poke|p2|Dudunsparce-*, F|\n|poke|p2|Lucario, M|\n|poke|p2|Zoroark-Hisui, F|\n|teampreview\n|inactive|Battle timer is ON: inactive players will automatically lose when time's up. (requested by Terra_Spectrum8293)\n|\n|t:|1698533288\n|start\n|switch|p1a: Miraidon|Miraidon|100\/100\n|switch|p2a: Dragapult|Dragapult, M, shiny|100\/100\n|-fieldstart|move: Electric Terrain|[from] ability: Hadron Engine|[of] p1a: Miraidon\n|turn|1\n|\n|t:|1698533300\n|move|p1a: Miraidon|Volt Switch|p2a: Dragapult\n|-damage|p2a: Dragapult|0 fnt\n|replace|p2a: Zoroark|Zoroark-Hisui, F\n|-end|p2a: Zoroark|Illusion\n|faint|p2a: Zoroark\n|-damage|p1a: Miraidon|91\/100|[from] item: Life Orb\n|\n|t:|1698533312\n|switch|p1a: Ogerpon|Ogerpon-Hearthflame, F|100\/100|[from] Volt Switch\n|-ability|p1a: Ogerpon|Mold Breaker\n|\n|upkeep\n|\n|t:|1698533318\n|switch|p2a: Salamence|Salamence, F, shiny|100\/100\n|turn|2\n|\n|t:|1698533323\n|move|p1a: Ogerpon|Ivy Cudgel|p2a: Salamence\n|-resisted|p2a: Salamence\n|-damage|p2a: Salamence|61\/100\n|move|p2a: Salamence|Dragon Dance|p2a: Salamence\n|-boost|p2a: Salamence|atk|1\n|-boost|p2a: Salamence|spe|1\n|\n|upkeep\n|turn|3\n|\n|t:|1698533331\n|move|p2a: Salamence|Dragon Dance|p2a: Salamence\n|-boost|p2a: Salamence|atk|1\n|-boost|p2a: Salamence|spe|1\n|move|p1a: Ogerpon|Horn Leech|p2a: Salamence\n|-resisted|p2a: Salamence\n|-damage|p2a: Salamence|47\/100\n|\n|upkeep\n|turn|4\n|\n|t:|1698533343\n|move|p2a: Salamence|Earthquake|p1a: Ogerpon\n|-damage|p1a: Ogerpon|3\/100\n|move|p1a: Ogerpon|Horn Leech|p2a: Salamence\n|-resisted|p2a: Salamence\n|-damage|p2a: Salamence|34\/100\n|-heal|p1a: Ogerpon|10\/100|[from] drain|[of] p2a: Salamence\n|\n|upkeep\n|turn|5\n|\n|t:|1698533358\n|move|p2a: Salamence|Fire Fang|p1a: Ogerpon\n|-damage|p1a: Ogerpon|0 fnt\n|faint|p1a: Ogerpon\n|-ability|p2a: Salamence|Moxie|boost\n|-boost|p2a: Salamence|atk|1\n|\n|-fieldend|move: Electric Terrain\n|upkeep\n|\n|t:|1698533367\n|switch|p1a: Calyrex|Calyrex-Shadow|100\/100\n|-ability|p1a: Calyrex|As One\n|-ability|p1a: Calyrex|Unnerve\n|turn|6\n|\n|t:|1698533373\n|move|p2a: Salamence|Outrage|p1a: Calyrex\n|-enditem|p1a: Calyrex|Focus Sash\n|-damage|p1a: Calyrex|1\/100\n|move|p1a: Calyrex|Substitute|p1a: Calyrex\n|-fail|p1a: Calyrex|move: Substitute|[weak]\n|\n|upkeep\n|turn|7\n|\n|t:|1698533383\n|move|p2a: Salamence|Outrage|p1a: Calyrex|[from]lockedmove\n|-damage|p1a: Calyrex|0 fnt\n|faint|p1a: Calyrex\n|-ability|p2a: Salamence|Moxie|boost\n|-boost|p2a: Salamence|atk|1\n|\n|upkeep\n|\n|t:|1698533387\n|switch|p1a: Miraidon|Miraidon|91\/100\n|-fieldstart|move: Electric Terrain|[from] ability: Hadron Engine|[of] p1a: Miraidon\n|turn|8\n|\n|t:|1698533392\n|move|p2a: Salamence|Outrage|p1a: Miraidon|[from]lockedmove\n|-supereffective|p1a: Miraidon\n|-damage|p1a: Miraidon|0 fnt\n|faint|p1a: Miraidon\n|-ability|p2a: Salamence|Moxie|boost\n|-boost|p2a: Salamence|atk|1\n|-start|p2a: Salamence|confusion|[fatigue]\n|-enditem|p2a: Salamence|Lum Berry|[eat]\n|-end|p2a: Salamence|confusion\n|\n|upkeep\n|\n|t:|1698533412\n|switch|p1a: Giratina|Giratina-Origin|100\/100\n|turn|9\n|\n|t:|1698533420\n|move|p2a: Salamence|Outrage|p1a: Giratina\n|-supereffective|p1a: Giratina\n|-damage|p1a: Giratina|0 fnt\n|faint|p1a: Giratina\n|-ability|p2a: Salamence|Moxie|boost\n|-boost|p2a: Salamence|atk|1\n|\n|upkeep\n|\n|t:|1698533428\n|switch|p1a: Mew|Mew|100\/100\n|turn|10\n|\n|t:|1698533432\n|move|p2a: Salamence|Outrage|p1a: Mew|[from]lockedmove\n|-damage|p1a: Mew|0 fnt\n|faint|p1a: Mew\n|\n|upkeep\n|\n|t:|1698533437\n|switch|p1a: Koraidon|Koraidon|100\/100\n|-weather|SunnyDay|[from] ability: Orichalcum Pulse|[of] p1a: Koraidon\n|-activate|p1a: Koraidon|Orichalcum Pulse|[source]\n|turn|11\n|\n|t:|1698533442\n|move|p2a: Salamence|Outrage|p1a: Koraidon|[from]lockedmove\n|-supereffective|p1a: Koraidon\n|-damage|p1a: Koraidon|0 fnt\n|faint|p1a: Koraidon\n|-start|p2a: Salamence|confusion|[fatigue]\n|\n|win|Terra_Spectrum8293\n|raw|xxREAPZZxx86's rating: 1049 &rarr; <strong>1036<\/strong><br \/>(-13 for losing)\n|raw|Terra_Spectrum8293's rating: 1128 &rarr; <strong>1147<\/strong><br \/>(+19 for winning)\n|l|\u2606xxREAPZZxx86\n","uploadtime":1698533453,"views":9,"p1id":"xxreapzzxx86","p2id":"terraspectrum8293","formatid":"gen9anythinggoes","rating":1036,"private":0,"password":""}