{"id":"gen9anythinggoes-1982110465","p1":"KingClover13","p2":"UnovaJournies","format":"[Gen 9] Anything Goes","log":"|j|\u2606KingClover13\n|j|\u2606UnovaJournies\n|t:|1698968891\n|gametype|singles\n|player|p1|KingClover13|palmer|\n|player|p2|UnovaJournies|ghetsis-gen5bw|\n|teamsize|p1|6\n|teamsize|p2|6\n|gen|9\n|tier|[Gen 9] Anything Goes\n|rule|HP Percentage Mod: HP is shown in percentages\n|rule|Endless Battle Clause: Forcing endless battles is banned\n|clearpoke\n|poke|p1|Vaporeon, F|\n|poke|p1|Corviknight, M|\n|poke|p1|Iron Valiant|\n|poke|p1|Garchomp, F|\n|poke|p1|Overqwil, F|\n|poke|p1|Copperajah, F|\n|poke|p2|Enamorus, F|\n|poke|p2|Torterra, M|\n|poke|p2|Cryogonal|\n|poke|p2|Bellibolt, M|\n|poke|p2|Slither Wing|\n|poke|p2|Arcanine-Hisui, F|\n|teampreview\n|j| Tredz\n|j| Raptors4TheChip\n|j| Amoongdrip\n|c| Amoongdrip|nice exactly what we prepped for\n|c| Raptors4TheChip|Ye Doug's boutta cook\n|c|\u2606KingClover13|thanks lol imma try\n|c|\u2606UnovaJournies|I'm prep squad's #1 target\n|c| Amoongdrip|nah calm down\n|c| Amoongdrip|ur top 5 maybe\n|c|\u2606KingClover13|I'm top 13 for sure\n|c| Amoongdrip|lol\n|\n|t:|1698969026\n|start\n|switch|p1a: Overqwil|Overqwil, F|100\/100\n|switch|p2a: :p|Enamorus, F|100\/100\n|-ability|p1a: Overqwil|Intimidate|boost\n|-boost|p2a: :p|atk|1\n|turn|1\n|c| Amoongdrip|planned?\n|\n|t:|1698969067\n|move|p2a: :p|Earth Power|p1a: Overqwil\n|-supereffective|p1a: Overqwil\n|-damage|p1a: Overqwil|0 fnt\n|faint|p1a: Overqwil\n|\n|upkeep\n|c|\u2606KingClover13|nope lol\n|\n|t:|1698969078\n|switch|p1a: Copperajah|Copperajah, F, shiny|100\/100\n|turn|2\n|c| Amoongdrip|damn\n|l| Raptors4TheChip\n|c|\u2606UnovaJournies|this thing is scary\n|c| Amoongdrip|whats ur item?\n|c|\u2606UnovaJournies|who knows\n|j| Siiroth\n|\n|t:|1698969228\n|switch|p2a: :)|Bellibolt, M|100\/100\n|move|p1a: Copperajah|Knock Off|p2a: :)\n|-damage|p2a: :)|78\/100\n|-start|p2a: :)|Charge|Knock Off|[from] ability: Electromorphosis\n|-enditem|p2a: :)|Leftovers|[from] move: Knock Off|[of] p1a: Copperajah\n|\n|upkeep\n|turn|3\n|c| Amoongdrip|I finally watched the fnaf movie :D\n|c| Amoongdrip|the ending song was so fire\n|c|\u2606UnovaJournies|fr\n|\n|t:|1698969265\n|switch|p1a: Garchomp|Garchomp, F|100\/100\n|move|p2a: :)|Volt Switch|p1a: Garchomp\n|-immune|p1a: Garchomp\n|-end|p2a: :)|Charge|[silent]\n|\n|upkeep\n|turn|4\n|\n|t:|1698969321\n|switch|p2a: :p|Enamorus, F|100\/100\n|move|p1a: Garchomp|Iron Head|p2a: :p\n|-supereffective|p2a: :p\n|-damage|p2a: :p|11\/100\n|\n|upkeep\n|turn|5\n|c|\u2606UnovaJournies|oml\n|c| Amoongdrip|sheeesh\n|j| Raptors4TheChip\n|l| Raptors4TheChip\n|c| Amoongdrip|:timer:\n|j| Raptors4TheChip\n|c|\u2606UnovaJournies|its not me for once\n|c| Amoongdrip|damn\n|c| Amoongdrip|bros cooking\n|\n|t:|1698969439\n|switch|p1a: Copperajah|Copperajah, F, shiny|100\/100\n|move|p2a: :p|Mystical Fire|p1a: Copperajah\n|-supereffective|p1a: Copperajah\n|-crit|p1a: Copperajah\n|-damage|p1a: Copperajah|31\/100\n|-unboost|p1a: Copperajah|spa|1\n|\n|upkeep\n|turn|6\n|c| Amoongdrip|:c\n|\n|t:|1698969480\n|move|p2a: :p|Earth Power|p1a: Copperajah\n|-supereffective|p1a: Copperajah\n|-damage|p1a: Copperajah|0 fnt\n|faint|p1a: Copperajah\n|\n|upkeep\n|\n|t:|1698969485\n|switch|p1a: Iron Valiant|Iron Valiant|100\/100\n|turn|7\n|\n|t:|1698969554\n|move|p1a: Iron Valiant|Aura Sphere|p2a: :p\n|-resisted|p2a: :p\n|-damage|p2a: :p|0 fnt\n|faint|p2a: :p\n|\n|upkeep\n|c|\u2606KingClover13|finally I get a kill from val\n|\n|t:|1698969600\n|switch|p2a: :\/|Torterra, M|100\/100\n|turn|8\n|c| Amoongdrip|time to get 5 more\n|\n|t:|1698969624\n|-end|p1a: Iron Valiant|Quark Drive|[silent]\n|switch|p1a: Garchomp|Garchomp, F|100\/100\n|move|p2a: :\/|Shell Smash|p2a: :\/\n|-unboost|p2a: :\/|def|1\n|-unboost|p2a: :\/|spd|1\n|-boost|p2a: :\/|atk|2\n|-boost|p2a: :\/|spa|2\n|-boost|p2a: :\/|spe|2\n|-enditem|p1a: Garchomp|Mirror Herb\n|-boost|p1a: Garchomp|atk|2|[from] item: Mirror Herb\n|-boost|p1a: Garchomp|spa|2|[from] item: Mirror Herb\n|-boost|p1a: Garchomp|spe|2|[from] item: Mirror Herb\n|\n|upkeep\n|turn|9\n|c| Amoongdrip|Sheeeeesh\n|c| Raptors4TheChip|Let's go lol\n|c| Raptors4TheChip|The prep\n|c|\u2606UnovaJournies|damn\n|c| Amoongdrip|finally a successful mirror herb\n|c|\u2606KingClover13|rahhhh\n|\n|t:|1698969744\n|move|p1a: Garchomp|Dragon Claw|p2a: :\/\n|-damage|p2a: :\/|0 fnt\n|faint|p2a: :\/\n|\n|upkeep\n|c|\u2606UnovaJournies|welp\n|c| Amoongdrip|gg?\n|c|\u2606KingClover13|im so happy that worked\n|\n|t:|1698969779\n|switch|p2a: :(|Cryogonal|100\/100\n|turn|10\n|c| Raptors4TheChip|Ice shard cryog boutta cone out\n|c| Amoongdrip|chomp lives xd\n|c|\u2606UnovaJournies|my live reaction\n|\n|t:|1698969796\n|-terastallize|p2a: :(|Fire\n|move|p1a: Garchomp|Iron Head|p2a: :(\n|-resisted|p2a: :(\n|-damage|p2a: :(|47\/100\n|move|p2a: :(|Freeze-Dry|p1a: Garchomp\n|-supereffective|p1a: Garchomp\n|-damage|p1a: Garchomp|0 fnt\n|faint|p1a: Garchomp\n|\n|upkeep\n|c| Amoongdrip|sheesh\n|c|\u2606KingClover13|I threw\n|c| Amoongdrip|...\n|\n|t:|1698969813\n|switch|p1a: Iron Valiant|Iron Valiant|100\/100\n|turn|11\n|c| Raptors4TheChip|Shoulda just dragon clawed\n|\n|t:|1698969834\n|move|p1a: Iron Valiant|Calm Mind|p1a: Iron Valiant\n|-boost|p1a: Iron Valiant|spa|1\n|-boost|p1a: Iron Valiant|spd|1\n|move|p2a: :(|Recover|p2a: :(\n|-heal|p2a: :(|98\/100\n|\n|upkeep\n|turn|12\n|c|\u2606KingClover13|I forgot this could tera too\n|c|\u2606KingClover13|I do gotta pay attention more\n|\n|t:|1698969879\n|move|p1a: Iron Valiant|Calm Mind|p1a: Iron Valiant\n|-boost|p1a: Iron Valiant|spa|1\n|-boost|p1a: Iron Valiant|spd|1\n|move|p2a: :(|Rapid Spin|p1a: Iron Valiant\n|-damage|p1a: Iron Valiant|93\/100\n|-boost|p2a: :(|spe|1\n|\n|upkeep\n|turn|13\n|\n|t:|1698969897\n|move|p2a: :(|Freeze-Dry|p1a: Iron Valiant\n|-damage|p1a: Iron Valiant|64\/100\n|move|p1a: Iron Valiant|Aura Sphere|p2a: :(\n|-damage|p2a: :(|28\/100\n|\n|upkeep\n|turn|14\n|\n|t:|1698969917\n|move|p2a: :(|Freeze-Dry|p1a: Iron Valiant\n|-damage|p1a: Iron Valiant|36\/100\n|move|p1a: Iron Valiant|Aura Sphere|p2a: :(\n|-damage|p2a: :(|0 fnt\n|faint|p2a: :(\n|\n|upkeep\n|\n|t:|1698969943\n|switch|p2a: >:)|Arcanine-Hisui, F|100\/100\n|turn|15\n|\n|t:|1698970000\n|-end|p1a: Iron Valiant|Quark Drive|[silent]\n|switch|p1a: Corviknight|Corviknight, M|100\/100\n|move|p2a: >:)|Extreme Speed|p1a: Corviknight\n|-resisted|p1a: Corviknight\n|-damage|p1a: Corviknight|85\/100\n|\n|-heal|p1a: Corviknight|91\/100|[from] item: Leftovers\n|upkeep\n|turn|16\n|l| Raptors4TheChip\n|\n|t:|1698970015\n|switch|p2a: :)|Bellibolt, M|78\/100\n|move|p1a: Corviknight|Body Press|p2a: :)\n|-damage|p2a: :)|67\/100\n|-start|p2a: :)|Charge|Body Press|[from] ability: Electromorphosis\n|\n|-heal|p1a: Corviknight|98\/100|[from] item: Leftovers\n|upkeep\n|turn|17\n|\n|t:|1698970037\n|move|p1a: Corviknight|Taunt|p2a: :)\n|-start|p2a: :)|move: Taunt\n|cant|p2a: :)|move: Taunt|Slack Off\n|\n|-heal|p1a: Corviknight|100\/100|[from] item: Leftovers\n|upkeep\n|turn|18\n|\n|t:|1698970045\n|move|p1a: Corviknight|Iron Defense|p1a: Corviknight\n|-boost|p1a: Corviknight|def|2\n|move|p2a: :)|Volt Switch|p1a: Corviknight\n|-supereffective|p1a: Corviknight\n|-damage|p1a: Corviknight|31\/100\n|-end|p2a: :)|Charge|[silent]\n|\n|t:|1698970093\n|switch|p2a: >:)|Arcanine-Hisui, F|100\/100|[from] Volt Switch\n|\n|-heal|p1a: Corviknight|38\/100|[from] item: Leftovers\n|upkeep\n|turn|19\n|\n|t:|1698970109\n|move|p2a: >:)|Flare Blitz|p1a: Corviknight\n|-supereffective|p1a: Corviknight\n|-damage|p1a: Corviknight|0 fnt\n|faint|p1a: Corviknight\n|\n|upkeep\n|\n|t:|1698970114\n|switch|p1a: Vaporeon|Vaporeon, F|100\/100\n|turn|20\n|\n|t:|1698970119\n|switch|p2a: :)|Bellibolt, M|67\/100\n|move|p1a: Vaporeon|Wish|p1a: Vaporeon\n|\n|upkeep\n|turn|21\n|\n|t:|1698970143\n|move|p1a: Vaporeon|Scald|p2a: :)\n|-damage|p2a: :)|37\/100\n|-start|p2a: :)|Charge|Scald|[from] ability: Electromorphosis\n|move|p2a: :)|Thunderbolt|p1a: Vaporeon\n|-supereffective|p1a: Vaporeon\n|-damage|p1a: Vaporeon|6\/100\n|-end|p2a: :)|Charge|[silent]\n|\n|-heal|p1a: Vaporeon|56\/100|[from] move: Wish|[wisher] Vaporeon\n|-heal|p1a: Vaporeon|62\/100|[from] item: Leftovers\n|upkeep\n|turn|22\n|\n|t:|1698970156\n|move|p1a: Vaporeon|Wish|p1a: Vaporeon\n|move|p2a: :)|Slack Off|p2a: :)\n|-heal|p2a: :)|87\/100\n|\n|-heal|p1a: Vaporeon|69\/100|[from] item: Leftovers\n|upkeep\n|turn|23\n|\n|t:|1698970164\n|move|p1a: Vaporeon|Scald|p2a: :)\n|-damage|p2a: :)|59\/100\n|-start|p2a: :)|Charge|Scald|[from] ability: Electromorphosis\n|move|p2a: :)|Thunderbolt|p1a: Vaporeon\n|-supereffective|p1a: Vaporeon\n|-damage|p1a: Vaporeon|0 fnt\n|faint|p1a: Vaporeon\n|-end|p2a: :)|Charge|[silent]\n|\n|upkeep\n|\n|t:|1698970171\n|switch|p1a: Iron Valiant|Iron Valiant|36\/100\n|turn|24\n|\n|t:|1698970196\n|move|p1a: Iron Valiant|Calm Mind|p1a: Iron Valiant\n|-boost|p1a: Iron Valiant|spa|1\n|-boost|p1a: Iron Valiant|spd|1\n|move|p2a: :)|Volt Switch|p1a: Iron Valiant\n|-damage|p1a: Iron Valiant|8\/100\n|\n|t:|1698970198\n|switch|p2a: >:)|Arcanine-Hisui, F|100\/100|[from] Volt Switch\n|\n|upkeep\n|turn|25\n|c|\u2606KingClover13|im so mad I threw\n|c|\u2606KingClover13|gg\n|c|\u2606UnovaJournies|gg\n|\n|t:|1698970206\n|move|p2a: >:)|Extreme Speed|p1a: Iron Valiant\n|-damage|p1a: Iron Valiant|0 fnt\n|faint|p1a: Iron Valiant\n|-end|p1a: Iron Valiant|Quark Drive|[silent]\n|\n|win|UnovaJournies\n|c|\u2606UnovaJournies|tbf I had an out with first impression + espeed\n|l| Tredz\n|c|\u2606KingClover13|ohh true\n|c|\u2606UnovaJournies|but I figured cry was worth the risk to bait iron head\n|c|\u2606KingClover13|I need to pay more attention tbh I click my moves to fast\n|c|\u2606UnovaJournies|did garchomp have hp or just attack n speed\n|l| Siiroth\n|c|\u2606KingClover13|att n speed\n|l|\u2606KingClover13\n|c|\u2606UnovaJournies|k then yea wasn't a complete throw but would've made it closer\n","uploadtime":1698970267,"views":21,"p1id":"kingclover13","p2id":"unovajournies","formatid":"gen9anythinggoes","rating":0,"private":0,"password":""}