{"id":"gen9anythinggoes-1999829419","p1":"HansWolp","p2":"Shade_Vinatieri","format":"[Gen 9] Anything Goes","log":"|j|\u2606HansWolp\n|j|\u2606Shade_Vinatieri\n|t:|1701120617\n|gametype|singles\n|player|p1|HansWolp|blackbelt-gen4dp|\n|player|p2|Shade_Vinatieri|acerola|\n|teamsize|p1|6\n|teamsize|p2|6\n|gen|9\n|tier|[Gen 9] Anything Goes\n|rule|HP Percentage Mod: HP is shown in percentages\n|rule|Endless Battle Clause: Forcing endless battles is banned\n|clearpoke\n|poke|p1|Snorlax, F|\n|poke|p1|Volcarona, F|\n|poke|p1|Toxapex, M|\n|poke|p1|Zamazenta-*|\n|poke|p1|Garganacl, M|\n|poke|p1|Iron Hands|\n|poke|p2|Gliscor, F|\n|poke|p2|Leavanny, F|\n|poke|p2|Iron Valiant|\n|poke|p2|Rotom-Heat|\n|poke|p2|Lilligant-Hisui, F|\n|poke|p2|Arcanine-Hisui, F|\n|teampreview\n|\n|t:|1701120621\n|start\n|switch|p1a: Garganacl|Garganacl, M|100\/100\n|switch|p2a: Leavanny|Leavanny, F|100\/100\n|turn|1\n|\n|t:|1701120631\n|move|p2a: Leavanny|Sticky Web|p1a: Garganacl\n|-sidestart|p1: HansWolp|move: Sticky Web\n|move|p1a: Garganacl|Salt Cure|p2a: Leavanny\n|-supereffective|p2a: Leavanny\n|-damage|p2a: Leavanny|64\/100\n|-start|p2a: Leavanny|Salt Cure\n|\n|-damage|p2a: Leavanny|51\/100|[from] Salt Cure\n|upkeep\n|turn|2\n|\n|t:|1701120653\n|move|p2a: Leavanny|Sunny Day|p2a: Leavanny\n|-weather|SunnyDay\n|move|p1a: Garganacl|Salt Cure|p2a: Leavanny\n|-supereffective|p2a: Leavanny\n|-damage|p2a: Leavanny|13\/100\n|\n|-weather|SunnyDay|[upkeep]\n|-damage|p2a: Leavanny|0 fnt|[from] Salt Cure\n|faint|p2a: Leavanny\n|upkeep\n|\n|t:|1701120665\n|switch|p2a: Lilligant|Lilligant-Hisui, F, shiny|100\/100\n|turn|3\n|\n|t:|1701120677\n|switch|p1a: Volcarona|Volcarona, F|100\/100\n|move|p2a: Lilligant|Leaf Blade|p1a: Volcarona\n|-resisted|p1a: Volcarona\n|-damage|p1a: Volcarona|90\/100\n|-status|p2a: Lilligant|brn|[from] ability: Flame Body|[of] p1a: Volcarona\n|\n|-weather|SunnyDay|[upkeep]\n|-damage|p2a: Lilligant|94\/100 brn|[from] brn\n|upkeep\n|turn|4\n|\n|t:|1701120688\n|switch|p2a: Gliscor|Gliscor, F, shiny|100\/100\n|move|p1a: Volcarona|Fiery Dance|p2a: Gliscor\n|-damage|p2a: Gliscor|22\/100\n|-boost|p1a: Volcarona|spa|1\n|\n|-weather|SunnyDay|[upkeep]\n|-status|p2a: Gliscor|tox|[from] item: Toxic Orb\n|upkeep\n|turn|5\n|\n|t:|1701120698\n|move|p1a: Volcarona|Fiery Dance|p2a: Gliscor\n|-damage|p2a: Gliscor|0 fnt\n|faint|p2a: Gliscor\n|\n|-weather|SunnyDay|[upkeep]\n|upkeep\n|\n|t:|1701120703\n|switch|p2a: Rotom|Rotom-Heat|100\/100\n|turn|6\n|\n|t:|1701120709\n|move|p1a: Volcarona|Fiery Dance|p2a: Rotom\n|-resisted|p2a: Rotom\n|-damage|p2a: Rotom|71\/100\n|-boost|p1a: Volcarona|spa|1\n|move|p2a: Rotom|Overheat|p1a: Volcarona\n|-damage|p1a: Volcarona|0 fnt\n|-unboost|p2a: Rotom|spa|2\n|faint|p1a: Volcarona\n|\n|-weather|none\n|upkeep\n|\n|t:|1701120728\n|switch|p1a: Toxapex|Toxapex, M|100\/100\n|-activate|p1a: Toxapex|move: Sticky Web\n|-unboost|p1a: Toxapex|spe|1\n|turn|7\n|\n|t:|1701120733\n|move|p1a: Toxapex|Baneful Bunker|p1a: Toxapex\n|-singleturn|p1a: Toxapex|move: Protect\n|move|p2a: Rotom|Discharge|p1a: Toxapex\n|-activate|p1a: Toxapex|move: Protect\n|\n|upkeep\n|turn|8\n|\n|t:|1701120742\n|move|p2a: Rotom|Discharge|p1a: Toxapex\n|-supereffective|p1a: Toxapex\n|-damage|p1a: Toxapex|71\/100\n|move|p1a: Toxapex|Gunk Shot|p2a: Rotom\n|-damage|p2a: Rotom|44\/100\n|\n|-heal|p1a: Toxapex|77\/100|[from] item: Black Sludge\n|upkeep\n|turn|9\n|\n|t:|1701120751\n|move|p2a: Rotom|Volt Switch|p1a: Toxapex\n|-supereffective|p1a: Toxapex\n|-damage|p1a: Toxapex|53\/100\n|\n|t:|1701120754\n|switch|p2a: Arcanine|Arcanine-Hisui, F|100\/100|[from] Volt Switch\n|move|p1a: Toxapex|Gunk Shot|p2a: Arcanine\n|-resisted|p2a: Arcanine\n|-damage|p2a: Arcanine|87\/100\n|\n|-heal|p1a: Toxapex|59\/100|[from] item: Black Sludge\n|upkeep\n|turn|10\n|\n|t:|1701120763\n|move|p1a: Toxapex|Baneful Bunker|p1a: Toxapex\n|-singleturn|p1a: Toxapex|move: Protect\n|move|p2a: Arcanine|Head Smash|p1a: Toxapex\n|-activate|p1a: Toxapex|move: Protect\n|-status|p2a: Arcanine|psn\n|\n|-heal|p1a: Toxapex|65\/100|[from] item: Black Sludge\n|-damage|p2a: Arcanine|75\/100 psn|[from] psn\n|upkeep\n|turn|11\n|\n|t:|1701120775\n|switch|p1a: Snorlax|Snorlax, F|100\/100\n|-activate|p1a: Snorlax|move: Sticky Web\n|-unboost|p1a: Snorlax|spe|1\n|move|p2a: Arcanine|Head Smash|p1a: Snorlax\n|-damage|p1a: Snorlax|60\/100\n|\n|-damage|p2a: Arcanine|62\/100 psn|[from] psn\n|upkeep\n|turn|12\n|\n|t:|1701120795\n|move|p2a: Arcanine|Close Combat|p1a: Snorlax\n|-supereffective|p1a: Snorlax\n|-damage|p1a: Snorlax|10\/100\n|-unboost|p2a: Arcanine|def|1\n|-unboost|p2a: Arcanine|spd|1\n|-enditem|p1a: Snorlax|Iapapa Berry|[eat]\n|-heal|p1a: Snorlax|43\/100|[from] item: Iapapa Berry\n|move|p1a: Snorlax|Stockpile|p1a: Snorlax\n|-start|p1a: Snorlax|stockpile1\n|-boost|p1a: Snorlax|def|1\n|-boost|p1a: Snorlax|spd|1\n|\n|-damage|p2a: Arcanine|50\/100 psn|[from] psn\n|upkeep\n|turn|13\n|\n|t:|1701120809\n|move|p2a: Arcanine|Close Combat|p1a: Snorlax\n|-supereffective|p1a: Snorlax\n|-damage|p1a: Snorlax|11\/100\n|-unboost|p2a: Arcanine|def|1\n|-unboost|p2a: Arcanine|spd|1\n|move|p1a: Snorlax|Recycle|p1a: Snorlax\n|-item|p1a: Snorlax|Iapapa Berry|[from] move: Recycle\n|-enditem|p1a: Snorlax|Iapapa Berry|[eat]\n|-heal|p1a: Snorlax|44\/100|[from] item: Iapapa Berry\n|\n|-damage|p2a: Arcanine|38\/100 psn|[from] psn\n|upkeep\n|turn|14\n|\n|t:|1701120826\n|move|p2a: Arcanine|Close Combat|p1a: Snorlax\n|-supereffective|p1a: Snorlax\n|-damage|p1a: Snorlax|11\/100\n|-unboost|p2a: Arcanine|def|1\n|-unboost|p2a: Arcanine|spd|1\n|move|p1a: Snorlax|Recycle|p1a: Snorlax\n|-item|p1a: Snorlax|Iapapa Berry|[from] move: Recycle\n|-enditem|p1a: Snorlax|Iapapa Berry|[eat]\n|-heal|p1a: Snorlax|44\/100|[from] item: Iapapa Berry\n|\n|-damage|p2a: Arcanine|25\/100 psn|[from] psn\n|upkeep\n|turn|15\n|\n|t:|1701120838\n|move|p2a: Arcanine|Close Combat|p1a: Snorlax\n|-supereffective|p1a: Snorlax\n|-damage|p1a: Snorlax|12\/100\n|-unboost|p2a: Arcanine|def|1\n|-unboost|p2a: Arcanine|spd|1\n|move|p1a: Snorlax|Recycle|p1a: Snorlax\n|-item|p1a: Snorlax|Iapapa Berry|[from] move: Recycle\n|-enditem|p1a: Snorlax|Iapapa Berry|[eat]\n|-heal|p1a: Snorlax|45\/100|[from] item: Iapapa Berry\n|\n|-damage|p2a: Arcanine|13\/100 psn|[from] psn\n|upkeep\n|turn|16\n|\n|t:|1701120850\n|move|p2a: Arcanine|Close Combat|p1a: Snorlax\n|-supereffective|p1a: Snorlax\n|-damage|p1a: Snorlax|15\/100\n|-unboost|p2a: Arcanine|def|1\n|-unboost|p2a: Arcanine|spd|1\n|move|p1a: Snorlax|Recycle|p1a: Snorlax\n|-item|p1a: Snorlax|Iapapa Berry|[from] move: Recycle\n|-enditem|p1a: Snorlax|Iapapa Berry|[eat]\n|-heal|p1a: Snorlax|48\/100|[from] item: Iapapa Berry\n|\n|-damage|p2a: Arcanine|1\/100 psn|[from] psn\n|upkeep\n|turn|17\n|\n|t:|1701120864\n|move|p2a: Arcanine|Close Combat|p1a: Snorlax\n|-supereffective|p1a: Snorlax\n|-damage|p1a: Snorlax|16\/100\n|-unboost|p2a: Arcanine|def|1\n|-unboost|p2a: Arcanine|spd|1\n|move|p1a: Snorlax|Recycle|p1a: Snorlax\n|-item|p1a: Snorlax|Iapapa Berry|[from] move: Recycle\n|-enditem|p1a: Snorlax|Iapapa Berry|[eat]\n|-heal|p1a: Snorlax|50\/100|[from] item: Iapapa Berry\n|\n|-damage|p2a: Arcanine|0 fnt|[from] psn\n|faint|p2a: Arcanine\n|upkeep\n|\n|t:|1701120872\n|switch|p2a: Iron Valiant|Iron Valiant|100\/100\n|-enditem|p2a: Iron Valiant|Booster Energy\n|-activate|p2a: Iron Valiant|ability: Quark Drive|[fromitem]\n|-start|p2a: Iron Valiant|quarkdrivespe\n|turn|18\n|\n|t:|1701120881\n|move|p2a: Iron Valiant|Moonblast|p1a: Snorlax\n|-damage|p1a: Snorlax|36\/100\n|move|p1a: Snorlax|Recycle|p1a: Snorlax\n|-item|p1a: Snorlax|Iapapa Berry|[from] move: Recycle\n|-enditem|p1a: Snorlax|Iapapa Berry|[eat]\n|-heal|p1a: Snorlax|69\/100|[from] item: Iapapa Berry\n|\n|upkeep\n|turn|19\n|\n|t:|1701120890\n|-terastallize|p2a: Iron Valiant|Water\n|move|p2a: Iron Valiant|Liquidation|p1a: Snorlax\n|-damage|p1a: Snorlax|49\/100\n|-unboost|p1a: Snorlax|def|1\n|move|p1a: Snorlax|Recycle|p1a: Snorlax\n|-item|p1a: Snorlax|Iapapa Berry|[from] move: Recycle\n|-enditem|p1a: Snorlax|Iapapa Berry|[eat]\n|-heal|p1a: Snorlax|82\/100|[from] item: Iapapa Berry\n|\n|upkeep\n|turn|20\n|\n|t:|1701120907\n|switch|p1a: Toxapex|Toxapex, M|65\/100\n|-activate|p1a: Toxapex|move: Sticky Web\n|-unboost|p1a: Toxapex|spe|1\n|move|p2a: Iron Valiant|Liquidation|p1a: Toxapex\n|-resisted|p1a: Toxapex\n|-damage|p1a: Toxapex|50\/100\n|\n|-heal|p1a: Toxapex|56\/100|[from] item: Black Sludge\n|upkeep\n|turn|21\n|\n|t:|1701120920\n|move|p1a: Toxapex|Baneful Bunker|p1a: Toxapex\n|-singleturn|p1a: Toxapex|move: Protect\n|move|p2a: Iron Valiant|Ice Punch|p1a: Toxapex\n|-activate|p1a: Toxapex|move: Protect\n|-status|p2a: Iron Valiant|psn\n|\n|-heal|p1a: Toxapex|62\/100|[from] item: Black Sludge\n|-damage|p2a: Iron Valiant|88\/100 psn|[from] psn\n|upkeep\n|turn|22\n|\n|t:|1701120935\n|-end|p2a: Iron Valiant|Quark Drive|[silent]\n|switch|p2a: Lilligant|Lilligant-Hisui, F, shiny|94\/100 brn\n|move|p1a: Toxapex|Haze|p1a: Toxapex\n|-clearallboost\n|\n|-heal|p1a: Toxapex|69\/100|[from] item: Black Sludge\n|-damage|p2a: Lilligant|88\/100 brn|[from] brn\n|upkeep\n|turn|23\n|\n|t:|1701120946\n|move|p1a: Toxapex|Baneful Bunker|p1a: Toxapex\n|-singleturn|p1a: Toxapex|move: Protect\n|move|p2a: Lilligant|Victory Dance|p2a: Lilligant\n|-boost|p2a: Lilligant|atk|1\n|-boost|p2a: Lilligant|def|1\n|-boost|p2a: Lilligant|spe|1\n|\n|-heal|p1a: Toxapex|75\/100|[from] item: Black Sludge\n|-damage|p2a: Lilligant|82\/100 brn|[from] brn\n|upkeep\n|turn|24\n|\n|t:|1701120957\n|switch|p1a: Zamazenta|Zamazenta-Crowned|100\/100\n|-activate|p1a: Zamazenta|move: Sticky Web\n|-unboost|p1a: Zamazenta|spe|1\n|-ability|p1a: Zamazenta|Dauntless Shield|boost\n|-boost|p1a: Zamazenta|def|1\n|move|p2a: Lilligant|Leaf Blade|p1a: Zamazenta\n|-resisted|p1a: Zamazenta\n|-damage|p1a: Zamazenta|94\/100\n|\n|-damage|p2a: Lilligant|76\/100 brn|[from] brn\n|upkeep\n|turn|25\n|\n|t:|1701120970\n|move|p2a: Lilligant|Victory Dance|p2a: Lilligant\n|-boost|p2a: Lilligant|atk|1\n|-boost|p2a: Lilligant|def|1\n|-boost|p2a: Lilligant|spe|1\n|move|p1a: Zamazenta|Roar|p2a: Lilligant\n|drag|p2a: Iron Valiant|Iron Valiant, tera:Water|88\/100 psn\n|\n|-damage|p2a: Iron Valiant|76\/100 psn|[from] psn\n|upkeep\n|turn|26\n|\n|t:|1701120986\n|move|p2a: Iron Valiant|Close Combat|p1a: Zamazenta\n|-supereffective|p1a: Zamazenta\n|-damage|p1a: Zamazenta|33\/100\n|-unboost|p2a: Iron Valiant|def|1\n|-unboost|p2a: Iron Valiant|spd|1\n|move|p1a: Zamazenta|Behemoth Bash|p2a: Iron Valiant\n|-resisted|p2a: Iron Valiant\n|-damage|p2a: Iron Valiant|26\/100 psn\n|\n|-damage|p2a: Iron Valiant|14\/100 psn|[from] psn\n|upkeep\n|turn|27\n|\n|t:|1701121001\n|-terastallize|p1a: Zamazenta|Ghost\n|move|p2a: Iron Valiant|Close Combat|p1a: Zamazenta\n|-immune|p1a: Zamazenta\n|move|p1a: Zamazenta|Behemoth Bash|p2a: Iron Valiant\n|-resisted|p2a: Iron Valiant\n|-damage|p2a: Iron Valiant|0 fnt\n|faint|p2a: Iron Valiant\n|-end|p2a: Iron Valiant|Quark Drive|[silent]\n|\n|upkeep\n|\n|t:|1701121006\n|switch|p2a: Rotom|Rotom-Heat|44\/100\n|turn|28\n|\n|t:|1701121020\n|move|p1a: Zamazenta|Focus Blast|p2a: Rotom\n|-crit|p2a: Rotom\n|-damage|p2a: Rotom|12\/100\n|move|p2a: Rotom|Overheat|p1a: Zamazenta\n|-damage|p1a: Zamazenta|0 fnt\n|-unboost|p2a: Rotom|spa|2\n|faint|p1a: Zamazenta\n|\n|upkeep\n|\n|t:|1701121031\n|switch|p1a: Toxapex|Toxapex, M|75\/100\n|-activate|p1a: Toxapex|move: Sticky Web\n|-unboost|p1a: Toxapex|spe|1\n|turn|29\n|\n|t:|1701121042\n|move|p1a: Toxapex|Baneful Bunker|p1a: Toxapex\n|-singleturn|p1a: Toxapex|move: Protect\n|move|p2a: Rotom|Discharge|p1a: Toxapex\n|-activate|p1a: Toxapex|move: Protect\n|\n|-heal|p1a: Toxapex|81\/100|[from] item: Black Sludge\n|upkeep\n|turn|30\n|\n|t:|1701121052\n|move|p2a: Rotom|Discharge|p1a: Toxapex\n|-supereffective|p1a: Toxapex\n|-damage|p1a: Toxapex|55\/100\n|move|p1a: Toxapex|Ice Beam|p2a: Rotom\n|-resisted|p2a: Rotom\n|-damage|p2a: Rotom|8\/100\n|\n|-heal|p1a: Toxapex|62\/100|[from] item: Black Sludge\n|upkeep\n|turn|31\n|\n|t:|1701121062\n|move|p1a: Toxapex|Baneful Bunker|p1a: Toxapex\n|-singleturn|p1a: Toxapex|move: Protect\n|move|p2a: Rotom|Discharge|p1a: Toxapex\n|-activate|p1a: Toxapex|move: Protect\n|\n|-heal|p1a: Toxapex|68\/100|[from] item: Black Sludge\n|upkeep\n|turn|32\n|\n|t:|1701121071\n|move|p2a: Rotom|Discharge|p1a: Toxapex\n|-supereffective|p1a: Toxapex\n|-damage|p1a: Toxapex|40\/100\n|move|p1a: Toxapex|Gunk Shot|p2a: Rotom\n|-damage|p2a: Rotom|0 fnt\n|faint|p2a: Rotom\n|\n|-heal|p1a: Toxapex|47\/100|[from] item: Black Sludge\n|upkeep\n|\n|t:|1701121074\n|switch|p2a: Lilligant|Lilligant-Hisui, F, shiny|76\/100 brn\n|turn|33\n|\n|t:|1701121084\n|move|p2a: Lilligant|Victory Dance|p2a: Lilligant\n|-boost|p2a: Lilligant|atk|1\n|-boost|p2a: Lilligant|def|1\n|-boost|p2a: Lilligant|spe|1\n|move|p1a: Toxapex|Ice Beam|p2a: Lilligant\n|-supereffective|p2a: Lilligant\n|-damage|p2a: Lilligant|43\/100 brn\n|\n|-heal|p1a: Toxapex|53\/100|[from] item: Black Sludge\n|-damage|p2a: Lilligant|36\/100 brn|[from] brn\n|upkeep\n|turn|34\n|\n|t:|1701121097\n|move|p2a: Lilligant|Victory Dance|p2a: Lilligant\n|-boost|p2a: Lilligant|atk|1\n|-boost|p2a: Lilligant|def|1\n|-boost|p2a: Lilligant|spe|1\n|move|p1a: Toxapex|Ice Beam|p2a: Lilligant\n|-supereffective|p2a: Lilligant\n|-damage|p2a: Lilligant|0 fnt\n|faint|p2a: Lilligant\n|\n|win|HansWolp\n|l|\u2606Shade_Vinatieri\n","uploadtime":1701121110,"views":8,"p1id":"hanswolp","p2id":"shadevinatieri","formatid":"gen9anythinggoes","rating":0,"private":0,"password":""}