{"id":"gen9anythinggoes-1982812232","p1":"toloveocean","p2":"artanjules","format":"[Gen 9] Anything Goes","log":"|j|\u2606toloveocean\n|j|\u2606artanjules\n|t:|1699047292\n|gametype|singles\n|player|p1|toloveocean|101|\n|player|p2|artanjules|169|\n|teamsize|p1|6\n|teamsize|p2|6\n|gen|9\n|tier|[Gen 9] Anything Goes\n|rule|HP Percentage Mod: HP is shown in percentages\n|rule|Endless Battle Clause: Forcing endless battles is banned\n|clearpoke\n|poke|p1|Meowscarada, M|\n|poke|p1|Coalossal, M|\n|poke|p1|Ninetales, F|\n|poke|p1|Walking Wake|\n|poke|p1|Magnezone|\n|poke|p1|Eelektross, F|\n|poke|p2|Sylveon, F|\n|poke|p2|Volcanion|\n|poke|p2|Conkeldurr, M|\n|poke|p2|Gholdengo|\n|poke|p2|Electrode-Hisui|\n|poke|p2|Gligar, F|\n|teampreview\n|j| caligulahar\n|\n|t:|1699047322\n|start\n|switch|p1a: Ninetales|Ninetales, F|100\/100\n|switch|p2a: Lucid Dreams|Volcanion|100\/100\n|-weather|SunnyDay|[from] ability: Drought|[of] p1a: Ninetales\n|turn|1\n|\n|t:|1699047339\n|switch|p1a: Walking Wake|Walking Wake|100\/100\n|-activate|p1a: Walking Wake|ability: Protosynthesis\n|-start|p1a: Walking Wake|protosynthesisspe\n|move|p2a: Lucid Dreams|Steam Eruption|p1a: Walking Wake\n|-resisted|p1a: Walking Wake\n|-damage|p1a: Walking Wake|91\/100\n|\n|-weather|SunnyDay|[upkeep]\n|upkeep\n|turn|2\n|\n|t:|1699047359\n|switch|p2a: Jocelyn Flores|Sylveon, F|100\/100\n|move|p1a: Walking Wake|Dragon Dance|p1a: Walking Wake\n|-boost|p1a: Walking Wake|atk|1\n|-boost|p1a: Walking Wake|spe|1\n|\n|-weather|SunnyDay|[upkeep]\n|upkeep\n|turn|3\n|\n|t:|1699047378\n|move|p1a: Walking Wake|Liquidation|p2a: Jocelyn Flores\n|-damage|p2a: Jocelyn Flores|70\/100\n|-damage|p1a: Walking Wake|82\/100|[from] item: Life Orb\n|move|p2a: Jocelyn Flores|Hyper Voice|p1a: Walking Wake\n|-supereffective|p1a: Walking Wake\n|-damage|p1a: Walking Wake|0 fnt\n|faint|p1a: Walking Wake\n|-end|p1a: Walking Wake|Protosynthesis|[silent]\n|-damage|p2a: Jocelyn Flores|60\/100|[from] item: Life Orb\n|\n|-weather|SunnyDay|[upkeep]\n|upkeep\n|\n|t:|1699047395\n|switch|p1a: Magnezone|Magnezone|100\/100\n|turn|4\n|\n|t:|1699047419\n|move|p2a: Jocelyn Flores|Detect|p2a: Jocelyn Flores\n|-singleturn|p2a: Jocelyn Flores|Protect\n|move|p1a: Magnezone|Thunderbolt|p2a: Jocelyn Flores\n|-activate|p2a: Jocelyn Flores|move: Protect\n|\n|-weather|SunnyDay|[upkeep]\n|upkeep\n|turn|5\n|\n|t:|1699047429\n|move|p1a: Magnezone|Thunderbolt|p2a: Jocelyn Flores\n|-damage|p2a: Jocelyn Flores|25\/100\n|move|p2a: Jocelyn Flores|Wish|p2a: Jocelyn Flores\n|\n|-weather|SunnyDay|[upkeep]\n|upkeep\n|turn|6\n|\n|t:|1699047434\n|move|p2a: Jocelyn Flores|Detect|p2a: Jocelyn Flores\n|-singleturn|p2a: Jocelyn Flores|Protect\n|move|p1a: Magnezone|Flash Cannon|p2a: Jocelyn Flores\n|-activate|p2a: Jocelyn Flores|move: Protect\n|\n|-weather|SunnyDay|[upkeep]\n|-heal|p2a: Jocelyn Flores|75\/100|[from] move: Wish|[wisher] Jocelyn Flores\n|upkeep\n|turn|7\n|\n|t:|1699047453\n|switch|p2a: Lucid Dreams|Volcanion|100\/100\n|move|p1a: Magnezone|Flash Cannon|p2a: Lucid Dreams\n|-resisted|p2a: Lucid Dreams\n|-damage|p2a: Lucid Dreams|84\/100\n|\n|-weather|SunnyDay|[upkeep]\n|upkeep\n|turn|8\n|\n|t:|1699047474\n|switch|p1a: Ninetales|Ninetales, F|100\/100\n|move|p2a: Lucid Dreams|Flamethrower|p1a: Ninetales\n|-resisted|p1a: Ninetales\n|-damage|p1a: Ninetales|56\/100\n|\n|-weather|none\n|upkeep\n|turn|9\n|\n|t:|1699047499\n|switch|p1a: Meowscarada|Meowscarada, M, shiny|100\/100\n|move|p2a: Lucid Dreams|Steam Eruption|p1a: Meowscarada\n|-resisted|p1a: Meowscarada\n|-damage|p1a: Meowscarada|55\/100\n|\n|upkeep\n|turn|10\n|\n|t:|1699047518\n|switch|p1a: Eelektross|Eelektross, F|100\/100\n|switch|p2a: witchblades|Gholdengo|100\/100\n|\n|upkeep\n|turn|11\n|\n|t:|1699047539\n|move|p2a: witchblades|Shadow Ball|p1a: Eelektross\n|-damage|p1a: Eelektross|58\/100\n|-unboost|p1a: Eelektross|spd|1\n|move|p1a: Eelektross|Crunch|p2a: witchblades\n|-supereffective|p2a: witchblades\n|-damage|p2a: witchblades|38\/100\n|\n|upkeep\n|turn|12\n|\n|t:|1699047555\n|switch|p2a: Love Scars|Conkeldurr, M|100\/100\n|switch|p1a: Magnezone|Magnezone|100\/100\n|\n|-status|p2a: Love Scars|brn|[from] item: Flame Orb\n|upkeep\n|turn|13\n|\n|t:|1699047575\n|move|p2a: Love Scars|Mach Punch|p1a: Magnezone\n|-supereffective|p1a: Magnezone\n|-damage|p1a: Magnezone|41\/100\n|move|p1a: Magnezone|Volt Switch|p2a: Love Scars\n|-damage|p2a: Love Scars|33\/100 brn\n|\n|t:|1699047595\n|switch|p1a: Ninetales|Ninetales, F|56\/100|[from] Volt Switch\n|-weather|SunnyDay|[from] ability: Drought|[of] p1a: Ninetales\n|\n|-weather|SunnyDay|[upkeep]\n|-damage|p2a: Love Scars|27\/100 brn|[from] brn\n|upkeep\n|turn|14\n|\n|t:|1699047619\n|switch|p2a: Lucid Dreams|Volcanion|84\/100\n|move|p1a: Ninetales|Flamethrower|p2a: Lucid Dreams\n|-resisted|p2a: Lucid Dreams\n|-damage|p2a: Lucid Dreams|71\/100\n|\n|-weather|SunnyDay|[upkeep]\n|upkeep\n|turn|15\n|\n|t:|1699047650\n|move|p1a: Ninetales|Solar Beam||[still]\n|-prepare|p1a: Ninetales|Solar Beam\n|-anim|p1a: Ninetales|Solar Beam|p2a: Lucid Dreams\n|-damage|p2a: Lucid Dreams|42\/100\n|move|p2a: Lucid Dreams|Flamethrower|p1a: Ninetales\n|-resisted|p1a: Ninetales\n|-damage|p1a: Ninetales|11\/100\n|\n|-weather|SunnyDay|[upkeep]\n|upkeep\n|turn|16\n|\n|t:|1699047666\n|move|p1a: Ninetales|Solar Beam||[still]\n|-prepare|p1a: Ninetales|Solar Beam\n|-anim|p1a: Ninetales|Solar Beam|p2a: Lucid Dreams\n|-damage|p2a: Lucid Dreams|11\/100\n|move|p2a: Lucid Dreams|Flamethrower|p1a: Ninetales\n|-resisted|p1a: Ninetales\n|-damage|p1a: Ninetales|0 fnt\n|faint|p1a: Ninetales\n|\n|-weather|SunnyDay|[upkeep]\n|upkeep\n|\n|t:|1699047679\n|switch|p1a: Meowscarada|Meowscarada, M, shiny|55\/100\n|turn|17\n|\n|t:|1699047692\n|move|p1a: Meowscarada|Flower Trick|p2a: Lucid Dreams\n|-start|p1a: Meowscarada|typechange|Grass|[from] ability: Protean\n|-crit|p2a: Lucid Dreams\n|-damage|p2a: Lucid Dreams|0 fnt\n|faint|p2a: Lucid Dreams\n|\n|-weather|SunnyDay|[upkeep]\n|upkeep\n|\n|t:|1699047710\n|switch|p2a: Jocelyn Flores|Sylveon, F|75\/100\n|turn|18\n|\n|t:|1699047717\n|move|p2a: Jocelyn Flores|Detect|p2a: Jocelyn Flores\n|-singleturn|p2a: Jocelyn Flores|Protect\n|move|p1a: Meowscarada|Flower Trick|p2a: Jocelyn Flores\n|-activate|p2a: Jocelyn Flores|move: Protect\n|\n|-weather|SunnyDay|[upkeep]\n|upkeep\n|turn|19\n|\n|t:|1699047724\n|move|p1a: Meowscarada|Flower Trick|p2a: Jocelyn Flores\n|-crit|p2a: Jocelyn Flores\n|-damage|p2a: Jocelyn Flores|10\/100\n|move|p2a: Jocelyn Flores|Hyper Voice|p1a: Meowscarada\n|-damage|p1a: Meowscarada|0 fnt\n|faint|p1a: Meowscarada\n|-damage|p2a: Jocelyn Flores|0 fnt|[from] item: Life Orb\n|faint|p2a: Jocelyn Flores\n|\n|-weather|SunnyDay|[upkeep]\n|upkeep\n|\n|t:|1699047738\n|switch|p1a: Coalossal|Coalossal, M|100\/100\n|switch|p2a: XO Tour Llif3|Gligar, F|100\/100\n|turn|20\n|\n|t:|1699047752\n|move|p2a: XO Tour Llif3|Stealth Rock|p1a: Coalossal\n|-sidestart|p1: toloveocean|move: Stealth Rock\n|move|p1a: Coalossal|Rock Slide|p2a: XO Tour Llif3|[miss]\n|-miss|p1a: Coalossal|p2a: XO Tour Llif3\n|\n|-weather|none\n|upkeep\n|turn|21\n|\n|t:|1699047766\n|move|p2a: XO Tour Llif3|Agility|p2a: XO Tour Llif3\n|-boost|p2a: XO Tour Llif3|spe|2\n|move|p1a: Coalossal|Rock Slide|p2a: XO Tour Llif3|[miss]\n|-miss|p1a: Coalossal|p2a: XO Tour Llif3\n|\n|upkeep\n|turn|22\n|\n|t:|1699047787\n|move|p2a: XO Tour Llif3|Baton Pass|p2a: XO Tour Llif3\n|\n|t:|1699047794\n|switch|p2a: Love Scars|Conkeldurr, M|27\/100 brn|[from] Baton Pass\n|move|p1a: Coalossal|Flare Blitz|p2a: Love Scars\n|-damage|p2a: Love Scars|0 fnt\n|faint|p2a: Love Scars\n|-damage|p1a: Coalossal|93\/100|[from] Recoil\n|\n|upkeep\n|\n|t:|1699047804\n|switch|p2a: witchblades|Gholdengo|38\/100\n|turn|23\n|\n|t:|1699047811\n|move|p2a: witchblades|Make It Rain|p1a: Coalossal\n|-damage|p1a: Coalossal|58\/100\n|-unboost|p2a: witchblades|spa|1\n|move|p1a: Coalossal|Flare Blitz|p2a: witchblades\n|-supereffective|p2a: witchblades\n|-damage|p2a: witchblades|0 fnt\n|faint|p2a: witchblades\n|-damage|p1a: Coalossal|49\/100|[from] Recoil\n|\n|upkeep\n|\n|t:|1699047821\n|switch|p2a: caffiene|Electrode-Hisui|100\/100\n|turn|24\n|\n|t:|1699047842\n|-terastallize|p2a: caffiene|Fairy\n|-terastallize|p1a: Coalossal|Grass\n|move|p2a: caffiene|Thunderbolt|p1a: Coalossal\n|-resisted|p1a: Coalossal\n|-damage|p1a: Coalossal|39\/100\n|move|p1a: Coalossal|Flare Blitz|p2a: caffiene\n|-damage|p2a: caffiene|15\/100\n|-status|p2a: caffiene|brn\n|-damage|p1a: Coalossal|20\/100|[from] Recoil\n|\n|-damage|p2a: caffiene|9\/100 brn|[from] brn\n|upkeep\n|turn|25\n|\n|t:|1699047856\n|move|p2a: caffiene|Tera Blast|p1a: Coalossal|[anim] Tera Blast Fairy\n|-damage|p1a: Coalossal|0 fnt\n|faint|p1a: Coalossal\n|\n|-damage|p2a: caffiene|3\/100 brn|[from] brn\n|upkeep\n|\n|t:|1699047874\n|switch|p1a: Magnezone|Magnezone|41\/100\n|-damage|p1a: Magnezone|35\/100|[from] Stealth Rock\n|turn|26\n|\n|t:|1699047881\n|move|p2a: caffiene|Tera Blast|p1a: Magnezone|[anim] Tera Blast Fairy\n|-resisted|p1a: Magnezone\n|-damage|p1a: Magnezone|17\/100\n|move|p1a: Magnezone|Rest|p1a: Magnezone\n|-status|p1a: Magnezone|slp|[from] move: Rest\n|-heal|p1a: Magnezone|100\/100 slp|[silent]\n|-enditem|p1a: Magnezone|Chesto Berry|[eat]\n|-curestatus|p1a: Magnezone|slp|[msg]\n|\n|-damage|p2a: caffiene|0 fnt|[from] brn\n|faint|p2a: caffiene\n|upkeep\n|\n|t:|1699047892\n|switch|p2a: XO Tour Llif3|Gligar, F|100\/100\n|turn|27\n|\n|t:|1699047901\n|move|p2a: XO Tour Llif3|Quick Attack|p1a: Magnezone\n|-resisted|p1a: Magnezone\n|-damage|p1a: Magnezone|98\/100\n|move|p1a: Magnezone|Flash Cannon|p2a: XO Tour Llif3\n|-damage|p2a: XO Tour Llif3|45\/100\n|-unboost|p2a: XO Tour Llif3|spd|1\n|\n|upkeep\n|turn|28\n|\n|t:|1699047910\n|move|p2a: XO Tour Llif3|Agility|p2a: XO Tour Llif3\n|-boost|p2a: XO Tour Llif3|spe|2\n|move|p1a: Magnezone|Flash Cannon|p2a: XO Tour Llif3\n|-damage|p2a: XO Tour Llif3|0 fnt\n|faint|p2a: XO Tour Llif3\n|\n|win|toloveocean\n","uploadtime":1699047927,"views":10,"p1id":"toloveocean","p2id":"artanjules","formatid":"gen9anythinggoes","rating":0,"private":0,"password":""}