{"id":"gen9anythinggoes-1981548401","p1":"pekkel","p2":"Nfnfbgn","format":"[Gen 9] Anything Goes","log":"|j|\u2606pekkel\n|j|\u2606Nfnfbgn\n|t:|1698916439\n|gametype|singles\n|player|p1|pekkel|marshal|1023\n|player|p2|Nfnfbgn|n|1000\n|teamsize|p1|6\n|teamsize|p2|6\n|gen|9\n|tier|[Gen 9] Anything Goes\n|rated|\n|rule|HP Percentage Mod: HP is shown in percentages\n|rule|Endless Battle Clause: Forcing endless battles is banned\n|clearpoke\n|poke|p1|Regieleki|\n|poke|p1|Kingambit, F|\n|poke|p1|Annihilape, F|\n|poke|p1|Toxapex, M|\n|poke|p1|Braviary, M|\n|poke|p1|Sylveon, M|\n|poke|p2|Zacian-*|\n|poke|p2|Calyrex-Shadow|\n|poke|p2|Arboliva, M|\n|poke|p2|Glimmora, M|\n|poke|p2|Drifblim, M|\n|poke|p2|Wo-Chien|\n|teampreview\n|\n|t:|1698916443\n|start\n|switch|p1a: Toxapex|Toxapex, M, shiny|100\/100\n|switch|p2a: Glimmora|Glimmora, M, shiny|100\/100\n|turn|1\n|\n|t:|1698916449\n|move|p2a: Glimmora|Stealth Rock|p1a: Toxapex\n|-sidestart|p1: pekkel|move: Stealth Rock\n|move|p1a: Toxapex|Toxic Spikes|p2a: Glimmora\n|-sidestart|p2: Nfnfbgn|move: Toxic Spikes\n|\n|upkeep\n|turn|2\n|\n|t:|1698916455\n|move|p2a: Glimmora|Spikes|p1a: Toxapex\n|-sidestart|p1: pekkel|Spikes\n|move|p1a: Toxapex|Blizzard|p2a: Glimmora|[miss]\n|-miss|p1a: Toxapex|p2a: Glimmora\n|\n|upkeep\n|turn|3\n|\n|t:|1698916462\n|move|p2a: Glimmora|Spikes|p1a: Toxapex\n|-sidestart|p1: pekkel|Spikes\n|move|p1a: Toxapex|Blizzard|p2a: Glimmora\n|-damage|p2a: Glimmora|73\/100\n|\n|upkeep\n|turn|4\n|\n|t:|1698916468\n|move|p1a: Toxapex|Baneful Bunker|p1a: Toxapex\n|-singleturn|p1a: Toxapex|move: Protect\n|move|p2a: Glimmora|Spikes|p1a: Toxapex\n|-sidestart|p1: pekkel|Spikes\n|\n|upkeep\n|turn|5\n|\n|t:|1698916477\n|switch|p2a: Drifblim|Drifblim, M, shiny|100\/100\n|move|p1a: Toxapex|Blizzard|p2a: Drifblim\n|-supereffective|p2a: Drifblim\n|-damage|p2a: Drifblim|53\/100\n|\n|-heal|p2a: Drifblim|59\/100|[from] item: Leftovers\n|upkeep\n|turn|6\n|\n|t:|1698916485\n|move|p1a: Toxapex|Baneful Bunker|p1a: Toxapex\n|-singleturn|p1a: Toxapex|move: Protect\n|move|p2a: Drifblim|Minimize|p2a: Drifblim\n|-boost|p2a: Drifblim|evasion|2\n|\n|-heal|p2a: Drifblim|65\/100|[from] item: Leftovers\n|upkeep\n|turn|7\n|\n|t:|1698916493\n|move|p2a: Drifblim|Minimize|p2a: Drifblim\n|-boost|p2a: Drifblim|evasion|2\n|move|p1a: Toxapex|Tera Blast|p2a: Drifblim\n|-immune|p2a: Drifblim\n|\n|-heal|p2a: Drifblim|71\/100|[from] item: Leftovers\n|upkeep\n|turn|8\n|\n|t:|1698916502\n|-terastallize|p1a: Toxapex|Fire\n|move|p2a: Drifblim|Minimize|p2a: Drifblim\n|-boost|p2a: Drifblim|evasion|2\n|move|p1a: Toxapex|Tera Blast|p2a: Drifblim|[anim] Tera Blast Fire\n|-damage|p2a: Drifblim|42\/100\n|\n|-heal|p2a: Drifblim|48\/100|[from] item: Leftovers\n|upkeep\n|turn|9\n|\n|t:|1698916512\n|move|p2a: Drifblim|Substitute|p2a: Drifblim\n|-start|p2a: Drifblim|Substitute\n|-damage|p2a: Drifblim|23\/100\n|move|p1a: Toxapex|Tera Blast|p2a: Drifblim|[anim] Tera Blast Fire|[miss]\n|-miss|p1a: Toxapex|p2a: Drifblim\n|\n|-heal|p2a: Drifblim|29\/100|[from] item: Leftovers\n|upkeep\n|turn|10\n|\n|t:|1698916520\n|move|p2a: Drifblim|Hypnosis|p1a: Toxapex\n|-status|p1a: Toxapex|slp|[from] move: Hypnosis\n|cant|p1a: Toxapex|slp\n|\n|-heal|p2a: Drifblim|36\/100|[from] item: Leftovers\n|upkeep\n|turn|11\n|\n|t:|1698916528\n|move|p2a: Drifblim|Baton Pass|p2a: Drifblim\n|\n|t:|1698916530\n|switch|p2a: Glimmora|Glimmora, M, shiny|73\/100|[from] Baton Pass\n|-sideend|p2: Nfnfbgn|move: Toxic Spikes|[of] p2a: Glimmora\n|cant|p1a: Toxapex|slp\n|\n|upkeep\n|turn|12\n|n|!pekkel|pekkel\n|-message|pekkel forfeited.\n|\n|win|Nfnfbgn\n|raw|pekkel's rating: 1023 &rarr; <strong>1009<\/strong><br \/>(-14 for losing)\n|raw|Nfnfbgn's rating: 1000 &rarr; <strong>1043<\/strong><br \/>(+43 for winning)\n|l|!pekkel\n","uploadtime":1698916539,"views":4,"p1id":"pekkel","p2id":"nfnfbgn","formatid":"gen9anythinggoes","rating":1009,"private":0,"password":""}