{"id":"gen9anythinggoes-1983399599","p1":"Wrathfulgod","p2":"uiygufghkjh","format":"[Gen 9] Anything Goes","log":"|j|\u2606Wrathfulgod\n|j|\u2606uiygufghkjh\n|t:|1699126057\n|gametype|singles\n|player|p1|Wrathfulgod|backpacker|1000\n|player|p2|uiygufghkjh|169|1020\n|teamsize|p1|6\n|teamsize|p2|6\n|gen|9\n|tier|[Gen 9] Anything Goes\n|rated|\n|rule|HP Percentage Mod: HP is shown in percentages\n|rule|Endless Battle Clause: Forcing endless battles is banned\n|clearpoke\n|poke|p1|Orthworm, M|\n|poke|p1|Clodsire, M|\n|poke|p1|Glimmora, F|\n|poke|p1|Garganacl, F|\n|poke|p1|Kingambit, F|\n|poke|p1|Ceruledge, F|\n|poke|p2|Calyrex-Ice|\n|poke|p2|Zacian-*|\n|poke|p2|Regidrago|\n|poke|p2|Eternatus|\n|poke|p2|Abomasnow, M|\n|poke|p2|Abomasnow, F|\n|teampreview\n|inactive|Battle timer is ON: inactive players will automatically lose when time's up. (requested by Wrathfulgod)\n|\n|t:|1699126070\n|start\n|switch|p1a: Ceruledge|Ceruledge, F, shiny|100\/100\n|switch|p2a: Calyrex|Calyrex-Ice|100\/100\n|-ability|p2a: Calyrex|As One\n|-ability|p2a: Calyrex|Unnerve\n|turn|1\n|\n|t:|1699126078\n|move|p1a: Ceruledge|Bitter Blade|p2a: Calyrex\n|-supereffective|p2a: Calyrex\n|-damage|p2a: Calyrex|42\/100\n|move|p2a: Calyrex|Trick Room|p2a: Calyrex\n|-fieldstart|move: Trick Room|[of] p2a: Calyrex\n|\n|upkeep\n|turn|2\n|\n|t:|1699126085\n|move|p2a: Calyrex|High Horsepower|p1a: Ceruledge\n|-supereffective|p1a: Ceruledge\n|-crit|p1a: Ceruledge\n|-enditem|p1a: Ceruledge|Focus Sash\n|-damage|p1a: Ceruledge|1\/100\n|-ability|p1a: Ceruledge|Weak Armor|boost\n|-unboost|p1a: Ceruledge|def|1\n|-boost|p1a: Ceruledge|spe|2\n|-damage|p2a: Calyrex|32\/100|[from] item: Life Orb\n|move|p1a: Ceruledge|Bitter Blade|p2a: Calyrex\n|-supereffective|p2a: Calyrex\n|-damage|p2a: Calyrex|0 fnt\n|-heal|p1a: Ceruledge|23\/100|[from] drain|[of] p2a: Calyrex\n|faint|p2a: Calyrex\n|\n|upkeep\n|\n|t:|1699126092\n|switch|p2a: auroa viel|Abomasnow, M|100\/100\n|-weather|Snow|[from] ability: Snow Warning|[of] p2a: auroa viel\n|turn|3\n|\n|t:|1699126101\n|move|p2a: auroa viel|Aurora Veil|p2a: auroa viel\n|-sidestart|p2: uiygufghkjh|move: Aurora Veil\n|move|p1a: Ceruledge|Bitter Blade|p2a: auroa viel\n|-supereffective|p2a: auroa viel\n|-damage|p2a: auroa viel|28\/100\n|-heal|p1a: Ceruledge|70\/100|[from] drain|[of] p2a: auroa viel\n|\n|-weather|Snow|[upkeep]\n|upkeep\n|turn|4\n|\n|t:|1699126106\n|move|p2a: auroa viel|Blizzard|p1a: Ceruledge\n|-resisted|p1a: Ceruledge\n|-damage|p1a: Ceruledge|52\/100\n|move|p1a: Ceruledge|Bitter Blade|p2a: auroa viel\n|-supereffective|p2a: auroa viel\n|-damage|p2a: auroa viel|0 fnt\n|-heal|p1a: Ceruledge|71\/100|[from] drain|[of] p2a: auroa viel\n|faint|p2a: auroa viel\n|\n|-weather|Snow|[upkeep]\n|upkeep\n|\n|t:|1699126114\n|switch|p2a: Regidrago|Regidrago|100\/100\n|turn|5\n|\n|t:|1699126125\n|move|p2a: Regidrago|Scale Shot|p1a: Ceruledge\n|-damage|p1a: Ceruledge|35\/100\n|-ability|p1a: Ceruledge|Weak Armor|boost\n|-unboost|p1a: Ceruledge|def|1\n|-boost|p1a: Ceruledge|spe|2\n|-damage|p1a: Ceruledge|0 fnt\n|faint|p1a: Ceruledge\n|-hitcount|p1: Ceruledge|2\n|-unboost|p2a: Regidrago|def|1\n|-boost|p2a: Regidrago|spe|1\n|\n|-weather|Snow|[upkeep]\n|-fieldend|move: Trick Room\n|upkeep\n|\n|t:|1699126132\n|switch|p1a: Glimmora|Glimmora, F, shiny|100\/100\n|turn|6\n|\n|t:|1699126138\n|move|p2a: Regidrago|Dragon Energy|p1a: Glimmora\n|-damage|p1a: Glimmora|0 fnt\n|faint|p1a: Glimmora\n|\n|-weather|Snow|[upkeep]\n|upkeep\n|\n|t:|1699126145\n|switch|p1a: Orthworm|Orthworm, M, shiny|100\/100\n|turn|7\n|\n|t:|1699126152\n|move|p1a: Orthworm|Protect|p1a: Orthworm\n|-singleturn|p1a: Orthworm|Protect\n|move|p2a: Regidrago|Dragon Energy|p1a: Orthworm\n|-activate|p1a: Orthworm|move: Protect\n|\n|-weather|none\n|-sideend|p2: uiygufghkjh|move: Aurora Veil\n|upkeep\n|turn|8\n|\n|t:|1699126163\n|move|p2a: Regidrago|Fire Fang|p1a: Orthworm\n|-supereffective|p1a: Orthworm\n|-damage|p1a: Orthworm|72\/100\n|move|p1a: Orthworm|Coil|p1a: Orthworm\n|-boost|p1a: Orthworm|atk|1\n|-boost|p1a: Orthworm|def|1\n|-boost|p1a: Orthworm|accuracy|1\n|\n|-heal|p1a: Orthworm|78\/100|[from] item: Leftovers\n|upkeep\n|turn|9\n|\n|t:|1699126174\n|switch|p2a: Zacian|Zacian-Crowned|100\/100\n|-ability|p2a: Zacian|Intrepid Sword|boost\n|-boost|p2a: Zacian|atk|1\n|move|p1a: Orthworm|Iron Tail|p2a: Zacian\n|-damage|p2a: Zacian|51\/100\n|-unboost|p2a: Zacian|def|1\n|\n|-heal|p1a: Orthworm|84\/100|[from] item: Leftovers\n|upkeep\n|turn|10\n|\n|t:|1699126180\n|move|p1a: Orthworm|Protect|p1a: Orthworm\n|-singleturn|p1a: Orthworm|Protect\n|move|p2a: Zacian|Swords Dance|p2a: Zacian\n|-boost|p2a: Zacian|atk|2\n|\n|-heal|p1a: Orthworm|90\/100|[from] item: Leftovers\n|upkeep\n|turn|11\n|\n|t:|1699126185\n|move|p2a: Zacian|Close Combat|p1a: Orthworm\n|-supereffective|p1a: Orthworm\n|-damage|p1a: Orthworm|0 fnt\n|-unboost|p2a: Zacian|def|1\n|-unboost|p2a: Zacian|spd|1\n|faint|p1a: Orthworm\n|\n|upkeep\n|\n|t:|1699126191\n|switch|p1a: Garganacl|Garganacl, F, shiny|100\/100\n|turn|12\n|\n|t:|1699126199\n|-terastallize|p1a: Garganacl|Flying\n|move|p2a: Zacian|Behemoth Blade|p1a: Garganacl\n|-damage|p1a: Garganacl|21\/100\n|move|p1a: Garganacl|Salt Cure|p2a: Zacian\n|-resisted|p2a: Zacian\n|-damage|p2a: Zacian|37\/100\n|-start|p2a: Zacian|Salt Cure\n|\n|-damage|p2a: Zacian|12\/100|[from] Salt Cure\n|upkeep\n|turn|13\n|\n|t:|1699126211\n|move|p2a: Zacian|Behemoth Blade|p1a: Garganacl\n|-damage|p1a: Garganacl|0 fnt\n|faint|p1a: Garganacl\n|\n|-damage|p2a: Zacian|0 fnt|[from] Salt Cure\n|faint|p2a: Zacian\n|upkeep\n|\n|t:|1699126216\n|switch|p2a: Eternatus|Eternatus|100\/100\n|switch|p1a: Clodsire|Clodsire, M, shiny|100\/100\n|-ability|p2a: Eternatus|Pressure\n|turn|14\n|\n|t:|1699126225\n|move|p2a: Eternatus|Dynamax Cannon|p1a: Clodsire\n|-crit|p1a: Clodsire\n|-damage|p1a: Clodsire|58\/100\n|move|p1a: Clodsire|Amnesia|p1a: Clodsire\n|-boost|p1a: Clodsire|spd|2\n|\n|upkeep\n|turn|15\n|\n|t:|1699126248\n|move|p2a: Eternatus|Dynamax Cannon|p1a: Clodsire\n|-damage|p1a: Clodsire|43\/100\n|move|p1a: Clodsire|Recover|p1a: Clodsire\n|-heal|p1a: Clodsire|93\/100\n|\n|upkeep\n|turn|16\n|-message|uiygufghkjh forfeited.\n|\n|win|Wrathfulgod\n|raw|Wrathfulgod's rating: 1000 &rarr; <strong>1042<\/strong><br \/>(+42 for winning)\n|raw|uiygufghkjh's rating: 1020 &rarr; <strong>1006<\/strong><br \/>(-14 for losing)\n|l|\u2606uiygufghkjh\n","uploadtime":1699126258,"views":6,"p1id":"wrathfulgod","p2id":"uiygufghkjh","formatid":"gen9anythinggoes","rating":1006,"private":0,"password":""}