{"id":"gen9anythinggoes-1976047406","p1":"setofleischer","p2":"Klitschkuh","format":"[Gen 9] Anything Goes","log":"|j|\u2606setofleischer\n|j|\u2606Klitschkuh\n|t:|1698259262\n|gametype|singles\n|player|p1|setofleischer|2|\n|player|p2|Klitschkuh|169|\n|teamsize|p1|6\n|teamsize|p2|6\n|gen|9\n|tier|[Gen 9] Anything Goes\n|rule|HP Percentage Mod: HP is shown in percentages\n|rule|Endless Battle Clause: Forcing endless battles is banned\n|clearpoke\n|poke|p1|Weavile, M|\n|poke|p1|Goodra, M|\n|poke|p1|Urshifu-*, F|\n|poke|p1|Gengar, M|\n|poke|p1|Talonflame, M|\n|poke|p1|Gliscor, M|\n|poke|p2|Conkeldurr, M|\n|poke|p2|Iron Bundle|\n|poke|p2|Kleavor, F|\n|poke|p2|Weezing-Galar, M|\n|poke|p2|Thundurus-Therian, M|\n|poke|p2|Arboliva, F|\n|teampreview\n|l|\u2606Klitschkuh\n|player|p2|\n|c|\u2606setofleischer|dann auf ein gutes\n|j|\u2606Klitschkuh\n|player|p2|Klitschkuh|169\n|j| Cheikhlock Holmes\n|c|\u2606Klitschkuh|Auf nen guten\ud83d\udc4c\n|c|\u2606setofleischer|jupp\n|\n|t:|1698259371\n|start\n|switch|p1a: Goodra|Goodra, M|100\/100\n|switch|p2a: Kleavor|Kleavor, F|100\/100\n|turn|1\n|j| dave1200\n|\n|t:|1698259436\n|move|p2a: Kleavor|Stone Axe|p1a: Goodra\n|-damage|p1a: Goodra|39\/100\n|-sidestart|p1: setofleischer|move: Stealth Rock\n|move|p1a: Goodra|Thunderbolt|p2a: Kleavor\n|-damage|p2a: Kleavor|61\/100\n|-status|p2a: Kleavor|par\n|\n|-heal|p1a: Goodra|45\/100|[from] item: Leftovers\n|upkeep\n|turn|2\n|\n|t:|1698259447\n|move|p1a: Goodra|Protect|p1a: Goodra\n|-singleturn|p1a: Goodra|Protect\n|move|p2a: Kleavor|Stone Axe|p1a: Goodra\n|-activate|p1a: Goodra|move: Protect\n|\n|-heal|p1a: Goodra|51\/100|[from] item: Leftovers\n|upkeep\n|turn|3\n|j| EnOfFla\n|\n|t:|1698259471\n|switch|p2a: Iron Bundle|Iron Bundle|100\/100\n|switch|p1a: Gliscor|Gliscor, M|100\/100\n|-damage|p1a: Gliscor|88\/100|[from] Stealth Rock\n|\n|-status|p1a: Gliscor|tox|[from] item: Toxic Orb\n|upkeep\n|turn|4\n|c| EnOfFla|Gl Hf euch beiden\n|\n|t:|1698259555\n|switch|p1a: Goodra|Goodra, M|51\/100\n|-damage|p1a: Goodra|39\/100|[from] Stealth Rock\n|move|p2a: Iron Bundle|Ice Beam|p1a: Goodra\n|-supereffective|p1a: Goodra\n|-damage|p1a: Goodra|0 fnt\n|faint|p1a: Goodra\n|\n|upkeep\n|\n|t:|1698259564\n|switch|p1a: Gengar|Gengar, M|100\/100\n|-damage|p1a: Gengar|88\/100|[from] Stealth Rock\n|turn|5\n|\n|t:|1698259588\n|-end|p2a: Iron Bundle|Quark Drive|[silent]\n|switch|p2a: Arboliva|Arboliva, F|100\/100\n|move|p1a: Gengar|Thunderbolt|p2a: Arboliva\n|-resisted|p2a: Arboliva\n|-damage|p2a: Arboliva|91\/100\n|\n|upkeep\n|turn|6\n|\n|t:|1698259623\n|switch|p1a: Gliscor|Gliscor, M|88\/100 tox\n|-damage|p1a: Gliscor|76\/100 tox|[from] Stealth Rock\n|-terastallize|p2a: Arboliva|Normal\n|move|p2a: Arboliva|Hyper Voice|p1a: Gliscor\n|-damage|p1a: Gliscor|10\/100 tox\n|\n|-heal|p1a: Gliscor|22\/100 tox|[from] ability: Poison Heal\n|upkeep\n|turn|7\n|\n|t:|1698259649\n|switch|p2a: Weezing|Weezing-Galar, M|100\/100\n|move|p1a: Gliscor|Stealth Rock|p2a: Weezing\n|-sidestart|p2: Klitschkuh|move: Stealth Rock\n|\n|-heal|p1a: Gliscor|34\/100 tox|[from] ability: Poison Heal\n|upkeep\n|turn|8\n|\n|t:|1698259666\n|move|p1a: Gliscor|Knock Off|p2a: Weezing\n|-resisted|p2a: Weezing\n|-damage|p2a: Weezing|93\/100\n|-damage|p1a: Gliscor|18\/100 tox|[from] item: Rocky Helmet|[of] p2a: Weezing\n|-enditem|p2a: Weezing|Rocky Helmet|[from] move: Knock Off|[of] p1a: Gliscor\n|move|p2a: Weezing|Strange Steam|p1a: Gliscor\n|-damage|p1a: Gliscor|0 fnt\n|faint|p1a: Gliscor\n|\n|upkeep\n|\n|t:|1698259678\n|switch|p1a: Gengar|Gengar, M|88\/100\n|-damage|p1a: Gengar|76\/100|[from] Stealth Rock\n|turn|9\n|\n|t:|1698259705\n|switch|p1a: Talonflame|Talonflame, M|100\/100\n|switch|p2a: Arboliva|Arboliva, F, tera:Normal|91\/100\n|-damage|p2a: Arboliva|79\/100|[from] Stealth Rock\n|\n|upkeep\n|turn|10\n|\n|t:|1698259802\n|switch|p1a: Gengar|Gengar, M|76\/100\n|-damage|p1a: Gengar|63\/100|[from] Stealth Rock\n|switch|p2a: Weezing|Weezing-Galar, M|93\/100\n|-damage|p2a: Weezing|81\/100|[from] Stealth Rock\n|\n|upkeep\n|turn|11\n|\n|t:|1698259822\n|switch|p2a: Arboliva|Arboliva, F, tera:Normal|79\/100\n|-damage|p2a: Arboliva|67\/100|[from] Stealth Rock\n|move|p1a: Gengar|Psychic|p2a: Arboliva\n|-crit|p2a: Arboliva\n|-damage|p2a: Arboliva|37\/100\n|-enditem|p2a: Arboliva|Sitrus Berry|[eat]\n|-heal|p2a: Arboliva|62\/100|[from] item: Sitrus Berry\n|\n|upkeep\n|turn|12\n|\n|t:|1698259856\n|move|p1a: Gengar|Psychic|p2a: Arboliva\n|-damage|p2a: Arboliva|41\/100\n|move|p2a: Arboliva|Leech Seed|p1a: Gengar\n|-start|p1a: Gengar|move: Leech Seed\n|\n|-damage|p1a: Gengar|51\/100|[from] Leech Seed|[of] p2a: Arboliva\n|-heal|p2a: Arboliva|51\/100|[silent]\n|-item|p2a: Arboliva|Sitrus Berry|[from] ability: Harvest\n|upkeep\n|turn|13\n|\n|t:|1698259893\n|switch|p1a: Talonflame|Talonflame, M|100\/100\n|move|p2a: Arboliva|Strength Sap|p1a: Talonflame\n|-unboost|p1a: Talonflame|atk|1\n|-heal|p2a: Arboliva|100\/100\n|\n|upkeep\n|turn|14\n|\n|t:|1698259903\n|move|p1a: Talonflame|Flamethrower|p2a: Arboliva\n|-damage|p2a: Arboliva|79\/100\n|move|p2a: Arboliva|Hyper Voice|p1a: Talonflame\n|-damage|p1a: Talonflame|19\/100\n|\n|upkeep\n|turn|15\n|\n|t:|1698259917\n|move|p1a: Talonflame|Defog|p2a: Arboliva\n|-unboost|p2a: Arboliva|evasion|1\n|-sideend|p2: Klitschkuh|Stealth Rock|[from] move: Defog|[of] p1a: Talonflame\n|-sideend|p1: setofleischer|Stealth Rock|[from] move: Defog|[of] p1a: Talonflame\n|move|p2a: Arboliva|Leech Seed|p1a: Talonflame|[miss]\n|-miss|p2a: Arboliva|p1a: Talonflame\n|\n|upkeep\n|turn|16\n|\n|t:|1698259930\n|move|p1a: Talonflame|Brave Bird|p2a: Arboliva\n|-damage|p2a: Arboliva|54\/100\n|-damage|p1a: Talonflame|9\/100|[from] Recoil\n|move|p2a: Arboliva|Leech Seed|p1a: Talonflame\n|-start|p1a: Talonflame|move: Leech Seed\n|\n|-damage|p1a: Talonflame|0 fnt|[from] Leech Seed|[of] p2a: Arboliva\n|-heal|p2a: Arboliva|61\/100|[silent]\n|faint|p1a: Talonflame\n|upkeep\n|\n|t:|1698259967\n|switch|p1a: Urshifu|Urshifu-Rapid-Strike, F|100\/100\n|turn|17\n|\n|t:|1698259982\n|switch|p2a: Weezing|Weezing-Galar, M|81\/100\n|move|p1a: Urshifu|Surging Strikes|p2a: Weezing\n|-crit|p2a: Weezing\n|-damage|p2a: Weezing|65\/100\n|-crit|p2a: Weezing\n|-damage|p2a: Weezing|51\/100\n|-crit|p2a: Weezing\n|-damage|p2a: Weezing|35\/100\n|-hitcount|p2a: Weezing|3\n|\n|upkeep\n|turn|18\n|\n|t:|1698260024\n|move|p1a: Urshifu|Surging Strikes|p2a: Weezing\n|-crit|p2a: Weezing\n|-damage|p2a: Weezing|21\/100\n|-crit|p2a: Weezing\n|-damage|p2a: Weezing|7\/100\n|-crit|p2a: Weezing\n|-damage|p2a: Weezing|0 fnt\n|faint|p2a: Weezing\n|-hitcount|p2: Weezing|3\n|\n|upkeep\n|\n|t:|1698260050\n|switch|p2a: Thundurus|Thundurus-Therian, M|100\/100\n|turn|19\n|\n|t:|1698260069\n|switch|p1a: Gengar|Gengar, M|51\/100\n|move|p2a: Thundurus|Volt Switch|p1a: Gengar\n|-damage|p1a: Gengar|0 fnt\n|-start|p2a: Thundurus|Disable|Volt Switch|[from] ability: Cursed Body|[of] p1a: Gengar\n|faint|p1a: Gengar\n|\n|t:|1698260104\n|switch|p2a: Conkeldurr|Conkeldurr, M|100\/100|[from] Volt Switch\n|\n|-status|p2a: Conkeldurr|brn|[from] item: Flame Orb\n|upkeep\n|\n|t:|1698260109\n|switch|p1a: Urshifu|Urshifu-Rapid-Strike, F|100\/100\n|turn|20\n|\n|t:|1698260130\n|move|p1a: Urshifu|Surging Strikes|p2a: Conkeldurr\n|-crit|p2a: Conkeldurr\n|-damage|p2a: Conkeldurr|81\/100 brn\n|-crit|p2a: Conkeldurr\n|-damage|p2a: Conkeldurr|62\/100 brn\n|-crit|p2a: Conkeldurr\n|-damage|p2a: Conkeldurr|42\/100 brn\n|-hitcount|p2a: Conkeldurr|3\n|move|p2a: Conkeldurr|Drain Punch|p1a: Urshifu\n|-damage|p1a: Urshifu|33\/100\n|-heal|p2a: Conkeldurr|71\/100 brn|[from] drain|[of] p1a: Urshifu\n|\n|-damage|p2a: Conkeldurr|65\/100 brn|[from] brn\n|upkeep\n|turn|21\n|\n|t:|1698260156\n|move|p1a: Urshifu|Surging Strikes|p2a: Conkeldurr\n|-crit|p2a: Conkeldurr\n|-damage|p2a: Conkeldurr|47\/100 brn\n|-crit|p2a: Conkeldurr\n|-damage|p2a: Conkeldurr|27\/100 brn\n|-crit|p2a: Conkeldurr\n|-damage|p2a: Conkeldurr|8\/100 brn\n|-hitcount|p2a: Conkeldurr|3\n|move|p2a: Conkeldurr|Drain Punch|p1a: Urshifu\n|-damage|p1a: Urshifu|0 fnt\n|-heal|p2a: Conkeldurr|22\/100 brn|[from] drain|[of] p1a: Urshifu\n|faint|p1a: Urshifu\n|\n|-damage|p2a: Conkeldurr|16\/100 brn|[from] brn\n|upkeep\n|c|\u2606setofleischer|gg\n|\n|t:|1698260168\n|switch|p1a: Weavile|Weavile, M|100\/100\n|-ability|p1a: Weavile|Pressure\n|turn|22\n|\n|t:|1698260178\n|move|p2a: Conkeldurr|Mach Punch|p1a: Weavile\n|-supereffective|p1a: Weavile\n|-enditem|p1a: Weavile|Focus Sash\n|-damage|p1a: Weavile|1\/100\n|move|p1a: Weavile|Knock Off|p2a: Conkeldurr\n|-resisted|p2a: Conkeldurr\n|-damage|p2a: Conkeldurr|0 fnt\n|-enditem|p2a: Conkeldurr|Flame Orb|[from] move: Knock Off|[of] p1a: Weavile\n|faint|p2a: Conkeldurr\n|\n|upkeep\n|\n|t:|1698260191\n|switch|p2a: Iron Bundle|Iron Bundle|100\/100\n|turn|23\n|\n|t:|1698260198\n|move|p1a: Weavile|Ice Shard|p2a: Iron Bundle\n|-resisted|p2a: Iron Bundle\n|-damage|p2a: Iron Bundle|95\/100\n|move|p2a: Iron Bundle|Ice Beam|p1a: Weavile\n|-resisted|p1a: Weavile\n|-damage|p1a: Weavile|0 fnt\n|faint|p1a: Weavile\n|\n|win|Klitschkuh\n|c| EnOfFla|Dickes Gg\n|c|\u2606setofleischer|gg\n|c|\u2606Klitschkuh|Gg\n|l|\u2606setofleischer\n|l|\u2606Klitschkuh\n|c| dave1200|g\n|l| EnOfFla\n|l| dave1200\n|l| Cheikhlock Holmes\n|j|\u2606Klitschkuh\n|player|p2|Klitschkuh|169\n","uploadtime":1698260267,"views":41,"p1id":"setofleischer","p2id":"klitschkuh","formatid":"gen9anythinggoes","rating":0,"private":0,"password":""}