{"id":"gen9anythinggoes-1999048949","p1":"wariocentral_YT","p2":"Retrodon2055","format":"[Gen 9] Anything Goes","log":"|j|\u2606wariocentral_YT\n|j|\u2606Retrodon2055\n|t:|1701027667\n|gametype|singles\n|player|p1|wariocentral_YT|wattson|1030\n|player|p2|Retrodon2055|265|1224\n|teamsize|p1|6\n|teamsize|p2|6\n|gen|9\n|tier|[Gen 9] Anything Goes\n|rated|\n|rule|HP Percentage Mod: HP is shown in percentages\n|rule|Endless Battle Clause: Forcing endless battles is banned\n|clearpoke\n|poke|p1|Wooper, M|\n|poke|p1|Wooper, F|\n|poke|p1|Wooper, M|\n|poke|p1|Wooper, M|\n|poke|p1|Wooper, M|\n|poke|p1|Wooper, F|\n|poke|p2|Skeledirge, M|\n|poke|p2|Espathra, F|\n|poke|p2|Baxcalibur, M|\n|poke|p2|Kilowattrel, F|\n|poke|p2|Palafin, M|\n|poke|p2|Tinkaton, F|\n|teampreview\n|c|\u2606wariocentral_YT|woopa\n|\n|t:|1701027676\n|start\n|switch|p1a: manchester|Wooper, M|100\/100\n|switch|p2a: Baxcalibur|Baxcalibur, M|100\/100\n|turn|1\n|\n|t:|1701027685\n|move|p2a: Baxcalibur|Dragon Dance|p2a: Baxcalibur\n|-boost|p2a: Baxcalibur|atk|1\n|-boost|p2a: Baxcalibur|spe|1\n|move|p1a: manchester|Earthquake|p2a: Baxcalibur\n|-damage|p2a: Baxcalibur|75\/100\n|\n|upkeep\n|turn|2\n|\n|t:|1701027691\n|move|p2a: Baxcalibur|Icicle Crash|p1a: manchester|[miss]\n|-miss|p2a: Baxcalibur|p1a: manchester\n|move|p1a: manchester|Blizzard|p2a: Baxcalibur\n|-damage|p2a: Baxcalibur|68\/100\n|\n|upkeep\n|turn|3\n|\n|t:|1701027697\n|move|p2a: Baxcalibur|Icicle Crash|p1a: manchester\n|-damage|p1a: manchester|34\/100\n|move|p1a: manchester|Earthquake|p2a: Baxcalibur\n|-damage|p2a: Baxcalibur|46\/100\n|\n|upkeep\n|turn|4\n|\n|t:|1701027704\n|move|p2a: Baxcalibur|Icicle Crash|p1a: manchester\n|-damage|p1a: manchester|0 fnt\n|faint|p1a: manchester\n|\n|upkeep\n|\n|t:|1701027708\n|switch|p1a: pinky|Wooper, F, shiny|100\/100\n|turn|5\n|\n|t:|1701027713\n|move|p2a: Baxcalibur|Icicle Crash|p1a: pinky|[miss]\n|-miss|p2a: Baxcalibur|p1a: pinky\n|move|p1a: pinky|Earthquake|p2a: Baxcalibur\n|-damage|p2a: Baxcalibur|24\/100\n|\n|upkeep\n|turn|6\n|\n|t:|1701027719\n|move|p2a: Baxcalibur|Icicle Crash|p1a: pinky\n|-damage|p1a: pinky|28\/100\n|move|p1a: pinky|Earthquake|p2a: Baxcalibur\n|-damage|p2a: Baxcalibur|0 fnt\n|faint|p2a: Baxcalibur\n|\n|upkeep\n|\n|t:|1701027727\n|switch|p2a: Skeledirge|Skeledirge, M|100\/100\n|turn|7\n|\n|t:|1701027731\n|move|p2a: Skeledirge|Will-O-Wisp|p1a: pinky|[miss]\n|-miss|p2a: Skeledirge|p1a: pinky\n|move|p1a: pinky|Hydro Pump|p2a: Skeledirge\n|-supereffective|p2a: Skeledirge\n|-damage|p2a: Skeledirge|69\/100\n|\n|upkeep\n|turn|8\n|\n|t:|1701027736\n|move|p2a: Skeledirge|Will-O-Wisp|p1a: pinky|[miss]\n|-miss|p2a: Skeledirge|p1a: pinky\n|move|p1a: pinky|Hydro Pump|p2a: Skeledirge\n|-supereffective|p2a: Skeledirge\n|-damage|p2a: Skeledirge|36\/100\n|\n|upkeep\n|turn|9\n|\n|t:|1701027739\n|move|p2a: Skeledirge|Will-O-Wisp|p1a: pinky\n|-status|p1a: pinky|brn\n|move|p1a: pinky|Hydro Pump|p2a: Skeledirge\n|-supereffective|p2a: Skeledirge\n|-damage|p2a: Skeledirge|1\/100\n|\n|-damage|p1a: pinky|22\/100 brn|[from] brn\n|upkeep\n|turn|10\n|\n|t:|1701027747\n|switch|p2a: Tinkaton|Tinkaton, F|100\/100\n|-ability|p2a: Tinkaton|Mold Breaker\n|move|p1a: pinky|Hydro Pump|p2a: Tinkaton\n|-damage|p2a: Tinkaton|91\/100\n|\n|-damage|p1a: pinky|16\/100 brn|[from] brn\n|upkeep\n|turn|11\n|-message|Retrodon2055 forfeited.\n|\n|win|wariocentral_YT\n|raw|wariocentral_YT's rating: 1030 &rarr; <strong>1083<\/strong><br \/>(+53 for winning)\n|raw|Retrodon2055's rating: 1224 &rarr; <strong>1186<\/strong><br \/>(-38 for losing)\n|l|\u2606Retrodon2055\n|c|\u2606wariocentral_YT|gg\n","uploadtime":1701027773,"views":0,"p1id":"wariocentralyt","p2id":"retrodon2055","formatid":"gen9anythinggoes","rating":1083,"private":0,"password":""}