{"id":"gen9anythinggoes-1979329604","p1":"thediscopanda","p2":"Skiddo1234","format":"[Gen 9] Anything Goes","log":"|j|\u2606thediscopanda\n|j|\u2606Skiddo1234\n|t:|1698671921\n|gametype|singles\n|player|p1|thediscopanda|veteran-gen4|1136\n|player|p2|Skiddo1234|n|1122\n|teamsize|p1|6\n|teamsize|p2|6\n|gen|9\n|tier|[Gen 9] Anything Goes\n|rated|\n|rule|HP Percentage Mod: HP is shown in percentages\n|rule|Endless Battle Clause: Forcing endless battles is banned\n|clearpoke\n|poke|p1|Lycanroc, F|\n|poke|p1|Sandslash, F|\n|poke|p1|Shaymin|\n|poke|p1|Qwilfish, M|\n|poke|p1|Grimmsnarl, M|\n|poke|p1|Hippowdon, F|\n|poke|p2|Cyclizar, M|\n|poke|p2|Volbeat, M|\n|poke|p2|Mewtwo|\n|poke|p2|Calyrex-Shadow|\n|poke|p2|Ogerpon-Hearthflame, F|\n|poke|p2|Orthworm, F|\n|teampreview\n|\n|t:|1698671930\n|start\n|switch|p1a: Hippowdon|Hippowdon, F|100\/100\n|switch|p2a: Be careful|Cyclizar, M|100\/100\n|-weather|Sandstorm|[from] ability: Sand Stream|[of] p1a: Hippowdon\n|turn|1\n|\n|t:|1698671937\n|move|p2a: Be careful|Shed Tail|p2a: Be careful\n|-start|p2a: Be careful|Substitute|[from] move: Shed Tail\n|-damage|p2a: Be careful|50\/100\n|\n|t:|1698671942\n|switch|p2a: Uh oh|Volbeat, M|100\/100|[from] Shed Tail\n|move|p1a: Hippowdon|Stealth Rock|p2a: Uh oh\n|-sidestart|p2: Skiddo1234|move: Stealth Rock\n|\n|-weather|Sandstorm|[upkeep]\n|-damage|p2a: Uh oh|95\/100|[from] Sandstorm\n|upkeep\n|turn|2\n|\n|t:|1698671950\n|switch|p1a: Lycanroc|Lycanroc, F|100\/100\n|move|p2a: Uh oh|Tail Glow|p2a: Uh oh\n|-boost|p2a: Uh oh|spa|3\n|\n|-weather|Sandstorm|[upkeep]\n|-damage|p2a: Uh oh|89\/100|[from] Sandstorm\n|upkeep\n|turn|3\n|\n|t:|1698671958\n|move|p2a: Uh oh|Tail Glow|p2a: Uh oh\n|-boost|p2a: Uh oh|spa|3\n|move|p1a: Lycanroc|Swords Dance|p1a: Lycanroc\n|-boost|p1a: Lycanroc|atk|2\n|\n|-weather|Sandstorm|[upkeep]\n|-damage|p2a: Uh oh|83\/100|[from] Sandstorm\n|upkeep\n|turn|4\n|\n|t:|1698671967\n|move|p2a: Uh oh|Baton Pass|p2a: Uh oh\n|\n|t:|1698671970\n|switch|p2a: Calyrex|Calyrex-Shadow|100\/100|[from] Baton Pass\n|-ability|p2a: Calyrex|As One\n|-ability|p2a: Calyrex|Unnerve\n|-damage|p2a: Calyrex|88\/100|[from] Stealth Rock\n|move|p1a: Lycanroc|Swords Dance|p1a: Lycanroc\n|-boost|p1a: Lycanroc|atk|2\n|\n|-weather|Sandstorm|[upkeep]\n|-damage|p2a: Calyrex|82\/100|[from] Sandstorm\n|upkeep\n|turn|5\n|\n|t:|1698671985\n|move|p1a: Lycanroc|Crunch|p2a: Calyrex\n|-supereffective|p2a: Calyrex\n|-end|p2a: Calyrex|Substitute\n|-damage|p1a: Lycanroc|91\/100|[from] item: Life Orb\n|move|p2a: Calyrex|Astral Barrage|p1a: Lycanroc\n|-damage|p1a: Lycanroc|0 fnt\n|faint|p1a: Lycanroc\n|-damage|p2a: Calyrex|72\/100|[from] item: Life Orb\n|\n|-weather|Sandstorm|[upkeep]\n|-damage|p2a: Calyrex|66\/100|[from] Sandstorm\n|upkeep\n|\n|t:|1698671993\n|switch|p1a: Sandslash|Sandslash, F|100\/100\n|turn|6\n|c|\u2606Skiddo1234|gg\n|\n|t:|1698672000\n|move|p1a: Sandslash|Knock Off|p2a: Calyrex\n|-supereffective|p2a: Calyrex\n|-damage|p2a: Calyrex|0 fnt\n|-enditem|p2a: Calyrex|Life Orb|[from] move: Knock Off|[of] p1a: Sandslash\n|faint|p2a: Calyrex\n|-damage|p1a: Sandslash|91\/100|[from] item: Life Orb\n|\n|-weather|Sandstorm|[upkeep]\n|upkeep\n|c|\u2606thediscopanda|assssssss if\n|\n|t:|1698672008\n|switch|p2a: Goodbye|Mewtwo|100\/100\n|-ability|p2a: Goodbye|Unnerve\n|-damage|p2a: Goodbye|88\/100|[from] Stealth Rock\n|turn|7\n|\n|t:|1698672014\n|move|p1a: Sandslash|Leech Life|p2a: Goodbye\n|-supereffective|p2a: Goodbye\n|-damage|p2a: Goodbye|21\/100\n|-heal|p1a: Sandslash|100\/100|[from] drain|[of] p2a: Goodbye\n|-damage|p1a: Sandslash|91\/100|[from] item: Life Orb\n|move|p2a: Goodbye|Psyshock|p1a: Sandslash\n|-damage|p1a: Sandslash|29\/100\n|-damage|p2a: Goodbye|11\/100|[from] item: Life Orb\n|\n|-weather|Sandstorm|[upkeep]\n|-damage|p2a: Goodbye|5\/100|[from] Sandstorm\n|upkeep\n|turn|8\n|\n|t:|1698672025\n|move|p1a: Sandslash|Leech Life|p2a: Goodbye\n|-supereffective|p2a: Goodbye\n|-damage|p2a: Goodbye|0 fnt\n|-heal|p1a: Sandslash|32\/100|[from] drain|[of] p2a: Goodbye\n|faint|p2a: Goodbye\n|-damage|p1a: Sandslash|22\/100|[from] item: Life Orb\n|\n|-weather|none\n|upkeep\n|\n|t:|1698672038\n|switch|p2a: Orthworm|Orthworm, F|100\/100\n|-damage|p2a: Orthworm|94\/100|[from] Stealth Rock\n|turn|9\n|\n|t:|1698672051\n|switch|p1a: Grimmsnarl|Grimmsnarl, M, shiny|100\/100\n|-terastallize|p2a: Orthworm|Electric\n|move|p2a: Orthworm|Body Press|p1a: Grimmsnarl\n|-damage|p1a: Grimmsnarl|70\/100\n|\n|upkeep\n|turn|10\n|\n|t:|1698672061\n|move|p2a: Orthworm|Iron Head|p1a: Grimmsnarl\n|-supereffective|p1a: Grimmsnarl\n|-damage|p1a: Grimmsnarl|0 fnt\n|faint|p1a: Grimmsnarl\n|\n|upkeep\n|\n|t:|1698672066\n|switch|p1a: Shaymin|Shaymin|100\/100\n|turn|11\n|\n|t:|1698672072\n|move|p1a: Shaymin|Healing Wish|p1a: Shaymin\n|faint|p1a: Shaymin\n|move|p2a: Orthworm|Iron Head|p1: Shaymin|[notarget]\n|-fail|p2a: Orthworm\n|\n|upkeep\n|\n|t:|1698672080\n|switch|p1a: Sandslash|Sandslash, F|22\/100\n|-heal|p1a: Sandslash|100\/100|[from] move: Healing Wish\n|turn|12\n|\n|t:|1698672087\n|switch|p1a: Hippowdon|Hippowdon, F|100\/100\n|-weather|Sandstorm|[from] ability: Sand Stream|[of] p1a: Hippowdon\n|move|p2a: Orthworm|Iron Head|p1a: Hippowdon\n|-damage|p1a: Hippowdon|81\/100\n|\n|-weather|Sandstorm|[upkeep]\n|-damage|p2a: Orthworm|88\/100|[from] Sandstorm\n|upkeep\n|turn|13\n|\n|t:|1698672096\n|move|p2a: Orthworm|Body Press|p1a: Hippowdon\n|-damage|p1a: Hippowdon|68\/100\n|move|p1a: Hippowdon|Yawn|p2a: Orthworm\n|-start|p2a: Orthworm|move: Yawn|[of] p1a: Hippowdon\n|\n|-weather|Sandstorm|[upkeep]\n|-damage|p2a: Orthworm|82\/100|[from] Sandstorm\n|upkeep\n|turn|14\n|\n|t:|1698672105\n|switch|p2a: Ogerpon|Ogerpon-Hearthflame, F|100\/100\n|-damage|p2a: Ogerpon|76\/100|[from] Stealth Rock\n|-ability|p2a: Ogerpon|Mold Breaker\n|switch|p1a: Sandslash|Sandslash, F|100\/100\n|\n|-weather|Sandstorm|[upkeep]\n|-damage|p2a: Ogerpon|70\/100|[from] Sandstorm\n|upkeep\n|turn|15\n|\n|t:|1698672115\n|-terastallize|p1a: Sandslash|Dark\n|move|p1a: Sandslash|Swords Dance|p1a: Sandslash\n|-boost|p1a: Sandslash|atk|2\n|move|p2a: Ogerpon|Horn Leech|p1a: Sandslash\n|-damage|p1a: Sandslash|56\/100\n|-heal|p2a: Ogerpon|91\/100|[from] drain|[of] p1a: Sandslash\n|\n|-weather|Sandstorm|[upkeep]\n|-damage|p2a: Ogerpon|85\/100|[from] Sandstorm\n|upkeep\n|turn|16\n|\n|t:|1698672128\n|move|p1a: Sandslash|Earthquake|p2a: Ogerpon\n|-damage|p2a: Ogerpon|0 fnt\n|faint|p2a: Ogerpon\n|-damage|p1a: Sandslash|46\/100|[from] item: Life Orb\n|\n|-weather|Sandstorm|[upkeep]\n|upkeep\n|\n|t:|1698672135\n|switch|p2a: Orthworm|Orthworm, F, tera:Electric|82\/100\n|-damage|p2a: Orthworm|70\/100|[from] Stealth Rock\n|turn|17\n|\n|t:|1698672143\n|move|p1a: Sandslash|Earthquake|p2a: Orthworm\n|-heal|p2a: Orthworm|95\/100|[from] ability: Earth Eater|[of] p1a: Sandslash\n|move|p2a: Orthworm|Iron Head|p1a: Sandslash\n|-damage|p1a: Sandslash|7\/100\n|\n|-weather|Sandstorm|[upkeep]\n|-damage|p2a: Orthworm|89\/100|[from] Sandstorm\n|upkeep\n|turn|18\n|\n|t:|1698672152\n|move|p1a: Sandslash|Leech Life|p2a: Orthworm\n|-damage|p2a: Orthworm|43\/100\n|-heal|p1a: Sandslash|34\/100|[from] drain|[of] p2a: Orthworm\n|-damage|p1a: Sandslash|24\/100|[from] item: Life Orb\n|move|p2a: Orthworm|Iron Head|p1a: Sandslash\n|-damage|p1a: Sandslash|0 fnt\n|faint|p1a: Sandslash\n|\n|-weather|Sandstorm|[upkeep]\n|-damage|p2a: Orthworm|37\/100|[from] Sandstorm\n|upkeep\n|\n|t:|1698672157\n|switch|p1a: Qwilfish|Qwilfish, M|100\/100\n|-ability|p1a: Qwilfish|Intimidate|boost\n|-unboost|p2a: Orthworm|atk|1\n|turn|19\n|\n|t:|1698672167\n|move|p1a: Qwilfish|Gunk Shot|p2a: Orthworm\n|-damage|p2a: Orthworm|10\/100\n|move|p2a: Orthworm|Earthquake|p1a: Qwilfish\n|-supereffective|p1a: Qwilfish\n|-damage|p1a: Qwilfish|67\/100\n|\n|-weather|none\n|upkeep\n|turn|20\n|\n|t:|1698672175\n|move|p1a: Qwilfish|Gunk Shot|p2a: Orthworm|[miss]\n|-miss|p1a: Qwilfish|p2a: Orthworm\n|move|p2a: Orthworm|Earthquake|p1a: Qwilfish\n|-supereffective|p1a: Qwilfish\n|-damage|p1a: Qwilfish|33\/100\n|\n|upkeep\n|turn|21\n|\n|t:|1698672183\n|move|p1a: Qwilfish|Flip Turn|p2a: Orthworm\n|-damage|p2a: Orthworm|0 fnt\n|faint|p2a: Orthworm\n|\n|t:|1698672187\n|switch|p1a: Hippowdon|Hippowdon, F|68\/100|[from] Flip Turn\n|-weather|Sandstorm|[from] ability: Sand Stream|[of] p1a: Hippowdon\n|\n|-weather|Sandstorm|[upkeep]\n|upkeep\n|\n|t:|1698672192\n|switch|p2a: Be careful|Cyclizar, M|83\/100\n|-damage|p2a: Be careful|71\/100|[from] Stealth Rock\n|turn|22\n|\n|t:|1698672198\n|move|p2a: Be careful|Aqua Tail|p1a: Hippowdon\n|-supereffective|p1a: Hippowdon\n|-damage|p1a: Hippowdon|42\/100\n|move|p1a: Hippowdon|Yawn|p2a: Be careful\n|-start|p2a: Be careful|move: Yawn|[of] p1a: Hippowdon\n|\n|-weather|Sandstorm|[upkeep]\n|-damage|p2a: Be careful|65\/100|[from] Sandstorm\n|upkeep\n|turn|23\n|\n|t:|1698672208\n|move|p2a: Be careful|Aqua Tail|p1a: Hippowdon\n|-supereffective|p1a: Hippowdon\n|-damage|p1a: Hippowdon|14\/100\n|move|p1a: Hippowdon|Slack Off|p1a: Hippowdon\n|-heal|p1a: Hippowdon|64\/100\n|\n|-weather|Sandstorm|[upkeep]\n|-damage|p2a: Be careful|59\/100|[from] Sandstorm\n|-end|p2a: Be careful|move: Yawn|[silent]\n|-status|p2a: Be careful|slp\n|upkeep\n|turn|24\n|\n|t:|1698672218\n|switch|p2a: Uh oh|Volbeat, M|83\/100\n|-damage|p2a: Uh oh|58\/100|[from] Stealth Rock\n|move|p1a: Hippowdon|Earthquake|p2a: Uh oh\n|-resisted|p2a: Uh oh\n|-damage|p2a: Uh oh|30\/100\n|\n|-weather|Sandstorm|[upkeep]\n|-damage|p2a: Uh oh|24\/100|[from] Sandstorm\n|upkeep\n|turn|25\n|\n|t:|1698672230\n|move|p2a: Uh oh|Bug Buzz|p1a: Hippowdon\n|-damage|p1a: Hippowdon|36\/100\n|move|p1a: Hippowdon|Earthquake|p2a: Uh oh\n|-resisted|p2a: Uh oh\n|-damage|p2a: Uh oh|0 fnt\n|faint|p2a: Uh oh\n|\n|-weather|Sandstorm|[upkeep]\n|upkeep\n|\n|t:|1698672241\n|switch|p2a: Be careful|Cyclizar, M|92\/100 slp\n|-damage|p2a: Be careful|80\/100 slp|[from] Stealth Rock\n|turn|26\n|\n|t:|1698672246\n|cant|p2a: Be careful|slp\n|move|p1a: Hippowdon|Slack Off|p1a: Hippowdon\n|-heal|p1a: Hippowdon|86\/100\n|\n|-weather|Sandstorm|[upkeep]\n|-damage|p2a: Be careful|73\/100 slp|[from] Sandstorm\n|upkeep\n|turn|27\n|\n|t:|1698672252\n|cant|p2a: Be careful|slp\n|move|p1a: Hippowdon|Earthquake|p2a: Be careful\n|-damage|p2a: Be careful|6\/100 slp\n|\n|-weather|Sandstorm|[upkeep]\n|-damage|p2a: Be careful|0 fnt|[from] Sandstorm\n|faint|p2a: Be careful\n|\n|win|thediscopanda\n|upkeep\n|raw|thediscopanda's rating: 1136 &rarr; <strong>1160<\/strong><br \/>(+24 for winning)\n|raw|Skiddo1234's rating: 1122 &rarr; <strong>1098<\/strong><br \/>(-24 for losing)\n|l|\u2606Skiddo1234\n|c|\u2606thediscopanda|ggs\n","uploadtime":1698672270,"views":16,"p1id":"thediscopanda","p2id":"skiddo1234","formatid":"gen9anythinggoes","rating":1098,"private":0,"password":""}