{"id":"gen9anythinggoes-1973243285","p1":"fleeblefloop","p2":"Lican_n","format":"[Gen 9] Anything Goes","log":"|j|\u2606fleeblefloop\n|j|\u2606Lican_n\n|t:|1697943557\n|gametype|singles\n|player|p1|fleeblefloop|170|1199\n|player|p2|Lican_n|266|1304\n|teamsize|p1|6\n|teamsize|p2|6\n|gen|9\n|tier|[Gen 9] Anything Goes\n|rated|\n|rule|HP Percentage Mod: HP is shown in percentages\n|rule|Endless Battle Clause: Forcing endless battles is banned\n|clearpoke\n|poke|p1|Basculegion, M|\n|poke|p1|Chansey, F|\n|poke|p1|Revavroom, M|\n|poke|p1|Eelektross, F|\n|poke|p1|Decidueye-Hisui, F|\n|poke|p1|Sandy Shocks|\n|poke|p2|Vaporeon, F|\n|poke|p2|Lycanroc-Dusk, F|\n|poke|p2|Koraidon|\n|poke|p2|Breloom, M|\n|poke|p2|Glimmora, F|\n|poke|p2|Skeledirge, F|\n|teampreview\n|\n|t:|1697943569\n|start\n|switch|p1a: Decidueye|Decidueye-Hisui, F|100\/100\n|switch|p2a: Glimmora|Glimmora, F|100\/100\n|turn|1\n|\n|t:|1697943584\n|move|p2a: Glimmora|Stealth Rock|p1a: Decidueye\n|-sidestart|p1: fleeblefloop|move: Stealth Rock\n|move|p1a: Decidueye|Bulk Up|p1a: Decidueye\n|-boost|p1a: Decidueye|atk|1\n|-boost|p1a: Decidueye|def|1\n|\n|upkeep\n|turn|2\n|\n|t:|1697943597\n|move|p2a: Glimmora|Spikes|p1a: Decidueye\n|-sidestart|p1: fleeblefloop|Spikes\n|move|p1a: Decidueye|Triple Arrows|p2a: Glimmora\n|-damage|p2a: Glimmora|10\/100\n|-unboost|p2a: Glimmora|def|1\n|-activate|p2a: Glimmora|ability: Toxic Debris\n|-sidestart|p1: fleeblefloop|move: Toxic Spikes\n|\n|upkeep\n|turn|3\n|\n|t:|1697943607\n|move|p2a: Glimmora|Spiky Shield|p2a: Glimmora\n|-singleturn|p2a: Glimmora|move: Protect\n|move|p1a: Decidueye|Triple Arrows|p2a: Glimmora\n|-activate|p2a: Glimmora|move: Protect\n|\n|upkeep\n|turn|4\n|\n|t:|1697943616\n|move|p2a: Glimmora|Power Gem|p1a: Decidueye\n|-resisted|p1a: Decidueye\n|-damage|p1a: Decidueye|83\/100\n|move|p1a: Decidueye|Triple Arrows|p2a: Glimmora\n|-damage|p2a: Glimmora|0 fnt\n|-activate|p2a: Glimmora|ability: Toxic Debris\n|-sidestart|p1: fleeblefloop|move: Toxic Spikes\n|faint|p2a: Glimmora\n|\n|upkeep\n|\n|t:|1697943632\n|switch|p2a: Skeledirge|Skeledirge, F|100\/100\n|turn|5\n|\n|t:|1697943637\n|move|p2a: Skeledirge|Will-O-Wisp|p1a: Decidueye\n|-status|p1a: Decidueye|brn\n|move|p1a: Decidueye|Close Combat|p2a: Skeledirge\n|-damage|p2a: Skeledirge|69\/100\n|-unboost|p1a: Decidueye|def|1\n|-unboost|p1a: Decidueye|spd|1\n|\n|-damage|p1a: Decidueye|77\/100 brn|[from] brn\n|upkeep\n|turn|6\n|\n|t:|1697943652\n|move|p2a: Skeledirge|Slack Off|p2a: Skeledirge\n|-heal|p2a: Skeledirge|100\/100\n|move|p1a: Decidueye|Bulk Up|p1a: Decidueye\n|-boost|p1a: Decidueye|atk|1\n|-boost|p1a: Decidueye|def|1\n|\n|-damage|p1a: Decidueye|71\/100 brn|[from] brn\n|upkeep\n|turn|7\n|\n|t:|1697943663\n|move|p2a: Skeledirge|Torch Song|p1a: Decidueye\n|-supereffective|p1a: Decidueye\n|-damage|p1a: Decidueye|17\/100 brn\n|-boost|p2a: Skeledirge|spa|1\n|move|p1a: Decidueye|Triple Arrows|p2a: Skeledirge\n|-damage|p2a: Skeledirge|78\/100\n|-unboost|p2a: Skeledirge|def|1\n|\n|-damage|p1a: Decidueye|11\/100 brn|[from] brn\n|upkeep\n|turn|8\n|\n|t:|1697943675\n|move|p2a: Skeledirge|Slack Off|p2a: Skeledirge\n|-heal|p2a: Skeledirge|100\/100\n|move|p1a: Decidueye|Triple Arrows|p2a: Skeledirge\n|-damage|p2a: Skeledirge|65\/100\n|\n|-damage|p1a: Decidueye|5\/100 brn|[from] brn\n|upkeep\n|turn|9\n|\n|t:|1697943686\n|move|p2a: Skeledirge|Slack Off|p2a: Skeledirge\n|-heal|p2a: Skeledirge|100\/100\n|move|p1a: Decidueye|Triple Arrows|p2a: Skeledirge\n|-damage|p2a: Skeledirge|67\/100\n|-unboost|p2a: Skeledirge|def|1\n|\n|-damage|p1a: Decidueye|0 fnt|[from] brn\n|faint|p1a: Decidueye\n|upkeep\n|\n|t:|1697943696\n|switch|p1a: Sandy Shocks|Sandy Shocks|100\/100\n|turn|10\n|\n|t:|1697943708\n|switch|p2a: Breloom|Breloom, M|100\/100\n|move|p1a: Sandy Shocks|Earth Power|p2a: Breloom\n|-resisted|p2a: Breloom\n|-damage|p2a: Breloom|54\/100\n|\n|-status|p2a: Breloom|tox|[from] item: Toxic Orb\n|upkeep\n|turn|11\n|\n|t:|1697943720\n|move|p1a: Sandy Shocks|Volt Switch|p2a: Breloom\n|-resisted|p2a: Breloom\n|-damage|p2a: Breloom|19\/100 tox\n|\n|t:|1697943726\n|-end|p1a: Sandy Shocks|Protosynthesis|[silent]\n|switch|p1a: Revavroom|Revavroom, M|100\/100|[from] Volt Switch\n|-damage|p1a: Revavroom|95\/100|[from] Stealth Rock\n|-damage|p1a: Revavroom|82\/100|[from] Spikes\n|-sideend|p1: fleeblefloop|move: Toxic Spikes|[of] p1a: Revavroom\n|move|p2a: Breloom|Leech Seed|p1a: Revavroom\n|-start|p1a: Revavroom|move: Leech Seed\n|\n|-damage|p1a: Revavroom|70\/100|[from] Leech Seed|[of] p2a: Breloom\n|-heal|p2a: Breloom|33\/100 tox|[silent]\n|-heal|p2a: Breloom|45\/100 tox|[from] ability: Poison Heal\n|upkeep\n|turn|12\n|\n|t:|1697943744\n|move|p1a: Revavroom|Gunk Shot|p2a: Breloom|[miss]\n|-miss|p1a: Revavroom|p2a: Breloom\n|move|p2a: Breloom|Spore|p1a: Revavroom\n|-status|p1a: Revavroom|slp|[from] move: Spore\n|\n|-damage|p1a: Revavroom|58\/100 slp|[from] Leech Seed|[of] p2a: Breloom\n|-heal|p2a: Breloom|59\/100 tox|[silent]\n|-heal|p2a: Breloom|71\/100 tox|[from] ability: Poison Heal\n|upkeep\n|turn|13\n|\n|t:|1697943766\n|switch|p2a: Skeledirge|Skeledirge, F|67\/100\n|cant|p1a: Revavroom|slp\n|\n|-damage|p1a: Revavroom|45\/100 slp|[from] Leech Seed|[of] p2a: Skeledirge\n|-heal|p2a: Skeledirge|77\/100|[silent]\n|upkeep\n|turn|14\n|\n|t:|1697943776\n|switch|p1a: Sandy Shocks|Sandy Shocks|100\/100\n|move|p2a: Skeledirge|Torch Song|p1a: Sandy Shocks\n|-damage|p1a: Sandy Shocks|65\/100\n|-boost|p2a: Skeledirge|spa|1\n|\n|upkeep\n|turn|15\n|\n|t:|1697943803\n|switch|p2a: Koraidon|Koraidon|100\/100\n|-weather|SunnyDay|[from] ability: Orichalcum Pulse|[of] p2a: Koraidon\n|-activate|p1a: Sandy Shocks|ability: Protosynthesis\n|-start|p1a: Sandy Shocks|protosynthesisspa\n|-activate|p2a: Koraidon|Orichalcum Pulse|[source]\n|-terastallize|p1a: Sandy Shocks|Fairy\n|move|p1a: Sandy Shocks|Tera Blast|p2a: Koraidon|[anim] Tera Blast Fairy\n|-supereffective|p2a: Koraidon\n|-damage|p2a: Koraidon|0 fnt\n|faint|p2a: Koraidon\n|\n|-weather|SunnyDay|[upkeep]\n|upkeep\n|\n|t:|1697943808\n|switch|p2a: Lycanroc|Lycanroc-Dusk, F|100\/100\n|turn|16\n|\n|t:|1697943824\n|move|p2a: Lycanroc|Accelerock|p1a: Sandy Shocks\n|-damage|p1a: Sandy Shocks|25\/100\n|move|p1a: Sandy Shocks|Earth Power|p2a: Lycanroc\n|-supereffective|p2a: Lycanroc\n|-crit|p2a: Lycanroc\n|-damage|p2a: Lycanroc|0 fnt\n|faint|p2a: Lycanroc\n|\n|-weather|SunnyDay|[upkeep]\n|upkeep\n|\n|t:|1697943828\n|switch|p2a: Breloom|Breloom, M|71\/100 tox\n|turn|17\n|\n|t:|1697943833\n|move|p1a: Sandy Shocks|Tera Blast|p2a: Breloom|[anim] Tera Blast Fairy\n|-supereffective|p2a: Breloom\n|-damage|p2a: Breloom|0 fnt\n|faint|p2a: Breloom\n|\n|-weather|SunnyDay|[upkeep]\n|upkeep\n|\n|t:|1697943837\n|switch|p2a: Vaporeon|Vaporeon, F|100\/100\n|turn|18\n|\n|t:|1697943843\n|move|p1a: Sandy Shocks|Volt Switch|p2a: Vaporeon\n|-supereffective|p2a: Vaporeon\n|-damage|p2a: Vaporeon|34\/100\n|\n|t:|1697943849\n|-end|p1a: Sandy Shocks|Protosynthesis|[silent]\n|switch|p1a: Eelektross|Eelektross, F|100\/100|[from] Volt Switch\n|-damage|p1a: Eelektross|88\/100|[from] Stealth Rock\n|move|p2a: Vaporeon|Surf|p1a: Eelektross\n|-damage|p1a: Eelektross|73\/100\n|\n|-weather|SunnyDay|[upkeep]\n|-heal|p2a: Vaporeon|40\/100|[from] item: Leftovers\n|upkeep\n|turn|19\n|\n|t:|1697943861\n|move|p2a: Vaporeon|Wish|p2a: Vaporeon\n|move|p1a: Eelektross|Wild Charge|p2a: Vaporeon\n|-supereffective|p2a: Vaporeon\n|-damage|p2a: Vaporeon|0 fnt\n|faint|p2a: Vaporeon\n|-damage|p1a: Eelektross|63\/100|[from] Recoil\n|\n|-weather|none\n|upkeep\n|\n|t:|1697943870\n|switch|p2a: Skeledirge|Skeledirge, F|77\/100\n|turn|20\n|\n|t:|1697943875\n|move|p2a: Skeledirge|Will-O-Wisp|p1a: Eelektross\n|-status|p1a: Eelektross|brn\n|move|p1a: Eelektross|U-turn|p2a: Skeledirge\n|-resisted|p2a: Skeledirge\n|-damage|p2a: Skeledirge|74\/100\n|\n|t:|1697943881\n|switch|p1a: Sandy Shocks|Sandy Shocks, tera:Fairy|25\/100|[from] U-turn\n|\n|-heal|p2a: Skeledirge|100\/100|[from] move: Wish|[wisher] Vaporeon\n|upkeep\n|turn|21\n|\n|t:|1697943895\n|move|p1a: Sandy Shocks|Earth Power|p2a: Skeledirge\n|-supereffective|p2a: Skeledirge\n|-damage|p2a: Skeledirge|26\/100\n|move|p2a: Skeledirge|Torch Song|p1a: Sandy Shocks\n|-damage|p1a: Sandy Shocks|0 fnt\n|-boost|p2a: Skeledirge|spa|1\n|faint|p1a: Sandy Shocks\n|-end|p1a: Sandy Shocks|Protosynthesis|[silent]\n|\n|upkeep\n|\n|t:|1697943908\n|switch|p1a: Revavroom|Revavroom, M|45\/100 slp\n|-damage|p1a: Revavroom|39\/100 slp|[from] Stealth Rock\n|-damage|p1a: Revavroom|27\/100 slp|[from] Spikes\n|turn|22\n|\n|t:|1697943918\n|-terastallize|p2a: Skeledirge|Water\n|cant|p1a: Revavroom|slp\n|move|p2a: Skeledirge|Slack Off|p2a: Skeledirge\n|-heal|p2a: Skeledirge|77\/100\n|\n|upkeep\n|turn|23\n|\n|t:|1697943934\n|-curestatus|p1a: Revavroom|slp|[msg]\n|move|p1a: Revavroom|Gunk Shot|p2a: Skeledirge\n|-damage|p2a: Skeledirge|8\/100\n|-status|p2a: Skeledirge|psn\n|-damage|p1a: Revavroom|17\/100|[from] item: Life Orb\n|move|p2a: Skeledirge|Torch Song|p1a: Revavroom\n|-supereffective|p1a: Revavroom\n|-damage|p1a: Revavroom|0 fnt\n|-boost|p2a: Skeledirge|spa|1\n|faint|p1a: Revavroom\n|\n|-damage|p2a: Skeledirge|0 fnt|[from] psn\n|faint|p2a: Skeledirge\n|\n|win|fleeblefloop\n|upkeep\n|raw|fleeblefloop's rating: 1199 &rarr; <strong>1231<\/strong><br \/>(+32 for winning)\n|raw|Lican_n's rating: 1304 &rarr; <strong>1278<\/strong><br \/>(-26 for losing)\n|l|\u2606Lican_n\n","uploadtime":1697943952,"views":11,"p1id":"fleeblefloop","p2id":"licann","formatid":"gen9anythinggoes","rating":1231,"private":0,"password":""}