{"id":"gen9anythinggoes-1984782769","p1":"Red Krow","p2":"mimizukii","format":"[Gen 9] Anything Goes","log":"|j|\u2606Red Krow\n|j|\u2606mimizukii\n|t:|1699298613\n|gametype|singles\n|player|p1|Red Krow|elesa|\n|player|p2|mimizukii|caitlin|\n|teamsize|p1|6\n|teamsize|p2|6\n|gen|9\n|tier|[Gen 9] Anything Goes\n|rule|HP Percentage Mod: HP is shown in percentages\n|rule|Endless Battle Clause: Forcing endless battles is banned\n|clearpoke\n|poke|p1|Gallade, M|\n|poke|p1|Empoleon, F|\n|poke|p1|Avalugg, F|\n|poke|p1|Rotom-Mow|\n|poke|p1|Ribombee, F|\n|poke|p1|Iron Moth|\n|poke|p2|Zapdos|\n|poke|p2|Pelipper, F|\n|poke|p2|Lurantis, F|\n|poke|p2|Milotic, M|\n|poke|p2|Sneasler, M|\n|poke|p2|Overqwil, F|\n|teampreview\n|c|\u2606Red Krow|GL HF\n|c|\u2606mimizukii|GLLL\n|c|\u2606mimizukii|pasame el link\n|c|\u2606mimizukii|:>\n|j| victorintre\n|c|\u2606Red Krow|Done\n|c|\u2606mimizukii|cuando quiera\n|\n|t:|1699298724\n|start\n|switch|p1a: Eva Hache|Avalugg, F|100\/100\n|switch|p2a: Shelly|Lurantis, F|100\/100\n|turn|1\n|\n|t:|1699298768\n|-terastallize|p2a: Shelly|Fire\n|-terastallize|p1a: Eva Hache|Fighting\n|move|p2a: Shelly|Superpower|p1a: Eva Hache\n|-damage|p1a: Eva Hache|79\/100\n|-boost|p2a: Shelly|atk|1\n|-boost|p2a: Shelly|def|1\n|move|p1a: Eva Hache|Body Press|p2a: Shelly\n|-damage|p2a: Shelly|66\/100\n|\n|upkeep\n|turn|2\n|\n|t:|1699298795\n|switch|p2a: Betih|Pelipper, F, shiny|100\/100\n|-weather|RainDance|[from] ability: Drizzle|[of] p2a: Betih\n|switch|p1a: La yerbas|Rotom-Mow, shiny|100\/100\n|\n|-weather|RainDance|[upkeep]\n|upkeep\n|turn|3\n|\n|t:|1699298815\n|switch|p2a: Z\/Z2|Zapdos|100\/100\n|move|p1a: La yerbas|Volt Switch|p2a: Z\/Z2\n|-damage|p2a: Z\/Z2|62\/100\n|\n|t:|1699298852\n|switch|p1a: Volcar-oh no|Iron Moth|100\/100|[from] Volt Switch\n|\n|-weather|RainDance|[upkeep]\n|-heal|p2a: Z\/Z2|68\/100|[from] item: Leftovers\n|upkeep\n|turn|4\n|\n|t:|1699298863\n|move|p2a: Z\/Z2|Protect|p2a: Z\/Z2\n|-singleturn|p2a: Z\/Z2|Protect\n|move|p1a: Volcar-oh no|Charge Beam|p2a: Z\/Z2\n|-activate|p2a: Z\/Z2|move: Protect\n|\n|-weather|RainDance|[upkeep]\n|-heal|p2a: Z\/Z2|75\/100|[from] item: Leftovers\n|upkeep\n|turn|5\n|\n|t:|1699298901\n|move|p1a: Volcar-oh no|Sludge Wave|p2a: Z\/Z2\n|-damage|p2a: Z\/Z2|5\/100\n|move|p2a: Z\/Z2|Roost|p2a: Z\/Z2\n|-heal|p2a: Z\/Z2|55\/100\n|-singleturn|p2a: Z\/Z2|move: Roost\n|\n|-weather|RainDance|[upkeep]\n|-heal|p2a: Z\/Z2|62\/100|[from] item: Leftovers\n|upkeep\n|turn|6\n|j| pepitodecrema\n|\n|t:|1699298909\n|move|p2a: Z\/Z2|Protect|p2a: Z\/Z2\n|-singleturn|p2a: Z\/Z2|Protect\n|move|p1a: Volcar-oh no|Charge Beam|p2a: Z\/Z2\n|-activate|p2a: Z\/Z2|move: Protect\n|\n|-weather|RainDance|[upkeep]\n|-heal|p2a: Z\/Z2|68\/100|[from] item: Leftovers\n|upkeep\n|turn|7\n|c| pepitodecrema|Good luck a amboss\n|\n|t:|1699298927\n|switch|p2a: Ser Spiki|Overqwil, F|100\/100\n|move|p1a: Volcar-oh no|Sludge Wave|p2a: Ser Spiki\n|-resisted|p2a: Ser Spiki\n|-damage|p2a: Ser Spiki|64\/100\n|\n|-weather|RainDance|[upkeep]\n|-heal|p2a: Ser Spiki|70\/100|[from] item: Black Sludge\n|upkeep\n|turn|8\n|\n|t:|1699298946\n|-end|p1a: Volcar-oh no|Quark Drive|[silent]\n|switch|p1a: Eva Hache|Avalugg, F, tera:Fighting|79\/100\n|move|p2a: Ser Spiki|Liquidation|p1a: Eva Hache\n|-damage|p1a: Eva Hache|55\/100\n|-unboost|p1a: Eva Hache|def|1\n|\n|-weather|RainDance|[upkeep]\n|-heal|p2a: Ser Spiki|76\/100|[from] item: Black Sludge\n|upkeep\n|turn|9\n|\n|t:|1699298971\n|move|p2a: Ser Spiki|Liquidation|p1a: Eva Hache\n|-damage|p1a: Eva Hache|18\/100\n|move|p1a: Eva Hache|Recover|p1a: Eva Hache\n|-heal|p1a: Eva Hache|68\/100\n|\n|-weather|none\n|-heal|p2a: Ser Spiki|82\/100|[from] item: Black Sludge\n|upkeep\n|turn|10\n|\n|t:|1699298976\n|switch|p2a: Betih|Pelipper, F, shiny|100\/100\n|-weather|RainDance|[from] ability: Drizzle|[of] p2a: Betih\n|move|p1a: Eva Hache|Recover|p1a: Eva Hache\n|-heal|p1a: Eva Hache|100\/100\n|\n|-weather|RainDance|[upkeep]\n|upkeep\n|turn|11\n|\n|t:|1699298998\n|switch|p1a: Me pica la nuca|Empoleon, F|100\/100\n|move|p2a: Betih|Hurricane|p1a: Me pica la nuca\n|-resisted|p1a: Me pica la nuca\n|-damage|p1a: Me pica la nuca|89\/100\n|\n|-weather|RainDance|[upkeep]\n|upkeep\n|turn|12\n|\n|t:|1699299011\n|move|p2a: Betih|Knock Off|p1a: Me pica la nuca\n|-damage|p1a: Me pica la nuca|75\/100\n|-enditem|p1a: Me pica la nuca|Shed Shell|[from] move: Knock Off|[of] p2a: Betih\n|move|p1a: Me pica la nuca|Stealth Rock|p2a: Betih\n|-sidestart|p2: mimizukii|move: Stealth Rock\n|\n|-weather|RainDance|[upkeep]\n|upkeep\n|turn|13\n|\n|t:|1699299024\n|move|p2a: Betih|U-turn|p1a: Me pica la nuca\n|-resisted|p1a: Me pica la nuca\n|-damage|p1a: Me pica la nuca|70\/100\n|\n|t:|1699299037\n|switch|p2a: Ser Spiki|Overqwil, F|82\/100|[from] U-turn\n|-damage|p2a: Ser Spiki|70\/100|[from] Stealth Rock\n|move|p1a: Me pica la nuca|Knock Off|p2a: Ser Spiki\n|-resisted|p2a: Ser Spiki\n|-damage|p2a: Ser Spiki|61\/100\n|-enditem|p2a: Ser Spiki|Black Sludge|[from] move: Knock Off|[of] p1a: Me pica la nuca\n|\n|-weather|RainDance|[upkeep]\n|upkeep\n|turn|14\n|\n|t:|1699299049\n|switch|p1a: Eva Hache|Avalugg, F, tera:Fighting|100\/100\n|move|p2a: Ser Spiki|Spikes|p1a: Eva Hache\n|-sidestart|p1: Red Krow|Spikes\n|\n|-weather|RainDance|[upkeep]\n|upkeep\n|turn|15\n|\n|t:|1699299056\n|switch|p2a: Betih|Pelipper, F, shiny|100\/100\n|-damage|p2a: Betih|76\/100|[from] Stealth Rock\n|move|p1a: Eva Hache|Rapid Spin|p2a: Betih\n|-damage|p2a: Betih|61\/100\n|-boost|p1a: Eva Hache|spe|1\n|-sideend|p1: Red Krow|Spikes|[from] move: Rapid Spin|[of] p1a: Eva Hache\n|\n|-weather|RainDance|[upkeep]\n|upkeep\n|turn|16\n|\n|t:|1699299069\n|switch|p1a: Me pica la nuca|Empoleon, F|70\/100\n|move|p2a: Betih|Roost|p2a: Betih\n|-heal|p2a: Betih|100\/100\n|-singleturn|p2a: Betih|move: Roost\n|\n|-weather|RainDance|[upkeep]\n|upkeep\n|turn|17\n|\n|t:|1699299078\n|move|p2a: Betih|U-turn|p1a: Me pica la nuca\n|-resisted|p1a: Me pica la nuca\n|-damage|p1a: Me pica la nuca|65\/100\n|\n|t:|1699299084\n|switch|p2a: T-Swizzle|Sneasler, M|100\/100|[from] U-turn\n|move|p1a: Me pica la nuca|Surf|p2a: T-Swizzle\n|-damage|p2a: T-Swizzle|26\/100\n|\n|-weather|none\n|upkeep\n|turn|18\n|\n|t:|1699299094\n|switch|p1a: Eva Hache|Avalugg, F, tera:Fighting|100\/100\n|move|p2a: T-Swizzle|Close Combat|p1a: Eva Hache\n|-damage|p1a: Eva Hache|66\/100\n|-unboost|p2a: T-Swizzle|def|1\n|-unboost|p2a: T-Swizzle|spd|1\n|\n|upkeep\n|turn|19\n|\n|t:|1699299109\n|switch|p2a: Betih|Pelipper, F, shiny|100\/100\n|-damage|p2a: Betih|76\/100|[from] Stealth Rock\n|-weather|RainDance|[from] ability: Drizzle|[of] p2a: Betih\n|move|p1a: Eva Hache|Recover|p1a: Eva Hache\n|-heal|p1a: Eva Hache|100\/100\n|\n|-weather|RainDance|[upkeep]\n|upkeep\n|turn|20\n|\n|t:|1699299120\n|switch|p1a: Me pica la nuca|Empoleon, F|65\/100\n|move|p2a: Betih|Hurricane|p1a: Me pica la nuca\n|-resisted|p1a: Me pica la nuca\n|-damage|p1a: Me pica la nuca|53\/100\n|-start|p1a: Me pica la nuca|confusion\n|\n|-weather|RainDance|[upkeep]\n|upkeep\n|turn|21\n|\n|t:|1699299128\n|move|p2a: Betih|Roost|p2a: Betih\n|-heal|p2a: Betih|100\/100\n|-singleturn|p2a: Betih|move: Roost\n|-activate|p1a: Me pica la nuca|confusion\n|-damage|p1a: Me pica la nuca|45\/100|[from] confusion\n|\n|-weather|RainDance|[upkeep]\n|upkeep\n|turn|22\n|\n|t:|1699299141\n|switch|p2a: Z\/Z2|Zapdos|68\/100\n|-damage|p2a: Z\/Z2|43\/100|[from] Stealth Rock\n|-activate|p1a: Me pica la nuca|confusion\n|move|p1a: Me pica la nuca|Roost|p1a: Me pica la nuca\n|-heal|p1a: Me pica la nuca|95\/100\n|-singleturn|p1a: Me pica la nuca|move: Roost\n|\n|-weather|RainDance|[upkeep]\n|-heal|p2a: Z\/Z2|49\/100|[from] item: Leftovers\n|upkeep\n|turn|23\n|\n|t:|1699299157\n|switch|p1a: Volcar-oh no|Iron Moth|100\/100\n|move|p2a: Z\/Z2|Protect||[still]\n|-fail|p2a: Z\/Z2\n|\n|-weather|RainDance|[upkeep]\n|-heal|p2a: Z\/Z2|55\/100|[from] item: Leftovers\n|upkeep\n|turn|24\n|\n|t:|1699299164\n|switch|p2a: Ser Spiki|Overqwil, F|61\/100\n|-damage|p2a: Ser Spiki|49\/100|[from] Stealth Rock\n|move|p1a: Volcar-oh no|Sludge Wave|p2a: Ser Spiki\n|-resisted|p2a: Ser Spiki\n|-damage|p2a: Ser Spiki|12\/100\n|\n|-weather|RainDance|[upkeep]\n|upkeep\n|turn|25\n|\n|t:|1699299176\n|-end|p1a: Volcar-oh no|Quark Drive|[silent]\n|switch|p1a: Eva Hache|Avalugg, F, tera:Fighting|100\/100\n|move|p2a: Ser Spiki|Liquidation|p1a: Eva Hache\n|-damage|p1a: Eva Hache|77\/100\n|\n|-weather|RainDance|[upkeep]\n|upkeep\n|turn|26\n|\n|t:|1699299189\n|move|p2a: Ser Spiki|Destiny Bond|p2a: Ser Spiki\n|-singlemove|p2a: Ser Spiki|Destiny Bond\n|move|p1a: Eva Hache|Body Press|p2a: Ser Spiki\n|-damage|p2a: Ser Spiki|0 fnt\n|faint|p2a: Ser Spiki\n|-activate|p2a: Ser Spiki|move: Destiny Bond\n|faint|p1a: Eva Hache\n|\n|-weather|none\n|upkeep\n|c|\u2606mimizukii|:>\n|c|\u2606Red Krow|Fair enough\n|\n|t:|1699299222\n|switch|p2a: Betih|Pelipper, F, shiny|100\/100\n|switch|p1a: Mosquita muerta|Ribombee, F, shiny|100\/100\n|-damage|p2a: Betih|76\/100|[from] Stealth Rock\n|-weather|RainDance|[from] ability: Drizzle|[of] p2a: Betih\n|turn|27\n|l| pepitodecrema\n|j| pepitodecrema\n|\n|t:|1699299278\n|move|p1a: Mosquita muerta|Moonblast|p2a: Betih\n|-damage|p2a: Betih|36\/100\n|move|p2a: Betih|Roost|p2a: Betih\n|-heal|p2a: Betih|87\/100\n|-singleturn|p2a: Betih|move: Roost\n|\n|-weather|RainDance|[upkeep]\n|upkeep\n|turn|28\n|\n|t:|1699299291\n|switch|p1a: Me pica la nuca|Empoleon, F|95\/100\n|move|p2a: Betih|Hurricane|p1a: Me pica la nuca\n|-resisted|p1a: Me pica la nuca\n|-damage|p1a: Me pica la nuca|82\/100\n|\n|-weather|RainDance|[upkeep]\n|upkeep\n|turn|29\n|\n|t:|1699299306\n|move|p2a: Betih|Hurricane|p1a: Me pica la nuca\n|-resisted|p1a: Me pica la nuca\n|-crit|p1a: Me pica la nuca\n|-damage|p1a: Me pica la nuca|64\/100\n|move|p1a: Me pica la nuca|Knock Off|p2a: Betih\n|-damage|p2a: Betih|66\/100\n|-enditem|p2a: Betih|Damp Rock|[from] move: Knock Off|[of] p1a: Me pica la nuca\n|\n|-weather|RainDance|[upkeep]\n|upkeep\n|turn|30\n|\n|t:|1699299313\n|move|p2a: Betih|Hurricane|p1a: Me pica la nuca\n|-resisted|p1a: Me pica la nuca\n|-damage|p1a: Me pica la nuca|52\/100\n|-start|p1a: Me pica la nuca|confusion\n|-activate|p1a: Me pica la nuca|confusion\n|move|p1a: Me pica la nuca|Knock Off|p2a: Betih\n|-damage|p2a: Betih|53\/100\n|\n|-weather|RainDance|[upkeep]\n|upkeep\n|turn|31\n|\n|t:|1699299318\n|move|p2a: Betih|Roost|p2a: Betih\n|-heal|p2a: Betih|100\/100\n|-singleturn|p2a: Betih|move: Roost\n|-end|p1a: Me pica la nuca|confusion\n|move|p1a: Me pica la nuca|Roost|p1a: Me pica la nuca\n|-heal|p1a: Me pica la nuca|100\/100\n|-singleturn|p1a: Me pica la nuca|move: Roost\n|\n|-weather|RainDance|[upkeep]\n|upkeep\n|turn|32\n|\n|t:|1699299332\n|move|p2a: Betih|Hurricane|p1a: Me pica la nuca\n|-resisted|p1a: Me pica la nuca\n|-damage|p1a: Me pica la nuca|89\/100\n|move|p1a: Me pica la nuca|Surf|p2a: Betih\n|-resisted|p2a: Betih\n|-damage|p2a: Betih|75\/100\n|\n|-weather|RainDance|[upkeep]\n|upkeep\n|turn|33\n|\n|t:|1699299338\n|move|p2a: Betih|Hurricane|p1a: Me pica la nuca\n|-resisted|p1a: Me pica la nuca\n|-damage|p1a: Me pica la nuca|77\/100\n|-start|p1a: Me pica la nuca|confusion\n|-activate|p1a: Me pica la nuca|confusion\n|move|p1a: Me pica la nuca|Surf|p2a: Betih\n|-resisted|p2a: Betih\n|-damage|p2a: Betih|50\/100\n|\n|-weather|RainDance|[upkeep]\n|upkeep\n|turn|34\n|\n|t:|1699299345\n|switch|p1a: La yerbas|Rotom-Mow, shiny|100\/100\n|move|p2a: Betih|Roost|p2a: Betih\n|-heal|p2a: Betih|99\/100\n|-singleturn|p2a: Betih|move: Roost\n|\n|-weather|none\n|upkeep\n|turn|35\n|\n|t:|1699299356\n|switch|p2a: Z\/Z2|Zapdos|55\/100\n|-damage|p2a: Z\/Z2|30\/100|[from] Stealth Rock\n|move|p1a: La yerbas|Thunderbolt|p2a: Z\/Z2\n|-damage|p2a: Z\/Z2|0 fnt\n|faint|p2a: Z\/Z2\n|\n|upkeep\n|\n|t:|1699299365\n|switch|p2a: Shelly|Lurantis, F, tera:Fire|66\/100\n|-damage|p2a: Shelly|41\/100|[from] Stealth Rock\n|turn|36\n|\n|t:|1699299387\n|move|p1a: La yerbas|Thunderbolt|p2a: Shelly\n|-crit|p2a: Shelly\n|-damage|p2a: Shelly|0 fnt\n|faint|p2a: Shelly\n|\n|upkeep\n|c|\u2606Red Krow|Ostras\n|c|\u2606Red Krow|\u00bfLlevaba invest especial?\n|c|\u2606mimizukii|chaleco asalto no mataba creo\n|\n|t:|1699299431\n|switch|p2a: T-Swizzle|Sneasler, M|26\/100\n|turn|37\n|c|\u2606Red Krow|Vaya, lo siento\n|\n|t:|1699299447\n|switch|p1a: Me pica la nuca|Empoleon, F|77\/100\n|move|p2a: T-Swizzle|Dire Claw|p1a: Me pica la nuca\n|-immune|p1a: Me pica la nuca\n|\n|upkeep\n|turn|38\n|\n|t:|1699299463\n|switch|p2a: Millo|Milotic, M|100\/100\n|-damage|p2a: Millo|88\/100|[from] Stealth Rock\n|move|p1a: Me pica la nuca|Surf|p2a: Millo\n|-resisted|p2a: Millo\n|-damage|p2a: Millo|79\/100\n|\n|-heal|p2a: Millo|85\/100|[from] item: Leftovers\n|upkeep\n|turn|39\n|\n|t:|1699299470\n|switch|p1a: La yerbas|Rotom-Mow, shiny|100\/100\n|move|p2a: Millo|Scald|p1a: La yerbas\n|-resisted|p1a: La yerbas\n|-damage|p1a: La yerbas|86\/100\n|-status|p1a: La yerbas|brn\n|\n|-heal|p1a: La yerbas|93\/100 brn|[from] item: Leftovers\n|-heal|p2a: Millo|91\/100|[from] item: Leftovers\n|-damage|p1a: La yerbas|86\/100 brn|[from] brn\n|upkeep\n|turn|40\n|\n|t:|1699299483\n|move|p1a: La yerbas|Thunderbolt|p2a: Millo\n|-supereffective|p2a: Millo\n|-damage|p2a: Millo|50\/100\n|move|p2a: Millo|Draining Kiss|p1a: La yerbas\n|-damage|p1a: La yerbas|74\/100 brn\n|-heal|p2a: Millo|57\/100|[from] drain|[of] p1a: La yerbas\n|\n|-heal|p1a: La yerbas|80\/100 brn|[from] item: Leftovers\n|-heal|p2a: Millo|63\/100|[from] item: Leftovers\n|-damage|p1a: La yerbas|74\/100 brn|[from] brn\n|upkeep\n|turn|41\n|\n|t:|1699299492\n|move|p1a: La yerbas|Leaf Storm|p2a: Millo|[miss]\n|-miss|p1a: La yerbas|p2a: Millo\n|move|p2a: Millo|Recover|p2a: Millo\n|-heal|p2a: Millo|100\/100\n|\n|-heal|p1a: La yerbas|80\/100 brn|[from] item: Leftovers\n|-damage|p1a: La yerbas|74\/100 brn|[from] brn\n|upkeep\n|turn|42\n|\n|t:|1699299497\n|move|p1a: La yerbas|Nasty Plot|p1a: La yerbas\n|-boost|p1a: La yerbas|spa|2\n|move|p2a: Millo|Draining Kiss|p1a: La yerbas\n|-damage|p1a: La yerbas|61\/100 brn\n|\n|-heal|p1a: La yerbas|67\/100 brn|[from] item: Leftovers\n|-damage|p1a: La yerbas|61\/100 brn|[from] brn\n|upkeep\n|turn|43\n|\n|t:|1699299504\n|move|p1a: La yerbas|Leaf Storm|p2a: Millo\n|-supereffective|p2a: Millo\n|-damage|p2a: Millo|0 fnt\n|-unboost|p1a: La yerbas|spa|2\n|faint|p2a: Millo\n|\n|-heal|p1a: La yerbas|67\/100 brn|[from] item: Leftovers\n|-damage|p1a: La yerbas|61\/100 brn|[from] brn\n|upkeep\n|\n|t:|1699299507\n|switch|p2a: T-Swizzle|Sneasler, M|26\/100\n|turn|44\n|\n|t:|1699299515\n|move|p2a: T-Swizzle|Dire Claw|p1a: La yerbas\n|-supereffective|p1a: La yerbas\n|-damage|p1a: La yerbas|0 fnt\n|faint|p1a: La yerbas\n|\n|upkeep\n|\n|t:|1699299520\n|switch|p1a: Mosquita muerta|Ribombee, F, shiny|100\/100\n|turn|45\n|\n|t:|1699299526\n|move|p1a: Mosquita muerta|Moonblast|p2a: T-Swizzle\n|-damage|p2a: T-Swizzle|0 fnt\n|faint|p2a: T-Swizzle\n|\n|upkeep\n|\n|t:|1699299528\n|switch|p2a: Betih|Pelipper, F, shiny|99\/100\n|-damage|p2a: Betih|75\/100|[from] Stealth Rock\n|-weather|RainDance|[from] ability: Drizzle|[of] p2a: Betih\n|turn|46\n|\n|t:|1699299534\n|switch|p1a: Me pica la nuca|Empoleon, F|77\/100\n|move|p2a: Betih|Hurricane|p1a: Me pica la nuca\n|-resisted|p1a: Me pica la nuca\n|-damage|p1a: Me pica la nuca|65\/100\n|-start|p1a: Me pica la nuca|confusion\n|\n|-weather|RainDance|[upkeep]\n|upkeep\n|turn|47\n|\n|t:|1699299540\n|move|p2a: Betih|Hurricane|p1a: Me pica la nuca\n|-resisted|p1a: Me pica la nuca\n|-damage|p1a: Me pica la nuca|53\/100\n|-activate|p1a: Me pica la nuca|confusion\n|move|p1a: Me pica la nuca|Roost|p1a: Me pica la nuca\n|-heal|p1a: Me pica la nuca|100\/100\n|-singleturn|p1a: Me pica la nuca|move: Roost\n|\n|-weather|RainDance|[upkeep]\n|upkeep\n|turn|48\n|\n|t:|1699299549\n|switch|p1a: Volcar-oh no|Iron Moth|100\/100\n|move|p2a: Betih|Hurricane|p1a: Volcar-oh no\n|-damage|p1a: Volcar-oh no|76\/100\n|\n|-weather|RainDance|[upkeep]\n|upkeep\n|turn|49\n|\n|t:|1699299559\n|move|p1a: Volcar-oh no|Charge Beam|p2a: Betih\n|-supereffective|p2a: Betih\n|-damage|p2a: Betih|0 fnt\n|-boost|p1a: Volcar-oh no|spa|1\n|faint|p2a: Betih\n|\n|win|Red Krow\n|c|\u2606Red Krow|gg\n|c|\u2606mimizukii|gg\n|l| pepitodecrema\n","uploadtime":1699299569,"views":9,"p1id":"redkrow","p2id":"mimizukii","formatid":"gen9anythinggoes","rating":0,"private":0,"password":""}