{"id":"gen9anythinggoes-1974147821","p1":"Clrran","p2":"MonikaMagica","format":"[Gen 9] Anything Goes","log":"|j|\u2606Clrran\n|j|\u2606MonikaMagica\n|t:|1698062132\n|gametype|singles\n|player|p1|Clrran|waiter-gen4dp|1292\n|player|p2|MonikaMagica|lady|1235\n|teamsize|p1|6\n|teamsize|p2|6\n|gen|9\n|tier|[Gen 9] Anything Goes\n|rated|\n|rule|HP Percentage Mod: HP is shown in percentages\n|rule|Endless Battle Clause: Forcing endless battles is banned\n|clearpoke\n|poke|p1|Kingambit, F|\n|poke|p1|Sylveon, M|\n|poke|p1|Garchomp, F|\n|poke|p1|Ogerpon-Hearthflame, F|\n|poke|p1|Calyrex-Shadow|\n|poke|p1|Iron Bundle|\n|poke|p2|Sylveon, F|\n|poke|p2|Meowscarada, M|\n|poke|p2|Ogerpon-Hearthflame, F|\n|poke|p2|Chien-Pao|\n|poke|p2|Iron Hands|\n|poke|p2|Garganacl, M|\n|teampreview\n|\n|t:|1698062147\n|start\n|switch|p1a: Calyrex|Calyrex-Shadow|100\/100\n|switch|p2a: angi shreck|Ogerpon-Hearthflame, F|100\/100\n|-ability|p1a: Calyrex|As One\n|-ability|p1a: Calyrex|Unnerve\n|-ability|p2a: angi shreck|Mold Breaker\n|turn|1\n|\n|t:|1698062159\n|move|p1a: Calyrex|Astral Barrage|p2a: angi shreck\n|-damage|p2a: angi shreck|12\/100\n|move|p2a: angi shreck|Knock Off|p1a: Calyrex\n|-supereffective|p1a: Calyrex\n|-enditem|p1a: Calyrex|Focus Sash\n|-damage|p1a: Calyrex|1\/100\n|\n|upkeep\n|turn|2\n|\n|t:|1698062197\n|switch|p2a: Meowscarada|Meowscarada, M|100\/100\n|move|p1a: Calyrex|Astral Barrage|p2a: Meowscarada\n|-resisted|p2a: Meowscarada\n|-damage|p2a: Meowscarada|34\/100\n|\n|upkeep\n|turn|3\n|\n|t:|1698062207\n|move|p2a: Meowscarada|Sucker Punch|p1a: Calyrex\n|-start|p2a: Meowscarada|typechange|Dark|[from] ability: Protean\n|-supereffective|p1a: Calyrex\n|-damage|p1a: Calyrex|0 fnt\n|faint|p1a: Calyrex\n|-damage|p2a: Meowscarada|24\/100|[from] item: Life Orb\n|\n|upkeep\n|\n|t:|1698062215\n|switch|p1a: Sylveon|Sylveon, M|100\/100\n|turn|4\n|\n|t:|1698062223\n|move|p2a: Meowscarada|U-turn|p1a: Sylveon\n|-resisted|p1a: Sylveon\n|-damage|p1a: Sylveon|78\/100\n|-damage|p2a: Meowscarada|14\/100|[from] item: Life Orb\n|\n|t:|1698062230\n|switch|p2a: salt|Garganacl, M|100\/100|[from] U-turn\n|move|p1a: Sylveon|Hyper Voice|p2a: salt\n|-damage|p2a: salt|42\/100\n|\n|-heal|p2a: salt|49\/100|[from] item: Leftovers\n|upkeep\n|turn|5\n|\n|t:|1698062241\n|move|p1a: Sylveon|Hyper Voice|p2a: salt\n|-damage|p2a: salt|0 fnt\n|faint|p2a: salt\n|\n|upkeep\n|\n|t:|1698062257\n|switch|p2a: angi shreck|Ogerpon-Hearthflame, F|12\/100\n|-ability|p2a: angi shreck|Mold Breaker\n|turn|6\n|\n|t:|1698062269\n|switch|p1a: Garchomp|Garchomp, F|100\/100\n|move|p2a: angi shreck|Horn Leech|p1a: Garchomp\n|-damage|p1a: Garchomp|59\/100\n|-heal|p2a: angi shreck|36\/100|[from] drain|[of] p1a: Garchomp\n|\n|upkeep\n|turn|7\n|\n|t:|1698062279\n|move|p1a: Garchomp|Earthquake|p2a: angi shreck\n|-damage|p2a: angi shreck|0 fnt\n|faint|p2a: angi shreck\n|\n|upkeep\n|\n|t:|1698062288\n|switch|p2a: Chien-Pao|Chien-Pao|100\/100\n|-ability|p2a: Chien-Pao|Sword of Ruin\n|turn|8\n|\n|t:|1698062299\n|switch|p1a: Ogerpon|Ogerpon-Hearthflame, F|100\/100\n|-ability|p1a: Ogerpon|Mold Breaker\n|move|p2a: Chien-Pao|Icicle Crash|p1a: Ogerpon\n|-damage|p1a: Ogerpon|15\/100\n|-damage|p2a: Chien-Pao|91\/100|[from] item: Life Orb\n|\n|upkeep\n|turn|9\n|\n|t:|1698062311\n|-terastallize|p1a: Ogerpon|Fire\n|detailschange|p1a: Ogerpon|Ogerpon-Hearthflame-Tera, F, tera:Fire\n|-ability|p1a: Ogerpon|Embody Aspect (Hearthflame)|boost\n|-boost|p1a: Ogerpon|atk|1\n|move|p2a: Chien-Pao|Sucker Punch|p1a: Ogerpon\n|-damage|p1a: Ogerpon|0 fnt\n|faint|p1a: Ogerpon\n|-damage|p2a: Chien-Pao|81\/100|[from] item: Life Orb\n|\n|upkeep\n|\n|t:|1698062321\n|switch|p1a: Kingambit|Kingambit, F|100\/100\n|-activate|p1a: Kingambit|ability: Supreme Overlord\n|-start|p1a: Kingambit|fallen2|[silent]\n|turn|10\n|\n|t:|1698062329\n|move|p1a: Kingambit|Sucker Punch|p2a: Chien-Pao\n|-resisted|p2a: Chien-Pao\n|-crit|p2a: Chien-Pao\n|-damage|p2a: Chien-Pao|30\/100\n|move|p2a: Chien-Pao|Sacred Sword|p1a: Kingambit\n|-supereffective|p1a: Kingambit\n|-enditem|p1a: Kingambit|Focus Sash\n|-damage|p1a: Kingambit|1\/100\n|-damage|p2a: Chien-Pao|20\/100|[from] item: Life Orb\n|\n|upkeep\n|turn|11\n|\n|t:|1698062341\n|move|p2a: Chien-Pao|Sucker Punch|p1a: Kingambit\n|-resisted|p1a: Kingambit\n|-damage|p1a: Kingambit|0 fnt\n|faint|p1a: Kingambit\n|-end|p1a: Kingambit|fallen2|[silent]\n|-damage|p2a: Chien-Pao|10\/100|[from] item: Life Orb\n|\n|upkeep\n|\n|t:|1698062345\n|switch|p1a: Iron Bundle|Iron Bundle|100\/100\n|-enditem|p1a: Iron Bundle|Booster Energy\n|-activate|p1a: Iron Bundle|ability: Quark Drive|[fromitem]\n|-start|p1a: Iron Bundle|quarkdrivespe\n|turn|12\n|\n|t:|1698062357\n|switch|p2a: Iron Hands|Iron Hands|100\/100\n|-enditem|p2a: Iron Hands|Booster Energy\n|-activate|p2a: Iron Hands|ability: Quark Drive|[fromitem]\n|-start|p2a: Iron Hands|quarkdriveatk\n|move|p1a: Iron Bundle|Drill Peck|p2a: Iron Hands\n|-damage|p2a: Iron Hands|90\/100\n|\n|upkeep\n|turn|13\n|\n|t:|1698062373\n|move|p1a: Iron Bundle|Agility|p1a: Iron Bundle\n|-boost|p1a: Iron Bundle|spe|2\n|move|p2a: Iron Hands|Brick Break|p1a: Iron Bundle\n|-supereffective|p1a: Iron Bundle\n|-damage|p1a: Iron Bundle|0 fnt\n|faint|p1a: Iron Bundle\n|-end|p1a: Iron Bundle|Quark Drive|[silent]\n|\n|upkeep\n|\n|t:|1698062375\n|switch|p1a: Garchomp|Garchomp, F|59\/100\n|turn|14\n|\n|t:|1698062394\n|-end|p2a: Iron Hands|Quark Drive|[silent]\n|switch|p2a: Chien-Pao|Chien-Pao|10\/100\n|-ability|p2a: Chien-Pao|Sword of Ruin\n|move|p1a: Garchomp|Earthquake|p2a: Chien-Pao\n|-damage|p2a: Chien-Pao|0 fnt\n|faint|p2a: Chien-Pao\n|\n|upkeep\n|\n|t:|1698062402\n|switch|p2a: Sylveon|Sylveon, F|100\/100\n|turn|15\n|inactive|Battle timer is ON: inactive players will automatically lose when time's up. (requested by Clrran)\n|\n|t:|1698062435\n|-terastallize|p2a: Sylveon|Ground\n|move|p1a: Garchomp|Earthquake|p2a: Sylveon\n|-damage|p2a: Sylveon|23\/100\n|move|p2a: Sylveon|Hyper Voice|p1a: Garchomp\n|-supereffective|p1a: Garchomp\n|-damage|p1a: Garchomp|0 fnt\n|faint|p1a: Garchomp\n|\n|upkeep\n|\n|t:|1698062444\n|switch|p1a: Sylveon|Sylveon, M|78\/100\n|turn|16\n|\n|t:|1698062454\n|move|p2a: Sylveon|Tera Blast|p1a: Sylveon|[anim] Tera Blast Ground\n|-damage|p1a: Sylveon|47\/100\n|move|p1a: Sylveon|Hyper Voice|p2a: Sylveon\n|-damage|p2a: Sylveon|0 fnt\n|faint|p2a: Sylveon\n|\n|upkeep\n|\n|t:|1698062463\n|switch|p2a: Iron Hands|Iron Hands|90\/100\n|turn|17\n|\n|t:|1698062469\n|move|p1a: Sylveon|Hyper Voice|p2a: Iron Hands\n|-supereffective|p2a: Iron Hands\n|-damage|p2a: Iron Hands|0 fnt\n|faint|p2a: Iron Hands\n|-end|p2a: Iron Hands|Quark Drive|[silent]\n|\n|upkeep\n|\n|t:|1698062473\n|switch|p2a: Meowscarada|Meowscarada, M|14\/100\n|turn|18\n|c|\u2606Clrran|gg\n|\n|t:|1698062477\n|move|p2a: Meowscarada|Flower Trick|p1a: Sylveon\n|-start|p2a: Meowscarada|typechange|Grass|[from] ability: Protean\n|-crit|p1a: Sylveon\n|-damage|p1a: Sylveon|0 fnt\n|faint|p1a: Sylveon\n|-damage|p2a: Meowscarada|5\/100|[from] item: Life Orb\n|\n|win|MonikaMagica\n|raw|Clrran's rating: 1292 &rarr; <strong>1263<\/strong><br \/>(-29 for losing)\n|raw|MonikaMagica's rating: 1235 &rarr; <strong>1264<\/strong><br \/>(+29 for winning)\n|c|\u2606MonikaMagica|gg\n|l|\u2606MonikaMagica\n|l|\u2606Clrran\n|j|\u2606MonikaMagica\n|player|p2|MonikaMagica|lady\n","uploadtime":1698062498,"views":14,"p1id":"clrran","p2id":"monikamagica","formatid":"gen9anythinggoes","rating":1263,"private":0,"password":""}