{"id":"gen9anythinggoes-1991351081","p1":"ButaYaroSama","p2":"hoenn militian","format":"[Gen 9] Anything Goes","log":"|j|\u2606ButaYaroSama\n|j|\u2606hoenn militian\n|t:|1700069884\n|gametype|singles\n|player|p1|ButaYaroSama|266|1628\n|player|p2|hoenn militian|102|1746\n|teamsize|p1|6\n|teamsize|p2|6\n|gen|9\n|tier|[Gen 9] Anything Goes\n|rated|\n|rule|HP Percentage Mod: HP is shown in percentages\n|rule|Endless Battle Clause: Forcing endless battles is banned\n|clearpoke\n|poke|p1|Vivillon, M|\n|poke|p1|Calyrex-Shadow|\n|poke|p1|Arceus|\n|poke|p1|Zacian-*|\n|poke|p1|Giratina-Origin|\n|poke|p1|Magearna|\n|poke|p2|Miraidon|\n|poke|p2|Grimmsnarl, M|\n|poke|p2|Skeledirge, M|\n|poke|p2|Blissey, F|\n|poke|p2|Moltres|\n|poke|p2|Wo-Chien|\n|teampreview\n|inactive|Battle timer is ON: inactive players will automatically lose when time's up. (requested by ButaYaroSama)\n|inactive|ButaYaroSama has 120 seconds left.\n|\n|t:|1700069922\n|start\n|switch|p1a: Vivillon|Vivillon, M|100\/100\n|switch|p2a: Miraidon|Miraidon|100\/100\n|-fieldstart|move: Electric Terrain|[from] ability: Hadron Engine|[of] p2a: Miraidon\n|turn|1\n|\n|t:|1700069933\n|switch|p1a: Giratina|Giratina-Origin|100\/100\n|move|p2a: Miraidon|Electro Drift|p1a: Giratina\n|-resisted|p1a: Giratina\n|-damage|p1a: Giratina|68\/100\n|\n|upkeep\n|turn|2\n|\n|t:|1700069942\n|switch|p2a: Moltres|Moltres|100\/100\n|switch|p1a: Zacian|Zacian-Crowned|100\/100\n|-ability|p1a: Zacian|Intrepid Sword|boost\n|-boost|p1a: Zacian|atk|1\n|\n|upkeep\n|turn|3\n|\n|t:|1700069955\n|move|p1a: Zacian|Trailblaze|p2a: Moltres\n|-resisted|p2a: Moltres\n|-damage|p2a: Moltres|96\/100\n|-boost|p1a: Zacian|spe|1\n|-status|p1a: Zacian|brn|[from] ability: Flame Body|[of] p2a: Moltres\n|move|p2a: Moltres|U-turn|p1a: Zacian\n|-resisted|p1a: Zacian\n|-damage|p1a: Zacian|97\/100 brn\n|\n|t:|1700069964\n|switch|p2a: Grimmsnarl|Grimmsnarl, M|100\/100|[from] U-turn\n|\n|-damage|p1a: Zacian|91\/100 brn|[from] brn\n|upkeep\n|turn|4\n|\n|t:|1700069971\n|move|p2a: Grimmsnarl|Parting Shot|p1a: Zacian\n|-unboost|p1a: Zacian|atk|1\n|-unboost|p1a: Zacian|spa|1\n|\n|t:|1700069976\n|switch|p2a: Moltres|Moltres|96\/100|[from] Parting Shot\n|move|p1a: Zacian|Swords Dance|p1a: Zacian\n|-boost|p1a: Zacian|atk|2\n|\n|-damage|p1a: Zacian|85\/100 brn|[from] brn\n|upkeep\n|turn|5\n|\n|t:|1700069984\n|move|p1a: Zacian|Swords Dance|p1a: Zacian\n|-boost|p1a: Zacian|atk|2\n|move|p2a: Moltres|U-turn|p1a: Zacian\n|-resisted|p1a: Zacian\n|-damage|p1a: Zacian|81\/100 brn\n|\n|t:|1700069992\n|switch|p2a: Grimmsnarl|Grimmsnarl, M|100\/100|[from] U-turn\n|\n|-damage|p1a: Zacian|75\/100 brn|[from] brn\n|-fieldend|move: Electric Terrain\n|upkeep\n|turn|6\n|\n|t:|1700069998\n|move|p2a: Grimmsnarl|Parting Shot|p1a: Zacian\n|-unboost|p1a: Zacian|atk|1\n|-unboost|p1a: Zacian|spa|1\n|\n|t:|1700070003\n|switch|p2a: Skeledirge|Skeledirge, M|100\/100|[from] Parting Shot\n|move|p1a: Zacian|Swords Dance|p1a: Zacian\n|-boost|p1a: Zacian|atk|2\n|\n|-damage|p1a: Zacian|69\/100 brn|[from] brn\n|upkeep\n|turn|7\n|\n|t:|1700070012\n|move|p1a: Zacian|Behemoth Blade|p2a: Skeledirge\n|-resisted|p2a: Skeledirge\n|-damage|p2a: Skeledirge|92\/100\n|move|p2a: Skeledirge|Hex|p1a: Zacian\n|-damage|p1a: Zacian|26\/100 brn\n|\n|-damage|p1a: Zacian|20\/100 brn|[from] brn\n|upkeep\n|turn|8\n|\n|t:|1700070026\n|move|p1a: Zacian|Behemoth Blade|p2a: Skeledirge\n|-resisted|p2a: Skeledirge\n|-crit|p2a: Skeledirge\n|-damage|p2a: Skeledirge|79\/100\n|move|p2a: Skeledirge|Torch Song|p1a: Zacian\n|-supereffective|p1a: Zacian\n|-damage|p1a: Zacian|0 fnt\n|-boost|p2a: Skeledirge|spa|1\n|faint|p1a: Zacian\n|\n|upkeep\n|inactive|ButaYaroSama has 120 seconds left.\n|\n|t:|1700070052\n|switch|p1a: Vivillon|Vivillon, M|100\/100\n|turn|9\n|\n|t:|1700070060\n|switch|p2a: Miraidon|Miraidon|100\/100\n|-fieldstart|move: Electric Terrain|[from] ability: Hadron Engine|[of] p2a: Miraidon\n|move|p1a: Vivillon|Sleep Powder|p2a: Miraidon\n|-activate|p2a: Miraidon|move: Electric Terrain\n|\n|upkeep\n|turn|10\n|\n|t:|1700070070\n|switch|p1a: Giratina|Giratina-Origin|68\/100\n|move|p2a: Miraidon|Electro Drift|p1a: Giratina\n|-resisted|p1a: Giratina\n|-damage|p1a: Giratina|35\/100\n|\n|upkeep\n|turn|11\n|\n|t:|1700070078\n|move|p2a: Miraidon|Dragon Pulse|p1a: Giratina\n|-supereffective|p1a: Giratina\n|-damage|p1a: Giratina|0 fnt\n|faint|p1a: Giratina\n|\n|upkeep\n|\n|t:|1700070083\n|switch|p1a: Calyrex|Calyrex-Shadow|100\/100\n|-ability|p1a: Calyrex|As One\n|-ability|p1a: Calyrex|Unnerve\n|turn|12\n|\n|t:|1700070089\n|move|p1a: Calyrex|Psyshock|p2a: Miraidon\n|-damage|p2a: Miraidon|43\/100\n|move|p2a: Miraidon|Electro Drift|p1a: Calyrex\n|-damage|p1a: Calyrex|15\/100\n|\n|upkeep\n|turn|13\n|\n|t:|1700070096\n|switch|p2a: Grimmsnarl|Grimmsnarl, M|100\/100\n|move|p1a: Calyrex|Psyshock|p2a: Grimmsnarl\n|-immune|p2a: Grimmsnarl\n|\n|-fieldend|move: Electric Terrain\n|upkeep\n|turn|14\n|\n|t:|1700070107\n|switch|p1a: Arceus|Arceus|100\/100\n|move|p2a: Grimmsnarl|Spirit Break|p1a: Arceus\n|-damage|p1a: Arceus|82\/100\n|-unboost|p1a: Arceus|spa|1\n|\n|upkeep\n|turn|15\n|\n|t:|1700070115\n|move|p2a: Grimmsnarl|Parting Shot|p1a: Arceus\n|-unboost|p1a: Arceus|atk|1\n|-unboost|p1a: Arceus|spa|1\n|\n|t:|1700070121\n|switch|p2a: Moltres|Moltres|96\/100|[from] Parting Shot\n|move|p1a: Arceus|Swords Dance|p1a: Arceus\n|-boost|p1a: Arceus|atk|2\n|\n|upkeep\n|turn|16\n|\n|t:|1700070128\n|move|p1a: Arceus|Swords Dance|p1a: Arceus\n|-boost|p1a: Arceus|atk|2\n|move|p2a: Moltres|Burning Jealousy|p1a: Arceus\n|-damage|p1a: Arceus|64\/100\n|-status|p1a: Arceus|brn\n|\n|-damage|p1a: Arceus|58\/100 brn|[from] brn\n|upkeep\n|turn|17\n|\n|t:|1700070139\n|move|p1a: Arceus|Swords Dance|p1a: Arceus\n|-boost|p1a: Arceus|atk|2\n|move|p2a: Moltres|U-turn|p1a: Arceus\n|-damage|p1a: Arceus|48\/100 brn\n|\n|t:|1700070145\n|switch|p2a: Skeledirge|Skeledirge, M|79\/100|[from] U-turn\n|\n|-damage|p1a: Arceus|42\/100 brn|[from] brn\n|upkeep\n|turn|18\n|\n|t:|1700070150\n|move|p1a: Arceus|Shadow Claw|p2a: Skeledirge\n|-supereffective|p2a: Skeledirge\n|-damage|p2a: Skeledirge|63\/100\n|move|p2a: Skeledirge|Torch Song|p1a: Arceus\n|-damage|p1a: Arceus|20\/100 brn\n|-boost|p2a: Skeledirge|spa|1\n|\n|-damage|p1a: Arceus|14\/100 brn|[from] brn\n|upkeep\n|turn|19\n|\n|t:|1700070161\n|move|p1a: Arceus|Shadow Claw|p2a: Skeledirge\n|-supereffective|p2a: Skeledirge\n|-damage|p2a: Skeledirge|48\/100\n|move|p2a: Skeledirge|Slack Off|p2a: Skeledirge\n|-heal|p2a: Skeledirge|98\/100\n|\n|-damage|p1a: Arceus|8\/100 brn|[from] brn\n|upkeep\n|turn|20\n|\n|t:|1700070168\n|move|p1a: Arceus|Shadow Claw|p2a: Skeledirge\n|-supereffective|p2a: Skeledirge\n|-damage|p2a: Skeledirge|84\/100\n|move|p2a: Skeledirge|Torch Song|p1a: Arceus\n|-damage|p1a: Arceus|0 fnt\n|-boost|p2a: Skeledirge|spa|1\n|faint|p1a: Arceus\n|\n|upkeep\n|\n|t:|1700070177\n|switch|p1a: Calyrex|Calyrex-Shadow|15\/100\n|-ability|p1a: Calyrex|As One\n|-ability|p1a: Calyrex|Unnerve\n|turn|21\n|\n|t:|1700070182\n|switch|p1a: Magearna|Magearna|100\/100\n|switch|p2a: Grimmsnarl|Grimmsnarl, M|100\/100\n|\n|upkeep\n|turn|22\n|\n|t:|1700070191\n|move|p2a: Grimmsnarl|Parting Shot|p1a: Magearna\n|-unboost|p1a: Magearna|atk|1\n|-unboost|p1a: Magearna|spa|1\n|\n|t:|1700070206\n|switch|p2a: Skeledirge|Skeledirge, M|84\/100|[from] Parting Shot\n|move|p1a: Magearna|Calm Mind|p1a: Magearna\n|-boost|p1a: Magearna|spa|1\n|-boost|p1a: Magearna|spd|1\n|\n|upkeep\n|turn|23\n|\n|t:|1700070217\n|move|p1a: Magearna|Calm Mind|p1a: Magearna\n|-boost|p1a: Magearna|spa|1\n|-boost|p1a: Magearna|spd|1\n|move|p2a: Skeledirge|Torch Song|p1a: Magearna\n|-supereffective|p1a: Magearna\n|-damage|p1a: Magearna|48\/100\n|-boost|p2a: Skeledirge|spa|1\n|\n|-heal|p1a: Magearna|54\/100|[from] item: Leftovers\n|upkeep\n|turn|24\n|-message|ButaYaroSama forfeited.\n|\n|win|hoenn militian\n|raw|ButaYaroSama's rating: 1628 &rarr; <strong>1615<\/strong><br \/>(-13 for losing)\n|raw|hoenn militian's rating: 1746 &rarr; <strong>1759<\/strong><br \/>(+13 for winning)\n|l|\u2606ButaYaroSama\n","uploadtime":1700070239,"views":4,"p1id":"butayarosama","p2id":"hoennmilitian","formatid":"gen9anythinggoes","rating":1615,"private":0,"password":""}