{"id":"gen9anythinggoes-1991692470","p1":"KDC22w","p2":"Kayleb1718","format":"[Gen 9] Anything Goes","log":"|j|\u2606KDC22w\n|j|\u2606Kayleb1718\n|t:|1700103311\n|gametype|singles\n|player|p1|KDC22w|thorton|1533\n|player|p2|Kayleb1718|lucas-gen4pt|1445\n|teamsize|p1|6\n|teamsize|p2|6\n|gen|9\n|tier|[Gen 9] Anything Goes\n|rated|\n|rule|HP Percentage Mod: HP is shown in percentages\n|rule|Endless Battle Clause: Forcing endless battles is banned\n|clearpoke\n|poke|p1|Espeon, F|\n|poke|p1|Iron Bundle|\n|poke|p1|Miraidon|\n|poke|p1|Zacian-*|\n|poke|p1|Groudon|\n|poke|p1|Calyrex-Shadow|\n|poke|p2|Zacian-*|\n|poke|p2|Calyrex-Shadow|\n|poke|p2|Urshifu-*, M|\n|poke|p2|Kingambit, F|\n|poke|p2|Miraidon|\n|poke|p2|Iron Treads|\n|teampreview\n|inactive|Battle timer is ON: inactive players will automatically lose when time's up. (requested by Kayleb1718)\n|\n|t:|1700103342\n|start\n|switch|p1a: Miraidon|Miraidon|100\/100\n|switch|p2a: Zacian|Zacian-Crowned, shiny|100\/100\n|-fieldstart|move: Electric Terrain|[from] ability: Hadron Engine|[of] p1a: Miraidon\n|-ability|p2a: Zacian|Intrepid Sword|boost\n|-boost|p2a: Zacian|atk|1\n|turn|1\n|\n|t:|1700103350\n|move|p1a: Miraidon|Electro Drift|p2a: Zacian\n|-damage|p2a: Zacian|12\/100\n|move|p2a: Zacian|Play Rough|p1a: Miraidon\n|-supereffective|p1a: Miraidon\n|-damage|p1a: Miraidon|0 fnt\n|faint|p1a: Miraidon\n|\n|upkeep\n|\n|t:|1700103366\n|switch|p1a: Calyrex|Calyrex-Shadow|100\/100\n|-ability|p1a: Calyrex|As One\n|-ability|p1a: Calyrex|Unnerve\n|turn|2\n|\n|t:|1700103373\n|move|p1a: Calyrex|Astral Barrage|p2a: Zacian\n|-damage|p2a: Zacian|0 fnt\n|faint|p2a: Zacian\n|-ability|p1a: Calyrex|Grim Neigh|boost\n|-boost|p1a: Calyrex|spa|1\n|\n|upkeep\n|\n|t:|1700103380\n|switch|p2a: Iron Treads|Iron Treads|100\/100\n|-activate|p2a: Iron Treads|ability: Quark Drive\n|-start|p2a: Iron Treads|quarkdrivespe\n|turn|3\n|\n|t:|1700103394\n|switch|p1a: Groudon|Groudon|100\/100\n|-weather|SunnyDay|[from] ability: Drought|[of] p1a: Groudon\n|move|p2a: Iron Treads|Earthquake|p1a: Groudon\n|-damage|p1a: Groudon|72\/100\n|\n|-weather|SunnyDay|[upkeep]\n|-heal|p1a: Groudon|78\/100|[from] item: Leftovers\n|upkeep\n|turn|4\n|\n|t:|1700103402\n|move|p2a: Iron Treads|Stealth Rock|p1a: Groudon\n|-sidestart|p1: KDC22w|move: Stealth Rock\n|move|p1a: Groudon|Earthquake|p2a: Iron Treads\n|-supereffective|p2a: Iron Treads\n|-damage|p2a: Iron Treads|0 fnt\n|faint|p2a: Iron Treads\n|-end|p2a: Iron Treads|Quark Drive|[silent]\n|\n|-weather|SunnyDay|[upkeep]\n|-heal|p1a: Groudon|84\/100|[from] item: Leftovers\n|upkeep\n|\n|t:|1700103410\n|switch|p2a: Urshifu|Urshifu-Rapid-Strike, M|100\/100\n|turn|5\n|\n|t:|1700103418\n|move|p2a: Urshifu|Surging Strikes|p1a: Groudon\n|-supereffective|p1a: Groudon\n|-crit|p1a: Groudon\n|-damage|p1a: Groudon|71\/100\n|-supereffective|p1a: Groudon\n|-crit|p1a: Groudon\n|-damage|p1a: Groudon|60\/100\n|-supereffective|p1a: Groudon\n|-crit|p1a: Groudon\n|-damage|p1a: Groudon|48\/100\n|-hitcount|p1a: Groudon|3\n|move|p1a: Groudon|Earthquake|p2a: Urshifu\n|-damage|p2a: Urshifu|41\/100\n|\n|-weather|SunnyDay|[upkeep]\n|-heal|p2a: Urshifu|47\/100|[from] item: Leftovers\n|-heal|p1a: Groudon|54\/100|[from] item: Leftovers\n|-fieldend|move: Electric Terrain\n|upkeep\n|turn|6\n|\n|t:|1700103431\n|move|p2a: Urshifu|Surging Strikes|p1a: Groudon\n|-supereffective|p1a: Groudon\n|-crit|p1a: Groudon\n|-damage|p1a: Groudon|41\/100\n|-supereffective|p1a: Groudon\n|-crit|p1a: Groudon\n|-damage|p1a: Groudon|27\/100\n|-supereffective|p1a: Groudon\n|-crit|p1a: Groudon\n|-damage|p1a: Groudon|16\/100\n|-hitcount|p1a: Groudon|3\n|move|p1a: Groudon|Earthquake|p2a: Urshifu\n|-crit|p2a: Urshifu\n|-damage|p2a: Urshifu|0 fnt\n|faint|p2a: Urshifu\n|\n|-weather|SunnyDay|[upkeep]\n|-heal|p1a: Groudon|22\/100|[from] item: Leftovers\n|upkeep\n|\n|t:|1700103443\n|switch|p2a: Miraidon|Miraidon|100\/100\n|-fieldstart|move: Electric Terrain|[from] ability: Hadron Engine|[of] p2a: Miraidon\n|turn|7\n|\n|t:|1700103450\n|move|p2a: Miraidon|Dragon Pulse|p1a: Groudon\n|-damage|p1a: Groudon|0 fnt\n|faint|p1a: Groudon\n|\n|-weather|none\n|upkeep\n|\n|t:|1700103457\n|switch|p1a: Iron Bundle|Iron Bundle|100\/100\n|-damage|p1a: Iron Bundle|76\/100|[from] Stealth Rock\n|-activate|p1a: Iron Bundle|ability: Quark Drive\n|-start|p1a: Iron Bundle|quarkdrivespe\n|turn|8\n|\n|t:|1700103472\n|move|p1a: Iron Bundle|Substitute|p1a: Iron Bundle\n|-start|p1a: Iron Bundle|Substitute\n|-damage|p1a: Iron Bundle|51\/100\n|move|p2a: Miraidon|Electro Drift|p1a: Iron Bundle\n|-supereffective|p1a: Iron Bundle\n|-crit|p1a: Iron Bundle\n|-end|p1a: Iron Bundle|Substitute\n|\n|upkeep\n|turn|9\n|\n|t:|1700103479\n|move|p1a: Iron Bundle|Ice Beam|p2a: Miraidon\n|-supereffective|p2a: Miraidon\n|-crit|p2a: Miraidon\n|-damage|p2a: Miraidon|0 fnt\n|faint|p2a: Miraidon\n|\n|upkeep\n|\n|t:|1700103484\n|switch|p2a: Calyrex|Calyrex-Shadow|100\/100\n|-ability|p2a: Calyrex|As One\n|-ability|p2a: Calyrex|Unnerve\n|turn|10\n|\n|t:|1700103504\n|move|p1a: Iron Bundle|Hydro Pump|p2a: Calyrex\n|-damage|p2a: Calyrex|40\/100\n|move|p2a: Calyrex|Astral Barrage|p1a: Iron Bundle\n|-damage|p1a: Iron Bundle|0 fnt\n|faint|p1a: Iron Bundle\n|-end|p1a: Iron Bundle|Quark Drive|[silent]\n|-ability|p2a: Calyrex|Grim Neigh|boost\n|-boost|p2a: Calyrex|spa|1\n|\n|-heal|p2a: Calyrex|47\/100|[from] item: Leftovers\n|upkeep\n|\n|t:|1700103513\n|switch|p1a: Calyrex|Calyrex-Shadow|100\/100\n|-ability|p1a: Calyrex|As One\n|-ability|p1a: Calyrex|Unnerve\n|-damage|p1a: Calyrex|88\/100|[from] Stealth Rock\n|turn|11\n|\n|t:|1700103518\n|-terastallize|p1a: Calyrex|Normal\n|-terastallize|p2a: Calyrex|Normal\n|move|p1a: Calyrex|Astral Barrage|p2a: Calyrex\n|-immune|p2a: Calyrex\n|move|p2a: Calyrex|Astral Barrage|p1a: Calyrex\n|-immune|p1a: Calyrex\n|\n|-heal|p2a: Calyrex|53\/100|[from] item: Leftovers\n|-fieldend|move: Electric Terrain\n|upkeep\n|turn|12\n|\n|t:|1700103544\n|move|p2a: Calyrex|Psyshock|p1a: Calyrex\n|-damage|p1a: Calyrex|3\/100\n|move|p1a: Calyrex|Psychic|p2a: Calyrex\n|-damage|p2a: Calyrex|1\/100\n|\n|-heal|p2a: Calyrex|7\/100|[from] item: Leftovers\n|upkeep\n|turn|13\n|\n|t:|1700103554\n|move|p2a: Calyrex|Psyshock|p1a: Calyrex\n|-damage|p1a: Calyrex|0 fnt\n|faint|p1a: Calyrex\n|-ability|p2a: Calyrex|Grim Neigh|boost\n|-boost|p2a: Calyrex|spa|1\n|\n|-heal|p2a: Calyrex|13\/100|[from] item: Leftovers\n|upkeep\n|-message|KDC22w forfeited.\n|\n|win|Kayleb1718\n|raw|KDC22w's rating: 1533 &rarr; <strong>1508<\/strong><br \/>(-25 for losing)\n|raw|Kayleb1718's rating: 1445 &rarr; <strong>1470<\/strong><br \/>(+25 for winning)\n|l|\u2606KDC22w\n","uploadtime":1700103566,"views":4,"p1id":"kdc22w","p2id":"kayleb1718","formatid":"gen9anythinggoes","rating":1470,"private":0,"password":""}