{"id":"gen9anythinggoes-1971511221","p1":"MemeMimicks","p2":"elbfrost","format":"[Gen 9] Anything Goes","log":"|j|\u2606MemeMimicks\n|j|\u2606elbfrost\n|t:|1697744282\n|gametype|singles\n|player|p1|MemeMimicks|emmet|1195\n|player|p2|elbfrost|101|1219\n|teamsize|p1|6\n|teamsize|p2|6\n|gen|9\n|tier|[Gen 9] Anything Goes\n|rated|\n|rule|HP Percentage Mod: HP is shown in percentages\n|rule|Endless Battle Clause: Forcing endless battles is banned\n|clearpoke\n|poke|p1|Glimmora, F|\n|poke|p1|Cyclizar, F|\n|poke|p1|Landorus-Therian, M|\n|poke|p1|Fezandipiti, M|\n|poke|p1|Ursaluna-Bloodmoon, M|\n|poke|p1|Ogerpon-Wellspring, F|\n|poke|p2|Kilowattrel, M|\n|poke|p2|Shiftry, M|\n|poke|p2|Furret, M|\n|poke|p2|Kyogre|\n|poke|p2|Diancie|\n|poke|p2|Beartic, F|\n|teampreview\n|inactive|Battle timer is ON: inactive players will automatically lose when time's up. (requested by elbfrost)\n|\n|t:|1697744290\n|start\n|switch|p1a: Glimmora|Glimmora, F|100\/100\n|switch|p2a: Kyogre|Kyogre|100\/100\n|-weather|RainDance|[from] ability: Drizzle|[of] p2a: Kyogre\n|turn|1\n|\n|t:|1697744297\n|move|p2a: Kyogre|Water Spout|p1a: Glimmora\n|-supereffective|p1a: Glimmora\n|-enditem|p1a: Glimmora|Focus Sash\n|-damage|p1a: Glimmora|1\/100\n|move|p1a: Glimmora|Stealth Rock|p2a: Kyogre\n|-sidestart|p2: elbfrost|move: Stealth Rock\n|\n|-weather|RainDance|[upkeep]\n|upkeep\n|turn|2\n|\n|t:|1697744305\n|switch|p1a: Ogerpon|Ogerpon-Wellspring, F|100\/100\n|move|p2a: Kyogre|Water Spout|p1a: Ogerpon\n|-immune|p1a: Ogerpon|[from] ability: Water Absorb\n|\n|-weather|RainDance|[upkeep]\n|upkeep\n|turn|3\n|\n|t:|1697744312\n|move|p1a: Ogerpon|Trailblaze|p2a: Kyogre\n|-supereffective|p2a: Kyogre\n|-damage|p2a: Kyogre|35\/100\n|-boost|p1a: Ogerpon|spe|1\n|move|p2a: Kyogre|Thunder|p1a: Ogerpon\n|-damage|p1a: Ogerpon|51\/100\n|-status|p1a: Ogerpon|par\n|\n|-weather|RainDance|[upkeep]\n|upkeep\n|turn|4\n|\n|t:|1697744323\n|move|p2a: Kyogre|Thunder|p1a: Ogerpon\n|-damage|p1a: Ogerpon|1\/100 par\n|move|p1a: Ogerpon|Horn Leech|p2a: Kyogre\n|-supereffective|p2a: Kyogre\n|-damage|p2a: Kyogre|0 fnt\n|-heal|p1a: Ogerpon|21\/100 par|[from] drain|[of] p2a: Kyogre\n|faint|p2a: Kyogre\n|\n|-weather|RainDance|[upkeep]\n|upkeep\n|\n|t:|1697744333\n|switch|p2a: Furret|Furret, M|100\/100\n|-damage|p2a: Furret|88\/100|[from] Stealth Rock\n|turn|5\n|\n|t:|1697744340\n|switch|p1a: Glimmora|Glimmora, F|1\/100\n|move|p2a: Furret|Tidy Up|p2a: Furret\n|-sideend|p2: elbfrost|Stealth Rock\n|-activate|p2a: Furret|move: Tidy Up\n|-boost|p2a: Furret|atk|1\n|-boost|p2a: Furret|spe|1\n|\n|-weather|RainDance|[upkeep]\n|-heal|p2a: Furret|94\/100|[from] item: Leftovers\n|upkeep\n|turn|6\n|\n|t:|1697744349\n|move|p2a: Furret|Knock Off|p1a: Glimmora\n|-damage|p1a: Glimmora|0 fnt\n|-activate|p1a: Glimmora|ability: Toxic Debris\n|-sidestart|p2: elbfrost|move: Toxic Spikes\n|faint|p1a: Glimmora\n|\n|-weather|RainDance|[upkeep]\n|-heal|p2a: Furret|100\/100|[from] item: Leftovers\n|upkeep\n|\n|t:|1697744357\n|switch|p1a: Landorus|Landorus-Therian, M|100\/100\n|-ability|p1a: Landorus|Intimidate|boost\n|-unboost|p2a: Furret|atk|1\n|turn|7\n|\n|t:|1697744364\n|move|p2a: Furret|Tidy Up|p2a: Furret\n|-sideend|p2: elbfrost|Toxic Spikes\n|-activate|p2a: Furret|move: Tidy Up\n|-boost|p2a: Furret|atk|1\n|-boost|p2a: Furret|spe|1\n|move|p1a: Landorus|Weather Ball|p2a: Furret\n|-damage|p2a: Furret|35\/100\n|\n|-weather|RainDance|[upkeep]\n|-heal|p2a: Furret|41\/100|[from] item: Leftovers\n|upkeep\n|turn|8\n|\n|t:|1697744374\n|move|p2a: Furret|Knock Off|p1a: Landorus\n|-damage|p1a: Landorus|62\/100\n|-enditem|p1a: Landorus|Assault Vest|[from] move: Knock Off|[of] p2a: Furret\n|move|p1a: Landorus|Weather Ball|p2a: Furret\n|-damage|p2a: Furret|0 fnt\n|faint|p2a: Furret\n|\n|-weather|none\n|upkeep\n|\n|t:|1697744383\n|switch|p2a: Beartic|Beartic, F|100\/100\n|turn|9\n|\n|t:|1697744392\n|-terastallize|p1a: Landorus|Water\n|move|p1a: Landorus|Rock Tomb|p2a: Beartic\n|-supereffective|p2a: Beartic\n|-damage|p2a: Beartic|43\/100\n|-unboost|p2a: Beartic|spe|1\n|move|p2a: Beartic|Icicle Crash|p1a: Landorus\n|-resisted|p1a: Landorus\n|-damage|p1a: Landorus|35\/100\n|\n|upkeep\n|turn|10\n|-message|elbfrost forfeited.\n|\n|win|MemeMimicks\n|raw|MemeMimicks's rating: 1195 &rarr; <strong>1222<\/strong><br \/>(+27 for winning)\n|raw|elbfrost's rating: 1219 &rarr; <strong>1192<\/strong><br \/>(-27 for losing)\n|l|\u2606elbfrost\n","uploadtime":1697744413,"views":9,"p1id":"mememimicks","p2id":"elbfrost","formatid":"gen9anythinggoes","rating":1192,"private":0,"password":""}