{"id":"gen9anythinggoes-1987963334","p1":"LeunamTG","p2":"pepitodechocolate","format":"[Gen 9] Anything Goes","log":"|j|\u2606LeunamTG\n|j|\u2606pepitodechocolate\n|t:|1699653690\n|gametype|singles\n|player|p1|LeunamTG|skyla|\n|player|p2|pepitodechocolate|266|\n|teamsize|p1|6\n|teamsize|p2|6\n|gen|9\n|tier|[Gen 9] Anything Goes\n|rule|HP Percentage Mod: HP is shown in percentages\n|rule|Endless Battle Clause: Forcing endless battles is banned\n|clearpoke\n|poke|p1|Donphan, F|\n|poke|p1|Dragapult, M|\n|poke|p1|Electrode-Hisui|\n|poke|p1|Florges-White, F|\n|poke|p1|Heatran, M|\n|poke|p1|Samurott-Hisui, M|\n|poke|p2|Forretress, M|\n|poke|p2|Haxorus, M|\n|poke|p2|Ting-Lu|\n|poke|p2|Delphox, F|\n|poke|p2|Iron Hands|\n|poke|p2|Flamigo, M|\n|teampreview\n|inactive|Battle timer is ON: inactive players will automatically lose when time's up. (requested by pepitodechocolate)\n|inactiveoff|Battle timer is now OFF.\n|j| exllevi\n|j| Okutum\n|c|\u2606pepitodechocolate|dejamos timer off?\n|c|\u2606LeunamTG|S\u00ed, por favor jajajaja.\n|c|\u2606pepitodechocolate|okay perfe\n|j| mimizukii\n|c|\u2606LeunamTG|Gracias.\n|c|\u2606pepitodechocolate|puesss good luck!\n|c|\u2606LeunamTG|GLHF!\n|l| exllevi\n|\n|t:|1699653796\n|start\n|switch|p1a: Don Pepe|Donphan, F|100\/100\n|switch|p2a: Bowling ball|Forretress, M|100\/100\n|turn|1\n|\n|t:|1699653814\n|move|p1a: Don Pepe|Knock Off|p2a: Bowling ball\n|-damage|p2a: Bowling ball|81\/100\n|-enditem|p2a: Bowling ball|Leftovers|[from] move: Knock Off|[of] p1a: Don Pepe\n|move|p2a: Bowling ball|Body Press|p1a: Don Pepe\n|-damage|p1a: Don Pepe|75\/100\n|\n|upkeep\n|turn|2\n|\n|t:|1699653825\n|move|p1a: Don Pepe|Earthquake|p2a: Bowling ball\n|-damage|p2a: Bowling ball|51\/100\n|move|p2a: Bowling ball|Stealth Rock|p1a: Don Pepe\n|-sidestart|p1: LeunamTG|move: Stealth Rock\n|\n|upkeep\n|turn|3\n|\n|t:|1699653836\n|move|p1a: Don Pepe|Rapid Spin|p2a: Bowling ball\n|-resisted|p2a: Bowling ball\n|-damage|p2a: Bowling ball|46\/100\n|-boost|p1a: Don Pepe|spe|1\n|-sideend|p1: LeunamTG|Stealth Rock|[from] move: Rapid Spin|[of] p1a: Don Pepe\n|move|p2a: Bowling ball|Body Press|p1a: Don Pepe\n|-damage|p1a: Don Pepe|50\/100\n|\n|upkeep\n|turn|4\n|\n|t:|1699653843\n|switch|p2a: Amancio|Flamigo, M|100\/100\n|move|p1a: Don Pepe|Earthquake|p2a: Amancio\n|-immune|p2a: Amancio\n|\n|upkeep\n|turn|5\n|j| victorintre\n|\n|t:|1699653926\n|-terastallize|p2a: Amancio|Fighting\n|move|p2a: Amancio|Close Combat|p1a: Don Pepe\n|-damage|p1a: Don Pepe|0 fnt\n|-unboost|p2a: Amancio|def|1\n|-unboost|p2a: Amancio|spd|1\n|faint|p1a: Don Pepe\n|\n|upkeep\n|\n|t:|1699653945\n|switch|p1a: Desdentado|Dragapult, M|100\/100\n|turn|6\n|\n|t:|1699653964\n|move|p1a: Desdentado|U-turn|p2a: Amancio\n|-resisted|p2a: Amancio\n|-damage|p2a: Amancio|76\/100\n|\n|t:|1699653969\n|switch|p1a: PACHURUUU|Florges-White, F, shiny|100\/100|[from] U-turn\n|move|p2a: Amancio|Close Combat|p1a: PACHURUUU\n|-resisted|p1a: PACHURUUU\n|-damage|p1a: PACHURUUU|68\/100\n|-unboost|p2a: Amancio|def|1\n|-unboost|p2a: Amancio|spd|1\n|\n|-heal|p1a: PACHURUUU|74\/100|[from] item: Leftovers\n|upkeep\n|turn|7\n|\n|t:|1699654020\n|switch|p2a: Foxy|Delphox, F|100\/100\n|move|p1a: PACHURUUU|Moonblast|p2a: Foxy\n|-resisted|p2a: Foxy\n|-damage|p2a: Foxy|79\/100\n|-unboost|p2a: Foxy|spa|1\n|\n|-heal|p1a: PACHURUUU|80\/100|[from] item: Leftovers\n|upkeep\n|turn|8\n|\n|t:|1699654050\n|switch|p2a: Bowling ball|Forretress, M|46\/100\n|move|p1a: PACHURUUU|Baton Pass|p1a: PACHURUUU\n|\n|t:|1699654062\n|switch|p1a: Iron Maiden|Heatran, M|100\/100|[from] Baton Pass\n|-item|p1a: Iron Maiden|Air Balloon\n|\n|upkeep\n|turn|9\n|\n|t:|1699654087\n|switch|p2a: Ciervo-Caldero|Ting-Lu|100\/100\n|-ability|p2a: Ciervo-Caldero|Vessel of Ruin\n|move|p1a: Iron Maiden|Lava Plume|p2a: Ciervo-Caldero\n|-damage|p2a: Ciervo-Caldero|86\/100\n|\n|-heal|p2a: Ciervo-Caldero|92\/100|[from] item: Leftovers\n|upkeep\n|turn|10\n|\n|t:|1699654103\n|move|p1a: Iron Maiden|Taunt|p2a: Ciervo-Caldero\n|-start|p2a: Ciervo-Caldero|move: Taunt\n|move|p2a: Ciervo-Caldero|Throat Chop|p1a: Iron Maiden\n|-damage|p1a: Iron Maiden|82\/100\n|-start|p1a: Iron Maiden|Throat Chop|[silent]\n|-enditem|p1a: Iron Maiden|Air Balloon\n|\n|-heal|p2a: Ciervo-Caldero|98\/100|[from] item: Leftovers\n|upkeep\n|turn|11\n|\n|t:|1699654142\n|switch|p1a: FEUER FREI|Electrode-Hisui|100\/100\n|move|p2a: Ciervo-Caldero|Throat Chop|p1a: FEUER FREI\n|-damage|p1a: FEUER FREI|63\/100\n|-start|p1a: FEUER FREI|Throat Chop|[silent]\n|\n|-heal|p1a: FEUER FREI|69\/100|[from] item: Leftovers\n|-heal|p2a: Ciervo-Caldero|100\/100|[from] item: Leftovers\n|upkeep\n|turn|12\n|\n|t:|1699654152\n|move|p1a: FEUER FREI|Leech Seed|p2a: Ciervo-Caldero\n|-start|p2a: Ciervo-Caldero|move: Leech Seed\n|move|p2a: Ciervo-Caldero|Throat Chop|p1a: FEUER FREI\n|-damage|p1a: FEUER FREI|34\/100\n|\n|-heal|p1a: FEUER FREI|41\/100|[from] item: Leftovers\n|-damage|p2a: Ciervo-Caldero|88\/100|[from] Leech Seed|[of] p1a: FEUER FREI\n|-heal|p1a: FEUER FREI|60\/100|[silent]\n|-end|p2a: Ciervo-Caldero|move: Taunt\n|-end|p1a: FEUER FREI|Throat Chop|[silent]\n|upkeep\n|turn|13\n|\n|t:|1699654261\n|switch|p1a: Yong Sadeul|Samurott-Hisui, M|100\/100\n|switch|p2a: Foxy|Delphox, F|79\/100\n|\n|upkeep\n|turn|14\n|\n|t:|1699654281\n|move|p2a: Foxy|Grass Knot|p1a: Yong Sadeul\n|-supereffective|p1a: Yong Sadeul\n|-damage|p1a: Yong Sadeul|33\/100\n|move|p1a: Yong Sadeul|Ceaseless Edge|p2a: Foxy\n|-supereffective|p2a: Foxy\n|-damage|p2a: Foxy|0 fnt\n|-sidestart|p2: pepitodechocolate|Spikes\n|faint|p2a: Foxy\n|\n|upkeep\n|\n|t:|1699654289\n|switch|p2a: Octubre en la US|Haxorus, M|100\/100\n|-damage|p2a: Octubre en la US|88\/100|[from] Spikes\n|-ability|p2a: Octubre en la US|Mold Breaker\n|turn|15\n|\n|t:|1699654320\n|move|p2a: Octubre en la US|Crunch|p1a: Yong Sadeul\n|-resisted|p1a: Yong Sadeul\n|-damage|p1a: Yong Sadeul|9\/100\n|-damage|p2a: Octubre en la US|78\/100|[from] item: Life Orb\n|move|p1a: Yong Sadeul|Flip Turn|p2a: Octubre en la US\n|-resisted|p2a: Octubre en la US\n|-damage|p2a: Octubre en la US|59\/100\n|\n|t:|1699654345\n|switch|p1a: Desdentado|Dragapult, M|100\/100|[from] Flip Turn\n|\n|upkeep\n|turn|16\n|\n|t:|1699654351\n|switch|p2a: Bowling ball|Forretress, M|46\/100\n|-damage|p2a: Bowling ball|33\/100|[from] Spikes\n|move|p1a: Desdentado|U-turn|p2a: Bowling ball\n|-resisted|p2a: Bowling ball\n|-damage|p2a: Bowling ball|26\/100\n|c| mimizukii|\ud83d\udc41\ud83d\udc41\n|j| Red Krow\n|\n|t:|1699654438\n|switch|p1a: Iron Maiden|Heatran, M|82\/100|[from] U-turn\n|\n|upkeep\n|turn|17\n|\n|t:|1699654452\n|switch|p2a: Ciervo-Caldero|Ting-Lu|88\/100\n|-damage|p2a: Ciervo-Caldero|76\/100|[from] Spikes\n|-ability|p2a: Ciervo-Caldero|Vessel of Ruin\n|move|p1a: Iron Maiden|Lava Plume|p2a: Ciervo-Caldero\n|-damage|p2a: Ciervo-Caldero|62\/100\n|\n|-heal|p2a: Ciervo-Caldero|68\/100|[from] item: Leftovers\n|upkeep\n|turn|18\n|\n|t:|1699654460\n|move|p1a: Iron Maiden|Stealth Rock|p2a: Ciervo-Caldero\n|-sidestart|p2: pepitodechocolate|move: Stealth Rock\n|move|p2a: Ciervo-Caldero|Earthquake|p1a: Iron Maiden\n|-supereffective|p1a: Iron Maiden\n|-damage|p1a: Iron Maiden|0 fnt\n|faint|p1a: Iron Maiden\n|\n|-heal|p2a: Ciervo-Caldero|75\/100|[from] item: Leftovers\n|upkeep\n|\n|t:|1699654478\n|switch|p1a: FEUER FREI|Electrode-Hisui|60\/100\n|turn|19\n|\n|t:|1699654485\n|move|p1a: FEUER FREI|Leech Seed|p2a: Ciervo-Caldero\n|-start|p2a: Ciervo-Caldero|move: Leech Seed\n|move|p2a: Ciervo-Caldero|Earthquake|p1a: FEUER FREI\n|-damage|p1a: FEUER FREI|14\/100\n|\n|-heal|p1a: FEUER FREI|20\/100|[from] item: Leftovers\n|-heal|p2a: Ciervo-Caldero|81\/100|[from] item: Leftovers\n|-damage|p2a: Ciervo-Caldero|68\/100|[from] Leech Seed|[of] p1a: FEUER FREI\n|-heal|p1a: FEUER FREI|40\/100|[silent]\n|upkeep\n|turn|20\n|\n|t:|1699654497\n|switch|p2a: Hamarillama|Iron Hands|100\/100\n|-damage|p2a: Hamarillama|88\/100|[from] Spikes\n|-damage|p2a: Hamarillama|82\/100|[from] Stealth Rock\n|move|p1a: FEUER FREI|Substitute|p1a: FEUER FREI\n|-start|p1a: FEUER FREI|Substitute\n|-damage|p1a: FEUER FREI|15\/100\n|\n|-heal|p1a: FEUER FREI|21\/100|[from] item: Leftovers\n|upkeep\n|turn|21\n|\n|t:|1699654511\n|move|p1a: FEUER FREI|Leech Seed|p2a: Hamarillama\n|-start|p2a: Hamarillama|move: Leech Seed\n|move|p2a: Hamarillama|Drain Punch|p1a: FEUER FREI\n|-end|p1a: FEUER FREI|Substitute\n|-heal|p2a: Hamarillama|90\/100|[from] drain|[of] p1a: FEUER FREI\n|\n|-heal|p1a: FEUER FREI|27\/100|[from] item: Leftovers\n|-damage|p2a: Hamarillama|78\/100|[from] Leech Seed|[of] p1a: FEUER FREI\n|-heal|p1a: FEUER FREI|47\/100|[silent]\n|upkeep\n|turn|22\n|\n|t:|1699654519\n|move|p1a: FEUER FREI|Substitute|p1a: FEUER FREI\n|-start|p1a: FEUER FREI|Substitute\n|-damage|p1a: FEUER FREI|22\/100\n|move|p2a: Hamarillama|Drain Punch|p1a: FEUER FREI\n|-end|p1a: FEUER FREI|Substitute\n|-heal|p2a: Hamarillama|86\/100|[from] drain|[of] p1a: FEUER FREI\n|\n|-heal|p1a: FEUER FREI|28\/100|[from] item: Leftovers\n|-damage|p2a: Hamarillama|73\/100|[from] Leech Seed|[of] p1a: FEUER FREI\n|-heal|p1a: FEUER FREI|47\/100|[silent]\n|upkeep\n|turn|23\n|\n|t:|1699654528\n|move|p1a: FEUER FREI|Substitute|p1a: FEUER FREI\n|-start|p1a: FEUER FREI|Substitute\n|-damage|p1a: FEUER FREI|22\/100\n|move|p2a: Hamarillama|Drain Punch|p1a: FEUER FREI\n|-end|p1a: FEUER FREI|Substitute\n|-heal|p2a: Hamarillama|81\/100|[from] drain|[of] p1a: FEUER FREI\n|\n|-heal|p1a: FEUER FREI|29\/100|[from] item: Leftovers\n|-damage|p2a: Hamarillama|69\/100|[from] Leech Seed|[of] p1a: FEUER FREI\n|-heal|p1a: FEUER FREI|48\/100|[silent]\n|upkeep\n|turn|24\n|\n|t:|1699654546\n|-end|p2a: Hamarillama|Quark Drive|[silent]\n|switch|p2a: Ciervo-Caldero|Ting-Lu|68\/100\n|-damage|p2a: Ciervo-Caldero|56\/100|[from] Spikes\n|-damage|p2a: Ciervo-Caldero|50\/100|[from] Stealth Rock\n|-ability|p2a: Ciervo-Caldero|Vessel of Ruin\n|move|p1a: FEUER FREI|Substitute|p1a: FEUER FREI\n|-start|p1a: FEUER FREI|Substitute\n|-damage|p1a: FEUER FREI|23\/100\n|\n|-heal|p1a: FEUER FREI|29\/100|[from] item: Leftovers\n|-heal|p2a: Ciervo-Caldero|56\/100|[from] item: Leftovers\n|upkeep\n|turn|25\n|\n|t:|1699654555\n|move|p2a: Ciervo-Caldero|Protect|p2a: Ciervo-Caldero\n|-singleturn|p2a: Ciervo-Caldero|Protect\n|move|p1a: FEUER FREI|Leech Seed|p2a: Ciervo-Caldero\n|-activate|p2a: Ciervo-Caldero|move: Protect\n|\n|-heal|p1a: FEUER FREI|35\/100|[from] item: Leftovers\n|-heal|p2a: Ciervo-Caldero|62\/100|[from] item: Leftovers\n|upkeep\n|turn|26\n|\n|t:|1699654558\n|move|p1a: FEUER FREI|Leech Seed|p2a: Ciervo-Caldero\n|-start|p2a: Ciervo-Caldero|move: Leech Seed\n|move|p2a: Ciervo-Caldero|Whirlwind|p1a: FEUER FREI\n|drag|p1a: PACHURUUU|Florges-White, F, shiny|80\/100\n|\n|-heal|p1a: PACHURUUU|86\/100|[from] item: Leftovers\n|-heal|p2a: Ciervo-Caldero|68\/100|[from] item: Leftovers\n|-damage|p2a: Ciervo-Caldero|56\/100|[from] Leech Seed|[of] p1a: PACHURUUU\n|-heal|p1a: PACHURUUU|100\/100|[silent]\n|upkeep\n|turn|27\n|\n|t:|1699654572\n|switch|p2a: Bowling ball|Forretress, M|26\/100\n|-damage|p2a: Bowling ball|14\/100|[from] Spikes\n|-damage|p2a: Bowling ball|1\/100|[from] Stealth Rock\n|move|p1a: PACHURUUU|Wish|p1a: PACHURUUU\n|\n|upkeep\n|turn|28\n|\n|t:|1699654582\n|move|p1a: PACHURUUU|Moonblast|p2a: Bowling ball\n|-resisted|p2a: Bowling ball\n|-damage|p2a: Bowling ball|0 fnt\n|faint|p2a: Bowling ball\n|\n|upkeep\n|\n|t:|1699654596\n|switch|p2a: Hamarillama|Iron Hands|69\/100\n|-damage|p2a: Hamarillama|57\/100|[from] Spikes\n|-damage|p2a: Hamarillama|50\/100|[from] Stealth Rock\n|turn|29\n|\n|t:|1699654628\n|move|p2a: Hamarillama|Fake Out|p1a: PACHURUUU\n|-damage|p1a: PACHURUUU|88\/100\n|cant|p1a: PACHURUUU|flinch\n|\n|-heal|p1a: PACHURUUU|94\/100|[from] item: Leftovers\n|upkeep\n|turn|30\n|\n|t:|1699654634\n|move|p1a: PACHURUUU|Moonblast|p2a: Hamarillama\n|-supereffective|p2a: Hamarillama\n|-damage|p2a: Hamarillama|11\/100\n|move|p2a: Hamarillama|Heavy Slam|p1a: PACHURUUU\n|-supereffective|p1a: PACHURUUU\n|-damage|p1a: PACHURUUU|21\/100\n|\n|-heal|p1a: PACHURUUU|27\/100|[from] item: Leftovers\n|upkeep\n|turn|31\n|\n|t:|1699654643\n|move|p1a: PACHURUUU|Protect|p1a: PACHURUUU\n|-singleturn|p1a: PACHURUUU|Protect\n|move|p2a: Hamarillama|Heavy Slam|p1a: PACHURUUU\n|-activate|p1a: PACHURUUU|move: Protect\n|\n|-heal|p1a: PACHURUUU|34\/100|[from] item: Leftovers\n|upkeep\n|turn|32\n|\n|t:|1699654648\n|move|p1a: PACHURUUU|Moonblast|p2a: Hamarillama\n|-supereffective|p2a: Hamarillama\n|-damage|p2a: Hamarillama|0 fnt\n|faint|p2a: Hamarillama\n|-end|p2a: Hamarillama|Quark Drive|[silent]\n|\n|-heal|p1a: PACHURUUU|40\/100|[from] item: Leftovers\n|upkeep\n|\n|t:|1699654656\n|switch|p2a: Amancio|Flamigo, M, tera:Fighting|76\/100\n|-damage|p2a: Amancio|64\/100|[from] Spikes\n|-damage|p2a: Amancio|58\/100|[from] Stealth Rock\n|turn|33\n|\n|t:|1699654681\n|move|p1a: PACHURUUU|Protect|p1a: PACHURUUU\n|-singleturn|p1a: PACHURUUU|Protect\n|move|p2a: Amancio|Brave Bird|p1a: PACHURUUU\n|-activate|p1a: PACHURUUU|move: Protect\n|\n|-heal|p1a: PACHURUUU|46\/100|[from] item: Leftovers\n|upkeep\n|turn|34\n|\n|t:|1699654689\n|move|p2a: Amancio|Brave Bird|p1a: PACHURUUU\n|-damage|p1a: PACHURUUU|0 fnt\n|faint|p1a: PACHURUUU\n|-damage|p2a: Amancio|41\/100|[from] Recoil\n|\n|upkeep\n|\n|t:|1699654697\n|switch|p1a: Desdentado|Dragapult, M|100\/100\n|turn|35\n|\n|t:|1699654703\n|move|p1a: Desdentado|Dragon Darts|p2a: Amancio\n|-damage|p2a: Amancio|7\/100\n|-anim|p1a: Desdentado|Dragon Darts|p2a: Amancio\n|-damage|p2a: Amancio|0 fnt\n|faint|p2a: Amancio\n|\n|upkeep\n|\n|t:|1699654706\n|switch|p2a: Ciervo-Caldero|Ting-Lu|56\/100\n|-damage|p2a: Ciervo-Caldero|43\/100|[from] Spikes\n|-damage|p2a: Ciervo-Caldero|37\/100|[from] Stealth Rock\n|-ability|p2a: Ciervo-Caldero|Vessel of Ruin\n|turn|36\n|\n|t:|1699654753\n|switch|p1a: FEUER FREI|Electrode-Hisui|35\/100\n|move|p2a: Ciervo-Caldero|Throat Chop|p1a: FEUER FREI\n|-damage|p1a: FEUER FREI|0 fnt\n|-status|p2a: Ciervo-Caldero|par|[from] ability: Static|[of] p1a: FEUER FREI\n|faint|p1a: FEUER FREI\n|\n|-heal|p2a: Ciervo-Caldero|43\/100 par|[from] item: Leftovers\n|upkeep\n|\n|t:|1699654778\n|switch|p1a: Yong Sadeul|Samurott-Hisui, M|9\/100\n|turn|37\n|\n|t:|1699654781\n|cant|p2a: Ciervo-Caldero|par\n|move|p1a: Yong Sadeul|Razor Shell|p2a: Ciervo-Caldero\n|-supereffective|p2a: Ciervo-Caldero\n|-damage|p2a: Ciervo-Caldero|0 fnt\n|faint|p2a: Ciervo-Caldero\n|\n|upkeep\n|\n|t:|1699654785\n|switch|p2a: Octubre en la US|Haxorus, M|59\/100\n|-damage|p2a: Octubre en la US|46\/100|[from] Spikes\n|-damage|p2a: Octubre en la US|34\/100|[from] Stealth Rock\n|-ability|p2a: Octubre en la US|Mold Breaker\n|turn|38\n|\n|t:|1699654803\n|move|p1a: Yong Sadeul|Sucker Punch|p2a: Octubre en la US\n|-damage|p2a: Octubre en la US|0 fnt\n|faint|p2a: Octubre en la US\n|\n|win|LeunamTG\n|c|\u2606pepitodechocolate|gg!\n|c|\u2606LeunamTG|GG.\n|l| mimizukii\n|l|\u2606LeunamTG\n","uploadtime":1699654811,"views":33,"p1id":"leunamtg","p2id":"pepitodechocolate","formatid":"gen9anythinggoes","rating":0,"private":0,"password":""}