{"id":"gen9anythinggoes-1977508210","p1":"Yertrash Brock","p2":"D\u2019Angelo Buffala","format":"[Gen 9] Anything Goes","log":"|j|\u2606Yertrash Brock\n|j|\u203dD\u2019Angelo Buffala\n|t:|1698423023\n|gametype|singles\n|player|p1|Yertrash Brock|lady|1027\n|player|p2|D\u2019Angelo Buffala|clerkf|1000\n|teamsize|p1|6\n|teamsize|p2|6\n|gen|9\n|tier|[Gen 9] Anything Goes\n|rated|\n|rule|HP Percentage Mod: HP is shown in percentages\n|rule|Endless Battle Clause: Forcing endless battles is banned\n|clearpoke\n|poke|p1|Salazzle, F|\n|poke|p1|Salazzle, F|\n|poke|p1|Salazzle, F|\n|poke|p1|Salazzle, F|\n|poke|p1|Salazzle, F|\n|poke|p1|Salazzle, F|\n|poke|p2|Annihilape, M|\n|poke|p2|Snorlax, F|\n|poke|p2|Sableye, M|\n|poke|p2|Calyrex-Shadow|\n|poke|p2|Espathra, F|\n|poke|p2|Clefable, F|\n|teampreview\n|\n|t:|1698423027\n|start\n|switch|p1a: I'm Gonna|Salazzle, F, shiny|100\/100\n|switch|p2a: Espathra|Espathra, F|100\/100\n|turn|1\n|\n|t:|1698423036\n|move|p1a: I'm Gonna|Sand Attack|p2a: Espathra\n|-unboost|p2a: Espathra|accuracy|1\n|move|p2a: Espathra|Calm Mind|p2a: Espathra\n|-boost|p2a: Espathra|spa|1\n|-boost|p2a: Espathra|spd|1\n|\n|upkeep\n|turn|2\n|\n|t:|1698423049\n|switch|p2a: Sableye|Sableye, M|100\/100\n|move|p1a: I'm Gonna|Flamethrower|p2a: Sableye\n|-damage|p2a: Sableye|44\/100\n|\n|-heal|p2a: Sableye|50\/100|[from] item: Leftovers\n|upkeep\n|turn|3\n|\n|t:|1698423058\n|move|p2a: Sableye|Thunder Wave|p1a: I'm Gonna\n|-status|p1a: I'm Gonna|par\n|move|p1a: I'm Gonna|Sand Attack|p2a: Sableye\n|-unboost|p2a: Sableye|accuracy|1\n|\n|-heal|p2a: Sableye|57\/100|[from] item: Leftovers\n|upkeep\n|turn|4\n|\n|t:|1698423066\n|switch|p2a: Clefable|Clefable, F|100\/100\n|move|p1a: I'm Gonna|Flamethrower|p2a: Clefable\n|-damage|p2a: Clefable|61\/100\n|\n|-heal|p2a: Clefable|68\/100|[from] item: Leftovers\n|upkeep\n|turn|5\n|\n|t:|1698423078\n|move|p2a: Clefable|Moonlight|p2a: Clefable\n|-heal|p2a: Clefable|100\/100\n|move|p1a: I'm Gonna|Sludge Bomb|p2a: Clefable\n|-supereffective|p2a: Clefable\n|-damage|p2a: Clefable|20\/100\n|\n|-heal|p2a: Clefable|26\/100|[from] item: Leftovers\n|upkeep\n|turn|6\n|\n|t:|1698423086\n|switch|p2a: Sableye|Sableye, M|57\/100\n|move|p1a: I'm Gonna|Sludge Bomb|p2a: Sableye\n|-resisted|p2a: Sableye\n|-damage|p2a: Sableye|25\/100\n|\n|-heal|p2a: Sableye|31\/100|[from] item: Leftovers\n|upkeep\n|turn|7\n|\n|t:|1698423094\n|move|p2a: Sableye|Metronome|p2a: Sableye\n|move|p2a: Sableye|Inferno|p1a: I'm Gonna|[from]move: Metronome|[miss]\n|-miss|p2a: Sableye|p1a: I'm Gonna\n|move|p1a: I'm Gonna|Flamethrower|p2a: Sableye\n|-damage|p2a: Sableye|0 fnt\n|faint|p2a: Sableye\n|\n|upkeep\n|\n|t:|1698423103\n|switch|p2a: Espathra|Espathra, F|100\/100\n|turn|8\n|\n|t:|1698423110\n|move|p2a: Espathra|Calm Mind|p2a: Espathra\n|-boost|p2a: Espathra|spa|1\n|-boost|p2a: Espathra|spd|1\n|move|p1a: I'm Gonna|Sludge Bomb|p2a: Espathra\n|-damage|p2a: Espathra|69\/100\n|\n|-heal|p2a: Espathra|75\/100|[from] item: Leftovers\n|upkeep\n|turn|9\n|\n|t:|1698423121\n|move|p2a: Espathra|Baton Pass|p2a: Espathra\n|\n|t:|1698423122\n|switch|p2a: Annihilape|Annihilape, M|100\/100|[from] Baton Pass\n|move|p1a: I'm Gonna|Sludge Bomb|p2a: Annihilape\n|-resisted|p2a: Annihilape\n|-damage|p2a: Annihilape|88\/100\n|-status|p2a: Annihilape|psn\n|\n|-heal|p2a: Annihilape|95\/100 psn|[from] item: Leftovers\n|-damage|p2a: Annihilape|82\/100 psn|[from] psn\n|upkeep\n|turn|10\n|\n|t:|1698423134\n|move|p2a: Annihilape|Focus Energy|p2a: Annihilape\n|-start|p2a: Annihilape|move: Focus Energy\n|cant|p1a: I'm Gonna|par\n|\n|-heal|p2a: Annihilape|88\/100 psn|[from] item: Leftovers\n|-damage|p2a: Annihilape|76\/100 psn|[from] psn\n|upkeep\n|turn|11\n|\n|t:|1698423141\n|move|p2a: Annihilape|Metronome|p2a: Annihilape\n|move|p2a: Annihilape|Corrosive Gas|p1a: I'm Gonna|[from]move: Metronome\n|-enditem|p1a: I'm Gonna|Black Glasses|[from] move: Corrosive Gas|[of] p2a: Annihilape\n|cant|p1a: I'm Gonna|par\n|\n|-heal|p2a: Annihilape|82\/100 psn|[from] item: Leftovers\n|-damage|p2a: Annihilape|69\/100 psn|[from] psn\n|upkeep\n|turn|12\n|\n|t:|1698423147\n|move|p2a: Annihilape|Metronome|p2a: Annihilape\n|move|p2a: Annihilape|Howl|p2a: Annihilape|[from]move: Metronome\n|-boost|p2a: Annihilape|atk|1\n|move|p1a: I'm Gonna|Flamethrower|p2a: Annihilape\n|-damage|p2a: Annihilape|44\/100 psn\n|\n|-heal|p2a: Annihilape|50\/100 psn|[from] item: Leftovers\n|-damage|p2a: Annihilape|38\/100 psn|[from] psn\n|upkeep\n|turn|13\n|\n|t:|1698423161\n|move|p2a: Annihilape|Metronome|p2a: Annihilape\n|move|p2a: Annihilape|Shadow Punch|p1a: I'm Gonna|[from]move: Metronome\n|-crit|p1a: I'm Gonna\n|-damage|p1a: I'm Gonna|22\/100 par\n|move|p1a: I'm Gonna|Flamethrower|p2a: Annihilape\n|-damage|p2a: Annihilape|13\/100 psn\n|\n|-heal|p2a: Annihilape|20\/100 psn|[from] item: Leftovers\n|-damage|p2a: Annihilape|7\/100 psn|[from] psn\n|upkeep\n|turn|14\n|\n|t:|1698423171\n|move|p2a: Annihilape|Rest|p2a: Annihilape\n|-status|p2a: Annihilape|slp|[from] move: Rest\n|-heal|p2a: Annihilape|100\/100 slp|[silent]\n|move|p1a: I'm Gonna|Flamethrower|p2a: Annihilape\n|-damage|p2a: Annihilape|74\/100 slp\n|\n|-heal|p2a: Annihilape|80\/100 slp|[from] item: Leftovers\n|upkeep\n|turn|15\n|\n|t:|1698423181\n|cant|p2a: Annihilape|slp\n|move|p1a: I'm Gonna|Sludge Bomb|p2a: Annihilape\n|-resisted|p2a: Annihilape\n|-damage|p2a: Annihilape|68\/100 slp\n|\n|-heal|p2a: Annihilape|75\/100 slp|[from] item: Leftovers\n|upkeep\n|turn|16\n|\n|t:|1698423188\n|cant|p2a: Annihilape|slp\n|cant|p1a: I'm Gonna|par\n|\n|-heal|p2a: Annihilape|81\/100 slp|[from] item: Leftovers\n|upkeep\n|turn|17\n|\n|t:|1698423194\n|-curestatus|p2a: Annihilape|slp|[msg]\n|move|p2a: Annihilape|Metronome|p2a: Annihilape\n|move|p2a: Annihilape|Burn Up||[from]move: Metronome|[still]\n|-fail|p2a: Annihilape|move: Burn Up\n|move|p1a: I'm Gonna|Sludge Bomb|p2a: Annihilape\n|-resisted|p2a: Annihilape\n|-damage|p2a: Annihilape|69\/100\n|\n|-heal|p2a: Annihilape|75\/100|[from] item: Leftovers\n|upkeep\n|turn|18\n|\n|t:|1698423202\n|move|p2a: Annihilape|Metronome|p2a: Annihilape\n|move|p2a: Annihilape|Stuff Cheeks||[from]move: Metronome|[still]\n|-fail|p2a: Annihilape\n|move|p1a: I'm Gonna|Sludge Bomb|p2a: Annihilape\n|-resisted|p2a: Annihilape\n|-damage|p2a: Annihilape|63\/100\n|-status|p2a: Annihilape|psn\n|\n|-heal|p2a: Annihilape|69\/100 psn|[from] item: Leftovers\n|-damage|p2a: Annihilape|57\/100 psn|[from] psn\n|upkeep\n|turn|19\n|\n|t:|1698423212\n|move|p2a: Annihilape|Metronome|p2a: Annihilape\n|move|p2a: Annihilape|Mega Punch|p1a: I'm Gonna|[from]move: Metronome\n|-crit|p1a: I'm Gonna\n|-damage|p1a: I'm Gonna|0 fnt\n|faint|p1a: I'm Gonna\n|\n|-heal|p2a: Annihilape|63\/100 psn|[from] item: Leftovers\n|-damage|p2a: Annihilape|50\/100 psn|[from] psn\n|upkeep\n|\n|t:|1698423220\n|switch|p1a: Put Some|Salazzle, F, shiny|100\/100\n|turn|20\n|\n|t:|1698423223\n|move|p1a: Put Some|Sand Attack|p2a: Annihilape\n|-unboost|p2a: Annihilape|accuracy|1\n|-ability|p2a: Annihilape|Defiant|boost\n|-boost|p2a: Annihilape|atk|2\n|move|p2a: Annihilape|Rest|p2a: Annihilape\n|-status|p2a: Annihilape|slp|[from] move: Rest\n|-heal|p2a: Annihilape|100\/100 slp|[silent]\n|\n|upkeep\n|turn|21\n|\n|t:|1698423235\n|-terastallize|p1a: Put Some|Poison\n|move|p1a: Put Some|Sludge Bomb|p2a: Annihilape\n|-resisted|p2a: Annihilape\n|-damage|p2a: Annihilape|85\/100 slp\n|cant|p2a: Annihilape|slp\n|\n|-heal|p2a: Annihilape|91\/100 slp|[from] item: Leftovers\n|upkeep\n|turn|22\n|\n|t:|1698423243\n|move|p1a: Put Some|Sludge Bomb|p2a: Annihilape\n|-resisted|p2a: Annihilape\n|-damage|p2a: Annihilape|74\/100 slp\n|cant|p2a: Annihilape|slp\n|\n|-heal|p2a: Annihilape|80\/100 slp|[from] item: Leftovers\n|upkeep\n|turn|23\n|\n|t:|1698423249\n|move|p1a: Put Some|Flamethrower|p2a: Annihilape\n|-damage|p2a: Annihilape|55\/100 slp\n|-curestatus|p2a: Annihilape|slp|[msg]\n|move|p2a: Annihilape|Metronome|p2a: Annihilape\n|move|p2a: Annihilape|Eerie Impulse|p1a: Put Some|[from]move: Metronome\n|-unboost|p1a: Put Some|spa|2\n|\n|-heal|p2a: Annihilape|62\/100|[from] item: Leftovers\n|upkeep\n|turn|24\n|\n|t:|1698423258\n|move|p1a: Put Some|Flamethrower|p2a: Annihilape\n|-damage|p2a: Annihilape|50\/100\n|move|p2a: Annihilape|Metronome|p2a: Annihilape\n|move|p2a: Annihilape|Substitute|p2a: Annihilape|[from]move: Metronome\n|-start|p2a: Annihilape|Substitute\n|-damage|p2a: Annihilape|25\/100\n|\n|-heal|p2a: Annihilape|31\/100|[from] item: Leftovers\n|upkeep\n|turn|25\n|\n|t:|1698423271\n|move|p1a: Put Some|Flamethrower|p2a: Annihilape\n|-activate|p2a: Annihilape|move: Substitute|[damage]\n|move|p2a: Annihilape|Rest|p2a: Annihilape\n|-status|p2a: Annihilape|slp|[from] move: Rest\n|-heal|p2a: Annihilape|100\/100 slp|[silent]\n|\n|upkeep\n|turn|26\n|\n|t:|1698423279\n|move|p1a: Put Some|Flamethrower|p2a: Annihilape\n|-activate|p2a: Annihilape|move: Substitute|[damage]\n|cant|p2a: Annihilape|slp\n|\n|upkeep\n|turn|27\n|\n|t:|1698423284\n|move|p1a: Put Some|Flamethrower|p2a: Annihilape\n|-end|p2a: Annihilape|Substitute\n|cant|p2a: Annihilape|slp\n|\n|upkeep\n|turn|28\n|\n|t:|1698423289\n|move|p1a: Put Some|Flamethrower|p2a: Annihilape\n|-damage|p2a: Annihilape|88\/100 slp\n|-curestatus|p2a: Annihilape|slp|[msg]\n|move|p2a: Annihilape|Metronome|p2a: Annihilape\n|move|p2a: Annihilape|Weather Ball|p1a: Put Some|[from]move: Metronome\n|-damage|p1a: Put Some|86\/100\n|\n|-heal|p2a: Annihilape|94\/100|[from] item: Leftovers\n|upkeep\n|turn|29\n|\n|t:|1698423298\n|move|p1a: Put Some|Flamethrower|p2a: Annihilape\n|-damage|p2a: Annihilape|82\/100\n|move|p2a: Annihilape|Metronome|p2a: Annihilape\n|move|p2a: Annihilape|Power Trip|p1a: Put Some|[from]move: Metronome\n|-crit|p1a: Put Some\n|-damage|p1a: Put Some|0 fnt\n|faint|p1a: Put Some\n|\n|-heal|p2a: Annihilape|88\/100|[from] item: Leftovers\n|upkeep\n|\n|t:|1698423308\n|switch|p1a: Dirt|Salazzle, F, shiny|100\/100\n|turn|30\n|\n|t:|1698423312\n|move|p1a: Dirt|Sand Attack|p2a: Annihilape\n|-unboost|p2a: Annihilape|accuracy|1\n|-ability|p2a: Annihilape|Defiant|boost\n|-boost|p2a: Annihilape|atk|2\n|move|p2a: Annihilape|Metronome|p2a: Annihilape\n|move|p2a: Annihilape|Shadow Sneak|p1a: Dirt|[from]move: Metronome\n|-damage|p1a: Dirt|16\/100\n|\n|-heal|p2a: Annihilape|95\/100|[from] item: Leftovers\n|upkeep\n|turn|31\n|c|\u2606Yertrash Brock|How are two geniuses like us at the bottom of the ladder?\n|\n|t:|1698423325\n|move|p1a: Dirt|Flamethrower|p2a: Annihilape\n|-crit|p2a: Annihilape\n|-damage|p2a: Annihilape|39\/100\n|-status|p2a: Annihilape|brn\n|move|p2a: Annihilape|Metronome|p2a: Annihilape\n|move|p2a: Annihilape|Iron Head|p1a: Dirt|[from]move: Metronome\n|-resisted|p1a: Dirt\n|-crit|p1a: Dirt\n|-damage|p1a: Dirt|0 fnt\n|faint|p1a: Dirt\n|\n|-heal|p2a: Annihilape|45\/100 brn|[from] item: Leftovers\n|-damage|p2a: Annihilape|39\/100 brn|[from] brn\n|upkeep\n|\n|t:|1698423337\n|switch|p1a: In|Salazzle, F, shiny|100\/100\n|turn|32\n|\n|t:|1698423341\n|move|p1a: In|Sand Attack|p2a: Annihilape\n|-unboost|p2a: Annihilape|accuracy|1\n|-ability|p2a: Annihilape|Defiant|boost\n|-boost|p2a: Annihilape|atk|1\n|move|p2a: Annihilape|Rest|p2a: Annihilape\n|-status|p2a: Annihilape|slp|[from] move: Rest\n|-heal|p2a: Annihilape|100\/100 slp|[silent]\n|\n|upkeep\n|turn|33\n|\n|t:|1698423350\n|move|p1a: In|Flamethrower|p2a: Annihilape\n|-damage|p2a: Annihilape|74\/100 slp\n|cant|p2a: Annihilape|slp\n|\n|-heal|p2a: Annihilape|80\/100 slp|[from] item: Leftovers\n|upkeep\n|turn|34\n|\n|t:|1698423356\n|move|p1a: In|Flamethrower|p2a: Annihilape\n|-damage|p2a: Annihilape|56\/100 slp\n|cant|p2a: Annihilape|slp\n|\n|-heal|p2a: Annihilape|63\/100 slp|[from] item: Leftovers\n|upkeep\n|turn|35\n|\n|t:|1698423362\n|move|p1a: In|Flamethrower|p2a: Annihilape\n|-damage|p2a: Annihilape|39\/100 slp\n|-curestatus|p2a: Annihilape|slp|[msg]\n|move|p2a: Annihilape|Metronome|p2a: Annihilape\n|move|p2a: Annihilape|Sunny Day|p2a: Annihilape|[from]move: Metronome\n|-weather|SunnyDay\n|\n|-weather|SunnyDay|[upkeep]\n|-heal|p2a: Annihilape|45\/100|[from] item: Leftovers\n|upkeep\n|turn|36\n|\n|t:|1698423371\n|move|p1a: In|Flamethrower|p2a: Annihilape\n|-damage|p2a: Annihilape|6\/100\n|move|p2a: Annihilape|Metronome|p2a: Annihilape\n|move|p2a: Annihilape|Matcha Gotcha|p1a: In|[from]move: Metronome|[miss]\n|-miss|p2a: Annihilape|p1a: In\n|\n|-weather|SunnyDay|[upkeep]\n|-heal|p2a: Annihilape|12\/100|[from] item: Leftovers\n|upkeep\n|turn|37\n|\n|t:|1698423380\n|move|p1a: In|Flamethrower|p2a: Annihilape\n|-damage|p2a: Annihilape|0 fnt\n|faint|p2a: Annihilape\n|\n|-weather|SunnyDay|[upkeep]\n|upkeep\n|\n|t:|1698423386\n|switch|p2a: Espathra|Espathra, F|75\/100\n|turn|38\n|\n|t:|1698423390\n|move|p1a: In|Flamethrower|p2a: Espathra\n|-damage|p2a: Espathra|2\/100\n|move|p2a: Espathra|Calm Mind|p2a: Espathra\n|-boost|p2a: Espathra|spa|1\n|-boost|p2a: Espathra|spd|1\n|\n|-weather|SunnyDay|[upkeep]\n|-heal|p2a: Espathra|8\/100|[from] item: Leftovers\n|upkeep\n|turn|39\n|\n|t:|1698423399\n|move|p1a: In|Flamethrower|p2a: Espathra\n|-damage|p2a: Espathra|0 fnt\n|faint|p2a: Espathra\n|\n|-weather|none\n|upkeep\n|\n|t:|1698423403\n|switch|p2a: Clefable|Clefable, F|26\/100\n|turn|40\n|\n|t:|1698423406\n|move|p1a: In|Flamethrower|p2a: Clefable\n|-damage|p2a: Clefable|0 fnt\n|faint|p2a: Clefable\n|\n|upkeep\n|\n|t:|1698423411\n|switch|p2a: Calyrex|Calyrex-Shadow|100\/100\n|-ability|p2a: Calyrex|As One\n|-ability|p2a: Calyrex|Unnerve\n|turn|41\n|\n|t:|1698423420\n|move|p2a: Calyrex|Metronome|p2a: Calyrex\n|move|p2a: Calyrex|Encore|p1a: In|[from]move: Metronome\n|-start|p1a: In|Encore\n|move|p1a: In|Flamethrower|p2a: Calyrex\n|-damage|p2a: Calyrex|54\/100\n|\n|upkeep\n|turn|42\n|\n|t:|1698423426\n|move|p2a: Calyrex|Metronome|p2a: Calyrex\n|move|p2a: Calyrex|Focus Energy|p2a: Calyrex|[from]move: Metronome\n|-start|p2a: Calyrex|move: Focus Energy\n|move|p1a: In|Flamethrower|p2a: Calyrex\n|-damage|p2a: Calyrex|3\/100\n|\n|upkeep\n|turn|43\n|c|\u2606Yertrash Brock|I respect your commitment to the metronome.\n|\n|t:|1698423443\n|move|p2a: Calyrex|Metronome|p2a: Calyrex\n|move|p2a: Calyrex|Toxic|p1a: In|[from]move: Metronome\n|-immune|p1a: In\n|move|p1a: In|Flamethrower|p2a: Calyrex\n|-damage|p2a: Calyrex|0 fnt\n|faint|p2a: Calyrex\n|\n|-end|p1a: In|Encore\n|upkeep\n|\n|t:|1698423452\n|switch|p2a: Snorlax|Snorlax, F|100\/100\n|turn|44\n|\n|t:|1698423458\n|move|p1a: In|Sand Attack|p2a: Snorlax\n|-unboost|p2a: Snorlax|accuracy|1\n|move|p2a: Snorlax|Metronome|p2a: Snorlax\n|move|p2a: Snorlax|Attract|p1a: In|[from]move: Metronome\n|-immune|p1a: In\n|\n|upkeep\n|turn|45\n|\n|t:|1698423464\n|move|p1a: In|Flamethrower|p2a: Snorlax\n|-damage|p2a: Snorlax|86\/100\n|move|p2a: Snorlax|Metronome|p2a: Snorlax\n|move|p2a: Snorlax|Hydro Pump|p1a: In|[from]move: Metronome|[miss]\n|-miss|p2a: Snorlax|p1a: In\n|\n|-heal|p2a: Snorlax|92\/100|[from] item: Leftovers\n|upkeep\n|turn|46\n|\n|t:|1698423472\n|move|p1a: In|Flamethrower|p2a: Snorlax\n|-damage|p2a: Snorlax|79\/100\n|move|p2a: Snorlax|Metronome|p2a: Snorlax\n|move|p2a: Snorlax|Spit Up||[from]move: Metronome|[still]\n|-fail|p2a: Snorlax\n|\n|-heal|p2a: Snorlax|85\/100|[from] item: Leftovers\n|upkeep\n|turn|47\n|\n|t:|1698423479\n|move|p1a: In|Sludge Bomb|p2a: Snorlax\n|-damage|p2a: Snorlax|59\/100\n|-status|p2a: Snorlax|psn\n|move|p2a: Snorlax|Metronome|p2a: Snorlax\n|move|p2a: Snorlax|Earth Power|p1a: In|[from]move: Metronome\n|-supereffective|p1a: In\n|-damage|p1a: In|5\/100\n|\n|-heal|p2a: Snorlax|66\/100 psn|[from] item: Leftovers\n|-damage|p2a: Snorlax|53\/100 psn|[from] psn\n|upkeep\n|turn|48\n|\n|t:|1698423491\n|move|p1a: In|Flamethrower|p2a: Snorlax\n|-damage|p2a: Snorlax|40\/100 psn\n|move|p2a: Snorlax|Rest|p2a: Snorlax\n|-status|p2a: Snorlax|slp|[from] move: Rest\n|-heal|p2a: Snorlax|100\/100 slp|[silent]\n|\n|upkeep\n|turn|49\n|\n|t:|1698423498\n|move|p1a: In|Sludge Bomb|p2a: Snorlax\n|-damage|p2a: Snorlax|72\/100 slp\n|cant|p2a: Snorlax|slp\n|move|p2a: Snorlax|Sleep Talk|p2a: Snorlax\n|move|p2a: Snorlax|Rest||[from]move: Sleep Talk|[still]\n|-fail|p2a: Snorlax\n|\n|-heal|p2a: Snorlax|78\/100 slp|[from] item: Leftovers\n|upkeep\n|turn|50\n|\n|t:|1698423508\n|move|p1a: In|Sand Attack|p2a: Snorlax\n|-unboost|p2a: Snorlax|accuracy|1\n|cant|p2a: Snorlax|slp\n|move|p2a: Snorlax|Sleep Talk|p2a: Snorlax\n|move|p2a: Snorlax|Substitute|p2a: Snorlax|[from]move: Sleep Talk\n|-start|p2a: Snorlax|Substitute\n|-damage|p2a: Snorlax|53\/100 slp\n|\n|-heal|p2a: Snorlax|59\/100 slp|[from] item: Leftovers\n|upkeep\n|turn|51\n|\n|t:|1698423536\n|move|p1a: In|Flamethrower|p2a: Snorlax\n|-activate|p2a: Snorlax|move: Substitute|[damage]\n|-curestatus|p2a: Snorlax|slp|[msg]\n|move|p2a: Snorlax|Metronome|p2a: Snorlax\n|move|p2a: Snorlax|Smart Strike|p1a: In|[from]move: Metronome\n|-resisted|p1a: In\n|-damage|p1a: In|0 fnt\n|faint|p1a: In\n|\n|-heal|p2a: Snorlax|65\/100|[from] item: Leftovers\n|upkeep\n|\n|t:|1698423547\n|switch|p1a: Your|Salazzle, F, shiny|100\/100\n|turn|52\n|\n|t:|1698423550\n|move|p1a: Your|Flamethrower|p2a: Snorlax\n|-end|p2a: Snorlax|Substitute\n|move|p2a: Snorlax|Metronome|p2a: Snorlax\n|move|p2a: Snorlax|Skill Swap|p1a: Your|[from]move: Metronome\n|-activate|p2a: Snorlax|move: Skill Swap|Corrosion|Thick Fat|[of] p1a: Your\n|\n|-heal|p2a: Snorlax|71\/100|[from] item: Leftovers\n|upkeep\n|turn|53\n|\n|t:|1698423560\n|move|p1a: Your|Sand Attack|p2a: Snorlax\n|-unboost|p2a: Snorlax|accuracy|1\n|move|p2a: Snorlax|Metronome|p2a: Snorlax\n|move|p2a: Snorlax|Present|p1a: Your|[from]move: Metronome|[miss]\n|-miss|p2a: Snorlax|p1a: Your\n|\n|-heal|p2a: Snorlax|77\/100|[from] item: Leftovers\n|upkeep\n|turn|54\n|\n|t:|1698423568\n|move|p1a: Your|Sand Attack|p2a: Snorlax\n|-unboost|p2a: Snorlax|accuracy|1\n|move|p2a: Snorlax|Substitute|p2a: Snorlax\n|-start|p2a: Snorlax|Substitute\n|-damage|p2a: Snorlax|52\/100\n|\n|-heal|p2a: Snorlax|58\/100|[from] item: Leftovers\n|upkeep\n|turn|55\n|\n|t:|1698423575\n|move|p1a: Your|Flamethrower|p2a: Snorlax\n|-end|p2a: Snorlax|Substitute\n|move|p2a: Snorlax|Metronome|p2a: Snorlax\n|move|p2a: Snorlax|Charm|p1a: Your|[from]move: Metronome|[miss]\n|-miss|p2a: Snorlax|p1a: Your\n|\n|-heal|p2a: Snorlax|64\/100|[from] item: Leftovers\n|upkeep\n|turn|56\n|\n|t:|1698423582\n|move|p1a: Your|Sand Attack|p2a: Snorlax\n|-unboost|p2a: Snorlax|accuracy|1\n|move|p2a: Snorlax|Metronome|p2a: Snorlax\n|move|p2a: Snorlax|Metal Sound|p1a: Your|[from]move: Metronome\n|-unboost|p1a: Your|spd|2\n|\n|-heal|p2a: Snorlax|71\/100|[from] item: Leftovers\n|upkeep\n|turn|57\n|\n|t:|1698423590\n|move|p1a: Your|Flamethrower|p2a: Snorlax\n|-damage|p2a: Snorlax|43\/100\n|move|p2a: Snorlax|Metronome|p2a: Snorlax\n|move|p2a: Snorlax|Ivy Cudgel|p1a: Your|[from]move: Metronome|[miss]\n|-miss|p2a: Snorlax|p1a: Your\n|\n|-heal|p2a: Snorlax|49\/100|[from] item: Leftovers\n|upkeep\n|turn|58\n|\n|t:|1698423598\n|move|p1a: Your|Flamethrower|p2a: Snorlax\n|-damage|p2a: Snorlax|22\/100\n|move|p2a: Snorlax|Metronome|p2a: Snorlax\n|move|p2a: Snorlax|Coil|p2a: Snorlax|[from]move: Metronome\n|-boost|p2a: Snorlax|atk|1\n|-boost|p2a: Snorlax|def|1\n|-boost|p2a: Snorlax|accuracy|1\n|\n|-heal|p2a: Snorlax|28\/100|[from] item: Leftovers\n|upkeep\n|turn|59\n|\n|t:|1698423609\n|move|p1a: Your|Flamethrower|p2a: Snorlax\n|-damage|p2a: Snorlax|1\/100\n|move|p2a: Snorlax|Rest|p2a: Snorlax\n|-status|p2a: Snorlax|slp|[from] move: Rest\n|-heal|p2a: Snorlax|100\/100 slp|[silent]\n|\n|upkeep\n|turn|60\n|\n|t:|1698423618\n|move|p1a: Your|Flamethrower|p2a: Snorlax\n|-damage|p2a: Snorlax|74\/100 slp\n|cant|p2a: Snorlax|slp\n|move|p2a: Snorlax|Sleep Talk|p2a: Snorlax\n|move|p2a: Snorlax|Substitute|p2a: Snorlax|[from]move: Sleep Talk\n|-start|p2a: Snorlax|Substitute\n|-damage|p2a: Snorlax|49\/100 slp\n|\n|-heal|p2a: Snorlax|55\/100 slp|[from] item: Leftovers\n|upkeep\n|turn|61\n|\n|t:|1698423627\n|move|p1a: Your|Flamethrower|p2a: Snorlax\n|-end|p2a: Snorlax|Substitute\n|cant|p2a: Snorlax|slp\n|move|p2a: Snorlax|Sleep Talk|p2a: Snorlax\n|move|p2a: Snorlax|Rest||[from]move: Sleep Talk|[still]\n|-fail|p2a: Snorlax\n|\n|-heal|p2a: Snorlax|61\/100 slp|[from] item: Leftovers\n|upkeep\n|turn|62\n|\n|t:|1698423636\n|move|p1a: Your|Sand Attack|p2a: Snorlax\n|-unboost|p2a: Snorlax|accuracy|1\n|-curestatus|p2a: Snorlax|slp|[msg]\n|move|p2a: Snorlax|Metronome|p2a: Snorlax\n|move|p2a: Snorlax|Razor Shell|p1a: Your|[from]move: Metronome\n|-supereffective|p1a: Your\n|-damage|p1a: Your|18\/100\n|-unboost|p1a: Your|def|1\n|\n|-heal|p2a: Snorlax|67\/100|[from] item: Leftovers\n|upkeep\n|turn|63\n|\n|t:|1698423646\n|move|p1a: Your|Flamethrower|p2a: Snorlax\n|-damage|p2a: Snorlax|42\/100\n|move|p2a: Snorlax|Metronome|p2a: Snorlax\n|move|p2a: Snorlax|Psyblade|p1a: Your|[from]move: Metronome|[miss]\n|-miss|p2a: Snorlax|p1a: Your\n|\n|-heal|p2a: Snorlax|48\/100|[from] item: Leftovers\n|upkeep\n|turn|64\n|\n|t:|1698423655\n|move|p1a: Your|Flamethrower|p2a: Snorlax\n|-damage|p2a: Snorlax|21\/100\n|move|p2a: Snorlax|Metronome|p2a: Snorlax\n|move|p2a: Snorlax|Body Slam|p1a: Your|[from]move: Metronome\n|-damage|p1a: Your|0 fnt\n|faint|p1a: Your\n|\n|-heal|p2a: Snorlax|28\/100|[from] item: Leftovers\n|upkeep\n|\n|t:|1698423663\n|switch|p1a: Eyes!|Salazzle, F, shiny|100\/100\n|turn|65\n|\n|t:|1698423668\n|move|p1a: Eyes!|Flamethrower|p2a: Snorlax\n|-damage|p2a: Snorlax|0 fnt\n|faint|p2a: Snorlax\n|\n|win|Yertrash Brock\n|raw|Yertrash Brock's rating: 1027 &rarr; <strong>1060<\/strong><br \/>(+33 for winning)\n|raw|D\u2019Angelo Buffala's rating: 1000 &rarr; <strong>1000<\/strong><br \/>(+0 for losing)\n|c|\u2606Yertrash Brock|Holy shit. gg.\n|l|\u203dD\u2019Angelo Buffala\n","uploadtime":1698423711,"views":8,"p1id":"yertrashbrock","p2id":"dangelobuffala","formatid":"gen9anythinggoes","rating":1000,"private":0,"password":""}