{"id":"gen9anythinggoes-1986275206","p1":"gabrinfinito","p2":"anonymints","format":"[Gen 9] Anything Goes","log":"|j|\u2606gabrinfinito\n|j|\u2606anonymints\n|t:|1699465379\n|gametype|singles\n|player|p1|gabrinfinito|lucas|1118\n|player|p2|anonymints|penny|1217\n|teamsize|p1|6\n|teamsize|p2|6\n|gen|9\n|tier|[Gen 9] Anything Goes\n|rated|\n|rule|HP Percentage Mod: HP is shown in percentages\n|rule|Endless Battle Clause: Forcing endless battles is banned\n|clearpoke\n|poke|p1|Charizard, F|\n|poke|p1|Toxicroak, F|\n|poke|p1|Decidueye, M|\n|poke|p1|Slowking, M|\n|poke|p1|Krookodile, M|\n|poke|p1|Raichu, F|\n|poke|p2|Arceus|\n|poke|p2|Arceus-Fairy|\n|poke|p2|Arceus-Poison|\n|poke|p2|Arceus-Steel|\n|poke|p2|Arceus-Dragon|\n|poke|p2|Arceus-Ghost|\n|teampreview\n|\n|t:|1699465390\n|start\n|switch|p1a: Decidueye|Decidueye, M|100\/100\n|switch|p2a: Arceus|Arceus-Dragon|100\/100\n|turn|1\n|inactive|Battle timer is ON: inactive players will automatically lose when time's up. (requested by gabrinfinito)\n|\n|t:|1699465404\n|move|p2a: Arceus|Stealth Rock|p1a: Decidueye\n|-sidestart|p1: gabrinfinito|move: Stealth Rock\n|move|p1a: Decidueye|Spirit Shackle|p2a: Arceus\n|-damage|p2a: Arceus|79\/100\n|-activate|p2a: Arceus|trapped\n|\n|upkeep\n|turn|2\n|\n|t:|1699465425\n|move|p2a: Arceus|Will-O-Wisp|p1a: Decidueye\n|-status|p1a: Decidueye|brn\n|move|p1a: Decidueye|Low Sweep|p2a: Arceus\n|-damage|p2a: Arceus|74\/100\n|-unboost|p2a: Arceus|spe|1\n|\n|-damage|p1a: Decidueye|95\/100 brn|[from] brn\n|upkeep\n|turn|3\n|\n|t:|1699465434\n|move|p1a: Decidueye|Spirit Shackle|p2a: Arceus\n|-damage|p2a: Arceus|63\/100\n|move|p2a: Arceus|Roar|p1a: Decidueye\n|drag|p1a: Toxicroak|Toxicroak, F|100\/100\n|-damage|p1a: Toxicroak|94\/100|[from] Stealth Rock\n|\n|-heal|p1a: Toxicroak|100\/100|[from] item: Black Sludge\n|upkeep\n|turn|4\n|\n|t:|1699465446\n|move|p1a: Toxicroak|Poison Jab|p2a: Arceus\n|-damage|p2a: Arceus|45\/100\n|-status|p2a: Arceus|psn\n|move|p2a: Arceus|Will-O-Wisp|p1a: Toxicroak\n|-status|p1a: Toxicroak|brn\n|\n|-damage|p2a: Arceus|33\/100 psn|[from] psn\n|-damage|p1a: Toxicroak|94\/100 brn|[from] brn\n|upkeep\n|turn|5\n|\n|t:|1699465457\n|move|p1a: Toxicroak|Poison Jab|p2a: Arceus\n|-damage|p2a: Arceus|23\/100 psn\n|move|p2a: Arceus|Recover|p2a: Arceus\n|-heal|p2a: Arceus|73\/100 psn\n|\n|-heal|p1a: Toxicroak|100\/100 brn|[from] item: Black Sludge\n|-damage|p2a: Arceus|61\/100 psn|[from] psn\n|-damage|p1a: Toxicroak|94\/100 brn|[from] brn\n|upkeep\n|turn|6\n|\n|t:|1699465467\n|move|p1a: Toxicroak|Bulk Up|p1a: Toxicroak\n|-boost|p1a: Toxicroak|atk|1\n|-boost|p1a: Toxicroak|def|1\n|move|p2a: Arceus|Roar|p1a: Toxicroak\n|drag|p1a: Krookodile|Krookodile, M|100\/100\n|-damage|p1a: Krookodile|94\/100|[from] Stealth Rock\n|-ability|p1a: Krookodile|Intimidate|boost\n|-unboost|p2a: Arceus|atk|1\n|\n|-damage|p2a: Arceus|48\/100 psn|[from] psn\n|upkeep\n|turn|7\n|\n|t:|1699465480\n|move|p1a: Krookodile|Protect|p1a: Krookodile\n|-singleturn|p1a: Krookodile|Protect\n|move|p2a: Arceus|Will-O-Wisp|p1a: Krookodile\n|-activate|p1a: Krookodile|move: Protect\n|\n|-damage|p2a: Arceus|36\/100 psn|[from] psn\n|upkeep\n|turn|8\n|\n|t:|1699465490\n|move|p1a: Krookodile|Crunch|p2a: Arceus\n|-damage|p2a: Arceus|11\/100 psn\n|-unboost|p2a: Arceus|def|1\n|move|p2a: Arceus|Recover|p2a: Arceus\n|-heal|p2a: Arceus|61\/100 psn\n|\n|-damage|p2a: Arceus|48\/100 psn|[from] psn\n|upkeep\n|turn|9\n|\n|t:|1699465500\n|move|p1a: Krookodile|Protect|p1a: Krookodile\n|-singleturn|p1a: Krookodile|Protect\n|move|p2a: Arceus|Will-O-Wisp|p1a: Krookodile\n|-activate|p1a: Krookodile|move: Protect\n|\n|-damage|p2a: Arceus|36\/100 psn|[from] psn\n|upkeep\n|turn|10\n|\n|t:|1699465508\n|move|p1a: Krookodile|Crunch|p2a: Arceus\n|-damage|p2a: Arceus|0 fnt\n|faint|p2a: Arceus\n|\n|upkeep\n|\n|t:|1699465513\n|switch|p2a: Arceus|Arceus-Fairy|100\/100\n|turn|11\n|\n|t:|1699465523\n|-terastallize|p1a: Krookodile|Ground\n|move|p2a: Arceus|Iron Defense|p2a: Arceus\n|-boost|p2a: Arceus|def|2\n|move|p1a: Krookodile|Earth Power|p2a: Arceus\n|-damage|p2a: Arceus|76\/100\n|\n|upkeep\n|turn|12\n|\n|t:|1699465538\n|move|p2a: Arceus|Calm Mind|p2a: Arceus\n|-boost|p2a: Arceus|spa|1\n|-boost|p2a: Arceus|spd|1\n|move|p1a: Krookodile|Earth Power|p2a: Arceus\n|-damage|p2a: Arceus|62\/100\n|-unboost|p2a: Arceus|spd|1\n|\n|upkeep\n|turn|13\n|\n|t:|1699465546\n|move|p2a: Arceus|Calm Mind|p2a: Arceus\n|-boost|p2a: Arceus|spa|1\n|-boost|p2a: Arceus|spd|1\n|move|p1a: Krookodile|Earth Power|p2a: Arceus\n|-damage|p2a: Arceus|47\/100\n|\n|upkeep\n|turn|14\n|\n|t:|1699465555\n|move|p2a: Arceus|Calm Mind|p2a: Arceus\n|-boost|p2a: Arceus|spa|1\n|-boost|p2a: Arceus|spd|1\n|move|p1a: Krookodile|Stealth Rock|p2a: Arceus\n|-sidestart|p2: anonymints|move: Stealth Rock\n|\n|upkeep\n|turn|15\n|\n|t:|1699465561\n|move|p2a: Arceus|Judgment|p1a: Krookodile\n|-damage|p1a: Krookodile|0 fnt\n|faint|p1a: Krookodile\n|\n|upkeep\n|\n|t:|1699465568\n|switch|p1a: Slowking|Slowking, M|100\/100\n|-damage|p1a: Slowking|88\/100|[from] Stealth Rock\n|turn|16\n|\n|t:|1699465574\n|move|p2a: Arceus|Recover|p2a: Arceus\n|-heal|p2a: Arceus|97\/100\n|move|p1a: Slowking|Psychic|p2a: Arceus\n|-damage|p2a: Arceus|83\/100\n|\n|-heal|p1a: Slowking|94\/100|[from] item: Leftovers\n|upkeep\n|turn|17\n|\n|t:|1699465583\n|move|p2a: Arceus|Calm Mind|p2a: Arceus\n|-boost|p2a: Arceus|spa|1\n|-boost|p2a: Arceus|spd|1\n|move|p1a: Slowking|Calm Mind|p1a: Slowking\n|-boost|p1a: Slowking|spa|1\n|-boost|p1a: Slowking|spd|1\n|\n|-heal|p1a: Slowking|99\/100|[from] item: Leftovers\n|upkeep\n|turn|18\n|\n|t:|1699465591\n|move|p2a: Arceus|Judgment|p1a: Slowking\n|-damage|p1a: Slowking|0 fnt\n|faint|p1a: Slowking\n|\n|upkeep\n|\n|t:|1699465597\n|switch|p1a: Charizard|Charizard, F, shiny|100\/100\n|-damage|p1a: Charizard|51\/100|[from] Stealth Rock\n|turn|19\n|\n|t:|1699465601\n|move|p2a: Arceus|Judgment|p1a: Charizard\n|-resisted|p1a: Charizard\n|-damage|p1a: Charizard|0 fnt\n|faint|p1a: Charizard\n|\n|upkeep\n|\n|t:|1699465610\n|switch|p1a: Decidueye|Decidueye, M|95\/100 brn\n|-damage|p1a: Decidueye|82\/100 brn|[from] Stealth Rock\n|turn|20\n|\n|t:|1699465625\n|move|p2a: Arceus|Iron Defense|p2a: Arceus\n|-boost|p2a: Arceus|def|2\n|move|p1a: Decidueye|Low Sweep|p2a: Arceus\n|-resisted|p2a: Arceus\n|-damage|p2a: Arceus|81\/100\n|-unboost|p2a: Arceus|spe|1\n|\n|-damage|p1a: Decidueye|76\/100 brn|[from] brn\n|upkeep\n|turn|21\n|\n|t:|1699465645\n|move|p1a: Decidueye|Leaf Blade|p2a: Arceus\n|-damage|p2a: Arceus|76\/100\n|move|p2a: Arceus|Iron Defense|p2a: Arceus\n|-boost|p2a: Arceus|def|2\n|\n|-damage|p1a: Decidueye|70\/100 brn|[from] brn\n|upkeep\n|turn|22\n|\n|t:|1699465655\n|move|p2a: Arceus|Judgment|p1a: Decidueye\n|-damage|p1a: Decidueye|0 fnt\n|faint|p1a: Decidueye\n|\n|upkeep\n|\n|t:|1699465661\n|switch|p1a: Toxicroak|Toxicroak, F|94\/100 brn\n|-damage|p1a: Toxicroak|88\/100 brn|[from] Stealth Rock\n|turn|23\n|\n|t:|1699465665\n|move|p1a: Toxicroak|Poison Jab|p2a: Arceus\n|-supereffective|p2a: Arceus\n|-crit|p2a: Arceus\n|-damage|p2a: Arceus|37\/100\n|-status|p2a: Arceus|psn\n|move|p2a: Arceus|Judgment|p1a: Toxicroak\n|-damage|p1a: Toxicroak|0 fnt\n|faint|p1a: Toxicroak\n|\n|-damage|p2a: Arceus|24\/100 psn|[from] psn\n|upkeep\n|\n|t:|1699465677\n|switch|p1a: Raichu|Raichu, F|100\/100\n|-damage|p1a: Raichu|88\/100|[from] Stealth Rock\n|turn|24\n|\n|t:|1699465681\n|move|p1a: Raichu|Nasty Plot|p1a: Raichu\n|-boost|p1a: Raichu|spa|2\n|move|p2a: Arceus|Recover|p2a: Arceus\n|-heal|p2a: Arceus|75\/100 psn\n|\n|-damage|p2a: Arceus|62\/100 psn|[from] psn\n|upkeep\n|turn|25\n|\n|t:|1699465690\n|move|p1a: Raichu|Protect|p1a: Raichu\n|-singleturn|p1a: Raichu|Protect\n|move|p2a: Arceus|Recover|p2a: Arceus\n|-heal|p2a: Arceus|100\/100 psn\n|\n|-damage|p2a: Arceus|88\/100 psn|[from] psn\n|upkeep\n|turn|26\n|\n|t:|1699465699\n|move|p1a: Raichu|Discharge|p2a: Arceus\n|-damage|p2a: Arceus|70\/100 psn\n|move|p2a: Arceus|Calm Mind|p2a: Arceus\n|-boost|p2a: Arceus|spa|1\n|-boost|p2a: Arceus|spd|1\n|\n|-damage|p2a: Arceus|58\/100 psn|[from] psn\n|upkeep\n|turn|27\n|\n|t:|1699465710\n|move|p1a: Raichu|Protect|p1a: Raichu\n|-singleturn|p1a: Raichu|Protect\n|move|p2a: Arceus|Calm Mind|p2a: Arceus\n|-boost|p2a: Arceus|spa|1\n|-boost|p2a: Arceus|spd|1\n|\n|-damage|p2a: Arceus|45\/100 psn|[from] psn\n|upkeep\n|turn|28\n|\n|t:|1699465719\n|move|p1a: Raichu|Draining Kiss|p2a: Arceus\n|-damage|p2a: Arceus|39\/100 psn\n|-heal|p1a: Raichu|95\/100|[from] drain|[of] p2a: Arceus\n|move|p2a: Arceus|Recover|p2a: Arceus\n|-heal|p2a: Arceus|90\/100 psn\n|\n|-damage|p2a: Arceus|77\/100 psn|[from] psn\n|upkeep\n|turn|29\n|\n|t:|1699465728\n|move|p1a: Raichu|Draining Kiss|p2a: Arceus\n|-damage|p2a: Arceus|72\/100 psn\n|-heal|p1a: Raichu|100\/100|[from] drain|[of] p2a: Arceus\n|move|p2a: Arceus|Judgment|p1a: Raichu\n|-crit|p1a: Raichu\n|-enditem|p1a: Raichu|Focus Sash\n|-damage|p1a: Raichu|1\/100\n|\n|-damage|p2a: Arceus|60\/100 psn|[from] psn\n|upkeep\n|turn|30\n|\n|t:|1699465739\n|move|p1a: Raichu|Protect|p1a: Raichu\n|-singleturn|p1a: Raichu|Protect\n|move|p2a: Arceus|Calm Mind|p2a: Arceus\n|-boost|p2a: Arceus|spa|0\n|-boost|p2a: Arceus|spd|1\n|\n|-damage|p2a: Arceus|48\/100 psn|[from] psn\n|upkeep\n|turn|31\n|\n|t:|1699465748\n|move|p1a: Raichu|Discharge|p2a: Arceus\n|-damage|p2a: Arceus|35\/100 psn\n|move|p2a: Arceus|Recover|p2a: Arceus\n|-heal|p2a: Arceus|85\/100 psn\n|\n|-damage|p2a: Arceus|73\/100 psn|[from] psn\n|upkeep\n|turn|32\n|\n|t:|1699465757\n|move|p1a: Raichu|Discharge|p2a: Arceus\n|-damage|p2a: Arceus|62\/100 psn\n|move|p2a: Arceus|Recover|p2a: Arceus\n|-heal|p2a: Arceus|100\/100 psn\n|\n|-damage|p2a: Arceus|88\/100 psn|[from] psn\n|upkeep\n|turn|33\n|\n|t:|1699465774\n|move|p1a: Raichu|Discharge|p2a: Arceus\n|-damage|p2a: Arceus|76\/100 psn\n|move|p2a: Arceus|Judgment|p1a: Raichu\n|-damage|p1a: Raichu|0 fnt\n|faint|p1a: Raichu\n|\n|win|anonymints\n|raw|gabrinfinito's rating: 1118 &rarr; <strong>1100<\/strong><br \/>(-18 for losing)\n|raw|anonymints's rating: 1217 &rarr; <strong>1235<\/strong><br \/>(+18 for winning)\n|l|\u2606gabrinfinito\n","uploadtime":1699465787,"views":7,"p1id":"gabrinfinito","p2id":"anonymints","formatid":"gen9anythinggoes","rating":1100,"private":0,"password":""}