{"id":"gen9anythinggoes-1978155800","p1":"QCicicleCrashers","p2":"HemmingfordEQs","format":"[Gen 9] Anything Goes","log":"|j|\u2606QCicicleCrashers\n|j|\u2606HemmingfordEQs\n|t:|1698506080\n|gametype|singles\n|player|p1|QCicicleCrashers|hilbert|\n|player|p2|HemmingfordEQs|cynthia-gen4|\n|teamsize|p1|6\n|teamsize|p2|6\n|gen|9\n|tier|[Gen 9] Anything Goes\n|rule|HP Percentage Mod: HP is shown in percentages\n|rule|Endless Battle Clause: Forcing endless battles is banned\n|clearpoke\n|poke|p1|Cloyster, M|\n|poke|p1|Cresselia, F|\n|poke|p1|Ursaluna, M|\n|poke|p1|Toxapex, F|\n|poke|p1|Typhlosion-Hisui, M|\n|poke|p1|Goodra, F|\n|poke|p2|Electrode-Hisui|\n|poke|p2|Braviary-Hisui, M|\n|poke|p2|Heatran, F|\n|poke|p2|Overqwil, M|\n|poke|p2|Arcanine-Hisui, F|\n|poke|p2|Espeon, M|\n|teampreview\n|\n|t:|1698506095\n|start\n|switch|p1a: Goodra|Goodra, F|100\/100\n|switch|p2a: Arcanine|Arcanine-Hisui, F|100\/100\n|turn|1\n|\n|t:|1698506116\n|-terastallize|p2a: Arcanine|Rock\n|move|p2a: Arcanine|Head Smash|p1a: Goodra\n|-damage|p1a: Goodra|0 fnt\n|-ability|p1a: Goodra|Gooey\n|-unboost|p2a: Arcanine|spe|1\n|faint|p1a: Goodra\n|\n|upkeep\n|\n|t:|1698506128\n|switch|p1a: Toxapex|Toxapex, F|100\/100\n|turn|2\n|\n|t:|1698506138\n|switch|p2a: Espeon|Espeon, M|100\/100\n|move|p1a: Toxapex|Chilling Water|p2a: Espeon\n|-damage|p2a: Espeon|87\/100\n|-unboost|p2a: Espeon|atk|1\n|\n|upkeep\n|turn|3\n|\n|t:|1698506153\n|switch|p1a: Cresselia|Cresselia, F|100\/100\n|move|p2a: Espeon|Trick|p1a: Cresselia\n|-activate|p2a: Espeon|move: Trick|[of] p1a: Cresselia\n|-item|p1a: Cresselia|Choice Band|[from] move: Trick\n|-item|p2a: Espeon|Leftovers|[from] move: Trick\n|\n|-heal|p2a: Espeon|93\/100|[from] item: Leftovers\n|upkeep\n|turn|4\n|\n|t:|1698506168\n|switch|p2a: Overqwil|Overqwil, M|100\/100\n|-ability|p2a: Overqwil|Intimidate|boost\n|-unboost|p1a: Cresselia|atk|1\n|-terastallize|p1a: Cresselia|Electric\n|move|p1a: Cresselia|Tera Blast|p2a: Overqwil|[anim] Tera Blast Electric\n|-damage|p2a: Overqwil|60\/100\n|\n|-heal|p2a: Overqwil|67\/100|[from] item: Black Sludge\n|upkeep\n|turn|5\n|\n|t:|1698506183\n|move|p2a: Overqwil|Spikes|p1a: Cresselia\n|-sidestart|p1: QCicicleCrashers|Spikes\n|move|p1a: Cresselia|Tera Blast|p2a: Overqwil|[anim] Tera Blast Electric\n|-damage|p2a: Overqwil|26\/100\n|\n|-heal|p2a: Overqwil|32\/100|[from] item: Black Sludge\n|upkeep\n|turn|6\n|\n|t:|1698506196\n|move|p1a: Cresselia|Tera Blast|p2a: Overqwil|[anim] Tera Blast Electric\n|-damage|p2a: Overqwil|0 fnt\n|faint|p2a: Overqwil\n|\n|upkeep\n|\n|t:|1698506204\n|switch|p2a: Heatran|Heatran, F|100\/100\n|turn|7\n|\n|t:|1698506211\n|switch|p1a: Toxapex|Toxapex, F|100\/100\n|-damage|p1a: Toxapex|88\/100|[from] Spikes\n|move|p2a: Heatran|Earth Power|p1a: Toxapex\n|-supereffective|p1a: Toxapex\n|-damage|p1a: Toxapex|45\/100\n|\n|-heal|p1a: Toxapex|51\/100|[from] item: Black Sludge\n|upkeep\n|turn|8\n|\n|t:|1698506223\n|switch|p2a: Espeon|Espeon, M|93\/100\n|switch|p1a: Cresselia|Cresselia, F, tera:Electric|100\/100\n|\n|-heal|p2a: Espeon|99\/100|[from] item: Leftovers\n|upkeep\n|turn|9\n|\n|t:|1698506243\n|switch|p2a: Heatran|Heatran, F|100\/100\n|move|p1a: Cresselia|Psyshock|p2a: Heatran\n|-resisted|p2a: Heatran\n|-damage|p2a: Heatran|89\/100\n|\n|-heal|p2a: Heatran|95\/100|[from] item: Leftovers\n|upkeep\n|turn|10\n|\n|t:|1698506257\n|switch|p1a: Cloyster|Cloyster, M|100\/100\n|-damage|p1a: Cloyster|88\/100|[from] Spikes\n|move|p2a: Heatran|Magma Storm|p1a: Cloyster\n|-damage|p1a: Cloyster|0 fnt\n|faint|p1a: Cloyster\n|\n|-heal|p2a: Heatran|100\/100|[from] item: Leftovers\n|upkeep\n|\n|t:|1698506266\n|switch|p1a: Ursaluna|Ursaluna, M|100\/100\n|-damage|p1a: Ursaluna|88\/100|[from] Spikes\n|turn|11\n|\n|t:|1698506276\n|move|p1a: Ursaluna|Protect|p1a: Ursaluna\n|-singleturn|p1a: Ursaluna|Protect\n|move|p2a: Heatran|Magma Storm|p1a: Ursaluna\n|-activate|p1a: Ursaluna|move: Protect\n|\n|-status|p1a: Ursaluna|brn|[from] item: Flame Orb\n|upkeep\n|turn|12\n|\n|t:|1698506291\n|switch|p2a: Braviary|Braviary-Hisui, M|100\/100\n|move|p1a: Ursaluna|Drain Punch|p2a: Braviary\n|-resisted|p2a: Braviary\n|-damage|p2a: Braviary|92\/100\n|-heal|p1a: Ursaluna|92\/100 brn|[from] drain|[of] p2a: Braviary\n|\n|-damage|p1a: Ursaluna|86\/100 brn|[from] brn\n|upkeep\n|turn|13\n|\n|t:|1698506302\n|move|p2a: Braviary|Hurricane|p1a: Ursaluna|[miss]\n|-miss|p2a: Braviary|p1a: Ursaluna\n|move|p1a: Ursaluna|Facade|p2a: Braviary\n|-damage|p2a: Braviary|0 fnt\n|faint|p2a: Braviary\n|\n|-damage|p1a: Ursaluna|80\/100 brn|[from] brn\n|upkeep\n|\n|t:|1698506313\n|switch|p2a: Electrode|Electrode-Hisui|100\/100\n|turn|14\n|\n|t:|1698506322\n|switch|p1a: Cresselia|Cresselia, F, tera:Electric|100\/100\n|move|p2a: Electrode|Energy Ball|p1a: Cresselia\n|-damage|p1a: Cresselia|78\/100\n|\n|upkeep\n|turn|15\n|\n|t:|1698506337\n|switch|p2a: Heatran|Heatran, F|100\/100\n|move|p1a: Cresselia|Thunder Wave|p2a: Heatran\n|-status|p2a: Heatran|par\n|\n|upkeep\n|turn|16\n|\n|t:|1698506349\n|switch|p1a: Toxapex|Toxapex, F|85\/100\n|-damage|p1a: Toxapex|72\/100|[from] Spikes\n|move|p2a: Heatran|Magma Storm|p1a: Toxapex|[miss]\n|-miss|p2a: Heatran|p1a: Toxapex\n|\n|-heal|p1a: Toxapex|78\/100|[from] item: Black Sludge\n|upkeep\n|turn|17\n|\n|t:|1698506360\n|move|p2a: Heatran|Magma Storm|p1a: Toxapex\n|-resisted|p1a: Toxapex\n|-damage|p1a: Toxapex|62\/100\n|-activate|p1a: Toxapex|move: Magma Storm|[of] p2a: Heatran\n|move|p1a: Toxapex|Chilling Water|p2a: Heatran\n|-supereffective|p2a: Heatran\n|-damage|p2a: Heatran|82\/100 par\n|-unboost|p2a: Heatran|atk|1\n|\n|-heal|p2a: Heatran|88\/100 par|[from] item: Leftovers\n|-heal|p1a: Toxapex|68\/100|[from] item: Black Sludge\n|-damage|p1a: Toxapex|56\/100|[from] move: Magma Storm|[partiallytrapped]\n|upkeep\n|turn|18\n|\n|t:|1698506373\n|move|p2a: Heatran|Taunt|p1a: Toxapex\n|-start|p1a: Toxapex|move: Taunt\n|cant|p1a: Toxapex|move: Taunt|Recover\n|\n|-heal|p2a: Heatran|94\/100 par|[from] item: Leftovers\n|-heal|p1a: Toxapex|62\/100|[from] item: Black Sludge\n|-damage|p1a: Toxapex|50\/100|[from] move: Magma Storm|[partiallytrapped]\n|upkeep\n|turn|19\n|\n|t:|1698506382\n|move|p2a: Heatran|Earth Power|p1a: Toxapex\n|-supereffective|p1a: Toxapex\n|-damage|p1a: Toxapex|5\/100\n|-unboost|p1a: Toxapex|spd|1\n|move|p1a: Toxapex|Chilling Water|p2a: Heatran\n|-supereffective|p2a: Heatran\n|-damage|p2a: Heatran|77\/100 par\n|-unboost|p2a: Heatran|atk|1\n|\n|-heal|p2a: Heatran|83\/100 par|[from] item: Leftovers\n|-heal|p1a: Toxapex|11\/100|[from] item: Black Sludge\n|-damage|p1a: Toxapex|0 fnt|[from] move: Magma Storm|[partiallytrapped]\n|faint|p1a: Toxapex\n|upkeep\n|\n|t:|1698506392\n|switch|p1a: Typhlosion|Typhlosion-Hisui, M|100\/100\n|-damage|p1a: Typhlosion|88\/100|[from] Spikes\n|-item|p2a: Heatran|Leftovers|[from] ability: Frisk|[of] p1a: Typhlosion|[identify]\n|turn|20\n|\n|t:|1698506400\n|move|p1a: Typhlosion|Infernal Parade|p2a: Heatran\n|-damage|p2a: Heatran|38\/100 par\n|move|p2a: Heatran|Earth Power|p1a: Typhlosion\n|-supereffective|p1a: Typhlosion\n|-damage|p1a: Typhlosion|19\/100\n|\n|-heal|p2a: Heatran|44\/100 par|[from] item: Leftovers\n|upkeep\n|turn|21\n|\n|t:|1698506413\n|move|p2a: Heatran|Protect|p2a: Heatran\n|-singleturn|p2a: Heatran|Protect\n|move|p1a: Typhlosion|Infernal Parade|p2a: Heatran\n|-activate|p2a: Heatran|move: Protect\n|\n|-heal|p2a: Heatran|50\/100 par|[from] item: Leftovers\n|upkeep\n|turn|22\n|\n|t:|1698506421\n|move|p1a: Typhlosion|Infernal Parade|p2a: Heatran\n|-damage|p2a: Heatran|1\/100 par\n|move|p2a: Heatran|Earth Power|p1a: Typhlosion\n|-supereffective|p1a: Typhlosion\n|-damage|p1a: Typhlosion|0 fnt\n|faint|p1a: Typhlosion\n|\n|-heal|p2a: Heatran|7\/100 par|[from] item: Leftovers\n|upkeep\n|\n|t:|1698506432\n|switch|p1a: Cresselia|Cresselia, F, tera:Electric|78\/100\n|turn|23\n|\n|t:|1698506442\n|move|p1a: Cresselia|Psyshock|p2a: Heatran\n|-resisted|p2a: Heatran\n|-damage|p2a: Heatran|0 fnt\n|faint|p2a: Heatran\n|\n|upkeep\n|\n|t:|1698506448\n|switch|p2a: Arcanine|Arcanine-Hisui, F, tera:Rock|100\/100\n|turn|24\n|\n|t:|1698506453\n|move|p2a: Arcanine|Head Smash|p1a: Cresselia\n|-damage|p1a: Cresselia|15\/100\n|move|p1a: Cresselia|Psyshock|p2a: Arcanine\n|-damage|p2a: Arcanine|65\/100\n|\n|upkeep\n|turn|25\n|\n|t:|1698506460\n|move|p2a: Arcanine|Head Smash|p1a: Cresselia\n|-damage|p1a: Cresselia|0 fnt\n|faint|p1a: Cresselia\n|\n|upkeep\n|\n|t:|1698506462\n|switch|p1a: Ursaluna|Ursaluna, M|80\/100 brn\n|-damage|p1a: Ursaluna|68\/100 brn|[from] Spikes\n|turn|26\n|\n|t:|1698506468\n|move|p2a: Arcanine|Head Smash|p1a: Ursaluna\n|-resisted|p1a: Ursaluna\n|-damage|p1a: Ursaluna|32\/100 brn\n|move|p1a: Ursaluna|Drain Punch|p2a: Arcanine\n|-supereffective|p2a: Arcanine\n|-damage|p2a: Arcanine|0 fnt\n|-heal|p1a: Ursaluna|56\/100 brn|[from] drain|[of] p2a: Arcanine\n|faint|p2a: Arcanine\n|\n|-damage|p1a: Ursaluna|50\/100 brn|[from] brn\n|upkeep\n|\n|t:|1698506480\n|switch|p2a: Electrode|Electrode-Hisui|100\/100\n|turn|27\n|\n|t:|1698506483\n|move|p2a: Electrode|Energy Ball|p1a: Ursaluna\n|-supereffective|p1a: Ursaluna\n|-damage|p1a: Ursaluna|0 fnt\n|faint|p1a: Ursaluna\n|\n|win|HemmingfordEQs\n","uploadtime":1698506491,"views":18,"p1id":"qciciclecrashers","p2id":"hemmingfordeqs","formatid":"gen9anythinggoes","rating":0,"private":0,"password":""}