{"id":"gen9anythinggoes-1983565646","p1":"spam2165846","p2":"Bakitaladelbarrio","format":"[Gen 9] Anything Goes","log":"|j|\u2606spam2165846\n|j|\u2606Bakitaladelbarrio\n|t:|1699144058\n|gametype|singles\n|player|p1|spam2165846|dawn|1597\n|player|p2|Bakitaladelbarrio|colress|1539\n|teamsize|p1|6\n|teamsize|p2|6\n|gen|9\n|tier|[Gen 9] Anything Goes\n|rated|\n|rule|HP Percentage Mod: HP is shown in percentages\n|rule|Endless Battle Clause: Forcing endless battles is banned\n|clearpoke\n|poke|p1|Donphan, M|\n|poke|p1|Koraidon|\n|poke|p1|Basculegion-F, F|\n|poke|p1|Arceus|\n|poke|p1|Calyrex-Shadow|\n|poke|p1|Eternatus|\n|poke|p2|Calyrex-Shadow|\n|poke|p2|Darkrai|\n|poke|p2|Ditto|\n|poke|p2|Zacian-*|\n|poke|p2|Miraidon|\n|poke|p2|Glimmora, M|\n|teampreview\n|inactive|Battle timer is ON: inactive players will automatically lose when time's up. (requested by spam2165846)\n|\n|t:|1699144066\n|start\n|switch|p1a: Eternatus|Eternatus|100\/100\n|switch|p2a: Darkrai|Darkrai|100\/100\n|-ability|p1a: Eternatus|Pressure\n|turn|1\n|\n|t:|1699144073\n|move|p2a: Darkrai|Hypnosis|p1a: Eternatus\n|-status|p1a: Eternatus|slp|[from] move: Hypnosis\n|cant|p1a: Eternatus|slp\n|\n|-damage|p1a: Eternatus|88\/100 slp|[from] ability: Bad Dreams|[of] p2a: Darkrai\n|upkeep\n|turn|2\n|-activate|p1a: Eternatus|item: Quick Claw\n|\n|t:|1699144082\n|cant|p1a: Eternatus|slp\n|move|p2a: Darkrai|Nasty Plot|p2a: Darkrai\n|-boost|p2a: Darkrai|spa|2\n|\n|-damage|p1a: Eternatus|76\/100 slp|[from] ability: Bad Dreams|[of] p2a: Darkrai\n|upkeep\n|turn|3\n|\n|t:|1699144091\n|switch|p1a: Arceus|Arceus|100\/100\n|move|p2a: Darkrai|Hex|p1a: Arceus\n|-immune|p1a: Arceus\n|\n|upkeep\n|turn|4\n|\n|t:|1699144104\n|move|p1a: Arceus|Extreme Speed|p2a: Darkrai\n|-crit|p2a: Darkrai\n|-damage|p2a: Darkrai|26\/100\n|move|p2a: Darkrai|Hypnosis|p1a: Arceus|[miss]\n|-miss|p2a: Darkrai|p1a: Arceus\n|\n|upkeep\n|turn|5\n|\n|t:|1699144111\n|switch|p2a: Glimmora|Glimmora, M|100\/100\n|move|p1a: Arceus|Extreme Speed|p2a: Glimmora\n|-resisted|p2a: Glimmora\n|-damage|p2a: Glimmora|80\/100\n|-activate|p2a: Glimmora|ability: Toxic Debris\n|-sidestart|p1: spam2165846|move: Toxic Spikes\n|\n|upkeep\n|turn|6\n|\n|t:|1699144120\n|move|p2a: Glimmora|Stealth Rock|p1a: Arceus\n|-sidestart|p1: spam2165846|move: Stealth Rock\n|move|p1a: Arceus|Surf|p2a: Glimmora\n|-supereffective|p2a: Glimmora\n|-damage|p2a: Glimmora|15\/100\n|\n|upkeep\n|turn|7\n|\n|t:|1699144130\n|move|p2a: Glimmora|Mortal Spin|p1a: Arceus\n|-crit|p1a: Arceus\n|-damage|p1a: Arceus|96\/100\n|-status|p1a: Arceus|psn\n|move|p1a: Arceus|Surf|p2a: Glimmora\n|-supereffective|p2a: Glimmora\n|-damage|p2a: Glimmora|0 fnt\n|faint|p2a: Glimmora\n|\n|-damage|p1a: Arceus|83\/100 psn|[from] psn\n|upkeep\n|\n|t:|1699144141\n|switch|p2a: Zacian|Zacian-Crowned|100\/100\n|-ability|p2a: Zacian|Intrepid Sword|boost\n|-boost|p2a: Zacian|atk|1\n|turn|8\n|\n|t:|1699144146\n|switch|p1a: Eternatus|Eternatus|76\/100 slp\n|-sideend|p1: spam2165846|move: Toxic Spikes|[of] p1a: Eternatus\n|-damage|p1a: Eternatus|63\/100 slp|[from] Stealth Rock\n|-ability|p1a: Eternatus|Pressure\n|move|p2a: Zacian|Close Combat|p1a: Eternatus\n|-resisted|p1a: Eternatus\n|-damage|p1a: Eternatus|35\/100 slp\n|-unboost|p2a: Zacian|def|1\n|-unboost|p2a: Zacian|spd|1\n|\n|upkeep\n|turn|9\n|\n|t:|1699144157\n|move|p2a: Zacian|Behemoth Blade|p1a: Eternatus\n|-damage|p1a: Eternatus|0 fnt\n|faint|p1a: Eternatus\n|\n|upkeep\n|\n|t:|1699144163\n|switch|p1a: Donphan|Donphan, M|100\/100\n|turn|10\n|\n|t:|1699144178\n|move|p2a: Zacian|Play Rough|p1a: Donphan\n|-damage|p1a: Donphan|27\/100\n|move|p1a: Donphan|Endeavor|p2a: Zacian\n|-damage|p2a: Zacian|27\/100\n|\n|upkeep\n|turn|11\n|\n|t:|1699144186\n|move|p2a: Zacian|Behemoth Blade|p1a: Donphan\n|-damage|p1a: Donphan|0 fnt\n|faint|p1a: Donphan\n|\n|upkeep\n|\n|t:|1699144192\n|switch|p1a: Arceus|Arceus|83\/100 psn\n|-damage|p1a: Arceus|71\/100 psn|[from] Stealth Rock\n|turn|12\n|\n|t:|1699144202\n|move|p1a: Arceus|Extreme Speed|p2a: Zacian\n|-resisted|p2a: Zacian\n|-damage|p2a: Zacian|3\/100\n|move|p2a: Zacian|Close Combat|p1a: Arceus\n|-supereffective|p1a: Arceus\n|-damage|p1a: Arceus|0 fnt\n|-unboost|p2a: Zacian|def|1\n|-unboost|p2a: Zacian|spd|1\n|faint|p1a: Arceus\n|\n|upkeep\n|\n|t:|1699144214\n|switch|p1a: Koraidon|Koraidon|100\/100\n|-damage|p1a: Koraidon|94\/100|[from] Stealth Rock\n|-weather|SunnyDay|[from] ability: Orichalcum Pulse|[of] p1a: Koraidon\n|-activate|p1a: Koraidon|Orichalcum Pulse|[source]\n|turn|13\n|\n|t:|1699144220\n|move|p2a: Zacian|Play Rough|p1a: Koraidon\n|-supereffective|p1a: Koraidon\n|-damage|p1a: Koraidon|0 fnt\n|faint|p1a: Koraidon\n|\n|-weather|SunnyDay|[upkeep]\n|upkeep\n|\n|t:|1699144225\n|switch|p1a: Calyrex|Calyrex-Shadow|100\/100\n|-ability|p1a: Calyrex|As One\n|-ability|p1a: Calyrex|Unnerve\n|-damage|p1a: Calyrex|88\/100|[from] Stealth Rock\n|turn|14\n|\n|t:|1699144234\n|switch|p2a: Darkrai|Darkrai|26\/100\n|move|p1a: Calyrex|Draining Kiss|p2a: Darkrai\n|-supereffective|p2a: Darkrai\n|-damage|p2a: Darkrai|0 fnt\n|-heal|p1a: Calyrex|100\/100|[from] drain|[of] p2a: Darkrai\n|faint|p2a: Darkrai\n|-ability|p1a: Calyrex|Grim Neigh|boost\n|-boost|p1a: Calyrex|spa|1\n|\n|-weather|SunnyDay|[upkeep]\n|upkeep\n|\n|t:|1699144251\n|switch|p2a: Miraidon|Miraidon|100\/100\n|-fieldstart|move: Electric Terrain|[from] ability: Hadron Engine|[of] p2a: Miraidon\n|turn|15\n|\n|t:|1699144256\n|move|p2a: Miraidon|Volt Switch|p1a: Calyrex\n|-damage|p1a: Calyrex|34\/100\n|\n|t:|1699144260\n|switch|p2a: Zacian|Zacian-Crowned|3\/100|[from] Volt Switch\n|move|p1a: Calyrex|Astral Barrage|p2a: Zacian\n|-crit|p2a: Zacian\n|-damage|p2a: Zacian|0 fnt\n|faint|p2a: Zacian\n|-ability|p1a: Calyrex|Grim Neigh|boost\n|-boost|p1a: Calyrex|spa|1\n|\n|-weather|SunnyDay|[upkeep]\n|upkeep\n|\n|t:|1699144273\n|switch|p2a: Ditto|Ditto|100\/100\n|-transform|p2a: Ditto|p1a: Calyrex|[from] ability: Imposter\n|turn|16\n|\n|t:|1699144299\n|-terastallize|p1a: Calyrex|Normal\n|move|p2a: Ditto|Draining Kiss|p1a: Calyrex\n|-damage|p1a: Calyrex|0 fnt\n|faint|p1a: Calyrex\n|-ability|p2a: Ditto|Grim Neigh|boost\n|-boost|p2a: Ditto|spa|1\n|\n|-weather|SunnyDay|[upkeep]\n|upkeep\n|\n|t:|1699144306\n|switch|p1a: Basculegion|Basculegion-F, F|100\/100\n|-damage|p1a: Basculegion|88\/100|[from] Stealth Rock\n|turn|17\n|\n|t:|1699144312\n|move|p2a: Ditto|Draining Kiss|p1a: Basculegion\n|-damage|p1a: Basculegion|24\/100\n|move|p1a: Basculegion|Last Respects|p2a: Ditto\n|-supereffective|p2a: Ditto\n|-damage|p2a: Ditto|0 fnt\n|faint|p2a: Ditto\n|\n|-weather|none\n|upkeep\n|\n|t:|1699144326\n|switch|p2a: Miraidon|Miraidon|100\/100\n|-activate|p2a: Miraidon|ability: Hadron Engine\n|turn|18\n|\n|t:|1699144331\n|move|p2a: Miraidon|Volt Switch|p1a: Basculegion\n|-supereffective|p1a: Basculegion\n|-damage|p1a: Basculegion|0 fnt\n|faint|p1a: Basculegion\n|\n|win|Bakitaladelbarrio\n|raw|spam2165846's rating: 1597 &rarr; <strong>1574<\/strong><br \/>(-23 for losing)\n|raw|Bakitaladelbarrio's rating: 1539 &rarr; <strong>1562<\/strong><br \/>(+23 for winning)\n|l|\u2606spam2165846\n","uploadtime":1699144337,"views":6,"p1id":"spam2165846","p2id":"bakitaladelbarrio","formatid":"gen9anythinggoes","rating":1562,"private":0,"password":""}