{"id":"gen9anythinggoes-1977635981","p1":"Tyronw1234","p2":"hebebebehehetehe","format":"[Gen 9] Anything Goes","log":"|j|\u2606Tyronw1234\n|j|\u2606hebebebehehetehe\n|t:|1698433896\n|gametype|singles\n|player|p1|Tyronw1234|169|1154\n|player|p2|hebebebehehetehe|blue|1115\n|teamsize|p1|6\n|teamsize|p2|6\n|gen|9\n|tier|[Gen 9] Anything Goes\n|rated|\n|rule|HP Percentage Mod: HP is shown in percentages\n|rule|Endless Battle Clause: Forcing endless battles is banned\n|clearpoke\n|poke|p1|Ditto|\n|poke|p1|Chansey, F|\n|poke|p1|Ditto|\n|poke|p1|Corviknight, F|\n|poke|p1|Mewtwo|\n|poke|p1|Kingambit, F|\n|poke|p2|Ursaluna, M|\n|poke|p2|Grimmsnarl, M|\n|poke|p2|Spiritomb, F|\n|poke|p2|Cloyster, F|\n|poke|p2|Thundurus-Therian, M|\n|poke|p2|Dragapult, F|\n|teampreview\n|c|\u2606Tyronw1234|gl bbg\n|inactive|Battle timer is ON: inactive players will automatically lose when time's up. (requested by hebebebehehetehe)\n|\n|t:|1698433910\n|start\n|switch|p1a: Chansey|Chansey, F|100\/100\n|switch|p2a: naughty boy|Cloyster, F|100\/100\n|turn|1\n|\n|t:|1698433917\n|move|p2a: naughty boy|Shell Smash|p2a: naughty boy\n|-unboost|p2a: naughty boy|def|1\n|-unboost|p2a: naughty boy|spd|1\n|-boost|p2a: naughty boy|atk|2\n|-boost|p2a: naughty boy|spa|2\n|-boost|p2a: naughty boy|spe|2\n|move|p1a: Chansey|Defense Curl|p1a: Chansey\n|-boost|p1a: Chansey|def|1\n|\n|upkeep\n|turn|2\n|\n|t:|1698433927\n|move|p2a: naughty boy|Icicle Spear|p1a: Chansey\n|-damage|p1a: Chansey|91\/100\n|-damage|p1a: Chansey|82\/100\n|-damage|p1a: Chansey|71\/100\n|-damage|p1a: Chansey|61\/100\n|-damage|p1a: Chansey|51\/100\n|-hitcount|p1a: Chansey|5\n|move|p1a: Chansey|Defense Curl|p1a: Chansey\n|-boost|p1a: Chansey|def|1\n|\n|upkeep\n|turn|3\n|\n|t:|1698433936\n|move|p2a: naughty boy|Icicle Spear|p1a: Chansey\n|-damage|p1a: Chansey|43\/100\n|-damage|p1a: Chansey|36\/100\n|-damage|p1a: Chansey|28\/100\n|-damage|p1a: Chansey|21\/100\n|-damage|p1a: Chansey|14\/100\n|-hitcount|p1a: Chansey|5\n|cant|p1a: Chansey|flinch\n|\n|upkeep\n|turn|4\n|\n|t:|1698433946\n|move|p2a: naughty boy|Icicle Spear|p1a: Chansey\n|-damage|p1a: Chansey|6\/100\n|-damage|p1a: Chansey|0 fnt\n|faint|p1a: Chansey\n|-hitcount|p1: Chansey|2\n|\n|upkeep\n|c|\u2606Tyronw1234|:O\n|c|\u2606hebebebehehetehe|lmao\n|\n|t:|1698433962\n|switch|p1a: Ditto|Ditto|100\/100\n|turn|5\n|\n|t:|1698433971\n|move|p2a: naughty boy|Icicle Spear|p1a: Ditto\n|-damage|p1a: Ditto|70\/100\n|-damage|p1a: Ditto|38\/100\n|-damage|p1a: Ditto|9\/100\n|-damage|p1a: Ditto|0 fnt\n|faint|p1a: Ditto\n|-hitcount|p1: Ditto|4\n|\n|upkeep\n|c|\u2606hebebebehehetehe|lollllllll\n|c|\u2606Tyronw1234|NOOOO\n|c|\u2606hebebebehehetehe|skill issue much?\n|\n|t:|1698433989\n|switch|p1a: Mewtwo|Mewtwo|100\/100\n|-ability|p1a: Mewtwo|Pressure\n|turn|6\n|\n|t:|1698434001\n|move|p2a: naughty boy|Icicle Spear|p1a: Mewtwo\n|-damage|p1a: Mewtwo|78\/100\n|-damage|p1a: Mewtwo|53\/100\n|-damage|p1a: Mewtwo|26\/100\n|-damage|p1a: Mewtwo|1\/100\n|-damage|p1a: Mewtwo|0 fnt\n|faint|p1a: Mewtwo\n|-hitcount|p1: Mewtwo|5\n|\n|upkeep\n|c|\u2606Tyronw1234|this is gay\n|c|\u2606hebebebehehetehe|hahahahahhahaha\n|c|\u2606hebebebehehetehe|ur gay\n|\n|t:|1698434013\n|switch|p1a: Ditto|Ditto, shiny|100\/100\n|-transform|p1a: Ditto|p2a: naughty boy|[from] ability: Imposter\n|turn|7\n|\n|t:|1698434023\n|move|p1a: Ditto|Icicle Spear|p2a: naughty boy\n|-resisted|p2a: naughty boy\n|-damage|p2a: naughty boy|93\/100\n|-resisted|p2a: naughty boy\n|-damage|p2a: naughty boy|86\/100\n|-resisted|p2a: naughty boy\n|-damage|p2a: naughty boy|79\/100\n|-resisted|p2a: naughty boy\n|-damage|p2a: naughty boy|71\/100\n|-resisted|p2a: naughty boy\n|-damage|p2a: naughty boy|64\/100\n|-hitcount|p2a: naughty boy|5\n|move|p2a: naughty boy|Rock Blast|p1a: Ditto|[miss]\n|-miss|p2a: naughty boy|p1a: Ditto\n|\n|upkeep\n|turn|8\n|c|\u2606Tyronw1234|YEAHHHHHH\n|\n|t:|1698434037\n|move|p2a: naughty boy|Rock Blast|p1a: Ditto\n|-supereffective|p1a: Ditto\n|-damage|p1a: Ditto|70\/100\n|-supereffective|p1a: Ditto\n|-damage|p1a: Ditto|39\/100\n|-supereffective|p1a: Ditto\n|-damage|p1a: Ditto|8\/100\n|-supereffective|p1a: Ditto\n|-damage|p1a: Ditto|0 fnt\n|faint|p1a: Ditto\n|-hitcount|p1: Ditto|4\n|\n|upkeep\n|c|\u2606Tyronw1234|YO\n|\n|t:|1698434046\n|switch|p1a: Corviknight|Corviknight, F|100\/100\n|-ability|p1a: Corviknight|Pressure\n|turn|9\n|c|\u2606hebebebehehetehe|lmao\n|\n|t:|1698434054\n|move|p2a: naughty boy|Icicle Spear|p1a: Corviknight\n|-damage|p1a: Corviknight|88\/100\n|-damage|p1a: Corviknight|73\/100\n|-damage|p1a: Corviknight|58\/100\n|-damage|p1a: Corviknight|45\/100\n|-damage|p1a: Corviknight|31\/100\n|-hitcount|p1a: Corviknight|5\n|move|p1a: Corviknight|Iron Defense|p1a: Corviknight\n|-boost|p1a: Corviknight|def|2\n|\n|upkeep\n|turn|10\n|c|\u2606Tyronw1234|NOOOOO\n|c|\u2606hebebebehehetehe|bye bye birdie\n|c|\u2606Tyronw1234|wait pls\n|inactive|Tyronw1234 has 120 seconds left.\n|c|\u2606Tyronw1234|pls\n|c|\u2606hebebebehehetehe|no\n|\n|t:|1698434077\n|move|p2a: naughty boy|Icicle Spear|p1a: Corviknight\n|-crit|p1a: Corviknight\n|-damage|p1a: Corviknight|9\/100\n|-damage|p1a: Corviknight|2\/100\n|-damage|p1a: Corviknight|0 fnt\n|faint|p1a: Corviknight\n|-hitcount|p1: Corviknight|3\n|\n|upkeep\n|inactive|Tyronw1234 has 120 seconds left.\n|c|\u2606Tyronw1234|omg bro\n|c|\u2606hebebebehehetehe|rematch after?\n|\n|t:|1698434089\n|switch|p1a: Kingambit|Kingambit, F, shiny|100\/100\n|-activate|p1a: Kingambit|ability: Supreme Overlord\n|-start|p1a: Kingambit|fallen5|[silent]\n|turn|11\n|c|\u2606Tyronw1234|bet\n|inactive|Tyronw1234 has 120 seconds left.\n|\n|t:|1698434104\n|move|p2a: naughty boy|Rock Blast|p1a: Kingambit|[miss]\n|-miss|p2a: naughty boy|p1a: Kingambit\n|move|p1a: Kingambit|Swords Dance|p1a: Kingambit\n|-boost|p1a: Kingambit|atk|2\n|\n|upkeep\n|turn|12\n|inactive|Tyronw1234 has 120 seconds left.\n|\n|t:|1698434112\n|move|p2a: naughty boy|Rock Blast|p1a: Kingambit\n|-resisted|p1a: Kingambit\n|-damage|p1a: Kingambit|95\/100\n|-resisted|p1a: Kingambit\n|-damage|p1a: Kingambit|89\/100\n|-resisted|p1a: Kingambit\n|-damage|p1a: Kingambit|83\/100\n|-resisted|p1a: Kingambit\n|-damage|p1a: Kingambit|78\/100\n|-resisted|p1a: Kingambit\n|-damage|p1a: Kingambit|72\/100\n|-hitcount|p1a: Kingambit|5\n|cant|p1a: Kingambit|flinch\n|\n|upkeep\n|turn|13\n|c|\u2606hebebebehehetehe|your garbage team will die\n|inactive|Tyronw1234 has 120 seconds left.\n|c|\u2606Tyronw1234|bro im dum i used sword dance now i can only use that move\n|\n|t:|1698434143\n|move|p2a: naughty boy|Icicle Spear|p1a: Kingambit\n|-resisted|p1a: Kingambit\n|-damage|p1a: Kingambit|62\/100\n|-resisted|p1a: Kingambit\n|-damage|p1a: Kingambit|54\/100\n|-resisted|p1a: Kingambit\n|-damage|p1a: Kingambit|45\/100\n|-resisted|p1a: Kingambit\n|-damage|p1a: Kingambit|35\/100\n|-resisted|p1a: Kingambit\n|-damage|p1a: Kingambit|25\/100\n|-hitcount|p1a: Kingambit|5\n|move|p1a: Kingambit|Swords Dance|p1a: Kingambit\n|-boost|p1a: Kingambit|atk|2\n|\n|upkeep\n|turn|14\n|c|\u2606hebebebehehetehe|say your a little fat boy\n|inactive|Tyronw1234 has 90 seconds left.\n|\n|t:|1698434168\n|-terastallize|p1a: Kingambit|Dark\n|move|p2a: naughty boy|Icicle Spear|p1a: Kingambit\n|-damage|p1a: Kingambit|4\/100\n|-damage|p1a: Kingambit|0 fnt\n|faint|p1a: Kingambit\n|-end|p1a: Kingambit|fallen5|[silent]\n|-hitcount|p1: Kingambit|2\n|\n|win|hebebebehehetehe\n|raw|Tyronw1234's rating: 1154 &rarr; <strong>1126<\/strong><br \/>(-28 for losing)\n|raw|hebebebehehetehe's rating: 1115 &rarr; <strong>1143<\/strong><br \/>(+28 for winning)\n","uploadtime":1698434120,"views":8,"p1id":"tyronw1234","p2id":"hebebebehehetehe","formatid":"gen9anythinggoes","rating":1126,"private":0,"password":""}