{"id":"gen9anythinggoes-1983895767","p1":"dennis wa","p2":"Flaggx","format":"[Gen 9] Anything Goes","log":"|j|\u2606dennis wa\n|j|\u2606Flaggx\n|t:|1699197301\n|gametype|singles\n|player|p1|dennis wa|striker|\n|player|p2|Flaggx|102|\n|teamsize|p1|6\n|teamsize|p2|6\n|gen|9\n|tier|[Gen 9] Anything Goes\n|rule|HP Percentage Mod: HP is shown in percentages\n|rule|Endless Battle Clause: Forcing endless battles is banned\n|clearpoke\n|poke|p1|Ogerpon-Hearthflame, F|\n|poke|p1|Weezing, M|\n|poke|p1|Bronzong|\n|poke|p1|Tinkaton, F|\n|poke|p1|Ninetales, F|\n|poke|p1|Sandy Shocks|\n|poke|p2|Scream Tail|\n|poke|p2|Empoleon, M|\n|poke|p2|Jolteon, F|\n|poke|p2|Sneasler, F|\n|poke|p2|Landorus-Therian, M|\n|poke|p2|Volcanion|\n|teampreview\n|j| Horuskoria\n|c| Horuskoria|GL HF Leute\n|c|\u2606Flaggx|danke\n|\n|t:|1699197452\n|start\n|switch|p1a: Tinkaton|Tinkaton, F|100\/100\n|switch|p2a: Sneasler|Sneasler, F|100\/100\n|turn|1\n|c| Horuskoria|Bin echt gespannt wie es ausgeht\n|\n|t:|1699197495\n|move|p2a: Sneasler|Close Combat|p1a: Tinkaton\n|-damage|p1a: Tinkaton|0 fnt\n|-unboost|p2a: Sneasler|def|1\n|-unboost|p2a: Sneasler|spd|1\n|faint|p1a: Tinkaton\n|\n|upkeep\n|\n|t:|1699197557\n|switch|p1a: Ninetales|Ninetales, F|100\/100\n|-weather|SunnyDay|[from] ability: Drought|[of] p1a: Ninetales\n|turn|2\n|\n|t:|1699197589\n|switch|p2a: Empoleon|Empoleon, M|100\/100\n|switch|p1a: Weezing|Weezing, M|100\/100\n|\n|-weather|SunnyDay|[upkeep]\n|upkeep\n|turn|3\n|\n|t:|1699197598\n|move|p2a: Empoleon|Flip Turn|p1a: Weezing\n|-damage|p1a: Weezing|95\/100\n|-damage|p2a: Empoleon|84\/100|[from] item: Rocky Helmet|[of] p1a: Weezing\n|\n|t:|1699197646\n|switch|p2a: Sneasler|Sneasler, F|100\/100|[from] Flip Turn\n|move|p1a: Weezing|Toxic Spikes|p2a: Sneasler\n|-sidestart|p2: Flaggx|move: Toxic Spikes\n|\n|-weather|SunnyDay|[upkeep]\n|upkeep\n|turn|4\n|\n|t:|1699197662\n|move|p2a: Sneasler|Switcheroo|p1a: Weezing\n|-activate|p2a: Sneasler|move: Trick|[of] p1a: Weezing\n|-item|p1a: Weezing|Choice Band|[from] move: Switcheroo\n|-item|p2a: Sneasler|Rocky Helmet|[from] move: Switcheroo\n|move|p1a: Weezing|Flamethrower|p2a: Sneasler\n|-damage|p2a: Sneasler|63\/100\n|-status|p2a: Sneasler|brn\n|\n|-weather|SunnyDay|[upkeep]\n|-damage|p2a: Sneasler|57\/100 brn|[from] brn\n|upkeep\n|turn|5\n|j| Nrox\n|l| Nrox\n|\n|t:|1699197751\n|switch|p1a: Sandy Shocks|Sandy Shocks|100\/100\n|-activate|p1a: Sandy Shocks|ability: Protosynthesis\n|-start|p1a: Sandy Shocks|protosynthesisspa\n|move|p2a: Sneasler|U-turn|p1a: Sandy Shocks\n|-damage|p1a: Sandy Shocks|87\/100\n|\n|t:|1699197759\n|switch|p2a: Landorus|Landorus-Therian, M|100\/100|[from] U-turn\n|-ability|p2a: Landorus|Intimidate|boost\n|-unboost|p1a: Sandy Shocks|atk|1\n|\n|-weather|SunnyDay|[upkeep]\n|upkeep\n|turn|6\n|\n|t:|1699197809\n|-end|p1a: Sandy Shocks|Protosynthesis|[silent]\n|switch|p1a: Bronzong|Bronzong|100\/100\n|move|p2a: Landorus|Psychic|p1a: Bronzong\n|-resisted|p1a: Bronzong\n|-damage|p1a: Bronzong|97\/100\n|\n|-weather|SunnyDay|[upkeep]\n|-heal|p1a: Bronzong|100\/100|[from] item: Leftovers\n|upkeep\n|turn|7\n|\n|t:|1699197899\n|move|p2a: Landorus|Stealth Rock|p1a: Bronzong\n|-sidestart|p1: dennis wa|move: Stealth Rock\n|move|p1a: Bronzong|Iron Defense|p1a: Bronzong\n|-boost|p1a: Bronzong|def|2\n|\n|-weather|SunnyDay|[upkeep]\n|upkeep\n|turn|8\n|\n|t:|1699197929\n|move|p2a: Landorus|U-turn|p1a: Bronzong\n|-damage|p1a: Bronzong|90\/100\n|\n|t:|1699197936\n|switch|p2a: Volcanion|Volcanion|100\/100|[from] U-turn\n|move|p1a: Bronzong|Body Press|p2a: Volcanion\n|-damage|p2a: Volcanion|74\/100\n|\n|-weather|SunnyDay|[upkeep]\n|-heal|p1a: Bronzong|96\/100|[from] item: Leftovers\n|upkeep\n|turn|9\n|j| xxxlaniusxxx\n|\n|t:|1699197975\n|switch|p1a: Ninetales|Ninetales, F|100\/100\n|-damage|p1a: Ninetales|76\/100|[from] Stealth Rock\n|move|p2a: Volcanion|Steam Eruption|p1a: Ninetales\n|-supereffective|p1a: Ninetales\n|-damage|p1a: Ninetales|20\/100\n|\n|-weather|none\n|upkeep\n|turn|10\n|j| Klitschkuh\n|\n|t:|1699198016\n|move|p1a: Ninetales|Baton Pass|p1a: Ninetales\n|\n|t:|1699198025\n|switch|p1a: Bronzong|Bronzong|96\/100|[from] Baton Pass\n|-damage|p1a: Bronzong|90\/100|[from] Stealth Rock\n|move|p2a: Volcanion|Steam Eruption|p1a: Bronzong\n|-damage|p1a: Bronzong|61\/100\n|\n|-heal|p1a: Bronzong|67\/100|[from] item: Leftovers\n|upkeep\n|turn|11\n|\n|t:|1699198059\n|move|p2a: Volcanion|Steam Eruption|p1a: Bronzong\n|-damage|p1a: Bronzong|35\/100\n|move|p1a: Bronzong|Iron Defense|p1a: Bronzong\n|-boost|p1a: Bronzong|def|2\n|\n|-heal|p1a: Bronzong|41\/100|[from] item: Leftovers\n|upkeep\n|turn|12\n|\n|t:|1699198068\n|move|p2a: Volcanion|Steam Eruption|p1a: Bronzong\n|-damage|p1a: Bronzong|10\/100\n|move|p1a: Bronzong|Body Press|p2a: Volcanion\n|-crit|p2a: Volcanion\n|-damage|p2a: Volcanion|35\/100\n|\n|-heal|p1a: Bronzong|16\/100|[from] item: Leftovers\n|upkeep\n|turn|13\n|\n|t:|1699198104\n|switch|p1a: Ninetales|Ninetales, F|20\/100\n|-damage|p1a: Ninetales|0 fnt|[from] Stealth Rock\n|faint|p1a: Ninetales\n|move|p2a: Volcanion|Steam Eruption|p1: Ninetales|[notarget]\n|-fail|p2a: Volcanion\n|\n|upkeep\n|\n|t:|1699198118\n|switch|p1a: Ogerpon|Ogerpon-Hearthflame, F|100\/100\n|-damage|p1a: Ogerpon|76\/100|[from] Stealth Rock\n|-ability|p1a: Ogerpon|Mold Breaker\n|turn|14\n|\n|t:|1699198134\n|switch|p2a: Sneasler|Sneasler, F|57\/100 brn\n|-sideend|p2: Flaggx|move: Toxic Spikes|[of] p2a: Sneasler\n|move|p1a: Ogerpon|Trailblaze|p2a: Sneasler\n|-resisted|p2a: Sneasler\n|-damage|p2a: Sneasler|35\/100 brn\n|-boost|p1a: Ogerpon|spe|1\n|-damage|p1a: Ogerpon|59\/100|[from] item: Rocky Helmet|[of] p2a: Sneasler\n|\n|-damage|p2a: Sneasler|29\/100 brn|[from] brn\n|upkeep\n|turn|15\n|\n|t:|1699198170\n|switch|p2a: Volcanion|Volcanion|35\/100\n|move|p1a: Ogerpon|Ivy Cudgel|p2a: Volcanion\n|-resisted|p2a: Volcanion\n|-crit|p2a: Volcanion\n|-damage|p2a: Volcanion|22\/100\n|\n|upkeep\n|turn|16\n|\n|t:|1699198219\n|switch|p2a: Landorus|Landorus-Therian, M|100\/100\n|-ability|p2a: Landorus|Intimidate|boost\n|-unboost|p1a: Ogerpon|atk|1\n|move|p1a: Ogerpon|Knock Off|p2a: Landorus\n|-damage|p2a: Landorus|82\/100\n|-damage|p1a: Ogerpon|42\/100|[from] item: Rocky Helmet|[of] p2a: Landorus\n|-enditem|p2a: Landorus|Rocky Helmet|[from] move: Knock Off|[of] p1a: Ogerpon\n|\n|upkeep\n|turn|17\n|\n|t:|1699198272\n|switch|p1a: Bronzong|Bronzong|16\/100\n|-damage|p1a: Bronzong|10\/100|[from] Stealth Rock\n|move|p2a: Landorus|U-turn|p1a: Bronzong\n|-damage|p1a: Bronzong|0 fnt\n|faint|p1a: Bronzong\n|\n|t:|1699198281\n|switch|p2a: Jolteon|Jolteon, F|100\/100|[from] U-turn\n|\n|upkeep\n|\n|t:|1699198289\n|switch|p1a: Sandy Shocks|Sandy Shocks|87\/100\n|-damage|p1a: Sandy Shocks|81\/100|[from] Stealth Rock\n|turn|18\n|l| Horuskoria\n|\n|t:|1699198319\n|-terastallize|p2a: Jolteon|Ice\n|move|p2a: Jolteon|Tera Blast|p1a: Sandy Shocks|[anim] Tera Blast Ice\n|-supereffective|p1a: Sandy Shocks\n|-damage|p1a: Sandy Shocks|0 fnt\n|faint|p1a: Sandy Shocks\n|-end|p1a: Sandy Shocks|Protosynthesis|[silent]\n|\n|upkeep\n|j| Horuskoria\n|\n|t:|1699198325\n|switch|p1a: Weezing|Weezing, M|95\/100\n|-damage|p1a: Weezing|82\/100|[from] Stealth Rock\n|turn|19\n|\n|t:|1699198337\n|move|p2a: Jolteon|Thunderbolt|p1a: Weezing\n|-damage|p1a: Weezing|20\/100\n|move|p1a: Weezing|Flamethrower|p2a: Jolteon\n|-supereffective|p2a: Jolteon\n|-damage|p2a: Jolteon|50\/100\n|\n|upkeep\n|turn|20\n|\n|t:|1699198351\n|move|p2a: Jolteon|Thunderbolt|p1a: Weezing\n|-damage|p1a: Weezing|0 fnt\n|faint|p1a: Weezing\n|\n|upkeep\n|\n|t:|1699198355\n|switch|p1a: Ogerpon|Ogerpon-Hearthflame, F|42\/100\n|-damage|p1a: Ogerpon|17\/100|[from] Stealth Rock\n|-ability|p1a: Ogerpon|Mold Breaker\n|turn|21\n|\n|t:|1699198361\n|move|p2a: Jolteon|Tera Blast|p1a: Ogerpon|[anim] Tera Blast Ice\n|-damage|p1a: Ogerpon|0 fnt\n|faint|p1a: Ogerpon\n|\n|win|Flaggx\n|l| xxxlaniusxxx\n|c| Klitschkuh|Gg\n|c| Horuskoria|Wow\n|c| Horuskoria|Damit habe ich nicht gerechnet\n|l| Horuskoria\n|l| Klitschkuh\n","uploadtime":1699198420,"views":18,"p1id":"denniswa","p2id":"flaggx","formatid":"gen9anythinggoes","rating":0,"private":0,"password":""}