{"id":"gen9anythinggoes-1986375504","p1":"pjay393","p2":"Henzai","format":"[Gen 9] Anything Goes","log":"|j|\u2606pjay393\n|j|\u2606Henzai\n|t:|1699473580\n|gametype|singles\n|player|p1|pjay393|101|1112\n|player|p2|Henzai|allister|1122\n|teamsize|p1|6\n|teamsize|p2|6\n|gen|9\n|tier|[Gen 9] Anything Goes\n|rated|\n|rule|HP Percentage Mod: HP is shown in percentages\n|rule|Endless Battle Clause: Forcing endless battles is banned\n|clearpoke\n|poke|p1|Arceus|\n|poke|p1|Roaring Moon|\n|poke|p1|Kommo-o, F|\n|poke|p1|Crawdaunt, M|\n|poke|p1|Gyarados, M|\n|poke|p1|Iron Thorns|\n|poke|p2|Calyrex-Ice|\n|poke|p2|Weavile, M|\n|poke|p2|Espathra, M|\n|poke|p2|Drifblim, M|\n|poke|p2|Krookodile, M|\n|poke|p2|Mewtwo|\n|teampreview\n|inactive|Battle timer is ON: inactive players will automatically lose when time's up. (requested by pjay393)\n|\n|t:|1699473593\n|start\n|switch|p1a: Arceus|Arceus|100\/100\n|switch|p2a: Calyrex|Calyrex-Ice|100\/100\n|-ability|p2a: Calyrex|As One\n|-ability|p2a: Calyrex|Unnerve\n|turn|1\n|\n|t:|1699473602\n|move|p1a: Arceus|Dragon Dance|p1a: Arceus\n|-boost|p1a: Arceus|atk|1\n|-boost|p1a: Arceus|spe|1\n|move|p2a: Calyrex|Iron Defense|p2a: Calyrex\n|-boost|p2a: Calyrex|def|2\n|\n|upkeep\n|turn|2\n|\n|t:|1699473608\n|move|p1a: Arceus|Dragon Dance|p1a: Arceus\n|-boost|p1a: Arceus|atk|1\n|-boost|p1a: Arceus|spe|1\n|move|p2a: Calyrex|Iron Defense|p2a: Calyrex\n|-boost|p2a: Calyrex|def|2\n|\n|upkeep\n|turn|3\n|\n|t:|1699473611\n|move|p1a: Arceus|Earthquake|p2a: Calyrex\n|-damage|p2a: Calyrex|87\/100\n|move|p2a: Calyrex|Iron Defense|p2a: Calyrex\n|-boost|p2a: Calyrex|def|2\n|\n|-heal|p2a: Calyrex|93\/100|[from] item: Leftovers\n|upkeep\n|turn|4\n|\n|t:|1699473618\n|move|p1a: Arceus|Earthquake|p2a: Calyrex\n|-damage|p2a: Calyrex|83\/100\n|move|p2a: Calyrex|Swords Dance|p2a: Calyrex\n|-boost|p2a: Calyrex|atk|2\n|\n|-heal|p2a: Calyrex|89\/100|[from] item: Leftovers\n|upkeep\n|turn|5\n|\n|t:|1699473626\n|move|p1a: Arceus|Earthquake|p2a: Calyrex\n|-damage|p2a: Calyrex|80\/100\n|move|p2a: Calyrex|Swords Dance|p2a: Calyrex\n|-boost|p2a: Calyrex|atk|2\n|\n|-heal|p2a: Calyrex|86\/100|[from] item: Leftovers\n|upkeep\n|turn|6\n|\n|t:|1699473635\n|move|p1a: Arceus|Earthquake|p2a: Calyrex\n|-damage|p2a: Calyrex|75\/100\n|move|p2a: Calyrex|Substitute|p2a: Calyrex\n|-start|p2a: Calyrex|Substitute\n|-damage|p2a: Calyrex|50\/100\n|\n|-heal|p2a: Calyrex|56\/100|[from] item: Leftovers\n|upkeep\n|turn|7\n|\n|t:|1699473641\n|move|p1a: Arceus|Dragon Dance|p1a: Arceus\n|-boost|p1a: Arceus|atk|1\n|-boost|p1a: Arceus|spe|1\n|move|p2a: Calyrex|Baton Pass|p2a: Calyrex\n|\n|t:|1699473646\n|switch|p2a: Drifblim|Drifblim, M, shiny|100\/100|[from] Baton Pass\n|\n|upkeep\n|turn|8\n|\n|t:|1699473650\n|move|p1a: Arceus|Earthquake|p2a: Drifblim\n|-immune|p2a: Drifblim\n|move|p2a: Drifblim|Minimize|p2a: Drifblim\n|-boost|p2a: Drifblim|evasion|2\n|\n|upkeep\n|turn|9\n|\n|t:|1699473654\n|move|p1a: Arceus|Shadow Claw|p2a: Drifblim|[miss]\n|-miss|p1a: Arceus|p2a: Drifblim\n|move|p2a: Drifblim|Minimize|p2a: Drifblim\n|-boost|p2a: Drifblim|evasion|2\n|\n|upkeep\n|turn|10\n|\n|t:|1699473660\n|switch|p1a: Roaring Moon|Roaring Moon|100\/100\n|-enditem|p1a: Roaring Moon|Booster Energy\n|-activate|p1a: Roaring Moon|ability: Protosynthesis|[fromitem]\n|-start|p1a: Roaring Moon|protosynthesisatk\n|move|p2a: Drifblim|Minimize|p2a: Drifblim\n|-boost|p2a: Drifblim|evasion|2\n|\n|upkeep\n|turn|11\n|\n|t:|1699473669\n|move|p1a: Roaring Moon|Dragon Dance|p1a: Roaring Moon\n|-boost|p1a: Roaring Moon|atk|1\n|-boost|p1a: Roaring Moon|spe|1\n|move|p2a: Drifblim|Calm Mind|p2a: Drifblim\n|-boost|p2a: Drifblim|spa|1\n|-boost|p2a: Drifblim|spd|1\n|\n|upkeep\n|turn|12\n|\n|t:|1699473671\n|move|p1a: Roaring Moon|Aerial Ace|p2a: Drifblim\n|-activate|p2a: Drifblim|move: Substitute|[damage]\n|move|p2a: Drifblim|Calm Mind|p2a: Drifblim\n|-boost|p2a: Drifblim|spa|1\n|-boost|p2a: Drifblim|spd|1\n|\n|upkeep\n|turn|13\n|\n|t:|1699473678\n|move|p1a: Roaring Moon|Dragon Dance|p1a: Roaring Moon\n|-boost|p1a: Roaring Moon|atk|1\n|-boost|p1a: Roaring Moon|spe|1\n|move|p2a: Drifblim|Baton Pass|p2a: Drifblim\n|\n|t:|1699473683\n|switch|p2a: Espathra|Espathra, M, shiny|100\/100|[from] Baton Pass\n|\n|upkeep\n|turn|14\n|-message|pjay393 forfeited.\n|\n|win|Henzai\n|raw|pjay393's rating: 1112 &rarr; <strong>1088<\/strong><br \/>(-24 for losing)\n|raw|Henzai's rating: 1122 &rarr; <strong>1146<\/strong><br \/>(+24 for winning)\n|l|\u2606pjay393\n","uploadtime":1699473694,"views":19,"p1id":"pjay393","p2id":"henzai","formatid":"gen9anythinggoes","rating":1088,"private":0,"password":""}