{"id":"gen9anythinggoes-1981921787","p1":"Sir Grandmaster","p2":"theironpikachu","format":"[Gen 9] Anything Goes","log":"|j|\u2606Sir Grandmaster\n|j|\u2606theironpikachu\n|inactive|Battle timer is ON: inactive players will automatically lose when time's up.\n|t:|1698951890\n|gametype|singles\n|player|p1|Sir Grandmaster|ghetsis|\n|player|p2|theironpikachu|may-masters|\n|teamsize|p1|6\n|teamsize|p2|6\n|gen|9\n|tier|[Gen 9] Anything Goes\n|rated|Tournament battle\n|rule|HP Percentage Mod: HP is shown in percentages\n|rule|Endless Battle Clause: Forcing endless battles is banned\n|rule|Species Clause: Limit one of each Pok\u00e9mon\n|rule|OHKO Clause: OHKO moves are banned\n|rule|Evasion Moves Clause: Evasion moves are banned\n|rule|Sleep Moves Clause: Sleep-inducing moves are banned\n|rule|Re-Evolution Mod: Pok\u00e9mon gain the boosts they would gain from evolving again\n|clearpoke\n|poke|p1|Salazzle, F|\n|poke|p1|Gardevoir, F|\n|poke|p1|Noivern, F|\n|poke|p1|Corviknight, F|\n|poke|p1|Flareon, M|\n|poke|p1|Slowking, F|\n|poke|p2|Slowking-Galar, M|\n|poke|p2|Gholdengo|\n|poke|p2|Gliscor, F|\n|poke|p2|Noivern, M|\n|poke|p2|Toxapex, M|\n|poke|p2|Ting-Lu|\n|teampreview\n|j|*Lady Monita \u263d\n|inactive|theironpikachu also wants the timer to be on.\n|j| happysh\n|c|\u2606theironpikachu|glhf\n|\n|t:|1698951914\n|start\n|switch|p1a: Flareon|Flareon, M|100\/100\n|switch|p2a: Ting-Lu|Ting-Lu|100\/100\n|-ability|p2a: Ting-Lu|Vessel of Ruin\n|turn|1\n|c|\u2606Sir Grandmaster|u too\n|\n|t:|1698951925\n|move|p1a: Flareon|Trailblaze|p2a: Ting-Lu\n|-supereffective|p2a: Ting-Lu\n|-damage|p2a: Ting-Lu|82\/100\n|-boost|p1a: Flareon|spe|1\n|move|p2a: Ting-Lu|Ceaseless Edge|p1a: Flareon|[miss]\n|-miss|p2a: Ting-Lu|p1a: Flareon\n|\n|-heal|p2a: Ting-Lu|88\/100|[from] item: Leftovers\n|-status|p1a: Flareon|tox|[from] item: Toxic Orb\n|upkeep\n|turn|2\n|\n|t:|1698951936\n|move|p1a: Flareon|Trailblaze|p2a: Ting-Lu\n|-supereffective|p2a: Ting-Lu\n|-damage|p2a: Ting-Lu|58\/100\n|-boost|p1a: Flareon|spe|1\n|move|p2a: Ting-Lu|Earthquake|p1a: Flareon\n|-supereffective|p1a: Flareon\n|-damage|p1a: Flareon|0 fnt\n|faint|p1a: Flareon\n|\n|-heal|p2a: Ting-Lu|65\/100|[from] item: Leftovers\n|upkeep\n|\n|t:|1698951941\n|switch|p1a: Slowking|Slowking, F|100\/100\n|turn|3\n|\n|t:|1698951959\n|move|p2a: Ting-Lu|Ceaseless Edge|p1a: Slowking\n|-supereffective|p1a: Slowking\n|-damage|p1a: Slowking|60\/100\n|-sidestart|p1: Sir Grandmaster|Spikes\n|move|p1a: Slowking|Chilling Water|p2a: Ting-Lu\n|-supereffective|p2a: Ting-Lu\n|-damage|p2a: Ting-Lu|34\/100\n|-unboost|p2a: Ting-Lu|atk|1\n|\n|-heal|p2a: Ting-Lu|40\/100|[from] item: Leftovers\n|upkeep\n|turn|4\n|\n|t:|1698951970\n|move|p2a: Ting-Lu|Shore Up|p2a: Ting-Lu\n|-heal|p2a: Ting-Lu|90\/100\n|move|p1a: Slowking|Chilling Water|p2a: Ting-Lu\n|-supereffective|p2a: Ting-Lu\n|-damage|p2a: Ting-Lu|59\/100\n|-unboost|p2a: Ting-Lu|atk|1\n|\n|-heal|p2a: Ting-Lu|65\/100|[from] item: Leftovers\n|upkeep\n|turn|5\n|\n|t:|1698951982\n|move|p1a: Slowking|Chilling Water|p2a: Ting-Lu\n|-supereffective|p2a: Ting-Lu\n|-damage|p2a: Ting-Lu|31\/100\n|-unboost|p2a: Ting-Lu|atk|1\n|move|p2a: Ting-Lu|Ceaseless Edge|p1a: Slowking\n|-supereffective|p1a: Slowking\n|-damage|p1a: Slowking|41\/100\n|-sidestart|p1: Sir Grandmaster|Spikes\n|\n|-heal|p2a: Ting-Lu|37\/100|[from] item: Leftovers\n|upkeep\n|turn|6\n|\n|t:|1698951999\n|move|p1a: Slowking|Chilling Water|p2a: Ting-Lu\n|-supereffective|p2a: Ting-Lu\n|-damage|p2a: Ting-Lu|7\/100\n|-unboost|p2a: Ting-Lu|atk|1\n|move|p2a: Ting-Lu|Shore Up|p2a: Ting-Lu\n|-heal|p2a: Ting-Lu|57\/100\n|\n|-heal|p2a: Ting-Lu|64\/100|[from] item: Leftovers\n|upkeep\n|turn|7\n|inactive|Sir Grandmaster has 120 seconds left.\n|\n|t:|1698952058\n|move|p2a: Ting-Lu|Ceaseless Edge|p1a: Slowking\n|-supereffective|p1a: Slowking\n|-damage|p1a: Slowking|26\/100\n|-sidestart|p1: Sir Grandmaster|Spikes\n|move|p1a: Slowking|Teleport|p1a: Slowking\n|\n|t:|1698952063\n|switch|p1a: Corviknight|Corviknight, F|100\/100|[from] Teleport\n|-ability|p1a: Corviknight|Pressure\n|\n|-heal|p2a: Ting-Lu|70\/100|[from] item: Leftovers\n|upkeep\n|turn|8\n|\n|t:|1698952081\n|move|p1a: Corviknight|Bulk Up|p1a: Corviknight\n|-boost|p1a: Corviknight|atk|1\n|-boost|p1a: Corviknight|def|1\n|move|p2a: Ting-Lu|Parting Shot|p1a: Corviknight\n|-unboost|p1a: Corviknight|atk|1\n|-unboost|p1a: Corviknight|spa|1\n|inactive|theironpikachu has 120 seconds left.\n|\n|t:|1698952104\n|switch|p2a: Gholdengo|Gholdengo|100\/100|[from] Parting Shot\n|\n|upkeep\n|turn|9\n|\n|t:|1698952112\n|move|p2a: Gholdengo|Thunderbolt|p1a: Corviknight\n|-supereffective|p1a: Corviknight\n|-damage|p1a: Corviknight|57\/100\n|move|p1a: Corviknight|Brave Bird|p2a: Gholdengo\n|-resisted|p2a: Gholdengo\n|-damage|p2a: Gholdengo|83\/100\n|-damage|p1a: Corviknight|52\/100|[from] Recoil\n|\n|-heal|p1a: Corviknight|58\/100|[from] item: Leftovers\n|upkeep\n|turn|10\n|inactive|Sir Grandmaster has 120 seconds left.\n|\n|t:|1698952118\n|move|p2a: Gholdengo|Thunderbolt|p1a: Corviknight\n|-supereffective|p1a: Corviknight\n|-damage|p1a: Corviknight|19\/100\n|move|p1a: Corviknight|Brave Bird|p2a: Gholdengo\n|-resisted|p2a: Gholdengo\n|-damage|p2a: Gholdengo|67\/100\n|-damage|p1a: Corviknight|14\/100|[from] Recoil\n|\n|-heal|p1a: Corviknight|20\/100|[from] item: Leftovers\n|upkeep\n|turn|11\n|\n|t:|1698952124\n|move|p2a: Gholdengo|Thunderbolt|p1a: Corviknight\n|-supereffective|p1a: Corviknight\n|-crit|p1a: Corviknight\n|-damage|p1a: Corviknight|0 fnt\n|faint|p1a: Corviknight\n|\n|upkeep\n|\n|t:|1698952126\n|switch|p1a: Salazzle|Salazzle, F|100\/100\n|turn|12\n|\n|t:|1698952155\n|switch|p2a: Toxapex|Toxapex, M|100\/100\n|move|p1a: Salazzle|Nasty Plot|p1a: Salazzle\n|-boost|p1a: Salazzle|spa|2\n|\n|upkeep\n|turn|13\n|\n|t:|1698952165\n|-terastallize|p1a: Salazzle|Poison\n|move|p1a: Salazzle|Toxic|p2a: Toxapex\n|-status|p2a: Toxapex|tox\n|move|p2a: Toxapex|Flip Turn|p1a: Salazzle\n|-damage|p1a: Salazzle|78\/100\n|\n|t:|1698952180\n|switch|p2a: Gholdengo|Gholdengo|67\/100|[from] Flip Turn\n|\n|upkeep\n|turn|14\n|\n|t:|1698952184\n|move|p2a: Gholdengo|Make It Rain|p1a: Salazzle\n|-damage|p1a: Salazzle|0 fnt\n|-unboost|p2a: Gholdengo|spa|1\n|faint|p1a: Salazzle\n|\n|upkeep\n|\n|t:|1698952191\n|switch|p1a: Noivern|Noivern, F|100\/100\n|turn|15\n|c|\u2606Sir Grandmaster|gg\n|-message|Sir Grandmaster forfeited.\n|\n|win|theironpikachu\n|n|\u2606Sir Grandmaster|sirgrandmaster\n|n|\u2606theironpikachu|theironpikachu\n|n|*Lady Monita \u263d|ladymonita\n|n| happysh|happysh\n","uploadtime":1698952204,"views":4,"p1id":"sirgrandmaster","p2id":"theironpikachu","formatid":"gen9anythinggoes","rating":0,"private":0,"password":""}