{"id":"gen9anythinggoes-1979922896","p1":"Bakitaladelbarrio","p2":"epicgamerboy2010","format":"[Gen 9] Anything Goes","log":"|j|\u2606Bakitaladelbarrio\n|j|\u2606epicgamerboy2010\n|t:|1698730069\n|gametype|singles\n|player|p1|Bakitaladelbarrio|colress|1231\n|player|p2|epicgamerboy2010|ghetsis|1237\n|teamsize|p1|6\n|teamsize|p2|6\n|gen|9\n|tier|[Gen 9] Anything Goes\n|rated|\n|rule|HP Percentage Mod: HP is shown in percentages\n|rule|Endless Battle Clause: Forcing endless battles is banned\n|clearpoke\n|poke|p1|Espathra, F|\n|poke|p1|Drifblim, F|\n|poke|p1|Espeon, F|\n|poke|p1|Manaphy|\n|poke|p1|Clefable, F|\n|poke|p1|Basculegion, M|\n|poke|p2|Roaring Moon|\n|poke|p2|Groudon|\n|poke|p2|Sneasler, F|\n|poke|p2|Koraidon|\n|poke|p2|Skeledirge, F|\n|poke|p2|Scizor, F|\n|teampreview\n|inactive|Battle timer is ON: inactive players will automatically lose when time's up. (requested by Bakitaladelbarrio)\n|\n|t:|1698730073\n|start\n|switch|p1a: Espathra|Espathra, F|100\/100\n|switch|p2a: The Guy|Groudon|100\/100\n|-weather|SunnyDay|[from] ability: Drought|[of] p2a: The Guy\n|turn|1\n|c|\u2606epicgamerboy2010|this is the guy\n|c|\u2606epicgamerboy2010|he does the stuff\n|\n|t:|1698730088\n|move|p1a: Espathra|Protect|p1a: Espathra\n|-singleturn|p1a: Espathra|Protect\n|move|p2a: The Guy|Precipice Blades|p1a: Espathra\n|-activate|p1a: Espathra|move: Protect\n|\n|-weather|SunnyDay|[upkeep]\n|-ability|p1a: Espathra|Speed Boost|boost\n|-boost|p1a: Espathra|spe|1\n|upkeep\n|turn|2\n|\n|t:|1698730101\n|move|p1a: Espathra|Calm Mind|p1a: Espathra\n|-boost|p1a: Espathra|spa|1\n|-boost|p1a: Espathra|spd|1\n|move|p2a: The Guy|Precipice Blades|p1a: Espathra\n|-enditem|p1a: Espathra|Focus Sash\n|-damage|p1a: Espathra|1\/100\n|\n|-weather|SunnyDay|[upkeep]\n|-ability|p1a: Espathra|Speed Boost|boost\n|-boost|p1a: Espathra|spe|1\n|upkeep\n|turn|3\n|\n|t:|1698730111\n|move|p1a: Espathra|Protect|p1a: Espathra\n|-singleturn|p1a: Espathra|Protect\n|move|p2a: The Guy|Aerial Ace|p1a: Espathra\n|-activate|p1a: Espathra|move: Protect\n|\n|-weather|SunnyDay|[upkeep]\n|-ability|p1a: Espathra|Speed Boost|boost\n|-boost|p1a: Espathra|spe|1\n|upkeep\n|turn|4\n|\n|t:|1698730121\n|move|p1a: Espathra|Baton Pass|p1a: Espathra\n|\n|t:|1698730123\n|switch|p1a: Drifblim|Drifblim, F|100\/100|[from] Baton Pass\n|move|p2a: The Guy|Aerial Ace|p1a: Drifblim\n|-damage|p1a: Drifblim|82\/100\n|\n|-weather|SunnyDay|[upkeep]\n|upkeep\n|turn|5\n|\n|t:|1698730132\n|move|p1a: Drifblim|Minimize|p1a: Drifblim\n|-boost|p1a: Drifblim|evasion|2\n|move|p2a: The Guy|Fire Punch|p1a: Drifblim\n|-damage|p1a: Drifblim|47\/100\n|\n|-weather|none\n|upkeep\n|turn|6\n|\n|t:|1698730139\n|move|p1a: Drifblim|Minimize|p1a: Drifblim\n|-boost|p1a: Drifblim|evasion|2\n|move|p2a: The Guy|Aerial Ace|p1a: Drifblim\n|-damage|p1a: Drifblim|25\/100\n|\n|upkeep\n|turn|7\n|\n|t:|1698730146\n|move|p1a: Drifblim|Baton Pass|p1a: Drifblim\n|\n|t:|1698730147\n|switch|p1a: Manaphy|Manaphy|100\/100|[from] Baton Pass\n|move|p2a: The Guy|Aerial Ace|p1a: Manaphy\n|-damage|p1a: Manaphy|79\/100\n|\n|-heal|p1a: Manaphy|85\/100|[from] item: Leftovers\n|upkeep\n|turn|8\n|\n|t:|1698730156\n|move|p1a: Manaphy|Acid Armor|p1a: Manaphy\n|-boost|p1a: Manaphy|def|2\n|move|p2a: The Guy|Aerial Ace|p1a: Manaphy\n|-damage|p1a: Manaphy|75\/100\n|\n|-heal|p1a: Manaphy|81\/100|[from] item: Leftovers\n|upkeep\n|turn|9\n|\n|t:|1698730169\n|move|p1a: Manaphy|Acid Armor|p1a: Manaphy\n|-boost|p1a: Manaphy|def|2\n|move|p2a: The Guy|Precipice Blades|p1a: Manaphy\n|-damage|p1a: Manaphy|60\/100\n|\n|-heal|p1a: Manaphy|66\/100|[from] item: Leftovers\n|upkeep\n|turn|10\n|\n|t:|1698730178\n|move|p1a: Manaphy|Take Heart|p1a: Manaphy\n|-boost|p1a: Manaphy|spa|1\n|-boost|p1a: Manaphy|spd|1\n|move|p2a: The Guy|Aerial Ace|p1a: Manaphy\n|-damage|p1a: Manaphy|60\/100\n|\n|-heal|p1a: Manaphy|66\/100|[from] item: Leftovers\n|upkeep\n|turn|11\n|\n|t:|1698730186\n|move|p1a: Manaphy|Acid Armor|p1a: Manaphy\n|-boost|p1a: Manaphy|def|2\n|move|p2a: The Guy|Dragon Claw|p1a: Manaphy|[miss]\n|-miss|p2a: The Guy|p1a: Manaphy\n|\n|-heal|p1a: Manaphy|72\/100|[from] item: Leftovers\n|upkeep\n|turn|12\n|\n|t:|1698730195\n|move|p1a: Manaphy|Scald|p2a: The Guy\n|-supereffective|p2a: The Guy\n|-damage|p2a: The Guy|23\/100\n|move|p2a: The Guy|Precipice Blades|p1a: Manaphy\n|-damage|p1a: Manaphy|58\/100\n|\n|-heal|p1a: Manaphy|64\/100|[from] item: Leftovers\n|upkeep\n|turn|13\n|\n|t:|1698730205\n|move|p1a: Manaphy|Stored Power|p2a: The Guy\n|-damage|p2a: The Guy|0 fnt\n|faint|p2a: The Guy\n|\n|-heal|p1a: Manaphy|70\/100|[from] item: Leftovers\n|upkeep\n|\n|t:|1698730209\n|switch|p2a: The Other Guy|Skeledirge, F|100\/100\n|turn|14\n|c|\u2606epicgamerboy2010|here is the other guy\n|c|\u2606epicgamerboy2010|he does the other stuff\n|\n|t:|1698730228\n|-terastallize|p2a: The Other Guy|Grass\n|move|p1a: Manaphy|Stored Power|p2a: The Other Guy\n|-damage|p2a: The Other Guy|0 fnt\n|faint|p2a: The Other Guy\n|\n|-heal|p1a: Manaphy|76\/100|[from] item: Leftovers\n|upkeep\n|c|\u2606epicgamerboy2010|what\n|c|\u2606epicgamerboy2010|damn\n|inactive|epicgamerboy2010 has 120 seconds left.\n|\n|t:|1698730275\n|switch|p2a: The Additional Guy|Koraidon|100\/100\n|-weather|SunnyDay|[from] ability: Orichalcum Pulse|[of] p2a: The Additional Guy\n|-activate|p2a: The Additional Guy|Orichalcum Pulse|[source]\n|turn|15\n|\n|t:|1698730285\n|move|p1a: Manaphy|Stored Power|p2a: The Additional Guy\n|-supereffective|p2a: The Additional Guy\n|-damage|p2a: The Additional Guy|0 fnt\n|faint|p2a: The Additional Guy\n|\n|-weather|SunnyDay|[upkeep]\n|-heal|p1a: Manaphy|83\/100|[from] item: Leftovers\n|upkeep\n|\n|t:|1698730291\n|switch|p2a: The Other Being|Roaring Moon|100\/100\n|-activate|p2a: The Other Being|ability: Protosynthesis\n|-start|p2a: The Other Being|protosynthesisatk\n|turn|16\n|\n|t:|1698730298\n|move|p1a: Manaphy|Scald|p2a: The Other Being\n|-resisted|p2a: The Other Being\n|-damage|p2a: The Other Being|83\/100\n|-status|p2a: The Other Being|brn\n|move|p2a: The Other Being|Dragon Dance|p2a: The Other Being\n|-boost|p2a: The Other Being|atk|1\n|-boost|p2a: The Other Being|spe|1\n|\n|-weather|SunnyDay|[upkeep]\n|-heal|p1a: Manaphy|89\/100|[from] item: Leftovers\n|-damage|p2a: The Other Being|77\/100 brn|[from] brn\n|upkeep\n|turn|17\n|\n|t:|1698730311\n|move|p1a: Manaphy|Take Heart|p1a: Manaphy\n|-boost|p1a: Manaphy|spa|1\n|-boost|p1a: Manaphy|spd|1\n|move|p2a: The Other Being|Dragon Dance|p2a: The Other Being\n|-boost|p2a: The Other Being|atk|1\n|-boost|p2a: The Other Being|spe|1\n|\n|-weather|SunnyDay|[upkeep]\n|-heal|p1a: Manaphy|95\/100|[from] item: Leftovers\n|-damage|p2a: The Other Being|71\/100 brn|[from] brn\n|upkeep\n|turn|18\n|inactive|epicgamerboy2010 has 120 seconds left.\n|\n|t:|1698730321\n|move|p2a: The Other Being|Dragon Dance|p2a: The Other Being\n|-boost|p2a: The Other Being|atk|1\n|-boost|p2a: The Other Being|spe|1\n|move|p1a: Manaphy|Scald|p2a: The Other Being\n|-resisted|p2a: The Other Being\n|-damage|p2a: The Other Being|51\/100 brn\n|\n|-weather|SunnyDay|[upkeep]\n|-heal|p1a: Manaphy|100\/100|[from] item: Leftovers\n|-damage|p2a: The Other Being|45\/100 brn|[from] brn\n|upkeep\n|turn|19\n|inactive|epicgamerboy2010 has 120 seconds left.\n|\n|t:|1698730338\n|move|p2a: The Other Being|Crunch|p1a: Manaphy|[miss]\n|-miss|p2a: The Other Being|p1a: Manaphy\n|move|p1a: Manaphy|Scald|p2a: The Other Being\n|-resisted|p2a: The Other Being\n|-damage|p2a: The Other Being|25\/100 brn\n|\n|-weather|none\n|-end|p2a: The Other Being|Protosynthesis\n|-damage|p2a: The Other Being|19\/100 brn|[from] brn\n|upkeep\n|turn|20\n|\n|t:|1698730348\n|move|p2a: The Other Being|Crunch|p1a: Manaphy|[miss]\n|-miss|p2a: The Other Being|p1a: Manaphy\n|move|p1a: Manaphy|Scald|p2a: The Other Being\n|-resisted|p2a: The Other Being\n|-damage|p2a: The Other Being|0 fnt\n|faint|p2a: The Other Being\n|-end|p2a: The Other Being|Protosynthesis|[silent]\n|\n|upkeep\n|\n|t:|1698730354\n|switch|p2a: The Being|Sneasler, F|100\/100\n|turn|21\n|inactive|epicgamerboy2010 has 120 seconds left.\n|\n|t:|1698730383\n|move|p1a: Manaphy|Stored Power|p2a: The Being\n|-supereffective|p2a: The Being\n|-enditem|p2a: The Being|Focus Sash\n|-damage|p2a: The Being|1\/100\n|move|p2a: The Being|Swords Dance|p2a: The Being\n|-boost|p2a: The Being|atk|2\n|\n|upkeep\n|turn|22\n|\n|t:|1698730396\n|move|p2a: The Being|Close Combat|p1a: Manaphy|[miss]\n|-miss|p2a: The Being|p1a: Manaphy\n|move|p1a: Manaphy|Stored Power|p2a: The Being\n|-supereffective|p2a: The Being\n|-damage|p2a: The Being|0 fnt\n|faint|p2a: The Being\n|\n|upkeep\n|\n|t:|1698730401\n|switch|p2a: The Janitor|Scizor, F|100\/100\n|turn|23\n|inactive|epicgamerboy2010 has 120 seconds left.\n|\n|t:|1698730408\n|move|p2a: The Janitor|Bullet Punch|p1a: Manaphy\n|-resisted|p1a: Manaphy\n|-damage|p1a: Manaphy|98\/100\n|move|p1a: Manaphy|Scald|p2a: The Janitor\n|-damage|p2a: The Janitor|0 fnt\n|faint|p2a: The Janitor\n|\n|win|Bakitaladelbarrio\n|raw|Bakitaladelbarrio's rating: 1231 &rarr; <strong>1256<\/strong><br \/>(+25 for winning)\n|raw|epicgamerboy2010's rating: 1237 &rarr; <strong>1212<\/strong><br \/>(-25 for losing)\n|c|\u2606epicgamerboy2010|hmm\n","uploadtime":1698730417,"views":11,"p1id":"bakitaladelbarrio","p2id":"epicgamerboy2010","formatid":"gen9anythinggoes","rating":1212,"private":0,"password":""}