{"id":"gen9anythinggoes-1988856974","p1":"Vphil","p2":"1053pier","format":"[Gen 9] Anything Goes","log":"|j|\u2606Vphil\n|j|\u26061053pier\n|t:|1699774969\n|gametype|singles\n|player|p1|Vphil|169|1119\n|player|p2|1053pier|265|1078\n|teamsize|p1|6\n|teamsize|p2|6\n|gen|9\n|tier|[Gen 9] Anything Goes\n|rated|\n|rule|HP Percentage Mod: HP is shown in percentages\n|rule|Endless Battle Clause: Forcing endless battles is banned\n|clearpoke\n|poke|p1|Primeape, F|\n|poke|p1|Tauros-Paldea-Aqua, M|\n|poke|p1|Tauros-Paldea-Blaze, M|\n|poke|p1|Camerupt, M|\n|poke|p1|Krookodile, M|\n|poke|p1|Crabominable, F|\n|poke|p2|Koraidon|\n|poke|p2|Calyrex-Shadow|\n|poke|p2|Eternatus|\n|poke|p2|Palafin, F|\n|poke|p2|Urshifu-*, F|\n|poke|p2|Ceruledge, M|\n|teampreview\n|c|\u2606Vphil|Boring\n|\n|t:|1699774985\n|start\n|switch|p1a: Camerupt|Camerupt, M|100\/100\n|switch|p2a: Palafin|Palafin, F|100\/100\n|turn|1\n|inactive|Battle timer is ON: inactive players will automatically lose when time's up. (requested by Vphil)\n|\n|t:|1699775004\n|-terastallize|p1a: Camerupt|Water\n|move|p2a: Palafin|Flip Turn|p1a: Camerupt\n|-resisted|p1a: Camerupt\n|-damage|p1a: Camerupt|90\/100\n|-damage|p2a: Palafin|84\/100|[from] item: Rocky Helmet|[of] p1a: Camerupt\n|c|\u26061053pier|I know it's boring, but I had to come up with this on the spot.\n|\n|t:|1699775033\n|detailschange|p2a: Palafin|Palafin-Hero, F\n|switch|p2a: Eternatus|Eternatus|100\/100|[from] Flip Turn\n|-ability|p2a: Eternatus|Pressure\n|move|p1a: Camerupt|Yawn|p2a: Eternatus\n|-start|p2a: Eternatus|move: Yawn|[of] p1a: Camerupt\n|\n|upkeep\n|turn|2\n|\n|t:|1699775045\n|switch|p2a: Koraidon|Koraidon|100\/100\n|-weather|SunnyDay|[from] ability: Orichalcum Pulse|[of] p2a: Koraidon\n|-activate|p2a: Koraidon|Orichalcum Pulse|[source]\n|move|p1a: Camerupt|Fissure|p2a: Koraidon\n|-damage|p2a: Koraidon|0 fnt\n|faint|p2a: Koraidon\n|-ohko\n|\n|-weather|SunnyDay|[upkeep]\n|upkeep\n|\n|t:|1699775054\n|switch|p2a: Eternatus|Eternatus|100\/100\n|-ability|p2a: Eternatus|Pressure\n|turn|3\n|\n|t:|1699775059\n|move|p2a: Eternatus|Solar Beam||[still]\n|-prepare|p2a: Eternatus|Solar Beam\n|-anim|p2a: Eternatus|Solar Beam|p1a: Camerupt\n|-supereffective|p1a: Camerupt\n|-damage|p1a: Camerupt|0 fnt\n|faint|p1a: Camerupt\n|\n|-weather|SunnyDay|[upkeep]\n|upkeep\n|\n|t:|1699775067\n|switch|p1a: Tauros|Tauros-Paldea-Blaze, M|100\/100\n|turn|4\n|\n|t:|1699775073\n|switch|p2a: Palafin|Palafin-Hero, F|84\/100\n|-activate|p2a: Palafin|ability: Zero to Hero\n|move|p1a: Tauros|Outrage|p2a: Palafin\n|-damage|p2a: Palafin|42\/100\n|\n|-weather|SunnyDay|[upkeep]\n|upkeep\n|turn|5\n|\n|t:|1699775087\n|move|p2a: Palafin|Zen Headbutt|p1a: Tauros\n|-supereffective|p1a: Tauros\n|-damage|p1a: Tauros|37\/100\n|move|p1a: Tauros|Outrage|p2a: Palafin|[from]lockedmove\n|-damage|p2a: Palafin|3\/100\n|\n|-weather|SunnyDay|[upkeep]\n|upkeep\n|turn|6\n|c|\u2606Vphil|Yeah you \"had to\" wtf\n|\n|t:|1699775107\n|move|p2a: Palafin|Zen Headbutt|p1a: Tauros\n|-supereffective|p1a: Tauros\n|-damage|p1a: Tauros|0 fnt\n|faint|p1a: Tauros\n|\n|-weather|none\n|upkeep\n|\n|t:|1699775116\n|switch|p1a: Primeape|Primeape, F|100\/100\n|turn|7\n|\n|t:|1699775126\n|move|p2a: Palafin|Zen Headbutt|p1a: Primeape\n|-supereffective|p1a: Primeape\n|-damage|p1a: Primeape|35\/100\n|move|p1a: Primeape|Lash Out|p2a: Palafin\n|-damage|p2a: Palafin|0 fnt\n|faint|p2a: Palafin\n|\n|upkeep\n|\n|t:|1699775137\n|switch|p2a: Urshifu|Urshifu-Rapid-Strike, F|100\/100\n|turn|8\n|\n|t:|1699775141\n|move|p2a: Urshifu|Acrobatics|p1a: Primeape\n|-supereffective|p1a: Primeape\n|-damage|p1a: Primeape|0 fnt\n|faint|p1a: Primeape\n|\n|upkeep\n|\n|t:|1699775146\n|switch|p1a: Crabominable|Crabominable, F|100\/100\n|turn|9\n|\n|t:|1699775154\n|move|p2a: Urshifu|Drain Punch|p1a: Crabominable\n|-supereffective|p1a: Crabominable\n|-damage|p1a: Crabominable|12\/100\n|move|p1a: Crabominable|Thunder Punch|p2a: Urshifu\n|-supereffective|p2a: Urshifu\n|-damage|p2a: Urshifu|46\/100\n|-damage|p1a: Crabominable|0 fnt|[from] item: Rocky Helmet|[of] p2a: Urshifu\n|faint|p1a: Crabominable\n|\n|upkeep\n|\n|t:|1699775165\n|switch|p1a: Tauros|Tauros-Paldea-Aqua, M|100\/100\n|turn|10\n|\n|t:|1699775184\n|-terastallize|p2a: Urshifu|Fighting\n|move|p2a: Urshifu|Drain Punch|p1a: Tauros\n|-damage|p1a: Tauros|49\/100\n|-heal|p2a: Urshifu|70\/100|[from] drain|[of] p1a: Tauros\n|move|p1a: Tauros|Chilling Water|p2a: Urshifu\n|-damage|p2a: Urshifu|57\/100\n|-unboost|p2a: Urshifu|atk|1\n|\n|upkeep\n|turn|11\n|c|\u2606Vphil|Enjoy your shitty team\n|inactive|Vphil has 120 seconds left.\n|n|!1053pier|1053pier\n|inactive|Vphil has 90 seconds left.\n|-message|1053pier forfeited.\n|\n|win|Vphil\n|raw|Vphil's rating: 1096 &rarr; <strong>1120<\/strong><br \/>(+24 for winning)\n|raw|1053pier's rating: 1078 &rarr; <strong>1057<\/strong><br \/>(-21 for losing)\n|l|!1053pier\n","uploadtime":1699775238,"views":5,"p1id":"vphil","p2id":"1053pier","formatid":"gen9anythinggoes","rating":1057,"private":0,"password":""}