{"id":"gen9anythinggoes-1972983961","p1":"gengengalixy","p2":"GogoGame","format":"[Gen 9] Anything Goes","log":"|j|\u2606gengengalixy\n|j|\u2606GogoGame\n|t:|1697915398\n|gametype|singles\n|player|p1|gengengalixy|170|1073\n|player|p2|GogoGame|1|1178\n|teamsize|p1|6\n|teamsize|p2|6\n|gen|9\n|tier|[Gen 9] Anything Goes\n|rated|\n|rule|HP Percentage Mod: HP is shown in percentages\n|rule|Endless Battle Clause: Forcing endless battles is banned\n|clearpoke\n|poke|p1|Umbreon, F|\n|poke|p1|Zoroark, M|\n|poke|p1|Krookodile, M|\n|poke|p1|Muk-Alola, M|\n|poke|p1|Houndoom, F|\n|poke|p1|Hydreigon, M|\n|poke|p2|Kingambit, M|\n|poke|p2|Iron Valiant|\n|poke|p2|Roaring Moon|\n|poke|p2|Gholdengo|\n|poke|p2|Glimmora, F|\n|poke|p2|Great Tusk|\n|teampreview\n|\n|t:|1697915404\n|start\n|switch|p1a: Umbreon|Umbreon, F|100\/100\n|switch|p2a: Glimmora|Glimmora, F|100\/100\n|turn|1\n|\n|t:|1697915417\n|move|p2a: Glimmora|Spikes|p1a: Umbreon\n|-sidestart|p1: gengengalixy|Spikes\n|move|p1a: Umbreon|Thunder Wave|p2a: Glimmora\n|-status|p2a: Glimmora|par\n|\n|upkeep\n|turn|2\n|\n|t:|1697915421\n|move|p1a: Umbreon|Light Screen|p1a: Umbreon\n|-sidestart|p1: gengengalixy|move: Light Screen\n|move|p2a: Glimmora|Spikes|p1a: Umbreon\n|-sidestart|p1: gengengalixy|Spikes\n|\n|upkeep\n|turn|3\n|\n|t:|1697915426\n|move|p1a: Umbreon|Calm Mind|p1a: Umbreon\n|-boost|p1a: Umbreon|spa|1\n|-boost|p1a: Umbreon|spd|1\n|move|p2a: Glimmora|Spikes|p1a: Umbreon\n|-sidestart|p1: gengengalixy|Spikes\n|\n|upkeep\n|turn|4\n|\n|t:|1697915434\n|switch|p2a: Gholdengo|Gholdengo|100\/100\n|-item|p2a: Gholdengo|Air Balloon\n|move|p1a: Umbreon|Calm Mind|p1a: Umbreon\n|-boost|p1a: Umbreon|spa|1\n|-boost|p1a: Umbreon|spd|1\n|\n|upkeep\n|turn|5\n|\n|t:|1697915444\n|move|p1a: Umbreon|Dark Pulse|p2a: Gholdengo\n|-supereffective|p2a: Gholdengo\n|-damage|p2a: Gholdengo|27\/100\n|-enditem|p2a: Gholdengo|Air Balloon\n|move|p2a: Gholdengo|Shadow Ball|p1a: Umbreon\n|-resisted|p1a: Umbreon\n|-damage|p1a: Umbreon|97\/100\n|-unboost|p1a: Umbreon|spd|1\n|\n|-heal|p1a: Umbreon|100\/100|[from] item: Leftovers\n|upkeep\n|turn|6\n|\n|t:|1697915454\n|move|p1a: Umbreon|Dark Pulse|p2a: Gholdengo\n|-supereffective|p2a: Gholdengo\n|-damage|p2a: Gholdengo|0 fnt\n|faint|p2a: Gholdengo\n|\n|-sideend|p1: gengengalixy|move: Light Screen\n|upkeep\n|\n|t:|1697915456\n|switch|p2a: Iron Valiant|Iron Valiant|100\/100\n|-enditem|p2a: Iron Valiant|Booster Energy\n|-activate|p2a: Iron Valiant|ability: Quark Drive|[fromitem]\n|-start|p2a: Iron Valiant|quarkdrivespe\n|turn|7\n|\n|t:|1697915462\n|move|p2a: Iron Valiant|Moonblast|p1a: Umbreon\n|-supereffective|p1a: Umbreon\n|-damage|p1a: Umbreon|60\/100\n|move|p1a: Umbreon|Light Screen|p1a: Umbreon\n|-sidestart|p1: gengengalixy|move: Light Screen\n|\n|-heal|p1a: Umbreon|66\/100|[from] item: Leftovers\n|upkeep\n|turn|8\n|\n|t:|1697915466\n|move|p2a: Iron Valiant|Moonblast|p1a: Umbreon\n|-supereffective|p1a: Umbreon\n|-damage|p1a: Umbreon|46\/100\n|move|p1a: Umbreon|Thunder Wave|p2a: Iron Valiant\n|-status|p2a: Iron Valiant|par\n|\n|-heal|p1a: Umbreon|52\/100|[from] item: Leftovers\n|upkeep\n|turn|9\n|\n|t:|1697915481\n|move|p2a: Iron Valiant|Moonblast|p1a: Umbreon\n|-supereffective|p1a: Umbreon\n|-damage|p1a: Umbreon|31\/100\n|move|p1a: Umbreon|Dark Pulse|p2a: Iron Valiant\n|-resisted|p2a: Iron Valiant\n|-damage|p2a: Iron Valiant|83\/100 par\n|\n|-heal|p1a: Umbreon|38\/100|[from] item: Leftovers\n|upkeep\n|turn|10\n|\n|t:|1697915488\n|move|p2a: Iron Valiant|Moonblast|p1a: Umbreon\n|-supereffective|p1a: Umbreon\n|-damage|p1a: Umbreon|17\/100\n|move|p1a: Umbreon|Calm Mind|p1a: Umbreon\n|-boost|p1a: Umbreon|spa|1\n|-boost|p1a: Umbreon|spd|1\n|\n|-heal|p1a: Umbreon|23\/100|[from] item: Leftovers\n|upkeep\n|turn|11\n|\n|t:|1697915494\n|move|p2a: Iron Valiant|Moonblast|p1a: Umbreon\n|-supereffective|p1a: Umbreon\n|-damage|p1a: Umbreon|7\/100\n|-unboost|p1a: Umbreon|spa|1\n|move|p1a: Umbreon|Dark Pulse|p2a: Iron Valiant\n|-resisted|p2a: Iron Valiant\n|-damage|p2a: Iron Valiant|65\/100 par\n|\n|-heal|p1a: Umbreon|13\/100|[from] item: Leftovers\n|-sideend|p1: gengengalixy|move: Light Screen\n|upkeep\n|turn|12\n|\n|t:|1697915497\n|move|p2a: Iron Valiant|Moonblast|p1a: Umbreon\n|-supereffective|p1a: Umbreon\n|-damage|p1a: Umbreon|0 fnt\n|faint|p1a: Umbreon\n|\n|upkeep\n|\n|t:|1697915501\n|switch|p1a: Hydreigon|Hydreigon, M|100\/100\n|-damage|p1a: Hydreigon|76\/100|[from] Spikes\n|turn|13\n|\n|t:|1697915507\n|move|p1a: Hydreigon|Calm Mind|p1a: Hydreigon\n|-boost|p1a: Hydreigon|spa|1\n|-boost|p1a: Hydreigon|spd|1\n|move|p2a: Iron Valiant|Moonblast|p1a: Hydreigon\n|-supereffective|p1a: Hydreigon\n|-damage|p1a: Hydreigon|0 fnt\n|replace|p1a: Zoroark|Zoroark, M\n|-end|p1a: Zoroark|Illusion\n|faint|p1a: Zoroark\n|\n|upkeep\n|\n|t:|1697915510\n|switch|p1a: Krookodile|Krookodile, M|100\/100\n|-damage|p1a: Krookodile|75\/100|[from] Spikes\n|turn|14\n|\n|t:|1697915530\n|-terastallize|p1a: Krookodile|Ground\n|cant|p2a: Iron Valiant|par\n|move|p1a: Krookodile|Bulk Up|p1a: Krookodile\n|-boost|p1a: Krookodile|atk|1\n|-boost|p1a: Krookodile|def|1\n|\n|-heal|p1a: Krookodile|82\/100|[from] item: Leftovers\n|upkeep\n|turn|15\n|\n|t:|1697915540\n|-end|p2a: Iron Valiant|Quark Drive|[silent]\n|switch|p2a: Great Tusk|Great Tusk|100\/100\n|move|p1a: Krookodile|Aqua Tail|p2a: Great Tusk\n|-supereffective|p2a: Great Tusk\n|-damage|p2a: Great Tusk|36\/100\n|\n|-heal|p2a: Great Tusk|42\/100|[from] item: Leftovers\n|-heal|p1a: Krookodile|88\/100|[from] item: Leftovers\n|upkeep\n|turn|16\n|\n|t:|1697915546\n|move|p2a: Great Tusk|Stealth Rock|p1a: Krookodile\n|-sidestart|p1: gengengalixy|move: Stealth Rock\n|move|p1a: Krookodile|Aqua Tail|p2a: Great Tusk\n|-supereffective|p2a: Great Tusk\n|-damage|p2a: Great Tusk|0 fnt\n|faint|p2a: Great Tusk\n|-end|p2a: Great Tusk|Protosynthesis|[silent]\n|-ability|p1a: Krookodile|Moxie|boost\n|-boost|p1a: Krookodile|atk|1\n|\n|-heal|p1a: Krookodile|94\/100|[from] item: Leftovers\n|upkeep\n|\n|t:|1697915551\n|switch|p2a: Roaring Moon|Roaring Moon|100\/100\n|turn|17\n|\n|t:|1697915572\n|move|p2a: Roaring Moon|Iron Head|p1a: Krookodile\n|-crit|p1a: Krookodile\n|-damage|p1a: Krookodile|39\/100\n|cant|p1a: Krookodile|flinch\n|\n|-heal|p1a: Krookodile|46\/100|[from] item: Leftovers\n|upkeep\n|turn|18\n|\n|t:|1697915597\n|move|p2a: Roaring Moon|Iron Head|p1a: Krookodile\n|-damage|p1a: Krookodile|21\/100\n|move|p1a: Krookodile|Outrage|p2a: Roaring Moon\n|-supereffective|p2a: Roaring Moon\n|-damage|p2a: Roaring Moon|0 fnt\n|faint|p2a: Roaring Moon\n|-end|p2a: Roaring Moon|Protosynthesis|[silent]\n|-ability|p1a: Krookodile|Moxie|boost\n|-boost|p1a: Krookodile|atk|1\n|\n|-heal|p1a: Krookodile|27\/100|[from] item: Leftovers\n|upkeep\n|\n|t:|1697915603\n|switch|p2a: Glimmora|Glimmora, F|100\/100 par\n|turn|19\n|\n|t:|1697915608\n|move|p1a: Krookodile|Outrage|p2a: Glimmora|[from]lockedmove\n|-enditem|p2a: Glimmora|Focus Sash\n|-damage|p2a: Glimmora|1\/100 par\n|-activate|p2a: Glimmora|ability: Toxic Debris\n|-sidestart|p1: gengengalixy|move: Toxic Spikes\n|move|p2a: Glimmora|Energy Ball|p1a: Krookodile\n|-supereffective|p1a: Krookodile\n|-damage|p1a: Krookodile|0 fnt\n|faint|p1a: Krookodile\n|\n|upkeep\n|\n|t:|1697915616\n|switch|p1a: Muk|Muk-Alola, M|100\/100\n|-damage|p1a: Muk|76\/100|[from] Spikes\n|-damage|p1a: Muk|63\/100|[from] Stealth Rock\n|-sideend|p1: gengengalixy|move: Toxic Spikes|[of] p1a: Muk\n|turn|20\n|\n|t:|1697915626\n|cant|p2a: Glimmora|par\n|move|p1a: Muk|Zen Headbutt|p2a: Glimmora\n|-supereffective|p2a: Glimmora\n|-damage|p2a: Glimmora|0 fnt\n|-activate|p2a: Glimmora|ability: Toxic Debris\n|-sidestart|p1: gengengalixy|move: Toxic Spikes\n|faint|p2a: Glimmora\n|\n|-heal|p1a: Muk|69\/100|[from] item: Leftovers\n|upkeep\n|\n|t:|1697915630\n|switch|p2a: Iron Valiant|Iron Valiant|65\/100 par\n|turn|21\n|\n|t:|1697915642\n|move|p2a: Iron Valiant|Moonblast|p1a: Muk\n|-damage|p1a: Muk|32\/100\n|move|p1a: Muk|Zen Headbutt|p2a: Iron Valiant\n|-supereffective|p2a: Iron Valiant\n|-damage|p2a: Iron Valiant|3\/100 par\n|\n|-heal|p1a: Muk|38\/100|[from] item: Leftovers\n|upkeep\n|turn|22\n|\n|t:|1697915652\n|move|p2a: Iron Valiant|Moonblast|p1a: Muk\n|-damage|p1a: Muk|2\/100\n|move|p1a: Muk|Zen Headbutt|p2a: Iron Valiant|[miss]\n|-miss|p1a: Muk|p2a: Iron Valiant\n|\n|-heal|p1a: Muk|8\/100|[from] item: Leftovers\n|upkeep\n|turn|23\n|\n|t:|1697915656\n|cant|p2a: Iron Valiant|par\n|move|p1a: Muk|Zen Headbutt|p2a: Iron Valiant\n|-supereffective|p2a: Iron Valiant\n|-damage|p2a: Iron Valiant|0 fnt\n|faint|p2a: Iron Valiant\n|-end|p2a: Iron Valiant|Quark Drive|[silent]\n|\n|-heal|p1a: Muk|14\/100|[from] item: Leftovers\n|upkeep\n|\n|t:|1697915658\n|switch|p2a: Kingambit|Kingambit, M|100\/100\n|-activate|p2a: Kingambit|ability: Supreme Overlord\n|-start|p2a: Kingambit|fallen5|[silent]\n|turn|24\n|\n|t:|1697915664\n|move|p2a: Kingambit|Sucker Punch||[still]\n|-fail|p2a: Kingambit\n|move|p1a: Muk|Toxic|p2a: Kingambit\n|-immune|p2a: Kingambit\n|\n|-heal|p1a: Muk|21\/100|[from] item: Leftovers\n|upkeep\n|turn|25\n|\n|t:|1697915673\n|move|p1a: Muk|Brick Break|p2a: Kingambit\n|-supereffective|p2a: Kingambit\n|-damage|p2a: Kingambit|38\/100\n|move|p2a: Kingambit|Iron Head|p1a: Muk\n|-damage|p1a: Muk|0 fnt\n|faint|p1a: Muk\n|\n|upkeep\n|\n|t:|1697915676\n|switch|p1a: Houndoom|Houndoom, F|100\/100\n|-damage|p1a: Houndoom|75\/100|[from] Spikes\n|-damage|p1a: Houndoom|50\/100|[from] Stealth Rock\n|-status|p1a: Houndoom|psn\n|turn|26\n|\n|t:|1697915688\n|-terastallize|p2a: Kingambit|Dark\n|move|p1a: Houndoom|Flamethrower|p2a: Kingambit\n|-damage|p2a: Kingambit|16\/100\n|move|p2a: Kingambit|Iron Head|p1a: Houndoom\n|-resisted|p1a: Houndoom\n|-damage|p1a: Houndoom|0 fnt\n|faint|p1a: Houndoom\n|\n|upkeep\n|\n|t:|1697915693\n|switch|p1a: Hydreigon|Hydreigon, M|100\/100\n|-damage|p1a: Hydreigon|88\/100|[from] Stealth Rock\n|turn|27\n|\n|t:|1697915699\n|move|p1a: Hydreigon|Acrobatics|p2a: Kingambit\n|-damage|p2a: Kingambit|0 fnt\n|faint|p2a: Kingambit\n|-end|p2a: Kingambit|fallen5|[silent]\n|\n|win|gengengalixy\n|raw|gengengalixy's rating: 1073 &rarr; <strong>1111<\/strong><br \/>(+38 for winning)\n|raw|GogoGame's rating: 1178 &rarr; <strong>1146<\/strong><br \/>(-32 for losing)\n|c|\u2606gengengalixy|gg!\n","uploadtime":1697915706,"views":13,"p1id":"gengengalixy","p2id":"gogogame","formatid":"gen9anythinggoes","rating":1111,"private":0,"password":""}