{"id":"gen9anythinggoes-1981891736","p1":"AlexisSync","p2":"skld","format":"[Gen 9] Anything Goes","log":"|j|\u2606AlexisSync\n|j|\u2606skld\n|t:|1698949505\n|gametype|singles\n|player|p1|AlexisSync|falkner|1067\n|player|p2|skld|scientist|1121\n|teamsize|p1|6\n|teamsize|p2|6\n|gen|9\n|tier|[Gen 9] Anything Goes\n|rated|\n|rule|HP Percentage Mod: HP is shown in percentages\n|rule|Endless Battle Clause: Forcing endless battles is banned\n|clearpoke\n|poke|p1|Regieleki|\n|poke|p1|Ting-Lu|\n|poke|p1|Polteageist|\n|poke|p1|Ribombee, M|\n|poke|p1|Cloyster, M|\n|poke|p1|Darkrai|\n|poke|p2|Zacian-*|\n|poke|p2|Cinderace, F|\n|poke|p2|Politoed, M|\n|poke|p2|Calyrex-Shadow|\n|poke|p2|Lycanroc-Dusk, M|\n|poke|p2|Dragonite, F|\n|teampreview\n|\n|t:|1698949508\n|start\n|switch|p1a: Darkrai|Darkrai, shiny|100\/100\n|switch|p2a: Will Destroyer|Zacian-Crowned, shiny|100\/100\n|-ability|p2a: Will Destroyer|Intrepid Sword|boost\n|-boost|p2a: Will Destroyer|atk|1\n|turn|1\n|\n|t:|1698949518\n|move|p1a: Darkrai|Hypnosis|p2a: Will Destroyer\n|-status|p2a: Will Destroyer|slp|[from] move: Hypnosis\n|cant|p2a: Will Destroyer|slp\n|\n|-damage|p2a: Will Destroyer|88\/100 slp|[from] ability: Bad Dreams|[of] p1a: Darkrai\n|upkeep\n|turn|2\n|\n|t:|1698949527\n|move|p1a: Darkrai|Calm Mind|p1a: Darkrai\n|-boost|p1a: Darkrai|spa|1\n|-boost|p1a: Darkrai|spd|1\n|cant|p2a: Will Destroyer|slp\n|\n|-damage|p2a: Will Destroyer|76\/100 slp|[from] ability: Bad Dreams|[of] p1a: Darkrai\n|upkeep\n|turn|3\n|\n|t:|1698949534\n|move|p1a: Darkrai|Shadow Ball|p2a: Will Destroyer\n|-damage|p2a: Will Destroyer|45\/100 slp\n|-curestatus|p2a: Will Destroyer|slp|[msg]\n|move|p2a: Will Destroyer|Iron Defense|p2a: Will Destroyer\n|-boost|p2a: Will Destroyer|def|2\n|\n|upkeep\n|turn|4\n|\n|t:|1698949541\n|move|p1a: Darkrai|Hypnosis|p2a: Will Destroyer\n|-status|p2a: Will Destroyer|slp|[from] move: Hypnosis\n|cant|p2a: Will Destroyer|slp\n|\n|-damage|p2a: Will Destroyer|33\/100 slp|[from] ability: Bad Dreams|[of] p1a: Darkrai\n|upkeep\n|turn|5\n|\n|t:|1698949549\n|move|p1a: Darkrai|Shadow Ball|p2a: Will Destroyer\n|-damage|p2a: Will Destroyer|0 fnt\n|faint|p2a: Will Destroyer\n|\n|upkeep\n|\n|t:|1698949556\n|switch|p2a: Huh|Cinderace, F, shiny|100\/100\n|turn|6\n|\n|t:|1698949563\n|move|p1a: Darkrai|Shadow Ball|p2a: Huh\n|-damage|p2a: Huh|52\/100\n|move|p2a: Huh|High Jump Kick|p1a: Darkrai\n|-supereffective|p1a: Darkrai\n|-damage|p1a: Darkrai|17\/100\n|\n|upkeep\n|turn|7\n|\n|t:|1698949585\n|-terastallize|p1a: Darkrai|Ghost\n|move|p1a: Darkrai|Shadow Ball|p2a: Huh\n|-damage|p2a: Huh|0 fnt\n|faint|p2a: Huh\n|\n|upkeep\n|\n|t:|1698949592\n|switch|p2a: Canon foder|Dragonite, F, shiny|100\/100\n|turn|8\n|\n|t:|1698949617\n|move|p1a: Darkrai|Hypnosis|p2a: Canon foder|[miss]\n|-miss|p1a: Darkrai|p2a: Canon foder\n|move|p2a: Canon foder|Outrage|p1a: Darkrai\n|-crit|p1a: Darkrai\n|-damage|p1a: Darkrai|0 fnt\n|faint|p1a: Darkrai\n|\n|upkeep\n|\n|t:|1698949625\n|switch|p1a: Boyster|Cloyster, M, shiny|100\/100\n|turn|9\n|\n|t:|1698949637\n|move|p2a: Canon foder|Outrage|p1a: Boyster|[from]lockedmove\n|-damage|p1a: Boyster|52\/100\n|move|p1a: Boyster|Icicle Spear|p2a: Canon foder\n|-supereffective|p2a: Canon foder\n|-damage|p2a: Canon foder|82\/100\n|-supereffective|p2a: Canon foder\n|-damage|p2a: Canon foder|47\/100\n|-supereffective|p2a: Canon foder\n|-damage|p2a: Canon foder|10\/100\n|-supereffective|p2a: Canon foder\n|-damage|p2a: Canon foder|0 fnt\n|faint|p2a: Canon foder\n|-hitcount|p2: Canon foder|4\n|\n|upkeep\n|\n|t:|1698949650\n|switch|p2a: Lycanroc|Lycanroc-Dusk, M|100\/100\n|turn|10\n|\n|t:|1698949658\n|switch|p1a: Moose|Ting-Lu|100\/100\n|-ability|p1a: Moose|Vessel of Ruin\n|move|p2a: Lycanroc|Sucker Punch||[still]\n|-fail|p2a: Lycanroc\n|\n|upkeep\n|turn|11\n|\n|t:|1698949669\n|move|p2a: Lycanroc|Drill Run|p1a: Moose\n|-damage|p1a: Moose|85\/100\n|move|p1a: Moose|Earthquake|p2a: Lycanroc\n|-supereffective|p2a: Lycanroc\n|-damage|p2a: Lycanroc|0 fnt\n|faint|p2a: Lycanroc\n|\n|-heal|p1a: Moose|91\/100|[from] item: Leftovers\n|upkeep\n|-message|skld forfeited.\n|\n|win|AlexisSync\n|raw|AlexisSync's rating: 1067 &rarr; <strong>1102<\/strong><br \/>(+35 for winning)\n|raw|skld's rating: 1121 &rarr; <strong>1092<\/strong><br \/>(-29 for losing)\n|l|\u2606skld\n","uploadtime":1698949681,"views":3,"p1id":"alexissync","p2id":"skld","formatid":"gen9anythinggoes","rating":1092,"private":0,"password":""}