{"id":"gen9anythinggoes-1979802813","p1":"YoungCoconut19","p2":"Gallade Maid","format":"[Gen 9] Anything Goes","log":"|j|\u2606YoungCoconut19\n|j|\u2606Gallade Maid\n|t:|1698714803\n|gametype|singles\n|player|p1|YoungCoconut19|170|1211\n|player|p2|Gallade Maid|265|1132\n|teamsize|p1|6\n|teamsize|p2|1\n|gen|9\n|tier|[Gen 9] Anything Goes\n|rated|\n|rule|HP Percentage Mod: HP is shown in percentages\n|rule|Endless Battle Clause: Forcing endless battles is banned\n|clearpoke\n|poke|p1|Koraidon|\n|poke|p1|Maushold-Four|\n|poke|p1|Calyrex-Shadow|\n|poke|p1|Shaymin-Sky|\n|poke|p1|Urshifu-*, M|\n|poke|p1|Skeledirge, M|\n|poke|p2|Vivillon, F|\n|teampreview\n|\n|t:|1698714811\n|start\n|switch|p1a: Maushold|Maushold-Four|100\/100\n|switch|p2a: Vivillon|Vivillon, F|100\/100\n|turn|1\n|inactive|Battle timer is ON: inactive players will automatically lose when time's up. (requested by Gallade Maid)\n|\n|t:|1698714816\n|-terastallize|p2a: Vivillon|Steel\n|move|p1a: Maushold|Tidy Up|p1a: Maushold\n|-boost|p1a: Maushold|atk|1\n|-boost|p1a: Maushold|spe|1\n|move|p2a: Vivillon|Sleep Powder|p1a: Maushold\n|-status|p1a: Maushold|slp|[from] move: Sleep Powder\n|\n|upkeep\n|turn|2\n|\n|t:|1698714822\n|switch|p1a: Urshifu|Urshifu, M|100\/100\n|move|p2a: Vivillon|Quiver Dance|p2a: Vivillon\n|-boost|p2a: Vivillon|spa|1\n|-boost|p2a: Vivillon|spd|1\n|-boost|p2a: Vivillon|spe|1\n|\n|upkeep\n|turn|3\n|\n|t:|1698714827\n|-terastallize|p1a: Urshifu|Dark\n|move|p2a: Vivillon|Sleep Powder|p1a: Urshifu\n|-status|p1a: Urshifu|slp|[from] move: Sleep Powder\n|cant|p1a: Urshifu|slp\n|\n|upkeep\n|turn|4\n|\n|t:|1698714831\n|move|p2a: Vivillon|Substitute|p2a: Vivillon\n|-start|p2a: Vivillon|Substitute\n|-damage|p2a: Vivillon|76\/100\n|cant|p1a: Urshifu|slp\n|\n|-heal|p2a: Vivillon|82\/100|[from] item: Leftovers\n|upkeep\n|turn|5\n|\n|t:|1698714846\n|move|p2a: Vivillon|Quiver Dance|p2a: Vivillon\n|-boost|p2a: Vivillon|spa|1\n|-boost|p2a: Vivillon|spd|1\n|-boost|p2a: Vivillon|spe|1\n|-curestatus|p1a: Urshifu|slp|[msg]\n|move|p1a: Urshifu|Iron Head|p2a: Vivillon\n|-resisted|p2a: Vivillon\n|-end|p2a: Vivillon|Substitute\n|\n|-heal|p2a: Vivillon|88\/100|[from] item: Leftovers\n|upkeep\n|turn|6\n|\n|t:|1698714849\n|move|p2a: Vivillon|Sleep Powder|p1a: Urshifu\n|-status|p1a: Urshifu|slp|[from] move: Sleep Powder\n|cant|p1a: Urshifu|slp\n|\n|-heal|p2a: Vivillon|94\/100|[from] item: Leftovers\n|upkeep\n|turn|7\n|\n|t:|1698714873\n|move|p2a: Vivillon|Quiver Dance|p2a: Vivillon\n|-boost|p2a: Vivillon|spa|1\n|-boost|p2a: Vivillon|spd|1\n|-boost|p2a: Vivillon|spe|1\n|-curestatus|p1a: Urshifu|slp|[msg]\n|move|p1a: Urshifu|Iron Head|p2a: Vivillon\n|-resisted|p2a: Vivillon\n|-damage|p2a: Vivillon|66\/100\n|\n|-heal|p2a: Vivillon|72\/100|[from] item: Leftovers\n|upkeep\n|turn|8\n|\n|t:|1698714881\n|move|p2a: Vivillon|Sleep Powder|p1a: Urshifu\n|-status|p1a: Urshifu|slp|[from] move: Sleep Powder\n|cant|p1a: Urshifu|slp\n|\n|-heal|p2a: Vivillon|78\/100|[from] item: Leftovers\n|upkeep\n|turn|9\n|\n|t:|1698714887\n|move|p2a: Vivillon|Substitute|p2a: Vivillon\n|-start|p2a: Vivillon|Substitute\n|-damage|p2a: Vivillon|53\/100\n|-curestatus|p1a: Urshifu|slp|[msg]\n|move|p1a: Urshifu|Close Combat|p2a: Vivillon\n|-supereffective|p2a: Vivillon\n|-end|p2a: Vivillon|Substitute\n|-unboost|p1a: Urshifu|def|1\n|-unboost|p1a: Urshifu|spd|1\n|\n|-heal|p2a: Vivillon|59\/100|[from] item: Leftovers\n|upkeep\n|turn|10\n|\n|t:|1698714888\n|move|p2a: Vivillon|Sleep Powder|p1a: Urshifu\n|-status|p1a: Urshifu|slp|[from] move: Sleep Powder\n|cant|p1a: Urshifu|slp\n|\n|-heal|p2a: Vivillon|65\/100|[from] item: Leftovers\n|upkeep\n|turn|11\n|\n|t:|1698714890\n|move|p2a: Vivillon|Substitute|p2a: Vivillon\n|-start|p2a: Vivillon|Substitute\n|-damage|p2a: Vivillon|40\/100\n|cant|p1a: Urshifu|slp\n|\n|-heal|p2a: Vivillon|46\/100|[from] item: Leftovers\n|upkeep\n|turn|12\n|\n|t:|1698714894\n|move|p2a: Vivillon|Hurricane|p1a: Urshifu\n|-damage|p1a: Urshifu|0 fnt\n|faint|p1a: Urshifu\n|\n|-heal|p2a: Vivillon|52\/100|[from] item: Leftovers\n|upkeep\n|\n|t:|1698714904\n|switch|p1a: Koraidon|Koraidon|100\/100\n|-weather|SunnyDay|[from] ability: Orichalcum Pulse|[of] p1a: Koraidon\n|-activate|p1a: Koraidon|Orichalcum Pulse|[source]\n|turn|13\n|\n|t:|1698714912\n|switch|p1a: Calyrex|Calyrex-Shadow|100\/100\n|-ability|p1a: Calyrex|As One\n|-ability|p1a: Calyrex|Unnerve\n|move|p2a: Vivillon|Hurricane|p1a: Calyrex\n|-damage|p1a: Calyrex|0 fnt\n|faint|p1a: Calyrex\n|\n|-weather|SunnyDay|[upkeep]\n|-heal|p2a: Vivillon|58\/100|[from] item: Leftovers\n|upkeep\n|\n|t:|1698714916\n|switch|p1a: Maushold|Maushold-Four|100\/100 slp\n|turn|14\n|\n|t:|1698714918\n|move|p2a: Vivillon|Hurricane|p1a: Maushold\n|-damage|p1a: Maushold|0 fnt\n|faint|p1a: Maushold\n|\n|-weather|SunnyDay|[upkeep]\n|-heal|p2a: Vivillon|64\/100|[from] item: Leftovers\n|upkeep\n|\n|t:|1698714921\n|switch|p1a: Skeledirge|Skeledirge, M|100\/100\n|turn|15\n|\n|t:|1698714926\n|move|p2a: Vivillon|Sleep Powder|p1a: Skeledirge\n|-status|p1a: Skeledirge|slp|[from] move: Sleep Powder\n|cant|p1a: Skeledirge|slp\n|\n|-weather|SunnyDay|[upkeep]\n|-heal|p2a: Vivillon|70\/100|[from] item: Leftovers\n|upkeep\n|turn|16\n|\n|t:|1698714928\n|move|p2a: Vivillon|Hurricane|p1a: Skeledirge\n|-damage|p1a: Skeledirge|46\/100 slp\n|cant|p1a: Skeledirge|slp\n|\n|-weather|SunnyDay|[upkeep]\n|-heal|p2a: Vivillon|76\/100|[from] item: Leftovers\n|upkeep\n|turn|17\n|\n|t:|1698714931\n|move|p2a: Vivillon|Hurricane|p1a: Skeledirge\n|-damage|p1a: Skeledirge|0 fnt\n|faint|p1a: Skeledirge\n|\n|-weather|none\n|-heal|p2a: Vivillon|82\/100|[from] item: Leftovers\n|upkeep\n|\n|t:|1698714933\n|switch|p1a: Shaymin|Shaymin-Sky|100\/100\n|turn|18\n|\n|t:|1698714938\n|move|p2a: Vivillon|Hurricane|p1a: Shaymin\n|-supereffective|p1a: Shaymin\n|-damage|p1a: Shaymin|0 fnt\n|faint|p1a: Shaymin\n|\n|-heal|p2a: Vivillon|88\/100|[from] item: Leftovers\n|upkeep\n|\n|t:|1698714940\n|switch|p1a: Koraidon|Koraidon|100\/100\n|-weather|SunnyDay|[from] ability: Orichalcum Pulse|[of] p1a: Koraidon\n|-activate|p1a: Koraidon|Orichalcum Pulse|[source]\n|turn|19\n|\n|t:|1698714947\n|move|p2a: Vivillon|Hurricane|p1a: Koraidon\n|-supereffective|p1a: Koraidon\n|-damage|p1a: Koraidon|0 fnt\n|faint|p1a: Koraidon\n|\n|win|Gallade Maid\n|raw|YoungCoconut19's rating: 1211 &rarr; <strong>1180<\/strong><br \/>(-31 for losing)\n|raw|Gallade Maid's rating: 1132 &rarr; <strong>1163<\/strong><br \/>(+31 for winning)\n|c|\u2606Gallade Maid|GG\n|c|\u2606YoungCoconut19|gg\n","uploadtime":1698714962,"views":6,"p1id":"youngcoconut19","p2id":"gallademaid","formatid":"gen9anythinggoes","rating":1163,"private":0,"password":""}