{"id":"gen9anythinggoes-1984139609","p1":"Zyzzjonzherka","p2":"InosukeTheHashira","format":"[Gen 9] Anything Goes","log":"|j|\u2606Zyzzjonzherka\n|j|\u2606InosukeTheHashira\n|t:|1699222805\n|gametype|singles\n|player|p1|Zyzzjonzherka|1|1074\n|player|p2|InosukeTheHashira|blackbelt-gen4dp|1179\n|teamsize|p1|6\n|teamsize|p2|6\n|gen|9\n|tier|[Gen 9] Anything Goes\n|rated|\n|rule|HP Percentage Mod: HP is shown in percentages\n|rule|Endless Battle Clause: Forcing endless battles is banned\n|clearpoke\n|poke|p1|Gliscor, F|\n|poke|p1|Scyther, M|\n|poke|p1|Garganacl, F|\n|poke|p1|Crawdaunt, M|\n|poke|p1|Donphan, F|\n|poke|p1|Dragapult, F|\n|poke|p2|Charizard, F|\n|poke|p2|Empoleon, M|\n|poke|p2|Zacian-*|\n|poke|p2|Tyranitar, M|\n|poke|p2|Houndstone, M|\n|poke|p2|Iron Bundle|\n|teampreview\n|inactive|Battle timer is ON: inactive players will automatically lose when time's up. (requested by InosukeTheHashira)\n|\n|t:|1699222810\n|start\n|switch|p1a: Scyther|Scyther, M|100\/100\n|switch|p2a: Empoleon|Empoleon, M, shiny|100\/100\n|turn|1\n|\n|t:|1699222817\n|move|p1a: Scyther|Close Combat|p2a: Empoleon\n|-supereffective|p2a: Empoleon\n|-damage|p2a: Empoleon|21\/100\n|-unboost|p1a: Scyther|def|1\n|-unboost|p1a: Scyther|spd|1\n|move|p2a: Empoleon|Whirlpool|p1a: Scyther\n|-damage|p1a: Scyther|48\/100\n|-activate|p1a: Scyther|move: Whirlpool|[of] p2a: Empoleon\n|\n|-damage|p1a: Scyther|36\/100|[from] move: Whirlpool|[partiallytrapped]\n|upkeep\n|turn|2\n|\n|t:|1699222826\n|move|p1a: Scyther|Close Combat|p2a: Empoleon\n|-supereffective|p2a: Empoleon\n|-damage|p2a: Empoleon|0 fnt\n|-unboost|p1a: Scyther|def|1\n|-unboost|p1a: Scyther|spd|1\n|faint|p2a: Empoleon\n|\n|-end|p1a: Scyther|Whirlpool|[partiallytrapped]|[silent]\n|upkeep\n|\n|t:|1699222831\n|switch|p2a: Charizard|Charizard, F, shiny|100\/100\n|turn|3\n|\n|t:|1699222835\n|move|p1a: Scyther|Close Combat|p2a: Charizard\n|-resisted|p2a: Charizard\n|-damage|p2a: Charizard|74\/100\n|-unboost|p1a: Scyther|def|1\n|-unboost|p1a: Scyther|spd|1\n|move|p2a: Charizard|Substitute|p2a: Charizard\n|-start|p2a: Charizard|Substitute\n|-damage|p2a: Charizard|49\/100\n|\n|upkeep\n|turn|4\n|\n|t:|1699222850\n|move|p1a: Scyther|Close Combat|p2a: Charizard\n|-resisted|p2a: Charizard\n|-end|p2a: Charizard|Substitute\n|-unboost|p1a: Scyther|def|1\n|-unboost|p1a: Scyther|spd|1\n|move|p2a: Charizard|Fire Punch|p1a: Scyther\n|-supereffective|p1a: Scyther\n|-damage|p1a: Scyther|0 fnt\n|faint|p1a: Scyther\n|\n|upkeep\n|\n|t:|1699222861\n|switch|p1a: Crawdaunt|Crawdaunt, M|100\/100\n|turn|5\n|\n|t:|1699222875\n|move|p1a: Crawdaunt|Aqua Jet|p2a: Charizard\n|-supereffective|p2a: Charizard\n|-damage|p2a: Charizard|0 fnt\n|faint|p2a: Charizard\n|\n|upkeep\n|\n|t:|1699222879\n|switch|p2a: Zacian|Zacian-Crowned, shiny|100\/100\n|-ability|p2a: Zacian|Intrepid Sword|boost\n|-boost|p2a: Zacian|atk|1\n|turn|6\n|\n|t:|1699222891\n|-terastallize|p1a: Crawdaunt|Water\n|move|p2a: Zacian|Swords Dance|p2a: Zacian\n|-boost|p2a: Zacian|atk|2\n|move|p1a: Crawdaunt|Crabhammer|p2a: Zacian|[miss]\n|-miss|p1a: Crawdaunt|p2a: Zacian\n|\n|upkeep\n|turn|7\n|\n|t:|1699222899\n|move|p2a: Zacian|Behemoth Blade|p1a: Crawdaunt\n|-resisted|p1a: Crawdaunt\n|-damage|p1a: Crawdaunt|27\/100\n|move|p1a: Crawdaunt|Crabhammer|p2a: Zacian\n|-damage|p2a: Zacian|40\/100\n|\n|upkeep\n|turn|8\n|\n|t:|1699222908\n|move|p1a: Crawdaunt|Aqua Jet|p2a: Zacian\n|-damage|p2a: Zacian|15\/100\n|move|p2a: Zacian|Behemoth Blade|p1a: Crawdaunt\n|-resisted|p1a: Crawdaunt\n|-damage|p1a: Crawdaunt|0 fnt\n|faint|p1a: Crawdaunt\n|\n|upkeep\n|\n|t:|1699222922\n|switch|p1a: Dragapult|Dragapult, F|100\/100\n|turn|9\n|\n|t:|1699222931\n|move|p1a: Dragapult|Shadow Ball|p2a: Zacian\n|-damage|p2a: Zacian|0 fnt\n|faint|p2a: Zacian\n|\n|upkeep\n|\n|t:|1699222942\n|switch|p2a: Iron Bundle|Iron Bundle, shiny|100\/100\n|turn|10\n|\n|t:|1699222955\n|-terastallize|p2a: Iron Bundle|Water\n|move|p1a: Dragapult|Shadow Ball|p2a: Iron Bundle\n|-damage|p2a: Iron Bundle|22\/100\n|move|p2a: Iron Bundle|Hydro Pump|p1a: Dragapult\n|-resisted|p1a: Dragapult\n|-damage|p1a: Dragapult|37\/100\n|\n|upkeep\n|turn|11\n|\n|t:|1699222964\n|move|p1a: Dragapult|Shadow Ball|p2a: Iron Bundle\n|-damage|p2a: Iron Bundle|0 fnt\n|faint|p2a: Iron Bundle\n|-end|p2a: Iron Bundle|Quark Drive|[silent]\n|\n|upkeep\n|\n|t:|1699222965\n|switch|p2a: Tyranitar|Tyranitar, M|100\/100\n|-weather|Sandstorm|[from] ability: Sand Stream|[of] p2a: Tyranitar\n|turn|12\n|\n|t:|1699222979\n|move|p1a: Dragapult|Shadow Ball|p2a: Tyranitar\n|-resisted|p2a: Tyranitar\n|-damage|p2a: Tyranitar|88\/100\n|move|p2a: Tyranitar|Dragon Tail|p1a: Dragapult|[miss]\n|-miss|p2a: Tyranitar|p1a: Dragapult\n|\n|-weather|Sandstorm|[upkeep]\n|-damage|p1a: Dragapult|31\/100|[from] Sandstorm\n|upkeep\n|turn|13\n|\n|t:|1699222987\n|switch|p1a: Gliscor|Gliscor, F|100\/100\n|move|p2a: Tyranitar|Dragon Tail|p1a: Gliscor\n|-damage|p1a: Gliscor|84\/100\n|drag|p1a: Dragapult|Dragapult, F|31\/100\n|\n|-weather|Sandstorm|[upkeep]\n|-damage|p1a: Dragapult|25\/100|[from] Sandstorm\n|upkeep\n|turn|14\n|\n|t:|1699222996\n|move|p1a: Dragapult|Draco Meteor|p2a: Tyranitar|[miss]\n|-miss|p1a: Dragapult|p2a: Tyranitar\n|move|p2a: Tyranitar|Dragon Tail|p1a: Dragapult\n|-supereffective|p1a: Dragapult\n|-damage|p1a: Dragapult|0 fnt\n|faint|p1a: Dragapult\n|\n|-weather|Sandstorm|[upkeep]\n|upkeep\n|\n|t:|1699223004\n|switch|p1a: Gliscor|Gliscor, F|84\/100\n|turn|15\n|\n|t:|1699223007\n|switch|p2a: Houndstone|Houndstone, M|100\/100\n|move|p1a: Gliscor|Earthquake|p2a: Houndstone\n|-damage|p2a: Houndstone|61\/100\n|\n|-weather|Sandstorm|[upkeep]\n|-heal|p2a: Houndstone|68\/100|[from] item: Leftovers\n|-status|p1a: Gliscor|tox|[from] item: Toxic Orb\n|upkeep\n|turn|16\n|\n|t:|1699223017\n|move|p2a: Houndstone|Last Respects|p1a: Gliscor\n|-damage|p1a: Gliscor|7\/100 tox\n|move|p1a: Gliscor|Dual Wingbeat|p2a: Houndstone\n|-damage|p2a: Houndstone|51\/100\n|-crit|p2a: Houndstone\n|-damage|p2a: Houndstone|25\/100\n|-hitcount|p2a: Houndstone|2\n|\n|-weather|none\n|-heal|p2a: Houndstone|31\/100|[from] item: Leftovers\n|-heal|p1a: Gliscor|20\/100 tox|[from] ability: Poison Heal\n|upkeep\n|turn|17\n|\n|t:|1699223028\n|switch|p2a: Tyranitar|Tyranitar, M|88\/100\n|-weather|Sandstorm|[from] ability: Sand Stream|[of] p2a: Tyranitar\n|move|p1a: Gliscor|Dual Wingbeat|p2a: Tyranitar\n|-resisted|p2a: Tyranitar\n|-damage|p2a: Tyranitar|82\/100\n|-resisted|p2a: Tyranitar\n|-damage|p2a: Tyranitar|77\/100\n|-hitcount|p2a: Tyranitar|2\n|\n|-weather|Sandstorm|[upkeep]\n|-heal|p1a: Gliscor|32\/100 tox|[from] ability: Poison Heal\n|upkeep\n|turn|18\n|\n|t:|1699223039\n|move|p1a: Gliscor|Earthquake|p2a: Tyranitar\n|-supereffective|p2a: Tyranitar\n|-damage|p2a: Tyranitar|19\/100\n|move|p2a: Tyranitar|Dragon Tail|p1a: Gliscor\n|-damage|p1a: Gliscor|15\/100 tox\n|drag|p1a: Donphan|Donphan, F|100\/100\n|\n|-weather|Sandstorm|[upkeep]\n|upkeep\n|turn|19\n|\n|t:|1699223051\n|move|p2a: Tyranitar|Body Slam|p1a: Donphan\n|-damage|p1a: Donphan|81\/100\n|move|p1a: Donphan|Earthquake|p2a: Tyranitar\n|-supereffective|p2a: Tyranitar\n|-damage|p2a: Tyranitar|0 fnt\n|faint|p2a: Tyranitar\n|\n|-weather|Sandstorm|[upkeep]\n|upkeep\n|\n|t:|1699223054\n|switch|p2a: Houndstone|Houndstone, M|31\/100\n|turn|20\n|\n|t:|1699223062\n|move|p2a: Houndstone|Last Respects|p1a: Donphan\n|-damage|p1a: Donphan|0 fnt\n|faint|p1a: Donphan\n|\n|-weather|Sandstorm|[upkeep]\n|-heal|p2a: Houndstone|37\/100|[from] item: Leftovers\n|upkeep\n|\n|t:|1699223069\n|switch|p1a: Garganacl|Garganacl, F|100\/100\n|turn|21\n|\n|t:|1699223073\n|move|p2a: Houndstone|Last Respects|p1a: Garganacl\n|-damage|p1a: Garganacl|64\/100\n|move|p1a: Garganacl|Salt Cure|p2a: Houndstone\n|-damage|p2a: Houndstone|23\/100\n|-start|p2a: Houndstone|Salt Cure\n|\n|-weather|none\n|-heal|p2a: Houndstone|30\/100|[from] item: Leftovers\n|-damage|p2a: Houndstone|17\/100|[from] Salt Cure\n|upkeep\n|turn|22\n|\n|t:|1699223082\n|move|p2a: Houndstone|Rest|p2a: Houndstone\n|-status|p2a: Houndstone|slp|[from] move: Rest\n|-heal|p2a: Houndstone|100\/100 slp|[silent]\n|move|p1a: Garganacl|Salt Cure|p2a: Houndstone\n|-damage|p2a: Houndstone|87\/100 slp\n|\n|-heal|p2a: Houndstone|93\/100 slp|[from] item: Leftovers\n|-damage|p2a: Houndstone|81\/100 slp|[from] Salt Cure\n|upkeep\n|turn|23\n|\n|t:|1699223094\n|cant|p2a: Houndstone|slp\n|move|p2a: Houndstone|Sleep Talk|p2a: Houndstone\n|move|p2a: Houndstone|Crunch|p1a: Garganacl|[from]move: Sleep Talk\n|-damage|p1a: Garganacl|52\/100\n|move|p1a: Garganacl|Recover|p1a: Garganacl\n|-heal|p1a: Garganacl|100\/100\n|\n|-heal|p2a: Houndstone|87\/100 slp|[from] item: Leftovers\n|-damage|p2a: Houndstone|75\/100 slp|[from] Salt Cure\n|upkeep\n|turn|24\n|\n|t:|1699223105\n|cant|p2a: Houndstone|slp\n|move|p2a: Houndstone|Sleep Talk|p2a: Houndstone\n|move|p2a: Houndstone|Last Respects|p1a: Garganacl|[from]move: Sleep Talk\n|-crit|p1a: Garganacl\n|-damage|p1a: Garganacl|50\/100\n|move|p1a: Garganacl|Iron Defense|p1a: Garganacl\n|-boost|p1a: Garganacl|def|2\n|\n|-heal|p2a: Houndstone|81\/100 slp|[from] item: Leftovers\n|-damage|p2a: Houndstone|69\/100 slp|[from] Salt Cure\n|upkeep\n|turn|25\n|\n|t:|1699223116\n|-curestatus|p2a: Houndstone|slp|[msg]\n|move|p2a: Houndstone|Last Respects|p1a: Garganacl\n|-crit|p1a: Garganacl\n|-damage|p1a: Garganacl|0 fnt\n|faint|p1a: Garganacl\n|\n|-heal|p2a: Houndstone|75\/100|[from] item: Leftovers\n|-damage|p2a: Houndstone|62\/100|[from] Salt Cure\n|upkeep\n|\n|t:|1699223125\n|switch|p1a: Gliscor|Gliscor, F|15\/100 tox\n|turn|26\n|\n|t:|1699223130\n|move|p1a: Gliscor|Earthquake|p2a: Houndstone\n|-damage|p2a: Houndstone|24\/100\n|move|p2a: Houndstone|Last Respects|p1a: Gliscor\n|-damage|p1a: Gliscor|0 fnt\n|faint|p1a: Gliscor\n|\n|win|InosukeTheHashira\n|raw|Zyzzjonzherka's rating: 1074 &rarr; <strong>1059<\/strong><br \/>(-15 for losing)\n|raw|InosukeTheHashira's rating: 1179 &rarr; <strong>1197<\/strong><br \/>(+18 for winning)\n|l|\u2606InosukeTheHashira\n|j|\u2606InosukeTheHashira\n|player|p2|InosukeTheHashira|blackbelt-gen4dp\n","uploadtime":1699223473,"views":2,"p1id":"zyzzjonzherka","p2id":"inosukethehashira","formatid":"gen9anythinggoes","rating":1059,"private":0,"password":""}