{"id":"gen9anythinggoes-1981672755","p1":"JustDaras","p2":"Wixu","format":"[Gen 9] Anything Goes","log":"|j|\u2606JustDaras\n|j|\u2606Wixu\n|t:|1698932417\n|gametype|singles\n|player|p1|JustDaras|265|\n|player|p2|Wixu|101|\n|teamsize|p1|6\n|teamsize|p2|6\n|gen|9\n|tier|[Gen 9] Anything Goes\n|rule|HP Percentage Mod: HP is shown in percentages\n|rule|Endless Battle Clause: Forcing endless battles is banned\n|clearpoke\n|poke|p1|Sylveon, M|\n|poke|p1|Decidueye, M|\n|poke|p1|Blissey, F|\n|poke|p1|Dragapult, M|\n|poke|p1|Corviknight, F|\n|poke|p1|Ceruledge, F|\n|poke|p2|Charizard, M|\n|poke|p2|Vaporeon, F|\n|poke|p2|Falinks|\n|poke|p2|Kommo-o, F|\n|poke|p2|Toxicroak, F|\n|poke|p2|Heracross, M|\n|teampreview\n|\n|t:|1698932425\n|start\n|switch|p1a: Blissey|Blissey, F|100\/100\n|switch|p2a: Vaporeon|Vaporeon, F|100\/100\n|turn|1\n|\n|t:|1698932432\n|move|p1a: Blissey|Tail Whip|p2a: Vaporeon\n|-unboost|p2a: Vaporeon|def|1\n|move|p2a: Vaporeon|Liquidation|p1a: Blissey\n|-damage|p1a: Blissey|77\/100\n|\n|-heal|p1a: Blissey|83\/100|[from] item: Leftovers\n|upkeep\n|turn|2\n|\n|t:|1698932440\n|move|p1a: Blissey|Tail Whip|p2a: Vaporeon\n|-unboost|p2a: Vaporeon|def|1\n|move|p2a: Vaporeon|Hydro Pump|p1a: Blissey\n|-damage|p1a: Blissey|68\/100\n|\n|-heal|p1a: Blissey|74\/100|[from] item: Leftovers\n|upkeep\n|turn|3\n|\n|t:|1698932455\n|switch|p2a: Charizard|Charizard, M|100\/100\n|move|p1a: Blissey|Tail Whip|p2a: Charizard\n|-unboost|p2a: Charizard|def|1\n|\n|-heal|p1a: Blissey|80\/100|[from] item: Leftovers\n|upkeep\n|turn|4\n|\n|t:|1698932464\n|move|p2a: Charizard|Fire Blast|p1a: Blissey\n|-damage|p1a: Blissey|61\/100\n|move|p1a: Blissey|Hyper Beam|p2a: Charizard\n|-damage|p2a: Charizard|62\/100\n|-mustrecharge|p1a: Blissey\n|\n|-heal|p2a: Charizard|68\/100|[from] item: Leftovers\n|-heal|p1a: Blissey|68\/100|[from] item: Leftovers\n|upkeep\n|turn|5\n|\n|t:|1698932478\n|switch|p2a: Heracross|Heracross, M|100\/100\n|cant|p1a: Blissey|recharge\n|\n|-heal|p1a: Blissey|74\/100|[from] item: Leftovers\n|upkeep\n|turn|6\n|\n|t:|1698932487\n|move|p2a: Heracross|Earthquake|p1a: Blissey\n|-damage|p1a: Blissey|43\/100\n|move|p1a: Blissey|Hyper Beam|p2a: Heracross\n|-crit|p2a: Heracross\n|-damage|p2a: Heracross|42\/100\n|-mustrecharge|p1a: Blissey\n|\n|-heal|p2a: Heracross|48\/100|[from] item: Leftovers\n|-heal|p1a: Blissey|49\/100|[from] item: Leftovers\n|upkeep\n|turn|7\n|\n|t:|1698932497\n|switch|p2a: Falinks|Falinks|100\/100\n|cant|p1a: Blissey|recharge\n|\n|-heal|p1a: Blissey|55\/100|[from] item: Leftovers\n|upkeep\n|turn|8\n|\n|t:|1698932505\n|move|p1a: Blissey|Protect|p1a: Blissey\n|-singleturn|p1a: Blissey|Protect\n|move|p2a: Falinks|Brick Break|p1a: Blissey\n|-activate|p1a: Blissey|move: Protect\n|\n|-heal|p1a: Blissey|61\/100|[from] item: Leftovers\n|upkeep\n|turn|9\n|\n|t:|1698932517\n|move|p1a: Blissey|Soft-Boiled|p1a: Blissey\n|-heal|p1a: Blissey|100\/100\n|move|p2a: Falinks|Brick Break|p1a: Blissey\n|-supereffective|p1a: Blissey\n|-damage|p1a: Blissey|39\/100\n|\n|-heal|p1a: Blissey|46\/100|[from] item: Leftovers\n|upkeep\n|turn|10\n|\n|t:|1698932525\n|move|p1a: Blissey|Protect|p1a: Blissey\n|-singleturn|p1a: Blissey|Protect\n|move|p2a: Falinks|Brick Break|p1a: Blissey\n|-activate|p1a: Blissey|move: Protect\n|\n|-heal|p1a: Blissey|52\/100|[from] item: Leftovers\n|upkeep\n|turn|11\n|\n|t:|1698932532\n|move|p1a: Blissey|Soft-Boiled|p1a: Blissey\n|-heal|p1a: Blissey|100\/100\n|move|p2a: Falinks|Brick Break|p1a: Blissey\n|-supereffective|p1a: Blissey\n|-crit|p1a: Blissey\n|-damage|p1a: Blissey|0 fnt\n|faint|p1a: Blissey\n|\n|upkeep\n|\n|t:|1698932547\n|switch|p1a: Sylveon|Sylveon, M, shiny|100\/100\n|turn|12\n|\n|t:|1698932551\n|switch|p2a: Vaporeon|Vaporeon, F|100\/100\n|move|p1a: Sylveon|Dazzling Gleam|p2a: Vaporeon\n|-damage|p2a: Vaporeon|71\/100\n|\n|-heal|p2a: Vaporeon|77\/100|[from] item: Leftovers\n|upkeep\n|turn|13\n|\n|t:|1698932563\n|-terastallize|p2a: Vaporeon|Water\n|move|p1a: Sylveon|Trailblaze|p2a: Vaporeon\n|-supereffective|p2a: Vaporeon\n|-damage|p2a: Vaporeon|56\/100\n|-boost|p1a: Sylveon|spe|1\n|move|p2a: Vaporeon|Hydro Pump|p1a: Sylveon\n|-damage|p1a: Sylveon|59\/100\n|\n|-heal|p2a: Vaporeon|62\/100|[from] item: Leftovers\n|upkeep\n|turn|14\n|\n|t:|1698932574\n|move|p1a: Sylveon|Trailblaze|p2a: Vaporeon\n|-supereffective|p2a: Vaporeon\n|-damage|p2a: Vaporeon|41\/100\n|-boost|p1a: Sylveon|spe|1\n|move|p2a: Vaporeon|Liquidation|p1a: Sylveon\n|-damage|p1a: Sylveon|17\/100\n|-start|p2a: Vaporeon|Attract|[from] ability: Cute Charm|[of] p1a: Sylveon\n|\n|-heal|p2a: Vaporeon|47\/100|[from] item: Leftovers\n|upkeep\n|turn|15\n|\n|t:|1698932585\n|move|p1a: Sylveon|Draining Kiss|p2a: Vaporeon\n|-damage|p2a: Vaporeon|27\/100\n|-heal|p1a: Sylveon|35\/100|[from] drain|[of] p2a: Vaporeon\n|-activate|p2a: Vaporeon|move: Attract|[of] p1a: Sylveon\n|cant|p2a: Vaporeon|Attract\n|\n|-heal|p2a: Vaporeon|33\/100|[from] item: Leftovers\n|upkeep\n|turn|16\n|\n|t:|1698932597\n|switch|p2a: Heracross|Heracross, M|48\/100\n|move|p1a: Sylveon|Draining Kiss|p2a: Heracross\n|-supereffective|p2a: Heracross\n|-damage|p2a: Heracross|0 fnt\n|-heal|p1a: Sylveon|68\/100|[from] drain|[of] p2a: Heracross\n|faint|p2a: Heracross\n|\n|upkeep\n|\n|t:|1698932606\n|switch|p2a: Charizard|Charizard, M|68\/100\n|turn|17\n|\n|t:|1698932610\n|move|p1a: Sylveon|Draining Kiss|p2a: Charizard\n|-resisted|p2a: Charizard\n|-damage|p2a: Charizard|56\/100\n|-heal|p1a: Sylveon|76\/100|[from] drain|[of] p2a: Charizard\n|move|p2a: Charizard|Fire Spin|p1a: Sylveon|[miss]\n|-miss|p2a: Charizard|p1a: Sylveon\n|\n|-heal|p2a: Charizard|62\/100|[from] item: Leftovers\n|upkeep\n|turn|18\n|\n|t:|1698932622\n|move|p1a: Sylveon|Dazzling Gleam|p2a: Charizard\n|-resisted|p2a: Charizard\n|-damage|p2a: Charizard|43\/100\n|move|p2a: Charizard|Fire Spin|p1a: Sylveon\n|-damage|p1a: Sylveon|64\/100\n|-activate|p1a: Sylveon|move: Fire Spin|[of] p2a: Charizard\n|\n|-heal|p2a: Charizard|49\/100|[from] item: Leftovers\n|-damage|p1a: Sylveon|51\/100|[from] move: Fire Spin|[partiallytrapped]\n|upkeep\n|turn|19\n|\n|t:|1698932632\n|move|p1a: Sylveon|Dazzling Gleam|p2a: Charizard\n|-resisted|p2a: Charizard\n|-damage|p2a: Charizard|31\/100\n|move|p2a: Charizard|Fire Blast|p1a: Sylveon\n|-damage|p1a: Sylveon|0 fnt\n|faint|p1a: Sylveon\n|\n|-heal|p2a: Charizard|37\/100|[from] item: Leftovers\n|upkeep\n|\n|t:|1698932654\n|switch|p1a: Dragapult|Dragapult, M|100\/100\n|turn|20\n|\n|t:|1698932660\n|switch|p2a: Kommo-o|Kommo-o, F|100\/100\n|move|p1a: Dragapult|Dragon Tail|p2a: Kommo-o\n|-supereffective|p2a: Kommo-o\n|-damage|p2a: Kommo-o|48\/100\n|drag|p2a: Vaporeon|Vaporeon, F, tera:Water|33\/100\n|\n|-heal|p2a: Vaporeon|39\/100|[from] item: Leftovers\n|upkeep\n|turn|21\n|\n|t:|1698932677\n|switch|p2a: Falinks|Falinks|100\/100\n|move|p1a: Dragapult|Dragon Tail|p2a: Falinks\n|-damage|p2a: Falinks|69\/100\n|drag|p2a: Kommo-o|Kommo-o, F|48\/100\n|\n|-heal|p2a: Kommo-o|54\/100|[from] item: Leftovers\n|upkeep\n|turn|22\n|\n|t:|1698932692\n|move|p1a: Dragapult|Protect|p1a: Dragapult\n|-singleturn|p1a: Dragapult|Protect\n|move|p2a: Kommo-o|Body Slam|p1a: Dragapult\n|-activate|p1a: Dragapult|move: Protect\n|\n|-heal|p2a: Kommo-o|61\/100|[from] item: Leftovers\n|upkeep\n|turn|23\n|\n|t:|1698932702\n|move|p2a: Kommo-o|Dragon Pulse|p1a: Dragapult\n|-supereffective|p1a: Dragapult\n|-damage|p1a: Dragapult|18\/100\n|move|p1a: Dragapult|Dragon Tail|p2a: Kommo-o\n|-supereffective|p2a: Kommo-o\n|-damage|p2a: Kommo-o|11\/100\n|drag|p2a: Charizard|Charizard, M|37\/100\n|\n|-heal|p2a: Charizard|43\/100|[from] item: Leftovers\n|upkeep\n|turn|24\n|\n|t:|1698932712\n|move|p1a: Dragapult|Double-Edge|p2a: Charizard\n|-damage|p2a: Charizard|1\/100\n|-damage|p1a: Dragapult|5\/100|[from] Recoil\n|move|p2a: Charizard|Fire Blast|p1a: Dragapult|[miss]\n|-miss|p2a: Charizard|p1a: Dragapult\n|\n|-heal|p2a: Charizard|7\/100|[from] item: Leftovers\n|upkeep\n|turn|25\n|\n|t:|1698932723\n|move|p2a: Charizard|Air Slash|p1a: Dragapult\n|-damage|p1a: Dragapult|0 fnt\n|faint|p1a: Dragapult\n|\n|-heal|p2a: Charizard|13\/100|[from] item: Leftovers\n|upkeep\n|\n|t:|1698932731\n|switch|p1a: Ceruledge|Ceruledge, F|100\/100\n|turn|26\n|\n|t:|1698932736\n|switch|p2a: Vaporeon|Vaporeon, F, tera:Water|39\/100\n|move|p1a: Ceruledge|Hex|p2a: Vaporeon\n|-damage|p2a: Vaporeon|26\/100\n|\n|-heal|p2a: Vaporeon|32\/100|[from] item: Leftovers\n|upkeep\n|turn|27\n|\n|t:|1698932745\n|move|p1a: Ceruledge|Flare Blitz|p2a: Vaporeon\n|-resisted|p2a: Vaporeon\n|-damage|p2a: Vaporeon|2\/100\n|-damage|p1a: Ceruledge|87\/100|[from] Recoil\n|move|p2a: Vaporeon|Liquidation|p1a: Ceruledge\n|-supereffective|p1a: Ceruledge\n|-damage|p1a: Ceruledge|3\/100\n|\n|-heal|p2a: Vaporeon|9\/100|[from] item: Leftovers\n|upkeep\n|turn|28\n|\n|t:|1698932756\n|switch|p2a: Toxicroak|Toxicroak, F|100\/100\n|move|p1a: Ceruledge|Flare Blitz|p2a: Toxicroak\n|-damage|p2a: Toxicroak|0 fnt\n|faint|p2a: Toxicroak\n|-damage|p1a: Ceruledge|0 fnt|[from] Recoil\n|faint|p1a: Ceruledge\n|\n|upkeep\n|\n|t:|1698932769\n|switch|p2a: Charizard|Charizard, M|13\/100\n|switch|p1a: Decidueye|Decidueye, M|100\/100\n|turn|29\n|\n|t:|1698932776\n|move|p2a: Charizard|Air Slash|p1a: Decidueye\n|-supereffective|p1a: Decidueye\n|-damage|p1a: Decidueye|33\/100\n|cant|p1a: Decidueye|flinch\n|\n|-heal|p2a: Charizard|19\/100|[from] item: Leftovers\n|upkeep\n|turn|30\n|\n|t:|1698932788\n|move|p2a: Charizard|Air Slash|p1a: Decidueye\n|-supereffective|p1a: Decidueye\n|-damage|p1a: Decidueye|0 fnt\n|faint|p1a: Decidueye\n|\n|-heal|p2a: Charizard|25\/100|[from] item: Leftovers\n|upkeep\n|\n|t:|1698932794\n|switch|p1a: Corviknight|Corviknight, F|100\/100\n|-ability|p1a: Corviknight|Unnerve\n|turn|31\n|\n|t:|1698932802\n|move|p2a: Charizard|Fire Blast|p1a: Corviknight\n|-supereffective|p1a: Corviknight\n|-damage|p1a: Corviknight|0 fnt\n|faint|p1a: Corviknight\n|\n|win|Wixu\n|l|\u2606JustDaras\n","uploadtime":1698932823,"views":9,"p1id":"justdaras","p2id":"wixu","formatid":"gen9anythinggoes","rating":0,"private":0,"password":""}