{"id":"gen9anythinggoes-1986383025","p1":"Worst luck person","p2":"Henzai","format":"[Gen 9] Anything Goes","log":"|j|\u2606Worst luck person\n|j|\u2606Henzai\n|t:|1699474243\n|gametype|singles\n|player|p1|Worst luck person|102|1210\n|player|p2|Henzai|allister|1156\n|teamsize|p1|6\n|teamsize|p2|6\n|gen|9\n|tier|[Gen 9] Anything Goes\n|rated|\n|rule|HP Percentage Mod: HP is shown in percentages\n|rule|Endless Battle Clause: Forcing endless battles is banned\n|clearpoke\n|poke|p1|Glimmora, F|\n|poke|p1|Regieleki|\n|poke|p1|Regieleki|\n|poke|p1|Regieleki|\n|poke|p1|Regieleki|\n|poke|p1|Kingambit, M|\n|poke|p2|Calyrex-Ice|\n|poke|p2|Weavile, M|\n|poke|p2|Espathra, M|\n|poke|p2|Drifblim, M|\n|poke|p2|Krookodile, M|\n|poke|p2|Mewtwo|\n|teampreview\n|inactive|Battle timer is ON: inactive players will automatically lose when time's up. (requested by Worst luck person)\n|\n|t:|1699474250\n|start\n|switch|p1a: Glimmora|Glimmora, F|100\/100\n|switch|p2a: Espathra|Espathra, M, shiny|100\/100\n|turn|1\n|\n|t:|1699474256\n|move|p1a: Glimmora|Stealth Rock|p2a: Espathra\n|-sidestart|p2: Henzai|move: Stealth Rock\n|move|p2a: Espathra|Calm Mind|p2a: Espathra\n|-boost|p2a: Espathra|spa|1\n|-boost|p2a: Espathra|spd|1\n|\n|-ability|p2a: Espathra|Speed Boost|boost\n|-boost|p2a: Espathra|spe|1\n|upkeep\n|turn|2\n|\n|t:|1699474261\n|move|p2a: Espathra|Calm Mind|p2a: Espathra\n|-boost|p2a: Espathra|spa|1\n|-boost|p2a: Espathra|spd|1\n|move|p1a: Glimmora|Power Gem|p2a: Espathra\n|-damage|p2a: Espathra|80\/100\n|\n|-ability|p2a: Espathra|Speed Boost|boost\n|-boost|p2a: Espathra|spe|1\n|upkeep\n|turn|3\n|\n|t:|1699474269\n|switch|p1a: Regieleki|Regieleki|100\/100\n|move|p2a: Espathra|Calm Mind|p2a: Espathra\n|-boost|p2a: Espathra|spa|1\n|-boost|p2a: Espathra|spd|1\n|\n|-ability|p2a: Espathra|Speed Boost|boost\n|-boost|p2a: Espathra|spe|1\n|upkeep\n|turn|4\n|\n|t:|1699474281\n|move|p2a: Espathra|Protect|p2a: Espathra\n|-singleturn|p2a: Espathra|Protect\n|move|p1a: Regieleki|Explosion|p2a: Espathra\n|-activate|p2a: Espathra|move: Protect\n|faint|p1a: Regieleki\n|\n|-ability|p2a: Espathra|Speed Boost|boost\n|-boost|p2a: Espathra|spe|1\n|upkeep\n|\n|t:|1699474285\n|switch|p1a: Regieleki|Regieleki|100\/100\n|turn|5\n|\n|t:|1699474290\n|move|p2a: Espathra|Baton Pass|p2a: Espathra\n|\n|t:|1699474291\n|switch|p2a: Drifblim|Drifblim, M, shiny|100\/100|[from] Baton Pass\n|-damage|p2a: Drifblim|75\/100|[from] Stealth Rock\n|move|p1a: Regieleki|Explosion|p2a: Drifblim\n|-immune|p2a: Drifblim\n|faint|p1a: Regieleki\n|\n|-heal|p2a: Drifblim|82\/100|[from] item: Leftovers\n|upkeep\n|\n|t:|1699474294\n|switch|p1a: Regieleki|Regieleki|100\/100\n|turn|6\n|-message|Worst luck person forfeited.\n|\n|win|Henzai\n|raw|Worst luck person's rating: 1210 &rarr; <strong>1181<\/strong><br \/>(-29 for losing)\n|raw|Henzai's rating: 1156 &rarr; <strong>1185<\/strong><br \/>(+29 for winning)\n|l|\u2606Worst luck person\n","uploadtime":1699474307,"views":19,"p1id":"worstluckperson","p2id":"henzai","formatid":"gen9anythinggoes","rating":1181,"private":0,"password":""}