{"id":"gen9anythinggoes-1972528772","p1":"redissus900","p2":"kokichis_Squirtle","format":"[Gen 9] Anything Goes","log":"|j|\u2606redissus900\n|j|\u2606kokichis_Squirtle\n|t:|1697853290\n|gametype|singles\n|player|p1|redissus900|102|\n|player|p2|kokichis_Squirtle|266|\n|teamsize|p1|6\n|teamsize|p2|6\n|gen|9\n|tier|[Gen 9] Anything Goes\n|rule|HP Percentage Mod: HP is shown in percentages\n|rule|Endless Battle Clause: Forcing endless battles is banned\n|clearpoke\n|poke|p1|Haxorus, F|\n|poke|p1|Greninja-*, M|\n|poke|p1|Hawlucha, F|\n|poke|p1|Ursaluna-Bloodmoon, M|\n|poke|p1|Dragonite, F|\n|poke|p1|Dragapult, M|\n|poke|p2|Torterra, F|\n|poke|p2|Gliscor, F|\n|poke|p2|Sableye, F|\n|poke|p2|Banette, M|\n|poke|p2|Yanmega, F|\n|poke|p2|Hariyama, M|\n|teampreview\n|\n|t:|1697853308\n|start\n|switch|p1a: Dragapult|Dragapult, M, shiny|100\/100\n|switch|p2a: Sableye|Sableye, F|100\/100\n|turn|1\n|\n|t:|1697853320\n|move|p2a: Sableye|Gravity|p2a: Sableye\n|-fieldstart|move: Gravity\n|move|p1a: Dragapult|Phantom Force||[still]\n|-prepare|p1a: Dragapult|Phantom Force\n|\n|upkeep\n|turn|2\n|\n|t:|1697853337\n|switch|p2a: Banette|Banette, M|100\/100\n|-item|p1a: Dragapult|Metronome|[from] ability: Frisk|[of] p2a: Banette|[identify]\n|move|p1a: Dragapult|Phantom Force|p2a: Banette|[from]lockedmove\n|-supereffective|p2a: Banette\n|-enditem|p2a: Banette|Focus Sash\n|-damage|p2a: Banette|1\/100\n|\n|upkeep\n|turn|3\n|\n|t:|1697853350\n|move|p1a: Dragapult|Phantom Force||[still]\n|-prepare|p1a: Dragapult|Phantom Force\n|move|p2a: Banette|Will-O-Wisp|p1a: Dragapult|[miss]\n|-miss|p2a: Banette|p1a: Dragapult\n|\n|upkeep\n|turn|4\n|\n|t:|1697853358\n|move|p1a: Dragapult|Phantom Force|p2a: Banette|[from]lockedmove\n|-supereffective|p2a: Banette\n|-damage|p2a: Banette|0 fnt\n|faint|p2a: Banette\n|\n|upkeep\n|\n|t:|1697853364\n|switch|p2a: Sableye|Sableye, F|100\/100\n|turn|5\n|\n|t:|1697853376\n|move|p1a: Dragapult|Phantom Force||[still]\n|-prepare|p1a: Dragapult|Phantom Force\n|move|p2a: Sableye|Foul Play|p1a: Dragapult|[miss]\n|-miss|p2a: Sableye|p1a: Dragapult\n|\n|-fieldend|move: Gravity\n|upkeep\n|turn|6\n|\n|t:|1697853383\n|move|p2a: Sableye|Gravity|p2a: Sableye\n|-fieldstart|move: Gravity\n|move|p1a: Dragapult|Phantom Force|p2a: Sableye|[from]lockedmove\n|-damage|p2a: Sableye|16\/100\n|\n|upkeep\n|turn|7\n|\n|t:|1697853406\n|move|p1a: Dragapult|Phantom Force||[still]\n|-prepare|p1a: Dragapult|Phantom Force\n|move|p2a: Sableye|Foul Play|p1a: Dragapult|[miss]\n|-miss|p2a: Sableye|p1a: Dragapult\n|\n|upkeep\n|turn|8\n|\n|t:|1697853413\n|move|p1a: Dragapult|Phantom Force|p2a: Sableye|[from]lockedmove\n|-damage|p2a: Sableye|0 fnt\n|faint|p2a: Sableye\n|\n|upkeep\n|\n|t:|1697853419\n|switch|p2a: Yanmega|Yanmega, F|100\/100\n|turn|9\n|\n|t:|1697853435\n|move|p1a: Dragapult|Phantom Force||[still]\n|-prepare|p1a: Dragapult|Phantom Force\n|move|p2a: Yanmega|Hypnosis|p1a: Dragapult|[miss]\n|-miss|p2a: Yanmega|p1a: Dragapult\n|\n|-ability|p2a: Yanmega|Speed Boost|boost\n|-boost|p2a: Yanmega|spe|1\n|upkeep\n|turn|10\n|\n|t:|1697853449\n|move|p2a: Yanmega|Hypnosis|p1a: Dragapult|[miss]\n|-miss|p2a: Yanmega|p1a: Dragapult\n|move|p1a: Dragapult|Phantom Force|p2a: Yanmega|[from]lockedmove\n|-damage|p2a: Yanmega|0 fnt\n|faint|p2a: Yanmega\n|\n|-fieldend|move: Gravity\n|upkeep\n|\n|t:|1697853459\n|switch|p2a: Torterra|Torterra, F|100\/100\n|turn|11\n|\n|t:|1697853470\n|move|p1a: Dragapult|Phantom Force||[still]\n|-prepare|p1a: Dragapult|Phantom Force\n|move|p2a: Torterra|Shell Smash|p2a: Torterra\n|-unboost|p2a: Torterra|def|1\n|-unboost|p2a: Torterra|spd|1\n|-boost|p2a: Torterra|atk|2\n|-boost|p2a: Torterra|spa|2\n|-boost|p2a: Torterra|spe|2\n|\n|upkeep\n|turn|12\n|\n|t:|1697853483\n|-terastallize|p2a: Torterra|Steel\n|move|p2a: Torterra|Earthquake|p1a: Dragapult|[miss]\n|-miss|p2a: Torterra|p1a: Dragapult\n|move|p1a: Dragapult|Phantom Force|p2a: Torterra|[from]lockedmove\n|-damage|p2a: Torterra|0 fnt\n|faint|p2a: Torterra\n|\n|upkeep\n|\n|t:|1697853494\n|switch|p2a: Gliscor|Gliscor, F|100\/100\n|turn|13\n|\n|t:|1697853518\n|move|p1a: Dragapult|Phantom Force||[still]\n|-prepare|p1a: Dragapult|Phantom Force\n|move|p2a: Gliscor|Tailwind|p2a: Gliscor\n|-sidestart|p2: kokichis_Squirtle|move: Tailwind\n|\n|-status|p2a: Gliscor|tox|[from] item: Toxic Orb\n|upkeep\n|turn|14\n|\n|t:|1697853531\n|move|p2a: Gliscor|Protect|p2a: Gliscor\n|-singleturn|p2a: Gliscor|Protect\n|move|p1a: Dragapult|Phantom Force|p2a: Gliscor|[from]lockedmove\n|-activate|p2a: Gliscor|move: Phantom Force|[broken]\n|-damage|p2a: Gliscor|42\/100 tox\n|\n|-heal|p2a: Gliscor|54\/100 tox|[from] ability: Poison Heal\n|upkeep\n|turn|15\n|\n|t:|1697853541\n|move|p2a: Gliscor|Fling|p1a: Dragapult\n|-supereffective|p1a: Dragapult\n|-damage|p1a: Dragapult|82\/100\n|-status|p1a: Dragapult|tox\n|-enditem|p2a: Gliscor|Toxic Orb|[from] move: Fling\n|move|p1a: Dragapult|Phantom Force||[still]\n|-prepare|p1a: Dragapult|Phantom Force\n|\n|-heal|p2a: Gliscor|67\/100 tox|[from] ability: Poison Heal\n|-damage|p1a: Dragapult|76\/100 tox|[from] psn\n|upkeep\n|turn|16\n|\n|t:|1697853564\n|move|p2a: Gliscor|Protect|p2a: Gliscor\n|-singleturn|p2a: Gliscor|Protect\n|move|p1a: Dragapult|Phantom Force|p2a: Gliscor|[from]lockedmove\n|-activate|p2a: Gliscor|move: Phantom Force|[broken]\n|-crit|p2a: Gliscor\n|-damage|p2a: Gliscor|0 fnt\n|faint|p2a: Gliscor\n|\n|-damage|p1a: Dragapult|64\/100 tox|[from] psn\n|-sideend|p2: kokichis_Squirtle|move: Tailwind\n|upkeep\n|\n|t:|1697853575\n|switch|p2a: Hariyama|Hariyama, M|100\/100\n|turn|17\n|\n|t:|1697853586\n|switch|p1a: Hawlucha|Hawlucha, F, shiny|100\/100\n|move|p2a: Hariyama|Knock Off|p1a: Hawlucha\n|-resisted|p1a: Hawlucha\n|-damage|p1a: Hawlucha|79\/100\n|-enditem|p1a: Hawlucha|King's Rock|[from] move: Knock Off|[of] p2a: Hariyama\n|\n|-status|p2a: Hariyama|brn|[from] item: Flame Orb\n|upkeep\n|turn|18\n|\n|t:|1697853611\n|move|p1a: Hawlucha|Acrobatics|p2a: Hariyama\n|-supereffective|p2a: Hariyama\n|-damage|p2a: Hariyama|24\/100 brn\n|move|p2a: Hariyama|Close Combat|p1a: Hawlucha\n|-resisted|p1a: Hawlucha\n|-damage|p1a: Hawlucha|25\/100\n|-unboost|p2a: Hariyama|def|1\n|-unboost|p2a: Hariyama|spd|1\n|\n|-damage|p2a: Hariyama|18\/100 brn|[from] brn\n|upkeep\n|turn|19\n|\n|t:|1697853622\n|move|p1a: Hawlucha|Acrobatics|p2a: Hariyama\n|-supereffective|p2a: Hariyama\n|-damage|p2a: Hariyama|0 fnt\n|faint|p2a: Hariyama\n|\n|win|redissus900\n|l|\u2606kokichis_Squirtle\n","uploadtime":1697853653,"views":8,"p1id":"redissus900","p2id":"kokichissquirtle","formatid":"gen9anythinggoes","rating":0,"private":0,"password":""}