{"id":"gen9anythinggoes-1979027868","p1":"Skrumply","p2":"chotto matte","format":"[Gen 9] Anything Goes","log":"|j|\u2606Skrumply\n|j|\u2606chotto matte\n|t:|1698622981\n|gametype|singles\n|player|p1|Skrumply|lucy|\n|player|p2|chotto matte|preschoolerf|\n|teamsize|p1|6\n|teamsize|p2|6\n|gen|9\n|tier|[Gen 9] Anything Goes\n|rule|HP Percentage Mod: HP is shown in percentages\n|rule|Endless Battle Clause: Forcing endless battles is banned\n|clearpoke\n|poke|p1|Clodsire, M|\n|poke|p1|Moltres|\n|poke|p1|Baxcalibur, M|\n|poke|p1|Iron Valiant|\n|poke|p1|Weezing, M|\n|poke|p1|Jirachi|\n|poke|p2|Slowking, F|\n|poke|p2|Flareon, F|\n|poke|p2|Gliscor, F|\n|poke|p2|Vulpix-Alola, M|\n|poke|p2|Sneasler, M|\n|poke|p2|Tyranitar, M|\n|teampreview\n|c|\u2606Skrumply|glgl\n|inactive|Battle timer is ON: inactive players will automatically lose when time's up. (requested by Skrumply)\n|c|\u2606chotto matte|good smell\n|j| StoneBone\n|c|\u2606Skrumply|Nice sniffers\n|\n|t:|1698623016\n|start\n|switch|p1a: Tras|Moltres|100\/100\n|switch|p2a: Sneasler|Sneasler, M|100\/100\n|turn|1\n|c| StoneBone|heard this jempt guy sux lmao\n|\n|t:|1698623023\n|move|p2a: Sneasler|Fake Out|p1a: Tras\n|-damage|p1a: Tras|91\/100\n|-status|p1a: Tras|psn|[from] ability: Poison Touch|[of] p2a: Sneasler\n|cant|p1a: Tras|flinch\n|\n|-damage|p1a: Tras|79\/100 psn|[from] psn\n|upkeep\n|turn|2\n|\n|t:|1698623032\n|move|p2a: Sneasler|U-turn|p1a: Tras\n|-resisted|p1a: Tras\n|-damage|p1a: Tras|75\/100 psn\n|\n|t:|1698623037\n|switch|p2a: Flareon|Flareon, F|100\/100|[from] U-turn\n|move|p1a: Tras|Hurricane|p2a: Flareon\n|-damage|p2a: Flareon|47\/100\n|\n|-damage|p1a: Tras|62\/100 psn|[from] psn\n|-status|p2a: Flareon|tox|[from] item: Toxic Orb\n|upkeep\n|turn|3\n|\n|t:|1698623052\n|move|p2a: Flareon|Facade|p1a: Tras\n|-damage|p1a: Tras|3\/100 psn\n|move|p1a: Tras|Roost|p1a: Tras\n|-heal|p1a: Tras|54\/100 psn\n|-singleturn|p1a: Tras|move: Roost\n|\n|-damage|p2a: Flareon|41\/100 tox|[from] psn\n|-damage|p1a: Tras|41\/100 psn|[from] psn\n|upkeep\n|turn|4\n|inactive|Skrumply has 270 seconds left.\n|c|\u2606Skrumply|this is a little pickle\n|\n|t:|1698623099\n|switch|p1a: The Argus|Weezing, M|100\/100\n|-ability|p1a: The Argus|Neutralizing Gas\n|-item|p1a: The Argus|Air Balloon\n|move|p2a: Flareon|Facade|p1a: The Argus\n|-damage|p1a: The Argus|63\/100\n|-enditem|p1a: The Argus|Air Balloon\n|\n|-damage|p2a: Flareon|30\/100 tox|[from] psn\n|upkeep\n|turn|5\n|\n|t:|1698623116\n|-terastallize|p1a: The Argus|Ghost\n|move|p2a: Flareon|Flare Blitz|p1a: The Argus\n|-damage|p1a: The Argus|20\/100\n|-damage|p2a: Flareon|12\/100 tox|[from] Recoil\n|move|p1a: The Argus|Venoshock|p2a: Flareon\n|-damage|p2a: Flareon|0 fnt\n|faint|p2a: Flareon\n|\n|upkeep\n|\n|t:|1698623135\n|switch|p2a: Tyranitar|Tyranitar, M|100\/100\n|turn|6\n|\n|t:|1698623142\n|-end|p1a: The Argus|ability: Neutralizing Gas\n|-weather|Sandstorm|[from] ability: Sand Stream|[of] p2a: Tyranitar\n|switch|p1a: Javelin|Clodsire, M|100\/100\n|move|p2a: Tyranitar|Knock Off|p1a: Javelin\n|-damage|p1a: Javelin|40\/100\n|-enditem|p1a: Javelin|Black Sludge|[from] move: Knock Off|[of] p2a: Tyranitar\n|\n|-weather|Sandstorm|[upkeep]\n|upkeep\n|turn|7\n|\n|t:|1698623153\n|move|p2a: Tyranitar|Dragon Dance|p2a: Tyranitar\n|-boost|p2a: Tyranitar|atk|1\n|-boost|p2a: Tyranitar|spe|1\n|move|p1a: Javelin|Recover|p1a: Javelin\n|-heal|p1a: Javelin|90\/100\n|\n|-weather|Sandstorm|[upkeep]\n|upkeep\n|turn|8\n|\n|t:|1698623158\n|move|p2a: Tyranitar|Dragon Dance|p2a: Tyranitar\n|-boost|p2a: Tyranitar|atk|1\n|-boost|p2a: Tyranitar|spe|1\n|move|p1a: Javelin|Toxic|p2a: Tyranitar\n|-status|p2a: Tyranitar|tox\n|\n|-weather|Sandstorm|[upkeep]\n|-damage|p2a: Tyranitar|94\/100 tox|[from] psn\n|upkeep\n|turn|9\n|\n|t:|1698623160\n|move|p2a: Tyranitar|Earthquake|p1a: Javelin\n|-supereffective|p1a: Javelin\n|-crit|p1a: Javelin\n|-damage|p1a: Javelin|0 fnt\n|faint|p1a: Javelin\n|\n|-weather|Sandstorm|[upkeep]\n|-damage|p2a: Tyranitar|82\/100 tox|[from] psn\n|upkeep\n|c|\u2606Skrumply|that's neat\n|inactive|Skrumply has 270 seconds left.\n|\n|t:|1698623178\n|switch|p1a: Him?|Iron Valiant|100\/100\n|turn|10\n|c|\u2606chotto matte|:3\n|\n|t:|1698623185\n|move|p2a: Tyranitar|Earthquake|p1a: Him?\n|-damage|p1a: Him?|4\/100\n|move|p1a: Him?|Close Combat|p2a: Tyranitar\n|-supereffective|p2a: Tyranitar\n|-damage|p2a: Tyranitar|0 fnt\n|-unboost|p1a: Him?|def|1\n|-unboost|p1a: Him?|spd|1\n|faint|p2a: Tyranitar\n|\n|-weather|none\n|upkeep\n|\n|t:|1698623190\n|switch|p2a: Sneasler|Sneasler, M|100\/100\n|turn|11\n|\n|t:|1698623193\n|-end|p1a: Him?|Quark Drive|[silent]\n|switch|p1a: The Argus|Weezing, M, tera:Ghost|20\/100\n|-ability|p1a: The Argus|Neutralizing Gas\n|move|p2a: Sneasler|Fake Out|p1a: The Argus\n|-immune|p1a: The Argus\n|\n|upkeep\n|turn|12\n|\n|t:|1698623204\n|move|p1a: The Argus|Protect|p1a: The Argus\n|-singleturn|p1a: The Argus|Protect\n|move|p2a: Sneasler|U-turn|p1a: The Argus\n|-activate|p1a: The Argus|move: Protect\n|\n|upkeep\n|turn|13\n|\n|t:|1698623210\n|-end|p1a: The Argus|ability: Neutralizing Gas\n|switch|p1a: Tras|Moltres|41\/100 psn\n|move|p2a: Sneasler|U-turn|p1a: Tras\n|-resisted|p1a: Tras\n|-damage|p1a: Tras|37\/100 psn\n|\n|t:|1698623218\n|switch|p2a: Gliscor|Gliscor, F|100\/100|[from] U-turn\n|\n|-damage|p1a: Tras|25\/100 psn|[from] psn\n|-status|p2a: Gliscor|tox|[from] item: Toxic Orb\n|upkeep\n|turn|14\n|\n|t:|1698623237\n|move|p2a: Gliscor|Stealth Rock|p1a: Tras\n|-sidestart|p1: Skrumply|move: Stealth Rock\n|move|p1a: Tras|Roost|p1a: Tras\n|-heal|p1a: Tras|75\/100 psn\n|-singleturn|p1a: Tras|move: Roost\n|\n|-damage|p1a: Tras|63\/100 psn|[from] psn\n|upkeep\n|turn|15\n|\n|t:|1698623243\n|switch|p2a: Slowking|Slowking, F|100\/100\n|move|p1a: Tras|Roost|p1a: Tras\n|-heal|p1a: Tras|100\/100 psn\n|-singleturn|p1a: Tras|move: Roost\n|\n|-damage|p1a: Tras|88\/100 psn|[from] psn\n|upkeep\n|turn|16\n|\n|t:|1698623249\n|switch|p1a: Him?|Iron Valiant|4\/100\n|-damage|p1a: Him?|0 fnt|[from] Stealth Rock\n|faint|p1a: Him?\n|-end|p1a: Him?|Quark Drive|[silent]\n|move|p2a: Slowking|Future Sight|p1: Him?\n|-start|p2a: Slowking|move: Future Sight\n|\n|upkeep\n|\n|t:|1698623253\n|switch|p1a: Exit Wounds|Jirachi|100\/100\n|-damage|p1a: Exit Wounds|94\/100|[from] Stealth Rock\n|turn|17\n|\n|t:|1698623260\n|move|p1a: Exit Wounds|Doom Desire|p2a: Slowking\n|-start|p1a: Exit Wounds|Doom Desire\n|move|p2a: Slowking|Scald|p1a: Exit Wounds\n|-damage|p1a: Exit Wounds|72\/100\n|\n|-heal|p1a: Exit Wounds|78\/100|[from] item: Leftovers\n|upkeep\n|turn|18\n|\n|t:|1698623270\n|move|p1a: Exit Wounds|Wish|p1a: Exit Wounds\n|move|p2a: Slowking|Chilly Reception|p2a: Slowking\n|-weather|Snow\n|\n|t:|1698623276\n|switch|p2a: Gliscor|Gliscor, F|100\/100 tox|[from] Chilly Reception\n|\n|-weather|Snow|[upkeep]\n|-end|p1a: Exit Wounds|move: Future Sight\n|-resisted|p1a: Exit Wounds\n|-damage|p1a: Exit Wounds|70\/100\n|-heal|p1a: Exit Wounds|76\/100|[from] item: Leftovers\n|upkeep\n|turn|19\n|\n|t:|1698623283\n|switch|p1a: Tras|Moltres|88\/100 psn\n|move|p2a: Gliscor|Earthquake|p1a: Tras\n|-immune|p1a: Tras\n|\n|-weather|Snow|[upkeep]\n|-end|p2a: Gliscor|move: Doom Desire\n|-damage|p2a: Gliscor|37\/100 tox\n|-heal|p1a: Tras|100\/100 psn|[from] move: Wish|[wisher] Exit Wounds\n|-heal|p2a: Gliscor|49\/100 tox|[from] ability: Poison Heal\n|-damage|p1a: Tras|88\/100 psn|[from] psn\n|upkeep\n|turn|20\n|\n|t:|1698623300\n|switch|p2a: Slowking|Slowking, F|100\/100\n|move|p1a: Tras|Heat Wave|p2a: Slowking\n|-resisted|p2a: Slowking\n|-damage|p2a: Slowking|84\/100\n|\n|-weather|Snow|[upkeep]\n|-damage|p1a: Tras|76\/100 psn|[from] psn\n|upkeep\n|turn|21\n|\n|t:|1698623309\n|switch|p1a: Exit Wounds|Jirachi|76\/100\n|-damage|p1a: Exit Wounds|70\/100|[from] Stealth Rock\n|move|p2a: Slowking|Scald|p1a: Exit Wounds\n|-damage|p1a: Exit Wounds|45\/100\n|\n|-weather|Snow|[upkeep]\n|-heal|p1a: Exit Wounds|51\/100|[from] item: Leftovers\n|upkeep\n|turn|22\n|\n|t:|1698623315\n|move|p1a: Exit Wounds|Doom Desire|p2a: Slowking\n|-start|p1a: Exit Wounds|Doom Desire\n|move|p2a: Slowking|Scald|p1a: Exit Wounds\n|-damage|p1a: Exit Wounds|26\/100\n|\n|-weather|none\n|-heal|p1a: Exit Wounds|32\/100|[from] item: Leftovers\n|upkeep\n|turn|23\n|\n|t:|1698623326\n|switch|p1a: Meatspace|Baxcalibur, M|100\/100\n|-damage|p1a: Meatspace|76\/100|[from] Stealth Rock\n|move|p2a: Slowking|Scald|p1a: Meatspace\n|-resisted|p1a: Meatspace\n|-damage|p1a: Meatspace|61\/100\n|\n|upkeep\n|turn|24\n|\n|t:|1698623329\n|move|p1a: Meatspace|Dragon Dance|p1a: Meatspace\n|-boost|p1a: Meatspace|atk|1\n|-boost|p1a: Meatspace|spe|1\n|move|p2a: Slowking|Thunder Wave|p1a: Meatspace\n|-status|p1a: Meatspace|par\n|\n|-end|p2a: Slowking|move: Doom Desire\n|-resisted|p2a: Slowking\n|-damage|p2a: Slowking|59\/100\n|upkeep\n|turn|25\n|\n|t:|1698623336\n|move|p1a: Meatspace|Dragon Dance|p1a: Meatspace\n|-boost|p1a: Meatspace|atk|1\n|-boost|p1a: Meatspace|spe|1\n|move|p2a: Slowking|Chilly Reception|p2a: Slowking\n|-weather|Snow\n|\n|t:|1698623347\n|switch|p2a: Sneasler|Sneasler, M|100\/100|[from] Chilly Reception\n|\n|-weather|Snow|[upkeep]\n|upkeep\n|turn|26\n|\n|t:|1698623360\n|move|p2a: Sneasler|Close Combat|p1a: Meatspace\n|-supereffective|p1a: Meatspace\n|-damage|p1a: Meatspace|0 fnt\n|-unboost|p2a: Sneasler|def|1\n|-unboost|p2a: Sneasler|spd|1\n|faint|p1a: Meatspace\n|\n|-weather|Snow|[upkeep]\n|upkeep\n|\n|t:|1698623363\n|switch|p1a: Tras|Moltres|76\/100 psn\n|turn|27\n|\n|t:|1698623368\n|move|p2a: Sneasler|U-turn|p1a: Tras\n|-resisted|p1a: Tras\n|-crit|p1a: Tras\n|-damage|p1a: Tras|69\/100 psn\n|\n|t:|1698623370\n|switch|p2a: Slowking|Slowking, F|92\/100|[from] U-turn\n|move|p1a: Tras|Hurricane|p2a: Slowking\n|-damage|p2a: Slowking|54\/100\n|-start|p2a: Slowking|confusion\n|\n|-weather|Snow|[upkeep]\n|-damage|p1a: Tras|57\/100 psn|[from] psn\n|upkeep\n|turn|28\n|c|\u2606Skrumply|Will flame body ever work\n|\n|t:|1698623388\n|move|p1a: Tras|Roost|p1a: Tras\n|-heal|p1a: Tras|100\/100 psn\n|-singleturn|p1a: Tras|move: Roost\n|-activate|p2a: Slowking|confusion\n|-damage|p2a: Slowking|51\/100|[from] confusion\n|\n|-weather|Snow|[upkeep]\n|-damage|p1a: Tras|88\/100 psn|[from] psn\n|upkeep\n|turn|29\n|\n|t:|1698623397\n|move|p1a: Tras|Hurricane|p2a: Slowking\n|-damage|p2a: Slowking|13\/100\n|-activate|p2a: Slowking|confusion\n|move|p2a: Slowking|Scald|p1a: Tras\n|-supereffective|p1a: Tras\n|-damage|p1a: Tras|31\/100 psn\n|\n|-weather|none\n|-damage|p1a: Tras|19\/100 psn|[from] psn\n|upkeep\n|turn|30\n|\n|t:|1698623408\n|switch|p2a: Vulpix|Vulpix-Alola, M|100\/100\n|-weather|Snow|[from] ability: Snow Warning|[of] p2a: Vulpix\n|move|p1a: Tras|Hurricane|p2a: Vulpix\n|-damage|p2a: Vulpix|52\/100\n|-start|p2a: Vulpix|confusion\n|\n|-weather|Snow|[upkeep]\n|-damage|p1a: Tras|7\/100 psn|[from] psn\n|upkeep\n|turn|31\n|\n|t:|1698623417\n|move|p1a: Tras|Heat Wave|p2a: Vulpix\n|-supereffective|p2a: Vulpix\n|-damage|p2a: Vulpix|0 fnt\n|faint|p2a: Vulpix\n|\n|-weather|Snow|[upkeep]\n|-damage|p1a: Tras|0 fnt|[from] psn\n|faint|p1a: Tras\n|upkeep\n|\n|t:|1698623424\n|switch|p1a: Exit Wounds|Jirachi|32\/100\n|switch|p2a: Sneasler|Sneasler, M|100\/100\n|-damage|p1a: Exit Wounds|26\/100|[from] Stealth Rock\n|turn|32\n|\n|t:|1698623434\n|move|p2a: Sneasler|Close Combat|p1a: Exit Wounds\n|-damage|p1a: Exit Wounds|0 fnt\n|-unboost|p2a: Sneasler|def|1\n|-unboost|p2a: Sneasler|spd|1\n|faint|p1a: Exit Wounds\n|\n|-weather|Snow|[upkeep]\n|upkeep\n|\n|t:|1698623436\n|switch|p1a: The Argus|Weezing, M, tera:Ghost|20\/100\n|-ability|p1a: The Argus|Neutralizing Gas\n|-damage|p1a: The Argus|7\/100|[from] Stealth Rock\n|turn|33\n|c|\u2606Skrumply|gg\n|\n|t:|1698623441\n|move|p2a: Sneasler|Dire Claw|p1a: The Argus\n|-resisted|p1a: The Argus\n|-crit|p1a: The Argus\n|-damage|p1a: The Argus|0 fnt\n|faint|p1a: The Argus\n|-end|p1a: The Argus|ability: Neutralizing Gas\n|\n|win|chotto matte\n|c|\u2606chotto matte|gg\n|l|\u2606Skrumply\n|l|\u2606chotto matte\n|j|\u2606Skrumply\n|player|p1|Skrumply|lucy\n|j|\u2606chotto matte\n|player|p2|chotto matte|preschoolerf\n|l|\u2606chotto matte\n|player|p2|\n|l| StoneBone\n|l|\u2606Skrumply\n|player|p1|\n|j|\u2606chotto matte\n|player|p2|chotto matte|preschoolerf\n","uploadtime":1698623461,"views":16,"p1id":"skrumply","p2id":"chottomatte","formatid":"gen9anythinggoes","rating":0,"private":0,"password":""}