{"id":"gen9anythinggoes-1977863701","p1":"PhoenixMay29","p2":"joon is god","format":"[Gen 9] Anything Goes","log":"|j|\u2606PhoenixMay29\n|j|\u2606joon is god\n|t:|1698458964\n|gametype|singles\n|player|p1|PhoenixMay29|iris-masters|\n|player|p2|joon is god|266|\n|teamsize|p1|6\n|teamsize|p2|6\n|gen|9\n|tier|[Gen 9] Anything Goes\n|rule|HP Percentage Mod: HP is shown in percentages\n|rule|Endless Battle Clause: Forcing endless battles is banned\n|clearpoke\n|poke|p1|Ogerpon-Hearthflame, F|\n|poke|p1|Annihilape, M|\n|poke|p1|Glimmora, M|\n|poke|p1|Frosmoth, F|\n|poke|p1|Tatsugiri-Droopy, F|\n|poke|p1|Hawlucha, F|\n|poke|p2|Rillaboom, M|\n|poke|p2|Ceruledge, M|\n|poke|p2|Palafin, M|\n|poke|p2|Hatterene, F|\n|poke|p2|Toxapex, F|\n|poke|p2|Cinderace, M|\n|teampreview\n|c|\u2606PhoenixMay29|glhf\n|\n|t:|1698458972\n|start\n|switch|p1a: GILMMER|Glimmora, M|100\/100\n|switch|p2a: Toxapex|Toxapex, F|100\/100\n|-item|p2a: Toxapex|Air Balloon\n|turn|1\n|\n|t:|1698458981\n|move|p1a: GILMMER|Stealth Rock|p2a: Toxapex\n|-sidestart|p2: joon is god|move: Stealth Rock\n|move|p2a: Toxapex|Toxic Spikes|p1a: GILMMER\n|-sidestart|p1: PhoenixMay29|move: Toxic Spikes\n|\n|upkeep\n|turn|2\n|\n|t:|1698458986\n|move|p1a: GILMMER|Spikes|p2a: Toxapex\n|-sidestart|p2: joon is god|Spikes\n|move|p2a: Toxapex|Toxic Spikes|p1a: GILMMER\n|-sidestart|p1: PhoenixMay29|move: Toxic Spikes\n|\n|upkeep\n|turn|3\n|\n|t:|1698458997\n|move|p1a: GILMMER|Spikes|p2a: Toxapex\n|-sidestart|p2: joon is god|Spikes\n|move|p2a: Toxapex|Hydro Pump|p1a: GILMMER|[miss]\n|-miss|p2a: Toxapex|p1a: GILMMER\n|\n|upkeep\n|turn|4\n|\n|t:|1698459003\n|move|p1a: GILMMER|Spikes|p2a: Toxapex\n|-sidestart|p2: joon is god|Spikes\n|move|p2a: Toxapex|Gunk Shot|p1a: GILMMER\n|-resisted|p1a: GILMMER\n|-damage|p1a: GILMMER|95\/100\n|-activate|p1a: GILMMER|ability: Toxic Debris\n|-sidestart|p2: joon is god|move: Toxic Spikes\n|\n|-heal|p1a: GILMMER|100\/100|[from] item: Leftovers\n|upkeep\n|turn|5\n|\n|t:|1698459008\n|move|p1a: GILMMER|Toxic Spikes|p2a: Toxapex\n|-sidestart|p2: joon is god|move: Toxic Spikes\n|move|p2a: Toxapex|Hydro Pump|p1a: GILMMER\n|-supereffective|p1a: GILMMER\n|-damage|p1a: GILMMER|51\/100\n|\n|-heal|p1a: GILMMER|58\/100|[from] item: Leftovers\n|upkeep\n|turn|6\n|\n|t:|1698459013\n|move|p1a: GILMMER|Toxic Spikes||[still]\n|-fail|p1a: GILMMER\n|move|p2a: Toxapex|Hydro Pump|p1a: GILMMER\n|-supereffective|p1a: GILMMER\n|-damage|p1a: GILMMER|7\/100\n|\n|-heal|p1a: GILMMER|13\/100|[from] item: Leftovers\n|upkeep\n|turn|7\n|\n|t:|1698459022\n|move|p1a: GILMMER|Power Gem|p2a: Toxapex\n|-damage|p2a: Toxapex|70\/100\n|-enditem|p2a: Toxapex|Air Balloon\n|move|p2a: Toxapex|Hydro Pump|p1a: GILMMER\n|-supereffective|p1a: GILMMER\n|-damage|p1a: GILMMER|0 fnt\n|faint|p1a: GILMMER\n|\n|upkeep\n|\n|t:|1698459026\n|switch|p1a: KILLER|Tatsugiri-Droopy, F, shiny|100\/100\n|-status|p1a: KILLER|tox\n|turn|8\n|\n|t:|1698459049\n|move|p1a: KILLER|Rapid Spin|p2a: Toxapex\n|-damage|p2a: Toxapex|66\/100\n|-boost|p1a: KILLER|spe|1\n|-sideend|p1: PhoenixMay29|Toxic Spikes|[from] move: Rapid Spin|[of] p1a: KILLER\n|move|p2a: Toxapex|Gunk Shot|p1a: KILLER\n|-crit|p1a: KILLER\n|-damage|p1a: KILLER|17\/100 tox\n|\n|-heal|p1a: KILLER|23\/100 tox|[from] item: Leftovers\n|-damage|p1a: KILLER|17\/100 tox|[from] psn\n|upkeep\n|turn|9\n|\n|t:|1698459065\n|move|p1a: KILLER|Draco Meteor|p2a: Toxapex\n|-damage|p2a: Toxapex|12\/100\n|-unboost|p1a: KILLER|spa|2\n|move|p2a: Toxapex|Gunk Shot|p1a: KILLER\n|-crit|p1a: KILLER\n|-damage|p1a: KILLER|0 fnt\n|faint|p1a: KILLER\n|\n|upkeep\n|\n|t:|1698459072\n|switch|p1a: CAWW|Hawlucha, F|100\/100\n|turn|10\n|\n|t:|1698459080\n|move|p1a: CAWW|Swords Dance|p1a: CAWW\n|-boost|p1a: CAWW|atk|2\n|move|p2a: Toxapex|Toxic Spikes|p1a: CAWW\n|-sidestart|p1: PhoenixMay29|move: Toxic Spikes\n|\n|upkeep\n|turn|11\n|\n|t:|1698459088\n|move|p1a: CAWW|Close Combat|p2a: Toxapex\n|-resisted|p2a: Toxapex\n|-damage|p2a: Toxapex|0 fnt\n|-unboost|p1a: CAWW|def|1\n|-unboost|p1a: CAWW|spd|1\n|-enditem|p1a: CAWW|White Herb\n|-clearnegativeboost|p1a: CAWW|[silent]\n|faint|p2a: Toxapex\n|\n|upkeep\n|\n|t:|1698459094\n|switch|p2a: Ceruledge|Ceruledge, M|100\/100\n|-damage|p2a: Ceruledge|76\/100|[from] Stealth Rock\n|-damage|p2a: Ceruledge|51\/100|[from] Spikes\n|-status|p2a: Ceruledge|tox\n|turn|12\n|\n|t:|1698459112\n|move|p1a: CAWW|Acrobatics|p2a: Ceruledge\n|-crit|p2a: Ceruledge\n|-damage|p2a: Ceruledge|0 fnt\n|faint|p2a: Ceruledge\n|\n|upkeep\n|\n|t:|1698459117\n|switch|p2a: Palafin|Palafin, M|100\/100\n|-damage|p2a: Palafin|88\/100|[from] Stealth Rock\n|-damage|p2a: Palafin|63\/100|[from] Spikes\n|-status|p2a: Palafin|tox\n|turn|13\n|\n|t:|1698459125\n|move|p1a: CAWW|Swords Dance|p1a: CAWW\n|-boost|p1a: CAWW|atk|2\n|move|p2a: Palafin|Aqua Tail|p1a: CAWW\n|-damage|p1a: CAWW|52\/100\n|\n|-heal|p2a: Palafin|69\/100 tox|[from] item: Leftovers\n|-damage|p2a: Palafin|63\/100 tox|[from] psn\n|upkeep\n|turn|14\n|\n|t:|1698459130\n|move|p1a: CAWW|Poison Jab|p2a: Palafin\n|-damage|p2a: Palafin|0 fnt\n|faint|p2a: Palafin\n|\n|upkeep\n|\n|t:|1698459134\n|switch|p2a: Hatterene|Hatterene, F|100\/100\n|-damage|p2a: Hatterene|88\/100|[from] Stealth Rock\n|-damage|p2a: Hatterene|64\/100|[from] Spikes\n|-status|p2a: Hatterene|tox\n|turn|15\n|\n|t:|1698459144\n|move|p1a: CAWW|Poison Jab|p2a: Hatterene\n|-supereffective|p2a: Hatterene\n|-damage|p2a: Hatterene|0 fnt\n|faint|p2a: Hatterene\n|\n|upkeep\n|\n|t:|1698459149\n|switch|p2a: Cinderace|Cinderace, M|100\/100\n|-damage|p2a: Cinderace|76\/100|[from] Stealth Rock\n|-damage|p2a: Cinderace|51\/100|[from] Spikes\n|-status|p2a: Cinderace|tox\n|turn|16\n|\n|t:|1698459155\n|move|p1a: CAWW|Close Combat|p2a: Cinderace\n|-damage|p2a: Cinderace|0 fnt\n|-unboost|p1a: CAWW|def|1\n|-unboost|p1a: CAWW|spd|1\n|faint|p2a: Cinderace\n|\n|upkeep\n|\n|t:|1698459158\n|switch|p2a: Rillaboom|Rillaboom, M|100\/100\n|-damage|p2a: Rillaboom|88\/100|[from] Stealth Rock\n|-damage|p2a: Rillaboom|63\/100|[from] Spikes\n|-status|p2a: Rillaboom|tox\n|turn|17\n|\n|t:|1698459171\n|-terastallize|p2a: Rillaboom|Grass\n|move|p1a: CAWW|Poison Jab|p2a: Rillaboom\n|-supereffective|p2a: Rillaboom\n|-damage|p2a: Rillaboom|0 fnt\n|faint|p2a: Rillaboom\n|\n|win|PhoenixMay29\n|c|\u2606PhoenixMay29|gg\n|j| ZaneCrescentB\n","uploadtime":1698459203,"views":7,"p1id":"phoenixmay29","p2id":"joonisgod","formatid":"gen9anythinggoes","rating":0,"private":0,"password":""}