{"id":"gen9anythinggoes-1991975461","p1":"Mattattac","p2":"frotntie","format":"[Gen 9] Anything Goes","log":"|j|\u203dMattattac\n|j|\u2606frotntie\n|t:|1700144252\n|gametype|singles\n|player|p1|Mattattac|nate|1259\n|player|p2|frotntie|169|1325\n|teamsize|p1|6\n|teamsize|p2|6\n|gen|9\n|tier|[Gen 9] Anything Goes\n|rated|\n|rule|HP Percentage Mod: HP is shown in percentages\n|rule|Endless Battle Clause: Forcing endless battles is banned\n|clearpoke\n|poke|p1|Calyrex-Shadow|\n|poke|p1|Great Tusk|\n|poke|p1|Volcarona, M|\n|poke|p1|Darkrai|\n|poke|p1|Ogerpon-Hearthflame, F|\n|poke|p1|Greninja-*, M|\n|poke|p2|Calyrex-Shadow|\n|poke|p2|Arceus|\n|poke|p2|Chien-Pao|\n|poke|p2|Dragonite, F|\n|poke|p2|Zacian-*|\n|poke|p2|Giratina|\n|teampreview\n|inactive|Battle timer is ON: inactive players will automatically lose when time's up. (requested by Mattattac)\n|\n|t:|1700144272\n|start\n|switch|p1a: Darkrai|Darkrai, shiny|100\/100\n|switch|p2a: Arceus|Arceus|100\/100\n|turn|1\n|\n|t:|1700144278\n|move|p1a: Darkrai|Dark Void|p2a: Arceus|[miss]\n|-miss|p1a: Darkrai|p2a: Arceus\n|move|p2a: Arceus|Swords Dance|p2a: Arceus\n|-boost|p2a: Arceus|atk|2\n|\n|upkeep\n|turn|2\n|\n|t:|1700144281\n|move|p2a: Arceus|Extreme Speed|p1a: Darkrai\n|-damage|p1a: Darkrai|0 fnt\n|faint|p1a: Darkrai\n|\n|upkeep\n|c|\u2606frotntie|lol\n|\n|t:|1700144289\n|switch|p1a: Ogerpon|Ogerpon-Hearthflame, F|100\/100\n|-ability|p1a: Ogerpon|Mold Breaker\n|turn|3\n|c|\u2606frotntie|that darkvoid was a miss\n|\n|t:|1700144299\n|move|p1a: Ogerpon|Brick Break|p2a: Arceus\n|-supereffective|p2a: Arceus\n|-damage|p2a: Arceus|58\/100\n|move|p2a: Arceus|Swords Dance|p2a: Arceus\n|-boost|p2a: Arceus|atk|2\n|\n|upkeep\n|turn|4\n|\n|t:|1700144302\n|move|p2a: Arceus|Extreme Speed|p1a: Ogerpon\n|-damage|p1a: Ogerpon|0 fnt\n|faint|p1a: Ogerpon\n|\n|upkeep\n|\n|t:|1700144307\n|switch|p1a: Greninja|Greninja, M, shiny|100\/100\n|turn|5\n|\n|t:|1700144310\n|switch|p1a: Calyrex|Calyrex-Shadow|100\/100\n|-ability|p1a: Calyrex|As One\n|-ability|p1a: Calyrex|Unnerve\n|move|p2a: Arceus|Extreme Speed|p1a: Calyrex\n|-immune|p1a: Calyrex\n|\n|upkeep\n|turn|6\n|c|\u2606frotntie|im going to use shadow claw\n|\n|t:|1700144321\n|-terastallize|p1a: Calyrex|Fairy\n|move|p1a: Calyrex|Tera Blast|p2a: Arceus|[anim] Tera Blast Fairy\n|-damage|p2a: Arceus|22\/100\n|move|p2a: Arceus|Shadow Claw|p1a: Calyrex\n|-crit|p1a: Calyrex\n|-damage|p1a: Calyrex|0 fnt\n|faint|p1a: Calyrex\n|\n|upkeep\n|\n|t:|1700144332\n|switch|p1a: Great Tusk|Great Tusk, shiny|100\/100\n|turn|7\n|c|\u2606frotntie|look just acpea\n|c|\u2606frotntie|im infintely better\n|\n|t:|1700144342\n|move|p2a: Arceus|Extreme Speed|p1a: Great Tusk\n|-damage|p1a: Great Tusk|0 fnt\n|faint|p1a: Great Tusk\n|-end|p1a: Great Tusk|Protosynthesis|[silent]\n|\n|upkeep\n|\n|t:|1700144345\n|switch|p1a: Volcarona|Volcarona, M, shiny|100\/100\n|turn|8\n|\n|t:|1700144348\n|move|p2a: Arceus|Extreme Speed|p1a: Volcarona\n|-damage|p1a: Volcarona|0 fnt\n|faint|p1a: Volcarona\n|\n|upkeep\n|\n|t:|1700144349\n|switch|p1a: Greninja|Greninja, M, shiny|100\/100\n|turn|9\n|\n|t:|1700144353\n|move|p2a: Arceus|Extreme Speed|p1a: Greninja\n|-damage|p1a: Greninja|0 fnt\n|faint|p1a: Greninja\n|\n|win|frotntie\n|raw|Mattattac's rating: 1259 &rarr; <strong>1239<\/strong><br \/>(-20 for losing)\n|raw|frotntie's rating: 1325 &rarr; <strong>1341<\/strong><br \/>(+16 for winning)\n","uploadtime":1700144356,"views":6,"p1id":"mattattac","p2id":"frotntie","formatid":"gen9anythinggoes","rating":1239,"private":0,"password":""}