{"id":"gen9anythinggoes-1982477013","p1":"NotAtAllPockchan","p2":"MoldyGG","format":"[Gen 9] Anything Goes","log":"|j|\u2606NotAtAllPockchan\n|j|\u2606MoldyGG\n|t:|1699018527\n|gametype|singles\n|player|p1|NotAtAllPockchan|cynthia-masters|1602\n|player|p2|MoldyGG|elesa-gen5bw2|1525\n|teamsize|p1|6\n|teamsize|p2|6\n|gen|9\n|tier|[Gen 9] Anything Goes\n|rated|\n|rule|HP Percentage Mod: HP is shown in percentages\n|rule|Endless Battle Clause: Forcing endless battles is banned\n|clearpoke\n|poke|p1|Calyrex-Shadow|\n|poke|p1|Zacian-*|\n|poke|p1|Arceus|\n|poke|p1|Ursaluna-Bloodmoon, M|\n|poke|p1|Miraidon|\n|poke|p1|Glimmora, M|\n|poke|p2|Miraidon|\n|poke|p2|Calyrex-Shadow|\n|poke|p2|Miraidon|\n|poke|p2|Arceus|\n|poke|p2|Glimmora, M|\n|poke|p2|Zacian-*|\n|teampreview\n|inactive|Battle timer is ON: inactive players will automatically lose when time's up. (requested by NotAtAllPockchan)\n|c|\u2606NotAtAllPockchan|:O\n|\n|t:|1699018550\n|start\n|switch|p1a: Glimmora|Glimmora, M|100\/100\n|switch|p2a: Glimmora|Glimmora, M|100\/100\n|turn|1\n|\n|t:|1699018555\n|move|p2a: Glimmora|Earth Power|p1a: Glimmora\n|-supereffective|p1a: Glimmora\n|-enditem|p1a: Glimmora|Focus Sash\n|-damage|p1a: Glimmora|1\/100\n|move|p1a: Glimmora|Stealth Rock|p2a: Glimmora\n|-sidestart|p2: MoldyGG|move: Stealth Rock\n|\n|upkeep\n|turn|2\n|\n|t:|1699018561\n|move|p2a: Glimmora|Mortal Spin|p1a: Glimmora\n|-resisted|p1a: Glimmora\n|-damage|p1a: Glimmora|0 fnt\n|-activate|p1a: Glimmora|ability: Toxic Debris\n|-sidestart|p2: MoldyGG|move: Toxic Spikes\n|-sideend|p2: MoldyGG|Toxic Spikes|[from] move: Mortal Spin|[of] p2a: Glimmora\n|-sideend|p2: MoldyGG|Stealth Rock|[from] move: Mortal Spin|[of] p2a: Glimmora\n|faint|p1a: Glimmora\n|\n|upkeep\n|\n|t:|1699018572\n|switch|p1a: Electric snake|Miraidon|100\/100\n|-fieldstart|move: Electric Terrain|[from] ability: Hadron Engine|[of] p1a: Electric snake\n|turn|3\n|\n|t:|1699018577\n|move|p1a: Electric snake|Electro Drift|p2a: Glimmora\n|-enditem|p2a: Glimmora|Focus Sash\n|-damage|p2a: Glimmora|1\/100\n|move|p2a: Glimmora|Mortal Spin|p1a: Electric snake\n|-damage|p1a: Electric snake|95\/100\n|-status|p1a: Electric snake|psn\n|\n|-damage|p1a: Electric snake|83\/100 psn|[from] psn\n|upkeep\n|turn|4\n|\n|t:|1699018584\n|move|p1a: Electric snake|Electro Drift|p2a: Glimmora\n|-damage|p2a: Glimmora|0 fnt\n|faint|p2a: Glimmora\n|\n|-damage|p1a: Electric snake|71\/100 psn|[from] psn\n|upkeep\n|\n|t:|1699018588\n|switch|p2a: Miraidon|Miraidon|100\/100\n|-activate|p2a: Miraidon|ability: Hadron Engine\n|turn|5\n|\n|t:|1699018594\n|switch|p1a: DOG (w\/ sword)|Zacian-Crowned, shiny|100\/100\n|-ability|p1a: DOG (w\/ sword)|Intrepid Sword|boost\n|-boost|p1a: DOG (w\/ sword)|atk|1\n|move|p2a: Miraidon|Volt Switch|p1a: DOG (w\/ sword)\n|-damage|p1a: DOG (w\/ sword)|43\/100\n|\n|t:|1699018599\n|switch|p2a: Calyrex|Calyrex-Shadow|100\/100|[from] Volt Switch\n|-ability|p2a: Calyrex|As One\n|-ability|p2a: Calyrex|Unnerve\n|\n|upkeep\n|turn|6\n|\n|t:|1699018603\n|switch|p1a: Russian bear|Ursaluna-Bloodmoon, M|100\/100\n|move|p2a: Calyrex|Grass Knot|p1a: Russian bear\n|-supereffective|p1a: Russian bear\n|-damage|p1a: Russian bear|0 fnt\n|faint|p1a: Russian bear\n|-ability|p2a: Calyrex|Grim Neigh|boost\n|-boost|p2a: Calyrex|spa|1\n|\n|upkeep\n|\n|t:|1699018610\n|switch|p1a: God but hes Shiny|Arceus, shiny|100\/100\n|turn|7\n|\n|t:|1699018618\n|move|p2a: Calyrex|Nasty Plot|p2a: Calyrex\n|-boost|p2a: Calyrex|spa|2\n|move|p1a: God but hes Shiny|Trick|p2a: Calyrex\n|-activate|p1a: God but hes Shiny|move: Trick|[of] p2a: Calyrex\n|-item|p2a: Calyrex|Choice Band|[from] move: Trick\n|-item|p1a: God but hes Shiny|Focus Sash|[from] move: Trick\n|\n|-fieldend|move: Electric Terrain\n|upkeep\n|turn|8\n|\n|t:|1699018628\n|-terastallize|p2a: Calyrex|Grass\n|move|p2a: Calyrex|Grass Knot|p1a: God but hes Shiny\n|-enditem|p1a: God but hes Shiny|Focus Sash\n|-damage|p1a: God but hes Shiny|1\/100\n|move|p1a: God but hes Shiny|Shadow Claw|p2a: Calyrex\n|-damage|p2a: Calyrex|71\/100\n|\n|upkeep\n|turn|9\n|\n|t:|1699018637\n|move|p1a: God but hes Shiny|Extreme Speed|p2a: Calyrex\n|-damage|p2a: Calyrex|25\/100\n|move|p2a: Calyrex|Grass Knot|p1a: God but hes Shiny\n|-damage|p1a: God but hes Shiny|0 fnt\n|faint|p1a: God but hes Shiny\n|-ability|p2a: Calyrex|Grim Neigh|boost\n|-boost|p2a: Calyrex|spa|1\n|\n|upkeep\n|\n|t:|1699018642\n|switch|p1a: Electric snake|Miraidon|71\/100 psn\n|-fieldstart|move: Electric Terrain|[from] ability: Hadron Engine|[of] p1a: Electric snake\n|turn|10\n|\n|t:|1699018645\n|move|p1a: Electric snake|Volt Switch|p2a: Calyrex\n|-resisted|p2a: Calyrex\n|-damage|p2a: Calyrex|0 fnt\n|faint|p2a: Calyrex\n|\n|t:|1699018652\n|switch|p1a: DOG (w\/ sword)|Zacian-Crowned, shiny|43\/100|[from] Volt Switch\n|\n|upkeep\n|\n|t:|1699018672\n|switch|p2a: Miraidon|Miraidon|100\/100\n|-activate|p2a: Miraidon|ability: Hadron Engine\n|turn|11\n|\n|t:|1699018678\n|move|p2a: Miraidon|Volt Switch|p1a: DOG (w\/ sword)\n|-damage|p1a: DOG (w\/ sword)|0 fnt\n|faint|p1a: DOG (w\/ sword)\n|\n|t:|1699018684\n|switch|p2a: Zacian|Zacian-Crowned|100\/100|[from] Volt Switch\n|-ability|p2a: Zacian|Intrepid Sword|boost\n|-boost|p2a: Zacian|atk|1\n|\n|upkeep\n|\n|t:|1699018687\n|switch|p1a: Mop|Calyrex-Shadow|100\/100\n|-ability|p1a: Mop|As One\n|-ability|p1a: Mop|Unnerve\n|turn|12\n|\n|t:|1699018715\n|move|p1a: Mop|Psychic|p2a: Zacian\n|-resisted|p2a: Zacian\n|-damage|p2a: Zacian|59\/100\n|move|p2a: Zacian|Trailblaze|p1a: Mop\n|-damage|p1a: Mop|63\/100\n|-boost|p2a: Zacian|spe|1\n|\n|upkeep\n|turn|13\n|\n|t:|1699018721\n|move|p2a: Zacian|Behemoth Blade|p1a: Mop\n|-damage|p1a: Mop|0 fnt\n|faint|p1a: Mop\n|\n|upkeep\n|\n|t:|1699018724\n|switch|p1a: Electric snake|Miraidon|71\/100 psn\n|-activate|p1a: Electric snake|ability: Hadron Engine\n|turn|14\n|\n|t:|1699018728\n|move|p2a: Zacian|Play Rough|p1a: Electric snake\n|-supereffective|p1a: Electric snake\n|-damage|p1a: Electric snake|0 fnt\n|faint|p1a: Electric snake\n|\n|win|MoldyGG\n|raw|NotAtAllPockchan's rating: 1602 &rarr; <strong>1578<\/strong><br \/>(-24 for losing)\n|raw|MoldyGG's rating: 1525 &rarr; <strong>1549<\/strong><br \/>(+24 for winning)\n","uploadtime":1699018731,"views":10,"p1id":"notatallpockchan","p2id":"moldygg","formatid":"gen9anythinggoes","rating":1549,"private":0,"password":""}