{"id":"gen9anythinggoes-1980264411","p1":"Lucasoduncu","p2":"Diss0nance","format":"[Gen 9] Anything Goes","log":"|j|\u2606Lucasoduncu\n|j|\u2606Diss0nance\n|t:|1698770714\n|gametype|singles\n|player|p1|Lucasoduncu|cameraman|1116\n|player|p2|Diss0nance|clerk-boss|1159\n|teamsize|p1|6\n|teamsize|p2|6\n|gen|9\n|tier|[Gen 9] Anything Goes\n|rated|\n|rule|HP Percentage Mod: HP is shown in percentages\n|rule|Endless Battle Clause: Forcing endless battles is banned\n|clearpoke\n|poke|p1|Lucario, M|\n|poke|p1|Tinkaton, F|\n|poke|p1|Copperajah, M|\n|poke|p1|Corviknight, M|\n|poke|p1|Sandslash-Alola, F|\n|poke|p1|Orthworm, F|\n|poke|p2|Maushold-Four|\n|poke|p2|Maushold-Four|\n|poke|p2|Maushold|\n|poke|p2|Maushold-Four|\n|poke|p2|Maushold-Four|\n|poke|p2|Maushold-Four|\n|teampreview\n|j| xeomatrix\n|\n|t:|1698770723\n|start\n|switch|p1a: Sandslash|Sandslash-Alola, F, shiny|100\/100\n|switch|p2a: Family|Maushold-Four|100\/100\n|turn|1\n|\n|t:|1698770732\n|move|p2a: Family|Population Bomb|p1a: Sandslash\n|-resisted|p1a: Sandslash\n|-damage|p1a: Sandslash|95\/100\n|-resisted|p1a: Sandslash\n|-damage|p1a: Sandslash|90\/100\n|-resisted|p1a: Sandslash\n|-damage|p1a: Sandslash|84\/100\n|-resisted|p1a: Sandslash\n|-damage|p1a: Sandslash|79\/100\n|-resisted|p1a: Sandslash\n|-damage|p1a: Sandslash|74\/100\n|-resisted|p1a: Sandslash\n|-damage|p1a: Sandslash|69\/100\n|-resisted|p1a: Sandslash\n|-damage|p1a: Sandslash|63\/100\n|-resisted|p1a: Sandslash\n|-damage|p1a: Sandslash|58\/100\n|-resisted|p1a: Sandslash\n|-damage|p1a: Sandslash|52\/100\n|-resisted|p1a: Sandslash\n|-damage|p1a: Sandslash|47\/100\n|-hitcount|p1a: Sandslash|10\n|move|p1a: Sandslash|Steel Beam|p2a: Family\n|-damage|p2a: Family|50\/100\n|-damage|p1a: Sandslash|0 fnt|[from] steelbeam\n|faint|p1a: Sandslash\n|\n|upkeep\n|\n|t:|1698770738\n|switch|p1a: Tinkaton|Tinkaton, F, shiny|100\/100\n|-ability|p1a: Tinkaton|Mold Breaker\n|turn|2\n|inactive|Battle timer is ON: inactive players will automatically lose when time's up. (requested by Lucasoduncu)\n|\n|t:|1698770775\n|move|p2a: Family|Population Bomb|p1a: Tinkaton\n|-resisted|p1a: Tinkaton\n|-crit|p1a: Tinkaton\n|-damage|p1a: Tinkaton|90\/100\n|-resisted|p1a: Tinkaton\n|-damage|p1a: Tinkaton|83\/100\n|-resisted|p1a: Tinkaton\n|-damage|p1a: Tinkaton|76\/100\n|-resisted|p1a: Tinkaton\n|-damage|p1a: Tinkaton|69\/100\n|-resisted|p1a: Tinkaton\n|-damage|p1a: Tinkaton|61\/100\n|-resisted|p1a: Tinkaton\n|-damage|p1a: Tinkaton|53\/100\n|-resisted|p1a: Tinkaton\n|-damage|p1a: Tinkaton|47\/100\n|-resisted|p1a: Tinkaton\n|-damage|p1a: Tinkaton|39\/100\n|-resisted|p1a: Tinkaton\n|-damage|p1a: Tinkaton|32\/100\n|-resisted|p1a: Tinkaton\n|-damage|p1a: Tinkaton|25\/100\n|-hitcount|p1a: Tinkaton|10\n|move|p1a: Tinkaton|Stealth Rock|p2a: Family\n|-sidestart|p2: Diss0nance|move: Stealth Rock\n|\n|upkeep\n|turn|3\n|\n|t:|1698770794\n|move|p2a: Family|Tidy Up|p2a: Family\n|-sideend|p2: Diss0nance|Stealth Rock\n|-activate|p2a: Family|move: Tidy Up\n|-boost|p2a: Family|atk|1\n|-boost|p2a: Family|spe|1\n|move|p1a: Tinkaton|Astonish|p2a: Family\n|-immune|p2a: Family\n|\n|upkeep\n|turn|4\n|\n|t:|1698770802\n|move|p2a: Family|Population Bomb|p1a: Tinkaton\n|-resisted|p1a: Tinkaton\n|-damage|p1a: Tinkaton|14\/100\n|-resisted|p1a: Tinkaton\n|-damage|p1a: Tinkaton|3\/100\n|-resisted|p1a: Tinkaton\n|-damage|p1a: Tinkaton|0 fnt\n|faint|p1a: Tinkaton\n|-hitcount|p1: Tinkaton|3\n|\n|upkeep\n|\n|t:|1698770805\n|switch|p1a: Lucario|Lucario, M, shiny|100\/100\n|turn|5\n|\n|t:|1698770823\n|move|p2a: Family|Population Bomb|p1a: Lucario\n|-resisted|p1a: Lucario\n|-damage|p1a: Lucario|87\/100\n|-resisted|p1a: Lucario\n|-damage|p1a: Lucario|74\/100\n|-resisted|p1a: Lucario\n|-damage|p1a: Lucario|60\/100\n|-resisted|p1a: Lucario\n|-damage|p1a: Lucario|47\/100\n|-resisted|p1a: Lucario\n|-damage|p1a: Lucario|33\/100\n|-resisted|p1a: Lucario\n|-damage|p1a: Lucario|20\/100\n|-resisted|p1a: Lucario\n|-damage|p1a: Lucario|5\/100\n|-resisted|p1a: Lucario\n|-damage|p1a: Lucario|0 fnt\n|faint|p1a: Lucario\n|-hitcount|p1: Lucario|8\n|\n|upkeep\n|\n|t:|1698770829\n|switch|p1a: Copperajah|Copperajah, M, shiny|100\/100\n|turn|6\n|\n|t:|1698770841\n|move|p2a: Family|Population Bomb|p1a: Copperajah\n|-resisted|p1a: Copperajah\n|-damage|p1a: Copperajah|92\/100\n|-resisted|p1a: Copperajah\n|-damage|p1a: Copperajah|85\/100\n|-resisted|p1a: Copperajah\n|-damage|p1a: Copperajah|77\/100\n|-resisted|p1a: Copperajah\n|-damage|p1a: Copperajah|68\/100\n|-resisted|p1a: Copperajah\n|-damage|p1a: Copperajah|60\/100\n|-resisted|p1a: Copperajah\n|-damage|p1a: Copperajah|52\/100\n|-resisted|p1a: Copperajah\n|-crit|p1a: Copperajah\n|-damage|p1a: Copperajah|39\/100\n|-resisted|p1a: Copperajah\n|-damage|p1a: Copperajah|31\/100\n|-resisted|p1a: Copperajah\n|-damage|p1a: Copperajah|22\/100\n|-resisted|p1a: Copperajah\n|-damage|p1a: Copperajah|13\/100\n|-hitcount|p1a: Copperajah|10\n|move|p1a: Copperajah|Iron Defense|p1a: Copperajah\n|-boost|p1a: Copperajah|def|2\n|\n|-heal|p1a: Copperajah|19\/100|[from] item: Leftovers\n|upkeep\n|turn|7\n|c|\u2606Diss0nance|Why's your team only steel?\n|\n|t:|1698770866\n|move|p2a: Family|Population Bomb|p1a: Copperajah\n|-resisted|p1a: Copperajah\n|-damage|p1a: Copperajah|15\/100\n|-resisted|p1a: Copperajah\n|-damage|p1a: Copperajah|11\/100\n|-resisted|p1a: Copperajah\n|-damage|p1a: Copperajah|7\/100\n|-resisted|p1a: Copperajah\n|-damage|p1a: Copperajah|2\/100\n|-resisted|p1a: Copperajah\n|-damage|p1a: Copperajah|0 fnt\n|faint|p1a: Copperajah\n|-hitcount|p1: Copperajah|5\n|\n|upkeep\n|\n|t:|1698770868\n|switch|p1a: Orthworm|Orthworm, F, shiny|100\/100\n|turn|8\n|\n|t:|1698770886\n|-terastallize|p1a: Orthworm|Ghost\n|move|p2a: Family|Population Bomb|p1a: Orthworm\n|-immune|p1a: Orthworm\n|move|p1a: Orthworm|Coil|p1a: Orthworm\n|-boost|p1a: Orthworm|atk|1\n|-boost|p1a: Orthworm|def|1\n|-boost|p1a: Orthworm|accuracy|1\n|\n|upkeep\n|turn|9\n|\n|t:|1698770899\n|move|p2a: Family|Bite|p1a: Orthworm\n|-supereffective|p1a: Orthworm\n|-damage|p1a: Orthworm|75\/100\n|move|p1a: Orthworm|Earthquake|p2a: Family\n|-damage|p2a: Family|5\/100\n|\n|-heal|p1a: Orthworm|81\/100|[from] item: Leftovers\n|upkeep\n|turn|10\n|\n|t:|1698770905\n|move|p2a: Family|Bite|p1a: Orthworm\n|-supereffective|p1a: Orthworm\n|-damage|p1a: Orthworm|55\/100\n|move|p1a: Orthworm|Body Press|p2a: Family\n|-supereffective|p2a: Family\n|-damage|p2a: Family|0 fnt\n|faint|p2a: Family\n|\n|-heal|p1a: Orthworm|61\/100|[from] item: Leftovers\n|upkeep\n|\n|t:|1698770915\n|switch|p2a: Happy Family|Maushold-Four|100\/100\n|turn|11\n|\n|t:|1698770919\n|move|p2a: Happy Family|Bite|p1a: Orthworm\n|-supereffective|p1a: Orthworm\n|-damage|p1a: Orthworm|44\/100\n|move|p1a: Orthworm|Body Press|p2a: Happy Family\n|-supereffective|p2a: Happy Family\n|-damage|p2a: Happy Family|0 fnt\n|faint|p2a: Happy Family\n|\n|-heal|p1a: Orthworm|50\/100|[from] item: Leftovers\n|upkeep\n|\n|t:|1698770929\n|switch|p2a: Sad Family|Maushold|100\/100\n|turn|12\n|\n|t:|1698770932\n|move|p2a: Sad Family|Bite|p1a: Orthworm\n|-supereffective|p1a: Orthworm\n|-damage|p1a: Orthworm|33\/100\n|move|p1a: Orthworm|Body Press|p2a: Sad Family\n|-supereffective|p2a: Sad Family\n|-damage|p2a: Sad Family|0 fnt\n|faint|p2a: Sad Family\n|\n|-heal|p1a: Orthworm|39\/100|[from] item: Leftovers\n|upkeep\n|\n|t:|1698770942\n|switch|p2a: Angry Family|Maushold-Four|100\/100\n|turn|13\n|\n|t:|1698770948\n|move|p2a: Angry Family|Bite|p1a: Orthworm\n|-supereffective|p1a: Orthworm\n|-damage|p1a: Orthworm|24\/100\n|move|p1a: Orthworm|Body Press|p2a: Angry Family\n|-supereffective|p2a: Angry Family\n|-damage|p2a: Angry Family|0 fnt\n|faint|p2a: Angry Family\n|\n|-heal|p1a: Orthworm|30\/100|[from] item: Leftovers\n|upkeep\n|inactive|Diss0nance has 120 seconds left.\n|\n|t:|1698770981\n|switch|p2a: Shiny Family|Maushold-Four, shiny|100\/100\n|turn|14\n|inactive|Diss0nance has 120 seconds left.\n|\n|t:|1698771007\n|move|p2a: Shiny Family|Bite|p1a: Orthworm\n|-supereffective|p1a: Orthworm\n|-damage|p1a: Orthworm|15\/100\n|cant|p1a: Orthworm|flinch\n|\n|-heal|p1a: Orthworm|21\/100|[from] item: Leftovers\n|upkeep\n|turn|15\n|\n|t:|1698771025\n|move|p2a: Shiny Family|Bite|p1a: Orthworm\n|-supereffective|p1a: Orthworm\n|-damage|p1a: Orthworm|4\/100\n|move|p1a: Orthworm|Body Press|p2a: Shiny Family\n|-supereffective|p2a: Shiny Family\n|-damage|p2a: Shiny Family|0 fnt\n|faint|p2a: Shiny Family\n|\n|-heal|p1a: Orthworm|10\/100|[from] item: Leftovers\n|upkeep\n|\n|t:|1698771036\n|switch|p2a: Toxic Family|Maushold-Four|100\/100\n|turn|16\n|\n|t:|1698771044\n|move|p2a: Toxic Family|Bite|p1a: Orthworm\n|-supereffective|p1a: Orthworm\n|-damage|p1a: Orthworm|0 fnt\n|faint|p1a: Orthworm\n|\n|upkeep\n|\n|t:|1698771047\n|switch|p1a: Saltynight|Corviknight, M, shiny|100\/100\n|-ability|p1a: Saltynight|Pressure\n|turn|17\n|\n|t:|1698771053\n|move|p2a: Toxic Family|Population Bomb|p1a: Saltynight\n|-resisted|p1a: Saltynight\n|-damage|p1a: Saltynight|96\/100\n|-resisted|p1a: Saltynight\n|-damage|p1a: Saltynight|91\/100\n|-resisted|p1a: Saltynight\n|-damage|p1a: Saltynight|87\/100\n|-resisted|p1a: Saltynight\n|-damage|p1a: Saltynight|83\/100\n|-resisted|p1a: Saltynight\n|-damage|p1a: Saltynight|79\/100\n|-resisted|p1a: Saltynight\n|-damage|p1a: Saltynight|74\/100\n|-resisted|p1a: Saltynight\n|-damage|p1a: Saltynight|70\/100\n|-resisted|p1a: Saltynight\n|-damage|p1a: Saltynight|65\/100\n|-resisted|p1a: Saltynight\n|-damage|p1a: Saltynight|61\/100\n|-resisted|p1a: Saltynight\n|-damage|p1a: Saltynight|56\/100\n|-hitcount|p1a: Saltynight|10\n|move|p1a: Saltynight|Bulk Up|p1a: Saltynight\n|-boost|p1a: Saltynight|atk|1\n|-boost|p1a: Saltynight|def|1\n|\n|-heal|p1a: Saltynight|62\/100|[from] item: Leftovers\n|upkeep\n|turn|18\n|\n|t:|1698771076\n|move|p2a: Toxic Family|Population Bomb|p1a: Saltynight\n|-resisted|p1a: Saltynight\n|-damage|p1a: Saltynight|60\/100\n|-resisted|p1a: Saltynight\n|-crit|p1a: Saltynight\n|-damage|p1a: Saltynight|53\/100\n|-resisted|p1a: Saltynight\n|-damage|p1a: Saltynight|50\/100\n|-resisted|p1a: Saltynight\n|-damage|p1a: Saltynight|47\/100\n|-resisted|p1a: Saltynight\n|-damage|p1a: Saltynight|44\/100\n|-resisted|p1a: Saltynight\n|-damage|p1a: Saltynight|41\/100\n|-resisted|p1a: Saltynight\n|-damage|p1a: Saltynight|38\/100\n|-resisted|p1a: Saltynight\n|-damage|p1a: Saltynight|35\/100\n|-resisted|p1a: Saltynight\n|-damage|p1a: Saltynight|32\/100\n|-resisted|p1a: Saltynight\n|-damage|p1a: Saltynight|29\/100\n|-hitcount|p1a: Saltynight|10\n|move|p1a: Saltynight|Peck|p2a: Toxic Family\n|-damage|p2a: Toxic Family|74\/100\n|\n|-heal|p1a: Saltynight|36\/100|[from] item: Leftovers\n|upkeep\n|turn|19\n|inactive|Diss0nance has 90 seconds left.\n|\n|t:|1698771109\n|move|p2a: Toxic Family|Population Bomb|p1a: Saltynight\n|-resisted|p1a: Saltynight\n|-damage|p1a: Saltynight|33\/100\n|-resisted|p1a: Saltynight\n|-damage|p1a: Saltynight|30\/100\n|-resisted|p1a: Saltynight\n|-damage|p1a: Saltynight|26\/100\n|-resisted|p1a: Saltynight\n|-damage|p1a: Saltynight|23\/100\n|-resisted|p1a: Saltynight\n|-damage|p1a: Saltynight|20\/100\n|-resisted|p1a: Saltynight\n|-damage|p1a: Saltynight|17\/100\n|-resisted|p1a: Saltynight\n|-crit|p1a: Saltynight\n|-damage|p1a: Saltynight|11\/100\n|-resisted|p1a: Saltynight\n|-damage|p1a: Saltynight|8\/100\n|-resisted|p1a: Saltynight\n|-damage|p1a: Saltynight|5\/100\n|-resisted|p1a: Saltynight\n|-damage|p1a: Saltynight|2\/100\n|-hitcount|p1a: Saltynight|10\n|move|p1a: Saltynight|Roost|p1a: Saltynight\n|-heal|p1a: Saltynight|52\/100\n|-singleturn|p1a: Saltynight|move: Roost\n|\n|-heal|p1a: Saltynight|58\/100|[from] item: Leftovers\n|upkeep\n|turn|20\n|\n|t:|1698771132\n|move|p2a: Toxic Family|Population Bomb|p1a: Saltynight\n|-resisted|p1a: Saltynight\n|-damage|p1a: Saltynight|55\/100\n|-resisted|p1a: Saltynight\n|-damage|p1a: Saltynight|52\/100\n|-resisted|p1a: Saltynight\n|-damage|p1a: Saltynight|49\/100\n|-resisted|p1a: Saltynight\n|-damage|p1a: Saltynight|46\/100\n|-resisted|p1a: Saltynight\n|-damage|p1a: Saltynight|43\/100\n|-resisted|p1a: Saltynight\n|-damage|p1a: Saltynight|40\/100\n|-resisted|p1a: Saltynight\n|-damage|p1a: Saltynight|37\/100\n|-resisted|p1a: Saltynight\n|-damage|p1a: Saltynight|35\/100\n|-resisted|p1a: Saltynight\n|-damage|p1a: Saltynight|32\/100\n|-resisted|p1a: Saltynight\n|-damage|p1a: Saltynight|29\/100\n|-hitcount|p1a: Saltynight|10\n|move|p1a: Saltynight|Roost|p1a: Saltynight\n|-heal|p1a: Saltynight|79\/100\n|-singleturn|p1a: Saltynight|move: Roost\n|\n|-heal|p1a: Saltynight|85\/100|[from] item: Leftovers\n|upkeep\n|turn|21\n|inactive|Diss0nance has 60 seconds left.\n|\n|t:|1698771156\n|move|p2a: Toxic Family|Population Bomb|p1a: Saltynight\n|-resisted|p1a: Saltynight\n|-damage|p1a: Saltynight|82\/100\n|-resisted|p1a: Saltynight\n|-damage|p1a: Saltynight|79\/100\n|-resisted|p1a: Saltynight\n|-damage|p1a: Saltynight|76\/100\n|-resisted|p1a: Saltynight\n|-crit|p1a: Saltynight\n|-damage|p1a: Saltynight|69\/100\n|-resisted|p1a: Saltynight\n|-damage|p1a: Saltynight|66\/100\n|-resisted|p1a: Saltynight\n|-damage|p1a: Saltynight|63\/100\n|-resisted|p1a: Saltynight\n|-damage|p1a: Saltynight|60\/100\n|-resisted|p1a: Saltynight\n|-damage|p1a: Saltynight|57\/100\n|-resisted|p1a: Saltynight\n|-damage|p1a: Saltynight|54\/100\n|-resisted|p1a: Saltynight\n|-damage|p1a: Saltynight|51\/100\n|-hitcount|p1a: Saltynight|10\n|move|p1a: Saltynight|Taunt|p2a: Toxic Family\n|-start|p2a: Toxic Family|move: Taunt\n|\n|-heal|p1a: Saltynight|58\/100|[from] item: Leftovers\n|upkeep\n|turn|22\n|inactive|Diss0nance has 60 seconds left.\n|\n|t:|1698771179\n|move|p2a: Toxic Family|Population Bomb|p1a: Saltynight\n|-resisted|p1a: Saltynight\n|-damage|p1a: Saltynight|55\/100\n|-resisted|p1a: Saltynight\n|-crit|p1a: Saltynight\n|-damage|p1a: Saltynight|48\/100\n|-resisted|p1a: Saltynight\n|-damage|p1a: Saltynight|45\/100\n|-resisted|p1a: Saltynight\n|-damage|p1a: Saltynight|42\/100\n|-resisted|p1a: Saltynight\n|-damage|p1a: Saltynight|40\/100\n|-resisted|p1a: Saltynight\n|-damage|p1a: Saltynight|37\/100\n|-resisted|p1a: Saltynight\n|-damage|p1a: Saltynight|34\/100\n|-resisted|p1a: Saltynight\n|-damage|p1a: Saltynight|31\/100\n|-resisted|p1a: Saltynight\n|-damage|p1a: Saltynight|28\/100\n|-resisted|p1a: Saltynight\n|-crit|p1a: Saltynight\n|-damage|p1a: Saltynight|21\/100\n|-hitcount|p1a: Saltynight|10\n|move|p1a: Saltynight|Roost|p1a: Saltynight\n|-heal|p1a: Saltynight|71\/100\n|-singleturn|p1a: Saltynight|move: Roost\n|\n|-heal|p1a: Saltynight|78\/100|[from] item: Leftovers\n|upkeep\n|turn|23\n|\n|t:|1698771203\n|move|p2a: Toxic Family|Population Bomb|p1a: Saltynight\n|-resisted|p1a: Saltynight\n|-damage|p1a: Saltynight|75\/100\n|-resisted|p1a: Saltynight\n|-damage|p1a: Saltynight|72\/100\n|-resisted|p1a: Saltynight\n|-damage|p1a: Saltynight|69\/100\n|-resisted|p1a: Saltynight\n|-damage|p1a: Saltynight|66\/100\n|-resisted|p1a: Saltynight\n|-damage|p1a: Saltynight|63\/100\n|-resisted|p1a: Saltynight\n|-damage|p1a: Saltynight|60\/100\n|-resisted|p1a: Saltynight\n|-damage|p1a: Saltynight|57\/100\n|-resisted|p1a: Saltynight\n|-damage|p1a: Saltynight|54\/100\n|-resisted|p1a: Saltynight\n|-damage|p1a: Saltynight|51\/100\n|-resisted|p1a: Saltynight\n|-damage|p1a: Saltynight|48\/100\n|-hitcount|p1a: Saltynight|10\n|move|p1a: Saltynight|Peck|p2a: Toxic Family\n|-damage|p2a: Toxic Family|49\/100\n|\n|-heal|p1a: Saltynight|54\/100|[from] item: Leftovers\n|upkeep\n|turn|24\n|inactive|Diss0nance has 30 seconds left.\n|\n|t:|1698771226\n|move|p2a: Toxic Family|Population Bomb|p1a: Saltynight\n|-resisted|p1a: Saltynight\n|-damage|p1a: Saltynight|51\/100\n|-resisted|p1a: Saltynight\n|-damage|p1a: Saltynight|48\/100\n|-resisted|p1a: Saltynight\n|-damage|p1a: Saltynight|45\/100\n|-resisted|p1a: Saltynight\n|-damage|p1a: Saltynight|42\/100\n|-resisted|p1a: Saltynight\n|-damage|p1a: Saltynight|39\/100\n|-resisted|p1a: Saltynight\n|-damage|p1a: Saltynight|36\/100\n|-resisted|p1a: Saltynight\n|-damage|p1a: Saltynight|33\/100\n|-resisted|p1a: Saltynight\n|-damage|p1a: Saltynight|30\/100\n|-resisted|p1a: Saltynight\n|-damage|p1a: Saltynight|27\/100\n|-resisted|p1a: Saltynight\n|-damage|p1a: Saltynight|24\/100\n|-hitcount|p1a: Saltynight|10\n|move|p1a: Saltynight|Roost|p1a: Saltynight\n|-heal|p1a: Saltynight|74\/100\n|-singleturn|p1a: Saltynight|move: Roost\n|\n|-heal|p1a: Saltynight|81\/100|[from] item: Leftovers\n|-end|p2a: Toxic Family|move: Taunt\n|upkeep\n|turn|25\n|l| xeomatrix\n|inactive|Diss0nance has 30 seconds left.\n|inactive|Diss0nance has 20 seconds left.\n|inactive|Diss0nance has 15 seconds left.\n|inactive|Diss0nance has 10 seconds left.\n|\n|t:|1698771260\n|move|p2a: Toxic Family|Bite|p1a: Saltynight\n|-damage|p1a: Saltynight|69\/100\n|move|p1a: Saltynight|Peck|p2a: Toxic Family\n|-damage|p2a: Toxic Family|23\/100\n|\n|-heal|p1a: Saltynight|75\/100|[from] item: Leftovers\n|upkeep\n|turn|26\n|inactive|Diss0nance has 20 seconds left this turn.\n|inactiveoff|Battle timer is now OFF.\n|\n|t:|1698771270\n|move|p2a: Toxic Family|Bite|p1a: Saltynight\n|-damage|p1a: Saltynight|63\/100\n|move|p1a: Saltynight|Peck|p2a: Toxic Family\n|-damage|p2a: Toxic Family|0 fnt\n|faint|p2a: Toxic Family\n|\n|win|Lucasoduncu\n|raw|Lucasoduncu's rating: 1116 &rarr; <strong>1147<\/strong><br \/>(+31 for winning)\n|raw|Diss0nance's rating: 1196 &rarr; <strong>1165<\/strong><br \/>(-31 for losing)\n","uploadtime":1698771282,"views":11,"p1id":"lucasoduncu","p2id":"diss0nance","formatid":"gen9anythinggoes","rating":1147,"private":0,"password":""}