{"id":"gen9anythinggoes-1995997145","p1":"Lil_bryce","p2":"Kamitami","format":"[Gen 9] Anything Goes","log":"|j|\u2606Lil_bryce\n|j|\u2606Kamitami\n|t:|1700627053\n|gametype|singles\n|player|p1|Lil_bryce|265|1519\n|player|p2|Kamitami|steven|1481\n|teamsize|p1|6\n|teamsize|p2|6\n|gen|9\n|tier|[Gen 9] Anything Goes\n|rated|\n|rule|HP Percentage Mod: HP is shown in percentages\n|rule|Endless Battle Clause: Forcing endless battles is banned\n|clearpoke\n|poke|p1|Calyrex-Shadow|\n|poke|p1|Arceus|\n|poke|p1|Chien-Pao|\n|poke|p1|Zacian-*|\n|poke|p1|Miraidon|\n|poke|p1|Eternatus|\n|poke|p2|Amoonguss, M|\n|poke|p2|Grimmsnarl, M|\n|poke|p2|Ditto|\n|poke|p2|Glalie, M|\n|poke|p2|Scovillain, M|\n|poke|p2|Miraidon|\n|teampreview\n|inactive|Battle timer is ON: inactive players will automatically lose when time's up. (requested by Kamitami)\n|\n|t:|1700627067\n|start\n|switch|p1a: Zacian|Zacian-Crowned|100\/100\n|switch|p2a: Grimmsnarl|Grimmsnarl, M|100\/100\n|-ability|p1a: Zacian|Intrepid Sword|boost\n|-boost|p1a: Zacian|atk|1\n|turn|1\n|\n|t:|1700627075\n|move|p2a: Grimmsnarl|Reflect|p2a: Grimmsnarl\n|-sidestart|p2: Kamitami|Reflect\n|move|p1a: Zacian|Play Rough|p2a: Grimmsnarl\n|-supereffective|p2a: Grimmsnarl\n|-crit|p2a: Grimmsnarl\n|-damage|p2a: Grimmsnarl|0 fnt\n|faint|p2a: Grimmsnarl\n|\n|upkeep\n|c|\u2606Lil_bryce|1tap!\n|\n|t:|1700627083\n|switch|p2a: Ditto|Ditto|100\/100\n|-transform|p2a: Ditto|p1a: Zacian|[from] ability: Imposter\n|-ability|p2a: Ditto|Intrepid Sword|boost\n|-boost|p2a: Ditto|atk|1\n|turn|2\n|\n|t:|1700627091\n|move|p2a: Ditto|Behemoth Blade|p1a: Zacian\n|-damage|p1a: Zacian|0 fnt\n|faint|p1a: Zacian\n|\n|upkeep\n|\n|t:|1700627103\n|switch|p1a: Calyrex|Calyrex-Shadow|100\/100\n|-ability|p1a: Calyrex|As One\n|-ability|p1a: Calyrex|Unnerve\n|turn|3\n|\n|t:|1700627112\n|-terastallize|p2a: Ditto|Normal\n|move|p1a: Calyrex|Astral Barrage|p2a: Ditto\n|-immune|p2a: Ditto\n|move|p2a: Ditto|Behemoth Blade|p1a: Calyrex\n|-enditem|p1a: Calyrex|Focus Sash\n|-damage|p1a: Calyrex|1\/100\n|\n|upkeep\n|turn|4\n|c|\u2606Lil_bryce|FACK YOU\n|c|\u2606Lil_bryce|GO TO HELL\n|\n|t:|1700627133\n|move|p1a: Calyrex|Pollen Puff|p2a: Ditto\n|-damage|p2a: Ditto|61\/100\n|move|p2a: Ditto|Behemoth Blade|p1a: Calyrex\n|-damage|p1a: Calyrex|0 fnt\n|faint|p1a: Calyrex\n|\n|-heal|p2a: Ditto|67\/100|[from] item: Leftovers\n|upkeep\n|\n|t:|1700627146\n|switch|p1a: Eternatus|Eternatus|100\/100\n|-ability|p1a: Eternatus|Pressure\n|turn|5\n|\n|t:|1700627153\n|move|p2a: Ditto|Behemoth Blade|p1a: Eternatus\n|-damage|p1a: Eternatus|22\/100\n|move|p1a: Eternatus|Dynamax Cannon|p2a: Ditto\n|-damage|p2a: Ditto|11\/100\n|\n|-heal|p2a: Ditto|17\/100|[from] item: Leftovers\n|-heal|p1a: Eternatus|28\/100|[from] item: Black Sludge\n|upkeep\n|turn|6\n|\n|t:|1700627165\n|move|p2a: Ditto|Play Rough|p1a: Eternatus\n|-damage|p1a: Eternatus|0 fnt\n|faint|p1a: Eternatus\n|\n|-heal|p2a: Ditto|23\/100|[from] item: Leftovers\n|upkeep\n|\n|t:|1700627171\n|switch|p1a: Arceus|Arceus|100\/100\n|turn|7\n|\n|t:|1700627176\n|move|p1a: Arceus|Extreme Speed|p2a: Ditto\n|-damage|p2a: Ditto|0 fnt\n|faint|p2a: Ditto\n|\n|upkeep\n|\n|t:|1700627182\n|switch|p2a: Amoonguss|Amoonguss, M|100\/100\n|turn|8\n|c|\u2606Lil_bryce|*exhale*\n|\n|t:|1700627193\n|move|p1a: Arceus|Swords Dance|p1a: Arceus\n|-boost|p1a: Arceus|atk|2\n|move|p2a: Amoonguss|Toxic|p1a: Arceus\n|-status|p1a: Arceus|tox\n|\n|-damage|p1a: Arceus|94\/100 tox|[from] psn\n|-sideend|p2: Kamitami|Reflect\n|upkeep\n|turn|9\n|\n|t:|1700627202\n|move|p1a: Arceus|Swords Dance|p1a: Arceus\n|-boost|p1a: Arceus|atk|2\n|move|p2a: Amoonguss|Clear Smog|p1a: Arceus\n|-damage|p1a: Arceus|84\/100 tox\n|-clearboost|p1a: Arceus\n|\n|-damage|p1a: Arceus|71\/100 tox|[from] psn\n|upkeep\n|turn|10\n|\n|t:|1700627211\n|move|p1a: Arceus|Extreme Speed|p2a: Amoonguss\n|-damage|p2a: Amoonguss|56\/100\n|move|p2a: Amoonguss|Clear Smog|p1a: Arceus\n|-damage|p1a: Arceus|61\/100 tox\n|-clearboost|p1a: Arceus\n|\n|-heal|p2a: Amoonguss|63\/100|[from] item: Black Sludge\n|-damage|p1a: Arceus|43\/100 tox|[from] psn\n|upkeep\n|turn|11\n|\n|t:|1700627223\n|move|p2a: Amoonguss|Protect|p2a: Amoonguss\n|-singleturn|p2a: Amoonguss|Protect\n|move|p1a: Arceus|Extreme Speed|p2a: Amoonguss\n|-activate|p2a: Amoonguss|move: Protect\n|\n|-heal|p2a: Amoonguss|69\/100|[from] item: Black Sludge\n|-damage|p1a: Arceus|19\/100 tox|[from] psn\n|upkeep\n|turn|12\n|\n|t:|1700627237\n|move|p1a: Arceus|Extreme Speed|p2a: Amoonguss\n|-damage|p2a: Amoonguss|22\/100\n|move|p2a: Amoonguss|Giga Drain|p1a: Arceus\n|-damage|p1a: Arceus|4\/100 tox\n|-heal|p2a: Amoonguss|30\/100|[from] drain|[of] p1a: Arceus\n|\n|-heal|p2a: Amoonguss|37\/100|[from] item: Black Sludge\n|-damage|p1a: Arceus|0 fnt|[from] psn\n|faint|p1a: Arceus\n|upkeep\n|\n|t:|1700627247\n|switch|p1a: Chien-Pao|Chien-Pao|100\/100\n|-ability|p1a: Chien-Pao|Sword of Ruin\n|turn|13\n|\n|t:|1700627252\n|move|p1a: Chien-Pao|Icicle Crash|p2a: Amoonguss\n|-supereffective|p2a: Amoonguss\n|-damage|p2a: Amoonguss|0 fnt\n|faint|p2a: Amoonguss\n|\n|upkeep\n|\n|t:|1700627258\n|switch|p2a: Scovillain|Scovillain, M|100\/100\n|turn|14\n|\n|t:|1700627261\n|move|p2a: Scovillain|Protect|p2a: Scovillain\n|-singleturn|p2a: Scovillain|Protect\n|move|p1a: Chien-Pao|Icicle Crash|p2a: Scovillain\n|-activate|p2a: Scovillain|move: Protect\n|\n|-ability|p2a: Scovillain|Moody|boost\n|-boost|p2a: Scovillain|spe|2\n|-unboost|p2a: Scovillain|atk|1\n|upkeep\n|turn|15\n|j| ImpShrimp7\n|c|\u2606Lil_bryce|NO FCK\n|\n|t:|1700627273\n|move|p2a: Scovillain|Substitute|p2a: Scovillain\n|-start|p2a: Scovillain|Substitute\n|-damage|p2a: Scovillain|75\/100\n|move|p1a: Chien-Pao|Icicle Crash|p2a: Scovillain|[miss]\n|-miss|p1a: Chien-Pao|p2a: Scovillain\n|\n|-heal|p2a: Scovillain|82\/100|[from] item: Leftovers\n|-ability|p2a: Scovillain|Moody|boost\n|-boost|p2a: Scovillain|spe|2\n|-unboost|p2a: Scovillain|spa|1\n|upkeep\n|turn|16\n|c|\u2606Lil_bryce|why does moody exist bro\n|\n|t:|1700627284\n|move|p2a: Scovillain|Flamethrower|p1a: Chien-Pao\n|-supereffective|p1a: Chien-Pao\n|-damage|p1a: Chien-Pao|8\/100\n|move|p1a: Chien-Pao|Icicle Crash|p2a: Scovillain\n|-end|p2a: Scovillain|Substitute\n|\n|-heal|p2a: Scovillain|88\/100|[from] item: Leftovers\n|-ability|p2a: Scovillain|Moody|boost\n|-boost|p2a: Scovillain|spa|2\n|-unboost|p2a: Scovillain|atk|1\n|upkeep\n|turn|17\n|\n|t:|1700627296\n|switch|p1a: Miraidon|Miraidon|100\/100\n|-fieldstart|move: Electric Terrain|[from] ability: Hadron Engine|[of] p1a: Miraidon\n|move|p2a: Scovillain|Giga Drain|p1a: Miraidon\n|-resisted|p1a: Miraidon\n|-damage|p1a: Miraidon|77\/100\n|-heal|p2a: Scovillain|100\/100|[from] drain|[of] p1a: Miraidon\n|\n|-ability|p2a: Scovillain|Moody|boost\n|-boost|p2a: Scovillain|spa|2\n|-unboost|p2a: Scovillain|atk|1\n|upkeep\n|turn|18\n|\n|t:|1700627310\n|-terastallize|p1a: Miraidon|Electric\n|move|p2a: Scovillain|Flamethrower|p1a: Miraidon\n|-damage|p1a: Miraidon|0 fnt\n|faint|p1a: Miraidon\n|\n|-ability|p2a: Scovillain|Moody|boost\n|-boost|p2a: Scovillain|spa|2\n|-unboost|p2a: Scovillain|def|1\n|upkeep\n|-message|Lil_bryce forfeited.\n|\n|win|Kamitami\n|raw|Lil_bryce's rating: 1519 &rarr; <strong>1497<\/strong><br \/>(-22 for losing)\n|raw|Kamitami's rating: 1481 &rarr; <strong>1503<\/strong><br \/>(+22 for winning)\n|l|\u2606Lil_bryce\n","uploadtime":1700627120,"views":0,"p1id":"lilbryce","p2id":"kamitami","formatid":"gen9anythinggoes","rating":1497,"private":0,"password":""}