{"id":"gen9anythinggoes-1991022776","p1":"Tonicheddar","p2":"Ninetheen","format":"[Gen 9] Anything Goes","log":"|j|\u2606Tonicheddar\n|j|\u2606Ninetheen\n|t:|1700029648\n|gametype|singles\n|player|p1|Tonicheddar|101|1000\n|player|p2|Ninetheen|rosa|1059\n|teamsize|p1|3\n|teamsize|p2|6\n|gen|9\n|tier|[Gen 9] Anything Goes\n|rated|\n|rule|HP Percentage Mod: HP is shown in percentages\n|rule|Endless Battle Clause: Forcing endless battles is banned\n|clearpoke\n|poke|p1|Poliwrath, F|\n|poke|p1|Bergmite, L1, M|\n|poke|p1|Scizor, F|\n|poke|p2|Inteleon, F|\n|poke|p2|Armarouge, M|\n|poke|p2|Decidueye-Hisui, M|\n|poke|p2|Iron Jugulis|\n|poke|p2|Iron Thorns|\n|poke|p2|Regidrago|\n|teampreview\n|\n|t:|1700029656\n|start\n|switch|p1a: Bergmite|Bergmite, L1, M|100\/100\n|switch|p2a: Inteleon|Inteleon, F|100\/100\n|turn|1\n|\n|t:|1700029666\n|move|p2a: Inteleon|Snipe Shot|p1a: Bergmite\n|-ability|p1a: Bergmite|Sturdy\n|-damage|p1a: Bergmite|9\/100\n|move|p1a: Bergmite|Rain Dance|p1a: Bergmite\n|-weather|RainDance\n|\n|-weather|RainDance|[upkeep]\n|upkeep\n|turn|2\n|\n|t:|1700029674\n|move|p2a: Inteleon|Acrobatics|p1a: Bergmite\n|-damage|p1a: Bergmite|0 fnt\n|faint|p1a: Bergmite\n|\n|-weather|RainDance|[upkeep]\n|upkeep\n|\n|t:|1700029680\n|switch|p1a: Poliwrath|Poliwrath, F|100\/100\n|turn|3\n|\n|t:|1700029684\n|move|p1a: Poliwrath|Belly Drum|p1a: Poliwrath\n|-damage|p1a: Poliwrath|51\/100\n|-setboost|p1a: Poliwrath|atk|6|[from] move: Belly Drum\n|move|p2a: Inteleon|Acrobatics|p1a: Poliwrath\n|-supereffective|p1a: Poliwrath\n|-damage|p1a: Poliwrath|4\/100\n|\n|-weather|RainDance|[upkeep]\n|upkeep\n|turn|4\n|\n|t:|1700029693\n|move|p1a: Poliwrath|Baton Pass|p1a: Poliwrath\n|\n|t:|1700029695\n|switch|p1a: Scizor|Scizor, F|100\/100|[from] Baton Pass\n|move|p2a: Inteleon|Dark Pulse|p1a: Scizor\n|-damage|p1a: Scizor|74\/100\n|\n|-weather|RainDance|[upkeep]\n|upkeep\n|turn|5\n|\n|t:|1700029703\n|move|p1a: Scizor|Bullet Punch|p2a: Inteleon\n|-resisted|p2a: Inteleon\n|-damage|p2a: Inteleon|0 fnt\n|faint|p2a: Inteleon\n|\n|-weather|RainDance|[upkeep]\n|upkeep\n|\n|t:|1700029709\n|switch|p2a: Armarouge|Armarouge, M|100\/100\n|turn|6\n|\n|t:|1700029713\n|move|p1a: Scizor|Bullet Punch|p2a: Armarouge\n|-resisted|p2a: Armarouge\n|-damage|p2a: Armarouge|0 fnt\n|faint|p2a: Armarouge\n|\n|-weather|RainDance|[upkeep]\n|upkeep\n|\n|t:|1700029718\n|switch|p2a: Decidueye|Decidueye-Hisui, M|100\/100\n|turn|7\n|\n|t:|1700029722\n|move|p1a: Scizor|Bullet Punch|p2a: Decidueye\n|-damage|p2a: Decidueye|0 fnt\n|faint|p2a: Decidueye\n|\n|-weather|RainDance|[upkeep]\n|upkeep\n|\n|t:|1700029726\n|switch|p2a: Iron Jugulis|Iron Jugulis|100\/100\n|turn|8\n|\n|t:|1700029731\n|move|p1a: Scizor|Bullet Punch|p2a: Iron Jugulis\n|-damage|p2a: Iron Jugulis|0 fnt\n|faint|p2a: Iron Jugulis\n|-end|p2a: Iron Jugulis|Quark Drive|[silent]\n|\n|-weather|none\n|upkeep\n|\n|t:|1700029736\n|switch|p2a: Regidrago|Regidrago|100\/100\n|turn|9\n|\n|t:|1700029742\n|move|p1a: Scizor|Bullet Punch|p2a: Regidrago\n|-damage|p2a: Regidrago|0 fnt\n|faint|p2a: Regidrago\n|\n|upkeep\n|\n|t:|1700029746\n|switch|p2a: Iron Thorns|Iron Thorns|100\/100\n|turn|10\n|\n|t:|1700029750\n|move|p1a: Scizor|Bullet Punch|p2a: Iron Thorns\n|-damage|p2a: Iron Thorns|0 fnt\n|faint|p2a: Iron Thorns\n|-end|p2a: Iron Thorns|Quark Drive|[silent]\n|\n|win|Tonicheddar\n|raw|Tonicheddar's rating: 1000 &rarr; <strong>1047<\/strong><br \/>(+47 for winning)\n|raw|Ninetheen's rating: 1059 &rarr; <strong>1037<\/strong><br \/>(-22 for losing)\n|c|\u2606Tonicheddar|IT WORKED\n|l|\u2606Ninetheen\n|c|\u2606Tonicheddar|HOLY SHIT\n","uploadtime":1700029854,"views":41,"p1id":"tonicheddar","p2id":"ninetheen","formatid":"gen9anythinggoes","rating":1037,"private":0,"password":""}