{"id":"gen9anythinggoes-1979298323","p1":"Bloze","p2":"Pwimpler","format":"[Gen 9] Anything Goes","log":"|j|\u2606Bloze\n|j|\u2606Pwimpler\n|t:|1698668198\n|gametype|singles\n|player|p1|Bloze|dawn|1166\n|player|p2|Pwimpler|1|1212\n|teamsize|p1|6\n|teamsize|p2|6\n|gen|9\n|tier|[Gen 9] Anything Goes\n|rated|\n|rule|HP Percentage Mod: HP is shown in percentages\n|rule|Endless Battle Clause: Forcing endless battles is banned\n|clearpoke\n|poke|p1|Clefable, M|\n|poke|p1|Espeon, F|\n|poke|p1|Espathra, M|\n|poke|p1|Quaquaval, M|\n|poke|p1|Mienshao, F|\n|poke|p1|Drifblim, F|\n|poke|p2|Manaphy|\n|poke|p2|Zacian-*|\n|poke|p2|Glimmora, M|\n|poke|p2|Drifblim, F|\n|poke|p2|Roaring Moon|\n|poke|p2|Mew|\n|teampreview\n|inactive|Battle timer is ON: inactive players will automatically lose when time's up. (requested by Pwimpler)\n|inactive|Bloze also wants the timer to be on.\n|\n|t:|1698668207\n|start\n|switch|p1a: Drifblim|Drifblim, F|100\/100\n|switch|p2a: poison of death|Glimmora, M|100\/100\n|turn|1\n|\n|t:|1698668212\n|move|p1a: Drifblim|Minimize|p1a: Drifblim\n|-boost|p1a: Drifblim|evasion|2\n|move|p2a: poison of death|Toxic Spikes|p1a: Drifblim\n|-sidestart|p1: Bloze|move: Toxic Spikes\n|\n|upkeep\n|turn|2\n|\n|t:|1698668218\n|move|p1a: Drifblim|Substitute|p1a: Drifblim\n|-start|p1a: Drifblim|Substitute\n|-damage|p1a: Drifblim|75\/100\n|move|p2a: poison of death|Toxic Spikes|p1a: Drifblim\n|-sidestart|p1: Bloze|move: Toxic Spikes\n|\n|upkeep\n|turn|3\n|c|\u2606Pwimpler|oh my\n|\n|t:|1698668229\n|move|p1a: Drifblim|Minimize|p1a: Drifblim\n|-boost|p1a: Drifblim|evasion|2\n|move|p2a: poison of death|Spikes|p1a: Drifblim\n|-sidestart|p1: Bloze|Spikes\n|\n|upkeep\n|turn|4\n|\n|t:|1698668233\n|move|p1a: Drifblim|Minimize|p1a: Drifblim\n|-boost|p1a: Drifblim|evasion|2\n|move|p2a: poison of death|Spikes|p1a: Drifblim\n|-sidestart|p1: Bloze|Spikes\n|\n|upkeep\n|turn|5\n|\n|t:|1698668240\n|move|p1a: Drifblim|Baton Pass|p1a: Drifblim\n|\n|t:|1698668242\n|switch|p1a: Quaquaval|Quaquaval, M|100\/100|[from] Baton Pass\n|-status|p1a: Quaquaval|tox\n|-damage|p1a: Quaquaval|84\/100 tox|[from] Spikes\n|move|p2a: poison of death|Spikes|p1a: Quaquaval\n|-sidestart|p1: Bloze|Spikes\n|\n|-damage|p1a: Quaquaval|78\/100 tox|[from] psn\n|upkeep\n|turn|6\n|\n|t:|1698668250\n|move|p1a: Quaquaval|Rapid Spin|p2a: poison of death\n|-resisted|p2a: poison of death\n|-damage|p2a: poison of death|94\/100\n|-boost|p1a: Quaquaval|spe|1\n|-sideend|p1: Bloze|Spikes|[from] move: Rapid Spin|[of] p1a: Quaquaval\n|-sideend|p1: Bloze|Toxic Spikes|[from] move: Rapid Spin|[of] p1a: Quaquaval\n|move|p2a: poison of death|Stealth Rock|p1a: Quaquaval\n|-sidestart|p1: Bloze|move: Stealth Rock\n|\n|-damage|p1a: Quaquaval|65\/100 tox|[from] psn\n|upkeep\n|turn|7\n|c|\u2606Pwimpler|partially anyoed\n|\n|t:|1698668270\n|move|p1a: Quaquaval|Baton Pass|p1a: Quaquaval\n|c|\u2606Pwimpler|but its fine\n|\n|t:|1698668273\n|switch|p1a: Espeon|Espeon, F|100\/100|[from] Baton Pass\n|-damage|p1a: Espeon|88\/100|[from] Stealth Rock\n|move|p2a: poison of death|Sludge Bomb|p1a: Espeon|[miss]\n|-miss|p2a: poison of death|p1a: Espeon\n|\n|-heal|p1a: Espeon|94\/100|[from] item: Leftovers\n|upkeep\n|turn|8\n|\n|t:|1698668281\n|move|p1a: Espeon|Stored Power|p2a: poison of death\n|-supereffective|p2a: poison of death\n|-damage|p2a: poison of death|0 fnt\n|faint|p2a: poison of death\n|\n|-heal|p1a: Espeon|99\/100|[from] item: Leftovers\n|upkeep\n|\n|t:|1698668285\n|switch|p2a: kindess of death|Manaphy|100\/100\n|turn|9\n|\n|t:|1698668288\n|move|p1a: Espeon|Baton Pass|p1a: Espeon\n|\n|t:|1698668290\n|switch|p1a: Clefable|Clefable, M|100\/100|[from] Baton Pass\n|-damage|p1a: Clefable|88\/100|[from] Stealth Rock\n|move|p2a: kindess of death|Heart Swap|p1a: Clefable\n|-swapboost|p2a: kindess of death|p1a: Clefable|[from] move: Heart Swap\n|\n|upkeep\n|turn|10\n|c|\u2606Bloze|nice\n|\n|t:|1698668300\n|move|p2a: kindess of death|Baton Pass|p2a: kindess of death\n|\n|t:|1698668304\n|switch|p2a: Zacian|Zacian-Crowned|100\/100|[from] Baton Pass\n|-ability|p2a: Zacian|Intrepid Sword|boost\n|-boost|p2a: Zacian|atk|1\n|move|p1a: Clefable|Cosmic Power|p1a: Clefable\n|-boost|p1a: Clefable|def|1\n|-boost|p1a: Clefable|spd|1\n|\n|upkeep\n|turn|11\n|\n|t:|1698668316\n|move|p2a: Zacian|Swords Dance|p2a: Zacian\n|-boost|p2a: Zacian|atk|2\n|move|p1a: Clefable|Baton Pass|p1a: Clefable\n|c|\u2606Pwimpler|thx\n|\n|t:|1698668319\n|switch|p1a: Drifblim|Drifblim, F|75\/100|[from] Baton Pass\n|-damage|p1a: Drifblim|50\/100|[from] Stealth Rock\n|-enditem|p1a: Drifblim|Sitrus Berry|[eat]\n|-heal|p1a: Drifblim|75\/100|[from] item: Sitrus Berry\n|\n|upkeep\n|turn|12\n|\n|t:|1698668322\n|move|p2a: Zacian|Sacred Sword|p1a: Drifblim\n|-immune|p1a: Drifblim\n|move|p1a: Drifblim|Minimize|p1a: Drifblim\n|-boost|p1a: Drifblim|evasion|2\n|\n|upkeep\n|turn|13\n|c|\u2606Pwimpler|uh oh\n|\n|t:|1698668331\n|move|p2a: Zacian|Behemoth Blade|p1a: Drifblim\n|-end|p1a: Drifblim|Substitute\n|move|p1a: Drifblim|Minimize|p1a: Drifblim\n|-boost|p1a: Drifblim|evasion|2\n|\n|upkeep\n|turn|14\n|\n|t:|1698668342\n|move|p2a: Zacian|Play Rough|p1a: Drifblim|[miss]\n|-miss|p2a: Zacian|p1a: Drifblim\n|move|p1a: Drifblim|Baton Pass|p1a: Drifblim\n|\n|t:|1698668349\n|switch|p1a: Espathra|Espathra, M|100\/100|[from] Baton Pass\n|-damage|p1a: Espathra|88\/100|[from] Stealth Rock\n|\n|upkeep\n|turn|15\n|c|\u2606Pwimpler|should have kept it\n|\n|t:|1698668359\n|move|p1a: Espathra|Protect|p1a: Espathra\n|-singleturn|p1a: Espathra|Protect\n|move|p2a: Zacian|Sacred Sword|p1a: Espathra\n|-activate|p1a: Espathra|move: Protect\n|\n|-ability|p1a: Espathra|Speed Boost|boost\n|-boost|p1a: Espathra|spe|1\n|upkeep\n|turn|16\n|\n|t:|1698668366\n|move|p2a: Zacian|Sacred Sword|p1a: Espathra\n|-resisted|p1a: Espathra\n|-damage|p1a: Espathra|26\/100\n|move|p1a: Espathra|Baton Pass|p1a: Espathra\n|c|\u2606Pwimpler|mdwfEGWethrnymh\n|\n|t:|1698668373\n|switch|p1a: Drifblim|Drifblim, F|75\/100|[from] Baton Pass\n|-damage|p1a: Drifblim|50\/100|[from] Stealth Rock\n|\n|upkeep\n|turn|17\n|\n|t:|1698668394\n|move|p2a: Zacian|Play Rough|p1a: Drifblim\n|-damage|p1a: Drifblim|0 fnt\n|faint|p1a: Drifblim\n|\n|upkeep\n|c|\u2606Bloze|shit\n|c|\u2606Pwimpler|i got ver lucky\n|c|\u2606Pwimpler|very*\n|c|\u2606Bloze|gg\n|-message|Bloze forfeited.\n|\n|win|Pwimpler\n|raw|Bloze's rating: 1166 &rarr; <strong>1144<\/strong><br \/>(-22 for losing)\n|raw|Pwimpler's rating: 1212 &rarr; <strong>1234<\/strong><br \/>(+22 for winning)\n|c|\u2606Pwimpler|gg\n|l|\u2606Bloze\n","uploadtime":1698668413,"views":5,"p1id":"bloze","p2id":"pwimpler","formatid":"gen9anythinggoes","rating":1144,"private":0,"password":""}