{"id":"gen9anythinggoes-1979477810","p1":"CivilMinecraft","p2":"GottaCachThemAll","format":"[Gen 9] Anything Goes","log":"|j|\u2606CivilMinecraft\n|j|\u2606GottaCachThemAll\n|t:|1698685819\n|gametype|singles\n|player|p1|CivilMinecraft|steven|1228\n|player|p2|GottaCachThemAll|169|1180\n|teamsize|p1|6\n|teamsize|p2|4\n|gen|9\n|tier|[Gen 9] Anything Goes\n|rated|\n|rule|HP Percentage Mod: HP is shown in percentages\n|rule|Endless Battle Clause: Forcing endless battles is banned\n|clearpoke\n|poke|p1|Zamazenta-*|\n|poke|p1|Annihilape, M|\n|poke|p1|Chi-Yu|\n|poke|p1|Eternatus|\n|poke|p1|Kingambit, M|\n|poke|p1|Zacian-*|\n|poke|p2|Giratina-Origin|\n|poke|p2|Zacian-*|\n|poke|p2|Regidrago|\n|poke|p2|Calyrex-Shadow|\n|teampreview\n|inactive|Battle timer is ON: inactive players will automatically lose when time's up. (requested by CivilMinecraft)\n|\n|t:|1698685827\n|start\n|switch|p1a: Chi-Yu|Chi-Yu|100\/100\n|switch|p2a: Horwsey|Calyrex-Shadow|100\/100\n|-ability|p2a: Horwsey|As One\n|-ability|p2a: Horwsey|Unnerve\n|-ability|p1a: Chi-Yu|Beads of Ruin\n|turn|1\n|\n|t:|1698685838\n|-terastallize|p2a: Horwsey|Ghost\n|move|p2a: Horwsey|Astral Barrage|p1a: Chi-Yu\n|-resisted|p1a: Chi-Yu\n|-damage|p1a: Chi-Yu|39\/100\n|move|p1a: Chi-Yu|Fire Blast|p2a: Horwsey\n|-damage|p2a: Horwsey|14\/100\n|\n|-heal|p1a: Chi-Yu|45\/100|[from] item: Leftovers\n|upkeep\n|turn|2\n|inactive|GottaCachThemAll has 120 seconds left.\n|inactive|GottaCachThemAll has 90 seconds left.\n|inactive|GottaCachThemAll has 60 seconds left.\n|inactive|GottaCachThemAll has 30 seconds left.\n|\n|t:|1698685964\n|move|p1a: Chi-Yu|Protect|p1a: Chi-Yu\n|-singleturn|p1a: Chi-Yu|Protect\n|move|p2a: Horwsey|Astral Barrage|p1a: Chi-Yu\n|-activate|p1a: Chi-Yu|move: Protect\n|\n|-heal|p1a: Chi-Yu|51\/100|[from] item: Leftovers\n|upkeep\n|turn|3\n|inactive|GottaCachThemAll has 30 seconds left.\n|\n|t:|1698685978\n|move|p1a: Chi-Yu|Protect|p1a: Chi-Yu\n|-singleturn|p1a: Chi-Yu|Protect\n|move|p2a: Horwsey|Astral Barrage|p1a: Chi-Yu\n|-activate|p1a: Chi-Yu|move: Protect\n|\n|-heal|p1a: Chi-Yu|57\/100|[from] item: Leftovers\n|upkeep\n|turn|4\n|\n|t:|1698685989\n|move|p2a: Horwsey|Leaf Storm|p1a: Chi-Yu\n|-resisted|p1a: Chi-Yu\n|-damage|p1a: Chi-Yu|29\/100\n|-unboost|p2a: Horwsey|spa|2\n|move|p1a: Chi-Yu|Bounce||[still]\n|-prepare|p1a: Chi-Yu|Bounce\n|\n|-heal|p1a: Chi-Yu|35\/100|[from] item: Leftovers\n|upkeep\n|turn|5\n|\n|t:|1698685997\n|move|p2a: Horwsey|Astral Barrage|p1a: Chi-Yu|[miss]\n|-miss|p2a: Horwsey|p1a: Chi-Yu\n|move|p1a: Chi-Yu|Bounce|p2a: Horwsey|[from]lockedmove\n|-damage|p2a: Horwsey|0 fnt\n|faint|p2a: Horwsey\n|\n|-heal|p1a: Chi-Yu|41\/100|[from] item: Leftovers\n|upkeep\n|\n|t:|1698686007\n|switch|p2a: Doggie|Zacian-Crowned|100\/100\n|-ability|p2a: Doggie|Intrepid Sword|boost\n|-boost|p2a: Doggie|atk|1\n|turn|6\n|\n|t:|1698686013\n|move|p2a: Doggie|Behemoth Blade|p1a: Chi-Yu\n|-resisted|p1a: Chi-Yu\n|-damage|p1a: Chi-Yu|0 fnt\n|faint|p1a: Chi-Yu\n|\n|upkeep\n|\n|t:|1698686030\n|switch|p1a: Annihilape|Annihilape, M, shiny|100\/100\n|turn|7\n|\n|t:|1698686038\n|move|p2a: Doggie|Behemoth Blade|p1a: Annihilape\n|-damage|p1a: Annihilape|7\/100\n|move|p1a: Annihilape|Drain Punch|p2a: Doggie\n|-damage|p2a: Doggie|63\/100\n|-heal|p1a: Annihilape|24\/100|[from] drain|[of] p2a: Doggie\n|\n|-heal|p1a: Annihilape|30\/100|[from] item: Leftovers\n|upkeep\n|turn|8\n|\n|t:|1698686054\n|switch|p1a: Zamazenta|Zamazenta-Crowned|100\/100\n|-ability|p1a: Zamazenta|Dauntless Shield|boost\n|-boost|p1a: Zamazenta|def|1\n|move|p2a: Doggie|Sacred Sword|p1a: Zamazenta\n|-supereffective|p1a: Zamazenta\n|-damage|p1a: Zamazenta|54\/100\n|\n|upkeep\n|turn|9\n|\n|t:|1698686064\n|move|p2a: Doggie|Behemoth Blade|p1a: Zamazenta\n|-resisted|p1a: Zamazenta\n|-damage|p1a: Zamazenta|42\/100\n|move|p1a: Zamazenta|Iron Defense|p1a: Zamazenta\n|-boost|p1a: Zamazenta|def|2\n|\n|upkeep\n|turn|10\n|\n|t:|1698686074\n|move|p2a: Doggie|Sacred Sword|p1a: Zamazenta\n|-supereffective|p1a: Zamazenta\n|-damage|p1a: Zamazenta|0 fnt\n|faint|p1a: Zamazenta\n|\n|upkeep\n|\n|t:|1698686080\n|switch|p1a: Zacian|Zacian-Crowned, shiny|100\/100\n|-ability|p1a: Zacian|Intrepid Sword|boost\n|-boost|p1a: Zacian|atk|1\n|turn|11\n|\n|t:|1698686087\n|move|p1a: Zacian|Protect|p1a: Zacian\n|-singleturn|p1a: Zacian|Protect\n|move|p2a: Doggie|Behemoth Blade|p1a: Zacian\n|-activate|p1a: Zacian|move: Protect\n|\n|upkeep\n|turn|12\n|\n|t:|1698686095\n|move|p2a: Doggie|Behemoth Blade|p1a: Zacian\n|-damage|p1a: Zacian|39\/100\n|move|p1a: Zacian|Swords Dance|p1a: Zacian\n|-boost|p1a: Zacian|atk|2\n|\n|upkeep\n|turn|13\n|\n|t:|1698686102\n|move|p1a: Zacian|Protect|p1a: Zacian\n|-singleturn|p1a: Zacian|Protect\n|move|p2a: Doggie|Behemoth Blade|p1a: Zacian\n|-activate|p1a: Zacian|move: Protect\n|\n|upkeep\n|turn|14\n|\n|t:|1698686114\n|move|p1a: Zacian|Protect|p1a: Zacian\n|-singleturn|p1a: Zacian|Protect\n|move|p2a: Doggie|Behemoth Blade|p1a: Zacian\n|-activate|p1a: Zacian|move: Protect\n|\n|upkeep\n|turn|15\n|\n|t:|1698686123\n|switch|p2a: Spooky Boi|Regidrago|100\/100\n|move|p1a: Zacian|Behemoth Blade|p2a: Spooky Boi\n|-damage|p2a: Spooky Boi|0 fnt\n|faint|p2a: Spooky Boi\n|\n|upkeep\n|\n|t:|1698686129\n|switch|p2a: Dwagon|Giratina-Origin|100\/100\n|turn|16\n|\n|t:|1698686133\n|move|p1a: Zacian|Behemoth Blade|p2a: Dwagon\n|-damage|p2a: Dwagon|0 fnt\n|faint|p2a: Dwagon\n|\n|upkeep\n|\n|t:|1698686138\n|switch|p2a: Doggie|Zacian-Crowned|63\/100\n|turn|17\n|\n|t:|1698686142\n|move|p2a: Doggie|Behemoth Blade|p1a: Zacian\n|-damage|p1a: Zacian|0 fnt\n|faint|p1a: Zacian\n|\n|upkeep\n|c|\u2606GottaCachThemAll|ggs\n|\n|t:|1698686147\n|switch|p1a: Annihilape|Annihilape, M, shiny|30\/100\n|turn|18\n|c|\u2606CivilMinecraft|gg\n|inactive|GottaCachThemAll has 120 seconds left.\n|\n|t:|1698686157\n|move|p2a: Doggie|Sacred Sword|p1a: Annihilape\n|-immune|p1a: Annihilape\n|move|p1a: Annihilape|Rage Fist|p2a: Doggie\n|-damage|p2a: Doggie|18\/100\n|\n|-heal|p1a: Annihilape|37\/100|[from] item: Leftovers\n|upkeep\n|turn|19\n|inactive|GottaCachThemAll has 120 seconds left.\n|c|\u2606GottaCachThemAll|im die now\n|\n|t:|1698686170\n|move|p2a: Doggie|Steel Beam|p1a: Annihilape\n|-damage|p1a: Annihilape|2\/100\n|-damage|p2a: Doggie|0 fnt|[from] steelbeam\n|faint|p2a: Doggie\n|\n|win|CivilMinecraft\n|raw|CivilMinecraft's rating: 1228 &rarr; <strong>1250<\/strong><br \/>(+22 for winning)\n|raw|GottaCachThemAll's rating: 1180 &rarr; <strong>1158<\/strong><br \/>(-22 for losing)\n|c|\u2606CivilMinecraft|yea\n|c|\u2606CivilMinecraft|gg\n|l|\u2606CivilMinecraft\n","uploadtime":1698686178,"views":5,"p1id":"civilminecraft","p2id":"gottacachthemall","formatid":"gen9anythinggoes","rating":1158,"private":0,"password":""}