{"id":"gen9anythinggoes-1990091623","p1":"DaSwampp","p2":"chicknom","format":"[Gen 9] Anything Goes","log":"|j|\u2606DaSwampp\n|j|\u203dchicknom\n|t:|1699923617\n|gametype|singles\n|player|p1|DaSwampp|alder|1469\n|player|p2|chicknom|brycenman|1530\n|teamsize|p1|6\n|teamsize|p2|6\n|gen|9\n|tier|[Gen 9] Anything Goes\n|rated|\n|rule|HP Percentage Mod: HP is shown in percentages\n|rule|Endless Battle Clause: Forcing endless battles is banned\n|clearpoke\n|poke|p1|Volcarona, M|\n|poke|p1|Volcarona, F|\n|poke|p1|Volcarona, M|\n|poke|p1|Volcarona, M|\n|poke|p1|Arceus-Fairy|\n|poke|p1|Regieleki|\n|poke|p2|Kyogre|\n|poke|p2|Rayquaza|\n|poke|p2|Groudon|\n|poke|p2|Zacian-*|\n|poke|p2|Zacian-*|\n|poke|p2|Calyrex-Shadow|\n|teampreview\n|inactive|Battle timer is ON: inactive players will automatically lose when time's up. (requested by DaSwampp)\n|\n|t:|1699923638\n|start\n|switch|p1a: Arceus|Arceus-Fairy|100\/100\n|switch|p2a: Kyogre|Kyogre, shiny|100\/100\n|-weather|RainDance|[from] ability: Drizzle|[of] p2a: Kyogre\n|turn|1\n|\n|t:|1699923648\n|move|p1a: Arceus|Calm Mind|p1a: Arceus\n|-boost|p1a: Arceus|spa|1\n|-boost|p1a: Arceus|spd|1\n|move|p2a: Kyogre|Origin Pulse|p1a: Arceus|[miss]\n|-miss|p2a: Kyogre|p1a: Arceus\n|\n|-weather|RainDance|[upkeep]\n|upkeep\n|turn|2\n|\n|t:|1699923664\n|move|p1a: Arceus|Calm Mind|p1a: Arceus\n|-boost|p1a: Arceus|spa|1\n|-boost|p1a: Arceus|spd|1\n|move|p2a: Kyogre|Water Spout|p1a: Arceus\n|-damage|p1a: Arceus|48\/100\n|\n|-weather|RainDance|[upkeep]\n|upkeep\n|turn|3\n|\n|t:|1699923670\n|move|p1a: Arceus|Judgment|p2a: Kyogre\n|-damage|p2a: Kyogre|15\/100\n|move|p2a: Kyogre|Water Spout|p1a: Arceus\n|-damage|p1a: Arceus|40\/100\n|\n|-weather|RainDance|[upkeep]\n|upkeep\n|turn|4\n|\n|t:|1699923679\n|move|p1a: Arceus|Calm Mind|p1a: Arceus\n|-boost|p1a: Arceus|spa|1\n|-boost|p1a: Arceus|spd|1\n|move|p2a: Kyogre|Origin Pulse|p1a: Arceus|[miss]\n|-miss|p2a: Kyogre|p1a: Arceus\n|\n|-weather|RainDance|[upkeep]\n|upkeep\n|turn|5\n|\n|t:|1699923683\n|move|p1a: Arceus|Stealth Rock|p2a: Kyogre\n|-sidestart|p2: chicknom|move: Stealth Rock\n|move|p2a: Kyogre|Origin Pulse|p1a: Arceus\n|-damage|p1a: Arceus|6\/100\n|\n|-weather|none\n|upkeep\n|turn|6\n|\n|t:|1699923689\n|move|p1a: Arceus|Judgment|p2a: Kyogre\n|-damage|p2a: Kyogre|0 fnt\n|faint|p2a: Kyogre\n|\n|upkeep\n|\n|t:|1699923692\n|switch|p2a: Zacian|Zacian-Crowned, shiny|100\/100\n|-damage|p2a: Zacian|94\/100|[from] Stealth Rock\n|-ability|p2a: Zacian|Intrepid Sword|boost\n|-boost|p2a: Zacian|atk|1\n|turn|7\n|\n|t:|1699923698\n|move|p2a: Zacian|Trailblaze|p1a: Arceus\n|-damage|p1a: Arceus|0 fnt\n|-boost|p2a: Zacian|spe|1\n|faint|p1a: Arceus\n|\n|upkeep\n|\n|t:|1699923702\n|switch|p1a: Volcarona|Volcarona, F|100\/100\n|turn|8\n|\n|t:|1699923710\n|move|p2a: Zacian|Crunch|p1a: Volcarona\n|-damage|p1a: Volcarona|23\/100\n|-unboost|p1a: Volcarona|def|1\n|move|p1a: Volcarona|Flamethrower|p2a: Zacian\n|-supereffective|p2a: Zacian\n|-damage|p2a: Zacian|0 fnt\n|faint|p2a: Zacian\n|\n|upkeep\n|\n|t:|1699923714\n|switch|p2a: Calyrex|Calyrex-Shadow|100\/100\n|-ability|p2a: Calyrex|As One\n|-ability|p2a: Calyrex|Unnerve\n|-damage|p2a: Calyrex|88\/100|[from] Stealth Rock\n|turn|9\n|\n|t:|1699923719\n|move|p2a: Calyrex|Astral Barrage|p1a: Volcarona\n|-damage|p1a: Volcarona|0 fnt\n|faint|p1a: Volcarona\n|-ability|p2a: Calyrex|Grim Neigh|boost\n|-boost|p2a: Calyrex|spa|1\n|-damage|p2a: Calyrex|78\/100|[from] item: Life Orb\n|\n|upkeep\n|\n|t:|1699923723\n|switch|p1a: Volcarona|Volcarona, M|100\/100\n|turn|10\n|inactive|chicknom has 120 seconds left.\n|\n|t:|1699923753\n|move|p2a: Calyrex|Astral Barrage|p1a: Volcarona\n|-enditem|p1a: Volcarona|Focus Sash\n|-damage|p1a: Volcarona|1\/100\n|-damage|p2a: Calyrex|68\/100|[from] item: Life Orb\n|move|p1a: Volcarona|Quiver Dance|p1a: Volcarona\n|-boost|p1a: Volcarona|spa|1\n|-boost|p1a: Volcarona|spd|1\n|-boost|p1a: Volcarona|spe|1\n|\n|upkeep\n|turn|11\n|\n|t:|1699923766\n|move|p1a: Volcarona|Flamethrower|p2a: Calyrex\n|-damage|p2a: Calyrex|0 fnt\n|faint|p2a: Calyrex\n|\n|upkeep\n|inactive|chicknom has 120 seconds left.\n|\n|t:|1699923795\n|switch|p2a: Rayquaza|Rayquaza, shiny|100\/100\n|-damage|p2a: Rayquaza|76\/100|[from] Stealth Rock\n|-ability|p2a: Rayquaza|Air Lock\n|turn|12\n|\n|t:|1699923807\n|move|p2a: Rayquaza|Extreme Speed|p1a: Volcarona\n|-damage|p1a: Volcarona|0 fnt\n|faint|p1a: Volcarona\n|-damage|p2a: Rayquaza|66\/100|[from] item: Life Orb\n|\n|upkeep\n|\n|t:|1699923819\n|switch|p1a: Regieleki|Regieleki, shiny|100\/100\n|turn|13\n|\n|t:|1699923829\n|move|p1a: Regieleki|Thunderbolt|p2a: Rayquaza\n|-damage|p2a: Rayquaza|1\/100\n|-damage|p1a: Regieleki|91\/100|[from] item: Life Orb\n|move|p2a: Rayquaza|Outrage|p1a: Regieleki\n|-damage|p1a: Regieleki|0 fnt\n|faint|p1a: Regieleki\n|-damage|p2a: Rayquaza|0 fnt|[from] item: Life Orb\n|faint|p2a: Rayquaza\n|\n|upkeep\n|\n|t:|1699923835\n|switch|p1a: Volcarona|Volcarona, M|100\/100\n|switch|p2a: Groudon|Groudon, shiny|100\/100\n|-damage|p2a: Groudon|94\/100|[from] Stealth Rock\n|-weather|SunnyDay|[from] ability: Drought|[of] p2a: Groudon\n|turn|14\n|\n|t:|1699923840\n|move|p1a: Volcarona|Quiver Dance|p1a: Volcarona\n|-boost|p1a: Volcarona|spa|1\n|-boost|p1a: Volcarona|spd|1\n|-boost|p1a: Volcarona|spe|1\n|move|p2a: Groudon|Precipice Blades|p1a: Volcarona\n|-enditem|p1a: Volcarona|Focus Sash\n|-damage|p1a: Volcarona|1\/100\n|\n|-weather|SunnyDay|[upkeep]\n|upkeep\n|turn|15\n|\n|t:|1699923846\n|-terastallize|p1a: Volcarona|Grass\n|move|p1a: Volcarona|Giga Drain|p2a: Groudon\n|-supereffective|p2a: Groudon\n|-damage|p2a: Groudon|0 fnt\n|-heal|p1a: Volcarona|52\/100|[from] drain|[of] p2a: Groudon\n|faint|p2a: Groudon\n|\n|-weather|SunnyDay|[upkeep]\n|upkeep\n|\n|t:|1699923850\n|switch|p2a: Zacian|Zacian-Crowned, shiny|100\/100\n|-damage|p2a: Zacian|94\/100|[from] Stealth Rock\n|-ability|p2a: Zacian|Intrepid Sword|boost\n|-boost|p2a: Zacian|atk|1\n|turn|16\n|\n|t:|1699923854\n|move|p1a: Volcarona|Flamethrower|p2a: Zacian\n|-supereffective|p2a: Zacian\n|-damage|p2a: Zacian|0 fnt\n|faint|p2a: Zacian\n|\n|win|DaSwampp\n|raw|DaSwampp's rating: 1469 &rarr; <strong>1492<\/strong><br \/>(+23 for winning)\n|raw|chicknom's rating: 1530 &rarr; <strong>1507<\/strong><br \/>(-23 for losing)\n|l|\u203dchicknom\n","uploadtime":1699923861,"views":13,"p1id":"daswampp","p2id":"chicknom","formatid":"gen9anythinggoes","rating":1492,"private":0,"password":""}