{"id":"gen9anythinggoes-1982135595","p1":"Tyraniturkey","p2":"Warback","format":"[Gen 9] Anything Goes","log":"|j|\u2606Tyraniturkey\n|j|\u2606Warback\n|t:|1698971520\n|gametype|singles\n|player|p1|Tyraniturkey|265|\n|player|p2|Warback|266|\n|teamsize|p1|6\n|teamsize|p2|6\n|gen|9\n|tier|[Gen 9] Anything Goes\n|rule|HP Percentage Mod: HP is shown in percentages\n|rule|Endless Battle Clause: Forcing endless battles is banned\n|clearpoke\n|poke|p1|Jirachi|\n|poke|p1|Drednaw, M|\n|poke|p1|Iron Valiant|\n|poke|p1|Snorlax, M|\n|poke|p1|Tyranitar, M|\n|poke|p1|Quaquaval, F|\n|poke|p2|Gurdurr, F|\n|poke|p2|Slowking-Galar, M|\n|poke|p2|Donphan, F|\n|poke|p2|Thundurus-Therian, M|\n|poke|p2|Azumarill, F|\n|poke|p2|Baxcalibur, F|\n|teampreview\n|\n|t:|1698971543\n|start\n|switch|p1a: Wish|Jirachi, shiny|100\/100\n|switch|p2a: Thundurus|Thundurus-Therian, M|100\/100\n|turn|1\n|\n|t:|1698971561\n|move|p2a: Thundurus|Volt Switch|p1a: Wish\n|-damage|p1a: Wish|76\/100\n|\n|t:|1698971581\n|switch|p2a: Donphan|Donphan, F|100\/100|[from] Volt Switch\n|move|p1a: Wish|Body Slam|p2a: Donphan\n|-damage|p2a: Donphan|88\/100\n|-status|p2a: Donphan|par\n|\n|-heal|p1a: Wish|82\/100|[from] item: Leftovers\n|-heal|p2a: Donphan|95\/100 par|[from] item: Leftovers\n|upkeep\n|turn|2\n|\n|t:|1698971599\n|move|p1a: Wish|Iron Head|p2a: Donphan\n|-damage|p2a: Donphan|78\/100 par\n|cant|p2a: Donphan|flinch\n|\n|-heal|p1a: Wish|88\/100|[from] item: Leftovers\n|-heal|p2a: Donphan|84\/100 par|[from] item: Leftovers\n|upkeep\n|turn|3\n|\n|t:|1698971614\n|switch|p1a: Rock|Drednaw, M|100\/100\n|move|p2a: Donphan|Stealth Rock|p1a: Rock\n|-sidestart|p1: Tyraniturkey|move: Stealth Rock\n|\n|-heal|p2a: Donphan|91\/100 par|[from] item: Leftovers\n|upkeep\n|turn|4\n|\n|t:|1698971653\n|-terastallize|p1a: Rock|Fairy\n|move|p1a: Rock|Shell Smash|p1a: Rock\n|-unboost|p1a: Rock|def|1\n|-unboost|p1a: Rock|spd|1\n|-boost|p1a: Rock|atk|2\n|-boost|p1a: Rock|spa|2\n|-boost|p1a: Rock|spe|2\n|-enditem|p1a: Rock|White Herb\n|-clearnegativeboost|p1a: Rock|[silent]\n|move|p2a: Donphan|Earthquake|p1a: Rock\n|-damage|p1a: Rock|53\/100\n|\n|-heal|p2a: Donphan|97\/100 par|[from] item: Leftovers\n|upkeep\n|turn|5\n|\n|t:|1698971668\n|move|p1a: Rock|Earthquake|p2a: Donphan\n|-damage|p2a: Donphan|55\/100 par\n|move|p2a: Donphan|Earthquake|p1a: Rock\n|-damage|p1a: Rock|3\/100\n|\n|-heal|p2a: Donphan|61\/100 par|[from] item: Leftovers\n|upkeep\n|turn|6\n|\n|t:|1698971681\n|move|p1a: Rock|Liquidation|p2a: Donphan\n|-supereffective|p2a: Donphan\n|-damage|p2a: Donphan|0 fnt\n|faint|p2a: Donphan\n|\n|upkeep\n|\n|t:|1698971686\n|switch|p2a: Azumarill|Azumarill, F|100\/100\n|turn|7\n|\n|t:|1698971691\n|move|p2a: Azumarill|Aqua Jet|p1a: Rock\n|-damage|p1a: Rock|0 fnt\n|faint|p1a: Rock\n|\n|upkeep\n|\n|t:|1698971699\n|switch|p1a: Bug|Iron Valiant|100\/100\n|-damage|p1a: Bug|94\/100|[from] Stealth Rock\n|turn|8\n|\n|t:|1698971707\n|move|p1a: Bug|Thunderbolt|p2a: Azumarill\n|-supereffective|p2a: Azumarill\n|-damage|p2a: Azumarill|45\/100\n|move|p2a: Azumarill|Play Rough|p1a: Bug\n|-supereffective|p1a: Bug\n|-damage|p1a: Bug|0 fnt\n|faint|p1a: Bug\n|-end|p1a: Bug|Quark Drive|[silent]\n|\n|upkeep\n|\n|t:|1698971727\n|switch|p1a: Quack|Quaquaval, F|100\/100\n|-damage|p1a: Quack|94\/100|[from] Stealth Rock\n|turn|9\n|\n|t:|1698971752\n|switch|p2a: Slowking|Slowking-Galar, M|100\/100\n|move|p1a: Quack|Close Combat|p2a: Slowking\n|-resisted|p2a: Slowking\n|-damage|p2a: Slowking|89\/100\n|-unboost|p1a: Quack|def|1\n|-unboost|p1a: Quack|spd|1\n|\n|-heal|p1a: Quack|100\/100|[from] item: Leftovers\n|-heal|p2a: Slowking|95\/100|[from] item: Leftovers\n|upkeep\n|turn|10\n|\n|t:|1698971773\n|switch|p1a: Fat|Snorlax, M, shiny|100\/100\n|-damage|p1a: Fat|88\/100|[from] Stealth Rock\n|move|p2a: Slowking|Psychic|p1a: Fat\n|-damage|p1a: Fat|69\/100\n|-unboost|p1a: Fat|spd|1\n|\n|-heal|p1a: Fat|75\/100|[from] item: Leftovers\n|-heal|p2a: Slowking|100\/100|[from] item: Leftovers\n|upkeep\n|turn|11\n|\n|t:|1698971785\n|move|p1a: Fat|Curse|p1a: Fat\n|-unboost|p1a: Fat|spe|1\n|-boost|p1a: Fat|atk|1\n|-boost|p1a: Fat|def|1\n|move|p2a: Slowking|Chilly Reception|p2a: Slowking\n|-weather|Snow\n|\n|t:|1698971801\n|switch|p2a: Thundurus|Thundurus-Therian, M|100\/100|[from] Chilly Reception\n|\n|-weather|Snow|[upkeep]\n|-heal|p1a: Fat|81\/100|[from] item: Leftovers\n|upkeep\n|turn|12\n|\n|t:|1698971816\n|move|p2a: Thundurus|Focus Blast|p1a: Fat|[miss]\n|-miss|p2a: Thundurus|p1a: Fat\n|move|p1a: Fat|Body Press|p2a: Thundurus\n|-resisted|p2a: Thundurus\n|-damage|p2a: Thundurus|80\/100\n|\n|-weather|Snow|[upkeep]\n|-heal|p1a: Fat|87\/100|[from] item: Leftovers\n|upkeep\n|turn|13\n|\n|t:|1698971836\n|move|p2a: Thundurus|Focus Blast|p1a: Fat\n|-supereffective|p1a: Fat\n|-damage|p1a: Fat|0 fnt\n|faint|p1a: Fat\n|\n|-weather|Snow|[upkeep]\n|upkeep\n|\n|t:|1698971846\n|switch|p1a: Also Rock|Tyranitar, M, shiny|100\/100\n|-damage|p1a: Also Rock|88\/100|[from] Stealth Rock\n|-weather|Sandstorm|[from] ability: Sand Stream|[of] p1a: Also Rock\n|turn|14\n|\n|t:|1698971856\n|move|p2a: Thundurus|Volt Switch|p1a: Also Rock\n|-damage|p1a: Also Rock|63\/100\n|\n|t:|1698971860\n|switch|p2a: Gurdurr|Gurdurr, F|100\/100|[from] Volt Switch\n|move|p1a: Also Rock|Stone Edge|p2a: Gurdurr\n|-resisted|p2a: Gurdurr\n|-damage|p2a: Gurdurr|81\/100\n|\n|-weather|Sandstorm|[upkeep]\n|-damage|p2a: Gurdurr|75\/100|[from] Sandstorm\n|upkeep\n|turn|15\n|\n|t:|1698971872\n|switch|p1a: Quack|Quaquaval, F|100\/100\n|-damage|p1a: Quack|94\/100|[from] Stealth Rock\n|move|p2a: Gurdurr|Drain Punch|p1a: Quack\n|-damage|p1a: Quack|60\/100\n|-heal|p2a: Gurdurr|90\/100|[from] drain|[of] p1a: Quack\n|\n|-weather|Sandstorm|[upkeep]\n|-damage|p1a: Quack|54\/100|[from] Sandstorm\n|-damage|p2a: Gurdurr|84\/100|[from] Sandstorm\n|-heal|p1a: Quack|60\/100|[from] item: Leftovers\n|upkeep\n|turn|16\n|\n|t:|1698971892\n|move|p1a: Quack|Bulk Up|p1a: Quack\n|-boost|p1a: Quack|atk|1\n|-boost|p1a: Quack|def|1\n|move|p2a: Gurdurr|Drain Punch|p1a: Quack\n|-damage|p1a: Quack|39\/100\n|-heal|p2a: Gurdurr|94\/100|[from] drain|[of] p1a: Quack\n|\n|-weather|Sandstorm|[upkeep]\n|-damage|p1a: Quack|33\/100|[from] Sandstorm\n|-damage|p2a: Gurdurr|88\/100|[from] Sandstorm\n|-heal|p1a: Quack|39\/100|[from] item: Leftovers\n|upkeep\n|turn|17\n|\n|t:|1698971902\n|move|p1a: Quack|Roost|p1a: Quack\n|-heal|p1a: Quack|90\/100\n|-singleturn|p1a: Quack|move: Roost\n|move|p2a: Gurdurr|Poison Jab|p1a: Quack\n|-damage|p1a: Quack|74\/100\n|\n|-weather|Sandstorm|[upkeep]\n|-damage|p1a: Quack|68\/100|[from] Sandstorm\n|-damage|p2a: Gurdurr|82\/100|[from] Sandstorm\n|-heal|p1a: Quack|74\/100|[from] item: Leftovers\n|upkeep\n|turn|18\n|\n|t:|1698971915\n|switch|p2a: Slowking|Slowking-Galar, M|100\/100\n|move|p1a: Quack|Aqua Step|p2a: Slowking\n|-crit|p2a: Slowking\n|-damage|p2a: Slowking|32\/100\n|-boost|p1a: Quack|spe|1\n|\n|-weather|none\n|-heal|p1a: Quack|80\/100|[from] item: Leftovers\n|-heal|p2a: Slowking|38\/100|[from] item: Leftovers\n|upkeep\n|turn|19\n|\n|t:|1698971927\n|move|p1a: Quack|Close Combat|p2a: Slowking\n|-resisted|p2a: Slowking\n|-damage|p2a: Slowking|21\/100\n|-unboost|p1a: Quack|def|1\n|-unboost|p1a: Quack|spd|1\n|move|p2a: Slowking|Chilly Reception|p2a: Slowking\n|-weather|Snow\n|\n|t:|1698971956\n|switch|p2a: Baxcalibur|Baxcalibur, F|100\/100|[from] Chilly Reception\n|\n|-weather|Snow|[upkeep]\n|-heal|p1a: Quack|86\/100|[from] item: Leftovers\n|upkeep\n|turn|20\n|\n|t:|1698971976\n|move|p1a: Quack|Close Combat|p2a: Baxcalibur\n|-supereffective|p2a: Baxcalibur\n|-damage|p2a: Baxcalibur|0 fnt\n|-unboost|p1a: Quack|def|1\n|-unboost|p1a: Quack|spd|1\n|faint|p2a: Baxcalibur\n|-ability|p1a: Quack|Moxie|boost\n|-boost|p1a: Quack|atk|1\n|\n|-weather|Snow|[upkeep]\n|-heal|p1a: Quack|92\/100|[from] item: Leftovers\n|upkeep\n|\n|t:|1698971989\n|switch|p2a: Gurdurr|Gurdurr, F|82\/100\n|turn|21\n|\n|t:|1698972010\n|-terastallize|p2a: Gurdurr|Fairy\n|move|p1a: Quack|Aqua Step|p2a: Gurdurr\n|-damage|p2a: Gurdurr|17\/100\n|-boost|p1a: Quack|spe|1\n|move|p2a: Gurdurr|Poison Jab|p1a: Quack\n|-damage|p1a: Quack|58\/100\n|\n|-weather|Snow|[upkeep]\n|-heal|p1a: Quack|64\/100|[from] item: Leftovers\n|upkeep\n|turn|22\n|\n|t:|1698972026\n|move|p1a: Quack|Roost|p1a: Quack\n|-heal|p1a: Quack|100\/100\n|-singleturn|p1a: Quack|move: Roost\n|move|p2a: Gurdurr|Poison Jab|p1a: Quack\n|-damage|p1a: Quack|64\/100\n|\n|-weather|Snow|[upkeep]\n|-heal|p1a: Quack|70\/100|[from] item: Leftovers\n|upkeep\n|turn|23\n|\n|t:|1698972034\n|move|p1a: Quack|Aqua Step|p2a: Gurdurr\n|-damage|p2a: Gurdurr|0 fnt\n|-boost|p1a: Quack|spe|1\n|faint|p2a: Gurdurr\n|-ability|p1a: Quack|Moxie|boost\n|-boost|p1a: Quack|atk|1\n|\n|-weather|none\n|-heal|p1a: Quack|76\/100|[from] item: Leftovers\n|upkeep\n|\n|t:|1698972042\n|switch|p2a: Thundurus|Thundurus-Therian, M|80\/100\n|turn|24\n|\n|t:|1698972049\n|move|p1a: Quack|Aqua Step|p2a: Thundurus\n|-damage|p2a: Thundurus|0 fnt\n|-boost|p1a: Quack|spe|1\n|faint|p2a: Thundurus\n|-ability|p1a: Quack|Moxie|boost\n|-boost|p1a: Quack|atk|1\n|\n|-heal|p1a: Quack|82\/100|[from] item: Leftovers\n|upkeep\n|\n|t:|1698972062\n|switch|p2a: Slowking|Slowking-Galar, M|54\/100\n|turn|25\n|\n|t:|1698972069\n|move|p1a: Quack|Aqua Step|p2a: Slowking\n|-damage|p2a: Slowking|0 fnt\n|-boost|p1a: Quack|spe|1\n|faint|p2a: Slowking\n|-ability|p1a: Quack|Moxie|boost\n|-boost|p1a: Quack|atk|1\n|\n|-heal|p1a: Quack|88\/100|[from] item: Leftovers\n|upkeep\n|\n|t:|1698972078\n|switch|p2a: Azumarill|Azumarill, F|45\/100\n|turn|26\n|\n|t:|1698972094\n|move|p1a: Quack|Close Combat|p2a: Azumarill\n|-resisted|p2a: Azumarill\n|-damage|p2a: Azumarill|0 fnt\n|-unboost|p1a: Quack|def|1\n|-unboost|p1a: Quack|spd|1\n|faint|p2a: Azumarill\n|\n|win|Tyraniturkey\n","uploadtime":1698972131,"views":14,"p1id":"tyraniturkey","p2id":"warback","formatid":"gen9anythinggoes","rating":0,"private":0,"password":""}