{"id":"gen9anythinggoes-2000124056","p1":"LJDARKTHUNDER","p2":"tbone5309","format":"[Gen 9] Anything Goes","log":"|j|\u2606LJDARKTHUNDER\n|j|\u2606tbone5309\n|t:|1701159163\n|gametype|singles\n|player|p1|LJDARKTHUNDER|psychicf-gen4|1256\n|player|p2|tbone5309|cameraman|1202\n|teamsize|p1|6\n|teamsize|p2|6\n|gen|9\n|tier|[Gen 9] Anything Goes\n|rated|\n|rule|HP Percentage Mod: HP is shown in percentages\n|rule|Endless Battle Clause: Forcing endless battles is banned\n|clearpoke\n|poke|p1|Froslass, F|\n|poke|p1|Zoroark-Hisui, M|\n|poke|p1|Spiritomb, F|\n|poke|p1|Gengar, F|\n|poke|p1|Drifblim, F|\n|poke|p1|Mimikyu, F|\n|poke|p2|Calyrex-Shadow|\n|poke|p2|Torkoal, F|\n|poke|p2|Shiftry, F|\n|poke|p2|Zoroark-Hisui, F|\n|poke|p2|Jumpluff, F|\n|poke|p2|Ceruledge, F|\n|teampreview\n|\n|t:|1701159178\n|start\n|switch|p1a: Drifblim|Drifblim, F|100\/100\n|switch|p2a: Sgt. Stabby|Shiftry, F|100\/100\n|turn|1\n|\n|t:|1701159201\n|-terastallize|p1a: Drifblim|Fairy\n|move|p2a: Sgt. Stabby|Trick|p1a: Drifblim\n|-activate|p2a: Sgt. Stabby|move: Trick|[of] p1a: Drifblim\n|-item|p1a: Drifblim|Choice Scarf|[from] move: Trick\n|-item|p2a: Sgt. Stabby|Leftovers|[from] move: Trick\n|move|p1a: Drifblim|Minimize|p1a: Drifblim\n|-boost|p1a: Drifblim|evasion|2\n|\n|upkeep\n|turn|2\n|\n|t:|1701159211\n|move|p1a: Drifblim|Minimize|p1a: Drifblim\n|-boost|p1a: Drifblim|evasion|2\n|move|p2a: Sgt. Stabby|Swords Dance|p2a: Sgt. Stabby\n|-boost|p2a: Sgt. Stabby|atk|2\n|\n|upkeep\n|turn|3\n|\n|t:|1701159215\n|move|p1a: Drifblim|Minimize|p1a: Drifblim\n|-boost|p1a: Drifblim|evasion|2\n|move|p2a: Sgt. Stabby|Swords Dance|p2a: Sgt. Stabby\n|-boost|p2a: Sgt. Stabby|atk|2\n|\n|upkeep\n|turn|4\n|\n|t:|1701159225\n|move|p1a: Drifblim|Minimize|p1a: Drifblim\n|-boost|p1a: Drifblim|evasion|0\n|move|p2a: Sgt. Stabby|Body Slam|p1a: Drifblim\n|-damage|p1a: Drifblim|0 fnt\n|-damage|p2a: Sgt. Stabby|76\/100|[from] ability: Aftermath|[of] p1a: Drifblim\n|faint|p1a: Drifblim\n|\n|-heal|p2a: Sgt. Stabby|82\/100|[from] item: Leftovers\n|upkeep\n|\n|t:|1701159232\n|switch|p1a: Mimikyu|Mimikyu, F|100\/100\n|turn|5\n|\n|t:|1701159239\n|move|p1a: Mimikyu|Swords Dance|p1a: Mimikyu\n|-boost|p1a: Mimikyu|atk|2\n|move|p2a: Sgt. Stabby|Shadow Claw|p1a: Mimikyu\n|-activate|p1a: Mimikyu|ability: Disguise\n|-damage|p1a: Mimikyu|100\/100\n|detailschange|p1a: Mimikyu|Mimikyu-Busted, F\n|-damage|p1a: Mimikyu|88\/100|[from] pokemon: Mimikyu-Busted\n|\n|-heal|p2a: Sgt. Stabby|88\/100|[from] item: Leftovers\n|upkeep\n|turn|6\n|\n|t:|1701159242\n|move|p1a: Mimikyu|Drain Punch|p2a: Sgt. Stabby\n|-immune|p2a: Sgt. Stabby\n|move|p2a: Sgt. Stabby|Shadow Claw|p1a: Mimikyu\n|-supereffective|p1a: Mimikyu\n|-damage|p1a: Mimikyu|0 fnt\n|faint|p1a: Mimikyu\n|\n|-heal|p2a: Sgt. Stabby|94\/100|[from] item: Leftovers\n|upkeep\n|\n|t:|1701159260\n|switch|p1a: Spiritomb|Spiritomb, F, shiny|100\/100\n|turn|7\n|\n|t:|1701159272\n|move|p1a: Spiritomb|Sludge Bomb|p2a: Sgt. Stabby\n|-resisted|p2a: Sgt. Stabby\n|-damage|p2a: Sgt. Stabby|44\/100\n|replace|p2a: NANI|Zoroark-Hisui, F, shiny\n|-end|p2a: NANI|Illusion\n|move|p2a: NANI|Shadow Claw|p1a: Spiritomb\n|-immune|p1a: Spiritomb\n|\n|-heal|p2a: NANI|50\/100|[from] item: Leftovers\n|upkeep\n|turn|8\n|\n|t:|1701159282\n|move|p1a: Spiritomb|Sludge Bomb|p2a: NANI\n|-resisted|p2a: NANI\n|-damage|p2a: NANI|2\/100\n|move|p2a: NANI|Trick|p1a: Spiritomb\n|-activate|p2a: NANI|move: Trick|[of] p1a: Spiritomb\n|-item|p1a: Spiritomb|Leftovers|[from] move: Trick\n|-item|p2a: NANI|Choice Specs|[from] move: Trick\n|\n|upkeep\n|turn|9\n|\n|t:|1701159301\n|move|p1a: Spiritomb|Sludge Bomb|p2a: NANI\n|-resisted|p2a: NANI\n|-damage|p2a: NANI|0 fnt\n|faint|p2a: NANI\n|\n|upkeep\n|\n|t:|1701159305\n|switch|p2a: Purps|Ceruledge, F|100\/100\n|-item|p2a: Purps|Air Balloon\n|turn|10\n|\n|t:|1701159313\n|-terastallize|p2a: Purps|Steel\n|move|p1a: Spiritomb|Bitter Malice|p2a: Purps\n|-damage|p2a: Purps|52\/100\n|-unboost|p2a: Purps|atk|1\n|-enditem|p2a: Purps|Air Balloon\n|move|p2a: Purps|Swords Dance|p2a: Purps\n|-boost|p2a: Purps|atk|2\n|\n|upkeep\n|turn|11\n|\n|t:|1701159323\n|move|p1a: Spiritomb|Bitter Malice|p2a: Purps\n|-damage|p2a: Purps|7\/100\n|-unboost|p2a: Purps|atk|1\n|move|p2a: Purps|Flame Charge|p1a: Spiritomb\n|-damage|p1a: Spiritomb|47\/100\n|-boost|p2a: Purps|spe|1\n|replace|p1a: Zoroark|Zoroark-Hisui, M\n|-end|p1a: Zoroark|Illusion\n|\n|-heal|p1a: Zoroark|53\/100|[from] item: Leftovers\n|upkeep\n|turn|12\n|\n|t:|1701159333\n|move|p2a: Purps|Bitter Blade|p1a: Zoroark\n|-damage|p1a: Zoroark|0 fnt\n|-heal|p2a: Purps|30\/100|[from] drain|[of] p1a: Zoroark\n|faint|p1a: Zoroark\n|\n|upkeep\n|\n|t:|1701159341\n|switch|p1a: Spiritomb|Spiritomb, F, shiny|100\/100\n|turn|13\n|\n|t:|1701159351\n|move|p2a: Purps|Bitter Blade|p1a: Spiritomb\n|-damage|p1a: Spiritomb|53\/100\n|-heal|p2a: Purps|55\/100|[from] drain|[of] p1a: Spiritomb\n|move|p1a: Spiritomb|Shadow Ball|p2a: Purps\n|-crit|p2a: Purps\n|-damage|p2a: Purps|5\/100\n|\n|upkeep\n|turn|14\n|\n|t:|1701159360\n|move|p2a: Purps|Bitter Blade|p1a: Spiritomb\n|-damage|p1a: Spiritomb|6\/100\n|-heal|p2a: Purps|29\/100|[from] drain|[of] p1a: Spiritomb\n|move|p1a: Spiritomb|Shadow Ball|p2a: Purps\n|-damage|p2a: Purps|0 fnt\n|faint|p2a: Purps\n|\n|upkeep\n|\n|t:|1701159369\n|switch|p2a: Turt Daddy|Torkoal, F|100\/100\n|-weather|SunnyDay|[from] ability: Drought|[of] p2a: Turt Daddy\n|turn|15\n|\n|t:|1701159379\n|move|p2a: Turt Daddy|Yawn|p1a: Spiritomb\n|-start|p1a: Spiritomb|move: Yawn|[of] p2a: Turt Daddy\n|move|p1a: Spiritomb|Trick|p2a: Turt Daddy\n|-activate|p1a: Spiritomb|move: Trick|[of] p2a: Turt Daddy\n|-item|p2a: Turt Daddy|Lagging Tail|[from] move: Trick\n|-item|p1a: Spiritomb|Heat Rock|[from] move: Trick\n|\n|-weather|SunnyDay|[upkeep]\n|upkeep\n|turn|16\n|\n|t:|1701159392\n|move|p1a: Spiritomb|Shadow Ball|p2a: Turt Daddy\n|-damage|p2a: Turt Daddy|60\/100\n|move|p2a: Turt Daddy|Earth Power|p1a: Spiritomb\n|-damage|p1a: Spiritomb|0 fnt\n|faint|p1a: Spiritomb\n|\n|-weather|SunnyDay|[upkeep]\n|upkeep\n|\n|t:|1701159398\n|switch|p1a: Gengar|Gengar, F|100\/100\n|turn|17\n|\n|t:|1701159402\n|move|p1a: Gengar|Shadow Ball|p2a: Turt Daddy\n|-damage|p2a: Turt Daddy|0 fnt\n|faint|p2a: Turt Daddy\n|\n|-weather|SunnyDay|[upkeep]\n|upkeep\n|\n|t:|1701159407\n|switch|p2a: Calyrex|Calyrex-Shadow|100\/100\n|-ability|p2a: Calyrex|As One\n|-ability|p2a: Calyrex|Unnerve\n|turn|18\n|\n|t:|1701159413\n|move|p2a: Calyrex|Astral Barrage|p1a: Gengar\n|-supereffective|p1a: Gengar\n|-damage|p1a: Gengar|0 fnt\n|-start|p2a: Calyrex|Disable|Astral Barrage|[from] ability: Cursed Body|[of] p1a: Gengar\n|faint|p1a: Gengar\n|-ability|p2a: Calyrex|Grim Neigh|boost\n|-boost|p2a: Calyrex|spa|1\n|\n|-weather|SunnyDay|[upkeep]\n|upkeep\n|\n|t:|1701159416\n|switch|p1a: Froslass|Froslass, F|100\/100\n|turn|19\n|\n|t:|1701159419\n|move|p2a: Calyrex|Growth|p2a: Calyrex\n|-boost|p2a: Calyrex|atk|2\n|-boost|p2a: Calyrex|spa|2\n|move|p1a: Froslass|Shadow Ball|p2a: Calyrex\n|-supereffective|p2a: Calyrex\n|-damage|p2a: Calyrex|0 fnt\n|faint|p2a: Calyrex\n|\n|-weather|SunnyDay|[upkeep]\n|upkeep\n|\n|t:|1701159423\n|switch|p2a: Sgt. Stabby|Shiftry, F|100\/100\n|turn|20\n|\n|t:|1701159425\n|move|p1a: Froslass|Frost Breath|p2a: Sgt. Stabby\n|-supereffective|p2a: Sgt. Stabby\n|-crit|p2a: Sgt. Stabby\n|-damage|p2a: Sgt. Stabby|0 fnt\n|faint|p2a: Sgt. Stabby\n|\n|-weather|SunnyDay|[upkeep]\n|upkeep\n|\n|t:|1701159428\n|switch|p2a: The Shield|Jumpluff, F|100\/100\n|turn|21\n|\n|t:|1701159431\n|move|p2a: The Shield|Sleep Powder|p1a: Froslass\n|-status|p1a: Froslass|slp|[from] move: Sleep Powder\n|cant|p1a: Froslass|slp\n|\n|-weather|SunnyDay|[upkeep]\n|upkeep\n|turn|22\n|\n|t:|1701159440\n|move|p2a: The Shield|Swords Dance|p2a: The Shield\n|-boost|p2a: The Shield|atk|2\n|cant|p1a: Froslass|slp\n|\n|-weather|none\n|upkeep\n|turn|23\n|\n|t:|1701159442\n|cant|p1a: Froslass|slp\n|move|p2a: The Shield|Swords Dance|p2a: The Shield\n|-boost|p2a: The Shield|atk|2\n|\n|upkeep\n|turn|24\n|\n|t:|1701159445\n|-curestatus|p1a: Froslass|slp|[msg]\n|move|p1a: Froslass|Frost Breath|p2a: The Shield\n|-supereffective|p2a: The Shield\n|-crit|p2a: The Shield\n|-damage|p2a: The Shield|0 fnt\n|faint|p2a: The Shield\n|\n|win|LJDARKTHUNDER\n|raw|LJDARKTHUNDER's rating: 1256 &rarr; <strong>1277<\/strong><br \/>(+21 for winning)\n|raw|tbone5309's rating: 1202 &rarr; <strong>1181<\/strong><br \/>(-21 for losing)\n|l|\u2606tbone5309\n|c|\u2606LJDARKTHUNDER|Gg.\n|l|\u2606LJDARKTHUNDER\n|j|\u2606LJDARKTHUNDER\n|player|p1|LJDARKTHUNDER|psychicf-gen4\n","uploadtime":1701159452,"views":1,"p1id":"ljdarkthunder","p2id":"tbone5309","formatid":"gen9anythinggoes","rating":1181,"private":0,"password":""}