{"id":"gen9anythinggoes-1972987418","p1":"gengengalixy","p2":"OllanBollan","format":"[Gen 9] Anything Goes","log":"|j|\u2606gengengalixy\n|j|\u2606OllanBollan\n|t:|1697915741\n|gametype|singles\n|player|p1|gengengalixy|170|1111\n|player|p2|OllanBollan|101|1152\n|teamsize|p1|6\n|teamsize|p2|6\n|gen|9\n|tier|[Gen 9] Anything Goes\n|rated|\n|rule|HP Percentage Mod: HP is shown in percentages\n|rule|Endless Battle Clause: Forcing endless battles is banned\n|clearpoke\n|poke|p1|Umbreon, F|\n|poke|p1|Zoroark, F|\n|poke|p1|Krookodile, M|\n|poke|p1|Muk-Alola, F|\n|poke|p1|Houndoom, F|\n|poke|p1|Hydreigon, M|\n|poke|p2|Scream Tail|\n|poke|p2|Dragapult, M|\n|poke|p2|Ursaluna-Bloodmoon, M|\n|poke|p2|Gholdengo|\n|poke|p2|Ting-Lu|\n|poke|p2|Koraidon|\n|teampreview\n|\n|t:|1697915747\n|start\n|switch|p1a: Umbreon|Umbreon, F|100\/100\n|switch|p2a: Ting-Lu|Ting-Lu|100\/100\n|-ability|p2a: Ting-Lu|Vessel of Ruin\n|turn|1\n|\n|t:|1697915756\n|move|p1a: Umbreon|Light Screen|p1a: Umbreon\n|-sidestart|p1: gengengalixy|move: Light Screen\n|move|p2a: Ting-Lu|Stealth Rock|p1a: Umbreon\n|-sidestart|p1: gengengalixy|move: Stealth Rock\n|\n|upkeep\n|turn|2\n|\n|t:|1697915761\n|move|p1a: Umbreon|Calm Mind|p1a: Umbreon\n|-boost|p1a: Umbreon|spa|1\n|-boost|p1a: Umbreon|spd|1\n|move|p2a: Ting-Lu|Ruination|p1a: Umbreon\n|-damage|p1a: Umbreon|50\/100\n|\n|-heal|p1a: Umbreon|57\/100|[from] item: Leftovers\n|upkeep\n|turn|3\n|\n|t:|1697915768\n|move|p2a: Ting-Lu|Protect|p2a: Ting-Lu\n|-singleturn|p2a: Ting-Lu|Protect\n|move|p1a: Umbreon|Calm Mind|p1a: Umbreon\n|-boost|p1a: Umbreon|spa|1\n|-boost|p1a: Umbreon|spd|1\n|\n|-heal|p1a: Umbreon|63\/100|[from] item: Leftovers\n|upkeep\n|turn|4\n|\n|t:|1697915776\n|move|p1a: Umbreon|Dark Pulse|p2a: Ting-Lu\n|-resisted|p2a: Ting-Lu\n|-damage|p2a: Ting-Lu|90\/100\n|move|p2a: Ting-Lu|Whirlwind|p1a: Umbreon\n|drag|p1a: Houndoom|Houndoom, F|100\/100\n|-damage|p1a: Houndoom|75\/100|[from] Stealth Rock\n|\n|-heal|p2a: Ting-Lu|96\/100|[from] item: Leftovers\n|upkeep\n|turn|5\n|\n|t:|1697915795\n|move|p1a: Houndoom|Will-O-Wisp|p2a: Ting-Lu\n|-status|p2a: Ting-Lu|brn\n|move|p2a: Ting-Lu|Ruination|p1a: Houndoom\n|-damage|p1a: Houndoom|38\/100\n|\n|-heal|p2a: Ting-Lu|100\/100 brn|[from] item: Leftovers\n|-damage|p2a: Ting-Lu|94\/100 brn|[from] brn\n|-sideend|p1: gengengalixy|move: Light Screen\n|upkeep\n|turn|6\n|\n|t:|1697915805\n|move|p1a: Houndoom|Rest|p1a: Houndoom\n|-status|p1a: Houndoom|slp|[from] move: Rest\n|-heal|p1a: Houndoom|100\/100 slp|[silent]\n|move|p2a: Ting-Lu|Whirlwind|p1a: Houndoom\n|drag|p1a: Umbreon|Umbreon, F|63\/100\n|-damage|p1a: Umbreon|50\/100|[from] Stealth Rock\n|\n|-heal|p1a: Umbreon|56\/100|[from] item: Leftovers\n|-heal|p2a: Ting-Lu|100\/100 brn|[from] item: Leftovers\n|-damage|p2a: Ting-Lu|94\/100 brn|[from] brn\n|upkeep\n|turn|7\n|\n|t:|1697915816\n|move|p1a: Umbreon|Light Screen|p1a: Umbreon\n|-sidestart|p1: gengengalixy|move: Light Screen\n|move|p2a: Ting-Lu|Ruination|p1a: Umbreon\n|-damage|p1a: Umbreon|28\/100\n|\n|-heal|p1a: Umbreon|34\/100|[from] item: Leftovers\n|-heal|p2a: Ting-Lu|100\/100 brn|[from] item: Leftovers\n|-damage|p2a: Ting-Lu|94\/100 brn|[from] brn\n|upkeep\n|turn|8\n|\n|t:|1697915825\n|move|p1a: Umbreon|Dark Pulse|p2a: Ting-Lu\n|-resisted|p2a: Ting-Lu\n|-damage|p2a: Ting-Lu|88\/100 brn\n|move|p2a: Ting-Lu|Whirlwind|p1a: Umbreon\n|drag|p1a: Hydreigon|Hydreigon, M|100\/100\n|-damage|p1a: Hydreigon|88\/100|[from] Stealth Rock\n|\n|-heal|p1a: Hydreigon|94\/100|[from] item: Leftovers\n|-heal|p2a: Ting-Lu|95\/100 brn|[from] item: Leftovers\n|-damage|p2a: Ting-Lu|88\/100 brn|[from] brn\n|upkeep\n|turn|9\n|\n|t:|1697915838\n|move|p1a: Hydreigon|Knock Off|p2a: Ting-Lu\n|-resisted|p2a: Ting-Lu\n|-damage|p2a: Ting-Lu|82\/100 brn\n|-enditem|p2a: Ting-Lu|Leftovers|[from] move: Knock Off|[of] p1a: Hydreigon\n|move|p2a: Ting-Lu|Whirlwind|p1a: Hydreigon\n|drag|p1a: Umbreon|Umbreon, F|34\/100\n|-damage|p1a: Umbreon|22\/100|[from] Stealth Rock\n|\n|-heal|p1a: Umbreon|28\/100|[from] item: Leftovers\n|-damage|p2a: Ting-Lu|76\/100 brn|[from] brn\n|upkeep\n|turn|10\n|\n|t:|1697915849\n|move|p1a: Umbreon|Dark Pulse|p2a: Ting-Lu\n|-resisted|p2a: Ting-Lu\n|-damage|p2a: Ting-Lu|70\/100 brn\n|cant|p2a: Ting-Lu|flinch\n|\n|-heal|p1a: Umbreon|34\/100|[from] item: Leftovers\n|-damage|p2a: Ting-Lu|64\/100 brn|[from] brn\n|upkeep\n|turn|11\n|\n|t:|1697915857\n|move|p1a: Umbreon|Dark Pulse|p2a: Ting-Lu\n|-resisted|p2a: Ting-Lu\n|-damage|p2a: Ting-Lu|58\/100 brn\n|move|p2a: Ting-Lu|Whirlwind|p1a: Umbreon\n|drag|p1a: Krookodile|Krookodile, M|100\/100\n|-damage|p1a: Krookodile|94\/100|[from] Stealth Rock\n|\n|-heal|p1a: Krookodile|100\/100|[from] item: Leftovers\n|-damage|p2a: Ting-Lu|52\/100 brn|[from] brn\n|-sideend|p1: gengengalixy|move: Light Screen\n|upkeep\n|turn|12\n|\n|t:|1697915869\n|move|p1a: Krookodile|Aqua Tail|p2a: Ting-Lu\n|-supereffective|p2a: Ting-Lu\n|-damage|p2a: Ting-Lu|29\/100 brn\n|move|p2a: Ting-Lu|Whirlwind|p1a: Krookodile\n|drag|p1a: Hydreigon|Hydreigon, M|94\/100\n|-damage|p1a: Hydreigon|82\/100|[from] Stealth Rock\n|\n|-heal|p1a: Hydreigon|88\/100|[from] item: Leftovers\n|-damage|p2a: Ting-Lu|23\/100 brn|[from] brn\n|upkeep\n|turn|13\n|\n|t:|1697915879\n|move|p1a: Hydreigon|Knock Off|p2a: Ting-Lu\n|-resisted|p2a: Ting-Lu\n|-damage|p2a: Ting-Lu|18\/100 brn\n|move|p2a: Ting-Lu|Ruination|p1a: Hydreigon\n|-damage|p1a: Hydreigon|44\/100\n|replace|p1a: Zoroark|Zoroark, F\n|-end|p1a: Zoroark|Illusion\n|\n|-heal|p1a: Zoroark|50\/100|[from] item: Leftovers\n|-damage|p2a: Ting-Lu|12\/100 brn|[from] brn\n|upkeep\n|turn|14\n|\n|t:|1697915890\n|move|p1a: Zoroark|Knock Off|p2a: Ting-Lu\n|-resisted|p2a: Ting-Lu\n|-damage|p2a: Ting-Lu|7\/100 brn\n|move|p2a: Ting-Lu|Whirlwind|p1a: Zoroark\n|drag|p1a: Hydreigon|Hydreigon, M|100\/100\n|-damage|p1a: Hydreigon|88\/100|[from] Stealth Rock\n|\n|-damage|p2a: Ting-Lu|1\/100 brn|[from] brn\n|upkeep\n|turn|15\n|\n|t:|1697915903\n|move|p1a: Hydreigon|Acrobatics|p2a: Ting-Lu\n|-damage|p2a: Ting-Lu|0 fnt\n|faint|p2a: Ting-Lu\n|\n|upkeep\n|\n|t:|1697915908\n|switch|p2a: Master Mic|Scream Tail|100\/100\n|turn|16\n|\n|t:|1697915922\n|move|p2a: Master Mic|Reflect|p2a: Master Mic\n|-sidestart|p2: OllanBollan|Reflect\n|move|p1a: Hydreigon|Thunder Wave|p2a: Master Mic\n|-status|p2a: Master Mic|par\n|\n|upkeep\n|turn|17\n|\n|t:|1697915927\n|move|p1a: Hydreigon|Dragon Dance|p1a: Hydreigon\n|-boost|p1a: Hydreigon|atk|1\n|-boost|p1a: Hydreigon|spe|1\n|move|p2a: Master Mic|Light Screen|p2a: Master Mic\n|-sidestart|p2: OllanBollan|move: Light Screen\n|\n|upkeep\n|turn|18\n|\n|t:|1697915931\n|move|p1a: Hydreigon|Dragon Dance|p1a: Hydreigon\n|-boost|p1a: Hydreigon|atk|1\n|-boost|p1a: Hydreigon|spe|1\n|cant|p2a: Master Mic|par\n|\n|upkeep\n|turn|19\n|\n|t:|1697915936\n|move|p1a: Hydreigon|Dragon Dance|p1a: Hydreigon\n|-boost|p1a: Hydreigon|atk|1\n|-boost|p1a: Hydreigon|spe|1\n|cant|p2a: Master Mic|par\n|\n|upkeep\n|turn|20\n|\n|t:|1697915942\n|move|p1a: Hydreigon|Acrobatics|p2a: Master Mic\n|-damage|p2a: Master Mic|75\/100 par\n|cant|p2a: Master Mic|par\n|\n|upkeep\n|turn|21\n|\n|t:|1697915946\n|move|p1a: Hydreigon|Dragon Dance|p1a: Hydreigon\n|-boost|p1a: Hydreigon|atk|1\n|-boost|p1a: Hydreigon|spe|1\n|move|p2a: Master Mic|Calm Mind|p2a: Master Mic\n|-boost|p2a: Master Mic|spa|1\n|-boost|p2a: Master Mic|spd|1\n|\n|upkeep\n|turn|22\n|\n|t:|1697915953\n|move|p1a: Hydreigon|Dark Pulse|p2a: Master Mic\n|-damage|p2a: Master Mic|67\/100 par\n|move|p2a: Master Mic|Calm Mind|p2a: Master Mic\n|-boost|p2a: Master Mic|spa|1\n|-boost|p2a: Master Mic|spd|1\n|\n|upkeep\n|turn|23\n|\n|t:|1697915961\n|move|p1a: Hydreigon|Dark Pulse|p2a: Master Mic\n|-damage|p2a: Master Mic|60\/100 par\n|move|p2a: Master Mic|Calm Mind|p2a: Master Mic\n|-boost|p2a: Master Mic|spa|1\n|-boost|p2a: Master Mic|spd|1\n|\n|-sideend|p2: OllanBollan|Reflect\n|upkeep\n|turn|24\n|\n|t:|1697915967\n|move|p1a: Hydreigon|Dark Pulse|p2a: Master Mic\n|-damage|p2a: Master Mic|55\/100 par\n|cant|p2a: Master Mic|par\n|\n|-sideend|p2: OllanBollan|move: Light Screen\n|upkeep\n|turn|25\n|\n|t:|1697915973\n|move|p1a: Hydreigon|Acrobatics|p2a: Master Mic\n|-damage|p2a: Master Mic|0 fnt\n|faint|p2a: Master Mic\n|-end|p2a: Master Mic|Protosynthesis|[silent]\n|\n|upkeep\n|\n|t:|1697915978\n|switch|p2a: Big Bad|Ursaluna-Bloodmoon, M|100\/100\n|turn|26\n|\n|t:|1697915999\n|move|p1a: Hydreigon|Acrobatics|p2a: Big Bad\n|-damage|p2a: Big Bad|50\/100\n|move|p2a: Big Bad|Blood Moon|p1a: Hydreigon\n|-damage|p1a: Hydreigon|6\/100\n|\n|upkeep\n|turn|27\n|\n|t:|1697916004\n|move|p1a: Hydreigon|Acrobatics|p2a: Big Bad\n|-damage|p2a: Big Bad|0 fnt\n|faint|p2a: Big Bad\n|\n|upkeep\n|\n|t:|1697916010\n|switch|p2a: dagon|Koraidon|100\/100\n|-weather|SunnyDay|[from] ability: Orichalcum Pulse|[of] p2a: dagon\n|-activate|p2a: dagon|Orichalcum Pulse|[source]\n|turn|28\n|\n|t:|1697916017\n|move|p1a: Hydreigon|Acrobatics|p2a: dagon\n|-supereffective|p2a: dagon\n|-damage|p2a: dagon|0 fnt\n|faint|p2a: dagon\n|\n|-weather|SunnyDay|[upkeep]\n|upkeep\n|\n|t:|1697916023\n|switch|p2a: Evil Drake|Dragapult, M, shiny|100\/100\n|turn|29\n|\n|t:|1697916032\n|move|p1a: Hydreigon|Dark Pulse|p2a: Evil Drake\n|-supereffective|p2a: Evil Drake\n|-damage|p2a: Evil Drake|0 fnt\n|faint|p2a: Evil Drake\n|\n|-weather|SunnyDay|[upkeep]\n|upkeep\n|\n|t:|1697916037\n|switch|p2a: Gholgungo|Gholdengo|100\/100\n|turn|30\n|\n|t:|1697916045\n|move|p1a: Hydreigon|Dark Pulse|p2a: Gholgungo\n|-supereffective|p2a: Gholgungo\n|-damage|p2a: Gholgungo|9\/100\n|move|p2a: Gholgungo|Poltergeist||[still]\n|-fail|p2a: Gholgungo\n|\n|-weather|SunnyDay|[upkeep]\n|upkeep\n|turn|31\n|\n|t:|1697916055\n|move|p1a: Hydreigon|Dark Pulse|p2a: Gholgungo\n|-supereffective|p2a: Gholgungo\n|-damage|p2a: Gholgungo|0 fnt\n|faint|p2a: Gholgungo\n|\n|win|gengengalixy\n|raw|gengengalixy's rating: 1111 &rarr; <strong>1139<\/strong><br \/>(+28 for winning)\n|raw|OllanBollan's rating: 1152 &rarr; <strong>1124<\/strong><br \/>(-28 for losing)\n","uploadtime":1697916062,"views":13,"p1id":"gengengalixy","p2id":"ollanbollan","formatid":"gen9anythinggoes","rating":1124,"private":0,"password":""}