{"id":"gen9anythinggoes-1980649141","p1":"HotHams","p2":"Ankun4","format":"[Gen 9] Anything Goes","log":"|j|\u2606HotHams\n|j|\u2606Ankun4\n|t:|1698807641\n|gametype|singles\n|player|p1|HotHams|1|1054\n|player|p2|Ankun4|101|1081\n|teamsize|p1|6\n|teamsize|p2|6\n|gen|9\n|tier|[Gen 9] Anything Goes\n|rated|\n|rule|HP Percentage Mod: HP is shown in percentages\n|rule|Endless Battle Clause: Forcing endless battles is banned\n|clearpoke\n|poke|p1|Iron Thorns|\n|poke|p1|Palafin, F|\n|poke|p1|Dachsbun, F|\n|poke|p1|Farigiraf, M|\n|poke|p1|Iron Bundle|\n|poke|p1|Garchomp, M|\n|poke|p2|Pikachu, M|\n|poke|p2|Abomasnow, M|\n|poke|p2|Empoleon, M|\n|poke|p2|Ninetales, F|\n|poke|p2|Girafarig, F|\n|poke|p2|Dusknoir, F|\n|teampreview\n|\n|t:|1698807661\n|start\n|switch|p1a: Garechamp|Garchomp, M|100\/100\n|switch|p2a: Girafarig|Girafarig, F|100\/100\n|turn|1\n|\n|t:|1698807668\n|move|p1a: Garechamp|Spikes|p2a: Girafarig\n|-sidestart|p2: Ankun4|Spikes\n|move|p2a: Girafarig|Substitute|p2a: Girafarig\n|-start|p2a: Girafarig|Substitute\n|-damage|p2a: Girafarig|76\/100\n|\n|-heal|p2a: Girafarig|82\/100|[from] item: Leftovers\n|upkeep\n|turn|2\n|\n|t:|1698807675\n|move|p1a: Garechamp|Spikes|p2a: Girafarig\n|-sidestart|p2: Ankun4|Spikes\n|move|p2a: Girafarig|Calm Mind|p2a: Girafarig\n|-boost|p2a: Girafarig|spa|1\n|-boost|p2a: Girafarig|spd|1\n|\n|-heal|p2a: Girafarig|88\/100|[from] item: Leftovers\n|upkeep\n|turn|3\n|\n|t:|1698807681\n|move|p1a: Garechamp|Spikes|p2a: Girafarig\n|-sidestart|p2: Ankun4|Spikes\n|move|p2a: Girafarig|Calm Mind|p2a: Girafarig\n|-boost|p2a: Girafarig|spa|1\n|-boost|p2a: Girafarig|spd|1\n|\n|-heal|p2a: Girafarig|94\/100|[from] item: Leftovers\n|upkeep\n|turn|4\n|\n|t:|1698807690\n|move|p1a: Garechamp|Stealth Rock|p2a: Girafarig\n|-sidestart|p2: Ankun4|move: Stealth Rock\n|move|p2a: Girafarig|Calm Mind|p2a: Girafarig\n|-boost|p2a: Girafarig|spa|1\n|-boost|p2a: Girafarig|spd|1\n|\n|-heal|p2a: Girafarig|99\/100|[from] item: Leftovers\n|upkeep\n|turn|5\n|\n|t:|1698807700\n|move|p1a: Garechamp|Dragon Claw|p2a: Girafarig\n|-end|p2a: Girafarig|Substitute\n|move|p2a: Girafarig|Psyshock|p1a: Garechamp\n|-damage|p1a: Garechamp|48\/100\n|\n|-heal|p2a: Girafarig|100\/100|[from] item: Leftovers\n|upkeep\n|turn|6\n|\n|t:|1698807708\n|move|p1a: Garechamp|Dragon Claw|p2a: Girafarig\n|-damage|p2a: Girafarig|58\/100\n|move|p2a: Girafarig|Psyshock|p1a: Garechamp\n|-damage|p1a: Garechamp|0 fnt\n|faint|p1a: Garechamp\n|\n|-heal|p2a: Girafarig|64\/100|[from] item: Leftovers\n|upkeep\n|\n|t:|1698807735\n|switch|p1a: Buns R Dun|Dachsbun, F|100\/100\n|turn|7\n|\n|t:|1698807743\n|move|p1a: Buns R Dun|Stomping Tantrum|p2a: Girafarig\n|-damage|p2a: Girafarig|48\/100\n|move|p2a: Girafarig|Substitute|p2a: Girafarig\n|-start|p2a: Girafarig|Substitute\n|-damage|p2a: Girafarig|23\/100\n|\n|-heal|p2a: Girafarig|29\/100|[from] item: Leftovers\n|upkeep\n|turn|8\n|\n|t:|1698807760\n|move|p1a: Buns R Dun|Yawn||[still]\n|-fail|p1a: Buns R Dun\n|move|p2a: Girafarig|Calm Mind|p2a: Girafarig\n|-boost|p2a: Girafarig|spa|1\n|-boost|p2a: Girafarig|spd|1\n|\n|-heal|p2a: Girafarig|35\/100|[from] item: Leftovers\n|upkeep\n|turn|9\n|\n|t:|1698807769\n|move|p1a: Buns R Dun|Stomping Tantrum|p2a: Girafarig\n|-activate|p2a: Girafarig|move: Substitute|[damage]\n|move|p2a: Girafarig|Baton Pass|p2a: Girafarig\n|\n|t:|1698807779\n|switch|p2a: Pikachu|Pikachu, M|100\/100|[from] Baton Pass\n|-damage|p2a: Pikachu|76\/100|[from] Spikes\n|-damage|p2a: Pikachu|64\/100|[from] Stealth Rock\n|\n|upkeep\n|turn|10\n|\n|t:|1698807791\n|move|p2a: Pikachu|Thunderbolt|p1a: Buns R Dun\n|-damage|p1a: Buns R Dun|0 fnt\n|faint|p1a: Buns R Dun\n|\n|upkeep\n|\n|t:|1698807819\n|switch|p1a: Big Chungus|Iron Thorns, shiny|100\/100\n|turn|11\n|\n|t:|1698807834\n|move|p2a: Pikachu|Grass Knot|p1a: Big Chungus\n|-supereffective|p1a: Big Chungus\n|-damage|p1a: Big Chungus|0 fnt\n|faint|p1a: Big Chungus\n|-end|p1a: Big Chungus|Quark Drive|[silent]\n|\n|upkeep\n|\n|t:|1698807839\n|switch|p1a: Iron Grundle|Iron Bundle|100\/100\n|turn|12\n|\n|t:|1698807842\n|move|p1a: Iron Grundle|Encore|p2a: Pikachu\n|-start|p2a: Pikachu|Encore\n|move|p2a: Pikachu|Grass Knot|p1a: Iron Grundle\n|-supereffective|p1a: Iron Grundle\n|-damage|p1a: Iron Grundle|0 fnt\n|faint|p1a: Iron Grundle\n|-end|p1a: Iron Grundle|Quark Drive|[silent]\n|\n|upkeep\n|\n|t:|1698807848\n|switch|p1a: ONE|Farigiraf, M|100\/100\n|turn|13\n|\n|t:|1698807865\n|move|p2a: Pikachu|Grass Knot|p1a: ONE\n|-crit|p1a: ONE\n|-damage|p1a: ONE|0 fnt\n|faint|p1a: ONE\n|\n|upkeep\n|\n|t:|1698807869\n|switch|p1a: Dolph Might|Palafin, F|100\/100\n|turn|14\n|\n|t:|1698807874\n|move|p2a: Pikachu|Grass Knot|p1a: Dolph Might\n|-supereffective|p1a: Dolph Might\n|-damage|p1a: Dolph Might|0 fnt\n|faint|p1a: Dolph Might\n|\n|win|Ankun4\n|raw|HotHams's rating: 1054 &rarr; <strong>1037<\/strong><br \/>(-17 for losing)\n|raw|Ankun4's rating: 1081 &rarr; <strong>1107<\/strong><br \/>(+26 for winning)\n","uploadtime":1698807883,"views":13,"p1id":"hothams","p2id":"ankun4","formatid":"gen9anythinggoes","rating":1037,"private":0,"password":""}