{"id":"gen9anythinggoes-1981625160","p1":"danteisdaante","p2":"Kobe1919810\u7262\u5927","format":"[Gen 9] Anything Goes","log":"|j|\u2606danteisdaante\n|j|\u2606Kobe1919810\u7262\u5927\n|t:|1698927491\n|gametype|singles\n|player|p1|danteisdaante|cheren-gen5bw2|1171\n|player|p2|Kobe1919810\u7262\u5927|rosa-masters2|1227\n|teamsize|p1|6\n|teamsize|p2|6\n|gen|9\n|tier|[Gen 9] Anything Goes\n|rated|\n|rule|HP Percentage Mod: HP is shown in percentages\n|rule|Endless Battle Clause: Forcing endless battles is banned\n|clearpoke\n|poke|p1|Espathra, F|\n|poke|p1|Gallade, M|\n|poke|p1|Moltres-Galar|\n|poke|p1|Ribombee, F|\n|poke|p1|Drifblim, M|\n|poke|p1|Ting-Lu|\n|poke|p2|Miraidon|\n|poke|p2|Miraidon|\n|poke|p2|Miraidon|\n|poke|p2|Calyrex-Shadow|\n|poke|p2|Giratina|\n|poke|p2|Ditto|\n|teampreview\n|inactive|Battle timer is ON: inactive players will automatically lose when time's up. (requested by Kobe1919810\u7262\u5927)\n|inactive|danteisdaante has 120 seconds left.\n|\n|t:|1698927525\n|start\n|switch|p1a: Drifblim|Drifblim, M|100\/100\n|switch|p2a: Miraidon|Miraidon|100\/100\n|-fieldstart|move: Electric Terrain|[from] ability: Hadron Engine|[of] p2a: Miraidon\n|turn|1\n|\n|t:|1698927535\n|move|p2a: Miraidon|Light Screen|p2a: Miraidon\n|-sidestart|p2: Kobe1919810\u7262\u5927|move: Light Screen\n|move|p1a: Drifblim|Substitute|p1a: Drifblim\n|-start|p1a: Drifblim|Substitute\n|-damage|p1a: Drifblim|76\/100\n|\n|upkeep\n|turn|2\n|\n|t:|1698927541\n|move|p2a: Miraidon|Draco Meteor|p1a: Drifblim\n|-end|p1a: Drifblim|Substitute\n|-unboost|p2a: Miraidon|spa|2\n|move|p1a: Drifblim|Minimize|p1a: Drifblim\n|-boost|p1a: Drifblim|evasion|2\n|\n|upkeep\n|turn|3\n|\n|t:|1698927549\n|move|p2a: Miraidon|Reflect|p2a: Miraidon\n|-sidestart|p2: Kobe1919810\u7262\u5927|Reflect\n|move|p1a: Drifblim|Substitute|p1a: Drifblim\n|-start|p1a: Drifblim|Substitute\n|-damage|p1a: Drifblim|51\/100\n|\n|upkeep\n|turn|4\n|\n|t:|1698927554\n|move|p2a: Miraidon|Draco Meteor|p1a: Drifblim\n|-end|p1a: Drifblim|Substitute\n|-unboost|p2a: Miraidon|spa|2\n|move|p1a: Drifblim|Minimize|p1a: Drifblim\n|-boost|p1a: Drifblim|evasion|2\n|\n|upkeep\n|turn|5\n|\n|t:|1698927566\n|switch|p2a: Ditto|Ditto|100\/100\n|-transform|p2a: Ditto|p1a: Drifblim|[from] ability: Imposter\n|move|p1a: Drifblim|Substitute|p1a: Drifblim\n|-start|p1a: Drifblim|Substitute\n|-damage|p1a: Drifblim|26\/100\n|\n|-fieldend|move: Electric Terrain\n|upkeep\n|turn|6\n|\n|t:|1698927579\n|move|p2a: Ditto|Baton Pass|p2a: Ditto\n|\n|t:|1698927581\n|switch|p2a: Calyrex|Calyrex-Shadow|100\/100|[from] Baton Pass\n|-ability|p2a: Calyrex|As One\n|-ability|p2a: Calyrex|Unnerve\n|move|p1a: Drifblim|Minimize|p1a: Drifblim\n|-boost|p1a: Drifblim|evasion|2\n|\n|upkeep\n|turn|7\n|\n|t:|1698927590\n|move|p2a: Calyrex|Nasty Plot|p2a: Calyrex\n|-boost|p2a: Calyrex|spa|2\n|move|p1a: Drifblim|Calm Mind|p1a: Drifblim\n|-boost|p1a: Drifblim|spa|1\n|-boost|p1a: Drifblim|spd|1\n|\n|upkeep\n|turn|8\n|\n|t:|1698927596\n|move|p2a: Calyrex|Astral Barrage|p1a: Drifblim|[miss]\n|-miss|p2a: Calyrex|p1a: Drifblim\n|move|p1a: Drifblim|Calm Mind|p1a: Drifblim\n|-boost|p1a: Drifblim|spa|1\n|-boost|p1a: Drifblim|spd|1\n|\n|-sideend|p2: Kobe1919810\u7262\u5927|move: Light Screen\n|upkeep\n|turn|9\n|\n|t:|1698927606\n|move|p2a: Calyrex|Astral Barrage|p1a: Drifblim\n|-supereffective|p1a: Drifblim\n|-crit|p1a: Drifblim\n|-end|p1a: Drifblim|Substitute\n|move|p1a: Drifblim|Baton Pass|p1a: Drifblim\n|\n|t:|1698927612\n|switch|p1a: Espathra|Espathra, F|100\/100|[from] Baton Pass\n|\n|upkeep\n|turn|10\n|\n|t:|1698927626\n|-terastallize|p1a: Espathra|Fairy\n|move|p2a: Calyrex|Astral Barrage|p1a: Espathra|[miss]\n|-miss|p2a: Calyrex|p1a: Espathra\n|move|p1a: Espathra|Calm Mind|p1a: Espathra\n|-boost|p1a: Espathra|spa|1\n|-boost|p1a: Espathra|spd|1\n|\n|-sideend|p2: Kobe1919810\u7262\u5927|Reflect\n|-ability|p1a: Espathra|Speed Boost|boost\n|-boost|p1a: Espathra|spe|1\n|upkeep\n|turn|11\n|\n|t:|1698927638\n|move|p1a: Espathra|Dazzling Gleam|p2a: Calyrex|[miss]\n|-miss|p1a: Espathra|p2a: Calyrex\n|move|p2a: Calyrex|Nasty Plot|p2a: Calyrex\n|-boost|p2a: Calyrex|spa|2\n|\n|-ability|p1a: Espathra|Speed Boost|boost\n|-boost|p1a: Espathra|spe|1\n|upkeep\n|turn|12\n|\n|t:|1698927646\n|move|p1a: Espathra|Dazzling Gleam|p2a: Calyrex\n|-damage|p2a: Calyrex|5\/100\n|move|p2a: Calyrex|Astral Barrage|p1a: Espathra|[miss]\n|-miss|p2a: Calyrex|p1a: Espathra\n|\n|-ability|p1a: Espathra|Speed Boost|boost\n|-boost|p1a: Espathra|spe|1\n|upkeep\n|turn|13\n|\n|t:|1698927654\n|move|p1a: Espathra|Dazzling Gleam|p2a: Calyrex|[miss]\n|-miss|p1a: Espathra|p2a: Calyrex\n|move|p2a: Calyrex|Astral Barrage|p1a: Espathra\n|-damage|p1a: Espathra|0 fnt\n|faint|p1a: Espathra\n|-ability|p2a: Calyrex|Grim Neigh|boost\n|-boost|p2a: Calyrex|spa|1\n|\n|upkeep\n|\n|t:|1698927673\n|switch|p1a: Ting-Lu|Ting-Lu|100\/100\n|-ability|p1a: Ting-Lu|Vessel of Ruin\n|turn|14\n|\n|t:|1698927682\n|-terastallize|p2a: Calyrex|Fairy\n|move|p2a: Calyrex|Tera Blast|p1a: Ting-Lu|[anim] Tera Blast Fairy\n|-supereffective|p1a: Ting-Lu\n|-damage|p1a: Ting-Lu|0 fnt\n|faint|p1a: Ting-Lu\n|-ability|p2a: Calyrex|Grim Neigh|boost\n|-boost|p2a: Calyrex|spa|1\n|\n|upkeep\n|\n|t:|1698927696\n|switch|p1a: Gallade|Gallade, M, shiny|100\/100\n|turn|15\n|\n|t:|1698927702\n|move|p2a: Calyrex|Tera Blast|p1a: Gallade|[anim] Tera Blast Fairy\n|-supereffective|p1a: Gallade\n|-damage|p1a: Gallade|0 fnt\n|faint|p1a: Gallade\n|\n|upkeep\n|\n|t:|1698927712\n|switch|p1a: Ribombee|Ribombee, F|100\/100\n|turn|16\n|\n|t:|1698927729\n|move|p2a: Calyrex|Astral Barrage|p1a: Ribombee\n|-damage|p1a: Ribombee|0 fnt\n|faint|p1a: Ribombee\n|\n|upkeep\n|\n|t:|1698927734\n|switch|p1a: Moltres|Moltres-Galar, shiny|100\/100\n|turn|17\n|\n|t:|1698927741\n|move|p2a: Calyrex|Astral Barrage|p1a: Moltres\n|-resisted|p1a: Moltres\n|-damage|p1a: Moltres|0 fnt\n|faint|p1a: Moltres\n|\n|upkeep\n|\n|t:|1698927747\n|switch|p1a: Drifblim|Drifblim, M|26\/100\n|turn|18\n|\n|t:|1698927751\n|move|p2a: Calyrex|Astral Barrage|p1a: Drifblim\n|-supereffective|p1a: Drifblim\n|-damage|p1a: Drifblim|0 fnt\n|faint|p1a: Drifblim\n|\n|win|Kobe1919810\u7262\u5927\n|raw|danteisdaante's rating: 1171 &rarr; <strong>1150<\/strong><br \/>(-21 for losing)\n|raw|Kobe1919810\u7262\u5927's rating: 1227 &rarr; <strong>1248<\/strong><br \/>(+21 for winning)\n|l|\u2606danteisdaante\n","uploadtime":1698927755,"views":8,"p1id":"danteisdaante","p2id":"kobe1919810","formatid":"gen9anythinggoes","rating":1150,"private":0,"password":""}