{"id":"gen9anythinggoes-1994331819","p1":"trotman","p2":"WORMPONY","format":"[Gen 9] Anything Goes","log":"|j|\u2606trotman\n|j|\u2606WORMPONY\n|t:|1700431986\n|gametype|singles\n|player|p1|trotman|brycenman|1142\n|player|p2|WORMPONY|lucas-gen4pt|1022\n|teamsize|p1|6\n|teamsize|p2|6\n|gen|9\n|tier|[Gen 9] Anything Goes\n|rated|\n|rule|HP Percentage Mod: HP is shown in percentages\n|rule|Endless Battle Clause: Forcing endless battles is banned\n|clearpoke\n|poke|p1|Ogerpon-Cornerstone, F|\n|poke|p1|Scream Tail|\n|poke|p1|Flutter Mane|\n|poke|p1|Amoonguss, F|\n|poke|p1|Cinderace, F|\n|poke|p1|Iron Bundle|\n|poke|p2|Noivern, F|\n|poke|p2|Lucario, F|\n|poke|p2|Skeledirge, M|\n|poke|p2|Luxray, M|\n|poke|p2|Inteleon, F|\n|poke|p2|Furret, M|\n|teampreview\n|\n|t:|1700431996\n|start\n|switch|p1a: Amoonguss|Amoonguss, F, shiny|100\/100\n|switch|p2a: Skeledirge|Skeledirge, M|100\/100\n|turn|1\n|\n|t:|1700432007\n|move|p2a: Skeledirge|Flamethrower|p1a: Amoonguss\n|-supereffective|p1a: Amoonguss\n|-damage|p1a: Amoonguss|33\/100\n|move|p1a: Amoonguss|Spore|p2a: Skeledirge\n|-status|p2a: Skeledirge|slp|[from] move: Spore\n|\n|-heal|p1a: Amoonguss|40\/100|[from] item: Black Sludge\n|upkeep\n|turn|2\n|\n|t:|1700432017\n|switch|p2a: Noivern|Noivern, F|100\/100\n|switch|p1a: Iron Bundle|Iron Bundle, shiny|100\/100\n|\n|upkeep\n|turn|3\n|\n|t:|1700432031\n|move|p1a: Iron Bundle|Ice Beam|p2a: Noivern\n|-supereffective|p2a: Noivern\n|-damage|p2a: Noivern|0 fnt\n|faint|p2a: Noivern\n|-damage|p1a: Iron Bundle|91\/100|[from] item: Life Orb\n|\n|upkeep\n|inactive|Battle timer is ON: inactive players will automatically lose when time's up. (requested by trotman)\n|\n|t:|1700432051\n|switch|p2a: Furret|Furret, M|100\/100\n|-item|p1a: Iron Bundle|Life Orb|[from] ability: Frisk|[of] p2a: Furret|[identify]\n|turn|4\n|\n|t:|1700432055\n|move|p1a: Iron Bundle|Hydro Pump|p2a: Furret\n|-damage|p2a: Furret|0 fnt\n|faint|p2a: Furret\n|-damage|p1a: Iron Bundle|81\/100|[from] item: Life Orb\n|\n|upkeep\n|\n|t:|1700432073\n|switch|p2a: Kiara|Lucario, F|100\/100\n|turn|5\n|\n|t:|1700432083\n|-end|p1a: Iron Bundle|Quark Drive|[silent]\n|switch|p1a: Amoonguss|Amoonguss, F, shiny|73\/100\n|move|p2a: Kiara|Extreme Speed|p1a: Amoonguss\n|-damage|p1a: Amoonguss|53\/100\n|\n|-heal|p1a: Amoonguss|59\/100|[from] item: Black Sludge\n|upkeep\n|turn|6\n|\n|t:|1700432093\n|move|p2a: Kiara|Earthquake|p1a: Amoonguss\n|-damage|p1a: Amoonguss|35\/100\n|move|p1a: Amoonguss|Spore|p2a: Kiara\n|-status|p2a: Kiara|slp|[from] move: Spore\n|\n|-heal|p1a: Amoonguss|41\/100|[from] item: Black Sludge\n|upkeep\n|turn|7\n|\n|t:|1700432105\n|switch|p1a: Cinderace|Cinderace, F, shiny|100\/100\n|cant|p2a: Kiara|slp\n|\n|upkeep\n|turn|8\n|\n|t:|1700432112\n|switch|p2a: Inteleon|Inteleon, F|100\/100\n|move|p1a: Cinderace|Pyro Ball|p2a: Inteleon\n|-resisted|p2a: Inteleon\n|-damage|p2a: Inteleon|44\/100\n|\n|upkeep\n|turn|9\n|\n|t:|1700432124\n|move|p2a: Inteleon|Aqua Jet|p1a: Cinderace\n|-supereffective|p1a: Cinderace\n|-damage|p1a: Cinderace|62\/100\n|move|p1a: Cinderace|Sucker Punch||[still]\n|-fail|p1a: Cinderace\n|\n|upkeep\n|turn|10\n|\n|t:|1700432132\n|move|p2a: Inteleon|Aqua Jet|p1a: Cinderace\n|-supereffective|p1a: Cinderace\n|-damage|p1a: Cinderace|22\/100\n|move|p1a: Cinderace|Pyro Ball|p2a: Inteleon\n|-resisted|p2a: Inteleon\n|-damage|p2a: Inteleon|0 fnt\n|faint|p2a: Inteleon\n|\n|upkeep\n|\n|t:|1700432143\n|switch|p2a: Luxray|Luxray, M|100\/100\n|turn|11\n|\n|t:|1700432148\n|move|p2a: Luxray|Quick Attack|p1a: Cinderace\n|-damage|p1a: Cinderace|5\/100\n|move|p1a: Cinderace|Pyro Ball|p2a: Luxray\n|-damage|p2a: Luxray|34\/100\n|\n|-heal|p2a: Luxray|40\/100|[from] item: Leftovers\n|upkeep\n|turn|12\n|\n|t:|1700432166\n|move|p1a: Cinderace|Sucker Punch|p2a: Luxray\n|-start|p1a: Cinderace|typechange|Dark|[from] ability: Libero\n|-damage|p2a: Luxray|0 fnt\n|faint|p2a: Luxray\n|\n|upkeep\n|\n|t:|1700432175\n|switch|p2a: Skeledirge|Skeledirge, M|100\/100 slp\n|turn|13\n|\n|t:|1700432185\n|move|p1a: Cinderace|Sucker Punch|p2a: Skeledirge\n|-supereffective|p2a: Skeledirge\n|-damage|p2a: Skeledirge|42\/100 slp\n|cant|p2a: Skeledirge|slp\n|\n|upkeep\n|turn|14\n|\n|t:|1700432196\n|move|p1a: Cinderace|Sucker Punch|p2a: Skeledirge\n|-supereffective|p2a: Skeledirge\n|-damage|p2a: Skeledirge|0 fnt\n|faint|p2a: Skeledirge\n|\n|upkeep\n|\n|t:|1700432203\n|switch|p2a: Kiara|Lucario, F|100\/100 slp\n|turn|15\n|\n|t:|1700432214\n|-terastallize|p2a: Kiara|Fighting\n|move|p1a: Cinderace|Pyro Ball|p2a: Kiara\n|-damage|p2a: Kiara|36\/100 slp\n|cant|p2a: Kiara|slp\n|\n|upkeep\n|turn|16\n|\n|t:|1700432222\n|-curestatus|p2a: Kiara|slp|[msg]\n|move|p2a: Kiara|Extreme Speed|p1a: Cinderace\n|-damage|p1a: Cinderace|0 fnt\n|faint|p1a: Cinderace\n|\n|upkeep\n|\n|t:|1700432236\n|switch|p1a: Ogerpon|Ogerpon-Cornerstone, F|100\/100\n|turn|17\n|\n|t:|1700432249\n|move|p2a: Kiara|Dragon Pulse|p1a: Ogerpon\n|-damage|p1a: Ogerpon|73\/100\n|move|p1a: Ogerpon|Counter||[still]\n|-fail|p1a: Ogerpon\n|\n|upkeep\n|turn|18\n|\n|t:|1700432255\n|move|p2a: Kiara|Aura Sphere|p1a: Ogerpon\n|-supereffective|p1a: Ogerpon\n|-damage|p1a: Ogerpon|0 fnt\n|faint|p1a: Ogerpon\n|\n|upkeep\n|\n|t:|1700432269\n|switch|p1a: Flutter Mane|Flutter Mane, shiny|100\/100\n|-enditem|p1a: Flutter Mane|Booster Energy\n|-activate|p1a: Flutter Mane|ability: Protosynthesis|[fromitem]\n|-start|p1a: Flutter Mane|protosynthesisspe\n|turn|19\n|\n|t:|1700432276\n|move|p1a: Flutter Mane|Moonblast|p2a: Kiara\n|-supereffective|p2a: Kiara\n|-damage|p2a: Kiara|0 fnt\n|faint|p2a: Kiara\n|\n|win|trotman\n|raw|trotman's rating: 1142 &rarr; <strong>1159<\/strong><br \/>(+17 for winning)\n|raw|WORMPONY's rating: 1022 &rarr; <strong>1013<\/strong><br \/>(-9 for losing)\n|l|\u2606WORMPONY\n","uploadtime":1700432286,"views":1,"p1id":"trotman","p2id":"wormpony","formatid":"gen9anythinggoes","rating":1013,"private":0,"password":""}