{"id":"gen9anythinggoes-1986099063","p1":"Frazzle99","p2":"AeRegieleki","format":"[Gen 9] Anything Goes","log":"|j|\u2606Frazzle99\n|j|\u2606AeRegieleki\n|t:|1699449949\n|gametype|singles\n|player|p1|Frazzle99|101|\n|player|p2|AeRegieleki|1|\n|teamsize|p1|6\n|teamsize|p2|6\n|gen|9\n|tier|[Gen 9] Anything Goes\n|rule|HP Percentage Mod: HP is shown in percentages\n|rule|Endless Battle Clause: Forcing endless battles is banned\n|clearpoke\n|poke|p1|Maushold-Four|\n|poke|p1|Calyrex-Ice|\n|poke|p1|Annihilape, M|\n|poke|p1|Ogerpon-Hearthflame, F|\n|poke|p1|Palafin, M|\n|poke|p1|Espathra, F|\n|poke|p2|Annihilape, M|\n|poke|p2|Ursaluna-Bloodmoon, M|\n|poke|p2|Gliscor, M|\n|poke|p2|Kingambit, M|\n|poke|p2|Baxcalibur, M|\n|poke|p2|Ogerpon-Wellspring, F|\n|teampreview\n|inactive|Battle timer is ON: inactive players will automatically lose when time's up. (requested by AeRegieleki)\n|\n|t:|1699449966\n|start\n|switch|p1a: Espathra|Espathra, F|100\/100\n|switch|p2a: Annihilape|Annihilape, M|100\/100\n|turn|1\n|\n|t:|1699449975\n|move|p1a: Espathra|Foul Play|p2a: Annihilape\n|-damage|p2a: Annihilape|68\/100\n|move|p2a: Annihilape|Shadow Claw|p1a: Espathra\n|-supereffective|p1a: Espathra\n|-damage|p1a: Espathra|8\/100\n|-enditem|p1a: Espathra|Aguav Berry|[eat]\n|-heal|p1a: Espathra|41\/100|[from] item: Aguav Berry\n|\n|upkeep\n|turn|2\n|\n|t:|1699449994\n|move|p1a: Espathra|Foul Play|p2a: Annihilape\n|-damage|p2a: Annihilape|35\/100\n|move|p2a: Annihilape|Rage Fist|p1a: Espathra\n|-supereffective|p1a: Espathra\n|-damage|p1a: Espathra|0 fnt\n|faint|p1a: Espathra\n|\n|upkeep\n|\n|t:|1699450012\n|switch|p1a: Palafin|Palafin, M|100\/100\n|turn|3\n|\n|t:|1699450023\n|move|p1a: Palafin|Jet Punch|p2a: Annihilape\n|-damage|p2a: Annihilape|18\/100\n|move|p2a: Annihilape|Rage Fist|p1a: Palafin\n|-damage|p1a: Palafin|0 fnt\n|faint|p1a: Palafin\n|\n|upkeep\n|\n|t:|1699450034\n|switch|p1a: Ogerpon|Ogerpon-Hearthflame, F|100\/100\n|-ability|p1a: Ogerpon|Mold Breaker\n|turn|4\n|\n|t:|1699450043\n|move|p1a: Ogerpon|Ivy Cudgel|p2a: Annihilape\n|-damage|p2a: Annihilape|0 fnt\n|faint|p2a: Annihilape\n|\n|upkeep\n|\n|t:|1699450045\n|switch|p2a: Ogerpon|Ogerpon-Wellspring, F|100\/100\n|turn|5\n|\n|t:|1699450056\n|move|p2a: Ogerpon|Ivy Cudgel|p1a: Ogerpon\n|-damage|p1a: Ogerpon|38\/100\n|move|p1a: Ogerpon|Horn Leech|p2a: Ogerpon\n|-damage|p2a: Ogerpon|52\/100\n|-heal|p1a: Ogerpon|61\/100|[from] drain|[of] p2a: Ogerpon\n|\n|upkeep\n|turn|6\n|\n|t:|1699450075\n|move|p2a: Ogerpon|Ivy Cudgel|p1a: Ogerpon\n|-damage|p1a: Ogerpon|0 fnt\n|faint|p1a: Ogerpon\n|\n|upkeep\n|\n|t:|1699450080\n|switch|p1a: Maushold|Maushold-Four|100\/100\n|turn|7\n|\n|t:|1699450088\n|move|p2a: Ogerpon|Spiky Shield|p2a: Ogerpon\n|-singleturn|p2a: Ogerpon|move: Protect\n|move|p1a: Maushold|Population Bomb|p2a: Ogerpon\n|-activate|p2a: Ogerpon|move: Protect\n|-damage|p1a: Maushold|88\/100|[from] Spiky Shield|[of] p2a: Ogerpon\n|\n|upkeep\n|turn|8\n|\n|t:|1699450101\n|move|p2a: Ogerpon|Ivy Cudgel|p1a: Maushold\n|-damage|p1a: Maushold|10\/100\n|move|p1a: Maushold|Population Bomb|p2a: Ogerpon\n|-damage|p2a: Ogerpon|40\/100\n|-damage|p2a: Ogerpon|28\/100\n|-damage|p2a: Ogerpon|15\/100\n|-damage|p2a: Ogerpon|2\/100\n|-hitcount|p2a: Ogerpon|4\n|\n|upkeep\n|turn|9\n|\n|t:|1699450118\n|move|p2a: Ogerpon|Knock Off|p1a: Maushold\n|-damage|p1a: Maushold|0 fnt\n|-enditem|p1a: Maushold|Loaded Dice|[from] move: Knock Off|[of] p2a: Ogerpon\n|faint|p1a: Maushold\n|\n|upkeep\n|\n|t:|1699450127\n|switch|p1a: Annihilape|Annihilape, M|100\/100\n|turn|10\n|\n|t:|1699450133\n|move|p2a: Ogerpon|Knock Off|p1a: Annihilape\n|-damage|p1a: Annihilape|71\/100\n|-enditem|p1a: Annihilape|Colbur Berry|[from] move: Knock Off|[of] p2a: Ogerpon\n|move|p1a: Annihilape|Earthquake|p2a: Ogerpon\n|-resisted|p2a: Ogerpon\n|-damage|p2a: Ogerpon|0 fnt\n|faint|p2a: Ogerpon\n|\n|upkeep\n|\n|t:|1699450138\n|switch|p2a: Ursaluna|Ursaluna-Bloodmoon, M|100\/100\n|turn|11\n|\n|t:|1699450161\n|-terastallize|p2a: Ursaluna|Flying\n|move|p1a: Annihilape|Earthquake|p2a: Ursaluna\n|-immune|p2a: Ursaluna\n|move|p2a: Ursaluna|Calm Mind|p2a: Ursaluna\n|-boost|p2a: Ursaluna|spa|1\n|-boost|p2a: Ursaluna|spd|1\n|\n|upkeep\n|turn|12\n|\n|t:|1699450170\n|move|p1a: Annihilape|Rage Fist|p2a: Ursaluna\n|-damage|p2a: Ursaluna|73\/100\n|move|p2a: Ursaluna|Blood Moon|p1a: Annihilape\n|-damage|p1a: Annihilape|0 fnt\n|faint|p1a: Annihilape\n|\n|-heal|p2a: Ursaluna|79\/100|[from] item: Leftovers\n|upkeep\n|\n|t:|1699450179\n|switch|p1a: Calyrex|Calyrex-Ice|100\/100\n|-ability|p1a: Calyrex|As One\n|-ability|p1a: Calyrex|Unnerve\n|turn|13\n|\n|t:|1699450185\n|move|p2a: Ursaluna|Vacuum Wave|p1a: Calyrex\n|-damage|p1a: Calyrex|84\/100\n|move|p1a: Calyrex|Glacial Lance|p2a: Ursaluna\n|-supereffective|p2a: Ursaluna\n|-damage|p2a: Ursaluna|0 fnt\n|faint|p2a: Ursaluna\n|-ability|p1a: Calyrex|Chilling Neigh|boost\n|-boost|p1a: Calyrex|atk|1\n|\n|-heal|p1a: Calyrex|91\/100|[from] item: Leftovers\n|upkeep\n|\n|t:|1699450189\n|switch|p2a: Kingambit|Kingambit, M, shiny|100\/100\n|-activate|p2a: Kingambit|ability: Supreme Overlord\n|-start|p2a: Kingambit|fallen3|[silent]\n|turn|14\n|\n|t:|1699450202\n|move|p1a: Calyrex|Glacial Lance|p2a: Kingambit\n|-resisted|p2a: Kingambit\n|-damage|p2a: Kingambit|66\/100\n|move|p2a: Kingambit|Kowtow Cleave|p1a: Calyrex\n|-supereffective|p1a: Calyrex\n|-damage|p1a: Calyrex|16\/100\n|\n|-heal|p1a: Calyrex|22\/100|[from] item: Leftovers\n|upkeep\n|turn|15\n|\n|t:|1699450219\n|move|p1a: Calyrex|Giga Drain|p2a: Kingambit\n|-resisted|p2a: Kingambit\n|-damage|p2a: Kingambit|60\/100\n|-heal|p1a: Calyrex|25\/100|[from] drain|[of] p2a: Kingambit\n|move|p2a: Kingambit|Kowtow Cleave|p1a: Calyrex\n|-supereffective|p1a: Calyrex\n|-damage|p1a: Calyrex|0 fnt\n|faint|p1a: Calyrex\n|\n|win|AeRegieleki\n|l|\u2606Frazzle99\n|l|\u2606AeRegieleki\n|j|\u2606AeRegieleki\n|player|p2|AeRegieleki|1\n","uploadtime":1699450311,"views":16,"p1id":"frazzle99","p2id":"aeregieleki","formatid":"gen9anythinggoes","rating":0,"private":0,"password":""}