{"id":"gen9anythinggoes-1977788063","p1":"hamdizzledizzle","p2":"godnotagain5","format":"[Gen 9] Anything Goes","log":"|j|\u2606hamdizzledizzle\n|j|\u2606godnotagain5\n|t:|1698449654\n|gametype|singles\n|player|p1|hamdizzledizzle|fisherman-gen4|1240\n|player|p2|godnotagain5|170|1169\n|teamsize|p1|6\n|teamsize|p2|6\n|gen|9\n|tier|[Gen 9] Anything Goes\n|rated|\n|rule|HP Percentage Mod: HP is shown in percentages\n|rule|Endless Battle Clause: Forcing endless battles is banned\n|clearpoke\n|poke|p1|Sneasler, F|\n|poke|p1|Toedscruel, M|\n|poke|p1|Toxtricity-Low-Key, F|\n|poke|p1|Garganacl, M|\n|poke|p1|Sandaconda, M|\n|poke|p1|Houndstone, F|\n|poke|p2|Skeledirge, M|\n|poke|p2|Garganacl, F|\n|poke|p2|Kilowattrel, F|\n|poke|p2|Flutter Mane|\n|poke|p2|Ogerpon-Hearthflame, F|\n|poke|p2|Great Tusk|\n|teampreview\n|\n|t:|1698449659\n|start\n|switch|p1a: Sneasler|Sneasler, F|100\/100\n|switch|p2a: Kilowattrel|Kilowattrel, F|100\/100\n|turn|1\n|\n|t:|1698449665\n|move|p1a: Sneasler|Fake Out|p2a: Kilowattrel\n|-damage|p2a: Kilowattrel|72\/100\n|cant|p2a: Kilowattrel|flinch\n|\n|upkeep\n|turn|2\n|\n|t:|1698449671\n|move|p2a: Kilowattrel|Air Slash|p1a: Sneasler\n|-supereffective|p1a: Sneasler\n|-damage|p1a: Sneasler|0 fnt\n|faint|p1a: Sneasler\n|\n|upkeep\n|\n|t:|1698449679\n|switch|p1a: Toedscruel|Toedscruel, M|100\/100\n|turn|3\n|\n|t:|1698449685\n|switch|p2a: Ogerpon|Ogerpon-Hearthflame, F|100\/100\n|-ability|p2a: Ogerpon|Mold Breaker\n|-terastallize|p1a: Toedscruel|Ground\n|move|p1a: Toedscruel|Leech Seed|p2a: Ogerpon\n|-immune|p2a: Ogerpon\n|\n|upkeep\n|turn|4\n|\n|t:|1698449695\n|move|p2a: Ogerpon|Swords Dance|p2a: Ogerpon\n|-boost|p2a: Ogerpon|atk|2\n|move|p1a: Toedscruel|Toxic|p2a: Ogerpon\n|-status|p2a: Ogerpon|tox\n|\n|-damage|p2a: Ogerpon|95\/100 tox|[from] psn\n|upkeep\n|turn|5\n|\n|t:|1698449703\n|switch|p1a: Garganacl|Garganacl, M|100\/100\n|move|p2a: Ogerpon|Trailblaze|p1a: Garganacl\n|-supereffective|p1a: Garganacl\n|-damage|p1a: Garganacl|20\/100\n|-boost|p2a: Ogerpon|spe|1\n|\n|-damage|p2a: Ogerpon|83\/100 tox|[from] psn\n|upkeep\n|turn|6\n|\n|t:|1698449715\n|move|p2a: Ogerpon|Trailblaze|p1a: Garganacl\n|-supereffective|p1a: Garganacl\n|-damage|p1a: Garganacl|0 fnt\n|-boost|p2a: Ogerpon|spe|1\n|faint|p1a: Garganacl\n|\n|-damage|p2a: Ogerpon|65\/100 tox|[from] psn\n|upkeep\n|inactive|Battle timer is ON: inactive players will automatically lose when time's up. (requested by godnotagain5)\n|\n|t:|1698449729\n|switch|p1a: Toxtricity|Toxtricity-Low-Key, F|100\/100\n|turn|7\n|\n|t:|1698449735\n|move|p2a: Ogerpon|Ivy Cudgel|p1a: Toxtricity\n|-damage|p1a: Toxtricity|0 fnt\n|faint|p1a: Toxtricity\n|\n|-damage|p2a: Ogerpon|41\/100 tox|[from] psn\n|upkeep\n|\n|t:|1698449740\n|switch|p1a: Toedscruel|Toedscruel, M, tera:Ground|100\/100\n|turn|8\n|\n|t:|1698449751\n|move|p2a: Ogerpon|Trailblaze|p1a: Toedscruel\n|-supereffective|p1a: Toedscruel\n|-damage|p1a: Toedscruel|0 fnt\n|-boost|p2a: Ogerpon|spe|1\n|faint|p1a: Toedscruel\n|\n|-damage|p2a: Ogerpon|11\/100 tox|[from] psn\n|upkeep\n|\n|t:|1698449760\n|switch|p1a: Sandaconda|Sandaconda, M|100\/100\n|turn|9\n|\n|t:|1698449765\n|move|p2a: Ogerpon|Ivy Cudgel|p1a: Sandaconda\n|-damage|p1a: Sandaconda|6\/100\n|-weather|Sandstorm|[from] ability: Sand Spit|[of] p1a: Sandaconda\n|move|p1a: Sandaconda|Iron Defense|p1a: Sandaconda\n|-boost|p1a: Sandaconda|def|2\n|\n|-weather|Sandstorm|[upkeep]\n|-damage|p2a: Ogerpon|5\/100 tox|[from] Sandstorm\n|-damage|p2a: Ogerpon|0 fnt|[from] psn\n|faint|p2a: Ogerpon\n|upkeep\n|\n|t:|1698449771\n|switch|p2a: Flutter Mane|Flutter Mane|100\/100\n|-enditem|p2a: Flutter Mane|Booster Energy\n|-activate|p2a: Flutter Mane|ability: Protosynthesis|[fromitem]\n|-start|p2a: Flutter Mane|protosynthesisspe\n|turn|10\n|\n|t:|1698449783\n|move|p2a: Flutter Mane|Energy Ball|p1a: Sandaconda\n|-supereffective|p1a: Sandaconda\n|-damage|p1a: Sandaconda|0 fnt\n|faint|p1a: Sandaconda\n|\n|-weather|Sandstorm|[upkeep]\n|-damage|p2a: Flutter Mane|95\/100|[from] Sandstorm\n|upkeep\n|\n|t:|1698449789\n|switch|p1a: Houndstone|Houndstone, F|100\/100\n|turn|11\n|\n|t:|1698449793\n|move|p2a: Flutter Mane|Shadow Ball|p1a: Houndstone\n|-supereffective|p1a: Houndstone\n|-damage|p1a: Houndstone|0 fnt\n|faint|p1a: Houndstone\n|\n|win|godnotagain5\n|raw|hamdizzledizzle's rating: 1240 &rarr; <strong>1210<\/strong><br \/>(-30 for losing)\n|raw|godnotagain5's rating: 1169 &rarr; <strong>1199<\/strong><br \/>(+30 for winning)\n|c|\u2606hamdizzledizzle|gg\n|l|\u2606hamdizzledizzle\n","uploadtime":1698450043,"views":7,"p1id":"hamdizzledizzle","p2id":"godnotagain5","formatid":"gen9anythinggoes","rating":1199,"private":0,"password":""}