{"id":"gen9anythinggoes-1977570730","p1":"Willkid","p2":"VioletMoonWyrm","format":"[Gen 9] Anything Goes","log":"|j|\u2606Willkid\n|j|\u2606VioletMoonWyrm\n|t:|1698428246\n|gametype|singles\n|player|p1|Willkid|firebreather|1201\n|player|p2|VioletMoonWyrm|102|1293\n|teamsize|p1|6\n|teamsize|p2|6\n|gen|9\n|tier|[Gen 9] Anything Goes\n|rated|\n|rule|HP Percentage Mod: HP is shown in percentages\n|rule|Endless Battle Clause: Forcing endless battles is banned\n|clearpoke\n|poke|p1|Dialga-Origin|\n|poke|p1|Palkia-Origin|\n|poke|p1|Zacian-*|\n|poke|p1|Zamazenta-*|\n|poke|p1|Manaphy|\n|poke|p1|Miraidon|\n|poke|p2|Drifblim, F|\n|poke|p2|Espathra, F|\n|poke|p2|Calyrex-Shadow|\n|poke|p2|Hoopa-Unbound|\n|poke|p2|Corviknight, F|\n|poke|p2|Magearna|\n|teampreview\n|inactive|Battle timer is ON: inactive players will automatically lose when time's up. (requested by VioletMoonWyrm)\n|\n|t:|1698428256\n|start\n|switch|p1a: Manaphy|Manaphy, shiny|100\/100\n|switch|p2a: Drifblim|Drifblim, F|100\/100\n|turn|1\n|\n|t:|1698428263\n|move|p1a: Manaphy|Tail Glow|p1a: Manaphy\n|-boost|p1a: Manaphy|spa|3\n|move|p2a: Drifblim|Substitute|p2a: Drifblim\n|-start|p2a: Drifblim|Substitute\n|-damage|p2a: Drifblim|75\/100\n|\n|upkeep\n|turn|2\n|\n|t:|1698428272\n|move|p1a: Manaphy|Calm Mind|p1a: Manaphy\n|-boost|p1a: Manaphy|spa|1\n|-boost|p1a: Manaphy|spd|1\n|move|p2a: Drifblim|Minimize|p2a: Drifblim\n|-boost|p2a: Drifblim|evasion|2\n|\n|upkeep\n|turn|3\n|\n|t:|1698428278\n|move|p1a: Manaphy|Calm Mind|p1a: Manaphy\n|-boost|p1a: Manaphy|spa|1\n|-boost|p1a: Manaphy|spd|1\n|move|p2a: Drifblim|Minimize|p2a: Drifblim\n|-boost|p2a: Drifblim|evasion|2\n|\n|upkeep\n|turn|4\n|\n|t:|1698428286\n|move|p1a: Manaphy|Acid Armor|p1a: Manaphy\n|-boost|p1a: Manaphy|def|2\n|move|p2a: Drifblim|Minimize|p2a: Drifblim\n|-boost|p2a: Drifblim|evasion|2\n|\n|upkeep\n|turn|5\n|\n|t:|1698428293\n|move|p1a: Manaphy|Baton Pass|p1a: Manaphy\n|\n|t:|1698428296\n|switch|p1a: Zacian|Zacian-Crowned, shiny|100\/100|[from] Baton Pass\n|-ability|p1a: Zacian|Intrepid Sword|boost\n|-boost|p1a: Zacian|atk|1\n|move|p2a: Drifblim|Calm Mind|p2a: Drifblim\n|-boost|p2a: Drifblim|spa|1\n|-boost|p2a: Drifblim|spd|1\n|\n|upkeep\n|turn|6\n|\n|t:|1698428308\n|move|p1a: Zacian|Behemoth Blade|p2a: Drifblim|[miss]\n|-miss|p1a: Zacian|p2a: Drifblim\n|move|p2a: Drifblim|Calm Mind|p2a: Drifblim\n|-boost|p2a: Drifblim|spa|1\n|-boost|p2a: Drifblim|spd|1\n|\n|upkeep\n|turn|7\n|\n|t:|1698428316\n|move|p1a: Zacian|Dazzling Gleam|p2a: Drifblim\n|-end|p2a: Drifblim|Substitute\n|move|p2a: Drifblim|Baton Pass|p2a: Drifblim\n|\n|t:|1698428320\n|switch|p2a: Espathra|Espathra, F|100\/100|[from] Baton Pass\n|\n|upkeep\n|turn|8\n|\n|t:|1698428327\n|move|p1a: Zacian|Dazzling Gleam|p2a: Espathra|[miss]\n|-miss|p1a: Zacian|p2a: Espathra\n|move|p2a: Espathra|Agility|p2a: Espathra\n|-boost|p2a: Espathra|spe|2\n|\n|-ability|p2a: Espathra|Speed Boost|boost\n|-boost|p2a: Espathra|spe|1\n|upkeep\n|turn|9\n|\n|t:|1698428341\n|move|p2a: Espathra|Calm Mind|p2a: Espathra\n|-boost|p2a: Espathra|spa|1\n|-boost|p2a: Espathra|spd|1\n|move|p1a: Zacian|Dazzling Gleam|p2a: Espathra|[miss]\n|-miss|p1a: Zacian|p2a: Espathra\n|\n|-ability|p2a: Espathra|Speed Boost|boost\n|-boost|p2a: Espathra|spe|1\n|upkeep\n|turn|10\n|\n|t:|1698428352\n|move|p2a: Espathra|Calm Mind|p2a: Espathra\n|-boost|p2a: Espathra|spa|1\n|-boost|p2a: Espathra|spd|1\n|move|p1a: Zacian|Dazzling Gleam|p2a: Espathra\n|-damage|p2a: Espathra|65\/100\n|\n|-ability|p2a: Espathra|Speed Boost|boost\n|-boost|p2a: Espathra|spe|1\n|upkeep\n|turn|11\n|\n|t:|1698428367\n|move|p2a: Espathra|Roost|p2a: Espathra\n|-heal|p2a: Espathra|100\/100\n|-singleturn|p2a: Espathra|move: Roost\n|move|p1a: Zacian|Ice Fang|p2a: Espathra|[miss]\n|-miss|p1a: Zacian|p2a: Espathra\n|\n|-ability|p2a: Espathra|Speed Boost|boost\n|-boost|p2a: Espathra|spe|1\n|upkeep\n|turn|12\n|\n|t:|1698428377\n|move|p2a: Espathra|Baton Pass|p2a: Espathra\n|\n|t:|1698428379\n|switch|p2a: Calyrex|Calyrex-Shadow|100\/100|[from] Baton Pass\n|-ability|p2a: Calyrex|As One\n|-ability|p2a: Calyrex|Unnerve\n|move|p1a: Zacian|Dazzling Gleam|p2a: Calyrex|[miss]\n|-miss|p1a: Zacian|p2a: Calyrex\n|\n|upkeep\n|turn|13\n|c|\u2606Willkid|this is going to be hella annoying\n|\n|t:|1698428392\n|-terastallize|p2a: Calyrex|Psychic\n|move|p2a: Calyrex|Astral Barrage|p1a: Zacian\n|-damage|p1a: Zacian|0 fnt\n|faint|p1a: Zacian\n|-ability|p2a: Calyrex|Grim Neigh|boost\n|-boost|p2a: Calyrex|spa|1\n|\n|upkeep\n|c|\u2606Willkid|gg\n|c|\u2606VioletMoonWyrm|gg\n|\n|t:|1698428406\n|switch|p1a: Dialga|Dialga-Origin, shiny|100\/100\n|-ability|p1a: Dialga|Pressure\n|turn|14\n|\n|t:|1698428420\n|move|p2a: Calyrex|Astral Barrage|p1a: Dialga\n|-damage|p1a: Dialga|0 fnt\n|faint|p1a: Dialga\n|-ability|p2a: Calyrex|Grim Neigh|boost\n|-boost|p2a: Calyrex|spa|1\n|\n|upkeep\n|\n|t:|1698428428\n|switch|p1a: Miraidon|Miraidon|100\/100\n|-fieldstart|move: Electric Terrain|[from] ability: Hadron Engine|[of] p1a: Miraidon\n|turn|15\n|\n|t:|1698428435\n|move|p2a: Calyrex|Astral Barrage|p1a: Miraidon\n|-damage|p1a: Miraidon|0 fnt\n|faint|p1a: Miraidon\n|\n|upkeep\n|c|\u2606Willkid|bro this setup is goddly\n|c|\u2606Willkid|godly\n|\n|t:|1698428454\n|switch|p1a: Palkia|Palkia-Origin, shiny|100\/100\n|-ability|p1a: Palkia|Pressure\n|turn|16\n|c|\u2606VioletMoonWyrm|yeah\n|c|\u2606VioletMoonWyrm|its heavly reliant on the enemy also setting up\n|\n|t:|1698428474\n|move|p2a: Calyrex|Astral Barrage|p1a: Palkia\n|-damage|p1a: Palkia|0 fnt\n|faint|p1a: Palkia\n|\n|upkeep\n|\n|t:|1698428481\n|switch|p1a: Manaphy|Manaphy, shiny|100\/100\n|turn|17\n|\n|t:|1698428485\n|move|p2a: Calyrex|Energy Ball|p1a: Manaphy\n|-supereffective|p1a: Manaphy\n|-damage|p1a: Manaphy|0 fnt\n|faint|p1a: Manaphy\n|\n|upkeep\n|\n|t:|1698428490\n|switch|p1a: Zamazenta|Zamazenta-Crowned, shiny|100\/100\n|-ability|p1a: Zamazenta|Dauntless Shield|boost\n|-boost|p1a: Zamazenta|def|1\n|turn|18\n|\n|t:|1698428496\n|move|p2a: Calyrex|Astral Barrage|p1a: Zamazenta\n|-damage|p1a: Zamazenta|0 fnt\n|faint|p1a: Zamazenta\n|\n|win|VioletMoonWyrm\n|raw|Willkid's rating: 1201 &rarr; <strong>1182<\/strong><br \/>(-19 for losing)\n|raw|VioletMoonWyrm's rating: 1293 &rarr; <strong>1312<\/strong><br \/>(+19 for winning)\n|c|\u2606Willkid|gg\n|c|\u2606VioletMoonWyrm|gg\n|c|\u2606Willkid|gg\n|l|\u2606VioletMoonWyrm\n|l|\u2606Willkid\n","uploadtime":1698428533,"views":7,"p1id":"willkid","p2id":"violetmoonwyrm","formatid":"gen9anythinggoes","rating":1182,"private":0,"password":""}