{"id":"gen9anythinggoes-1980278522","p1":"sssub_lemon","p2":"Lucasoduncu","format":"[Gen 9] Anything Goes","log":"|j|\u2606sssub_lemon\n|j|\u2606Lucasoduncu\n|t:|1698771817\n|gametype|singles\n|player|p1|sssub_lemon|fisherman-gen4|1111\n|player|p2|Lucasoduncu|cameraman|1115\n|teamsize|p1|6\n|teamsize|p2|6\n|gen|9\n|tier|[Gen 9] Anything Goes\n|rated|\n|rule|HP Percentage Mod: HP is shown in percentages\n|rule|Endless Battle Clause: Forcing endless battles is banned\n|clearpoke\n|poke|p1|Houndoom, M|\n|poke|p1|Gengar, M|\n|poke|p1|Gogoat, M|\n|poke|p1|Chien-Pao|\n|poke|p1|Manaphy|\n|poke|p1|Great Tusk|\n|poke|p2|Lucario, M|\n|poke|p2|Tinkaton, F|\n|poke|p2|Copperajah, M|\n|poke|p2|Corviknight, M|\n|poke|p2|Sandslash-Alola, F|\n|poke|p2|Orthworm, F|\n|teampreview\n|inactive|Battle timer is ON: inactive players will automatically lose when time's up. (requested by sssub_lemon)\n|\n|t:|1698771825\n|start\n|switch|p1a: Houndoom|Houndoom, M|100\/100\n|switch|p2a: Sandslash|Sandslash-Alola, F, shiny|100\/100\n|-item|p1a: Houndoom|Air Balloon\n|turn|1\n|\n|t:|1698771830\n|move|p1a: Houndoom|Flamethrower|p2a: Sandslash\n|-supereffective|p2a: Sandslash\n|-damage|p2a: Sandslash|0 fnt\n|faint|p2a: Sandslash\n|\n|upkeep\n|c|\u2606sssub_lemon|glhf\n|\n|t:|1698771838\n|switch|p2a: Tinkaton|Tinkaton, F, shiny|100\/100\n|-ability|p2a: Tinkaton|Mold Breaker\n|turn|2\n|\n|t:|1698771842\n|move|p1a: Houndoom|Nasty Plot|p1a: Houndoom\n|-boost|p1a: Houndoom|spa|2\n|move|p2a: Tinkaton|Stealth Rock|p1a: Houndoom\n|-sidestart|p1: sssub_lemon|move: Stealth Rock\n|\n|upkeep\n|turn|3\n|\n|t:|1698771847\n|move|p1a: Houndoom|Flamethrower|p2a: Tinkaton\n|-supereffective|p2a: Tinkaton\n|-damage|p2a: Tinkaton|0 fnt\n|faint|p2a: Tinkaton\n|\n|upkeep\n|\n|t:|1698771851\n|switch|p2a: Orthworm|Orthworm, F, shiny|100\/100\n|turn|4\n|\n|t:|1698771856\n|move|p1a: Houndoom|Nasty Plot|p1a: Houndoom\n|-boost|p1a: Houndoom|spa|2\n|move|p2a: Orthworm|Body Press|p1a: Houndoom\n|-supereffective|p1a: Houndoom\n|-damage|p1a: Houndoom|0 fnt\n|-enditem|p1a: Houndoom|Air Balloon\n|faint|p1a: Houndoom\n|\n|upkeep\n|\n|t:|1698771868\n|switch|p1a: Great Tusk|Great Tusk|100\/100\n|-damage|p1a: Great Tusk|98\/100|[from] Stealth Rock\n|turn|5\n|\n|t:|1698771881\n|-terastallize|p1a: Great Tusk|Fire\n|move|p1a: Great Tusk|Close Combat|p2a: Orthworm\n|-supereffective|p2a: Orthworm\n|-damage|p2a: Orthworm|14\/100\n|-unboost|p1a: Great Tusk|def|1\n|-unboost|p1a: Great Tusk|spd|1\n|-damage|p1a: Great Tusk|88\/100|[from] item: Life Orb\n|move|p2a: Orthworm|Earthquake|p1a: Great Tusk\n|-supereffective|p1a: Great Tusk\n|-damage|p1a: Great Tusk|46\/100\n|\n|-heal|p2a: Orthworm|21\/100|[from] item: Leftovers\n|upkeep\n|turn|6\n|\n|t:|1698771891\n|move|p1a: Great Tusk|Rapid Spin|p2a: Orthworm\n|-resisted|p2a: Orthworm\n|-damage|p2a: Orthworm|15\/100\n|-boost|p1a: Great Tusk|spe|1\n|-sideend|p1: sssub_lemon|Stealth Rock|[from] move: Rapid Spin|[of] p1a: Great Tusk\n|-damage|p1a: Great Tusk|36\/100|[from] item: Life Orb\n|move|p2a: Orthworm|Earthquake|p1a: Great Tusk\n|-supereffective|p1a: Great Tusk\n|-damage|p1a: Great Tusk|0 fnt\n|faint|p1a: Great Tusk\n|-end|p1a: Great Tusk|Protosynthesis|[silent]\n|\n|-heal|p2a: Orthworm|21\/100|[from] item: Leftovers\n|upkeep\n|\n|t:|1698771904\n|switch|p1a: Gengar|Gengar, M|100\/100\n|turn|7\n|\n|t:|1698771908\n|move|p1a: Gengar|Shadow Ball|p2a: Orthworm\n|-damage|p2a: Orthworm|0 fnt\n|faint|p2a: Orthworm\n|\n|upkeep\n|\n|t:|1698771913\n|switch|p2a: Copperajah|Copperajah, M, shiny|100\/100\n|turn|8\n|\n|t:|1698771916\n|move|p1a: Gengar|Shadow Ball|p2a: Copperajah\n|-damage|p2a: Copperajah|72\/100\n|move|p2a: Copperajah|Fissure|p1a: Gengar|[miss]\n|-miss|p2a: Copperajah|p1a: Gengar\n|\n|-heal|p2a: Copperajah|79\/100|[from] item: Leftovers\n|upkeep\n|turn|9\n|\n|t:|1698771921\n|move|p1a: Gengar|Shadow Ball|p2a: Copperajah\n|-damage|p2a: Copperajah|50\/100\n|move|p2a: Copperajah|Fissure|p1a: Gengar|[miss]\n|-miss|p2a: Copperajah|p1a: Gengar\n|\n|-heal|p2a: Copperajah|57\/100|[from] item: Leftovers\n|upkeep\n|turn|10\n|\n|t:|1698771929\n|move|p1a: Gengar|Shadow Ball|p2a: Copperajah\n|-damage|p2a: Copperajah|28\/100\n|move|p2a: Copperajah|Fissure|p1a: Gengar\n|-damage|p1a: Gengar|0 fnt\n|faint|p1a: Gengar\n|-ohko\n|\n|-heal|p2a: Copperajah|35\/100|[from] item: Leftovers\n|upkeep\n|c|\u2606sssub_lemon|WHAT THE\n|\n|t:|1698771939\n|switch|p1a: Manaphy|Manaphy|100\/100\n|turn|11\n|\n|t:|1698771941\n|move|p1a: Manaphy|Take Heart|p1a: Manaphy\n|-boost|p1a: Manaphy|spa|1\n|-boost|p1a: Manaphy|spd|1\n|move|p2a: Copperajah|Fissure|p1a: Manaphy\n|-damage|p1a: Manaphy|0 fnt\n|faint|p1a: Manaphy\n|-ohko\n|\n|-heal|p2a: Copperajah|41\/100|[from] item: Leftovers\n|upkeep\n|\n|t:|1698771947\n|switch|p1a: Gogoat|Gogoat, M|100\/100\n|turn|12\n|\n|t:|1698771949\n|move|p1a: Gogoat|Earthquake|p2a: Copperajah\n|-supereffective|p2a: Copperajah\n|-damage|p2a: Copperajah|0 fnt\n|faint|p2a: Copperajah\n|\n|upkeep\n|\n|t:|1698771958\n|switch|p2a: Saltynight|Corviknight, M, shiny|100\/100\n|-ability|p2a: Saltynight|Pressure\n|turn|13\n|\n|t:|1698771967\n|move|p1a: Gogoat|Wild Charge|p2a: Saltynight\n|-supereffective|p2a: Saltynight\n|-damage|p2a: Saltynight|56\/100\n|-damage|p1a: Gogoat|90\/100|[from] Recoil\n|move|p2a: Saltynight|Peck|p1a: Gogoat\n|-supereffective|p1a: Gogoat\n|-damage|p1a: Gogoat|68\/100\n|\n|-heal|p1a: Gogoat|74\/100|[from] item: Leftovers\n|-heal|p2a: Saltynight|62\/100|[from] item: Leftovers\n|upkeep\n|turn|14\n|\n|t:|1698771976\n|move|p1a: Gogoat|Wild Charge|p2a: Saltynight\n|-supereffective|p2a: Saltynight\n|-damage|p2a: Saltynight|12\/100\n|-damage|p1a: Gogoat|63\/100|[from] Recoil\n|move|p2a: Saltynight|Bulk Up|p2a: Saltynight\n|-boost|p2a: Saltynight|atk|1\n|-boost|p2a: Saltynight|def|1\n|\n|-heal|p1a: Gogoat|69\/100|[from] item: Leftovers\n|-heal|p2a: Saltynight|18\/100|[from] item: Leftovers\n|upkeep\n|turn|15\n|c|\u2606sssub_lemon|i reccomend brave bird over peck\n|\n|t:|1698771988\n|move|p1a: Gogoat|Wild Charge|p2a: Saltynight\n|-supereffective|p2a: Saltynight\n|-damage|p2a: Saltynight|0 fnt\n|faint|p2a: Saltynight\n|-damage|p1a: Gogoat|65\/100|[from] Recoil\n|\n|-heal|p1a: Gogoat|71\/100|[from] item: Leftovers\n|upkeep\n|\n|t:|1698771990\n|switch|p2a: Lucario|Lucario, M, shiny|100\/100\n|turn|16\n|c|\u2606sssub_lemon|or arial ace\n|\n|t:|1698772004\n|move|p2a: Lucario|Stone Edge|p1a: Gogoat|[miss]\n|-miss|p2a: Lucario|p1a: Gogoat\n|move|p1a: Gogoat|Earthquake|p2a: Lucario\n|-supereffective|p2a: Lucario\n|-damage|p2a: Lucario|0 fnt\n|faint|p2a: Lucario\n|\n|win|sssub_lemon\n|raw|sssub_lemon's rating: 1111 &rarr; <strong>1136<\/strong><br \/>(+25 for winning)\n|raw|Lucasoduncu's rating: 1115 &rarr; <strong>1090<\/strong><br \/>(-25 for losing)\n","uploadtime":1698772007,"views":14,"p1id":"sssublemon","p2id":"lucasoduncu","formatid":"gen9anythinggoes","rating":1090,"private":0,"password":""}