{"id":"gen9anythinggoes-1978339667","p1":"LocalEspinas","p2":"SkibbidyOhio","format":"[Gen 9] Anything Goes","log":"|j|\u2606LocalEspinas\n|j|\u2606SkibbidyOhio\n|t:|1698526932\n|gametype|singles\n|player|p1|LocalEspinas|iris-gen5bw2|1175\n|player|p2|SkibbidyOhio|riley|1072\n|teamsize|p1|6\n|teamsize|p2|6\n|gen|9\n|tier|[Gen 9] Anything Goes\n|rated|\n|rule|HP Percentage Mod: HP is shown in percentages\n|rule|Endless Battle Clause: Forcing endless battles is banned\n|clearpoke\n|poke|p1|Corviknight, M|\n|poke|p1|Oricorio-Sensu, M|\n|poke|p1|Glimmora, M|\n|poke|p1|Iron Bundle|\n|poke|p1|Manaphy|\n|poke|p1|Orthworm, M|\n|poke|p2|Kingambit, M|\n|poke|p2|Garchomp, F|\n|poke|p2|Annihilape, M|\n|poke|p2|Zacian-*|\n|poke|p2|Rayquaza|\n|poke|p2|Gengar, M|\n|teampreview\n|\n|t:|1698526996\n|start\n|switch|p1a: Orthworm|Orthworm, M|100\/100\n|switch|p2a: Gengar|Gengar, M|100\/100\n|turn|1\n|\n|t:|1698527007\n|move|p2a: Gengar|Giga Drain|p1a: Orthworm\n|-resisted|p1a: Orthworm\n|-damage|p1a: Orthworm|89\/100\n|move|p1a: Orthworm|Shed Tail|p1a: Orthworm\n|-start|p1a: Orthworm|Substitute|[from] move: Shed Tail\n|-damage|p1a: Orthworm|39\/100\n|-enditem|p1a: Orthworm|Sitrus Berry|[eat]\n|-heal|p1a: Orthworm|64\/100|[from] item: Sitrus Berry\n|\n|t:|1698527014\n|switch|p1a: Manaphy|Manaphy, shiny|100\/100|[from] Shed Tail\n|\n|upkeep\n|turn|2\n|\n|t:|1698527024\n|-terastallize|p1a: Manaphy|Fire\n|move|p2a: Gengar|Poltergeist|p1a: Manaphy\n|-activate|p1a: Manaphy|move: Poltergeist|Leftovers\n|-activate|p1a: Manaphy|move: Substitute|[damage]\n|move|p1a: Manaphy|Take Heart|p1a: Manaphy\n|-boost|p1a: Manaphy|spa|1\n|-boost|p1a: Manaphy|spd|1\n|\n|upkeep\n|turn|3\n|\n|t:|1698527036\n|move|p2a: Gengar|Toxic Spikes|p1a: Manaphy\n|-sidestart|p1: LocalEspinas|move: Toxic Spikes\n|move|p1a: Manaphy|Take Heart|p1a: Manaphy\n|-boost|p1a: Manaphy|spa|1\n|-boost|p1a: Manaphy|spd|1\n|\n|upkeep\n|turn|4\n|\n|t:|1698527045\n|move|p2a: Gengar|Poltergeist|p1a: Manaphy\n|-activate|p1a: Manaphy|move: Poltergeist|Leftovers\n|-end|p1a: Manaphy|Substitute\n|move|p1a: Manaphy|Take Heart|p1a: Manaphy\n|-boost|p1a: Manaphy|spa|1\n|-boost|p1a: Manaphy|spd|1\n|\n|upkeep\n|turn|5\n|\n|t:|1698527062\n|move|p2a: Gengar|Giga Drain|p1a: Manaphy\n|-resisted|p1a: Manaphy\n|-damage|p1a: Manaphy|98\/100\n|move|p1a: Manaphy|Acid Armor|p1a: Manaphy\n|-boost|p1a: Manaphy|def|2\n|\n|-heal|p1a: Manaphy|100\/100|[from] item: Leftovers\n|upkeep\n|turn|6\n|\n|t:|1698527071\n|move|p2a: Gengar|Destiny Bond|p2a: Gengar\n|-singlemove|p2a: Gengar|Destiny Bond\n|move|p1a: Manaphy|Acid Armor|p1a: Manaphy\n|-boost|p1a: Manaphy|def|2\n|\n|upkeep\n|turn|7\n|\n|t:|1698527082\n|move|p2a: Gengar|Poltergeist|p1a: Manaphy|[miss]\n|-miss|p2a: Gengar|p1a: Manaphy\n|move|p1a: Manaphy|Acid Armor|p1a: Manaphy\n|-boost|p1a: Manaphy|def|2\n|\n|upkeep\n|turn|8\n|\n|t:|1698527090\n|move|p2a: Gengar|Poltergeist|p1a: Manaphy\n|-activate|p1a: Manaphy|move: Poltergeist|Leftovers\n|-damage|p1a: Manaphy|96\/100\n|move|p1a: Manaphy|Tail Glow|p1a: Manaphy\n|-boost|p1a: Manaphy|spa|3\n|\n|-heal|p1a: Manaphy|100\/100|[from] item: Leftovers\n|upkeep\n|turn|9\n|\n|t:|1698527099\n|move|p2a: Gengar|Destiny Bond|p2a: Gengar\n|-singlemove|p2a: Gengar|Destiny Bond\n|move|p1a: Manaphy|Baton Pass|p1a: Manaphy\n|\n|t:|1698527103\n|switch|p1a: Oricorio|Oricorio-Sensu, M|100\/100|[from] Baton Pass\n|\n|upkeep\n|turn|10\n|\n|t:|1698527113\n|move|p2a: Gengar|Poltergeist|p1a: Oricorio\n|-activate|p1a: Oricorio|move: Poltergeist|Leftovers\n|-supereffective|p1a: Oricorio\n|-damage|p1a: Oricorio|85\/100\n|move|p1a: Oricorio|Quiver Dance|p1a: Oricorio\n|-boost|p1a: Oricorio|spa|0\n|-boost|p1a: Oricorio|spd|1\n|-boost|p1a: Oricorio|spe|1\n|\n|-heal|p1a: Oricorio|91\/100|[from] item: Leftovers\n|upkeep\n|turn|11\n|\n|t:|1698527124\n|move|p1a: Oricorio|Quiver Dance|p1a: Oricorio\n|-boost|p1a: Oricorio|spa|0\n|-boost|p1a: Oricorio|spd|1\n|-boost|p1a: Oricorio|spe|1\n|move|p2a: Gengar|Destiny Bond|p2a: Gengar\n|-singlemove|p2a: Gengar|Destiny Bond\n|\n|-heal|p1a: Oricorio|97\/100|[from] item: Leftovers\n|upkeep\n|turn|12\n|\n|t:|1698527133\n|move|p1a: Oricorio|Quiver Dance|p1a: Oricorio\n|-boost|p1a: Oricorio|spa|0\n|-boost|p1a: Oricorio|spd|1\n|-boost|p1a: Oricorio|spe|1\n|move|p2a: Gengar|Poltergeist|p1a: Oricorio\n|-activate|p1a: Oricorio|move: Poltergeist|Leftovers\n|-supereffective|p1a: Oricorio\n|-damage|p1a: Oricorio|82\/100\n|\n|-heal|p1a: Oricorio|88\/100|[from] item: Leftovers\n|upkeep\n|turn|13\n|\n|t:|1698527149\n|move|p1a: Oricorio|Quiver Dance|p1a: Oricorio\n|-boost|p1a: Oricorio|spa|0\n|-boost|p1a: Oricorio|spd|0\n|-boost|p1a: Oricorio|spe|1\n|move|p2a: Gengar|Destiny Bond|p2a: Gengar\n|-singlemove|p2a: Gengar|Destiny Bond\n|\n|-heal|p1a: Oricorio|94\/100|[from] item: Leftovers\n|upkeep\n|turn|14\n|\n|t:|1698527160\n|move|p1a: Oricorio|Quiver Dance|p1a: Oricorio\n|-boost|p1a: Oricorio|spa|0\n|-boost|p1a: Oricorio|spd|0\n|-boost|p1a: Oricorio|spe|1\n|move|p2a: Gengar|Poltergeist|p1a: Oricorio\n|-activate|p1a: Oricorio|move: Poltergeist|Leftovers\n|-supereffective|p1a: Oricorio\n|-damage|p1a: Oricorio|77\/100\n|\n|-heal|p1a: Oricorio|83\/100|[from] item: Leftovers\n|upkeep\n|turn|15\n|\n|t:|1698527171\n|move|p1a: Oricorio|Quiver Dance|p1a: Oricorio\n|-boost|p1a: Oricorio|spa|0\n|-boost|p1a: Oricorio|spd|0\n|-boost|p1a: Oricorio|spe|1\n|move|p2a: Gengar|Destiny Bond|p2a: Gengar\n|-singlemove|p2a: Gengar|Destiny Bond\n|\n|-heal|p1a: Oricorio|89\/100|[from] item: Leftovers\n|upkeep\n|turn|16\n|\n|t:|1698527181\n|move|p1a: Oricorio|Swords Dance|p1a: Oricorio\n|-boost|p1a: Oricorio|atk|2\n|move|p2a: Gengar|Poltergeist|p1a: Oricorio\n|-activate|p1a: Oricorio|move: Poltergeist|Leftovers\n|-supereffective|p1a: Oricorio\n|-damage|p1a: Oricorio|73\/100\n|\n|-heal|p1a: Oricorio|80\/100|[from] item: Leftovers\n|upkeep\n|turn|17\n|\n|t:|1698527192\n|move|p1a: Oricorio|Swords Dance|p1a: Oricorio\n|-boost|p1a: Oricorio|atk|2\n|move|p2a: Gengar|Toxic Spikes|p1a: Oricorio\n|-sidestart|p1: LocalEspinas|move: Toxic Spikes\n|\n|-heal|p1a: Oricorio|86\/100|[from] item: Leftovers\n|upkeep\n|turn|18\n|\n|t:|1698527202\n|move|p1a: Oricorio|Swords Dance|p1a: Oricorio\n|-boost|p1a: Oricorio|atk|2\n|move|p2a: Gengar|Destiny Bond|p2a: Gengar\n|-singlemove|p2a: Gengar|Destiny Bond\n|\n|-heal|p1a: Oricorio|92\/100|[from] item: Leftovers\n|upkeep\n|turn|19\n|\n|t:|1698527210\n|move|p1a: Oricorio|Swords Dance|p1a: Oricorio\n|-boost|p1a: Oricorio|atk|0\n|move|p2a: Gengar|Giga Drain|p1a: Oricorio\n|-resisted|p1a: Oricorio\n|-damage|p1a: Oricorio|89\/100\n|\n|-heal|p1a: Oricorio|95\/100|[from] item: Leftovers\n|upkeep\n|turn|20\n|\n|t:|1698527219\n|move|p1a: Oricorio|Revelation Dance|p2a: Gengar\n|-supereffective|p2a: Gengar\n|-enditem|p2a: Gengar|Focus Sash\n|-damage|p2a: Gengar|1\/100\n|-start|p1a: Oricorio|Disable|Revelation Dance|[from] ability: Cursed Body|[of] p2a: Gengar\n|move|p2a: Gengar|Destiny Bond|p2a: Gengar\n|-singlemove|p2a: Gengar|Destiny Bond\n|\n|-heal|p1a: Oricorio|100\/100|[from] item: Leftovers\n|upkeep\n|turn|21\n|\n|t:|1698527233\n|move|p1a: Oricorio|Baton Pass|p1a: Oricorio\n|\n|t:|1698527235\n|switch|p1a: UNLIMITED POWER|Corviknight, M, shiny|100\/100|[from] Baton Pass\n|move|p2a: Gengar|Giga Drain|p1a: UNLIMITED POWER\n|-resisted|p1a: UNLIMITED POWER\n|-damage|p1a: UNLIMITED POWER|99\/100\n|-heal|p2a: Gengar|2\/100|[from] drain|[of] p1a: UNLIMITED POWER\n|\n|-heal|p1a: UNLIMITED POWER|100\/100|[from] item: Leftovers\n|upkeep\n|turn|22\n|\n|t:|1698527249\n|move|p1a: UNLIMITED POWER|Iron Head|p2a: Gengar\n|-damage|p2a: Gengar|0 fnt\n|faint|p2a: Gengar\n|\n|upkeep\n|\n|t:|1698527272\n|switch|p2a: Zacian|Zacian-Crowned, shiny|100\/100\n|-ability|p2a: Zacian|Intrepid Sword|boost\n|-boost|p2a: Zacian|atk|1\n|turn|23\n|\n|t:|1698527288\n|-terastallize|p2a: Zacian|Fighting\n|move|p1a: UNLIMITED POWER|Body Press|p2a: Zacian\n|-damage|p2a: Zacian|8\/100\n|move|p2a: Zacian|Sacred Sword|p1a: UNLIMITED POWER\n|-damage|p1a: UNLIMITED POWER|52\/100\n|\n|-heal|p1a: UNLIMITED POWER|58\/100|[from] item: Leftovers\n|upkeep\n|turn|24\n|\n|t:|1698527302\n|move|p1a: UNLIMITED POWER|Iron Head|p2a: Zacian\n|-damage|p2a: Zacian|0 fnt\n|faint|p2a: Zacian\n|\n|-heal|p1a: UNLIMITED POWER|64\/100|[from] item: Leftovers\n|upkeep\n|\n|t:|1698527312\n|switch|p2a: Annihilape|Annihilape, M|100\/100\n|turn|25\n|\n|t:|1698527323\n|move|p1a: UNLIMITED POWER|Power Trip|p2a: Annihilape\n|-damage|p2a: Annihilape|0 fnt\n|faint|p2a: Annihilape\n|\n|-heal|p1a: UNLIMITED POWER|70\/100|[from] item: Leftovers\n|upkeep\n|\n|t:|1698527333\n|switch|p2a: Garchomp|Garchomp, F|100\/100\n|turn|26\n|\n|t:|1698527340\n|move|p1a: UNLIMITED POWER|Power Trip|p2a: Garchomp\n|-enditem|p2a: Garchomp|Focus Sash\n|-damage|p2a: Garchomp|1\/100\n|-damage|p1a: UNLIMITED POWER|58\/100|[from] ability: Rough Skin|[of] p2a: Garchomp\n|move|p2a: Garchomp|Draco Meteor|p1a: UNLIMITED POWER\n|-resisted|p1a: UNLIMITED POWER\n|-damage|p1a: UNLIMITED POWER|54\/100\n|-unboost|p2a: Garchomp|spa|2\n|\n|-heal|p1a: UNLIMITED POWER|60\/100|[from] item: Leftovers\n|upkeep\n|turn|27\n|\n|t:|1698527356\n|move|p1a: UNLIMITED POWER|Iron Head|p2a: Garchomp\n|-damage|p2a: Garchomp|0 fnt\n|-damage|p1a: UNLIMITED POWER|48\/100|[from] ability: Rough Skin|[of] p2a: Garchomp\n|faint|p2a: Garchomp\n|\n|-heal|p1a: UNLIMITED POWER|54\/100|[from] item: Leftovers\n|upkeep\n|\n|t:|1698527363\n|switch|p2a: Rayquaza|Rayquaza, shiny|100\/100\n|-ability|p2a: Rayquaza|Air Lock\n|turn|28\n|\n|t:|1698527376\n|move|p1a: UNLIMITED POWER|Power Trip|p2a: Rayquaza\n|-enditem|p2a: Rayquaza|Focus Sash\n|-damage|p2a: Rayquaza|1\/100\n|move|p2a: Rayquaza|Crunch|p1a: UNLIMITED POWER\n|-damage|p1a: UNLIMITED POWER|49\/100\n|-ability|p1a: UNLIMITED POWER|Mirror Armor\n|-unboost|p2a: Rayquaza|def|1\n|\n|-heal|p1a: UNLIMITED POWER|55\/100|[from] item: Leftovers\n|upkeep\n|turn|29\n|\n|t:|1698527389\n|move|p2a: Rayquaza|Extreme Speed|p1a: UNLIMITED POWER\n|-resisted|p1a: UNLIMITED POWER\n|-damage|p1a: UNLIMITED POWER|53\/100\n|move|p1a: UNLIMITED POWER|Iron Head|p2a: Rayquaza\n|-damage|p2a: Rayquaza|0 fnt\n|faint|p2a: Rayquaza\n|\n|-heal|p1a: UNLIMITED POWER|59\/100|[from] item: Leftovers\n|upkeep\n|\n|t:|1698527398\n|switch|p2a: Kingambit|Kingambit, M|100\/100\n|-activate|p2a: Kingambit|ability: Supreme Overlord\n|-start|p2a: Kingambit|fallen5|[silent]\n|turn|30\n|\n|t:|1698527408\n|move|p1a: UNLIMITED POWER|Power Trip|p2a: Kingambit\n|-resisted|p2a: Kingambit\n|-enditem|p2a: Kingambit|Focus Sash\n|-damage|p2a: Kingambit|1\/100\n|move|p2a: Kingambit|Stone Edge|p1a: UNLIMITED POWER|[miss]\n|-miss|p2a: Kingambit|p1a: UNLIMITED POWER\n|\n|-heal|p1a: UNLIMITED POWER|65\/100|[from] item: Leftovers\n|upkeep\n|turn|31\n|\n|t:|1698527420\n|move|p1a: UNLIMITED POWER|Body Press|p2a: Kingambit\n|-supereffective|p2a: Kingambit\n|-damage|p2a: Kingambit|0 fnt\n|faint|p2a: Kingambit\n|-end|p2a: Kingambit|fallen5|[silent]\n|\n|win|LocalEspinas\n|raw|LocalEspinas's rating: 1175 &rarr; <strong>1193<\/strong><br \/>(+18 for winning)\n|raw|SkibbidyOhio's rating: 1072 &rarr; <strong>1057<\/strong><br \/>(-15 for losing)\n|l|\u2606SkibbidyOhio\n","uploadtime":1698527461,"views":7,"p1id":"localespinas","p2id":"skibbidyohio","formatid":"gen9anythinggoes","rating":1057,"private":0,"password":""}