{"id":"gen9anythinggoes-1982447455","p1":"Munchamod","p2":"gilter","format":"[Gen 9] Anything Goes","log":"|j|\u2606Munchamod\n|j|\u2606gilter\n|t:|1699015639\n|gametype|singles\n|player|p1|Munchamod|pokemaniac|1000\n|player|p2|gilter|101|1000\n|teamsize|p1|6\n|teamsize|p2|6\n|gen|9\n|tier|[Gen 9] Anything Goes\n|rated|\n|rule|HP Percentage Mod: HP is shown in percentages\n|rule|Endless Battle Clause: Forcing endless battles is banned\n|clearpoke\n|poke|p1|Jolteon, F|\n|poke|p1|Krookodile, M|\n|poke|p1|Dragapult, F|\n|poke|p1|Gengar, M|\n|poke|p1|Torterra, M|\n|poke|p1|Floatzel, F|\n|poke|p2|Hatterene, F|\n|poke|p2|Ribombee, M|\n|poke|p2|Lilligant-Hisui, F|\n|poke|p2|Ceruledge, F|\n|poke|p2|Sylveon, F|\n|poke|p2|Glimmora, M|\n|teampreview\n|\n|t:|1699015650\n|start\n|switch|p1a: Torterra|Torterra, M|100\/100\n|switch|p2a: Baby|Glimmora, M|100\/100\n|turn|1\n|\n|t:|1699015660\n|move|p2a: Baby|Stealth Rock|p1a: Torterra\n|-sidestart|p1: Munchamod|move: Stealth Rock\n|move|p1a: Torterra|Leech Seed|p2a: Baby|[miss]\n|-miss|p1a: Torterra|p2a: Baby\n|\n|upkeep\n|turn|2\n|\n|t:|1699015672\n|move|p2a: Baby|Mortal Spin|p1a: Torterra\n|-damage|p1a: Torterra|95\/100\n|-status|p1a: Torterra|psn\n|move|p1a: Torterra|Solar Beam||[still]\n|-prepare|p1a: Torterra|Solar Beam\n|\n|-damage|p1a: Torterra|83\/100 psn|[from] psn\n|upkeep\n|turn|3\n|\n|t:|1699015683\n|switch|p2a: Lilligant|Lilligant-Hisui, F|100\/100\n|move|p1a: Torterra|Solar Beam|p2a: Lilligant|[from]lockedmove\n|-resisted|p2a: Lilligant\n|-damage|p2a: Lilligant|72\/100\n|\n|-heal|p2a: Lilligant|78\/100|[from] item: Leftovers\n|-damage|p1a: Torterra|70\/100 psn|[from] psn\n|upkeep\n|turn|4\n|\n|t:|1699015701\n|switch|p1a: Gengar|Gengar, M|100\/100\n|-damage|p1a: Gengar|88\/100|[from] Stealth Rock\n|-terastallize|p2a: Lilligant|Ghost\n|move|p2a: Lilligant|Ice Spinner|p1a: Gengar\n|-damage|p1a: Gengar|49\/100\n|\n|-heal|p2a: Lilligant|84\/100|[from] item: Leftovers\n|-heal|p1a: Gengar|55\/100|[from] item: Black Sludge\n|upkeep\n|turn|5\n|\n|t:|1699015717\n|move|p2a: Lilligant|Ice Spinner|p1a: Gengar\n|-damage|p1a: Gengar|15\/100\n|move|p1a: Gengar|Trick|p2a: Lilligant\n|-activate|p1a: Gengar|move: Trick|[of] p2a: Lilligant\n|-item|p2a: Lilligant|Black Sludge|[from] move: Trick\n|-item|p1a: Gengar|Leftovers|[from] move: Trick\n|\n|-damage|p2a: Lilligant|71\/100|[from] item: Black Sludge\n|-heal|p1a: Gengar|21\/100|[from] item: Leftovers\n|upkeep\n|turn|6\n|\n|t:|1699015730\n|move|p2a: Lilligant|Victory Dance|p2a: Lilligant\n|-boost|p2a: Lilligant|atk|1\n|-boost|p2a: Lilligant|def|1\n|-boost|p2a: Lilligant|spe|1\n|move|p1a: Gengar|Shadow Punch|p2a: Lilligant\n|-supereffective|p2a: Lilligant\n|-damage|p2a: Lilligant|41\/100\n|\n|-damage|p2a: Lilligant|28\/100|[from] item: Black Sludge\n|-heal|p1a: Gengar|27\/100|[from] item: Leftovers\n|upkeep\n|turn|7\n|\n|t:|1699015740\n|move|p2a: Lilligant|Ice Spinner|p1a: Gengar\n|-damage|p1a: Gengar|0 fnt\n|faint|p1a: Gengar\n|\n|-damage|p2a: Lilligant|16\/100|[from] item: Black Sludge\n|upkeep\n|\n|t:|1699015749\n|switch|p1a: Dragapult|Dragapult, F, shiny|100\/100\n|-damage|p1a: Dragapult|88\/100|[from] Stealth Rock\n|turn|8\n|\n|t:|1699015761\n|switch|p2a: :3|Ceruledge, F, shiny|100\/100\n|move|p1a: Dragapult|Flamethrower|p2a: :3\n|-start|p2a: :3|ability: Flash Fire\n|\n|upkeep\n|turn|9\n|\n|t:|1699015771\n|move|p1a: Dragapult|Shadow Ball|p2a: :3\n|-supereffective|p2a: :3\n|-damage|p2a: :3|58\/100\n|move|p2a: :3|Bulk Up|p2a: :3\n|-boost|p2a: :3|atk|1\n|-boost|p2a: :3|def|1\n|\n|upkeep\n|turn|10\n|\n|t:|1699015782\n|move|p2a: :3|Shadow Sneak|p1a: Dragapult\n|-supereffective|p1a: Dragapult\n|-damage|p1a: Dragapult|28\/100\n|move|p1a: Dragapult|Shadow Ball|p2a: :3\n|-supereffective|p2a: :3\n|-damage|p2a: :3|15\/100\n|\n|upkeep\n|turn|11\n|\n|t:|1699015792\n|switch|p1a: Krookodile|Krookodile, M|100\/100\n|-damage|p1a: Krookodile|95\/100|[from] Stealth Rock\n|-ability|p1a: Krookodile|Intimidate|boost\n|-unboost|p2a: :3|atk|1\n|move|p2a: :3|Shadow Sneak|p1a: Krookodile\n|-resisted|p1a: Krookodile\n|-damage|p1a: Krookodile|85\/100\n|\n|upkeep\n|turn|12\n|\n|t:|1699015809\n|move|p1a: Krookodile|Dig||[still]\n|-prepare|p1a: Krookodile|Dig\n|move|p2a: :3|Bitter Blade|p1a: Krookodile|[miss]\n|-miss|p2a: :3|p1a: Krookodile\n|\n|upkeep\n|turn|13\n|\n|t:|1699015818\n|-end|p2a: :3|ability: Flash Fire|[silent]\n|switch|p2a: Sylveon|Sylveon, F|100\/100\n|move|p1a: Krookodile|Dig|p2a: Sylveon|[from]lockedmove\n|-damage|p2a: Sylveon|56\/100\n|\n|-heal|p2a: Sylveon|62\/100|[from] item: Leftovers\n|upkeep\n|turn|14\n|\n|t:|1699015838\n|switch|p1a: Jolteon|Jolteon, F|100\/100\n|-damage|p1a: Jolteon|88\/100|[from] Stealth Rock\n|move|p2a: Sylveon|Protect||[still]\n|-fail|p2a: Sylveon\n|\n|-heal|p2a: Sylveon|68\/100|[from] item: Leftovers\n|-status|p1a: Jolteon|tox|[from] item: Toxic Orb\n|upkeep\n|turn|15\n|\n|t:|1699015857\n|move|p2a: Sylveon|Protect|p2a: Sylveon\n|-singleturn|p2a: Sylveon|Protect\n|move|p1a: Jolteon|Facade|p2a: Sylveon\n|-activate|p2a: Sylveon|move: Protect\n|\n|-heal|p2a: Sylveon|74\/100|[from] item: Leftovers\n|-damage|p1a: Jolteon|82\/100 tox|[from] psn\n|upkeep\n|turn|16\n|\n|t:|1699015874\n|move|p1a: Jolteon|Facade|p2a: Sylveon\n|-damage|p2a: Sylveon|42\/100\n|move|p2a: Sylveon|Calm Mind|p2a: Sylveon\n|-boost|p2a: Sylveon|spa|1\n|-boost|p2a: Sylveon|spd|1\n|\n|-heal|p2a: Sylveon|48\/100|[from] item: Leftovers\n|-damage|p1a: Jolteon|70\/100 tox|[from] psn\n|upkeep\n|turn|17\n|\n|t:|1699015887\n|move|p2a: Sylveon|Protect|p2a: Sylveon\n|-singleturn|p2a: Sylveon|Protect\n|move|p1a: Jolteon|Double Kick|p2a: Sylveon\n|-activate|p2a: Sylveon|move: Protect\n|\n|-heal|p2a: Sylveon|54\/100|[from] item: Leftovers\n|-damage|p1a: Jolteon|51\/100 tox|[from] psn\n|upkeep\n|turn|18\n|\n|t:|1699015895\n|move|p2a: Sylveon|Protect|p2a: Sylveon\n|-singleturn|p2a: Sylveon|Protect\n|move|p1a: Jolteon|Facade|p2a: Sylveon\n|-activate|p2a: Sylveon|move: Protect\n|\n|-heal|p2a: Sylveon|60\/100|[from] item: Leftovers\n|-damage|p1a: Jolteon|27\/100 tox|[from] psn\n|upkeep\n|turn|19\n|\n|t:|1699015903\n|move|p2a: Sylveon|Protect||[still]\n|-fail|p2a: Sylveon\n|move|p1a: Jolteon|Facade|p2a: Sylveon\n|-damage|p2a: Sylveon|26\/100\n|\n|-heal|p2a: Sylveon|32\/100|[from] item: Leftovers\n|-damage|p1a: Jolteon|0 fnt|[from] psn\n|faint|p1a: Jolteon\n|upkeep\n|\n|t:|1699015923\n|switch|p1a: Torterra|Torterra, M|70\/100 psn\n|-damage|p1a: Torterra|64\/100 psn|[from] Stealth Rock\n|turn|20\n|\n|t:|1699015938\n|move|p1a: Torterra|Rock Blast|p2a: Sylveon\n|-damage|p2a: Sylveon|25\/100\n|-damage|p2a: Sylveon|16\/100\n|-damage|p2a: Sylveon|8\/100\n|-hitcount|p2a: Sylveon|3\n|move|p2a: Sylveon|Wish|p2a: Sylveon\n|\n|-heal|p2a: Sylveon|14\/100|[from] item: Leftovers\n|-damage|p1a: Torterra|52\/100 psn|[from] psn\n|upkeep\n|turn|21\n|\n|t:|1699015948\n|move|p2a: Sylveon|Protect|p2a: Sylveon\n|-singleturn|p2a: Sylveon|Protect\n|move|p1a: Torterra|Rock Blast|p2a: Sylveon\n|-activate|p2a: Sylveon|move: Protect\n|\n|-heal|p2a: Sylveon|64\/100|[from] move: Wish|[wisher] Sylveon\n|-heal|p2a: Sylveon|70\/100|[from] item: Leftovers\n|-damage|p1a: Torterra|39\/100 psn|[from] psn\n|upkeep\n|turn|22\n|\n|t:|1699015960\n|move|p1a: Torterra|Earthquake|p2a: Sylveon\n|-damage|p2a: Sylveon|23\/100\n|move|p2a: Sylveon|Hyper Voice|p1a: Torterra\n|-damage|p1a: Torterra|0 fnt\n|faint|p1a: Torterra\n|\n|-heal|p2a: Sylveon|29\/100|[from] item: Leftovers\n|upkeep\n|\n|t:|1699015969\n|switch|p1a: Dragapult|Dragapult, F, shiny|28\/100\n|-damage|p1a: Dragapult|15\/100|[from] Stealth Rock\n|turn|23\n|\n|t:|1699015981\n|move|p2a: Sylveon|Protect|p2a: Sylveon\n|-singleturn|p2a: Sylveon|Protect\n|move|p1a: Dragapult|Flamethrower|p2a: Sylveon\n|-activate|p2a: Sylveon|move: Protect\n|\n|-heal|p2a: Sylveon|35\/100|[from] item: Leftovers\n|upkeep\n|turn|24\n|\n|t:|1699015992\n|move|p2a: Sylveon|Protect|p2a: Sylveon\n|-singleturn|p2a: Sylveon|Protect\n|move|p1a: Dragapult|Shadow Ball|p2a: Sylveon\n|-activate|p2a: Sylveon|move: Protect\n|\n|-heal|p2a: Sylveon|41\/100|[from] item: Leftovers\n|upkeep\n|turn|25\n|-message|Munchamod forfeited.\n|\n|win|gilter\n|raw|Munchamod's rating: 1000 &rarr; <strong>1000<\/strong><br \/>(+0 for losing)\n|raw|gilter's rating: 1000 &rarr; <strong>1040<\/strong><br \/>(+40 for winning)\n|l|\u2606Munchamod\n","uploadtime":1699016019,"views":12,"p1id":"munchamod","p2id":"gilter","formatid":"gen9anythinggoes","rating":1000,"private":0,"password":""}