{"id":"gen9anythinggoes-1987063795","p1":"josema_09","p2":"NachoDestroyer37","format":"[Gen 9] Anything Goes","log":"|j|\u2606josema_09\n|j|\u2606NachoDestroyer37\n|t:|1699553112\n|gametype|singles\n|player|p1|josema_09|waiter-gen4|\n|player|p2|NachoDestroyer37|n|\n|teamsize|p1|6\n|teamsize|p2|6\n|gen|9\n|tier|[Gen 9] Anything Goes\n|rule|HP Percentage Mod: HP is shown in percentages\n|rule|Endless Battle Clause: Forcing endless battles is banned\n|clearpoke\n|poke|p1|Corviknight, F|\n|poke|p1|Toxapex, M|\n|poke|p1|Grimmsnarl, M|\n|poke|p1|Roaring Moon|\n|poke|p1|Volcarona, F|\n|poke|p1|Ursaluna-Bloodmoon, M|\n|poke|p2|Gliscor, F|\n|poke|p2|Florges-Yellow, F|\n|poke|p2|Zapdos|\n|poke|p2|Slowking-Galar, M|\n|poke|p2|Kingambit, F|\n|poke|p2|Volcanion|\n|teampreview\n|c|\u2606josema_09|hf\n|inactive|Battle timer is ON: inactive players will automatically lose when time's up. (requested by josema_09)\n|c|\u2606NachoDestroyer37|sin timer mejor okey?\n|inactiveoff|Battle timer is now OFF.\n|c|\u2606NachoDestroyer37|nooo\n|c|\u2606josema_09|vale jajajaj\n|c|\u2606NachoDestroyer37|bueno da igual\n|c|\u2606NachoDestroyer37|valee vcale\n|c|\u2606josema_09|ya lo he quitado\n|c|\u2606NachoDestroyer37|bien bien\n|l|\u2606josema_09\n|player|p1|\n|\n|t:|1699553181\n|start\n|switch|p1a: Grimmsnarl|Grimmsnarl, M|100\/100\n|switch|p2a: NoMeSentaoEnTolDia|Kingambit, F|100\/100\n|turn|1\n|j|\u2606josema_09\n|player|p1|josema_09|waiter-gen4\n|\n|t:|1699553329\n|switch|p1a: Corviknight|Corviknight, F|100\/100\n|-ability|p1a: Corviknight|Pressure\n|move|p2a: NoMeSentaoEnTolDia|Swords Dance|p2a: NoMeSentaoEnTolDia\n|-boost|p2a: NoMeSentaoEnTolDia|atk|2\n|\n|upkeep\n|turn|2\n|\n|t:|1699553347\n|move|p2a: NoMeSentaoEnTolDia|Kowtow Cleave|p1a: Corviknight\n|-crit|p1a: Corviknight\n|-damage|p1a: Corviknight|15\/100\n|-damage|p2a: NoMeSentaoEnTolDia|84\/100|[from] item: Rocky Helmet|[of] p1a: Corviknight\n|move|p1a: Corviknight|U-turn|p2a: NoMeSentaoEnTolDia\n|-damage|p2a: NoMeSentaoEnTolDia|72\/100\n|\n|t:|1699553361\n|switch|p1a: Roaring Moon|Roaring Moon|100\/100|[from] U-turn\n|-enditem|p1a: Roaring Moon|Booster Energy\n|-activate|p1a: Roaring Moon|ability: Protosynthesis|[fromitem]\n|-start|p1a: Roaring Moon|protosynthesisatk\n|\n|-heal|p2a: NoMeSentaoEnTolDia|78\/100|[from] item: Leftovers\n|upkeep\n|turn|3\n|\n|t:|1699553376\n|-end|p2a: NoMeSentaoEnTolDia|fallenundefined|[silent]\n|switch|p2a: 3 papele|Florges-Yellow, F|100\/100\n|move|p1a: Roaring Moon|Earthquake|p2a: 3 papele\n|-damage|p2a: 3 papele|32\/100\n|\n|-heal|p2a: 3 papele|38\/100|[from] item: Leftovers\n|upkeep\n|turn|4\n|\n|t:|1699553456\n|switch|p2a: Folagor putero|Gliscor, F|100\/100\n|move|p1a: Roaring Moon|Earthquake|p2a: Folagor putero\n|-immune|p2a: Folagor putero\n|\n|-status|p2a: Folagor putero|tox|[from] item: Toxic Orb\n|upkeep\n|turn|5\n|\n|t:|1699553475\n|move|p1a: Roaring Moon|Dragon Dance|p1a: Roaring Moon\n|-boost|p1a: Roaring Moon|atk|1\n|-boost|p1a: Roaring Moon|spe|1\n|move|p2a: Folagor putero|Earthquake|p1a: Roaring Moon\n|-damage|p1a: Roaring Moon|66\/100\n|\n|upkeep\n|turn|6\n|\n|t:|1699553494\n|move|p1a: Roaring Moon|Iron Head|p2a: Folagor putero\n|-damage|p2a: Folagor putero|64\/100 tox\n|move|p2a: Folagor putero|Earthquake|p1a: Roaring Moon\n|-damage|p1a: Roaring Moon|29\/100\n|\n|-heal|p2a: Folagor putero|77\/100 tox|[from] ability: Poison Heal\n|upkeep\n|turn|7\n|\n|t:|1699553510\n|move|p2a: Folagor putero|Protect|p2a: Folagor putero\n|-singleturn|p2a: Folagor putero|Protect\n|move|p1a: Roaring Moon|Knock Off|p2a: Folagor putero\n|-activate|p2a: Folagor putero|move: Protect\n|\n|-heal|p2a: Folagor putero|89\/100 tox|[from] ability: Poison Heal\n|upkeep\n|turn|8\n|\n|t:|1699553526\n|-end|p1a: Roaring Moon|Protosynthesis|[silent]\n|switch|p1a: Toxapex|Toxapex, M|100\/100\n|move|p2a: Folagor putero|Earthquake|p1a: Toxapex\n|-supereffective|p1a: Toxapex\n|-damage|p1a: Toxapex|47\/100\n|\n|-heal|p1a: Toxapex|53\/100|[from] item: Black Sludge\n|-heal|p2a: Folagor putero|100\/100 tox|[from] ability: Poison Heal\n|upkeep\n|turn|9\n|\n|t:|1699553540\n|switch|p1a: Corviknight|Corviknight, F|15\/100\n|-ability|p1a: Corviknight|Pressure\n|move|p2a: Folagor putero|Knock Off|p1a: Corviknight\n|-damage|p1a: Corviknight|1\/100\n|-damage|p2a: Folagor putero|84\/100 tox|[from] item: Rocky Helmet|[of] p1a: Corviknight\n|-enditem|p1a: Corviknight|Rocky Helmet|[from] move: Knock Off|[of] p2a: Folagor putero\n|\n|-heal|p2a: Folagor putero|96\/100 tox|[from] ability: Poison Heal\n|upkeep\n|turn|10\n|\n|t:|1699553565\n|move|p2a: Folagor putero|Stealth Rock|p1a: Corviknight\n|-sidestart|p1: josema_09|move: Stealth Rock\n|move|p1a: Corviknight|Roost|p1a: Corviknight\n|-heal|p1a: Corviknight|51\/100\n|-singleturn|p1a: Corviknight|move: Roost\n|\n|-heal|p2a: Folagor putero|100\/100 tox|[from] ability: Poison Heal\n|upkeep\n|turn|11\n|\n|t:|1699553586\n|switch|p2a: EnemigoFornite|Volcanion|100\/100\n|move|p1a: Corviknight|Defog|p2a: EnemigoFornite\n|-unboost|p2a: EnemigoFornite|evasion|1\n|-sideend|p1: josema_09|Stealth Rock|[from] move: Defog|[of] p1a: Corviknight\n|\n|upkeep\n|turn|12\n|\n|t:|1699553628\n|switch|p1a: Toxapex|Toxapex, M|86\/100\n|move|p2a: EnemigoFornite|Steam Eruption|p1a: Toxapex\n|-resisted|p1a: Toxapex\n|-damage|p1a: Toxapex|58\/100\n|\n|-heal|p1a: Toxapex|65\/100|[from] item: Black Sludge\n|upkeep\n|turn|13\n|\n|t:|1699553657\n|switch|p2a: Folagor putero|Gliscor, F|100\/100 tox\n|move|p1a: Toxapex|Toxic|p2a: Folagor putero\n|-fail|p2a: Folagor putero|tox\n|\n|-heal|p1a: Toxapex|71\/100|[from] item: Black Sludge\n|upkeep\n|turn|14\n|\n|t:|1699553676\n|move|p2a: Folagor putero|Stealth Rock|p1a: Toxapex\n|-sidestart|p1: josema_09|move: Stealth Rock\n|move|p1a: Toxapex|Chilling Water|p2a: Folagor putero\n|-supereffective|p2a: Folagor putero\n|-damage|p2a: Folagor putero|76\/100 tox\n|-unboost|p2a: Folagor putero|atk|1\n|\n|-heal|p1a: Toxapex|77\/100|[from] item: Black Sludge\n|-heal|p2a: Folagor putero|89\/100 tox|[from] ability: Poison Heal\n|upkeep\n|turn|15\n|\n|t:|1699553688\n|move|p2a: Folagor putero|Knock Off|p1a: Toxapex\n|-damage|p1a: Toxapex|66\/100\n|-enditem|p1a: Toxapex|Black Sludge|[from] move: Knock Off|[of] p2a: Folagor putero\n|move|p1a: Toxapex|Chilling Water|p2a: Folagor putero\n|-supereffective|p2a: Folagor putero\n|-damage|p2a: Folagor putero|61\/100 tox\n|-unboost|p2a: Folagor putero|atk|1\n|\n|-heal|p2a: Folagor putero|73\/100 tox|[from] ability: Poison Heal\n|upkeep\n|turn|16\n|\n|t:|1699553703\n|move|p2a: Folagor putero|Protect|p2a: Folagor putero\n|-singleturn|p2a: Folagor putero|Protect\n|move|p1a: Toxapex|Recover|p1a: Toxapex\n|-heal|p1a: Toxapex|100\/100\n|\n|-heal|p2a: Folagor putero|86\/100 tox|[from] ability: Poison Heal\n|upkeep\n|turn|17\n|\n|t:|1699553764\n|switch|p2a: Fentanilo eono|Slowking-Galar, M|100\/100\n|switch|p1a: Corviknight|Corviknight, F|51\/100\n|-damage|p1a: Corviknight|39\/100|[from] Stealth Rock\n|-ability|p1a: Corviknight|Pressure\n|\n|upkeep\n|turn|18\n|\n|t:|1699553775\n|move|p1a: Corviknight|Roost|p1a: Corviknight\n|-heal|p1a: Corviknight|89\/100\n|-singleturn|p1a: Corviknight|move: Roost\n|move|p2a: Fentanilo eono|Flamethrower|p1a: Corviknight\n|-supereffective|p1a: Corviknight\n|-damage|p1a: Corviknight|46\/100\n|-status|p1a: Corviknight|brn\n|\n|-damage|p1a: Corviknight|39\/100 brn|[from] brn\n|upkeep\n|turn|19\n|\n|t:|1699553813\n|move|p1a: Corviknight|Defog|p2a: Fentanilo eono\n|-unboost|p2a: Fentanilo eono|evasion|1\n|-sideend|p1: josema_09|Stealth Rock|[from] move: Defog|[of] p1a: Corviknight\n|move|p2a: Fentanilo eono|Flamethrower|p1a: Corviknight\n|-supereffective|p1a: Corviknight\n|-damage|p1a: Corviknight|0 fnt\n|faint|p1a: Corviknight\n|\n|upkeep\n|\n|t:|1699553818\n|switch|p1a: Grimmsnarl|Grimmsnarl, M|100\/100\n|turn|20\n|\n|t:|1699553863\n|move|p1a: Grimmsnarl|Light Screen|p1a: Grimmsnarl\n|-sidestart|p1: josema_09|move: Light Screen\n|move|p2a: Fentanilo eono|Sludge Bomb|p1a: Grimmsnarl\n|-supereffective|p1a: Grimmsnarl\n|-damage|p1a: Grimmsnarl|72\/100\n|-status|p1a: Grimmsnarl|psn\n|\n|-damage|p1a: Grimmsnarl|60\/100 psn|[from] psn\n|upkeep\n|turn|21\n|\n|t:|1699553872\n|switch|p2a: NoMeSentaoEnTolDia|Kingambit, F|78\/100\n|move|p1a: Grimmsnarl|Reflect|p1a: Grimmsnarl\n|-sidestart|p1: josema_09|Reflect\n|\n|-heal|p2a: NoMeSentaoEnTolDia|84\/100|[from] item: Leftovers\n|-damage|p1a: Grimmsnarl|47\/100 psn|[from] psn\n|upkeep\n|turn|22\n|\n|t:|1699553879\n|switch|p1a: Ursaluna|Ursaluna-Bloodmoon, M|100\/100\n|move|p2a: NoMeSentaoEnTolDia|Brick Break|p1a: Ursaluna\n|-sideend|p1: josema_09|Reflect\n|-sideend|p1: josema_09|move: Light Screen\n|-supereffective|p1a: Ursaluna\n|-damage|p1a: Ursaluna|57\/100\n|\n|-heal|p2a: NoMeSentaoEnTolDia|90\/100|[from] item: Leftovers\n|upkeep\n|turn|23\n|\n|t:|1699553896\n|-end|p2a: NoMeSentaoEnTolDia|fallenundefined|[silent]\n|switch|p2a: Folagor putero|Gliscor, F|86\/100 tox\n|move|p1a: Ursaluna|Earth Power|p2a: Folagor putero\n|-immune|p2a: Folagor putero\n|\n|-heal|p2a: Folagor putero|98\/100 tox|[from] ability: Poison Heal\n|upkeep\n|turn|24\n|\n|t:|1699553932\n|switch|p1a: Volcarona|Volcarona, F|100\/100\n|move|p2a: Folagor putero|Protect||[still]\n|-fail|p2a: Folagor putero\n|\n|-heal|p2a: Folagor putero|100\/100 tox|[from] ability: Poison Heal\n|upkeep\n|turn|25\n|\n|t:|1699553950\n|move|p1a: Volcarona|Quiver Dance|p1a: Volcarona\n|-boost|p1a: Volcarona|spa|1\n|-boost|p1a: Volcarona|spd|1\n|-boost|p1a: Volcarona|spe|1\n|move|p2a: Folagor putero|Earthquake|p1a: Volcarona\n|-damage|p1a: Volcarona|60\/100\n|\n|upkeep\n|turn|26\n|\n|t:|1699553992\n|move|p1a: Volcarona|Flamethrower|p2a: Folagor putero\n|-damage|p2a: Folagor putero|0 fnt\n|faint|p2a: Folagor putero\n|\n|upkeep\n|l|\u2606josema_09\n|player|p1|\n|\n|t:|1699554106\n|switch|p2a: EnemigoFornite|Volcanion|100\/100\n|turn|27\n|j|\u2606josema_09\n|player|p1|josema_09|waiter-gen4\n|\n|t:|1699554274\n|move|p1a: Volcarona|Psychic|p2a: EnemigoFornite\n|-damage|p2a: EnemigoFornite|37\/100\n|move|p2a: EnemigoFornite|Steam Eruption|p1a: Volcarona\n|-supereffective|p1a: Volcarona\n|-enditem|p1a: Volcarona|Passho Berry|[eat]\n|-enditem|p1a: Volcarona|Passho Berry|[weaken]\n|-damage|p1a: Volcarona|0 fnt\n|faint|p1a: Volcarona\n|\n|upkeep\n|\n|t:|1699554300\n|switch|p1a: Grimmsnarl|Grimmsnarl, M|47\/100 psn\n|turn|28\n|\n|t:|1699554326\n|switch|p2a: NoMeSentaoEnTolDia|Kingambit, F|90\/100\n|-activate|p2a: NoMeSentaoEnTolDia|ability: Supreme Overlord\n|-start|p2a: NoMeSentaoEnTolDia|fallen1|[silent]\n|move|p1a: Grimmsnarl|Light Screen|p1a: Grimmsnarl\n|-sidestart|p1: josema_09|move: Light Screen\n|\n|-heal|p2a: NoMeSentaoEnTolDia|96\/100|[from] item: Leftovers\n|-damage|p1a: Grimmsnarl|35\/100 psn|[from] psn\n|upkeep\n|turn|29\n|\n|t:|1699554338\n|switch|p1a: Toxapex|Toxapex, M|100\/100\n|move|p2a: NoMeSentaoEnTolDia|Brick Break|p1a: Toxapex\n|-sideend|p1: josema_09|move: Light Screen\n|-resisted|p1a: Toxapex\n|-damage|p1a: Toxapex|88\/100\n|\n|-heal|p2a: NoMeSentaoEnTolDia|100\/100|[from] item: Leftovers\n|upkeep\n|turn|30\n|\n|t:|1699554356\n|move|p2a: NoMeSentaoEnTolDia|Swords Dance|p2a: NoMeSentaoEnTolDia\n|-boost|p2a: NoMeSentaoEnTolDia|atk|2\n|move|p1a: Toxapex|Chilling Water|p2a: NoMeSentaoEnTolDia\n|-damage|p2a: NoMeSentaoEnTolDia|88\/100\n|-unboost|p2a: NoMeSentaoEnTolDia|atk|1\n|\n|-heal|p2a: NoMeSentaoEnTolDia|94\/100|[from] item: Leftovers\n|upkeep\n|turn|31\n|\n|t:|1699554364\n|move|p2a: NoMeSentaoEnTolDia|Swords Dance|p2a: NoMeSentaoEnTolDia\n|-boost|p2a: NoMeSentaoEnTolDia|atk|2\n|move|p1a: Toxapex|Haze|p1a: Toxapex\n|-clearallboost\n|\n|-heal|p2a: NoMeSentaoEnTolDia|100\/100|[from] item: Leftovers\n|upkeep\n|turn|32\n|\n|t:|1699554372\n|move|p2a: NoMeSentaoEnTolDia|Swords Dance|p2a: NoMeSentaoEnTolDia\n|-boost|p2a: NoMeSentaoEnTolDia|atk|2\n|move|p1a: Toxapex|Chilling Water|p2a: NoMeSentaoEnTolDia\n|-damage|p2a: NoMeSentaoEnTolDia|88\/100\n|-unboost|p2a: NoMeSentaoEnTolDia|atk|1\n|\n|-heal|p2a: NoMeSentaoEnTolDia|94\/100|[from] item: Leftovers\n|upkeep\n|turn|33\n|\n|t:|1699554380\n|move|p2a: NoMeSentaoEnTolDia|Kowtow Cleave|p1a: Toxapex\n|-damage|p1a: Toxapex|25\/100\n|move|p1a: Toxapex|Haze|p1a: Toxapex\n|-clearallboost\n|\n|-heal|p2a: NoMeSentaoEnTolDia|100\/100|[from] item: Leftovers\n|upkeep\n|turn|34\n|\n|t:|1699554400\n|switch|p1a: Grimmsnarl|Grimmsnarl, M|35\/100 psn\n|move|p2a: NoMeSentaoEnTolDia|Swords Dance|p2a: NoMeSentaoEnTolDia\n|-boost|p2a: NoMeSentaoEnTolDia|atk|2\n|\n|-damage|p1a: Grimmsnarl|23\/100 psn|[from] psn\n|upkeep\n|turn|35\n|\n|t:|1699554410\n|move|p2a: NoMeSentaoEnTolDia|Brick Break|p1a: Grimmsnarl\n|-damage|p1a: Grimmsnarl|0 fnt\n|faint|p1a: Grimmsnarl\n|\n|upkeep\n|\n|t:|1699554424\n|switch|p1a: Roaring Moon|Roaring Moon|29\/100\n|turn|36\n|\n|t:|1699554446\n|move|p2a: NoMeSentaoEnTolDia|Sucker Punch|p1a: Roaring Moon\n|-resisted|p1a: Roaring Moon\n|-damage|p1a: Roaring Moon|0 fnt\n|faint|p1a: Roaring Moon\n|-end|p1a: Roaring Moon|Protosynthesis|[silent]\n|\n|upkeep\n|\n|t:|1699554463\n|switch|p1a: Ursaluna|Ursaluna-Bloodmoon, M|57\/100\n|turn|37\n|\n|t:|1699554488\n|move|p2a: NoMeSentaoEnTolDia|Sucker Punch|p1a: Ursaluna\n|-damage|p1a: Ursaluna|0 fnt\n|faint|p1a: Ursaluna\n|\n|upkeep\n|\n|t:|1699554493\n|switch|p1a: Toxapex|Toxapex, M|58\/100\n|turn|38\n|\n|t:|1699554497\n|move|p2a: NoMeSentaoEnTolDia|Kowtow Cleave|p1a: Toxapex\n|-damage|p1a: Toxapex|0 fnt\n|faint|p1a: Toxapex\n|\n|win|NachoDestroyer37\n|c|\u2606josema_09|gg\n|c|\u2606NachoDestroyer37|gg\n|l|\u2606josema_09\n","uploadtime":1699554576,"views":28,"p1id":"josema09","p2id":"nachodestroyer37","formatid":"gen9anythinggoes","rating":0,"private":0,"password":""}