{"id":"gen9anythinggoes-1993397758","p1":"SemDePem","p2":"jeefeycool","format":"[Gen 9] Anything Goes","log":"|j|\u2606SemDePem\n|j|\u2606jeefeycool\n|t:|1700312233\n|gametype|singles\n|player|p1|SemDePem|volkner|1044\n|player|p2|jeefeycool|roxie|1155\n|teamsize|p1|6\n|teamsize|p2|6\n|gen|9\n|tier|[Gen 9] Anything Goes\n|rated|\n|rule|HP Percentage Mod: HP is shown in percentages\n|rule|Endless Battle Clause: Forcing endless battles is banned\n|clearpoke\n|poke|p1|Rayquaza|\n|poke|p1|Mewtwo|\n|poke|p1|Baxcalibur, M|\n|poke|p1|Rotom-Heat|\n|poke|p1|Inteleon, F|\n|poke|p1|Decidueye, M|\n|poke|p2|Zacian-*|\n|poke|p2|Calyrex-Ice|\n|poke|p2|Quaquaval, M|\n|poke|p2|Amoonguss, F|\n|poke|p2|Iron Treads|\n|poke|p2|Toxapex, F|\n|teampreview\n|inactive|Battle timer is ON: inactive players will automatically lose when time's up. (requested by jeefeycool)\n|\n|t:|1700312241\n|start\n|switch|p1a: Decidueye|Decidueye, M|100\/100\n|switch|p2a: Calyrex|Calyrex-Ice|100\/100\n|-ability|p2a: Calyrex|As One\n|-ability|p2a: Calyrex|Unnerve\n|turn|1\n|\n|t:|1700312251\n|-terastallize|p1a: Decidueye|Ghost\n|move|p1a: Decidueye|Spirit Shackle|p2a: Calyrex\n|-supereffective|p2a: Calyrex\n|-damage|p2a: Calyrex|41\/100\n|-activate|p2a: Calyrex|trapped\n|-enditem|p2a: Calyrex|Weakness Policy\n|-boost|p2a: Calyrex|atk|2|[from] item: Weakness Policy\n|-boost|p2a: Calyrex|spa|2|[from] item: Weakness Policy\n|move|p2a: Calyrex|Agility|p2a: Calyrex\n|-boost|p2a: Calyrex|spe|2\n|\n|upkeep\n|turn|2\n|\n|t:|1700312267\n|move|p2a: Calyrex|Glacial Lance|p1a: Decidueye\n|-damage|p1a: Decidueye|0 fnt\n|faint|p1a: Decidueye\n|-ability|p2a: Calyrex|Chilling Neigh|boost\n|-boost|p2a: Calyrex|atk|1\n|\n|upkeep\n|\n|t:|1700312275\n|switch|p1a: Inteleon|Inteleon, F|100\/100\n|turn|3\n|\n|t:|1700312279\n|move|p1a: Inteleon|Snipe Shot|p2a: Calyrex\n|-damage|p2a: Calyrex|15\/100\n|move|p2a: Calyrex|Agility|p2a: Calyrex\n|-boost|p2a: Calyrex|spe|2\n|\n|upkeep\n|turn|4\n|\n|t:|1700312290\n|move|p2a: Calyrex|Zen Headbutt|p1a: Inteleon\n|-damage|p1a: Inteleon|0 fnt\n|faint|p1a: Inteleon\n|-ability|p2a: Calyrex|Chilling Neigh|boost\n|-boost|p2a: Calyrex|atk|1\n|\n|upkeep\n|\n|t:|1700312296\n|switch|p1a: Mewtwo|Mewtwo, shiny|100\/100\n|-ability|p1a: Mewtwo|Pressure\n|turn|5\n|\n|t:|1700312301\n|move|p2a: Calyrex|Glacial Lance|p1a: Mewtwo\n|-damage|p1a: Mewtwo|0 fnt\n|faint|p1a: Mewtwo\n|-ability|p2a: Calyrex|Chilling Neigh|boost\n|-boost|p2a: Calyrex|atk|1\n|\n|upkeep\n|\n|t:|1700312306\n|switch|p1a: Baxcalibur|Baxcalibur, M, shiny|100\/100\n|turn|6\n|\n|t:|1700312310\n|move|p2a: Calyrex|Zen Headbutt|p1a: Baxcalibur\n|-damage|p1a: Baxcalibur|0 fnt\n|faint|p1a: Baxcalibur\n|-ability|p2a: Calyrex|Chilling Neigh|boost\n|-boost|p2a: Calyrex|atk|1\n|\n|upkeep\n|\n|t:|1700312315\n|switch|p1a: Rayquaza|Rayquaza, shiny|100\/100\n|-ability|p1a: Rayquaza|Air Lock\n|turn|7\n|\n|t:|1700312321\n|-terastallize|p2a: Calyrex|Psychic\n|move|p2a: Calyrex|Glacial Lance|p1a: Rayquaza\n|-supereffective|p1a: Rayquaza\n|-damage|p1a: Rayquaza|0 fnt\n|faint|p1a: Rayquaza\n|\n|upkeep\n|\n|t:|1700312327\n|switch|p1a: Rotom|Rotom-Heat, shiny|100\/100\n|turn|8\n|\n|t:|1700312331\n|move|p2a: Calyrex|Zen Headbutt|p1a: Rotom\n|-damage|p1a: Rotom|0 fnt\n|faint|p1a: Rotom\n|\n|win|jeefeycool\n|raw|SemDePem's rating: 1044 &rarr; <strong>1033<\/strong><br \/>(-11 for losing)\n|raw|jeefeycool's rating: 1155 &rarr; <strong>1172<\/strong><br \/>(+17 for winning)\n|l|\u2606SemDePem\n|c|\u2606jeefeycool|gg\n","uploadtime":1700312343,"views":8,"p1id":"semdepem","p2id":"jeefeycool","formatid":"gen9anythinggoes","rating":1033,"private":0,"password":""}