{"id":"gen9anythinggoes-1990802744","p1":"ajkdxko","p2":"CrownedAegislash","format":"[Gen 9] Anything Goes","log":"|j|\u2606ajkdxko\n|j|\u2606CrownedAegislash\n|t:|1700002358\n|gametype|singles\n|player|p1|ajkdxko|twins-gen4dp|1000\n|player|p2|CrownedAegislash|dawn|1100\n|teamsize|p1|6\n|teamsize|p2|6\n|gen|9\n|tier|[Gen 9] Anything Goes\n|rated|\n|rule|HP Percentage Mod: HP is shown in percentages\n|rule|Endless Battle Clause: Forcing endless battles is banned\n|clearpoke\n|poke|p1|Slowking-Galar, M|\n|poke|p1|Baxcalibur, F|\n|poke|p1|Chien-Pao|\n|poke|p1|Ninetales-Alola, M|\n|poke|p1|Cetitan, F|\n|poke|p1|Arboliva, F|\n|poke|p2|Espathra, M|\n|poke|p2|Manaphy|\n|poke|p2|Toxapex, M|\n|poke|p2|Miraidon|\n|poke|p2|Calyrex-Shadow|\n|poke|p2|Arcanine-Hisui, M|\n|teampreview\n|\n|t:|1700002410\n|start\n|switch|p1a: Slowking|Slowking-Galar, M|100\/100\n|switch|p2a: Espathra|Espathra, M|100\/100\n|turn|1\n|\n|t:|1700002417\n|move|p2a: Espathra|Calm Mind|p2a: Espathra\n|-boost|p2a: Espathra|spa|1\n|-boost|p2a: Espathra|spd|1\n|move|p1a: Slowking|Chilly Reception|p1a: Slowking\n|-weather|Snow\n|\n|t:|1700002437\n|switch|p1a: Ninetales|Ninetales-Alola, M|100\/100|[from] Chilly Reception\n|\n|-weather|Snow|[upkeep]\n|-ability|p2a: Espathra|Speed Boost|boost\n|-boost|p2a: Espathra|spe|1\n|upkeep\n|turn|2\n|\n|t:|1700002447\n|move|p2a: Espathra|Substitute|p2a: Espathra\n|-start|p2a: Espathra|Substitute\n|-damage|p2a: Espathra|76\/100\n|move|p1a: Ninetales|Aurora Veil|p1a: Ninetales\n|-sidestart|p1: ajkdxko|move: Aurora Veil\n|\n|-weather|Snow|[upkeep]\n|-heal|p2a: Espathra|82\/100|[from] item: Leftovers\n|-ability|p2a: Espathra|Speed Boost|boost\n|-boost|p2a: Espathra|spe|1\n|upkeep\n|turn|3\n|\n|t:|1700002458\n|move|p2a: Espathra|Baton Pass|p2a: Espathra\n|\n|t:|1700002460\n|switch|p2a: Fenrir|Arcanine-Hisui, M, shiny|100\/100|[from] Baton Pass\n|move|p1a: Ninetales|Calm Mind|p1a: Ninetales\n|-boost|p1a: Ninetales|spa|1\n|-boost|p1a: Ninetales|spd|1\n|\n|-weather|Snow|[upkeep]\n|upkeep\n|turn|4\n|\n|t:|1700002469\n|move|p2a: Fenrir|Flare Blitz|p1a: Ninetales\n|-supereffective|p1a: Ninetales\n|-crit|p1a: Ninetales\n|-damage|p1a: Ninetales|0 fnt\n|faint|p1a: Ninetales\n|\n|-weather|Snow|[upkeep]\n|upkeep\n|\n|t:|1700002481\n|switch|p1a: Slowking|Slowking-Galar, M|100\/100\n|turn|5\n|c|\u2606CrownedAegislash|Bro, your entire team is weak to Fire\n|c|\u2606CrownedAegislash|Type balance, bro\n|\n|t:|1700002507\n|move|p2a: Fenrir|Flare Blitz|p1a: Slowking\n|-damage|p1a: Slowking|79\/100\n|move|p1a: Slowking|Calm Mind|p1a: Slowking\n|-boost|p1a: Slowking|spa|1\n|-boost|p1a: Slowking|spd|1\n|\n|-weather|none\n|upkeep\n|turn|6\n|\n|t:|1700002516\n|move|p2a: Fenrir|Head Smash|p1a: Slowking\n|-damage|p1a: Slowking|55\/100\n|move|p1a: Slowking|Calm Mind|p1a: Slowking\n|-boost|p1a: Slowking|spa|1\n|-boost|p1a: Slowking|spd|1\n|\n|-sideend|p1: ajkdxko|move: Aurora Veil\n|upkeep\n|turn|7\n|\n|t:|1700002525\n|move|p2a: Fenrir|Head Smash|p1a: Slowking\n|-damage|p1a: Slowking|2\/100\n|-enditem|p1a: Slowking|Aguav Berry|[eat]\n|-heal|p1a: Slowking|35\/100|[from] item: Aguav Berry\n|move|p1a: Slowking|Calm Mind|p1a: Slowking\n|-boost|p1a: Slowking|spa|1\n|-boost|p1a: Slowking|spd|1\n|\n|upkeep\n|turn|8\n|\n|t:|1700002534\n|move|p1a: Slowking|Protect|p1a: Slowking\n|-singleturn|p1a: Slowking|Protect\n|move|p2a: Fenrir|Head Smash|p1a: Slowking\n|-activate|p1a: Slowking|move: Protect\n|\n|upkeep\n|turn|9\n|\n|t:|1700002546\n|move|p2a: Fenrir|Head Smash|p1a: Slowking\n|-damage|p1a: Slowking|0 fnt\n|faint|p1a: Slowking\n|\n|upkeep\n|\n|t:|1700002565\n|switch|p1a: Chien-Pao|Chien-Pao|100\/100\n|-ability|p1a: Chien-Pao|Sword of Ruin\n|turn|10\n|\n|t:|1700002577\n|move|p1a: Chien-Pao|Protect|p1a: Chien-Pao\n|-singleturn|p1a: Chien-Pao|Protect\n|move|p2a: Fenrir|Flare Blitz|p1a: Chien-Pao\n|-activate|p1a: Chien-Pao|move: Protect\n|\n|upkeep\n|turn|11\n|\n|t:|1700002585\n|switch|p1a: Cetitan|Cetitan, F|100\/100\n|move|p2a: Fenrir|Flare Blitz|p1a: Cetitan\n|-supereffective|p1a: Cetitan\n|-damage|p1a: Cetitan|34\/100\n|\n|upkeep\n|turn|12\n|\n|t:|1700002592\n|move|p1a: Cetitan|Protect|p1a: Cetitan\n|-singleturn|p1a: Cetitan|Protect\n|move|p2a: Fenrir|Flare Blitz|p1a: Cetitan\n|-activate|p1a: Cetitan|move: Protect\n|\n|upkeep\n|turn|13\n|\n|t:|1700002605\n|switch|p1a: Chien-Pao|Chien-Pao|100\/100\n|-ability|p1a: Chien-Pao|Sword of Ruin\n|move|p2a: Fenrir|Flare Blitz|p1a: Chien-Pao\n|-supereffective|p1a: Chien-Pao\n|-damage|p1a: Chien-Pao|0 fnt\n|faint|p1a: Chien-Pao\n|\n|upkeep\n|\n|t:|1700002615\n|switch|p1a: Cetitan|Cetitan, F|34\/100\n|turn|14\n|\n|t:|1700002621\n|move|p1a: Cetitan|Protect|p1a: Cetitan\n|-singleturn|p1a: Cetitan|Protect\n|move|p2a: Fenrir|Flare Blitz|p1a: Cetitan\n|-activate|p1a: Cetitan|move: Protect\n|\n|upkeep\n|turn|15\n|c|\u2606CrownedAegislash|Bro, what are you doing?\n|\n|t:|1700002648\n|move|p1a: Cetitan|Protect||[still]\n|-fail|p1a: Cetitan\n|move|p2a: Fenrir|Flare Blitz|p1a: Cetitan\n|-supereffective|p1a: Cetitan\n|-damage|p1a: Cetitan|0 fnt\n|faint|p1a: Cetitan\n|\n|upkeep\n|\n|t:|1700002654\n|switch|p1a: Arboliva|Arboliva, F|100\/100\n|turn|16\n|inactive|Battle timer is ON: inactive players will automatically lose when time's up. (requested by CrownedAegislash)\n|\n|t:|1700002689\n|move|p1a: Arboliva|Protect|p1a: Arboliva\n|-singleturn|p1a: Arboliva|Protect\n|move|p2a: Fenrir|Flare Blitz|p1a: Arboliva\n|-activate|p1a: Arboliva|move: Protect\n|\n|upkeep\n|turn|17\n|\n|t:|1700002706\n|move|p1a: Arboliva|Protect||[still]\n|-fail|p1a: Arboliva\n|move|p2a: Fenrir|Flare Blitz|p1a: Arboliva\n|-supereffective|p1a: Arboliva\n|-damage|p1a: Arboliva|0 fnt\n|faint|p1a: Arboliva\n|\n|upkeep\n|\n|t:|1700002716\n|switch|p1a: Baxcalibur|Baxcalibur, F|100\/100\n|turn|18\n|\n|t:|1700002720\n|-terastallize|p1a: Baxcalibur|Electric\n|move|p1a: Baxcalibur|Protect|p1a: Baxcalibur\n|-singleturn|p1a: Baxcalibur|Protect\n|move|p2a: Fenrir|Flare Blitz|p1a: Baxcalibur\n|-activate|p1a: Baxcalibur|move: Protect\n|\n|upkeep\n|turn|19\n|\n|t:|1700002734\n|-terastallize|p2a: Fenrir|Normal\n|move|p2a: Fenrir|Flare Blitz|p1a: Baxcalibur\n|-damage|p1a: Baxcalibur|47\/100\n|move|p1a: Baxcalibur|Tera Blast|p2a: Fenrir|[anim] Tera Blast Electric\n|-end|p2a: Fenrir|Substitute\n|\n|upkeep\n|turn|20\n|\n|t:|1700002743\n|move|p1a: Baxcalibur|Protect|p1a: Baxcalibur\n|-singleturn|p1a: Baxcalibur|Protect\n|move|p2a: Fenrir|Flare Blitz|p1a: Baxcalibur\n|-activate|p1a: Baxcalibur|move: Protect\n|\n|upkeep\n|turn|21\n|c|\u2606CrownedAegislash|Good game\n|\n|t:|1700002759\n|move|p2a: Fenrir|Flare Blitz|p1a: Baxcalibur\n|-damage|p1a: Baxcalibur|0 fnt\n|faint|p1a: Baxcalibur\n|\n|win|CrownedAegislash\n|raw|ajkdxko's rating: 1000 &rarr; <strong>1000<\/strong><br \/>(+0 for losing)\n|raw|CrownedAegislash's rating: 1122 &rarr; <strong>1139<\/strong><br \/>(+17 for winning)\n|l|\u2606ajkdxko\n","uploadtime":1700002766,"views":22,"p1id":"ajkdxko","p2id":"crownedaegislash","formatid":"gen9anythinggoes","rating":1000,"private":0,"password":""}