{"id":"gen9anythinggoes-1973256303","p1":"ok you said it","p2":"Shelmett","format":"[Gen 9] Anything Goes","log":"|j|\u2606ok you said it\n|j|\u2606Shelmett\n|t:|1697945092\n|gametype|singles\n|player|p1|ok you said it|hugh|1000\n|player|p2|Shelmett|roxie|1032\n|teamsize|p1|6\n|teamsize|p2|6\n|gen|9\n|tier|[Gen 9] Anything Goes\n|rated|\n|rule|HP Percentage Mod: HP is shown in percentages\n|rule|Endless Battle Clause: Forcing endless battles is banned\n|clearpoke\n|poke|p1|Uxie|\n|poke|p1|Slowbro-Galar, M|\n|poke|p1|Charizard, F|\n|poke|p1|Azumarill, M|\n|poke|p1|Iron Hands|\n|poke|p1|Ninetales, M|\n|poke|p2|Mienshao, F|\n|poke|p2|Mienshao, M|\n|poke|p2|Mienshao, M|\n|poke|p2|Mienshao, M|\n|poke|p2|Mienshao, F|\n|poke|p2|Mienshao, M|\n|teampreview\n|\n|t:|1697945110\n|start\n|switch|p1a: Uxie|Uxie|100\/100\n|switch|p2a: Mienshao|Mienshao, M|100\/100\n|turn|1\n|\n|t:|1697945116\n|move|p2a: Mienshao|Fake Out|p1a: Uxie\n|-damage|p1a: Uxie|90\/100\n|cant|p1a: Uxie|flinch\n|\n|upkeep\n|turn|2\n|\n|t:|1697945121\n|move|p2a: Mienshao|Knock Off|p1a: Uxie\n|-supereffective|p1a: Uxie\n|-damage|p1a: Uxie|36\/100\n|-enditem|p1a: Uxie|Quick Claw|[from] move: Knock Off|[of] p2a: Mienshao\n|move|p1a: Uxie|Yawn|p2a: Mienshao\n|-start|p2a: Mienshao|move: Yawn|[of] p1a: Uxie\n|\n|upkeep\n|turn|3\n|\n|t:|1697945128\n|move|p2a: Mienshao|U-turn|p1a: Uxie\n|-supereffective|p1a: Uxie\n|-damage|p1a: Uxie|0 fnt\n|faint|p1a: Uxie\n|\n|t:|1697945135\n|switch|p2a: Mienshao|Mienshao, F|100\/100|[from] U-turn\n|\n|upkeep\n|\n|t:|1697945140\n|switch|p1a: Iron Hands|Iron Hands|100\/100\n|-enditem|p1a: Iron Hands|Booster Energy\n|-activate|p1a: Iron Hands|ability: Quark Drive|[fromitem]\n|-start|p1a: Iron Hands|quarkdriveatk\n|turn|4\n|\n|t:|1697945147\n|move|p2a: Mienshao|Hone Claws|p2a: Mienshao\n|-boost|p2a: Mienshao|atk|1\n|-boost|p2a: Mienshao|accuracy|1\n|move|p1a: Iron Hands|Belly Drum|p1a: Iron Hands\n|-damage|p1a: Iron Hands|51\/100\n|-setboost|p1a: Iron Hands|atk|6|[from] move: Belly Drum\n|\n|upkeep\n|turn|5\n|\n|t:|1697945156\n|move|p2a: Mienshao|High Jump Kick|p1a: Iron Hands\n|-damage|p1a: Iron Hands|0 fnt\n|faint|p1a: Iron Hands\n|-end|p1a: Iron Hands|Quark Drive|[silent]\n|-damage|p2a: Mienshao|91\/100|[from] item: Life Orb\n|\n|upkeep\n|\n|t:|1697945161\n|switch|p1a: Charizard|Charizard, F|100\/100\n|turn|6\n|\n|t:|1697945167\n|-terastallize|p2a: Mienshao|Fighting\n|move|p2a: Mienshao|High Jump Kick|p1a: Charizard\n|-resisted|p1a: Charizard\n|-damage|p1a: Charizard|0 fnt\n|faint|p1a: Charizard\n|-damage|p2a: Mienshao|81\/100|[from] item: Life Orb\n|\n|upkeep\n|\n|t:|1697945174\n|switch|p1a: Azumarill|Azumarill, M|100\/100\n|turn|7\n|\n|t:|1697945178\n|move|p2a: Mienshao|High Jump Kick|p1a: Azumarill\n|-resisted|p1a: Azumarill\n|-crit|p1a: Azumarill\n|-damage|p1a: Azumarill|0 fnt\n|faint|p1a: Azumarill\n|-damage|p2a: Mienshao|71\/100|[from] item: Life Orb\n|\n|upkeep\n|\n|t:|1697945184\n|switch|p1a: Slowbro|Slowbro-Galar, M|100\/100\n|turn|8\n|\n|t:|1697945187\n|move|p2a: Mienshao|Knock Off|p1a: Slowbro\n|-supereffective|p1a: Slowbro\n|-damage|p1a: Slowbro|0 fnt\n|-enditem|p1a: Slowbro|Quick Claw|[from] move: Knock Off|[of] p2a: Mienshao\n|faint|p1a: Slowbro\n|-damage|p2a: Mienshao|61\/100|[from] item: Life Orb\n|\n|upkeep\n|-message|ok you said it forfeited.\n|\n|win|Shelmett\n|raw|ok you said it's rating: 1000 &rarr; <strong>1000<\/strong><br \/>(+0 for losing)\n|raw|Shelmett's rating: 1032 &rarr; <strong>1064<\/strong><br \/>(+32 for winning)\n|l|\u2606ok you said it\n","uploadtime":1697945199,"views":13,"p1id":"okyousaidit","p2id":"shelmett","formatid":"gen9anythinggoes","rating":1000,"private":0,"password":""}