{"id":"gen9anythinggoes-1998422461","p1":"swirlingvortexG","p2":"AWESOMEDOOMER","format":"[Gen 9] Anything Goes","log":"|j|\u2606swirlingvortexG\n|j|\u2606AWESOMEDOOMER\n|t:|1700940577\n|gametype|singles\n|player|p1|swirlingvortexG|skyla|\n|player|p2|AWESOMEDOOMER|volo|\n|teamsize|p1|6\n|teamsize|p2|6\n|gen|9\n|tier|[Gen 9] Anything Goes\n|rule|HP Percentage Mod: HP is shown in percentages\n|rule|Endless Battle Clause: Forcing endless battles is banned\n|clearpoke\n|poke|p1|Baxcalibur, M|\n|poke|p1|Cinderace, M|\n|poke|p1|Quagsire, M|\n|poke|p1|Ninetales-Alola, M|\n|poke|p1|Heatran, M|\n|poke|p1|Dondozo, M|\n|poke|p2|Dragapult, F|\n|poke|p2|Manaphy|\n|poke|p2|Grafaiai, F|\n|poke|p2|Scizor, F|\n|poke|p2|Gyarados, M|\n|poke|p2|Clefable, F|\n|teampreview\n|inactive|Battle timer is ON: inactive players will automatically lose when time's up. (requested by swirlingvortexG)\n|inactive|AWESOMEDOOMER also wants the timer to be on.\n|j| BeanMasters\n|j| NightWave7777\n|\n|t:|1700940594\n|start\n|switch|p1a: Firouzja|Ninetales-Alola, M|100\/100\n|switch|p2a: giraffe|Grafaiai, F|100\/100\n|-weather|Snow|[from] ability: Snow Warning|[of] p1a: Firouzja\n|turn|1\n|\n|t:|1700940603\n|switch|p1a: Nepo|Heatran, M|100\/100\n|-item|p1a: Nepo|Air Balloon\n|move|p2a: giraffe|Substitute|p2a: giraffe\n|-start|p2a: giraffe|Substitute\n|-damage|p2a: giraffe|76\/100\n|\n|-weather|Snow|[upkeep]\n|-heal|p2a: giraffe|82\/100|[from] item: Leftovers\n|upkeep\n|turn|2\n|\n|t:|1700940611\n|move|p2a: giraffe|Protect|p2a: giraffe\n|-singleturn|p2a: giraffe|Protect\n|move|p1a: Nepo|Earth Power|p2a: giraffe\n|-activate|p2a: giraffe|move: Protect\n|\n|-weather|Snow|[upkeep]\n|-heal|p2a: giraffe|88\/100|[from] item: Leftovers\n|upkeep\n|turn|3\n|\n|t:|1700940619\n|move|p2a: giraffe|Encore|p1a: Nepo\n|-start|p1a: Nepo|Encore\n|move|p1a: Nepo|Earth Power|p2a: giraffe\n|-supereffective|p2a: giraffe\n|-end|p2a: giraffe|Substitute\n|\n|-weather|Snow|[upkeep]\n|-heal|p2a: giraffe|94\/100|[from] item: Leftovers\n|upkeep\n|turn|4\n|\n|t:|1700940627\n|switch|p2a: kaido|Gyarados, M|100\/100\n|-ability|p2a: kaido|Intimidate|boost\n|-unboost|p1a: Nepo|atk|1\n|switch|p1a: Firouzja|Ninetales-Alola, M|100\/100\n|\n|-weather|Snow|[upkeep]\n|upkeep\n|turn|5\n|\n|t:|1700940635\n|switch|p2a: giraffe|Grafaiai, F|94\/100\n|move|p1a: Firouzja|Aurora Veil|p1a: Firouzja\n|-sidestart|p1: swirlingvortexG|move: Aurora Veil\n|\n|-weather|none\n|-heal|p2a: giraffe|99\/100|[from] item: Leftovers\n|upkeep\n|turn|6\n|\n|t:|1700940640\n|switch|p1a: Nepo|Heatran, M|100\/100\n|-item|p1a: Nepo|Air Balloon\n|move|p2a: giraffe|Substitute|p2a: giraffe\n|-start|p2a: giraffe|Substitute\n|-damage|p2a: giraffe|75\/100\n|\n|-heal|p2a: giraffe|81\/100|[from] item: Leftovers\n|upkeep\n|turn|7\n|\n|t:|1700940646\n|move|p2a: giraffe|Protect|p2a: giraffe\n|-singleturn|p2a: giraffe|Protect\n|move|p1a: Nepo|Taunt|p2a: giraffe\n|-activate|p2a: giraffe|move: Protect\n|\n|-heal|p2a: giraffe|87\/100|[from] item: Leftovers\n|upkeep\n|turn|8\n|\n|t:|1700940652\n|move|p2a: giraffe|Encore|p1a: Nepo\n|-start|p1a: Nepo|Encore\n|move|p1a: Nepo|Taunt|p2a: giraffe\n|-start|p2a: giraffe|move: Taunt\n|\n|-heal|p2a: giraffe|93\/100|[from] item: Leftovers\n|upkeep\n|turn|9\n|\n|t:|1700940657\n|switch|p2a: neptune|Manaphy|100\/100\n|switch|p1a: Firouzja|Ninetales-Alola, M|100\/100\n|-weather|Snow|[from] ability: Snow Warning|[of] p1a: Firouzja\n|\n|-weather|Snow|[upkeep]\n|upkeep\n|turn|10\n|\n|t:|1700940662\n|switch|p2a: giraffe|Grafaiai, F|93\/100\n|move|p1a: Firouzja|Freeze-Dry|p2a: giraffe\n|-damage|p2a: giraffe|75\/100\n|-status|p2a: giraffe|frz\n|\n|-weather|Snow|[upkeep]\n|-heal|p2a: giraffe|81\/100 frz|[from] item: Leftovers\n|upkeep\n|turn|11\n|\n|t:|1700940673\n|switch|p1a: Magnus|Baxcalibur, M|100\/100\n|cant|p2a: giraffe|frz\n|\n|-weather|Snow|[upkeep]\n|-heal|p2a: giraffe|87\/100 frz|[from] item: Leftovers\n|upkeep\n|turn|12\n|\n|t:|1700940678\n|cant|p2a: giraffe|frz\n|move|p1a: Magnus|Dragon Dance|p1a: Magnus\n|-boost|p1a: Magnus|atk|1\n|-boost|p1a: Magnus|spe|1\n|\n|-weather|Snow|[upkeep]\n|-heal|p2a: giraffe|93\/100 frz|[from] item: Leftovers\n|-sideend|p1: swirlingvortexG|move: Aurora Veil\n|upkeep\n|turn|13\n|\n|t:|1700940681\n|cant|p2a: giraffe|frz\n|move|p1a: Magnus|Earthquake|p2a: giraffe\n|-supereffective|p2a: giraffe\n|-damage|p2a: giraffe|0 fnt\n|faint|p2a: giraffe\n|\n|-weather|none\n|upkeep\n|\n|t:|1700940684\n|switch|p2a: blitzo|Dragapult, F|100\/100\n|turn|14\n|\n|t:|1700940691\n|switch|p2a: piepi|Clefable, F|100\/100\n|move|p1a: Magnus|Icicle Spear|p2a: piepi\n|-damage|p2a: piepi|90\/100\n|-damage|p2a: piepi|80\/100\n|-damage|p2a: piepi|68\/100\n|-damage|p2a: piepi|58\/100\n|-hitcount|p2a: piepi|4\n|\n|-heal|p2a: piepi|64\/100|[from] item: Leftovers\n|upkeep\n|turn|15\n|\n|t:|1700940698\n|move|p1a: Magnus|Iron Head|p2a: piepi\n|-supereffective|p2a: piepi\n|-damage|p2a: piepi|18\/100\n|move|p2a: piepi|Thunder Wave|p1a: Magnus\n|-status|p1a: Magnus|par\n|\n|-heal|p2a: piepi|24\/100|[from] item: Leftovers\n|upkeep\n|turn|16\n|\n|t:|1700940704\n|move|p2a: piepi|Protect|p2a: piepi\n|-singleturn|p2a: piepi|Protect\n|move|p1a: Magnus|Iron Head|p2a: piepi\n|-activate|p2a: piepi|move: Protect\n|\n|-heal|p2a: piepi|30\/100|[from] item: Leftovers\n|upkeep\n|turn|17\n|\n|t:|1700940711\n|switch|p2a: kaido|Gyarados, M|100\/100\n|-ability|p2a: kaido|Intimidate|boost\n|-unboost|p1a: Magnus|atk|1\n|cant|p1a: Magnus|par\n|\n|upkeep\n|turn|18\n|\n|t:|1700940717\n|move|p1a: Magnus|Dragon Dance|p1a: Magnus\n|-boost|p1a: Magnus|atk|1\n|-boost|p1a: Magnus|spe|1\n|move|p2a: kaido|Roar|p1a: Magnus\n|drag|p1a: Nepo|Heatran, M|100\/100\n|-item|p1a: Nepo|Air Balloon\n|\n|upkeep\n|turn|19\n|\n|t:|1700940721\n|switch|p1a: Firouzja|Ninetales-Alola, M|100\/100\n|-weather|Snow|[from] ability: Snow Warning|[of] p1a: Firouzja\n|move|p2a: kaido|Thunder Wave|p1a: Firouzja\n|-status|p1a: Firouzja|par\n|\n|-weather|Snow|[upkeep]\n|upkeep\n|turn|20\n|\n|t:|1700940730\n|move|p2a: kaido|Taunt|p1a: Firouzja\n|-start|p1a: Firouzja|move: Taunt\n|cant|p1a: Firouzja|par\n|\n|-weather|Snow|[upkeep]\n|upkeep\n|turn|21\n|\n|t:|1700940734\n|switch|p2a: dont do it|Scizor, F|100\/100\n|move|p1a: Firouzja|Freeze-Dry|p2a: dont do it\n|-resisted|p2a: dont do it\n|-damage|p2a: dont do it|88\/100\n|-status|p2a: dont do it|frz\n|\n|-weather|Snow|[upkeep]\n|upkeep\n|turn|22\n|\n|t:|1700940740\n|switch|p1a: Nepo|Heatran, M|100\/100\n|-item|p1a: Nepo|Air Balloon\n|cant|p2a: dont do it|frz\n|\n|-weather|Snow|[upkeep]\n|upkeep\n|turn|23\n|\n|t:|1700940752\n|switch|p2a: kaido|Gyarados, M|100\/100\n|-ability|p2a: kaido|Intimidate|boost\n|-unboost|p1a: Nepo|atk|1\n|move|p1a: Nepo|Magma Storm|p2a: kaido|[miss]\n|-miss|p1a: Nepo|p2a: kaido\n|\n|-weather|none\n|upkeep\n|turn|24\n|\n|t:|1700940769\n|switch|p1a: Dondozo|Dondozo, M|100\/100\n|move|p2a: kaido|Taunt|p1a: Dondozo\n|-start|p1a: Dondozo|move: Taunt\n|\n|upkeep\n|turn|25\n|\n|t:|1700940778\n|switch|p1a: Firouzja|Ninetales-Alola, M|100\/100 par\n|-weather|Snow|[from] ability: Snow Warning|[of] p1a: Firouzja\n|move|p2a: kaido|Thunder Wave|p1a: Firouzja\n|-fail|p1a: Firouzja|par\n|\n|-weather|Snow|[upkeep]\n|upkeep\n|turn|26\n|\n|t:|1700940787\n|switch|p2a: dont do it|Scizor, F|88\/100 frz\n|cant|p1a: Firouzja|par\n|\n|-weather|Snow|[upkeep]\n|upkeep\n|turn|27\n|\n|t:|1700940793\n|switch|p1a: Hikaru|Cinderace, M|100\/100\n|cant|p2a: dont do it|frz\n|\n|-weather|Snow|[upkeep]\n|upkeep\n|turn|28\n|\n|t:|1700940801\n|switch|p2a: kaido|Gyarados, M|100\/100\n|-ability|p2a: kaido|Intimidate|boost\n|-unboost|p1a: Hikaru|atk|1\n|move|p1a: Hikaru|Pyro Ball|p2a: kaido\n|-resisted|p2a: kaido\n|-damage|p2a: kaido|88\/100\n|\n|-weather|Snow|[upkeep]\n|-heal|p2a: kaido|94\/100|[from] item: Leftovers\n|upkeep\n|turn|29\n|\n|t:|1700940813\n|move|p1a: Hikaru|U-turn|p2a: kaido\n|-start|p1a: Hikaru|typechange|Bug|[from] ability: Libero\n|-resisted|p2a: kaido\n|-damage|p2a: kaido|85\/100\n|\n|t:|1700940816\n|switch|p1a: Firouzja|Ninetales-Alola, M|100\/100 par|[from] U-turn\n|move|p2a: kaido|Waterfall|p1a: Firouzja\n|-damage|p1a: Firouzja|70\/100 par\n|\n|-weather|none\n|-heal|p2a: kaido|91\/100|[from] item: Leftovers\n|upkeep\n|turn|30\n|\n|t:|1700940826\n|switch|p2a: dont do it|Scizor, F|88\/100 frz\n|switch|p1a: Dondozo|Dondozo, M|100\/100\n|\n|upkeep\n|turn|31\n|\n|t:|1700940833\n|switch|p2a: kaido|Gyarados, M|91\/100\n|-ability|p2a: kaido|Intimidate|boost\n|-unboost|p1a: Dondozo|atk|1\n|move|p1a: Dondozo|Liquidation|p2a: kaido\n|-resisted|p2a: kaido\n|-damage|p2a: kaido|83\/100\n|-unboost|p2a: kaido|def|1\n|\n|-heal|p2a: kaido|89\/100|[from] item: Leftovers\n|upkeep\n|turn|32\n|\n|t:|1700940857\n|switch|p2a: neptune|Manaphy|100\/100\n|switch|p1a: Firouzja|Ninetales-Alola, M|70\/100 par\n|-weather|Snow|[from] ability: Snow Warning|[of] p1a: Firouzja\n|\n|-weather|Snow|[upkeep]\n|upkeep\n|turn|33\n|\n|t:|1700940862\n|switch|p2a: dont do it|Scizor, F|88\/100 frz\n|move|p1a: Firouzja|Aurora Veil|p1a: Firouzja\n|-sidestart|p1: swirlingvortexG|move: Aurora Veil\n|\n|-weather|Snow|[upkeep]\n|upkeep\n|turn|34\n|\n|t:|1700940872\n|switch|p1a: Hikaru|Cinderace, M|100\/100\n|switch|p2a: kaido|Gyarados, M|89\/100\n|-ability|p2a: kaido|Intimidate|boost\n|-unboost|p1a: Hikaru|atk|1\n|\n|-weather|Snow|[upkeep]\n|-heal|p2a: kaido|95\/100|[from] item: Leftovers\n|upkeep\n|turn|35\n|\n|t:|1700940887\n|move|p1a: Hikaru|U-turn|p2a: kaido\n|-start|p1a: Hikaru|typechange|Bug|[from] ability: Libero\n|-resisted|p2a: kaido\n|-damage|p2a: kaido|87\/100\n|\n|t:|1700940894\n|switch|p1a: Ishaan|Quagsire, M|100\/100|[from] U-turn\n|move|p2a: kaido|Roar|p1a: Ishaan\n|drag|p1a: Magnus|Baxcalibur, M|100\/100 par\n|\n|-weather|Snow|[upkeep]\n|-heal|p2a: kaido|93\/100|[from] item: Leftovers\n|upkeep\n|turn|36\n|\n|t:|1700940908\n|move|p2a: kaido|Taunt|p1a: Magnus\n|-start|p1a: Magnus|move: Taunt\n|cant|p1a: Magnus|par\n|\n|-weather|none\n|-heal|p2a: kaido|99\/100|[from] item: Leftovers\n|upkeep\n|turn|37\n|\n|t:|1700940923\n|move|p2a: kaido|Waterfall|p1a: Magnus\n|-resisted|p1a: Magnus\n|-damage|p1a: Magnus|92\/100 par\n|move|p1a: Magnus|Icicle Spear|p2a: kaido\n|-damage|p2a: kaido|90\/100\n|-damage|p2a: kaido|79\/100\n|-damage|p2a: kaido|69\/100\n|-damage|p2a: kaido|59\/100\n|-damage|p2a: kaido|49\/100\n|-hitcount|p2a: kaido|5\n|\n|-heal|p2a: kaido|55\/100|[from] item: Leftovers\n|upkeep\n|turn|38\n|l| NightWave7777\n|\n|t:|1700940933\n|switch|p2a: dont do it|Scizor, F|88\/100 frz\n|move|p1a: Magnus|Icicle Spear|p2a: dont do it\n|-resisted|p2a: dont do it\n|-damage|p2a: dont do it|83\/100 frz\n|-resisted|p2a: dont do it\n|-damage|p2a: dont do it|77\/100 frz\n|-resisted|p2a: dont do it\n|-damage|p2a: dont do it|72\/100 frz\n|-resisted|p2a: dont do it\n|-damage|p2a: dont do it|66\/100 frz\n|-hitcount|p2a: dont do it|4\n|\n|-end|p1a: Magnus|move: Taunt\n|upkeep\n|turn|39\n|\n|t:|1700940939\n|switch|p1a: Hikaru|Cinderace, M|100\/100\n|cant|p2a: dont do it|frz\n|\n|upkeep\n|turn|40\n|\n|t:|1700940948\n|switch|p2a: kaido|Gyarados, M|55\/100\n|-ability|p2a: kaido|Intimidate|boost\n|-unboost|p1a: Hikaru|atk|1\n|move|p1a: Hikaru|Pyro Ball|p2a: kaido\n|-resisted|p2a: kaido\n|-damage|p2a: kaido|42\/100\n|\n|-heal|p2a: kaido|48\/100|[from] item: Leftovers\n|-sideend|p1: swirlingvortexG|move: Aurora Veil\n|upkeep\n|turn|41\n|inactive|AWESOMEDOOMER has 270 seconds left.\n|\n|t:|1700940990\n|move|p1a: Hikaru|U-turn|p2a: kaido\n|-start|p1a: Hikaru|typechange|Bug|[from] ability: Libero\n|-resisted|p2a: kaido\n|-damage|p2a: kaido|40\/100\n|\n|t:|1700940994\n|switch|p1a: Firouzja|Ninetales-Alola, M|70\/100 par|[from] U-turn\n|-weather|Snow|[from] ability: Snow Warning|[of] p1a: Firouzja\n|move|p2a: kaido|Waterfall|p1a: Firouzja\n|-damage|p1a: Firouzja|43\/100 par\n|\n|-weather|Snow|[upkeep]\n|-heal|p2a: kaido|46\/100|[from] item: Leftovers\n|upkeep\n|turn|42\n|inactive|AWESOMEDOOMER has 270 seconds left.\n|\n|t:|1700941001\n|switch|p2a: dont do it|Scizor, F|66\/100 frz\n|move|p1a: Firouzja|Aurora Veil|p1a: Firouzja\n|-sidestart|p1: swirlingvortexG|move: Aurora Veil\n|\n|-weather|Snow|[upkeep]\n|upkeep\n|turn|43\n|\n|t:|1700941007\n|switch|p1a: Hikaru|Cinderace, M|100\/100\n|-curestatus|p2a: dont do it|frz|[msg]\n|move|p2a: dont do it|U-turn|p1a: Hikaru\n|-resisted|p1a: Hikaru\n|-damage|p1a: Hikaru|89\/100\n|\n|t:|1700941012\n|switch|p2a: piepi|Clefable, F|30\/100|[from] U-turn\n|\n|-weather|Snow|[upkeep]\n|-heal|p2a: piepi|36\/100|[from] item: Leftovers\n|upkeep\n|turn|44\n|\n|t:|1700941022\n|move|p2a: piepi|Protect|p2a: piepi\n|-singleturn|p2a: piepi|Protect\n|move|p1a: Hikaru|Gunk Shot|p2a: piepi\n|-start|p1a: Hikaru|typechange|Poison|[from] ability: Libero\n|-activate|p2a: piepi|move: Protect\n|\n|-weather|Snow|[upkeep]\n|-heal|p2a: piepi|42\/100|[from] item: Leftovers\n|upkeep\n|turn|45\n|\n|t:|1700941042\n|switch|p2a: kaido|Gyarados, M|46\/100\n|-ability|p2a: kaido|Intimidate|boost\n|-unboost|p1a: Hikaru|atk|1\n|move|p1a: Hikaru|Gunk Shot|p2a: kaido\n|-damage|p2a: kaido|15\/100\n|\n|-weather|none\n|-heal|p2a: kaido|22\/100|[from] item: Leftovers\n|upkeep\n|turn|46\n|\n|t:|1700941050\n|switch|p2a: blitzo|Dragapult, F|100\/100\n|move|p1a: Hikaru|U-turn|p2a: blitzo\n|-resisted|p2a: blitzo\n|-damage|p2a: blitzo|89\/100\n|\n|t:|1700941055\n|switch|p1a: Ishaan|Quagsire, M|100\/100|[from] U-turn\n|\n|upkeep\n|turn|47\n|\n|t:|1700941066\n|switch|p2a: dont do it|Scizor, F|66\/100\n|move|p1a: Ishaan|Ice Punch|p2a: dont do it\n|-resisted|p2a: dont do it\n|-damage|p2a: dont do it|61\/100\n|-damage|p1a: Ishaan|84\/100|[from] item: Rocky Helmet|[of] p2a: dont do it\n|\n|-heal|p1a: Ishaan|90\/100|[from] item: Leftovers\n|upkeep\n|turn|48\n|\n|t:|1700941077\n|move|p2a: dont do it|U-turn|p1a: Ishaan\n|-damage|p1a: Ishaan|79\/100\n|\n|t:|1700941080\n|switch|p2a: piepi|Clefable, F|42\/100|[from] U-turn\n|move|p1a: Ishaan|Earthquake|p2a: piepi\n|-damage|p2a: piepi|19\/100\n|\n|-heal|p2a: piepi|25\/100|[from] item: Leftovers\n|-heal|p1a: Ishaan|86\/100|[from] item: Leftovers\n|upkeep\n|turn|49\n|\n|t:|1700941086\n|move|p2a: piepi|Wish|p2a: piepi\n|move|p1a: Ishaan|Toxic|p2a: piepi\n|-status|p2a: piepi|tox\n|\n|-heal|p2a: piepi|31\/100 tox|[from] item: Leftovers\n|-heal|p1a: Ishaan|92\/100|[from] item: Leftovers\n|-damage|p2a: piepi|25\/100 tox|[from] psn\n|-sideend|p1: swirlingvortexG|move: Aurora Veil\n|upkeep\n|turn|50\n|\n|t:|1700941095\n|move|p2a: piepi|Protect|p2a: piepi\n|-singleturn|p2a: piepi|Protect\n|move|p1a: Ishaan|Ice Punch|p2a: piepi\n|-activate|p2a: piepi|move: Protect\n|\n|-heal|p2a: piepi|75\/100 tox|[from] move: Wish|[wisher] piepi\n|-heal|p2a: piepi|81\/100 tox|[from] item: Leftovers\n|-heal|p1a: Ishaan|98\/100|[from] item: Leftovers\n|-damage|p2a: piepi|69\/100 tox|[from] psn\n|upkeep\n|turn|51\n|\n|t:|1700941106\n|switch|p2a: neptune|Manaphy|100\/100\n|move|p1a: Ishaan|Ice Punch|p2a: neptune\n|-resisted|p2a: neptune\n|-damage|p2a: neptune|94\/100\n|\n|-heal|p1a: Ishaan|100\/100|[from] item: Leftovers\n|upkeep\n|turn|52\n|\n|t:|1700941118\n|move|p2a: neptune|Substitute|p2a: neptune\n|-start|p2a: neptune|Substitute\n|-damage|p2a: neptune|69\/100\n|move|p1a: Ishaan|Toxic||[still]\n|-fail|p1a: Ishaan\n|\n|upkeep\n|turn|53\n|\n|t:|1700941128\n|move|p2a: neptune|Energy Ball|p1a: Ishaan\n|-supereffective|p1a: Ishaan\n|-crit|p1a: Ishaan\n|-damage|p1a: Ishaan|0 fnt\n|faint|p1a: Ishaan\n|\n|upkeep\n|\n|t:|1700941136\n|switch|p1a: Firouzja|Ninetales-Alola, M|43\/100 par\n|-weather|Snow|[from] ability: Snow Warning|[of] p1a: Firouzja\n|turn|54\n|\n|t:|1700941144\n|move|p2a: neptune|Tail Glow|p2a: neptune\n|-boost|p2a: neptune|spa|3\n|move|p1a: Firouzja|Encore|p2a: neptune\n|-start|p2a: neptune|Encore\n|\n|-weather|Snow|[upkeep]\n|upkeep\n|turn|55\n|\n|t:|1700941151\n|move|p2a: neptune|Tail Glow|p2a: neptune\n|-boost|p2a: neptune|spa|3\n|move|p1a: Firouzja|Freeze-Dry|p2a: neptune\n|-supereffective|p2a: neptune\n|-end|p2a: neptune|Substitute\n|\n|-weather|Snow|[upkeep]\n|upkeep\n|turn|56\n|\n|t:|1700941163\n|switch|p2a: dont do it|Scizor, F|61\/100\n|move|p1a: Firouzja|Freeze-Dry|p2a: dont do it\n|-resisted|p2a: dont do it\n|-damage|p2a: dont do it|48\/100\n|\n|-weather|Snow|[upkeep]\n|upkeep\n|turn|57\n|\n|t:|1700941170\n|switch|p1a: Dondozo|Dondozo, M|100\/100\n|move|p2a: dont do it|Bullet Punch|p1a: Dondozo\n|-resisted|p1a: Dondozo\n|-damage|p1a: Dondozo|94\/100\n|\n|-weather|Snow|[upkeep]\n|-heal|p1a: Dondozo|100\/100|[from] item: Leftovers\n|upkeep\n|turn|58\n|\n|t:|1700941184\n|move|p2a: dont do it|U-turn|p1a: Dondozo\n|-damage|p1a: Dondozo|86\/100\n|\n|t:|1700941199\n|switch|p2a: piepi|Clefable, F|69\/100 tox|[from] U-turn\n|move|p1a: Dondozo|Curse|p1a: Dondozo\n|-unboost|p1a: Dondozo|spe|1\n|-boost|p1a: Dondozo|atk|1\n|-boost|p1a: Dondozo|def|1\n|\n|-weather|none\n|-heal|p2a: piepi|75\/100 tox|[from] item: Leftovers\n|-heal|p1a: Dondozo|92\/100|[from] item: Leftovers\n|-damage|p2a: piepi|69\/100 tox|[from] psn\n|upkeep\n|turn|59\n|\n|t:|1700941211\n|move|p2a: piepi|Wish|p2a: piepi\n|move|p1a: Dondozo|Liquidation|p2a: piepi\n|-damage|p2a: piepi|42\/100 tox\n|\n|-heal|p2a: piepi|48\/100 tox|[from] item: Leftovers\n|-heal|p1a: Dondozo|99\/100|[from] item: Leftovers\n|-damage|p2a: piepi|36\/100 tox|[from] psn\n|upkeep\n|turn|60\n|\n|t:|1700941228\n|switch|p2a: kaido|Gyarados, M|22\/100\n|-ability|p2a: kaido|Intimidate|boost\n|-unboost|p1a: Dondozo|atk|1\n|switch|p1a: Firouzja|Ninetales-Alola, M|43\/100 par\n|-weather|Snow|[from] ability: Snow Warning|[of] p1a: Firouzja\n|\n|-weather|Snow|[upkeep]\n|-heal|p2a: kaido|72\/100|[from] move: Wish|[wisher] piepi\n|-heal|p2a: kaido|78\/100|[from] item: Leftovers\n|upkeep\n|turn|61\n|\n|t:|1700941236\n|switch|p2a: dont do it|Scizor, F|48\/100\n|move|p1a: Firouzja|Aurora Veil|p1a: Firouzja\n|-sidestart|p1: swirlingvortexG|move: Aurora Veil\n|\n|-weather|Snow|[upkeep]\n|upkeep\n|turn|62\n|\n|t:|1700941243\n|switch|p1a: Dondozo|Dondozo, M|99\/100\n|move|p2a: dont do it|Knock Off|p1a: Dondozo\n|-damage|p1a: Dondozo|92\/100\n|-enditem|p1a: Dondozo|Leftovers|[from] move: Knock Off|[of] p2a: dont do it\n|\n|-weather|Snow|[upkeep]\n|upkeep\n|turn|63\n|\n|t:|1700941254\n|move|p2a: dont do it|U-turn|p1a: Dondozo\n|-damage|p1a: Dondozo|83\/100\n|\n|t:|1700941258\n|switch|p2a: kaido|Gyarados, M|78\/100|[from] U-turn\n|-ability|p2a: kaido|Intimidate|boost\n|-unboost|p1a: Dondozo|atk|1\n|move|p1a: Dondozo|Liquidation|p2a: kaido\n|-resisted|p2a: kaido\n|-damage|p2a: kaido|69\/100\n|-unboost|p2a: kaido|def|1\n|\n|-weather|Snow|[upkeep]\n|-heal|p2a: kaido|75\/100|[from] item: Leftovers\n|upkeep\n|turn|64\n|\n|t:|1700941273\n|move|p1a: Dondozo|Curse|p1a: Dondozo\n|-unboost|p1a: Dondozo|spe|1\n|-boost|p1a: Dondozo|atk|1\n|-boost|p1a: Dondozo|def|1\n|move|p2a: kaido|Roar|p1a: Dondozo\n|drag|p1a: Hikaru|Cinderace, M|89\/100\n|\n|-weather|none\n|-heal|p2a: kaido|81\/100|[from] item: Leftovers\n|upkeep\n|turn|65\n|\n|t:|1700941283\n|switch|p2a: blitzo|Dragapult, F|89\/100\n|move|p1a: Hikaru|U-turn|p2a: blitzo\n|-start|p1a: Hikaru|typechange|Bug|[from] ability: Libero\n|-resisted|p2a: blitzo\n|-damage|p2a: blitzo|63\/100\n|inactive|swirlingvortexG has 270 seconds left.\n|inactive|swirlingvortexG has 240 seconds left.\n|\n|t:|1700941359\n|switch|p1a: Firouzja|Ninetales-Alola, M|43\/100 par|[from] U-turn\n|-weather|Snow|[from] ability: Snow Warning|[of] p1a: Firouzja\n|\n|-weather|Snow|[upkeep]\n|upkeep\n|turn|66\n|\n|t:|1700941372\n|move|p2a: blitzo|Fire Blast|p1a: Firouzja\n|-supereffective|p1a: Firouzja\n|-damage|p1a: Firouzja|0 fnt\n|faint|p1a: Firouzja\n|\n|-weather|Snow|[upkeep]\n|upkeep\n|\n|t:|1700941383\n|switch|p1a: Magnus|Baxcalibur, M|92\/100 par\n|turn|67\n|\n|t:|1700941390\n|switch|p2a: kaido|Gyarados, M|81\/100\n|-ability|p2a: kaido|Intimidate|boost\n|-unboost|p1a: Magnus|atk|1\n|move|p1a: Magnus|Icicle Spear|p2a: kaido\n|-damage|p2a: kaido|74\/100\n|-damage|p2a: kaido|67\/100\n|-damage|p2a: kaido|61\/100\n|-damage|p2a: kaido|54\/100\n|-hitcount|p2a: kaido|4\n|\n|-weather|Snow|[upkeep]\n|-heal|p2a: kaido|60\/100|[from] item: Leftovers\n|upkeep\n|turn|68\n|\n|t:|1700941403\n|switch|p2a: dont do it|Scizor, F|48\/100\n|move|p1a: Magnus|Dragon Dance|p1a: Magnus\n|-boost|p1a: Magnus|atk|1\n|-boost|p1a: Magnus|spe|1\n|\n|-weather|Snow|[upkeep]\n|-sideend|p1: swirlingvortexG|move: Aurora Veil\n|upkeep\n|turn|69\n|\n|t:|1700941409\n|switch|p1a: Dondozo|Dondozo, M|83\/100\n|move|p2a: dont do it|U-turn|p1a: Dondozo\n|-damage|p1a: Dondozo|68\/100\n|\n|t:|1700941412\n|switch|p2a: piepi|Clefable, F|36\/100 tox|[from] U-turn\n|\n|-weather|none\n|-heal|p2a: piepi|42\/100 tox|[from] item: Leftovers\n|-damage|p2a: piepi|36\/100 tox|[from] psn\n|upkeep\n|turn|70\n|\n|t:|1700941418\n|move|p2a: piepi|Wish|p2a: piepi\n|move|p1a: Dondozo|Curse|p1a: Dondozo\n|-unboost|p1a: Dondozo|spe|1\n|-boost|p1a: Dondozo|atk|1\n|-boost|p1a: Dondozo|def|1\n|\n|-heal|p2a: piepi|42\/100 tox|[from] item: Leftovers\n|-damage|p2a: piepi|29\/100 tox|[from] psn\n|upkeep\n|turn|71\n|\n|t:|1700941433\n|move|p2a: piepi|Protect|p2a: piepi\n|-singleturn|p2a: piepi|Protect\n|move|p1a: Dondozo|Liquidation|p2a: piepi\n|-activate|p2a: piepi|move: Protect\n|\n|-heal|p2a: piepi|79\/100 tox|[from] move: Wish|[wisher] piepi\n|-heal|p2a: piepi|86\/100 tox|[from] item: Leftovers\n|-damage|p2a: piepi|67\/100 tox|[from] psn\n|upkeep\n|turn|72\n|\n|t:|1700941437\n|move|p2a: piepi|Wish|p2a: piepi\n|move|p1a: Dondozo|Liquidation|p2a: piepi\n|-damage|p2a: piepi|41\/100 tox\n|\n|-heal|p2a: piepi|47\/100 tox|[from] item: Leftovers\n|-damage|p2a: piepi|22\/100 tox|[from] psn\n|upkeep\n|turn|73\n|inactive|swirlingvortexG has 270 seconds left.\n|\n|t:|1700941444\n|switch|p2a: kaido|Gyarados, M|60\/100\n|-ability|p2a: kaido|Intimidate|boost\n|-unboost|p1a: Dondozo|atk|1\n|move|p1a: Dondozo|Liquidation|p2a: kaido\n|-resisted|p2a: kaido\n|-damage|p2a: kaido|47\/100\n|-unboost|p2a: kaido|def|1\n|\n|-heal|p2a: kaido|97\/100|[from] move: Wish|[wisher] piepi\n|-heal|p2a: kaido|100\/100|[from] item: Leftovers\n|upkeep\n|turn|74\n|inactive|swirlingvortexG has 270 seconds left.\n|\n|t:|1700941455\n|move|p2a: kaido|Taunt|p1a: Dondozo\n|-start|p1a: Dondozo|move: Taunt\n|cant|p1a: Dondozo|move: Taunt|Curse\n|\n|upkeep\n|turn|75\n|\n|t:|1700941459\n|move|p2a: kaido|Thunder Wave|p1a: Dondozo\n|-status|p1a: Dondozo|par\n|move|p1a: Dondozo|Liquidation|p2a: kaido\n|-resisted|p2a: kaido\n|-damage|p2a: kaido|87\/100\n|\n|-heal|p2a: kaido|93\/100|[from] item: Leftovers\n|upkeep\n|turn|76\n|\n|t:|1700941473\n|switch|p2a: blitzo|Dragapult, F|63\/100\n|move|p1a: Dondozo|Liquidation|p2a: blitzo\n|-resisted|p2a: blitzo\n|-damage|p2a: blitzo|39\/100\n|\n|-end|p1a: Dondozo|move: Taunt\n|upkeep\n|turn|77\n|\n|t:|1700941480\n|move|p2a: blitzo|Thunderbolt|p1a: Dondozo\n|-supereffective|p1a: Dondozo\n|-damage|p1a: Dondozo|21\/100 par\n|move|p1a: Dondozo|Rest|p1a: Dondozo\n|-status|p1a: Dondozo|slp|[from] move: Rest\n|-heal|p1a: Dondozo|100\/100 slp|[silent]\n|\n|upkeep\n|turn|78\n|\n|t:|1700941495\n|switch|p2a: kaido|Gyarados, M|93\/100\n|-ability|p2a: kaido|Intimidate|boost\n|-unboost|p1a: Dondozo|atk|1\n|switch|p1a: Magnus|Baxcalibur, M|92\/100 par\n|\n|-heal|p2a: kaido|99\/100|[from] item: Leftovers\n|upkeep\n|turn|79\n|\n|t:|1700941506\n|move|p1a: Magnus|Icicle Spear|p2a: kaido\n|-damage|p2a: kaido|90\/100\n|-damage|p2a: kaido|80\/100\n|-damage|p2a: kaido|69\/100\n|-damage|p2a: kaido|58\/100\n|-damage|p2a: kaido|48\/100\n|-hitcount|p2a: kaido|5\n|move|p2a: kaido|Roar|p1a: Magnus\n|drag|p1a: Hikaru|Cinderace, M|89\/100\n|\n|-heal|p2a: kaido|54\/100|[from] item: Leftovers\n|upkeep\n|turn|80\n|inactive|swirlingvortexG has 270 seconds left.\n|inactive|swirlingvortexG has 240 seconds left.\n|inactive|swirlingvortexG has 210 seconds left.\n|\n|t:|1700941612\n|move|p1a: Hikaru|U-turn|p2a: kaido\n|-start|p1a: Hikaru|typechange|Bug|[from] ability: Libero\n|-resisted|p2a: kaido\n|-damage|p2a: kaido|42\/100\n|\n|t:|1700941616\n|switch|p1a: Magnus|Baxcalibur, M|92\/100 par|[from] U-turn\n|move|p2a: kaido|Thunder Wave|p1a: Magnus|[miss]\n|-miss|p2a: kaido|p1a: Magnus\n|\n|-heal|p2a: kaido|48\/100|[from] item: Leftovers\n|upkeep\n|turn|81\n|inactive|AWESOMEDOOMER has 270 seconds left.\n|inactive|AWESOMEDOOMER has 240 seconds left.\n|\n|t:|1700941686\n|switch|p2a: dont do it|Scizor, F|48\/100\n|move|p1a: Magnus|Icicle Spear|p2a: dont do it\n|-resisted|p2a: dont do it\n|-damage|p2a: dont do it|43\/100\n|-resisted|p2a: dont do it\n|-damage|p2a: dont do it|37\/100\n|-resisted|p2a: dont do it\n|-damage|p2a: dont do it|31\/100\n|-resisted|p2a: dont do it\n|-damage|p2a: dont do it|25\/100\n|-hitcount|p2a: dont do it|4\n|\n|upkeep\n|turn|82\n|inactive|swirlingvortexG has 210 seconds left.\n|inactive|AWESOMEDOOMER has 240 seconds left.\n|\n|t:|1700941699\n|move|p2a: dont do it|U-turn|p1a: Magnus\n|-damage|p1a: Magnus|61\/100 par\n|\n|t:|1700941702\n|switch|p2a: kaido|Gyarados, M|48\/100|[from] U-turn\n|-ability|p2a: kaido|Intimidate|boost\n|-unboost|p1a: Magnus|atk|1\n|move|p1a: Magnus|Icicle Spear|p2a: kaido\n|-damage|p2a: kaido|41\/100\n|-damage|p2a: kaido|34\/100\n|-damage|p2a: kaido|26\/100\n|-damage|p2a: kaido|19\/100\n|-hitcount|p2a: kaido|4\n|\n|-heal|p2a: kaido|25\/100|[from] item: Leftovers\n|upkeep\n|turn|83\n|inactive|swirlingvortexG has 210 seconds left.\n|inactive|AWESOMEDOOMER has 240 seconds left.\n|\n|t:|1700941727\n|switch|p2a: neptune|Manaphy|69\/100\n|move|p1a: Magnus|Icicle Spear|p2a: neptune\n|-resisted|p2a: neptune\n|-crit|p2a: neptune\n|-damage|p2a: neptune|60\/100\n|-resisted|p2a: neptune\n|-damage|p2a: neptune|55\/100\n|-resisted|p2a: neptune\n|-damage|p2a: neptune|51\/100\n|-resisted|p2a: neptune\n|-damage|p2a: neptune|47\/100\n|-resisted|p2a: neptune\n|-damage|p2a: neptune|42\/100\n|-hitcount|p2a: neptune|5\n|\n|upkeep\n|turn|84\n|\n|t:|1700941734\n|switch|p2a: kaido|Gyarados, M|25\/100\n|-ability|p2a: kaido|Intimidate|boost\n|-unboost|p1a: Magnus|atk|1\n|switch|p1a: Dondozo|Dondozo, M|100\/100 slp\n|\n|-heal|p2a: kaido|31\/100|[from] item: Leftovers\n|upkeep\n|turn|85\n|inactive|AWESOMEDOOMER has 240 seconds left.\n|\n|t:|1700941745\n|switch|p2a: blitzo|Dragapult, F|39\/100\n|cant|p1a: Dondozo|slp\n|move|p1a: Dondozo|Sleep Talk|p1a: Dondozo\n|move|p1a: Dondozo|Curse|p1a: Dondozo|[from]move: Sleep Talk\n|-unboost|p1a: Dondozo|spe|1\n|-boost|p1a: Dondozo|atk|1\n|-boost|p1a: Dondozo|def|1\n|-enditem|p2a: blitzo|Mirror Herb\n|-boost|p2a: blitzo|atk|1|[from] item: Mirror Herb\n|-boost|p2a: blitzo|def|1|[from] item: Mirror Herb\n|\n|upkeep\n|turn|86\n|inactive|AWESOMEDOOMER has 240 seconds left.\n|\n|t:|1700941759\n|move|p2a: blitzo|Thunderbolt|p1a: Dondozo\n|-supereffective|p1a: Dondozo\n|-damage|p1a: Dondozo|54\/100 slp\n|cant|p1a: Dondozo|slp\n|move|p1a: Dondozo|Sleep Talk|p1a: Dondozo\n|move|p1a: Dondozo|Curse|p1a: Dondozo|[from]move: Sleep Talk\n|-unboost|p1a: Dondozo|spe|1\n|-boost|p1a: Dondozo|atk|1\n|-boost|p1a: Dondozo|def|1\n|\n|upkeep\n|turn|87\n|\n|t:|1700941767\n|switch|p1a: Magnus|Baxcalibur, M|61\/100 par\n|move|p2a: blitzo|Thunderbolt|p1a: Magnus\n|-resisted|p1a: Magnus\n|-damage|p1a: Magnus|50\/100 par\n|\n|upkeep\n|turn|88\n|\n|t:|1700941771\n|move|p2a: blitzo|Dragon Darts|p1a: Magnus\n|-supereffective|p1a: Magnus\n|-damage|p1a: Magnus|0 fnt\n|faint|p1a: Magnus\n|\n|upkeep\n|\n|t:|1700941779\n|switch|p1a: Nepo|Heatran, M|100\/100\n|-item|p1a: Nepo|Air Balloon\n|turn|89\n|\n|t:|1700941797\n|move|p2a: blitzo|Hydro Pump|p1a: Nepo\n|-supereffective|p1a: Nepo\n|-damage|p1a: Nepo|54\/100\n|-enditem|p1a: Nepo|Air Balloon\n|move|p1a: Nepo|Magma Storm|p2a: blitzo\n|-resisted|p2a: blitzo\n|-crit|p2a: blitzo\n|-damage|p2a: blitzo|0 fnt\n|faint|p2a: blitzo\n|\n|upkeep\n|\n|t:|1700941815\n|switch|p2a: kaido|Gyarados, M|31\/100\n|-ability|p2a: kaido|Intimidate|boost\n|-unboost|p1a: Nepo|atk|1\n|turn|90\n|\n|t:|1700941832\n|move|p2a: kaido|Thunder Wave|p1a: Nepo\n|-status|p1a: Nepo|par\n|move|p1a: Nepo|Magma Storm|p2a: kaido|[miss]\n|-miss|p1a: Nepo|p2a: kaido\n|\n|-heal|p2a: kaido|37\/100|[from] item: Leftovers\n|upkeep\n|turn|91\n|\n|t:|1700941838\n|move|p2a: kaido|Waterfall|p1a: Nepo\n|-supereffective|p1a: Nepo\n|-damage|p1a: Nepo|16\/100 par\n|cant|p1a: Nepo|par\n|\n|-heal|p2a: kaido|43\/100|[from] item: Leftovers\n|upkeep\n|turn|92\n|\n|t:|1700941846\n|switch|p1a: Dondozo|Dondozo, M|54\/100 slp\n|move|p2a: kaido|Waterfall|p1a: Dondozo\n|-resisted|p1a: Dondozo\n|-damage|p1a: Dondozo|46\/100 slp\n|\n|-heal|p2a: kaido|49\/100|[from] item: Leftovers\n|upkeep\n|turn|93\n|\n|t:|1700941853\n|move|p2a: kaido|Taunt|p1a: Dondozo\n|-start|p1a: Dondozo|move: Taunt\n|-curestatus|p1a: Dondozo|slp|[msg]\n|cant|p1a: Dondozo|move: Taunt|Rest\n|\n|-heal|p2a: kaido|55\/100|[from] item: Leftovers\n|upkeep\n|turn|94\n|inactive|AWESOMEDOOMER has 270 seconds left.\n|\n|t:|1700941859\n|switch|p1a: Nepo|Heatran, M|16\/100 par\n|move|p2a: kaido|Thunder Wave|p1a: Nepo\n|-fail|p1a: Nepo|par\n|\n|-heal|p2a: kaido|61\/100|[from] item: Leftovers\n|upkeep\n|turn|95\n|\n|t:|1700941864\n|switch|p1a: Dondozo|Dondozo, M|46\/100\n|move|p2a: kaido|Waterfall|p1a: Dondozo\n|-resisted|p1a: Dondozo\n|-damage|p1a: Dondozo|39\/100\n|\n|-heal|p2a: kaido|67\/100|[from] item: Leftovers\n|upkeep\n|turn|96\n|\n|t:|1700941872\n|move|p2a: kaido|Taunt|p1a: Dondozo\n|-start|p1a: Dondozo|move: Taunt\n|move|p1a: Dondozo|Liquidation|p2a: kaido\n|-resisted|p2a: kaido\n|-damage|p2a: kaido|54\/100\n|\n|-heal|p2a: kaido|60\/100|[from] item: Leftovers\n|upkeep\n|turn|97\n|\n|t:|1700941880\n|switch|p2a: dont do it|Scizor, F|25\/100\n|switch|p1a: Nepo|Heatran, M|16\/100 par\n|\n|upkeep\n|turn|98\n|\n|t:|1700941887\n|switch|p2a: kaido|Gyarados, M|60\/100\n|-ability|p2a: kaido|Intimidate|boost\n|-unboost|p1a: Nepo|atk|1\n|move|p1a: Nepo|Magma Storm|p2a: kaido\n|-resisted|p2a: kaido\n|-damage|p2a: kaido|42\/100\n|-activate|p2a: kaido|move: Magma Storm|[of] p1a: Nepo\n|\n|-heal|p2a: kaido|48\/100|[from] item: Leftovers\n|-damage|p2a: kaido|36\/100|[from] move: Magma Storm|[partiallytrapped]\n|upkeep\n|turn|99\n|\n|t:|1700941893\n|move|p2a: kaido|Waterfall|p1a: Nepo\n|-supereffective|p1a: Nepo\n|-damage|p1a: Nepo|0 fnt\n|faint|p1a: Nepo\n|\n|-heal|p2a: kaido|42\/100|[from] item: Leftovers\n|-end|p2a: kaido|Magma Storm|[partiallytrapped]|[silent]\n|upkeep\n|\n|t:|1700941896\n|switch|p1a: Hikaru|Cinderace, M|89\/100\n|turn|100\n|\n|t:|1700941920\n|switch|p2a: dont do it|Scizor, F|25\/100\n|move|p1a: Hikaru|Gunk Shot|p2a: dont do it\n|-start|p1a: Hikaru|typechange|Poison|[from] ability: Libero\n|-immune|p2a: dont do it\n|\n|upkeep\n|turn|101\n|\n|t:|1700941929\n|move|p2a: dont do it|Bullet Punch|p1a: Hikaru\n|-damage|p1a: Hikaru|51\/100\n|move|p1a: Hikaru|Pyro Ball|p2a: dont do it\n|-supereffective|p2a: dont do it\n|-damage|p2a: dont do it|0 fnt\n|faint|p2a: dont do it\n|\n|upkeep\n|\n|t:|1700941938\n|switch|p2a: kaido|Gyarados, M|42\/100\n|-ability|p2a: kaido|Intimidate|boost\n|-unboost|p1a: Hikaru|atk|1\n|turn|102\n|\n|t:|1700941949\n|move|p1a: Hikaru|U-turn|p2a: kaido\n|-resisted|p2a: kaido\n|-damage|p2a: kaido|37\/100\n|\n|t:|1700941951\n|switch|p1a: Dondozo|Dondozo, M|39\/100|[from] U-turn\n|move|p2a: kaido|Thunder Wave|p1a: Dondozo\n|-status|p1a: Dondozo|par\n|\n|-heal|p2a: kaido|43\/100|[from] item: Leftovers\n|upkeep\n|turn|103\n|\n|t:|1700941960\n|move|p2a: kaido|Taunt|p1a: Dondozo\n|-start|p1a: Dondozo|move: Taunt\n|move|p1a: Dondozo|Liquidation|p2a: kaido\n|-resisted|p2a: kaido\n|-damage|p2a: kaido|30\/100\n|\n|-heal|p2a: kaido|36\/100|[from] item: Leftovers\n|upkeep\n|turn|104\n|\n|t:|1700941974\n|switch|p2a: piepi|Clefable, F|22\/100 tox\n|move|p1a: Dondozo|Liquidation|p2a: piepi\n|-damage|p2a: piepi|0 fnt\n|faint|p2a: piepi\n|\n|upkeep\n|\n|t:|1700941977\n|switch|p2a: kaido|Gyarados, M|36\/100\n|-ability|p2a: kaido|Intimidate|boost\n|-unboost|p1a: Dondozo|atk|1\n|turn|105\n|\n|t:|1700941992\n|switch|p2a: neptune|Manaphy|42\/100\n|move|p1a: Dondozo|Liquidation|p2a: neptune\n|-resisted|p2a: neptune\n|-damage|p2a: neptune|31\/100\n|\n|-end|p1a: Dondozo|move: Taunt\n|upkeep\n|turn|106\n|inactive|swirlingvortexG has 270 seconds left.\n|inactive|swirlingvortexG has 240 seconds left.\n|inactive|swirlingvortexG has 210 seconds left.\n|\n|t:|1700942105\n|move|p2a: neptune|Substitute|p2a: neptune\n|-start|p2a: neptune|Substitute\n|-damage|p2a: neptune|6\/100\n|move|p1a: Dondozo|Rest|p1a: Dondozo\n|-status|p1a: Dondozo|slp|[from] move: Rest\n|-heal|p1a: Dondozo|100\/100 slp|[silent]\n|\n|upkeep\n|turn|107\n|\n|t:|1700942117\n|move|p2a: neptune|Energy Ball|p1a: Dondozo\n|-supereffective|p1a: Dondozo\n|-damage|p1a: Dondozo|42\/100 slp\n|cant|p1a: Dondozo|slp\n|move|p1a: Dondozo|Sleep Talk|p1a: Dondozo\n|move|p1a: Dondozo|Curse|p1a: Dondozo|[from]move: Sleep Talk\n|-unboost|p1a: Dondozo|spe|1\n|-boost|p1a: Dondozo|atk|1\n|-boost|p1a: Dondozo|def|1\n|\n|upkeep\n|turn|108\n|\n|t:|1700942131\n|move|p2a: neptune|Tail Glow|p2a: neptune\n|-boost|p2a: neptune|spa|3\n|cant|p1a: Dondozo|slp\n|move|p1a: Dondozo|Sleep Talk|p1a: Dondozo\n|move|p1a: Dondozo|Rest||[from]move: Sleep Talk|[still]\n|-fail|p1a: Dondozo\n|\n|upkeep\n|turn|109\n|\n|t:|1700942144\n|move|p2a: neptune|Energy Ball|p1a: Dondozo\n|-supereffective|p1a: Dondozo\n|-damage|p1a: Dondozo|0 fnt\n|faint|p1a: Dondozo\n|\n|upkeep\n|\n|t:|1700942147\n|switch|p1a: Hikaru|Cinderace, M|51\/100\n|turn|110\n|\n|t:|1700942161\n|move|p1a: Hikaru|Gunk Shot|p2a: neptune\n|-start|p1a: Hikaru|typechange|Poison|[from] ability: Libero\n|-end|p2a: neptune|Substitute\n|move|p2a: neptune|Surf|p1a: Hikaru\n|-damage|p1a: Hikaru|0 fnt\n|faint|p1a: Hikaru\n|\n|win|AWESOMEDOOMER\n","uploadtime":1700942175,"views":6,"p1id":"swirlingvortexg","p2id":"awesomedoomer","formatid":"gen9anythinggoes","rating":0,"private":0,"password":""}