{"id":"gen9anythinggoes-1982456921","p1":"Hirokimon","p2":"Pwimpler","format":"[Gen 9] Anything Goes","log":"|j|\u2606Hirokimon\n|j|\u2606Pwimpler\n|t:|1699016613\n|gametype|singles\n|player|p1|Hirokimon|veteran|1290\n|player|p2|Pwimpler|169|1366\n|teamsize|p1|6\n|teamsize|p2|6\n|gen|9\n|tier|[Gen 9] Anything Goes\n|rated|\n|rule|HP Percentage Mod: HP is shown in percentages\n|rule|Endless Battle Clause: Forcing endless battles is banned\n|clearpoke\n|poke|p1|Maushold|\n|poke|p1|Ditto|\n|poke|p1|Flamigo, M|\n|poke|p1|Scizor, M|\n|poke|p1|Garchomp, F|\n|poke|p1|Basculegion, M|\n|poke|p2|Manaphy|\n|poke|p2|Zacian-*|\n|poke|p2|Cloyster, M|\n|poke|p2|Drifblim, M|\n|poke|p2|Great Tusk|\n|poke|p2|Calyrex-Shadow|\n|teampreview\n|inactive|Battle timer is ON: inactive players will automatically lose when time's up. (requested by Pwimpler)\n|\n|t:|1699016640\n|start\n|switch|p1a: Don't Attack|Garchomp, F|100\/100\n|switch|p2a: blade of death|Zacian-Crowned|100\/100\n|-ability|p2a: blade of death|Intrepid Sword|boost\n|-boost|p2a: blade of death|atk|1\n|turn|1\n|c|\u2606Pwimpler|will attack\n|\n|t:|1699016650\n|move|p2a: blade of death|Play Rough|p1a: Don't Attack|[miss]\n|-miss|p2a: blade of death|p1a: Don't Attack\n|move|p1a: Don't Attack|Stealth Rock|p2a: blade of death\n|-sidestart|p2: Pwimpler|move: Stealth Rock\n|\n|upkeep\n|turn|2\n|\n|t:|1699016658\n|move|p2a: blade of death|Play Rough|p1a: Don't Attack\n|-supereffective|p1a: Don't Attack\n|-damage|p1a: Don't Attack|0 fnt\n|-damage|p2a: blade of death|88\/100|[from] ability: Rough Skin|[of] p1a: Don't Attack\n|-damage|p2a: blade of death|72\/100|[from] item: Rocky Helmet|[of] p1a: Don't Attack\n|faint|p1a: Don't Attack\n|\n|upkeep\n|c|\u2606Pwimpler|lucky guy :C\n|\n|t:|1699016667\n|switch|p1a: Melter|Scizor, M, shiny|100\/100\n|turn|3\n|\n|t:|1699016677\n|move|p1a: Melter|Bullet Punch|p2a: blade of death\n|-damage|p2a: blade of death|40\/100\n|move|p2a: blade of death|Swords Dance|p2a: blade of death\n|-boost|p2a: blade of death|atk|2\n|\n|upkeep\n|turn|4\n|\n|t:|1699016698\n|move|p1a: Melter|Bullet Punch|p2a: blade of death\n|-damage|p2a: blade of death|9\/100\n|move|p2a: blade of death|Sacred Sword|p1a: Melter\n|-damage|p1a: Melter|4\/100\n|\n|upkeep\n|turn|5\n|\n|t:|1699016705\n|move|p1a: Melter|Bullet Punch|p2a: blade of death\n|-damage|p2a: blade of death|0 fnt\n|faint|p2a: blade of death\n|\n|upkeep\n|\n|t:|1699016710\n|switch|p2a: Great Tusk|Great Tusk|100\/100\n|-damage|p2a: Great Tusk|98\/100|[from] Stealth Rock\n|turn|6\n|\n|t:|1699016717\n|move|p1a: Melter|Bullet Punch|p2a: Great Tusk\n|-damage|p2a: Great Tusk|74\/100\n|move|p2a: Great Tusk|Ice Spinner|p1a: Melter\n|-resisted|p1a: Melter\n|-crit|p1a: Melter\n|-damage|p1a: Melter|0 fnt\n|faint|p1a: Melter\n|\n|upkeep\n|\n|t:|1699016731\n|switch|p1a: Famaus|Maushold|100\/100\n|turn|7\n|\n|t:|1699016743\n|-terastallize|p1a: Famaus|Normal\n|move|p1a: Famaus|Population Bomb|p2a: Great Tusk\n|-damage|p2a: Great Tusk|62\/100\n|-damage|p2a: Great Tusk|52\/100\n|-damage|p2a: Great Tusk|41\/100\n|-damage|p2a: Great Tusk|30\/100\n|-damage|p2a: Great Tusk|19\/100\n|-damage|p2a: Great Tusk|8\/100\n|-damage|p2a: Great Tusk|0 fnt\n|faint|p2a: Great Tusk\n|-end|p2a: Great Tusk|Protosynthesis|[silent]\n|-hitcount|p2: Great Tusk|7\n|\n|upkeep\n|\n|t:|1699016755\n|switch|p2a: evasion of death|Drifblim, M|100\/100\n|-damage|p2a: evasion of death|76\/100|[from] Stealth Rock\n|turn|8\n|\n|t:|1699016763\n|move|p1a: Famaus|Crunch|p2a: evasion of death\n|-supereffective|p2a: evasion of death\n|-damage|p2a: evasion of death|39\/100\n|-unboost|p2a: evasion of death|def|1\n|move|p2a: evasion of death|Minimize|p2a: evasion of death\n|-boost|p2a: evasion of death|evasion|2\n|\n|upkeep\n|turn|9\n|\n|t:|1699016771\n|move|p1a: Famaus|Crunch|p2a: evasion of death\n|-supereffective|p2a: evasion of death\n|-damage|p2a: evasion of death|0 fnt\n|-damage|p1a: Famaus|76\/100|[from] ability: Aftermath|[of] p2a: evasion of death\n|faint|p2a: evasion of death\n|\n|upkeep\n|\n|t:|1699016774\n|switch|p2a: reaper of death|Calyrex-Shadow|100\/100\n|-ability|p2a: reaper of death|As One\n|-ability|p2a: reaper of death|Unnerve\n|turn|10\n|\n|t:|1699016785\n|move|p2a: reaper of death|Calm Mind|p2a: reaper of death\n|-boost|p2a: reaper of death|spa|1\n|-boost|p2a: reaper of death|spd|1\n|move|p1a: Famaus|Crunch|p2a: reaper of death\n|-supereffective|p2a: reaper of death\n|-damage|p2a: reaper of death|10\/100\n|\n|upkeep\n|turn|11\n|\n|t:|1699016793\n|move|p2a: reaper of death|Draining Kiss|p1a: Famaus\n|-damage|p1a: Famaus|29\/100\n|-heal|p2a: reaper of death|40\/100|[from] drain|[of] p1a: Famaus\n|move|p1a: Famaus|Crunch|p2a: reaper of death\n|-supereffective|p2a: reaper of death\n|-damage|p2a: reaper of death|0 fnt\n|faint|p2a: reaper of death\n|\n|upkeep\n|\n|t:|1699016798\n|switch|p2a: shell of death|Cloyster, M|100\/100\n|-damage|p2a: shell of death|76\/100|[from] Stealth Rock\n|turn|12\n|\n|t:|1699016805\n|move|p1a: Famaus|Population Bomb|p2a: shell of death\n|-damage|p2a: shell of death|62\/100\n|-damage|p2a: shell of death|49\/100\n|-damage|p2a: shell of death|37\/100\n|-damage|p2a: shell of death|24\/100\n|-damage|p2a: shell of death|10\/100\n|-damage|p2a: shell of death|0 fnt\n|faint|p2a: shell of death\n|-hitcount|p2: shell of death|6\n|\n|upkeep\n|-message|Pwimpler forfeited.\n|\n|win|Hirokimon\n|raw|Hirokimon's rating: 1290 &rarr; <strong>1320<\/strong><br \/>(+30 for winning)\n|raw|Pwimpler's rating: 1366 &rarr; <strong>1342<\/strong><br \/>(-24 for losing)\n|l|\u2606Pwimpler\n|c|\u2606Hirokimon|Ggs\n","uploadtime":1699016820,"views":7,"p1id":"hirokimon","p2id":"pwimpler","formatid":"gen9anythinggoes","rating":1320,"private":0,"password":""}