{"id":"gen9anythinggoes-1998181725","p1":"Beat10up YouTube","p2":"Zebra0528","format":"[Gen 9] Anything Goes","log":"|j|\u2606Beat10up YouTube\n|j|\u2606Zebra0528\n|t:|1700907816\n|gametype|singles\n|player|p1|Beat10up YouTube|cynthia|1082\n|player|p2|Zebra0528|cynthia|1214\n|teamsize|p1|1\n|teamsize|p2|6\n|gen|9\n|tier|[Gen 9] Anything Goes\n|rated|\n|rule|HP Percentage Mod: HP is shown in percentages\n|rule|Endless Battle Clause: Forcing endless battles is banned\n|clearpoke\n|poke|p1|Koraidon|\n|poke|p2|Hawlucha, F|\n|poke|p2|Gliscor, M|\n|poke|p2|Garchomp, F|\n|poke|p2|Rotom-Wash|\n|poke|p2|Infernape, M|\n|poke|p2|Scizor, F|\n|teampreview\n|inactive|Battle timer is ON: inactive players will automatically lose when time's up. (requested by Beat10up YouTube)\n|\n|t:|1700907829\n|start\n|switch|p1a: Koraidon|Koraidon|100\/100\n|switch|p2a: Infernape|Infernape, M|100\/100\n|-weather|SunnyDay|[from] ability: Orichalcum Pulse|[of] p1a: Koraidon\n|-activate|p1a: Koraidon|Orichalcum Pulse|[source]\n|turn|1\n|\n|t:|1700907837\n|move|p1a: Koraidon|Swords Dance|p1a: Koraidon\n|-boost|p1a: Koraidon|atk|2\n|move|p2a: Infernape|Stealth Rock|p1a: Koraidon\n|-sidestart|p1: Beat10up YouTube|move: Stealth Rock\n|\n|-weather|SunnyDay|[upkeep]\n|upkeep\n|turn|2\n|\n|t:|1700907843\n|move|p1a: Koraidon|Swords Dance|p1a: Koraidon\n|-boost|p1a: Koraidon|atk|2\n|move|p2a: Infernape|Aura Sphere|p1a: Koraidon\n|-crit|p1a: Koraidon\n|-damage|p1a: Koraidon|47\/100\n|\n|-weather|SunnyDay|[upkeep]\n|-heal|p1a: Koraidon|53\/100|[from] item: Leftovers\n|upkeep\n|turn|3\n|\n|t:|1700907853\n|-terastallize|p1a: Koraidon|Fairy\n|move|p1a: Koraidon|Swords Dance|p1a: Koraidon\n|-boost|p1a: Koraidon|atk|2\n|move|p2a: Infernape|Aura Sphere|p1a: Koraidon\n|-resisted|p1a: Koraidon\n|-damage|p1a: Koraidon|34\/100\n|\n|-weather|SunnyDay|[upkeep]\n|-heal|p1a: Koraidon|40\/100|[from] item: Leftovers\n|upkeep\n|turn|4\n|c|\u2606Beat10up YouTube|Funtime\n|\n|t:|1700907871\n|move|p1a: Koraidon|Drain Punch|p2a: Infernape\n|-enditem|p2a: Infernape|Focus Sash\n|-damage|p2a: Infernape|1\/100\n|-heal|p1a: Koraidon|83\/100|[from] drain|[of] p2a: Infernape\n|move|p2a: Infernape|Aura Sphere|p1a: Koraidon\n|-resisted|p1a: Koraidon\n|-damage|p1a: Koraidon|65\/100\n|\n|-weather|SunnyDay|[upkeep]\n|-heal|p1a: Koraidon|71\/100|[from] item: Leftovers\n|upkeep\n|turn|5\n|\n|t:|1700907883\n|move|p1a: Koraidon|Drain Punch|p2a: Infernape\n|-damage|p2a: Infernape|0 fnt\n|-heal|p1a: Koraidon|71\/100|[from] drain|[of] p2a: Infernape\n|faint|p2a: Infernape\n|\n|-weather|none\n|-heal|p1a: Koraidon|77\/100|[from] item: Leftovers\n|upkeep\n|\n|t:|1700907892\n|switch|p2a: Gliscor|Gliscor, M|100\/100\n|turn|6\n|\n|t:|1700907895\n|move|p1a: Koraidon|Drain Punch|p2a: Gliscor\n|-resisted|p2a: Gliscor\n|-damage|p2a: Gliscor|31\/100\n|-heal|p1a: Koraidon|100\/100|[from] drain|[of] p2a: Gliscor\n|move|p2a: Gliscor|Knock Off|p1a: Koraidon\n|-resisted|p1a: Koraidon\n|-damage|p1a: Koraidon|88\/100\n|-enditem|p1a: Koraidon|Leftovers|[from] move: Knock Off|[of] p2a: Gliscor\n|\n|-status|p2a: Gliscor|tox|[from] item: Toxic Orb\n|upkeep\n|turn|7\n|\n|t:|1700907906\n|move|p1a: Koraidon|Drain Punch|p2a: Gliscor\n|-resisted|p2a: Gliscor\n|-damage|p2a: Gliscor|0 fnt\n|-heal|p1a: Koraidon|100\/100|[from] drain|[of] p2a: Gliscor\n|faint|p2a: Gliscor\n|\n|upkeep\n|\n|t:|1700907918\n|switch|p2a: Rotom|Rotom-Wash|100\/100\n|turn|8\n|l|\u2606Beat10up YouTube\n|inactive|Beat10up YouTube disconnected and has a minute to reconnect!\n|player|p1|\n|j|\u2606Beat10up YouTube\n|inactive|Beat10up YouTube reconnected and has 135 seconds left.\n|player|p1|Beat10up YouTube|cynthia\n|\n|t:|1700907941\n|-terastallize|p2a: Rotom|Ghost\n|move|p1a: Koraidon|Drain Punch|p2a: Rotom\n|-immune|p2a: Rotom\n|move|p2a: Rotom|Thunderbolt|p1a: Koraidon\n|-damage|p1a: Koraidon|60\/100\n|\n|upkeep\n|turn|9\n|\n|t:|1700907950\n|move|p1a: Koraidon|Shadow Claw|p2a: Rotom\n|-supereffective|p2a: Rotom\n|-damage|p2a: Rotom|0 fnt\n|faint|p2a: Rotom\n|\n|upkeep\n|\n|t:|1700907961\n|switch|p2a: Scizor|Scizor, F|100\/100\n|turn|10\n|\n|t:|1700907973\n|move|p2a: Scizor|Bullet Punch|p1a: Koraidon\n|-supereffective|p1a: Koraidon\n|-damage|p1a: Koraidon|13\/100\n|move|p1a: Koraidon|Drain Punch|p2a: Scizor\n|-damage|p2a: Scizor|0 fnt\n|-heal|p1a: Koraidon|59\/100|[from] drain|[of] p2a: Scizor\n|faint|p2a: Scizor\n|\n|upkeep\n|\n|t:|1700907981\n|switch|p2a: Hawlucha|Hawlucha, F|100\/100\n|turn|11\n|\n|t:|1700907988\n|move|p1a: Koraidon|Drain Punch|p2a: Hawlucha\n|-resisted|p2a: Hawlucha\n|-damage|p2a: Hawlucha|0 fnt\n|-heal|p1a: Koraidon|100\/100|[from] drain|[of] p2a: Hawlucha\n|faint|p2a: Hawlucha\n|\n|upkeep\n|\n|t:|1700907993\n|switch|p2a: Garchomp|Garchomp, F|100\/100\n|turn|12\n|\n|t:|1700907999\n|move|p1a: Koraidon|Drain Punch|p2a: Garchomp\n|-damage|p2a: Garchomp|0 fnt\n|-damage|p1a: Koraidon|88\/100|[from] ability: Rough Skin|[of] p2a: Garchomp\n|faint|p2a: Garchomp\n|\n|win|Beat10up YouTube\n|raw|Beat10up YouTube's rating: 1082 &rarr; <strong>1120<\/strong><br \/>(+38 for winning)\n|raw|Zebra0528's rating: 1214 &rarr; <strong>1180<\/strong><br \/>(-34 for losing)\n|l|\u2606Zebra0528\n","uploadtime":1700908030,"views":1,"p1id":"beat10upyoutube","p2id":"zebra0528","formatid":"gen9anythinggoes","rating":1120,"private":0,"password":""}