{"id":"gen9anythinggoes-1999434580","p1":"xxxlaniusxxx","p2":"El Barano","format":"[Gen 9] Anything Goes","log":"|j|\u2606xxxlaniusxxx\n|j|\u2606El Barano\n|t:|1701079927\n|gametype|singles\n|player|p1|xxxlaniusxxx|cynthia|\n|player|p2|El Barano|hiker-gen4|\n|teamsize|p1|6\n|teamsize|p2|6\n|gen|9\n|tier|[Gen 9] Anything Goes\n|rule|HP Percentage Mod: HP is shown in percentages\n|rule|Endless Battle Clause: Forcing endless battles is banned\n|clearpoke\n|poke|p1|Arboliva, F|\n|poke|p1|Scizor, F|\n|poke|p1|Uxie|\n|poke|p1|Arcanine, F|\n|poke|p1|Dragapult, F|\n|poke|p1|Urshifu-*, M|\n|poke|p2|Weezing-Galar, M|\n|poke|p2|Slowking, M|\n|poke|p2|Florges-White, F|\n|poke|p2|Piloswine, F|\n|poke|p2|Gholdengo|\n|poke|p2|Houndstone, M|\n|teampreview\n|c|\u2606xxxlaniusxxx|gl hf\n|c|\u2606El Barano|dito\n|\n|t:|1701079973\n|start\n|switch|p1a: El Dragano|Dragapult, F|100\/100\n|switch|p2a: Sir Henry|Weezing-Galar, M|100\/100\n|turn|1\n|\n|t:|1701079999\n|move|p1a: El Dragano|U-turn|p2a: Sir Henry\n|-resisted|p2a: Sir Henry\n|-damage|p2a: Sir Henry|98\/100\n|-damage|p1a: El Dragano|84\/100|[from] item: Rocky Helmet|[of] p2a: Sir Henry\n|\n|t:|1701080016\n|switch|p1a: El Arcanano|Arcanine, F|100\/100|[from] U-turn\n|-ability|p1a: El Arcanano|Intimidate|boost\n|-unboost|p2a: Sir Henry|atk|1\n|move|p2a: Sir Henry|Strange Steam|p1a: El Arcanano|[miss]\n|-miss|p2a: Sir Henry|p1a: El Arcanano\n|\n|upkeep\n|turn|2\n|\n|t:|1701080028\n|move|p1a: El Arcanano|Will-O-Wisp|p2a: Sir Henry\n|-status|p2a: Sir Henry|brn\n|move|p2a: Sir Henry|Toxic|p1a: El Arcanano\n|-status|p1a: El Arcanano|tox\n|\n|-damage|p1a: El Arcanano|94\/100 tox|[from] psn\n|-damage|p2a: Sir Henry|92\/100 brn|[from] brn\n|upkeep\n|turn|3\n|\n|t:|1701080041\n|switch|p1a: El Uxano|Uxie|100\/100\n|switch|p2a: Blubber Bernd|Slowking, M|100\/100\n|\n|upkeep\n|turn|4\n|\n|t:|1701080063\n|move|p1a: El Uxano|Knock Off|p2a: Blubber Bernd\n|-supereffective|p2a: Blubber Bernd\n|-enditem|p2a: Blubber Bernd|Colbur Berry|[eat]\n|-enditem|p2a: Blubber Bernd|Colbur Berry|[weaken]\n|-damage|p2a: Blubber Bernd|87\/100\n|move|p2a: Blubber Bernd|Chilly Reception|p2a: Blubber Bernd\n|-weather|Snow\n|\n|t:|1701080078\n|switch|p2a: Master Roshi|Gholdengo|100\/100|[from] Chilly Reception\n|\n|-weather|Snow|[upkeep]\n|upkeep\n|turn|5\n|\n|t:|1701080086\n|switch|p2a: Mama Merkel|Florges-White, F|100\/100\n|-terastallize|p1a: El Uxano|Electric\n|move|p1a: El Uxano|Knock Off|p2a: Mama Merkel\n|-resisted|p2a: Mama Merkel\n|-damage|p2a: Mama Merkel|90\/100\n|-enditem|p2a: Mama Merkel|Sitrus Berry|[from] move: Knock Off|[of] p1a: El Uxano\n|\n|-weather|Snow|[upkeep]\n|upkeep\n|turn|6\n|\n|t:|1701080107\n|move|p1a: El Uxano|U-turn|p2a: Mama Merkel\n|-resisted|p2a: Mama Merkel\n|-damage|p2a: Mama Merkel|82\/100\n|\n|t:|1701080112\n|switch|p1a: El Scizano|Scizor, F|100\/100|[from] U-turn\n|move|p2a: Mama Merkel|Baton Pass|p2a: Mama Merkel\n|\n|t:|1701080122\n|switch|p2a: Manfred|Piloswine, F|100\/100|[from] Baton Pass\n|\n|-weather|Snow|[upkeep]\n|upkeep\n|turn|7\n|\n|t:|1701080140\n|move|p1a: El Scizano|U-turn|p2a: Manfred\n|-damage|p2a: Manfred|82\/100\n|\n|t:|1701080144\n|switch|p1a: El Uxano|Uxie, tera:Electric|100\/100|[from] U-turn\n|move|p2a: Manfred|Stealth Rock|p1a: El Uxano\n|-sidestart|p1: xxxlaniusxxx|move: Stealth Rock\n|\n|-weather|Snow|[upkeep]\n|upkeep\n|turn|8\n|\n|t:|1701080160\n|switch|p2a: Mama Merkel|Florges-White, F|82\/100\n|move|p1a: El Uxano|Stealth Rock|p2a: Mama Merkel\n|-sidestart|p2: El Barano|move: Stealth Rock\n|\n|-weather|none\n|upkeep\n|turn|9\n|\n|t:|1701080167\n|move|p1a: El Uxano|U-turn|p2a: Mama Merkel\n|-resisted|p2a: Mama Merkel\n|-damage|p2a: Mama Merkel|74\/100\n|\n|t:|1701080172\n|switch|p1a: El Arbolano|Arboliva, F, shiny|100\/100|[from] U-turn\n|-damage|p1a: El Arbolano|88\/100|[from] Stealth Rock\n|move|p2a: Mama Merkel|Moonblast|p1a: El Arbolano\n|-damage|p1a: El Arbolano|62\/100\n|-unboost|p1a: El Arbolano|spa|1\n|\n|upkeep\n|turn|10\n|\n|t:|1701080187\n|move|p2a: Mama Merkel|Moonblast|p1a: El Arbolano\n|-damage|p1a: El Arbolano|37\/100\n|-enditem|p1a: El Arbolano|Sitrus Berry|[eat]\n|-heal|p1a: El Arbolano|62\/100|[from] item: Sitrus Berry\n|move|p1a: El Arbolano|Leech Seed|p2a: Mama Merkel\n|-start|p2a: Mama Merkel|move: Leech Seed\n|\n|-damage|p2a: Mama Merkel|62\/100|[from] Leech Seed|[of] p1a: El Arbolano\n|-heal|p1a: El Arbolano|74\/100|[silent]\n|upkeep\n|turn|11\n|\n|t:|1701080202\n|switch|p2a: Sir Henry|Weezing-Galar, M|92\/100 brn\n|-damage|p2a: Sir Henry|80\/100 brn|[from] Stealth Rock\n|move|p1a: El Arbolano|Earth Power|p2a: Sir Henry\n|-immune|p2a: Sir Henry|[from] ability: Levitate\n|\n|-damage|p2a: Sir Henry|74\/100 brn|[from] brn\n|-item|p1a: El Arbolano|Sitrus Berry|[from] ability: Harvest\n|upkeep\n|turn|12\n|\n|t:|1701080217\n|switch|p1a: El Arcanano|Arcanine, F|94\/100 tox\n|-damage|p1a: El Arcanano|70\/100 tox|[from] Stealth Rock\n|-ability|p1a: El Arcanano|Intimidate|boost\n|-unboost|p2a: Sir Henry|atk|1\n|move|p2a: Sir Henry|Flamethrower|p1a: El Arcanano\n|-resisted|p1a: El Arcanano\n|-damage|p1a: El Arcanano|60\/100 tox\n|\n|-heal|p1a: El Arcanano|66\/100 tox|[from] item: Leftovers\n|-damage|p1a: El Arcanano|60\/100 tox|[from] psn\n|-damage|p2a: Sir Henry|68\/100 brn|[from] brn\n|upkeep\n|turn|13\n|\n|t:|1701080229\n|move|p1a: El Arcanano|Morning Sun|p1a: El Arcanano\n|-heal|p1a: El Arcanano|100\/100 tox\n|move|p2a: Sir Henry|Strange Steam|p1a: El Arcanano\n|-resisted|p1a: El Arcanano\n|-damage|p1a: El Arcanano|85\/100 tox\n|\n|-heal|p1a: El Arcanano|91\/100 tox|[from] item: Leftovers\n|-damage|p1a: El Arcanano|79\/100 tox|[from] psn\n|-damage|p2a: Sir Henry|62\/100 brn|[from] brn\n|upkeep\n|turn|14\n|\n|t:|1701080253\n|switch|p1a: El Uxano|Uxie, tera:Electric|100\/100\n|switch|p2a: Blubber Bernd|Slowking, M|100\/100\n|-damage|p2a: Blubber Bernd|88\/100|[from] Stealth Rock\n|\n|upkeep\n|turn|15\n|\n|t:|1701080263\n|move|p1a: El Uxano|U-turn|p2a: Blubber Bernd\n|-supereffective|p2a: Blubber Bernd\n|-damage|p2a: Blubber Bernd|69\/100\n|\n|t:|1701080269\n|switch|p1a: El Urshano|Urshifu-Rapid-Strike, M|100\/100|[from] U-turn\n|-damage|p1a: El Urshano|94\/100|[from] Stealth Rock\n|move|p2a: Blubber Bernd|Slack Off|p2a: Blubber Bernd\n|-heal|p2a: Blubber Bernd|100\/100\n|\n|upkeep\n|turn|16\n|\n|t:|1701080285\n|move|p1a: El Urshano|Thunder Punch|p2a: Blubber Bernd\n|-supereffective|p2a: Blubber Bernd\n|-damage|p2a: Blubber Bernd|51\/100\n|move|p2a: Blubber Bernd|Psychic|p1a: El Urshano\n|-supereffective|p1a: El Urshano\n|-damage|p1a: El Urshano|0 fnt\n|faint|p1a: El Urshano\n|\n|upkeep\n|\n|t:|1701080297\n|switch|p1a: El Scizano|Scizor, F|100\/100\n|-damage|p1a: El Scizano|88\/100|[from] Stealth Rock\n|turn|17\n|\n|t:|1701080312\n|move|p1a: El Scizano|U-turn|p2a: Blubber Bernd\n|-supereffective|p2a: Blubber Bernd\n|-damage|p2a: Blubber Bernd|0 fnt\n|faint|p2a: Blubber Bernd\n|\n|t:|1701080317\n|switch|p1a: El Dragano|Dragapult, F|84\/100|[from] U-turn\n|-damage|p1a: El Dragano|72\/100|[from] Stealth Rock\n|\n|upkeep\n|\n|t:|1701080336\n|switch|p2a: Mama Merkel|Florges-White, F|62\/100\n|-damage|p2a: Mama Merkel|50\/100|[from] Stealth Rock\n|turn|18\n|\n|t:|1701080353\n|move|p1a: El Dragano|U-turn|p2a: Mama Merkel\n|-resisted|p2a: Mama Merkel\n|-damage|p2a: Mama Merkel|38\/100\n|\n|t:|1701080358\n|switch|p1a: El Scizano|Scizor, F|88\/100|[from] U-turn\n|-damage|p1a: El Scizano|76\/100|[from] Stealth Rock\n|move|p2a: Mama Merkel|Wish|p2a: Mama Merkel\n|\n|upkeep\n|turn|19\n|\n|t:|1701080376\n|switch|p2a: Sir Henry|Weezing-Galar, M|62\/100 brn\n|-damage|p2a: Sir Henry|49\/100 brn|[from] Stealth Rock\n|move|p1a: El Scizano|Bullet Punch|p2a: Sir Henry\n|-supereffective|p2a: Sir Henry\n|-damage|p2a: Sir Henry|0 fnt\n|-damage|p1a: El Scizano|59\/100|[from] item: Rocky Helmet|[of] p2a: Sir Henry\n|faint|p2a: Sir Henry\n|\n|upkeep\n|\n|t:|1701080393\n|switch|p2a: Der Hundi|Houndstone, M|100\/100\n|-damage|p2a: Der Hundi|88\/100|[from] Stealth Rock\n|turn|20\n|\n|t:|1701080402\n|switch|p1a: El Arcanano|Arcanine, F|79\/100 tox\n|-damage|p1a: El Arcanano|54\/100 tox|[from] Stealth Rock\n|-ability|p1a: El Arcanano|Intimidate|boost\n|-unboost|p2a: Der Hundi|atk|1\n|move|p2a: Der Hundi|Will-O-Wisp||[still]\n|-fail|p2a: Der Hundi\n|\n|-heal|p1a: El Arcanano|60\/100 tox|[from] item: Leftovers\n|-damage|p1a: El Arcanano|54\/100 tox|[from] psn\n|upkeep\n|turn|21\n|\n|t:|1701080420\n|switch|p2a: Mama Merkel|Florges-White, F|38\/100\n|-damage|p2a: Mama Merkel|26\/100|[from] Stealth Rock\n|move|p1a: El Arcanano|Morning Sun|p1a: El Arcanano\n|-heal|p1a: El Arcanano|100\/100 tox\n|\n|-damage|p1a: El Arcanano|88\/100 tox|[from] psn\n|upkeep\n|turn|22\n|\n|t:|1701080430\n|move|p1a: El Arcanano|Flare Blitz|p2a: Mama Merkel\n|-damage|p2a: Mama Merkel|0 fnt\n|faint|p2a: Mama Merkel\n|-damage|p1a: El Arcanano|81\/100 tox|[from] Recoil\n|\n|-heal|p1a: El Arcanano|87\/100 tox|[from] item: Leftovers\n|-damage|p1a: El Arcanano|69\/100 tox|[from] psn\n|upkeep\n|\n|t:|1701080447\n|switch|p2a: Manfred|Piloswine, F|82\/100\n|-damage|p2a: Manfred|69\/100|[from] Stealth Rock\n|turn|23\n|\n|t:|1701080464\n|move|p1a: El Arcanano|Will-O-Wisp|p2a: Manfred|[miss]\n|-miss|p1a: El Arcanano|p2a: Manfred\n|move|p2a: Manfred|Earthquake|p1a: El Arcanano\n|-supereffective|p1a: El Arcanano\n|-damage|p1a: El Arcanano|13\/100 tox\n|\n|-heal|p1a: El Arcanano|19\/100 tox|[from] item: Leftovers\n|-damage|p1a: El Arcanano|0 fnt|[from] psn\n|faint|p1a: El Arcanano\n|upkeep\n|\n|t:|1701080477\n|switch|p1a: El Uxano|Uxie, tera:Electric|100\/100\n|turn|24\n|\n|t:|1701080482\n|move|p1a: El Uxano|Knock Off|p2a: Manfred\n|-damage|p2a: Manfred|62\/100\n|-enditem|p2a: Manfred|Eviolite|[from] move: Knock Off|[of] p1a: El Uxano\n|move|p2a: Manfred|Icicle Crash|p1a: El Uxano\n|-damage|p1a: El Uxano|84\/100\n|\n|upkeep\n|turn|25\n|\n|t:|1701080500\n|move|p1a: El Uxano|Psychic|p2a: Manfred\n|-damage|p2a: Manfred|29\/100\n|move|p2a: Manfred|Icicle Crash|p1a: El Uxano\n|-damage|p1a: El Uxano|67\/100\n|\n|upkeep\n|turn|26\n|\n|t:|1701080514\n|move|p2a: Manfred|Ice Shard|p1a: El Uxano\n|-damage|p1a: El Uxano|59\/100\n|move|p1a: El Uxano|Psychic|p2a: Manfred\n|-damage|p2a: Manfred|0 fnt\n|faint|p2a: Manfred\n|\n|upkeep\n|\n|t:|1701080524\n|switch|p2a: Master Roshi|Gholdengo|100\/100\n|-damage|p2a: Master Roshi|94\/100|[from] Stealth Rock\n|turn|27\n|\n|t:|1701080532\n|move|p1a: El Uxano|Knock Off|p2a: Master Roshi\n|-supereffective|p2a: Master Roshi\n|-damage|p2a: Master Roshi|71\/100\n|-enditem|p2a: Master Roshi|Leftovers|[from] move: Knock Off|[of] p1a: El Uxano\n|move|p2a: Master Roshi|Make It Rain|p1a: El Uxano\n|-resisted|p1a: El Uxano\n|-damage|p1a: El Uxano|39\/100\n|-unboost|p2a: Master Roshi|spa|1\n|\n|upkeep\n|turn|28\n|\n|t:|1701080545\n|switch|p1a: El Arbolano|Arboliva, F, shiny|74\/100\n|-damage|p1a: El Arbolano|62\/100|[from] Stealth Rock\n|move|p2a: Master Roshi|Recover|p2a: Master Roshi\n|-heal|p2a: Master Roshi|100\/100\n|\n|upkeep\n|turn|29\n|\n|t:|1701080557\n|move|p2a: Master Roshi|Nasty Plot|p2a: Master Roshi\n|-boost|p2a: Master Roshi|spa|2\n|move|p1a: El Arbolano|Earth Power|p2a: Master Roshi\n|-supereffective|p2a: Master Roshi\n|-damage|p2a: Master Roshi|56\/100\n|\n|upkeep\n|turn|30\n|\n|t:|1701080572\n|move|p2a: Master Roshi|Recover|p2a: Master Roshi\n|-heal|p2a: Master Roshi|100\/100\n|move|p1a: El Arbolano|Earth Power|p2a: Master Roshi\n|-supereffective|p2a: Master Roshi\n|-damage|p2a: Master Roshi|59\/100\n|\n|upkeep\n|turn|31\n|\n|t:|1701080578\n|move|p2a: Master Roshi|Make It Rain|p1a: El Arbolano\n|-damage|p1a: El Arbolano|8\/100\n|-unboost|p2a: Master Roshi|spa|1\n|-enditem|p1a: El Arbolano|Sitrus Berry|[eat]\n|-heal|p1a: El Arbolano|33\/100|[from] item: Sitrus Berry\n|move|p1a: El Arbolano|Earth Power|p2a: Master Roshi\n|-supereffective|p2a: Master Roshi\n|-damage|p2a: Master Roshi|18\/100\n|\n|-item|p1a: El Arbolano|Sitrus Berry|[from] ability: Harvest\n|upkeep\n|-enditem|p1a: El Arbolano|Sitrus Berry|[eat]\n|-heal|p1a: El Arbolano|58\/100|[from] item: Sitrus Berry\n|turn|32\n|\n|t:|1701080593\n|move|p2a: Master Roshi|Recover|p2a: Master Roshi\n|-heal|p2a: Master Roshi|68\/100\n|move|p1a: El Arbolano|Earth Power|p2a: Master Roshi\n|-supereffective|p2a: Master Roshi\n|-damage|p2a: Master Roshi|24\/100\n|\n|upkeep\n|turn|33\n|\n|t:|1701080599\n|move|p2a: Master Roshi|Recover|p2a: Master Roshi\n|-heal|p2a: Master Roshi|75\/100\n|move|p1a: El Arbolano|Earth Power|p2a: Master Roshi\n|-supereffective|p2a: Master Roshi\n|-damage|p2a: Master Roshi|30\/100\n|-unboost|p2a: Master Roshi|spd|1\n|\n|upkeep\n|turn|34\n|\n|t:|1701080610\n|move|p2a: Master Roshi|Make It Rain|p1a: El Arbolano\n|-crit|p1a: El Arbolano\n|-damage|p1a: El Arbolano|4\/100\n|-unboost|p2a: Master Roshi|spa|1\n|move|p1a: El Arbolano|Earth Power|p2a: Master Roshi\n|-supereffective|p2a: Master Roshi\n|-damage|p2a: Master Roshi|0 fnt\n|faint|p2a: Master Roshi\n|\n|-item|p1a: El Arbolano|Sitrus Berry|[from] ability: Harvest\n|upkeep\n|-enditem|p1a: El Arbolano|Sitrus Berry|[eat]\n|-heal|p1a: El Arbolano|29\/100|[from] item: Sitrus Berry\n|\n|t:|1701080624\n|switch|p2a: Der Hundi|Houndstone, M|88\/100\n|-damage|p2a: Der Hundi|76\/100|[from] Stealth Rock\n|turn|35\n|\n|t:|1701080631\n|move|p2a: Der Hundi|Play Rough|p1a: El Arbolano\n|-damage|p1a: El Arbolano|5\/100\n|move|p1a: El Arbolano|Strength Sap|p2a: Der Hundi\n|-unboost|p2a: Der Hundi|atk|1\n|-heal|p1a: El Arbolano|76\/100\n|\n|upkeep\n|turn|36\n|\n|t:|1701080648\n|move|p2a: Der Hundi|Will-O-Wisp|p1a: El Arbolano\n|-status|p1a: El Arbolano|brn\n|move|p1a: El Arbolano|Leech Seed|p2a: Der Hundi\n|-start|p2a: Der Hundi|move: Leech Seed\n|\n|-damage|p2a: Der Hundi|63\/100|[from] Leech Seed|[of] p1a: El Arbolano\n|-heal|p1a: El Arbolano|88\/100 brn|[silent]\n|-damage|p1a: El Arbolano|82\/100 brn|[from] brn\n|upkeep\n|turn|37\n|\n|t:|1701080662\n|move|p2a: Der Hundi|Play Rough|p1a: El Arbolano|[miss]\n|-miss|p2a: Der Hundi|p1a: El Arbolano\n|move|p1a: El Arbolano|Strength Sap|p2a: Der Hundi\n|-unboost|p2a: Der Hundi|atk|1\n|-heal|p1a: El Arbolano|100\/100 brn\n|\n|-damage|p2a: Der Hundi|51\/100|[from] Leech Seed|[of] p1a: El Arbolano\n|-damage|p1a: El Arbolano|94\/100 brn|[from] brn\n|-item|p1a: El Arbolano|Sitrus Berry|[from] ability: Harvest\n|upkeep\n|turn|38\n|\n|t:|1701080674\n|move|p2a: Der Hundi|Play Rough|p1a: El Arbolano\n|-damage|p1a: El Arbolano|82\/100 brn\n|move|p1a: El Arbolano|Giga Drain|p2a: Der Hundi\n|-damage|p2a: Der Hundi|22\/100\n|-heal|p1a: El Arbolano|96\/100 brn|[from] drain|[of] p2a: Der Hundi\n|\n|-damage|p2a: Der Hundi|9\/100|[from] Leech Seed|[of] p1a: El Arbolano\n|-heal|p1a: El Arbolano|100\/100 brn|[silent]\n|-damage|p1a: El Arbolano|94\/100 brn|[from] brn\n|upkeep\n|turn|39\n|c|\u2606El Barano|gg\n|\n|t:|1701080685\n|move|p2a: Der Hundi|Play Rough|p1a: El Arbolano\n|-damage|p1a: El Arbolano|83\/100 brn\n|move|p1a: El Arbolano|Giga Drain|p2a: Der Hundi\n|-damage|p2a: Der Hundi|0 fnt\n|-heal|p1a: El Arbolano|87\/100 brn|[from] drain|[of] p2a: Der Hundi\n|faint|p2a: Der Hundi\n|\n|win|xxxlaniusxxx\n|c|\u2606xxxlaniusxxx|gg\n|l|\u2606El Barano\n","uploadtime":1701080699,"views":19,"p1id":"xxxlaniusxxx","p2id":"elbarano","formatid":"gen9anythinggoes","rating":0,"private":0,"password":""}