{"id":"gen9anythinggoes-1986096591","p1":"Hammos","p2":"Darcia","format":"[Gen 9] Anything Goes","log":"|j|\u2606Hammos\n|j|\u2606Darcia\n|t:|1699449681\n|gametype|singles\n|player|p1|Hammos|101|\n|player|p2|Darcia|grimsley|\n|teamsize|p1|6\n|teamsize|p2|6\n|gen|9\n|tier|[Gen 9] Anything Goes\n|rule|HP Percentage Mod: HP is shown in percentages\n|rule|Endless Battle Clause: Forcing endless battles is banned\n|clearpoke\n|poke|p1|Chesnaught, M|\n|poke|p1|Alomomola, F|\n|poke|p1|Moltres|\n|poke|p1|Blissey, F|\n|poke|p1|Klawf, M|\n|poke|p1|Weezing-Galar, M|\n|poke|p2|Zoroark-Hisui, M|\n|poke|p2|Ogerpon-Wellspring, F|\n|poke|p2|Great Tusk|\n|poke|p2|Typhlosion-Hisui, F|\n|poke|p2|Grimmsnarl, M|\n|poke|p2|Baxcalibur, F|\n|teampreview\n|c|\u2606Hammos|Glhf\n|\n|t:|1699449755\n|start\n|switch|p1a: Klawf|Klawf, M|100\/100\n|switch|p2a: Godzilla|Baxcalibur, F|100\/100\n|turn|1\n|\n|t:|1699449768\n|move|p2a: Godzilla|Trick|p1a: Klawf\n|-activate|p2a: Godzilla|move: Trick|[of] p1a: Klawf\n|-item|p1a: Klawf|Choice Specs|[from] move: Trick\n|-item|p2a: Godzilla|Assault Vest|[from] move: Trick\n|move|p1a: Klawf|Stone Edge|p2a: Godzilla|[miss]\n|-miss|p1a: Klawf|p2a: Godzilla\n|\n|upkeep\n|turn|2\n|\n|t:|1699449790\n|switch|p2a: Behemoth|Great Tusk|100\/100\n|switch|p1a: Blissey|Blissey, F|100\/100\n|\n|upkeep\n|turn|3\n|\n|t:|1699449802\n|switch|p1a: Weezing|Weezing-Galar, M|100\/100\n|move|p2a: Behemoth|Rock Slide|p1a: Weezing\n|-damage|p1a: Weezing|83\/100\n|\n|-heal|p1a: Weezing|89\/100|[from] item: Black Sludge\n|upkeep\n|turn|4\n|\n|t:|1699449826\n|-end|p2a: Behemoth|Protosynthesis|[silent]\n|switch|p2a: Godzilla|Baxcalibur, F|100\/100\n|move|p1a: Weezing|Toxic Spikes|p2a: Godzilla\n|-sidestart|p2: Darcia|move: Toxic Spikes\n|\n|-heal|p1a: Weezing|95\/100|[from] item: Black Sludge\n|upkeep\n|turn|5\n|\n|t:|1699449841\n|move|p2a: Godzilla|Icicle Crash|p1a: Weezing\n|-damage|p1a: Weezing|51\/100\n|move|p1a: Weezing|Strange Steam|p2a: Godzilla\n|-supereffective|p2a: Godzilla\n|-crit|p2a: Godzilla\n|-damage|p2a: Godzilla|10\/100\n|\n|-heal|p1a: Weezing|57\/100|[from] item: Black Sludge\n|upkeep\n|turn|6\n|\n|t:|1699449851\n|move|p1a: Weezing|Protect|p1a: Weezing\n|-singleturn|p1a: Weezing|Protect\n|move|p2a: Godzilla|Icicle Crash|p1a: Weezing\n|-activate|p1a: Weezing|move: Protect\n|\n|-heal|p1a: Weezing|63\/100|[from] item: Black Sludge\n|upkeep\n|turn|7\n|\n|t:|1699449881\n|switch|p1a: Alomomola|Alomomola, F|100\/100\n|move|p2a: Godzilla|Icicle Crash|p1a: Alomomola\n|-resisted|p1a: Alomomola\n|-damage|p1a: Alomomola|80\/100\n|-enditem|p1a: Alomomola|Red Card|[of] p2a: Godzilla\n|drag|p2a: Katara|Ogerpon-Wellspring, F|100\/100\n|-status|p2a: Katara|psn\n|\n|-damage|p2a: Katara|88\/100 psn|[from] psn\n|upkeep\n|turn|8\n|\n|t:|1699449901\n|switch|p1a: Chesnaught|Chesnaught, M|100\/100\n|move|p2a: Katara|Spikes|p1a: Chesnaught\n|-sidestart|p1: Hammos|Spikes\n|\n|-damage|p2a: Katara|76\/100 psn|[from] psn\n|upkeep\n|turn|9\n|\n|t:|1699449920\n|move|p2a: Katara|Spikes|p1a: Chesnaught\n|-sidestart|p1: Hammos|Spikes\n|move|p1a: Chesnaught|Knock Off|p2a: Katara\n|-damage|p2a: Katara|56\/100 psn\n|\n|-damage|p2a: Katara|43\/100 psn|[from] psn\n|upkeep\n|turn|10\n|\n|t:|1699449929\n|move|p2a: Katara|Spikes|p1a: Chesnaught\n|-sidestart|p1: Hammos|Spikes\n|move|p1a: Chesnaught|Spikes|p2a: Katara\n|-sidestart|p2: Darcia|Spikes\n|\n|-damage|p2a: Katara|31\/100 psn|[from] psn\n|upkeep\n|turn|11\n|\n|t:|1699449945\n|move|p2a: Katara|Encore|p1a: Chesnaught\n|-start|p1a: Chesnaught|Encore\n|move|p1a: Chesnaught|Spikes|p2a: Katara\n|-sidestart|p2: Darcia|Spikes\n|\n|-damage|p2a: Katara|19\/100 psn|[from] psn\n|upkeep\n|turn|12\n|\n|t:|1699449968\n|switch|p2a: Behemoth|Great Tusk|100\/100\n|-status|p2a: Behemoth|psn\n|-damage|p2a: Behemoth|84\/100 psn|[from] Spikes\n|switch|p1a: Alomomola|Alomomola, F|100\/100\n|-damage|p1a: Alomomola|76\/100|[from] Spikes\n|\n|-damage|p2a: Behemoth|71\/100 psn|[from] psn\n|upkeep\n|turn|13\n|\n|t:|1699449983\n|move|p2a: Behemoth|Rapid Spin|p1a: Alomomola\n|-damage|p1a: Alomomola|64\/100\n|-boost|p2a: Behemoth|spe|1\n|-sideend|p2: Darcia|Spikes|[from] move: Rapid Spin|[of] p2a: Behemoth\n|-sideend|p2: Darcia|Toxic Spikes|[from] move: Rapid Spin|[of] p2a: Behemoth\n|move|p1a: Alomomola|Wish|p1a: Alomomola\n|\n|-damage|p2a: Behemoth|59\/100 psn|[from] psn\n|upkeep\n|turn|14\n|\n|t:|1699450003\n|-end|p2a: Behemoth|Protosynthesis|[silent]\n|switch|p2a: Seymour|Typhlosion-Hisui, F|100\/100\n|switch|p1a: Weezing|Weezing-Galar, M|63\/100\n|\n|-heal|p1a: Weezing|100\/100|[from] move: Wish|[wisher] Alomomola\n|upkeep\n|turn|15\n|\n|t:|1699450025\n|switch|p1a: Blissey|Blissey, F|100\/100\n|move|p2a: Seymour|Infernal Parade|p1a: Blissey\n|-immune|p1a: Blissey\n|\n|upkeep\n|turn|16\n|l|\u2606Hammos\n|player|p1|\n|\n|t:|1699450081\n|switch|p2a: Urien|Grimmsnarl, M|100\/100\n|move|p1a: Blissey|Shadow Ball|p2a: Urien\n|-resisted|p2a: Urien\n|-crit|p2a: Urien\n|-damage|p2a: Urien|92\/100\n|\n|-heal|p2a: Urien|98\/100|[from] item: Leftovers\n|upkeep\n|turn|17\n|j|\u2606Hammos\n|player|p1|Hammos|101\n|\n|t:|1699450526\n|switch|p1a: Weezing|Weezing-Galar, M|100\/100\n|move|p2a: Urien|Taunt|p1a: Weezing\n|-start|p1a: Weezing|move: Taunt\n|\n|-heal|p2a: Urien|100\/100|[from] item: Leftovers\n|upkeep\n|turn|18\n|\n|t:|1699450543\n|move|p2a: Urien|Parting Shot|p1a: Weezing\n|-unboost|p1a: Weezing|atk|1\n|-unboost|p1a: Weezing|spa|1\n|\n|t:|1699450552\n|switch|p2a: Katara|Ogerpon-Wellspring, F|19\/100 psn|[from] Parting Shot\n|move|p1a: Weezing|Strange Steam|p2a: Katara\n|-damage|p2a: Katara|0 fnt\n|faint|p2a: Katara\n|\n|upkeep\n|\n|t:|1699450565\n|switch|p2a: Seymour|Typhlosion-Hisui, F|100\/100\n|turn|19\n|\n|t:|1699450571\n|switch|p1a: Blissey|Blissey, F|100\/100\n|-terastallize|p2a: Seymour|Fire\n|move|p2a: Seymour|Eruption|p1a: Blissey\n|-damage|p1a: Blissey|66\/100\n|\n|upkeep\n|turn|20\n|\n|t:|1699450602\n|move|p2a: Seymour|Sunny Day|p2a: Seymour\n|-weather|SunnyDay\n|move|p1a: Blissey|Shadow Ball|p2a: Seymour\n|-damage|p2a: Seymour|80\/100\n|-unboost|p2a: Seymour|spd|1\n|\n|-weather|SunnyDay|[upkeep]\n|upkeep\n|turn|21\n|\n|t:|1699450610\n|move|p2a: Seymour|Flamethrower|p1a: Blissey\n|-damage|p1a: Blissey|36\/100\n|move|p1a: Blissey|Soft-Boiled|p1a: Blissey\n|-heal|p1a: Blissey|86\/100\n|\n|-weather|SunnyDay|[upkeep]\n|upkeep\n|turn|22\n|\n|t:|1699450622\n|switch|p2a: Behemoth|Great Tusk|59\/100 psn\n|-activate|p2a: Behemoth|ability: Protosynthesis\n|-start|p2a: Behemoth|protosynthesisatk\n|move|p1a: Blissey|Shadow Ball|p2a: Behemoth\n|-damage|p2a: Behemoth|46\/100 psn\n|\n|-weather|SunnyDay|[upkeep]\n|-damage|p2a: Behemoth|33\/100 psn|[from] psn\n|upkeep\n|turn|23\n|\n|t:|1699450641\n|switch|p1a: Alomomola|Alomomola, F|97\/100\n|-damage|p1a: Alomomola|72\/100|[from] Spikes\n|move|p2a: Behemoth|Knock Off|p1a: Alomomola\n|-damage|p1a: Alomomola|53\/100\n|\n|-weather|SunnyDay|[upkeep]\n|-damage|p2a: Behemoth|21\/100 psn|[from] psn\n|upkeep\n|turn|24\n|\n|t:|1699450656\n|-end|p2a: Behemoth|Protosynthesis|[silent]\n|switch|p2a: Urien|Grimmsnarl, M|100\/100\n|move|p1a: Alomomola|Wish|p1a: Alomomola\n|\n|-weather|none\n|upkeep\n|turn|25\n|\n|t:|1699450673\n|move|p2a: Urien|Parting Shot|p1a: Alomomola\n|-unboost|p1a: Alomomola|atk|1\n|-unboost|p1a: Alomomola|spa|1\n|\n|t:|1699450682\n|switch|p2a: Godzilla|Baxcalibur, F|10\/100|[from] Parting Shot\n|move|p1a: Alomomola|Flip Turn|p2a: Godzilla\n|-resisted|p2a: Godzilla\n|-damage|p2a: Godzilla|5\/100\n|\n|t:|1699450695\n|switch|p1a: Weezing|Weezing-Galar, M|100\/100|[from] Flip Turn\n|\n|upkeep\n|turn|26\n|\n|t:|1699450720\n|move|p2a: Godzilla|Earthquake|p1a: Weezing\n|-immune|p1a: Weezing|[from] ability: Levitate\n|move|p1a: Weezing|Strange Steam|p2a: Godzilla\n|-supereffective|p2a: Godzilla\n|-damage|p2a: Godzilla|0 fnt\n|faint|p2a: Godzilla\n|\n|upkeep\n|\n|t:|1699450734\n|switch|p2a: Behemoth|Great Tusk|100\/100\n|turn|27\n|\n|t:|1699450741\n|switch|p1a: Blissey|Blissey, F|86\/100\n|move|p2a: Behemoth|Hyper Voice|p1a: Blissey\n|-damage|p1a: Blissey|70\/100\n|\n|upkeep\n|turn|28\n|\n|t:|1699450752\n|move|p2a: Behemoth|Hyper Voice|p1a: Blissey\n|-damage|p1a: Blissey|56\/100\n|move|p1a: Blissey|Soft-Boiled|p1a: Blissey\n|-heal|p1a: Blissey|100\/100\n|\n|upkeep\n|turn|29\n|\n|t:|1699450763\n|move|p2a: Behemoth|Icy Wind|p1a: Blissey\n|-damage|p1a: Blissey|94\/100\n|-unboost|p1a: Blissey|spe|1\n|move|p1a: Blissey|Ice Beam|p2a: Behemoth\n|-damage|p2a: Behemoth|76\/100\n|replace|p2a: Ace|Zoroark-Hisui, M\n|-end|p2a: Ace|Illusion\n|\n|upkeep\n|turn|30\n|\n|t:|1699450808\n|switch|p2a: Urien|Grimmsnarl, M|100\/100\n|move|p1a: Blissey|Calm Mind|p1a: Blissey\n|-boost|p1a: Blissey|spa|1\n|-boost|p1a: Blissey|spd|1\n|\n|upkeep\n|turn|31\n|\n|t:|1699450817\n|switch|p1a: Weezing|Weezing-Galar, M|100\/100\n|move|p2a: Urien|Parting Shot|p1a: Weezing\n|-unboost|p1a: Weezing|atk|1\n|-unboost|p1a: Weezing|spa|1\n|\n|t:|1699450825\n|switch|p2a: Seymour|Typhlosion-Hisui, F, tera:Fire|80\/100|[from] Parting Shot\n|\n|upkeep\n|turn|32\n|\n|t:|1699450834\n|switch|p1a: Blissey|Blissey, F|94\/100\n|move|p2a: Seymour|Sunny Day|p2a: Seymour\n|-weather|SunnyDay\n|\n|-weather|SunnyDay|[upkeep]\n|upkeep\n|turn|33\n|\n|t:|1699450842\n|move|p2a: Seymour|Eruption|p1a: Blissey\n|-damage|p1a: Blissey|53\/100\n|move|p1a: Blissey|Calm Mind|p1a: Blissey\n|-boost|p1a: Blissey|spa|1\n|-boost|p1a: Blissey|spd|1\n|\n|-weather|SunnyDay|[upkeep]\n|upkeep\n|turn|34\n|\n|t:|1699450851\n|switch|p2a: Behemoth|Great Tusk|21\/100 psn\n|-activate|p2a: Behemoth|ability: Protosynthesis\n|-start|p2a: Behemoth|protosynthesisatk\n|move|p1a: Blissey|Soft-Boiled|p1a: Blissey\n|-heal|p1a: Blissey|100\/100\n|\n|-weather|SunnyDay|[upkeep]\n|-damage|p2a: Behemoth|8\/100 psn|[from] psn\n|upkeep\n|turn|35\n|\n|t:|1699450869\n|switch|p1a: Weezing|Weezing-Galar, M|100\/100\n|move|p2a: Behemoth|Knock Off|p1a: Weezing\n|-resisted|p1a: Weezing\n|-damage|p1a: Weezing|84\/100\n|-enditem|p1a: Weezing|Black Sludge|[from] move: Knock Off|[of] p2a: Behemoth\n|\n|-weather|SunnyDay|[upkeep]\n|-damage|p2a: Behemoth|0 fnt|[from] psn\n|faint|p2a: Behemoth\n|-end|p2a: Behemoth|Protosynthesis|[silent]\n|upkeep\n|\n|t:|1699450881\n|switch|p2a: Seymour|Typhlosion-Hisui, F, tera:Fire|80\/100\n|turn|36\n|\n|t:|1699450888\n|switch|p1a: Blissey|Blissey, F|100\/100\n|move|p2a: Seymour|Eruption|p1a: Blissey\n|-damage|p1a: Blissey|58\/100\n|\n|-weather|none\n|upkeep\n|turn|37\n|\n|t:|1699450897\n|move|p2a: Seymour|Eruption|p1a: Blissey\n|-damage|p1a: Blissey|34\/100\n|move|p1a: Blissey|Soft-Boiled|p1a: Blissey\n|-heal|p1a: Blissey|84\/100\n|\n|upkeep\n|turn|38\n|-message|Darcia forfeited.\n|\n|win|Hammos\n|l|\u2606Darcia\n","uploadtime":1699450940,"views":134,"p1id":"hammos","p2id":"darcia","formatid":"gen9anythinggoes","rating":0,"private":0,"password":""}