{"id":"gen9anythinggoes-1976936359","p1":"toloveocean","p2":"Tedtosterone","format":"[Gen 9] Anything Goes","log":"|j|\u2606toloveocean\n|j|\u2606Tedtosterone\n|t:|1698354002\n|gametype|singles\n|player|p1|toloveocean|2|\n|player|p2|Tedtosterone|ghetsis-gen5bw|\n|teamsize|p1|6\n|teamsize|p2|6\n|gen|9\n|tier|[Gen 9] Anything Goes\n|rule|HP Percentage Mod: HP is shown in percentages\n|rule|Endless Battle Clause: Forcing endless battles is banned\n|clearpoke\n|poke|p1|Armarouge, M|\n|poke|p1|Meowscarada, M|\n|poke|p1|Zapdos-Galar|\n|poke|p1|Magnezone|\n|poke|p1|Ninetales, F|\n|poke|p1|Walking Wake|\n|poke|p2|Samurott-Hisui, M|\n|poke|p2|Arcanine-Hisui, M|\n|poke|p2|Baxcalibur, M|\n|poke|p2|Mimikyu, F|\n|poke|p2|Slowking-Galar, M|\n|poke|p2|Kingambit, M|\n|teampreview\n|\n|t:|1698354011\n|start\n|switch|p1a: Ninetales|Ninetales, F|100\/100\n|switch|p2a: Jin|Samurott-Hisui, M|100\/100\n|-weather|SunnyDay|[from] ability: Drought|[of] p1a: Ninetales\n|turn|1\n|j| caligulahar\n|\n|t:|1698354018\n|move|p1a: Ninetales|Solar Beam||[still]\n|-prepare|p1a: Ninetales|Solar Beam\n|-anim|p1a: Ninetales|Solar Beam|p2a: Jin\n|-supereffective|p2a: Jin\n|-damage|p2a: Jin|5\/100\n|move|p2a: Jin|Ceaseless Edge|p1a: Ninetales\n|-damage|p1a: Ninetales|30\/100\n|-sidestart|p1: toloveocean|Spikes\n|\n|-weather|SunnyDay|[upkeep]\n|upkeep\n|turn|2\n|\n|t:|1698354035\n|move|p2a: Jin|Aqua Jet|p1a: Ninetales\n|-supereffective|p1a: Ninetales\n|-damage|p1a: Ninetales|5\/100\n|move|p1a: Ninetales|Flamethrower|p2a: Jin\n|-resisted|p2a: Jin\n|-damage|p2a: Jin|0 fnt\n|faint|p2a: Jin\n|\n|-weather|SunnyDay|[upkeep]\n|upkeep\n|\n|t:|1698354047\n|switch|p2a: Mikey|Arcanine-Hisui, M, shiny|100\/100\n|turn|3\n|\n|t:|1698354057\n|move|p2a: Mikey|Extreme Speed|p1a: Ninetales\n|-damage|p1a: Ninetales|0 fnt\n|faint|p1a: Ninetales\n|\n|-weather|SunnyDay|[upkeep]\n|upkeep\n|\n|t:|1698354067\n|switch|p1a: Walking Wake|Walking Wake|100\/100\n|-damage|p1a: Walking Wake|88\/100|[from] Spikes\n|-activate|p1a: Walking Wake|ability: Protosynthesis\n|-start|p1a: Walking Wake|protosynthesisspe\n|turn|4\n|\n|t:|1698354083\n|move|p2a: Mikey|Extreme Speed|p1a: Walking Wake\n|-damage|p1a: Walking Wake|49\/100\n|move|p1a: Walking Wake|Dragon Dance|p1a: Walking Wake\n|-boost|p1a: Walking Wake|atk|1\n|-boost|p1a: Walking Wake|spe|1\n|\n|-weather|SunnyDay|[upkeep]\n|upkeep\n|turn|5\n|\n|t:|1698354108\n|move|p2a: Mikey|Extreme Speed|p1a: Walking Wake\n|-damage|p1a: Walking Wake|8\/100\n|move|p1a: Walking Wake|Liquidation|p2a: Mikey\n|-supereffective|p2a: Mikey\n|-damage|p2a: Mikey|0 fnt\n|faint|p2a: Mikey\n|-damage|p1a: Walking Wake|0 fnt|[from] item: Life Orb\n|faint|p1a: Walking Wake\n|-end|p1a: Walking Wake|Protosynthesis|[silent]\n|\n|-weather|SunnyDay|[upkeep]\n|upkeep\n|\n|t:|1698354130\n|switch|p1a: Armarouge|Armarouge, M|100\/100\n|switch|p2a: Duke|Slowking-Galar, M|100\/100\n|-damage|p1a: Armarouge|88\/100|[from] Spikes\n|turn|6\n|\n|t:|1698354151\n|move|p1a: Armarouge|Calm Mind|p1a: Armarouge\n|-boost|p1a: Armarouge|spa|1\n|-boost|p1a: Armarouge|spd|1\n|move|p2a: Duke|Chilly Reception|p2a: Duke\n|-weather|Snow\n|\n|t:|1698354156\n|switch|p2a: Joe|Baxcalibur, M|100\/100|[from] Chilly Reception\n|\n|-weather|Snow|[upkeep]\n|upkeep\n|turn|7\n|\n|t:|1698354174\n|move|p2a: Joe|Earthquake|p1a: Armarouge\n|-supereffective|p1a: Armarouge\n|-damage|p1a: Armarouge|17\/100\n|-enditem|p1a: Armarouge|Iapapa Berry|[eat]\n|-heal|p1a: Armarouge|50\/100|[from] item: Iapapa Berry\n|move|p1a: Armarouge|Psychic|p2a: Joe\n|-damage|p2a: Joe|22\/100\n|\n|-weather|Snow|[upkeep]\n|upkeep\n|turn|8\n|\n|t:|1698354187\n|move|p2a: Joe|Earthquake|p1a: Armarouge\n|-supereffective|p1a: Armarouge\n|-damage|p1a: Armarouge|0 fnt\n|faint|p1a: Armarouge\n|\n|-weather|Snow|[upkeep]\n|upkeep\n|\n|t:|1698354201\n|switch|p1a: Zapdos|Zapdos-Galar|100\/100\n|turn|9\n|\n|t:|1698354212\n|move|p1a: Zapdos|Thunderous Kick|p2a: Joe\n|-supereffective|p2a: Joe\n|-damage|p2a: Joe|0 fnt\n|faint|p2a: Joe\n|\n|-weather|Snow|[upkeep]\n|upkeep\n|\n|t:|1698354237\n|switch|p2a: Gooner|Mimikyu, F|100\/100\n|turn|10\n|inactive|Battle timer is ON: inactive players will automatically lose when time's up. (requested by Tedtosterone)\n|\n|t:|1698354304\n|switch|p1a: Meowscarada|Meowscarada, M, shiny|100\/100\n|-damage|p1a: Meowscarada|88\/100|[from] Spikes\n|move|p2a: Gooner|Swords Dance|p2a: Gooner\n|-boost|p2a: Gooner|atk|2\n|\n|-weather|none\n|upkeep\n|turn|11\n|inactive|toloveocean has 270 seconds left.\n|\n|t:|1698354342\n|move|p1a: Meowscarada|Flower Trick|p2a: Gooner\n|-start|p1a: Meowscarada|typechange|Grass|[from] ability: Protean\n|-activate|p2a: Gooner|ability: Disguise\n|-damage|p2a: Gooner|100\/100\n|detailschange|p2a: Gooner|Mimikyu-Busted, F\n|-damage|p2a: Gooner|88\/100|[from] pokemon: Mimikyu-Busted\n|move|p2a: Gooner|Swords Dance|p2a: Gooner\n|-boost|p2a: Gooner|atk|2\n|\n|upkeep\n|turn|12\n|inactive|toloveocean has 270 seconds left.\n|\n|t:|1698354355\n|move|p2a: Gooner|Shadow Sneak|p1a: Meowscarada\n|-damage|p1a: Meowscarada|0 fnt\n|faint|p1a: Meowscarada\n|-damage|p2a: Gooner|78\/100|[from] item: Life Orb\n|\n|upkeep\n|\n|t:|1698354362\n|switch|p1a: Zapdos|Zapdos-Galar|100\/100\n|turn|13\n|inactive|toloveocean has 270 seconds left.\n|\n|t:|1698354378\n|move|p2a: Gooner|Shadow Sneak|p1a: Zapdos\n|-damage|p1a: Zapdos|33\/100\n|-damage|p2a: Gooner|68\/100|[from] item: Life Orb\n|move|p1a: Zapdos|Brave Bird|p2a: Gooner\n|-damage|p2a: Gooner|0 fnt\n|faint|p2a: Gooner\n|-damage|p1a: Zapdos|15\/100|[from] Recoil\n|\n|upkeep\n|\n|t:|1698354392\n|switch|p2a: Duke|Slowking-Galar, M|100\/100\n|turn|14\n|\n|t:|1698354409\n|move|p1a: Zapdos|Brave Bird|p2a: Duke\n|-damage|p2a: Duke|41\/100\n|-damage|p1a: Zapdos|0 fnt|[from] Recoil\n|faint|p1a: Zapdos\n|move|p2a: Duke|Future Sight|p1: Zapdos\n|-start|p2a: Duke|move: Future Sight\n|\n|upkeep\n|\n|t:|1698354416\n|switch|p1a: Magnezone|Magnezone|100\/100\n|-damage|p1a: Magnezone|88\/100|[from] Spikes\n|turn|15\n|\n|t:|1698354426\n|move|p1a: Magnezone|Thunderbolt|p2a: Duke\n|-damage|p2a: Duke|9\/100\n|-status|p2a: Duke|par\n|move|p2a: Duke|Thunder Wave|p1a: Magnezone|[miss]\n|-miss|p2a: Duke|p1a: Magnezone\n|\n|upkeep\n|turn|16\n|\n|t:|1698354438\n|move|p1a: Magnezone|Thunderbolt|p2a: Duke\n|-damage|p2a: Duke|0 fnt\n|faint|p2a: Duke\n|\n|-end|p1a: Magnezone|move: Future Sight\n|-resisted|p1a: Magnezone\n|-damage|p1a: Magnezone|65\/100\n|upkeep\n|\n|t:|1698354444\n|switch|p2a: Guts|Kingambit, M, shiny|100\/100\n|-activate|p2a: Guts|ability: Supreme Overlord\n|-start|p2a: Guts|fallen5|[silent]\n|turn|17\n|\n|t:|1698354463\n|move|p2a: Guts|Kowtow Cleave|p1a: Magnezone\n|-damage|p1a: Magnezone|0 fnt\n|faint|p1a: Magnezone\n|\n|win|Tedtosterone\n|l|\u2606toloveocean\n|l|\u2606Tedtosterone\n","uploadtime":1698354471,"views":27,"p1id":"toloveocean","p2id":"tedtosterone","formatid":"gen9anythinggoes","rating":0,"private":0,"password":""}