{"id":"gen9anythinggoes-1999037052","p1":"Mr Sarasota","p2":"kromydas","format":"[Gen 9] Anything Goes","log":"|j|\u2606Mr Sarasota\n|j|\u203dkromydas\n|t:|1701026413\n|gametype|singles\n|player|p1|Mr Sarasota|2|1180\n|player|p2|kromydas|alec-anime|1374\n|teamsize|p1|6\n|teamsize|p2|6\n|gen|9\n|tier|[Gen 9] Anything Goes\n|rated|\n|rule|HP Percentage Mod: HP is shown in percentages\n|rule|Endless Battle Clause: Forcing endless battles is banned\n|clearpoke\n|poke|p1|Maushold-Four|\n|poke|p1|Flutter Mane|\n|poke|p1|Miraidon|\n|poke|p1|Rabsca, M|\n|poke|p1|Garganacl, F|\n|poke|p1|Houndstone, M|\n|poke|p2|Greninja-*, M|\n|poke|p2|Manaphy|\n|poke|p2|Kyogre|\n|poke|p2|Kingambit, F|\n|poke|p2|Clefable, F|\n|poke|p2|Ditto|\n|teampreview\n|\n|t:|1701026433\n|start\n|switch|p1a: Flutter Mane|Flutter Mane, shiny|100\/100\n|switch|p2a: Manaphy|Manaphy|100\/100\n|turn|1\n|\n|t:|1701026438\n|move|p1a: Flutter Mane|Moonblast|p2a: Manaphy\n|-damage|p2a: Manaphy|62\/100\n|-damage|p1a: Flutter Mane|91\/100|[from] item: Life Orb\n|move|p2a: Manaphy|Tail Glow|p2a: Manaphy\n|-boost|p2a: Manaphy|spa|3\n|\n|-heal|p2a: Manaphy|68\/100|[from] item: Leftovers\n|upkeep\n|turn|2\n|\n|t:|1701026449\n|move|p1a: Flutter Mane|Moonblast|p2a: Manaphy\n|-damage|p2a: Manaphy|25\/100\n|-damage|p1a: Flutter Mane|81\/100|[from] item: Life Orb\n|move|p2a: Manaphy|Tail Glow|p2a: Manaphy\n|-boost|p2a: Manaphy|spa|3\n|\n|-heal|p2a: Manaphy|31\/100|[from] item: Leftovers\n|upkeep\n|turn|3\n|inactive|Battle timer is ON: inactive players will automatically lose when time's up. (requested by Mr Sarasota)\n|\n|t:|1701026491\n|switch|p2a: Kyogre|Kyogre|100\/100\n|-weather|RainDance|[from] ability: Drizzle|[of] p2a: Kyogre\n|move|p1a: Flutter Mane|Moonblast|p2a: Kyogre\n|-damage|p2a: Kyogre|50\/100\n|-damage|p1a: Flutter Mane|71\/100|[from] item: Life Orb\n|\n|-weather|RainDance|[upkeep]\n|upkeep\n|turn|4\n|\n|t:|1701026500\n|move|p2a: Kyogre|Thunder|p1a: Flutter Mane\n|-damage|p1a: Flutter Mane|28\/100\n|move|p1a: Flutter Mane|Moonblast|p2a: Kyogre\n|-damage|p2a: Kyogre|3\/100\n|-damage|p1a: Flutter Mane|18\/100|[from] item: Life Orb\n|\n|-weather|RainDance|[upkeep]\n|upkeep\n|turn|5\n|\n|t:|1701026511\n|move|p2a: Kyogre|Thunder|p1a: Flutter Mane\n|-damage|p1a: Flutter Mane|0 fnt\n|faint|p1a: Flutter Mane\n|-end|p1a: Flutter Mane|Protosynthesis|[silent]\n|\n|-weather|RainDance|[upkeep]\n|upkeep\n|\n|t:|1701026526\n|switch|p1a: DeMarco|Miraidon|100\/100\n|-fieldstart|move: Electric Terrain|[from] ability: Hadron Engine|[of] p1a: DeMarco\n|turn|6\n|\n|t:|1701026535\n|switch|p2a: Clefable|Clefable, F|100\/100\n|move|p1a: DeMarco|Electro Drift|p2a: Clefable\n|-damage|p2a: Clefable|41\/100\n|\n|-weather|RainDance|[upkeep]\n|-heal|p2a: Clefable|47\/100|[from] item: Leftovers\n|upkeep\n|turn|7\n|\n|t:|1701026544\n|move|p1a: DeMarco|Electro Drift|p2a: Clefable\n|-damage|p2a: Clefable|0 fnt\n|faint|p2a: Clefable\n|\n|-weather|none\n|upkeep\n|\n|t:|1701026547\n|switch|p2a: Ditto|Ditto|100\/100\n|-transform|p2a: Ditto|p1a: DeMarco|[from] ability: Imposter\n|-activate|p2a: Ditto|ability: Hadron Engine\n|turn|8\n|\n|t:|1701026556\n|-terastallize|p1a: DeMarco|Electric\n|move|p1a: DeMarco|Dragon Pulse|p2a: Ditto\n|-supereffective|p2a: Ditto\n|-damage|p2a: Ditto|0 fnt\n|faint|p2a: Ditto\n|\n|upkeep\n|\n|t:|1701026561\n|switch|p2a: Kyogre|Kyogre|3\/100\n|-weather|RainDance|[from] ability: Drizzle|[of] p2a: Kyogre\n|turn|9\n|\n|t:|1701026565\n|move|p2a: Kyogre|Origin Pulse|p1a: DeMarco\n|-damage|p1a: DeMarco|44\/100\n|move|p1a: DeMarco|Electro Drift|p2a: Kyogre\n|-supereffective|p2a: Kyogre\n|-damage|p2a: Kyogre|0 fnt\n|faint|p2a: Kyogre\n|\n|-weather|RainDance|[upkeep]\n|upkeep\n|\n|t:|1701026571\n|switch|p2a: Kingambit|Kingambit, F|100\/100\n|-activate|p2a: Kingambit|ability: Supreme Overlord\n|-start|p2a: Kingambit|fallen3|[silent]\n|turn|10\n|\n|t:|1701026574\n|move|p2a: Kingambit|Sucker Punch|p1a: DeMarco\n|-damage|p1a: DeMarco|0 fnt\n|faint|p1a: DeMarco\n|\n|-weather|RainDance|[upkeep]\n|-fieldend|move: Electric Terrain\n|upkeep\n|\n|t:|1701026577\n|switch|p1a: Maushold|Maushold-Four|100\/100\n|turn|11\n|\n|t:|1701026588\n|move|p1a: Maushold|Encore|p2a: Kingambit\n|-start|p2a: Kingambit|Encore\n|move|p2a: Kingambit|Sucker Punch||[still]\n|-fail|p2a: Kingambit\n|\n|-weather|RainDance|[upkeep]\n|upkeep\n|turn|12\n|\n|t:|1701026592\n|-end|p2a: Kingambit|fallen3|[silent]\n|switch|p2a: Manaphy|Manaphy|31\/100\n|move|p1a: Maushold|Tidy Up|p1a: Maushold\n|-boost|p1a: Maushold|atk|1\n|-boost|p1a: Maushold|spe|1\n|\n|-weather|RainDance|[upkeep]\n|-heal|p2a: Manaphy|38\/100|[from] item: Leftovers\n|upkeep\n|turn|13\n|\n|t:|1701026597\n|move|p1a: Maushold|Population Bomb|p2a: Manaphy\n|-damage|p2a: Manaphy|24\/100\n|-damage|p2a: Manaphy|8\/100\n|-damage|p2a: Manaphy|0 fnt\n|faint|p2a: Manaphy\n|-hitcount|p2: Manaphy|3\n|\n|-weather|none\n|upkeep\n|\n|t:|1701026600\n|switch|p2a: Kingambit|Kingambit, F|100\/100\n|-activate|p2a: Kingambit|ability: Supreme Overlord\n|-start|p2a: Kingambit|fallen4|[silent]\n|turn|14\n|\n|t:|1701026621\n|move|p2a: Kingambit|Sucker Punch||[still]\n|-fail|p2a: Kingambit\n|move|p1a: Maushold|Baton Pass|p1a: Maushold\n|\n|t:|1701026625\n|switch|p1a: SSSReplacement|Garganacl, F, shiny|100\/100|[from] Baton Pass\n|\n|upkeep\n|turn|15\n|\n|t:|1701026632\n|move|p1a: SSSReplacement|Iron Defense|p1a: SSSReplacement\n|-boost|p1a: SSSReplacement|def|2\n|move|p2a: Kingambit|Low Kick|p1a: SSSReplacement\n|-supereffective|p1a: SSSReplacement\n|-damage|p1a: SSSReplacement|56\/100\n|\n|-heal|p1a: SSSReplacement|62\/100|[from] item: Leftovers\n|upkeep\n|turn|16\n|\n|t:|1701026638\n|move|p1a: SSSReplacement|Recover|p1a: SSSReplacement\n|-heal|p1a: SSSReplacement|100\/100\n|move|p2a: Kingambit|Low Kick|p1a: SSSReplacement\n|-supereffective|p1a: SSSReplacement\n|-crit|p1a: SSSReplacement\n|-damage|p1a: SSSReplacement|0 fnt\n|faint|p1a: SSSReplacement\n|\n|upkeep\n|\n|t:|1701026644\n|switch|p1a: Maushold|Maushold-Four|100\/100\n|turn|17\n|\n|t:|1701026648\n|move|p1a: Maushold|Encore|p2a: Kingambit\n|-start|p2a: Kingambit|Encore\n|move|p2a: Kingambit|Low Kick|p1a: Maushold\n|-supereffective|p1a: Maushold\n|-damage|p1a: Maushold|64\/100\n|\n|upkeep\n|turn|18\n|\n|t:|1701026654\n|move|p1a: Maushold|Population Bomb|p2a: Kingambit\n|-resisted|p2a: Kingambit\n|-damage|p2a: Kingambit|97\/100\n|-resisted|p2a: Kingambit\n|-damage|p2a: Kingambit|93\/100\n|-resisted|p2a: Kingambit\n|-damage|p2a: Kingambit|89\/100\n|-resisted|p2a: Kingambit\n|-damage|p2a: Kingambit|85\/100\n|-resisted|p2a: Kingambit\n|-damage|p2a: Kingambit|81\/100\n|-resisted|p2a: Kingambit\n|-damage|p2a: Kingambit|77\/100\n|-resisted|p2a: Kingambit\n|-damage|p2a: Kingambit|73\/100\n|-resisted|p2a: Kingambit\n|-damage|p2a: Kingambit|69\/100\n|-resisted|p2a: Kingambit\n|-crit|p2a: Kingambit\n|-damage|p2a: Kingambit|63\/100\n|-resisted|p2a: Kingambit\n|-damage|p2a: Kingambit|59\/100\n|-hitcount|p2a: Kingambit|10\n|move|p2a: Kingambit|Low Kick|p1a: Maushold\n|-supereffective|p1a: Maushold\n|-damage|p1a: Maushold|29\/100\n|\n|upkeep\n|turn|19\n|\n|t:|1701026664\n|move|p1a: Maushold|Population Bomb|p2a: Kingambit\n|-resisted|p2a: Kingambit\n|-damage|p2a: Kingambit|55\/100\n|-resisted|p2a: Kingambit\n|-damage|p2a: Kingambit|51\/100\n|-resisted|p2a: Kingambit\n|-damage|p2a: Kingambit|47\/100\n|-resisted|p2a: Kingambit\n|-damage|p2a: Kingambit|43\/100\n|-resisted|p2a: Kingambit\n|-damage|p2a: Kingambit|39\/100\n|-resisted|p2a: Kingambit\n|-damage|p2a: Kingambit|36\/100\n|-resisted|p2a: Kingambit\n|-damage|p2a: Kingambit|32\/100\n|-resisted|p2a: Kingambit\n|-damage|p2a: Kingambit|28\/100\n|-resisted|p2a: Kingambit\n|-damage|p2a: Kingambit|24\/100\n|-resisted|p2a: Kingambit\n|-damage|p2a: Kingambit|20\/100\n|-hitcount|p2a: Kingambit|10\n|move|p2a: Kingambit|Low Kick|p1a: Maushold\n|-supereffective|p1a: Maushold\n|-damage|p1a: Maushold|0 fnt\n|faint|p1a: Maushold\n|\n|-end|p2a: Kingambit|Encore\n|upkeep\n|\n|t:|1701026674\n|switch|p1a: Rabsca|Rabsca, M, shiny|100\/100\n|turn|20\n|\n|t:|1701026681\n|move|p2a: Kingambit|Kowtow Cleave|p1a: Rabsca\n|-supereffective|p1a: Rabsca\n|-damage|p1a: Rabsca|0 fnt\n|faint|p1a: Rabsca\n|\n|upkeep\n|\n|t:|1701026683\n|switch|p1a: Houndstone|Houndstone, M|100\/100\n|turn|21\n|\n|t:|1701026692\n|move|p1a: Houndstone|Shadow Sneak|p2a: Kingambit\n|-resisted|p2a: Kingambit\n|-damage|p2a: Kingambit|13\/100\n|move|p2a: Kingambit|Sucker Punch||[still]\n|-fail|p2a: Kingambit\n|\n|upkeep\n|turn|22\n|\n|t:|1701026698\n|move|p2a: Kingambit|Sucker Punch|p1a: Houndstone\n|-supereffective|p1a: Houndstone\n|-damage|p1a: Houndstone|42\/100\n|move|p1a: Houndstone|Last Respects|p2a: Kingambit\n|-resisted|p2a: Kingambit\n|-crit|p2a: Kingambit\n|-damage|p2a: Kingambit|0 fnt\n|faint|p2a: Kingambit\n|-end|p2a: Kingambit|fallen4|[silent]\n|\n|upkeep\n|\n|t:|1701026703\n|switch|p2a: Greninja|Greninja, M|100\/100\n|turn|23\n|\n|t:|1701026707\n|-terastallize|p2a: Greninja|Water\n|move|p2a: Greninja|Water Shuriken|p1a: Houndstone\n|-damage|p1a: Houndstone|35\/100\n|-damage|p1a: Houndstone|28\/100\n|-damage|p1a: Houndstone|20\/100\n|-damage|p1a: Houndstone|13\/100\n|-hitcount|p1a: Houndstone|4\n|move|p1a: Houndstone|Last Respects|p2a: Greninja\n|-damage|p2a: Greninja|0 fnt\n|faint|p2a: Greninja\n|\n|win|Mr Sarasota\n|raw|Mr Sarasota's rating: 1180 &rarr; <strong>1218<\/strong><br \/>(+38 for winning)\n|raw|kromydas's rating: 1374 &rarr; <strong>1344<\/strong><br \/>(-30 for losing)\n","uploadtime":1701026716,"views":0,"p1id":"mrsarasota","p2id":"kromydas","formatid":"gen9anythinggoes","rating":1218,"private":0,"password":""}