{"id":"gen9anythinggoes-1992884004","p1":"Luigi3641","p2":"Iosididid","format":"[Gen 9] Anything Goes","log":"|j|\u2606Luigi3641\n|j|\u2606Iosididid\n|t:|1700243737\n|gametype|singles\n|player|p1|Luigi3641|juggler|1163\n|player|p2|Iosididid|169|1250\n|teamsize|p1|6\n|teamsize|p2|6\n|gen|9\n|tier|[Gen 9] Anything Goes\n|rated|\n|rule|HP Percentage Mod: HP is shown in percentages\n|rule|Endless Battle Clause: Forcing endless battles is banned\n|clearpoke\n|poke|p1|Uxie|\n|poke|p1|Typhlosion, F|\n|poke|p1|Klefki, M|\n|poke|p1|Glastrier|\n|poke|p1|Electrode-Hisui|\n|poke|p1|Hoopa|\n|poke|p2|Iron Valiant|\n|poke|p2|Flutter Mane|\n|poke|p2|Rayquaza|\n|poke|p2|Calyrex-Shadow|\n|poke|p2|Cloyster, F|\n|poke|p2|Hoopa-Unbound|\n|teampreview\n|\n|t:|1700243740\n|start\n|switch|p1a: Electrode|Electrode-Hisui|100\/100\n|switch|p2a: Cloyster|Cloyster, F|100\/100\n|turn|1\n|c|\u2606Luigi3641|Glhf\n|\n|t:|1700243747\n|move|p1a: Electrode|Discharge|p2a: Cloyster\n|-supereffective|p2a: Cloyster\n|-enditem|p2a: Cloyster|Focus Sash\n|-damage|p2a: Cloyster|1\/100\n|move|p2a: Cloyster|Shell Smash|p2a: Cloyster\n|-unboost|p2a: Cloyster|def|1\n|-unboost|p2a: Cloyster|spd|1\n|-boost|p2a: Cloyster|atk|2\n|-boost|p2a: Cloyster|spa|2\n|-boost|p2a: Cloyster|spe|2\n|\n|upkeep\n|turn|2\n|\n|t:|1700243760\n|switch|p1a: Klefki|Klefki, M|100\/100\n|move|p2a: Cloyster|Icicle Spear|p1a: Klefki\n|-resisted|p1a: Klefki\n|-damage|p1a: Klefki|91\/100\n|-resisted|p1a: Klefki\n|-damage|p1a: Klefki|82\/100\n|-resisted|p1a: Klefki\n|-damage|p1a: Klefki|73\/100\n|-resisted|p1a: Klefki\n|-damage|p1a: Klefki|64\/100\n|-resisted|p1a: Klefki\n|-damage|p1a: Klefki|54\/100\n|-hitcount|p1a: Klefki|5\n|\n|upkeep\n|turn|3\n|\n|t:|1700243776\n|move|p1a: Klefki|Thunder Wave|p2a: Cloyster\n|-status|p2a: Cloyster|par\n|move|p2a: Cloyster|Icicle Spear|p1a: Klefki\n|-resisted|p1a: Klefki\n|-crit|p1a: Klefki\n|-damage|p1a: Klefki|39\/100\n|-resisted|p1a: Klefki\n|-damage|p1a: Klefki|30\/100\n|-resisted|p1a: Klefki\n|-damage|p1a: Klefki|21\/100\n|-resisted|p1a: Klefki\n|-damage|p1a: Klefki|12\/100\n|-resisted|p1a: Klefki\n|-damage|p1a: Klefki|1\/100\n|-hitcount|p1a: Klefki|5\n|\n|upkeep\n|turn|4\n|\n|t:|1700243787\n|move|p1a: Klefki|Reflect|p1a: Klefki\n|-sidestart|p1: Luigi3641|Reflect\n|move|p2a: Cloyster|Icicle Spear|p1a: Klefki\n|-resisted|p1a: Klefki\n|-damage|p1a: Klefki|0 fnt\n|faint|p1a: Klefki\n|-hitcount|p1: Klefki|1\n|\n|upkeep\n|inactive|Battle timer is ON: inactive players will automatically lose when time's up. (requested by Iosididid)\n|\n|t:|1700243805\n|switch|p1a: Electrode|Electrode-Hisui|100\/100\n|turn|5\n|\n|t:|1700243807\n|move|p1a: Electrode|Volt Switch|p2a: Cloyster\n|-supereffective|p2a: Cloyster\n|-crit|p2a: Cloyster\n|-damage|p2a: Cloyster|0 fnt\n|faint|p2a: Cloyster\n|\n|t:|1700243809\n|switch|p1a: Typhlosion|Typhlosion, F|100\/100|[from] Volt Switch\n|\n|upkeep\n|\n|t:|1700243819\n|switch|p2a: Rayquaza|Rayquaza|100\/100\n|-ability|p2a: Rayquaza|Air Lock\n|turn|6\n|\n|t:|1700243826\n|-terastallize|p1a: Typhlosion|Fire\n|move|p1a: Typhlosion|Eruption|p2a: Rayquaza\n|-resisted|p2a: Rayquaza\n|-damage|p2a: Rayquaza|50\/100\n|move|p2a: Rayquaza|Swords Dance|p2a: Rayquaza\n|-boost|p2a: Rayquaza|atk|2\n|\n|upkeep\n|turn|7\n|\n|t:|1700243837\n|switch|p1a: Hoopa|Hoopa|100\/100\n|-terastallize|p2a: Rayquaza|Normal\n|move|p2a: Rayquaza|Extreme Speed|p1a: Hoopa\n|-immune|p1a: Hoopa\n|\n|upkeep\n|turn|8\n|\n|t:|1700243851\n|move|p2a: Rayquaza|Earthquake|p1a: Hoopa\n|-damage|p1a: Hoopa|13\/100\n|-damage|p2a: Rayquaza|40\/100|[from] item: Life Orb\n|move|p1a: Hoopa|Focus Blast|p2a: Rayquaza\n|-supereffective|p2a: Rayquaza\n|-damage|p2a: Rayquaza|0 fnt\n|faint|p2a: Rayquaza\n|\n|upkeep\n|\n|t:|1700243862\n|switch|p2a: Iron Valiant|Iron Valiant, shiny|100\/100\n|turn|9\n|\n|t:|1700243867\n|move|p2a: Iron Valiant|Swords Dance|p2a: Iron Valiant\n|-boost|p2a: Iron Valiant|atk|2\n|move|p1a: Hoopa|Psyshock|p2a: Iron Valiant\n|-supereffective|p2a: Iron Valiant\n|-damage|p2a: Iron Valiant|0 fnt\n|faint|p2a: Iron Valiant\n|-end|p2a: Iron Valiant|Quark Drive|[silent]\n|\n|upkeep\n|\n|t:|1700243875\n|switch|p2a: Calyrex|Calyrex-Shadow|100\/100\n|-ability|p2a: Calyrex|As One\n|-ability|p2a: Calyrex|Unnerve\n|turn|10\n|\n|t:|1700243880\n|move|p2a: Calyrex|Astral Barrage|p1a: Hoopa\n|-supereffective|p1a: Hoopa\n|-damage|p1a: Hoopa|0 fnt\n|faint|p1a: Hoopa\n|-ability|p2a: Calyrex|Grim Neigh|boost\n|-boost|p2a: Calyrex|spa|1\n|\n|upkeep\n|\n|t:|1700243893\n|switch|p1a: Glastrier|Glastrier|100\/100\n|turn|11\n|\n|t:|1700243902\n|move|p2a: Calyrex|Astral Barrage|p1a: Glastrier\n|-damage|p1a: Glastrier|18\/100\n|move|p1a: Glastrier|Icicle Crash|p2a: Calyrex\n|-enditem|p2a: Calyrex|Focus Sash\n|-damage|p2a: Calyrex|1\/100\n|\n|-sideend|p1: Luigi3641|Reflect\n|upkeep\n|turn|12\n|\n|t:|1700243916\n|move|p2a: Calyrex|Draining Kiss|p1a: Glastrier\n|-damage|p1a: Glastrier|0 fnt\n|-heal|p2a: Calyrex|16\/100|[from] drain|[of] p1a: Glastrier\n|faint|p1a: Glastrier\n|-ability|p2a: Calyrex|Grim Neigh|boost\n|-boost|p2a: Calyrex|spa|1\n|\n|upkeep\n|\n|t:|1700243923\n|switch|p1a: Typhlosion|Typhlosion, F, tera:Fire|100\/100\n|turn|13\n|\n|t:|1700243926\n|move|p1a: Typhlosion|Eruption|p2a: Calyrex\n|-damage|p2a: Calyrex|0 fnt\n|faint|p2a: Calyrex\n|\n|upkeep\n|\n|t:|1700243931\n|switch|p2a: Hoopa|Hoopa-Unbound|100\/100\n|turn|14\n|\n|t:|1700243934\n|move|p1a: Typhlosion|Eruption|p2a: Hoopa\n|-crit|p2a: Hoopa\n|-damage|p2a: Hoopa|0 fnt\n|faint|p2a: Hoopa\n|\n|upkeep\n|\n|t:|1700243939\n|switch|p2a: Flutter Mane|Flutter Mane, shiny|100\/100\n|-enditem|p2a: Flutter Mane|Booster Energy\n|-activate|p2a: Flutter Mane|ability: Protosynthesis|[fromitem]\n|-start|p2a: Flutter Mane|protosynthesisspa\n|turn|15\n|\n|t:|1700243947\n|move|p1a: Typhlosion|Eruption|p2a: Flutter Mane\n|-damage|p2a: Flutter Mane|7\/100\n|move|p2a: Flutter Mane|Moonblast|p1a: Typhlosion\n|-resisted|p1a: Typhlosion\n|-damage|p1a: Typhlosion|53\/100\n|-unboost|p1a: Typhlosion|spa|1\n|\n|upkeep\n|turn|16\n|c|\u2606Luigi3641|gg\n|-message|Iosididid forfeited.\n|\n|win|Luigi3641\n|raw|Luigi3641's rating: 1163 &rarr; <strong>1194<\/strong><br \/>(+31 for winning)\n|raw|Iosididid's rating: 1250 &rarr; <strong>1219<\/strong><br \/>(-31 for losing)\n|l|\u2606Iosididid\n|l|\u2606Luigi3641\n|j|\u2606Luigi3641\n|player|p1|Luigi3641|juggler\n","uploadtime":1700244168,"views":4,"p1id":"luigi3641","p2id":"iosididid","formatid":"gen9anythinggoes","rating":1194,"private":0,"password":""}