{"id":"gen9anythinggoes-1976979974","p1":"Lolduck","p2":"glorbotheundefined","format":"[Gen 9] Anything Goes","log":"|j|\u2606Lolduck\n|j|\u2606glorbotheundefined\n|t:|1698358303\n|gametype|singles\n|player|p1|Lolduck|dancer|1114\n|player|p2|glorbotheundefined|pokefan-gen4|1060\n|teamsize|p1|6\n|teamsize|p2|6\n|gen|9\n|tier|[Gen 9] Anything Goes\n|rated|\n|rule|HP Percentage Mod: HP is shown in percentages\n|rule|Endless Battle Clause: Forcing endless battles is banned\n|clearpoke\n|poke|p1|Calyrex-Shadow|\n|poke|p1|Miraidon|\n|poke|p1|Miraidon|\n|poke|p1|Miraidon|\n|poke|p1|Miraidon|\n|poke|p1|Miraidon|\n|poke|p2|Mimikyu, F|\n|poke|p2|Urshifu-*, M|\n|poke|p2|Cyclizar, M|\n|poke|p2|Torterra, F|\n|poke|p2|Charizard, M|\n|poke|p2|Seviper, F|\n|teampreview\n|inactive|Battle timer is ON: inactive players will automatically lose when time's up. (requested by glorbotheundefined)\n|\n|t:|1698358322\n|start\n|switch|p1a: Calyrex|Calyrex-Shadow|100\/100\n|switch|p2a: bicycle|Cyclizar, M|100\/100\n|-ability|p1a: Calyrex|As One\n|-ability|p1a: Calyrex|Unnerve\n|turn|1\n|\n|t:|1698358334\n|-terastallize|p1a: Calyrex|Fairy\n|move|p1a: Calyrex|Tera Blast|p2a: bicycle|[anim] Tera Blast Fairy\n|-supereffective|p2a: bicycle\n|-damage|p2a: bicycle|0 fnt\n|faint|p2a: bicycle\n|-ability|p1a: Calyrex|Grim Neigh|boost\n|-boost|p1a: Calyrex|spa|1\n|\n|upkeep\n|\n|t:|1698358341\n|switch|p2a: box|Mimikyu, F|100\/100\n|turn|2\n|\n|t:|1698358346\n|move|p1a: Calyrex|Tera Blast|p2a: box|[anim] Tera Blast Fairy\n|-activate|p2a: box|ability: Disguise\n|-damage|p2a: box|100\/100\n|detailschange|p2a: box|Mimikyu-Busted, F\n|-damage|p2a: box|88\/100|[from] pokemon: Mimikyu-Busted\n|move|p2a: box|Swords Dance|p2a: box\n|-boost|p2a: box|atk|2\n|\n|-heal|p2a: box|94\/100|[from] item: Leftovers\n|upkeep\n|turn|3\n|\n|t:|1698358356\n|move|p2a: box|Shadow Sneak|p1a: Calyrex\n|-damage|p1a: Calyrex|61\/100\n|move|p1a: Calyrex|Tera Blast|p2a: box|[anim] Tera Blast Fairy\n|-damage|p2a: box|0 fnt\n|faint|p2a: box\n|-ability|p1a: Calyrex|Grim Neigh|boost\n|-boost|p1a: Calyrex|spa|1\n|\n|upkeep\n|\n|t:|1698358362\n|switch|p2a: dog|Urshifu, M|100\/100\n|turn|4\n|\n|t:|1698358365\n|move|p1a: Calyrex|Tera Blast|p2a: dog|[anim] Tera Blast Fairy\n|-supereffective|p2a: dog\n|-damage|p2a: dog|0 fnt\n|faint|p2a: dog\n|-ability|p1a: Calyrex|Grim Neigh|boost\n|-boost|p1a: Calyrex|spa|1\n|\n|upkeep\n|\n|t:|1698358370\n|switch|p2a: snek|Seviper, F|100\/100\n|turn|5\n|\n|t:|1698358376\n|move|p1a: Calyrex|Tera Blast|p2a: snek|[anim] Tera Blast Fairy\n|-resisted|p2a: snek\n|-damage|p2a: snek|0 fnt\n|faint|p2a: snek\n|-ability|p1a: Calyrex|Grim Neigh|boost\n|-boost|p1a: Calyrex|spa|1\n|\n|upkeep\n|-message|glorbotheundefined forfeited.\n|\n|win|Lolduck\n|raw|Lolduck's rating: 1114 &rarr; <strong>1135<\/strong><br \/>(+21 for winning)\n|raw|glorbotheundefined's rating: 1060 &rarr; <strong>1044<\/strong><br \/>(-16 for losing)\n|l|\u2606glorbotheundefined\n","uploadtime":1698358383,"views":5,"p1id":"lolduck","p2id":"glorbotheundefined","formatid":"gen9anythinggoes","rating":1044,"private":0,"password":""}