{"id":"gen9anythinggoes-1973193477","p1":"MelloBello","p2":"Oranj_Juce","format":"[Gen 9] Anything Goes","log":"|j|\u2606MelloBello\n|j|\u2606Oranj_Juce\n|t:|1697937941\n|gametype|singles\n|player|p1|MelloBello|darach-caitlin|1169\n|player|p2|Oranj_Juce|buck|1040\n|teamsize|p1|6\n|teamsize|p2|6\n|gen|9\n|tier|[Gen 9] Anything Goes\n|rated|\n|rule|HP Percentage Mod: HP is shown in percentages\n|rule|Endless Battle Clause: Forcing endless battles is banned\n|clearpoke\n|poke|p1|Alomomola, M|\n|poke|p1|Calyrex-Shadow|\n|poke|p1|Volcarona, M|\n|poke|p1|Forretress, F|\n|poke|p1|Masquerain, M|\n|poke|p1|Iron Valiant|\n|poke|p2|Cetoddle, F|\n|poke|p2|Maushold-Four|\n|poke|p2|Chien-Pao|\n|poke|p2|Drifblim, F|\n|poke|p2|Clawitzer, M|\n|poke|p2|Oricorio-Pom-Pom, F|\n|teampreview\n|\n|t:|1697937944\n|start\n|switch|p1a: Forretress|Forretress, F|100\/100\n|switch|p2a: Silly joke\ud83d\ude01|Drifblim, F, shiny|100\/100\n|turn|1\n|inactive|Battle timer is ON: inactive players will automatically lose when time's up. (requested by Oranj_Juce)\n|\n|t:|1697937952\n|move|p2a: Silly joke\ud83d\ude01|Minimize|p2a: Silly joke\ud83d\ude01\n|-boost|p2a: Silly joke\ud83d\ude01|evasion|2\n|move|p1a: Forretress|Toxic Spikes|p2a: Silly joke\ud83d\ude01\n|-sidestart|p2: Oranj_Juce|move: Toxic Spikes\n|\n|upkeep\n|turn|2\n|\n|t:|1697937959\n|move|p2a: Silly joke\ud83d\ude01|Minimize|p2a: Silly joke\ud83d\ude01\n|-boost|p2a: Silly joke\ud83d\ude01|evasion|2\n|move|p1a: Forretress|Toxic Spikes|p2a: Silly joke\ud83d\ude01\n|-sidestart|p2: Oranj_Juce|move: Toxic Spikes\n|\n|upkeep\n|turn|3\n|\n|t:|1697937965\n|move|p2a: Silly joke\ud83d\ude01|Minimize|p2a: Silly joke\ud83d\ude01\n|-boost|p2a: Silly joke\ud83d\ude01|evasion|2\n|move|p1a: Forretress|Spikes|p2a: Silly joke\ud83d\ude01\n|-sidestart|p2: Oranj_Juce|Spikes\n|\n|upkeep\n|turn|4\n|\n|t:|1697937972\n|move|p2a: Silly joke\ud83d\ude01|Baton Pass|p2a: Silly joke\ud83d\ude01\n|\n|t:|1697937978\n|switch|p2a: Mickey fam|Maushold-Four, shiny|100\/100|[from] Baton Pass\n|-status|p2a: Mickey fam|tox\n|-damage|p2a: Mickey fam|88\/100 tox|[from] Spikes\n|move|p1a: Forretress|Stealth Rock|p2a: Mickey fam\n|-sidestart|p2: Oranj_Juce|move: Stealth Rock\n|\n|-damage|p2a: Mickey fam|82\/100 tox|[from] psn\n|upkeep\n|turn|5\n|\n|t:|1697937988\n|move|p2a: Mickey fam|Tidy Up|p2a: Mickey fam\n|-sideend|p2: Oranj_Juce|Spikes\n|-sideend|p2: Oranj_Juce|Toxic Spikes\n|-sideend|p2: Oranj_Juce|Stealth Rock\n|-activate|p2a: Mickey fam|move: Tidy Up\n|-boost|p2a: Mickey fam|atk|1\n|-boost|p2a: Mickey fam|spe|1\n|move|p1a: Forretress|Spikes|p2a: Mickey fam\n|-sidestart|p2: Oranj_Juce|Spikes\n|\n|-damage|p2a: Mickey fam|69\/100 tox|[from] psn\n|upkeep\n|turn|6\n|\n|t:|1697938001\n|switch|p1a: Masquerain|Masquerain, M|100\/100\n|-ability|p1a: Masquerain|Intimidate|boost\n|-unboost|p2a: Mickey fam|atk|1\n|move|p2a: Mickey fam|Tidy Up|p2a: Mickey fam\n|-sideend|p2: Oranj_Juce|Spikes\n|-activate|p2a: Mickey fam|move: Tidy Up\n|-boost|p2a: Mickey fam|atk|1\n|-boost|p2a: Mickey fam|spe|1\n|\n|-damage|p2a: Mickey fam|51\/100 tox|[from] psn\n|upkeep\n|turn|7\n|\n|t:|1697938013\n|move|p2a: Mickey fam|Baton Pass|p2a: Mickey fam\n|\n|t:|1697938017\n|switch|p2a: Coot baby|Cetoddle, F|100\/100|[from] Baton Pass\n|move|p1a: Masquerain|Whirlwind|p2a: Coot baby\n|drag|p2a: Cheerleader|Oricorio-Pom-Pom, F, shiny|100\/100\n|\n|upkeep\n|turn|8\n|\n|t:|1697938029\n|move|p1a: Masquerain|Sticky Web|p2a: Cheerleader\n|-sidestart|p2: Oranj_Juce|move: Sticky Web\n|move|p2a: Cheerleader|Revelation Dance|p1a: Masquerain\n|-supereffective|p1a: Masquerain\n|-damage|p1a: Masquerain|15\/100\n|\n|upkeep\n|turn|9\n|\n|t:|1697938037\n|move|p2a: Cheerleader|Revelation Dance|p1a: Masquerain\n|-supereffective|p1a: Masquerain\n|-damage|p1a: Masquerain|0 fnt\n|faint|p1a: Masquerain\n|\n|upkeep\n|\n|t:|1697938046\n|switch|p1a: Forretress|Forretress, F|100\/100\n|turn|10\n|\n|t:|1697938051\n|switch|p2a: Silly joke\ud83d\ude01|Drifblim, F, shiny|100\/100\n|move|p1a: Forretress|Toxic Spikes|p2a: Silly joke\ud83d\ude01\n|-sidestart|p2: Oranj_Juce|move: Toxic Spikes\n|\n|upkeep\n|turn|11\n|\n|t:|1697938063\n|switch|p1a: Calyrex|Calyrex-Shadow|100\/100\n|-ability|p1a: Calyrex|As One\n|-ability|p1a: Calyrex|Unnerve\n|move|p2a: Silly joke\ud83d\ude01|Minimize|p2a: Silly joke\ud83d\ude01\n|-boost|p2a: Silly joke\ud83d\ude01|evasion|2\n|\n|upkeep\n|turn|12\n|\n|t:|1697938087\n|move|p1a: Calyrex|Astral Barrage|p2a: Silly joke\ud83d\ude01\n|-supereffective|p2a: Silly joke\ud83d\ude01\n|-damage|p2a: Silly joke\ud83d\ude01|0 fnt\n|faint|p2a: Silly joke\ud83d\ude01\n|-ability|p1a: Calyrex|Grim Neigh|boost\n|-boost|p1a: Calyrex|spa|1\n|\n|upkeep\n|\n|t:|1697938091\n|switch|p2a: Cheerleader|Oricorio-Pom-Pom, F, shiny|100\/100\n|turn|13\n|\n|t:|1697938115\n|move|p1a: Calyrex|Stomping Tantrum|p2a: Cheerleader\n|-immune|p2a: Cheerleader\n|move|p2a: Cheerleader|Quiver Dance|p2a: Cheerleader\n|-boost|p2a: Cheerleader|spa|1\n|-boost|p2a: Cheerleader|spd|1\n|-boost|p2a: Cheerleader|spe|1\n|\n|upkeep\n|turn|14\n|\n|t:|1697938123\n|move|p1a: Calyrex|Astral Barrage|p2a: Cheerleader\n|-damage|p2a: Cheerleader|0 fnt\n|faint|p2a: Cheerleader\n|-ability|p1a: Calyrex|Grim Neigh|boost\n|-boost|p1a: Calyrex|spa|1\n|\n|upkeep\n|\n|t:|1697938128\n|switch|p2a: Master shifu|Chien-Pao|100\/100\n|-activate|p2a: Master shifu|move: Sticky Web\n|-unboost|p2a: Master shifu|spe|1\n|-status|p2a: Master shifu|psn\n|-ability|p2a: Master shifu|Sword of Ruin\n|turn|15\n|\n|t:|1697938139\n|-terastallize|p2a: Master shifu|Fairy\n|move|p1a: Calyrex|Stomping Tantrum|p2a: Master shifu\n|-damage|p2a: Master shifu|86\/100 psn\n|move|p2a: Master shifu|Crunch|p1a: Calyrex\n|-supereffective|p1a: Calyrex\n|-enditem|p1a: Calyrex|Focus Sash\n|-damage|p1a: Calyrex|1\/100\n|\n|-damage|p2a: Master shifu|74\/100 psn|[from] psn\n|upkeep\n|turn|16\n|\n|t:|1697938150\n|move|p1a: Calyrex|Astral Barrage|p2a: Master shifu\n|-damage|p2a: Master shifu|0 fnt\n|faint|p2a: Master shifu\n|-ability|p1a: Calyrex|Grim Neigh|boost\n|-boost|p1a: Calyrex|spa|1\n|\n|upkeep\n|\n|t:|1697938160\n|switch|p2a: Mickey fam|Maushold-Four, shiny|51\/100 tox\n|-activate|p2a: Mickey fam|move: Sticky Web\n|-unboost|p2a: Mickey fam|spe|1\n|turn|17\n|\n|t:|1697938164\n|move|p1a: Calyrex|Giga Drain|p2a: Mickey fam\n|-damage|p2a: Mickey fam|0 fnt\n|-heal|p1a: Calyrex|22\/100|[from] drain|[of] p2a: Mickey fam\n|faint|p2a: Mickey fam\n|-ability|p1a: Calyrex|Grim Neigh|boost\n|-boost|p1a: Calyrex|spa|1\n|\n|upkeep\n|\n|t:|1697938169\n|switch|p2a: Coot baby|Cetoddle, F|100\/100\n|-activate|p2a: Coot baby|move: Sticky Web\n|-unboost|p2a: Coot baby|spe|1\n|-status|p2a: Coot baby|psn\n|turn|18\n|\n|t:|1697938176\n|move|p2a: Coot baby|Ice Shard|p1a: Calyrex\n|-damage|p1a: Calyrex|7\/100\n|move|p1a: Calyrex|Astral Barrage|p2a: Coot baby\n|-damage|p2a: Coot baby|0 fnt\n|faint|p2a: Coot baby\n|-ability|p1a: Calyrex|Grim Neigh|boost\n|-boost|p1a: Calyrex|spa|1\n|\n|upkeep\n|\n|t:|1697938179\n|switch|p2a: Blitz|Clawitzer, M, shiny|100\/100\n|-activate|p2a: Blitz|move: Sticky Web\n|-unboost|p2a: Blitz|spe|1\n|-status|p2a: Blitz|psn\n|turn|19\n|\n|t:|1697938190\n|move|p1a: Calyrex|Giga Drain|p2a: Blitz\n|-supereffective|p2a: Blitz\n|-damage|p2a: Blitz|0 fnt\n|-heal|p1a: Calyrex|48\/100|[from] drain|[of] p2a: Blitz\n|faint|p2a: Blitz\n|\n|win|MelloBello\n|raw|MelloBello's rating: 1169 &rarr; <strong>1185<\/strong><br \/>(+16 for winning)\n|raw|Oranj_Juce's rating: 1040 &rarr; <strong>1030<\/strong><br \/>(-10 for losing)\n|l|\u2606Oranj_Juce\n","uploadtime":1697938200,"views":17,"p1id":"mellobello","p2id":"oranjjuce","formatid":"gen9anythinggoes","rating":1030,"private":0,"password":""}