{"id":"gen9anythinggoes-1993321379","p1":"Boyko Luc","p2":"I'm some Guy1234","format":"[Gen 9] Anything Goes","log":"|j|\u2606Boyko Luc\n|j|\u2606I'm some Guy1234\n|t:|1700297857\n|gametype|singles\n|player|p1|Boyko Luc|101|1040\n|player|p2|I'm some Guy1234|102|1103\n|teamsize|p1|6\n|teamsize|p2|6\n|gen|9\n|tier|[Gen 9] Anything Goes\n|rated|\n|rule|HP Percentage Mod: HP is shown in percentages\n|rule|Endless Battle Clause: Forcing endless battles is banned\n|clearpoke\n|poke|p1|Slowking-Galar, F|\n|poke|p1|Ting-Lu|\n|poke|p1|Rotom-Wash|\n|poke|p1|Volcanion|\n|poke|p1|Iron Valiant|\n|poke|p1|Rayquaza|\n|poke|p2|Cyclizar, M|\n|poke|p2|Calyrex-Shadow|\n|poke|p2|Zoroark-Hisui, F|\n|poke|p2|Abomasnow, M|\n|poke|p2|Palafin, F|\n|poke|p2|Eternatus|\n|teampreview\n|c|\u2606I'm some Guy1234|LESGOOOOOOOOOOOOOOO\n|\n|t:|1700297877\n|start\n|switch|p1a: Rayquaza|Rayquaza, shiny|100\/100\n|switch|p2a: You've got Mail|Cyclizar, M, shiny|100\/100\n|-ability|p1a: Rayquaza|Air Lock\n|turn|1\n|inactive|Battle timer is ON: inactive players will automatically lose when time's up. (requested by I'm some Guy1234)\n|\n|t:|1700297906\n|move|p2a: You've got Mail|Shed Tail|p2a: You've got Mail\n|-start|p2a: You've got Mail|Substitute|[from] move: Shed Tail\n|-damage|p2a: You've got Mail|50\/100\n|inactiveoff|Battle timer is now OFF.\n|inactive|Battle timer is ON: inactive players will automatically lose when time's up. (requested by Boyko Luc)\n|\n|t:|1700297926\n|switch|p2a: Eterny|Eternatus, shiny|100\/100|[from] Shed Tail\n|move|p1a: Rayquaza|Dragon Dance|p1a: Rayquaza\n|-boost|p1a: Rayquaza|atk|1\n|-boost|p1a: Rayquaza|spe|1\n|\n|upkeep\n|turn|2\n|\n|t:|1700297938\n|move|p1a: Rayquaza|Extreme Speed|p2a: Eterny\n|-immune|p2a: Eterny\n|move|p2a: Eterny|Poltergeist|p1a: Rayquaza\n|-activate|p1a: Rayquaza|move: Poltergeist|Focus Sash\n|-damage|p1a: Rayquaza|62\/100\n|\n|upkeep\n|turn|3\n|\n|t:|1700297950\n|move|p1a: Rayquaza|Earth Power|p2a: Eterny\n|-end|p2a: Eterny|Substitute\n|move|p2a: Eterny|Poltergeist|p1a: Rayquaza|[miss]\n|-miss|p2a: Eterny|p1a: Rayquaza\n|\n|upkeep\n|turn|4\n|\n|t:|1700297962\n|move|p1a: Rayquaza|Earth Power|p2a: Eterny\n|-damage|p2a: Eterny|66\/100\n|replace|p2a: IMPOSTER AMONGUS|Zoroark-Hisui, F\n|-end|p2a: IMPOSTER AMONGUS|Illusion\n|move|p2a: IMPOSTER AMONGUS|Sludge Bomb|p1a: Rayquaza\n|-damage|p1a: Rayquaza|37\/100\n|\n|upkeep\n|turn|5\n|\n|t:|1700297974\n|switch|p2a: Eterny|Eternatus, shiny|100\/100\n|-ability|p2a: Eterny|Pressure\n|move|p1a: Rayquaza|Dragon Ascent|p2a: Eterny\n|-damage|p2a: Eterny|28\/100\n|-unboost|p1a: Rayquaza|def|1\n|-unboost|p1a: Rayquaza|spd|1\n|-damage|p1a: Rayquaza|21\/100|[from] item: Rocky Helmet|[of] p2a: Eterny\n|\n|upkeep\n|turn|6\n|\n|t:|1700297986\n|move|p1a: Rayquaza|Extreme Speed|p2a: Eterny\n|-damage|p2a: Eterny|0 fnt\n|-damage|p1a: Rayquaza|4\/100|[from] item: Rocky Helmet|[of] p2a: Eterny\n|faint|p2a: Eterny\n|\n|upkeep\n|\n|t:|1700298001\n|switch|p2a: You've got Mail|Cyclizar, M, shiny|84\/100\n|turn|7\n|\n|t:|1700298020\n|move|p1a: Rayquaza|Extreme Speed|p2a: You've got Mail\n|-damage|p2a: You've got Mail|16\/100\n|move|p2a: You've got Mail|Shed Tail|p2a: You've got Mail\n|-fail|p2a: You've got Mail|move: Shed Tail|[weak]\n|\n|upkeep\n|turn|8\n|\n|t:|1700298031\n|switch|p2a: Paladin za MAN|Palafin, F, shiny|100\/100\n|move|p1a: Rayquaza|Extreme Speed|p2a: Paladin za MAN\n|-damage|p2a: Paladin za MAN|39\/100\n|\n|upkeep\n|turn|9\n|\n|t:|1700298042\n|move|p1a: Rayquaza|Extreme Speed|p2a: Paladin za MAN\n|-damage|p2a: Paladin za MAN|0 fnt\n|faint|p2a: Paladin za MAN\n|\n|upkeep\n|\n|t:|1700298048\n|switch|p2a: Ghost Horse Thingy|Calyrex-Shadow|100\/100\n|-ability|p2a: Ghost Horse Thingy|As One\n|-ability|p2a: Ghost Horse Thingy|Unnerve\n|turn|10\n|\n|t:|1700298058\n|move|p2a: Ghost Horse Thingy|Metronome|p2a: Ghost Horse Thingy\n|move|p2a: Ghost Horse Thingy|Shadow Punch|p1a: Rayquaza|[from]move: Metronome\n|-damage|p1a: Rayquaza|0 fnt\n|faint|p1a: Rayquaza\n|-ability|p2a: Ghost Horse Thingy|Grim Neigh|boost\n|-boost|p2a: Ghost Horse Thingy|spa|1\n|\n|upkeep\n|\n|t:|1700298078\n|switch|p1a: Ting-Lu|Ting-Lu|100\/100\n|-ability|p1a: Ting-Lu|Vessel of Ruin\n|turn|11\n|\n|t:|1700298090\n|move|p2a: Ghost Horse Thingy|Metronome|p2a: Ghost Horse Thingy\n|move|p2a: Ghost Horse Thingy|Echoed Voice|p1a: Ting-Lu|[from]move: Metronome\n|-damage|p1a: Ting-Lu|90\/100\n|move|p1a: Ting-Lu|Ruination|p2a: Ghost Horse Thingy\n|-damage|p2a: Ghost Horse Thingy|51\/100\n|\n|-heal|p1a: Ting-Lu|96\/100|[from] item: Leftovers\n|upkeep\n|turn|12\n|\n|t:|1700298099\n|move|p2a: Ghost Horse Thingy|Metronome|p2a: Ghost Horse Thingy\n|move|p2a: Ghost Horse Thingy|Recover|p2a: Ghost Horse Thingy|[from]move: Metronome\n|-heal|p2a: Ghost Horse Thingy|100\/100\n|move|p1a: Ting-Lu|Ruination|p2a: Ghost Horse Thingy\n|-damage|p2a: Ghost Horse Thingy|51\/100\n|\n|-heal|p1a: Ting-Lu|100\/100|[from] item: Leftovers\n|upkeep\n|turn|13\n|\n|t:|1700298107\n|move|p2a: Ghost Horse Thingy|Metronome|p2a: Ghost Horse Thingy\n|move|p2a: Ghost Horse Thingy|Aromatic Mist|null|[from]move: Metronome|[notarget]\n|-fail|p2a: Ghost Horse Thingy\n|move|p1a: Ting-Lu|Ruination|p2a: Ghost Horse Thingy\n|-damage|p2a: Ghost Horse Thingy|26\/100\n|\n|upkeep\n|turn|14\n|\n|t:|1700298126\n|move|p2a: Ghost Horse Thingy|Metronome|p2a: Ghost Horse Thingy\n|move|p2a: Ghost Horse Thingy|Swift|p1a: Ting-Lu|[from]move: Metronome\n|-damage|p1a: Ting-Lu|84\/100\n|move|p1a: Ting-Lu|Stealth Rock|p2a: Ghost Horse Thingy\n|-sidestart|p2: I'm some Guy1234|move: Stealth Rock\n|\n|-heal|p1a: Ting-Lu|90\/100|[from] item: Leftovers\n|upkeep\n|turn|15\n|\n|t:|1700298134\n|move|p2a: Ghost Horse Thingy|Draining Kiss|p1a: Ting-Lu\n|-supereffective|p1a: Ting-Lu\n|-damage|p1a: Ting-Lu|66\/100\n|-heal|p2a: Ghost Horse Thingy|54\/100|[from] drain|[of] p1a: Ting-Lu\n|move|p1a: Ting-Lu|Earthquake|p2a: Ghost Horse Thingy\n|-damage|p2a: Ghost Horse Thingy|0 fnt\n|faint|p2a: Ghost Horse Thingy\n|\n|-heal|p1a: Ting-Lu|72\/100|[from] item: Leftovers\n|upkeep\n|\n|t:|1700298152\n|switch|p2a: You've got Mail|Cyclizar, M, shiny|66\/100\n|-damage|p2a: You've got Mail|54\/100|[from] Stealth Rock\n|turn|16\n|\n|t:|1700298175\n|switch|p1a: Iron Valiant|Iron Valiant|100\/100\n|move|p2a: You've got Mail|Low Kick|p1a: Iron Valiant\n|-resisted|p1a: Iron Valiant\n|-damage|p1a: Iron Valiant|91\/100\n|\n|upkeep\n|turn|17\n|\n|t:|1700298185\n|move|p1a: Iron Valiant|Moonblast|p2a: You've got Mail\n|-damage|p2a: You've got Mail|0 fnt\n|replace|p2a: IMPOSTER AMONGUS|Zoroark-Hisui, F\n|-end|p2a: IMPOSTER AMONGUS|Illusion\n|faint|p2a: IMPOSTER AMONGUS\n|\n|upkeep\n|\n|t:|1700298193\n|switch|p2a: DunM'be|Abomasnow, M, shiny|100\/100\n|-damage|p2a: DunM'be|75\/100|[from] Stealth Rock\n|-weather|Snow|[from] ability: Snow Warning|[of] p2a: DunM'be\n|turn|18\n|\n|t:|1700298222\n|move|p1a: Iron Valiant|Moonblast|p2a: DunM'be\n|-damage|p2a: DunM'be|10\/100\n|move|p2a: DunM'be|Ice Punch|p1a: Iron Valiant\n|-damage|p1a: Iron Valiant|48\/100\n|\n|-weather|Snow|[upkeep]\n|-heal|p2a: DunM'be|16\/100|[from] item: Leftovers\n|upkeep\n|turn|19\n|\n|t:|1700298233\n|move|p1a: Iron Valiant|Moonblast|p2a: DunM'be\n|-damage|p2a: DunM'be|0 fnt\n|faint|p2a: DunM'be\n|\n|-weather|Snow|[upkeep]\n|upkeep\n|\n|t:|1700298239\n|switch|p2a: You've got Mail|Cyclizar, M, shiny|50\/100\n|-damage|p2a: You've got Mail|37\/100|[from] Stealth Rock\n|turn|20\n|c|\u2606Boyko Luc|can i mega evolve rayquaza bro?\n|inactive|Boyko Luc has 120 seconds left.\n|c|\u2606Boyko Luc|if so how\n|inactiveoff|Battle timer is now OFF.\n|c|\u2606I'm some Guy1234|idk bruh\n|c|\u2606Boyko Luc|ok\n|\n|t:|1700298287\n|move|p2a: You've got Mail|U-turn|p1a: Iron Valiant\n|-resisted|p1a: Iron Valiant\n|-damage|p1a: Iron Valiant|43\/100\n|move|p1a: Iron Valiant|Moonblast|p2a: You've got Mail\n|-supereffective|p2a: You've got Mail\n|-damage|p2a: You've got Mail|0 fnt\n|faint|p2a: You've got Mail\n|\n|win|Boyko Luc\n|raw|Boyko Luc's rating: 1040 &rarr; <strong>1080<\/strong><br \/>(+40 for winning)\n|raw|I&apos;m some Guy1234's rating: 1103 &rarr; <strong>1074<\/strong><br \/>(-29 for losing)\n|l|\u2606Boyko Luc\n|c|\u2606I'm some Guy1234|gg\n","uploadtime":1700298306,"views":4,"p1id":"boykoluc","p2id":"imsomeguy1234","formatid":"gen9anythinggoes","rating":1074,"private":0,"password":""}