{"id":"gen9anythinggoes-1988626180","p1":"Mimikyutale","p2":"ffghhuu","format":"[Gen 9] Anything Goes","log":"|j|\u2606Mimikyutale\n|j|\u2606ffghhuu\n|t:|1699743465\n|gametype|singles\n|player|p1|Mimikyutale|teamrocket|1143\n|player|p2|ffghhuu|2|1043\n|teamsize|p1|6\n|teamsize|p2|6\n|gen|9\n|tier|[Gen 9] Anything Goes\n|rated|\n|rule|HP Percentage Mod: HP is shown in percentages\n|rule|Endless Battle Clause: Forcing endless battles is banned\n|clearpoke\n|poke|p1|Corviknight, F|\n|poke|p1|Annihilape, M|\n|poke|p1|Tropius, F|\n|poke|p1|Polteageist|\n|poke|p1|Dragapult, F|\n|poke|p1|Maushold|\n|poke|p2|Ceruledge, M|\n|poke|p2|Gholdengo|\n|poke|p2|Veluza, F|\n|poke|p2|Abomasnow, F|\n|poke|p2|Arboliva, M|\n|poke|p2|Dragonite, M|\n|teampreview\n|l|\u2606ffghhuu\n|player|p2|\n|inactive|Battle timer is ON: inactive players will automatically lose when time's up. (requested by Mimikyutale)\n|j|\u2606ffghhuu\n|inactive|ffghhuu reconnected and has 130 seconds left.\n|player|p2|ffghhuu|2\n|\n|t:|1699743527\n|start\n|switch|p1a: The queen|Polteageist|100\/100\n|switch|p2a: Dragonite|Dragonite, M|100\/100\n|turn|1\n|\n|t:|1699743538\n|move|p1a: The queen|Shell Smash|p1a: The queen\n|-unboost|p1a: The queen|def|1\n|-unboost|p1a: The queen|spd|1\n|-boost|p1a: The queen|atk|2\n|-boost|p1a: The queen|spa|2\n|-boost|p1a: The queen|spe|2\n|move|p2a: Dragonite|Dragon Claw|p1a: The queen\n|-enditem|p1a: The queen|Focus Sash\n|-damage|p1a: The queen|1\/100\n|-ability|p1a: The queen|Weak Armor|boost\n|-unboost|p1a: The queen|def|1\n|-boost|p1a: The queen|spe|2\n|\n|upkeep\n|turn|2\n|\n|t:|1699743553\n|move|p1a: The queen|Stored Power|p2a: Dragonite\n|-damage|p2a: Dragonite|38\/100\n|move|p2a: Dragonite|Dragon Claw|p1a: The queen\n|-damage|p1a: The queen|0 fnt\n|faint|p1a: The queen\n|\n|upkeep\n|c|\u2606Mimikyutale|shit\n|\n|t:|1699743561\n|switch|p1a: AAAAAAAA|Maushold|100\/100\n|turn|3\n|\n|t:|1699743570\n|move|p1a: AAAAAAAA|Tidy Up|p1a: AAAAAAAA\n|-boost|p1a: AAAAAAAA|atk|1\n|-boost|p1a: AAAAAAAA|spe|1\n|move|p2a: Dragonite|Earthquake|p1a: AAAAAAAA\n|-damage|p1a: AAAAAAAA|40\/100\n|\n|upkeep\n|turn|4\n|\n|t:|1699743578\n|move|p1a: AAAAAAAA|Population Bomb|p2a: Dragonite\n|-damage|p2a: Dragonite|17\/100\n|-damage|p2a: Dragonite|0 fnt\n|faint|p2a: Dragonite\n|-hitcount|p2: Dragonite|2\n|\n|upkeep\n|\n|t:|1699743585\n|switch|p2a: Gholdengo|Gholdengo|100\/100\n|turn|5\n|\n|t:|1699743592\n|move|p1a: AAAAAAAA|Beat Up|p2a: Gholdengo\n|-supereffective|p2a: Gholdengo\n|-damage|p2a: Gholdengo|85\/100\n|-supereffective|p2a: Gholdengo\n|-damage|p2a: Gholdengo|62\/100\n|-supereffective|p2a: Gholdengo\n|-damage|p2a: Gholdengo|47\/100\n|-supereffective|p2a: Gholdengo\n|-damage|p2a: Gholdengo|31\/100\n|-supereffective|p2a: Gholdengo\n|-damage|p2a: Gholdengo|9\/100\n|-hitcount|p2a: Gholdengo|5\n|move|p2a: Gholdengo|Dazzling Gleam|p1a: AAAAAAAA\n|-damage|p1a: AAAAAAAA|0 fnt\n|faint|p1a: AAAAAAAA\n|-damage|p2a: Gholdengo|0 fnt|[from] item: Life Orb\n|faint|p2a: Gholdengo\n|\n|upkeep\n|\n|t:|1699743612\n|switch|p1a: Me|Annihilape, M|100\/100\n|switch|p2a: Veluza|Veluza, F|100\/100\n|turn|6\n|inactive|ffghhuu has 120 seconds left.\n|\n|t:|1699743653\n|-terastallize|p2a: Veluza|Water\n|move|p2a: Veluza|Night Slash|p1a: Me\n|-crit|p1a: Me\n|-damage|p1a: Me|27\/100\n|move|p1a: Me|Bulk Up|p1a: Me\n|-boost|p1a: Me|atk|1\n|-boost|p1a: Me|def|1\n|\n|-heal|p1a: Me|34\/100|[from] item: Leftovers\n|upkeep\n|turn|7\n|\n|t:|1699743668\n|move|p2a: Veluza|Night Slash|p1a: Me\n|-crit|p1a: Me\n|-damage|p1a: Me|0 fnt\n|faint|p1a: Me\n|\n|upkeep\n|\n|t:|1699743674\n|switch|p1a: The second plane|Tropius, F|100\/100\n|turn|8\n|\n|t:|1699743700\n|move|p2a: Veluza|Night Slash|p1a: The second plane\n|-damage|p1a: The second plane|50\/100\n|-enditem|p1a: The second plane|Sitrus Berry|[eat]\n|-heal|p1a: The second plane|75\/100|[from] item: Sitrus Berry\n|move|p1a: The second plane|Leech Seed|p2a: Veluza\n|-start|p2a: Veluza|move: Leech Seed\n|\n|-damage|p2a: Veluza|88\/100|[from] Leech Seed|[of] p1a: The second plane\n|-heal|p1a: The second plane|85\/100|[silent]\n|upkeep\n|turn|9\n|\n|t:|1699743710\n|move|p2a: Veluza|Night Slash|p1a: The second plane\n|-crit|p1a: The second plane\n|-damage|p1a: The second plane|10\/100\n|move|p1a: The second plane|Sunny Day|p1a: The second plane\n|-weather|SunnyDay\n|\n|-weather|SunnyDay|[upkeep]\n|-damage|p2a: Veluza|76\/100|[from] Leech Seed|[of] p1a: The second plane\n|-heal|p1a: The second plane|20\/100|[silent]\n|-item|p1a: The second plane|Sitrus Berry|[from] ability: Harvest\n|upkeep\n|-enditem|p1a: The second plane|Sitrus Berry|[eat]\n|-heal|p1a: The second plane|45\/100|[from] item: Sitrus Berry\n|turn|10\n|\n|t:|1699743723\n|move|p1a: The second plane|Protect|p1a: The second plane\n|-singleturn|p1a: The second plane|Protect\n|move|p2a: Veluza|Night Slash|p1a: The second plane\n|-activate|p1a: The second plane|move: Protect\n|\n|-weather|SunnyDay|[upkeep]\n|-damage|p2a: Veluza|63\/100|[from] Leech Seed|[of] p1a: The second plane\n|-heal|p1a: The second plane|55\/100|[silent]\n|-item|p1a: The second plane|Sitrus Berry|[from] ability: Harvest\n|upkeep\n|turn|11\n|inactive|ffghhuu has 90 seconds left.\n|\n|t:|1699743745\n|move|p2a: Veluza|Night Slash|p1a: The second plane\n|-crit|p1a: The second plane\n|-damage|p1a: The second plane|0 fnt\n|faint|p1a: The second plane\n|\n|-weather|SunnyDay|[upkeep]\n|upkeep\n|c|\u2606Mimikyutale|Fuck I tried to play around the crit\n|\n|t:|1699743757\n|switch|p1a: The first plane|Dragapult, F|100\/100\n|turn|12\n|inactive|ffghhuu has 90 seconds left.\n|\n|t:|1699743768\n|-terastallize|p1a: The first plane|Steel\n|move|p1a: The first plane|Dragon Dance|p1a: The first plane\n|-boost|p1a: The first plane|atk|1\n|-boost|p1a: The first plane|spe|1\n|move|p2a: Veluza|Night Slash|p1a: The first plane\n|-damage|p1a: The first plane|40\/100\n|\n|-weather|SunnyDay|[upkeep]\n|-heal|p1a: The first plane|46\/100|[from] item: Leftovers\n|-damage|p2a: Veluza|51\/100|[from] Leech Seed|[of] p1a: The first plane\n|-heal|p1a: The first plane|57\/100|[silent]\n|upkeep\n|turn|13\n|inactive|ffghhuu has 90 seconds left.\n|\n|t:|1699743781\n|move|p1a: The first plane|Dragon Darts|p2a: Veluza\n|-damage|p2a: Veluza|6\/100\n|-anim|p1a: The first plane|Dragon Darts|p2a: Veluza\n|-damage|p2a: Veluza|0 fnt\n|faint|p2a: Veluza\n|\n|-weather|none\n|-heal|p1a: The first plane|63\/100|[from] item: Leftovers\n|upkeep\n|inactive|ffghhuu has 90 seconds left.\n|\n|t:|1699743792\n|switch|p2a: Ceruledge|Ceruledge, M|100\/100\n|turn|14\n|inactive|ffghhuu has 90 seconds left.\n|\n|t:|1699743798\n|move|p1a: The first plane|Dragon Darts|p2a: Ceruledge\n|-damage|p2a: Ceruledge|61\/100\n|-anim|p1a: The first plane|Dragon Darts|p2a: Ceruledge\n|-damage|p2a: Ceruledge|20\/100\n|move|p2a: Ceruledge|Shadow Claw|p1a: The first plane\n|-damage|p1a: The first plane|16\/100\n|-heal|p2a: Ceruledge|27\/100|[from] item: Shell Bell|[of] p1a: The first plane\n|\n|-heal|p1a: The first plane|22\/100|[from] item: Leftovers\n|upkeep\n|turn|15\n|c|\u2606Mimikyutale|damn\n|inactive|ffghhuu has 90 seconds left.\n|c|\u2606Mimikyutale|wait no butter blade?\n|c|\u2606Mimikyutale|bitter\n|\n|t:|1699743816\n|move|p1a: The first plane|Dragon Darts|p2a: Ceruledge\n|-damage|p2a: Ceruledge|0 fnt\n|faint|p2a: Ceruledge\n|\n|-heal|p1a: The first plane|28\/100|[from] item: Leftovers\n|upkeep\n|inactive|ffghhuu has 90 seconds left.\n|\n|t:|1699743845\n|switch|p2a: Arboliva|Arboliva, M|100\/100\n|turn|16\n|\n|t:|1699743860\n|move|p1a: The first plane|Substitute|p1a: The first plane\n|-start|p1a: The first plane|Substitute\n|-damage|p1a: The first plane|3\/100\n|move|p2a: Arboliva|Sunny Day|p2a: Arboliva\n|-weather|SunnyDay\n|\n|-weather|SunnyDay|[upkeep]\n|-heal|p1a: The first plane|9\/100|[from] item: Leftovers\n|upkeep\n|turn|17\n|\n|t:|1699743870\n|move|p1a: The first plane|Dragon Dance|p1a: The first plane\n|-boost|p1a: The first plane|atk|1\n|-boost|p1a: The first plane|spe|1\n|move|p2a: Arboliva|Giga Drain|p1a: The first plane\n|-resisted|p1a: The first plane\n|-activate|p1a: The first plane|move: Substitute|[damage]\n|\n|-weather|SunnyDay|[upkeep]\n|-heal|p1a: The first plane|15\/100|[from] item: Leftovers\n|upkeep\n|turn|18\n|\n|t:|1699743882\n|move|p1a: The first plane|Dragon Dance|p1a: The first plane\n|-boost|p1a: The first plane|atk|1\n|-boost|p1a: The first plane|spe|1\n|move|p2a: Arboliva|Weather Ball|p1a: The first plane\n|-supereffective|p1a: The first plane\n|-end|p1a: The first plane|Substitute\n|\n|-weather|SunnyDay|[upkeep]\n|-heal|p1a: The first plane|21\/100|[from] item: Leftovers\n|upkeep\n|turn|19\n|\n|t:|1699743893\n|move|p1a: The first plane|Dragon Darts|p2a: Arboliva\n|-damage|p2a: Arboliva|55\/100\n|-anim|p1a: The first plane|Dragon Darts|p2a: Arboliva\n|-damage|p2a: Arboliva|10\/100\n|-enditem|p2a: Arboliva|Sitrus Berry|[eat]\n|-heal|p2a: Arboliva|35\/100|[from] item: Sitrus Berry\n|move|p2a: Arboliva|Weather Ball|p1a: The first plane\n|-supereffective|p1a: The first plane\n|-damage|p1a: The first plane|0 fnt\n|faint|p1a: The first plane\n|\n|-weather|SunnyDay|[upkeep]\n|-item|p2a: Arboliva|Sitrus Berry|[from] ability: Harvest\n|upkeep\n|-enditem|p2a: Arboliva|Sitrus Berry|[eat]\n|-heal|p2a: Arboliva|60\/100|[from] item: Sitrus Berry\n|c|\u2606Mimikyutale|damn\n|\n|t:|1699743907\n|switch|p1a: Birb|Corviknight, F|100\/100\n|-ability|p1a: Birb|Pressure\n|turn|20\n|inactive|ffghhuu has 90 seconds left.\n|\n|t:|1699743912\n|move|p1a: Birb|Brave Bird|p2a: Arboliva\n|-supereffective|p2a: Arboliva\n|-damage|p2a: Arboliva|0 fnt\n|faint|p2a: Arboliva\n|-damage|p1a: Birb|83\/100|[from] Recoil\n|\n|-weather|none\n|-heal|p1a: Birb|89\/100|[from] item: Leftovers\n|upkeep\n|inactive|ffghhuu has 90 seconds left.\n|c|\u2606Mimikyutale|I love harvest it's so funny\n|\n|t:|1699743923\n|switch|p2a: Abomasnow|Abomasnow, F|100\/100\n|-weather|Snow|[from] ability: Snow Warning|[of] p2a: Abomasnow\n|turn|21\n|inactive|ffghhuu has 90 seconds left.\n|\n|t:|1699743934\n|move|p2a: Abomasnow|Ice Spinner|p1a: Birb\n|-damage|p1a: Birb|66\/100\n|move|p1a: Birb|Brave Bird|p2a: Abomasnow\n|-supereffective|p2a: Abomasnow\n|-damage|p2a: Abomasnow|38\/100\n|-damage|p1a: Birb|49\/100|[from] Recoil\n|\n|-weather|Snow|[upkeep]\n|-heal|p1a: Birb|55\/100|[from] item: Leftovers\n|upkeep\n|turn|22\n|inactive|ffghhuu has 90 seconds left.\n|\n|t:|1699743948\n|move|p2a: Abomasnow|Brick Break|p1a: Birb\n|-damage|p1a: Birb|41\/100\n|move|p1a: Birb|Brave Bird|p2a: Abomasnow\n|-supereffective|p2a: Abomasnow\n|-damage|p2a: Abomasnow|0 fnt\n|faint|p2a: Abomasnow\n|-damage|p1a: Birb|31\/100|[from] Recoil\n|\n|win|Mimikyutale\n|raw|Mimikyutale's rating: 1143 &rarr; <strong>1161<\/strong><br \/>(+18 for winning)\n|raw|ffghhuu's rating: 1043 &rarr; <strong>1031<\/strong><br \/>(-12 for losing)\n|c|\u2606Mimikyutale|gg\n|l|\u2606Mimikyutale\n|l|\u2606ffghhuu\n|j|\u2606ffghhuu\n|player|p2|ffghhuu|2\n","uploadtime":1699744062,"views":8,"p1id":"mimikyutale","p2id":"ffghhuu","formatid":"gen9anythinggoes","rating":1031,"private":0,"password":""}