{"id":"gen9anythinggoes-1978149222","p1":"AvaIWillWinYou","p2":"NDAG was banned","format":"[Gen 9] Anything Goes","log":"|j|\u2606AvaIWillWinYou\n|j|\u2606NDAG was banned\n|t:|1698505355\n|gametype|singles\n|player|p1|AvaIWillWinYou|cynthia|1568\n|player|p2|NDAG was banned|lillie-masters|1784\n|teamsize|p1|6\n|teamsize|p2|6\n|gen|9\n|tier|[Gen 9] Anything Goes\n|rated|\n|rule|HP Percentage Mod: HP is shown in percentages\n|rule|Endless Battle Clause: Forcing endless battles is banned\n|clearpoke\n|poke|p1|Calyrex-Shadow|\n|poke|p1|Ditto|\n|poke|p1|Kyogre|\n|poke|p1|Ribombee, F|\n|poke|p1|Koraidon|\n|poke|p1|Regieleki|\n|poke|p2|Calyrex-Shadow|\n|poke|p2|Arceus-Ground|\n|poke|p2|Zoroark-Hisui, M|\n|poke|p2|Arceus|\n|poke|p2|Zacian-*|\n|poke|p2|Koraidon|\n|teampreview\n|inactive|Battle timer is ON: inactive players will automatically lose when time's up. (requested by AvaIWillWinYou)\n|\n|t:|1698505369\n|start\n|switch|p1a: Ribombee|Ribombee, F|100\/100\n|switch|p2a: Arceus|Arceus-Ground|100\/100\n|turn|1\n|\n|t:|1698505387\n|move|p1a: Ribombee|Sticky Web|p2a: Arceus\n|-sidestart|p2: NDAG was banned|move: Sticky Web\n|move|p2a: Arceus|Taunt|p1a: Ribombee\n|-start|p1a: Ribombee|move: Taunt\n|\n|upkeep\n|turn|2\n|\n|t:|1698505394\n|move|p1a: Ribombee|Moonblast|p2a: Arceus\n|-damage|p2a: Arceus|70\/100\n|move|p2a: Arceus|Stealth Rock|p1a: Ribombee\n|-sidestart|p1: AvaIWillWinYou|move: Stealth Rock\n|\n|upkeep\n|turn|3\n|\n|t:|1698505404\n|move|p1a: Ribombee|Moonblast|p2a: Arceus\n|-crit|p2a: Arceus\n|-damage|p2a: Arceus|28\/100\n|move|p2a: Arceus|Judgment|p1a: Ribombee\n|-resisted|p1a: Ribombee\n|-damage|p1a: Ribombee|51\/100\n|\n|upkeep\n|turn|4\n|\n|t:|1698505433\n|move|p1a: Ribombee|Moonblast|p2a: Arceus\n|-damage|p2a: Arceus|0 fnt\n|faint|p2a: Arceus\n|\n|-end|p1a: Ribombee|move: Taunt\n|upkeep\n|\n|t:|1698505436\n|switch|p2a: Calyrex|Calyrex-Shadow|100\/100\n|-ability|p2a: Calyrex|As One\n|-ability|p2a: Calyrex|Unnerve\n|-activate|p2a: Calyrex|move: Sticky Web\n|-unboost|p2a: Calyrex|spe|1\n|turn|5\n|\n|t:|1698505445\n|move|p2a: Calyrex|Astral Barrage|p1a: Ribombee\n|-damage|p1a: Ribombee|0 fnt\n|faint|p1a: Ribombee\n|-ability|p2a: Calyrex|Grim Neigh|boost\n|-boost|p2a: Calyrex|spa|1\n|\n|upkeep\n|\n|t:|1698505450\n|switch|p1a: Yellow Butt|Regieleki|100\/100\n|-damage|p1a: Yellow Butt|88\/100|[from] Stealth Rock\n|turn|6\n|inactive|NDAG was banned has 120 seconds left.\n|\n|t:|1698505488\n|switch|p1a: eee|Koraidon|100\/100\n|-damage|p1a: eee|94\/100|[from] Stealth Rock\n|-weather|SunnyDay|[from] ability: Orichalcum Pulse|[of] p1a: eee\n|-activate|p1a: eee|Orichalcum Pulse|[source]\n|move|p2a: Calyrex|Astral Barrage|p1a: eee\n|-damage|p1a: eee|0 fnt\n|faint|p1a: eee\n|-ability|p2a: Calyrex|Grim Neigh|boost\n|-boost|p2a: Calyrex|spa|1\n|\n|-weather|SunnyDay|[upkeep]\n|upkeep\n|\n|t:|1698505504\n|switch|p1a: Calyrex|Calyrex-Shadow|100\/100\n|-ability|p1a: Calyrex|As One\n|-ability|p1a: Calyrex|Unnerve\n|-damage|p1a: Calyrex|88\/100|[from] Stealth Rock\n|turn|7\n|inactive|NDAG was banned has 120 seconds left.\n|\n|t:|1698505521\n|switch|p2a: Arceus|Arceus|100\/100\n|move|p1a: Calyrex|Dark Pulse|p2a: Arceus\n|-damage|p2a: Arceus|76\/100\n|\n|-weather|SunnyDay|[upkeep]\n|upkeep\n|turn|8\n|\n|t:|1698505532\n|switch|p1a: Yellow Butt|Regieleki|88\/100\n|-damage|p1a: Yellow Butt|76\/100|[from] Stealth Rock\n|move|p2a: Arceus|Shadow Claw|p1a: Yellow Butt\n|-damage|p1a: Yellow Butt|25\/100\n|\n|-weather|SunnyDay|[upkeep]\n|upkeep\n|turn|9\n|\n|t:|1698505537\n|move|p2a: Arceus|Extreme Speed|p1a: Yellow Butt\n|-damage|p1a: Yellow Butt|0 fnt\n|faint|p1a: Yellow Butt\n|\n|-weather|SunnyDay|[upkeep]\n|upkeep\n|\n|t:|1698505563\n|switch|p1a: Kyogre|Kyogre|100\/100\n|-damage|p1a: Kyogre|88\/100|[from] Stealth Rock\n|-weather|RainDance|[from] ability: Drizzle|[of] p1a: Kyogre\n|turn|10\n|inactive|AvaIWillWinYou has 120 seconds left.\n|\n|t:|1698505589\n|move|p1a: Kyogre|Water Spout|p2a: Arceus\n|-damage|p2a: Arceus|0 fnt\n|faint|p2a: Arceus\n|\n|-weather|RainDance|[upkeep]\n|upkeep\n|\n|t:|1698505593\n|switch|p2a: Koraidon|Koraidon|100\/100\n|-activate|p2a: Koraidon|move: Sticky Web\n|-unboost|p2a: Koraidon|spe|1\n|-weather|SunnyDay|[from] ability: Orichalcum Pulse|[of] p2a: Koraidon\n|-activate|p2a: Koraidon|Orichalcum Pulse|[source]\n|turn|11\n|inactive|AvaIWillWinYou has 120 seconds left.\n|\n|t:|1698505606\n|switch|p1a: Calyrex|Calyrex-Shadow|88\/100\n|-ability|p1a: Calyrex|As One\n|-ability|p1a: Calyrex|Unnerve\n|-damage|p1a: Calyrex|76\/100|[from] Stealth Rock\n|move|p2a: Koraidon|Close Combat|p1a: Calyrex\n|-immune|p1a: Calyrex\n|\n|-weather|SunnyDay|[upkeep]\n|upkeep\n|turn|12\n|inactive|AvaIWillWinYou has 120 seconds left.\n|\n|t:|1698505618\n|move|p1a: Calyrex|Psyshock|p2a: Koraidon\n|-supereffective|p2a: Koraidon\n|-damage|p2a: Koraidon|11\/100\n|move|p2a: Koraidon|Flare Blitz|p1a: Calyrex\n|-damage|p1a: Calyrex|0 fnt\n|faint|p1a: Calyrex\n|-damage|p2a: Koraidon|0 fnt|[from] Recoil\n|faint|p2a: Koraidon\n|\n|-weather|SunnyDay|[upkeep]\n|upkeep\n|inactive|AvaIWillWinYou has 120 seconds left.\n|\n|t:|1698505642\n|switch|p1a: Kyogre|Kyogre|88\/100\n|switch|p2a: Calyrex|Calyrex-Shadow|100\/100\n|-ability|p2a: Calyrex|As One\n|-ability|p2a: Calyrex|Unnerve\n|-activate|p2a: Calyrex|move: Sticky Web\n|-unboost|p2a: Calyrex|spe|1\n|-damage|p1a: Kyogre|76\/100|[from] Stealth Rock\n|-weather|RainDance|[from] ability: Drizzle|[of] p1a: Kyogre\n|turn|13\n|\n|t:|1698505648\n|-terastallize|p2a: Calyrex|Grass\n|move|p2a: Calyrex|Grass Knot|p1a: Kyogre\n|-supereffective|p1a: Kyogre\n|-damage|p1a: Kyogre|0 fnt\n|faint|p1a: Kyogre\n|-ability|p2a: Calyrex|Grim Neigh|boost\n|-boost|p2a: Calyrex|spa|1\n|\n|-weather|RainDance|[upkeep]\n|upkeep\n|\n|t:|1698505653\n|switch|p1a: Ditto|Ditto|100\/100\n|-damage|p1a: Ditto|88\/100|[from] Stealth Rock\n|-transform|p1a: Ditto|p2a: Calyrex|[from] ability: Imposter\n|-start|p1a: Ditto|typechange|Psychic\/Ghost|[silent]\n|turn|14\n|\n|t:|1698505662\n|-terastallize|p1a: Ditto|Normal\n|move|p2a: Calyrex|Grass Knot|p1a: Ditto\n|-damage|p1a: Ditto|0 fnt\n|faint|p1a: Ditto\n|\n|win|NDAG was banned\n|raw|AvaIWillWinYou's rating: 1568 &rarr; <strong>1559<\/strong><br \/>(-9 for losing)\n|raw|NDAG was banned's rating: 1784 &rarr; <strong>1793<\/strong><br \/>(+9 for winning)\n|l|\u2606AvaIWillWinYou\n|l|\u2606NDAG was banned\n","uploadtime":1698505770,"views":5,"p1id":"avaiwillwinyou","p2id":"ndagwasbanned","formatid":"gen9anythinggoes","rating":1559,"private":0,"password":""}