{"id":"gen9anythinggoes-1973164554","p1":"Kidhx","p2":"Lord Rekkuza","format":"[Gen 9] Anything Goes","log":"|j|\u2606Kidhx\n|j|\u2606Lord Rekkuza\n|t:|1697934774\n|gametype|singles\n|player|p1|Kidhx|hiker-gen4|1789\n|player|p2|Lord Rekkuza|alec-anime|1856\n|teamsize|p1|6\n|teamsize|p2|6\n|gen|9\n|tier|[Gen 9] Anything Goes\n|rated|\n|rule|HP Percentage Mod: HP is shown in percentages\n|rule|Endless Battle Clause: Forcing endless battles is banned\n|clearpoke\n|poke|p1|Koraidon|\n|poke|p1|Koraidon|\n|poke|p1|Calyrex-Shadow|\n|poke|p1|Zacian-*|\n|poke|p1|Landorus-Therian, M|\n|poke|p1|Ting-Lu|\n|poke|p2|Arceus|\n|poke|p2|Calyrex-Shadow|\n|poke|p2|Arceus-Ground|\n|poke|p2|Ditto|\n|poke|p2|Koraidon|\n|poke|p2|Arceus-Fairy|\n|teampreview\n|inactive|Battle timer is ON: inactive players will automatically lose when time's up. (requested by Kidhx)\n|\n|t:|1697934788\n|start\n|switch|p1a: Landorus|Landorus-Therian, M|100\/100\n|switch|p2a: Arceus|Arceus-Fairy|100\/100\n|-ability|p1a: Landorus|Intimidate|boost\n|-unboost|p2a: Arceus|atk|1\n|turn|1\n|\n|t:|1697934797\n|move|p2a: Arceus|Taunt|p1a: Landorus\n|-start|p1a: Landorus|move: Taunt\n|cant|p1a: Landorus|move: Taunt|Stealth Rock\n|\n|upkeep\n|turn|2\n|\n|t:|1697934802\n|move|p2a: Arceus|Stealth Rock|p1a: Landorus\n|-sidestart|p1: Kidhx|move: Stealth Rock\n|move|p1a: Landorus|U-turn|p2a: Arceus\n|-resisted|p2a: Arceus\n|-damage|p2a: Arceus|90\/100\n|\n|t:|1697934812\n|switch|p1a: Zacian|Zacian-Crowned, shiny|100\/100|[from] U-turn\n|-damage|p1a: Zacian|94\/100|[from] Stealth Rock\n|-ability|p1a: Zacian|Intrepid Sword|boost\n|-boost|p1a: Zacian|atk|1\n|\n|upkeep\n|turn|3\n|\n|t:|1697934826\n|move|p1a: Zacian|Behemoth Blade|p2a: Arceus\n|-supereffective|p2a: Arceus\n|-damage|p2a: Arceus|0 fnt\n|faint|p2a: Arceus\n|\n|upkeep\n|\n|t:|1697934840\n|switch|p2a: Calyrex|Calyrex-Shadow|100\/100\n|-ability|p2a: Calyrex|As One\n|-ability|p2a: Calyrex|Unnerve\n|turn|4\n|\n|t:|1697934850\n|-terastallize|p1a: Zacian|Dark\n|move|p2a: Calyrex|Astral Barrage|p1a: Zacian\n|-resisted|p1a: Zacian\n|-damage|p1a: Zacian|61\/100\n|move|p1a: Zacian|Crunch|p2a: Calyrex\n|-supereffective|p2a: Calyrex\n|-enditem|p2a: Calyrex|Focus Sash\n|-damage|p2a: Calyrex|1\/100\n|\n|upkeep\n|turn|5\n|\n|t:|1697934863\n|switch|p1a: Ting-Lu|Ting-Lu|100\/100\n|-ability|p1a: Ting-Lu|Vessel of Ruin\n|move|p2a: Calyrex|Grass Knot|p1a: Ting-Lu\n|-supereffective|p1a: Ting-Lu\n|-damage|p1a: Ting-Lu|56\/100\n|\n|upkeep\n|turn|6\n|\n|t:|1697934875\n|move|p2a: Calyrex|Nasty Plot|p2a: Calyrex\n|-boost|p2a: Calyrex|spa|2\n|move|p1a: Ting-Lu|Spikes|p2a: Calyrex\n|-sidestart|p2: Lord Rekkuza|Spikes\n|\n|upkeep\n|turn|7\n|\n|t:|1697934890\n|move|p2a: Calyrex|Baton Pass|p2a: Calyrex\n|\n|t:|1697934893\n|switch|p2a: Arceus|Arceus-Ground, shiny|100\/100|[from] Baton Pass\n|-damage|p2a: Arceus|88\/100|[from] Spikes\n|move|p1a: Ting-Lu|Whirlwind|p2a: Arceus\n|drag|p2a: Koraidon|Koraidon|100\/100\n|-damage|p2a: Koraidon|88\/100|[from] Spikes\n|-weather|SunnyDay|[from] ability: Orichalcum Pulse|[of] p2a: Koraidon\n|-activate|p2a: Koraidon|Orichalcum Pulse|[source]\n|\n|-weather|SunnyDay|[upkeep]\n|upkeep\n|turn|8\n|\n|t:|1697934908\n|switch|p1a: Landorus|Landorus-Therian, M|100\/100\n|-damage|p1a: Landorus|88\/100|[from] Stealth Rock\n|-ability|p1a: Landorus|Intimidate|boost\n|-unboost|p2a: Koraidon|atk|1\n|move|p2a: Koraidon|U-turn|p1a: Landorus\n|-resisted|p1a: Landorus\n|-damage|p1a: Landorus|79\/100\n|-damage|p2a: Koraidon|72\/100|[from] item: Rocky Helmet|[of] p1a: Landorus\n|\n|t:|1697934912\n|switch|p2a: Arceus|Arceus-Ground, shiny|88\/100|[from] U-turn\n|-damage|p2a: Arceus|76\/100|[from] Spikes\n|\n|-weather|SunnyDay|[upkeep]\n|upkeep\n|turn|9\n|\n|t:|1697934923\n|move|p2a: Arceus|Agility|p2a: Arceus\n|-boost|p2a: Arceus|spe|2\n|move|p1a: Landorus|Earthquake|p2a: Arceus\n|-damage|p2a: Arceus|33\/100\n|\n|-weather|SunnyDay|[upkeep]\n|upkeep\n|turn|10\n|\n|t:|1697934935\n|move|p2a: Arceus|Recover|p2a: Arceus\n|-heal|p2a: Arceus|83\/100\n|move|p1a: Landorus|U-turn|p2a: Arceus\n|-damage|p2a: Arceus|64\/100\n|\n|t:|1697934942\n|switch|p1a: Ting-Lu|Ting-Lu|56\/100|[from] U-turn\n|-ability|p1a: Ting-Lu|Vessel of Ruin\n|\n|-weather|SunnyDay|[upkeep]\n|upkeep\n|turn|11\n|\n|t:|1697934950\n|move|p2a: Arceus|Recover|p2a: Arceus\n|-heal|p2a: Arceus|100\/100\n|move|p1a: Ting-Lu|Whirlwind|p2a: Arceus\n|drag|p2a: Arceus|Arceus|100\/100\n|-damage|p2a: Arceus|88\/100|[from] Spikes\n|\n|-weather|none\n|-heal|p2a: Arceus|94\/100|[from] item: Leftovers\n|upkeep\n|turn|12\n|\n|t:|1697934963\n|move|p2a: Arceus|Extreme Speed|p1a: Ting-Lu\n|-damage|p1a: Ting-Lu|33\/100\n|move|p1a: Ting-Lu|Spikes|p2a: Arceus\n|-sidestart|p2: Lord Rekkuza|Spikes\n|\n|-heal|p2a: Arceus|100\/100|[from] item: Leftovers\n|upkeep\n|turn|13\n|\n|t:|1697934973\n|move|p2a: Arceus|Substitute|p2a: Arceus\n|-start|p2a: Arceus|Substitute\n|-damage|p2a: Arceus|76\/100\n|move|p1a: Ting-Lu|Whirlwind|p2a: Arceus\n|drag|p2a: Koraidon|Koraidon|72\/100\n|-damage|p2a: Koraidon|55\/100|[from] Spikes\n|-weather|SunnyDay|[from] ability: Orichalcum Pulse|[of] p2a: Koraidon\n|-activate|p2a: Koraidon|Orichalcum Pulse|[source]\n|\n|-weather|SunnyDay|[upkeep]\n|upkeep\n|turn|14\n|\n|t:|1697934986\n|move|p2a: Koraidon|Flare Blitz|p1a: Ting-Lu\n|-damage|p1a: Ting-Lu|0 fnt\n|faint|p1a: Ting-Lu\n|-damage|p2a: Koraidon|40\/100|[from] Recoil\n|\n|-weather|SunnyDay|[upkeep]\n|upkeep\n|\n|t:|1697935000\n|switch|p1a: Koraidon|Koraidon|100\/100\n|-damage|p1a: Koraidon|94\/100|[from] Stealth Rock\n|-activate|p1a: Koraidon|ability: Orichalcum Pulse\n|turn|15\n|\n|t:|1697935010\n|switch|p2a: Calyrex|Calyrex-Shadow|1\/100\n|-ability|p2a: Calyrex|As One\n|-ability|p2a: Calyrex|Unnerve\n|-damage|p2a: Calyrex|0 fnt|[from] Spikes\n|faint|p2a: Calyrex\n|move|p1a: Koraidon|Outrage|p2: Calyrex|[notarget]\n|-fail|p1a: Koraidon\n|\n|-weather|SunnyDay|[upkeep]\n|upkeep\n|\n|t:|1697935021\n|switch|p2a: Koraidon|Koraidon|40\/100\n|-damage|p2a: Koraidon|23\/100|[from] Spikes\n|-activate|p2a: Koraidon|ability: Orichalcum Pulse\n|turn|16\n|\n|t:|1697935032\n|switch|p1a: Landorus|Landorus-Therian, M|79\/100\n|-damage|p1a: Landorus|67\/100|[from] Stealth Rock\n|-ability|p1a: Landorus|Intimidate|boost\n|-unboost|p2a: Koraidon|atk|1\n|move|p2a: Koraidon|Outrage|p1a: Landorus\n|-damage|p1a: Landorus|15\/100\n|-damage|p2a: Koraidon|7\/100|[from] item: Rocky Helmet|[of] p1a: Landorus\n|\n|-weather|SunnyDay|[upkeep]\n|upkeep\n|turn|17\n|\n|t:|1697935050\n|switch|p1a: Zacian|Zacian-Crowned, shiny, tera:Dark|61\/100\n|-damage|p1a: Zacian|48\/100|[from] Stealth Rock\n|move|p2a: Koraidon|Outrage|p1a: Zacian|[from]lockedmove\n|-damage|p1a: Zacian|1\/100\n|-start|p2a: Koraidon|confusion|[fatigue]\n|\n|-weather|none\n|upkeep\n|turn|18\n|\n|t:|1697935074\n|-activate|p2a: Koraidon|confusion\n|-damage|p2a: Koraidon|0 fnt|[from] confusion\n|faint|p2a: Koraidon\n|move|p1a: Zacian|Behemoth Blade|p2: Koraidon|[notarget]\n|-fail|p1a: Zacian\n|\n|upkeep\n|l|\u2606Kidhx\n|inactive|Kidhx disconnected and has a minute to reconnect!\n|player|p1|\n|\n|t:|1697935103\n|switch|p2a: Arceus|Arceus-Ground, shiny|100\/100\n|-damage|p2a: Arceus|84\/100|[from] Spikes\n|turn|19\n|j|\u2606Kidhx\n|inactive|Kidhx reconnected and has 135 seconds left.\n|player|p1|Kidhx|hiker-gen4\n|\n|t:|1697935118\n|move|p1a: Zacian|Play Rough|p2a: Arceus\n|-damage|p2a: Arceus|49\/100\n|move|p2a: Arceus|Agility|p2a: Arceus\n|-boost|p2a: Arceus|spe|2\n|\n|upkeep\n|turn|20\n|\n|t:|1697935134\n|move|p2a: Arceus|Recover|p2a: Arceus\n|-heal|p2a: Arceus|99\/100\n|move|p1a: Zacian|Play Rough|p2a: Arceus|[miss]\n|-miss|p1a: Zacian|p2a: Arceus\n|\n|upkeep\n|turn|21\n|\n|t:|1697935141\n|move|p2a: Arceus|Judgment|p1a: Zacian\n|-damage|p1a: Zacian|0 fnt\n|faint|p1a: Zacian\n|\n|upkeep\n|\n|t:|1697935149\n|switch|p1a: Landorus|Landorus-Therian, M|15\/100\n|-damage|p1a: Landorus|3\/100|[from] Stealth Rock\n|-ability|p1a: Landorus|Intimidate|boost\n|-unboost|p2a: Arceus|atk|1\n|turn|22\n|\n|t:|1697935160\n|move|p2a: Arceus|Ice Beam|p1a: Landorus\n|-supereffective|p1a: Landorus\n|-damage|p1a: Landorus|0 fnt\n|faint|p1a: Landorus\n|\n|upkeep\n|inactive|Kidhx has 120 seconds left.\n|\n|t:|1697935180\n|switch|p1a: Calyrex|Calyrex-Shadow|100\/100\n|-ability|p1a: Calyrex|As One\n|-ability|p1a: Calyrex|Unnerve\n|-damage|p1a: Calyrex|88\/100|[from] Stealth Rock\n|turn|23\n|inactive|Kidhx has 120 seconds left.\n|\n|t:|1697935196\n|move|p2a: Arceus|Judgment|p1a: Calyrex\n|-damage|p1a: Calyrex|34\/100\n|move|p1a: Calyrex|Grass Knot|p2a: Arceus\n|-supereffective|p2a: Arceus\n|-damage|p2a: Arceus|29\/100\n|\n|upkeep\n|turn|24\n|inactive|Kidhx has 120 seconds left.\n|\n|t:|1697935203\n|move|p2a: Arceus|Judgment|p1a: Calyrex\n|-damage|p1a: Calyrex|0 fnt\n|faint|p1a: Calyrex\n|\n|upkeep\n|inactive|Kidhx has 120 seconds left.\n|\n|t:|1697935214\n|switch|p1a: Koraidon|Koraidon|100\/100\n|-damage|p1a: Koraidon|94\/100|[from] Stealth Rock\n|-weather|SunnyDay|[from] ability: Orichalcum Pulse|[of] p1a: Koraidon\n|-activate|p1a: Koraidon|Orichalcum Pulse|[source]\n|turn|25\n|inactive|Kidhx has 120 seconds left.\n|\n|t:|1697935236\n|move|p2a: Arceus|Judgment|p1a: Koraidon\n|-damage|p1a: Koraidon|36\/100\n|move|p1a: Koraidon|Collision Course|p2a: Arceus\n|-damage|p2a: Arceus|0 fnt\n|faint|p2a: Arceus\n|\n|-weather|SunnyDay|[upkeep]\n|upkeep\n|inactive|Lord Rekkuza has 120 seconds left.\n|l|\u2606Kidhx\n|inactive|Kidhx disconnected and has a minute to reconnect!\n|player|p1|\n|j|\u2606Kidhx\n|inactive|Kidhx reconnected.\n|player|p1|Kidhx|hiker-gen4\n|inactive|Lord Rekkuza has 90 seconds left.\n|inactive|Lord Rekkuza has 60 seconds left.\n|\n|t:|1697935328\n|switch|p2a: Ditto|Ditto|100\/100\n|-transform|p2a: Ditto|p1a: Koraidon|[from] ability: Imposter\n|-activate|p2a: Ditto|ability: Orichalcum Pulse\n|turn|26\n|inactive|Lord Rekkuza has 60 seconds left.\n|\n|t:|1697935340\n|move|p1a: Koraidon|Scale Shot|p2a: Ditto\n|-supereffective|p2a: Ditto\n|-damage|p2a: Ditto|66\/100\n|-supereffective|p2a: Ditto\n|-damage|p2a: Ditto|28\/100\n|-supereffective|p2a: Ditto\n|-damage|p2a: Ditto|0 fnt\n|faint|p2a: Ditto\n|-hitcount|p2: Ditto|3\n|-unboost|p1a: Koraidon|def|1\n|-boost|p1a: Koraidon|spe|1\n|\n|-weather|SunnyDay|[upkeep]\n|upkeep\n|inactive|Lord Rekkuza has 60 seconds left.\n|\n|t:|1697935347\n|switch|p2a: Arceus|Arceus|76\/100\n|-damage|p2a: Arceus|59\/100|[from] Spikes\n|turn|27\n|\n|t:|1697935356\n|move|p2a: Arceus|Extreme Speed|p1a: Koraidon\n|-damage|p1a: Koraidon|0 fnt\n|faint|p1a: Koraidon\n|\n|-weather|SunnyDay|[upkeep]\n|-heal|p2a: Arceus|65\/100|[from] item: Leftovers\n|upkeep\n|\n|t:|1697935364\n|switch|p1a: Koraidon|Koraidon|94\/100\n|-damage|p1a: Koraidon|88\/100|[from] Stealth Rock\n|-activate|p1a: Koraidon|ability: Orichalcum Pulse\n|turn|28\n|inactive|Kidhx has 120 seconds left.\n|\n|t:|1697935383\n|-terastallize|p2a: Arceus|Ghost\n|move|p1a: Koraidon|Flare Blitz|p2a: Arceus\n|-damage|p2a: Arceus|0 fnt\n|faint|p2a: Arceus\n|-damage|p1a: Koraidon|64\/100|[from] Recoil\n|\n|win|Kidhx\n|raw|Kidhx's rating: 1789 &rarr; <strong>1813<\/strong><br \/>(+24 for winning)\n|raw|Lord Rekkuza's rating: 1856 &rarr; <strong>1832<\/strong><br \/>(-24 for losing)\n|l|\u2606Lord Rekkuza\n|l|\u2606Kidhx\n|j|\u2606Kidhx\n|player|p1|Kidhx|hiker-gen4\n","uploadtime":1697935474,"views":17,"p1id":"kidhx","p2id":"lordrekkuza","formatid":"gen9anythinggoes","rating":1813,"private":0,"password":""}