{"id":"gen9anythinggoes-1997204000","p1":"LargeSmelly69","p2":"LittleColossus","format":"[Gen 9] Anything Goes","log":"|j|\u2606LargeSmelly69\n|j|\u2606LittleColossus\n|t:|1700775254\n|gametype|singles\n|player|p1|LargeSmelly69|102|1090\n|player|p2|LittleColossus|lusamine-nihilego|1000\n|teamsize|p1|6\n|teamsize|p2|6\n|gen|9\n|tier|[Gen 9] Anything Goes\n|rated|\n|rule|HP Percentage Mod: HP is shown in percentages\n|rule|Endless Battle Clause: Forcing endless battles is banned\n|clearpoke\n|poke|p1|Annihilape, M|\n|poke|p1|Lilligant-Hisui, L50, F|\n|poke|p1|Lilligant-Hisui, L50, F|\n|poke|p1|Darkrai|\n|poke|p1|Charizard, F|\n|poke|p1|Jirachi|\n|poke|p2|Ludicolo, F|\n|poke|p2|Ludicolo, F|\n|poke|p2|Ludicolo, F|\n|poke|p2|Ludicolo, F|\n|poke|p2|Ludicolo, F|\n|poke|p2|Kyogre|\n|teampreview\n|\n|t:|1700775264\n|start\n|switch|p1a: Annihilape|Annihilape, M|100\/100\n|switch|p2a: The Opening Act|Ludicolo, F|100\/100\n|turn|1\n|\n|t:|1700775272\n|move|p1a: Annihilape|Final Gambit|p2a: The Opening Act\n|-damage|p2a: The Opening Act|0 fnt\n|faint|p1a: Annihilape\n|faint|p2a: The Opening Act\n|\n|upkeep\n|\n|t:|1700775280\n|switch|p1a: Lilligant|Lilligant-Hisui, L50, F|100\/100\n|switch|p2a: The Director|Kyogre|100\/100\n|-weather|RainDance|[from] ability: Drizzle|[of] p2a: The Director\n|turn|2\n|\n|t:|1700775287\n|move|p2a: The Director|Ice Beam|p1a: Lilligant\n|-supereffective|p1a: Lilligant\n|-enditem|p1a: Lilligant|Focus Sash\n|-damage|p1a: Lilligant|1\/100\n|-status|p1a: Lilligant|frz\n|cant|p1a: Lilligant|frz\n|\n|-weather|RainDance|[upkeep]\n|upkeep\n|turn|3\n|\n|t:|1700775293\n|move|p2a: The Director|Ice Beam|p1a: Lilligant\n|-supereffective|p1a: Lilligant\n|-damage|p1a: Lilligant|0 fnt\n|faint|p1a: Lilligant\n|\n|-weather|RainDance|[upkeep]\n|upkeep\n|\n|t:|1700775297\n|switch|p1a: Lilligant|Lilligant-Hisui, L50, F|100\/100\n|turn|4\n|\n|t:|1700775300\n|move|p2a: The Director|Ice Beam|p1a: Lilligant\n|-supereffective|p1a: Lilligant\n|-enditem|p1a: Lilligant|Focus Sash\n|-damage|p1a: Lilligant|1\/100\n|move|p1a: Lilligant|Sleep Powder|p2a: The Director|[miss]\n|-miss|p1a: Lilligant|p2a: The Director\n|\n|-weather|RainDance|[upkeep]\n|upkeep\n|turn|5\n|\n|t:|1700775307\n|move|p2a: The Director|Ice Beam|p1a: Lilligant\n|-supereffective|p1a: Lilligant\n|-damage|p1a: Lilligant|0 fnt\n|faint|p1a: Lilligant\n|\n|-weather|RainDance|[upkeep]\n|upkeep\n|\n|t:|1700775310\n|switch|p1a: Darkrai|Darkrai|100\/100\n|turn|6\n|\n|t:|1700775324\n|switch|p2a: Backup Dancer #1|Ludicolo, F|100\/100\n|-terastallize|p1a: Darkrai|Dark\n|move|p1a: Darkrai|Nasty Plot|p1a: Darkrai\n|-boost|p1a: Darkrai|spa|2\n|\n|-weather|RainDance|[upkeep]\n|upkeep\n|turn|7\n|\n|t:|1700775335\n|move|p1a: Darkrai|Dark Pulse|p2a: Backup Dancer #1\n|-damage|p2a: Backup Dancer #1|15\/100\n|move|p2a: Backup Dancer #1|Encore|p1a: Darkrai\n|-start|p1a: Darkrai|Encore\n|\n|-weather|RainDance|[upkeep]\n|-heal|p2a: Backup Dancer #1|21\/100|[from] ability: Rain Dish\n|-heal|p2a: Backup Dancer #1|27\/100|[from] item: Leftovers\n|upkeep\n|turn|8\n|\n|t:|1700775345\n|move|p1a: Darkrai|Dark Pulse|p2a: Backup Dancer #1\n|-damage|p2a: Backup Dancer #1|0 fnt\n|faint|p2a: Backup Dancer #1\n|\n|-weather|RainDance|[upkeep]\n|upkeep\n|\n|t:|1700775355\n|switch|p2a: The Prodigy|Ludicolo, F|100\/100\n|turn|9\n|\n|t:|1700775360\n|move|p2a: The Prodigy|Waterfall|p1a: Darkrai\n|-damage|p1a: Darkrai|41\/100\n|move|p1a: Darkrai|Dark Pulse|p2a: The Prodigy\n|-enditem|p2a: The Prodigy|Focus Sash\n|-damage|p2a: The Prodigy|1\/100\n|\n|-weather|none\n|-heal|p1a: Darkrai|47\/100|[from] item: Leftovers\n|upkeep\n|turn|10\n|\n|t:|1700775369\n|move|p1a: Darkrai|Dark Pulse|p2a: The Prodigy\n|-damage|p2a: The Prodigy|0 fnt\n|faint|p2a: The Prodigy\n|\n|-heal|p1a: Darkrai|53\/100|[from] item: Leftovers\n|-end|p1a: Darkrai|Encore\n|upkeep\n|\n|t:|1700775373\n|switch|p2a: The Director|Kyogre|100\/100\n|-weather|RainDance|[from] ability: Drizzle|[of] p2a: The Director\n|turn|11\n|\n|t:|1700775377\n|move|p1a: Darkrai|Dark Pulse|p2a: The Director\n|-damage|p2a: The Director|8\/100\n|move|p2a: The Director|Origin Pulse|p1a: Darkrai\n|-damage|p1a: Darkrai|0 fnt\n|faint|p1a: Darkrai\n|\n|-weather|RainDance|[upkeep]\n|upkeep\n|\n|t:|1700775384\n|switch|p1a: Charizard|Charizard, F|100\/100\n|turn|12\n|\n|t:|1700775391\n|switch|p2a: Backup Dancer #2|Ludicolo, F|100\/100\n|move|p1a: Charizard|Substitute|p1a: Charizard\n|-start|p1a: Charizard|Substitute\n|-damage|p1a: Charizard|76\/100\n|\n|-weather|RainDance|[upkeep]\n|upkeep\n|turn|13\n|\n|t:|1700775398\n|move|p1a: Charizard|Belly Drum|p1a: Charizard\n|-damage|p1a: Charizard|26\/100\n|-setboost|p1a: Charizard|atk|6|[from] move: Belly Drum\n|-enditem|p1a: Charizard|Sitrus Berry|[eat]\n|-heal|p1a: Charizard|50\/100|[from] item: Sitrus Berry\n|move|p2a: Backup Dancer #2|Encore|p1a: Charizard\n|-start|p1a: Charizard|Encore\n|\n|-weather|RainDance|[upkeep]\n|upkeep\n|turn|14\n|\n|t:|1700775408\n|switch|p2a: The Lead|Ludicolo, F|100\/100\n|move|p1a: Charizard|Belly Drum||[still]\n|-fail|p1a: Charizard\n|\n|-weather|RainDance|[upkeep]\n|upkeep\n|turn|15\n|\n|t:|1700775411\n|move|p2a: The Lead|Surf|p1a: Charizard\n|-supereffective|p1a: Charizard\n|-end|p1a: Charizard|Substitute\n|-damage|p2a: The Lead|91\/100|[from] item: Life Orb\n|move|p1a: Charizard|Belly Drum||[still]\n|-fail|p1a: Charizard\n|\n|-weather|RainDance|[upkeep]\n|upkeep\n|turn|16\n|\n|t:|1700775417\n|move|p2a: The Lead|Surf|p1a: Charizard\n|-supereffective|p1a: Charizard\n|-damage|p1a: Charizard|0 fnt\n|faint|p1a: Charizard\n|-damage|p2a: The Lead|81\/100|[from] item: Life Orb\n|\n|-weather|RainDance|[upkeep]\n|upkeep\n|\n|t:|1700775419\n|switch|p1a: Jirachi|Jirachi|100\/100\n|turn|17\n|\n|t:|1700775425\n|move|p2a: The Lead|Surf|p1a: Jirachi\n|-damage|p1a: Jirachi|34\/100\n|-damage|p2a: The Lead|71\/100|[from] item: Life Orb\n|move|p1a: Jirachi|Substitute|p1a: Jirachi\n|-start|p1a: Jirachi|Substitute\n|-damage|p1a: Jirachi|9\/100\n|\n|-weather|RainDance|[upkeep]\n|-heal|p1a: Jirachi|15\/100|[from] item: Leftovers\n|upkeep\n|turn|18\n|\n|t:|1700775437\n|move|p2a: The Lead|Surf|p1a: Jirachi\n|-end|p1a: Jirachi|Substitute\n|-damage|p2a: The Lead|61\/100|[from] item: Life Orb\n|move|p1a: Jirachi|Charge Beam|p2a: The Lead\n|-damage|p2a: The Lead|45\/100\n|-boost|p1a: Jirachi|spa|1\n|\n|-weather|none\n|-heal|p1a: Jirachi|21\/100|[from] item: Leftovers\n|upkeep\n|turn|19\n|\n|t:|1700775446\n|switch|p2a: The Director|Kyogre|8\/100\n|-weather|RainDance|[from] ability: Drizzle|[of] p2a: The Director\n|move|p1a: Jirachi|Iron Head|p2a: The Director\n|-resisted|p2a: The Director\n|-damage|p2a: The Director|0 fnt\n|faint|p2a: The Director\n|\n|-weather|RainDance|[upkeep]\n|-heal|p1a: Jirachi|27\/100|[from] item: Leftovers\n|upkeep\n|\n|t:|1700775452\n|switch|p2a: The Lead|Ludicolo, F|45\/100\n|turn|20\n|\n|t:|1700775457\n|move|p2a: The Lead|Surf|p1a: Jirachi\n|-damage|p1a: Jirachi|0 fnt\n|faint|p1a: Jirachi\n|-damage|p2a: The Lead|35\/100|[from] item: Life Orb\n|\n|win|LittleColossus\n|raw|LargeSmelly69's rating: 1090 &rarr; <strong>1061<\/strong><br \/>(-29 for losing)\n|raw|LittleColossus's rating: 1000 &rarr; <strong>1050<\/strong><br \/>(+50 for winning)\n|c|\u2606LittleColossus|Gg\n|l|\u2606LargeSmelly69\n","uploadtime":1700775472,"views":2,"p1id":"largesmelly69","p2id":"littlecolossus","formatid":"gen9anythinggoes","rating":1050,"private":0,"password":""}