{"id":"gen9anythinggoes-1977044295","p1":"Keion de goat","p2":"erictheeel","format":"[Gen 9] Anything Goes","log":"|j|\u2606Keion de goat\n|j|\u2606erictheeel\n|t:|1698365240\n|gametype|singles\n|player|p1|Keion de goat|lance|1168\n|player|p2|erictheeel|266|1130\n|teamsize|p1|6\n|teamsize|p2|6\n|gen|9\n|tier|[Gen 9] Anything Goes\n|rated|\n|rule|HP Percentage Mod: HP is shown in percentages\n|rule|Endless Battle Clause: Forcing endless battles is banned\n|clearpoke\n|poke|p1|Iron Valiant|\n|poke|p1|Mewtwo|\n|poke|p1|Dragonite, M|\n|poke|p1|Sneasler, M|\n|poke|p1|Gliscor, M|\n|poke|p1|Dragapult, M|\n|poke|p2|Zacian-*|\n|poke|p2|Zacian-*|\n|poke|p2|Zacian-*|\n|poke|p2|Zacian-*|\n|poke|p2|Zacian-*|\n|poke|p2|Zacian-*|\n|teampreview\n|\n|t:|1698365249\n|start\n|switch|p1a: Dragonite|Dragonite, M|100\/100\n|switch|p2a: johnny|Zacian-Crowned|100\/100\n|-ability|p2a: johnny|Intrepid Sword|boost\n|-boost|p2a: johnny|atk|1\n|turn|1\n|\n|t:|1698365258\n|move|p2a: johnny|Play Rough|p1a: Dragonite\n|-supereffective|p1a: Dragonite\n|-damage|p1a: Dragonite|0 fnt\n|faint|p1a: Dragonite\n|\n|upkeep\n|c|\u2606Keion de goat|!weakness zacian-crowned\n|c| Keion de goat|\/raw <div class=\"infobox\">Zacian-Crowned (ignoring abilities):<br \/><span class=\"message-effect-weak\">Weaknesses<\/span>: Fire, Ground<br \/><span class=\"message-effect-resist\">Resistances<\/span>: <b>Bug<\/b>, Dark, Fairy, Flying, Grass, Ice, Normal, Psychic, Rock<br \/><span class=\"message-effect-immune\">Immunities<\/span>: Dragon, Poison, Sandstorm damage, Toxic<\/div>\n|\n|t:|1698365270\n|switch|p1a: Mewtwo|Mewtwo|100\/100\n|-ability|p1a: Mewtwo|Pressure\n|turn|2\n|\n|t:|1698365276\n|move|p2a: johnny|Crunch|p1a: Mewtwo\n|-supereffective|p1a: Mewtwo\n|-damage|p1a: Mewtwo|10\/100\n|move|p1a: Mewtwo|Flamethrower|p2a: johnny\n|-supereffective|p2a: johnny\n|-damage|p2a: johnny|38\/100\n|\n|upkeep\n|turn|3\n|\n|t:|1698365284\n|move|p2a: johnny|Crunch|p1a: Mewtwo\n|-supereffective|p1a: Mewtwo\n|-damage|p1a: Mewtwo|0 fnt\n|faint|p1a: Mewtwo\n|\n|upkeep\n|\n|t:|1698365288\n|switch|p1a: Sneasler|Sneasler, M|100\/100\n|-ability|p1a: Sneasler|Pressure\n|turn|4\n|\n|t:|1698365304\n|move|p1a: Sneasler|Fake Out|p2a: johnny\n|-resisted|p2a: johnny\n|-damage|p2a: johnny|31\/100\n|cant|p2a: johnny|flinch\n|\n|upkeep\n|turn|5\n|c|\u2606erictheeel|you dont wanna see my dark side bud\n|\n|t:|1698365344\n|move|p2a: johnny|Play Rough|p1a: Sneasler\n|-damage|p1a: Sneasler|0 fnt\n|faint|p1a: Sneasler\n|\n|upkeep\n|c|\u2606Keion de goat|cringe?\n|c|\u2606erictheeel|listen here buddy\n|\n|t:|1698365364\n|switch|p1a: Iron Valiant|Iron Valiant|100\/100\n|turn|6\n|\n|t:|1698365376\n|move|p2a: johnny|Play Rough|p1a: Iron Valiant\n|-supereffective|p1a: Iron Valiant\n|-damage|p1a: Iron Valiant|0 fnt\n|faint|p1a: Iron Valiant\n|-end|p1a: Iron Valiant|Quark Drive|[silent]\n|\n|upkeep\n|\n|t:|1698365379\n|switch|p1a: Dragapult|Dragapult, M, shiny|100\/100\n|turn|7\n|\n|t:|1698365384\n|move|p1a: Dragapult|Sucker Punch|p2a: johnny\n|-resisted|p2a: johnny\n|-damage|p2a: johnny|20\/100\n|move|p2a: johnny|Play Rough|p1a: Dragapult\n|-supereffective|p1a: Dragapult\n|-damage|p1a: Dragapult|0 fnt\n|faint|p1a: Dragapult\n|\n|upkeep\n|\n|t:|1698365387\n|switch|p1a: Gliscor|Gliscor, M, shiny|100\/100\n|turn|8\n|c|\u2606erictheeel|we can do this the easy way or the hard way\n|n|\u203dKeion de goat|keiondegoat\n|c|\u2606erictheeel|quit\n|\n|t:|1698365421\n|move|p2a: johnny|Crunch|p1a: Gliscor\n|-damage|p1a: Gliscor|54\/100\n|-unboost|p1a: Gliscor|def|1\n|move|p1a: Gliscor|Earthquake|p2a: johnny\n|-supereffective|p2a: johnny\n|-damage|p2a: johnny|0 fnt\n|faint|p2a: johnny\n|\n|-status|p1a: Gliscor|tox|[from] item: Toxic Orb\n|upkeep\n|\n|t:|1698365431\n|switch|p2a: Zacian|Zacian-Crowned|100\/100\n|-ability|p2a: Zacian|Intrepid Sword|boost\n|-boost|p2a: Zacian|atk|1\n|turn|9\n|c|\u2606erictheeel|ill give you one last chance to quit now\n|\n|t:|1698365467\n|-terastallize|p2a: Zacian|Fairy\n|move|p2a: Zacian|Crunch|p1a: Gliscor\n|-damage|p1a: Gliscor|0 fnt\n|faint|p1a: Gliscor\n|\n|win|erictheeel\n|raw|Keion de goat's rating: 1168 &rarr; <strong>1140<\/strong><br \/>(-28 for losing)\n|raw|erictheeel's rating: 1130 &rarr; <strong>1158<\/strong><br \/>(+28 for winning)\n","uploadtime":1698365409,"views":5,"p1id":"keiondegoat","p2id":"erictheeel","formatid":"gen9anythinggoes","rating":1140,"private":0,"password":""}