{"id":"gen9anythinggoes-1982669972","p1":"jayden.bain","p2":"Supahvick777","format":"[Gen 9] Anything Goes","log":"|j|\u2606jayden.bain\n|j|\u2606Supahvick777\n|t:|1699034395\n|gametype|singles\n|player|p1|jayden.bain|169|1022\n|player|p2|Supahvick777|cynthia|1077\n|teamsize|p1|6\n|teamsize|p2|6\n|gen|9\n|tier|[Gen 9] Anything Goes\n|rated|\n|rule|HP Percentage Mod: HP is shown in percentages\n|rule|Endless Battle Clause: Forcing endless battles is banned\n|clearpoke\n|poke|p1|Pikachu-Original, M|\n|poke|p1|Drifblim, F|\n|poke|p1|Lucario, F|\n|poke|p1|Mimikyu, F|\n|poke|p1|Ceruledge, F|\n|poke|p1|Arceus-Dragon|\n|poke|p2|Kilowattrel, F|\n|poke|p2|Gholdengo|\n|poke|p2|Quaquaval, F|\n|poke|p2|Overqwil, F|\n|poke|p2|Scovillain, M|\n|poke|p2|Scream Tail|\n|teampreview\n|\n|t:|1699034402\n|start\n|switch|p1a: Drifblim|Drifblim, F, shiny|100\/100\n|switch|p2a: Pikachu|Kilowattrel, F, shiny|100\/100\n|turn|1\n|inactive|Battle timer is ON: inactive players will automatically lose when time's up. (requested by jayden.bain)\n|\n|t:|1699034409\n|move|p2a: Pikachu|Tailwind|p2a: Pikachu\n|-sidestart|p2: Supahvick777|move: Tailwind\n|-start|p2a: Pikachu|Charge|Tailwind|[from] ability: Wind Power\n|move|p1a: Drifblim|Minimize|p1a: Drifblim\n|-boost|p1a: Drifblim|evasion|2\n|\n|upkeep\n|turn|2\n|c|\u2606jayden.bain|ez\n|c|\u2606jayden.bain|no good\n|\n|t:|1699034414\n|move|p2a: Pikachu|Volt Switch|p1a: Drifblim\n|-supereffective|p1a: Drifblim\n|-damage|p1a: Drifblim|0 fnt\n|faint|p1a: Drifblim\n|-end|p2a: Pikachu|Charge|[silent]\n|c|\u2606jayden.bain|haker\n|\n|t:|1699034424\n|switch|p2a: Pikachu|Quaquaval, F, shiny|100\/100|[from] Volt Switch\n|\n|upkeep\n|\n|t:|1699034427\n|switch|p1a: archingballs|Arceus-Dragon|100\/100\n|turn|3\n|\n|t:|1699034442\n|move|p2a: Pikachu|Knock Off|p1a: archingballs\n|-damage|p1a: archingballs|87\/100\n|move|p1a: archingballs|Judgment|p2a: Pikachu\n|-damage|p2a: Pikachu|40\/100\n|\n|upkeep\n|turn|4\n|\n|t:|1699034453\n|switch|p2a: Pikachu|Scream Tail, shiny|100\/100\n|-enditem|p2a: Pikachu|Booster Energy\n|-activate|p2a: Pikachu|ability: Protosynthesis|[fromitem]\n|-start|p2a: Pikachu|protosynthesisspd\n|move|p1a: archingballs|Judgment|p2a: Pikachu\n|-immune|p2a: Pikachu\n|\n|-sideend|p2: Supahvick777|move: Tailwind\n|upkeep\n|turn|5\n|\n|t:|1699034464\n|move|p2a: Pikachu|Calm Mind|p2a: Pikachu\n|-boost|p2a: Pikachu|spa|1\n|-boost|p2a: Pikachu|spd|1\n|move|p1a: archingballs|Flash Cannon|p2a: Pikachu\n|-supereffective|p2a: Pikachu\n|-damage|p2a: Pikachu|81\/100\n|\n|upkeep\n|turn|6\n|\n|t:|1699034474\n|move|p2a: Pikachu|Psychic|p1a: archingballs\n|-damage|p1a: archingballs|62\/100\n|move|p1a: archingballs|Flash Cannon|p2a: Pikachu\n|-supereffective|p2a: Pikachu\n|-damage|p2a: Pikachu|62\/100\n|\n|upkeep\n|turn|7\n|\n|t:|1699034479\n|move|p2a: Pikachu|Psychic|p1a: archingballs\n|-damage|p1a: archingballs|37\/100\n|move|p1a: archingballs|Judgment|p2a: Pikachu\n|-immune|p2a: Pikachu\n|\n|upkeep\n|turn|8\n|\n|t:|1699034493\n|move|p2a: Pikachu|Psychic|p1a: archingballs\n|-damage|p1a: archingballs|12\/100\n|move|p1a: archingballs|Aura Sphere|p2a: Pikachu\n|-resisted|p2a: Pikachu\n|-damage|p2a: Pikachu|59\/100\n|\n|upkeep\n|turn|9\n|\n|t:|1699034499\n|move|p2a: Pikachu|Psychic|p1a: archingballs\n|-damage|p1a: archingballs|0 fnt\n|faint|p1a: archingballs\n|\n|upkeep\n|\n|t:|1699034503\n|switch|p1a: pikatdeesnuts|Pikachu-Original, M|100\/100\n|turn|10\n|\n|t:|1699034510\n|-terastallize|p2a: Pikachu|Ground\n|move|p1a: pikatdeesnuts|Knock Off|p2a: Pikachu\n|-damage|p2a: Pikachu|36\/100\n|move|p2a: Pikachu|Tera Blast|p1a: pikatdeesnuts|[anim] Tera Blast Ground\n|-supereffective|p1a: pikatdeesnuts\n|-damage|p1a: pikatdeesnuts|0 fnt\n|faint|p1a: pikatdeesnuts\n|\n|upkeep\n|\n|t:|1699034514\n|switch|p1a: lucnuts|Lucario, F, shiny|100\/100\n|turn|11\n|\n|t:|1699034520\n|move|p2a: Pikachu|Tera Blast|p1a: lucnuts|[anim] Tera Blast Ground\n|-supereffective|p1a: lucnuts\n|-damage|p1a: lucnuts|0 fnt\n|faint|p1a: lucnuts\n|\n|upkeep\n|\n|t:|1699034528\n|switch|p1a: certifiedballer|Ceruledge, F|100\/100\n|turn|12\n|\n|t:|1699034538\n|move|p2a: Pikachu|Tera Blast|p1a: certifiedballer|[anim] Tera Blast Ground\n|-supereffective|p1a: certifiedballer\n|-damage|p1a: certifiedballer|21\/100\n|move|p1a: certifiedballer|Flare Blitz|p2a: Pikachu\n|-damage|p2a: Pikachu|0 fnt\n|faint|p2a: Pikachu\n|-end|p2a: Pikachu|Protosynthesis|[silent]\n|-damage|p1a: certifiedballer|6\/100|[from] Recoil\n|\n|upkeep\n|\n|t:|1699034547\n|switch|p2a: Pikachu|Kilowattrel, F, shiny|100\/100\n|turn|13\n|\n|t:|1699034554\n|move|p2a: Pikachu|Acrobatics|p1a: certifiedballer\n|-damage|p1a: certifiedballer|0 fnt\n|faint|p1a: certifiedballer\n|\n|upkeep\n|\n|t:|1699034558\n|switch|p1a: Mimikyu|Mimikyu, F|100\/100\n|turn|14\n|\n|t:|1699034562\n|move|p2a: Pikachu|Tailwind|p2a: Pikachu\n|-sidestart|p2: Supahvick777|move: Tailwind\n|-start|p2a: Pikachu|Charge|Tailwind|[from] ability: Wind Power\n|move|p1a: Mimikyu|Bulk Up|p1a: Mimikyu\n|-boost|p1a: Mimikyu|atk|1\n|-boost|p1a: Mimikyu|def|1\n|\n|upkeep\n|turn|15\n|\n|t:|1699034568\n|move|p2a: Pikachu|Volt Switch|p1a: Mimikyu\n|-activate|p1a: Mimikyu|ability: Disguise\n|-damage|p1a: Mimikyu|100\/100\n|detailschange|p1a: Mimikyu|Mimikyu-Busted, F\n|-damage|p1a: Mimikyu|88\/100|[from] pokemon: Mimikyu-Busted\n|-end|p2a: Pikachu|Charge|[silent]\n|\n|t:|1699034576\n|switch|p2a: Pikachu|Quaquaval, F, shiny|40\/100|[from] Volt Switch\n|move|p1a: Mimikyu|Bulk Up|p1a: Mimikyu\n|-boost|p1a: Mimikyu|atk|1\n|-boost|p1a: Mimikyu|def|1\n|\n|upkeep\n|turn|16\n|\n|t:|1699034581\n|move|p2a: Pikachu|Knock Off|p1a: Mimikyu\n|-damage|p1a: Mimikyu|66\/100\n|-enditem|p1a: Mimikyu|Quick Claw|[from] move: Knock Off|[of] p2a: Pikachu\n|move|p1a: Mimikyu|Bulk Up|p1a: Mimikyu\n|-boost|p1a: Mimikyu|atk|1\n|-boost|p1a: Mimikyu|def|1\n|\n|upkeep\n|turn|17\n|\n|t:|1699034588\n|move|p2a: Pikachu|Aqua Step|p1a: Mimikyu\n|-damage|p1a: Mimikyu|42\/100\n|-boost|p2a: Pikachu|spe|1\n|move|p1a: Mimikyu|Bulk Up|p1a: Mimikyu\n|-boost|p1a: Mimikyu|atk|1\n|-boost|p1a: Mimikyu|def|1\n|\n|-sideend|p2: Supahvick777|move: Tailwind\n|upkeep\n|turn|18\n|\n|t:|1699034593\n|move|p2a: Pikachu|Aqua Step|p1a: Mimikyu\n|-damage|p1a: Mimikyu|21\/100\n|-boost|p2a: Pikachu|spe|1\n|move|p1a: Mimikyu|Drain Punch|p2a: Pikachu\n|-damage|p2a: Pikachu|0 fnt\n|-heal|p1a: Mimikyu|47\/100|[from] drain|[of] p2a: Pikachu\n|faint|p2a: Pikachu\n|\n|upkeep\n|\n|t:|1699034603\n|switch|p2a: Pikachu|Kilowattrel, F, shiny|100\/100\n|turn|19\n|\n|t:|1699034607\n|move|p2a: Pikachu|Tailwind|p2a: Pikachu\n|-sidestart|p2: Supahvick777|move: Tailwind\n|-start|p2a: Pikachu|Charge|Tailwind|[from] ability: Wind Power\n|move|p1a: Mimikyu|Drain Punch|p2a: Pikachu\n|-resisted|p2a: Pikachu\n|-damage|p2a: Pikachu|40\/100\n|-heal|p1a: Mimikyu|83\/100|[from] drain|[of] p2a: Pikachu\n|\n|upkeep\n|turn|20\n|\n|t:|1699034616\n|move|p2a: Pikachu|Thunder Wave|p1a: Mimikyu\n|-status|p1a: Mimikyu|par\n|-end|p2a: Pikachu|Charge|[silent]\n|move|p1a: Mimikyu|Drain Punch|p2a: Pikachu\n|-resisted|p2a: Pikachu\n|-damage|p2a: Pikachu|0 fnt\n|-heal|p1a: Mimikyu|100\/100 par|[from] drain|[of] p2a: Pikachu\n|faint|p2a: Pikachu\n|\n|upkeep\n|\n|t:|1699034623\n|switch|p2a: Pikachu|Overqwil, F, shiny|100\/100\n|-item|p2a: Pikachu|Air Balloon\n|turn|21\n|\n|t:|1699034635\n|move|p2a: Pikachu|Barb Barrage|p1a: Mimikyu\n|-damage|p1a: Mimikyu|86\/100 par\n|move|p1a: Mimikyu|Facade|p2a: Pikachu\n|-damage|p2a: Pikachu|0 fnt\n|-enditem|p2a: Pikachu|Air Balloon\n|faint|p2a: Pikachu\n|\n|upkeep\n|\n|t:|1699034644\n|switch|p2a: Pikachu|Gholdengo, shiny|100\/100\n|turn|22\n|\n|t:|1699034657\n|move|p2a: Pikachu|Shadow Ball|p1a: Mimikyu\n|-supereffective|p1a: Mimikyu\n|-damage|p1a: Mimikyu|0 fnt\n|faint|p1a: Mimikyu\n|\n|win|Supahvick777\n|raw|jayden.bain's rating: 1022 &rarr; <strong>1011<\/strong><br \/>(-11 for losing)\n|raw|Supahvick777's rating: 1077 &rarr; <strong>1101<\/strong><br \/>(+24 for winning)\n|c|\u2606jayden.bain|go die\n|l|\u2606jayden.bain\n|c|\u2606Supahvick777|not nice\n","uploadtime":1699034740,"views":3,"p1id":"jaydenbain","p2id":"supahvick777","formatid":"gen9anythinggoes","rating":1011,"private":0,"password":""}