{"id":"gen9anythinggoes-1999595564","p1":"Shade Vinatieri","p2":"kowtow kleabe","format":"[Gen 9] Anything Goes","log":"|j|\u2606Shade Vinatieri\n|j|\u2606kowtow kleabe\n|t:|1701099586\n|gametype|singles\n|player|p1|Shade Vinatieri|acerola|1170\n|player|p2|kowtow kleabe|swimmer|1245\n|teamsize|p1|6\n|teamsize|p2|6\n|gen|9\n|tier|[Gen 9] Anything Goes\n|rated|\n|rule|HP Percentage Mod: HP is shown in percentages\n|rule|Endless Battle Clause: Forcing endless battles is banned\n|clearpoke\n|poke|p1|Ribombee, F|\n|poke|p1|Gliscor, F|\n|poke|p1|Leavanny, F|\n|poke|p1|Iron Valiant|\n|poke|p1|Rotom-Heat|\n|poke|p1|Lilligant-Hisui, F|\n|poke|p2|Infernape, F|\n|poke|p2|Ceruledge, F|\n|poke|p2|Hydreigon, M|\n|poke|p2|Basculin, F|\n|poke|p2|Decidueye, M|\n|poke|p2|Weavile, F|\n|teampreview\n|\n|t:|1701099600\n|start\n|switch|p1a: Leavanny|Leavanny, F|100\/100\n|switch|p2a: Infernape|Infernape, F|100\/100\n|turn|1\n|\n|t:|1701099606\n|move|p1a: Leavanny|Sticky Web|p2a: Infernape\n|-sidestart|p2: kowtow kleabe|move: Sticky Web\n|move|p2a: Infernape|Nasty Plot|p2a: Infernape\n|-boost|p2a: Infernape|spa|2\n|\n|upkeep\n|turn|2\n|\n|t:|1701099614\n|move|p1a: Leavanny|Knock Off|p2a: Infernape\n|-resisted|p2a: Infernape\n|-damage|p2a: Infernape|81\/100\n|-enditem|p2a: Infernape|Expert Belt|[from] move: Knock Off|[of] p1a: Leavanny\n|move|p2a: Infernape|Fire Blast|p1a: Leavanny\n|-supereffective|p1a: Leavanny\n|-enditem|p1a: Leavanny|Focus Sash\n|-damage|p1a: Leavanny|1\/100\n|-status|p1a: Leavanny|brn\n|\n|-damage|p1a: Leavanny|0 fnt|[from] brn\n|faint|p1a: Leavanny\n|upkeep\n|\n|t:|1701099639\n|switch|p1a: Gliscor|Gliscor, F, shiny|100\/100\n|turn|3\n|\n|t:|1701099645\n|move|p1a: Gliscor|Earthquake|p2a: Infernape\n|-supereffective|p2a: Infernape\n|-damage|p2a: Infernape|0 fnt\n|faint|p2a: Infernape\n|\n|-status|p1a: Gliscor|tox|[from] item: Toxic Orb\n|upkeep\n|\n|t:|1701099672\n|switch|p2a: Basculin|Basculin, F|100\/100\n|-activate|p2a: Basculin|move: Sticky Web\n|-unboost|p2a: Basculin|spe|1\n|turn|4\n|\n|t:|1701099680\n|move|p1a: Gliscor|Toxic|p2a: Basculin\n|-status|p2a: Basculin|tox\n|move|p2a: Basculin|Wave Crash|p1a: Gliscor\n|-supereffective|p1a: Gliscor\n|-damage|p1a: Gliscor|0 fnt\n|faint|p1a: Gliscor\n|-damage|p2a: Basculin|63\/100 tox|[from] Recoil\n|\n|-damage|p2a: Basculin|57\/100 tox|[from] psn\n|upkeep\n|\n|t:|1701099694\n|switch|p1a: Lilligant|Lilligant-Hisui, F, shiny|100\/100\n|turn|5\n|\n|t:|1701099700\n|move|p1a: Lilligant|Victory Dance|p1a: Lilligant\n|-boost|p1a: Lilligant|atk|1\n|-boost|p1a: Lilligant|def|1\n|-boost|p1a: Lilligant|spe|1\n|move|p2a: Basculin|Wave Crash|p1a: Lilligant\n|-resisted|p1a: Lilligant\n|-damage|p1a: Lilligant|62\/100\n|-damage|p2a: Basculin|43\/100 tox|[from] Recoil\n|\n|-damage|p2a: Basculin|31\/100 tox|[from] psn\n|upkeep\n|turn|6\n|\n|t:|1701099720\n|move|p1a: Lilligant|Victory Dance|p1a: Lilligant\n|-boost|p1a: Lilligant|atk|1\n|-boost|p1a: Lilligant|def|1\n|-boost|p1a: Lilligant|spe|1\n|move|p2a: Basculin|Wave Crash|p1a: Lilligant\n|-resisted|p1a: Lilligant\n|-damage|p1a: Lilligant|34\/100\n|-damage|p2a: Basculin|20\/100 tox|[from] Recoil\n|\n|-damage|p2a: Basculin|2\/100 tox|[from] psn\n|upkeep\n|turn|7\n|\n|t:|1701099730\n|move|p1a: Lilligant|Leaf Blade|p2a: Basculin\n|-supereffective|p2a: Basculin\n|-crit|p2a: Basculin\n|-damage|p2a: Basculin|0 fnt\n|faint|p2a: Basculin\n|\n|upkeep\n|\n|t:|1701099737\n|switch|p2a: Decidueye|Decidueye, M|100\/100\n|-activate|p2a: Decidueye|move: Sticky Web\n|-unboost|p2a: Decidueye|spe|1\n|turn|8\n|\n|t:|1701099741\n|move|p2a: Decidueye|Shadow Sneak|p1a: Lilligant\n|-damage|p1a: Lilligant|18\/100\n|move|p1a: Lilligant|Ice Spinner|p2a: Decidueye|[miss]\n|-miss|p1a: Lilligant|p2a: Decidueye\n|\n|upkeep\n|turn|9\n|\n|t:|1701099751\n|move|p2a: Decidueye|Shadow Sneak|p1a: Lilligant\n|-damage|p1a: Lilligant|1\/100\n|move|p1a: Lilligant|Ice Spinner|p2a: Decidueye|[miss]\n|-miss|p1a: Lilligant|p2a: Decidueye\n|\n|upkeep\n|turn|10\n|c|\u2606kowtow kleabe|w hustle\n|\n|t:|1701099769\n|switch|p1a: Ribombee|Ribombee, F, shiny|100\/100\n|move|p2a: Decidueye|Shadow Sneak|p1a: Ribombee\n|-damage|p1a: Ribombee|61\/100\n|\n|upkeep\n|turn|11\n|\n|t:|1701099772\n|move|p1a: Ribombee|Quiver Dance|p1a: Ribombee\n|-boost|p1a: Ribombee|spa|1\n|-boost|p1a: Ribombee|spd|1\n|-boost|p1a: Ribombee|spe|1\n|move|p2a: Decidueye|Swords Dance|p2a: Decidueye\n|-boost|p2a: Decidueye|atk|2\n|\n|upkeep\n|turn|12\n|\n|t:|1701099793\n|-terastallize|p1a: Ribombee|Fire\n|move|p2a: Decidueye|Shadow Sneak|p1a: Ribombee\n|-damage|p1a: Ribombee|0 fnt\n|faint|p1a: Ribombee\n|\n|upkeep\n|\n|t:|1701099799\n|switch|p1a: Rotom|Rotom-Heat|100\/100\n|turn|13\n|\n|t:|1701099803\n|move|p2a: Decidueye|Shadow Sneak|p1a: Rotom\n|-crit|p1a: Rotom\n|-damage|p1a: Rotom|21\/100\n|move|p1a: Rotom|Discharge|p2a: Decidueye\n|-resisted|p2a: Decidueye\n|-damage|p2a: Decidueye|80\/100\n|\n|upkeep\n|turn|14\n|\n|t:|1701099809\n|move|p2a: Decidueye|Shadow Sneak|p1a: Rotom\n|-damage|p1a: Rotom|0 fnt\n|faint|p1a: Rotom\n|\n|upkeep\n|\n|t:|1701099810\n|switch|p1a: Iron Valiant|Iron Valiant|100\/100\n|-enditem|p1a: Iron Valiant|Booster Energy\n|-activate|p1a: Iron Valiant|ability: Quark Drive|[fromitem]\n|-start|p1a: Iron Valiant|quarkdrivespe\n|turn|15\n|\n|t:|1701099815\n|move|p2a: Decidueye|Shadow Sneak|p1a: Iron Valiant\n|-damage|p1a: Iron Valiant|35\/100\n|move|p1a: Iron Valiant|Ice Punch|p2a: Decidueye\n|-supereffective|p2a: Decidueye\n|-damage|p2a: Decidueye|16\/100\n|\n|upkeep\n|turn|16\n|\n|t:|1701099817\n|move|p2a: Decidueye|Shadow Sneak|p1a: Iron Valiant\n|-damage|p1a: Iron Valiant|0 fnt\n|faint|p1a: Iron Valiant\n|-end|p1a: Iron Valiant|Quark Drive|[silent]\n|\n|upkeep\n|\n|t:|1701099821\n|switch|p1a: Lilligant|Lilligant-Hisui, F, shiny|1\/100\n|turn|17\n|\n|t:|1701099823\n|move|p2a: Decidueye|Shadow Sneak|p1a: Lilligant\n|-damage|p1a: Lilligant|0 fnt\n|faint|p1a: Lilligant\n|\n|win|kowtow kleabe\n|raw|Shade Vinatieri's rating: 1170 &rarr; <strong>1150<\/strong><br \/>(-20 for losing)\n|raw|kowtow kleabe's rating: 1245 &rarr; <strong>1265<\/strong><br \/>(+20 for winning)\n|l|\u2606Shade Vinatieri\n","uploadtime":1701099830,"views":2,"p1id":"shadevinatieri","p2id":"kowtowkleabe","formatid":"gen9anythinggoes","rating":1150,"private":0,"password":""}