{"id":"gen9anythinggoes-1979237668","p1":"MrMimeIsMrKetchum","p2":"oosugsagnjkd","format":"[Gen 9] Anything Goes","log":"|j|\u2606MrMimeIsMrKetchum\n|j|\u2606oosugsagnjkd\n|t:|1698658412\n|gametype|singles\n|player|p1|MrMimeIsMrKetchum|swimmerf-gen4|1259\n|player|p2|oosugsagnjkd|pokemonrangerf|1163\n|teamsize|p1|6\n|teamsize|p2|6\n|gen|9\n|tier|[Gen 9] Anything Goes\n|rated|\n|rule|HP Percentage Mod: HP is shown in percentages\n|rule|Endless Battle Clause: Forcing endless battles is banned\n|clearpoke\n|poke|p1|Hatterene, F|\n|poke|p1|Glimmora, F|\n|poke|p1|Dugtrio, F|\n|poke|p1|Dugtrio, F|\n|poke|p1|Dugtrio, F|\n|poke|p1|Scovillain, F|\n|poke|p2|Ditto|\n|poke|p2|Manaphy|\n|poke|p2|Lurantis, F|\n|poke|p2|Enamorus, F|\n|poke|p2|Espathra, F|\n|poke|p2|Blissey, F|\n|teampreview\n|\n|t:|1698658434\n|start\n|switch|p1a: Glimmora|Glimmora, F, shiny|100\/100\n|switch|p2a: Lurantis|Lurantis, F|100\/100\n|turn|1\n|inactive|Battle timer is ON: inactive players will automatically lose when time's up. (requested by oosugsagnjkd)\n|\n|t:|1698658445\n|move|p1a: Glimmora|Toxic Spikes|p2a: Lurantis\n|-sidestart|p2: oosugsagnjkd|move: Toxic Spikes\n|move|p2a: Lurantis|Leaf Storm|p1a: Glimmora\n|-damage|p1a: Glimmora|66\/100\n|-boost|p2a: Lurantis|spa|2\n|\n|upkeep\n|turn|2\n|-activate|p2a: Lurantis|item: Quick Claw\n|\n|t:|1698658449\n|move|p2a: Lurantis|Leaf Storm|p1a: Glimmora\n|-damage|p1a: Glimmora|0 fnt\n|-boost|p2a: Lurantis|spa|2\n|faint|p1a: Glimmora\n|\n|upkeep\n|\n|t:|1698658459\n|switch|p1a: Hatterene|Hatterene, F, shiny|100\/100\n|turn|3\n|\n|t:|1698658462\n|move|p2a: Lurantis|Leaf Storm|p1a: Hatterene\n|-damage|p1a: Hatterene|0 fnt\n|-boost|p2a: Lurantis|spa|2\n|faint|p1a: Hatterene\n|\n|upkeep\n|\n|t:|1698658470\n|switch|p1a: Scovillain|Scovillain, F, shiny|100\/100\n|turn|4\n|-activate|p2a: Lurantis|item: Quick Claw\n|\n|t:|1698658475\n|move|p2a: Lurantis|Superpower|p1a: Scovillain\n|-damage|p1a: Scovillain|59\/100\n|-boost|p2a: Lurantis|atk|1\n|-boost|p2a: Lurantis|def|1\n|move|p1a: Scovillain|Substitute|p1a: Scovillain\n|-start|p1a: Scovillain|Substitute\n|-damage|p1a: Scovillain|35\/100\n|\n|-heal|p1a: Scovillain|41\/100|[from] item: Leftovers\n|-ability|p1a: Scovillain|Moody|boost\n|-boost|p1a: Scovillain|spe|2\n|-unboost|p1a: Scovillain|spd|1\n|upkeep\n|turn|5\n|-activate|p2a: Lurantis|item: Quick Claw\n|\n|t:|1698658493\n|-terastallize|p2a: Lurantis|Fighting\n|move|p1a: Scovillain|Protect|p1a: Scovillain\n|-singleturn|p1a: Scovillain|Protect\n|move|p2a: Lurantis|Superpower|p1a: Scovillain\n|-activate|p1a: Scovillain|move: Protect\n|\n|-heal|p1a: Scovillain|47\/100|[from] item: Leftovers\n|-ability|p1a: Scovillain|Moody|boost\n|-boost|p1a: Scovillain|spe|2\n|-unboost|p1a: Scovillain|spd|1\n|upkeep\n|turn|6\n|\n|t:|1698658504\n|move|p1a: Scovillain|Leech Seed|p2a: Lurantis\n|-start|p2a: Lurantis|move: Leech Seed\n|move|p2a: Lurantis|Superpower|p1a: Scovillain\n|-end|p1a: Scovillain|Substitute\n|-boost|p2a: Lurantis|atk|1\n|-boost|p2a: Lurantis|def|1\n|\n|-heal|p1a: Scovillain|53\/100|[from] item: Leftovers\n|-damage|p2a: Lurantis|88\/100|[from] Leech Seed|[of] p1a: Scovillain\n|-heal|p1a: Scovillain|65\/100|[silent]\n|-ability|p1a: Scovillain|Moody|boost\n|-boost|p1a: Scovillain|spe|2\n|-unboost|p1a: Scovillain|def|1\n|upkeep\n|turn|7\n|c|\u2606oosugsagnjkd|like thats gonna save you now\n|\n|t:|1698658517\n|move|p1a: Scovillain|Protect|p1a: Scovillain\n|-singleturn|p1a: Scovillain|Protect\n|move|p2a: Lurantis|Synthesis|p2a: Lurantis\n|-heal|p2a: Lurantis|100\/100\n|\n|-heal|p1a: Scovillain|71\/100|[from] item: Leftovers\n|-damage|p2a: Lurantis|88\/100|[from] Leech Seed|[of] p1a: Scovillain\n|-heal|p1a: Scovillain|84\/100|[silent]\n|-ability|p1a: Scovillain|Moody|boost\n|-boost|p1a: Scovillain|spd|2\n|-unboost|p1a: Scovillain|def|1\n|upkeep\n|turn|8\n|\n|t:|1698658520\n|move|p1a: Scovillain|Substitute|p1a: Scovillain\n|-start|p1a: Scovillain|Substitute\n|-damage|p1a: Scovillain|59\/100\n|move|p2a: Lurantis|Superpower|p1a: Scovillain\n|-end|p1a: Scovillain|Substitute\n|-boost|p2a: Lurantis|atk|1\n|-boost|p2a: Lurantis|def|1\n|\n|-heal|p1a: Scovillain|65\/100|[from] item: Leftovers\n|-damage|p2a: Lurantis|75\/100|[from] Leech Seed|[of] p1a: Scovillain\n|-heal|p1a: Scovillain|78\/100|[silent]\n|-ability|p1a: Scovillain|Moody|boost\n|-boost|p1a: Scovillain|atk|2\n|-unboost|p1a: Scovillain|spa|1\n|upkeep\n|turn|9\n|-activate|p2a: Lurantis|item: Quick Claw\n|\n|t:|1698658529\n|move|p2a: Lurantis|Synthesis|p2a: Lurantis\n|-heal|p2a: Lurantis|100\/100\n|move|p1a: Scovillain|Substitute|p1a: Scovillain\n|-start|p1a: Scovillain|Substitute\n|-damage|p1a: Scovillain|53\/100\n|\n|-heal|p1a: Scovillain|59\/100|[from] item: Leftovers\n|-damage|p2a: Lurantis|88\/100|[from] Leech Seed|[of] p1a: Scovillain\n|-heal|p1a: Scovillain|72\/100|[silent]\n|-ability|p1a: Scovillain|Moody|boost\n|-boost|p1a: Scovillain|def|2\n|-unboost|p1a: Scovillain|spe|1\n|upkeep\n|turn|10\n|\n|t:|1698658536\n|move|p1a: Scovillain|Protect|p1a: Scovillain\n|-singleturn|p1a: Scovillain|Protect\n|move|p2a: Lurantis|Synthesis|p2a: Lurantis\n|-heal|p2a: Lurantis|100\/100\n|\n|-heal|p1a: Scovillain|78\/100|[from] item: Leftovers\n|-damage|p2a: Lurantis|88\/100|[from] Leech Seed|[of] p1a: Scovillain\n|-heal|p1a: Scovillain|91\/100|[silent]\n|-ability|p1a: Scovillain|Moody|boost\n|-boost|p1a: Scovillain|spa|2\n|-unboost|p1a: Scovillain|spd|1\n|upkeep\n|turn|11\n|\n|t:|1698658546\n|move|p1a: Scovillain|Flamethrower|p2a: Lurantis\n|-crit|p2a: Lurantis\n|-damage|p2a: Lurantis|13\/100\n|move|p2a: Lurantis|Superpower|p1a: Scovillain\n|-end|p1a: Scovillain|Substitute\n|-boost|p2a: Lurantis|atk|1\n|-boost|p2a: Lurantis|def|1\n|\n|-heal|p1a: Scovillain|97\/100|[from] item: Leftovers\n|-damage|p2a: Lurantis|0 fnt|[from] Leech Seed|[of] p1a: Scovillain\n|-heal|p1a: Scovillain|100\/100|[silent]\n|faint|p2a: Lurantis\n|-ability|p1a: Scovillain|Moody|boost\n|-boost|p1a: Scovillain|atk|2\n|-unboost|p1a: Scovillain|spa|1\n|upkeep\n|\n|t:|1698658550\n|switch|p2a: Manaphy|Manaphy|100\/100\n|-status|p2a: Manaphy|psn\n|turn|12\n|c|\u2606oosugsagnjkd|wow\n|\n|t:|1698658558\n|move|p1a: Scovillain|Substitute|p1a: Scovillain\n|-start|p1a: Scovillain|Substitute\n|-damage|p1a: Scovillain|76\/100\n|move|p2a: Manaphy|Tail Glow|p2a: Manaphy\n|-boost|p2a: Manaphy|spa|3\n|\n|-heal|p1a: Scovillain|82\/100|[from] item: Leftovers\n|-damage|p2a: Manaphy|88\/100 psn|[from] psn\n|-ability|p1a: Scovillain|Moody|boost\n|-boost|p1a: Scovillain|spd|2\n|-unboost|p1a: Scovillain|spa|1\n|upkeep\n|turn|13\n|\n|t:|1698658563\n|move|p1a: Scovillain|Leech Seed|p2a: Manaphy\n|-start|p2a: Manaphy|move: Leech Seed\n|move|p2a: Manaphy|Tail Glow|p2a: Manaphy\n|-boost|p2a: Manaphy|spa|3\n|\n|-heal|p1a: Scovillain|88\/100|[from] item: Leftovers\n|-heal|p2a: Manaphy|94\/100 psn|[from] item: Leftovers\n|-damage|p2a: Manaphy|82\/100 psn|[from] Leech Seed|[of] p1a: Scovillain\n|-heal|p1a: Scovillain|100\/100|[silent]\n|-damage|p2a: Manaphy|69\/100 psn|[from] psn\n|-ability|p1a: Scovillain|Moody|boost\n|-boost|p1a: Scovillain|spe|1\n|-unboost|p1a: Scovillain|def|1\n|upkeep\n|turn|14\n|\n|t:|1698658570\n|move|p1a: Scovillain|Protect|p1a: Scovillain\n|-singleturn|p1a: Scovillain|Protect\n|move|p2a: Manaphy|Baton Pass|p2a: Manaphy\n|\n|t:|1698658574\n|switch|p2a: Espathra|Espathra, F|100\/100|[from] Baton Pass\n|-status|p2a: Espathra|psn\n|\n|-damage|p2a: Espathra|88\/100 psn|[from] Leech Seed|[of] p1a: Scovillain\n|-damage|p2a: Espathra|76\/100 psn|[from] psn\n|-ability|p1a: Scovillain|Moody|boost\n|-boost|p1a: Scovillain|spa|2\n|-unboost|p1a: Scovillain|spe|1\n|upkeep\n|turn|15\n|\n|t:|1698658585\n|move|p1a: Scovillain|Flamethrower|p2a: Espathra\n|-damage|p2a: Espathra|13\/100 psn\n|move|p2a: Espathra|Agility|p2a: Espathra\n|-boost|p2a: Espathra|spe|2\n|\n|-damage|p2a: Espathra|1\/100 psn|[from] Leech Seed|[of] p1a: Scovillain\n|-damage|p2a: Espathra|0 fnt|[from] psn\n|faint|p2a: Espathra\n|-ability|p1a: Scovillain|Moody|boost\n|-boost|p1a: Scovillain|spd|2\n|-unboost|p1a: Scovillain|atk|1\n|upkeep\n|\n|t:|1698658589\n|switch|p2a: Ditto|Ditto|100\/100\n|-status|p2a: Ditto|psn\n|turn|16\n|c|\u2606MrMimeIsMrKetchum|wow\n|c|\u2606oosugsagnjkd|right\n|\n|t:|1698658603\n|switch|p2a: Enamorus|Enamorus, F|100\/100\n|move|p1a: Scovillain|Flamethrower|p2a: Enamorus\n|-damage|p2a: Enamorus|44\/100\n|\n|-heal|p2a: Enamorus|50\/100|[from] item: Leftovers\n|-ability|p1a: Scovillain|Moody|boost\n|-boost|p1a: Scovillain|def|2\n|-unboost|p1a: Scovillain|spa|1\n|upkeep\n|turn|17\n|\n|t:|1698658618\n|move|p1a: Scovillain|Flamethrower|p2a: Enamorus\n|-damage|p2a: Enamorus|8\/100\n|move|p2a: Enamorus|Fly||[still]\n|-prepare|p2a: Enamorus|Fly\n|\n|-heal|p2a: Enamorus|15\/100|[from] item: Leftovers\n|-ability|p1a: Scovillain|Moody|boost\n|-boost|p1a: Scovillain|def|2\n|-unboost|p1a: Scovillain|spe|1\n|upkeep\n|turn|18\n|\n|t:|1698658624\n|move|p1a: Scovillain|Protect|p1a: Scovillain\n|-singleturn|p1a: Scovillain|Protect\n|move|p2a: Enamorus|Fly|p1a: Scovillain|[from]lockedmove\n|-activate|p1a: Scovillain|move: Protect\n|\n|-heal|p2a: Enamorus|21\/100|[from] item: Leftovers\n|-ability|p1a: Scovillain|Moody|boost\n|-boost|p1a: Scovillain|spa|2\n|-unboost|p1a: Scovillain|def|1\n|upkeep\n|turn|19\n|c|\u2606oosugsagnjkd|yeah\n|\n|t:|1698658637\n|move|p1a: Scovillain|Flamethrower|p2a: Enamorus\n|-damage|p2a: Enamorus|0 fnt\n|faint|p2a: Enamorus\n|\n|-ability|p1a: Scovillain|Moody|boost\n|-boost|p1a: Scovillain|atk|2\n|-unboost|p1a: Scovillain|def|1\n|upkeep\n|\n|t:|1698658639\n|switch|p2a: Manaphy|Manaphy|69\/100 psn\n|turn|20\n|\n|t:|1698658649\n|move|p1a: Scovillain|Leech Seed|p2a: Manaphy\n|-start|p2a: Manaphy|move: Leech Seed\n|move|p2a: Manaphy|Heart Swap|p1a: Scovillain\n|-swapboost|p2a: Manaphy|p1a: Scovillain|[from] move: Heart Swap\n|\n|-heal|p2a: Manaphy|75\/100 psn|[from] item: Leftovers\n|-damage|p2a: Manaphy|63\/100 psn|[from] Leech Seed|[of] p1a: Scovillain\n|-damage|p2a: Manaphy|51\/100 psn|[from] psn\n|-ability|p1a: Scovillain|Moody|boost\n|-boost|p1a: Scovillain|spe|2\n|-unboost|p1a: Scovillain|atk|1\n|upkeep\n|turn|21\n|\n|t:|1698658672\n|move|p1a: Scovillain|Protect|p1a: Scovillain\n|-singleturn|p1a: Scovillain|Protect\n|move|p2a: Manaphy|Surf|p1a: Scovillain\n|-activate|p1a: Scovillain|move: Protect\n|\n|-heal|p2a: Manaphy|57\/100 psn|[from] item: Leftovers\n|-damage|p2a: Manaphy|44\/100 psn|[from] Leech Seed|[of] p1a: Scovillain\n|-damage|p2a: Manaphy|32\/100 psn|[from] psn\n|-ability|p1a: Scovillain|Moody|boost\n|-boost|p1a: Scovillain|spe|2\n|-unboost|p1a: Scovillain|atk|1\n|upkeep\n|turn|22\n|\n|t:|1698658675\n|move|p2a: Manaphy|Surf|p1a: Scovillain\n|-end|p1a: Scovillain|Substitute\n|move|p1a: Scovillain|Substitute|p1a: Scovillain\n|-start|p1a: Scovillain|Substitute\n|-damage|p1a: Scovillain|76\/100\n|\n|-heal|p2a: Manaphy|38\/100 psn|[from] item: Leftovers\n|-heal|p1a: Scovillain|82\/100|[from] item: Leftovers\n|-damage|p2a: Manaphy|26\/100 psn|[from] Leech Seed|[of] p1a: Scovillain\n|-heal|p1a: Scovillain|95\/100|[silent]\n|-damage|p2a: Manaphy|13\/100 psn|[from] psn\n|-ability|p1a: Scovillain|Moody|boost\n|-boost|p1a: Scovillain|def|2\n|-unboost|p1a: Scovillain|spe|1\n|upkeep\n|turn|23\n|\n|t:|1698658681\n|move|p1a: Scovillain|Protect|p1a: Scovillain\n|-singleturn|p1a: Scovillain|Protect\n|move|p2a: Manaphy|Baton Pass|p2a: Manaphy\n|\n|t:|1698658685\n|switch|p2a: Blissey|Blissey, F|100\/100|[from] Baton Pass\n|-status|p2a: Blissey|psn\n|\n|-heal|p1a: Scovillain|100\/100|[from] item: Leftovers\n|-damage|p2a: Blissey|88\/100 psn|[from] Leech Seed|[of] p1a: Scovillain\n|-damage|p2a: Blissey|76\/100 psn|[from] psn\n|-ability|p1a: Scovillain|Moody|boost\n|-boost|p1a: Scovillain|spd|2\n|-unboost|p1a: Scovillain|spa|1\n|upkeep\n|turn|24\n|\n|t:|1698658693\n|move|p1a: Scovillain|Substitute|p1a: Scovillain\n|-fail|p1a: Scovillain|move: Substitute\n|move|p2a: Blissey|Ice Beam|p1a: Scovillain\n|-end|p1a: Scovillain|Substitute\n|\n|-heal|p2a: Blissey|82\/100 psn|[from] item: Leftovers\n|-damage|p2a: Blissey|69\/100 psn|[from] Leech Seed|[of] p1a: Scovillain\n|-damage|p2a: Blissey|57\/100 psn|[from] psn\n|-ability|p1a: Scovillain|Moody|boost\n|-boost|p1a: Scovillain|atk|2\n|-unboost|p1a: Scovillain|def|1\n|upkeep\n|turn|25\n|\n|t:|1698658706\n|move|p1a: Scovillain|Substitute|p1a: Scovillain\n|-start|p1a: Scovillain|Substitute\n|-damage|p1a: Scovillain|76\/100\n|move|p2a: Blissey|Soft-Boiled|p2a: Blissey\n|-heal|p2a: Blissey|100\/100 psn\n|\n|-heal|p1a: Scovillain|82\/100|[from] item: Leftovers\n|-damage|p2a: Blissey|88\/100 psn|[from] Leech Seed|[of] p1a: Scovillain\n|-heal|p1a: Scovillain|100\/100|[silent]\n|-damage|p2a: Blissey|76\/100 psn|[from] psn\n|-ability|p1a: Scovillain|Moody|boost\n|-boost|p1a: Scovillain|atk|2\n|-unboost|p1a: Scovillain|spd|1\n|upkeep\n|turn|26\n|\n|t:|1698658714\n|move|p1a: Scovillain|Protect|p1a: Scovillain\n|-singleturn|p1a: Scovillain|Protect\n|move|p2a: Blissey|Soft-Boiled|p2a: Blissey\n|-heal|p2a: Blissey|100\/100 psn\n|\n|-damage|p2a: Blissey|88\/100 psn|[from] Leech Seed|[of] p1a: Scovillain\n|-damage|p2a: Blissey|76\/100 psn|[from] psn\n|-ability|p1a: Scovillain|Moody|boost\n|-boost|p1a: Scovillain|def|2\n|-unboost|p1a: Scovillain|spd|1\n|upkeep\n|turn|27\n|\n|t:|1698658724\n|move|p1a: Scovillain|Flamethrower|p2a: Blissey\n|-damage|p2a: Blissey|72\/100 psn\n|move|p2a: Blissey|Ice Beam|p1a: Scovillain\n|-end|p1a: Scovillain|Substitute\n|\n|-heal|p2a: Blissey|78\/100 psn|[from] item: Leftovers\n|-damage|p2a: Blissey|66\/100 psn|[from] Leech Seed|[of] p1a: Scovillain\n|-damage|p2a: Blissey|53\/100 psn|[from] psn\n|-ability|p1a: Scovillain|Moody|boost\n|-boost|p1a: Scovillain|spe|2\n|-unboost|p1a: Scovillain|atk|1\n|upkeep\n|turn|28\n|\n|t:|1698658737\n|-terastallize|p1a: Scovillain|Fire\n|move|p1a: Scovillain|Substitute|p1a: Scovillain\n|-start|p1a: Scovillain|Substitute\n|-damage|p1a: Scovillain|76\/100\n|move|p2a: Blissey|Ice Beam|p1a: Scovillain\n|-resisted|p1a: Scovillain\n|-activate|p1a: Scovillain|move: Substitute|[damage]\n|\n|-heal|p1a: Scovillain|82\/100|[from] item: Leftovers\n|-heal|p2a: Blissey|60\/100 psn|[from] item: Leftovers\n|-damage|p2a: Blissey|47\/100 psn|[from] Leech Seed|[of] p1a: Scovillain\n|-heal|p1a: Scovillain|100\/100|[silent]\n|-damage|p2a: Blissey|35\/100 psn|[from] psn\n|-ability|p1a: Scovillain|Moody|boost\n|-boost|p1a: Scovillain|spd|2\n|-unboost|p1a: Scovillain|spe|1\n|upkeep\n|turn|29\n|\n|t:|1698658747\n|move|p1a: Scovillain|Flamethrower|p2a: Blissey\n|-damage|p2a: Blissey|30\/100 psn\n|move|p2a: Blissey|Soft-Boiled|p2a: Blissey\n|-heal|p2a: Blissey|80\/100 psn\n|\n|-heal|p2a: Blissey|87\/100 psn|[from] item: Leftovers\n|-damage|p2a: Blissey|74\/100 psn|[from] Leech Seed|[of] p1a: Scovillain\n|-damage|p2a: Blissey|62\/100 psn|[from] psn\n|-ability|p1a: Scovillain|Moody|boost\n|-boost|p1a: Scovillain|spa|2\n|-unboost|p1a: Scovillain|spe|1\n|upkeep\n|turn|30\n|\n|t:|1698658756\n|move|p1a: Scovillain|Flamethrower|p2a: Blissey\n|-damage|p2a: Blissey|52\/100 psn\n|move|p2a: Blissey|Soft-Boiled|p2a: Blissey\n|-heal|p2a: Blissey|100\/100 psn\n|\n|-damage|p2a: Blissey|88\/100 psn|[from] Leech Seed|[of] p1a: Scovillain\n|-damage|p2a: Blissey|76\/100 psn|[from] psn\n|-ability|p1a: Scovillain|Moody|boost\n|-boost|p1a: Scovillain|def|2\n|-unboost|p1a: Scovillain|spd|1\n|upkeep\n|turn|31\n|c|\u2606oosugsagnjkd|i cant even start\n|\n|t:|1698658769\n|move|p1a: Scovillain|Flamethrower|p2a: Blissey\n|-damage|p2a: Blissey|66\/100 psn\n|move|p2a: Blissey|Body Slam|p1a: Scovillain\n|-end|p1a: Scovillain|Substitute\n|\n|-heal|p2a: Blissey|72\/100 psn|[from] item: Leftovers\n|-damage|p2a: Blissey|60\/100 psn|[from] Leech Seed|[of] p1a: Scovillain\n|-damage|p2a: Blissey|48\/100 psn|[from] psn\n|-ability|p1a: Scovillain|Moody|boost\n|-boost|p1a: Scovillain|spd|2\n|-unboost|p1a: Scovillain|spe|1\n|upkeep\n|turn|32\n|\n|t:|1698658779\n|move|p1a: Scovillain|Substitute|p1a: Scovillain\n|-start|p1a: Scovillain|Substitute\n|-damage|p1a: Scovillain|76\/100\n|move|p2a: Blissey|Body Slam|p1a: Scovillain\n|-activate|p1a: Scovillain|move: Substitute|[damage]\n|\n|-heal|p1a: Scovillain|82\/100|[from] item: Leftovers\n|-heal|p2a: Blissey|54\/100 psn|[from] item: Leftovers\n|-damage|p2a: Blissey|41\/100 psn|[from] Leech Seed|[of] p1a: Scovillain\n|-heal|p1a: Scovillain|100\/100|[silent]\n|-damage|p2a: Blissey|29\/100 psn|[from] psn\n|-ability|p1a: Scovillain|Moody|boost\n|-boost|p1a: Scovillain|spe|2\n|-unboost|p1a: Scovillain|atk|1\n|upkeep\n|turn|33\n|\n|t:|1698658783\n|move|p1a: Scovillain|Flamethrower|p2a: Blissey\n|-damage|p2a: Blissey|19\/100 psn\n|move|p2a: Blissey|Soft-Boiled|p2a: Blissey\n|-heal|p2a: Blissey|69\/100 psn\n|\n|-heal|p2a: Blissey|75\/100 psn|[from] item: Leftovers\n|-damage|p2a: Blissey|63\/100 psn|[from] Leech Seed|[of] p1a: Scovillain\n|-damage|p2a: Blissey|50\/100 psn|[from] psn\n|-ability|p1a: Scovillain|Moody|boost\n|-boost|p1a: Scovillain|def|1\n|-unboost|p1a: Scovillain|spe|1\n|upkeep\n|turn|34\n|\n|t:|1698658792\n|move|p1a: Scovillain|Flamethrower|p2a: Blissey\n|-damage|p2a: Blissey|41\/100 psn\n|move|p2a: Blissey|Soft-Boiled|p2a: Blissey\n|-heal|p2a: Blissey|91\/100 psn\n|\n|-heal|p2a: Blissey|97\/100 psn|[from] item: Leftovers\n|-damage|p2a: Blissey|85\/100 psn|[from] Leech Seed|[of] p1a: Scovillain\n|-damage|p2a: Blissey|72\/100 psn|[from] psn\n|-ability|p1a: Scovillain|Moody|boost\n|-boost|p1a: Scovillain|spa|2\n|-unboost|p1a: Scovillain|atk|1\n|upkeep\n|turn|35\n|\n|t:|1698658799\n|move|p1a: Scovillain|Protect|p1a: Scovillain\n|-singleturn|p1a: Scovillain|Protect\n|move|p2a: Blissey|Body Slam|p1a: Scovillain\n|-activate|p1a: Scovillain|move: Protect\n|\n|-heal|p2a: Blissey|78\/100 psn|[from] item: Leftovers\n|-damage|p2a: Blissey|66\/100 psn|[from] Leech Seed|[of] p1a: Scovillain\n|-damage|p2a: Blissey|53\/100 psn|[from] psn\n|-ability|p1a: Scovillain|Moody|boost\n|-boost|p1a: Scovillain|spe|2\n|-unboost|p1a: Scovillain|spa|1\n|upkeep\n|turn|36\n|\n|t:|1698658803\n|move|p1a: Scovillain|Flamethrower|p2a: Blissey\n|-damage|p2a: Blissey|40\/100 psn\n|move|p2a: Blissey|Body Slam|p1a: Scovillain\n|-end|p1a: Scovillain|Substitute\n|\n|-heal|p2a: Blissey|46\/100 psn|[from] item: Leftovers\n|-damage|p2a: Blissey|33\/100 psn|[from] Leech Seed|[of] p1a: Scovillain\n|-damage|p2a: Blissey|21\/100 psn|[from] psn\n|-ability|p1a: Scovillain|Moody|boost\n|-boost|p1a: Scovillain|spa|2\n|-unboost|p1a: Scovillain|spd|1\n|upkeep\n|turn|37\n|\n|t:|1698658806\n|switch|p2a: Ditto|Ditto|100\/100 psn\n|-transform|p2a: Ditto|p1a: Scovillain|[from] ability: Imposter\n|move|p1a: Scovillain|Substitute|p1a: Scovillain\n|-start|p1a: Scovillain|Substitute\n|-damage|p1a: Scovillain|76\/100\n|\n|-heal|p1a: Scovillain|82\/100|[from] item: Leftovers\n|-damage|p2a: Ditto|88\/100 psn|[from] psn\n|-ability|p2a: Ditto|Moody|boost\n|-boost|p2a: Ditto|spe|1\n|-unboost|p2a: Ditto|atk|1\n|-ability|p1a: Scovillain|Moody|boost\n|-boost|p1a: Scovillain|spe|1\n|-unboost|p1a: Scovillain|atk|1\n|upkeep\n|-start|p2a: Ditto|typechange|Grass\/Fire|[silent]\n|turn|38\n|\n|t:|1698658823\n|move|p1a: Scovillain|Protect|p1a: Scovillain\n|-singleturn|p1a: Scovillain|Protect\n|move|p2a: Ditto|Substitute|p2a: Ditto\n|-start|p2a: Ditto|Substitute\n|-damage|p2a: Ditto|63\/100 psn\n|\n|-heal|p1a: Scovillain|88\/100|[from] item: Leftovers\n|-damage|p2a: Ditto|51\/100 psn|[from] psn\n|-ability|p2a: Ditto|Moody|boost\n|-boost|p2a: Ditto|atk|2\n|-unboost|p2a: Ditto|spa|1\n|-ability|p1a: Scovillain|Moody|boost\n|-boost|p1a: Scovillain|atk|2\n|-unboost|p1a: Scovillain|def|1\n|upkeep\n|turn|39\n|\n|t:|1698658834\n|move|p2a: Ditto|Flamethrower|p1a: Scovillain\n|-resisted|p1a: Scovillain\n|-end|p1a: Scovillain|Substitute\n|move|p1a: Scovillain|Substitute|p1a: Scovillain\n|-start|p1a: Scovillain|Substitute\n|-damage|p1a: Scovillain|63\/100\n|\n|-heal|p1a: Scovillain|69\/100|[from] item: Leftovers\n|-damage|p2a: Ditto|39\/100 psn|[from] psn\n|-ability|p2a: Ditto|Moody|boost\n|-boost|p2a: Ditto|atk|2\n|-unboost|p2a: Ditto|spe|1\n|-ability|p1a: Scovillain|Moody|boost\n|-boost|p1a: Scovillain|atk|2\n|-unboost|p1a: Scovillain|spe|1\n|upkeep\n|turn|40\n|\n|t:|1698658849\n|move|p1a: Scovillain|Protect|p1a: Scovillain\n|-singleturn|p1a: Scovillain|Protect\n|move|p2a: Ditto|Substitute|p2a: Ditto\n|-fail|p2a: Ditto|move: Substitute\n|\n|-heal|p1a: Scovillain|75\/100|[from] item: Leftovers\n|-damage|p2a: Ditto|26\/100 psn|[from] psn\n|-ability|p2a: Ditto|Moody|boost\n|-boost|p2a: Ditto|spe|1\n|-unboost|p2a: Ditto|spd|1\n|-ability|p1a: Scovillain|Moody|boost\n|-boost|p1a: Scovillain|def|1\n|-unboost|p1a: Scovillain|atk|1\n|upkeep\n|turn|41\n|\n|t:|1698658861\n|move|p2a: Ditto|Flamethrower|p1a: Scovillain\n|-resisted|p1a: Scovillain\n|-end|p1a: Scovillain|Substitute\n|move|p1a: Scovillain|Substitute|p1a: Scovillain\n|-start|p1a: Scovillain|Substitute\n|-damage|p1a: Scovillain|50\/100\n|\n|-heal|p1a: Scovillain|56\/100|[from] item: Leftovers\n|-damage|p2a: Ditto|14\/100 psn|[from] psn\n|-ability|p2a: Ditto|Moody|boost\n|-boost|p2a: Ditto|spd|2\n|-unboost|p2a: Ditto|spe|1\n|-ability|p1a: Scovillain|Moody|boost\n|-boost|p1a: Scovillain|spe|1\n|-unboost|p1a: Scovillain|def|1\n|upkeep\n|turn|42\n|\n|t:|1698658869\n|switch|p2a: Manaphy|Manaphy|13\/100 psn\n|move|p1a: Scovillain|Protect||[still]\n|-fail|p1a: Scovillain\n|\n|-heal|p1a: Scovillain|62\/100|[from] item: Leftovers\n|-heal|p2a: Manaphy|19\/100 psn|[from] item: Leftovers\n|-damage|p2a: Manaphy|7\/100 psn|[from] psn\n|-ability|p1a: Scovillain|Moody|boost\n|-boost|p1a: Scovillain|spa|2\n|-unboost|p1a: Scovillain|atk|1\n|upkeep\n|turn|43\n|\n|t:|1698658880\n|move|p1a: Scovillain|Flamethrower|p2a: Manaphy\n|-resisted|p2a: Manaphy\n|-damage|p2a: Manaphy|0 fnt\n|faint|p2a: Manaphy\n|\n|-heal|p1a: Scovillain|68\/100|[from] item: Leftovers\n|-ability|p1a: Scovillain|Moody|boost\n|-boost|p1a: Scovillain|def|1\n|-unboost|p1a: Scovillain|spe|1\n|upkeep\n|-message|oosugsagnjkd forfeited.\n|\n|win|MrMimeIsMrKetchum\n|raw|MrMimeIsMrKetchum's rating: 1259 &rarr; <strong>1277<\/strong><br \/>(+18 for winning)\n|raw|oosugsagnjkd's rating: 1163 &rarr; <strong>1145<\/strong><br \/>(-18 for losing)\n|l|\u2606oosugsagnjkd\n|c|\u2606MrMimeIsMrKetchum|no heart swap :D\n|c|\u2606MrMimeIsMrKetchum|gg\n","uploadtime":1698658916,"views":10,"p1id":"mrmimeismrketchum","p2id":"oosugsagnjkd","formatid":"gen9anythinggoes","rating":1145,"private":0,"password":""}