{"id":"gen9anythinggoes-1973326804","p1":"Litendermen","p2":"Sanicnate","format":"[Gen 9] Anything Goes","log":"|j|\u2606Litendermen\n|j|\u2606Sanicnate\n|t:|1697955185\n|gametype|singles\n|player|p1|Litendermen|hilda-wonderlauncher|1093\n|player|p2|Sanicnate|169|1144\n|teamsize|p1|6\n|teamsize|p2|6\n|gen|9\n|tier|[Gen 9] Anything Goes\n|rated|\n|rule|HP Percentage Mod: HP is shown in percentages\n|rule|Endless Battle Clause: Forcing endless battles is banned\n|clearpoke\n|poke|p1|Gholdengo|\n|poke|p1|Cinderace, F|\n|poke|p1|Spiritomb, M|\n|poke|p1|Amoonguss, M|\n|poke|p1|Corviknight, M|\n|poke|p1|Annihilape, M|\n|poke|p2|Empoleon, M|\n|poke|p2|Arcanine-Hisui, M|\n|poke|p2|Palafin, M|\n|poke|p2|Torterra, M|\n|poke|p2|Dragapult, M|\n|poke|p2|Bellibolt, M|\n|teampreview\n|\n|t:|1697955192\n|start\n|switch|p1a: Annihilape|Annihilape, M, shiny|100\/100\n|switch|p2a: Palafin|Palafin, M|100\/100\n|turn|1\n|\n|t:|1697955198\n|move|p2a: Palafin|Flip Turn|p1a: Annihilape\n|-damage|p1a: Annihilape|76\/100\n|-damage|p2a: Palafin|91\/100|[from] item: Life Orb\n|j| Bonkerscorner\n|\n|t:|1697955206\n|detailschange|p2a: Palafin|Palafin-Hero, M\n|switch|p2a: Bellibolt|Bellibolt, M|100\/100|[from] Flip Turn\n|move|p1a: Annihilape|Bulk Up|p1a: Annihilape\n|-boost|p1a: Annihilape|atk|1\n|-boost|p1a: Annihilape|def|1\n|\n|upkeep\n|turn|2\n|\n|t:|1697955214\n|move|p1a: Annihilape|Drain Punch|p2a: Bellibolt\n|-damage|p2a: Bellibolt|62\/100\n|-heal|p1a: Annihilape|95\/100|[from] drain|[of] p2a: Bellibolt\n|-start|p2a: Bellibolt|Charge|Drain Punch|[from] ability: Electromorphosis\n|move|p2a: Bellibolt|Toxic|p1a: Annihilape\n|-status|p1a: Annihilape|tox\n|\n|-damage|p1a: Annihilape|89\/100 tox|[from] psn\n|upkeep\n|turn|3\n|\n|t:|1697955222\n|move|p1a: Annihilape|Final Gambit|p2a: Bellibolt\n|-damage|p2a: Bellibolt|0 fnt\n|faint|p1a: Annihilape\n|faint|p2a: Bellibolt\n|\n|upkeep\n|\n|t:|1697955234\n|switch|p1a: Corviknight|Corviknight, M, shiny|100\/100\n|switch|p2a: Palafin|Palafin-Hero, M|91\/100\n|-activate|p2a: Palafin|ability: Zero to Hero\n|turn|4\n|\n|t:|1697955246\n|move|p2a: Palafin|Waterfall|p1a: Corviknight\n|-damage|p1a: Corviknight|45\/100\n|-damage|p2a: Palafin|74\/100|[from] item: Rocky Helmet|[of] p1a: Corviknight\n|-damage|p2a: Palafin|64\/100|[from] item: Life Orb\n|cant|p1a: Corviknight|flinch\n|\n|upkeep\n|turn|5\n|\n|t:|1697955258\n|switch|p1a: Amoonguss|Amoonguss, M, shiny|100\/100\n|move|p2a: Palafin|Waterfall|p1a: Amoonguss\n|-resisted|p1a: Amoonguss\n|-damage|p1a: Amoonguss|65\/100\n|-damage|p2a: Palafin|54\/100|[from] item: Life Orb\n|\n|-heal|p1a: Amoonguss|71\/100|[from] item: Black Sludge\n|upkeep\n|turn|6\n|\n|t:|1697955262\n|move|p1a: Amoonguss|Protect|p1a: Amoonguss\n|-singleturn|p1a: Amoonguss|Protect\n|move|p2a: Palafin|Ice Punch|p1a: Amoonguss\n|-activate|p1a: Amoonguss|move: Protect\n|\n|-heal|p1a: Amoonguss|77\/100|[from] item: Black Sludge\n|upkeep\n|turn|7\n|\n|t:|1697955273\n|move|p2a: Palafin|Flip Turn|p1a: Amoonguss\n|-resisted|p1a: Amoonguss\n|-damage|p1a: Amoonguss|52\/100\n|-status|p2a: Palafin|psn|[from] ability: Effect Spore|[of] p1a: Amoonguss\n|-damage|p2a: Palafin|44\/100 psn|[from] item: Life Orb\n|\n|t:|1697955279\n|switch|p2a: Torterra|Torterra, M|100\/100|[from] Flip Turn\n|move|p1a: Amoonguss|Giga Drain|p2a: Torterra\n|-damage|p2a: Torterra|71\/100\n|-heal|p1a: Amoonguss|63\/100|[from] drain|[of] p2a: Torterra\n|\n|-heal|p1a: Amoonguss|69\/100|[from] item: Black Sludge\n|upkeep\n|turn|8\n|l| Bonkerscorner\n|inactive|Battle timer is ON: inactive players will automatically lose when time's up. (requested by Litendermen)\n|\n|t:|1697955291\n|move|p2a: Torterra|Shell Smash|p2a: Torterra\n|-unboost|p2a: Torterra|def|1\n|-unboost|p2a: Torterra|spd|1\n|-boost|p2a: Torterra|atk|2\n|-boost|p2a: Torterra|spa|2\n|-boost|p2a: Torterra|spe|2\n|move|p1a: Amoonguss|Ingrain|p1a: Amoonguss\n|-start|p1a: Amoonguss|move: Ingrain\n|\n|-heal|p1a: Amoonguss|75\/100|[from] item: Black Sludge\n|-heal|p1a: Amoonguss|81\/100|[from] Ingrain\n|upkeep\n|turn|9\n|\n|t:|1697955308\n|switch|p2a: Arcanine|Arcanine-Hisui, M|100\/100\n|move|p1a: Amoonguss|Tera Blast|p2a: Arcanine\n|-resisted|p2a: Arcanine\n|-crit|p2a: Arcanine\n|-damage|p2a: Arcanine|86\/100\n|\n|-heal|p2a: Arcanine|92\/100|[from] item: Leftovers\n|-heal|p1a: Amoonguss|87\/100|[from] item: Black Sludge\n|-heal|p1a: Amoonguss|93\/100|[from] Ingrain\n|upkeep\n|turn|10\n|\n|t:|1697955316\n|move|p1a: Amoonguss|Protect|p1a: Amoonguss\n|-singleturn|p1a: Amoonguss|Protect\n|move|p2a: Arcanine|Flare Blitz|p1a: Amoonguss\n|-activate|p1a: Amoonguss|move: Protect\n|\n|-heal|p2a: Arcanine|98\/100|[from] item: Leftovers\n|-heal|p1a: Amoonguss|99\/100|[from] item: Black Sludge\n|-heal|p1a: Amoonguss|100\/100|[from] Ingrain\n|upkeep\n|turn|11\n|\n|t:|1697955326\n|move|p2a: Arcanine|Flare Blitz|p1a: Amoonguss\n|-supereffective|p1a: Amoonguss\n|-damage|p1a: Amoonguss|0 fnt\n|faint|p1a: Amoonguss\n|\n|-heal|p2a: Arcanine|100\/100|[from] item: Leftovers\n|upkeep\n|\n|t:|1697955340\n|switch|p1a: Spiritomb|Spiritomb, M, shiny|100\/100\n|-ability|p1a: Spiritomb|Pressure\n|turn|12\n|\n|t:|1697955344\n|move|p2a: Arcanine|Head Smash|p1a: Spiritomb\n|-damage|p1a: Spiritomb|49\/100\n|move|p1a: Spiritomb|Calm Mind|p1a: Spiritomb\n|-boost|p1a: Spiritomb|spa|1\n|-boost|p1a: Spiritomb|spd|1\n|\n|-heal|p1a: Spiritomb|55\/100|[from] item: Leftovers\n|upkeep\n|turn|13\n|\n|t:|1697955351\n|move|p2a: Arcanine|Head Smash|p1a: Spiritomb\n|-crit|p1a: Spiritomb\n|-damage|p1a: Spiritomb|0 fnt\n|faint|p1a: Spiritomb\n|\n|upkeep\n|\n|t:|1697955355\n|switch|p1a: Corviknight|Corviknight, M, shiny|45\/100\n|turn|14\n|\n|t:|1697955359\n|move|p2a: Arcanine|Flare Blitz|p1a: Corviknight\n|-supereffective|p1a: Corviknight\n|-damage|p1a: Corviknight|0 fnt\n|-damage|p2a: Arcanine|84\/100|[from] item: Rocky Helmet|[of] p1a: Corviknight\n|faint|p1a: Corviknight\n|\n|-heal|p2a: Arcanine|90\/100|[from] item: Leftovers\n|upkeep\n|\n|t:|1697955362\n|switch|p1a: Cinderace|Cinderace, F, shiny|100\/100\n|turn|15\n|\n|t:|1697955367\n|switch|p2a: Dragapult|Dragapult, M, shiny|100\/100\n|move|p1a: Cinderace|Pyro Ball|p2a: Dragapult\n|-resisted|p2a: Dragapult\n|-damage|p2a: Dragapult|50\/100\n|-damage|p1a: Cinderace|91\/100|[from] item: Life Orb\n|\n|upkeep\n|turn|16\n|\n|t:|1697955373\n|move|p1a: Cinderace|Sucker Punch|p2a: Dragapult\n|-start|p1a: Cinderace|typechange|Dark|[from] ability: Libero\n|-supereffective|p2a: Dragapult\n|-damage|p2a: Dragapult|0 fnt\n|faint|p2a: Dragapult\n|-damage|p1a: Cinderace|81\/100|[from] item: Life Orb\n|\n|upkeep\n|\n|t:|1697955377\n|switch|p2a: Palafin|Palafin-Hero, M|44\/100 psn\n|turn|17\n|\n|t:|1697955389\n|switch|p1a: Gholdengo|Gholdengo, shiny|100\/100\n|move|p2a: Palafin|Drain Punch|p1a: Gholdengo\n|-immune|p1a: Gholdengo\n|\n|-damage|p2a: Palafin|32\/100 psn|[from] psn\n|upkeep\n|turn|18\n|\n|t:|1697955393\n|move|p2a: Palafin|Waterfall|p1a: Gholdengo\n|-damage|p1a: Gholdengo|43\/100\n|-damage|p2a: Palafin|22\/100 psn|[from] item: Life Orb\n|move|p1a: Gholdengo|Nasty Plot|p1a: Gholdengo\n|-boost|p1a: Gholdengo|spa|2\n|\n|-damage|p2a: Palafin|10\/100 psn|[from] psn\n|upkeep\n|turn|19\n|\n|t:|1697955407\n|move|p2a: Palafin|Waterfall|p1a: Gholdengo\n|-damage|p1a: Gholdengo|0 fnt\n|faint|p1a: Gholdengo\n|-damage|p2a: Palafin|0 fnt|[from] item: Life Orb\n|faint|p2a: Palafin\n|\n|upkeep\n|\n|t:|1697955413\n|switch|p2a: Empoleon|Empoleon, M|100\/100\n|switch|p1a: Cinderace|Cinderace, F, shiny|81\/100\n|turn|20\n|\n|t:|1697955425\n|move|p1a: Cinderace|High Jump Kick|p2a: Empoleon\n|-start|p1a: Cinderace|typechange|Fighting|[from] ability: Libero\n|-supereffective|p2a: Empoleon\n|-damage|p2a: Empoleon|0 fnt\n|faint|p2a: Empoleon\n|-damage|p1a: Cinderace|71\/100|[from] item: Life Orb\n|\n|upkeep\n|\n|t:|1697955430\n|switch|p2a: Arcanine|Arcanine-Hisui, M|90\/100\n|turn|21\n|\n|t:|1697955444\n|-terastallize|p1a: Cinderace|Fire\n|-terastallize|p2a: Arcanine|Grass\n|move|p1a: Cinderace|High Jump Kick|p2a: Arcanine\n|-damage|p2a: Arcanine|0 fnt\n|faint|p2a: Arcanine\n|-damage|p1a: Cinderace|61\/100|[from] item: Life Orb\n|\n|upkeep\n|-message|Sanicnate forfeited.\n|\n|win|Litendermen\n|raw|Litendermen's rating: 1093 &rarr; <strong>1123<\/strong><br \/>(+30 for winning)\n|raw|Sanicnate's rating: 1144 &rarr; <strong>1115<\/strong><br \/>(-29 for losing)\n|l|\u2606Sanicnate\n|c|\u2606Litendermen|LOL\n","uploadtime":1697955464,"views":9,"p1id":"litendermen","p2id":"sanicnate","formatid":"gen9anythinggoes","rating":1115,"private":0,"password":""}