{"id":"gen9anythinggoes-1982737275","p1":"Tedtosterone","p2":"Rinumaki","format":"[Gen 9] Anything Goes","log":"|j|\u2606Tedtosterone\n|j|\u2606Rinumaki\n|t:|1699040210\n|gametype|singles\n|player|p1|Tedtosterone|ghetsis-gen5bw|\n|player|p2|Rinumaki|n|\n|teamsize|p1|6\n|teamsize|p2|6\n|gen|9\n|tier|[Gen 9] Anything Goes\n|rule|HP Percentage Mod: HP is shown in percentages\n|rule|Endless Battle Clause: Forcing endless battles is banned\n|clearpoke\n|poke|p1|Samurott-Hisui, M|\n|poke|p1|Rabsca, M|\n|poke|p1|Baxcalibur, M|\n|poke|p1|Mimikyu, F|\n|poke|p1|Slowking-Galar, M|\n|poke|p1|Arcanine-Hisui, M|\n|poke|p2|Milotic, F|\n|poke|p2|Garchomp, M|\n|poke|p2|Hawlucha, M|\n|poke|p2|Lucario, F|\n|poke|p2|Ogerpon-Wellspring, F|\n|poke|p2|Typhlosion-Hisui, F|\n|teampreview\n|j| caligulahar\n|\n|t:|1699040242\n|start\n|switch|p1a: Rabsca|Rabsca, M|100\/100\n|switch|p2a: Rey Mysterio|Hawlucha, M, shiny|100\/100\n|turn|1\n|\n|t:|1699040249\n|move|p2a: Rey Mysterio|Sky Attack||[still]\n|-prepare|p2a: Rey Mysterio|Sky Attack\n|-enditem|p2a: Rey Mysterio|Power Herb\n|-anim|p2a: Rey Mysterio|Sky Attack|p1a: Rabsca\n|-supereffective|p1a: Rabsca\n|-damage|p1a: Rabsca|0 fnt\n|faint|p1a: Rabsca\n|\n|upkeep\n|\n|t:|1699040255\n|switch|p1a: Jin|Samurott-Hisui, M, shiny|100\/100\n|turn|2\n|\n|t:|1699040262\n|move|p2a: Rey Mysterio|Acrobatics|p1a: Jin\n|-damage|p1a: Jin|42\/100\n|move|p1a: Jin|Ceaseless Edge|p2a: Rey Mysterio\n|-resisted|p2a: Rey Mysterio\n|-damage|p2a: Rey Mysterio|69\/100\n|-sidestart|p2: Rinumaki|Spikes\n|\n|upkeep\n|turn|3\n|\n|t:|1699040270\n|move|p1a: Jin|Aqua Jet|p2a: Rey Mysterio\n|-damage|p2a: Rey Mysterio|43\/100\n|move|p2a: Rey Mysterio|Acrobatics|p1a: Jin\n|-damage|p1a: Jin|0 fnt\n|faint|p1a: Jin\n|\n|upkeep\n|\n|t:|1699040276\n|switch|p1a: Gooner|Mimikyu, F|100\/100\n|turn|4\n|\n|t:|1699040282\n|move|p2a: Rey Mysterio|Acrobatics|p1a: Gooner\n|-activate|p1a: Gooner|ability: Disguise\n|-damage|p1a: Gooner|100\/100\n|detailschange|p1a: Gooner|Mimikyu-Busted, F\n|-damage|p1a: Gooner|88\/100|[from] pokemon: Mimikyu-Busted\n|move|p1a: Gooner|Swords Dance|p1a: Gooner\n|-boost|p1a: Gooner|atk|2\n|\n|upkeep\n|turn|5\n|\n|t:|1699040311\n|switch|p2a: Fading Bomb|Typhlosion-Hisui, F, shiny|100\/100\n|-damage|p2a: Fading Bomb|88\/100|[from] Spikes\n|move|p1a: Gooner|Shadow Sneak|p2a: Fading Bomb\n|-supereffective|p2a: Fading Bomb\n|-damage|p2a: Fading Bomb|0 fnt\n|faint|p2a: Fading Bomb\n|-damage|p1a: Gooner|78\/100|[from] item: Life Orb\n|\n|upkeep\n|\n|t:|1699040319\n|switch|p2a: Luke From SF6|Lucario, F|100\/100\n|-damage|p2a: Luke From SF6|88\/100|[from] Spikes\n|turn|6\n|\n|t:|1699040328\n|move|p1a: Gooner|Shadow Sneak|p2a: Luke From SF6\n|-damage|p2a: Luke From SF6|24\/100\n|-damage|p1a: Gooner|68\/100|[from] item: Life Orb\n|move|p2a: Luke From SF6|Meteor Mash|p1a: Gooner\n|-supereffective|p1a: Gooner\n|-damage|p1a: Gooner|0 fnt\n|faint|p1a: Gooner\n|\n|upkeep\n|\n|t:|1699040336\n|switch|p1a: Arcanine|Arcanine-Hisui, M, shiny|100\/100\n|turn|7\n|\n|t:|1699040371\n|move|p1a: Arcanine|Flare Blitz|p2a: Luke From SF6\n|-supereffective|p2a: Luke From SF6\n|-damage|p2a: Luke From SF6|0 fnt\n|faint|p2a: Luke From SF6\n|\n|upkeep\n|inactive|Battle timer is ON: inactive players will automatically lose when time's up. (requested by Tedtosterone)\n|\n|t:|1699040389\n|switch|p2a: Believe Da Hype|Ogerpon-Wellspring, F|100\/100\n|-damage|p2a: Believe Da Hype|88\/100|[from] Spikes\n|turn|8\n|\n|t:|1699040393\n|move|p1a: Arcanine|Flare Blitz|p2a: Believe Da Hype\n|-crit|p2a: Believe Da Hype\n|-damage|p2a: Believe Da Hype|0 fnt\n|faint|p2a: Believe Da Hype\n|\n|upkeep\n|\n|t:|1699040398\n|switch|p2a: It Don't Go Down|Milotic, F|100\/100\n|-damage|p2a: It Don't Go Down|88\/100|[from] Spikes\n|turn|9\n|\n|t:|1699040402\n|move|p1a: Arcanine|Flare Blitz|p2a: It Don't Go Down\n|-resisted|p2a: It Don't Go Down\n|-damage|p2a: It Don't Go Down|67\/100\n|move|p2a: It Don't Go Down|Scald|p1a: Arcanine\n|-supereffective|p1a: Arcanine\n|-damage|p1a: Arcanine|0 fnt\n|faint|p1a: Arcanine\n|\n|-status|p2a: It Don't Go Down|brn|[from] item: Flame Orb\n|upkeep\n|\n|t:|1699040410\n|switch|p1a: Duke|Slowking-Galar, M|100\/100\n|turn|10\n|\n|t:|1699040437\n|move|p2a: It Don't Go Down|Scald|p1a: Duke\n|-crit|p1a: Duke\n|-damage|p1a: Duke|75\/100\n|move|p1a: Duke|Future Sight|p2a: It Don't Go Down\n|-start|p1a: Duke|move: Future Sight\n|\n|-damage|p2a: It Don't Go Down|61\/100 brn|[from] brn\n|upkeep\n|turn|11\n|\n|t:|1699040443\n|move|p2a: It Don't Go Down|Scald|p1a: Duke\n|-damage|p1a: Duke|59\/100\n|-status|p1a: Duke|brn\n|move|p1a: Duke|Chilly Reception|p1a: Duke\n|-weather|Snow\n|\n|t:|1699040449\n|switch|p1a: Joe|Baxcalibur, M|100\/100|[from] Chilly Reception\n|\n|-weather|Snow|[upkeep]\n|-damage|p2a: It Don't Go Down|55\/100 brn|[from] brn\n|upkeep\n|turn|12\n|\n|t:|1699040459\n|move|p1a: Joe|Dragon Dance|p1a: Joe\n|-boost|p1a: Joe|atk|1\n|-boost|p1a: Joe|spe|1\n|move|p2a: It Don't Go Down|Mirror Coat||[still]\n|-fail|p2a: It Don't Go Down\n|\n|-weather|Snow|[upkeep]\n|-end|p2a: It Don't Go Down|move: Future Sight\n|-damage|p2a: It Don't Go Down|22\/100 brn\n|-damage|p2a: It Don't Go Down|16\/100 brn|[from] brn\n|upkeep\n|turn|13\n|\n|t:|1699040470\n|move|p1a: Joe|Dragon Dance|p1a: Joe\n|-boost|p1a: Joe|atk|1\n|-boost|p1a: Joe|spe|1\n|move|p2a: It Don't Go Down|Recover|p2a: It Don't Go Down\n|-heal|p2a: It Don't Go Down|66\/100 brn\n|\n|-weather|Snow|[upkeep]\n|-damage|p2a: It Don't Go Down|60\/100 brn|[from] brn\n|upkeep\n|turn|14\n|\n|t:|1699040477\n|move|p1a: Joe|Dragon Dance|p1a: Joe\n|-boost|p1a: Joe|atk|1\n|-boost|p1a: Joe|spe|1\n|move|p2a: It Don't Go Down|Haze|p2a: It Don't Go Down\n|-clearallboost\n|\n|-weather|Snow|[upkeep]\n|-damage|p2a: It Don't Go Down|54\/100 brn|[from] brn\n|upkeep\n|turn|15\n|\n|t:|1699040503\n|switch|p2a: Vergil|Garchomp, M, shiny|100\/100\n|-damage|p2a: Vergil|88\/100|[from] Spikes\n|move|p1a: Joe|Earthquake|p2a: Vergil\n|-damage|p2a: Vergil|50\/100\n|\n|-weather|none\n|upkeep\n|turn|16\n|\n|t:|1699040515\n|move|p2a: Vergil|Scale Shot|p1a: Joe|[miss]\n|-miss|p2a: Vergil|p1a: Joe\n|move|p1a: Joe|Dragon Dance|p1a: Joe\n|-boost|p1a: Joe|atk|1\n|-boost|p1a: Joe|spe|1\n|\n|upkeep\n|turn|17\n|inactive|Rinumaki has 270 seconds left.\n|\n|t:|1699040545\n|move|p1a: Joe|Icicle Spear|p2a: Vergil\n|-supereffective|p2a: Vergil\n|-damage|p2a: Vergil|0 fnt\n|faint|p2a: Vergil\n|-hitcount|p2: Vergil|1\n|\n|upkeep\n|inactive|Rinumaki has 270 seconds left.\n|\n|t:|1699040555\n|switch|p2a: Rey Mysterio|Hawlucha, M, shiny|43\/100\n|turn|18\n|\n|t:|1699040563\n|move|p1a: Joe|Icicle Spear|p2a: Rey Mysterio\n|-supereffective|p2a: Rey Mysterio\n|-damage|p2a: Rey Mysterio|0 fnt\n|faint|p2a: Rey Mysterio\n|-hitcount|p2: Rey Mysterio|1\n|\n|upkeep\n|\n|t:|1699040568\n|switch|p2a: It Don't Go Down|Milotic, F|54\/100 brn\n|-damage|p2a: It Don't Go Down|41\/100 brn|[from] Spikes\n|turn|19\n|\n|t:|1699040574\n|move|p1a: Joe|Earthquake|p2a: It Don't Go Down\n|-damage|p2a: It Don't Go Down|14\/100 brn\n|move|p2a: It Don't Go Down|Haze|p2a: It Don't Go Down\n|-clearallboost\n|\n|-damage|p2a: It Don't Go Down|8\/100 brn|[from] brn\n|upkeep\n|turn|20\n|\n|t:|1699040584\n|move|p1a: Joe|Glaive Rush|p2a: It Don't Go Down\n|-damage|p2a: It Don't Go Down|0 fnt\n|-singlemove|p1a: Joe|Glaive Rush|[silent]\n|faint|p2a: It Don't Go Down\n|\n|win|Tedtosterone\n","uploadtime":1699040590,"views":8,"p1id":"tedtosterone","p2id":"rinumaki","formatid":"gen9anythinggoes","rating":0,"private":0,"password":""}