{"id":"gen9anythinggoes-1997174644","p1":"trickroomtestroom","p2":"Thoryu","format":"[Gen 9] Anything Goes","log":"|j|\u2606trickroomtestroom\n|j|\u2606Thoryu\n|t:|1700772169\n|gametype|singles\n|player|p1|trickroomtestroom|101|\n|player|p2|Thoryu|guzma|\n|teamsize|p1|6\n|teamsize|p2|1\n|gen|9\n|tier|[Gen 9] Anything Goes\n|rule|HP Percentage Mod: HP is shown in percentages\n|rule|Endless Battle Clause: Forcing endless battles is banned\n|clearpoke\n|poke|p1|Slowpoke, F|\n|poke|p1|Slowpoke, M|\n|poke|p1|Slowpoke, F|\n|poke|p1|Slowpoke, M|\n|poke|p1|Slowpoke, F|\n|poke|p1|Slowpoke, M|\n|poke|p2|Regieleki|\n|teampreview\n|\n|t:|1700772174\n|start\n|switch|p1a: Slowpoke|Slowpoke, F|100\/100\n|switch|p2a: Regieleki|Regieleki|100\/100\n|turn|1\n|\n|t:|1700772178\n|move|p2a: Regieleki|Agility|p2a: Regieleki\n|-boost|p2a: Regieleki|spe|2\n|move|p1a: Slowpoke|Growl|p2a: Regieleki\n|-unboost|p2a: Regieleki|atk|1\n|\n|upkeep\n|turn|2\n|\n|t:|1700772181\n|move|p2a: Regieleki|Agility|p2a: Regieleki\n|-boost|p2a: Regieleki|spe|2\n|move|p1a: Slowpoke|Growl|p2a: Regieleki\n|-unboost|p2a: Regieleki|atk|1\n|\n|upkeep\n|turn|3\n|\n|t:|1700772185\n|move|p2a: Regieleki|Agility|p2a: Regieleki\n|-boost|p2a: Regieleki|spe|2\n|move|p1a: Slowpoke|Growl|p2a: Regieleki\n|-unboost|p2a: Regieleki|atk|1\n|\n|upkeep\n|turn|4\n|\n|t:|1700772188\n|move|p2a: Regieleki|Agility|p2a: Regieleki\n|-boost|p2a: Regieleki|spe|0\n|move|p1a: Slowpoke|Trick Room|p1a: Slowpoke\n|-fieldstart|move: Trick Room|[of] p1a: Slowpoke\n|\n|upkeep\n|turn|5\n|\n|t:|1700772193\n|move|p2a: Regieleki|Thunderbolt|p1a: Slowpoke\n|-supereffective|p1a: Slowpoke\n|-damage|p1a: Slowpoke|0 fnt\n|faint|p1a: Slowpoke\n|\n|upkeep\n|-message|trickroomtestroom forfeited.\n|\n|win|Thoryu\n|l|\u2606trickroomtestroom\n","uploadtime":1700772204,"views":14,"p1id":"trickroomtestroom","p2id":"thoryu","formatid":"gen9anythinggoes","rating":0,"private":0,"password":""}