{"id":"gen9anythinggoes-1979032917","p1":"el-da clown","p2":"TreBucet","format":"[Gen 9] Anything Goes","log":"|j|\u2606el-da clown\n|j|\u2606TreBucet\n|t:|1698623613\n|gametype|singles\n|player|p1|el-da clown|harlequin|1133\n|player|p2|TreBucet|grimsley|1077\n|teamsize|p1|2\n|teamsize|p2|6\n|gen|9\n|tier|[Gen 9] Anything Goes\n|rated|\n|rule|HP Percentage Mod: HP is shown in percentages\n|rule|Endless Battle Clause: Forcing endless battles is banned\n|clearpoke\n|poke|p1|Empoleon, M|\n|poke|p1|Klefki, F|\n|poke|p2|Houndstone, M|\n|poke|p2|Tyranitar, F|\n|poke|p2|Glimmora, M|\n|poke|p2|Flutter Mane|\n|poke|p2|Eternatus|\n|poke|p2|Zoroark, M|\n|teampreview\n|inactive|Battle timer is ON: inactive players will automatically lose when time's up. (requested by el-da clown)\n|\n|t:|1698623625\n|start\n|switch|p1a: Key|Klefki, F|100\/100\n|switch|p2a: funny rock|Glimmora, M|100\/100\n|turn|1\n|\n|t:|1698623630\n|move|p1a: Key|Thunder Wave|p2a: funny rock\n|-status|p2a: funny rock|par\n|cant|p2a: funny rock|par\n|\n|upkeep\n|turn|2\n|\n|t:|1698623636\n|move|p1a: Key|Reflect|p1a: Key\n|-sidestart|p1: el-da clown|Reflect\n|move|p2a: funny rock|Spikes|p1a: Key\n|-sidestart|p1: el-da clown|Spikes\n|\n|upkeep\n|turn|3\n|\n|t:|1698623641\n|move|p1a: Key|Light Screen|p1a: Key\n|-sidestart|p1: el-da clown|move: Light Screen\n|move|p2a: funny rock|Earth Power|p1a: Key\n|-supereffective|p1a: Key\n|-damage|p1a: Key|63\/100\n|-damage|p2a: funny rock|90\/100 par|[from] item: Life Orb\n|\n|upkeep\n|turn|4\n|\n|t:|1698623647\n|move|p1a: Key|Spikes|p2a: funny rock\n|-sidestart|p2: TreBucet|Spikes\n|move|p2a: funny rock|Earth Power|p1a: Key\n|-supereffective|p1a: Key\n|-damage|p1a: Key|26\/100\n|-damage|p2a: funny rock|80\/100 par|[from] item: Life Orb\n|\n|upkeep\n|turn|5\n|\n|t:|1698623652\n|move|p1a: Key|Spikes|p2a: funny rock\n|-sidestart|p2: TreBucet|Spikes\n|move|p2a: funny rock|Earth Power|p1a: Key\n|-supereffective|p1a: Key\n|-damage|p1a: Key|0 fnt\n|faint|p1a: Key\n|-damage|p2a: funny rock|70\/100 par|[from] item: Life Orb\n|\n|upkeep\n|\n|t:|1698623655\n|switch|p1a: Penguin|Empoleon, M|100\/100\n|-damage|p1a: Penguin|88\/100|[from] Spikes\n|turn|6\n|\n|t:|1698623662\n|move|p1a: Penguin|Agility|p1a: Penguin\n|-boost|p1a: Penguin|spe|2\n|move|p2a: funny rock|Mortal Spin|p1a: Penguin\n|-immune|p1a: Penguin\n|\n|upkeep\n|turn|7\n|\n|t:|1698623670\n|move|p1a: Penguin|Agility|p1a: Penguin\n|-boost|p1a: Penguin|spe|2\n|move|p2a: funny rock|Memento|p1a: Penguin\n|-unboost|p1a: Penguin|atk|2\n|-ability|p1a: Penguin|Competitive|boost\n|-boost|p1a: Penguin|spa|2\n|-unboost|p1a: Penguin|spa|2\n|-ability|p1a: Penguin|Competitive|boost\n|-boost|p1a: Penguin|spa|2\n|faint|p2a: funny rock\n|\n|upkeep\n|\n|t:|1698623682\n|switch|p2a: hehe|Flutter Mane|100\/100\n|-damage|p2a: hehe|84\/100|[from] Spikes\n|turn|8\n|\n|t:|1698623692\n|move|p1a: Penguin|Surf|p2a: hehe\n|-damage|p2a: hehe|0 fnt\n|faint|p2a: hehe\n|-end|p2a: hehe|Protosynthesis|[silent]\n|\n|upkeep\n|\n|t:|1698623697\n|switch|p2a: big man|Tyranitar, F|100\/100\n|-damage|p2a: big man|84\/100|[from] Spikes\n|turn|9\n|\n|t:|1698623705\n|move|p1a: Penguin|Surf|p2a: big man\n|-crit|p2a: big man\n|-damage|p2a: big man|0 fnt\n|replace|p2a: uh oh|Zoroark, M\n|-end|p2a: uh oh|Illusion\n|faint|p2a: uh oh\n|\n|-sideend|p1: el-da clown|Reflect\n|upkeep\n|\n|t:|1698623711\n|switch|p2a: Eternatus|Eternatus|100\/100\n|-damage|p2a: Eternatus|84\/100|[from] Spikes\n|-ability|p2a: Eternatus|Pressure\n|turn|10\n|\n|t:|1698623720\n|move|p1a: Penguin|Ice Beam|p2a: Eternatus\n|-supereffective|p2a: Eternatus\n|-damage|p2a: Eternatus|0 fnt\n|faint|p2a: Eternatus\n|\n|-sideend|p1: el-da clown|move: Light Screen\n|upkeep\n|\n|t:|1698623725\n|switch|p2a: big man|Tyranitar, F|100\/100\n|-damage|p2a: big man|84\/100|[from] Spikes\n|-weather|Sandstorm|[from] ability: Sand Stream|[of] p2a: big man\n|turn|11\n|\n|t:|1698623739\n|move|p1a: Penguin|Surf|p2a: big man\n|-supereffective|p2a: big man\n|-damage|p2a: big man|0 fnt\n|faint|p2a: big man\n|\n|-weather|Sandstorm|[upkeep]\n|upkeep\n|\n|t:|1698623744\n|switch|p2a: the hound|Houndstone, M|100\/100\n|-damage|p2a: the hound|84\/100|[from] Spikes\n|turn|12\n|\n|t:|1698623747\n|move|p2a: the hound|Last Respects|p1a: Penguin\n|-damage|p1a: Penguin|0 fnt\n|faint|p1a: Penguin\n|\n|win|TreBucet\n|raw|el-da clown's rating: 1133 &rarr; <strong>1104<\/strong><br \/>(-29 for losing)\n|raw|TreBucet's rating: 1077 &rarr; <strong>1110<\/strong><br \/>(+33 for winning)\n|c|\u2606TreBucet|YES\n|l|\u2606el-da clown\n|c|\u2606TreBucet|ggwp\n","uploadtime":1698623761,"views":8,"p1id":"eldaclown","p2id":"trebucet","formatid":"gen9anythinggoes","rating":1104,"private":0,"password":""}