{"id":"gen9anythinggoes-1988379182","p1":"CrownedAegislash","p2":"coloraputra","format":"[Gen 9] Anything Goes","log":"|j|\u2606CrownedAegislash\n|j|\u2606coloraputra\n|t:|1699716210\n|gametype|singles\n|player|p1|CrownedAegislash|dawn|1052\n|player|p2|coloraputra|pokemonbreeder-gen4|1071\n|teamsize|p1|6\n|teamsize|p2|6\n|gen|9\n|tier|[Gen 9] Anything Goes\n|rated|\n|rule|HP Percentage Mod: HP is shown in percentages\n|rule|Endless Battle Clause: Forcing endless battles is banned\n|clearpoke\n|poke|p1|Darkrai|\n|poke|p1|Calyrex-Shadow|\n|poke|p1|Corviknight, M|\n|poke|p1|Miraidon|\n|poke|p1|Clodsire, M|\n|poke|p1|Chien-Pao|\n|poke|p2|Manaphy|\n|poke|p2|Greninja-*, F|\n|poke|p2|Toxapex, F|\n|poke|p2|Pelipper, M|\n|poke|p2|Espathra, F|\n|poke|p2|Diancie|\n|teampreview\n|\n|t:|1699716214\n|start\n|switch|p1a: Flip-Flop|Clodsire, M|100\/100\n|switch|p2a: Manaphy|Manaphy|100\/100\n|turn|1\n|\n|t:|1699716222\n|move|p2a: Manaphy|Tail Glow|p2a: Manaphy\n|-boost|p2a: Manaphy|spa|3\n|move|p1a: Flip-Flop|Toxic|p2a: Manaphy\n|-status|p2a: Manaphy|tox\n|\n|-damage|p2a: Manaphy|94\/100 tox|[from] psn\n|upkeep\n|turn|2\n|\n|t:|1699716232\n|move|p2a: Manaphy|Tail Glow|p2a: Manaphy\n|-boost|p2a: Manaphy|spa|3\n|move|p1a: Flip-Flop|Spikes|p2a: Manaphy\n|-sidestart|p2: coloraputra|Spikes\n|\n|-damage|p2a: Manaphy|82\/100 tox|[from] psn\n|upkeep\n|turn|3\n|j| Thestopsign\n|\n|t:|1699716241\n|move|p2a: Manaphy|Reflect|p2a: Manaphy\n|-sidestart|p2: coloraputra|Reflect\n|move|p1a: Flip-Flop|Recover||[still]\n|-fail|p1a: Flip-Flop|heal\n|\n|-damage|p2a: Manaphy|63\/100 tox|[from] psn\n|upkeep\n|turn|4\n|\n|t:|1699716250\n|move|p2a: Manaphy|Light Screen|p2a: Manaphy\n|-sidestart|p2: coloraputra|move: Light Screen\n|move|p1a: Flip-Flop|Recover||[still]\n|-fail|p1a: Flip-Flop|heal\n|\n|-damage|p2a: Manaphy|39\/100 tox|[from] psn\n|upkeep\n|turn|5\n|\n|t:|1699716257\n|move|p2a: Manaphy|Baton Pass|p2a: Manaphy\n|\n|t:|1699716260\n|switch|p2a: Espathra|Espathra, F, shiny|100\/100|[from] Baton Pass\n|move|p1a: Flip-Flop|Recover||[still]\n|-fail|p1a: Flip-Flop|heal\n|\n|upkeep\n|turn|6\n|\n|t:|1699716269\n|move|p2a: Espathra|Lumina Crash|p1a: Flip-Flop\n|-supereffective|p1a: Flip-Flop\n|-damage|p1a: Flip-Flop|0 fnt\n|faint|p1a: Flip-Flop\n|\n|-ability|p2a: Espathra|Speed Boost|boost\n|-boost|p2a: Espathra|spe|1\n|upkeep\n|\n|t:|1699716278\n|switch|p1a: Calvary|Calyrex-Shadow|100\/100\n|-ability|p1a: Calvary|As One\n|-ability|p1a: Calvary|Unnerve\n|turn|7\n|\n|t:|1699716287\n|move|p2a: Espathra|Flash Cannon|p1a: Calvary\n|-damage|p1a: Calvary|27\/100\n|move|p1a: Calvary|Astral Barrage|p2a: Espathra\n|-supereffective|p2a: Espathra\n|-damage|p2a: Espathra|0 fnt\n|faint|p2a: Espathra\n|-ability|p1a: Calvary|Grim Neigh|boost\n|-boost|p1a: Calvary|spa|1\n|\n|-sideend|p2: coloraputra|Reflect\n|upkeep\n|\n|t:|1699716297\n|switch|p2a: Diancie|Diancie|100\/100\n|-damage|p2a: Diancie|88\/100|[from] Spikes\n|turn|8\n|\n|t:|1699716303\n|move|p1a: Calvary|Astral Barrage|p2a: Diancie\n|-damage|p2a: Diancie|16\/100\n|move|p2a: Diancie|Power Gem|p1a: Calvary\n|-damage|p1a: Calvary|0 fnt\n|faint|p1a: Calvary\n|\n|-heal|p2a: Diancie|22\/100|[from] item: Leftovers\n|-sideend|p2: coloraputra|move: Light Screen\n|upkeep\n|\n|t:|1699716315\n|switch|p1a: Spyro|Miraidon|100\/100\n|-fieldstart|move: Electric Terrain|[from] ability: Hadron Engine|[of] p1a: Spyro\n|turn|9\n|\n|t:|1699716323\n|move|p1a: Spyro|Electro Drift|p2a: Diancie\n|-crit|p2a: Diancie\n|-damage|p2a: Diancie|0 fnt\n|faint|p2a: Diancie\n|\n|upkeep\n|\n|t:|1699716334\n|switch|p2a: Greninja|Greninja, F|100\/100\n|-damage|p2a: Greninja|88\/100|[from] Spikes\n|turn|10\n|\n|t:|1699716338\n|move|p1a: Spyro|Electro Drift|p2a: Greninja\n|-supereffective|p2a: Greninja\n|-damage|p2a: Greninja|0 fnt\n|faint|p2a: Greninja\n|\n|upkeep\n|c|\u2606coloraputra|whats ur speed?\n|\n|t:|1699716359\n|switch|p2a: Toxapex|Toxapex, F|100\/100\n|-damage|p2a: Toxapex|88\/100|[from] Spikes\n|turn|11\n|\n|t:|1699716363\n|move|p2a: Toxapex|Baneful Bunker|p2a: Toxapex\n|-singleturn|p2a: Toxapex|move: Protect\n|move|p1a: Spyro|Electro Drift|p2a: Toxapex\n|-activate|p2a: Toxapex|move: Protect\n|-status|p1a: Spyro|psn\n|\n|-heal|p2a: Toxapex|94\/100|[from] item: Black Sludge\n|-damage|p1a: Spyro|88\/100 psn|[from] psn\n|upkeep\n|turn|12\n|\n|t:|1699716378\n|move|p1a: Spyro|Electro Drift|p2a: Toxapex\n|-supereffective|p2a: Toxapex\n|-damage|p2a: Toxapex|0 fnt\n|faint|p2a: Toxapex\n|\n|-damage|p1a: Spyro|76\/100 psn|[from] psn\n|upkeep\n|\n|t:|1699716389\n|switch|p2a: Pelipper|Pelipper, M|100\/100\n|-weather|RainDance|[from] ability: Drizzle|[of] p2a: Pelipper\n|turn|13\n|\n|t:|1699716394\n|move|p1a: Spyro|Electro Drift|p2a: Pelipper\n|-supereffective|p2a: Pelipper\n|-damage|p2a: Pelipper|0 fnt\n|faint|p2a: Pelipper\n|\n|-weather|RainDance|[upkeep]\n|-damage|p1a: Spyro|64\/100 psn|[from] psn\n|-fieldend|move: Electric Terrain\n|upkeep\n|\n|t:|1699716401\n|switch|p2a: Manaphy|Manaphy|39\/100 tox\n|-damage|p2a: Manaphy|26\/100 tox|[from] Spikes\n|turn|14\n|c|\u2606coloraputra|gg\n|c| Thestopsign|I think hes losing\n|c|\u2606CrownedAegislash|Gg\n|c|\u2606CrownedAegislash|Gg\n|c|\u2606coloraputra|whats ur speed\n|c|\u2606coloraputra|i gotta know\n|c|\u2606CrownedAegislash|Idk\n|c|\u2606CrownedAegislash|Elmer check\n|\n|t:|1699716449\n|move|p1a: Spyro|Electro Drift|p2a: Manaphy\n|-supereffective|p2a: Manaphy\n|-crit|p2a: Manaphy\n|-damage|p2a: Manaphy|0 fnt\n|faint|p2a: Manaphy\n|\n|win|CrownedAegislash\n|raw|CrownedAegislash's rating: 1034 &rarr; <strong>1073<\/strong><br \/>(+39 for winning)\n|raw|coloraputra's rating: 1071 &rarr; <strong>1048<\/strong><br \/>(-23 for losing)\n|c| Thestopsign|golly gee\n|l| Thestopsign\n|c|\u2606coloraputra|can u pls tell me\n|c|\u2606CrownedAegislash|438\n|c|\u2606coloraputra|lies\n|c|\u2606coloraputra|he out sped 565\n|c|\u2606CrownedAegislash|I have 252 speed evs\n","uploadtime":1699716499,"views":25,"p1id":"crownedaegislash","p2id":"coloraputra","formatid":"gen9anythinggoes","rating":1048,"private":0,"password":""}