{"id":"gen9anythinggoes-1976691576","p1":"Curvature<3","p2":"Cheesee813","format":"[Gen 9] Anything Goes","log":"|j|\u2606Curvature<3\n|j|\u2606Cheesee813\n|t:|1698333793\n|gametype|singles\n|player|p1|Curvature<3|dawn-gen4pt|1321\n|player|p2|Cheesee813|boarder|1301\n|teamsize|p1|6\n|teamsize|p2|6\n|gen|9\n|tier|[Gen 9] Anything Goes\n|rated|\n|rule|HP Percentage Mod: HP is shown in percentages\n|rule|Endless Battle Clause: Forcing endless battles is banned\n|clearpoke\n|poke|p1|Staraptor, M|\n|poke|p1|Staraptor, M|\n|poke|p1|Staraptor, F|\n|poke|p1|Staraptor, F|\n|poke|p1|Staraptor, F|\n|poke|p1|Staraptor, F|\n|poke|p2|Volcarona, F|\n|poke|p2|Baxcalibur, M|\n|poke|p2|Meowscarada, F|\n|poke|p2|Chien-Pao|\n|poke|p2|Quaquaval, M|\n|poke|p2|Flutter Mane|\n|teampreview\n|inactive|Battle timer is ON: inactive players will automatically lose when time's up. (requested by Curvature<3)\n|\n|t:|1698333811\n|start\n|switch|p1a: Staraptor|Staraptor, F|100\/100\n|switch|p2a: Flutter Mane|Flutter Mane|100\/100\n|-ability|p1a: Staraptor|Intimidate|boost\n|-unboost|p2a: Flutter Mane|atk|1\n|-enditem|p2a: Flutter Mane|Booster Energy\n|-activate|p2a: Flutter Mane|ability: Protosynthesis|[fromitem]\n|-start|p2a: Flutter Mane|protosynthesisspe\n|turn|1\n|\n|t:|1698333826\n|move|p2a: Flutter Mane|Thunderbolt|p1a: Staraptor\n|-supereffective|p1a: Staraptor\n|-damage|p1a: Staraptor|10\/100\n|move|p1a: Staraptor|Brave Bird|p2a: Flutter Mane\n|-damage|p2a: Flutter Mane|0 fnt\n|faint|p2a: Flutter Mane\n|-end|p2a: Flutter Mane|Protosynthesis|[silent]\n|-damage|p1a: Staraptor|0 fnt|[from] Recoil\n|faint|p1a: Staraptor\n|\n|upkeep\n|\n|t:|1698333849\n|switch|p2a: Quaquaval|Quaquaval, M|100\/100\n|switch|p1a: Staraptor|Staraptor, M|100\/100\n|-ability|p1a: Staraptor|Intimidate|boost\n|-unboost|p2a: Quaquaval|atk|1\n|turn|2\n|\n|t:|1698333855\n|move|p2a: Quaquaval|Aqua Step|p1a: Staraptor\n|-damage|p1a: Staraptor|67\/100\n|-boost|p2a: Quaquaval|spe|1\n|move|p1a: Staraptor|Brave Bird|p2a: Quaquaval\n|-supereffective|p2a: Quaquaval\n|-damage|p2a: Quaquaval|0 fnt\n|faint|p2a: Quaquaval\n|-damage|p1a: Staraptor|40\/100|[from] Recoil\n|\n|upkeep\n|\n|t:|1698333859\n|switch|p2a: Volcarona|Volcarona, F|100\/100\n|turn|3\n|\n|t:|1698333865\n|move|p2a: Volcarona|Air Slash|p1a: Staraptor\n|-damage|p1a: Staraptor|0 fnt\n|faint|p1a: Staraptor\n|\n|upkeep\n|\n|t:|1698333880\n|switch|p1a: Staraptor|Staraptor, F|100\/100\n|turn|4\n|\n|t:|1698333884\n|move|p1a: Staraptor|Brave Bird|p2a: Volcarona\n|-supereffective|p2a: Volcarona\n|-damage|p2a: Volcarona|0 fnt\n|faint|p2a: Volcarona\n|-damage|p1a: Staraptor|67\/100|[from] Recoil\n|\n|upkeep\n|\n|t:|1698333889\n|switch|p2a: Chien-Pao|Chien-Pao|100\/100\n|-ability|p2a: Chien-Pao|Sword of Ruin\n|turn|5\n|\n|t:|1698333894\n|move|p2a: Chien-Pao|Sucker Punch|p1a: Staraptor\n|-damage|p1a: Staraptor|3\/100\n|move|p1a: Staraptor|Brave Bird|p2a: Chien-Pao\n|-crit|p2a: Chien-Pao\n|-enditem|p2a: Chien-Pao|Focus Sash\n|-damage|p2a: Chien-Pao|1\/100\n|-damage|p1a: Staraptor|0 fnt|[from] Recoil\n|faint|p1a: Staraptor\n|\n|upkeep\n|inactive|Curvature<3 has 120 seconds left.\n|\n|t:|1698333943\n|switch|p1a: Staraptor|Staraptor, F|100\/100\n|turn|6\n|\n|t:|1698333950\n|move|p1a: Staraptor|Quick Attack|p2a: Chien-Pao\n|-damage|p2a: Chien-Pao|0 fnt\n|faint|p2a: Chien-Pao\n|\n|upkeep\n|\n|t:|1698333954\n|switch|p2a: Baxcalibur|Baxcalibur, M|100\/100\n|turn|7\n|l|\u2606Curvature<3\n|inactive|Curvature<3 disconnected and has a minute to reconnect!\n|player|p1|\n|inactive|Curvature<3 has 30 seconds to reconnect!\n|inactive|Curvature<3 has 20 seconds to reconnect!\n|inactive|Curvature<3 has 15 seconds to reconnect!\n|inactive|Curvature<3 has 10 seconds to reconnect!\n|inactive|Curvature<3 has 5 seconds to reconnect!\n|-message|Curvature<3 lost due to inactivity.\n|\n|win|Cheesee813\n|raw|Curvature&lt;3's rating: 1321 &rarr; <strong>1300<\/strong><br \/>(-21 for losing)\n|raw|Cheesee813's rating: 1301 &rarr; <strong>1322<\/strong><br \/>(+21 for winning)\n|l|\u2606Cheesee813\n|j|\u2606Curvature<3\n|player|p1|Curvature<3|dawn-gen4pt\n","uploadtime":1698334482,"views":10,"p1id":"curvature3","p2id":"cheesee813","formatid":"gen9anythinggoes","rating":1300,"private":0,"password":""}