{"id":"gen9anythinggoes-1996817506","p1":"zhangdinglong","p2":"juchan\/marie","format":"[Gen 9] Anything Goes","log":"|j|\u2606zhangdinglong\n|j|\u2606juchan\/marie\n|t:|1700730201\n|gametype|singles\n|player|p1|zhangdinglong|elesa-masters|1435\n|player|p2|juchan\/marie|iono|1675\n|teamsize|p1|6\n|teamsize|p2|6\n|gen|9\n|tier|[Gen 9] Anything Goes\n|rated|\n|rule|HP Percentage Mod: HP is shown in percentages\n|rule|Endless Battle Clause: Forcing endless battles is banned\n|clearpoke\n|poke|p1|Arceus|\n|poke|p1|Arceus-Ground|\n|poke|p1|Koraidon|\n|poke|p1|Calyrex-Ice|\n|poke|p1|Arceus-Fairy|\n|poke|p1|Kyogre|\n|poke|p2|Koraidon|\n|poke|p2|Arceus-Fairy|\n|poke|p2|Arceus-Ground|\n|poke|p2|Calyrex-Shadow|\n|poke|p2|Kingambit, M|\n|poke|p2|Great Tusk|\n|teampreview\n|\n|t:|1700730221\n|start\n|switch|p1a: Calyrex|Calyrex-Ice|100\/100\n|switch|p2a: MOM ?|Great Tusk|100\/100\n|-ability|p1a: Calyrex|As One\n|-ability|p1a: Calyrex|Unnerve\n|turn|1\n|\n|t:|1700730231\n|move|p2a: MOM ?|Knock Off|p1a: Calyrex\n|-supereffective|p1a: Calyrex\n|-damage|p1a: Calyrex|66\/100\n|-enditem|p1a: Calyrex|Leftovers|[from] move: Knock Off|[of] p2a: MOM ?\n|move|p1a: Calyrex|Seed Bomb|p2a: MOM ?\n|-supereffective|p2a: MOM ?\n|-damage|p2a: MOM ?|63\/100\n|\n|-heal|p2a: MOM ?|69\/100|[from] item: Leftovers\n|upkeep\n|turn|2\n|\n|t:|1700730238\n|move|p2a: MOM ?|Stealth Rock|p1a: Calyrex\n|-sidestart|p1: zhangdinglong|move: Stealth Rock\n|move|p1a: Calyrex|Glacial Lance|p2a: MOM ?\n|-supereffective|p2a: MOM ?\n|-damage|p2a: MOM ?|0 fnt\n|faint|p2a: MOM ?\n|-end|p2a: MOM ?|Protosynthesis|[silent]\n|-ability|p1a: Calyrex|Chilling Neigh|boost\n|-boost|p1a: Calyrex|atk|1\n|\n|upkeep\n|\n|t:|1700730247\n|switch|p2a: KingOfOU|Kingambit, M|100\/100\n|-activate|p2a: KingOfOU|ability: Supreme Overlord\n|-start|p2a: KingOfOU|fallen1|[silent]\n|turn|3\n|j| AGisgood\u82cd\u54cd\u4fa0\n|\n|t:|1700730265\n|switch|p1a: Arceus|Arceus-Ground|100\/100\n|-damage|p1a: Arceus|94\/100|[from] Stealth Rock\n|move|p2a: KingOfOU|Iron Head|p1a: Arceus\n|-damage|p1a: Arceus|59\/100\n|\n|upkeep\n|turn|4\n|\n|t:|1700730274\n|-end|p2a: KingOfOU|fallen1|[silent]\n|switch|p2a: princesse j\u00e9sus|Arceus-Fairy|100\/100\n|move|p1a: Arceus|Judgment|p2a: princesse j\u00e9sus\n|-damage|p2a: princesse j\u00e9sus|49\/100\n|\n|upkeep\n|turn|5\n|\n|t:|1700730339\n|switch|p2a: Koraidecoke|Koraidon|100\/100\n|-weather|SunnyDay|[from] ability: Orichalcum Pulse|[of] p2a: Koraidecoke\n|-activate|p2a: Koraidecoke|Orichalcum Pulse|[source]\n|move|p1a: Arceus|Judgment|p2a: Koraidecoke\n|-damage|p2a: Koraidecoke|32\/100\n|\n|-weather|SunnyDay|[upkeep]\n|upkeep\n|turn|6\n|\n|t:|1700730359\n|move|p2a: Koraidecoke|Low Kick|p1a: Arceus\n|-damage|p1a: Arceus|6\/100\n|move|p1a: Arceus|Judgment|p2a: Koraidecoke\n|-damage|p2a: Koraidecoke|0 fnt\n|faint|p2a: Koraidecoke\n|\n|-weather|SunnyDay|[upkeep]\n|upkeep\n|\n|t:|1700730369\n|switch|p2a: Win.exe|Calyrex-Shadow|100\/100\n|-ability|p2a: Win.exe|As One\n|-ability|p2a: Win.exe|Unnerve\n|turn|7\n|\n|t:|1700730375\n|switch|p1a: Arceus|Arceus|100\/100\n|-damage|p1a: Arceus|88\/100|[from] Stealth Rock\n|move|p2a: Win.exe|Astral Barrage|p1a: Arceus\n|-immune|p1a: Arceus\n|\n|-weather|SunnyDay|[upkeep]\n|upkeep\n|turn|8\n|\n|t:|1700730383\n|switch|p2a: J\u00e9sus|Arceus-Ground|100\/100\n|move|p1a: Arceus|Trick Room|p1a: Arceus\n|-fieldstart|move: Trick Room|[of] p1a: Arceus\n|\n|-weather|SunnyDay|[upkeep]\n|upkeep\n|turn|9\n|\n|t:|1700730390\n|move|p1a: Arceus|Healing Wish|p1a: Arceus\n|faint|p1a: Arceus\n|move|p2a: J\u00e9sus|Will-O-Wisp|p1: Arceus|[notarget]\n|-fail|p2a: J\u00e9sus\n|\n|-weather|none\n|upkeep\n|\n|t:|1700730392\n|switch|p1a: Calyrex|Calyrex-Ice|66\/100\n|-ability|p1a: Calyrex|As One\n|-ability|p1a: Calyrex|Unnerve\n|-heal|p1a: Calyrex|100\/100|[from] move: Healing Wish\n|-damage|p1a: Calyrex|76\/100|[from] Stealth Rock\n|turn|10\n|\n|t:|1700730400\n|-terastallize|p1a: Calyrex|Ice\n|-terastallize|p2a: J\u00e9sus|Fairy\n|move|p1a: Calyrex|Glacial Lance|p2a: J\u00e9sus\n|-damage|p2a: J\u00e9sus|49\/100\n|move|p2a: J\u00e9sus|Will-O-Wisp|p1a: Calyrex\n|-status|p1a: Calyrex|brn\n|\n|-damage|p1a: Calyrex|69\/100 brn|[from] brn\n|upkeep\n|turn|11\n|\n|t:|1700730411\n|move|p1a: Calyrex|Swords Dance|p1a: Calyrex\n|-boost|p1a: Calyrex|atk|2\n|move|p2a: J\u00e9sus|Recover|p2a: J\u00e9sus\n|-heal|p2a: J\u00e9sus|99\/100\n|\n|-damage|p1a: Calyrex|63\/100 brn|[from] brn\n|upkeep\n|turn|12\n|\n|t:|1700730443\n|move|p1a: Calyrex|Swords Dance|p1a: Calyrex\n|-boost|p1a: Calyrex|atk|2\n|move|p2a: J\u00e9sus|Earthquake|p1a: Calyrex\n|-crit|p1a: Calyrex\n|-damage|p1a: Calyrex|23\/100 brn\n|\n|-damage|p1a: Calyrex|17\/100 brn|[from] brn\n|-fieldend|move: Trick Room\n|upkeep\n|turn|13\n|j| Yang_jl\n|\n|t:|1700730457\n|switch|p1a: Kyogre|Kyogre|100\/100\n|-damage|p1a: Kyogre|88\/100|[from] Stealth Rock\n|-weather|RainDance|[from] ability: Drizzle|[of] p1a: Kyogre\n|move|p2a: J\u00e9sus|Earthquake|p1a: Kyogre\n|-damage|p1a: Kyogre|39\/100\n|\n|-weather|RainDance|[upkeep]\n|-heal|p1a: Kyogre|45\/100|[from] item: Leftovers\n|upkeep\n|turn|14\n|l| Yang_jl\n|\n|t:|1700730465\n|move|p2a: J\u00e9sus|Earthquake|p1a: Kyogre\n|-damage|p1a: Kyogre|0 fnt\n|faint|p1a: Kyogre\n|\n|-weather|RainDance|[upkeep]\n|upkeep\n|\n|t:|1700730471\n|switch|p1a: Arceus|Arceus-Fairy|100\/100\n|-damage|p1a: Arceus|88\/100|[from] Stealth Rock\n|turn|15\n|\n|t:|1700730480\n|move|p2a: J\u00e9sus|Taunt|p1a: Arceus\n|-start|p1a: Arceus|move: Taunt\n|move|p1a: Arceus|Judgment|p2a: J\u00e9sus\n|-damage|p2a: J\u00e9sus|66\/100\n|\n|-weather|RainDance|[upkeep]\n|upkeep\n|turn|16\n|\n|t:|1700730488\n|move|p2a: J\u00e9sus|Earthquake|p1a: Arceus\n|-damage|p1a: Arceus|59\/100\n|move|p1a: Arceus|Judgment|p2a: J\u00e9sus\n|-crit|p2a: J\u00e9sus\n|-damage|p2a: J\u00e9sus|16\/100\n|\n|-weather|RainDance|[upkeep]\n|upkeep\n|turn|17\n|\n|t:|1700730494\n|move|p2a: J\u00e9sus|Recover|p2a: J\u00e9sus\n|-heal|p2a: J\u00e9sus|66\/100\n|move|p1a: Arceus|Judgment|p2a: J\u00e9sus\n|-damage|p2a: J\u00e9sus|36\/100\n|\n|-weather|none\n|-end|p1a: Arceus|move: Taunt\n|upkeep\n|turn|18\n|\n|t:|1700730500\n|move|p2a: J\u00e9sus|Earthquake|p1a: Arceus\n|-damage|p1a: Arceus|27\/100\n|move|p1a: Arceus|Trick Room|p1a: Arceus\n|-fieldstart|move: Trick Room|[of] p1a: Arceus\n|\n|upkeep\n|turn|19\n|\n|t:|1700730505\n|move|p1a: Arceus|Healing Wish|p1a: Arceus\n|faint|p1a: Arceus\n|move|p2a: J\u00e9sus|Recover|p2a: J\u00e9sus\n|-heal|p2a: J\u00e9sus|86\/100\n|\n|upkeep\n|\n|t:|1700730509\n|switch|p1a: Calyrex|Calyrex-Ice, tera:Ice|17\/100 brn\n|-ability|p1a: Calyrex|As One\n|-ability|p1a: Calyrex|Unnerve\n|-heal|p1a: Calyrex|100\/100|[from] move: Healing Wish\n|-damage|p1a: Calyrex|76\/100|[from] Stealth Rock\n|turn|20\n|\n|t:|1700730517\n|move|p1a: Calyrex|Glacial Lance|p2a: J\u00e9sus\n|-damage|p2a: J\u00e9sus|32\/100\n|move|p2a: J\u00e9sus|Taunt|p1a: Calyrex\n|-start|p1a: Calyrex|move: Taunt\n|\n|upkeep\n|turn|21\n|n| ZacianHero160|agisgood\n|\n|t:|1700730530\n|move|p1a: Calyrex|Glacial Lance|p2a: J\u00e9sus\n|-damage|p2a: J\u00e9sus|0 fnt\n|faint|p2a: J\u00e9sus\n|-ability|p1a: Calyrex|Chilling Neigh|boost\n|-boost|p1a: Calyrex|atk|1\n|\n|upkeep\n|\n|t:|1700730533\n|switch|p2a: KingOfOU|Kingambit, M|100\/100\n|-activate|p2a: KingOfOU|ability: Supreme Overlord\n|-start|p2a: KingOfOU|fallen3|[silent]\n|turn|22\n|\n|t:|1700730542\n|move|p1a: Calyrex|High Horsepower|p2a: KingOfOU\n|-supereffective|p2a: KingOfOU\n|-damage|p2a: KingOfOU|0 fnt\n|faint|p2a: KingOfOU\n|-end|p2a: KingOfOU|fallen3|[silent]\n|-ability|p1a: Calyrex|Chilling Neigh|boost\n|-boost|p1a: Calyrex|atk|1\n|\n|-fieldend|move: Trick Room\n|upkeep\n|\n|t:|1700730553\n|switch|p2a: princesse j\u00e9sus|Arceus-Fairy|49\/100\n|turn|23\n|\n|t:|1700730557\n|move|p2a: princesse j\u00e9sus|Judgment|p1a: Calyrex\n|-damage|p1a: Calyrex|33\/100\n|move|p1a: Calyrex|Glacial Lance|p2a: princesse j\u00e9sus\n|-damage|p2a: princesse j\u00e9sus|0 fnt\n|faint|p2a: princesse j\u00e9sus\n|-ability|p1a: Calyrex|Chilling Neigh|boost\n|-boost|p1a: Calyrex|atk|1\n|\n|-end|p1a: Calyrex|move: Taunt\n|upkeep\n|\n|t:|1700730561\n|switch|p2a: Win.exe|Calyrex-Shadow|100\/100\n|-ability|p2a: Win.exe|As One\n|-ability|p2a: Win.exe|Unnerve\n|turn|24\n|j| Yang_jl\n|\n|t:|1700730567\n|move|p2a: Win.exe|Astral Barrage|p1a: Calyrex\n|-damage|p1a: Calyrex|0 fnt\n|faint|p1a: Calyrex\n|-ability|p2a: Win.exe|Grim Neigh|boost\n|-boost|p2a: Win.exe|spa|1\n|\n|upkeep\n|\n|t:|1700730570\n|switch|p1a: Koraidon|Koraidon|100\/100\n|-damage|p1a: Koraidon|94\/100|[from] Stealth Rock\n|-weather|SunnyDay|[from] ability: Orichalcum Pulse|[of] p1a: Koraidon\n|-activate|p1a: Koraidon|Orichalcum Pulse|[source]\n|turn|25\n|\n|t:|1700730578\n|move|p1a: Koraidon|Flare Blitz|p2a: Win.exe\n|-damage|p2a: Win.exe|0 fnt\n|faint|p2a: Win.exe\n|-damage|p1a: Koraidon|61\/100|[from] Recoil\n|\n|win|zhangdinglong\n|raw|zhangdinglong's rating: 1435 &rarr; <strong>1467<\/strong><br \/>(+32 for winning)\n|raw|juchan&#x2f;marie's rating: 1675 &rarr; <strong>1643<\/strong><br \/>(-32 for losing)\n|l|\u2606juchan\/marie\n|n| AGisgood\u82cd\u54cd\u4fa0|zacianhero160\n|n| ZacianHero160|agisgood\n|n| AGisgood\u82cd\u54cd\u4fa0|zacianhero160\n","uploadtime":1700730616,"views":0,"p1id":"zhangdinglong","p2id":"juchanmarie","formatid":"gen9anythinggoes","rating":1467,"private":0,"password":""}