{"id":"gen9anythinggoes-1991281599","p1":"TeamSkySecialForce","p2":"YoungEsq","format":"[Gen 9] Anything Goes","log":"|j|\u2606TeamSkySecialForce\n|j|\u2606YoungEsq\n|t:|1700063990\n|gametype|singles\n|player|p1|TeamSkySecialForce|palmer|1169\n|player|p2|YoungEsq|170|1264\n|teamsize|p1|6\n|teamsize|p2|6\n|gen|9\n|tier|[Gen 9] Anything Goes\n|rated|\n|rule|HP Percentage Mod: HP is shown in percentages\n|rule|Endless Battle Clause: Forcing endless battles is banned\n|clearpoke\n|poke|p1|Thundurus-Therian, M|\n|poke|p1|Mandibuzz, F|\n|poke|p1|Yanmega, F|\n|poke|p1|Articuno-Galar|\n|poke|p1|Zapdos|\n|poke|p1|Hawlucha, F|\n|poke|p2|Ting-Lu|\n|poke|p2|Gholdengo|\n|poke|p2|Roaring Moon|\n|poke|p2|Chi-Yu|\n|poke|p2|Samurott-Hisui, M|\n|poke|p2|Mandibuzz, F|\n|teampreview\n|\n|t:|1700063992\n|start\n|switch|p1a: Zapdos|Zapdos|100\/100\n|switch|p2a: Ting-Lu|Ting-Lu|100\/100\n|-ability|p2a: Ting-Lu|Vessel of Ruin\n|turn|1\n|inactive|Battle timer is ON: inactive players will automatically lose when time's up. (requested by YoungEsq)\n|\n|t:|1700064001\n|-terastallize|p1a: Zapdos|Water\n|move|p1a: Zapdos|Tera Blast|p2a: Ting-Lu|[anim] Tera Blast Water\n|-supereffective|p2a: Ting-Lu\n|-damage|p2a: Ting-Lu|68\/100\n|move|p2a: Ting-Lu|Stealth Rock|p1a: Zapdos\n|-sidestart|p1: TeamSkySecialForce|move: Stealth Rock\n|\n|-heal|p2a: Ting-Lu|74\/100|[from] item: Leftovers\n|upkeep\n|turn|2\n|\n|t:|1700064008\n|move|p1a: Zapdos|Tera Blast|p2a: Ting-Lu|[anim] Tera Blast Water\n|-supereffective|p2a: Ting-Lu\n|-damage|p2a: Ting-Lu|43\/100\n|move|p2a: Ting-Lu|Whirlwind|p1a: Zapdos\n|drag|p1a: Yanmega|Yanmega, F|100\/100\n|-damage|p1a: Yanmega|50\/100|[from] Stealth Rock\n|\n|-heal|p1a: Yanmega|57\/100|[from] item: Leftovers\n|-heal|p2a: Ting-Lu|50\/100|[from] item: Leftovers\n|upkeep\n|turn|3\n|\n|t:|1700064017\n|switch|p2a: Samurott|Samurott-Hisui, M|100\/100\n|move|p1a: Yanmega|Protect||[still]\n|-fail|p1a: Yanmega\n|\n|-heal|p1a: Yanmega|63\/100|[from] item: Leftovers\n|-ability|p1a: Yanmega|Speed Boost|boost\n|-boost|p1a: Yanmega|spe|1\n|upkeep\n|turn|4\n|\n|t:|1700064024\n|move|p1a: Yanmega|Protect|p1a: Yanmega\n|-singleturn|p1a: Yanmega|Protect\n|move|p2a: Samurott|Ceaseless Edge|p1a: Yanmega\n|-activate|p1a: Yanmega|move: Protect\n|\n|-heal|p1a: Yanmega|69\/100|[from] item: Leftovers\n|-ability|p1a: Yanmega|Speed Boost|boost\n|-boost|p1a: Yanmega|spe|1\n|upkeep\n|turn|5\n|\n|t:|1700064032\n|move|p2a: Samurott|Aqua Jet|p1a: Yanmega\n|-damage|p1a: Yanmega|51\/100\n|move|p1a: Yanmega|Substitute|p1a: Yanmega\n|-start|p1a: Yanmega|Substitute\n|-damage|p1a: Yanmega|26\/100\n|\n|-heal|p1a: Yanmega|32\/100|[from] item: Leftovers\n|-ability|p1a: Yanmega|Speed Boost|boost\n|-boost|p1a: Yanmega|spe|1\n|upkeep\n|turn|6\n|\n|t:|1700064040\n|move|p1a: Yanmega|Protect|p1a: Yanmega\n|-singleturn|p1a: Yanmega|Protect\n|move|p2a: Samurott|Razor Shell|p1a: Yanmega\n|-activate|p1a: Yanmega|move: Protect\n|\n|-heal|p1a: Yanmega|39\/100|[from] item: Leftovers\n|-ability|p1a: Yanmega|Speed Boost|boost\n|-boost|p1a: Yanmega|spe|1\n|upkeep\n|turn|7\n|\n|t:|1700064051\n|move|p1a: Yanmega|Air Slash|p2a: Samurott\n|-damage|p2a: Samurott|64\/100\n|move|p2a: Samurott|Razor Shell|p1a: Yanmega\n|-end|p1a: Yanmega|Substitute\n|\n|-heal|p1a: Yanmega|45\/100|[from] item: Leftovers\n|-ability|p1a: Yanmega|Speed Boost|boost\n|-boost|p1a: Yanmega|spe|1\n|upkeep\n|turn|8\n|\n|t:|1700064067\n|switch|p2a: Ting-Lu|Ting-Lu|50\/100\n|-ability|p2a: Ting-Lu|Vessel of Ruin\n|move|p1a: Yanmega|Protect||[still]\n|-fail|p1a: Yanmega\n|\n|-heal|p1a: Yanmega|51\/100|[from] item: Leftovers\n|-heal|p2a: Ting-Lu|56\/100|[from] item: Leftovers\n|-ability|p1a: Yanmega|Speed Boost|boost\n|-boost|p1a: Yanmega|spe|1\n|upkeep\n|turn|9\n|\n|t:|1700064080\n|move|p1a: Yanmega|Protect|p1a: Yanmega\n|-singleturn|p1a: Yanmega|Protect\n|move|p2a: Ting-Lu|Whirlwind|p1a: Yanmega\n|drag|p1a: Mandibuzz|Mandibuzz, F|100\/100\n|-damage|p1a: Mandibuzz|75\/100|[from] Stealth Rock\n|\n|-heal|p1a: Mandibuzz|82\/100|[from] item: Leftovers\n|-heal|p2a: Ting-Lu|62\/100|[from] item: Leftovers\n|upkeep\n|turn|10\n|\n|t:|1700064090\n|switch|p2a: Samurott|Samurott-Hisui, M|64\/100\n|move|p1a: Mandibuzz|Toxic|p2a: Samurott|[miss]\n|-miss|p1a: Mandibuzz|p2a: Samurott\n|\n|-heal|p1a: Mandibuzz|88\/100|[from] item: Leftovers\n|upkeep\n|turn|11\n|\n|t:|1700064097\n|move|p2a: Samurott|Ceaseless Edge|p1a: Mandibuzz\n|-resisted|p1a: Mandibuzz\n|-damage|p1a: Mandibuzz|74\/100\n|-ability|p1a: Mandibuzz|Weak Armor|boost\n|-unboost|p1a: Mandibuzz|def|1\n|-boost|p1a: Mandibuzz|spe|2\n|-sidestart|p1: TeamSkySecialForce|Spikes\n|move|p1a: Mandibuzz|Iron Defense|p1a: Mandibuzz\n|-boost|p1a: Mandibuzz|def|2\n|\n|-heal|p1a: Mandibuzz|80\/100|[from] item: Leftovers\n|upkeep\n|turn|12\n|\n|t:|1700064108\n|move|p1a: Mandibuzz|Toxic|p2a: Samurott|[miss]\n|-miss|p1a: Mandibuzz|p2a: Samurott\n|move|p2a: Samurott|Razor Shell|p1a: Mandibuzz\n|-damage|p1a: Mandibuzz|59\/100\n|-ability|p1a: Mandibuzz|Weak Armor|boost\n|-unboost|p1a: Mandibuzz|def|1\n|-boost|p1a: Mandibuzz|spe|2\n|\n|-heal|p1a: Mandibuzz|65\/100|[from] item: Leftovers\n|upkeep\n|turn|13\n|\n|t:|1700064119\n|move|p1a: Mandibuzz|Iron Defense|p1a: Mandibuzz\n|-boost|p1a: Mandibuzz|def|2\n|move|p2a: Samurott|Razor Shell|p1a: Mandibuzz\n|-damage|p1a: Mandibuzz|49\/100\n|-ability|p1a: Mandibuzz|Weak Armor|boost\n|-unboost|p1a: Mandibuzz|def|1\n|-boost|p1a: Mandibuzz|spe|2\n|\n|-heal|p1a: Mandibuzz|55\/100|[from] item: Leftovers\n|upkeep\n|turn|14\n|\n|t:|1700064127\n|switch|p2a: Gholdengo|Gholdengo|100\/100\n|-item|p2a: Gholdengo|Air Balloon\n|move|p1a: Mandibuzz|Iron Defense|p1a: Mandibuzz\n|-boost|p1a: Mandibuzz|def|2\n|\n|-heal|p1a: Mandibuzz|61\/100|[from] item: Leftovers\n|upkeep\n|turn|15\n|\n|t:|1700064136\n|move|p1a: Mandibuzz|Shadow Ball|p2a: Gholdengo\n|-supereffective|p2a: Gholdengo\n|-damage|p2a: Gholdengo|74\/100\n|-enditem|p2a: Gholdengo|Air Balloon\n|move|p2a: Gholdengo|Make It Rain|p1a: Mandibuzz\n|-damage|p1a: Mandibuzz|4\/100\n|-unboost|p2a: Gholdengo|spa|1\n|\n|-heal|p1a: Mandibuzz|10\/100|[from] item: Leftovers\n|upkeep\n|turn|16\n|\n|t:|1700064147\n|move|p1a: Mandibuzz|Shadow Ball|p2a: Gholdengo\n|-supereffective|p2a: Gholdengo\n|-damage|p2a: Gholdengo|49\/100\n|move|p2a: Gholdengo|Shadow Ball|p1a: Mandibuzz\n|-resisted|p1a: Mandibuzz\n|-damage|p1a: Mandibuzz|0 fnt\n|faint|p1a: Mandibuzz\n|\n|upkeep\n|\n|t:|1700064158\n|switch|p1a: Hawlucha|Hawlucha, F, shiny|100\/100\n|-damage|p1a: Hawlucha|88\/100|[from] Stealth Rock\n|turn|17\n|\n|t:|1700064164\n|switch|p2a: Ting-Lu|Ting-Lu|62\/100\n|-ability|p2a: Ting-Lu|Vessel of Ruin\n|move|p1a: Hawlucha|Defog|p2a: Ting-Lu\n|-unboost|p2a: Ting-Lu|evasion|1\n|-sideend|p1: TeamSkySecialForce|Spikes|[from] move: Defog|[of] p1a: Hawlucha\n|-sideend|p1: TeamSkySecialForce|Stealth Rock|[from] move: Defog|[of] p1a: Hawlucha\n|\n|-heal|p2a: Ting-Lu|68\/100|[from] item: Leftovers\n|upkeep\n|turn|18\n|\n|t:|1700064173\n|move|p1a: Hawlucha|Iron Head|p2a: Ting-Lu\n|-damage|p2a: Ting-Lu|57\/100\n|move|p2a: Ting-Lu|Whirlwind|p1a: Hawlucha\n|drag|p1a: Thundurus|Thundurus-Therian, M|100\/100\n|\n|-heal|p2a: Ting-Lu|63\/100|[from] item: Leftovers\n|upkeep\n|turn|19\n|\n|t:|1700064180\n|move|p1a: Thundurus|Knock Off|p2a: Ting-Lu\n|-resisted|p2a: Ting-Lu\n|-damage|p2a: Ting-Lu|57\/100\n|-enditem|p2a: Ting-Lu|Leftovers|[from] move: Knock Off|[of] p1a: Thundurus\n|move|p2a: Ting-Lu|Stealth Rock|p1a: Thundurus\n|-sidestart|p1: TeamSkySecialForce|move: Stealth Rock\n|\n|upkeep\n|turn|20\n|\n|t:|1700064187\n|switch|p2a: Samurott|Samurott-Hisui, M|64\/100\n|move|p1a: Thundurus|Sludge Bomb|p2a: Samurott\n|-damage|p2a: Samurott|29\/100\n|\n|upkeep\n|turn|21\n|\n|t:|1700064194\n|move|p1a: Thundurus|Wildbolt Storm|p2a: Samurott\n|-supereffective|p2a: Samurott\n|-damage|p2a: Samurott|0 fnt\n|faint|p2a: Samurott\n|\n|upkeep\n|\n|t:|1700064204\n|switch|p2a: Mandibuzz|Mandibuzz, F|100\/100\n|turn|22\n|\n|t:|1700064208\n|-terastallize|p2a: Mandibuzz|Grass\n|move|p1a: Thundurus|Knock Off|p2a: Mandibuzz\n|-damage|p2a: Mandibuzz|81\/100\n|-enditem|p2a: Mandibuzz|Heavy-Duty Boots|[from] move: Knock Off|[of] p1a: Thundurus\n|move|p2a: Mandibuzz|Toxic|p1a: Thundurus\n|-status|p1a: Thundurus|tox\n|\n|-damage|p1a: Thundurus|94\/100 tox|[from] psn\n|upkeep\n|turn|23\n|\n|t:|1700064217\n|switch|p2a: Gholdengo|Gholdengo|49\/100\n|move|p1a: Thundurus|Sludge Bomb|p2a: Gholdengo\n|-immune|p2a: Gholdengo\n|\n|-damage|p1a: Thundurus|82\/100 tox|[from] psn\n|upkeep\n|turn|24\n|\n|t:|1700064224\n|move|p2a: Gholdengo|Recover|p2a: Gholdengo\n|-heal|p2a: Gholdengo|99\/100\n|move|p1a: Thundurus|Wildbolt Storm|p2a: Gholdengo\n|-damage|p2a: Gholdengo|38\/100\n|-status|p2a: Gholdengo|par\n|\n|-damage|p1a: Thundurus|64\/100 tox|[from] psn\n|upkeep\n|turn|25\n|\n|t:|1700064232\n|move|p1a: Thundurus|Wildbolt Storm|p2a: Gholdengo\n|-damage|p2a: Gholdengo|0 fnt\n|faint|p2a: Gholdengo\n|\n|-damage|p1a: Thundurus|40\/100 tox|[from] psn\n|upkeep\n|\n|t:|1700064238\n|switch|p2a: Chi-Yu|Chi-Yu|100\/100\n|-ability|p2a: Chi-Yu|Beads of Ruin\n|turn|26\n|\n|t:|1700064247\n|move|p2a: Chi-Yu|Psychic|p1a: Thundurus\n|-damage|p1a: Thundurus|0 fnt\n|faint|p1a: Thundurus\n|\n|upkeep\n|\n|t:|1700064251\n|switch|p1a: Hawlucha|Hawlucha, F, shiny|88\/100\n|-damage|p1a: Hawlucha|76\/100|[from] Stealth Rock\n|turn|27\n|\n|t:|1700064255\n|move|p2a: Chi-Yu|Psychic|p1a: Hawlucha\n|-supereffective|p1a: Hawlucha\n|-damage|p1a: Hawlucha|0 fnt\n|faint|p1a: Hawlucha\n|\n|upkeep\n|\n|t:|1700064259\n|switch|p1a: Zapdos|Zapdos, tera:Water|100\/100\n|-damage|p1a: Zapdos|88\/100|[from] Stealth Rock\n|turn|28\n|\n|t:|1700064262\n|switch|p2a: Mandibuzz|Mandibuzz, F, tera:Grass|81\/100\n|move|p1a: Zapdos|Tera Blast|p2a: Mandibuzz|[anim] Tera Blast Water\n|-resisted|p2a: Mandibuzz\n|-crit|p2a: Mandibuzz\n|-damage|p2a: Mandibuzz|64\/100\n|\n|upkeep\n|turn|29\n|\n|t:|1700064268\n|move|p1a: Zapdos|Thunderbolt|p2a: Mandibuzz\n|-resisted|p2a: Mandibuzz\n|-damage|p2a: Mandibuzz|50\/100\n|move|p2a: Mandibuzz|Toxic|p1a: Zapdos\n|-status|p1a: Zapdos|tox\n|\n|-damage|p1a: Zapdos|82\/100 tox|[from] psn\n|upkeep\n|turn|30\n|\n|t:|1700064276\n|move|p1a: Zapdos|Thunderbolt|p2a: Mandibuzz\n|-resisted|p2a: Mandibuzz\n|-damage|p2a: Mandibuzz|36\/100\n|move|p2a: Mandibuzz|Roost|p2a: Mandibuzz\n|-heal|p2a: Mandibuzz|86\/100\n|\n|-damage|p1a: Zapdos|69\/100 tox|[from] psn\n|upkeep\n|turn|31\n|\n|t:|1700064283\n|move|p1a: Zapdos|Thunderbolt|p2a: Mandibuzz\n|-resisted|p2a: Mandibuzz\n|-damage|p2a: Mandibuzz|73\/100\n|move|p2a: Mandibuzz|Roost|p2a: Mandibuzz\n|-heal|p2a: Mandibuzz|100\/100\n|\n|-damage|p1a: Zapdos|51\/100 tox|[from] psn\n|upkeep\n|turn|32\n|\n|t:|1700064290\n|switch|p2a: Ting-Lu|Ting-Lu|57\/100\n|-ability|p2a: Ting-Lu|Vessel of Ruin\n|move|p1a: Zapdos|Roost|p1a: Zapdos\n|-heal|p1a: Zapdos|100\/100 tox\n|\n|-damage|p1a: Zapdos|76\/100 tox|[from] psn\n|upkeep\n|turn|33\n|\n|t:|1700064297\n|move|p1a: Zapdos|Tera Blast|p2a: Ting-Lu|[anim] Tera Blast Water\n|-supereffective|p2a: Ting-Lu\n|-damage|p2a: Ting-Lu|23\/100\n|move|p2a: Ting-Lu|Ruination|p1a: Zapdos\n|-damage|p1a: Zapdos|38\/100 tox\n|\n|-damage|p1a: Zapdos|7\/100 tox|[from] psn\n|upkeep\n|turn|34\n|\n|t:|1700064306\n|move|p1a: Zapdos|Tera Blast|p2a: Ting-Lu|[anim] Tera Blast Water\n|-supereffective|p2a: Ting-Lu\n|-damage|p2a: Ting-Lu|0 fnt\n|faint|p2a: Ting-Lu\n|\n|-damage|p1a: Zapdos|0 fnt|[from] psn\n|faint|p1a: Zapdos\n|upkeep\n|\n|t:|1700064327\n|switch|p1a: Yanmega|Yanmega, F|51\/100\n|switch|p2a: Chi-Yu|Chi-Yu|100\/100\n|-ability|p2a: Chi-Yu|Beads of Ruin\n|-damage|p1a: Yanmega|1\/100|[from] Stealth Rock\n|turn|35\n|\n|t:|1700064335\n|move|p1a: Yanmega|Protect|p1a: Yanmega\n|-singleturn|p1a: Yanmega|Protect\n|move|p2a: Chi-Yu|Flamethrower|p1a: Yanmega\n|-activate|p1a: Yanmega|move: Protect\n|\n|-heal|p1a: Yanmega|7\/100|[from] item: Leftovers\n|-ability|p1a: Yanmega|Speed Boost|boost\n|-boost|p1a: Yanmega|spe|1\n|upkeep\n|turn|36\n|\n|t:|1700064344\n|move|p2a: Chi-Yu|Flamethrower|p1a: Yanmega\n|-supereffective|p1a: Yanmega\n|-damage|p1a: Yanmega|0 fnt\n|faint|p1a: Yanmega\n|\n|upkeep\n|\n|t:|1700064348\n|switch|p1a: Articuno|Articuno-Galar|100\/100\n|-damage|p1a: Articuno|76\/100|[from] Stealth Rock\n|turn|37\n|\n|t:|1700064354\n|move|p2a: Chi-Yu|Flamethrower|p1a: Articuno\n|-damage|p1a: Articuno|2\/100\n|move|p1a: Articuno|Double Team|p1a: Articuno\n|-boost|p1a: Articuno|evasion|1\n|\n|upkeep\n|turn|38\n|\n|t:|1700064360\n|move|p2a: Chi-Yu|Flamethrower|p1a: Articuno\n|-damage|p1a: Articuno|0 fnt\n|faint|p1a: Articuno\n|\n|win|YoungEsq\n|raw|TeamSkySecialForce's rating: 1169 &rarr; <strong>1151<\/strong><br \/>(-18 for losing)\n|raw|YoungEsq's rating: 1264 &rarr; <strong>1282<\/strong><br \/>(+18 for winning)\n","uploadtime":1700064363,"views":5,"p1id":"teamskysecialforce","p2id":"youngesq","formatid":"gen9anythinggoes","rating":1151,"private":0,"password":""}