{"id":"gen9anythinggoes-1987894057","p1":"SpringatitoLove","p2":"Sato ssvss","format":"[Gen 9] Anything Goes","log":"|j|\u2606SpringatitoLove\n|j|\u2606Sato ssvss\n|t:|1699646691\n|gametype|singles\n|player|p1|SpringatitoLove|lady-gen4|1020\n|player|p2|Sato ssvss|102|1000\n|teamsize|p1|6\n|teamsize|p2|3\n|gen|9\n|tier|[Gen 9] Anything Goes\n|rated|\n|rule|HP Percentage Mod: HP is shown in percentages\n|rule|Endless Battle Clause: Forcing endless battles is banned\n|clearpoke\n|poke|p1|Furret, M|\n|poke|p1|Furret, F|\n|poke|p1|Furret, F|\n|poke|p1|Furret, M|\n|poke|p1|Furret, M|\n|poke|p1|Furret, F|\n|poke|p2|Greninja-*, M|\n|poke|p2|Lucario, M|\n|poke|p2|Charizard, M|\n|teampreview\n|\n|t:|1699646700\n|start\n|switch|p1a: Furret|Furret, M|100\/100\n|switch|p2a: Lucario|Lucario, M|100\/100\n|turn|1\n|\n|t:|1699646712\n|move|p1a: Furret|Brick Break|p2a: Lucario\n|-supereffective|p2a: Lucario\n|-damage|p2a: Lucario|57\/100\n|move|p2a: Lucario|Aura Sphere|p1a: Furret\n|-supereffective|p1a: Furret\n|-damage|p1a: Furret|0 fnt\n|faint|p1a: Furret\n|\n|upkeep\n|\n|t:|1699646725\n|switch|p1a: Furret|Furret, M, shiny|100\/100\n|-item|p2a: Lucario|Focus Sash|[from] ability: Frisk|[of] p1a: Furret|[identify]\n|turn|2\n|\n|t:|1699646731\n|-terastallize|p1a: Furret|Fire\n|move|p2a: Lucario|Extreme Speed|p1a: Furret\n|-crit|p1a: Furret\n|-damage|p1a: Furret|51\/100\n|move|p1a: Furret|Tera Blast|p2a: Lucario|[anim] Tera Blast Fire\n|-supereffective|p2a: Lucario\n|-damage|p2a: Lucario|0 fnt\n|faint|p2a: Lucario\n|\n|upkeep\n|\n|t:|1699646740\n|switch|p2a: Greninja|Greninja, M|100\/100\n|turn|3\n|\n|t:|1699646745\n|move|p1a: Furret|Protect|p1a: Furret\n|-singleturn|p1a: Furret|Protect\n|move|p2a: Greninja|Water Shuriken|p1a: Furret\n|-activate|p1a: Furret|move: Protect\n|\n|upkeep\n|turn|4\n|\n|t:|1699646751\n|move|p2a: Greninja|Water Shuriken|p1a: Furret\n|-supereffective|p1a: Furret\n|-damage|p1a: Furret|26\/100\n|-supereffective|p1a: Furret\n|-damage|p1a: Furret|2\/100\n|-hitcount|p1a: Furret|2\n|move|p1a: Furret|Ice Beam|p2a: Greninja\n|-resisted|p2a: Greninja\n|-damage|p2a: Greninja|92\/100\n|\n|upkeep\n|turn|5\n|\n|t:|1699646762\n|move|p1a: Furret|Protect|p1a: Furret\n|-singleturn|p1a: Furret|Protect\n|move|p2a: Greninja|Water Shuriken|p1a: Furret\n|-activate|p1a: Furret|move: Protect\n|\n|upkeep\n|turn|6\n|\n|t:|1699646769\n|move|p2a: Greninja|Water Shuriken|p1a: Furret\n|-supereffective|p1a: Furret\n|-damage|p1a: Furret|0 fnt\n|faint|p1a: Furret\n|-ability|p2a: Greninja|Battle Bond|boost\n|-boost|p2a: Greninja|atk|1\n|-boost|p2a: Greninja|spa|1\n|-boost|p2a: Greninja|spe|1\n|-activate|p2a: Greninja|ability: Battle Bond\n|-hitcount|p1: Furret|1\n|\n|upkeep\n|\n|t:|1699646780\n|switch|p1a: Furret|Furret, M|100\/100\n|turn|7\n|\n|t:|1699646785\n|move|p2a: Greninja|Water Shuriken|p1a: Furret\n|-damage|p1a: Furret|79\/100\n|-damage|p1a: Furret|58\/100\n|-hitcount|p1a: Furret|2\n|move|p1a: Furret|Grass Knot|p2a: Greninja\n|-supereffective|p2a: Greninja\n|-damage|p2a: Greninja|72\/100\n|\n|upkeep\n|turn|8\n|\n|t:|1699646795\n|move|p2a: Greninja|Water Shuriken|p1a: Furret\n|-damage|p1a: Furret|37\/100\n|-damage|p1a: Furret|17\/100\n|-damage|p1a: Furret|0 fnt\n|faint|p1a: Furret\n|-hitcount|p1: Furret|3\n|\n|upkeep\n|c|\u2606SpringatitoLove|furet walk\n|\n|t:|1699646808\n|switch|p1a: Furret|Furret, F|100\/100\n|turn|9\n|\n|t:|1699646813\n|move|p2a: Greninja|Water Shuriken|p1a: Furret\n|-damage|p1a: Furret|83\/100\n|-damage|p1a: Furret|65\/100\n|-damage|p1a: Furret|46\/100\n|-hitcount|p1a: Furret|3\n|move|p1a: Furret|Blizzard|p2a: Greninja\n|-resisted|p2a: Greninja\n|-damage|p2a: Greninja|63\/100\n|\n|upkeep\n|turn|10\n|\n|t:|1699646824\n|move|p2a: Greninja|Water Shuriken|p1a: Furret\n|-damage|p1a: Furret|27\/100\n|-damage|p1a: Furret|10\/100\n|-hitcount|p1a: Furret|2\n|move|p1a: Furret|Facade|p2a: Greninja\n|-crit|p2a: Greninja\n|-damage|p2a: Greninja|8\/100\n|\n|upkeep\n|turn|11\n|\n|t:|1699646834\n|move|p2a: Greninja|Water Shuriken|p1a: Furret\n|-damage|p1a: Furret|0 fnt\n|faint|p1a: Furret\n|-hitcount|p1: Furret|1\n|\n|upkeep\n|\n|t:|1699646840\n|switch|p1a: Furret|Furret, F|100\/100\n|turn|12\n|\n|t:|1699646844\n|-terastallize|p2a: Greninja|Water\n|move|p2a: Greninja|Water Shuriken|p1a: Furret\n|-damage|p1a: Furret|73\/100\n|-crit|p1a: Furret\n|-damage|p1a: Furret|34\/100\n|-crit|p1a: Furret\n|-damage|p1a: Furret|0 fnt\n|faint|p1a: Furret\n|-hitcount|p1: Furret|3\n|\n|upkeep\n|\n|t:|1699646853\n|switch|p1a: Furret|Furret, F, shiny|100\/100\n|-item|p2a: Greninja|Choice Specs|[from] ability: Frisk|[of] p1a: Furret|[identify]\n|turn|13\n|\n|t:|1699646862\n|move|p2a: Greninja|Water Shuriken|p1a: Furret\n|-damage|p1a: Furret|75\/100\n|-damage|p1a: Furret|51\/100\n|-damage|p1a: Furret|24\/100\n|-hitcount|p1a: Furret|3\n|move|p1a: Furret|Fury Swipes|p2a: Greninja\n|-damage|p2a: Greninja|0 fnt\n|faint|p2a: Greninja\n|-hitcount|p2: Greninja|1\n|\n|-heal|p1a: Furret|30\/100|[from] item: Leftovers\n|upkeep\n|\n|t:|1699646873\n|switch|p2a: Charizard|Charizard, M|100\/100\n|turn|14\n|\n|t:|1699646877\n|move|p2a: Charizard|Blast Burn|p1a: Furret\n|-damage|p1a: Furret|0 fnt\n|-mustrecharge|p2a: Charizard\n|faint|p1a: Furret\n|\n|win|Sato ssvss\n|raw|SpringatitoLove's rating: 1020 &rarr; <strong>1006<\/strong><br \/>(-14 for losing)\n|raw|Sato ssvss's rating: 1000 &rarr; <strong>1042<\/strong><br \/>(+42 for winning)\n|c|\u2606SpringatitoLove|gg\n|l|\u2606SpringatitoLove\n","uploadtime":1699646899,"views":4,"p1id":"springatitolove","p2id":"satossvss","formatid":"gen9anythinggoes","rating":1006,"private":0,"password":""}