{"id":"gen9anythinggoes-1973180117","p1":"Tredz","p2":"Ptok","format":"[Gen 9] Anything Goes","log":"|j|\u2606Tredz\n|j|\u2606Ptok\n|t:|1697936460\n|gametype|singles\n|player|p1|Tredz|266|\n|player|p2|Ptok|ethan|\n|teamsize|p1|6\n|teamsize|p2|6\n|gen|9\n|tier|[Gen 9] Anything Goes\n|rule|HP Percentage Mod: HP is shown in percentages\n|rule|Endless Battle Clause: Forcing endless battles is banned\n|clearpoke\n|poke|p1|Jolteon, M|\n|poke|p1|Chi-Yu|\n|poke|p1|Iron Treads|\n|poke|p1|Weezing, F|\n|poke|p1|Grimmsnarl, M|\n|poke|p1|Lucario, M|\n|poke|p2|Volcanion|\n|poke|p2|Landorus-Therian, M|\n|poke|p2|Appletun, M|\n|poke|p2|Heatran, F|\n|poke|p2|Weezing-Galar, M|\n|poke|p2|Azelf|\n|teampreview\n|j| pogwuan\n|j| Amoongdrip\n|j| UnovaJournies\n|\n|t:|1697936556\n|start\n|switch|p1a: Grimmsnarl|Grimmsnarl, M|100\/100\n|switch|p2a: Boiling Water|Volcanion|100\/100\n|turn|1\n|c|\u2606Tredz|hm okay well my team didnt save\n|c|\u2606Tredz|o well\n|c| pogwuan|ruh woh\n|c|\u2606Tredz|just nicknames and a move or two\n|c| Amoongdrip|gg\n|c|\u2606Ptok|oh\n|c| UnovaJournies|:(\n|\n|t:|1697936632\n|move|p1a: Grimmsnarl|Light Screen|p1a: Grimmsnarl\n|-sidestart|p1: Tredz|move: Light Screen\n|move|p2a: Boiling Water|Steam Eruption|p1a: Grimmsnarl\n|-damage|p1a: Grimmsnarl|66\/100\n|\n|upkeep\n|turn|2\n|j| Siiroth\n|c| UnovaJournies|what is the boiling water cooking\n|\n|t:|1697936675\n|switch|p2a: Lando Calrissian|Landorus-Therian, M|100\/100\n|-ability|p2a: Lando Calrissian|Intimidate|boost\n|-unboost|p1a: Grimmsnarl|atk|1\n|switch|p1a: Jolteon|Jolteon, M, shiny|100\/100\n|\n|upkeep\n|turn|3\n|c| pogwuan|what was grimms nickname going to be\n|c|\u2606Tredz|cant spoil ill use theme next time\n|c| pogwuan|true\n|\n|t:|1697936735\n|move|p1a: Jolteon|Protect|p1a: Jolteon\n|-singleturn|p1a: Jolteon|Protect\n|move|p2a: Lando Calrissian|U-turn|p1a: Jolteon\n|-activate|p1a: Jolteon|move: Protect\n|\n|upkeep\n|turn|4\n|\n|t:|1697936787\n|-terastallize|p1a: Jolteon|Ice\n|move|p2a: Lando Calrissian|U-turn|p1a: Jolteon\n|-damage|p1a: Jolteon|54\/100\n|c| UnovaJournies|bro wanted to show off the tera\n|\n|t:|1697936818\n|switch|p2a: Stan|Heatran, F|100\/100|[from] U-turn\n|move|p1a: Jolteon|Tera Blast|p2a: Stan|[anim] Tera Blast Ice\n|-resisted|p2a: Stan\n|-damage|p2a: Stan|95\/100\n|\n|-heal|p2a: Stan|100\/100|[from] item: Leftovers\n|upkeep\n|turn|5\n|c|\u2606Tredz|\ud83e\udd37\u200d\u2642\ufe0f\n|c| Amoongdrip|stan the goat\n|c| UnovaJournies|gotta scout\n|c|\u2606Tredz|aight\n|c| UnovaJournies|yoooo stan the man\n|\n|t:|1697936849\n|move|p1a: Jolteon|Volt Switch|p2a: Stan\n|-damage|p2a: Stan|76\/100\n|c| pogwuan|stan is BACK\n|\n|t:|1697936916\n|switch|p1a: Iron Tredz|Iron Treads|100\/100|[from] Volt Switch\n|move|p2a: Stan|Stealth Rock|p1a: Iron Tredz\n|-sidestart|p1: Tredz|move: Stealth Rock\n|\n|-heal|p2a: Stan|82\/100|[from] item: Leftovers\n|upkeep\n|turn|6\n|c| UnovaJournies|yo he sent himself into battle\n|c| Amoongdrip|\ud83d\udd25\n|\n|t:|1697936948\n|move|p2a: Stan|Protect|p2a: Stan\n|-singleturn|p2a: Stan|Protect\n|move|p1a: Iron Tredz|Rapid Spin|p2a: Stan\n|-activate|p2a: Stan|move: Protect\n|\n|-heal|p2a: Stan|88\/100|[from] item: Leftovers\n|upkeep\n|turn|7\n|c| UnovaJournies|this is the only nickname that survived lmao\n|\n|t:|1697937022\n|switch|p2a: Lando Calrissian|Landorus-Therian, M|100\/100\n|-ability|p2a: Lando Calrissian|Intimidate|boost\n|-unboost|p1a: Iron Tredz|atk|1\n|move|p1a: Iron Tredz|Rapid Spin|p2a: Lando Calrissian\n|-damage|p2a: Lando Calrissian|86\/100\n|-boost|p1a: Iron Tredz|spe|1\n|-sideend|p1: Tredz|Stealth Rock|[from] move: Rapid Spin|[of] p1a: Iron Tredz\n|\n|upkeep\n|turn|8\n|\n|t:|1697937080\n|move|p1a: Iron Tredz|Ice Spinner|p2a: Lando Calrissian\n|-supereffective|p2a: Lando Calrissian\n|-damage|p2a: Lando Calrissian|0 fnt\n|faint|p2a: Lando Calrissian\n|\n|-sideend|p1: Tredz|move: Light Screen\n|upkeep\n|j| TredzFan1\n|c| UnovaJournies|that was cold\n|c|\u2606Tredz|\ud83d\ude44\n|\n|t:|1697937212\n|switch|p2a: Boiling Water|Volcanion|100\/100\n|turn|9\n|\n|t:|1697937270\n|move|p1a: Iron Tredz|Earthquake|p2a: Boiling Water\n|-supereffective|p2a: Boiling Water\n|-damage|p2a: Boiling Water|34\/100\n|move|p2a: Boiling Water|Flamethrower|p1a: Iron Tredz\n|-supereffective|p1a: Iron Tredz\n|-damage|p1a: Iron Tredz|0 fnt\n|faint|p1a: Iron Tredz\n|-end|p1a: Iron Tredz|Quark Drive|[silent]\n|\n|upkeep\n|\n|t:|1697937273\n|switch|p1a: funny fishy :D|Chi-Yu|100\/100\n|-ability|p1a: funny fishy :D|Beads of Ruin\n|turn|10\n|c| UnovaJournies|tee hee\n|n| TredzFan1|tredzfan1\n|c| TredzFan1|FUNNY FISH \ud83d\udc20\n|\n|t:|1697937343\n|switch|p2a: Stan|Heatran, F|88\/100\n|move|p1a: funny fishy :D|Dark Pulse|p2a: Stan\n|-damage|p2a: Stan|32\/100\n|\n|-heal|p2a: Stan|38\/100|[from] item: Leftovers\n|upkeep\n|turn|11\n|l| TredzFan1\n|c|\u2606Tredz|:(\n|c| UnovaJournies|this thing is so strong\n|c|\u2606Tredz|it is indeed\n|c| UnovaJournies|just super linear\n|\n|t:|1697937422\n|move|p2a: Stan|Protect|p2a: Stan\n|-singleturn|p2a: Stan|Protect\n|move|p1a: funny fishy :D|Dark Pulse|p2a: Stan\n|-activate|p2a: Stan|move: Protect\n|\n|-heal|p2a: Stan|44\/100|[from] item: Leftovers\n|upkeep\n|turn|12\n|\n|t:|1697937468\n|switch|p2a: Boiling Water|Volcanion|34\/100\n|move|p1a: funny fishy :D|Dark Pulse|p2a: Boiling Water\n|-damage|p2a: Boiling Water|0 fnt\n|faint|p2a: Boiling Water\n|\n|upkeep\n|\n|t:|1697937469\n|switch|p2a: Sir Topham Hatt|Weezing-Galar, M|100\/100\n|-ability|p2a: Sir Topham Hatt|Neutralizing Gas\n|turn|13\n|j| dittoboys\n|\n|t:|1697937583\n|switch|p1a: Grimmsnarl|Grimmsnarl, M|66\/100\n|move|p2a: Sir Topham Hatt|Toxic|p1a: Grimmsnarl\n|-status|p1a: Grimmsnarl|tox\n|\n|-damage|p1a: Grimmsnarl|60\/100 tox|[from] psn\n|upkeep\n|turn|14\n|\n|t:|1697937602\n|move|p1a: Grimmsnarl|Light Screen|p1a: Grimmsnarl\n|-sidestart|p1: Tredz|move: Light Screen\n|move|p2a: Sir Topham Hatt|Strange Steam|p1a: Grimmsnarl\n|-supereffective|p1a: Grimmsnarl\n|-damage|p1a: Grimmsnarl|31\/100 tox\n|\n|-damage|p1a: Grimmsnarl|19\/100 tox|[from] psn\n|upkeep\n|turn|15\n|\n|t:|1697937611\n|move|p1a: Grimmsnarl|Parting Shot|p2a: Sir Topham Hatt\n|-unboost|p2a: Sir Topham Hatt|atk|1\n|-unboost|p2a: Sir Topham Hatt|spa|1\n|c| dittoboys|its been like 10 mins and they already on turn 15 crazy\n|\n|t:|1697937699\n|switch|p1a: Lucario|Lucario, M|100\/100|[from] Parting Shot\n|move|p2a: Sir Topham Hatt|Defog|p1a: Lucario\n|-unboost|p1a: Lucario|evasion|1\n|-sideend|p1: Tredz|move: Light Screen\n|\n|upkeep\n|turn|16\n|\n|t:|1697937822\n|-end|p2a: Sir Topham Hatt|ability: Neutralizing Gas\n|switch|p2a: Zelf on a Shelf|Azelf|100\/100\n|move|p1a: Lucario|Meteor Mash|p2a: Zelf on a Shelf\n|-damage|p2a: Zelf on a Shelf|34\/100\n|\n|upkeep\n|turn|17\n|\n|t:|1697937838\n|switch|p1a: funny fishy :D|Chi-Yu|100\/100\n|-ability|p1a: funny fishy :D|Beads of Ruin\n|move|p2a: Zelf on a Shelf|Drain Punch|p1a: funny fishy :D\n|-supereffective|p1a: funny fishy :D\n|-damage|p1a: funny fishy :D|0 fnt\n|-heal|p2a: Zelf on a Shelf|80\/100|[from] drain|[of] p1a: funny fishy :D\n|faint|p1a: funny fishy :D\n|\n|upkeep\n|c|\u2606Tredz|hm\n|c|\u2606Ptok|LETS FUCKING GOOOOOOOOOOO\n|c| dittoboys|whos playing after this game?\n|c|\u2606Ptok|he didnt know my azelf set\n|c| pogwuan|oh damn\n|c| pogwuan|drain punch is tech\n|c| UnovaJournies|tf lmao\n|c| UnovaJournies|def wouldn'tve read that\n|\n|t:|1697937938\n|switch|p1a: Jolteon|Jolteon, M, shiny, tera:Ice|54\/100\n|turn|18\n|\n|t:|1697937999\n|switch|p2a: Bake Sale|Appletun, M|100\/100\n|move|p1a: Jolteon|Thunderbolt|p2a: Bake Sale\n|-resisted|p2a: Bake Sale\n|-damage|p2a: Bake Sale|89\/100\n|\n|upkeep\n|turn|19\n|\n|t:|1697938072\n|-terastallize|p2a: Bake Sale|Steel\n|move|p1a: Jolteon|Volt Switch|p2a: Bake Sale\n|-damage|p2a: Bake Sale|54\/100\n|\n|t:|1697938093\n|switch|p1a: Lucario|Lucario, M|100\/100|[from] Volt Switch\n|move|p2a: Bake Sale|Tera Blast|p1a: Lucario|[anim] Tera Blast Steel\n|-resisted|p1a: Lucario\n|-damage|p1a: Lucario|52\/100\n|\n|upkeep\n|turn|20\n|c| UnovaJournies|why does that do so much\n|c| UnovaJournies|ik it lucario but\n|\n|t:|1697938310\n|move|p1a: Lucario|Meteor Mash|p2a: Bake Sale\n|-resisted|p2a: Bake Sale\n|-damage|p2a: Bake Sale|33\/100\n|move|p2a: Bake Sale|Tera Blast|p1a: Lucario|[anim] Tera Blast Steel\n|-resisted|p1a: Lucario\n|-damage|p1a: Lucario|7\/100\n|-enditem|p1a: Lucario|Salac Berry|[eat]\n|-boost|p1a: Lucario|spe|1|[from] item: Salac Berry\n|\n|upkeep\n|turn|21\n|c| UnovaJournies|oh shit\n|c| UnovaJournies|reverse sweep time?\n|c|\u2606Tredz|dont think so\n|\n|t:|1697938352\n|move|p1a: Lucario|Earthquake|p2a: Bake Sale\n|-supereffective|p2a: Bake Sale\n|-damage|p2a: Bake Sale|0 fnt\n|faint|p2a: Bake Sale\n|\n|upkeep\n|c| pogwuan|azelf on the shelf\n|c| UnovaJournies|not without tredz fan #1\n|\n|t:|1697938366\n|switch|p2a: Sir Topham Hatt|Weezing-Galar, M|100\/100\n|-ability|p2a: Sir Topham Hatt|Neutralizing Gas\n|turn|22\n|j| TredzFan1\n|\n|t:|1697938444\n|move|p1a: Lucario|Meteor Mash|p2a: Sir Topham Hatt\n|-supereffective|p2a: Sir Topham Hatt\n|-damage|p2a: Sir Topham Hatt|39\/100\n|move|p2a: Sir Topham Hatt|Strange Steam|p1a: Lucario\n|-damage|p1a: Lucario|0 fnt\n|faint|p1a: Lucario\n|\n|-heal|p2a: Sir Topham Hatt|45\/100|[from] item: Black Sludge\n|upkeep\n|\n|t:|1697938448\n|switch|p1a: Jolteon|Jolteon, M, shiny, tera:Ice|54\/100\n|turn|23\n|c| TredzFan1|I heard I was needed\u203c\ufe0f\n|c| UnovaJournies|:D\n|c| UnovaJournies|now tredz will win\n|\n|t:|1697938522\n|move|p2a: Sir Topham Hatt|Protect|p2a: Sir Topham Hatt\n|-singleturn|p2a: Sir Topham Hatt|Protect\n|move|p1a: Jolteon|Thunderbolt|p2a: Sir Topham Hatt\n|-activate|p2a: Sir Topham Hatt|move: Protect\n|\n|-heal|p2a: Sir Topham Hatt|51\/100|[from] item: Black Sludge\n|upkeep\n|turn|24\n|l| TredzFan1\n|\n|t:|1697938584\n|move|p1a: Jolteon|Thunderbolt|p2a: Sir Topham Hatt\n|-damage|p2a: Sir Topham Hatt|0 fnt\n|faint|p2a: Sir Topham Hatt\n|-end|p2a: Sir Topham Hatt|ability: Neutralizing Gas\n|\n|upkeep\n|\n|t:|1697938588\n|switch|p2a: Stan|Heatran, F|44\/100\n|turn|25\n|j| TredzFan1\n|\n|t:|1697938637\n|move|p2a: Stan|Protect|p2a: Stan\n|-singleturn|p2a: Stan|Protect\n|move|p1a: Jolteon|Thunderbolt|p2a: Stan\n|-activate|p2a: Stan|move: Protect\n|\n|-heal|p2a: Stan|50\/100|[from] item: Leftovers\n|upkeep\n|turn|26\n|\n|t:|1697938643\n|move|p1a: Jolteon|Volt Switch|p2a: Stan\n|-damage|p2a: Stan|28\/100\n|c| UnovaJournies|oh what\n|\n|t:|1697938703\n|switch|p1a: Grimmsnarl|Grimmsnarl, M|19\/100 tox|[from] Volt Switch\n|move|p2a: Stan|Flamethrower|p1a: Grimmsnarl\n|-damage|p1a: Grimmsnarl|0 fnt\n|faint|p1a: Grimmsnarl\n|\n|-heal|p2a: Stan|34\/100|[from] item: Leftovers\n|upkeep\n|\n|t:|1697938705\n|switch|p1a: Jolteon|Jolteon, M, shiny, tera:Ice|54\/100\n|turn|27\n|\n|t:|1697938727\n|move|p2a: Stan|Protect|p2a: Stan\n|-singleturn|p2a: Stan|Protect\n|move|p1a: Jolteon|Thunderbolt|p2a: Stan\n|-activate|p2a: Stan|move: Protect\n|\n|-heal|p2a: Stan|40\/100|[from] item: Leftovers\n|upkeep\n|turn|28\n|l| TredzFan1\n|\n|t:|1697938732\n|move|p1a: Jolteon|Thunderbolt|p2a: Stan\n|-damage|p2a: Stan|9\/100\n|-status|p2a: Stan|par\n|move|p2a: Stan|Flamethrower|p1a: Jolteon\n|-supereffective|p1a: Jolteon\n|-damage|p1a: Jolteon|0 fnt\n|faint|p1a: Jolteon\n|\n|-heal|p2a: Stan|15\/100 par|[from] item: Leftovers\n|upkeep\n|c|\u2606Tredz|damn\n|\n|t:|1697938738\n|switch|p1a: Weezing|Weezing, F, shiny|100\/100\n|turn|29\n|c| pogwuan|oh shit\n|c| UnovaJournies|weezing clutches\n|c|\u2606Tredz|more spdef than i thought\n|c|\u2606Tredz|nah its gg\n|c| pogwuan|yeah i thought that lived\n|\n|t:|1697938754\n|move|p2a: Stan|Protect|p2a: Stan\n|-singleturn|p2a: Stan|Protect\n|move|p1a: Weezing|Will-O-Wisp|p2a: Stan\n|-activate|p2a: Stan|move: Protect\n|\n|-heal|p2a: Stan|21\/100 par|[from] item: Leftovers\n|upkeep\n|turn|30\n|c| pogwuan|thought it died*\n|c| UnovaJournies|oh no\n|\n|t:|1697938760\n|move|p1a: Weezing|Will-O-Wisp|p2a: Stan\n|-start|p2a: Stan|ability: Flash Fire\n|move|p2a: Stan|Flamethrower|p1a: Weezing\n|-damage|p1a: Weezing|16\/100\n|\n|-heal|p1a: Weezing|22\/100|[from] item: Leftovers\n|-heal|p2a: Stan|28\/100 par|[from] item: Leftovers\n|upkeep\n|turn|31\n|\n|t:|1697938767\n|move|p1a: Weezing|Will-O-Wisp|p2a: Stan\n|-immune|p2a: Stan|[from] ability: Flash Fire\n|cant|p2a: Stan|par\n|\n|-heal|p1a: Weezing|28\/100|[from] item: Leftovers\n|-heal|p2a: Stan|34\/100 par|[from] item: Leftovers\n|upkeep\n|turn|32\n|c| pogwuan|pain split\n|\n|t:|1697938769\n|move|p1a: Weezing|Will-O-Wisp|p2a: Stan\n|-immune|p2a: Stan|[from] ability: Flash Fire\n|cant|p2a: Stan|par\n|\n|-heal|p1a: Weezing|34\/100|[from] item: Leftovers\n|-heal|p2a: Stan|40\/100 par|[from] item: Leftovers\n|upkeep\n|turn|33\n|\n|t:|1697938770\n|move|p1a: Weezing|Will-O-Wisp|p2a: Stan\n|-immune|p2a: Stan|[from] ability: Flash Fire\n|move|p2a: Stan|Flamethrower|p1a: Weezing\n|-damage|p1a: Weezing|0 fnt\n|faint|p1a: Weezing\n|\n|win|Ptok\n|c|\u2606Tredz|gg\n|c|\u2606Ptok|gg\n|l|\u2606Tredz\n|c| pogwuan|LMAO\n|c| dittoboys|sludge bomb moment\n|c| UnovaJournies|where was my para\n","uploadtime":1697938791,"views":16,"p1id":"tredz","p2id":"ptok","formatid":"gen9anythinggoes","rating":0,"private":0,"password":""}