{"id":"gen9anythinggoes-1986869507","p1":"12Freebee","p2":"Diavola+Ska","format":"[Gen 9] Anything Goes","log":"|j|\u260612Freebee\n|j|\u2606Diavola+Ska\n|t:|1699536120\n|gametype|singles\n|player|p1|12Freebee|brycenman|1065\n|player|p2|Diavola+Ska|1|1000\n|teamsize|p1|6\n|teamsize|p2|1\n|gen|9\n|tier|[Gen 9] Anything Goes\n|rated|\n|rule|HP Percentage Mod: HP is shown in percentages\n|rule|Endless Battle Clause: Forcing endless battles is banned\n|clearpoke\n|poke|p1|Chesnaught, M|\n|poke|p1|Growlithe-Hisui, F|\n|poke|p1|Kingambit, M|\n|poke|p1|Glimmora, F|\n|poke|p1|Mimikyu, M|\n|poke|p1|Annihilape, M|\n|poke|p2|Gothitelle, M|\n|teampreview\n|\n|t:|1699536137\n|start\n|switch|p1a: Glimmora|Glimmora, F|100\/100\n|switch|p2a: Gothitelle|Gothitelle, M|100\/100\n|turn|1\n|\n|t:|1699536150\n|move|p1a: Glimmora|Spikes|p2a: Gothitelle\n|-sidestart|p2: Diavola+Ska|Spikes\n|move|p2a: Gothitelle|Calm Mind|p2a: Gothitelle\n|-boost|p2a: Gothitelle|spa|1\n|-boost|p2a: Gothitelle|spd|1\n|\n|upkeep\n|turn|2\n|\n|t:|1699536159\n|move|p2a: Gothitelle|Protect|p2a: Gothitelle\n|-singleturn|p2a: Gothitelle|Protect\n|move|p1a: Glimmora|Stealth Rock|p2a: Gothitelle\n|-sidestart|p2: Diavola+Ska|move: Stealth Rock\n|\n|upkeep\n|turn|3\n|\n|t:|1699536164\n|move|p1a: Glimmora|Spikes|p2a: Gothitelle\n|-sidestart|p2: Diavola+Ska|Spikes\n|move|p2a: Gothitelle|Calm Mind|p2a: Gothitelle\n|-boost|p2a: Gothitelle|spa|1\n|-boost|p2a: Gothitelle|spd|1\n|\n|upkeep\n|turn|4\n|\n|t:|1699536169\n|move|p2a: Gothitelle|Protect|p2a: Gothitelle\n|-singleturn|p2a: Gothitelle|Protect\n|move|p1a: Glimmora|Acid Armor|p1a: Glimmora\n|-boost|p1a: Glimmora|def|2\n|\n|upkeep\n|turn|5\n|\n|t:|1699536178\n|move|p1a: Glimmora|Acid Armor|p1a: Glimmora\n|-boost|p1a: Glimmora|def|2\n|move|p2a: Gothitelle|Calm Mind|p2a: Gothitelle\n|-boost|p2a: Gothitelle|spa|1\n|-boost|p2a: Gothitelle|spd|1\n|\n|upkeep\n|turn|6\n|\n|t:|1699536183\n|move|p2a: Gothitelle|Protect|p2a: Gothitelle\n|-singleturn|p2a: Gothitelle|Protect\n|move|p1a: Glimmora|Acid Armor|p1a: Glimmora\n|-boost|p1a: Glimmora|def|2\n|\n|upkeep\n|turn|7\n|\n|t:|1699536190\n|move|p1a: Glimmora|Spiky Shield|p1a: Glimmora\n|-singleturn|p1a: Glimmora|move: Protect\n|move|p2a: Gothitelle|Substitute|p2a: Gothitelle\n|-start|p2a: Gothitelle|Substitute\n|-damage|p2a: Gothitelle|75\/100\n|\n|upkeep\n|turn|8\n|\n|t:|1699536198\n|move|p2a: Gothitelle|Protect|p2a: Gothitelle\n|-singleturn|p2a: Gothitelle|Protect\n|move|p1a: Glimmora|Acid Armor|p1a: Glimmora\n|-boost|p1a: Glimmora|def|0\n|\n|upkeep\n|turn|9\n|\n|t:|1699536210\n|move|p1a: Glimmora|Spiky Shield|p1a: Glimmora\n|-singleturn|p1a: Glimmora|move: Protect\n|move|p2a: Gothitelle|Calm Mind|p2a: Gothitelle\n|-boost|p2a: Gothitelle|spa|1\n|-boost|p2a: Gothitelle|spd|1\n|\n|upkeep\n|turn|10\n|\n|t:|1699536217\n|move|p1a: Glimmora|Spikes|p2a: Gothitelle\n|-sidestart|p2: Diavola+Ska|Spikes\n|move|p2a: Gothitelle|Psychic|p1a: Glimmora\n|-supereffective|p1a: Glimmora\n|-enditem|p1a: Glimmora|Focus Sash\n|-damage|p1a: Glimmora|1\/100\n|\n|upkeep\n|turn|11\n|\n|t:|1699536226\n|move|p1a: Glimmora|Spiky Shield|p1a: Glimmora\n|-singleturn|p1a: Glimmora|move: Protect\n|move|p2a: Gothitelle|Psychic|p1a: Glimmora\n|-activate|p1a: Glimmora|move: Protect\n|\n|upkeep\n|turn|12\n|\n|t:|1699536234\n|move|p1a: Glimmora|Spikes||[still]\n|-fail|p1a: Glimmora\n|move|p2a: Gothitelle|Psychic|p1a: Glimmora\n|-supereffective|p1a: Glimmora\n|-damage|p1a: Glimmora|0 fnt\n|faint|p1a: Glimmora\n|\n|upkeep\n|\n|t:|1699536241\n|switch|p1a: Mimikyu|Mimikyu, M|100\/100\n|turn|13\n|\n|t:|1699536245\n|move|p1a: Mimikyu|Shadow Claw|p2a: Gothitelle\n|-supereffective|p2a: Gothitelle\n|-end|p2a: Gothitelle|Substitute\n|-damage|p1a: Mimikyu|91\/100|[from] item: Life Orb\n|move|p2a: Gothitelle|Psychic|p1a: Mimikyu\n|-activate|p1a: Mimikyu|ability: Disguise\n|-damage|p1a: Mimikyu|91\/100\n|detailschange|p1a: Mimikyu|Mimikyu-Busted, M\n|-damage|p1a: Mimikyu|78\/100|[from] pokemon: Mimikyu-Busted\n|\n|upkeep\n|turn|14\n|\n|t:|1699536255\n|move|p1a: Mimikyu|Shadow Claw|p2a: Gothitelle\n|-supereffective|p2a: Gothitelle\n|-crit|p2a: Gothitelle\n|-damage|p2a: Gothitelle|0 fnt\n|faint|p2a: Gothitelle\n|-damage|p1a: Mimikyu|68\/100|[from] item: Life Orb\n|\n|win|12Freebee\n|raw|12Freebee's rating: 1065 &rarr; <strong>1090<\/strong><br \/>(+25 for winning)\n|raw|Diavola+Ska's rating: 1000 &rarr; <strong>1000<\/strong><br \/>(+0 for losing)\n|c|\u260612Freebee|L\n|c|\u260612Freebee|gg\n|c|\u260612Freebee|ggg\n|c|\u260612Freebee|gg\n|c|\u260612Freebee|g\n|c|\u260612Freebee|g\n|c|\u260612Freebee|g\n|c|\u260612Freebee|g\n|c|\u260612Freebee|g\n|c|\u260612Freebee|g\n|c|\u260612Freebee|ggg\n|c|\u260612Freebee|gg\n|c|\u260612Freebee|gg\n|c|\u260612Freebee|g\n|c|\u260612Freebee|gg\n|l|\u2606Diavola+Ska\n","uploadtime":1699536276,"views":31,"p1id":"12freebee","p2id":"diavolaska","formatid":"gen9anythinggoes","rating":1000,"private":0,"password":""}