{"id":"gen9anythinggoes-1977805588","p1":"godnotagain6","p2":"vvvaampthe cross","format":"[Gen 9] Anything Goes","log":"|j|\u2606godnotagain6\n|j|\u2606vvvaampthe cross\n|t:|1698451798\n|gametype|singles\n|player|p1|godnotagain6|2|1198\n|player|p2|vvvaampthe cross|roxie|1357\n|teamsize|p1|6\n|teamsize|p2|6\n|gen|9\n|tier|[Gen 9] Anything Goes\n|rated|\n|rule|HP Percentage Mod: HP is shown in percentages\n|rule|Endless Battle Clause: Forcing endless battles is banned\n|clearpoke\n|poke|p1|Skeledirge, M|\n|poke|p1|Garganacl, F|\n|poke|p1|Kilowattrel, F|\n|poke|p1|Flutter Mane|\n|poke|p1|Ogerpon-Hearthflame, F|\n|poke|p1|Great Tusk|\n|poke|p2|Calyrex-Shadow|\n|poke|p2|Miraidon|\n|poke|p2|Miraidon|\n|poke|p2|Miraidon|\n|poke|p2|Miraidon|\n|poke|p2|Miraidon|\n|teampreview\n|inactive|Battle timer is ON: inactive players will automatically lose when time's up. (requested by vvvaampthe cross)\n|\n|t:|1698451806\n|start\n|switch|p1a: Kilowattrel|Kilowattrel, F|100\/100\n|switch|p2a: 1v6 Carry|Calyrex-Shadow|100\/100\n|-ability|p2a: 1v6 Carry|As One\n|-ability|p2a: 1v6 Carry|Unnerve\n|turn|1\n|\n|t:|1698451816\n|switch|p1a: Garganacl|Garganacl, F, shiny|100\/100\n|move|p2a: 1v6 Carry|Astral Barrage|p1a: Garganacl\n|-damage|p1a: Garganacl|69\/100\n|\n|-heal|p1a: Garganacl|75\/100|[from] item: Leftovers\n|upkeep\n|turn|2\n|\n|t:|1698451822\n|move|p2a: 1v6 Carry|Astral Barrage|p1a: Garganacl\n|-damage|p1a: Garganacl|41\/100\n|move|p1a: Garganacl|Salt Cure|p2a: 1v6 Carry\n|-damage|p2a: 1v6 Carry|84\/100\n|-start|p2a: 1v6 Carry|Salt Cure\n|\n|-heal|p1a: Garganacl|47\/100|[from] item: Leftovers\n|-damage|p2a: 1v6 Carry|72\/100|[from] Salt Cure\n|upkeep\n|turn|3\n|\n|t:|1698451830\n|move|p2a: 1v6 Carry|Astral Barrage|p1a: Garganacl\n|-damage|p1a: Garganacl|11\/100\n|move|p1a: Garganacl|Recover|p1a: Garganacl\n|-heal|p1a: Garganacl|61\/100\n|\n|-heal|p1a: Garganacl|67\/100|[from] item: Leftovers\n|-damage|p2a: 1v6 Carry|60\/100|[from] Salt Cure\n|upkeep\n|turn|4\n|\n|t:|1698451834\n|move|p2a: 1v6 Carry|Astral Barrage|p1a: Garganacl\n|-damage|p1a: Garganacl|33\/100\n|move|p1a: Garganacl|Salt Cure|p2a: 1v6 Carry\n|-damage|p2a: 1v6 Carry|44\/100\n|\n|-heal|p1a: Garganacl|39\/100|[from] item: Leftovers\n|-damage|p2a: 1v6 Carry|32\/100|[from] Salt Cure\n|upkeep\n|turn|5\n|\n|t:|1698451836\n|move|p2a: 1v6 Carry|Astral Barrage|p1a: Garganacl\n|-damage|p1a: Garganacl|1\/100\n|move|p1a: Garganacl|Recover|p1a: Garganacl\n|-heal|p1a: Garganacl|51\/100\n|\n|-heal|p1a: Garganacl|58\/100|[from] item: Leftovers\n|-damage|p2a: 1v6 Carry|20\/100|[from] Salt Cure\n|upkeep\n|turn|6\n|\n|t:|1698451839\n|move|p2a: 1v6 Carry|Astral Barrage|p1a: Garganacl\n|-damage|p1a: Garganacl|20\/100\n|move|p1a: Garganacl|Recover|p1a: Garganacl\n|-heal|p1a: Garganacl|70\/100\n|\n|-heal|p1a: Garganacl|76\/100|[from] item: Leftovers\n|-damage|p2a: 1v6 Carry|8\/100|[from] Salt Cure\n|upkeep\n|turn|7\n|\n|t:|1698451842\n|move|p2a: 1v6 Carry|Astral Barrage|p1a: Garganacl\n|-damage|p1a: Garganacl|44\/100\n|move|p1a: Garganacl|Recover|p1a: Garganacl\n|-heal|p1a: Garganacl|94\/100\n|\n|-heal|p1a: Garganacl|100\/100|[from] item: Leftovers\n|-damage|p2a: 1v6 Carry|0 fnt|[from] Salt Cure\n|faint|p2a: 1v6 Carry\n|upkeep\n|\n|t:|1698451850\n|switch|p2a: 1v6 Carry|Miraidon|100\/100\n|-fieldstart|move: Electric Terrain|[from] ability: Hadron Engine|[of] p2a: 1v6 Carry\n|turn|8\n|\n|t:|1698451855\n|move|p2a: 1v6 Carry|Flash Cannon|p1a: Garganacl\n|-supereffective|p1a: Garganacl\n|-damage|p1a: Garganacl|14\/100\n|move|p1a: Garganacl|Salt Cure|p2a: 1v6 Carry\n|-damage|p2a: 1v6 Carry|86\/100\n|-start|p2a: 1v6 Carry|Salt Cure\n|\n|-heal|p1a: Garganacl|20\/100|[from] item: Leftovers\n|-damage|p2a: 1v6 Carry|73\/100|[from] Salt Cure\n|upkeep\n|turn|9\n|\n|t:|1698451867\n|move|p2a: 1v6 Carry|Flash Cannon|p1a: Garganacl\n|-supereffective|p1a: Garganacl\n|-damage|p1a: Garganacl|0 fnt\n|faint|p1a: Garganacl\n|\n|-damage|p2a: 1v6 Carry|61\/100|[from] Salt Cure\n|upkeep\n|\n|t:|1698451869\n|switch|p1a: Great Tusk|Great Tusk|100\/100\n|turn|10\n|\n|t:|1698451883\n|move|p2a: 1v6 Carry|Dragon Pulse|p1a: Great Tusk\n|-damage|p1a: Great Tusk|12\/100\n|move|p1a: Great Tusk|Rapid Spin|p2a: 1v6 Carry\n|-damage|p2a: 1v6 Carry|42\/100\n|-boost|p1a: Great Tusk|spe|1\n|\n|-damage|p2a: 1v6 Carry|29\/100|[from] Salt Cure\n|upkeep\n|turn|11\n|\n|t:|1698451891\n|move|p1a: Great Tusk|Earthquake|p2a: 1v6 Carry\n|-supereffective|p2a: 1v6 Carry\n|-damage|p2a: 1v6 Carry|0 fnt\n|faint|p2a: 1v6 Carry\n|\n|upkeep\n|\n|t:|1698451893\n|switch|p2a: 1v6 Carry|Miraidon|100\/100\n|-activate|p2a: 1v6 Carry|ability: Hadron Engine\n|turn|12\n|\n|t:|1698451895\n|move|p1a: Great Tusk|Earthquake|p2a: 1v6 Carry\n|-supereffective|p2a: 1v6 Carry\n|-damage|p2a: 1v6 Carry|0 fnt\n|faint|p2a: 1v6 Carry\n|\n|-fieldend|move: Electric Terrain\n|upkeep\n|\n|t:|1698451897\n|switch|p2a: 1v6 Carry|Miraidon|100\/100\n|-fieldstart|move: Electric Terrain|[from] ability: Hadron Engine|[of] p2a: 1v6 Carry\n|turn|13\n|\n|t:|1698451902\n|move|p1a: Great Tusk|Earthquake|p2a: 1v6 Carry\n|-supereffective|p2a: 1v6 Carry\n|-damage|p2a: 1v6 Carry|0 fnt\n|faint|p2a: 1v6 Carry\n|\n|upkeep\n|\n|t:|1698451904\n|switch|p2a: 1v6 Carry|Miraidon|100\/100\n|-activate|p2a: 1v6 Carry|ability: Hadron Engine\n|turn|14\n|-message|vvvaampthe cross forfeited.\n|\n|win|godnotagain6\n|raw|godnotagain6's rating: 1198 &rarr; <strong>1234<\/strong><br \/>(+36 for winning)\n|raw|vvvaampthe cross's rating: 1357 &rarr; <strong>1328<\/strong><br \/>(-29 for losing)\n|l|\u2606vvvaampthe cross\n","uploadtime":1698451913,"views":5,"p1id":"godnotagain6","p2id":"vvvaampthecross","formatid":"gen9anythinggoes","rating":1234,"private":0,"password":""}