{"id":"gen9anythinggoes-1978160819","p1":"Wildfiree","p2":"Ellippo","format":"[Gen 9] Anything Goes","log":"|j|\u2606Wildfiree\n|j|\u2606Ellippo\n|t:|1698506646\n|gametype|singles\n|player|p1|Wildfiree|carmine-festival|1641\n|player|p2|Ellippo|lance|1667\n|teamsize|p1|6\n|teamsize|p2|6\n|gen|9\n|tier|[Gen 9] Anything Goes\n|rated|\n|rule|HP Percentage Mod: HP is shown in percentages\n|rule|Endless Battle Clause: Forcing endless battles is banned\n|clearpoke\n|poke|p1|Koraidon|\n|poke|p1|Calyrex-Shadow|\n|poke|p1|Landorus-Therian, M|\n|poke|p1|Arceus|\n|poke|p1|Arceus-Fairy|\n|poke|p1|Ting-Lu|\n|poke|p2|Basculegion, M|\n|poke|p2|Sneasler, M|\n|poke|p2|Calyrex-Shadow|\n|poke|p2|Kyogre|\n|poke|p2|Koraidon|\n|poke|p2|Arceus|\n|teampreview\n|l|\u2606Wildfiree\n|player|p1|\n|inactive|Battle timer is ON: inactive players will automatically lose when time's up. (requested by Ellippo)\n|j|\u2606Wildfiree\n|inactive|Wildfiree reconnected and has 130 seconds left.\n|player|p1|Wildfiree|carmine-festival\n|inactive|Wildfiree has 120 seconds left.\n|\n|t:|1698506708\n|start\n|switch|p1a: Calyrex|Calyrex-Shadow|100\/100\n|switch|p2a: Calyrex|Calyrex-Shadow|100\/100\n|-ability|p1a: Calyrex|As One\n|-ability|p1a: Calyrex|Unnerve\n|-ability|p2a: Calyrex|As One\n|-ability|p2a: Calyrex|Unnerve\n|turn|1\n|inactive|Ellippo has 120 seconds left.\n|\n|t:|1698506752\n|switch|p1a: Ting-Lu|Ting-Lu|100\/100\n|-ability|p1a: Ting-Lu|Vessel of Ruin\n|move|p2a: Calyrex|Astral Barrage|p1a: Ting-Lu\n|-resisted|p1a: Ting-Lu\n|-damage|p1a: Ting-Lu|86\/100\n|\n|-heal|p1a: Ting-Lu|92\/100|[from] item: Leftovers\n|upkeep\n|turn|2\n|\n|t:|1698506761\n|move|p2a: Calyrex|Nasty Plot|p2a: Calyrex\n|-boost|p2a: Calyrex|spa|2\n|move|p1a: Ting-Lu|Spikes|p2a: Calyrex\n|-sidestart|p2: Ellippo|Spikes\n|\n|-heal|p1a: Ting-Lu|98\/100|[from] item: Leftovers\n|upkeep\n|turn|3\n|inactive|Ellippo has 120 seconds left.\n|\n|t:|1698506768\n|-terastallize|p1a: Ting-Lu|Grass\n|move|p2a: Calyrex|Energy Ball|p1a: Ting-Lu\n|-resisted|p1a: Ting-Lu\n|-damage|p1a: Ting-Lu|83\/100\n|move|p1a: Ting-Lu|Earthquake|p2a: Calyrex\n|-damage|p2a: Calyrex|59\/100\n|\n|-heal|p1a: Ting-Lu|89\/100|[from] item: Leftovers\n|upkeep\n|turn|4\n|\n|t:|1698506777\n|switch|p1a: Arceus|Arceus|100\/100\n|move|p2a: Calyrex|Astral Barrage|p1a: Arceus\n|-immune|p1a: Arceus\n|\n|upkeep\n|turn|5\n|\n|t:|1698506783\n|move|p2a: Calyrex|Psychic|p1a: Arceus\n|-damage|p1a: Arceus|28\/100\n|move|p1a: Arceus|Shadow Claw|p2a: Calyrex\n|-supereffective|p2a: Calyrex\n|-damage|p2a: Calyrex|0 fnt\n|faint|p2a: Calyrex\n|\n|upkeep\n|\n|t:|1698506790\n|switch|p2a: Arceus|Arceus|100\/100\n|-damage|p2a: Arceus|88\/100|[from] Spikes\n|turn|6\n|\n|t:|1698506794\n|switch|p1a: Calyrex|Calyrex-Shadow|100\/100\n|-ability|p1a: Calyrex|As One\n|-ability|p1a: Calyrex|Unnerve\n|move|p2a: Arceus|Extreme Speed|p1a: Calyrex\n|-immune|p1a: Calyrex\n|\n|upkeep\n|turn|7\n|\n|t:|1698506802\n|move|p1a: Calyrex|Encore|p2a: Arceus\n|-start|p2a: Arceus|Encore\n|move|p2a: Arceus|Extreme Speed|p1a: Calyrex\n|-immune|p1a: Calyrex\n|\n|upkeep\n|turn|8\n|\n|t:|1698506811\n|switch|p2a: Sneasler|Sneasler, M|100\/100\n|-damage|p2a: Sneasler|88\/100|[from] Spikes\n|move|p1a: Calyrex|Nasty Plot|p1a: Calyrex\n|-boost|p1a: Calyrex|spa|2\n|\n|upkeep\n|turn|9\n|\n|t:|1698506817\n|move|p1a: Calyrex|Astral Barrage|p2a: Sneasler\n|-damage|p2a: Sneasler|0 fnt\n|faint|p2a: Sneasler\n|-ability|p1a: Calyrex|Grim Neigh|boost\n|-boost|p1a: Calyrex|spa|1\n|\n|upkeep\n|\n|t:|1698506826\n|switch|p2a: Arceus|Arceus|88\/100\n|-damage|p2a: Arceus|76\/100|[from] Spikes\n|turn|10\n|\n|t:|1698506830\n|move|p1a: Calyrex|Grass Knot|p2a: Arceus\n|-damage|p2a: Arceus|0 fnt\n|faint|p2a: Arceus\n|-ability|p1a: Calyrex|Grim Neigh|boost\n|-boost|p1a: Calyrex|spa|1\n|\n|upkeep\n|\n|t:|1698506837\n|switch|p2a: Koraidon|Koraidon|100\/100\n|-damage|p2a: Koraidon|88\/100|[from] Spikes\n|-weather|SunnyDay|[from] ability: Orichalcum Pulse|[of] p2a: Koraidon\n|-activate|p2a: Koraidon|Orichalcum Pulse|[source]\n|turn|11\n|\n|t:|1698506842\n|switch|p1a: Landorus|Landorus-Therian, M|100\/100\n|-ability|p1a: Landorus|Intimidate|boost\n|-unboost|p2a: Koraidon|atk|1\n|move|p2a: Koraidon|Flare Blitz|p1a: Landorus\n|-damage|p1a: Landorus|60\/100\n|-damage|p2a: Koraidon|72\/100|[from] item: Rocky Helmet|[of] p1a: Landorus\n|-damage|p2a: Koraidon|57\/100|[from] Recoil\n|\n|-weather|SunnyDay|[upkeep]\n|upkeep\n|turn|12\n|-message|Ellippo forfeited.\n|\n|win|Wildfiree\n|raw|Wildfiree's rating: 1641 &rarr; <strong>1662<\/strong><br \/>(+21 for winning)\n|raw|Ellippo's rating: 1667 &rarr; <strong>1646<\/strong><br \/>(-21 for losing)\n|l|\u2606Ellippo\n","uploadtime":1698506857,"views":8,"p1id":"wildfiree","p2id":"ellippo","formatid":"gen9anythinggoes","rating":1646,"private":0,"password":""}