{"id":"gen9anythinggoes-1992324420","p1":"supergamer45676","p2":"Emily Bodoo","format":"[Gen 9] Anything Goes","log":"|j|\u2606supergamer45676\n|j|\u2606Emily Bodoo\n|t:|1700174783\n|gametype|singles\n|player|p1|supergamer45676|unknown|1028\n|player|p2|Emily Bodoo|iris|1100\n|teamsize|p1|6\n|teamsize|p2|6\n|gen|9\n|tier|[Gen 9] Anything Goes\n|rated|\n|rule|HP Percentage Mod: HP is shown in percentages\n|rule|Endless Battle Clause: Forcing endless battles is banned\n|clearpoke\n|poke|p1|Grafaiai, M|\n|poke|p1|Annihilape, M|\n|poke|p1|Iron Leaves|\n|poke|p1|Pincurchin, M|\n|poke|p1|Kingambit, M|\n|poke|p1|Garganacl, M|\n|poke|p2|Mismagius, M|\n|poke|p2|Gengar, M|\n|poke|p2|Persian, M|\n|poke|p2|Snorlax, M|\n|poke|p2|Mew|\n|poke|p2|Arbok, M|\n|teampreview\n|\n|t:|1700174794\n|start\n|switch|p1a: Annihilape|Annihilape, M, shiny|100\/100\n|switch|p2a: Persian|Persian, M|100\/100\n|turn|1\n|\n|t:|1700174808\n|move|p1a: Annihilape|Drain Punch|p2a: Persian\n|-supereffective|p2a: Persian\n|-damage|p2a: Persian|0 fnt\n|faint|p2a: Persian\n|\n|upkeep\n|\n|t:|1700174818\n|switch|p2a: Mew|Mew|100\/100\n|turn|2\n|\n|t:|1700174826\n|-terastallize|p1a: Annihilape|Ghost\n|move|p2a: Mew|Imprison|p2a: Mew\n|-start|p2a: Mew|move: Imprison\n|move|p1a: Annihilape|Rage Fist|p2a: Mew\n|-supereffective|p2a: Mew\n|-damage|p2a: Mew|28\/100\n|\n|upkeep\n|turn|3\n|\n|t:|1700174836\n|move|p2a: Mew|Transform|p1a: Annihilape\n|-transform|p2a: Mew|p1a: Annihilape\n|cant|p1a: Annihilape|move: Imprison|Rage Fist\n|\n|upkeep\n|-start|p2a: Mew|typechange|Fighting\/Ghost|[silent]\n|turn|4\n|\n|t:|1700174841\n|-activate|p1a: Annihilape|move: Struggle\n|move|p1a: Annihilape|Struggle|p2a: Mew\n|-damage|p2a: Mew|9\/100\n|-enditem|p2a: Mew|Aguav Berry|[eat]\n|-heal|p2a: Mew|42\/100|[from] item: Aguav Berry\n|-damage|p1a: Annihilape|75\/100|[from] recoil\n|move|p2a: Mew|Rage Fist|p1a: Annihilape\n|-supereffective|p1a: Annihilape\n|-damage|p1a: Annihilape|0 fnt\n|faint|p1a: Annihilape\n|\n|upkeep\n|\n|t:|1700174854\n|switch|p1a: Garganacl|Garganacl, M, shiny|100\/100\n|turn|5\n|\n|t:|1700174859\n|move|p2a: Mew|Drain Punch|p1a: Garganacl\n|-supereffective|p1a: Garganacl\n|-damage|p1a: Garganacl|63\/100\n|-heal|p2a: Mew|63\/100|[from] drain|[of] p1a: Garganacl\n|move|p1a: Garganacl|Salt Cure|p2a: Mew\n|-resisted|p2a: Mew\n|-damage|p2a: Mew|55\/100\n|-start|p2a: Mew|Salt Cure\n|\n|-heal|p1a: Garganacl|69\/100|[from] item: Leftovers\n|-damage|p2a: Mew|43\/100|[from] Salt Cure\n|upkeep\n|turn|6\n|\n|t:|1700174872\n|move|p1a: Garganacl|Protect|p1a: Garganacl\n|-singleturn|p1a: Garganacl|Protect\n|move|p2a: Mew|Drain Punch|p1a: Garganacl\n|-activate|p1a: Garganacl|move: Protect\n|\n|-heal|p1a: Garganacl|75\/100|[from] item: Leftovers\n|-damage|p2a: Mew|30\/100|[from] Salt Cure\n|upkeep\n|turn|7\n|\n|t:|1700174884\n|move|p2a: Mew|Drain Punch|p1a: Garganacl\n|-supereffective|p1a: Garganacl\n|-damage|p1a: Garganacl|32\/100\n|-heal|p2a: Mew|54\/100|[from] drain|[of] p1a: Garganacl\n|move|p1a: Garganacl|Recover|p1a: Garganacl\n|-heal|p1a: Garganacl|82\/100\n|\n|-heal|p1a: Garganacl|88\/100|[from] item: Leftovers\n|-damage|p2a: Mew|41\/100|[from] Salt Cure\n|upkeep\n|turn|8\n|\n|t:|1700174896\n|move|p1a: Garganacl|Protect|p1a: Garganacl\n|-singleturn|p1a: Garganacl|Protect\n|move|p2a: Mew|Rage Fist|p1a: Garganacl\n|-activate|p1a: Garganacl|move: Protect\n|\n|-heal|p1a: Garganacl|95\/100|[from] item: Leftovers\n|-damage|p2a: Mew|29\/100|[from] Salt Cure\n|upkeep\n|turn|9\n|\n|t:|1700174909\n|move|p2a: Mew|Drain Punch|p1a: Garganacl\n|-supereffective|p1a: Garganacl\n|-damage|p1a: Garganacl|57\/100\n|-heal|p2a: Mew|49\/100|[from] drain|[of] p1a: Garganacl\n|move|p1a: Garganacl|Recover|p1a: Garganacl\n|-heal|p1a: Garganacl|100\/100\n|\n|-damage|p2a: Mew|37\/100|[from] Salt Cure\n|upkeep\n|turn|10\n|\n|t:|1700174919\n|move|p1a: Garganacl|Protect|p1a: Garganacl\n|-singleturn|p1a: Garganacl|Protect\n|move|p2a: Mew|Drain Punch|p1a: Garganacl\n|-activate|p1a: Garganacl|move: Protect\n|\n|-damage|p2a: Mew|24\/100|[from] Salt Cure\n|upkeep\n|turn|11\n|\n|t:|1700174934\n|move|p2a: Mew|Rage Fist|p1a: Garganacl\n|-damage|p1a: Garganacl|61\/100\n|move|p1a: Garganacl|Salt Cure|p2a: Mew\n|-resisted|p2a: Mew\n|-damage|p2a: Mew|17\/100\n|\n|-heal|p1a: Garganacl|67\/100|[from] item: Leftovers\n|-damage|p2a: Mew|4\/100|[from] Salt Cure\n|upkeep\n|turn|12\n|\n|t:|1700174949\n|switch|p2a: Arbok|Arbok, M|100\/100\n|-ability|p2a: Arbok|Intimidate|boost\n|-fail|p1a: Garganacl|unboost|[from] ability: Clear Body|[of] p1a: Garganacl\n|move|p1a: Garganacl|Protect||[still]\n|-fail|p1a: Garganacl\n|\n|-heal|p1a: Garganacl|74\/100|[from] item: Leftovers\n|upkeep\n|turn|13\n|\n|t:|1700174959\n|move|p2a: Arbok|Glare|p1a: Garganacl\n|-status|p1a: Garganacl|par\n|move|p1a: Garganacl|Substitute|p1a: Garganacl\n|-start|p1a: Garganacl|Substitute\n|-damage|p1a: Garganacl|49\/100 par\n|\n|-heal|p1a: Garganacl|55\/100 par|[from] item: Leftovers\n|upkeep\n|turn|14\n|\n|t:|1700174967\n|switch|p2a: Gengar|Gengar, M|100\/100\n|move|p1a: Garganacl|Salt Cure|p2a: Gengar\n|-crit|p2a: Gengar\n|-damage|p2a: Gengar|71\/100\n|-start|p2a: Gengar|Salt Cure\n|-start|p1a: Garganacl|Disable|Salt Cure|[from] ability: Cursed Body|[of] p2a: Gengar\n|\n|-heal|p1a: Garganacl|61\/100 par|[from] item: Leftovers\n|-damage|p2a: Gengar|59\/100|[from] Salt Cure\n|upkeep\n|turn|15\n|\n|t:|1700174978\n|move|p1a: Garganacl|Protect|p1a: Garganacl\n|-singleturn|p1a: Garganacl|Protect\n|move|p2a: Gengar|Perish Song|p2a: Gengar\n|-start|p1a: Garganacl|perish3|[silent]\n|-start|p2a: Gengar|perish3|[silent]\n|-fieldactivate|move: Perish Song\n|\n|-heal|p1a: Garganacl|67\/100 par|[from] item: Leftovers\n|-damage|p2a: Gengar|47\/100|[from] Salt Cure\n|-start|p2a: Gengar|perish3\n|-start|p1a: Garganacl|perish3\n|upkeep\n|turn|16\n|\n|t:|1700174989\n|switch|p2a: Arbok|Arbok, M|100\/100\n|-ability|p2a: Arbok|Intimidate|boost\n|-immune|p1a: Garganacl\n|switch|p1a: Pincurchin|Pincurchin, M, shiny|100\/100\n|-fieldstart|move: Electric Terrain|[from] ability: Electric Surge|[of] p1a: Pincurchin\n|\n|upkeep\n|turn|17\n|\n|t:|1700174998\n|move|p2a: Arbok|Coil|p2a: Arbok\n|-boost|p2a: Arbok|atk|1\n|-boost|p2a: Arbok|def|1\n|-boost|p2a: Arbok|accuracy|1\n|move|p1a: Pincurchin|Thunder Wave|p2a: Arbok\n|-status|p2a: Arbok|par\n|\n|upkeep\n|turn|18\n|\n|t:|1700175006\n|move|p2a: Arbok|Coil|p2a: Arbok\n|-boost|p2a: Arbok|atk|1\n|-boost|p2a: Arbok|def|1\n|-boost|p2a: Arbok|accuracy|1\n|move|p1a: Pincurchin|Toxic Spikes|p2a: Arbok\n|-sidestart|p2: Emily Bodoo|move: Toxic Spikes\n|\n|upkeep\n|turn|19\n|\n|t:|1700175013\n|move|p2a: Arbok|Coil|p2a: Arbok\n|-boost|p2a: Arbok|atk|1\n|-boost|p2a: Arbok|def|1\n|-boost|p2a: Arbok|accuracy|1\n|move|p1a: Pincurchin|Thunder|p2a: Arbok\n|-damage|p2a: Arbok|54\/100 par\n|\n|-heal|p2a: Arbok|60\/100 par|[from] item: Black Sludge\n|upkeep\n|turn|20\n|\n|t:|1700175021\n|move|p2a: Arbok|Protect|p2a: Arbok\n|-singleturn|p2a: Arbok|Protect\n|move|p1a: Pincurchin|Thunder|p2a: Arbok\n|-activate|p2a: Arbok|move: Protect\n|\n|-heal|p2a: Arbok|66\/100 par|[from] item: Black Sludge\n|-fieldend|move: Electric Terrain\n|upkeep\n|turn|21\n|\n|t:|1700175031\n|move|p2a: Arbok|Sucker Punch|p1a: Pincurchin\n|-damage|p1a: Pincurchin|61\/100\n|-damage|p2a: Arbok|50\/100 par|[from] item: Rocky Helmet|[of] p1a: Pincurchin\n|move|p1a: Pincurchin|Thunder|p2a: Arbok\n|-crit|p2a: Arbok\n|-damage|p2a: Arbok|0 fnt\n|faint|p2a: Arbok\n|\n|upkeep\n|\n|t:|1700175043\n|switch|p2a: Gengar|Gengar, M|47\/100\n|-sideend|p2: Emily Bodoo|move: Toxic Spikes|[of] p2a: Gengar\n|turn|22\n|\n|t:|1700175048\n|move|p2a: Gengar|Destiny Bond|p2a: Gengar\n|-singlemove|p2a: Gengar|Destiny Bond\n|move|p1a: Pincurchin|Thunder Wave|p2a: Gengar|[miss]\n|-miss|p1a: Pincurchin|p2a: Gengar\n|\n|upkeep\n|turn|23\n|-message|Emily Bodoo forfeited.\n|\n|win|supergamer45676\n|raw|supergamer45676's rating: 1028 &rarr; <strong>1071<\/strong><br \/>(+43 for winning)\n|raw|Emily Bodoo's rating: 1100 &rarr; <strong>1070<\/strong><br \/>(-30 for losing)\n|l|\u2606Emily Bodoo\n","uploadtime":1700175066,"views":4,"p1id":"supergamer45676","p2id":"emilybodoo","formatid":"gen9anythinggoes","rating":1070,"private":0,"password":""}