{"id":"gen9anythinggoes-1974412410","p1":"Mattattac","p2":"mrjosesanloquender","format":"[Gen 9] Anything Goes","log":"|j|\u2606Mattattac\n|j|\u2606mrjosesanloquender\n|t:|1698084926\n|gametype|singles\n|player|p1|Mattattac|nate|1099\n|player|p2|mrjosesanloquender|lucas|1190\n|teamsize|p1|6\n|teamsize|p2|6\n|gen|9\n|tier|[Gen 9] Anything Goes\n|rated|\n|rule|HP Percentage Mod: HP is shown in percentages\n|rule|Endless Battle Clause: Forcing endless battles is banned\n|clearpoke\n|poke|p1|Calyrex-Shadow|\n|poke|p1|Great Tusk|\n|poke|p1|Volcarona, M|\n|poke|p1|Darkrai|\n|poke|p1|Ogerpon-Hearthflame, F|\n|poke|p1|Greninja-*, M|\n|poke|p2|Dialga|\n|poke|p2|Rayquaza|\n|poke|p2|Gliscor, M|\n|poke|p2|Miraidon|\n|poke|p2|Heatran, M|\n|poke|p2|Maushold-Four|\n|teampreview\n|c|\u2606Mattattac|yo\n|inactive|Battle timer is ON: inactive players will automatically lose when time's up. (requested by Mattattac)\n|\n|t:|1698084944\n|start\n|switch|p1a: Calyrex|Calyrex-Shadow|100\/100\n|switch|p2a: rateros|Maushold-Four, shiny|100\/100\n|-ability|p1a: Calyrex|As One\n|-ability|p1a: Calyrex|Unnerve\n|turn|1\n|c|\u2606mrjosesanloquender|hola\n|c|\u2606mrjosesanloquender|hablas espa\u00f1ol?\n|c|\u2606Mattattac|no\n|c|\u2606mrjosesanloquender|a\n|inactive|mrjosesanloquender has 120 seconds left.\n|\n|t:|1698084979\n|-terastallize|p1a: Calyrex|Fairy\n|move|p1a: Calyrex|Tera Blast|p2a: rateros|[anim] Tera Blast Fairy\n|-damage|p2a: rateros|0 fnt\n|faint|p2a: rateros\n|-ability|p1a: Calyrex|Grim Neigh|boost\n|-boost|p1a: Calyrex|spa|1\n|\n|upkeep\n|inactive|mrjosesanloquender has 120 seconds left.\n|\n|t:|1698084988\n|switch|p2a: rey serp|Rayquaza, shiny|100\/100\n|-ability|p2a: rey serp|Air Lock\n|turn|2\n|\n|t:|1698084997\n|-terastallize|p2a: rey serp|Fairy\n|move|p1a: Calyrex|Tera Blast|p2a: rey serp|[anim] Tera Blast Fairy\n|-damage|p2a: rey serp|10\/100\n|move|p2a: rey serp|Air Slash|p1a: Calyrex\n|-damage|p1a: Calyrex|59\/100\n|\n|upkeep\n|turn|3\n|\n|t:|1698085004\n|move|p1a: Calyrex|Tera Blast|p2a: rey serp|[anim] Tera Blast Fairy\n|-damage|p2a: rey serp|0 fnt\n|faint|p2a: rey serp\n|-ability|p1a: Calyrex|Grim Neigh|boost\n|-boost|p1a: Calyrex|spa|1\n|\n|upkeep\n|c|\u2606mrjosesanloquender|what\n|\n|t:|1698085019\n|switch|p2a: mi madre|Dialga, shiny|100\/100\n|-ability|p2a: mi madre|Pressure\n|turn|4\n|\n|t:|1698085025\n|move|p1a: Calyrex|Tera Blast|p2a: mi madre|[anim] Tera Blast Fairy\n|-damage|p2a: mi madre|0 fnt\n|faint|p2a: mi madre\n|-ability|p1a: Calyrex|Grim Neigh|boost\n|-boost|p1a: Calyrex|spa|1\n|\n|upkeep\n|\n|t:|1698085033\n|switch|p2a: estoy hot|Heatran, M, shiny|100\/100\n|turn|5\n|\n|t:|1698085038\n|move|p1a: Calyrex|Tera Blast|p2a: estoy hot|[anim] Tera Blast Fairy\n|-resisted|p2a: estoy hot\n|-damage|p2a: estoy hot|72\/100\n|move|p2a: estoy hot|Crunch|p1a: Calyrex\n|-resisted|p1a: Calyrex\n|-damage|p1a: Calyrex|49\/100\n|\n|upkeep\n|turn|6\n|\n|t:|1698085044\n|move|p1a: Calyrex|Tera Blast|p2a: estoy hot|[anim] Tera Blast Fairy\n|-resisted|p2a: estoy hot\n|-damage|p2a: estoy hot|46\/100\n|move|p2a: estoy hot|Flamethrower|p1a: Calyrex\n|-damage|p1a: Calyrex|0 fnt\n|faint|p1a: Calyrex\n|\n|upkeep\n|\n|t:|1698085061\n|switch|p1a: Volcarona|Volcarona, M, shiny|100\/100\n|turn|7\n|c|\u2606mrjosesanloquender|what the fuck\n|\n|t:|1698085067\n|move|p1a: Volcarona|Quiver Dance|p1a: Volcarona\n|-boost|p1a: Volcarona|spa|1\n|-boost|p1a: Volcarona|spd|1\n|-boost|p1a: Volcarona|spe|1\n|move|p2a: estoy hot|Crunch|p1a: Volcarona\n|-damage|p1a: Volcarona|70\/100\n|\n|upkeep\n|turn|8\n|\n|t:|1698085076\n|move|p1a: Volcarona|Quiver Dance|p1a: Volcarona\n|-boost|p1a: Volcarona|spa|1\n|-boost|p1a: Volcarona|spd|1\n|-boost|p1a: Volcarona|spe|1\n|move|p2a: estoy hot|Flash Cannon|p1a: Volcarona\n|-resisted|p1a: Volcarona\n|-damage|p1a: Volcarona|58\/100\n|\n|upkeep\n|turn|9\n|\n|t:|1698085087\n|move|p1a: Volcarona|Fiery Dance|p2a: estoy hot\n|-start|p2a: estoy hot|ability: Flash Fire\n|move|p2a: estoy hot|Crunch|p1a: Volcarona\n|-damage|p1a: Volcarona|27\/100\n|\n|upkeep\n|turn|10\n|c|\u2606Mattattac|I'm stupid asf\n|\n|t:|1698085097\n|move|p1a: Volcarona|Bug Buzz|p2a: estoy hot\n|-resisted|p2a: estoy hot\n|-damage|p2a: estoy hot|23\/100\n|move|p2a: estoy hot|Crunch|p1a: Volcarona\n|-damage|p1a: Volcarona|0 fnt\n|faint|p1a: Volcarona\n|\n|upkeep\n|\n|t:|1698085104\n|switch|p1a: Ogerpon|Ogerpon-Hearthflame, F|100\/100\n|-ability|p1a: Ogerpon|Mold Breaker\n|turn|11\n|c|\u2606mrjosesanloquender|xd\n|\n|t:|1698085130\n|move|p1a: Ogerpon|Swords Dance|p1a: Ogerpon\n|-boost|p1a: Ogerpon|atk|2\n|move|p2a: estoy hot|Flash Cannon|p1a: Ogerpon\n|-resisted|p1a: Ogerpon\n|-damage|p1a: Ogerpon|75\/100\n|\n|upkeep\n|turn|12\n|\n|t:|1698085139\n|move|p1a: Ogerpon|Trailblaze|p2a: estoy hot\n|-resisted|p2a: estoy hot\n|-damage|p2a: estoy hot|9\/100\n|-boost|p1a: Ogerpon|spe|1\n|move|p2a: estoy hot|Flash Cannon|p1a: Ogerpon\n|-resisted|p1a: Ogerpon\n|-damage|p1a: Ogerpon|47\/100\n|\n|upkeep\n|turn|13\n|\n|t:|1698085147\n|move|p1a: Ogerpon|Trailblaze|p2a: estoy hot\n|-resisted|p2a: estoy hot\n|-damage|p2a: estoy hot|0 fnt\n|-boost|p1a: Ogerpon|spe|1\n|faint|p2a: estoy hot\n|\n|upkeep\n|\n|t:|1698085153\n|switch|p2a: cojedurro|Miraidon|100\/100\n|-fieldstart|move: Electric Terrain|[from] ability: Hadron Engine|[of] p2a: cojedurro\n|turn|14\n|\n|t:|1698085160\n|move|p1a: Ogerpon|Ivy Cudgel|p2a: cojedurro\n|-resisted|p2a: cojedurro\n|-damage|p2a: cojedurro|33\/100\n|move|p2a: cojedurro|Electro Drift|p1a: Ogerpon\n|-resisted|p1a: Ogerpon\n|-damage|p1a: Ogerpon|0 fnt\n|faint|p1a: Ogerpon\n|\n|upkeep\n|\n|t:|1698085167\n|switch|p1a: Great Tusk|Great Tusk, shiny|100\/100\n|turn|15\n|c|\u2606mrjosesanloquender|im stupid\n|c|\u2606Mattattac|why\n|\n|t:|1698085185\n|switch|p2a: pinzuo|Gliscor, M, shiny|100\/100\n|move|p1a: Great Tusk|Body Press|p2a: pinzuo\n|-resisted|p2a: pinzuo\n|-damage|p2a: pinzuo|90\/100\n|\n|-status|p2a: pinzuo|tox|[from] item: Toxic Orb\n|upkeep\n|turn|16\n|\n|t:|1698085195\n|move|p2a: pinzuo|Earthquake|p1a: Great Tusk\n|-damage|p1a: Great Tusk|80\/100\n|move|p1a: Great Tusk|Bulk Up|p1a: Great Tusk\n|-boost|p1a: Great Tusk|atk|1\n|-boost|p1a: Great Tusk|def|1\n|\n|-heal|p2a: pinzuo|100\/100 tox|[from] ability: Poison Heal\n|upkeep\n|turn|17\n|inactive|mrjosesanloquender has 120 seconds left.\n|c|\u2606mrjosesanloquender|I'm sorry if I say something bad, I don't speak much English.\n|c|\u2606Mattattac|it's fine\n|inactive|mrjosesanloquender has 90 seconds left.\n|c|\u2606mrjosesanloquender|look for this in the translator\n|\n|t:|1698085261\n|move|p2a: pinzuo|Earthquake|p1a: Great Tusk\n|-damage|p1a: Great Tusk|64\/100\n|move|p1a: Great Tusk|Bulk Up|p1a: Great Tusk\n|-boost|p1a: Great Tusk|atk|1\n|-boost|p1a: Great Tusk|def|1\n|\n|upkeep\n|turn|18\n|\n|t:|1698085273\n|move|p2a: pinzuo|Gunk Shot|p1a: Great Tusk\n|-resisted|p1a: Great Tusk\n|-damage|p1a: Great Tusk|60\/100\n|-status|p1a: Great Tusk|psn\n|move|p1a: Great Tusk|Play Rough|p2a: pinzuo\n|-damage|p2a: pinzuo|51\/100 tox\n|\n|-heal|p2a: pinzuo|64\/100 tox|[from] ability: Poison Heal\n|-damage|p1a: Great Tusk|47\/100 psn|[from] psn\n|-fieldend|move: Electric Terrain\n|upkeep\n|turn|19\n|inactive|mrjosesanloquender has 90 seconds left.\n|\n|t:|1698085289\n|move|p2a: pinzuo|Crunch|p1a: Great Tusk\n|-resisted|p1a: Great Tusk\n|-damage|p1a: Great Tusk|44\/100 psn\n|move|p1a: Great Tusk|Play Rough|p2a: pinzuo\n|-damage|p2a: pinzuo|20\/100 tox\n|\n|-heal|p2a: pinzuo|32\/100 tox|[from] ability: Poison Heal\n|-damage|p1a: Great Tusk|32\/100 psn|[from] psn\n|upkeep\n|turn|20\n|inactive|mrjosesanloquender has 90 seconds left.\n|\n|t:|1698085303\n|-end|p1a: Great Tusk|Protosynthesis|[silent]\n|switch|p1a: Darkrai|Darkrai, shiny|100\/100\n|move|p2a: pinzuo|Earthquake|p1a: Darkrai\n|-damage|p1a: Darkrai|54\/100\n|\n|-heal|p2a: pinzuo|45\/100 tox|[from] ability: Poison Heal\n|upkeep\n|turn|21\n|inactive|mrjosesanloquender has 90 seconds left.\n|\n|t:|1698085313\n|move|p1a: Darkrai|Nasty Plot|p1a: Darkrai\n|-boost|p1a: Darkrai|spa|2\n|move|p2a: pinzuo|Acrobatics|p1a: Darkrai\n|-damage|p1a: Darkrai|25\/100\n|\n|-heal|p2a: pinzuo|57\/100 tox|[from] ability: Poison Heal\n|upkeep\n|turn|22\n|\n|t:|1698085320\n|move|p1a: Darkrai|Dark Pulse|p2a: pinzuo\n|-damage|p2a: pinzuo|0 fnt\n|faint|p2a: pinzuo\n|\n|upkeep\n|\n|t:|1698085325\n|switch|p2a: cojedurro|Miraidon|33\/100\n|-fieldstart|move: Electric Terrain|[from] ability: Hadron Engine|[of] p2a: cojedurro\n|turn|23\n|\n|t:|1698085331\n|move|p1a: Darkrai|Dark Pulse|p2a: cojedurro\n|-damage|p2a: cojedurro|0 fnt\n|faint|p2a: cojedurro\n|\n|win|Mattattac\n|raw|Mattattac's rating: 1099 &rarr; <strong>1131<\/strong><br \/>(+32 for winning)\n|raw|mrjosesanloquender's rating: 1190 &rarr; <strong>1159<\/strong><br \/>(-31 for losing)\n|c|\u2606mrjosesanloquender|good job\n|l|\u2606mrjosesanloquender\n|c|\u2606Mattattac|you too\n","uploadtime":1698085337,"views":11,"p1id":"mattattac","p2id":"mrjosesanloquender","formatid":"gen9anythinggoes","rating":1131,"private":0,"password":""}