{"id":"gen9anythinggoes-1984289092","p1":"Sweetheart Mau","p2":"K.Graves","format":"[Gen 9] Anything Goes","log":"|j|\u2606Sweetheart Mau\n|j|\u2606K.Graves\n|t:|1699239450\n|gametype|singles\n|player|p1|Sweetheart Mau|nate|\n|player|p2|K.Graves|veteran|\n|teamsize|p1|6\n|teamsize|p2|6\n|gen|9\n|tier|[Gen 9] Anything Goes\n|rule|HP Percentage Mod: HP is shown in percentages\n|rule|Endless Battle Clause: Forcing endless battles is banned\n|clearpoke\n|poke|p1|Conkeldurr, M|\n|poke|p1|Cinderace, M|\n|poke|p1|Chi-Yu|\n|poke|p1|Milotic, M|\n|poke|p1|Klefki, F|\n|poke|p1|Palossand, F|\n|poke|p2|Gliscor, M|\n|poke|p2|Ditto|\n|poke|p2|Scizor, M|\n|poke|p2|Rotom-Wash|\n|poke|p2|Zapdos-Galar|\n|poke|p2|Iron Leaves|\n|teampreview\n|\n|t:|1699239480\n|start\n|switch|p1a: Duke|Cinderace, M|100\/100\n|switch|p2a: Gliscor|Gliscor, M|100\/100\n|turn|1\n|\n|t:|1699239506\n|switch|p1a: Neko|Milotic, M, shiny|100\/100\n|move|p2a: Gliscor|Earthquake|p1a: Neko\n|-damage|p1a: Neko|63\/100\n|\n|-status|p2a: Gliscor|tox|[from] item: Toxic Orb\n|-status|p1a: Neko|brn|[from] item: Flame Orb\n|upkeep\n|turn|2\n|\n|t:|1699239573\n|switch|p2a: Rotom|Rotom-Wash|100\/100\n|move|p1a: Neko|Recover|p1a: Neko\n|-heal|p1a: Neko|100\/100 brn\n|\n|-damage|p1a: Neko|94\/100 brn|[from] brn\n|upkeep\n|turn|3\n|\n|t:|1699239585\n|switch|p1a: Kaitlyn|Palossand, F, shiny|100\/100\n|move|p2a: Rotom|Hex|p1a: Kaitlyn\n|-supereffective|p1a: Kaitlyn\n|-damage|p1a: Kaitlyn|62\/100\n|\n|-heal|p1a: Kaitlyn|68\/100|[from] item: Leftovers\n|upkeep\n|turn|4\n|\n|t:|1699239611\n|move|p2a: Rotom|Will-O-Wisp|p1a: Kaitlyn\n|-status|p1a: Kaitlyn|brn\n|move|p1a: Kaitlyn|Stealth Rock|p2a: Rotom\n|-sidestart|p2: K.Graves|move: Stealth Rock\n|\n|-heal|p1a: Kaitlyn|74\/100 brn|[from] item: Leftovers\n|-damage|p1a: Kaitlyn|68\/100 brn|[from] brn\n|upkeep\n|turn|5\n|\n|t:|1699239623\n|switch|p1a: Daisy|Klefki, F|100\/100\n|move|p2a: Rotom|Hex|p1a: Daisy\n|-damage|p1a: Daisy|78\/100\n|\n|upkeep\n|turn|6\n|\n|t:|1699239632\n|move|p1a: Daisy|Light Screen|p1a: Daisy\n|-sidestart|p1: Sweetheart Mau|move: Light Screen\n|move|p2a: Rotom|Will-O-Wisp|p1a: Daisy\n|-status|p1a: Daisy|brn\n|\n|-damage|p1a: Daisy|72\/100 brn|[from] brn\n|upkeep\n|turn|7\n|\n|t:|1699239642\n|move|p1a: Daisy|Spikes|p2a: Rotom\n|-sidestart|p2: K.Graves|Spikes\n|move|p2a: Rotom|Hex|p1a: Daisy\n|-damage|p1a: Daisy|50\/100 brn\n|\n|-damage|p1a: Daisy|44\/100 brn|[from] brn\n|upkeep\n|turn|8\n|\n|t:|1699239664\n|switch|p1a: Yoshihiro|Conkeldurr, M|100\/100\n|move|p2a: Rotom|Hex|p1a: Yoshihiro\n|-damage|p1a: Yoshihiro|90\/100\n|\n|-status|p1a: Yoshihiro|brn|[from] item: Flame Orb\n|upkeep\n|turn|9\n|\n|t:|1699239707\n|move|p2a: Rotom|Hex|p1a: Yoshihiro\n|-damage|p1a: Yoshihiro|70\/100 brn\n|move|p1a: Yoshihiro|Ice Punch|p2a: Rotom\n|-resisted|p2a: Rotom\n|-damage|p2a: Rotom|76\/100\n|\n|-heal|p2a: Rotom|82\/100|[from] item: Leftovers\n|-damage|p1a: Yoshihiro|64\/100 brn|[from] brn\n|upkeep\n|turn|10\n|\n|t:|1699239735\n|move|p1a: Yoshihiro|Mach Punch|p2a: Rotom\n|-damage|p2a: Rotom|39\/100\n|move|p2a: Rotom|Hex|p1a: Yoshihiro\n|-damage|p1a: Yoshihiro|43\/100 brn\n|\n|-heal|p2a: Rotom|45\/100|[from] item: Leftovers\n|-damage|p1a: Yoshihiro|37\/100 brn|[from] brn\n|upkeep\n|turn|11\n|\n|t:|1699239756\n|switch|p2a: Ditto|Ditto|100\/100\n|-damage|p2a: Ditto|88\/100|[from] Stealth Rock\n|-damage|p2a: Ditto|76\/100|[from] Spikes\n|-transform|p2a: Ditto|p1a: Yoshihiro|[from] ability: Imposter\n|switch|p1a: Scott|Chi-Yu|100\/100\n|-ability|p1a: Scott|Beads of Ruin\n|\n|-heal|p2a: Ditto|82\/100|[from] item: Leftovers\n|upkeep\n|turn|12\n|\n|t:|1699239791\n|switch|p1a: Kaitlyn|Palossand, F, shiny|68\/100 brn\n|move|p2a: Ditto|Mach Punch|p1a: Kaitlyn\n|-immune|p1a: Kaitlyn\n|\n|-heal|p2a: Ditto|88\/100|[from] item: Leftovers\n|-heal|p1a: Kaitlyn|74\/100 brn|[from] item: Leftovers\n|-damage|p1a: Kaitlyn|68\/100 brn|[from] brn\n|upkeep\n|turn|13\n|\n|t:|1699239817\n|move|p2a: Ditto|Ice Punch|p1a: Kaitlyn\n|-supereffective|p1a: Kaitlyn\n|-crit|p1a: Kaitlyn\n|-damage|p1a: Kaitlyn|0 fnt\n|faint|p1a: Kaitlyn\n|\n|-heal|p2a: Ditto|94\/100|[from] item: Leftovers\n|-sideend|p1: Sweetheart Mau|move: Light Screen\n|upkeep\n|\n|t:|1699239830\n|switch|p1a: Duke|Cinderace, M|100\/100\n|turn|14\n|\n|t:|1699239861\n|-terastallize|p2a: Ditto|Poison\n|move|p1a: Duke|Zen Headbutt|p2a: Ditto\n|-start|p1a: Duke|typechange|Psychic|[from] ability: Libero\n|-supereffective|p2a: Ditto\n|-damage|p2a: Ditto|0 fnt\n|faint|p2a: Ditto\n|\n|upkeep\n|\n|t:|1699239887\n|switch|p2a: Gliscor|Gliscor, M|100\/100 tox\n|-damage|p2a: Gliscor|88\/100 tox|[from] Stealth Rock\n|turn|15\n|\n|t:|1699239913\n|switch|p1a: Neko|Milotic, M, shiny|94\/100 brn\n|move|p2a: Gliscor|Knock Off|p1a: Neko\n|-damage|p1a: Neko|79\/100 brn\n|-enditem|p1a: Neko|Flame Orb|[from] move: Knock Off|[of] p2a: Gliscor\n|\n|-heal|p2a: Gliscor|100\/100 tox|[from] ability: Poison Heal\n|-damage|p1a: Neko|73\/100 brn|[from] brn\n|upkeep\n|turn|16\n|\n|t:|1699239935\n|switch|p2a: Rotom|Rotom-Wash|45\/100\n|-damage|p2a: Rotom|33\/100|[from] Stealth Rock\n|move|p1a: Neko|Ice Beam|p2a: Rotom\n|-resisted|p2a: Rotom\n|-damage|p2a: Rotom|20\/100\n|\n|-heal|p2a: Rotom|27\/100|[from] item: Leftovers\n|-damage|p1a: Neko|66\/100 brn|[from] brn\n|upkeep\n|turn|17\n|\n|t:|1699239956\n|switch|p1a: Daisy|Klefki, F|44\/100 brn\n|move|p2a: Rotom|Thunderbolt|p1a: Daisy\n|-crit|p1a: Daisy\n|-damage|p1a: Daisy|0 fnt\n|faint|p1a: Daisy\n|\n|-heal|p2a: Rotom|33\/100|[from] item: Leftovers\n|upkeep\n|\n|t:|1699239980\n|switch|p1a: Duke|Cinderace, M|100\/100\n|turn|18\n|\n|t:|1699239993\n|move|p1a: Duke|Trailblaze|p2a: Rotom\n|-start|p1a: Duke|typechange|Grass|[from] ability: Libero\n|-supereffective|p2a: Rotom\n|-damage|p2a: Rotom|0 fnt\n|-boost|p1a: Duke|spe|1\n|faint|p2a: Rotom\n|\n|upkeep\n|\n|t:|1699240013\n|switch|p2a: Zapdos|Zapdos-Galar|100\/100\n|-damage|p2a: Zapdos|88\/100|[from] Stealth Rock\n|turn|19\n|\n|t:|1699240028\n|move|p1a: Duke|Zen Headbutt|p2a: Zapdos\n|-supereffective|p2a: Zapdos\n|-damage|p2a: Zapdos|22\/100\n|cant|p2a: Zapdos|flinch\n|\n|upkeep\n|turn|20\n|\n|t:|1699240049\n|move|p1a: Duke|Pyro Ball|p2a: Zapdos\n|-damage|p2a: Zapdos|0 fnt\n|faint|p2a: Zapdos\n|\n|upkeep\n|\n|t:|1699240066\n|switch|p2a: Gliscor|Gliscor, M|100\/100 tox\n|-damage|p2a: Gliscor|88\/100 tox|[from] Stealth Rock\n|turn|21\n|\n|t:|1699240091\n|move|p1a: Duke|U-turn|p2a: Gliscor\n|-resisted|p2a: Gliscor\n|-damage|p2a: Gliscor|80\/100 tox\n|\n|t:|1699240120\n|switch|p1a: Neko|Milotic, M, shiny|66\/100 brn|[from] U-turn\n|move|p2a: Gliscor|Knock Off|p1a: Neko\n|-crit|p1a: Neko\n|-damage|p1a: Neko|52\/100 brn\n|\n|-heal|p2a: Gliscor|92\/100 tox|[from] ability: Poison Heal\n|-damage|p1a: Neko|46\/100 brn|[from] brn\n|upkeep\n|turn|22\n|\n|t:|1699240190\n|move|p2a: Gliscor|Tailwind|p2a: Gliscor\n|-sidestart|p2: K.Graves|move: Tailwind\n|move|p1a: Neko|Recover|p1a: Neko\n|-heal|p1a: Neko|96\/100 brn\n|\n|-heal|p2a: Gliscor|100\/100 tox|[from] ability: Poison Heal\n|-damage|p1a: Neko|90\/100 brn|[from] brn\n|upkeep\n|turn|23\n|\n|t:|1699240200\n|move|p2a: Gliscor|Baton Pass|p2a: Gliscor\n|\n|t:|1699240202\n|switch|p2a: Iron Leaves|Iron Leaves|100\/100|[from] Baton Pass\n|-damage|p2a: Iron Leaves|88\/100|[from] Stealth Rock\n|-damage|p2a: Iron Leaves|76\/100|[from] Spikes\n|-enditem|p2a: Iron Leaves|Booster Energy\n|-activate|p2a: Iron Leaves|ability: Quark Drive|[fromitem]\n|-start|p2a: Iron Leaves|quarkdriveatk\n|move|p1a: Neko|Ice Beam|p2a: Iron Leaves\n|-supereffective|p2a: Iron Leaves\n|-crit|p2a: Iron Leaves\n|-damage|p2a: Iron Leaves|4\/100\n|\n|-damage|p1a: Neko|84\/100 brn|[from] brn\n|upkeep\n|turn|24\n|\n|t:|1699240220\n|move|p2a: Iron Leaves|Leaf Blade|p1a: Neko\n|-supereffective|p1a: Neko\n|-damage|p1a: Neko|0 fnt\n|faint|p1a: Neko\n|\n|upkeep\n|\n|t:|1699240227\n|switch|p1a: Yoshihiro|Conkeldurr, M|37\/100 brn\n|turn|25\n|\n|t:|1699240246\n|move|p1a: Yoshihiro|Mach Punch|p2a: Iron Leaves\n|-resisted|p2a: Iron Leaves\n|-damage|p2a: Iron Leaves|0 fnt\n|faint|p2a: Iron Leaves\n|-end|p2a: Iron Leaves|Quark Drive|[silent]\n|\n|-damage|p1a: Yoshihiro|31\/100 brn|[from] brn\n|-sideend|p2: K.Graves|move: Tailwind\n|upkeep\n|\n|t:|1699240257\n|switch|p2a: Gliscor|Gliscor, M|100\/100 tox\n|-damage|p2a: Gliscor|88\/100 tox|[from] Stealth Rock\n|turn|26\n|\n|t:|1699240266\n|move|p2a: Gliscor|Earthquake|p1a: Yoshihiro\n|-damage|p1a: Yoshihiro|3\/100 brn\n|move|p1a: Yoshihiro|Ice Punch|p2a: Gliscor\n|-supereffective|p2a: Gliscor\n|-damage|p2a: Gliscor|0 fnt\n|faint|p2a: Gliscor\n|\n|-damage|p1a: Yoshihiro|0 fnt|[from] brn\n|faint|p1a: Yoshihiro\n|upkeep\n|\n|t:|1699240277\n|switch|p2a: Scizor|Scizor, M|100\/100\n|switch|p1a: Scott|Chi-Yu|100\/100\n|-ability|p1a: Scott|Beads of Ruin\n|turn|27\n|\n|t:|1699240286\n|move|p1a: Scott|Flamethrower|p2a: Scizor\n|-supereffective|p2a: Scizor\n|-damage|p2a: Scizor|0 fnt\n|faint|p2a: Scizor\n|\n|win|Sweetheart Mau\n|c|\u2606Sweetheart Mau|gg\n|l|\u2606K.Graves\n","uploadtime":1699240377,"views":11,"p1id":"sweetheartmau","p2id":"kgraves","formatid":"gen9anythinggoes","rating":0,"private":0,"password":""}