{"id":"gen9anythinggoes-1977747837","p1":"Clrran","p2":"Kalos Baroness","format":"[Gen 9] Anything Goes","log":"|j|\u2606Clrran\n|j|\u2606Kalos Baroness\n|t:|1698444957\n|gametype|singles\n|player|p1|Clrran|waiter-gen4dp|1454\n|player|p2|Kalos Baroness|evelyn|1499\n|teamsize|p1|6\n|teamsize|p2|6\n|gen|9\n|tier|[Gen 9] Anything Goes\n|rated|\n|rule|HP Percentage Mod: HP is shown in percentages\n|rule|Endless Battle Clause: Forcing endless battles is banned\n|clearpoke\n|poke|p1|Kingambit, M|\n|poke|p1|Flutter Mane|\n|poke|p1|Garchomp, F|\n|poke|p1|Ogerpon-Hearthflame, F|\n|poke|p1|Calyrex-Shadow|\n|poke|p1|Iron Bundle|\n|poke|p2|Ditto|\n|poke|p2|Wooper-Paldea, M|\n|poke|p2|Clodsire, M|\n|poke|p2|Arceus|\n|poke|p2|Eternatus|\n|poke|p2|Calyrex-Shadow|\n|teampreview\n|inactive|Battle timer is ON: inactive players will automatically lose when time's up. (requested by Kalos Baroness)\n|\n|t:|1698444986\n|start\n|switch|p1a: Ogerpon|Ogerpon-Hearthflame, F|100\/100\n|switch|p2a: Gooper|Wooper-Paldea, M, shiny|100\/100\n|-ability|p1a: Ogerpon|Mold Breaker\n|turn|1\n|\n|t:|1698444998\n|switch|p1a: Iron Bundle|Iron Bundle|100\/100\n|-enditem|p1a: Iron Bundle|Booster Energy\n|-activate|p1a: Iron Bundle|ability: Quark Drive|[fromitem]\n|-start|p1a: Iron Bundle|quarkdrivespe\n|move|p2a: Gooper|Toxic Spikes|p1a: Iron Bundle\n|-sidestart|p1: Clrran|move: Toxic Spikes\n|\n|upkeep\n|turn|2\n|\n|t:|1698445006\n|move|p1a: Iron Bundle|Ice Beam|p2a: Gooper\n|-supereffective|p2a: Gooper\n|-damage|p2a: Gooper|0 fnt\n|faint|p2a: Gooper\n|\n|upkeep\n|\n|t:|1698445018\n|switch|p2a: Clod|Clodsire, M, shiny|100\/100\n|turn|3\n|\n|t:|1698445035\n|move|p1a: Iron Bundle|Ice Beam|p2a: Clod\n|-supereffective|p2a: Clod\n|-damage|p2a: Clod|39\/100\n|move|p2a: Clod|Stealth Rock|p1a: Iron Bundle\n|-sidestart|p1: Clrran|move: Stealth Rock\n|\n|-heal|p2a: Clod|46\/100|[from] item: Leftovers\n|upkeep\n|turn|4\n|\n|t:|1698445042\n|move|p1a: Iron Bundle|Ice Beam|p2a: Clod\n|-supereffective|p2a: Clod\n|-damage|p2a: Clod|0 fnt\n|faint|p2a: Clod\n|\n|upkeep\n|\n|t:|1698445056\n|switch|p2a: God|Arceus, shiny|100\/100\n|turn|5\n|\n|t:|1698445060\n|-terastallize|p1a: Iron Bundle|Ice\n|move|p1a: Iron Bundle|Ice Beam|p2a: God\n|-damage|p2a: God|64\/100\n|move|p2a: God|Roar|p1a: Iron Bundle\n|-end|p1a: Iron Bundle|Quark Drive|[silent]\n|drag|p1a: Calyrex|Calyrex-Shadow|100\/100\n|-ability|p1a: Calyrex|As One\n|-ability|p1a: Calyrex|Unnerve\n|-status|p1a: Calyrex|psn\n|-damage|p1a: Calyrex|88\/100 psn|[from] Stealth Rock\n|\n|-heal|p2a: God|71\/100|[from] item: Leftovers\n|-damage|p1a: Calyrex|76\/100 psn|[from] psn\n|upkeep\n|turn|6\n|\n|t:|1698445076\n|move|p1a: Calyrex|Grass Knot|p2a: God\n|-damage|p2a: God|44\/100\n|move|p2a: God|Roar|p1a: Calyrex\n|drag|p1a: Ogerpon|Ogerpon-Hearthflame, F|100\/100\n|-status|p1a: Ogerpon|psn\n|-damage|p1a: Ogerpon|75\/100 psn|[from] Stealth Rock\n|-ability|p1a: Ogerpon|Mold Breaker\n|\n|-heal|p2a: God|50\/100|[from] item: Leftovers\n|-damage|p1a: Ogerpon|63\/100 psn|[from] psn\n|upkeep\n|turn|7\n|\n|t:|1698445091\n|move|p1a: Ogerpon|Ivy Cudgel|p2a: God\n|-damage|p2a: God|13\/100\n|move|p2a: God|Recover|p2a: God\n|-heal|p2a: God|63\/100\n|\n|-heal|p2a: God|69\/100|[from] item: Leftovers\n|-damage|p1a: Ogerpon|50\/100 psn|[from] psn\n|upkeep\n|turn|8\n|l|\u2606Clrran\n|inactive|Clrran disconnected and has a minute to reconnect!\n|player|p1|\n|\n|t:|1698445115\n|move|p1a: Ogerpon|Ivy Cudgel|p2a: God\n|-damage|p2a: God|36\/100\n|move|p2a: God|Recover|p2a: God\n|-heal|p2a: God|86\/100\n|\n|-heal|p2a: God|92\/100|[from] item: Leftovers\n|-damage|p1a: Ogerpon|38\/100 psn|[from] psn\n|upkeep\n|turn|9\n|inactive|Clrran has 30 seconds to reconnect!\n|inactive|Clrran has 20 seconds to reconnect!\n|inactive|Clrran has 15 seconds to reconnect!\n|inactive|Clrran has 10 seconds to reconnect!\n|inactive|Clrran has 5 seconds to reconnect!\n|-message|Clrran lost due to inactivity.\n|\n|win|Kalos Baroness\n|raw|Clrran's rating: 1454 &rarr; <strong>1437<\/strong><br \/>(-17 for losing)\n|raw|Kalos Baroness's rating: 1499 &rarr; <strong>1516<\/strong><br \/>(+17 for winning)\n","uploadtime":1698445181,"views":5,"p1id":"clrran","p2id":"kalosbaroness","formatid":"gen9anythinggoes","rating":1437,"private":0,"password":""}