{"id":"gen9anythinggoes-1997197544","p1":"12qw12qw","p2":"godly109","format":"[Gen 9] Anything Goes","log":"|j|\u260612qw12qw\n|j|\u2606godly109\n|t:|1700774570\n|gametype|singles\n|player|p1|12qw12qw|266|\n|player|p2|godly109|169|\n|teamsize|p1|6\n|teamsize|p2|6\n|gen|9\n|tier|[Gen 9] Anything Goes\n|rule|HP Percentage Mod: HP is shown in percentages\n|rule|Endless Battle Clause: Forcing endless battles is banned\n|clearpoke\n|poke|p1|Klefki, F|\n|poke|p1|Zoroark-Hisui, F|\n|poke|p1|Slither Wing|\n|poke|p1|Typhlosion-Hisui, M|\n|poke|p1|Ninetales, F|\n|poke|p1|Rotom-Wash|\n|poke|p2|Lucario, M|\n|poke|p2|Mewtwo|\n|poke|p2|Tyranitar, M|\n|poke|p2|Weavile, F|\n|poke|p2|Arceus-Fire|\n|poke|p2|Gardevoir, M|\n|teampreview\n|\n|t:|1700774599\n|start\n|switch|p1a: Klefki|Klefki, F|100\/100\n|switch|p2a: Lucario|Lucario, M|100\/100\n|turn|1\n|\n|t:|1700774611\n|move|p2a: Lucario|Bullet Punch|p1a: Klefki\n|-damage|p1a: Klefki|80\/100\n|move|p1a: Klefki|Thunder Wave|p2a: Lucario\n|-status|p2a: Lucario|par\n|\n|upkeep\n|turn|2\n|l|\u260612qw12qw\n|player|p1|\n|j|\u260612qw12qw\n|player|p1|12qw12qw|266\n|\n|t:|1700774652\n|move|p1a: Klefki|Reflect|p1a: Klefki\n|-sidestart|p1: 12qw12qw|Reflect\n|move|p2a: Lucario|Bullet Punch|p1a: Klefki\n|-damage|p1a: Klefki|70\/100\n|\n|upkeep\n|turn|3\n|\n|t:|1700774665\n|move|p2a: Lucario|Bullet Punch|p1a: Klefki\n|-damage|p1a: Klefki|60\/100\n|move|p1a: Klefki|Foul Play|p2a: Lucario\n|-resisted|p2a: Lucario\n|-damage|p2a: Lucario|74\/100 par\n|\n|upkeep\n|turn|4\n|\n|t:|1700774710\n|switch|p2a: Arceus|Arceus-Fire|100\/100\n|move|p1a: Klefki|Light Screen|p1a: Klefki\n|-sidestart|p1: 12qw12qw|move: Light Screen\n|\n|upkeep\n|turn|5\n|\n|t:|1700774721\n|move|p2a: Arceus|Judgment|p1a: Klefki\n|-supereffective|p1a: Klefki\n|-damage|p1a: Klefki|0 fnt\n|faint|p1a: Klefki\n|\n|upkeep\n|\n|t:|1700774733\n|switch|p1a: Rotom|Rotom-Wash|100\/100\n|turn|6\n|inactive|Battle timer is ON: inactive players will automatically lose when time's up. (requested by 12qw12qw)\n|inactive|godly109 has 270 seconds left.\n|inactive|godly109 has 240 seconds left.\n|inactive|godly109 has 210 seconds left.\n|inactive|godly109 has 180 seconds left.\n|inactive|godly109 has 150 seconds left.\n|inactiveoff|Battle timer is now OFF.\n|\n|t:|1700774966\n|switch|p2a: Gardevoir|Gardevoir, M|100\/100\n|-ability|p2a: Gardevoir|Levitate|[from] ability: Trace|[of] p1a: Rotom\n|move|p1a: Rotom|Hydro Pump|p2a: Gardevoir\n|-damage|p2a: Gardevoir|57\/100\n|\n|upkeep\n|turn|7\n|\n|t:|1700774981\n|move|p2a: Gardevoir|Shadow Ball|p1a: Rotom\n|-damage|p1a: Rotom|88\/100\n|-heal|p2a: Gardevoir|59\/100|[from] item: Shell Bell|[of] p1a: Rotom\n|move|p1a: Rotom|Hydro Pump|p2a: Gardevoir\n|-damage|p2a: Gardevoir|17\/100\n|\n|-heal|p1a: Rotom|94\/100|[from] item: Leftovers\n|upkeep\n|turn|8\n|\n|t:|1700774993\n|move|p2a: Gardevoir|Moonblast|p1a: Rotom\n|-damage|p1a: Rotom|71\/100\n|-heal|p2a: Gardevoir|20\/100|[from] item: Shell Bell|[of] p1a: Rotom\n|move|p1a: Rotom|Hydro Pump|p2a: Gardevoir\n|-damage|p2a: Gardevoir|0 fnt\n|faint|p2a: Gardevoir\n|\n|-heal|p1a: Rotom|77\/100|[from] item: Leftovers\n|upkeep\n|\n|t:|1700775006\n|switch|p2a: Mewtwo|Mewtwo|100\/100\n|-ability|p2a: Mewtwo|Pressure\n|turn|9\n|\n|t:|1700775012\n|move|p2a: Mewtwo|Shadow Ball|p1a: Rotom\n|-damage|p1a: Rotom|62\/100\n|move|p1a: Rotom|Thunderbolt|p2a: Mewtwo\n|-damage|p2a: Mewtwo|66\/100\n|\n|-heal|p1a: Rotom|68\/100|[from] item: Leftovers\n|-sideend|p1: 12qw12qw|Reflect\n|upkeep\n|turn|10\n|\n|t:|1700775036\n|switch|p2a: Tyranitar|Tyranitar, M|100\/100\n|-weather|Sandstorm|[from] ability: Sand Stream|[of] p2a: Tyranitar\n|move|p1a: Rotom|Will-O-Wisp|p2a: Tyranitar|[miss]\n|-miss|p1a: Rotom|p2a: Tyranitar\n|\n|-weather|Sandstorm|[upkeep]\n|-damage|p1a: Rotom|62\/100|[from] Sandstorm\n|-heal|p1a: Rotom|68\/100|[from] item: Leftovers\n|upkeep\n|turn|11\n|\n|t:|1700775062\n|move|p1a: Rotom|Hydro Pump|p2a: Tyranitar\n|-supereffective|p2a: Tyranitar\n|-damage|p2a: Tyranitar|55\/100\n|move|p2a: Tyranitar|Earthquake|p1a: Rotom\n|-immune|p1a: Rotom|[from] ability: Levitate\n|\n|-weather|Sandstorm|[upkeep]\n|-damage|p1a: Rotom|62\/100|[from] Sandstorm\n|-heal|p1a: Rotom|68\/100|[from] item: Leftovers\n|-heal|p2a: Tyranitar|62\/100|[from] item: Leftovers\n|-sideend|p1: 12qw12qw|move: Light Screen\n|upkeep\n|turn|12\n|\n|t:|1700775092\n|switch|p2a: Mewtwo|Mewtwo|66\/100\n|-ability|p2a: Mewtwo|Pressure\n|move|p1a: Rotom|Hydro Pump|p2a: Mewtwo|[miss]\n|-miss|p1a: Rotom|p2a: Mewtwo\n|\n|-weather|Sandstorm|[upkeep]\n|-damage|p2a: Mewtwo|60\/100|[from] Sandstorm\n|-damage|p1a: Rotom|62\/100|[from] Sandstorm\n|-heal|p1a: Rotom|68\/100|[from] item: Leftovers\n|upkeep\n|turn|13\n|\n|t:|1700775107\n|move|p2a: Mewtwo|Shadow Ball|p1a: Rotom\n|-damage|p1a: Rotom|36\/100\n|move|p1a: Rotom|Hydro Pump|p2a: Mewtwo\n|-damage|p2a: Mewtwo|22\/100\n|\n|-weather|Sandstorm|[upkeep]\n|-damage|p2a: Mewtwo|16\/100|[from] Sandstorm\n|-damage|p1a: Rotom|29\/100|[from] Sandstorm\n|-heal|p1a: Rotom|36\/100|[from] item: Leftovers\n|upkeep\n|turn|14\n|\n|t:|1700775122\n|move|p2a: Mewtwo|Shadow Ball|p1a: Rotom\n|-damage|p1a: Rotom|7\/100\n|move|p1a: Rotom|Thunderbolt|p2a: Mewtwo\n|-damage|p2a: Mewtwo|0 fnt\n|faint|p2a: Mewtwo\n|\n|-weather|none\n|-heal|p1a: Rotom|14\/100|[from] item: Leftovers\n|upkeep\n|\n|t:|1700775136\n|switch|p2a: Lucario|Lucario, M|74\/100 par\n|turn|15\n|\n|t:|1700775158\n|move|p1a: Rotom|Thunderbolt|p2a: Lucario\n|-damage|p2a: Lucario|26\/100 par\n|cant|p2a: Lucario|par\n|\n|-heal|p1a: Rotom|20\/100|[from] item: Leftovers\n|upkeep\n|turn|16\n|\n|t:|1700775167\n|switch|p2a: Arceus|Arceus-Fire|100\/100\n|move|p1a: Rotom|Thunderbolt|p2a: Arceus\n|-damage|p2a: Arceus|76\/100\n|\n|-heal|p1a: Rotom|26\/100|[from] item: Leftovers\n|upkeep\n|turn|17\n|\n|t:|1700775178\n|move|p2a: Arceus|Shadow Claw|p1a: Rotom\n|-damage|p1a: Rotom|10\/100\n|move|p1a: Rotom|Volt Switch|p2a: Arceus\n|-damage|p2a: Arceus|55\/100\n|\n|t:|1700775188\n|switch|p1a: Ninetales|Ninetales, F|100\/100|[from] Volt Switch\n|\n|upkeep\n|turn|18\n|\n|t:|1700775205\n|move|p2a: Arceus|Shadow Claw|p1a: Ninetales\n|-immune|p1a: Ninetales\n|move|p1a: Ninetales|Shadow Ball|p2a: Arceus\n|-damage|p2a: Arceus|27\/100\n|-unboost|p2a: Arceus|spd|1\n|\n|upkeep\n|turn|19\n|\n|t:|1700775222\n|move|p2a: Arceus|Hyper Beam|p1a: Ninetales\n|-immune|p1a: Ninetales\n|move|p1a: Ninetales|Shadow Ball|p2a: Arceus\n|-damage|p2a: Arceus|0 fnt\n|faint|p2a: Arceus\n|\n|upkeep\n|\n|t:|1700775246\n|switch|p2a: Weavile|Weavile, F|100\/100\n|-ability|p2a: Weavile|Pressure\n|turn|20\n|\n|t:|1700775256\n|move|p1a: Ninetales|Icy Wind|p2a: Weavile\n|-resisted|p2a: Weavile\n|-damage|p2a: Weavile|92\/100\n|-unboost|p2a: Weavile|spe|1\n|move|p2a: Weavile|Ice Punch|p1a: Ninetales\n|-damage|p1a: Ninetales|21\/100\n|replace|p1a: Zoroark|Zoroark-Hisui, F\n|-end|p1a: Zoroark|Illusion\n|\n|upkeep\n|turn|21\n|\n|t:|1700775273\n|move|p1a: Zoroark|Shadow Ball|p2a: Weavile\n|-resisted|p2a: Weavile\n|-damage|p2a: Weavile|73\/100\n|-unboost|p2a: Weavile|spd|1\n|move|p2a: Weavile|Ice Punch|p1a: Zoroark\n|-damage|p1a: Zoroark|0 fnt\n|faint|p1a: Zoroark\n|\n|upkeep\n|\n|t:|1700775284\n|switch|p1a: Typhlosion|Typhlosion-Hisui, M|100\/100\n|turn|22\n|\n|t:|1700775314\n|switch|p2a: Tyranitar|Tyranitar, M|62\/100\n|-weather|Sandstorm|[from] ability: Sand Stream|[of] p2a: Tyranitar\n|move|p1a: Typhlosion|Eruption|p2a: Tyranitar\n|-resisted|p2a: Tyranitar\n|-damage|p2a: Tyranitar|40\/100\n|\n|-weather|Sandstorm|[upkeep]\n|-damage|p1a: Typhlosion|94\/100|[from] Sandstorm\n|-heal|p2a: Tyranitar|46\/100|[from] item: Leftovers\n|upkeep\n|turn|23\n|\n|t:|1700775329\n|move|p1a: Typhlosion|Eruption|p2a: Tyranitar\n|-resisted|p2a: Tyranitar\n|-damage|p2a: Tyranitar|23\/100\n|move|p2a: Tyranitar|Earthquake|p1a: Typhlosion\n|-supereffective|p1a: Typhlosion\n|-damage|p1a: Typhlosion|2\/100\n|\n|-weather|Sandstorm|[upkeep]\n|-damage|p1a: Typhlosion|0 fnt|[from] Sandstorm\n|faint|p1a: Typhlosion\n|-heal|p2a: Tyranitar|29\/100|[from] item: Leftovers\n|upkeep\n|\n|t:|1700775342\n|switch|p1a: Ninetales|Ninetales, F|100\/100\n|-weather|SunnyDay|[from] ability: Drought|[of] p1a: Ninetales\n|turn|24\n|\n|t:|1700775404\n|move|p1a: Ninetales|Solar Beam||[still]\n|-prepare|p1a: Ninetales|Solar Beam\n|-anim|p1a: Ninetales|Solar Beam|p2a: Tyranitar\n|-supereffective|p2a: Tyranitar\n|-damage|p2a: Tyranitar|0 fnt\n|faint|p2a: Tyranitar\n|\n|-weather|SunnyDay|[upkeep]\n|upkeep\n|\n|t:|1700775412\n|switch|p2a: Weavile|Weavile, F|73\/100\n|-ability|p2a: Weavile|Pressure\n|turn|25\n|\n|t:|1700775430\n|move|p2a: Weavile|Icicle Crash|p1a: Ninetales|[miss]\n|-miss|p2a: Weavile|p1a: Ninetales\n|move|p1a: Ninetales|Roar|p2a: Weavile\n|drag|p2a: Lucario|Lucario, M|26\/100 par\n|\n|-weather|SunnyDay|[upkeep]\n|upkeep\n|turn|26\n|\n|t:|1700775449\n|move|p1a: Ninetales|Fire Blast|p2a: Lucario\n|-supereffective|p2a: Lucario\n|-damage|p2a: Lucario|0 fnt\n|faint|p2a: Lucario\n|\n|-weather|SunnyDay|[upkeep]\n|upkeep\n|inactive|Battle timer is ON: inactive players will automatically lose when time's up. (requested by 12qw12qw)\n|\n|t:|1700775461\n|switch|p2a: Weavile|Weavile, F|73\/100\n|-ability|p2a: Weavile|Pressure\n|turn|27\n|\n|t:|1700775469\n|-terastallize|p2a: Weavile|Dark\n|move|p2a: Weavile|Icicle Crash|p1a: Ninetales\n|-resisted|p1a: Ninetales\n|-damage|p1a: Ninetales|71\/100\n|move|p1a: Ninetales|Fire Blast|p2a: Weavile\n|-damage|p2a: Weavile|18\/100\n|\n|-weather|SunnyDay|[upkeep]\n|upkeep\n|turn|28\n|\n|t:|1700775482\n|move|p2a: Weavile|X-Scissor|p1a: Ninetales\n|-resisted|p1a: Ninetales\n|-damage|p1a: Ninetales|53\/100\n|move|p1a: Ninetales|Roar||[still]\n|-fail|p1a: Ninetales\n|\n|-weather|SunnyDay|[upkeep]\n|upkeep\n|turn|29\n|\n|t:|1700775492\n|move|p2a: Weavile|X-Scissor|p1a: Ninetales\n|-resisted|p1a: Ninetales\n|-crit|p1a: Ninetales\n|-damage|p1a: Ninetales|23\/100\n|move|p1a: Ninetales|Roar||[still]\n|-fail|p1a: Ninetales\n|\n|-weather|SunnyDay|[upkeep]\n|upkeep\n|turn|30\n|\n|t:|1700775500\n|move|p2a: Weavile|X-Scissor|p1a: Ninetales\n|-resisted|p1a: Ninetales\n|-damage|p1a: Ninetales|6\/100\n|move|p1a: Ninetales|Roar||[still]\n|-fail|p1a: Ninetales\n|\n|-weather|SunnyDay|[upkeep]\n|upkeep\n|turn|31\n|\n|t:|1700775508\n|move|p2a: Weavile|X-Scissor|p1a: Ninetales\n|-resisted|p1a: Ninetales\n|-damage|p1a: Ninetales|0 fnt\n|faint|p1a: Ninetales\n|\n|-weather|none\n|upkeep\n|\n|t:|1700775518\n|switch|p1a: Slither Wing|Slither Wing|100\/100\n|turn|32\n|inactive|godly109 has 240 seconds left.\n|\n|t:|1700775533\n|move|p1a: Slither Wing|First Impression|p2a: Weavile\n|-supereffective|p2a: Weavile\n|-damage|p2a: Weavile|0 fnt\n|faint|p2a: Weavile\n|\n|win|12qw12qw\n","uploadtime":1700775564,"views":1,"p1id":"12qw12qw","p2id":"godly109","formatid":"gen9anythinggoes","rating":0,"private":0,"password":""}