{"id":"gen9anythinggoes-1998475420","p1":"SonicSpeedKaleb","p2":"darkrai is op","format":"[Gen 9] Anything Goes","log":"|j|\u2606SonicSpeedKaleb\n|j|\u2606darkrai is op\n|t:|1700946518\n|gametype|singles\n|player|p1|SonicSpeedKaleb|169|1280\n|player|p2|darkrai is op|n|1505\n|teamsize|p1|6\n|teamsize|p2|6\n|gen|9\n|tier|[Gen 9] Anything Goes\n|rated|\n|rule|HP Percentage Mod: HP is shown in percentages\n|rule|Endless Battle Clause: Forcing endless battles is banned\n|clearpoke\n|poke|p1|Skeledirge, M|\n|poke|p1|Pawmot, M|\n|poke|p1|Weavile, M|\n|poke|p1|Gliscor, F|\n|poke|p1|Lycanroc, M|\n|poke|p1|Koraidon|\n|poke|p2|Ribombee, M|\n|poke|p2|Gengar, M|\n|poke|p2|Greninja-*, M|\n|poke|p2|Calyrex-Shadow|\n|poke|p2|Slaking, M|\n|poke|p2|Cinderace, M|\n|teampreview\n|c|\u2606SonicSpeedKaleb|Let's rock with strats that are F A I R!\n|\n|t:|1700946545\n|start\n|switch|p1a: Weavile|Weavile, M|100\/100\n|switch|p2a: Ribombee|Ribombee, M, shiny|100\/100\n|-ability|p1a: Weavile|Pressure\n|turn|1\n|\n|t:|1700946562\n|move|p1a: Weavile|Agility|p1a: Weavile\n|-boost|p1a: Weavile|spe|2\n|move|p2a: Ribombee|Sticky Web|p1a: Weavile\n|-sidestart|p1: SonicSpeedKaleb|move: Sticky Web\n|\n|upkeep\n|turn|2\n|\n|t:|1700946568\n|move|p1a: Weavile|Swords Dance|p1a: Weavile\n|-boost|p1a: Weavile|atk|2\n|move|p2a: Ribombee|Moonblast|p1a: Weavile\n|-supereffective|p1a: Weavile\n|-enditem|p1a: Weavile|Focus Sash\n|-damage|p1a: Weavile|1\/100\n|-unboost|p1a: Weavile|spa|1\n|\n|upkeep\n|turn|3\n|\n|t:|1700946577\n|move|p1a: Weavile|Beat Up|p2a: Ribombee\n|-resisted|p2a: Ribombee\n|-damage|p2a: Ribombee|84\/100\n|-resisted|p2a: Ribombee\n|-damage|p2a: Ribombee|68\/100\n|-resisted|p2a: Ribombee\n|-damage|p2a: Ribombee|56\/100\n|-resisted|p2a: Ribombee\n|-damage|p2a: Ribombee|43\/100\n|-resisted|p2a: Ribombee\n|-damage|p2a: Ribombee|27\/100\n|-resisted|p2a: Ribombee\n|-damage|p2a: Ribombee|8\/100\n|-hitcount|p2a: Ribombee|6\n|move|p2a: Ribombee|Moonblast|p1a: Weavile\n|-supereffective|p1a: Weavile\n|-damage|p1a: Weavile|0 fnt\n|faint|p1a: Weavile\n|\n|upkeep\n|c|\u2606SonicSpeedKaleb|No, you were supposed to keep using Quiver Dance until I got enough attack power to take you out!\n|\n|t:|1700946593\n|switch|p1a: Lycanroc|Lycanroc, M|100\/100\n|-activate|p1a: Lycanroc|move: Sticky Web\n|-unboost|p1a: Lycanroc|spe|1\n|turn|4\n|c|\u2606darkrai is op|well mb\n|\n|t:|1700946597\n|move|p1a: Lycanroc|Accelerock|p2a: Ribombee\n|-supereffective|p2a: Ribombee\n|-damage|p2a: Ribombee|0 fnt\n|faint|p2a: Ribombee\n|\n|upkeep\n|\n|t:|1700946603\n|switch|p2a: Greninja|Greninja, M|100\/100\n|turn|5\n|\n|t:|1700946610\n|move|p2a: Greninja|Surf|p1a: Lycanroc\n|-supereffective|p1a: Lycanroc\n|-enditem|p1a: Lycanroc|Focus Sash\n|-damage|p1a: Lycanroc|1\/100\n|move|p1a: Lycanroc|Brick Break|p2a: Greninja\n|-supereffective|p2a: Greninja\n|-damage|p2a: Greninja|16\/100\n|\n|upkeep\n|turn|6\n|\n|t:|1700946618\n|move|p2a: Greninja|Water Shuriken|p1a: Lycanroc\n|-supereffective|p1a: Lycanroc\n|-damage|p1a: Lycanroc|0 fnt\n|faint|p1a: Lycanroc\n|-ability|p2a: Greninja|Battle Bond|boost\n|-boost|p2a: Greninja|atk|1\n|-boost|p2a: Greninja|spa|1\n|-boost|p2a: Greninja|spe|1\n|-activate|p2a: Greninja|ability: Battle Bond\n|-hitcount|p1: Lycanroc|1\n|\n|upkeep\n|\n|t:|1700946626\n|switch|p1a: Pawmot|Pawmot, M|100\/100\n|-activate|p1a: Pawmot|move: Sticky Web\n|-unboost|p1a: Pawmot|spe|1\n|turn|7\n|\n|t:|1700946631\n|move|p2a: Greninja|Surf|p1a: Pawmot\n|-enditem|p1a: Pawmot|Focus Sash\n|-damage|p1a: Pawmot|1\/100\n|move|p1a: Pawmot|Thunder Punch|p2a: Greninja\n|-supereffective|p2a: Greninja\n|-damage|p2a: Greninja|0 fnt\n|faint|p2a: Greninja\n|\n|upkeep\n|\n|t:|1700946644\n|switch|p2a: Calyrex|Calyrex-Shadow|100\/100\n|-ability|p2a: Calyrex|As One\n|-ability|p2a: Calyrex|Unnerve\n|turn|8\n|\n|t:|1700946660\n|move|p2a: Calyrex|Astral Barrage|p1a: Pawmot\n|-damage|p1a: Pawmot|0 fnt\n|faint|p1a: Pawmot\n|-ability|p2a: Calyrex|Grim Neigh|boost\n|-boost|p2a: Calyrex|spa|1\n|\n|upkeep\n|\n|t:|1700946667\n|switch|p1a: Gliscor|Gliscor, F|100\/100\n|turn|9\n|\n|t:|1700946671\n|move|p2a: Calyrex|Astral Barrage|p1a: Gliscor\n|-enditem|p1a: Gliscor|Focus Sash\n|-damage|p1a: Gliscor|1\/100\n|move|p1a: Gliscor|Agility|p1a: Gliscor\n|-boost|p1a: Gliscor|spe|2\n|\n|upkeep\n|turn|10\n|\n|t:|1700946683\n|move|p1a: Gliscor|Baton Pass|p1a: Gliscor\n|\n|t:|1700946685\n|switch|p1a: Koraidon|Koraidon|100\/100|[from] Baton Pass\n|-activate|p1a: Koraidon|move: Sticky Web\n|-unboost|p1a: Koraidon|spe|1\n|-weather|SunnyDay|[from] ability: Orichalcum Pulse|[of] p1a: Koraidon\n|-activate|p1a: Koraidon|Orichalcum Pulse|[source]\n|move|p2a: Calyrex|Giga Drain|p1a: Koraidon\n|-resisted|p1a: Koraidon\n|-damage|p1a: Koraidon|78\/100\n|\n|-weather|SunnyDay|[upkeep]\n|upkeep\n|turn|11\n|\n|t:|1700946696\n|-terastallize|p1a: Koraidon|Dragon\n|move|p1a: Koraidon|Tera Blast|p2a: Calyrex|[anim] Tera Blast Dragon\n|-damage|p2a: Calyrex|11\/100\n|move|p2a: Calyrex|Draining Kiss|p1a: Koraidon\n|-supereffective|p1a: Koraidon\n|-damage|p1a: Koraidon|16\/100\n|-heal|p2a: Calyrex|57\/100|[from] drain|[of] p1a: Koraidon\n|\n|-weather|SunnyDay|[upkeep]\n|upkeep\n|turn|12\n|\n|t:|1700946709\n|move|p1a: Koraidon|Tera Blast|p2a: Calyrex|[anim] Tera Blast Dragon\n|-damage|p2a: Calyrex|0 fnt\n|faint|p2a: Calyrex\n|\n|-weather|SunnyDay|[upkeep]\n|upkeep\n|\n|t:|1700946715\n|switch|p2a: Cinderace|Cinderace, M|100\/100\n|turn|13\n|\n|t:|1700946720\n|move|p2a: Cinderace|Sucker Punch|p1a: Koraidon\n|-start|p2a: Cinderace|typechange|Dark|[from] ability: Libero\n|-damage|p1a: Koraidon|0 fnt\n|faint|p1a: Koraidon\n|\n|-weather|SunnyDay|[upkeep]\n|upkeep\n|c|\u2606SonicSpeedKaleb|Of course you're a sucker punch hoe.\n|\n|t:|1700946731\n|switch|p1a: Skeledirge|Skeledirge, M|100\/100\n|-activate|p1a: Skeledirge|move: Sticky Web\n|-unboost|p1a: Skeledirge|spe|1\n|turn|14\n|-activate|p1a: Skeledirge|item: Quick Claw\n|\n|t:|1700946738\n|move|p2a: Cinderace|Sucker Punch|p1a: Skeledirge\n|-supereffective|p1a: Skeledirge\n|-damage|p1a: Skeledirge|47\/100\n|move|p1a: Skeledirge|Torch Song|p2a: Cinderace\n|-damage|p2a: Cinderace|14\/100\n|-boost|p1a: Skeledirge|spa|1\n|-enditem|p2a: Cinderace|Mago Berry|[eat]\n|-heal|p2a: Cinderace|47\/100|[from] item: Mago Berry\n|\n|-weather|none\n|upkeep\n|turn|15\n|\n|t:|1700946750\n|move|p2a: Cinderace|Acrobatics|p1a: Skeledirge\n|-damage|p1a: Skeledirge|22\/100\n|move|p1a: Skeledirge|Torch Song|p2a: Cinderace\n|-damage|p2a: Cinderace|0 fnt\n|-boost|p1a: Skeledirge|spa|1\n|faint|p2a: Cinderace\n|\n|upkeep\n|\n|t:|1700946759\n|switch|p2a: Gengar|Gengar, M, shiny|100\/100\n|turn|16\n|c|\u2606SonicSpeedKaleb|Quick Claw! Use activate and take out these fools!\n|c|\u2606darkrai is op|?\n|-activate|p1a: Skeledirge|item: Quick Claw\n|\n|t:|1700946771\n|move|p1a: Skeledirge|Shadow Ball|p2a: Gengar\n|-supereffective|p2a: Gengar\n|-enditem|p2a: Gengar|Focus Sash\n|-damage|p2a: Gengar|1\/100\n|move|p2a: Gengar|Shadow Ball|p1a: Skeledirge\n|-supereffective|p1a: Skeledirge\n|-damage|p1a: Skeledirge|0 fnt\n|faint|p1a: Skeledirge\n|\n|upkeep\n|-message|SonicSpeedKaleb forfeited.\n|\n|win|darkrai is op\n|raw|SonicSpeedKaleb's rating: 1280 &rarr; <strong>1269<\/strong><br \/>(-11 for losing)\n|raw|darkrai is op's rating: 1505 &rarr; <strong>1514<\/strong><br \/>(+9 for winning)\n","uploadtime":1700946730,"views":0,"p1id":"sonicspeedkaleb","p2id":"darkraiisop","formatid":"gen9anythinggoes","rating":1269,"private":0,"password":""}