{"id":"gen9anythinggoes-1973753801","p1":"Hockaj","p2":"Sundude1000","format":"[Gen 9] Anything Goes","log":"|j|\u2606Hockaj\n|j|\u2606Sundude1000\n|t:|1698009992\n|gametype|singles\n|player|p1|Hockaj|102|1377\n|player|p2|Sundude1000|dragontamer|1475\n|teamsize|p1|6\n|teamsize|p2|6\n|gen|9\n|tier|[Gen 9] Anything Goes\n|rated|\n|rule|HP Percentage Mod: HP is shown in percentages\n|rule|Endless Battle Clause: Forcing endless battles is banned\n|clearpoke\n|poke|p1|Houndstone, M|\n|poke|p1|Hippowdon, F|\n|poke|p1|Ceruledge, F|\n|poke|p1|Cinderace, M|\n|poke|p1|Ditto|\n|poke|p1|Chandelure, M|\n|poke|p2|Darkrai|\n|poke|p2|Clodsire, F|\n|poke|p2|Scovillain, M|\n|poke|p2|Koraidon|\n|poke|p2|Magearna|\n|poke|p2|Gliscor, F|\n|teampreview\n|\n|t:|1698010005\n|start\n|switch|p1a: Cinderace|Cinderace, M, shiny|100\/100\n|switch|p2a: Koraidon|Koraidon|100\/100\n|-weather|SunnyDay|[from] ability: Orichalcum Pulse|[of] p2a: Koraidon\n|-activate|p2a: Koraidon|Orichalcum Pulse|[source]\n|turn|1\n|\n|t:|1698010017\n|-terastallize|p2a: Koraidon|Fire\n|move|p2a: Koraidon|Flame Charge|p1a: Cinderace\n|-resisted|p1a: Cinderace\n|-damage|p1a: Cinderace|51\/100\n|-boost|p2a: Koraidon|spe|1\n|move|p1a: Cinderace|Pyro Ball|p2a: Koraidon\n|-resisted|p2a: Koraidon\n|-damage|p2a: Koraidon|64\/100\n|\n|-weather|SunnyDay|[upkeep]\n|upkeep\n|turn|2\n|\n|t:|1698010027\n|move|p1a: Cinderace|Sucker Punch|p2a: Koraidon\n|-start|p1a: Cinderace|typechange|Dark|[from] ability: Libero\n|-damage|p2a: Koraidon|33\/100\n|move|p2a: Koraidon|Dragon Claw|p1a: Cinderace\n|-damage|p1a: Cinderace|0 fnt\n|faint|p1a: Cinderace\n|\n|-weather|SunnyDay|[upkeep]\n|upkeep\n|\n|t:|1698010050\n|switch|p1a: Chandelure|Chandelure, M, shiny|100\/100\n|turn|3\n|\n|t:|1698010059\n|move|p2a: Koraidon|Crunch|p1a: Chandelure\n|-supereffective|p1a: Chandelure\n|-enditem|p1a: Chandelure|Focus Sash\n|-damage|p1a: Chandelure|1\/100\n|move|p1a: Chandelure|Flamethrower|p2a: Koraidon\n|-resisted|p2a: Koraidon\n|-damage|p2a: Koraidon|8\/100\n|\n|-weather|SunnyDay|[upkeep]\n|upkeep\n|turn|4\n|\n|t:|1698010068\n|move|p2a: Koraidon|Crunch|p1a: Chandelure\n|-supereffective|p1a: Chandelure\n|-damage|p1a: Chandelure|0 fnt\n|faint|p1a: Chandelure\n|\n|-weather|SunnyDay|[upkeep]\n|upkeep\n|\n|t:|1698010083\n|switch|p1a: Ceruledge|Ceruledge, F|100\/100\n|turn|5\n|\n|t:|1698010113\n|move|p2a: Koraidon|Crunch|p1a: Ceruledge\n|-supereffective|p1a: Ceruledge\n|-damage|p1a: Ceruledge|14\/100\n|-ability|p1a: Ceruledge|Weak Armor|boost\n|-unboost|p1a: Ceruledge|def|1\n|-boost|p1a: Ceruledge|spe|2\n|move|p1a: Ceruledge|Bitter Blade|p2a: Koraidon\n|-resisted|p2a: Koraidon\n|-damage|p2a: Koraidon|0 fnt\n|-heal|p1a: Ceruledge|18\/100|[from] drain|[of] p2a: Koraidon\n|faint|p2a: Koraidon\n|\n|-weather|none\n|upkeep\n|\n|t:|1698010126\n|switch|p2a: Darkrai|Darkrai|100\/100\n|turn|6\n|\n|t:|1698010138\n|move|p1a: Ceruledge|Bitter Blade|p2a: Darkrai\n|-damage|p2a: Darkrai|40\/100\n|-heal|p1a: Ceruledge|45\/100|[from] drain|[of] p2a: Darkrai\n|move|p2a: Darkrai|Dark Pulse|p1a: Ceruledge\n|-supereffective|p1a: Ceruledge\n|-damage|p1a: Ceruledge|0 fnt\n|faint|p1a: Ceruledge\n|\n|upkeep\n|\n|t:|1698010152\n|switch|p1a: Ditto|Ditto|100\/100\n|-transform|p1a: Ditto|p2a: Darkrai|[from] ability: Imposter\n|turn|7\n|\n|t:|1698010165\n|move|p1a: Ditto|Sludge Bomb|p2a: Darkrai\n|-damage|p2a: Darkrai|5\/100\n|move|p2a: Darkrai|Nasty Plot|p2a: Darkrai\n|-boost|p2a: Darkrai|spa|2\n|\n|upkeep\n|turn|8\n|\n|t:|1698010171\n|switch|p2a: Gliscor|Gliscor, F|100\/100\n|move|p1a: Ditto|Sludge Bomb|p2a: Gliscor\n|-resisted|p2a: Gliscor\n|-damage|p2a: Gliscor|86\/100\n|-status|p2a: Gliscor|psn\n|\n|-heal|p2a: Gliscor|98\/100 psn|[from] ability: Poison Heal\n|upkeep\n|turn|9\n|\n|t:|1698010184\n|switch|p1a: Hippowdon|Hippowdon, F|100\/100\n|-weather|Sandstorm|[from] ability: Sand Stream|[of] p1a: Hippowdon\n|move|p2a: Gliscor|Swords Dance|p2a: Gliscor\n|-boost|p2a: Gliscor|atk|2\n|\n|-weather|Sandstorm|[upkeep]\n|-heal|p2a: Gliscor|100\/100 psn|[from] ability: Poison Heal\n|upkeep\n|turn|10\n|\n|t:|1698010194\n|move|p2a: Gliscor|Aerial Ace|p1a: Hippowdon\n|-damage|p1a: Hippowdon|70\/100\n|move|p1a: Hippowdon|Roar|p2a: Gliscor\n|drag|p2a: Clodsire|Clodsire, F, shiny|100\/100\n|\n|-weather|Sandstorm|[upkeep]\n|upkeep\n|turn|11\n|\n|t:|1698010203\n|move|p1a: Hippowdon|Fissure|p2a: Clodsire|[miss]\n|-miss|p1a: Hippowdon|p2a: Clodsire\n|move|p2a: Clodsire|Curse|p2a: Clodsire\n|-unboost|p2a: Clodsire|spe|1\n|-boost|p2a: Clodsire|atk|1\n|-boost|p2a: Clodsire|def|1\n|\n|-weather|Sandstorm|[upkeep]\n|upkeep\n|turn|12\n|\n|t:|1698010212\n|move|p1a: Hippowdon|Yawn|p2a: Clodsire\n|-start|p2a: Clodsire|move: Yawn|[of] p1a: Hippowdon\n|move|p2a: Clodsire|Curse|p2a: Clodsire\n|-unboost|p2a: Clodsire|spe|1\n|-boost|p2a: Clodsire|atk|1\n|-boost|p2a: Clodsire|def|1\n|\n|-weather|Sandstorm|[upkeep]\n|upkeep\n|turn|13\n|\n|t:|1698010224\n|move|p1a: Hippowdon|Fissure|p2a: Clodsire|[miss]\n|-miss|p1a: Hippowdon|p2a: Clodsire\n|move|p2a: Clodsire|Curse|p2a: Clodsire\n|-unboost|p2a: Clodsire|spe|1\n|-boost|p2a: Clodsire|atk|1\n|-boost|p2a: Clodsire|def|1\n|\n|-weather|Sandstorm|[upkeep]\n|-end|p2a: Clodsire|move: Yawn|[silent]\n|-status|p2a: Clodsire|slp\n|upkeep\n|turn|14\n|\n|t:|1698010232\n|move|p1a: Hippowdon|Fissure|p2a: Clodsire\n|-damage|p2a: Clodsire|0 fnt\n|faint|p2a: Clodsire\n|-ohko\n|\n|-weather|Sandstorm|[upkeep]\n|upkeep\n|\n|t:|1698010235\n|switch|p2a: Scovillain|Scovillain, M|100\/100\n|turn|15\n|\n|t:|1698010245\n|move|p2a: Scovillain|Leech Seed|p1a: Hippowdon\n|-start|p1a: Hippowdon|move: Leech Seed\n|move|p1a: Hippowdon|Yawn|p2a: Scovillain\n|-start|p2a: Scovillain|move: Yawn|[of] p1a: Hippowdon\n|\n|-weather|Sandstorm|[upkeep]\n|-damage|p2a: Scovillain|94\/100|[from] Sandstorm\n|-heal|p2a: Scovillain|100\/100|[from] item: Leftovers\n|-damage|p1a: Hippowdon|58\/100|[from] Leech Seed|[of] p2a: Scovillain\n|-ability|p2a: Scovillain|Moody|boost\n|-boost|p2a: Scovillain|atk|2\n|-unboost|p2a: Scovillain|spa|1\n|upkeep\n|turn|16\n|\n|t:|1698010258\n|move|p2a: Scovillain|Substitute|p2a: Scovillain\n|-start|p2a: Scovillain|Substitute\n|-damage|p2a: Scovillain|76\/100\n|move|p1a: Hippowdon|Fissure|p2a: Scovillain|[miss]\n|-miss|p1a: Hippowdon|p2a: Scovillain\n|\n|-weather|none\n|-heal|p2a: Scovillain|82\/100|[from] item: Leftovers\n|-damage|p1a: Hippowdon|46\/100|[from] Leech Seed|[of] p2a: Scovillain\n|-heal|p2a: Scovillain|99\/100|[silent]\n|-end|p2a: Scovillain|move: Yawn|[silent]\n|-status|p2a: Scovillain|slp\n|-ability|p2a: Scovillain|Moody|boost\n|-boost|p2a: Scovillain|def|2\n|-unboost|p2a: Scovillain|spd|1\n|upkeep\n|turn|17\n|\n|t:|1698010269\n|cant|p2a: Scovillain|slp\n|move|p1a: Hippowdon|Stone Edge|p2a: Scovillain\n|-supereffective|p2a: Scovillain\n|-end|p2a: Scovillain|Substitute\n|\n|-heal|p2a: Scovillain|100\/100 slp|[from] item: Leftovers\n|-damage|p1a: Hippowdon|33\/100|[from] Leech Seed|[of] p2a: Scovillain\n|-ability|p2a: Scovillain|Moody|boost\n|-boost|p2a: Scovillain|atk|2\n|-unboost|p2a: Scovillain|def|1\n|upkeep\n|turn|18\n|\n|t:|1698010283\n|cant|p2a: Scovillain|slp\n|move|p1a: Hippowdon|Fissure|p2a: Scovillain\n|-damage|p2a: Scovillain|0 fnt\n|faint|p2a: Scovillain\n|-ohko\n|\n|upkeep\n|n|!Sundude1000|sundude1000\n|\n|t:|1698010302\n|switch|p2a: Darkrai|Darkrai|5\/100\n|turn|19\n|\n|t:|1698010308\n|switch|p1a: Ditto|Ditto|100\/100\n|-transform|p1a: Ditto|p2a: Darkrai|[from] ability: Imposter\n|move|p2a: Darkrai|Dark Pulse|p1a: Ditto\n|-resisted|p1a: Ditto\n|-damage|p1a: Ditto|75\/100\n|\n|upkeep\n|turn|20\n|c|\u2606Hockaj|!weakness magearna\n|c| Hockaj|\/raw <div class=\"infobox\">Magearna (ignoring abilities):<br \/><span class=\"message-effect-weak\">Weaknesses<\/span>: Fire, Ground<br \/><span class=\"message-effect-resist\">Resistances<\/span>: <b>Bug<\/b>, Dark, Fairy, Flying, Grass, Ice, Normal, Psychic, Rock<br \/><span class=\"message-effect-immune\">Immunities<\/span>: Dragon, Poison, Sandstorm damage, Toxic<\/div>\n|\n|t:|1698010333\n|switch|p2a: Magearna|Magearna|100\/100\n|move|p1a: Ditto|Shadow Ball|p2a: Magearna\n|-damage|p2a: Magearna|81\/100\n|\n|upkeep\n|turn|21\n|\n|t:|1698010341\n|move|p1a: Ditto|Shadow Ball|p2a: Magearna\n|-damage|p2a: Magearna|61\/100\n|move|p2a: Magearna|Calm Mind|p2a: Magearna\n|-boost|p2a: Magearna|spa|1\n|-boost|p2a: Magearna|spd|1\n|\n|upkeep\n|turn|22\n|\n|t:|1698010348\n|move|p1a: Ditto|Shadow Ball|p2a: Magearna\n|-damage|p2a: Magearna|47\/100\n|-enditem|p2a: Magearna|Sitrus Berry|[eat]\n|-heal|p2a: Magearna|71\/100|[from] item: Sitrus Berry\n|move|p2a: Magearna|Draining Kiss|p1a: Ditto\n|-supereffective|p1a: Ditto\n|-damage|p1a: Ditto|0 fnt\n|-heal|p2a: Magearna|100\/100|[from] drain|[of] p1a: Ditto\n|faint|p1a: Ditto\n|-ability|p2a: Magearna|Soul-Heart|boost\n|-boost|p2a: Magearna|spa|1\n|\n|upkeep\n|\n|t:|1698010359\n|switch|p1a: Hippowdon|Hippowdon, F|33\/100\n|-weather|Sandstorm|[from] ability: Sand Stream|[of] p1a: Hippowdon\n|turn|23\n|\n|t:|1698010374\n|switch|p2a: Gliscor|Gliscor, F|100\/100 psn\n|move|p1a: Hippowdon|Fissure|p2a: Gliscor\n|-immune|p2a: Gliscor\n|\n|-weather|Sandstorm|[upkeep]\n|upkeep\n|turn|24\n|\n|t:|1698010384\n|move|p2a: Gliscor|Swords Dance|p2a: Gliscor\n|-boost|p2a: Gliscor|atk|2\n|move|p1a: Hippowdon|Yawn||[still]\n|-fail|p1a: Hippowdon\n|\n|-weather|Sandstorm|[upkeep]\n|upkeep\n|turn|25\n|\n|t:|1698010397\n|move|p2a: Gliscor|Swords Dance|p2a: Gliscor\n|-boost|p2a: Gliscor|atk|2\n|move|p1a: Hippowdon|Stone Edge|p2a: Gliscor\n|-crit|p2a: Gliscor\n|-damage|p2a: Gliscor|65\/100 psn\n|\n|-weather|Sandstorm|[upkeep]\n|-heal|p2a: Gliscor|77\/100 psn|[from] ability: Poison Heal\n|upkeep\n|turn|26\n|\n|t:|1698010406\n|move|p2a: Gliscor|Swords Dance|p2a: Gliscor\n|-boost|p2a: Gliscor|atk|2\n|move|p1a: Hippowdon|Stone Edge|p2a: Gliscor\n|-crit|p2a: Gliscor\n|-damage|p2a: Gliscor|37\/100 psn\n|\n|-weather|Sandstorm|[upkeep]\n|-heal|p2a: Gliscor|49\/100 psn|[from] ability: Poison Heal\n|upkeep\n|turn|27\n|\n|t:|1698010420\n|move|p2a: Gliscor|Swords Dance|p2a: Gliscor\n|-boost|p2a: Gliscor|atk|0\n|move|p1a: Hippowdon|Stone Edge|p2a: Gliscor|[miss]\n|-miss|p1a: Hippowdon|p2a: Gliscor\n|\n|-weather|Sandstorm|[upkeep]\n|-heal|p2a: Gliscor|61\/100 psn|[from] ability: Poison Heal\n|upkeep\n|turn|28\n|\n|t:|1698010435\n|move|p2a: Gliscor|Swords Dance|p2a: Gliscor\n|-boost|p2a: Gliscor|atk|0\n|move|p1a: Hippowdon|Stone Edge|p2a: Gliscor\n|-damage|p2a: Gliscor|34\/100 psn\n|\n|-weather|Sandstorm|[upkeep]\n|-heal|p2a: Gliscor|47\/100 psn|[from] ability: Poison Heal\n|upkeep\n|turn|29\n|\n|t:|1698010445\n|move|p2a: Gliscor|Swords Dance|p2a: Gliscor\n|-boost|p2a: Gliscor|atk|0\n|move|p1a: Hippowdon|Roar|p2a: Gliscor\n|drag|p2a: Darkrai|Darkrai|5\/100\n|\n|-weather|Sandstorm|[upkeep]\n|-damage|p2a: Darkrai|0 fnt|[from] Sandstorm\n|faint|p2a: Darkrai\n|upkeep\n|\n|t:|1698010452\n|switch|p2a: Gliscor|Gliscor, F|47\/100 psn\n|turn|30\n|\n|t:|1698010457\n|switch|p1a: Houndstone|Houndstone, M|100\/100\n|move|p2a: Gliscor|Swords Dance|p2a: Gliscor\n|-boost|p2a: Gliscor|atk|2\n|\n|-weather|none\n|-heal|p2a: Gliscor|59\/100 psn|[from] ability: Poison Heal\n|upkeep\n|turn|31\n|\n|t:|1698010464\n|switch|p1a: Hippowdon|Hippowdon, F|33\/100\n|-weather|Sandstorm|[from] ability: Sand Stream|[of] p1a: Hippowdon\n|move|p2a: Gliscor|Aerial Ace|p1a: Hippowdon\n|-damage|p1a: Hippowdon|4\/100\n|\n|-weather|Sandstorm|[upkeep]\n|-heal|p2a: Gliscor|71\/100 psn|[from] ability: Poison Heal\n|upkeep\n|turn|32\n|\n|t:|1698010478\n|move|p2a: Gliscor|Swords Dance|p2a: Gliscor\n|-boost|p2a: Gliscor|atk|2\n|move|p1a: Hippowdon|Stone Edge|p2a: Gliscor\n|-damage|p2a: Gliscor|47\/100 psn\n|\n|-weather|Sandstorm|[upkeep]\n|-heal|p2a: Gliscor|59\/100 psn|[from] ability: Poison Heal\n|upkeep\n|turn|33\n|\n|t:|1698010486\n|switch|p1a: Houndstone|Houndstone, M|100\/100\n|move|p2a: Gliscor|Swords Dance|p2a: Gliscor\n|-boost|p2a: Gliscor|atk|2\n|\n|-weather|Sandstorm|[upkeep]\n|-heal|p2a: Gliscor|71\/100 psn|[from] ability: Poison Heal\n|upkeep\n|turn|34\n|\n|t:|1698010494\n|move|p1a: Houndstone|Last Respects|p2a: Gliscor\n|-damage|p2a: Gliscor|0 fnt\n|faint|p2a: Gliscor\n|\n|-weather|Sandstorm|[upkeep]\n|upkeep\n|\n|t:|1698010498\n|switch|p2a: Magearna|Magearna|100\/100\n|turn|35\n|-message|Sundude1000 forfeited.\n|\n|win|Hockaj\n|raw|Hockaj's rating: 1377 &rarr; <strong>1402<\/strong><br \/>(+25 for winning)\n|raw|Sundude1000's rating: 1475 &rarr; <strong>1450<\/strong><br \/>(-25 for losing)\n","uploadtime":1698010294,"views":6,"p1id":"hockaj","p2id":"sundude1000","formatid":"gen9anythinggoes","rating":1402,"private":0,"password":""}