{"id":"gen9anythinggoes-1979031253","p1":"karemer","p2":"ASS BONG","format":"[Gen 9] Anything Goes","log":"|j|\u2606karemer\n|j|\u2606ASS BONG\n|t:|1698623401\n|gametype|singles\n|player|p1|karemer|102|\n|player|p2|ASS BONG|crasherwake|\n|teamsize|p1|6\n|teamsize|p2|6\n|gen|9\n|tier|[Gen 9] Anything Goes\n|rule|HP Percentage Mod: HP is shown in percentages\n|rule|Endless Battle Clause: Forcing endless battles is banned\n|clearpoke\n|poke|p1|Pelipper, F|\n|poke|p1|Zoroark-Hisui, F|\n|poke|p1|Kilowattrel, F|\n|poke|p1|Clodsire, F|\n|poke|p1|Iron Jugulis|\n|poke|p1|Kingambit, F|\n|poke|p2|Scream Tail|\n|poke|p2|Palafin, M|\n|poke|p2|Annihilape, M|\n|poke|p2|Arcanine-Hisui, M|\n|poke|p2|Garchomp, M|\n|poke|p2|Zapdos-Galar|\n|teampreview\n|inactive|Battle timer is ON: inactive players will automatically lose when time's up. (requested by karemer)\n|\n|t:|1698623424\n|start\n|switch|p1a: Pelipper|Pelipper, F, shiny|100\/100\n|switch|p2a: Palafin|Palafin, M|100\/100\n|-weather|RainDance|[from] ability: Drizzle|[of] p1a: Pelipper\n|turn|1\n|\n|t:|1698623439\n|switch|p1a: Clodsire|Clodsire, F|100\/100\n|move|p2a: Palafin|Flip Turn|p1a: Clodsire\n|-immune|p1a: Clodsire|[from] ability: Water Absorb\n|\n|-weather|RainDance|[upkeep]\n|upkeep\n|turn|2\n|inactive|ASS BONG has 270 seconds left.\n|\n|t:|1698623478\n|detailschange|p2a: Palafin|Palafin-Hero, M\n|switch|p2a: Scream Tail|Scream Tail|100\/100\n|move|p1a: Clodsire|Toxic Spikes|p2a: Scream Tail\n|-sidestart|p2: ASS BONG|move: Toxic Spikes\n|\n|-weather|RainDance|[upkeep]\n|upkeep\n|turn|3\n|inactive|ASS BONG has 270 seconds left.\n|\n|t:|1698623489\n|switch|p1a: Iron Jugulis|Iron Jugulis|100\/100\n|move|p2a: Scream Tail|Psychic Fangs|p1a: Iron Jugulis\n|-immune|p1a: Iron Jugulis\n|\n|-weather|RainDance|[upkeep]\n|upkeep\n|turn|4\n|inactive|ASS BONG has 270 seconds left.\n|\n|t:|1698623526\n|-end|p2a: Scream Tail|Protosynthesis|[silent]\n|switch|p2a: Palafin|Palafin-Hero, M|100\/100\n|-status|p2a: Palafin|psn\n|-activate|p2a: Palafin|ability: Zero to Hero\n|move|p1a: Iron Jugulis|Flash Cannon|p2a: Palafin\n|-resisted|p2a: Palafin\n|-damage|p2a: Palafin|85\/100 psn\n|\n|-weather|RainDance|[upkeep]\n|-damage|p2a: Palafin|72\/100 psn|[from] psn\n|upkeep\n|turn|5\n|\n|t:|1698623538\n|-end|p1a: Iron Jugulis|Quark Drive|[silent]\n|switch|p1a: Clodsire|Clodsire, F|100\/100\n|move|p2a: Palafin|Close Combat|p1a: Clodsire\n|-resisted|p1a: Clodsire\n|-damage|p1a: Clodsire|65\/100\n|-unboost|p2a: Palafin|def|1\n|-unboost|p2a: Palafin|spd|1\n|\n|-weather|none\n|-heal|p1a: Clodsire|72\/100|[from] item: Leftovers\n|-damage|p2a: Palafin|60\/100 psn|[from] psn\n|upkeep\n|turn|6\n|inactive|ASS BONG has 240 seconds left.\n|\n|t:|1698623563\n|switch|p2a: Scream Tail|Scream Tail|100\/100\n|-status|p2a: Scream Tail|psn\n|move|p1a: Clodsire|Earthquake|p2a: Scream Tail\n|-damage|p2a: Scream Tail|81\/100 psn\n|\n|-heal|p2a: Scream Tail|87\/100 psn|[from] item: Leftovers\n|-heal|p1a: Clodsire|78\/100|[from] item: Leftovers\n|-damage|p2a: Scream Tail|75\/100 psn|[from] psn\n|upkeep\n|turn|7\n|inactive|ASS BONG has 240 seconds left.\n|\n|t:|1698623581\n|switch|p1a: Kingambit|Kingambit, F|100\/100\n|move|p2a: Scream Tail|Dazzling Gleam|p1a: Kingambit\n|-damage|p1a: Kingambit|82\/100\n|\n|-heal|p2a: Scream Tail|81\/100 psn|[from] item: Leftovers\n|-damage|p2a: Scream Tail|68\/100 psn|[from] psn\n|upkeep\n|turn|8\n|inactive|ASS BONG has 210 seconds left.\n|\n|t:|1698623617\n|-end|p2a: Scream Tail|Protosynthesis|[silent]\n|switch|p2a: Arcanine|Arcanine-Hisui, M, shiny|100\/100\n|-status|p2a: Arcanine|psn\n|move|p1a: Kingambit|Swords Dance|p1a: Kingambit\n|-boost|p1a: Kingambit|atk|2\n|\n|-damage|p2a: Arcanine|88\/100 psn|[from] psn\n|upkeep\n|turn|9\n|inactive|ASS BONG has 210 seconds left.\n|inactive|karemer has 270 seconds left.\n|\n|t:|1698623639\n|-end|p1a: Kingambit|fallenundefined|[silent]\n|switch|p1a: Pelipper|Pelipper, F, shiny|100\/100\n|-weather|RainDance|[from] ability: Drizzle|[of] p1a: Pelipper\n|-terastallize|p2a: Arcanine|Normal\n|move|p2a: Arcanine|Extreme Speed|p1a: Pelipper\n|-damage|p1a: Pelipper|44\/100\n|-damage|p2a: Arcanine|78\/100 psn|[from] item: Life Orb\n|\n|-weather|RainDance|[upkeep]\n|-heal|p1a: Pelipper|50\/100|[from] item: Leftovers\n|-damage|p2a: Arcanine|66\/100 psn|[from] psn\n|upkeep\n|turn|10\n|inactive|ASS BONG has 210 seconds left.\n|inactive|karemer has 270 seconds left.\n|\n|t:|1698623669\n|switch|p1a: Clodsire|Clodsire, F|78\/100\n|move|p2a: Arcanine|Extreme Speed|p1a: Clodsire\n|-damage|p1a: Clodsire|29\/100\n|-damage|p2a: Arcanine|56\/100 psn|[from] item: Life Orb\n|\n|-weather|RainDance|[upkeep]\n|-heal|p1a: Clodsire|35\/100|[from] item: Leftovers\n|-damage|p2a: Arcanine|43\/100 psn|[from] psn\n|upkeep\n|turn|11\n|inactive|ASS BONG has 210 seconds left.\n|\n|t:|1698623692\n|switch|p1a: Pelipper|Pelipper, F, shiny|100\/100\n|move|p2a: Arcanine|Extreme Speed|p1a: Pelipper\n|-immune|p1a: Pelipper\n|\n|-weather|RainDance|[upkeep]\n|-damage|p2a: Arcanine|31\/100 psn|[from] psn\n|upkeep\n|turn|12\n|inactive|ASS BONG has 210 seconds left.\n|\n|t:|1698623704\n|switch|p2a: Scream Tail|Scream Tail|68\/100 psn\n|move|p1a: Pelipper|Nasty Plot|p1a: Pelipper\n|-boost|p1a: Pelipper|spa|2\n|\n|-weather|RainDance|[upkeep]\n|-heal|p2a: Scream Tail|75\/100 psn|[from] item: Leftovers\n|-damage|p2a: Scream Tail|62\/100 psn|[from] psn\n|upkeep\n|turn|13\n|\n|t:|1698623715\n|move|p2a: Scream Tail|Protect|p2a: Scream Tail\n|-singleturn|p2a: Scream Tail|Protect\n|move|p1a: Pelipper|Bitter Malice|p2a: Scream Tail\n|-activate|p2a: Scream Tail|move: Protect\n|\n|-weather|none\n|-heal|p2a: Scream Tail|68\/100 psn|[from] item: Leftovers\n|-damage|p2a: Scream Tail|56\/100 psn|[from] psn\n|upkeep\n|turn|14\n|\n|t:|1698623726\n|move|p2a: Scream Tail|Wish|p2a: Scream Tail\n|move|p1a: Pelipper|Bitter Malice|p2a: Scream Tail\n|-supereffective|p2a: Scream Tail\n|-crit|p2a: Scream Tail\n|-damage|p2a: Scream Tail|0 fnt\n|faint|p2a: Scream Tail\n|-end|p2a: Scream Tail|Protosynthesis|[silent]\n|\n|upkeep\n|\n|t:|1698623734\n|switch|p2a: Arcanine|Arcanine-Hisui, M, shiny, tera:Normal|31\/100 psn\n|turn|15\n|\n|t:|1698623747\n|move|p1a: Pelipper|Bitter Malice|p2a: Arcanine\n|-immune|p2a: Arcanine\n|move|p2a: Arcanine|Head Smash|p1a: Pelipper\n|-enditem|p1a: Pelipper|Focus Sash\n|-damage|p1a: Pelipper|1\/100\n|replace|p1a: Zoroark|Zoroark-Hisui, F, shiny\n|-end|p1a: Zoroark|Illusion\n|-damage|p2a: Arcanine|21\/100 psn|[from] item: Life Orb\n|\n|-heal|p2a: Arcanine|87\/100 psn|[from] move: Wish|[wisher] Scream Tail\n|-damage|p2a: Arcanine|74\/100 psn|[from] psn\n|upkeep\n|turn|16\n|inactive|ASS BONG has 210 seconds left.\n|\n|t:|1698623769\n|move|p1a: Zoroark|Hyper Voice|p2a: Arcanine\n|-damage|p2a: Arcanine|0 fnt\n|faint|p2a: Arcanine\n|\n|upkeep\n|inactive|ASS BONG has 210 seconds left.\n|\n|t:|1698623783\n|switch|p2a: Garchomp|Garchomp, M|100\/100\n|-status|p2a: Garchomp|psn\n|turn|17\n|inactive|ASS BONG has 210 seconds left.\n|\n|t:|1698623791\n|move|p2a: Garchomp|Iron Head|p1a: Zoroark\n|-damage|p1a: Zoroark|0 fnt\n|faint|p1a: Zoroark\n|\n|-damage|p2a: Garchomp|88\/100 psn|[from] psn\n|upkeep\n|\n|t:|1698623810\n|switch|p1a: Pelipper|Pelipper, F, shiny|50\/100\n|-weather|RainDance|[from] ability: Drizzle|[of] p1a: Pelipper\n|turn|18\n|\n|t:|1698623819\n|move|p1a: Pelipper|Protect|p1a: Pelipper\n|-singleturn|p1a: Pelipper|Protect\n|move|p2a: Garchomp|Scale Shot|p1a: Pelipper\n|-activate|p1a: Pelipper|move: Protect\n|\n|-weather|RainDance|[upkeep]\n|-heal|p2a: Garchomp|94\/100 psn|[from] item: Leftovers\n|-heal|p1a: Pelipper|56\/100|[from] item: Leftovers\n|-damage|p2a: Garchomp|82\/100 psn|[from] psn\n|upkeep\n|turn|19\n|inactive|karemer has 270 seconds left.\n|\n|t:|1698623831\n|move|p2a: Garchomp|Scale Shot|p1a: Pelipper\n|-damage|p1a: Pelipper|42\/100\n|-damage|p1a: Pelipper|28\/100\n|-hitcount|p1a: Pelipper|2\n|-unboost|p2a: Garchomp|def|1\n|-boost|p2a: Garchomp|spe|1\n|move|p1a: Pelipper|Ice Beam|p2a: Garchomp\n|-supereffective|p2a: Garchomp\n|-damage|p2a: Garchomp|0 fnt\n|faint|p2a: Garchomp\n|\n|-weather|RainDance|[upkeep]\n|-heal|p1a: Pelipper|34\/100|[from] item: Leftovers\n|upkeep\n|inactive|ASS BONG has 210 seconds left.\n|\n|t:|1698623873\n|switch|p2a: Annihilape|Annihilape, M|100\/100\n|-status|p2a: Annihilape|psn\n|turn|20\n|\n|t:|1698623879\n|move|p2a: Annihilape|Rage Fist|p1a: Pelipper\n|-damage|p1a: Pelipper|11\/100\n|move|p1a: Pelipper|Hurricane|p2a: Annihilape\n|-supereffective|p2a: Annihilape\n|-damage|p2a: Annihilape|17\/100 psn\n|-start|p2a: Annihilape|confusion\n|\n|-weather|RainDance|[upkeep]\n|-heal|p2a: Annihilape|23\/100 psn|[from] item: Leftovers\n|-heal|p1a: Pelipper|17\/100|[from] item: Leftovers\n|-damage|p2a: Annihilape|10\/100 psn|[from] psn\n|upkeep\n|turn|21\n|\n|t:|1698623890\n|move|p1a: Pelipper|Protect|p1a: Pelipper\n|-singleturn|p1a: Pelipper|Protect\n|-activate|p2a: Annihilape|confusion\n|move|p2a: Annihilape|Rage Fist|p1a: Pelipper\n|-activate|p1a: Pelipper|move: Protect\n|\n|-weather|RainDance|[upkeep]\n|-heal|p2a: Annihilape|17\/100 psn|[from] item: Leftovers\n|-heal|p1a: Pelipper|23\/100|[from] item: Leftovers\n|-damage|p2a: Annihilape|4\/100 psn|[from] psn\n|upkeep\n|turn|22\n|\n|t:|1698623904\n|-end|p2a: Annihilape|confusion\n|move|p2a: Annihilape|Drain Punch|p1a: Pelipper\n|-resisted|p1a: Pelipper\n|-damage|p1a: Pelipper|4\/100\n|-heal|p2a: Annihilape|13\/100 psn|[from] drain|[of] p1a: Pelipper\n|move|p1a: Pelipper|Weather Ball|p2a: Annihilape\n|-damage|p2a: Annihilape|0 fnt\n|faint|p2a: Annihilape\n|\n|-weather|none\n|-heal|p1a: Pelipper|10\/100|[from] item: Leftovers\n|upkeep\n|\n|t:|1698623917\n|switch|p2a: Zapdos|Zapdos-Galar|100\/100\n|turn|23\n|\n|t:|1698623931\n|switch|p1a: Iron Jugulis|Iron Jugulis|100\/100\n|move|p2a: Zapdos|Close Combat|p1a: Iron Jugulis\n|-damage|p1a: Iron Jugulis|2\/100\n|-unboost|p2a: Zapdos|def|1\n|-unboost|p2a: Zapdos|spd|1\n|\n|upkeep\n|turn|24\n|\n|t:|1698623939\n|move|p1a: Iron Jugulis|Air Slash|p2a: Zapdos\n|-supereffective|p2a: Zapdos\n|-damage|p2a: Zapdos|0 fnt\n|faint|p2a: Zapdos\n|\n|upkeep\n|\n|t:|1698623944\n|switch|p2a: Palafin|Palafin-Hero, M|60\/100 psn\n|turn|25\n|\n|t:|1698623948\n|move|p1a: Iron Jugulis|Air Slash|p2a: Palafin\n|-damage|p2a: Palafin|14\/100 psn\n|move|p2a: Palafin|Ice Punch|p1a: Iron Jugulis\n|-supereffective|p1a: Iron Jugulis\n|-damage|p1a: Iron Jugulis|0 fnt\n|faint|p1a: Iron Jugulis\n|-end|p1a: Iron Jugulis|Quark Drive|[silent]\n|\n|-damage|p2a: Palafin|2\/100 psn|[from] psn\n|upkeep\n|\n|t:|1698623959\n|switch|p1a: Pelipper|Pelipper, F, shiny|10\/100\n|-weather|RainDance|[from] ability: Drizzle|[of] p1a: Pelipper\n|turn|26\n|\n|t:|1698623965\n|move|p1a: Pelipper|Protect|p1a: Pelipper\n|-singleturn|p1a: Pelipper|Protect\n|move|p2a: Palafin|Ice Punch|p1a: Pelipper\n|-activate|p1a: Pelipper|move: Protect\n|\n|-weather|RainDance|[upkeep]\n|-heal|p1a: Pelipper|16\/100|[from] item: Leftovers\n|-damage|p2a: Palafin|0 fnt|[from] psn\n|faint|p2a: Palafin\n|\n|win|karemer\n|upkeep\n","uploadtime":1698623984,"views":13,"p1id":"karemer","p2id":"assbong","formatid":"gen9anythinggoes","rating":0,"private":0,"password":""}