{"id":"gen9anythinggoes-1980374208","p1":"Arturash","p2":"sannnal07","format":"[Gen 9] Anything Goes","log":"|j|\u2606Arturash\n|j|\u2606sannnal07\n|t:|1698779384\n|gametype|singles\n|player|p1|Arturash|266|1052\n|player|p2|sannnal07|bruno|1040\n|teamsize|p1|6\n|teamsize|p2|6\n|gen|9\n|tier|[Gen 9] Anything Goes\n|rated|\n|rule|HP Percentage Mod: HP is shown in percentages\n|rule|Endless Battle Clause: Forcing endless battles is banned\n|clearpoke\n|poke|p1|Tyranitar, F|\n|poke|p1|Gengar, F|\n|poke|p1|Pikachu, F|\n|poke|p1|Charizard, M|\n|poke|p1|Vaporeon, M|\n|poke|p1|Dragonite, F|\n|poke|p2|Zacian-*|\n|poke|p2|Eternatus|\n|poke|p2|Rillaboom, M|\n|poke|p2|Zoroark-Hisui, M|\n|poke|p2|Toxtricity-Low-Key, M|\n|poke|p2|Zarude-Dada|\n|teampreview\n|c|\u2606Arturash|Hello\n|\n|t:|1698779399\n|start\n|switch|p1a: Tyranitar|Tyranitar, F|100\/100\n|switch|p2a: Rillaboom|Rillaboom, M, shiny|100\/100\n|-weather|Sandstorm|[from] ability: Sand Stream|[of] p1a: Tyranitar\n|turn|1\n|\n|t:|1698779408\n|switch|p1a: Charizard|Charizard, M|100\/100\n|move|p2a: Rillaboom|Hammer Arm|p1a: Charizard\n|-resisted|p1a: Charizard\n|-damage|p1a: Charizard|83\/100\n|-unboost|p2a: Rillaboom|spe|1\n|\n|-weather|Sandstorm|[upkeep]\n|-damage|p1a: Charizard|77\/100|[from] Sandstorm\n|-damage|p2a: Rillaboom|94\/100|[from] Sandstorm\n|-heal|p2a: Rillaboom|100\/100|[from] item: Leftovers\n|upkeep\n|turn|2\n|\n|t:|1698779423\n|move|p1a: Charizard|Fire Blast|p2a: Rillaboom\n|-supereffective|p2a: Rillaboom\n|-damage|p2a: Rillaboom|0 fnt\n|faint|p2a: Rillaboom\n|\n|-weather|Sandstorm|[upkeep]\n|-damage|p1a: Charizard|71\/100|[from] Sandstorm\n|upkeep\n|\n|t:|1698779432\n|switch|p2a: Toxtricity|Toxtricity-Low-Key, M, shiny|100\/100\n|turn|3\n|\n|t:|1698779436\n|switch|p1a: Vaporeon|Vaporeon, M|100\/100\n|move|p2a: Toxtricity|Thunder|p1a: Vaporeon\n|-supereffective|p1a: Vaporeon\n|-damage|p1a: Vaporeon|12\/100\n|-status|p1a: Vaporeon|par\n|-damage|p2a: Toxtricity|91\/100|[from] item: Life Orb\n|\n|-weather|Sandstorm|[upkeep]\n|-damage|p2a: Toxtricity|85\/100|[from] Sandstorm\n|-damage|p1a: Vaporeon|5\/100 par|[from] Sandstorm\n|upkeep\n|turn|4\n|\n|t:|1698779449\n|move|p2a: Toxtricity|Toxic Spikes|p1a: Vaporeon\n|-sidestart|p1: Arturash|move: Toxic Spikes\n|cant|p1a: Vaporeon|par\n|\n|-weather|Sandstorm|[upkeep]\n|-damage|p2a: Toxtricity|78\/100|[from] Sandstorm\n|-damage|p1a: Vaporeon|0 fnt|[from] Sandstorm\n|faint|p1a: Vaporeon\n|upkeep\n|\n|t:|1698779463\n|switch|p1a: Tyranitar|Tyranitar, F|100\/100\n|-status|p1a: Tyranitar|psn\n|turn|5\n|\n|t:|1698779470\n|move|p2a: Toxtricity|Toxic Spikes|p1a: Tyranitar\n|-sidestart|p1: Arturash|move: Toxic Spikes\n|move|p1a: Tyranitar|Earthquake|p2a: Toxtricity\n|-supereffective|p2a: Toxtricity\n|-damage|p2a: Toxtricity|0 fnt\n|faint|p2a: Toxtricity\n|\n|-weather|none\n|-damage|p1a: Tyranitar|88\/100 psn|[from] psn\n|upkeep\n|\n|t:|1698779484\n|switch|p2a: Zarude|Zarude-Dada|100\/100\n|turn|6\n|\n|t:|1698779491\n|move|p2a: Zarude|Close Combat|p1a: Tyranitar\n|-supereffective|p1a: Tyranitar\n|-damage|p1a: Tyranitar|0 fnt\n|-unboost|p2a: Zarude|def|1\n|-unboost|p2a: Zarude|spd|1\n|faint|p1a: Tyranitar\n|\n|upkeep\n|\n|t:|1698779499\n|switch|p1a: Gengar|Gengar, F|100\/100\n|-sideend|p1: Arturash|move: Toxic Spikes|[of] p1a: Gengar\n|turn|7\n|\n|t:|1698779507\n|switch|p2a: Eternatus|Eternatus, shiny|100\/100\n|move|p1a: Gengar|Shadow Ball|p2a: Eternatus\n|-immune|p2a: Eternatus\n|\n|upkeep\n|turn|8\n|\n|t:|1698779516\n|move|p1a: Gengar|Giga Drain|p2a: Eternatus\n|-damage|p2a: Eternatus|64\/100\n|replace|p2a: Zoroark|Zoroark-Hisui, M, shiny\n|-end|p2a: Zoroark|Illusion\n|move|p2a: Zoroark|Poltergeist|p1a: Gengar\n|-activate|p1a: Gengar|move: Poltergeist|Leftovers\n|-supereffective|p1a: Gengar\n|-damage|p1a: Gengar|0 fnt\n|faint|p1a: Gengar\n|\n|upkeep\n|\n|t:|1698779528\n|switch|p1a: Pikachu|Pikachu, F|100\/100\n|turn|9\n|\n|t:|1698779540\n|move|p2a: Zoroark|Focus Blast|p1a: Pikachu|[miss]\n|-miss|p2a: Zoroark|p1a: Pikachu\n|move|p1a: Pikachu|Thunder|p2a: Zoroark\n|-damage|p2a: Zoroark|0 fnt\n|faint|p2a: Zoroark\n|\n|upkeep\n|\n|t:|1698779545\n|switch|p2a: Zarude|Zarude-Dada|100\/100\n|turn|10\n|\n|t:|1698779553\n|switch|p1a: Dragonite|Dragonite, F|100\/100\n|move|p2a: Zarude|Power Whip|p1a: Dragonite\n|-resisted|p1a: Dragonite\n|-damage|p1a: Dragonite|87\/100\n|\n|upkeep\n|turn|11\n|\n|t:|1698779563\n|move|p2a: Zarude|Power Whip|p1a: Dragonite\n|-resisted|p1a: Dragonite\n|-damage|p1a: Dragonite|75\/100\n|move|p1a: Dragonite|Hurricane|p2a: Zarude\n|-supereffective|p2a: Zarude\n|-damage|p2a: Zarude|20\/100\n|-start|p2a: Zarude|confusion\n|\n|upkeep\n|turn|12\n|\n|t:|1698779573\n|-activate|p2a: Zarude|confusion\n|-damage|p2a: Zarude|10\/100|[from] confusion\n|move|p1a: Dragonite|Brick Break|p2a: Zarude\n|-supereffective|p2a: Zarude\n|-damage|p2a: Zarude|0 fnt\n|faint|p2a: Zarude\n|\n|upkeep\n|\n|t:|1698779579\n|switch|p2a: Eternatus|Eternatus, shiny|100\/100\n|-ability|p2a: Eternatus|Pressure\n|turn|13\n|\n|t:|1698779591\n|move|p2a: Eternatus|Dynamax Cannon|p1a: Dragonite\n|-supereffective|p1a: Dragonite\n|-damage|p1a: Dragonite|0 fnt\n|faint|p1a: Dragonite\n|\n|upkeep\n|\n|t:|1698779597\n|switch|p1a: Charizard|Charizard, M|71\/100\n|turn|14\n|\n|t:|1698779602\n|move|p2a: Eternatus|Toxic Spikes|p1a: Charizard\n|-sidestart|p1: Arturash|move: Toxic Spikes\n|move|p1a: Charizard|Fire Blast|p2a: Eternatus\n|-resisted|p2a: Eternatus\n|-damage|p2a: Eternatus|77\/100\n|-status|p2a: Eternatus|brn\n|\n|-damage|p2a: Eternatus|71\/100 brn|[from] brn\n|upkeep\n|turn|15\n|\n|t:|1698779614\n|move|p2a: Eternatus|Toxic Spikes|p1a: Charizard\n|-sidestart|p1: Arturash|move: Toxic Spikes\n|move|p1a: Charizard|Outrage|p2a: Eternatus\n|-supereffective|p2a: Eternatus\n|-damage|p2a: Eternatus|28\/100 brn\n|\n|-damage|p2a: Eternatus|21\/100 brn|[from] brn\n|upkeep\n|turn|16\n|\n|t:|1698779628\n|move|p2a: Eternatus|Dynamax Cannon|p1a: Charizard\n|-damage|p1a: Charizard|15\/100\n|move|p1a: Charizard|Outrage|p2a: Eternatus|[from]lockedmove\n|-supereffective|p2a: Eternatus\n|-damage|p2a: Eternatus|0 fnt\n|faint|p2a: Eternatus\n|-start|p1a: Charizard|confusion|[fatigue]\n|\n|upkeep\n|\n|t:|1698779634\n|switch|p2a: Zacian|Zacian-Crowned, shiny|100\/100\n|-ability|p2a: Zacian|Intrepid Sword|boost\n|-boost|p2a: Zacian|atk|1\n|turn|17\n|\n|t:|1698779644\n|move|p2a: Zacian|Behemoth Blade|p1a: Charizard\n|-resisted|p1a: Charizard\n|-damage|p1a: Charizard|0 fnt\n|faint|p1a: Charizard\n|\n|upkeep\n|\n|t:|1698779650\n|switch|p1a: Pikachu|Pikachu, F|100\/100\n|-status|p1a: Pikachu|tox\n|turn|18\n|\n|t:|1698779657\n|move|p2a: Zacian|Swords Dance|p2a: Zacian\n|-boost|p2a: Zacian|atk|2\n|move|p1a: Pikachu|Thunder|p2a: Zacian\n|-damage|p2a: Zacian|50\/100\n|\n|-damage|p1a: Pikachu|94\/100 tox|[from] psn\n|upkeep\n|turn|19\n|\n|t:|1698779666\n|-terastallize|p2a: Zacian|Fairy\n|move|p2a: Zacian|Behemoth Blade|p1a: Pikachu\n|-resisted|p1a: Pikachu\n|-damage|p1a: Pikachu|0 fnt\n|faint|p1a: Pikachu\n|\n|win|sannnal07\n|raw|Arturash's rating: 1052 &rarr; <strong>1034<\/strong><br \/>(-18 for losing)\n|raw|sannnal07's rating: 1040 &rarr; <strong>1075<\/strong><br \/>(+35 for winning)\n|l|\u2606Arturash\n","uploadtime":1698779678,"views":6,"p1id":"arturash","p2id":"sannnal07","formatid":"gen9anythinggoes","rating":1034,"private":0,"password":""}