{"id":"gen9anythinggoes-1977596688","p1":"Ashkandra","p2":"New Rome Empire","format":"[Gen 9] Anything Goes","log":"|j|\u2606Ashkandra\n|j|\u2606New Rome Empire\n|t:|1698430449\n|gametype|singles\n|player|p1|Ashkandra|ghetsis|1117\n|player|p2|New Rome Empire|265|1223\n|teamsize|p1|6\n|teamsize|p2|6\n|gen|9\n|tier|[Gen 9] Anything Goes\n|rated|\n|rule|HP Percentage Mod: HP is shown in percentages\n|rule|Endless Battle Clause: Forcing endless battles is banned\n|clearpoke\n|poke|p1|Dragapult, F|\n|poke|p1|Quaquaval, F|\n|poke|p1|Greninja-*, M|\n|poke|p1|Kingambit, F|\n|poke|p1|Ogerpon, F|\n|poke|p1|Grimmsnarl, M|\n|poke|p2|Dugtrio, M|\n|poke|p2|Dugtrio, F|\n|poke|p2|Dugtrio, M|\n|poke|p2|Dugtrio, M|\n|poke|p2|Gothitelle, M|\n|poke|p2|Gothitelle, F|\n|teampreview\n|inactive|Battle timer is ON: inactive players will automatically lose when time's up. (requested by New Rome Empire)\n|c|\u2606New Rome Empire|you must be thinking\n|c|\u2606New Rome Empire|the hell is this team\n|inactive|Ashkandra has 120 seconds left.\n|\n|t:|1698430524\n|start\n|switch|p1a: Quaquaval|Quaquaval, F|100\/100\n|switch|p2a: Dugtrio|Dugtrio, M|100\/100\n|turn|1\n|\n|t:|1698430529\n|move|p2a: Dugtrio|Memento|p1a: Quaquaval\n|-unboost|p1a: Quaquaval|atk|2\n|-unboost|p1a: Quaquaval|spa|2\n|faint|p2a: Dugtrio\n|move|p1a: Quaquaval|Aqua Step|p2: Dugtrio|[notarget]\n|-fail|p1a: Quaquaval\n|\n|upkeep\n|\n|t:|1698430533\n|switch|p2a: Dugtrio|Dugtrio, F|100\/100\n|turn|2\n|\n|t:|1698430536\n|move|p2a: Dugtrio|Memento|p1a: Quaquaval\n|-unboost|p1a: Quaquaval|atk|2\n|-unboost|p1a: Quaquaval|spa|2\n|faint|p2a: Dugtrio\n|move|p1a: Quaquaval|Aqua Step|p2: Dugtrio|[notarget]\n|-fail|p1a: Quaquaval\n|\n|upkeep\n|\n|t:|1698430539\n|switch|p2a: Gothitelle|Gothitelle, F|100\/100\n|turn|3\n|inactive|Ashkandra has 120 seconds left.\n|\n|t:|1698430584\n|move|p1a: Quaquaval|Knock Off|p2a: Gothitelle\n|-supereffective|p2a: Gothitelle\n|-damage|p2a: Gothitelle|84\/100\n|-enditem|p2a: Gothitelle|Leftovers|[from] move: Knock Off|[of] p1a: Quaquaval\n|move|p2a: Gothitelle|Calm Mind|p2a: Gothitelle\n|-boost|p2a: Gothitelle|spa|1\n|-boost|p2a: Gothitelle|spd|1\n|\n|upkeep\n|turn|4\n|\n|t:|1698430589\n|move|p1a: Quaquaval|Aqua Step|p2a: Gothitelle\n|-damage|p2a: Gothitelle|75\/100\n|-boost|p1a: Quaquaval|spe|1\n|move|p2a: Gothitelle|Calm Mind|p2a: Gothitelle\n|-boost|p2a: Gothitelle|spa|1\n|-boost|p2a: Gothitelle|spd|1\n|\n|upkeep\n|turn|5\n|\n|t:|1698430592\n|move|p1a: Quaquaval|Aqua Step|p2a: Gothitelle\n|-damage|p2a: Gothitelle|66\/100\n|-boost|p1a: Quaquaval|spe|1\n|move|p2a: Gothitelle|Calm Mind|p2a: Gothitelle\n|-boost|p2a: Gothitelle|spa|1\n|-boost|p2a: Gothitelle|spd|1\n|\n|upkeep\n|turn|6\n|\n|t:|1698430594\n|move|p1a: Quaquaval|Aqua Step|p2a: Gothitelle\n|-damage|p2a: Gothitelle|55\/100\n|-boost|p1a: Quaquaval|spe|1\n|move|p2a: Gothitelle|Calm Mind|p2a: Gothitelle\n|-boost|p2a: Gothitelle|spa|1\n|-boost|p2a: Gothitelle|spd|1\n|\n|upkeep\n|turn|7\n|\n|t:|1698430598\n|move|p1a: Quaquaval|Close Combat|p2a: Gothitelle\n|-resisted|p2a: Gothitelle\n|-damage|p2a: Gothitelle|47\/100\n|-unboost|p1a: Quaquaval|def|1\n|-unboost|p1a: Quaquaval|spd|1\n|move|p2a: Gothitelle|Calm Mind|p2a: Gothitelle\n|-boost|p2a: Gothitelle|spa|1\n|-boost|p2a: Gothitelle|spd|1\n|\n|upkeep\n|turn|8\n|\n|t:|1698430601\n|move|p1a: Quaquaval|Knock Off|p2a: Gothitelle\n|-supereffective|p2a: Gothitelle\n|-damage|p2a: Gothitelle|37\/100\n|move|p2a: Gothitelle|Calm Mind|p2a: Gothitelle\n|-boost|p2a: Gothitelle|spa|1\n|-boost|p2a: Gothitelle|spd|1\n|\n|upkeep\n|turn|9\n|\n|t:|1698430605\n|move|p1a: Quaquaval|Knock Off|p2a: Gothitelle\n|-supereffective|p2a: Gothitelle\n|-damage|p2a: Gothitelle|26\/100\n|move|p2a: Gothitelle|Rest|p2a: Gothitelle\n|-status|p2a: Gothitelle|slp|[from] move: Rest\n|-heal|p2a: Gothitelle|100\/100 slp|[silent]\n|\n|upkeep\n|turn|10\n|inactive|Ashkandra has 120 seconds left.\n|inactive|Ashkandra has 90 seconds left.\n|inactive|Ashkandra has 60 seconds left.\n|inactive|Ashkandra has 30 seconds left.\n|inactive|Ashkandra has 20 seconds left.\n|inactive|Ashkandra has 15 seconds left.\n|inactive|Ashkandra has 10 seconds left.\n|inactive|Ashkandra has 5 seconds left.\n|-message|Ashkandra lost due to inactivity.\n|\n|win|New Rome Empire\n|raw|Ashkandra's rating: 1117 &rarr; <strong>1099<\/strong><br \/>(-18 for losing)\n|raw|New Rome Empire's rating: 1223 &rarr; <strong>1241<\/strong><br \/>(+18 for winning)\n","uploadtime":1698430809,"views":6,"p1id":"ashkandra","p2id":"newromeempire","formatid":"gen9anythinggoes","rating":1099,"private":0,"password":""}