{"id":"gen9anythinggoes-1982749497","p1":"bruuuuuuuuuuuuuuuu","p2":"Pruett87","format":"[Gen 9] Anything Goes","log":"|j|\u2606bruuuuuuuuuuuuuuuu\n|j|\u203dPruett87\n|t:|1699041309\n|gametype|singles\n|player|p1|bruuuuuuuuuuuuuuuu|kimonogirl|1004\n|player|p2|Pruett87|2|1062\n|teamsize|p1|5\n|teamsize|p2|6\n|gen|9\n|tier|[Gen 9] Anything Goes\n|rated|\n|rule|HP Percentage Mod: HP is shown in percentages\n|rule|Endless Battle Clause: Forcing endless battles is banned\n|clearpoke\n|poke|p1|Maushold-Four|\n|poke|p1|Drifblim, F|\n|poke|p1|Pawmot, F|\n|poke|p1|Polteageist|\n|poke|p1|Urshifu-*, F|\n|poke|p2|Spidops, M|\n|poke|p2|Politoed, M|\n|poke|p2|Zacian-*|\n|poke|p2|Landorus-Therian, M|\n|poke|p2|Ceruledge, F|\n|poke|p2|Rillaboom, M|\n|teampreview\n|\n|t:|1699041317\n|start\n|switch|p1a: Drifblim|Drifblim, F|100\/100\n|switch|p2a: Spidops|Spidops, M, shiny|100\/100\n|-item|p1a: Drifblim|Air Balloon\n|turn|1\n|\n|t:|1699041324\n|move|p1a: Drifblim|Minimize|p1a: Drifblim\n|-boost|p1a: Drifblim|evasion|2\n|move|p2a: Spidops|Toxic Spikes|p1a: Drifblim\n|-sidestart|p1: bruuuuuuuuuuuuuuuu|move: Toxic Spikes\n|\n|upkeep\n|turn|2\n|\n|t:|1699041333\n|move|p1a: Drifblim|Minimize|p1a: Drifblim\n|-boost|p1a: Drifblim|evasion|2\n|move|p2a: Spidops|Sticky Web|p1a: Drifblim\n|-sidestart|p1: bruuuuuuuuuuuuuuuu|move: Sticky Web\n|\n|upkeep\n|turn|3\n|\n|t:|1699041340\n|move|p1a: Drifblim|Minimize|p1a: Drifblim\n|-boost|p1a: Drifblim|evasion|2\n|move|p2a: Spidops|Toxic Spikes|p1a: Drifblim\n|-sidestart|p1: bruuuuuuuuuuuuuuuu|move: Toxic Spikes\n|\n|upkeep\n|turn|4\n|\n|t:|1699041346\n|move|p1a: Drifblim|Baton Pass|p1a: Drifblim\n|\n|t:|1699041349\n|switch|p1a: Polteageist|Polteageist|100\/100|[from] Baton Pass\n|-item|p1a: Polteageist|Air Balloon\n|move|p2a: Spidops|Spikes|p1a: Polteageist\n|-sidestart|p1: bruuuuuuuuuuuuuuuu|Spikes\n|\n|upkeep\n|turn|5\n|\n|t:|1699041356\n|move|p1a: Polteageist|Shell Smash|p1a: Polteageist\n|-unboost|p1a: Polteageist|def|1\n|-unboost|p1a: Polteageist|spd|1\n|-boost|p1a: Polteageist|atk|2\n|-boost|p1a: Polteageist|spa|2\n|-boost|p1a: Polteageist|spe|2\n|move|p2a: Spidops|Spikes|p1a: Polteageist\n|-sidestart|p1: bruuuuuuuuuuuuuuuu|Spikes\n|\n|upkeep\n|turn|6\n|\n|t:|1699041364\n|move|p1a: Polteageist|Shell Smash|p1a: Polteageist\n|-unboost|p1a: Polteageist|def|1\n|-unboost|p1a: Polteageist|spd|1\n|-boost|p1a: Polteageist|atk|2\n|-boost|p1a: Polteageist|spa|2\n|-boost|p1a: Polteageist|spe|2\n|move|p2a: Spidops|Spikes|p1a: Polteageist\n|-sidestart|p1: bruuuuuuuuuuuuuuuu|Spikes\n|\n|upkeep\n|turn|7\n|\n|t:|1699041379\n|switch|p2a: Rillaboom|Rillaboom, M|100\/100\n|-fieldstart|move: Grassy Terrain|[from] ability: Grassy Surge|[of] p2a: Rillaboom\n|move|p1a: Polteageist|Baton Pass|p1a: Polteageist\n|\n|t:|1699041384\n|switch|p1a: Pawmot|Pawmot, F|100\/100|[from] Baton Pass\n|-status|p1a: Pawmot|tox\n|-activate|p1a: Pawmot|move: Sticky Web\n|-unboost|p1a: Pawmot|spe|1\n|-damage|p1a: Pawmot|76\/100 tox|[from] Spikes\n|\n|-heal|p1a: Pawmot|82\/100 tox|[from] Grassy Terrain\n|-damage|p1a: Pawmot|76\/100 tox|[from] psn\n|upkeep\n|turn|8\n|\n|t:|1699041396\n|move|p1a: Pawmot|Agility|p1a: Pawmot\n|-boost|p1a: Pawmot|spe|2\n|move|p2a: Rillaboom|Wood Hammer|p1a: Pawmot|[miss]\n|-miss|p2a: Rillaboom|p1a: Pawmot\n|\n|-heal|p1a: Pawmot|82\/100 tox|[from] Grassy Terrain\n|-damage|p1a: Pawmot|70\/100 tox|[from] psn\n|upkeep\n|turn|9\n|\n|t:|1699041407\n|move|p1a: Pawmot|Bulk Up|p1a: Pawmot\n|-boost|p1a: Pawmot|atk|1\n|-boost|p1a: Pawmot|def|1\n|move|p2a: Rillaboom|Wood Hammer|p1a: Pawmot|[miss]\n|-miss|p2a: Rillaboom|p1a: Pawmot\n|\n|-heal|p1a: Pawmot|76\/100 tox|[from] Grassy Terrain\n|-damage|p1a: Pawmot|57\/100 tox|[from] psn\n|upkeep\n|turn|10\n|\n|t:|1699041416\n|move|p1a: Pawmot|Bulk Up|p1a: Pawmot\n|-boost|p1a: Pawmot|atk|1\n|-boost|p1a: Pawmot|def|1\n|move|p2a: Rillaboom|Wood Hammer|p1a: Pawmot|[miss]\n|-miss|p2a: Rillaboom|p1a: Pawmot\n|\n|-heal|p1a: Pawmot|63\/100 tox|[from] Grassy Terrain\n|-damage|p1a: Pawmot|39\/100 tox|[from] psn\n|upkeep\n|turn|11\n|\n|t:|1699041426\n|move|p1a: Pawmot|Baton Pass|p1a: Pawmot\n|\n|t:|1699041428\n|switch|p1a: Urshifu|Urshifu-Rapid-Strike, F|100\/100|[from] Baton Pass\n|-status|p1a: Urshifu|tox\n|-activate|p1a: Urshifu|move: Sticky Web\n|-unboost|p1a: Urshifu|spe|1\n|-damage|p1a: Urshifu|76\/100 tox|[from] Spikes\n|move|p2a: Rillaboom|Wood Hammer|p1a: Urshifu\n|-supereffective|p1a: Urshifu\n|-damage|p1a: Urshifu|0 fnt\n|faint|p1a: Urshifu\n|-damage|p2a: Rillaboom|76\/100|[from] Recoil\n|\n|-heal|p2a: Rillaboom|82\/100|[from] Grassy Terrain\n|-fieldend|move: Grassy Terrain\n|upkeep\n|n|!bruuuuuuuuuuuuuuuu|bruuuuuuuuuuuuuuuu\n|-message|bruuuuuuuuuuuuuuuu forfeited.\n|\n|win|Pruett87\n|raw|bruuuuuuuuuuuuuuuu's rating: 1004 &rarr; <strong>1000<\/strong><br \/>(-4 for losing)\n|raw|Pruett87's rating: 1062 &rarr; <strong>1088<\/strong><br \/>(+26 for winning)\n","uploadtime":1699041449,"views":6,"p1id":"bruuuuuuuuuuuuuuuu","p2id":"pruett87","formatid":"gen9anythinggoes","rating":1000,"private":0,"password":""}