{"id":"gen9anythinggoes-1983290047","p1":"TanPadeusz","p2":"NiszczycielJaj1","format":"[Gen 9] Anything Goes","log":"|j|\u2606TanPadeusz\n|j|\u2606NiszczycielJaj1\n|t:|1699114681\n|gametype|singles\n|player|p1|TanPadeusz|giovanni|\n|player|p2|NiszczycielJaj1|gentleman-gen4|\n|teamsize|p1|6\n|teamsize|p2|6\n|gen|9\n|tier|[Gen 9] Anything Goes\n|rule|HP Percentage Mod: HP is shown in percentages\n|rule|Endless Battle Clause: Forcing endless battles is banned\n|clearpoke\n|poke|p1|Gallade, M|\n|poke|p1|Tinkaton, F|\n|poke|p1|Toxapex, M|\n|poke|p1|Gliscor, M|\n|poke|p1|Zoroark-Hisui, F|\n|poke|p1|Hydreigon, F|\n|poke|p2|Zapdos|\n|poke|p2|Slowbro-Galar, M|\n|poke|p2|Heracross, M|\n|poke|p2|Sylveon, F|\n|poke|p2|Kingambit, F|\n|poke|p2|Garchomp, F|\n|teampreview\n|\n|t:|1699114688\n|start\n|switch|p1a: Toxapex|Toxapex, M|100\/100\n|switch|p2a: Garchomp|Garchomp, F|100\/100\n|turn|1\n|\n|t:|1699114695\n|move|p2a: Garchomp|Earthquake|p1a: Toxapex\n|-supereffective|p1a: Toxapex\n|-damage|p1a: Toxapex|21\/100\n|move|p1a: Toxapex|Toxic|p2a: Garchomp\n|-status|p2a: Garchomp|tox\n|\n|-heal|p1a: Toxapex|27\/100|[from] item: Black Sludge\n|-damage|p2a: Garchomp|94\/100 tox|[from] psn\n|upkeep\n|turn|2\n|c|\u2606NiszczycielJaj1|:troll:\n|\n|t:|1699114704\n|move|p1a: Toxapex|Baneful Bunker|p1a: Toxapex\n|-singleturn|p1a: Toxapex|move: Protect\n|move|p2a: Garchomp|Swords Dance|p2a: Garchomp\n|-boost|p2a: Garchomp|atk|2\n|\n|-heal|p1a: Toxapex|34\/100|[from] item: Black Sludge\n|-damage|p2a: Garchomp|82\/100 tox|[from] psn\n|upkeep\n|turn|3\n|\n|t:|1699114713\n|switch|p1a: Gliscor|Gliscor, M|100\/100\n|move|p2a: Garchomp|Dragon Claw|p1a: Gliscor\n|-damage|p1a: Gliscor|17\/100\n|\n|-damage|p2a: Garchomp|64\/100 tox|[from] psn\n|-status|p1a: Gliscor|tox|[from] item: Toxic Orb\n|upkeep\n|turn|4\n|\n|t:|1699114724\n|move|p2a: Garchomp|Dragon Claw|p1a: Gliscor\n|-damage|p1a: Gliscor|0 fnt\n|faint|p1a: Gliscor\n|\n|-damage|p2a: Garchomp|39\/100 tox|[from] psn\n|upkeep\n|\n|t:|1699114735\n|switch|p1a: Toxapex|Toxapex, M|67\/100\n|turn|5\n|\n|t:|1699114738\n|move|p1a: Toxapex|Baneful Bunker|p1a: Toxapex\n|-singleturn|p1a: Toxapex|move: Protect\n|move|p2a: Garchomp|Earthquake|p1a: Toxapex\n|-activate|p1a: Toxapex|move: Protect\n|\n|-heal|p1a: Toxapex|73\/100|[from] item: Black Sludge\n|-damage|p2a: Garchomp|8\/100 tox|[from] psn\n|upkeep\n|turn|6\n|\n|t:|1699114746\n|switch|p1a: Hydreigon|Hydreigon, F|100\/100\n|move|p2a: Garchomp|Earthquake|p1a: Hydreigon\n|-immune|p1a: Hydreigon|[from] ability: Levitate\n|\n|-damage|p2a: Garchomp|0 fnt|[from] psn\n|faint|p2a: Garchomp\n|upkeep\n|\n|t:|1699114760\n|switch|p2a: Slowbro|Slowbro-Galar, M|100\/100\n|turn|7\n|\n|t:|1699114767\n|move|p1a: Hydreigon|Dragon Dance|p1a: Hydreigon\n|-boost|p1a: Hydreigon|atk|1\n|-boost|p1a: Hydreigon|spe|1\n|move|p2a: Slowbro|Toxic|p1a: Hydreigon\n|-status|p1a: Hydreigon|tox\n|\n|-damage|p1a: Hydreigon|94\/100 tox|[from] psn\n|upkeep\n|turn|8\n|\n|t:|1699114781\n|move|p2a: Slowbro|Protect|p2a: Slowbro\n|-singleturn|p2a: Slowbro|Protect\n|move|p1a: Hydreigon|Earthquake|p2a: Slowbro\n|-activate|p2a: Slowbro|move: Protect\n|\n|-damage|p1a: Hydreigon|82\/100 tox|[from] psn\n|upkeep\n|turn|9\n|\n|t:|1699114788\n|move|p1a: Hydreigon|Earthquake|p2a: Slowbro\n|-supereffective|p2a: Slowbro\n|-damage|p2a: Slowbro|20\/100\n|move|p2a: Slowbro|Toxic|p1a: Hydreigon\n|-fail|p1a: Hydreigon|tox\n|\n|-heal|p2a: Slowbro|26\/100|[from] item: Black Sludge\n|-damage|p1a: Hydreigon|64\/100 tox|[from] psn\n|upkeep\n|turn|10\n|\n|t:|1699114796\n|move|p2a: Slowbro|Protect|p2a: Slowbro\n|-singleturn|p2a: Slowbro|Protect\n|move|p1a: Hydreigon|Dragon Dance|p1a: Hydreigon\n|-boost|p1a: Hydreigon|atk|1\n|-boost|p1a: Hydreigon|spe|1\n|\n|-heal|p2a: Slowbro|32\/100|[from] item: Black Sludge\n|-damage|p1a: Hydreigon|40\/100 tox|[from] psn\n|upkeep\n|turn|11\n|\n|t:|1699114805\n|move|p2a: Slowbro|Protect||[still]\n|-fail|p2a: Slowbro\n|move|p1a: Hydreigon|Earthquake|p2a: Slowbro\n|-supereffective|p2a: Slowbro\n|-damage|p2a: Slowbro|0 fnt\n|faint|p2a: Slowbro\n|\n|-damage|p1a: Hydreigon|9\/100 tox|[from] psn\n|upkeep\n|\n|t:|1699114815\n|switch|p2a: Moxr34|Heracross, M|100\/100\n|turn|12\n|\n|t:|1699114825\n|move|p2a: Moxr34|Close Combat|p1a: Hydreigon\n|-supereffective|p1a: Hydreigon\n|-damage|p1a: Hydreigon|0 fnt\n|-unboost|p2a: Moxr34|def|1\n|-unboost|p2a: Moxr34|spd|1\n|faint|p1a: Hydreigon\n|-ability|p2a: Moxr34|Moxie|boost\n|-boost|p2a: Moxr34|atk|1\n|\n|upkeep\n|\n|t:|1699114833\n|switch|p1a: Toxapex|Toxapex, M|100\/100\n|turn|13\n|c|\u2606NiszczycielJaj1|scam\n|\n|t:|1699114840\n|move|p2a: Moxr34|Megahorn|p1a: Toxapex\n|-resisted|p1a: Toxapex\n|-damage|p1a: Toxapex|67\/100\n|move|p1a: Toxapex|Toxic|p2a: Moxr34\n|-status|p2a: Moxr34|tox\n|\n|-heal|p1a: Toxapex|73\/100|[from] item: Black Sludge\n|-damage|p2a: Moxr34|95\/100 tox|[from] psn\n|upkeep\n|turn|14\n|c|\u2606TanPadeusz|L\n|\n|t:|1699114849\n|move|p1a: Toxapex|Baneful Bunker|p1a: Toxapex\n|-singleturn|p1a: Toxapex|move: Protect\n|move|p2a: Moxr34|Earthquake|p1a: Toxapex\n|-activate|p1a: Toxapex|move: Protect\n|\n|-heal|p2a: Moxr34|100\/100 tox|[from] item: Leftovers\n|-heal|p1a: Toxapex|79\/100|[from] item: Black Sludge\n|-damage|p2a: Moxr34|89\/100 tox|[from] psn\n|upkeep\n|turn|15\n|\n|t:|1699114861\n|move|p2a: Moxr34|Earthquake|p1a: Toxapex\n|-supereffective|p1a: Toxapex\n|-damage|p1a: Toxapex|3\/100\n|move|p1a: Toxapex|Toxic Spikes|p2a: Moxr34\n|-sidestart|p2: NiszczycielJaj1|move: Toxic Spikes\n|\n|-heal|p2a: Moxr34|95\/100 tox|[from] item: Leftovers\n|-heal|p1a: Toxapex|9\/100|[from] item: Black Sludge\n|-damage|p2a: Moxr34|77\/100 tox|[from] psn\n|upkeep\n|turn|16\n|c|\u2606NiszczycielJaj1|SCAM\n|c|\u2606NiszczycielJaj1|KURWA\n|\n|t:|1699114873\n|move|p1a: Toxapex|Baneful Bunker|p1a: Toxapex\n|-singleturn|p1a: Toxapex|move: Protect\n|move|p2a: Moxr34|Megahorn|p1a: Toxapex\n|-activate|p1a: Toxapex|move: Protect\n|\n|-heal|p2a: Moxr34|83\/100 tox|[from] item: Leftovers\n|-heal|p1a: Toxapex|16\/100|[from] item: Black Sludge\n|-damage|p2a: Moxr34|59\/100 tox|[from] psn\n|upkeep\n|turn|17\n|\n|t:|1699114884\n|switch|p1a: Gallade|Gallade, M|100\/100\n|move|p2a: Moxr34|Megahorn|p1a: Gallade|[miss]\n|-miss|p2a: Moxr34|p1a: Gallade\n|\n|-heal|p2a: Moxr34|65\/100 tox|[from] item: Leftovers\n|-damage|p2a: Moxr34|35\/100 tox|[from] psn\n|upkeep\n|turn|18\n|c|\u2606NiszczycielJaj1|NOOOOOOOOOOOOOOOOOOOOOO\n|\n|t:|1699114898\n|move|p2a: Moxr34|Earthquake|p1a: Gallade\n|-damage|p1a: Gallade|17\/100\n|move|p1a: Gallade|Sacred Sword|p2a: Moxr34\n|-resisted|p2a: Moxr34\n|-damage|p2a: Moxr34|0 fnt\n|faint|p2a: Moxr34\n|-damage|p1a: Gallade|8\/100|[from] item: Life Orb\n|\n|upkeep\n|\n|t:|1699114909\n|switch|p2a: Kingambit|Kingambit, F|100\/100\n|-activate|p2a: Kingambit|ability: Supreme Overlord\n|-start|p2a: Kingambit|fallen3|[silent]\n|turn|19\n|\n|t:|1699114916\n|move|p1a: Gallade|Sacred Sword|p2a: Kingambit\n|-supereffective|p2a: Kingambit\n|-crit|p2a: Kingambit\n|-damage|p2a: Kingambit|0 fnt\n|faint|p2a: Kingambit\n|-end|p2a: Kingambit|fallen3|[silent]\n|-damage|p1a: Gallade|0 fnt|[from] item: Life Orb\n|faint|p1a: Gallade\n|\n|upkeep\n|c|\u2606NiszczycielJaj1|scam\n|c|\u2606TanPadeusz|4x effective\n|c|\u2606NiszczycielJaj1|xd\n|\n|t:|1699114928\n|switch|p1a: Toxapex|Toxapex, M|49\/100\n|switch|p2a: Miko\u0142aj|Sylveon, F|100\/100\n|-status|p2a: Miko\u0142aj|psn\n|turn|20\n|\n|t:|1699114939\n|move|p1a: Toxapex|Baneful Bunker|p1a: Toxapex\n|-singleturn|p1a: Toxapex|move: Protect\n|move|p2a: Miko\u0142aj|Draining Kiss|p1a: Toxapex\n|-activate|p1a: Toxapex|move: Protect\n|\n|-heal|p1a: Toxapex|55\/100|[from] item: Black Sludge\n|-damage|p2a: Miko\u0142aj|88\/100 psn|[from] psn\n|upkeep\n|turn|21\n|\n|t:|1699114949\n|move|p2a: Miko\u0142aj|Psychic|p1a: Toxapex\n|-supereffective|p1a: Toxapex\n|-damage|p1a: Toxapex|10\/100\n|move|p1a: Toxapex|Recover|p1a: Toxapex\n|-heal|p1a: Toxapex|60\/100\n|\n|-heal|p1a: Toxapex|66\/100|[from] item: Black Sludge\n|-damage|p2a: Miko\u0142aj|76\/100 psn|[from] psn\n|upkeep\n|turn|22\n|\n|t:|1699114961\n|move|p1a: Toxapex|Baneful Bunker|p1a: Toxapex\n|-singleturn|p1a: Toxapex|move: Protect\n|move|p2a: Miko\u0142aj|Draining Kiss|p1a: Toxapex\n|-activate|p1a: Toxapex|move: Protect\n|\n|-heal|p1a: Toxapex|73\/100|[from] item: Black Sludge\n|-damage|p2a: Miko\u0142aj|63\/100 psn|[from] psn\n|upkeep\n|turn|23\n|\n|t:|1699114969\n|switch|p1a: Tinkaton|Tinkaton, F|100\/100\n|move|p2a: Miko\u0142aj|Draining Kiss|p1a: Tinkaton\n|-resisted|p1a: Tinkaton\n|-damage|p1a: Tinkaton|88\/100\n|-heal|p2a: Miko\u0142aj|71\/100 psn|[from] drain|[of] p1a: Tinkaton\n|\n|-damage|p2a: Miko\u0142aj|59\/100 psn|[from] psn\n|upkeep\n|turn|24\n|\n|t:|1699114979\n|move|p1a: Tinkaton|Swords Dance|p1a: Tinkaton\n|-boost|p1a: Tinkaton|atk|2\n|move|p2a: Miko\u0142aj|Moonblast|p1a: Tinkaton\n|-resisted|p1a: Tinkaton\n|-damage|p1a: Tinkaton|68\/100\n|\n|-damage|p2a: Miko\u0142aj|47\/100 psn|[from] psn\n|upkeep\n|turn|25\n|\n|t:|1699114987\n|move|p1a: Tinkaton|Swords Dance|p1a: Tinkaton\n|-boost|p1a: Tinkaton|atk|2\n|move|p2a: Miko\u0142aj|Psychic|p1a: Tinkaton\n|-resisted|p1a: Tinkaton\n|-damage|p1a: Tinkaton|55\/100\n|\n|-damage|p2a: Miko\u0142aj|34\/100 psn|[from] psn\n|upkeep\n|turn|26\n|c|\u2606NiszczycielJaj1|o nie\n|\n|t:|1699114995\n|move|p2a: Miko\u0142aj|Protect|p2a: Miko\u0142aj\n|-singleturn|p2a: Miko\u0142aj|Protect\n|move|p1a: Tinkaton|Swords Dance|p1a: Tinkaton\n|-boost|p1a: Tinkaton|atk|2\n|\n|-damage|p2a: Miko\u0142aj|22\/100 psn|[from] psn\n|upkeep\n|turn|27\n|c|\u2606NiszczycielJaj1|NIE CO TY ROBISZ\n|\n|t:|1699115005\n|move|p1a: Tinkaton|Play Rough|p2a: Miko\u0142aj\n|-damage|p2a: Miko\u0142aj|0 fnt\n|faint|p2a: Miko\u0142aj\n|\n|upkeep\n|c|\u2606TanPadeusz|gg\n|\n|t:|1699115011\n|switch|p2a: Zapdos|Zapdos|100\/100\n|turn|28\n|c|\u2606TanPadeusz|4x attack gigaton hammer\n|c|\u2606TanPadeusz|wiesz ile to ma powera?\n|c|\u2606TanPadeusz|640\n|c|\u2606NiszczycielJaj1|W CHUJ\n|c|\u2606TanPadeusz|XDDDDDDD\n|\n|t:|1699115025\n|move|p2a: Zapdos|Rest|p2a: Zapdos\n|-fail|p2a: Zapdos|heal\n|move|p1a: Tinkaton|Gigaton Hammer|p2a: Zapdos\n|-resisted|p2a: Zapdos\n|-damage|p2a: Zapdos|0 fnt\n|faint|p2a: Zapdos\n|\n|win|TanPadeusz\n|c|\u2606TanPadeusz|RESISTED HIT\n|c|\u2606TanPadeusz|1 SHOT ZAPDOS\n|c|\u2606TanPadeusz|XDDDDDDDDDDDDDDDDD\n","uploadtime":1699115040,"views":8,"p1id":"tanpadeusz","p2id":"niszczycieljaj1","formatid":"gen9anythinggoes","rating":0,"private":0,"password":""}