{"id":"gen9anythinggoes-1971627102","p1":"Joulpa","p2":"IchBinLusc","format":"[Gen 9] Anything Goes","log":"|j|\u2606Joulpa\n|j|\u2606IchBinLusc\n|t:|1697754816\n|gametype|singles\n|player|p1|Joulpa|101|\n|player|p2|IchBinLusc|marlon|\n|teamsize|p1|6\n|teamsize|p2|6\n|gen|9\n|tier|[Gen 9] Anything Goes\n|rule|HP Percentage Mod: HP is shown in percentages\n|rule|Endless Battle Clause: Forcing endless battles is banned\n|clearpoke\n|poke|p1|Torkoal, M|\n|poke|p1|Charizard, F|\n|poke|p1|Hatterene, F|\n|poke|p1|Brute Bonnet|\n|poke|p1|Roaring Moon|\n|poke|p1|Tornadus-Therian, M|\n|poke|p2|Greninja-*, M|\n|poke|p2|Corviknight, M|\n|poke|p2|Mimikyu, M|\n|poke|p2|Farigiraf, F|\n|poke|p2|Garchomp, M|\n|poke|p2|Regieleki|\n|teampreview\n|c|\u2606Joulpa|boa sorte maninho\n|j| BRAVOS ESPORTS\n|c|\u2606IchBinLusc|boa sorte tbm\n|\n|t:|1697754866\n|start\n|switch|p1a: Tornadus|Tornadus-Therian, M|100\/100\n|switch|p2a: Greninja|Greninja, M|100\/100\n|turn|1\n|j| Seedotics\n|\n|t:|1697754887\n|move|p2a: Greninja|Hydro Pump|p1a: Tornadus\n|-damage|p1a: Tornadus|58\/100\n|-damage|p2a: Greninja|91\/100|[from] item: Life Orb\n|move|p1a: Tornadus|U-turn|p2a: Greninja\n|-supereffective|p2a: Greninja\n|-damage|p2a: Greninja|35\/100\n|j| chronocruz\n|\n|t:|1697754918\n|switch|p1a: Roaring Moon|Roaring Moon|100\/100|[from] U-turn\n|\n|upkeep\n|turn|2\n|\n|t:|1697754938\n|switch|p2a: Impostor|Mimikyu, M|100\/100\n|move|p1a: Roaring Moon|U-turn|p2a: Impostor\n|-activate|p2a: Impostor|ability: Disguise\n|-damage|p2a: Impostor|100\/100\n|detailschange|p2a: Impostor|Mimikyu-Busted, M\n|-damage|p2a: Impostor|88\/100|[from] pokemon: Mimikyu-Busted\n|j| FLA SaFe Donnel\n|\n|t:|1697754973\n|-end|p1a: Roaring Moon|Protosynthesis|[silent]\n|switch|p1a: Torkoal|Torkoal, M|100\/100|[from] U-turn\n|-weather|SunnyDay|[from] ability: Drought|[of] p1a: Torkoal\n|\n|-weather|SunnyDay|[upkeep]\n|upkeep\n|turn|3\n|\n|t:|1697754983\n|move|p2a: Impostor|Swords Dance|p2a: Impostor\n|-boost|p2a: Impostor|atk|2\n|move|p1a: Torkoal|Yawn|p2a: Impostor\n|-start|p2a: Impostor|move: Yawn|[of] p1a: Torkoal\n|\n|-weather|SunnyDay|[upkeep]\n|upkeep\n|turn|4\n|\n|t:|1697754996\n|switch|p2a: Tutubar\u00e3o|Garchomp, M|100\/100\n|move|p1a: Torkoal|Stealth Rock|p2a: Tutubar\u00e3o\n|-sidestart|p2: IchBinLusc|move: Stealth Rock\n|\n|-weather|SunnyDay|[upkeep]\n|upkeep\n|turn|5\n|\n|t:|1697755020\n|switch|p1a: Brute Bonnet|Brute Bonnet, shiny|100\/100\n|-activate|p1a: Brute Bonnet|ability: Protosynthesis\n|-start|p1a: Brute Bonnet|protosynthesisatk\n|move|p2a: Tutubar\u00e3o|Swords Dance|p2a: Tutubar\u00e3o\n|-boost|p2a: Tutubar\u00e3o|atk|2\n|\n|-weather|SunnyDay|[upkeep]\n|upkeep\n|turn|6\n|\n|t:|1697755092\n|move|p2a: Tutubar\u00e3o|Fire Fang|p1a: Brute Bonnet\n|-supereffective|p1a: Brute Bonnet\n|-damage|p1a: Brute Bonnet|0 fnt\n|faint|p1a: Brute Bonnet\n|-end|p1a: Brute Bonnet|Protosynthesis|[silent]\n|\n|-weather|SunnyDay|[upkeep]\n|upkeep\n|c| Seedotics|Eita porra\n|c|\u2606Joulpa|surpreso\n|c| chronocruz|Olha o homem\n|c|\u2606IchBinLusc|tome.\n|c|\u2606IchBinLusc|tutubar\u00e3o causando uma grande confus\u00e3o\n|\n|t:|1697755183\n|switch|p1a: Roaring Moon|Roaring Moon|100\/100\n|-activate|p1a: Roaring Moon|ability: Protosynthesis\n|-start|p1a: Roaring Moon|protosynthesisspe\n|turn|7\n|\n|t:|1697755200\n|move|p1a: Roaring Moon|U-turn|p2a: Tutubar\u00e3o\n|-damage|p2a: Tutubar\u00e3o|64\/100\n|-damage|p1a: Roaring Moon|88\/100|[from] ability: Rough Skin|[of] p2a: Tutubar\u00e3o\n|-damage|p1a: Roaring Moon|72\/100|[from] item: Rocky Helmet|[of] p2a: Tutubar\u00e3o\n|c| BRAVOS ESPORTS|Krai\n|\n|t:|1697755219\n|-end|p1a: Roaring Moon|Protosynthesis|[silent]\n|switch|p1a: Hatterene|Hatterene, F|100\/100|[from] U-turn\n|move|p2a: Tutubar\u00e3o|Dragon Claw|p1a: Hatterene\n|-immune|p1a: Hatterene\n|\n|-weather|SunnyDay|[upkeep]\n|upkeep\n|turn|8\n|c| BRAVOS ESPORTS|O homi tem bolas\n|c| chronocruz|esse jogo \u00e9 literalmente queimada\n|c| chronocruz|a quantidade de bolas nessa partida\n|c| chronocruz|Slk veinho\n|c| Seedotics|Acho que ele s\u00f3 n\u00e3o percebeu o scarf\n|\n|t:|1697755263\n|switch|p2a: Itachi|Corviknight, M|100\/100\n|-damage|p2a: Itachi|88\/100|[from] Stealth Rock\n|move|p1a: Hatterene|Draining Kiss|p2a: Itachi\n|-resisted|p2a: Itachi\n|-damage|p2a: Itachi|78\/100\n|\n|-weather|SunnyDay|[upkeep]\n|-heal|p2a: Itachi|84\/100|[from] item: Leftovers\n|upkeep\n|turn|9\n|c| BRAVOS ESPORTS|Nem era ver o scarf\n|\n|t:|1697755283\n|move|p2a: Itachi|U-turn|p1a: Hatterene\n|-damage|p1a: Hatterene|87\/100\n|\n|t:|1697755285\n|switch|p2a: Zatch|Regieleki|100\/100|[from] U-turn\n|-damage|p2a: Zatch|88\/100|[from] Stealth Rock\n|move|p1a: Hatterene|Mystical Fire|p2a: Zatch\n|-damage|p2a: Zatch|31\/100\n|-unboost|p2a: Zatch|spa|1\n|\n|-weather|none\n|-heal|p1a: Hatterene|93\/100|[from] item: Leftovers\n|upkeep\n|turn|10\n|c| BRAVOS ESPORTS|\u00c9 o Protosinthesys msm\n|\n|t:|1697755302\n|move|p2a: Zatch|Reflect|p2a: Zatch\n|-sidestart|p2: IchBinLusc|Reflect\n|move|p1a: Hatterene|Draining Kiss|p2a: Zatch\n|-damage|p2a: Zatch|0 fnt\n|-heal|p1a: Hatterene|100\/100|[from] drain|[of] p2a: Zatch\n|faint|p2a: Zatch\n|\n|upkeep\n|\n|t:|1697755312\n|switch|p2a: Itachi|Corviknight, M|84\/100\n|-damage|p2a: Itachi|71\/100|[from] Stealth Rock\n|turn|11\n|\n|t:|1697755323\n|move|p2a: Itachi|Roost|p2a: Itachi\n|-heal|p2a: Itachi|100\/100\n|-singleturn|p2a: Itachi|move: Roost\n|move|p1a: Hatterene|Calm Mind|p1a: Hatterene\n|-boost|p1a: Hatterene|spa|1\n|-boost|p1a: Hatterene|spd|1\n|\n|upkeep\n|turn|12\n|\n|t:|1697755342\n|move|p2a: Itachi|Heavy Slam|p1a: Hatterene\n|-supereffective|p1a: Hatterene\n|-damage|p1a: Hatterene|34\/100\n|move|p1a: Hatterene|Calm Mind|p1a: Hatterene\n|-boost|p1a: Hatterene|spa|1\n|-boost|p1a: Hatterene|spd|1\n|\n|-heal|p1a: Hatterene|40\/100|[from] item: Leftovers\n|upkeep\n|turn|13\n|c| Seedotics|MEEEEEE\n|c| BRAVOS ESPORTS|Gzzz\n|\n|t:|1697755358\n|switch|p1a: Torkoal|Torkoal, M|100\/100\n|-weather|SunnyDay|[from] ability: Drought|[of] p1a: Torkoal\n|move|p2a: Itachi|Heavy Slam|p1a: Torkoal\n|-resisted|p1a: Torkoal\n|-damage|p1a: Torkoal|97\/100\n|\n|-weather|SunnyDay|[upkeep]\n|upkeep\n|turn|14\n|c| BRAVOS ESPORTS|Ok, isso aq foi good Peep\n|c| Seedotics|JOUPA VC N TEM MYSTIC FIRE?\n|c| chronocruz|Ai que nervosismo\n|c| BRAVOS ESPORTS|Prep\n|\n|t:|1697755370\n|move|p2a: Itachi|U-turn|p1a: Torkoal\n|-resisted|p1a: Torkoal\n|-damage|p1a: Torkoal|93\/100\n|\n|t:|1697755374\n|switch|p2a: Tutubar\u00e3o|Garchomp, M|64\/100|[from] U-turn\n|-damage|p2a: Tutubar\u00e3o|58\/100|[from] Stealth Rock\n|move|p1a: Torkoal|Yawn|p2a: Tutubar\u00e3o\n|-start|p2a: Tutubar\u00e3o|move: Yawn|[of] p1a: Torkoal\n|\n|-weather|SunnyDay|[upkeep]\n|upkeep\n|turn|15\n|c| chronocruz|O HOMEM\n|\n|t:|1697755386\n|move|p2a: Tutubar\u00e3o|Earthquake|p1a: Torkoal\n|-supereffective|p1a: Torkoal\n|-damage|p1a: Torkoal|32\/100\n|move|p1a: Torkoal|Lava Plume|p2a: Tutubar\u00e3o\n|-resisted|p2a: Tutubar\u00e3o\n|-damage|p2a: Tutubar\u00e3o|37\/100\n|\n|-weather|SunnyDay|[upkeep]\n|-end|p2a: Tutubar\u00e3o|move: Yawn|[silent]\n|-status|p2a: Tutubar\u00e3o|slp\n|upkeep\n|turn|16\n|c| BRAVOS ESPORTS|Ele usou Mfire 2 turnos atr\u00e1s rez\n|c| Seedotics|ENT\u00c3O\n|\n|t:|1697755403\n|switch|p1a: Charizard|Charizard, F|100\/100\n|cant|p2a: Tutubar\u00e3o|slp\n|\n|-weather|SunnyDay|[upkeep]\n|-damage|p1a: Charizard|88\/100|[from] ability: Solar Power|[of] p1a: Charizard\n|upkeep\n|turn|17\n|c| Seedotics|Era s\u00f3 matar o corvo\n|c| Seedotics|N double cm\n|\n|t:|1697755418\n|cant|p2a: Tutubar\u00e3o|slp\n|move|p1a: Charizard|Dragon Dance|p1a: Charizard\n|-boost|p1a: Charizard|atk|1\n|-boost|p1a: Charizard|spe|1\n|\n|-weather|SunnyDay|[upkeep]\n|-damage|p1a: Charizard|76\/100|[from] ability: Solar Power|[of] p1a: Charizard\n|-sideend|p2: IchBinLusc|Reflect\n|upkeep\n|turn|18\n|c| chronocruz|Se liga no belly drum salac berry\n|l| BRAVOS ESPORTS\n|c| chronocruz|ah\n|c| chronocruz|:c\n|\n|t:|1697755431\n|switch|p2a: Greninja|Greninja, M|35\/100\n|-damage|p2a: Greninja|23\/100|[from] Stealth Rock\n|move|p1a: Charizard|Dragon Pulse|p2a: Greninja\n|-damage|p2a: Greninja|0 fnt\n|faint|p2a: Greninja\n|\n|-weather|SunnyDay|[upkeep]\n|-damage|p1a: Charizard|63\/100|[from] ability: Solar Power|[of] p1a: Charizard\n|upkeep\n|j| BRAVOS ESPORTS\n|c| chronocruz|Que porra eh essa\n|c| Seedotics|Joupa 2-1 rumo aos playoffs aq\n|\n|t:|1697755470\n|switch|p2a: Impostor|Mimikyu-Busted, M|88\/100\n|-damage|p2a: Impostor|76\/100|[from] Stealth Rock\n|turn|19\n|c| BRAVOS ESPORTS|Eu pensei em coisas agora\n|\n|t:|1697755480\n|-terastallize|p1a: Charizard|Fire\n|move|p1a: Charizard|Flamethrower|p2a: Impostor\n|-damage|p2a: Impostor|0 fnt\n|faint|p2a: Impostor\n|\n|-weather|SunnyDay|[upkeep]\n|-damage|p1a: Charizard|51\/100|[from] ability: Solar Power|[of] p1a: Charizard\n|upkeep\n|c| BRAVOS ESPORTS|Mas vou ficar calado\n|\n|t:|1697755496\n|switch|p2a: Nelman|Farigiraf, F|100\/100\n|-damage|p2a: Nelman|88\/100|[from] Stealth Rock\n|turn|20\n|c| Seedotics|Pera pq o zard \u00e9 specisl\n|c| Seedotics|Special\n|c| Seedotics|DD\n|c| chronocruz|Outspeed em chomp\n|c| chronocruz|Mastermind\n|c| chronocruz|demais\n|c| chronocruz|N tem como\n|\n|t:|1697755585\n|move|p1a: Charizard|Flamethrower|p2a: Nelman\n|-damage|p2a: Nelman|0 fnt\n|faint|p2a: Nelman\n|\n|-weather|none\n|upkeep\n|\n|t:|1697755592\n|switch|p2a: Tutubar\u00e3o|Garchomp, M|37\/100 slp\n|-damage|p2a: Tutubar\u00e3o|31\/100 slp|[from] Stealth Rock\n|turn|21\n|c| Seedotics|Caralho\n|c| Seedotics|Manokkkkkk\n|\n|t:|1697755600\n|move|p1a: Charizard|Dragon Pulse|p2a: Tutubar\u00e3o\n|-supereffective|p2a: Tutubar\u00e3o\n|-damage|p2a: Tutubar\u00e3o|0 fnt\n|faint|p2a: Tutubar\u00e3o\n|\n|upkeep\n|\n|t:|1697755604\n|switch|p2a: Itachi|Corviknight, M|100\/100\n|-damage|p2a: Itachi|88\/100|[from] Stealth Rock\n|turn|22\n|c| Seedotics|Eu vivi pra ver swrep de Charizard em 2023\n|c| BRAVOS ESPORTS|Eu quero saber o set da girafa\n|c| Seedotics|Sweep\n|c|\u2606IchBinLusc|Vai ficar um mist\u00e9rio lavos\n|c| BRAVOS ESPORTS|Vai porra\n|\n|t:|1697755628\n|move|p1a: Charizard|Flamethrower|p2a: Itachi\n|-supereffective|p2a: Itachi\n|-damage|p2a: Itachi|0 fnt\n|faint|p2a: Itachi\n|\n|win|Joulpa\n|c| BRAVOS ESPORTS|No meu PV agora\n|l|\u2606IchBinLusc\n","uploadtime":1697755636,"views":15,"p1id":"joulpa","p2id":"ichbinlusc","formatid":"gen9anythinggoes","rating":0,"private":0,"password":""}