{"id":"gen9anythinggoes-1977208750","p1":"Uwufuckayou","p2":"alexflamesword3d","format":"[Gen 9] Anything Goes","log":"|j|\u2606Uwufuckayou\n|j|\u203dalexflamesword3d\n|t:|1698386862\n|gametype|singles\n|player|p1|Uwufuckayou|101|1043\n|player|p2|alexflamesword3d|cameraman|1082\n|teamsize|p1|6\n|teamsize|p2|6\n|gen|9\n|tier|[Gen 9] Anything Goes\n|rated|\n|rule|HP Percentage Mod: HP is shown in percentages\n|rule|Endless Battle Clause: Forcing endless battles is banned\n|clearpoke\n|poke|p1|Scyther, F|\n|poke|p1|Gliscor, M|\n|poke|p1|Iron Valiant|\n|poke|p1|Gallade, M|\n|poke|p1|Scizor, F|\n|poke|p1|Kingambit, F|\n|poke|p2|Volcarona, F|\n|poke|p2|Meowscarada, M|\n|poke|p2|Glimmora, F|\n|poke|p2|Rabsca, F|\n|poke|p2|Dragapult, M|\n|poke|p2|Gyarados, F|\n|teampreview\n|\n|t:|1698386867\n|start\n|switch|p1a: Scyther|Scyther, F|100\/100\n|switch|p2a: Glimmora|Glimmora, F|100\/100\n|turn|1\n|\n|t:|1698386872\n|move|p1a: Scyther|Fury Cutter|p2a: Glimmora\n|-resisted|p2a: Glimmora\n|-damage|p2a: Glimmora|88\/100\n|-activate|p2a: Glimmora|ability: Toxic Debris\n|-sidestart|p1: Uwufuckayou|move: Toxic Spikes\n|move|p2a: Glimmora|Toxic Spikes|p1a: Scyther\n|-sidestart|p1: Uwufuckayou|move: Toxic Spikes\n|\n|upkeep\n|turn|2\n|\n|t:|1698386879\n|move|p1a: Scyther|Fury Cutter|p2a: Glimmora\n|-resisted|p2a: Glimmora\n|-damage|p2a: Glimmora|62\/100\n|move|p2a: Glimmora|Stealth Rock|p1a: Scyther\n|-sidestart|p1: Uwufuckayou|move: Stealth Rock\n|\n|upkeep\n|turn|3\n|\n|t:|1698386885\n|move|p1a: Scyther|Fury Cutter|p2a: Glimmora\n|-resisted|p2a: Glimmora\n|-damage|p2a: Glimmora|8\/100\n|move|p2a: Glimmora|Spikes|p1a: Scyther\n|-sidestart|p1: Uwufuckayou|Spikes\n|\n|upkeep\n|turn|4\n|\n|t:|1698386905\n|move|p1a: Scyther|Fury Cutter|p2a: Glimmora\n|-resisted|p2a: Glimmora\n|-damage|p2a: Glimmora|0 fnt\n|faint|p2a: Glimmora\n|\n|upkeep\n|\n|t:|1698386909\n|switch|p2a: Volcarona|Volcarona, F, shiny|100\/100\n|turn|5\n|\n|t:|1698386918\n|move|p1a: Scyther|Fury Cutter|p2a: Volcarona\n|-resisted|p2a: Volcarona\n|-damage|p2a: Volcarona|26\/100\n|move|p2a: Volcarona|Fire Blast|p1a: Scyther\n|-supereffective|p1a: Scyther\n|-damage|p1a: Scyther|0 fnt\n|faint|p1a: Scyther\n|\n|upkeep\n|\n|t:|1698386926\n|switch|p1a: Gliscor|Gliscor, M|100\/100\n|-damage|p1a: Gliscor|88\/100|[from] Stealth Rock\n|turn|6\n|\n|t:|1698386934\n|move|p2a: Volcarona|Giga Drain|p1a: Gliscor\n|-damage|p1a: Gliscor|50\/100\n|-heal|p2a: Volcarona|48\/100|[from] drain|[of] p1a: Gliscor\n|move|p1a: Gliscor|Fury Cutter|p2a: Volcarona\n|-resisted|p2a: Volcarona\n|-damage|p2a: Volcarona|38\/100\n|\n|upkeep\n|turn|7\n|\n|t:|1698386944\n|move|p2a: Volcarona|Giga Drain|p1a: Gliscor\n|-damage|p1a: Gliscor|17\/100\n|-heal|p2a: Volcarona|57\/100|[from] drain|[of] p1a: Gliscor\n|move|p1a: Gliscor|Fury Cutter|p2a: Volcarona\n|-resisted|p2a: Volcarona\n|-crit|p2a: Volcarona\n|-damage|p2a: Volcarona|24\/100\n|\n|upkeep\n|turn|8\n|\n|t:|1698386953\n|move|p2a: Volcarona|Giga Drain|p1a: Gliscor\n|-damage|p1a: Gliscor|0 fnt\n|-heal|p2a: Volcarona|34\/100|[from] drain|[of] p1a: Gliscor\n|faint|p1a: Gliscor\n|\n|upkeep\n|inactive|Battle timer is ON: inactive players will automatically lose when time's up. (requested by alexflamesword3d)\n|\n|t:|1698386959\n|switch|p1a: Iron Valiant|Iron Valiant|100\/100\n|-status|p1a: Iron Valiant|tox\n|-damage|p1a: Iron Valiant|94\/100 tox|[from] Stealth Rock\n|-damage|p1a: Iron Valiant|82\/100 tox|[from] Spikes\n|turn|9\n|\n|t:|1698386971\n|move|p1a: Iron Valiant|Fury Cutter|p2a: Volcarona\n|-resisted|p2a: Volcarona\n|-damage|p2a: Volcarona|22\/100\n|move|p2a: Volcarona|Bug Buzz|p1a: Iron Valiant\n|-resisted|p1a: Iron Valiant\n|-damage|p1a: Iron Valiant|58\/100 tox\n|\n|-damage|p1a: Iron Valiant|52\/100 tox|[from] psn\n|upkeep\n|turn|10\n|\n|t:|1698386980\n|move|p1a: Iron Valiant|Fury Cutter|p2a: Volcarona\n|-resisted|p2a: Volcarona\n|-damage|p2a: Volcarona|0 fnt\n|faint|p2a: Volcarona\n|\n|-damage|p1a: Iron Valiant|39\/100 tox|[from] psn\n|upkeep\n|\n|t:|1698386989\n|switch|p2a: Rabsca|Rabsca, F|100\/100\n|turn|11\n|\n|t:|1698386993\n|move|p1a: Iron Valiant|Fury Cutter|p2a: Rabsca\n|-supereffective|p2a: Rabsca\n|-enditem|p2a: Rabsca|Focus Sash\n|-damage|p2a: Rabsca|1\/100\n|move|p2a: Rabsca|Psychic|p1a: Iron Valiant\n|-supereffective|p1a: Iron Valiant\n|-damage|p1a: Iron Valiant|0 fnt\n|faint|p1a: Iron Valiant\n|-end|p1a: Iron Valiant|Quark Drive|[silent]\n|\n|upkeep\n|\n|t:|1698387001\n|switch|p1a: Gallade|Gallade, M|100\/100\n|-status|p1a: Gallade|tox\n|-damage|p1a: Gallade|94\/100 tox|[from] Stealth Rock\n|-damage|p1a: Gallade|82\/100 tox|[from] Spikes\n|turn|12\n|\n|t:|1698387010\n|move|p1a: Gallade|Fury Cutter|p2a: Rabsca\n|-supereffective|p2a: Rabsca\n|-damage|p2a: Rabsca|0 fnt\n|faint|p2a: Rabsca\n|\n|-damage|p1a: Gallade|76\/100 tox|[from] psn\n|upkeep\n|\n|t:|1698387014\n|switch|p2a: Meowscarada|Meowscarada, M|100\/100\n|turn|13\n|\n|t:|1698387019\n|move|p2a: Meowscarada|Sucker Punch|p1a: Gallade\n|-start|p2a: Meowscarada|typechange|Dark|[from] ability: Protean\n|-damage|p1a: Gallade|26\/100 tox\n|move|p1a: Gallade|Fury Cutter|p2a: Meowscarada\n|-supereffective|p2a: Meowscarada\n|-damage|p2a: Meowscarada|0 fnt\n|faint|p2a: Meowscarada\n|\n|-damage|p1a: Gallade|14\/100 tox|[from] psn\n|upkeep\n|\n|t:|1698387041\n|switch|p2a: Dragapult|Dragapult, M|100\/100\n|turn|14\n|\n|t:|1698387052\n|move|p2a: Dragapult|Flamethrower|p1a: Gallade\n|-damage|p1a: Gallade|0 fnt\n|faint|p1a: Gallade\n|\n|upkeep\n|\n|t:|1698387058\n|switch|p1a: Scizor|Scizor, F|100\/100\n|-damage|p1a: Scizor|88\/100|[from] Stealth Rock\n|-damage|p1a: Scizor|76\/100|[from] Spikes\n|turn|15\n|\n|t:|1698387064\n|move|p2a: Dragapult|Flamethrower|p1a: Scizor\n|-supereffective|p1a: Scizor\n|-damage|p1a: Scizor|0 fnt\n|faint|p1a: Scizor\n|\n|upkeep\n|\n|t:|1698387071\n|switch|p1a: Kingambit|Kingambit, F, shiny|100\/100\n|-activate|p1a: Kingambit|ability: Supreme Overlord\n|-start|p1a: Kingambit|fallen5|[silent]\n|turn|16\n|\n|t:|1698387075\n|-terastallize|p1a: Kingambit|Ghost\n|move|p1a: Kingambit|Sucker Punch|p2a: Dragapult\n|-supereffective|p2a: Dragapult\n|-damage|p2a: Dragapult|0 fnt\n|faint|p2a: Dragapult\n|\n|upkeep\n|\n|t:|1698387080\n|switch|p2a: Gyarados|Gyarados, F|100\/100\n|turn|17\n|\n|t:|1698387092\n|-terastallize|p2a: Gyarados|Dragon\n|move|p1a: Kingambit|Kowtow Cleave|p2a: Gyarados\n|-crit|p2a: Gyarados\n|-damage|p2a: Gyarados|0 fnt\n|faint|p2a: Gyarados\n|\n|win|Uwufuckayou\n|raw|Uwufuckayou's rating: 1043 &rarr; <strong>1080<\/strong><br \/>(+37 for winning)\n|raw|alexflamesword3d's rating: 1082 &rarr; <strong>1057<\/strong><br \/>(-25 for losing)\n|l|\u203dalexflamesword3d\n","uploadtime":1698387236,"views":8,"p1id":"uwufuckayou","p2id":"alexflamesword3d","formatid":"gen9anythinggoes","rating":1057,"private":0,"password":""}