{"id":"gen9anythinggoes-1976883296","p1":"Pierre25","p2":"iSHATKK","format":"[Gen 9] Anything Goes","log":"|j|\u2606Pierre25\n|j|\u2606iSHATKK\n|t:|1698349213\n|gametype|singles\n|player|p1|Pierre25|steven|1341\n|player|p2|iSHATKK|ghetsis-gen5bw|1489\n|teamsize|p1|6\n|teamsize|p2|6\n|gen|9\n|tier|[Gen 9] Anything Goes\n|rated|\n|rule|HP Percentage Mod: HP is shown in percentages\n|rule|Endless Battle Clause: Forcing endless battles is banned\n|clearpoke\n|poke|p1|Grimmsnarl, M|\n|poke|p1|Calyrex-Shadow|\n|poke|p1|Chandelure, F|\n|poke|p1|Koraidon|\n|poke|p1|Sylveon, M|\n|poke|p1|Ursaluna-Bloodmoon, M|\n|poke|p2|Chien-Pao|\n|poke|p2|Toxapex, M|\n|poke|p2|Flutter Mane|\n|poke|p2|Sableye, F|\n|poke|p2|Clodsire, F|\n|poke|p2|Chi-Yu|\n|teampreview\n|inactive|Battle timer is ON: inactive players will automatically lose when time's up. (requested by iSHATKK)\n|\n|t:|1698349227\n|start\n|switch|p1a: Calyrex|Calyrex-Shadow|100\/100\n|switch|p2a: Sableye|Sableye, F|100\/100\n|-ability|p1a: Calyrex|As One\n|-ability|p1a: Calyrex|Unnerve\n|turn|1\n|\n|t:|1698349240\n|switch|p2a: Clodsire|Clodsire, F|100\/100\n|move|p1a: Calyrex|Nasty Plot|p1a: Calyrex\n|-boost|p1a: Calyrex|spa|2\n|\n|upkeep\n|turn|2\n|\n|t:|1698349247\n|move|p1a: Calyrex|Psychic|p2a: Clodsire\n|-supereffective|p2a: Clodsire\n|-damage|p2a: Clodsire|0 fnt\n|faint|p2a: Clodsire\n|-ability|p1a: Calyrex|Grim Neigh|boost\n|-boost|p1a: Calyrex|spa|1\n|\n|upkeep\n|\n|t:|1698349253\n|switch|p2a: Chi-Yu|Chi-Yu|100\/100\n|-ability|p2a: Chi-Yu|Beads of Ruin\n|turn|3\n|\n|t:|1698349257\n|move|p2a: Chi-Yu|Dark Pulse|p1a: Calyrex\n|-supereffective|p1a: Calyrex\n|-enditem|p1a: Calyrex|Focus Sash\n|-damage|p1a: Calyrex|1\/100\n|move|p1a: Calyrex|Draining Kiss|p2a: Chi-Yu\n|-damage|p2a: Chi-Yu|41\/100\n|-heal|p1a: Calyrex|32\/100|[from] drain|[of] p2a: Chi-Yu\n|\n|upkeep\n|turn|4\n|\n|t:|1698349266\n|switch|p1a: gremlin|Grimmsnarl, M, shiny|100\/100\n|move|p2a: Chi-Yu|Dark Pulse|p1a: gremlin\n|-resisted|p1a: gremlin\n|-damage|p1a: gremlin|88\/100\n|\n|upkeep\n|turn|5\n|\n|t:|1698349272\n|switch|p2a: Sableye|Sableye, F|100\/100\n|move|p1a: gremlin|Light Screen|p1a: gremlin\n|-sidestart|p1: Pierre25|move: Light Screen\n|\n|upkeep\n|turn|6\n|\n|t:|1698349280\n|move|p1a: gremlin|Reflect|p1a: gremlin\n|-sidestart|p1: Pierre25|Reflect\n|move|p2a: Sableye|Trick|p1a: gremlin\n|-activate|p2a: Sableye|move: Trick|[of] p1a: gremlin\n|-item|p1a: gremlin|Choice Scarf|[from] move: Trick\n|-item|p2a: Sableye|Light Clay|[from] move: Trick\n|\n|upkeep\n|turn|7\n|\n|t:|1698349290\n|switch|p1a: Chandelure|Chandelure, F|100\/100\n|move|p2a: Sableye|Mean Look||[still]\n|-fail|p2a: Sableye\n|\n|upkeep\n|turn|8\n|\n|t:|1698349299\n|move|p1a: Chandelure|Calm Mind|p1a: Chandelure\n|-boost|p1a: Chandelure|spa|1\n|-boost|p1a: Chandelure|spd|1\n|move|p2a: Sableye|Trick|p1a: Chandelure\n|-activate|p2a: Sableye|move: Trick|[of] p1a: Chandelure\n|-item|p1a: Chandelure|Light Clay|[from] move: Trick\n|-item|p2a: Sableye|Leftovers|[from] move: Trick\n|\n|upkeep\n|turn|9\n|\n|t:|1698349307\n|move|p1a: Chandelure|Calm Mind|p1a: Chandelure\n|-boost|p1a: Chandelure|spa|1\n|-boost|p1a: Chandelure|spd|1\n|move|p2a: Sableye|Disable|p1a: Chandelure\n|-start|p1a: Chandelure|Disable|Calm Mind\n|\n|upkeep\n|turn|10\n|\n|t:|1698349318\n|move|p1a: Chandelure|Fire Blast|p2a: Sableye\n|-damage|p2a: Sableye|0 fnt\n|faint|p2a: Sableye\n|\n|upkeep\n|\n|t:|1698349323\n|switch|p2a: Toxapex|Toxapex, M|100\/100\n|turn|11\n|\n|t:|1698349327\n|move|p1a: Chandelure|Energy Ball|p2a: Toxapex\n|-damage|p2a: Toxapex|51\/100\n|move|p2a: Toxapex|Haze|p2a: Toxapex\n|-clearallboost\n|\n|upkeep\n|turn|12\n|\n|t:|1698349336\n|switch|p1a: Calyrex|Calyrex-Shadow|32\/100\n|-ability|p1a: Calyrex|As One\n|-ability|p1a: Calyrex|Unnerve\n|move|p2a: Toxapex|Infestation|p1a: Calyrex\n|-damage|p1a: Calyrex|31\/100\n|-activate|p1a: Calyrex|move: Infestation|[of] p2a: Toxapex\n|\n|-damage|p1a: Calyrex|19\/100|[from] move: Infestation|[partiallytrapped]\n|-sideend|p1: Pierre25|move: Light Screen\n|upkeep\n|turn|13\n|\n|t:|1698349346\n|switch|p2a: Chi-Yu|Chi-Yu|41\/100\n|-ability|p2a: Chi-Yu|Beads of Ruin\n|move|p1a: Calyrex|Psychic|p2a: Chi-Yu\n|-immune|p2a: Chi-Yu\n|\n|-end|p1a: Calyrex|Infestation|[partiallytrapped]|[silent]\n|-sideend|p1: Pierre25|Reflect\n|upkeep\n|turn|14\n|\n|t:|1698349354\n|move|p2a: Chi-Yu|Overheat|p1a: Calyrex\n|-damage|p1a: Calyrex|0 fnt\n|-unboost|p2a: Chi-Yu|spa|2\n|faint|p1a: Calyrex\n|\n|upkeep\n|\n|t:|1698349357\n|switch|p1a: gremlin|Grimmsnarl, M, shiny|88\/100\n|turn|15\n|\n|t:|1698349364\n|switch|p2a: Toxapex|Toxapex, M|84\/100\n|move|p1a: gremlin|Light Screen|p1a: gremlin\n|-sidestart|p1: Pierre25|move: Light Screen\n|\n|upkeep\n|turn|16\n|\n|t:|1698349369\n|switch|p1a: freddy|Ursaluna-Bloodmoon, M|100\/100\n|move|p2a: Toxapex|Infestation|p1a: freddy\n|-damage|p1a: freddy|99\/100\n|-activate|p1a: freddy|move: Infestation|[of] p2a: Toxapex\n|\n|-heal|p1a: freddy|100\/100|[from] item: Leftovers\n|-damage|p1a: freddy|88\/100|[from] move: Infestation|[partiallytrapped]\n|upkeep\n|turn|17\n|l|\u2606Pierre25\n|inactive|Pierre25 disconnected and has a minute to reconnect!\n|player|p1|\n|\n|t:|1698349385\n|-terastallize|p2a: Toxapex|Flying\n|move|p1a: freddy|Calm Mind|p1a: freddy\n|-boost|p1a: freddy|spa|1\n|-boost|p1a: freddy|spd|1\n|move|p2a: Toxapex|Toxic|p1a: freddy\n|-status|p1a: freddy|tox\n|\n|-heal|p1a: freddy|94\/100 tox|[from] item: Leftovers\n|-damage|p1a: freddy|88\/100 tox|[from] psn\n|-damage|p1a: freddy|76\/100 tox|[from] move: Infestation|[partiallytrapped]\n|upkeep\n|turn|18\n|inactive|Pierre25 has 30 seconds to reconnect!\n|inactive|Pierre25 has 20 seconds to reconnect!\n|inactive|Pierre25 has 15 seconds to reconnect!\n|inactive|Pierre25 has 10 seconds to reconnect!\n|inactive|Pierre25 has 5 seconds to reconnect!\n|j|\u2606Pierre25\n|inactive|Pierre25 reconnected and has 95 seconds left.\n|player|p1|Pierre25|steven\n|inactive|Pierre25 has 90 seconds left.\n|\n|t:|1698349447\n|move|p1a: freddy|Calm Mind|p1a: freddy\n|-boost|p1a: freddy|spa|1\n|-boost|p1a: freddy|spd|1\n|move|p2a: Toxapex|Recover|p2a: Toxapex\n|-heal|p2a: Toxapex|100\/100\n|\n|-heal|p1a: freddy|82\/100 tox|[from] item: Leftovers\n|-damage|p1a: freddy|70\/100 tox|[from] psn\n|-damage|p1a: freddy|57\/100 tox|[from] move: Infestation|[partiallytrapped]\n|upkeep\n|turn|19\n|\n|t:|1698349457\n|move|p1a: freddy|Blood Moon|p2a: Toxapex\n|-damage|p2a: Toxapex|0 fnt\n|faint|p2a: Toxapex\n|\n|-heal|p1a: freddy|63\/100 tox|[from] item: Leftovers\n|-damage|p1a: freddy|45\/100 tox|[from] psn\n|-end|p1a: freddy|Infestation|[partiallytrapped]|[silent]\n|-sideend|p1: Pierre25|move: Light Screen\n|upkeep\n|\n|t:|1698349468\n|switch|p2a: Flutter Mane|Flutter Mane|100\/100\n|turn|20\n|\n|t:|1698349473\n|move|p2a: Flutter Mane|Energy Ball|p1a: freddy\n|-supereffective|p1a: freddy\n|-damage|p1a: freddy|0 fnt\n|faint|p1a: freddy\n|-damage|p2a: Flutter Mane|91\/100|[from] item: Life Orb\n|\n|upkeep\n|\n|t:|1698349481\n|switch|p1a: gremlin|Grimmsnarl, M, shiny|88\/100\n|turn|21\n|\n|t:|1698349490\n|-end|p2a: Flutter Mane|Protosynthesis|[silent]\n|switch|p2a: Chien-Pao|Chien-Pao|100\/100\n|-ability|p2a: Chien-Pao|Sword of Ruin\n|move|p1a: gremlin|Parting Shot|p2a: Chien-Pao\n|-hint|Since gen 7, Dark is immune to Prankster moves.\n|-immune|p2a: Chien-Pao\n|\n|upkeep\n|turn|22\n|\n|t:|1698349497\n|switch|p1a: Chandelure|Chandelure, F|100\/100\n|move|p2a: Chien-Pao|Ice Spinner|p1a: Chandelure\n|-resisted|p1a: Chandelure\n|-damage|p1a: Chandelure|54\/100\n|-damage|p2a: Chien-Pao|91\/100|[from] item: Life Orb\n|\n|upkeep\n|turn|23\n|\n|t:|1698349507\n|move|p2a: Chien-Pao|Psychic Fangs|p1a: Chandelure\n|-crit|p1a: Chandelure\n|-damage|p1a: Chandelure|0 fnt\n|faint|p1a: Chandelure\n|-damage|p2a: Chien-Pao|81\/100|[from] item: Life Orb\n|\n|upkeep\n|\n|t:|1698349512\n|switch|p1a: Sylveon|Sylveon, M, shiny|100\/100\n|turn|24\n|\n|t:|1698349517\n|move|p2a: Chien-Pao|Ice Spinner|p1a: Sylveon\n|-damage|p1a: Sylveon|24\/100\n|-damage|p2a: Chien-Pao|71\/100|[from] item: Life Orb\n|move|p1a: Sylveon|Hyper Voice|p2a: Chien-Pao\n|-supereffective|p2a: Chien-Pao\n|-damage|p2a: Chien-Pao|0 fnt\n|faint|p2a: Chien-Pao\n|\n|-heal|p1a: Sylveon|30\/100|[from] item: Leftovers\n|upkeep\n|\n|t:|1698349526\n|switch|p2a: Chi-Yu|Chi-Yu|41\/100\n|-ability|p2a: Chi-Yu|Beads of Ruin\n|turn|25\n|\n|t:|1698349531\n|move|p2a: Chi-Yu|Flamethrower|p1a: Sylveon\n|-damage|p1a: Sylveon|0 fnt\n|faint|p1a: Sylveon\n|\n|upkeep\n|\n|t:|1698349534\n|switch|p1a: gremlin|Grimmsnarl, M, shiny|88\/100\n|turn|26\n|\n|t:|1698349537\n|move|p1a: gremlin|Light Screen|p1a: gremlin\n|-sidestart|p1: Pierre25|move: Light Screen\n|move|p2a: Chi-Yu|Flamethrower|p1a: gremlin\n|-damage|p1a: gremlin|58\/100\n|\n|upkeep\n|turn|27\n|\n|t:|1698349543\n|switch|p2a: Flutter Mane|Flutter Mane|91\/100\n|switch|p1a: Koraidon|Koraidon|100\/100\n|-weather|SunnyDay|[from] ability: Orichalcum Pulse|[of] p1a: Koraidon\n|-activate|p2a: Flutter Mane|ability: Protosynthesis\n|-start|p2a: Flutter Mane|protosynthesisspe\n|-activate|p1a: Koraidon|Orichalcum Pulse|[source]\n|\n|-weather|SunnyDay|[upkeep]\n|upkeep\n|turn|28\n|\n|t:|1698349553\n|move|p2a: Flutter Mane|Moonblast|p1a: Koraidon\n|-supereffective|p1a: Koraidon\n|-damage|p1a: Koraidon|0 fnt\n|faint|p1a: Koraidon\n|-damage|p2a: Flutter Mane|81\/100|[from] item: Life Orb\n|\n|-weather|SunnyDay|[upkeep]\n|upkeep\n|-message|Pierre25 forfeited.\n|\n|win|iSHATKK\n|raw|Pierre25's rating: 1341 &rarr; <strong>1329<\/strong><br \/>(-12 for losing)\n|raw|iSHATKK's rating: 1489 &rarr; <strong>1501<\/strong><br \/>(+12 for winning)\n|l|\u2606Pierre25\n","uploadtime":1698349576,"views":8,"p1id":"pierre25","p2id":"ishatkk","formatid":"gen9anythinggoes","rating":1329,"private":0,"password":""}