{"id":"gen9anythinggoes-1987154233","p1":"FreeedTheDolfin","p2":"Zerex53","format":"[Gen 9] Anything Goes","log":"|j|\u2606FreeedTheDolfin\n|j|\u2606Zerex53\n|t:|1699560583\n|gametype|singles\n|player|p1|FreeedTheDolfin|169|\n|player|p2|Zerex53|plasmagrunt|\n|teamsize|p1|6\n|teamsize|p2|6\n|gen|9\n|tier|[Gen 9] Anything Goes\n|rule|HP Percentage Mod: HP is shown in percentages\n|rule|Endless Battle Clause: Forcing endless battles is banned\n|clearpoke\n|poke|p1|Weavile, F|\n|poke|p1|Slowking-Galar, M|\n|poke|p1|Zoroark-Hisui, F|\n|poke|p1|Cetitan, F|\n|poke|p1|Sandslash-Alola, F|\n|poke|p1|Frosmoth, M|\n|poke|p2|Meowscarada, F|\n|poke|p2|Sinistcha|\n|poke|p2|Hawlucha, F|\n|poke|p2|Pincurchin, F|\n|poke|p2|Revavroom, M|\n|poke|p2|Vaporeon, M|\n|teampreview\n|j| Edicts\n|c|\u2606FreeedTheDolfin|tell us when to start\n|j| napg0d\n|j| KINGTONY6\n|c| Edicts|ur good\n|c|\u2606FreeedTheDolfin|ok\n|c|\u2606Zerex53|swagalicious\n|\n|t:|1699560629\n|start\n|switch|p1a: Slowking|Weavile, F|100\/100\n|switch|p2a: Meowscarada|Meowscarada, F|100\/100\n|-ability|p1a: Slowking|Pressure\n|turn|1\n|\n|t:|1699560652\n|move|p1a: Slowking|X-Scissor|p2a: Meowscarada\n|-supereffective|p2a: Meowscarada\n|-damage|p2a: Meowscarada|0 fnt\n|faint|p2a: Meowscarada\n|\n|upkeep\n|j| lumpfren\n|\n|t:|1699560661\n|switch|p2a: Pincurchin|Pincurchin, F|100\/100\n|-fieldstart|move: Electric Terrain|[from] ability: Electric Surge|[of] p2a: Pincurchin\n|turn|2\n|\n|t:|1699560672\n|move|p1a: Slowking|Swords Dance|p1a: Slowking\n|-boost|p1a: Slowking|atk|2\n|move|p2a: Pincurchin|Toxic Spikes|p1a: Slowking\n|-sidestart|p1: FreeedTheDolfin|move: Toxic Spikes\n|\n|upkeep\n|turn|3\n|\n|t:|1699560702\n|switch|p2a: Vaporeon|Vaporeon, M|100\/100\n|move|p1a: Slowking|Swords Dance|p1a: Slowking\n|-boost|p1a: Slowking|atk|2\n|\n|upkeep\n|turn|4\n|c| napg0d|fitness gram pacer test\n|\n|t:|1699560714\n|move|p1a: Slowking|Knock Off|p2a: Vaporeon\n|-damage|p2a: Vaporeon|0 fnt\n|-enditem|p2a: Vaporeon|Leftovers|[from] move: Knock Off|[of] p1a: Slowking\n|faint|p2a: Vaporeon\n|\n|upkeep\n|\n|t:|1699560724\n|switch|p2a: Hawlucha|Hawlucha, F|100\/100\n|-enditem|p2a: Hawlucha|Electric Seed\n|-boost|p2a: Hawlucha|def|1|[from] item: Electric Seed\n|turn|5\n|\n|t:|1699560739\n|move|p2a: Hawlucha|Swords Dance|p2a: Hawlucha\n|-boost|p2a: Hawlucha|atk|2\n|move|p1a: Slowking|Ice Spinner|p2a: Hawlucha\n|-supereffective|p2a: Hawlucha\n|-damage|p2a: Hawlucha|0 fnt\n|-fieldend|move: Electric Terrain\n|faint|p2a: Hawlucha\n|\n|upkeep\n|\n|t:|1699560763\n|switch|p2a: Sinistcha|Sinistcha|100\/100\n|turn|6\n|\n|t:|1699560774\n|move|p1a: Slowking|Knock Off|p2a: Sinistcha\n|-supereffective|p2a: Sinistcha\n|-damage|p2a: Sinistcha|0 fnt\n|-enditem|p2a: Sinistcha|Leftovers|[from] move: Knock Off|[of] p1a: Slowking\n|faint|p2a: Sinistcha\n|\n|upkeep\n|\n|t:|1699560781\n|switch|p2a: Pincurchin|Pincurchin, F|100\/100\n|-fieldstart|move: Electric Terrain|[from] ability: Electric Surge|[of] p2a: Pincurchin\n|turn|7\n|\n|t:|1699560788\n|move|p1a: Slowking|Knock Off|p2a: Pincurchin\n|-damage|p2a: Pincurchin|0 fnt\n|-enditem|p2a: Pincurchin|Eject Button|[from] move: Knock Off|[of] p1a: Slowking\n|faint|p2a: Pincurchin\n|\n|upkeep\n|\n|t:|1699560796\n|switch|p2a: Revavroom|Revavroom, M|100\/100\n|-item|p2a: Revavroom|Air Balloon\n|turn|8\n|\n|t:|1699560812\n|-terastallize|p1a: Slowking|Dark\n|move|p1a: Slowking|Knock Off|p2a: Revavroom\n|-damage|p2a: Revavroom|0 fnt\n|-enditem|p2a: Revavroom|Air Balloon\n|faint|p2a: Revavroom\n|\n|win|FreeedTheDolfin\n|c|\u2606Zerex53|damn\n","uploadtime":1699560821,"views":9,"p1id":"freeedthedolfin","p2id":"zerex53","formatid":"gen9anythinggoes","rating":0,"private":0,"password":""}