{"id":"gen9anythinggoes-1979901493","p1":"MILLIO23E","p2":"Sargenbob","format":"[Gen 9] Anything Goes","log":"|j|\u2606MILLIO23E\n|j|\u2606Sargenbob\n|t:|1698726547\n|gametype|singles\n|player|p1|MILLIO23E|gambler|1113\n|player|p2|Sargenbob|red|1197\n|teamsize|p1|6\n|teamsize|p2|6\n|gen|9\n|tier|[Gen 9] Anything Goes\n|rated|\n|rule|HP Percentage Mod: HP is shown in percentages\n|rule|Endless Battle Clause: Forcing endless battles is banned\n|clearpoke\n|poke|p1|Ludicolo, M|\n|poke|p1|Dragonite, M|\n|poke|p1|Eelektross, F|\n|poke|p1|Clodsire, F|\n|poke|p1|Skeledirge, F|\n|poke|p1|Slaking, F|\n|poke|p2|Koraidon|\n|poke|p2|Flutter Mane|\n|poke|p2|Wo-Chien|\n|poke|p2|Calyrex-Shadow|\n|poke|p2|Zoroark-Hisui, F|\n|poke|p2|Skeledirge, M|\n|teampreview\n|inactive|Battle timer is ON: inactive players will automatically lose when time's up. (requested by Sargenbob)\n|\n|t:|1698726562\n|start\n|switch|p1a: Dragonite|Dragonite, M|100\/100\n|switch|p2a: Jon|Wo-Chien|100\/100\n|-ability|p2a: Jon|Tablets of Ruin\n|turn|1\n|\n|t:|1698726569\n|move|p1a: Dragonite|Hurricane|p2a: Jon|[miss]\n|-miss|p1a: Dragonite|p2a: Jon\n|move|p2a: Jon|Leech Seed|p1a: Dragonite\n|-start|p1a: Dragonite|move: Leech Seed\n|\n|-damage|p1a: Dragonite|88\/100|[from] Leech Seed|[of] p2a: Jon\n|upkeep\n|turn|2\n|\n|t:|1698726583\n|switch|p2a: Matt|Skeledirge, M|100\/100\n|move|p1a: Dragonite|Hurricane|p2a: Matt|[miss]\n|-miss|p1a: Dragonite|p2a: Matt\n|\n|-damage|p1a: Dragonite|76\/100|[from] Leech Seed|[of] p2a: Matt\n|upkeep\n|turn|3\n|\n|t:|1698726589\n|switch|p1a: Clodsire|Clodsire, F|100\/100\n|move|p2a: Matt|Torch Song|p1a: Clodsire\n|-damage|p1a: Clodsire|81\/100\n|-boost|p2a: Matt|spa|1\n|\n|-heal|p1a: Clodsire|87\/100|[from] item: Leftovers\n|upkeep\n|turn|4\n|\n|t:|1698726604\n|move|p2a: Matt|Crunch|p1a: Clodsire\n|-damage|p1a: Clodsire|70\/100\n|move|p1a: Clodsire|Earthquake|p2a: Matt\n|-supereffective|p2a: Matt\n|-damage|p2a: Matt|57\/100\n|\n|-heal|p2a: Matt|63\/100|[from] item: Leftovers\n|-heal|p1a: Clodsire|77\/100|[from] item: Leftovers\n|upkeep\n|turn|5\n|\n|t:|1698726622\n|switch|p2a: Jon|Wo-Chien|100\/100\n|-ability|p2a: Jon|Tablets of Ruin\n|move|p1a: Clodsire|Earthquake|p2a: Jon\n|-resisted|p2a: Jon\n|-damage|p2a: Jon|91\/100\n|\n|-heal|p2a: Jon|97\/100|[from] item: Leftovers\n|-heal|p1a: Clodsire|83\/100|[from] item: Leftovers\n|upkeep\n|turn|6\n|\n|t:|1698726629\n|switch|p1a: Slaking|Slaking, F|100\/100\n|move|p2a: Jon|Leech Seed|p1a: Slaking\n|-start|p1a: Slaking|move: Leech Seed\n|\n|-heal|p2a: Jon|100\/100|[from] item: Leftovers\n|-damage|p1a: Slaking|88\/100|[from] Leech Seed|[of] p2a: Jon\n|upkeep\n|turn|7\n|\n|t:|1698726634\n|-singleturn|p1a: Slaking|move: Focus Punch\n|move|p2a: Jon|Substitute|p2a: Jon\n|-start|p2a: Jon|Substitute\n|-damage|p2a: Jon|75\/100\n|move|p1a: Slaking|Focus Punch|p2a: Jon\n|-supereffective|p2a: Jon\n|-end|p2a: Jon|Substitute\n|\n|-heal|p1a: Slaking|94\/100|[from] item: Leftovers\n|-heal|p2a: Jon|82\/100|[from] item: Leftovers\n|-damage|p1a: Slaking|82\/100|[from] Leech Seed|[of] p2a: Jon\n|-heal|p2a: Jon|100\/100|[silent]\n|upkeep\n|turn|8\n|\n|t:|1698726648\n|switch|p1a: Eelektross|Eelektross, F|100\/100\n|move|p2a: Jon|Substitute|p2a: Jon\n|-start|p2a: Jon|Substitute\n|-damage|p2a: Jon|75\/100\n|\n|-heal|p2a: Jon|82\/100|[from] item: Leftovers\n|upkeep\n|turn|9\n|\n|t:|1698726652\n|move|p2a: Jon|Leech Seed|p1a: Eelektross\n|-start|p1a: Eelektross|move: Leech Seed\n|move|p1a: Eelektross|Acrobatics|p2a: Jon\n|-supereffective|p2a: Jon\n|-end|p2a: Jon|Substitute\n|\n|-heal|p2a: Jon|88\/100|[from] item: Leftovers\n|-damage|p1a: Eelektross|88\/100|[from] Leech Seed|[of] p2a: Jon\n|-heal|p2a: Jon|100\/100|[silent]\n|upkeep\n|turn|10\n|\n|t:|1698726659\n|move|p2a: Jon|Substitute|p2a: Jon\n|-start|p2a: Jon|Substitute\n|-damage|p2a: Jon|75\/100\n|move|p1a: Eelektross|Bulk Up|p1a: Eelektross\n|-boost|p1a: Eelektross|atk|1\n|-boost|p1a: Eelektross|def|1\n|\n|-heal|p2a: Jon|82\/100|[from] item: Leftovers\n|-damage|p1a: Eelektross|76\/100|[from] Leech Seed|[of] p2a: Jon\n|-heal|p2a: Jon|95\/100|[silent]\n|upkeep\n|turn|11\n|\n|t:|1698726664\n|move|p2a: Jon|Knock Off|p1a: Eelektross\n|-damage|p1a: Eelektross|54\/100\n|-enditem|p1a: Eelektross|Sitrus Berry|[from] move: Knock Off|[of] p2a: Jon\n|move|p1a: Eelektross|Acrobatics|p2a: Jon\n|-supereffective|p2a: Jon\n|-end|p2a: Jon|Substitute\n|\n|-heal|p2a: Jon|100\/100|[from] item: Leftovers\n|-damage|p1a: Eelektross|42\/100|[from] Leech Seed|[of] p2a: Jon\n|upkeep\n|turn|12\n|\n|t:|1698726671\n|move|p2a: Jon|Substitute|p2a: Jon\n|-start|p2a: Jon|Substitute\n|-damage|p2a: Jon|75\/100\n|move|p1a: Eelektross|Acrobatics|p2a: Jon\n|-supereffective|p2a: Jon\n|-end|p2a: Jon|Substitute\n|\n|-heal|p2a: Jon|82\/100|[from] item: Leftovers\n|-damage|p1a: Eelektross|29\/100|[from] Leech Seed|[of] p2a: Jon\n|-heal|p2a: Jon|95\/100|[silent]\n|upkeep\n|turn|13\n|\n|t:|1698726676\n|move|p2a: Jon|Protect|p2a: Jon\n|-singleturn|p2a: Jon|Protect\n|move|p1a: Eelektross|Acrobatics|p2a: Jon\n|-activate|p2a: Jon|move: Protect\n|\n|-heal|p2a: Jon|100\/100|[from] item: Leftovers\n|-damage|p1a: Eelektross|17\/100|[from] Leech Seed|[of] p2a: Jon\n|upkeep\n|turn|14\n|\n|t:|1698726682\n|move|p2a: Jon|Substitute|p2a: Jon\n|-start|p2a: Jon|Substitute\n|-damage|p2a: Jon|75\/100\n|move|p1a: Eelektross|Acrobatics|p2a: Jon\n|-supereffective|p2a: Jon\n|-end|p2a: Jon|Substitute\n|\n|-heal|p2a: Jon|82\/100|[from] item: Leftovers\n|-damage|p1a: Eelektross|5\/100|[from] Leech Seed|[of] p2a: Jon\n|-heal|p2a: Jon|95\/100|[silent]\n|upkeep\n|turn|15\n|\n|t:|1698726687\n|move|p2a: Jon|Protect|p2a: Jon\n|-singleturn|p2a: Jon|Protect\n|move|p1a: Eelektross|Acrobatics|p2a: Jon\n|-activate|p2a: Jon|move: Protect\n|\n|-heal|p2a: Jon|100\/100|[from] item: Leftovers\n|-damage|p1a: Eelektross|0 fnt|[from] Leech Seed|[of] p2a: Jon\n|faint|p1a: Eelektross\n|upkeep\n|\n|t:|1698726692\n|switch|p1a: Slaking|Slaking, F|82\/100\n|turn|16\n|\n|t:|1698726697\n|move|p1a: Slaking|Hammer Arm|p2a: Jon\n|-supereffective|p2a: Jon\n|-damage|p2a: Jon|40\/100\n|-unboost|p1a: Slaking|spe|1\n|move|p2a: Jon|Leech Seed|p1a: Slaking\n|-start|p1a: Slaking|move: Leech Seed\n|\n|-heal|p2a: Jon|46\/100|[from] item: Leftovers\n|-heal|p1a: Slaking|88\/100|[from] item: Leftovers\n|-damage|p1a: Slaking|75\/100|[from] Leech Seed|[of] p2a: Jon\n|-heal|p2a: Jon|65\/100|[silent]\n|upkeep\n|turn|17\n|\n|t:|1698726704\n|move|p2a: Jon|Substitute|p2a: Jon\n|-start|p2a: Jon|Substitute\n|-damage|p2a: Jon|40\/100\n|cant|p1a: Slaking|ability: Truant\n|\n|-heal|p2a: Jon|46\/100|[from] item: Leftovers\n|-heal|p1a: Slaking|81\/100|[from] item: Leftovers\n|-damage|p1a: Slaking|69\/100|[from] Leech Seed|[of] p2a: Jon\n|-heal|p2a: Jon|65\/100|[silent]\n|upkeep\n|turn|18\n|\n|t:|1698726709\n|move|p2a: Jon|Protect|p2a: Jon\n|-singleturn|p2a: Jon|Protect\n|move|p1a: Slaking|Hammer Arm|p2a: Jon\n|-activate|p2a: Jon|move: Protect\n|\n|-heal|p2a: Jon|71\/100|[from] item: Leftovers\n|-heal|p1a: Slaking|75\/100|[from] item: Leftovers\n|-damage|p1a: Slaking|63\/100|[from] Leech Seed|[of] p2a: Jon\n|-heal|p2a: Jon|90\/100|[silent]\n|upkeep\n|turn|19\n|\n|t:|1698726715\n|move|p2a: Jon|Knock Off|p1a: Slaking\n|-damage|p1a: Slaking|40\/100\n|-enditem|p1a: Slaking|Leftovers|[from] move: Knock Off|[of] p2a: Jon\n|cant|p1a: Slaking|ability: Truant\n|\n|-heal|p2a: Jon|96\/100|[from] item: Leftovers\n|-damage|p1a: Slaking|27\/100|[from] Leech Seed|[of] p2a: Jon\n|-heal|p2a: Jon|100\/100|[silent]\n|upkeep\n|turn|20\n|\n|t:|1698726721\n|move|p2a: Jon|Protect|p2a: Jon\n|-singleturn|p2a: Jon|Protect\n|move|p1a: Slaking|Encore|p2a: Jon\n|-activate|p2a: Jon|move: Protect\n|\n|-damage|p1a: Slaking|15\/100|[from] Leech Seed|[of] p2a: Jon\n|upkeep\n|turn|21\n|\n|t:|1698726725\n|move|p2a: Jon|Knock Off|p1a: Slaking\n|-damage|p1a: Slaking|0 fnt\n|faint|p1a: Slaking\n|\n|upkeep\n|\n|t:|1698726732\n|switch|p1a: Skeledirge|Skeledirge, F|100\/100\n|turn|22\n|\n|t:|1698726736\n|move|p2a: Jon|Leech Seed|p1a: Skeledirge\n|-start|p1a: Skeledirge|move: Leech Seed\n|move|p1a: Skeledirge|Torch Song|p2a: Jon\n|-supereffective|p2a: Jon\n|-damage|p2a: Jon|44\/100\n|-boost|p1a: Skeledirge|spa|1\n|\n|-heal|p2a: Jon|50\/100|[from] item: Leftovers\n|-damage|p1a: Skeledirge|88\/100|[from] Leech Seed|[of] p2a: Jon\n|-heal|p2a: Jon|65\/100|[silent]\n|upkeep\n|turn|23\n|\n|t:|1698726744\n|move|p2a: Jon|Knock Off|p1a: Skeledirge\n|-supereffective|p1a: Skeledirge\n|-damage|p1a: Skeledirge|53\/100\n|-enditem|p1a: Skeledirge|Charcoal|[from] move: Knock Off|[of] p2a: Jon\n|move|p1a: Skeledirge|Torch Song|p2a: Jon\n|-supereffective|p2a: Jon\n|-crit|p2a: Jon\n|-damage|p2a: Jon|0 fnt\n|-boost|p1a: Skeledirge|spa|1\n|faint|p2a: Jon\n|\n|upkeep\n|\n|t:|1698726759\n|switch|p2a: Matt|Skeledirge, M|100\/100\n|turn|24\n|\n|t:|1698726764\n|switch|p1a: Ludicolo|Ludicolo, M|100\/100\n|move|p2a: Matt|Nasty Plot|p2a: Matt\n|-boost|p2a: Matt|spa|2\n|\n|upkeep\n|turn|25\n|\n|t:|1698726774\n|move|p2a: Matt|Hyper Voice|p1a: Ludicolo\n|-damage|p1a: Ludicolo|16\/100\n|move|p1a: Ludicolo|Rain Dance|p1a: Ludicolo\n|-weather|RainDance\n|\n|-weather|RainDance|[upkeep]\n|upkeep\n|turn|26\n|\n|t:|1698726781\n|move|p1a: Ludicolo|Chilling Water|p2a: Matt\n|-damage|p2a: Matt|28\/100\n|-unboost|p2a: Matt|atk|1\n|replace|p2a: Zoroark|Zoroark-Hisui, F, shiny\n|-end|p2a: Zoroark|Illusion\n|-damage|p1a: Ludicolo|6\/100|[from] item: Life Orb\n|move|p2a: Zoroark|Hyper Voice|p1a: Ludicolo\n|-damage|p1a: Ludicolo|0 fnt\n|faint|p1a: Ludicolo\n|\n|-weather|RainDance|[upkeep]\n|upkeep\n|\n|t:|1698726786\n|switch|p1a: Dragonite|Dragonite, M|76\/100\n|turn|27\n|\n|t:|1698726790\n|move|p1a: Dragonite|Extreme Speed|p2a: Zoroark\n|-immune|p2a: Zoroark\n|move|p2a: Zoroark|Hyper Voice|p1a: Dragonite\n|-damage|p1a: Dragonite|0 fnt\n|faint|p1a: Dragonite\n|\n|-weather|RainDance|[upkeep]\n|upkeep\n|\n|t:|1698726795\n|switch|p1a: Clodsire|Clodsire, F|83\/100\n|turn|28\n|\n|t:|1698726802\n|move|p2a: Zoroark|Hyper Voice|p1a: Clodsire\n|-damage|p1a: Clodsire|43\/100\n|move|p1a: Clodsire|Earthquake|p2a: Zoroark\n|-damage|p2a: Zoroark|0 fnt\n|faint|p2a: Zoroark\n|\n|-weather|RainDance|[upkeep]\n|-heal|p1a: Clodsire|50\/100|[from] item: Leftovers\n|upkeep\n|\n|t:|1698726807\n|switch|p2a: Oliver|Koraidon|100\/100\n|-weather|SunnyDay|[from] ability: Orichalcum Pulse|[of] p2a: Oliver\n|-activate|p2a: Oliver|Orichalcum Pulse|[source]\n|turn|29\n|\n|t:|1698726815\n|move|p2a: Oliver|Swords Dance|p2a: Oliver\n|-boost|p2a: Oliver|atk|2\n|move|p1a: Clodsire|Earthquake|p2a: Oliver\n|-damage|p2a: Oliver|79\/100\n|\n|-weather|SunnyDay|[upkeep]\n|-heal|p2a: Oliver|85\/100|[from] item: Leftovers\n|-heal|p1a: Clodsire|56\/100|[from] item: Leftovers\n|upkeep\n|turn|30\n|\n|t:|1698726819\n|move|p2a: Oliver|Dragon Claw|p1a: Clodsire\n|-damage|p1a: Clodsire|0 fnt\n|faint|p1a: Clodsire\n|\n|-weather|SunnyDay|[upkeep]\n|-heal|p2a: Oliver|92\/100|[from] item: Leftovers\n|upkeep\n|\n|t:|1698726821\n|switch|p1a: Skeledirge|Skeledirge, F|53\/100\n|turn|31\n|\n|t:|1698726825\n|-terastallize|p1a: Skeledirge|Fire\n|move|p2a: Oliver|Dragon Claw|p1a: Skeledirge\n|-damage|p1a: Skeledirge|0 fnt\n|faint|p1a: Skeledirge\n|\n|win|Sargenbob\n|raw|MILLIO23E's rating: 1113 &rarr; <strong>1094<\/strong><br \/>(-19 for losing)\n|raw|Sargenbob's rating: 1197 &rarr; <strong>1216<\/strong><br \/>(+19 for winning)\n|l|\u2606MILLIO23E\n","uploadtime":1698726831,"views":14,"p1id":"millio23e","p2id":"sargenbob","formatid":"gen9anythinggoes","rating":1094,"private":0,"password":""}