{"id":"gen9anythinggoes-1986235599","p1":"Daice","p2":"lukas\/sam_lendario","format":"[Gen 9] Anything Goes","log":"|j|\u2606Daice\n|j|\u2606lukas\/sam_lendario\n|t:|1699462178\n|gametype|singles\n|player|p1|Daice|iris|1141\n|player|p2|lukas\/sam_lendario|hilbert|1249\n|teamsize|p1|6\n|teamsize|p2|6\n|gen|9\n|tier|[Gen 9] Anything Goes\n|rated|\n|rule|HP Percentage Mod: HP is shown in percentages\n|rule|Endless Battle Clause: Forcing endless battles is banned\n|clearpoke\n|poke|p1|Cyclizar, M|\n|poke|p1|Gliscor, M|\n|poke|p1|Volcarona, M|\n|poke|p1|Samurott-Hisui, M|\n|poke|p1|Sylveon, F|\n|poke|p1|Zoroark-Hisui, F|\n|poke|p2|Cinderace, F|\n|poke|p2|Zacian-*|\n|poke|p2|Walking Wake|\n|poke|p2|Gholdengo|\n|poke|p2|Meowscarada, F|\n|poke|p2|Urshifu-*, F|\n|teampreview\n|\n|t:|1699462184\n|start\n|switch|p1a: Cyclone|Cyclizar, M|100\/100\n|switch|p2a: Zacian|Zacian-Crowned|100\/100\n|-ability|p2a: Zacian|Intrepid Sword|boost\n|-boost|p2a: Zacian|atk|1\n|turn|1\n|\n|t:|1699462191\n|-terastallize|p2a: Zacian|Fairy\n|move|p2a: Zacian|Substitute|p2a: Zacian\n|-start|p2a: Zacian|Substitute\n|-damage|p2a: Zacian|76\/100\n|move|p1a: Cyclone|Shed Tail|p1a: Cyclone\n|-start|p1a: Cyclone|Substitute|[from] move: Shed Tail\n|-damage|p1a: Cyclone|50\/100\n|\n|t:|1699462198\n|switch|p1a: Vestus|Volcarona, M|100\/100|[from] Shed Tail\n|\n|upkeep\n|turn|2\n|\n|t:|1699462202\n|move|p2a: Zacian|Swords Dance|p2a: Zacian\n|-boost|p2a: Zacian|atk|2\n|move|p1a: Vestus|Quiver Dance|p1a: Vestus\n|-boost|p1a: Vestus|spa|1\n|-boost|p1a: Vestus|spd|1\n|-boost|p1a: Vestus|spe|1\n|\n|upkeep\n|turn|3\n|\n|t:|1699462208\n|move|p1a: Vestus|Quiver Dance|p1a: Vestus\n|-boost|p1a: Vestus|spa|1\n|-boost|p1a: Vestus|spd|1\n|-boost|p1a: Vestus|spe|1\n|move|p2a: Zacian|Behemoth Blade|p1a: Vestus\n|-resisted|p1a: Vestus\n|-crit|p1a: Vestus\n|-end|p1a: Vestus|Substitute\n|\n|upkeep\n|turn|4\n|\n|t:|1699462220\n|-terastallize|p1a: Vestus|Steel\n|move|p1a: Vestus|Fiery Dance|p2a: Zacian\n|-crit|p2a: Zacian\n|-end|p2a: Zacian|Substitute\n|move|p2a: Zacian|Behemoth Blade|p1a: Vestus\n|-resisted|p1a: Vestus\n|-damage|p1a: Vestus|0 fnt\n|-status|p2a: Zacian|brn|[from] ability: Flame Body|[of] p1a: Vestus\n|faint|p1a: Vestus\n|\n|-damage|p2a: Zacian|69\/100 brn|[from] brn\n|upkeep\n|\n|t:|1699462231\n|switch|p1a: Cyclone|Cyclizar, M|84\/100\n|turn|5\n|\n|t:|1699462235\n|move|p2a: Zacian|Sacred Sword|p1a: Cyclone\n|-supereffective|p1a: Cyclone\n|-damage|p1a: Cyclone|0 fnt\n|-damage|p2a: Zacian|53\/100 brn|[from] item: Rocky Helmet|[of] p1a: Cyclone\n|faint|p1a: Cyclone\n|\n|-damage|p2a: Zacian|47\/100 brn|[from] brn\n|upkeep\n|\n|t:|1699462260\n|switch|p1a: Mochi|Sylveon, F, shiny|100\/100\n|turn|6\n|\n|t:|1699462262\n|switch|p2a: Walking Wake|Walking Wake|100\/100\n|-enditem|p2a: Walking Wake|Booster Energy\n|-activate|p2a: Walking Wake|ability: Protosynthesis|[fromitem]\n|-start|p2a: Walking Wake|protosynthesisspa\n|move|p1a: Mochi|Hyper Voice|p2a: Walking Wake\n|-supereffective|p2a: Walking Wake\n|-damage|p2a: Walking Wake|0 fnt\n|faint|p2a: Walking Wake\n|-end|p2a: Walking Wake|Protosynthesis|[silent]\n|-enditem|p1a: Mochi|Throat Spray\n|-boost|p1a: Mochi|spa|1|[from] item: Throat Spray\n|\n|upkeep\n|\n|t:|1699462273\n|switch|p2a: Zacian|Zacian-Crowned, tera:Fairy|47\/100 brn\n|turn|7\n|\n|t:|1699462278\n|move|p2a: Zacian|Behemoth Blade|p1a: Mochi\n|-supereffective|p1a: Mochi\n|-damage|p1a: Mochi|32\/100\n|move|p1a: Mochi|Yawn||[still]\n|-fail|p1a: Mochi\n|\n|-damage|p2a: Zacian|40\/100 brn|[from] brn\n|upkeep\n|turn|8\n|\n|t:|1699462288\n|move|p2a: Zacian|Behemoth Blade|p1a: Mochi\n|-supereffective|p1a: Mochi\n|-damage|p1a: Mochi|0 fnt\n|faint|p1a: Mochi\n|\n|-damage|p2a: Zacian|34\/100 brn|[from] brn\n|upkeep\n|\n|t:|1699462293\n|switch|p1a: Slasher|Samurott-Hisui, M|100\/100\n|turn|9\n|\n|t:|1699462306\n|move|p2a: Zacian|Sacred Sword|p1a: Slasher\n|-immune|p1a: Slasher\n|move|p1a: Slasher|Shadow Ball|p2a: Zacian\n|-damage|p2a: Zacian|0 fnt\n|faint|p2a: Zacian\n|\n|upkeep\n|-message|Daice forfeited.\n|\n|win|lukas\/sam_lendario\n|raw|Daice's rating: 1141 &rarr; <strong>1124<\/strong><br \/>(-17 for losing)\n|raw|lukas&#x2f;sam_lendario's rating: 1249 &rarr; <strong>1266<\/strong><br \/>(+17 for winning)\n|l|\u2606Daice\n","uploadtime":1699462314,"views":11,"p1id":"daice","p2id":"lukassamlendario","formatid":"gen9anythinggoes","rating":1124,"private":0,"password":""}