{"id":"gen9anythinggoes-1999540567","p1":"Shadowclonekoko","p2":"list9_2","format":"[Gen 9] Anything Goes","log":"|j|\u2606Shadowclonekoko\n|j|\u2606list9_2\n|t:|1701094162\n|gametype|singles\n|player|p1|Shadowclonekoko|dawn|1356\n|player|p2|list9_2|265|1370\n|teamsize|p1|6\n|teamsize|p2|6\n|gen|9\n|tier|[Gen 9] Anything Goes\n|rated|\n|rule|HP Percentage Mod: HP is shown in percentages\n|rule|Endless Battle Clause: Forcing endless battles is banned\n|clearpoke\n|poke|p1|Calyrex-Shadow|\n|poke|p1|Arceus|\n|poke|p1|Arceus|\n|poke|p1|Arceus|\n|poke|p1|Miraidon|\n|poke|p1|Miraidon|\n|poke|p2|Rillaboom, M|\n|poke|p2|Ogerpon, F|\n|poke|p2|Grimmsnarl, M|\n|poke|p2|Hatterene, F|\n|poke|p2|Torterra, M|\n|poke|p2|Toxapex, M|\n|teampreview\n|inactive|Battle timer is ON: inactive players will automatically lose when time's up. (requested by Shadowclonekoko)\n|\n|t:|1701094172\n|start\n|switch|p1a: Arceus|Arceus|100\/100\n|switch|p2a: Grimmsnarl|Grimmsnarl, M|100\/100\n|turn|1\n|\n|t:|1701094177\n|move|p2a: Grimmsnarl|Light Screen|p2a: Grimmsnarl\n|-sidestart|p2: list9_2|move: Light Screen\n|move|p1a: Arceus|Swords Dance|p1a: Arceus\n|-boost|p1a: Arceus|atk|2\n|\n|upkeep\n|turn|2\n|\n|t:|1701094181\n|move|p1a: Arceus|Extreme Speed|p2a: Grimmsnarl\n|-damage|p2a: Grimmsnarl|0 fnt\n|faint|p2a: Grimmsnarl\n|\n|upkeep\n|\n|t:|1701094185\n|switch|p2a: Toxapex|Toxapex, M|100\/100\n|turn|3\n|\n|t:|1701094193\n|move|p1a: Arceus|Swords Dance|p1a: Arceus\n|-boost|p1a: Arceus|atk|2\n|move|p2a: Toxapex|Haze|p2a: Toxapex\n|-clearallboost\n|\n|upkeep\n|turn|4\n|\n|t:|1701094198\n|move|p1a: Arceus|Extreme Speed|p2a: Toxapex\n|-damage|p2a: Toxapex|75\/100\n|move|p2a: Toxapex|Toxic Spikes|p1a: Arceus\n|-sidestart|p1: Shadowclonekoko|move: Toxic Spikes\n|\n|upkeep\n|turn|5\n|\n|t:|1701094208\n|switch|p1a: Miraidon|Miraidon|100\/100\n|-status|p1a: Miraidon|psn\n|-fieldstart|move: Electric Terrain|[from] ability: Hadron Engine|[of] p1a: Miraidon\n|move|p2a: Toxapex|Toxic Spikes|p1a: Miraidon\n|-sidestart|p1: Shadowclonekoko|move: Toxic Spikes\n|\n|-damage|p1a: Miraidon|88\/100 psn|[from] psn\n|upkeep\n|turn|6\n|\n|t:|1701094219\n|switch|p2a: Torterra|Torterra, M|100\/100\n|move|p1a: Miraidon|Parabolic Charge|p2a: Torterra\n|-immune|p2a: Torterra\n|\n|-heal|p1a: Miraidon|94\/100 psn|[from] item: Leftovers\n|-damage|p1a: Miraidon|82\/100 psn|[from] psn\n|upkeep\n|turn|7\n|\n|t:|1701094227\n|switch|p1a: Arceus|Arceus|100\/100\n|-status|p1a: Arceus|tox\n|move|p2a: Torterra|Shell Smash|p2a: Torterra\n|-unboost|p2a: Torterra|def|1\n|-unboost|p2a: Torterra|spd|1\n|-boost|p2a: Torterra|atk|2\n|-boost|p2a: Torterra|spa|2\n|-boost|p2a: Torterra|spe|2\n|\n|-damage|p1a: Arceus|94\/100 tox|[from] psn\n|upkeep\n|turn|8\n|\n|t:|1701094238\n|move|p1a: Arceus|Extreme Speed|p2a: Torterra\n|-damage|p2a: Torterra|46\/100\n|-enditem|p2a: Torterra|Sitrus Berry|[eat]\n|-heal|p2a: Torterra|71\/100|[from] item: Sitrus Berry\n|move|p2a: Torterra|Headlong Rush|p1a: Arceus\n|-damage|p1a: Arceus|13\/100 tox\n|-unboost|p2a: Torterra|def|1\n|-unboost|p2a: Torterra|spd|1\n|\n|-heal|p1a: Arceus|19\/100 tox|[from] item: Leftovers\n|-damage|p1a: Arceus|7\/100 tox|[from] psn\n|-sideend|p2: list9_2|move: Light Screen\n|upkeep\n|turn|9\n|\n|t:|1701094251\n|switch|p2a: Toxapex|Toxapex, M|100\/100\n|move|p1a: Arceus|Extreme Speed|p2a: Toxapex\n|-damage|p2a: Toxapex|79\/100\n|\n|-heal|p1a: Arceus|13\/100 tox|[from] item: Leftovers\n|-damage|p1a: Arceus|0 fnt|[from] psn\n|faint|p1a: Arceus\n|-fieldend|move: Electric Terrain\n|upkeep\n|\n|t:|1701094254\n|switch|p1a: Calyrex|Calyrex-Shadow|100\/100\n|-ability|p1a: Calyrex|As One\n|-ability|p1a: Calyrex|Unnerve\n|-status|p1a: Calyrex|tox\n|turn|10\n|\n|t:|1701094266\n|move|p1a: Calyrex|Astral Barrage|p2a: Toxapex\n|-damage|p2a: Toxapex|22\/100\n|move|p2a: Toxapex|Recover|p2a: Toxapex\n|-heal|p2a: Toxapex|72\/100\n|\n|-damage|p1a: Calyrex|94\/100 tox|[from] psn\n|upkeep\n|turn|11\n|\n|t:|1701094276\n|switch|p1a: Miraidon|Miraidon|82\/100 psn\n|-fieldstart|move: Electric Terrain|[from] ability: Hadron Engine|[of] p1a: Miraidon\n|move|p2a: Toxapex|Recover|p2a: Toxapex\n|-heal|p2a: Toxapex|100\/100\n|\n|-heal|p1a: Miraidon|88\/100 psn|[from] item: Leftovers\n|-damage|p1a: Miraidon|76\/100 psn|[from] psn\n|upkeep\n|turn|12\n|\n|t:|1701094285\n|switch|p2a: Torterra|Torterra, M|71\/100\n|move|p1a: Miraidon|Parabolic Charge|p2a: Torterra\n|-immune|p2a: Torterra\n|\n|-heal|p1a: Miraidon|82\/100 psn|[from] item: Leftovers\n|-damage|p1a: Miraidon|70\/100 psn|[from] psn\n|upkeep\n|turn|13\n|\n|t:|1701094294\n|move|p1a: Miraidon|Dragon Pulse|p2a: Torterra\n|-damage|p2a: Torterra|1\/100\n|move|p2a: Torterra|Shell Smash|p2a: Torterra\n|-unboost|p2a: Torterra|def|1\n|-unboost|p2a: Torterra|spd|1\n|-boost|p2a: Torterra|atk|2\n|-boost|p2a: Torterra|spa|2\n|-boost|p2a: Torterra|spe|2\n|\n|-heal|p1a: Miraidon|76\/100 psn|[from] item: Leftovers\n|-damage|p1a: Miraidon|63\/100 psn|[from] psn\n|upkeep\n|turn|14\n|\n|t:|1701094305\n|-terastallize|p1a: Miraidon|Water\n|move|p2a: Torterra|Headlong Rush|p1a: Miraidon\n|-damage|p1a: Miraidon|0 fnt\n|-unboost|p2a: Torterra|def|1\n|-unboost|p2a: Torterra|spd|1\n|faint|p1a: Miraidon\n|\n|upkeep\n|\n|t:|1701094310\n|switch|p1a: Arceus|Arceus|100\/100\n|-status|p1a: Arceus|tox\n|turn|15\n|\n|t:|1701094316\n|move|p1a: Arceus|Extreme Speed|p2a: Torterra\n|-damage|p2a: Torterra|0 fnt\n|faint|p2a: Torterra\n|\n|-damage|p1a: Arceus|94\/100 tox|[from] psn\n|-fieldend|move: Electric Terrain\n|upkeep\n|\n|t:|1701094322\n|switch|p2a: Rillaboom|Rillaboom, M, shiny|100\/100\n|-fieldstart|move: Grassy Terrain|[from] ability: Grassy Surge|[of] p2a: Rillaboom\n|turn|16\n|\n|t:|1701094326\n|move|p2a: Rillaboom|Fake Out|p1a: Arceus\n|-damage|p1a: Arceus|85\/100 tox\n|cant|p1a: Arceus|flinch\n|\n|-heal|p1a: Arceus|91\/100 tox|[from] Grassy Terrain\n|-heal|p1a: Arceus|97\/100 tox|[from] item: Leftovers\n|-damage|p1a: Arceus|85\/100 tox|[from] psn\n|upkeep\n|turn|17\n|\n|t:|1701094338\n|move|p2a: Rillaboom|Knock Off|p1a: Arceus\n|-damage|p1a: Arceus|61\/100 tox\n|-enditem|p1a: Arceus|Leftovers|[from] move: Knock Off|[of] p2a: Rillaboom\n|move|p1a: Arceus|Swords Dance|p1a: Arceus\n|-boost|p1a: Arceus|atk|2\n|\n|-heal|p1a: Arceus|67\/100 tox|[from] Grassy Terrain\n|-damage|p1a: Arceus|49\/100 tox|[from] psn\n|upkeep\n|turn|18\n|\n|t:|1701094350\n|move|p1a: Arceus|Extreme Speed|p2a: Rillaboom\n|-damage|p2a: Rillaboom|19\/100\n|move|p2a: Rillaboom|Grassy Glide|p1a: Arceus\n|-damage|p1a: Arceus|25\/100 tox\n|\n|-heal|p2a: Rillaboom|25\/100|[from] Grassy Terrain\n|-heal|p1a: Arceus|31\/100 tox|[from] Grassy Terrain\n|-damage|p1a: Arceus|7\/100 tox|[from] psn\n|upkeep\n|turn|19\n|\n|t:|1701094362\n|move|p1a: Arceus|Extreme Speed|p2a: Rillaboom\n|-damage|p2a: Rillaboom|0 fnt\n|faint|p2a: Rillaboom\n|\n|-heal|p1a: Arceus|13\/100 tox|[from] Grassy Terrain\n|-damage|p1a: Arceus|0 fnt|[from] psn\n|faint|p1a: Arceus\n|upkeep\n|\n|t:|1701094370\n|switch|p2a: Ogerpon|Ogerpon, F|100\/100\n|switch|p1a: Miraidon|Miraidon|100\/100\n|-enditem|p2a: Ogerpon|Grassy Seed\n|-boost|p2a: Ogerpon|def|1|[from] item: Grassy Seed\n|-status|p1a: Miraidon|tox\n|-fieldstart|move: Electric Terrain|[from] ability: Hadron Engine|[of] p1a: Miraidon\n|turn|20\n|\n|t:|1701094383\n|move|p2a: Ogerpon|Swords Dance|p2a: Ogerpon\n|-boost|p2a: Ogerpon|atk|2\n|move|p1a: Miraidon|Calm Mind|p1a: Miraidon\n|-boost|p1a: Miraidon|spa|1\n|-boost|p1a: Miraidon|spd|1\n|\n|-damage|p1a: Miraidon|94\/100 tox|[from] psn\n|upkeep\n|turn|21\n|\n|t:|1701094392\n|-terastallize|p2a: Ogerpon|Grass\n|detailschange|p2a: Ogerpon|Ogerpon-Teal-Tera, F, tera:Grass\n|-ability|p2a: Ogerpon|Embody Aspect (Teal)|boost\n|-boost|p2a: Ogerpon|spe|1\n|move|p2a: Ogerpon|Play Rough|p1a: Miraidon\n|-supereffective|p1a: Miraidon\n|-damage|p1a: Miraidon|0 fnt\n|faint|p1a: Miraidon\n|\n|upkeep\n|\n|t:|1701094395\n|switch|p1a: Arceus|Arceus|100\/100\n|-status|p1a: Arceus|tox\n|turn|22\n|\n|t:|1701094403\n|move|p1a: Arceus|Extreme Speed|p2a: Ogerpon\n|-damage|p2a: Ogerpon|64\/100\n|move|p2a: Ogerpon|Ivy Cudgel|p1a: Arceus\n|-crit|p1a: Arceus\n|-damage|p1a: Arceus|0 fnt\n|faint|p1a: Arceus\n|\n|upkeep\n|\n|t:|1701094406\n|switch|p1a: Calyrex|Calyrex-Shadow|94\/100 tox\n|-ability|p1a: Calyrex|As One\n|-ability|p1a: Calyrex|Unnerve\n|turn|23\n|\n|t:|1701094414\n|move|p2a: Ogerpon|Ivy Cudgel|p1a: Calyrex\n|-damage|p1a: Calyrex|0 fnt\n|faint|p1a: Calyrex\n|\n|win|list9_2\n|raw|Shadowclonekoko's rating: 1356 &rarr; <strong>1337<\/strong><br \/>(-19 for losing)\n|raw|list9_2's rating: 1370 &rarr; <strong>1389<\/strong><br \/>(+19 for winning)\n|c|\u2606list9_2|gg\n|c|\u2606Shadowclonekoko|Gg\n|l|\u2606Shadowclonekoko\n","uploadtime":1701094432,"views":8,"p1id":"shadowclonekoko","p2id":"list92","formatid":"gen9anythinggoes","rating":1337,"private":0,"password":""}