{"id":"gen9anythinggoes-1975125553","p1":"SomeFrogg","p2":"Kalos Sorcerer","format":"[Gen 9] Anything Goes","log":"|j|\u2606SomeFrogg\n|j|\u2606Kalos Sorcerer\n|t:|1698163870\n|gametype|singles\n|player|p1|SomeFrogg|infielder|1397\n|player|p2|Kalos Sorcerer|evelyn|1548\n|teamsize|p1|6\n|teamsize|p2|6\n|gen|9\n|tier|[Gen 9] Anything Goes\n|rated|\n|rule|HP Percentage Mod: HP is shown in percentages\n|rule|Endless Battle Clause: Forcing endless battles is banned\n|clearpoke\n|poke|p1|Zacian-*|\n|poke|p1|Calyrex-Shadow|\n|poke|p1|Eternatus|\n|poke|p1|Kyogre|\n|poke|p1|Dondozo, M|\n|poke|p1|Koraidon|\n|poke|p2|Ditto|\n|poke|p2|Wooper-Paldea, M|\n|poke|p2|Clodsire, M|\n|poke|p2|Azumarill, F|\n|poke|p2|Eternatus|\n|poke|p2|Calyrex-Shadow|\n|teampreview\n|inactive|Battle timer is ON: inactive players will automatically lose when time's up. (requested by SomeFrogg)\n|\n|t:|1698163878\n|start\n|switch|p1a: Dondozo|Dondozo, M|100\/100\n|switch|p2a: Wooper|Wooper-Paldea, M, shiny|100\/100\n|turn|1\n|\n|t:|1698163888\n|move|p1a: Dondozo|Earthquake|p2a: Wooper\n|-supereffective|p2a: Wooper\n|-damage|p2a: Wooper|29\/100\n|move|p2a: Wooper|Spikes|p1a: Dondozo\n|-sidestart|p1: SomeFrogg|Spikes\n|\n|upkeep\n|turn|2\n|\n|t:|1698163894\n|move|p1a: Dondozo|Earthquake|p2a: Wooper\n|-supereffective|p2a: Wooper\n|-damage|p2a: Wooper|0 fnt\n|faint|p2a: Wooper\n|\n|upkeep\n|\n|t:|1698163900\n|switch|p2a: Clod|Clodsire, M, shiny|100\/100\n|turn|3\n|\n|t:|1698163910\n|move|p1a: Dondozo|Earthquake|p2a: Clod\n|-supereffective|p2a: Clod\n|-damage|p2a: Clod|55\/100\n|move|p2a: Clod|Stealth Rock|p1a: Dondozo\n|-sidestart|p1: SomeFrogg|move: Stealth Rock\n|\n|-heal|p2a: Clod|61\/100|[from] item: Leftovers\n|upkeep\n|turn|4\n|j| SUPREMACY CHINA\n|\n|t:|1698163920\n|move|p1a: Dondozo|Earthquake|p2a: Clod\n|-supereffective|p2a: Clod\n|-damage|p2a: Clod|19\/100\n|move|p2a: Clod|Yawn|p1a: Dondozo\n|-start|p1a: Dondozo|move: Yawn|[of] p2a: Clod\n|\n|-heal|p2a: Clod|25\/100|[from] item: Leftovers\n|upkeep\n|turn|5\n|\n|t:|1698163929\n|move|p1a: Dondozo|Earthquake|p2a: Clod\n|-supereffective|p2a: Clod\n|-damage|p2a: Clod|0 fnt\n|faint|p2a: Clod\n|\n|-end|p1a: Dondozo|move: Yawn|[silent]\n|-status|p1a: Dondozo|slp\n|upkeep\n|\n|t:|1698163935\n|switch|p2a: Eternatus|Eternatus, shiny|100\/100\n|-ability|p2a: Eternatus|Pressure\n|turn|6\n|\n|t:|1698163940\n|move|p2a: Eternatus|Dynamax Cannon|p1a: Dondozo\n|-damage|p1a: Dondozo|47\/100 slp\n|cant|p1a: Dondozo|slp\n|\n|-heal|p1a: Dondozo|53\/100 slp|[from] item: Leftovers\n|upkeep\n|turn|7\n|\n|t:|1698163954\n|move|p2a: Eternatus|Dynamax Cannon|p1a: Dondozo\n|-damage|p1a: Dondozo|0 fnt\n|faint|p1a: Dondozo\n|\n|upkeep\n|\n|t:|1698163961\n|switch|p1a: Kyogre|Kyogre|100\/100\n|-damage|p1a: Kyogre|88\/100|[from] Spikes\n|-damage|p1a: Kyogre|76\/100|[from] Stealth Rock\n|-weather|RainDance|[from] ability: Drizzle|[of] p1a: Kyogre\n|turn|8\n|\n|t:|1698163969\n|move|p1a: Kyogre|Ice Beam|p2a: Eternatus\n|-supereffective|p2a: Eternatus\n|-damage|p2a: Eternatus|38\/100\n|-status|p2a: Eternatus|frz\n|cant|p2a: Eternatus|frz\n|\n|-weather|RainDance|[upkeep]\n|-heal|p2a: Eternatus|44\/100 frz|[from] item: Leftovers\n|upkeep\n|turn|9\n|c|\u2606SomeFrogg|damn bad luck\n|\n|t:|1698163980\n|switch|p2a: Mimi|Azumarill, F, shiny|100\/100\n|move|p1a: Kyogre|Ice Beam|p2a: Mimi\n|-resisted|p2a: Mimi\n|-damage|p2a: Mimi|83\/100\n|\n|-weather|RainDance|[upkeep]\n|upkeep\n|turn|10\n|c|\u2606Kalos Sorcerer|Yes, I never have any luck so I'm used to it\n|\n|t:|1698164004\n|switch|p1a: Zacian|Zacian-Crowned, shiny|100\/100\n|-damage|p1a: Zacian|88\/100|[from] Spikes\n|-damage|p1a: Zacian|82\/100|[from] Stealth Rock\n|-ability|p1a: Zacian|Intrepid Sword|boost\n|-boost|p1a: Zacian|atk|1\n|move|p2a: Mimi|Aqua Jet|p1a: Zacian\n|-damage|p1a: Zacian|40\/100\n|\n|-weather|RainDance|[upkeep]\n|upkeep\n|turn|11\n|c|\u2606SomeFrogg|wow ye thats a lot of damage even for huge power\n|\n|t:|1698164024\n|move|p2a: Mimi|Aqua Jet|p1a: Zacian\n|-damage|p1a: Zacian|1\/100\n|move|p1a: Zacian|Behemoth Blade|p2a: Mimi\n|-damage|p2a: Mimi|2\/100\n|-enditem|p2a: Mimi|Sitrus Berry|[eat]\n|-heal|p2a: Mimi|27\/100|[from] item: Sitrus Berry\n|\n|-weather|RainDance|[upkeep]\n|upkeep\n|turn|12\n|inactive|Kalos Sorcerer has 120 seconds left.\n|c|\u2606Kalos Sorcerer|I'm surprised too ^^'\n|\n|t:|1698164057\n|move|p1a: Zacian|Behemoth Blade|p2a: Mimi\n|-damage|p2a: Mimi|0 fnt\n|faint|p2a: Mimi\n|\n|-weather|none\n|upkeep\n|\n|t:|1698164062\n|switch|p2a: Blue|Ditto, shiny|100\/100\n|-transform|p2a: Blue|p1a: Zacian|[from] ability: Imposter\n|-ability|p2a: Blue|Intrepid Sword|boost\n|-boost|p2a: Blue|atk|1\n|turn|13\n|c|\u2606SomeFrogg|huh why not aqua jet again?\n|c|\u2606SomeFrogg|oh\n|c|\u2606Kalos Sorcerer|But ...\n|c|\u2606SomeFrogg|i see\n|c|\u2606Kalos Sorcerer|You know\n|c|\u2606SomeFrogg|that does make sense\n|c|\u2606SomeFrogg|hope i win the speed tie\n|\n|t:|1698164081\n|move|p2a: Blue|Behemoth Blade|p1a: Zacian\n|-damage|p1a: Zacian|0 fnt\n|faint|p1a: Zacian\n|\n|upkeep\n|\n|t:|1698164093\n|switch|p1a: Calyrex|Calyrex-Shadow|100\/100\n|-ability|p1a: Calyrex|As One\n|-ability|p1a: Calyrex|Unnerve\n|-damage|p1a: Calyrex|88\/100|[from] Spikes\n|-damage|p1a: Calyrex|76\/100|[from] Stealth Rock\n|turn|14\n|c|\u2606Kalos Sorcerer|I'm scarfed ;)\n|\n|t:|1698164110\n|-terastallize|p2a: Blue|Normal\n|move|p1a: Calyrex|Astral Barrage|p2a: Blue\n|-immune|p2a: Blue\n|move|p2a: Blue|Behemoth Blade|p1a: Calyrex\n|-damage|p1a: Calyrex|0 fnt\n|faint|p1a: Calyrex\n|\n|upkeep\n|c|\u2606Kalos Sorcerer|You shouldn't have said that ^^'\n|\n|t:|1698164122\n|switch|p1a: Kyogre|Kyogre|76\/100\n|-damage|p1a: Kyogre|64\/100|[from] Spikes\n|-damage|p1a: Kyogre|51\/100|[from] Stealth Rock\n|-weather|RainDance|[from] ability: Drizzle|[of] p1a: Kyogre\n|turn|15\n|c|\u2606Kalos Sorcerer|I figured out you were scarfed too\n|inactive|SomeFrogg has 120 seconds left.\n|c|\u2606SomeFrogg|shouldnt have said what\n|\n|t:|1698164148\n|move|p2a: Blue|Behemoth Blade|p1a: Kyogre\n|-resisted|p1a: Kyogre\n|-damage|p1a: Kyogre|0 fnt\n|faint|p1a: Kyogre\n|\n|-weather|RainDance|[upkeep]\n|upkeep\n|c|\u2606Kalos Sorcerer|speed tie\n|c|\u2606Kalos Sorcerer|I thought your calyx was focus sash\n|c|\u2606Kalos Sorcerer|calyrex*\n|inactive|SomeFrogg has 90 seconds left.\n|c|\u2606SomeFrogg|what thats stupid why shouldnt i have said that? I had no idea you had choice scarf\n|\n|t:|1698164184\n|switch|p1a: Koraidon|Koraidon|100\/100\n|-damage|p1a: Koraidon|88\/100|[from] Spikes\n|-damage|p1a: Koraidon|82\/100|[from] Stealth Rock\n|-weather|SunnyDay|[from] ability: Orichalcum Pulse|[of] p1a: Koraidon\n|-activate|p1a: Koraidon|Orichalcum Pulse|[source]\n|turn|16\n|inactive|SomeFrogg has 90 seconds left.\n|c|\u2606Kalos Sorcerer|Oh, so we both didn't know what was about to happen ^^\n|\n|t:|1698164211\n|move|p2a: Blue|Behemoth Blade|p1a: Koraidon\n|-damage|p1a: Koraidon|0 fnt\n|faint|p1a: Koraidon\n|\n|-weather|SunnyDay|[upkeep]\n|upkeep\n|c|\u2606SomeFrogg|gg\n|\n|t:|1698164216\n|switch|p1a: Eternatus|Eternatus|100\/100\n|-damage|p1a: Eternatus|88\/100|[from] Spikes\n|-damage|p1a: Eternatus|76\/100|[from] Stealth Rock\n|-ability|p1a: Eternatus|Pressure\n|turn|17\n|\n|t:|1698164228\n|move|p2a: Blue|Behemoth Blade|p1a: Eternatus\n|-damage|p1a: Eternatus|0 fnt\n|faint|p1a: Eternatus\n|\n|win|Kalos Sorcerer\n|raw|SomeFrogg's rating: 1397 &rarr; <strong>1385<\/strong><br \/>(-12 for losing)\n|raw|Kalos Sorcerer's rating: 1548 &rarr; <strong>1560<\/strong><br \/>(+12 for winning)\n|l|\u2606SomeFrogg\n","uploadtime":1698164282,"views":7,"p1id":"somefrogg","p2id":"kalossorcerer","formatid":"gen9anythinggoes","rating":1385,"private":0,"password":""}