{"id":"gen9anythinggoes-1984925227","p1":"RANKED GOATEDMELON","p2":"gfdfdgsdsy","format":"[Gen 9] Anything Goes","log":"|j|\u2606RANKED GOATEDMELON\n|j|\u2606gfdfdgsdsy\n|t:|1699311398\n|gametype|singles\n|player|p1|RANKED GOATEDMELON|benga|1355\n|player|p2|gfdfdgsdsy|2|1351\n|teamsize|p1|6\n|teamsize|p2|6\n|gen|9\n|tier|[Gen 9] Anything Goes\n|rated|\n|rule|HP Percentage Mod: HP is shown in percentages\n|rule|Endless Battle Clause: Forcing endless battles is banned\n|clearpoke\n|poke|p1|Espathra, F|\n|poke|p1|Glalie, F|\n|poke|p1|Clodsire, F|\n|poke|p1|Corviknight, F|\n|poke|p1|Calyrex-Shadow|\n|poke|p1|Miraidon|\n|poke|p2|Ninetales-Alola, M|\n|poke|p2|Baxcalibur, F|\n|poke|p2|Hattrem, F|\n|poke|p2|Cetitan, F|\n|poke|p2|Slowking-Galar, F|\n|poke|p2|Dialga|\n|teampreview\n|inactive|Battle timer is ON: inactive players will automatically lose when time's up. (requested by gfdfdgsdsy)\n|\n|t:|1699311409\n|start\n|switch|p1a: Espie|Espathra, F, shiny|100\/100\n|switch|p2a: Slowking|Slowking-Galar, F|100\/100\n|turn|1\n|c|\u2606RANKED GOATEDMELON|glhf\n|\n|t:|1699311416\n|move|p1a: Espie|Calm Mind|p1a: Espie\n|-boost|p1a: Espie|spa|1\n|-boost|p1a: Espie|spd|1\n|move|p2a: Slowking|Chilly Reception|p2a: Slowking\n|-weather|Snow\n|\n|t:|1699311419\n|switch|p2a: Ninetales|Ninetales-Alola, M|100\/100|[from] Chilly Reception\n|\n|-weather|Snow|[upkeep]\n|-ability|p1a: Espie|Speed Boost|boost\n|-boost|p1a: Espie|spe|1\n|upkeep\n|turn|2\n|\n|t:|1699311423\n|move|p1a: Espie|Protect|p1a: Espie\n|-singleturn|p1a: Espie|Protect\n|move|p2a: Ninetales|Aurora Veil|p2a: Ninetales\n|-sidestart|p2: gfdfdgsdsy|move: Aurora Veil\n|\n|-weather|Snow|[upkeep]\n|-ability|p1a: Espie|Speed Boost|boost\n|-boost|p1a: Espie|spe|1\n|upkeep\n|turn|3\n|\n|t:|1699311425\n|move|p1a: Espie|Calm Mind|p1a: Espie\n|-boost|p1a: Espie|spa|1\n|-boost|p1a: Espie|spd|1\n|move|p2a: Ninetales|Roar|p1a: Espie\n|drag|p1a: Cals Ur Pal|Calyrex-Shadow|100\/100\n|-ability|p1a: Cals Ur Pal|As One\n|-ability|p1a: Cals Ur Pal|Unnerve\n|\n|-weather|Snow|[upkeep]\n|upkeep\n|turn|4\n|\n|t:|1699311430\n|move|p1a: Cals Ur Pal|Nasty Plot|p1a: Cals Ur Pal\n|-boost|p1a: Cals Ur Pal|spa|2\n|move|p2a: Ninetales|Freeze-Dry|p1a: Cals Ur Pal\n|-damage|p1a: Cals Ur Pal|80\/100\n|\n|-weather|Snow|[upkeep]\n|upkeep\n|turn|5\n|c|\u2606RANKED GOATEDMELON|nice\n|\n|t:|1699311437\n|move|p1a: Cals Ur Pal|Astral Barrage|p2a: Ninetales\n|-damage|p2a: Ninetales|23\/100\n|move|p2a: Ninetales|Roar|p1a: Cals Ur Pal\n|drag|p1a: Espie|Espathra, F, shiny|100\/100\n|\n|-weather|Snow|[upkeep]\n|upkeep\n|turn|6\n|\n|t:|1699311441\n|switch|p2a: Hattrem|Hattrem, F|100\/100\n|move|p1a: Espie|Protect||[still]\n|-fail|p1a: Espie\n|\n|-weather|Snow|[upkeep]\n|-ability|p1a: Espie|Speed Boost|boost\n|-boost|p1a: Espie|spe|1\n|upkeep\n|turn|7\n|\n|t:|1699311445\n|move|p1a: Espie|Calm Mind|p1a: Espie\n|-boost|p1a: Espie|spa|1\n|-boost|p1a: Espie|spd|1\n|move|p2a: Hattrem|Healing Wish|p2a: Hattrem\n|faint|p2a: Hattrem\n|\n|-weather|Snow|[upkeep]\n|-ability|p1a: Espie|Speed Boost|boost\n|-boost|p1a: Espie|spe|1\n|upkeep\n|\n|t:|1699311446\n|switch|p2a: Ninetales|Ninetales-Alola, M|23\/100\n|-heal|p2a: Ninetales|100\/100|[from] move: Healing Wish\n|turn|8\n|\n|t:|1699311450\n|move|p1a: Espie|Protect|p1a: Espie\n|-singleturn|p1a: Espie|Protect\n|move|p2a: Ninetales|Roar|p1a: Espie\n|drag|p1a: Cals Ur Pal|Calyrex-Shadow|80\/100\n|-ability|p1a: Cals Ur Pal|As One\n|-ability|p1a: Cals Ur Pal|Unnerve\n|\n|-weather|none\n|upkeep\n|turn|9\n|\n|t:|1699311457\n|switch|p2a: Dialga|Dialga|100\/100\n|-ability|p2a: Dialga|Pressure\n|move|p1a: Cals Ur Pal|Nasty Plot|p1a: Cals Ur Pal\n|-boost|p1a: Cals Ur Pal|spa|2\n|\n|-sideend|p2: gfdfdgsdsy|move: Aurora Veil\n|upkeep\n|turn|10\n|\n|t:|1699311464\n|move|p2a: Dialga|Steel Beam|p1a: Cals Ur Pal\n|-damage|p1a: Cals Ur Pal|5\/100\n|-damage|p2a: Dialga|50\/100|[from] steelbeam\n|move|p1a: Cals Ur Pal|Astral Barrage|p2a: Dialga\n|-damage|p2a: Dialga|0 fnt\n|faint|p2a: Dialga\n|-ability|p1a: Cals Ur Pal|Grim Neigh|boost\n|-boost|p1a: Cals Ur Pal|spa|1\n|\n|upkeep\n|\n|t:|1699311469\n|switch|p2a: Cetitan|Cetitan, F|100\/100\n|turn|11\n|\n|t:|1699311473\n|-terastallize|p1a: Cals Ur Pal|Fairy\n|move|p2a: Cetitan|Ice Shard|p1a: Cals Ur Pal\n|-damage|p1a: Cals Ur Pal|0 fnt\n|faint|p1a: Cals Ur Pal\n|\n|upkeep\n|\n|t:|1699311476\n|switch|p1a: Espie|Espathra, F, shiny|100\/100\n|turn|12\n|c|\u2606RANKED GOATEDMELON|idk why i didnt expect that\n|\n|t:|1699311488\n|switch|p1a: Corey|Corviknight, F, shiny|100\/100\n|move|p2a: Cetitan|Belly Drum|p2a: Cetitan\n|-damage|p2a: Cetitan|50\/100\n|-setboost|p2a: Cetitan|atk|6|[from] move: Belly Drum\n|-enditem|p2a: Cetitan|Sitrus Berry|[eat]\n|-heal|p2a: Cetitan|75\/100|[from] item: Sitrus Berry\n|\n|upkeep\n|turn|13\n|\n|t:|1699311494\n|move|p2a: Cetitan|Ice Spinner|p1a: Corey\n|-damage|p1a: Corey|0 fnt\n|faint|p1a: Corey\n|\n|upkeep\n|\n|t:|1699311495\n|switch|p1a: THE CLOD|Clodsire, F, shiny|100\/100\n|turn|14\n|\n|t:|1699311503\n|-terastallize|p2a: Cetitan|Ice\n|move|p2a: Cetitan|Ice Spinner|p1a: THE CLOD\n|-supereffective|p1a: THE CLOD\n|-damage|p1a: THE CLOD|0 fnt\n|faint|p1a: THE CLOD\n|\n|upkeep\n|c|\u2606RANKED GOATEDMELON|gg\n|\n|t:|1699311511\n|switch|p1a: Espie|Espathra, F, shiny|100\/100\n|turn|15\n|\n|t:|1699311517\n|move|p1a: Espie|Protect|p1a: Espie\n|-singleturn|p1a: Espie|Protect\n|move|p2a: Cetitan|Ice Shard|p1a: Espie\n|-activate|p1a: Espie|move: Protect\n|\n|-ability|p1a: Espie|Speed Boost|boost\n|-boost|p1a: Espie|spe|1\n|upkeep\n|turn|16\n|\n|t:|1699311520\n|move|p2a: Cetitan|Ice Shard|p1a: Espie\n|-enditem|p1a: Espie|Focus Sash\n|-damage|p1a: Espie|1\/100\n|move|p1a: Espie|Stored Power|p2a: Cetitan\n|-damage|p2a: Cetitan|52\/100\n|\n|-ability|p1a: Espie|Speed Boost|boost\n|-boost|p1a: Espie|spe|1\n|upkeep\n|turn|17\n|\n|t:|1699311523\n|move|p2a: Cetitan|Ice Shard|p1a: Espie\n|-damage|p1a: Espie|0 fnt\n|faint|p1a: Espie\n|\n|upkeep\n|\n|t:|1699311526\n|switch|p1a: MIRAIDON DEEZ|Miraidon|100\/100\n|-fieldstart|move: Electric Terrain|[from] ability: Hadron Engine|[of] p1a: MIRAIDON DEEZ\n|turn|18\n|\n|t:|1699311538\n|move|p2a: Cetitan|Ice Shard|p1a: MIRAIDON DEEZ\n|-supereffective|p1a: MIRAIDON DEEZ\n|-damage|p1a: MIRAIDON DEEZ|0 fnt\n|faint|p1a: MIRAIDON DEEZ\n|\n|upkeep\n|\n|t:|1699311539\n|switch|p1a: Demon Eyes|Glalie, F, shiny|100\/100\n|turn|19\n|\n|t:|1699311543\n|move|p1a: Demon Eyes|Protect|p1a: Demon Eyes\n|-singleturn|p1a: Demon Eyes|Protect\n|move|p2a: Cetitan|Earthquake|p1a: Demon Eyes\n|-activate|p1a: Demon Eyes|move: Protect\n|\n|-ability|p1a: Demon Eyes|Moody|boost\n|-boost|p1a: Demon Eyes|spe|2\n|-unboost|p1a: Demon Eyes|spa|1\n|upkeep\n|turn|20\n|\n|t:|1699311546\n|move|p2a: Cetitan|Ice Shard|p1a: Demon Eyes\n|-resisted|p1a: Demon Eyes\n|-damage|p1a: Demon Eyes|37\/100\n|move|p1a: Demon Eyes|Substitute|p1a: Demon Eyes\n|-start|p1a: Demon Eyes|Substitute\n|-damage|p1a: Demon Eyes|12\/100\n|\n|-heal|p1a: Demon Eyes|18\/100|[from] item: Leftovers\n|-ability|p1a: Demon Eyes|Moody|boost\n|-boost|p1a: Demon Eyes|spe|2\n|-unboost|p1a: Demon Eyes|spa|1\n|upkeep\n|turn|21\n|\n|t:|1699311549\n|move|p1a: Demon Eyes|Protect|p1a: Demon Eyes\n|-singleturn|p1a: Demon Eyes|Protect\n|move|p2a: Cetitan|Ice Shard|p1a: Demon Eyes\n|-activate|p1a: Demon Eyes|move: Protect\n|\n|-heal|p1a: Demon Eyes|24\/100|[from] item: Leftovers\n|-ability|p1a: Demon Eyes|Moody|boost\n|-boost|p1a: Demon Eyes|spa|2\n|-unboost|p1a: Demon Eyes|def|1\n|upkeep\n|turn|22\n|\n|t:|1699311553\n|move|p2a: Cetitan|Ice Shard|p1a: Demon Eyes\n|-resisted|p1a: Demon Eyes\n|-end|p1a: Demon Eyes|Substitute\n|move|p1a: Demon Eyes|Dark Pulse|p2a: Cetitan\n|-crit|p2a: Cetitan\n|-damage|p2a: Cetitan|20\/100\n|\n|-heal|p1a: Demon Eyes|30\/100|[from] item: Leftovers\n|-fieldend|move: Electric Terrain\n|-ability|p1a: Demon Eyes|Moody|boost\n|-boost|p1a: Demon Eyes|atk|2\n|-unboost|p1a: Demon Eyes|spe|1\n|upkeep\n|turn|23\n|\n|t:|1699311558\n|move|p1a: Demon Eyes|Protect|p1a: Demon Eyes\n|-singleturn|p1a: Demon Eyes|Protect\n|move|p2a: Cetitan|Ice Shard|p1a: Demon Eyes\n|-activate|p1a: Demon Eyes|move: Protect\n|\n|-heal|p1a: Demon Eyes|36\/100|[from] item: Leftovers\n|-ability|p1a: Demon Eyes|Moody|boost\n|-boost|p1a: Demon Eyes|atk|2\n|-unboost|p1a: Demon Eyes|spe|1\n|upkeep\n|turn|24\n|\n|t:|1699311560\n|move|p2a: Cetitan|Ice Shard|p1a: Demon Eyes\n|-resisted|p1a: Demon Eyes\n|-damage|p1a: Demon Eyes|0 fnt\n|faint|p1a: Demon Eyes\n|\n|win|gfdfdgsdsy\n|raw|RANKED GOATEDMELON's rating: 1355 &rarr; <strong>1335<\/strong><br \/>(-20 for losing)\n|raw|gfdfdgsdsy's rating: 1351 &rarr; <strong>1371<\/strong><br \/>(+20 for winning)\n|l|\u2606RANKED GOATEDMELON\n","uploadtime":1699311564,"views":5,"p1id":"rankedgoatedmelon","p2id":"gfdfdgsdsy","formatid":"gen9anythinggoes","rating":1335,"private":0,"password":""}