{"id":"gen9anythinggoes-1979523157","p1":"mrelpolloloco","p2":"garth4325","format":"[Gen 9] Anything Goes","log":"|j|\u2606mrelpolloloco\n|j|\u2606garth4325\n|t:|1698689384\n|gametype|singles\n|player|p1|mrelpolloloco|170|\n|player|p2|garth4325|169|\n|teamsize|p1|6\n|teamsize|p2|6\n|gen|9\n|tier|[Gen 9] Anything Goes\n|rule|HP Percentage Mod: HP is shown in percentages\n|rule|Endless Battle Clause: Forcing endless battles is banned\n|clearpoke\n|poke|p1|Iron Bundle|\n|poke|p1|Corviknight, F|\n|poke|p1|Clodsire, F|\n|poke|p1|Roaring Moon|\n|poke|p1|Gallade, M|\n|poke|p1|Dedenne, M|\n|poke|p2|Garchomp, M|\n|poke|p2|Greninja-*, F|\n|poke|p2|Tyranitar, M|\n|poke|p2|Slither Wing|\n|poke|p2|Mimikyu, F|\n|poke|p2|Gengar, M|\n|teampreview\n|c|\u2606garth4325|may the best man win (probably you)\n|c|\u2606mrelpolloloco|anyones games man lol\n|\n|t:|1698689418\n|start\n|switch|p1a: Yami|Gallade, M, shiny|100\/100\n|switch|p2a: Greninja|Greninja, F|100\/100\n|turn|1\n|\n|t:|1698689431\n|move|p2a: Greninja|U-turn|p1a: Yami\n|-start|p2a: Greninja|typechange|Bug|[from] ability: Protean\n|-damage|p1a: Yami|59\/100\n|\n|t:|1698689437\n|switch|p2a: Gengar|Gengar, M|100\/100|[from] U-turn\n|move|p1a: Yami|Sacred Sword|p2a: Gengar\n|-immune|p2a: Gengar\n|\n|upkeep\n|turn|2\n|\n|t:|1698689443\n|switch|p1a: Fat Boi|Clodsire, F|100\/100\n|move|p2a: Gengar|Dazzling Gleam|p1a: Fat Boi\n|-resisted|p1a: Fat Boi\n|-damage|p1a: Fat Boi|93\/100\n|\n|-heal|p1a: Fat Boi|99\/100|[from] item: Black Sludge\n|upkeep\n|turn|3\n|\n|t:|1698689455\n|switch|p2a: Greninja|Greninja, F|100\/100\n|move|p1a: Fat Boi|Earthquake|p2a: Greninja\n|-damage|p2a: Greninja|53\/100\n|\n|-heal|p1a: Fat Boi|100\/100|[from] item: Black Sludge\n|upkeep\n|turn|4\n|\n|t:|1698689462\n|move|p2a: Greninja|Ice Beam|p1a: Fat Boi\n|-start|p2a: Greninja|typechange|Ice|[from] ability: Protean\n|-supereffective|p1a: Fat Boi\n|-damage|p1a: Fat Boi|60\/100\n|move|p1a: Fat Boi|Stealth Rock|p2a: Greninja\n|-sidestart|p2: garth4325|move: Stealth Rock\n|\n|-heal|p1a: Fat Boi|67\/100|[from] item: Black Sludge\n|upkeep\n|turn|5\n|\n|t:|1698689474\n|move|p2a: Greninja|Ice Beam|p1a: Fat Boi\n|-supereffective|p1a: Fat Boi\n|-damage|p1a: Fat Boi|25\/100\n|move|p1a: Fat Boi|Recover|p1a: Fat Boi\n|-heal|p1a: Fat Boi|75\/100\n|\n|-heal|p1a: Fat Boi|81\/100|[from] item: Black Sludge\n|upkeep\n|turn|6\n|\n|t:|1698689488\n|move|p2a: Greninja|Ice Beam|p1a: Fat Boi\n|-supereffective|p1a: Fat Boi\n|-damage|p1a: Fat Boi|37\/100\n|-status|p1a: Fat Boi|frz\n|cant|p1a: Fat Boi|frz\n|\n|-heal|p1a: Fat Boi|43\/100 frz|[from] item: Black Sludge\n|upkeep\n|turn|7\n|c|\u2606garth4325|rng gods\n|\n|t:|1698689519\n|move|p2a: Greninja|Ice Beam|p1a: Fat Boi\n|-supereffective|p1a: Fat Boi\n|-damage|p1a: Fat Boi|2\/100 frz\n|cant|p1a: Fat Boi|frz\n|\n|-heal|p1a: Fat Boi|8\/100 frz|[from] item: Black Sludge\n|upkeep\n|turn|8\n|\n|t:|1698689529\n|move|p2a: Greninja|Ice Beam|p1a: Fat Boi\n|-supereffective|p1a: Fat Boi\n|-damage|p1a: Fat Boi|0 fnt\n|faint|p1a: Fat Boi\n|\n|upkeep\n|c|\u2606mrelpolloloco|im playing cod lol\n|\n|t:|1698689539\n|switch|p1a: XXXtentacion|Roaring Moon|100\/100\n|-enditem|p1a: XXXtentacion|Booster Energy\n|-activate|p1a: XXXtentacion|ability: Protosynthesis|[fromitem]\n|-start|p1a: XXXtentacion|protosynthesisspe\n|turn|9\n|c|\u2606garth4325|i'm watching Dr Disreepect lolol\n|\n|t:|1698689562\n|move|p1a: XXXtentacion|Fire Fang|p2a: Greninja\n|-supereffective|p2a: Greninja\n|-damage|p2a: Greninja|0 fnt\n|faint|p2a: Greninja\n|\n|upkeep\n|\n|t:|1698689567\n|switch|p2a: Gengar|Gengar, M|100\/100\n|-damage|p2a: Gengar|88\/100|[from] Stealth Rock\n|turn|10\n|c|\u2606mrelpolloloco|watch me im a better streamer lol\n|c|\u2606garth4325|et\n|c|\u2606garth4325|bet\n|\n|t:|1698689579\n|move|p1a: XXXtentacion|Knock Off|p2a: Gengar\n|-supereffective|p2a: Gengar\n|-damage|p2a: Gengar|0 fnt\n|-start|p1a: XXXtentacion|Disable|Knock Off|[from] ability: Cursed Body|[of] p2a: Gengar\n|-enditem|p2a: Gengar|Choice Scarf|[from] move: Knock Off|[of] p1a: XXXtentacion\n|faint|p2a: Gengar\n|\n|upkeep\n|\n|t:|1698689600\n|switch|p2a: Garchomp|Garchomp, M, shiny|100\/100\n|-damage|p2a: Garchomp|94\/100|[from] Stealth Rock\n|turn|11\n|\n|t:|1698689605\n|-terastallize|p2a: Garchomp|Ground\n|move|p1a: XXXtentacion|Dragon Claw|p2a: Garchomp\n|-damage|p2a: Garchomp|49\/100\n|-damage|p1a: XXXtentacion|88\/100|[from] ability: Rough Skin|[of] p2a: Garchomp\n|-damage|p1a: XXXtentacion|72\/100|[from] item: Rocky Helmet|[of] p2a: Garchomp\n|move|p2a: Garchomp|Dragon Claw|p1a: XXXtentacion\n|-supereffective|p1a: XXXtentacion\n|-damage|p1a: XXXtentacion|0 fnt\n|faint|p1a: XXXtentacion\n|-end|p1a: XXXtentacion|Protosynthesis|[silent]\n|\n|upkeep\n|\n|t:|1698689616\n|switch|p1a: STOP TOUCHING ME!|Corviknight, F|100\/100\n|turn|12\n|\n|t:|1698689623\n|move|p2a: Garchomp|Fire Fang|p1a: STOP TOUCHING ME!\n|-supereffective|p1a: STOP TOUCHING ME!\n|-damage|p1a: STOP TOUCHING ME!|69\/100\n|-damage|p2a: Garchomp|32\/100|[from] item: Rocky Helmet|[of] p1a: STOP TOUCHING ME!\n|move|p1a: STOP TOUCHING ME!|Iron Defense|p1a: STOP TOUCHING ME!\n|-boost|p1a: STOP TOUCHING ME!|def|2\n|\n|upkeep\n|turn|13\n|\n|t:|1698689637\n|move|p2a: Garchomp|Fire Fang|p1a: STOP TOUCHING ME!\n|-supereffective|p1a: STOP TOUCHING ME!\n|-damage|p1a: STOP TOUCHING ME!|54\/100\n|-damage|p2a: Garchomp|16\/100|[from] item: Rocky Helmet|[of] p1a: STOP TOUCHING ME!\n|cant|p1a: STOP TOUCHING ME!|flinch\n|\n|upkeep\n|turn|14\n|\n|t:|1698689649\n|move|p2a: Garchomp|Swords Dance|p2a: Garchomp\n|-boost|p2a: Garchomp|atk|2\n|move|p1a: STOP TOUCHING ME!|Roost|p1a: STOP TOUCHING ME!\n|-heal|p1a: STOP TOUCHING ME!|100\/100\n|-singleturn|p1a: STOP TOUCHING ME!|move: Roost\n|\n|upkeep\n|turn|15\n|\n|t:|1698689657\n|move|p2a: Garchomp|Fire Fang|p1a: STOP TOUCHING ME!\n|-supereffective|p1a: STOP TOUCHING ME!\n|-damage|p1a: STOP TOUCHING ME!|70\/100\n|-damage|p2a: Garchomp|0 fnt|[from] item: Rocky Helmet|[of] p1a: STOP TOUCHING ME!\n|faint|p2a: Garchomp\n|cant|p1a: STOP TOUCHING ME!|flinch\n|\n|upkeep\n|\n|t:|1698689681\n|switch|p2a: Slither Wing|Slither Wing|100\/100\n|-damage|p2a: Slither Wing|88\/100|[from] Stealth Rock\n|-enditem|p2a: Slither Wing|Booster Energy\n|-activate|p2a: Slither Wing|ability: Protosynthesis|[fromitem]\n|-start|p2a: Slither Wing|protosynthesisatk\n|turn|16\n|\n|t:|1698689718\n|move|p2a: Slither Wing|Flare Blitz|p1a: STOP TOUCHING ME!\n|-supereffective|p1a: STOP TOUCHING ME!\n|-damage|p1a: STOP TOUCHING ME!|30\/100\n|-damage|p2a: Slither Wing|72\/100|[from] item: Rocky Helmet|[of] p1a: STOP TOUCHING ME!\n|-damage|p2a: Slither Wing|56\/100|[from] Recoil\n|move|p1a: STOP TOUCHING ME!|Brave Bird|p2a: Slither Wing\n|-supereffective|p2a: Slither Wing\n|-damage|p2a: Slither Wing|0 fnt\n|faint|p2a: Slither Wing\n|-end|p2a: Slither Wing|Protosynthesis|[silent]\n|-damage|p1a: STOP TOUCHING ME!|15\/100|[from] Recoil\n|\n|upkeep\n|\n|t:|1698689723\n|switch|p2a: Tyranitar|Tyranitar, M|100\/100\n|-damage|p2a: Tyranitar|88\/100|[from] Stealth Rock\n|-weather|Sandstorm|[from] ability: Sand Stream|[of] p2a: Tyranitar\n|turn|17\n|\n|t:|1698689757\n|move|p2a: Tyranitar|Rock Slide|p1a: STOP TOUCHING ME!\n|-damage|p1a: STOP TOUCHING ME!|0 fnt\n|faint|p1a: STOP TOUCHING ME!\n|\n|-weather|Sandstorm|[upkeep]\n|-heal|p2a: Tyranitar|94\/100|[from] item: Leftovers\n|upkeep\n|\n|t:|1698689766\n|switch|p1a: Roboclaus|Iron Bundle|100\/100\n|turn|18\n|\n|t:|1698689780\n|-terastallize|p1a: Roboclaus|Ground\n|move|p1a: Roboclaus|Tera Blast|p2a: Tyranitar|[anim] Tera Blast Ground\n|-supereffective|p2a: Tyranitar\n|-damage|p2a: Tyranitar|15\/100\n|move|p2a: Tyranitar|Body Press|p1a: Roboclaus\n|-damage|p1a: Roboclaus|75\/100\n|\n|-weather|Sandstorm|[upkeep]\n|-heal|p2a: Tyranitar|22\/100|[from] item: Leftovers\n|upkeep\n|turn|19\n|\n|t:|1698689797\n|move|p1a: Roboclaus|Tera Blast|p2a: Tyranitar|[anim] Tera Blast Ground\n|-supereffective|p2a: Tyranitar\n|-damage|p2a: Tyranitar|0 fnt\n|faint|p2a: Tyranitar\n|\n|-weather|Sandstorm|[upkeep]\n|upkeep\n|\n|t:|1698689799\n|switch|p2a: Mimikyu|Mimikyu, F, shiny|100\/100\n|-damage|p2a: Mimikyu|88\/100|[from] Stealth Rock\n|turn|20\n|\n|t:|1698689808\n|move|p1a: Roboclaus|Tera Blast|p2a: Mimikyu|[anim] Tera Blast Ground\n|-activate|p2a: Mimikyu|ability: Disguise\n|-damage|p2a: Mimikyu|88\/100\n|detailschange|p2a: Mimikyu|Mimikyu-Busted, F, shiny\n|-damage|p2a: Mimikyu|76\/100|[from] pokemon: Mimikyu-Busted\n|move|p2a: Mimikyu|Swords Dance|p2a: Mimikyu\n|-boost|p2a: Mimikyu|atk|2\n|\n|-weather|Sandstorm|[upkeep]\n|-damage|p2a: Mimikyu|70\/100|[from] Sandstorm\n|upkeep\n|turn|21\n|\n|t:|1698689814\n|move|p2a: Mimikyu|Shadow Sneak|p1a: Roboclaus\n|-damage|p1a: Roboclaus|24\/100\n|-damage|p2a: Mimikyu|60\/100|[from] item: Life Orb\n|move|p1a: Roboclaus|Tera Blast|p2a: Mimikyu|[anim] Tera Blast Ground\n|-damage|p2a: Mimikyu|0 fnt\n|faint|p2a: Mimikyu\n|\n|win|mrelpolloloco\n|c|\u2606garth4325|gg\n|c|\u2606mrelpolloloco|gg\n","uploadtime":1698689831,"views":11,"p1id":"mrelpolloloco","p2id":"garth4325","formatid":"gen9anythinggoes","rating":0,"private":0,"password":""}