{"id":"gen9anythinggoes-1994360321","p1":"trotman","p2":"Daxyel13","format":"[Gen 9] Anything Goes","log":"|j|\u2606trotman\n|j|\u2606Daxyel13\n|t:|1700435057\n|gametype|singles\n|player|p1|trotman|brycenman|1167\n|player|p2|Daxyel13|ethan|1175\n|teamsize|p1|6\n|teamsize|p2|6\n|gen|9\n|tier|[Gen 9] Anything Goes\n|rated|\n|rule|HP Percentage Mod: HP is shown in percentages\n|rule|Endless Battle Clause: Forcing endless battles is banned\n|clearpoke\n|poke|p1|Ogerpon-Cornerstone, F|\n|poke|p1|Sinistcha-Masterpiece|\n|poke|p1|Fezandipiti, M|\n|poke|p1|Landorus-Therian, M|\n|poke|p1|Kyogre|\n|poke|p1|Regieleki|\n|poke|p2|Annihilape, M|\n|poke|p2|Baxcalibur, M|\n|poke|p2|Clodsire, M|\n|poke|p2|Volcarona, M|\n|poke|p2|Flutter Mane|\n|poke|p2|Iron Valiant|\n|teampreview\n|\n|t:|1700435064\n|start\n|switch|p1a: Landorus|Landorus-Therian, M|100\/100\n|switch|p2a: Ice boi|Baxcalibur, M|100\/100\n|-ability|p1a: Landorus|Intimidate|boost\n|-unboost|p2a: Ice boi|atk|1\n|turn|1\n|\n|t:|1700435081\n|move|p1a: Landorus|Stealth Rock|p2a: Ice boi\n|-sidestart|p2: Daxyel13|move: Stealth Rock\n|move|p2a: Ice boi|Avalanche|p1a: Landorus\n|-supereffective|p1a: Landorus\n|-damage|p1a: Landorus|35\/100\n|\n|-heal|p1a: Landorus|41\/100|[from] item: Leftovers\n|upkeep\n|turn|2\n|\n|t:|1700435091\n|move|p1a: Landorus|Earthquake|p2a: Ice boi\n|-damage|p2a: Ice boi|57\/100\n|move|p2a: Ice boi|Avalanche|p1a: Landorus\n|-supereffective|p1a: Landorus\n|-damage|p1a: Landorus|0 fnt\n|faint|p1a: Landorus\n|\n|-heal|p2a: Ice boi|63\/100|[from] item: Leftovers\n|upkeep\n|\n|t:|1700435109\n|switch|p1a: Ogerpon|Ogerpon-Cornerstone, F|100\/100\n|turn|3\n|\n|t:|1700435116\n|move|p1a: Ogerpon|Ivy Cudgel|p2a: Ice boi|[anim] Ivy Cudgel Rock\n|-supereffective|p2a: Ice boi\n|-damage|p2a: Ice boi|0 fnt\n|faint|p2a: Ice boi\n|\n|upkeep\n|\n|t:|1700435124\n|switch|p2a: Mad monkey|Annihilape, M|100\/100\n|-damage|p2a: Mad monkey|94\/100|[from] Stealth Rock\n|turn|4\n|\n|t:|1700435139\n|move|p1a: Ogerpon|Knock Off|p2a: Mad monkey\n|-damage|p2a: Mad monkey|52\/100\n|-enditem|p2a: Mad monkey|Life Orb|[from] move: Knock Off|[of] p1a: Ogerpon\n|move|p2a: Mad monkey|Brick Break|p1a: Ogerpon\n|-supereffective|p1a: Ogerpon\n|-ability|p1a: Ogerpon|Sturdy\n|-damage|p1a: Ogerpon|1\/100\n|\n|upkeep\n|turn|5\n|\n|t:|1700435149\n|move|p1a: Ogerpon|Horn Leech|p2a: Mad monkey\n|-damage|p2a: Mad monkey|3\/100\n|-heal|p1a: Ogerpon|30\/100|[from] drain|[of] p2a: Mad monkey\n|move|p2a: Mad monkey|Brick Break|p1a: Ogerpon\n|-supereffective|p1a: Ogerpon\n|-damage|p1a: Ogerpon|0 fnt\n|faint|p1a: Ogerpon\n|\n|upkeep\n|\n|t:|1700435168\n|switch|p1a: Fezandipiti|Fezandipiti, M|100\/100\n|turn|6\n|\n|t:|1700435179\n|move|p2a: Mad monkey|Rage Fist|p1a: Fezandipiti\n|-damage|p1a: Fezandipiti|43\/100\n|move|p1a: Fezandipiti|U-turn|p2a: Mad monkey\n|-resisted|p2a: Mad monkey\n|-damage|p2a: Mad monkey|0 fnt\n|faint|p2a: Mad monkey\n|\n|t:|1700435191\n|switch|p1a: Regieleki|Regieleki, shiny|100\/100|[from] U-turn\n|\n|upkeep\n|\n|t:|1700435196\n|switch|p2a: Puddle|Clodsire, M|100\/100\n|-damage|p2a: Puddle|94\/100|[from] Stealth Rock\n|turn|7\n|\n|t:|1700435211\n|-terastallize|p1a: Regieleki|Ice\n|move|p1a: Regieleki|Tera Blast|p2a: Puddle|[anim] Tera Blast Ice\n|-supereffective|p2a: Puddle\n|-damage|p2a: Puddle|29\/100\n|-damage|p1a: Regieleki|91\/100|[from] item: Life Orb\n|move|p2a: Puddle|Gunk Shot|p1a: Regieleki\n|-damage|p1a: Regieleki|0 fnt\n|faint|p1a: Regieleki\n|\n|-heal|p2a: Puddle|35\/100|[from] item: Leftovers\n|upkeep\n|\n|t:|1700435222\n|switch|p1a: Kyogre|Kyogre, shiny|100\/100\n|-weather|RainDance|[from] ability: Drizzle|[of] p1a: Kyogre\n|turn|8\n|\n|t:|1700435230\n|move|p1a: Kyogre|Ice Beam|p2a: Puddle\n|-supereffective|p2a: Puddle\n|-damage|p2a: Puddle|0 fnt\n|faint|p2a: Puddle\n|\n|-weather|RainDance|[upkeep]\n|upkeep\n|\n|t:|1700435242\n|switch|p2a: The warrior|Iron Valiant|100\/100\n|-damage|p2a: The warrior|94\/100|[from] Stealth Rock\n|turn|9\n|\n|t:|1700435253\n|switch|p1a: Fezandipiti|Fezandipiti, M|43\/100\n|move|p2a: The warrior|Dazzling Gleam|p1a: Fezandipiti\n|-resisted|p1a: Fezandipiti\n|-damage|p1a: Fezandipiti|29\/100\n|\n|-weather|RainDance|[upkeep]\n|-heal|p2a: The warrior|100\/100|[from] item: Leftovers\n|upkeep\n|turn|10\n|\n|t:|1700435263\n|move|p2a: The warrior|Aura Sphere|p1a: Fezandipiti\n|-resisted|p1a: Fezandipiti\n|-damage|p1a: Fezandipiti|22\/100\n|move|p1a: Fezandipiti|Light Screen|p1a: Fezandipiti\n|-sidestart|p1: trotman|move: Light Screen\n|\n|-weather|RainDance|[upkeep]\n|upkeep\n|turn|11\n|\n|t:|1700435283\n|move|p2a: The warrior|Destiny Bond|p2a: The warrior\n|-singlemove|p2a: The warrior|Destiny Bond\n|move|p1a: Fezandipiti|Roost|p1a: Fezandipiti\n|-heal|p1a: Fezandipiti|72\/100\n|-singleturn|p1a: Fezandipiti|move: Roost\n|\n|-weather|RainDance|[upkeep]\n|upkeep\n|turn|12\n|\n|t:|1700435297\n|move|p2a: The warrior|Aura Sphere|p1a: Fezandipiti\n|-resisted|p1a: Fezandipiti\n|-damage|p1a: Fezandipiti|69\/100\n|move|p1a: Fezandipiti|U-turn|p2a: The warrior\n|-resisted|p2a: The warrior\n|-damage|p2a: The warrior|96\/100\n|\n|t:|1700435303\n|switch|p1a: Kyogre|Kyogre, shiny|100\/100|[from] U-turn\n|\n|-weather|none\n|-heal|p2a: The warrior|100\/100|[from] item: Leftovers\n|upkeep\n|turn|13\n|\n|t:|1700435313\n|switch|p1a: Fezandipiti|Fezandipiti, M|69\/100\n|move|p2a: The warrior|Dazzling Gleam|p1a: Fezandipiti\n|-resisted|p1a: Fezandipiti\n|-damage|p1a: Fezandipiti|61\/100\n|\n|upkeep\n|turn|14\n|\n|t:|1700435330\n|move|p2a: The warrior|Tera Blast|p1a: Fezandipiti\n|-damage|p1a: Fezandipiti|51\/100\n|move|p1a: Fezandipiti|U-turn|p2a: The warrior\n|-resisted|p2a: The warrior\n|-damage|p2a: The warrior|96\/100\n|-status|p2a: The warrior|tox|[from] ability: Toxic Chain|[of] p1a: Fezandipiti\n|\n|t:|1700435338\n|switch|p1a: Kyogre|Kyogre, shiny|100\/100|[from] U-turn\n|-weather|RainDance|[from] ability: Drizzle|[of] p1a: Kyogre\n|\n|-weather|RainDance|[upkeep]\n|-heal|p2a: The warrior|100\/100 tox|[from] item: Leftovers\n|-damage|p2a: The warrior|94\/100 tox|[from] psn\n|upkeep\n|turn|15\n|\n|t:|1700435355\n|-terastallize|p2a: The warrior|Fire\n|move|p1a: Kyogre|Water Spout|p2a: The warrior\n|-supereffective|p2a: The warrior\n|-damage|p2a: The warrior|0 fnt\n|faint|p2a: The warrior\n|-end|p2a: The warrior|Quark Drive|[silent]\n|\n|-weather|RainDance|[upkeep]\n|upkeep\n|\n|t:|1700435368\n|switch|p2a: Fake misdrevus|Flutter Mane|100\/100\n|-damage|p2a: Fake misdrevus|88\/100|[from] Stealth Rock\n|turn|16\n|\n|t:|1700435376\n|move|p1a: Kyogre|Water Spout|p2a: Fake misdrevus\n|-damage|p2a: Fake misdrevus|0 fnt\n|faint|p2a: Fake misdrevus\n|-end|p2a: Fake misdrevus|Protosynthesis|[silent]\n|\n|-weather|RainDance|[upkeep]\n|upkeep\n|\n|t:|1700435388\n|switch|p2a: Fire moth|Volcarona, M|100\/100\n|-damage|p2a: Fire moth|51\/100|[from] Stealth Rock\n|turn|17\n|\n|t:|1700435403\n|move|p1a: Kyogre|Water Spout|p2a: Fire moth\n|-supereffective|p2a: Fire moth\n|-damage|p2a: Fire moth|0 fnt\n|faint|p2a: Fire moth\n|\n|win|trotman\n|raw|trotman's rating: 1167 &rarr; <strong>1193<\/strong><br \/>(+26 for winning)\n|raw|Daxyel13's rating: 1175 &rarr; <strong>1149<\/strong><br \/>(-26 for losing)\n|l|\u2606Daxyel13\n","uploadtime":1700435418,"views":1,"p1id":"trotman","p2id":"daxyel13","formatid":"gen9anythinggoes","rating":1149,"private":0,"password":""}