{"id":"gen9anythinggoes-1994794445","p1":"jb291","p2":"cuitkkl","format":"[Gen 9] Anything Goes","log":"|j|\u2606jb291\n|j|\u2606cuitkkl\n|inactive|Battle timer is ON: inactive players will automatically lose when time's up.\n|t:|1700493428\n|gametype|singles\n|player|p1|jb291|korrina-masters|\n|player|p2|cuitkkl|ingo|\n|teamsize|p1|6\n|teamsize|p2|6\n|gen|9\n|tier|[Gen 9] Anything Goes\n|rated|Tournament battle\n|rule|HP Percentage Mod: HP is shown in percentages\n|rule|Endless Battle Clause: Forcing endless battles is banned\n|rule|Re-Evolution Mod: Pok\u00e9mon gain the boosts they would gain from evolving again\n|rule|Sleep Moves Clause: Sleep-inducing moves are banned\n|rule|Species Clause: Limit one of each Pok\u00e9mon\n|rule|OHKO Clause: OHKO moves are banned\n|rule|Evasion Moves Clause: Evasion moves are banned\n|rule|Terastal Clause: You cannot Terastallize\n|clearpoke\n|poke|p1|Umbreon, M|\n|poke|p1|Clodsire, F|\n|poke|p1|Toxapex, M|\n|poke|p1|Garganacl, M|\n|poke|p1|Corviknight, M|\n|poke|p1|Dipplin, F|\n|poke|p2|Garchomp, F|\n|poke|p2|Vaporeon, F|\n|poke|p2|Ninetales-Alola, F|\n|poke|p2|Gallade, M|\n|poke|p2|Espathra, M|\n|poke|p2|Annihilape, M|\n|teampreview\n|inactive|jb291 also wants the timer to be on.\n|j| sonnymew\n|\n|t:|1700493440\n|start\n|switch|p1a: Toxapex|Toxapex, M|100\/100\n|switch|p2a: Ninetales|Ninetales-Alola, F|100\/100\n|-weather|Snow|[from] ability: Snow Warning|[of] p2a: Ninetales\n|turn|1\n|c|\u2606cuitkkl|!reevo toxapex\n|raw|<div class=\"message\"><ul class=\"utilichart\"><li class=\"result\"><span class=\"col numcol\">OU<\/span> <span class=\"col iconcol\"><psicon pokemon=\"toxapex\"\/><\/span> <span class=\"col pokemonnamecol\" style=\"white-space:nowrap\"><a href=\"https:\/\/dex.pokemonshowdown.com\/pokemon\/toxapex\" target=\"_blank\">Toxapex<\/a><\/span> <span class=\"col typecol\"><img src=\"https:\/\/play.pokemonshowdown.com\/sprites\/types\/Poison.png\" alt=\"Poison\" height=\"14\" width=\"32\"><img src=\"https:\/\/play.pokemonshowdown.com\/sprites\/types\/Water.png\" alt=\"Water\" height=\"14\" width=\"32\"><\/span> <span style=\"float:left;min-height:26px\"><span class=\"col twoabilitycol\">Merciless<br \/>Limber<\/span><span class=\"col abilitycol\"><em>Regenerator<\/em><\/span><\/span><span style=\"float:left;min-height:26px\"><span class=\"col statcol\"><em>HP<\/em><br \/>50<\/span> <span class=\"col statcol\"><em>Atk<\/em><br \/>73<\/span> <span class=\"col statcol\"><em>Def<\/em><br \/>242<\/span> <span class=\"col statcol\"><em>SpA<\/em><br \/>63<\/span> <span class=\"col statcol\"><em>SpD<\/em><br \/>232<\/span> <span class=\"col statcol\"><em>Spe<\/em><br \/>25<\/span> <span class=\"col bstcol\"><em>BST<br \/>685<\/em><\/span> <\/span><\/li><li style=\"clear:both\"><\/li><\/ul><\/div>\n|\n|t:|1700493449\n|move|p2a: Ninetales|Aurora Veil|p2a: Ninetales\n|-sidestart|p2: cuitkkl|move: Aurora Veil\n|move|p1a: Toxapex|Toxic Spikes|p2a: Ninetales\n|-sidestart|p2: cuitkkl|move: Toxic Spikes\n|\n|-weather|Snow|[upkeep]\n|upkeep\n|turn|2\n|\n|t:|1700493451\n|move|p2a: Ninetales|Encore|p1a: Toxapex\n|-start|p1a: Toxapex|Encore\n|move|p1a: Toxapex|Toxic Spikes|p2a: Ninetales\n|-sidestart|p2: cuitkkl|move: Toxic Spikes\n|\n|-weather|Snow|[upkeep]\n|upkeep\n|turn|3\n|\n|t:|1700493454\n|switch|p1a: Garganacl|Garganacl, M|100\/100\n|move|p2a: Ninetales|Freeze-Dry|p1a: Garganacl\n|-damage|p1a: Garganacl|88\/100\n|\n|-weather|Snow|[upkeep]\n|-heal|p1a: Garganacl|95\/100|[from] item: Leftovers\n|upkeep\n|turn|4\n|j|#KaenSoul\n|\n|t:|1700493469\n|move|p2a: Ninetales|Freeze-Dry|p1a: Garganacl\n|-damage|p1a: Garganacl|82\/100\n|move|p1a: Garganacl|Stealth Rock|p2a: Ninetales\n|-sidestart|p2: cuitkkl|move: Stealth Rock\n|\n|-weather|Snow|[upkeep]\n|-heal|p1a: Garganacl|88\/100|[from] item: Leftovers\n|upkeep\n|turn|5\n|\n|t:|1700493473\n|switch|p1a: Clodsire|Clodsire, F|100\/100\n|move|p2a: Ninetales|Freeze-Dry|p1a: Clodsire\n|-supereffective|p1a: Clodsire\n|-damage|p1a: Clodsire|85\/100\n|\n|-weather|none\n|-heal|p1a: Clodsire|92\/100|[from] item: Leftovers\n|upkeep\n|turn|6\n|\n|t:|1700493491\n|switch|p2a: Gallade|Gallade, M|100\/100\n|-status|p2a: Gallade|tox\n|-damage|p2a: Gallade|94\/100 tox|[from] Stealth Rock\n|move|p1a: Clodsire|Spikes|p2a: Gallade\n|-sidestart|p2: cuitkkl|Spikes\n|\n|-heal|p1a: Clodsire|98\/100|[from] item: Leftovers\n|-damage|p2a: Gallade|88\/100 tox|[from] psn\n|upkeep\n|turn|7\n|\n|t:|1700493498\n|switch|p1a: Dipplin|Dipplin, F|100\/100\n|move|p2a: Gallade|Sacred Sword|p1a: Dipplin\n|-damage|p1a: Dipplin|70\/100\n|\n|-damage|p2a: Gallade|76\/100 tox|[from] psn\n|upkeep\n|turn|8\n|\n|t:|1700493515\n|switch|p2a: Vaporeon|Vaporeon, F|100\/100\n|move|p1a: Dipplin|Recover|p1a: Dipplin\n|-heal|p1a: Dipplin|100\/100\n|\n|-sideend|p2: cuitkkl|move: Aurora Veil\n|upkeep\n|turn|9\n|\n|t:|1700493523\n|switch|p1a: Umbreon|Umbreon, M|100\/100\n|move|p2a: Vaporeon|Ice Beam|p1a: Umbreon\n|-damage|p1a: Umbreon|87\/100\n|\n|-heal|p1a: Umbreon|93\/100|[from] item: Leftovers\n|upkeep\n|turn|10\n|\n|t:|1700493526\n|move|p2a: Vaporeon|Scald|p1a: Umbreon\n|-damage|p1a: Umbreon|76\/100\n|move|p1a: Umbreon|Toxic|p2a: Vaporeon\n|-status|p2a: Vaporeon|tox\n|\n|-heal|p1a: Umbreon|82\/100|[from] item: Leftovers\n|-damage|p2a: Vaporeon|94\/100 tox|[from] psn\n|upkeep\n|turn|11\n|\n|t:|1700493532\n|switch|p1a: Clodsire|Clodsire, F|98\/100\n|move|p2a: Vaporeon|Scald|p1a: Clodsire\n|-supereffective|p1a: Clodsire\n|-damage|p1a: Clodsire|76\/100\n|\n|-heal|p1a: Clodsire|82\/100|[from] item: Leftovers\n|-damage|p2a: Vaporeon|82\/100 tox|[from] psn\n|upkeep\n|turn|12\n|\n|t:|1700493536\n|move|p2a: Vaporeon|Scald|p1a: Clodsire\n|-supereffective|p1a: Clodsire\n|-damage|p1a: Clodsire|57\/100\n|-status|p1a: Clodsire|brn\n|move|p1a: Clodsire|Spikes|p2a: Vaporeon\n|-sidestart|p2: cuitkkl|Spikes\n|\n|-heal|p1a: Clodsire|63\/100 brn|[from] item: Leftovers\n|-damage|p2a: Vaporeon|63\/100 tox|[from] psn\n|-damage|p1a: Clodsire|57\/100 brn|[from] brn\n|upkeep\n|turn|13\n|\n|t:|1700493546\n|switch|p2a: Garchomp|Garchomp, F|100\/100\n|-status|p2a: Garchomp|tox\n|-damage|p2a: Garchomp|94\/100 tox|[from] Stealth Rock\n|-damage|p2a: Garchomp|78\/100 tox|[from] Spikes\n|move|p1a: Clodsire|Spikes|p2a: Garchomp\n|-sidestart|p2: cuitkkl|Spikes\n|\n|-heal|p1a: Clodsire|63\/100 brn|[from] item: Leftovers\n|-damage|p2a: Garchomp|72\/100 tox|[from] psn\n|-damage|p1a: Clodsire|57\/100 brn|[from] brn\n|upkeep\n|turn|14\n|\n|t:|1700493553\n|switch|p1a: Corviknight|Corviknight, M|100\/100\n|-ability|p1a: Corviknight|Pressure\n|move|p2a: Garchomp|Swords Dance|p2a: Garchomp\n|-boost|p2a: Garchomp|atk|2\n|\n|-damage|p2a: Garchomp|59\/100 tox|[from] psn\n|upkeep\n|turn|15\n|c|\u2606cuitkkl|why not water absorb?\n|\n|t:|1700493563\n|move|p2a: Garchomp|Fire Blast|p1a: Corviknight\n|-supereffective|p1a: Corviknight\n|-damage|p1a: Corviknight|52\/100\n|-damage|p2a: Garchomp|49\/100 tox|[from] item: Life Orb\n|move|p1a: Corviknight|Iron Defense|p1a: Corviknight\n|-boost|p1a: Corviknight|def|2\n|\n|-heal|p1a: Corviknight|58\/100|[from] item: Leftovers\n|-damage|p2a: Garchomp|31\/100 tox|[from] psn\n|upkeep\n|turn|16\n|\n|t:|1700493566\n|move|p2a: Garchomp|Fire Blast|p1a: Corviknight\n|-supereffective|p1a: Corviknight\n|-damage|p1a: Corviknight|5\/100\n|-damage|p2a: Garchomp|21\/100 tox|[from] item: Life Orb\n|move|p1a: Corviknight|Roost|p1a: Corviknight\n|-heal|p1a: Corviknight|55\/100\n|-singleturn|p1a: Corviknight|move: Roost\n|\n|-heal|p1a: Corviknight|62\/100|[from] item: Leftovers\n|-damage|p2a: Garchomp|0 fnt|[from] psn\n|faint|p2a: Garchomp\n|upkeep\n|\n|t:|1700493579\n|switch|p2a: Annihilape|Annihilape, M|100\/100\n|-status|p2a: Annihilape|tox\n|-damage|p2a: Annihilape|94\/100 tox|[from] Stealth Rock\n|-damage|p2a: Annihilape|69\/100 tox|[from] Spikes\n|turn|17\n|c| sonnymew|fireblast and sd is an interesting combination\n|\n|t:|1700493590\n|move|p2a: Annihilape|Bulk Up|p2a: Annihilape\n|-boost|p2a: Annihilape|atk|1\n|-boost|p2a: Annihilape|def|1\n|move|p1a: Corviknight|Brave Bird|p2a: Annihilape\n|-supereffective|p2a: Annihilape\n|-damage|p2a: Annihilape|31\/100 tox\n|-damage|p1a: Corviknight|47\/100|[from] Recoil\n|\n|-heal|p2a: Annihilape|37\/100 tox|[from] item: Leftovers\n|-heal|p1a: Corviknight|53\/100|[from] item: Leftovers\n|-damage|p2a: Annihilape|31\/100 tox|[from] psn\n|upkeep\n|turn|18\n|c|\u2606cuitkkl|it has scale shot and earthquake\n|\n|t:|1700493607\n|move|p2a: Annihilape|Thunder Punch|p1a: Corviknight\n|-supereffective|p1a: Corviknight\n|-damage|p1a: Corviknight|41\/100\n|move|p1a: Corviknight|Brave Bird|p2a: Annihilape\n|-supereffective|p2a: Annihilape\n|-damage|p2a: Annihilape|0 fnt\n|faint|p2a: Annihilape\n|-damage|p1a: Corviknight|30\/100|[from] Recoil\n|\n|-heal|p1a: Corviknight|36\/100|[from] item: Leftovers\n|upkeep\n|c|\u2606cuitkkl|I can't break this\n|-message|cuitkkl forfeited.\n|\n|win|jb291\n|n|\u2606jb291|jb291\n|n|\u2606cuitkkl|cuitkkl\n|n| sonnymew|sonnymew\n|n|+KaenSoul|kaensoul\n","uploadtime":1700493627,"views":13,"p1id":"jb291","p2id":"cuitkkl","formatid":"gen9anythinggoes","rating":0,"private":0,"password":""}