{"id":"gen9anythinggoes-1997491336","p1":"TwoPercent57","p2":"SkyKai","format":"[Gen 9] Anything Goes","log":"|j|\u2606TwoPercent57\n|j|\u2606SkyKai\n|t:|1700814618\n|gametype|singles\n|player|p1|TwoPercent57|shauntal|1211\n|player|p2|SkyKai|pokemonrangerf|1247\n|teamsize|p1|6\n|teamsize|p2|6\n|gen|9\n|tier|[Gen 9] Anything Goes\n|rated|\n|rule|HP Percentage Mod: HP is shown in percentages\n|rule|Endless Battle Clause: Forcing endless battles is banned\n|clearpoke\n|poke|p1|Meowscarada, F|\n|poke|p1|Annihilape, M|\n|poke|p1|Amoonguss, M|\n|poke|p1|Dragonite, M|\n|poke|p1|Zacian-*|\n|poke|p1|Pawmot, M|\n|poke|p2|Kyogre|\n|poke|p2|Azumarill, M|\n|poke|p2|Vaporeon, F|\n|poke|p2|Cloyster, F|\n|poke|p2|Quagsire, F|\n|poke|p2|Slowking, M|\n|teampreview\n|inactive|Battle timer is ON: inactive players will automatically lose when time's up. (requested by SkyKai)\n|\n|t:|1700814637\n|start\n|switch|p1a: Zacian|Zacian-Crowned, shiny|100\/100\n|switch|p2a: Slowking|Slowking, M|100\/100\n|-ability|p1a: Zacian|Intrepid Sword|boost\n|-boost|p1a: Zacian|atk|1\n|turn|1\n|\n|t:|1700814653\n|move|p1a: Zacian|Behemoth Blade|p2a: Slowking\n|-resisted|p2a: Slowking\n|-damage|p2a: Slowking|42\/100\n|move|p2a: Slowking|Yawn|p1a: Zacian\n|-start|p1a: Zacian|move: Yawn|[of] p2a: Slowking\n|\n|-heal|p2a: Slowking|48\/100|[from] item: Leftovers\n|upkeep\n|turn|2\n|\n|t:|1700814663\n|move|p1a: Zacian|Behemoth Blade|p2a: Slowking\n|-resisted|p2a: Slowking\n|-damage|p2a: Slowking|0 fnt\n|faint|p2a: Slowking\n|\n|-end|p1a: Zacian|move: Yawn|[silent]\n|-status|p1a: Zacian|slp\n|upkeep\n|\n|t:|1700814670\n|switch|p2a: Vaporeon|Vaporeon, F|100\/100\n|turn|3\n|\n|t:|1700814679\n|switch|p1a: Meowscarada|Meowscarada, F, shiny|100\/100\n|move|p2a: Vaporeon|Substitute|p2a: Vaporeon\n|-start|p2a: Vaporeon|Substitute\n|-damage|p2a: Vaporeon|76\/100\n|\n|upkeep\n|turn|4\n|\n|t:|1700814686\n|move|p1a: Meowscarada|Taunt|p2a: Vaporeon\n|-start|p2a: Vaporeon|move: Taunt\n|cant|p2a: Vaporeon|move: Taunt|Yawn\n|\n|upkeep\n|turn|5\n|c|\u2606TwoPercent57|A monotype water sleep team\u2026\n|c|\u2606TwoPercent57|Very interesting, SkyKai\n|\n|t:|1700814714\n|move|p1a: Meowscarada|Spikes|p2a: Vaporeon\n|-sidestart|p2: SkyKai|Spikes\n|-activate|p2a: Vaporeon|move: Struggle\n|move|p2a: Vaporeon|Struggle|p1a: Meowscarada\n|-damage|p1a: Meowscarada|92\/100\n|-damage|p2a: Vaporeon|51\/100|[from] recoil\n|\n|upkeep\n|turn|6\n|\n|t:|1700814724\n|move|p1a: Meowscarada|Spikes|p2a: Vaporeon\n|-sidestart|p2: SkyKai|Spikes\n|-activate|p2a: Vaporeon|move: Struggle\n|move|p2a: Vaporeon|Struggle|p1a: Meowscarada\n|-damage|p1a: Meowscarada|82\/100\n|-damage|p2a: Vaporeon|26\/100|[from] recoil\n|\n|-end|p2a: Vaporeon|move: Taunt\n|upkeep\n|turn|7\n|\n|t:|1700814734\n|move|p1a: Meowscarada|Taunt|p2a: Vaporeon\n|-start|p2a: Vaporeon|move: Taunt\n|cant|p2a: Vaporeon|move: Taunt|Yawn\n|\n|upkeep\n|turn|8\n|inactive|TwoPercent57 has 120 seconds left.\n|inactive|TwoPercent57 has 90 seconds left.\n|\n|t:|1700814790\n|switch|p1a: Dragonite|Dragonite, M|100\/100\n|-activate|p2a: Vaporeon|move: Struggle\n|move|p2a: Vaporeon|Struggle|p1a: Dragonite\n|-damage|p1a: Dragonite|97\/100\n|-damage|p2a: Vaporeon|1\/100|[from] recoil\n|\n|-heal|p1a: Dragonite|100\/100|[from] item: Leftovers\n|upkeep\n|turn|9\n|\n|t:|1700814801\n|move|p1a: Dragonite|Dragon Dance|p1a: Dragonite\n|-boost|p1a: Dragonite|atk|1\n|-boost|p1a: Dragonite|spe|1\n|-activate|p2a: Vaporeon|move: Struggle\n|move|p2a: Vaporeon|Struggle|p1a: Dragonite\n|-damage|p1a: Dragonite|97\/100\n|-damage|p2a: Vaporeon|0 fnt|[from] recoil\n|faint|p2a: Vaporeon\n|\n|-heal|p1a: Dragonite|100\/100|[from] item: Leftovers\n|upkeep\n|\n|t:|1700814812\n|switch|p2a: Quagsire|Quagsire, F|100\/100\n|-damage|p2a: Quagsire|84\/100|[from] Spikes\n|turn|10\n|\n|t:|1700814823\n|move|p1a: Dragonite|Dragon Dance|p1a: Dragonite\n|-boost|p1a: Dragonite|atk|1\n|-boost|p1a: Dragonite|spe|1\n|move|p2a: Quagsire|Toxic|p1a: Dragonite\n|-status|p1a: Dragonite|tox\n|\n|-heal|p2a: Quagsire|90\/100|[from] item: Leftovers\n|-damage|p1a: Dragonite|94\/100 tox|[from] psn\n|upkeep\n|turn|11\n|\n|t:|1700814834\n|move|p1a: Dragonite|Extreme Speed|p2a: Quagsire\n|-damage|p2a: Quagsire|70\/100\n|move|p2a: Quagsire|Recover|p2a: Quagsire\n|-heal|p2a: Quagsire|100\/100\n|\n|-heal|p1a: Dragonite|100\/100 tox|[from] item: Leftovers\n|-damage|p1a: Dragonite|88\/100 tox|[from] psn\n|upkeep\n|turn|12\n|\n|t:|1700814846\n|move|p1a: Dragonite|Dragon Dance|p1a: Dragonite\n|-boost|p1a: Dragonite|atk|1\n|-boost|p1a: Dragonite|spe|1\n|move|p2a: Quagsire|Recover||[still]\n|-fail|p2a: Quagsire|heal\n|\n|-heal|p1a: Dragonite|94\/100 tox|[from] item: Leftovers\n|-damage|p1a: Dragonite|76\/100 tox|[from] psn\n|upkeep\n|turn|13\n|\n|t:|1700814858\n|move|p1a: Dragonite|Dragon Dance|p1a: Dragonite\n|-boost|p1a: Dragonite|atk|1\n|-boost|p1a: Dragonite|spe|1\n|move|p2a: Quagsire|Brick Break|p1a: Dragonite\n|-resisted|p1a: Dragonite\n|-damage|p1a: Dragonite|68\/100 tox\n|\n|-heal|p1a: Dragonite|74\/100 tox|[from] item: Leftovers\n|-damage|p1a: Dragonite|49\/100 tox|[from] psn\n|upkeep\n|turn|14\n|\n|t:|1700814872\n|-terastallize|p1a: Dragonite|Flying\n|move|p1a: Dragonite|Tera Blast|p2a: Quagsire|[anim] Tera Blast Flying\n|-damage|p2a: Quagsire|56\/100\n|move|p2a: Quagsire|Brick Break|p1a: Dragonite\n|-resisted|p1a: Dragonite\n|-damage|p1a: Dragonite|42\/100 tox\n|\n|-heal|p1a: Dragonite|48\/100 tox|[from] item: Leftovers\n|-heal|p2a: Quagsire|62\/100|[from] item: Leftovers\n|-damage|p1a: Dragonite|17\/100 tox|[from] psn\n|upkeep\n|turn|15\n|\n|t:|1700814887\n|move|p1a: Dragonite|Roost|p1a: Dragonite\n|-heal|p1a: Dragonite|67\/100 tox\n|-hint|If a Flying Terastallized Pokemon uses Roost, it remains Flying-type.\n|move|p2a: Quagsire|Haze|p2a: Quagsire\n|-clearallboost\n|\n|-heal|p1a: Dragonite|73\/100 tox|[from] item: Leftovers\n|-heal|p2a: Quagsire|69\/100|[from] item: Leftovers\n|-damage|p1a: Dragonite|36\/100 tox|[from] psn\n|upkeep\n|turn|16\n|\n|t:|1700814901\n|move|p1a: Dragonite|Tera Blast|p2a: Quagsire|[anim] Tera Blast Flying\n|-damage|p2a: Quagsire|21\/100\n|move|p2a: Quagsire|Recover|p2a: Quagsire\n|-heal|p2a: Quagsire|71\/100\n|\n|-heal|p1a: Dragonite|42\/100 tox|[from] item: Leftovers\n|-heal|p2a: Quagsire|77\/100|[from] item: Leftovers\n|-damage|p1a: Dragonite|0 fnt|[from] psn\n|faint|p1a: Dragonite\n|upkeep\n|\n|t:|1700814911\n|switch|p1a: Meowscarada|Meowscarada, F, shiny|82\/100\n|turn|17\n|\n|t:|1700814916\n|-terastallize|p2a: Quagsire|Grass\n|move|p1a: Meowscarada|Taunt|p2a: Quagsire\n|-start|p2a: Quagsire|move: Taunt\n|cant|p2a: Quagsire|move: Taunt|Toxic\n|\n|-heal|p2a: Quagsire|83\/100|[from] item: Leftovers\n|upkeep\n|turn|18\n|inactive|TwoPercent57 has 120 seconds left.\n|\n|t:|1700814926\n|move|p1a: Meowscarada|Knock Off|p2a: Quagsire\n|-damage|p2a: Quagsire|53\/100\n|-enditem|p2a: Quagsire|Leftovers|[from] move: Knock Off|[of] p1a: Meowscarada\n|move|p2a: Quagsire|Brick Break|p1a: Meowscarada\n|-supereffective|p1a: Meowscarada\n|-damage|p1a: Meowscarada|33\/100\n|\n|upkeep\n|turn|19\n|inactive|TwoPercent57 has 120 seconds left.\n|\n|t:|1700814939\n|switch|p1a: Annihilape|Annihilape, M|100\/100\n|move|p2a: Quagsire|Brick Break|p1a: Annihilape\n|-immune|p1a: Annihilape\n|\n|-end|p2a: Quagsire|move: Taunt\n|upkeep\n|turn|20\n|inactive|TwoPercent57 has 120 seconds left.\n|\n|t:|1700814950\n|move|p1a: Annihilape|Ice Punch|p2a: Quagsire\n|-supereffective|p2a: Quagsire\n|-damage|p2a: Quagsire|18\/100\n|-status|p2a: Quagsire|frz\n|cant|p2a: Quagsire|frz\n|\n|upkeep\n|turn|21\n|\n|t:|1700814959\n|move|p1a: Annihilape|Bulk Up|p1a: Annihilape\n|-boost|p1a: Annihilape|atk|1\n|-boost|p1a: Annihilape|def|1\n|cant|p2a: Quagsire|frz\n|\n|upkeep\n|turn|22\n|\n|t:|1700814966\n|move|p1a: Annihilape|Ice Punch|p2a: Quagsire\n|-supereffective|p2a: Quagsire\n|-damage|p2a: Quagsire|0 fnt\n|faint|p2a: Quagsire\n|\n|upkeep\n|\n|t:|1700814972\n|switch|p2a: Cloyster|Cloyster, F|100\/100\n|-damage|p2a: Cloyster|84\/100|[from] Spikes\n|turn|23\n|\n|t:|1700814976\n|move|p2a: Cloyster|Shell Smash|p2a: Cloyster\n|-unboost|p2a: Cloyster|def|1\n|-unboost|p2a: Cloyster|spd|1\n|-boost|p2a: Cloyster|atk|2\n|-boost|p2a: Cloyster|spa|2\n|-boost|p2a: Cloyster|spe|2\n|move|p1a: Annihilape|Drain Punch|p2a: Cloyster\n|-supereffective|p2a: Cloyster\n|-damage|p2a: Cloyster|0 fnt\n|faint|p2a: Cloyster\n|\n|upkeep\n|\n|t:|1700814986\n|switch|p2a: Azumarill|Azumarill, M, shiny|100\/100\n|-damage|p2a: Azumarill|84\/100|[from] Spikes\n|turn|24\n|\n|t:|1700814992\n|move|p1a: Annihilape|Bulk Up|p1a: Annihilape\n|-boost|p1a: Annihilape|atk|1\n|-boost|p1a: Annihilape|def|1\n|move|p2a: Azumarill|Belly Drum|p2a: Azumarill\n|-damage|p2a: Azumarill|34\/100\n|-setboost|p2a: Azumarill|atk|6|[from] move: Belly Drum\n|\n|upkeep\n|turn|25\n|\n|t:|1700815012\n|move|p2a: Azumarill|Aqua Jet|p1a: Annihilape\n|-damage|p1a: Annihilape|56\/100\n|move|p1a: Annihilape|Rage Fist|p2a: Azumarill\n|-damage|p2a: Azumarill|0 fnt\n|faint|p2a: Azumarill\n|\n|-heal|p1a: Annihilape|63\/100|[from] item: Leftovers\n|upkeep\n|\n|t:|1700815023\n|switch|p2a: Kyogre|Kyogre|100\/100\n|-damage|p2a: Kyogre|84\/100|[from] Spikes\n|-weather|RainDance|[from] ability: Drizzle|[of] p2a: Kyogre\n|turn|26\n|c|\u2606TwoPercent57|Why send out your rain setter last?\n|\n|t:|1700815038\n|move|p2a: Kyogre|Ice Beam|p1a: Annihilape\n|-damage|p1a: Annihilape|32\/100\n|-status|p1a: Annihilape|frz\n|cant|p1a: Annihilape|frz\n|\n|-weather|RainDance|[upkeep]\n|-heal|p1a: Annihilape|38\/100 frz|[from] item: Leftovers\n|upkeep\n|turn|27\n|c|\u2606TwoPercent57|DOUBLE FREEZE LMAO\n|\n|t:|1700815051\n|move|p2a: Kyogre|Calm Mind|p2a: Kyogre\n|-boost|p2a: Kyogre|spa|1\n|-boost|p2a: Kyogre|spd|1\n|cant|p1a: Annihilape|frz\n|\n|-weather|RainDance|[upkeep]\n|-heal|p1a: Annihilape|44\/100 frz|[from] item: Leftovers\n|upkeep\n|turn|28\n|\n|t:|1700815059\n|switch|p1a: Meowscarada|Meowscarada, F, shiny|33\/100\n|move|p2a: Kyogre|Calm Mind|p2a: Kyogre\n|-boost|p2a: Kyogre|spa|1\n|-boost|p2a: Kyogre|spd|1\n|\n|-weather|RainDance|[upkeep]\n|upkeep\n|turn|29\n|\n|t:|1700815067\n|move|p1a: Meowscarada|Taunt|p2a: Kyogre\n|-start|p2a: Kyogre|move: Taunt\n|move|p2a: Kyogre|Ice Beam|p1a: Meowscarada\n|-supereffective|p1a: Meowscarada\n|-damage|p1a: Meowscarada|0 fnt\n|faint|p1a: Meowscarada\n|\n|-weather|RainDance|[upkeep]\n|upkeep\n|\n|t:|1700815086\n|switch|p1a: Amoonguss|Amoonguss, M|100\/100\n|turn|30\n|c|\u2606SkyKai|The boost probably makes sense\n|c|\u2606SkyKai|not able to use Kingdra in this gen\n|\n|t:|1700815110\n|move|p2a: Kyogre|Ice Beam|p1a: Amoonguss\n|-supereffective|p1a: Amoonguss\n|-crit|p1a: Amoonguss\n|-damage|p1a: Amoonguss|0 fnt\n|faint|p1a: Amoonguss\n|\n|-weather|none\n|upkeep\n|\n|t:|1700815127\n|switch|p1a: Pawmot|Pawmot, M|100\/100\n|turn|31\n|\n|t:|1700815134\n|move|p1a: Pawmot|Fake Out|p2a: Kyogre\n|-damage|p2a: Kyogre|72\/100\n|cant|p2a: Kyogre|flinch\n|\n|-end|p2a: Kyogre|move: Taunt\n|upkeep\n|turn|32\n|\n|t:|1700815141\n|move|p1a: Pawmot|Revival Blessing|p1a: Pawmot\n|\n|t:|1700815143\n|-heal|p1: Meowscarada|50\/100|[from] move: Revival Blessing\n|move|p2a: Kyogre|Origin Pulse|p1a: Pawmot\n|-enditem|p1a: Pawmot|Focus Sash\n|-damage|p1a: Pawmot|1\/100\n|\n|upkeep\n|turn|33\n|c|\u2606SkyKai|That\u2019s interesting, never seen revival used before\n|\n|t:|1700815173\n|move|p1a: Pawmot|Double Shock|p2a: Kyogre\n|-supereffective|p2a: Kyogre\n|-damage|p2a: Kyogre|0 fnt\n|-start|p1a: Pawmot|typechange|???\/Fighting|[from] move: Double Shock\n|faint|p2a: Kyogre\n|\n|win|TwoPercent57\n|raw|TwoPercent57's rating: 1211 &rarr; <strong>1239<\/strong><br \/>(+28 for winning)\n|raw|SkyKai's rating: 1247 &rarr; <strong>1219<\/strong><br \/>(-28 for losing)\n|c|\u2606TwoPercent57|gg\n|l|\u2606SkyKai\n","uploadtime":1700815197,"views":1,"p1id":"twopercent57","p2id":"skykai","formatid":"gen9anythinggoes","rating":1219,"private":0,"password":""}