{"id":"gen9anythinggoes-1984031187","p1":"Genesis94","p2":"Nrox","format":"[Gen 9] Anything Goes","log":"|j|\u2606Genesis94\n|j|\u2606Nrox\n|t:|1699211602\n|gametype|singles\n|player|p1|Genesis94|cyrus|\n|player|p2|Nrox|n|\n|teamsize|p1|6\n|teamsize|p2|6\n|gen|9\n|tier|[Gen 9] Anything Goes\n|rule|HP Percentage Mod: HP is shown in percentages\n|rule|Endless Battle Clause: Forcing endless battles is banned\n|clearpoke\n|poke|p1|Torterra, M|\n|poke|p1|Milotic, M|\n|poke|p1|Magearna|\n|poke|p1|Glimmora, F|\n|poke|p1|Talonflame, M|\n|poke|p1|Ogerpon-Hearthflame, F|\n|poke|p2|Ditto|\n|poke|p2|Volcanion|\n|poke|p2|Donphan, M|\n|poke|p2|Clefable, M|\n|poke|p2|Hariyama, F|\n|poke|p2|Zapdos|\n|teampreview\n|c|\u2606Nrox|gl hf\n|c|\u2606Nrox|auf ein geiles freundschaftsmatch\n|c|\u2606Nrox|https:\/\/www.youtube.com\/watch?v=PS-VoMqOCc8&list=WL&index=1\n|c|\u2606Nrox|f\u00fcrn vibe haha\n|j| michpanta\n|c|\u2606Genesis94|Gl hf\n|\n|t:|1699211717\n|start\n|switch|p1a: Tsunade|Milotic, M|100\/100\n|switch|p2a: Ditto|Ditto|100\/100\n|-transform|p2a: Ditto|p1a: Tsunade|[from] ability: Imposter\n|turn|1\n|\n|t:|1699211755\n|switch|p2a: Volcanion|Volcanion|100\/100\n|move|p1a: Tsunade|Flip Turn|p2a: Volcanion\n|-immune|p2a: Volcanion|[from] ability: Water Absorb\n|\n|-status|p1a: Tsunade|brn|[from] item: Flame Orb\n|upkeep\n|turn|2\n|\n|t:|1699211805\n|switch|p2a: blissey|Clefable, M|100\/100\n|move|p1a: Tsunade|Mirror Coat||[still]\n|-fail|p1a: Tsunade\n|\n|-damage|p1a: Tsunade|94\/100 brn|[from] brn\n|upkeep\n|turn|3\n|\n|t:|1699211817\n|switch|p1a: Hinata|Magearna|100\/100\n|move|p2a: blissey|Light Screen|p2a: blissey\n|-sidestart|p2: Nrox|move: Light Screen\n|\n|upkeep\n|turn|4\n|\n|t:|1699211826\n|switch|p2a: Donphan|Donphan, M|100\/100\n|move|p1a: Hinata|Encore||[still]\n|-fail|p1a: Hinata\n|\n|upkeep\n|turn|5\n|\n|t:|1699211843\n|switch|p1a: Rock Lee|Torterra, M|100\/100\n|move|p2a: Donphan|Stealth Rock|p1a: Rock Lee\n|-sidestart|p1: Genesis94|move: Stealth Rock\n|\n|upkeep\n|turn|6\n|\n|t:|1699211859\n|move|p1a: Rock Lee|Leech Seed|p2a: Donphan|[miss]\n|-miss|p1a: Rock Lee|p2a: Donphan\n|move|p2a: Donphan|Knock Off|p1a: Rock Lee\n|-damage|p1a: Rock Lee|82\/100\n|-enditem|p1a: Rock Lee|Covert Cloak|[from] move: Knock Off|[of] p2a: Donphan\n|\n|upkeep\n|turn|7\n|\n|t:|1699211898\n|switch|p2a: blissey|Clefable, M|100\/100\n|move|p1a: Rock Lee|Leech Seed|p2a: blissey\n|-start|p2a: blissey|move: Leech Seed\n|\n|-damage|p2a: blissey|88\/100|[from] Leech Seed|[of] p1a: Rock Lee\n|-heal|p1a: Rock Lee|95\/100|[silent]\n|upkeep\n|turn|8\n|\n|t:|1699211908\n|switch|p1a: Hinata|Magearna|100\/100\n|-damage|p1a: Hinata|94\/100|[from] Stealth Rock\n|move|p2a: blissey|Reflect|p2a: blissey\n|-sidestart|p2: Nrox|Reflect\n|\n|-heal|p1a: Hinata|100\/100|[from] item: Leftovers\n|-damage|p2a: blissey|76\/100|[from] Leech Seed|[of] p1a: Hinata\n|upkeep\n|turn|9\n|\n|t:|1699211923\n|switch|p2a: Donphan|Donphan, M|100\/100\n|move|p1a: Hinata|Spikes|p2a: Donphan\n|-sidestart|p2: Nrox|Spikes\n|\n|upkeep\n|turn|10\n|\n|t:|1699211933\n|switch|p1a: Rock Lee|Torterra, M|95\/100\n|-damage|p1a: Rock Lee|89\/100|[from] Stealth Rock\n|move|p2a: Donphan|Knock Off|p1a: Rock Lee\n|-damage|p1a: Rock Lee|75\/100\n|\n|-sideend|p2: Nrox|move: Light Screen\n|upkeep\n|turn|11\n|\n|t:|1699211941\n|move|p1a: Rock Lee|Giga Drain|p2a: Donphan\n|-supereffective|p2a: Donphan\n|-crit|p2a: Donphan\n|-damage|p2a: Donphan|44\/100\n|-heal|p1a: Rock Lee|100\/100|[from] drain|[of] p2a: Donphan\n|move|p2a: Donphan|Rapid Spin|p1a: Rock Lee\n|-damage|p1a: Rock Lee|90\/100\n|-boost|p2a: Donphan|spe|1\n|-sideend|p2: Nrox|Spikes|[from] move: Rapid Spin|[of] p2a: Donphan\n|\n|upkeep\n|turn|12\n|\n|t:|1699211956\n|switch|p2a: Ditto|Ditto|100\/100\n|-transform|p2a: Ditto|p1a: Rock Lee|[from] ability: Imposter\n|move|p1a: Rock Lee|Leech Seed|p2a: Ditto\n|-immune|p2a: Ditto\n|\n|upkeep\n|turn|13\n|\n|t:|1699211991\n|move|p1a: Rock Lee|Giga Drain|p2a: Ditto\n|-damage|p2a: Ditto|78\/100\n|-heal|p1a: Rock Lee|98\/100|[from] drain|[of] p2a: Ditto\n|move|p2a: Ditto|Leech Seed|p1a: Rock Lee\n|-immune|p1a: Rock Lee\n|\n|upkeep\n|turn|14\n|\n|t:|1699211997\n|move|p2a: Ditto|Giga Drain|p1a: Rock Lee\n|-damage|p1a: Rock Lee|80\/100\n|-heal|p2a: Ditto|90\/100|[from] drain|[of] p1a: Rock Lee\n|move|p1a: Rock Lee|Giga Drain|p2a: Ditto\n|-damage|p2a: Ditto|68\/100\n|-heal|p1a: Rock Lee|89\/100|[from] drain|[of] p2a: Ditto\n|\n|upkeep\n|turn|15\n|\n|t:|1699212012\n|move|p2a: Ditto|Synthesis|p2a: Ditto\n|-heal|p2a: Ditto|100\/100\n|move|p1a: Rock Lee|Stone Edge|p2a: Ditto|[miss]\n|-miss|p1a: Rock Lee|p2a: Ditto\n|\n|-sideend|p2: Nrox|Reflect\n|upkeep\n|turn|16\n|\n|t:|1699212023\n|move|p2a: Ditto|Stone Edge|p1a: Rock Lee\n|-resisted|p1a: Rock Lee\n|-damage|p1a: Rock Lee|81\/100\n|move|p1a: Rock Lee|Stone Edge|p2a: Ditto|[miss]\n|-miss|p1a: Rock Lee|p2a: Ditto\n|\n|upkeep\n|turn|17\n|\n|t:|1699212028\n|move|p2a: Ditto|Giga Drain|p1a: Rock Lee\n|-damage|p1a: Rock Lee|63\/100\n|move|p1a: Rock Lee|Giga Drain|p2a: Ditto\n|-damage|p2a: Ditto|80\/100\n|-heal|p1a: Rock Lee|71\/100|[from] drain|[of] p2a: Ditto\n|\n|upkeep\n|turn|18\n|\n|t:|1699212033\n|move|p1a: Rock Lee|Giga Drain|p2a: Ditto\n|-damage|p2a: Ditto|59\/100\n|-heal|p1a: Rock Lee|79\/100|[from] drain|[of] p2a: Ditto\n|move|p2a: Ditto|Giga Drain|p1a: Rock Lee\n|-damage|p1a: Rock Lee|64\/100\n|-heal|p2a: Ditto|70\/100|[from] drain|[of] p1a: Rock Lee\n|\n|upkeep\n|turn|19\n|\n|t:|1699212038\n|move|p1a: Rock Lee|Giga Drain|p2a: Ditto\n|-damage|p2a: Ditto|48\/100\n|-heal|p1a: Rock Lee|72\/100|[from] drain|[of] p2a: Ditto\n|move|p2a: Ditto|Synthesis|p2a: Ditto\n|-heal|p2a: Ditto|98\/100\n|\n|upkeep\n|turn|20\n|\n|t:|1699212043\n|move|p2a: Ditto|Synthesis|p2a: Ditto\n|-heal|p2a: Ditto|100\/100\n|move|p1a: Rock Lee|Giga Drain|p2a: Ditto\n|-damage|p2a: Ditto|78\/100\n|-heal|p1a: Rock Lee|80\/100|[from] drain|[of] p2a: Ditto\n|\n|upkeep\n|turn|21\n|\n|t:|1699212048\n|move|p1a: Rock Lee|Synthesis|p1a: Rock Lee\n|-heal|p1a: Rock Lee|100\/100\n|move|p2a: Ditto|Synthesis|p2a: Ditto\n|-heal|p2a: Ditto|100\/100\n|\n|upkeep\n|turn|22\n|\n|t:|1699212078\n|switch|p2a: Zapdos|Zapdos|100\/100\n|-ability|p2a: Zapdos|Pressure\n|move|p1a: Rock Lee|Giga Drain|p2a: Zapdos\n|-resisted|p2a: Zapdos\n|-damage|p2a: Zapdos|94\/100\n|\n|upkeep\n|turn|23\n|\n|t:|1699212085\n|move|p2a: Zapdos|Heat Wave|p1a: Rock Lee\n|-supereffective|p1a: Rock Lee\n|-damage|p1a: Rock Lee|59\/100\n|move|p1a: Rock Lee|Stone Edge|p2a: Zapdos\n|-supereffective|p2a: Zapdos\n|-crit|p2a: Zapdos\n|-damage|p2a: Zapdos|32\/100\n|\n|upkeep\n|turn|24\n|\n|t:|1699212096\n|move|p2a: Zapdos|Roost|p2a: Zapdos\n|-heal|p2a: Zapdos|82\/100\n|-singleturn|p2a: Zapdos|move: Roost\n|move|p1a: Rock Lee|Stone Edge|p2a: Zapdos\n|-damage|p2a: Zapdos|59\/100\n|\n|upkeep\n|turn|25\n|\n|t:|1699212109\n|move|p2a: Zapdos|Roost|p2a: Zapdos\n|-heal|p2a: Zapdos|100\/100\n|-singleturn|p2a: Zapdos|move: Roost\n|move|p1a: Rock Lee|Leech Seed|p2a: Zapdos\n|-start|p2a: Zapdos|move: Leech Seed\n|\n|-damage|p2a: Zapdos|88\/100|[from] Leech Seed|[of] p1a: Rock Lee\n|-heal|p1a: Rock Lee|71\/100|[silent]\n|upkeep\n|turn|26\n|\n|t:|1699212120\n|move|p2a: Zapdos|Heat Wave|p1a: Rock Lee\n|-supereffective|p1a: Rock Lee\n|-damage|p1a: Rock Lee|28\/100\n|move|p1a: Rock Lee|Synthesis|p1a: Rock Lee\n|-heal|p1a: Rock Lee|78\/100\n|\n|-damage|p2a: Zapdos|76\/100|[from] Leech Seed|[of] p1a: Rock Lee\n|-heal|p1a: Rock Lee|90\/100|[silent]\n|upkeep\n|turn|27\n|\n|t:|1699212134\n|move|p2a: Zapdos|Heat Wave|p1a: Rock Lee\n|-supereffective|p1a: Rock Lee\n|-damage|p1a: Rock Lee|49\/100\n|-status|p1a: Rock Lee|brn\n|move|p1a: Rock Lee|Stone Edge|p2a: Zapdos\n|-supereffective|p2a: Zapdos\n|-damage|p2a: Zapdos|54\/100\n|\n|-damage|p2a: Zapdos|41\/100|[from] Leech Seed|[of] p1a: Rock Lee\n|-heal|p1a: Rock Lee|61\/100 brn|[silent]\n|-damage|p1a: Rock Lee|55\/100 brn|[from] brn\n|upkeep\n|turn|28\n|\n|t:|1699212146\n|move|p2a: Zapdos|Roost|p2a: Zapdos\n|-heal|p2a: Zapdos|91\/100\n|-singleturn|p2a: Zapdos|move: Roost\n|move|p1a: Rock Lee|Synthesis|p1a: Rock Lee\n|-heal|p1a: Rock Lee|100\/100 brn\n|\n|-damage|p2a: Zapdos|79\/100|[from] Leech Seed|[of] p1a: Rock Lee\n|-damage|p1a: Rock Lee|94\/100 brn|[from] brn\n|upkeep\n|turn|29\n|\n|t:|1699212161\n|switch|p2a: blissey|Clefable, M|76\/100\n|switch|p1a: Himawari|Glimmora, F|100\/100\n|-damage|p1a: Himawari|88\/100|[from] Stealth Rock\n|\n|upkeep\n|turn|30\n|\n|t:|1699212179\n|switch|p2a: Ditto|Ditto|100\/100\n|-transform|p2a: Ditto|p1a: Himawari|[from] ability: Imposter\n|move|p1a: Himawari|Sludge Wave|p2a: Ditto\n|-resisted|p2a: Ditto\n|-damage|p2a: Ditto|77\/100\n|\n|upkeep\n|turn|31\n|\n|t:|1699212209\n|switch|p1a: Tsunade|Milotic, M|94\/100 brn\n|-damage|p1a: Tsunade|82\/100 brn|[from] Stealth Rock\n|move|p2a: Ditto|Earth Power|p1a: Tsunade\n|-damage|p1a: Tsunade|62\/100 brn\n|\n|-damage|p1a: Tsunade|56\/100 brn|[from] brn\n|upkeep\n|turn|32\n|c|\u2606Nrox|1 sec\n|c|\u2606Nrox|muss uaf klo\n|c|\u2606Genesis94|Was ein typ\n|c|\u2606Genesis94|\ud83d\ude02\n|c|\u2606Nrox|xD re\n|c|\u2606Nrox|musste noch h\u00e4nde waschen\n|\n|t:|1699212402\n|switch|p2a: Zapdos|Zapdos|79\/100\n|-ability|p2a: Zapdos|Pressure\n|move|p1a: Tsunade|Mirror Coat||[still]\n|-fail|p1a: Tsunade\n|\n|-damage|p1a: Tsunade|50\/100 brn|[from] brn\n|upkeep\n|turn|33\n|\n|t:|1699212552\n|switch|p1a: Rock Lee|Torterra, M|94\/100 brn\n|-damage|p1a: Rock Lee|88\/100 brn|[from] Stealth Rock\n|move|p2a: Zapdos|Volt Switch|p1a: Rock Lee\n|-immune|p1a: Rock Lee\n|\n|-damage|p1a: Rock Lee|82\/100 brn|[from] brn\n|upkeep\n|turn|34\n|\n|t:|1699212560\n|move|p2a: Zapdos|Heat Wave|p1a: Rock Lee\n|-supereffective|p1a: Rock Lee\n|-damage|p1a: Rock Lee|41\/100 brn\n|move|p1a: Rock Lee|Leech Seed|p2a: Zapdos\n|-start|p2a: Zapdos|move: Leech Seed\n|\n|-damage|p2a: Zapdos|67\/100|[from] Leech Seed|[of] p1a: Rock Lee\n|-heal|p1a: Rock Lee|53\/100 brn|[silent]\n|-damage|p1a: Rock Lee|47\/100 brn|[from] brn\n|upkeep\n|turn|35\n|\n|t:|1699212572\n|switch|p2a: Ditto|Ditto|77\/100\n|-transform|p2a: Ditto|p1a: Rock Lee|[from] ability: Imposter\n|move|p1a: Rock Lee|Synthesis|p1a: Rock Lee\n|-heal|p1a: Rock Lee|97\/100 brn\n|\n|-damage|p1a: Rock Lee|91\/100 brn|[from] brn\n|upkeep\n|turn|36\n|\n|t:|1699212582\n|move|p2a: Ditto|Synthesis|p2a: Ditto\n|-heal|p2a: Ditto|100\/100\n|move|p1a: Rock Lee|Giga Drain|p2a: Ditto\n|-damage|p2a: Ditto|78\/100\n|-heal|p1a: Rock Lee|99\/100 brn|[from] drain|[of] p2a: Ditto\n|\n|-damage|p1a: Rock Lee|94\/100 brn|[from] brn\n|upkeep\n|turn|37\n|\n|t:|1699212596\n|switch|p1a: Sasuke|Talonflame, M|100\/100\n|move|p2a: Ditto|Synthesis|p2a: Ditto\n|-heal|p2a: Ditto|100\/100\n|\n|upkeep\n|turn|38\n|\n|t:|1699212667\n|switch|p2a: Volcanion|Volcanion|100\/100\n|move|p1a: Sasuke|Flare Blitz|p2a: Volcanion\n|-resisted|p2a: Volcanion\n|-damage|p2a: Volcanion|95\/100\n|-damage|p1a: Sasuke|84\/100|[from] item: Rocky Helmet|[of] p2a: Volcanion\n|-damage|p1a: Sasuke|82\/100|[from] Recoil\n|\n|upkeep\n|turn|39\n|\n|t:|1699212696\n|switch|p1a: Tsunade|Milotic, M|50\/100 brn\n|-damage|p1a: Tsunade|38\/100 brn|[from] Stealth Rock\n|move|p2a: Volcanion|Steam Eruption|p1a: Tsunade\n|-resisted|p1a: Tsunade\n|-damage|p1a: Tsunade|22\/100 brn\n|\n|-damage|p1a: Tsunade|16\/100 brn|[from] brn\n|upkeep\n|turn|40\n|\n|t:|1699212728\n|switch|p2a: blissey|Clefable, M|76\/100\n|move|p1a: Tsunade|Recover|p1a: Tsunade\n|-heal|p1a: Tsunade|66\/100 brn\n|\n|-damage|p1a: Tsunade|60\/100 brn|[from] brn\n|upkeep\n|turn|41\n|\n|t:|1699212754\n|move|p1a: Tsunade|Recover|p1a: Tsunade\n|-heal|p1a: Tsunade|100\/100 brn\n|move|p2a: blissey|Light Screen|p2a: blissey\n|-sidestart|p2: Nrox|move: Light Screen\n|\n|-damage|p1a: Tsunade|94\/100 brn|[from] brn\n|upkeep\n|turn|42\n|\n|t:|1699212765\n|switch|p1a: Sasuke|Talonflame, M|82\/100\n|move|p2a: blissey|Reflect|p2a: blissey\n|-sidestart|p2: Nrox|Reflect\n|\n|upkeep\n|turn|43\n|\n|t:|1699212778\n|move|p1a: Sasuke|Defog|p2a: blissey\n|-unboost|p2a: blissey|evasion|1\n|-sideend|p2: Nrox|Reflect\n|-sideend|p2: Nrox|move: Light Screen\n|-sideend|p1: Genesis94|Stealth Rock|[from] move: Defog|[of] p1a: Sasuke\n|move|p2a: blissey|Moonblast|p1a: Sasuke\n|-resisted|p1a: Sasuke\n|-damage|p1a: Sasuke|63\/100\n|\n|upkeep\n|turn|44\n|\n|t:|1699212786\n|move|p1a: Sasuke|Roost|p1a: Sasuke\n|-heal|p1a: Sasuke|100\/100\n|-singleturn|p1a: Sasuke|move: Roost\n|move|p2a: blissey|Wish|p2a: blissey\n|\n|upkeep\n|turn|45\n|\n|t:|1699212822\n|move|p1a: Sasuke|Brave Bird|p2a: blissey\n|-damage|p2a: blissey|43\/100\n|-damage|p1a: Sasuke|89\/100|[from] Recoil\n|move|p2a: blissey|Reflect|p2a: blissey\n|-sidestart|p2: Nrox|Reflect\n|\n|-heal|p2a: blissey|93\/100|[from] move: Wish|[wisher] blissey\n|upkeep\n|turn|46\n|\n|t:|1699212847\n|move|p1a: Sasuke|Defog|p2a: blissey\n|-unboost|p2a: blissey|evasion|1\n|-sideend|p2: Nrox|Reflect\n|move|p2a: blissey|Light Screen|p2a: blissey\n|-sidestart|p2: Nrox|move: Light Screen\n|\n|upkeep\n|turn|47\n|\n|t:|1699212855\n|move|p1a: Sasuke|Brave Bird|p2a: blissey\n|-damage|p2a: blissey|63\/100\n|-damage|p1a: Sasuke|78\/100|[from] Recoil\n|move|p2a: blissey|Wish|p2a: blissey\n|\n|upkeep\n|turn|48\n|\n|t:|1699212869\n|move|p1a: Sasuke|Brave Bird|p2a: blissey\n|-damage|p2a: blissey|32\/100\n|-damage|p1a: Sasuke|66\/100|[from] Recoil\n|move|p2a: blissey|Reflect|p2a: blissey\n|-sidestart|p2: Nrox|Reflect\n|\n|-heal|p2a: blissey|82\/100|[from] move: Wish|[wisher] blissey\n|upkeep\n|turn|49\n|\n|t:|1699212876\n|move|p1a: Sasuke|Defog|p2a: blissey\n|-unboost|p2a: blissey|evasion|1\n|-sideend|p2: Nrox|Reflect\n|-sideend|p2: Nrox|move: Light Screen\n|move|p2a: blissey|Wish|p2a: blissey\n|\n|upkeep\n|turn|50\n|\n|t:|1699212914\n|switch|p1a: Hinata|Magearna|100\/100\n|move|p2a: blissey|Reflect|p2a: blissey\n|-sidestart|p2: Nrox|Reflect\n|\n|-heal|p2a: blissey|100\/100|[from] move: Wish|[wisher] blissey\n|upkeep\n|turn|51\n|\n|t:|1699212994\n|move|p1a: Hinata|Spikes|p2a: blissey\n|-sidestart|p2: Nrox|Spikes\n|move|p2a: blissey|Wish|p2a: blissey\n|\n|upkeep\n|turn|52\n|\n|t:|1699213006\n|switch|p1a: Rock Lee|Torterra, M|94\/100 brn\n|switch|p2a: Donphan|Donphan, M|44\/100\n|\n|-heal|p2a: Donphan|96\/100|[from] move: Wish|[wisher] blissey\n|-damage|p1a: Rock Lee|88\/100 brn|[from] brn\n|upkeep\n|turn|53\n|\n|t:|1699213034\n|move|p1a: Rock Lee|Giga Drain|p2a: Donphan\n|-supereffective|p2a: Donphan\n|-damage|p2a: Donphan|61\/100\n|-heal|p1a: Rock Lee|100\/100 brn|[from] drain|[of] p2a: Donphan\n|move|p2a: Donphan|Stealth Rock|p1a: Rock Lee\n|-sidestart|p1: Genesis94|move: Stealth Rock\n|\n|-damage|p1a: Rock Lee|94\/100 brn|[from] brn\n|upkeep\n|turn|54\n|\n|t:|1699213042\n|switch|p2a: Zapdos|Zapdos|67\/100\n|-ability|p2a: Zapdos|Pressure\n|move|p1a: Rock Lee|Giga Drain|p2a: Zapdos\n|-resisted|p2a: Zapdos\n|-damage|p2a: Zapdos|60\/100\n|-heal|p1a: Rock Lee|98\/100 brn|[from] drain|[of] p2a: Zapdos\n|\n|-damage|p1a: Rock Lee|92\/100 brn|[from] brn\n|upkeep\n|turn|55\n|\n|t:|1699213049\n|move|p2a: Zapdos|Roost|p2a: Zapdos\n|-heal|p2a: Zapdos|100\/100\n|-singleturn|p2a: Zapdos|move: Roost\n|move|p1a: Rock Lee|Leech Seed|p2a: Zapdos\n|-start|p2a: Zapdos|move: Leech Seed\n|\n|-damage|p2a: Zapdos|88\/100|[from] Leech Seed|[of] p1a: Rock Lee\n|-heal|p1a: Rock Lee|100\/100 brn|[silent]\n|-damage|p1a: Rock Lee|94\/100 brn|[from] brn\n|upkeep\n|turn|56\n|j| jeremy261\n|\n|t:|1699213072\n|switch|p2a: blissey|Clefable, M|100\/100\n|-damage|p2a: blissey|88\/100|[from] Spikes\n|switch|p1a: Himawari|Glimmora, F|88\/100\n|-damage|p1a: Himawari|76\/100|[from] Stealth Rock\n|\n|upkeep\n|turn|57\n|\n|t:|1699213093\n|switch|p2a: Zapdos|Zapdos|88\/100\n|-ability|p2a: Zapdos|Pressure\n|move|p1a: Himawari|Earth Power|p2a: Zapdos\n|-immune|p2a: Zapdos\n|\n|-sideend|p2: Nrox|Reflect\n|upkeep\n|turn|58\n|\n|t:|1699213159\n|switch|p1a: Rock Lee|Torterra, M|94\/100 brn\n|-damage|p1a: Rock Lee|88\/100 brn|[from] Stealth Rock\n|move|p2a: Zapdos|Discharge|p1a: Rock Lee\n|-immune|p1a: Rock Lee\n|\n|-damage|p1a: Rock Lee|82\/100 brn|[from] brn\n|upkeep\n|turn|59\n|\n|t:|1699213169\n|move|p2a: Zapdos|Heat Wave|p1a: Rock Lee\n|-supereffective|p1a: Rock Lee\n|-damage|p1a: Rock Lee|37\/100 brn\n|move|p1a: Rock Lee|Leech Seed|p2a: Zapdos\n|-start|p2a: Zapdos|move: Leech Seed\n|\n|-damage|p2a: Zapdos|76\/100|[from] Leech Seed|[of] p1a: Rock Lee\n|-heal|p1a: Rock Lee|49\/100 brn|[silent]\n|-damage|p1a: Rock Lee|43\/100 brn|[from] brn\n|upkeep\n|turn|60\n|\n|t:|1699213188\n|switch|p2a: blissey|Clefable, M|88\/100\n|-damage|p2a: blissey|76\/100|[from] Spikes\n|switch|p1a: Himawari|Glimmora, F|76\/100\n|-damage|p1a: Himawari|63\/100|[from] Stealth Rock\n|\n|upkeep\n|turn|61\n|\n|t:|1699213200\n|switch|p2a: Zapdos|Zapdos|76\/100\n|-ability|p2a: Zapdos|Pressure\n|move|p1a: Himawari|Sludge Wave|p2a: Zapdos\n|-damage|p2a: Zapdos|27\/100\n|\n|upkeep\n|turn|62\n|c|\u2606Nrox|da hat mich der schlingel :D\n|c| jeremy261|Huch\n|\n|t:|1699213381\n|move|p1a: Himawari|Sludge Wave|p2a: Zapdos\n|-damage|p2a: Zapdos|0 fnt\n|faint|p2a: Zapdos\n|\n|upkeep\n|\n|t:|1699213383\n|switch|p2a: Ditto|Ditto|100\/100\n|-damage|p2a: Ditto|88\/100|[from] Spikes\n|-transform|p2a: Ditto|p1a: Himawari|[from] ability: Imposter\n|turn|63\n|\n|t:|1699213406\n|switch|p1a: Tsunade|Milotic, M|94\/100 brn\n|-damage|p1a: Tsunade|82\/100 brn|[from] Stealth Rock\n|move|p2a: Ditto|Earth Power|p1a: Tsunade\n|-damage|p1a: Tsunade|61\/100 brn\n|\n|-damage|p1a: Tsunade|55\/100 brn|[from] brn\n|upkeep\n|turn|64\n|\n|t:|1699213447\n|switch|p2a: blissey|Clefable, M|76\/100\n|-damage|p2a: blissey|63\/100|[from] Spikes\n|move|p1a: Tsunade|Mirror Coat||[still]\n|-fail|p1a: Tsunade\n|\n|-damage|p1a: Tsunade|49\/100 brn|[from] brn\n|upkeep\n|turn|65\n|\n|t:|1699213456\n|move|p1a: Tsunade|Recover|p1a: Tsunade\n|-heal|p1a: Tsunade|99\/100 brn\n|move|p2a: blissey|Wish|p2a: blissey\n|\n|-damage|p1a: Tsunade|93\/100 brn|[from] brn\n|upkeep\n|turn|66\n|\n|t:|1699213461\n|move|p1a: Tsunade|Flip Turn|p2a: blissey\n|-damage|p2a: blissey|59\/100\n|\n|t:|1699213468\n|switch|p1a: Hinata|Magearna|100\/100|[from] Flip Turn\n|-damage|p1a: Hinata|94\/100|[from] Stealth Rock\n|move|p2a: blissey|Reflect|p2a: blissey\n|-sidestart|p2: Nrox|Reflect\n|\n|-heal|p2a: blissey|100\/100|[from] move: Wish|[wisher] blissey\n|-heal|p1a: Hinata|100\/100|[from] item: Leftovers\n|upkeep\n|turn|67\n|\n|t:|1699213499\n|switch|p2a: Donphan|Donphan, M|61\/100\n|move|p1a: Hinata|Spikes|p2a: Donphan\n|-sidestart|p2: Nrox|Spikes\n|\n|upkeep\n|turn|68\n|\n|t:|1699213516\n|switch|p1a: Rock Lee|Torterra, M|43\/100 brn\n|-damage|p1a: Rock Lee|37\/100 brn|[from] Stealth Rock\n|move|p2a: Donphan|Rapid Spin|p1a: Rock Lee\n|-damage|p1a: Rock Lee|26\/100 brn\n|-boost|p2a: Donphan|spe|1\n|-sideend|p2: Nrox|Spikes|[from] move: Rapid Spin|[of] p2a: Donphan\n|\n|-damage|p1a: Rock Lee|20\/100 brn|[from] brn\n|upkeep\n|turn|69\n|\n|t:|1699213612\n|switch|p2a: blissey|Clefable, M|100\/100\n|move|p1a: Rock Lee|Synthesis|p1a: Rock Lee\n|-heal|p1a: Rock Lee|70\/100 brn\n|\n|-damage|p1a: Rock Lee|64\/100 brn|[from] brn\n|upkeep\n|turn|70\n|\n|t:|1699213624\n|move|p2a: blissey|Light Screen|p2a: blissey\n|-sidestart|p2: Nrox|move: Light Screen\n|move|p1a: Rock Lee|Leech Seed|p2a: blissey\n|-start|p2a: blissey|move: Leech Seed\n|\n|-damage|p2a: blissey|88\/100|[from] Leech Seed|[of] p1a: Rock Lee\n|-heal|p1a: Rock Lee|76\/100 brn|[silent]\n|-damage|p1a: Rock Lee|70\/100 brn|[from] brn\n|upkeep\n|turn|71\n|\n|t:|1699213649\n|switch|p2a: Ditto|Ditto|88\/100\n|-transform|p2a: Ditto|p1a: Rock Lee|[from] ability: Imposter\n|switch|p1a: Sasuke|Talonflame, M|66\/100\n|\n|upkeep\n|turn|72\n|\n|t:|1699213689\n|move|p1a: Sasuke|Defog|p2a: Ditto\n|-unboost|p2a: Ditto|evasion|1\n|-sideend|p2: Nrox|Reflect\n|-sideend|p2: Nrox|move: Light Screen\n|-sideend|p1: Genesis94|Stealth Rock|[from] move: Defog|[of] p1a: Sasuke\n|move|p2a: Ditto|Stone Edge|p1a: Sasuke\n|-supereffective|p1a: Sasuke\n|-damage|p1a: Sasuke|0 fnt\n|faint|p1a: Sasuke\n|\n|upkeep\n|\n|t:|1699213724\n|switch|p1a: Tobi|Ogerpon-Hearthflame, F|100\/100\n|-ability|p1a: Tobi|Mold Breaker\n|turn|73\n|\n|t:|1699213739\n|switch|p2a: Volcanion|Volcanion|95\/100\n|move|p1a: Tobi|Swords Dance|p1a: Tobi\n|-boost|p1a: Tobi|atk|2\n|\n|upkeep\n|turn|74\n|\n|t:|1699213811\n|move|p1a: Tobi|Knock Off|p2a: Volcanion\n|-damage|p2a: Volcanion|53\/100\n|-damage|p1a: Tobi|84\/100|[from] item: Rocky Helmet|[of] p2a: Volcanion\n|-enditem|p2a: Volcanion|Rocky Helmet|[from] move: Knock Off|[of] p1a: Tobi\n|move|p2a: Volcanion|Sludge Bomb|p1a: Tobi\n|-supereffective|p1a: Tobi\n|-damage|p1a: Tobi|25\/100\n|\n|upkeep\n|turn|75\n|\n|t:|1699213838\n|move|p1a: Tobi|Horn Leech|p2a: Volcanion\n|-damage|p2a: Volcanion|4\/100\n|-heal|p1a: Tobi|55\/100|[from] drain|[of] p2a: Volcanion\n|move|p2a: Volcanion|Sludge Bomb|p1a: Tobi\n|-supereffective|p1a: Tobi\n|-damage|p1a: Tobi|0 fnt\n|faint|p1a: Tobi\n|\n|upkeep\n|\n|t:|1699213854\n|switch|p1a: Himawari|Glimmora, F|63\/100\n|turn|76\n|\n|t:|1699213859\n|move|p1a: Himawari|Earth Power|p2a: Volcanion\n|-supereffective|p2a: Volcanion\n|-damage|p2a: Volcanion|0 fnt\n|faint|p2a: Volcanion\n|\n|upkeep\n|\n|t:|1699213868\n|switch|p2a: Donphan|Donphan, M|61\/100\n|turn|77\n|\n|t:|1699213877\n|switch|p1a: Rock Lee|Torterra, M|70\/100 brn\n|move|p2a: Donphan|Earthquake|p1a: Rock Lee\n|-resisted|p1a: Rock Lee\n|-damage|p1a: Rock Lee|55\/100 brn\n|\n|-damage|p1a: Rock Lee|49\/100 brn|[from] brn\n|upkeep\n|turn|78\n|\n|t:|1699213902\n|switch|p2a: Ditto|Ditto|88\/100\n|-transform|p2a: Ditto|p1a: Rock Lee|[from] ability: Imposter\n|move|p1a: Rock Lee|Giga Drain|p2a: Ditto\n|-damage|p2a: Ditto|65\/100\n|-heal|p1a: Rock Lee|58\/100 brn|[from] drain|[of] p2a: Ditto\n|\n|-damage|p1a: Rock Lee|52\/100 brn|[from] brn\n|upkeep\n|turn|79\n|\n|t:|1699213924\n|move|p1a: Rock Lee|Synthesis|p1a: Rock Lee\n|-heal|p1a: Rock Lee|100\/100 brn\n|move|p2a: Ditto|Synthesis|p2a: Ditto\n|-heal|p2a: Ditto|100\/100\n|\n|-damage|p1a: Rock Lee|94\/100 brn|[from] brn\n|upkeep\n|turn|80\n|\n|t:|1699213943\n|switch|p1a: Himawari|Glimmora, F|63\/100\n|move|p2a: Ditto|Leech Seed|p1a: Himawari\n|-start|p1a: Himawari|move: Leech Seed\n|\n|-damage|p1a: Himawari|51\/100|[from] Leech Seed|[of] p2a: Ditto\n|upkeep\n|turn|81\n|l|\u2606Genesis94\n|player|p1|\n|j|\u2606Genesis94\n|player|p1|Genesis94|cyrus\n|\n|t:|1699213980\n|move|p1a: Himawari|Sludge Wave|p2a: Ditto\n|-damage|p2a: Ditto|24\/100\n|move|p2a: Ditto|Giga Drain|p1a: Himawari\n|-damage|p1a: Himawari|25\/100\n|-heal|p2a: Ditto|37\/100|[from] drain|[of] p1a: Himawari\n|\n|-damage|p1a: Himawari|13\/100|[from] Leech Seed|[of] p2a: Ditto\n|-heal|p2a: Ditto|50\/100|[silent]\n|upkeep\n|turn|82\n|\n|t:|1699214048\n|move|p1a: Himawari|Sludge Wave|p2a: Ditto\n|-damage|p2a: Ditto|0 fnt\n|faint|p2a: Ditto\n|\n|upkeep\n|\n|t:|1699214076\n|switch|p2a: Hariyama|Hariyama, F, shiny|100\/100\n|turn|83\n|\n|t:|1699214083\n|switch|p1a: Hinata|Magearna|100\/100\n|-terastallize|p2a: Hariyama|Steel\n|move|p2a: Hariyama|Bullet Punch|p1a: Hinata\n|-damage|p1a: Hinata|86\/100\n|\n|-heal|p1a: Hinata|93\/100|[from] item: Leftovers\n|upkeep\n|turn|84\n|\n|t:|1699214098\n|switch|p2a: Donphan|Donphan, M|61\/100\n|move|p1a: Hinata|Encore||[still]\n|-fail|p1a: Hinata\n|\n|-heal|p1a: Hinata|99\/100|[from] item: Leftovers\n|upkeep\n|turn|85\n|\n|t:|1699214103\n|switch|p1a: Rock Lee|Torterra, M|94\/100 brn\n|move|p2a: Donphan|Stealth Rock|p1a: Rock Lee\n|-sidestart|p1: Genesis94|move: Stealth Rock\n|\n|-damage|p1a: Rock Lee|88\/100 brn|[from] brn\n|upkeep\n|turn|86\n|\n|t:|1699214117\n|switch|p2a: blissey|Clefable, M|88\/100\n|move|p1a: Rock Lee|Leech Seed|p2a: blissey\n|-start|p2a: blissey|move: Leech Seed\n|\n|-damage|p2a: blissey|76\/100|[from] Leech Seed|[of] p1a: Rock Lee\n|-heal|p1a: Rock Lee|100\/100 brn|[silent]\n|-damage|p1a: Rock Lee|94\/100 brn|[from] brn\n|upkeep\n|turn|87\n|\n|t:|1699214128\n|switch|p1a: Hinata|Magearna|99\/100\n|-damage|p1a: Hinata|93\/100|[from] Stealth Rock\n|move|p2a: blissey|Reflect|p2a: blissey\n|-sidestart|p2: Nrox|Reflect\n|\n|-heal|p1a: Hinata|99\/100|[from] item: Leftovers\n|-damage|p2a: blissey|63\/100|[from] Leech Seed|[of] p1a: Hinata\n|-heal|p1a: Hinata|100\/100|[silent]\n|upkeep\n|turn|88\n|l|\u2606Nrox\n|player|p2|\n|\n|t:|1699214171\n|switch|p2a: Donphan|Donphan, M|61\/100\n|move|p1a: Hinata|Iron Head|p2a: Donphan\n|-damage|p2a: Donphan|52\/100\n|\n|upkeep\n|turn|89\n|j|\u2606Nrox\n|player|p2|Nrox|n\n|\n|t:|1699214213\n|switch|p1a: Rock Lee|Torterra, M|94\/100 brn\n|-damage|p1a: Rock Lee|88\/100 brn|[from] Stealth Rock\n|move|p2a: Donphan|Earthquake|p1a: Rock Lee\n|-resisted|p1a: Rock Lee\n|-damage|p1a: Rock Lee|75\/100 brn\n|\n|-damage|p1a: Rock Lee|68\/100 brn|[from] brn\n|upkeep\n|turn|90\n|\n|t:|1699214220\n|switch|p2a: blissey|Clefable, M|63\/100\n|move|p1a: Rock Lee|Giga Drain|p2a: blissey\n|-damage|p2a: blissey|43\/100\n|-heal|p1a: Rock Lee|79\/100 brn|[from] drain|[of] p2a: blissey\n|\n|-damage|p1a: Rock Lee|73\/100 brn|[from] brn\n|upkeep\n|turn|91\n|\n|t:|1699214246\n|switch|p1a: Himawari|Glimmora, F|13\/100\n|-damage|p1a: Himawari|0 fnt|[from] Stealth Rock\n|faint|p1a: Himawari\n|move|p2a: blissey|Wish|p2a: blissey\n|\n|upkeep\n|\n|t:|1699214254\n|switch|p1a: Hinata|Magearna|100\/100\n|-damage|p1a: Hinata|94\/100|[from] Stealth Rock\n|turn|92\n|\n|t:|1699214265\n|move|p1a: Hinata|Encore|p2a: blissey\n|-start|p2a: blissey|Encore\n|move|p2a: blissey|Wish||[still]\n|-fail|p2a: blissey\n|\n|-heal|p2a: blissey|93\/100|[from] move: Wish|[wisher] blissey\n|-heal|p1a: Hinata|100\/100|[from] item: Leftovers\n|upkeep\n|turn|93\n|\n|t:|1699214290\n|switch|p1a: Tsunade|Milotic, M|93\/100 brn\n|-damage|p1a: Tsunade|80\/100 brn|[from] Stealth Rock\n|move|p2a: blissey|Wish|p2a: blissey\n|\n|-damage|p1a: Tsunade|74\/100 brn|[from] brn\n|upkeep\n|turn|94\n|c|\u2606Nrox|sooooo spannend\n|c|\u2606Nrox|so k\u00e4mpfe sind zwei besto friendos w\u00fcrdig\n|c|\u2606Nrox|richtig episch\n|c|\u2606Nrox|feier ich\n|\n|t:|1699214402\n|move|p1a: Tsunade|Scald|p2a: blissey\n|-damage|p2a: blissey|67\/100\n|move|p2a: blissey|Wish||[still]\n|-fail|p2a: blissey\n|\n|-heal|p2a: blissey|100\/100|[from] move: Wish|[wisher] blissey\n|-damage|p1a: Tsunade|68\/100 brn|[from] brn\n|-end|p2a: blissey|Encore\n|-sideend|p2: Nrox|Reflect\n|upkeep\n|turn|95\n|\n|t:|1699214428\n|switch|p1a: Hinata|Magearna|100\/100\n|-damage|p1a: Hinata|94\/100|[from] Stealth Rock\n|move|p2a: blissey|Reflect|p2a: blissey\n|-sidestart|p2: Nrox|Reflect\n|\n|-heal|p1a: Hinata|100\/100|[from] item: Leftovers\n|upkeep\n|turn|96\n|\n|t:|1699214444\n|move|p1a: Hinata|Spikes|p2a: blissey\n|-sidestart|p2: Nrox|Spikes\n|move|p2a: blissey|Light Screen|p2a: blissey\n|-sidestart|p2: Nrox|move: Light Screen\n|\n|upkeep\n|turn|97\n|c|\u2606Nrox|https:\/\/onepiece.fandom.com\/f\/p\/4400000000003453504\/r\/4400000000011855316\n|\n|t:|1699214485\n|move|p1a: Hinata|Iron Head|p2a: blissey\n|-supereffective|p2a: blissey\n|-damage|p2a: blissey|82\/100\n|move|p2a: blissey|Wish|p2a: blissey\n|\n|upkeep\n|turn|98\n|\n|t:|1699214489\n|switch|p2a: Donphan|Donphan, M|52\/100\n|move|p1a: Hinata|Iron Head|p2a: Donphan\n|-damage|p2a: Donphan|43\/100\n|\n|-heal|p2a: Donphan|94\/100|[from] move: Wish|[wisher] blissey\n|upkeep\n|turn|99\n|\n|t:|1699214502\n|switch|p1a: Rock Lee|Torterra, M|73\/100 brn\n|-damage|p1a: Rock Lee|67\/100 brn|[from] Stealth Rock\n|move|p2a: Donphan|Rapid Spin|p1a: Rock Lee\n|-damage|p1a: Rock Lee|56\/100 brn\n|-boost|p2a: Donphan|spe|1\n|-sideend|p2: Nrox|Spikes|[from] move: Rapid Spin|[of] p2a: Donphan\n|\n|-damage|p1a: Rock Lee|50\/100 brn|[from] brn\n|upkeep\n|turn|100\n|\n|t:|1699214514\n|switch|p2a: blissey|Clefable, M|82\/100\n|move|p1a: Rock Lee|Leech Seed|p2a: blissey\n|-start|p2a: blissey|move: Leech Seed\n|\n|-damage|p2a: blissey|70\/100|[from] Leech Seed|[of] p1a: Rock Lee\n|-heal|p1a: Rock Lee|63\/100 brn|[silent]\n|-damage|p1a: Rock Lee|56\/100 brn|[from] brn\n|upkeep\n|turn|101\n|\n|t:|1699214523\n|move|p2a: blissey|Wish|p2a: blissey\n|move|p1a: Rock Lee|Synthesis|p1a: Rock Lee\n|-heal|p1a: Rock Lee|100\/100 brn\n|\n|-damage|p2a: blissey|57\/100|[from] Leech Seed|[of] p1a: Rock Lee\n|-damage|p1a: Rock Lee|94\/100 brn|[from] brn\n|upkeep\n|turn|102\n|c| jeremy261|Ob das die 117 runden \u00fcberbieten wird? \ud83d\udc40\n|\n|t:|1699214548\n|switch|p1a: Hinata|Magearna|100\/100\n|-damage|p1a: Hinata|94\/100|[from] Stealth Rock\n|move|p2a: blissey|Moonblast|p1a: Hinata\n|-resisted|p1a: Hinata\n|-damage|p1a: Hinata|83\/100\n|-unboost|p1a: Hinata|spa|1\n|\n|-heal|p2a: blissey|100\/100|[from] move: Wish|[wisher] blissey\n|-heal|p1a: Hinata|89\/100|[from] item: Leftovers\n|-damage|p2a: blissey|88\/100|[from] Leech Seed|[of] p1a: Hinata\n|-heal|p1a: Hinata|100\/100|[silent]\n|-sideend|p2: Nrox|Reflect\n|upkeep\n|turn|103\n|\n|t:|1699214562\n|switch|p2a: Donphan|Donphan, M|94\/100\n|move|p1a: Hinata|Iron Head|p2a: Donphan\n|-damage|p2a: Donphan|77\/100\n|\n|-sideend|p2: Nrox|move: Light Screen\n|upkeep\n|turn|104\n|\n|t:|1699214572\n|switch|p1a: Rock Lee|Torterra, M|94\/100 brn\n|-damage|p1a: Rock Lee|88\/100 brn|[from] Stealth Rock\n|move|p2a: Donphan|Earthquake|p1a: Rock Lee\n|-resisted|p1a: Rock Lee\n|-damage|p1a: Rock Lee|74\/100 brn\n|\n|-damage|p1a: Rock Lee|68\/100 brn|[from] brn\n|upkeep\n|turn|105\n|\n|t:|1699214590\n|switch|p2a: blissey|Clefable, M|88\/100\n|move|p1a: Rock Lee|Leech Seed|p2a: blissey\n|-start|p2a: blissey|move: Leech Seed\n|\n|-damage|p2a: blissey|76\/100|[from] Leech Seed|[of] p1a: Rock Lee\n|-heal|p1a: Rock Lee|81\/100 brn|[silent]\n|-damage|p1a: Rock Lee|75\/100 brn|[from] brn\n|upkeep\n|turn|106\n|\n|t:|1699214601\n|switch|p1a: Hinata|Magearna|100\/100\n|-damage|p1a: Hinata|94\/100|[from] Stealth Rock\n|move|p2a: blissey|Wish|p2a: blissey\n|\n|-heal|p1a: Hinata|100\/100|[from] item: Leftovers\n|-damage|p2a: blissey|63\/100|[from] Leech Seed|[of] p1a: Hinata\n|upkeep\n|turn|107\n|\n|t:|1699214610\n|switch|p2a: Donphan|Donphan, M|77\/100\n|move|p1a: Hinata|Iron Head|p2a: Donphan\n|-damage|p2a: Donphan|61\/100\n|\n|-heal|p2a: Donphan|100\/100|[from] move: Wish|[wisher] blissey\n|upkeep\n|turn|108\n|\n|t:|1699214619\n|switch|p1a: Rock Lee|Torterra, M|75\/100 brn\n|-damage|p1a: Rock Lee|68\/100 brn|[from] Stealth Rock\n|move|p2a: Donphan|Earthquake|p1a: Rock Lee\n|-resisted|p1a: Rock Lee\n|-damage|p1a: Rock Lee|55\/100 brn\n|\n|-damage|p1a: Rock Lee|49\/100 brn|[from] brn\n|upkeep\n|turn|109\n|\n|t:|1699214629\n|switch|p2a: blissey|Clefable, M|63\/100\n|move|p1a: Rock Lee|Synthesis|p1a: Rock Lee\n|-heal|p1a: Rock Lee|98\/100 brn\n|\n|-damage|p1a: Rock Lee|92\/100 brn|[from] brn\n|upkeep\n|turn|110\n|c|\u2606Nrox|letzte drei moves lets go\n|\n|t:|1699214638\n|switch|p1a: Hinata|Magearna|100\/100\n|-damage|p1a: Hinata|94\/100|[from] Stealth Rock\n|move|p2a: blissey|Wish|p2a: blissey\n|\n|-heal|p1a: Hinata|100\/100|[from] item: Leftovers\n|upkeep\n|turn|111\n|\n|t:|1699214648\n|switch|p2a: Donphan|Donphan, M|100\/100\n|move|p1a: Hinata|Iron Head|p2a: Donphan\n|-damage|p2a: Donphan|83\/100\n|\n|-heal|p2a: Donphan|100\/100|[from] move: Wish|[wisher] blissey\n|upkeep\n|turn|112\n|\n|t:|1699214658\n|switch|p1a: Tsunade|Milotic, M|68\/100 brn\n|-damage|p1a: Tsunade|56\/100 brn|[from] Stealth Rock\n|move|p2a: Donphan|Earthquake|p1a: Tsunade\n|-damage|p1a: Tsunade|34\/100 brn\n|\n|-damage|p1a: Tsunade|27\/100 brn|[from] brn\n|upkeep\n|turn|113\n|\n|t:|1699214671\n|switch|p2a: blissey|Clefable, M|63\/100\n|move|p1a: Tsunade|Recover|p1a: Tsunade\n|-heal|p1a: Tsunade|78\/100 brn\n|\n|-damage|p1a: Tsunade|71\/100 brn|[from] brn\n|upkeep\n|turn|114\n|\n|t:|1699214680\n|move|p1a: Tsunade|Flip Turn|p2a: blissey\n|-damage|p2a: blissey|58\/100\n|\n|t:|1699214683\n|switch|p1a: Hinata|Magearna|100\/100|[from] Flip Turn\n|-damage|p1a: Hinata|94\/100|[from] Stealth Rock\n|move|p2a: blissey|Wish|p2a: blissey\n|\n|-heal|p1a: Hinata|100\/100|[from] item: Leftovers\n|upkeep\n|turn|115\n|\n|t:|1699214702\n|switch|p2a: Donphan|Donphan, M|100\/100\n|move|p1a: Hinata|Iron Head|p2a: Donphan\n|-damage|p2a: Donphan|82\/100\n|\n|-heal|p2a: Donphan|100\/100|[from] move: Wish|[wisher] blissey\n|upkeep\n|turn|116\n|\n|t:|1699214718\n|switch|p1a: Tsunade|Milotic, M|71\/100 brn\n|-damage|p1a: Tsunade|59\/100 brn|[from] Stealth Rock\n|move|p2a: Donphan|Earthquake|p1a: Tsunade\n|-damage|p1a: Tsunade|36\/100 brn\n|\n|-damage|p1a: Tsunade|30\/100 brn|[from] brn\n|upkeep\n|turn|117\n|\n|t:|1699214730\n|switch|p2a: blissey|Clefable, M|58\/100\n|move|p1a: Tsunade|Recover|p1a: Tsunade\n|-heal|p1a: Tsunade|80\/100 brn\n|\n|-damage|p1a: Tsunade|74\/100 brn|[from] brn\n|upkeep\n|turn|118\n|\n|t:|1699214743\n|move|p1a: Tsunade|Scald|p2a: blissey\n|-damage|p2a: blissey|35\/100\n|move|p2a: blissey|Reflect|p2a: blissey\n|-sidestart|p2: Nrox|Reflect\n|\n|-damage|p1a: Tsunade|68\/100 brn|[from] brn\n|upkeep\n|turn|119\n|\n|t:|1699214749\n|move|p1a: Tsunade|Scald|p2a: blissey\n|-damage|p2a: blissey|10\/100\n|move|p2a: blissey|Wish|p2a: blissey\n|\n|-damage|p1a: Tsunade|62\/100 brn|[from] brn\n|upkeep\n|turn|120\n|\n|t:|1699214757\n|move|p1a: Tsunade|Scald|p2a: blissey\n|-damage|p2a: blissey|0 fnt\n|faint|p2a: blissey\n|\n|-damage|p1a: Tsunade|56\/100 brn|[from] brn\n|upkeep\n|\n|t:|1699214767\n|switch|p2a: Hariyama|Hariyama, F, shiny, tera:Steel|100\/100\n|turn|121\n|\n|t:|1699214799\n|move|p1a: Tsunade|Scald|p2a: Hariyama\n|-damage|p2a: Hariyama|73\/100\n|move|p2a: Hariyama|Thunder Punch|p1a: Tsunade\n|-supereffective|p1a: Tsunade\n|-damage|p1a: Tsunade|33\/100 brn\n|\n|-damage|p1a: Tsunade|27\/100 brn|[from] brn\n|upkeep\n|turn|122\n|\n|t:|1699214823\n|move|p1a: Tsunade|Recover|p1a: Tsunade\n|-heal|p1a: Tsunade|77\/100 brn\n|move|p2a: Hariyama|Thunder Punch|p1a: Tsunade\n|-supereffective|p1a: Tsunade\n|-damage|p1a: Tsunade|52\/100 brn\n|\n|-damage|p1a: Tsunade|46\/100 brn|[from] brn\n|upkeep\n|turn|123\n|\n|t:|1699214846\n|move|p1a: Tsunade|Recover|p1a: Tsunade\n|-heal|p1a: Tsunade|96\/100 brn\n|move|p2a: Hariyama|Drain Punch|p1a: Tsunade\n|-damage|p1a: Tsunade|80\/100 brn\n|-heal|p2a: Hariyama|79\/100|[from] drain|[of] p1a: Tsunade\n|\n|-damage|p1a: Tsunade|74\/100 brn|[from] brn\n|upkeep\n|turn|124\n|\n|t:|1699214865\n|move|p1a: Tsunade|Scald|p2a: Hariyama\n|-damage|p2a: Hariyama|54\/100\n|move|p2a: Hariyama|Thunder Punch|p1a: Tsunade\n|-supereffective|p1a: Tsunade\n|-damage|p1a: Tsunade|51\/100 brn\n|\n|-damage|p1a: Tsunade|45\/100 brn|[from] brn\n|upkeep\n|turn|125\n|\n|t:|1699214874\n|move|p1a: Tsunade|Scald|p2a: Hariyama\n|-damage|p2a: Hariyama|26\/100\n|-enditem|p2a: Hariyama|Sitrus Berry|[eat]\n|-heal|p2a: Hariyama|51\/100|[from] item: Sitrus Berry\n|move|p2a: Hariyama|Thunder Punch|p1a: Tsunade\n|-supereffective|p1a: Tsunade\n|-damage|p1a: Tsunade|21\/100 brn\n|\n|-damage|p1a: Tsunade|15\/100 brn|[from] brn\n|-sideend|p2: Nrox|Reflect\n|upkeep\n|turn|126\n|\n|t:|1699214886\n|move|p1a: Tsunade|Recover|p1a: Tsunade\n|-heal|p1a: Tsunade|65\/100 brn\n|move|p2a: Hariyama|Thunder Punch|p1a: Tsunade\n|-supereffective|p1a: Tsunade\n|-damage|p1a: Tsunade|40\/100 brn\n|\n|-damage|p1a: Tsunade|34\/100 brn|[from] brn\n|upkeep\n|turn|127\n|\n|t:|1699214895\n|move|p1a: Tsunade|Scald|p2a: Hariyama\n|-damage|p2a: Hariyama|27\/100\n|move|p2a: Hariyama|Thunder Punch|p1a: Tsunade\n|-supereffective|p1a: Tsunade\n|-damage|p1a: Tsunade|9\/100 brn\n|\n|-damage|p1a: Tsunade|3\/100 brn|[from] brn\n|upkeep\n|turn|128\n|\n|t:|1699214905\n|move|p2a: Hariyama|Bullet Punch|p1a: Tsunade\n|-resisted|p1a: Tsunade\n|-damage|p1a: Tsunade|0 fnt\n|faint|p1a: Tsunade\n|\n|upkeep\n|\n|t:|1699214916\n|switch|p1a: Hinata|Magearna|100\/100\n|-damage|p1a: Hinata|94\/100|[from] Stealth Rock\n|turn|129\n|\n|t:|1699214932\n|move|p1a: Hinata|Volt Switch|p2a: Hariyama\n|-damage|p2a: Hariyama|8\/100\n|\n|t:|1699214935\n|switch|p1a: Rock Lee|Torterra, M|92\/100 brn|[from] Volt Switch\n|-damage|p1a: Rock Lee|86\/100 brn|[from] Stealth Rock\n|move|p2a: Hariyama|Drain Punch|p1a: Rock Lee\n|-damage|p1a: Rock Lee|63\/100 brn\n|-heal|p2a: Hariyama|17\/100|[from] drain|[of] p1a: Rock Lee\n|\n|-damage|p1a: Rock Lee|56\/100 brn|[from] brn\n|upkeep\n|turn|130\n|\n|t:|1699214968\n|switch|p1a: Hinata|Magearna|94\/100\n|-damage|p1a: Hinata|88\/100|[from] Stealth Rock\n|move|p2a: Hariyama|Bullet Punch|p1a: Hinata\n|-damage|p1a: Hinata|75\/100\n|\n|-heal|p1a: Hinata|81\/100|[from] item: Leftovers\n|upkeep\n|turn|131\n|\n|t:|1699214980\n|switch|p2a: Donphan|Donphan, M|100\/100\n|move|p1a: Hinata|Volt Switch|p2a: Donphan\n|-immune|p2a: Donphan\n|\n|-heal|p1a: Hinata|87\/100|[from] item: Leftovers\n|upkeep\n|turn|132\n|\n|t:|1699214991\n|switch|p1a: Rock Lee|Torterra, M|56\/100 brn\n|-damage|p1a: Rock Lee|50\/100 brn|[from] Stealth Rock\n|move|p2a: Donphan|Earthquake|p1a: Rock Lee\n|-resisted|p1a: Rock Lee\n|-damage|p1a: Rock Lee|36\/100 brn\n|\n|-damage|p1a: Rock Lee|30\/100 brn|[from] brn\n|upkeep\n|turn|133\n|\n|t:|1699215007\n|move|p1a: Rock Lee|Leech Seed|p2a: Donphan\n|-start|p2a: Donphan|move: Leech Seed\n|move|p2a: Donphan|Earthquake|p1a: Rock Lee\n|-resisted|p1a: Rock Lee\n|-damage|p1a: Rock Lee|16\/100 brn\n|\n|-damage|p2a: Donphan|88\/100|[from] Leech Seed|[of] p1a: Rock Lee\n|-heal|p1a: Rock Lee|28\/100 brn|[silent]\n|-damage|p1a: Rock Lee|22\/100 brn|[from] brn\n|upkeep\n|turn|134\n|\n|t:|1699215016\n|switch|p2a: Hariyama|Hariyama, F, shiny, tera:Steel|17\/100\n|move|p1a: Rock Lee|Giga Drain|p2a: Hariyama\n|-resisted|p2a: Hariyama\n|-damage|p2a: Hariyama|7\/100\n|-heal|p1a: Rock Lee|28\/100 brn|[from] drain|[of] p2a: Hariyama\n|\n|-damage|p1a: Rock Lee|22\/100 brn|[from] brn\n|upkeep\n|turn|135\n|\n|t:|1699215044\n|move|p2a: Hariyama|Bullet Punch|p1a: Rock Lee\n|-damage|p1a: Rock Lee|9\/100 brn\n|-activate|p1a: Rock Lee|move: Struggle\n|move|p1a: Rock Lee|Struggle|p2a: Hariyama\n|-damage|p2a: Hariyama|3\/100\n|-damage|p1a: Rock Lee|0 fnt|[from] recoil\n|faint|p1a: Rock Lee\n|\n|upkeep\n|\n|t:|1699215050\n|switch|p1a: Hinata|Magearna|87\/100\n|-damage|p1a: Hinata|81\/100|[from] Stealth Rock\n|turn|136\n|\n|t:|1699215055\n|move|p2a: Hariyama|Bullet Punch|p1a: Hinata\n|-damage|p1a: Hinata|68\/100\n|move|p1a: Hinata|Iron Head|p2a: Hariyama\n|-resisted|p2a: Hariyama\n|-damage|p2a: Hariyama|0 fnt\n|faint|p2a: Hariyama\n|-ability|p1a: Hinata|Soul-Heart|boost\n|-boost|p1a: Hinata|spa|1\n|\n|-heal|p1a: Hinata|74\/100|[from] item: Leftovers\n|upkeep\n|\n|t:|1699215057\n|switch|p2a: Donphan|Donphan, M|88\/100\n|turn|137\n|\n|t:|1699215061\n|move|p1a: Hinata|Iron Head|p2a: Donphan\n|-damage|p2a: Donphan|68\/100\n|move|p2a: Donphan|Earthquake|p1a: Hinata\n|-supereffective|p1a: Hinata\n|-damage|p1a: Hinata|11\/100\n|\n|-heal|p1a: Hinata|17\/100|[from] item: Leftovers\n|upkeep\n|turn|138\n|c|\u2606Nrox|gg\n|\n|t:|1699215070\n|move|p1a: Hinata|Iron Head|p2a: Donphan\n|-damage|p2a: Donphan|50\/100\n|move|p2a: Donphan|Earthquake|p1a: Hinata\n|-supereffective|p1a: Hinata\n|-damage|p1a: Hinata|0 fnt\n|faint|p1a: Hinata\n|\n|win|Nrox\n|c|\u2606Genesis94|GG\n|c|\u2606Nrox|was ein sexy game holy shit\n|c|\u2606Nrox|GG!\n|c|\u2606Genesis94|epic\n|c|\u2606Nrox|isso 10\/10\n","uploadtime":1699215098,"views":17,"p1id":"genesis94","p2id":"nrox","formatid":"gen9anythinggoes","rating":0,"private":0,"password":""}