{"id":"gen9anythinggoes-1981661430","p1":"JustDaras","p2":"Wixu","format":"[Gen 9] Anything Goes","log":"|j|\u2606JustDaras\n|j|\u2606Wixu\n|t:|1698931334\n|gametype|singles\n|player|p1|JustDaras|265|\n|player|p2|Wixu|101|\n|teamsize|p1|6\n|teamsize|p2|6\n|gen|9\n|tier|[Gen 9] Anything Goes\n|rule|HP Percentage Mod: HP is shown in percentages\n|rule|Endless Battle Clause: Forcing endless battles is banned\n|clearpoke\n|poke|p1|Ceruledge, M|\n|poke|p1|Iron Valiant|\n|poke|p1|Dragonite, F|\n|poke|p1|Greninja-*, M|\n|poke|p1|Slowbro-Galar, M|\n|poke|p1|Gengar, M|\n|poke|p2|Moltres|\n|poke|p2|Toxicroak, M|\n|poke|p2|Wigglytuff, F|\n|poke|p2|Ninetales-Alola, M|\n|poke|p2|Slowbro-Galar, M|\n|poke|p2|Lucario, M|\n|teampreview\n|j| Wooper_Kid\n|\n|t:|1698931344\n|start\n|switch|p1a: Slowbro|Slowbro-Galar, M|100\/100\n|switch|p2a: Lucario|Lucario, M|100\/100\n|turn|1\n|\n|t:|1698931365\n|move|p2a: Lucario|Dark Pulse|p1a: Slowbro\n|-supereffective|p1a: Slowbro\n|-damage|p1a: Slowbro|46\/100\n|move|p1a: Slowbro|Iron Defense|p1a: Slowbro\n|-boost|p1a: Slowbro|def|2\n|\n|-heal|p1a: Slowbro|52\/100|[from] item: Leftovers\n|upkeep\n|turn|2\n|\n|t:|1698931373\n|move|p2a: Lucario|Dark Pulse|p1a: Slowbro\n|-supereffective|p1a: Slowbro\n|-damage|p1a: Slowbro|0 fnt\n|faint|p1a: Slowbro\n|\n|upkeep\n|\n|t:|1698931397\n|switch|p1a: Iron Valiant|Iron Valiant|100\/100\n|turn|3\n|\n|t:|1698931413\n|switch|p2a: Moltres|Moltres|100\/100\n|move|p1a: Iron Valiant|Dazzling Gleam|p2a: Moltres\n|-resisted|p2a: Moltres\n|-damage|p2a: Moltres|82\/100\n|\n|-heal|p2a: Moltres|88\/100|[from] item: Leftovers\n|upkeep\n|turn|4\n|\n|t:|1698931427\n|move|p1a: Iron Valiant|Protect|p1a: Iron Valiant\n|-singleturn|p1a: Iron Valiant|Protect\n|move|p2a: Moltres|Fire Blast|p1a: Iron Valiant\n|-activate|p1a: Iron Valiant|move: Protect\n|\n|-heal|p2a: Moltres|94\/100|[from] item: Leftovers\n|upkeep\n|turn|5\n|\n|t:|1698931434\n|move|p1a: Iron Valiant|Disable|p2a: Moltres\n|-start|p2a: Moltres|Disable|Fire Blast\n|cant|p2a: Moltres|Disable|Fire Blast\n|\n|-heal|p2a: Moltres|100\/100|[from] item: Leftovers\n|upkeep\n|turn|6\n|\n|t:|1698931442\n|-end|p1a: Iron Valiant|Quark Drive|[silent]\n|switch|p1a: Greninja|Greninja, M, shiny|100\/100\n|move|p2a: Moltres|Acrobatics|p1a: Greninja\n|-damage|p1a: Greninja|76\/100\n|\n|-heal|p1a: Greninja|82\/100|[from] item: Leftovers\n|upkeep\n|turn|7\n|\n|t:|1698931470\n|switch|p2a: Wigglytuff|Wigglytuff, F|100\/100\n|move|p1a: Greninja|Gunk Shot|p2a: Wigglytuff\n|-supereffective|p2a: Wigglytuff\n|-damage|p2a: Wigglytuff|24\/100\n|\n|-heal|p1a: Greninja|88\/100|[from] item: Leftovers\n|-heal|p2a: Wigglytuff|30\/100|[from] item: Leftovers\n|upkeep\n|turn|8\n|\n|t:|1698931487\n|move|p1a: Greninja|Hydro Pump|p2a: Wigglytuff\n|-damage|p2a: Wigglytuff|0 fnt\n|faint|p2a: Wigglytuff\n|\n|-heal|p1a: Greninja|94\/100|[from] item: Leftovers\n|upkeep\n|\n|t:|1698931494\n|switch|p2a: Ninetales|Ninetales-Alola, M|100\/100\n|-weather|Snow|[from] ability: Snow Warning|[of] p2a: Ninetales\n|turn|9\n|\n|t:|1698931502\n|move|p1a: Greninja|Gunk Shot|p2a: Ninetales\n|-supereffective|p2a: Ninetales\n|-damage|p2a: Ninetales|50\/100\n|move|p2a: Ninetales|Hypnosis|p1a: Greninja|[miss]\n|-miss|p2a: Ninetales|p1a: Greninja\n|\n|-weather|Snow|[upkeep]\n|-heal|p1a: Greninja|99\/100|[from] item: Leftovers\n|-heal|p2a: Ninetales|57\/100|[from] item: Leftovers\n|upkeep\n|turn|10\n|\n|t:|1698931512\n|move|p1a: Greninja|Gunk Shot|p2a: Ninetales\n|-supereffective|p2a: Ninetales\n|-damage|p2a: Ninetales|7\/100\n|move|p2a: Ninetales|Powder Snow|p1a: Greninja\n|-resisted|p1a: Greninja\n|-damage|p1a: Greninja|92\/100\n|\n|-weather|Snow|[upkeep]\n|-heal|p1a: Greninja|98\/100|[from] item: Leftovers\n|-heal|p2a: Ninetales|13\/100|[from] item: Leftovers\n|upkeep\n|turn|11\n|\n|t:|1698931525\n|switch|p2a: Slowbro|Slowbro-Galar, M|100\/100\n|move|p1a: Greninja|Dark Pulse|p2a: Slowbro\n|-supereffective|p2a: Slowbro\n|-damage|p2a: Slowbro|19\/100\n|\n|-weather|Snow|[upkeep]\n|-heal|p1a: Greninja|100\/100|[from] item: Leftovers\n|-heal|p2a: Slowbro|25\/100|[from] item: Leftovers\n|upkeep\n|turn|12\n|\n|t:|1698931541\n|move|p1a: Greninja|Dark Pulse|p2a: Slowbro\n|-supereffective|p2a: Slowbro\n|-damage|p2a: Slowbro|0 fnt\n|faint|p2a: Slowbro\n|\n|-weather|Snow|[upkeep]\n|upkeep\n|\n|t:|1698931547\n|switch|p2a: Lucario|Lucario, M|100\/100\n|turn|13\n|\n|t:|1698931552\n|move|p1a: Greninja|Gunk Shot|p2a: Lucario\n|-immune|p2a: Lucario\n|move|p2a: Lucario|Dark Pulse|p1a: Greninja\n|-resisted|p1a: Greninja\n|-damage|p1a: Greninja|83\/100\n|\n|-weather|none\n|-heal|p1a: Greninja|89\/100|[from] item: Leftovers\n|upkeep\n|turn|14\n|\n|t:|1698931564\n|move|p1a: Greninja|Hydro Pump|p2a: Lucario\n|-damage|p2a: Lucario|38\/100\n|move|p2a: Lucario|Brick Break|p1a: Greninja\n|-supereffective|p1a: Greninja\n|-damage|p1a: Greninja|7\/100\n|\n|-heal|p1a: Greninja|13\/100|[from] item: Leftovers\n|-heal|p2a: Lucario|44\/100|[from] item: Leftovers\n|upkeep\n|turn|15\n|\n|t:|1698931575\n|switch|p2a: Toxicroak|Toxicroak, M|100\/100\n|move|p1a: Greninja|Hydro Pump|p2a: Toxicroak\n|-immune|p2a: Toxicroak|[from] ability: Dry Skin\n|\n|-heal|p1a: Greninja|19\/100|[from] item: Leftovers\n|upkeep\n|turn|16\n|\n|t:|1698931586\n|move|p1a: Greninja|Dark Pulse|p2a: Toxicroak\n|-resisted|p2a: Toxicroak\n|-damage|p2a: Toxicroak|79\/100\n|cant|p2a: Toxicroak|flinch\n|\n|-heal|p1a: Greninja|25\/100|[from] item: Leftovers\n|-heal|p2a: Toxicroak|86\/100|[from] item: Leftovers\n|upkeep\n|turn|17\n|\n|t:|1698931601\n|move|p1a: Greninja|Dark Pulse|p2a: Toxicroak\n|-resisted|p2a: Toxicroak\n|-damage|p2a: Toxicroak|65\/100\n|move|p2a: Toxicroak|Brick Break|p1a: Greninja\n|-supereffective|p1a: Greninja\n|-damage|p1a: Greninja|0 fnt\n|faint|p1a: Greninja\n|\n|-heal|p2a: Toxicroak|71\/100|[from] item: Leftovers\n|upkeep\n|c|\u2606Wixu|dziwko\n|\n|t:|1698931612\n|switch|p1a: Ceruledge|Ceruledge, M|100\/100\n|turn|18\n|\n|t:|1698931641\n|switch|p2a: Moltres|Moltres|100\/100\n|move|p1a: Ceruledge|Flare Blitz|p2a: Moltres\n|-resisted|p2a: Moltres\n|-damage|p2a: Moltres|75\/100\n|-damage|p1a: Ceruledge|90\/100|[from] Recoil\n|\n|-heal|p2a: Moltres|81\/100|[from] item: Leftovers\n|upkeep\n|turn|19\n|\n|t:|1698931663\n|move|p1a: Ceruledge|Iron Defense|p1a: Ceruledge\n|-boost|p1a: Ceruledge|def|2\n|move|p2a: Moltres|Dual Wingbeat|p1a: Ceruledge\n|-damage|p1a: Ceruledge|82\/100\n|-damage|p1a: Ceruledge|75\/100\n|-hitcount|p1a: Ceruledge|2\n|\n|-heal|p2a: Moltres|87\/100|[from] item: Leftovers\n|upkeep\n|turn|20\n|\n|t:|1698931672\n|move|p1a: Ceruledge|Iron Defense|p1a: Ceruledge\n|-boost|p1a: Ceruledge|def|2\n|move|p2a: Moltres|Acrobatics|p1a: Ceruledge\n|-damage|p1a: Ceruledge|68\/100\n|\n|-heal|p2a: Moltres|93\/100|[from] item: Leftovers\n|upkeep\n|turn|21\n|\n|t:|1698931696\n|switch|p2a: Toxicroak|Toxicroak, M|71\/100\n|move|p1a: Ceruledge|Iron Defense|p1a: Ceruledge\n|-boost|p1a: Ceruledge|def|2\n|\n|-heal|p2a: Toxicroak|78\/100|[from] item: Leftovers\n|upkeep\n|turn|22\n|\n|t:|1698931707\n|move|p1a: Ceruledge|Protect|p1a: Ceruledge\n|-singleturn|p1a: Ceruledge|Protect\n|move|p2a: Toxicroak|Earthquake|p1a: Ceruledge\n|-activate|p1a: Ceruledge|move: Protect\n|\n|-heal|p2a: Toxicroak|84\/100|[from] item: Leftovers\n|upkeep\n|turn|23\n|\n|t:|1698931714\n|move|p1a: Ceruledge|Flare Blitz|p2a: Toxicroak\n|-damage|p2a: Toxicroak|0 fnt\n|faint|p2a: Toxicroak\n|-damage|p1a: Ceruledge|37\/100|[from] Recoil\n|\n|upkeep\n|\n|t:|1698931721\n|switch|p2a: Ninetales|Ninetales-Alola, M|13\/100\n|-weather|Snow|[from] ability: Snow Warning|[of] p2a: Ninetales\n|turn|24\n|\n|t:|1698931730\n|move|p2a: Ninetales|Hypnosis|p1a: Ceruledge\n|-status|p1a: Ceruledge|slp|[from] move: Hypnosis\n|cant|p1a: Ceruledge|slp\n|\n|-weather|Snow|[upkeep]\n|-heal|p2a: Ninetales|19\/100|[from] item: Leftovers\n|upkeep\n|turn|25\n|\n|t:|1698931742\n|switch|p1a: Iron Valiant|Iron Valiant|100\/100\n|move|p2a: Ninetales|Powder Snow|p1a: Iron Valiant\n|-damage|p1a: Iron Valiant|82\/100\n|\n|-weather|Snow|[upkeep]\n|-heal|p2a: Ninetales|25\/100|[from] item: Leftovers\n|upkeep\n|turn|26\n|\n|t:|1698931758\n|-terastallize|p2a: Ninetales|Ice\n|move|p2a: Ninetales|Hypnosis|p1a: Iron Valiant|[miss]\n|-miss|p2a: Ninetales|p1a: Iron Valiant\n|move|p1a: Iron Valiant|Focus Blast|p2a: Ninetales\n|-supereffective|p2a: Ninetales\n|-damage|p2a: Ninetales|0 fnt\n|faint|p2a: Ninetales\n|\n|-weather|Snow|[upkeep]\n|upkeep\n|c|\u2606Wixu|kurwo\n|\n|t:|1698931780\n|switch|p2a: Moltres|Moltres|93\/100\n|turn|27\n|\n|t:|1698931789\n|move|p1a: Iron Valiant|Protect|p1a: Iron Valiant\n|-singleturn|p1a: Iron Valiant|Protect\n|move|p2a: Moltres|Fire Blast|p1a: Iron Valiant\n|-activate|p1a: Iron Valiant|move: Protect\n|\n|-weather|Snow|[upkeep]\n|-heal|p2a: Moltres|99\/100|[from] item: Leftovers\n|upkeep\n|turn|28\n|\n|t:|1698931797\n|move|p1a: Iron Valiant|Disable|p2a: Moltres\n|-start|p2a: Moltres|Disable|Fire Blast\n|cant|p2a: Moltres|Disable|Fire Blast\n|\n|-weather|none\n|-heal|p2a: Moltres|100\/100|[from] item: Leftovers\n|upkeep\n|turn|29\n|\n|t:|1698931810\n|-end|p1a: Iron Valiant|Quark Drive|[silent]\n|switch|p1a: Gengar|Gengar, M|100\/100\n|move|p2a: Moltres|Acrobatics|p1a: Gengar\n|-damage|p1a: Gengar|73\/100\n|\n|-heal|p1a: Gengar|79\/100|[from] item: Leftovers\n|upkeep\n|turn|30\n|\n|t:|1698931822\n|move|p1a: Gengar|Shadow Ball|p2a: Moltres\n|-damage|p2a: Moltres|65\/100\n|-unboost|p2a: Moltres|spd|1\n|move|p2a: Moltres|Dual Wingbeat|p1a: Gengar\n|-damage|p1a: Gengar|61\/100\n|-damage|p1a: Gengar|42\/100\n|-hitcount|p1a: Gengar|2\n|\n|-heal|p1a: Gengar|48\/100|[from] item: Leftovers\n|-heal|p2a: Moltres|71\/100|[from] item: Leftovers\n|upkeep\n|turn|31\n|\n|t:|1698931834\n|switch|p2a: Lucario|Lucario, M|44\/100\n|move|p1a: Gengar|Shadow Ball|p2a: Lucario\n|-damage|p2a: Lucario|0 fnt\n|faint|p2a: Lucario\n|\n|-heal|p1a: Gengar|54\/100|[from] item: Leftovers\n|upkeep\n|\n|t:|1698931843\n|switch|p2a: Moltres|Moltres|71\/100\n|turn|32\n|\n|t:|1698931847\n|move|p1a: Gengar|Shadow Ball|p2a: Moltres\n|-damage|p2a: Moltres|36\/100\n|move|p2a: Moltres|Fire Blast|p1a: Gengar\n|-damage|p1a: Gengar|0 fnt\n|-start|p2a: Moltres|Disable|Fire Blast|[from] ability: Cursed Body|[of] p1a: Gengar\n|faint|p1a: Gengar\n|\n|-heal|p2a: Moltres|42\/100|[from] item: Leftovers\n|upkeep\n|\n|t:|1698931859\n|switch|p1a: Dragonite|Dragonite, F|100\/100\n|turn|33\n|\n|t:|1698931864\n|move|p2a: Moltres|Rest|p2a: Moltres\n|-status|p2a: Moltres|slp|[from] move: Rest\n|-heal|p2a: Moltres|100\/100 slp|[silent]\n|move|p1a: Dragonite|Dragon Pulse|p2a: Moltres\n|-damage|p2a: Moltres|68\/100 slp\n|\n|-heal|p2a: Moltres|74\/100 slp|[from] item: Leftovers\n|upkeep\n|turn|34\n|\n|t:|1698931872\n|cant|p2a: Moltres|slp\n|move|p1a: Dragonite|Fly||[still]\n|-prepare|p1a: Dragonite|Fly\n|\n|-heal|p2a: Moltres|80\/100 slp|[from] item: Leftovers\n|upkeep\n|turn|35\n|\n|t:|1698931883\n|cant|p2a: Moltres|slp\n|move|p1a: Dragonite|Fly|p2a: Moltres|[from]lockedmove\n|-damage|p2a: Moltres|46\/100 slp\n|\n|-heal|p2a: Moltres|53\/100 slp|[from] item: Leftovers\n|-end|p2a: Moltres|Disable\n|upkeep\n|turn|36\n|\n|t:|1698931892\n|move|p1a: Dragonite|Protect|p1a: Dragonite\n|-singleturn|p1a: Dragonite|Protect\n|-curestatus|p2a: Moltres|slp|[msg]\n|move|p2a: Moltres|Fire Blast|p1a: Dragonite\n|-activate|p1a: Dragonite|move: Protect\n|\n|-heal|p2a: Moltres|59\/100|[from] item: Leftovers\n|upkeep\n|turn|37\n|\n|t:|1698931901\n|move|p2a: Moltres|Acrobatics|p1a: Dragonite\n|-damage|p1a: Dragonite|91\/100\n|move|p1a: Dragonite|Dragon Dance|p1a: Dragonite\n|-boost|p1a: Dragonite|atk|1\n|-boost|p1a: Dragonite|spe|1\n|\n|-heal|p1a: Dragonite|97\/100|[from] item: Leftovers\n|-heal|p2a: Moltres|65\/100|[from] item: Leftovers\n|upkeep\n|turn|38\n|\n|t:|1698931910\n|move|p1a: Dragonite|Dragon Dance|p1a: Dragonite\n|-boost|p1a: Dragonite|atk|1\n|-boost|p1a: Dragonite|spe|1\n|move|p2a: Moltres|Dual Wingbeat|p1a: Dragonite\n|-damage|p1a: Dragonite|83\/100\n|-damage|p1a: Dragonite|68\/100\n|-hitcount|p1a: Dragonite|2\n|\n|-heal|p1a: Dragonite|74\/100|[from] item: Leftovers\n|-heal|p2a: Moltres|71\/100|[from] item: Leftovers\n|upkeep\n|turn|39\n|\n|t:|1698931920\n|move|p1a: Dragonite|Dragon Dance|p1a: Dragonite\n|-boost|p1a: Dragonite|atk|1\n|-boost|p1a: Dragonite|spe|1\n|move|p2a: Moltres|Fire Blast|p1a: Dragonite\n|-resisted|p1a: Dragonite\n|-damage|p1a: Dragonite|55\/100\n|\n|-heal|p1a: Dragonite|61\/100|[from] item: Leftovers\n|-heal|p2a: Moltres|78\/100|[from] item: Leftovers\n|upkeep\n|turn|40\n|\n|t:|1698931930\n|move|p1a: Dragonite|Dragon Dance|p1a: Dragonite\n|-boost|p1a: Dragonite|atk|1\n|-boost|p1a: Dragonite|spe|1\n|move|p2a: Moltres|Rest|p2a: Moltres\n|-status|p2a: Moltres|slp|[from] move: Rest\n|-heal|p2a: Moltres|100\/100 slp|[silent]\n|\n|-heal|p1a: Dragonite|67\/100|[from] item: Leftovers\n|upkeep\n|turn|41\n|\n|t:|1698931941\n|move|p1a: Dragonite|Dragon Pulse|p2a: Moltres\n|-damage|p2a: Moltres|69\/100 slp\n|cant|p2a: Moltres|slp\n|\n|-heal|p1a: Dragonite|73\/100|[from] item: Leftovers\n|-heal|p2a: Moltres|75\/100 slp|[from] item: Leftovers\n|upkeep\n|turn|42\n|\n|t:|1698931949\n|move|p1a: Dragonite|Dragon Pulse|p2a: Moltres\n|-damage|p2a: Moltres|42\/100 slp\n|cant|p2a: Moltres|slp\n|\n|-heal|p1a: Dragonite|79\/100|[from] item: Leftovers\n|-heal|p2a: Moltres|48\/100 slp|[from] item: Leftovers\n|upkeep\n|turn|43\n|\n|t:|1698931957\n|move|p1a: Dragonite|Dragon Pulse|p2a: Moltres\n|-damage|p2a: Moltres|17\/100 slp\n|-curestatus|p2a: Moltres|slp|[msg]\n|move|p2a: Moltres|Rest|p2a: Moltres\n|-status|p2a: Moltres|slp|[from] move: Rest\n|-heal|p2a: Moltres|100\/100 slp|[silent]\n|\n|-heal|p1a: Dragonite|85\/100|[from] item: Leftovers\n|upkeep\n|turn|44\n|\n|t:|1698931970\n|move|p1a: Dragonite|Dragon Pulse|p2a: Moltres\n|-damage|p2a: Moltres|69\/100 slp\n|cant|p2a: Moltres|slp\n|\n|-heal|p1a: Dragonite|91\/100|[from] item: Leftovers\n|-heal|p2a: Moltres|75\/100 slp|[from] item: Leftovers\n|upkeep\n|turn|45\n|\n|t:|1698931977\n|move|p1a: Dragonite|Dragon Pulse|p2a: Moltres\n|-damage|p2a: Moltres|41\/100 slp\n|cant|p2a: Moltres|slp\n|\n|-heal|p1a: Dragonite|97\/100|[from] item: Leftovers\n|-heal|p2a: Moltres|47\/100 slp|[from] item: Leftovers\n|upkeep\n|turn|46\n|\n|t:|1698931988\n|move|p1a: Dragonite|Dragon Pulse|p2a: Moltres\n|-damage|p2a: Moltres|16\/100 slp\n|-curestatus|p2a: Moltres|slp|[msg]\n|move|p2a: Moltres|Rest|p2a: Moltres\n|-status|p2a: Moltres|slp|[from] move: Rest\n|-heal|p2a: Moltres|100\/100 slp|[silent]\n|\n|-heal|p1a: Dragonite|100\/100|[from] item: Leftovers\n|upkeep\n|turn|47\n|\n|t:|1698932018\n|switch|p1a: Iron Valiant|Iron Valiant|82\/100\n|cant|p2a: Moltres|slp\n|\n|upkeep\n|turn|48\n|\n|t:|1698932030\n|move|p1a: Iron Valiant|Focus Blast|p2a: Moltres\n|-resisted|p2a: Moltres\n|-damage|p2a: Moltres|75\/100 slp\n|cant|p2a: Moltres|slp\n|\n|-heal|p2a: Moltres|81\/100 slp|[from] item: Leftovers\n|upkeep\n|turn|49\n|\n|t:|1698932037\n|move|p1a: Iron Valiant|Dazzling Gleam|p2a: Moltres\n|-resisted|p2a: Moltres\n|-damage|p2a: Moltres|60\/100 slp\n|-curestatus|p2a: Moltres|slp|[msg]\n|move|p2a: Moltres|Rest|p2a: Moltres\n|-status|p2a: Moltres|slp|[from] move: Rest\n|-heal|p2a: Moltres|100\/100 slp|[silent]\n|\n|upkeep\n|turn|50\n|\n|t:|1698932047\n|move|p1a: Iron Valiant|Disable|p2a: Moltres\n|-start|p2a: Moltres|Disable|Rest\n|cant|p2a: Moltres|slp\n|\n|upkeep\n|turn|51\n|\n|t:|1698932057\n|-end|p1a: Iron Valiant|Quark Drive|[silent]\n|switch|p1a: Dragonite|Dragonite, F|100\/100\n|cant|p2a: Moltres|slp\n|\n|upkeep\n|turn|52\n|inactive|Battle timer is ON: inactive players will automatically lose when time's up. (requested by Wixu)\n|inactiveoff|Battle timer is now OFF.\n|\n|t:|1698932072\n|-curestatus|p2a: Moltres|slp|[msg]\n|move|p2a: Moltres|Fire Blast|p1a: Dragonite\n|-resisted|p1a: Dragonite\n|-damage|p1a: Dragonite|91\/100\n|move|p1a: Dragonite|Dragon Pulse|p2a: Moltres\n|-crit|p2a: Moltres\n|-damage|p2a: Moltres|51\/100\n|\n|-heal|p2a: Moltres|57\/100|[from] item: Leftovers\n|-heal|p1a: Dragonite|97\/100|[from] item: Leftovers\n|upkeep\n|turn|53\n|\n|t:|1698932090\n|move|p2a: Moltres|Acrobatics|p1a: Dragonite\n|-damage|p1a: Dragonite|77\/100\n|move|p1a: Dragonite|Dragon Pulse|p2a: Moltres\n|-damage|p2a: Moltres|23\/100\n|\n|-heal|p2a: Moltres|30\/100|[from] item: Leftovers\n|-heal|p1a: Dragonite|83\/100|[from] item: Leftovers\n|-end|p2a: Moltres|Disable\n|upkeep\n|turn|54\n|\n|t:|1698932105\n|move|p2a: Moltres|Rest|p2a: Moltres\n|-status|p2a: Moltres|slp|[from] move: Rest\n|-heal|p2a: Moltres|100\/100 slp|[silent]\n|move|p1a: Dragonite|Dragon Pulse|p2a: Moltres\n|-damage|p2a: Moltres|69\/100 slp\n|\n|-heal|p2a: Moltres|75\/100 slp|[from] item: Leftovers\n|-heal|p1a: Dragonite|89\/100|[from] item: Leftovers\n|upkeep\n|turn|55\n|\n|t:|1698932115\n|switch|p1a: Iron Valiant|Iron Valiant|82\/100\n|cant|p2a: Moltres|slp\n|\n|-heal|p2a: Moltres|82\/100 slp|[from] item: Leftovers\n|upkeep\n|turn|56\n|\n|t:|1698932122\n|move|p1a: Iron Valiant|Dazzling Gleam|p2a: Moltres\n|-resisted|p2a: Moltres\n|-damage|p2a: Moltres|61\/100 slp\n|cant|p2a: Moltres|slp\n|\n|-heal|p2a: Moltres|67\/100 slp|[from] item: Leftovers\n|upkeep\n|turn|57\n|\n|t:|1698932129\n|move|p1a: Iron Valiant|Dazzling Gleam|p2a: Moltres\n|-resisted|p2a: Moltres\n|-damage|p2a: Moltres|48\/100 slp\n|-curestatus|p2a: Moltres|slp|[msg]\n|move|p2a: Moltres|Rest|p2a: Moltres\n|-status|p2a: Moltres|slp|[from] move: Rest\n|-heal|p2a: Moltres|100\/100 slp|[silent]\n|\n|upkeep\n|turn|58\n|\n|t:|1698932141\n|move|p1a: Iron Valiant|Disable|p2a: Moltres\n|-start|p2a: Moltres|Disable|Rest\n|cant|p2a: Moltres|slp\n|\n|upkeep\n|turn|59\n|\n|t:|1698932152\n|-end|p1a: Iron Valiant|Quark Drive|[silent]\n|switch|p1a: Dragonite|Dragonite, F|89\/100\n|cant|p2a: Moltres|slp\n|\n|-heal|p1a: Dragonite|95\/100|[from] item: Leftovers\n|upkeep\n|turn|60\n|\n|t:|1698932161\n|-curestatus|p2a: Moltres|slp|[msg]\n|move|p2a: Moltres|Fire Blast|p1a: Dragonite|[miss]\n|-miss|p2a: Moltres|p1a: Dragonite\n|move|p1a: Dragonite|Dragon Pulse|p2a: Moltres\n|-damage|p2a: Moltres|67\/100\n|\n|-heal|p2a: Moltres|73\/100|[from] item: Leftovers\n|-heal|p1a: Dragonite|100\/100|[from] item: Leftovers\n|upkeep\n|turn|61\n|\n|t:|1698932172\n|move|p2a: Moltres|Acrobatics|p1a: Dragonite\n|-damage|p1a: Dragonite|91\/100\n|move|p1a: Dragonite|Dragon Dance|p1a: Dragonite\n|-boost|p1a: Dragonite|atk|1\n|-boost|p1a: Dragonite|spe|1\n|\n|-heal|p1a: Dragonite|97\/100|[from] item: Leftovers\n|-heal|p2a: Moltres|79\/100|[from] item: Leftovers\n|-end|p2a: Moltres|Disable\n|upkeep\n|turn|62\n|\n|t:|1698932182\n|move|p1a: Dragonite|Dragon Dance|p1a: Dragonite\n|-boost|p1a: Dragonite|atk|1\n|-boost|p1a: Dragonite|spe|1\n|move|p2a: Moltres|Acrobatics|p1a: Dragonite\n|-damage|p1a: Dragonite|76\/100\n|\n|-heal|p1a: Dragonite|82\/100|[from] item: Leftovers\n|-heal|p2a: Moltres|85\/100|[from] item: Leftovers\n|upkeep\n|turn|63\n|\n|t:|1698932192\n|move|p1a: Dragonite|Dragon Dance|p1a: Dragonite\n|-boost|p1a: Dragonite|atk|1\n|-boost|p1a: Dragonite|spe|1\n|move|p2a: Moltres|Acrobatics|p1a: Dragonite\n|-damage|p1a: Dragonite|62\/100\n|\n|-heal|p1a: Dragonite|68\/100|[from] item: Leftovers\n|-heal|p2a: Moltres|92\/100|[from] item: Leftovers\n|upkeep\n|turn|64\n|\n|t:|1698932201\n|move|p1a: Dragonite|Dragon Dance|p1a: Dragonite\n|-boost|p1a: Dragonite|atk|1\n|-boost|p1a: Dragonite|spe|1\n|move|p2a: Moltres|Acrobatics|p1a: Dragonite\n|-damage|p1a: Dragonite|48\/100\n|\n|-heal|p1a: Dragonite|54\/100|[from] item: Leftovers\n|-heal|p2a: Moltres|98\/100|[from] item: Leftovers\n|upkeep\n|turn|65\n|\n|t:|1698932210\n|move|p1a: Dragonite|Dragon Dance|p1a: Dragonite\n|-boost|p1a: Dragonite|atk|1\n|-boost|p1a: Dragonite|spe|1\n|move|p2a: Moltres|Acrobatics|p1a: Dragonite\n|-damage|p1a: Dragonite|35\/100\n|\n|-heal|p1a: Dragonite|41\/100|[from] item: Leftovers\n|-heal|p2a: Moltres|100\/100|[from] item: Leftovers\n|upkeep\n|turn|66\n|\n|t:|1698932219\n|move|p1a: Dragonite|Dragon Dance|p1a: Dragonite\n|-boost|p1a: Dragonite|atk|1\n|-boost|p1a: Dragonite|spe|1\n|move|p2a: Moltres|Acrobatics|p1a: Dragonite\n|-damage|p1a: Dragonite|21\/100\n|\n|-heal|p1a: Dragonite|27\/100|[from] item: Leftovers\n|upkeep\n|turn|67\n|\n|t:|1698932227\n|move|p1a: Dragonite|Dragon Pulse|p2a: Moltres\n|-damage|p2a: Moltres|66\/100\n|move|p2a: Moltres|Acrobatics|p1a: Dragonite\n|-damage|p1a: Dragonite|8\/100\n|\n|-heal|p1a: Dragonite|14\/100|[from] item: Leftovers\n|-heal|p2a: Moltres|72\/100|[from] item: Leftovers\n|upkeep\n|turn|68\n|\n|t:|1698932235\n|move|p1a: Dragonite|Dragon Pulse|p2a: Moltres\n|-damage|p2a: Moltres|40\/100\n|move|p2a: Moltres|Acrobatics|p1a: Dragonite\n|-damage|p1a: Dragonite|0 fnt\n|faint|p1a: Dragonite\n|\n|-heal|p2a: Moltres|47\/100|[from] item: Leftovers\n|upkeep\n|\n|t:|1698932244\n|switch|p1a: Iron Valiant|Iron Valiant|82\/100\n|turn|69\n|\n|t:|1698932248\n|move|p1a: Iron Valiant|Dazzling Gleam|p2a: Moltres\n|-resisted|p2a: Moltres\n|-damage|p2a: Moltres|25\/100\n|move|p2a: Moltres|Acrobatics|p1a: Iron Valiant\n|-supereffective|p1a: Iron Valiant\n|-damage|p1a: Iron Valiant|38\/100\n|\n|-heal|p2a: Moltres|31\/100|[from] item: Leftovers\n|upkeep\n|turn|70\n|\n|t:|1698932263\n|move|p1a: Iron Valiant|Dazzling Gleam|p2a: Moltres\n|-resisted|p2a: Moltres\n|-damage|p2a: Moltres|13\/100\n|move|p2a: Moltres|Fire Blast|p1a: Iron Valiant\n|-damage|p1a: Iron Valiant|0 fnt\n|faint|p1a: Iron Valiant\n|-end|p1a: Iron Valiant|Quark Drive|[silent]\n|\n|-heal|p2a: Moltres|19\/100|[from] item: Leftovers\n|upkeep\n|\n|t:|1698932272\n|switch|p1a: Ceruledge|Ceruledge, M|37\/100 slp\n|turn|71\n|\n|t:|1698932287\n|-curestatus|p1a: Ceruledge|slp|[msg]\n|move|p1a: Ceruledge|Flare Blitz|p2a: Moltres\n|-resisted|p2a: Moltres\n|-damage|p2a: Moltres|0 fnt\n|faint|p2a: Moltres\n|-damage|p1a: Ceruledge|29\/100|[from] Recoil\n|\n|win|JustDaras\n|l|\u2606JustDaras\n","uploadtime":1698932296,"views":7,"p1id":"justdaras","p2id":"wixu","formatid":"gen9anythinggoes","rating":0,"private":0,"password":""}