{"id":"gen9anythinggoes-1975402649","p1":"ecco4502","p2":"brrpy0","format":"[Gen 9] Anything Goes","log":"|j|\u2606ecco4502\n|j|\u2606brrpy0\n|t:|1698187464\n|gametype|singles\n|player|p1|ecco4502|roark|1086\n|player|p2|brrpy0|cynthia-gen4|1084\n|teamsize|p1|6\n|teamsize|p2|6\n|gen|9\n|tier|[Gen 9] Anything Goes\n|rated|\n|rule|HP Percentage Mod: HP is shown in percentages\n|rule|Endless Battle Clause: Forcing endless battles is banned\n|clearpoke\n|poke|p1|Raichu, M|\n|poke|p1|Milotic, F|\n|poke|p1|Flareon, M|\n|poke|p1|Ninetales-Alola, M|\n|poke|p1|Gogoat, M|\n|poke|p1|Furret, F|\n|poke|p2|Maushold-Four|\n|poke|p2|Quagsire, F|\n|poke|p2|Quagsire, M|\n|poke|p2|Quagsire, M|\n|poke|p2|Quagsire, M|\n|poke|p2|Ninetales-Alola, F|\n|teampreview\n|inactive|Battle timer is ON: inactive players will automatically lose when time's up. (requested by brrpy0)\n|\n|t:|1698187473\n|start\n|switch|p1a: Frost|Ninetales-Alola, M|100\/100\n|switch|p2a: Maushold|Maushold-Four|100\/100\n|-weather|Snow|[from] ability: Snow Warning|[of] p1a: Frost\n|turn|1\n|\n|t:|1698187482\n|move|p2a: Maushold|Population Bomb|p1a: Frost\n|-damage|p1a: Frost|92\/100\n|-damage|p1a: Frost|82\/100\n|-damage|p1a: Frost|73\/100\n|-hitcount|p1a: Frost|3\n|move|p1a: Frost|Aurora Veil|p1a: Frost\n|-sidestart|p1: ecco4502|move: Aurora Veil\n|\n|-weather|Snow|[upkeep]\n|upkeep\n|turn|2\n|\n|t:|1698187494\n|move|p2a: Maushold|Population Bomb|p1a: Frost\n|-damage|p1a: Frost|68\/100\n|-damage|p1a: Frost|64\/100\n|-damage|p1a: Frost|59\/100\n|-damage|p1a: Frost|54\/100\n|-damage|p1a: Frost|50\/100\n|-damage|p1a: Frost|45\/100\n|-crit|p1a: Frost\n|-damage|p1a: Frost|30\/100\n|-hitcount|p1a: Frost|7\n|move|p1a: Frost|Blizzard|p2a: Maushold\n|-damage|p2a: Maushold|52\/100\n|-status|p2a: Maushold|frz\n|\n|-weather|Snow|[upkeep]\n|upkeep\n|turn|3\n|\n|t:|1698187513\n|switch|p2a: quak|Quagsire, F, shiny|100\/100\n|move|p1a: Frost|Blizzard|p2a: quak\n|-damage|p2a: quak|60\/100\n|\n|-weather|Snow|[upkeep]\n|-heal|p2a: quak|66\/100|[from] item: Leftovers\n|upkeep\n|turn|4\n|\n|t:|1698187522\n|move|p1a: Frost|Freeze-Dry|p2a: quak\n|-supereffective|p2a: quak\n|-damage|p2a: quak|0 fnt\n|faint|p2a: quak\n|\n|-weather|Snow|[upkeep]\n|upkeep\n|\n|t:|1698187529\n|switch|p2a: quaks|Quagsire, M, shiny|100\/100\n|turn|5\n|\n|t:|1698187541\n|-terastallize|p2a: quaks|Steel\n|move|p1a: Frost|Freeze-Dry|p2a: quaks\n|-resisted|p2a: quaks\n|-damage|p2a: quaks|88\/100\n|move|p2a: quaks|Avalanche|p1a: Frost\n|-resisted|p1a: Frost\n|-damage|p1a: Frost|25\/100\n|\n|-weather|none\n|-heal|p2a: quaks|94\/100|[from] item: Leftovers\n|upkeep\n|turn|6\n|\n|t:|1698187563\n|switch|p1a: Leviathan|Milotic, F, shiny|100\/100\n|move|p2a: quaks|Amnesia|p2a: quaks\n|-boost|p2a: quaks|spd|2\n|\n|-heal|p2a: quaks|100\/100|[from] item: Leftovers\n|-status|p1a: Leviathan|brn|[from] item: Flame Orb\n|upkeep\n|turn|7\n|\n|t:|1698187577\n|move|p1a: Leviathan|Scald|p2a: quaks\n|-damage|p2a: quaks|82\/100\n|-status|p2a: quaks|brn\n|move|p2a: quaks|Curse|p2a: quaks\n|-unboost|p2a: quaks|spe|1\n|-boost|p2a: quaks|atk|1\n|-boost|p2a: quaks|def|1\n|\n|-heal|p2a: quaks|88\/100 brn|[from] item: Leftovers\n|-damage|p1a: Leviathan|94\/100 brn|[from] brn\n|-damage|p2a: quaks|82\/100 brn|[from] brn\n|upkeep\n|turn|8\n|\n|t:|1698187589\n|move|p1a: Leviathan|Haze|p1a: Leviathan\n|-clearallboost\n|move|p2a: quaks|Avalanche|p1a: Leviathan\n|-resisted|p1a: Leviathan\n|-damage|p1a: Leviathan|94\/100 brn\n|\n|-heal|p2a: quaks|88\/100 brn|[from] item: Leftovers\n|-damage|p1a: Leviathan|88\/100 brn|[from] brn\n|-damage|p2a: quaks|82\/100 brn|[from] brn\n|-sideend|p1: ecco4502|move: Aurora Veil\n|upkeep\n|turn|9\n|-message|brrpy0 forfeited.\n|\n|win|ecco4502\n|raw|ecco4502's rating: 1086 &rarr; <strong>1113<\/strong><br \/>(+27 for winning)\n|raw|brrpy0's rating: 1084 &rarr; <strong>1062<\/strong><br \/>(-22 for losing)\n|l|\u2606brrpy0\n","uploadtime":1698187614,"views":11,"p1id":"ecco4502","p2id":"brrpy0","formatid":"gen9anythinggoes","rating":1062,"private":0,"password":""}