{"id":"gen9anythinggoes-1979947362","p1":"Bakitaladelbarrio","p2":"Dumbfudge","format":"[Gen 9] Anything Goes","log":"|j|\u2606Bakitaladelbarrio\n|j|\u2606Dumbfudge\n|t:|1698734797\n|gametype|singles\n|player|p1|Bakitaladelbarrio|colress|1342\n|player|p2|Dumbfudge|blackbelt-gen4dp|1249\n|teamsize|p1|6\n|teamsize|p2|6\n|gen|9\n|tier|[Gen 9] Anything Goes\n|rated|\n|rule|HP Percentage Mod: HP is shown in percentages\n|rule|Endless Battle Clause: Forcing endless battles is banned\n|clearpoke\n|poke|p1|Calyrex-Shadow|\n|poke|p1|Darkrai|\n|poke|p1|Ditto|\n|poke|p1|Zacian-*|\n|poke|p1|Miraidon|\n|poke|p1|Glimmora, M|\n|poke|p2|Zacian-*|\n|poke|p2|Calyrex-Shadow|\n|poke|p2|Breloom, F|\n|poke|p2|Espathra, F|\n|poke|p2|Regieleki|\n|poke|p2|Dudunsparce-*, M|\n|teampreview\n|inactive|Battle timer is ON: inactive players will automatically lose when time's up. (requested by Dumbfudge)\n|inactive|Bakitaladelbarrio also wants the timer to be on.\n|\n|t:|1698734834\n|start\n|switch|p1a: Darkrai|Darkrai|100\/100\n|switch|p2a: Espathra|Espathra, F|100\/100\n|turn|1\n|\n|t:|1698734842\n|move|p2a: Espathra|Protect|p2a: Espathra\n|-singleturn|p2a: Espathra|Protect\n|move|p1a: Darkrai|Nasty Plot|p1a: Darkrai\n|-boost|p1a: Darkrai|spa|2\n|\n|-ability|p2a: Espathra|Speed Boost|boost\n|-boost|p2a: Espathra|spe|1\n|upkeep\n|turn|2\n|\n|t:|1698734851\n|move|p2a: Espathra|Substitute|p2a: Espathra\n|-start|p2a: Espathra|Substitute\n|-damage|p2a: Espathra|76\/100\n|move|p1a: Darkrai|Hypnosis|p2a: Espathra|[miss]\n|-miss|p1a: Darkrai|p2a: Espathra\n|\n|-ability|p2a: Espathra|Speed Boost|boost\n|-boost|p2a: Espathra|spe|1\n|upkeep\n|turn|3\n|\n|t:|1698734860\n|move|p2a: Espathra|Hypnosis|p1a: Darkrai\n|-status|p1a: Darkrai|slp|[from] move: Hypnosis\n|cant|p1a: Darkrai|slp\n|\n|-ability|p2a: Espathra|Speed Boost|boost\n|-boost|p2a: Espathra|spe|1\n|upkeep\n|turn|4\n|\n|t:|1698734871\n|move|p2a: Espathra|Baton Pass|p2a: Espathra\n|\n|t:|1698734874\n|switch|p2a: Dudunsparce|Dudunsparce, M|100\/100|[from] Baton Pass\n|cant|p1a: Darkrai|slp\n|\n|upkeep\n|turn|5\n|\n|t:|1698734882\n|move|p2a: Dudunsparce|Coil|p2a: Dudunsparce\n|-boost|p2a: Dudunsparce|atk|1\n|-boost|p2a: Dudunsparce|def|1\n|-boost|p2a: Dudunsparce|accuracy|1\n|cant|p1a: Darkrai|slp\n|\n|upkeep\n|turn|6\n|\n|t:|1698734889\n|move|p2a: Dudunsparce|Baton Pass|p2a: Dudunsparce\n|\n|t:|1698734892\n|switch|p2a: Whooping cough|Zacian-Crowned|100\/100|[from] Baton Pass\n|-ability|p2a: Whooping cough|Intrepid Sword|boost\n|-boost|p2a: Whooping cough|atk|1\n|-curestatus|p1a: Darkrai|slp|[msg]\n|move|p1a: Darkrai|Dark Pulse|p2a: Whooping cough\n|-resisted|p2a: Whooping cough\n|-end|p2a: Whooping cough|Substitute\n|\n|upkeep\n|turn|7\n|\n|t:|1698734904\n|switch|p1a: Glimmora|Glimmora, M|100\/100\n|-terastallize|p2a: Whooping cough|Steel\n|move|p2a: Whooping cough|Behemoth Blade|p1a: Glimmora\n|-supereffective|p1a: Glimmora\n|-enditem|p1a: Glimmora|Focus Sash\n|-damage|p1a: Glimmora|1\/100\n|-activate|p1a: Glimmora|ability: Toxic Debris\n|-sidestart|p2: Dumbfudge|move: Toxic Spikes\n|\n|upkeep\n|turn|8\n|\n|t:|1698734916\n|move|p2a: Whooping cough|Quick Attack|p1a: Glimmora\n|-resisted|p1a: Glimmora\n|-damage|p1a: Glimmora|0 fnt\n|-activate|p1a: Glimmora|ability: Toxic Debris\n|-sidestart|p2: Dumbfudge|move: Toxic Spikes\n|faint|p1a: Glimmora\n|\n|upkeep\n|\n|t:|1698734923\n|switch|p1a: Ditto|Ditto|100\/100\n|-transform|p1a: Ditto|p2a: Whooping cough|[from] ability: Imposter\n|-ability|p1a: Ditto|Intrepid Sword|boost\n|-boost|p1a: Ditto|atk|1\n|-start|p1a: Ditto|typechange|Fairy\/Steel|[silent]\n|turn|9\n|\n|t:|1698734934\n|move|p1a: Ditto|Brick Break|p2a: Whooping cough\n|-supereffective|p2a: Whooping cough\n|-damage|p2a: Whooping cough|13\/100\n|move|p2a: Whooping cough|Behemoth Blade|p1a: Ditto\n|-crit|p1a: Ditto\n|-damage|p1a: Ditto|0 fnt\n|faint|p1a: Ditto\n|\n|upkeep\n|\n|t:|1698734945\n|switch|p1a: Calyrex|Calyrex-Shadow|100\/100\n|-ability|p1a: Calyrex|As One\n|-ability|p1a: Calyrex|Unnerve\n|turn|10\n|\n|t:|1698734955\n|switch|p2a: Dudunsparce|Dudunsparce, M|100\/100\n|-status|p2a: Dudunsparce|tox\n|move|p1a: Calyrex|Astral Barrage|p2a: Dudunsparce\n|-immune|p2a: Dudunsparce\n|\n|-damage|p2a: Dudunsparce|94\/100 tox|[from] psn\n|upkeep\n|turn|11\n|\n|t:|1698734976\n|switch|p1a: Darkrai|Darkrai|100\/100\n|move|p2a: Dudunsparce|Air Slash|p1a: Darkrai\n|-damage|p1a: Darkrai|82\/100\n|\n|-damage|p2a: Dudunsparce|82\/100 tox|[from] psn\n|upkeep\n|turn|12\n|inactive|Dumbfudge has 120 seconds left.\n|\n|t:|1698735009\n|switch|p2a: Espathra|Espathra, F|76\/100\n|-status|p2a: Espathra|tox\n|move|p1a: Darkrai|Nasty Plot|p1a: Darkrai\n|-boost|p1a: Darkrai|spa|2\n|\n|-damage|p2a: Espathra|70\/100 tox|[from] psn\n|upkeep\n|turn|13\n|\n|t:|1698735019\n|move|p2a: Espathra|Protect|p2a: Espathra\n|-singleturn|p2a: Espathra|Protect\n|move|p1a: Darkrai|Hex|p2a: Espathra\n|-activate|p2a: Espathra|move: Protect\n|\n|-damage|p2a: Espathra|58\/100 tox|[from] psn\n|-ability|p2a: Espathra|Speed Boost|boost\n|-boost|p2a: Espathra|spe|1\n|upkeep\n|turn|14\n|\n|t:|1698735029\n|move|p2a: Espathra|Substitute|p2a: Espathra\n|-start|p2a: Espathra|Substitute\n|-damage|p2a: Espathra|33\/100 tox\n|move|p1a: Darkrai|Dark Pulse|p2a: Espathra\n|-supereffective|p2a: Espathra\n|-end|p2a: Espathra|Substitute\n|\n|-damage|p2a: Espathra|15\/100 tox|[from] psn\n|-ability|p2a: Espathra|Speed Boost|boost\n|-boost|p2a: Espathra|spe|1\n|upkeep\n|turn|15\n|inactive|Dumbfudge has 120 seconds left.\n|\n|t:|1698735040\n|switch|p1a: Miraidon|Miraidon|100\/100\n|-fieldstart|move: Electric Terrain|[from] ability: Hadron Engine|[of] p1a: Miraidon\n|move|p2a: Espathra|Baton Pass|p2a: Espathra\n|\n|t:|1698735055\n|switch|p2a: Regieleki|Regieleki|100\/100|[from] Baton Pass\n|-status|p2a: Regieleki|tox\n|\n|-damage|p2a: Regieleki|95\/100 tox|[from] psn\n|upkeep\n|turn|16\n|l|\u2606Bakitaladelbarrio\n|inactive|Bakitaladelbarrio disconnected and has a minute to reconnect!\n|player|p1|\n|j|\u2606Bakitaladelbarrio\n|inactive|Bakitaladelbarrio reconnected and has 120 seconds left.\n|player|p1|Bakitaladelbarrio|colress\n|\n|t:|1698735094\n|move|p2a: Regieleki|Rapid Spin|p1a: Miraidon\n|-damage|p1a: Miraidon|91\/100\n|-boost|p2a: Regieleki|spe|1\n|-sideend|p2: Dumbfudge|Toxic Spikes|[from] move: Rapid Spin|[of] p2a: Regieleki\n|move|p1a: Miraidon|Draco Meteor|p2a: Regieleki\n|-damage|p2a: Regieleki|0 fnt\n|-unboost|p1a: Miraidon|spa|2\n|faint|p2a: Regieleki\n|\n|upkeep\n|\n|t:|1698735112\n|switch|p2a: Calyrex|Calyrex-Shadow|100\/100\n|-ability|p2a: Calyrex|As One\n|-ability|p2a: Calyrex|Unnerve\n|turn|17\n|\n|t:|1698735119\n|switch|p1a: Darkrai|Darkrai|82\/100\n|move|p2a: Calyrex|Astral Barrage|p1a: Darkrai\n|-resisted|p1a: Darkrai\n|-damage|p1a: Darkrai|33\/100\n|\n|upkeep\n|turn|18\n|\n|t:|1698735128\n|move|p2a: Calyrex|Astral Barrage|p1a: Darkrai\n|-resisted|p1a: Darkrai\n|-damage|p1a: Darkrai|0 fnt\n|faint|p1a: Darkrai\n|-ability|p2a: Calyrex|Grim Neigh|boost\n|-boost|p2a: Calyrex|spa|1\n|\n|upkeep\n|\n|t:|1698735137\n|switch|p1a: Miraidon|Miraidon|91\/100\n|-activate|p1a: Miraidon|ability: Hadron Engine\n|turn|19\n|\n|t:|1698735142\n|move|p1a: Miraidon|Volt Switch|p2a: Calyrex\n|-crit|p2a: Calyrex\n|-enditem|p2a: Calyrex|Focus Sash\n|-damage|p2a: Calyrex|1\/100\n|\n|t:|1698735147\n|switch|p1a: Zacian|Zacian-Crowned|100\/100|[from] Volt Switch\n|-ability|p1a: Zacian|Intrepid Sword|boost\n|-boost|p1a: Zacian|atk|1\n|move|p2a: Calyrex|Astral Barrage|p1a: Zacian\n|-damage|p1a: Zacian|0 fnt\n|faint|p1a: Zacian\n|-ability|p2a: Calyrex|Grim Neigh|boost\n|-boost|p2a: Calyrex|spa|1\n|\n|-fieldend|move: Electric Terrain\n|upkeep\n|\n|t:|1698735161\n|switch|p1a: Calyrex|Calyrex-Shadow|100\/100\n|-ability|p1a: Calyrex|As One\n|-ability|p1a: Calyrex|Unnerve\n|turn|20\n|\n|t:|1698735168\n|move|p1a: Calyrex|Dark Pulse|p2a: Calyrex\n|-supereffective|p2a: Calyrex\n|-damage|p2a: Calyrex|0 fnt\n|faint|p2a: Calyrex\n|-ability|p1a: Calyrex|Grim Neigh|boost\n|-boost|p1a: Calyrex|spa|1\n|\n|upkeep\n|\n|t:|1698735174\n|switch|p2a: Dudunsparce|Dudunsparce, M|82\/100 tox\n|turn|21\n|\n|t:|1698735186\n|move|p1a: Calyrex|Dark Pulse|p2a: Dudunsparce\n|-damage|p2a: Dudunsparce|40\/100 tox\n|move|p2a: Dudunsparce|Roost|p2a: Dudunsparce\n|-heal|p2a: Dudunsparce|90\/100 tox\n|-singleturn|p2a: Dudunsparce|move: Roost\n|\n|-damage|p2a: Dudunsparce|84\/100 tox|[from] psn\n|upkeep\n|turn|22\n|\n|t:|1698735199\n|move|p1a: Calyrex|Psyshock|p2a: Dudunsparce\n|-damage|p2a: Dudunsparce|28\/100 tox\n|move|p2a: Dudunsparce|Coil|p2a: Dudunsparce\n|-boost|p2a: Dudunsparce|atk|1\n|-boost|p2a: Dudunsparce|def|1\n|-boost|p2a: Dudunsparce|accuracy|1\n|\n|-damage|p2a: Dudunsparce|16\/100 tox|[from] psn\n|upkeep\n|turn|23\n|\n|t:|1698735212\n|move|p1a: Calyrex|Dark Pulse|p2a: Dudunsparce\n|-damage|p2a: Dudunsparce|0 fnt\n|faint|p2a: Dudunsparce\n|-ability|p1a: Calyrex|Grim Neigh|boost\n|-boost|p1a: Calyrex|spa|1\n|\n|upkeep\n|\n|t:|1698735219\n|switch|p2a: Espathra|Espathra, F|15\/100 tox\n|turn|24\n|\n|t:|1698735226\n|switch|p1a: Miraidon|Miraidon|91\/100\n|-fieldstart|move: Electric Terrain|[from] ability: Hadron Engine|[of] p1a: Miraidon\n|move|p2a: Espathra|Protect||[still]\n|-fail|p2a: Espathra\n|\n|-damage|p2a: Espathra|9\/100 tox|[from] psn\n|-ability|p2a: Espathra|Speed Boost|boost\n|-boost|p2a: Espathra|spe|1\n|upkeep\n|turn|25\n|\n|t:|1698735239\n|move|p1a: Miraidon|Volt Switch|p2a: Espathra\n|-damage|p2a: Espathra|0 fnt\n|faint|p2a: Espathra\n|\n|t:|1698735244\n|switch|p1a: Calyrex|Calyrex-Shadow|100\/100|[from] Volt Switch\n|-ability|p1a: Calyrex|As One\n|-ability|p1a: Calyrex|Unnerve\n|\n|upkeep\n|\n|t:|1698735250\n|switch|p2a: Whooping cough|Zacian-Crowned, tera:Steel|13\/100\n|turn|26\n|\n|t:|1698735256\n|move|p1a: Calyrex|Astral Barrage|p2a: Whooping cough\n|-damage|p2a: Whooping cough|0 fnt\n|faint|p2a: Whooping cough\n|-ability|p1a: Calyrex|Grim Neigh|boost\n|-boost|p1a: Calyrex|spa|1\n|\n|upkeep\n|\n|t:|1698735263\n|switch|p2a: Breloom|Breloom, F|100\/100\n|turn|27\n|\n|t:|1698735268\n|move|p1a: Calyrex|Psyshock|p2a: Breloom\n|-supereffective|p2a: Breloom\n|-damage|p2a: Breloom|0 fnt\n|faint|p2a: Breloom\n|\n|win|Bakitaladelbarrio\n|raw|Bakitaladelbarrio's rating: 1342 &rarr; <strong>1357<\/strong><br \/>(+15 for winning)\n|raw|Dumbfudge's rating: 1249 &rarr; <strong>1231<\/strong><br \/>(-18 for losing)\n|l|\u2606Dumbfudge\n","uploadtime":1698735275,"views":7,"p1id":"bakitaladelbarrio","p2id":"dumbfudge","formatid":"gen9anythinggoes","rating":1231,"private":0,"password":""}