{"id":"gen9anythinggoes-1999680459","p1":"Psyky","p2":"Rowan_Rocket","format":"[Gen 9] Anything Goes","log":"|j|\u2606Psyky\n|j|\u2606Rowan_Rocket\n|t:|1701107248\n|gametype|singles\n|player|p1|Psyky|n|1063\n|player|p2|Rowan_Rocket|rocketgruntf|1095\n|teamsize|p1|6\n|teamsize|p2|6\n|gen|9\n|tier|[Gen 9] Anything Goes\n|rated|\n|rule|HP Percentage Mod: HP is shown in percentages\n|rule|Endless Battle Clause: Forcing endless battles is banned\n|clearpoke\n|poke|p1|Drifblim, M|\n|poke|p1|Glimmora, F|\n|poke|p1|Noivern, M|\n|poke|p1|Luxray, M|\n|poke|p1|Decidueye, F|\n|poke|p1|Umbreon, M|\n|poke|p2|Weezing-Galar, F|\n|poke|p2|Arbok, M|\n|poke|p2|Persian, M|\n|poke|p2|Persian-Alola, F|\n|poke|p2|Ariados, M|\n|poke|p2|Drifblim, M|\n|teampreview\n|\n|t:|1701107257\n|start\n|switch|p1a: Drifblim|Drifblim, M|100\/100\n|switch|p2a: Arbok|Arbok, M|100\/100\n|turn|1\n|inactive|Battle timer is ON: inactive players will automatically lose when time's up. (requested by Psyky)\n|\n|t:|1701107266\n|-terastallize|p1a: Drifblim|Ghost\n|move|p2a: Arbok|Coil|p2a: Arbok\n|-boost|p2a: Arbok|atk|1\n|-boost|p2a: Arbok|def|1\n|-boost|p2a: Arbok|accuracy|1\n|move|p1a: Drifblim|Minimize|p1a: Drifblim\n|-boost|p1a: Drifblim|evasion|2\n|\n|upkeep\n|turn|2\n|\n|t:|1701107281\n|move|p2a: Arbok|Coil|p2a: Arbok\n|-boost|p2a: Arbok|atk|1\n|-boost|p2a: Arbok|def|1\n|-boost|p2a: Arbok|accuracy|1\n|move|p1a: Drifblim|Baton Pass|p1a: Drifblim\n|\n|t:|1701107286\n|switch|p1a: Noivern|Noivern, M|100\/100|[from] Baton Pass\n|\n|upkeep\n|turn|3\n|\n|t:|1701107303\n|move|p1a: Noivern|Dragon Pulse|p2a: Arbok\n|-damage|p2a: Arbok|55\/100\n|move|p2a: Arbok|Glare|p1a: Noivern\n|-status|p1a: Noivern|par\n|\n|upkeep\n|turn|4\n|-activate|p1a: Noivern|item: Quick Claw\n|\n|t:|1701107308\n|move|p1a: Noivern|Psychic|p2a: Arbok\n|-supereffective|p2a: Arbok\n|-damage|p2a: Arbok|0 fnt\n|faint|p2a: Arbok\n|\n|upkeep\n|\n|t:|1701107318\n|switch|p2a: Weezing|Weezing-Galar, F|100\/100\n|turn|5\n|-activate|p1a: Noivern|item: Quick Claw\n|\n|t:|1701107322\n|move|p1a: Noivern|Psychic|p2a: Weezing\n|-supereffective|p2a: Weezing\n|-damage|p2a: Weezing|50\/100\n|move|p2a: Weezing|Clear Smog|p1a: Noivern\n|-crit|p1a: Noivern\n|-damage|p1a: Noivern|69\/100 par\n|-clearboost|p1a: Noivern\n|\n|upkeep\n|turn|6\n|\n|t:|1701107333\n|move|p1a: Noivern|Psychic|p2a: Weezing\n|-supereffective|p2a: Weezing\n|-damage|p2a: Weezing|5\/100\n|move|p2a: Weezing|Pain Split|p1a: Noivern\n|-sethp|p1a: Noivern|37\/100 par|[from] move: Pain Split|[silent]\n|-sethp|p2a: Weezing|34\/100|[from] move: Pain Split\n|\n|upkeep\n|turn|7\n|\n|t:|1701107338\n|switch|p2a: Persian|Persian-Alola, F|100\/100\n|move|p1a: Noivern|Psychic|p2a: Persian\n|-immune|p2a: Persian\n|\n|upkeep\n|turn|8\n|\n|t:|1701107344\n|move|p2a: Persian|Foul Play|p1a: Noivern\n|-damage|p1a: Noivern|15\/100 par\n|cant|p1a: Noivern|par\n|\n|upkeep\n|turn|9\n|\n|t:|1701107349\n|move|p2a: Persian|Foul Play|p1a: Noivern\n|-damage|p1a: Noivern|0 fnt\n|faint|p1a: Noivern\n|\n|upkeep\n|\n|t:|1701107359\n|switch|p1a: Luxray|Luxray, M|100\/100\n|turn|10\n|\n|t:|1701107365\n|move|p2a: Persian|Foul Play|p1a: Luxray\n|-damage|p1a: Luxray|47\/100\n|move|p1a: Luxray|Spark|p2a: Persian\n|-damage|p2a: Persian|72\/100\n|\n|upkeep\n|turn|11\n|\n|t:|1701107373\n|move|p2a: Persian|Foul Play|p1a: Luxray\n|-damage|p1a: Luxray|0 fnt\n|faint|p1a: Luxray\n|\n|upkeep\n|\n|t:|1701107377\n|switch|p1a: Glimmora|Glimmora, F|100\/100\n|turn|12\n|\n|t:|1701107392\n|move|p2a: Persian|Foul Play|p1a: Glimmora\n|-damage|p1a: Glimmora|81\/100\n|-damage|p2a: Persian|55\/100|[from] item: Rocky Helmet|[of] p1a: Glimmora\n|move|p1a: Glimmora|Mortal Spin|p2a: Persian\n|-damage|p2a: Persian|51\/100\n|-status|p2a: Persian|psn\n|\n|-damage|p2a: Persian|39\/100 psn|[from] psn\n|upkeep\n|turn|13\n|\n|t:|1701107402\n|move|p2a: Persian|Parting Shot|p1a: Glimmora\n|-unboost|p1a: Glimmora|atk|1\n|-unboost|p1a: Glimmora|spa|1\n|\n|t:|1701107406\n|switch|p2a: Ariados|Ariados, M|100\/100|[from] Parting Shot\n|move|p1a: Glimmora|Power Gem|p2a: Ariados\n|-supereffective|p2a: Ariados\n|-damage|p2a: Ariados|49\/100\n|\n|upkeep\n|turn|14\n|\n|t:|1701107413\n|move|p1a: Glimmora|Power Gem|p2a: Ariados\n|-supereffective|p2a: Ariados\n|-damage|p2a: Ariados|0 fnt\n|faint|p2a: Ariados\n|\n|upkeep\n|\n|t:|1701107425\n|switch|p2a: Weezing|Weezing-Galar, F|34\/100\n|turn|15\n|\n|t:|1701107430\n|move|p1a: Glimmora|Mortal Spin|p2a: Weezing\n|-damage|p2a: Weezing|30\/100\n|-status|p2a: Weezing|psn\n|-damage|p1a: Glimmora|65\/100|[from] item: Rocky Helmet|[of] p2a: Weezing\n|move|p2a: Weezing|Pain Split|p1a: Glimmora\n|-sethp|p1a: Glimmora|46\/100|[from] move: Pain Split|[silent]\n|-sethp|p2a: Weezing|50\/100 psn|[from] move: Pain Split\n|\n|-damage|p2a: Weezing|38\/100 psn|[from] psn\n|upkeep\n|turn|16\n|\n|t:|1701107440\n|move|p1a: Glimmora|Power Gem|p2a: Weezing\n|-crit|p2a: Weezing\n|-damage|p2a: Weezing|0 fnt\n|faint|p2a: Weezing\n|\n|upkeep\n|\n|t:|1701107452\n|switch|p2a: Persian|Persian, M|100\/100\n|turn|17\n|\n|t:|1701107458\n|-terastallize|p2a: Persian|Normal\n|move|p2a: Persian|Fake Out|p1a: Glimmora\n|-enditem|p2a: Persian|Normal Gem|[from] gem\n|-resisted|p1a: Glimmora\n|-damage|p1a: Glimmora|27\/100\n|-damage|p2a: Persian|84\/100|[from] item: Rocky Helmet|[of] p1a: Glimmora\n|cant|p1a: Glimmora|flinch\n|\n|upkeep\n|turn|18\n|\n|t:|1701107465\n|move|p2a: Persian|Bite|p1a: Glimmora\n|-damage|p1a: Glimmora|5\/100\n|-damage|p2a: Persian|67\/100|[from] item: Rocky Helmet|[of] p1a: Glimmora\n|cant|p1a: Glimmora|flinch\n|\n|upkeep\n|turn|19\n|\n|t:|1701107473\n|move|p2a: Persian|Bite|p1a: Glimmora\n|-damage|p1a: Glimmora|0 fnt\n|-damage|p2a: Persian|51\/100|[from] item: Rocky Helmet|[of] p1a: Glimmora\n|faint|p1a: Glimmora\n|\n|upkeep\n|\n|t:|1701107478\n|switch|p1a: Umbreon|Umbreon, M|100\/100\n|turn|20\n|\n|t:|1701107481\n|move|p2a: Persian|U-turn|p1a: Umbreon\n|-supereffective|p1a: Umbreon\n|-damage|p1a: Umbreon|73\/100\n|\n|t:|1701107486\n|switch|p2a: Drifblim|Drifblim, M|100\/100|[from] U-turn\n|move|p1a: Umbreon|Foul Play|p2a: Drifblim\n|-supereffective|p2a: Drifblim\n|-damage|p2a: Drifblim|44\/100\n|\n|-heal|p1a: Umbreon|79\/100|[from] item: Leftovers\n|-status|p2a: Drifblim|brn|[from] item: Flame Orb\n|upkeep\n|turn|21\n|\n|t:|1701107492\n|move|p2a: Drifblim|Trick|p1a: Umbreon\n|-activate|p2a: Drifblim|move: Trick|[of] p1a: Umbreon\n|-item|p1a: Umbreon|Flame Orb|[from] move: Trick\n|-item|p2a: Drifblim|Leftovers|[from] move: Trick\n|move|p1a: Umbreon|Foul Play|p2a: Drifblim\n|-supereffective|p2a: Drifblim\n|-crit|p2a: Drifblim\n|-damage|p2a: Drifblim|0 fnt\n|faint|p2a: Drifblim\n|\n|-status|p1a: Umbreon|brn|[from] item: Flame Orb\n|upkeep\n|\n|t:|1701107497\n|switch|p2a: Persian|Persian, M, tera:Normal|51\/100\n|turn|22\n|\n|t:|1701107501\n|move|p2a: Persian|Fake Out|p1a: Umbreon\n|-damage|p1a: Umbreon|58\/100 brn\n|cant|p1a: Umbreon|flinch\n|\n|-damage|p1a: Umbreon|52\/100 brn|[from] brn\n|upkeep\n|turn|23\n|\n|t:|1701107507\n|move|p2a: Persian|U-turn|p1a: Umbreon\n|-supereffective|p1a: Umbreon\n|-damage|p1a: Umbreon|27\/100 brn\n|\n|t:|1701107509\n|switch|p2a: Persian|Persian-Alola, F|39\/100 psn|[from] U-turn\n|move|p1a: Umbreon|Wish|p1a: Umbreon\n|\n|-damage|p2a: Persian|26\/100 psn|[from] psn\n|-damage|p1a: Umbreon|21\/100 brn|[from] brn\n|upkeep\n|turn|24\n|\n|t:|1701107517\n|move|p1a: Umbreon|Protect|p1a: Umbreon\n|-singleturn|p1a: Umbreon|Protect\n|move|p2a: Persian|Roar|p1a: Umbreon\n|drag|p1a: Decidueye|Decidueye, F|100\/100\n|\n|-damage|p2a: Persian|14\/100 psn|[from] psn\n|upkeep\n|turn|25\n|\n|t:|1701107527\n|move|p2a: Persian|Foul Play|p1a: Decidueye\n|-supereffective|p1a: Decidueye\n|-damage|p1a: Decidueye|12\/100\n|move|p1a: Decidueye|Giga Drain|p2a: Persian\n|-damage|p2a: Persian|0 fnt\n|-heal|p1a: Decidueye|17\/100|[from] drain|[of] p2a: Persian\n|faint|p2a: Persian\n|\n|upkeep\n|\n|t:|1701107529\n|switch|p2a: Persian|Persian, M, tera:Normal|51\/100\n|turn|26\n|\n|t:|1701107534\n|move|p2a: Persian|Bite|p1a: Decidueye\n|-supereffective|p1a: Decidueye\n|-damage|p1a: Decidueye|0 fnt\n|faint|p1a: Decidueye\n|\n|upkeep\n|\n|t:|1701107537\n|switch|p1a: Umbreon|Umbreon, M|21\/100 brn\n|turn|27\n|\n|t:|1701107541\n|move|p1a: Umbreon|Protect|p1a: Umbreon\n|-singleturn|p1a: Umbreon|Protect\n|move|p2a: Persian|U-turn|p1a: Umbreon\n|-activate|p1a: Umbreon|move: Protect\n|\n|-damage|p1a: Umbreon|15\/100 brn|[from] brn\n|upkeep\n|turn|28\n|\n|t:|1701107548\n|move|p2a: Persian|U-turn|p1a: Umbreon\n|-supereffective|p1a: Umbreon\n|-damage|p1a: Umbreon|0 fnt\n|faint|p1a: Umbreon\n|\n|upkeep\n|\n|t:|1701107551\n|switch|p1a: Drifblim|Drifblim, M, tera:Ghost|100\/100\n|turn|29\n|\n|t:|1701107556\n|move|p2a: Persian|Bite|p1a: Drifblim\n|-supereffective|p1a: Drifblim\n|-damage|p1a: Drifblim|66\/100\n|cant|p1a: Drifblim|flinch\n|\n|upkeep\n|turn|30\n|\n|t:|1701107561\n|move|p2a: Persian|Bite|p1a: Drifblim\n|-supereffective|p1a: Drifblim\n|-damage|p1a: Drifblim|35\/100\n|move|p1a: Drifblim|Minimize|p1a: Drifblim\n|-boost|p1a: Drifblim|evasion|2\n|\n|upkeep\n|turn|31\n|\n|t:|1701107568\n|move|p2a: Persian|Aerial Ace|p1a: Drifblim\n|-damage|p1a: Drifblim|20\/100\n|move|p1a: Drifblim|Minimize|p1a: Drifblim\n|-boost|p1a: Drifblim|evasion|2\n|\n|upkeep\n|turn|32\n|\n|t:|1701107574\n|move|p2a: Persian|Aerial Ace|p1a: Drifblim\n|-damage|p1a: Drifblim|5\/100\n|move|p1a: Drifblim|Minimize|p1a: Drifblim\n|-boost|p1a: Drifblim|evasion|2\n|\n|upkeep\n|turn|33\n|\n|t:|1701107579\n|move|p2a: Persian|Aerial Ace|p1a: Drifblim\n|-damage|p1a: Drifblim|0 fnt\n|-damage|p2a: Persian|26\/100|[from] ability: Aftermath|[of] p1a: Drifblim\n|faint|p1a: Drifblim\n|\n|win|Rowan_Rocket\n|raw|Psyky's rating: 1063 &rarr; <strong>1045<\/strong><br \/>(-18 for losing)\n|raw|Rowan_Rocket's rating: 1095 &rarr; <strong>1118<\/strong><br \/>(+23 for winning)\n|l|\u2606Psyky\n","uploadtime":1701107586,"views":2,"p1id":"psyky","p2id":"rowanrocket","formatid":"gen9anythinggoes","rating":1045,"private":0,"password":""}