{"id":"gen9anythinggoes-1997818268","p1":"de-keichw","p2":"Guest 3107088","format":"[Gen 9] Anything Goes","log":"|j|\u2606de-keichw\n|j|\u203dGuest 3107088\n|t:|1700856003\n|gametype|singles\n|player|p1|de-keichw|rocketgrunt|1183\n|player|p2|Guest 3107088|266|1247\n|teamsize|p1|6\n|teamsize|p2|6\n|gen|9\n|tier|[Gen 9] Anything Goes\n|rated|\n|rule|HP Percentage Mod: HP is shown in percentages\n|rule|Endless Battle Clause: Forcing endless battles is banned\n|clearpoke\n|poke|p1|Azumarill, F|\n|poke|p1|Koraidon|\n|poke|p1|Sableye, M|\n|poke|p1|Pyroar, F|\n|poke|p1|Amoonguss, F|\n|poke|p1|Delibird, F|\n|poke|p2|Annihilape, M|\n|poke|p2|Annihilape, F|\n|poke|p2|Kingambit, M|\n|poke|p2|Annihilape, F|\n|poke|p2|Annihilape, F|\n|poke|p2|Annihilape, M|\n|teampreview\n|\n|t:|1700856006\n|start\n|switch|p1a: Azamarill|Azumarill, F|100\/100\n|switch|p2a: Annihilape|Annihilape, F|100\/100\n|turn|1\n|\n|t:|1700856013\n|switch|p1a: Sablaye|Sableye, M|100\/100\n|move|p2a: Annihilape|Final Gambit|p1a: Sablaye\n|-immune|p1a: Sablaye\n|\n|upkeep\n|turn|2\n|\n|t:|1700856019\n|move|p2a: Annihilape|Stealth Rock|p1a: Sablaye\n|-sidestart|p1: de-keichw|move: Stealth Rock\n|move|p1a: Sablaye|Shadow Ball|p2a: Annihilape\n|-supereffective|p2a: Annihilape\n|-damage|p2a: Annihilape|59\/100\n|\n|-heal|p2a: Annihilape|66\/100|[from] item: Leftovers\n|upkeep\n|turn|3\n|\n|t:|1700856021\n|move|p2a: Annihilape|Rage Fist|p1a: Sablaye\n|-damage|p1a: Sablaye|24\/100\n|move|p1a: Sablaye|Shadow Ball|p2a: Annihilape\n|-supereffective|p2a: Annihilape\n|-damage|p2a: Annihilape|27\/100\n|\n|-heal|p2a: Annihilape|33\/100|[from] item: Leftovers\n|-heal|p1a: Sablaye|30\/100|[from] item: Leftovers\n|upkeep\n|turn|4\n|\n|t:|1700856025\n|move|p2a: Annihilape|Rage Fist|p1a: Sablaye\n|-damage|p1a: Sablaye|0 fnt\n|faint|p1a: Sablaye\n|\n|-heal|p2a: Annihilape|39\/100|[from] item: Leftovers\n|upkeep\n|\n|t:|1700856027\n|switch|p1a: iced deli meat|Delibird, F|100\/100\n|-damage|p1a: iced deli meat|51\/100|[from] Stealth Rock\n|turn|5\n|\n|t:|1700856031\n|move|p1a: iced deli meat|Air Slash|p2a: Annihilape\n|-supereffective|p2a: Annihilape\n|-damage|p2a: Annihilape|3\/100\n|move|p2a: Annihilape|Rage Fist|p1a: iced deli meat\n|-damage|p1a: iced deli meat|0 fnt\n|faint|p1a: iced deli meat\n|\n|-heal|p2a: Annihilape|9\/100|[from] item: Leftovers\n|upkeep\n|\n|t:|1700856034\n|switch|p1a: Koaidon|Koraidon|100\/100\n|-weather|SunnyDay|[from] ability: Orichalcum Pulse|[of] p1a: Koaidon\n|-activate|p1a: Koaidon|Orichalcum Pulse|[source]\n|turn|6\n|\n|t:|1700856036\n|move|p1a: Koaidon|Dragon Claw|p2a: Annihilape\n|-damage|p2a: Annihilape|0 fnt\n|faint|p2a: Annihilape\n|\n|-weather|SunnyDay|[upkeep]\n|upkeep\n|\n|t:|1700856038\n|switch|p2a: Annihilape|Annihilape, M|100\/100\n|turn|7\n|\n|t:|1700856042\n|switch|p1a: Pryroar|Pyroar, F|100\/100\n|move|p2a: Annihilape|Final Gambit|p1a: Pryroar\n|-damage|p1a: Pryroar|0 fnt\n|faint|p2a: Annihilape\n|faint|p1a: Pryroar\n|\n|-weather|SunnyDay|[upkeep]\n|upkeep\n|-message|de-keichw forfeited.\n|\n|win|Guest 3107088\n|raw|de-keichw's rating: 1183 &rarr; <strong>1163<\/strong><br \/>(-20 for losing)\n|raw|Guest 3107088's rating: 1247 &rarr; <strong>1267<\/strong><br \/>(+20 for winning)\n|l|\u2606de-keichw\n","uploadtime":1700856053,"views":4,"p1id":"dekeichw","p2id":"guest3107088","formatid":"gen9anythinggoes","rating":1163,"private":0,"password":""}