{"id":"gen9anythinggoes-1972120629","p1":"Rowan_Rocket","p2":"lolmastahlol","format":"[Gen 9] Anything Goes","log":"|j|\u2606Rowan_Rocket\n|j|\u2606lolmastahlol\n|t:|1697814534\n|gametype|singles\n|player|p1|Rowan_Rocket|rocketgrunt|1123\n|player|p2|lolmastahlol|265|1152\n|teamsize|p1|6\n|teamsize|p2|6\n|gen|9\n|tier|[Gen 9] Anything Goes\n|rated|\n|rule|HP Percentage Mod: HP is shown in percentages\n|rule|Endless Battle Clause: Forcing endless battles is banned\n|clearpoke\n|poke|p1|Farigiraf, M|\n|poke|p1|Wyrdeer, M|\n|poke|p1|Ursaluna, F|\n|poke|p1|Grafaiai, F|\n|poke|p1|Zoroark-Hisui, F|\n|poke|p1|Ambipom, F|\n|poke|p2|Pikachu, F|\n|poke|p2|Raichu, M|\n|poke|p2|Empoleon, F|\n|poke|p2|Annihilape, M|\n|poke|p2|Ninetales-Alola, M|\n|poke|p2|Volcarona, F|\n|teampreview\n|\n|t:|1697814545\n|start\n|switch|p1a: Grafaiai|Grafaiai, F|100\/100\n|switch|p2a: Empoleon|Empoleon, F|100\/100\n|turn|1\n|\n|t:|1697814551\n|move|p1a: Grafaiai|Switcheroo|p2a: Empoleon\n|-activate|p1a: Grafaiai|move: Trick|[of] p2a: Empoleon\n|-item|p2a: Empoleon|Black Sludge|[from] move: Switcheroo\n|-item|p1a: Grafaiai|Heavy-Duty Boots|[from] move: Switcheroo\n|move|p2a: Empoleon|Chilling Water|p1a: Grafaiai\n|-damage|p1a: Grafaiai|59\/100\n|-unboost|p1a: Grafaiai|atk|1\n|\n|-damage|p2a: Empoleon|88\/100|[from] item: Black Sludge\n|upkeep\n|turn|2\n|\n|t:|1697814565\n|switch|p1a: Farigiraf|Farigiraf, M|100\/100\n|move|p2a: Empoleon|Chilling Water|p1a: Farigiraf\n|-damage|p1a: Farigiraf|76\/100\n|-unboost|p1a: Farigiraf|atk|1\n|\n|-damage|p2a: Empoleon|76\/100|[from] item: Black Sludge\n|upkeep\n|turn|3\n|\n|t:|1697814578\n|move|p1a: Farigiraf|Wish|p1a: Farigiraf\n|move|p2a: Empoleon|Ice Beam|p1a: Farigiraf\n|-damage|p1a: Farigiraf|44\/100\n|\n|-damage|p2a: Empoleon|63\/100|[from] item: Black Sludge\n|upkeep\n|turn|4\n|\n|t:|1697814584\n|move|p2a: Empoleon|Ice Beam|p1a: Farigiraf\n|-damage|p1a: Farigiraf|14\/100\n|move|p1a: Farigiraf|Calm Mind|p1a: Farigiraf\n|-boost|p1a: Farigiraf|spa|1\n|-boost|p1a: Farigiraf|spd|1\n|\n|-heal|p1a: Farigiraf|64\/100|[from] move: Wish|[wisher] Farigiraf\n|-damage|p2a: Empoleon|51\/100|[from] item: Black Sludge\n|upkeep\n|turn|5\n|\n|t:|1697814594\n|move|p2a: Empoleon|Ice Beam|p1a: Farigiraf\n|-damage|p1a: Farigiraf|45\/100\n|move|p1a: Farigiraf|Wish|p1a: Farigiraf\n|\n|-damage|p2a: Empoleon|39\/100|[from] item: Black Sludge\n|upkeep\n|turn|6\n|\n|t:|1697814602\n|move|p2a: Empoleon|Ice Beam|p1a: Farigiraf\n|-damage|p1a: Farigiraf|23\/100\n|move|p1a: Farigiraf|Calm Mind|p1a: Farigiraf\n|-boost|p1a: Farigiraf|spa|1\n|-boost|p1a: Farigiraf|spd|1\n|\n|-heal|p1a: Farigiraf|73\/100|[from] move: Wish|[wisher] Farigiraf\n|-damage|p2a: Empoleon|26\/100|[from] item: Black Sludge\n|upkeep\n|turn|7\n|\n|t:|1697814614\n|move|p1a: Farigiraf|Wish|p1a: Farigiraf\n|move|p2a: Empoleon|Ice Beam|p1a: Farigiraf\n|-damage|p1a: Farigiraf|58\/100\n|\n|-damage|p2a: Empoleon|14\/100|[from] item: Black Sludge\n|upkeep\n|turn|8\n|\n|t:|1697814621\n|move|p2a: Empoleon|Ice Beam|p1a: Farigiraf\n|-damage|p1a: Farigiraf|42\/100\n|move|p1a: Farigiraf|Calm Mind|p1a: Farigiraf\n|-boost|p1a: Farigiraf|spa|1\n|-boost|p1a: Farigiraf|spd|1\n|\n|-heal|p1a: Farigiraf|92\/100|[from] move: Wish|[wisher] Farigiraf\n|-damage|p2a: Empoleon|2\/100|[from] item: Black Sludge\n|upkeep\n|turn|9\n|\n|t:|1697814635\n|move|p2a: Empoleon|Ice Beam|p1a: Farigiraf\n|-damage|p1a: Farigiraf|80\/100\n|move|p1a: Farigiraf|Twin Beam|p2a: Empoleon\n|-resisted|p2a: Empoleon\n|-damage|p2a: Empoleon|0 fnt\n|faint|p2a: Empoleon\n|-hitcount|p2: Empoleon|1\n|\n|upkeep\n|\n|t:|1697814646\n|switch|p2a: Volcarona|Volcarona, F|100\/100\n|turn|10\n|\n|t:|1697814654\n|move|p2a: Volcarona|Bug Buzz|p1a: Farigiraf\n|-supereffective|p1a: Farigiraf\n|-damage|p1a: Farigiraf|42\/100\n|move|p1a: Farigiraf|Twin Beam|p2a: Volcarona\n|-damage|p2a: Volcarona|59\/100\n|-damage|p2a: Volcarona|18\/100\n|-hitcount|p2a: Volcarona|2\n|\n|upkeep\n|turn|11\n|\n|t:|1697814664\n|move|p2a: Volcarona|Bug Buzz|p1a: Farigiraf|[miss]\n|-miss|p2a: Volcarona|p1a: Farigiraf\n|move|p1a: Farigiraf|Twin Beam|p2a: Volcarona\n|-damage|p2a: Volcarona|0 fnt\n|faint|p2a: Volcarona\n|-hitcount|p2: Volcarona|1\n|\n|upkeep\n|\n|t:|1697814675\n|switch|p2a: Pikachu|Pikachu, F|100\/100\n|turn|12\n|\n|t:|1697814679\n|move|p2a: Pikachu|Thunder Wave|p1a: Farigiraf|[miss]\n|-miss|p2a: Pikachu|p1a: Farigiraf\n|move|p1a: Farigiraf|Wish|p1a: Farigiraf\n|\n|upkeep\n|turn|13\n|\n|t:|1697814684\n|move|p2a: Pikachu|Thunder Wave|p1a: Farigiraf\n|-status|p1a: Farigiraf|par\n|move|p1a: Farigiraf|Twin Beam|p2a: Pikachu\n|-crit|p2a: Pikachu\n|-damage|p2a: Pikachu|13\/100\n|-damage|p2a: Pikachu|0 fnt\n|faint|p2a: Pikachu\n|-hitcount|p2: Pikachu|2\n|\n|-heal|p1a: Farigiraf|92\/100 par|[from] move: Wish|[wisher] Farigiraf\n|upkeep\n|\n|t:|1697814697\n|switch|p2a: Annihilape|Annihilape, M|100\/100\n|turn|14\n|\n|t:|1697814702\n|move|p2a: Annihilape|Rage Fist|p1a: Farigiraf\n|-immune|p1a: Farigiraf\n|move|p1a: Farigiraf|Twin Beam|p2a: Annihilape\n|-supereffective|p2a: Annihilape\n|-damage|p2a: Annihilape|25\/100\n|-supereffective|p2a: Annihilape\n|-damage|p2a: Annihilape|0 fnt\n|faint|p2a: Annihilape\n|-hitcount|p2: Annihilape|2\n|\n|upkeep\n|-message|lolmastahlol forfeited.\n|\n|win|Rowan_Rocket\n|raw|Rowan_Rocket's rating: 1123 &rarr; <strong>1150<\/strong><br \/>(+27 for winning)\n|raw|lolmastahlol's rating: 1152 &rarr; <strong>1125<\/strong><br \/>(-27 for losing)\n|l|\u2606lolmastahlol\n","uploadtime":1697814715,"views":6,"p1id":"rowanrocket","p2id":"lolmastahlol","formatid":"gen9anythinggoes","rating":1125,"private":0,"password":""}