{"id":"gen9anythinggoes-1997094046","p1":"Alister975!","p2":"Diwu the ditto","format":"[Gen 9] Anything Goes","log":"|j|\u2606Alister975!\n|j|\u2606Diwu the ditto\n|t:|1700763885\n|gametype|singles\n|player|p1|Alister975!|n|1186\n|player|p2|Diwu the ditto|liza|1129\n|teamsize|p1|6\n|teamsize|p2|6\n|gen|9\n|tier|[Gen 9] Anything Goes\n|rated|\n|rule|HP Percentage Mod: HP is shown in percentages\n|rule|Endless Battle Clause: Forcing endless battles is banned\n|clearpoke\n|poke|p1|Arcanine-Hisui, M|\n|poke|p1|Walking Wake|\n|poke|p1|Urshifu-*, M|\n|poke|p1|Abomasnow, M|\n|poke|p1|Zapdos|\n|poke|p1|Clodsire, M|\n|poke|p2|Iron Valiant|\n|poke|p2|Garganacl, M|\n|poke|p2|Bramblin, F|\n|poke|p2|Ogerpon-Hearthflame, F|\n|poke|p2|Annihilape, M|\n|poke|p2|Glimmora, F|\n|teampreview\n|\n|t:|1700763890\n|start\n|switch|p1a: Clodsire|Clodsire, M|100\/100\n|switch|p2a: Glimmora|Glimmora, F|100\/100\n|turn|1\n|\n|t:|1700763902\n|move|p2a: Glimmora|Stealth Rock|p1a: Clodsire\n|-sidestart|p1: Alister975!|move: Stealth Rock\n|move|p1a: Clodsire|Toxic Spikes|p2a: Glimmora\n|-sidestart|p2: Diwu the ditto|move: Toxic Spikes\n|\n|upkeep\n|turn|2\n|\n|t:|1700763907\n|move|p2a: Glimmora|Toxic Spikes|p1a: Clodsire\n|-sidestart|p1: Alister975!|move: Toxic Spikes\n|move|p1a: Clodsire|Spikes|p2a: Glimmora\n|-sidestart|p2: Diwu the ditto|Spikes\n|\n|upkeep\n|turn|3\n|\n|t:|1700763913\n|move|p2a: Glimmora|Spikes|p1a: Clodsire\n|-sidestart|p1: Alister975!|Spikes\n|move|p1a: Clodsire|Spikes|p2a: Glimmora\n|-sidestart|p2: Diwu the ditto|Spikes\n|\n|upkeep\n|turn|4\n|\n|t:|1700763921\n|move|p2a: Glimmora|Spikes|p1a: Clodsire\n|-sidestart|p1: Alister975!|Spikes\n|move|p1a: Clodsire|Spikes|p2a: Glimmora\n|-sidestart|p2: Diwu the ditto|Spikes\n|\n|upkeep\n|turn|5\n|\n|t:|1700763930\n|move|p2a: Glimmora|Spikes|p1a: Clodsire\n|-sidestart|p1: Alister975!|Spikes\n|move|p1a: Clodsire|High Horsepower|p2a: Glimmora\n|-supereffective|p2a: Glimmora\n|-damage|p2a: Glimmora|0 fnt\n|-activate|p2a: Glimmora|ability: Toxic Debris\n|-sidestart|p1: Alister975!|move: Toxic Spikes\n|faint|p2a: Glimmora\n|\n|upkeep\n|inactive|Battle timer is ON: inactive players will automatically lose when time's up. (requested by Alister975!)\n|\n|t:|1700763954\n|switch|p2a: Bramblin|Bramblin, F|100\/100\n|-status|p2a: Bramblin|psn\n|-damage|p2a: Bramblin|76\/100 psn|[from] Spikes\n|turn|6\n|\n|t:|1700763960\n|move|p2a: Bramblin|Leech Seed|p1a: Clodsire\n|-start|p1a: Clodsire|move: Leech Seed\n|move|p1a: Clodsire|High Horsepower|p2a: Bramblin\n|-resisted|p2a: Bramblin\n|-damage|p2a: Bramblin|46\/100 psn\n|\n|-damage|p1a: Clodsire|88\/100|[from] Leech Seed|[of] p2a: Bramblin\n|-heal|p2a: Bramblin|69\/100 psn|[silent]\n|-damage|p2a: Bramblin|57\/100 psn|[from] psn\n|upkeep\n|turn|7\n|\n|t:|1700763971\n|move|p2a: Bramblin|Disable|p1a: Clodsire\n|-start|p1a: Clodsire|Disable|High Horsepower\n|cant|p1a: Clodsire|Disable|High Horsepower\n|\n|-damage|p1a: Clodsire|76\/100|[from] Leech Seed|[of] p2a: Bramblin\n|-heal|p2a: Bramblin|79\/100 psn|[silent]\n|-damage|p2a: Bramblin|67\/100 psn|[from] psn\n|upkeep\n|turn|8\n|\n|t:|1700763987\n|move|p2a: Bramblin|Curse|p1a: Clodsire\n|-start|p1a: Clodsire|Curse|[of] p2a: Bramblin\n|-damage|p2a: Bramblin|17\/100 psn\n|move|p1a: Clodsire|Toxic Spikes|p2a: Bramblin\n|-sidestart|p2: Diwu the ditto|move: Toxic Spikes\n|\n|-damage|p1a: Clodsire|63\/100|[from] Leech Seed|[of] p2a: Bramblin\n|-heal|p2a: Bramblin|40\/100 psn|[silent]\n|-damage|p2a: Bramblin|28\/100 psn|[from] psn\n|-damage|p1a: Clodsire|38\/100|[from] Curse\n|upkeep\n|turn|9\n|\n|t:|1700764006\n|switch|p2a: Garganacl|Garganacl, M|100\/100\n|-status|p2a: Garganacl|tox\n|-damage|p2a: Garganacl|76\/100 tox|[from] Spikes\n|move|p1a: Clodsire|Haze|p1a: Clodsire\n|-clearallboost\n|\n|-damage|p1a: Clodsire|26\/100|[from] Leech Seed|[of] p2a: Garganacl\n|-heal|p2a: Garganacl|90\/100 tox|[silent]\n|-damage|p2a: Garganacl|84\/100 tox|[from] psn\n|-damage|p1a: Clodsire|1\/100|[from] Curse\n|upkeep\n|turn|10\n|\n|t:|1700764026\n|move|p2a: Garganacl|Salt Cure|p1a: Clodsire\n|-resisted|p1a: Clodsire\n|-damage|p1a: Clodsire|0 fnt\n|faint|p1a: Clodsire\n|\n|-damage|p2a: Garganacl|72\/100 tox|[from] psn\n|upkeep\n|\n|t:|1700764035\n|switch|p1a: Abomasnow|Abomasnow, M|100\/100\n|-damage|p1a: Abomasnow|76\/100|[from] Stealth Rock\n|-status|p1a: Abomasnow|tox\n|-damage|p1a: Abomasnow|51\/100 tox|[from] Spikes\n|-weather|Snow|[from] ability: Snow Warning|[of] p1a: Abomasnow\n|turn|11\n|\n|t:|1700764044\n|move|p1a: Abomasnow|Blizzard|p2a: Garganacl\n|-damage|p2a: Garganacl|10\/100 tox\n|-damage|p1a: Abomasnow|41\/100 tox|[from] item: Life Orb\n|move|p2a: Garganacl|Salt Cure|p1a: Abomasnow\n|-supereffective|p1a: Abomasnow\n|-damage|p1a: Abomasnow|5\/100 tox\n|-start|p1a: Abomasnow|Salt Cure\n|\n|-weather|Snow|[upkeep]\n|-damage|p1a: Abomasnow|0 fnt|[from] psn\n|faint|p1a: Abomasnow\n|-damage|p2a: Garganacl|0 fnt|[from] psn\n|faint|p2a: Garganacl\n|upkeep\n|\n|t:|1700764059\n|switch|p1a: Walking Wake|Walking Wake|100\/100\n|switch|p2a: Bramblin|Bramblin, F|28\/100 psn\n|-damage|p2a: Bramblin|3\/100 psn|[from] Spikes\n|turn|12\n|\n|t:|1700764066\n|move|p1a: Walking Wake|Hydro Steam|p2a: Bramblin\n|-resisted|p2a: Bramblin\n|-damage|p2a: Bramblin|0 fnt\n|faint|p2a: Bramblin\n|\n|-weather|Snow|[upkeep]\n|upkeep\n|\n|t:|1700764077\n|switch|p2a: Ogerpon|Ogerpon-Hearthflame, F|100\/100\n|-status|p2a: Ogerpon|tox\n|-damage|p2a: Ogerpon|76\/100 tox|[from] Spikes\n|-ability|p2a: Ogerpon|Mold Breaker\n|turn|13\n|\n|t:|1700764091\n|move|p2a: Ogerpon|Leech Seed|p1a: Walking Wake\n|-start|p1a: Walking Wake|move: Leech Seed\n|move|p1a: Walking Wake|Hydro Steam|p2a: Ogerpon\n|-damage|p2a: Ogerpon|23\/100 tox\n|\n|-weather|Snow|[upkeep]\n|-damage|p1a: Walking Wake|88\/100|[from] Leech Seed|[of] p2a: Ogerpon\n|-heal|p2a: Ogerpon|37\/100 tox|[silent]\n|-damage|p2a: Ogerpon|31\/100 tox|[from] psn\n|upkeep\n|turn|14\n|\n|t:|1700764101\n|move|p2a: Ogerpon|Horn Leech|p1a: Walking Wake\n|-damage|p1a: Walking Wake|48\/100\n|-heal|p2a: Ogerpon|53\/100 tox|[from] drain|[of] p1a: Walking Wake\n|move|p1a: Walking Wake|Hydro Steam|p2a: Ogerpon\n|-damage|p2a: Ogerpon|4\/100 tox\n|\n|-weather|Snow|[upkeep]\n|-damage|p1a: Walking Wake|36\/100|[from] Leech Seed|[of] p2a: Ogerpon\n|-heal|p2a: Ogerpon|18\/100 tox|[silent]\n|-damage|p2a: Ogerpon|6\/100 tox|[from] psn\n|upkeep\n|turn|15\n|\n|t:|1700764116\n|move|p2a: Ogerpon|Horn Leech|p1a: Walking Wake\n|-damage|p1a: Walking Wake|0 fnt\n|-heal|p2a: Ogerpon|26\/100 tox|[from] drain|[of] p1a: Walking Wake\n|faint|p1a: Walking Wake\n|-end|p1a: Walking Wake|Protosynthesis|[silent]\n|\n|-weather|none\n|-damage|p2a: Ogerpon|8\/100 tox|[from] psn\n|upkeep\n|\n|t:|1700764125\n|switch|p1a: Zapdos|Zapdos|100\/100\n|-damage|p1a: Zapdos|76\/100|[from] Stealth Rock\n|turn|16\n|\n|t:|1700764130\n|move|p2a: Ogerpon|Leech Seed|p1a: Zapdos\n|-start|p1a: Zapdos|move: Leech Seed\n|move|p1a: Zapdos|Thunderbolt|p2a: Ogerpon\n|-resisted|p2a: Ogerpon\n|-damage|p2a: Ogerpon|0 fnt\n|faint|p2a: Ogerpon\n|\n|upkeep\n|\n|t:|1700764137\n|switch|p2a: Annihilape|Annihilape, M|100\/100\n|-status|p2a: Annihilape|tox\n|-damage|p2a: Annihilape|76\/100 tox|[from] Spikes\n|turn|17\n|\n|t:|1700764146\n|move|p2a: Annihilape|Bulk Up|p2a: Annihilape\n|-boost|p2a: Annihilape|atk|1\n|-boost|p2a: Annihilape|def|1\n|move|p1a: Zapdos|Thunderbolt|p2a: Annihilape\n|-damage|p2a: Annihilape|37\/100 tox\n|\n|-damage|p1a: Zapdos|63\/100|[from] Leech Seed|[of] p2a: Annihilape\n|-heal|p2a: Annihilape|48\/100 tox|[silent]\n|-damage|p2a: Annihilape|42\/100 tox|[from] psn\n|upkeep\n|turn|18\n|\n|t:|1700764159\n|move|p2a: Annihilape|Drain Punch|p1a: Zapdos\n|-resisted|p1a: Zapdos\n|-damage|p1a: Zapdos|21\/100\n|-heal|p2a: Annihilape|61\/100 tox|[from] drain|[of] p1a: Zapdos\n|-damage|p2a: Annihilape|51\/100 tox|[from] item: Life Orb\n|move|p1a: Zapdos|Thunderbolt|p2a: Annihilape\n|-crit|p2a: Annihilape\n|-damage|p2a: Annihilape|0 fnt\n|faint|p2a: Annihilape\n|\n|upkeep\n|\n|t:|1700764170\n|switch|p2a: Iron Valiant|Iron Valiant|100\/100\n|-status|p2a: Iron Valiant|tox\n|-damage|p2a: Iron Valiant|76\/100 tox|[from] Spikes\n|-enditem|p2a: Iron Valiant|Booster Energy\n|-activate|p2a: Iron Valiant|ability: Quark Drive|[fromitem]\n|-start|p2a: Iron Valiant|quarkdriveatk\n|turn|19\n|\n|t:|1700764184\n|-terastallize|p2a: Iron Valiant|Fairy\n|move|p2a: Iron Valiant|Swords Dance|p2a: Iron Valiant\n|-boost|p2a: Iron Valiant|atk|2\n|move|p1a: Zapdos|Thunder Wave||[still]\n|-fail|p1a: Zapdos\n|\n|-damage|p1a: Zapdos|9\/100|[from] Leech Seed|[of] p2a: Iron Valiant\n|-heal|p2a: Iron Valiant|89\/100 tox|[silent]\n|-damage|p2a: Iron Valiant|83\/100 tox|[from] psn\n|upkeep\n|turn|20\n|\n|t:|1700764197\n|move|p2a: Iron Valiant|Night Slash|p1a: Zapdos\n|-damage|p1a: Zapdos|0 fnt\n|faint|p1a: Zapdos\n|\n|-damage|p2a: Iron Valiant|71\/100 tox|[from] psn\n|upkeep\n|\n|t:|1700764205\n|switch|p1a: Arcanine|Arcanine-Hisui, M|100\/100\n|-damage|p1a: Arcanine|75\/100|[from] Stealth Rock\n|-status|p1a: Arcanine|tox\n|-damage|p1a: Arcanine|50\/100 tox|[from] Spikes\n|turn|21\n|\n|t:|1700764214\n|move|p2a: Iron Valiant|Night Slash|p1a: Arcanine\n|-damage|p1a: Arcanine|0 fnt\n|faint|p1a: Arcanine\n|\n|-damage|p2a: Iron Valiant|52\/100 tox|[from] psn\n|upkeep\n|\n|t:|1700764222\n|switch|p1a: Urshifu|Urshifu, M|100\/100\n|-damage|p1a: Urshifu|94\/100|[from] Stealth Rock\n|-status|p1a: Urshifu|tox\n|-damage|p1a: Urshifu|70\/100 tox|[from] Spikes\n|turn|22\n|\n|t:|1700764231\n|move|p2a: Iron Valiant|Spirit Break|p1a: Urshifu\n|-supereffective|p1a: Urshifu\n|-damage|p1a: Urshifu|0 fnt\n|faint|p1a: Urshifu\n|\n|win|Diwu the ditto\n|raw|Alister975!'s rating: 1186 &rarr; <strong>1157<\/strong><br \/>(-29 for losing)\n|raw|Diwu the ditto's rating: 1129 &rarr; <strong>1158<\/strong><br \/>(+29 for winning)\n|l|\u2606Alister975!\n","uploadtime":1700764251,"views":1,"p1id":"alister975","p2id":"diwutheditto","formatid":"gen9anythinggoes","rating":1157,"private":0,"password":""}