{"id":"gen9anythinggoes-1982237450","p1":"DaGuyOverThere","p2":"Ankun4","format":"[Gen 9] Anything Goes","log":"|j|\u2606DaGuyOverThere\n|j|\u2606Ankun4\n|t:|1698982826\n|gametype|singles\n|player|p1|DaGuyOverThere|psychic-gen4|1033\n|player|p2|Ankun4|170|1022\n|teamsize|p1|6\n|teamsize|p2|6\n|gen|9\n|tier|[Gen 9] Anything Goes\n|rated|\n|rule|HP Percentage Mod: HP is shown in percentages\n|rule|Endless Battle Clause: Forcing endless battles is banned\n|clearpoke\n|poke|p1|Vaporeon, M|\n|poke|p1|Azumarill, M|\n|poke|p1|Cramorant, M|\n|poke|p1|Pelipper, F|\n|poke|p1|Floatzel, M|\n|poke|p1|Manaphy|\n|poke|p2|Magnezone|\n|poke|p2|Dusknoir, F|\n|poke|p2|Empoleon, F|\n|poke|p2|Gardevoir, F|\n|poke|p2|Sandslash, F|\n|poke|p2|Umbreon, F|\n|teampreview\n|\n|t:|1698982851\n|start\n|switch|p1a: Da Birde|Pelipper, F|100\/100\n|switch|p2a: Umbreon|Umbreon, F|100\/100\n|-weather|RainDance|[from] ability: Drizzle|[of] p1a: Da Birde\n|turn|1\n|\n|t:|1698982861\n|move|p1a: Da Birde|Knock Off|p2a: Umbreon\n|-resisted|p2a: Umbreon\n|-crit|p2a: Umbreon\n|-damage|p2a: Umbreon|94\/100\n|-enditem|p2a: Umbreon|Leftovers|[from] move: Knock Off|[of] p1a: Da Birde\n|move|p2a: Umbreon|Confuse Ray|p1a: Da Birde\n|-start|p1a: Da Birde|confusion\n|\n|-weather|RainDance|[upkeep]\n|upkeep\n|turn|2\n|\n|t:|1698982870\n|-activate|p1a: Da Birde|confusion\n|-damage|p1a: Da Birde|95\/100|[from] confusion\n|move|p2a: Umbreon|Toxic|p1a: Da Birde\n|-status|p1a: Da Birde|tox\n|\n|-weather|RainDance|[upkeep]\n|-damage|p1a: Da Birde|89\/100 tox|[from] psn\n|upkeep\n|turn|3\n|\n|t:|1698982878\n|-end|p1a: Da Birde|confusion\n|move|p1a: Da Birde|Tailwind|p1a: Da Birde\n|-sidestart|p1: DaGuyOverThere|move: Tailwind\n|move|p2a: Umbreon|Foul Play|p1a: Da Birde\n|-damage|p1a: Da Birde|71\/100 tox\n|-damage|p2a: Umbreon|78\/100|[from] item: Rocky Helmet|[of] p1a: Da Birde\n|\n|-weather|RainDance|[upkeep]\n|-damage|p1a: Da Birde|59\/100 tox|[from] psn\n|upkeep\n|turn|4\n|\n|t:|1698982888\n|move|p1a: Da Birde|Roost|p1a: Da Birde\n|-heal|p1a: Da Birde|100\/100 tox\n|-singleturn|p1a: Da Birde|move: Roost\n|move|p2a: Umbreon|Wish|p2a: Umbreon\n|\n|-weather|RainDance|[upkeep]\n|-damage|p1a: Da Birde|82\/100 tox|[from] psn\n|upkeep\n|turn|5\n|\n|t:|1698982915\n|switch|p1a: Da Water Cat|Vaporeon, M, shiny|100\/100\n|move|p2a: Umbreon|Confuse Ray|p1a: Da Water Cat\n|-start|p1a: Da Water Cat|confusion\n|\n|-weather|none\n|-heal|p2a: Umbreon|100\/100|[from] move: Wish|[wisher] Umbreon\n|upkeep\n|turn|6\n|\n|t:|1698982924\n|-activate|p1a: Da Water Cat|confusion\n|-damage|p1a: Da Water Cat|97\/100|[from] confusion\n|move|p2a: Umbreon|Toxic|p1a: Da Water Cat\n|-status|p1a: Da Water Cat|tox\n|\n|-heal|p1a: Da Water Cat|100\/100 tox|[from] item: Leftovers\n|-damage|p1a: Da Water Cat|94\/100 tox|[from] psn\n|-sideend|p1: DaGuyOverThere|move: Tailwind\n|upkeep\n|turn|7\n|\n|t:|1698982933\n|switch|p2a: Magnezone|Magnezone|100\/100\n|-activate|p1a: Da Water Cat|confusion\n|move|p1a: Da Water Cat|Substitute|p1a: Da Water Cat\n|-start|p1a: Da Water Cat|Substitute\n|-damage|p1a: Da Water Cat|69\/100 tox\n|\n|-heal|p1a: Da Water Cat|75\/100 tox|[from] item: Leftovers\n|-damage|p1a: Da Water Cat|63\/100 tox|[from] psn\n|upkeep\n|turn|8\n|\n|t:|1698982944\n|-activate|p1a: Da Water Cat|confusion\n|-damage|p1a: Da Water Cat|59\/100 tox|[from] confusion\n|move|p2a: Magnezone|Thunderbolt|p1a: Da Water Cat\n|-supereffective|p1a: Da Water Cat\n|-end|p1a: Da Water Cat|Substitute\n|\n|-heal|p1a: Da Water Cat|66\/100 tox|[from] item: Leftovers\n|-damage|p1a: Da Water Cat|47\/100 tox|[from] psn\n|upkeep\n|turn|9\n|c|\u2606DaGuyOverThere|damn\n|\n|t:|1698982966\n|-end|p1a: Da Water Cat|confusion\n|move|p1a: Da Water Cat|Substitute|p1a: Da Water Cat\n|-start|p1a: Da Water Cat|Substitute\n|-damage|p1a: Da Water Cat|22\/100 tox\n|move|p2a: Magnezone|Thunderbolt|p1a: Da Water Cat\n|-supereffective|p1a: Da Water Cat\n|-end|p1a: Da Water Cat|Substitute\n|\n|-heal|p1a: Da Water Cat|28\/100 tox|[from] item: Leftovers\n|-damage|p1a: Da Water Cat|3\/100 tox|[from] psn\n|upkeep\n|turn|10\n|\n|t:|1698982977\n|move|p1a: Da Water Cat|Substitute|p1a: Da Water Cat\n|-fail|p1a: Da Water Cat|move: Substitute|[weak]\n|move|p2a: Magnezone|Thunderbolt|p1a: Da Water Cat\n|-supereffective|p1a: Da Water Cat\n|-damage|p1a: Da Water Cat|0 fnt\n|faint|p1a: Da Water Cat\n|\n|upkeep\n|\n|t:|1698982988\n|switch|p1a: Da Birde|Pelipper, F|82\/100 tox\n|-weather|RainDance|[from] ability: Drizzle|[of] p1a: Da Birde\n|turn|11\n|\n|t:|1698982993\n|move|p1a: Da Birde|Knock Off|p2a: Magnezone\n|-damage|p2a: Magnezone|91\/100\n|-enditem|p2a: Magnezone|Choice Specs|[from] move: Knock Off|[of] p1a: Da Birde\n|move|p2a: Magnezone|Thunderbolt|p1a: Da Birde\n|-supereffective|p1a: Da Birde\n|-damage|p1a: Da Birde|0 fnt\n|faint|p1a: Da Birde\n|\n|-weather|RainDance|[upkeep]\n|upkeep\n|\n|t:|1698983005\n|switch|p1a: Da Life Gard|Floatzel, M|100\/100\n|turn|12\n|\n|t:|1698983015\n|-terastallize|p1a: Da Life Gard|Fighting\n|move|p1a: Da Life Gard|Bulk Up|p1a: Da Life Gard\n|-boost|p1a: Da Life Gard|atk|1\n|-boost|p1a: Da Life Gard|def|1\n|move|p2a: Magnezone|Thunderbolt|p1a: Da Life Gard\n|-damage|p1a: Da Life Gard|6\/100\n|\n|-weather|RainDance|[upkeep]\n|upkeep\n|turn|13\n|\n|t:|1698983024\n|move|p1a: Da Life Gard|Brick Break|p2a: Magnezone\n|-supereffective|p2a: Magnezone\n|-damage|p2a: Magnezone|0 fnt\n|faint|p2a: Magnezone\n|\n|-weather|RainDance|[upkeep]\n|upkeep\n|\n|t:|1698983033\n|switch|p2a: Gardevoir|Gardevoir, F|100\/100\n|-ability|p2a: Gardevoir|Swift Swim|[from] ability: Trace|[of] p1a: Da Life Gard\n|turn|14\n|\n|t:|1698983043\n|move|p1a: Da Life Gard|Wave Crash|p2a: Gardevoir\n|-damage|p2a: Gardevoir|0 fnt\n|faint|p2a: Gardevoir\n|-damage|p1a: Da Life Gard|0 fnt|[from] Recoil\n|faint|p1a: Da Life Gard\n|\n|-weather|RainDance|[upkeep]\n|upkeep\n|\n|t:|1698983062\n|switch|p1a: Da Foetus|Manaphy|100\/100\n|switch|p2a: Empoleon|Empoleon, F|100\/100\n|turn|15\n|\n|t:|1698983068\n|move|p1a: Da Foetus|Tail Glow|p1a: Da Foetus\n|-boost|p1a: Da Foetus|spa|3\n|move|p2a: Empoleon|Stealth Rock|p1a: Da Foetus\n|-sidestart|p1: DaGuyOverThere|move: Stealth Rock\n|\n|-weather|none\n|upkeep\n|turn|16\n|c|\u2606DaGuyOverThere|gimme one second\n|c|\u2606DaGuyOverThere|back\n|c|\u2606DaGuyOverThere|sorry\n|\n|t:|1698983165\n|move|p1a: Da Foetus|Energy Ball|p2a: Empoleon\n|-damage|p2a: Empoleon|43\/100\n|move|p2a: Empoleon|Aqua Ring|p2a: Empoleon\n|-start|p2a: Empoleon|Aqua Ring\n|\n|-heal|p2a: Empoleon|49\/100|[from] Aqua Ring\n|upkeep\n|turn|17\n|\n|t:|1698983176\n|move|p1a: Da Foetus|Energy Ball|p2a: Empoleon\n|-damage|p2a: Empoleon|0 fnt\n|faint|p2a: Empoleon\n|\n|upkeep\n|\n|t:|1698983200\n|switch|p2a: Umbreon|Umbreon, F|100\/100\n|turn|18\n|\n|t:|1698983208\n|move|p1a: Da Foetus|Surf|p2a: Umbreon\n|-damage|p2a: Umbreon|48\/100\n|move|p2a: Umbreon|Confuse Ray|p1a: Da Foetus\n|-start|p1a: Da Foetus|confusion\n|\n|upkeep\n|turn|19\n|\n|t:|1698983215\n|-activate|p1a: Da Foetus|confusion\n|move|p1a: Da Foetus|Surf|p2a: Umbreon\n|-damage|p2a: Umbreon|0 fnt\n|faint|p2a: Umbreon\n|\n|upkeep\n|\n|t:|1698983221\n|switch|p2a: Dusknoir|Dusknoir, F|100\/100\n|-ability|p2a: Dusknoir|Pressure\n|turn|20\n|\n|t:|1698983233\n|move|p2a: Dusknoir|Shadow Sneak|p1a: Da Foetus\n|-damage|p1a: Da Foetus|80\/100\n|-activate|p1a: Da Foetus|confusion\n|move|p1a: Da Foetus|Surf|p2a: Dusknoir\n|-damage|p2a: Dusknoir|8\/100\n|\n|-heal|p2a: Dusknoir|14\/100|[from] item: Leftovers\n|upkeep\n|turn|21\n|\n|t:|1698983243\n|-end|p1a: Da Foetus|confusion\n|move|p1a: Da Foetus|Energy Ball|p2a: Dusknoir\n|-damage|p2a: Dusknoir|0 fnt\n|faint|p2a: Dusknoir\n|\n|upkeep\n|\n|t:|1698983249\n|switch|p2a: Sandslash|Sandslash, F|100\/100\n|turn|22\n|\n|t:|1698983255\n|move|p1a: Da Foetus|Ice Beam|p2a: Sandslash\n|-supereffective|p2a: Sandslash\n|-damage|p2a: Sandslash|0 fnt\n|faint|p2a: Sandslash\n|\n|win|DaGuyOverThere\n|raw|DaGuyOverThere's rating: 1033 &rarr; <strong>1067<\/strong><br \/>(+34 for winning)\n|raw|Ankun4's rating: 1022 &rarr; <strong>1009<\/strong><br \/>(-13 for losing)\n|c|\u2606DaGuyOverThere|gg and thanks for waiting for me\n|c|\u2606DaGuyOverThere|I appreciate it\n|l|\u2606DaGuyOverThere\n","uploadtime":1698983274,"views":6,"p1id":"daguyoverthere","p2id":"ankun4","formatid":"gen9anythinggoes","rating":1009,"private":0,"password":""}