{"id":"gen9anythinggoes-1998590633","p1":"Khryce","p2":"xnarm","format":"[Gen 9] Anything Goes","log":"|j|\u2606Khryce\n|j|\u2606xnarm\n|t:|1700960179\n|gametype|singles\n|player|p1|Khryce|preschooler|1083\n|player|p2|xnarm|169|1047\n|teamsize|p1|6\n|teamsize|p2|6\n|gen|9\n|tier|[Gen 9] Anything Goes\n|rated|\n|rule|HP Percentage Mod: HP is shown in percentages\n|rule|Endless Battle Clause: Forcing endless battles is banned\n|clearpoke\n|poke|p1|Sylveon, F|\n|poke|p1|Dudunsparce-*, F|\n|poke|p1|Dragapult, M|\n|poke|p1|Chandelure, F|\n|poke|p1|Seviper, F|\n|poke|p1|Skeledirge, M|\n|poke|p2|Dragonite, F|\n|poke|p2|Talonflame, F|\n|poke|p2|Greedent, M|\n|poke|p2|Ambipom, F|\n|poke|p2|Lycanroc-Dusk, M|\n|poke|p2|Avalugg, M|\n|teampreview\n|inactive|Battle timer is ON: inactive players will automatically lose when time's up. (requested by Khryce)\n|\n|t:|1700960188\n|start\n|switch|p1a: Seviper|Seviper, F|100\/100\n|switch|p2a: Lycanroc|Lycanroc-Dusk, M, shiny|100\/100\n|turn|1\n|c|\u2606xnarm|glhf\n|\n|t:|1700960198\n|move|p2a: Lycanroc|Stealth Rock|p1a: Seviper\n|-sidestart|p1: Khryce|move: Stealth Rock\n|move|p1a: Seviper|Coil|p1a: Seviper\n|-boost|p1a: Seviper|atk|1\n|-boost|p1a: Seviper|def|1\n|-boost|p1a: Seviper|accuracy|1\n|\n|upkeep\n|turn|2\n|\n|t:|1700960204\n|move|p2a: Lycanroc|Zen Headbutt|p1a: Seviper\n|-supereffective|p1a: Seviper\n|-damage|p1a: Seviper|26\/100\n|move|p1a: Seviper|Coil|p1a: Seviper\n|-boost|p1a: Seviper|atk|1\n|-boost|p1a: Seviper|def|1\n|-boost|p1a: Seviper|accuracy|1\n|\n|-heal|p1a: Seviper|32\/100|[from] item: Leftovers\n|upkeep\n|turn|3\n|\n|t:|1700960216\n|move|p2a: Lycanroc|Zen Headbutt|p1a: Seviper\n|-supereffective|p1a: Seviper\n|-damage|p1a: Seviper|0 fnt\n|faint|p1a: Seviper\n|\n|upkeep\n|\n|t:|1700960224\n|switch|p1a: Dudunsparce|Dudunsparce-Three-Segment, F|100\/100\n|-damage|p1a: Dudunsparce|88\/100|[from] Stealth Rock\n|turn|4\n|\n|t:|1700960236\n|switch|p2a: Dragonite|Dragonite, F|100\/100\n|move|p1a: Dudunsparce|Body Slam|p2a: Dragonite\n|-damage|p2a: Dragonite|83\/100\n|-status|p2a: Dragonite|par\n|\n|-heal|p1a: Dudunsparce|94\/100|[from] item: Leftovers\n|upkeep\n|turn|5\n|\n|t:|1700960245\n|move|p1a: Dudunsparce|Agility|p1a: Dudunsparce\n|-boost|p1a: Dudunsparce|spe|2\n|move|p2a: Dragonite|Dragon Claw|p1a: Dudunsparce\n|-damage|p1a: Dudunsparce|54\/100\n|\n|-heal|p1a: Dudunsparce|60\/100|[from] item: Leftovers\n|upkeep\n|turn|6\n|\n|t:|1700960253\n|move|p1a: Dudunsparce|Hyper Drill|p2a: Dragonite\n|-damage|p2a: Dragonite|42\/100 par\n|move|p2a: Dragonite|Dragon Claw|p1a: Dudunsparce\n|-damage|p1a: Dudunsparce|17\/100\n|\n|-heal|p1a: Dudunsparce|23\/100|[from] item: Leftovers\n|upkeep\n|turn|7\n|\n|t:|1700960261\n|move|p2a: Dragonite|Extreme Speed|p1a: Dudunsparce\n|-damage|p1a: Dudunsparce|0 fnt\n|faint|p1a: Dudunsparce\n|\n|upkeep\n|\n|t:|1700960268\n|switch|p1a: Sylveon|Sylveon, F|100\/100\n|-damage|p1a: Sylveon|88\/100|[from] Stealth Rock\n|turn|8\n|\n|t:|1700960277\n|switch|p2a: Talonflame|Talonflame, F, shiny|100\/100\n|move|p1a: Sylveon|Calm Mind|p1a: Sylveon\n|-boost|p1a: Sylveon|spa|1\n|-boost|p1a: Sylveon|spd|1\n|\n|-heal|p1a: Sylveon|94\/100|[from] item: Leftovers\n|upkeep\n|turn|9\n|\n|t:|1700960286\n|move|p2a: Talonflame|Brave Bird|p1a: Sylveon\n|-damage|p1a: Sylveon|5\/100\n|-damage|p2a: Talonflame|62\/100|[from] Recoil\n|move|p1a: Sylveon|Psychic|p2a: Talonflame\n|-damage|p2a: Talonflame|0 fnt\n|faint|p2a: Talonflame\n|\n|-heal|p1a: Sylveon|11\/100|[from] item: Leftovers\n|upkeep\n|\n|t:|1700960303\n|switch|p2a: Ambipom|Ambipom, F, shiny|100\/100\n|turn|10\n|\n|t:|1700960312\n|switch|p1a: Dragapult|Dragapult, M|100\/100\n|-damage|p1a: Dragapult|88\/100|[from] Stealth Rock\n|move|p2a: Ambipom|Fake Out|p1a: Dragapult\n|-immune|p1a: Dragapult\n|\n|-heal|p1a: Dragapult|94\/100|[from] item: Leftovers\n|upkeep\n|turn|11\n|\n|t:|1700960320\n|switch|p2a: Avalugg|Avalugg, M, shiny|100\/100\n|move|p1a: Dragapult|Will-O-Wisp|p2a: Avalugg|[miss]\n|-miss|p1a: Dragapult|p2a: Avalugg\n|\n|-heal|p1a: Dragapult|99\/100|[from] item: Leftovers\n|upkeep\n|turn|12\n|\n|t:|1700960335\n|move|p1a: Dragapult|Flamethrower|p2a: Avalugg\n|-supereffective|p2a: Avalugg\n|-damage|p2a: Avalugg|24\/100\n|-status|p2a: Avalugg|brn\n|move|p2a: Avalugg|Ice Spinner|p1a: Dragapult\n|-supereffective|p1a: Dragapult\n|-damage|p1a: Dragapult|56\/100\n|\n|-heal|p1a: Dragapult|62\/100|[from] item: Leftovers\n|-heal|p2a: Avalugg|30\/100 brn|[from] item: Leftovers\n|-damage|p2a: Avalugg|24\/100 brn|[from] brn\n|upkeep\n|turn|13\n|\n|t:|1700960346\n|move|p1a: Dragapult|Flamethrower|p2a: Avalugg\n|-supereffective|p2a: Avalugg\n|-damage|p2a: Avalugg|0 fnt\n|faint|p2a: Avalugg\n|\n|-heal|p1a: Dragapult|68\/100|[from] item: Leftovers\n|upkeep\n|\n|t:|1700960359\n|switch|p2a: Greedent|Greedent, M, shiny|100\/100\n|turn|14\n|\n|t:|1700960361\n|move|p1a: Dragapult|Will-O-Wisp|p2a: Greedent\n|-status|p2a: Greedent|brn\n|move|p2a: Greedent|Substitute|p2a: Greedent\n|-start|p2a: Greedent|Substitute\n|-damage|p2a: Greedent|75\/100 brn\n|\n|-heal|p1a: Dragapult|74\/100|[from] item: Leftovers\n|-damage|p2a: Greedent|69\/100 brn|[from] brn\n|upkeep\n|turn|15\n|\n|t:|1700960369\n|move|p1a: Dragapult|Draco Meteor|p2a: Greedent|[miss]\n|-miss|p1a: Dragapult|p2a: Greedent\n|move|p2a: Greedent|Swords Dance|p2a: Greedent\n|-boost|p2a: Greedent|atk|2\n|\n|-heal|p1a: Dragapult|80\/100|[from] item: Leftovers\n|-damage|p2a: Greedent|63\/100 brn|[from] brn\n|upkeep\n|turn|16\n|\n|t:|1700960378\n|move|p1a: Dragapult|Draco Meteor|p2a: Greedent\n|-damage|p2a: Greedent|11\/100 brn\n|-unboost|p1a: Dragapult|spa|2\n|-enditem|p2a: Greedent|Sitrus Berry|[eat]\n|-heal|p2a: Greedent|36\/100 brn|[from] item: Sitrus Berry\n|-heal|p2a: Greedent|69\/100 brn|[from] ability: Cheek Pouch\n|move|p2a: Greedent|Swords Dance|p2a: Greedent\n|-boost|p2a: Greedent|atk|2\n|\n|-heal|p1a: Dragapult|86\/100|[from] item: Leftovers\n|-damage|p2a: Greedent|63\/100 brn|[from] brn\n|upkeep\n|turn|17\n|\n|t:|1700960391\n|move|p1a: Dragapult|Draco Meteor|p2a: Greedent\n|-damage|p2a: Greedent|36\/100 brn\n|-unboost|p1a: Dragapult|spa|2\n|move|p2a: Greedent|Knock Off|p1a: Dragapult\n|-supereffective|p1a: Dragapult\n|-damage|p1a: Dragapult|0 fnt\n|-enditem|p1a: Dragapult|Leftovers|[from] move: Knock Off|[of] p2a: Greedent\n|faint|p1a: Dragapult\n|\n|-damage|p2a: Greedent|30\/100 brn|[from] brn\n|upkeep\n|\n|t:|1700960407\n|switch|p1a: Sylveon|Sylveon, F|11\/100\n|-damage|p1a: Sylveon|0 fnt|[from] Stealth Rock\n|faint|p1a: Sylveon\n|\n|t:|1700960416\n|switch|p1a: Skeledirge|Skeledirge, M|100\/100\n|-damage|p1a: Skeledirge|75\/100|[from] Stealth Rock\n|turn|18\n|\n|t:|1700960421\n|move|p1a: Skeledirge|Torch Song|p2a: Greedent\n|-damage|p2a: Greedent|0 fnt\n|-boost|p1a: Skeledirge|spa|1\n|faint|p2a: Greedent\n|\n|upkeep\n|\n|t:|1700960427\n|switch|p2a: Lycanroc|Lycanroc-Dusk, M, shiny|100\/100\n|turn|19\n|\n|t:|1700960432\n|move|p2a: Lycanroc|Accelerock|p1a: Skeledirge\n|-supereffective|p1a: Skeledirge\n|-damage|p1a: Skeledirge|29\/100\n|-enditem|p1a: Skeledirge|Sitrus Berry|[eat]\n|-heal|p1a: Skeledirge|54\/100|[from] item: Sitrus Berry\n|move|p1a: Skeledirge|Will-O-Wisp|p2a: Lycanroc\n|-status|p2a: Lycanroc|brn\n|\n|-damage|p2a: Lycanroc|94\/100 brn|[from] brn\n|upkeep\n|turn|20\n|\n|t:|1700960450\n|move|p2a: Lycanroc|Accelerock|p1a: Skeledirge\n|-supereffective|p1a: Skeledirge\n|-damage|p1a: Skeledirge|31\/100\n|move|p1a: Skeledirge|Belch|p2a: Lycanroc\n|-resisted|p2a: Lycanroc\n|-damage|p2a: Lycanroc|44\/100 brn\n|\n|-damage|p2a: Lycanroc|37\/100 brn|[from] brn\n|upkeep\n|turn|21\n|\n|t:|1700960460\n|move|p2a: Lycanroc|Accelerock|p1a: Skeledirge\n|-supereffective|p1a: Skeledirge\n|-damage|p1a: Skeledirge|7\/100\n|move|p1a: Skeledirge|Torch Song|p2a: Lycanroc\n|-resisted|p2a: Lycanroc\n|-damage|p2a: Lycanroc|0 fnt\n|-boost|p1a: Skeledirge|spa|1\n|faint|p2a: Lycanroc\n|\n|upkeep\n|\n|t:|1700960466\n|switch|p2a: Dragonite|Dragonite, F|42\/100 par\n|turn|22\n|\n|t:|1700960473\n|move|p1a: Skeledirge|Belch|p2a: Dragonite\n|-damage|p2a: Dragonite|0 fnt\n|faint|p2a: Dragonite\n|\n|upkeep\n|-message|xnarm forfeited.\n|\n|win|Khryce\n|raw|Khryce's rating: 1083 &rarr; <strong>1108<\/strong><br \/>(+25 for winning)\n|raw|xnarm's rating: 1047 &rarr; <strong>1032<\/strong><br \/>(-15 for losing)\n|l|\u2606xnarm\n","uploadtime":1700960488,"views":1,"p1id":"khryce","p2id":"xnarm","formatid":"gen9anythinggoes","rating":1032,"private":0,"password":""}