{"id":"gen9anythinggoes-1975267227","p1":"NightShade505","p2":"B2enForce","format":"[Gen 9] Anything Goes","log":"|j|\u2606NightShade505\n|j|\u2606B2enForce\n|t:|1698175023\n|gametype|singles\n|player|p1|NightShade505|winona-gen6|1432\n|player|p2|B2enForce|swimmer|1540\n|teamsize|p1|6\n|teamsize|p2|6\n|gen|9\n|tier|[Gen 9] Anything Goes\n|rated|\n|rule|HP Percentage Mod: HP is shown in percentages\n|rule|Endless Battle Clause: Forcing endless battles is banned\n|clearpoke\n|poke|p1|Calyrex-Shadow|\n|poke|p1|Palkia-Origin|\n|poke|p1|Sneasler, M|\n|poke|p1|Shaymin-Sky|\n|poke|p1|Volbeat, M|\n|poke|p1|Koraidon|\n|poke|p2|Ting-Lu|\n|poke|p2|Koraidon|\n|poke|p2|Calyrex-Shadow|\n|poke|p2|Zacian-*|\n|poke|p2|Arceus|\n|poke|p2|Giratina-Origin|\n|teampreview\n|inactive|Battle timer is ON: inactive players will automatically lose when time's up. (requested by NightShade505)\n|inactive|B2enForce has 120 seconds left.\n|\n|t:|1698175059\n|start\n|switch|p1a: Volbeat|Volbeat, M|100\/100\n|switch|p2a: Ting-Lu|Ting-Lu|100\/100\n|-ability|p2a: Ting-Lu|Vessel of Ruin\n|turn|1\n|\n|t:|1698175069\n|move|p1a: Volbeat|Tail Glow|p1a: Volbeat\n|-boost|p1a: Volbeat|spa|3\n|move|p2a: Ting-Lu|Stealth Rock|p1a: Volbeat\n|-sidestart|p1: NightShade505|move: Stealth Rock\n|\n|upkeep\n|turn|2\n|\n|t:|1698175073\n|move|p1a: Volbeat|Encore|p2a: Ting-Lu\n|-hint|Since gen 7, Dark is immune to Prankster moves.\n|-immune|p2a: Ting-Lu\n|move|p2a: Ting-Lu|Whirlwind|p1a: Volbeat\n|drag|p1a: Shaymin|Shaymin-Sky|100\/100\n|-damage|p1a: Shaymin|76\/100|[from] Stealth Rock\n|\n|upkeep\n|turn|3\n|inactive|B2enForce has 120 seconds left.\n|inactive|B2enForce has 90 seconds left.\n|\n|t:|1698175136\n|move|p1a: Shaymin|Air Slash|p2a: Ting-Lu\n|-damage|p2a: Ting-Lu|86\/100\n|cant|p2a: Ting-Lu|flinch\n|\n|-heal|p2a: Ting-Lu|92\/100|[from] item: Leftovers\n|upkeep\n|turn|4\n|inactive|NightShade505 has 120 seconds left.\n|\n|t:|1698175170\n|move|p1a: Shaymin|Air Slash|p2a: Ting-Lu\n|-damage|p2a: Ting-Lu|77\/100\n|move|p2a: Ting-Lu|Whirlwind|p1a: Shaymin\n|drag|p1a: Volbeat|Volbeat, M|100\/100\n|-damage|p1a: Volbeat|76\/100|[from] Stealth Rock\n|\n|-heal|p2a: Ting-Lu|83\/100|[from] item: Leftovers\n|upkeep\n|turn|5\n|\n|t:|1698175180\n|move|p1a: Volbeat|Tail Glow|p1a: Volbeat\n|-boost|p1a: Volbeat|spa|3\n|move|p2a: Ting-Lu|Whirlwind|p1a: Volbeat\n|drag|p1a: Shaymin|Shaymin-Sky|76\/100\n|-damage|p1a: Shaymin|51\/100|[from] Stealth Rock\n|\n|-heal|p2a: Ting-Lu|90\/100|[from] item: Leftovers\n|upkeep\n|turn|6\n|\n|t:|1698175186\n|switch|p2a: Zacian|Zacian-Crowned|100\/100\n|-ability|p2a: Zacian|Intrepid Sword|boost\n|-boost|p2a: Zacian|atk|1\n|move|p1a: Shaymin|Air Slash|p2a: Zacian\n|-resisted|p2a: Zacian\n|-damage|p2a: Zacian|85\/100\n|\n|upkeep\n|turn|7\n|\n|t:|1698175190\n|move|p1a: Shaymin|Air Slash|p2a: Zacian\n|-resisted|p2a: Zacian\n|-damage|p2a: Zacian|67\/100\n|move|p2a: Zacian|Play Rough|p1a: Shaymin\n|-damage|p1a: Shaymin|0 fnt\n|faint|p1a: Shaymin\n|\n|upkeep\n|\n|t:|1698175195\n|switch|p1a: Volbeat|Volbeat, M|76\/100\n|-damage|p1a: Volbeat|51\/100|[from] Stealth Rock\n|turn|8\n|inactive|B2enForce has 120 seconds left.\n|\n|t:|1698175210\n|switch|p2a: Ting-Lu|Ting-Lu|90\/100\n|-ability|p2a: Ting-Lu|Vessel of Ruin\n|move|p1a: Volbeat|Thunder Wave|p2a: Ting-Lu\n|-immune|p2a: Ting-Lu\n|\n|-heal|p2a: Ting-Lu|96\/100|[from] item: Leftovers\n|upkeep\n|turn|9\n|\n|t:|1698175218\n|move|p1a: Volbeat|Tail Glow|p1a: Volbeat\n|-boost|p1a: Volbeat|spa|3\n|move|p2a: Ting-Lu|Whirlwind|p1a: Volbeat\n|drag|p1a: Sneasler|Sneasler, M|100\/100\n|-damage|p1a: Sneasler|95\/100|[from] Stealth Rock\n|\n|-heal|p2a: Ting-Lu|100\/100|[from] item: Leftovers\n|upkeep\n|turn|10\n|inactive|B2enForce has 120 seconds left.\n|\n|t:|1698175249\n|switch|p2a: Calyrex|Calyrex-Shadow|100\/100\n|-ability|p2a: Calyrex|As One\n|-ability|p2a: Calyrex|Unnerve\n|move|p1a: Sneasler|Fake Out|p2a: Calyrex\n|-immune|p2a: Calyrex\n|\n|upkeep\n|turn|11\n|\n|t:|1698175259\n|switch|p1a: Volbeat|Volbeat, M|51\/100\n|-damage|p1a: Volbeat|26\/100|[from] Stealth Rock\n|move|p2a: Calyrex|Leech Seed|p1a: Volbeat|[miss]\n|-miss|p2a: Calyrex|p1a: Volbeat\n|\n|upkeep\n|turn|12\n|\n|t:|1698175268\n|switch|p2a: Ting-Lu|Ting-Lu|100\/100\n|-ability|p2a: Ting-Lu|Vessel of Ruin\n|move|p1a: Volbeat|Encore|p2a: Ting-Lu\n|-hint|Since gen 7, Dark is immune to Prankster moves.\n|-immune|p2a: Ting-Lu\n|\n|upkeep\n|turn|13\n|\n|t:|1698175274\n|move|p1a: Volbeat|Tail Glow|p1a: Volbeat\n|-boost|p1a: Volbeat|spa|3\n|move|p2a: Ting-Lu|Whirlwind|p1a: Volbeat\n|drag|p1a: Koraidon|Koraidon|100\/100\n|-damage|p1a: Koraidon|94\/100|[from] Stealth Rock\n|-weather|SunnyDay|[from] ability: Orichalcum Pulse|[of] p1a: Koraidon\n|-activate|p1a: Koraidon|Orichalcum Pulse|[source]\n|\n|-weather|SunnyDay|[upkeep]\n|upkeep\n|turn|14\n|inactive|B2enForce has 120 seconds left.\n|\n|t:|1698175285\n|switch|p2a: Giratina|Giratina-Origin|100\/100\n|move|p1a: Koraidon|Collision Course|p2a: Giratina\n|-immune|p2a: Giratina\n|\n|-weather|SunnyDay|[upkeep]\n|upkeep\n|turn|15\n|inactive|B2enForce has 120 seconds left.\n|inactive|NightShade505 has 120 seconds left.\n|\n|t:|1698175315\n|switch|p2a: Zacian|Zacian-Crowned|67\/100\n|move|p1a: Koraidon|Dragon Tail|p2a: Zacian\n|-immune|p2a: Zacian\n|\n|-weather|SunnyDay|[upkeep]\n|upkeep\n|turn|16\n|inactive|B2enForce has 120 seconds left.\n|\n|t:|1698175335\n|move|p2a: Zacian|Play Rough|p1a: Koraidon\n|-supereffective|p1a: Koraidon\n|-damage|p1a: Koraidon|0 fnt\n|faint|p1a: Koraidon\n|\n|-weather|SunnyDay|[upkeep]\n|upkeep\n|\n|t:|1698175338\n|switch|p1a: Sneasler|Sneasler, M|95\/100\n|-damage|p1a: Sneasler|89\/100|[from] Stealth Rock\n|turn|17\n|inactive|B2enForce has 120 seconds left.\n|\n|t:|1698175357\n|move|p1a: Sneasler|Fake Out|p2a: Zacian\n|-enditem|p1a: Sneasler|Normal Gem|[from] gem\n|-resisted|p2a: Zacian\n|-damage|p2a: Zacian|59\/100\n|cant|p2a: Zacian|flinch\n|\n|-weather|none\n|upkeep\n|turn|18\n|\n|t:|1698175363\n|move|p1a: Sneasler|Fire Punch|p2a: Zacian\n|-supereffective|p2a: Zacian\n|-damage|p2a: Zacian|7\/100\n|move|p2a: Zacian|Behemoth Blade|p1a: Sneasler\n|-damage|p1a: Sneasler|0 fnt\n|faint|p1a: Sneasler\n|\n|upkeep\n|\n|t:|1698175369\n|switch|p1a: Volbeat|Volbeat, M|26\/100\n|-damage|p1a: Volbeat|2\/100|[from] Stealth Rock\n|turn|19\n|\n|t:|1698175373\n|switch|p2a: Ting-Lu|Ting-Lu|100\/100\n|-ability|p2a: Ting-Lu|Vessel of Ruin\n|move|p1a: Volbeat|Thunder Wave|p2a: Ting-Lu\n|-immune|p2a: Ting-Lu\n|\n|upkeep\n|turn|20\n|\n|t:|1698175379\n|move|p1a: Volbeat|Tail Glow|p1a: Volbeat\n|-boost|p1a: Volbeat|spa|3\n|move|p2a: Ting-Lu|Earthquake|p1a: Volbeat\n|-resisted|p1a: Volbeat\n|-damage|p1a: Volbeat|0 fnt\n|faint|p1a: Volbeat\n|\n|upkeep\n|\n|t:|1698175385\n|switch|p1a: Palkia|Palkia-Origin|100\/100\n|-damage|p1a: Palkia|88\/100|[from] Stealth Rock\n|-ability|p1a: Palkia|Pressure\n|turn|21\n|\n|t:|1698175412\n|switch|p2a: Giratina|Giratina-Origin|100\/100\n|move|p1a: Palkia|Surf|p2a: Giratina\n|-resisted|p2a: Giratina\n|-crit|p2a: Giratina\n|-damage|p2a: Giratina|75\/100\n|\n|upkeep\n|turn|22\n|inactive|B2enForce has 120 seconds left.\n|\n|t:|1698175427\n|-terastallize|p2a: Giratina|Fairy\n|move|p1a: Palkia|Spacial Rend|p2a: Giratina\n|-immune|p2a: Giratina\n|move|p2a: Giratina|Draco Meteor|p1a: Palkia\n|-supereffective|p1a: Palkia\n|-damage|p1a: Palkia|0 fnt\n|-unboost|p2a: Giratina|spa|2\n|faint|p1a: Palkia\n|\n|upkeep\n|\n|t:|1698175436\n|switch|p1a: Calyrex|Calyrex-Shadow|100\/100\n|-ability|p1a: Calyrex|As One\n|-ability|p1a: Calyrex|Unnerve\n|-damage|p1a: Calyrex|88\/100|[from] Stealth Rock\n|turn|23\n|\n|t:|1698175448\n|move|p2a: Giratina|Shadow Sneak|p1a: Calyrex\n|-supereffective|p1a: Calyrex\n|-damage|p1a: Calyrex|0 fnt\n|faint|p1a: Calyrex\n|\n|win|B2enForce\n|raw|NightShade505's rating: 1432 &rarr; <strong>1418<\/strong><br \/>(-14 for losing)\n|raw|B2enForce's rating: 1540 &rarr; <strong>1554<\/strong><br \/>(+14 for winning)\n|c|\u2606NightShade505|average spammer\n|l|\u2606NightShade505\n","uploadtime":1698175470,"views":4,"p1id":"nightshade505","p2id":"b2enforce","formatid":"gen9anythinggoes","rating":1418,"private":0,"password":""}