{"id":"gen9anythinggoes-1975381542","p1":"HanzKrautsmann","p2":"Cakecool","format":"[Gen 9] Anything Goes","log":"|j|\u2606HanzKrautsmann\n|j|\u2606Cakecool\n|t:|1698185286\n|gametype|singles\n|player|p1|HanzKrautsmann|fisherman-gen4|1021\n|player|p2|Cakecool|birdkeeper-gen4dp|1000\n|teamsize|p1|4\n|teamsize|p2|6\n|gen|9\n|tier|[Gen 9] Anything Goes\n|rated|\n|rule|HP Percentage Mod: HP is shown in percentages\n|rule|Endless Battle Clause: Forcing endless battles is banned\n|clearpoke\n|poke|p1|Drifblim, M|\n|poke|p1|Clefable, M|\n|poke|p1|Calyrex-Shadow|\n|poke|p1|Shaymin-Sky|\n|poke|p2|Mamoswine, M|\n|poke|p2|Torterra, F|\n|poke|p2|Cufant, F|\n|poke|p2|Yanmega, M|\n|poke|p2|Corphish, M|\n|poke|p2|Floatzel, F|\n|teampreview\n|\n|t:|1698185293\n|start\n|switch|p1a: Drifblim|Drifblim, M|100\/100\n|switch|p2a: Yanmega|Yanmega, M|100\/100\n|turn|1\n|\n|t:|1698185299\n|move|p1a: Drifblim|Substitute|p1a: Drifblim\n|-start|p1a: Drifblim|Substitute\n|-damage|p1a: Drifblim|75\/100\n|move|p2a: Yanmega|Air Slash|p1a: Drifblim\n|-end|p1a: Drifblim|Substitute\n|\n|-ability|p2a: Yanmega|Speed Boost|boost\n|-boost|p2a: Yanmega|spe|1\n|upkeep\n|turn|2\n|inactive|Battle timer is ON: inactive players will automatically lose when time's up. (requested by HanzKrautsmann)\n|\n|t:|1698185324\n|move|p2a: Yanmega|Supersonic|p1a: Drifblim\n|-start|p1a: Drifblim|confusion\n|-activate|p1a: Drifblim|confusion\n|move|p1a: Drifblim|Minimize|p1a: Drifblim\n|-boost|p1a: Drifblim|evasion|2\n|\n|-ability|p2a: Yanmega|Speed Boost|boost\n|-boost|p2a: Yanmega|spe|1\n|upkeep\n|turn|3\n|\n|t:|1698185332\n|move|p2a: Yanmega|Solar Beam||[still]\n|-prepare|p2a: Yanmega|Solar Beam\n|-end|p1a: Drifblim|confusion\n|move|p1a: Drifblim|Substitute|p1a: Drifblim\n|-start|p1a: Drifblim|Substitute\n|-damage|p1a: Drifblim|50\/100\n|\n|-ability|p2a: Yanmega|Speed Boost|boost\n|-boost|p2a: Yanmega|spe|1\n|upkeep\n|turn|4\n|\n|t:|1698185341\n|move|p2a: Yanmega|Solar Beam|p1a: Drifblim|[from]lockedmove\n|-resisted|p1a: Drifblim\n|-activate|p1a: Drifblim|move: Substitute|[damage]\n|move|p1a: Drifblim|Minimize|p1a: Drifblim\n|-boost|p1a: Drifblim|evasion|2\n|\n|-ability|p2a: Yanmega|Speed Boost|boost\n|-boost|p2a: Yanmega|spe|1\n|upkeep\n|turn|5\n|\n|t:|1698185350\n|move|p2a: Yanmega|Air Slash|p1a: Drifblim|[miss]\n|-miss|p2a: Yanmega|p1a: Drifblim\n|move|p1a: Drifblim|Minimize|p1a: Drifblim\n|-boost|p1a: Drifblim|evasion|2\n|\n|-ability|p2a: Yanmega|Speed Boost|boost\n|-boost|p2a: Yanmega|spe|1\n|upkeep\n|turn|6\n|\n|t:|1698185358\n|move|p2a: Yanmega|Air Slash|p1a: Drifblim|[miss]\n|-miss|p2a: Yanmega|p1a: Drifblim\n|move|p1a: Drifblim|Disable|p2a: Yanmega\n|-start|p2a: Yanmega|Disable|Air Slash\n|\n|-ability|p2a: Yanmega|Speed Boost|boost\n|-boost|p2a: Yanmega|spe|1\n|upkeep\n|turn|7\n|\n|t:|1698185368\n|move|p2a: Yanmega|Solar Beam||[still]\n|-prepare|p2a: Yanmega|Solar Beam\n|move|p1a: Drifblim|Baton Pass|p1a: Drifblim\n|\n|t:|1698185371\n|switch|p1a: Clefable|Clefable, M|100\/100|[from] Baton Pass\n|\n|upkeep\n|turn|8\n|\n|t:|1698185376\n|move|p2a: Yanmega|Solar Beam|p1a: Clefable|[from]lockedmove|[miss]\n|-miss|p2a: Yanmega|p1a: Clefable\n|move|p1a: Clefable|Flamethrower|p2a: Yanmega\n|-supereffective|p2a: Yanmega\n|-damage|p2a: Yanmega|23\/100\n|\n|upkeep\n|turn|9\n|\n|t:|1698185386\n|switch|p2a: Floatzel|Floatzel, F|100\/100\n|move|p1a: Clefable|Calm Mind|p1a: Clefable\n|-boost|p1a: Clefable|spa|1\n|-boost|p1a: Clefable|spd|1\n|\n|upkeep\n|turn|10\n|\n|t:|1698185394\n|move|p2a: Floatzel|Substitute|p2a: Floatzel\n|-start|p2a: Floatzel|Substitute\n|-damage|p2a: Floatzel|76\/100\n|move|p1a: Clefable|Calm Mind|p1a: Clefable\n|-boost|p1a: Clefable|spa|1\n|-boost|p1a: Clefable|spd|1\n|\n|upkeep\n|turn|11\n|\n|t:|1698185401\n|move|p2a: Floatzel|Hydro Pump|p1a: Clefable|[miss]\n|-miss|p2a: Floatzel|p1a: Clefable\n|move|p1a: Clefable|Calm Mind|p1a: Clefable\n|-boost|p1a: Clefable|spa|1\n|-boost|p1a: Clefable|spd|1\n|\n|upkeep\n|turn|12\n|\n|t:|1698185408\n|move|p2a: Floatzel|Hydro Pump|p1a: Clefable|[miss]\n|-miss|p2a: Floatzel|p1a: Clefable\n|move|p1a: Clefable|Calm Mind|p1a: Clefable\n|-boost|p1a: Clefable|spa|1\n|-boost|p1a: Clefable|spd|1\n|\n|upkeep\n|turn|13\n|\n|t:|1698185416\n|move|p2a: Floatzel|Aqua Jet|p1a: Clefable|[miss]\n|-miss|p2a: Floatzel|p1a: Clefable\n|move|p1a: Clefable|Calm Mind|p1a: Clefable\n|-boost|p1a: Clefable|spa|1\n|-boost|p1a: Clefable|spd|1\n|\n|upkeep\n|turn|14\n|\n|t:|1698185424\n|move|p2a: Floatzel|Hydro Pump|p1a: Clefable|[miss]\n|-miss|p2a: Floatzel|p1a: Clefable\n|move|p1a: Clefable|Calm Mind|p1a: Clefable\n|-boost|p1a: Clefable|spa|1\n|-boost|p1a: Clefable|spd|1\n|\n|upkeep\n|turn|15\n|\n|t:|1698185431\n|move|p2a: Floatzel|Hydro Pump|p1a: Clefable\n|-activate|p1a: Clefable|move: Substitute|[damage]\n|move|p1a: Clefable|Dazzling Gleam|p2a: Floatzel\n|-end|p2a: Floatzel|Substitute\n|\n|upkeep\n|turn|16\n|\n|t:|1698185438\n|move|p2a: Floatzel|Substitute|p2a: Floatzel\n|-start|p2a: Floatzel|Substitute\n|-damage|p2a: Floatzel|51\/100\n|move|p1a: Clefable|Dazzling Gleam|p2a: Floatzel\n|-end|p2a: Floatzel|Substitute\n|\n|upkeep\n|turn|17\n|\n|t:|1698185445\n|move|p2a: Floatzel|Hydro Pump|p1a: Clefable|[miss]\n|-miss|p2a: Floatzel|p1a: Clefable\n|move|p1a: Clefable|Dazzling Gleam|p2a: Floatzel\n|-damage|p2a: Floatzel|0 fnt\n|faint|p2a: Floatzel\n|\n|upkeep\n|\n|t:|1698185454\n|switch|p2a: Yanmega|Yanmega, M|23\/100\n|turn|18\n|\n|t:|1698185457\n|move|p2a: Yanmega|Rest|p2a: Yanmega\n|-status|p2a: Yanmega|slp|[from] move: Rest\n|-heal|p2a: Yanmega|100\/100 slp|[silent]\n|move|p1a: Clefable|Flamethrower|p2a: Yanmega\n|-supereffective|p2a: Yanmega\n|-damage|p2a: Yanmega|0 fnt\n|faint|p2a: Yanmega\n|\n|upkeep\n|\n|t:|1698185466\n|switch|p2a: Cufant|Cufant, F|100\/100\n|turn|19\n|\n|t:|1698185469\n|move|p1a: Clefable|Flamethrower|p2a: Cufant\n|-supereffective|p2a: Cufant\n|-damage|p2a: Cufant|0 fnt\n|faint|p2a: Cufant\n|\n|upkeep\n|\n|t:|1698185475\n|switch|p2a: Mamoswine|Mamoswine, M|100\/100\n|turn|20\n|\n|t:|1698185483\n|move|p2a: Mamoswine|High Horsepower|p1a: Clefable\n|-end|p1a: Clefable|Substitute\n|move|p1a: Clefable|Flamethrower|p2a: Mamoswine\n|-supereffective|p2a: Mamoswine\n|-damage|p2a: Mamoswine|0 fnt\n|faint|p2a: Mamoswine\n|\n|upkeep\n|\n|t:|1698185506\n|switch|p2a: Corphish|Corphish, M|100\/100\n|turn|21\n|inactive|Cakecool has 120 seconds left.\n|\n|t:|1698185530\n|move|p1a: Clefable|Dazzling Gleam|p2a: Corphish\n|-damage|p2a: Corphish|0 fnt\n|faint|p2a: Corphish\n|\n|upkeep\n|\n|t:|1698185535\n|switch|p2a: Torterra|Torterra, F|100\/100\n|turn|22\n|\n|t:|1698185539\n|move|p2a: Torterra|Outrage|p1a: Clefable\n|-immune|p1a: Clefable\n|move|p1a: Clefable|Flamethrower|p2a: Torterra\n|-supereffective|p2a: Torterra\n|-damage|p2a: Torterra|0 fnt\n|faint|p2a: Torterra\n|\n|win|HanzKrautsmann\n|raw|HanzKrautsmann's rating: 1021 &rarr; <strong>1056<\/strong><br \/>(+35 for winning)\n|raw|Cakecool's rating: 1000 &rarr; <strong>1000<\/strong><br \/>(+0 for losing)\n|c|\u2606HanzKrautsmann|gg\n|l|\u2606Cakecool\n","uploadtime":1698185551,"views":11,"p1id":"hanzkrautsmann","p2id":"cakecool","formatid":"gen9anythinggoes","rating":1000,"private":0,"password":""}