{"id":"gen9anythinggoes-1978980584","p1":"Dennis wa","p2":"Horuskoria","format":"[Gen 9] Anything Goes","log":"|j|\u2606Dennis wa\n|j|\u2606Horuskoria\n|t:|1698617210\n|gametype|singles\n|player|p1|Dennis wa|striker|\n|player|p2|Horuskoria|265|\n|teamsize|p1|6\n|teamsize|p2|6\n|gen|9\n|tier|[Gen 9] Anything Goes\n|rule|HP Percentage Mod: HP is shown in percentages\n|rule|Endless Battle Clause: Forcing endless battles is banned\n|clearpoke\n|poke|p1|Tinkaton, F|\n|poke|p1|Ogerpon-Hearthflame, F|\n|poke|p1|Walking Wake|\n|poke|p1|Maushold|\n|poke|p1|Zoroark-Hisui, M|\n|poke|p1|Bronzong|\n|poke|p2|Sylveon, F|\n|poke|p2|Heatran, F|\n|poke|p2|Pelipper, F|\n|poke|p2|Vikavolt, F|\n|poke|p2|Noivern, F|\n|poke|p2|Ogerpon-Wellspring, F|\n|teampreview\n|j| kai2805\n|j| EnOfFla\n|j| Batikan17\n|j| michpanta\n|c|\u2606Dennis wa|GLHF Basti\n|c|\u2606Horuskoria|gl hf\n|\n|t:|1698617359\n|start\n|switch|p1a: Ogerpon|Ogerpon-Hearthflame, F|100\/100\n|switch|p2a: Heatran|Heatran, F|100\/100\n|turn|1\n|\n|t:|1698617410\n|switch|p2a: Noivern|Noivern, F|100\/100\n|-item|p1a: Ogerpon|Focus Sash|[from] ability: Frisk|[of] p2a: Noivern|[identify]\n|move|p1a: Ogerpon|Nasty Plot|p1a: Ogerpon\n|-boost|p1a: Ogerpon|spa|2\n|\n|upkeep\n|turn|2\n|c|\u2606Horuskoria|guter erster turn. Sieht schlecht aus f\u00fcr mich\n|\n|t:|1698617541\n|switch|p2a: Sylveon|Sylveon, F|100\/100\n|move|p1a: Ogerpon|Shadow Ball|p2a: Sylveon\n|-damage|p2a: Sylveon|60\/100\n|\n|upkeep\n|turn|3\n|\n|t:|1698617571\n|move|p1a: Ogerpon|Shadow Ball|p2a: Sylveon\n|-damage|p2a: Sylveon|14\/100\n|move|p2a: Sylveon|Hyper Voice|p1a: Ogerpon\n|-damage|p1a: Ogerpon|12\/100\n|replace|p1a: Zoroark|Zoroark-Hisui, M\n|-end|p1a: Zoroark|Illusion\n|\n|upkeep\n|turn|4\n|\n|t:|1698617586\n|move|p1a: Zoroark|Shadow Ball|p2a: Sylveon\n|-damage|p2a: Sylveon|0 fnt\n|faint|p2a: Sylveon\n|\n|upkeep\n|\n|t:|1698617595\n|switch|p2a: Noivern|Noivern, F|100\/100\n|-item|p1a: Zoroark|Focus Sash|[from] ability: Frisk|[of] p2a: Noivern|[identify]\n|turn|5\n|\n|t:|1698617606\n|switch|p1a: Bronzong|Bronzong|100\/100\n|move|p2a: Noivern|Draco Meteor|p1a: Bronzong\n|-resisted|p1a: Bronzong\n|-damage|p1a: Bronzong|85\/100\n|-unboost|p2a: Noivern|spa|2\n|\n|upkeep\n|turn|6\n|\n|t:|1698617641\n|switch|p2a: Vikavolt|Vikavolt, F|100\/100\n|move|p1a: Bronzong|Stealth Rock|p2a: Vikavolt\n|-sidestart|p2: Horuskoria|move: Stealth Rock\n|\n|upkeep\n|turn|7\n|\n|t:|1698617841\n|switch|p1a: Walking Wake|Walking Wake|100\/100\n|move|p2a: Vikavolt|Sticky Web|p1a: Walking Wake\n|-sidestart|p1: Dennis wa|move: Sticky Web\n|\n|upkeep\n|turn|8\n|\n|t:|1698617903\n|move|p1a: Walking Wake|Draco Meteor|p2a: Vikavolt\n|-damage|p2a: Vikavolt|46\/100\n|-unboost|p1a: Walking Wake|spa|2\n|-enditem|p2a: Vikavolt|Sitrus Berry|[eat]\n|-heal|p2a: Vikavolt|71\/100|[from] item: Sitrus Berry\n|move|p2a: Vikavolt|Volt Switch|p1a: Walking Wake\n|-damage|p1a: Walking Wake|77\/100\n|\n|t:|1698617934\n|switch|p2a: Ogerpon|Ogerpon-Wellspring, F|100\/100|[from] Volt Switch\n|-damage|p2a: Ogerpon|88\/100|[from] Stealth Rock\n|\n|upkeep\n|turn|9\n|\n|t:|1698618032\n|move|p2a: Ogerpon|Play Rough|p1a: Walking Wake\n|-supereffective|p1a: Walking Wake\n|-damage|p1a: Walking Wake|0 fnt\n|faint|p1a: Walking Wake\n|-end|p1a: Walking Wake|Protosynthesis|[silent]\n|\n|upkeep\n|\n|t:|1698618076\n|switch|p1a: Tinkaton|Tinkaton, F|100\/100\n|-activate|p1a: Tinkaton|move: Sticky Web\n|-unboost|p1a: Tinkaton|spe|1\n|turn|10\n|\n|t:|1698618100\n|switch|p2a: Vikavolt|Vikavolt, F|71\/100\n|-damage|p2a: Vikavolt|46\/100|[from] Stealth Rock\n|move|p1a: Tinkaton|Thunder Wave|p2a: Vikavolt\n|-immune|p2a: Vikavolt\n|\n|upkeep\n|turn|11\n|\n|t:|1698618109\n|move|p1a: Tinkaton|Light Screen|p1a: Tinkaton\n|-sidestart|p1: Dennis wa|move: Light Screen\n|move|p2a: Vikavolt|Volt Switch|p1a: Tinkaton\n|-damage|p1a: Tinkaton|86\/100\n|\n|t:|1698618116\n|switch|p2a: Heatran|Heatran, F|100\/100|[from] Volt Switch\n|-damage|p2a: Heatran|88\/100|[from] Stealth Rock\n|\n|upkeep\n|turn|12\n|\n|t:|1698618123\n|move|p2a: Heatran|Magma Storm|p1a: Tinkaton\n|-supereffective|p1a: Tinkaton\n|-damage|p1a: Tinkaton|44\/100\n|-activate|p1a: Tinkaton|move: Magma Storm|[of] p2a: Heatran\n|move|p1a: Tinkaton|Bulldoze|p2a: Heatran\n|-supereffective|p2a: Heatran\n|-damage|p2a: Heatran|48\/100\n|-unboost|p2a: Heatran|spe|1\n|\n|-damage|p1a: Tinkaton|32\/100|[from] move: Magma Storm|[partiallytrapped]\n|upkeep\n|turn|13\n|\n|t:|1698618147\n|move|p2a: Heatran|Protect|p2a: Heatran\n|-singleturn|p2a: Heatran|Protect\n|move|p1a: Tinkaton|Thunder Wave|p2a: Heatran\n|-activate|p2a: Heatran|move: Protect\n|\n|-damage|p1a: Tinkaton|20\/100|[from] move: Magma Storm|[partiallytrapped]\n|upkeep\n|turn|14\n|\n|t:|1698618161\n|switch|p2a: Pelipper|Pelipper, F|100\/100\n|-weather|RainDance|[from] ability: Drizzle|[of] p2a: Pelipper\n|move|p1a: Tinkaton|Bulldoze|p2a: Pelipper\n|-immune|p2a: Pelipper\n|\n|-weather|RainDance|[upkeep]\n|-end|p1a: Tinkaton|Magma Storm|[partiallytrapped]|[silent]\n|upkeep\n|turn|15\n|\n|t:|1698618235\n|switch|p1a: Bronzong|Bronzong|85\/100\n|-activate|p1a: Bronzong|move: Sticky Web\n|-unboost|p1a: Bronzong|spe|1\n|move|p2a: Pelipper|U-turn|p1a: Bronzong\n|-damage|p1a: Bronzong|78\/100\n|\n|t:|1698618243\n|switch|p2a: Ogerpon|Ogerpon-Wellspring, F|88\/100|[from] U-turn\n|-damage|p2a: Ogerpon|76\/100|[from] Stealth Rock\n|\n|-weather|RainDance|[upkeep]\n|upkeep\n|turn|16\n|\n|t:|1698618258\n|move|p2a: Ogerpon|Ivy Cudgel|p1a: Bronzong\n|-damage|p1a: Bronzong|3\/100\n|move|p1a: Bronzong|Body Press|p2a: Ogerpon\n|-damage|p2a: Ogerpon|46\/100\n|\n|-weather|RainDance|[upkeep]\n|upkeep\n|turn|17\n|\n|t:|1698618295\n|move|p2a: Ogerpon|Ivy Cudgel|p1a: Bronzong\n|-damage|p1a: Bronzong|0 fnt\n|faint|p1a: Bronzong\n|\n|-weather|RainDance|[upkeep]\n|upkeep\n|\n|t:|1698618325\n|switch|p1a: Tinkaton|Tinkaton, F|20\/100\n|-activate|p1a: Tinkaton|move: Sticky Web\n|-unboost|p1a: Tinkaton|spe|1\n|turn|18\n|\n|t:|1698618332\n|move|p2a: Ogerpon|Ivy Cudgel|p1a: Tinkaton\n|-damage|p1a: Tinkaton|0 fnt\n|faint|p1a: Tinkaton\n|\n|-weather|none\n|-sideend|p1: Dennis wa|move: Light Screen\n|upkeep\n|\n|t:|1698618338\n|switch|p1a: Maushold|Maushold|100\/100\n|-activate|p1a: Maushold|move: Sticky Web\n|-unboost|p1a: Maushold|spe|1\n|turn|19\n|\n|t:|1698618344\n|switch|p2a: Heatran|Heatran, F|48\/100\n|-damage|p2a: Heatran|35\/100|[from] Stealth Rock\n|move|p1a: Maushold|Tidy Up|p1a: Maushold\n|-sideend|p1: Dennis wa|Sticky Web\n|-sideend|p2: Horuskoria|Stealth Rock\n|-activate|p1a: Maushold|move: Tidy Up\n|-boost|p1a: Maushold|atk|1\n|-boost|p1a: Maushold|spe|1\n|\n|upkeep\n|turn|20\n|\n|t:|1698618478\n|move|p1a: Maushold|Low Kick|p2a: Heatran\n|-supereffective|p2a: Heatran\n|-damage|p2a: Heatran|0 fnt\n|-damage|p1a: Maushold|84\/100|[from] item: Rocky Helmet|[of] p2a: Heatran\n|-status|p1a: Maushold|brn|[from] ability: Flame Body|[of] p2a: Heatran\n|faint|p2a: Heatran\n|\n|-damage|p1a: Maushold|78\/100 brn|[from] brn\n|upkeep\n|c|\u2606Dennis wa|Ach fuck\n|\n|t:|1698618489\n|switch|p2a: Pelipper|Pelipper, F|100\/100\n|-weather|RainDance|[from] ability: Drizzle|[of] p2a: Pelipper\n|turn|21\n|\n|t:|1698618525\n|move|p1a: Maushold|Tidy Up|p1a: Maushold\n|-boost|p1a: Maushold|atk|1\n|-boost|p1a: Maushold|spe|1\n|move|p2a: Pelipper|Hurricane|p1a: Maushold\n|-damage|p1a: Maushold|40\/100 brn\n|\n|-weather|RainDance|[upkeep]\n|-damage|p1a: Maushold|33\/100 brn|[from] brn\n|upkeep\n|turn|22\n|\n|t:|1698618537\n|move|p1a: Maushold|Population Bomb|p2a: Pelipper\n|-damage|p2a: Pelipper|95\/100\n|-damage|p2a: Pelipper|89\/100\n|-damage|p2a: Pelipper|82\/100\n|-damage|p2a: Pelipper|75\/100\n|-damage|p2a: Pelipper|69\/100\n|-damage|p2a: Pelipper|62\/100\n|-damage|p2a: Pelipper|56\/100\n|-damage|p2a: Pelipper|49\/100\n|-damage|p2a: Pelipper|43\/100\n|-damage|p2a: Pelipper|37\/100\n|-hitcount|p2a: Pelipper|10\n|move|p2a: Pelipper|Hurricane|p1a: Maushold\n|-damage|p1a: Maushold|0 fnt\n|faint|p1a: Maushold\n|\n|-weather|RainDance|[upkeep]\n|upkeep\n|c|\u2606Horuskoria|danke flame body\n|c|\u2606Dennis wa|ja hat dir das game gerettet\n|\n|t:|1698618733\n|switch|p1a: Ogerpon|Ogerpon-Hearthflame, F|100\/100\n|-ability|p1a: Ogerpon|Mold Breaker\n|turn|23\n|\n|t:|1698618757\n|move|p1a: Ogerpon|Trailblaze|p2a: Pelipper\n|-damage|p2a: Pelipper|16\/100\n|-boost|p1a: Ogerpon|spe|1\n|move|p2a: Pelipper|U-turn|p1a: Ogerpon\n|-damage|p1a: Ogerpon|90\/100\n|\n|t:|1698618763\n|switch|p2a: Noivern|Noivern, F|100\/100|[from] U-turn\n|-item|p1a: Ogerpon|Hearthflame Mask|[from] ability: Frisk|[of] p2a: Noivern|[identify]\n|\n|-weather|RainDance|[upkeep]\n|upkeep\n|turn|24\n|\n|t:|1698618778\n|move|p1a: Ogerpon|Superpower|p2a: Noivern\n|-resisted|p2a: Noivern\n|-damage|p2a: Noivern|77\/100\n|-unboost|p1a: Ogerpon|atk|1\n|-unboost|p1a: Ogerpon|def|1\n|move|p2a: Noivern|Hurricane|p1a: Ogerpon\n|-supereffective|p1a: Ogerpon\n|-damage|p1a: Ogerpon|12\/100\n|\n|-weather|RainDance|[upkeep]\n|upkeep\n|turn|25\n|\n|t:|1698618801\n|move|p1a: Ogerpon|Ivy Cudgel|p2a: Noivern\n|-resisted|p2a: Noivern\n|-damage|p2a: Noivern|68\/100\n|move|p2a: Noivern|Hurricane|p1a: Ogerpon\n|-supereffective|p1a: Ogerpon\n|-damage|p1a: Ogerpon|0 fnt\n|faint|p1a: Ogerpon\n|\n|-weather|none\n|upkeep\n|\n|t:|1698618810\n|switch|p1a: Zoroark|Zoroark-Hisui, M|12\/100\n|turn|26\n|\n|t:|1698618817\n|move|p2a: Noivern|Draco Meteor|p1a: Zoroark\n|-damage|p1a: Zoroark|0 fnt\n|-unboost|p2a: Noivern|spa|2\n|faint|p1a: Zoroark\n|\n|win|Horuskoria\n|c|\u2606Horuskoria|gg\n|c| Batikan17|gg\n","uploadtime":1698618824,"views":24,"p1id":"denniswa","p2id":"horuskoria","formatid":"gen9anythinggoes","rating":0,"private":0,"password":""}