{"id":"gen9anythinggoes-1982388921","p1":"luciano173","p2":"88_88 Bug Gang","format":"[Gen 9] Anything Goes","log":"|j|\u2606luciano173\n|j|\u260688_88 Bug Gang\n|t:|1699008399\n|gametype|singles\n|player|p1|luciano173|169|1088\n|player|p2|88_88 Bug Gang|ghetsis|1289\n|teamsize|p1|6\n|teamsize|p2|6\n|gen|9\n|tier|[Gen 9] Anything Goes\n|rated|\n|rule|HP Percentage Mod: HP is shown in percentages\n|rule|Endless Battle Clause: Forcing endless battles is banned\n|clearpoke\n|poke|p1|Greninja-*, F|\n|poke|p1|Gliscor, F|\n|poke|p1|Kyogre|\n|poke|p1|Kingambit, M|\n|poke|p1|Scizor, M|\n|poke|p1|Drifblim, M|\n|poke|p2|Breloom, M|\n|poke|p2|Darkrai|\n|poke|p2|Cyclizar, M|\n|poke|p2|Eiscue, M|\n|poke|p2|Calyrex-Shadow|\n|poke|p2|Gengar, M|\n|teampreview\n|\n|t:|1699008408\n|start\n|switch|p1a: Drifblim|Drifblim, M|100\/100\n|switch|p2a: Cyclizar|Cyclizar, M|100\/100\n|turn|1\n|\n|t:|1699008414\n|move|p2a: Cyclizar|Shed Tail|p2a: Cyclizar\n|-start|p2a: Cyclizar|Substitute|[from] move: Shed Tail\n|-damage|p2a: Cyclizar|50\/100\n|j| Sobbletrener3\n|\n|t:|1699008419\n|switch|p2a: Breloom|Breloom, M|100\/100|[from] Shed Tail\n|move|p1a: Drifblim|Minimize|p1a: Drifblim\n|-boost|p1a: Drifblim|evasion|2\n|\n|-status|p2a: Breloom|tox|[from] item: Toxic Orb\n|upkeep\n|turn|2\n|\n|t:|1699008427\n|move|p1a: Drifblim|Minimize|p1a: Drifblim\n|-boost|p1a: Drifblim|evasion|2\n|move|p2a: Breloom|Spore|p1a: Drifblim\n|-status|p1a: Drifblim|slp|[from] move: Spore\n|\n|upkeep\n|turn|3\n|\n|t:|1699008440\n|switch|p2a: Darkrai|Darkrai|100\/100\n|cant|p1a: Drifblim|slp\n|\n|-damage|p1a: Drifblim|88\/100 slp|[from] ability: Bad Dreams|[of] p2a: Darkrai\n|upkeep\n|turn|4\n|\n|t:|1699008450\n|move|p2a: Darkrai|Dark Pulse|p1a: Drifblim\n|-supereffective|p1a: Drifblim\n|-damage|p1a: Drifblim|0 fnt\n|faint|p1a: Drifblim\n|\n|upkeep\n|\n|t:|1699008458\n|switch|p1a: Greninja|Greninja, F, shiny|100\/100\n|turn|5\n|\n|t:|1699008465\n|move|p2a: Darkrai|Hypnosis|p1a: Greninja\n|-status|p1a: Greninja|slp|[from] move: Hypnosis\n|cant|p1a: Greninja|slp\n|\n|-damage|p1a: Greninja|88\/100 slp|[from] ability: Bad Dreams|[of] p2a: Darkrai\n|upkeep\n|turn|6\n|l| Sobbletrener3\n|\n|t:|1699008473\n|move|p2a: Darkrai|Nasty Plot|p2a: Darkrai\n|-boost|p2a: Darkrai|spa|2\n|cant|p1a: Greninja|slp\n|\n|-damage|p1a: Greninja|76\/100 slp|[from] ability: Bad Dreams|[of] p2a: Darkrai\n|upkeep\n|turn|7\n|\n|t:|1699008481\n|move|p2a: Darkrai|Dark Pulse|p1a: Greninja\n|-resisted|p1a: Greninja\n|-damage|p1a: Greninja|12\/100 slp\n|-curestatus|p1a: Greninja|slp|[msg]\n|move|p1a: Greninja|Ice Beam|p2a: Darkrai\n|-start|p1a: Greninja|typechange|Ice|[from] ability: Protean\n|-damage|p2a: Darkrai|61\/100\n|\n|-heal|p2a: Darkrai|67\/100|[from] item: Leftovers\n|upkeep\n|turn|8\n|\n|t:|1699008495\n|move|p2a: Darkrai|Nasty Plot|p2a: Darkrai\n|-boost|p2a: Darkrai|spa|2\n|move|p1a: Greninja|Gunk Shot|p2a: Darkrai|[miss]\n|-miss|p1a: Greninja|p2a: Darkrai\n|\n|-heal|p2a: Darkrai|73\/100|[from] item: Leftovers\n|upkeep\n|turn|9\n|\n|t:|1699008508\n|move|p2a: Darkrai|Dark Pulse|p1a: Greninja\n|-damage|p1a: Greninja|0 fnt\n|faint|p1a: Greninja\n|\n|-heal|p2a: Darkrai|79\/100|[from] item: Leftovers\n|upkeep\n|\n|t:|1699008516\n|switch|p1a: Scizor|Scizor, M|100\/100\n|turn|10\n|\n|t:|1699008523\n|move|p1a: Scizor|Bullet Punch|p2a: Darkrai\n|-damage|p2a: Darkrai|29\/100\n|move|p2a: Darkrai|Hypnosis|p1a: Scizor\n|-status|p1a: Scizor|slp|[from] move: Hypnosis\n|\n|-heal|p2a: Darkrai|35\/100|[from] item: Leftovers\n|-damage|p1a: Scizor|88\/100 slp|[from] ability: Bad Dreams|[of] p2a: Darkrai\n|upkeep\n|turn|11\n|\n|t:|1699008531\n|cant|p1a: Scizor|slp\n|move|p2a: Darkrai|Dark Pulse|p1a: Scizor\n|-damage|p1a: Scizor|0 fnt\n|faint|p1a: Scizor\n|\n|-heal|p2a: Darkrai|41\/100|[from] item: Leftovers\n|upkeep\n|\n|t:|1699008540\n|switch|p1a: Kyogre|Kyogre|100\/100\n|-weather|RainDance|[from] ability: Drizzle|[of] p1a: Kyogre\n|turn|12\n|\n|t:|1699008547\n|move|p2a: Darkrai|Hypnosis|p1a: Kyogre\n|-status|p1a: Kyogre|slp|[from] move: Hypnosis\n|cant|p1a: Kyogre|slp\n|\n|-weather|RainDance|[upkeep]\n|-heal|p2a: Darkrai|47\/100|[from] item: Leftovers\n|-damage|p1a: Kyogre|88\/100 slp|[from] ability: Bad Dreams|[of] p2a: Darkrai\n|upkeep\n|turn|13\n|\n|t:|1699008557\n|move|p2a: Darkrai|Dark Pulse|p1a: Kyogre\n|-damage|p1a: Kyogre|0 fnt\n|faint|p1a: Kyogre\n|\n|-weather|RainDance|[upkeep]\n|-heal|p2a: Darkrai|54\/100|[from] item: Leftovers\n|upkeep\n|\n|t:|1699008566\n|switch|p1a: Gliscor|Gliscor, F, shiny|100\/100\n|turn|14\n|\n|t:|1699008573\n|move|p2a: Darkrai|Dark Pulse|p1a: Gliscor\n|-damage|p1a: Gliscor|0 fnt\n|faint|p1a: Gliscor\n|\n|-weather|RainDance|[upkeep]\n|-heal|p2a: Darkrai|60\/100|[from] item: Leftovers\n|upkeep\n|\n|t:|1699008580\n|switch|p1a: Kingambit|Kingambit, M|100\/100\n|-activate|p1a: Kingambit|ability: Supreme Overlord\n|-start|p1a: Kingambit|fallen5|[silent]\n|turn|15\n|\n|t:|1699008586\n|move|p1a: Kingambit|Sucker Punch||[still]\n|-fail|p1a: Kingambit\n|move|p2a: Darkrai|Hypnosis|p1a: Kingambit|[miss]\n|-miss|p2a: Darkrai|p1a: Kingambit\n|\n|-weather|RainDance|[upkeep]\n|-heal|p2a: Darkrai|66\/100|[from] item: Leftovers\n|upkeep\n|turn|16\n|\n|t:|1699008598\n|switch|p2a: Gengar|Gengar, M|100\/100\n|move|p1a: Kingambit|Iron Defense|p1a: Kingambit\n|-boost|p1a: Kingambit|def|2\n|\n|-weather|none\n|upkeep\n|turn|17\n|\n|t:|1699008606\n|move|p1a: Kingambit|Sucker Punch||[still]\n|-fail|p1a: Kingambit\n|move|p2a: Gengar|Encore|p1a: Kingambit\n|-start|p1a: Kingambit|Encore\n|\n|upkeep\n|turn|18\n|\n|t:|1699008618\n|move|p1a: Kingambit|Sucker Punch||[still]\n|-fail|p1a: Kingambit\n|move|p2a: Gengar|Toxic|p1a: Kingambit\n|-immune|p1a: Kingambit\n|\n|upkeep\n|turn|19\n|\n|t:|1699008634\n|switch|p2a: Breloom|Breloom, M|100\/100 tox\n|move|p1a: Kingambit|Sucker Punch||[still]\n|-fail|p1a: Kingambit\n|\n|upkeep\n|turn|20\n|\n|t:|1699008639\n|move|p1a: Kingambit|Sucker Punch||[still]\n|-fail|p1a: Kingambit\n|move|p2a: Breloom|Spore|p1a: Kingambit\n|-status|p1a: Kingambit|slp|[from] move: Spore\n|\n|-end|p1a: Kingambit|Encore\n|upkeep\n|turn|21\n|\n|t:|1699008648\n|move|p2a: Breloom|Leech Seed|p1a: Kingambit\n|-start|p1a: Kingambit|move: Leech Seed\n|cant|p1a: Kingambit|slp\n|\n|-damage|p1a: Kingambit|88\/100 slp|[from] Leech Seed|[of] p2a: Breloom\n|upkeep\n|turn|22\n|\n|t:|1699008657\n|switch|p2a: Darkrai|Darkrai|66\/100\n|cant|p1a: Kingambit|slp\n|\n|-heal|p2a: Darkrai|72\/100|[from] item: Leftovers\n|-damage|p1a: Kingambit|76\/100 slp|[from] Leech Seed|[of] p2a: Darkrai\n|-heal|p2a: Darkrai|89\/100|[silent]\n|-damage|p1a: Kingambit|63\/100 slp|[from] ability: Bad Dreams|[of] p2a: Darkrai\n|upkeep\n|turn|23\n|\n|t:|1699008668\n|move|p2a: Darkrai|Nasty Plot|p2a: Darkrai\n|-boost|p2a: Darkrai|spa|2\n|-curestatus|p1a: Kingambit|slp|[msg]\n|move|p1a: Kingambit|Kowtow Cleave|p2a: Darkrai\n|-resisted|p2a: Darkrai\n|-damage|p2a: Darkrai|36\/100\n|\n|-heal|p2a: Darkrai|42\/100|[from] item: Leftovers\n|-damage|p1a: Kingambit|51\/100|[from] Leech Seed|[of] p2a: Darkrai\n|-heal|p2a: Darkrai|60\/100|[silent]\n|upkeep\n|turn|24\n|\n|t:|1699008696\n|-terastallize|p1a: Kingambit|Dark\n|move|p2a: Darkrai|Dark Pulse|p1a: Kingambit\n|-resisted|p1a: Kingambit\n|-damage|p1a: Kingambit|7\/100\n|move|p1a: Kingambit|Kowtow Cleave|p2a: Darkrai\n|-resisted|p2a: Darkrai\n|-damage|p2a: Darkrai|0 fnt\n|faint|p2a: Darkrai\n|\n|upkeep\n|\n|t:|1699008706\n|switch|p2a: Breloom|Breloom, M|100\/100 tox\n|turn|25\n|\n|t:|1699008712\n|move|p2a: Breloom|Mach Punch|p1a: Kingambit\n|-supereffective|p1a: Kingambit\n|-damage|p1a: Kingambit|0 fnt\n|faint|p1a: Kingambit\n|-end|p1a: Kingambit|fallen5|[silent]\n|\n|win|88_88 Bug Gang\n|raw|luciano173's rating: 1088 &rarr; <strong>1077<\/strong><br \/>(-11 for losing)\n|raw|88_88 Bug Gang's rating: 1289 &rarr; <strong>1301<\/strong><br \/>(+12 for winning)\n","uploadtime":1699008718,"views":8,"p1id":"luciano173","p2id":"8888buggang","formatid":"gen9anythinggoes","rating":1077,"private":0,"password":""}