{"id":"gen9anythinggoes-1972780335","p1":"Dumbfudge","p2":"Tumzy87","format":"[Gen 9] Anything Goes","log":"|j|\u2606Dumbfudge\n|j|\u2606Tumzy87\n|t:|1697894036\n|gametype|singles\n|player|p1|Dumbfudge|blackbelt-gen4dp|1323\n|player|p2|Tumzy87|colress|1385\n|teamsize|p1|6\n|teamsize|p2|6\n|gen|9\n|tier|[Gen 9] Anything Goes\n|rated|\n|rule|HP Percentage Mod: HP is shown in percentages\n|rule|Endless Battle Clause: Forcing endless battles is banned\n|clearpoke\n|poke|p1|Espathra, M|\n|poke|p1|Darkrai|\n|poke|p1|Breloom, M|\n|poke|p1|Tyranitar, F|\n|poke|p1|Calyrex-Shadow|\n|poke|p1|Grimmsnarl, M|\n|poke|p2|Scizor, M|\n|poke|p2|Dragapult, M|\n|poke|p2|Lycanroc-Dusk, M|\n|poke|p2|Toxapex, F|\n|poke|p2|Eelektross, F|\n|poke|p2|Greninja-*, F|\n|teampreview\n|inactive|Battle timer is ON: inactive players will automatically lose when time's up. (requested by Tumzy87)\n|\n|t:|1697894042\n|start\n|switch|p1a: DarkraiEV|Darkrai|100\/100\n|switch|p2a: Scizor|Scizor, M, shiny|100\/100\n|turn|1\n|\n|t:|1697894051\n|move|p1a: DarkraiEV|Hypnosis|p2a: Scizor\n|-status|p2a: Scizor|slp|[from] move: Hypnosis\n|cant|p2a: Scizor|slp\n|\n|-damage|p2a: Scizor|88\/100 slp|[from] ability: Bad Dreams|[of] p1a: DarkraiEV\n|upkeep\n|turn|2\n|\n|t:|1697894059\n|move|p1a: DarkraiEV|Hex|p2a: Scizor\n|-damage|p2a: Scizor|44\/100 slp\n|cant|p2a: Scizor|slp\n|\n|-damage|p2a: Scizor|31\/100 slp|[from] ability: Bad Dreams|[of] p1a: DarkraiEV\n|upkeep\n|turn|3\n|\n|t:|1697894068\n|switch|p2a: Lycanroc|Lycanroc-Dusk, M|100\/100\n|move|p1a: DarkraiEV|Dark Pulse|p2a: Lycanroc\n|-damage|p2a: Lycanroc|46\/100\n|\n|upkeep\n|turn|4\n|\n|t:|1697894075\n|move|p1a: DarkraiEV|Dark Pulse|p2a: Lycanroc\n|-damage|p2a: Lycanroc|0 fnt\n|faint|p2a: Lycanroc\n|\n|upkeep\n|\n|t:|1697894082\n|switch|p2a: Dragapult|Dragapult, M|100\/100\n|turn|5\n|\n|t:|1697894090\n|move|p2a: Dragapult|Phantom Force||[still]\n|-prepare|p2a: Dragapult|Phantom Force\n|move|p1a: DarkraiEV|Dark Pulse|p2a: Dragapult|[miss]\n|-miss|p1a: DarkraiEV|p2a: Dragapult\n|\n|upkeep\n|turn|6\n|\n|t:|1697894100\n|move|p2a: Dragapult|Phantom Force|p1a: DarkraiEV|[from]lockedmove\n|-resisted|p1a: DarkraiEV\n|-damage|p1a: DarkraiEV|77\/100\n|move|p1a: DarkraiEV|Hypnosis|p2a: Dragapult\n|-status|p2a: Dragapult|slp|[from] move: Hypnosis\n|\n|-damage|p2a: Dragapult|88\/100 slp|[from] ability: Bad Dreams|[of] p1a: DarkraiEV\n|upkeep\n|turn|7\n|\n|t:|1697894109\n|-terastallize|p2a: Dragapult|Fairy\n|cant|p2a: Dragapult|slp\n|move|p1a: DarkraiEV|Hex|p2a: Dragapult\n|-damage|p2a: Dragapult|36\/100 slp\n|\n|-damage|p2a: Dragapult|23\/100 slp|[from] ability: Bad Dreams|[of] p1a: DarkraiEV\n|upkeep\n|turn|8\n|\n|t:|1697894122\n|switch|p2a: Eelektross|Eelektross, F|100\/100\n|move|p1a: DarkraiEV|Dark Pulse|p2a: Eelektross\n|-damage|p2a: Eelektross|77\/100\n|\n|upkeep\n|turn|9\n|\n|t:|1697894128\n|move|p1a: DarkraiEV|Hypnosis|p2a: Eelektross\n|-status|p2a: Eelektross|slp|[from] move: Hypnosis\n|cant|p2a: Eelektross|slp\n|\n|-damage|p2a: Eelektross|65\/100 slp|[from] ability: Bad Dreams|[of] p1a: DarkraiEV\n|upkeep\n|turn|10\n|\n|t:|1697894136\n|move|p1a: DarkraiEV|Hex|p2a: Eelektross\n|-damage|p2a: Eelektross|40\/100 slp\n|cant|p2a: Eelektross|slp\n|\n|-damage|p2a: Eelektross|28\/100 slp|[from] ability: Bad Dreams|[of] p1a: DarkraiEV\n|upkeep\n|turn|11\n|\n|t:|1697894144\n|move|p1a: DarkraiEV|Dark Pulse|p2a: Eelektross\n|-damage|p2a: Eelektross|5\/100 slp\n|-curestatus|p2a: Eelektross|slp|[msg]\n|cant|p2a: Eelektross|flinch\n|\n|upkeep\n|turn|12\n|\n|t:|1697894151\n|move|p1a: DarkraiEV|Dark Pulse|p2a: Eelektross\n|-damage|p2a: Eelektross|0 fnt\n|faint|p2a: Eelektross\n|\n|upkeep\n|\n|t:|1697894156\n|switch|p2a: Greninja|Greninja, F|100\/100\n|turn|13\n|\n|t:|1697894163\n|move|p1a: DarkraiEV|Hypnosis|p2a: Greninja\n|-status|p2a: Greninja|slp|[from] move: Hypnosis\n|cant|p2a: Greninja|slp\n|\n|-damage|p2a: Greninja|88\/100 slp|[from] ability: Bad Dreams|[of] p1a: DarkraiEV\n|upkeep\n|turn|14\n|\n|t:|1697894170\n|move|p1a: DarkraiEV|Hex|p2a: Greninja\n|-resisted|p2a: Greninja\n|-damage|p2a: Greninja|56\/100 slp\n|cant|p2a: Greninja|slp\n|\n|-heal|p2a: Greninja|62\/100 slp|[from] item: Leftovers\n|-damage|p2a: Greninja|50\/100 slp|[from] ability: Bad Dreams|[of] p1a: DarkraiEV\n|upkeep\n|turn|15\n|\n|t:|1697894180\n|move|p1a: DarkraiEV|Dark Pulse|p2a: Greninja\n|-resisted|p2a: Greninja\n|-damage|p2a: Greninja|22\/100 slp\n|-curestatus|p2a: Greninja|slp|[msg]\n|move|p2a: Greninja|Hydro Pump|p1a: DarkraiEV|[miss]\n|-miss|p2a: Greninja|p1a: DarkraiEV\n|\n|-heal|p2a: Greninja|28\/100|[from] item: Leftovers\n|upkeep\n|turn|16\n|\n|t:|1697894189\n|move|p1a: DarkraiEV|Dark Pulse|p2a: Greninja\n|-resisted|p2a: Greninja\n|-crit|p2a: Greninja\n|-damage|p2a: Greninja|0 fnt\n|faint|p2a: Greninja\n|\n|upkeep\n|\n|t:|1697894193\n|switch|p2a: Dragapult|Dragapult, M, tera:Fairy|23\/100 slp\n|turn|17\n|\n|t:|1697894197\n|cant|p2a: Dragapult|slp\n|move|p1a: DarkraiEV|Dark Pulse|p2a: Dragapult\n|-resisted|p2a: Dragapult\n|-damage|p2a: Dragapult|0 fnt\n|faint|p2a: Dragapult\n|\n|upkeep\n|\n|t:|1697894199\n|switch|p2a: Toxapex|Toxapex, F|100\/100\n|turn|18\n|\n|t:|1697894207\n|move|p2a: Toxapex|Baneful Bunker|p2a: Toxapex\n|-singleturn|p2a: Toxapex|move: Protect\n|move|p1a: DarkraiEV|Dark Pulse|p2a: Toxapex\n|-activate|p2a: Toxapex|move: Protect\n|\n|upkeep\n|turn|19\n|\n|t:|1697894214\n|move|p1a: DarkraiEV|Dark Pulse|p2a: Toxapex\n|-damage|p2a: Toxapex|71\/100\n|cant|p2a: Toxapex|flinch\n|\n|upkeep\n|turn|20\n|\n|t:|1697894219\n|move|p1a: DarkraiEV|Hypnosis|p2a: Toxapex\n|-status|p2a: Toxapex|slp|[from] move: Hypnosis\n|cant|p2a: Toxapex|slp\n|\n|-damage|p2a: Toxapex|58\/100 slp|[from] ability: Bad Dreams|[of] p1a: DarkraiEV\n|upkeep\n|turn|21\n|\n|t:|1697894244\n|move|p1a: DarkraiEV|Hex|p2a: Toxapex\n|-damage|p2a: Toxapex|31\/100 slp\n|cant|p2a: Toxapex|slp\n|\n|-damage|p2a: Toxapex|19\/100 slp|[from] ability: Bad Dreams|[of] p1a: DarkraiEV\n|upkeep\n|turn|22\n|\n|t:|1697894252\n|move|p1a: DarkraiEV|Dark Pulse|p2a: Toxapex\n|-damage|p2a: Toxapex|0 fnt\n|faint|p2a: Toxapex\n|\n|upkeep\n|\n|t:|1697894257\n|switch|p2a: Scizor|Scizor, M, shiny|31\/100 slp\n|turn|23\n|\n|t:|1697894262\n|-curestatus|p2a: Scizor|slp|[msg]\n|move|p2a: Scizor|Bullet Punch|p1a: DarkraiEV\n|-damage|p1a: DarkraiEV|33\/100\n|move|p1a: DarkraiEV|Dark Pulse|p2a: Scizor\n|-damage|p2a: Scizor|0 fnt\n|faint|p2a: Scizor\n|\n|win|Dumbfudge\n|raw|Dumbfudge's rating: 1323 &rarr; <strong>1347<\/strong><br \/>(+24 for winning)\n|raw|Tumzy87's rating: 1385 &rarr; <strong>1361<\/strong><br \/>(-24 for losing)\n|l|\u2606Tumzy87\n","uploadtime":1697894275,"views":7,"p1id":"dumbfudge","p2id":"tumzy87","formatid":"gen9anythinggoes","rating":1347,"private":0,"password":""}