{"id":"gen9anythinggoes-1999903750","p1":"FlyingAintReal","p2":"Spartan-912","format":"[Gen 9] Anything Goes","log":"|j|\u203dFlyingAintReal\n|j|\u2606Spartan-912\n|t:|1701128296\n|gametype|singles\n|player|p1|FlyingAintReal|cynthia-masters|1000\n|player|p2|Spartan-912|skyla|1111\n|teamsize|p1|6\n|teamsize|p2|6\n|gen|9\n|tier|[Gen 9] Anything Goes\n|rated|\n|rule|HP Percentage Mod: HP is shown in percentages\n|rule|Endless Battle Clause: Forcing endless battles is banned\n|clearpoke\n|poke|p1|Mew|\n|poke|p1|Mew|\n|poke|p1|Mew|\n|poke|p1|Mew|\n|poke|p1|Mew|\n|poke|p1|Mew|\n|poke|p2|Scyther, M|\n|poke|p2|Zoroark-Hisui, F|\n|poke|p2|Greninja-*, M|\n|poke|p2|Ditto|\n|poke|p2|Iron Valiant|\n|poke|p2|Zamazenta-*|\n|teampreview\n|inactive|Battle timer is ON: inactive players will automatically lose when time's up. (requested by FlyingAintReal)\n|inactive|Spartan-912 has 120 seconds left.\n|\n|t:|1701128334\n|start\n|switch|p1a: Mew|Mew|100\/100\n|switch|p2a: Greninja|Greninja, M|100\/100\n|turn|1\n|\n|t:|1701128349\n|move|p2a: Greninja|Substitute|p2a: Greninja\n|-start|p2a: Greninja|typechange|Normal|[from] ability: Protean\n|-start|p2a: Greninja|Substitute\n|-damage|p2a: Greninja|76\/100\n|move|p1a: Mew|Stealth Rock|p2a: Greninja\n|-sidestart|p2: Spartan-912|move: Stealth Rock\n|\n|upkeep\n|turn|2\n|\n|t:|1701128358\n|move|p2a: Greninja|Quick Attack|p1a: Mew\n|-damage|p1a: Mew|88\/100\n|move|p1a: Mew|Fire Punch|p2a: Greninja\n|-activate|p2a: Greninja|move: Substitute|[damage]\n|\n|upkeep\n|turn|3\n|\n|t:|1701128373\n|move|p2a: Greninja|Water Shuriken|p1a: Mew\n|-damage|p1a: Mew|86\/100\n|-damage|p1a: Mew|84\/100\n|-damage|p1a: Mew|81\/100\n|-hitcount|p1a: Mew|3\n|move|p1a: Mew|Toxic Spikes|p2a: Greninja\n|-sidestart|p2: Spartan-912|move: Toxic Spikes\n|\n|upkeep\n|turn|4\n|\n|t:|1701128384\n|move|p2a: Greninja|Quick Attack|p1a: Mew\n|-damage|p1a: Mew|70\/100\n|move|p1a: Mew|Toxic Spikes|p2a: Greninja\n|-sidestart|p2: Spartan-912|move: Toxic Spikes\n|\n|upkeep\n|turn|5\n|\n|t:|1701128391\n|move|p2a: Greninja|Quick Attack|p1a: Mew\n|-damage|p1a: Mew|58\/100\n|move|p1a: Mew|Spikes|p2a: Greninja\n|-sidestart|p2: Spartan-912|Spikes\n|\n|upkeep\n|turn|6\n|\n|t:|1701128397\n|move|p2a: Greninja|Quick Attack|p1a: Mew\n|-damage|p1a: Mew|46\/100\n|move|p1a: Mew|Spikes|p2a: Greninja\n|-sidestart|p2: Spartan-912|Spikes\n|\n|upkeep\n|turn|7\n|\n|t:|1701128406\n|move|p2a: Greninja|Quick Attack|p1a: Mew\n|-damage|p1a: Mew|35\/100\n|move|p1a: Mew|Spikes|p2a: Greninja\n|-sidestart|p2: Spartan-912|Spikes\n|\n|upkeep\n|turn|8\n|\n|t:|1701128412\n|move|p2a: Greninja|Quick Attack|p1a: Mew\n|-damage|p1a: Mew|23\/100\n|move|p1a: Mew|Fire Punch|p2a: Greninja\n|-end|p2a: Greninja|Substitute\n|\n|upkeep\n|turn|9\n|\n|t:|1701128420\n|move|p2a: Greninja|Substitute|p2a: Greninja\n|-start|p2a: Greninja|Substitute\n|-damage|p2a: Greninja|51\/100\n|move|p1a: Mew|Fire Punch|p2a: Greninja\n|-activate|p2a: Greninja|move: Substitute|[damage]\n|\n|upkeep\n|turn|10\n|\n|t:|1701128428\n|move|p2a: Greninja|Quick Attack|p1a: Mew\n|-damage|p1a: Mew|11\/100\n|move|p1a: Mew|Fire Punch|p2a: Greninja\n|-end|p2a: Greninja|Substitute\n|\n|upkeep\n|turn|11\n|\n|t:|1701128435\n|move|p2a: Greninja|Quick Attack|p1a: Mew\n|-damage|p1a: Mew|0 fnt\n|faint|p1a: Mew\n|\n|upkeep\n|\n|t:|1701128441\n|switch|p1a: Mew|Mew|100\/100\n|turn|12\n|\n|t:|1701128447\n|move|p2a: Greninja|Low Kick|p1a: Mew\n|-resisted|p1a: Mew\n|-damage|p1a: Mew|98\/100\n|move|p1a: Mew|Dragon Dance|p1a: Mew\n|-boost|p1a: Mew|atk|1\n|-boost|p1a: Mew|spe|1\n|\n|upkeep\n|turn|13\n|\n|t:|1701128454\n|move|p2a: Greninja|Quick Attack|p1a: Mew\n|-damage|p1a: Mew|84\/100\n|move|p1a: Mew|Dragon Dance|p1a: Mew\n|-boost|p1a: Mew|atk|1\n|-boost|p1a: Mew|spe|1\n|\n|upkeep\n|turn|14\n|\n|t:|1701128462\n|move|p2a: Greninja|Quick Attack|p1a: Mew\n|-damage|p1a: Mew|68\/100\n|move|p1a: Mew|Earthquake|p2a: Greninja\n|-damage|p2a: Greninja|0 fnt\n|faint|p2a: Greninja\n|-damage|p1a: Mew|58\/100|[from] item: Life Orb\n|\n|upkeep\n|\n|t:|1701128482\n|switch|p2a: Scyther|Scyther, M|100\/100\n|-damage|p2a: Scyther|51\/100|[from] Stealth Rock\n|turn|15\n|\n|t:|1701128489\n|move|p1a: Mew|Crunch|p2a: Scyther\n|-damage|p2a: Scyther|0 fnt\n|faint|p2a: Scyther\n|-damage|p1a: Mew|48\/100|[from] item: Life Orb\n|\n|upkeep\n|\n|t:|1701128499\n|switch|p2a: Zamazenta|Zamazenta-Crowned, shiny|100\/100\n|-damage|p2a: Zamazenta|97\/100|[from] Stealth Rock\n|-damage|p2a: Zamazenta|72\/100|[from] Spikes\n|-ability|p2a: Zamazenta|Dauntless Shield|boost\n|-boost|p2a: Zamazenta|def|1\n|turn|16\n|\n|t:|1701128518\n|move|p1a: Mew|Fire Blast|p2a: Zamazenta\n|-supereffective|p2a: Zamazenta\n|-damage|p2a: Zamazenta|16\/100\n|-damage|p1a: Mew|38\/100|[from] item: Life Orb\n|move|p2a: Zamazenta|Behemoth Bash|p1a: Mew\n|-damage|p1a: Mew|0 fnt\n|faint|p1a: Mew\n|\n|upkeep\n|\n|t:|1701128526\n|switch|p1a: Mew|Mew|100\/100\n|turn|17\n|\n|t:|1701128531\n|move|p1a: Mew|Amnesia|p1a: Mew\n|-boost|p1a: Mew|spd|2\n|move|p2a: Zamazenta|Roar|p1a: Mew\n|drag|p1a: Mew|Mew|100\/100\n|\n|upkeep\n|turn|18\n|\n|t:|1701128541\n|move|p2a: Zamazenta|Moonblast|p1a: Mew\n|-damage|p1a: Mew|75\/100\n|move|p1a: Mew|Waterfall|p2a: Zamazenta\n|-damage|p2a: Zamazenta|3\/100\n|\n|upkeep\n|turn|19\n|\n|t:|1701128549\n|move|p2a: Zamazenta|Behemoth Bash|p1a: Mew\n|-damage|p1a: Mew|33\/100\n|move|p1a: Mew|Waterfall|p2a: Zamazenta\n|-damage|p2a: Zamazenta|0 fnt\n|faint|p2a: Zamazenta\n|\n|upkeep\n|\n|t:|1701128558\n|switch|p2a: Ditto|Ditto|100\/100\n|-damage|p2a: Ditto|88\/100|[from] Stealth Rock\n|-status|p2a: Ditto|tox\n|-damage|p2a: Ditto|63\/100 tox|[from] Spikes\n|-transform|p2a: Ditto|p1a: Mew|[from] ability: Imposter\n|turn|20\n|inactive|Spartan-912 has 120 seconds left.\n|\n|t:|1701128595\n|move|p2a: Ditto|Stone Edge|p1a: Mew|[miss]\n|-miss|p2a: Ditto|p1a: Mew\n|move|p1a: Mew|Brave Bird|p2a: Ditto\n|-damage|p2a: Ditto|22\/100 tox\n|-damage|p1a: Mew|21\/100|[from] Recoil\n|\n|-heal|p2a: Ditto|28\/100 tox|[from] item: Leftovers\n|-damage|p2a: Ditto|22\/100 tox|[from] psn\n|upkeep\n|turn|21\n|inactive|Spartan-912 has 120 seconds left.\n|\n|t:|1701128615\n|move|p2a: Ditto|Stone Edge|p1a: Mew\n|-damage|p1a: Mew|0 fnt\n|faint|p1a: Mew\n|\n|-heal|p2a: Ditto|28\/100 tox|[from] item: Leftovers\n|-damage|p2a: Ditto|16\/100 tox|[from] psn\n|upkeep\n|\n|t:|1701128620\n|switch|p1a: Mew|Mew|100\/100\n|turn|22\n|inactive|Spartan-912 has 120 seconds left.\n|\n|t:|1701128626\n|move|p2a: Ditto|Stone Edge|p1a: Mew\n|-damage|p1a: Mew|83\/100\n|move|p1a: Mew|Iron Defense|p1a: Mew\n|-boost|p1a: Mew|def|2\n|\n|-heal|p2a: Ditto|22\/100 tox|[from] item: Leftovers\n|-damage|p2a: Ditto|4\/100 tox|[from] psn\n|upkeep\n|turn|23\n|inactive|Spartan-912 has 120 seconds left.\n|\n|t:|1701128639\n|move|p2a: Ditto|Bulk Up|p2a: Ditto\n|-boost|p2a: Ditto|atk|1\n|-boost|p2a: Ditto|def|1\n|move|p1a: Mew|Amnesia|p1a: Mew\n|-boost|p1a: Mew|spd|2\n|\n|-heal|p2a: Ditto|10\/100 tox|[from] item: Leftovers\n|-damage|p2a: Ditto|0 fnt|[from] psn\n|faint|p2a: Ditto\n|upkeep\n|inactive|Spartan-912 has 120 seconds left.\n|\n|t:|1701128650\n|switch|p2a: Iron Valiant|Iron Valiant|100\/100\n|-damage|p2a: Iron Valiant|94\/100|[from] Stealth Rock\n|-status|p2a: Iron Valiant|tox\n|-damage|p2a: Iron Valiant|69\/100 tox|[from] Spikes\n|-enditem|p2a: Iron Valiant|Booster Energy\n|-activate|p2a: Iron Valiant|ability: Quark Drive|[fromitem]\n|-start|p2a: Iron Valiant|quarkdriveatk\n|turn|24\n|inactive|Spartan-912 has 120 seconds left.\n|\n|t:|1701128667\n|move|p2a: Iron Valiant|Shadow Sneak|p1a: Mew\n|-supereffective|p1a: Mew\n|-damage|p1a: Mew|74\/100\n|-enditem|p1a: Mew|Weakness Policy\n|-boost|p1a: Mew|atk|2|[from] item: Weakness Policy\n|-boost|p1a: Mew|spa|2|[from] item: Weakness Policy\n|move|p1a: Mew|Iron Defense|p1a: Mew\n|-boost|p1a: Mew|def|2\n|\n|-damage|p2a: Iron Valiant|63\/100 tox|[from] psn\n|upkeep\n|turn|25\n|\n|t:|1701128678\n|move|p2a: Iron Valiant|Disable|p1a: Mew\n|-start|p1a: Mew|Disable|Iron Defense\n|move|p1a: Mew|Amnesia|p1a: Mew\n|-boost|p1a: Mew|spd|2\n|\n|-damage|p2a: Iron Valiant|51\/100 tox|[from] psn\n|upkeep\n|turn|26\n|\n|t:|1701128690\n|move|p2a: Iron Valiant|Ice Punch|p1a: Mew\n|-damage|p1a: Mew|68\/100\n|move|p1a: Mew|Amnesia|p1a: Mew\n|-boost|p1a: Mew|spd|2\n|\n|-damage|p2a: Iron Valiant|32\/100 tox|[from] psn\n|upkeep\n|turn|27\n|\n|t:|1701128704\n|move|p2a: Iron Valiant|Ice Punch|p1a: Mew\n|-damage|p1a: Mew|62\/100\n|move|p1a: Mew|Stored Power|p2a: Iron Valiant\n|-supereffective|p2a: Iron Valiant\n|-damage|p2a: Iron Valiant|0 fnt\n|faint|p2a: Iron Valiant\n|-end|p2a: Iron Valiant|Quark Drive|[silent]\n|\n|upkeep\n|\n|t:|1701128713\n|switch|p2a: Zoroark|Zoroark-Hisui, F, shiny|100\/100\n|-damage|p2a: Zoroark|88\/100|[from] Stealth Rock\n|-status|p2a: Zoroark|tox\n|-damage|p2a: Zoroark|63\/100 tox|[from] Spikes\n|turn|28\n|\n|t:|1701128723\n|-terastallize|p1a: Mew|Fairy\n|move|p2a: Zoroark|Agility|p2a: Zoroark\n|-boost|p2a: Zoroark|spe|2\n|move|p1a: Mew|Dazzling Gleam|p2a: Zoroark\n|-damage|p2a: Zoroark|0 fnt\n|faint|p2a: Zoroark\n|\n|win|FlyingAintReal\n|raw|FlyingAintReal's rating: 1000 &rarr; <strong>1052<\/strong><br \/>(+52 for winning)\n|raw|Spartan-912's rating: 1111 &rarr; <strong>1078<\/strong><br \/>(-33 for losing)\n","uploadtime":1701128737,"views":8,"p1id":"flyingaintreal","p2id":"spartan912","formatid":"gen9anythinggoes","rating":1052,"private":0,"password":""}