{"id":"gen9anythinggoes-1973221957","p1":"PhantomElephant","p2":"Koibitio","format":"[Gen 9] Anything Goes","log":"|j|\u2606PhantomElephant\n|j|\u2606Koibitio\n|t:|1697941112\n|gametype|singles\n|player|p1|PhantomElephant|265|1378\n|player|p2|Koibitio|buck|1512\n|teamsize|p1|6\n|teamsize|p2|6\n|gen|9\n|tier|[Gen 9] Anything Goes\n|rated|\n|rule|HP Percentage Mod: HP is shown in percentages\n|rule|Endless Battle Clause: Forcing endless battles is banned\n|clearpoke\n|poke|p1|Regieleki|\n|poke|p1|Regieleki|\n|poke|p1|Regieleki|\n|poke|p1|Kyogre|\n|poke|p1|Zacian-*|\n|poke|p1|Calyrex-Shadow|\n|poke|p2|Koraidon|\n|poke|p2|Flutter Mane|\n|poke|p2|Torkoal, F|\n|poke|p2|Chi-Yu|\n|poke|p2|Lilligant-Hisui, F|\n|poke|p2|Maushold-Four|\n|teampreview\n|\n|t:|1697941119\n|start\n|switch|p1a: Regieleki|Regieleki|100\/100\n|switch|p2a: Torkoal|Torkoal, F, shiny|100\/100\n|-weather|SunnyDay|[from] ability: Drought|[of] p2a: Torkoal\n|turn|1\n|\n|t:|1697941124\n|move|p1a: Regieleki|Wild Charge|p2a: Torkoal\n|-damage|p2a: Torkoal|51\/100\n|-damage|p1a: Regieleki|87\/100|[from] Recoil\n|move|p2a: Torkoal|Stealth Rock|p1a: Regieleki\n|-sidestart|p1: PhantomElephant|move: Stealth Rock\n|\n|-weather|SunnyDay|[upkeep]\n|upkeep\n|turn|2\n|\n|t:|1697941128\n|move|p1a: Regieleki|Wild Charge|p2a: Torkoal\n|-damage|p2a: Torkoal|7\/100\n|-damage|p1a: Regieleki|74\/100|[from] Recoil\n|move|p2a: Torkoal|Yawn|p1a: Regieleki\n|-start|p1a: Regieleki|move: Yawn|[of] p2a: Torkoal\n|\n|-weather|SunnyDay|[upkeep]\n|upkeep\n|turn|3\n|\n|t:|1697941135\n|switch|p2a: Lilligant|Lilligant-Hisui, F, shiny|100\/100\n|move|p1a: Regieleki|Wild Charge|p2a: Lilligant\n|-resisted|p2a: Lilligant\n|-damage|p2a: Lilligant|40\/100\n|-damage|p1a: Regieleki|60\/100|[from] Recoil\n|\n|-weather|SunnyDay|[upkeep]\n|-end|p1a: Regieleki|move: Yawn|[silent]\n|-status|p1a: Regieleki|slp\n|upkeep\n|turn|4\n|\n|t:|1697941141\n|move|p2a: Lilligant|Solar Blade||[still]\n|-prepare|p2a: Lilligant|Solar Blade\n|-anim|p2a: Lilligant|Solar Blade|p1a: Regieleki\n|-damage|p1a: Regieleki|0 fnt\n|faint|p1a: Regieleki\n|\n|-weather|SunnyDay|[upkeep]\n|upkeep\n|\n|t:|1697941153\n|switch|p1a: Calyrex|Calyrex-Shadow|100\/100\n|-ability|p1a: Calyrex|As One\n|-ability|p1a: Calyrex|Unnerve\n|-damage|p1a: Calyrex|88\/100|[from] Stealth Rock\n|turn|5\n|\n|t:|1697941158\n|-terastallize|p1a: Calyrex|Psychic\n|move|p1a: Calyrex|Psychic|p2a: Lilligant\n|-supereffective|p2a: Lilligant\n|-damage|p2a: Lilligant|0 fnt\n|faint|p2a: Lilligant\n|-ability|p1a: Calyrex|Grim Neigh|boost\n|-boost|p1a: Calyrex|spa|1\n|\n|-weather|SunnyDay|[upkeep]\n|upkeep\n|\n|t:|1697941165\n|switch|p2a: Chi-Yu|Chi-Yu|100\/100\n|-ability|p2a: Chi-Yu|Beads of Ruin\n|turn|6\n|\n|t:|1697941170\n|switch|p1a: Regieleki|Regieleki|100\/100\n|-damage|p1a: Regieleki|88\/100|[from] Stealth Rock\n|move|p2a: Chi-Yu|Heat Wave|p1a: Regieleki\n|-damage|p1a: Regieleki|0 fnt\n|faint|p1a: Regieleki\n|\n|-weather|SunnyDay|[upkeep]\n|upkeep\n|\n|t:|1697941176\n|switch|p1a: Kyogre|Kyogre|100\/100\n|-damage|p1a: Kyogre|88\/100|[from] Stealth Rock\n|-weather|RainDance|[from] ability: Drizzle|[of] p1a: Kyogre\n|turn|7\n|\n|t:|1697941182\n|switch|p2a: Koraidon|Koraidon|100\/100\n|-weather|SunnyDay|[from] ability: Orichalcum Pulse|[of] p2a: Koraidon\n|-activate|p2a: Koraidon|Orichalcum Pulse|[source]\n|move|p1a: Kyogre|Surf|p2a: Koraidon\n|-resisted|p2a: Koraidon\n|-damage|p2a: Koraidon|87\/100\n|\n|-weather|SunnyDay|[upkeep]\n|upkeep\n|turn|8\n|\n|t:|1697941186\n|move|p2a: Koraidon|Flame Charge|p1a: Kyogre\n|-resisted|p1a: Kyogre\n|-damage|p1a: Kyogre|70\/100\n|-boost|p2a: Koraidon|spe|1\n|move|p1a: Kyogre|Ice Beam|p2a: Koraidon\n|-supereffective|p2a: Koraidon\n|-damage|p2a: Koraidon|5\/100\n|\n|-weather|SunnyDay|[upkeep]\n|upkeep\n|turn|9\n|\n|t:|1697941195\n|move|p2a: Koraidon|Collision Course|p1a: Kyogre\n|-damage|p1a: Kyogre|3\/100\n|move|p1a: Kyogre|Ice Beam|p2a: Koraidon\n|-supereffective|p2a: Koraidon\n|-damage|p2a: Koraidon|0 fnt\n|faint|p2a: Koraidon\n|\n|-weather|SunnyDay|[upkeep]\n|upkeep\n|\n|t:|1697941208\n|switch|p2a: Chi-Yu|Chi-Yu|100\/100\n|-ability|p2a: Chi-Yu|Beads of Ruin\n|turn|10\n|\n|t:|1697941222\n|move|p2a: Chi-Yu|Heat Wave|p1a: Kyogre\n|-resisted|p1a: Kyogre\n|-damage|p1a: Kyogre|0 fnt\n|faint|p1a: Kyogre\n|\n|-weather|SunnyDay|[upkeep]\n|upkeep\n|\n|t:|1697941224\n|switch|p1a: Regieleki|Regieleki|100\/100\n|-damage|p1a: Regieleki|88\/100|[from] Stealth Rock\n|turn|11\n|\n|t:|1697941230\n|move|p1a: Regieleki|Explosion|p2a: Chi-Yu\n|-damage|p2a: Chi-Yu|0 fnt\n|faint|p1a: Regieleki\n|faint|p2a: Chi-Yu\n|\n|-weather|none\n|upkeep\n|\n|t:|1697941236\n|switch|p1a: Calyrex|Calyrex-Shadow, tera:Psychic|88\/100\n|switch|p2a: Torkoal|Torkoal, F, shiny|7\/100\n|-ability|p1a: Calyrex|As One\n|-ability|p1a: Calyrex|Unnerve\n|-damage|p1a: Calyrex|76\/100|[from] Stealth Rock\n|-weather|SunnyDay|[from] ability: Drought|[of] p2a: Torkoal\n|turn|12\n|\n|t:|1697941243\n|switch|p2a: Maushold|Maushold-Four|100\/100\n|move|p1a: Calyrex|Dark Pulse|p2a: Maushold\n|-damage|p2a: Maushold|53\/100\n|\n|-weather|SunnyDay|[upkeep]\n|upkeep\n|turn|13\n|\n|t:|1697941250\n|switch|p2a: Torkoal|Torkoal, F, shiny|7\/100\n|move|p1a: Calyrex|Dark Pulse|p2a: Torkoal\n|-damage|p2a: Torkoal|0 fnt\n|faint|p2a: Torkoal\n|-ability|p1a: Calyrex|Grim Neigh|boost\n|-boost|p1a: Calyrex|spa|1\n|\n|-weather|SunnyDay|[upkeep]\n|upkeep\n|\n|t:|1697941252\n|switch|p2a: Flutter Mane|Flutter Mane|100\/100\n|-activate|p2a: Flutter Mane|ability: Protosynthesis\n|-start|p2a: Flutter Mane|protosynthesisspe\n|turn|14\n|\n|t:|1697941257\n|move|p1a: Calyrex|Dark Pulse|p2a: Flutter Mane\n|-damage|p2a: Flutter Mane|45\/100\n|move|p2a: Flutter Mane|Shadow Ball|p1a: Calyrex\n|-supereffective|p1a: Calyrex\n|-damage|p1a: Calyrex|0 fnt\n|faint|p1a: Calyrex\n|\n|-weather|SunnyDay|[upkeep]\n|upkeep\n|\n|t:|1697941265\n|switch|p1a: Zacian|Zacian-Crowned, shiny|100\/100\n|-damage|p1a: Zacian|94\/100|[from] Stealth Rock\n|-ability|p1a: Zacian|Intrepid Sword|boost\n|-boost|p1a: Zacian|atk|1\n|turn|15\n|\n|t:|1697941270\n|-end|p2a: Flutter Mane|Protosynthesis|[silent]\n|switch|p2a: Maushold|Maushold-Four|53\/100\n|move|p1a: Zacian|Behemoth Blade|p2a: Maushold\n|-damage|p2a: Maushold|0 fnt\n|faint|p2a: Maushold\n|\n|-weather|SunnyDay|[upkeep]\n|upkeep\n|\n|t:|1697941274\n|switch|p2a: Flutter Mane|Flutter Mane|45\/100\n|-activate|p2a: Flutter Mane|ability: Protosynthesis\n|-start|p2a: Flutter Mane|protosynthesisspe\n|turn|16\n|\n|t:|1697941280\n|-terastallize|p2a: Flutter Mane|Normal\n|move|p2a: Flutter Mane|Mystical Fire|p1a: Zacian\n|-supereffective|p1a: Zacian\n|-damage|p1a: Zacian|0 fnt\n|faint|p1a: Zacian\n|\n|win|Koibitio\n|raw|PhantomElephant's rating: 1378 &rarr; <strong>1365<\/strong><br \/>(-13 for losing)\n|raw|Koibitio's rating: 1512 &rarr; <strong>1525<\/strong><br \/>(+13 for winning)\n|c|\u2606PhantomElephant|gg\n|c|\u2606Koibitio|Gg\n|l|\u2606PhantomElephant\n|c|\u2606Koibitio|gg\n","uploadtime":1697941309,"views":8,"p1id":"phantomelephant","p2id":"koibitio","formatid":"gen9anythinggoes","rating":1365,"private":0,"password":""}