{"id":"gen9anythinggoes-1988675582","p1":"LingLing007","p2":"mdcenikos","format":"[Gen 9] Anything Goes","log":"|j|\u2606LingLing007\n|j|\u2606mdcenikos\n|t:|1699749252\n|gametype|singles\n|player|p1|LingLing007|cynthia-masters2|1323\n|player|p2|mdcenikos|1|1239\n|teamsize|p1|6\n|teamsize|p2|6\n|gen|9\n|tier|[Gen 9] Anything Goes\n|rated|\n|rule|HP Percentage Mod: HP is shown in percentages\n|rule|Endless Battle Clause: Forcing endless battles is banned\n|clearpoke\n|poke|p1|Roaring Moon|\n|poke|p1|Roaring Moon|\n|poke|p1|Roaring Moon|\n|poke|p1|Roaring Moon|\n|poke|p1|Roaring Moon|\n|poke|p1|Roaring Moon|\n|poke|p2|Arcanine-Hisui, F|\n|poke|p2|Espathra, M|\n|poke|p2|Glimmora, M|\n|poke|p2|Wo-Chien|\n|poke|p2|Cramorant, F|\n|poke|p2|Goodra-Hisui, M|\n|teampreview\n|inactive|Battle timer is ON: inactive players will automatically lose when time's up. (requested by LingLing007)\n|\n|t:|1699749260\n|start\n|switch|p1a: First Quarter|Roaring Moon|100\/100\n|switch|p2a: Espathra|Espathra, M|100\/100\n|turn|1\n|\n|t:|1699749268\n|move|p1a: First Quarter|Taunt|p2a: Espathra\n|-start|p2a: Espathra|move: Taunt\n|cant|p2a: Espathra|move: Taunt|Calm Mind\n|\n|-ability|p2a: Espathra|Speed Boost|boost\n|-boost|p2a: Espathra|spe|1\n|upkeep\n|turn|2\n|\n|t:|1699749274\n|switch|p2a: Goodra|Goodra-Hisui, M|100\/100\n|move|p1a: First Quarter|U-turn|p2a: Goodra\n|-resisted|p2a: Goodra\n|-damage|p2a: Goodra|91\/100\n|\n|t:|1699749289\n|-end|p1a: First Quarter|Protosynthesis|[silent]\n|switch|p1a: Full Moon|Roaring Moon|100\/100|[from] U-turn\n|-enditem|p1a: Full Moon|Booster Energy\n|-activate|p1a: Full Moon|ability: Protosynthesis|[fromitem]\n|-start|p1a: Full Moon|protosynthesisspe\n|\n|-heal|p2a: Goodra|97\/100|[from] item: Leftovers\n|upkeep\n|turn|3\n|\n|t:|1699749300\n|-terastallize|p1a: Full Moon|Flying\n|move|p1a: Full Moon|Dragon Dance|p1a: Full Moon\n|-boost|p1a: Full Moon|atk|1\n|-boost|p1a: Full Moon|spe|1\n|move|p2a: Goodra|Acid Armor|p2a: Goodra\n|-boost|p2a: Goodra|def|2\n|\n|-heal|p2a: Goodra|100\/100|[from] item: Leftovers\n|upkeep\n|turn|4\n|\n|t:|1699749312\n|move|p1a: Full Moon|Earthquake|p2a: Goodra\n|-supereffective|p2a: Goodra\n|-damage|p2a: Goodra|51\/100\n|move|p2a: Goodra|Acid Armor|p2a: Goodra\n|-boost|p2a: Goodra|def|2\n|\n|-heal|p2a: Goodra|57\/100|[from] item: Leftovers\n|upkeep\n|turn|5\n|\n|t:|1699749316\n|move|p1a: Full Moon|Knock Off|p2a: Goodra\n|-damage|p2a: Goodra|30\/100\n|-enditem|p2a: Goodra|Leftovers|[from] move: Knock Off|[of] p1a: Full Moon\n|move|p2a: Goodra|Life Dew|p2a: Goodra\n|-heal|p2a: Goodra|55\/100\n|\n|upkeep\n|turn|6\n|\n|t:|1699749322\n|move|p1a: Full Moon|Earthquake|p2a: Goodra\n|-supereffective|p2a: Goodra\n|-damage|p2a: Goodra|24\/100\n|move|p2a: Goodra|Dragon Breath|p1a: Full Moon\n|-damage|p1a: Full Moon|79\/100\n|-status|p1a: Full Moon|par\n|\n|upkeep\n|turn|7\n|\n|t:|1699749326\n|move|p1a: Full Moon|Earthquake|p2a: Goodra\n|-supereffective|p2a: Goodra\n|-damage|p2a: Goodra|0 fnt\n|faint|p2a: Goodra\n|\n|upkeep\n|\n|t:|1699749334\n|switch|p2a: Glimmora|Glimmora, M|100\/100\n|turn|8\n|\n|t:|1699749339\n|-terastallize|p2a: Glimmora|Flying\n|move|p1a: Full Moon|Knock Off|p2a: Glimmora\n|-damage|p2a: Glimmora|18\/100\n|-enditem|p2a: Glimmora|Heavy-Duty Boots|[from] move: Knock Off|[of] p1a: Full Moon\n|move|p2a: Glimmora|Toxic Spikes|p1a: Full Moon\n|-sidestart|p1: LingLing007|move: Toxic Spikes\n|\n|upkeep\n|turn|9\n|\n|t:|1699749347\n|cant|p1a: Full Moon|par\n|move|p2a: Glimmora|Toxic Spikes|p1a: Full Moon\n|-sidestart|p1: LingLing007|move: Toxic Spikes\n|\n|upkeep\n|turn|10\n|\n|t:|1699749354\n|move|p1a: Full Moon|Acrobatics|p2a: Glimmora\n|-damage|p2a: Glimmora|0 fnt\n|faint|p2a: Glimmora\n|\n|upkeep\n|\n|t:|1699749362\n|switch|p2a: Espathra|Espathra, M|100\/100\n|turn|11\n|\n|t:|1699749370\n|move|p1a: Full Moon|Knock Off|p2a: Espathra\n|-supereffective|p2a: Espathra\n|-crit|p2a: Espathra\n|-enditem|p2a: Espathra|Focus Sash\n|-damage|p2a: Espathra|1\/100\n|move|p2a: Espathra|Calm Mind|p2a: Espathra\n|-boost|p2a: Espathra|spa|1\n|-boost|p2a: Espathra|spd|1\n|\n|-ability|p2a: Espathra|Speed Boost|boost\n|-boost|p2a: Espathra|spe|1\n|upkeep\n|turn|12\n|\n|t:|1699749377\n|move|p2a: Espathra|Protect|p2a: Espathra\n|-singleturn|p2a: Espathra|Protect\n|move|p1a: Full Moon|Dragon Dance|p1a: Full Moon\n|-boost|p1a: Full Moon|atk|1\n|-boost|p1a: Full Moon|spe|1\n|\n|-ability|p2a: Espathra|Speed Boost|boost\n|-boost|p2a: Espathra|spe|1\n|upkeep\n|turn|13\n|\n|t:|1699749383\n|move|p1a: Full Moon|Acrobatics|p2a: Espathra\n|-damage|p2a: Espathra|0 fnt\n|faint|p2a: Espathra\n|\n|upkeep\n|\n|t:|1699749392\n|switch|p2a: Arcanine|Arcanine-Hisui, F|100\/100\n|turn|14\n|\n|t:|1699749397\n|move|p1a: Full Moon|Earthquake|p2a: Arcanine\n|-supereffective|p2a: Arcanine\n|-damage|p2a: Arcanine|0 fnt\n|faint|p2a: Arcanine\n|\n|upkeep\n|\n|t:|1699749401\n|switch|p2a: Wo-Chien|Wo-Chien|100\/100\n|-ability|p2a: Wo-Chien|Tablets of Ruin\n|turn|15\n|\n|t:|1699749411\n|cant|p1a: Full Moon|par\n|move|p2a: Wo-Chien|Substitute|p2a: Wo-Chien\n|-start|p2a: Wo-Chien|Substitute\n|-damage|p2a: Wo-Chien|76\/100\n|\n|upkeep\n|turn|16\n|\n|t:|1699749418\n|move|p1a: Full Moon|Acrobatics|p2a: Wo-Chien\n|-supereffective|p2a: Wo-Chien\n|-end|p2a: Wo-Chien|Substitute\n|move|p2a: Wo-Chien|Leech Seed|p1a: Full Moon\n|-start|p1a: Full Moon|move: Leech Seed\n|\n|-damage|p1a: Full Moon|67\/100 par|[from] Leech Seed|[of] p2a: Wo-Chien\n|-heal|p2a: Wo-Chien|87\/100|[silent]\n|upkeep\n|turn|17\n|\n|t:|1699749424\n|move|p1a: Full Moon|Acrobatics|p2a: Wo-Chien\n|-supereffective|p2a: Wo-Chien\n|-damage|p2a: Wo-Chien|0 fnt\n|-damage|p1a: Full Moon|50\/100 par|[from] item: Rocky Helmet|[of] p2a: Wo-Chien\n|faint|p2a: Wo-Chien\n|\n|upkeep\n|\n|t:|1699749427\n|switch|p2a: Cramorant|Cramorant, F, shiny|100\/100\n|turn|18\n|\n|t:|1699749429\n|move|p1a: Full Moon|Knock Off|p2a: Cramorant\n|-enditem|p2a: Cramorant|Focus Sash\n|-damage|p2a: Cramorant|1\/100\n|move|p2a: Cramorant|Tailwind|p2a: Cramorant\n|-sidestart|p2: mdcenikos|move: Tailwind\n|\n|-damage|p1a: Full Moon|38\/100 par|[from] Leech Seed|[of] p2a: Cramorant\n|-heal|p2a: Cramorant|16\/100|[silent]\n|upkeep\n|turn|19\n|\n|t:|1699749431\n|cant|p1a: Full Moon|par\n|move|p2a: Cramorant|Ice Beam|p1a: Full Moon\n|-supereffective|p1a: Full Moon\n|-damage|p1a: Full Moon|0 fnt\n|faint|p1a: Full Moon\n|-end|p1a: Full Moon|Protosynthesis|[silent]\n|\n|upkeep\n|\n|t:|1699749435\n|switch|p1a: Waning Crescent|Roaring Moon|100\/100\n|turn|20\n|\n|t:|1699749438\n|move|p2a: Cramorant|Ice Beam|p1a: Waning Crescent\n|-supereffective|p1a: Waning Crescent\n|-damage|p1a: Waning Crescent|58\/100\n|move|p1a: Waning Crescent|Brick Break|p2a: Cramorant\n|-resisted|p2a: Cramorant\n|-damage|p2a: Cramorant|0 fnt\n|faint|p2a: Cramorant\n|\n|win|LingLing007\n|raw|LingLing007's rating: 1323 &rarr; <strong>1338<\/strong><br \/>(+15 for winning)\n|raw|mdcenikos's rating: 1239 &rarr; <strong>1220<\/strong><br \/>(-19 for losing)\n|l|\u2606mdcenikos\n|c|\u2606LingLing007|gg\n","uploadtime":1699749446,"views":7,"p1id":"lingling007","p2id":"mdcenikos","formatid":"gen9anythinggoes","rating":1220,"private":0,"password":""}