{"id":"gen9anythinggoes-1998040952","p1":"ASHxST4RZZZ","p2":"Mr Pinehurst","format":"[Gen 9] Anything Goes","log":"|j|\u2606ASHxST4RZZZ\n|j|\u2606Mr Pinehurst\n|t:|1700882533\n|gametype|singles\n|player|p1|ASHxST4RZZZ|skierf|1159\n|player|p2|Mr Pinehurst|266|1251\n|teamsize|p1|6\n|teamsize|p2|6\n|gen|9\n|tier|[Gen 9] Anything Goes\n|rated|\n|rule|HP Percentage Mod: HP is shown in percentages\n|rule|Endless Battle Clause: Forcing endless battles is banned\n|clearpoke\n|poke|p1|Arceus-Fire|\n|poke|p1|Arceus-Bug|\n|poke|p1|Arceus-Fairy|\n|poke|p1|Arceus-Electric|\n|poke|p1|Arceus-Ghost|\n|poke|p1|Arceus-Poison|\n|poke|p2|Maushold-Four|\n|poke|p2|Flutter Mane|\n|poke|p2|Miraidon|\n|poke|p2|Rabsca, M|\n|poke|p2|Garganacl, F|\n|poke|p2|Houndstone, M|\n|teampreview\n|\n|t:|1700882542\n|start\n|switch|p1a: Arceus|Arceus-Bug|100\/100\n|switch|p2a: Maushold|Maushold-Four|100\/100\n|turn|1\n|\n|t:|1700882557\n|move|p1a: Arceus|Tailwind|p1a: Arceus\n|-sidestart|p1: ASHxST4RZZZ|move: Tailwind\n|move|p2a: Maushold|Tidy Up|p2a: Maushold\n|-boost|p2a: Maushold|atk|1\n|-boost|p2a: Maushold|spe|1\n|\n|upkeep\n|turn|2\n|\n|t:|1700882564\n|move|p1a: Arceus|Judgment|p2a: Maushold\n|-crit|p2a: Maushold\n|-damage|p2a: Maushold|0 fnt\n|faint|p2a: Maushold\n|\n|upkeep\n|\n|t:|1700882568\n|switch|p2a: SSSReplacement|Garganacl, F, shiny|100\/100\n|turn|3\n|\n|t:|1700882572\n|move|p1a: Arceus|Earth Power|p2a: SSSReplacement\n|-supereffective|p2a: SSSReplacement\n|-damage|p2a: SSSReplacement|71\/100\n|move|p2a: SSSReplacement|Iron Defense|p2a: SSSReplacement\n|-boost|p2a: SSSReplacement|def|2\n|\n|-heal|p2a: SSSReplacement|77\/100|[from] item: Leftovers\n|upkeep\n|turn|4\n|\n|t:|1700882587\n|move|p1a: Arceus|Earth Power|p2a: SSSReplacement\n|-supereffective|p2a: SSSReplacement\n|-crit|p2a: SSSReplacement\n|-damage|p2a: SSSReplacement|32\/100\n|move|p2a: SSSReplacement|Iron Defense|p2a: SSSReplacement\n|-boost|p2a: SSSReplacement|def|2\n|\n|-heal|p2a: SSSReplacement|38\/100|[from] item: Leftovers\n|-sideend|p1: ASHxST4RZZZ|move: Tailwind\n|upkeep\n|turn|5\n|\n|t:|1700882593\n|-terastallize|p2a: SSSReplacement|Fairy\n|move|p1a: Arceus|Earth Power|p2a: SSSReplacement\n|-damage|p2a: SSSReplacement|23\/100\n|move|p2a: SSSReplacement|Recover|p2a: SSSReplacement\n|-heal|p2a: SSSReplacement|73\/100\n|\n|-heal|p2a: SSSReplacement|79\/100|[from] item: Leftovers\n|upkeep\n|turn|6\n|\n|t:|1700882600\n|move|p1a: Arceus|Tailwind|p1a: Arceus\n|-sidestart|p1: ASHxST4RZZZ|move: Tailwind\n|move|p2a: SSSReplacement|Salt Cure|p1a: Arceus\n|-supereffective|p1a: Arceus\n|-damage|p1a: Arceus|83\/100\n|-start|p1a: Arceus|Salt Cure\n|\n|-heal|p2a: SSSReplacement|85\/100|[from] item: Leftovers\n|-damage|p1a: Arceus|71\/100|[from] Salt Cure\n|upkeep\n|turn|7\n|\n|t:|1700882607\n|switch|p1a: Arceus|Arceus-Poison|100\/100\n|move|p2a: SSSReplacement|Iron Defense|p2a: SSSReplacement\n|-boost|p2a: SSSReplacement|def|2\n|\n|-heal|p2a: SSSReplacement|91\/100|[from] item: Leftovers\n|upkeep\n|turn|8\n|\n|t:|1700882614\n|move|p1a: Arceus|Judgment|p2a: SSSReplacement\n|-supereffective|p2a: SSSReplacement\n|-damage|p2a: SSSReplacement|5\/100\n|move|p2a: SSSReplacement|Salt Cure|p1a: Arceus\n|-damage|p1a: Arceus|92\/100\n|-start|p1a: Arceus|Salt Cure\n|\n|-heal|p2a: SSSReplacement|11\/100|[from] item: Leftovers\n|-damage|p1a: Arceus|79\/100|[from] Salt Cure\n|upkeep\n|turn|9\n|\n|t:|1700882637\n|switch|p2a: Rabsca|Rabsca, M, shiny|100\/100\n|move|p1a: Arceus|Judgment|p2a: Rabsca\n|-damage|p2a: Rabsca|48\/100\n|\n|-damage|p1a: Arceus|67\/100|[from] Salt Cure\n|-sideend|p1: ASHxST4RZZZ|move: Tailwind\n|upkeep\n|turn|10\n|\n|t:|1700882646\n|move|p1a: Arceus|Judgment|p2a: Rabsca\n|-damage|p2a: Rabsca|0 fnt\n|faint|p2a: Rabsca\n|\n|-damage|p1a: Arceus|55\/100|[from] Salt Cure\n|upkeep\n|\n|t:|1700882650\n|switch|p2a: Flutter Mane|Flutter Mane, shiny|100\/100\n|turn|11\n|\n|t:|1700882654\n|move|p2a: Flutter Mane|Psyshock|p1a: Arceus\n|-supereffective|p1a: Arceus\n|-damage|p1a: Arceus|3\/100\n|-damage|p2a: Flutter Mane|91\/100|[from] item: Life Orb\n|move|p1a: Arceus|Judgment|p2a: Flutter Mane\n|-damage|p2a: Flutter Mane|26\/100\n|\n|-damage|p1a: Arceus|0 fnt|[from] Salt Cure\n|faint|p1a: Arceus\n|upkeep\n|\n|t:|1700882667\n|switch|p1a: Arceus|Arceus-Fairy|100\/100\n|turn|12\n|\n|t:|1700882670\n|move|p2a: Flutter Mane|Shadow Ball|p1a: Arceus\n|-damage|p1a: Arceus|62\/100\n|-damage|p2a: Flutter Mane|16\/100|[from] item: Life Orb\n|move|p1a: Arceus|Dark Pulse|p2a: Flutter Mane\n|-damage|p2a: Flutter Mane|0 fnt\n|faint|p2a: Flutter Mane\n|-end|p2a: Flutter Mane|Protosynthesis|[silent]\n|\n|upkeep\n|\n|t:|1700882677\n|switch|p2a: Houndstone|Houndstone, M|100\/100\n|turn|13\n|\n|t:|1700882682\n|move|p1a: Arceus|Protect|p1a: Arceus\n|-singleturn|p1a: Arceus|Protect\n|move|p2a: Houndstone|Last Respects|p1a: Arceus\n|-activate|p1a: Arceus|move: Protect\n|\n|upkeep\n|turn|14\n|\n|t:|1700882688\n|move|p1a: Arceus|Dark Pulse|p2a: Houndstone\n|-supereffective|p2a: Houndstone\n|-damage|p2a: Houndstone|61\/100\n|cant|p2a: Houndstone|flinch\n|\n|upkeep\n|turn|15\n|\n|t:|1700882695\n|move|p1a: Arceus|Protect|p1a: Arceus\n|-singleturn|p1a: Arceus|Protect\n|move|p2a: Houndstone|Last Respects|p1a: Arceus\n|-activate|p1a: Arceus|move: Protect\n|\n|upkeep\n|turn|16\n|\n|t:|1700882701\n|move|p1a: Arceus|Dark Pulse|p2a: Houndstone\n|-supereffective|p2a: Houndstone\n|-damage|p2a: Houndstone|19\/100\n|move|p2a: Houndstone|Last Respects|p1a: Arceus\n|-damage|p1a: Arceus|0 fnt\n|faint|p1a: Arceus\n|\n|upkeep\n|\n|t:|1700882709\n|switch|p1a: Arceus|Arceus-Ghost|100\/100\n|turn|17\n|\n|t:|1700882712\n|move|p2a: Houndstone|Shadow Sneak|p1a: Arceus\n|-supereffective|p1a: Arceus\n|-damage|p1a: Arceus|69\/100\n|move|p1a: Arceus|Judgment|p2a: Houndstone\n|-supereffective|p2a: Houndstone\n|-damage|p2a: Houndstone|0 fnt\n|faint|p2a: Houndstone\n|\n|upkeep\n|\n|t:|1700882721\n|switch|p2a: DeMarco|Miraidon|100\/100\n|-fieldstart|move: Electric Terrain|[from] ability: Hadron Engine|[of] p2a: DeMarco\n|turn|18\n|\n|t:|1700882725\n|move|p2a: DeMarco|Electro Drift|p1a: Arceus\n|-damage|p1a: Arceus|1\/100\n|move|p1a: Arceus|Ice Beam|p2a: DeMarco\n|-supereffective|p2a: DeMarco\n|-damage|p2a: DeMarco|63\/100\n|\n|upkeep\n|turn|19\n|\n|t:|1700882734\n|move|p2a: DeMarco|Electro Drift|p1a: Arceus\n|-damage|p1a: Arceus|0 fnt\n|faint|p1a: Arceus\n|\n|upkeep\n|\n|t:|1700882736\n|switch|p1a: Arceus|Arceus-Electric|100\/100\n|turn|20\n|\n|t:|1700882740\n|move|p2a: DeMarco|Dragon Pulse|p1a: Arceus\n|-damage|p1a: Arceus|62\/100\n|move|p1a: Arceus|Dragon Pulse|p2a: DeMarco\n|-supereffective|p2a: DeMarco\n|-damage|p2a: DeMarco|29\/100\n|\n|upkeep\n|turn|21\n|\n|t:|1700882749\n|switch|p2a: SSSReplacement|Garganacl, F, shiny, tera:Fairy|11\/100\n|move|p1a: Arceus|Dragon Pulse|p2a: SSSReplacement\n|-immune|p2a: SSSReplacement\n|\n|-heal|p2a: SSSReplacement|17\/100|[from] item: Leftovers\n|upkeep\n|turn|22\n|\n|t:|1700882754\n|move|p1a: Arceus|Focus Blast|p2a: SSSReplacement|[miss]\n|-miss|p1a: Arceus|p2a: SSSReplacement\n|move|p2a: SSSReplacement|Recover|p2a: SSSReplacement\n|-heal|p2a: SSSReplacement|67\/100\n|\n|-heal|p2a: SSSReplacement|74\/100|[from] item: Leftovers\n|-fieldend|move: Electric Terrain\n|upkeep\n|turn|23\n|\n|t:|1700882760\n|move|p1a: Arceus|Air Slash|p2a: SSSReplacement\n|-damage|p2a: SSSReplacement|55\/100\n|cant|p2a: SSSReplacement|flinch\n|\n|-heal|p2a: SSSReplacement|62\/100|[from] item: Leftovers\n|upkeep\n|turn|24\n|\n|t:|1700882763\n|move|p1a: Arceus|Judgment|p2a: SSSReplacement\n|-damage|p2a: SSSReplacement|18\/100\n|move|p2a: SSSReplacement|Recover|p2a: SSSReplacement\n|-heal|p2a: SSSReplacement|68\/100\n|\n|-heal|p2a: SSSReplacement|75\/100|[from] item: Leftovers\n|upkeep\n|turn|25\n|\n|t:|1700882766\n|move|p1a: Arceus|Judgment|p2a: SSSReplacement\n|-damage|p2a: SSSReplacement|30\/100\n|move|p2a: SSSReplacement|Salt Cure|p1a: Arceus\n|-damage|p1a: Arceus|53\/100\n|-start|p1a: Arceus|Salt Cure\n|\n|-heal|p2a: SSSReplacement|37\/100|[from] item: Leftovers\n|-damage|p1a: Arceus|40\/100|[from] Salt Cure\n|upkeep\n|turn|26\n|\n|t:|1700882771\n|move|p1a: Arceus|Judgment|p2a: SSSReplacement\n|-damage|p2a: SSSReplacement|0 fnt\n|faint|p2a: SSSReplacement\n|\n|-damage|p1a: Arceus|28\/100|[from] Salt Cure\n|upkeep\n|\n|t:|1700882774\n|switch|p2a: DeMarco|Miraidon|29\/100\n|-fieldstart|move: Electric Terrain|[from] ability: Hadron Engine|[of] p2a: DeMarco\n|turn|27\n|\n|t:|1700882777\n|move|p2a: DeMarco|Dragon Pulse|p1a: Arceus\n|-damage|p1a: Arceus|0 fnt\n|faint|p1a: Arceus\n|\n|upkeep\n|\n|t:|1700882784\n|switch|p1a: Arceus|Arceus-Fire|100\/100\n|turn|28\n|\n|t:|1700882788\n|move|p2a: DeMarco|Electro Drift|p1a: Arceus\n|-damage|p1a: Arceus|25\/100\n|move|p1a: Arceus|Dazzling Gleam|p2a: DeMarco\n|-supereffective|p2a: DeMarco\n|-crit|p2a: DeMarco\n|-damage|p2a: DeMarco|0 fnt\n|faint|p2a: DeMarco\n|\n|win|ASHxST4RZZZ\n|raw|ASHxST4RZZZ's rating: 1159 &rarr; <strong>1190<\/strong><br \/>(+31 for winning)\n|raw|Mr Pinehurst's rating: 1251 &rarr; <strong>1220<\/strong><br \/>(-31 for losing)\n","uploadtime":1700882794,"views":0,"p1id":"ashxst4rzzz","p2id":"mrpinehurst","formatid":"gen9anythinggoes","rating":1190,"private":0,"password":""}