{"id":"gen9anythinggoes-1990208498","p1":"Yasan","p2":"DavyCricket","format":"[Gen 9] Anything Goes","log":"|j|\u2606Yasan\n|j|\u2606DavyCricket\n|t:|1699937606\n|gametype|singles\n|player|p1|Yasan|102|1140\n|player|p2|DavyCricket|102|1240\n|teamsize|p1|6\n|teamsize|p2|5\n|gen|9\n|tier|[Gen 9] Anything Goes\n|rated|\n|rule|HP Percentage Mod: HP is shown in percentages\n|rule|Endless Battle Clause: Forcing endless battles is banned\n|clearpoke\n|poke|p1|Cinderace, M|\n|poke|p1|Grimmsnarl, M|\n|poke|p1|Weavile, M|\n|poke|p1|Chesnaught, F|\n|poke|p1|Quaquaval, M|\n|poke|p1|Dachsbun, F|\n|poke|p2|Greninja-*, M|\n|poke|p2|Gyarados, F|\n|poke|p2|Mienshao, F|\n|poke|p2|Shiftry, M|\n|poke|p2|Scizor, M|\n|teampreview\n|inactive|Battle timer is ON: inactive players will automatically lose when time's up. (requested by Yasan)\n|\n|t:|1699937617\n|start\n|switch|p1a: Chesnaught|Chesnaught, F|100\/100\n|switch|p2a: Gaizen|Greninja, M|100\/100\n|turn|1\n|\n|t:|1699937624\n|move|p2a: Gaizen|Gunk Shot|p1a: Chesnaught|[miss]\n|-start|p2a: Gaizen|typechange|Poison|[from] ability: Protean\n|-miss|p2a: Gaizen|p1a: Chesnaught\n|move|p1a: Chesnaught|Trailblaze|p2a: Gaizen\n|-resisted|p2a: Gaizen\n|-damage|p2a: Gaizen|79\/100\n|-boost|p1a: Chesnaught|spe|1\n|\n|upkeep\n|turn|2\n|\n|t:|1699937640\n|move|p2a: Gaizen|Gunk Shot|p1a: Chesnaught\n|-supereffective|p1a: Chesnaught\n|-damage|p1a: Chesnaught|29\/100\n|-status|p1a: Chesnaught|psn\n|move|p1a: Chesnaught|Iron Defense|p1a: Chesnaught\n|-boost|p1a: Chesnaught|def|2\n|\n|-damage|p1a: Chesnaught|17\/100 psn|[from] psn\n|upkeep\n|turn|3\n|\n|t:|1699937648\n|move|p2a: Gaizen|Surf|p1a: Chesnaught\n|-resisted|p1a: Chesnaught\n|-damage|p1a: Chesnaught|3\/100 psn\n|move|p1a: Chesnaught|Synthesis|p1a: Chesnaught\n|-heal|p1a: Chesnaught|53\/100 psn\n|\n|-damage|p1a: Chesnaught|40\/100 psn|[from] psn\n|upkeep\n|turn|4\n|\n|t:|1699937657\n|move|p2a: Gaizen|Gunk Shot|p1a: Chesnaught\n|-supereffective|p1a: Chesnaught\n|-damage|p1a: Chesnaught|5\/100 psn\n|move|p1a: Chesnaught|Synthesis|p1a: Chesnaught\n|-heal|p1a: Chesnaught|55\/100 psn\n|\n|-damage|p1a: Chesnaught|43\/100 psn|[from] psn\n|upkeep\n|turn|5\n|\n|t:|1699937673\n|move|p2a: Gaizen|Gunk Shot|p1a: Chesnaught\n|-supereffective|p1a: Chesnaught\n|-damage|p1a: Chesnaught|11\/100 psn\n|move|p1a: Chesnaught|Synthesis|p1a: Chesnaught\n|-heal|p1a: Chesnaught|61\/100 psn\n|\n|-damage|p1a: Chesnaught|48\/100 psn|[from] psn\n|upkeep\n|turn|6\n|\n|t:|1699937680\n|switch|p2a: Sepiroth|Scizor, M|100\/100\n|move|p1a: Chesnaught|Synthesis|p1a: Chesnaught\n|-heal|p1a: Chesnaught|98\/100 psn\n|\n|-damage|p1a: Chesnaught|86\/100 psn|[from] psn\n|upkeep\n|turn|7\n|\n|t:|1699937684\n|move|p1a: Chesnaught|Iron Defense|p1a: Chesnaught\n|-boost|p1a: Chesnaught|def|2\n|move|p2a: Sepiroth|Swords Dance|p2a: Sepiroth\n|-boost|p2a: Sepiroth|atk|2\n|\n|-damage|p1a: Chesnaught|74\/100 psn|[from] psn\n|upkeep\n|turn|8\n|\n|t:|1699937693\n|move|p1a: Chesnaught|Body Press|p2a: Sepiroth\n|-damage|p2a: Sepiroth|9\/100\n|move|p2a: Sepiroth|Dual Wingbeat|p1a: Chesnaught\n|-supereffective|p1a: Chesnaught\n|-damage|p1a: Chesnaught|26\/100 psn\n|-supereffective|p1a: Chesnaught\n|-damage|p1a: Chesnaught|0 fnt\n|faint|p1a: Chesnaught\n|-hitcount|p1: Chesnaught|2\n|\n|upkeep\n|\n|t:|1699937717\n|switch|p1a: Grimmsnarl|Grimmsnarl, M|100\/100\n|turn|9\n|\n|t:|1699937720\n|move|p2a: Sepiroth|Bullet Punch|p1a: Grimmsnarl\n|-supereffective|p1a: Grimmsnarl\n|-damage|p1a: Grimmsnarl|0 fnt\n|faint|p1a: Grimmsnarl\n|\n|upkeep\n|\n|t:|1699937727\n|switch|p1a: Cinderace|Cinderace, M|100\/100\n|turn|10\n|\n|t:|1699937732\n|move|p1a: Cinderace|Sucker Punch|p2a: Sepiroth\n|-start|p1a: Cinderace|typechange|Dark|[from] ability: Libero\n|-damage|p2a: Sepiroth|0 fnt\n|faint|p2a: Sepiroth\n|-damage|p1a: Cinderace|91\/100|[from] item: Life Orb\n|\n|upkeep\n|\n|t:|1699937739\n|switch|p2a: Mina Khan|Mienshao, F|100\/100\n|turn|11\n|\n|t:|1699937752\n|move|p1a: Cinderace|Gunk Shot|p2a: Mina Khan\n|-damage|p2a: Mina Khan|0 fnt\n|faint|p2a: Mina Khan\n|-damage|p1a: Cinderace|81\/100|[from] item: Life Orb\n|\n|upkeep\n|\n|t:|1699937765\n|switch|p2a: Gaizen|Greninja, M|79\/100\n|turn|12\n|\n|t:|1699937774\n|move|p2a: Gaizen|Gunk Shot|p1a: Cinderace\n|-start|p2a: Gaizen|typechange|Poison|[from] ability: Protean\n|-damage|p1a: Cinderace|16\/100\n|move|p1a: Cinderace|Trailblaze|p2a: Gaizen\n|-resisted|p2a: Gaizen\n|-damage|p2a: Gaizen|58\/100\n|-boost|p1a: Cinderace|spe|1\n|-damage|p1a: Cinderace|6\/100|[from] item: Life Orb\n|\n|upkeep\n|turn|13\n|\n|t:|1699937788\n|move|p2a: Gaizen|Water Shuriken|p1a: Cinderace\n|-damage|p1a: Cinderace|0 fnt\n|faint|p1a: Cinderace\n|-hitcount|p1: Cinderace|1\n|\n|upkeep\n|\n|t:|1699937796\n|switch|p1a: Quaquaval|Quaquaval, M|100\/100\n|turn|14\n|inactive|DavyCricket has 120 seconds left.\n|\n|t:|1699937847\n|move|p2a: Gaizen|Gunk Shot|p1a: Quaquaval\n|-damage|p1a: Quaquaval|43\/100\n|-status|p1a: Quaquaval|psn\n|move|p1a: Quaquaval|Aqua Step|p2a: Gaizen\n|-damage|p2a: Gaizen|0 fnt\n|-boost|p1a: Quaquaval|spe|1\n|faint|p2a: Gaizen\n|-ability|p1a: Quaquaval|Moxie|boost\n|-boost|p1a: Quaquaval|atk|1\n|-damage|p1a: Quaquaval|33\/100 psn|[from] item: Life Orb\n|\n|-damage|p1a: Quaquaval|21\/100 psn|[from] psn\n|upkeep\n|\n|t:|1699937859\n|switch|p2a: Gran Khan|Gyarados, F|100\/100\n|turn|15\n|\n|t:|1699937869\n|move|p1a: Quaquaval|Brick Break|p2a: Gran Khan\n|-resisted|p2a: Gran Khan\n|-damage|p2a: Gran Khan|52\/100\n|-damage|p1a: Quaquaval|11\/100 psn|[from] item: Life Orb\n|move|p2a: Gran Khan|Earthquake|p1a: Quaquaval\n|-damage|p1a: Quaquaval|0 fnt\n|faint|p1a: Quaquaval\n|-ability|p2a: Gran Khan|Moxie|boost\n|-boost|p2a: Gran Khan|atk|1\n|\n|upkeep\n|\n|t:|1699937884\n|switch|p1a: Dachsbun|Dachsbun, F|100\/100\n|turn|16\n|\n|t:|1699937892\n|move|p1a: Dachsbun|Play Rough|p2a: Gran Khan\n|-damage|p2a: Gran Khan|18\/100\n|-enditem|p2a: Gran Khan|Mago Berry|[eat]\n|-heal|p2a: Gran Khan|51\/100|[from] item: Mago Berry\n|move|p2a: Gran Khan|Dragon Dance|p2a: Gran Khan\n|-boost|p2a: Gran Khan|atk|1\n|-boost|p2a: Gran Khan|spe|1\n|\n|upkeep\n|turn|17\n|inactive|DavyCricket has 120 seconds left.\n|\n|t:|1699937900\n|move|p2a: Gran Khan|Aqua Tail|p1a: Dachsbun\n|-damage|p1a: Dachsbun|0 fnt\n|faint|p1a: Dachsbun\n|-ability|p2a: Gran Khan|Moxie|boost\n|-boost|p2a: Gran Khan|atk|1\n|\n|upkeep\n|\n|t:|1699937903\n|switch|p1a: Weavile|Weavile, M|100\/100\n|turn|18\n|\n|t:|1699937916\n|move|p1a: Weavile|Low Kick|p2a: Gran Khan\n|-resisted|p2a: Gran Khan\n|-damage|p2a: Gran Khan|21\/100\n|-damage|p1a: Weavile|91\/100|[from] item: Life Orb\n|move|p2a: Gran Khan|Earthquake|p1a: Weavile\n|-damage|p1a: Weavile|0 fnt\n|faint|p1a: Weavile\n|\n|win|DavyCricket\n|raw|Yasan's rating: 1140 &rarr; <strong>1122<\/strong><br \/>(-18 for losing)\n|raw|DavyCricket's rating: 1240 &rarr; <strong>1258<\/strong><br \/>(+18 for winning)\n|l|\u2606Yasan\n","uploadtime":1699938183,"views":5,"p1id":"yasan","p2id":"davycricket","formatid":"gen9anythinggoes","rating":1122,"private":0,"password":""}