{"id":"gen9anythinggoes-1999669246","p1":"Meta Is Overrated","p2":"KingOfTheMinnish","format":"[Gen 9] Anything Goes","log":"|j|\u2606Meta Is Overrated\n|j|\u2606KingOfTheMinnish\n|t:|1701106267\n|gametype|singles\n|player|p1|Meta Is Overrated|shauntal|1098\n|player|p2|KingOfTheMinnish|1|1183\n|teamsize|p1|6\n|teamsize|p2|6\n|gen|9\n|tier|[Gen 9] Anything Goes\n|rated|\n|rule|HP Percentage Mod: HP is shown in percentages\n|rule|Endless Battle Clause: Forcing endless battles is banned\n|clearpoke\n|poke|p1|Pawmot, F|\n|poke|p1|Pikachu, M|\n|poke|p1|Dedenne, F|\n|poke|p1|Raichu-Alola, F|\n|poke|p1|Pachirisu, F|\n|poke|p1|Mimikyu, F|\n|poke|p2|Maushold-Four|\n|poke|p2|Flutter Mane|\n|poke|p2|Miraidon|\n|poke|p2|Rabsca, M|\n|poke|p2|Garganacl, F|\n|poke|p2|Houndstone, M|\n|teampreview\n|\n|t:|1701106271\n|start\n|switch|p1a: Pikachu|Pikachu, M|100\/100\n|switch|p2a: Maushold|Maushold-Four|100\/100\n|turn|1\n|\n|t:|1701106282\n|-terastallize|p1a: Pikachu|Flying\n|move|p2a: Maushold|Population Bomb|p1a: Pikachu\n|-damage|p1a: Pikachu|62\/100\n|-status|p2a: Maushold|par|[from] ability: Static|[of] p1a: Pikachu\n|-damage|p1a: Pikachu|24\/100\n|-crit|p1a: Pikachu\n|-damage|p1a: Pikachu|0 fnt\n|faint|p1a: Pikachu\n|-hitcount|p1: Pikachu|3\n|\n|upkeep\n|\n|t:|1701106291\n|switch|p1a: Pawmot|Pawmot, F|100\/100\n|turn|2\n|\n|t:|1701106296\n|move|p1a: Pawmot|Mach Punch|p2a: Maushold\n|-supereffective|p2a: Maushold\n|-damage|p2a: Maushold|23\/100 par\n|move|p2a: Maushold|Population Bomb|p1a: Pawmot\n|-damage|p1a: Pawmot|83\/100\n|-hitcount|p1a: Pawmot|1\n|\n|upkeep\n|turn|3\n|\n|t:|1701106302\n|switch|p2a: Flutter Mane|Flutter Mane, shiny|100\/100\n|move|p1a: Pawmot|Mach Punch|p2a: Flutter Mane\n|-immune|p2a: Flutter Mane\n|\n|upkeep\n|turn|4\n|\n|t:|1701106308\n|move|p2a: Flutter Mane|Moonblast|p1a: Pawmot\n|-supereffective|p1a: Pawmot\n|-damage|p1a: Pawmot|0 fnt\n|faint|p1a: Pawmot\n|-damage|p2a: Flutter Mane|91\/100|[from] item: Life Orb\n|\n|upkeep\n|\n|t:|1701106317\n|switch|p1a: Raichu|Raichu-Alola, F|100\/100\n|turn|5\n|\n|t:|1701106321\n|move|p2a: Flutter Mane|Shadow Ball|p1a: Raichu\n|-supereffective|p1a: Raichu\n|-damage|p1a: Raichu|0 fnt\n|faint|p1a: Raichu\n|-damage|p2a: Flutter Mane|81\/100|[from] item: Life Orb\n|\n|upkeep\n|inactive|Battle timer is ON: inactive players will automatically lose when time's up. (requested by KingOfTheMinnish)\n|\n|t:|1701106327\n|switch|p1a: Pachirisu|Pachirisu, F|100\/100\n|turn|6\n|\n|t:|1701106331\n|move|p2a: Flutter Mane|Moonblast|p1a: Pachirisu\n|-damage|p1a: Pachirisu|10\/100\n|-unboost|p1a: Pachirisu|spa|1\n|-enditem|p1a: Pachirisu|Aguav Berry|[eat]\n|-heal|p1a: Pachirisu|44\/100|[from] item: Aguav Berry\n|-damage|p2a: Flutter Mane|71\/100|[from] item: Life Orb\n|move|p1a: Pachirisu|Nuzzle|p2a: Flutter Mane\n|-damage|p2a: Flutter Mane|59\/100\n|-status|p2a: Flutter Mane|par\n|\n|upkeep\n|turn|7\n|\n|t:|1701106343\n|move|p1a: Pachirisu|Grass Knot|p2a: Flutter Mane\n|-damage|p2a: Flutter Mane|57\/100 par\n|cant|p2a: Flutter Mane|par\n|\n|upkeep\n|turn|8\n|\n|t:|1701106347\n|move|p1a: Pachirisu|Nuzzle|p2a: Flutter Mane\n|-damage|p2a: Flutter Mane|43\/100 par\n|cant|p2a: Flutter Mane|par\n|\n|upkeep\n|turn|9\n|\n|t:|1701106352\n|move|p1a: Pachirisu|Nuzzle|p2a: Flutter Mane\n|-damage|p2a: Flutter Mane|31\/100 par\n|cant|p2a: Flutter Mane|par\n|\n|upkeep\n|turn|10\n|\n|t:|1701106357\n|move|p1a: Pachirisu|Nuzzle|p2a: Flutter Mane\n|-damage|p2a: Flutter Mane|20\/100 par\n|move|p2a: Flutter Mane|Moonblast|p1a: Pachirisu\n|-damage|p1a: Pachirisu|0 fnt\n|faint|p1a: Pachirisu\n|-damage|p2a: Flutter Mane|10\/100 par|[from] item: Life Orb\n|\n|upkeep\n|\n|t:|1701106364\n|switch|p1a: Dedenne|Dedenne, F|100\/100\n|turn|11\n|\n|t:|1701106374\n|move|p1a: Dedenne|Nuzzle|p2a: Flutter Mane\n|-damage|p2a: Flutter Mane|0 fnt\n|faint|p2a: Flutter Mane\n|-end|p2a: Flutter Mane|Protosynthesis|[silent]\n|\n|upkeep\n|\n|t:|1701106377\n|switch|p2a: DeMarco|Miraidon|100\/100\n|-fieldstart|move: Electric Terrain|[from] ability: Hadron Engine|[of] p2a: DeMarco\n|turn|12\n|\n|t:|1701106382\n|-terastallize|p2a: DeMarco|Electric\n|move|p2a: DeMarco|Flash Cannon|p1a: Dedenne\n|-damage|p1a: Dedenne|36\/100\n|move|p1a: Dedenne|Dazzling Gleam|p2a: DeMarco\n|-damage|p2a: DeMarco|84\/100\n|\n|upkeep\n|turn|13\n|\n|t:|1701106392\n|move|p2a: DeMarco|Flash Cannon|p1a: Dedenne\n|-damage|p1a: Dedenne|0 fnt\n|faint|p1a: Dedenne\n|\n|upkeep\n|\n|t:|1701106396\n|switch|p1a: Mimikyu|Mimikyu, F|100\/100\n|turn|14\n|\n|t:|1701106416\n|move|p2a: DeMarco|Flash Cannon|p1a: Mimikyu\n|-activate|p1a: Mimikyu|ability: Disguise\n|-damage|p1a: Mimikyu|100\/100\n|detailschange|p1a: Mimikyu|Mimikyu-Busted, F\n|-damage|p1a: Mimikyu|88\/100|[from] pokemon: Mimikyu-Busted\n|move|p1a: Mimikyu|Shadow Claw|p2a: DeMarco\n|-damage|p2a: DeMarco|44\/100\n|\n|upkeep\n|turn|15\n|\n|t:|1701106425\n|move|p2a: DeMarco|Flash Cannon|p1a: Mimikyu\n|-supereffective|p1a: Mimikyu\n|-damage|p1a: Mimikyu|0 fnt\n|faint|p1a: Mimikyu\n|\n|win|KingOfTheMinnish\n|raw|Meta Is Overrated's rating: 1098 &rarr; <strong>1079<\/strong><br \/>(-19 for losing)\n|raw|KingOfTheMinnish's rating: 1183 &rarr; <strong>1202<\/strong><br \/>(+19 for winning)\n|c|\u2606Meta Is Overrated|GG\n|l|\u2606Meta Is Overrated\n","uploadtime":1701106525,"views":2,"p1id":"metaisoverrated","p2id":"kingoftheminnish","formatid":"gen9anythinggoes","rating":1079,"private":0,"password":""}