{"id":"gen9anythinggoes-1982771105","p1":"Gunmarthemafiabear","p2":"BucketSlayer","format":"[Gen 9] Anything Goes","log":"|j|\u2606Gunmarthemafiabear\n|j|\u2606BucketSlayer\n|t:|1699043308\n|gametype|singles\n|player|p1|Gunmarthemafiabear|drayden|\n|player|p2|BucketSlayer|roark|\n|teamsize|p1|6\n|teamsize|p2|6\n|gen|9\n|tier|[Gen 9] Anything Goes\n|rule|HP Percentage Mod: HP is shown in percentages\n|rule|Endless Battle Clause: Forcing endless battles is banned\n|clearpoke\n|poke|p1|Milotic, M|\n|poke|p1|Ogerpon-Hearthflame, F|\n|poke|p1|Okidogi, M|\n|poke|p1|Staraptor, M|\n|poke|p1|Gliscor, F|\n|poke|p1|Snorlax, M|\n|poke|p2|Basculegion-F, F|\n|poke|p2|Poliwrath, M|\n|poke|p2|Crawdaunt, F|\n|poke|p2|Politoed, F|\n|poke|p2|Poliwag, M|\n|poke|p2|Ogerpon-Wellspring, F|\n|teampreview\n|inactive|Battle timer is ON: inactive players will automatically lose when time's up. (requested by Gunmarthemafiabear)\n|inactive|BucketSlayer also wants the timer to be on.\n|c|\u2606BucketSlayer|Gl hf\n|\n|t:|1699043314\n|start\n|switch|p1a: Scorp|Gliscor, F|100\/100\n|switch|p2a: Politoed|Politoed, F|100\/100\n|-weather|RainDance|[from] ability: Drizzle|[of] p2a: Politoed\n|turn|1\n|\n|t:|1699043323\n|move|p1a: Scorp|Agility|p1a: Scorp\n|-boost|p1a: Scorp|spe|2\n|move|p2a: Politoed|Weather Ball|p1a: Scorp\n|-supereffective|p1a: Scorp\n|-damage|p1a: Scorp|0 fnt\n|faint|p1a: Scorp\n|\n|-weather|RainDance|[upkeep]\n|upkeep\n|\n|t:|1699043334\n|switch|p1a: Dogge coin|Okidogi, M|100\/100\n|turn|2\n|\n|t:|1699043340\n|move|p1a: Dogge coin|Bulk Up|p1a: Dogge coin\n|-boost|p1a: Dogge coin|atk|1\n|-boost|p1a: Dogge coin|def|1\n|move|p2a: Politoed|Weather Ball|p1a: Dogge coin\n|-damage|p1a: Dogge coin|25\/100\n|\n|-weather|RainDance|[upkeep]\n|upkeep\n|turn|3\n|\n|t:|1699043354\n|move|p1a: Dogge coin|Thunder Punch|p2a: Politoed\n|-supereffective|p2a: Politoed\n|-damage|p2a: Politoed|0 fnt\n|faint|p2a: Politoed\n|\n|-weather|RainDance|[upkeep]\n|upkeep\n|\n|t:|1699043367\n|switch|p2a: Crawdaunt|Crawdaunt, F|100\/100\n|turn|4\n|\n|t:|1699043371\n|-terastallize|p2a: Crawdaunt|Water\n|move|p2a: Crawdaunt|Aqua Jet|p1a: Dogge coin\n|-damage|p1a: Dogge coin|0 fnt\n|faint|p1a: Dogge coin\n|-damage|p2a: Crawdaunt|90\/100|[from] item: Life Orb\n|\n|-weather|RainDance|[upkeep]\n|upkeep\n|\n|t:|1699043380\n|switch|p1a: Ur mom|Snorlax, M|100\/100\n|turn|5\n|\n|t:|1699043384\n|move|p2a: Crawdaunt|Liquidation|p1a: Ur mom\n|-damage|p1a: Ur mom|9\/100\n|-damage|p2a: Crawdaunt|80\/100|[from] item: Life Orb\n|move|p1a: Ur mom|Thunder Punch|p2a: Crawdaunt\n|-supereffective|p2a: Crawdaunt\n|-damage|p2a: Crawdaunt|38\/100\n|\n|-weather|RainDance|[upkeep]\n|-heal|p1a: Ur mom|15\/100|[from] item: Leftovers\n|upkeep\n|turn|6\n|\n|t:|1699043397\n|move|p2a: Crawdaunt|Liquidation|p1a: Ur mom\n|-damage|p1a: Ur mom|0 fnt\n|faint|p1a: Ur mom\n|-damage|p2a: Crawdaunt|28\/100|[from] item: Life Orb\n|\n|-weather|RainDance|[upkeep]\n|upkeep\n|\n|t:|1699043406\n|switch|p1a: Touch grass|Ogerpon-Hearthflame, F|100\/100\n|-ability|p1a: Touch grass|Mold Breaker\n|turn|7\n|\n|t:|1699043416\n|move|p2a: Crawdaunt|Aqua Jet|p1a: Touch grass\n|-damage|p1a: Touch grass|11\/100\n|-damage|p2a: Crawdaunt|18\/100|[from] item: Life Orb\n|move|p1a: Touch grass|Horn Leech|p2a: Crawdaunt\n|-supereffective|p2a: Crawdaunt\n|-damage|p2a: Crawdaunt|0 fnt\n|-heal|p1a: Touch grass|21\/100|[from] drain|[of] p2a: Crawdaunt\n|faint|p2a: Crawdaunt\n|\n|-weather|RainDance|[upkeep]\n|upkeep\n|\n|t:|1699043428\n|switch|p2a: Poliwrath|Poliwrath, M|100\/100\n|turn|8\n|\n|t:|1699043436\n|move|p2a: Poliwrath|Drain Punch|p1a: Touch grass\n|-crit|p1a: Touch grass\n|-damage|p1a: Touch grass|0 fnt\n|faint|p1a: Touch grass\n|\n|-weather|none\n|upkeep\n|\n|t:|1699043443\n|switch|p1a: Snek|Milotic, M|100\/100\n|turn|9\n|\n|t:|1699043448\n|move|p2a: Poliwrath|Belly Drum|p2a: Poliwrath\n|-damage|p2a: Poliwrath|50\/100\n|-setboost|p2a: Poliwrath|atk|6|[from] move: Belly Drum\n|-enditem|p2a: Poliwrath|Sitrus Berry|[eat]\n|-heal|p2a: Poliwrath|75\/100|[from] item: Sitrus Berry\n|move|p1a: Snek|Coil|p1a: Snek\n|-boost|p1a: Snek|atk|1\n|-boost|p1a: Snek|def|1\n|-boost|p1a: Snek|accuracy|1\n|\n|upkeep\n|turn|10\n|\n|t:|1699043462\n|move|p2a: Poliwrath|Drain Punch|p1a: Snek\n|-damage|p1a: Snek|26\/100\n|-heal|p2a: Poliwrath|100\/100|[from] drain|[of] p1a: Snek\n|move|p1a: Snek|Draining Kiss|p2a: Poliwrath\n|-supereffective|p2a: Poliwrath\n|-damage|p2a: Poliwrath|78\/100\n|-heal|p1a: Snek|42\/100|[from] drain|[of] p2a: Poliwrath\n|\n|upkeep\n|turn|11\n|\n|t:|1699043472\n|move|p2a: Poliwrath|Drain Punch|p1a: Snek\n|-damage|p1a: Snek|0 fnt\n|-heal|p2a: Poliwrath|100\/100|[from] drain|[of] p1a: Snek\n|faint|p1a: Snek\n|\n|upkeep\n|\n|t:|1699043478\n|switch|p1a: Fast burd|Staraptor, M|100\/100\n|turn|12\n|\n|t:|1699043484\n|move|p1a: Fast burd|Brave Bird|p2a: Poliwrath\n|-supereffective|p2a: Poliwrath\n|-damage|p2a: Poliwrath|0 fnt\n|faint|p2a: Poliwrath\n|-damage|p1a: Fast burd|67\/100|[from] Recoil\n|-damage|p1a: Fast burd|57\/100|[from] item: Life Orb\n|\n|upkeep\n|\n|t:|1699043491\n|switch|p2a: Ogerpon|Ogerpon-Wellspring, F|100\/100\n|turn|13\n|\n|t:|1699043495\n|move|p2a: Ogerpon|Ivy Cudgel|p1a: Fast burd\n|-damage|p1a: Fast burd|0 fnt\n|faint|p1a: Fast burd\n|\n|win|BucketSlayer\n|c|\u2606BucketSlayer|Gg\n|l|\u2606Gunmarthemafiabear\n","uploadtime":1699043509,"views":10,"p1id":"gunmarthemafiabear","p2id":"bucketslayer","formatid":"gen9anythinggoes","rating":0,"private":0,"password":""}