{"id":"gen9anythinggoes-1992076157","p1":"Ob1kenobi4","p2":"CartierJr","format":"[Gen 9] Anything Goes","log":"|j|\u2606Ob1kenobi4\n|j|\u2606CartierJr\n|t:|1700153061\n|gametype|singles\n|player|p1|Ob1kenobi4|lance|1171\n|player|p2|CartierJr|backpacker|1182\n|teamsize|p1|6\n|teamsize|p2|6\n|gen|9\n|tier|[Gen 9] Anything Goes\n|rated|\n|rule|HP Percentage Mod: HP is shown in percentages\n|rule|Endless Battle Clause: Forcing endless battles is banned\n|clearpoke\n|poke|p1|Groudon|\n|poke|p1|Giratina-Origin|\n|poke|p1|Kyogre|\n|poke|p1|Palkia-Origin|\n|poke|p1|Zacian-*|\n|poke|p1|Rayquaza|\n|poke|p2|Ursaluna, M|\n|poke|p2|Maushold|\n|poke|p2|Arboliva, F|\n|poke|p2|Staraptor, M|\n|poke|p2|Ditto|\n|poke|p2|Farigiraf, F|\n|teampreview\n|\n|t:|1700153065\n|start\n|switch|p1a: Giratina|Giratina-Origin, shiny|100\/100\n|switch|p2a: Maushold|Maushold|100\/100\n|turn|1\n|inactive|Battle timer is ON: inactive players will automatically lose when time's up. (requested by CartierJr)\n|\n|t:|1700153074\n|move|p2a: Maushold|Tidy Up|p2a: Maushold\n|-boost|p2a: Maushold|atk|1\n|-boost|p2a: Maushold|spe|1\n|move|p1a: Giratina|Draco Meteor|p2a: Maushold\n|-damage|p2a: Maushold|8\/100\n|-unboost|p1a: Giratina|spa|2\n|\n|upkeep\n|turn|2\n|\n|t:|1700153083\n|move|p2a: Maushold|Beat Up|p1a: Giratina\n|-supereffective|p1a: Giratina\n|-damage|p1a: Giratina|89\/100\n|-supereffective|p1a: Giratina\n|-damage|p1a: Giratina|73\/100\n|-supereffective|p1a: Giratina\n|-damage|p1a: Giratina|63\/100\n|-supereffective|p1a: Giratina\n|-damage|p1a: Giratina|50\/100\n|-supereffective|p1a: Giratina\n|-damage|p1a: Giratina|42\/100\n|-supereffective|p1a: Giratina\n|-damage|p1a: Giratina|30\/100\n|-hitcount|p1a: Giratina|6\n|move|p1a: Giratina|Draco Meteor|p2a: Maushold\n|-damage|p2a: Maushold|0 fnt\n|-unboost|p1a: Giratina|spa|2\n|faint|p2a: Maushold\n|\n|upkeep\n|\n|t:|1700153100\n|switch|p2a: Staraptor|Staraptor, M|100\/100\n|turn|3\n|\n|t:|1700153110\n|move|p2a: Staraptor|Brave Bird|p1a: Giratina\n|-damage|p1a: Giratina|0 fnt\n|faint|p1a: Giratina\n|-damage|p2a: Staraptor|86\/100|[from] Recoil\n|\n|upkeep\n|\n|t:|1700153116\n|switch|p1a: Palkia|Palkia-Origin|100\/100\n|-ability|p1a: Palkia|Pressure\n|turn|4\n|\n|t:|1700153128\n|switch|p2a: Arboliva|Arboliva, F, shiny|100\/100\n|move|p1a: Palkia|Dragon Claw|p2a: Arboliva\n|-damage|p2a: Arboliva|71\/100\n|-fieldstart|move: Grassy Terrain|[from] ability: Seed Sower|[of] p2a: Arboliva\n|\n|-heal|p2a: Arboliva|77\/100|[from] Grassy Terrain\n|-heal|p2a: Arboliva|84\/100|[from] item: Leftovers\n|upkeep\n|turn|5\n|\n|t:|1700153141\n|switch|p1a: Groudon|Groudon, shiny|100\/100\n|-weather|SunnyDay|[from] ability: Drought|[of] p1a: Groudon\n|move|p2a: Arboliva|Leech Seed|p1a: Groudon|[miss]\n|-miss|p2a: Arboliva|p1a: Groudon\n|\n|-weather|SunnyDay|[upkeep]\n|-heal|p2a: Arboliva|90\/100|[from] Grassy Terrain\n|-heal|p2a: Arboliva|96\/100|[from] item: Leftovers\n|upkeep\n|turn|6\n|\n|t:|1700153154\n|move|p2a: Arboliva|Protect|p2a: Arboliva\n|-singleturn|p2a: Arboliva|Protect\n|move|p1a: Groudon|Flamethrower|p2a: Arboliva\n|-activate|p2a: Arboliva|move: Protect\n|\n|-weather|SunnyDay|[upkeep]\n|-heal|p2a: Arboliva|100\/100|[from] Grassy Terrain\n|upkeep\n|turn|7\n|\n|t:|1700153164\n|-terastallize|p2a: Arboliva|Ground\n|move|p1a: Groudon|Flamethrower|p2a: Arboliva\n|-damage|p2a: Arboliva|72\/100\n|move|p2a: Arboliva|Strength Sap|p1a: Groudon\n|-unboost|p1a: Groudon|atk|1\n|-heal|p2a: Arboliva|100\/100\n|\n|-weather|SunnyDay|[upkeep]\n|upkeep\n|turn|8\n|\n|t:|1700153176\n|move|p1a: Groudon|Earthquake|p2a: Arboliva\n|-damage|p2a: Arboliva|86\/100\n|move|p2a: Arboliva|Leech Seed|p1a: Groudon\n|-start|p1a: Groudon|move: Leech Seed\n|\n|-weather|SunnyDay|[upkeep]\n|-heal|p2a: Arboliva|92\/100|[from] Grassy Terrain\n|-heal|p2a: Arboliva|98\/100|[from] item: Leftovers\n|-damage|p1a: Groudon|88\/100|[from] Leech Seed|[of] p2a: Arboliva\n|-heal|p2a: Arboliva|100\/100|[silent]\n|-fieldend|move: Grassy Terrain\n|upkeep\n|turn|9\n|\n|t:|1700153187\n|move|p1a: Groudon|Body Slam|p2a: Arboliva\n|-damage|p2a: Arboliva|86\/100\n|-status|p2a: Arboliva|par\n|-fieldstart|move: Grassy Terrain|[from] ability: Seed Sower|[of] p2a: Arboliva\n|move|p2a: Arboliva|Giga Drain|p1a: Groudon\n|-supereffective|p1a: Groudon\n|-damage|p1a: Groudon|36\/100\n|-heal|p2a: Arboliva|100\/100 par|[from] drain|[of] p1a: Groudon\n|\n|-weather|none\n|-heal|p1a: Groudon|42\/100|[from] Grassy Terrain\n|-damage|p1a: Groudon|30\/100|[from] Leech Seed|[of] p2a: Arboliva\n|upkeep\n|turn|10\n|\n|t:|1700153209\n|switch|p1a: Zacian|Zacian-Crowned, shiny|100\/100\n|-ability|p1a: Zacian|Intrepid Sword|boost\n|-boost|p1a: Zacian|atk|1\n|move|p2a: Arboliva|Giga Drain|p1a: Zacian\n|-resisted|p1a: Zacian\n|-damage|p1a: Zacian|85\/100\n|\n|-heal|p1a: Zacian|91\/100|[from] Grassy Terrain\n|upkeep\n|turn|11\n|\n|t:|1700153219\n|move|p1a: Zacian|Play Rough|p2a: Arboliva\n|-damage|p2a: Arboliva|49\/100 par\n|cant|p2a: Arboliva|par\n|\n|-heal|p1a: Zacian|97\/100|[from] Grassy Terrain\n|-heal|p2a: Arboliva|56\/100 par|[from] Grassy Terrain\n|-heal|p2a: Arboliva|62\/100 par|[from] item: Leftovers\n|upkeep\n|turn|12\n|\n|t:|1700153234\n|move|p2a: Arboliva|Protect|p2a: Arboliva\n|-singleturn|p2a: Arboliva|Protect\n|move|p1a: Zacian|Dazzling Gleam|p2a: Arboliva\n|-activate|p2a: Arboliva|move: Protect\n|\n|-heal|p1a: Zacian|100\/100|[from] Grassy Terrain\n|-heal|p2a: Arboliva|68\/100 par|[from] Grassy Terrain\n|-heal|p2a: Arboliva|74\/100 par|[from] item: Leftovers\n|upkeep\n|turn|13\n|\n|t:|1700153245\n|move|p1a: Zacian|Behemoth Blade|p2a: Arboliva\n|-crit|p2a: Arboliva\n|-damage|p2a: Arboliva|0 fnt\n|faint|p2a: Arboliva\n|\n|-fieldend|move: Grassy Terrain\n|upkeep\n|\n|t:|1700153259\n|switch|p2a: Ditto|Ditto, shiny|100\/100\n|-transform|p2a: Ditto|p1a: Zacian|[from] ability: Imposter\n|-ability|p2a: Ditto|Intrepid Sword|boost\n|-boost|p2a: Ditto|atk|1\n|turn|14\n|\n|t:|1700153276\n|move|p2a: Ditto|Behemoth Blade|p1a: Zacian\n|-damage|p1a: Zacian|19\/100\n|move|p1a: Zacian|Sacred Sword|p2a: Ditto\n|-damage|p2a: Ditto|60\/100\n|\n|upkeep\n|turn|15\n|\n|t:|1700153284\n|move|p2a: Ditto|Behemoth Blade|p1a: Zacian\n|-crit|p1a: Zacian\n|-damage|p1a: Zacian|0 fnt\n|faint|p1a: Zacian\n|\n|upkeep\n|\n|t:|1700153292\n|switch|p1a: Palkia|Palkia-Origin|100\/100\n|-ability|p1a: Palkia|Pressure\n|turn|16\n|\n|t:|1700153301\n|move|p2a: Ditto|Behemoth Blade|p1a: Palkia\n|-resisted|p1a: Palkia\n|-damage|p1a: Palkia|53\/100\n|move|p1a: Palkia|Dragon Claw|p2a: Ditto\n|-immune|p2a: Ditto\n|\n|upkeep\n|turn|17\n|\n|t:|1700153310\n|move|p2a: Ditto|Behemoth Blade|p1a: Palkia\n|-resisted|p1a: Palkia\n|-damage|p1a: Palkia|5\/100\n|move|p1a: Palkia|Aura Sphere|p2a: Ditto\n|-damage|p2a: Ditto|36\/100\n|\n|upkeep\n|turn|18\n|\n|t:|1700153323\n|switch|p1a: Rayquaza|Rayquaza, shiny|100\/100\n|-ability|p1a: Rayquaza|Air Lock\n|-activate|p2a: Ditto|move: Struggle\n|move|p2a: Ditto|Struggle|p1a: Rayquaza\n|-crit|p1a: Rayquaza\n|-damage|p1a: Rayquaza|51\/100\n|-damage|p2a: Ditto|11\/100|[from] recoil\n|\n|upkeep\n|turn|19\n|\n|t:|1700153332\n|move|p1a: Rayquaza|Extreme Speed|p2a: Ditto\n|-resisted|p2a: Ditto\n|-damage|p2a: Ditto|0 fnt\n|faint|p2a: Ditto\n|\n|upkeep\n|\n|t:|1700153343\n|switch|p2a: Staraptor|Staraptor, M|86\/100\n|turn|20\n|\n|t:|1700153354\n|move|p2a: Staraptor|Double-Edge|p1a: Rayquaza\n|-damage|p1a: Rayquaza|0 fnt\n|faint|p1a: Rayquaza\n|-damage|p2a: Staraptor|66\/100|[from] Recoil\n|\n|upkeep\n|\n|t:|1700153370\n|switch|p1a: Kyogre|Kyogre|100\/100\n|-weather|RainDance|[from] ability: Drizzle|[of] p1a: Kyogre\n|turn|21\n|\n|t:|1700153375\n|move|p2a: Staraptor|Double-Edge|p1a: Kyogre\n|-damage|p1a: Kyogre|27\/100\n|-damage|p2a: Staraptor|37\/100|[from] Recoil\n|move|p1a: Kyogre|Substitute|p1a: Kyogre\n|-start|p1a: Kyogre|Substitute\n|-damage|p1a: Kyogre|2\/100\n|\n|-weather|RainDance|[upkeep]\n|upkeep\n|turn|22\n|\n|t:|1700153391\n|move|p2a: Staraptor|Double-Edge|p1a: Kyogre\n|-end|p1a: Kyogre|Substitute\n|-damage|p2a: Staraptor|27\/100|[from] Recoil|[of] p1a: Kyogre\n|move|p1a: Kyogre|Hydro Pump|p2a: Staraptor\n|-damage|p2a: Staraptor|0 fnt\n|faint|p2a: Staraptor\n|\n|-weather|RainDance|[upkeep]\n|upkeep\n|\n|t:|1700153401\n|switch|p2a: Farigiraf|Farigiraf, F, shiny|100\/100\n|turn|23\n|\n|t:|1700153405\n|move|p1a: Kyogre|Hydro Pump|p2a: Farigiraf\n|-damage|p2a: Farigiraf|25\/100\n|-enditem|p2a: Farigiraf|Sitrus Berry|[eat]\n|-heal|p2a: Farigiraf|50\/100|[from] item: Sitrus Berry\n|move|p2a: Farigiraf|Future Sight|p1a: Kyogre\n|-start|p2a: Farigiraf|move: Future Sight\n|\n|-weather|RainDance|[upkeep]\n|upkeep\n|turn|24\n|\n|t:|1700153414\n|move|p2a: Farigiraf|Protect|p2a: Farigiraf\n|-singleturn|p2a: Farigiraf|Protect\n|move|p1a: Kyogre|Hydro Pump|p2a: Farigiraf\n|-activate|p2a: Farigiraf|move: Protect\n|\n|-weather|RainDance|[upkeep]\n|-activate|p2a: Farigiraf|ability: Cud Chew\n|-enditem|p2a: Farigiraf|Sitrus Berry|[eat]\n|-heal|p2a: Farigiraf|75\/100|[from] item: Sitrus Berry\n|upkeep\n|turn|25\n|\n|t:|1700153425\n|move|p1a: Kyogre|Hydro Pump|p2a: Farigiraf\n|-damage|p2a: Farigiraf|2\/100\n|move|p2a: Farigiraf|Trick Room|p2a: Farigiraf\n|-fieldstart|move: Trick Room|[of] p2a: Farigiraf\n|\n|-weather|none\n|-end|p1a: Kyogre|move: Future Sight\n|-damage|p1a: Kyogre|0 fnt\n|faint|p1a: Kyogre\n|upkeep\n|\n|t:|1700153433\n|switch|p1a: Palkia|Palkia-Origin|5\/100\n|-ability|p1a: Palkia|Pressure\n|turn|26\n|\n|t:|1700153441\n|move|p2a: Farigiraf|Thunderbolt|p1a: Palkia\n|-damage|p1a: Palkia|0 fnt\n|faint|p1a: Palkia\n|\n|upkeep\n|\n|t:|1700153446\n|switch|p1a: Groudon|Groudon, shiny|30\/100\n|-weather|SunnyDay|[from] ability: Drought|[of] p1a: Groudon\n|turn|27\n|\n|t:|1700153451\n|move|p2a: Farigiraf|Future Sight|p1a: Groudon\n|-start|p2a: Farigiraf|move: Future Sight\n|move|p1a: Groudon|Earthquake|p2a: Farigiraf\n|-damage|p2a: Farigiraf|0 fnt\n|faint|p2a: Farigiraf\n|\n|-weather|SunnyDay|[upkeep]\n|upkeep\n|\n|t:|1700153459\n|switch|p2a: Ursaluna|Ursaluna, M, shiny|100\/100\n|turn|28\n|\n|t:|1700153470\n|-terastallize|p1a: Groudon|Fire\n|move|p2a: Ursaluna|Protect|p2a: Ursaluna\n|-singleturn|p2a: Ursaluna|Protect\n|move|p1a: Groudon|Flamethrower|p2a: Ursaluna\n|-activate|p2a: Ursaluna|move: Protect\n|\n|-weather|SunnyDay|[upkeep]\n|-status|p2a: Ursaluna|brn|[from] item: Flame Orb\n|upkeep\n|turn|29\n|\n|t:|1700153486\n|move|p2a: Ursaluna|Facade|p1a: Groudon\n|-crit|p1a: Groudon\n|-damage|p1a: Groudon|0 fnt\n|faint|p1a: Groudon\n|\n|win|CartierJr\n|raw|Ob1kenobi4's rating: 1171 &rarr; <strong>1147<\/strong><br \/>(-24 for losing)\n|raw|CartierJr's rating: 1182 &rarr; <strong>1206<\/strong><br \/>(+24 for winning)\n|l|\u2606Ob1kenobi4\n","uploadtime":1700153510,"views":5,"p1id":"ob1kenobi4","p2id":"cartierjr","formatid":"gen9anythinggoes","rating":1147,"private":0,"password":""}