{"id":"gen9anythinggoes-1984884683","p1":"doofyfisher","p2":"frog daddy 224","format":"[Gen 9] Anything Goes","log":"|j|\u2606doofyfisher\n|j|\u2606frog daddy 224\n|t:|1699307465\n|gametype|singles\n|player|p1|doofyfisher|n|\n|player|p2|frog daddy 224|n|\n|teamsize|p1|6\n|teamsize|p2|6\n|gen|9\n|tier|[Gen 9] Anything Goes\n|rule|HP Percentage Mod: HP is shown in percentages\n|rule|Endless Battle Clause: Forcing endless battles is banned\n|clearpoke\n|poke|p1|Sylveon, M|\n|poke|p1|Annihilape, F|\n|poke|p1|Mew|\n|poke|p1|Volcanion|\n|poke|p1|Iron Hands|\n|poke|p1|Garchomp, M|\n|poke|p2|Scream Tail|\n|poke|p2|Glimmora, F|\n|poke|p2|Dragapult, F|\n|poke|p2|Arcanine, M|\n|poke|p2|Zapdos|\n|poke|p2|Slowking, F|\n|teampreview\n|\n|t:|1699307470\n|start\n|switch|p1a: Garchomp|Garchomp, M|100\/100\n|switch|p2a: Scream Tail|Scream Tail|100\/100\n|turn|1\n|\n|t:|1699307476\n|move|p2a: Scream Tail|Reflect|p2a: Scream Tail\n|-sidestart|p2: frog daddy 224|Reflect\n|move|p1a: Garchomp|Earthquake|p2a: Scream Tail\n|-damage|p2a: Scream Tail|77\/100\n|-damage|p1a: Garchomp|91\/100|[from] item: Life Orb\n|\n|upkeep\n|turn|2\n|\n|t:|1699307482\n|move|p2a: Scream Tail|Stealth Rock|p1a: Garchomp\n|-sidestart|p1: doofyfisher|move: Stealth Rock\n|move|p1a: Garchomp|Stealth Rock|p2a: Scream Tail\n|-sidestart|p2: frog daddy 224|move: Stealth Rock\n|\n|upkeep\n|turn|3\n|\n|t:|1699307490\n|move|p2a: Scream Tail|Encore|p1a: Garchomp\n|-start|p1a: Garchomp|Encore\n|move|p1a: Garchomp|Stealth Rock||[still]\n|-fail|p1a: Garchomp\n|\n|upkeep\n|turn|4\n|\n|t:|1699307504\n|-end|p2a: Scream Tail|Protosynthesis|[silent]\n|switch|p2a: Glimmora|Glimmora, F|100\/100\n|-damage|p2a: Glimmora|88\/100|[from] Stealth Rock\n|-item|p2a: Glimmora|Air Balloon\n|switch|p1a: Mew|Mew|100\/100\n|-damage|p1a: Mew|88\/100|[from] Stealth Rock\n|\n|upkeep\n|turn|5\n|\n|t:|1699307516\n|move|p1a: Mew|Zen Headbutt|p2a: Glimmora\n|-supereffective|p2a: Glimmora\n|-damage|p2a: Glimmora|47\/100\n|-activate|p2a: Glimmora|ability: Toxic Debris\n|-sidestart|p1: doofyfisher|move: Toxic Spikes\n|-enditem|p2a: Glimmora|Air Balloon\n|move|p2a: Glimmora|Mortal Spin|p1a: Mew\n|-damage|p1a: Mew|82\/100\n|-status|p1a: Mew|psn\n|-activate|p1a: Mew|ability: Synchronize\n|-immune|p2a: Glimmora\n|-sideend|p2: frog daddy 224|Stealth Rock|[from] move: Mortal Spin|[of] p2a: Glimmora\n|\n|-damage|p1a: Mew|70\/100 psn|[from] psn\n|upkeep\n|turn|6\n|\n|t:|1699307539\n|switch|p2a: Slowking|Slowking, F|100\/100\n|move|p1a: Mew|Zen Headbutt|p2a: Slowking\n|-resisted|p2a: Slowking\n|-damage|p2a: Slowking|92\/100\n|\n|-heal|p2a: Slowking|98\/100|[from] item: Leftovers\n|-damage|p1a: Mew|57\/100 psn|[from] psn\n|upkeep\n|turn|7\n|\n|t:|1699307548\n|move|p1a: Mew|Knock Off|p2a: Slowking\n|-supereffective|p2a: Slowking\n|-damage|p2a: Slowking|65\/100\n|-enditem|p2a: Slowking|Leftovers|[from] move: Knock Off|[of] p1a: Mew\n|move|p2a: Slowking|Curse|p2a: Slowking\n|-unboost|p2a: Slowking|spe|1\n|-boost|p2a: Slowking|atk|1\n|-boost|p2a: Slowking|def|1\n|\n|-damage|p1a: Mew|45\/100 psn|[from] psn\n|upkeep\n|turn|8\n|\n|t:|1699307557\n|move|p1a: Mew|Knock Off|p2a: Slowking\n|-supereffective|p2a: Slowking\n|-damage|p2a: Slowking|51\/100\n|move|p2a: Slowking|Slack Off|p2a: Slowking\n|-heal|p2a: Slowking|100\/100\n|\n|-damage|p1a: Mew|33\/100 psn|[from] psn\n|-sideend|p2: frog daddy 224|Reflect\n|upkeep\n|turn|9\n|\n|t:|1699307563\n|move|p1a: Mew|Knock Off|p2a: Slowking\n|-supereffective|p2a: Slowking\n|-crit|p2a: Slowking\n|-damage|p2a: Slowking|36\/100\n|move|p2a: Slowking|Curse|p2a: Slowking\n|-unboost|p2a: Slowking|spe|1\n|-boost|p2a: Slowking|atk|1\n|-boost|p2a: Slowking|def|1\n|\n|-damage|p1a: Mew|20\/100 psn|[from] psn\n|upkeep\n|turn|10\n|\n|t:|1699307572\n|move|p1a: Mew|Knock Off|p2a: Slowking\n|-supereffective|p2a: Slowking\n|-damage|p2a: Slowking|13\/100\n|move|p2a: Slowking|Slack Off|p2a: Slowking\n|-heal|p2a: Slowking|63\/100\n|\n|-damage|p1a: Mew|8\/100 psn|[from] psn\n|upkeep\n|turn|11\n|\n|t:|1699307582\n|move|p1a: Mew|Knock Off|p2a: Slowking\n|-supereffective|p2a: Slowking\n|-damage|p2a: Slowking|39\/100\n|move|p2a: Slowking|Slack Off|p2a: Slowking\n|-heal|p2a: Slowking|90\/100\n|\n|-damage|p1a: Mew|0 fnt|[from] psn\n|faint|p1a: Mew\n|upkeep\n|\n|t:|1699307588\n|switch|p1a: Sylveon|Sylveon, M, shiny|100\/100\n|-damage|p1a: Sylveon|88\/100|[from] Stealth Rock\n|-status|p1a: Sylveon|psn\n|turn|12\n|\n|t:|1699307596\n|move|p1a: Sylveon|Calm Mind|p1a: Sylveon\n|-boost|p1a: Sylveon|spa|1\n|-boost|p1a: Sylveon|spd|1\n|move|p2a: Slowking|Earthquake|p1a: Sylveon\n|-damage|p1a: Sylveon|36\/100 psn\n|\n|-heal|p1a: Sylveon|42\/100 psn|[from] item: Leftovers\n|-damage|p1a: Sylveon|30\/100 psn|[from] psn\n|upkeep\n|turn|13\n|\n|t:|1699307608\n|move|p1a: Sylveon|Draining Kiss|p2a: Slowking\n|-damage|p2a: Slowking|61\/100\n|-heal|p1a: Sylveon|52\/100 psn|[from] drain|[of] p2a: Slowking\n|move|p2a: Slowking|Earthquake|p1a: Sylveon\n|-damage|p1a: Sylveon|2\/100 psn\n|\n|-heal|p1a: Sylveon|8\/100 psn|[from] item: Leftovers\n|-damage|p1a: Sylveon|0 fnt|[from] psn\n|faint|p1a: Sylveon\n|upkeep\n|\n|t:|1699307617\n|switch|p1a: Iron Hands|Iron Hands|100\/100\n|-damage|p1a: Iron Hands|94\/100|[from] Stealth Rock\n|-status|p1a: Iron Hands|psn\n|-enditem|p1a: Iron Hands|Booster Energy\n|-activate|p1a: Iron Hands|ability: Quark Drive|[fromitem]\n|-start|p1a: Iron Hands|quarkdriveatk\n|turn|14\n|\n|t:|1699307622\n|move|p1a: Iron Hands|Thunder Punch|p2a: Slowking\n|-supereffective|p2a: Slowking\n|-damage|p2a: Slowking|6\/100\n|move|p2a: Slowking|Earthquake|p1a: Iron Hands\n|-supereffective|p1a: Iron Hands\n|-damage|p1a: Iron Hands|41\/100 psn\n|\n|-damage|p1a: Iron Hands|28\/100 psn|[from] psn\n|upkeep\n|turn|15\n|\n|t:|1699307638\n|switch|p2a: Arcanine|Arcanine, M|100\/100\n|-ability|p2a: Arcanine|Intimidate|boost\n|-unboost|p1a: Iron Hands|atk|1\n|move|p1a: Iron Hands|Thunder Punch|p2a: Arcanine\n|-damage|p2a: Arcanine|66\/100\n|-status|p2a: Arcanine|par\n|\n|-damage|p1a: Iron Hands|16\/100 psn|[from] psn\n|upkeep\n|turn|16\n|\n|t:|1699307652\n|cant|p2a: Arcanine|par\n|move|p1a: Iron Hands|Earthquake|p2a: Arcanine\n|-supereffective|p2a: Arcanine\n|-damage|p2a: Arcanine|0 fnt\n|faint|p2a: Arcanine\n|\n|-damage|p1a: Iron Hands|3\/100 psn|[from] psn\n|upkeep\n|\n|t:|1699307655\n|switch|p2a: Dragapult|Dragapult, F|100\/100\n|turn|17\n|\n|t:|1699307668\n|move|p2a: Dragapult|U-turn|p1a: Iron Hands\n|-resisted|p1a: Iron Hands\n|-damage|p1a: Iron Hands|0 fnt\n|faint|p1a: Iron Hands\n|-end|p1a: Iron Hands|Quark Drive|[silent]\n|\n|t:|1699307672\n|switch|p2a: Scream Tail|Scream Tail|77\/100|[from] U-turn\n|\n|upkeep\n|\n|t:|1699307676\n|switch|p1a: Annihilape|Annihilape, F|100\/100\n|-damage|p1a: Annihilape|94\/100|[from] Stealth Rock\n|-status|p1a: Annihilape|psn\n|turn|18\n|\n|t:|1699307687\n|move|p2a: Scream Tail|Reflect|p2a: Scream Tail\n|-sidestart|p2: frog daddy 224|Reflect\n|move|p1a: Annihilape|Taunt|p2a: Scream Tail\n|-start|p2a: Scream Tail|move: Taunt\n|\n|-damage|p1a: Annihilape|82\/100 psn|[from] psn\n|upkeep\n|turn|19\n|\n|t:|1699307695\n|move|p2a: Scream Tail|Dazzling Gleam|p1a: Annihilape\n|-supereffective|p1a: Annihilape\n|-damage|p1a: Annihilape|43\/100 psn\n|-enditem|p1a: Annihilape|Sitrus Berry|[eat]\n|-heal|p1a: Annihilape|68\/100 psn|[from] item: Sitrus Berry\n|move|p1a: Annihilape|Bulk Up|p1a: Annihilape\n|-boost|p1a: Annihilape|atk|1\n|-boost|p1a: Annihilape|def|1\n|\n|-damage|p1a: Annihilape|56\/100 psn|[from] psn\n|upkeep\n|turn|20\n|\n|t:|1699307705\n|move|p2a: Scream Tail|Dazzling Gleam|p1a: Annihilape\n|-supereffective|p1a: Annihilape\n|-damage|p1a: Annihilape|16\/100 psn\n|move|p1a: Annihilape|Rage Fist|p2a: Scream Tail\n|-supereffective|p2a: Scream Tail\n|-damage|p2a: Scream Tail|0 fnt\n|faint|p2a: Scream Tail\n|-end|p2a: Scream Tail|Protosynthesis|[silent]\n|\n|-damage|p1a: Annihilape|3\/100 psn|[from] psn\n|upkeep\n|\n|t:|1699307715\n|switch|p2a: Glimmora|Glimmora, F|47\/100\n|turn|21\n|\n|t:|1699307732\n|move|p1a: Annihilape|Rage Fist|p2a: Glimmora\n|-damage|p2a: Glimmora|0 fnt\n|-activate|p2a: Glimmora|ability: Toxic Debris\n|-sidestart|p1: doofyfisher|move: Toxic Spikes\n|faint|p2a: Glimmora\n|\n|-damage|p1a: Annihilape|0 fnt|[from] psn\n|faint|p1a: Annihilape\n|upkeep\n|\n|t:|1699307743\n|switch|p1a: Volcanion|Volcanion|100\/100\n|switch|p2a: Dragapult|Dragapult, F|100\/100\n|-damage|p1a: Volcanion|76\/100|[from] Stealth Rock\n|-status|p1a: Volcanion|tox\n|turn|22\n|\n|t:|1699307755\n|move|p2a: Dragapult|Hex|p1a: Volcanion\n|-damage|p1a: Volcanion|38\/100 tox\n|move|p1a: Volcanion|Fire Blast|p2a: Dragapult|[miss]\n|-miss|p1a: Volcanion|p2a: Dragapult\n|\n|-damage|p1a: Volcanion|32\/100 tox|[from] psn\n|upkeep\n|turn|23\n|\n|t:|1699307763\n|move|p2a: Dragapult|Hex|p1a: Volcanion\n|-damage|p1a: Volcanion|0 fnt\n|faint|p1a: Volcanion\n|\n|upkeep\n|\n|t:|1699307766\n|switch|p1a: Garchomp|Garchomp, M|91\/100\n|-damage|p1a: Garchomp|85\/100|[from] Stealth Rock\n|-status|p1a: Garchomp|tox\n|turn|24\n|\n|t:|1699307775\n|move|p2a: Dragapult|Draco Meteor|p1a: Garchomp\n|-supereffective|p1a: Garchomp\n|-damage|p1a: Garchomp|0 fnt\n|-unboost|p2a: Dragapult|spa|2\n|faint|p1a: Garchomp\n|\n|win|frog daddy 224\n","uploadtime":1699307785,"views":6,"p1id":"doofyfisher","p2id":"frogdaddy224","formatid":"gen9anythinggoes","rating":0,"private":0,"password":""}