{"id":"gen9anythinggoes-1977625976","p1":"vee boost","p2":"Naeval_Eco","format":"[Gen 9] Anything Goes","log":"|j|\u2606vee boost\n|j|\u2606Naeval_Eco\n|t:|1698433003\n|gametype|singles\n|player|p1|vee boost|hilbert|1047\n|player|p2|Naeval_Eco|iris-gen5bw2|1148\n|teamsize|p1|6\n|teamsize|p2|6\n|gen|9\n|tier|[Gen 9] Anything Goes\n|rated|\n|rule|HP Percentage Mod: HP is shown in percentages\n|rule|Endless Battle Clause: Forcing endless battles is banned\n|clearpoke\n|poke|p1|Clefable, F|\n|poke|p1|Magnezone|\n|poke|p1|Ambipom, M|\n|poke|p1|Cinderace, F|\n|poke|p1|Floatzel, M|\n|poke|p1|Espeon, F|\n|poke|p2|Espeon, F|\n|poke|p2|Glimmora, M|\n|poke|p2|Leafeon, M|\n|poke|p2|Walking Wake|\n|poke|p2|Polteageist|\n|poke|p2|Honchkrow, M|\n|teampreview\n|inactive|Battle timer is ON: inactive players will automatically lose when time's up. (requested by Naeval_Eco)\n|c|\u2606vee boost|Hi\n|\n|t:|1698433020\n|start\n|switch|p1a: Clefable|Clefable, F|100\/100\n|switch|p2a: Espeon|Espeon, F|100\/100\n|turn|1\n|c|\u2606Naeval_Eco|hi hi\n|\n|t:|1698433029\n|move|p2a: Espeon|Light Screen|p2a: Espeon\n|-sidestart|p2: Naeval_Eco|move: Light Screen\n|move|p1a: Clefable|Thunderbolt|p2a: Espeon\n|-damage|p2a: Espeon|85\/100\n|\n|upkeep\n|turn|2\n|\n|t:|1698433035\n|move|p2a: Espeon|Calm Mind|p2a: Espeon\n|-boost|p2a: Espeon|spa|1\n|-boost|p2a: Espeon|spd|1\n|move|p1a: Clefable|Fire Blast|p2a: Espeon|[miss]\n|-miss|p1a: Clefable|p2a: Espeon\n|\n|upkeep\n|turn|3\n|\n|t:|1698433044\n|move|p2a: Espeon|Calm Mind|p2a: Espeon\n|-boost|p2a: Espeon|spa|1\n|-boost|p2a: Espeon|spd|1\n|move|p1a: Clefable|Moonblast|p2a: Espeon\n|-damage|p2a: Espeon|72\/100\n|\n|upkeep\n|turn|4\n|\n|t:|1698433053\n|move|p2a: Espeon|Reflect|p2a: Espeon\n|-sidestart|p2: Naeval_Eco|Reflect\n|move|p1a: Clefable|Drain Punch|p2a: Espeon\n|-resisted|p2a: Espeon\n|-crit|p2a: Espeon\n|-damage|p2a: Espeon|53\/100\n|\n|upkeep\n|turn|5\n|\n|t:|1698433061\n|-terastallize|p1a: Clefable|Fairy\n|move|p2a: Espeon|Psychic|p1a: Clefable\n|-damage|p1a: Clefable|26\/100\n|move|p1a: Clefable|Moonblast|p2a: Espeon\n|-damage|p2a: Espeon|36\/100\n|\n|-sideend|p2: Naeval_Eco|move: Light Screen\n|upkeep\n|turn|6\n|\n|t:|1698433073\n|move|p2a: Espeon|Psychic|p1a: Clefable\n|-crit|p1a: Clefable\n|-damage|p1a: Clefable|0 fnt\n|faint|p1a: Clefable\n|\n|upkeep\n|\n|t:|1698433083\n|switch|p1a: Espeon|Espeon, F|100\/100\n|turn|7\n|\n|t:|1698433088\n|move|p1a: Espeon|Shadow Ball|p2a: Espeon\n|-supereffective|p2a: Espeon\n|-damage|p2a: Espeon|7\/100\n|move|p2a: Espeon|Calm Mind|p2a: Espeon\n|-boost|p2a: Espeon|spa|1\n|-boost|p2a: Espeon|spd|1\n|\n|upkeep\n|turn|8\n|\n|t:|1698433096\n|move|p1a: Espeon|Shadow Ball|p2a: Espeon\n|-supereffective|p2a: Espeon\n|-damage|p2a: Espeon|0 fnt\n|faint|p2a: Espeon\n|\n|-sideend|p2: Naeval_Eco|Reflect\n|upkeep\n|\n|t:|1698433105\n|switch|p2a: Polteageist|Polteageist|100\/100\n|turn|9\n|\n|t:|1698433117\n|switch|p1a: Cinderace|Cinderace, F|100\/100\n|move|p2a: Polteageist|Shell Smash|p2a: Polteageist\n|-unboost|p2a: Polteageist|def|1\n|-unboost|p2a: Polteageist|spd|1\n|-boost|p2a: Polteageist|atk|2\n|-boost|p2a: Polteageist|spa|2\n|-boost|p2a: Polteageist|spe|2\n|-enditem|p2a: Polteageist|White Herb\n|-clearnegativeboost|p2a: Polteageist|[silent]\n|\n|upkeep\n|turn|10\n|\n|t:|1698433129\n|move|p2a: Polteageist|Psychic|p1a: Cinderace\n|-damage|p1a: Cinderace|26\/100\n|move|p1a: Cinderace|Gunk Shot|p2a: Polteageist\n|-start|p1a: Cinderace|typechange|Poison|[from] ability: Libero\n|-resisted|p2a: Polteageist\n|-damage|p2a: Polteageist|59\/100\n|-start|p1a: Cinderace|Disable|Gunk Shot|[from] ability: Cursed Body|[of] p2a: Polteageist\n|\n|upkeep\n|turn|11\n|inactive|vee boost has 120 seconds left.\n|\n|t:|1698433162\n|switch|p1a: Floatzel|Floatzel, M|100\/100\n|move|p2a: Polteageist|Psychic|p1a: Floatzel\n|-damage|p1a: Floatzel|0 fnt\n|faint|p1a: Floatzel\n|\n|upkeep\n|inactive|vee boost has 120 seconds left.\n|\n|t:|1698433169\n|switch|p1a: Magnezone|Magnezone|100\/100\n|-item|p1a: Magnezone|Air Balloon\n|turn|12\n|\n|t:|1698433176\n|move|p2a: Polteageist|Psychic|p1a: Magnezone\n|-resisted|p1a: Magnezone\n|-damage|p1a: Magnezone|67\/100\n|-enditem|p1a: Magnezone|Air Balloon\n|move|p1a: Magnezone|Thunderbolt|p2a: Polteageist\n|-damage|p2a: Polteageist|19\/100\n|-status|p2a: Polteageist|par\n|\n|upkeep\n|turn|13\n|\n|t:|1698433187\n|move|p2a: Polteageist|Dark Pulse|p1a: Magnezone\n|-damage|p1a: Magnezone|3\/100\n|move|p1a: Magnezone|Volt Switch|p2a: Polteageist\n|-damage|p2a: Polteageist|0 fnt\n|-start|p1a: Magnezone|Disable|Volt Switch|[from] ability: Cursed Body|[of] p2a: Polteageist\n|faint|p2a: Polteageist\n|\n|t:|1698433199\n|switch|p1a: Ambipom|Ambipom, M|100\/100|[from] Volt Switch\n|\n|upkeep\n|\n|t:|1698433204\n|switch|p2a: Glimmora|Glimmora, M|100\/100\n|turn|14\n|\n|t:|1698433209\n|move|p1a: Ambipom|Low Kick|p2a: Glimmora\n|-damage|p2a: Glimmora|71\/100\n|-activate|p2a: Glimmora|ability: Toxic Debris\n|-sidestart|p1: vee boost|move: Toxic Spikes\n|-damage|p1a: Ambipom|91\/100|[from] item: Life Orb\n|move|p2a: Glimmora|Stealth Rock|p1a: Ambipom\n|-sidestart|p1: vee boost|move: Stealth Rock\n|\n|-heal|p2a: Glimmora|77\/100|[from] item: Leftovers\n|upkeep\n|turn|15\n|\n|t:|1698433221\n|move|p1a: Ambipom|Aerial Ace|p2a: Glimmora\n|-resisted|p2a: Glimmora\n|-damage|p2a: Glimmora|63\/100\n|-activate|p2a: Glimmora|ability: Toxic Debris\n|-sidestart|p1: vee boost|move: Toxic Spikes\n|-damage|p1a: Ambipom|81\/100|[from] item: Life Orb\n|move|p2a: Glimmora|Spikes|p1a: Ambipom\n|-sidestart|p1: vee boost|Spikes\n|\n|-heal|p2a: Glimmora|69\/100|[from] item: Leftovers\n|upkeep\n|turn|16\n|\n|t:|1698433246\n|move|p1a: Ambipom|Fake Out||[still]\n|-hint|Fake Out only works on your first turn out.\n|-fail|p1a: Ambipom\n|move|p2a: Glimmora|Spikes|p1a: Ambipom\n|-sidestart|p1: vee boost|Spikes\n|\n|-heal|p2a: Glimmora|75\/100|[from] item: Leftovers\n|upkeep\n|turn|17\n|\n|t:|1698433255\n|move|p1a: Ambipom|Low Kick|p2a: Glimmora\n|-damage|p2a: Glimmora|49\/100\n|-damage|p1a: Ambipom|71\/100|[from] item: Life Orb\n|move|p2a: Glimmora|Spikes|p1a: Ambipom\n|-sidestart|p1: vee boost|Spikes\n|\n|-heal|p2a: Glimmora|55\/100|[from] item: Leftovers\n|upkeep\n|turn|18\n|\n|t:|1698433266\n|move|p1a: Ambipom|Low Kick|p2a: Glimmora\n|-crit|p2a: Glimmora\n|-damage|p2a: Glimmora|11\/100\n|-damage|p1a: Ambipom|61\/100|[from] item: Life Orb\n|move|p2a: Glimmora|Sludge Wave|p1a: Ambipom\n|-damage|p1a: Ambipom|0 fnt\n|faint|p1a: Ambipom\n|\n|-heal|p2a: Glimmora|17\/100|[from] item: Leftovers\n|upkeep\n|\n|t:|1698433276\n|switch|p1a: Magnezone|Magnezone|3\/100\n|-damage|p1a: Magnezone|0 fnt|[from] Stealth Rock\n|faint|p1a: Magnezone\n|\n|t:|1698433281\n|switch|p1a: Espeon|Espeon, F|100\/100\n|turn|19\n|\n|t:|1698433288\n|move|p1a: Espeon|Psyshock|p2a: Glimmora\n|-supereffective|p2a: Glimmora\n|-damage|p2a: Glimmora|0 fnt\n|faint|p2a: Glimmora\n|\n|upkeep\n|\n|t:|1698433296\n|switch|p2a: Honchkrow|Honchkrow, M|100\/100\n|turn|20\n|\n|t:|1698433300\n|move|p2a: Honchkrow|Sucker Punch||[still]\n|-fail|p2a: Honchkrow\n|move|p1a: Espeon|Calm Mind|p1a: Espeon\n|-boost|p1a: Espeon|spa|1\n|-boost|p1a: Espeon|spd|1\n|\n|upkeep\n|turn|21\n|\n|t:|1698433308\n|move|p1a: Espeon|Calm Mind|p1a: Espeon\n|-boost|p1a: Espeon|spa|1\n|-boost|p1a: Espeon|spd|1\n|move|p2a: Honchkrow|Whirlwind|p1a: Espeon\n|move|p1a: Espeon|Whirlwind|p2a: Honchkrow|[from]ability: Magic Bounce\n|drag|p2a: Walking Wake|Walking Wake|100\/100\n|\n|upkeep\n|turn|22\n|\n|t:|1698433320\n|move|p1a: Espeon|Calm Mind|p1a: Espeon\n|-boost|p1a: Espeon|spa|1\n|-boost|p1a: Espeon|spd|1\n|-enditem|p2a: Walking Wake|Mirror Herb\n|-boost|p2a: Walking Wake|spa|1|[from] item: Mirror Herb\n|-boost|p2a: Walking Wake|spd|1|[from] item: Mirror Herb\n|move|p2a: Walking Wake|Dragon Tail|p1a: Espeon\n|-damage|p1a: Espeon|65\/100\n|drag|p1a: Cinderace|Cinderace, F|26\/100\n|\n|upkeep\n|turn|23\n|\n|t:|1698433341\n|move|p2a: Walking Wake|Aqua Jet|p1a: Cinderace\n|-supereffective|p1a: Cinderace\n|-damage|p1a: Cinderace|0 fnt\n|faint|p1a: Cinderace\n|\n|upkeep\n|\n|t:|1698433346\n|switch|p1a: Espeon|Espeon, F|65\/100\n|turn|24\n|\n|t:|1698433351\n|move|p1a: Espeon|Psyshock|p2a: Walking Wake\n|-damage|p2a: Walking Wake|58\/100\n|move|p2a: Walking Wake|Flamethrower|p1a: Espeon\n|-damage|p1a: Espeon|9\/100\n|\n|upkeep\n|turn|25\n|\n|t:|1698433359\n|move|p2a: Walking Wake|Aqua Jet|p1a: Espeon\n|-damage|p1a: Espeon|0 fnt\n|faint|p1a: Espeon\n|\n|win|Naeval_Eco\n|raw|vee boost's rating: 1047 &rarr; <strong>1035<\/strong><br \/>(-12 for losing)\n|raw|Naeval_Eco's rating: 1148 &rarr; <strong>1166<\/strong><br \/>(+18 for winning)\n","uploadtime":1698433370,"views":10,"p1id":"veeboost","p2id":"naevaleco","formatid":"gen9anythinggoes","rating":1035,"private":0,"password":""}