{"id":"gen9anythinggoes-1980439747","p1":"ChimeBliss","p2":"WinterFoxtrot","format":"[Gen 9] Anything Goes","log":"|j|\u2606ChimeBliss\n|j|\u2606WinterFoxtrot\n|t:|1698785080\n|gametype|singles\n|player|p1|ChimeBliss|dawn-gen4pt|1151\n|player|p2|WinterFoxtrot|gambler|1246\n|teamsize|p1|6\n|teamsize|p2|6\n|gen|9\n|tier|[Gen 9] Anything Goes\n|rated|\n|rule|HP Percentage Mod: HP is shown in percentages\n|rule|Endless Battle Clause: Forcing endless battles is banned\n|clearpoke\n|poke|p1|Grimmsnarl, M|\n|poke|p1|Glimmora, M|\n|poke|p1|Arceus|\n|poke|p1|Arceus-Ground|\n|poke|p1|Koraidon|\n|poke|p1|Calyrex-Shadow|\n|poke|p2|Shaymin-Sky|\n|poke|p2|Glimmora, F|\n|poke|p2|Quagsire, M|\n|poke|p2|Dragonite, M|\n|poke|p2|Iron Hands|\n|poke|p2|Basculegion, M|\n|teampreview\n|inactive|Battle timer is ON: inactive players will automatically lose when time's up. (requested by ChimeBliss)\n|\n|t:|1698785094\n|start\n|switch|p1a: Glimmora|Glimmora, M|100\/100\n|switch|p2a: Inconvenience|Glimmora, F|100\/100\n|turn|1\n|\n|t:|1698785099\n|move|p2a: Inconvenience|Stealth Rock|p1a: Glimmora\n|-sidestart|p1: ChimeBliss|move: Stealth Rock\n|move|p1a: Glimmora|Mud Shot|p2a: Inconvenience\n|-supereffective|p2a: Inconvenience\n|-enditem|p2a: Inconvenience|Focus Sash\n|-damage|p2a: Inconvenience|1\/100\n|-unboost|p2a: Inconvenience|spe|1\n|\n|upkeep\n|turn|2\n|\n|t:|1698785109\n|move|p1a: Glimmora|Mortal Spin|p2a: Inconvenience\n|-resisted|p2a: Inconvenience\n|-damage|p2a: Inconvenience|0 fnt\n|-activate|p2a: Inconvenience|ability: Toxic Debris\n|-sidestart|p1: ChimeBliss|move: Toxic Spikes\n|-sideend|p1: ChimeBliss|Toxic Spikes|[from] move: Mortal Spin|[of] p1a: Glimmora\n|-sideend|p1: ChimeBliss|Stealth Rock|[from] move: Mortal Spin|[of] p1a: Glimmora\n|faint|p2a: Inconvenience\n|\n|upkeep\n|\n|t:|1698785120\n|switch|p2a: RNG|Shaymin-Sky|100\/100\n|turn|3\n|\n|t:|1698785123\n|move|p2a: RNG|Air Slash|p1a: Glimmora\n|-resisted|p1a: Glimmora\n|-damage|p1a: Glimmora|76\/100\n|cant|p1a: Glimmora|flinch\n|\n|upkeep\n|turn|4\n|\n|t:|1698785130\n|move|p2a: RNG|Earth Power|p1a: Glimmora\n|-supereffective|p1a: Glimmora\n|-damage|p1a: Glimmora|0 fnt\n|faint|p1a: Glimmora\n|\n|upkeep\n|\n|t:|1698785139\n|switch|p1a: Grimmsnarl|Grimmsnarl, M|100\/100\n|turn|5\n|\n|t:|1698785145\n|move|p1a: Grimmsnarl|Light Screen|p1a: Grimmsnarl\n|-sidestart|p1: ChimeBliss|move: Light Screen\n|move|p2a: RNG|Air Slash|p1a: Grimmsnarl\n|-damage|p1a: Grimmsnarl|87\/100\n|\n|upkeep\n|turn|6\n|\n|t:|1698785153\n|move|p1a: Grimmsnarl|Reflect|p1a: Grimmsnarl\n|-sidestart|p1: ChimeBliss|Reflect\n|move|p2a: RNG|Psychic|p1a: Grimmsnarl\n|-immune|p1a: Grimmsnarl\n|\n|upkeep\n|turn|7\n|\n|t:|1698785160\n|move|p2a: RNG|Giga Drain|p1a: Grimmsnarl\n|-damage|p1a: Grimmsnarl|72\/100\n|move|p1a: Grimmsnarl|Spirit Break|p2a: RNG\n|-damage|p2a: RNG|61\/100\n|-unboost|p2a: RNG|spa|1\n|\n|upkeep\n|turn|8\n|\n|t:|1698785167\n|move|p2a: RNG|Air Slash|p1a: Grimmsnarl\n|-damage|p1a: Grimmsnarl|62\/100\n|cant|p1a: Grimmsnarl|flinch\n|\n|upkeep\n|turn|9\n|\n|t:|1698785171\n|move|p2a: RNG|Air Slash|p1a: Grimmsnarl\n|-crit|p1a: Grimmsnarl\n|-damage|p1a: Grimmsnarl|23\/100\n|cant|p1a: Grimmsnarl|flinch\n|\n|upkeep\n|turn|10\n|\n|t:|1698785176\n|move|p2a: RNG|Air Slash|p1a: Grimmsnarl\n|-damage|p1a: Grimmsnarl|13\/100\n|move|p1a: Grimmsnarl|Spirit Break|p2a: RNG\n|-damage|p2a: RNG|26\/100\n|-unboost|p2a: RNG|spa|1\n|\n|upkeep\n|turn|11\n|\n|t:|1698785182\n|move|p2a: RNG|Air Slash|p1a: Grimmsnarl\n|-crit|p1a: Grimmsnarl\n|-damage|p1a: Grimmsnarl|0 fnt\n|faint|p1a: Grimmsnarl\n|\n|upkeep\n|inactive|ChimeBliss has 120 seconds left.\n|\n|t:|1698785212\n|switch|p1a: Calyrex|Calyrex-Shadow|100\/100\n|-ability|p1a: Calyrex|As One\n|-ability|p1a: Calyrex|Unnerve\n|turn|12\n|\n|t:|1698785218\n|move|p1a: Calyrex|Astral Barrage|p2a: RNG\n|-damage|p2a: RNG|0 fnt\n|faint|p2a: RNG\n|-ability|p1a: Calyrex|Grim Neigh|boost\n|-boost|p1a: Calyrex|spa|1\n|\n|-sideend|p1: ChimeBliss|move: Light Screen\n|upkeep\n|\n|t:|1698785233\n|switch|p2a: Sherman II|Quagsire, M, shiny|100\/100\n|turn|13\n|\n|t:|1698785239\n|move|p1a: Calyrex|Taunt|p2a: Sherman II\n|-start|p2a: Sherman II|move: Taunt\n|cant|p2a: Sherman II|move: Taunt|Toxic\n|\n|-sideend|p1: ChimeBliss|Reflect\n|upkeep\n|turn|14\n|\n|t:|1698785247\n|switch|p2a: :)|Dragonite, M|100\/100\n|move|p1a: Calyrex|Astral Barrage|p2a: :)\n|-damage|p2a: :)|54\/100\n|\n|upkeep\n|turn|15\n|\n|t:|1698785258\n|move|p1a: Calyrex|Draining Kiss|p2a: :)\n|-supereffective|p2a: :)\n|-damage|p2a: :)|0 fnt\n|faint|p2a: :)\n|-ability|p1a: Calyrex|Grim Neigh|boost\n|-boost|p1a: Calyrex|spa|1\n|\n|upkeep\n|\n|t:|1698785261\n|switch|p2a: Monk|Iron Hands|100\/100\n|-enditem|p2a: Monk|Booster Energy\n|-activate|p2a: Monk|ability: Quark Drive|[fromitem]\n|-start|p2a: Monk|quarkdriveatk\n|turn|16\n|\n|t:|1698785267\n|move|p1a: Calyrex|Astral Barrage|p2a: Monk\n|-damage|p2a: Monk|12\/100\n|move|p2a: Monk|Ice Punch|p1a: Calyrex\n|-damage|p1a: Calyrex|62\/100\n|\n|-heal|p1a: Calyrex|68\/100|[from] item: Leftovers\n|upkeep\n|turn|17\n|\n|t:|1698785277\n|move|p1a: Calyrex|Draining Kiss|p2a: Monk\n|-supereffective|p2a: Monk\n|-damage|p2a: Monk|0 fnt\n|-heal|p1a: Calyrex|78\/100|[from] drain|[of] p2a: Monk\n|faint|p2a: Monk\n|-end|p2a: Monk|Quark Drive|[silent]\n|-ability|p1a: Calyrex|Grim Neigh|boost\n|-boost|p1a: Calyrex|spa|1\n|\n|-heal|p1a: Calyrex|84\/100|[from] item: Leftovers\n|upkeep\n|\n|t:|1698785279\n|switch|p2a: Sherman II|Quagsire, M, shiny|100\/100\n|turn|18\n|\n|t:|1698785284\n|move|p1a: Calyrex|Astral Barrage|p2a: Sherman II\n|-crit|p2a: Sherman II\n|-damage|p2a: Sherman II|0 fnt\n|faint|p2a: Sherman II\n|-ability|p1a: Calyrex|Grim Neigh|boost\n|-boost|p1a: Calyrex|spa|1\n|\n|-heal|p1a: Calyrex|90\/100|[from] item: Leftovers\n|upkeep\n|\n|t:|1698785287\n|switch|p2a: free palestine|Basculegion, M|100\/100\n|turn|19\n|\n|t:|1698785290\n|move|p1a: Calyrex|Astral Barrage|p2a: free palestine\n|-supereffective|p2a: free palestine\n|-damage|p2a: free palestine|0 fnt\n|faint|p2a: free palestine\n|\n|win|ChimeBliss\n|raw|ChimeBliss's rating: 1151 &rarr; <strong>1183<\/strong><br \/>(+32 for winning)\n|raw|WinterFoxtrot's rating: 1246 &rarr; <strong>1214<\/strong><br \/>(-32 for losing)\n|l|\u2606WinterFoxtrot\n","uploadtime":1698785293,"views":5,"p1id":"chimebliss","p2id":"winterfoxtrot","formatid":"gen9anythinggoes","rating":1183,"private":0,"password":""}