{"id":"gen9anythinggoes-1979519859","p1":"yans quest","p2":"gengengalixy","format":"[Gen 9] Anything Goes","log":"|j|\u2606yans quest\n|j|\u2606gengengalixy\n|t:|1698689126\n|gametype|singles\n|player|p1|yans quest|266|1000\n|player|p2|gengengalixy|170|1085\n|teamsize|p1|6\n|teamsize|p2|6\n|gen|9\n|tier|[Gen 9] Anything Goes\n|rated|\n|rule|HP Percentage Mod: HP is shown in percentages\n|rule|Endless Battle Clause: Forcing endless battles is banned\n|clearpoke\n|poke|p1|Wooper-Paldea, F|\n|poke|p1|Lechonk, M|\n|poke|p1|Lechonk, M|\n|poke|p1|Lechonk, M|\n|poke|p1|Lechonk, F|\n|poke|p1|Lechonk, M|\n|poke|p2|Umbreon, F|\n|poke|p2|Zoroark, F|\n|poke|p2|Krookodile, F|\n|poke|p2|Muk-Alola, M|\n|poke|p2|Houndoom, F|\n|poke|p2|Hydreigon, M|\n|teampreview\n|\n|t:|1698689135\n|start\n|switch|p1a: Wooper|Wooper-Paldea, F|100\/100\n|switch|p2a: Umbreon|Umbreon, F|100\/100\n|turn|1\n|\n|t:|1698689144\n|-terastallize|p1a: Wooper|Poison\n|move|p2a: Umbreon|Light Screen|p2a: Umbreon\n|-sidestart|p2: gengengalixy|move: Light Screen\n|move|p1a: Wooper|Toxic Spikes|p2a: Umbreon\n|-sidestart|p2: gengengalixy|move: Toxic Spikes\n|\n|upkeep\n|turn|2\n|\n|t:|1698689153\n|move|p2a: Umbreon|Calm Mind|p2a: Umbreon\n|-boost|p2a: Umbreon|spa|1\n|-boost|p2a: Umbreon|spd|1\n|move|p1a: Wooper|Toxic Spikes|p2a: Umbreon\n|-sidestart|p2: gengengalixy|move: Toxic Spikes\n|\n|upkeep\n|turn|3\n|\n|t:|1698689160\n|move|p2a: Umbreon|Thunder Wave|p1a: Wooper\n|-status|p1a: Wooper|par\n|move|p1a: Wooper|Curse|p1a: Wooper\n|-unboost|p1a: Wooper|spe|1\n|-boost|p1a: Wooper|atk|1\n|-boost|p1a: Wooper|def|1\n|\n|upkeep\n|turn|4\n|\n|t:|1698689170\n|move|p2a: Umbreon|Calm Mind|p2a: Umbreon\n|-boost|p2a: Umbreon|spa|1\n|-boost|p2a: Umbreon|spd|1\n|move|p1a: Wooper|Earth Power|p2a: Umbreon\n|-damage|p2a: Umbreon|97\/100\n|\n|-heal|p2a: Umbreon|100\/100|[from] item: Leftovers\n|upkeep\n|turn|5\n|\n|t:|1698689184\n|move|p2a: Umbreon|Calm Mind|p2a: Umbreon\n|-boost|p2a: Umbreon|spa|1\n|-boost|p2a: Umbreon|spd|1\n|move|p1a: Wooper|Chilling Water|p2a: Umbreon\n|-damage|p2a: Umbreon|99\/100\n|-unboost|p2a: Umbreon|atk|1\n|\n|-heal|p2a: Umbreon|100\/100|[from] item: Leftovers\n|-sideend|p2: gengengalixy|move: Light Screen\n|upkeep\n|turn|6\n|\n|t:|1698689194\n|move|p2a: Umbreon|Light Screen|p2a: Umbreon\n|-sidestart|p2: gengengalixy|move: Light Screen\n|move|p1a: Wooper|Chilling Water|p2a: Umbreon\n|-damage|p2a: Umbreon|99\/100\n|-unboost|p2a: Umbreon|atk|1\n|\n|-heal|p2a: Umbreon|100\/100|[from] item: Leftovers\n|upkeep\n|turn|7\n|\n|t:|1698689202\n|move|p2a: Umbreon|Calm Mind|p2a: Umbreon\n|-boost|p2a: Umbreon|spa|1\n|-boost|p2a: Umbreon|spd|1\n|move|p1a: Wooper|Earth Power|p2a: Umbreon\n|-crit|p2a: Umbreon\n|-damage|p2a: Umbreon|80\/100\n|\n|-heal|p2a: Umbreon|86\/100|[from] item: Leftovers\n|upkeep\n|turn|8\n|\n|t:|1698689215\n|move|p2a: Umbreon|Calm Mind|p2a: Umbreon\n|-boost|p2a: Umbreon|spa|1\n|-boost|p2a: Umbreon|spd|1\n|move|p1a: Wooper|Earth Power|p2a: Umbreon\n|-damage|p2a: Umbreon|84\/100\n|\n|-heal|p2a: Umbreon|90\/100|[from] item: Leftovers\n|upkeep\n|turn|9\n|\n|t:|1698689224\n|move|p2a: Umbreon|Calm Mind|p2a: Umbreon\n|-boost|p2a: Umbreon|spa|1\n|-boost|p2a: Umbreon|spd|1\n|cant|p1a: Wooper|par\n|\n|-heal|p2a: Umbreon|96\/100|[from] item: Leftovers\n|upkeep\n|turn|10\n|\n|t:|1698689231\n|move|p2a: Umbreon|Dark Pulse|p1a: Wooper\n|-enditem|p1a: Wooper|Focus Sash\n|-damage|p1a: Wooper|1\/100 par\n|cant|p1a: Wooper|flinch\n|\n|-heal|p2a: Umbreon|100\/100|[from] item: Leftovers\n|-sideend|p2: gengengalixy|move: Light Screen\n|upkeep\n|turn|11\n|\n|t:|1698689240\n|move|p2a: Umbreon|Light Screen|p2a: Umbreon\n|-sidestart|p2: gengengalixy|move: Light Screen\n|cant|p1a: Wooper|par\n|\n|upkeep\n|turn|12\n|\n|t:|1698689245\n|-terastallize|p2a: Umbreon|Dark\n|move|p2a: Umbreon|Dark Pulse|p1a: Wooper\n|-damage|p1a: Wooper|0 fnt\n|faint|p1a: Wooper\n|\n|upkeep\n|\n|t:|1698689251\n|switch|p1a: Lechonk|Lechonk, M|100\/100\n|turn|13\n|\n|t:|1698689255\n|move|p2a: Umbreon|Dark Pulse|p1a: Lechonk\n|-enditem|p1a: Lechonk|Focus Sash\n|-damage|p1a: Lechonk|1\/100\n|move|p1a: Lechonk|Endeavor|p2a: Umbreon\n|-damage|p2a: Umbreon|1\/100\n|\n|-heal|p2a: Umbreon|7\/100|[from] item: Leftovers\n|upkeep\n|turn|14\n|\n|t:|1698689266\n|move|p2a: Umbreon|Dark Pulse|p1a: Lechonk\n|-damage|p1a: Lechonk|0 fnt\n|faint|p1a: Lechonk\n|\n|-heal|p2a: Umbreon|13\/100|[from] item: Leftovers\n|upkeep\n|\n|t:|1698689272\n|switch|p1a: Lechonk|Lechonk, F|100\/100\n|turn|15\n|\n|t:|1698689275\n|move|p2a: Umbreon|Thunder Wave|p1a: Lechonk\n|-status|p1a: Lechonk|par\n|move|p1a: Lechonk|Endeavor|p2a: Umbreon\n|-immune|p2a: Umbreon\n|\n|-heal|p2a: Umbreon|19\/100|[from] item: Leftovers\n|-sideend|p2: gengengalixy|move: Light Screen\n|upkeep\n|turn|16\n|\n|t:|1698689291\n|move|p2a: Umbreon|Light Screen|p2a: Umbreon\n|-sidestart|p2: gengengalixy|move: Light Screen\n|move|p1a: Lechonk|Endeavor|p2a: Umbreon\n|-immune|p2a: Umbreon\n|\n|-heal|p2a: Umbreon|25\/100|[from] item: Leftovers\n|upkeep\n|turn|17\n|\n|t:|1698689303\n|move|p2a: Umbreon|Dark Pulse|p1a: Lechonk\n|-enditem|p1a: Lechonk|Focus Sash\n|-damage|p1a: Lechonk|1\/100 par\n|move|p1a: Lechonk|Endeavor|p2a: Umbreon\n|-damage|p2a: Umbreon|1\/100\n|\n|-heal|p2a: Umbreon|7\/100|[from] item: Leftovers\n|upkeep\n|turn|18\n|\n|t:|1698689312\n|move|p2a: Umbreon|Dark Pulse|p1a: Lechonk\n|-damage|p1a: Lechonk|0 fnt\n|faint|p1a: Lechonk\n|\n|-heal|p2a: Umbreon|13\/100|[from] item: Leftovers\n|upkeep\n|\n|t:|1698689318\n|switch|p1a: Lechonk|Lechonk, M|100\/100\n|turn|19\n|\n|t:|1698689322\n|move|p2a: Umbreon|Thunder Wave|p1a: Lechonk\n|-status|p1a: Lechonk|par\n|cant|p1a: Lechonk|par\n|\n|-heal|p2a: Umbreon|19\/100|[from] item: Leftovers\n|upkeep\n|turn|20\n|\n|t:|1698689329\n|move|p2a: Umbreon|Light Screen||[still]\n|-fail|p2a: Umbreon\n|move|p1a: Lechonk|Endeavor|p2a: Umbreon\n|-immune|p2a: Umbreon\n|\n|-heal|p2a: Umbreon|25\/100|[from] item: Leftovers\n|-sideend|p2: gengengalixy|move: Light Screen\n|upkeep\n|turn|21\n|\n|t:|1698689338\n|move|p2a: Umbreon|Light Screen|p2a: Umbreon\n|-sidestart|p2: gengengalixy|move: Light Screen\n|move|p1a: Lechonk|Endeavor|p2a: Umbreon\n|-immune|p2a: Umbreon\n|\n|-heal|p2a: Umbreon|31\/100|[from] item: Leftovers\n|upkeep\n|turn|22\n|\n|t:|1698689345\n|move|p2a: Umbreon|Dark Pulse|p1a: Lechonk\n|-enditem|p1a: Lechonk|Focus Sash\n|-damage|p1a: Lechonk|1\/100 par\n|move|p1a: Lechonk|Endeavor|p2a: Umbreon\n|-damage|p2a: Umbreon|1\/100\n|\n|-heal|p2a: Umbreon|7\/100|[from] item: Leftovers\n|upkeep\n|turn|23\n|\n|t:|1698689355\n|move|p2a: Umbreon|Dark Pulse|p1a: Lechonk\n|-damage|p1a: Lechonk|0 fnt\n|faint|p1a: Lechonk\n|\n|-heal|p2a: Umbreon|13\/100|[from] item: Leftovers\n|upkeep\n|c|\u2606gengengalixy|gg\n|\n|t:|1698689362\n|switch|p1a: Lechonk|Lechonk, M|100\/100\n|turn|24\n|\n|t:|1698689366\n|move|p2a: Umbreon|Thunder Wave|p1a: Lechonk\n|-status|p1a: Lechonk|par\n|move|p1a: Lechonk|Endeavor|p2a: Umbreon\n|-immune|p2a: Umbreon\n|\n|-heal|p2a: Umbreon|19\/100|[from] item: Leftovers\n|upkeep\n|turn|25\n|-message|yans quest forfeited.\n|\n|win|gengengalixy\n|raw|yans quest's rating: 1000 &rarr; <strong>1000<\/strong><br \/>(+0 for losing)\n|raw|gengengalixy's rating: 1085 &rarr; <strong>1106<\/strong><br \/>(+21 for winning)\n|l|\u2606yans quest\n","uploadtime":1698689375,"views":8,"p1id":"yansquest","p2id":"gengengalixy","formatid":"gen9anythinggoes","rating":1000,"private":0,"password":""}