{"id":"gen9anythinggoes-1999907952","p1":"Slender3008","p2":"Drip_Noobaalt","format":"[Gen 9] Anything Goes","log":"|j|\u2606Slender3008\n|j|\u203dDrip_Noobaalt\n|t:|1701128758\n|gametype|singles\n|player|p1|Slender3008|1|1099\n|player|p2|Drip_Noobaalt|170|1000\n|teamsize|p1|6\n|teamsize|p2|6\n|gen|9\n|tier|[Gen 9] Anything Goes\n|rated|\n|rule|HP Percentage Mod: HP is shown in percentages\n|rule|Endless Battle Clause: Forcing endless battles is banned\n|clearpoke\n|poke|p1|Calyrex-Shadow|\n|poke|p1|Miraidon|\n|poke|p1|Ting-Lu|\n|poke|p1|Landorus-Therian, M|\n|poke|p1|Espathra, F|\n|poke|p1|Arceus|\n|poke|p2|Zacian-*|\n|poke|p2|Ogerpon-Hearthflame, F|\n|poke|p2|Shaymin-Sky|\n|poke|p2|Annihilape, M|\n|poke|p2|Gliscor, M|\n|poke|p2|Spidops, M|\n|teampreview\n|inactive|Battle timer is ON: inactive players will automatically lose when time's up. (requested by Slender3008)\n|inactive|Drip_Noobaalt has 120 seconds left.\n|\n|t:|1701128890\n|start\n|switch|p1a: Landorus|Landorus-Therian, M|100\/100\n|switch|p2a: Spidops|Spidops, M|100\/100\n|-ability|p1a: Landorus|Intimidate|boost\n|-unboost|p2a: Spidops|atk|1\n|turn|1\n|\n|t:|1701128896\n|move|p1a: Landorus|Taunt|p2a: Spidops\n|-start|p2a: Spidops|move: Taunt\n|cant|p2a: Spidops|move: Taunt|Sticky Web\n|\n|upkeep\n|turn|2\n|\n|t:|1701128910\n|switch|p2a: Gliscor|Gliscor, M, shiny|100\/100\n|move|p1a: Landorus|Stealth Rock|p2a: Gliscor\n|-sidestart|p2: Drip_Noobaalt|move: Stealth Rock\n|\n|-status|p2a: Gliscor|tox|[from] item: Toxic Orb\n|upkeep\n|turn|3\n|\n|t:|1701128924\n|move|p2a: Gliscor|Toxic|p1a: Landorus\n|-status|p1a: Landorus|tox\n|move|p1a: Landorus|Taunt|p2a: Gliscor\n|-start|p2a: Gliscor|move: Taunt\n|\n|-damage|p1a: Landorus|94\/100 tox|[from] psn\n|upkeep\n|turn|4\n|l|\u2606Slender3008\n|inactive|Slender3008 disconnected and has a minute to reconnect!\n|player|p1|\n|j|\u2606Slender3008\n|inactive|Slender3008 reconnected and has 130 seconds left.\n|player|p1|Slender3008|1\n|inactive|Slender3008 has 120 seconds left.\n|\n|t:|1701128962\n|move|p2a: Gliscor|Facade|p1a: Landorus\n|-damage|p1a: Landorus|75\/100 tox\n|-damage|p2a: Gliscor|84\/100 tox|[from] item: Rocky Helmet|[of] p1a: Landorus\n|move|p1a: Landorus|U-turn|p2a: Gliscor\n|-resisted|p2a: Gliscor\n|-damage|p2a: Gliscor|76\/100 tox\n|\n|t:|1701128977\n|switch|p1a: Miraidon|Miraidon|100\/100|[from] U-turn\n|-fieldstart|move: Electric Terrain|[from] ability: Hadron Engine|[of] p1a: Miraidon\n|\n|-heal|p2a: Gliscor|88\/100 tox|[from] ability: Poison Heal\n|upkeep\n|turn|5\n|\n|t:|1701128985\n|move|p1a: Miraidon|U-turn|p2a: Gliscor\n|-resisted|p2a: Gliscor\n|-damage|p2a: Gliscor|83\/100 tox\n|\n|t:|1701128989\n|switch|p1a: Espathra|Espathra, F|100\/100|[from] U-turn\n|-enditem|p1a: Espathra|Electric Seed\n|-boost|p1a: Espathra|def|1|[from] item: Electric Seed\n|move|p2a: Gliscor|Earthquake|p1a: Espathra\n|-damage|p1a: Espathra|79\/100\n|\n|-heal|p2a: Gliscor|95\/100 tox|[from] ability: Poison Heal\n|upkeep\n|turn|6\n|\n|t:|1701129009\n|move|p1a: Espathra|Calm Mind|p1a: Espathra\n|-boost|p1a: Espathra|spa|1\n|-boost|p1a: Espathra|spd|1\n|move|p2a: Gliscor|Facade|p1a: Espathra\n|-damage|p1a: Espathra|58\/100\n|\n|-heal|p2a: Gliscor|100\/100 tox|[from] ability: Poison Heal\n|-end|p2a: Gliscor|move: Taunt\n|-ability|p1a: Espathra|Speed Boost|boost\n|-boost|p1a: Espathra|spe|1\n|upkeep\n|turn|7\n|\n|t:|1701129024\n|move|p1a: Espathra|Roost|p1a: Espathra\n|-heal|p1a: Espathra|100\/100\n|-singleturn|p1a: Espathra|move: Roost\n|move|p2a: Gliscor|Toxic|p1a: Espathra\n|-status|p1a: Espathra|tox\n|\n|-damage|p1a: Espathra|95\/100 tox|[from] psn\n|-ability|p1a: Espathra|Speed Boost|boost\n|-boost|p1a: Espathra|spe|1\n|upkeep\n|turn|8\n|\n|t:|1701129033\n|move|p1a: Espathra|Calm Mind|p1a: Espathra\n|-boost|p1a: Espathra|spa|1\n|-boost|p1a: Espathra|spd|1\n|move|p2a: Gliscor|Swords Dance|p2a: Gliscor\n|-boost|p2a: Gliscor|atk|2\n|\n|-damage|p1a: Espathra|83\/100 tox|[from] psn\n|-fieldend|move: Electric Terrain\n|-ability|p1a: Espathra|Speed Boost|boost\n|-boost|p1a: Espathra|spe|1\n|upkeep\n|turn|9\n|\n|t:|1701129045\n|move|p1a: Espathra|Baton Pass|p1a: Espathra\n|\n|t:|1701129047\n|switch|p1a: Calyrex|Calyrex-Shadow|100\/100|[from] Baton Pass\n|-ability|p1a: Calyrex|As One\n|-ability|p1a: Calyrex|Unnerve\n|move|p2a: Gliscor|Facade|p1a: Calyrex\n|-immune|p1a: Calyrex\n|\n|upkeep\n|turn|10\n|\n|t:|1701129055\n|move|p1a: Calyrex|Astral Barrage|p2a: Gliscor\n|-damage|p2a: Gliscor|0 fnt\n|faint|p2a: Gliscor\n|-ability|p1a: Calyrex|Grim Neigh|boost\n|-boost|p1a: Calyrex|spa|1\n|\n|upkeep\n|\n|t:|1701129066\n|switch|p2a: Spidops|Spidops, M|100\/100\n|-damage|p2a: Spidops|76\/100|[from] Stealth Rock\n|turn|11\n|\n|t:|1701129072\n|move|p2a: Spidops|First Impression|p1a: Calyrex\n|-damage|p1a: Calyrex|69\/100\n|move|p1a: Calyrex|Astral Barrage|p2a: Spidops\n|-damage|p2a: Spidops|0 fnt\n|faint|p2a: Spidops\n|-ability|p1a: Calyrex|Grim Neigh|boost\n|-boost|p1a: Calyrex|spa|1\n|\n|upkeep\n|\n|t:|1701129089\n|switch|p2a: Annihilape|Annihilape, M|100\/100\n|-damage|p2a: Annihilape|94\/100|[from] Stealth Rock\n|turn|12\n|\n|t:|1701129101\n|move|p1a: Calyrex|Astral Barrage|p2a: Annihilape\n|-supereffective|p2a: Annihilape\n|-damage|p2a: Annihilape|0 fnt\n|faint|p2a: Annihilape\n|-ability|p1a: Calyrex|Grim Neigh|boost\n|-boost|p1a: Calyrex|spa|1\n|\n|upkeep\n|\n|t:|1701129111\n|switch|p2a: Zacian|Zacian-Crowned|100\/100\n|-damage|p2a: Zacian|94\/100|[from] Stealth Rock\n|-ability|p2a: Zacian|Intrepid Sword|boost\n|-boost|p2a: Zacian|atk|1\n|turn|13\n|\n|t:|1701129119\n|move|p1a: Calyrex|Astral Barrage|p2a: Zacian\n|-damage|p2a: Zacian|0 fnt\n|faint|p2a: Zacian\n|-ability|p1a: Calyrex|Grim Neigh|boost\n|-boost|p1a: Calyrex|spa|1\n|\n|upkeep\n|\n|t:|1701129126\n|switch|p2a: Ogerpon|Ogerpon-Hearthflame, F|100\/100\n|-damage|p2a: Ogerpon|76\/100|[from] Stealth Rock\n|-ability|p2a: Ogerpon|Mold Breaker\n|turn|14\n|l|\u2606Slender3008\n|inactive|Slender3008 disconnected and has a minute to reconnect!\n|player|p1|\n|\n|t:|1701129138\n|-terastallize|p2a: Ogerpon|Fire\n|detailschange|p2a: Ogerpon|Ogerpon-Hearthflame-Tera, F, tera:Fire\n|-ability|p2a: Ogerpon|Embody Aspect (Hearthflame)|boost\n|-boost|p2a: Ogerpon|atk|1\n|move|p1a: Calyrex|Astral Barrage|p2a: Ogerpon\n|-damage|p2a: Ogerpon|0 fnt\n|faint|p2a: Ogerpon\n|\n|upkeep\n|j|\u2606Slender3008\n|inactive|Slender3008 reconnected.\n|player|p1|Slender3008|1\n|\n|t:|1701129148\n|switch|p2a: Shaymin|Shaymin-Sky, shiny|100\/100\n|-damage|p2a: Shaymin|76\/100|[from] Stealth Rock\n|turn|15\n|\n|t:|1701129157\n|-terastallize|p1a: Calyrex|Ghost\n|move|p1a: Calyrex|Astral Barrage|p2a: Shaymin\n|-damage|p2a: Shaymin|0 fnt\n|faint|p2a: Shaymin\n|\n|win|Slender3008\n|raw|Slender3008's rating: 1099 &rarr; <strong>1121<\/strong><br \/>(+22 for winning)\n|raw|Drip_Noobaalt's rating: 1053 &rarr; <strong>1037<\/strong><br \/>(-16 for losing)\n","uploadtime":1701129163,"views":5,"p1id":"slender3008","p2id":"dripnoobaalt","formatid":"gen9anythinggoes","rating":1037,"private":0,"password":""}