{"id":"gen9anythinggoes-1975326006","p1":"Hypocritically!","p2":"gengar--crackers","format":"[Gen 9] Anything Goes","log":"|j|\u2606Hypocritically!\n|j|\u2606gengar--crackers\n|t:|1698180018\n|gametype|singles\n|player|p1|Hypocritically!|backpacker|1474\n|player|p2|gengar--crackers|1|1522\n|teamsize|p1|6\n|teamsize|p2|6\n|gen|9\n|tier|[Gen 9] Anything Goes\n|rated|\n|rule|HP Percentage Mod: HP is shown in percentages\n|rule|Endless Battle Clause: Forcing endless battles is banned\n|clearpoke\n|poke|p1|Orthworm, M|\n|poke|p1|Clodsire, F|\n|poke|p1|Glimmora, F|\n|poke|p1|Garganacl, F|\n|poke|p1|Kingambit, F|\n|poke|p1|Ceruledge, M|\n|poke|p2|Forretress, F|\n|poke|p2|Forretress, M|\n|poke|p2|Giratina|\n|poke|p2|Giratina|\n|poke|p2|Giratina|\n|poke|p2|Giratina|\n|teampreview\n|inactive|Battle timer is ON: inactive players will automatically lose when time's up. (requested by Hypocritically!)\n|\n|t:|1698180029\n|start\n|switch|p1a: Ceruledge|Ceruledge, M, shiny|100\/100\n|switch|p2a: Quick Boi|Forretress, M, shiny|100\/100\n|turn|1\n|\n|t:|1698180035\n|switch|p2a: Freddy Fazbear|Giratina, shiny|100\/100\n|-ability|p2a: Freddy Fazbear|Pressure\n|move|p1a: Ceruledge|Swords Dance|p1a: Ceruledge\n|-boost|p1a: Ceruledge|atk|2\n|\n|upkeep\n|turn|2\n|\n|t:|1698180042\n|move|p1a: Ceruledge|Shadow Sneak|p2a: Freddy Fazbear\n|-supereffective|p2a: Freddy Fazbear\n|-damage|p2a: Freddy Fazbear|53\/100\n|move|p2a: Freddy Fazbear|Shadow Sneak|p1a: Ceruledge\n|-supereffective|p1a: Ceruledge\n|-damage|p1a: Ceruledge|46\/100\n|-ability|p1a: Ceruledge|Weak Armor|boost\n|-unboost|p1a: Ceruledge|def|1\n|-boost|p1a: Ceruledge|spe|2\n|\n|-heal|p2a: Freddy Fazbear|59\/100|[from] item: Leftovers\n|upkeep\n|turn|3\n|\n|t:|1698180053\n|switch|p1a: Glimmora|Glimmora, F, shiny|100\/100\n|move|p2a: Freddy Fazbear|Protect||[still]\n|-fail|p2a: Freddy Fazbear\n|\n|-heal|p2a: Freddy Fazbear|65\/100|[from] item: Leftovers\n|upkeep\n|turn|4\n|\n|t:|1698180062\n|switch|p2a: Quick Boi|Forretress, M, shiny|100\/100\n|move|p1a: Glimmora|Stealth Rock|p2a: Quick Boi\n|-sidestart|p2: gengar--crackers|move: Stealth Rock\n|\n|upkeep\n|turn|5\n|\n|t:|1698180071\n|switch|p1a: Ceruledge|Ceruledge, M, shiny|46\/100\n|move|p2a: Quick Boi|Spikes|p1a: Ceruledge\n|-sidestart|p1: Hypocritically!|Spikes\n|\n|upkeep\n|turn|6\n|\n|t:|1698180077\n|move|p1a: Ceruledge|Bitter Blade|p2a: Quick Boi\n|-supereffective|p2a: Quick Boi\n|-ability|p2a: Quick Boi|Sturdy\n|-damage|p2a: Quick Boi|1\/100\n|-heal|p1a: Ceruledge|100\/100|[from] drain|[of] p2a: Quick Boi\n|-enditem|p2a: Quick Boi|Red Card|[of] p1a: Ceruledge\n|drag|p1a: Orthworm|Orthworm, M, shiny|100\/100\n|-damage|p1a: Orthworm|88\/100|[from] Spikes\n|move|p2a: Quick Boi|Stealth Rock|p1a: Orthworm\n|-sidestart|p1: Hypocritically!|move: Stealth Rock\n|\n|-heal|p1a: Orthworm|94\/100|[from] item: Leftovers\n|upkeep\n|turn|7\n|\n|t:|1698180089\n|switch|p2a: Freddy Fazbear|Giratina, shiny|65\/100\n|-damage|p2a: Freddy Fazbear|53\/100|[from] Stealth Rock\n|-ability|p2a: Freddy Fazbear|Pressure\n|move|p1a: Orthworm|Coil|p1a: Orthworm\n|-boost|p1a: Orthworm|atk|1\n|-boost|p1a: Orthworm|def|1\n|-boost|p1a: Orthworm|accuracy|1\n|\n|-heal|p2a: Freddy Fazbear|59\/100|[from] item: Leftovers\n|-heal|p1a: Orthworm|99\/100|[from] item: Leftovers\n|upkeep\n|turn|8\n|\n|t:|1698180106\n|move|p1a: Orthworm|Coil|p1a: Orthworm\n|-boost|p1a: Orthworm|atk|1\n|-boost|p1a: Orthworm|def|1\n|-boost|p1a: Orthworm|accuracy|1\n|move|p2a: Freddy Fazbear|Dragon Tail|p1a: Orthworm\n|-resisted|p1a: Orthworm\n|-damage|p1a: Orthworm|95\/100\n|drag|p1a: Kingambit|Kingambit, F, shiny|100\/100\n|-damage|p1a: Kingambit|88\/100|[from] Spikes\n|-damage|p1a: Kingambit|82\/100|[from] Stealth Rock\n|\n|-heal|p2a: Freddy Fazbear|65\/100|[from] item: Leftovers\n|upkeep\n|turn|9\n|\n|t:|1698180118\n|move|p1a: Kingambit|Kowtow Cleave|p2a: Freddy Fazbear\n|-supereffective|p2a: Freddy Fazbear\n|-damage|p2a: Freddy Fazbear|13\/100\n|move|p2a: Freddy Fazbear|Dragon Tail|p1a: Kingambit\n|-resisted|p1a: Kingambit\n|-damage|p1a: Kingambit|72\/100\n|-end|p1a: Kingambit|fallenundefined|[silent]\n|drag|p1a: Ceruledge|Ceruledge, M, shiny|100\/100\n|-damage|p1a: Ceruledge|88\/100|[from] Spikes\n|-damage|p1a: Ceruledge|63\/100|[from] Stealth Rock\n|\n|-heal|p2a: Freddy Fazbear|20\/100|[from] item: Leftovers\n|upkeep\n|turn|10\n|\n|t:|1698180129\n|-terastallize|p1a: Ceruledge|Grass\n|move|p2a: Freddy Fazbear|Protect|p2a: Freddy Fazbear\n|-singleturn|p2a: Freddy Fazbear|Protect\n|move|p1a: Ceruledge|Shadow Sneak|p2a: Freddy Fazbear\n|-activate|p2a: Freddy Fazbear|move: Protect\n|\n|-heal|p2a: Freddy Fazbear|26\/100|[from] item: Leftovers\n|upkeep\n|turn|11\n|\n|t:|1698180142\n|switch|p2a: Quick Gal|Forretress, F|100\/100\n|-damage|p2a: Quick Gal|88\/100|[from] Stealth Rock\n|move|p1a: Ceruledge|Bitter Blade|p2a: Quick Gal\n|-supereffective|p2a: Quick Gal\n|-damage|p2a: Quick Gal|0 fnt\n|-heal|p1a: Ceruledge|100\/100|[from] drain|[of] p2a: Quick Gal\n|faint|p2a: Quick Gal\n|\n|upkeep\n|\n|t:|1698180154\n|switch|p2a: Family Guy|Giratina|100\/100\n|-damage|p2a: Family Guy|88\/100|[from] Stealth Rock\n|-ability|p2a: Family Guy|Pressure\n|turn|12\n|\n|t:|1698180161\n|move|p1a: Ceruledge|Swords Dance|p1a: Ceruledge\n|-boost|p1a: Ceruledge|atk|2\n|move|p2a: Family Guy|Dragon Tail|p1a: Ceruledge\n|-damage|p1a: Ceruledge|73\/100\n|-ability|p1a: Ceruledge|Weak Armor|boost\n|-unboost|p1a: Ceruledge|def|1\n|-boost|p1a: Ceruledge|spe|2\n|drag|p1a: Kingambit|Kingambit, F, shiny|72\/100\n|-damage|p1a: Kingambit|60\/100|[from] Spikes\n|-damage|p1a: Kingambit|54\/100|[from] Stealth Rock\n|\n|-heal|p2a: Family Guy|94\/100|[from] item: Leftovers\n|upkeep\n|turn|13\n|\n|t:|1698180173\n|move|p1a: Kingambit|Kowtow Cleave|p2a: Family Guy\n|-supereffective|p2a: Family Guy\n|-damage|p2a: Family Guy|42\/100\n|move|p2a: Family Guy|Dragon Tail|p1a: Kingambit\n|-resisted|p1a: Kingambit\n|-damage|p1a: Kingambit|46\/100\n|-end|p1a: Kingambit|fallenundefined|[silent]\n|drag|p1a: Garganacl|Garganacl, F, shiny|100\/100\n|-damage|p1a: Garganacl|88\/100|[from] Spikes\n|-damage|p1a: Garganacl|76\/100|[from] Stealth Rock\n|\n|-heal|p2a: Family Guy|48\/100|[from] item: Leftovers\n|upkeep\n|turn|14\n|\n|t:|1698180185\n|move|p2a: Family Guy|Rest|p2a: Family Guy\n|-status|p2a: Family Guy|slp|[from] move: Rest\n|-heal|p2a: Family Guy|100\/100 slp|[silent]\n|move|p1a: Garganacl|Salt Cure|p2a: Family Guy\n|-damage|p2a: Family Guy|92\/100 slp\n|-start|p2a: Family Guy|Salt Cure\n|\n|-heal|p2a: Family Guy|98\/100 slp|[from] item: Leftovers\n|-damage|p2a: Family Guy|86\/100 slp|[from] Salt Cure\n|upkeep\n|turn|15\n|\n|t:|1698180203\n|move|p1a: Garganacl|Iron Defense|p1a: Garganacl\n|-boost|p1a: Garganacl|def|2\n|cant|p2a: Family Guy|slp\n|\n|-heal|p2a: Family Guy|92\/100 slp|[from] item: Leftovers\n|-damage|p2a: Family Guy|79\/100 slp|[from] Salt Cure\n|upkeep\n|turn|16\n|\n|t:|1698180212\n|move|p1a: Garganacl|Iron Defense|p1a: Garganacl\n|-boost|p1a: Garganacl|def|2\n|cant|p2a: Family Guy|slp\n|\n|-heal|p2a: Family Guy|86\/100 slp|[from] item: Leftovers\n|-damage|p2a: Family Guy|73\/100 slp|[from] Salt Cure\n|upkeep\n|turn|17\n|\n|t:|1698180219\n|move|p1a: Garganacl|Salt Cure|p2a: Family Guy\n|-damage|p2a: Family Guy|65\/100 slp\n|-curestatus|p2a: Family Guy|slp|[msg]\n|move|p2a: Family Guy|Dragon Tail|p1a: Garganacl\n|-damage|p1a: Garganacl|71\/100\n|drag|p1a: Kingambit|Kingambit, F, shiny|46\/100\n|-damage|p1a: Kingambit|33\/100|[from] Spikes\n|-damage|p1a: Kingambit|27\/100|[from] Stealth Rock\n|\n|-heal|p2a: Family Guy|72\/100|[from] item: Leftovers\n|-damage|p2a: Family Guy|59\/100|[from] Salt Cure\n|upkeep\n|turn|18\n|\n|t:|1698180237\n|switch|p2a: Quick Boi|Forretress, M, shiny|1\/100\n|-damage|p2a: Quick Boi|0 fnt|[from] Stealth Rock\n|faint|p2a: Quick Boi\n|move|p1a: Kingambit|Kowtow Cleave|p2: Quick Boi|[notarget]\n|-fail|p1a: Kingambit\n|\n|upkeep\n|\n|t:|1698180245\n|switch|p2a: Big Chungus|Giratina|100\/100\n|-damage|p2a: Big Chungus|88\/100|[from] Stealth Rock\n|-ability|p2a: Big Chungus|Pressure\n|turn|19\n|\n|t:|1698180251\n|move|p2a: Big Chungus|Protect|p2a: Big Chungus\n|-singleturn|p2a: Big Chungus|Protect\n|move|p1a: Kingambit|Kowtow Cleave|p2a: Big Chungus\n|-activate|p2a: Big Chungus|move: Protect\n|\n|-heal|p2a: Big Chungus|94\/100|[from] item: Leftovers\n|upkeep\n|turn|20\n|\n|t:|1698180258\n|move|p1a: Kingambit|Kowtow Cleave|p2a: Big Chungus\n|-supereffective|p2a: Big Chungus\n|-damage|p2a: Big Chungus|40\/100\n|move|p2a: Big Chungus|Dragon Tail|p1a: Kingambit\n|-resisted|p1a: Kingambit\n|-damage|p1a: Kingambit|19\/100\n|-end|p1a: Kingambit|fallenundefined|[silent]\n|drag|p1a: Orthworm|Orthworm, M, shiny|95\/100\n|-damage|p1a: Orthworm|83\/100|[from] Spikes\n|-damage|p1a: Orthworm|77\/100|[from] Stealth Rock\n|\n|-heal|p2a: Big Chungus|46\/100|[from] item: Leftovers\n|-heal|p1a: Orthworm|83\/100|[from] item: Leftovers\n|upkeep\n|turn|21\n|\n|t:|1698180270\n|move|p1a: Orthworm|Coil|p1a: Orthworm\n|-boost|p1a: Orthworm|atk|1\n|-boost|p1a: Orthworm|def|1\n|-boost|p1a: Orthworm|accuracy|1\n|move|p2a: Big Chungus|Dragon Tail|p1a: Orthworm\n|-resisted|p1a: Orthworm\n|-damage|p1a: Orthworm|78\/100\n|drag|p1a: Glimmora|Glimmora, F, shiny|100\/100\n|-damage|p1a: Glimmora|88\/100|[from] Spikes\n|-damage|p1a: Glimmora|76\/100|[from] Stealth Rock\n|\n|-heal|p1a: Glimmora|82\/100|[from] item: Black Sludge\n|-heal|p2a: Big Chungus|52\/100|[from] item: Leftovers\n|upkeep\n|turn|22\n|\n|t:|1698180282\n|move|p1a: Glimmora|Power Gem|p2a: Big Chungus\n|-damage|p2a: Big Chungus|35\/100\n|move|p2a: Big Chungus|Dragon Tail|p1a: Glimmora\n|-damage|p1a: Glimmora|61\/100\n|-activate|p1a: Glimmora|ability: Toxic Debris\n|-sidestart|p2: gengar--crackers|move: Toxic Spikes\n|drag|p1a: Clodsire|Clodsire, F, shiny|100\/100\n|-damage|p1a: Clodsire|88\/100|[from] Spikes\n|-damage|p1a: Clodsire|82\/100|[from] Stealth Rock\n|\n|-heal|p2a: Big Chungus|41\/100|[from] item: Leftovers\n|upkeep\n|turn|23\n|\n|t:|1698180295\n|move|p2a: Big Chungus|Protect|p2a: Big Chungus\n|-singleturn|p2a: Big Chungus|Protect\n|move|p1a: Clodsire|Toxic|p2a: Big Chungus\n|-activate|p2a: Big Chungus|move: Protect\n|\n|-heal|p2a: Big Chungus|48\/100|[from] item: Leftovers\n|upkeep\n|turn|24\n|\n|t:|1698180305\n|move|p1a: Clodsire|Toxic|p2a: Big Chungus\n|-status|p2a: Big Chungus|tox\n|move|p2a: Big Chungus|Dragon Tail|p1a: Clodsire\n|-damage|p1a: Clodsire|56\/100\n|-damage|p2a: Big Chungus|31\/100 tox|[from] item: Rocky Helmet|[of] p1a: Clodsire\n|drag|p1a: Ceruledge|Ceruledge, M, shiny, tera:Grass|73\/100\n|-damage|p1a: Ceruledge|61\/100|[from] Spikes\n|-damage|p1a: Ceruledge|49\/100|[from] Stealth Rock\n|\n|-heal|p2a: Big Chungus|37\/100 tox|[from] item: Leftovers\n|-damage|p2a: Big Chungus|31\/100 tox|[from] psn\n|upkeep\n|turn|25\n|\n|t:|1698180321\n|move|p2a: Big Chungus|Protect|p2a: Big Chungus\n|-singleturn|p2a: Big Chungus|Protect\n|move|p1a: Ceruledge|Bitter Blade|p2a: Big Chungus\n|-activate|p2a: Big Chungus|move: Protect\n|\n|-heal|p2a: Big Chungus|37\/100 tox|[from] item: Leftovers\n|-damage|p2a: Big Chungus|25\/100 tox|[from] psn\n|upkeep\n|turn|26\n|\n|t:|1698180329\n|move|p1a: Ceruledge|Bitter Blade|p2a: Big Chungus\n|-resisted|p2a: Big Chungus\n|-damage|p2a: Big Chungus|12\/100 tox\n|-heal|p1a: Ceruledge|59\/100|[from] drain|[of] p2a: Big Chungus\n|move|p2a: Big Chungus|Rest|p2a: Big Chungus\n|-status|p2a: Big Chungus|slp|[from] move: Rest\n|-heal|p2a: Big Chungus|100\/100 slp|[silent]\n|\n|upkeep\n|turn|27\n|\n|t:|1698180339\n|cant|p2a: Big Chungus|slp\n|move|p1a: Ceruledge|Swords Dance|p1a: Ceruledge\n|-boost|p1a: Ceruledge|atk|2\n|\n|upkeep\n|turn|28\n|\n|t:|1698180344\n|cant|p2a: Big Chungus|slp\n|move|p1a: Ceruledge|Swords Dance|p1a: Ceruledge\n|-boost|p1a: Ceruledge|atk|2\n|\n|upkeep\n|turn|29\n|\n|t:|1698180348\n|move|p1a: Ceruledge|Bitter Blade|p2a: Big Chungus\n|-resisted|p2a: Big Chungus\n|-damage|p2a: Big Chungus|64\/100 slp\n|-heal|p1a: Ceruledge|91\/100|[from] drain|[of] p2a: Big Chungus\n|-curestatus|p2a: Big Chungus|slp|[msg]\n|move|p2a: Big Chungus|Dragon Tail|p1a: Ceruledge\n|-damage|p1a: Ceruledge|62\/100\n|-ability|p1a: Ceruledge|Weak Armor|boost\n|-unboost|p1a: Ceruledge|def|1\n|-boost|p1a: Ceruledge|spe|2\n|drag|p1a: Kingambit|Kingambit, F, shiny|19\/100\n|-damage|p1a: Kingambit|7\/100|[from] Spikes\n|-damage|p1a: Kingambit|1\/100|[from] Stealth Rock\n|\n|-heal|p2a: Big Chungus|70\/100|[from] item: Leftovers\n|upkeep\n|turn|30\n|\n|t:|1698180364\n|move|p1a: Kingambit|Kowtow Cleave|p2a: Big Chungus\n|-supereffective|p2a: Big Chungus\n|-damage|p2a: Big Chungus|20\/100\n|move|p2a: Big Chungus|Dragon Tail|p1a: Kingambit\n|-resisted|p1a: Kingambit\n|-damage|p1a: Kingambit|0 fnt\n|faint|p1a: Kingambit\n|-end|p1a: Kingambit|fallenundefined|[silent]\n|\n|-heal|p2a: Big Chungus|26\/100|[from] item: Leftovers\n|upkeep\n|\n|t:|1698180380\n|switch|p1a: Orthworm|Orthworm, M, shiny|78\/100\n|-damage|p1a: Orthworm|66\/100|[from] Spikes\n|-damage|p1a: Orthworm|60\/100|[from] Stealth Rock\n|turn|31\n|\n|t:|1698180390\n|switch|p2a: Freddy Fazbear|Giratina, shiny|26\/100\n|-damage|p2a: Freddy Fazbear|13\/100|[from] Stealth Rock\n|-status|p2a: Freddy Fazbear|psn\n|-ability|p2a: Freddy Fazbear|Pressure\n|move|p1a: Orthworm|Iron Tail|p2a: Freddy Fazbear\n|-damage|p2a: Freddy Fazbear|0 fnt\n|faint|p2a: Freddy Fazbear\n|\n|-heal|p1a: Orthworm|66\/100|[from] item: Leftovers\n|upkeep\n|\n|t:|1698180401\n|switch|p2a: Family Guy|Giratina|59\/100\n|-damage|p2a: Family Guy|47\/100|[from] Stealth Rock\n|-status|p2a: Family Guy|psn\n|-ability|p2a: Family Guy|Pressure\n|turn|32\n|\n|t:|1698180409\n|move|p2a: Family Guy|Rest|p2a: Family Guy\n|-status|p2a: Family Guy|slp|[from] move: Rest\n|-heal|p2a: Family Guy|100\/100 slp|[silent]\n|move|p1a: Orthworm|Coil|p1a: Orthworm\n|-boost|p1a: Orthworm|atk|1\n|-boost|p1a: Orthworm|def|1\n|-boost|p1a: Orthworm|accuracy|1\n|\n|-heal|p1a: Orthworm|72\/100|[from] item: Leftovers\n|upkeep\n|turn|33\n|\n|t:|1698180417\n|move|p1a: Orthworm|Coil|p1a: Orthworm\n|-boost|p1a: Orthworm|atk|1\n|-boost|p1a: Orthworm|def|1\n|-boost|p1a: Orthworm|accuracy|1\n|cant|p2a: Family Guy|slp\n|\n|-heal|p1a: Orthworm|78\/100|[from] item: Leftovers\n|upkeep\n|turn|34\n|\n|t:|1698180424\n|move|p1a: Orthworm|Iron Tail|p2a: Family Guy\n|-damage|p2a: Family Guy|57\/100 slp\n|-unboost|p2a: Family Guy|def|1\n|cant|p2a: Family Guy|slp\n|\n|-heal|p2a: Family Guy|63\/100 slp|[from] item: Leftovers\n|-heal|p1a: Orthworm|84\/100|[from] item: Leftovers\n|upkeep\n|turn|35\n|\n|t:|1698180433\n|-curestatus|p2a: Family Guy|slp|[msg]\n|move|p2a: Family Guy|Protect|p2a: Family Guy\n|-singleturn|p2a: Family Guy|Protect\n|move|p1a: Orthworm|Iron Tail|p2a: Family Guy\n|-activate|p2a: Family Guy|move: Protect\n|\n|-heal|p2a: Family Guy|69\/100|[from] item: Leftovers\n|-heal|p1a: Orthworm|90\/100|[from] item: Leftovers\n|upkeep\n|turn|36\n|\n|t:|1698180442\n|move|p1a: Orthworm|Iron Tail|p2a: Family Guy\n|-damage|p2a: Family Guy|10\/100\n|move|p2a: Family Guy|Dragon Tail|p1a: Orthworm\n|-resisted|p1a: Orthworm\n|-damage|p1a: Orthworm|87\/100\n|drag|p1a: Glimmora|Glimmora, F, shiny|61\/100\n|-damage|p1a: Glimmora|49\/100|[from] Spikes\n|-damage|p1a: Glimmora|36\/100|[from] Stealth Rock\n|\n|-heal|p1a: Glimmora|43\/100|[from] item: Black Sludge\n|-heal|p2a: Family Guy|16\/100|[from] item: Leftovers\n|upkeep\n|turn|37\n|\n|t:|1698180453\n|move|p2a: Family Guy|Protect|p2a: Family Guy\n|-singleturn|p2a: Family Guy|Protect\n|move|p1a: Glimmora|Power Gem|p2a: Family Guy\n|-activate|p2a: Family Guy|move: Protect\n|\n|-heal|p1a: Glimmora|49\/100|[from] item: Black Sludge\n|-heal|p2a: Family Guy|23\/100|[from] item: Leftovers\n|upkeep\n|turn|38\n|\n|t:|1698180461\n|move|p1a: Glimmora|Power Gem|p2a: Family Guy\n|-damage|p2a: Family Guy|4\/100\n|move|p2a: Family Guy|Rest|p2a: Family Guy\n|-status|p2a: Family Guy|slp|[from] move: Rest\n|-heal|p2a: Family Guy|100\/100 slp|[silent]\n|\n|-heal|p1a: Glimmora|55\/100|[from] item: Black Sludge\n|upkeep\n|turn|39\n|\n|t:|1698180478\n|switch|p2a: Big Chungus|Giratina|26\/100\n|-damage|p2a: Big Chungus|14\/100|[from] Stealth Rock\n|-status|p2a: Big Chungus|psn\n|-ability|p2a: Big Chungus|Pressure\n|move|p1a: Glimmora|Spiky Shield||[still]\n|-fail|p1a: Glimmora\n|\n|-heal|p1a: Glimmora|61\/100|[from] item: Black Sludge\n|-heal|p2a: Big Chungus|20\/100 psn|[from] item: Leftovers\n|-damage|p2a: Big Chungus|7\/100 psn|[from] psn\n|upkeep\n|turn|40\n|\n|t:|1698180490\n|move|p1a: Glimmora|Power Gem|p2a: Big Chungus\n|-damage|p2a: Big Chungus|0 fnt\n|faint|p2a: Big Chungus\n|\n|-heal|p1a: Glimmora|67\/100|[from] item: Black Sludge\n|upkeep\n|\n|t:|1698180496\n|switch|p2a: Tony Soprano|Giratina|100\/100\n|-damage|p2a: Tony Soprano|88\/100|[from] Stealth Rock\n|-status|p2a: Tony Soprano|psn\n|-ability|p2a: Tony Soprano|Pressure\n|turn|41\n|\n|t:|1698180507\n|move|p1a: Glimmora|Spiky Shield|p1a: Glimmora\n|-singleturn|p1a: Glimmora|move: Protect\n|move|p2a: Tony Soprano|Earthquake|p1a: Glimmora\n|-activate|p1a: Glimmora|move: Protect\n|\n|-heal|p1a: Glimmora|73\/100|[from] item: Black Sludge\n|-heal|p2a: Tony Soprano|94\/100 psn|[from] item: Leftovers\n|-damage|p2a: Tony Soprano|82\/100 psn|[from] psn\n|upkeep\n|turn|42\n|\n|t:|1698180519\n|switch|p1a: Orthworm|Orthworm, M, shiny|87\/100\n|-damage|p1a: Orthworm|74\/100|[from] Spikes\n|-damage|p1a: Orthworm|68\/100|[from] Stealth Rock\n|move|p2a: Tony Soprano|Earthquake|p1a: Orthworm\n|-heal|p1a: Orthworm|93\/100|[from] ability: Earth Eater|[of] p2a: Tony Soprano\n|\n|-heal|p2a: Tony Soprano|88\/100 psn|[from] item: Leftovers\n|-heal|p1a: Orthworm|99\/100|[from] item: Leftovers\n|-damage|p2a: Tony Soprano|75\/100 psn|[from] psn\n|upkeep\n|turn|43\n|\n|t:|1698180531\n|move|p1a: Orthworm|Coil|p1a: Orthworm\n|-boost|p1a: Orthworm|atk|1\n|-boost|p1a: Orthworm|def|1\n|-boost|p1a: Orthworm|accuracy|1\n|move|p2a: Tony Soprano|Dragon Tail|p1a: Orthworm\n|-resisted|p1a: Orthworm\n|-damage|p1a: Orthworm|95\/100\n|drag|p1a: Glimmora|Glimmora, F, shiny|73\/100\n|-damage|p1a: Glimmora|61\/100|[from] Spikes\n|-damage|p1a: Glimmora|49\/100|[from] Stealth Rock\n|\n|-heal|p1a: Glimmora|55\/100|[from] item: Black Sludge\n|-heal|p2a: Tony Soprano|81\/100 psn|[from] item: Leftovers\n|-damage|p2a: Tony Soprano|69\/100 psn|[from] psn\n|upkeep\n|turn|44\n|\n|t:|1698180545\n|move|p1a: Glimmora|Spiky Shield|p1a: Glimmora\n|-singleturn|p1a: Glimmora|move: Protect\n|move|p2a: Tony Soprano|Dragon Tail|p1a: Glimmora\n|-activate|p1a: Glimmora|move: Protect\n|-damage|p2a: Tony Soprano|56\/100 psn|[from] Spiky Shield|[of] p1a: Glimmora\n|\n|-heal|p1a: Glimmora|61\/100|[from] item: Black Sludge\n|-heal|p2a: Tony Soprano|63\/100 psn|[from] item: Leftovers\n|-damage|p2a: Tony Soprano|50\/100 psn|[from] psn\n|upkeep\n|turn|45\n|\n|t:|1698180557\n|move|p1a: Glimmora|Power Gem|p2a: Tony Soprano\n|-damage|p2a: Tony Soprano|32\/100 psn\n|move|p2a: Tony Soprano|Dragon Tail|p1a: Glimmora\n|-damage|p1a: Glimmora|39\/100\n|-activate|p1a: Glimmora|ability: Toxic Debris\n|-sidestart|p2: gengar--crackers|move: Toxic Spikes\n|drag|p1a: Garganacl|Garganacl, F, shiny|71\/100\n|-damage|p1a: Garganacl|59\/100|[from] Spikes\n|-damage|p1a: Garganacl|47\/100|[from] Stealth Rock\n|\n|-heal|p2a: Tony Soprano|38\/100 psn|[from] item: Leftovers\n|-damage|p2a: Tony Soprano|25\/100 psn|[from] psn\n|upkeep\n|turn|46\n|\n|t:|1698180570\n|move|p2a: Tony Soprano|Earthquake|p1a: Garganacl\n|-supereffective|p1a: Garganacl\n|-damage|p1a: Garganacl|20\/100\n|move|p1a: Garganacl|Salt Cure|p2a: Tony Soprano\n|-damage|p2a: Tony Soprano|17\/100 psn\n|-start|p2a: Tony Soprano|Salt Cure\n|\n|-heal|p2a: Tony Soprano|23\/100 psn|[from] item: Leftovers\n|-damage|p2a: Tony Soprano|11\/100 psn|[from] psn\n|-damage|p2a: Tony Soprano|0 fnt|[from] Salt Cure\n|faint|p2a: Tony Soprano\n|upkeep\n|-message|gengar--crackers forfeited.\n|\n|win|Hypocritically!\n|raw|Hypocritically!'s rating: 1474 &rarr; <strong>1497<\/strong><br \/>(+23 for winning)\n|raw|gengar--crackers's rating: 1522 &rarr; <strong>1499<\/strong><br \/>(-23 for losing)\n|l|\u2606gengar--crackers\n","uploadtime":1698180585,"views":5,"p1id":"hypocritically","p2id":"gengarcrackers","formatid":"gen9anythinggoes","rating":1497,"private":0,"password":""}