{"id":"gen9anythinggoes-1983257801","p1":"lazotep","p2":"cxnnxrw","format":"[Gen 9] Anything Goes","log":"|j|\u2606lazotep\n|j|\u2606cxnnxrw\n|t:|1699111260\n|gametype|singles\n|player|p1|lazotep|hilbert|1247\n|player|p2|cxnnxrw|2|1287\n|teamsize|p1|6\n|teamsize|p2|6\n|gen|9\n|tier|[Gen 9] Anything Goes\n|rated|\n|rule|HP Percentage Mod: HP is shown in percentages\n|rule|Endless Battle Clause: Forcing endless battles is banned\n|clearpoke\n|poke|p1|Calyrex-Shadow|\n|poke|p1|Gliscor, F|\n|poke|p1|Kingambit, M|\n|poke|p1|Glimmora, F|\n|poke|p1|Ting-Lu|\n|poke|p1|Iron Valiant|\n|poke|p2|Skeledirge, F|\n|poke|p2|Iron Valiant|\n|poke|p2|Tinkaton, F|\n|poke|p2|Veluza, F|\n|poke|p2|Baxcalibur, F|\n|poke|p2|Kingambit, F|\n|teampreview\n|inactive|Battle timer is ON: inactive players will automatically lose when time's up. (requested by lazotep)\n|\n|t:|1699111270\n|start\n|switch|p1a: Glimmora|Glimmora, F|100\/100\n|switch|p2a: Baxcalibur|Baxcalibur, F|100\/100\n|turn|1\n|\n|t:|1699111286\n|move|p1a: Glimmora|Mortal Spin|p2a: Baxcalibur\n|-damage|p2a: Baxcalibur|92\/100\n|-status|p2a: Baxcalibur|psn\n|move|p2a: Baxcalibur|Dragon Dance|p2a: Baxcalibur\n|-boost|p2a: Baxcalibur|atk|1\n|-boost|p2a: Baxcalibur|spe|1\n|\n|-damage|p2a: Baxcalibur|79\/100 psn|[from] psn\n|upkeep\n|turn|2\n|\n|t:|1699111299\n|move|p2a: Baxcalibur|Earthquake|p1a: Glimmora\n|-supereffective|p1a: Glimmora\n|-enditem|p1a: Glimmora|Focus Sash\n|-damage|p1a: Glimmora|1\/100\n|-activate|p1a: Glimmora|ability: Toxic Debris\n|-sidestart|p2: cxnnxrw|move: Toxic Spikes\n|move|p1a: Glimmora|Stealth Rock|p2a: Baxcalibur\n|-sidestart|p2: cxnnxrw|move: Stealth Rock\n|\n|-damage|p2a: Baxcalibur|67\/100 psn|[from] psn\n|upkeep\n|turn|3\n|\n|t:|1699111311\n|switch|p1a: Gliscor|Gliscor, F|100\/100\n|move|p2a: Baxcalibur|Dragon Dance|p2a: Baxcalibur\n|-boost|p2a: Baxcalibur|atk|1\n|-boost|p2a: Baxcalibur|spe|1\n|\n|-damage|p2a: Baxcalibur|54\/100 psn|[from] psn\n|-status|p1a: Gliscor|tox|[from] item: Toxic Orb\n|upkeep\n|turn|4\n|\n|t:|1699111325\n|move|p2a: Baxcalibur|Icicle Spear|p1a: Gliscor\n|-supereffective|p1a: Gliscor\n|-damage|p1a: Gliscor|0 fnt\n|faint|p1a: Gliscor\n|-hitcount|p1: Gliscor|1\n|\n|-damage|p2a: Baxcalibur|42\/100 psn|[from] psn\n|upkeep\n|\n|t:|1699111331\n|switch|p1a: Ting-Lu|Ting-Lu|100\/100\n|-ability|p1a: Ting-Lu|Vessel of Ruin\n|turn|5\n|\n|t:|1699111347\n|-terastallize|p1a: Ting-Lu|Steel\n|move|p2a: Baxcalibur|Icicle Spear|p1a: Ting-Lu\n|-resisted|p1a: Ting-Lu\n|-damage|p1a: Ting-Lu|94\/100\n|-resisted|p1a: Ting-Lu\n|-crit|p1a: Ting-Lu\n|-damage|p1a: Ting-Lu|84\/100\n|-resisted|p1a: Ting-Lu\n|-damage|p1a: Ting-Lu|77\/100\n|-resisted|p1a: Ting-Lu\n|-damage|p1a: Ting-Lu|70\/100\n|-resisted|p1a: Ting-Lu\n|-damage|p1a: Ting-Lu|63\/100\n|-hitcount|p1a: Ting-Lu|5\n|move|p1a: Ting-Lu|Stomping Tantrum|p2a: Baxcalibur\n|-damage|p2a: Baxcalibur|15\/100 psn\n|\n|-damage|p2a: Baxcalibur|2\/100 psn|[from] psn\n|upkeep\n|turn|6\n|\n|t:|1699111363\n|move|p1a: Ting-Lu|Protect|p1a: Ting-Lu\n|-singleturn|p1a: Ting-Lu|Protect\n|move|p2a: Baxcalibur|Earthquake|p1a: Ting-Lu\n|-activate|p1a: Ting-Lu|move: Protect\n|\n|-damage|p2a: Baxcalibur|0 fnt|[from] psn\n|faint|p2a: Baxcalibur\n|upkeep\n|inactive|cxnnxrw has 120 seconds left.\n|\n|t:|1699111388\n|switch|p2a: Skeledirge|Skeledirge, F|100\/100\n|-status|p2a: Skeledirge|psn\n|-damage|p2a: Skeledirge|75\/100 psn|[from] Stealth Rock\n|turn|7\n|inactive|cxnnxrw has 120 seconds left.\n|\n|t:|1699111395\n|move|p2a: Skeledirge|Torch Song|p1a: Ting-Lu\n|-supereffective|p1a: Ting-Lu\n|-damage|p1a: Ting-Lu|25\/100\n|-boost|p2a: Skeledirge|spa|1\n|move|p1a: Ting-Lu|Ruination|p2a: Skeledirge\n|-damage|p2a: Skeledirge|38\/100 psn\n|\n|-heal|p2a: Skeledirge|44\/100 psn|[from] item: Leftovers\n|-damage|p2a: Skeledirge|32\/100 psn|[from] psn\n|upkeep\n|turn|8\n|inactive|cxnnxrw has 120 seconds left.\n|\n|t:|1699111412\n|move|p1a: Ting-Lu|Protect|p1a: Ting-Lu\n|-singleturn|p1a: Ting-Lu|Protect\n|move|p2a: Skeledirge|Torch Song|p1a: Ting-Lu\n|-activate|p1a: Ting-Lu|move: Protect\n|\n|-heal|p2a: Skeledirge|38\/100 psn|[from] item: Leftovers\n|-damage|p2a: Skeledirge|25\/100 psn|[from] psn\n|upkeep\n|turn|9\n|inactive|cxnnxrw has 120 seconds left.\n|inactive|cxnnxrw has 90 seconds left.\n|l|\u2606cxnnxrw\n|inactive|cxnnxrw disconnected and has a minute to reconnect!\n|player|p2|\n|inactive|cxnnxrw has 30 seconds to reconnect!\n|j|\u2606cxnnxrw\n|inactive|cxnnxrw reconnected and has 55 seconds left.\n|player|p2|cxnnxrw|2\n|\n|t:|1699111484\n|move|p2a: Skeledirge|Torch Song|p1a: Ting-Lu\n|-supereffective|p1a: Ting-Lu\n|-damage|p1a: Ting-Lu|0 fnt\n|-boost|p2a: Skeledirge|spa|1\n|faint|p1a: Ting-Lu\n|\n|-heal|p2a: Skeledirge|32\/100 psn|[from] item: Leftovers\n|-damage|p2a: Skeledirge|19\/100 psn|[from] psn\n|upkeep\n|\n|t:|1699111494\n|switch|p1a: Glimmora|Glimmora, F|1\/100\n|turn|10\n|\n|t:|1699111501\n|move|p1a: Glimmora|Mortal Spin|p2a: Skeledirge\n|-resisted|p2a: Skeledirge\n|-damage|p2a: Skeledirge|16\/100 psn\n|move|p2a: Skeledirge|Earth Power|p1a: Glimmora\n|-supereffective|p1a: Glimmora\n|-damage|p1a: Glimmora|0 fnt\n|faint|p1a: Glimmora\n|\n|-heal|p2a: Skeledirge|22\/100 psn|[from] item: Leftovers\n|-damage|p2a: Skeledirge|10\/100 psn|[from] psn\n|upkeep\n|\n|t:|1699111512\n|switch|p1a: Calyrex|Calyrex-Shadow|100\/100\n|-ability|p1a: Calyrex|As One\n|-ability|p1a: Calyrex|Unnerve\n|turn|11\n|\n|t:|1699111518\n|move|p1a: Calyrex|Hex|p2a: Skeledirge\n|-supereffective|p2a: Skeledirge\n|-damage|p2a: Skeledirge|0 fnt\n|faint|p2a: Skeledirge\n|-ability|p1a: Calyrex|Grim Neigh|boost\n|-boost|p1a: Calyrex|spa|1\n|\n|upkeep\n|\n|t:|1699111527\n|switch|p2a: Kingambit|Kingambit, F|100\/100\n|-damage|p2a: Kingambit|94\/100|[from] Stealth Rock\n|-activate|p2a: Kingambit|ability: Supreme Overlord\n|-start|p2a: Kingambit|fallen2|[silent]\n|turn|12\n|\n|t:|1699111540\n|switch|p1a: Iron Valiant|Iron Valiant|100\/100\n|move|p2a: Kingambit|Sucker Punch||[still]\n|-fail|p2a: Kingambit\n|\n|upkeep\n|turn|13\n|\n|t:|1699111551\n|-end|p2a: Kingambit|fallen2|[silent]\n|switch|p2a: Tinkaton|Tinkaton, F|100\/100\n|move|p1a: Iron Valiant|Close Combat|p2a: Tinkaton\n|-crit|p2a: Tinkaton\n|-damage|p2a: Tinkaton|0 fnt\n|-unboost|p1a: Iron Valiant|def|1\n|-unboost|p1a: Iron Valiant|spd|1\n|faint|p2a: Tinkaton\n|\n|upkeep\n|inactive|cxnnxrw has 60 seconds left.\n|l|\u2606cxnnxrw\n|inactive|cxnnxrw disconnected and has a minute to reconnect!\n|player|p2|\n|inactive|cxnnxrw has 30 seconds left.\n|j|\u2606cxnnxrw\n|inactive|cxnnxrw reconnected and has 30 seconds left.\n|player|p2|cxnnxrw|2\n|inactive|cxnnxrw has 20 seconds left.\n|\n|t:|1699111617\n|switch|p2a: Veluza|Veluza, F|100\/100\n|-status|p2a: Veluza|psn\n|-damage|p2a: Veluza|88\/100 psn|[from] Stealth Rock\n|turn|14\n|inactive|cxnnxrw has 30 seconds left this turn.\n|\n|t:|1699111624\n|move|p1a: Iron Valiant|Close Combat|p2a: Veluza\n|-resisted|p2a: Veluza\n|-damage|p2a: Veluza|45\/100 psn\n|-unboost|p1a: Iron Valiant|def|1\n|-unboost|p1a: Iron Valiant|spd|1\n|-enditem|p2a: Veluza|Sitrus Berry|[eat]\n|-heal|p2a: Veluza|70\/100 psn|[from] item: Sitrus Berry\n|move|p2a: Veluza|Psycho Cut|p1a: Iron Valiant\n|-supereffective|p1a: Iron Valiant\n|-damage|p1a: Iron Valiant|0 fnt\n|faint|p1a: Iron Valiant\n|-end|p1a: Iron Valiant|Quark Drive|[silent]\n|\n|-damage|p2a: Veluza|58\/100 psn|[from] psn\n|upkeep\n|inactive|cxnnxrw has 30 seconds left this turn.\n|\n|t:|1699111636\n|switch|p1a: Calyrex|Calyrex-Shadow|100\/100\n|-ability|p1a: Calyrex|As One\n|-ability|p1a: Calyrex|Unnerve\n|turn|15\n|\n|t:|1699111643\n|move|p2a: Veluza|Aqua Jet|p1a: Calyrex\n|-damage|p1a: Calyrex|75\/100\n|move|p1a: Calyrex|Hex|p2a: Veluza\n|-supereffective|p2a: Veluza\n|-damage|p2a: Veluza|0 fnt\n|faint|p2a: Veluza\n|-ability|p1a: Calyrex|Grim Neigh|boost\n|-boost|p1a: Calyrex|spa|1\n|\n|upkeep\n|\n|t:|1699111653\n|switch|p2a: Iron Valiant|Iron Valiant|100\/100\n|-status|p2a: Iron Valiant|psn\n|-damage|p2a: Iron Valiant|94\/100 psn|[from] Stealth Rock\n|-enditem|p2a: Iron Valiant|Booster Energy\n|-activate|p2a: Iron Valiant|ability: Quark Drive|[fromitem]\n|-start|p2a: Iron Valiant|quarkdriveatk\n|turn|16\n|\n|t:|1699111661\n|move|p1a: Calyrex|Hex|p2a: Iron Valiant\n|-crit|p2a: Iron Valiant\n|-damage|p2a: Iron Valiant|0 fnt\n|faint|p2a: Iron Valiant\n|-end|p2a: Iron Valiant|Quark Drive|[silent]\n|-ability|p1a: Calyrex|Grim Neigh|boost\n|-boost|p1a: Calyrex|spa|1\n|\n|upkeep\n|\n|t:|1699111668\n|switch|p2a: Kingambit|Kingambit, F|94\/100\n|-damage|p2a: Kingambit|88\/100|[from] Stealth Rock\n|-activate|p2a: Kingambit|ability: Supreme Overlord\n|-start|p2a: Kingambit|fallen5|[silent]\n|turn|17\n|\n|t:|1699111675\n|-terastallize|p2a: Kingambit|Dark\n|move|p2a: Kingambit|Sucker Punch|p1a: Calyrex\n|-supereffective|p1a: Calyrex\n|-damage|p1a: Calyrex|0 fnt\n|faint|p1a: Calyrex\n|\n|upkeep\n|\n|t:|1699111681\n|switch|p1a: Kingambit|Kingambit, M|100\/100\n|-activate|p1a: Kingambit|ability: Supreme Overlord\n|-start|p1a: Kingambit|fallen5|[silent]\n|turn|18\n|\n|t:|1699111687\n|move|p1a: Kingambit|Protect|p1a: Kingambit\n|-singleturn|p1a: Kingambit|Protect\n|move|p2a: Kingambit|Sucker Punch||[still]\n|-fail|p2a: Kingambit\n|\n|upkeep\n|turn|19\n|inactive|cxnnxrw has 60 seconds left.\n|\n|t:|1699111693\n|move|p2a: Kingambit|Sucker Punch||[still]\n|-fail|p2a: Kingambit\n|move|p1a: Kingambit|Swords Dance|p1a: Kingambit\n|-boost|p1a: Kingambit|atk|2\n|\n|upkeep\n|turn|20\n|\n|t:|1699111700\n|move|p2a: Kingambit|Swords Dance|p2a: Kingambit\n|-boost|p2a: Kingambit|atk|2\n|move|p1a: Kingambit|Kowtow Cleave|p2a: Kingambit\n|-resisted|p2a: Kingambit\n|-damage|p2a: Kingambit|27\/100\n|\n|upkeep\n|turn|21\n|\n|t:|1699111710\n|move|p1a: Kingambit|Protect|p1a: Kingambit\n|-singleturn|p1a: Kingambit|Protect\n|move|p2a: Kingambit|Kowtow Cleave|p1a: Kingambit\n|-activate|p1a: Kingambit|move: Protect\n|\n|upkeep\n|turn|22\n|\n|t:|1699111717\n|move|p1a: Kingambit|Sucker Punch|p2a: Kingambit\n|-resisted|p2a: Kingambit\n|-damage|p2a: Kingambit|0 fnt\n|faint|p2a: Kingambit\n|-end|p2a: Kingambit|fallen5|[silent]\n|\n|win|lazotep\n|raw|lazotep's rating: 1247 &rarr; <strong>1275<\/strong><br \/>(+28 for winning)\n|raw|cxnnxrw's rating: 1287 &rarr; <strong>1259<\/strong><br \/>(-28 for losing)\n|c|\u2606lazotep|yesssssssssss\n|l|\u2606cxnnxrw\n","uploadtime":1699111752,"views":5,"p1id":"lazotep","p2id":"cxnnxrw","formatid":"gen9anythinggoes","rating":1259,"private":0,"password":""}