{"id":"gen9anythinggoes-1979644570","p1":"batikan17","p2":"OGamer289","format":"[Gen 9] Anything Goes","log":"|j|\u2606batikan17\n|j|\u2606OGamer289\n|t:|1698699403\n|gametype|singles\n|player|p1|batikan17|1|\n|player|p2|OGamer289|biker-gen4|\n|teamsize|p1|6\n|teamsize|p2|6\n|gen|9\n|tier|[Gen 9] Anything Goes\n|rule|HP Percentage Mod: HP is shown in percentages\n|rule|Endless Battle Clause: Forcing endless battles is banned\n|clearpoke\n|poke|p1|Mandibuzz, F|\n|poke|p1|Magearna|\n|poke|p1|Rotom-Mow|\n|poke|p1|Garchomp, F|\n|poke|p1|Munkidori, M|\n|poke|p1|Typhlosion-Hisui, M|\n|poke|p2|Landorus-Therian, M|\n|poke|p2|Volcanion|\n|poke|p2|Weezing-Galar, M|\n|poke|p2|Jirachi|\n|poke|p2|Salamence, M|\n|poke|p2|Houndstone, M|\n|teampreview\n|\n|t:|1698699417\n|start\n|switch|p1a: Munkidori|Munkidori, M|100\/100\n|switch|p2a: R\u00e4udigerK\u00f6ter|Houndstone, M, shiny|100\/100\n|turn|1\n|\n|t:|1698699422\n|switch|p1a: Garchomp|Garchomp, F|100\/100\n|move|p2a: R\u00e4udigerK\u00f6ter|Poltergeist|p1a: Garchomp\n|-activate|p1a: Garchomp|move: Poltergeist|Rocky Helmet\n|-damage|p1a: Garchomp|47\/100\n|\n|upkeep\n|turn|2\n|\n|t:|1698699430\n|switch|p1a: Mandibuzz|Mandibuzz, F|100\/100\n|move|p2a: R\u00e4udigerK\u00f6ter|Poltergeist|p1a: Mandibuzz\n|-activate|p1a: Mandibuzz|move: Poltergeist|Heavy-Duty Boots\n|-resisted|p1a: Mandibuzz\n|-damage|p1a: Mandibuzz|71\/100\n|\n|upkeep\n|turn|3\n|\n|t:|1698699440\n|switch|p2a: Mrs. Sir|Weezing-Galar, M|100\/100\n|move|p1a: Mandibuzz|U-turn|p2a: Mrs. Sir\n|-resisted|p2a: Mrs. Sir\n|-damage|p2a: Mrs. Sir|98\/100\n|\n|t:|1698699478\n|switch|p1a: Munkidori|Munkidori, M|100\/100|[from] U-turn\n|\n|-heal|p2a: Mrs. Sir|100\/100|[from] item: Black Sludge\n|upkeep\n|turn|4\n|\n|t:|1698699499\n|switch|p2a: Dr. Strange|Jirachi|100\/100\n|move|p1a: Munkidori|Shadow Ball|p2a: Dr. Strange\n|-supereffective|p2a: Dr. Strange\n|-damage|p2a: Dr. Strange|66\/100\n|\n|upkeep\n|turn|5\n|\n|t:|1698699528\n|move|p1a: Munkidori|U-turn|p2a: Dr. Strange\n|-damage|p2a: Dr. Strange|56\/100\n|\n|t:|1698699554\n|switch|p1a: Rotom|Rotom-Mow|100\/100|[from] U-turn\n|move|p2a: Dr. Strange|U-turn|p1a: Rotom\n|-supereffective|p1a: Rotom\n|-damage|p1a: Rotom|58\/100\n|\n|t:|1698699572\n|switch|p2a: Mein B\u00e4r|Landorus-Therian, M|100\/100|[from] U-turn\n|-ability|p2a: Mein B\u00e4r|Intimidate|boost\n|-unboost|p1a: Rotom|atk|1\n|\n|upkeep\n|turn|6\n|\n|t:|1698699594\n|switch|p1a: Garchomp|Garchomp, F|47\/100\n|move|p2a: Mein B\u00e4r|U-turn|p1a: Garchomp\n|-damage|p1a: Garchomp|29\/100\n|-damage|p2a: Mein B\u00e4r|88\/100|[from] ability: Rough Skin|[of] p1a: Garchomp\n|-damage|p2a: Mein B\u00e4r|72\/100|[from] item: Rocky Helmet|[of] p1a: Garchomp\n|\n|t:|1698699651\n|switch|p2a: R\u00e4udigerK\u00f6ter|Houndstone, M, shiny|100\/100|[from] U-turn\n|\n|upkeep\n|turn|7\n|\n|t:|1698699692\n|switch|p1a: Magearna|Magearna|100\/100\n|move|p2a: R\u00e4udigerK\u00f6ter|Play Rough|p1a: Magearna\n|-resisted|p1a: Magearna\n|-damage|p1a: Magearna|81\/100\n|\n|upkeep\n|turn|8\n|\n|t:|1698699708\n|switch|p2a: Dr. Strange|Jirachi|56\/100\n|move|p1a: Magearna|Shadow Ball|p2a: Dr. Strange\n|-supereffective|p2a: Dr. Strange\n|-crit|p2a: Dr. Strange\n|-damage|p2a: Dr. Strange|0 fnt\n|faint|p2a: Dr. Strange\n|-ability|p1a: Magearna|Soul-Heart|boost\n|-boost|p1a: Magearna|spa|1\n|\n|upkeep\n|\n|t:|1698699724\n|switch|p2a: Mein B\u00e4r|Landorus-Therian, M|72\/100\n|-ability|p2a: Mein B\u00e4r|Intimidate|boost\n|-unboost|p1a: Magearna|atk|1\n|turn|9\n|\n|t:|1698699785\n|move|p2a: Mein B\u00e4r|U-turn|p1a: Magearna\n|-resisted|p1a: Magearna\n|-damage|p1a: Magearna|76\/100\n|\n|t:|1698699789\n|switch|p2a: Waschanlage|Volcanion|100\/100|[from] U-turn\n|move|p1a: Magearna|Draining Kiss|p2a: Waschanlage\n|-resisted|p2a: Waschanlage\n|-damage|p2a: Waschanlage|86\/100\n|-heal|p1a: Magearna|87\/100|[from] drain|[of] p2a: Waschanlage\n|\n|-heal|p2a: Waschanlage|92\/100|[from] item: Leftovers\n|upkeep\n|turn|10\n|\n|t:|1698699813\n|switch|p1a: Mandibuzz|Mandibuzz, F|71\/100\n|move|p2a: Waschanlage|Flamethrower|p1a: Mandibuzz\n|-damage|p1a: Mandibuzz|47\/100\n|\n|-heal|p2a: Waschanlage|98\/100|[from] item: Leftovers\n|upkeep\n|turn|11\n|\n|t:|1698699823\n|move|p1a: Mandibuzz|Roost|p1a: Mandibuzz\n|-heal|p1a: Mandibuzz|97\/100\n|-singleturn|p1a: Mandibuzz|move: Roost\n|move|p2a: Waschanlage|Steam Eruption|p1a: Mandibuzz\n|-damage|p1a: Mandibuzz|66\/100\n|\n|-heal|p2a: Waschanlage|100\/100|[from] item: Leftovers\n|upkeep\n|turn|12\n|\n|t:|1698699836\n|move|p1a: Mandibuzz|Toxic|p2a: Waschanlage\n|-status|p2a: Waschanlage|tox\n|move|p2a: Waschanlage|Will-O-Wisp|p1a: Mandibuzz\n|-status|p1a: Mandibuzz|brn\n|\n|-damage|p2a: Waschanlage|94\/100 tox|[from] psn\n|-damage|p1a: Mandibuzz|60\/100 brn|[from] brn\n|upkeep\n|turn|13\n|\n|t:|1698699845\n|switch|p2a: Mrs. Sir|Weezing-Galar, M|100\/100\n|move|p1a: Mandibuzz|Roost|p1a: Mandibuzz\n|-heal|p1a: Mandibuzz|100\/100 brn\n|-singleturn|p1a: Mandibuzz|move: Roost\n|\n|-damage|p1a: Mandibuzz|94\/100 brn|[from] brn\n|upkeep\n|turn|14\n|\n|t:|1698699856\n|move|p1a: Mandibuzz|U-turn|p2a: Mrs. Sir\n|-resisted|p2a: Mrs. Sir\n|-damage|p2a: Mrs. Sir|99\/100\n|\n|t:|1698699865\n|switch|p1a: Magearna|Magearna|87\/100|[from] U-turn\n|move|p2a: Mrs. Sir|Strange Steam|p1a: Magearna\n|-resisted|p1a: Magearna\n|-damage|p1a: Magearna|76\/100\n|\n|-heal|p2a: Mrs. Sir|100\/100|[from] item: Black Sludge\n|upkeep\n|turn|15\n|\n|t:|1698699875\n|switch|p2a: Waschanlage|Volcanion|94\/100 tox\n|move|p1a: Magearna|Psychic|p2a: Waschanlage\n|-crit|p2a: Waschanlage\n|-damage|p2a: Waschanlage|55\/100 tox\n|-unboost|p2a: Waschanlage|spd|1\n|\n|-heal|p2a: Waschanlage|61\/100 tox|[from] item: Leftovers\n|-damage|p2a: Waschanlage|55\/100 tox|[from] psn\n|upkeep\n|turn|16\n|\n|t:|1698699885\n|switch|p1a: Mandibuzz|Mandibuzz, F|94\/100 brn\n|move|p2a: Waschanlage|Flamethrower|p1a: Mandibuzz\n|-damage|p1a: Mandibuzz|70\/100 brn\n|\n|-heal|p2a: Waschanlage|61\/100 tox|[from] item: Leftovers\n|-damage|p2a: Waschanlage|49\/100 tox|[from] psn\n|-damage|p1a: Mandibuzz|64\/100 brn|[from] brn\n|upkeep\n|turn|17\n|\n|t:|1698699901\n|switch|p2a: Mrs. Sir|Weezing-Galar, M|100\/100\n|move|p1a: Mandibuzz|Roost|p1a: Mandibuzz\n|-heal|p1a: Mandibuzz|100\/100 brn\n|-singleturn|p1a: Mandibuzz|move: Roost\n|\n|-damage|p1a: Mandibuzz|94\/100 brn|[from] brn\n|upkeep\n|turn|18\n|\n|t:|1698699908\n|move|p1a: Mandibuzz|U-turn|p2a: Mrs. Sir\n|-resisted|p2a: Mrs. Sir\n|-damage|p2a: Mrs. Sir|99\/100\n|\n|t:|1698699933\n|switch|p1a: Typhlosion|Typhlosion-Hisui, M|100\/100|[from] U-turn\n|-item|p2a: Mrs. Sir|Black Sludge|[from] ability: Frisk|[of] p1a: Typhlosion|[identify]\n|move|p2a: Mrs. Sir|Flamethrower|p1a: Typhlosion\n|-resisted|p1a: Typhlosion\n|-damage|p1a: Typhlosion|88\/100\n|\n|-heal|p2a: Mrs. Sir|100\/100|[from] item: Black Sludge\n|upkeep\n|turn|19\n|\n|t:|1698699953\n|switch|p2a: Waschanlage|Volcanion|49\/100 tox\n|move|p1a: Typhlosion|Shadow Ball|p2a: Waschanlage\n|-damage|p2a: Waschanlage|22\/100 tox\n|-unboost|p2a: Waschanlage|spd|1\n|\n|-heal|p2a: Waschanlage|28\/100 tox|[from] item: Leftovers\n|-damage|p2a: Waschanlage|22\/100 tox|[from] psn\n|upkeep\n|turn|20\n|\n|t:|1698699964\n|move|p1a: Typhlosion|Shadow Ball|p2a: Waschanlage\n|-damage|p2a: Waschanlage|0 fnt\n|faint|p2a: Waschanlage\n|\n|upkeep\n|\n|t:|1698699992\n|switch|p2a: Mein B\u00e4r|Landorus-Therian, M|72\/100\n|-ability|p2a: Mein B\u00e4r|Intimidate|boost\n|-unboost|p1a: Typhlosion|atk|1\n|turn|21\n|\n|t:|1698700032\n|switch|p1a: Mandibuzz|Mandibuzz, F|94\/100 brn\n|move|p2a: Mein B\u00e4r|Earthquake|p1a: Mandibuzz\n|-immune|p1a: Mandibuzz\n|\n|-damage|p1a: Mandibuzz|88\/100 brn|[from] brn\n|upkeep\n|turn|22\n|\n|t:|1698700041\n|move|p2a: Mein B\u00e4r|Stone Edge|p1a: Mandibuzz\n|-supereffective|p1a: Mandibuzz\n|-damage|p1a: Mandibuzz|14\/100 brn\n|move|p1a: Mandibuzz|U-turn|p2a: Mein B\u00e4r\n|-resisted|p2a: Mein B\u00e4r\n|-damage|p2a: Mein B\u00e4r|68\/100\n|\n|t:|1698700105\n|switch|p1a: Rotom|Rotom-Mow|58\/100|[from] U-turn\n|\n|upkeep\n|turn|23\n|\n|t:|1698700115\n|switch|p2a: Mrs. Sir|Weezing-Galar, M|100\/100\n|-terastallize|p1a: Rotom|Ice\n|move|p1a: Rotom|Tera Blast|p2a: Mrs. Sir|[anim] Tera Blast Ice\n|-damage|p2a: Mrs. Sir|62\/100\n|\n|-heal|p2a: Mrs. Sir|68\/100|[from] item: Black Sludge\n|upkeep\n|turn|24\n|\n|t:|1698700154\n|switch|p1a: Typhlosion|Typhlosion-Hisui, M|88\/100\n|-item|p2a: Mrs. Sir|Black Sludge|[from] ability: Frisk|[of] p1a: Typhlosion|[identify]\n|move|p2a: Mrs. Sir|Sludge Bomb|p1a: Typhlosion\n|-resisted|p1a: Typhlosion\n|-damage|p1a: Typhlosion|69\/100\n|\n|-heal|p2a: Mrs. Sir|74\/100|[from] item: Black Sludge\n|upkeep\n|turn|25\n|\n|t:|1698700224\n|move|p1a: Typhlosion|Eruption|p2a: Mrs. Sir\n|-damage|p2a: Mrs. Sir|13\/100\n|move|p2a: Mrs. Sir|Sludge Bomb|p1a: Typhlosion\n|-resisted|p1a: Typhlosion\n|-damage|p1a: Typhlosion|50\/100\n|\n|-heal|p2a: Mrs. Sir|19\/100|[from] item: Black Sludge\n|upkeep\n|turn|26\n|\n|t:|1698700261\n|move|p1a: Typhlosion|Shadow Ball|p2a: Mrs. Sir\n|-damage|p2a: Mrs. Sir|0 fnt\n|faint|p2a: Mrs. Sir\n|\n|upkeep\n|\n|t:|1698700264\n|switch|p2a: Brutus|Salamence, M, shiny|100\/100\n|turn|27\n|\n|t:|1698700280\n|switch|p1a: Garchomp|Garchomp, F|29\/100\n|move|p2a: Brutus|Dragon Dance|p2a: Brutus\n|-boost|p2a: Brutus|atk|1\n|-boost|p2a: Brutus|spe|1\n|\n|upkeep\n|turn|28\n|\n|t:|1698700297\n|switch|p1a: Typhlosion|Typhlosion-Hisui, M|50\/100\n|-item|p2a: Brutus|Heavy-Duty Boots|[from] ability: Frisk|[of] p1a: Typhlosion|[identify]\n|move|p2a: Brutus|Earthquake|p1a: Typhlosion\n|-supereffective|p1a: Typhlosion\n|-damage|p1a: Typhlosion|0 fnt\n|faint|p1a: Typhlosion\n|-ability|p2a: Brutus|Moxie|boost\n|-boost|p2a: Brutus|atk|1\n|\n|upkeep\n|\n|t:|1698700331\n|switch|p1a: Magearna|Magearna|76\/100\n|turn|29\n|\n|t:|1698700334\n|move|p2a: Brutus|Earthquake|p1a: Magearna\n|-supereffective|p1a: Magearna\n|-enditem|p1a: Magearna|Shuca Berry|[eat]\n|-enditem|p1a: Magearna|Shuca Berry|[weaken]\n|-damage|p1a: Magearna|16\/100\n|move|p1a: Magearna|Ice Beam|p2a: Brutus\n|-supereffective|p2a: Brutus\n|-damage|p2a: Brutus|0 fnt\n|faint|p2a: Brutus\n|-ability|p1a: Magearna|Soul-Heart|boost\n|-boost|p1a: Magearna|spa|1\n|\n|upkeep\n|\n|t:|1698700379\n|switch|p2a: R\u00e4udigerK\u00f6ter|Houndstone, M, shiny|100\/100\n|turn|30\n|\n|t:|1698700386\n|move|p2a: R\u00e4udigerK\u00f6ter|Shadow Sneak|p1a: Magearna\n|-damage|p1a: Magearna|0 fnt\n|faint|p1a: Magearna\n|\n|upkeep\n|\n|t:|1698700451\n|switch|p1a: Garchomp|Garchomp, F|29\/100\n|turn|31\n|\n|t:|1698700470\n|switch|p2a: Mein B\u00e4r|Landorus-Therian, M|68\/100\n|-ability|p2a: Mein B\u00e4r|Intimidate|boost\n|-unboost|p1a: Garchomp|atk|1\n|move|p1a: Garchomp|Scale Shot|p2a: Mein B\u00e4r\n|-crit|p2a: Mein B\u00e4r\n|-damage|p2a: Mein B\u00e4r|48\/100\n|-damage|p2a: Mein B\u00e4r|38\/100\n|-crit|p2a: Mein B\u00e4r\n|-damage|p2a: Mein B\u00e4r|21\/100\n|-damage|p2a: Mein B\u00e4r|13\/100\n|-hitcount|p2a: Mein B\u00e4r|4\n|-unboost|p1a: Garchomp|def|1\n|-boost|p1a: Garchomp|spe|1\n|\n|upkeep\n|turn|32\n|\n|t:|1698700486\n|switch|p2a: R\u00e4udigerK\u00f6ter|Houndstone, M, shiny|100\/100\n|move|p1a: Garchomp|Iron Head|p2a: R\u00e4udigerK\u00f6ter\n|-damage|p2a: R\u00e4udigerK\u00f6ter|91\/100\n|\n|upkeep\n|turn|33\n|\n|t:|1698700517\n|switch|p1a: Mandibuzz|Mandibuzz, F|14\/100 brn\n|move|p2a: R\u00e4udigerK\u00f6ter|Shadow Sneak|p1a: Mandibuzz\n|-resisted|p1a: Mandibuzz\n|-damage|p1a: Mandibuzz|4\/100 brn\n|\n|-damage|p1a: Mandibuzz|0 fnt|[from] brn\n|faint|p1a: Mandibuzz\n|upkeep\n|\n|t:|1698700590\n|switch|p1a: Rotom|Rotom-Mow, tera:Ice|58\/100\n|turn|34\n|\n|t:|1698700610\n|move|p2a: R\u00e4udigerK\u00f6ter|Shadow Sneak|p1a: Rotom\n|-damage|p1a: Rotom|26\/100\n|move|p1a: Rotom|Tera Blast|p2a: R\u00e4udigerK\u00f6ter|[anim] Tera Blast Ice\n|-damage|p2a: R\u00e4udigerK\u00f6ter|51\/100\n|\n|upkeep\n|turn|35\n|\n|t:|1698700615\n|switch|p1a: Garchomp|Garchomp, F|29\/100\n|move|p2a: R\u00e4udigerK\u00f6ter|Shadow Sneak|p1a: Garchomp\n|-damage|p1a: Garchomp|8\/100\n|-damage|p2a: R\u00e4udigerK\u00f6ter|39\/100|[from] ability: Rough Skin|[of] p1a: Garchomp\n|-damage|p2a: R\u00e4udigerK\u00f6ter|22\/100|[from] item: Rocky Helmet|[of] p1a: Garchomp\n|\n|upkeep\n|turn|36\n|\n|t:|1698700628\n|move|p2a: R\u00e4udigerK\u00f6ter|Shadow Sneak|p1a: Garchomp\n|-damage|p1a: Garchomp|0 fnt\n|-damage|p2a: R\u00e4udigerK\u00f6ter|10\/100|[from] ability: Rough Skin|[of] p1a: Garchomp\n|-damage|p2a: R\u00e4udigerK\u00f6ter|0 fnt|[from] item: Rocky Helmet|[of] p1a: Garchomp\n|faint|p1a: Garchomp\n|faint|p2a: R\u00e4udigerK\u00f6ter\n|\n|upkeep\n|\n|t:|1698700635\n|switch|p1a: Rotom|Rotom-Mow, tera:Ice|26\/100\n|switch|p2a: Mein B\u00e4r|Landorus-Therian, M|13\/100\n|-ability|p2a: Mein B\u00e4r|Intimidate|boost\n|-unboost|p1a: Rotom|atk|1\n|turn|37\n|\n|t:|1698700641\n|move|p1a: Rotom|Tera Blast|p2a: Mein B\u00e4r|[anim] Tera Blast Ice\n|-supereffective|p2a: Mein B\u00e4r\n|-damage|p2a: Mein B\u00e4r|0 fnt\n|faint|p2a: Mein B\u00e4r\n|\n|win|batikan17\n|c|\u2606OGamer289|gg\n|c|\u2606batikan17|gg !\n","uploadtime":1698700680,"views":17,"p1id":"batikan17","p2id":"ogamer289","formatid":"gen9anythinggoes","rating":0,"private":0,"password":""}