{"id":"gen9anythinggoes-1976319845","p1":"Yoshima09","p2":"Mmdm275","format":"[Gen 9] Anything Goes","log":"|j|\u2606Yoshima09\n|j|\u2606Mmdm275\n|t:|1698286185\n|gametype|singles\n|player|p1|Yoshima09|ghetsis|\n|player|p2|Mmdm275|101|\n|teamsize|p1|6\n|teamsize|p2|6\n|gen|9\n|tier|[Gen 9] Anything Goes\n|rule|HP Percentage Mod: HP is shown in percentages\n|rule|Endless Battle Clause: Forcing endless battles is banned\n|clearpoke\n|poke|p1|Glimmora, M|\n|poke|p1|Baxcalibur, F|\n|poke|p1|Conkeldurr, M|\n|poke|p1|Gliscor, F|\n|poke|p1|Zacian-*|\n|poke|p1|Milotic, F|\n|poke|p2|Cinderace, F|\n|poke|p2|Mimikyu, M|\n|poke|p2|Dragapult, F|\n|poke|p2|Electrode|\n|poke|p2|Mamoswine, M|\n|poke|p2|Barraskewda, M|\n|teampreview\n|\n|t:|1698286193\n|start\n|switch|p1a: Milotic|Milotic, F|100\/100\n|switch|p2a: Mamoswine|Mamoswine, M|100\/100\n|turn|1\n|\n|t:|1698286206\n|switch|p2a: Mimikyu|Mimikyu, M|100\/100\n|move|p1a: Milotic|Scald|p2a: Mimikyu\n|-activate|p2a: Mimikyu|ability: Disguise\n|-damage|p2a: Mimikyu|100\/100\n|-status|p2a: Mimikyu|brn\n|detailschange|p2a: Mimikyu|Mimikyu-Busted, M\n|-damage|p2a: Mimikyu|88\/100 brn|[from] pokemon: Mimikyu-Busted\n|\n|-damage|p2a: Mimikyu|82\/100 brn|[from] brn\n|upkeep\n|turn|2\n|\n|t:|1698286235\n|move|p2a: Mimikyu|Phantom Force||[still]\n|-prepare|p2a: Mimikyu|Phantom Force\n|move|p1a: Milotic|Scald|p2a: Mimikyu|[miss]\n|-miss|p1a: Milotic|p2a: Mimikyu\n|\n|-damage|p2a: Mimikyu|76\/100 brn|[from] brn\n|upkeep\n|turn|3\n|\n|t:|1698286245\n|move|p2a: Mimikyu|Phantom Force|p1a: Milotic|[from]lockedmove\n|-damage|p1a: Milotic|84\/100\n|move|p1a: Milotic|Scald|p2a: Mimikyu\n|-damage|p2a: Mimikyu|40\/100 brn\n|\n|-heal|p1a: Milotic|90\/100|[from] item: Leftovers\n|-damage|p2a: Mimikyu|34\/100 brn|[from] brn\n|upkeep\n|turn|4\n|\n|t:|1698286257\n|move|p2a: Mimikyu|Wood Hammer|p1a: Milotic\n|-supereffective|p1a: Milotic\n|-damage|p1a: Milotic|61\/100\n|-damage|p2a: Mimikyu|20\/100 brn|[from] Recoil\n|move|p1a: Milotic|Scald|p2a: Mimikyu\n|-damage|p2a: Mimikyu|0 fnt\n|faint|p2a: Mimikyu\n|\n|-heal|p1a: Milotic|68\/100|[from] item: Leftovers\n|upkeep\n|\n|t:|1698286271\n|switch|p2a: Electrode|Electrode|100\/100\n|-item|p2a: Electrode|Air Balloon\n|turn|5\n|\n|t:|1698286278\n|move|p1a: Milotic|Scald|p2a: Electrode\n|-damage|p2a: Electrode|59\/100\n|-enditem|p2a: Electrode|Air Balloon\n|move|p2a: Electrode|Mirror Coat|p1a: Milotic\n|-damage|p1a: Milotic|13\/100\n|\n|-heal|p1a: Milotic|19\/100|[from] item: Leftovers\n|upkeep\n|turn|6\n|\n|t:|1698286291\n|move|p2a: Electrode|Volt Switch|p1a: Milotic\n|-supereffective|p1a: Milotic\n|-damage|p1a: Milotic|0 fnt\n|faint|p1a: Milotic\n|\n|t:|1698286298\n|switch|p2a: Barraskewda|Barraskewda, M|100\/100|[from] Volt Switch\n|\n|upkeep\n|\n|t:|1698286304\n|switch|p1a: Conkeldurr|Conkeldurr, M|100\/100\n|turn|7\n|\n|t:|1698286313\n|-terastallize|p2a: Barraskewda|Water\n|move|p2a: Barraskewda|Psychic Fangs|p1a: Conkeldurr\n|-supereffective|p1a: Conkeldurr\n|-damage|p1a: Conkeldurr|23\/100\n|-damage|p2a: Barraskewda|91\/100|[from] item: Life Orb\n|move|p1a: Conkeldurr|Drain Punch|p2a: Barraskewda\n|-damage|p2a: Barraskewda|8\/100\n|-heal|p1a: Conkeldurr|52\/100|[from] drain|[of] p2a: Barraskewda\n|\n|-status|p1a: Conkeldurr|brn|[from] item: Flame Orb\n|upkeep\n|turn|8\n|\n|t:|1698286327\n|move|p1a: Conkeldurr|Mach Punch|p2a: Barraskewda\n|-damage|p2a: Barraskewda|0 fnt\n|faint|p2a: Barraskewda\n|\n|-damage|p1a: Conkeldurr|46\/100 brn|[from] brn\n|upkeep\n|\n|t:|1698286337\n|switch|p2a: Mamoswine|Mamoswine, M|100\/100\n|turn|9\n|\n|t:|1698286342\n|move|p2a: Mamoswine|Ice Shard|p1a: Conkeldurr\n|-damage|p1a: Conkeldurr|24\/100 brn\n|move|p1a: Conkeldurr|Drain Punch|p2a: Mamoswine\n|-supereffective|p2a: Mamoswine\n|-damage|p2a: Mamoswine|0 fnt\n|-heal|p1a: Conkeldurr|72\/100 brn|[from] drain|[of] p2a: Mamoswine\n|faint|p2a: Mamoswine\n|\n|-damage|p1a: Conkeldurr|65\/100 brn|[from] brn\n|upkeep\n|\n|t:|1698286354\n|switch|p2a: Cinderace|Cinderace, F|100\/100\n|turn|10\n|\n|t:|1698286362\n|move|p2a: Cinderace|Pyro Ball|p1a: Conkeldurr\n|-damage|p1a: Conkeldurr|7\/100 brn\n|move|p1a: Conkeldurr|Knock Off|p2a: Cinderace\n|-damage|p2a: Cinderace|12\/100\n|-enditem|p2a: Cinderace|Heavy-Duty Boots|[from] move: Knock Off|[of] p1a: Conkeldurr\n|\n|-damage|p1a: Conkeldurr|1\/100 brn|[from] brn\n|upkeep\n|turn|11\n|\n|t:|1698286372\n|move|p1a: Conkeldurr|Mach Punch|p2a: Cinderace\n|-damage|p2a: Cinderace|0 fnt\n|faint|p2a: Cinderace\n|\n|-damage|p1a: Conkeldurr|0 fnt|[from] brn\n|faint|p1a: Conkeldurr\n|upkeep\n|\n|t:|1698286381\n|switch|p2a: Dragapult|Dragapult, F|100\/100\n|switch|p1a: Glimmora|Glimmora, M|100\/100\n|turn|12\n|\n|t:|1698286393\n|move|p2a: Dragapult|Phantom Force||[still]\n|-prepare|p2a: Dragapult|Phantom Force\n|move|p1a: Glimmora|Stealth Rock|p2a: Dragapult\n|-sidestart|p2: Mmdm275|move: Stealth Rock\n|\n|upkeep\n|turn|13\n|\n|t:|1698286401\n|move|p2a: Dragapult|Phantom Force|p1a: Glimmora|[from]lockedmove\n|-damage|p1a: Glimmora|53\/100\n|-activate|p1a: Glimmora|ability: Toxic Debris\n|-sidestart|p2: Mmdm275|move: Toxic Spikes\n|move|p1a: Glimmora|Mortal Spin|p2a: Dragapult\n|-resisted|p2a: Dragapult\n|-damage|p2a: Dragapult|96\/100\n|-status|p2a: Dragapult|psn\n|\n|-damage|p2a: Dragapult|84\/100 psn|[from] psn\n|upkeep\n|turn|14\n|\n|t:|1698286416\n|move|p2a: Dragapult|Dragon Darts|p1a: Glimmora\n|-damage|p1a: Glimmora|22\/100\n|-activate|p1a: Glimmora|ability: Toxic Debris\n|-sidestart|p2: Mmdm275|move: Toxic Spikes\n|-anim|p2a: Dragapult|Dragon Darts|p1a: Glimmora\n|-crit|p1a: Glimmora\n|-damage|p1a: Glimmora|0 fnt\n|faint|p1a: Glimmora\n|\n|-damage|p2a: Dragapult|72\/100 psn|[from] psn\n|upkeep\n|\n|t:|1698286427\n|switch|p1a: Zacian|Zacian-Crowned|100\/100\n|-ability|p1a: Zacian|Intrepid Sword|boost\n|-boost|p1a: Zacian|atk|1\n|turn|15\n|\n|t:|1698286438\n|move|p2a: Dragapult|Thunderbolt|p1a: Zacian\n|-damage|p1a: Zacian|80\/100\n|move|p1a: Zacian|Behemoth Blade|p2a: Dragapult\n|-damage|p2a: Dragapult|0 fnt\n|faint|p2a: Dragapult\n|\n|upkeep\n|\n|t:|1698286446\n|switch|p2a: Electrode|Electrode|59\/100\n|-damage|p2a: Electrode|47\/100|[from] Stealth Rock\n|-status|p2a: Electrode|tox\n|turn|16\n|\n|t:|1698286456\n|move|p2a: Electrode|Thunderbolt|p1a: Zacian\n|-damage|p1a: Zacian|51\/100\n|-status|p1a: Zacian|par\n|cant|p1a: Zacian|par\n|\n|-damage|p2a: Electrode|41\/100 tox|[from] psn\n|upkeep\n|turn|17\n|\n|t:|1698286467\n|move|p2a: Electrode|Thunderbolt|p1a: Zacian\n|-damage|p1a: Zacian|24\/100 par\n|move|p1a: Zacian|Close Combat|p2a: Electrode\n|-damage|p2a: Electrode|0 fnt\n|-unboost|p1a: Zacian|def|1\n|-unboost|p1a: Zacian|spd|1\n|faint|p2a: Electrode\n|\n|win|Yoshima09\n","uploadtime":1698286477,"views":5,"p1id":"yoshima09","p2id":"mmdm275","formatid":"gen9anythinggoes","rating":0,"private":0,"password":""}