{"id":"gen9anythinggoes-1984021346","p1":"Snorlaxsleepers","p2":"Crabbrawlers","format":"[Gen 9] Anything Goes","log":"|j|\u2606Snorlaxsleepers\n|j|\u2606Crabbrawlers\n|t:|1699210609\n|gametype|singles\n|player|p1|Snorlaxsleepers|petrel|\n|player|p2|Crabbrawlers|linebacker|\n|teamsize|p1|6\n|teamsize|p2|6\n|gen|9\n|tier|[Gen 9] Anything Goes\n|rule|HP Percentage Mod: HP is shown in percentages\n|rule|Endless Battle Clause: Forcing endless battles is banned\n|clearpoke\n|poke|p1|Baxcalibur, M|\n|poke|p1|Skeledirge, F|\n|poke|p1|Kingambit, F|\n|poke|p1|Iron Thorns|\n|poke|p1|Lokix, M|\n|poke|p1|Rabsca, F|\n|poke|p2|Slaking, F|\n|poke|p2|Klefki, M|\n|poke|p2|Volcarona, M|\n|poke|p2|Salamence, F|\n|poke|p2|Maushold-Four|\n|poke|p2|Ogerpon-Cornerstone, F|\n|teampreview\n|\n|t:|1699210787\n|start\n|switch|p1a: Iron Thorns|Iron Thorns|100\/100\n|switch|p2a: Maushold|Maushold-Four|100\/100\n|-item|p1a: Iron Thorns|Air Balloon\n|turn|1\n|\n|t:|1699210797\n|move|p2a: Maushold|Tidy Up|p2a: Maushold\n|-boost|p2a: Maushold|atk|1\n|-boost|p2a: Maushold|spe|1\n|move|p1a: Iron Thorns|Dragon Dance|p1a: Iron Thorns\n|-boost|p1a: Iron Thorns|atk|1\n|-boost|p1a: Iron Thorns|spe|1\n|\n|upkeep\n|turn|2\n|\n|t:|1699210838\n|move|p2a: Maushold|Baton Pass|p2a: Maushold\n|\n|t:|1699210843\n|switch|p2a: Slaking|Slaking, F|100\/100|[from] Baton Pass\n|move|p1a: Iron Thorns|Dragon Dance|p1a: Iron Thorns\n|-boost|p1a: Iron Thorns|atk|1\n|-boost|p1a: Iron Thorns|spe|1\n|\n|upkeep\n|turn|3\n|\n|t:|1699210891\n|move|p1a: Iron Thorns|Earthquake|p2a: Slaking\n|-damage|p2a: Slaking|39\/100\n|move|p2a: Slaking|Drain Punch|p1a: Iron Thorns\n|-supereffective|p1a: Iron Thorns\n|-damage|p1a: Iron Thorns|0 fnt\n|-heal|p2a: Slaking|77\/100|[from] drain|[of] p1a: Iron Thorns\n|-enditem|p1a: Iron Thorns|Air Balloon\n|faint|p1a: Iron Thorns\n|-end|p1a: Iron Thorns|Quark Drive|[silent]\n|\n|upkeep\n|\n|t:|1699210925\n|switch|p1a: Rabsca|Rabsca, F|100\/100\n|turn|4\n|\n|t:|1699210936\n|switch|p2a: Volcarona|Volcarona, M|100\/100\n|-terastallize|p1a: Rabsca|Ground\n|move|p1a: Rabsca|Trick Room|p1a: Rabsca\n|-fieldstart|move: Trick Room|[of] p1a: Rabsca\n|\n|upkeep\n|turn|5\n|\n|t:|1699210967\n|move|p1a: Rabsca|Psyshock|p2a: Volcarona\n|-damage|p2a: Volcarona|15\/100\n|-damage|p1a: Rabsca|91\/100|[from] item: Life Orb\n|move|p2a: Volcarona|Quiver Dance|p2a: Volcarona\n|-boost|p2a: Volcarona|spa|1\n|-boost|p2a: Volcarona|spd|1\n|-boost|p2a: Volcarona|spe|1\n|\n|upkeep\n|turn|6\n|\n|t:|1699210978\n|move|p1a: Rabsca|Psyshock|p2a: Volcarona\n|-damage|p2a: Volcarona|0 fnt\n|faint|p2a: Volcarona\n|-damage|p1a: Rabsca|81\/100|[from] item: Life Orb\n|\n|upkeep\n|\n|t:|1699210987\n|switch|p2a: Klefki|Klefki, M|100\/100\n|turn|7\n|\n|t:|1699210999\n|move|p2a: Klefki|Spikes|p1a: Rabsca\n|-sidestart|p1: Snorlaxsleepers|Spikes\n|move|p1a: Rabsca|Psyshock|p2a: Klefki\n|-resisted|p2a: Klefki\n|-damage|p2a: Klefki|70\/100\n|-damage|p1a: Rabsca|71\/100|[from] item: Life Orb\n|\n|upkeep\n|turn|8\n|\n|t:|1699211011\n|switch|p1a: Baxcalibur|Baxcalibur, M|100\/100\n|-damage|p1a: Baxcalibur|88\/100|[from] Spikes\n|move|p2a: Klefki|Spikes|p1a: Baxcalibur\n|-sidestart|p1: Snorlaxsleepers|Spikes\n|\n|-fieldend|move: Trick Room\n|upkeep\n|turn|9\n|\n|t:|1699211027\n|move|p2a: Klefki|Thunder Wave|p1a: Baxcalibur\n|-status|p1a: Baxcalibur|par\n|move|p1a: Baxcalibur|Glaive Rush|p2a: Klefki\n|-immune|p2a: Klefki\n|\n|upkeep\n|turn|10\n|\n|t:|1699211034\n|move|p2a: Klefki|Spikes|p1a: Baxcalibur\n|-sidestart|p1: Snorlaxsleepers|Spikes\n|move|p1a: Baxcalibur|Icicle Spear|p2a: Klefki\n|-resisted|p2a: Klefki\n|-damage|p2a: Klefki|62\/100\n|-resisted|p2a: Klefki\n|-damage|p2a: Klefki|54\/100\n|-resisted|p2a: Klefki\n|-damage|p2a: Klefki|46\/100\n|-resisted|p2a: Klefki\n|-damage|p2a: Klefki|37\/100\n|-hitcount|p2a: Klefki|4\n|\n|upkeep\n|turn|11\n|\n|t:|1699211048\n|move|p2a: Klefki|Reflect|p2a: Klefki\n|-sidestart|p2: Crabbrawlers|Reflect\n|move|p1a: Baxcalibur|Ice Shard|p2a: Klefki\n|-resisted|p2a: Klefki\n|-damage|p2a: Klefki|31\/100\n|\n|upkeep\n|turn|12\n|\n|t:|1699211056\n|switch|p2a: Maushold|Maushold-Four|100\/100\n|move|p1a: Baxcalibur|Icicle Spear|p2a: Maushold\n|-damage|p2a: Maushold|90\/100\n|-damage|p2a: Maushold|79\/100\n|-damage|p2a: Maushold|69\/100\n|-hitcount|p2a: Maushold|3\n|\n|upkeep\n|turn|13\n|\n|t:|1699211066\n|move|p2a: Maushold|Population Bomb|p1a: Baxcalibur\n|-damage|p1a: Baxcalibur|79\/100 par\n|-damage|p1a: Baxcalibur|69\/100 par\n|-damage|p1a: Baxcalibur|59\/100 par\n|-damage|p1a: Baxcalibur|50\/100 par\n|-damage|p1a: Baxcalibur|40\/100 par\n|-damage|p1a: Baxcalibur|30\/100 par\n|-damage|p1a: Baxcalibur|20\/100 par\n|-damage|p1a: Baxcalibur|11\/100 par\n|-damage|p1a: Baxcalibur|2\/100 par\n|-damage|p1a: Baxcalibur|0 fnt\n|faint|p1a: Baxcalibur\n|-hitcount|p1: Baxcalibur|10\n|\n|upkeep\n|\n|t:|1699211084\n|switch|p1a: Lokix|Lokix, M|100\/100\n|-damage|p1a: Lokix|76\/100|[from] Spikes\n|turn|14\n|\n|t:|1699211092\n|move|p1a: Lokix|Sucker Punch|p2a: Maushold\n|-damage|p2a: Maushold|41\/100\n|move|p2a: Maushold|Population Bomb|p1a: Lokix\n|-damage|p1a: Lokix|59\/100\n|-damage|p1a: Lokix|43\/100\n|-damage|p1a: Lokix|28\/100\n|-damage|p1a: Lokix|11\/100\n|-hitcount|p1a: Lokix|4\n|\n|upkeep\n|turn|15\n|\n|t:|1699211106\n|move|p1a: Lokix|Sucker Punch|p2a: Maushold\n|-damage|p2a: Maushold|11\/100\n|move|p2a: Maushold|Population Bomb|p1a: Lokix\n|-damage|p1a: Lokix|0 fnt\n|faint|p1a: Lokix\n|-hitcount|p1: Lokix|1\n|\n|upkeep\n|\n|t:|1699211125\n|switch|p1a: Rabsca|Rabsca, F, tera:Ground|71\/100\n|-damage|p1a: Rabsca|46\/100|[from] Spikes\n|turn|16\n|\n|t:|1699211131\n|move|p2a: Maushold|Population Bomb|p1a: Rabsca\n|-damage|p1a: Rabsca|34\/100\n|-damage|p1a: Rabsca|23\/100\n|-damage|p1a: Rabsca|12\/100\n|-damage|p1a: Rabsca|1\/100\n|-damage|p1a: Rabsca|0 fnt\n|faint|p1a: Rabsca\n|-hitcount|p1: Rabsca|5\n|\n|upkeep\n|\n|t:|1699211142\n|switch|p1a: Skeledirge|Skeledirge, F|100\/100\n|turn|17\n|\n|t:|1699211166\n|switch|p2a: Klefki|Klefki, M|31\/100\n|move|p1a: Skeledirge|Torch Song|p2a: Klefki\n|-supereffective|p2a: Klefki\n|-damage|p2a: Klefki|0 fnt\n|-boost|p1a: Skeledirge|spa|1\n|faint|p2a: Klefki\n|\n|upkeep\n|\n|t:|1699211177\n|switch|p2a: Slaking|Slaking, F|77\/100\n|turn|18\n|\n|t:|1699211185\n|move|p2a: Slaking|Earthquake|p1a: Skeledirge\n|-supereffective|p1a: Skeledirge\n|-damage|p1a: Skeledirge|27\/100\n|move|p1a: Skeledirge|Torch Song|p2a: Slaking\n|-damage|p2a: Slaking|32\/100\n|-boost|p1a: Skeledirge|spa|1\n|\n|-sideend|p2: Crabbrawlers|Reflect\n|upkeep\n|turn|19\n|\n|t:|1699211201\n|cant|p2a: Slaking|ability: Truant\n|move|p1a: Skeledirge|Torch Song|p2a: Slaking\n|-damage|p2a: Slaking|0 fnt\n|-boost|p1a: Skeledirge|spa|1\n|faint|p2a: Slaking\n|\n|upkeep\n|\n|t:|1699211209\n|switch|p2a: Maushold|Maushold-Four|11\/100\n|turn|20\n|\n|t:|1699211215\n|move|p2a: Maushold|Bite|p1a: Skeledirge\n|-supereffective|p1a: Skeledirge\n|-damage|p1a: Skeledirge|1\/100\n|move|p1a: Skeledirge|Slack Off|p1a: Skeledirge\n|-heal|p1a: Skeledirge|51\/100\n|\n|upkeep\n|turn|21\n|\n|t:|1699211222\n|move|p2a: Maushold|Bite|p1a: Skeledirge\n|-supereffective|p1a: Skeledirge\n|-damage|p1a: Skeledirge|26\/100\n|move|p1a: Skeledirge|Slack Off|p1a: Skeledirge\n|-heal|p1a: Skeledirge|76\/100\n|\n|upkeep\n|turn|22\n|\n|t:|1699211238\n|move|p2a: Maushold|Bite|p1a: Skeledirge\n|-supereffective|p1a: Skeledirge\n|-damage|p1a: Skeledirge|50\/100\n|move|p1a: Skeledirge|Slack Off|p1a: Skeledirge\n|-heal|p1a: Skeledirge|99\/100\n|\n|upkeep\n|turn|23\n|\n|t:|1699211261\n|move|p2a: Maushold|Bite|p1a: Skeledirge\n|-supereffective|p1a: Skeledirge\n|-damage|p1a: Skeledirge|77\/100\n|move|p1a: Skeledirge|Torch Song|p2a: Maushold\n|-damage|p2a: Maushold|0 fnt\n|-boost|p1a: Skeledirge|spa|1\n|faint|p2a: Maushold\n|\n|upkeep\n|\n|t:|1699211269\n|switch|p2a: Salamence|Salamence, F|100\/100\n|turn|24\n|\n|t:|1699211274\n|move|p2a: Salamence|Dragon Dance|p2a: Salamence\n|-boost|p2a: Salamence|atk|1\n|-boost|p2a: Salamence|spe|1\n|move|p1a: Skeledirge|Torch Song|p2a: Salamence\n|-resisted|p2a: Salamence\n|-damage|p2a: Salamence|41\/100\n|-boost|p1a: Skeledirge|spa|1\n|\n|upkeep\n|turn|25\n|\n|t:|1699211282\n|move|p2a: Salamence|Outrage|p1a: Skeledirge\n|-damage|p1a: Skeledirge|42\/100\n|move|p1a: Skeledirge|Torch Song|p2a: Salamence\n|-resisted|p2a: Salamence\n|-damage|p2a: Salamence|0 fnt\n|-boost|p1a: Skeledirge|spa|1\n|faint|p2a: Salamence\n|\n|upkeep\n|\n|t:|1699211290\n|switch|p2a: Ogerpon|Ogerpon-Cornerstone, F|100\/100\n|turn|26\n|\n|t:|1699211301\n|move|p2a: Ogerpon|Knock Off|p1a: Skeledirge\n|-supereffective|p1a: Skeledirge\n|-damage|p1a: Skeledirge|0 fnt\n|-enditem|p1a: Skeledirge|Heavy-Duty Boots|[from] move: Knock Off|[of] p2a: Ogerpon\n|faint|p1a: Skeledirge\n|\n|upkeep\n|\n|t:|1699211307\n|switch|p1a: Kingambit|Kingambit, F|100\/100\n|-damage|p1a: Kingambit|76\/100|[from] Spikes\n|-activate|p1a: Kingambit|ability: Supreme Overlord\n|-start|p1a: Kingambit|fallen5|[silent]\n|turn|27\n|\n|t:|1699211317\n|move|p2a: Ogerpon|Knock Off|p1a: Kingambit\n|-resisted|p1a: Kingambit\n|-damage|p1a: Kingambit|60\/100\n|-enditem|p1a: Kingambit|Black Glasses|[from] move: Knock Off|[of] p2a: Ogerpon\n|move|p1a: Kingambit|Kowtow Cleave|p2a: Ogerpon\n|-damage|p2a: Ogerpon|6\/100\n|\n|upkeep\n|turn|28\n|\n|t:|1699211330\n|move|p1a: Kingambit|Sucker Punch|p2a: Ogerpon\n|-damage|p2a: Ogerpon|0 fnt\n|faint|p2a: Ogerpon\n|\n|win|Snorlaxsleepers\n","uploadtime":1699211343,"views":20,"p1id":"snorlaxsleepers","p2id":"crabbrawlers","formatid":"gen9anythinggoes","rating":0,"private":0,"password":""}