{"id":"gen9anythinggoes-1980649470","p1":"ooohhh99","p2":"Your num","format":"[Gen 9] Anything Goes","log":"|j|\u2606ooohhh99\n|j|\u2606Your num\n|t:|1698807688\n|gametype|singles\n|player|p1|ooohhh99|hilbert-wonderlauncher|\n|player|p2|Your num|101|\n|teamsize|p1|6\n|teamsize|p2|6\n|gen|9\n|tier|[Gen 9] Anything Goes\n|rule|HP Percentage Mod: HP is shown in percentages\n|rule|Endless Battle Clause: Forcing endless battles is banned\n|clearpoke\n|poke|p1|Dondozo, F|\n|poke|p1|Lokix, M|\n|poke|p1|Donphan, F|\n|poke|p1|Florges-Blue, F|\n|poke|p1|Clodsire, M|\n|poke|p1|Houndstone, M|\n|poke|p2|Pachirisu, F|\n|poke|p2|Glaceon, M|\n|poke|p2|Gengar, M|\n|poke|p2|Gyarados, M|\n|poke|p2|Garchomp, F|\n|poke|p2|Polteageist|\n|teampreview\n|\n|t:|1698807705\n|start\n|switch|p1a: Donphan|Donphan, F|100\/100\n|switch|p2a: Gyarados|Gyarados, M|100\/100\n|-ability|p2a: Gyarados|Intimidate|boost\n|-unboost|p1a: Donphan|atk|1\n|turn|1\n|\n|t:|1698807712\n|switch|p1a: Dondozo|Dondozo, F|100\/100\n|move|p2a: Gyarados|Waterfall|p1a: Dondozo\n|-resisted|p1a: Dondozo\n|-damage|p1a: Dondozo|91\/100\n|\n|-heal|p1a: Dondozo|97\/100|[from] item: Leftovers\n|upkeep\n|turn|2\n|inactive|Battle timer is ON: inactive players will automatically lose when time's up. (requested by ooohhh99)\n|\n|t:|1698807727\n|switch|p2a: Pachirisu|Pachirisu, F|100\/100\n|move|p1a: Dondozo|Yawn|p2a: Pachirisu\n|-start|p2a: Pachirisu|move: Yawn|[of] p1a: Dondozo\n|\n|-heal|p1a: Dondozo|100\/100|[from] item: Leftovers\n|upkeep\n|turn|3\n|\n|t:|1698807735\n|switch|p1a: Donphan|Donphan, F|100\/100\n|move|p2a: Pachirisu|U-turn|p1a: Donphan\n|-damage|p1a: Donphan|96\/100\n|\n|t:|1698807739\n|switch|p2a: Gyarados|Gyarados, M|100\/100|[from] U-turn\n|-ability|p2a: Gyarados|Intimidate|boost\n|-unboost|p1a: Donphan|atk|1\n|\n|upkeep\n|turn|4\n|\n|t:|1698807745\n|switch|p1a: Dondozo|Dondozo, F|100\/100\n|move|p2a: Gyarados|Dragon Dance|p2a: Gyarados\n|-boost|p2a: Gyarados|atk|1\n|-boost|p2a: Gyarados|spe|1\n|\n|upkeep\n|turn|5\n|\n|t:|1698807761\n|move|p2a: Gyarados|Earthquake|p1a: Dondozo\n|-damage|p1a: Dondozo|83\/100\n|move|p1a: Dondozo|Wave Crash|p2a: Gyarados\n|-resisted|p2a: Gyarados\n|-damage|p2a: Gyarados|74\/100\n|-damage|p1a: Dondozo|77\/100|[from] Recoil\n|\n|-heal|p2a: Gyarados|80\/100|[from] item: Leftovers\n|-heal|p1a: Dondozo|84\/100|[from] item: Leftovers\n|upkeep\n|turn|6\n|\n|t:|1698807766\n|move|p2a: Gyarados|Protect|p2a: Gyarados\n|-singleturn|p2a: Gyarados|Protect\n|move|p1a: Dondozo|Yawn|p2a: Gyarados\n|-activate|p2a: Gyarados|move: Protect\n|\n|-heal|p2a: Gyarados|86\/100|[from] item: Leftovers\n|-heal|p1a: Dondozo|90\/100|[from] item: Leftovers\n|upkeep\n|turn|7\n|\n|t:|1698807770\n|move|p2a: Gyarados|Dragon Dance|p2a: Gyarados\n|-boost|p2a: Gyarados|atk|1\n|-boost|p2a: Gyarados|spe|1\n|move|p1a: Dondozo|Yawn|p2a: Gyarados\n|-start|p2a: Gyarados|move: Yawn|[of] p1a: Dondozo\n|\n|-heal|p2a: Gyarados|92\/100|[from] item: Leftovers\n|-heal|p1a: Dondozo|96\/100|[from] item: Leftovers\n|upkeep\n|turn|8\n|\n|t:|1698807774\n|switch|p2a: Pachirisu|Pachirisu, F|100\/100\n|move|p1a: Dondozo|Earthquake|p2a: Pachirisu\n|-supereffective|p2a: Pachirisu\n|-damage|p2a: Pachirisu|34\/100\n|\n|-heal|p1a: Dondozo|100\/100|[from] item: Leftovers\n|upkeep\n|turn|9\n|\n|t:|1698807782\n|switch|p1a: Clodsire|Clodsire, M|100\/100\n|move|p2a: Pachirisu|Nuzzle|p1a: Clodsire\n|-immune|p1a: Clodsire\n|\n|upkeep\n|turn|10\n|\n|t:|1698807795\n|move|p2a: Pachirisu|U-turn|p1a: Clodsire\n|-resisted|p1a: Clodsire\n|-damage|p1a: Clodsire|96\/100\n|\n|t:|1698807805\n|switch|p2a: Gyarados|Gyarados, M|92\/100|[from] U-turn\n|-ability|p2a: Gyarados|Intimidate|boost\n|-unboost|p1a: Clodsire|atk|1\n|move|p1a: Clodsire|Earthquake|p2a: Gyarados\n|-immune|p2a: Gyarados\n|\n|-heal|p2a: Gyarados|98\/100|[from] item: Leftovers\n|-heal|p1a: Clodsire|100\/100|[from] item: Leftovers\n|upkeep\n|turn|11\n|\n|t:|1698807815\n|switch|p1a: Dondozo|Dondozo, F|100\/100\n|move|p2a: Gyarados|Waterfall|p1a: Dondozo\n|-resisted|p1a: Dondozo\n|-damage|p1a: Dondozo|91\/100\n|\n|-heal|p2a: Gyarados|100\/100|[from] item: Leftovers\n|-heal|p1a: Dondozo|97\/100|[from] item: Leftovers\n|upkeep\n|turn|12\n|\n|t:|1698807824\n|move|p2a: Gyarados|Earthquake|p1a: Dondozo\n|-damage|p1a: Dondozo|81\/100\n|move|p1a: Dondozo|Wave Crash|p2a: Gyarados\n|-resisted|p2a: Gyarados\n|-damage|p2a: Gyarados|72\/100\n|-damage|p1a: Dondozo|75\/100|[from] Recoil\n|\n|-heal|p2a: Gyarados|78\/100|[from] item: Leftovers\n|-heal|p1a: Dondozo|81\/100|[from] item: Leftovers\n|upkeep\n|turn|13\n|\n|t:|1698807830\n|move|p2a: Gyarados|Protect|p2a: Gyarados\n|-singleturn|p2a: Gyarados|Protect\n|move|p1a: Dondozo|Yawn|p2a: Gyarados\n|-activate|p2a: Gyarados|move: Protect\n|\n|-heal|p2a: Gyarados|84\/100|[from] item: Leftovers\n|-heal|p1a: Dondozo|87\/100|[from] item: Leftovers\n|upkeep\n|turn|14\n|\n|t:|1698807839\n|move|p2a: Gyarados|Earthquake|p1a: Dondozo\n|-damage|p1a: Dondozo|69\/100\n|move|p1a: Dondozo|Wave Crash|p2a: Gyarados\n|-resisted|p2a: Gyarados\n|-damage|p2a: Gyarados|58\/100\n|-damage|p1a: Dondozo|64\/100|[from] Recoil\n|\n|-heal|p2a: Gyarados|64\/100|[from] item: Leftovers\n|-heal|p1a: Dondozo|70\/100|[from] item: Leftovers\n|upkeep\n|turn|15\n|\n|t:|1698807844\n|move|p2a: Gyarados|Protect|p2a: Gyarados\n|-singleturn|p2a: Gyarados|Protect\n|move|p1a: Dondozo|Tera Blast|p2a: Gyarados\n|-activate|p2a: Gyarados|move: Protect\n|\n|-heal|p2a: Gyarados|70\/100|[from] item: Leftovers\n|-heal|p1a: Dondozo|76\/100|[from] item: Leftovers\n|upkeep\n|turn|16\n|\n|t:|1698807848\n|move|p2a: Gyarados|Earthquake|p1a: Dondozo\n|-damage|p1a: Dondozo|60\/100\n|move|p1a: Dondozo|Yawn|p2a: Gyarados\n|-start|p2a: Gyarados|move: Yawn|[of] p1a: Dondozo\n|\n|-heal|p2a: Gyarados|76\/100|[from] item: Leftovers\n|-heal|p1a: Dondozo|66\/100|[from] item: Leftovers\n|upkeep\n|turn|17\n|\n|t:|1698807856\n|switch|p2a: Pachirisu|Pachirisu, F|34\/100\n|move|p1a: Dondozo|Earthquake|p2a: Pachirisu\n|-supereffective|p2a: Pachirisu\n|-damage|p2a: Pachirisu|0 fnt\n|faint|p2a: Pachirisu\n|\n|-heal|p1a: Dondozo|72\/100|[from] item: Leftovers\n|upkeep\n|\n|t:|1698807865\n|switch|p2a: Glaceon|Glaceon, M|100\/100\n|turn|18\n|\n|t:|1698807875\n|switch|p1a: Florges|Florges-Blue, F|100\/100\n|move|p2a: Glaceon|Yawn|p1a: Florges\n|-start|p1a: Florges|move: Yawn|[of] p2a: Glaceon\n|\n|upkeep\n|turn|19\n|\n|t:|1698807886\n|switch|p1a: Lokix|Lokix, M|100\/100\n|move|p2a: Glaceon|Wish|p2a: Glaceon\n|\n|upkeep\n|turn|20\n|\n|t:|1698807897\n|move|p1a: Lokix|First Impression|p2a: Glaceon\n|-damage|p2a: Glaceon|71\/100\n|move|p2a: Glaceon|Calm Mind|p2a: Glaceon\n|-boost|p2a: Glaceon|spa|1\n|-boost|p2a: Glaceon|spd|1\n|\n|-heal|p2a: Glaceon|100\/100|[from] move: Wish|[wisher] Glaceon\n|upkeep\n|turn|21\n|\n|t:|1698807906\n|switch|p1a: Clodsire|Clodsire, M|100\/100\n|move|p2a: Glaceon|Ice Beam|p1a: Clodsire\n|-supereffective|p1a: Clodsire\n|-damage|p1a: Clodsire|56\/100\n|\n|-heal|p1a: Clodsire|62\/100|[from] item: Leftovers\n|upkeep\n|turn|22\n|\n|t:|1698807916\n|move|p2a: Glaceon|Wish|p2a: Glaceon\n|move|p1a: Clodsire|Earthquake|p2a: Glaceon\n|-damage|p2a: Glaceon|82\/100\n|\n|-heal|p2a: Glaceon|88\/100|[from] item: Leftovers\n|-heal|p1a: Clodsire|69\/100|[from] item: Leftovers\n|upkeep\n|turn|23\n|\n|t:|1698807922\n|switch|p1a: Florges|Florges-Blue, F|100\/100\n|move|p2a: Glaceon|Calm Mind|p2a: Glaceon\n|-boost|p2a: Glaceon|spa|1\n|-boost|p2a: Glaceon|spd|1\n|\n|-heal|p2a: Glaceon|100\/100|[from] move: Wish|[wisher] Glaceon\n|upkeep\n|turn|24\n|\n|t:|1698807940\n|switch|p1a: Donphan|Donphan, F|96\/100\n|move|p2a: Glaceon|Yawn|p1a: Donphan\n|-start|p1a: Donphan|move: Yawn|[of] p2a: Glaceon\n|\n|upkeep\n|turn|25\n|\n|t:|1698807952\n|move|p2a: Glaceon|Calm Mind|p2a: Glaceon\n|-boost|p2a: Glaceon|spa|1\n|-boost|p2a: Glaceon|spd|1\n|move|p1a: Donphan|Stealth Rock|p2a: Glaceon\n|-sidestart|p2: Your num|move: Stealth Rock\n|\n|-end|p1a: Donphan|move: Yawn|[silent]\n|-status|p1a: Donphan|slp\n|upkeep\n|turn|26\n|\n|t:|1698807962\n|move|p2a: Glaceon|Calm Mind|p2a: Glaceon\n|-boost|p2a: Glaceon|spa|1\n|-boost|p2a: Glaceon|spd|1\n|cant|p1a: Donphan|slp\n|\n|upkeep\n|turn|27\n|\n|t:|1698807966\n|switch|p1a: Dondozo|Dondozo, F|72\/100\n|move|p2a: Glaceon|Calm Mind|p2a: Glaceon\n|-boost|p2a: Glaceon|spa|1\n|-boost|p2a: Glaceon|spd|1\n|\n|-heal|p1a: Dondozo|78\/100|[from] item: Leftovers\n|upkeep\n|turn|28\n|\n|t:|1698807973\n|move|p2a: Glaceon|Wish|p2a: Glaceon\n|move|p1a: Dondozo|Earthquake|p2a: Glaceon\n|-damage|p2a: Glaceon|86\/100\n|\n|-heal|p2a: Glaceon|92\/100|[from] item: Leftovers\n|-heal|p1a: Dondozo|85\/100|[from] item: Leftovers\n|upkeep\n|turn|29\n|\n|t:|1698807981\n|move|p2a: Glaceon|Ice Beam|p1a: Dondozo\n|-resisted|p1a: Dondozo\n|-damage|p1a: Dondozo|67\/100\n|move|p1a: Dondozo|Yawn|p2a: Glaceon\n|-start|p2a: Glaceon|move: Yawn|[of] p1a: Dondozo\n|\n|-heal|p2a: Glaceon|100\/100|[from] move: Wish|[wisher] Glaceon\n|-heal|p1a: Dondozo|74\/100|[from] item: Leftovers\n|upkeep\n|turn|30\n|\n|t:|1698808003\n|switch|p2a: Gengar|Gengar, M|100\/100\n|-damage|p2a: Gengar|88\/100|[from] Stealth Rock\n|move|p1a: Dondozo|Earthquake|p2a: Gengar\n|-supereffective|p2a: Gengar\n|-damage|p2a: Gengar|0 fnt\n|faint|p2a: Gengar\n|\n|-heal|p1a: Dondozo|80\/100|[from] item: Leftovers\n|upkeep\n|\n|t:|1698808011\n|switch|p2a: Polteageist|Polteageist|100\/100\n|-damage|p2a: Polteageist|88\/100|[from] Stealth Rock\n|turn|31\n|\n|t:|1698808018\n|move|p2a: Polteageist|Protect|p2a: Polteageist\n|-singleturn|p2a: Polteageist|Protect\n|move|p1a: Dondozo|Wave Crash|p2a: Polteageist\n|-activate|p2a: Polteageist|move: Protect\n|\n|-heal|p2a: Polteageist|94\/100|[from] item: Leftovers\n|-heal|p1a: Dondozo|86\/100|[from] item: Leftovers\n|upkeep\n|turn|32\n|\n|t:|1698808023\n|move|p2a: Polteageist|Shadow Ball|p1a: Dondozo\n|-damage|p1a: Dondozo|41\/100\n|-unboost|p1a: Dondozo|spd|1\n|move|p1a: Dondozo|Wave Crash|p2a: Polteageist\n|-damage|p2a: Polteageist|28\/100\n|-ability|p2a: Polteageist|Weak Armor|boost\n|-unboost|p2a: Polteageist|def|1\n|-boost|p2a: Polteageist|spe|2\n|-damage|p1a: Dondozo|27\/100|[from] Recoil\n|\n|-heal|p2a: Polteageist|34\/100|[from] item: Leftovers\n|-heal|p1a: Dondozo|33\/100|[from] item: Leftovers\n|upkeep\n|turn|33\n|\n|t:|1698808032\n|switch|p1a: Clodsire|Clodsire, M|69\/100\n|move|p2a: Polteageist|Shadow Ball|p1a: Clodsire\n|-damage|p1a: Clodsire|45\/100\n|\n|-heal|p2a: Polteageist|41\/100|[from] item: Leftovers\n|-heal|p1a: Clodsire|51\/100|[from] item: Leftovers\n|upkeep\n|turn|34\n|\n|t:|1698808039\n|move|p2a: Polteageist|Protect|p2a: Polteageist\n|-singleturn|p2a: Polteageist|Protect\n|move|p1a: Clodsire|Earthquake|p2a: Polteageist\n|-activate|p2a: Polteageist|move: Protect\n|\n|-heal|p2a: Polteageist|47\/100|[from] item: Leftovers\n|-heal|p1a: Clodsire|58\/100|[from] item: Leftovers\n|upkeep\n|turn|35\n|\n|t:|1698808062\n|switch|p2a: Gyarados|Gyarados, M|76\/100\n|-damage|p2a: Gyarados|52\/100|[from] Stealth Rock\n|-ability|p2a: Gyarados|Intimidate|boost\n|-unboost|p1a: Clodsire|atk|1\n|move|p1a: Clodsire|Earthquake|p2a: Gyarados\n|-immune|p2a: Gyarados\n|\n|-heal|p2a: Gyarados|58\/100|[from] item: Leftovers\n|-heal|p1a: Clodsire|64\/100|[from] item: Leftovers\n|upkeep\n|turn|36\n|\n|t:|1698808072\n|switch|p1a: Dondozo|Dondozo, F|33\/100\n|move|p2a: Gyarados|Earthquake|p1a: Dondozo\n|-damage|p1a: Dondozo|16\/100\n|\n|-heal|p2a: Gyarados|64\/100|[from] item: Leftovers\n|-heal|p1a: Dondozo|23\/100|[from] item: Leftovers\n|upkeep\n|turn|37\n|\n|t:|1698808080\n|move|p2a: Gyarados|Protect|p2a: Gyarados\n|-singleturn|p2a: Gyarados|Protect\n|move|p1a: Dondozo|Wave Crash|p2a: Gyarados\n|-activate|p2a: Gyarados|move: Protect\n|\n|-heal|p2a: Gyarados|70\/100|[from] item: Leftovers\n|-heal|p1a: Dondozo|29\/100|[from] item: Leftovers\n|upkeep\n|turn|38\n|\n|t:|1698808105\n|move|p2a: Gyarados|Waterfall|p1a: Dondozo\n|-resisted|p1a: Dondozo\n|-damage|p1a: Dondozo|18\/100\n|move|p1a: Dondozo|Earthquake|p2a: Gyarados\n|-immune|p2a: Gyarados\n|\n|-heal|p2a: Gyarados|76\/100|[from] item: Leftovers\n|-heal|p1a: Dondozo|24\/100|[from] item: Leftovers\n|upkeep\n|turn|39\n|\n|t:|1698808117\n|switch|p1a: Lokix|Lokix, M|100\/100\n|move|p2a: Gyarados|Protect||[still]\n|-fail|p2a: Gyarados\n|\n|-heal|p2a: Gyarados|82\/100|[from] item: Leftovers\n|upkeep\n|turn|40\n|\n|t:|1698808132\n|move|p2a: Gyarados|Protect|p2a: Gyarados\n|-singleturn|p2a: Gyarados|Protect\n|move|p1a: Lokix|First Impression|p2a: Gyarados\n|-activate|p2a: Gyarados|move: Protect\n|\n|-heal|p2a: Gyarados|88\/100|[from] item: Leftovers\n|upkeep\n|turn|41\n|\n|t:|1698808141\n|move|p1a: Lokix|Knock Off|p2a: Gyarados\n|-crit|p2a: Gyarados\n|-damage|p2a: Gyarados|0 fnt\n|-enditem|p2a: Gyarados|Leftovers|[from] move: Knock Off|[of] p1a: Lokix\n|faint|p2a: Gyarados\n|\n|upkeep\n|\n|t:|1698808152\n|switch|p2a: Garchomp|Garchomp, F|100\/100\n|-damage|p2a: Garchomp|94\/100|[from] Stealth Rock\n|turn|42\n|\n|t:|1698808157\n|move|p2a: Garchomp|Fire Fang|p1a: Lokix\n|-supereffective|p1a: Lokix\n|-damage|p1a: Lokix|32\/100\n|move|p1a: Lokix|Knock Off|p2a: Garchomp\n|-damage|p2a: Garchomp|44\/100\n|-damage|p1a: Lokix|20\/100|[from] ability: Rough Skin|[of] p2a: Garchomp\n|-enditem|p2a: Garchomp|Leftovers|[from] move: Knock Off|[of] p1a: Lokix\n|\n|upkeep\n|turn|43\n|\n|t:|1698808174\n|move|p1a: Lokix|Sucker Punch|p2a: Garchomp\n|-damage|p2a: Garchomp|6\/100\n|-damage|p1a: Lokix|7\/100|[from] ability: Rough Skin|[of] p2a: Garchomp\n|move|p2a: Garchomp|Fire Fang|p1a: Lokix\n|-supereffective|p1a: Lokix\n|-damage|p1a: Lokix|0 fnt\n|faint|p1a: Lokix\n|\n|upkeep\n|\n|t:|1698808181\n|switch|p1a: Florges|Florges-Blue, F|100\/100\n|turn|44\n|\n|t:|1698808193\n|move|p2a: Garchomp|Protect|p2a: Garchomp\n|-singleturn|p2a: Garchomp|Protect\n|move|p1a: Florges|Moonblast|p2a: Garchomp\n|-activate|p2a: Garchomp|move: Protect\n|\n|upkeep\n|turn|45\n|\n|t:|1698808207\n|move|p1a: Florges|Moonblast|p2a: Garchomp\n|-supereffective|p2a: Garchomp\n|-damage|p2a: Garchomp|0 fnt\n|faint|p2a: Garchomp\n|\n|upkeep\n|\n|t:|1698808214\n|switch|p2a: Glaceon|Glaceon, M|100\/100\n|-damage|p2a: Glaceon|76\/100|[from] Stealth Rock\n|turn|46\n|\n|t:|1698808219\n|move|p1a: Florges|Moonblast|p2a: Glaceon\n|-damage|p2a: Glaceon|26\/100\n|move|p2a: Glaceon|Wish|p2a: Glaceon\n|\n|-heal|p2a: Glaceon|32\/100|[from] item: Leftovers\n|upkeep\n|turn|47\n|\n|t:|1698808224\n|move|p1a: Florges|Moonblast|p2a: Glaceon\n|-damage|p2a: Glaceon|0 fnt\n|faint|p2a: Glaceon\n|\n|upkeep\n|\n|t:|1698808226\n|switch|p2a: Polteageist|Polteageist|47\/100\n|-damage|p2a: Polteageist|34\/100|[from] Stealth Rock\n|turn|48\n|\n|t:|1698808228\n|move|p1a: Florges|Moonblast|p2a: Polteageist\n|-damage|p2a: Polteageist|0 fnt\n|faint|p2a: Polteageist\n|\n|win|ooohhh99\n|l|\u2606Your num\n","uploadtime":1698808236,"views":12,"p1id":"ooohhh99","p2id":"yournum","formatid":"gen9anythinggoes","rating":0,"private":0,"password":""}