{"id":"gen9anythinggoes-1980711871","p1":"WafflyWaff","p2":"smiley123","format":"[Gen 9] Anything Goes","log":"|j|\u2606WafflyWaff\n|j|\u2606smiley123\n|t:|1698817342\n|gametype|singles\n|player|p1|WafflyWaff|2|1266\n|player|p2|smiley123|2|1438\n|teamsize|p1|6\n|teamsize|p2|6\n|gen|9\n|tier|[Gen 9] Anything Goes\n|rated|\n|rule|HP Percentage Mod: HP is shown in percentages\n|rule|Endless Battle Clause: Forcing endless battles is banned\n|clearpoke\n|poke|p1|Calyrex-Shadow|\n|poke|p1|Ursaluna-Bloodmoon, M|\n|poke|p1|Ditto|\n|poke|p1|Sneasler, F|\n|poke|p1|Haxorus, M|\n|poke|p1|Gardevoir, F|\n|poke|p2|Greninja-*, M|\n|poke|p2|Cinderace, M|\n|poke|p2|Iron Hands|\n|poke|p2|Ditto|\n|poke|p2|Arceus|\n|poke|p2|Shaymin-Sky|\n|teampreview\n|inactive|Battle timer is ON: inactive players will automatically lose when time's up. (requested by WafflyWaff)\n|c|\u2606WafflyWaff|Another noob\n|l|\u2606WafflyWaff\n|inactive|WafflyWaff disconnected and has a minute to reconnect!\n|player|p1|\n|c|\u2606smiley123|XD wow\n|j|\u2606WafflyWaff\n|inactive|WafflyWaff reconnected and has 115 seconds left.\n|player|p1|WafflyWaff|2\n|\n|t:|1698817401\n|start\n|switch|p1a: \ud83e\udd75|Gardevoir, F, shiny|100\/100\n|switch|p2a: Shaymin|Shaymin-Sky|100\/100\n|-ability|p1a: \ud83e\udd75|Serene Grace|[from] ability: Trace|[of] p2a: Shaymin\n|turn|1\n|c|\u2606smiley123|How are u so talented\n|\n|t:|1698817411\n|move|p2a: Shaymin|Air Slash|p1a: \ud83e\udd75\n|-damage|p1a: \ud83e\udd75|59\/100\n|cant|p1a: \ud83e\udd75|flinch\n|\n|-heal|p1a: \ud83e\udd75|65\/100|[from] item: Leftovers\n|upkeep\n|turn|2\n|c|\u2606WafflyWaff|Yeah its just skill sorru\n|\n|t:|1698817420\n|move|p2a: Shaymin|Air Slash|p1a: \ud83e\udd75\n|-damage|p1a: \ud83e\udd75|26\/100\n|move|p1a: \ud83e\udd75|Encore|p2a: Shaymin\n|-start|p2a: Shaymin|Encore\n|\n|-heal|p1a: \ud83e\udd75|33\/100|[from] item: Leftovers\n|upkeep\n|turn|3\n|\n|t:|1698817428\n|move|p2a: Shaymin|Air Slash|p1a: \ud83e\udd75\n|-damage|p1a: \ud83e\udd75|0 fnt\n|faint|p1a: \ud83e\udd75\n|\n|upkeep\n|\n|t:|1698817433\n|switch|p1a: Sneasler|Sneasler, F|100\/100\n|turn|4\n|\n|t:|1698817435\n|move|p1a: Sneasler|Fake Out|p2a: Shaymin\n|-enditem|p1a: Sneasler|Normal Gem|[from] gem\n|-damage|p2a: Shaymin|77\/100\n|cant|p2a: Shaymin|flinch\n|\n|upkeep\n|turn|5\n|\n|t:|1698817439\n|move|p1a: Sneasler|Acrobatics|p2a: Shaymin\n|-supereffective|p2a: Shaymin\n|-damage|p2a: Shaymin|0 fnt\n|faint|p2a: Shaymin\n|\n|upkeep\n|\n|t:|1698817454\n|switch|p2a: Arceus|Arceus|100\/100\n|turn|6\n|c|\u2606WafflyWaff|Lol\n|c|\u2606WafflyWaff|Noob\n|\n|t:|1698817458\n|move|p2a: Arceus|Extreme Speed|p1a: Sneasler\n|-damage|p1a: Sneasler|25\/100\n|move|p1a: Sneasler|Close Combat|p2a: Arceus\n|-supereffective|p2a: Arceus\n|-damage|p2a: Arceus|12\/100\n|-unboost|p1a: Sneasler|def|1\n|-unboost|p1a: Sneasler|spd|1\n|\n|-heal|p2a: Arceus|18\/100|[from] item: Leftovers\n|upkeep\n|turn|7\n|c|\u2606smiley123|Whats noob in that dude\n|\n|t:|1698817472\n|switch|p1a: Janitor|Calyrex-Shadow|100\/100\n|-ability|p1a: Janitor|As One\n|-ability|p1a: Janitor|Unnerve\n|move|p2a: Arceus|Extreme Speed|p1a: Janitor\n|-immune|p1a: Janitor\n|\n|-heal|p2a: Arceus|24\/100|[from] item: Leftovers\n|upkeep\n|turn|8\n|c|\u2606WafflyWaff|Whats noob in thay\n|\n|t:|1698817488\n|move|p1a: Janitor|Psychic|p2a: Arceus\n|-damage|p2a: Arceus|0 fnt\n|faint|p2a: Arceus\n|-ability|p1a: Janitor|Grim Neigh|boost\n|-boost|p1a: Janitor|spa|1\n|\n|upkeep\n|\n|t:|1698817491\n|switch|p2a: Cinderace|Cinderace, M|100\/100\n|turn|9\n|c|\u2606WafflyWaff|Just forfei\n|c|\u2606WafflyWaff|Forfeit now\n|\n|t:|1698817497\n|move|p2a: Cinderace|Sucker Punch|p1a: Janitor\n|-start|p2a: Cinderace|typechange|Dark|[from] ability: Libero\n|-supereffective|p1a: Janitor\n|-enditem|p1a: Janitor|Focus Sash\n|-damage|p1a: Janitor|1\/100\n|move|p1a: Janitor|Astral Barrage|p2a: Cinderace\n|-resisted|p2a: Cinderace\n|-damage|p2a: Cinderace|22\/100\n|\n|upkeep\n|turn|10\n|\n|t:|1698817523\n|move|p1a: Janitor|Astral Barrage|p2a: Cinderace\n|-resisted|p2a: Cinderace\n|-damage|p2a: Cinderace|0 fnt\n|faint|p2a: Cinderace\n|-ability|p1a: Janitor|Grim Neigh|boost\n|-boost|p1a: Janitor|spa|1\n|\n|upkeep\n|\n|t:|1698817525\n|switch|p2a: Ditto|Ditto|100\/100\n|-transform|p2a: Ditto|p1a: Janitor|[from] ability: Imposter\n|turn|11\n|\n|t:|1698817533\n|move|p2a: Ditto|Psychic|p1a: Janitor\n|-resisted|p1a: Janitor\n|-damage|p1a: Janitor|0 fnt\n|faint|p1a: Janitor\n|-ability|p2a: Ditto|Grim Neigh|boost\n|-boost|p2a: Ditto|spa|1\n|\n|upkeep\n|\n|t:|1698817535\n|switch|p1a: Booger|Ditto|100\/100\n|turn|12\n|\n|t:|1698817542\n|switch|p1a: Sneasler|Sneasler, F|25\/100\n|move|p2a: Ditto|Psychic|p1a: Sneasler\n|-supereffective|p1a: Sneasler\n|-damage|p1a: Sneasler|0 fnt\n|faint|p1a: Sneasler\n|-ability|p2a: Ditto|Grim Neigh|boost\n|-boost|p2a: Ditto|spa|1\n|\n|upkeep\n|c|\u2606smiley123|So pro .. doesn't know ditto can't copy a ditto\n|inactive|WafflyWaff has 120 seconds left.\n|c|\u2606smiley123|It's ok mate we forget somethings\n|\n|t:|1698817595\n|switch|p1a: Freddy Fazbear|Ursaluna-Bloodmoon, M|100\/100\n|turn|13\n|\n|t:|1698817599\n|-terastallize|p1a: Freddy Fazbear|Fairy\n|move|p2a: Ditto|Psychic|p1a: Freddy Fazbear\n|-damage|p1a: Freddy Fazbear|0 fnt\n|faint|p1a: Freddy Fazbear\n|-ability|p2a: Ditto|Grim Neigh|boost\n|-boost|p2a: Ditto|spa|1\n|\n|upkeep\n|\n|t:|1698817604\n|switch|p1a: Hax|Haxorus, M, shiny|100\/100\n|turn|14\n|\n|t:|1698817607\n|move|p2a: Ditto|Psychic|p1a: Hax\n|-damage|p1a: Hax|0 fnt\n|faint|p1a: Hax\n|-ability|p2a: Ditto|Grim Neigh|boost\n|-boost|p2a: Ditto|spa|1\n|\n|upkeep\n|c|\u2606smiley123|Gg\n|c|\u2606WafflyWaff|Your so trash\n|inactive|WafflyWaff has 120 seconds left.\n|c|\u2606WafflyWaff|You only win with a ditto\n|c|\u2606smiley123|Thanks\n|c|\u2606WafflyWaff|Fucking dumbass\n|-message|WafflyWaff forfeited.\n|\n|win|smiley123\n|raw|WafflyWaff's rating: 1266 &rarr; <strong>1252<\/strong><br \/>(-14 for losing)\n|raw|smiley123's rating: 1438 &rarr; <strong>1449<\/strong><br \/>(+11 for winning)\n","uploadtime":1698817622,"views":9,"p1id":"wafflywaff","p2id":"smiley123","formatid":"gen9anythinggoes","rating":1252,"private":0,"password":""}