{"id":"gen9anythinggoes-1992053001","p1":"CartierJr","p2":"xenoking101","format":"[Gen 9] Anything Goes","log":"|j|\u2606CartierJr\n|j|\u2606xenoking101\n|t:|1700151133\n|gametype|singles\n|player|p1|CartierJr|backpacker|1129\n|player|p2|xenoking101|102|1121\n|teamsize|p1|6\n|teamsize|p2|6\n|gen|9\n|tier|[Gen 9] Anything Goes\n|rated|\n|rule|HP Percentage Mod: HP is shown in percentages\n|rule|Endless Battle Clause: Forcing endless battles is banned\n|clearpoke\n|poke|p1|Ursaluna, M|\n|poke|p1|Maushold|\n|poke|p1|Arboliva, F|\n|poke|p1|Staraptor, M|\n|poke|p1|Ditto|\n|poke|p1|Farigiraf, F|\n|poke|p2|Moltres-Galar|\n|poke|p2|Zapdos-Galar|\n|poke|p2|Regidrago|\n|poke|p2|Ursaluna-Bloodmoon, M|\n|poke|p2|Zoroark-Hisui, M|\n|poke|p2|Zoroark, F|\n|teampreview\n|inactive|Battle timer is ON: inactive players will automatically lose when time's up. (requested by CartierJr)\n|\n|t:|1700151146\n|start\n|switch|p1a: Maushold|Maushold|100\/100\n|switch|p2a: Moltres|Moltres-Galar, shiny|100\/100\n|turn|1\n|\n|t:|1700151158\n|move|p1a: Maushold|Tidy Up|p1a: Maushold\n|-boost|p1a: Maushold|atk|1\n|-boost|p1a: Maushold|spe|1\n|move|p2a: Moltres|Dark Pulse|p1a: Maushold\n|-damage|p1a: Maushold|58\/100\n|\n|upkeep\n|turn|2\n|\n|t:|1700151168\n|move|p1a: Maushold|Population Bomb|p2a: Moltres\n|-damage|p2a: Moltres|81\/100\n|-damage|p2a: Moltres|61\/100\n|-damage|p2a: Moltres|41\/100\n|-damage|p2a: Moltres|19\/100\n|-hitcount|p2a: Moltres|4\n|-ability|p2a: Moltres|Berserk|boost\n|-boost|p2a: Moltres|spa|1\n|move|p2a: Moltres|Dark Pulse|p1a: Maushold\n|-damage|p1a: Maushold|0 fnt\n|faint|p1a: Maushold\n|\n|upkeep\n|\n|t:|1700151189\n|switch|p1a: Staraptor|Staraptor, M|100\/100\n|turn|3\n|\n|t:|1700151198\n|-terastallize|p2a: Moltres|Dragon\n|move|p1a: Staraptor|Brave Bird|p2a: Moltres\n|-damage|p2a: Moltres|0 fnt\n|faint|p2a: Moltres\n|-damage|p1a: Staraptor|94\/100|[from] Recoil\n|\n|upkeep\n|\n|t:|1700151212\n|switch|p2a: Zoroark|Zoroark, F, shiny|100\/100\n|turn|4\n|\n|t:|1700151226\n|move|p1a: Staraptor|Brave Bird|p2a: Zoroark\n|-enditem|p2a: Zoroark|Focus Sash\n|-damage|p2a: Zoroark|1\/100\n|replace|p2a: Zoroark|Zoroark-Hisui, M, shiny\n|-end|p2a: Zoroark|Illusion\n|-damage|p1a: Staraptor|61\/100|[from] Recoil\n|move|p2a: Zoroark|Shadow Claw|p1a: Staraptor\n|-immune|p1a: Staraptor\n|\n|upkeep\n|turn|5\n|\n|t:|1700151239\n|switch|p2a: Regidrago|Regidrago, shiny|100\/100\n|move|p1a: Staraptor|Brave Bird|p2a: Regidrago\n|-damage|p2a: Regidrago|28\/100\n|-damage|p1a: Staraptor|15\/100|[from] Recoil\n|\n|upkeep\n|turn|6\n|\n|t:|1700151248\n|move|p1a: Staraptor|Brave Bird|p2a: Regidrago\n|-damage|p2a: Regidrago|0 fnt\n|faint|p2a: Regidrago\n|-damage|p1a: Staraptor|0 fnt|[from] Recoil\n|faint|p1a: Staraptor\n|\n|upkeep\n|\n|t:|1700151259\n|switch|p1a: Arboliva|Arboliva, F, shiny|100\/100\n|switch|p2a: Zapdos|Zapdos-Galar, shiny|100\/100\n|turn|7\n|\n|t:|1700151275\n|move|p2a: Zapdos|Drill Peck|p1a: Arboliva\n|-supereffective|p1a: Arboliva\n|-damage|p1a: Arboliva|39\/100\n|-fieldstart|move: Grassy Terrain|[from] ability: Seed Sower|[of] p1a: Arboliva\n|move|p1a: Arboliva|Strength Sap|p2a: Zapdos\n|-unboost|p2a: Zapdos|atk|1\n|-ability|p2a: Zapdos|Defiant|boost\n|-boost|p2a: Zapdos|atk|2\n|-heal|p1a: Arboliva|100\/100\n|\n|upkeep\n|turn|8\n|\n|t:|1700151288\n|move|p2a: Zapdos|Drill Peck|p1a: Arboliva\n|-supereffective|p1a: Arboliva\n|-damage|p1a: Arboliva|17\/100\n|move|p1a: Arboliva|Leech Seed|p2a: Zapdos\n|-start|p2a: Zapdos|move: Leech Seed\n|\n|-heal|p1a: Arboliva|23\/100|[from] Grassy Terrain\n|-heal|p1a: Arboliva|29\/100|[from] item: Leftovers\n|-damage|p2a: Zapdos|88\/100|[from] Leech Seed|[of] p1a: Arboliva\n|-heal|p1a: Arboliva|42\/100|[silent]\n|upkeep\n|turn|9\n|\n|t:|1700151304\n|move|p1a: Arboliva|Protect|p1a: Arboliva\n|-singleturn|p1a: Arboliva|Protect\n|move|p2a: Zapdos|Drill Peck|p1a: Arboliva\n|-activate|p1a: Arboliva|move: Protect\n|\n|-heal|p1a: Arboliva|48\/100|[from] Grassy Terrain\n|-heal|p1a: Arboliva|54\/100|[from] item: Leftovers\n|-damage|p2a: Zapdos|75\/100|[from] Leech Seed|[of] p1a: Arboliva\n|-heal|p1a: Arboliva|68\/100|[silent]\n|upkeep\n|turn|10\n|\n|t:|1700151318\n|switch|p1a: Farigiraf|Farigiraf, F, shiny|100\/100\n|move|p2a: Zapdos|Drill Peck|p1a: Farigiraf\n|-damage|p1a: Farigiraf|46\/100\n|-enditem|p1a: Farigiraf|Sitrus Berry|[eat]\n|-heal|p1a: Farigiraf|71\/100|[from] item: Sitrus Berry\n|\n|-heal|p1a: Farigiraf|78\/100|[from] Grassy Terrain\n|-damage|p2a: Zapdos|63\/100|[from] Leech Seed|[of] p1a: Farigiraf\n|-heal|p1a: Farigiraf|88\/100|[silent]\n|upkeep\n|turn|11\n|\n|t:|1700151331\n|move|p2a: Zapdos|Drill Peck|p1a: Farigiraf\n|-damage|p1a: Farigiraf|39\/100\n|move|p1a: Farigiraf|Future Sight|p2a: Zapdos\n|-start|p1a: Farigiraf|move: Future Sight\n|\n|-heal|p1a: Farigiraf|45\/100|[from] Grassy Terrain\n|-damage|p2a: Zapdos|50\/100|[from] Leech Seed|[of] p1a: Farigiraf\n|-heal|p1a: Farigiraf|56\/100|[silent]\n|-fieldend|move: Grassy Terrain\n|-activate|p1a: Farigiraf|ability: Cud Chew\n|-enditem|p1a: Farigiraf|Sitrus Berry|[eat]\n|-heal|p1a: Farigiraf|81\/100|[from] item: Sitrus Berry\n|upkeep\n|turn|12\n|\n|t:|1700151347\n|switch|p2a: Ursaluna|Ursaluna-Bloodmoon, M|100\/100\n|move|p1a: Farigiraf|Trick Room|p1a: Farigiraf\n|-fieldstart|move: Trick Room|[of] p1a: Farigiraf\n|\n|upkeep\n|turn|13\n|\n|t:|1700151360\n|move|p1a: Farigiraf|Future Sight||[still]\n|-fail|p1a: Farigiraf\n|move|p2a: Ursaluna|Calm Mind|p2a: Ursaluna\n|-boost|p2a: Ursaluna|spa|1\n|-boost|p2a: Ursaluna|spd|1\n|\n|-end|p2a: Ursaluna|move: Future Sight\n|-damage|p2a: Ursaluna|69\/100\n|upkeep\n|turn|14\n|\n|t:|1700151369\n|move|p1a: Farigiraf|Future Sight|p2a: Ursaluna\n|-start|p1a: Farigiraf|move: Future Sight\n|move|p2a: Ursaluna|Blood Moon|p1a: Farigiraf\n|-damage|p1a: Farigiraf|9\/100\n|\n|upkeep\n|turn|15\n|\n|t:|1700151381\n|move|p2a: Ursaluna|Body Press|p1a: Farigiraf\n|-damage|p1a: Farigiraf|0 fnt\n|faint|p1a: Farigiraf\n|\n|upkeep\n|\n|t:|1700151386\n|switch|p1a: Ursaluna|Ursaluna, M, shiny|100\/100\n|turn|16\n|\n|t:|1700151406\n|-terastallize|p1a: Ursaluna|Fighting\n|move|p1a: Ursaluna|Drain Punch|p2a: Ursaluna\n|-supereffective|p2a: Ursaluna\n|-damage|p2a: Ursaluna|3\/100\n|-enditem|p2a: Ursaluna|Figy Berry|[eat]\n|-heal|p2a: Ursaluna|36\/100|[from] item: Figy Berry\n|move|p2a: Ursaluna|Blood Moon|p1a: Ursaluna\n|-damage|p1a: Ursaluna|20\/100\n|\n|-end|p2a: Ursaluna|move: Future Sight\n|-damage|p2a: Ursaluna|1\/100\n|-fieldend|move: Trick Room\n|-status|p1a: Ursaluna|brn|[from] item: Flame Orb\n|upkeep\n|turn|17\n|\n|t:|1700151425\n|move|p2a: Ursaluna|Body Slam|p1a: Ursaluna\n|-damage|p1a: Ursaluna|4\/100 brn\n|move|p1a: Ursaluna|Facade|p2a: Ursaluna\n|-damage|p2a: Ursaluna|0 fnt\n|faint|p2a: Ursaluna\n|\n|-damage|p1a: Ursaluna|0 fnt|[from] brn\n|faint|p1a: Ursaluna\n|upkeep\n|\n|t:|1700151435\n|switch|p2a: Zoroark|Zoroark, F, shiny|1\/100\n|switch|p1a: Arboliva|Arboliva, F, shiny|68\/100\n|turn|18\n|\n|t:|1700151445\n|move|p2a: Zoroark|Shadow Claw|p1a: Arboliva\n|-immune|p1a: Arboliva\n|move|p1a: Arboliva|Strength Sap|p2a: Zoroark\n|-unboost|p2a: Zoroark|atk|1\n|-heal|p1a: Arboliva|100\/100\n|\n|upkeep\n|turn|19\n|\n|t:|1700151457\n|move|p2a: Zoroark|Dark Pulse|p1a: Arboliva\n|-damage|p1a: Arboliva|82\/100\n|-fieldstart|move: Grassy Terrain|[from] ability: Seed Sower|[of] p1a: Arboliva\n|move|p1a: Arboliva|Giga Drain|p2a: Zoroark\n|-damage|p2a: Zoroark|0 fnt\n|-heal|p1a: Arboliva|82\/100|[from] drain|[of] p2a: Zoroark\n|replace|p2a: Zoroark|Zoroark-Hisui, M, shiny\n|-end|p2a: Zoroark|Illusion\n|faint|p2a: Zoroark\n|\n|-heal|p1a: Arboliva|88\/100|[from] Grassy Terrain\n|-heal|p1a: Arboliva|94\/100|[from] item: Leftovers\n|upkeep\n|\n|t:|1700151471\n|switch|p2a: Zapdos|Zapdos-Galar, shiny|50\/100\n|turn|20\n|\n|t:|1700151480\n|move|p2a: Zapdos|Brave Bird|p1a: Arboliva\n|-supereffective|p1a: Arboliva\n|-damage|p1a: Arboliva|0 fnt\n|faint|p1a: Arboliva\n|-damage|p2a: Zapdos|22\/100|[from] Recoil\n|\n|upkeep\n|\n|t:|1700151487\n|switch|p1a: Ditto|Ditto, shiny|100\/100\n|-transform|p1a: Ditto|p2a: Zapdos|[from] ability: Imposter\n|turn|21\n|\n|t:|1700151501\n|move|p1a: Ditto|Drill Peck|p2a: Zapdos\n|-supereffective|p2a: Zapdos\n|-damage|p2a: Zapdos|0 fnt\n|faint|p2a: Zapdos\n|\n|upkeep\n|\n|t:|1700151506\n|switch|p2a: Zoroark|Zoroark, F, shiny|100\/100\n|turn|22\n|\n|t:|1700151519\n|move|p1a: Ditto|Drill Peck|p2a: Zoroark\n|-damage|p2a: Zoroark|42\/100\n|move|p2a: Zoroark|Shadow Claw|p1a: Ditto\n|-crit|p1a: Ditto\n|-damage|p1a: Ditto|72\/100\n|\n|-heal|p2a: Zoroark|48\/100|[from] Grassy Terrain\n|upkeep\n|turn|23\n|\n|t:|1700151529\n|move|p1a: Ditto|Drill Peck|p2a: Zoroark\n|-damage|p2a: Zoroark|0 fnt\n|faint|p2a: Zoroark\n|\n|win|CartierJr\n|raw|CartierJr's rating: 1129 &rarr; <strong>1153<\/strong><br \/>(+24 for winning)\n|raw|xenoking101's rating: 1121 &rarr; <strong>1097<\/strong><br \/>(-24 for losing)\n","uploadtime":1700151536,"views":4,"p1id":"cartierjr","p2id":"xenoking101","formatid":"gen9anythinggoes","rating":1097,"private":0,"password":""}