{"id":"gen9anythinggoes-1978850042","p1":"Exploke","p2":"Kobe Airlines","format":"[Gen 9] Anything Goes","log":"|j|\u2606Exploke\n|j|\u2606Kobe Airlines\n|t:|1698602524\n|gametype|singles\n|player|p1|Exploke|rocketgrunt|\n|player|p2|Kobe Airlines|clown|\n|teamsize|p1|6\n|teamsize|p2|6\n|gen|9\n|tier|[Gen 9] Anything Goes\n|rule|HP Percentage Mod: HP is shown in percentages\n|rule|Endless Battle Clause: Forcing endless battles is banned\n|clearpoke\n|poke|p1|Baxcalibur, M|\n|poke|p1|Gengar, M|\n|poke|p1|Slowking, F|\n|poke|p1|Gliscor, M|\n|poke|p1|Clefable, F|\n|poke|p1|Rotom-Fan|\n|poke|p2|Dragapult, M|\n|poke|p2|Zoroark-Hisui, M|\n|poke|p2|Ribombee, M|\n|poke|p2|Hoopa-Unbound|\n|poke|p2|Maushold|\n|poke|p2|Scream Tail|\n|teampreview\n|\n|t:|1698602629\n|start\n|switch|p1a: Gengar|Gengar, M, shiny|100\/100\n|switch|p2a: Tom & Jerry & Jery|Maushold|100\/100\n|turn|1\n|\n|t:|1698602659\n|move|p2a: Tom & Jerry & Jery|Tidy Up|p2a: Tom & Jerry & Jery\n|-boost|p2a: Tom & Jerry & Jery|atk|1\n|-boost|p2a: Tom & Jerry & Jery|spe|1\n|move|p1a: Gengar|Shadow Ball|p2a: Tom & Jerry & Jery\n|-immune|p2a: Tom & Jerry & Jery\n|\n|upkeep\n|turn|2\n|\n|t:|1698602678\n|-terastallize|p2a: Tom & Jerry & Jery|Normal\n|move|p2a: Tom & Jerry & Jery|Bite|p1a: Gengar\n|-supereffective|p1a: Gengar\n|-crit|p1a: Gengar\n|-damage|p1a: Gengar|0 fnt\n|faint|p1a: Gengar\n|\n|upkeep\n|\n|t:|1698602728\n|switch|p1a: Baxcalibur|Baxcalibur, M, shiny|100\/100\n|turn|3\n|\n|t:|1698602757\n|move|p2a: Tom & Jerry & Jery|Population Bomb|p1a: Baxcalibur\n|-damage|p1a: Baxcalibur|77\/100\n|-damage|p1a: Baxcalibur|54\/100\n|-damage|p1a: Baxcalibur|33\/100\n|-damage|p1a: Baxcalibur|9\/100\n|-damage|p1a: Baxcalibur|0 fnt\n|faint|p1a: Baxcalibur\n|-hitcount|p1: Baxcalibur|5\n|\n|upkeep\n|\n|t:|1698602780\n|switch|p1a: Clefable|Clefable, F, shiny|100\/100\n|turn|4\n|\n|t:|1698602800\n|move|p1a: Clefable|Protect|p1a: Clefable\n|-singleturn|p1a: Clefable|Protect\n|move|p2a: Tom & Jerry & Jery|Population Bomb|p1a: Clefable\n|-activate|p1a: Clefable|move: Protect\n|\n|upkeep\n|turn|5\n|\n|t:|1698602811\n|move|p2a: Tom & Jerry & Jery|Population Bomb|p1a: Clefable\n|-damage|p1a: Clefable|85\/100\n|-damage|p1a: Clefable|68\/100\n|-damage|p1a: Clefable|50\/100\n|-damage|p1a: Clefable|33\/100\n|-crit|p1a: Clefable\n|-damage|p1a: Clefable|6\/100\n|-damage|p1a: Clefable|0 fnt\n|faint|p1a: Clefable\n|-hitcount|p1: Clefable|6\n|\n|upkeep\n|\n|t:|1698602911\n|switch|p1a: Gliscor|Gliscor, M, shiny|100\/100\n|turn|6\n|\n|t:|1698602928\n|move|p2a: Tom & Jerry & Jery|Population Bomb|p1a: Gliscor\n|-damage|p1a: Gliscor|86\/100\n|-damage|p1a: Gliscor|73\/100\n|-damage|p1a: Gliscor|60\/100\n|-damage|p1a: Gliscor|46\/100\n|-damage|p1a: Gliscor|33\/100\n|-damage|p1a: Gliscor|21\/100\n|-damage|p1a: Gliscor|8\/100\n|-damage|p1a: Gliscor|0 fnt\n|faint|p1a: Gliscor\n|-hitcount|p1: Gliscor|8\n|\n|upkeep\n|\n|t:|1698602942\n|switch|p1a: Rotom|Rotom-Fan, shiny|100\/100\n|turn|7\n|\n|t:|1698602949\n|-terastallize|p1a: Rotom|Electric\n|move|p2a: Tom & Jerry & Jery|Population Bomb|p1a: Rotom\n|-damage|p1a: Rotom|71\/100\n|-damage|p1a: Rotom|42\/100\n|-damage|p1a: Rotom|11\/100\n|-damage|p1a: Rotom|0 fnt\n|faint|p1a: Rotom\n|-hitcount|p1: Rotom|4\n|\n|upkeep\n|\n|t:|1698602962\n|switch|p1a: Slowking|Slowking, F, shiny|100\/100\n|turn|8\n|\n|t:|1698602971\n|move|p2a: Tom & Jerry & Jery|Population Bomb|p1a: Slowking\n|-damage|p1a: Slowking|78\/100\n|-damage|p1a: Slowking|54\/100\n|-damage|p1a: Slowking|31\/100\n|-damage|p1a: Slowking|8\/100\n|-damage|p1a: Slowking|0 fnt\n|faint|p1a: Slowking\n|-hitcount|p1: Slowking|5\n|\n|win|Kobe Airlines\n","uploadtime":1698603176,"views":31,"p1id":"exploke","p2id":"kobeairlines","formatid":"gen9anythinggoes","rating":0,"private":0,"password":""}