{"id":"gen9anythinggoes-1978455386","p1":"TurboKaiSM64","p2":"MINO12131","format":"[Gen 9] Anything Goes","log":"|j|\u2606TurboKaiSM64\n|j|\u2606MINO12131\n|t:|1698541212\n|gametype|singles\n|player|p1|TurboKaiSM64|lucas-gen4pt|\n|player|p2|MINO12131|265|\n|teamsize|p1|6\n|teamsize|p2|6\n|gen|9\n|tier|[Gen 9] Anything Goes\n|rule|HP Percentage Mod: HP is shown in percentages\n|rule|Endless Battle Clause: Forcing endless battles is banned\n|clearpoke\n|poke|p1|Scream Tail|\n|poke|p1|Gothitelle, M|\n|poke|p1|Azumarill, F|\n|poke|p1|Gothorita, M|\n|poke|p1|Greninja-*, M|\n|poke|p1|Dragapult, M|\n|poke|p2|Gliscor, M|\n|poke|p2|Quaquaval, F|\n|poke|p2|Ribombee, F|\n|poke|p2|Iron Moth|\n|poke|p2|Roaring Moon|\n|poke|p2|Ursaluna, F|\n|teampreview\n|\n|t:|1698541270\n|start\n|switch|p1a: Scream Tail|Scream Tail|100\/100\n|switch|p2a: Ribombee|Ribombee, F|100\/100\n|turn|1\n|\n|t:|1698541275\n|move|p2a: Ribombee|Sticky Web|p1a: Scream Tail\n|-sidestart|p1: TurboKaiSM64|move: Sticky Web\n|move|p1a: Scream Tail|Play Rough|p2a: Ribombee\n|-damage|p2a: Ribombee|50\/100\n|\n|upkeep\n|turn|2\n|\n|t:|1698541290\n|move|p2a: Ribombee|Moonblast|p1a: Scream Tail\n|-damage|p1a: Scream Tail|71\/100\n|-unboost|p1a: Scream Tail|spa|1\n|-enditem|p1a: Scream Tail|Eject Button\n|\n|t:|1698541325\n|-end|p1a: Scream Tail|Protosynthesis|[silent]\n|switch|p1a: Gothitelle|Gothitelle, M|100\/100\n|-activate|p1a: Gothitelle|move: Sticky Web\n|-unboost|p1a: Gothitelle|spe|1\n|\n|upkeep\n|turn|3\n|\n|t:|1698541340\n|move|p2a: Ribombee|Bug Buzz|p1a: Gothitelle\n|-supereffective|p1a: Gothitelle\n|-damage|p1a: Gothitelle|45\/100\n|move|p1a: Gothitelle|Trick Room|p1a: Gothitelle\n|-fieldstart|move: Trick Room|[of] p1a: Gothitelle\n|\n|upkeep\n|turn|4\n|\n|t:|1698541352\n|-terastallize|p2a: Ribombee|Steel\n|move|p1a: Gothitelle|Psychic|p2a: Ribombee\n|-resisted|p2a: Ribombee\n|-damage|p2a: Ribombee|22\/100\n|move|p2a: Ribombee|Bug Buzz|p1a: Gothitelle\n|-supereffective|p1a: Gothitelle\n|-damage|p1a: Gothitelle|0 fnt\n|faint|p1a: Gothitelle\n|\n|upkeep\n|\n|t:|1698541360\n|switch|p1a: Azumarill|Azumarill, F|100\/100\n|-activate|p1a: Azumarill|move: Sticky Web\n|-unboost|p1a: Azumarill|spe|1\n|turn|5\n|\n|t:|1698541374\n|move|p1a: Azumarill|Surf|p2a: Ribombee\n|-damage|p2a: Ribombee|0 fnt\n|faint|p2a: Ribombee\n|\n|upkeep\n|\n|t:|1698541394\n|switch|p2a: Ursaluna|Ursaluna, F|100\/100\n|turn|6\n|\n|t:|1698541405\n|move|p1a: Azumarill|Perish Song|p1a: Azumarill\n|-start|p1a: Azumarill|perish3|[silent]\n|-start|p2a: Ursaluna|perish3|[silent]\n|-fieldactivate|move: Perish Song\n|move|p2a: Ursaluna|Thunder Punch|p1a: Azumarill\n|-supereffective|p1a: Azumarill\n|-damage|p1a: Azumarill|34\/100\n|-enditem|p1a: Azumarill|Eject Button\n|\n|t:|1698541411\n|switch|p1a: Gothorita|Gothorita, M|100\/100\n|-activate|p1a: Gothorita|move: Sticky Web\n|-unboost|p1a: Gothorita|spe|1\n|\n|-start|p2a: Ursaluna|perish3\n|-status|p2a: Ursaluna|brn|[from] item: Flame Orb\n|upkeep\n|turn|7\n|\n|t:|1698541437\n|move|p1a: Gothorita|Fake Out|p2a: Ursaluna\n|-damage|p2a: Ursaluna|97\/100 brn\n|cant|p2a: Ursaluna|flinch\n|\n|-damage|p2a: Ursaluna|91\/100 brn|[from] brn\n|-start|p2a: Ursaluna|perish2\n|-fieldend|move: Trick Room\n|upkeep\n|turn|8\n|\n|t:|1698541444\n|move|p1a: Gothorita|Protect|p1a: Gothorita\n|-singleturn|p1a: Gothorita|Protect\n|move|p2a: Ursaluna|Facade|p1a: Gothorita\n|-activate|p1a: Gothorita|move: Protect\n|\n|-damage|p2a: Ursaluna|85\/100 brn|[from] brn\n|-start|p2a: Ursaluna|perish1\n|upkeep\n|turn|9\n|\n|t:|1698541456\n|move|p1a: Gothorita|Protect|p1a: Gothorita\n|-singleturn|p1a: Gothorita|Protect\n|move|p2a: Ursaluna|Facade|p1a: Gothorita\n|-activate|p1a: Gothorita|move: Protect\n|\n|-damage|p2a: Ursaluna|78\/100 brn|[from] brn\n|-start|p2a: Ursaluna|perish0\n|faint|p2a: Ursaluna\n|upkeep\n|\n|t:|1698541474\n|switch|p2a: Roaring Moon|Roaring Moon|100\/100\n|-enditem|p2a: Roaring Moon|Booster Energy\n|-activate|p2a: Roaring Moon|ability: Protosynthesis|[fromitem]\n|-start|p2a: Roaring Moon|protosynthesisatk\n|turn|10\n|\n|t:|1698541501\n|switch|p1a: Azumarill|Azumarill, F|34\/100\n|-activate|p1a: Azumarill|move: Sticky Web\n|-unboost|p1a: Azumarill|spe|1\n|move|p2a: Roaring Moon|Dragon Dance|p2a: Roaring Moon\n|-boost|p2a: Roaring Moon|atk|1\n|-boost|p2a: Roaring Moon|spe|1\n|\n|upkeep\n|turn|11\n|\n|t:|1698541515\n|move|p2a: Roaring Moon|Earthquake|p1a: Azumarill\n|-damage|p1a: Azumarill|0 fnt\n|faint|p1a: Azumarill\n|\n|upkeep\n|\n|t:|1698541521\n|switch|p1a: Dragapult|Dragapult, M|100\/100\n|-activate|p1a: Dragapult|move: Sticky Web\n|-unboost|p1a: Dragapult|spe|1\n|turn|12\n|\n|t:|1698541538\n|-terastallize|p1a: Dragapult|Fairy\n|move|p2a: Roaring Moon|Knock Off|p1a: Dragapult\n|-resisted|p1a: Dragapult\n|-damage|p1a: Dragapult|27\/100\n|-enditem|p1a: Dragapult|Choice Band|[from] move: Knock Off|[of] p2a: Roaring Moon\n|move|p1a: Dragapult|Tera Blast|p2a: Roaring Moon|[anim] Tera Blast Fairy\n|-supereffective|p2a: Roaring Moon\n|-damage|p2a: Roaring Moon|0 fnt\n|faint|p2a: Roaring Moon\n|-end|p2a: Roaring Moon|Protosynthesis|[silent]\n|\n|upkeep\n|\n|t:|1698541567\n|switch|p2a: Iron Moth|Iron Moth|100\/100\n|-enditem|p2a: Iron Moth|Booster Energy\n|-activate|p2a: Iron Moth|ability: Quark Drive|[fromitem]\n|-start|p2a: Iron Moth|quarkdrivespa\n|turn|13\n|\n|t:|1698541595\n|move|p2a: Iron Moth|Sludge Wave|p1a: Dragapult\n|-supereffective|p1a: Dragapult\n|-damage|p1a: Dragapult|0 fnt\n|faint|p1a: Dragapult\n|\n|upkeep\n|\n|t:|1698541614\n|switch|p1a: Greninja|Greninja, M|100\/100\n|-activate|p1a: Greninja|move: Sticky Web\n|-unboost|p1a: Greninja|spe|1\n|turn|14\n|\n|t:|1698541634\n|move|p1a: Greninja|Water Shuriken|p2a: Iron Moth\n|-supereffective|p2a: Iron Moth\n|-damage|p2a: Iron Moth|87\/100\n|-supereffective|p2a: Iron Moth\n|-crit|p2a: Iron Moth\n|-damage|p2a: Iron Moth|62\/100\n|-supereffective|p2a: Iron Moth\n|-damage|p2a: Iron Moth|47\/100\n|-supereffective|p2a: Iron Moth\n|-damage|p2a: Iron Moth|33\/100\n|-hitcount|p2a: Iron Moth|4\n|move|p2a: Iron Moth|Energy Ball|p1a: Greninja\n|-supereffective|p1a: Greninja\n|-enditem|p1a: Greninja|Focus Sash\n|-damage|p1a: Greninja|1\/100\n|\n|upkeep\n|turn|15\n|\n|t:|1698541666\n|move|p1a: Greninja|Water Shuriken|p2a: Iron Moth\n|-supereffective|p2a: Iron Moth\n|-damage|p2a: Iron Moth|17\/100\n|-supereffective|p2a: Iron Moth\n|-damage|p2a: Iron Moth|2\/100\n|-supereffective|p2a: Iron Moth\n|-damage|p2a: Iron Moth|0 fnt\n|faint|p2a: Iron Moth\n|-end|p2a: Iron Moth|Quark Drive|[silent]\n|-ability|p1a: Greninja|Battle Bond|boost\n|-boost|p1a: Greninja|atk|1\n|-boost|p1a: Greninja|spa|1\n|-boost|p1a: Greninja|spe|1\n|-activate|p1a: Greninja|ability: Battle Bond\n|-hitcount|p2: Iron Moth|3\n|\n|upkeep\n|\n|t:|1698541679\n|switch|p2a: Quaquaval|Quaquaval, F|100\/100\n|turn|16\n|\n|t:|1698541704\n|move|p1a: Greninja|Dark Pulse|p2a: Quaquaval\n|-resisted|p2a: Quaquaval\n|-damage|p2a: Quaquaval|66\/100\n|move|p2a: Quaquaval|Close Combat|p1a: Greninja\n|-supereffective|p1a: Greninja\n|-damage|p1a: Greninja|0 fnt\n|-unboost|p2a: Quaquaval|def|1\n|-unboost|p2a: Quaquaval|spd|1\n|faint|p1a: Greninja\n|-ability|p2a: Quaquaval|Moxie|boost\n|-boost|p2a: Quaquaval|atk|1\n|\n|-heal|p2a: Quaquaval|72\/100|[from] item: Leftovers\n|upkeep\n|\n|t:|1698541718\n|switch|p1a: Scream Tail|Scream Tail|71\/100\n|-activate|p1a: Scream Tail|move: Sticky Web\n|-unboost|p1a: Scream Tail|spe|1\n|turn|17\n|\n|t:|1698541741\n|move|p2a: Quaquaval|Aqua Step|p1a: Scream Tail\n|-damage|p1a: Scream Tail|18\/100\n|-boost|p2a: Quaquaval|spe|1\n|move|p1a: Scream Tail|Perish Song|p1a: Scream Tail\n|-start|p1a: Scream Tail|perish3|[silent]\n|-start|p2a: Quaquaval|perish3|[silent]\n|-fieldactivate|move: Perish Song\n|\n|-heal|p2a: Quaquaval|78\/100|[from] item: Leftovers\n|-start|p2a: Quaquaval|perish3\n|-start|p1a: Scream Tail|perish3\n|upkeep\n|turn|18\n|\n|t:|1698541757\n|-end|p1a: Scream Tail|Protosynthesis|[silent]\n|switch|p1a: Gothorita|Gothorita, M|100\/100\n|-activate|p1a: Gothorita|move: Sticky Web\n|-unboost|p1a: Gothorita|spe|1\n|move|p2a: Quaquaval|Aqua Step|p1a: Gothorita\n|-damage|p1a: Gothorita|42\/100\n|-boost|p2a: Quaquaval|spe|1\n|\n|-heal|p2a: Quaquaval|84\/100|[from] item: Leftovers\n|-start|p2a: Quaquaval|perish2\n|upkeep\n|turn|19\n|\n|t:|1698541772\n|move|p1a: Gothorita|Fake Out|p2a: Quaquaval\n|-damage|p2a: Quaquaval|74\/100\n|cant|p2a: Quaquaval|flinch\n|\n|-heal|p2a: Quaquaval|80\/100|[from] item: Leftovers\n|-start|p2a: Quaquaval|perish1\n|upkeep\n|turn|20\n|\n|t:|1698541779\n|move|p1a: Gothorita|Protect|p1a: Gothorita\n|-singleturn|p1a: Gothorita|Protect\n|move|p2a: Quaquaval|Knock Off|p1a: Gothorita\n|-activate|p1a: Gothorita|move: Protect\n|\n|-heal|p2a: Quaquaval|86\/100|[from] item: Leftovers\n|-start|p2a: Quaquaval|perish0\n|faint|p2a: Quaquaval\n|upkeep\n|\n|t:|1698541781\n|switch|p2a: Gliscor|Gliscor, M|100\/100\n|turn|21\n|\n|t:|1698541819\n|move|p2a: Gliscor|Spikes|p1a: Gothorita\n|-sidestart|p1: TurboKaiSM64|Spikes\n|move|p1a: Gothorita|Trick Room|p1a: Gothorita\n|-fieldstart|move: Trick Room|[of] p1a: Gothorita\n|\n|-status|p2a: Gliscor|tox|[from] item: Toxic Orb\n|upkeep\n|turn|22\n|\n|t:|1698541832\n|switch|p1a: Scream Tail|Scream Tail|18\/100\n|-activate|p1a: Scream Tail|move: Sticky Web\n|-unboost|p1a: Scream Tail|spe|1\n|-damage|p1a: Scream Tail|6\/100|[from] Spikes\n|move|p2a: Gliscor|Toxic|p1a: Scream Tail\n|-status|p1a: Scream Tail|tox\n|\n|-damage|p1a: Scream Tail|0 fnt|[from] psn\n|faint|p1a: Scream Tail\n|-end|p1a: Scream Tail|Protosynthesis|[silent]\n|upkeep\n|\n|t:|1698541843\n|switch|p1a: Gothorita|Gothorita, M|42\/100\n|-activate|p1a: Gothorita|move: Sticky Web\n|-unboost|p1a: Gothorita|spe|1\n|-damage|p1a: Gothorita|30\/100|[from] Spikes\n|turn|23\n|\n|t:|1698541852\n|move|p1a: Gothorita|Fake Out|p2a: Gliscor\n|-damage|p2a: Gliscor|97\/100 tox\n|cant|p2a: Gliscor|flinch\n|\n|-heal|p2a: Gliscor|100\/100 tox|[from] ability: Poison Heal\n|upkeep\n|turn|24\n|\n|t:|1698541862\n|move|p1a: Gothorita|Psychic|p2a: Gliscor\n|-damage|p2a: Gliscor|71\/100 tox\n|move|p2a: Gliscor|Facade|p1a: Gothorita\n|-damage|p1a: Gothorita|3\/100\n|\n|-heal|p2a: Gliscor|83\/100 tox|[from] ability: Poison Heal\n|upkeep\n|turn|25\n|\n|t:|1698541870\n|move|p1a: Gothorita|Psychic|p2a: Gliscor\n|-crit|p2a: Gliscor\n|-damage|p2a: Gliscor|39\/100 tox\n|move|p2a: Gliscor|Earthquake|p1a: Gothorita\n|-damage|p1a: Gothorita|0 fnt\n|faint|p1a: Gothorita\n|\n|win|MINO12131\n|l|\u2606MINO12131\n","uploadtime":1698541881,"views":13,"p1id":"turbokaism64","p2id":"mino12131","formatid":"gen9anythinggoes","rating":0,"private":0,"password":""}