{"id":"gen9anythinggoes-1978915896","p1":"TheTrueTauboy","p2":"Zohanniter","format":"[Gen 9] Anything Goes","log":"|j|\u2606TheTrueTauboy\n|j|\u2606Zohanniter\n|t:|1698609852\n|gametype|singles\n|player|p1|TheTrueTauboy|pokekid|\n|player|p2|Zohanniter|crasherwake|\n|teamsize|p1|6\n|teamsize|p2|6\n|gen|9\n|tier|[Gen 9] Anything Goes\n|rule|HP Percentage Mod: HP is shown in percentages\n|rule|Endless Battle Clause: Forcing endless battles is banned\n|clearpoke\n|poke|p1|Tauros-Paldea-Combat, M|\n|poke|p1|Garchomp, F|\n|poke|p1|Slowking, M|\n|poke|p1|Tornadus-Therian, M|\n|poke|p1|Scizor, F|\n|poke|p1|Dudunsparce-*, F|\n|poke|p2|Cryogonal|\n|poke|p2|Kilowattrel, F|\n|poke|p2|Slowking-Galar, F|\n|poke|p2|Baxcalibur, F|\n|poke|p2|Kingambit, M|\n|poke|p2|Volcarona, M|\n|teampreview\n|c|\u2606TheTrueTauboy|paso el link\n|c|\u2606Zohanniter|vale\n|c|\u2606Zohanniter|glhf!\n|c|\u2606TheTrueTauboy|same\n|c|\u2606TheTrueTauboy|gud lac hab fan\n|\n|t:|1698609949\n|start\n|switch|p1a: You got the dud|Dudunsparce, F|100\/100\n|switch|p2a: Slowking|Slowking-Galar, F|100\/100\n|turn|1\n|j| mimizukii\n|l| mimizukii\n|\n|t:|1698609987\n|move|p1a: You got the dud|Boomburst|p2a: Slowking\n|-damage|p2a: Slowking|71\/100\n|move|p2a: Slowking|Toxic|p1a: You got the dud\n|-status|p1a: You got the dud|tox\n|\n|-damage|p1a: You got the dud|94\/100 tox|[from] psn\n|upkeep\n|turn|2\n|\n|t:|1698609995\n|move|p1a: You got the dud|Body Slam|p2a: Slowking\n|-damage|p2a: Slowking|49\/100\n|move|p2a: Slowking|Chilly Reception|p2a: Slowking\n|-weather|Snow\n|\n|t:|1698610007\n|switch|p2a: Cryogonal|Cryogonal|100\/100|[from] Chilly Reception\n|\n|-weather|Snow|[upkeep]\n|-damage|p1a: You got the dud|82\/100 tox|[from] psn\n|upkeep\n|turn|3\n|\n|t:|1698610016\n|-terastallize|p2a: Cryogonal|Steel\n|move|p2a: Cryogonal|Aurora Veil|p2a: Cryogonal\n|-sidestart|p2: Zohanniter|move: Aurora Veil\n|move|p1a: You got the dud|Body Press|p2a: Cryogonal\n|-supereffective|p2a: Cryogonal\n|-damage|p2a: Cryogonal|75\/100\n|\n|-weather|Snow|[upkeep]\n|-damage|p1a: You got the dud|63\/100 tox|[from] psn\n|upkeep\n|turn|4\n|\n|t:|1698610083\n|switch|p1a: \ud835\udf0f|Tauros-Paldea-Combat, M|100\/100\n|move|p2a: Cryogonal|Blizzard|p1a: \ud835\udf0f\n|-damage|p1a: \ud835\udf0f|47\/100\n|\n|-weather|Snow|[upkeep]\n|upkeep\n|turn|5\n|\n|t:|1698610097\n|move|p2a: Cryogonal|Blizzard|p1a: \ud835\udf0f\n|-damage|p1a: \ud835\udf0f|0 fnt\n|faint|p1a: \ud835\udf0f\n|\n|-weather|Snow|[upkeep]\n|upkeep\n|\n|t:|1698610102\n|switch|p1a: TIGUERAS|Scizor, F|100\/100\n|turn|6\n|\n|t:|1698610108\n|switch|p2a: Kilowattrel|Kilowattrel, F|100\/100\n|move|p1a: TIGUERAS|Close Combat|p2a: Kilowattrel\n|-resisted|p2a: Kilowattrel\n|-damage|p2a: Kilowattrel|83\/100\n|-unboost|p1a: TIGUERAS|def|1\n|-unboost|p1a: TIGUERAS|spd|1\n|-damage|p1a: TIGUERAS|84\/100|[from] item: Rocky Helmet|[of] p2a: Kilowattrel\n|\n|-weather|Snow|[upkeep]\n|-heal|p1a: TIGUERAS|90\/100|[from] item: Leftovers\n|upkeep\n|turn|7\n|\n|t:|1698610132\n|switch|p1a: You got the dud|Dudunsparce, F|63\/100 tox\n|move|p2a: Kilowattrel|Tailwind|p2a: Kilowattrel\n|-sidestart|p2: Zohanniter|move: Tailwind\n|-start|p2a: Kilowattrel|Charge|Tailwind|[from] ability: Wind Power\n|\n|-weather|Snow|[upkeep]\n|-damage|p1a: You got the dud|57\/100 tox|[from] psn\n|upkeep\n|turn|8\n|\n|t:|1698610138\n|move|p2a: Kilowattrel|Volt Switch|p1a: You got the dud\n|-damage|p1a: You got the dud|12\/100 tox\n|-end|p2a: Kilowattrel|Charge|[silent]\n|\n|t:|1698610142\n|switch|p2a: Cryogonal|Cryogonal, tera:Steel|75\/100|[from] Volt Switch\n|move|p1a: You got the dud|Boomburst|p2a: Cryogonal\n|-resisted|p2a: Cryogonal\n|-damage|p2a: Cryogonal|67\/100\n|\n|-weather|Snow|[upkeep]\n|-damage|p1a: You got the dud|0 fnt|[from] psn\n|faint|p1a: You got the dud\n|upkeep\n|j| MrMachaca\n|\n|t:|1698610160\n|switch|p1a: TIGUERAS|Scizor, F|90\/100\n|turn|9\n|\n|t:|1698610172\n|switch|p2a: Kilowattrel|Kilowattrel, F|83\/100\n|move|p1a: TIGUERAS|U-turn|p2a: Kilowattrel\n|-resisted|p2a: Kilowattrel\n|-damage|p2a: Kilowattrel|69\/100\n|-damage|p1a: TIGUERAS|73\/100|[from] item: Rocky Helmet|[of] p2a: Kilowattrel\n|\n|t:|1698610177\n|switch|p1a: CHOMP|Garchomp, F|100\/100|[from] U-turn\n|\n|-weather|none\n|upkeep\n|turn|10\n|l| MrMachaca\n|\n|t:|1698610193\n|switch|p2a: Cryogonal|Cryogonal, tera:Steel|67\/100\n|move|p1a: CHOMP|Rock Slide|p2a: Cryogonal\n|-resisted|p2a: Cryogonal\n|-damage|p2a: Cryogonal|57\/100\n|\n|-sideend|p2: Zohanniter|move: Tailwind\n|-sideend|p2: Zohanniter|move: Aurora Veil\n|upkeep\n|turn|11\n|j| MrMachaca\n|j| umbreonluna\n|l| MrMachaca\n|\n|t:|1698610249\n|switch|p1a: TIGUERAS|Scizor, F|73\/100\n|move|p2a: Cryogonal|Recover|p2a: Cryogonal\n|-heal|p2a: Cryogonal|100\/100\n|\n|-heal|p1a: TIGUERAS|79\/100|[from] item: Leftovers\n|upkeep\n|turn|12\n|\n|t:|1698610259\n|switch|p2a: Kilowattrel|Kilowattrel, F|69\/100\n|switch|p1a: CHOMP|Garchomp, F|100\/100\n|\n|upkeep\n|turn|13\n|\n|t:|1698610264\n|switch|p2a: Cryogonal|Cryogonal, tera:Steel|100\/100\n|move|p1a: CHOMP|Brick Break|p2a: Cryogonal\n|-supereffective|p2a: Cryogonal\n|-damage|p2a: Cryogonal|25\/100\n|\n|upkeep\n|turn|14\n|\n|t:|1698610275\n|move|p1a: CHOMP|Brick Break|p2a: Cryogonal\n|-supereffective|p2a: Cryogonal\n|-damage|p2a: Cryogonal|0 fnt\n|faint|p2a: Cryogonal\n|\n|upkeep\n|\n|t:|1698610288\n|switch|p2a: Volcarona|Volcarona, M|100\/100\n|turn|15\n|\n|t:|1698610293\n|switch|p1a: Birdperson|Tornadus-Therian, M|100\/100\n|move|p2a: Volcarona|Quiver Dance|p2a: Volcarona\n|-boost|p2a: Volcarona|spa|1\n|-boost|p2a: Volcarona|spd|1\n|-boost|p2a: Volcarona|spe|1\n|\n|upkeep\n|turn|16\n|j| Red Krow\n|\n|t:|1698610302\n|move|p2a: Volcarona|Substitute|p2a: Volcarona\n|-start|p2a: Volcarona|Substitute\n|-damage|p2a: Volcarona|76\/100\n|move|p1a: Birdperson|U-turn|p2a: Volcarona\n|-resisted|p2a: Volcarona\n|-activate|p2a: Volcarona|move: Substitute|[damage]\n|\n|t:|1698610311\n|switch|p1a: CHOMP|Garchomp, F|100\/100|[from] U-turn\n|\n|upkeep\n|turn|17\n|\n|t:|1698610317\n|move|p1a: CHOMP|Rock Slide|p2a: Volcarona\n|-supereffective|p2a: Volcarona\n|-end|p2a: Volcarona|Substitute\n|move|p2a: Volcarona|Quiver Dance|p2a: Volcarona\n|-boost|p2a: Volcarona|spa|1\n|-boost|p2a: Volcarona|spd|1\n|-boost|p2a: Volcarona|spe|1\n|\n|upkeep\n|turn|18\n|\n|t:|1698610325\n|move|p2a: Volcarona|Bug Buzz|p1a: CHOMP\n|-damage|p1a: CHOMP|0 fnt\n|faint|p1a: CHOMP\n|\n|upkeep\n|\n|t:|1698610328\n|switch|p1a: Birdperson|Tornadus-Therian, M|100\/100\n|turn|19\n|\n|t:|1698610333\n|move|p2a: Volcarona|Substitute|p2a: Volcarona\n|-start|p2a: Volcarona|Substitute\n|-damage|p2a: Volcarona|51\/100\n|move|p1a: Birdperson|Hurricane|p2a: Volcarona|[miss]\n|-miss|p1a: Birdperson|p2a: Volcarona\n|\n|upkeep\n|turn|20\n|\n|t:|1698610339\n|move|p2a: Volcarona|Fiery Dance|p1a: Birdperson\n|-damage|p1a: Birdperson|0 fnt\n|faint|p1a: Birdperson\n|\n|upkeep\n|\n|t:|1698610342\n|switch|p1a: Juan Carlos I|Slowking, M|100\/100\n|turn|21\n|\n|t:|1698610345\n|move|p2a: Volcarona|Bug Buzz|p1a: Juan Carlos I\n|-supereffective|p1a: Juan Carlos I\n|-damage|p1a: Juan Carlos I|0 fnt\n|faint|p1a: Juan Carlos I\n|\n|upkeep\n|\n|t:|1698610348\n|switch|p1a: TIGUERAS|Scizor, F|79\/100\n|turn|22\n|\n|t:|1698610353\n|move|p2a: Volcarona|Fiery Dance|p1a: TIGUERAS\n|-supereffective|p1a: TIGUERAS\n|-damage|p1a: TIGUERAS|0 fnt\n|faint|p1a: TIGUERAS\n|\n|win|Zohanniter\n|c|\u2606TheTrueTauboy|gg wp\n|c|\u2606Zohanniter|gg wp!\n|c|\u2606Zohanniter|subes tu?\n|c|\u2606TheTrueTauboy|si ya la he subido\n","uploadtime":1698610363,"views":64,"p1id":"thetruetauboy","p2id":"zohanniter","formatid":"gen9anythinggoes","rating":0,"private":0,"password":""}