{"id":"gen9anythinggoes-1994378581","p1":"Jaitto","p2":"LingLing007","format":"[Gen 9] Anything Goes","log":"|j|\u2606Jaitto\n|j|\u2606LingLing007\n|t:|1700437111\n|gametype|singles\n|player|p1|Jaitto|waiter|1349\n|player|p2|LingLing007|blue-masters|1320\n|teamsize|p1|6\n|teamsize|p2|6\n|gen|9\n|tier|[Gen 9] Anything Goes\n|rated|\n|rule|HP Percentage Mod: HP is shown in percentages\n|rule|Endless Battle Clause: Forcing endless battles is banned\n|clearpoke\n|poke|p1|Rotom-Fan|\n|poke|p1|Goodra, F|\n|poke|p1|Donphan, M|\n|poke|p1|Milotic, M|\n|poke|p1|Snorlax, M|\n|poke|p1|Scizor, M|\n|poke|p2|Roaring Moon|\n|poke|p2|Toxapex, F|\n|poke|p2|Zoroark-Hisui, M|\n|poke|p2|Polteageist-Antique|\n|poke|p2|Great Tusk|\n|poke|p2|Ninetales-Alola, F|\n|teampreview\n|inactive|Battle timer is ON: inactive players will automatically lose when time's up. (requested by Jaitto)\n|inactive|LingLing007 has 120 seconds left.\n|inactive|LingLing007 has 90 seconds left.\n|inactive|LingLing007 has 60 seconds left.\n|\n|t:|1700437208\n|start\n|switch|p1a: Scizor|Scizor, M|100\/100\n|switch|p2a: Ninetales|Ninetales-Alola, F, shiny|100\/100\n|-weather|Snow|[from] ability: Snow Warning|[of] p2a: Ninetales\n|turn|1\n|inactive|LingLing007 has 120 seconds left.\n|\n|t:|1700437220\n|switch|p2a: Toxapex|Toxapex, F|100\/100\n|move|p1a: Scizor|Bullet Punch|p2a: Toxapex\n|-resisted|p2a: Toxapex\n|-damage|p2a: Toxapex|87\/100\n|-damage|p1a: Scizor|84\/100|[from] item: Rocky Helmet|[of] p2a: Toxapex\n|\n|-weather|Snow|[upkeep]\n|upkeep\n|turn|2\n|inactive|LingLing007 has 120 seconds left.\n|\n|t:|1700437237\n|move|p1a: Scizor|Swords Dance|p1a: Scizor\n|-boost|p1a: Scizor|atk|2\n|move|p2a: Toxapex|Liquidation|p1a: Scizor\n|-damage|p1a: Scizor|64\/100\n|-damage|p2a: Toxapex|71\/100|[from] item: Rocky Helmet|[of] p1a: Scizor\n|\n|-weather|Snow|[upkeep]\n|upkeep\n|turn|3\n|\n|t:|1700437247\n|move|p1a: Scizor|Knock Off|p2a: Toxapex\n|-damage|p2a: Toxapex|9\/100\n|-damage|p1a: Scizor|48\/100|[from] item: Rocky Helmet|[of] p2a: Toxapex\n|-enditem|p2a: Toxapex|Rocky Helmet|[from] move: Knock Off|[of] p1a: Scizor\n|move|p2a: Toxapex|Haze|p2a: Toxapex\n|-clearallboost\n|\n|-weather|Snow|[upkeep]\n|upkeep\n|turn|4\n|\n|t:|1700437257\n|move|p1a: Scizor|Trailblaze|p2a: Toxapex\n|-damage|p2a: Toxapex|0 fnt\n|-boost|p1a: Scizor|spe|1\n|faint|p2a: Toxapex\n|\n|-weather|Snow|[upkeep]\n|upkeep\n|\n|t:|1700437264\n|switch|p2a: Roaring Moon|Roaring Moon|100\/100\n|turn|5\n|\n|t:|1700437271\n|move|p1a: Scizor|Bullet Punch|p2a: Roaring Moon\n|-damage|p2a: Roaring Moon|31\/100\n|replace|p2a: Zoroark|Zoroark-Hisui, M, shiny\n|-end|p2a: Zoroark|Illusion\n|move|p2a: Zoroark|Flamethrower|p1a: Scizor\n|-supereffective|p1a: Scizor\n|-damage|p1a: Scizor|0 fnt\n|faint|p1a: Scizor\n|\n|-weather|none\n|upkeep\n|\n|t:|1700437285\n|switch|p1a: Milotic|Milotic, M|100\/100\n|turn|6\n|\n|t:|1700437292\n|move|p2a: Zoroark|Hyper Voice|p1a: Milotic\n|-damage|p1a: Milotic|67\/100\n|move|p1a: Milotic|Scald|p2a: Zoroark\n|-damage|p2a: Zoroark|0 fnt\n|faint|p2a: Zoroark\n|\n|-status|p1a: Milotic|brn|[from] item: Flame Orb\n|upkeep\n|\n|t:|1700437296\n|switch|p2a: Polteageist|Polteageist-Antique|100\/100\n|turn|7\n|\n|t:|1700437307\n|move|p2a: Polteageist|Shell Smash|p2a: Polteageist\n|-unboost|p2a: Polteageist|def|1\n|-unboost|p2a: Polteageist|spd|1\n|-boost|p2a: Polteageist|atk|2\n|-boost|p2a: Polteageist|spa|2\n|-boost|p2a: Polteageist|spe|2\n|-enditem|p2a: Polteageist|White Herb\n|-clearnegativeboost|p2a: Polteageist|[silent]\n|move|p1a: Milotic|Scald|p2a: Polteageist\n|-damage|p2a: Polteageist|67\/100\n|\n|-damage|p1a: Milotic|61\/100 brn|[from] brn\n|upkeep\n|turn|8\n|\n|t:|1700437319\n|move|p2a: Polteageist|Giga Drain|p1a: Milotic\n|-supereffective|p1a: Milotic\n|-damage|p1a: Milotic|0 fnt\n|-heal|p2a: Polteageist|100\/100|[from] drain|[of] p1a: Milotic\n|faint|p1a: Milotic\n|\n|upkeep\n|\n|t:|1700437327\n|switch|p1a: Snorlax|Snorlax, M|100\/100\n|turn|9\n|\n|t:|1700437331\n|move|p2a: Polteageist|Stored Power|p1a: Snorlax\n|-damage|p1a: Snorlax|36\/100\n|move|p1a: Snorlax|Heat Crash|p2a: Polteageist\n|-damage|p2a: Polteageist|23\/100\n|-start|p1a: Snorlax|Disable|Heat Crash|[from] ability: Cursed Body|[of] p2a: Polteageist\n|\n|upkeep\n|turn|10\n|\n|t:|1700437337\n|move|p2a: Polteageist|Stored Power|p1a: Snorlax\n|-damage|p1a: Snorlax|0 fnt\n|faint|p1a: Snorlax\n|\n|upkeep\n|\n|t:|1700437343\n|switch|p1a: Donphan|Donphan, M|100\/100\n|turn|11\n|\n|t:|1700437345\n|move|p1a: Donphan|Ice Shard|p2a: Polteageist\n|-damage|p2a: Polteageist|0 fnt\n|faint|p2a: Polteageist\n|\n|upkeep\n|\n|t:|1700437349\n|switch|p2a: Ninetales|Ninetales-Alola, F, shiny|100\/100\n|-weather|Snow|[from] ability: Snow Warning|[of] p2a: Ninetales\n|turn|12\n|\n|t:|1700437362\n|move|p2a: Ninetales|Aurora Veil|p2a: Ninetales\n|-sidestart|p2: LingLing007|move: Aurora Veil\n|move|p1a: Donphan|Earthquake|p2a: Ninetales\n|-damage|p2a: Ninetales|78\/100\n|\n|-weather|Snow|[upkeep]\n|upkeep\n|turn|13\n|\n|t:|1700437368\n|switch|p2a: Roaring Moon|Roaring Moon|100\/100\n|-enditem|p2a: Roaring Moon|Booster Energy\n|-activate|p2a: Roaring Moon|ability: Protosynthesis|[fromitem]\n|-start|p2a: Roaring Moon|protosynthesisspe\n|move|p1a: Donphan|Rapid Spin|p2a: Roaring Moon\n|-damage|p2a: Roaring Moon|90\/100\n|-boost|p1a: Donphan|spe|1\n|\n|-weather|Snow|[upkeep]\n|upkeep\n|turn|14\n|\n|t:|1700437377\n|move|p2a: Roaring Moon|Dragon Dance|p2a: Roaring Moon\n|-boost|p2a: Roaring Moon|atk|1\n|-boost|p2a: Roaring Moon|spe|1\n|move|p1a: Donphan|Counter||[still]\n|-fail|p1a: Donphan\n|\n|-weather|Snow|[upkeep]\n|upkeep\n|turn|15\n|\n|t:|1700437380\n|move|p2a: Roaring Moon|Dragon Dance|p2a: Roaring Moon\n|-boost|p2a: Roaring Moon|atk|1\n|-boost|p2a: Roaring Moon|spe|1\n|move|p1a: Donphan|Counter||[still]\n|-fail|p1a: Donphan\n|\n|-weather|Snow|[upkeep]\n|upkeep\n|turn|16\n|\n|t:|1700437388\n|-terastallize|p2a: Roaring Moon|Flying\n|move|p1a: Donphan|Ice Shard|p2a: Roaring Moon\n|-supereffective|p2a: Roaring Moon\n|-damage|p2a: Roaring Moon|72\/100\n|move|p2a: Roaring Moon|Acrobatics|p1a: Donphan\n|-damage|p1a: Donphan|12\/100\n|\n|-weather|none\n|upkeep\n|turn|17\n|\n|t:|1700437398\n|move|p1a: Donphan|Ice Shard|p2a: Roaring Moon\n|-supereffective|p2a: Roaring Moon\n|-damage|p2a: Roaring Moon|56\/100\n|move|p2a: Roaring Moon|Knock Off|p1a: Donphan\n|-crit|p1a: Donphan\n|-damage|p1a: Donphan|0 fnt\n|-enditem|p1a: Donphan|Heavy-Duty Boots|[from] move: Knock Off|[of] p2a: Roaring Moon\n|faint|p1a: Donphan\n|\n|upkeep\n|\n|t:|1700437405\n|switch|p1a: Rotom|Rotom-Fan|100\/100\n|turn|18\n|\n|t:|1700437410\n|move|p2a: Roaring Moon|Knock Off|p1a: Rotom\n|-damage|p1a: Rotom|0 fnt\n|-enditem|p1a: Rotom|Weakness Policy|[from] move: Knock Off|[of] p2a: Roaring Moon\n|faint|p1a: Rotom\n|\n|upkeep\n|\n|t:|1700437420\n|switch|p1a: Goodra|Goodra, F|100\/100\n|turn|19\n|\n|t:|1700437423\n|-terastallize|p1a: Goodra|Electric\n|move|p2a: Roaring Moon|Knock Off|p1a: Goodra\n|-damage|p1a: Goodra|0 fnt\n|-enditem|p1a: Goodra|Leftovers|[from] move: Knock Off|[of] p2a: Roaring Moon\n|faint|p1a: Goodra\n|\n|win|LingLing007\n|raw|Jaitto's rating: 1349 &rarr; <strong>1327<\/strong><br \/>(-22 for losing)\n|raw|LingLing007's rating: 1320 &rarr; <strong>1342<\/strong><br \/>(+22 for winning)\n|l|\u2606Jaitto\n|c|\u2606LingLing007|gg\n","uploadtime":1700438306,"views":2,"p1id":"jaitto","p2id":"lingling007","formatid":"gen9anythinggoes","rating":1327,"private":0,"password":""}