{"id":"gen9anythinggoes-1979386840","p1":"GigaBytes7","p2":"justmedoingtesting","format":"[Gen 9] Anything Goes","log":"|j|\u2606GigaBytes7\n|j|\u2606justmedoingtesting\n|t:|1698678627\n|gametype|singles\n|player|p1|GigaBytes7|elaine|\n|player|p2|justmedoingtesting|1|\n|teamsize|p1|6\n|teamsize|p2|6\n|gen|9\n|tier|[Gen 9] Anything Goes\n|rule|HP Percentage Mod: HP is shown in percentages\n|rule|Endless Battle Clause: Forcing endless battles is banned\n|clearpoke\n|poke|p1|Koraidon|\n|poke|p1|Miraidon|\n|poke|p1|Ting-Lu|\n|poke|p1|Calyrex-Shadow|\n|poke|p1|Arceus|\n|poke|p1|Arceus-Water|\n|poke|p2|Koraidon|\n|poke|p2|Skeledirge, F|\n|poke|p2|Zacian-*|\n|poke|p2|Ting-Lu|\n|poke|p2|Arceus|\n|poke|p2|Miraidon|\n|teampreview\n|inactive|Battle timer is ON: inactive players will automatically lose when time's up. (requested by GigaBytes7)\n|c|\u2606GigaBytes7|not a single atk landed\n|\n|t:|1698678652\n|start\n|switch|p1a: Miraidon|Miraidon|100\/100\n|switch|p2a: Koraidon|Koraidon|100\/100\n|-fieldstart|move: Electric Terrain|[from] ability: Hadron Engine|[of] p1a: Miraidon\n|-weather|SunnyDay|[from] ability: Orichalcum Pulse|[of] p2a: Koraidon\n|-activate|p2a: Koraidon|Orichalcum Pulse|[source]\n|turn|1\n|\n|t:|1698678667\n|switch|p2a: Zacian|Zacian-Crowned|100\/100\n|-ability|p2a: Zacian|Intrepid Sword|boost\n|-boost|p2a: Zacian|atk|1\n|move|p1a: Miraidon|Taunt|p2a: Zacian\n|-start|p2a: Zacian|move: Taunt\n|\n|-weather|SunnyDay|[upkeep]\n|upkeep\n|turn|2\n|\n|t:|1698678680\n|switch|p1a: Arceus|Arceus-Water|100\/100\n|move|p2a: Zacian|Play Rough|p1a: Arceus\n|-damage|p1a: Arceus|63\/100\n|\n|-weather|SunnyDay|[upkeep]\n|upkeep\n|turn|3\n|\n|t:|1698678684\n|move|p2a: Zacian|Wild Charge|p1a: Arceus\n|-supereffective|p1a: Arceus\n|-damage|p1a: Arceus|0 fnt\n|faint|p1a: Arceus\n|-damage|p2a: Zacian|79\/100|[from] Recoil\n|\n|-weather|SunnyDay|[upkeep]\n|-end|p2a: Zacian|move: Taunt\n|upkeep\n|\n|t:|1698678687\n|switch|p1a: Koraidon|Koraidon|100\/100\n|-activate|p1a: Koraidon|ability: Orichalcum Pulse\n|turn|4\n|c|\u2606justmedoingtesting|hehehehaw\n|c|\u2606GigaBytes7|oh\n|c|\u2606GigaBytes7|yeah\n|\n|t:|1698678697\n|move|p1a: Koraidon|U-turn|p2a: Zacian\n|-resisted|p2a: Zacian\n|-damage|p2a: Zacian|71\/100\n|\n|t:|1698678700\n|switch|p1a: Miraidon|Miraidon|100\/100|[from] U-turn\n|-activate|p1a: Miraidon|ability: Hadron Engine\n|move|p2a: Zacian|Play Rough|p1a: Miraidon\n|-supereffective|p1a: Miraidon\n|-damage|p1a: Miraidon|0 fnt\n|faint|p1a: Miraidon\n|\n|-weather|SunnyDay|[upkeep]\n|upkeep\n|\n|t:|1698678704\n|switch|p1a: Calyrex|Calyrex-Shadow|100\/100\n|-ability|p1a: Calyrex|As One\n|-ability|p1a: Calyrex|Unnerve\n|turn|5\n|c|\u2606GigaBytes7|sade\n|c|\u2606justmedoingtesting|hehehehaw\n|\n|t:|1698678722\n|move|p1a: Calyrex|Astral Barrage|p2a: Zacian\n|-damage|p2a: Zacian|8\/100\n|move|p2a: Zacian|Behemoth Blade|p1a: Calyrex\n|-crit|p1a: Calyrex\n|-damage|p1a: Calyrex|0 fnt\n|faint|p1a: Calyrex\n|\n|-weather|none\n|-fieldend|move: Electric Terrain\n|upkeep\n|c|\u2606GigaBytes7|NOOOOO\n|\n|t:|1698678729\n|switch|p1a: Arceus|Arceus|100\/100\n|turn|6\n|c|\u2606justmedoingtesting|hehehehaw\n|c|\u2606GigaBytes7|lol\n|\n|t:|1698678734\n|switch|p2a: Skeledirge|Skeledirge, F|100\/100\n|move|p1a: Arceus|Extreme Speed|p2a: Skeledirge\n|-immune|p2a: Skeledirge\n|\n|upkeep\n|turn|7\n|\n|t:|1698678740\n|switch|p1a: Ting-Lu|Ting-Lu|100\/100\n|-ability|p1a: Ting-Lu|Vessel of Ruin\n|move|p2a: Skeledirge|Will-O-Wisp|p1a: Ting-Lu|[miss]\n|-miss|p2a: Skeledirge|p1a: Ting-Lu\n|\n|upkeep\n|turn|8\n|\n|t:|1698678746\n|switch|p2a: Koraidon|Koraidon|100\/100\n|-weather|SunnyDay|[from] ability: Orichalcum Pulse|[of] p2a: Koraidon\n|-activate|p2a: Koraidon|Orichalcum Pulse|[source]\n|move|p1a: Ting-Lu|Taunt|p2a: Koraidon\n|-start|p2a: Koraidon|move: Taunt\n|\n|-weather|SunnyDay|[upkeep]\n|upkeep\n|turn|9\n|\n|t:|1698678755\n|move|p2a: Koraidon|Scale Shot|p1a: Ting-Lu\n|-damage|p1a: Ting-Lu|89\/100\n|-damage|p1a: Ting-Lu|79\/100\n|-damage|p1a: Ting-Lu|68\/100\n|-damage|p1a: Ting-Lu|59\/100\n|-damage|p1a: Ting-Lu|48\/100\n|-hitcount|p1a: Ting-Lu|5\n|-unboost|p2a: Koraidon|def|1\n|-boost|p2a: Koraidon|spe|1\n|move|p1a: Ting-Lu|Spikes|p2a: Koraidon\n|-sidestart|p2: justmedoingtesting|Spikes\n|\n|-weather|SunnyDay|[upkeep]\n|-heal|p1a: Ting-Lu|54\/100|[from] item: Leftovers\n|upkeep\n|turn|10\n|\n|t:|1698678766\n|move|p2a: Koraidon|Low Kick|p1a: Ting-Lu\n|-supereffective|p1a: Ting-Lu\n|-damage|p1a: Ting-Lu|0 fnt\n|faint|p1a: Ting-Lu\n|\n|-weather|SunnyDay|[upkeep]\n|-end|p2a: Koraidon|move: Taunt\n|upkeep\n|\n|t:|1698678768\n|switch|p1a: Koraidon|Koraidon|100\/100\n|-activate|p1a: Koraidon|ability: Orichalcum Pulse\n|turn|11\n|\n|t:|1698678775\n|move|p2a: Koraidon|Scale Shot|p1a: Koraidon|[miss]\n|-miss|p2a: Koraidon|p1a: Koraidon\n|move|p1a: Koraidon|Close Combat|p2a: Koraidon\n|-damage|p2a: Koraidon|0 fnt\n|-unboost|p1a: Koraidon|def|1\n|-unboost|p1a: Koraidon|spd|1\n|faint|p2a: Koraidon\n|\n|-weather|SunnyDay|[upkeep]\n|upkeep\n|c|\u2606GigaBytes7|L\n|c|\u2606GigaBytes7|imagine\n|c|\u2606justmedoingtesting|PFFF\n|\n|t:|1698678788\n|switch|p2a: Miraidon|Miraidon|100\/100\n|-damage|p2a: Miraidon|88\/100|[from] Spikes\n|-fieldstart|move: Electric Terrain|[from] ability: Hadron Engine|[of] p2a: Miraidon\n|turn|12\n|\n|t:|1698678791\n|move|p1a: Koraidon|Close Combat|p2a: Miraidon\n|-damage|p2a: Miraidon|9\/100\n|-unboost|p1a: Koraidon|def|1\n|-unboost|p1a: Koraidon|spd|1\n|move|p2a: Miraidon|Draco Meteor|p1a: Koraidon\n|-supereffective|p1a: Koraidon\n|-damage|p1a: Koraidon|0 fnt\n|-unboost|p2a: Miraidon|spa|2\n|faint|p1a: Koraidon\n|\n|-weather|none\n|upkeep\n|\n|t:|1698678793\n|switch|p1a: Arceus|Arceus|100\/100\n|turn|13\n|\n|t:|1698678802\n|move|p2a: Miraidon|Draco Meteor|p1a: Arceus\n|-damage|p1a: Arceus|68\/100\n|-unboost|p2a: Miraidon|spa|2\n|move|p1a: Arceus|Shadow Claw|p2a: Miraidon\n|-damage|p2a: Miraidon|0 fnt\n|faint|p2a: Miraidon\n|\n|upkeep\n|c|\u2606justmedoingtesting|gg\n|c|\u2606GigaBytes7|i lose to dirge\n|c|\u2606GigaBytes7|gg\n|-message|GigaBytes7 forfeited.\n|\n|win|justmedoingtesting\n|c|\u2606GigaBytes7|bad predicts moment\n|c|\u2606justmedoingtesting|lol\n","uploadtime":1698678825,"views":10,"p1id":"gigabytes7","p2id":"justmedoingtesting","formatid":"gen9anythinggoes","rating":0,"private":0,"password":""}