{"id":"gen9anythinggoes-1971619609","p1":"YoungEsq","p2":"OKYR333","format":"[Gen 9] Anything Goes","log":"|j|\u2606YoungEsq\n|j|\u2606OKYR333\n|t:|1697754048\n|gametype|singles\n|player|p1|YoungEsq|2|1374\n|player|p2|OKYR333|gambler|1339\n|teamsize|p1|6\n|teamsize|p2|6\n|gen|9\n|tier|[Gen 9] Anything Goes\n|rated|\n|rule|HP Percentage Mod: HP is shown in percentages\n|rule|Endless Battle Clause: Forcing endless battles is banned\n|clearpoke\n|poke|p1|Ting-Lu|\n|poke|p1|Gholdengo|\n|poke|p1|Roaring Moon|\n|poke|p1|Chi-Yu|\n|poke|p1|Samurott-Hisui, F|\n|poke|p1|Mandibuzz, F|\n|poke|p2|Annihilape, F|\n|poke|p2|Ursaluna, F|\n|poke|p2|Ogerpon-Hearthflame, F|\n|poke|p2|Murkrow, F|\n|poke|p2|Espathra, F|\n|poke|p2|Greninja-*, M|\n|teampreview\n|inactive|Battle timer is ON: inactive players will automatically lose when time's up. (requested by OKYR333)\n|\n|t:|1697754068\n|start\n|switch|p1a: Ting-Lu|Ting-Lu|100\/100\n|switch|p2a: Ursaluna|Ursaluna, F, shiny|100\/100\n|-ability|p1a: Ting-Lu|Vessel of Ruin\n|turn|1\n|\n|t:|1697754077\n|move|p2a: Ursaluna|Bulk Up|p2a: Ursaluna\n|-boost|p2a: Ursaluna|atk|1\n|-boost|p2a: Ursaluna|def|1\n|move|p1a: Ting-Lu|Whirlwind|p2a: Ursaluna\n|drag|p2a: Espathra|Espathra, F|100\/100\n|\n|upkeep\n|turn|2\n|\n|t:|1697754085\n|move|p2a: Espathra|Dazzling Gleam|p1a: Ting-Lu\n|-supereffective|p1a: Ting-Lu\n|-damage|p1a: Ting-Lu|82\/100\n|move|p1a: Ting-Lu|Stealth Rock|p2a: Espathra\n|-sidestart|p2: OKYR333|move: Stealth Rock\n|\n|-heal|p1a: Ting-Lu|88\/100|[from] item: Leftovers\n|upkeep\n|turn|3\n|\n|t:|1697754093\n|move|p2a: Espathra|Calm Mind|p2a: Espathra\n|-boost|p2a: Espathra|spa|1\n|-boost|p2a: Espathra|spd|1\n|move|p1a: Ting-Lu|Whirlwind|p2a: Espathra\n|drag|p2a: Annihilape|Annihilape, F, shiny|100\/100\n|-damage|p2a: Annihilape|94\/100|[from] Stealth Rock\n|\n|-heal|p1a: Ting-Lu|94\/100|[from] item: Leftovers\n|upkeep\n|turn|4\n|\n|t:|1697754104\n|move|p2a: Annihilape|Drain Punch|p1a: Ting-Lu\n|-supereffective|p1a: Ting-Lu\n|-damage|p1a: Ting-Lu|51\/100\n|-heal|p2a: Annihilape|100\/100|[from] drain|[of] p1a: Ting-Lu\n|move|p1a: Ting-Lu|Earthquake|p2a: Annihilape\n|-damage|p2a: Annihilape|64\/100\n|\n|-heal|p1a: Ting-Lu|57\/100|[from] item: Leftovers\n|upkeep\n|turn|5\n|\n|t:|1697754120\n|move|p2a: Annihilape|Rage Fist|p1a: Ting-Lu\n|-resisted|p1a: Ting-Lu\n|-crit|p1a: Ting-Lu\n|-damage|p1a: Ting-Lu|36\/100\n|move|p1a: Ting-Lu|Whirlwind|p2a: Annihilape\n|drag|p2a: Ursaluna|Ursaluna, F, shiny|100\/100\n|-damage|p2a: Ursaluna|94\/100|[from] Stealth Rock\n|\n|-heal|p1a: Ting-Lu|42\/100|[from] item: Leftovers\n|-status|p2a: Ursaluna|brn|[from] item: Flame Orb\n|upkeep\n|turn|6\n|\n|t:|1697754134\n|switch|p1a: Samurott|Samurott-Hisui, F|100\/100\n|move|p2a: Ursaluna|Facade|p1a: Samurott\n|-damage|p1a: Samurott|0 fnt\n|faint|p1a: Samurott\n|\n|-damage|p2a: Ursaluna|88\/100 brn|[from] brn\n|upkeep\n|\n|t:|1697754151\n|switch|p1a: Mandibuzz|Mandibuzz, F|100\/100\n|turn|7\n|\n|t:|1697754156\n|move|p1a: Mandibuzz|Foul Play|p2a: Ursaluna\n|-damage|p2a: Ursaluna|47\/100 brn\n|move|p2a: Ursaluna|Facade|p1a: Mandibuzz\n|-damage|p1a: Mandibuzz|8\/100\n|\n|-damage|p2a: Ursaluna|41\/100 brn|[from] brn\n|upkeep\n|turn|8\n|\n|t:|1697754167\n|switch|p2a: Murkrow|Murkrow, F|100\/100\n|-damage|p2a: Murkrow|76\/100|[from] Stealth Rock\n|move|p1a: Mandibuzz|Foul Play|p2a: Murkrow\n|-resisted|p2a: Murkrow\n|-damage|p2a: Murkrow|62\/100\n|\n|upkeep\n|turn|9\n|\n|t:|1697754174\n|move|p2a: Murkrow|Foul Play|p1a: Mandibuzz\n|-resisted|p1a: Mandibuzz\n|-damage|p1a: Mandibuzz|0 fnt\n|faint|p1a: Mandibuzz\n|\n|upkeep\n|\n|t:|1697754182\n|switch|p1a: Roaring Moon|Roaring Moon|100\/100\n|-enditem|p1a: Roaring Moon|Booster Energy\n|-activate|p1a: Roaring Moon|ability: Protosynthesis|[fromitem]\n|-start|p1a: Roaring Moon|protosynthesisatk\n|turn|10\n|\n|t:|1697754189\n|switch|p2a: Espathra|Espathra, F|100\/100\n|-damage|p2a: Espathra|88\/100|[from] Stealth Rock\n|move|p1a: Roaring Moon|Dragon Dance|p1a: Roaring Moon\n|-boost|p1a: Roaring Moon|atk|1\n|-boost|p1a: Roaring Moon|spe|1\n|-ability|p2a: Espathra|Opportunist|boost\n|-boost|p2a: Espathra|atk|1\n|-boost|p2a: Espathra|spe|1\n|\n|-heal|p2a: Espathra|94\/100|[from] item: Leftovers\n|upkeep\n|turn|11\n|\n|t:|1697754202\n|-terastallize|p1a: Roaring Moon|Flying\n|move|p1a: Roaring Moon|Acrobatics|p2a: Espathra\n|-damage|p2a: Espathra|0 fnt\n|faint|p2a: Espathra\n|\n|upkeep\n|\n|t:|1697754218\n|switch|p2a: Murkrow|Murkrow, F|62\/100\n|-damage|p2a: Murkrow|38\/100|[from] Stealth Rock\n|turn|12\n|\n|t:|1697754222\n|move|p2a: Murkrow|Haze|p2a: Murkrow\n|-clearallboost\n|move|p1a: Roaring Moon|Dragon Dance|p1a: Roaring Moon\n|-boost|p1a: Roaring Moon|atk|1\n|-boost|p1a: Roaring Moon|spe|1\n|\n|upkeep\n|turn|13\n|\n|t:|1697754230\n|move|p1a: Roaring Moon|Acrobatics|p2a: Murkrow\n|-damage|p2a: Murkrow|0 fnt\n|faint|p2a: Murkrow\n|\n|upkeep\n|\n|t:|1697754234\n|switch|p2a: Greninja|Greninja, M|100\/100\n|-damage|p2a: Greninja|88\/100|[from] Stealth Rock\n|turn|14\n|\n|t:|1697754240\n|move|p1a: Roaring Moon|Dragon Claw|p2a: Greninja\n|-crit|p2a: Greninja\n|-damage|p2a: Greninja|0 fnt\n|faint|p2a: Greninja\n|\n|upkeep\n|-message|OKYR333 forfeited.\n|\n|win|YoungEsq\n|raw|YoungEsq's rating: 1374 &rarr; <strong>1392<\/strong><br \/>(+18 for winning)\n|raw|OKYR333's rating: 1339 &rarr; <strong>1321<\/strong><br \/>(-18 for losing)\n|l|\u2606OKYR333\n","uploadtime":1697754250,"views":5,"p1id":"youngesq","p2id":"okyr333","formatid":"gen9anythinggoes","rating":1321,"private":0,"password":""}