{"id":"gen9anythinggoes-1992183076","p1":"gobrightly","p2":"Cheesee813","format":"[Gen 9] Anything Goes","log":"|j|\u2606gobrightly\n|j|\u2606Cheesee813\n|t:|1700161878\n|gametype|singles\n|player|p1|gobrightly|rancher|1344\n|player|p2|Cheesee813|boarder|1444\n|teamsize|p1|6\n|teamsize|p2|6\n|gen|9\n|tier|[Gen 9] Anything Goes\n|rated|\n|rule|HP Percentage Mod: HP is shown in percentages\n|rule|Endless Battle Clause: Forcing endless battles is banned\n|clearpoke\n|poke|p1|Gastrodon-East, F|\n|poke|p1|Dragapult, F|\n|poke|p1|Weavile, M|\n|poke|p1|Hatterene, F|\n|poke|p1|Espeon, M|\n|poke|p1|Urshifu-*, M|\n|poke|p2|Garchomp, F|\n|poke|p2|Chien-Pao|\n|poke|p2|Ogerpon-Cornerstone, F|\n|poke|p2|Ceruledge, F|\n|poke|p2|Quaquaval, F|\n|poke|p2|Flutter Mane|\n|teampreview\n|inactive|Battle timer is ON: inactive players will automatically lose when time's up. (requested by gobrightly)\n|\n|t:|1700161887\n|start\n|switch|p1a: Espeon|Espeon, M, shiny|100\/100\n|switch|p2a: Ceruledge|Ceruledge, F|100\/100\n|turn|1\n|\n|t:|1700161895\n|move|p1a: Espeon|Trick|p2a: Ceruledge\n|-activate|p1a: Espeon|move: Trick|[of] p2a: Ceruledge\n|-item|p2a: Ceruledge|Choice Scarf|[from] move: Trick\n|-item|p1a: Espeon|Focus Sash|[from] move: Trick\n|move|p2a: Ceruledge|Swords Dance|p2a: Ceruledge\n|-boost|p2a: Ceruledge|atk|2\n|\n|upkeep\n|turn|2\n|\n|t:|1700161903\n|switch|p2a: Chien-Pao|Chien-Pao|100\/100\n|-ability|p2a: Chien-Pao|Sword of Ruin\n|-terastallize|p1a: Espeon|Normal\n|move|p1a: Espeon|Hyper Beam|p2a: Chien-Pao\n|-enditem|p2a: Chien-Pao|Focus Sash\n|-damage|p2a: Chien-Pao|1\/100\n|-mustrecharge|p1a: Espeon\n|\n|upkeep\n|turn|3\n|\n|t:|1700161912\n|move|p2a: Chien-Pao|Sacred Sword|p1a: Espeon\n|-supereffective|p1a: Espeon\n|-enditem|p1a: Espeon|Focus Sash\n|-damage|p1a: Espeon|1\/100\n|cant|p1a: Espeon|recharge\n|\n|upkeep\n|turn|4\n|\n|t:|1700161918\n|switch|p1a: Dragapult|Dragapult, F|100\/100\n|move|p2a: Chien-Pao|Sacred Sword|p1a: Dragapult\n|-immune|p1a: Dragapult\n|\n|upkeep\n|turn|5\n|\n|t:|1700161923\n|move|p1a: Dragapult|Sucker Punch|p2a: Chien-Pao\n|-resisted|p2a: Chien-Pao\n|-damage|p2a: Chien-Pao|0 fnt\n|faint|p2a: Chien-Pao\n|-damage|p1a: Dragapult|91\/100|[from] item: Life Orb\n|\n|upkeep\n|\n|t:|1700161931\n|switch|p2a: Ceruledge|Ceruledge, F|100\/100\n|turn|6\n|\n|t:|1700161935\n|move|p2a: Ceruledge|Shadow Sneak|p1a: Dragapult\n|-supereffective|p1a: Dragapult\n|-damage|p1a: Dragapult|39\/100\n|move|p1a: Dragapult|Phantom Force||[still]\n|-prepare|p1a: Dragapult|Phantom Force\n|\n|upkeep\n|turn|7\n|\n|t:|1700161940\n|move|p2a: Ceruledge|Shadow Sneak|p1a: Dragapult|[miss]\n|-miss|p2a: Ceruledge|p1a: Dragapult\n|move|p1a: Dragapult|Phantom Force|p2a: Ceruledge|[from]lockedmove\n|-supereffective|p2a: Ceruledge\n|-damage|p2a: Ceruledge|0 fnt\n|faint|p2a: Ceruledge\n|-damage|p1a: Dragapult|29\/100|[from] item: Life Orb\n|\n|upkeep\n|\n|t:|1700161946\n|switch|p2a: Ogerpon|Ogerpon-Cornerstone, F|100\/100\n|turn|8\n|\n|t:|1700161955\n|move|p1a: Dragapult|Dragon Darts|p2a: Ogerpon\n|-damage|p2a: Ogerpon|55\/100\n|-anim|p1a: Dragapult|Dragon Darts|p2a: Ogerpon\n|-damage|p2a: Ogerpon|13\/100\n|-damage|p1a: Dragapult|19\/100|[from] item: Life Orb\n|move|p2a: Ogerpon|Swords Dance|p2a: Ogerpon\n|-boost|p2a: Ogerpon|atk|2\n|\n|upkeep\n|turn|9\n|\n|t:|1700161959\n|move|p1a: Dragapult|Sucker Punch|p2a: Ogerpon\n|-damage|p2a: Ogerpon|0 fnt\n|faint|p2a: Ogerpon\n|-damage|p1a: Dragapult|10\/100|[from] item: Life Orb\n|\n|upkeep\n|\n|t:|1700161963\n|switch|p2a: Quaquaval|Quaquaval, F|100\/100\n|turn|10\n|\n|t:|1700161968\n|move|p1a: Dragapult|Dragon Darts|p2a: Quaquaval\n|-damage|p2a: Quaquaval|58\/100\n|-anim|p1a: Dragapult|Dragon Darts|p2a: Quaquaval\n|-damage|p2a: Quaquaval|19\/100\n|-damage|p1a: Dragapult|0 fnt|[from] item: Life Orb\n|faint|p1a: Dragapult\n|move|p2a: Quaquaval|Aqua Step|p1: Dragapult|[notarget]\n|-fail|p2a: Quaquaval\n|\n|upkeep\n|\n|t:|1700161975\n|switch|p1a: Urshifu|Urshifu, M|100\/100\n|turn|11\n|\n|t:|1700161984\n|move|p1a: Urshifu|Wicked Blow|p2a: Quaquaval\n|-resisted|p2a: Quaquaval\n|-crit|p2a: Quaquaval\n|-damage|p2a: Quaquaval|0 fnt\n|faint|p2a: Quaquaval\n|\n|upkeep\n|\n|t:|1700161995\n|switch|p2a: Garchomp|Garchomp, F|100\/100\n|turn|12\n|\n|t:|1700161998\n|move|p1a: Urshifu|Wicked Blow|p2a: Garchomp\n|-crit|p2a: Garchomp\n|-damage|p2a: Garchomp|49\/100\n|-damage|p1a: Urshifu|88\/100|[from] ability: Rough Skin|[of] p2a: Garchomp\n|-damage|p1a: Urshifu|72\/100|[from] item: Rocky Helmet|[of] p2a: Garchomp\n|move|p2a: Garchomp|Earthquake|p1a: Urshifu\n|-damage|p1a: Urshifu|20\/100\n|\n|upkeep\n|turn|13\n|\n|t:|1700162002\n|move|p1a: Urshifu|Wicked Blow|p2a: Garchomp\n|-crit|p2a: Garchomp\n|-damage|p2a: Garchomp|0 fnt\n|-damage|p1a: Urshifu|7\/100|[from] ability: Rough Skin|[of] p2a: Garchomp\n|-damage|p1a: Urshifu|0 fnt|[from] item: Rocky Helmet|[of] p2a: Garchomp\n|faint|p2a: Garchomp\n|faint|p1a: Urshifu\n|\n|upkeep\n|\n|t:|1700162009\n|switch|p2a: Flutter Mane|Flutter Mane|100\/100\n|switch|p1a: Gastrodon|Gastrodon-East, F|100\/100\n|-enditem|p2a: Flutter Mane|Booster Energy\n|-activate|p2a: Flutter Mane|ability: Protosynthesis|[fromitem]\n|-start|p2a: Flutter Mane|protosynthesisspe\n|turn|14\n|\n|t:|1700162018\n|move|p2a: Flutter Mane|Shadow Ball|p1a: Gastrodon\n|-damage|p1a: Gastrodon|74\/100\n|move|p1a: Gastrodon|Yawn|p2a: Flutter Mane\n|-start|p2a: Flutter Mane|move: Yawn|[of] p1a: Gastrodon\n|\n|upkeep\n|turn|15\n|\n|t:|1700162022\n|move|p2a: Flutter Mane|Shadow Ball|p1a: Gastrodon\n|-damage|p1a: Gastrodon|45\/100\n|-unboost|p1a: Gastrodon|spd|1\n|move|p1a: Gastrodon|Surf|p2a: Flutter Mane\n|-damage|p2a: Flutter Mane|72\/100\n|\n|-end|p2a: Flutter Mane|move: Yawn|[silent]\n|-status|p2a: Flutter Mane|slp\n|upkeep\n|turn|16\n|\n|t:|1700162026\n|switch|p1a: Weavile|Weavile, M|100\/100\n|cant|p2a: Flutter Mane|slp\n|\n|upkeep\n|turn|17\n|\n|t:|1700162030\n|cant|p2a: Flutter Mane|slp\n|move|p1a: Weavile|Poison Jab|p2a: Flutter Mane\n|-damage|p2a: Flutter Mane|12\/100 slp\n|\n|upkeep\n|turn|18\n|\n|t:|1700162031\n|-curestatus|p2a: Flutter Mane|slp|[msg]\n|move|p2a: Flutter Mane|Moonblast|p1a: Weavile\n|-supereffective|p1a: Weavile\n|-damage|p1a: Weavile|0 fnt\n|faint|p1a: Weavile\n|\n|upkeep\n|\n|t:|1700162036\n|switch|p1a: Hatterene|Hatterene, F|100\/100\n|turn|19\n|\n|t:|1700162039\n|move|p2a: Flutter Mane|Shadow Ball|p1a: Hatterene\n|-supereffective|p1a: Hatterene\n|-damage|p1a: Hatterene|14\/100\n|move|p1a: Hatterene|Shadow Ball|p2a: Flutter Mane\n|-supereffective|p2a: Flutter Mane\n|-damage|p2a: Flutter Mane|0 fnt\n|faint|p2a: Flutter Mane\n|-end|p2a: Flutter Mane|Protosynthesis|[silent]\n|\n|win|gobrightly\n|raw|gobrightly's rating: 1344 &rarr; <strong>1370<\/strong><br \/>(+26 for winning)\n|raw|Cheesee813's rating: 1444 &rarr; <strong>1418<\/strong><br \/>(-26 for losing)\n|l|\u2606Cheesee813\n","uploadtime":1700162050,"views":4,"p1id":"gobrightly","p2id":"cheesee813","formatid":"gen9anythinggoes","rating":1370,"private":0,"password":""}