{"id":"gen9anythinggoes-1995115477","p1":"ShibaInuPile","p2":"chirs\/afton","format":"[Gen 9] Anything Goes","log":"|j|\u2606ShibaInuPile\n|j|\u2606chirs\/afton\n|t:|1700524254\n|gametype|singles\n|player|p1|ShibaInuPile|bellelba|\n|player|p2|chirs\/afton|allister|\n|teamsize|p1|6\n|teamsize|p2|6\n|gen|9\n|tier|[Gen 9] Anything Goes\n|rule|HP Percentage Mod: HP is shown in percentages\n|rule|Endless Battle Clause: Forcing endless battles is banned\n|clearpoke\n|poke|p1|Calyrex-Shadow|\n|poke|p1|Miraidon|\n|poke|p1|Urshifu-*, M|\n|poke|p1|Zacian-*|\n|poke|p1|Maushold|\n|poke|p1|Ogerpon-Hearthflame, F|\n|poke|p2|Abomasnow, F|\n|poke|p2|Diancie|\n|poke|p2|Articuno|\n|poke|p2|Basculegion, M|\n|poke|p2|Garchomp, M|\n|poke|p2|Dragapult, F|\n|teampreview\n|inactive|Battle timer is ON: inactive players will automatically lose when time's up. (requested by ShibaInuPile)\n|c|\u2606chirs\/afton|i have a natdex ag\n|\n|t:|1700524272\n|start\n|switch|p1a: Maushold|Maushold|100\/100\n|switch|p2a: Garchomp|Garchomp, M|100\/100\n|turn|1\n|inactive|chirs\/afton has 270 seconds left.\n|\n|t:|1700524303\n|move|p1a: Maushold|Tidy Up|p1a: Maushold\n|-boost|p1a: Maushold|atk|1\n|-boost|p1a: Maushold|spe|1\n|move|p2a: Garchomp|Swords Dance|p2a: Garchomp\n|-boost|p2a: Garchomp|atk|2\n|\n|upkeep\n|turn|2\n|\n|t:|1700524308\n|move|p1a: Maushold|Tidy Up|p1a: Maushold\n|-boost|p1a: Maushold|atk|1\n|-boost|p1a: Maushold|spe|1\n|move|p2a: Garchomp|Dragon Claw|p1a: Maushold\n|-enditem|p1a: Maushold|Focus Sash\n|-damage|p1a: Maushold|1\/100\n|\n|upkeep\n|turn|3\n|\n|t:|1700524317\n|move|p1a: Maushold|Baton Pass|p1a: Maushold\n|\n|t:|1700524336\n|switch|p1a: Zacian|Zacian-Crowned|100\/100|[from] Baton Pass\n|-ability|p1a: Zacian|Intrepid Sword|boost\n|-boost|p1a: Zacian|atk|1\n|move|p2a: Garchomp|Fire Fang|p1a: Zacian\n|-supereffective|p1a: Zacian\n|-damage|p1a: Zacian|12\/100\n|\n|upkeep\n|turn|4\n|\n|t:|1700524346\n|move|p1a: Zacian|Play Rough|p2a: Garchomp\n|-supereffective|p2a: Garchomp\n|-damage|p2a: Garchomp|0 fnt\n|-damage|p1a: Zacian|0 fnt|[from] ability: Rough Skin|[of] p2a: Garchomp\n|faint|p2a: Garchomp\n|faint|p1a: Zacian\n|\n|upkeep\n|inactive|ShibaInuPile has 270 seconds left.\n|\n|t:|1700524373\n|switch|p1a: Maushold|Maushold|1\/100\n|switch|p2a: Diancie|Diancie|100\/100\n|turn|5\n|\n|t:|1700524380\n|move|p1a: Maushold|Chilling Water|p2a: Diancie\n|-supereffective|p2a: Diancie\n|-damage|p2a: Diancie|80\/100\n|move|p2a: Diancie|Diamond Storm|p1a: Maushold\n|-damage|p1a: Maushold|0 fnt\n|faint|p1a: Maushold\n|\n|upkeep\n|inactive|ShibaInuPile has 270 seconds left.\n|c|\u2606chirs\/afton|this a ffa\n|\n|t:|1700524402\n|switch|p1a: Urshifu|Urshifu-Rapid-Strike, M|100\/100\n|turn|6\n|c|\u2606chirs\/afton|team\n|c|\u2606ShibaInuPile|ah\n|\n|t:|1700524414\n|-terastallize|p2a: Diancie|Water\n|move|p1a: Urshifu|Surging Strikes|p2a: Diancie\n|-resisted|p2a: Diancie\n|-crit|p2a: Diancie\n|-damage|p2a: Diancie|71\/100\n|-damage|p1a: Urshifu|84\/100|[from] item: Rocky Helmet|[of] p2a: Diancie\n|-resisted|p2a: Diancie\n|-crit|p2a: Diancie\n|-damage|p2a: Diancie|62\/100\n|-damage|p1a: Urshifu|67\/100|[from] item: Rocky Helmet|[of] p2a: Diancie\n|-resisted|p2a: Diancie\n|-crit|p2a: Diancie\n|-damage|p2a: Diancie|53\/100\n|-damage|p1a: Urshifu|50\/100|[from] item: Rocky Helmet|[of] p2a: Diancie\n|-hitcount|p2a: Diancie|3\n|move|p2a: Diancie|Draining Kiss|p1a: Urshifu\n|-supereffective|p1a: Urshifu\n|-damage|p1a: Urshifu|0 fnt\n|-heal|p2a: Diancie|100\/100|[from] drain|[of] p1a: Urshifu\n|faint|p1a: Urshifu\n|\n|upkeep\n|\n|t:|1700524429\n|switch|p1a: Miraidon|Miraidon|100\/100\n|-fieldstart|move: Electric Terrain|[from] ability: Hadron Engine|[of] p1a: Miraidon\n|turn|7\n|\n|t:|1700524438\n|move|p1a: Miraidon|Overheat|p2a: Diancie\n|-resisted|p2a: Diancie\n|-crit|p2a: Diancie\n|-damage|p2a: Diancie|20\/100\n|-unboost|p1a: Miraidon|spa|2\n|move|p2a: Diancie|Draining Kiss|p1a: Miraidon\n|-supereffective|p1a: Miraidon\n|-damage|p1a: Miraidon|61\/100\n|-heal|p2a: Diancie|62\/100|[from] drain|[of] p1a: Miraidon\n|\n|upkeep\n|turn|8\n|c|\u2606ShibaInuPile|i tried to read the abom\n|inactive|ShibaInuPile has 240 seconds left.\n|\n|t:|1700524470\n|switch|p1a: Ogerpon|Ogerpon-Hearthflame, F|100\/100\n|-ability|p1a: Ogerpon|Mold Breaker\n|move|p2a: Diancie|Earth Power|p1a: Ogerpon\n|-damage|p1a: Ogerpon|71\/100\n|-unboost|p1a: Ogerpon|spd|1\n|\n|upkeep\n|turn|9\n|inactive|ShibaInuPile has 240 seconds left.\n|\n|t:|1700524480\n|move|p1a: Ogerpon|Horn Leech|p2a: Diancie\n|-supereffective|p2a: Diancie\n|-damage|p2a: Diancie|0 fnt\n|-heal|p1a: Ogerpon|95\/100|[from] drain|[of] p2a: Diancie\n|-damage|p1a: Ogerpon|79\/100|[from] item: Rocky Helmet|[of] p2a: Diancie\n|faint|p2a: Diancie\n|\n|upkeep\n|\n|t:|1700524492\n|switch|p2a: Articuno|Articuno|100\/100\n|-ability|p2a: Articuno|Pressure\n|turn|10\n|inactive|ShibaInuPile has 240 seconds left.\n|\n|t:|1700524509\n|move|p1a: Ogerpon|Ivy Cudgel|p2a: Articuno|[anim] Ivy Cudgel Fire\n|-supereffective|p2a: Articuno\n|-damage|p2a: Articuno|0 fnt\n|faint|p2a: Articuno\n|\n|upkeep\n|\n|t:|1700524514\n|switch|p2a: Feetus yeetus|Dragapult, F, shiny|100\/100\n|turn|11\n|\n|t:|1700524528\n|move|p1a: Ogerpon|Protect|p1a: Ogerpon\n|-singleturn|p1a: Ogerpon|Protect\n|move|p2a: Feetus yeetus|Phantom Force||[still]\n|-prepare|p2a: Feetus yeetus|Phantom Force\n|\n|-fieldend|move: Electric Terrain\n|upkeep\n|turn|12\n|\n|t:|1700524540\n|move|p1a: Ogerpon|Protect||[still]\n|-fail|p1a: Ogerpon\n|move|p2a: Feetus yeetus|Phantom Force|p1a: Ogerpon|[from]lockedmove\n|-damage|p1a: Ogerpon|21\/100\n|\n|upkeep\n|turn|13\n|\n|t:|1700524546\n|move|p2a: Feetus yeetus|Dragon Dance|p2a: Feetus yeetus\n|-boost|p2a: Feetus yeetus|atk|1\n|-boost|p2a: Feetus yeetus|spe|1\n|move|p1a: Ogerpon|Ivy Cudgel|p2a: Feetus yeetus|[anim] Ivy Cudgel Fire\n|-resisted|p2a: Feetus yeetus\n|-damage|p2a: Feetus yeetus|58\/100\n|\n|-heal|p2a: Feetus yeetus|64\/100|[from] item: Leftovers\n|upkeep\n|turn|14\n|\n|t:|1700524553\n|move|p2a: Feetus yeetus|Dragon Dance|p2a: Feetus yeetus\n|-boost|p2a: Feetus yeetus|atk|1\n|-boost|p2a: Feetus yeetus|spe|1\n|move|p1a: Ogerpon|Ivy Cudgel|p2a: Feetus yeetus|[anim] Ivy Cudgel Fire\n|-resisted|p2a: Feetus yeetus\n|-damage|p2a: Feetus yeetus|23\/100\n|\n|-heal|p2a: Feetus yeetus|29\/100|[from] item: Leftovers\n|upkeep\n|turn|15\n|\n|t:|1700524559\n|move|p2a: Feetus yeetus|Phantom Force||[still]\n|-prepare|p2a: Feetus yeetus|Phantom Force\n|move|p1a: Ogerpon|Ivy Cudgel|p2a: Feetus yeetus|[anim] Ivy Cudgel Fire|[miss]\n|-miss|p1a: Ogerpon|p2a: Feetus yeetus\n|\n|-heal|p2a: Feetus yeetus|35\/100|[from] item: Leftovers\n|upkeep\n|turn|16\n|inactive|ShibaInuPile has 270 seconds left.\n|\n|t:|1700524567\n|move|p1a: Ogerpon|Protect|p1a: Ogerpon\n|-singleturn|p1a: Ogerpon|Protect\n|move|p2a: Feetus yeetus|Phantom Force|p1a: Ogerpon|[from]lockedmove\n|-activate|p1a: Ogerpon|move: Phantom Force|[broken]\n|-damage|p1a: Ogerpon|0 fnt\n|faint|p1a: Ogerpon\n|\n|-heal|p2a: Feetus yeetus|41\/100|[from] item: Leftovers\n|upkeep\n|inactive|ShibaInuPile has 270 seconds left.\n|\n|t:|1700524586\n|switch|p1a: Miraidon|Miraidon|61\/100\n|-fieldstart|move: Electric Terrain|[from] ability: Hadron Engine|[of] p1a: Miraidon\n|turn|17\n|\n|t:|1700524591\n|-terastallize|p1a: Miraidon|Electric\n|move|p2a: Feetus yeetus|Dragon Darts|p1a: Miraidon\n|-damage|p1a: Miraidon|14\/100\n|-anim|p2a: Feetus yeetus|Dragon Darts|p1a: Miraidon\n|-damage|p1a: Miraidon|0 fnt\n|faint|p1a: Miraidon\n|\n|-heal|p2a: Feetus yeetus|47\/100|[from] item: Leftovers\n|upkeep\n|inactive|ShibaInuPile has 270 seconds left.\n|\n|t:|1700524597\n|switch|p1a: Calyrex|Calyrex-Shadow|100\/100\n|-ability|p1a: Calyrex|As One\n|-ability|p1a: Calyrex|Unnerve\n|turn|18\n|inactive|ShibaInuPile has 270 seconds left.\n|\n|t:|1700524623\n|move|p2a: Feetus yeetus|Phantom Force||[still]\n|-prepare|p2a: Feetus yeetus|Phantom Force\n|move|p1a: Calyrex|Astral Barrage|p2a: Feetus yeetus|[miss]\n|-miss|p1a: Calyrex|p2a: Feetus yeetus\n|\n|-heal|p2a: Feetus yeetus|53\/100|[from] item: Leftovers\n|upkeep\n|turn|19\n|\n|t:|1700524640\n|move|p2a: Feetus yeetus|Phantom Force|p1a: Calyrex|[from]lockedmove\n|-supereffective|p1a: Calyrex\n|-damage|p1a: Calyrex|0 fnt\n|faint|p1a: Calyrex\n|\n|win|chirs\/afton\n|c|\u2606ShibaInuPile|gg\\\n","uploadtime":1700524660,"views":0,"p1id":"shibainupile","p2id":"chirsafton","formatid":"gen9anythinggoes","rating":0,"private":0,"password":""}