{"id":"gen9anythinggoes-1992035637","p1":"nicgamie","p2":"SnappisPappis","format":"[Gen 9] Anything Goes","log":"|j|\u2606nicgamie\n|j|\u2606SnappisPappis\n|t:|1700149647\n|gametype|singles\n|player|p1|nicgamie|steven|1034\n|player|p2|SnappisPappis|riley|1000\n|teamsize|p1|6\n|teamsize|p2|6\n|gen|9\n|tier|[Gen 9] Anything Goes\n|rated|\n|rule|HP Percentage Mod: HP is shown in percentages\n|rule|Endless Battle Clause: Forcing endless battles is banned\n|clearpoke\n|poke|p1|Ogerpon-Hearthflame, F|\n|poke|p1|Ursaluna-Bloodmoon, M|\n|poke|p1|Maushold-Four|\n|poke|p1|Maushold-Four|\n|poke|p1|Maushold|\n|poke|p1|Maushold-Four|\n|poke|p2|Maushold-Four|\n|poke|p2|Flutter Mane|\n|poke|p2|Miraidon|\n|poke|p2|Rabsca, M|\n|poke|p2|Garganacl, F|\n|poke|p2|Houndstone, M|\n|teampreview\n|\n|t:|1700149665\n|start\n|switch|p1a: Maushold|Maushold|100\/100\n|switch|p2a: Maushold|Maushold-Four|100\/100\n|turn|1\n|inactive|Battle timer is ON: inactive players will automatically lose when time's up. (requested by SnappisPappis)\n|\n|t:|1700149675\n|move|p2a: Maushold|Population Bomb|p1a: Maushold\n|-damage|p1a: Maushold|84\/100\n|-damage|p1a: Maushold|66\/100\n|-damage|p1a: Maushold|50\/100\n|-damage|p1a: Maushold|34\/100\n|-damage|p1a: Maushold|18\/100\n|-damage|p1a: Maushold|1\/100\n|-damage|p1a: Maushold|0 fnt\n|faint|p1a: Maushold\n|-hitcount|p1: Maushold|7\n|\n|upkeep\n|\n|t:|1700149687\n|switch|p1a: Maushold|Maushold-Four|100\/100\n|turn|2\n|\n|t:|1700149692\n|move|p1a: Maushold|Population Bomb|p2a: Maushold\n|-damage|p2a: Maushold|85\/100\n|-damage|p2a: Maushold|68\/100\n|-damage|p2a: Maushold|50\/100\n|-damage|p2a: Maushold|32\/100\n|-damage|p2a: Maushold|14\/100\n|-damage|p2a: Maushold|0 fnt\n|faint|p2a: Maushold\n|-hitcount|p2: Maushold|6\n|\n|upkeep\n|\n|t:|1700149694\n|switch|p2a: DeMarco|Miraidon|100\/100\n|-fieldstart|move: Electric Terrain|[from] ability: Hadron Engine|[of] p2a: DeMarco\n|turn|3\n|\n|t:|1700149705\n|move|p2a: DeMarco|Electro Drift|p1a: Maushold\n|-damage|p1a: Maushold|0 fnt\n|faint|p1a: Maushold\n|\n|upkeep\n|\n|t:|1700149711\n|switch|p1a: Ursaluna|Ursaluna-Bloodmoon, M|100\/100\n|turn|4\n|\n|t:|1700149723\n|switch|p2a: Flutter Mane|Flutter Mane, shiny|100\/100\n|move|p1a: Ursaluna|Earth Power|p2a: Flutter Mane\n|-damage|p2a: Flutter Mane|49\/100\n|\n|upkeep\n|turn|5\n|\n|t:|1700149748\n|move|p2a: Flutter Mane|Moonblast|p1a: Ursaluna\n|-damage|p1a: Ursaluna|21\/100\n|-damage|p2a: Flutter Mane|39\/100|[from] item: Life Orb\n|move|p1a: Ursaluna|Earth Power|p2a: Flutter Mane\n|-damage|p2a: Flutter Mane|0 fnt\n|faint|p2a: Flutter Mane\n|-end|p2a: Flutter Mane|Protosynthesis|[silent]\n|\n|upkeep\n|\n|t:|1700149751\n|switch|p2a: DeMarco|Miraidon|100\/100\n|-activate|p2a: DeMarco|ability: Hadron Engine\n|turn|6\n|\n|t:|1700149760\n|move|p2a: DeMarco|Dragon Pulse|p1a: Ursaluna\n|-damage|p1a: Ursaluna|0 fnt\n|faint|p1a: Ursaluna\n|\n|upkeep\n|\n|t:|1700149766\n|switch|p1a: Ogerpon|Ogerpon-Hearthflame, F|100\/100\n|-ability|p1a: Ogerpon|Mold Breaker\n|turn|7\n|\n|t:|1700149776\n|switch|p2a: Houndstone|Houndstone, M|100\/100\n|-terastallize|p1a: Ogerpon|Fire\n|detailschange|p1a: Ogerpon|Ogerpon-Hearthflame-Tera, F, tera:Fire\n|-ability|p1a: Ogerpon|Embody Aspect (Hearthflame)|boost\n|-boost|p1a: Ogerpon|atk|1\n|move|p1a: Ogerpon|Ivy Cudgel|p2a: Houndstone|[anim] Ivy Cudgel Fire\n|-damage|p2a: Houndstone|0 fnt\n|faint|p2a: Houndstone\n|\n|-fieldend|move: Electric Terrain\n|upkeep\n|\n|t:|1700149784\n|switch|p2a: DeMarco|Miraidon|100\/100\n|-fieldstart|move: Electric Terrain|[from] ability: Hadron Engine|[of] p2a: DeMarco\n|turn|8\n|\n|t:|1700149806\n|-terastallize|p2a: DeMarco|Electric\n|move|p2a: DeMarco|Electro Drift|p1a: Ogerpon\n|-damage|p1a: Ogerpon|0 fnt\n|faint|p1a: Ogerpon\n|\n|upkeep\n|-message|nicgamie forfeited.\n|\n|win|SnappisPappis\n|raw|nicgamie's rating: 1034 &rarr; <strong>1017<\/strong><br \/>(-17 for losing)\n|raw|SnappisPappis's rating: 1000 &rarr; <strong>1044<\/strong><br \/>(+44 for winning)\n|l|\u2606nicgamie\n","uploadtime":1700149817,"views":4,"p1id":"nicgamie","p2id":"snappispappis","formatid":"gen9anythinggoes","rating":1017,"private":0,"password":""}