{"id":"gen9anythinggoes-1989322883","p1":"Khoshekhing","p2":"tatraa","format":"[Gen 9] Anything Goes","log":"|j|\u2606Khoshekhing\n|j|\u2606tatraa\n|t:|1699836287\n|gametype|singles\n|player|p1|Khoshekhing|aromalady|\n|player|p2|tatraa|lass-gen4dp|\n|teamsize|p1|6\n|teamsize|p2|6\n|gen|9\n|tier|[Gen 9] Anything Goes\n|rule|HP Percentage Mod: HP is shown in percentages\n|rule|Endless Battle Clause: Forcing endless battles is banned\n|clearpoke\n|poke|p1|Magnezone|\n|poke|p1|Barraskewda, M|\n|poke|p1|Regieleki|\n|poke|p1|Milotic, F|\n|poke|p1|Zoroark, F|\n|poke|p1|Mismagius, M|\n|poke|p2|Golduck, M|\n|poke|p2|Gyarados, M|\n|poke|p2|Tyranitar, F|\n|poke|p2|Mewtwo|\n|poke|p2|Scizor, F|\n|poke|p2|Glaceon, M|\n|teampreview\n|\n|t:|1699836300\n|start\n|switch|p1a: Regieleki|Regieleki|100\/100\n|switch|p2a: Tyranitar|Tyranitar, F, shiny|100\/100\n|-weather|Sandstorm|[from] ability: Sand Stream|[of] p2a: Tyranitar\n|turn|1\n|\n|t:|1699836322\n|move|p1a: Regieleki|Rain Dance|p1a: Regieleki\n|-weather|RainDance\n|move|p2a: Tyranitar|Rock Slide|p1a: Regieleki|[miss]\n|-miss|p2a: Tyranitar|p1a: Regieleki\n|\n|-weather|RainDance|[upkeep]\n|upkeep\n|turn|2\n|\n|t:|1699836340\n|switch|p1a: Magnezone|Magnezone|100\/100\n|move|p2a: Tyranitar|Crunch|p1a: Magnezone\n|-damage|p1a: Magnezone|67\/100\n|-damage|p2a: Tyranitar|84\/100|[from] item: Rocky Helmet|[of] p1a: Magnezone\n|\n|-weather|RainDance|[upkeep]\n|upkeep\n|turn|3\n|\n|t:|1699836357\n|move|p2a: Tyranitar|Crunch|p1a: Magnezone\n|-damage|p1a: Magnezone|35\/100\n|-damage|p2a: Tyranitar|67\/100|[from] item: Rocky Helmet|[of] p1a: Magnezone\n|move|p1a: Magnezone|Flash Cannon|p2a: Tyranitar\n|-supereffective|p2a: Tyranitar\n|-damage|p2a: Tyranitar|28\/100\n|\n|-weather|RainDance|[upkeep]\n|upkeep\n|turn|4\n|j| The King Dorko\n|\n|t:|1699836369\n|move|p2a: Tyranitar|Crunch|p1a: Magnezone\n|-damage|p1a: Magnezone|5\/100\n|-unboost|p1a: Magnezone|def|1\n|-damage|p2a: Tyranitar|11\/100|[from] item: Rocky Helmet|[of] p1a: Magnezone\n|move|p1a: Magnezone|Reflect|p1a: Magnezone\n|-sidestart|p1: Khoshekhing|Reflect\n|\n|-weather|RainDance|[upkeep]\n|upkeep\n|turn|5\n|\n|t:|1699836379\n|move|p2a: Tyranitar|Crunch|p1a: Magnezone\n|-damage|p1a: Magnezone|0 fnt\n|-damage|p2a: Tyranitar|0 fnt|[from] item: Rocky Helmet|[of] p1a: Magnezone\n|faint|p1a: Magnezone\n|faint|p2a: Tyranitar\n|\n|-weather|RainDance|[upkeep]\n|upkeep\n|\n|t:|1699836404\n|switch|p2a: Gyarados|Gyarados, M, shiny|100\/100\n|switch|p1a: Mismagius|Mismagius, M|100\/100\n|-ability|p2a: Gyarados|Intimidate|boost\n|-unboost|p1a: Mismagius|atk|1\n|turn|6\n|\n|t:|1699836411\n|move|p1a: Mismagius|Thunder|p2a: Gyarados\n|-supereffective|p2a: Gyarados\n|-damage|p2a: Gyarados|0 fnt\n|faint|p2a: Gyarados\n|\n|-weather|RainDance|[upkeep]\n|upkeep\n|\n|t:|1699836418\n|switch|p2a: Mewtwo|Mewtwo|100\/100\n|-ability|p2a: Mewtwo|Unnerve\n|turn|7\n|\n|t:|1699836441\n|move|p2a: Mewtwo|Ice Beam|p1a: Mismagius\n|-damage|p1a: Mismagius|37\/100\n|move|p1a: Mismagius|Shadow Ball|p2a: Mewtwo\n|-supereffective|p2a: Mewtwo\n|-damage|p2a: Mewtwo|30\/100\n|\n|-weather|RainDance|[upkeep]\n|upkeep\n|turn|8\n|\n|t:|1699836451\n|move|p2a: Mewtwo|Ice Beam|p1a: Mismagius\n|-damage|p1a: Mismagius|0 fnt\n|faint|p1a: Mismagius\n|\n|-weather|none\n|-sideend|p1: Khoshekhing|Reflect\n|upkeep\n|\n|t:|1699836477\n|switch|p1a: Regieleki|Regieleki|100\/100\n|turn|9\n|\n|t:|1699836485\n|move|p1a: Regieleki|Extreme Speed|p2a: Mewtwo\n|-damage|p2a: Mewtwo|8\/100\n|move|p2a: Mewtwo|Ice Beam|p1a: Regieleki\n|-damage|p1a: Regieleki|0 fnt\n|faint|p1a: Regieleki\n|\n|upkeep\n|\n|t:|1699836493\n|switch|p1a: Barraskewda|Barraskewda, M|100\/100\n|turn|10\n|\n|t:|1699836502\n|move|p1a: Barraskewda|Aqua Jet|p2a: Mewtwo\n|-damage|p2a: Mewtwo|0 fnt\n|faint|p2a: Mewtwo\n|\n|upkeep\n|\n|t:|1699836508\n|switch|p2a: Scizor|Scizor, F|100\/100\n|turn|11\n|l| The King Dorko\n|\n|t:|1699836521\n|-terastallize|p1a: Barraskewda|Steel\n|move|p2a: Scizor|Bullet Punch|p1a: Barraskewda\n|-resisted|p1a: Barraskewda\n|-damage|p1a: Barraskewda|85\/100\n|-enditem|p1a: Barraskewda|Eject Button\n|\n|t:|1699836532\n|switch|p1a: Barraskewda|Barraskewda, M|100\/100\n|\n|upkeep\n|-start|p1a: Barraskewda|typechange|Steel|[silent]\n|turn|12\n|j| The King Dorko\n|\n|t:|1699836540\n|move|p2a: Scizor|Bullet Punch|p1a: Barraskewda\n|-damage|p1a: Barraskewda|67\/100\n|replace|p1a: Zoroark|Zoroark, F\n|-end|p1a: Zoroark|Illusion\n|move|p1a: Zoroark|Brick Break|p2a: Scizor\n|-damage|p2a: Scizor|82\/100\n|\n|upkeep\n|turn|13\n|\n|t:|1699836550\n|move|p2a: Scizor|Bullet Punch|p1a: Zoroark\n|-damage|p1a: Zoroark|33\/100\n|move|p1a: Zoroark|Encore|p2a: Scizor\n|-start|p2a: Scizor|Encore\n|\n|upkeep\n|turn|14\n|\n|t:|1699836557\n|move|p2a: Scizor|Bullet Punch|p1a: Zoroark\n|-damage|p1a: Zoroark|0 fnt\n|faint|p1a: Zoroark\n|\n|upkeep\n|\n|t:|1699836564\n|switch|p1a: Barraskewda|Barraskewda, M, tera:Steel|85\/100\n|turn|15\n|\n|t:|1699836567\n|move|p2a: Scizor|Bullet Punch|p1a: Barraskewda\n|-resisted|p1a: Barraskewda\n|-damage|p1a: Barraskewda|67\/100\n|move|p1a: Barraskewda|Close Combat|p2a: Scizor\n|-damage|p2a: Scizor|45\/100\n|-unboost|p1a: Barraskewda|def|1\n|-unboost|p1a: Barraskewda|spd|1\n|\n|upkeep\n|turn|16\n|\n|t:|1699836577\n|move|p2a: Scizor|Bullet Punch|p1a: Barraskewda\n|-resisted|p1a: Barraskewda\n|-damage|p1a: Barraskewda|40\/100\n|move|p1a: Barraskewda|Close Combat|p2a: Scizor\n|-damage|p2a: Scizor|10\/100\n|-unboost|p1a: Barraskewda|def|1\n|-unboost|p1a: Barraskewda|spd|1\n|\n|-end|p2a: Scizor|Encore\n|upkeep\n|turn|17\n|\n|t:|1699836587\n|move|p1a: Barraskewda|Aqua Jet|p2a: Scizor\n|-damage|p2a: Scizor|0 fnt\n|faint|p2a: Scizor\n|\n|upkeep\n|\n|t:|1699836594\n|switch|p2a: Golduck|Golduck, M|100\/100\n|turn|18\n|\n|t:|1699836600\n|move|p1a: Barraskewda|Thrash|p2a: Golduck\n|-damage|p2a: Golduck|48\/100\n|move|p2a: Golduck|Ice Beam|p1a: Barraskewda\n|-resisted|p1a: Barraskewda\n|-damage|p1a: Barraskewda|0 fnt\n|faint|p1a: Barraskewda\n|-damage|p2a: Golduck|38\/100|[from] item: Life Orb\n|\n|upkeep\n|\n|t:|1699836610\n|switch|p1a: Milotic|Milotic, F|100\/100\n|turn|19\n|\n|t:|1699836618\n|move|p2a: Golduck|Surf|p1a: Milotic\n|-resisted|p1a: Milotic\n|-damage|p1a: Milotic|84\/100\n|-damage|p2a: Golduck|28\/100|[from] item: Life Orb\n|move|p1a: Milotic|Aqua Ring|p1a: Milotic\n|-start|p1a: Milotic|Aqua Ring\n|\n|-heal|p1a: Milotic|90\/100|[from] item: Leftovers\n|-heal|p1a: Milotic|96\/100|[from] Aqua Ring\n|upkeep\n|turn|20\n|\n|t:|1699836628\n|move|p2a: Golduck|Ice Beam|p1a: Milotic\n|-resisted|p1a: Milotic\n|-damage|p1a: Milotic|86\/100\n|-damage|p2a: Golduck|18\/100|[from] item: Life Orb\n|move|p1a: Milotic|Light Screen|p1a: Milotic\n|-sidestart|p1: Khoshekhing|move: Light Screen\n|\n|-heal|p1a: Milotic|92\/100|[from] item: Leftovers\n|-heal|p1a: Milotic|98\/100|[from] Aqua Ring\n|upkeep\n|turn|21\n|\n|t:|1699836639\n|move|p2a: Golduck|Aqua Tail|p1a: Milotic\n|-resisted|p1a: Milotic\n|-damage|p1a: Milotic|84\/100\n|-start|p2a: Golduck|Attract|[from] ability: Cute Charm|[of] p1a: Milotic\n|-damage|p2a: Golduck|8\/100|[from] item: Life Orb\n|move|p1a: Milotic|Scald|p2a: Golduck\n|-resisted|p2a: Golduck\n|-damage|p2a: Golduck|0 fnt\n|faint|p2a: Golduck\n|\n|-heal|p1a: Milotic|90\/100|[from] item: Leftovers\n|-heal|p1a: Milotic|97\/100|[from] Aqua Ring\n|upkeep\n|\n|t:|1699836652\n|switch|p2a: Glaceon|Glaceon, M|100\/100\n|turn|22\n|\n|t:|1699836658\n|move|p2a: Glaceon|Freeze-Dry|p1a: Milotic\n|-supereffective|p1a: Milotic\n|-damage|p1a: Milotic|72\/100\n|-status|p1a: Milotic|frz\n|-curestatus|p1a: Milotic|frz|[from] move: Scald\n|move|p1a: Milotic|Scald|p2a: Glaceon\n|-damage|p2a: Glaceon|60\/100\n|\n|-heal|p1a: Milotic|78\/100|[from] item: Leftovers\n|-heal|p1a: Milotic|84\/100|[from] Aqua Ring\n|upkeep\n|turn|23\n|\n|t:|1699836671\n|move|p2a: Glaceon|Freeze-Dry|p1a: Milotic\n|-supereffective|p1a: Milotic\n|-damage|p1a: Milotic|59\/100\n|move|p1a: Milotic|Scald|p2a: Glaceon\n|-damage|p2a: Glaceon|20\/100\n|-status|p2a: Glaceon|brn\n|\n|-heal|p1a: Milotic|65\/100|[from] item: Leftovers\n|-heal|p1a: Milotic|71\/100|[from] Aqua Ring\n|-damage|p2a: Glaceon|14\/100 brn|[from] brn\n|upkeep\n|turn|24\n|\n|t:|1699836683\n|move|p2a: Glaceon|Freeze-Dry|p1a: Milotic\n|-supereffective|p1a: Milotic\n|-damage|p1a: Milotic|44\/100\n|move|p1a: Milotic|Scald|p2a: Glaceon\n|-damage|p2a: Glaceon|0 fnt\n|faint|p2a: Glaceon\n|\n|win|Khoshekhing\n","uploadtime":1699836694,"views":44,"p1id":"khoshekhing","p2id":"tatraa","formatid":"gen9anythinggoes","rating":0,"private":0,"password":""}