{"id":"gen9anythinggoes-1979556774","p1":"sugoikemono","p2":"hoenn militian","format":"[Gen 9] Anything Goes","log":"|j|\u2606sugoikemono\n|j|\u2606hoenn militian\n|t:|1698692043\n|gametype|singles\n|player|p1|sugoikemono|1|1805\n|player|p2|hoenn militian|101|1782\n|teamsize|p1|6\n|teamsize|p2|6\n|gen|9\n|tier|[Gen 9] Anything Goes\n|rated|\n|rule|HP Percentage Mod: HP is shown in percentages\n|rule|Endless Battle Clause: Forcing endless battles is banned\n|clearpoke\n|poke|p1|Magearna|\n|poke|p1|Giratina-Origin|\n|poke|p1|Arceus-Ground|\n|poke|p1|Arceus|\n|poke|p1|Skeledirge, F|\n|poke|p1|Baxcalibur, M|\n|poke|p2|Miraidon|\n|poke|p2|Grimmsnarl, M|\n|poke|p2|Skeledirge, F|\n|poke|p2|Blissey, F|\n|poke|p2|Moltres|\n|poke|p2|Calyrex-Ice|\n|teampreview\n|\n|t:|1698692055\n|start\n|switch|p1a: Skeledirge|Skeledirge, F|100\/100\n|switch|p2a: Calyrex|Calyrex-Ice|100\/100\n|-ability|p2a: Calyrex|As One\n|-ability|p2a: Calyrex|Unnerve\n|turn|1\n|\n|t:|1698692063\n|switch|p2a: Blissey|Blissey, F|100\/100\n|move|p1a: Skeledirge|Will-O-Wisp|p2a: Blissey\n|-status|p2a: Blissey|brn\n|\n|-damage|p2a: Blissey|94\/100 brn|[from] brn\n|upkeep\n|turn|2\n|\n|t:|1698692071\n|switch|p1a: Magearna|Magearna|100\/100\n|move|p2a: Blissey|Stealth Rock|p1a: Magearna\n|-sidestart|p1: sugoikemono|move: Stealth Rock\n|\n|-damage|p2a: Blissey|88\/100 brn|[from] brn\n|upkeep\n|turn|3\n|\n|t:|1698692087\n|-curestatus|p2a: Blissey|brn|[from] ability: Natural Cure\n|switch|p2a: Grimmsnarl|Grimmsnarl, M|100\/100\n|move|p1a: Magearna|Encore||[still]\n|-fail|p1a: Magearna\n|\n|upkeep\n|turn|4\n|\n|t:|1698692099\n|move|p2a: Grimmsnarl|Parting Shot|p1a: Magearna\n|-unboost|p1a: Magearna|atk|1\n|-unboost|p1a: Magearna|spa|1\n|\n|t:|1698692103\n|switch|p2a: Moltres|Moltres|100\/100|[from] Parting Shot\n|move|p1a: Magearna|Fleur Cannon|p2a: Moltres\n|-resisted|p2a: Moltres\n|-damage|p2a: Moltres|82\/100\n|-unboost|p1a: Magearna|spa|2\n|\n|upkeep\n|turn|5\n|\n|t:|1698692111\n|switch|p1a: Giratina|Giratina-Origin|100\/100\n|-damage|p1a: Giratina|88\/100|[from] Stealth Rock\n|move|p2a: Moltres|U-turn|p1a: Giratina\n|-resisted|p1a: Giratina\n|-damage|p1a: Giratina|84\/100\n|\n|t:|1698692120\n|switch|p2a: Grimmsnarl|Grimmsnarl, M|100\/100|[from] U-turn\n|\n|upkeep\n|turn|6\n|\n|t:|1698692131\n|move|p2a: Grimmsnarl|Parting Shot|p1a: Giratina\n|-unboost|p1a: Giratina|atk|1\n|-unboost|p1a: Giratina|spa|1\n|\n|t:|1698692139\n|switch|p2a: Moltres|Moltres|82\/100|[from] Parting Shot\n|move|p1a: Giratina|Poltergeist|p2a: Moltres\n|-activate|p2a: Moltres|move: Poltergeist|Heavy-Duty Boots\n|-damage|p2a: Moltres|57\/100\n|\n|upkeep\n|turn|7\n|\n|t:|1698692148\n|move|p1a: Giratina|Defog|p2a: Moltres\n|-unboost|p2a: Moltres|evasion|1\n|-sideend|p1: sugoikemono|Stealth Rock|[from] move: Defog|[of] p1a: Giratina\n|move|p2a: Moltres|U-turn|p1a: Giratina\n|-resisted|p1a: Giratina\n|-damage|p1a: Giratina|80\/100\n|\n|t:|1698692158\n|switch|p2a: Grimmsnarl|Grimmsnarl, M|100\/100|[from] U-turn\n|\n|upkeep\n|turn|8\n|\n|t:|1698692164\n|switch|p1a: Skeledirge|Skeledirge, F|100\/100\n|move|p2a: Grimmsnarl|Foul Play|p1a: Skeledirge\n|-supereffective|p1a: Skeledirge\n|-damage|p1a: Skeledirge|78\/100\n|\n|-heal|p1a: Skeledirge|84\/100|[from] item: Leftovers\n|upkeep\n|turn|9\n|\n|t:|1698692172\n|move|p2a: Grimmsnarl|Parting Shot|p1a: Skeledirge\n|-unboost|p1a: Skeledirge|atk|1\n|-unboost|p1a: Skeledirge|spa|1\n|\n|t:|1698692177\n|switch|p2a: Blissey|Blissey, F|88\/100|[from] Parting Shot\n|move|p1a: Skeledirge|Torch Song|p2a: Blissey\n|-damage|p2a: Blissey|82\/100\n|-boost|p1a: Skeledirge|spa|1\n|\n|-heal|p1a: Skeledirge|90\/100|[from] item: Leftovers\n|upkeep\n|turn|10\n|\n|t:|1698692186\n|switch|p1a: Magearna|Magearna|100\/100\n|move|p2a: Blissey|Stealth Rock|p1a: Magearna\n|-sidestart|p1: sugoikemono|move: Stealth Rock\n|\n|upkeep\n|turn|11\n|\n|t:|1698692196\n|switch|p2a: Skeledirge|Skeledirge, F|100\/100\n|move|p1a: Magearna|Shift Gear|p1a: Magearna\n|-boost|p1a: Magearna|spe|2\n|-boost|p1a: Magearna|atk|1\n|\n|upkeep\n|turn|12\n|\n|t:|1698692209\n|move|p1a: Magearna|Baton Pass|p1a: Magearna\n|\n|t:|1698692212\n|switch|p1a: Arceus|Arceus-Ground|100\/100|[from] Baton Pass\n|-damage|p1a: Arceus|94\/100|[from] Stealth Rock\n|move|p2a: Skeledirge|Hex|p1a: Arceus\n|-damage|p1a: Arceus|81\/100\n|\n|upkeep\n|turn|13\n|\n|t:|1698692229\n|-terastallize|p1a: Arceus|Fire\n|-terastallize|p2a: Skeledirge|Flying\n|move|p1a: Arceus|Swords Dance|p1a: Arceus\n|-boost|p1a: Arceus|atk|2\n|move|p2a: Skeledirge|Will-O-Wisp|p1a: Arceus\n|-immune|p1a: Arceus\n|\n|upkeep\n|turn|14\n|\n|t:|1698692237\n|move|p1a: Arceus|Swords Dance|p1a: Arceus\n|-boost|p1a: Arceus|atk|2\n|move|p2a: Skeledirge|Torch Song|p1a: Arceus\n|-resisted|p1a: Arceus\n|-damage|p1a: Arceus|74\/100\n|-boost|p2a: Skeledirge|spa|1\n|\n|upkeep\n|turn|15\n|\n|t:|1698692245\n|move|p1a: Arceus|Extreme Speed|p2a: Skeledirge\n|-crit|p2a: Skeledirge\n|-damage|p2a: Skeledirge|79\/100\n|move|p2a: Skeledirge|Torch Song|p1a: Arceus\n|-resisted|p1a: Arceus\n|-damage|p1a: Arceus|62\/100\n|-boost|p2a: Skeledirge|spa|1\n|\n|upkeep\n|turn|16\n|\n|t:|1698692259\n|move|p1a: Arceus|Recover|p1a: Arceus\n|-heal|p1a: Arceus|100\/100\n|move|p2a: Skeledirge|Hex|p1a: Arceus\n|-crit|p1a: Arceus\n|-damage|p1a: Arceus|65\/100\n|\n|upkeep\n|turn|17\n|\n|t:|1698692265\n|switch|p1a: Skeledirge|Skeledirge, F|90\/100\n|-damage|p1a: Skeledirge|65\/100|[from] Stealth Rock\n|move|p2a: Skeledirge|Torch Song|p1a: Skeledirge\n|-resisted|p1a: Skeledirge\n|-damage|p1a: Skeledirge|50\/100\n|-boost|p2a: Skeledirge|spa|1\n|\n|-heal|p1a: Skeledirge|56\/100|[from] item: Leftovers\n|upkeep\n|turn|18\n|\n|t:|1698692276\n|move|p1a: Skeledirge|Slack Off|p1a: Skeledirge\n|-heal|p1a: Skeledirge|100\/100\n|move|p2a: Skeledirge|Hex|p1a: Skeledirge\n|-supereffective|p1a: Skeledirge\n|-damage|p1a: Skeledirge|52\/100\n|\n|-heal|p1a: Skeledirge|58\/100|[from] item: Leftovers\n|upkeep\n|turn|19\n|\n|t:|1698692284\n|move|p1a: Skeledirge|Will-O-Wisp|p2a: Skeledirge\n|-status|p2a: Skeledirge|brn\n|move|p2a: Skeledirge|Hex|p1a: Skeledirge\n|-supereffective|p1a: Skeledirge\n|-damage|p1a: Skeledirge|4\/100\n|\n|-heal|p1a: Skeledirge|10\/100|[from] item: Leftovers\n|-damage|p2a: Skeledirge|73\/100 brn|[from] brn\n|upkeep\n|turn|20\n|\n|t:|1698692293\n|switch|p2a: Miraidon|Miraidon|100\/100\n|-fieldstart|move: Electric Terrain|[from] ability: Hadron Engine|[of] p2a: Miraidon\n|move|p1a: Skeledirge|Slack Off|p1a: Skeledirge\n|-heal|p1a: Skeledirge|60\/100\n|\n|-heal|p1a: Skeledirge|66\/100|[from] item: Leftovers\n|upkeep\n|turn|21\n|\n|t:|1698692305\n|switch|p1a: Giratina|Giratina-Origin|80\/100\n|-damage|p1a: Giratina|68\/100|[from] Stealth Rock\n|move|p2a: Miraidon|Electro Drift|p1a: Giratina\n|-resisted|p1a: Giratina\n|-damage|p1a: Giratina|34\/100\n|\n|upkeep\n|turn|22\n|\n|t:|1698692313\n|move|p2a: Miraidon|Dragon Pulse|p1a: Giratina\n|-supereffective|p1a: Giratina\n|-damage|p1a: Giratina|0 fnt\n|faint|p1a: Giratina\n|\n|upkeep\n|\n|t:|1698692317\n|switch|p1a: Magearna|Magearna|100\/100\n|-damage|p1a: Magearna|94\/100|[from] Stealth Rock\n|turn|23\n|\n|t:|1698692322\n|move|p2a: Miraidon|U-turn|p1a: Magearna\n|-resisted|p1a: Magearna\n|-damage|p1a: Magearna|92\/100\n|\n|t:|1698692339\n|switch|p2a: Skeledirge|Skeledirge, F, tera:Flying|73\/100 brn|[from] U-turn\n|move|p1a: Magearna|Shift Gear|p1a: Magearna\n|-boost|p1a: Magearna|spe|2\n|-boost|p1a: Magearna|atk|1\n|\n|-damage|p2a: Skeledirge|67\/100 brn|[from] brn\n|upkeep\n|turn|24\n|\n|t:|1698692353\n|switch|p2a: Grimmsnarl|Grimmsnarl, M|100\/100\n|move|p1a: Magearna|Shift Gear|p1a: Magearna\n|-boost|p1a: Magearna|spe|2\n|-boost|p1a: Magearna|atk|1\n|\n|-fieldend|move: Electric Terrain\n|upkeep\n|turn|25\n|\n|t:|1698692363\n|move|p1a: Magearna|Baton Pass|p1a: Magearna\n|\n|t:|1698692373\n|switch|p1a: Arceus|Arceus|100\/100|[from] Baton Pass\n|-damage|p1a: Arceus|88\/100|[from] Stealth Rock\n|move|p2a: Grimmsnarl|Foul Play|p1a: Arceus\n|-damage|p1a: Arceus|48\/100\n|\n|-heal|p1a: Arceus|54\/100|[from] item: Leftovers\n|upkeep\n|turn|26\n|\n|t:|1698692387\n|move|p1a: Arceus|Extreme Speed|p2a: Grimmsnarl\n|-damage|p2a: Grimmsnarl|23\/100\n|move|p2a: Grimmsnarl|Parting Shot|p1a: Arceus\n|-unboost|p1a: Arceus|atk|1\n|-unboost|p1a: Arceus|spa|1\n|\n|t:|1698692398\n|switch|p2a: Skeledirge|Skeledirge, F, tera:Flying|67\/100 brn|[from] Parting Shot\n|\n|-heal|p1a: Arceus|60\/100|[from] item: Leftovers\n|-damage|p2a: Skeledirge|61\/100 brn|[from] brn\n|upkeep\n|turn|27\n|\n|t:|1698692407\n|move|p1a: Arceus|Shadow Claw|p2a: Skeledirge\n|-damage|p2a: Skeledirge|50\/100 brn\n|move|p2a: Skeledirge|Slack Off|p2a: Skeledirge\n|-heal|p2a: Skeledirge|99\/100 brn\n|\n|-heal|p1a: Arceus|66\/100|[from] item: Leftovers\n|-damage|p2a: Skeledirge|94\/100 brn|[from] brn\n|upkeep\n|turn|28\n|\n|t:|1698692416\n|switch|p1a: Baxcalibur|Baxcalibur, M|100\/100\n|-damage|p1a: Baxcalibur|76\/100|[from] Stealth Rock\n|move|p2a: Skeledirge|Torch Song|p1a: Baxcalibur\n|-damage|p1a: Baxcalibur|42\/100\n|-boost|p2a: Skeledirge|spa|1\n|-ability|p1a: Baxcalibur|Thermal Exchange|boost\n|-boost|p1a: Baxcalibur|atk|1\n|\n|-damage|p2a: Skeledirge|88\/100 brn|[from] brn\n|upkeep\n|turn|29\n|\n|t:|1698692430\n|move|p1a: Baxcalibur|Icicle Spear|p2a: Skeledirge\n|-supereffective|p2a: Skeledirge\n|-damage|p2a: Skeledirge|70\/100 brn\n|-supereffective|p2a: Skeledirge\n|-damage|p2a: Skeledirge|54\/100 brn\n|-supereffective|p2a: Skeledirge\n|-damage|p2a: Skeledirge|36\/100 brn\n|-supereffective|p2a: Skeledirge\n|-damage|p2a: Skeledirge|20\/100 brn\n|-hitcount|p2a: Skeledirge|4\n|move|p2a: Skeledirge|Torch Song|p1a: Baxcalibur\n|-damage|p1a: Baxcalibur|0 fnt\n|-boost|p2a: Skeledirge|spa|1\n|faint|p1a: Baxcalibur\n|\n|-damage|p2a: Skeledirge|14\/100 brn|[from] brn\n|upkeep\n|\n|t:|1698692439\n|switch|p1a: Magearna|Magearna|92\/100\n|-damage|p1a: Magearna|86\/100|[from] Stealth Rock\n|turn|30\n|\n|t:|1698692446\n|move|p1a: Magearna|Fleur Cannon|p2a: Skeledirge\n|-crit|p2a: Skeledirge\n|-damage|p2a: Skeledirge|0 fnt\n|-unboost|p1a: Magearna|spa|2\n|faint|p2a: Skeledirge\n|-ability|p1a: Magearna|Soul-Heart|boost\n|-boost|p1a: Magearna|spa|1\n|\n|upkeep\n|\n|t:|1698692459\n|switch|p2a: Calyrex|Calyrex-Ice|100\/100\n|-ability|p2a: Calyrex|As One\n|-ability|p2a: Calyrex|Unnerve\n|turn|31\n|\n|t:|1698692470\n|switch|p1a: Arceus|Arceus-Ground, tera:Fire|65\/100\n|-damage|p1a: Arceus|40\/100|[from] Stealth Rock\n|move|p2a: Calyrex|High Horsepower|p1a: Arceus\n|-supereffective|p1a: Arceus\n|-damage|p1a: Arceus|0 fnt\n|faint|p1a: Arceus\n|-ability|p2a: Calyrex|Chilling Neigh|boost\n|-boost|p2a: Calyrex|atk|1\n|\n|upkeep\n|\n|t:|1698692471\n|switch|p1a: Skeledirge|Skeledirge, F|66\/100\n|-damage|p1a: Skeledirge|41\/100|[from] Stealth Rock\n|turn|32\n|\n|t:|1698692482\n|switch|p2a: Blissey|Blissey, F|82\/100\n|move|p1a: Skeledirge|Will-O-Wisp|p2a: Blissey\n|-status|p2a: Blissey|brn\n|\n|-heal|p1a: Skeledirge|47\/100|[from] item: Leftovers\n|-damage|p2a: Blissey|76\/100 brn|[from] brn\n|upkeep\n|turn|33\n|\n|t:|1698692490\n|-curestatus|p2a: Blissey|brn|[from] ability: Natural Cure\n|switch|p2a: Miraidon|Miraidon|100\/100\n|-fieldstart|move: Electric Terrain|[from] ability: Hadron Engine|[of] p2a: Miraidon\n|move|p1a: Skeledirge|Slack Off|p1a: Skeledirge\n|-heal|p1a: Skeledirge|97\/100\n|\n|-heal|p1a: Skeledirge|100\/100|[from] item: Leftovers\n|upkeep\n|turn|34\n|\n|t:|1698692499\n|move|p2a: Miraidon|Electro Drift|p1a: Skeledirge\n|-damage|p1a: Skeledirge|9\/100\n|move|p1a: Skeledirge|Will-O-Wisp|p2a: Miraidon\n|-status|p2a: Miraidon|brn\n|\n|-heal|p1a: Skeledirge|15\/100|[from] item: Leftovers\n|-damage|p2a: Miraidon|94\/100 brn|[from] brn\n|upkeep\n|turn|35\n|\n|t:|1698692508\n|move|p2a: Miraidon|Electro Drift|p1a: Skeledirge\n|-damage|p1a: Skeledirge|0 fnt\n|faint|p1a: Skeledirge\n|\n|-damage|p2a: Miraidon|88\/100 brn|[from] brn\n|upkeep\n|\n|t:|1698692510\n|switch|p1a: Magearna|Magearna|86\/100\n|-damage|p1a: Magearna|80\/100|[from] Stealth Rock\n|turn|36\n|\n|t:|1698692520\n|move|p2a: Miraidon|Electro Drift|p1a: Magearna\n|-damage|p1a: Magearna|4\/100\n|move|p1a: Magearna|Shift Gear|p1a: Magearna\n|-boost|p1a: Magearna|spe|2\n|-boost|p1a: Magearna|atk|1\n|\n|-damage|p2a: Miraidon|82\/100 brn|[from] brn\n|upkeep\n|turn|37\n|\n|t:|1698692532\n|switch|p2a: Blissey|Blissey, F|76\/100\n|move|p1a: Magearna|Fleur Cannon|p2a: Blissey\n|-damage|p2a: Blissey|60\/100\n|-unboost|p1a: Magearna|spa|2\n|\n|-fieldend|move: Electric Terrain\n|upkeep\n|turn|38\n|\n|t:|1698692542\n|switch|p2a: Moltres|Moltres|57\/100\n|move|p1a: Magearna|Baton Pass|p1a: Magearna\n|\n|t:|1698692544\n|switch|p1a: Arceus|Arceus|66\/100|[from] Baton Pass\n|-damage|p1a: Arceus|54\/100|[from] Stealth Rock\n|\n|-heal|p1a: Arceus|60\/100|[from] item: Leftovers\n|upkeep\n|turn|39\n|\n|t:|1698692554\n|move|p1a: Arceus|Swords Dance|p1a: Arceus\n|-boost|p1a: Arceus|atk|2\n|move|p2a: Moltres|Burning Jealousy|p1a: Arceus\n|-damage|p1a: Arceus|42\/100\n|-status|p1a: Arceus|brn\n|\n|-heal|p1a: Arceus|48\/100 brn|[from] item: Leftovers\n|-damage|p1a: Arceus|42\/100 brn|[from] brn\n|upkeep\n|turn|40\n|\n|t:|1698692564\n|move|p1a: Arceus|Swords Dance|p1a: Arceus\n|-boost|p1a: Arceus|atk|2\n|move|p2a: Moltres|U-turn|p1a: Arceus\n|-damage|p1a: Arceus|35\/100 brn\n|\n|t:|1698692570\n|switch|p2a: Calyrex|Calyrex-Ice|100\/100|[from] U-turn\n|-ability|p2a: Calyrex|As One\n|-ability|p2a: Calyrex|Unnerve\n|\n|-heal|p1a: Arceus|41\/100 brn|[from] item: Leftovers\n|-damage|p1a: Arceus|35\/100 brn|[from] brn\n|upkeep\n|turn|41\n|\n|t:|1698692579\n|move|p1a: Arceus|Shadow Claw|p2a: Calyrex\n|-supereffective|p2a: Calyrex\n|-damage|p2a: Calyrex|62\/100\n|move|p2a: Calyrex|Glacial Lance|p1a: Arceus\n|-damage|p1a: Arceus|0 fnt\n|faint|p1a: Arceus\n|-ability|p2a: Calyrex|Chilling Neigh|boost\n|-boost|p2a: Calyrex|atk|1\n|\n|upkeep\n|\n|t:|1698692582\n|switch|p1a: Magearna|Magearna|4\/100\n|-damage|p1a: Magearna|0 fnt|[from] Stealth Rock\n|faint|p1a: Magearna\n|\n|win|hoenn militian\n|raw|sugoikemono's rating: 1805 &rarr; <strong>1784<\/strong><br \/>(-21 for losing)\n|raw|hoenn militian's rating: 1782 &rarr; <strong>1803<\/strong><br \/>(+21 for winning)\n|l|\u2606sugoikemono\n","uploadtime":1698692626,"views":8,"p1id":"sugoikemono","p2id":"hoennmilitian","formatid":"gen9anythinggoes","rating":1784,"private":0,"password":""}