{"id":"gen9anythinggoes-1999124203","p1":"Krawo","p2":"Keksyyy","format":"[Gen 9] Anything Goes","log":"|j|\u2606Krawo\n|j|\u2606Keksyyy\n|t:|1701035734\n|gametype|singles\n|player|p1|Krawo|170|\n|player|p2|Keksyyy|madame-gen4|\n|teamsize|p1|6\n|teamsize|p2|6\n|gen|9\n|tier|[Gen 9] Anything Goes\n|rule|HP Percentage Mod: HP is shown in percentages\n|rule|Endless Battle Clause: Forcing endless battles is banned\n|clearpoke\n|poke|p1|Ursaluna, M|\n|poke|p1|Groudon|\n|poke|p1|Dialga-Origin|\n|poke|p1|Vikavolt, F|\n|poke|p1|Cinderace, M|\n|poke|p1|Eternatus|\n|poke|p2|Jirachi|\n|poke|p2|Tornadus-Therian, M|\n|poke|p2|Alomomola, F|\n|poke|p2|Shaymin-Sky|\n|poke|p2|Chien-Pao|\n|poke|p2|Ribombee, F|\n|teampreview\n|c|\u2606Krawo|hf\n|c|\u2606Keksyyy|Viel Spa\u00df und Erfolg\n|c|\u2606Keksyyy|bist auf jeden Fall der erste, der nicht den Fehler begeht einem Double Serene Grace Team viel Gl\u00fcck zu w\u00fcnschen\n|c|\u2606Krawo|xD\n|\n|t:|1701035952\n|start\n|switch|p1a: Mana|Cinderace, M|100\/100\n|switch|p2a: Ren Amaki|Chien-Pao|100\/100\n|-ability|p2a: Ren Amaki|Sword of Ruin\n|turn|1\n|\n|t:|1701035992\n|switch|p2a: Melty Q. Melromarc|Alomomola, F, shiny|100\/100\n|move|p1a: Mana|U-turn|p2a: Melty Q. Melromarc\n|-start|p1a: Mana|typechange|Bug|[from] ability: Libero\n|-damage|p2a: Melty Q. Melromarc|76\/100\n|-damage|p1a: Mana|84\/100|[from] item: Rocky Helmet|[of] p2a: Melty Q. Melromarc\n|\n|t:|1701036001\n|switch|p1a: Leo|Vikavolt, F|100\/100|[from] U-turn\n|\n|upkeep\n|turn|2\n|\n|t:|1701036050\n|move|p2a: Melty Q. Melromarc|Flip Turn|p1a: Leo\n|-damage|p1a: Leo|82\/100\n|\n|t:|1701036059\n|switch|p2a: Fitoria|Ribombee, F, shiny|100\/100|[from] Flip Turn\n|move|p1a: Leo|Volt Switch|p2a: Fitoria\n|-damage|p2a: Fitoria|38\/100\n|\n|t:|1701036065\n|switch|p1a: Josh|Eternatus|100\/100|[from] Volt Switch\n|-ability|p1a: Josh|Pressure\n|\n|upkeep\n|turn|3\n|\n|t:|1701036080\n|switch|p2a: Filo|Tornadus-Therian, M, shiny|100\/100\n|move|p1a: Josh|Flamethrower|p2a: Filo\n|-damage|p2a: Filo|69\/100\n|\n|upkeep\n|turn|4\n|\n|t:|1701036136\n|move|p1a: Josh|Flamethrower|p2a: Filo\n|-damage|p2a: Filo|38\/100\n|move|p2a: Filo|Knock Off|p1a: Josh\n|-damage|p1a: Josh|86\/100\n|-enditem|p1a: Josh|Black Sludge|[from] move: Knock Off|[of] p2a: Filo\n|\n|upkeep\n|turn|5\n|\n|t:|1701036149\n|switch|p2a: Melty Q. Melromarc|Alomomola, F, shiny|100\/100\n|move|p1a: Josh|Sludge Bomb|p2a: Melty Q. Melromarc\n|-damage|p2a: Melty Q. Melromarc|39\/100\n|\n|upkeep\n|turn|6\n|\n|t:|1701036171\n|move|p2a: Melty Q. Melromarc|Protect|p2a: Melty Q. Melromarc\n|-singleturn|p2a: Melty Q. Melromarc|Protect\n|move|p1a: Josh|Flamethrower|p2a: Melty Q. Melromarc\n|-activate|p2a: Melty Q. Melromarc|move: Protect\n|\n|upkeep\n|turn|7\n|\n|t:|1701036242\n|switch|p2a: Filo|Tornadus-Therian, M, shiny|71\/100\n|move|p1a: Josh|Flamethrower|p2a: Filo\n|-damage|p2a: Filo|40\/100\n|\n|upkeep\n|turn|8\n|\n|t:|1701036254\n|move|p1a: Josh|Flamethrower|p2a: Filo\n|-damage|p2a: Filo|8\/100\n|move|p2a: Filo|U-turn|p1a: Josh\n|-resisted|p1a: Josh\n|-damage|p1a: Josh|79\/100\n|\n|t:|1701036279\n|switch|p2a: Glass|Jirachi, shiny|100\/100|[from] U-turn\n|\n|upkeep\n|turn|9\n|\n|t:|1701036288\n|switch|p1a: Ikre Senior|Ursaluna, M|100\/100\n|move|p2a: Glass|Ice Punch|p1a: Ikre Senior\n|-supereffective|p1a: Ikre Senior\n|-damage|p1a: Ikre Senior|76\/100\n|-status|p1a: Ikre Senior|frz\n|-damage|p2a: Glass|84\/100|[from] item: Rocky Helmet|[of] p1a: Ikre Senior\n|\n|upkeep\n|turn|10\n|\n|t:|1701036309\n|switch|p2a: Melty Q. Melromarc|Alomomola, F, shiny|72\/100\n|switch|p1a: Leon|Dialga-Origin|100\/100\n|-ability|p1a: Leon|Pressure\n|\n|upkeep\n|turn|11\n|\n|t:|1701036316\n|move|p1a: Leon|Thunderbolt|p2a: Melty Q. Melromarc\n|-supereffective|p2a: Melty Q. Melromarc\n|-damage|p2a: Melty Q. Melromarc|0 fnt\n|faint|p2a: Melty Q. Melromarc\n|\n|upkeep\n|\n|t:|1701036425\n|switch|p2a: Fitoria|Ribombee, F, shiny|38\/100\n|turn|12\n|\n|t:|1701036443\n|move|p2a: Fitoria|Sticky Web|p1a: Leon\n|-sidestart|p1: Krawo|move: Sticky Web\n|move|p1a: Leon|Flash Cannon|p2a: Fitoria\n|-supereffective|p2a: Fitoria\n|-damage|p2a: Fitoria|0 fnt\n|faint|p2a: Fitoria\n|\n|upkeep\n|\n|t:|1701036513\n|switch|p2a: Glass|Jirachi, shiny|84\/100\n|turn|13\n|\n|t:|1701036536\n|switch|p1a: Ikre Senior|Ursaluna, M|76\/100 frz\n|-activate|p1a: Ikre Senior|move: Sticky Web\n|-unboost|p1a: Ikre Senior|spe|1\n|move|p2a: Glass|Iron Head|p1a: Ikre Senior\n|-damage|p1a: Ikre Senior|54\/100 frz\n|-damage|p2a: Glass|67\/100|[from] item: Rocky Helmet|[of] p1a: Ikre Senior\n|\n|upkeep\n|turn|14\n|\n|t:|1701036545\n|switch|p2a: Filo|Tornadus-Therian, M, shiny|41\/100\n|-curestatus|p1a: Ikre Senior|frz|[msg]\n|move|p1a: Ikre Senior|Rest|p1a: Ikre Senior\n|-status|p1a: Ikre Senior|slp|[from] move: Rest\n|-heal|p1a: Ikre Senior|100\/100 slp|[silent]\n|\n|upkeep\n|turn|15\n|\n|t:|1701036557\n|move|p2a: Filo|Chilling Water|p1a: Ikre Senior\n|-supereffective|p1a: Ikre Senior\n|-damage|p1a: Ikre Senior|79\/100 slp\n|-unboost|p1a: Ikre Senior|atk|1\n|cant|p1a: Ikre Senior|slp\n|move|p1a: Ikre Senior|Sleep Talk|p1a: Ikre Senior\n|move|p1a: Ikre Senior|Rest||[from]move: Sleep Talk|[still]\n|-fail|p1a: Ikre Senior\n|\n|upkeep\n|turn|16\n|\n|t:|1701036577\n|move|p2a: Filo|Knock Off|p1a: Ikre Senior\n|-damage|p1a: Ikre Senior|69\/100 slp\n|-damage|p2a: Filo|25\/100|[from] item: Rocky Helmet|[of] p1a: Ikre Senior\n|-enditem|p1a: Ikre Senior|Rocky Helmet|[from] move: Knock Off|[of] p2a: Filo\n|cant|p1a: Ikre Senior|slp\n|move|p1a: Ikre Senior|Sleep Talk|p1a: Ikre Senior\n|move|p1a: Ikre Senior|Facade|p2a: Filo|[from]move: Sleep Talk\n|-damage|p2a: Filo|0 fnt\n|faint|p2a: Filo\n|\n|upkeep\n|\n|t:|1701036670\n|switch|p2a: Ren Amaki|Chien-Pao|100\/100\n|-ability|p2a: Ren Amaki|Sword of Ruin\n|turn|17\n|\n|t:|1701036709\n|move|p2a: Ren Amaki|Icicle Crash|p1a: Ikre Senior|[miss]\n|-miss|p2a: Ren Amaki|p1a: Ikre Senior\n|-curestatus|p1a: Ikre Senior|slp|[msg]\n|move|p1a: Ikre Senior|Earthquake|p2a: Ren Amaki\n|-damage|p2a: Ren Amaki|58\/100\n|\n|upkeep\n|turn|18\n|\n|t:|1701036737\n|switch|p2a: Naofumi Iwatani|Shaymin-Sky|100\/100\n|move|p1a: Ikre Senior|Facade|p2a: Naofumi Iwatani\n|-damage|p2a: Naofumi Iwatani|74\/100\n|\n|upkeep\n|turn|19\n|\n|t:|1701036760\n|switch|p1a: Josh|Eternatus|79\/100\n|-activate|p1a: Josh|move: Sticky Web\n|-unboost|p1a: Josh|spe|1\n|-ability|p1a: Josh|Pressure\n|move|p2a: Naofumi Iwatani|Growth|p2a: Naofumi Iwatani\n|-boost|p2a: Naofumi Iwatani|atk|1\n|-boost|p2a: Naofumi Iwatani|spa|1\n|\n|upkeep\n|turn|20\n|\n|t:|1701036793\n|move|p2a: Naofumi Iwatani|Earth Power|p1a: Josh\n|-supereffective|p1a: Josh\n|-damage|p1a: Josh|14\/100\n|move|p1a: Josh|Flamethrower|p2a: Naofumi Iwatani\n|-supereffective|p2a: Naofumi Iwatani\n|-enditem|p2a: Naofumi Iwatani|Occa Berry|[eat]\n|-enditem|p2a: Naofumi Iwatani|Occa Berry|[weaken]\n|-damage|p2a: Naofumi Iwatani|37\/100\n|\n|upkeep\n|turn|21\n|\n|t:|1701036810\n|move|p2a: Naofumi Iwatani|Earth Power|p1a: Josh\n|-supereffective|p1a: Josh\n|-damage|p1a: Josh|0 fnt\n|faint|p1a: Josh\n|\n|upkeep\n|\n|t:|1701036816\n|switch|p1a: Leon|Dialga-Origin|100\/100\n|-activate|p1a: Leon|move: Sticky Web\n|-unboost|p1a: Leon|spe|1\n|-ability|p1a: Leon|Pressure\n|turn|22\n|\n|t:|1701036848\n|move|p2a: Naofumi Iwatani|Air Slash|p1a: Leon\n|-resisted|p1a: Leon\n|-damage|p1a: Leon|82\/100\n|cant|p1a: Leon|flinch\n|\n|upkeep\n|turn|23\n|\n|t:|1701036855\n|move|p2a: Naofumi Iwatani|Air Slash|p1a: Leon\n|-resisted|p1a: Leon\n|-damage|p1a: Leon|65\/100\n|cant|p1a: Leon|flinch\n|\n|upkeep\n|turn|24\n|\n|t:|1701036864\n|move|p2a: Naofumi Iwatani|Air Slash|p1a: Leon\n|-resisted|p1a: Leon\n|-damage|p1a: Leon|46\/100\n|move|p1a: Leon|Ice Beam|p2a: Naofumi Iwatani\n|-supereffective|p2a: Naofumi Iwatani\n|-damage|p2a: Naofumi Iwatani|0 fnt\n|faint|p2a: Naofumi Iwatani\n|\n|upkeep\n|c|\u2606Krawo|wollte schon sagen\n|\n|t:|1701036909\n|switch|p2a: Glass|Jirachi, shiny|67\/100\n|turn|25\n|\n|t:|1701036929\n|switch|p1a: Ikre Senior|Ursaluna, M|69\/100\n|-activate|p1a: Ikre Senior|move: Sticky Web\n|-unboost|p1a: Ikre Senior|spe|1\n|move|p2a: Glass|Ice Punch|p1a: Ikre Senior\n|-supereffective|p1a: Ikre Senior\n|-damage|p1a: Ikre Senior|41\/100\n|\n|upkeep\n|turn|26\n|\n|t:|1701036936\n|move|p2a: Glass|Ice Punch|p1a: Ikre Senior\n|-supereffective|p1a: Ikre Senior\n|-damage|p1a: Ikre Senior|17\/100\n|-status|p1a: Ikre Senior|frz\n|cant|p1a: Ikre Senior|frz\n|\n|upkeep\n|turn|27\n|\n|t:|1701036942\n|switch|p2a: Ren Amaki|Chien-Pao|58\/100\n|-ability|p2a: Ren Amaki|Sword of Ruin\n|cant|p1a: Ikre Senior|frz\n|\n|upkeep\n|turn|28\n|\n|t:|1701036949\n|move|p2a: Ren Amaki|Swords Dance|p2a: Ren Amaki\n|-boost|p2a: Ren Amaki|atk|2\n|cant|p1a: Ikre Senior|frz\n|\n|upkeep\n|turn|29\n|c|\u2606Krawo|geil\n|c|\u2606Krawo|unverdient af aber ok\n|\n|t:|1701036989\n|move|p2a: Ren Amaki|Crunch|p1a: Ikre Senior\n|-damage|p1a: Ikre Senior|0 fnt\n|faint|p1a: Ikre Senior\n|\n|upkeep\n|\n|t:|1701036996\n|switch|p1a: Marvin|Groudon|100\/100\n|-activate|p1a: Marvin|move: Sticky Web\n|-unboost|p1a: Marvin|spe|1\n|-weather|SunnyDay|[from] ability: Drought|[of] p1a: Marvin\n|turn|30\n|\n|t:|1701037023\n|move|p2a: Ren Amaki|Icicle Crash|p1a: Marvin\n|-supereffective|p1a: Marvin\n|-enditem|p1a: Marvin|Yache Berry|[eat]\n|-enditem|p1a: Marvin|Yache Berry|[weaken]\n|-damage|p1a: Marvin|27\/100\n|move|p1a: Marvin|Brick Break|p2a: Ren Amaki\n|-supereffective|p2a: Ren Amaki\n|-damage|p2a: Ren Amaki|0 fnt\n|faint|p2a: Ren Amaki\n|\n|-weather|SunnyDay|[upkeep]\n|upkeep\n|\n|t:|1701037035\n|switch|p2a: Glass|Jirachi, shiny|67\/100\n|turn|31\n|\n|t:|1701037044\n|move|p2a: Glass|Iron Head|p1a: Marvin\n|-damage|p1a: Marvin|5\/100\n|move|p1a: Marvin|Earthquake|p2a: Glass\n|-supereffective|p2a: Glass\n|-damage|p2a: Glass|0 fnt\n|faint|p2a: Glass\n|\n|win|Krawo\n|c|\u2606Krawo|ich hasse serence grace\n|c|\u2606Krawo|ohne witz\n|c|\u2606Keksyyy|Ich gebe zu, dass der Kader und viele Pl\u00e4ne auf Luck basieren\n|c|\u2606Keksyyy|Aber tbh ich wei\u00df nicht wieso du immer in Ursaluna gehst um mir diese Chancen zu geben\n|c|\u2606Krawo|Ich wollte ursaluna Opfern\n|c|\u2606Krawo|mehr nicht\n|c|\u2606Krawo|damit ich court change dr\u00fccken kann\n|c|\u2606Krawo|ich wollte es eigentlich schon gegen Torn opfern\n|c|\u2606Keksyyy|w\u00e4re auch schon l\u00e4ngst weg gewesen, wenn der Icicle Crash das erste Mal getroffen h\u00e4tte\n|c|\u2606Krawo|yes\n|c|\u2606Keksyyy|Aber die Yache Berry hat dir den Arsch gerettet\n|c|\u2606Krawo|wie es mein plan war\n|c|\u2606Krawo|indeed\n|c|\u2606Keksyyy|Wobei ich bestimmt den n\u00e4chsten gemisst h\u00e4tte\n|c|\u2606Krawo|hab schon anfangen zu meckern weil ich die vergessen habe\n|c|\u2606Keksyyy|Habe \u00e4hnlich viel Luck Hax zu treffen wie Moves zu missen\n|c|\u2606Krawo|offenbar\n|c|\u2606Krawo|aber gut 2 serence grace mons halt\n|c|\u2606Krawo|Wo war eig arkani?\n|c|\u2606Keksyyy|Deswegen spiele ich eigentlich nicht so etwas, aber ich brauchte den Dmg, weil dein gesamter Kader nicht nur massiv austeilt sondern auch richtig viel einsteckt\n|c|\u2606Krawo|H\u00e4tte Arkani hier nicht viel machen k\u00f6nnen?\n|c|\u2606Krawo|Jo sehe ich. Das war auch der Plan. Bulky offensiv zu fahren mit support\n|c|\u2606Krawo|ich wollte tbh eigentlich sandy shocks aber das hattest ja du\n|c|\u2606Keksyyy|H\u00e4tte besseres SetUp als Shaymin und Chien Pao gebraucht, aber ich hatte auch ein paar andere Sachen von dir gesehen\n","uploadtime":1701037110,"views":14,"p1id":"krawo","p2id":"keksyyy","formatid":"gen9anythinggoes","rating":0,"private":0,"password":""}