{"id":"gen9anythinggoes-1974497958","p1":"Julianzx","p2":"gengengalixy","format":"[Gen 9] Anything Goes","log":"|j|\u2606Julianzx\n|j|\u2606gengengalixy\n|t:|1698091951\n|gametype|singles\n|player|p1|Julianzx|plasmagruntf|1099\n|player|p2|gengengalixy|102|1093\n|teamsize|p1|6\n|teamsize|p2|6\n|gen|9\n|tier|[Gen 9] Anything Goes\n|rated|\n|rule|HP Percentage Mod: HP is shown in percentages\n|rule|Endless Battle Clause: Forcing endless battles is banned\n|clearpoke\n|poke|p1|Arceus-Flying|\n|poke|p1|Torterra, F|\n|poke|p1|Blissey, F|\n|poke|p1|Dialga-Origin|\n|poke|p1|Eternatus|\n|poke|p1|Zacian-*|\n|poke|p2|Umbreon, F|\n|poke|p2|Zoroark, M|\n|poke|p2|Krookodile, F|\n|poke|p2|Muk-Alola, M|\n|poke|p2|Houndoom, F|\n|poke|p2|Hydreigon, F|\n|teampreview\n|\n|t:|1698091964\n|start\n|switch|p1a: Blissey|Blissey, F|100\/100\n|switch|p2a: Umbreon|Umbreon, F|100\/100\n|turn|1\n|\n|t:|1698091981\n|move|p2a: Umbreon|Thunder Wave|p1a: Blissey\n|-status|p1a: Blissey|par\n|move|p1a: Blissey|Stealth Rock|p2a: Umbreon\n|-sidestart|p2: gengengalixy|move: Stealth Rock\n|\n|upkeep\n|turn|2\n|\n|t:|1698091993\n|move|p2a: Umbreon|Light Screen|p2a: Umbreon\n|-sidestart|p2: gengengalixy|move: Light Screen\n|move|p1a: Blissey|Thunder Wave|p2a: Umbreon\n|-status|p2a: Umbreon|par\n|-activate|p2a: Umbreon|ability: Synchronize\n|-fail|p1a: Blissey|par\n|\n|upkeep\n|turn|3\n|\n|t:|1698092006\n|move|p2a: Umbreon|Calm Mind|p2a: Umbreon\n|-boost|p2a: Umbreon|spa|1\n|-boost|p2a: Umbreon|spd|1\n|cant|p1a: Blissey|par\n|\n|upkeep\n|turn|4\n|\n|t:|1698092018\n|move|p2a: Umbreon|Calm Mind|p2a: Umbreon\n|-boost|p2a: Umbreon|spa|1\n|-boost|p2a: Umbreon|spd|1\n|move|p1a: Blissey|Seismic Toss|p2a: Umbreon\n|-damage|p2a: Umbreon|73\/100 par\n|\n|-heal|p2a: Umbreon|79\/100 par|[from] item: Leftovers\n|upkeep\n|turn|5\n|l|\u2606Julianzx\n|player|p1|\n|inactive|Battle timer is ON: inactive players will automatically lose when time's up. (requested by gengengalixy)\n|c|\u2606gengengalixy|lmao imagine leaving as a legendary spammer\n|j|\u2606Julianzx\n|inactive|Julianzx reconnected and has 135 seconds left.\n|player|p1|Julianzx|plasmagruntf\n|\n|t:|1698092064\n|switch|p1a: Zacian|Zacian-Crowned|100\/100\n|-ability|p1a: Zacian|Intrepid Sword|boost\n|-boost|p1a: Zacian|atk|1\n|move|p2a: Umbreon|Calm Mind|p2a: Umbreon\n|-boost|p2a: Umbreon|spa|1\n|-boost|p2a: Umbreon|spd|1\n|\n|-heal|p2a: Umbreon|85\/100 par|[from] item: Leftovers\n|upkeep\n|turn|6\n|c|\u2606gengengalixy|i just dont get paralyzed my mans\n|\n|t:|1698092077\n|move|p1a: Zacian|Close Combat|p2a: Umbreon\n|-supereffective|p2a: Umbreon\n|-damage|p2a: Umbreon|0 fnt\n|-unboost|p1a: Zacian|def|1\n|-unboost|p1a: Zacian|spd|1\n|faint|p2a: Umbreon\n|\n|-sideend|p2: gengengalixy|move: Light Screen\n|upkeep\n|\n|t:|1698092085\n|switch|p2a: Hydreigon|Hydreigon, F|100\/100\n|-damage|p2a: Hydreigon|88\/100|[from] Stealth Rock\n|turn|7\n|\n|t:|1698092092\n|move|p1a: Zacian|Close Combat|p2a: Hydreigon\n|-supereffective|p2a: Hydreigon\n|-damage|p2a: Hydreigon|0 fnt\n|-unboost|p1a: Zacian|def|1\n|-unboost|p1a: Zacian|spd|1\n|replace|p2a: Zoroark|Zoroark, M\n|-end|p2a: Zoroark|Illusion\n|faint|p2a: Zoroark\n|\n|upkeep\n|\n|t:|1698092096\n|switch|p2a: Krookodile|Krookodile, F|100\/100\n|-damage|p2a: Krookodile|94\/100|[from] Stealth Rock\n|turn|8\n|\n|t:|1698092107\n|move|p1a: Zacian|Close Combat|p2a: Krookodile\n|-supereffective|p2a: Krookodile\n|-damage|p2a: Krookodile|0 fnt\n|-unboost|p1a: Zacian|def|1\n|-unboost|p1a: Zacian|spd|1\n|faint|p2a: Krookodile\n|\n|upkeep\n|\n|t:|1698092110\n|switch|p2a: Houndoom|Houndoom, F|100\/100\n|-damage|p2a: Houndoom|75\/100|[from] Stealth Rock\n|turn|9\n|\n|t:|1698092119\n|move|p1a: Zacian|Close Combat|p2a: Houndoom\n|-supereffective|p2a: Houndoom\n|-damage|p2a: Houndoom|0 fnt\n|-unboost|p1a: Zacian|def|1\n|-unboost|p1a: Zacian|spd|1\n|faint|p2a: Houndoom\n|\n|upkeep\n|c|\u2606gengengalixy|but i do die to fightng\n|c|\u2606gengengalixy|noted\n|\n|t:|1698092124\n|switch|p2a: Muk|Muk-Alola, M|100\/100\n|-damage|p2a: Muk|88\/100|[from] Stealth Rock\n|turn|10\n|\n|t:|1698092132\n|-terastallize|p2a: Muk|Poison\n|move|p1a: Zacian|Close Combat|p2a: Muk\n|-resisted|p2a: Muk\n|-damage|p2a: Muk|54\/100\n|-unboost|p1a: Zacian|def|1\n|-unboost|p1a: Zacian|spd|1\n|move|p2a: Muk|Zen Headbutt|p1a: Zacian\n|-resisted|p1a: Zacian\n|-damage|p1a: Zacian|66\/100\n|\n|-heal|p2a: Muk|60\/100|[from] item: Leftovers\n|upkeep\n|turn|11\n|\n|t:|1698092145\n|move|p1a: Zacian|Behemoth Blade|p2a: Muk\n|-damage|p2a: Muk|0 fnt\n|faint|p2a: Muk\n|\n|upkeep\n|\n|t:|1698092148\n|switch|p2a: Hydreigon|Hydreigon, F|100\/100\n|-damage|p2a: Hydreigon|88\/100|[from] Stealth Rock\n|turn|12\n|\n|t:|1698092157\n|move|p1a: Zacian|Close Combat|p2a: Hydreigon\n|-supereffective|p2a: Hydreigon\n|-crit|p2a: Hydreigon\n|-damage|p2a: Hydreigon|0 fnt\n|-unboost|p1a: Zacian|def|1\n|-unboost|p1a: Zacian|spd|1\n|faint|p2a: Hydreigon\n|\n|win|Julianzx\n|raw|Julianzx's rating: 1099 &rarr; <strong>1124<\/strong><br \/>(+25 for winning)\n|raw|gengengalixy's rating: 1093 &rarr; <strong>1069<\/strong><br \/>(-24 for losing)\n|c|\u2606gengengalixy|well gg\n|l|\u2606gengengalixy\n","uploadtime":1698092167,"views":4,"p1id":"julianzx","p2id":"gengengalixy","formatid":"gen9anythinggoes","rating":1069,"private":0,"password":""}