{"id":"gen9anythinggoes-1984933954","p1":"richardismydad","p2":"garth4325","format":"[Gen 9] Anything Goes","log":"|j|\u2606richardismydad\n|j|\u2606garth4325\n|t:|1699312285\n|gametype|singles\n|player|p1|richardismydad|blue|\n|player|p2|garth4325|169|\n|teamsize|p1|6\n|teamsize|p2|6\n|gen|9\n|tier|[Gen 9] Anything Goes\n|rule|HP Percentage Mod: HP is shown in percentages\n|rule|Endless Battle Clause: Forcing endless battles is banned\n|clearpoke\n|poke|p1|Volcarona, F|\n|poke|p1|Iron Valiant|\n|poke|p1|Landorus-Therian, M|\n|poke|p1|Iron Hands|\n|poke|p1|Garganacl, M|\n|poke|p1|Rotom-Frost|\n|poke|p2|Garchomp, F|\n|poke|p2|Greninja-*, M|\n|poke|p2|Tyranitar, F|\n|poke|p2|Slither Wing|\n|poke|p2|Mimikyu, M|\n|poke|p2|Gengar, M|\n|teampreview\n|\n|t:|1699312295\n|start\n|switch|p1a: Rotom|Rotom-Frost|100\/100\n|switch|p2a: Greninja|Greninja, M|100\/100\n|turn|1\n|\n|t:|1699312314\n|move|p2a: Greninja|U-turn|p1a: Rotom\n|-start|p2a: Greninja|typechange|Bug|[from] ability: Protean\n|-damage|p1a: Rotom|79\/100\n|\n|t:|1699312317\n|switch|p2a: Slither Wing|Slither Wing|100\/100|[from] U-turn\n|-enditem|p2a: Slither Wing|Booster Energy\n|-activate|p2a: Slither Wing|ability: Protosynthesis|[fromitem]\n|-start|p2a: Slither Wing|protosynthesisatk\n|move|p1a: Rotom|Reflect|p1a: Rotom\n|-sidestart|p1: richardismydad|Reflect\n|\n|upkeep\n|turn|2\n|\n|t:|1699312336\n|switch|p1a: Landorus|Landorus-Therian, M|100\/100\n|-ability|p1a: Landorus|Intimidate|boost\n|-unboost|p2a: Slither Wing|atk|1\n|move|p2a: Slither Wing|Flare Blitz|p1a: Landorus\n|-damage|p1a: Landorus|82\/100\n|-damage|p2a: Slither Wing|94\/100|[from] Recoil\n|\n|upkeep\n|turn|3\n|\n|t:|1699312352\n|-terastallize|p1a: Landorus|Water\n|move|p1a: Landorus|Tera Blast|p2a: Slither Wing|[anim] Tera Blast Water\n|-crit|p2a: Slither Wing\n|-damage|p2a: Slither Wing|4\/100\n|move|p2a: Slither Wing|Wild Charge|p1a: Landorus\n|-supereffective|p1a: Landorus\n|-damage|p1a: Landorus|54\/100\n|-damage|p2a: Slither Wing|0 fnt|[from] Recoil\n|faint|p2a: Slither Wing\n|-end|p2a: Slither Wing|Protosynthesis|[silent]\n|\n|upkeep\n|\n|t:|1699312363\n|switch|p2a: Greninja|Greninja, M|100\/100\n|turn|4\n|\n|t:|1699312370\n|switch|p1a: Iron Hands|Iron Hands|100\/100\n|move|p2a: Greninja|Grass Knot|p1a: Iron Hands\n|-start|p2a: Greninja|typechange|Grass|[from] ability: Protean\n|-damage|p1a: Iron Hands|72\/100\n|\n|upkeep\n|turn|5\n|\n|t:|1699312390\n|switch|p2a: Garchomp|Garchomp, F, shiny|100\/100\n|move|p1a: Iron Hands|Rock Tomb|p2a: Garchomp\n|-resisted|p2a: Garchomp\n|-damage|p2a: Garchomp|91\/100\n|-unboost|p2a: Garchomp|spe|1\n|\n|upkeep\n|turn|6\n|\n|t:|1699312409\n|-end|p1a: Iron Hands|Quark Drive|[silent]\n|switch|p1a: Iron Valiant|Iron Valiant|100\/100\n|-enditem|p1a: Iron Valiant|Booster Energy\n|-activate|p1a: Iron Valiant|ability: Quark Drive|[fromitem]\n|-start|p1a: Iron Valiant|quarkdriveatk\n|move|p2a: Garchomp|Swords Dance|p2a: Garchomp\n|-boost|p2a: Garchomp|atk|2\n|\n|upkeep\n|turn|7\n|\n|t:|1699312441\n|switch|p2a: Gengar|Gengar, M|100\/100\n|move|p1a: Iron Valiant|Spirit Break|p2a: Gengar\n|-resisted|p2a: Gengar\n|-damage|p2a: Gengar|50\/100\n|-unboost|p2a: Gengar|spa|1\n|\n|upkeep\n|turn|8\n|\n|t:|1699312454\n|move|p1a: Iron Valiant|Shadow Sneak|p2a: Gengar\n|-supereffective|p2a: Gengar\n|-damage|p2a: Gengar|0 fnt\n|faint|p2a: Gengar\n|\n|-sideend|p1: richardismydad|Reflect\n|upkeep\n|\n|t:|1699312462\n|switch|p2a: Tyranitar|Tyranitar, F|100\/100\n|-weather|Sandstorm|[from] ability: Sand Stream|[of] p2a: Tyranitar\n|turn|9\n|\n|t:|1699312466\n|move|p1a: Iron Valiant|Close Combat|p2a: Tyranitar\n|-supereffective|p2a: Tyranitar\n|-damage|p2a: Tyranitar|0 fnt\n|-unboost|p1a: Iron Valiant|def|1\n|-unboost|p1a: Iron Valiant|spd|1\n|faint|p2a: Tyranitar\n|\n|-weather|Sandstorm|[upkeep]\n|-damage|p1a: Iron Valiant|94\/100|[from] Sandstorm\n|upkeep\n|\n|t:|1699312468\n|switch|p2a: Mimikyu|Mimikyu, M, shiny|100\/100\n|turn|10\n|\n|t:|1699312483\n|move|p1a: Iron Valiant|Spirit Break|p2a: Mimikyu\n|-activate|p2a: Mimikyu|ability: Disguise\n|-damage|p2a: Mimikyu|100\/100\n|-unboost|p2a: Mimikyu|spa|1\n|detailschange|p2a: Mimikyu|Mimikyu-Busted, M, shiny\n|-damage|p2a: Mimikyu|88\/100|[from] pokemon: Mimikyu-Busted\n|move|p2a: Mimikyu|Swords Dance|p2a: Mimikyu\n|-boost|p2a: Mimikyu|atk|2\n|\n|-weather|Sandstorm|[upkeep]\n|-damage|p1a: Iron Valiant|88\/100|[from] Sandstorm\n|-damage|p2a: Mimikyu|82\/100|[from] Sandstorm\n|upkeep\n|turn|11\n|\n|t:|1699312496\n|move|p2a: Mimikyu|Shadow Sneak|p1a: Iron Valiant\n|-damage|p1a: Iron Valiant|14\/100\n|-damage|p2a: Mimikyu|72\/100|[from] item: Life Orb\n|move|p1a: Iron Valiant|Encore|p2a: Mimikyu\n|-start|p2a: Mimikyu|Encore\n|\n|-weather|Sandstorm|[upkeep]\n|-damage|p1a: Iron Valiant|8\/100|[from] Sandstorm\n|-damage|p2a: Mimikyu|66\/100|[from] Sandstorm\n|upkeep\n|turn|12\n|\n|t:|1699312499\n|move|p1a: Iron Valiant|Shadow Sneak|p2a: Mimikyu\n|-supereffective|p2a: Mimikyu\n|-damage|p2a: Mimikyu|8\/100\n|move|p2a: Mimikyu|Shadow Sneak|p1a: Iron Valiant\n|-damage|p1a: Iron Valiant|0 fnt\n|faint|p1a: Iron Valiant\n|-end|p1a: Iron Valiant|Quark Drive|[silent]\n|-damage|p2a: Mimikyu|0 fnt|[from] item: Life Orb\n|faint|p2a: Mimikyu\n|\n|-weather|Sandstorm|[upkeep]\n|upkeep\n|\n|t:|1699312522\n|switch|p1a: Iron Hands|Iron Hands|72\/100\n|switch|p2a: Garchomp|Garchomp, F, shiny|91\/100\n|turn|13\n|\n|t:|1699312530\n|-terastallize|p2a: Garchomp|Ground\n|move|p1a: Iron Hands|Fake Out|p2a: Garchomp\n|-damage|p2a: Garchomp|79\/100\n|-damage|p1a: Iron Hands|59\/100|[from] ability: Rough Skin|[of] p2a: Garchomp\n|-damage|p1a: Iron Hands|43\/100|[from] item: Rocky Helmet|[of] p2a: Garchomp\n|cant|p2a: Garchomp|flinch\n|\n|-weather|none\n|upkeep\n|turn|14\n|\n|t:|1699312537\n|move|p2a: Garchomp|Earthquake|p1a: Iron Hands\n|-supereffective|p1a: Iron Hands\n|-damage|p1a: Iron Hands|0 fnt\n|faint|p1a: Iron Hands\n|-end|p1a: Iron Hands|Quark Drive|[silent]\n|\n|upkeep\n|\n|t:|1699312545\n|switch|p1a: Landorus|Landorus-Therian, M, tera:Water|54\/100\n|-ability|p1a: Landorus|Intimidate|boost\n|-unboost|p2a: Garchomp|atk|1\n|turn|15\n|\n|t:|1699312560\n|switch|p2a: Greninja|Greninja, M|100\/100\n|move|p1a: Landorus|Tera Blast|p2a: Greninja|[anim] Tera Blast Water\n|-resisted|p2a: Greninja\n|-damage|p2a: Greninja|66\/100\n|\n|upkeep\n|turn|16\n|\n|t:|1699312574\n|switch|p1a: Rotom|Rotom-Frost|79\/100\n|move|p2a: Greninja|Grass Knot|p1a: Rotom\n|-start|p2a: Greninja|typechange|Grass|[from] ability: Protean\n|-damage|p1a: Rotom|69\/100\n|\n|upkeep\n|turn|17\n|\n|t:|1699312581\n|move|p2a: Greninja|Grass Knot|p1a: Rotom\n|-damage|p1a: Rotom|60\/100\n|move|p1a: Rotom|Blizzard|p2a: Greninja\n|-supereffective|p2a: Greninja\n|-damage|p2a: Greninja|0 fnt\n|faint|p2a: Greninja\n|\n|upkeep\n|\n|t:|1699312583\n|switch|p2a: Garchomp|Garchomp, F, shiny, tera:Ground|79\/100\n|turn|18\n|\n|t:|1699312587\n|move|p2a: Garchomp|Earthquake|p1a: Rotom\n|-immune|p1a: Rotom|[from] ability: Levitate\n|move|p1a: Rotom|Blizzard|p2a: Garchomp\n|-supereffective|p2a: Garchomp\n|-damage|p2a: Garchomp|0 fnt\n|faint|p2a: Garchomp\n|\n|win|richardismydad\n|c|\u2606garth4325|gg\n|c|\u2606richardismydad|gg\n|l|\u2606garth4325\n","uploadtime":1699312596,"views":11,"p1id":"richardismydad","p2id":"garth4325","formatid":"gen9anythinggoes","rating":0,"private":0,"password":""}