{"id":"gen9anythinggoes-1980418743","p1":"xxswedishmanxx","p2":"Hydro76226","format":"[Gen 9] Anything Goes","log":"|j|\u2606xxswedishmanxx\n|j|\u2606Hydro76226\n|t:|1698783219\n|gametype|singles\n|player|p1|xxswedishmanxx|depotagent|1317\n|player|p2|Hydro76226|cyrus|1333\n|teamsize|p1|6\n|teamsize|p2|6\n|gen|9\n|tier|[Gen 9] Anything Goes\n|rated|\n|rule|HP Percentage Mod: HP is shown in percentages\n|rule|Endless Battle Clause: Forcing endless battles is banned\n|clearpoke\n|poke|p1|Staraptor, F|\n|poke|p1|Samurott-Hisui, F|\n|poke|p1|Kleavor, F|\n|poke|p1|Iron Moth|\n|poke|p1|Volcarona, F|\n|poke|p1|Slither Wing|\n|poke|p2|Darkrai|\n|poke|p2|Iron Bundle|\n|poke|p2|Magearna|\n|poke|p2|Chien-Pao|\n|poke|p2|Shaymin-Sky|\n|poke|p2|Iron Moth|\n|teampreview\n|\n|t:|1698783241\n|start\n|switch|p1a: Kleavor|Kleavor, F|100\/100\n|switch|p2a: Iron Bundle|Iron Bundle|100\/100\n|-enditem|p2a: Iron Bundle|Booster Energy\n|-activate|p2a: Iron Bundle|ability: Quark Drive|[fromitem]\n|-start|p2a: Iron Bundle|quarkdrivespe\n|turn|1\n|\n|t:|1698783270\n|move|p2a: Iron Bundle|Hydro Pump|p1a: Kleavor\n|-supereffective|p1a: Kleavor\n|-enditem|p1a: Kleavor|Focus Sash\n|-damage|p1a: Kleavor|1\/100\n|move|p1a: Kleavor|Stone Axe|p2a: Iron Bundle\n|-supereffective|p2a: Iron Bundle\n|-damage|p2a: Iron Bundle|0 fnt\n|-sidestart|p2: Hydro76226|move: Stealth Rock\n|faint|p2a: Iron Bundle\n|-end|p2a: Iron Bundle|Quark Drive|[silent]\n|\n|upkeep\n|\n|t:|1698783274\n|switch|p2a: Magearna|Magearna|100\/100\n|-damage|p2a: Magearna|95\/100|[from] Stealth Rock\n|turn|2\n|\n|t:|1698783279\n|move|p1a: Kleavor|Close Combat|p2a: Magearna\n|-damage|p2a: Magearna|52\/100\n|-unboost|p1a: Kleavor|def|1\n|-unboost|p1a: Kleavor|spd|1\n|move|p2a: Magearna|Shift Gear|p2a: Magearna\n|-boost|p2a: Magearna|spe|2\n|-boost|p2a: Magearna|atk|1\n|\n|-heal|p2a: Magearna|58\/100|[from] item: Leftovers\n|upkeep\n|turn|3\n|\n|t:|1698783285\n|move|p2a: Magearna|Shift Gear|p2a: Magearna\n|-boost|p2a: Magearna|spe|2\n|-boost|p2a: Magearna|atk|1\n|move|p1a: Kleavor|Close Combat|p2a: Magearna\n|-damage|p2a: Magearna|13\/100\n|-unboost|p1a: Kleavor|def|1\n|-unboost|p1a: Kleavor|spd|1\n|\n|-heal|p2a: Magearna|19\/100|[from] item: Leftovers\n|upkeep\n|turn|4\n|\n|t:|1698783290\n|move|p2a: Magearna|Flash Cannon|p1a: Kleavor\n|-supereffective|p1a: Kleavor\n|-damage|p1a: Kleavor|0 fnt\n|faint|p1a: Kleavor\n|-ability|p2a: Magearna|Soul-Heart|boost\n|-boost|p2a: Magearna|spa|1\n|\n|-heal|p2a: Magearna|25\/100|[from] item: Leftovers\n|upkeep\n|\n|t:|1698783296\n|switch|p1a: Samurott|Samurott-Hisui, F|100\/100\n|turn|5\n|\n|t:|1698783339\n|move|p2a: Magearna|Fleur Cannon|p1a: Samurott\n|-supereffective|p1a: Samurott\n|-enditem|p1a: Samurott|Focus Sash\n|-damage|p1a: Samurott|1\/100\n|-unboost|p2a: Magearna|spa|2\n|move|p1a: Samurott|Encore|p2a: Magearna\n|-start|p2a: Magearna|Encore\n|\n|-heal|p2a: Magearna|31\/100|[from] item: Leftovers\n|upkeep\n|turn|6\n|\n|t:|1698783345\n|switch|p1a: Iron Moth|Iron Moth|100\/100\n|-enditem|p1a: Iron Moth|Booster Energy\n|-activate|p1a: Iron Moth|ability: Quark Drive|[fromitem]\n|-start|p1a: Iron Moth|quarkdrivespe\n|move|p2a: Magearna|Fleur Cannon|p1a: Iron Moth\n|-resisted|p1a: Iron Moth\n|-damage|p1a: Iron Moth|89\/100\n|-unboost|p2a: Magearna|spa|2\n|\n|-heal|p2a: Magearna|37\/100|[from] item: Leftovers\n|upkeep\n|turn|7\n|\n|t:|1698783351\n|move|p2a: Magearna|Fleur Cannon|p1a: Iron Moth\n|-resisted|p1a: Iron Moth\n|-damage|p1a: Iron Moth|82\/100\n|-unboost|p2a: Magearna|spa|2\n|move|p1a: Iron Moth|Substitute|p1a: Iron Moth\n|-start|p1a: Iron Moth|Substitute\n|-damage|p1a: Iron Moth|57\/100\n|\n|-heal|p2a: Magearna|43\/100|[from] item: Leftovers\n|upkeep\n|turn|8\n|\n|t:|1698783359\n|switch|p2a: Iron Moth|Iron Moth|100\/100\n|-damage|p2a: Iron Moth|76\/100|[from] Stealth Rock\n|move|p1a: Iron Moth|Fiery Dance|p2a: Iron Moth\n|-resisted|p2a: Iron Moth\n|-damage|p2a: Iron Moth|54\/100\n|-boost|p1a: Iron Moth|spa|1\n|\n|upkeep\n|turn|9\n|\n|t:|1698783364\n|move|p1a: Iron Moth|Psychic|p2a: Iron Moth\n|-supereffective|p2a: Iron Moth\n|-damage|p2a: Iron Moth|0 fnt\n|faint|p2a: Iron Moth\n|-end|p2a: Iron Moth|Quark Drive|[silent]\n|\n|upkeep\n|\n|t:|1698783372\n|switch|p2a: Shaymin|Shaymin-Sky|100\/100\n|-damage|p2a: Shaymin|76\/100|[from] Stealth Rock\n|turn|10\n|\n|t:|1698783375\n|move|p1a: Iron Moth|Fiery Dance|p2a: Shaymin\n|-supereffective|p2a: Shaymin\n|-damage|p2a: Shaymin|0 fnt\n|faint|p2a: Shaymin\n|\n|upkeep\n|\n|t:|1698783384\n|switch|p2a: Chien-Pao|Chien-Pao|100\/100\n|-damage|p2a: Chien-Pao|76\/100|[from] Stealth Rock\n|-ability|p2a: Chien-Pao|Sword of Ruin\n|turn|11\n|\n|t:|1698783387\n|move|p2a: Chien-Pao|Sucker Punch|p1a: Iron Moth\n|-end|p1a: Iron Moth|Substitute\n|move|p1a: Iron Moth|Fiery Dance|p2a: Chien-Pao\n|-supereffective|p2a: Chien-Pao\n|-damage|p2a: Chien-Pao|0 fnt\n|-boost|p1a: Iron Moth|spa|1\n|faint|p2a: Chien-Pao\n|\n|upkeep\n|\n|t:|1698783389\n|switch|p2a: Darkrai|Darkrai|100\/100\n|-damage|p2a: Darkrai|88\/100|[from] Stealth Rock\n|turn|12\n|\n|t:|1698783393\n|move|p1a: Iron Moth|Dazzling Gleam|p2a: Darkrai\n|-supereffective|p2a: Darkrai\n|-damage|p2a: Darkrai|0 fnt\n|faint|p2a: Darkrai\n|\n|upkeep\n|\n|t:|1698783395\n|switch|p2a: Magearna|Magearna|43\/100\n|-damage|p2a: Magearna|37\/100|[from] Stealth Rock\n|turn|13\n|\n|t:|1698783397\n|move|p1a: Iron Moth|Fiery Dance|p2a: Magearna\n|-supereffective|p2a: Magearna\n|-damage|p2a: Magearna|0 fnt\n|-boost|p1a: Iron Moth|spa|1\n|faint|p2a: Magearna\n|\n|win|xxswedishmanxx\n|raw|xxswedishmanxx's rating: 1317 &rarr; <strong>1338<\/strong><br \/>(+21 for winning)\n|raw|Hydro76226's rating: 1333 &rarr; <strong>1312<\/strong><br \/>(-21 for losing)\n|l|\u2606Hydro76226\n|c|\u2606xxswedishmanxx|gg\n","uploadtime":1698783404,"views":7,"p1id":"xxswedishmanxx","p2id":"hydro76226","formatid":"gen9anythinggoes","rating":1312,"private":0,"password":""}