{"id":"gen9anythinggoes-1992971507","p1":"rrr3mix","p2":"Siiroth","format":"[Gen 9] Anything Goes","log":"|j|\u2606rrr3mix\n|j|\u2606Siiroth\n|t:|1700251516\n|gametype|singles\n|player|p1|rrr3mix|102|\n|player|p2|Siiroth|lady-gen4|\n|teamsize|p1|6\n|teamsize|p2|6\n|gen|9\n|tier|[Gen 9] Anything Goes\n|rule|HP Percentage Mod: HP is shown in percentages\n|rule|Endless Battle Clause: Forcing endless battles is banned\n|clearpoke\n|poke|p1|Cinderace, M|\n|poke|p1|Gliscor, M|\n|poke|p1|Rotom-Wash|\n|poke|p1|Kingambit, M|\n|poke|p1|Tornadus-Therian, M|\n|poke|p1|Ditto|\n|poke|p2|Zapdos-Galar|\n|poke|p2|Salazzle, F|\n|poke|p2|Samurott-Hisui, M|\n|poke|p2|Magneton|\n|poke|p2|Donphan, F|\n|poke|p2|Clefable, F|\n|teampreview\n|c|\u2606rrr3mix|glhf!\n|j| Tredz\n|c|\u2606Siiroth|hf!\n|\n|t:|1700251579\n|start\n|switch|p1a: Tornadus|Tornadus-Therian, M|100\/100\n|switch|p2a: Magneton|Magneton, shiny|100\/100\n|turn|1\n|inactive|Battle timer is ON: inactive players will automatically lose when time's up. (requested by Siiroth)\n|\n|t:|1700251594\n|move|p1a: Tornadus|Knock Off|p2a: Magneton\n|-damage|p2a: Magneton|78\/100\n|-enditem|p2a: Magneton|Eviolite|[from] move: Knock Off|[of] p1a: Tornadus\n|-damage|p1a: Tornadus|91\/100|[from] item: Life Orb\n|move|p2a: Magneton|Substitute|p2a: Magneton\n|-start|p2a: Magneton|Substitute\n|-damage|p2a: Magneton|53\/100\n|\n|upkeep\n|turn|2\n|j| UnovaJournies\n|\n|t:|1700251611\n|move|p1a: Tornadus|Hurricane|p2a: Magneton\n|-resisted|p2a: Magneton\n|-end|p2a: Magneton|Substitute\n|-damage|p1a: Tornadus|81\/100|[from] item: Life Orb\n|move|p2a: Magneton|Thunder Wave|p1a: Tornadus\n|-status|p1a: Tornadus|par\n|\n|upkeep\n|turn|3\n|\n|t:|1700251620\n|move|p2a: Magneton|Volt Switch|p1a: Tornadus\n|-supereffective|p1a: Tornadus\n|-damage|p1a: Tornadus|0 fnt\n|faint|p1a: Tornadus\n|\n|t:|1700251631\n|switch|p2a: Clefable|Clefable, F|100\/100|[from] Volt Switch\n|\n|upkeep\n|\n|t:|1700251642\n|switch|p1a: Gliscor|Gliscor, M|100\/100\n|turn|4\n|\n|t:|1700251655\n|move|p1a: Gliscor|Earthquake|p2a: Clefable\n|-damage|p2a: Clefable|53\/100\n|move|p2a: Clefable|Baton Pass|p2a: Clefable\n|c| UnovaJournies|me n Tredz Sunday :(\n|c| Tredz|^\n|\n|t:|1700251683\n|switch|p2a: Donphan|Donphan, F|100\/100|[from] Baton Pass\n|\n|-status|p1a: Gliscor|tox|[from] item: Toxic Orb\n|upkeep\n|turn|5\n|\n|t:|1700251695\n|move|p1a: Gliscor|Fling|p2a: Donphan\n|-damage|p2a: Donphan|95\/100\n|-status|p2a: Donphan|tox\n|-enditem|p1a: Gliscor|Toxic Orb|[from] move: Fling\n|move|p2a: Donphan|Ice Spinner|p1a: Gliscor\n|-supereffective|p1a: Gliscor\n|-damage|p1a: Gliscor|17\/100 tox\n|\n|-heal|p2a: Donphan|100\/100 tox|[from] item: Leftovers\n|-heal|p1a: Gliscor|29\/100 tox|[from] ability: Poison Heal\n|-damage|p2a: Donphan|94\/100 tox|[from] psn\n|upkeep\n|turn|6\n|c| UnovaJournies|yo\n|\n|t:|1700251709\n|switch|p2a: Clefable|Clefable, F|53\/100\n|move|p1a: Gliscor|Protect||[still]\n|-fail|p1a: Gliscor\n|\n|-heal|p2a: Clefable|59\/100|[from] item: Leftovers\n|-heal|p1a: Gliscor|41\/100 tox|[from] ability: Poison Heal\n|upkeep\n|turn|7\n|inactive|Siiroth has 270 seconds left.\n|\n|t:|1700251735\n|move|p2a: Clefable|Protect|p2a: Clefable\n|-singleturn|p2a: Clefable|Protect\n|move|p1a: Gliscor|Acrobatics|p2a: Clefable\n|-activate|p2a: Clefable|move: Protect\n|\n|-heal|p2a: Clefable|65\/100|[from] item: Leftovers\n|-heal|p1a: Gliscor|54\/100 tox|[from] ability: Poison Heal\n|upkeep\n|turn|8\n|c| UnovaJournies|that's a fire set\n|\n|t:|1700251743\n|move|p1a: Gliscor|Acrobatics|p2a: Clefable\n|-damage|p2a: Clefable|13\/100\n|move|p2a: Clefable|Wish|p2a: Clefable\n|\n|-heal|p2a: Clefable|19\/100|[from] item: Leftovers\n|-heal|p1a: Gliscor|66\/100 tox|[from] ability: Poison Heal\n|upkeep\n|turn|9\n|inactive|Siiroth has 270 seconds left.\n|c|\u2606rrr3mix|gliscor?\n|c| UnovaJournies|ye\n|c|\u2606rrr3mix|thanks haha\n|\n|t:|1700251769\n|move|p2a: Clefable|Protect|p2a: Clefable\n|-singleturn|p2a: Clefable|Protect\n|move|p1a: Gliscor|Earthquake|p2a: Clefable\n|-activate|p2a: Clefable|move: Protect\n|\n|-heal|p2a: Clefable|69\/100|[from] move: Wish|[wisher] Clefable\n|-heal|p2a: Clefable|75\/100|[from] item: Leftovers\n|-heal|p1a: Gliscor|79\/100 tox|[from] ability: Poison Heal\n|upkeep\n|turn|10\n|inactive|Siiroth has 270 seconds left.\n|\n|t:|1700251786\n|move|p1a: Gliscor|Acrobatics|p2a: Clefable\n|-damage|p2a: Clefable|21\/100\n|move|p2a: Clefable|Baton Pass|p2a: Clefable\n|\n|t:|1700251788\n|switch|p2a: Samurott|Samurott-Hisui, M|100\/100|[from] Baton Pass\n|\n|-heal|p1a: Gliscor|91\/100 tox|[from] ability: Poison Heal\n|upkeep\n|turn|11\n|inactive|Siiroth has 270 seconds left.\n|\n|t:|1700251801\n|switch|p1a: Rotom|Rotom-Wash|100\/100\n|move|p2a: Samurott|Ceaseless Edge|p1a: Rotom\n|-damage|p1a: Rotom|34\/100\n|-sidestart|p1: rrr3mix|Spikes\n|\n|upkeep\n|turn|12\n|c| UnovaJournies|Brock never misses\n|inactive|Siiroth has 270 seconds left.\n|\n|t:|1700251825\n|move|p2a: Samurott|Sucker Punch||[still]\n|-fail|p2a: Samurott\n|move|p1a: Rotom|Trick|p2a: Samurott\n|-activate|p1a: Rotom|move: Trick|[of] p2a: Samurott\n|-item|p2a: Samurott|Choice Scarf|[from] move: Trick\n|-item|p1a: Rotom|Mystic Water|[from] move: Trick\n|\n|upkeep\n|turn|13\n|c| UnovaJournies|oooo\n|\n|t:|1700251833\n|move|p2a: Samurott|Ceaseless Edge|p1a: Rotom\n|-damage|p1a: Rotom|0 fnt\n|-sidestart|p1: rrr3mix|Spikes\n|faint|p1a: Rotom\n|\n|upkeep\n|c| UnovaJournies|rip\n|\n|t:|1700251852\n|switch|p1a: Kingambit|Kingambit, M, shiny|100\/100\n|-damage|p1a: Kingambit|84\/100|[from] Spikes\n|-activate|p1a: Kingambit|ability: Supreme Overlord\n|-start|p1a: Kingambit|fallen2|[silent]\n|turn|14\n|inactive|Siiroth has 270 seconds left.\n|\n|t:|1700251868\n|switch|p2a: Donphan|Donphan, F|94\/100 tox\n|move|p1a: Kingambit|Swords Dance|p1a: Kingambit\n|-boost|p1a: Kingambit|atk|2\n|\n|-heal|p2a: Donphan|100\/100 tox|[from] item: Leftovers\n|-heal|p1a: Kingambit|90\/100|[from] item: Leftovers\n|-damage|p2a: Donphan|94\/100 tox|[from] psn\n|upkeep\n|turn|15\n|\n|t:|1700251879\n|move|p1a: Kingambit|Sucker Punch|p2a: Donphan\n|-damage|p2a: Donphan|39\/100 tox\n|move|p2a: Donphan|Body Press|p1a: Kingambit\n|-supereffective|p1a: Kingambit\n|-crit|p1a: Kingambit\n|-damage|p1a: Kingambit|0 fnt\n|faint|p1a: Kingambit\n|-end|p1a: Kingambit|fallen2|[silent]\n|\n|-heal|p2a: Donphan|45\/100 tox|[from] item: Leftovers\n|-damage|p2a: Donphan|33\/100 tox|[from] psn\n|upkeep\n|c| UnovaJournies|bruh\n|c| UnovaJournies|did that matter\n|c| Tredz|surely not\n|\n|t:|1700251894\n|switch|p1a: Gliscor|Gliscor, M|91\/100 tox\n|turn|16\n|\n|t:|1700251901\n|move|p1a: Gliscor|Acrobatics|p2a: Donphan\n|-damage|p2a: Donphan|6\/100 tox\n|move|p2a: Donphan|Ice Spinner|p1a: Gliscor\n|-supereffective|p1a: Gliscor\n|-damage|p1a: Gliscor|2\/100 tox\n|\n|-heal|p2a: Donphan|12\/100 tox|[from] item: Leftovers\n|-heal|p1a: Gliscor|14\/100 tox|[from] ability: Poison Heal\n|-damage|p2a: Donphan|0 fnt|[from] psn\n|faint|p2a: Donphan\n|upkeep\n|c|\u2606rrr3mix|omg\n|\n|t:|1700251907\n|switch|p2a: Samurott|Samurott-Hisui, M|100\/100\n|turn|17\n|\n|t:|1700251918\n|move|p1a: Gliscor|Protect|p1a: Gliscor\n|-singleturn|p1a: Gliscor|Protect\n|move|p2a: Samurott|Flip Turn|p1a: Gliscor\n|-activate|p1a: Gliscor|move: Protect\n|\n|-heal|p1a: Gliscor|26\/100 tox|[from] ability: Poison Heal\n|upkeep\n|turn|18\n|\n|t:|1700251930\n|move|p1a: Gliscor|Acrobatics|p2a: Samurott\n|-damage|p2a: Samurott|50\/100\n|move|p2a: Samurott|Flip Turn|p1a: Gliscor\n|-supereffective|p1a: Gliscor\n|-damage|p1a: Gliscor|0 fnt\n|faint|p1a: Gliscor\n|c| UnovaJournies|wait what\n|\n|t:|1700251939\n|switch|p2a: Salazzle|Salazzle, F|100\/100|[from] Flip Turn\n|\n|upkeep\n|\n|t:|1700251950\n|switch|p1a: Cinderace|Cinderace, M|100\/100\n|-damage|p1a: Cinderace|84\/100|[from] Spikes\n|turn|19\n|\n|t:|1700251964\n|move|p2a: Salazzle|Protect|p2a: Salazzle\n|-singleturn|p2a: Salazzle|Protect\n|move|p1a: Cinderace|High Jump Kick|p2a: Salazzle\n|-start|p1a: Cinderace|typechange|Fighting|[from] ability: Libero\n|-activate|p2a: Salazzle|move: Protect\n|-damage|p1a: Cinderace|34\/100|[from] highjumpkick\n|\n|upkeep\n|turn|20\n|c| Tredz|ouch\n|c|\u2606rrr3mix|pain.\n|\n|t:|1700251996\n|move|p1a: Cinderace|High Jump Kick|p2a: Salazzle\n|-resisted|p2a: Salazzle\n|-damage|p2a: Salazzle|39\/100\n|-damage|p1a: Cinderace|24\/100|[from] item: Life Orb\n|move|p2a: Salazzle|Flamethrower|p1a: Cinderace\n|-damage|p1a: Cinderace|0 fnt\n|faint|p1a: Cinderace\n|\n|-heal|p2a: Salazzle|46\/100|[from] item: Black Sludge\n|upkeep\n|\n|t:|1700252005\n|switch|p1a: Ditto|Ditto|100\/100\n|-damage|p1a: Ditto|84\/100|[from] Spikes\n|-transform|p1a: Ditto|p2a: Salazzle|[from] ability: Imposter\n|turn|21\n|\n|t:|1700252014\n|move|p2a: Salazzle|Protect|p2a: Salazzle\n|-singleturn|p2a: Salazzle|Protect\n|move|p1a: Ditto|Flamethrower|p2a: Salazzle\n|-activate|p2a: Salazzle|move: Protect\n|\n|-heal|p2a: Salazzle|52\/100|[from] item: Black Sludge\n|upkeep\n|turn|22\n|inactive|Siiroth has 270 seconds left.\n|j| Amoongdrip\n|c|\u2606rrr3mix|gg\n|c| Amoongdrip|gg\n|\n|t:|1700252054\n|move|p1a: Ditto|Flamethrower|p2a: Salazzle\n|-resisted|p2a: Salazzle\n|-damage|p2a: Salazzle|29\/100\n|move|p2a: Salazzle|Substitute|p2a: Salazzle\n|-start|p2a: Salazzle|Substitute\n|-damage|p2a: Salazzle|4\/100\n|\n|-heal|p2a: Salazzle|10\/100|[from] item: Black Sludge\n|upkeep\n|turn|23\n|\n|t:|1700252063\n|move|p2a: Salazzle|Protect|p2a: Salazzle\n|-singleturn|p2a: Salazzle|Protect\n|move|p1a: Ditto|Flamethrower|p2a: Salazzle\n|-activate|p2a: Salazzle|move: Protect\n|\n|-heal|p2a: Salazzle|16\/100|[from] item: Black Sludge\n|upkeep\n|turn|24\n|inactive|Siiroth has 270 seconds left.\n|\n|t:|1700252072\n|move|p1a: Ditto|Flamethrower|p2a: Salazzle\n|-resisted|p2a: Salazzle\n|-crit|p2a: Salazzle\n|-end|p2a: Salazzle|Substitute\n|move|p2a: Salazzle|Toxic|p1a: Ditto\n|-status|p1a: Ditto|tox\n|\n|-heal|p2a: Salazzle|23\/100|[from] item: Black Sludge\n|-damage|p1a: Ditto|78\/100 tox|[from] psn\n|upkeep\n|turn|25\n|c| UnovaJournies|we take every single +\/-\n|c| Amoongdrip|thats fucked up\n|\n|t:|1700252081\n|move|p2a: Salazzle|Protect|p2a: Salazzle\n|-singleturn|p2a: Salazzle|Protect\n|move|p1a: Ditto|Flamethrower|p2a: Salazzle\n|-activate|p2a: Salazzle|move: Protect\n|\n|-heal|p2a: Salazzle|29\/100|[from] item: Black Sludge\n|-damage|p1a: Ditto|66\/100 tox|[from] psn\n|upkeep\n|turn|26\n|\n|t:|1700252095\n|switch|p2a: Magneton|Magneton, shiny|53\/100\n|-activate|p1a: Ditto|move: Struggle\n|move|p1a: Ditto|Struggle|p2a: Magneton\n|-crit|p2a: Magneton\n|-damage|p2a: Magneton|43\/100\n|-damage|p1a: Ditto|41\/100 tox|[from] recoil\n|\n|-damage|p1a: Ditto|23\/100 tox|[from] psn\n|upkeep\n|turn|27\n|c| UnovaJournies|big crits\n|\n|t:|1700252105\n|-activate|p1a: Ditto|move: Struggle\n|move|p1a: Ditto|Struggle|p2a: Magneton\n|-crit|p2a: Magneton\n|-damage|p2a: Magneton|32\/100\n|-damage|p1a: Ditto|0 fnt|[from] recoil\n|faint|p1a: Ditto\n|\n|win|Siiroth\n|c|\u2606Siiroth|gg\n|c|\u2606rrr3mix|gg\n|l| Tredz\n","uploadtime":1700252119,"views":37,"p1id":"rrr3mix","p2id":"siiroth","formatid":"gen9anythinggoes","rating":0,"private":0,"password":""}