{"id":"gen9anythinggoes-1985539281","p1":"AOriginalUsername","p2":"Pipiundkaka","format":"[Gen 9] Anything Goes","log":"|j|\u2606AOriginalUsername\n|j|\u2606Pipiundkaka\n|t:|1699382941\n|gametype|singles\n|player|p1|AOriginalUsername|rei|1093\n|player|p2|Pipiundkaka|buck|1134\n|teamsize|p1|6\n|teamsize|p2|6\n|gen|9\n|tier|[Gen 9] Anything Goes\n|rated|\n|rule|HP Percentage Mod: HP is shown in percentages\n|rule|Endless Battle Clause: Forcing endless battles is banned\n|clearpoke\n|poke|p1|Chi-Yu|\n|poke|p1|Typhlosion-Hisui, F|\n|poke|p1|Ceruledge, M|\n|poke|p1|Skeledirge, M|\n|poke|p1|Ogerpon-Hearthflame, F|\n|poke|p1|Scovillain, M|\n|poke|p2|Hippowdon, F|\n|poke|p2|Toxapex, M|\n|poke|p2|Arcanine-Hisui, M|\n|poke|p2|Houndstone, F|\n|poke|p2|Chansey, F|\n|poke|p2|Gholdengo|\n|teampreview\n|inactive|Battle timer is ON: inactive players will automatically lose when time's up. (requested by Pipiundkaka)\n|inactive|AOriginalUsername also wants the timer to be on.\n|\n|t:|1699382960\n|start\n|switch|p1a: Filet-O-Fish|Chi-Yu|100\/100\n|switch|p2a: Hippowdon|Hippowdon, F|100\/100\n|-ability|p1a: Filet-O-Fish|Beads of Ruin\n|-weather|Sandstorm|[from] ability: Sand Stream|[of] p2a: Hippowdon\n|turn|1\n|inactive|AOriginalUsername has 120 seconds left.\n|\n|t:|1699382990\n|move|p1a: Filet-O-Fish|Ruination|p2a: Hippowdon\n|-damage|p2a: Hippowdon|50\/100\n|move|p2a: Hippowdon|Stealth Rock|p1a: Filet-O-Fish\n|-sidestart|p1: AOriginalUsername|move: Stealth Rock\n|\n|-weather|Sandstorm|[upkeep]\n|-damage|p1a: Filet-O-Fish|94\/100|[from] Sandstorm\n|-heal|p2a: Hippowdon|57\/100|[from] item: Leftovers\n|upkeep\n|turn|2\n|inactive|AOriginalUsername has 120 seconds left.\n|\n|t:|1699383004\n|move|p2a: Hippowdon|Protect|p2a: Hippowdon\n|-singleturn|p2a: Hippowdon|Protect\n|move|p1a: Filet-O-Fish|Hex|p2a: Hippowdon\n|-activate|p2a: Hippowdon|move: Protect\n|\n|-weather|Sandstorm|[upkeep]\n|-damage|p1a: Filet-O-Fish|88\/100|[from] Sandstorm\n|-heal|p2a: Hippowdon|63\/100|[from] item: Leftovers\n|upkeep\n|turn|3\n|inactive|AOriginalUsername has 120 seconds left.\n|\n|t:|1699383018\n|move|p1a: Filet-O-Fish|Hex|p2a: Hippowdon\n|-damage|p2a: Hippowdon|20\/100\n|move|p2a: Hippowdon|Earthquake|p1a: Filet-O-Fish\n|-supereffective|p1a: Filet-O-Fish\n|-crit|p1a: Filet-O-Fish\n|-damage|p1a: Filet-O-Fish|0 fnt\n|faint|p1a: Filet-O-Fish\n|\n|-weather|Sandstorm|[upkeep]\n|-heal|p2a: Hippowdon|26\/100|[from] item: Leftovers\n|upkeep\n|inactive|AOriginalUsername has 120 seconds left.\n|\n|t:|1699383027\n|switch|p1a: Skull Kid|Ogerpon-Hearthflame, F|100\/100\n|-damage|p1a: Skull Kid|75\/100|[from] Stealth Rock\n|-ability|p1a: Skull Kid|Mold Breaker\n|turn|4\n|\n|t:|1699383036\n|move|p2a: Hippowdon|Protect|p2a: Hippowdon\n|-singleturn|p2a: Hippowdon|Protect\n|move|p1a: Skull Kid|Horn Leech|p2a: Hippowdon\n|-activate|p2a: Hippowdon|move: Protect\n|\n|-weather|Sandstorm|[upkeep]\n|-damage|p1a: Skull Kid|69\/100|[from] Sandstorm\n|-heal|p2a: Hippowdon|33\/100|[from] item: Leftovers\n|upkeep\n|turn|5\n|inactive|Pipiundkaka has 120 seconds left.\n|\n|t:|1699383068\n|move|p1a: Skull Kid|Horn Leech|p2a: Hippowdon\n|-supereffective|p2a: Hippowdon\n|-damage|p2a: Hippowdon|0 fnt\n|-heal|p1a: Skull Kid|88\/100|[from] drain|[of] p2a: Hippowdon\n|faint|p2a: Hippowdon\n|\n|-weather|none\n|upkeep\n|inactive|Pipiundkaka has 120 seconds left.\n|\n|t:|1699383085\n|switch|p2a: Arcanine|Arcanine-Hisui, M|100\/100\n|turn|6\n|\n|t:|1699383098\n|-terastallize|p2a: Arcanine|Grass\n|move|p1a: Skull Kid|Horn Leech|p2a: Arcanine\n|-resisted|p2a: Arcanine\n|-damage|p2a: Arcanine|75\/100\n|-heal|p1a: Skull Kid|99\/100|[from] drain|[of] p2a: Arcanine\n|move|p2a: Arcanine|Roar|p1a: Skull Kid\n|drag|p1a: Mood Swings|Scovillain, M, shiny|100\/100\n|-damage|p1a: Mood Swings|76\/100|[from] Stealth Rock\n|\n|-heal|p2a: Arcanine|81\/100|[from] item: Leftovers\n|-heal|p1a: Mood Swings|82\/100|[from] item: Leftovers\n|-ability|p1a: Mood Swings|Moody|boost\n|-boost|p1a: Mood Swings|spa|2\n|-unboost|p1a: Mood Swings|def|1\n|upkeep\n|turn|7\n|inactive|Pipiundkaka has 120 seconds left.\n|\n|t:|1699383114\n|move|p1a: Mood Swings|Trailblaze|p2a: Arcanine\n|-resisted|p2a: Arcanine\n|-damage|p2a: Arcanine|70\/100\n|-boost|p1a: Mood Swings|spe|1\n|move|p2a: Arcanine|Roar|p1a: Mood Swings\n|drag|p1a: Singer|Skeledirge, M, shiny|100\/100\n|-damage|p1a: Singer|76\/100|[from] Stealth Rock\n|\n|-heal|p2a: Arcanine|76\/100|[from] item: Leftovers\n|upkeep\n|turn|8\n|\n|t:|1699383129\n|switch|p1a: Vampire|Ceruledge, M, shiny|100\/100\n|-damage|p1a: Vampire|76\/100|[from] Stealth Rock\n|move|p2a: Arcanine|Roar|p1a: Vampire\n|drag|p1a: Mood Swings|Scovillain, M, shiny|82\/100\n|-damage|p1a: Mood Swings|57\/100|[from] Stealth Rock\n|\n|-heal|p2a: Arcanine|82\/100|[from] item: Leftovers\n|-heal|p1a: Mood Swings|63\/100|[from] item: Leftovers\n|-ability|p1a: Mood Swings|Moody|boost\n|-boost|p1a: Mood Swings|spe|2\n|-unboost|p1a: Mood Swings|spd|1\n|upkeep\n|turn|9\n|\n|t:|1699383143\n|move|p1a: Mood Swings|Fire Fang|p2a: Arcanine\n|-start|p2a: Arcanine|ability: Flash Fire\n|move|p2a: Arcanine|Roar|p1a: Mood Swings\n|drag|p1a: Sad Badger|Typhlosion-Hisui, F, shiny|100\/100\n|-damage|p1a: Sad Badger|76\/100|[from] Stealth Rock\n|-item|p2a: Arcanine|Leftovers|[from] ability: Frisk|[of] p1a: Sad Badger|[identify]\n|\n|-heal|p2a: Arcanine|88\/100|[from] item: Leftovers\n|upkeep\n|turn|10\n|\n|t:|1699383155\n|move|p1a: Sad Badger|Will-O-Wisp|p2a: Arcanine\n|-immune|p2a: Arcanine|[from] ability: Flash Fire\n|move|p2a: Arcanine|Roar|p1a: Sad Badger\n|drag|p1a: Vampire|Ceruledge, M, shiny|76\/100\n|-damage|p1a: Vampire|51\/100|[from] Stealth Rock\n|\n|-heal|p2a: Arcanine|94\/100|[from] item: Leftovers\n|upkeep\n|turn|11\n|\n|t:|1699383168\n|move|p1a: Vampire|Psycho Cut|p2a: Arcanine\n|-damage|p2a: Arcanine|63\/100\n|move|p2a: Arcanine|Roar|p1a: Vampire\n|drag|p1a: Mood Swings|Scovillain, M, shiny|63\/100\n|-damage|p1a: Mood Swings|38\/100|[from] Stealth Rock\n|\n|-heal|p2a: Arcanine|69\/100|[from] item: Leftovers\n|-heal|p1a: Mood Swings|44\/100|[from] item: Leftovers\n|-ability|p1a: Mood Swings|Moody|boost\n|-boost|p1a: Mood Swings|spd|2\n|-unboost|p1a: Mood Swings|spe|1\n|upkeep\n|turn|12\n|\n|t:|1699383181\n|move|p1a: Mood Swings|Crunch|p2a: Arcanine\n|-damage|p2a: Arcanine|44\/100\n|move|p2a: Arcanine|Roar|p1a: Mood Swings\n|drag|p1a: Skull Kid|Ogerpon-Hearthflame, F|99\/100\n|-damage|p1a: Skull Kid|75\/100|[from] Stealth Rock\n|-ability|p1a: Skull Kid|Mold Breaker\n|\n|-heal|p2a: Arcanine|50\/100|[from] item: Leftovers\n|upkeep\n|turn|13\n|\n|t:|1699383196\n|move|p2a: Arcanine|Extreme Speed|p1a: Skull Kid\n|-damage|p1a: Skull Kid|47\/100\n|move|p1a: Skull Kid|U-turn|p2a: Arcanine\n|-supereffective|p2a: Arcanine\n|-damage|p2a: Arcanine|0 fnt\n|faint|p2a: Arcanine\n|\n|t:|1699383203\n|switch|p1a: Vampire|Ceruledge, M, shiny|51\/100|[from] U-turn\n|-damage|p1a: Vampire|26\/100|[from] Stealth Rock\n|\n|upkeep\n|\n|t:|1699383211\n|switch|p2a: Toxapex|Toxapex, M|100\/100\n|turn|14\n|\n|t:|1699383216\n|move|p2a: Toxapex|Baneful Bunker|p2a: Toxapex\n|-singleturn|p2a: Toxapex|move: Protect\n|move|p1a: Vampire|Psycho Cut|p2a: Toxapex\n|-activate|p2a: Toxapex|move: Protect\n|\n|upkeep\n|turn|15\n|inactive|Pipiundkaka has 120 seconds left.\n|\n|t:|1699383229\n|move|p1a: Vampire|Psycho Cut|p2a: Toxapex\n|-supereffective|p2a: Toxapex\n|-damage|p2a: Toxapex|69\/100\n|move|p2a: Toxapex|Toxic Spikes|p1a: Vampire\n|-sidestart|p1: AOriginalUsername|move: Toxic Spikes\n|\n|-heal|p2a: Toxapex|75\/100|[from] item: Black Sludge\n|upkeep\n|turn|16\n|inactive|Pipiundkaka has 120 seconds left.\n|\n|t:|1699383235\n|move|p1a: Vampire|Psycho Cut|p2a: Toxapex\n|-supereffective|p2a: Toxapex\n|-damage|p2a: Toxapex|46\/100\n|move|p2a: Toxapex|Toxic Spikes|p1a: Vampire\n|-sidestart|p1: AOriginalUsername|move: Toxic Spikes\n|\n|-heal|p2a: Toxapex|52\/100|[from] item: Black Sludge\n|upkeep\n|turn|17\n|\n|t:|1699383243\n|move|p1a: Vampire|Psycho Cut|p2a: Toxapex\n|-supereffective|p2a: Toxapex\n|-damage|p2a: Toxapex|21\/100\n|move|p2a: Toxapex|Sludge Bomb|p1a: Vampire\n|-resisted|p1a: Vampire\n|-damage|p1a: Vampire|16\/100\n|\n|-heal|p2a: Toxapex|27\/100|[from] item: Black Sludge\n|upkeep\n|turn|18\n|\n|t:|1699383253\n|switch|p2a: Gholdengo|Gholdengo|100\/100\n|move|p1a: Vampire|Psycho Cut|p2a: Gholdengo\n|-resisted|p2a: Gholdengo\n|-damage|p2a: Gholdengo|87\/100\n|\n|upkeep\n|turn|19\n|\n|t:|1699383261\n|move|p2a: Gholdengo|Shadow Ball|p1a: Vampire\n|-supereffective|p1a: Vampire\n|-damage|p1a: Vampire|0 fnt\n|faint|p1a: Vampire\n|\n|upkeep\n|\n|t:|1699383268\n|switch|p1a: Skull Kid|Ogerpon-Hearthflame, F|47\/100\n|-damage|p1a: Skull Kid|22\/100|[from] Stealth Rock\n|-status|p1a: Skull Kid|tox\n|-ability|p1a: Skull Kid|Mold Breaker\n|turn|20\n|\n|t:|1699383277\n|switch|p2a: Chansey|Chansey, F|100\/100\n|move|p1a: Skull Kid|Play Rough|p2a: Chansey\n|-damage|p2a: Chansey|79\/100\n|\n|-damage|p1a: Skull Kid|16\/100 tox|[from] psn\n|upkeep\n|turn|21\n|\n|t:|1699383286\n|move|p1a: Skull Kid|Horn Leech|p2a: Chansey\n|-damage|p2a: Chansey|52\/100\n|-heal|p1a: Skull Kid|41\/100 tox|[from] drain|[of] p2a: Chansey\n|move|p2a: Chansey|Light Screen|p2a: Chansey\n|-sidestart|p2: Pipiundkaka|move: Light Screen\n|\n|-damage|p1a: Skull Kid|29\/100 tox|[from] psn\n|upkeep\n|turn|22\n|\n|t:|1699383295\n|move|p1a: Skull Kid|Horn Leech|p2a: Chansey\n|-damage|p2a: Chansey|24\/100\n|-heal|p1a: Skull Kid|56\/100 tox|[from] drain|[of] p2a: Chansey\n|move|p2a: Chansey|Drain Punch|p1a: Skull Kid\n|-damage|p1a: Skull Kid|53\/100 tox\n|-heal|p2a: Chansey|25\/100|[from] drain|[of] p1a: Skull Kid\n|\n|-damage|p1a: Skull Kid|35\/100 tox|[from] psn\n|upkeep\n|turn|23\n|\n|t:|1699383308\n|switch|p2a: Gholdengo|Gholdengo|87\/100\n|move|p1a: Skull Kid|Horn Leech|p2a: Gholdengo\n|-resisted|p2a: Gholdengo\n|-damage|p2a: Gholdengo|63\/100\n|-heal|p1a: Skull Kid|45\/100 tox|[from] drain|[of] p2a: Gholdengo\n|\n|-damage|p1a: Skull Kid|21\/100 tox|[from] psn\n|upkeep\n|turn|24\n|\n|t:|1699383322\n|move|p1a: Skull Kid|Ivy Cudgel|p2a: Gholdengo\n|-supereffective|p2a: Gholdengo\n|-damage|p2a: Gholdengo|0 fnt\n|faint|p2a: Gholdengo\n|\n|-damage|p1a: Skull Kid|0 fnt|[from] psn\n|faint|p1a: Skull Kid\n|upkeep\n|\n|t:|1699383329\n|switch|p1a: Mood Swings|Scovillain, M, shiny|44\/100\n|switch|p2a: Toxapex|Toxapex, M|27\/100\n|-damage|p1a: Mood Swings|19\/100|[from] Stealth Rock\n|-status|p1a: Mood Swings|tox\n|turn|25\n|\n|t:|1699383345\n|move|p2a: Toxapex|Baneful Bunker|p2a: Toxapex\n|-singleturn|p2a: Toxapex|move: Protect\n|move|p1a: Mood Swings|Zen Headbutt|p2a: Toxapex\n|-activate|p2a: Toxapex|move: Protect\n|\n|-heal|p1a: Mood Swings|25\/100 tox|[from] item: Leftovers\n|-heal|p2a: Toxapex|33\/100|[from] item: Black Sludge\n|-damage|p1a: Mood Swings|19\/100 tox|[from] psn\n|-sideend|p2: Pipiundkaka|move: Light Screen\n|-ability|p1a: Mood Swings|Moody|boost\n|-boost|p1a: Mood Swings|spe|2\n|-unboost|p1a: Mood Swings|def|1\n|upkeep\n|turn|26\n|inactive|Pipiundkaka has 120 seconds left.\n|\n|t:|1699383384\n|move|p1a: Mood Swings|Zen Headbutt|p2a: Toxapex\n|-supereffective|p2a: Toxapex\n|-damage|p2a: Toxapex|6\/100\n|move|p2a: Toxapex|Substitute|p2a: Toxapex\n|-fail|p2a: Toxapex|move: Substitute|[weak]\n|\n|-heal|p1a: Mood Swings|25\/100 tox|[from] item: Leftovers\n|-heal|p2a: Toxapex|12\/100|[from] item: Black Sludge\n|-damage|p1a: Mood Swings|13\/100 tox|[from] psn\n|-ability|p1a: Mood Swings|Moody|boost\n|-boost|p1a: Mood Swings|spa|2\n|-unboost|p1a: Mood Swings|atk|1\n|upkeep\n|turn|27\n|inactive|Pipiundkaka has 120 seconds left.\n|\n|t:|1699383399\n|move|p2a: Toxapex|Baneful Bunker|p2a: Toxapex\n|-singleturn|p2a: Toxapex|move: Protect\n|move|p1a: Mood Swings|Zen Headbutt|p2a: Toxapex\n|-activate|p2a: Toxapex|move: Protect\n|\n|-heal|p1a: Mood Swings|19\/100 tox|[from] item: Leftovers\n|-heal|p2a: Toxapex|18\/100|[from] item: Black Sludge\n|-damage|p1a: Mood Swings|1\/100 tox|[from] psn\n|-ability|p1a: Mood Swings|Moody|boost\n|-boost|p1a: Mood Swings|def|2\n|-unboost|p1a: Mood Swings|atk|1\n|upkeep\n|turn|28\n|inactive|Pipiundkaka has 120 seconds left.\n|\n|t:|1699383411\n|move|p2a: Toxapex|Baneful Bunker|p2a: Toxapex\n|-singleturn|p2a: Toxapex|move: Protect\n|move|p1a: Mood Swings|Zen Headbutt|p2a: Toxapex\n|-activate|p2a: Toxapex|move: Protect\n|\n|-heal|p1a: Mood Swings|7\/100 tox|[from] item: Leftovers\n|-heal|p2a: Toxapex|24\/100|[from] item: Black Sludge\n|-damage|p1a: Mood Swings|0 fnt|[from] psn\n|faint|p1a: Mood Swings\n|upkeep\n|\n|t:|1699383421\n|switch|p1a: Sad Badger|Typhlosion-Hisui, F, shiny|76\/100\n|-damage|p1a: Sad Badger|51\/100|[from] Stealth Rock\n|-status|p1a: Sad Badger|tox\n|-item|p2a: Toxapex|Black Sludge|[from] ability: Frisk|[of] p1a: Sad Badger|[identify]\n|turn|29\n|\n|t:|1699383438\n|move|p1a: Sad Badger|Poltergeist|p2a: Toxapex\n|-activate|p2a: Toxapex|move: Poltergeist|Black Sludge\n|-damage|p2a: Toxapex|4\/100\n|move|p2a: Toxapex|Sludge Bomb|p1a: Sad Badger\n|-resisted|p1a: Sad Badger\n|-crit|p1a: Sad Badger\n|-damage|p1a: Sad Badger|32\/100 tox\n|\n|-heal|p2a: Toxapex|10\/100|[from] item: Black Sludge\n|-damage|p1a: Sad Badger|26\/100 tox|[from] psn\n|upkeep\n|turn|30\n|inactive|Pipiundkaka has 120 seconds left.\n|\n|t:|1699383454\n|move|p2a: Toxapex|Baneful Bunker|p2a: Toxapex\n|-singleturn|p2a: Toxapex|move: Protect\n|move|p1a: Sad Badger|Infernal Parade|p2a: Toxapex\n|-activate|p2a: Toxapex|move: Protect\n|\n|-heal|p2a: Toxapex|16\/100|[from] item: Black Sludge\n|-damage|p1a: Sad Badger|13\/100 tox|[from] psn\n|upkeep\n|turn|31\n|inactive|AOriginalUsername has 120 seconds left.\n|\n|t:|1699383469\n|move|p1a: Sad Badger|Poltergeist|p2a: Toxapex\n|-activate|p2a: Toxapex|move: Poltergeist|Black Sludge\n|-damage|p2a: Toxapex|0 fnt\n|faint|p2a: Toxapex\n|\n|-damage|p1a: Sad Badger|0 fnt|[from] psn\n|faint|p1a: Sad Badger\n|upkeep\n|inactive|AOriginalUsername has 120 seconds left.\n|\n|t:|1699383480\n|switch|p1a: Singer|Skeledirge, M, shiny|76\/100\n|switch|p2a: Chansey|Chansey, F|25\/100\n|-damage|p1a: Singer|51\/100|[from] Stealth Rock\n|-status|p1a: Singer|tox\n|turn|32\n|inactive|AOriginalUsername has 120 seconds left.\n|\n|t:|1699383490\n|move|p1a: Singer|Torch Song|p2a: Chansey\n|-damage|p2a: Chansey|13\/100\n|-boost|p1a: Singer|spa|1\n|-enditem|p1a: Singer|Throat Spray\n|-boost|p1a: Singer|spa|1|[from] item: Throat Spray\n|move|p2a: Chansey|Light Screen|p2a: Chansey\n|-sidestart|p2: Pipiundkaka|move: Light Screen\n|\n|-damage|p1a: Singer|45\/100 tox|[from] psn\n|upkeep\n|turn|33\n|\n|t:|1699383500\n|move|p1a: Singer|Torch Song|p2a: Chansey\n|-damage|p2a: Chansey|2\/100\n|-boost|p1a: Singer|spa|1\n|move|p2a: Chansey|Healing Wish|p2a: Chansey\n|faint|p2a: Chansey\n|\n|-damage|p1a: Singer|33\/100 tox|[from] psn\n|upkeep\n|\n|t:|1699383508\n|switch|p2a: Houndstone|Houndstone, F|100\/100\n|turn|34\n|\n|t:|1699383518\n|move|p2a: Houndstone|Last Respects|p1a: Singer\n|-supereffective|p1a: Singer\n|-damage|p1a: Singer|0 fnt\n|faint|p1a: Singer\n|-damage|p2a: Houndstone|91\/100|[from] item: Life Orb\n|\n|win|Pipiundkaka\n|raw|AOriginalUsername's rating: 1093 &rarr; <strong>1072<\/strong><br \/>(-21 for losing)\n|raw|Pipiundkaka's rating: 1134 &rarr; <strong>1156<\/strong><br \/>(+22 for winning)\n|c|\u2606AOriginalUsername|gg\n|l|\u2606AOriginalUsername\n|c|\u2606Pipiundkaka|Gg\n","uploadtime":1699383528,"views":6,"p1id":"aoriginalusername","p2id":"pipiundkaka","formatid":"gen9anythinggoes","rating":1072,"private":0,"password":""}