{"id":"gen9anythinggoes-1993184018","p1":"sml.lmao","p2":"giovannichavez","format":"[Gen 9] Anything Goes","log":"|j|\u2606sml.lmao\n|j|\u2606giovannichavez\n|t:|1700275092\n|gametype|singles\n|player|p1|sml.lmao|chase|\n|player|p2|giovannichavez|unknown|\n|teamsize|p1|6\n|teamsize|p2|6\n|gen|9\n|tier|[Gen 9] Anything Goes\n|rule|HP Percentage Mod: HP is shown in percentages\n|rule|Endless Battle Clause: Forcing endless battles is banned\n|clearpoke\n|poke|p1|Pikachu, L88, M|\n|poke|p1|Meowscarada, L81, F|\n|poke|p1|Lucario, L85, M|\n|poke|p1|Lycanroc-Dusk, L86, F|\n|poke|p1|Palafin, L78, M|\n|poke|p1|Armarouge, L78, M|\n|poke|p2|Skeledirge, L76, F|\n|poke|p2|Iron Thorns|\n|poke|p2|Garchomp, L73, F|\n|poke|p2|Gumshoos, F|\n|poke|p2|Arceus|\n|poke|p2|Typhlosion-Hisui, M|\n|teampreview\n|c|\u2606giovannichavez|feeling lucky\n|c|\u2606giovannichavez|PUNK\n|c|\u2606giovannichavez|Allow me to humble you.\n|c|\u2606giovannichavez|And take you to\n|c|\u2606giovannichavez|GOD\n|c|\u2606sml.lmao|BACK\n|c|\u2606giovannichavez|but first\n|c|\u2606giovannichavez|PLAY TIME\n|c|\u2606sml.lmao|bruh\\\n|c|\u2606sml.lmao|wtf\n|c|\u2606sml.lmao|u cant use arcues\n|c|\u2606giovannichavez|what i said STRONGEST TEAM\n|c|\u2606sml.lmao|know what fine\n|c|\u2606sml.lmao|idc\n|l|\u2606sml.lmao\n|player|p1|\n|c|\u2606giovannichavez|NAW\n|j|\u2606sml.lmao\n|player|p1|sml.lmao|chase\n|c|\u2606sml.lmao|misclick\n|c|\u2606sml.lmao|sry\n|c|\u2606sml.lmao|back\n|\n|t:|1700275265\n|start\n|switch|p1a: Armarouge|Armarouge, L78, M|100\/100\n|switch|p2a: Typhlosion|Typhlosion-Hisui, M|100\/100\n|-item|p1a: Armarouge|Aguav Berry|[from] ability: Frisk|[of] p2a: Typhlosion|[identify]\n|turn|1\n|c|\u2606giovannichavez|oh i was going crazy\n|\n|t:|1700275276\n|move|p2a: Typhlosion|Thunder Punch|p1a: Armarouge\n|-damage|p1a: Armarouge|80\/100\n|move|p1a: Armarouge|Iron Defense|p1a: Armarouge\n|-boost|p1a: Armarouge|def|2\n|\n|upkeep\n|turn|2\n|\n|t:|1700275282\n|move|p2a: Typhlosion|Inferno|p1a: Armarouge\n|-start|p1a: Armarouge|ability: Flash Fire\n|move|p1a: Armarouge|Iron Defense|p1a: Armarouge\n|-boost|p1a: Armarouge|def|2\n|\n|upkeep\n|turn|3\n|\n|t:|1700275289\n|move|p2a: Typhlosion|Infernal Parade|p1a: Armarouge\n|-supereffective|p1a: Armarouge\n|-damage|p1a: Armarouge|0 fnt\n|faint|p1a: Armarouge\n|\n|upkeep\n|\n|t:|1700275295\n|switch|p1a: Palafin|Palafin, L78, M|100\/100\n|turn|4\n|c|\u2606giovannichavez|just playing\n|\n|t:|1700275300\n|move|p2a: Typhlosion|Thunder Punch|p1a: Palafin\n|-supereffective|p1a: Palafin\n|-damage|p1a: Palafin|42\/100\n|move|p1a: Palafin|Flip Turn|p2a: Typhlosion\n|-supereffective|p2a: Typhlosion\n|-damage|p2a: Typhlosion|45\/100\n|\n|t:|1700275306\n|detailschange|p1a: Palafin|Palafin-Hero, L78, M\n|switch|p1a: Lycanroc|Lycanroc-Dusk, L86, F|100\/100|[from] Flip Turn\n|\n|upkeep\n|turn|5\n|\n|t:|1700275314\n|move|p1a: Lycanroc|Accelerock|p2a: Typhlosion\n|-supereffective|p2a: Typhlosion\n|-damage|p2a: Typhlosion|0 fnt\n|faint|p2a: Typhlosion\n|\n|upkeep\n|\n|t:|1700275318\n|switch|p2a: Gumshoos|Gumshoos, F, shiny|100\/100\n|turn|6\n|c|\u2606giovannichavez|nice\n|c|\u2606giovannichavez|you killed the WEAKEST ONE\n|c|\u2606giovannichavez|MY SHINY GUMSHOOS WILL BEAT YOU\n|c|\u2606giovannichavez|THEN GOD WILL GREET YOU\n|c|\u2606sml.lmao|NAH\n|c|\u2606giovannichavez|wdym\n|c|\u2606sml.lmao|lvl 100\n|c|\u2606sml.lmao|huh\n|c|\u2606sml.lmao|wanna play laike that huh\n|c|\u2606sml.lmao|well there something you dont know\n|c|\u2606giovannichavez|i told you hes a master\n|c|\u2606giovannichavez|you see the way he stans\n|c|\u2606giovannichavez|stands\n|c|\u2606sml.lmao|remeber after this its our strongest vs strongest\n|\n|t:|1700275437\n|move|p1a: Lycanroc|Close Combat|p2a: Gumshoos\n|-supereffective|p2a: Gumshoos\n|-damage|p2a: Gumshoos|0 fnt\n|-unboost|p1a: Lycanroc|def|1\n|-unboost|p1a: Lycanroc|spd|1\n|faint|p2a: Gumshoos\n|\n|upkeep\n|c|\u2606sml.lmao|MASTER HUH\n|\n|t:|1700275444\n|switch|p2a: Arceus|Arceus|100\/100\n|turn|7\n|\n|t:|1700275453\n|switch|p1a: Meowscarada|Meowscarada, L81, F|100\/100\n|move|p2a: Arceus|Judgment|p1a: Meowscarada\n|-damage|p1a: Meowscarada|0 fnt\n|faint|p1a: Meowscarada\n|\n|upkeep\n|\n|t:|1700275455\n|switch|p1a: Lycanroc|Lycanroc-Dusk, L86, F|100\/100\n|turn|8\n|\n|t:|1700275459\n|move|p2a: Arceus|Judgment|p1a: Lycanroc\n|-resisted|p1a: Lycanroc\n|-damage|p1a: Lycanroc|38\/100\n|move|p1a: Lycanroc|Close Combat|p2a: Arceus\n|-supereffective|p2a: Arceus\n|-damage|p2a: Arceus|40\/100\n|-unboost|p1a: Lycanroc|def|1\n|-unboost|p1a: Lycanroc|spd|1\n|\n|upkeep\n|turn|9\n|\n|t:|1700275466\n|move|p1a: Lycanroc|Accelerock|p2a: Arceus\n|-damage|p2a: Arceus|21\/100\n|move|p2a: Arceus|Judgment|p1a: Lycanroc\n|-resisted|p1a: Lycanroc\n|-damage|p1a: Lycanroc|0 fnt\n|faint|p1a: Lycanroc\n|\n|upkeep\n|\n|t:|1700275469\n|switch|p1a: Lucario|Lucario, L85, M|100\/100\n|turn|10\n|\n|t:|1700275473\n|move|p2a: Arceus|Recover|p2a: Arceus\n|-heal|p2a: Arceus|71\/100\n|move|p1a: Lucario|Close Combat|p2a: Arceus\n|-supereffective|p2a: Arceus\n|-damage|p2a: Arceus|1\/100\n|-unboost|p1a: Lucario|def|1\n|-unboost|p1a: Lucario|spd|1\n|\n|upkeep\n|turn|11\n|\n|t:|1700275481\n|switch|p2a: Skeledirge|Skeledirge, L76, F|100\/100\n|move|p1a: Lucario|Bullet Punch|p2a: Skeledirge\n|-resisted|p2a: Skeledirge\n|-damage|p2a: Skeledirge|88\/100\n|\n|upkeep\n|turn|12\n|c|\u2606sml.lmao|DIE\n|c|\u2606giovannichavez|L\n|c|\u2606sml.lmao|NAH\n|c|\u2606sml.lmao|NAH NAH\n|c|\u2606sml.lmao|BRO HAD TO SWITCH ARCUES\n|c|\u2606sml.lmao|SEND HIM BACK NOW\n|\n|t:|1700275505\n|switch|p1a: Pikachu|Pikachu, L88, M|100\/100\n|move|p2a: Skeledirge|Torch Song|p1a: Pikachu\n|-damage|p1a: Pikachu|23\/100\n|-boost|p2a: Skeledirge|spa|1\n|\n|upkeep\n|turn|13\n|c|\u2606sml.lmao|PIKACHU\n|c|\u2606giovannichavez|yeah god dont got to play with you\n|\n|t:|1700275521\n|move|p1a: Pikachu|Fly||[still]\n|-prepare|p1a: Pikachu|Fly\n|move|p2a: Skeledirge|Torch Song|p1a: Pikachu|[miss]\n|-miss|p2a: Skeledirge|p1a: Pikachu\n|\n|upkeep\n|turn|14\n|c|\u2606sml.lmao|FLY\n|\n|t:|1700275527\n|move|p1a: Pikachu|Fly|p2a: Skeledirge|[from]lockedmove\n|-damage|p2a: Skeledirge|57\/100\n|move|p2a: Skeledirge|Torch Song|p1a: Pikachu\n|-damage|p1a: Pikachu|0 fnt\n|-boost|p2a: Skeledirge|spa|1\n|faint|p1a: Pikachu\n|\n|upkeep\n|\n|t:|1700275530\n|switch|p1a: Palafin|Palafin-Hero, L78, M|42\/100\n|-activate|p1a: Palafin|ability: Zero to Hero\n|turn|15\n|\n|t:|1700275535\n|-terastallize|p1a: Palafin|Water\n|move|p1a: Palafin|Jet Punch|p2a: Skeledirge\n|-supereffective|p2a: Skeledirge\n|-damage|p2a: Skeledirge|0 fnt\n|faint|p2a: Skeledirge\n|\n|upkeep\n|c|\u2606sml.lmao|NOW DIE\n|c|\u2606sml.lmao|WHOS NEXT\n|\n|t:|1700275547\n|switch|p2a: Garchomp|Garchomp, L73, F|100\/100\n|turn|16\n|c|\u2606sml.lmao|HUH\n|\n|t:|1700275551\n|-terastallize|p2a: Garchomp|Dragon\n|move|p1a: Palafin|Ice Punch|p2a: Garchomp\n|-supereffective|p2a: Garchomp\n|-damage|p2a: Garchomp|38\/100\n|move|p2a: Garchomp|Bulldoze|p1a: Palafin\n|-damage|p1a: Palafin|14\/100\n|-unboost|p1a: Palafin|spe|1\n|\n|upkeep\n|turn|17\n|\n|t:|1700275559\n|move|p1a: Palafin|Jet Punch|p2a: Garchomp\n|-resisted|p2a: Garchomp\n|-damage|p2a: Garchomp|7\/100\n|move|p2a: Garchomp|Slash|p1a: Palafin\n|-crit|p1a: Palafin\n|-damage|p1a: Palafin|0 fnt\n|faint|p1a: Palafin\n|\n|upkeep\n|\n|t:|1700275562\n|switch|p1a: Lucario|Lucario, L85, M|100\/100\n|turn|18\n|\n|t:|1700275565\n|move|p1a: Lucario|Bullet Punch|p2a: Garchomp\n|-damage|p2a: Garchomp|0 fnt\n|faint|p2a: Garchomp\n|\n|upkeep\n|\n|t:|1700275567\n|switch|p2a: Iron Thorns|Iron Thorns|100\/100\n|turn|19\n|c|\u2606sml.lmao|BULLET PUNCH\n|\n|t:|1700275572\n|move|p1a: Lucario|Close Combat|p2a: Iron Thorns\n|-supereffective|p2a: Iron Thorns\n|-damage|p2a: Iron Thorns|30\/100\n|-unboost|p1a: Lucario|def|1\n|-unboost|p1a: Lucario|spd|1\n|move|p2a: Iron Thorns|Rock Slide|p1a: Lucario\n|-resisted|p1a: Lucario\n|-damage|p1a: Lucario|61\/100\n|\n|upkeep\n|turn|20\n|c|\u2606sml.lmao|NAH\n|c|\u2606sml.lmao|NAH\n|c|\u2606sml.lmao|IM BOUT TO WIN\n|c|\u2606sml.lmao|AINT NO WAY\n|inactive|Battle timer is ON: inactive players will automatically lose when time's up. (requested by sml.lmao)\n|c|\u2606giovannichavez|gtg my mom home\n|c|\u2606sml.lmao|DONT TRY AND STALL\n|c|\u2606sml.lmao|NAH BROS RUNNING\n|c|\u2606sml.lmao|CRAZY\n|-message|giovannichavez forfeited.\n|\n|win|sml.lmao\n|l|\u2606giovannichavez\n|c|\u2606sml.lmao|HE KNOWS HE LOST\n|c|\u2606sml.lmao|NAHHHHHHHHHH\n|c|\u2606sml.lmao|LLLLLL\n","uploadtime":1700275703,"views":5,"p1id":"smllmao","p2id":"giovannichavez","formatid":"gen9anythinggoes","rating":0,"private":0,"password":""}