{"id":"gen9anythinggoes-1993778208","p1":"Srtdeiji","p2":"LingLing007","format":"[Gen 9] Anything Goes","log":"|j|\u2606Srtdeiji\n|j|\u2606LingLing007\n|t:|1700356127\n|gametype|singles\n|player|p1|Srtdeiji|101|1311\n|player|p2|LingLing007|proton|1285\n|teamsize|p1|6\n|teamsize|p2|6\n|gen|9\n|tier|[Gen 9] Anything Goes\n|rated|\n|rule|HP Percentage Mod: HP is shown in percentages\n|rule|Endless Battle Clause: Forcing endless battles is banned\n|clearpoke\n|poke|p1|Grimmsnarl, M|\n|poke|p1|Kilowattrel, M|\n|poke|p1|Meloetta|\n|poke|p1|Darkrai|\n|poke|p1|Dialga-Origin|\n|poke|p1|Calyrex-Shadow|\n|poke|p2|Ting-Lu|\n|poke|p2|Meowscarada, M|\n|poke|p2|Roaring Moon|\n|poke|p2|Grimmsnarl, M|\n|poke|p2|Hydreigon, M|\n|poke|p2|Mandibuzz, F|\n|teampreview\n|inactive|Battle timer is ON: inactive players will automatically lose when time's up. (requested by Srtdeiji)\n|\n|t:|1700356151\n|start\n|switch|p1a: Grimmsnarl|Grimmsnarl, M|100\/100\n|switch|p2a: Grimmsnarl|Grimmsnarl, M|100\/100\n|turn|1\n|\n|t:|1700356156\n|move|p2a: Grimmsnarl|Reflect|p2a: Grimmsnarl\n|-sidestart|p2: LingLing007|Reflect\n|move|p1a: Grimmsnarl|Light Screen|p1a: Grimmsnarl\n|-sidestart|p1: Srtdeiji|move: Light Screen\n|\n|upkeep\n|turn|2\n|\n|t:|1700356161\n|move|p2a: Grimmsnarl|Light Screen|p2a: Grimmsnarl\n|-sidestart|p2: LingLing007|move: Light Screen\n|move|p1a: Grimmsnarl|Reflect|p1a: Grimmsnarl\n|-sidestart|p1: Srtdeiji|Reflect\n|\n|upkeep\n|turn|3\n|inactive|Srtdeiji has 120 seconds left.\n|\n|t:|1700356205\n|switch|p2a: Ting-Lu|Ting-Lu|100\/100\n|-ability|p2a: Ting-Lu|Vessel of Ruin\n|move|p1a: Grimmsnarl|Metronome|p1a: Grimmsnarl\n|move|p1a: Grimmsnarl|Judgment|p2a: Ting-Lu|[from]move: Metronome\n|-hint|Since gen 7, Dark is immune to Prankster moves.\n|-immune|p2a: Ting-Lu\n|\n|upkeep\n|turn|4\n|\n|t:|1700356218\n|move|p1a: Grimmsnarl|Metronome|p1a: Grimmsnarl\n|move|p1a: Grimmsnarl|Last Resort||[from]move: Metronome|[still]\n|-fail|p1a: Grimmsnarl\n|move|p2a: Ting-Lu|Stealth Rock|p1a: Grimmsnarl\n|-sidestart|p1: Srtdeiji|move: Stealth Rock\n|\n|upkeep\n|turn|5\n|\n|t:|1700356224\n|move|p1a: Grimmsnarl|Metronome|p1a: Grimmsnarl\n|move|p1a: Grimmsnarl|Sandsear Storm|p2a: Ting-Lu|[from]move: Metronome\n|-hint|Since gen 7, Dark is immune to Prankster moves.\n|-immune|p2a: Ting-Lu\n|move|p2a: Ting-Lu|Spikes|p1a: Grimmsnarl\n|-sidestart|p1: Srtdeiji|Spikes\n|\n|upkeep\n|turn|6\n|\n|t:|1700356227\n|move|p1a: Grimmsnarl|Metronome|p1a: Grimmsnarl\n|move|p1a: Grimmsnarl|Cross Poison|p2a: Ting-Lu|[from]move: Metronome\n|-hint|Since gen 7, Dark is immune to Prankster moves.\n|-immune|p2a: Ting-Lu\n|move|p2a: Ting-Lu|Spikes|p1a: Grimmsnarl\n|-sidestart|p1: Srtdeiji|Spikes\n|\n|upkeep\n|turn|7\n|\n|t:|1700356234\n|move|p1a: Grimmsnarl|Metronome|p1a: Grimmsnarl\n|move|p1a: Grimmsnarl|Muddy Water|p2a: Ting-Lu|[from]move: Metronome\n|-hint|Since gen 7, Dark is immune to Prankster moves.\n|-immune|p2a: Ting-Lu\n|move|p2a: Ting-Lu|Spikes|p1a: Grimmsnarl\n|-sidestart|p1: Srtdeiji|Spikes\n|\n|upkeep\n|turn|8\n|\n|t:|1700356236\n|move|p1a: Grimmsnarl|Metronome|p1a: Grimmsnarl\n|move|p1a: Grimmsnarl|Esper Wing|p2a: Ting-Lu|[from]move: Metronome\n|-immune|p2a: Ting-Lu\n|move|p2a: Ting-Lu|Whirlwind|p1a: Grimmsnarl\n|drag|p1a: Dialga|Dialga-Origin|100\/100\n|-damage|p1a: Dialga|94\/100|[from] Stealth Rock\n|-damage|p1a: Dialga|69\/100|[from] Spikes\n|-ability|p1a: Dialga|Pressure\n|\n|-sideend|p2: LingLing007|Reflect\n|-sideend|p1: Srtdeiji|move: Light Screen\n|upkeep\n|turn|9\n|\n|t:|1700356242\n|move|p1a: Dialga|Gravity|p1a: Dialga\n|-fieldstart|move: Gravity\n|move|p2a: Ting-Lu|Whirlwind|p1a: Dialga\n|drag|p1a: Grimmsnarl|Grimmsnarl, M|100\/100\n|-damage|p1a: Grimmsnarl|88\/100|[from] Stealth Rock\n|-damage|p1a: Grimmsnarl|63\/100|[from] Spikes\n|\n|-sideend|p1: Srtdeiji|Reflect\n|-sideend|p2: LingLing007|move: Light Screen\n|upkeep\n|turn|10\n|\n|t:|1700356245\n|move|p1a: Grimmsnarl|Light Screen|p1a: Grimmsnarl\n|-sidestart|p1: Srtdeiji|move: Light Screen\n|move|p2a: Ting-Lu|Whirlwind|p1a: Grimmsnarl\n|drag|p1a: Meloetta|Meloetta|100\/100\n|-damage|p1a: Meloetta|88\/100|[from] Stealth Rock\n|-damage|p1a: Meloetta|63\/100|[from] Spikes\n|\n|-heal|p1a: Meloetta|69\/100|[from] item: Leftovers\n|upkeep\n|turn|11\n|\n|t:|1700356248\n|move|p1a: Meloetta|Close Combat|p2a: Ting-Lu\n|-supereffective|p2a: Ting-Lu\n|-damage|p2a: Ting-Lu|76\/100\n|-unboost|p1a: Meloetta|def|1\n|-unboost|p1a: Meloetta|spd|1\n|move|p2a: Ting-Lu|Whirlwind|p1a: Meloetta\n|drag|p1a: Darkrai|Darkrai|100\/100\n|-damage|p1a: Darkrai|88\/100|[from] Stealth Rock\n|-damage|p1a: Darkrai|63\/100|[from] Spikes\n|\n|-heal|p1a: Darkrai|69\/100|[from] item: Leftovers\n|-heal|p2a: Ting-Lu|83\/100|[from] item: Leftovers\n|upkeep\n|turn|12\n|\n|t:|1700356252\n|move|p1a: Darkrai|Ice Beam|p2a: Ting-Lu\n|-supereffective|p2a: Ting-Lu\n|-damage|p2a: Ting-Lu|56\/100\n|move|p2a: Ting-Lu|Whirlwind|p1a: Darkrai\n|drag|p1a: Kilowattrel|Kilowattrel, M|100\/100\n|-damage|p1a: Kilowattrel|76\/100|[from] Stealth Rock\n|-damage|p1a: Kilowattrel|51\/100|[from] Spikes\n|\n|-heal|p2a: Ting-Lu|62\/100|[from] item: Leftovers\n|upkeep\n|turn|13\n|\n|t:|1700356254\n|move|p1a: Kilowattrel|Air Slash|p2a: Ting-Lu\n|-damage|p2a: Ting-Lu|49\/100\n|cant|p2a: Ting-Lu|flinch\n|\n|-heal|p2a: Ting-Lu|55\/100|[from] item: Leftovers\n|-fieldend|move: Gravity\n|upkeep\n|turn|14\n|\n|t:|1700356258\n|move|p1a: Kilowattrel|Tailwind|p1a: Kilowattrel\n|-sidestart|p1: Srtdeiji|move: Tailwind\n|-start|p1a: Kilowattrel|Charge|Tailwind|[from] ability: Wind Power\n|move|p2a: Ting-Lu|Whirlwind|p1a: Kilowattrel\n|drag|p1a: Dialga|Dialga-Origin|69\/100\n|-damage|p1a: Dialga|63\/100|[from] Stealth Rock\n|-damage|p1a: Dialga|38\/100|[from] Spikes\n|-ability|p1a: Dialga|Pressure\n|\n|-heal|p2a: Ting-Lu|61\/100|[from] item: Leftovers\n|upkeep\n|turn|15\n|\n|t:|1700356262\n|move|p1a: Dialga|Roar of Time|p2a: Ting-Lu\n|-damage|p2a: Ting-Lu|18\/100\n|-mustrecharge|p1a: Dialga\n|move|p2a: Ting-Lu|Whirlwind|p1a: Dialga\n|drag|p1a: Grimmsnarl|Grimmsnarl, M|63\/100\n|-damage|p1a: Grimmsnarl|51\/100|[from] Stealth Rock\n|-damage|p1a: Grimmsnarl|26\/100|[from] Spikes\n|\n|-heal|p2a: Ting-Lu|24\/100|[from] item: Leftovers\n|upkeep\n|turn|16\n|\n|t:|1700356267\n|move|p1a: Grimmsnarl|Reflect|p1a: Grimmsnarl\n|-sidestart|p1: Srtdeiji|Reflect\n|move|p2a: Ting-Lu|Whirlwind|p1a: Grimmsnarl\n|drag|p1a: Meloetta|Meloetta|69\/100\n|-damage|p1a: Meloetta|57\/100|[from] Stealth Rock\n|-damage|p1a: Meloetta|32\/100|[from] Spikes\n|\n|-heal|p1a: Meloetta|38\/100|[from] item: Leftovers\n|-heal|p2a: Ting-Lu|30\/100|[from] item: Leftovers\n|upkeep\n|turn|17\n|\n|t:|1700356272\n|move|p1a: Meloetta|Close Combat|p2a: Ting-Lu\n|-supereffective|p2a: Ting-Lu\n|-damage|p2a: Ting-Lu|6\/100\n|-unboost|p1a: Meloetta|def|1\n|-unboost|p1a: Meloetta|spd|1\n|move|p2a: Ting-Lu|Whirlwind|p1a: Meloetta\n|drag|p1a: Calyrex|Calyrex-Shadow|100\/100\n|-ability|p1a: Calyrex|As One\n|-ability|p1a: Calyrex|Unnerve\n|-damage|p1a: Calyrex|88\/100|[from] Stealth Rock\n|-damage|p1a: Calyrex|63\/100|[from] Spikes\n|\n|-heal|p2a: Ting-Lu|13\/100|[from] item: Leftovers\n|-sideend|p1: Srtdeiji|move: Light Screen\n|-sideend|p1: Srtdeiji|move: Tailwind\n|upkeep\n|turn|18\n|\n|t:|1700356286\n|move|p1a: Calyrex|Pollen Puff|p2a: Ting-Lu\n|-supereffective|p2a: Ting-Lu\n|-damage|p2a: Ting-Lu|0 fnt\n|faint|p2a: Ting-Lu\n|-ability|p1a: Calyrex|Grim Neigh|boost\n|-boost|p1a: Calyrex|spa|1\n|\n|upkeep\n|\n|t:|1700356290\n|switch|p2a: Grimmsnarl|Grimmsnarl, M|100\/100\n|turn|19\n|\n|t:|1700356296\n|move|p2a: Grimmsnarl|Light Screen|p2a: Grimmsnarl\n|-sidestart|p2: LingLing007|move: Light Screen\n|move|p1a: Calyrex|Giga Drain|p2a: Grimmsnarl\n|-damage|p2a: Grimmsnarl|83\/100\n|-heal|p1a: Calyrex|74\/100|[from] drain|[of] p2a: Grimmsnarl\n|\n|upkeep\n|turn|20\n|\n|t:|1700356299\n|move|p2a: Grimmsnarl|Parting Shot|p1a: Calyrex\n|-unboost|p1a: Calyrex|atk|1\n|-unboost|p1a: Calyrex|spa|1\n|\n|t:|1700356302\n|switch|p2a: Roaring Moon|Roaring Moon|100\/100|[from] Parting Shot\n|-enditem|p2a: Roaring Moon|Booster Energy\n|-activate|p2a: Roaring Moon|ability: Protosynthesis|[fromitem]\n|-start|p2a: Roaring Moon|protosynthesisatk\n|move|p1a: Calyrex|Astral Barrage|p2a: Roaring Moon\n|-resisted|p2a: Roaring Moon\n|-damage|p2a: Roaring Moon|82\/100\n|\n|upkeep\n|turn|21\n|\n|t:|1700356307\n|move|p1a: Calyrex|Pollen Puff|p2a: Roaring Moon\n|-supereffective|p2a: Roaring Moon\n|-damage|p2a: Roaring Moon|44\/100\n|move|p2a: Roaring Moon|Dragon Dance|p2a: Roaring Moon\n|-boost|p2a: Roaring Moon|atk|1\n|-boost|p2a: Roaring Moon|spe|1\n|\n|upkeep\n|turn|22\n|\n|t:|1700356319\n|switch|p1a: Grimmsnarl|Grimmsnarl, M|26\/100\n|-damage|p1a: Grimmsnarl|13\/100|[from] Stealth Rock\n|-damage|p1a: Grimmsnarl|0 fnt|[from] Spikes\n|faint|p1a: Grimmsnarl\n|-terastallize|p2a: Roaring Moon|Flying\n|move|p2a: Roaring Moon|Dragon Dance|p2a: Roaring Moon\n|-boost|p2a: Roaring Moon|atk|1\n|-boost|p2a: Roaring Moon|spe|1\n|\n|upkeep\n|\n|t:|1700356324\n|switch|p1a: Kilowattrel|Kilowattrel, M|51\/100\n|-damage|p1a: Kilowattrel|26\/100|[from] Stealth Rock\n|turn|23\n|\n|t:|1700356326\n|move|p2a: Roaring Moon|Knock Off|p1a: Kilowattrel\n|-damage|p1a: Kilowattrel|0 fnt\n|-enditem|p1a: Kilowattrel|Aguav Berry|[from] move: Knock Off|[of] p2a: Roaring Moon\n|faint|p1a: Kilowattrel\n|\n|-sideend|p1: Srtdeiji|Reflect\n|upkeep\n|\n|t:|1700356330\n|switch|p1a: Meloetta|Meloetta|38\/100\n|-damage|p1a: Meloetta|26\/100|[from] Stealth Rock\n|-damage|p1a: Meloetta|1\/100|[from] Spikes\n|turn|24\n|\n|t:|1700356333\n|move|p2a: Roaring Moon|Acrobatics|p1a: Meloetta\n|-damage|p1a: Meloetta|0 fnt\n|faint|p1a: Meloetta\n|\n|upkeep\n|\n|t:|1700356335\n|switch|p1a: Dialga|Dialga-Origin|38\/100\n|-damage|p1a: Dialga|32\/100|[from] Stealth Rock\n|-damage|p1a: Dialga|7\/100|[from] Spikes\n|-ability|p1a: Dialga|Pressure\n|turn|25\n|\n|t:|1700356339\n|move|p2a: Roaring Moon|Knock Off|p1a: Dialga\n|-damage|p1a: Dialga|0 fnt\n|faint|p1a: Dialga\n|\n|upkeep\n|\n|t:|1700356342\n|switch|p1a: Darkrai|Darkrai|69\/100\n|-damage|p1a: Darkrai|57\/100|[from] Stealth Rock\n|-damage|p1a: Darkrai|32\/100|[from] Spikes\n|turn|26\n|\n|t:|1700356345\n|move|p2a: Roaring Moon|Acrobatics|p1a: Darkrai\n|-damage|p1a: Darkrai|0 fnt\n|faint|p1a: Darkrai\n|\n|-sideend|p2: LingLing007|move: Light Screen\n|upkeep\n|\n|t:|1700356347\n|switch|p1a: Calyrex|Calyrex-Shadow|74\/100\n|-ability|p1a: Calyrex|As One\n|-ability|p1a: Calyrex|Unnerve\n|-damage|p1a: Calyrex|61\/100|[from] Stealth Rock\n|-damage|p1a: Calyrex|36\/100|[from] Spikes\n|turn|27\n|\n|t:|1700356350\n|-terastallize|p1a: Calyrex|Normal\n|move|p2a: Roaring Moon|Knock Off|p1a: Calyrex\n|-damage|p1a: Calyrex|0 fnt\n|-enditem|p1a: Calyrex|Assault Vest|[from] move: Knock Off|[of] p2a: Roaring Moon\n|faint|p1a: Calyrex\n|\n|win|LingLing007\n|raw|Srtdeiji's rating: 1311 &rarr; <strong>1290<\/strong><br \/>(-21 for losing)\n|raw|LingLing007's rating: 1285 &rarr; <strong>1312<\/strong><br \/>(+27 for winning)\n|l|\u2606Srtdeiji\n|c|\u2606LingLing007|gg\n","uploadtime":1700356355,"views":3,"p1id":"srtdeiji","p2id":"lingling007","formatid":"gen9anythinggoes","rating":1290,"private":0,"password":""}