{"id":"gen9anythinggoes-1981878130","p1":"XIVTemperance","p2":"haveanicedayfriend","format":"[Gen 9] Anything Goes","log":"|j|\u2606XIVTemperance\n|j|\u2606haveanicedayfriend\n|t:|1698948467\n|gametype|singles\n|player|p1|XIVTemperance|serena-masters3|\n|player|p2|haveanicedayfriend|1|\n|teamsize|p1|6\n|teamsize|p2|6\n|gen|9\n|tier|[Gen 9] Anything Goes\n|rule|HP Percentage Mod: HP is shown in percentages\n|rule|Endless Battle Clause: Forcing endless battles is banned\n|clearpoke\n|poke|p1|Rillaboom, M|\n|poke|p1|Dondozo, F|\n|poke|p1|Skeledirge, M|\n|poke|p1|Scizor, F|\n|poke|p1|Alomomola, M|\n|poke|p1|Sableye, M|\n|poke|p2|Tatsugiri, F|\n|poke|p2|Ribombee, F|\n|poke|p2|Dragapult, M|\n|poke|p2|Ogerpon-Wellspring, F|\n|poke|p2|Tinkaton, F|\n|poke|p2|Ursaluna-Bloodmoon, M|\n|teampreview\n|\n|t:|1698948508\n|start\n|switch|p1a: Sableye|Sableye, M|100\/100\n|switch|p2a: Dragapult|Dragapult, M|100\/100\n|turn|1\n|\n|t:|1698948528\n|-terastallize|p1a: Sableye|Fairy\n|move|p1a: Sableye|Will-O-Wisp|p2a: Dragapult\n|-status|p2a: Dragapult|brn\n|move|p2a: Dragapult|U-turn|p1a: Sableye\n|-resisted|p1a: Sableye\n|-damage|p1a: Sableye|97\/100\n|\n|t:|1698948532\n|switch|p2a: Ribombee|Ribombee, F|100\/100|[from] U-turn\n|\n|-heal|p1a: Sableye|100\/100|[from] item: Leftovers\n|upkeep\n|turn|2\n|\n|t:|1698948539\n|move|p1a: Sableye|Taunt|p2a: Ribombee\n|-start|p2a: Ribombee|move: Taunt\n|cant|p2a: Ribombee|move: Taunt|Trick\n|\n|upkeep\n|turn|3\n|\n|t:|1698948547\n|move|p1a: Sableye|Encore||[still]\n|-fail|p1a: Sableye\n|move|p2a: Ribombee|U-turn|p1a: Sableye\n|-resisted|p1a: Sableye\n|-crit|p1a: Sableye\n|-damage|p1a: Sableye|91\/100\n|\n|t:|1698948554\n|switch|p2a: Tinkaton|Tinkaton, F|100\/100|[from] U-turn\n|-ability|p2a: Tinkaton|Mold Breaker\n|\n|-heal|p1a: Sableye|97\/100|[from] item: Leftovers\n|upkeep\n|turn|4\n|\n|t:|1698948564\n|move|p1a: Sableye|Will-O-Wisp|p2a: Tinkaton|[miss]\n|-miss|p1a: Sableye|p2a: Tinkaton\n|move|p2a: Tinkaton|Stealth Rock|p1a: Sableye\n|-sidestart|p1: XIVTemperance|move: Stealth Rock\n|\n|-heal|p1a: Sableye|100\/100|[from] item: Leftovers\n|upkeep\n|turn|5\n|\n|t:|1698948567\n|move|p1a: Sableye|Will-O-Wisp|p2a: Tinkaton\n|-status|p2a: Tinkaton|brn\n|move|p2a: Tinkaton|Gigaton Hammer|p1a: Sableye\n|-supereffective|p1a: Sableye\n|-damage|p1a: Sableye|44\/100\n|\n|-heal|p1a: Sableye|50\/100|[from] item: Leftovers\n|-damage|p2a: Tinkaton|94\/100 brn|[from] brn\n|upkeep\n|turn|6\n|\n|t:|1698948569\n|move|p1a: Sableye|Encore|p2a: Tinkaton\n|-start|p2a: Tinkaton|Encore\n|move|p2a: Tinkaton|Gigaton Hammer|p1a: Sableye\n|-supereffective|p1a: Sableye\n|-damage|p1a: Sableye|0 fnt\n|faint|p1a: Sableye\n|-hint|Some effects can force a Pokemon to use Gigaton Hammer again in a row.\n|\n|-damage|p2a: Tinkaton|88\/100 brn|[from] brn\n|upkeep\n|c|\u2606XIVTemperance|huh\n|c|\u2606XIVTemperance|I thought uh\n|c|\u2606haveanicedayfriend|thats apparently how that works\n|c|\u2606XIVTemperance|it would fail\n|c|\u2606XIVTemperance|fuck\n|\n|t:|1698948594\n|switch|p1a: Skeledirge|Skeledirge, M|100\/100\n|-damage|p1a: Skeledirge|76\/100|[from] Stealth Rock\n|turn|7\n|\n|t:|1698948612\n|switch|p2a: Ursaluna|Ursaluna-Bloodmoon, M|100\/100\n|move|p1a: Skeledirge|Torch Song|p2a: Ursaluna\n|-crit|p2a: Ursaluna\n|-damage|p2a: Ursaluna|48\/100\n|-boost|p1a: Skeledirge|spa|1\n|\n|-heal|p1a: Skeledirge|82\/100|[from] item: Leftovers\n|-heal|p2a: Ursaluna|54\/100|[from] item: Leftovers\n|upkeep\n|turn|8\n|\n|t:|1698948628\n|move|p1a: Skeledirge|Torch Song|p2a: Ursaluna\n|-damage|p2a: Ursaluna|6\/100\n|-boost|p1a: Skeledirge|spa|1\n|move|p2a: Ursaluna|Earth Power|p1a: Skeledirge\n|-supereffective|p1a: Skeledirge\n|-damage|p1a: Skeledirge|4\/100\n|-unboost|p1a: Skeledirge|spd|1\n|\n|-heal|p1a: Skeledirge|10\/100|[from] item: Leftovers\n|-heal|p2a: Ursaluna|12\/100|[from] item: Leftovers\n|upkeep\n|turn|9\n|\n|t:|1698948651\n|switch|p2a: Tatsugiri|Tatsugiri, F|100\/100\n|move|p1a: Skeledirge|Torch Song|p2a: Tatsugiri\n|-resisted|p2a: Tatsugiri\n|-damage|p2a: Tatsugiri|85\/100\n|-boost|p1a: Skeledirge|spa|1\n|\n|-heal|p1a: Skeledirge|17\/100|[from] item: Leftovers\n|upkeep\n|turn|10\n|\n|t:|1698948674\n|move|p2a: Tatsugiri|Hydro Pump|p1a: Skeledirge\n|-supereffective|p1a: Skeledirge\n|-damage|p1a: Skeledirge|0 fnt\n|faint|p1a: Skeledirge\n|\n|upkeep\n|\n|t:|1698948679\n|switch|p1a: Rillaboom|Rillaboom, M|100\/100\n|-damage|p1a: Rillaboom|88\/100|[from] Stealth Rock\n|-fieldstart|move: Grassy Terrain|[from] ability: Grassy Surge|[of] p1a: Rillaboom\n|turn|11\n|\n|t:|1698948761\n|move|p1a: Rillaboom|U-turn|p2a: Tatsugiri\n|-damage|p2a: Tatsugiri|56\/100\n|\n|t:|1698948781\n|switch|p1a: Dondozo|Dondozo, F|100\/100|[from] U-turn\n|-damage|p1a: Dondozo|88\/100|[from] Stealth Rock\n|move|p2a: Tatsugiri|Hydro Pump|p1a: Dondozo\n|-resisted|p1a: Dondozo\n|-damage|p1a: Dondozo|71\/100\n|\n|-heal|p2a: Tatsugiri|62\/100|[from] Grassy Terrain\n|-heal|p1a: Dondozo|77\/100|[from] Grassy Terrain\n|-heal|p1a: Dondozo|83\/100|[from] item: Leftovers\n|upkeep\n|turn|12\n|\n|t:|1698948798\n|move|p2a: Tatsugiri|Baton Pass|p2a: Tatsugiri\n|\n|t:|1698948808\n|switch|p2a: Ribombee|Ribombee, F|100\/100|[from] Baton Pass\n|move|p1a: Dondozo|Body Press|p2a: Ribombee\n|-resisted|p2a: Ribombee\n|-damage|p2a: Ribombee|93\/100\n|\n|-heal|p2a: Ribombee|99\/100|[from] Grassy Terrain\n|-heal|p1a: Dondozo|89\/100|[from] Grassy Terrain\n|-heal|p1a: Dondozo|95\/100|[from] item: Leftovers\n|upkeep\n|turn|13\n|\n|t:|1698948816\n|move|p1a: Dondozo|Protect|p1a: Dondozo\n|-singleturn|p1a: Dondozo|Protect\n|move|p2a: Ribombee|Stun Spore|p1a: Dondozo\n|-activate|p1a: Dondozo|move: Protect\n|\n|-heal|p2a: Ribombee|100\/100|[from] Grassy Terrain\n|-heal|p1a: Dondozo|100\/100|[from] Grassy Terrain\n|upkeep\n|turn|14\n|\n|t:|1698948825\n|switch|p1a: Rillaboom|Rillaboom, M|88\/100\n|-damage|p1a: Rillaboom|76\/100|[from] Stealth Rock\n|move|p2a: Ribombee|Stun Spore|p1a: Rillaboom\n|-immune|p1a: Rillaboom\n|\n|-heal|p1a: Rillaboom|82\/100|[from] Grassy Terrain\n|upkeep\n|turn|15\n|\n|t:|1698948833\n|switch|p2a: Tatsugiri|Tatsugiri, F|62\/100\n|move|p1a: Rillaboom|Knock Off|p2a: Tatsugiri\n|-damage|p2a: Tatsugiri|23\/100\n|-enditem|p2a: Tatsugiri|Heavy-Duty Boots|[from] move: Knock Off|[of] p1a: Rillaboom\n|\n|-heal|p1a: Rillaboom|88\/100|[from] Grassy Terrain\n|-heal|p2a: Tatsugiri|29\/100|[from] Grassy Terrain\n|upkeep\n|turn|16\n|\n|t:|1698948842\n|move|p1a: Rillaboom|Grassy Glide|p2a: Tatsugiri\n|-damage|p2a: Tatsugiri|0 fnt\n|faint|p2a: Tatsugiri\n|\n|-heal|p1a: Rillaboom|94\/100|[from] Grassy Terrain\n|upkeep\n|\n|t:|1698948905\n|switch|p2a: Ribombee|Ribombee, F|100\/100\n|turn|17\n|\n|t:|1698948917\n|move|p2a: Ribombee|Trick|p1a: Rillaboom\n|-activate|p2a: Ribombee|move: Trick|[of] p1a: Rillaboom\n|-item|p1a: Rillaboom|Choice Scarf|[from] move: Trick\n|-item|p2a: Ribombee|Terrain Extender|[from] move: Trick\n|move|p1a: Rillaboom|Knock Off|p2a: Ribombee\n|-resisted|p2a: Ribombee\n|-damage|p2a: Ribombee|78\/100\n|-enditem|p2a: Ribombee|Terrain Extender|[from] move: Knock Off|[of] p1a: Rillaboom\n|\n|-heal|p1a: Rillaboom|100\/100|[from] Grassy Terrain\n|-heal|p2a: Ribombee|84\/100|[from] Grassy Terrain\n|upkeep\n|turn|18\n|\n|t:|1698948934\n|move|p1a: Rillaboom|Knock Off|p2a: Ribombee\n|-resisted|p2a: Ribombee\n|-damage|p2a: Ribombee|70\/100\n|move|p2a: Ribombee|U-turn|p1a: Rillaboom\n|-supereffective|p1a: Rillaboom\n|-crit|p1a: Rillaboom\n|-damage|p1a: Rillaboom|64\/100\n|\n|t:|1698948937\n|switch|p2a: Tinkaton|Tinkaton, F|88\/100 brn|[from] U-turn\n|-ability|p2a: Tinkaton|Mold Breaker\n|\n|-heal|p1a: Rillaboom|71\/100|[from] Grassy Terrain\n|-heal|p2a: Tinkaton|94\/100 brn|[from] Grassy Terrain\n|-damage|p2a: Tinkaton|88\/100 brn|[from] brn\n|-fieldend|move: Grassy Terrain\n|upkeep\n|turn|19\n|\n|t:|1698948944\n|move|p1a: Rillaboom|Knock Off|p2a: Tinkaton\n|-resisted|p2a: Tinkaton\n|-damage|p2a: Tinkaton|73\/100 brn\n|-enditem|p2a: Tinkaton|Heavy-Duty Boots|[from] move: Knock Off|[of] p1a: Rillaboom\n|move|p2a: Tinkaton|Knock Off|p1a: Rillaboom\n|-damage|p1a: Rillaboom|58\/100\n|-enditem|p1a: Rillaboom|Choice Scarf|[from] move: Knock Off|[of] p2a: Tinkaton\n|\n|-damage|p2a: Tinkaton|67\/100 brn|[from] brn\n|upkeep\n|turn|20\n|\n|t:|1698948957\n|switch|p1a: Scizor|Scizor, F|100\/100\n|move|p2a: Tinkaton|Knock Off|p1a: Scizor\n|-damage|p1a: Scizor|88\/100\n|-enditem|p1a: Scizor|Heavy-Duty Boots|[from] move: Knock Off|[of] p2a: Tinkaton\n|\n|-damage|p2a: Tinkaton|61\/100 brn|[from] brn\n|upkeep\n|turn|21\n|\n|t:|1698948996\n|switch|p2a: Ursaluna|Ursaluna-Bloodmoon, M|12\/100\n|move|p1a: Scizor|Defog|p2a: Ursaluna\n|-unboost|p2a: Ursaluna|evasion|1\n|-sideend|p1: XIVTemperance|Stealth Rock|[from] move: Defog|[of] p1a: Scizor\n|\n|-heal|p2a: Ursaluna|18\/100|[from] item: Leftovers\n|upkeep\n|turn|22\n|\n|t:|1698949026\n|move|p1a: Scizor|Bullet Punch|p2a: Ursaluna\n|-damage|p2a: Ursaluna|0 fnt\n|faint|p2a: Ursaluna\n|\n|upkeep\n|\n|t:|1698949028\n|switch|p2a: Dragapult|Dragapult, M|100\/100 brn\n|turn|23\n|\n|t:|1698949036\n|switch|p1a: Alomomola|Alomomola, M|100\/100\n|move|p2a: Dragapult|Flamethrower|p1a: Alomomola\n|-resisted|p1a: Alomomola\n|-damage|p1a: Alomomola|83\/100\n|\n|-damage|p2a: Dragapult|94\/100 brn|[from] brn\n|upkeep\n|turn|24\n|\n|t:|1698949041\n|move|p2a: Dragapult|U-turn|p1a: Alomomola\n|-damage|p1a: Alomomola|78\/100\n|\n|t:|1698949045\n|switch|p2a: Ogerpon|Ogerpon-Wellspring, F|100\/100|[from] U-turn\n|move|p1a: Alomomola|Wish|p1a: Alomomola\n|\n|upkeep\n|turn|25\n|\n|t:|1698949070\n|switch|p1a: Rillaboom|Rillaboom, M|58\/100\n|-fieldstart|move: Grassy Terrain|[from] ability: Grassy Surge|[of] p1a: Rillaboom\n|move|p2a: Ogerpon|Swords Dance|p2a: Ogerpon\n|-boost|p2a: Ogerpon|atk|2\n|\n|-heal|p1a: Rillaboom|100\/100|[from] move: Wish|[wisher] Alomomola\n|upkeep\n|turn|26\n|\n|t:|1698949077\n|move|p1a: Rillaboom|U-turn|p2a: Ogerpon\n|-supereffective|p2a: Ogerpon\n|-damage|p2a: Ogerpon|61\/100\n|\n|t:|1698949158\n|switch|p1a: Alomomola|Alomomola, M|100\/100|[from] U-turn\n|move|p2a: Ogerpon|Horn Leech|p1a: Alomomola\n|-supereffective|p1a: Alomomola\n|-damage|p1a: Alomomola|0 fnt\n|-heal|p2a: Ogerpon|100\/100|[from] drain|[of] p1a: Alomomola\n|faint|p1a: Alomomola\n|\n|upkeep\n|\n|t:|1698949164\n|switch|p1a: Scizor|Scizor, F|88\/100\n|turn|27\n|\n|t:|1698949170\n|switch|p1a: Dondozo|Dondozo, F|100\/100\n|move|p2a: Ogerpon|Ivy Cudgel|p1a: Dondozo\n|-resisted|p1a: Dondozo\n|-damage|p1a: Dondozo|80\/100\n|\n|-heal|p1a: Dondozo|86\/100|[from] Grassy Terrain\n|-heal|p1a: Dondozo|93\/100|[from] item: Leftovers\n|upkeep\n|turn|28\n|\n|t:|1698949181\n|move|p1a: Dondozo|Protect|p1a: Dondozo\n|-singleturn|p1a: Dondozo|Protect\n|move|p2a: Ogerpon|Horn Leech|p1a: Dondozo\n|-activate|p1a: Dondozo|move: Protect\n|\n|-heal|p1a: Dondozo|99\/100|[from] Grassy Terrain\n|-heal|p1a: Dondozo|100\/100|[from] item: Leftovers\n|upkeep\n|turn|29\n|\n|t:|1698949189\n|switch|p1a: Scizor|Scizor, F|88\/100\n|move|p2a: Ogerpon|Knock Off|p1a: Scizor\n|-damage|p1a: Scizor|35\/100\n|\n|-heal|p1a: Scizor|41\/100|[from] Grassy Terrain\n|-fieldend|move: Grassy Terrain\n|upkeep\n|turn|30\n|\n|t:|1698949216\n|move|p2a: Ogerpon|Knock Off|p1a: Scizor\n|-damage|p1a: Scizor|0 fnt\n|faint|p1a: Scizor\n|\n|upkeep\n|\n|t:|1698949219\n|switch|p1a: Dondozo|Dondozo, F|100\/100\n|turn|31\n|\n|t:|1698949222\n|move|p2a: Ogerpon|Knock Off|p1a: Dondozo\n|-damage|p1a: Dondozo|76\/100\n|-enditem|p1a: Dondozo|Leftovers|[from] move: Knock Off|[of] p2a: Ogerpon\n|move|p1a: Dondozo|Curse|p1a: Dondozo\n|-unboost|p1a: Dondozo|spe|1\n|-boost|p1a: Dondozo|atk|1\n|-boost|p1a: Dondozo|def|1\n|\n|upkeep\n|turn|32\n|\n|t:|1698949229\n|switch|p2a: Ribombee|Ribombee, F|70\/100\n|move|p1a: Dondozo|Protect||[still]\n|-fail|p1a: Dondozo\n|\n|upkeep\n|turn|33\n|\n|t:|1698949236\n|move|p2a: Ribombee|Stun Spore|p1a: Dondozo\n|-status|p1a: Dondozo|par\n|move|p1a: Dondozo|Liquidation|p2a: Ribombee\n|-damage|p2a: Ribombee|4\/100\n|\n|upkeep\n|turn|34\n|\n|t:|1698949241\n|move|p2a: Ribombee|Moonblast|p1a: Dondozo\n|-damage|p1a: Dondozo|48\/100 par\n|move|p1a: Dondozo|Body Press|p2a: Ribombee\n|-resisted|p2a: Ribombee\n|-crit|p2a: Ribombee\n|-damage|p2a: Ribombee|0 fnt\n|faint|p2a: Ribombee\n|\n|upkeep\n|\n|t:|1698949245\n|switch|p2a: Dragapult|Dragapult, M|94\/100 brn\n|turn|35\n|\n|t:|1698949251\n|move|p1a: Dondozo|Protect|p1a: Dondozo\n|-singleturn|p1a: Dondozo|Protect\n|move|p2a: Dragapult|Hex|p1a: Dondozo\n|-activate|p1a: Dondozo|move: Protect\n|\n|-heal|p2a: Dragapult|100\/100 brn|[from] item: Leftovers\n|-damage|p2a: Dragapult|94\/100 brn|[from] brn\n|upkeep\n|turn|36\n|\n|t:|1698949272\n|move|p2a: Dragapult|Hex|p1a: Dondozo\n|-damage|p1a: Dondozo|7\/100 par\n|cant|p1a: Dondozo|par\n|\n|-heal|p2a: Dragapult|100\/100 brn|[from] item: Leftovers\n|-damage|p2a: Dragapult|94\/100 brn|[from] brn\n|upkeep\n|turn|37\n|\n|t:|1698949278\n|move|p2a: Dragapult|Hex|p1a: Dondozo\n|-damage|p1a: Dondozo|0 fnt\n|faint|p1a: Dondozo\n|\n|-heal|p2a: Dragapult|100\/100 brn|[from] item: Leftovers\n|-damage|p2a: Dragapult|94\/100 brn|[from] brn\n|upkeep\n|\n|t:|1698949280\n|switch|p1a: Rillaboom|Rillaboom, M|100\/100\n|-fieldstart|move: Grassy Terrain|[from] ability: Grassy Surge|[of] p1a: Rillaboom\n|turn|38\n|\n|t:|1698949293\n|move|p2a: Dragapult|Flamethrower|p1a: Rillaboom\n|-supereffective|p1a: Rillaboom\n|-crit|p1a: Rillaboom\n|-damage|p1a: Rillaboom|4\/100\n|move|p1a: Rillaboom|Knock Off|p2a: Dragapult\n|-supereffective|p2a: Dragapult\n|-damage|p2a: Dragapult|37\/100 brn\n|-enditem|p2a: Dragapult|Leftovers|[from] move: Knock Off|[of] p1a: Rillaboom\n|\n|-heal|p2a: Dragapult|43\/100 brn|[from] Grassy Terrain\n|-heal|p1a: Rillaboom|10\/100|[from] Grassy Terrain\n|-damage|p2a: Dragapult|37\/100 brn|[from] brn\n|upkeep\n|turn|39\n|c|\u2606haveanicedayfriend|gg\n|\n|t:|1698949310\n|move|p1a: Rillaboom|Grassy Glide|p2a: Dragapult\n|-resisted|p2a: Dragapult\n|-damage|p2a: Dragapult|20\/100 brn\n|move|p2a: Dragapult|Flamethrower|p1a: Rillaboom\n|-supereffective|p1a: Rillaboom\n|-damage|p1a: Rillaboom|0 fnt\n|faint|p1a: Rillaboom\n|\n|win|haveanicedayfriend\n|c|\u2606XIVTemperance|gg\n","uploadtime":1698949318,"views":7,"p1id":"xivtemperance","p2id":"haveanicedayfriend","formatid":"gen9anythinggoes","rating":0,"private":0,"password":""}