{"id":"gen9anythinggoes-1987357025","p1":"Eriririririririric","p2":"4th Acct To 1700","format":"[Gen 9] Anything Goes","log":"|j|\u203dEriririririririric\n|j|\u26064th Acct To 1700\n|t:|1699581296\n|gametype|singles\n|player|p1|Eriririririririric|swimmer-gen4dp|1486\n|player|p2|4th Acct To 1700|clown|1749\n|teamsize|p1|6\n|teamsize|p2|6\n|gen|9\n|tier|[Gen 9] Anything Goes\n|rated|\n|rule|HP Percentage Mod: HP is shown in percentages\n|rule|Endless Battle Clause: Forcing endless battles is banned\n|clearpoke\n|poke|p1|Koraidon|\n|poke|p1|Miraidon|\n|poke|p1|Cloyster, F|\n|poke|p1|Calyrex-Shadow|\n|poke|p1|Ditto|\n|poke|p1|Ting-Lu|\n|poke|p2|Koraidon|\n|poke|p2|Calyrex-Shadow|\n|poke|p2|Arceus|\n|poke|p2|Arceus-Ground|\n|poke|p2|Ribombee, F|\n|poke|p2|Kyogre|\n|teampreview\n|inactive|Battle timer is ON: inactive players will automatically lose when time's up. (requested by Eriririririririric)\n|inactive|4th Acct To 1700 has 120 seconds left.\n|\n|t:|1699581337\n|start\n|switch|p1a: Cloyster|Cloyster, F|100\/100\n|switch|p2a: Ribombee|Ribombee, F|100\/100\n|turn|1\n|\n|t:|1699581343\n|move|p2a: Ribombee|Switcheroo|p1a: Cloyster\n|-activate|p2a: Ribombee|move: Trick|[of] p1a: Cloyster\n|-item|p1a: Cloyster|Choice Scarf|[from] move: Switcheroo\n|-item|p2a: Ribombee|Focus Sash|[from] move: Switcheroo\n|move|p1a: Cloyster|Shell Smash|p1a: Cloyster\n|-unboost|p1a: Cloyster|def|1\n|-unboost|p1a: Cloyster|spd|1\n|-boost|p1a: Cloyster|atk|2\n|-boost|p1a: Cloyster|spa|2\n|-boost|p1a: Cloyster|spe|2\n|\n|upkeep\n|turn|2\n|\n|t:|1699581352\n|switch|p1a: Miraidon|Miraidon|100\/100\n|-fieldstart|move: Electric Terrain|[from] ability: Hadron Engine|[of] p1a: Miraidon\n|move|p2a: Ribombee|Sticky Web|p1a: Miraidon\n|-sidestart|p1: Eriririririririric|move: Sticky Web\n|\n|upkeep\n|turn|3\n|\n|t:|1699581358\n|-terastallize|p1a: Miraidon|Electric\n|move|p1a: Miraidon|Calm Mind|p1a: Miraidon\n|-boost|p1a: Miraidon|spa|1\n|-boost|p1a: Miraidon|spd|1\n|move|p2a: Ribombee|Moonblast|p1a: Miraidon\n|-damage|p1a: Miraidon|74\/100\n|\n|upkeep\n|turn|4\n|\n|t:|1699581364\n|switch|p2a: Not my best team|Arceus-Ground|100\/100\n|move|p1a: Miraidon|Agility|p1a: Miraidon\n|-boost|p1a: Miraidon|spe|2\n|\n|upkeep\n|turn|5\n|\n|t:|1699581369\n|move|p1a: Miraidon|Dragon Pulse|p2a: Not my best team\n|-damage|p2a: Not my best team|29\/100\n|move|p2a: Not my best team|Earthquake|p1a: Miraidon\n|-supereffective|p1a: Miraidon\n|-damage|p1a: Miraidon|0 fnt\n|faint|p1a: Miraidon\n|\n|upkeep\n|\n|t:|1699581375\n|switch|p1a: Cloyster|Cloyster, F|100\/100\n|-activate|p1a: Cloyster|move: Sticky Web\n|-unboost|p1a: Cloyster|spe|1\n|turn|6\n|\n|t:|1699581388\n|move|p2a: Not my best team|Earthquake|p1a: Cloyster\n|-damage|p1a: Cloyster|43\/100\n|move|p1a: Cloyster|Icicle Spear|p2a: Not my best team\n|-supereffective|p2a: Not my best team\n|-damage|p2a: Not my best team|12\/100\n|-supereffective|p2a: Not my best team\n|-damage|p2a: Not my best team|0 fnt\n|faint|p2a: Not my best team\n|-hitcount|p2: Not my best team|2\n|\n|-fieldend|move: Electric Terrain\n|upkeep\n|\n|t:|1699581405\n|switch|p2a: Leviathan|Kyogre|100\/100\n|-weather|RainDance|[from] ability: Drizzle|[of] p2a: Leviathan\n|turn|7\n|\n|t:|1699581412\n|move|p2a: Leviathan|Ice Beam|p1a: Cloyster\n|-resisted|p1a: Cloyster\n|-damage|p1a: Cloyster|21\/100\n|move|p1a: Cloyster|Icicle Spear|p2a: Leviathan\n|-resisted|p2a: Leviathan\n|-damage|p2a: Leviathan|95\/100\n|-resisted|p2a: Leviathan\n|-damage|p2a: Leviathan|89\/100\n|-resisted|p2a: Leviathan\n|-damage|p2a: Leviathan|83\/100\n|-resisted|p2a: Leviathan\n|-damage|p2a: Leviathan|77\/100\n|-resisted|p2a: Leviathan\n|-damage|p2a: Leviathan|71\/100\n|-hitcount|p2a: Leviathan|5\n|\n|-weather|RainDance|[upkeep]\n|upkeep\n|turn|8\n|\n|t:|1699581416\n|move|p2a: Leviathan|Thunder|p1a: Cloyster\n|-supereffective|p1a: Cloyster\n|-damage|p1a: Cloyster|0 fnt\n|faint|p1a: Cloyster\n|\n|-weather|RainDance|[upkeep]\n|upkeep\n|\n|t:|1699581424\n|switch|p1a: Ditto|Ditto|100\/100\n|-activate|p1a: Ditto|move: Sticky Web\n|-unboost|p1a: Ditto|spe|1\n|-transform|p1a: Ditto|p2a: Leviathan|[from] ability: Imposter\n|turn|9\n|\n|t:|1699581429\n|move|p1a: Ditto|Thunder|p2a: Leviathan\n|-supereffective|p2a: Leviathan\n|-damage|p2a: Leviathan|4\/100\n|move|p2a: Leviathan|Thunder|p1a: Ditto\n|-supereffective|p1a: Ditto\n|-damage|p1a: Ditto|29\/100\n|\n|-weather|RainDance|[upkeep]\n|upkeep\n|turn|10\n|\n|t:|1699581438\n|move|p1a: Ditto|Thunder|p2a: Leviathan\n|-supereffective|p2a: Leviathan\n|-damage|p2a: Leviathan|0 fnt\n|faint|p2a: Leviathan\n|\n|-weather|RainDance|[upkeep]\n|upkeep\n|\n|t:|1699581444\n|switch|p2a: A Diety|Arceus|100\/100\n|turn|11\n|\n|t:|1699581446\n|switch|p1a: Calyrex|Calyrex-Shadow|100\/100\n|-ability|p1a: Calyrex|As One\n|-ability|p1a: Calyrex|Unnerve\n|-activate|p1a: Calyrex|move: Sticky Web\n|-unboost|p1a: Calyrex|spe|1\n|move|p2a: A Diety|Extreme Speed|p1a: Calyrex\n|-immune|p1a: Calyrex\n|\n|-weather|none\n|upkeep\n|turn|12\n|\n|t:|1699581457\n|move|p1a: Calyrex|Psychic|p2a: A Diety\n|-damage|p2a: A Diety|63\/100\n|move|p2a: A Diety|Shadow Claw|p1a: Calyrex\n|-supereffective|p1a: Calyrex\n|-enditem|p1a: Calyrex|Focus Sash\n|-damage|p1a: Calyrex|1\/100\n|\n|upkeep\n|turn|13\n|\n|t:|1699581468\n|move|p1a: Calyrex|Dark Pulse|p2a: A Diety\n|-damage|p2a: A Diety|43\/100\n|cant|p2a: A Diety|flinch\n|\n|upkeep\n|turn|14\n|\n|t:|1699581474\n|move|p1a: Calyrex|Psychic|p2a: A Diety\n|-damage|p2a: A Diety|3\/100\n|-unboost|p2a: A Diety|spd|1\n|move|p2a: A Diety|Shadow Claw|p1a: Calyrex\n|-supereffective|p1a: Calyrex\n|-crit|p1a: Calyrex\n|-damage|p1a: Calyrex|0 fnt\n|faint|p1a: Calyrex\n|\n|upkeep\n|\n|t:|1699581481\n|switch|p1a: Ting-Lu|Ting-Lu|100\/100\n|-activate|p1a: Ting-Lu|move: Sticky Web\n|-unboost|p1a: Ting-Lu|spe|1\n|-ability|p1a: Ting-Lu|Vessel of Ruin\n|turn|15\n|\n|t:|1699581484\n|move|p2a: A Diety|Recover|p2a: A Diety\n|-heal|p2a: A Diety|53\/100\n|move|p1a: Ting-Lu|Stealth Rock|p2a: A Diety\n|-sidestart|p2: 4th Acct To 1700|move: Stealth Rock\n|\n|upkeep\n|turn|16\n|\n|t:|1699581486\n|move|p2a: A Diety|Recover|p2a: A Diety\n|-heal|p2a: A Diety|100\/100\n|move|p1a: Ting-Lu|Spikes|p2a: A Diety\n|-sidestart|p2: 4th Acct To 1700|Spikes\n|\n|upkeep\n|turn|17\n|\n|t:|1699581488\n|move|p2a: A Diety|Swords Dance|p2a: A Diety\n|-boost|p2a: A Diety|atk|2\n|move|p1a: Ting-Lu|Spikes|p2a: A Diety\n|-sidestart|p2: 4th Acct To 1700|Spikes\n|\n|upkeep\n|turn|18\n|\n|t:|1699581494\n|move|p2a: A Diety|Extreme Speed|p1a: Ting-Lu\n|-damage|p1a: Ting-Lu|63\/100\n|-damage|p2a: A Diety|84\/100|[from] item: Rocky Helmet|[of] p1a: Ting-Lu\n|move|p1a: Ting-Lu|Body Press|p2a: A Diety\n|-supereffective|p2a: A Diety\n|-damage|p2a: A Diety|46\/100\n|\n|upkeep\n|turn|19\n|\n|t:|1699581501\n|move|p2a: A Diety|Extreme Speed|p1a: Ting-Lu\n|-crit|p1a: Ting-Lu\n|-damage|p1a: Ting-Lu|8\/100\n|-damage|p2a: A Diety|29\/100|[from] item: Rocky Helmet|[of] p1a: Ting-Lu\n|move|p1a: Ting-Lu|Body Press|p2a: A Diety\n|-supereffective|p2a: A Diety\n|-damage|p2a: A Diety|0 fnt\n|faint|p2a: A Diety\n|\n|upkeep\n|\n|t:|1699581516\n|switch|p2a: Ribombee|Ribombee, F|100\/100\n|-damage|p2a: Ribombee|76\/100|[from] Stealth Rock\n|-damage|p2a: Ribombee|59\/100|[from] Spikes\n|turn|20\n|\n|t:|1699581522\n|move|p2a: Ribombee|Moonblast|p1a: Ting-Lu\n|-supereffective|p1a: Ting-Lu\n|-damage|p1a: Ting-Lu|0 fnt\n|faint|p1a: Ting-Lu\n|\n|upkeep\n|\n|t:|1699581526\n|switch|p1a: Koraidon|Koraidon|100\/100\n|-activate|p1a: Koraidon|move: Sticky Web\n|-unboost|p1a: Koraidon|spe|1\n|-weather|SunnyDay|[from] ability: Orichalcum Pulse|[of] p1a: Koraidon\n|-activate|p1a: Koraidon|Orichalcum Pulse|[source]\n|turn|21\n|\n|t:|1699581541\n|-terastallize|p2a: Ribombee|Water\n|move|p1a: Koraidon|Flare Blitz|p2a: Ribombee\n|-resisted|p2a: Ribombee\n|-damage|p2a: Ribombee|0 fnt\n|faint|p2a: Ribombee\n|-damage|p1a: Koraidon|86\/100|[from] Recoil\n|\n|-weather|SunnyDay|[upkeep]\n|upkeep\n|\n|t:|1699581552\n|switch|p2a: Muhfuckin Blaziken|Koraidon|100\/100\n|-damage|p2a: Muhfuckin Blaziken|94\/100|[from] Stealth Rock\n|-damage|p2a: Muhfuckin Blaziken|78\/100|[from] Spikes\n|-activate|p2a: Muhfuckin Blaziken|ability: Orichalcum Pulse\n|turn|22\n|\n|t:|1699581556\n|move|p1a: Koraidon|Flare Blitz|p2a: Muhfuckin Blaziken\n|-resisted|p2a: Muhfuckin Blaziken\n|-damage|p2a: Muhfuckin Blaziken|42\/100\n|-damage|p1a: Koraidon|74\/100|[from] Recoil\n|move|p2a: Muhfuckin Blaziken|Close Combat|p1a: Koraidon\n|-damage|p1a: Koraidon|0 fnt\n|-unboost|p2a: Muhfuckin Blaziken|def|1\n|-unboost|p2a: Muhfuckin Blaziken|spd|1\n|faint|p1a: Koraidon\n|\n|-weather|SunnyDay|[upkeep]\n|upkeep\n|\n|t:|1699581560\n|switch|p1a: Ditto|Ditto|29\/100\n|-activate|p1a: Ditto|move: Sticky Web\n|-unboost|p1a: Ditto|spe|1\n|-transform|p1a: Ditto|p2a: Muhfuckin Blaziken|[from] ability: Imposter\n|-activate|p1a: Ditto|ability: Orichalcum Pulse\n|turn|23\n|\n|t:|1699581563\n|move|p1a: Ditto|Scale Shot|p2a: Muhfuckin Blaziken\n|-supereffective|p2a: Muhfuckin Blaziken\n|-damage|p2a: Muhfuckin Blaziken|0 fnt\n|faint|p2a: Muhfuckin Blaziken\n|-hitcount|p2: Muhfuckin Blaziken|1\n|-unboost|p1a: Ditto|def|1\n|-boost|p1a: Ditto|spe|1\n|\n|-weather|SunnyDay|[upkeep]\n|upkeep\n|\n|t:|1699581566\n|switch|p2a: Ok I'm cheating|Calyrex-Shadow|100\/100\n|-ability|p2a: Ok I'm cheating|As One\n|-ability|p2a: Ok I'm cheating|Unnerve\n|-damage|p2a: Ok I'm cheating|88\/100|[from] Stealth Rock\n|-damage|p2a: Ok I'm cheating|72\/100|[from] Spikes\n|turn|24\n|\n|t:|1699581578\n|move|p1a: Ditto|Flare Blitz|p2a: Ok I'm cheating\n|-damage|p2a: Ok I'm cheating|0 fnt\n|faint|p2a: Ok I'm cheating\n|-damage|p1a: Ditto|2\/100|[from] Recoil\n|\n|win|Eriririririririric\n|raw|Eriririririririric's rating: 1486 &rarr; <strong>1519<\/strong><br \/>(+33 for winning)\n|raw|4th Acct To 1700's rating: 1749 &rarr; <strong>1716<\/strong><br \/>(-33 for losing)\n|l|\u26064th Acct To 1700\n","uploadtime":1699581590,"views":15,"p1id":"eriririririririric","p2id":"4thacctto1700","formatid":"gen9anythinggoes","rating":1519,"private":0,"password":""}