{"id":"gen9anythinggoes-1985797217","p1":"Ho to ro kage","p2":"Iamfrutrated","format":"[Gen 9] Anything Goes","log":"|j|\u2606Ho to ro kage\n|j|\u2606Iamfrutrated\n|t:|1699407175\n|gametype|singles\n|player|p1|Ho to ro kage|265|1117\n|player|p2|Iamfrutrated|265|1133\n|teamsize|p1|6\n|teamsize|p2|6\n|gen|9\n|tier|[Gen 9] Anything Goes\n|rated|\n|rule|HP Percentage Mod: HP is shown in percentages\n|rule|Endless Battle Clause: Forcing endless battles is banned\n|clearpoke\n|poke|p1|Haunter, M|\n|poke|p1|Rotom-Heat|\n|poke|p1|Urshifu-*, M|\n|poke|p1|Garchomp, F|\n|poke|p1|Iron Bundle|\n|poke|p1|Conkeldurr, F|\n|poke|p2|Donphan, L1, F|\n|poke|p2|Kingambit, F|\n|poke|p2|Murkrow, M|\n|poke|p2|Cloyster, M|\n|poke|p2|Espathra, F|\n|poke|p2|Great Tusk|\n|teampreview\n|\n|t:|1699407182\n|start\n|switch|p1a: Iron Bundle|Iron Bundle|100\/100\n|switch|p2a: Donphan|Donphan, L1, F|100\/100\n|-enditem|p1a: Iron Bundle|Booster Energy\n|-activate|p1a: Iron Bundle|ability: Quark Drive|[fromitem]\n|-start|p1a: Iron Bundle|quarkdrivespe\n|turn|1\n|c|\u2606Iamfrutrated|attack me\n|\n|t:|1699407192\n|-end|p1a: Iron Bundle|Quark Drive|[silent]\n|switch|p1a: Conkeldurr|Conkeldurr, F|100\/100\n|move|p2a: Donphan|Endeavor|p1a: Conkeldurr\n|-damage|p1a: Conkeldurr|4\/100\n|\n|upkeep\n|turn|2\n|\n|t:|1699407199\n|switch|p2a: Great Tusk|Great Tusk|100\/100\n|-enditem|p2a: Great Tusk|Booster Energy\n|-activate|p2a: Great Tusk|ability: Protosynthesis|[fromitem]\n|-start|p2a: Great Tusk|protosynthesisatk\n|move|p1a: Conkeldurr|Mach Punch|p2a: Great Tusk\n|-damage|p2a: Great Tusk|79\/100\n|\n|upkeep\n|turn|3\n|\n|t:|1699407210\n|move|p1a: Conkeldurr|Mach Punch|p2a: Great Tusk\n|-damage|p2a: Great Tusk|58\/100\n|move|p2a: Great Tusk|Stone Edge|p1a: Conkeldurr\n|-resisted|p1a: Conkeldurr\n|-crit|p1a: Conkeldurr\n|-damage|p1a: Conkeldurr|0 fnt\n|faint|p1a: Conkeldurr\n|\n|upkeep\n|\n|t:|1699407214\n|switch|p1a: Garchomp|Garchomp, F|100\/100\n|turn|4\n|\n|t:|1699407221\n|-terastallize|p1a: Garchomp|Flying\n|move|p1a: Garchomp|Earthquake|p2a: Great Tusk\n|-damage|p2a: Great Tusk|22\/100\n|move|p2a: Great Tusk|Close Combat|p1a: Garchomp\n|-resisted|p1a: Garchomp\n|-damage|p1a: Garchomp|69\/100\n|-unboost|p2a: Great Tusk|def|1\n|-unboost|p2a: Great Tusk|spd|1\n|-damage|p2a: Great Tusk|9\/100|[from] ability: Rough Skin|[of] p1a: Garchomp\n|-damage|p2a: Great Tusk|0 fnt|[from] item: Rocky Helmet|[of] p1a: Garchomp\n|faint|p2a: Great Tusk\n|-end|p2a: Great Tusk|Protosynthesis|[silent]\n|\n|upkeep\n|\n|t:|1699407234\n|switch|p2a: Donphan|Donphan, L1, F|100\/100\n|turn|5\n|\n|t:|1699407240\n|move|p1a: Garchomp|Protect|p1a: Garchomp\n|-singleturn|p1a: Garchomp|Protect\n|move|p2a: Donphan|Endeavor|p1a: Garchomp\n|-activate|p1a: Garchomp|move: Protect\n|\n|upkeep\n|turn|6\n|\n|t:|1699407246\n|move|p1a: Garchomp|Substitute|p1a: Garchomp\n|-start|p1a: Garchomp|Substitute\n|-damage|p1a: Garchomp|44\/100\n|move|p2a: Donphan|Endeavor|p1a: Garchomp\n|-end|p1a: Garchomp|Substitute\n|\n|upkeep\n|turn|7\n|\n|t:|1699407252\n|move|p1a: Garchomp|Earthquake|p2a: Donphan\n|-ability|p2a: Donphan|Sturdy\n|-damage|p2a: Donphan|8\/100\n|move|p2a: Donphan|Endeavor|p1a: Garchomp\n|-damage|p1a: Garchomp|1\/100\n|-damage|p2a: Donphan|0 fnt|[from] ability: Rough Skin|[of] p1a: Garchomp\n|faint|p2a: Donphan\n|\n|upkeep\n|c|\u2606Ho to ro kage|HAHA\n|\n|t:|1699407265\n|switch|p2a: Cloyster|Cloyster, M|100\/100\n|turn|8\n|c|\u2606Ho to ro kage|STINKY Tactic\n|\n|t:|1699407275\n|move|p1a: Garchomp|Earthquake|p2a: Cloyster\n|-damage|p2a: Cloyster|58\/100\n|move|p2a: Cloyster|Icicle Spear|p1a: Garchomp\n|-supereffective|p1a: Garchomp\n|-damage|p1a: Garchomp|0 fnt\n|faint|p1a: Garchomp\n|-hitcount|p1: Garchomp|1\n|\n|upkeep\n|c|\u2606Iamfrutrated|I got one that's even worse >:)\n|\n|t:|1699407287\n|switch|p1a: Haunter|Haunter, M, shiny|100\/100\n|turn|9\n|\n|t:|1699407291\n|switch|p2a: Espathra|Espathra, F|100\/100\n|move|p1a: Haunter|Giga Drain|p2a: Espathra\n|-damage|p2a: Espathra|62\/100\n|\n|-heal|p2a: Espathra|68\/100|[from] item: Leftovers\n|upkeep\n|turn|10\n|\n|t:|1699407299\n|switch|p1a: Rotom|Rotom-Heat|100\/100\n|move|p2a: Espathra|Protect||[still]\n|-fail|p2a: Espathra\n|\n|-heal|p2a: Espathra|74\/100|[from] item: Leftovers\n|-ability|p2a: Espathra|Speed Boost|boost\n|-boost|p2a: Espathra|spe|1\n|upkeep\n|turn|11\n|\n|t:|1699407307\n|move|p2a: Espathra|Substitute|p2a: Espathra\n|-start|p2a: Espathra|Substitute\n|-damage|p2a: Espathra|49\/100\n|move|p1a: Rotom|Discharge|p2a: Espathra\n|-end|p2a: Espathra|Substitute\n|-damage|p1a: Rotom|91\/100|[from] item: Life Orb\n|\n|-heal|p2a: Espathra|55\/100|[from] item: Leftovers\n|-ability|p2a: Espathra|Speed Boost|boost\n|-boost|p2a: Espathra|spe|1\n|upkeep\n|turn|12\n|\n|t:|1699407316\n|move|p2a: Espathra|Protect|p2a: Espathra\n|-singleturn|p2a: Espathra|Protect\n|move|p1a: Rotom|Discharge|p2a: Espathra\n|-activate|p2a: Espathra|move: Protect\n|\n|-heal|p2a: Espathra|61\/100|[from] item: Leftovers\n|-ability|p2a: Espathra|Speed Boost|boost\n|-boost|p2a: Espathra|spe|1\n|upkeep\n|turn|13\n|\n|t:|1699407325\n|move|p2a: Espathra|Substitute|p2a: Espathra\n|-start|p2a: Espathra|Substitute\n|-damage|p2a: Espathra|36\/100\n|move|p1a: Rotom|Discharge|p2a: Espathra\n|-end|p2a: Espathra|Substitute\n|-damage|p1a: Rotom|81\/100|[from] item: Life Orb\n|\n|-heal|p2a: Espathra|42\/100|[from] item: Leftovers\n|-ability|p2a: Espathra|Speed Boost|boost\n|-boost|p2a: Espathra|spe|1\n|upkeep\n|turn|14\n|\n|t:|1699407334\n|move|p2a: Espathra|Protect|p2a: Espathra\n|-singleturn|p2a: Espathra|Protect\n|move|p1a: Rotom|Discharge|p2a: Espathra\n|-activate|p2a: Espathra|move: Protect\n|\n|-heal|p2a: Espathra|49\/100|[from] item: Leftovers\n|-ability|p2a: Espathra|Speed Boost|boost\n|-boost|p2a: Espathra|spe|1\n|upkeep\n|turn|15\n|\n|t:|1699407346\n|move|p2a: Espathra|Substitute|p2a: Espathra\n|-start|p2a: Espathra|Substitute\n|-damage|p2a: Espathra|24\/100\n|move|p1a: Rotom|Discharge|p2a: Espathra\n|-end|p2a: Espathra|Substitute\n|-damage|p1a: Rotom|71\/100|[from] item: Life Orb\n|\n|-heal|p2a: Espathra|30\/100|[from] item: Leftovers\n|-ability|p2a: Espathra|Speed Boost|boost\n|-boost|p2a: Espathra|spe|1\n|upkeep\n|turn|16\n|\n|t:|1699407357\n|move|p2a: Espathra|Baton Pass|p2a: Espathra\n|\n|t:|1699407359\n|switch|p2a: Kingambit|Kingambit, F|100\/100|[from] Baton Pass\n|-activate|p2a: Kingambit|ability: Supreme Overlord\n|-start|p2a: Kingambit|fallen2|[silent]\n|move|p1a: Rotom|Dark Pulse|p2a: Kingambit\n|-resisted|p2a: Kingambit\n|-damage|p2a: Kingambit|82\/100\n|-damage|p1a: Rotom|61\/100|[from] item: Life Orb\n|\n|upkeep\n|turn|17\n|\n|t:|1699407369\n|move|p2a: Kingambit|Sucker Punch|p1a: Rotom\n|-damage|p1a: Rotom|0 fnt\n|faint|p1a: Rotom\n|\n|upkeep\n|\n|t:|1699407376\n|switch|p1a: Iron Bundle|Iron Bundle|100\/100\n|turn|18\n|\n|t:|1699407388\n|move|p2a: Kingambit|Taunt|p1a: Iron Bundle\n|-start|p1a: Iron Bundle|move: Taunt\n|move|p1a: Iron Bundle|Thief|p2a: Kingambit\n|-resisted|p2a: Kingambit\n|-damage|p2a: Kingambit|79\/100\n|-enditem|p2a: Kingambit|Black Glasses|[silent]|[from] move: Thief|[of] p1a: Iron Bundle\n|-item|p1a: Iron Bundle|Black Glasses|[from] move: Thief|[of] p2a: Kingambit\n|\n|upkeep\n|turn|19\n|\n|t:|1699407407\n|move|p2a: Kingambit|Swords Dance|p2a: Kingambit\n|-boost|p2a: Kingambit|atk|2\n|move|p1a: Iron Bundle|Hydro Pump|p2a: Kingambit|[miss]\n|-miss|p1a: Iron Bundle|p2a: Kingambit\n|\n|upkeep\n|turn|20\n|\n|t:|1699407413\n|move|p2a: Kingambit|Sucker Punch|p1a: Iron Bundle\n|-damage|p1a: Iron Bundle|0 fnt\n|faint|p1a: Iron Bundle\n|-end|p1a: Iron Bundle|Quark Drive|[silent]\n|\n|upkeep\n|\n|t:|1699407416\n|switch|p1a: Haunter|Haunter, M, shiny|100\/100\n|turn|21\n|\n|t:|1699407420\n|move|p2a: Kingambit|Sucker Punch|p1a: Haunter\n|-supereffective|p1a: Haunter\n|-damage|p1a: Haunter|0 fnt\n|faint|p1a: Haunter\n|\n|upkeep\n|\n|t:|1699407422\n|switch|p1a: Urshifu|Urshifu, M|100\/100\n|turn|22\n|\n|t:|1699407428\n|move|p2a: Kingambit|Swords Dance|p2a: Kingambit\n|-boost|p2a: Kingambit|atk|2\n|move|p1a: Urshifu|Close Combat|p2a: Kingambit\n|-supereffective|p2a: Kingambit\n|-damage|p2a: Kingambit|0 fnt\n|-unboost|p1a: Urshifu|def|1\n|-unboost|p1a: Urshifu|spd|1\n|faint|p2a: Kingambit\n|-end|p2a: Kingambit|fallen2|[silent]\n|\n|upkeep\n|c|\u2606Iamfrutrated|that's tough\n|\n|t:|1699407438\n|switch|p2a: Espathra|Espathra, F|30\/100\n|turn|23\n|c|\u2606Ho to ro kage|Clutch?\n|\n|t:|1699407451\n|move|p2a: Espathra|Protect|p2a: Espathra\n|-singleturn|p2a: Espathra|Protect\n|move|p1a: Urshifu|Ice Punch|p2a: Espathra\n|-damage|p2a: Espathra|0 fnt\n|faint|p2a: Espathra\n|\n|upkeep\n|c|\u2606Iamfrutrated|actually u probably will\n|\n|t:|1699407462\n|switch|p2a: Cloyster|Cloyster, M|58\/100\n|turn|24\n|\n|t:|1699407466\n|-terastallize|p2a: Cloyster|Ice\n|move|p1a: Urshifu|Close Combat|p2a: Cloyster\n|-supereffective|p2a: Cloyster\n|-damage|p2a: Cloyster|0 fnt\n|-unboost|p1a: Urshifu|def|1\n|-unboost|p1a: Urshifu|spd|1\n|faint|p2a: Cloyster\n|\n|upkeep\n|c|\u2606Iamfrutrated|!weak ice\n|c| Iamfrutrated|\/raw <div class=\"infobox\">Ice:<br \/><span class=\"message-effect-weak\">Weaknesses<\/span>: Fighting, Fire, Rock, Steel<br \/><span class=\"message-effect-resist\">Resistances<\/span>: Ice<br \/><span class=\"message-effect-immune\">Immunities<\/span>: Frozen, Hail damage<\/div>\n|c|\u2606Ho to ro kage|WAIT\n|\n|t:|1699407475\n|switch|p2a: Murkrow|Murkrow, M|100\/100\n|turn|25\n|c|\u2606Ho to ro kage|THAT BIRD\n|c|\u2606Iamfrutrated|!weak fight\n|c| Iamfrutrated|\/raw <div class=\"infobox\">fight isn't a recognized type or Pokemon.<\/div>\n|\n|t:|1699407490\n|move|p1a: Urshifu|Close Combat|p2a: Murkrow\n|-enditem|p2a: Murkrow|Focus Sash\n|-damage|p2a: Murkrow|1\/100\n|-unboost|p1a: Urshifu|def|1\n|-unboost|p1a: Urshifu|spd|1\n|move|p2a: Murkrow|Hurricane|p1a: Urshifu\n|-supereffective|p1a: Urshifu\n|-damage|p1a: Urshifu|0 fnt\n|faint|p1a: Urshifu\n|\n|win|Iamfrutrated\n|raw|Ho to ro kage's rating: 1117 &rarr; <strong>1093<\/strong><br \/>(-24 for losing)\n|raw|Iamfrutrated's rating: 1133 &rarr; <strong>1157<\/strong><br \/>(+24 for winning)\n|c|\u2606Iamfrutrated|!weak fighting\n|c| Iamfrutrated|\/raw <div class=\"infobox\">Fighting:<br \/><span class=\"message-effect-weak\">Weaknesses<\/span>: Fairy, Flying, Psychic<br \/><span class=\"message-effect-resist\">Resistances<\/span>: Bug, Dark, Rock<br \/><span class=\"message-effect-immune\">Immunities<\/span>: <font color=#999999>None<\/font><\/div>\n|c|\u2606Iamfrutrated|AHAHAHAHAHaHHAHahaha\n","uploadtime":1699407520,"views":20,"p1id":"hotorokage","p2id":"iamfrutrated","formatid":"gen9anythinggoes","rating":1093,"private":0,"password":""}