{"id":"gen9anythinggoes-1984402069","p1":"Du bk","p2":"15Luap09","format":"[Gen 9] Anything Goes","log":"|j|\u2606Du bk\n|j|\u260615Luap09\n|t:|1699257223\n|gametype|singles\n|player|p1|Du bk|cynthia|1158\n|player|p2|15Luap09|1|1181\n|teamsize|p1|6\n|teamsize|p2|6\n|gen|9\n|tier|[Gen 9] Anything Goes\n|rated|\n|rule|HP Percentage Mod: HP is shown in percentages\n|rule|Endless Battle Clause: Forcing endless battles is banned\n|clearpoke\n|poke|p1|Maushold-Four|\n|poke|p1|Maushold-Four|\n|poke|p1|Maushold-Four|\n|poke|p1|Maushold-Four|\n|poke|p1|Maushold-Four|\n|poke|p1|Maushold-Four|\n|poke|p2|Espathra, M|\n|poke|p2|Grimmsnarl, M|\n|poke|p2|Nacli, F|\n|poke|p2|Dudunsparce-*, F|\n|poke|p2|Scream Tail|\n|poke|p2|Chansey, F|\n|teampreview\n|\n|t:|1699257230\n|start\n|switch|p1a: Maushold|Maushold-Four|100\/100\n|switch|p2a: Grimsley|Grimmsnarl, M, shiny|100\/100\n|turn|1\n|c|\u2606Du bk|Hi there\n|c|\u260615Luap09|Hi\n|c|\u260615Luap09|Nice tem\n|inactive|Battle timer is ON: inactive players will automatically lose when time's up. (requested by Du bk)\n|c|\u260615Luap09|*team\n|c|\u2606Du bk|Thx\n|\n|t:|1699257249\n|move|p2a: Grimsley|Reflect|p2a: Grimsley\n|-sidestart|p2: 15Luap09|Reflect\n|move|p1a: Maushold|Tidy Up|p1a: Maushold\n|-boost|p1a: Maushold|atk|1\n|-boost|p1a: Maushold|spe|1\n|\n|upkeep\n|turn|2\n|\n|t:|1699257257\n|move|p1a: Maushold|Play Rough|p2a: Grimsley\n|-supereffective|p2a: Grimsley\n|-damage|p2a: Grimsley|68\/100\n|move|p2a: Grimsley|Fling|p1a: Maushold\n|-damage|p1a: Maushold|77\/100\n|-status|p1a: Maushold|par\n|-enditem|p2a: Grimsley|Light Ball|[from] move: Fling\n|\n|upkeep\n|turn|3\n|\n|t:|1699257266\n|move|p1a: Maushold|Play Rough|p2a: Grimsley\n|-supereffective|p2a: Grimsley\n|-damage|p2a: Grimsley|32\/100\n|move|p2a: Grimsley|Thief|p1a: Maushold\n|-damage|p1a: Maushold|31\/100 par\n|-enditem|p1a: Maushold|Wide Lens|[silent]|[from] move: Thief|[of] p2a: Grimsley\n|-item|p2a: Grimsley|Wide Lens|[from] move: Thief|[of] p1a: Maushold\n|\n|upkeep\n|turn|4\n|\n|t:|1699257275\n|move|p2a: Grimsley|Light Screen|p2a: Grimsley\n|-sidestart|p2: 15Luap09|move: Light Screen\n|move|p1a: Maushold|Play Rough|p2a: Grimsley\n|-supereffective|p2a: Grimsley\n|-damage|p2a: Grimsley|0 fnt\n|faint|p2a: Grimsley\n|\n|upkeep\n|\n|t:|1699257286\n|switch|p2a: Land Snek|Dudunsparce-Three-Segment, F|100\/100\n|turn|5\n|\n|t:|1699257292\n|move|p1a: Maushold|Agility|p1a: Maushold\n|-boost|p1a: Maushold|spe|2\n|move|p2a: Land Snek|Coil|p2a: Land Snek\n|-boost|p2a: Land Snek|atk|1\n|-boost|p2a: Land Snek|def|1\n|-boost|p2a: Land Snek|accuracy|1\n|\n|-sideend|p2: 15Luap09|Reflect\n|upkeep\n|turn|6\n|\n|t:|1699257302\n|move|p1a: Maushold|Population Bomb|p2a: Land Snek\n|-damage|p2a: Land Snek|90\/100\n|-damage|p2a: Land Snek|79\/100\n|-damage|p2a: Land Snek|69\/100\n|-damage|p2a: Land Snek|59\/100\n|-damage|p2a: Land Snek|49\/100\n|-damage|p2a: Land Snek|39\/100\n|-hitcount|p2a: Land Snek|6\n|move|p2a: Land Snek|Substitute|p2a: Land Snek\n|-start|p2a: Land Snek|Substitute\n|-damage|p2a: Land Snek|14\/100\n|\n|upkeep\n|turn|7\n|\n|t:|1699257317\n|move|p1a: Maushold|Population Bomb|p2a: Land Snek\n|-activate|p2a: Land Snek|move: Substitute|[damage]\n|-hitcount|p2a: Land Snek|1\n|move|p2a: Land Snek|Baton Pass|p2a: Land Snek\n|\n|t:|1699257324\n|switch|p2a: Bigglytuff|Scream Tail, shiny|100\/100|[from] Baton Pass\n|\n|upkeep\n|turn|8\n|\n|t:|1699257330\n|move|p1a: Maushold|Population Bomb|p2a: Bigglytuff\n|-activate|p2a: Bigglytuff|move: Substitute|[damage]\n|-activate|p2a: Bigglytuff|move: Substitute|[damage]\n|-end|p2a: Bigglytuff|Substitute\n|-damage|p2a: Bigglytuff|94\/100\n|-damage|p2a: Bigglytuff|86\/100\n|-damage|p2a: Bigglytuff|80\/100\n|-damage|p2a: Bigglytuff|73\/100\n|-damage|p2a: Bigglytuff|67\/100\n|-damage|p2a: Bigglytuff|59\/100\n|-damage|p2a: Bigglytuff|52\/100\n|-hitcount|p2a: Bigglytuff|10\n|move|p2a: Bigglytuff|Bulk Up|p2a: Bigglytuff\n|-boost|p2a: Bigglytuff|atk|1\n|-boost|p2a: Bigglytuff|def|1\n|\n|-sideend|p2: 15Luap09|move: Light Screen\n|upkeep\n|turn|9\n|\n|t:|1699257348\n|move|p1a: Maushold|Population Bomb|p2a: Bigglytuff\n|-crit|p2a: Bigglytuff\n|-damage|p2a: Bigglytuff|37\/100\n|-damage|p2a: Bigglytuff|33\/100\n|-hitcount|p2a: Bigglytuff|2\n|move|p2a: Bigglytuff|Baton Pass|p2a: Bigglytuff\n|\n|t:|1699257355\n|-end|p2a: Bigglytuff|Protosynthesis|[silent]\n|switch|p2a: Espartame|Espathra, M|100\/100|[from] Baton Pass\n|\n|upkeep\n|turn|10\n|\n|t:|1699257361\n|move|p1a: Maushold|Population Bomb|p2a: Espartame\n|-damage|p2a: Espartame|90\/100\n|-damage|p2a: Espartame|80\/100\n|-hitcount|p2a: Espartame|2\n|move|p2a: Espartame|Substitute|p2a: Espartame\n|-start|p2a: Espartame|Substitute\n|-damage|p2a: Espartame|56\/100\n|\n|-heal|p2a: Espartame|62\/100|[from] item: Leftovers\n|-ability|p2a: Espartame|Speed Boost|boost\n|-boost|p2a: Espartame|spe|1\n|upkeep\n|turn|11\n|\n|t:|1699257376\n|move|p1a: Maushold|Tidy Up|p1a: Maushold\n|-end|p2a: Espartame|Substitute\n|-activate|p1a: Maushold|move: Tidy Up\n|-boost|p1a: Maushold|atk|1\n|-boost|p1a: Maushold|spe|1\n|move|p2a: Espartame|Calm Mind|p2a: Espartame\n|-boost|p2a: Espartame|spa|1\n|-boost|p2a: Espartame|spd|1\n|\n|-heal|p2a: Espartame|68\/100|[from] item: Leftovers\n|-ability|p2a: Espartame|Speed Boost|boost\n|-boost|p2a: Espartame|spe|1\n|upkeep\n|turn|12\n|\n|t:|1699257394\n|move|p2a: Espartame|Lumina Crash|p1a: Maushold\n|-damage|p1a: Maushold|0 fnt\n|faint|p1a: Maushold\n|\n|-heal|p2a: Espartame|74\/100|[from] item: Leftovers\n|-ability|p2a: Espartame|Speed Boost|boost\n|-boost|p2a: Espartame|spe|1\n|upkeep\n|\n|t:|1699257402\n|switch|p1a: Maushold|Maushold-Four|100\/100\n|turn|13\n|\n|t:|1699257410\n|move|p2a: Espartame|Lumina Crash|p1a: Maushold\n|-damage|p1a: Maushold|35\/100\n|-unboost|p1a: Maushold|spd|2\n|move|p1a: Maushold|Population Bomb|p2a: Espartame\n|-damage|p2a: Espartame|67\/100\n|-damage|p2a: Espartame|61\/100\n|-damage|p2a: Espartame|54\/100\n|-damage|p2a: Espartame|47\/100\n|-damage|p2a: Espartame|41\/100\n|-damage|p2a: Espartame|34\/100\n|-damage|p2a: Espartame|27\/100\n|-damage|p2a: Espartame|21\/100\n|-damage|p2a: Espartame|14\/100\n|-damage|p2a: Espartame|7\/100\n|-hitcount|p2a: Espartame|10\n|\n|-heal|p2a: Espartame|13\/100|[from] item: Leftovers\n|-ability|p2a: Espartame|Speed Boost|boost\n|-boost|p2a: Espartame|spe|1\n|upkeep\n|turn|14\n|\n|t:|1699257434\n|move|p2a: Espartame|Lumina Crash|p1a: Maushold\n|-damage|p1a: Maushold|0 fnt\n|faint|p1a: Maushold\n|\n|-heal|p2a: Espartame|19\/100|[from] item: Leftovers\n|-ability|p2a: Espartame|Speed Boost|boost\n|-boost|p2a: Espartame|spe|1\n|upkeep\n|\n|t:|1699257443\n|switch|p1a: Maushold|Maushold-Four|100\/100\n|turn|15\n|\n|t:|1699257449\n|move|p2a: Espartame|Baton Pass|p2a: Espartame\n|\n|t:|1699257451\n|switch|p2a: Salty DC?|Nacli, F, shiny|100\/100|[from] Baton Pass\n|move|p1a: Maushold|Population Bomb|p2a: Salty DC?\n|-resisted|p2a: Salty DC?\n|-damage|p2a: Salty DC?|97\/100\n|-damage|p1a: Maushold|84\/100|[from] item: Rocky Helmet|[of] p2a: Salty DC?\n|-resisted|p2a: Salty DC?\n|-damage|p2a: Salty DC?|93\/100\n|-damage|p1a: Maushold|67\/100|[from] item: Rocky Helmet|[of] p2a: Salty DC?\n|-resisted|p2a: Salty DC?\n|-damage|p2a: Salty DC?|90\/100\n|-damage|p1a: Maushold|51\/100|[from] item: Rocky Helmet|[of] p2a: Salty DC?\n|-resisted|p2a: Salty DC?\n|-damage|p2a: Salty DC?|86\/100\n|-damage|p1a: Maushold|34\/100|[from] item: Rocky Helmet|[of] p2a: Salty DC?\n|-resisted|p2a: Salty DC?\n|-damage|p2a: Salty DC?|82\/100\n|-damage|p1a: Maushold|17\/100|[from] item: Rocky Helmet|[of] p2a: Salty DC?\n|-resisted|p2a: Salty DC?\n|-damage|p2a: Salty DC?|78\/100\n|-damage|p1a: Maushold|1\/100|[from] item: Rocky Helmet|[of] p2a: Salty DC?\n|-resisted|p2a: Salty DC?\n|-damage|p2a: Salty DC?|74\/100\n|-damage|p1a: Maushold|0 fnt|[from] item: Rocky Helmet|[of] p2a: Salty DC?\n|faint|p1a: Maushold\n|-hitcount|p2a: Salty DC?|7\n|\n|upkeep\n|inactive|Du bk has 120 seconds left.\n|\n|t:|1699257476\n|switch|p1a: Maushold|Maushold-Four|100\/100\n|turn|16\n|\n|t:|1699257484\n|move|p1a: Maushold|Agility|p1a: Maushold\n|-boost|p1a: Maushold|spe|2\n|move|p2a: Salty DC?|Recover|p2a: Salty DC?\n|-heal|p2a: Salty DC?|100\/100\n|\n|upkeep\n|turn|17\n|\n|t:|1699257492\n|move|p1a: Maushold|Tidy Up|p1a: Maushold\n|-boost|p1a: Maushold|atk|1\n|-boost|p1a: Maushold|spe|1\n|move|p2a: Salty DC?|Ancient Power|p1a: Maushold\n|-damage|p1a: Maushold|62\/100\n|\n|upkeep\n|turn|18\n|\n|t:|1699257504\n|move|p1a: Maushold|Crunch|p2a: Salty DC?\n|-damage|p2a: Salty DC?|79\/100\n|-damage|p1a: Maushold|45\/100|[from] item: Rocky Helmet|[of] p2a: Salty DC?\n|move|p2a: Salty DC?|Ancient Power|p1a: Maushold\n|-damage|p1a: Maushold|12\/100\n|\n|upkeep\n|turn|19\n|\n|t:|1699257514\n|move|p1a: Maushold|Population Bomb|p2a: Salty DC?\n|-resisted|p2a: Salty DC?\n|-damage|p2a: Salty DC?|73\/100\n|-damage|p1a: Maushold|0 fnt|[from] item: Rocky Helmet|[of] p2a: Salty DC?\n|faint|p1a: Maushold\n|-hitcount|p2a: Salty DC?|1\n|move|p2a: Salty DC?|Recover|p2a: Salty DC?\n|-heal|p2a: Salty DC?|100\/100\n|\n|upkeep\n|\n|t:|1699257528\n|switch|p1a: Maushold|Maushold-Four|100\/100\n|turn|20\n|\n|t:|1699257539\n|move|p1a: Maushold|Bullet Seed|p2a: Salty DC?\n|-supereffective|p2a: Salty DC?\n|-damage|p2a: Salty DC?|87\/100\n|-supereffective|p2a: Salty DC?\n|-damage|p2a: Salty DC?|74\/100\n|-hitcount|p2a: Salty DC?|2\n|move|p2a: Salty DC?|Ancient Power|p1a: Maushold\n|-damage|p1a: Maushold|62\/100\n|\n|upkeep\n|turn|21\n|\n|t:|1699257550\n|-terastallize|p2a: Salty DC?|Grass\n|move|p1a: Maushold|Chilling Water|p2a: Salty DC?\n|-resisted|p2a: Salty DC?\n|-crit|p2a: Salty DC?\n|-damage|p2a: Salty DC?|54\/100\n|-unboost|p2a: Salty DC?|atk|1\n|move|p2a: Salty DC?|Ancient Power|p1a: Maushold\n|-damage|p1a: Maushold|22\/100\n|\n|upkeep\n|turn|22\n|\n|t:|1699257559\n|move|p1a: Maushold|Chilling Water|p2a: Salty DC?\n|-resisted|p2a: Salty DC?\n|-damage|p2a: Salty DC?|45\/100\n|-unboost|p2a: Salty DC?|atk|1\n|move|p2a: Salty DC?|Ancient Power|p1a: Maushold\n|-damage|p1a: Maushold|0 fnt\n|faint|p1a: Maushold\n|\n|upkeep\n|\n|t:|1699257568\n|switch|p1a: Maushold|Maushold-Four|100\/100\n|turn|23\n|\n|t:|1699257573\n|-terastallize|p1a: Maushold|Ground\n|move|p1a: Maushold|Chilling Water|p2a: Salty DC?\n|-resisted|p2a: Salty DC?\n|-damage|p2a: Salty DC?|35\/100\n|-unboost|p2a: Salty DC?|atk|1\n|move|p2a: Salty DC?|Recover|p2a: Salty DC?\n|-heal|p2a: Salty DC?|85\/100\n|\n|upkeep\n|turn|24\n|\n|t:|1699257587\n|move|p1a: Maushold|Shadow Claw|p2a: Salty DC?\n|-damage|p2a: Salty DC?|79\/100\n|-damage|p1a: Maushold|84\/100|[from] item: Rocky Helmet|[of] p2a: Salty DC?\n|move|p2a: Salty DC?|Ancient Power|p1a: Maushold\n|-resisted|p1a: Maushold\n|-damage|p1a: Maushold|66\/100\n|\n|upkeep\n|turn|25\n|c|\u2606Du bk|Gg.\n|\n|t:|1699257598\n|move|p1a: Maushold|Chilling Water|p2a: Salty DC?\n|-resisted|p2a: Salty DC?\n|-damage|p2a: Salty DC?|69\/100\n|-unboost|p2a: Salty DC?|atk|1\n|move|p2a: Salty DC?|Ancient Power|p1a: Maushold\n|-resisted|p1a: Maushold\n|-damage|p1a: Maushold|48\/100\n|-boost|p2a: Salty DC?|atk|1\n|-boost|p2a: Salty DC?|def|1\n|-boost|p2a: Salty DC?|spa|1\n|-boost|p2a: Salty DC?|spd|1\n|-boost|p2a: Salty DC?|spe|1\n|\n|upkeep\n|turn|26\n|\n|t:|1699257613\n|move|p1a: Maushold|Shadow Claw|p2a: Salty DC?\n|-damage|p2a: Salty DC?|64\/100\n|-damage|p1a: Maushold|31\/100|[from] item: Rocky Helmet|[of] p2a: Salty DC?\n|move|p2a: Salty DC?|Flash Cannon|p1a: Maushold\n|-damage|p1a: Maushold|0 fnt\n|faint|p1a: Maushold\n|\n|win|15Luap09\n|raw|Du bk's rating: 1158 &rarr; <strong>1135<\/strong><br \/>(-23 for losing)\n|raw|15Luap09's rating: 1181 &rarr; <strong>1204<\/strong><br \/>(+23 for winning)\n|l|\u2606Du bk\n|c|\u260615Luap09|GG\n","uploadtime":1699257631,"views":16,"p1id":"dubk","p2id":"15luap09","formatid":"gen9anythinggoes","rating":1135,"private":0,"password":""}