{"id":"gen9anythinggoes-2000347374","p1":"seba 8523","p2":"TheFireGuy123","format":"[Gen 9] Anything Goes","log":"|j|\u2606seba 8523\n|j|\u2606TheFireGuy123\n|t:|1701187071\n|gametype|singles\n|player|p1|seba 8523|acetrainersnow|1183\n|player|p2|TheFireGuy123|101|1299\n|teamsize|p1|6\n|teamsize|p2|6\n|gen|9\n|tier|[Gen 9] Anything Goes\n|rated|\n|rule|HP Percentage Mod: HP is shown in percentages\n|rule|Endless Battle Clause: Forcing endless battles is banned\n|clearpoke\n|poke|p1|Inteleon, M|\n|poke|p1|Typhlosion, M|\n|poke|p1|Clefable, F|\n|poke|p1|Tsareena, F|\n|poke|p1|Sandslash, M|\n|poke|p1|Goodra-Hisui, F|\n|poke|p2|Meloetta|\n|poke|p2|Slaking, M|\n|poke|p2|Dialga-Origin|\n|poke|p2|Delphox, F|\n|poke|p2|Inteleon, M|\n|poke|p2|Decidueye, M|\n|teampreview\n|\n|t:|1701187077\n|start\n|switch|p1a: L E G S|Tsareena, F|100\/100\n|switch|p2a: *screams*|Meloetta|100\/100\n|turn|1\n|\n|t:|1701187082\n|move|p2a: *screams*|Hyper Beam|p1a: L E G S\n|-damage|p1a: L E G S|12\/100\n|-mustrecharge|p2a: *screams*\n|move|p1a: L E G S|Rapid Spin|p2a: *screams*\n|-damage|p2a: *screams*|83\/100\n|-boost|p1a: L E G S|spe|1\n|\n|upkeep\n|turn|2\n|\n|t:|1701187090\n|move|p1a: L E G S|Trop Kick|p2a: *screams*\n|-damage|p2a: *screams*|40\/100\n|-unboost|p2a: *screams*|atk|1\n|cant|p2a: *screams*|recharge\n|\n|upkeep\n|turn|3\n|\n|t:|1701187096\n|move|p1a: L E G S|Trop Kick|p2a: *screams*\n|-damage|p2a: *screams*|0 fnt\n|faint|p2a: *screams*\n|\n|upkeep\n|\n|t:|1701187101\n|switch|p2a: *SCREAMS LOUDLY*|Dialga-Origin, shiny|100\/100\n|-ability|p2a: *SCREAMS LOUDLY*|Pressure\n|turn|4\n|\n|t:|1701187105\n|move|p1a: L E G S|High Jump Kick|p2a: *SCREAMS LOUDLY*|[miss]\n|-miss|p1a: L E G S|p2a: *SCREAMS LOUDLY*\n|-damage|p1a: L E G S|0 fnt|[from] highjumpkick\n|faint|p1a: L E G S\n|move|p2a: *SCREAMS LOUDLY*|Flash Cannon|p1: L E G S|[notarget]\n|-fail|p2a: *SCREAMS LOUDLY*\n|\n|upkeep\n|\n|t:|1701187117\n|switch|p1a: Tiny Ball|Sandslash, M, shiny|100\/100\n|turn|5\n|\n|t:|1701187120\n|move|p2a: *SCREAMS LOUDLY*|Roar of Time|p1a: Tiny Ball\n|-damage|p1a: Tiny Ball|0 fnt\n|-mustrecharge|p2a: *SCREAMS LOUDLY*\n|faint|p1a: Tiny Ball\n|\n|upkeep\n|\n|t:|1701187125\n|switch|p1a: Twinkle|Clefable, F, shiny|100\/100\n|turn|6\n|\n|t:|1701187131\n|switch|p1a: Furnace|Typhlosion, M|100\/100\n|cant|p2a: *SCREAMS LOUDLY*|recharge\n|\n|upkeep\n|turn|7\n|\n|t:|1701187138\n|move|p2a: *SCREAMS LOUDLY*|Roar of Time|p1a: Furnace\n|-damage|p1a: Furnace|0 fnt\n|-mustrecharge|p2a: *SCREAMS LOUDLY*\n|faint|p1a: Furnace\n|\n|upkeep\n|\n|t:|1701187145\n|switch|p1a: James Pond|Inteleon, M|100\/100\n|turn|8\n|\n|t:|1701187148\n|move|p1a: James Pond|Snipe Shot|p2a: *SCREAMS LOUDLY*\n|-resisted|p2a: *SCREAMS LOUDLY*\n|-crit|p2a: *SCREAMS LOUDLY*\n|-damage|p2a: *SCREAMS LOUDLY*|67\/100\n|cant|p2a: *SCREAMS LOUDLY*|recharge\n|\n|upkeep\n|turn|9\n|\n|t:|1701187153\n|switch|p1a: Twinkle|Clefable, F, shiny|100\/100\n|move|p2a: *SCREAMS LOUDLY*|Roar of Time|p1a: Twinkle\n|-immune|p1a: Twinkle\n|\n|-status|p1a: Twinkle|tox|[from] item: Toxic Orb\n|upkeep\n|turn|10\n|\n|t:|1701187164\n|switch|p1a: \u30cc\u30e1\u30eb\u30b4\u30f3|Goodra-Hisui, F|100\/100\n|move|p2a: *SCREAMS LOUDLY*|Flash Cannon|p1a: \u30cc\u30e1\u30eb\u30b4\u30f3\n|-resisted|p1a: \u30cc\u30e1\u30eb\u30b4\u30f3\n|-damage|p1a: \u30cc\u30e1\u30eb\u30b4\u30f3|82\/100\n|\n|-heal|p1a: \u30cc\u30e1\u30eb\u30b4\u30f3|88\/100|[from] item: Leftovers\n|upkeep\n|turn|11\n|\n|t:|1701187175\n|-terastallize|p2a: *SCREAMS LOUDLY*|Dragon\n|move|p2a: *SCREAMS LOUDLY*|Roar of Time|p1a: \u30cc\u30e1\u30eb\u30b4\u30f3\n|-damage|p1a: \u30cc\u30e1\u30eb\u30b4\u30f3|0 fnt\n|-mustrecharge|p2a: *SCREAMS LOUDLY*\n|faint|p1a: \u30cc\u30e1\u30eb\u30b4\u30f3\n|\n|upkeep\n|\n|t:|1701187180\n|switch|p1a: Twinkle|Clefable, F, shiny|100\/100 tox\n|turn|12\n|\n|t:|1701187182\n|cant|p2a: *SCREAMS LOUDLY*|recharge\n|move|p1a: Twinkle|Moonblast|p2a: *SCREAMS LOUDLY*\n|-supereffective|p2a: *SCREAMS LOUDLY*\n|-damage|p2a: *SCREAMS LOUDLY*|2\/100\n|\n|upkeep\n|turn|13\n|\n|t:|1701187189\n|switch|p2a: furry bait|Delphox, F, shiny|100\/100\n|move|p1a: Twinkle|Moonblast|p2a: furry bait\n|-resisted|p2a: furry bait\n|-damage|p2a: furry bait|79\/100\n|\n|upkeep\n|turn|14\n|\n|t:|1701187195\n|move|p2a: furry bait|Blast Burn|p1a: Twinkle\n|-damage|p1a: Twinkle|20\/100 tox\n|-mustrecharge|p2a: furry bait\n|move|p1a: Twinkle|Cosmic Power|p1a: Twinkle\n|-boost|p1a: Twinkle|def|1\n|-boost|p1a: Twinkle|spd|1\n|\n|upkeep\n|turn|15\n|\n|t:|1701187200\n|cant|p2a: furry bait|recharge\n|move|p1a: Twinkle|Moonlight|p1a: Twinkle\n|-heal|p1a: Twinkle|70\/100 tox\n|\n|upkeep\n|turn|16\n|\n|t:|1701187205\n|move|p2a: furry bait|Psyshock|p1a: Twinkle\n|-damage|p1a: Twinkle|44\/100 tox\n|move|p1a: Twinkle|Moonlight|p1a: Twinkle\n|-heal|p1a: Twinkle|94\/100 tox\n|\n|upkeep\n|turn|17\n|\n|t:|1701187215\n|move|p2a: furry bait|Blast Burn|p1a: Twinkle\n|-damage|p1a: Twinkle|41\/100 tox\n|-mustrecharge|p2a: furry bait\n|move|p1a: Twinkle|Cosmic Power|p1a: Twinkle\n|-boost|p1a: Twinkle|def|1\n|-boost|p1a: Twinkle|spd|1\n|\n|upkeep\n|turn|18\n|\n|t:|1701187219\n|cant|p2a: furry bait|recharge\n|move|p1a: Twinkle|Moonlight|p1a: Twinkle\n|-heal|p1a: Twinkle|91\/100 tox\n|\n|upkeep\n|turn|19\n|c|\u2606TheFireGuy123|zzz\n|\n|t:|1701187231\n|move|p2a: furry bait|Blast Burn|p1a: Twinkle\n|-damage|p1a: Twinkle|51\/100 tox\n|-mustrecharge|p2a: furry bait\n|move|p1a: Twinkle|Cosmic Power|p1a: Twinkle\n|-boost|p1a: Twinkle|def|1\n|-boost|p1a: Twinkle|spd|1\n|\n|upkeep\n|turn|20\n|\n|t:|1701187237\n|cant|p2a: furry bait|recharge\n|move|p1a: Twinkle|Moonlight|p1a: Twinkle\n|-heal|p1a: Twinkle|100\/100 tox\n|\n|upkeep\n|turn|21\n|c|\u2606TheFireGuy123|stall kid zzz\n|\n|t:|1701187246\n|switch|p2a: *SCREAMS LOUDLY*|Dialga-Origin, shiny, tera:Dragon|2\/100\n|-ability|p2a: *SCREAMS LOUDLY*|Pressure\n|move|p1a: Twinkle|Cosmic Power|p1a: Twinkle\n|-boost|p1a: Twinkle|def|1\n|-boost|p1a: Twinkle|spd|1\n|\n|upkeep\n|turn|22\n|\n|t:|1701187254\n|-terastallize|p1a: Twinkle|Steel\n|move|p2a: *SCREAMS LOUDLY*|Flash Cannon|p1a: Twinkle\n|-resisted|p1a: Twinkle\n|-damage|p1a: Twinkle|91\/100 tox\n|move|p1a: Twinkle|Moonblast|p2a: *SCREAMS LOUDLY*\n|-supereffective|p2a: *SCREAMS LOUDLY*\n|-damage|p2a: *SCREAMS LOUDLY*|0 fnt\n|faint|p2a: *SCREAMS LOUDLY*\n|\n|upkeep\n|c|\u2606TheFireGuy123|ZZZZZ\n|\n|t:|1701187264\n|switch|p2a: furry bait|Delphox, F, shiny|79\/100\n|turn|23\n|c|\u2606TheFireGuy123|PLEASE CRIT\n|\n|t:|1701187272\n|move|p2a: furry bait|Blast Burn|p1a: Twinkle\n|-supereffective|p1a: Twinkle\n|-damage|p1a: Twinkle|35\/100 tox\n|-mustrecharge|p2a: furry bait\n|move|p1a: Twinkle|Trick|p2a: furry bait\n|-activate|p1a: Twinkle|move: Trick|[of] p2a: furry bait\n|-item|p2a: furry bait|Toxic Orb|[from] move: Trick\n|-item|p1a: Twinkle|Charcoal|[from] move: Trick\n|\n|-status|p2a: furry bait|tox|[from] item: Toxic Orb\n|upkeep\n|turn|24\n|\n|t:|1701187280\n|cant|p2a: furry bait|recharge\n|move|p1a: Twinkle|Moonlight|p1a: Twinkle\n|-heal|p1a: Twinkle|85\/100 tox\n|\n|-damage|p2a: furry bait|72\/100 tox|[from] psn\n|upkeep\n|turn|25\n|\n|t:|1701187287\n|move|p2a: furry bait|Blast Burn|p1a: Twinkle\n|-supereffective|p1a: Twinkle\n|-damage|p1a: Twinkle|33\/100 tox\n|-mustrecharge|p2a: furry bait\n|move|p1a: Twinkle|Trick|p2a: furry bait\n|-activate|p1a: Twinkle|move: Trick|[of] p2a: furry bait\n|-item|p2a: furry bait|Charcoal|[from] move: Trick\n|-item|p1a: Twinkle|Toxic Orb|[from] move: Trick\n|\n|-damage|p2a: furry bait|60\/100 tox|[from] psn\n|upkeep\n|turn|26\n|\n|t:|1701187294\n|cant|p2a: furry bait|recharge\n|move|p1a: Twinkle|Moonlight|p1a: Twinkle\n|-heal|p1a: Twinkle|83\/100 tox\n|\n|-damage|p2a: furry bait|41\/100 tox|[from] psn\n|upkeep\n|turn|27\n|\n|t:|1701187301\n|move|p2a: furry bait|Blast Burn|p1a: Twinkle\n|-supereffective|p1a: Twinkle\n|-damage|p1a: Twinkle|30\/100 tox\n|-mustrecharge|p2a: furry bait\n|move|p1a: Twinkle|Moonlight|p1a: Twinkle\n|-heal|p1a: Twinkle|80\/100 tox\n|\n|-damage|p2a: furry bait|17\/100 tox|[from] psn\n|upkeep\n|turn|28\n|c|\u2606TheFireGuy123|zZzZzZz\n|\n|t:|1701187311\n|cant|p2a: furry bait|recharge\n|move|p1a: Twinkle|Cosmic Power|p1a: Twinkle\n|-boost|p1a: Twinkle|def|1\n|-boost|p1a: Twinkle|spd|1\n|\n|-damage|p2a: furry bait|0 fnt|[from] psn\n|faint|p2a: furry bait\n|upkeep\n|c|\u2606TheFireGuy123|ZZZZZZZZZZZZZZ\n|-message|TheFireGuy123 forfeited.\n|\n|win|seba 8523\n|raw|seba 8523's rating: 1183 &rarr; <strong>1216<\/strong><br \/>(+33 for winning)\n|raw|TheFireGuy123's rating: 1299 &rarr; <strong>1266<\/strong><br \/>(-33 for losing)\n|l|\u2606TheFireGuy123\n","uploadtime":1701187340,"views":0,"p1id":"seba8523","p2id":"thefireguy123","formatid":"gen9anythinggoes","rating":1216,"private":0,"password":""}