{"id":"gen9anythinggoes-1984962266","p1":"Ehtasham","p2":"MalikSab","format":"[Gen 9] Anything Goes","log":"|j|\u2606Ehtasham\n|j|\u2606MalikSab\n|t:|1699315239\n|gametype|singles\n|player|p1|Ehtasham|102|\n|player|p2|MalikSab|102|\n|teamsize|p1|6\n|teamsize|p2|6\n|gen|9\n|tier|[Gen 9] Anything Goes\n|rule|HP Percentage Mod: HP is shown in percentages\n|rule|Endless Battle Clause: Forcing endless battles is banned\n|clearpoke\n|poke|p1|Ceruledge, F|\n|poke|p1|Sylveon, F|\n|poke|p1|Salamence, F|\n|poke|p1|Great Tusk|\n|poke|p1|Toxtricity, M|\n|poke|p1|Zoroark, M|\n|poke|p2|Dragalge, F|\n|poke|p2|Gholdengo|\n|poke|p2|Skeledirge, M|\n|poke|p2|Hydreigon, F|\n|poke|p2|Haxorus, F|\n|poke|p2|Iron Jugulis|\n|teampreview\n|\n|t:|1699315258\n|start\n|switch|p1a: Great Tusk|Great Tusk|100\/100\n|switch|p2a: Skeledirge|Skeledirge, M|100\/100\n|turn|1\n|\n|t:|1699315268\n|move|p1a: Great Tusk|Nasty Plot|p1a: Great Tusk\n|-boost|p1a: Great Tusk|spa|2\n|move|p2a: Skeledirge|Yawn|p1a: Great Tusk\n|-start|p1a: Great Tusk|move: Yawn|[of] p2a: Skeledirge\n|\n|upkeep\n|turn|2\n|\n|t:|1699315284\n|switch|p2a: Iron Jugulis|Iron Jugulis|100\/100\n|-enditem|p2a: Iron Jugulis|Booster Energy\n|-activate|p2a: Iron Jugulis|ability: Quark Drive|[fromitem]\n|-start|p2a: Iron Jugulis|quarkdrivespa\n|move|p1a: Great Tusk|Shadow Ball|p2a: Iron Jugulis\n|-resisted|p2a: Iron Jugulis\n|-damage|p2a: Iron Jugulis|74\/100\n|-unboost|p2a: Iron Jugulis|spd|1\n|\n|-end|p1a: Great Tusk|move: Yawn|[silent]\n|-status|p1a: Great Tusk|slp\n|upkeep\n|turn|3\n|\n|t:|1699315310\n|switch|p1a: Toxtricity|Toxtricity, M|100\/100\n|move|p2a: Iron Jugulis|Dark Pulse|p1a: Toxtricity\n|-damage|p1a: Toxtricity|38\/100\n|\n|upkeep\n|turn|4\n|\n|t:|1699315325\n|move|p2a: Iron Jugulis|Dark Pulse|p1a: Toxtricity\n|-damage|p1a: Toxtricity|0 fnt\n|faint|p1a: Toxtricity\n|\n|upkeep\n|\n|t:|1699315339\n|switch|p1a: Sylveon|Sylveon, F|100\/100\n|turn|5\n|\n|t:|1699315345\n|move|p2a: Iron Jugulis|Fly||[still]\n|-prepare|p2a: Iron Jugulis|Fly\n|move|p1a: Sylveon|Hyper Voice|p2a: Iron Jugulis|[miss]\n|-miss|p1a: Sylveon|p2a: Iron Jugulis\n|\n|upkeep\n|turn|6\n|\n|t:|1699315350\n|move|p2a: Iron Jugulis|Fly|p1a: Sylveon|[from]lockedmove\n|-damage|p1a: Sylveon|81\/100\n|move|p1a: Sylveon|Hyper Voice|p2a: Iron Jugulis\n|-supereffective|p2a: Iron Jugulis\n|-damage|p2a: Iron Jugulis|0 fnt\n|faint|p2a: Iron Jugulis\n|-end|p2a: Iron Jugulis|Quark Drive|[silent]\n|\n|-heal|p1a: Sylveon|88\/100|[from] item: Leftovers\n|upkeep\n|\n|t:|1699315367\n|switch|p2a: Dragalge|Dragalge, F|100\/100\n|turn|7\n|\n|t:|1699315376\n|move|p1a: Sylveon|Protect|p1a: Sylveon\n|-singleturn|p1a: Sylveon|Protect\n|move|p2a: Dragalge|Venoshock|p1a: Sylveon\n|-activate|p1a: Sylveon|move: Protect\n|\n|-heal|p1a: Sylveon|94\/100|[from] item: Leftovers\n|upkeep\n|turn|8\n|\n|t:|1699315394\n|switch|p1a: Great Tusk|Great Tusk|100\/100\n|-enditem|p1a: Great Tusk|Booster Energy\n|-activate|p1a: Great Tusk|ability: Protosynthesis|[fromitem]\n|-start|p1a: Great Tusk|protosynthesisatk\n|move|p2a: Dragalge|Toxic|p1a: Great Tusk\n|-status|p1a: Great Tusk|tox\n|\n|-damage|p1a: Great Tusk|94\/100 tox|[from] psn\n|upkeep\n|turn|9\n|\n|t:|1699315405\n|move|p2a: Dragalge|Protect|p2a: Dragalge\n|-singleturn|p2a: Dragalge|Protect\n|move|p1a: Great Tusk|Earthquake|p2a: Dragalge\n|-activate|p2a: Dragalge|move: Protect\n|\n|-damage|p1a: Great Tusk|82\/100 tox|[from] psn\n|upkeep\n|turn|10\n|\n|t:|1699315418\n|move|p1a: Great Tusk|Earthquake|p2a: Dragalge\n|-supereffective|p2a: Dragalge\n|-damage|p2a: Dragalge|0 fnt\n|faint|p2a: Dragalge\n|\n|-damage|p1a: Great Tusk|63\/100 tox|[from] psn\n|upkeep\n|\n|t:|1699315432\n|switch|p2a: Hydreigon|Hydreigon, F|100\/100\n|turn|11\n|\n|t:|1699315438\n|move|p2a: Hydreigon|Substitute|p2a: Hydreigon\n|-start|p2a: Hydreigon|Substitute\n|-damage|p2a: Hydreigon|76\/100\n|move|p1a: Great Tusk|Ice Spinner|p2a: Hydreigon\n|-supereffective|p2a: Hydreigon\n|-end|p2a: Hydreigon|Substitute\n|\n|-heal|p2a: Hydreigon|82\/100|[from] item: Leftovers\n|-damage|p1a: Great Tusk|39\/100 tox|[from] psn\n|upkeep\n|turn|12\n|\n|t:|1699315450\n|move|p1a: Great Tusk|Ice Spinner|p2a: Hydreigon\n|-supereffective|p2a: Hydreigon\n|-damage|p2a: Hydreigon|0 fnt\n|faint|p2a: Hydreigon\n|\n|-damage|p1a: Great Tusk|8\/100 tox|[from] psn\n|upkeep\n|\n|t:|1699315458\n|switch|p2a: Gholdengo|Gholdengo|100\/100\n|turn|13\n|\n|t:|1699315468\n|switch|p2a: Haxorus|Haxorus, F|100\/100\n|move|p1a: Great Tusk|Ice Spinner|p2a: Haxorus\n|-supereffective|p2a: Haxorus\n|-damage|p2a: Haxorus|14\/100\n|\n|-damage|p1a: Great Tusk|0 fnt|[from] psn\n|faint|p1a: Great Tusk\n|-end|p1a: Great Tusk|Protosynthesis|[silent]\n|upkeep\n|\n|t:|1699315481\n|switch|p1a: Salamence|Salamence, F|100\/100\n|-ability|p1a: Salamence|Intimidate|boost\n|-unboost|p2a: Haxorus|atk|1\n|turn|14\n|\n|t:|1699315500\n|move|p1a: Salamence|Dragon Claw|p2a: Haxorus\n|-supereffective|p2a: Haxorus\n|-damage|p2a: Haxorus|0 fnt\n|faint|p2a: Haxorus\n|-damage|p1a: Salamence|91\/100|[from] item: Life Orb\n|\n|upkeep\n|\n|t:|1699315510\n|switch|p2a: Skeledirge|Skeledirge, M|100\/100\n|turn|15\n|\n|t:|1699315524\n|-terastallize|p2a: Skeledirge|Ground\n|move|p1a: Salamence|Dragon Dance|p1a: Salamence\n|-boost|p1a: Salamence|atk|1\n|-boost|p1a: Salamence|spe|1\n|move|p2a: Skeledirge|Shadow Ball|p1a: Salamence\n|-damage|p1a: Salamence|42\/100\n|\n|upkeep\n|turn|16\n|\n|t:|1699315542\n|move|p1a: Salamence|Crunch|p2a: Skeledirge\n|-damage|p2a: Skeledirge|68\/100\n|-damage|p1a: Salamence|32\/100|[from] item: Life Orb\n|move|p2a: Skeledirge|Shadow Ball|p1a: Salamence\n|-damage|p1a: Salamence|0 fnt\n|faint|p1a: Salamence\n|\n|upkeep\n|\n|t:|1699315565\n|switch|p1a: Sylveon|Sylveon, F|100\/100 slp\n|turn|17\n|\n|t:|1699315575\n|cant|p1a: Sylveon|slp\n|move|p2a: Skeledirge|Shadow Ball|p1a: Sylveon\n|-resisted|p1a: Sylveon\n|-damage|p1a: Sylveon|63\/100 slp\n|replace|p1a: Zoroark|Zoroark, M\n|-end|p1a: Zoroark|Illusion\n|\n|upkeep\n|turn|18\n|\n|t:|1699315585\n|cant|p1a: Zoroark|slp\n|move|p2a: Skeledirge|Shadow Ball|p1a: Zoroark\n|-resisted|p1a: Zoroark\n|-damage|p1a: Zoroark|25\/100 slp\n|\n|upkeep\n|turn|19\n|\n|t:|1699315599\n|cant|p1a: Zoroark|slp\n|move|p2a: Skeledirge|Shadow Ball|p1a: Zoroark\n|-resisted|p1a: Zoroark\n|-damage|p1a: Zoroark|0 fnt\n|faint|p1a: Zoroark\n|\n|upkeep\n|\n|t:|1699315614\n|switch|p1a: Sylveon|Sylveon, F|94\/100\n|turn|20\n|\n|t:|1699315619\n|move|p2a: Skeledirge|Shadow Ball|p1a: Sylveon\n|-damage|p1a: Sylveon|65\/100\n|move|p1a: Sylveon|Hyper Voice|p2a: Skeledirge\n|-damage|p2a: Skeledirge|24\/100\n|\n|-heal|p1a: Sylveon|72\/100|[from] item: Leftovers\n|upkeep\n|turn|21\n|\n|t:|1699315636\n|switch|p2a: Gholdengo|Gholdengo|100\/100\n|move|p1a: Sylveon|Hyper Voice|p2a: Gholdengo\n|-resisted|p2a: Gholdengo\n|-damage|p2a: Gholdengo|78\/100\n|\n|-heal|p1a: Sylveon|78\/100|[from] item: Leftovers\n|upkeep\n|turn|22\n|\n|t:|1699315647\n|move|p1a: Sylveon|Protect|p1a: Sylveon\n|-singleturn|p1a: Sylveon|Protect\n|move|p2a: Gholdengo|Make It Rain|p1a: Sylveon\n|-activate|p1a: Sylveon|move: Protect\n|\n|-heal|p1a: Sylveon|84\/100|[from] item: Leftovers\n|upkeep\n|turn|23\n|\n|t:|1699315662\n|switch|p1a: Ceruledge|Ceruledge, F|100\/100\n|move|p2a: Gholdengo|Recover|p2a: Gholdengo\n|-heal|p2a: Gholdengo|100\/100\n|\n|upkeep\n|turn|24\n|\n|t:|1699315674\n|-terastallize|p1a: Ceruledge|Fire\n|move|p1a: Ceruledge|Bitter Blade|p2a: Gholdengo\n|-supereffective|p2a: Gholdengo\n|-damage|p2a: Gholdengo|0 fnt\n|-damage|p1a: Ceruledge|84\/100|[from] item: Rocky Helmet|[of] p2a: Gholdengo\n|faint|p2a: Gholdengo\n|\n|upkeep\n|\n|t:|1699315684\n|switch|p2a: Skeledirge|Skeledirge, M, tera:Ground|24\/100\n|turn|25\n|\n|t:|1699315689\n|move|p1a: Ceruledge|Dragon Claw|p2a: Skeledirge\n|-damage|p2a: Skeledirge|1\/100\n|move|p2a: Skeledirge|Shadow Ball|p1a: Ceruledge\n|-damage|p1a: Ceruledge|39\/100\n|\n|upkeep\n|turn|26\n|\n|t:|1699315696\n|move|p1a: Ceruledge|Dragon Claw|p2a: Skeledirge\n|-damage|p2a: Skeledirge|0 fnt\n|faint|p2a: Skeledirge\n|\n|win|Ehtasham\n","uploadtime":1699315710,"views":13,"p1id":"ehtasham","p2id":"maliksab","formatid":"gen9anythinggoes","rating":0,"private":0,"password":""}