{"id":"gen9anythinggoes-1989524908","p1":"NDUU9SCRN e","p2":"AGLP 1","format":"[Gen 9] Anything Goes","log":"|j|\u2606NDUU9SCRN e\n|j|\u2606AGLP 1\n|t:|1699865587\n|gametype|singles\n|player|p1|NDUU9SCRN e|erika-gen2|\n|player|p2|AGLP 1|anabel|\n|teamsize|p1|6\n|teamsize|p2|6\n|gen|9\n|tier|[Gen 9] Anything Goes\n|rule|HP Percentage Mod: HP is shown in percentages\n|rule|Endless Battle Clause: Forcing endless battles is banned\n|clearpoke\n|poke|p1|Toxapex, M|\n|poke|p1|Giratina-Origin|\n|poke|p1|Arceus-Fairy|\n|poke|p1|Ting-Lu|\n|poke|p1|Zacian-*|\n|poke|p1|Koraidon|\n|poke|p2|Calyrex-Shadow|\n|poke|p2|Zacian-*|\n|poke|p2|Landorus-Therian, M|\n|poke|p2|Ting-Lu|\n|poke|p2|Koraidon|\n|poke|p2|Arceus|\n|teampreview\n|inactive|Battle timer is ON: inactive players will automatically lose when time's up. (requested by NDUU9SCRN e)\n|inactive|AGLP 1 also wants the timer to be on.\n|j| Zealo\n|c| Zealo|yo NDUU9SCRN e\n|c|\u2606AGLP 1|Now need to concentrate\n|c| Zealo|u got a pla\n|c| Zealo|plan\n|inactive|AGLP 1 has 270 seconds left.\n|c| Zealo|ill just wait for petar to get in a match\n|c| Zealo|then get in a match\n|\n|t:|1699865631\n|start\n|switch|p1a: Innocence|Arceus-Fairy|100\/100\n|switch|p2a: Landorus|Landorus-Therian, M|100\/100\n|-ability|p2a: Landorus|Intimidate|boost\n|-unboost|p1a: Innocence|atk|1\n|turn|1\n|c|\u2606NDUU9SCRN e|I'm just enjoying this song bto\n|c|\u2606NDUU9SCRN e|bro\n|c|\u2606NDUU9SCRN e|so good\n|\n|t:|1699865640\n|switch|p2a: Zacian|Zacian-Crowned|100\/100\n|-ability|p2a: Zacian|Intrepid Sword|boost\n|-boost|p2a: Zacian|atk|1\n|move|p1a: Innocence|Will-O-Wisp|p2a: Zacian\n|-status|p2a: Zacian|brn\n|\n|-damage|p2a: Zacian|94\/100 brn|[from] brn\n|upkeep\n|turn|2\n|n| ghostlyplanets|zealo\n|c| ghostlyplanets|shut up dude\n|c| ghostlyplanets|time to ge 1700\n|c|\u2606AGLP 1|Oh willll oooo wisppp\n|c|\u2606NDUU9SCRN e|\u00af\u2060\\\u2060_\u2060(\u2060\u30c4\u2060)\u2060_\u2060\/\u2060\u00af\n|\n|t:|1699865657\n|switch|p1a: Shelter|Toxapex, M|100\/100\n|move|p2a: Zacian|Swords Dance|p2a: Zacian\n|-boost|p2a: Zacian|atk|2\n|\n|-damage|p2a: Zacian|88\/100 brn|[from] brn\n|upkeep\n|turn|3\n|\n|t:|1699865662\n|move|p2a: Zacian|Wild Charge|p1a: Shelter\n|-supereffective|p1a: Shelter\n|-damage|p1a: Shelter|45\/100\n|-damage|p2a: Zacian|72\/100 brn|[from] item: Rocky Helmet|[of] p1a: Shelter\n|-damage|p2a: Zacian|59\/100 brn|[from] Recoil\n|move|p1a: Shelter|Haze|p1a: Shelter\n|-clearallboost\n|\n|-damage|p2a: Zacian|52\/100 brn|[from] brn\n|upkeep\n|turn|4\n|\n|t:|1699865665\n|move|p2a: Zacian|Swords Dance|p2a: Zacian\n|-boost|p2a: Zacian|atk|2\n|move|p1a: Shelter|Recover|p1a: Shelter\n|-heal|p1a: Shelter|95\/100\n|\n|-damage|p2a: Zacian|46\/100 brn|[from] brn\n|upkeep\n|turn|5\n|\n|t:|1699865669\n|move|p2a: Zacian|Wild Charge|p1a: Shelter\n|-supereffective|p1a: Shelter\n|-damage|p1a: Shelter|51\/100\n|-damage|p2a: Zacian|30\/100 brn|[from] item: Rocky Helmet|[of] p1a: Shelter\n|-damage|p2a: Zacian|19\/100 brn|[from] Recoil\n|move|p1a: Shelter|Haze|p1a: Shelter\n|-clearallboost\n|\n|-damage|p2a: Zacian|13\/100 brn|[from] brn\n|upkeep\n|turn|6\n|\n|t:|1699865673\n|move|p2a: Zacian|Behemoth Blade|p1a: Shelter\n|-resisted|p1a: Shelter\n|-damage|p1a: Shelter|42\/100\n|-damage|p2a: Zacian|0 fnt|[from] item: Rocky Helmet|[of] p1a: Shelter\n|faint|p2a: Zacian\n|move|p1a: Shelter|Toxic Spikes|p2: Zacian\n|-sidestart|p2: AGLP 1|move: Toxic Spikes\n|\n|upkeep\n|c| ghostlyplanets|yeah hes in a game\n|c| ghostlyplanets|time to fight\n|\n|t:|1699865680\n|switch|p2a: Ting-Lu|Ting-Lu|100\/100\n|-status|p2a: Ting-Lu|psn\n|-ability|p2a: Ting-Lu|Vessel of Ruin\n|turn|7\n|\n|t:|1699865698\n|switch|p1a: Innocence|Arceus-Fairy|100\/100\n|move|p2a: Ting-Lu|Whirlwind|p1a: Innocence\n|drag|p1a: Zephyr|Zacian-Crowned|100\/100\n|-ability|p1a: Zephyr|Intrepid Sword|boost\n|-boost|p1a: Zephyr|atk|1\n|\n|-damage|p2a: Ting-Lu|88\/100 psn|[from] psn\n|upkeep\n|turn|8\n|\n|t:|1699865704\n|move|p1a: Zephyr|Play Rough|p2a: Ting-Lu|[miss]\n|-miss|p1a: Zephyr|p2a: Ting-Lu\n|move|p2a: Ting-Lu|Earthquake|p1a: Zephyr\n|-supereffective|p1a: Zephyr\n|-damage|p1a: Zephyr|35\/100\n|\n|-heal|p2a: Ting-Lu|94\/100 psn|[from] item: Leftovers\n|-damage|p2a: Ting-Lu|82\/100 psn|[from] psn\n|upkeep\n|turn|9\n|c|\u2606NDUU9SCRN e|man\n|\n|t:|1699865713\n|move|p1a: Zephyr|Play Rough|p2a: Ting-Lu\n|-supereffective|p2a: Ting-Lu\n|-damage|p2a: Ting-Lu|2\/100 psn\n|move|p2a: Ting-Lu|Spikes|p1a: Zephyr\n|-sidestart|p1: NDUU9SCRN e|Spikes\n|\n|-heal|p2a: Ting-Lu|9\/100 psn|[from] item: Leftovers\n|-damage|p2a: Ting-Lu|0 fnt|[from] psn\n|faint|p2a: Ting-Lu\n|upkeep\n|\n|t:|1699865717\n|switch|p2a: Koraidon|Koraidon|100\/100\n|-status|p2a: Koraidon|psn\n|-weather|SunnyDay|[from] ability: Orichalcum Pulse|[of] p2a: Koraidon\n|-activate|p2a: Koraidon|Orichalcum Pulse|[source]\n|turn|10\n|c| ghostlyplanets|why am i so bad compared to u\n|\n|t:|1699865728\n|switch|p1a: Shelter|Toxapex, M|75\/100\n|-damage|p1a: Shelter|63\/100|[from] Spikes\n|move|p2a: Koraidon|Flare Blitz|p1a: Shelter\n|-resisted|p1a: Shelter\n|-damage|p1a: Shelter|35\/100\n|-damage|p2a: Koraidon|84\/100 psn|[from] item: Rocky Helmet|[of] p1a: Shelter\n|-damage|p2a: Koraidon|76\/100 psn|[from] Recoil\n|\n|-weather|SunnyDay|[upkeep]\n|-damage|p2a: Koraidon|64\/100 psn|[from] psn\n|upkeep\n|turn|11\n|j| Testing teams 596\n|c| ghostlyplanets|https:\/\/play.pokemonshowdown.com\/battle-gen9anythinggoes-1989525691\n|\n|t:|1699865736\n|move|p2a: Koraidon|Taunt|p1a: Shelter\n|-start|p1a: Shelter|move: Taunt\n|cant|p1a: Shelter|move: Taunt|Recover\n|\n|-weather|SunnyDay|[upkeep]\n|-damage|p2a: Koraidon|51\/100 psn|[from] psn\n|upkeep\n|turn|12\n|c| ghostlyplanets|yo why is this guy using calyrex ice\n|c| Testing teams 596|Wait this isn't uu\n|c|\u2606NDUU9SCRN e|ho ho ho ho ho\n|c| ghostlyplanets|when he has kora and zac\n|c|\u2606NDUU9SCRN e|nah i just wanted a game of\n|c|\u2606NDUU9SCRN e|ag with this guy\n|inactive|NDUU9SCRN e has 270 seconds left.\n|c|\u2606NDUU9SCRN e|then I'll do NDUU\n|\n|t:|1699865769\n|switch|p1a: Innocence|Arceus-Fairy|100\/100\n|-damage|p1a: Innocence|88\/100|[from] Spikes\n|move|p2a: Koraidon|Swords Dance|p2a: Koraidon\n|-boost|p2a: Koraidon|atk|2\n|\n|-weather|SunnyDay|[upkeep]\n|-damage|p2a: Koraidon|39\/100 psn|[from] psn\n|upkeep\n|turn|13\n|\n|t:|1699865779\n|-terastallize|p1a: Innocence|Water\n|move|p2a: Koraidon|Flare Blitz|p1a: Innocence\n|-resisted|p1a: Innocence\n|-damage|p1a: Innocence|39\/100\n|-damage|p2a: Koraidon|18\/100 psn|[from] Recoil\n|move|p1a: Innocence|Judgment|p2a: Koraidon\n|-supereffective|p2a: Koraidon\n|-damage|p2a: Koraidon|0 fnt\n|faint|p2a: Koraidon\n|\n|-weather|SunnyDay|[upkeep]\n|upkeep\n|\n|t:|1699865784\n|switch|p2a: Calyrex|Calyrex-Shadow|100\/100\n|-ability|p2a: Calyrex|As One\n|-ability|p2a: Calyrex|Unnerve\n|-status|p2a: Calyrex|psn\n|turn|14\n|\n|t:|1699865787\n|switch|p1a: Home|Ting-Lu|100\/100\n|-damage|p1a: Home|88\/100|[from] Spikes\n|-ability|p1a: Home|Vessel of Ruin\n|move|p2a: Calyrex|Astral Barrage|p1a: Home\n|-resisted|p1a: Home\n|-damage|p1a: Home|72\/100\n|\n|-weather|none\n|-heal|p1a: Home|78\/100|[from] item: Leftovers\n|-damage|p2a: Calyrex|88\/100 psn|[from] psn\n|upkeep\n|turn|15\n|\n|t:|1699865790\n|switch|p2a: Landorus|Landorus-Therian, M|100\/100\n|-ability|p2a: Landorus|Intimidate|boost\n|-unboost|p1a: Home|atk|1\n|move|p1a: Home|Earthquake|p2a: Landorus\n|-immune|p2a: Landorus\n|\n|-heal|p1a: Home|84\/100|[from] item: Leftovers\n|upkeep\n|turn|16\n|\n|t:|1699865796\n|move|p2a: Landorus|Stealth Rock|p1a: Home\n|-sidestart|p1: NDUU9SCRN e|move: Stealth Rock\n|move|p1a: Home|Ruination|p2a: Landorus\n|-damage|p2a: Landorus|51\/100\n|\n|-heal|p1a: Home|91\/100|[from] item: Leftovers\n|upkeep\n|turn|17\n|\n|t:|1699865800\n|move|p2a: Landorus|Earthquake|p1a: Home\n|-damage|p1a: Home|67\/100\n|move|p1a: Home|Ruination|p2a: Landorus\n|-damage|p2a: Landorus|26\/100\n|\n|-heal|p1a: Home|73\/100|[from] item: Leftovers\n|upkeep\n|turn|18\n|\n|t:|1699865803\n|move|p2a: Landorus|Taunt|p1a: Home\n|-start|p1a: Home|move: Taunt\n|cant|p1a: Home|move: Taunt|Spikes\n|\n|-heal|p1a: Home|79\/100|[from] item: Leftovers\n|upkeep\n|turn|19\n|\n|t:|1699865805\n|move|p2a: Landorus|Earthquake|p1a: Home\n|-damage|p1a: Home|51\/100\n|move|p1a: Home|Ruination|p2a: Landorus\n|-damage|p2a: Landorus|13\/100\n|\n|-heal|p1a: Home|57\/100|[from] item: Leftovers\n|upkeep\n|turn|20\n|\n|t:|1699865812\n|switch|p1a: Imperium|Giratina-Origin, shiny|100\/100\n|-damage|p1a: Imperium|88\/100|[from] Stealth Rock\n|move|p2a: Landorus|Earthquake|p1a: Imperium\n|-immune|p1a: Imperium|[from] ability: Levitate\n|\n|upkeep\n|turn|21\n|\n|t:|1699865817\n|move|p2a: Landorus|Taunt|p1a: Imperium\n|-start|p1a: Imperium|move: Taunt\n|move|p1a: Imperium|Dragon Tail|p2a: Landorus\n|-damage|p2a: Landorus|0 fnt\n|-damage|p1a: Imperium|72\/100|[from] item: Rocky Helmet|[of] p2a: Landorus\n|faint|p2a: Landorus\n|\n|upkeep\n|\n|t:|1699865821\n|switch|p2a: Arceus|Arceus|100\/100\n|turn|22\n|\n|t:|1699865824\n|move|p2a: Arceus|Swords Dance|p2a: Arceus\n|-boost|p2a: Arceus|atk|2\n|move|p1a: Imperium|Dragon Tail|p2a: Arceus|[miss]\n|-miss|p1a: Imperium|p2a: Arceus\n|\n|upkeep\n|turn|23\n|c| ghostlyplanets|is that a suspect test\n|\n|t:|1699865828\n|move|p2a: Arceus|Shadow Claw|p1a: Imperium\n|-supereffective|p1a: Imperium\n|-damage|p1a: Imperium|3\/100\n|move|p1a: Imperium|Dragon Tail|p2a: Arceus\n|-damage|p2a: Arceus|76\/100\n|drag|p2a: Calyrex|Calyrex-Shadow|88\/100 psn\n|-ability|p2a: Calyrex|As One\n|-ability|p2a: Calyrex|Unnerve\n|\n|-damage|p2a: Calyrex|76\/100 psn|[from] psn\n|-end|p1a: Imperium|move: Taunt\n|upkeep\n|turn|24\n|c| Testing teams 596|Yes\n|\n|t:|1699865845\n|switch|p1a: Home|Ting-Lu|57\/100\n|-damage|p1a: Home|45\/100|[from] Spikes\n|-damage|p1a: Home|38\/100|[from] Stealth Rock\n|-ability|p1a: Home|Vessel of Ruin\n|move|p2a: Calyrex|Grass Knot|p1a: Home\n|-supereffective|p1a: Home\n|-damage|p1a: Home|0 fnt\n|faint|p1a: Home\n|-ability|p2a: Calyrex|Grim Neigh|boost\n|-boost|p2a: Calyrex|spa|1\n|\n|-damage|p2a: Calyrex|64\/100 psn|[from] psn\n|upkeep\n|\n|t:|1699865850\n|switch|p1a: Icarus|Koraidon|100\/100\n|-damage|p1a: Icarus|88\/100|[from] Spikes\n|-damage|p1a: Icarus|82\/100|[from] Stealth Rock\n|-weather|SunnyDay|[from] ability: Orichalcum Pulse|[of] p1a: Icarus\n|-activate|p1a: Icarus|Orichalcum Pulse|[source]\n|turn|25\n|\n|t:|1699865859\n|move|p2a: Calyrex|Grass Knot|p1a: Icarus\n|-resisted|p1a: Icarus\n|-damage|p1a: Icarus|47\/100\n|move|p1a: Icarus|Outrage|p2a: Calyrex\n|-damage|p2a: Calyrex|0 fnt\n|faint|p2a: Calyrex\n|\n|-weather|SunnyDay|[upkeep]\n|upkeep\n|\n|t:|1699865861\n|switch|p2a: Arceus|Arceus|76\/100\n|turn|26\n|\n|t:|1699865865\n|move|p1a: Icarus|Outrage|p2a: Arceus|[from]lockedmove\n|-damage|p2a: Arceus|14\/100\n|-start|p1a: Icarus|confusion|[fatigue]\n|move|p2a: Arceus|Swords Dance|p2a: Arceus\n|-boost|p2a: Arceus|atk|2\n|\n|-weather|SunnyDay|[upkeep]\n|upkeep\n|turn|27\n|c|\u2606AGLP 1|Gg u win\n|\n|t:|1699865873\n|move|p2a: Arceus|Extreme Speed|p1a: Icarus\n|-damage|p1a: Icarus|0 fnt\n|faint|p1a: Icarus\n|\n|-weather|SunnyDay|[upkeep]\n|upkeep\n|c|\u2606NDUU9SCRN e|g_g\n|c| Testing teams 596|Gg\n|\n|t:|1699865880\n|switch|p1a: Shelter|Toxapex, M|68\/100\n|-damage|p1a: Shelter|56\/100|[from] Spikes\n|-damage|p1a: Shelter|44\/100|[from] Stealth Rock\n|turn|28\n|c|\u2606AGLP 1|Means i cant beat temp\n|c| Testing teams 596|He doesn't win\n|c|\u2606AGLP 1|Who is good u and temp\n|\n|t:|1699865902\n|move|p2a: Arceus|Extreme Speed|p1a: Shelter\n|-damage|p1a: Shelter|0 fnt\n|-damage|p2a: Arceus|0 fnt|[from] item: Rocky Helmet|[of] p1a: Shelter\n|faint|p1a: Shelter\n|faint|p2a: Arceus\n|\n|win|NDUU9SCRN e\n|c|\u2606NDUU9SCRN e|\u00af\u2060\\\u2060_\u2060(\u2060\u30c4\u2060)\u2060_\u2060\/\u2060\u00af\n|c| Testing teams 596|Unless\n|c| Testing teams 596|No eq\n|c| Testing teams 596|Cool\n|c|\u2606NDUU9SCRN e|i haven't played temp yet so no comment\n|c| Testing teams 596|Temp is a human\n|c| ghostlyplanets|wait temp plays ag?\n|c|\u2606AGLP 1|Is temp a youtuber or other player\n|c|\u2606NDUU9SCRN e|yes\n|c| ghostlyplanets|i've seen the youtube vids\n|c|\u2606NDUU9SCRN e|temp is the youtuber\n|c|\u2606NDUU9SCRN e|lmao\n|c|\u2606AGLP 1|Means temp6t really\n|c|\u2606NDUU9SCRN e|ye\n","uploadtime":1699865992,"views":6,"p1id":"nduu9scrne","p2id":"aglp1","formatid":"gen9anythinggoes","rating":0,"private":0,"password":""}