{"id":"gen9anythinggoes-1976666100","p1":"Locikittie","p2":"Lucasoduncu","format":"[Gen 9] Anything Goes","log":"|j|\u2606Locikittie\n|j|\u2606Lucasoduncu\n|t:|1698331761\n|gametype|singles\n|player|p1|Locikittie|cynthia-gen4|1117\n|player|p2|Lucasoduncu|cameraman|1023\n|teamsize|p1|6\n|teamsize|p2|6\n|gen|9\n|tier|[Gen 9] Anything Goes\n|rated|\n|rule|HP Percentage Mod: HP is shown in percentages\n|rule|Endless Battle Clause: Forcing endless battles is banned\n|clearpoke\n|poke|p1|Rabsca, F|\n|poke|p1|Shiftry, F|\n|poke|p1|Rabsca, M|\n|poke|p1|Shiftry, M|\n|poke|p1|Shiftry, M|\n|poke|p1|Shiftry, F|\n|poke|p2|Annihilape, M|\n|poke|p2|Ninetales, F|\n|poke|p2|Ogerpon-Cornerstone, F|\n|poke|p2|Corviknight, F|\n|poke|p2|Dusclops, F|\n|poke|p2|Klefki, F|\n|teampreview\n|\n|t:|1698331767\n|start\n|switch|p1a: Rabsca|Rabsca, F|100\/100\n|switch|p2a: Annihilape|Annihilape, M, shiny|100\/100\n|turn|1\n|\n|t:|1698331773\n|move|p2a: Annihilape|Focus Energy|p2a: Annihilape\n|-start|p2a: Annihilape|move: Focus Energy\n|move|p1a: Rabsca|Sunny Day|p1a: Rabsca\n|-weather|SunnyDay\n|\n|-weather|SunnyDay|[upkeep]\n|upkeep\n|turn|2\n|\n|t:|1698331781\n|switch|p1a: Shiftry|Shiftry, F|100\/100\n|move|p2a: Annihilape|Shadow Ball|p1a: Shiftry\n|-resisted|p1a: Shiftry\n|-crit|p1a: Shiftry\n|-damage|p1a: Shiftry|71\/100\n|\n|-weather|SunnyDay|[upkeep]\n|upkeep\n|turn|3\n|\n|t:|1698331788\n|move|p1a: Shiftry|Lash Out|p2a: Annihilape\n|-damage|p2a: Annihilape|66\/100\n|move|p2a: Annihilape|Overheat|p1a: Shiftry\n|-supereffective|p1a: Shiftry\n|-crit|p1a: Shiftry\n|-damage|p1a: Shiftry|0 fnt\n|-unboost|p2a: Annihilape|spa|2\n|faint|p1a: Shiftry\n|\n|-weather|SunnyDay|[upkeep]\n|upkeep\n|\n|t:|1698331798\n|switch|p1a: Shiftry|Shiftry, M|100\/100\n|turn|4\n|\n|t:|1698331803\n|move|p1a: Shiftry|Solar Blade||[still]\n|-prepare|p1a: Shiftry|Solar Blade\n|-anim|p1a: Shiftry|Solar Blade|p2a: Annihilape\n|-damage|p2a: Annihilape|3\/100\n|move|p2a: Annihilape|Focus Blast|p1a: Shiftry|[miss]\n|-miss|p2a: Annihilape|p1a: Shiftry\n|\n|-weather|SunnyDay|[upkeep]\n|upkeep\n|turn|5\n|-activate|p1a: Shiftry|item: Quick Claw\n|\n|t:|1698331812\n|move|p1a: Shiftry|Solar Blade||[still]\n|-prepare|p1a: Shiftry|Solar Blade\n|-anim|p1a: Shiftry|Solar Blade|p2a: Annihilape\n|-damage|p2a: Annihilape|0 fnt\n|faint|p2a: Annihilape\n|\n|-weather|none\n|upkeep\n|\n|t:|1698331821\n|switch|p2a: Ogerpon|Ogerpon-Cornerstone, F|100\/100\n|turn|6\n|\n|t:|1698331831\n|move|p1a: Shiftry|Growth|p1a: Shiftry\n|-boost|p1a: Shiftry|atk|1\n|-boost|p1a: Shiftry|spa|1\n|move|p2a: Ogerpon|Counter||[still]\n|-fail|p2a: Ogerpon\n|\n|upkeep\n|turn|7\n|\n|t:|1698331837\n|move|p2a: Ogerpon|Ivy Cudgel|p1a: Shiftry\n|-crit|p1a: Shiftry\n|-damage|p1a: Shiftry|0 fnt\n|faint|p1a: Shiftry\n|\n|upkeep\n|\n|t:|1698331841\n|switch|p1a: Shiftry|Shiftry, M|100\/100\n|turn|8\n|\n|t:|1698331852\n|move|p1a: Shiftry|Explosion|p2a: Ogerpon\n|-resisted|p2a: Ogerpon\n|-damage|p2a: Ogerpon|51\/100\n|faint|p1a: Shiftry\n|move|p2a: Ogerpon|Counter|p1: Shiftry|[notarget]\n|-fail|p2a: Ogerpon\n|\n|upkeep\n|\n|t:|1698331858\n|switch|p1a: Shiftry|Shiftry, F|100\/100\n|turn|9\n|-activate|p1a: Shiftry|item: Quick Claw\n|\n|t:|1698331863\n|move|p1a: Shiftry|Growth|p1a: Shiftry\n|-boost|p1a: Shiftry|atk|1\n|-boost|p1a: Shiftry|spa|1\n|move|p2a: Ogerpon|Counter||[still]\n|-fail|p2a: Ogerpon\n|\n|upkeep\n|turn|10\n|\n|t:|1698331869\n|move|p2a: Ogerpon|Ivy Cudgel|p1a: Shiftry\n|-damage|p1a: Shiftry|11\/100\n|move|p1a: Shiftry|Growth|p1a: Shiftry\n|-boost|p1a: Shiftry|atk|1\n|-boost|p1a: Shiftry|spa|1\n|\n|upkeep\n|turn|11\n|\n|t:|1698331877\n|move|p1a: Shiftry|Explosion|p2a: Ogerpon\n|-resisted|p2a: Ogerpon\n|-damage|p2a: Ogerpon|0 fnt\n|faint|p1a: Shiftry\n|faint|p2a: Ogerpon\n|\n|upkeep\n|\n|t:|1698331887\n|switch|p2a: Ninetales|Ninetales, F, shiny|100\/100\n|switch|p1a: Rabsca|Rabsca, F|100\/100\n|-weather|SunnyDay|[from] ability: Drought|[of] p2a: Ninetales\n|turn|12\n|\n|t:|1698331892\n|move|p2a: Ninetales|Hypnosis|p1a: Rabsca\n|-status|p1a: Rabsca|slp|[from] move: Hypnosis\n|cant|p1a: Rabsca|slp\n|\n|-weather|SunnyDay|[upkeep]\n|upkeep\n|turn|13\n|\n|t:|1698331898\n|move|p2a: Ninetales|Flame Charge|p1a: Rabsca\n|-supereffective|p1a: Rabsca\n|-damage|p1a: Rabsca|49\/100 slp\n|-boost|p2a: Ninetales|spe|1\n|-curestatus|p1a: Rabsca|slp|[msg]\n|move|p1a: Rabsca|Revival Blessing|p1a: Rabsca\n|\n|t:|1698331905\n|-heal|p1: Shiftry|50\/100|[from] move: Revival Blessing\n|\n|-weather|SunnyDay|[upkeep]\n|upkeep\n|turn|14\n|\n|t:|1698331913\n|switch|p1a: Shiftry|Shiftry, F|50\/100\n|move|p2a: Ninetales|Flame Charge|p1a: Shiftry\n|-supereffective|p1a: Shiftry\n|-damage|p1a: Shiftry|0 fnt\n|-boost|p2a: Ninetales|spe|1\n|faint|p1a: Shiftry\n|\n|-weather|SunnyDay|[upkeep]\n|upkeep\n|\n|t:|1698331921\n|switch|p1a: Rabsca|Rabsca, M|100\/100\n|turn|15\n|\n|t:|1698331924\n|move|p2a: Ninetales|Dig||[still]\n|-prepare|p2a: Ninetales|Dig\n|move|p1a: Rabsca|Revival Blessing|p1a: Rabsca\n|\n|t:|1698331928\n|-heal|p1: Shiftry|50\/100|[from] move: Revival Blessing\n|\n|-weather|SunnyDay|[upkeep]\n|upkeep\n|turn|16\n|\n|t:|1698331934\n|switch|p1a: Shiftry|Shiftry, F|50\/100\n|move|p2a: Ninetales|Dig|p1a: Shiftry|[from]lockedmove\n|-resisted|p1a: Shiftry\n|-damage|p1a: Shiftry|34\/100\n|\n|-weather|none\n|upkeep\n|turn|17\n|\n|t:|1698331941\n|move|p2a: Ninetales|Dig||[still]\n|-prepare|p2a: Ninetales|Dig\n|move|p1a: Shiftry|Explosion|p2a: Ninetales|[miss]\n|-miss|p1a: Shiftry|p2a: Ninetales\n|faint|p1a: Shiftry\n|\n|upkeep\n|\n|t:|1698331946\n|switch|p1a: Rabsca|Rabsca, M|100\/100\n|turn|18\n|\n|t:|1698331950\n|move|p2a: Ninetales|Dig|p1a: Rabsca|[from]lockedmove\n|-resisted|p1a: Rabsca\n|-damage|p1a: Rabsca|92\/100\n|move|p1a: Rabsca|Sunny Day|p1a: Rabsca\n|-weather|SunnyDay\n|\n|-weather|SunnyDay|[upkeep]\n|upkeep\n|turn|19\n|\n|t:|1698331961\n|switch|p2a: Dusclops|Dusclops, F|100\/100\n|-ability|p2a: Dusclops|Pressure\n|move|p1a: Rabsca|Sunny Day||[still]\n|-fail|p1a: Rabsca\n|\n|-weather|SunnyDay|[upkeep]\n|upkeep\n|turn|20\n|-message|Locikittie forfeited.\n|\n|win|Lucasoduncu\n|raw|Locikittie's rating: 1117 &rarr; <strong>1085<\/strong><br \/>(-32 for losing)\n|raw|Lucasoduncu's rating: 1023 &rarr; <strong>1069<\/strong><br \/>(+46 for winning)\n|l|\u2606Locikittie\n","uploadtime":1698331972,"views":8,"p1id":"locikittie","p2id":"lucasoduncu","formatid":"gen9anythinggoes","rating":1069,"private":0,"password":""}