{"id":"gen9anythinggoes-1986335467","p1":"dkohli","p2":"michpanta","format":"[Gen 9] Anything Goes","log":"|j|\u2606dkohli\n|j|\u2606michpanta\n|t:|1699470259\n|gametype|singles\n|player|p1|dkohli|265|\n|player|p2|michpanta|ethan|\n|teamsize|p1|6\n|teamsize|p2|6\n|gen|9\n|tier|[Gen 9] Anything Goes\n|rule|HP Percentage Mod: HP is shown in percentages\n|rule|Endless Battle Clause: Forcing endless battles is banned\n|clearpoke\n|poke|p1|Electrode-Hisui|\n|poke|p1|Dragapult, F|\n|poke|p1|Iron Treads|\n|poke|p1|Umbreon, M|\n|poke|p1|Moltres|\n|poke|p1|Iron Valiant|\n|poke|p2|Snorlax, F|\n|poke|p2|Avalugg, F|\n|poke|p2|Gholdengo|\n|poke|p2|Ninetales-Alola, M|\n|poke|p2|Cetitan, M|\n|poke|p2|Skuntank, M|\n|teampreview\n|\n|t:|1699470306\n|start\n|switch|p1a: Dragapult|Dragapult, F|100\/100\n|switch|p2a: Snorlax|Snorlax, F|100\/100\n|turn|1\n|\n|t:|1699470316\n|move|p1a: Dragapult|Dragon Dance|p1a: Dragapult\n|-boost|p1a: Dragapult|atk|1\n|-boost|p1a: Dragapult|spe|1\n|move|p2a: Snorlax|Crunch|p1a: Dragapult\n|-supereffective|p1a: Dragapult\n|-damage|p1a: Dragapult|49\/100\n|-enditem|p1a: Dragapult|Weakness Policy\n|-boost|p1a: Dragapult|atk|2|[from] item: Weakness Policy\n|-boost|p1a: Dragapult|spa|2|[from] item: Weakness Policy\n|\n|upkeep\n|turn|2\n|\n|t:|1699470434\n|move|p1a: Dragapult|Dragon Dance|p1a: Dragapult\n|-boost|p1a: Dragapult|atk|1\n|-boost|p1a: Dragapult|spe|1\n|move|p2a: Snorlax|Crunch|p1a: Dragapult\n|-supereffective|p1a: Dragapult\n|-damage|p1a: Dragapult|0 fnt\n|faint|p1a: Dragapult\n|\n|upkeep\n|c|\u2606dkohli|:D\n|\n|t:|1699470444\n|switch|p1a: Iron Valiant|Iron Valiant|100\/100\n|turn|3\n|\n|t:|1699470536\n|move|p1a: Iron Valiant|Knock Off|p2a: Snorlax\n|-damage|p2a: Snorlax|62\/100\n|-enditem|p2a: Snorlax|Leftovers|[from] move: Knock Off|[of] p1a: Iron Valiant\n|-damage|p1a: Iron Valiant|90\/100|[from] item: Life Orb\n|move|p2a: Snorlax|Body Slam|p1a: Iron Valiant\n|-damage|p1a: Iron Valiant|50\/100\n|-status|p1a: Iron Valiant|par\n|\n|upkeep\n|turn|4\n|\n|t:|1699470576\n|switch|p2a: Gholdengo|Gholdengo|100\/100\n|move|p1a: Iron Valiant|Knock Off|p2a: Gholdengo\n|-supereffective|p2a: Gholdengo\n|-damage|p2a: Gholdengo|18\/100\n|-enditem|p2a: Gholdengo|Shuca Berry|[from] move: Knock Off|[of] p1a: Iron Valiant\n|-damage|p1a: Iron Valiant|40\/100 par|[from] item: Life Orb\n|\n|upkeep\n|turn|5\n|\n|t:|1699470627\n|switch|p2a: Avalugg|Avalugg, F|100\/100\n|move|p1a: Iron Valiant|Knock Off|p2a: Avalugg\n|-damage|p2a: Avalugg|81\/100\n|-damage|p1a: Iron Valiant|24\/100 par|[from] item: Rocky Helmet|[of] p2a: Avalugg\n|-enditem|p2a: Avalugg|Rocky Helmet|[from] move: Knock Off|[of] p1a: Iron Valiant\n|-damage|p1a: Iron Valiant|14\/100 par|[from] item: Life Orb\n|\n|upkeep\n|turn|6\n|\n|t:|1699470660\n|move|p1a: Iron Valiant|Poison Jab|p2a: Avalugg\n|-damage|p2a: Avalugg|64\/100\n|-damage|p1a: Iron Valiant|4\/100 par|[from] item: Life Orb\n|move|p2a: Avalugg|Recover|p2a: Avalugg\n|-heal|p2a: Avalugg|100\/100\n|\n|upkeep\n|turn|7\n|\n|t:|1699470683\n|move|p1a: Iron Valiant|Close Combat|p2a: Avalugg\n|-supereffective|p2a: Avalugg\n|-damage|p2a: Avalugg|32\/100\n|-unboost|p1a: Iron Valiant|def|1\n|-unboost|p1a: Iron Valiant|spd|1\n|-damage|p1a: Iron Valiant|0 fnt|[from] item: Life Orb\n|faint|p1a: Iron Valiant\n|-end|p1a: Iron Valiant|Quark Drive|[silent]\n|move|p2a: Avalugg|Recover|p2a: Avalugg\n|-heal|p2a: Avalugg|82\/100\n|\n|upkeep\n|\n|t:|1699470716\n|switch|p1a: Moltres|Moltres|100\/100\n|turn|8\n|\n|t:|1699470719\n|switch|p2a: Snorlax|Snorlax, F|62\/100\n|move|p1a: Moltres|Flamethrower|p2a: Snorlax\n|-damage|p2a: Snorlax|52\/100\n|\n|upkeep\n|turn|9\n|\n|t:|1699470737\n|move|p1a: Moltres|Flamethrower|p2a: Snorlax\n|-damage|p2a: Snorlax|41\/100\n|move|p2a: Snorlax|Body Slam|p1a: Moltres\n|-damage|p1a: Moltres|65\/100\n|-status|p1a: Moltres|par\n|\n|upkeep\n|turn|10\n|\n|t:|1699470750\n|move|p1a: Moltres|Flamethrower|p2a: Snorlax\n|-damage|p2a: Snorlax|30\/100\n|move|p2a: Snorlax|Body Slam|p1a: Moltres\n|-damage|p1a: Moltres|30\/100 par\n|\n|upkeep\n|turn|11\n|\n|t:|1699470758\n|move|p1a: Moltres|Roost|p1a: Moltres\n|-heal|p1a: Moltres|80\/100 par\n|-singleturn|p1a: Moltres|move: Roost\n|move|p2a: Snorlax|Rest|p2a: Snorlax\n|-status|p2a: Snorlax|slp|[from] move: Rest\n|-heal|p2a: Snorlax|100\/100 slp|[silent]\n|\n|upkeep\n|turn|12\n|\n|t:|1699470768\n|cant|p1a: Moltres|par\n|cant|p2a: Snorlax|slp\n|move|p2a: Snorlax|Sleep Talk|p2a: Snorlax\n|move|p2a: Snorlax|Body Slam|p1a: Moltres|[from]move: Sleep Talk\n|-damage|p1a: Moltres|43\/100 par\n|\n|upkeep\n|turn|13\n|\n|t:|1699470776\n|move|p1a: Moltres|U-turn|p2a: Snorlax\n|-damage|p2a: Snorlax|88\/100 slp\n|\n|t:|1699470779\n|switch|p1a: Electrode|Electrode-Hisui, shiny|100\/100|[from] U-turn\n|cant|p2a: Snorlax|slp\n|move|p2a: Snorlax|Sleep Talk|p2a: Snorlax\n|move|p2a: Snorlax|Body Slam|p1a: Electrode|[from]move: Sleep Talk\n|-damage|p1a: Electrode|34\/100\n|\n|upkeep\n|turn|14\n|\n|t:|1699470794\n|move|p1a: Electrode|Substitute|p1a: Electrode\n|-start|p1a: Electrode|Substitute\n|-damage|p1a: Electrode|9\/100\n|-curestatus|p2a: Snorlax|slp|[msg]\n|move|p2a: Snorlax|Body Slam|p1a: Electrode\n|-end|p1a: Electrode|Substitute\n|\n|upkeep\n|turn|15\n|\n|t:|1699470806\n|switch|p1a: Moltres|Moltres|43\/100 par\n|move|p2a: Snorlax|Body Slam|p1a: Moltres\n|-damage|p1a: Moltres|8\/100 par\n|-status|p2a: Snorlax|brn|[from] ability: Flame Body|[of] p1a: Moltres\n|\n|-damage|p2a: Snorlax|82\/100 brn|[from] brn\n|upkeep\n|turn|16\n|\n|t:|1699470818\n|move|p1a: Moltres|Roost|p1a: Moltres\n|-heal|p1a: Moltres|58\/100 par\n|-singleturn|p1a: Moltres|move: Roost\n|move|p2a: Snorlax|Rest|p2a: Snorlax\n|-status|p2a: Snorlax|slp|[from] move: Rest\n|-heal|p2a: Snorlax|100\/100 slp|[silent]\n|\n|upkeep\n|turn|17\n|\n|t:|1699470827\n|cant|p1a: Moltres|par\n|cant|p2a: Snorlax|slp\n|move|p2a: Snorlax|Sleep Talk|p2a: Snorlax\n|move|p2a: Snorlax|Rest||[from]move: Sleep Talk|[still]\n|-fail|p2a: Snorlax\n|\n|upkeep\n|turn|18\n|\n|t:|1699470835\n|move|p1a: Moltres|Air Slash|p2a: Snorlax\n|-damage|p2a: Snorlax|84\/100 slp\n|cant|p2a: Snorlax|slp\n|move|p2a: Snorlax|Sleep Talk|p2a: Snorlax\n|move|p2a: Snorlax|Rest||[from]move: Sleep Talk|[still]\n|-fail|p2a: Snorlax\n|\n|upkeep\n|turn|19\n|\n|t:|1699470843\n|cant|p1a: Moltres|par\n|-curestatus|p2a: Snorlax|slp|[msg]\n|move|p2a: Snorlax|Body Slam|p1a: Moltres\n|-damage|p1a: Moltres|23\/100 par\n|\n|upkeep\n|turn|20\n|\n|t:|1699470849\n|move|p1a: Moltres|Roost|p1a: Moltres\n|-heal|p1a: Moltres|73\/100 par\n|-singleturn|p1a: Moltres|move: Roost\n|move|p2a: Snorlax|Body Slam|p1a: Moltres\n|-damage|p1a: Moltres|38\/100 par\n|-status|p2a: Snorlax|brn|[from] ability: Flame Body|[of] p1a: Moltres\n|\n|-damage|p2a: Snorlax|78\/100 brn|[from] brn\n|upkeep\n|turn|21\n|\n|t:|1699470877\n|move|p1a: Moltres|Roost|p1a: Moltres\n|-heal|p1a: Moltres|88\/100 par\n|-singleturn|p1a: Moltres|move: Roost\n|move|p2a: Snorlax|Rest|p2a: Snorlax\n|-status|p2a: Snorlax|slp|[from] move: Rest\n|-heal|p2a: Snorlax|100\/100 slp|[silent]\n|\n|upkeep\n|turn|22\n|\n|t:|1699470886\n|move|p1a: Moltres|U-turn|p2a: Snorlax\n|-damage|p2a: Snorlax|88\/100 slp\n|\n|t:|1699470889\n|switch|p1a: Electrode|Electrode-Hisui, shiny|9\/100|[from] U-turn\n|cant|p2a: Snorlax|slp\n|move|p2a: Snorlax|Sleep Talk|p2a: Snorlax\n|move|p2a: Snorlax|Rest||[from]move: Sleep Talk|[still]\n|-fail|p2a: Snorlax\n|\n|upkeep\n|turn|23\n|\n|t:|1699470897\n|move|p1a: Electrode|Leech Seed|p2a: Snorlax\n|-start|p2a: Snorlax|move: Leech Seed\n|cant|p2a: Snorlax|slp\n|move|p2a: Snorlax|Sleep Talk|p2a: Snorlax\n|move|p2a: Snorlax|Crunch|p1a: Electrode|[from]move: Sleep Talk\n|-damage|p1a: Electrode|0 fnt\n|faint|p1a: Electrode\n|\n|upkeep\n|\n|t:|1699470910\n|switch|p1a: Moltres|Moltres|88\/100 par\n|turn|24\n|\n|t:|1699470919\n|move|p1a: Moltres|Flamethrower|p2a: Snorlax\n|-damage|p2a: Snorlax|76\/100 slp\n|-curestatus|p2a: Snorlax|slp|[msg]\n|move|p2a: Snorlax|Body Slam|p1a: Moltres\n|-damage|p1a: Moltres|49\/100 par\n|-status|p2a: Snorlax|brn|[from] ability: Flame Body|[of] p1a: Moltres\n|\n|-damage|p2a: Snorlax|64\/100 brn|[from] Leech Seed|[of] p1a: Moltres\n|-heal|p1a: Moltres|69\/100 par|[silent]\n|-damage|p2a: Snorlax|58\/100 brn|[from] brn\n|upkeep\n|turn|25\n|\n|t:|1699470943\n|switch|p2a: Skuntank|Skuntank, M|100\/100\n|move|p1a: Moltres|Flamethrower|p2a: Skuntank\n|-damage|p2a: Skuntank|62\/100\n|\n|-heal|p2a: Skuntank|68\/100|[from] item: Black Sludge\n|upkeep\n|turn|26\n|\n|t:|1699470954\n|move|p2a: Skuntank|Super Fang|p1a: Moltres\n|-damage|p1a: Moltres|35\/100 par\n|cant|p1a: Moltres|par\n|\n|-heal|p2a: Skuntank|74\/100|[from] item: Black Sludge\n|upkeep\n|turn|27\n|\n|t:|1699470961\n|move|p2a: Skuntank|Knock Off|p1a: Moltres\n|-damage|p1a: Moltres|0 fnt\n|-enditem|p1a: Moltres|Heavy-Duty Boots|[from] move: Knock Off|[of] p2a: Skuntank\n|faint|p1a: Moltres\n|\n|-heal|p2a: Skuntank|80\/100|[from] item: Black Sludge\n|upkeep\n|\n|t:|1699470969\n|switch|p1a: Iron Treads|Iron Treads|100\/100\n|turn|28\n|\n|t:|1699471043\n|switch|p2a: Avalugg|Avalugg, F|82\/100\n|move|p1a: Iron Treads|Rapid Spin|p2a: Avalugg\n|-damage|p2a: Avalugg|76\/100\n|-boost|p1a: Iron Treads|spe|1\n|\n|upkeep\n|turn|29\n|\n|t:|1699471052\n|move|p1a: Iron Treads|Iron Head|p2a: Avalugg\n|-supereffective|p2a: Avalugg\n|-damage|p2a: Avalugg|39\/100\n|move|p2a: Avalugg|Body Press|p1a: Iron Treads\n|-supereffective|p1a: Iron Treads\n|-damage|p1a: Iron Treads|27\/100\n|\n|upkeep\n|turn|30\n|\n|t:|1699471061\n|move|p1a: Iron Treads|Iron Head|p2a: Avalugg\n|-supereffective|p2a: Avalugg\n|-damage|p2a: Avalugg|1\/100\n|cant|p2a: Avalugg|flinch\n|\n|upkeep\n|turn|31\n|\n|t:|1699471095\n|move|p1a: Iron Treads|Earthquake|p2a: Avalugg\n|-damage|p2a: Avalugg|0 fnt\n|faint|p2a: Avalugg\n|\n|upkeep\n|\n|t:|1699471136\n|switch|p2a: Ninetales|Ninetales-Alola, M|100\/100\n|-weather|Snow|[from] ability: Snow Warning|[of] p2a: Ninetales\n|turn|32\n|\n|t:|1699471148\n|switch|p2a: Gholdengo|Gholdengo|18\/100\n|move|p1a: Iron Treads|Iron Head|p2a: Gholdengo\n|-resisted|p2a: Gholdengo\n|-damage|p2a: Gholdengo|0 fnt\n|faint|p2a: Gholdengo\n|\n|-weather|Snow|[upkeep]\n|upkeep\n|\n|t:|1699471158\n|switch|p2a: Cetitan|Cetitan, M|100\/100\n|turn|33\n|\n|t:|1699471167\n|move|p1a: Iron Treads|Iron Head|p2a: Cetitan\n|-supereffective|p2a: Cetitan\n|-damage|p2a: Cetitan|36\/100\n|-enditem|p2a: Cetitan|Sitrus Berry|[eat]\n|-heal|p2a: Cetitan|61\/100|[from] item: Sitrus Berry\n|cant|p2a: Cetitan|flinch\n|\n|-weather|Snow|[upkeep]\n|upkeep\n|turn|34\n|\n|t:|1699471175\n|move|p1a: Iron Treads|Iron Head|p2a: Cetitan\n|-supereffective|p2a: Cetitan\n|-damage|p2a: Cetitan|0 fnt\n|faint|p2a: Cetitan\n|\n|-weather|Snow|[upkeep]\n|upkeep\n|\n|t:|1699471182\n|switch|p2a: Snorlax|Snorlax, F|58\/100 brn\n|turn|35\n|\n|t:|1699471231\n|move|p1a: Iron Treads|Iron Head|p2a: Snorlax\n|-damage|p2a: Snorlax|28\/100 brn\n|move|p2a: Snorlax|Rest|p2a: Snorlax\n|-status|p2a: Snorlax|slp|[from] move: Rest\n|-heal|p2a: Snorlax|100\/100 slp|[silent]\n|\n|-weather|Snow|[upkeep]\n|upkeep\n|turn|36\n|\n|t:|1699471238\n|move|p1a: Iron Treads|Earthquake|p2a: Snorlax\n|-damage|p2a: Snorlax|60\/100 slp\n|cant|p2a: Snorlax|slp\n|move|p2a: Snorlax|Sleep Talk|p2a: Snorlax\n|move|p2a: Snorlax|Rest||[from]move: Sleep Talk|[still]\n|-fail|p2a: Snorlax\n|\n|-weather|Snow|[upkeep]\n|upkeep\n|turn|37\n|\n|t:|1699471247\n|move|p1a: Iron Treads|Iron Head|p2a: Snorlax\n|-damage|p2a: Snorlax|28\/100 slp\n|cant|p2a: Snorlax|slp\n|move|p2a: Snorlax|Sleep Talk|p2a: Snorlax\n|move|p2a: Snorlax|Rest||[from]move: Sleep Talk|[still]\n|-fail|p2a: Snorlax\n|\n|-weather|Snow|[upkeep]\n|upkeep\n|turn|38\n|\n|t:|1699471261\n|move|p1a: Iron Treads|Earthquake|p2a: Snorlax\n|-damage|p2a: Snorlax|0 fnt\n|faint|p2a: Snorlax\n|\n|-weather|Snow|[upkeep]\n|upkeep\n|\n|t:|1699471269\n|switch|p2a: Ninetales|Ninetales-Alola, M|100\/100\n|turn|39\n|\n|t:|1699471274\n|move|p1a: Iron Treads|Iron Head|p2a: Ninetales\n|-supereffective|p2a: Ninetales\n|-damage|p2a: Ninetales|0 fnt\n|faint|p2a: Ninetales\n|\n|-weather|none\n|upkeep\n|\n|t:|1699471280\n|switch|p2a: Skuntank|Skuntank, M|80\/100\n|turn|40\n|\n|t:|1699471283\n|move|p1a: Iron Treads|Earthquake|p2a: Skuntank\n|-supereffective|p2a: Skuntank\n|-damage|p2a: Skuntank|0 fnt\n|faint|p2a: Skuntank\n|\n|win|dkohli\n|c|\u2606dkohli|GG\n|c|\u2606michpanta|gg\n|c|\u2606dkohli|alter schwede oO\n","uploadtime":1699471460,"views":46,"p1id":"dkohli","p2id":"michpanta","formatid":"gen9anythinggoes","rating":0,"private":0,"password":""}