{"id":"gen9anythinggoes-1981759279","p1":"What to do in Gen9","p2":"diobrando7","format":"[Gen 9] Anything Goes","log":"|j|\u2606What to do in Gen9\n|j|\u2606diobrando7\n|t:|1698939480\n|gametype|singles\n|player|p1|What to do in Gen9|preschooler|1389\n|player|p2|diobrando7|red|1434\n|teamsize|p1|6\n|teamsize|p2|6\n|gen|9\n|tier|[Gen 9] Anything Goes\n|rated|\n|rule|HP Percentage Mod: HP is shown in percentages\n|rule|Endless Battle Clause: Forcing endless battles is banned\n|clearpoke\n|poke|p1|Forretress, F|\n|poke|p1|Blissey, F|\n|poke|p1|Dondozo, M|\n|poke|p1|Clodsire, M|\n|poke|p1|Toxapex, M|\n|poke|p1|Clefable, M|\n|poke|p2|Garganacl, M|\n|poke|p2|Miraidon|\n|poke|p2|Cinderace, M|\n|poke|p2|Iron Bundle|\n|poke|p2|Zacian-*|\n|poke|p2|Gliscor, F|\n|teampreview\n|inactive|Battle timer is ON: inactive players will automatically lose when time's up. (requested by diobrando7)\n|inactive|What to do in Gen9 also wants the timer to be on.\n|\n|t:|1698939493\n|start\n|switch|p1a: Toxapex|Toxapex, M|100\/100\n|switch|p2a: Garganacl|Garganacl, M|100\/100\n|turn|1\n|\n|t:|1698939498\n|move|p1a: Toxapex|Toxic Spikes|p2a: Garganacl\n|-sidestart|p2: diobrando7|move: Toxic Spikes\n|move|p2a: Garganacl|Salt Cure|p1a: Toxapex\n|-damage|p1a: Toxapex|92\/100\n|-start|p1a: Toxapex|Salt Cure\n|\n|-heal|p1a: Toxapex|99\/100|[from] item: Leftovers\n|-damage|p1a: Toxapex|74\/100|[from] Salt Cure\n|upkeep\n|turn|2\n|\n|t:|1698939506\n|move|p1a: Toxapex|Toxic Spikes|p2a: Garganacl\n|-sidestart|p2: diobrando7|move: Toxic Spikes\n|move|p2a: Garganacl|Stealth Rock|p1a: Toxapex\n|-sidestart|p1: What to do in Gen9|move: Stealth Rock\n|\n|-heal|p1a: Toxapex|80\/100|[from] item: Leftovers\n|-damage|p1a: Toxapex|55\/100|[from] Salt Cure\n|upkeep\n|turn|3\n|\n|t:|1698939532\n|switch|p1a: Dondozo|Dondozo, M|100\/100\n|move|p2a: Garganacl|Salt Cure|p1a: Dondozo\n|-damage|p1a: Dondozo|95\/100\n|-start|p1a: Dondozo|Salt Cure\n|\n|-damage|p1a: Dondozo|70\/100|[from] Salt Cure\n|upkeep\n|turn|4\n|\n|t:|1698939545\n|-terastallize|p1a: Dondozo|Dragon\n|move|p2a: Garganacl|Body Press|p1a: Dondozo\n|-damage|p1a: Dondozo|57\/100\n|move|p1a: Dondozo|Curse|p1a: Dondozo\n|-unboost|p1a: Dondozo|spe|1\n|-boost|p1a: Dondozo|atk|1\n|-boost|p1a: Dondozo|def|1\n|\n|-damage|p1a: Dondozo|44\/100|[from] Salt Cure\n|upkeep\n|turn|5\n|\n|t:|1698939564\n|switch|p2a: Iron Bundle|Iron Bundle|100\/100\n|-status|p2a: Iron Bundle|tox\n|-enditem|p2a: Iron Bundle|Booster Energy\n|-activate|p2a: Iron Bundle|ability: Quark Drive|[fromitem]\n|-start|p2a: Iron Bundle|quarkdrivespe\n|move|p1a: Dondozo|Body Press|p2a: Iron Bundle\n|-supereffective|p2a: Iron Bundle\n|-damage|p2a: Iron Bundle|0 fnt\n|faint|p2a: Iron Bundle\n|-end|p2a: Iron Bundle|Quark Drive|[silent]\n|\n|-damage|p1a: Dondozo|32\/100|[from] Salt Cure\n|upkeep\n|\n|t:|1698939576\n|switch|p2a: Miraidon|Miraidon|100\/100\n|-status|p2a: Miraidon|tox\n|-fieldstart|move: Electric Terrain|[from] ability: Hadron Engine|[of] p2a: Miraidon\n|turn|6\n|\n|t:|1698939581\n|switch|p1a: Clodsire|Clodsire, M|100\/100\n|move|p2a: Miraidon|Electro Drift|p1a: Clodsire\n|-immune|p1a: Clodsire\n|\n|-damage|p2a: Miraidon|94\/100 tox|[from] psn\n|upkeep\n|turn|7\n|\n|t:|1698939591\n|switch|p2a: Garganacl|Garganacl, M|100\/100\n|move|p1a: Clodsire|Spikes|p2a: Garganacl\n|-sidestart|p2: diobrando7|Spikes\n|\n|upkeep\n|turn|8\n|\n|t:|1698939595\n|move|p2a: Garganacl|Salt Cure|p1a: Clodsire\n|-resisted|p1a: Clodsire\n|-damage|p1a: Clodsire|93\/100\n|-start|p1a: Clodsire|Salt Cure\n|move|p1a: Clodsire|Spikes|p2a: Garganacl\n|-sidestart|p2: diobrando7|Spikes\n|\n|-damage|p1a: Clodsire|81\/100|[from] Salt Cure\n|upkeep\n|turn|9\n|\n|t:|1698939611\n|move|p2a: Garganacl|Salt Cure|p1a: Clodsire\n|-resisted|p1a: Clodsire\n|-damage|p1a: Clodsire|73\/100\n|move|p1a: Clodsire|Spikes|p2a: Garganacl\n|-sidestart|p2: diobrando7|Spikes\n|\n|-damage|p1a: Clodsire|61\/100|[from] Salt Cure\n|upkeep\n|turn|10\n|\n|t:|1698939634\n|move|p2a: Garganacl|Salt Cure|p1a: Clodsire\n|-resisted|p1a: Clodsire\n|-damage|p1a: Clodsire|53\/100\n|move|p1a: Clodsire|Recover|p1a: Clodsire\n|-heal|p1a: Clodsire|100\/100\n|\n|-damage|p1a: Clodsire|88\/100|[from] Salt Cure\n|-fieldend|move: Electric Terrain\n|upkeep\n|turn|11\n|inactive|diobrando7 has 120 seconds left.\n|\n|t:|1698939651\n|switch|p1a: Clefable|Clefable, M|100\/100\n|-damage|p1a: Clefable|88\/100|[from] Stealth Rock\n|move|p2a: Garganacl|Salt Cure|p1a: Clefable\n|-damage|p1a: Clefable|73\/100\n|-start|p1a: Clefable|Salt Cure\n|\n|-heal|p1a: Clefable|79\/100|[from] item: Leftovers\n|-damage|p1a: Clefable|66\/100|[from] Salt Cure\n|upkeep\n|turn|12\n|inactive|diobrando7 has 120 seconds left.\n|\n|t:|1698939662\n|move|p1a: Clefable|Wish|p1a: Clefable\n|move|p2a: Garganacl|Salt Cure|p1a: Clefable\n|-damage|p1a: Clefable|51\/100\n|\n|-heal|p1a: Clefable|57\/100|[from] item: Leftovers\n|-damage|p1a: Clefable|45\/100|[from] Salt Cure\n|upkeep\n|turn|13\n|\n|t:|1698939668\n|move|p1a: Clefable|Protect|p1a: Clefable\n|-singleturn|p1a: Clefable|Protect\n|move|p2a: Garganacl|Salt Cure|p1a: Clefable\n|-activate|p1a: Clefable|move: Protect\n|\n|-heal|p1a: Clefable|95\/100|[from] move: Wish|[wisher] Clefable\n|-heal|p1a: Clefable|100\/100|[from] item: Leftovers\n|-damage|p1a: Clefable|88\/100|[from] Salt Cure\n|upkeep\n|turn|14\n|inactive|diobrando7 has 120 seconds left.\n|\n|t:|1698939691\n|move|p1a: Clefable|Wish|p1a: Clefable\n|move|p2a: Garganacl|Salt Cure|p1a: Clefable\n|-damage|p1a: Clefable|72\/100\n|\n|-heal|p1a: Clefable|78\/100|[from] item: Leftovers\n|-damage|p1a: Clefable|66\/100|[from] Salt Cure\n|upkeep\n|turn|15\n|inactive|diobrando7 has 120 seconds left.\n|\n|t:|1698939699\n|switch|p1a: Dondozo|Dondozo, M, tera:Dragon|32\/100\n|switch|p2a: Zacian|Zacian-Crowned|100\/100\n|-damage|p2a: Zacian|76\/100|[from] Spikes\n|-ability|p2a: Zacian|Intrepid Sword|boost\n|-boost|p2a: Zacian|atk|1\n|\n|-heal|p1a: Dondozo|71\/100|[from] move: Wish|[wisher] Clefable\n|upkeep\n|turn|16\n|\n|t:|1698939712\n|switch|p1a: Toxapex|Toxapex, M|88\/100\n|-damage|p1a: Toxapex|75\/100|[from] Stealth Rock\n|move|p2a: Zacian|Play Rough|p1a: Toxapex\n|-resisted|p1a: Toxapex\n|-damage|p1a: Toxapex|49\/100\n|\n|-heal|p1a: Toxapex|55\/100|[from] item: Leftovers\n|upkeep\n|turn|17\n|\n|t:|1698939725\n|switch|p1a: Forretress|Forretress, F|100\/100\n|-damage|p1a: Forretress|88\/100|[from] Stealth Rock\n|move|p2a: Zacian|Psychic Fangs|p1a: Forretress\n|-resisted|p1a: Forretress\n|-damage|p1a: Forretress|73\/100\n|\n|upkeep\n|turn|18\n|\n|t:|1698939737\n|move|p2a: Zacian|Behemoth Blade|p1a: Forretress\n|-resisted|p1a: Forretress\n|-damage|p1a: Forretress|49\/100\n|move|p1a: Forretress|Counter|p2a: Zacian\n|-damage|p2a: Zacian|24\/100\n|\n|upkeep\n|turn|19\n|\n|t:|1698939752\n|move|p2a: Zacian|Close Combat|p1a: Forretress\n|-damage|p1a: Forretress|9\/100\n|-unboost|p2a: Zacian|def|1\n|-unboost|p2a: Zacian|spd|1\n|move|p1a: Forretress|Rest|p1a: Forretress\n|-status|p1a: Forretress|slp|[from] move: Rest\n|-heal|p1a: Forretress|100\/100 slp|[silent]\n|-enditem|p1a: Forretress|Chesto Berry|[eat]\n|-curestatus|p1a: Forretress|slp|[msg]\n|\n|upkeep\n|turn|20\n|c|\u2606diobrando7|i hate you so much\n|\n|t:|1698939768\n|move|p2a: Zacian|Close Combat|p1a: Forretress\n|-damage|p1a: Forretress|56\/100\n|-unboost|p2a: Zacian|def|1\n|-unboost|p2a: Zacian|spd|1\n|move|p1a: Forretress|Counter|p2a: Zacian\n|-damage|p2a: Zacian|0 fnt\n|faint|p2a: Zacian\n|\n|upkeep\n|\n|t:|1698939776\n|switch|p2a: Gliscor|Gliscor, F|100\/100\n|turn|21\n|\n|t:|1698939780\n|move|p2a: Gliscor|Earthquake|p1a: Forretress\n|-damage|p1a: Forretress|31\/100\n|move|p1a: Forretress|Rapid Spin|p2a: Gliscor\n|-damage|p2a: Gliscor|92\/100\n|-boost|p1a: Forretress|spe|1\n|-sideend|p1: What to do in Gen9|Stealth Rock|[from] move: Rapid Spin|[of] p1a: Forretress\n|\n|-status|p2a: Gliscor|tox|[from] item: Toxic Orb\n|upkeep\n|turn|22\n|\n|t:|1698939790\n|move|p2a: Gliscor|Knock Off|p1a: Forretress\n|-damage|p1a: Forretress|20\/100\n|move|p1a: Forretress|Rest|p1a: Forretress\n|-status|p1a: Forretress|slp|[from] move: Rest\n|-heal|p1a: Forretress|100\/100 slp|[silent]\n|\n|-heal|p2a: Gliscor|100\/100 tox|[from] ability: Poison Heal\n|upkeep\n|turn|23\n|\n|t:|1698939798\n|move|p2a: Gliscor|Facade|p1a: Forretress\n|-resisted|p1a: Forretress\n|-damage|p1a: Forretress|89\/100 slp\n|cant|p1a: Forretress|slp\n|\n|upkeep\n|turn|24\n|\n|t:|1698939803\n|move|p2a: Gliscor|Earthquake|p1a: Forretress\n|-damage|p1a: Forretress|65\/100 slp\n|cant|p1a: Forretress|slp\n|\n|upkeep\n|turn|25\n|\n|t:|1698939808\n|move|p2a: Gliscor|Earthquake|p1a: Forretress\n|-damage|p1a: Forretress|41\/100 slp\n|-curestatus|p1a: Forretress|slp|[msg]\n|move|p1a: Forretress|Stealth Rock|p2a: Gliscor\n|-sidestart|p2: diobrando7|move: Stealth Rock\n|\n|upkeep\n|turn|26\n|\n|t:|1698939813\n|move|p2a: Gliscor|Earthquake|p1a: Forretress\n|-damage|p1a: Forretress|14\/100\n|move|p1a: Forretress|Rest|p1a: Forretress\n|-status|p1a: Forretress|slp|[from] move: Rest\n|-heal|p1a: Forretress|100\/100 slp|[silent]\n|\n|upkeep\n|turn|27\n|c|\u2606diobrando7|fcking spamer\n|\n|t:|1698939823\n|switch|p2a: Garganacl|Garganacl, M|100\/100\n|-damage|p2a: Garganacl|76\/100|[from] Spikes\n|-damage|p2a: Garganacl|63\/100|[from] Stealth Rock\n|cant|p1a: Forretress|slp\n|\n|-heal|p2a: Garganacl|70\/100|[from] item: Leftovers\n|upkeep\n|turn|28\n|\n|t:|1698939831\n|switch|p1a: Blissey|Blissey, F|100\/100\n|move|p2a: Garganacl|Salt Cure|p1a: Blissey\n|-damage|p1a: Blissey|89\/100\n|-start|p1a: Blissey|Salt Cure\n|\n|-heal|p2a: Garganacl|76\/100|[from] item: Leftovers\n|-damage|p1a: Blissey|76\/100|[from] Salt Cure\n|upkeep\n|turn|29\n|\n|t:|1698939839\n|move|p1a: Blissey|Heal Bell|p1a: Blissey\n|-activate|p1a: Blissey|move: Heal Bell\n|-curestatus|p1: Forretress|slp|[msg]\n|move|p2a: Garganacl|Body Press|p1a: Blissey\n|-supereffective|p1a: Blissey\n|-damage|p1a: Blissey|24\/100\n|\n|-heal|p2a: Garganacl|82\/100|[from] item: Leftovers\n|-damage|p1a: Blissey|12\/100|[from] Salt Cure\n|upkeep\n|turn|30\n|\n|t:|1698939850\n|switch|p1a: Dondozo|Dondozo, M, tera:Dragon|71\/100\n|move|p2a: Garganacl|Body Press|p1a: Dondozo\n|-damage|p1a: Dondozo|58\/100\n|\n|-heal|p2a: Garganacl|88\/100|[from] item: Leftovers\n|upkeep\n|turn|31\n|\n|t:|1698939863\n|move|p1a: Dondozo|Curse|p1a: Dondozo\n|-unboost|p1a: Dondozo|spe|1\n|-boost|p1a: Dondozo|atk|1\n|-boost|p1a: Dondozo|def|1\n|move|p2a: Garganacl|Salt Cure|p1a: Dondozo\n|-damage|p1a: Dondozo|54\/100\n|-start|p1a: Dondozo|Salt Cure\n|\n|-heal|p2a: Garganacl|94\/100|[from] item: Leftovers\n|-damage|p1a: Dondozo|41\/100|[from] Salt Cure\n|upkeep\n|turn|32\n|\n|t:|1698939872\n|switch|p2a: Gliscor|Gliscor, F|100\/100 tox\n|-damage|p2a: Gliscor|88\/100 tox|[from] Stealth Rock\n|move|p1a: Dondozo|Rest|p1a: Dondozo\n|-status|p1a: Dondozo|slp|[from] move: Rest\n|-heal|p1a: Dondozo|100\/100 slp|[silent]\n|\n|-heal|p2a: Gliscor|100\/100 tox|[from] ability: Poison Heal\n|-damage|p1a: Dondozo|88\/100 slp|[from] Salt Cure\n|upkeep\n|turn|33\n|\n|t:|1698939888\n|move|p2a: Gliscor|Knock Off|p1a: Dondozo\n|-damage|p1a: Dondozo|79\/100 slp\n|-enditem|p1a: Dondozo|Heavy-Duty Boots|[from] move: Knock Off|[of] p2a: Gliscor\n|cant|p1a: Dondozo|slp\n|\n|-damage|p1a: Dondozo|66\/100 slp|[from] Salt Cure\n|upkeep\n|turn|34\n|\n|t:|1698939911\n|move|p2a: Gliscor|Poison Jab|p1a: Dondozo\n|-damage|p1a: Dondozo|59\/100 slp\n|cant|p1a: Dondozo|slp\n|\n|-damage|p1a: Dondozo|47\/100 slp|[from] Salt Cure\n|upkeep\n|turn|35\n|\n|t:|1698939920\n|move|p2a: Gliscor|Facade|p1a: Dondozo\n|-damage|p1a: Dondozo|35\/100 slp\n|-curestatus|p1a: Dondozo|slp|[msg]\n|move|p1a: Dondozo|Curse|p1a: Dondozo\n|-unboost|p1a: Dondozo|spe|1\n|-boost|p1a: Dondozo|atk|1\n|-boost|p1a: Dondozo|def|1\n|\n|-damage|p1a: Dondozo|23\/100|[from] Salt Cure\n|upkeep\n|turn|36\n|j| yahhhhhhhh\n|\n|t:|1698939930\n|move|p2a: Gliscor|Poison Jab|p1a: Dondozo\n|-damage|p1a: Dondozo|17\/100\n|move|p1a: Dondozo|Rest|p1a: Dondozo\n|-status|p1a: Dondozo|slp|[from] move: Rest\n|-heal|p1a: Dondozo|100\/100 slp|[silent]\n|\n|-damage|p1a: Dondozo|88\/100 slp|[from] Salt Cure\n|upkeep\n|turn|37\n|\n|t:|1698939939\n|switch|p2a: Miraidon|Miraidon|94\/100 tox\n|-damage|p2a: Miraidon|69\/100 tox|[from] Spikes\n|-damage|p2a: Miraidon|57\/100 tox|[from] Stealth Rock\n|-fieldstart|move: Electric Terrain|[from] ability: Hadron Engine|[of] p2a: Miraidon\n|cant|p1a: Dondozo|slp\n|\n|-damage|p2a: Miraidon|51\/100 tox|[from] psn\n|-damage|p1a: Dondozo|76\/100 slp|[from] Salt Cure\n|upkeep\n|turn|38\n|\n|t:|1698939953\n|switch|p1a: Clodsire|Clodsire, M|88\/100\n|move|p2a: Miraidon|Flash Cannon|p1a: Clodsire\n|-crit|p1a: Clodsire\n|-damage|p1a: Clodsire|40\/100\n|\n|-damage|p2a: Miraidon|39\/100 tox|[from] psn\n|upkeep\n|turn|39\n|\n|t:|1698939963\n|move|p2a: Miraidon|Flash Cannon|p1a: Clodsire\n|-damage|p1a: Clodsire|8\/100\n|move|p1a: Clodsire|Recover|p1a: Clodsire\n|-heal|p1a: Clodsire|58\/100\n|\n|-damage|p2a: Miraidon|20\/100 tox|[from] psn\n|upkeep\n|turn|40\n|\n|t:|1698939970\n|move|p2a: Miraidon|Flash Cannon|p1a: Clodsire\n|-damage|p1a: Clodsire|27\/100\n|move|p1a: Clodsire|Recover|p1a: Clodsire\n|-heal|p1a: Clodsire|77\/100\n|\n|-damage|p2a: Miraidon|0 fnt|[from] psn\n|faint|p2a: Miraidon\n|upkeep\n|c|\u2606diobrando7|worst player ever\n|c|\u2606diobrando7|fcking trash\n|-message|diobrando7 forfeited.\n|\n|win|What to do in Gen9\n|raw|What to do in Gen9's rating: 1389 &rarr; <strong>1412<\/strong><br \/>(+23 for winning)\n|raw|diobrando7's rating: 1434 &rarr; <strong>1411<\/strong><br \/>(-23 for losing)\n|c|\u2606What to do in Gen9|salamats\n|l|\u2606What to do in Gen9\n|l|\u2606diobrando7\n","uploadtime":1698940041,"views":6,"p1id":"whattodoingen9","p2id":"diobrando7","formatid":"gen9anythinggoes","rating":1411,"private":0,"password":""}