{"id":"gen9anythinggoes-1982794632","p1":"Daice","p2":"Darcoco14","format":"[Gen 9] Anything Goes","log":"|j|\u2606Daice\n|j|\u2606Darcoco14\n|t:|1699045573\n|gametype|singles\n|player|p1|Daice|iris|1130\n|player|p2|Darcoco14|169|1227\n|teamsize|p1|6\n|teamsize|p2|6\n|gen|9\n|tier|[Gen 9] Anything Goes\n|rated|\n|rule|HP Percentage Mod: HP is shown in percentages\n|rule|Endless Battle Clause: Forcing endless battles is banned\n|clearpoke\n|poke|p1|Cyclizar, F|\n|poke|p1|Gliscor, M|\n|poke|p1|Volcarona, F|\n|poke|p1|Samurott-Hisui, M|\n|poke|p1|Sylveon, F|\n|poke|p1|Zoroark-Hisui, F|\n|poke|p2|Garchomp, M|\n|poke|p2|Sandaconda, F|\n|poke|p2|Gliscor, M|\n|poke|p2|Ribombee, M|\n|poke|p2|Ninetales-Alola, M|\n|poke|p2|Braviary-Hisui, M|\n|teampreview\n|\n|t:|1699045582\n|start\n|switch|p1a: Cyclone|Cyclizar, F|100\/100\n|switch|p2a: Ribombee|Ribombee, M, shiny|100\/100\n|turn|1\n|\n|t:|1699045587\n|move|p1a: Cyclone|Taunt|p2a: Ribombee\n|-start|p2a: Ribombee|move: Taunt\n|cant|p2a: Ribombee|move: Taunt|Sticky Web\n|\n|upkeep\n|turn|2\n|\n|t:|1699045592\n|move|p1a: Cyclone|Shed Tail|p1a: Cyclone\n|-start|p1a: Cyclone|Substitute|[from] move: Shed Tail\n|-damage|p1a: Cyclone|50\/100\n|\n|t:|1699045596\n|switch|p1a: Vestus|Volcarona, F|100\/100|[from] Shed Tail\n|move|p2a: Ribombee|Draining Kiss|p1a: Vestus\n|-resisted|p1a: Vestus\n|-activate|p1a: Vestus|move: Substitute|[damage]\n|\n|upkeep\n|turn|3\n|\n|t:|1699045604\n|switch|p2a: Garchomp|Garchomp, M|100\/100\n|-terastallize|p1a: Vestus|Steel\n|move|p1a: Vestus|Quiver Dance|p1a: Vestus\n|-boost|p1a: Vestus|spa|1\n|-boost|p1a: Vestus|spd|1\n|-boost|p1a: Vestus|spe|1\n|\n|upkeep\n|turn|4\n|\n|t:|1699045612\n|move|p1a: Vestus|Giga Drain|p2a: Garchomp\n|-crit|p2a: Garchomp\n|-damage|p2a: Garchomp|33\/100\n|move|p2a: Garchomp|Earthquake|p1a: Vestus\n|-supereffective|p1a: Vestus\n|-end|p1a: Vestus|Substitute\n|\n|upkeep\n|turn|5\n|\n|t:|1699045618\n|move|p1a: Vestus|Giga Drain|p2a: Garchomp\n|-damage|p2a: Garchomp|0 fnt\n|faint|p2a: Garchomp\n|\n|upkeep\n|\n|t:|1699045632\n|switch|p2a: Ribombee|Ribombee, M, shiny|100\/100\n|turn|6\n|\n|t:|1699045643\n|move|p1a: Vestus|Fiery Dance|p2a: Ribombee\n|-supereffective|p2a: Ribombee\n|-damage|p2a: Ribombee|0 fnt\n|-boost|p1a: Vestus|spa|1\n|faint|p2a: Ribombee\n|\n|upkeep\n|\n|t:|1699045648\n|switch|p2a: Gliscor|Gliscor, M, shiny|100\/100\n|turn|7\n|\n|t:|1699045654\n|move|p2a: Gliscor|Protect|p2a: Gliscor\n|-singleturn|p2a: Gliscor|Protect\n|move|p1a: Vestus|Giga Drain|p2a: Gliscor\n|-activate|p2a: Gliscor|move: Protect\n|\n|-status|p2a: Gliscor|tox|[from] item: Toxic Orb\n|upkeep\n|turn|8\n|\n|t:|1699045661\n|move|p1a: Vestus|Giga Drain|p2a: Gliscor\n|-damage|p2a: Gliscor|15\/100 tox\n|move|p2a: Gliscor|Fling|p1a: Vestus\n|-damage|p1a: Vestus|88\/100\n|-enditem|p2a: Gliscor|Toxic Orb|[from] move: Fling\n|\n|-heal|p2a: Gliscor|27\/100 tox|[from] ability: Poison Heal\n|upkeep\n|turn|9\n|\n|t:|1699045671\n|move|p1a: Vestus|Giga Drain|p2a: Gliscor\n|-damage|p2a: Gliscor|0 fnt\n|-heal|p1a: Vestus|100\/100|[from] drain|[of] p2a: Gliscor\n|faint|p2a: Gliscor\n|\n|upkeep\n|\n|t:|1699045673\n|switch|p2a: Ninetales|Ninetales-Alola, M, shiny|100\/100\n|-weather|Snow|[from] ability: Snow Warning|[of] p2a: Ninetales\n|turn|10\n|\n|t:|1699045680\n|move|p1a: Vestus|Fiery Dance|p2a: Ninetales\n|-supereffective|p2a: Ninetales\n|-damage|p2a: Ninetales|0 fnt\n|-boost|p1a: Vestus|spa|1\n|faint|p2a: Ninetales\n|\n|-weather|Snow|[upkeep]\n|upkeep\n|\n|t:|1699045685\n|switch|p2a: Sandaconda|Sandaconda, F, shiny|100\/100\n|turn|11\n|\n|t:|1699045689\n|move|p1a: Vestus|Giga Drain|p2a: Sandaconda\n|-supereffective|p2a: Sandaconda\n|-damage|p2a: Sandaconda|0 fnt\n|faint|p2a: Sandaconda\n|\n|-weather|Snow|[upkeep]\n|upkeep\n|\n|t:|1699045692\n|switch|p2a: Braviary|Braviary-Hisui, M|100\/100\n|turn|12\n|\n|t:|1699045697\n|move|p1a: Vestus|Fiery Dance|p2a: Braviary\n|-damage|p2a: Braviary|0 fnt\n|-boost|p1a: Vestus|spa|1\n|faint|p2a: Braviary\n|\n|win|Daice\n|raw|Daice's rating: 1130 &rarr; <strong>1162<\/strong><br \/>(+32 for winning)\n|raw|Darcoco14's rating: 1227 &rarr; <strong>1195<\/strong><br \/>(-32 for losing)\n|l|\u2606Darcoco14\n|c|\u2606Daice|Vestus sweeps\n","uploadtime":1699045710,"views":9,"p1id":"daice","p2id":"darcoco14","formatid":"gen9anythinggoes","rating":1162,"private":0,"password":""}