{"id":"gen9anythinggoes-1987788293","p1":"ButaYaroSama","p2":"ymmwinaround","format":"[Gen 9] Anything Goes","log":"|j|\u2606ButaYaroSama\n|j|\u2606ymmwinaround\n|t:|1699636948\n|gametype|singles\n|player|p1|ButaYaroSama|266|1595\n|player|p2|ymmwinaround|jogger|1715\n|teamsize|p1|6\n|teamsize|p2|6\n|gen|9\n|tier|[Gen 9] Anything Goes\n|rated|\n|rule|HP Percentage Mod: HP is shown in percentages\n|rule|Endless Battle Clause: Forcing endless battles is banned\n|clearpoke\n|poke|p1|Calyrex-Shadow|\n|poke|p1|Toxapex, F|\n|poke|p1|Eternatus|\n|poke|p1|Grimmsnarl, M|\n|poke|p1|Koraidon|\n|poke|p1|Espathra, M|\n|poke|p2|Ting-Lu|\n|poke|p2|Arceus|\n|poke|p2|Calyrex-Shadow|\n|poke|p2|Toxapex, F|\n|poke|p2|Arceus-Fairy|\n|poke|p2|Ribombee, M|\n|teampreview\n|inactive|Battle timer is ON: inactive players will automatically lose when time's up. (requested by ButaYaroSama)\n|inactive|ButaYaroSama has 120 seconds left.\n|\n|t:|1699637006\n|start\n|switch|p1a: Grimmsnarl|Grimmsnarl, M|100\/100\n|switch|p2a: Calyrex|Calyrex-Shadow|100\/100\n|-ability|p2a: Calyrex|As One\n|-ability|p2a: Calyrex|Unnerve\n|turn|1\n|\n|t:|1699637012\n|move|p1a: Grimmsnarl|Taunt|p2a: Calyrex\n|-start|p2a: Calyrex|move: Taunt\n|cant|p2a: Calyrex|move: Taunt|Trick\n|\n|upkeep\n|turn|2\n|\n|t:|1699637022\n|switch|p2a: Ting-Lu|Ting-Lu|100\/100\n|-ability|p2a: Ting-Lu|Vessel of Ruin\n|move|p1a: Grimmsnarl|Reflect|p1a: Grimmsnarl\n|-sidestart|p1: ButaYaroSama|Reflect\n|\n|upkeep\n|turn|3\n|\n|t:|1699637032\n|switch|p1a: Koraidon|Koraidon|100\/100\n|-weather|SunnyDay|[from] ability: Orichalcum Pulse|[of] p1a: Koraidon\n|-activate|p1a: Koraidon|Orichalcum Pulse|[source]\n|move|p2a: Ting-Lu|Taunt|p1a: Koraidon\n|-start|p1a: Koraidon|move: Taunt\n|\n|-weather|SunnyDay|[upkeep]\n|upkeep\n|turn|4\n|\n|t:|1699637041\n|switch|p2a: Toxapex|Toxapex, F|100\/100\n|move|p1a: Koraidon|Scale Shot|p2a: Toxapex\n|-damage|p2a: Toxapex|89\/100\n|-damage|p2a: Toxapex|76\/100\n|-crit|p2a: Toxapex\n|-damage|p2a: Toxapex|58\/100\n|-damage|p2a: Toxapex|46\/100\n|-hitcount|p2a: Toxapex|4\n|-unboost|p1a: Koraidon|def|1\n|-boost|p1a: Koraidon|spe|1\n|\n|-weather|SunnyDay|[upkeep]\n|upkeep\n|turn|5\n|\n|t:|1699637060\n|switch|p2a: Ribombee|Ribombee, M|100\/100\n|move|p1a: Koraidon|Scale Shot|p2a: Ribombee\n|-immune|p2a: Ribombee\n|\n|-weather|SunnyDay|[upkeep]\n|-end|p1a: Koraidon|move: Taunt\n|upkeep\n|turn|6\n|\n|t:|1699637075\n|-terastallize|p1a: Koraidon|Fire\n|move|p1a: Koraidon|Flare Blitz|p2a: Ribombee\n|-supereffective|p2a: Ribombee\n|-enditem|p2a: Ribombee|Focus Sash\n|-damage|p2a: Ribombee|1\/100\n|-damage|p1a: Koraidon|69\/100|[from] Recoil\n|move|p2a: Ribombee|Stun Spore|p1a: Koraidon\n|-status|p1a: Koraidon|par\n|\n|-weather|SunnyDay|[upkeep]\n|upkeep\n|turn|7\n|\n|t:|1699637096\n|move|p2a: Ribombee|Sticky Web|p1a: Koraidon\n|-sidestart|p1: ButaYaroSama|move: Sticky Web\n|move|p1a: Koraidon|Flare Blitz|p2a: Ribombee\n|-supereffective|p2a: Ribombee\n|-damage|p2a: Ribombee|0 fnt\n|faint|p2a: Ribombee\n|-damage|p1a: Koraidon|69\/100 par|[from] Recoil\n|\n|-weather|none\n|upkeep\n|inactive|ymmwinaround has 120 seconds left.\n|\n|t:|1699637121\n|switch|p2a: Toxapex|Toxapex, F|79\/100\n|turn|8\n|\n|t:|1699637129\n|move|p1a: Koraidon|Swords Dance|p1a: Koraidon\n|-boost|p1a: Koraidon|atk|2\n|move|p2a: Toxapex|Recover|p2a: Toxapex\n|-heal|p2a: Toxapex|100\/100\n|\n|upkeep\n|turn|9\n|\n|t:|1699637134\n|move|p1a: Koraidon|Scale Shot|p2a: Toxapex\n|-damage|p2a: Toxapex|83\/100\n|-damage|p2a: Toxapex|65\/100\n|-damage|p2a: Toxapex|45\/100\n|-damage|p2a: Toxapex|27\/100\n|-hitcount|p2a: Toxapex|4\n|-unboost|p1a: Koraidon|def|1\n|-boost|p1a: Koraidon|spe|1\n|move|p2a: Toxapex|Haze|p2a: Toxapex\n|-clearallboost\n|\n|-sideend|p1: ButaYaroSama|Reflect\n|upkeep\n|turn|10\n|\n|t:|1699637149\n|switch|p2a: Calyrex|Calyrex-Shadow|100\/100\n|-ability|p2a: Calyrex|As One\n|-ability|p2a: Calyrex|Unnerve\n|move|p1a: Koraidon|Scale Shot|p2a: Calyrex\n|-damage|p2a: Calyrex|84\/100\n|-damage|p2a: Calyrex|67\/100\n|-damage|p2a: Calyrex|47\/100\n|-damage|p2a: Calyrex|30\/100\n|-damage|p2a: Calyrex|13\/100\n|-hitcount|p2a: Calyrex|5\n|-unboost|p1a: Koraidon|def|1\n|-boost|p1a: Koraidon|spe|1\n|\n|upkeep\n|turn|11\n|\n|t:|1699637171\n|switch|p1a: Grimmsnarl|Grimmsnarl, M|100\/100\n|-activate|p1a: Grimmsnarl|move: Sticky Web\n|-unboost|p1a: Grimmsnarl|spe|1\n|move|p2a: Calyrex|Astral Barrage|p1a: Grimmsnarl\n|-resisted|p1a: Grimmsnarl\n|-damage|p1a: Grimmsnarl|50\/100\n|\n|upkeep\n|turn|12\n|\n|t:|1699637181\n|move|p1a: Grimmsnarl|Parting Shot|p2a: Calyrex\n|-unboost|p2a: Calyrex|atk|1\n|-unboost|p2a: Calyrex|spa|1\n|\n|t:|1699637191\n|switch|p1a: Toxapex|Toxapex, F|100\/100|[from] Parting Shot\n|-activate|p1a: Toxapex|move: Sticky Web\n|-unboost|p1a: Toxapex|spe|1\n|move|p2a: Calyrex|Astral Barrage|p1a: Toxapex\n|-damage|p1a: Toxapex|53\/100\n|\n|upkeep\n|turn|13\n|\n|t:|1699637202\n|switch|p2a: Toxapex|Toxapex, F|61\/100\n|move|p1a: Toxapex|Toxic Spikes|p2a: Toxapex\n|-sidestart|p2: ymmwinaround|move: Toxic Spikes\n|\n|upkeep\n|turn|14\n|\n|t:|1699637210\n|move|p2a: Toxapex|Toxic Spikes|p1a: Toxapex\n|-sidestart|p1: ButaYaroSama|move: Toxic Spikes\n|move|p1a: Toxapex|Toxic Spikes|p2a: Toxapex\n|-sidestart|p2: ymmwinaround|move: Toxic Spikes\n|\n|upkeep\n|turn|15\n|\n|t:|1699637216\n|move|p2a: Toxapex|Toxic Spikes|p1a: Toxapex\n|-sidestart|p1: ButaYaroSama|move: Toxic Spikes\n|move|p1a: Toxapex|Recover|p1a: Toxapex\n|-heal|p1a: Toxapex|100\/100\n|\n|upkeep\n|turn|16\n|\n|t:|1699637229\n|switch|p2a: Arceus|Arceus|100\/100\n|switch|p1a: Koraidon|Koraidon, tera:Fire|69\/100 par\n|-activate|p1a: Koraidon|move: Sticky Web\n|-unboost|p1a: Koraidon|spe|1\n|-weather|SunnyDay|[from] ability: Orichalcum Pulse|[of] p1a: Koraidon\n|-activate|p1a: Koraidon|Orichalcum Pulse|[source]\n|\n|-weather|SunnyDay|[upkeep]\n|upkeep\n|turn|17\n|\n|t:|1699637237\n|switch|p2a: Toxapex|Toxapex, F|94\/100\n|-sideend|p2: ymmwinaround|move: Toxic Spikes|[of] p2a: Toxapex\n|move|p1a: Koraidon|Swords Dance|p1a: Koraidon\n|-boost|p1a: Koraidon|atk|2\n|\n|-weather|SunnyDay|[upkeep]\n|upkeep\n|turn|18\n|\n|t:|1699637245\n|move|p1a: Koraidon|Scale Shot|p2a: Toxapex\n|-damage|p2a: Toxapex|69\/100\n|-damage|p2a: Toxapex|45\/100\n|-damage|p2a: Toxapex|22\/100\n|-damage|p2a: Toxapex|0 fnt\n|faint|p2a: Toxapex\n|-hitcount|p2: Toxapex|4\n|-unboost|p1a: Koraidon|def|1\n|-boost|p1a: Koraidon|spe|1\n|\n|-weather|SunnyDay|[upkeep]\n|upkeep\n|\n|t:|1699637255\n|switch|p2a: Calyrex|Calyrex-Shadow|13\/100\n|-ability|p2a: Calyrex|As One\n|-ability|p2a: Calyrex|Unnerve\n|turn|19\n|\n|t:|1699637266\n|switch|p1a: Toxapex|Toxapex, F|100\/100\n|-activate|p1a: Toxapex|move: Sticky Web\n|-unboost|p1a: Toxapex|spe|1\n|-sideend|p1: ButaYaroSama|move: Toxic Spikes|[of] p1a: Toxapex\n|move|p2a: Calyrex|Astral Barrage|p1a: Toxapex\n|-damage|p1a: Toxapex|33\/100\n|\n|-weather|SunnyDay|[upkeep]\n|upkeep\n|turn|20\n|\n|t:|1699637283\n|switch|p1a: Grimmsnarl|Grimmsnarl, M|50\/100\n|-activate|p1a: Grimmsnarl|move: Sticky Web\n|-unboost|p1a: Grimmsnarl|spe|1\n|move|p2a: Calyrex|Astral Barrage|p1a: Grimmsnarl\n|-resisted|p1a: Grimmsnarl\n|-damage|p1a: Grimmsnarl|2\/100\n|\n|-weather|none\n|upkeep\n|turn|21\n|\n|t:|1699637292\n|switch|p2a: Ting-Lu|Ting-Lu|100\/100\n|-ability|p2a: Ting-Lu|Vessel of Ruin\n|move|p1a: Grimmsnarl|Parting Shot|p2a: Ting-Lu\n|-hint|Since gen 7, Dark is immune to Prankster moves.\n|-immune|p2a: Ting-Lu\n|\n|upkeep\n|turn|22\n|\n|t:|1699637301\n|move|p1a: Grimmsnarl|Light Screen|p1a: Grimmsnarl\n|-sidestart|p1: ButaYaroSama|move: Light Screen\n|move|p2a: Ting-Lu|Spikes|p1a: Grimmsnarl\n|-sidestart|p1: ButaYaroSama|Spikes\n|\n|upkeep\n|turn|23\n|\n|t:|1699637309\n|switch|p1a: Toxapex|Toxapex, F|67\/100\n|-activate|p1a: Toxapex|move: Sticky Web\n|-unboost|p1a: Toxapex|spe|1\n|-damage|p1a: Toxapex|54\/100|[from] Spikes\n|move|p2a: Ting-Lu|Spikes|p1a: Toxapex\n|-sidestart|p1: ButaYaroSama|Spikes\n|\n|upkeep\n|turn|24\n|\n|t:|1699637315\n|move|p2a: Ting-Lu|Taunt|p1a: Toxapex\n|-start|p1a: Toxapex|move: Taunt\n|cant|p1a: Toxapex|move: Taunt|Toxic Spikes\n|\n|upkeep\n|turn|25\n|\n|t:|1699637328\n|switch|p1a: Koraidon|Koraidon, tera:Fire|69\/100 par\n|-activate|p1a: Koraidon|move: Sticky Web\n|-unboost|p1a: Koraidon|spe|1\n|-damage|p1a: Koraidon|53\/100 par|[from] Spikes\n|-weather|SunnyDay|[from] ability: Orichalcum Pulse|[of] p1a: Koraidon\n|-activate|p1a: Koraidon|Orichalcum Pulse|[source]\n|move|p2a: Ting-Lu|Spikes|p1a: Koraidon\n|-sidestart|p1: ButaYaroSama|Spikes\n|\n|-weather|SunnyDay|[upkeep]\n|upkeep\n|turn|26\n|\n|t:|1699637341\n|move|p1a: Koraidon|Scale Shot|p2a: Ting-Lu\n|-damage|p2a: Ting-Lu|88\/100\n|-damage|p2a: Ting-Lu|77\/100\n|-damage|p2a: Ting-Lu|66\/100\n|-damage|p2a: Ting-Lu|55\/100\n|-damage|p2a: Ting-Lu|43\/100\n|-hitcount|p2a: Ting-Lu|5\n|-unboost|p1a: Koraidon|def|1\n|-boost|p1a: Koraidon|spe|1\n|move|p2a: Ting-Lu|Whirlwind|p1a: Koraidon\n|drag|p1a: Toxapex|Toxapex, F|87\/100\n|-activate|p1a: Toxapex|move: Sticky Web\n|-unboost|p1a: Toxapex|spe|1\n|-damage|p1a: Toxapex|62\/100|[from] Spikes\n|\n|-weather|SunnyDay|[upkeep]\n|-heal|p2a: Ting-Lu|50\/100|[from] item: Leftovers\n|upkeep\n|turn|27\n|\n|t:|1699637362\n|switch|p1a: Koraidon|Koraidon, tera:Fire|53\/100 par\n|-activate|p1a: Koraidon|move: Sticky Web\n|-unboost|p1a: Koraidon|spe|1\n|-damage|p1a: Koraidon|28\/100 par|[from] Spikes\n|-activate|p1a: Koraidon|ability: Orichalcum Pulse\n|move|p2a: Ting-Lu|Taunt|p1a: Koraidon\n|-start|p1a: Koraidon|move: Taunt\n|\n|-weather|SunnyDay|[upkeep]\n|-heal|p2a: Ting-Lu|56\/100|[from] item: Leftovers\n|upkeep\n|turn|28\n|\n|t:|1699637372\n|move|p1a: Koraidon|Collision Course|p2a: Ting-Lu\n|-supereffective|p2a: Ting-Lu\n|-damage|p2a: Ting-Lu|0 fnt\n|faint|p2a: Ting-Lu\n|\n|-weather|SunnyDay|[upkeep]\n|upkeep\n|\n|t:|1699637376\n|switch|p2a: Calyrex|Calyrex-Shadow|13\/100\n|-ability|p2a: Calyrex|As One\n|-ability|p2a: Calyrex|Unnerve\n|turn|29\n|inactive|ButaYaroSama has 120 seconds left.\n|\n|t:|1699637403\n|switch|p1a: Toxapex|Toxapex, F|96\/100\n|-activate|p1a: Toxapex|move: Sticky Web\n|-unboost|p1a: Toxapex|spe|1\n|-damage|p1a: Toxapex|71\/100|[from] Spikes\n|move|p2a: Calyrex|Psyshock|p1a: Toxapex\n|-supereffective|p1a: Toxapex\n|-damage|p1a: Toxapex|15\/100\n|\n|-weather|none\n|-sideend|p1: ButaYaroSama|move: Light Screen\n|upkeep\n|turn|30\n|inactive|ButaYaroSama has 120 seconds left.\n|\n|t:|1699637425\n|switch|p1a: Espathra|Espathra, M|100\/100\n|-activate|p1a: Espathra|move: Sticky Web\n|-unboost|p1a: Espathra|spe|1\n|-damage|p1a: Espathra|76\/100|[from] Spikes\n|move|p2a: Calyrex|Psyshock|p1a: Espathra\n|-resisted|p1a: Espathra\n|-damage|p1a: Espathra|29\/100\n|\n|upkeep\n|turn|31\n|inactive|ButaYaroSama has 120 seconds left.\n|\n|t:|1699637438\n|move|p1a: Espathra|Protect|p1a: Espathra\n|-singleturn|p1a: Espathra|Protect\n|move|p2a: Calyrex|Psyshock|p1a: Espathra\n|-activate|p1a: Espathra|move: Protect\n|\n|-ability|p1a: Espathra|Speed Boost|boost\n|-boost|p1a: Espathra|spe|1\n|upkeep\n|turn|32\n|inactive|ButaYaroSama has 120 seconds left.\n|\n|t:|1699637456\n|move|p1a: Espathra|Protect||[still]\n|-fail|p1a: Espathra\n|move|p2a: Calyrex|Psyshock|p1a: Espathra\n|-resisted|p1a: Espathra\n|-damage|p1a: Espathra|0 fnt\n|faint|p1a: Espathra\n|-ability|p2a: Calyrex|Grim Neigh|boost\n|-boost|p2a: Calyrex|spa|1\n|\n|upkeep\n|\n|t:|1699637472\n|switch|p1a: Calyrex|Calyrex-Shadow|100\/100\n|-ability|p1a: Calyrex|As One\n|-ability|p1a: Calyrex|Unnerve\n|-activate|p1a: Calyrex|move: Sticky Web\n|-unboost|p1a: Calyrex|spe|1\n|-damage|p1a: Calyrex|75\/100|[from] Spikes\n|turn|33\n|\n|t:|1699637485\n|switch|p2a: Arceus|Arceus|100\/100\n|move|p1a: Calyrex|Substitute|p1a: Calyrex\n|-start|p1a: Calyrex|Substitute\n|-damage|p1a: Calyrex|50\/100\n|\n|-heal|p1a: Calyrex|57\/100|[from] item: Leftovers\n|upkeep\n|turn|34\n|\n|t:|1699637494\n|move|p1a: Calyrex|Nasty Plot|p1a: Calyrex\n|-boost|p1a: Calyrex|spa|2\n|move|p2a: Arceus|Shadow Claw|p1a: Calyrex\n|-supereffective|p1a: Calyrex\n|-end|p1a: Calyrex|Substitute\n|\n|-heal|p1a: Calyrex|63\/100|[from] item: Leftovers\n|upkeep\n|turn|35\n|\n|t:|1699637502\n|move|p1a: Calyrex|Psyshock|p2a: Arceus\n|-damage|p2a: Arceus|38\/100\n|move|p2a: Arceus|Shadow Claw|p1a: Calyrex\n|-supereffective|p1a: Calyrex\n|-damage|p1a: Calyrex|0 fnt\n|faint|p1a: Calyrex\n|\n|upkeep\n|\n|t:|1699637509\n|switch|p1a: Eternatus|Eternatus|100\/100\n|-activate|p1a: Eternatus|move: Sticky Web\n|-unboost|p1a: Eternatus|spe|1\n|-damage|p1a: Eternatus|75\/100|[from] Spikes\n|-ability|p1a: Eternatus|Pressure\n|turn|36\n|inactive|ButaYaroSama has 120 seconds left.\n|\n|t:|1699637516\n|move|p2a: Arceus|Recover|p2a: Arceus\n|-heal|p2a: Arceus|89\/100\n|move|p1a: Eternatus|Cosmic Power|p1a: Eternatus\n|-boost|p1a: Eternatus|def|1\n|-boost|p1a: Eternatus|spd|1\n|\n|-heal|p1a: Eternatus|82\/100|[from] item: Leftovers\n|upkeep\n|turn|37\n|\n|t:|1699637524\n|move|p2a: Arceus|Swords Dance|p2a: Arceus\n|-boost|p2a: Arceus|atk|2\n|move|p1a: Eternatus|Cosmic Power|p1a: Eternatus\n|-boost|p1a: Eternatus|def|1\n|-boost|p1a: Eternatus|spd|1\n|\n|-heal|p1a: Eternatus|88\/100|[from] item: Leftovers\n|upkeep\n|turn|38\n|\n|t:|1699637531\n|move|p2a: Arceus|Swords Dance|p2a: Arceus\n|-boost|p2a: Arceus|atk|2\n|move|p1a: Eternatus|Toxic|p2a: Arceus\n|-status|p2a: Arceus|tox\n|\n|-heal|p1a: Eternatus|94\/100|[from] item: Leftovers\n|-damage|p2a: Arceus|82\/100 tox|[from] psn\n|upkeep\n|turn|39\n|\n|t:|1699637538\n|move|p2a: Arceus|Swords Dance|p2a: Arceus\n|-boost|p2a: Arceus|atk|2\n|move|p1a: Eternatus|Cosmic Power|p1a: Eternatus\n|-boost|p1a: Eternatus|def|1\n|-boost|p1a: Eternatus|spd|1\n|\n|-heal|p1a: Eternatus|99\/100|[from] item: Leftovers\n|-damage|p2a: Arceus|70\/100 tox|[from] psn\n|upkeep\n|turn|40\n|\n|t:|1699637546\n|move|p2a: Arceus|Shadow Claw|p1a: Eternatus\n|-damage|p1a: Eternatus|77\/100\n|move|p1a: Eternatus|Cosmic Power|p1a: Eternatus\n|-boost|p1a: Eternatus|def|1\n|-boost|p1a: Eternatus|spd|1\n|\n|-heal|p1a: Eternatus|83\/100|[from] item: Leftovers\n|-damage|p2a: Arceus|51\/100 tox|[from] psn\n|upkeep\n|turn|41\n|\n|t:|1699637555\n|move|p2a: Arceus|Shadow Claw|p1a: Eternatus\n|-damage|p1a: Eternatus|64\/100\n|move|p1a: Eternatus|Cosmic Power|p1a: Eternatus\n|-boost|p1a: Eternatus|def|1\n|-boost|p1a: Eternatus|spd|1\n|\n|-heal|p1a: Eternatus|70\/100|[from] item: Leftovers\n|-damage|p2a: Arceus|26\/100 tox|[from] psn\n|upkeep\n|turn|42\n|c|\u2606ButaYaroSama|crit o gg?\n|\n|t:|1699637578\n|move|p2a: Arceus|Shadow Claw|p1a: Eternatus\n|-damage|p1a: Eternatus|54\/100\n|move|p1a: Eternatus|Recover|p1a: Eternatus\n|-heal|p1a: Eternatus|100\/100\n|\n|-damage|p2a: Arceus|0 fnt|[from] psn\n|faint|p2a: Arceus\n|upkeep\n|\n|t:|1699637580\n|switch|p2a: Arceus|Arceus-Fairy|100\/100\n|turn|43\n|\n|t:|1699637587\n|-terastallize|p2a: Arceus|Poison\n|move|p2a: Arceus|Will-O-Wisp|p1a: Eternatus\n|-status|p1a: Eternatus|brn\n|move|p1a: Eternatus|Toxic|p2a: Arceus\n|-immune|p2a: Arceus\n|\n|-damage|p1a: Eternatus|94\/100 brn|[from] brn\n|upkeep\n|turn|44\n|\n|t:|1699637594\n|move|p2a: Arceus|Calm Mind|p2a: Arceus\n|-boost|p2a: Arceus|spa|1\n|-boost|p2a: Arceus|spd|1\n|move|p1a: Eternatus|Cosmic Power|p1a: Eternatus\n|-boost|p1a: Eternatus|def|1\n|-boost|p1a: Eternatus|spd|1\n|\n|-heal|p1a: Eternatus|100\/100 brn|[from] item: Leftovers\n|-damage|p1a: Eternatus|94\/100 brn|[from] brn\n|upkeep\n|turn|45\n|\n|t:|1699637602\n|move|p2a: Arceus|Calm Mind|p2a: Arceus\n|-boost|p2a: Arceus|spa|1\n|-boost|p2a: Arceus|spd|1\n|move|p1a: Eternatus|Flamethrower|p2a: Arceus\n|-damage|p2a: Arceus|91\/100\n|\n|-heal|p1a: Eternatus|100\/100 brn|[from] item: Leftovers\n|-damage|p1a: Eternatus|94\/100 brn|[from] brn\n|upkeep\n|turn|46\n|\n|t:|1699637610\n|move|p2a: Arceus|Calm Mind|p2a: Arceus\n|-boost|p2a: Arceus|spa|1\n|-boost|p2a: Arceus|spd|1\n|move|p1a: Eternatus|Flamethrower|p2a: Arceus\n|-damage|p2a: Arceus|84\/100\n|\n|-heal|p1a: Eternatus|100\/100 brn|[from] item: Leftovers\n|-damage|p1a: Eternatus|94\/100 brn|[from] brn\n|upkeep\n|turn|47\n|\n|t:|1699637627\n|move|p2a: Arceus|Calm Mind|p2a: Arceus\n|-boost|p2a: Arceus|spa|1\n|-boost|p2a: Arceus|spd|1\n|move|p1a: Eternatus|Flamethrower|p2a: Arceus\n|-damage|p2a: Arceus|77\/100\n|\n|-heal|p1a: Eternatus|100\/100 brn|[from] item: Leftovers\n|-damage|p1a: Eternatus|94\/100 brn|[from] brn\n|upkeep\n|turn|48\n|c|\u2606ymmwinaround|idek\n|\n|t:|1699637634\n|move|p2a: Arceus|Calm Mind|p2a: Arceus\n|-boost|p2a: Arceus|spa|1\n|-boost|p2a: Arceus|spd|1\n|move|p1a: Eternatus|Flamethrower|p2a: Arceus\n|-damage|p2a: Arceus|71\/100\n|\n|-heal|p1a: Eternatus|100\/100 brn|[from] item: Leftovers\n|-damage|p1a: Eternatus|94\/100 brn|[from] brn\n|upkeep\n|turn|49\n|\n|t:|1699637643\n|move|p2a: Arceus|Calm Mind|p2a: Arceus\n|-boost|p2a: Arceus|spa|1\n|-boost|p2a: Arceus|spd|1\n|move|p1a: Eternatus|Flamethrower|p2a: Arceus\n|-damage|p2a: Arceus|66\/100\n|\n|-heal|p1a: Eternatus|100\/100 brn|[from] item: Leftovers\n|-damage|p1a: Eternatus|94\/100 brn|[from] brn\n|upkeep\n|turn|50\n|\n|t:|1699637652\n|move|p2a: Arceus|Recover|p2a: Arceus\n|-heal|p2a: Arceus|100\/100\n|move|p1a: Eternatus|Flamethrower|p2a: Arceus\n|-damage|p2a: Arceus|96\/100\n|\n|-heal|p1a: Eternatus|100\/100 brn|[from] item: Leftovers\n|-damage|p1a: Eternatus|94\/100 brn|[from] brn\n|upkeep\n|turn|51\n|\n|t:|1699637660\n|move|p2a: Arceus|Judgment|p1a: Eternatus\n|-damage|p1a: Eternatus|63\/100 brn\n|move|p1a: Eternatus|Flamethrower|p2a: Arceus\n|-damage|p2a: Arceus|91\/100\n|\n|-heal|p1a: Eternatus|70\/100 brn|[from] item: Leftovers\n|-damage|p1a: Eternatus|63\/100 brn|[from] brn\n|upkeep\n|turn|52\n|\n|t:|1699637669\n|move|p2a: Arceus|Judgment|p1a: Eternatus\n|-damage|p1a: Eternatus|34\/100 brn\n|move|p1a: Eternatus|Recover|p1a: Eternatus\n|-heal|p1a: Eternatus|84\/100 brn\n|\n|-heal|p1a: Eternatus|90\/100 brn|[from] item: Leftovers\n|-damage|p1a: Eternatus|84\/100 brn|[from] brn\n|upkeep\n|turn|53\n|\n|t:|1699637676\n|move|p2a: Arceus|Judgment|p1a: Eternatus\n|-damage|p1a: Eternatus|55\/100 brn\n|move|p1a: Eternatus|Flamethrower|p2a: Arceus\n|-damage|p2a: Arceus|86\/100\n|\n|-heal|p1a: Eternatus|62\/100 brn|[from] item: Leftovers\n|-damage|p1a: Eternatus|55\/100 brn|[from] brn\n|upkeep\n|turn|54\n|\n|t:|1699637684\n|move|p2a: Arceus|Judgment|p1a: Eternatus\n|-damage|p1a: Eternatus|24\/100 brn\n|move|p1a: Eternatus|Recover|p1a: Eternatus\n|-heal|p1a: Eternatus|74\/100 brn\n|\n|-heal|p1a: Eternatus|80\/100 brn|[from] item: Leftovers\n|-damage|p1a: Eternatus|74\/100 brn|[from] brn\n|upkeep\n|turn|55\n|\n|t:|1699637696\n|move|p2a: Arceus|Judgment|p1a: Eternatus\n|-damage|p1a: Eternatus|42\/100 brn\n|move|p1a: Eternatus|Flamethrower|p2a: Arceus\n|-damage|p2a: Arceus|81\/100\n|\n|-heal|p1a: Eternatus|48\/100 brn|[from] item: Leftovers\n|-damage|p1a: Eternatus|42\/100 brn|[from] brn\n|upkeep\n|turn|56\n|\n|t:|1699637704\n|move|p2a: Arceus|Judgment|p1a: Eternatus\n|-damage|p1a: Eternatus|13\/100 brn\n|move|p1a: Eternatus|Recover|p1a: Eternatus\n|-heal|p1a: Eternatus|63\/100 brn\n|\n|-heal|p1a: Eternatus|69\/100 brn|[from] item: Leftovers\n|-damage|p1a: Eternatus|63\/100 brn|[from] brn\n|upkeep\n|turn|57\n|c|\u2606ymmwinaround|pls no pp stall\n|c|\u2606ButaYaroSama|:)\n|\n|t:|1699637725\n|move|p2a: Arceus|Will-O-Wisp|p1a: Eternatus\n|-fail|p1a: Eternatus|brn\n|move|p1a: Eternatus|Recover|p1a: Eternatus\n|-heal|p1a: Eternatus|100\/100 brn\n|\n|-damage|p1a: Eternatus|94\/100 brn|[from] brn\n|upkeep\n|turn|58\n|c|\u2606ymmwinaround|ill win it\n|\n|t:|1699637732\n|move|p2a: Arceus|Will-O-Wisp|p1a: Eternatus\n|-fail|p1a: Eternatus|brn\n|move|p1a: Eternatus|Flamethrower|p2a: Arceus\n|-damage|p2a: Arceus|76\/100\n|\n|-heal|p1a: Eternatus|100\/100 brn|[from] item: Leftovers\n|-damage|p1a: Eternatus|94\/100 brn|[from] brn\n|upkeep\n|turn|59\n|\n|t:|1699637740\n|move|p2a: Arceus|Will-O-Wisp|p1a: Eternatus\n|-fail|p1a: Eternatus|brn\n|move|p1a: Eternatus|Flamethrower|p2a: Arceus\n|-damage|p2a: Arceus|71\/100\n|\n|-heal|p1a: Eternatus|100\/100 brn|[from] item: Leftovers\n|-damage|p1a: Eternatus|94\/100 brn|[from] brn\n|upkeep\n|turn|60\n|\n|t:|1699637748\n|move|p2a: Arceus|Will-O-Wisp|p1a: Eternatus\n|-fail|p1a: Eternatus|brn\n|move|p1a: Eternatus|Flamethrower|p2a: Arceus\n|-damage|p2a: Arceus|66\/100\n|\n|-heal|p1a: Eternatus|100\/100 brn|[from] item: Leftovers\n|-damage|p1a: Eternatus|94\/100 brn|[from] brn\n|upkeep\n|turn|61\n|c|\u2606ButaYaroSama|pressure\n|\n|t:|1699637757\n|move|p2a: Arceus|Will-O-Wisp|p1a: Eternatus\n|-fail|p1a: Eternatus|brn\n|move|p1a: Eternatus|Flamethrower|p2a: Arceus\n|-damage|p2a: Arceus|61\/100\n|\n|-heal|p1a: Eternatus|100\/100 brn|[from] item: Leftovers\n|-damage|p1a: Eternatus|94\/100 brn|[from] brn\n|upkeep\n|turn|62\n|c|\u2606ymmwinaround|oh\n|c|\u2606ButaYaroSama|:)\n|\n|t:|1699637766\n|move|p2a: Arceus|Judgment|p1a: Eternatus\n|-damage|p1a: Eternatus|61\/100 brn\n|move|p1a: Eternatus|Flamethrower|p2a: Arceus\n|-damage|p2a: Arceus|56\/100\n|\n|-heal|p1a: Eternatus|68\/100 brn|[from] item: Leftovers\n|-damage|p1a: Eternatus|61\/100 brn|[from] brn\n|upkeep\n|turn|63\n|\n|t:|1699637774\n|move|p2a: Arceus|Recover|p2a: Arceus\n|-heal|p2a: Arceus|100\/100\n|move|p1a: Eternatus|Recover|p1a: Eternatus\n|-heal|p1a: Eternatus|100\/100 brn\n|\n|-damage|p1a: Eternatus|94\/100 brn|[from] brn\n|upkeep\n|turn|64\n|\n|t:|1699637783\n|move|p2a: Arceus|Judgment|p1a: Eternatus\n|-damage|p1a: Eternatus|63\/100 brn\n|move|p1a: Eternatus|Flamethrower|p2a: Arceus\n|-crit|p2a: Arceus\n|-damage|p2a: Arceus|70\/100\n|\n|-heal|p1a: Eternatus|69\/100 brn|[from] item: Leftovers\n|-damage|p1a: Eternatus|63\/100 brn|[from] brn\n|upkeep\n|turn|65\n|c|\u2606ymmwinaround|of course you get the crit\n|\n|t:|1699637803\n|move|p2a: Arceus|Calm Mind|p2a: Arceus\n|-boost|p2a: Arceus|spa|0\n|-boost|p2a: Arceus|spd|0\n|move|p1a: Eternatus|Flamethrower|p2a: Arceus\n|-damage|p2a: Arceus|65\/100\n|\n|-heal|p1a: Eternatus|69\/100 brn|[from] item: Leftovers\n|-damage|p1a: Eternatus|63\/100 brn|[from] brn\n|upkeep\n|turn|66\n|\n|t:|1699637817\n|move|p2a: Arceus|Calm Mind|p2a: Arceus\n|-boost|p2a: Arceus|spa|0\n|-boost|p2a: Arceus|spd|0\n|move|p1a: Eternatus|Flamethrower|p2a: Arceus\n|-damage|p2a: Arceus|60\/100\n|\n|-heal|p1a: Eternatus|69\/100 brn|[from] item: Leftovers\n|-damage|p1a: Eternatus|63\/100 brn|[from] brn\n|upkeep\n|turn|67\n|\n|t:|1699637827\n|move|p2a: Arceus|Calm Mind|p2a: Arceus\n|-boost|p2a: Arceus|spa|0\n|-boost|p2a: Arceus|spd|0\n|move|p1a: Eternatus|Cosmic Power|p1a: Eternatus\n|-boost|p1a: Eternatus|def|0\n|-boost|p1a: Eternatus|spd|0\n|\n|-heal|p1a: Eternatus|69\/100 brn|[from] item: Leftovers\n|-damage|p1a: Eternatus|63\/100 brn|[from] brn\n|upkeep\n|turn|68\n|\n|t:|1699637836\n|move|p2a: Arceus|Recover|p2a: Arceus\n|-heal|p2a: Arceus|100\/100\n|move|p1a: Eternatus|Cosmic Power|p1a: Eternatus\n|-boost|p1a: Eternatus|def|0\n|-boost|p1a: Eternatus|spd|0\n|\n|-heal|p1a: Eternatus|69\/100 brn|[from] item: Leftovers\n|-damage|p1a: Eternatus|63\/100 brn|[from] brn\n|upkeep\n|turn|69\n|\n|t:|1699637844\n|move|p2a: Arceus|Calm Mind|p2a: Arceus\n|-boost|p2a: Arceus|spa|0\n|-boost|p2a: Arceus|spd|0\n|move|p1a: Eternatus|Cosmic Power|p1a: Eternatus\n|-boost|p1a: Eternatus|def|0\n|-boost|p1a: Eternatus|spd|0\n|\n|-heal|p1a: Eternatus|69\/100 brn|[from] item: Leftovers\n|-damage|p1a: Eternatus|63\/100 brn|[from] brn\n|upkeep\n|turn|70\n|\n|t:|1699637853\n|switch|p2a: Calyrex|Calyrex-Shadow|13\/100\n|-ability|p2a: Calyrex|As One\n|-ability|p2a: Calyrex|Unnerve\n|move|p1a: Eternatus|Toxic|p2a: Calyrex\n|-status|p2a: Calyrex|tox\n|\n|-heal|p1a: Eternatus|69\/100 brn|[from] item: Leftovers\n|-damage|p2a: Calyrex|7\/100 tox|[from] psn\n|-damage|p1a: Eternatus|63\/100 brn|[from] brn\n|upkeep\n|turn|71\n|\n|t:|1699637866\n|move|p2a: Calyrex|Trick|p1a: Eternatus\n|-activate|p2a: Calyrex|move: Trick|[of] p1a: Eternatus\n|-item|p1a: Eternatus|Choice Specs|[from] move: Trick\n|-item|p2a: Calyrex|Leftovers|[from] move: Trick\n|move|p1a: Eternatus|Recover|p1a: Eternatus\n|-heal|p1a: Eternatus|100\/100 brn\n|\n|-heal|p2a: Calyrex|13\/100 tox|[from] item: Leftovers\n|-damage|p2a: Calyrex|0 fnt|[from] psn\n|faint|p2a: Calyrex\n|-damage|p1a: Eternatus|94\/100 brn|[from] brn\n|upkeep\n|c|\u2606ButaYaroSama|crit o ff\n|\n|t:|1699637869\n|switch|p2a: Arceus|Arceus-Fairy, tera:Poison|100\/100\n|turn|72\n|c|\u2606ymmwinaround|no\n|\n|t:|1699637879\n|switch|p1a: Toxapex|Toxapex, F|48\/100\n|-activate|p1a: Toxapex|move: Sticky Web\n|-unboost|p1a: Toxapex|spe|1\n|-damage|p1a: Toxapex|23\/100|[from] Spikes\n|move|p2a: Arceus|Calm Mind|p2a: Arceus\n|-boost|p2a: Arceus|spa|1\n|-boost|p2a: Arceus|spd|1\n|\n|upkeep\n|turn|73\n|\n|t:|1699637887\n|move|p2a: Arceus|Will-O-Wisp|p1a: Toxapex\n|-status|p1a: Toxapex|brn\n|move|p1a: Toxapex|Recover|p1a: Toxapex\n|-heal|p1a: Toxapex|73\/100 brn\n|\n|-damage|p1a: Toxapex|67\/100 brn|[from] brn\n|upkeep\n|turn|74\n|c|\u2606ButaYaroSama|?\n|c|\u2606ButaYaroSama|was crit o gg\n|\n|t:|1699637903\n|move|p2a: Arceus|Calm Mind|p2a: Arceus\n|-boost|p2a: Arceus|spa|1\n|-boost|p2a: Arceus|spd|1\n|move|p1a: Toxapex|Recover|p1a: Toxapex\n|-heal|p1a: Toxapex|100\/100 brn\n|\n|-damage|p1a: Toxapex|94\/100 brn|[from] brn\n|upkeep\n|turn|75\n|l|\u2606ymmwinaround\n|inactive|ymmwinaround disconnected and has a minute to reconnect!\n|player|p2|\n|\n|t:|1699637912\n|move|p2a: Arceus|Calm Mind|p2a: Arceus\n|-boost|p2a: Arceus|spa|1\n|-boost|p2a: Arceus|spd|1\n|move|p1a: Toxapex|Haze|p1a: Toxapex\n|-clearallboost\n|\n|-damage|p1a: Toxapex|88\/100 brn|[from] brn\n|upkeep\n|turn|76\n|inactive|ymmwinaround has 30 seconds to reconnect!\n|inactive|ymmwinaround has 20 seconds to reconnect!\n|c|\u2606ButaYaroSama|Unfortunately Eternatus was not my last pokemon.\n|inactive|ymmwinaround has 15 seconds to reconnect!\n|inactive|ymmwinaround has 10 seconds to reconnect!\n|inactive|ymmwinaround has 5 seconds to reconnect!\n|-message|ymmwinaround lost due to inactivity.\n|\n|win|ButaYaroSama\n|raw|ButaYaroSama's rating: 1595 &rarr; <strong>1623<\/strong><br \/>(+28 for winning)\n|raw|ymmwinaround's rating: 1733 &rarr; <strong>1705<\/strong><br \/>(-28 for losing)\n|j| Chicknom\n|c|\u2606ButaYaroSama|hi\n","uploadtime":1699638069,"views":7,"p1id":"butayarosama","p2id":"ymmwinaround","formatid":"gen9anythinggoes","rating":1623,"private":0,"password":""}