{"id":"gen9anythinggoes-1980743923","p1":"Gloominous","p2":"NaviNaviNaviNavi","format":"[Gen 9] Anything Goes","log":"|j|\u2606Gloominous\n|j|\u2606NaviNaviNaviNavi\n|t:|1698824199\n|gametype|singles\n|player|p1|Gloominous|1|1047\n|player|p2|NaviNaviNaviNavi|dawn|1140\n|teamsize|p1|6\n|teamsize|p2|5\n|gen|9\n|tier|[Gen 9] Anything Goes\n|rated|\n|rule|HP Percentage Mod: HP is shown in percentages\n|rule|Endless Battle Clause: Forcing endless battles is banned\n|clearpoke\n|poke|p1|Zacian-*|\n|poke|p1|Calyrex-Shadow|\n|poke|p1|Palkia-Origin|\n|poke|p1|Urshifu-*, M|\n|poke|p1|Meowscarada, M|\n|poke|p1|Ursaluna-Bloodmoon, M|\n|poke|p2|Calyrex-Shadow|\n|poke|p2|Regieleki|\n|poke|p2|Giratina-Origin|\n|poke|p2|Espathra, F|\n|poke|p2|Drifblim, M|\n|teampreview\n|inactive|Battle timer is ON: inactive players will automatically lose when time's up. (requested by NaviNaviNaviNavi)\n|\n|t:|1698824206\n|start\n|switch|p1a: Meowscarada|Meowscarada, M, shiny|100\/100\n|switch|p2a: Drifblim|Drifblim, M|100\/100\n|turn|1\n|\n|t:|1698824217\n|move|p1a: Meowscarada|U-turn|p2a: Drifblim\n|-start|p1a: Meowscarada|typechange|Bug|[from] ability: Protean\n|-resisted|p2a: Drifblim\n|-damage|p2a: Drifblim|90\/100\n|\n|t:|1698824228\n|switch|p1a: Ursaluna|Ursaluna-Bloodmoon, M|100\/100|[from] U-turn\n|move|p2a: Drifblim|Minimize|p2a: Drifblim\n|-boost|p2a: Drifblim|evasion|2\n|\n|upkeep\n|turn|2\n|\n|t:|1698824241\n|move|p2a: Drifblim|Minimize|p2a: Drifblim\n|-boost|p2a: Drifblim|evasion|2\n|move|p1a: Ursaluna|Calm Mind|p1a: Ursaluna\n|-boost|p1a: Ursaluna|spa|1\n|-boost|p1a: Ursaluna|spd|1\n|\n|upkeep\n|turn|3\n|\n|t:|1698824249\n|move|p2a: Drifblim|Minimize|p2a: Drifblim\n|-boost|p2a: Drifblim|evasion|2\n|move|p1a: Ursaluna|Calm Mind|p1a: Ursaluna\n|-boost|p1a: Ursaluna|spa|1\n|-boost|p1a: Ursaluna|spd|1\n|\n|upkeep\n|turn|4\n|\n|t:|1698824256\n|move|p2a: Drifblim|Hypnosis|p1a: Ursaluna\n|-status|p1a: Ursaluna|slp|[from] move: Hypnosis\n|cant|p1a: Ursaluna|slp\n|\n|upkeep\n|turn|5\n|\n|t:|1698824263\n|move|p2a: Drifblim|Baton Pass|p2a: Drifblim\n|\n|t:|1698824265\n|switch|p2a: Espathra|Espathra, F|100\/100|[from] Baton Pass\n|-curestatus|p1a: Ursaluna|slp|[msg]\n|move|p1a: Ursaluna|Calm Mind|p1a: Ursaluna\n|-boost|p1a: Ursaluna|spa|1\n|-boost|p1a: Ursaluna|spd|1\n|-ability|p2a: Espathra|Opportunist|boost\n|-boost|p2a: Espathra|spa|1\n|-boost|p2a: Espathra|spd|1\n|\n|upkeep\n|turn|6\n|\n|t:|1698824286\n|move|p2a: Espathra|Calm Mind|p2a: Espathra\n|-boost|p2a: Espathra|spa|1\n|-boost|p2a: Espathra|spd|1\n|move|p1a: Ursaluna|Blood Moon|p2a: Espathra\n|-damage|p2a: Espathra|0 fnt\n|faint|p2a: Espathra\n|\n|upkeep\n|\n|t:|1698824293\n|switch|p2a: Drifblim|Drifblim, M|90\/100\n|turn|7\n|\n|t:|1698824304\n|move|p2a: Drifblim|Minimize|p2a: Drifblim\n|-boost|p2a: Drifblim|evasion|2\n|move|p1a: Ursaluna|Moonblast|p2a: Drifblim\n|-damage|p2a: Drifblim|0 fnt\n|faint|p2a: Drifblim\n|\n|upkeep\n|inactive|NaviNaviNaviNavi has 120 seconds left.\n|\n|t:|1698824344\n|switch|p2a: Giratina|Giratina-Origin|100\/100\n|turn|8\n|\n|t:|1698824355\n|-terastallize|p2a: Giratina|Steel\n|-terastallize|p1a: Ursaluna|Normal\n|move|p2a: Giratina|Draco Meteor|p1a: Ursaluna\n|-damage|p1a: Ursaluna|66\/100\n|-unboost|p2a: Giratina|spa|2\n|move|p1a: Ursaluna|Blood Moon|p2a: Giratina\n|-resisted|p2a: Giratina\n|-damage|p2a: Giratina|14\/100\n|\n|-heal|p1a: Ursaluna|72\/100|[from] item: Leftovers\n|upkeep\n|turn|9\n|\n|t:|1698824371\n|move|p2a: Giratina|Draco Meteor|p1a: Ursaluna\n|-damage|p1a: Ursaluna|55\/100\n|-unboost|p2a: Giratina|spa|2\n|move|p1a: Ursaluna|Calm Mind|p1a: Ursaluna\n|-boost|p1a: Ursaluna|spa|1\n|-boost|p1a: Ursaluna|spd|1\n|\n|-heal|p1a: Ursaluna|61\/100|[from] item: Leftovers\n|upkeep\n|turn|10\n|-message|NaviNaviNaviNavi forfeited.\n|\n|win|Gloominous\n|raw|Gloominous's rating: 1047 &rarr; <strong>1089<\/strong><br \/>(+42 for winning)\n|raw|NaviNaviNaviNavi's rating: 1140 &rarr; <strong>1108<\/strong><br \/>(-32 for losing)\n|l|\u2606NaviNaviNaviNavi\n","uploadtime":1698824387,"views":11,"p1id":"gloominous","p2id":"navinavinavinavi","formatid":"gen9anythinggoes","rating":1089,"private":0,"password":""}