{"id":"gen9anythinggoes-1977844930","p1":"leonhard937","p2":"Caldojugo","format":"[Gen 9] Anything Goes","log":"|j|\u2606leonhard937\n|j|\u2606Caldojugo\n|t:|1698456652\n|gametype|singles\n|player|p1|leonhard937|170|1205\n|player|p2|Caldojugo|backpacker|1180\n|teamsize|p1|6\n|teamsize|p2|6\n|gen|9\n|tier|[Gen 9] Anything Goes\n|rated|\n|rule|HP Percentage Mod: HP is shown in percentages\n|rule|Endless Battle Clause: Forcing endless battles is banned\n|clearpoke\n|poke|p1|Annihilape, F|\n|poke|p1|Calyrex-Shadow|\n|poke|p1|Flutter Mane|\n|poke|p1|Arceus-Rock|\n|poke|p1|Maushold-Four|\n|poke|p1|Houndstone, F|\n|poke|p2|Orthworm, M|\n|poke|p2|Clodsire, F|\n|poke|p2|Glimmora, F|\n|poke|p2|Garganacl, M|\n|poke|p2|Kingambit, M|\n|poke|p2|Ceruledge, M|\n|teampreview\n|inactive|Battle timer is ON: inactive players will automatically lose when time's up. (requested by leonhard937)\n|\n|t:|1698456660\n|start\n|switch|p1a: Annihilape|Annihilape, F|100\/100\n|switch|p2a: Ceruledge|Ceruledge, M, shiny|100\/100\n|turn|1\n|\n|t:|1698456671\n|switch|p2a: Garganacl|Garganacl, M, shiny|100\/100\n|move|p1a: Annihilape|Rage Fist|p2a: Garganacl\n|-damage|p2a: Garganacl|93\/100\n|\n|upkeep\n|turn|2\n|\n|t:|1698456676\n|move|p1a: Annihilape|Earthquake|p2a: Garganacl\n|-supereffective|p2a: Garganacl\n|-damage|p2a: Garganacl|58\/100\n|move|p2a: Garganacl|Salt Cure|p1a: Annihilape\n|-resisted|p1a: Annihilape\n|-damage|p1a: Annihilape|94\/100\n|-start|p1a: Annihilape|Salt Cure\n|\n|-damage|p1a: Annihilape|81\/100|[from] Salt Cure\n|upkeep\n|turn|3\n|\n|t:|1698456684\n|-terastallize|p2a: Garganacl|Flying\n|move|p1a: Annihilape|Earthquake|p2a: Garganacl\n|-immune|p2a: Garganacl\n|move|p2a: Garganacl|Iron Defense|p2a: Garganacl\n|-boost|p2a: Garganacl|def|2\n|\n|-damage|p1a: Annihilape|69\/100|[from] Salt Cure\n|upkeep\n|turn|4\n|\n|t:|1698456692\n|move|p1a: Annihilape|Rage Fist|p2a: Garganacl\n|-damage|p2a: Garganacl|51\/100\n|move|p2a: Garganacl|Iron Defense|p2a: Garganacl\n|-boost|p2a: Garganacl|def|2\n|\n|-damage|p1a: Annihilape|56\/100|[from] Salt Cure\n|upkeep\n|turn|5\n|\n|t:|1698456699\n|move|p1a: Annihilape|Thunder|p2a: Garganacl\n|-supereffective|p2a: Garganacl\n|-damage|p2a: Garganacl|27\/100\n|move|p2a: Garganacl|Recover|p2a: Garganacl\n|-heal|p2a: Garganacl|77\/100\n|\n|-damage|p1a: Annihilape|44\/100|[from] Salt Cure\n|upkeep\n|turn|6\n|\n|t:|1698456711\n|move|p1a: Annihilape|Thunder|p2a: Garganacl\n|-supereffective|p2a: Garganacl\n|-damage|p2a: Garganacl|56\/100\n|move|p2a: Garganacl|Recover|p2a: Garganacl\n|-heal|p2a: Garganacl|100\/100\n|\n|-damage|p1a: Annihilape|31\/100|[from] Salt Cure\n|upkeep\n|turn|7\n|\n|t:|1698456720\n|move|p1a: Annihilape|Close Combat|p2a: Garganacl\n|-resisted|p2a: Garganacl\n|-damage|p2a: Garganacl|94\/100\n|-unboost|p1a: Annihilape|def|1\n|-unboost|p1a: Annihilape|spd|1\n|move|p2a: Garganacl|Iron Defense|p2a: Garganacl\n|-boost|p2a: Garganacl|def|2\n|\n|-damage|p1a: Annihilape|19\/100|[from] Salt Cure\n|upkeep\n|turn|8\n|\n|t:|1698456729\n|move|p1a: Annihilape|Thunder|p2a: Garganacl|[miss]\n|-miss|p1a: Annihilape|p2a: Garganacl\n|move|p2a: Garganacl|Recover|p2a: Garganacl\n|-heal|p2a: Garganacl|100\/100\n|\n|-damage|p1a: Annihilape|6\/100|[from] Salt Cure\n|upkeep\n|turn|9\n|\n|t:|1698456740\n|move|p1a: Annihilape|Thunder|p2a: Garganacl\n|-supereffective|p2a: Garganacl\n|-damage|p2a: Garganacl|80\/100\n|move|p2a: Garganacl|Salt Cure|p1a: Annihilape\n|-resisted|p1a: Annihilape\n|-crit|p1a: Annihilape\n|-damage|p1a: Annihilape|0 fnt\n|faint|p1a: Annihilape\n|\n|upkeep\n|\n|t:|1698456747\n|switch|p1a: Calyrex|Calyrex-Shadow|100\/100\n|-ability|p1a: Calyrex|As One\n|-ability|p1a: Calyrex|Unnerve\n|turn|10\n|\n|t:|1698456756\n|move|p1a: Calyrex|Astral Barrage|p2a: Garganacl\n|-damage|p2a: Garganacl|54\/100\n|move|p2a: Garganacl|Salt Cure|p1a: Calyrex\n|-damage|p1a: Calyrex|87\/100\n|-start|p1a: Calyrex|Salt Cure\n|\n|-heal|p1a: Calyrex|93\/100|[from] item: Leftovers\n|-damage|p1a: Calyrex|81\/100|[from] Salt Cure\n|upkeep\n|turn|11\n|\n|t:|1698456775\n|move|p1a: Calyrex|Astral Barrage|p2a: Garganacl\n|-damage|p2a: Garganacl|29\/100\n|move|p2a: Garganacl|Recover|p2a: Garganacl\n|-heal|p2a: Garganacl|79\/100\n|\n|-heal|p1a: Calyrex|87\/100|[from] item: Leftovers\n|-damage|p1a: Calyrex|75\/100|[from] Salt Cure\n|upkeep\n|turn|12\n|\n|t:|1698456786\n|switch|p1a: Arceus|Arceus-Rock|100\/100\n|move|p2a: Garganacl|Salt Cure|p1a: Arceus\n|-damage|p1a: Arceus|90\/100\n|-start|p1a: Arceus|Salt Cure\n|\n|-damage|p1a: Arceus|77\/100|[from] Salt Cure\n|upkeep\n|turn|13\n|\n|t:|1698456793\n|move|p1a: Arceus|Judgment|p2a: Garganacl\n|-supereffective|p2a: Garganacl\n|-damage|p2a: Garganacl|0 fnt\n|faint|p2a: Garganacl\n|\n|-damage|p1a: Arceus|65\/100|[from] Salt Cure\n|upkeep\n|\n|t:|1698456806\n|switch|p2a: Clodsire|Clodsire, F, shiny|100\/100\n|turn|14\n|\n|t:|1698456813\n|move|p1a: Arceus|Judgment|p2a: Clodsire\n|-resisted|p2a: Clodsire\n|-damage|p2a: Clodsire|81\/100\n|move|p2a: Clodsire|Amnesia|p2a: Clodsire\n|-boost|p2a: Clodsire|spd|2\n|\n|-damage|p1a: Arceus|53\/100|[from] Salt Cure\n|upkeep\n|turn|15\n|\n|t:|1698456822\n|move|p1a: Arceus|Stone Edge|p2a: Clodsire\n|-resisted|p2a: Clodsire\n|-damage|p2a: Clodsire|55\/100\n|move|p2a: Clodsire|Earthquake|p1a: Arceus\n|-supereffective|p1a: Arceus\n|-damage|p1a: Arceus|1\/100\n|\n|-damage|p1a: Arceus|0 fnt|[from] Salt Cure\n|faint|p1a: Arceus\n|upkeep\n|\n|t:|1698456832\n|switch|p1a: Calyrex|Calyrex-Shadow|75\/100\n|-ability|p1a: Calyrex|As One\n|-ability|p1a: Calyrex|Unnerve\n|turn|16\n|\n|t:|1698456839\n|move|p1a: Calyrex|Astral Barrage|p2a: Clodsire\n|-damage|p2a: Clodsire|36\/100\n|move|p2a: Clodsire|Amnesia|p2a: Clodsire\n|-boost|p2a: Clodsire|spd|2\n|\n|-heal|p1a: Calyrex|81\/100|[from] item: Leftovers\n|upkeep\n|turn|17\n|\n|t:|1698456848\n|move|p1a: Calyrex|Psychic|p2a: Clodsire\n|-supereffective|p2a: Clodsire\n|-damage|p2a: Clodsire|14\/100\n|move|p2a: Clodsire|Recover|p2a: Clodsire\n|-heal|p2a: Clodsire|64\/100\n|\n|-heal|p1a: Calyrex|87\/100|[from] item: Leftovers\n|upkeep\n|turn|18\n|\n|t:|1698456855\n|move|p1a: Calyrex|Haze|p1a: Calyrex\n|-clearallboost\n|move|p2a: Clodsire|Toxic|p1a: Calyrex\n|-status|p1a: Calyrex|tox\n|\n|-heal|p1a: Calyrex|93\/100 tox|[from] item: Leftovers\n|-damage|p1a: Calyrex|87\/100 tox|[from] psn\n|upkeep\n|turn|19\n|\n|t:|1698456862\n|move|p1a: Calyrex|Psychic|p2a: Clodsire\n|-supereffective|p2a: Clodsire\n|-damage|p2a: Clodsire|6\/100\n|move|p2a: Clodsire|Recover|p2a: Clodsire\n|-heal|p2a: Clodsire|56\/100\n|\n|-heal|p1a: Calyrex|93\/100 tox|[from] item: Leftovers\n|-damage|p1a: Calyrex|81\/100 tox|[from] psn\n|upkeep\n|turn|20\n|\n|t:|1698456870\n|switch|p2a: Kingambit|Kingambit, M, shiny|100\/100\n|-activate|p2a: Kingambit|ability: Supreme Overlord\n|-start|p2a: Kingambit|fallen1|[silent]\n|move|p1a: Calyrex|Psychic|p2a: Kingambit\n|-immune|p2a: Kingambit\n|\n|-heal|p1a: Calyrex|87\/100 tox|[from] item: Leftovers\n|-damage|p1a: Calyrex|69\/100 tox|[from] psn\n|upkeep\n|turn|21\n|\n|t:|1698456881\n|switch|p1a: Flutter Mane|Flutter Mane|100\/100\n|move|p2a: Kingambit|Kowtow Cleave|p1a: Flutter Mane\n|-enditem|p1a: Flutter Mane|Focus Sash\n|-damage|p1a: Flutter Mane|1\/100\n|\n|upkeep\n|turn|22\n|\n|t:|1698456893\n|move|p2a: Kingambit|Sucker Punch|p1a: Flutter Mane\n|-damage|p1a: Flutter Mane|0 fnt\n|faint|p1a: Flutter Mane\n|-end|p1a: Flutter Mane|Protosynthesis|[silent]\n|\n|upkeep\n|-message|leonhard937 forfeited.\n|\n|win|Caldojugo\n|raw|leonhard937's rating: 1205 &rarr; <strong>1178<\/strong><br \/>(-27 for losing)\n|raw|Caldojugo's rating: 1180 &rarr; <strong>1207<\/strong><br \/>(+27 for winning)\n|l|\u2606leonhard937\n","uploadtime":1698456905,"views":6,"p1id":"leonhard937","p2id":"caldojugo","formatid":"gen9anythinggoes","rating":1178,"private":0,"password":""}