{"id":"gen9anythinggoes-1984174200","p1":"StellarMudkip","p2":"uselegends=urbad","format":"[Gen 9] Anything Goes","log":"|j|\u2606StellarMudkip\n|j|\u2606uselegends=urbad\n|t:|1699226518\n|gametype|singles\n|player|p1|StellarMudkip|roark|1109\n|player|p2|uselegends=urbad|cynthia|1062\n|teamsize|p1|6\n|teamsize|p2|6\n|gen|9\n|tier|[Gen 9] Anything Goes\n|rated|\n|rule|HP Percentage Mod: HP is shown in percentages\n|rule|Endless Battle Clause: Forcing endless battles is banned\n|clearpoke\n|poke|p1|Azumarill, M|\n|poke|p1|Maushold-Four|\n|poke|p1|Lurantis, M|\n|poke|p1|Iron Bundle|\n|poke|p1|Pawmot, F|\n|poke|p1|Gliscor, M|\n|poke|p2|Sylveon, F|\n|poke|p2|Garchomp, M|\n|poke|p2|Infernape, M|\n|poke|p2|Charizard, M|\n|poke|p2|Ceruledge, M|\n|poke|p2|Gallade, M|\n|teampreview\n|inactive|Battle timer is ON: inactive players will automatically lose when time's up. (requested by uselegends=urbad)\n|inactive|StellarMudkip also wants the timer to be on.\n|\n|t:|1699226528\n|start\n|switch|p1a: Smoll Family|Maushold-Four|100\/100\n|switch|p2a: Garchomp|Garchomp, M|100\/100\n|turn|1\n|\n|t:|1699226536\n|switch|p2a: Ceruledge|Ceruledge, M|100\/100\n|move|p1a: Smoll Family|Tidy Up|p1a: Smoll Family\n|-boost|p1a: Smoll Family|atk|1\n|-boost|p1a: Smoll Family|spe|1\n|\n|upkeep\n|turn|2\n|\n|t:|1699226543\n|move|p1a: Smoll Family|Crunch|p2a: Ceruledge\n|-supereffective|p2a: Ceruledge\n|-damage|p2a: Ceruledge|16\/100\n|-ability|p2a: Ceruledge|Weak Armor|boost\n|-unboost|p2a: Ceruledge|def|1\n|-boost|p2a: Ceruledge|spe|2\n|move|p2a: Ceruledge|Swords Dance|p2a: Ceruledge\n|-boost|p2a: Ceruledge|atk|2\n|\n|-heal|p2a: Ceruledge|22\/100|[from] item: Leftovers\n|upkeep\n|turn|3\n|\n|t:|1699226555\n|move|p2a: Ceruledge|Close Combat|p1a: Smoll Family\n|-supereffective|p1a: Smoll Family\n|-damage|p1a: Smoll Family|0 fnt\n|-unboost|p2a: Ceruledge|def|1\n|-unboost|p2a: Ceruledge|spd|1\n|faint|p1a: Smoll Family\n|\n|-heal|p2a: Ceruledge|29\/100|[from] item: Leftovers\n|upkeep\n|c|\u2606uselegends=urbad|fuk u\n|\n|t:|1699226562\n|switch|p1a: D3l1b1rd|Iron Bundle|100\/100\n|-enditem|p1a: D3l1b1rd|Booster Energy\n|-activate|p1a: D3l1b1rd|ability: Quark Drive|[fromitem]\n|-start|p1a: D3l1b1rd|quarkdrivespe\n|turn|4\n|\n|t:|1699226568\n|move|p1a: D3l1b1rd|Chilling Water|p2a: Ceruledge\n|-supereffective|p2a: Ceruledge\n|-damage|p2a: Ceruledge|0 fnt\n|faint|p2a: Ceruledge\n|\n|upkeep\n|c|\u2606StellarMudkip|why\n|\n|t:|1699226574\n|switch|p2a: Garchomp|Garchomp, M|100\/100\n|turn|5\n|\n|t:|1699226579\n|move|p1a: D3l1b1rd|Ice Beam|p2a: Garchomp\n|-supereffective|p2a: Garchomp\n|-damage|p2a: Garchomp|0 fnt\n|faint|p2a: Garchomp\n|\n|upkeep\n|\n|t:|1699226583\n|switch|p2a: Charizard|Charizard, M|100\/100\n|turn|6\n|\n|t:|1699226587\n|move|p1a: D3l1b1rd|Chilling Water|p2a: Charizard\n|-supereffective|p2a: Charizard\n|-damage|p2a: Charizard|28\/100\n|-unboost|p2a: Charizard|atk|1\n|move|p2a: Charizard|Sunny Day|p2a: Charizard\n|-weather|SunnyDay\n|\n|-weather|SunnyDay|[upkeep]\n|upkeep\n|turn|7\n|\n|t:|1699226596\n|move|p1a: D3l1b1rd|Chilling Water|p2a: Charizard\n|-supereffective|p2a: Charizard\n|-damage|p2a: Charizard|0 fnt\n|faint|p2a: Charizard\n|\n|-weather|SunnyDay|[upkeep]\n|upkeep\n|\n|t:|1699226601\n|switch|p2a: Infernape|Infernape, M|100\/100\n|turn|8\n|\n|t:|1699226604\n|move|p1a: D3l1b1rd|Chilling Water|p2a: Infernape\n|-supereffective|p2a: Infernape\n|-damage|p2a: Infernape|62\/100\n|-unboost|p2a: Infernape|atk|1\n|move|p2a: Infernape|U-turn|p1a: D3l1b1rd\n|-crit|p1a: D3l1b1rd\n|-damage|p1a: D3l1b1rd|64\/100\n|\n|t:|1699226610\n|switch|p2a: Gallade|Gallade, M, shiny|100\/100|[from] U-turn\n|\n|-weather|SunnyDay|[upkeep]\n|upkeep\n|turn|9\n|\n|t:|1699226615\n|move|p1a: D3l1b1rd|Ice Beam|p2a: Gallade\n|-damage|p2a: Gallade|50\/100\n|move|p2a: Gallade|Bulk Up|p2a: Gallade\n|-boost|p2a: Gallade|atk|1\n|-boost|p2a: Gallade|def|1\n|\n|-weather|SunnyDay|[upkeep]\n|-heal|p2a: Gallade|56\/100|[from] item: Leftovers\n|upkeep\n|turn|10\n|\n|t:|1699226623\n|move|p1a: D3l1b1rd|Ice Beam|p2a: Gallade\n|-damage|p2a: Gallade|2\/100\n|move|p2a: Gallade|Bulk Up|p2a: Gallade\n|-boost|p2a: Gallade|atk|1\n|-boost|p2a: Gallade|def|1\n|\n|-weather|none\n|-heal|p2a: Gallade|8\/100|[from] item: Leftovers\n|upkeep\n|turn|11\n|\n|t:|1699226631\n|move|p1a: D3l1b1rd|Chilling Water|p2a: Gallade\n|-damage|p2a: Gallade|0 fnt\n|faint|p2a: Gallade\n|\n|upkeep\n|-message|uselegends=urbad forfeited.\n|\n|win|StellarMudkip\n|raw|StellarMudkip's rating: 1109 &rarr; <strong>1131<\/strong><br \/>(+22 for winning)\n|raw|uselegends=urbad's rating: 1062 &rarr; <strong>1045<\/strong><br \/>(-17 for losing)\n|l|\u2606uselegends=urbad\n|c|\u2606StellarMudkip|gg\n","uploadtime":1699226642,"views":5,"p1id":"stellarmudkip","p2id":"uselegendsurbad","formatid":"gen9anythinggoes","rating":1045,"private":0,"password":""}