{"id":"gen9anythinggoes-1986416275","p1":"gabrinfinito","p2":"Rowan_Rocket","format":"[Gen 9] Anything Goes","log":"|j|\u2606gabrinfinito\n|j|\u2606Rowan_Rocket\n|t:|1699477193\n|gametype|singles\n|player|p1|gabrinfinito|lucas|1049\n|player|p2|Rowan_Rocket|rocketgruntf|1009\n|teamsize|p1|6\n|teamsize|p2|6\n|gen|9\n|tier|[Gen 9] Anything Goes\n|rated|\n|rule|HP Percentage Mod: HP is shown in percentages\n|rule|Endless Battle Clause: Forcing endless battles is banned\n|clearpoke\n|poke|p1|Charizard, M|\n|poke|p1|Toxicroak, M|\n|poke|p1|Decidueye, M|\n|poke|p1|Slowking, M|\n|poke|p1|Krookodile, M|\n|poke|p1|Raichu, F|\n|poke|p2|Weezing, M|\n|poke|p2|Arbok, M|\n|poke|p2|Ariados, M|\n|poke|p2|Persian-Alola, M|\n|poke|p2|Mabosstiff, M|\n|poke|p2|Drifblim, F|\n|teampreview\n|inactive|Battle timer is ON: inactive players will automatically lose when time's up. (requested by gabrinfinito)\n|\n|t:|1699477217\n|start\n|switch|p1a: Krookodile|Krookodile, M|100\/100\n|switch|p2a: Mabosstiff|Mabosstiff, M|100\/100\n|-ability|p1a: Krookodile|Intimidate|boost\n|-ability|p2a: Mabosstiff|Guard Dog|boost\n|-boost|p2a: Mabosstiff|atk|1\n|turn|1\n|\n|t:|1699477228\n|switch|p1a: Charizard|Charizard, M, shiny|100\/100\n|move|p2a: Mabosstiff|Trailblaze|p1a: Charizard\n|-resisted|p1a: Charizard\n|-damage|p1a: Charizard|92\/100\n|-boost|p2a: Mabosstiff|spe|1\n|-damage|p2a: Mabosstiff|84\/100|[from] item: Rocky Helmet|[of] p1a: Charizard\n|\n|upkeep\n|turn|2\n|\n|t:|1699477243\n|-terastallize|p2a: Mabosstiff|Dark\n|move|p2a: Mabosstiff|Crunch|p1a: Charizard\n|-damage|p1a: Charizard|0 fnt\n|-damage|p2a: Mabosstiff|67\/100|[from] item: Rocky Helmet|[of] p1a: Charizard\n|faint|p1a: Charizard\n|\n|upkeep\n|\n|t:|1699477257\n|switch|p1a: Raichu|Raichu, F|100\/100\n|turn|3\n|\n|t:|1699477264\n|move|p2a: Mabosstiff|Crunch|p1a: Raichu\n|-enditem|p1a: Raichu|Focus Sash\n|-damage|p1a: Raichu|1\/100\n|move|p1a: Raichu|Draining Kiss|p2a: Mabosstiff\n|-supereffective|p2a: Mabosstiff\n|-damage|p2a: Mabosstiff|37\/100\n|-heal|p1a: Raichu|25\/100|[from] drain|[of] p2a: Mabosstiff\n|\n|upkeep\n|turn|4\n|\n|t:|1699477277\n|move|p1a: Raichu|Protect|p1a: Raichu\n|-singleturn|p1a: Raichu|Protect\n|move|p2a: Mabosstiff|Crunch|p1a: Raichu\n|-activate|p1a: Raichu|move: Protect\n|\n|upkeep\n|turn|5\n|\n|t:|1699477284\n|switch|p1a: Krookodile|Krookodile, M|100\/100\n|-ability|p1a: Krookodile|Intimidate|boost\n|-ability|p2a: Mabosstiff|Guard Dog|boost\n|-boost|p2a: Mabosstiff|atk|1\n|move|p2a: Mabosstiff|Crunch|p1a: Krookodile\n|-resisted|p1a: Krookodile\n|-damage|p1a: Krookodile|25\/100\n|\n|upkeep\n|turn|6\n|\n|t:|1699477293\n|move|p2a: Mabosstiff|Trailblaze|p1a: Krookodile\n|-supereffective|p1a: Krookodile\n|-damage|p1a: Krookodile|0 fnt\n|-boost|p2a: Mabosstiff|spe|1\n|faint|p1a: Krookodile\n|\n|upkeep\n|-message|gabrinfinito forfeited.\n|\n|win|Rowan_Rocket\n|raw|gabrinfinito's rating: 1049 &rarr; <strong>1030<\/strong><br \/>(-19 for losing)\n|raw|Rowan_Rocket's rating: 1009 &rarr; <strong>1052<\/strong><br \/>(+43 for winning)\n|l|\u2606gabrinfinito\n","uploadtime":1699477306,"views":10,"p1id":"gabrinfinito","p2id":"rowanrocket","formatid":"gen9anythinggoes","rating":1030,"private":0,"password":""}