{"id":"gen9anythinggoes-1978157547","p1":"LilNasX Next","p2":"Koanelwuz3","format":"[Gen 9] Anything Goes","log":"|j|\u2606LilNasX Next\n|j|\u2606Koanelwuz3\n|t:|1698506272\n|gametype|singles\n|player|p1|LilNasX Next|acetrainer-gen4dp|1067\n|player|p2|Koanelwuz3|dawn|1000\n|teamsize|p1|6\n|teamsize|p2|6\n|gen|9\n|tier|[Gen 9] Anything Goes\n|rated|\n|rule|HP Percentage Mod: HP is shown in percentages\n|rule|Endless Battle Clause: Forcing endless battles is banned\n|clearpoke\n|poke|p1|Weavile, M|\n|poke|p1|Scizor, M|\n|poke|p1|Ampharos, M|\n|poke|p1|Gyarados, M|\n|poke|p1|Dragonite, M|\n|poke|p1|Typhlosion, F|\n|poke|p2|Garchomp, F|\n|poke|p2|Greninja-*, F|\n|poke|p2|Groudon|\n|poke|p2|Eternatus|\n|poke|p2|Glimmora, M|\n|poke|p2|Gliscor, F|\n|teampreview\n|\n|t:|1698506282\n|start\n|switch|p1a: Weavile|Weavile, M|100\/100\n|switch|p2a: Garchomp|Garchomp, F|100\/100\n|turn|1\n|\n|t:|1698506289\n|move|p1a: Weavile|Substitute|p1a: Weavile\n|-start|p1a: Weavile|Substitute\n|-damage|p1a: Weavile|76\/100\n|move|p2a: Garchomp|Spikes|p1a: Weavile\n|-sidestart|p1: LilNasX Next|Spikes\n|\n|upkeep\n|turn|2\n|\n|t:|1698506295\n|move|p1a: Weavile|Icicle Crash|p2a: Garchomp|[miss]\n|-miss|p1a: Weavile|p2a: Garchomp\n|move|p2a: Garchomp|Spikes|p1a: Weavile\n|-sidestart|p1: LilNasX Next|Spikes\n|\n|upkeep\n|turn|3\n|\n|t:|1698506301\n|move|p1a: Weavile|Icicle Crash|p2a: Garchomp|[miss]\n|-miss|p1a: Weavile|p2a: Garchomp\n|move|p2a: Garchomp|Spikes|p1a: Weavile\n|-sidestart|p1: LilNasX Next|Spikes\n|\n|upkeep\n|turn|4\n|\n|t:|1698506309\n|move|p1a: Weavile|Icicle Crash|p2a: Garchomp\n|-supereffective|p2a: Garchomp\n|-damage|p2a: Garchomp|0 fnt\n|faint|p2a: Garchomp\n|\n|upkeep\n|\n|t:|1698506314\n|switch|p2a: Greninja|Greninja, F|100\/100\n|turn|5\n|\n|t:|1698506319\n|move|p2a: Greninja|Blizzard|p1a: Weavile\n|-resisted|p1a: Weavile\n|-activate|p1a: Weavile|move: Substitute|[damage]\n|move|p1a: Weavile|Knock Off|p2a: Greninja\n|-resisted|p2a: Greninja\n|-damage|p2a: Greninja|80\/100\n|\n|upkeep\n|turn|6\n|\n|t:|1698506333\n|move|p2a: Greninja|Spikes||[still]\n|-fail|p2a: Greninja\n|move|p1a: Weavile|Lash Out|p2a: Greninja\n|-resisted|p2a: Greninja\n|-damage|p2a: Greninja|57\/100\n|\n|upkeep\n|turn|7\n|\n|t:|1698506341\n|move|p2a: Greninja|Gunk Shot|p1a: Weavile\n|-end|p1a: Weavile|Substitute\n|move|p1a: Weavile|Knock Off|p2a: Greninja\n|-resisted|p2a: Greninja\n|-damage|p2a: Greninja|35\/100\n|\n|upkeep\n|turn|8\n|\n|t:|1698506348\n|switch|p1a: Scizor|Scizor, M|100\/100\n|-damage|p1a: Scizor|75\/100|[from] Spikes\n|move|p2a: Greninja|Spikes||[still]\n|-fail|p2a: Greninja\n|\n|upkeep\n|turn|9\n|\n|t:|1698506357\n|move|p2a: Greninja|Toxic Spikes|p1a: Scizor\n|-sidestart|p1: LilNasX Next|move: Toxic Spikes\n|move|p1a: Scizor|Dual Wingbeat|p2a: Greninja\n|-damage|p2a: Greninja|7\/100\n|-crit|p2a: Greninja\n|-damage|p2a: Greninja|0 fnt\n|faint|p2a: Greninja\n|-hitcount|p2: Greninja|2\n|\n|upkeep\n|\n|t:|1698506364\n|switch|p2a: Groudon|Groudon|100\/100\n|-weather|SunnyDay|[from] ability: Drought|[of] p2a: Groudon\n|turn|10\n|\n|t:|1698506370\n|switch|p1a: Typhlosion|Typhlosion, F|100\/100\n|-damage|p1a: Typhlosion|76\/100|[from] Spikes\n|-status|p1a: Typhlosion|psn\n|move|p2a: Groudon|Earthquake|p1a: Typhlosion\n|-supereffective|p1a: Typhlosion\n|-damage|p1a: Typhlosion|0 fnt\n|faint|p1a: Typhlosion\n|\n|-weather|SunnyDay|[upkeep]\n|upkeep\n|\n|t:|1698506383\n|switch|p1a: Gyarados|Gyarados, M|100\/100\n|turn|11\n|\n|t:|1698506389\n|move|p2a: Groudon|Earthquake|p1a: Gyarados\n|-immune|p1a: Gyarados\n|move|p1a: Gyarados|Dragon Dance|p1a: Gyarados\n|-boost|p1a: Gyarados|atk|1\n|-boost|p1a: Gyarados|spe|1\n|\n|-weather|SunnyDay|[upkeep]\n|upkeep\n|turn|12\n|\n|t:|1698506397\n|move|p1a: Gyarados|Aqua Tail|p2a: Groudon\n|-supereffective|p2a: Groudon\n|-damage|p2a: Groudon|48\/100\n|-damage|p1a: Gyarados|91\/100|[from] item: Life Orb\n|move|p2a: Groudon|Eruption|p1a: Gyarados\n|-resisted|p1a: Gyarados\n|-damage|p1a: Gyarados|81\/100\n|\n|-weather|SunnyDay|[upkeep]\n|upkeep\n|turn|13\n|\n|t:|1698506407\n|move|p1a: Gyarados|Aqua Tail|p2a: Groudon\n|-supereffective|p2a: Groudon\n|-damage|p2a: Groudon|0 fnt\n|faint|p2a: Groudon\n|-ability|p1a: Gyarados|Moxie|boost\n|-boost|p1a: Gyarados|atk|1\n|-damage|p1a: Gyarados|71\/100|[from] item: Life Orb\n|\n|-weather|SunnyDay|[upkeep]\n|upkeep\n|\n|t:|1698506421\n|switch|p2a: Glimmora|Glimmora, M|100\/100\n|turn|14\n|\n|t:|1698506425\n|move|p1a: Gyarados|Earthquake|p2a: Glimmora\n|-supereffective|p2a: Glimmora\n|-damage|p2a: Glimmora|0 fnt\n|-activate|p2a: Glimmora|ability: Toxic Debris\n|-sidestart|p1: LilNasX Next|move: Toxic Spikes\n|faint|p2a: Glimmora\n|-ability|p1a: Gyarados|Moxie|boost\n|-boost|p1a: Gyarados|atk|1\n|-damage|p1a: Gyarados|61\/100|[from] item: Life Orb\n|\n|-weather|none\n|upkeep\n|\n|t:|1698506434\n|switch|p2a: Eternatus|Eternatus|100\/100\n|-ability|p2a: Eternatus|Pressure\n|turn|15\n|\n|t:|1698506439\n|move|p2a: Eternatus|Dynamax Cannon|p1a: Gyarados\n|-damage|p1a: Gyarados|22\/100\n|move|p1a: Gyarados|Earthquake|p2a: Eternatus\n|-supereffective|p2a: Eternatus\n|-damage|p2a: Eternatus|0 fnt\n|faint|p2a: Eternatus\n|-ability|p1a: Gyarados|Moxie|boost\n|-boost|p1a: Gyarados|atk|1\n|-damage|p1a: Gyarados|12\/100|[from] item: Life Orb\n|\n|upkeep\n|\n|t:|1698506449\n|switch|p2a: Gliscor|Gliscor, F|100\/100\n|turn|16\n|\n|t:|1698506457\n|move|p1a: Gyarados|Aqua Tail|p2a: Gliscor\n|-supereffective|p2a: Gliscor\n|-damage|p2a: Gliscor|0 fnt\n|faint|p2a: Gliscor\n|-damage|p1a: Gyarados|2\/100|[from] item: Life Orb\n|\n|win|LilNasX Next\n|raw|LilNasX Next's rating: 1067 &rarr; <strong>1091<\/strong><br \/>(+24 for winning)\n|raw|Koanelwuz3's rating: 1000 &rarr; <strong>1000<\/strong><br \/>(+0 for losing)\n|l|\u2606LilNasX Next\n","uploadtime":1698506469,"views":9,"p1id":"lilnasxnext","p2id":"koanelwuz3","formatid":"gen9anythinggoes","rating":1000,"private":0,"password":""}