{"id":"gen9anythinggoes-1974401829","p1":"Flaggx","p2":"dkohli","format":"[Gen 9] Anything Goes","log":"|j|\u2606Flaggx\n|j|\u2606dkohli\n|t:|1698084087\n|gametype|singles\n|player|p1|Flaggx|101|\n|player|p2|dkohli|2|\n|teamsize|p1|6\n|teamsize|p2|6\n|gen|9\n|tier|[Gen 9] Anything Goes\n|rule|HP Percentage Mod: HP is shown in percentages\n|rule|Endless Battle Clause: Forcing endless battles is banned\n|clearpoke\n|poke|p1|Empoleon, M|\n|poke|p1|Scream Tail|\n|poke|p1|Rillaboom, M|\n|poke|p1|Sneasler, F|\n|poke|p1|Volcanion|\n|poke|p1|Zoroark, F|\n|poke|p2|Moltres|\n|poke|p2|Dragapult, M|\n|poke|p2|Umbreon, M|\n|poke|p2|Iron Treads|\n|poke|p2|Electrode-Hisui|\n|poke|p2|Dudunsparce-*, M|\n|teampreview\n|c|\u2606Flaggx|glhf\n|c|\u2606dkohli|HF\n|\n|t:|1698084133\n|start\n|switch|p1a: Volcanion|Volcanion|100\/100\n|switch|p2a: Dudunsparce|Dudunsparce, M|100\/100\n|turn|1\n|\n|t:|1698084208\n|move|p1a: Volcanion|Focus Blast|p2a: Dudunsparce|[miss]\n|-miss|p1a: Volcanion|p2a: Dudunsparce\n|move|p2a: Dudunsparce|Toxic|p1a: Volcanion\n|-status|p1a: Volcanion|tox\n|\n|-damage|p1a: Volcanion|94\/100 tox|[from] psn\n|upkeep\n|turn|2\n|\n|t:|1698084269\n|move|p1a: Volcanion|U-turn|p2a: Dudunsparce\n|-damage|p2a: Dudunsparce|88\/100\n|-damage|p1a: Volcanion|78\/100 tox|[from] item: Rocky Helmet|[of] p2a: Dudunsparce\n|-damage|p1a: Volcanion|68\/100 tox|[from] item: Life Orb\n|\n|t:|1698084279\n|switch|p1a: Scream Tail|Scream Tail|100\/100|[from] U-turn\n|move|p2a: Dudunsparce|Baton Pass|p2a: Dudunsparce\n|\n|t:|1698084338\n|switch|p2a: Iron Treads|Iron Treads|100\/100|[from] Baton Pass\n|\n|upkeep\n|turn|3\n|\n|t:|1698084348\n|-end|p1a: Scream Tail|Protosynthesis|[silent]\n|switch|p1a: Rillaboom|Rillaboom, M|100\/100\n|-fieldstart|move: Grassy Terrain|[from] ability: Grassy Surge|[of] p1a: Rillaboom\n|move|p2a: Iron Treads|Iron Head|p1a: Rillaboom\n|-damage|p1a: Rillaboom|75\/100\n|\n|-heal|p1a: Rillaboom|81\/100|[from] Grassy Terrain\n|-heal|p1a: Rillaboom|88\/100|[from] item: Leftovers\n|upkeep\n|turn|4\n|\n|t:|1698084363\n|-end|p2a: Iron Treads|Quark Drive|[silent]\n|switch|p2a: Moltres|Moltres|100\/100\n|move|p1a: Rillaboom|Leech Seed|p2a: Moltres\n|-start|p2a: Moltres|move: Leech Seed\n|\n|-heal|p1a: Rillaboom|94\/100|[from] Grassy Terrain\n|-heal|p1a: Rillaboom|99\/100|[from] item: Leftovers\n|-damage|p2a: Moltres|88\/100|[from] Leech Seed|[of] p1a: Rillaboom\n|-heal|p1a: Rillaboom|100\/100|[silent]\n|upkeep\n|turn|5\n|\n|t:|1698084400\n|switch|p1a: Volcanion|Volcanion|100\/100\n|move|p2a: Moltres|U-turn|p1a: Volcanion\n|-resisted|p1a: Volcanion\n|-damage|p1a: Volcanion|96\/100\n|\n|t:|1698084412\n|switch|p2a: Electrode|Electrode-Hisui|100\/100|[from] U-turn\n|\n|-heal|p1a: Volcanion|100\/100|[from] Grassy Terrain\n|upkeep\n|turn|6\n|\n|t:|1698084462\n|switch|p1a: Scream Tail|Scream Tail|100\/100\n|move|p2a: Electrode|Volt Switch|p1a: Scream Tail\n|-damage|p1a: Scream Tail|80\/100\n|\n|t:|1698084469\n|switch|p2a: Iron Treads|Iron Treads|100\/100|[from] Volt Switch\n|\n|-heal|p1a: Scream Tail|86\/100|[from] Grassy Terrain\n|upkeep\n|turn|7\n|\n|t:|1698084557\n|move|p1a: Scream Tail|Wish|p1a: Scream Tail\n|move|p2a: Iron Treads|Ice Spinner|p1a: Scream Tail\n|-damage|p1a: Scream Tail|66\/100\n|-fieldend|move: Grassy Terrain\n|\n|upkeep\n|turn|8\n|\n|t:|1698084652\n|-end|p1a: Scream Tail|Protosynthesis|[silent]\n|switch|p1a: Rillaboom|Rillaboom, M|100\/100\n|-fieldstart|move: Grassy Terrain|[from] ability: Grassy Surge|[of] p1a: Rillaboom\n|move|p2a: Iron Treads|High Horsepower|p1a: Rillaboom\n|-resisted|p1a: Rillaboom\n|-damage|p1a: Rillaboom|84\/100\n|\n|-heal|p1a: Rillaboom|100\/100|[from] move: Wish|[wisher] Scream Tail\n|upkeep\n|turn|9\n|\n|t:|1698084671\n|-end|p2a: Iron Treads|Quark Drive|[silent]\n|switch|p2a: Electrode|Electrode-Hisui|100\/100\n|move|p1a: Rillaboom|U-turn|p2a: Electrode\n|-supereffective|p2a: Electrode\n|-damage|p2a: Electrode|40\/100\n|l|\u2606Flaggx\n|player|p1|\n|j|\u2606Flaggx\n|player|p1|Flaggx|101\n|\n|t:|1698084943\n|switch|p1a: Empoleon|Empoleon, M|100\/100|[from] U-turn\n|\n|-heal|p2a: Electrode|46\/100|[from] Grassy Terrain\n|upkeep\n|turn|10\n|\n|t:|1698084960\n|move|p2a: Electrode|Thunderbolt|p1a: Empoleon\n|-supereffective|p1a: Empoleon\n|-damage|p1a: Empoleon|62\/100\n|move|p1a: Empoleon|Ice Beam|p2a: Electrode\n|-supereffective|p2a: Electrode\n|-damage|p2a: Electrode|0 fnt\n|faint|p2a: Electrode\n|\n|-heal|p1a: Empoleon|68\/100|[from] Grassy Terrain\n|upkeep\n|\n|t:|1698085043\n|switch|p2a: Iron Treads|Iron Treads|100\/100\n|turn|11\n|\n|t:|1698085085\n|switch|p1a: Volcanion|Volcanion|100\/100\n|move|p2a: Iron Treads|High Horsepower|p1a: Volcanion\n|-supereffective|p1a: Volcanion\n|-damage|p1a: Volcanion|37\/100\n|\n|-heal|p1a: Volcanion|43\/100|[from] Grassy Terrain\n|upkeep\n|turn|12\n|\n|t:|1698085101\n|-end|p2a: Iron Treads|Quark Drive|[silent]\n|switch|p2a: Umbreon|Umbreon, M|100\/100\n|switch|p1a: Rillaboom|Rillaboom, M|100\/100\n|\n|-fieldend|move: Grassy Terrain\n|upkeep\n|turn|13\n|\n|t:|1698085114\n|move|p1a: Rillaboom|U-turn|p2a: Umbreon\n|-supereffective|p2a: Umbreon\n|-damage|p2a: Umbreon|70\/100\n|\n|t:|1698085120\n|switch|p1a: Scream Tail|Scream Tail|68\/100 tox|[from] U-turn\n|move|p2a: Umbreon|Baton Pass|p2a: Umbreon\n|\n|t:|1698085152\n|switch|p2a: Dragapult|Dragapult, M|100\/100|[from] Baton Pass\n|\n|-damage|p1a: Scream Tail|62\/100 tox|[from] psn\n|upkeep\n|turn|14\n|\n|t:|1698085161\n|switch|p1a: Empoleon|Empoleon, M|68\/100\n|move|p2a: Dragapult|U-turn|p1a: Empoleon\n|-resisted|p1a: Empoleon\n|-damage|p1a: Empoleon|59\/100\n|\n|t:|1698085171\n|switch|p2a: Iron Treads|Iron Treads|100\/100|[from] U-turn\n|\n|upkeep\n|turn|15\n|\n|t:|1698085186\n|switch|p1a: Rillaboom|Rillaboom, M|100\/100\n|-fieldstart|move: Grassy Terrain|[from] ability: Grassy Surge|[of] p1a: Rillaboom\n|move|p2a: Iron Treads|Ice Spinner|p1a: Rillaboom\n|-supereffective|p1a: Rillaboom\n|-crit|p1a: Rillaboom\n|-damage|p1a: Rillaboom|45\/100\n|-fieldend|move: Grassy Terrain\n|\n|-heal|p1a: Rillaboom|51\/100|[from] item: Leftovers\n|upkeep\n|turn|16\n|\n|t:|1698085204\n|move|p2a: Iron Treads|Ice Spinner|p1a: Rillaboom\n|-supereffective|p1a: Rillaboom\n|-damage|p1a: Rillaboom|13\/100\n|move|p1a: Rillaboom|Drain Punch|p2a: Iron Treads\n|-supereffective|p2a: Iron Treads\n|-enditem|p2a: Iron Treads|Chople Berry|[eat]\n|-enditem|p2a: Iron Treads|Chople Berry|[weaken]\n|-damage|p2a: Iron Treads|84\/100\n|-heal|p1a: Rillaboom|21\/100|[from] drain|[of] p2a: Iron Treads\n|\n|-heal|p1a: Rillaboom|27\/100|[from] item: Leftovers\n|upkeep\n|turn|17\n|\n|t:|1698085314\n|switch|p1a: Volcanion|Volcanion|43\/100\n|move|p2a: Iron Treads|Ice Spinner|p1a: Volcanion\n|-resisted|p1a: Volcanion\n|-damage|p1a: Volcanion|40\/100\n|\n|upkeep\n|turn|18\n|\n|t:|1698085406\n|move|p2a: Iron Treads|High Horsepower|p1a: Volcanion\n|-supereffective|p1a: Volcanion\n|-damage|p1a: Volcanion|0 fnt\n|faint|p1a: Volcanion\n|\n|upkeep\n|\n|t:|1698085413\n|switch|p1a: Rillaboom|Rillaboom, M|27\/100\n|-fieldstart|move: Grassy Terrain|[from] ability: Grassy Surge|[of] p1a: Rillaboom\n|turn|19\n|\n|t:|1698085435\n|switch|p1a: Scream Tail|Scream Tail|66\/100\n|move|p2a: Iron Treads|Ice Spinner|p1a: Scream Tail\n|-damage|p1a: Scream Tail|43\/100\n|-fieldend|move: Grassy Terrain\n|\n|upkeep\n|turn|20\n|\n|t:|1698085441\n|move|p1a: Scream Tail|Encore|p2a: Iron Treads\n|-start|p2a: Iron Treads|Encore\n|move|p2a: Iron Treads|Ice Spinner|p1a: Scream Tail\n|-damage|p1a: Scream Tail|21\/100\n|\n|upkeep\n|turn|21\n|\n|t:|1698085451\n|-end|p1a: Scream Tail|Protosynthesis|[silent]\n|switch|p1a: Empoleon|Empoleon, M|59\/100\n|move|p2a: Iron Treads|Ice Spinner|p1a: Empoleon\n|-resisted|p1a: Empoleon\n|-damage|p1a: Empoleon|52\/100\n|\n|upkeep\n|turn|22\n|\n|t:|1698085459\n|-end|p2a: Iron Treads|Quark Drive|[silent]\n|switch|p2a: Umbreon|Umbreon, M|70\/100\n|move|p1a: Empoleon|Flip Turn|p2a: Umbreon\n|-damage|p2a: Umbreon|58\/100\n|\n|t:|1698085462\n|switch|p1a: Rillaboom|Rillaboom, M|27\/100|[from] Flip Turn\n|-fieldstart|move: Grassy Terrain|[from] ability: Grassy Surge|[of] p1a: Rillaboom\n|\n|-heal|p1a: Rillaboom|33\/100|[from] Grassy Terrain\n|-heal|p1a: Rillaboom|40\/100|[from] item: Leftovers\n|-heal|p2a: Umbreon|64\/100|[from] Grassy Terrain\n|-heal|p2a: Umbreon|70\/100|[from] item: Leftovers\n|upkeep\n|turn|23\n|\n|t:|1698085482\n|switch|p2a: Moltres|Moltres|88\/100\n|move|p1a: Rillaboom|Leech Seed|p2a: Moltres\n|-start|p2a: Moltres|move: Leech Seed\n|\n|-heal|p1a: Rillaboom|46\/100|[from] Grassy Terrain\n|-heal|p1a: Rillaboom|52\/100|[from] item: Leftovers\n|-damage|p2a: Moltres|75\/100|[from] Leech Seed|[of] p1a: Rillaboom\n|-heal|p1a: Rillaboom|64\/100|[silent]\n|upkeep\n|turn|24\n|\n|t:|1698085499\n|switch|p1a: Empoleon|Empoleon, M|52\/100\n|move|p2a: Moltres|U-turn|p1a: Empoleon\n|-resisted|p1a: Empoleon\n|-damage|p1a: Empoleon|45\/100\n|\n|t:|1698085512\n|switch|p2a: Iron Treads|Iron Treads|84\/100|[from] U-turn\n|\n|-heal|p2a: Iron Treads|90\/100|[from] Grassy Terrain\n|-heal|p1a: Empoleon|52\/100|[from] Grassy Terrain\n|upkeep\n|turn|25\n|\n|t:|1698085518\n|move|p2a: Iron Treads|High Horsepower|p1a: Empoleon\n|-supereffective|p1a: Empoleon\n|-damage|p1a: Empoleon|0 fnt\n|faint|p1a: Empoleon\n|\n|-heal|p2a: Iron Treads|97\/100|[from] Grassy Terrain\n|upkeep\n|\n|t:|1698085525\n|switch|p1a: Sneasler|Sneasler, F|100\/100\n|-enditem|p1a: Sneasler|Grassy Seed\n|-boost|p1a: Sneasler|def|1|[from] item: Grassy Seed\n|turn|26\n|\n|t:|1698085592\n|move|p1a: Sneasler|Swords Dance|p1a: Sneasler\n|-boost|p1a: Sneasler|atk|2\n|move|p2a: Iron Treads|High Horsepower|p1a: Sneasler\n|-supereffective|p1a: Sneasler\n|-damage|p1a: Sneasler|0 fnt\n|faint|p1a: Sneasler\n|\n|-heal|p2a: Iron Treads|100\/100|[from] Grassy Terrain\n|-fieldend|move: Grassy Terrain\n|upkeep\n|\n|t:|1698085600\n|switch|p1a: Rillaboom|Rillaboom, M|64\/100\n|-fieldstart|move: Grassy Terrain|[from] ability: Grassy Surge|[of] p1a: Rillaboom\n|turn|27\n|\n|t:|1698085623\n|-end|p2a: Iron Treads|Quark Drive|[silent]\n|switch|p2a: Moltres|Moltres|75\/100\n|move|p1a: Rillaboom|Drain Punch|p2a: Moltres\n|-resisted|p2a: Moltres\n|-damage|p2a: Moltres|69\/100\n|-heal|p1a: Rillaboom|67\/100|[from] drain|[of] p2a: Moltres\n|\n|-heal|p1a: Rillaboom|73\/100|[from] Grassy Terrain\n|-heal|p1a: Rillaboom|79\/100|[from] item: Leftovers\n|upkeep\n|turn|28\n|c|\u2606Flaggx|da ist die roll die ich gegen basti verloren hab..\n|c|\u2606dkohli|welche roll ?\n|\n|t:|1698085667\n|move|p2a: Moltres|Flamethrower|p1a: Rillaboom\n|-supereffective|p1a: Rillaboom\n|-damage|p1a: Rillaboom|0 fnt\n|faint|p1a: Rillaboom\n|\n|upkeep\n|c|\u2606Flaggx|h\u00e4tte zu 40% \u00fcberleben k\u00f6nnen\n|\n|t:|1698085674\n|switch|p1a: Scream Tail|Scream Tail|21\/100\n|turn|29\n|c|\u2606dkohli|wie bist investiert ? bin adam\n|\n|t:|1698085718\n|move|p1a: Scream Tail|Protect|p1a: Scream Tail\n|-singleturn|p1a: Scream Tail|Protect\n|move|p2a: Moltres|Flamethrower|p1a: Scream Tail\n|-activate|p1a: Scream Tail|move: Protect\n|\n|-heal|p1a: Scream Tail|27\/100|[from] Grassy Terrain\n|upkeep\n|turn|30\n|\n|t:|1698085726\n|move|p1a: Scream Tail|Wish|p1a: Scream Tail\n|move|p2a: Moltres|Flamethrower|p1a: Scream Tail\n|-damage|p1a: Scream Tail|3\/100\n|\n|-heal|p1a: Scream Tail|9\/100|[from] Grassy Terrain\n|upkeep\n|turn|31\n|\n|t:|1698085745\n|-end|p1a: Scream Tail|Protosynthesis|[silent]\n|switch|p1a: Scream Tail|Scream Tail|62\/100 tox\n|switch|p2a: Dudunsparce|Dudunsparce, M|88\/100\n|\n|-heal|p1a: Scream Tail|100\/100 tox|[from] move: Wish|[wisher] Scream Tail\n|-heal|p2a: Dudunsparce|94\/100|[from] Grassy Terrain\n|-damage|p1a: Scream Tail|94\/100 tox|[from] psn\n|-fieldend|move: Grassy Terrain\n|upkeep\n|turn|32\n|\n|t:|1698085759\n|move|p1a: Scream Tail|Focus Blast|p2a: Dudunsparce\n|-supereffective|p2a: Dudunsparce\n|-crit|p2a: Dudunsparce\n|-damage|p2a: Dudunsparce|0 fnt\n|faint|p2a: Dudunsparce\n|-damage|p1a: Scream Tail|84\/100 tox|[from] item: Life Orb\n|\n|-damage|p1a: Scream Tail|72\/100 tox|[from] psn\n|upkeep\n|c|\u2606dkohli|aua :D\n|\n|t:|1698085781\n|switch|p2a: Umbreon|Umbreon, M|70\/100\n|turn|33\n|c|\u2606Flaggx|joa der war lucky\n|\n|t:|1698085788\n|move|p1a: Scream Tail|U-turn|p2a: Umbreon\n|-supereffective|p2a: Umbreon\n|-damage|p2a: Umbreon|37\/100\n|-damage|p1a: Scream Tail|62\/100 tox|[from] item: Life Orb\n|\n|t:|1698085792\n|switch|p1a: Scream Tail|Scream Tail|9\/100|[from] U-turn\n|move|p2a: Umbreon|Wish|p2a: Umbreon\n|\n|-heal|p2a: Umbreon|43\/100|[from] item: Leftovers\n|upkeep\n|turn|34\n|\n|t:|1698085798\n|move|p1a: Scream Tail|Wish|p1a: Scream Tail\n|move|p2a: Umbreon|Toxic|p1a: Scream Tail\n|-status|p1a: Scream Tail|tox\n|\n|-heal|p2a: Umbreon|93\/100|[from] move: Wish|[wisher] Umbreon\n|-heal|p2a: Umbreon|99\/100|[from] item: Leftovers\n|-damage|p1a: Scream Tail|3\/100 tox|[from] psn\n|upkeep\n|turn|35\n|\n|t:|1698085814\n|switch|p2a: Dragapult|Dragapult, M|100\/100\n|move|p1a: Scream Tail|Encore||[still]\n|-fail|p1a: Scream Tail\n|\n|-heal|p1a: Scream Tail|53\/100 tox|[from] move: Wish|[wisher] Scream Tail\n|-damage|p1a: Scream Tail|41\/100 tox|[from] psn\n|upkeep\n|turn|36\n|\n|t:|1698085828\n|move|p2a: Dragapult|U-turn|p1a: Scream Tail\n|-damage|p1a: Scream Tail|27\/100 tox\n|\n|t:|1698085833\n|switch|p2a: Moltres|Moltres|69\/100|[from] U-turn\n|move|p1a: Scream Tail|Wish|p1a: Scream Tail\n|\n|-damage|p1a: Scream Tail|8\/100 tox|[from] psn\n|upkeep\n|turn|37\n|\n|t:|1698085845\n|-end|p1a: Scream Tail|Protosynthesis|[silent]\n|switch|p1a: Scream Tail|Scream Tail|62\/100 tox\n|move|p2a: Moltres|Roost|p2a: Moltres\n|-heal|p2a: Moltres|100\/100\n|-singleturn|p2a: Moltres|move: Roost\n|\n|-heal|p1a: Scream Tail|100\/100 tox|[from] move: Wish|[wisher] Scream Tail\n|-damage|p1a: Scream Tail|94\/100 tox|[from] psn\n|upkeep\n|turn|38\n|\n|t:|1698085871\n|-terastallize|p2a: Moltres|Ground\n|move|p1a: Scream Tail|Dark Pulse|p2a: Moltres\n|-damage|p2a: Moltres|46\/100\n|-damage|p1a: Scream Tail|84\/100 tox|[from] item: Life Orb\n|move|p2a: Moltres|U-turn|p1a: Scream Tail\n|-supereffective|p1a: Scream Tail\n|-damage|p1a: Scream Tail|23\/100 tox\n|replace|p1a: Zoroark|Zoroark, F\n|-end|p1a: Zoroark|Illusion\n|\n|t:|1698085884\n|switch|p2a: Dragapult|Dragapult, M|100\/100|[from] U-turn\n|\n|-damage|p1a: Zoroark|10\/100 tox|[from] psn\n|upkeep\n|turn|39\n|\n|t:|1698085889\n|move|p2a: Dragapult|U-turn|p1a: Zoroark\n|-supereffective|p1a: Zoroark\n|-damage|p1a: Zoroark|0 fnt\n|faint|p1a: Zoroark\n|c|\u2606Flaggx|gg\n|\n|t:|1698085903\n|switch|p2a: Iron Treads|Iron Treads|100\/100|[from] U-turn\n|\n|upkeep\n|\n|t:|1698085907\n|switch|p1a: Scream Tail|Scream Tail|8\/100 tox\n|turn|40\n|\n|t:|1698085910\n|move|p1a: Scream Tail|Wish|p1a: Scream Tail\n|move|p2a: Iron Treads|Iron Head|p1a: Scream Tail\n|-supereffective|p1a: Scream Tail\n|-damage|p1a: Scream Tail|0 fnt\n|faint|p1a: Scream Tail\n|-end|p1a: Scream Tail|Protosynthesis|[silent]\n|\n|win|dkohli\n|c|\u2606dkohli|gg\n","uploadtime":1698086033,"views":21,"p1id":"flaggx","p2id":"dkohli","formatid":"gen9anythinggoes","rating":0,"private":0,"password":""}