{"id":"gen9anythinggoes-1994827225","p1":"AmGeiii","p2":"Penter","format":"[Gen 9] Anything Goes","log":"|j|\u2606AmGeiii\n|j|\u2606Penter\n|inactive|Battle timer is ON: inactive players will automatically lose when time's up.\n|t:|1700496464\n|gametype|singles\n|player|p1|AmGeiii|benga|\n|player|p2|Penter|n|\n|teamsize|p1|6\n|teamsize|p2|6\n|gen|9\n|tier|[Gen 9] Anything Goes\n|rated|Tournament battle\n|rule|HP Percentage Mod: HP is shown in percentages\n|rule|Endless Battle Clause: Forcing endless battles is banned\n|rule|Species Clause: Limit one of each Pok\u00e9mon\n|rule|OHKO Clause: OHKO moves are banned\n|rule|Evasion Moves Clause: Evasion moves are banned\n|rule|Sleep Moves Clause: Sleep-inducing moves are banned\n|rule|Re-Evolution Mod: Pok\u00e9mon gain the boosts they would gain from evolving again\n|clearpoke\n|poke|p1|Ceruledge, F|\n|poke|p1|Espathra, F|\n|poke|p1|Mandibuzz, F|\n|poke|p1|Clodsire, F|\n|poke|p1|Gholdengo|\n|poke|p1|Garganacl, F|\n|poke|p2|Rillaboom, F|\n|poke|p2|Gliscor, M|\n|poke|p2|Ceruledge, M|\n|poke|p2|Toxapex, F|\n|poke|p2|Samurott-Hisui, M|\n|poke|p2|Gholdengo|\n|teampreview\n|j|*Lady Monita \u2746\n|inactive|AmGeiii has 120 seconds left.\n|inactive|Penter has 120 seconds left.\n|\n|t:|1700496518\n|start\n|switch|p1a: Garganacl|Garganacl, F|100\/100\n|switch|p2a: Samurott|Samurott-Hisui, M|100\/100\n|turn|1\n|\n|t:|1700496546\n|move|p2a: Samurott|Ceaseless Edge|p1a: Garganacl\n|-damage|p1a: Garganacl|81\/100\n|-sidestart|p1: AmGeiii|Spikes\n|move|p1a: Garganacl|Salt Cure|p2a: Samurott\n|-damage|p2a: Samurott|85\/100\n|-start|p2a: Samurott|Salt Cure\n|\n|-heal|p1a: Garganacl|87\/100|[from] item: Leftovers\n|-damage|p2a: Samurott|60\/100|[from] Salt Cure\n|upkeep\n|turn|2\n|j| Pure Hackmons\n|\n|t:|1700496556\n|switch|p2a: Toxapex|Toxapex, F|100\/100\n|move|p1a: Garganacl|Curse|p1a: Garganacl\n|-unboost|p1a: Garganacl|spe|1\n|-boost|p1a: Garganacl|atk|1\n|-boost|p1a: Garganacl|def|1\n|\n|-heal|p1a: Garganacl|94\/100|[from] item: Leftovers\n|upkeep\n|turn|3\n|l| Pure Hackmons\n|\n|t:|1700496574\n|move|p2a: Toxapex|Flip Turn|p1a: Garganacl\n|-supereffective|p1a: Garganacl\n|-damage|p1a: Garganacl|86\/100\n|\n|t:|1700496582\n|switch|p2a: Gliscor|Gliscor, M|100\/100|[from] Flip Turn\n|move|p1a: Garganacl|Curse|p1a: Garganacl\n|-unboost|p1a: Garganacl|spe|1\n|-boost|p1a: Garganacl|atk|1\n|-boost|p1a: Garganacl|def|1\n|\n|-heal|p1a: Garganacl|92\/100|[from] item: Leftovers\n|-status|p2a: Gliscor|tox|[from] item: Toxic Orb\n|upkeep\n|turn|4\n|\n|t:|1700496606\n|move|p2a: Gliscor|Knock Off|p1a: Garganacl\n|-damage|p1a: Garganacl|87\/100\n|-enditem|p1a: Garganacl|Leftovers|[from] move: Knock Off|[of] p2a: Gliscor\n|move|p1a: Garganacl|Salt Cure|p2a: Gliscor\n|-damage|p2a: Gliscor|82\/100 tox\n|-start|p2a: Gliscor|Salt Cure\n|\n|-heal|p2a: Gliscor|94\/100 tox|[from] ability: Poison Heal\n|-damage|p2a: Gliscor|82\/100 tox|[from] Salt Cure\n|upkeep\n|turn|5\n|j| Bunnysai\n|inactive|AmGeiii has 120 seconds left.\n|\n|t:|1700496629\n|switch|p2a: Rillaboom|Rillaboom, F|100\/100\n|-fieldstart|move: Grassy Terrain|[from] ability: Grassy Surge|[of] p2a: Rillaboom\n|move|p1a: Garganacl|Curse|p1a: Garganacl\n|-unboost|p1a: Garganacl|spe|1\n|-boost|p1a: Garganacl|atk|1\n|-boost|p1a: Garganacl|def|1\n|\n|-heal|p1a: Garganacl|93\/100|[from] Grassy Terrain\n|upkeep\n|turn|6\n|c| Bunnysai|Why stall\n|inactive|AmGeiii has 120 seconds left.\n|\n|t:|1700496653\n|move|p2a: Rillaboom|Wood Hammer|p1a: Garganacl\n|-supereffective|p1a: Garganacl\n|-damage|p1a: Garganacl|46\/100\n|-damage|p2a: Rillaboom|82\/100|[from] Recoil\n|move|p1a: Garganacl|Salt Cure|p2a: Rillaboom\n|-damage|p2a: Rillaboom|45\/100\n|-start|p2a: Rillaboom|Salt Cure\n|\n|-heal|p2a: Rillaboom|52\/100|[from] Grassy Terrain\n|-heal|p1a: Garganacl|52\/100|[from] Grassy Terrain\n|-damage|p2a: Rillaboom|39\/100|[from] Salt Cure\n|upkeep\n|turn|7\n|\n|t:|1700496665\n|switch|p2a: Toxapex|Toxapex, F|100\/100\n|move|p1a: Garganacl|Recover|p1a: Garganacl\n|-heal|p1a: Garganacl|100\/100\n|\n|upkeep\n|turn|8\n|\n|t:|1700496672\n|move|p2a: Toxapex|Clear Smog|p1a: Garganacl\n|-resisted|p1a: Garganacl\n|-damage|p1a: Garganacl|97\/100\n|-clearboost|p1a: Garganacl\n|move|p1a: Garganacl|Curse|p1a: Garganacl\n|-unboost|p1a: Garganacl|spe|1\n|-boost|p1a: Garganacl|atk|1\n|-boost|p1a: Garganacl|def|1\n|\n|-heal|p1a: Garganacl|100\/100|[from] Grassy Terrain\n|upkeep\n|turn|9\n|inactive|AmGeiii has 120 seconds left.\n|\n|t:|1700496697\n|move|p2a: Toxapex|Clear Smog|p1a: Garganacl\n|-resisted|p1a: Garganacl\n|-damage|p1a: Garganacl|97\/100\n|-clearboost|p1a: Garganacl\n|move|p1a: Garganacl|Salt Cure|p2a: Toxapex\n|-damage|p2a: Toxapex|92\/100\n|-start|p2a: Toxapex|Salt Cure\n|\n|-heal|p1a: Garganacl|100\/100|[from] Grassy Terrain\n|-heal|p2a: Toxapex|98\/100|[from] Grassy Terrain\n|-heal|p2a: Toxapex|100\/100|[from] item: Black Sludge\n|-damage|p2a: Toxapex|75\/100|[from] Salt Cure\n|-fieldend|move: Grassy Terrain\n|upkeep\n|turn|10\n|\n|t:|1700496701\n|move|p1a: Garganacl|Stone Axe|p2a: Toxapex\n|-damage|p2a: Toxapex|61\/100\n|-sidestart|p2: Penter|move: Stealth Rock\n|move|p2a: Toxapex|Flip Turn|p1a: Garganacl\n|-supereffective|p1a: Garganacl\n|-damage|p1a: Garganacl|88\/100\n|inactive|Penter has 120 seconds left.\n|\n|t:|1700496732\n|switch|p2a: Rillaboom|Rillaboom, F|39\/100|[from] Flip Turn\n|-damage|p2a: Rillaboom|27\/100|[from] Stealth Rock\n|-fieldstart|move: Grassy Terrain|[from] ability: Grassy Surge|[of] p2a: Rillaboom\n|\n|-heal|p2a: Rillaboom|33\/100|[from] Grassy Terrain\n|-heal|p1a: Garganacl|94\/100|[from] Grassy Terrain\n|upkeep\n|turn|11\n|\n|t:|1700496740\n|switch|p1a: Mandibuzz|Mandibuzz, F|100\/100\n|move|p2a: Rillaboom|Grassy Glide|p1a: Mandibuzz\n|-resisted|p1a: Mandibuzz\n|-damage|p1a: Mandibuzz|86\/100\n|\n|-heal|p2a: Rillaboom|39\/100|[from] Grassy Terrain\n|upkeep\n|turn|12\n|\n|t:|1700496749\n|switch|p2a: Gliscor|Gliscor, M|82\/100 tox\n|-damage|p2a: Gliscor|69\/100 tox|[from] Stealth Rock\n|move|p1a: Mandibuzz|Knock Off|p2a: Gliscor\n|-crit|p2a: Gliscor\n|-damage|p2a: Gliscor|49\/100 tox\n|-enditem|p2a: Gliscor|Toxic Orb|[from] move: Knock Off|[of] p1a: Mandibuzz\n|\n|-heal|p2a: Gliscor|61\/100 tox|[from] ability: Poison Heal\n|upkeep\n|turn|13\n|\n|t:|1700496766\n|move|p2a: Gliscor|Knock Off|p1a: Mandibuzz\n|-resisted|p1a: Mandibuzz\n|-damage|p1a: Mandibuzz|81\/100\n|-enditem|p1a: Mandibuzz|Heavy-Duty Boots|[from] move: Knock Off|[of] p2a: Gliscor\n|move|p1a: Mandibuzz|U-turn|p2a: Gliscor\n|-resisted|p2a: Gliscor\n|-damage|p2a: Gliscor|58\/100 tox\n|inactive|AmGeiii has 120 seconds left.\n|\n|t:|1700496791\n|switch|p1a: Ceruledge|Ceruledge, F|100\/100|[from] U-turn\n|\n|-heal|p2a: Gliscor|70\/100 tox|[from] ability: Poison Heal\n|upkeep\n|turn|14\n|\n|t:|1700496800\n|-terastallize|p1a: Ceruledge|Grass\n|move|p1a: Ceruledge|Bulk Up|p1a: Ceruledge\n|-boost|p1a: Ceruledge|atk|1\n|-boost|p1a: Ceruledge|def|1\n|move|p2a: Gliscor|Toxic|p1a: Ceruledge\n|-status|p1a: Ceruledge|tox\n|\n|-damage|p1a: Ceruledge|94\/100 tox|[from] psn\n|-heal|p2a: Gliscor|83\/100 tox|[from] ability: Poison Heal\n|-fieldend|move: Grassy Terrain\n|upkeep\n|turn|15\n|\n|t:|1700496819\n|switch|p2a: Toxapex|Toxapex, F|94\/100\n|-damage|p2a: Toxapex|81\/100|[from] Stealth Rock\n|move|p1a: Ceruledge|Bulk Up|p1a: Ceruledge\n|-boost|p1a: Ceruledge|atk|1\n|-boost|p1a: Ceruledge|def|1\n|\n|-heal|p2a: Toxapex|88\/100|[from] item: Black Sludge\n|-damage|p1a: Ceruledge|82\/100 tox|[from] psn\n|upkeep\n|turn|16\n|\n|t:|1700496827\n|move|p1a: Ceruledge|Tera Blast|p2a: Toxapex|[anim] Tera Blast Grass\n|-damage|p2a: Toxapex|32\/100\n|move|p2a: Toxapex|Clear Smog|p1a: Ceruledge\n|-supereffective|p1a: Ceruledge\n|-damage|p1a: Ceruledge|68\/100 tox\n|-clearboost|p1a: Ceruledge\n|\n|-heal|p2a: Toxapex|38\/100|[from] item: Black Sludge\n|-damage|p1a: Ceruledge|50\/100 tox|[from] psn\n|upkeep\n|turn|17\n|-message|AmGeiii forfeited.\n|\n|win|Penter\n|n|\u2606AmGeiii|amgeiii\n|n|\u2606Penter|penter\n|n|*Lady Monita \u2746|ladymonita\n|n| Bunnysai|bunnysai\n","uploadtime":1700496846,"views":0,"p1id":"amgeiii","p2id":"penter","formatid":"gen9anythinggoes","rating":0,"private":0,"password":""}