{"id":"gen9anythinggoes-1999118031","p1":"zjayne21","p2":"scytherwing","format":"[Gen 9] Anything Goes","log":"|j|\u2606zjayne21\n|j|\u2606scytherwing\n|t:|1701035060\n|gametype|singles\n|player|p1|zjayne21|169|1335\n|player|p2|scytherwing|thorton|1292\n|teamsize|p1|6\n|teamsize|p2|6\n|gen|9\n|tier|[Gen 9] Anything Goes\n|rated|\n|rule|HP Percentage Mod: HP is shown in percentages\n|rule|Endless Battle Clause: Forcing endless battles is banned\n|clearpoke\n|poke|p1|Infernape, M|\n|poke|p1|Roaring Moon|\n|poke|p1|Mandibuzz, F|\n|poke|p1|Gholdengo|\n|poke|p1|Mamoswine, M|\n|poke|p1|Slowking-Galar, F|\n|poke|p2|Slither Wing|\n|poke|p2|Zacian-*|\n|poke|p2|Cresselia, F|\n|poke|p2|Grotle, F|\n|poke|p2|Vigoroth, M|\n|poke|p2|Grimer, F|\n|teampreview\n|inactive|Battle timer is ON: inactive players will automatically lose when time's up. (requested by scytherwing)\n|\n|t:|1701035072\n|start\n|switch|p1a: Mandibuzz|Mandibuzz, F, shiny|100\/100\n|switch|p2a: #288|Vigoroth, M|100\/100\n|turn|1\n|\n|t:|1701035078\n|move|p2a: #288|Bulk Up|p2a: #288\n|-boost|p2a: #288|atk|1\n|-boost|p2a: #288|def|1\n|move|p1a: Mandibuzz|Knock Off|p2a: #288\n|-damage|p2a: #288|87\/100\n|-enditem|p2a: #288|Eviolite|[from] move: Knock Off|[of] p1a: Mandibuzz\n|\n|upkeep\n|turn|2\n|\n|t:|1701035086\n|move|p2a: #288|Bulk Up|p2a: #288\n|-boost|p2a: #288|atk|1\n|-boost|p2a: #288|def|1\n|move|p1a: Mandibuzz|U-turn|p2a: #288\n|-damage|p2a: #288|80\/100\n|\n|t:|1701035091\n|switch|p1a: Infernape|Infernape, M, shiny|100\/100|[from] U-turn\n|\n|upkeep\n|turn|3\n|\n|t:|1701035096\n|move|p1a: Infernape|Vacuum Wave|p2a: #288\n|-supereffective|p2a: #288\n|-damage|p2a: #288|39\/100\n|-damage|p1a: Infernape|91\/100|[from] item: Life Orb\n|move|p2a: #288|Facade|p1a: Infernape\n|-damage|p1a: Infernape|30\/100\n|\n|upkeep\n|turn|4\n|\n|t:|1701035120\n|switch|p2a: #488|Cresselia, F|100\/100\n|move|p1a: Infernape|Overheat|p2a: #488\n|-damage|p2a: #488|24\/100\n|-unboost|p1a: Infernape|spa|2\n|-enditem|p2a: #488|Sitrus Berry|[eat]\n|-heal|p2a: #488|49\/100|[from] item: Sitrus Berry\n|-damage|p1a: Infernape|20\/100|[from] item: Life Orb\n|\n|upkeep\n|turn|5\n|\n|t:|1701035137\n|switch|p1a: Gholdengo|Gholdengo, shiny|100\/100\n|move|p2a: #488|Moonblast|p1a: Gholdengo\n|-resisted|p1a: Gholdengo\n|-damage|p1a: Gholdengo|86\/100\n|\n|upkeep\n|turn|6\n|\n|t:|1701035149\n|move|p1a: Gholdengo|Shadow Ball|p2a: #488\n|-supereffective|p2a: #488\n|-damage|p2a: #488|0 fnt\n|faint|p2a: #488\n|\n|upkeep\n|\n|t:|1701035156\n|switch|p2a: #288|Vigoroth, M|39\/100\n|turn|7\n|\n|t:|1701035164\n|switch|p1a: Mandibuzz|Mandibuzz, F, shiny|100\/100\n|move|p2a: #288|Shadow Claw|p1a: Mandibuzz\n|-resisted|p1a: Mandibuzz\n|-damage|p1a: Mandibuzz|96\/100\n|-damage|p2a: #288|22\/100|[from] item: Rocky Helmet|[of] p1a: Mandibuzz\n|\n|upkeep\n|turn|8\n|\n|t:|1701035173\n|move|p2a: #288|Slack Off|p2a: #288\n|-heal|p2a: #288|72\/100\n|move|p1a: Mandibuzz|U-turn|p2a: #288\n|-damage|p2a: #288|59\/100\n|\n|t:|1701035183\n|switch|p1a: Infernape|Infernape, M, shiny|20\/100|[from] U-turn\n|\n|upkeep\n|turn|9\n|\n|t:|1701035191\n|move|p1a: Infernape|Overheat|p2a: #288\n|-damage|p2a: #288|0 fnt\n|-unboost|p1a: Infernape|spa|2\n|faint|p2a: #288\n|-damage|p1a: Infernape|10\/100|[from] item: Life Orb\n|\n|upkeep\n|\n|t:|1701035202\n|switch|p2a: #888|Zacian-Crowned|100\/100\n|-ability|p2a: #888|Intrepid Sword|boost\n|-boost|p2a: #888|atk|1\n|turn|10\n|\n|t:|1701035212\n|move|p2a: #888|Swords Dance|p2a: #888\n|-boost|p2a: #888|atk|2\n|move|p1a: Infernape|Overheat|p2a: #888\n|-supereffective|p2a: #888\n|-damage|p2a: #888|1\/100\n|-unboost|p1a: Infernape|spa|2\n|-damage|p1a: Infernape|0 fnt|[from] item: Life Orb\n|faint|p1a: Infernape\n|\n|upkeep\n|c|\u2606scytherwing|yh ofc\n|c|\u2606scytherwing|spam random moves\n|-message|scytherwing forfeited.\n|\n|win|zjayne21\n|raw|zjayne21's rating: 1335 &rarr; <strong>1353<\/strong><br \/>(+18 for winning)\n|raw|scytherwing's rating: 1292 &rarr; <strong>1270<\/strong><br \/>(-22 for losing)\n|l|\u2606scytherwing\n|c|\u2606zjayne21|HAHAHAHAHAHA\n","uploadtime":1701035241,"views":18,"p1id":"zjayne21","p2id":"scytherwing","formatid":"gen9anythinggoes","rating":1270,"private":0,"password":""}