{"id":"gen9anythinggoes-1986194486","p1":"Cheetahll","p2":"Celentinel","format":"[Gen 9] Anything Goes","log":"|j|\u2606Cheetahll\n|j|\u2606Celentinel\n|t:|1699458767\n|gametype|singles\n|player|p1|Cheetahll|102|1193\n|player|p2|Celentinel|169|1212\n|teamsize|p1|6\n|teamsize|p2|6\n|gen|9\n|tier|[Gen 9] Anything Goes\n|rated|\n|rule|HP Percentage Mod: HP is shown in percentages\n|rule|Endless Battle Clause: Forcing endless battles is banned\n|clearpoke\n|poke|p1|Okidogi, M|\n|poke|p1|Ninetales-Alola, F|\n|poke|p1|Baxcalibur, M|\n|poke|p1|Manaphy|\n|poke|p1|Kingambit, F|\n|poke|p1|Rayquaza|\n|poke|p2|Glimmora, F|\n|poke|p2|Basculegion, M|\n|poke|p2|Pelipper, F|\n|poke|p2|Rabsca, M|\n|poke|p2|Krookodile, M|\n|poke|p2|Rotom-Mow|\n|teampreview\n|inactive|Battle timer is ON: inactive players will automatically lose when time's up. (requested by Celentinel)\n|\n|t:|1699458792\n|start\n|switch|p1a: Okidogi|Okidogi, M|100\/100\n|switch|p2a: Glimmora|Glimmora, F, shiny|100\/100\n|turn|1\n|\n|t:|1699458799\n|move|p1a: Okidogi|Bulk Up|p1a: Okidogi\n|-boost|p1a: Okidogi|atk|1\n|-boost|p1a: Okidogi|def|1\n|move|p2a: Glimmora|Reflect|p2a: Glimmora\n|-sidestart|p2: Celentinel|Reflect\n|\n|upkeep\n|turn|2\n|\n|t:|1699458809\n|move|p1a: Okidogi|Bulk Up|p1a: Okidogi\n|-boost|p1a: Okidogi|atk|1\n|-boost|p1a: Okidogi|def|1\n|move|p2a: Glimmora|Stealth Rock|p1a: Okidogi\n|-sidestart|p1: Cheetahll|move: Stealth Rock\n|\n|upkeep\n|turn|3\n|\n|t:|1699458814\n|move|p1a: Okidogi|Bulk Up|p1a: Okidogi\n|-boost|p1a: Okidogi|atk|1\n|-boost|p1a: Okidogi|def|1\n|move|p2a: Glimmora|Spikes|p1a: Okidogi\n|-sidestart|p1: Cheetahll|Spikes\n|\n|upkeep\n|turn|4\n|\n|t:|1699458820\n|switch|p2a: Rotom|Rotom-Mow, shiny|100\/100\n|move|p1a: Okidogi|Bulk Up|p1a: Okidogi\n|-boost|p1a: Okidogi|atk|1\n|-boost|p1a: Okidogi|def|1\n|\n|upkeep\n|turn|5\n|\n|t:|1699458831\n|move|p2a: Rotom|Nasty Plot|p2a: Rotom\n|-boost|p2a: Rotom|spa|2\n|move|p1a: Okidogi|Poison Jab|p2a: Rotom\n|-supereffective|p2a: Rotom\n|-enditem|p2a: Rotom|Focus Sash\n|-damage|p2a: Rotom|1\/100\n|-status|p2a: Rotom|psn\n|\n|-damage|p2a: Rotom|0 fnt|[from] psn\n|faint|p2a: Rotom\n|-sideend|p2: Celentinel|Reflect\n|upkeep\n|c|\u2606Celentinel|Oh my fucking god\n|c|\u2606Celentinel|Piss off\n|\n|t:|1699458852\n|switch|p2a: Glimmora|Glimmora, F, shiny|100\/100\n|turn|6\n|\n|t:|1699458858\n|move|p1a: Okidogi|Drain Punch|p2a: Glimmora\n|-enditem|p2a: Glimmora|Focus Sash\n|-damage|p2a: Glimmora|1\/100\n|-activate|p2a: Glimmora|ability: Toxic Debris\n|-sidestart|p1: Cheetahll|move: Toxic Spikes\n|move|p2a: Glimmora|Spikes|p1a: Okidogi\n|-sidestart|p1: Cheetahll|Spikes\n|\n|upkeep\n|turn|7\n|\n|t:|1699458871\n|move|p1a: Okidogi|Poison Jab|p2a: Glimmora\n|-resisted|p2a: Glimmora\n|-damage|p2a: Glimmora|0 fnt\n|-activate|p2a: Glimmora|ability: Toxic Debris\n|-sidestart|p1: Cheetahll|move: Toxic Spikes\n|faint|p2a: Glimmora\n|\n|upkeep\n|\n|t:|1699458885\n|switch|p2a: Pelipper|Pelipper, F, shiny|100\/100\n|-weather|RainDance|[from] ability: Drizzle|[of] p2a: Pelipper\n|turn|8\n|\n|t:|1699458906\n|move|p1a: Okidogi|Poison Jab|p2a: Pelipper\n|-crit|p2a: Pelipper\n|-damage|p2a: Pelipper|0 fnt\n|faint|p2a: Pelipper\n|\n|-weather|RainDance|[upkeep]\n|upkeep\n|\n|t:|1699458912\n|switch|p2a: Krookodile|Krookodile, M, shiny|100\/100\n|turn|9\n|\n|t:|1699458921\n|move|p2a: Krookodile|Earthquake|p1a: Okidogi\n|-supereffective|p1a: Okidogi\n|-damage|p1a: Okidogi|73\/100\n|move|p1a: Okidogi|Drain Punch|p2a: Krookodile\n|-supereffective|p2a: Krookodile\n|-damage|p2a: Krookodile|0 fnt\n|-heal|p1a: Okidogi|100\/100|[from] drain|[of] p2a: Krookodile\n|faint|p2a: Krookodile\n|\n|-weather|RainDance|[upkeep]\n|upkeep\n|\n|t:|1699458930\n|switch|p2a: Basculegion|Basculegion, M, shiny|100\/100\n|turn|10\n|c|\u2606Cheetahll|last respects\n|\n|t:|1699458954\n|move|p2a: Basculegion|Last Respects|p1a: Okidogi\n|-damage|p1a: Okidogi|64\/100\n|move|p1a: Okidogi|Poison Jab|p2a: Basculegion\n|-resisted|p2a: Basculegion\n|-damage|p2a: Basculegion|19\/100\n|-status|p2a: Basculegion|psn\n|\n|-weather|RainDance|[upkeep]\n|-heal|p1a: Okidogi|70\/100|[from] item: Leftovers\n|-damage|p2a: Basculegion|7\/100 psn|[from] psn\n|upkeep\n|turn|11\n|n|!Celentinel|celentinel\n|-message|Celentinel forfeited.\n|\n|win|Cheetahll\n|raw|Cheetahll's rating: 1193 &rarr; <strong>1219<\/strong><br \/>(+26 for winning)\n|raw|Celentinel's rating: 1212 &rarr; <strong>1186<\/strong><br \/>(-26 for losing)\n|l|!Celentinel\n","uploadtime":1699458965,"views":3,"p1id":"cheetahll","p2id":"celentinel","formatid":"gen9anythinggoes","rating":1186,"private":0,"password":""}