{"id":"gen9anythinggoes-1996268812","p1":"Outdated Puppet","p2":"bb\/c who're?","format":"[Gen 9] Anything Goes","log":"|j|\u2606Outdated Puppet\n|j|\u203dbb\/c who're?\n|t:|1700665879\n|gametype|singles\n|player|p1|Outdated Puppet|169|1339\n|player|p2|bb\/c who're?|waitress-gen4|1492\n|teamsize|p1|6\n|teamsize|p2|6\n|gen|9\n|tier|[Gen 9] Anything Goes\n|rated|\n|rule|HP Percentage Mod: HP is shown in percentages\n|rule|Endless Battle Clause: Forcing endless battles is banned\n|clearpoke\n|poke|p1|Clefable, F|\n|poke|p1|Toxapex, F|\n|poke|p1|Tyranitar, F|\n|poke|p1|Scovillain, F|\n|poke|p1|Quagsire, M|\n|poke|p1|Blissey, F|\n|poke|p2|Ribombee, F|\n|poke|p2|Calyrex-Shadow|\n|poke|p2|Koraidon|\n|poke|p2|Arceus|\n|poke|p2|Zacian-*|\n|poke|p2|Eternatus|\n|teampreview\n|inactive|Battle timer is ON: inactive players will automatically lose when time's up. (requested by bb\/c who're?)\n|\n|t:|1700665885\n|start\n|switch|p1a: Scovillain|Scovillain, F|100\/100\n|switch|p2a: Ribombee|Ribombee, F|100\/100\n|turn|1\n|inactive|bb\/c who're? has 120 seconds left.\n|\n|t:|1700665917\n|move|p2a: Ribombee|Stun Spore|p1a: Scovillain\n|-immune|p1a: Scovillain\n|move|p1a: Scovillain|Leech Seed|p2a: Ribombee|[miss]\n|-miss|p1a: Scovillain|p2a: Ribombee\n|\n|-ability|p1a: Scovillain|Moody|boost\n|-boost|p1a: Scovillain|spa|2\n|-unboost|p1a: Scovillain|def|1\n|upkeep\n|turn|2\n|\n|t:|1700665938\n|move|p2a: Ribombee|U-turn|p1a: Scovillain\n|-damage|p1a: Scovillain|66\/100\n|\n|t:|1700665940\n|switch|p2a: Arceus|Arceus|100\/100|[from] U-turn\n|move|p1a: Scovillain|Flamethrower|p2a: Arceus\n|-damage|p2a: Arceus|53\/100\n|\n|-heal|p1a: Scovillain|72\/100|[from] item: Leftovers\n|-ability|p1a: Scovillain|Moody|boost\n|-boost|p1a: Scovillain|spe|2\n|-unboost|p1a: Scovillain|def|1\n|upkeep\n|turn|3\n|\n|t:|1700665951\n|move|p1a: Scovillain|Protect|p1a: Scovillain\n|-singleturn|p1a: Scovillain|Protect\n|move|p2a: Arceus|Extreme Speed|p1a: Scovillain\n|-activate|p1a: Scovillain|move: Protect\n|\n|-heal|p1a: Scovillain|78\/100|[from] item: Leftovers\n|-ability|p1a: Scovillain|Moody|boost\n|-boost|p1a: Scovillain|spe|2\n|-unboost|p1a: Scovillain|def|1\n|upkeep\n|turn|4\n|\n|t:|1700665961\n|move|p2a: Arceus|Extreme Speed|p1a: Scovillain\n|-damage|p1a: Scovillain|0 fnt\n|faint|p1a: Scovillain\n|\n|upkeep\n|\n|t:|1700665965\n|switch|p1a: Toxapex|Toxapex, F|100\/100\n|turn|5\n|\n|t:|1700665969\n|switch|p2a: Calyrex|Calyrex-Shadow|100\/100\n|-ability|p2a: Calyrex|As One\n|-ability|p2a: Calyrex|Unnerve\n|move|p1a: Toxapex|Infestation|p2a: Calyrex\n|-damage|p2a: Calyrex|98\/100\n|-activate|p2a: Calyrex|move: Infestation|[of] p1a: Toxapex\n|\n|-damage|p2a: Calyrex|85\/100|[from] move: Infestation|[partiallytrapped]\n|upkeep\n|turn|6\n|\n|t:|1700665974\n|move|p1a: Toxapex|Baneful Bunker|p1a: Toxapex\n|-singleturn|p1a: Toxapex|move: Protect\n|move|p2a: Calyrex|Nasty Plot|p2a: Calyrex\n|-boost|p2a: Calyrex|spa|2\n|\n|-damage|p2a: Calyrex|73\/100|[from] move: Infestation|[partiallytrapped]\n|upkeep\n|turn|7\n|\n|t:|1700665977\n|switch|p1a: Tyranitar|Tyranitar, F|100\/100\n|-weather|Sandstorm|[from] ability: Sand Stream|[of] p1a: Tyranitar\n|move|p2a: Calyrex|Psychic|p1a: Tyranitar\n|-immune|p1a: Tyranitar\n|\n|-weather|Sandstorm|[upkeep]\n|-damage|p2a: Calyrex|67\/100|[from] Sandstorm\n|-end|p2a: Calyrex|Infestation|[partiallytrapped]|[silent]\n|upkeep\n|turn|8\n|\n|t:|1700665979\n|move|p2a: Calyrex|Grass Knot|p1a: Tyranitar\n|-supereffective|p1a: Tyranitar\n|-crit|p1a: Tyranitar\n|-damage|p1a: Tyranitar|0 fnt\n|faint|p1a: Tyranitar\n|-ability|p2a: Calyrex|Grim Neigh|boost\n|-boost|p2a: Calyrex|spa|1\n|-damage|p2a: Calyrex|57\/100|[from] item: Life Orb\n|\n|-weather|Sandstorm|[upkeep]\n|-damage|p2a: Calyrex|51\/100|[from] Sandstorm\n|upkeep\n|\n|t:|1700665987\n|switch|p1a: Blissey|Blissey, F|100\/100\n|turn|9\n|\n|t:|1700666008\n|switch|p2a: Zacian|Zacian-Crowned|100\/100\n|-ability|p2a: Zacian|Intrepid Sword|boost\n|-boost|p2a: Zacian|atk|1\n|switch|p1a: Clefable|Clefable, F|100\/100\n|\n|-weather|Sandstorm|[upkeep]\n|-damage|p1a: Clefable|94\/100|[from] Sandstorm\n|-heal|p1a: Clefable|100\/100|[from] item: Leftovers\n|upkeep\n|turn|10\n|\n|t:|1700666018\n|switch|p1a: Quagsire|Quagsire, M|100\/100\n|move|p2a: Zacian|Behemoth Blade|p1a: Quagsire\n|-resisted|p1a: Quagsire\n|-damage|p1a: Quagsire|72\/100\n|\n|-weather|Sandstorm|[upkeep]\n|upkeep\n|turn|11\n|\n|t:|1700666021\n|move|p2a: Zacian|Trailblaze|p1a: Quagsire\n|-supereffective|p1a: Quagsire\n|-damage|p1a: Quagsire|0 fnt\n|-boost|p2a: Zacian|spe|1\n|faint|p1a: Quagsire\n|\n|-weather|none\n|upkeep\n|-message|Outdated Puppet forfeited.\n|\n|win|bb\/c who're?\n|raw|Outdated Puppet's rating: 1339 &rarr; <strong>1329<\/strong><br \/>(-10 for losing)\n|raw|bb&#x2f;c who&apos;re?'s rating: 1522 &rarr; <strong>1532<\/strong><br \/>(+10 for winning)\n|l|\u2606Outdated Puppet\n","uploadtime":1700666038,"views":0,"p1id":"outdatedpuppet","p2id":"bbcwhore","formatid":"gen9anythinggoes","rating":1329,"private":0,"password":""}