{"id":"gen9anythinggoes-1996124800","p1":"TheWafflwz","p2":"arch-herobrine","format":"[Gen 9] Anything Goes","log":"|j|\u2606TheWafflwz\n|j|\u2606arch-herobrine\n|t:|1700647918\n|gametype|singles\n|player|p1|TheWafflwz|mallow-masters|1191\n|player|p2|arch-herobrine|red|1194\n|teamsize|p1|6\n|teamsize|p2|6\n|gen|9\n|tier|[Gen 9] Anything Goes\n|rated|\n|rule|HP Percentage Mod: HP is shown in percentages\n|rule|Endless Battle Clause: Forcing endless battles is banned\n|clearpoke\n|poke|p1|Shaymin-Sky|\n|poke|p1|Shaymin-Sky|\n|poke|p1|Shaymin-Sky|\n|poke|p1|Shaymin-Sky|\n|poke|p1|Shaymin-Sky|\n|poke|p1|Shaymin-Sky|\n|poke|p2|Regieleki|\n|poke|p2|Regieleki|\n|poke|p2|Regieleki|\n|poke|p2|Regieleki|\n|poke|p2|Ogerpon-Hearthflame, F|\n|poke|p2|Amoonguss, F|\n|teampreview\n|inactive|Battle timer is ON: inactive players will automatically lose when time's up. (requested by TheWafflwz)\n|inactive|arch-herobrine also wants the timer to be on.\n|\n|t:|1700647930\n|start\n|switch|p1a: Shaymin|Shaymin-Sky, shiny|100\/100\n|switch|p2a: Regieleki|Regieleki|100\/100\n|turn|1\n|\n|t:|1700647937\n|move|p1a: Shaymin|Air Slash|p2a: Regieleki\n|-resisted|p2a: Regieleki\n|-damage|p2a: Regieleki|76\/100\n|cant|p2a: Regieleki|flinch\n|\n|upkeep\n|turn|2\n|\n|t:|1700647942\n|move|p1a: Shaymin|Air Slash|p2a: Regieleki\n|-resisted|p2a: Regieleki\n|-damage|p2a: Regieleki|53\/100\n|cant|p2a: Regieleki|flinch\n|\n|upkeep\n|turn|3\n|\n|t:|1700647956\n|switch|p2a: Regieleki|Regieleki|100\/100\n|move|p1a: Shaymin|Air Slash|p2a: Regieleki\n|-resisted|p2a: Regieleki\n|-damage|p2a: Regieleki|64\/100\n|\n|upkeep\n|turn|4\n|\n|t:|1700647962\n|-terastallize|p2a: Regieleki|Normal\n|move|p2a: Regieleki|Extreme Speed|p1a: Shaymin\n|-damage|p1a: Shaymin|28\/100\n|move|p1a: Shaymin|Air Slash|p2a: Regieleki\n|-crit|p2a: Regieleki\n|-damage|p2a: Regieleki|0 fnt\n|faint|p2a: Regieleki\n|\n|upkeep\n|\n|t:|1700647971\n|switch|p2a: Regieleki|Regieleki|100\/100\n|turn|5\n|\n|t:|1700647974\n|move|p1a: Shaymin|Air Slash|p2a: Regieleki\n|-resisted|p2a: Regieleki\n|-damage|p2a: Regieleki|64\/100\n|move|p2a: Regieleki|Tera Blast|p1a: Shaymin\n|-damage|p1a: Shaymin|0 fnt\n|faint|p1a: Shaymin\n|\n|-heal|p2a: Regieleki|70\/100|[from] item: Leftovers\n|upkeep\n|\n|t:|1700647980\n|switch|p1a: Shaymin|Shaymin-Sky, shiny|100\/100\n|turn|6\n|\n|t:|1700647984\n|move|p1a: Shaymin|Air Slash|p2a: Regieleki\n|-resisted|p2a: Regieleki\n|-damage|p2a: Regieleki|34\/100\n|move|p2a: Regieleki|Thunderbolt|p1a: Shaymin\n|-damage|p1a: Shaymin|32\/100\n|\n|-heal|p2a: Regieleki|40\/100|[from] item: Leftovers\n|upkeep\n|turn|7\n|\n|t:|1700647992\n|move|p1a: Shaymin|Air Slash|p2a: Regieleki\n|-resisted|p2a: Regieleki\n|-damage|p2a: Regieleki|3\/100\n|move|p2a: Regieleki|Thunderbolt|p1a: Shaymin\n|-damage|p1a: Shaymin|0 fnt\n|faint|p1a: Shaymin\n|\n|-heal|p2a: Regieleki|9\/100|[from] item: Leftovers\n|upkeep\n|\n|t:|1700647995\n|switch|p1a: Shaymin|Shaymin-Sky, shiny|100\/100\n|turn|8\n|\n|t:|1700648003\n|switch|p2a: Regieleki|Regieleki|53\/100\n|move|p1a: Shaymin|Air Slash|p2a: Regieleki\n|-resisted|p2a: Regieleki\n|-damage|p2a: Regieleki|29\/100\n|\n|upkeep\n|turn|9\n|\n|t:|1700648009\n|move|p1a: Shaymin|Air Slash|p2a: Regieleki\n|-resisted|p2a: Regieleki\n|-damage|p2a: Regieleki|5\/100\n|move|p2a: Regieleki|Light Screen|p2a: Regieleki\n|-sidestart|p2: arch-herobrine|move: Light Screen\n|\n|upkeep\n|turn|10\n|\n|t:|1700648014\n|move|p1a: Shaymin|Air Slash|p2a: Regieleki\n|-resisted|p2a: Regieleki\n|-damage|p2a: Regieleki|0 fnt\n|faint|p2a: Regieleki\n|\n|upkeep\n|\n|t:|1700648018\n|switch|p2a: Regieleki|Regieleki|9\/100\n|turn|11\n|\n|t:|1700648021\n|move|p1a: Shaymin|Air Slash|p2a: Regieleki\n|-resisted|p2a: Regieleki\n|-damage|p2a: Regieleki|0 fnt\n|faint|p2a: Regieleki\n|\n|upkeep\n|\n|t:|1700648025\n|switch|p2a: Regieleki|Regieleki|100\/100\n|turn|12\n|\n|t:|1700648028\n|move|p1a: Shaymin|Air Slash|p2a: Regieleki\n|-resisted|p2a: Regieleki\n|-damage|p2a: Regieleki|83\/100\n|move|p2a: Regieleki|Thunder|p1a: Shaymin\n|-damage|p1a: Shaymin|7\/100\n|-status|p1a: Shaymin|par\n|\n|-heal|p2a: Regieleki|89\/100|[from] item: Leftovers\n|upkeep\n|turn|13\n|\n|t:|1700648037\n|move|p2a: Regieleki|Charge Beam|p1a: Shaymin\n|-damage|p1a: Shaymin|0 fnt\n|-boost|p2a: Regieleki|spa|1\n|faint|p1a: Shaymin\n|\n|-heal|p2a: Regieleki|95\/100|[from] item: Leftovers\n|upkeep\n|\n|t:|1700648044\n|switch|p1a: Shaymin|Shaymin-Sky, shiny|100\/100\n|turn|14\n|\n|t:|1700648046\n|move|p1a: Shaymin|Air Slash|p2a: Regieleki\n|-resisted|p2a: Regieleki\n|-damage|p2a: Regieleki|78\/100\n|move|p2a: Regieleki|Thunder|p1a: Shaymin\n|-damage|p1a: Shaymin|0 fnt\n|faint|p1a: Shaymin\n|\n|-heal|p2a: Regieleki|84\/100|[from] item: Leftovers\n|upkeep\n|\n|t:|1700648051\n|switch|p1a: Shaymin|Shaymin-Sky, shiny|100\/100\n|turn|15\n|\n|t:|1700648056\n|move|p1a: Shaymin|Air Slash|p2a: Regieleki\n|-resisted|p2a: Regieleki\n|-damage|p2a: Regieleki|66\/100\n|move|p2a: Regieleki|Thunder|p1a: Shaymin\n|-damage|p1a: Shaymin|0 fnt\n|faint|p1a: Shaymin\n|\n|-heal|p2a: Regieleki|72\/100|[from] item: Leftovers\n|upkeep\n|\n|t:|1700648060\n|switch|p1a: Shaymin|Shaymin-Sky, shiny|100\/100\n|turn|16\n|\n|t:|1700648066\n|move|p1a: Shaymin|Air Slash|p2a: Regieleki\n|-resisted|p2a: Regieleki\n|-damage|p2a: Regieleki|53\/100\n|move|p2a: Regieleki|Thunder|p1a: Shaymin\n|-damage|p1a: Shaymin|0 fnt\n|faint|p1a: Shaymin\n|\n|win|arch-herobrine\n|raw|TheWafflwz's rating: 1191 &rarr; <strong>1166<\/strong><br \/>(-25 for losing)\n|raw|arch-herobrine's rating: 1194 &rarr; <strong>1219<\/strong><br \/>(+25 for winning)\n|l|\u2606TheWafflwz\n","uploadtime":1700648079,"views":8,"p1id":"thewafflwz","p2id":"archherobrine","formatid":"gen9anythinggoes","rating":1166,"private":0,"password":""}