{"id":"gen9anythinggoes-1981120674","p1":"trotman","p2":"Berserker024","format":"[Gen 9] Anything Goes","log":"|j|\u2606trotman\n|j|\u2606Berserker024\n|t:|1698865171\n|gametype|singles\n|player|p1|trotman|brycenman|1195\n|player|p2|Berserker024|hilbert-wonderlauncher|1187\n|teamsize|p1|6\n|teamsize|p2|6\n|gen|9\n|tier|[Gen 9] Anything Goes\n|rated|\n|rule|HP Percentage Mod: HP is shown in percentages\n|rule|Endless Battle Clause: Forcing endless battles is banned\n|clearpoke\n|poke|p1|Ogerpon, F|\n|poke|p1|Okidogi, M|\n|poke|p1|Regieleki|\n|poke|p1|Kingambit, M|\n|poke|p1|Palafin, F|\n|poke|p1|Chi-Yu|\n|poke|p2|Garchomp, F|\n|poke|p2|Greninja-*, M|\n|poke|p2|Slither Wing|\n|poke|p2|Charizard, M|\n|poke|p2|Gengar, M|\n|poke|p2|Lucario, M|\n|teampreview\n|\n|t:|1698865174\n|start\n|switch|p1a: Palafin|Palafin, F, shiny|100\/100\n|switch|p2a: Garchomp|Garchomp, F|100\/100\n|turn|1\n|\n|t:|1698865180\n|move|p2a: Garchomp|Swords Dance|p2a: Garchomp\n|-boost|p2a: Garchomp|atk|2\n|move|p1a: Palafin|Flip Turn|p2a: Garchomp\n|-damage|p2a: Garchomp|72\/100\n|-damage|p1a: Palafin|88\/100|[from] ability: Rough Skin|[of] p2a: Garchomp\n|\n|t:|1698865195\n|detailschange|p1a: Palafin|Palafin-Hero, F, shiny\n|switch|p1a: Regieleki|Regieleki, shiny|100\/100|[from] Flip Turn\n|\n|upkeep\n|turn|2\n|\n|t:|1698865200\n|-terastallize|p1a: Regieleki|Ice\n|move|p1a: Regieleki|Tera Blast|p2a: Garchomp|[anim] Tera Blast Ice\n|-supereffective|p2a: Garchomp\n|-damage|p2a: Garchomp|0 fnt\n|faint|p2a: Garchomp\n|-damage|p1a: Regieleki|91\/100|[from] item: Life Orb\n|\n|upkeep\n|\n|t:|1698865208\n|switch|p2a: Slither Wing|Slither Wing|100\/100\n|-enditem|p2a: Slither Wing|Booster Energy\n|-activate|p2a: Slither Wing|ability: Protosynthesis|[fromitem]\n|-start|p2a: Slither Wing|protosynthesisatk\n|turn|3\n|\n|t:|1698865214\n|move|p1a: Regieleki|Volt Switch|p2a: Slither Wing\n|-damage|p2a: Slither Wing|50\/100\n|-damage|p1a: Regieleki|81\/100|[from] item: Life Orb\n|\n|t:|1698865221\n|switch|p1a: Okidogi|Okidogi, M|100\/100|[from] Volt Switch\n|move|p2a: Slither Wing|Flame Charge|p1a: Okidogi\n|-damage|p1a: Okidogi|78\/100\n|-boost|p2a: Slither Wing|spe|1\n|\n|upkeep\n|turn|4\n|\n|t:|1698865234\n|move|p2a: Slither Wing|Acrobatics|p1a: Okidogi\n|-supereffective|p1a: Okidogi\n|-damage|p1a: Okidogi|0 fnt\n|faint|p1a: Okidogi\n|\n|upkeep\n|\n|t:|1698865240\n|switch|p1a: Regieleki|Regieleki, shiny, tera:Ice|81\/100\n|turn|5\n|\n|t:|1698865242\n|move|p1a: Regieleki|Volt Switch|p2a: Slither Wing\n|-damage|p2a: Slither Wing|0 fnt\n|faint|p2a: Slither Wing\n|-end|p2a: Slither Wing|Protosynthesis|[silent]\n|-damage|p1a: Regieleki|71\/100|[from] item: Life Orb\n|\n|t:|1698865253\n|switch|p1a: Palafin|Palafin-Hero, F, shiny|88\/100|[from] Volt Switch\n|-activate|p1a: Palafin|ability: Zero to Hero\n|\n|upkeep\n|\n|t:|1698865264\n|switch|p2a: Greninja|Greninja, M|100\/100\n|turn|6\n|\n|t:|1698865269\n|move|p2a: Greninja|Ice Beam|p1a: Palafin\n|-resisted|p1a: Palafin\n|-damage|p1a: Palafin|74\/100\n|move|p1a: Palafin|Close Combat|p2a: Greninja\n|-supereffective|p2a: Greninja\n|-damage|p2a: Greninja|0 fnt\n|-unboost|p1a: Palafin|def|1\n|-unboost|p1a: Palafin|spd|1\n|faint|p2a: Greninja\n|\n|upkeep\n|\n|t:|1698865279\n|switch|p2a: Gengar|Gengar, M|100\/100\n|turn|7\n|\n|t:|1698865284\n|switch|p1a: Kingambit|Kingambit, M, shiny|100\/100\n|move|p2a: Gengar|Giga Drain|p1a: Kingambit\n|-resisted|p1a: Kingambit\n|-damage|p1a: Kingambit|84\/100\n|-damage|p2a: Gengar|91\/100|[from] item: Life Orb\n|\n|-heal|p1a: Kingambit|90\/100|[from] item: Leftovers\n|upkeep\n|turn|8\n|\n|t:|1698865294\n|move|p2a: Gengar|Dazzling Gleam|p1a: Kingambit\n|-damage|p1a: Kingambit|54\/100\n|-damage|p2a: Gengar|81\/100|[from] item: Life Orb\n|move|p1a: Kingambit|Stealth Rock|p2a: Gengar\n|-sidestart|p2: Berserker024|move: Stealth Rock\n|\n|-heal|p1a: Kingambit|60\/100|[from] item: Leftovers\n|upkeep\n|turn|9\n|\n|t:|1698865302\n|move|p2a: Gengar|Dazzling Gleam|p1a: Kingambit\n|-damage|p1a: Kingambit|23\/100\n|-damage|p2a: Gengar|71\/100|[from] item: Life Orb\n|move|p1a: Kingambit|Iron Head|p2a: Gengar\n|-damage|p2a: Gengar|0 fnt\n|faint|p2a: Gengar\n|\n|-heal|p1a: Kingambit|29\/100|[from] item: Leftovers\n|upkeep\n|\n|t:|1698865310\n|switch|p2a: Charizard|Charizard, M|100\/100\n|turn|10\n|\n|t:|1698865321\n|move|p2a: Charizard|Ancient Power|p1a: Kingambit\n|-resisted|p1a: Kingambit\n|-damage|p1a: Kingambit|21\/100\n|move|p1a: Kingambit|Thunder Wave|p2a: Charizard\n|-status|p2a: Charizard|par\n|\n|-heal|p1a: Kingambit|27\/100|[from] item: Leftovers\n|upkeep\n|turn|11\n|\n|t:|1698865328\n|move|p2a: Charizard|Flamethrower|p1a: Kingambit\n|-supereffective|p1a: Kingambit\n|-damage|p1a: Kingambit|0 fnt\n|faint|p1a: Kingambit\n|\n|upkeep\n|\n|t:|1698865333\n|switch|p1a: Palafin|Palafin-Hero, F, shiny|74\/100\n|turn|12\n|\n|t:|1698865337\n|-terastallize|p2a: Charizard|Dragon\n|move|p1a: Palafin|Jet Punch|p2a: Charizard\n|-resisted|p2a: Charizard\n|-damage|p2a: Charizard|62\/100 par\n|move|p2a: Charizard|Hurricane|p1a: Palafin\n|-damage|p1a: Palafin|18\/100\n|\n|upkeep\n|turn|13\n|\n|t:|1698865345\n|move|p1a: Palafin|Jet Punch|p2a: Charizard\n|-resisted|p2a: Charizard\n|-damage|p2a: Charizard|25\/100 par\n|cant|p2a: Charizard|par\n|\n|upkeep\n|turn|14\n|\n|t:|1698865350\n|move|p1a: Palafin|Jet Punch|p2a: Charizard\n|-resisted|p2a: Charizard\n|-damage|p2a: Charizard|0 fnt\n|faint|p2a: Charizard\n|\n|upkeep\n|\n|t:|1698865354\n|switch|p2a: Lucario|Lucario, M|100\/100\n|-damage|p2a: Lucario|98\/100|[from] Stealth Rock\n|turn|15\n|\n|t:|1698865359\n|move|p1a: Palafin|Jet Punch|p2a: Lucario\n|-crit|p2a: Lucario\n|-damage|p2a: Lucario|0 fnt\n|faint|p2a: Lucario\n|\n|win|trotman\n|raw|trotman's rating: 1195 &rarr; <strong>1219<\/strong><br \/>(+24 for winning)\n|raw|Berserker024's rating: 1187 &rarr; <strong>1163<\/strong><br \/>(-24 for losing)\n|l|\u2606Berserker024\n","uploadtime":1698865371,"views":8,"p1id":"trotman","p2id":"berserker024","formatid":"gen9anythinggoes","rating":1163,"private":0,"password":""}