{"id":"gen9anythinggoes-1982309890","p1":"Mac Moist","p2":"HauTheDoggo","format":"[Gen 9] Anything Goes","log":"|j|\u2606Mac Moist\n|j|\u2606HauTheDoggo\n|t:|1698994713\n|gametype|singles\n|player|p1|Mac Moist|pokemaniac|1596\n|player|p2|HauTheDoggo|170|1527\n|teamsize|p1|6\n|teamsize|p2|6\n|gen|9\n|tier|[Gen 9] Anything Goes\n|rated|\n|rule|HP Percentage Mod: HP is shown in percentages\n|rule|Endless Battle Clause: Forcing endless battles is banned\n|clearpoke\n|poke|p1|Koraidon|\n|poke|p1|Arceus|\n|poke|p1|Clodsire, M|\n|poke|p1|Calyrex-Shadow|\n|poke|p1|Chien-Pao|\n|poke|p1|Ditto|\n|poke|p2|Clodsire, M|\n|poke|p2|Florges-Yellow, F|\n|poke|p2|Iron Treads|\n|poke|p2|Scream Tail|\n|poke|p2|Dondozo, M|\n|poke|p2|Garganacl, M|\n|teampreview\n|\n|t:|1698994742\n|start\n|switch|p1a: Clodsire|Clodsire, M|100\/100\n|switch|p2a: Scream Tail|Scream Tail|100\/100\n|turn|1\n|\n|t:|1698994750\n|-end|p2a: Scream Tail|Protosynthesis|[silent]\n|switch|p2a: Garganacl|Garganacl, M|100\/100\n|move|p1a: Clodsire|Gunk Shot|p2a: Garganacl\n|-resisted|p2a: Garganacl\n|-damage|p2a: Garganacl|92\/100\n|\n|-heal|p2a: Garganacl|99\/100|[from] item: Leftovers\n|upkeep\n|turn|2\n|\n|t:|1698994757\n|move|p2a: Garganacl|Salt Cure|p1a: Clodsire\n|-resisted|p1a: Clodsire\n|-damage|p1a: Clodsire|95\/100\n|-start|p1a: Clodsire|Salt Cure\n|move|p1a: Clodsire|Earthquake|p2a: Garganacl\n|-supereffective|p2a: Garganacl\n|-damage|p2a: Garganacl|68\/100\n|\n|-heal|p2a: Garganacl|75\/100|[from] item: Leftovers\n|-heal|p1a: Clodsire|100\/100|[from] item: Leftovers\n|-damage|p1a: Clodsire|88\/100|[from] Salt Cure\n|upkeep\n|turn|3\n|\n|t:|1698994768\n|move|p2a: Garganacl|Block|p1a: Clodsire\n|-activate|p1a: Clodsire|trapped\n|move|p1a: Clodsire|Earthquake|p2a: Garganacl\n|-supereffective|p2a: Garganacl\n|-damage|p2a: Garganacl|46\/100\n|\n|-heal|p2a: Garganacl|52\/100|[from] item: Leftovers\n|-heal|p1a: Clodsire|94\/100|[from] item: Leftovers\n|-damage|p1a: Clodsire|82\/100|[from] Salt Cure\n|upkeep\n|turn|4\n|\n|t:|1698994778\n|move|p2a: Garganacl|Recover|p2a: Garganacl\n|-heal|p2a: Garganacl|100\/100\n|move|p1a: Clodsire|Earthquake|p2a: Garganacl\n|-supereffective|p2a: Garganacl\n|-damage|p2a: Garganacl|73\/100\n|\n|-heal|p2a: Garganacl|79\/100|[from] item: Leftovers\n|-heal|p1a: Clodsire|88\/100|[from] item: Leftovers\n|-damage|p1a: Clodsire|75\/100|[from] Salt Cure\n|upkeep\n|turn|5\n|\n|t:|1698994788\n|move|p2a: Garganacl|Fissure|p1a: Clodsire|[miss]\n|-miss|p2a: Garganacl|p1a: Clodsire\n|move|p1a: Clodsire|Stealth Rock|p2a: Garganacl\n|-sidestart|p2: HauTheDoggo|move: Stealth Rock\n|\n|-heal|p2a: Garganacl|86\/100|[from] item: Leftovers\n|-heal|p1a: Clodsire|82\/100|[from] item: Leftovers\n|-damage|p1a: Clodsire|69\/100|[from] Salt Cure\n|upkeep\n|turn|6\n|\n|t:|1698994797\n|move|p2a: Garganacl|Fissure|p1a: Clodsire|[miss]\n|-miss|p2a: Garganacl|p1a: Clodsire\n|move|p1a: Clodsire|Earthquake|p2a: Garganacl\n|-supereffective|p2a: Garganacl\n|-crit|p2a: Garganacl\n|-damage|p2a: Garganacl|45\/100\n|\n|-heal|p2a: Garganacl|51\/100|[from] item: Leftovers\n|-heal|p1a: Clodsire|75\/100|[from] item: Leftovers\n|-damage|p1a: Clodsire|63\/100|[from] Salt Cure\n|upkeep\n|turn|7\n|\n|t:|1698994806\n|move|p2a: Garganacl|Recover|p2a: Garganacl\n|-heal|p2a: Garganacl|100\/100\n|move|p1a: Clodsire|Earthquake|p2a: Garganacl\n|-supereffective|p2a: Garganacl\n|-damage|p2a: Garganacl|72\/100\n|\n|-heal|p2a: Garganacl|78\/100|[from] item: Leftovers\n|-heal|p1a: Clodsire|69\/100|[from] item: Leftovers\n|-damage|p1a: Clodsire|57\/100|[from] Salt Cure\n|upkeep\n|turn|8\n|\n|t:|1698994816\n|move|p2a: Garganacl|Fissure|p1a: Clodsire|[miss]\n|-miss|p2a: Garganacl|p1a: Clodsire\n|move|p1a: Clodsire|Earthquake|p2a: Garganacl\n|-supereffective|p2a: Garganacl\n|-damage|p2a: Garganacl|50\/100\n|\n|-heal|p2a: Garganacl|56\/100|[from] item: Leftovers\n|-heal|p1a: Clodsire|63\/100|[from] item: Leftovers\n|-damage|p1a: Clodsire|50\/100|[from] Salt Cure\n|upkeep\n|turn|9\n|\n|t:|1698994825\n|move|p2a: Garganacl|Recover|p2a: Garganacl\n|-heal|p2a: Garganacl|100\/100\n|move|p1a: Clodsire|Recover|p1a: Clodsire\n|-heal|p1a: Clodsire|100\/100\n|\n|-damage|p1a: Clodsire|88\/100|[from] Salt Cure\n|upkeep\n|turn|10\n|\n|t:|1698994832\n|move|p2a: Garganacl|Fissure|p1a: Clodsire|[miss]\n|-miss|p2a: Garganacl|p1a: Clodsire\n|move|p1a: Clodsire|Earthquake|p2a: Garganacl\n|-supereffective|p2a: Garganacl\n|-damage|p2a: Garganacl|72\/100\n|\n|-heal|p2a: Garganacl|78\/100|[from] item: Leftovers\n|-heal|p1a: Clodsire|94\/100|[from] item: Leftovers\n|-damage|p1a: Clodsire|82\/100|[from] Salt Cure\n|upkeep\n|turn|11\n|\n|t:|1698994842\n|move|p2a: Garganacl|Fissure|p1a: Clodsire\n|-damage|p1a: Clodsire|0 fnt\n|faint|p1a: Clodsire\n|-ohko\n|\n|-heal|p2a: Garganacl|85\/100|[from] item: Leftovers\n|upkeep\n|\n|t:|1698994852\n|switch|p1a: Koraidon|Koraidon|100\/100\n|-weather|SunnyDay|[from] ability: Orichalcum Pulse|[of] p1a: Koraidon\n|-activate|p1a: Koraidon|Orichalcum Pulse|[source]\n|turn|12\n|\n|t:|1698994858\n|switch|p2a: Scream Tail|Scream Tail|100\/100\n|-damage|p2a: Scream Tail|88\/100|[from] Stealth Rock\n|-activate|p2a: Scream Tail|ability: Protosynthesis\n|-start|p2a: Scream Tail|protosynthesisdef\n|move|p1a: Koraidon|Swords Dance|p1a: Koraidon\n|-boost|p1a: Koraidon|atk|2\n|\n|-weather|SunnyDay|[upkeep]\n|upkeep\n|turn|13\n|\n|t:|1698994870\n|-terastallize|p1a: Koraidon|Fairy\n|move|p1a: Koraidon|Flame Charge|p2a: Scream Tail\n|-damage|p2a: Scream Tail|49\/100\n|-boost|p1a: Koraidon|spe|1\n|-damage|p1a: Koraidon|84\/100|[from] item: Rocky Helmet|[of] p2a: Scream Tail\n|move|p2a: Scream Tail|Stealth Rock|p1a: Koraidon\n|-sidestart|p1: Mac Moist|move: Stealth Rock\n|\n|-weather|SunnyDay|[upkeep]\n|upkeep\n|turn|14\n|\n|t:|1698994879\n|move|p1a: Koraidon|Swords Dance|p1a: Koraidon\n|-boost|p1a: Koraidon|atk|2\n|move|p2a: Scream Tail|Wish|p2a: Scream Tail\n|\n|-weather|SunnyDay|[upkeep]\n|upkeep\n|turn|15\n|\n|t:|1698994884\n|move|p2a: Scream Tail|Protect|p2a: Scream Tail\n|-singleturn|p2a: Scream Tail|Protect\n|move|p1a: Koraidon|Flame Charge|p2a: Scream Tail\n|-activate|p2a: Scream Tail|move: Protect\n|\n|-weather|SunnyDay|[upkeep]\n|-heal|p2a: Scream Tail|99\/100|[from] move: Wish|[wisher] Scream Tail\n|upkeep\n|turn|16\n|\n|t:|1698994892\n|move|p1a: Koraidon|Swords Dance|p1a: Koraidon\n|-boost|p1a: Koraidon|atk|2\n|move|p2a: Scream Tail|Wish|p2a: Scream Tail\n|\n|-weather|none\n|-end|p2a: Scream Tail|Protosynthesis\n|upkeep\n|turn|17\n|\n|t:|1698994899\n|move|p1a: Koraidon|Flame Charge|p2a: Scream Tail\n|-damage|p2a: Scream Tail|48\/100\n|-boost|p1a: Koraidon|spe|1\n|-damage|p1a: Koraidon|67\/100|[from] item: Rocky Helmet|[of] p2a: Scream Tail\n|move|p2a: Scream Tail|Dazzling Gleam|p1a: Koraidon\n|-damage|p1a: Koraidon|43\/100\n|\n|-heal|p2a: Scream Tail|98\/100|[from] move: Wish|[wisher] Scream Tail\n|upkeep\n|turn|18\n|\n|t:|1698994913\n|move|p1a: Koraidon|Flame Charge|p2a: Scream Tail\n|-damage|p2a: Scream Tail|53\/100\n|-boost|p1a: Koraidon|spe|1\n|-damage|p1a: Koraidon|26\/100|[from] item: Rocky Helmet|[of] p2a: Scream Tail\n|move|p2a: Scream Tail|Wish|p2a: Scream Tail\n|\n|upkeep\n|turn|19\n|\n|t:|1698994931\n|switch|p1a: Calyrex|Calyrex-Shadow|100\/100\n|-ability|p1a: Calyrex|As One\n|-ability|p1a: Calyrex|Unnerve\n|move|p2a: Scream Tail|Protect||[still]\n|-fail|p2a: Scream Tail\n|\n|-heal|p2a: Scream Tail|100\/100|[from] move: Wish|[wisher] Scream Tail\n|upkeep\n|turn|20\n|\n|t:|1698994940\n|move|p1a: Calyrex|Astral Barrage|p2a: Scream Tail\n|-supereffective|p2a: Scream Tail\n|-damage|p2a: Scream Tail|0 fnt\n|faint|p2a: Scream Tail\n|-end|p2a: Scream Tail|Protosynthesis|[silent]\n|-ability|p1a: Calyrex|Grim Neigh|boost\n|-boost|p1a: Calyrex|spa|1\n|\n|upkeep\n|\n|t:|1698994943\n|switch|p2a: Iron Treads|Iron Treads|100\/100\n|-damage|p2a: Iron Treads|97\/100|[from] Stealth Rock\n|turn|21\n|c|\u2606HauTheDoggo|heavy duty boots caly?\n|\n|t:|1698994953\n|-terastallize|p2a: Iron Treads|Dark\n|move|p1a: Calyrex|Astral Barrage|p2a: Iron Treads\n|-resisted|p2a: Iron Treads\n|-damage|p2a: Iron Treads|54\/100\n|move|p2a: Iron Treads|Knock Off|p1a: Calyrex\n|-supereffective|p1a: Calyrex\n|-damage|p1a: Calyrex|0 fnt\n|-enditem|p1a: Calyrex|Heavy-Duty Boots|[from] move: Knock Off|[of] p2a: Iron Treads\n|faint|p1a: Calyrex\n|\n|upkeep\n|\n|t:|1698994965\n|switch|p1a: Chien-Pao|Chien-Pao|100\/100\n|-damage|p1a: Chien-Pao|76\/100|[from] Stealth Rock\n|-ability|p1a: Chien-Pao|Sword of Ruin\n|turn|22\n|\n|t:|1698994970\n|-end|p2a: Iron Treads|Quark Drive|[silent]\n|switch|p2a: Dondozo|Dondozo, M|100\/100\n|-damage|p2a: Dondozo|88\/100|[from] Stealth Rock\n|move|p1a: Chien-Pao|Sacred Sword|p2a: Dondozo\n|-damage|p2a: Dondozo|70\/100\n|\n|-heal|p2a: Dondozo|76\/100|[from] item: Leftovers\n|upkeep\n|turn|23\n|\n|t:|1698994984\n|move|p1a: Chien-Pao|Sacred Sword|p2a: Dondozo\n|-damage|p2a: Dondozo|57\/100\n|move|p2a: Dondozo|Yawn|p1a: Chien-Pao\n|-start|p1a: Chien-Pao|move: Yawn|[of] p2a: Dondozo\n|\n|-heal|p2a: Dondozo|63\/100|[from] item: Leftovers\n|upkeep\n|turn|24\n|\n|t:|1698994992\n|switch|p1a: Ditto|Ditto|100\/100\n|-damage|p1a: Ditto|88\/100|[from] Stealth Rock\n|-transform|p1a: Ditto|p2a: Dondozo|[from] ability: Imposter\n|move|p2a: Dondozo|Body Press|p1a: Ditto\n|-damage|p1a: Ditto|64\/100\n|\n|-heal|p2a: Dondozo|69\/100|[from] item: Leftovers\n|upkeep\n|turn|25\n|\n|t:|1698995003\n|switch|p2a: Garganacl|Garganacl, M|85\/100\n|-damage|p2a: Garganacl|72\/100|[from] Stealth Rock\n|move|p1a: Ditto|Yawn|p2a: Garganacl\n|-immune|p2a: Garganacl|[from] ability: Purifying Salt\n|\n|-heal|p2a: Garganacl|78\/100|[from] item: Leftovers\n|upkeep\n|turn|26\n|\n|t:|1698995014\n|switch|p1a: Koraidon|Koraidon, tera:Fairy|26\/100\n|-damage|p1a: Koraidon|14\/100|[from] Stealth Rock\n|-weather|SunnyDay|[from] ability: Orichalcum Pulse|[of] p1a: Koraidon\n|-activate|p1a: Koraidon|Orichalcum Pulse|[source]\n|move|p2a: Garganacl|Salt Cure|p1a: Koraidon\n|-damage|p1a: Koraidon|0 fnt\n|faint|p1a: Koraidon\n|\n|-weather|SunnyDay|[upkeep]\n|-heal|p2a: Garganacl|85\/100|[from] item: Leftovers\n|upkeep\n|\n|t:|1698995028\n|switch|p1a: Arceus|Arceus|100\/100\n|-damage|p1a: Arceus|88\/100|[from] Stealth Rock\n|turn|27\n|\n|t:|1698995033\n|move|p1a: Arceus|Will-O-Wisp|p2a: Garganacl\n|-immune|p2a: Garganacl|[from] ability: Purifying Salt\n|move|p2a: Garganacl|Block|p1a: Arceus\n|-activate|p1a: Arceus|trapped\n|\n|-weather|SunnyDay|[upkeep]\n|-heal|p1a: Arceus|94\/100|[from] item: Leftovers\n|-heal|p2a: Garganacl|91\/100|[from] item: Leftovers\n|upkeep\n|turn|28\n|-message|Mac Moist forfeited.\n|\n|win|HauTheDoggo\n|raw|Mac Moist's rating: 1596 &rarr; <strong>1572<\/strong><br \/>(-24 for losing)\n|raw|HauTheDoggo's rating: 1527 &rarr; <strong>1551<\/strong><br \/>(+24 for winning)\n|l|\u2606Mac Moist\n|l|\u2606HauTheDoggo\n","uploadtime":1698995610,"views":5,"p1id":"macmoist","p2id":"hauthedoggo","formatid":"gen9anythinggoes","rating":1551,"private":0,"password":""}