{"id":"gen9anythinggoes-1994724962","p1":"pulniroe","p2":"TheShinySigilyph","format":"[Gen 9] Anything Goes","log":"|j|\u2606pulniroe\n|j|\u2606TheShinySigilyph\n|t:|1700486067\n|gametype|singles\n|player|p1|pulniroe|101|1262\n|player|p2|TheShinySigilyph|iris-gen5bw2|1167\n|teamsize|p1|6\n|teamsize|p2|6\n|gen|9\n|tier|[Gen 9] Anything Goes\n|rated|\n|rule|HP Percentage Mod: HP is shown in percentages\n|rule|Endless Battle Clause: Forcing endless battles is banned\n|clearpoke\n|poke|p1|Gholdengo|\n|poke|p1|Zacian-*|\n|poke|p1|Zacian-*|\n|poke|p1|Calyrex-Shadow|\n|poke|p1|Miraidon|\n|poke|p1|Zacian-*|\n|poke|p2|Glimmora, M|\n|poke|p2|Espathra, M|\n|poke|p2|Gliscor, M|\n|poke|p2|Calyrex-Shadow|\n|poke|p2|Giratina-Origin|\n|poke|p2|Manaphy|\n|teampreview\n|c|\u2606TheShinySigilyph|Seriously\n|\n|t:|1700486082\n|start\n|switch|p1a: Gholdengo|Gholdengo|100\/100\n|switch|p2a: Glimmora|Glimmora, M|100\/100\n|turn|1\n|\n|t:|1700486087\n|move|p1a: Gholdengo|Nasty Plot|p1a: Gholdengo\n|-boost|p1a: Gholdengo|spa|2\n|move|p2a: Glimmora|Stealth Rock|p1a: Gholdengo\n|-sidestart|p1: pulniroe|move: Stealth Rock\n|\n|upkeep\n|turn|2\n|\n|t:|1700486094\n|move|p1a: Gholdengo|Nasty Plot|p1a: Gholdengo\n|-boost|p1a: Gholdengo|spa|2\n|move|p2a: Glimmora|Spikes|p1a: Gholdengo\n|-sidestart|p1: pulniroe|Spikes\n|\n|upkeep\n|turn|3\n|\n|t:|1700486099\n|move|p1a: Gholdengo|Nasty Plot|p1a: Gholdengo\n|-boost|p1a: Gholdengo|spa|2\n|move|p2a: Glimmora|Spikes|p1a: Gholdengo\n|-sidestart|p1: pulniroe|Spikes\n|\n|upkeep\n|turn|4\n|\n|t:|1700486110\n|move|p1a: Gholdengo|Flash Cannon|p2a: Glimmora\n|-supereffective|p2a: Glimmora\n|-damage|p2a: Glimmora|0 fnt\n|faint|p2a: Glimmora\n|\n|upkeep\n|\n|t:|1700486119\n|switch|p2a: Manaphy|Manaphy|100\/100\n|turn|5\n|\n|t:|1700486122\n|move|p1a: Gholdengo|Flash Cannon|p2a: Manaphy\n|-resisted|p2a: Manaphy\n|-damage|p2a: Manaphy|46\/100\n|move|p2a: Manaphy|Heart Swap|p1a: Gholdengo\n|-immune|p1a: Gholdengo|[from] ability: Good as Gold\n|\n|upkeep\n|turn|6\n|\n|t:|1700486132\n|move|p1a: Gholdengo|Flash Cannon|p2a: Manaphy\n|-resisted|p2a: Manaphy\n|-damage|p2a: Manaphy|0 fnt\n|faint|p2a: Manaphy\n|\n|upkeep\n|c|\u2606TheShinySigilyph|Forgot about that\n|\n|t:|1700486147\n|switch|p2a: Ran out of ideas|Giratina-Origin|100\/100\n|turn|7\n|\n|t:|1700486151\n|move|p1a: Gholdengo|Flash Cannon|p2a: Ran out of ideas\n|-damage|p2a: Ran out of ideas|0 fnt\n|faint|p2a: Ran out of ideas\n|\n|upkeep\n|\n|t:|1700486155\n|switch|p2a: Limu Emu|Espathra, M|100\/100\n|turn|8\n|\n|t:|1700486158\n|move|p2a: Limu Emu|Substitute|p2a: Limu Emu\n|-start|p2a: Limu Emu|Substitute\n|-damage|p2a: Limu Emu|76\/100\n|move|p1a: Gholdengo|Flash Cannon|p2a: Limu Emu\n|-end|p2a: Limu Emu|Substitute\n|\n|-heal|p2a: Limu Emu|82\/100|[from] item: Leftovers\n|-ability|p2a: Limu Emu|Speed Boost|boost\n|-boost|p2a: Limu Emu|spe|1\n|upkeep\n|turn|9\n|\n|t:|1700486167\n|move|p2a: Limu Emu|Substitute|p2a: Limu Emu\n|-start|p2a: Limu Emu|Substitute\n|-damage|p2a: Limu Emu|57\/100\n|move|p1a: Gholdengo|Flash Cannon|p2a: Limu Emu\n|-end|p2a: Limu Emu|Substitute\n|\n|-heal|p2a: Limu Emu|63\/100|[from] item: Leftovers\n|-ability|p2a: Limu Emu|Speed Boost|boost\n|-boost|p2a: Limu Emu|spe|1\n|upkeep\n|turn|10\n|\n|t:|1700486177\n|move|p2a: Limu Emu|Substitute|p2a: Limu Emu\n|-start|p2a: Limu Emu|Substitute\n|-damage|p2a: Limu Emu|38\/100\n|move|p1a: Gholdengo|Flash Cannon|p2a: Limu Emu\n|-end|p2a: Limu Emu|Substitute\n|\n|-heal|p2a: Limu Emu|44\/100|[from] item: Leftovers\n|-ability|p2a: Limu Emu|Speed Boost|boost\n|-boost|p2a: Limu Emu|spe|1\n|upkeep\n|turn|11\n|\n|t:|1700486188\n|move|p2a: Limu Emu|Stored Power|p1a: Gholdengo\n|-resisted|p1a: Gholdengo\n|-damage|p1a: Gholdengo|80\/100\n|move|p1a: Gholdengo|Flash Cannon|p2a: Limu Emu\n|-damage|p2a: Limu Emu|0 fnt\n|faint|p2a: Limu Emu\n|\n|upkeep\n|\n|t:|1700486195\n|switch|p2a: Gliscor|Gliscor, M|100\/100\n|turn|12\n|\n|t:|1700486199\n|move|p1a: Gholdengo|Flash Cannon|p2a: Gliscor\n|-damage|p2a: Gliscor|0 fnt\n|faint|p2a: Gliscor\n|\n|upkeep\n|c|\u2606TheShinySigilyph|Gg\n|\n|t:|1700486205\n|switch|p2a: Obligatory|Calyrex-Shadow|100\/100\n|-ability|p2a: Obligatory|As One\n|-ability|p2a: Obligatory|Unnerve\n|turn|13\n|\n|t:|1700486210\n|move|p2a: Obligatory|Astral Barrage|p1a: Gholdengo\n|-supereffective|p1a: Gholdengo\n|-damage|p1a: Gholdengo|0 fnt\n|faint|p1a: Gholdengo\n|-ability|p2a: Obligatory|Grim Neigh|boost\n|-boost|p2a: Obligatory|spa|1\n|\n|upkeep\n|\n|t:|1700486218\n|switch|p1a: Miraidon|Miraidon|100\/100\n|-damage|p1a: Miraidon|88\/100|[from] Stealth Rock\n|-damage|p1a: Miraidon|72\/100|[from] Spikes\n|-fieldstart|move: Electric Terrain|[from] ability: Hadron Engine|[of] p1a: Miraidon\n|turn|14\n|\n|t:|1700486227\n|move|p2a: Obligatory|Astral Barrage|p1a: Miraidon\n|-damage|p1a: Miraidon|0 fnt\n|faint|p1a: Miraidon\n|-ability|p2a: Obligatory|Grim Neigh|boost\n|-boost|p2a: Obligatory|spa|1\n|\n|upkeep\n|\n|t:|1700486234\n|switch|p1a: Zacian|Zacian-Crowned|100\/100\n|-damage|p1a: Zacian|94\/100|[from] Stealth Rock\n|-damage|p1a: Zacian|78\/100|[from] Spikes\n|-ability|p1a: Zacian|Intrepid Sword|boost\n|-boost|p1a: Zacian|atk|1\n|turn|15\n|\n|t:|1700486241\n|move|p2a: Obligatory|Astral Barrage|p1a: Zacian\n|-damage|p1a: Zacian|0 fnt\n|faint|p1a: Zacian\n|-ability|p2a: Obligatory|Grim Neigh|boost\n|-boost|p2a: Obligatory|spa|1\n|\n|upkeep\n|\n|t:|1700486248\n|switch|p1a: Calyrex|Calyrex-Shadow|100\/100\n|-ability|p1a: Calyrex|As One\n|-ability|p1a: Calyrex|Unnerve\n|-damage|p1a: Calyrex|88\/100|[from] Stealth Rock\n|-damage|p1a: Calyrex|72\/100|[from] Spikes\n|turn|16\n|\n|t:|1700486255\n|-terastallize|p2a: Obligatory|Dark\n|move|p2a: Obligatory|Astral Barrage|p1a: Calyrex\n|-supereffective|p1a: Calyrex\n|-damage|p1a: Calyrex|0 fnt\n|faint|p1a: Calyrex\n|-ability|p2a: Obligatory|Grim Neigh|boost\n|-boost|p2a: Obligatory|spa|1\n|\n|upkeep\n|\n|t:|1700486263\n|switch|p1a: Zacian|Zacian-Crowned|100\/100\n|-damage|p1a: Zacian|94\/100|[from] Stealth Rock\n|-damage|p1a: Zacian|78\/100|[from] Spikes\n|-ability|p1a: Zacian|Intrepid Sword|boost\n|-boost|p1a: Zacian|atk|1\n|turn|17\n|\n|t:|1700486272\n|-terastallize|p1a: Zacian|Fairy\n|move|p2a: Obligatory|Astral Barrage|p1a: Zacian\n|-damage|p1a: Zacian|0 fnt\n|faint|p1a: Zacian\n|-ability|p2a: Obligatory|Grim Neigh|boost\n|-boost|p2a: Obligatory|spa|1\n|\n|upkeep\n|\n|t:|1700486279\n|switch|p1a: Zacian|Zacian-Crowned|100\/100\n|-damage|p1a: Zacian|94\/100|[from] Stealth Rock\n|-damage|p1a: Zacian|78\/100|[from] Spikes\n|-ability|p1a: Zacian|Intrepid Sword|boost\n|-boost|p1a: Zacian|atk|1\n|turn|18\n|-message|pulniroe forfeited.\n|\n|win|TheShinySigilyph\n|raw|pulniroe's rating: 1262 &rarr; <strong>1230<\/strong><br \/>(-32 for losing)\n|raw|TheShinySigilyph's rating: 1167 &rarr; <strong>1199<\/strong><br \/>(+32 for winning)\n|l|\u2606pulniroe\n","uploadtime":1700486344,"views":17,"p1id":"pulniroe","p2id":"theshinysigilyph","formatid":"gen9anythinggoes","rating":1199,"private":0,"password":""}