{"id":"gen9anythinggoes-1996648891","p1":"MentoTyler","p2":"alanger","format":"[Gen 9] Anything Goes","log":"|j|\u2606MentoTyler\n|j|\u2606alanger\n|t:|1700705017\n|gametype|singles\n|player|p1|MentoTyler|266|1121\n|player|p2|alanger|lance|1055\n|teamsize|p1|6\n|teamsize|p2|6\n|gen|9\n|tier|[Gen 9] Anything Goes\n|rated|\n|rule|HP Percentage Mod: HP is shown in percentages\n|rule|Endless Battle Clause: Forcing endless battles is banned\n|clearpoke\n|poke|p1|Groudon|\n|poke|p1|Shaymin-Sky|\n|poke|p1|Conkeldurr, M|\n|poke|p1|Toxapex, F|\n|poke|p1|Ursaluna-Bloodmoon, M|\n|poke|p1|Mewtwo|\n|poke|p2|Cinderace, M|\n|poke|p2|Quaquaval, M|\n|poke|p2|Chien-Pao|\n|poke|p2|Zamazenta-*|\n|poke|p2|Dragonite, M|\n|poke|p2|Infernape, M|\n|teampreview\n|\n|t:|1700705029\n|start\n|switch|p1a: Toxapex|Toxapex, F|100\/100\n|switch|p2a: Quaquaval|Quaquaval, M, shiny|100\/100\n|turn|1\n|l|\u2606MentoTyler\n|player|p1|\n|j|\u2606MentoTyler\n|player|p1|MentoTyler|266\n|\n|t:|1700705054\n|move|p2a: Quaquaval|Low Kick|p1a: Toxapex\n|-resisted|p1a: Toxapex\n|-crit|p1a: Toxapex\n|-damage|p1a: Toxapex|91\/100\n|-damage|p2a: Quaquaval|84\/100|[from] item: Rocky Helmet|[of] p1a: Toxapex\n|move|p1a: Toxapex|Iron Defense|p1a: Toxapex\n|-boost|p1a: Toxapex|def|2\n|\n|upkeep\n|turn|2\n|\n|t:|1700705062\n|move|p2a: Quaquaval|Ice Spinner|p1a: Toxapex\n|-resisted|p1a: Toxapex\n|-damage|p1a: Toxapex|87\/100\n|-damage|p2a: Quaquaval|67\/100|[from] item: Rocky Helmet|[of] p1a: Toxapex\n|move|p1a: Toxapex|Iron Defense|p1a: Toxapex\n|-boost|p1a: Toxapex|def|2\n|\n|upkeep\n|turn|3\n|inactive|Battle timer is ON: inactive players will automatically lose when time's up. (requested by alanger)\n|\n|t:|1700705072\n|move|p2a: Quaquaval|Aqua Step|p1a: Toxapex\n|-resisted|p1a: Toxapex\n|-damage|p1a: Toxapex|82\/100\n|-boost|p2a: Quaquaval|spe|1\n|-damage|p2a: Quaquaval|50\/100|[from] item: Rocky Helmet|[of] p1a: Toxapex\n|move|p1a: Toxapex|Substitute|p1a: Toxapex\n|-start|p1a: Toxapex|Substitute\n|-damage|p1a: Toxapex|57\/100\n|\n|upkeep\n|turn|4\n|\n|t:|1700705082\n|move|p2a: Quaquaval|Aqua Step|p1a: Toxapex\n|-resisted|p1a: Toxapex\n|-activate|p1a: Toxapex|move: Substitute|[damage]\n|-boost|p2a: Quaquaval|spe|1\n|move|p1a: Toxapex|Toxic|p2a: Quaquaval\n|-status|p2a: Quaquaval|tox\n|\n|-damage|p2a: Quaquaval|44\/100 tox|[from] psn\n|upkeep\n|turn|5\n|\n|t:|1700705092\n|switch|p2a: Chien-Pao|Chien-Pao|100\/100\n|-ability|p2a: Chien-Pao|Sword of Ruin\n|move|p1a: Toxapex|Recover|p1a: Toxapex\n|-heal|p1a: Toxapex|100\/100\n|\n|upkeep\n|turn|6\n|\n|t:|1700705100\n|move|p2a: Chien-Pao|Ice Shard|p1a: Toxapex\n|-resisted|p1a: Toxapex\n|-activate|p1a: Toxapex|move: Substitute|[damage]\n|move|p1a: Toxapex|Toxic|p2a: Chien-Pao\n|-status|p2a: Chien-Pao|tox\n|\n|-damage|p2a: Chien-Pao|94\/100 tox|[from] psn\n|upkeep\n|turn|7\n|\n|t:|1700705111\n|move|p1a: Toxapex|Iron Defense|p1a: Toxapex\n|-boost|p1a: Toxapex|def|2\n|move|p2a: Chien-Pao|Avalanche|p1a: Toxapex\n|-resisted|p1a: Toxapex\n|-activate|p1a: Toxapex|move: Substitute|[damage]\n|\n|-damage|p2a: Chien-Pao|82\/100 tox|[from] psn\n|upkeep\n|turn|8\n|\n|t:|1700705122\n|switch|p2a: Zamazenta|Zamazenta-Crowned|100\/100\n|-ability|p2a: Zamazenta|Dauntless Shield|boost\n|-boost|p2a: Zamazenta|def|1\n|move|p1a: Toxapex|Iron Defense|p1a: Toxapex\n|-boost|p1a: Toxapex|def|0\n|\n|upkeep\n|turn|9\n|\n|t:|1700705131\n|move|p2a: Zamazenta|Behemoth Bash|p1a: Toxapex\n|-resisted|p1a: Toxapex\n|-activate|p1a: Toxapex|move: Substitute|[damage]\n|move|p1a: Toxapex|Toxic|p2a: Zamazenta\n|-immune|p2a: Zamazenta\n|\n|upkeep\n|turn|10\n|\n|t:|1700705141\n|move|p2a: Zamazenta|Brick Break|p1a: Toxapex\n|-resisted|p1a: Toxapex\n|-activate|p1a: Toxapex|move: Substitute|[damage]\n|move|p1a: Toxapex|Iron Defense|p1a: Toxapex\n|-boost|p1a: Toxapex|def|0\n|\n|upkeep\n|turn|11\n|\n|t:|1700705148\n|move|p2a: Zamazenta|Behemoth Bash|p1a: Toxapex\n|-resisted|p1a: Toxapex\n|-activate|p1a: Toxapex|move: Substitute|[damage]\n|move|p1a: Toxapex|Iron Defense|p1a: Toxapex\n|-boost|p1a: Toxapex|def|0\n|\n|upkeep\n|turn|12\n|\n|t:|1700705155\n|move|p2a: Zamazenta|Dazzling Gleam|p1a: Toxapex\n|-resisted|p1a: Toxapex\n|-end|p1a: Toxapex|Substitute\n|move|p1a: Toxapex|Iron Defense|p1a: Toxapex\n|-boost|p1a: Toxapex|def|0\n|\n|upkeep\n|turn|13\n|\n|t:|1700705162\n|move|p2a: Zamazenta|Behemoth Bash|p1a: Toxapex\n|-resisted|p1a: Toxapex\n|-damage|p1a: Toxapex|97\/100\n|-damage|p2a: Zamazenta|84\/100|[from] item: Rocky Helmet|[of] p1a: Toxapex\n|move|p1a: Toxapex|Substitute|p1a: Toxapex\n|-start|p1a: Toxapex|Substitute\n|-damage|p1a: Toxapex|72\/100\n|\n|upkeep\n|turn|14\n|\n|t:|1700705171\n|move|p2a: Zamazenta|Brick Break|p1a: Toxapex\n|-resisted|p1a: Toxapex\n|-activate|p1a: Toxapex|move: Substitute|[damage]\n|move|p1a: Toxapex|Iron Defense|p1a: Toxapex\n|-boost|p1a: Toxapex|def|0\n|\n|upkeep\n|turn|15\n|\n|t:|1700705178\n|move|p2a: Zamazenta|Behemoth Bash|p1a: Toxapex\n|-resisted|p1a: Toxapex\n|-activate|p1a: Toxapex|move: Substitute|[damage]\n|move|p1a: Toxapex|Iron Defense|p1a: Toxapex\n|-boost|p1a: Toxapex|def|0\n|\n|upkeep\n|turn|16\n|\n|t:|1700705185\n|move|p2a: Zamazenta|Dazzling Gleam|p1a: Toxapex\n|-resisted|p1a: Toxapex\n|-activate|p1a: Toxapex|move: Substitute|[damage]\n|move|p1a: Toxapex|Iron Defense|p1a: Toxapex\n|-boost|p1a: Toxapex|def|0\n|\n|upkeep\n|turn|17\n|\n|t:|1700705193\n|switch|p2a: Dragonite|Dragonite, M|100\/100\n|move|p1a: Toxapex|Iron Defense|p1a: Toxapex\n|-boost|p1a: Toxapex|def|0\n|\n|upkeep\n|turn|18\n|\n|t:|1700705199\n|move|p2a: Dragonite|Body Press|p1a: Toxapex\n|-resisted|p1a: Toxapex\n|-activate|p1a: Toxapex|move: Substitute|[damage]\n|move|p1a: Toxapex|Toxic|p2a: Dragonite\n|-status|p2a: Dragonite|tox\n|\n|-damage|p2a: Dragonite|94\/100 tox|[from] psn\n|upkeep\n|turn|19\n|\n|t:|1700705209\n|move|p2a: Dragonite|Ice Beam|p1a: Toxapex\n|-resisted|p1a: Toxapex\n|-activate|p1a: Toxapex|move: Substitute|[damage]\n|move|p1a: Toxapex|Substitute|p1a: Toxapex\n|-fail|p1a: Toxapex|move: Substitute\n|\n|-damage|p2a: Dragonite|82\/100 tox|[from] psn\n|upkeep\n|turn|20\n|\n|t:|1700705224\n|move|p2a: Dragonite|Dragon Claw|p1a: Toxapex\n|-end|p1a: Toxapex|Substitute\n|move|p1a: Toxapex|Substitute|p1a: Toxapex\n|-start|p1a: Toxapex|Substitute\n|-damage|p1a: Toxapex|47\/100\n|\n|-damage|p2a: Dragonite|64\/100 tox|[from] psn\n|upkeep\n|turn|21\n|\n|t:|1700705233\n|move|p2a: Dragonite|Dragon Claw|p1a: Toxapex\n|-activate|p1a: Toxapex|move: Substitute|[damage]\n|move|p1a: Toxapex|Recover|p1a: Toxapex\n|-heal|p1a: Toxapex|97\/100\n|\n|-damage|p2a: Dragonite|39\/100 tox|[from] psn\n|upkeep\n|turn|22\n|\n|t:|1700705242\n|move|p2a: Dragonite|Aqua Tail|p1a: Toxapex\n|-resisted|p1a: Toxapex\n|-activate|p1a: Toxapex|move: Substitute|[damage]\n|move|p1a: Toxapex|Iron Defense|p1a: Toxapex\n|-boost|p1a: Toxapex|def|0\n|\n|-damage|p2a: Dragonite|9\/100 tox|[from] psn\n|upkeep\n|turn|23\n|\n|t:|1700705252\n|move|p2a: Dragonite|Ice Beam|p1a: Toxapex\n|-resisted|p1a: Toxapex\n|-activate|p1a: Toxapex|move: Substitute|[damage]\n|move|p1a: Toxapex|Iron Defense|p1a: Toxapex\n|-boost|p1a: Toxapex|def|0\n|\n|-damage|p2a: Dragonite|0 fnt|[from] psn\n|faint|p2a: Dragonite\n|upkeep\n|\n|t:|1700705255\n|switch|p2a: Cinderace|Cinderace, M, shiny|100\/100\n|turn|24\n|\n|t:|1700705264\n|move|p2a: Cinderace|Pyro Ball|p1a: Toxapex\n|-resisted|p1a: Toxapex\n|-activate|p1a: Toxapex|move: Substitute|[damage]\n|move|p1a: Toxapex|Toxic|p2a: Cinderace\n|-status|p2a: Cinderace|tox\n|\n|-damage|p2a: Cinderace|94\/100 tox|[from] psn\n|upkeep\n|turn|25\n|j| darkblastr\/Darx\n|\n|t:|1700705275\n|move|p2a: Cinderace|Double Kick|p1a: Toxapex\n|-resisted|p1a: Toxapex\n|-activate|p1a: Toxapex|move: Substitute|[damage]\n|-resisted|p1a: Toxapex\n|-activate|p1a: Toxapex|move: Substitute|[damage]\n|-hitcount|p1a: Toxapex|2\n|move|p1a: Toxapex|Substitute|p1a: Toxapex\n|-fail|p1a: Toxapex|move: Substitute\n|\n|-heal|p2a: Cinderace|100\/100 tox|[from] item: Leftovers\n|-damage|p2a: Cinderace|88\/100 tox|[from] psn\n|upkeep\n|turn|26\n|\n|t:|1700705287\n|move|p2a: Cinderace|Double Kick|p1a: Toxapex\n|-resisted|p1a: Toxapex\n|-end|p1a: Toxapex|Substitute\n|-resisted|p1a: Toxapex\n|-damage|p1a: Toxapex|97\/100\n|-damage|p2a: Cinderace|72\/100 tox|[from] item: Rocky Helmet|[of] p1a: Toxapex\n|-hitcount|p1a: Toxapex|2\n|move|p1a: Toxapex|Iron Defense|p1a: Toxapex\n|-boost|p1a: Toxapex|def|0\n|\n|-heal|p2a: Cinderace|78\/100 tox|[from] item: Leftovers\n|-damage|p2a: Cinderace|60\/100 tox|[from] psn\n|upkeep\n|turn|27\n|c|\u2606alanger|that's cheating\n|\n|t:|1700705301\n|move|p2a: Cinderace|Low Kick|p1a: Toxapex\n|-resisted|p1a: Toxapex\n|-damage|p1a: Toxapex|96\/100\n|-damage|p2a: Cinderace|43\/100 tox|[from] item: Rocky Helmet|[of] p1a: Toxapex\n|move|p1a: Toxapex|Substitute|p1a: Toxapex\n|-start|p1a: Toxapex|Substitute\n|-damage|p1a: Toxapex|71\/100\n|\n|-heal|p2a: Cinderace|49\/100 tox|[from] item: Leftovers\n|-damage|p2a: Cinderace|25\/100 tox|[from] psn\n|upkeep\n|turn|28\n|c| darkblastr\/Darx|this is just so funny watching my younger brother lose\n|c|\u2606MentoTyler|Lmao\n|c|\u2606alanger|cheater\n|\n|t:|1700705326\n|move|p2a: Cinderace|Pyro Ball|p1a: Toxapex\n|-resisted|p1a: Toxapex\n|-activate|p1a: Toxapex|move: Substitute|[damage]\n|move|p1a: Toxapex|Iron Defense|p1a: Toxapex\n|-boost|p1a: Toxapex|def|0\n|\n|-heal|p2a: Cinderace|31\/100 tox|[from] item: Leftovers\n|-damage|p2a: Cinderace|1\/100 tox|[from] psn\n|upkeep\n|turn|29\n|c| darkblastr\/Darx|skill issue\n|c|\u2606alanger|stop spamming the same moves over and over\n|\n|t:|1700705347\n|switch|p2a: Zamazenta|Zamazenta-Crowned|84\/100\n|move|p1a: Toxapex|Iron Defense|p1a: Toxapex\n|-boost|p1a: Toxapex|def|0\n|\n|upkeep\n|turn|30\n|\n|t:|1700705357\n|move|p2a: Zamazenta|Behemoth Bash|p1a: Toxapex\n|-resisted|p1a: Toxapex\n|-activate|p1a: Toxapex|move: Substitute|[damage]\n|move|p1a: Toxapex|Iron Defense|p1a: Toxapex\n|-boost|p1a: Toxapex|def|0\n|\n|upkeep\n|turn|31\n|\n|t:|1700705365\n|move|p2a: Zamazenta|Dazzling Gleam|p1a: Toxapex\n|-resisted|p1a: Toxapex\n|-activate|p1a: Toxapex|move: Substitute|[damage]\n|move|p1a: Toxapex|Iron Defense|p1a: Toxapex\n|-boost|p1a: Toxapex|def|0\n|\n|upkeep\n|turn|32\n|\n|t:|1700705372\n|move|p2a: Zamazenta|Brick Break|p1a: Toxapex\n|-resisted|p1a: Toxapex\n|-activate|p1a: Toxapex|move: Substitute|[damage]\n|move|p1a: Toxapex|Iron Defense|p1a: Toxapex\n|-boost|p1a: Toxapex|def|0\n|\n|upkeep\n|turn|33\n|\n|t:|1700705379\n|move|p2a: Zamazenta|Reversal|p1a: Toxapex\n|-resisted|p1a: Toxapex\n|-activate|p1a: Toxapex|move: Substitute|[damage]\n|move|p1a: Toxapex|Iron Defense|p1a: Toxapex\n|-boost|p1a: Toxapex|def|0\n|\n|upkeep\n|turn|34\n|c|\u2606MentoTyler|Add a psychic type attacker to your team\n|\n|t:|1700705401\n|move|p2a: Zamazenta|Reversal|p1a: Toxapex\n|-resisted|p1a: Toxapex\n|-activate|p1a: Toxapex|move: Substitute|[damage]\n|move|p1a: Toxapex|Iron Defense|p1a: Toxapex\n|-boost|p1a: Toxapex|def|0\n|\n|upkeep\n|turn|35\n|c|\u2606alanger|i only use rest\n|c|\u2606alanger|which doesn't do shit\n|\n|t:|1700705422\n|move|p2a: Zamazenta|Behemoth Bash|p1a: Toxapex\n|-resisted|p1a: Toxapex\n|-end|p1a: Toxapex|Substitute\n|move|p1a: Toxapex|Iron Defense|p1a: Toxapex\n|-boost|p1a: Toxapex|def|0\n|\n|upkeep\n|turn|36\n|c| darkblastr\/Darx|I have a team for him but he wont use it cuz he is that bad\n|\n|t:|1700705433\n|move|p2a: Zamazenta|Behemoth Bash|p1a: Toxapex\n|-resisted|p1a: Toxapex\n|-damage|p1a: Toxapex|67\/100\n|-damage|p2a: Zamazenta|67\/100|[from] item: Rocky Helmet|[of] p1a: Toxapex\n|move|p1a: Toxapex|Iron Defense|p1a: Toxapex\n|-boost|p1a: Toxapex|def|0\n|\n|upkeep\n|turn|37\n|c|\u2606alanger|shut up james\n|\n|t:|1700705444\n|move|p2a: Zamazenta|Reversal|p1a: Toxapex\n|-resisted|p1a: Toxapex\n|-damage|p1a: Toxapex|66\/100\n|-damage|p2a: Zamazenta|51\/100|[from] item: Rocky Helmet|[of] p1a: Toxapex\n|move|p1a: Toxapex|Iron Defense|p1a: Toxapex\n|-boost|p1a: Toxapex|def|0\n|\n|upkeep\n|turn|38\n|\n|t:|1700705452\n|move|p2a: Zamazenta|Dazzling Gleam|p1a: Toxapex\n|-resisted|p1a: Toxapex\n|-damage|p1a: Toxapex|60\/100\n|move|p1a: Toxapex|Recover|p1a: Toxapex\n|-heal|p1a: Toxapex|100\/100\n|\n|upkeep\n|turn|39\n|\n|t:|1700705462\n|move|p2a: Zamazenta|Dazzling Gleam|p1a: Toxapex\n|-resisted|p1a: Toxapex\n|-damage|p1a: Toxapex|95\/100\n|move|p1a: Toxapex|Toxic|p2a: Zamazenta\n|-immune|p2a: Zamazenta\n|\n|upkeep\n|turn|40\n|c| darkblastr\/Darx|I'm gonna tell your mom what you searched on youtube\n|\n|t:|1700705475\n|move|p2a: Zamazenta|Brick Break|p1a: Toxapex\n|-resisted|p1a: Toxapex\n|-damage|p1a: Toxapex|92\/100\n|-damage|p2a: Zamazenta|34\/100|[from] item: Rocky Helmet|[of] p1a: Toxapex\n|move|p1a: Toxapex|Substitute|p1a: Toxapex\n|-start|p1a: Toxapex|Substitute\n|-damage|p1a: Toxapex|67\/100\n|\n|upkeep\n|turn|41\n|\n|t:|1700705491\n|move|p2a: Zamazenta|Dazzling Gleam|p1a: Toxapex\n|-resisted|p1a: Toxapex\n|-activate|p1a: Toxapex|move: Substitute|[damage]\n|move|p1a: Toxapex|Toxic|p2a: Zamazenta\n|-immune|p2a: Zamazenta\n|\n|upkeep\n|turn|42\n|c|\u2606alanger|we have the same damn mother\n|\n|t:|1700705499\n|switch|p2a: Infernape|Infernape, M|100\/100\n|move|p1a: Toxapex|Toxic|p2a: Infernape\n|-status|p2a: Infernape|tox\n|\n|-damage|p2a: Infernape|94\/100 tox|[from] psn\n|upkeep\n|turn|43\n|c| darkblastr\/Darx|shut up\n|c|\u2606alanger|this is annoying\n|\n|t:|1700705512\n|move|p2a: Infernape|Flame Charge|p1a: Toxapex\n|-resisted|p1a: Toxapex\n|-activate|p1a: Toxapex|move: Substitute|[damage]\n|-boost|p2a: Infernape|spe|1\n|move|p1a: Toxapex|Toxic|p2a: Infernape\n|-fail|p2a: Infernape|tox\n|\n|-damage|p2a: Infernape|82\/100 tox|[from] psn\n|upkeep\n|turn|44\n|\n|t:|1700705525\n|move|p2a: Infernape|Mach Punch|p1a: Toxapex\n|-resisted|p1a: Toxapex\n|-activate|p1a: Toxapex|move: Substitute|[damage]\n|move|p1a: Toxapex|Recover|p1a: Toxapex\n|-heal|p1a: Toxapex|100\/100\n|\n|-damage|p2a: Infernape|63\/100 tox|[from] psn\n|upkeep\n|turn|45\n|c| darkblastr\/Darx|just use my friends team and you wouldn't be suffering\n|c|\u2606MentoTyler|Please don\u2019t use Mach punch lol\n|\n|t:|1700705555\n|move|p2a: Infernape|Fire Blast|p1a: Toxapex\n|-resisted|p1a: Toxapex\n|-activate|p1a: Toxapex|move: Substitute|[damage]\n|move|p1a: Toxapex|Toxic|p2a: Infernape\n|-fail|p2a: Infernape|tox\n|\n|-damage|p2a: Infernape|39\/100 tox|[from] psn\n|upkeep\n|turn|46\n|\n|t:|1700705565\n|move|p2a: Infernape|Mach Punch|p1a: Toxapex\n|-resisted|p1a: Toxapex\n|-end|p1a: Toxapex|Substitute\n|move|p1a: Toxapex|Toxic|p2a: Infernape\n|-fail|p2a: Infernape|tox\n|\n|-damage|p2a: Infernape|8\/100 tox|[from] psn\n|upkeep\n|turn|47\n|c| darkblastr\/Darx|damn daniel\n|\n|t:|1700705573\n|move|p2a: Infernape|Mach Punch|p1a: Toxapex\n|-resisted|p1a: Toxapex\n|-damage|p1a: Toxapex|99\/100\n|-damage|p2a: Infernape|0 fnt|[from] item: Rocky Helmet|[of] p1a: Toxapex\n|faint|p2a: Infernape\n|move|p1a: Toxapex|Substitute|p1a: Toxapex\n|-start|p1a: Toxapex|Substitute\n|-damage|p1a: Toxapex|74\/100\n|\n|upkeep\n|\n|t:|1700705577\n|switch|p2a: Chien-Pao|Chien-Pao|82\/100 tox\n|-ability|p2a: Chien-Pao|Sword of Ruin\n|turn|48\n|\n|t:|1700705586\n|move|p2a: Chien-Pao|Ruination|p1a: Toxapex|[miss]\n|-miss|p2a: Chien-Pao|p1a: Toxapex\n|move|p1a: Toxapex|Toxic|p2a: Chien-Pao\n|-fail|p2a: Chien-Pao|tox\n|\n|-damage|p2a: Chien-Pao|76\/100 tox|[from] psn\n|upkeep\n|turn|49\n|\n|t:|1700705595\n|move|p2a: Chien-Pao|Rest|p2a: Chien-Pao\n|-status|p2a: Chien-Pao|slp|[from] move: Rest\n|-heal|p2a: Chien-Pao|100\/100 slp|[silent]\n|move|p1a: Toxapex|Substitute|p1a: Toxapex\n|-fail|p1a: Toxapex|move: Substitute\n|\n|upkeep\n|turn|50\n|\n|t:|1700705604\n|cant|p2a: Chien-Pao|slp\n|move|p1a: Toxapex|Toxic||[still]\n|-fail|p1a: Toxapex\n|\n|upkeep\n|turn|51\n|c| darkblastr\/Darx|can we make it to 100 turns?\n|c|\u2606MentoTyler|Why would I torture myself like this\n|\n|t:|1700705626\n|cant|p2a: Chien-Pao|slp\n|move|p1a: Toxapex|Substitute|p1a: Toxapex\n|-fail|p1a: Toxapex|move: Substitute\n|\n|upkeep\n|turn|52\n|c|\u2606alanger|flip that around\n|\n|t:|1700705638\n|-terastallize|p2a: Chien-Pao|Ice\n|-curestatus|p2a: Chien-Pao|slp|[msg]\n|move|p2a: Chien-Pao|Ice Shard|p1a: Toxapex\n|-resisted|p1a: Toxapex\n|-activate|p1a: Toxapex|move: Substitute|[damage]\n|move|p1a: Toxapex|Recover|p1a: Toxapex\n|-heal|p1a: Toxapex|100\/100\n|\n|upkeep\n|turn|53\n|c| darkblastr\/Darx|No\n|\n|t:|1700705648\n|move|p2a: Chien-Pao|Ice Shard|p1a: Toxapex\n|-resisted|p1a: Toxapex\n|-activate|p1a: Toxapex|move: Substitute|[damage]\n|move|p1a: Toxapex|Substitute|p1a: Toxapex\n|-fail|p1a: Toxapex|move: Substitute\n|\n|upkeep\n|turn|54\n|\n|t:|1700705659\n|move|p1a: Toxapex|Substitute|p1a: Toxapex\n|-fail|p1a: Toxapex|move: Substitute\n|move|p2a: Chien-Pao|Avalanche|p1a: Toxapex\n|-resisted|p1a: Toxapex\n|-activate|p1a: Toxapex|move: Substitute|[damage]\n|\n|upkeep\n|turn|55\n|\n|t:|1700705666\n|move|p1a: Toxapex|Substitute|p1a: Toxapex\n|-fail|p1a: Toxapex|move: Substitute\n|move|p2a: Chien-Pao|Avalanche|p1a: Toxapex\n|-resisted|p1a: Toxapex\n|-activate|p1a: Toxapex|move: Substitute|[damage]\n|\n|upkeep\n|turn|56\n|\n|t:|1700705678\n|move|p1a: Toxapex|Recover||[still]\n|-fail|p1a: Toxapex|heal\n|move|p2a: Chien-Pao|Avalanche|p1a: Toxapex\n|-resisted|p1a: Toxapex\n|-activate|p1a: Toxapex|move: Substitute|[damage]\n|\n|upkeep\n|turn|57\n|c|\u2606alanger|almost through\n|\n|t:|1700705685\n|move|p1a: Toxapex|Substitute|p1a: Toxapex\n|-fail|p1a: Toxapex|move: Substitute\n|move|p2a: Chien-Pao|Avalanche|p1a: Toxapex\n|-resisted|p1a: Toxapex\n|-activate|p1a: Toxapex|move: Substitute|[damage]\n|\n|upkeep\n|turn|58\n|\n|t:|1700705692\n|move|p1a: Toxapex|Substitute|p1a: Toxapex\n|-fail|p1a: Toxapex|move: Substitute\n|move|p2a: Chien-Pao|Avalanche|p1a: Toxapex\n|-resisted|p1a: Toxapex\n|-end|p1a: Toxapex|Substitute\n|\n|upkeep\n|turn|59\n|c| darkblastr\/Darx|not close enough tho\n|\n|t:|1700705701\n|move|p2a: Chien-Pao|Ice Shard|p1a: Toxapex\n|-resisted|p1a: Toxapex\n|-damage|p1a: Toxapex|98\/100\n|move|p1a: Toxapex|Toxic|p2a: Chien-Pao\n|-status|p2a: Chien-Pao|tox\n|\n|-damage|p2a: Chien-Pao|94\/100 tox|[from] psn\n|upkeep\n|turn|60\n|\n|t:|1700705712\n|move|p1a: Toxapex|Toxic|p2a: Chien-Pao\n|-fail|p2a: Chien-Pao|tox\n|move|p2a: Chien-Pao|Avalanche|p1a: Toxapex\n|-resisted|p1a: Toxapex\n|-damage|p1a: Toxapex|93\/100\n|-damage|p2a: Chien-Pao|78\/100 tox|[from] item: Rocky Helmet|[of] p1a: Toxapex\n|\n|-damage|p2a: Chien-Pao|66\/100 tox|[from] psn\n|upkeep\n|turn|61\n|\n|t:|1700705723\n|move|p2a: Chien-Pao|Rest|p2a: Chien-Pao\n|-status|p2a: Chien-Pao|slp|[from] move: Rest\n|-heal|p2a: Chien-Pao|100\/100 slp|[silent]\n|move|p1a: Toxapex|Substitute|p1a: Toxapex\n|-start|p1a: Toxapex|Substitute\n|-damage|p1a: Toxapex|68\/100\n|\n|upkeep\n|turn|62\n|c|\u2606alanger|we can go forever\n|\n|t:|1700705733\n|cant|p2a: Chien-Pao|slp\n|move|p1a: Toxapex|Recover|p1a: Toxapex\n|-heal|p1a: Toxapex|100\/100\n|\n|upkeep\n|turn|63\n|c| darkblastr\/Darx|really?\n|\n|t:|1700705740\n|move|p1a: Toxapex|Toxic||[still]\n|-fail|p1a: Toxapex\n|cant|p2a: Chien-Pao|slp\n|\n|upkeep\n|turn|64\n|\n|t:|1700705746\n|move|p1a: Toxapex|Recover||[still]\n|-fail|p1a: Toxapex|heal\n|-curestatus|p2a: Chien-Pao|slp|[msg]\n|move|p2a: Chien-Pao|Avalanche|p1a: Toxapex\n|-resisted|p1a: Toxapex\n|-activate|p1a: Toxapex|move: Substitute|[damage]\n|\n|upkeep\n|turn|65\n|\n|t:|1700705754\n|move|p2a: Chien-Pao|Ruination|p1a: Toxapex\n|-end|p1a: Toxapex|Substitute\n|-activate|p1a: Toxapex|move: Struggle\n|move|p1a: Toxapex|Struggle|p2a: Chien-Pao\n|-damage|p2a: Chien-Pao|93\/100\n|-damage|p1a: Toxapex|75\/100|[from] recoil\n|\n|upkeep\n|turn|66\n|\n|t:|1700705762\n|move|p2a: Chien-Pao|Ruination|p1a: Toxapex\n|-damage|p1a: Toxapex|38\/100\n|-activate|p1a: Toxapex|move: Struggle\n|move|p1a: Toxapex|Struggle|p2a: Chien-Pao\n|-damage|p2a: Chien-Pao|86\/100\n|-damage|p1a: Toxapex|13\/100|[from] recoil\n|\n|upkeep\n|turn|67\n|c|\u2606alanger|finally\n|\n|t:|1700705770\n|move|p2a: Chien-Pao|Ice Shard|p1a: Toxapex\n|-resisted|p1a: Toxapex\n|-damage|p1a: Toxapex|10\/100\n|-activate|p1a: Toxapex|move: Struggle\n|move|p1a: Toxapex|Struggle|p2a: Chien-Pao\n|-damage|p2a: Chien-Pao|78\/100\n|-damage|p1a: Toxapex|0 fnt|[from] recoil\n|faint|p1a: Toxapex\n|\n|upkeep\n|j| the power in me\n|\n|t:|1700705779\n|switch|p1a: Groudon|Groudon|100\/100\n|-weather|SunnyDay|[from] ability: Drought|[of] p1a: Groudon\n|turn|68\n|c|\u2606alanger|finally turn 67\n|\n|t:|1700705789\n|move|p1a: Groudon|Bulk Up|p1a: Groudon\n|-boost|p1a: Groudon|atk|1\n|-boost|p1a: Groudon|def|1\n|move|p2a: Chien-Pao|Avalanche|p1a: Groudon\n|-supereffective|p1a: Groudon\n|-damage|p1a: Groudon|59\/100\n|\n|-weather|SunnyDay|[upkeep]\n|upkeep\n|turn|69\n|c|\u2606MentoTyler|The fight finally starts\n|c|\u2606alanger|no more hell\n|c| the power in me|Which one is ur brother\n|\n|t:|1700705807\n|move|p2a: Chien-Pao|Ice Shard|p1a: Groudon\n|-supereffective|p1a: Groudon\n|-damage|p1a: Groudon|34\/100\n|move|p1a: Groudon|Stone Edge|p2a: Chien-Pao\n|-supereffective|p2a: Chien-Pao\n|-damage|p2a: Chien-Pao|0 fnt\n|faint|p2a: Chien-Pao\n|\n|-weather|SunnyDay|[upkeep]\n|upkeep\n|c|\u2606alanger|darx\n|c| darkblastr\/Darx|alanger\n|j| Reality Is Wrong\n|\n|t:|1700705817\n|switch|p2a: Zamazenta|Zamazenta-Crowned|34\/100\n|turn|70\n|\n|t:|1700705821\n|move|p2a: Zamazenta|Brick Break|p1a: Groudon\n|-crit|p1a: Groudon\n|-damage|p1a: Groudon|3\/100\n|move|p1a: Groudon|Heat Crash|p2a: Zamazenta\n|-supereffective|p2a: Zamazenta\n|-damage|p2a: Zamazenta|0 fnt\n|faint|p2a: Zamazenta\n|\n|-weather|SunnyDay|[upkeep]\n|upkeep\n|\n|t:|1700705824\n|switch|p2a: Quaquaval|Quaquaval, M, shiny|44\/100 tox\n|turn|71\n|\n|t:|1700705835\n|move|p2a: Quaquaval|Aqua Step|p1a: Groudon\n|-supereffective|p1a: Groudon\n|-damage|p1a: Groudon|0 fnt\n|-boost|p2a: Quaquaval|spe|1\n|faint|p1a: Groudon\n|\n|-weather|SunnyDay|[upkeep]\n|-damage|p2a: Quaquaval|38\/100 tox|[from] psn\n|upkeep\n|c| darkblastr\/Darx|lmao what were you thinking\n|c|\u2606alanger|stoppit\n|\n|t:|1700705844\n|switch|p1a: Ursaluna|Ursaluna-Bloodmoon, M|100\/100\n|turn|72\n|\n|t:|1700705852\n|move|p2a: Quaquaval|Aqua Step|p1a: Ursaluna\n|-supereffective|p1a: Ursaluna\n|-damage|p1a: Ursaluna|72\/100\n|-boost|p2a: Quaquaval|spe|1\n|move|p1a: Ursaluna|Blood Moon|p2a: Quaquaval\n|-damage|p2a: Quaquaval|0 fnt\n|faint|p2a: Quaquaval\n|\n|-weather|SunnyDay|[upkeep]\n|upkeep\n|\n|t:|1700705856\n|switch|p2a: Cinderace|Cinderace, M, shiny|1\/100 tox\n|turn|73\n|c| the power in me|gg\n|c| darkblastr\/Darx|gg\n|c|\u2606MentoTyler|Gg\n|n|!alanger|alanger\n|inactive|alanger has 120 seconds left.\n|\n|t:|1700705887\n|move|p2a: Cinderace|Low Kick|p1a: Ursaluna\n|-supereffective|p1a: Ursaluna\n|-damage|p1a: Ursaluna|25\/100\n|move|p1a: Ursaluna|Rest|p1a: Ursaluna\n|-status|p1a: Ursaluna|slp|[from] move: Rest\n|-heal|p1a: Ursaluna|100\/100 slp|[silent]\n|-enditem|p1a: Ursaluna|Chesto Berry|[eat]\n|-curestatus|p1a: Ursaluna|slp|[msg]\n|\n|-weather|SunnyDay|[upkeep]\n|-heal|p2a: Cinderace|7\/100 tox|[from] item: Leftovers\n|-damage|p2a: Cinderace|1\/100 tox|[from] psn\n|upkeep\n|turn|74\n|c| the power in me|Oh hold on\n|c| the power in me|Is that the Freddy fazbear\n|\n|t:|1700705902\n|move|p2a: Cinderace|Low Kick|p1a: Ursaluna\n|-supereffective|p1a: Ursaluna\n|-damage|p1a: Ursaluna|55\/100\n|move|p1a: Ursaluna|Snarl|p2a: Cinderace\n|-damage|p2a: Cinderace|0 fnt\n|faint|p2a: Cinderace\n|\n|win|MentoTyler\n|raw|MentoTyler's rating: 1121 &rarr; <strong>1141<\/strong><br \/>(+20 for winning)\n|raw|alanger's rating: 1055 &rarr; <strong>1040<\/strong><br \/>(-15 for losing)\n","uploadtime":1700705881,"views":1,"p1id":"mentotyler","p2id":"alanger","formatid":"gen9anythinggoes","rating":1040,"private":0,"password":""}