{"id":"gen9anythinggoes-1994078920","p1":"complayer","p2":"Howard_YouTube GB","format":"[Gen 9] Anything Goes","log":"|j|\u2606complayer\n|j|\u2606Howard_YouTube GB\n|t:|1700404109\n|gametype|singles\n|player|p1|complayer|red|1101\n|player|p2|Howard_YouTube GB|265|1098\n|teamsize|p1|6\n|teamsize|p2|1\n|gen|9\n|tier|[Gen 9] Anything Goes\n|rated|\n|rule|HP Percentage Mod: HP is shown in percentages\n|rule|Endless Battle Clause: Forcing endless battles is banned\n|clearpoke\n|poke|p1|Torterra, F|\n|poke|p1|Blissey, F|\n|poke|p1|Snorlax, F|\n|poke|p1|Dusknoir, M|\n|poke|p1|Probopass, F|\n|poke|p1|Avalugg-Hisui, M|\n|poke|p2|Arceus|\n|teampreview\n|c|\u2606complayer|THE TANKY BOIS\n|c|\u2606Howard_YouTube GB|gl hf\n|\n|t:|1700404124\n|start\n|switch|p1a: Blissey|Blissey, F|100\/100\n|switch|p2a: Arceus|Arceus|100\/100\n|turn|1\n|c|\u2606Howard_YouTube GB|nope\n|c|\u2606complayer|?\n|c|\u2606Howard_YouTube GB|not to me\n|\n|t:|1700404132\n|-terastallize|p1a: Blissey|Fairy\n|move|p2a: Arceus|Swords Dance|p2a: Arceus\n|-boost|p2a: Arceus|atk|2\n|move|p1a: Blissey|Dazzling Gleam|p2a: Arceus\n|-damage|p2a: Arceus|85\/100\n|\n|upkeep\n|turn|2\n|\n|t:|1700404139\n|move|p2a: Arceus|Swords Dance|p2a: Arceus\n|-boost|p2a: Arceus|atk|2\n|move|p1a: Blissey|Dazzling Gleam|p2a: Arceus\n|-damage|p2a: Arceus|71\/100\n|\n|upkeep\n|turn|3\n|c|\u2606Howard_YouTube GB|gg\n|\n|t:|1700404146\n|move|p2a: Arceus|Swords Dance|p2a: Arceus\n|-boost|p2a: Arceus|atk|2\n|move|p1a: Blissey|Drain Punch|p2a: Arceus\n|-supereffective|p2a: Arceus\n|-damage|p2a: Arceus|63\/100\n|\n|upkeep\n|turn|4\n|\n|t:|1700404153\n|-terastallize|p2a: Arceus|Ghost\n|move|p2a: Arceus|Extreme Speed|p1a: Blissey\n|-damage|p1a: Blissey|0 fnt\n|faint|p1a: Blissey\n|\n|upkeep\n|\n|t:|1700404159\n|switch|p1a: Dusknoir|Dusknoir, M|100\/100\n|-item|p2a: Arceus|Aguav Berry|[from] ability: Frisk|[of] p1a: Dusknoir|[identify]\n|turn|5\n|\n|t:|1700404166\n|move|p2a: Arceus|Shadow Claw|p1a: Dusknoir\n|-supereffective|p1a: Dusknoir\n|-damage|p1a: Dusknoir|0 fnt\n|faint|p1a: Dusknoir\n|\n|upkeep\n|\n|t:|1700404175\n|switch|p1a: Snorlax|Snorlax, F|100\/100\n|turn|6\n|c|\u2606Howard_YouTube GB|what now\n|\n|t:|1700404179\n|move|p2a: Arceus|Swords Dance|p2a: Arceus\n|-boost|p2a: Arceus|atk|0\n|move|p1a: Snorlax|Fire Blast|p2a: Arceus|[miss]\n|-miss|p1a: Snorlax|p2a: Arceus\n|\n|upkeep\n|turn|7\n|\n|t:|1700404184\n|move|p2a: Arceus|Extreme Speed|p1a: Snorlax\n|-damage|p1a: Snorlax|0 fnt\n|-damage|p2a: Arceus|47\/100|[from] item: Rocky Helmet|[of] p1a: Snorlax\n|faint|p1a: Snorlax\n|\n|upkeep\n|\n|t:|1700404191\n|switch|p1a: Avalugg|Avalugg-Hisui, M|100\/100\n|turn|8\n|c|\u2606complayer|crap\n|\n|t:|1700404197\n|move|p2a: Arceus|Extreme Speed|p1a: Avalugg\n|-resisted|p1a: Avalugg\n|-damage|p1a: Avalugg|56\/100\n|move|p1a: Avalugg|Crunch|p2a: Arceus\n|-supereffective|p2a: Arceus\n|-damage|p2a: Arceus|8\/100\n|-enditem|p2a: Arceus|Aguav Berry|[eat]\n|-heal|p2a: Arceus|41\/100|[from] item: Aguav Berry\n|\n|upkeep\n|turn|9\n|c|\u2606complayer|OHHH\n|c|\u2606Howard_YouTube GB|guess what i have\n|\n|t:|1700404210\n|move|p2a: Arceus|Recover|p2a: Arceus\n|-heal|p2a: Arceus|91\/100\n|move|p1a: Avalugg|Crunch|p2a: Arceus\n|-supereffective|p2a: Arceus\n|-damage|p2a: Arceus|54\/100\n|\n|upkeep\n|turn|10\n|n|!complayer|complayer\n|\n|t:|1700404220\n|move|p2a: Arceus|Shadow Claw|p1a: Avalugg\n|-damage|p1a: Avalugg|0 fnt\n|faint|p1a: Avalugg\n|\n|upkeep\n|\n|t:|1700404226\n|switch|p1a: Torterra|Torterra, F|100\/100\n|turn|11\n|\n|t:|1700404231\n|move|p2a: Arceus|Extreme Speed|p1a: Torterra\n|-enditem|p1a: Torterra|Focus Sash\n|-damage|p1a: Torterra|1\/100\n|move|p1a: Torterra|Outrage|p2a: Arceus\n|-damage|p2a: Arceus|34\/100\n|\n|upkeep\n|turn|12\n|\n|t:|1700404246\n|move|p2a: Arceus|Extreme Speed|p1a: Torterra\n|-damage|p1a: Torterra|0 fnt\n|faint|p1a: Torterra\n|\n|upkeep\n|\n|t:|1700404254\n|switch|p1a: Probopass|Probopass, F|100\/100\n|turn|13\n|\n|t:|1700404262\n|move|p2a: Arceus|Shadow Claw|p1a: Probopass\n|-ability|p1a: Probopass|Sturdy\n|-damage|p1a: Probopass|1\/100\n|move|p1a: Probopass|Dazzling Gleam|p2a: Arceus\n|-damage|p2a: Arceus|23\/100\n|\n|-heal|p1a: Probopass|7\/100|[from] item: Leftovers\n|upkeep\n|turn|14\n|c|\u2606Howard_YouTube GB|gg\n|\n|t:|1700404282\n|move|p2a: Arceus|Extreme Speed|p1a: Probopass\n|-resisted|p1a: Probopass\n|-damage|p1a: Probopass|0 fnt\n|faint|p1a: Probopass\n|\n|win|Howard_YouTube GB\n|raw|complayer's rating: 1101 &rarr; <strong>1076<\/strong><br \/>(-25 for losing)\n|raw|Howard_YouTube GB's rating: 1098 &rarr; <strong>1124<\/strong><br \/>(+26 for winning)\n","uploadtime":1700404218,"views":8,"p1id":"complayer","p2id":"howardyoutubegb","formatid":"gen9anythinggoes","rating":1076,"private":0,"password":""}