{"id":"gen9anythinggoes-1992100286","p1":"AquaticPokemon","p2":"Tractoryeet","format":"[Gen 9] Anything Goes","log":"|j|\u2606AquaticPokemon\n|j|\u2606Tractoryeet\n|t:|1700155105\n|gametype|singles\n|player|p1|AquaticPokemon|gambler|1449\n|player|p2|Tractoryeet|karen|1577\n|teamsize|p1|6\n|teamsize|p2|6\n|gen|9\n|tier|[Gen 9] Anything Goes\n|rated|\n|rule|HP Percentage Mod: HP is shown in percentages\n|rule|Endless Battle Clause: Forcing endless battles is banned\n|clearpoke\n|poke|p1|Miraidon|\n|poke|p1|Koraidon|\n|poke|p1|Regieleki|\n|poke|p1|Polteageist|\n|poke|p1|Kingambit, F|\n|poke|p1|Urshifu-*, F|\n|poke|p2|Great Tusk|\n|poke|p2|Corviknight, F|\n|poke|p2|Kingambit, M|\n|poke|p2|Ursaluna-Bloodmoon, M|\n|poke|p2|Ting-Lu|\n|poke|p2|Polteageist-Antique|\n|teampreview\n|inactive|Battle timer is ON: inactive players will automatically lose when time's up. (requested by Tractoryeet)\n|c|\u2606Tractoryeet|Glhf\n|\n|t:|1700155131\n|start\n|switch|p1a: Calidum Bibere|Polteageist|100\/100\n|switch|p2a: MOOSE|Ting-Lu|100\/100\n|-ability|p2a: MOOSE|Vessel of Ruin\n|turn|1\n|c|\u2606AquaticPokemon|MOOSE\n|inactive|AquaticPokemon has 120 seconds left.\n|c|\u2606Tractoryeet|MOOSE\n|\n|t:|1700155169\n|move|p1a: Calidum Bibere|Shell Smash|p1a: Calidum Bibere\n|-unboost|p1a: Calidum Bibere|def|1\n|-unboost|p1a: Calidum Bibere|spd|1\n|-boost|p1a: Calidum Bibere|atk|2\n|-boost|p1a: Calidum Bibere|spa|2\n|-boost|p1a: Calidum Bibere|spe|2\n|move|p2a: MOOSE|Stealth Rock|p1a: Calidum Bibere\n|-sidestart|p1: AquaticPokemon|move: Stealth Rock\n|\n|upkeep\n|turn|2\n|\n|t:|1700155172\n|move|p1a: Calidum Bibere|Shell Smash|p1a: Calidum Bibere\n|-unboost|p1a: Calidum Bibere|def|1\n|-unboost|p1a: Calidum Bibere|spd|1\n|-boost|p1a: Calidum Bibere|atk|2\n|-boost|p1a: Calidum Bibere|spa|2\n|-boost|p1a: Calidum Bibere|spe|2\n|move|p2a: MOOSE|Whirlwind|p1a: Calidum Bibere\n|drag|p1a: Simia|Urshifu-Rapid-Strike, F|100\/100\n|-damage|p1a: Simia|94\/100|[from] Stealth Rock\n|\n|upkeep\n|turn|3\n|c|\u2606AquaticPokemon|aw\n|\n|t:|1700155178\n|move|p1a: Simia|Poison Jab|p2a: MOOSE\n|-resisted|p2a: MOOSE\n|-damage|p2a: MOOSE|92\/100\n|-damage|p1a: Simia|84\/100|[from] item: Life Orb\n|move|p2a: MOOSE|Whirlwind|p1a: Simia\n|drag|p1a: Deinceps|Miraidon|100\/100\n|-damage|p1a: Deinceps|88\/100|[from] Stealth Rock\n|-fieldstart|move: Electric Terrain|[from] ability: Hadron Engine|[of] p1a: Deinceps\n|\n|-heal|p2a: MOOSE|98\/100|[from] item: Leftovers\n|upkeep\n|turn|4\n|c|\u2606Tractoryeet|You just got\n|c|\u2606Tractoryeet|MOOSE'D\n|c|\u2606AquaticPokemon|might have used the wrong move there\n|\n|t:|1700155190\n|move|p1a: Deinceps|Dazzling Gleam|p2a: MOOSE\n|-supereffective|p2a: MOOSE\n|-damage|p2a: MOOSE|59\/100\n|move|p2a: MOOSE|Spikes|p1a: Deinceps\n|-sidestart|p1: AquaticPokemon|Spikes\n|\n|-heal|p2a: MOOSE|66\/100|[from] item: Leftovers\n|upkeep\n|turn|5\n|\n|t:|1700155192\n|move|p1a: Deinceps|Dazzling Gleam|p2a: MOOSE\n|-supereffective|p2a: MOOSE\n|-damage|p2a: MOOSE|25\/100\n|move|p2a: MOOSE|Earthquake|p1a: Deinceps\n|-supereffective|p1a: Deinceps\n|-damage|p1a: Deinceps|3\/100\n|\n|-heal|p2a: MOOSE|31\/100|[from] item: Leftovers\n|upkeep\n|turn|6\n|\n|t:|1700155195\n|move|p1a: Deinceps|Dazzling Gleam|p2a: MOOSE\n|-supereffective|p2a: MOOSE\n|-damage|p2a: MOOSE|0 fnt\n|faint|p2a: MOOSE\n|\n|upkeep\n|\n|t:|1700155199\n|switch|p2a: Neli =D|Ursaluna-Bloodmoon, M|100\/100\n|turn|7\n|\n|t:|1700155203\n|switch|p1a: Simia|Urshifu-Rapid-Strike, F|84\/100\n|-damage|p1a: Simia|78\/100|[from] Stealth Rock\n|-damage|p1a: Simia|66\/100|[from] Spikes\n|move|p2a: Neli =D|Vacuum Wave|p1a: Simia\n|-damage|p1a: Simia|42\/100\n|\n|-fieldend|move: Electric Terrain\n|upkeep\n|turn|8\n|c|\u2606Tractoryeet|Uh oh\n|\n|t:|1700155222\n|switch|p2a: Beep Cheep|Corviknight, F|100\/100\n|-ability|p2a: Beep Cheep|Pressure\n|move|p1a: Simia|Surging Strikes|p2a: Beep Cheep\n|-crit|p2a: Beep Cheep\n|-damage|p2a: Beep Cheep|78\/100\n|-crit|p2a: Beep Cheep\n|-damage|p2a: Beep Cheep|56\/100\n|-crit|p2a: Beep Cheep\n|-damage|p2a: Beep Cheep|33\/100\n|-hitcount|p2a: Beep Cheep|3\n|-damage|p1a: Simia|32\/100|[from] item: Life Orb\n|\n|-heal|p2a: Beep Cheep|40\/100|[from] item: Leftovers\n|upkeep\n|turn|9\n|c|\u2606AquaticPokemon|beep hceep\n|c|\u2606AquaticPokemon|cheep\n|\n|t:|1700155233\n|move|p1a: Simia|Surging Strikes|p2a: Beep Cheep\n|-crit|p2a: Beep Cheep\n|-damage|p2a: Beep Cheep|17\/100\n|-crit|p2a: Beep Cheep\n|-damage|p2a: Beep Cheep|0 fnt\n|faint|p2a: Beep Cheep\n|-hitcount|p2: Beep Cheep|2\n|-damage|p1a: Simia|22\/100|[from] item: Life Orb\n|\n|upkeep\n|\n|t:|1700155237\n|switch|p2a: Neli =D|Ursaluna-Bloodmoon, M|100\/100\n|turn|10\n|c|\u2606Tractoryeet|Beep cheep \ud83d\ude01\n|c|\u2606AquaticPokemon|:>\n|c|\u2606Tractoryeet|Also Neli is named after a smogon player who hated my ursaluna\n|inactive|AquaticPokemon has 120 seconds left.\n|c|\u2606AquaticPokemon|LMAO\n|c|\u2606AquaticPokemon|W\n|\n|t:|1700155272\n|move|p2a: Neli =D|Vacuum Wave|p1a: Simia\n|-damage|p1a: Simia|0 fnt\n|faint|p1a: Simia\n|\n|upkeep\n|\n|t:|1700155275\n|switch|p1a: Fulgur|Regieleki, shiny|100\/100\n|turn|11\n|\n|t:|1700155279\n|move|p1a: Fulgur|Rapid Spin|p2a: Neli =D\n|-damage|p2a: Neli =D|93\/100\n|-boost|p1a: Fulgur|spe|1\n|-sideend|p1: AquaticPokemon|Spikes|[from] move: Rapid Spin|[of] p1a: Fulgur\n|-sideend|p1: AquaticPokemon|Stealth Rock|[from] move: Rapid Spin|[of] p1a: Fulgur\n|move|p2a: Neli =D|Earth Power|p1a: Fulgur\n|-supereffective|p1a: Fulgur\n|-damage|p1a: Fulgur|0 fnt\n|faint|p1a: Fulgur\n|\n|upkeep\n|\n|t:|1700155289\n|switch|p1a: Antiqua|Koraidon|100\/100\n|-weather|SunnyDay|[from] ability: Orichalcum Pulse|[of] p1a: Antiqua\n|-activate|p1a: Antiqua|Orichalcum Pulse|[source]\n|turn|12\n|\n|t:|1700155292\n|-terastallize|p2a: Neli =D|Fairy\n|move|p1a: Antiqua|Collision Course|p2a: Neli =D\n|-resisted|p2a: Neli =D\n|-damage|p2a: Neli =D|67\/100\n|move|p2a: Neli =D|Moonblast|p1a: Antiqua\n|-supereffective|p1a: Antiqua\n|-enditem|p1a: Antiqua|Focus Sash\n|-damage|p1a: Antiqua|1\/100\n|\n|-weather|SunnyDay|[upkeep]\n|upkeep\n|turn|13\n|c|\u2606Tractoryeet|And you kind of see why\ud83e\udd2d\n|c|\u2606AquaticPokemon|i see\n|inactive|AquaticPokemon has 120 seconds left.\n|\n|t:|1700155325\n|move|p2a: Neli =D|Vacuum Wave|p1a: Antiqua\n|-damage|p1a: Antiqua|0 fnt\n|faint|p1a: Antiqua\n|\n|-weather|SunnyDay|[upkeep]\n|upkeep\n|\n|t:|1700155327\n|switch|p1a: Tenebrosum Regem|Kingambit, F|100\/100\n|-activate|p1a: Tenebrosum Regem|ability: Supreme Overlord\n|-start|p1a: Tenebrosum Regem|fallen3|[silent]\n|turn|14\n|c|\u2606Tractoryeet|Now imagine being spammed with bear puns\n|\n|t:|1700155341\n|move|p2a: Neli =D|Moonblast|p1a: Tenebrosum Regem\n|-damage|p1a: Tenebrosum Regem|48\/100\n|move|p1a: Tenebrosum Regem|Iron Head|p2a: Neli =D\n|-supereffective|p2a: Neli =D\n|-damage|p2a: Neli =D|0 fnt\n|faint|p2a: Neli =D\n|-damage|p1a: Tenebrosum Regem|38\/100|[from] item: Life Orb\n|\n|-weather|SunnyDay|[upkeep]\n|upkeep\n|c|\u2606AquaticPokemon|w\n|\n|t:|1700155346\n|switch|p2a: Big Daddy|Great Tusk|100\/100\n|-activate|p2a: Big Daddy|ability: Protosynthesis\n|-start|p2a: Big Daddy|protosynthesisatk\n|turn|15\n|inactive|AquaticPokemon has 120 seconds left.\n|\n|t:|1700155382\n|move|p2a: Big Daddy|Rapid Spin|p1a: Tenebrosum Regem\n|-resisted|p1a: Tenebrosum Regem\n|-damage|p1a: Tenebrosum Regem|30\/100\n|-boost|p2a: Big Daddy|spe|1\n|move|p1a: Tenebrosum Regem|Zen Headbutt|p2a: Big Daddy\n|-supereffective|p2a: Big Daddy\n|-damage|p2a: Big Daddy|23\/100\n|-damage|p1a: Tenebrosum Regem|20\/100|[from] item: Life Orb\n|\n|-weather|SunnyDay|[upkeep]\n|-heal|p2a: Big Daddy|29\/100|[from] item: Leftovers\n|upkeep\n|turn|16\n|\n|t:|1700155389\n|move|p2a: Big Daddy|Earthquake|p1a: Tenebrosum Regem\n|-supereffective|p1a: Tenebrosum Regem\n|-damage|p1a: Tenebrosum Regem|0 fnt\n|faint|p1a: Tenebrosum Regem\n|-end|p1a: Tenebrosum Regem|fallen3|[silent]\n|\n|-weather|none\n|-end|p2a: Big Daddy|Protosynthesis\n|-heal|p2a: Big Daddy|35\/100|[from] item: Leftovers\n|upkeep\n|\n|t:|1700155395\n|switch|p1a: Deinceps|Miraidon|3\/100\n|-fieldstart|move: Electric Terrain|[from] ability: Hadron Engine|[of] p1a: Deinceps\n|turn|17\n|\n|t:|1700155400\n|move|p1a: Deinceps|Dazzling Gleam|p2a: Big Daddy\n|-supereffective|p2a: Big Daddy\n|-damage|p2a: Big Daddy|0 fnt\n|faint|p2a: Big Daddy\n|-end|p2a: Big Daddy|Protosynthesis|[silent]\n|\n|upkeep\n|\n|t:|1700155404\n|switch|p2a: Shredder|Kingambit, M, shiny|100\/100\n|-activate|p2a: Shredder|ability: Supreme Overlord\n|-start|p2a: Shredder|fallen4|[silent]\n|turn|18\n|\n|t:|1700155419\n|switch|p1a: Calidum Bibere|Polteageist|100\/100\n|move|p2a: Shredder|Swords Dance|p2a: Shredder\n|-boost|p2a: Shredder|atk|2\n|\n|upkeep\n|turn|19\n|\n|t:|1700155422\n|move|p1a: Calidum Bibere|Shell Smash|p1a: Calidum Bibere\n|-unboost|p1a: Calidum Bibere|def|1\n|-unboost|p1a: Calidum Bibere|spd|1\n|-boost|p1a: Calidum Bibere|atk|2\n|-boost|p1a: Calidum Bibere|spa|2\n|-boost|p1a: Calidum Bibere|spe|2\n|move|p2a: Shredder|Shadow Claw|p1a: Calidum Bibere\n|-supereffective|p1a: Calidum Bibere\n|-enditem|p1a: Calidum Bibere|Focus Sash\n|-damage|p1a: Calidum Bibere|1\/100\n|-ability|p1a: Calidum Bibere|Weak Armor|boost\n|-unboost|p1a: Calidum Bibere|def|1\n|-boost|p1a: Calidum Bibere|spe|2\n|-damage|p2a: Shredder|91\/100|[from] item: Life Orb\n|\n|upkeep\n|turn|20\n|c|\u2606AquaticPokemon|oh boy\n|\n|t:|1700155429\n|move|p2a: Shredder|Sucker Punch|p1a: Calidum Bibere\n|-supereffective|p1a: Calidum Bibere\n|-damage|p1a: Calidum Bibere|0 fnt\n|faint|p1a: Calidum Bibere\n|-damage|p2a: Shredder|81\/100|[from] item: Life Orb\n|\n|upkeep\n|\n|t:|1700155431\n|switch|p1a: Deinceps|Miraidon|3\/100\n|-activate|p1a: Deinceps|ability: Hadron Engine\n|turn|21\n|c|\u2606Tractoryeet|Gg\n|c|\u2606Tractoryeet|Ty for the battle\n|\n|t:|1700155439\n|-terastallize|p1a: Deinceps|Electric\n|move|p2a: Shredder|Sucker Punch|p1a: Deinceps\n|-damage|p1a: Deinceps|0 fnt\n|faint|p1a: Deinceps\n|-damage|p2a: Shredder|71\/100|[from] item: Life Orb\n|\n|win|Tractoryeet\n|raw|AquaticPokemon's rating: 1449 &rarr; <strong>1436<\/strong><br \/>(-13 for losing)\n|raw|Tractoryeet's rating: 1577 &rarr; <strong>1590<\/strong><br \/>(+13 for winning)\n|c|\u2606AquaticPokemon|ggz\n|l|\u2606AquaticPokemon\n","uploadtime":1700155477,"views":6,"p1id":"aquaticpokemon","p2id":"tractoryeet","formatid":"gen9anythinggoes","rating":1436,"private":0,"password":""}