{"id":"gen9anythinggoes-1986396847","p1":"Smurfcatrocks","p2":"Hatdestroyer3XD","format":"[Gen 9] Anything Goes","log":"|j|\u2606Smurfcatrocks\n|j|\u2606Hatdestroyer3XD\n|t:|1699475469\n|gametype|singles\n|player|p1|Smurfcatrocks|n|1207\n|player|p2|Hatdestroyer3XD|265|1161\n|teamsize|p1|6\n|teamsize|p2|6\n|gen|9\n|tier|[Gen 9] Anything Goes\n|rated|\n|rule|HP Percentage Mod: HP is shown in percentages\n|rule|Endless Battle Clause: Forcing endless battles is banned\n|clearpoke\n|poke|p1|Magearna|\n|poke|p1|Munkidori, M|\n|poke|p1|Calyrex-Ice|\n|poke|p1|Sinistcha|\n|poke|p1|Meowscarada, M|\n|poke|p1|Dialga-Origin|\n|poke|p2|Baxcalibur, F|\n|poke|p2|Zoroark-Hisui, M|\n|poke|p2|Kingambit, F|\n|poke|p2|Roaring Moon|\n|poke|p2|Great Tusk|\n|poke|p2|Drifblim, M|\n|teampreview\n|c|\u2606Hatdestroyer3XD|legend spam\n|c|\u2606Hatdestroyer3XD|W\n|\n|t:|1699475480\n|start\n|switch|p1a: Magearna|Magearna|100\/100\n|switch|p2a: hii|Drifblim, M|100\/100\n|turn|1\n|\n|t:|1699475490\n|move|p2a: hii|Substitute|p2a: hii\n|-start|p2a: hii|Substitute\n|-damage|p2a: hii|75\/100\n|move|p1a: Magearna|Shift Gear|p1a: Magearna\n|-boost|p1a: Magearna|spe|2\n|-boost|p1a: Magearna|atk|1\n|\n|upkeep\n|turn|2\n|\n|t:|1699475497\n|move|p1a: Magearna|Play Rough|p2a: hii\n|-end|p2a: hii|Substitute\n|move|p2a: hii|Minimize|p2a: hii\n|-boost|p2a: hii|evasion|2\n|\n|upkeep\n|turn|3\n|\n|t:|1699475505\n|move|p1a: Magearna|Play Rough|p2a: hii\n|-damage|p2a: hii|14\/100\n|move|p2a: hii|Minimize|p2a: hii\n|-boost|p2a: hii|evasion|2\n|\n|upkeep\n|turn|4\n|c|\u2606Hatdestroyer3XD|luck but I live\n|\n|t:|1699475512\n|move|p1a: Magearna|Calm Mind|p1a: Magearna\n|-boost|p1a: Magearna|spa|1\n|-boost|p1a: Magearna|spd|1\n|move|p2a: hii|Minimize|p2a: hii\n|-boost|p2a: hii|evasion|2\n|\n|upkeep\n|turn|5\n|c|\u2606Hatdestroyer3XD|luck please.\n|\n|t:|1699475524\n|move|p1a: Magearna|Play Rough|p2a: hii\n|-damage|p2a: hii|0 fnt\n|-damage|p1a: Magearna|75\/100|[from] ability: Aftermath|[of] p2a: hii\n|faint|p2a: hii\n|-ability|p1a: Magearna|Soul-Heart|boost\n|-boost|p1a: Magearna|spa|1\n|-heal|p1a: Magearna|78\/100|[from] item: Shell Bell|[of] p2: hii\n|\n|upkeep\n|c|\u2606Hatdestroyer3XD|its 3x evaaasion\n|c|\u2606Hatdestroyer3XD|UR SO LUCKY\n|\n|t:|1699475532\n|switch|p2a: Baxcalibur|Baxcalibur, F|100\/100\n|turn|6\n|\n|t:|1699475539\n|-terastallize|p2a: Baxcalibur|Fairy\n|move|p1a: Magearna|Play Rough|p2a: Baxcalibur\n|-damage|p2a: Baxcalibur|54\/100\n|-heal|p1a: Magearna|83\/100|[from] item: Shell Bell|[of] p2a: Baxcalibur\n|move|p2a: Baxcalibur|Dragon Dance|p2a: Baxcalibur\n|-boost|p2a: Baxcalibur|atk|1\n|-boost|p2a: Baxcalibur|spe|1\n|\n|upkeep\n|turn|7\n|c|\u2606Hatdestroyer3XD|predicted\n|c|\u2606Hatdestroyer3XD|!\n|\n|t:|1699475554\n|move|p2a: Baxcalibur|Dragon Dance|p2a: Baxcalibur\n|-boost|p2a: Baxcalibur|atk|1\n|-boost|p2a: Baxcalibur|spe|1\n|move|p1a: Magearna|Steel Beam|p2a: Baxcalibur\n|-supereffective|p2a: Baxcalibur\n|-damage|p2a: Baxcalibur|0 fnt\n|-damage|p1a: Magearna|33\/100|[from] steelbeam\n|faint|p2a: Baxcalibur\n|-ability|p1a: Magearna|Soul-Heart|boost\n|-boost|p1a: Magearna|spa|1\n|-heal|p1a: Magearna|40\/100|[from] item: Shell Bell|[of] p2: Baxcalibur\n|\n|upkeep\n|\n|t:|1699475560\n|switch|p2a: Roaring Moon|Roaring Moon|100\/100\n|-enditem|p2a: Roaring Moon|Booster Energy\n|-activate|p2a: Roaring Moon|ability: Protosynthesis|[fromitem]\n|-start|p2a: Roaring Moon|protosynthesisatk\n|turn|8\n|c|\u2606Hatdestroyer3XD|game\n|c|\u2606Hatdestroyer3XD|please\n|c|\u2606Hatdestroyer3XD|live\n|\n|t:|1699475574\n|move|p2a: Roaring Moon|Acrobatics|p1a: Magearna\n|-resisted|p1a: Magearna\n|-damage|p1a: Magearna|17\/100\n|move|p1a: Magearna|Play Rough|p2a: Roaring Moon\n|-supereffective|p2a: Roaring Moon\n|-damage|p2a: Roaring Moon|0 fnt\n|faint|p2a: Roaring Moon\n|-ability|p1a: Magearna|Soul-Heart|boost\n|-boost|p1a: Magearna|spa|1\n|-end|p2a: Roaring Moon|Protosynthesis|[silent]\n|-heal|p1a: Magearna|29\/100|[from] item: Shell Bell|[of] p2: Roaring Moon\n|\n|upkeep\n|c|\u2606Hatdestroyer3XD|BRO\n|\n|t:|1699475581\n|switch|p2a: Kingambit|Kingambit, F|100\/100\n|turn|9\n|c|\u2606Hatdestroyer3XD|I misclicked\n|c|\u2606Hatdestroyer3XD|omggg\n|inactive|Battle timer is ON: inactive players will automatically lose when time's up. (requested by Hatdestroyer3XD)\n|c|\u2606Hatdestroyer3XD|go\n|c|\u2606Hatdestroyer3XD|go\n|c|\u2606Hatdestroyer3XD|go\n|c|\u2606Hatdestroyer3XD|go\n|c|\u2606Hatdestroyer3XD|not that hard\n|\n|t:|1699475616\n|move|p2a: Kingambit|Flamethrower|p1a: Magearna\n|-supereffective|p1a: Magearna\n|-damage|p1a: Magearna|0 fnt\n|faint|p1a: Magearna\n|\n|upkeep\n|c|\u2606Smurfcatrocks|Lmao I\u2019m just seeing this now \ud83d\ude2d\n|c|\u2606Hatdestroyer3XD|lol\n|inactive|Smurfcatrocks has 120 seconds left.\n|c|\u2606Hatdestroyer3XD|oh wait\n|c|\u2606Hatdestroyer3XD|I just win-\n|\n|t:|1699475652\n|switch|p1a: Dialga|Dialga-Origin|100\/100\n|-ability|p1a: Dialga|Pressure\n|turn|10\n|inactive|Smurfcatrocks has 120 seconds left.\n|c|\u2606Hatdestroyer3XD|l m a o\n|\n|t:|1699475663\n|move|p2a: Kingambit|Flamethrower|p1a: Dialga\n|-damage|p1a: Dialga|80\/100\n|move|p1a: Dialga|Bulk Up|p1a: Dialga\n|-boost|p1a: Dialga|atk|1\n|-boost|p1a: Dialga|def|1\n|\n|upkeep\n|turn|11\n|c|\u2606Hatdestroyer3XD|what?\n|inactive|Smurfcatrocks has 120 seconds left.\n|c|\u2606Hatdestroyer3XD|huh\n|\n|t:|1699475687\n|move|p2a: Kingambit|Flamethrower|p1a: Dialga\n|-damage|p1a: Dialga|58\/100\n|move|p1a: Dialga|Dragon Tail|p2a: Kingambit\n|-damage|p2a: Kingambit|26\/100\n|replace|p2a: Zoroark|Zoroark-Hisui, M\n|-end|p2a: Zoroark|Illusion\n|drag|p2a: Kingambit|Kingambit, F|100\/100\n|-activate|p2a: Kingambit|ability: Supreme Overlord\n|-start|p2a: Kingambit|fallen3|[silent]\n|\n|upkeep\n|turn|12\n|c|\u2606Hatdestroyer3XD|burn\n|c|\u2606Hatdestroyer3XD|burn\n|c|\u2606Hatdestroyer3XD|burn\n|inactive|Smurfcatrocks has 120 seconds left.\n|c|\u2606Hatdestroyer3XD|pleaseeee\n|c|\u2606Hatdestroyer3XD|or no\n|c|\u2606Hatdestroyer3XD|because u hit 3x evasion\n|c|\u2606Hatdestroyer3XD|very fair\n|c|\u2606Hatdestroyer3XD|not luck at all\n|c|\u2606Hatdestroyer3XD|!\n|inactive|Smurfcatrocks has 90 seconds left.\n|\n|t:|1699475738\n|move|p1a: Dialga|Draco Meteor|p2a: Kingambit\n|-resisted|p2a: Kingambit\n|-damage|p2a: Kingambit|52\/100\n|-unboost|p1a: Dialga|spa|2\n|move|p2a: Kingambit|Kowtow Cleave|p1a: Dialga\n|-damage|p1a: Dialga|29\/100\n|\n|upkeep\n|turn|13\n|\n|t:|1699475751\n|move|p2a: Kingambit|Swords Dance|p2a: Kingambit\n|-boost|p2a: Kingambit|atk|2\n|move|p1a: Dialga|Dragon Tail|p2a: Kingambit\n|-resisted|p2a: Kingambit\n|-crit|p2a: Kingambit\n|-damage|p2a: Kingambit|34\/100\n|-end|p2a: Kingambit|fallen3|[silent]\n|drag|p2a: Great Tusk|Great Tusk|100\/100\n|-enditem|p2a: Great Tusk|Booster Energy\n|-activate|p2a: Great Tusk|ability: Protosynthesis|[fromitem]\n|-start|p2a: Great Tusk|protosynthesisatk\n|\n|upkeep\n|turn|14\n|c|\u2606Hatdestroyer3XD|wait\n|c|\u2606Hatdestroyer3XD|wait\n|c|\u2606Hatdestroyer3XD|wait\n|c|\u2606Hatdestroyer3XD|wait\n|c|\u2606Hatdestroyer3XD|WAIT\n|inactive|Smurfcatrocks has 60 seconds left.\n|\n|t:|1699475783\n|move|p2a: Great Tusk|Headlong Rush|p1a: Dialga\n|-supereffective|p1a: Dialga\n|-damage|p1a: Dialga|0 fnt\n|-unboost|p2a: Great Tusk|def|1\n|-unboost|p2a: Great Tusk|spd|1\n|faint|p1a: Dialga\n|\n|upkeep\n|\n|t:|1699475792\n|switch|p1a: Sinistcha|Sinistcha, shiny|100\/100\n|turn|15\n|inactive|Smurfcatrocks has 60 seconds left.\n|c|\u2606Smurfcatrocks|Oh man\n|\n|t:|1699475822\n|move|p2a: Great Tusk|Rock Tomb|p1a: Sinistcha\n|-damage|p1a: Sinistcha|69\/100\n|-unboost|p1a: Sinistcha|spe|1\n|move|p1a: Sinistcha|Matcha Gotcha|p2a: Great Tusk|[miss]\n|-miss|p1a: Sinistcha|p2a: Great Tusk\n|\n|upkeep\n|turn|16\n|inactive|Smurfcatrocks has 30 seconds left.\n|inactive|Hatdestroyer3XD has 120 seconds left.\n|\n|t:|1699475850\n|move|p2a: Great Tusk|Rock Tomb|p1a: Sinistcha\n|-damage|p1a: Sinistcha|39\/100\n|-unboost|p1a: Sinistcha|spe|1\n|move|p1a: Sinistcha|Matcha Gotcha|p2a: Great Tusk\n|-supereffective|p2a: Great Tusk\n|-crit|p2a: Great Tusk\n|-damage|p2a: Great Tusk|0 fnt\n|-heal|p1a: Sinistcha|100\/100|[from] drain|[of] p2a: Great Tusk\n|faint|p2a: Great Tusk\n|-end|p2a: Great Tusk|Protosynthesis|[silent]\n|\n|upkeep\n|\n|t:|1699475858\n|switch|p2a: Kingambit|Kingambit, F|26\/100\n|turn|17\n|c|\u2606Hatdestroyer3XD|bro that's so dumb\n|c|\u2606Smurfcatrocks|Insaneeeeeeeeeee\n|inactive|Smurfcatrocks has 30 seconds left.\n|c|\u2606Hatdestroyer3XD|just go bro\n|\n|t:|1699475879\n|move|p2a: Kingambit|Flamethrower|p1a: Sinistcha\n|-supereffective|p1a: Sinistcha\n|-damage|p1a: Sinistcha|52\/100\n|move|p1a: Sinistcha|Scald|p2a: Kingambit\n|-damage|p2a: Kingambit|0 fnt\n|replace|p2a: Zoroark|Zoroark-Hisui, M\n|-end|p2a: Zoroark|Illusion\n|faint|p2a: Zoroark\n|\n|upkeep\n|inactive|Smurfcatrocks has 30 seconds left this turn.\n|\n|t:|1699475886\n|switch|p2a: Kingambit|Kingambit, F|34\/100\n|-activate|p2a: Kingambit|ability: Supreme Overlord\n|-start|p2a: Kingambit|fallen5|[silent]\n|turn|18\n|c|\u2606Hatdestroyer3XD|mid ahh game\n|inactive|Smurfcatrocks has 30 seconds left.\n|inactive|Hatdestroyer3XD has 120 seconds left.\n|\n|t:|1699475906\n|move|p2a: Kingambit|Sucker Punch||[still]\n|-fail|p2a: Kingambit\n|move|p1a: Sinistcha|Strength Sap|p2a: Kingambit\n|-unboost|p2a: Kingambit|atk|1\n|-heal|p1a: Sinistcha|100\/100\n|\n|upkeep\n|turn|19\n|inactive|Hatdestroyer3XD has 120 seconds left.\n|c|\u2606Hatdestroyer3XD|just go bro\n|inactive|Smurfcatrocks has 30 seconds left.\n|c|\u2606Hatdestroyer3XD|idc\n|c|\u2606Smurfcatrocks|Cmon broooooo\n|inactive|Smurfcatrocks has 20 seconds left.\n|inactive|Smurfcatrocks has 15 seconds left.\n|c|\u2606Hatdestroyer3XD|wdym \"cmon bro\"\n|inactive|Smurfcatrocks has 10 seconds left.\n|c|\u2606Hatdestroyer3XD|??\n|\n|t:|1699475944\n|switch|p1a: Meowscarada|Meowscarada, M, shiny|100\/100\n|move|p2a: Kingambit|Sucker Punch||[still]\n|-fail|p2a: Kingambit\n|\n|upkeep\n|turn|20\n|inactive|Smurfcatrocks has 20 seconds left this turn.\n|inactive|Smurfcatrocks has 15 seconds left.\n|\n|t:|1699475951\n|move|p2a: Kingambit|Sucker Punch||[still]\n|-fail|p2a: Kingambit\n|move|p1a: Meowscarada|Hone Claws|p1a: Meowscarada\n|-boost|p1a: Meowscarada|atk|1\n|-boost|p1a: Meowscarada|accuracy|1\n|\n|upkeep\n|turn|21\n|inactive|Smurfcatrocks has 25 seconds left this turn.\n|c|\u2606Hatdestroyer3XD|scared\n|c|\u2606Hatdestroyer3XD|L\n|inactive|Smurfcatrocks has 20 seconds left.\n|-message|Hatdestroyer3XD forfeited.\n|\n|win|Smurfcatrocks\n|inactive|Smurfcatrocks has 30 seconds left this turn.\n|raw|Smurfcatrocks's rating: 1207 &rarr; <strong>1229<\/strong><br \/>(+22 for winning)\n|raw|Hatdestroyer3XD's rating: 1161 &rarr; <strong>1139<\/strong><br \/>(-22 for losing)\n|l|\u2606Hatdestroyer3XD\n","uploadtime":1699475975,"views":6,"p1id":"smurfcatrocks","p2id":"hatdestroyer3xd","formatid":"gen9anythinggoes","rating":1139,"private":0,"password":""}