{"id":"gen9anythinggoes-1978239014","p1":"terra990","p2":"deppymon","format":"[Gen 9] Anything Goes","log":"|j|\u2606terra990\n|j|\u2606deppymon\n|t:|1698515903\n|gametype|singles\n|player|p1|terra990|nate|1433\n|player|p2|deppymon|guzma|1351\n|teamsize|p1|6\n|teamsize|p2|6\n|gen|9\n|tier|[Gen 9] Anything Goes\n|rated|\n|rule|HP Percentage Mod: HP is shown in percentages\n|rule|Endless Battle Clause: Forcing endless battles is banned\n|clearpoke\n|poke|p1|Miraidon|\n|poke|p1|Zacian-*|\n|poke|p1|Iron Valiant|\n|poke|p1|Ogerpon-Hearthflame, F|\n|poke|p1|Roaring Moon|\n|poke|p1|Moltres-Galar|\n|poke|p2|Zacian-*|\n|poke|p2|Miraidon|\n|poke|p2|Calyrex-Shadow|\n|poke|p2|Iron Valiant|\n|poke|p2|Groudon|\n|poke|p2|Walking Wake|\n|teampreview\n|inactive|Battle timer is ON: inactive players will automatically lose when time's up. (requested by terra990)\n|\n|t:|1698515923\n|start\n|switch|p1a: Roaring Moon|Roaring Moon|100\/100\n|switch|p2a: gecgecgecgecgec|Calyrex-Shadow|100\/100\n|-ability|p2a: gecgecgecgecgec|As One\n|-ability|p2a: gecgecgecgecgec|Unnerve\n|-enditem|p1a: Roaring Moon|Booster Energy\n|-activate|p1a: Roaring Moon|ability: Protosynthesis|[fromitem]\n|-start|p1a: Roaring Moon|protosynthesisatk\n|turn|1\n|c|\u2606terra990|oh god\n|\n|t:|1698515941\n|switch|p2a: Iron Valorant|Iron Valiant|100\/100\n|move|p1a: Roaring Moon|Dragon Dance|p1a: Roaring Moon\n|-boost|p1a: Roaring Moon|atk|1\n|-boost|p1a: Roaring Moon|spe|1\n|\n|upkeep\n|turn|2\n|\n|t:|1698515949\n|move|p1a: Roaring Moon|Earthquake|p2a: Iron Valorant\n|-damage|p2a: Iron Valorant|2\/100\n|move|p2a: Iron Valorant|Moonblast|p1a: Roaring Moon\n|-supereffective|p1a: Roaring Moon\n|-damage|p1a: Roaring Moon|0 fnt\n|faint|p1a: Roaring Moon\n|-end|p1a: Roaring Moon|Protosynthesis|[silent]\n|\n|upkeep\n|\n|t:|1698515956\n|switch|p1a: Moltres|Moltres-Galar|100\/100\n|turn|3\n|\n|t:|1698515961\n|move|p2a: Iron Valorant|Thunderbolt|p1a: Moltres\n|-supereffective|p1a: Moltres\n|-crit|p1a: Moltres\n|-damage|p1a: Moltres|29\/100\n|-enditem|p1a: Moltres|Weakness Policy\n|-boost|p1a: Moltres|atk|2|[from] item: Weakness Policy\n|-boost|p1a: Moltres|spa|2|[from] item: Weakness Policy\n|-ability|p1a: Moltres|Berserk|boost\n|-boost|p1a: Moltres|spa|1\n|move|p1a: Moltres|Hex|p2a: Iron Valorant\n|-damage|p2a: Iron Valorant|0 fnt\n|faint|p2a: Iron Valorant\n|-end|p2a: Iron Valorant|Quark Drive|[silent]\n|\n|upkeep\n|\n|t:|1698515977\n|switch|p2a: 2010 honda civic|Miraidon|100\/100\n|-fieldstart|move: Electric Terrain|[from] ability: Hadron Engine|[of] p2a: 2010 honda civic\n|turn|4\n|\n|t:|1698515982\n|move|p2a: 2010 honda civic|Volt Switch|p1a: Moltres\n|-supereffective|p1a: Moltres\n|-damage|p1a: Moltres|0 fnt\n|faint|p1a: Moltres\n|\n|t:|1698515988\n|switch|p2a: gecgecgecgecgec|Calyrex-Shadow|100\/100|[from] Volt Switch\n|-ability|p2a: gecgecgecgecgec|As One\n|-ability|p2a: gecgecgecgecgec|Unnerve\n|\n|-damage|p2a: gecgecgecgecgec|88\/100|[from] item: Black Sludge\n|upkeep\n|\n|t:|1698515996\n|switch|p1a: Ogerpon|Ogerpon-Hearthflame, F|100\/100\n|-ability|p1a: Ogerpon|Mold Breaker\n|turn|5\n|\n|t:|1698516001\n|move|p2a: gecgecgecgecgec|Trick||[still]\n|-fail|p2a: gecgecgecgecgec\n|move|p1a: Ogerpon|Knock Off|p2a: gecgecgecgecgec\n|-supereffective|p2a: gecgecgecgecgec\n|-damage|p2a: gecgecgecgecgec|0 fnt\n|-enditem|p2a: gecgecgecgecgec|Black Sludge|[from] move: Knock Off|[of] p1a: Ogerpon\n|faint|p2a: gecgecgecgecgec\n|\n|upkeep\n|\n|t:|1698516018\n|switch|p2a: slay button|Walking Wake|100\/100\n|turn|6\n|\n|t:|1698516029\n|switch|p1a: Miraidon|Miraidon|100\/100\n|-activate|p1a: Miraidon|ability: Hadron Engine\n|-terastallize|p2a: slay button|Water\n|move|p2a: slay button|Hydro Steam|p1a: Miraidon\n|-resisted|p1a: Miraidon\n|-damage|p1a: Miraidon|76\/100\n|\n|upkeep\n|turn|7\n|\n|t:|1698516039\n|-end|p2a: slay button|Protosynthesis|[silent]\n|switch|p2a: 4 yr old spotted|Zacian-Crowned, shiny|100\/100\n|-ability|p2a: 4 yr old spotted|Intrepid Sword|boost\n|-boost|p2a: 4 yr old spotted|atk|1\n|move|p1a: Miraidon|Dragon Pulse|p2a: 4 yr old spotted\n|-immune|p2a: 4 yr old spotted\n|\n|upkeep\n|turn|8\n|\n|t:|1698516052\n|switch|p2a: Primal Groudon|Groudon|100\/100\n|-weather|SunnyDay|[from] ability: Drought|[of] p2a: Primal Groudon\n|move|p1a: Miraidon|Electro Drift|p2a: Primal Groudon\n|-immune|p2a: Primal Groudon\n|\n|-weather|SunnyDay|[upkeep]\n|-fieldend|move: Electric Terrain\n|upkeep\n|turn|9\n|\n|t:|1698516065\n|switch|p1a: Ogerpon|Ogerpon-Hearthflame, F|100\/100\n|-ability|p1a: Ogerpon|Mold Breaker\n|move|p2a: Primal Groudon|Dragon Pulse|p1a: Ogerpon\n|-damage|p1a: Ogerpon|67\/100\n|\n|-weather|SunnyDay|[upkeep]\n|upkeep\n|turn|10\n|\n|t:|1698516086\n|switch|p2a: 2010 honda civic|Miraidon|100\/100\n|-fieldstart|move: Electric Terrain|[from] ability: Hadron Engine|[of] p2a: 2010 honda civic\n|move|p1a: Ogerpon|Swords Dance|p1a: Ogerpon\n|-boost|p1a: Ogerpon|atk|2\n|\n|-weather|SunnyDay|[upkeep]\n|upkeep\n|turn|11\n|\n|t:|1698516101\n|move|p2a: 2010 honda civic|Volt Switch|p1a: Ogerpon\n|-resisted|p1a: Ogerpon\n|-damage|p1a: Ogerpon|27\/100\n|\n|t:|1698516107\n|switch|p2a: slay button|Walking Wake, tera:Water|100\/100|[from] Volt Switch\n|-activate|p2a: slay button|ability: Protosynthesis\n|-start|p2a: slay button|protosynthesisspa\n|move|p1a: Ogerpon|Ivy Cudgel|p2a: slay button\n|-resisted|p2a: slay button\n|-damage|p2a: slay button|0 fnt\n|faint|p2a: slay button\n|-end|p2a: slay button|Protosynthesis|[silent]\n|\n|-weather|SunnyDay|[upkeep]\n|upkeep\n|\n|t:|1698516122\n|switch|p2a: 4 yr old spotted|Zacian-Crowned, shiny|100\/100\n|turn|12\n|inactive|deppymon has 120 seconds left.\n|\n|t:|1698516142\n|move|p2a: 4 yr old spotted|Behemoth Blade|p1a: Ogerpon\n|-resisted|p1a: Ogerpon\n|-damage|p1a: Ogerpon|0 fnt\n|faint|p1a: Ogerpon\n|\n|-weather|none\n|upkeep\n|\n|t:|1698516149\n|switch|p1a: Zacian|Zacian-Crowned|100\/100\n|-ability|p1a: Zacian|Intrepid Sword|boost\n|-boost|p1a: Zacian|atk|1\n|turn|13\n|inactive|deppymon has 120 seconds left.\n|\n|t:|1698516167\n|move|p2a: 4 yr old spotted|Close Combat|p1a: Zacian\n|-damage|p1a: Zacian|58\/100\n|-unboost|p2a: 4 yr old spotted|def|1\n|-unboost|p2a: 4 yr old spotted|spd|1\n|move|p1a: Zacian|Behemoth Blade|p2a: 4 yr old spotted\n|-damage|p2a: 4 yr old spotted|0 fnt\n|faint|p2a: 4 yr old spotted\n|\n|upkeep\n|\n|t:|1698516177\n|switch|p2a: Primal Groudon|Groudon|100\/100\n|-weather|SunnyDay|[from] ability: Drought|[of] p2a: Primal Groudon\n|turn|14\n|inactive|deppymon has 120 seconds left.\n|\n|t:|1698516184\n|move|p1a: Zacian|Behemoth Blade|p2a: Primal Groudon\n|-damage|p2a: Primal Groudon|48\/100\n|move|p2a: Primal Groudon|Earth Power|p1a: Zacian\n|-supereffective|p1a: Zacian\n|-damage|p1a: Zacian|0 fnt\n|faint|p1a: Zacian\n|\n|-weather|SunnyDay|[upkeep]\n|-fieldend|move: Electric Terrain\n|upkeep\n|\n|t:|1698516195\n|switch|p1a: Miraidon|Miraidon|76\/100\n|-fieldstart|move: Electric Terrain|[from] ability: Hadron Engine|[of] p1a: Miraidon\n|turn|15\n|\n|t:|1698516203\n|move|p1a: Miraidon|Dragon Pulse|p2a: Primal Groudon\n|-damage|p2a: Primal Groudon|11\/100\n|move|p2a: Primal Groudon|Earth Power|p1a: Miraidon\n|-supereffective|p1a: Miraidon\n|-damage|p1a: Miraidon|0 fnt\n|faint|p1a: Miraidon\n|\n|-weather|SunnyDay|[upkeep]\n|upkeep\n|\n|t:|1698516210\n|switch|p1a: Iron Valiant|Iron Valiant|100\/100\n|-activate|p1a: Iron Valiant|ability: Quark Drive\n|-start|p1a: Iron Valiant|quarkdrivespe\n|turn|16\n|\n|t:|1698516215\n|switch|p2a: 2010 honda civic|Miraidon|100\/100\n|-activate|p2a: 2010 honda civic|ability: Hadron Engine\n|move|p1a: Iron Valiant|Drain Punch|p2a: 2010 honda civic\n|-damage|p2a: 2010 honda civic|64\/100\n|\n|-weather|SunnyDay|[upkeep]\n|upkeep\n|turn|17\n|\n|t:|1698516223\n|move|p2a: 2010 honda civic|Volt Switch|p1a: Iron Valiant\n|-damage|p1a: Iron Valiant|0 fnt\n|faint|p1a: Iron Valiant\n|-end|p1a: Iron Valiant|Quark Drive|[silent]\n|\n|win|deppymon\n|raw|terra990's rating: 1433 &rarr; <strong>1408<\/strong><br \/>(-25 for losing)\n|raw|deppymon's rating: 1351 &rarr; <strong>1376<\/strong><br \/>(+25 for winning)\n|c|\u2606terra990|gg\n|c|\u2606deppymon|gg\n|l|\u2606terra990\n","uploadtime":1698516243,"views":13,"p1id":"terra990","p2id":"deppymon","formatid":"gen9anythinggoes","rating":1376,"private":0,"password":""}