{"id":"gen9anythinggoes-1993192609","p1":"LingLing007","p2":"KerMigma","format":"[Gen 9] Anything Goes","log":"|j|\u2606LingLing007\n|j|\u2606KerMigma\n|t:|1700276181\n|gametype|singles\n|player|p1|LingLing007|proton|1177\n|player|p2|KerMigma|veteran|1221\n|teamsize|p1|6\n|teamsize|p2|6\n|gen|9\n|tier|[Gen 9] Anything Goes\n|rated|\n|rule|HP Percentage Mod: HP is shown in percentages\n|rule|Endless Battle Clause: Forcing endless battles is banned\n|clearpoke\n|poke|p1|Roaring Moon|\n|poke|p1|Greninja-*, M|\n|poke|p1|Grimmsnarl, M|\n|poke|p1|Lokix, M|\n|poke|p1|Meowscarada, F|\n|poke|p1|Wo-Chien|\n|poke|p2|Sableye, M|\n|poke|p2|Rotom|\n|poke|p2|Gholdengo|\n|poke|p2|Zoroark-Hisui, M|\n|poke|p2|Mimikyu, M|\n|poke|p2|Basculegion, M|\n|teampreview\n|inactive|Battle timer is ON: inactive players will automatically lose when time's up. (requested by LingLing007)\n|\n|t:|1700276195\n|start\n|switch|p1a: Grimmsnarl|Grimmsnarl, M|100\/100\n|switch|p2a: Blubberbernd|Basculegion, M, shiny|100\/100\n|turn|1\n|\n|t:|1700276202\n|move|p1a: Grimmsnarl|Reflect|p1a: Grimmsnarl\n|-sidestart|p1: LingLing007|Reflect\n|move|p2a: Blubberbernd|Taunt|p1a: Grimmsnarl\n|-start|p1a: Grimmsnarl|move: Taunt\n|\n|upkeep\n|turn|2\n|\n|t:|1700276225\n|switch|p1a: Wo-Chien|Wo-Chien|100\/100\n|-ability|p1a: Wo-Chien|Tablets of Ruin\n|move|p2a: Blubberbernd|Focus Blast|p1a: Wo-Chien\n|-supereffective|p1a: Wo-Chien\n|-damage|p1a: Wo-Chien|57\/100\n|-unboost|p1a: Wo-Chien|spd|1\n|\n|-heal|p1a: Wo-Chien|63\/100|[from] item: Leftovers\n|upkeep\n|turn|3\n|\n|t:|1700276245\n|move|p2a: Blubberbernd|Focus Blast|p1a: Wo-Chien|[miss]\n|-miss|p2a: Blubberbernd|p1a: Wo-Chien\n|move|p1a: Wo-Chien|Leech Seed|p2a: Blubberbernd\n|-start|p2a: Blubberbernd|move: Leech Seed\n|\n|-heal|p1a: Wo-Chien|69\/100|[from] item: Leftovers\n|-damage|p2a: Blubberbernd|88\/100|[from] Leech Seed|[of] p1a: Wo-Chien\n|-heal|p1a: Wo-Chien|77\/100|[silent]\n|upkeep\n|turn|4\n|\n|t:|1700276252\n|move|p1a: Wo-Chien|Protect|p1a: Wo-Chien\n|-singleturn|p1a: Wo-Chien|Protect\n|move|p2a: Blubberbernd|Focus Blast|p1a: Wo-Chien\n|-activate|p1a: Wo-Chien|move: Protect\n|\n|-heal|p1a: Wo-Chien|83\/100|[from] item: Leftovers\n|-damage|p2a: Blubberbernd|76\/100|[from] Leech Seed|[of] p1a: Wo-Chien\n|-heal|p1a: Wo-Chien|92\/100|[silent]\n|upkeep\n|turn|5\n|\n|t:|1700276261\n|move|p2a: Blubberbernd|Focus Blast|p1a: Wo-Chien\n|-supereffective|p1a: Wo-Chien\n|-damage|p1a: Wo-Chien|26\/100\n|move|p1a: Wo-Chien|Ruination|p2a: Blubberbernd\n|-damage|p2a: Blubberbernd|38\/100\n|replace|p2a: Jebaited|Zoroark-Hisui, M\n|-end|p2a: Jebaited|Illusion\n|\n|-heal|p1a: Wo-Chien|33\/100|[from] item: Leftovers\n|-damage|p2a: Jebaited|26\/100|[from] Leech Seed|[of] p1a: Wo-Chien\n|-heal|p1a: Wo-Chien|41\/100|[silent]\n|upkeep\n|turn|6\n|\n|t:|1700276272\n|move|p1a: Wo-Chien|Protect|p1a: Wo-Chien\n|-singleturn|p1a: Wo-Chien|Protect\n|move|p2a: Jebaited|Focus Blast|p1a: Wo-Chien\n|-activate|p1a: Wo-Chien|move: Protect\n|\n|-heal|p1a: Wo-Chien|47\/100|[from] item: Leftovers\n|-damage|p2a: Jebaited|14\/100|[from] Leech Seed|[of] p1a: Wo-Chien\n|-heal|p1a: Wo-Chien|55\/100|[silent]\n|upkeep\n|turn|7\n|\n|t:|1700276291\n|switch|p1a: Grimmsnarl|Grimmsnarl, M|100\/100\n|move|p2a: Jebaited|Focus Blast|p1a: Grimmsnarl|[miss]\n|-miss|p2a: Jebaited|p1a: Grimmsnarl\n|\n|-damage|p2a: Jebaited|1\/100|[from] Leech Seed|[of] p1a: Grimmsnarl\n|upkeep\n|turn|8\n|\n|t:|1700276300\n|move|p1a: Grimmsnarl|Reflect||[still]\n|-fail|p1a: Grimmsnarl\n|move|p2a: Jebaited|Taunt|p1a: Grimmsnarl\n|-start|p1a: Grimmsnarl|move: Taunt\n|\n|-damage|p2a: Jebaited|0 fnt|[from] Leech Seed|[of] p1a: Grimmsnarl\n|faint|p2a: Jebaited\n|-sideend|p1: LingLing007|Reflect\n|upkeep\n|\n|t:|1700276319\n|switch|p2a: Gholdengo|Gholdengo|100\/100\n|turn|9\n|\n|t:|1700276331\n|switch|p1a: Wo-Chien|Wo-Chien|55\/100\n|-ability|p1a: Wo-Chien|Tablets of Ruin\n|move|p2a: Gholdengo|Nasty Plot|p2a: Gholdengo\n|-boost|p2a: Gholdengo|spa|2\n|\n|-heal|p1a: Wo-Chien|61\/100|[from] item: Leftovers\n|upkeep\n|turn|10\n|\n|t:|1700276345\n|-terastallize|p2a: Gholdengo|Steel\n|move|p2a: Gholdengo|Make It Rain|p1a: Wo-Chien\n|-damage|p1a: Wo-Chien|0 fnt\n|-unboost|p2a: Gholdengo|spa|1\n|faint|p1a: Wo-Chien\n|\n|upkeep\n|\n|t:|1700276353\n|switch|p1a: Grimmsnarl|Grimmsnarl, M|100\/100\n|turn|11\n|\n|t:|1700276358\n|move|p1a: Grimmsnarl|Light Screen|p1a: Grimmsnarl\n|-sidestart|p1: LingLing007|move: Light Screen\n|move|p2a: Gholdengo|Make It Rain|p1a: Grimmsnarl\n|-supereffective|p1a: Grimmsnarl\n|-damage|p1a: Grimmsnarl|9\/100\n|-unboost|p2a: Gholdengo|spa|1\n|\n|upkeep\n|turn|12\n|\n|t:|1700276369\n|move|p1a: Grimmsnarl|Thunder Wave|p2a: Gholdengo\n|-immune|p2a: Gholdengo|[from] ability: Good as Gold\n|move|p2a: Gholdengo|Shadow Ball|p1a: Grimmsnarl\n|-resisted|p1a: Grimmsnarl\n|-damage|p1a: Grimmsnarl|1\/100\n|\n|upkeep\n|turn|13\n|\n|t:|1700276376\n|switch|p1a: Roaring Moon|Roaring Moon|100\/100\n|-enditem|p1a: Roaring Moon|Booster Energy\n|-activate|p1a: Roaring Moon|ability: Protosynthesis|[fromitem]\n|-start|p1a: Roaring Moon|protosynthesisspe\n|move|p2a: Gholdengo|Make It Rain|p1a: Roaring Moon\n|-damage|p1a: Roaring Moon|58\/100\n|-unboost|p2a: Gholdengo|spa|1\n|\n|upkeep\n|turn|14\n|\n|t:|1700276401\n|switch|p2a: Sableye|Sableye, M|100\/100\n|move|p1a: Roaring Moon|Dragon Dance|p1a: Roaring Moon\n|-boost|p1a: Roaring Moon|atk|1\n|-boost|p1a: Roaring Moon|spe|1\n|\n|upkeep\n|turn|15\n|\n|t:|1700276408\n|switch|p2a: Rotom|Rotom|100\/100\n|move|p1a: Roaring Moon|Acrobatics|p2a: Rotom\n|-resisted|p2a: Rotom\n|-damage|p2a: Rotom|52\/100\n|\n|upkeep\n|turn|16\n|\n|t:|1700276417\n|move|p1a: Roaring Moon|Crunch|p2a: Rotom\n|-supereffective|p2a: Rotom\n|-enditem|p2a: Rotom|Colbur Berry|[eat]\n|-enditem|p2a: Rotom|Colbur Berry|[weaken]\n|-damage|p2a: Rotom|0 fnt\n|faint|p2a: Rotom\n|\n|upkeep\n|\n|t:|1700276425\n|switch|p2a: Champ|Mimikyu, M|100\/100\n|turn|17\n|\n|t:|1700276432\n|move|p1a: Roaring Moon|Acrobatics|p2a: Champ\n|-activate|p2a: Champ|ability: Disguise\n|-damage|p2a: Champ|100\/100\n|detailschange|p2a: Champ|Mimikyu-Busted, M\n|-damage|p2a: Champ|88\/100|[from] pokemon: Mimikyu-Busted\n|move|p2a: Champ|Play Rough|p1a: Roaring Moon\n|-supereffective|p1a: Roaring Moon\n|-damage|p1a: Roaring Moon|0 fnt\n|faint|p1a: Roaring Moon\n|-end|p1a: Roaring Moon|Protosynthesis|[silent]\n|-damage|p2a: Champ|78\/100|[from] item: Life Orb\n|\n|upkeep\n|\n|t:|1700276436\n|switch|p1a: Lokix|Lokix, M|100\/100\n|turn|18\n|\n|t:|1700276445\n|move|p1a: Lokix|First Impression|p2a: Champ\n|-resisted|p2a: Champ\n|-damage|p2a: Champ|32\/100\n|-damage|p1a: Lokix|91\/100|[from] item: Life Orb\n|move|p2a: Champ|Play Rough|p1a: Lokix\n|-supereffective|p1a: Lokix\n|-damage|p1a: Lokix|0 fnt\n|faint|p1a: Lokix\n|-damage|p2a: Champ|22\/100|[from] item: Life Orb\n|\n|-sideend|p1: LingLing007|move: Light Screen\n|upkeep\n|\n|t:|1700276453\n|switch|p1a: Meowscarada|Meowscarada, F|100\/100\n|turn|19\n|\n|t:|1700276460\n|move|p1a: Meowscarada|Flower Trick|p2a: Champ\n|-start|p1a: Meowscarada|typechange|Grass|[from] ability: Protean\n|-crit|p2a: Champ\n|-damage|p2a: Champ|0 fnt\n|faint|p2a: Champ\n|\n|upkeep\n|\n|t:|1700276472\n|switch|p2a: Gholdengo|Gholdengo, tera:Steel|100\/100\n|turn|20\n|\n|t:|1700276480\n|move|p1a: Meowscarada|Flower Trick|p2a: Gholdengo\n|-resisted|p2a: Gholdengo\n|-crit|p2a: Gholdengo\n|-damage|p2a: Gholdengo|56\/100\n|move|p2a: Gholdengo|Nasty Plot|p2a: Gholdengo\n|-boost|p2a: Gholdengo|spa|2\n|\n|upkeep\n|turn|21\n|\n|t:|1700276491\n|move|p1a: Meowscarada|Flower Trick|p2a: Gholdengo\n|-resisted|p2a: Gholdengo\n|-crit|p2a: Gholdengo\n|-damage|p2a: Gholdengo|12\/100\n|move|p2a: Gholdengo|Make It Rain|p1a: Meowscarada\n|-damage|p1a: Meowscarada|0 fnt\n|-unboost|p2a: Gholdengo|spa|1\n|faint|p1a: Meowscarada\n|\n|upkeep\n|\n|t:|1700276497\n|switch|p1a: Greninja|Greninja, M|100\/100\n|turn|22\n|\n|t:|1700276512\n|move|p1a: Greninja|Dark Pulse|p2a: Gholdengo\n|-damage|p2a: Gholdengo|0 fnt\n|faint|p2a: Gholdengo\n|-ability|p1a: Greninja|Battle Bond|boost\n|-boost|p1a: Greninja|atk|1\n|-boost|p1a: Greninja|spa|1\n|-boost|p1a: Greninja|spe|1\n|-activate|p1a: Greninja|ability: Battle Bond\n|\n|upkeep\n|c|\u2606KerMigma|You are not allowed to loose thjis\n|c|\u2606KerMigma|your dark and I am ghost\n|\n|t:|1700276526\n|switch|p2a: Sableye|Sableye, M|100\/100\n|turn|23\n|\n|t:|1700276537\n|move|p1a: Greninja|Water Shuriken|p2a: Sableye\n|-damage|p2a: Sableye|84\/100\n|-damage|p2a: Sableye|67\/100\n|-damage|p2a: Sableye|51\/100\n|-hitcount|p2a: Sableye|3\n|move|p2a: Sableye|Light Screen|p2a: Sableye\n|-sidestart|p2: KerMigma|move: Light Screen\n|\n|upkeep\n|turn|24\n|\n|t:|1700276546\n|move|p1a: Greninja|Water Shuriken|p2a: Sableye\n|-damage|p2a: Sableye|42\/100\n|-damage|p2a: Sableye|34\/100\n|-hitcount|p2a: Sableye|2\n|move|p2a: Sableye|Rain Dance|p2a: Sableye\n|-weather|RainDance\n|\n|-weather|RainDance|[upkeep]\n|upkeep\n|turn|25\n|\n|t:|1700276554\n|move|p1a: Greninja|Water Shuriken|p2a: Sableye\n|-damage|p2a: Sableye|22\/100\n|-damage|p2a: Sableye|10\/100\n|-hitcount|p2a: Sableye|2\n|move|p2a: Sableye|Reflect|p2a: Sableye\n|-sidestart|p2: KerMigma|Reflect\n|\n|-weather|RainDance|[upkeep]\n|upkeep\n|turn|26\n|\n|t:|1700276561\n|move|p1a: Greninja|Water Shuriken|p2a: Sableye\n|-damage|p2a: Sableye|0 fnt\n|faint|p2a: Sableye\n|-hitcount|p2: Sableye|1\n|\n|-weather|RainDance|[upkeep]\n|upkeep\n|\n|t:|1700276566\n|switch|p2a: Blubberbernd|Basculegion, M, shiny|100\/100\n|turn|27\n|\n|t:|1700276574\n|-terastallize|p1a: Greninja|Normal\n|move|p1a: Greninja|Dark Pulse|p2a: Blubberbernd\n|-supereffective|p2a: Blubberbernd\n|-damage|p2a: Blubberbernd|63\/100\n|move|p2a: Blubberbernd|Last Respects|p1a: Greninja\n|-immune|p1a: Greninja\n|\n|-weather|RainDance|[upkeep]\n|upkeep\n|turn|28\n|\n|t:|1700276584\n|move|p1a: Greninja|Dark Pulse|p2a: Blubberbernd\n|-supereffective|p2a: Blubberbernd\n|-damage|p2a: Blubberbernd|23\/100\n|move|p2a: Blubberbernd|Wave Crash|p1a: Greninja\n|-damage|p1a: Greninja|0 fnt\n|faint|p1a: Greninja\n|-damage|p2a: Blubberbernd|0 fnt|[from] Recoil\n|faint|p2a: Blubberbernd\n|\n|win|LingLing007\n|raw|LingLing007's rating: 1177 &rarr; <strong>1205<\/strong><br \/>(+28 for winning)\n|raw|KerMigma's rating: 1221 &rarr; <strong>1193<\/strong><br \/>(-28 for losing)\n|c|\u2606LingLing007|gg\n","uploadtime":1700276592,"views":9,"p1id":"lingling007","p2id":"kermigma","formatid":"gen9anythinggoes","rating":1193,"private":0,"password":""}