{"id":"gen9anythinggoes-1991977816","p1":"Keksyyy","p2":"pasbot1908","format":"[Gen 9] Anything Goes","log":"|j|\u2606Keksyyy\n|j|\u2606pasbot1908\n|t:|1700144476\n|gametype|singles\n|player|p1|Keksyyy|madame-gen4|\n|player|p2|pasbot1908|2|\n|teamsize|p1|6\n|teamsize|p2|6\n|gen|9\n|tier|[Gen 9] Anything Goes\n|rule|HP Percentage Mod: HP is shown in percentages\n|rule|Endless Battle Clause: Forcing endless battles is banned\n|clearpoke\n|poke|p1|Arcanine-Hisui, F|\n|poke|p1|Tornadus-Therian, M|\n|poke|p1|Chien-Pao|\n|poke|p1|Jirachi|\n|poke|p1|Alomomola, M|\n|poke|p1|Shaymin-Sky|\n|poke|p2|Iron Bundle|\n|poke|p2|Urshifu-*, F|\n|poke|p2|Garchomp, M|\n|poke|p2|Glimmora, F|\n|poke|p2|Thundurus-Therian, M|\n|poke|p2|Decidueye, M|\n|teampreview\n|c|\u2606pasbot1908|gl hf ^^\n|c|\u2606Keksyyy|Viel Spa\u00df und Erfolg\n|c|\u2606pasbot1908|thx ^^\n|c|\u2606pasbot1908|alles gut ?\n|c|\u2606Keksyyy|Ja, musste kurz die T\u00fcr aufmachen\n|c|\u2606pasbot1908|ah okay ^^\n|\n|t:|1700144710\n|start\n|switch|p1a: Naofumi Iwatani|Shaymin-Sky|100\/100\n|switch|p2a: Iron Bundle|Iron Bundle|100\/100\n|turn|1\n|\n|t:|1700144768\n|switch|p1a: Glass|Jirachi|100\/100\n|move|p2a: Iron Bundle|Freeze-Dry|p1a: Glass\n|-resisted|p1a: Glass\n|-damage|p1a: Glass|84\/100\n|\n|upkeep\n|turn|2\n|\n|t:|1700144820\n|move|p2a: Iron Bundle|Flip Turn|p1a: Glass\n|-damage|p1a: Glass|69\/100\n|\n|t:|1700144833\n|-end|p2a: Iron Bundle|Quark Drive|[silent]\n|switch|p2a: Thundurus|Thundurus-Therian, M|100\/100|[from] Flip Turn\n|move|p1a: Glass|Flash Cannon|p2a: Thundurus\n|-resisted|p2a: Thundurus\n|-damage|p2a: Thundurus|77\/100\n|\n|upkeep\n|turn|3\n|\n|t:|1700144883\n|move|p2a: Thundurus|Knock Off|p1a: Glass\n|-supereffective|p1a: Glass\n|-damage|p1a: Glass|9\/100\n|-enditem|p1a: Glass|Weakness Policy\n|-boost|p1a: Glass|atk|2|[from] item: Weakness Policy\n|-boost|p1a: Glass|spa|2|[from] item: Weakness Policy\n|move|p1a: Glass|Flash Cannon|p2a: Thundurus\n|-resisted|p2a: Thundurus\n|-damage|p2a: Thundurus|32\/100\n|-unboost|p2a: Thundurus|spd|1\n|\n|upkeep\n|turn|4\n|\n|t:|1700144915\n|switch|p1a: L'Arc Berg|Arcanine-Hisui, F|100\/100\n|move|p2a: Thundurus|U-turn|p1a: L'Arc Berg\n|-resisted|p1a: L'Arc Berg\n|-damage|p1a: L'Arc Berg|89\/100\n|c|\u2606pasbot1908|wp jiraschi also ^^\n|\n|t:|1700144926\n|switch|p2a: Urshifu|Urshifu-Rapid-Strike, F|100\/100|[from] U-turn\n|\n|upkeep\n|turn|5\n|c|\u2606pasbot1908|oh fuck\n|c|\u2606pasbot1908|ich hab den falschen eingepackt\n|c|\u2606pasbot1908|ja gg nh\n|c|\u2606Keksyyy|well\n|c|\u2606Keksyyy|willst du es trotzdem zu Ende spielen?\n|c|\u2606pasbot1908|ich sollte l\u00e4nger als 5 minuten builden xD\n|c|\u2606pasbot1908|ja von mir aus\n|c|\u2606Keksyyy|mir ist es egal\n|\n|t:|1700145026\n|switch|p1a: Filo|Tornadus-Therian, M|100\/100\n|move|p2a: Urshifu|U-turn|p1a: Filo\n|-resisted|p1a: Filo\n|-damage|p1a: Filo|79\/100\n|-enditem|p1a: Filo|Eject Button\n|c|\u2606pasbot1908|ja dann auf\n|\n|t:|1700145044\n|switch|p1a: Melty Q. Melromarc|Alomomola, M|100\/100\n|\n|upkeep\n|turn|6\n|\n|t:|1700145055\n|move|p2a: Urshifu|U-turn|p1a: Melty Q. Melromarc\n|-damage|p1a: Melty Q. Melromarc|85\/100\n|\n|t:|1700145067\n|switch|p2a: Iron Bundle|Iron Bundle|100\/100|[from] U-turn\n|move|p1a: Melty Q. Melromarc|Wish|p1a: Melty Q. Melromarc\n|\n|upkeep\n|turn|7\n|\n|t:|1700145102\n|move|p2a: Iron Bundle|Flip Turn|p1a: Melty Q. Melromarc\n|-resisted|p1a: Melty Q. Melromarc\n|-damage|p1a: Melty Q. Melromarc|80\/100\n|\n|t:|1700145109\n|-end|p2a: Iron Bundle|Quark Drive|[silent]\n|switch|p2a: Glimmora|Glimmora, F|100\/100|[from] Flip Turn\n|move|p1a: Melty Q. Melromarc|Flip Turn|p2a: Glimmora\n|-supereffective|p2a: Glimmora\n|-damage|p2a: Glimmora|67\/100\n|-activate|p2a: Glimmora|ability: Toxic Debris\n|-sidestart|p1: Keksyyy|move: Toxic Spikes\n|\n|t:|1700145141\n|switch|p1a: Glass|Jirachi|9\/100|[from] Flip Turn\n|\n|-heal|p1a: Glass|87\/100|[from] move: Wish|[wisher] Melty Q. Melromarc\n|upkeep\n|turn|8\n|\n|t:|1700145150\n|move|p1a: Glass|Flash Cannon|p2a: Glimmora\n|-supereffective|p2a: Glimmora\n|-damage|p2a: Glimmora|0 fnt\n|faint|p2a: Glimmora\n|\n|upkeep\n|\n|t:|1700145155\n|switch|p2a: Garchomp|Garchomp, M|100\/100\n|turn|9\n|\n|t:|1700145170\n|switch|p1a: Filo|Tornadus-Therian, M|100\/100\n|move|p2a: Garchomp|Scale Shot|p1a: Filo|[miss]\n|-miss|p2a: Garchomp|p1a: Filo\n|\n|upkeep\n|turn|10\n|\n|t:|1700145178\n|switch|p2a: Iron Bundle|Iron Bundle|100\/100\n|move|p1a: Filo|Knock Off|p2a: Iron Bundle\n|-damage|p2a: Iron Bundle|66\/100\n|-enditem|p2a: Iron Bundle|Heavy-Duty Boots|[from] move: Knock Off|[of] p1a: Filo\n|\n|upkeep\n|turn|11\n|\n|t:|1700145201\n|move|p2a: Iron Bundle|Flip Turn|p1a: Filo\n|-damage|p1a: Filo|76\/100\n|\n|t:|1700145205\n|-end|p2a: Iron Bundle|Quark Drive|[silent]\n|switch|p2a: Thundurus|Thundurus-Therian, M|32\/100|[from] Flip Turn\n|move|p1a: Filo|Hurricane|p2a: Thundurus|[miss]\n|-miss|p1a: Filo|p2a: Thundurus\n|\n|upkeep\n|turn|12\n|\n|t:|1700145222\n|move|p1a: Filo|Knock Off|p2a: Thundurus\n|-damage|p2a: Thundurus|1\/100\n|move|p2a: Thundurus|Wild Charge|p1a: Filo\n|-supereffective|p1a: Filo\n|-damage|p1a: Filo|0 fnt\n|faint|p1a: Filo\n|-damage|p2a: Thundurus|0 fnt|[from] Recoil\n|faint|p2a: Thundurus\n|\n|upkeep\n|c|\u2606Keksyyy|wait\n|c|\u2606pasbot1908|?\n|c|\u2606Keksyyy|du hast kein Item auf dem?\n|c|\u2606pasbot1908|n\u00f6\n|c|\u2606pasbot1908|wegen acrobatics\n|\n|t:|1700145287\n|switch|p1a: L'Arc Berg|Arcanine-Hisui, F|89\/100\n|switch|p2a: Garchomp|Garchomp, M|100\/100\n|-status|p1a: L'Arc Berg|psn\n|turn|13\n|c|\u2606Keksyyy|ahh\n|\n|t:|1700145299\n|move|p1a: L'Arc Berg|Outrage|p2a: Garchomp\n|-supereffective|p2a: Garchomp\n|-damage|p2a: Garchomp|17\/100\n|-damage|p1a: L'Arc Berg|76\/100 psn|[from] ability: Rough Skin|[of] p2a: Garchomp\n|-damage|p1a: L'Arc Berg|66\/100 psn|[from] item: Life Orb\n|move|p2a: Garchomp|Scale Shot|p1a: L'Arc Berg\n|-damage|p1a: L'Arc Berg|47\/100 psn\n|-damage|p1a: L'Arc Berg|29\/100 psn\n|-damage|p1a: L'Arc Berg|12\/100 psn\n|-damage|p1a: L'Arc Berg|0 fnt\n|faint|p1a: L'Arc Berg\n|-hitcount|p1: L'Arc Berg|4\n|-unboost|p2a: Garchomp|def|1\n|-boost|p2a: Garchomp|spe|1\n|\n|upkeep\n|c|\u2606pasbot1908|und nein ist kein loaded dice xD\n|\n|t:|1700145384\n|switch|p1a: Naofumi Iwatani|Shaymin-Sky|100\/100\n|turn|14\n|\n|t:|1700145409\n|-terastallize|p2a: Garchomp|Steel\n|move|p2a: Garchomp|Iron Head|p1a: Naofumi Iwatani\n|-damage|p1a: Naofumi Iwatani|49\/100\n|move|p1a: Naofumi Iwatani|Air Slash|p2a: Garchomp\n|-resisted|p2a: Garchomp\n|-damage|p2a: Garchomp|0 fnt\n|faint|p2a: Garchomp\n|\n|upkeep\n|\n|t:|1700145417\n|switch|p2a: Iron Bundle|Iron Bundle|66\/100\n|turn|15\n|\n|t:|1700145455\n|move|p2a: Iron Bundle|Freeze-Dry|p1a: Naofumi Iwatani\n|-supereffective|p1a: Naofumi Iwatani\n|-damage|p1a: Naofumi Iwatani|0 fnt\n|faint|p1a: Naofumi Iwatani\n|\n|upkeep\n|\n|t:|1700145475\n|switch|p1a: Ren Amaki|Chien-Pao|100\/100\n|-ability|p1a: Ren Amaki|Sword of Ruin\n|turn|16\n|\n|t:|1700145484\n|move|p2a: Iron Bundle|Flip Turn|p1a: Ren Amaki\n|-damage|p1a: Ren Amaki|82\/100\n|\n|t:|1700145487\n|-end|p2a: Iron Bundle|Quark Drive|[silent]\n|switch|p2a: Decidueye|Decidueye, M|100\/100|[from] Flip Turn\n|move|p1a: Ren Amaki|Sacred Sword|p2a: Decidueye\n|-immune|p2a: Decidueye\n|\n|upkeep\n|turn|17\n|\n|t:|1700145499\n|move|p1a: Ren Amaki|Crunch|p2a: Decidueye\n|-supereffective|p2a: Decidueye\n|-damage|p2a: Decidueye|0 fnt\n|faint|p2a: Decidueye\n|\n|upkeep\n|\n|t:|1700145504\n|switch|p2a: Urshifu|Urshifu-Rapid-Strike, F|100\/100\n|turn|18\n|\n|t:|1700145557\n|switch|p1a: Melty Q. Melromarc|Alomomola, M|100\/100\n|-status|p1a: Melty Q. Melromarc|psn\n|move|p2a: Urshifu|U-turn|p1a: Melty Q. Melromarc\n|-damage|p1a: Melty Q. Melromarc|87\/100 psn\n|\n|t:|1700145562\n|switch|p2a: Iron Bundle|Iron Bundle|66\/100|[from] U-turn\n|\n|-damage|p1a: Melty Q. Melromarc|74\/100 psn|[from] psn\n|upkeep\n|turn|19\n|\n|t:|1700145579\n|move|p2a: Iron Bundle|Freeze-Dry|p1a: Melty Q. Melromarc\n|-supereffective|p1a: Melty Q. Melromarc\n|-damage|p1a: Melty Q. Melromarc|0 fnt\n|faint|p1a: Melty Q. Melromarc\n|\n|upkeep\n|\n|t:|1700145582\n|switch|p1a: Glass|Jirachi|87\/100\n|turn|20\n|\n|t:|1700145651\n|move|p2a: Iron Bundle|Hydro Pump|p1a: Glass\n|-damage|p1a: Glass|36\/100\n|move|p1a: Glass|Flash Cannon|p2a: Iron Bundle\n|-damage|p2a: Iron Bundle|0 fnt\n|faint|p2a: Iron Bundle\n|-end|p2a: Iron Bundle|Quark Drive|[silent]\n|\n|upkeep\n|\n|t:|1700145656\n|switch|p2a: Urshifu|Urshifu-Rapid-Strike, F|100\/100\n|turn|21\n|\n|t:|1700145661\n|move|p2a: Urshifu|Close Combat|p1a: Glass\n|-crit|p1a: Glass\n|-damage|p1a: Glass|0 fnt\n|-unboost|p2a: Urshifu|def|1\n|-unboost|p2a: Urshifu|spd|1\n|faint|p1a: Glass\n|\n|upkeep\n|\n|t:|1700145696\n|switch|p1a: Ren Amaki|Chien-Pao|82\/100\n|-ability|p1a: Ren Amaki|Sword of Ruin\n|turn|22\n|c|\u2606pasbot1908|ich h\u00e4tte einfach gewonnen, ich glaubs nicht...\n|c|\u2606pasbot1908|naja gg, schickst du bitte rein ?\n|\n|t:|1700145736\n|move|p2a: Urshifu|Close Combat|p1a: Ren Amaki\n|-supereffective|p1a: Ren Amaki\n|-damage|p1a: Ren Amaki|0 fnt\n|-unboost|p2a: Urshifu|def|1\n|-unboost|p2a: Urshifu|spd|1\n|faint|p1a: Ren Amaki\n|\n|win|pasbot1908\n|c|\u2606Keksyyy|gg\n|c|\u2606pasbot1908|und sagst bescheid wegen regelversto\u00df und so\n|c|\u2606Keksyyy|mache ich\n|c|\u2606pasbot1908|jo danke ^^\n","uploadtime":1700145751,"views":24,"p1id":"keksyyy","p2id":"pasbot1908","formatid":"gen9anythinggoes","rating":0,"private":0,"password":""}