{"id":"gen9anythinggoes-1972506872","p1":"Everphilix","p2":"the maraculous","format":"[Gen 9] Anything Goes","log":"|j|\u2606Everphilix\n|j|\u2606the maraculous\n|t:|1697850711\n|gametype|singles\n|player|p1|Everphilix|lass-gen4dp|1443\n|player|p2|the maraculous|dragontamer|1535\n|teamsize|p1|6\n|teamsize|p2|6\n|gen|9\n|tier|[Gen 9] Anything Goes\n|rated|\n|rule|HP Percentage Mod: HP is shown in percentages\n|rule|Endless Battle Clause: Forcing endless battles is banned\n|clearpoke\n|poke|p1|Dondozo, F|\n|poke|p1|Krookodile, M|\n|poke|p1|Roaring Moon|\n|poke|p1|Mabosstiff, M|\n|poke|p1|Wugtrio, M|\n|poke|p1|Tyranitar, F|\n|poke|p2|Toxapex, M|\n|poke|p2|Miraidon|\n|poke|p2|Miraidon|\n|poke|p2|Chien-Pao|\n|poke|p2|Spidops, M|\n|poke|p2|Annihilape, F|\n|teampreview\n|inactive|Battle timer is ON: inactive players will automatically lose when time's up. (requested by Everphilix)\n|\n|t:|1697850729\n|start\n|switch|p1a: Roaring Moon|Roaring Moon|100\/100\n|switch|p2a: Toxapex|Toxapex, M|100\/100\n|-enditem|p1a: Roaring Moon|Booster Energy\n|-activate|p1a: Roaring Moon|ability: Protosynthesis|[fromitem]\n|-start|p1a: Roaring Moon|protosynthesisspe\n|turn|1\n|\n|t:|1697850741\n|-end|p1a: Roaring Moon|Protosynthesis|[silent]\n|switch|p1a: Dondozo|Dondozo, F|100\/100\n|move|p2a: Toxapex|Toxic Spikes|p1a: Dondozo\n|-sidestart|p1: Everphilix|move: Toxic Spikes\n|\n|upkeep\n|turn|2\n|\n|t:|1697850748\n|move|p1a: Dondozo|Fissure|p2a: Toxapex|[miss]\n|-miss|p1a: Dondozo|p2a: Toxapex\n|move|p2a: Toxapex|Infestation|p1a: Dondozo\n|-damage|p1a: Dondozo|98\/100\n|-activate|p1a: Dondozo|move: Infestation|[of] p2a: Toxapex\n|-damage|p2a: Toxapex|84\/100|[from] item: Rocky Helmet|[of] p1a: Dondozo\n|\n|-heal|p2a: Toxapex|90\/100|[from] item: Black Sludge\n|-damage|p1a: Dondozo|85\/100|[from] move: Infestation|[partiallytrapped]\n|upkeep\n|turn|3\n|\n|t:|1697850759\n|move|p1a: Dondozo|Fissure|p2a: Toxapex\n|-damage|p2a: Toxapex|0 fnt\n|faint|p2a: Toxapex\n|-ohko\n|\n|-end|p1a: Dondozo|Infestation|[partiallytrapped]|[silent]\n|upkeep\n|\n|t:|1697850762\n|switch|p2a: Miraidon|Miraidon|100\/100\n|-fieldstart|move: Electric Terrain|[from] ability: Hadron Engine|[of] p2a: Miraidon\n|-item|p2a: Miraidon|Air Balloon\n|turn|4\n|\n|t:|1697850771\n|switch|p1a: Krookodile|Krookodile, M|100\/100\n|-status|p1a: Krookodile|psn\n|move|p2a: Miraidon|Parabolic Charge|p1a: Krookodile\n|-immune|p1a: Krookodile\n|\n|-damage|p1a: Krookodile|88\/100 psn|[from] psn\n|upkeep\n|turn|5\n|\n|t:|1697850793\n|switch|p2a: Spidops|Spidops, M|100\/100\n|move|p1a: Krookodile|Knock Off|p2a: Spidops\n|-damage|p2a: Spidops|53\/100\n|-enditem|p2a: Spidops|Occa Berry|[from] move: Knock Off|[of] p1a: Krookodile\n|\n|-damage|p1a: Krookodile|76\/100 psn|[from] psn\n|upkeep\n|turn|6\n|inactive|Everphilix has 120 seconds left.\n|inactive|Everphilix has 90 seconds left.\n|\n|t:|1697850861\n|switch|p1a: Roaring Moon|Roaring Moon|100\/100\n|-status|p1a: Roaring Moon|psn\n|move|p2a: Spidops|Silk Trap||[still]\n|-fail|p2a: Spidops\n|\n|-damage|p1a: Roaring Moon|88\/100 psn|[from] psn\n|upkeep\n|turn|7\n|\n|t:|1697850872\n|move|p2a: Spidops|Silk Trap|p2a: Spidops\n|-singleturn|p2a: Spidops|Protect\n|move|p1a: Roaring Moon|Acrobatics|p2a: Spidops\n|-activate|p2a: Spidops|move: Protect\n|-unboost|p1a: Roaring Moon|spe|1\n|\n|-damage|p1a: Roaring Moon|76\/100 psn|[from] psn\n|upkeep\n|turn|8\n|\n|t:|1697850889\n|move|p1a: Roaring Moon|Knock Off|p2a: Spidops\n|-damage|p2a: Spidops|21\/100\n|move|p2a: Spidops|Sticky Web|p1a: Roaring Moon\n|-sidestart|p1: Everphilix|move: Sticky Web\n|\n|-damage|p1a: Roaring Moon|64\/100 psn|[from] psn\n|-fieldend|move: Electric Terrain\n|upkeep\n|turn|9\n|\n|t:|1697850898\n|move|p2a: Spidops|Silk Trap|p2a: Spidops\n|-singleturn|p2a: Spidops|Protect\n|move|p1a: Roaring Moon|Dragon Dance|p1a: Roaring Moon\n|-boost|p1a: Roaring Moon|atk|1\n|-boost|p1a: Roaring Moon|spe|1\n|\n|-damage|p1a: Roaring Moon|51\/100 psn|[from] psn\n|upkeep\n|turn|10\n|\n|t:|1697850908\n|move|p1a: Roaring Moon|Knock Off|p2a: Spidops\n|-damage|p2a: Spidops|0 fnt\n|faint|p2a: Spidops\n|\n|-damage|p1a: Roaring Moon|39\/100 psn|[from] psn\n|upkeep\n|\n|t:|1697850921\n|switch|p2a: Chien-Pao|Chien-Pao|100\/100\n|-ability|p2a: Chien-Pao|Sword of Ruin\n|turn|11\n|inactive|Everphilix has 90 seconds left.\n|\n|t:|1697850927\n|move|p2a: Chien-Pao|Ice Spinner|p1a: Roaring Moon\n|-supereffective|p1a: Roaring Moon\n|-damage|p1a: Roaring Moon|0 fnt\n|faint|p1a: Roaring Moon\n|-end|p1a: Roaring Moon|Protosynthesis|[silent]\n|\n|upkeep\n|inactive|Everphilix has 90 seconds left.\n|\n|t:|1697850938\n|switch|p1a: Wugtrio|Wugtrio, M|100\/100\n|-status|p1a: Wugtrio|psn\n|-activate|p1a: Wugtrio|move: Sticky Web\n|-unboost|p1a: Wugtrio|spe|1\n|turn|12\n|inactive|Everphilix has 90 seconds left.\n|\n|t:|1697850952\n|move|p2a: Chien-Pao|Sacred Sword|p1a: Wugtrio\n|-enditem|p1a: Wugtrio|Focus Sash\n|-damage|p1a: Wugtrio|1\/100 psn\n|-ability|p1a: Wugtrio|Gooey\n|-unboost|p2a: Chien-Pao|spe|1\n|move|p1a: Wugtrio|Bulldoze|p2a: Chien-Pao\n|-damage|p2a: Chien-Pao|75\/100\n|-unboost|p2a: Chien-Pao|spe|1\n|\n|-damage|p1a: Wugtrio|0 fnt|[from] psn\n|faint|p1a: Wugtrio\n|upkeep\n|\n|t:|1697850967\n|switch|p1a: Tyranitar|Tyranitar, F|100\/100\n|-status|p1a: Tyranitar|psn\n|-activate|p1a: Tyranitar|move: Sticky Web\n|-unboost|p1a: Tyranitar|spe|1\n|-weather|Sandstorm|[from] ability: Sand Stream|[of] p1a: Tyranitar\n|turn|13\n|\n|t:|1697850987\n|move|p2a: Chien-Pao|Sacred Sword|p1a: Tyranitar\n|-supereffective|p1a: Tyranitar\n|-damage|p1a: Tyranitar|0 fnt\n|faint|p1a: Tyranitar\n|\n|-weather|Sandstorm|[upkeep]\n|-damage|p2a: Chien-Pao|69\/100|[from] Sandstorm\n|upkeep\n|-message|Everphilix forfeited.\n|\n|win|the maraculous\n|raw|Everphilix's rating: 1443 &rarr; <strong>1428<\/strong><br \/>(-15 for losing)\n|raw|the maraculous's rating: 1535 &rarr; <strong>1550<\/strong><br \/>(+15 for winning)\n|l|\u2606Everphilix\n","uploadtime":1697851000,"views":5,"p1id":"everphilix","p2id":"themaraculous","formatid":"gen9anythinggoes","rating":1428,"private":0,"password":""}