{"id":"gen9anythinggoes-1988099673","p1":"Grimkix","p2":"ItzMatiaSzn't","format":"[Gen 9] Anything Goes","log":"|j|\u2606Grimkix\n|j|\u2606ItzMatiaSzn't\n|t:|1699669455\n|gametype|singles\n|player|p1|Grimkix|169|1118\n|player|p2|ItzMatiaSzn't|gambler|1121\n|teamsize|p1|6\n|teamsize|p2|6\n|gen|9\n|tier|[Gen 9] Anything Goes\n|rated|\n|rule|HP Percentage Mod: HP is shown in percentages\n|rule|Endless Battle Clause: Forcing endless battles is banned\n|clearpoke\n|poke|p1|Okidogi, M|\n|poke|p1|Ninetales-Alola, F|\n|poke|p1|Baxcalibur, F|\n|poke|p1|Manaphy|\n|poke|p1|Kingambit, M|\n|poke|p1|Ditto|\n|poke|p2|Greninja-*, M|\n|poke|p2|Typhlosion-Hisui, M|\n|poke|p2|Tyranitar, F|\n|poke|p2|Gardevoir, F|\n|poke|p2|Dragonite, M|\n|poke|p2|Meowscarada, M|\n|teampreview\n|inactive|Battle timer is ON: inactive players will automatically lose when time's up. (requested by Grimkix)\n|\n|t:|1699669464\n|start\n|switch|p1a: Ninetales|Ninetales-Alola, F|100\/100\n|switch|p2a: Typhlosion|Typhlosion-Hisui, M|100\/100\n|-weather|Snow|[from] ability: Snow Warning|[of] p1a: Ninetales\n|turn|1\n|\n|t:|1699669475\n|-terastallize|p1a: Ninetales|Water\n|-terastallize|p2a: Typhlosion|Fire\n|move|p1a: Ninetales|Hypnosis|p2a: Typhlosion|[miss]\n|-miss|p1a: Ninetales|p2a: Typhlosion\n|move|p2a: Typhlosion|Fire Blast|p1a: Ninetales\n|-resisted|p1a: Ninetales\n|-damage|p1a: Ninetales|72\/100\n|\n|-weather|Snow|[upkeep]\n|upkeep\n|turn|2\n|\n|t:|1699669487\n|switch|p2a: Meowscarada|Meowscarada, M|100\/100\n|move|p1a: Ninetales|Freeze-Dry|p2a: Meowscarada\n|-supereffective|p2a: Meowscarada\n|-damage|p2a: Meowscarada|35\/100\n|\n|-weather|Snow|[upkeep]\n|upkeep\n|turn|3\n|\n|t:|1699669495\n|move|p2a: Meowscarada|Flower Trick|p1a: Ninetales\n|-start|p2a: Meowscarada|typechange|Grass|[from] ability: Protean\n|-supereffective|p1a: Ninetales\n|-crit|p1a: Ninetales\n|-damage|p1a: Ninetales|0 fnt\n|faint|p1a: Ninetales\n|-damage|p2a: Meowscarada|25\/100|[from] item: Life Orb\n|\n|-weather|Snow|[upkeep]\n|upkeep\n|\n|t:|1699669504\n|switch|p1a: Baxcalibur|Baxcalibur, F|100\/100\n|turn|4\n|\n|t:|1699669514\n|move|p2a: Meowscarada|Play Rough|p1a: Baxcalibur|[miss]\n|-miss|p2a: Meowscarada|p1a: Baxcalibur\n|move|p1a: Baxcalibur|Dragon Dance|p1a: Baxcalibur\n|-boost|p1a: Baxcalibur|atk|1\n|-boost|p1a: Baxcalibur|spe|1\n|\n|-weather|Snow|[upkeep]\n|upkeep\n|turn|5\n|\n|t:|1699669523\n|move|p1a: Baxcalibur|Icicle Spear|p2a: Meowscarada\n|-supereffective|p2a: Meowscarada\n|-damage|p2a: Meowscarada|0 fnt\n|faint|p2a: Meowscarada\n|-hitcount|p2: Meowscarada|1\n|\n|-weather|none\n|upkeep\n|c|\u2606Grimkix|Tragic\n|\n|t:|1699669532\n|switch|p2a: Gardevoir|Gardevoir, F|100\/100\n|-ability|p2a: Gardevoir|Ice Body|[from] ability: Trace|[of] p1a: Baxcalibur\n|turn|6\n|\n|t:|1699669543\n|move|p1a: Baxcalibur|Icicle Spear|p2a: Gardevoir\n|-damage|p2a: Gardevoir|80\/100\n|-damage|p2a: Gardevoir|59\/100\n|-damage|p2a: Gardevoir|40\/100\n|-damage|p2a: Gardevoir|20\/100\n|-damage|p2a: Gardevoir|0 fnt\n|faint|p2a: Gardevoir\n|-hitcount|p2: Gardevoir|5\n|\n|upkeep\n|c|\u2606Grimkix|Tragic\n|\n|t:|1699669563\n|switch|p2a: Typhlosion|Typhlosion-Hisui, M, tera:Fire|100\/100\n|turn|7\n|\n|t:|1699669572\n|move|p1a: Baxcalibur|Earthquake|p2a: Typhlosion\n|-supereffective|p2a: Typhlosion\n|-damage|p2a: Typhlosion|0 fnt\n|faint|p2a: Typhlosion\n|\n|upkeep\n|c|\u2606Grimkix|Rip\n|\n|t:|1699669581\n|switch|p2a: Greninja|Greninja, M|100\/100\n|turn|8\n|\n|t:|1699669591\n|move|p1a: Baxcalibur|Icicle Spear|p2a: Greninja\n|-resisted|p2a: Greninja\n|-damage|p2a: Greninja|86\/100\n|-resisted|p2a: Greninja\n|-damage|p2a: Greninja|69\/100\n|-resisted|p2a: Greninja\n|-damage|p2a: Greninja|54\/100\n|-resisted|p2a: Greninja\n|-damage|p2a: Greninja|38\/100\n|-resisted|p2a: Greninja\n|-damage|p2a: Greninja|22\/100\n|-hitcount|p2a: Greninja|5\n|move|p2a: Greninja|Dark Pulse|p1a: Baxcalibur\n|-damage|p1a: Baxcalibur|57\/100\n|-damage|p2a: Greninja|12\/100|[from] item: Life Orb\n|\n|upkeep\n|turn|9\n|c|\u2606ItzMatiaSzn't|Naahhhh\n|\n|t:|1699669614\n|move|p2a: Greninja|Protect|p2a: Greninja\n|-singleturn|p2a: Greninja|Protect\n|move|p1a: Baxcalibur|Dragon Dance|p1a: Baxcalibur\n|-boost|p1a: Baxcalibur|atk|1\n|-boost|p1a: Baxcalibur|spe|1\n|\n|upkeep\n|turn|10\n|\n|t:|1699669622\n|move|p2a: Greninja|Water Shuriken|p1a: Baxcalibur\n|-resisted|p1a: Baxcalibur\n|-damage|p1a: Baxcalibur|51\/100\n|-resisted|p1a: Baxcalibur\n|-damage|p1a: Baxcalibur|44\/100\n|-resisted|p1a: Baxcalibur\n|-crit|p1a: Baxcalibur\n|-damage|p1a: Baxcalibur|35\/100\n|-hitcount|p1a: Baxcalibur|3\n|-damage|p2a: Greninja|2\/100|[from] item: Life Orb\n|move|p1a: Baxcalibur|Icicle Spear|p2a: Greninja\n|-resisted|p2a: Greninja\n|-damage|p2a: Greninja|0 fnt\n|faint|p2a: Greninja\n|-hitcount|p2: Greninja|1\n|\n|upkeep\n|c|\u2606Grimkix|Tragic\n|\n|t:|1699669633\n|switch|p2a: Dragonite|Dragonite, M|100\/100\n|turn|11\n|\n|t:|1699669640\n|move|p1a: Baxcalibur|Icicle Spear|p2a: Dragonite\n|-supereffective|p2a: Dragonite\n|-damage|p2a: Dragonite|33\/100\n|-supereffective|p2a: Dragonite\n|-crit|p2a: Dragonite\n|-damage|p2a: Dragonite|0 fnt\n|faint|p2a: Dragonite\n|-hitcount|p2: Dragonite|2\n|\n|upkeep\n|\n|t:|1699669647\n|switch|p2a: Tyranitar|Tyranitar, F|100\/100\n|-weather|Sandstorm|[from] ability: Sand Stream|[of] p2a: Tyranitar\n|-item|p2a: Tyranitar|Air Balloon\n|turn|12\n|c|\u2606ItzMatiaSzn't|Gg\n|c|\u2606Grimkix|Gg\n|\n|t:|1699669657\n|move|p1a: Baxcalibur|Icicle Spear|p2a: Tyranitar\n|-damage|p2a: Tyranitar|81\/100\n|-enditem|p2a: Tyranitar|Air Balloon\n|-damage|p2a: Tyranitar|60\/100\n|-damage|p2a: Tyranitar|40\/100\n|-damage|p2a: Tyranitar|18\/100\n|-damage|p2a: Tyranitar|0 fnt\n|faint|p2a: Tyranitar\n|-hitcount|p2: Tyranitar|5\n|\n|win|Grimkix\n|raw|Grimkix's rating: 1118 &rarr; <strong>1143<\/strong><br \/>(+25 for winning)\n|raw|ItzMatiaSzn&apos;t's rating: 1121 &rarr; <strong>1096<\/strong><br \/>(-25 for losing)\n|l|\u2606ItzMatiaSzn't\n","uploadtime":1699669698,"views":17,"p1id":"grimkix","p2id":"itzmatiasznt","formatid":"gen9anythinggoes","rating":1096,"private":0,"password":""}