{"id":"gen9anythinggoes-1980226551","p1":"Aceinc1026","p2":"person613","format":"[Gen 9] Anything Goes","log":"|j|\u2606Aceinc1026\n|j|\u2606person613\n|t:|1698767799\n|gametype|singles\n|player|p1|Aceinc1026|youngster-gen4dp|1114\n|player|p2|person613|2|1222\n|teamsize|p1|6\n|teamsize|p2|6\n|gen|9\n|tier|[Gen 9] Anything Goes\n|rated|\n|rule|HP Percentage Mod: HP is shown in percentages\n|rule|Endless Battle Clause: Forcing endless battles is banned\n|clearpoke\n|poke|p1|Ditto|\n|poke|p1|Ditto|\n|poke|p1|Ditto|\n|poke|p1|Ditto|\n|poke|p1|Ditto|\n|poke|p1|Ditto|\n|poke|p2|Scovillain, F|\n|poke|p2|Garchomp, F|\n|poke|p2|Zacian-*|\n|poke|p2|Toxapex, M|\n|poke|p2|Dondozo, M|\n|poke|p2|Zapdos|\n|teampreview\n|\n|t:|1698767807\n|start\n|switch|p1a: Imposter|Ditto|100\/100\n|switch|p2a: Dondozo|Dondozo, M|100\/100\n|-transform|p1a: Imposter|p2a: Dondozo|[from] ability: Imposter\n|turn|1\n|\n|t:|1698767815\n|move|p2a: Dondozo|Curse|p2a: Dondozo\n|-unboost|p2a: Dondozo|spe|1\n|-boost|p2a: Dondozo|atk|1\n|-boost|p2a: Dondozo|def|1\n|move|p1a: Imposter|Avalanche|p2a: Dondozo\n|-resisted|p2a: Dondozo\n|-damage|p2a: Dondozo|97\/100\n|\n|-heal|p2a: Dondozo|100\/100|[from] item: Leftovers\n|upkeep\n|turn|2\n|inactive|Battle timer is ON: inactive players will automatically lose when time's up. (requested by person613)\n|\n|t:|1698767827\n|move|p1a: Imposter|Curse|p1a: Imposter\n|-unboost|p1a: Imposter|spe|1\n|-boost|p1a: Imposter|atk|1\n|-boost|p1a: Imposter|def|1\n|move|p2a: Dondozo|Curse|p2a: Dondozo\n|-unboost|p2a: Dondozo|spe|1\n|-boost|p2a: Dondozo|atk|1\n|-boost|p2a: Dondozo|def|1\n|\n|upkeep\n|turn|3\n|\n|t:|1698767835\n|move|p1a: Imposter|Curse|p1a: Imposter\n|-unboost|p1a: Imposter|spe|1\n|-boost|p1a: Imposter|atk|1\n|-boost|p1a: Imposter|def|1\n|move|p2a: Dondozo|Curse|p2a: Dondozo\n|-unboost|p2a: Dondozo|spe|1\n|-boost|p2a: Dondozo|atk|1\n|-boost|p2a: Dondozo|def|1\n|\n|upkeep\n|turn|4\n|\n|t:|1698767844\n|move|p1a: Imposter|Curse|p1a: Imposter\n|-unboost|p1a: Imposter|spe|1\n|-boost|p1a: Imposter|atk|1\n|-boost|p1a: Imposter|def|1\n|move|p2a: Dondozo|Curse|p2a: Dondozo\n|-unboost|p2a: Dondozo|spe|1\n|-boost|p2a: Dondozo|atk|1\n|-boost|p2a: Dondozo|def|1\n|\n|upkeep\n|turn|5\n|\n|t:|1698767853\n|move|p1a: Imposter|Curse|p1a: Imposter\n|-unboost|p1a: Imposter|spe|1\n|-boost|p1a: Imposter|atk|1\n|-boost|p1a: Imposter|def|1\n|move|p2a: Dondozo|Curse|p2a: Dondozo\n|-unboost|p2a: Dondozo|spe|1\n|-boost|p2a: Dondozo|atk|1\n|-boost|p2a: Dondozo|def|1\n|\n|upkeep\n|turn|6\n|\n|t:|1698767862\n|move|p1a: Imposter|Curse|p1a: Imposter\n|-unboost|p1a: Imposter|spe|1\n|-boost|p1a: Imposter|atk|1\n|-boost|p1a: Imposter|def|1\n|move|p2a: Dondozo|Curse|p2a: Dondozo\n|-unboost|p2a: Dondozo|spe|1\n|-boost|p2a: Dondozo|atk|1\n|-boost|p2a: Dondozo|def|1\n|\n|upkeep\n|turn|7\n|\n|t:|1698767873\n|move|p1a: Imposter|Avalanche|p2a: Dondozo\n|-resisted|p2a: Dondozo\n|-damage|p2a: Dondozo|97\/100\n|move|p2a: Dondozo|Avalanche|p1a: Imposter\n|-resisted|p1a: Imposter\n|-damage|p1a: Imposter|90\/100\n|\n|-heal|p2a: Dondozo|100\/100|[from] item: Leftovers\n|upkeep\n|turn|8\n|\n|t:|1698767881\n|move|p1a: Imposter|Avalanche|p2a: Dondozo\n|-resisted|p2a: Dondozo\n|-damage|p2a: Dondozo|97\/100\n|move|p2a: Dondozo|Avalanche|p1a: Imposter\n|-resisted|p1a: Imposter\n|-damage|p1a: Imposter|79\/100\n|\n|-heal|p2a: Dondozo|100\/100|[from] item: Leftovers\n|upkeep\n|turn|9\n|\n|t:|1698767890\n|move|p1a: Imposter|Avalanche|p2a: Dondozo\n|-resisted|p2a: Dondozo\n|-damage|p2a: Dondozo|97\/100\n|move|p2a: Dondozo|Avalanche|p1a: Imposter\n|-resisted|p1a: Imposter\n|-damage|p1a: Imposter|68\/100\n|\n|-heal|p2a: Dondozo|100\/100|[from] item: Leftovers\n|upkeep\n|turn|10\n|\n|t:|1698767899\n|move|p1a: Imposter|Avalanche|p2a: Dondozo\n|-resisted|p2a: Dondozo\n|-damage|p2a: Dondozo|97\/100\n|move|p2a: Dondozo|Avalanche|p1a: Imposter\n|-resisted|p1a: Imposter\n|-damage|p1a: Imposter|57\/100\n|\n|-heal|p2a: Dondozo|100\/100|[from] item: Leftovers\n|upkeep\n|turn|11\n|\n|t:|1698767908\n|move|p1a: Imposter|Rest|p1a: Imposter\n|-status|p1a: Imposter|slp|[from] move: Rest\n|-heal|p1a: Imposter|100\/100 slp|[silent]\n|move|p2a: Dondozo|Avalanche|p1a: Imposter\n|-resisted|p1a: Imposter\n|-damage|p1a: Imposter|94\/100 slp\n|\n|upkeep\n|turn|12\n|\n|t:|1698767917\n|switch|p2a: Zacian|Zacian-Crowned, shiny|100\/100\n|-ability|p2a: Zacian|Intrepid Sword|boost\n|-boost|p2a: Zacian|atk|1\n|cant|p1a: Imposter|slp\n|move|p1a: Imposter|Sleep Talk|p1a: Imposter\n|move|p1a: Imposter|Curse|p1a: Imposter|[from]move: Sleep Talk\n|-unboost|p1a: Imposter|spe|1\n|-boost|p1a: Imposter|atk|1\n|-boost|p1a: Imposter|def|1\n|\n|upkeep\n|turn|13\n|\n|t:|1698767930\n|move|p2a: Zacian|Play Rough|p1a: Imposter\n|-damage|p1a: Imposter|83\/100 slp\n|cant|p1a: Imposter|slp\n|move|p1a: Imposter|Sleep Talk|p1a: Imposter\n|move|p1a: Imposter|Rest||[from]move: Sleep Talk|[still]\n|-fail|p1a: Imposter\n|\n|upkeep\n|turn|14\n|\n|t:|1698767939\n|move|p2a: Zacian|Swords Dance|p2a: Zacian\n|-boost|p2a: Zacian|atk|2\n|-curestatus|p1a: Imposter|slp|[msg]\n|move|p1a: Imposter|Rest|p1a: Imposter\n|-status|p1a: Imposter|slp|[from] move: Rest\n|-heal|p1a: Imposter|100\/100 slp|[silent]\n|\n|upkeep\n|turn|15\n|\n|t:|1698767946\n|move|p2a: Zacian|Swords Dance|p2a: Zacian\n|-boost|p2a: Zacian|atk|2\n|cant|p1a: Imposter|slp\n|move|p1a: Imposter|Sleep Talk|p1a: Imposter\n|move|p1a: Imposter|Curse|p1a: Imposter|[from]move: Sleep Talk\n|\n|upkeep\n|turn|16\n|\n|t:|1698767953\n|move|p2a: Zacian|Play Rough|p1a: Imposter\n|-damage|p1a: Imposter|90\/100 slp\n|cant|p1a: Imposter|slp\n|move|p1a: Imposter|Sleep Talk|p1a: Imposter\n|move|p1a: Imposter|Rest||[from]move: Sleep Talk|[still]\n|-fail|p1a: Imposter\n|\n|upkeep\n|turn|17\n|\n|t:|1698767972\n|move|p2a: Zacian|Play Rough|p1a: Imposter\n|-damage|p1a: Imposter|79\/100 slp\n|-curestatus|p1a: Imposter|slp|[msg]\n|move|p1a: Imposter|Sleep Talk||[still]\n|-fail|p1a: Imposter\n|\n|upkeep\n|turn|18\n|\n|t:|1698767981\n|move|p2a: Zacian|Play Rough|p1a: Imposter\n|-damage|p1a: Imposter|68\/100\n|move|p1a: Imposter|Rest|p1a: Imposter\n|-status|p1a: Imposter|slp|[from] move: Rest\n|-heal|p1a: Imposter|100\/100 slp|[silent]\n|\n|upkeep\n|turn|19\n|\n|t:|1698767989\n|switch|p2a: Zapdos|Zapdos, shiny|100\/100\n|cant|p1a: Imposter|slp\n|\n|upkeep\n|turn|20\n|\n|t:|1698767996\n|move|p2a: Zapdos|Discharge|p1a: Imposter\n|-supereffective|p1a: Imposter\n|-damage|p1a: Imposter|0 fnt\n|faint|p1a: Imposter\n|\n|upkeep\n|\n|t:|1698768000\n|switch|p1a: Goober|Ditto|100\/100\n|-transform|p1a: Goober|p2a: Zapdos|[from] ability: Imposter\n|turn|21\n|\n|t:|1698768009\n|move|p2a: Zapdos|Heat Wave|p1a: Goober|[miss]\n|-miss|p2a: Zapdos|p1a: Goober\n|move|p1a: Goober|Discharge|p2a: Zapdos\n|-damage|p2a: Zapdos|61\/100\n|\n|upkeep\n|turn|22\n|\n|t:|1698768015\n|move|p2a: Zapdos|Heat Wave|p1a: Goober\n|-damage|p1a: Goober|62\/100\n|move|p1a: Goober|Discharge|p2a: Zapdos\n|-damage|p2a: Zapdos|20\/100\n|\n|-heal|p1a: Goober|68\/100|[from] item: Leftovers\n|upkeep\n|turn|23\n|\n|t:|1698768029\n|move|p2a: Zapdos|Discharge|p1a: Goober\n|-crit|p1a: Goober\n|-damage|p1a: Goober|0 fnt\n|faint|p1a: Goober\n|\n|upkeep\n|\n|t:|1698768035\n|switch|p1a: Oobleck|Ditto|100\/100\n|-transform|p1a: Oobleck|p2a: Zapdos|[from] ability: Imposter\n|turn|24\n|\n|t:|1698768042\n|move|p2a: Zapdos|Hurricane|p1a: Oobleck|[miss]\n|-miss|p2a: Zapdos|p1a: Oobleck\n|move|p1a: Oobleck|Discharge|p2a: Zapdos\n|-damage|p2a: Zapdos|0 fnt\n|faint|p2a: Zapdos\n|\n|upkeep\n|-message|Aceinc1026 forfeited.\n|\n|win|person613\n|raw|Aceinc1026's rating: 1114 &rarr; <strong>1097<\/strong><br \/>(-17 for losing)\n|raw|person613's rating: 1222 &rarr; <strong>1239<\/strong><br \/>(+17 for winning)\n|l|\u2606Aceinc1026\n","uploadtime":1698768054,"views":5,"p1id":"aceinc1026","p2id":"person613","formatid":"gen9anythinggoes","rating":1097,"private":0,"password":""}