{"id":"gen9anythinggoes-1977044463","p1":"Ace of Cakes","p2":"Pamphilus","format":"[Gen 9] Anything Goes","log":"|j|\u2606Ace of Cakes\n|j|\u2606Pamphilus\n|t:|1698365260\n|gametype|singles\n|player|p1|Ace of Cakes|dancer|1183\n|player|p2|Pamphilus|102|1329\n|teamsize|p1|6\n|teamsize|p2|6\n|gen|9\n|tier|[Gen 9] Anything Goes\n|rated|\n|rule|HP Percentage Mod: HP is shown in percentages\n|rule|Endless Battle Clause: Forcing endless battles is banned\n|clearpoke\n|poke|p1|Calyrex-Shadow|\n|poke|p1|Miraidon|\n|poke|p1|Miraidon|\n|poke|p1|Miraidon|\n|poke|p1|Miraidon|\n|poke|p1|Miraidon|\n|poke|p2|Rayquaza|\n|poke|p2|Cinderace, M|\n|poke|p2|Empoleon, M|\n|poke|p2|Espathra, F|\n|poke|p2|Annihilape, M|\n|poke|p2|Darkrai|\n|teampreview\n|\n|t:|1698365272\n|start\n|switch|p1a: Miraidon|Miraidon|100\/100\n|switch|p2a: Rayquaza|Rayquaza|100\/100\n|-fieldstart|move: Electric Terrain|[from] ability: Hadron Engine|[of] p1a: Miraidon\n|-ability|p2a: Rayquaza|Air Lock\n|turn|1\n|\n|t:|1698365287\n|-terastallize|p2a: Rayquaza|Normal\n|move|p1a: Miraidon|Dragon Pulse|p2a: Rayquaza\n|-damage|p2a: Rayquaza|40\/100\n|move|p2a: Rayquaza|Dragon Dance|p2a: Rayquaza\n|-boost|p2a: Rayquaza|atk|1\n|-boost|p2a: Rayquaza|spe|1\n|\n|upkeep\n|turn|2\n|\n|t:|1698365295\n|move|p1a: Miraidon|Dragon Pulse|p2a: Rayquaza\n|-damage|p2a: Rayquaza|0 fnt\n|faint|p2a: Rayquaza\n|\n|upkeep\n|\n|t:|1698365320\n|switch|p2a: Empoleon|Empoleon, M|100\/100\n|turn|3\n|\n|t:|1698365325\n|switch|p1a: Miraidon|Miraidon|100\/100\n|-activate|p1a: Miraidon|ability: Hadron Engine\n|move|p2a: Empoleon|Ice Beam|p1a: Miraidon\n|-supereffective|p1a: Miraidon\n|-damage|p1a: Miraidon|60\/100\n|\n|upkeep\n|turn|4\n|\n|t:|1698365333\n|move|p1a: Miraidon|Electro Drift|p2a: Empoleon\n|-supereffective|p2a: Empoleon\n|-damage|p2a: Empoleon|0 fnt\n|-damage|p1a: Miraidon|44\/100|[from] item: Rocky Helmet|[of] p2a: Empoleon\n|faint|p2a: Empoleon\n|\n|upkeep\n|\n|t:|1698365343\n|switch|p2a: Cinderace|Cinderace, M|100\/100\n|turn|5\n|\n|t:|1698365348\n|move|p2a: Cinderace|Sucker Punch|p1a: Miraidon\n|-start|p2a: Cinderace|typechange|Dark|[from] ability: Libero\n|-damage|p1a: Miraidon|8\/100\n|move|p1a: Miraidon|Electro Drift|p2a: Cinderace\n|-damage|p2a: Cinderace|0 fnt\n|faint|p2a: Cinderace\n|\n|-fieldend|move: Electric Terrain\n|upkeep\n|\n|t:|1698365362\n|switch|p2a: Espathra|Espathra, F|100\/100\n|turn|6\n|\n|t:|1698365366\n|move|p1a: Miraidon|Electro Drift|p2a: Espathra\n|-damage|p2a: Espathra|0 fnt\n|-damage|p1a: Miraidon|0 fnt|[from] item: Rocky Helmet|[of] p2a: Espathra\n|faint|p2a: Espathra\n|faint|p1a: Miraidon\n|\n|upkeep\n|\n|t:|1698365373\n|switch|p1a: Calyrex|Calyrex-Shadow|100\/100\n|switch|p2a: Darkrai|Darkrai|100\/100\n|-ability|p1a: Calyrex|As One\n|-ability|p1a: Calyrex|Unnerve\n|turn|7\n|\n|t:|1698365381\n|-terastallize|p1a: Calyrex|Fairy\n|move|p1a: Calyrex|Tera Blast|p2a: Darkrai|[anim] Tera Blast Fairy\n|-supereffective|p2a: Darkrai\n|-damage|p2a: Darkrai|0 fnt\n|faint|p2a: Darkrai\n|-ability|p1a: Calyrex|Grim Neigh|boost\n|-boost|p1a: Calyrex|spa|1\n|\n|upkeep\n|-message|Pamphilus forfeited.\n|\n|win|Ace of Cakes\n|raw|Ace of Cakes's rating: 1183 &rarr; <strong>1218<\/strong><br \/>(+35 for winning)\n|raw|Pamphilus's rating: 1329 &rarr; <strong>1301<\/strong><br \/>(-28 for losing)\n|l|\u2606Pamphilus\n","uploadtime":1698365392,"views":7,"p1id":"aceofcakes","p2id":"pamphilus","formatid":"gen9anythinggoes","rating":1218,"private":0,"password":""}