{"id":"gen9anythinggoes-1976900321","p1":"hebebebehehetehe","p2":"TheRealDaveMiller","format":"[Gen 9] Anything Goes","log":"|j|\u2606hebebebehehetehe\n|j|\u2606TheRealDaveMiller\n|t:|1698350719\n|gametype|singles\n|player|p1|hebebebehehetehe|blue|1142\n|player|p2|TheRealDaveMiller|policeman-gen4|1170\n|teamsize|p1|6\n|teamsize|p2|6\n|gen|9\n|tier|[Gen 9] Anything Goes\n|rated|\n|rule|HP Percentage Mod: HP is shown in percentages\n|rule|Endless Battle Clause: Forcing endless battles is banned\n|clearpoke\n|poke|p1|Ursaluna, F|\n|poke|p1|Grimmsnarl, M|\n|poke|p1|Spiritomb, M|\n|poke|p1|Cloyster, F|\n|poke|p1|Thundurus-Therian, M|\n|poke|p1|Dragapult, M|\n|poke|p2|Ursaluna, M|\n|poke|p2|Ursaluna-Bloodmoon, M|\n|poke|p2|Cinderace, M|\n|poke|p2|Spiritomb, M|\n|poke|p2|Ditto|\n|poke|p2|Banette, F|\n|teampreview\n|\n|t:|1698350727\n|start\n|switch|p1a: snake boy|Dragapult, M|100\/100\n|switch|p2a: The Puppet|Banette, F|100\/100\n|turn|1\n|inactive|Battle timer is ON: inactive players will automatically lose when time's up. (requested by hebebebehehetehe)\n|\n|t:|1698350737\n|move|p1a: snake boy|Dragon Dance|p1a: snake boy\n|-boost|p1a: snake boy|atk|1\n|-boost|p1a: snake boy|spe|1\n|move|p2a: The Puppet|Trick|p1a: snake boy\n|-activate|p2a: The Puppet|move: Trick|[of] p1a: snake boy\n|-item|p1a: snake boy|Choice Scarf|[from] move: Trick\n|-item|p2a: The Puppet|Lum Berry|[from] move: Trick\n|\n|upkeep\n|turn|2\n|\n|t:|1698350746\n|move|p1a: snake boy|Baton Pass|p1a: snake boy\n|\n|t:|1698350749\n|switch|p1a: biggest boy|Ursaluna, F|100\/100|[from] Baton Pass\n|move|p2a: The Puppet|Poltergeist|p1a: biggest boy\n|-immune|p1a: biggest boy\n|\n|-status|p1a: biggest boy|tox|[from] item: Toxic Orb\n|upkeep\n|turn|3\n|\n|t:|1698350761\n|move|p2a: The Puppet|Lash Out|p1a: biggest boy\n|-damage|p1a: biggest boy|84\/100 tox\n|move|p1a: biggest boy|Bulk Up|p1a: biggest boy\n|-boost|p1a: biggest boy|atk|1\n|-boost|p1a: biggest boy|def|1\n|\n|-damage|p1a: biggest boy|78\/100 tox|[from] psn\n|upkeep\n|turn|4\n|\n|t:|1698350773\n|move|p2a: The Puppet|Lash Out|p1a: biggest boy\n|-damage|p1a: biggest boy|66\/100 tox\n|move|p1a: biggest boy|Earthquake|p2a: The Puppet\n|-damage|p2a: The Puppet|0 fnt\n|-start|p1a: biggest boy|Disable|Earthquake|[from] ability: Cursed Body|[of] p2a: The Puppet\n|faint|p2a: The Puppet\n|\n|-damage|p1a: biggest boy|54\/100 tox|[from] psn\n|upkeep\n|\n|t:|1698350786\n|switch|p2a: THE MIMIC!!!|Ditto|100\/100\n|-transform|p2a: THE MIMIC!!!|p1a: biggest boy|[from] ability: Imposter\n|turn|5\n|\n|t:|1698350795\n|move|p2a: THE MIMIC!!!|Earthquake|p1a: biggest boy\n|-damage|p1a: biggest boy|0 fnt\n|faint|p1a: biggest boy\n|\n|upkeep\n|\n|t:|1698350801\n|switch|p1a: naughty boy|Cloyster, F|100\/100\n|turn|6\n|\n|t:|1698350809\n|move|p1a: naughty boy|Icicle Spear|p2a: THE MIMIC!!!\n|-supereffective|p2a: THE MIMIC!!!\n|-crit|p2a: THE MIMIC!!!\n|-damage|p2a: THE MIMIC!!!|62\/100\n|-supereffective|p2a: THE MIMIC!!!\n|-damage|p2a: THE MIMIC!!!|44\/100\n|-supereffective|p2a: THE MIMIC!!!\n|-damage|p2a: THE MIMIC!!!|25\/100\n|-supereffective|p2a: THE MIMIC!!!\n|-damage|p2a: THE MIMIC!!!|6\/100\n|-supereffective|p2a: THE MIMIC!!!\n|-damage|p2a: THE MIMIC!!!|0 fnt\n|faint|p2a: THE MIMIC!!!\n|-hitcount|p2: THE MIMIC!!!|5\n|\n|upkeep\n|\n|t:|1698350820\n|switch|p2a: Bruntrap|Cinderace, M, shiny|100\/100\n|turn|7\n|\n|t:|1698350824\n|move|p2a: Bruntrap|Pyro Ball|p1a: naughty boy\n|-damage|p1a: naughty boy|54\/100\n|move|p1a: naughty boy|Surf|p2a: Bruntrap\n|-supereffective|p2a: Bruntrap\n|-damage|p2a: Bruntrap|26\/100\n|\n|upkeep\n|turn|8\n|\n|t:|1698350836\n|-terastallize|p2a: Bruntrap|Fire\n|move|p2a: Bruntrap|Pyro Ball|p1a: naughty boy\n|-damage|p1a: naughty boy|0 fnt\n|faint|p1a: naughty boy\n|\n|upkeep\n|inactive|hebebebehehetehe has 120 seconds left.\n|inactive|hebebebehehetehe has 90 seconds left.\n|\n|t:|1698350903\n|switch|p1a: snake boy|Dragapult, M|100\/100\n|turn|9\n|\n|t:|1698350907\n|move|p2a: Bruntrap|Sucker Punch|p1a: snake boy\n|-supereffective|p1a: snake boy\n|-damage|p1a: snake boy|34\/100\n|move|p1a: snake boy|Dragon Darts|p2a: Bruntrap\n|-damage|p2a: Bruntrap|0 fnt\n|faint|p2a: Bruntrap\n|\n|upkeep\n|\n|t:|1698350916\n|switch|p2a: Withered Freddy|Ursaluna-Bloodmoon, M|100\/100\n|turn|10\n|\n|t:|1698350922\n|move|p1a: snake boy|Dragon Darts|p2a: Withered Freddy\n|-damage|p2a: Withered Freddy|84\/100\n|-anim|p1a: snake boy|Dragon Darts|p2a: Withered Freddy\n|-damage|p2a: Withered Freddy|70\/100\n|move|p2a: Withered Freddy|Blood Moon|p1a: snake boy\n|-damage|p1a: snake boy|0 fnt\n|faint|p1a: snake boy\n|\n|-heal|p2a: Withered Freddy|76\/100|[from] item: Leftovers\n|upkeep\n|\n|t:|1698350940\n|switch|p1a: zappy boy|Thundurus-Therian, M, shiny|100\/100\n|turn|11\n|\n|t:|1698350955\n|move|p1a: zappy boy|Rain Dance|p1a: zappy boy\n|-weather|RainDance\n|move|p2a: Withered Freddy|Moonlight|p2a: Withered Freddy\n|-heal|p2a: Withered Freddy|100\/100\n|\n|-weather|RainDance|[upkeep]\n|upkeep\n|turn|12\n|\n|t:|1698350969\n|move|p1a: zappy boy|Zen Headbutt|p2a: Withered Freddy\n|-damage|p2a: Withered Freddy|88\/100\n|move|p2a: Withered Freddy|Blood Moon|p1a: zappy boy\n|-damage|p1a: zappy boy|14\/100\n|\n|-weather|RainDance|[upkeep]\n|-heal|p2a: Withered Freddy|94\/100|[from] item: Leftovers\n|upkeep\n|turn|13\n|\n|t:|1698350978\n|switch|p1a: cheeky boy|Grimmsnarl, M|100\/100\n|move|p2a: Withered Freddy|Calm Mind|p2a: Withered Freddy\n|-boost|p2a: Withered Freddy|spa|1\n|-boost|p2a: Withered Freddy|spd|1\n|\n|-weather|RainDance|[upkeep]\n|-heal|p2a: Withered Freddy|99\/100|[from] item: Leftovers\n|upkeep\n|turn|14\n|-message|hebebebehehetehe forfeited.\n|\n|win|TheRealDaveMiller\n|raw|hebebebehehetehe's rating: 1142 &rarr; <strong>1119<\/strong><br \/>(-23 for losing)\n|raw|TheRealDaveMiller's rating: 1170 &rarr; <strong>1193<\/strong><br \/>(+23 for winning)\n|l|\u2606hebebebehehetehe\n","uploadtime":1698351000,"views":8,"p1id":"hebebebehehetehe","p2id":"therealdavemiller","formatid":"gen9anythinggoes","rating":1119,"private":0,"password":""}