{"id":"gen9anythinggoes-1987733257","p1":"BloomingFlowerSea","p2":"hoenn militian","format":"[Gen 9] Anything Goes","log":"|j|\u2606BloomingFlowerSea\n|j|\u2606hoenn militian\n|t:|1699631966\n|gametype|singles\n|player|p1|BloomingFlowerSea|lillie-masters|1756\n|player|p2|hoenn militian|170|1817\n|teamsize|p1|6\n|teamsize|p2|6\n|gen|9\n|tier|[Gen 9] Anything Goes\n|rated|\n|rule|HP Percentage Mod: HP is shown in percentages\n|rule|Endless Battle Clause: Forcing endless battles is banned\n|clearpoke\n|poke|p1|Rayquaza|\n|poke|p1|Koraidon|\n|poke|p1|Mandibuzz, F|\n|poke|p1|Arceus-Ground|\n|poke|p1|Kyogre|\n|poke|p1|Calyrex-Shadow|\n|poke|p2|Miraidon|\n|poke|p2|Grimmsnarl, M|\n|poke|p2|Skeledirge, M|\n|poke|p2|Blissey, F|\n|poke|p2|Moltres|\n|poke|p2|Calyrex-Ice|\n|teampreview\n|inactive|Battle timer is ON: inactive players will automatically lose when time's up. (requested by BloomingFlowerSea)\n|\n|t:|1699631988\n|start\n|switch|p1a: Arceus|Arceus-Ground|100\/100\n|switch|p2a: Grimmsnarl|Grimmsnarl, M|100\/100\n|turn|1\n|\n|t:|1699632001\n|move|p2a: Grimmsnarl|Parting Shot|p1a: Arceus\n|-unboost|p1a: Arceus|atk|1\n|-unboost|p1a: Arceus|spa|1\n|\n|t:|1699632013\n|switch|p2a: Moltres|Moltres|100\/100|[from] Parting Shot\n|move|p1a: Arceus|Judgment|p2a: Moltres\n|-immune|p2a: Moltres\n|\n|upkeep\n|turn|2\n|\n|t:|1699632027\n|move|p1a: Arceus|Stealth Rock|p2a: Moltres\n|-sidestart|p2: hoenn militian|move: Stealth Rock\n|move|p2a: Moltres|U-turn|p1a: Arceus\n|-crit|p1a: Arceus\n|-damage|p1a: Arceus|83\/100\n|\n|t:|1699632032\n|switch|p2a: Calyrex|Calyrex-Ice|100\/100|[from] U-turn\n|-ability|p2a: Calyrex|As One\n|-ability|p2a: Calyrex|Unnerve\n|\n|upkeep\n|turn|3\n|\n|t:|1699632054\n|switch|p1a: Kyogre|Kyogre|100\/100\n|-weather|RainDance|[from] ability: Drizzle|[of] p1a: Kyogre\n|move|p2a: Calyrex|High Horsepower|p1a: Kyogre\n|-damage|p1a: Kyogre|71\/100\n|\n|-weather|RainDance|[upkeep]\n|-heal|p1a: Kyogre|78\/100|[from] item: Leftovers\n|upkeep\n|turn|4\n|\n|t:|1699632068\n|switch|p2a: Miraidon|Miraidon|100\/100\n|-fieldstart|move: Electric Terrain|[from] ability: Hadron Engine|[of] p2a: Miraidon\n|move|p1a: Kyogre|Surf|p2a: Miraidon\n|-resisted|p2a: Miraidon\n|-damage|p2a: Miraidon|70\/100\n|\n|-weather|RainDance|[upkeep]\n|-heal|p1a: Kyogre|84\/100|[from] item: Leftovers\n|upkeep\n|turn|5\n|inactive|BloomingFlowerSea has 120 seconds left.\n|\n|t:|1699632095\n|switch|p1a: Koraidon|Koraidon|100\/100\n|-weather|SunnyDay|[from] ability: Orichalcum Pulse|[of] p1a: Koraidon\n|-activate|p1a: Koraidon|Orichalcum Pulse|[source]\n|move|p2a: Miraidon|U-turn|p1a: Koraidon\n|-resisted|p1a: Koraidon\n|-damage|p1a: Koraidon|95\/100\n|\n|t:|1699632102\n|switch|p2a: Moltres|Moltres|100\/100|[from] U-turn\n|\n|-weather|SunnyDay|[upkeep]\n|upkeep\n|turn|6\n|\n|t:|1699632113\n|switch|p1a: Kyogre|Kyogre|84\/100\n|-weather|RainDance|[from] ability: Drizzle|[of] p1a: Kyogre\n|move|p2a: Moltres|Will-O-Wisp|p1a: Kyogre\n|-status|p1a: Kyogre|brn\n|\n|-weather|RainDance|[upkeep]\n|-heal|p1a: Kyogre|90\/100 brn|[from] item: Leftovers\n|-damage|p1a: Kyogre|84\/100 brn|[from] brn\n|upkeep\n|turn|7\n|\n|t:|1699632123\n|switch|p2a: Blissey|Blissey, F|100\/100\n|move|p1a: Kyogre|Surf|p2a: Blissey\n|-damage|p2a: Blissey|80\/100\n|\n|-weather|RainDance|[upkeep]\n|-heal|p1a: Kyogre|90\/100 brn|[from] item: Leftovers\n|-damage|p1a: Kyogre|84\/100 brn|[from] brn\n|upkeep\n|turn|8\n|\n|t:|1699632133\n|switch|p1a: Arceus|Arceus-Ground|83\/100\n|move|p2a: Blissey|Stealth Rock|p1a: Arceus\n|-sidestart|p1: BloomingFlowerSea|move: Stealth Rock\n|\n|-weather|RainDance|[upkeep]\n|-fieldend|move: Electric Terrain\n|upkeep\n|turn|9\n|\n|t:|1699632139\n|switch|p2a: Moltres|Moltres|100\/100\n|move|p1a: Arceus|Taunt|p2a: Moltres\n|-start|p2a: Moltres|move: Taunt\n|\n|-weather|RainDance|[upkeep]\n|upkeep\n|turn|10\n|\n|t:|1699632145\n|move|p1a: Arceus|Icy Wind|p2a: Moltres\n|-damage|p2a: Moltres|83\/100\n|-unboost|p2a: Moltres|spe|1\n|move|p2a: Moltres|U-turn|p1a: Arceus\n|-damage|p1a: Arceus|71\/100\n|\n|t:|1699632156\n|switch|p2a: Calyrex|Calyrex-Ice|100\/100|[from] U-turn\n|-ability|p2a: Calyrex|As One\n|-ability|p2a: Calyrex|Unnerve\n|\n|-weather|none\n|upkeep\n|turn|11\n|\n|t:|1699632174\n|move|p1a: Arceus|Judgment|p2a: Calyrex\n|-damage|p2a: Calyrex|63\/100\n|move|p2a: Calyrex|Glacial Lance|p1a: Arceus\n|-supereffective|p1a: Arceus\n|-damage|p1a: Arceus|0 fnt\n|faint|p1a: Arceus\n|-ability|p2a: Calyrex|Chilling Neigh|boost\n|-boost|p2a: Calyrex|atk|1\n|\n|upkeep\n|\n|t:|1699632179\n|switch|p1a: Kyogre|Kyogre|84\/100 brn\n|-damage|p1a: Kyogre|71\/100 brn|[from] Stealth Rock\n|-weather|RainDance|[from] ability: Drizzle|[of] p1a: Kyogre\n|turn|12\n|\n|t:|1699632186\n|switch|p2a: Blissey|Blissey, F|80\/100\n|move|p1a: Kyogre|Surf|p2a: Blissey\n|-damage|p2a: Blissey|62\/100\n|\n|-weather|RainDance|[upkeep]\n|-heal|p1a: Kyogre|78\/100 brn|[from] item: Leftovers\n|-damage|p1a: Kyogre|71\/100 brn|[from] brn\n|upkeep\n|turn|13\n|\n|t:|1699632204\n|switch|p1a: Rayquaza|Rayquaza|100\/100\n|-damage|p1a: Rayquaza|76\/100|[from] Stealth Rock\n|-ability|p1a: Rayquaza|Air Lock\n|switch|p2a: Moltres|Moltres|83\/100\n|\n|-weather|RainDance|[upkeep]\n|upkeep\n|turn|14\n|\n|t:|1699632220\n|-terastallize|p1a: Rayquaza|Flying\n|move|p1a: Rayquaza|Dragon Ascent|p2a: Moltres\n|-damage|p2a: Moltres|0 fnt\n|-unboost|p1a: Rayquaza|def|1\n|-unboost|p1a: Rayquaza|spd|1\n|faint|p2a: Moltres\n|\n|-weather|RainDance|[upkeep]\n|upkeep\n|\n|t:|1699632229\n|switch|p2a: Miraidon|Miraidon|70\/100\n|-fieldstart|move: Electric Terrain|[from] ability: Hadron Engine|[of] p2a: Miraidon\n|turn|15\n|inactive|BloomingFlowerSea has 120 seconds left.\n|\n|t:|1699632261\n|switch|p1a: Koraidon|Koraidon|95\/100\n|-damage|p1a: Koraidon|88\/100|[from] Stealth Rock\n|-weather|SunnyDay|[from] ability: Orichalcum Pulse|[of] p1a: Koraidon\n|-activate|p1a: Koraidon|Orichalcum Pulse|[source]\n|move|p2a: Miraidon|Dragon Pulse|p1a: Koraidon\n|-supereffective|p1a: Koraidon\n|-damage|p1a: Koraidon|0 fnt\n|faint|p1a: Koraidon\n|\n|-weather|SunnyDay|[upkeep]\n|upkeep\n|inactive|BloomingFlowerSea has 120 seconds left.\n|\n|t:|1699632268\n|switch|p1a: Calyrex|Calyrex-Shadow|100\/100\n|-ability|p1a: Calyrex|As One\n|-ability|p1a: Calyrex|Unnerve\n|turn|16\n|\n|t:|1699632284\n|switch|p2a: Grimmsnarl|Grimmsnarl, M|100\/100\n|move|p1a: Calyrex|Astral Barrage|p2a: Grimmsnarl\n|-resisted|p2a: Grimmsnarl\n|-damage|p2a: Grimmsnarl|74\/100\n|\n|-weather|SunnyDay|[upkeep]\n|upkeep\n|turn|17\n|inactive|BloomingFlowerSea has 120 seconds left.\n|\n|t:|1699632319\n|switch|p1a: Kyogre|Kyogre|71\/100 brn\n|-damage|p1a: Kyogre|59\/100 brn|[from] Stealth Rock\n|-weather|RainDance|[from] ability: Drizzle|[of] p1a: Kyogre\n|move|p2a: Grimmsnarl|Spirit Break|p1a: Kyogre\n|-damage|p1a: Kyogre|38\/100 brn\n|-unboost|p1a: Kyogre|spa|1\n|\n|-weather|RainDance|[upkeep]\n|-heal|p1a: Kyogre|44\/100 brn|[from] item: Leftovers\n|-damage|p1a: Kyogre|38\/100 brn|[from] brn\n|upkeep\n|turn|18\n|\n|t:|1699632333\n|move|p2a: Grimmsnarl|Parting Shot|p1a: Kyogre\n|-unboost|p1a: Kyogre|atk|1\n|-unboost|p1a: Kyogre|spa|1\n|\n|t:|1699632338\n|switch|p2a: Blissey|Blissey, F|62\/100|[from] Parting Shot\n|move|p1a: Kyogre|Surf|p2a: Blissey\n|-damage|p2a: Blissey|53\/100\n|\n|-weather|RainDance|[upkeep]\n|-heal|p1a: Kyogre|44\/100 brn|[from] item: Leftovers\n|-damage|p1a: Kyogre|38\/100 brn|[from] brn\n|upkeep\n|turn|19\n|inactive|BloomingFlowerSea has 90 seconds left.\n|\n|t:|1699632367\n|switch|p1a: Rayquaza|Rayquaza, tera:Flying|76\/100\n|-damage|p1a: Rayquaza|51\/100|[from] Stealth Rock\n|-ability|p1a: Rayquaza|Air Lock\n|move|p2a: Blissey|Seismic Toss|p1a: Rayquaza\n|-damage|p1a: Rayquaza|22\/100\n|\n|-weather|RainDance|[upkeep]\n|-fieldend|move: Electric Terrain\n|upkeep\n|turn|20\n|\n|t:|1699632384\n|switch|p2a: Calyrex|Calyrex-Ice|63\/100\n|-ability|p2a: Calyrex|As One\n|-ability|p2a: Calyrex|Unnerve\n|move|p1a: Rayquaza|Dragon Ascent|p2a: Calyrex\n|-damage|p2a: Calyrex|0 fnt\n|-unboost|p1a: Rayquaza|def|1\n|-unboost|p1a: Rayquaza|spd|1\n|faint|p2a: Calyrex\n|\n|-weather|RainDance|[upkeep]\n|upkeep\n|\n|t:|1699632397\n|switch|p2a: Miraidon|Miraidon|70\/100\n|-fieldstart|move: Electric Terrain|[from] ability: Hadron Engine|[of] p2a: Miraidon\n|turn|21\n|\n|t:|1699632409\n|move|p2a: Miraidon|Electro Drift|p1a: Rayquaza\n|-supereffective|p1a: Rayquaza\n|-damage|p1a: Rayquaza|0 fnt\n|faint|p1a: Rayquaza\n|\n|-weather|none\n|upkeep\n|\n|t:|1699632411\n|switch|p1a: Calyrex|Calyrex-Shadow|100\/100\n|-ability|p1a: Calyrex|As One\n|-ability|p1a: Calyrex|Unnerve\n|turn|22\n|\n|t:|1699632419\n|switch|p2a: Grimmsnarl|Grimmsnarl, M|74\/100\n|move|p1a: Calyrex|Astral Barrage|p2a: Grimmsnarl\n|-resisted|p2a: Grimmsnarl\n|-damage|p2a: Grimmsnarl|45\/100\n|\n|upkeep\n|turn|23\n|\n|t:|1699632426\n|switch|p1a: Mandibuzz|Mandibuzz, F|100\/100\n|move|p2a: Grimmsnarl|Spirit Break|p1a: Mandibuzz\n|-supereffective|p1a: Mandibuzz\n|-damage|p1a: Mandibuzz|51\/100\n|-unboost|p1a: Mandibuzz|spa|1\n|\n|upkeep\n|turn|24\n|\n|t:|1699632436\n|switch|p2a: Miraidon|Miraidon|70\/100\n|-activate|p2a: Miraidon|ability: Hadron Engine\n|move|p1a: Mandibuzz|U-turn|p2a: Miraidon\n|-damage|p2a: Miraidon|58\/100\n|\n|t:|1699632438\n|switch|p1a: Calyrex|Calyrex-Shadow|100\/100|[from] U-turn\n|-ability|p1a: Calyrex|As One\n|-ability|p1a: Calyrex|Unnerve\n|\n|upkeep\n|turn|25\n|\n|t:|1699632449\n|switch|p2a: Blissey|Blissey, F|53\/100\n|move|p1a: Calyrex|Astral Barrage|p2a: Blissey\n|-immune|p2a: Blissey\n|\n|-fieldend|move: Electric Terrain\n|upkeep\n|turn|26\n|\n|t:|1699632456\n|switch|p2a: Grimmsnarl|Grimmsnarl, M|45\/100\n|move|p1a: Calyrex|Astral Barrage|p2a: Grimmsnarl\n|-resisted|p2a: Grimmsnarl\n|-damage|p2a: Grimmsnarl|16\/100\n|\n|upkeep\n|turn|27\n|\n|t:|1699632469\n|switch|p1a: Kyogre|Kyogre|38\/100 brn\n|-damage|p1a: Kyogre|26\/100 brn|[from] Stealth Rock\n|-weather|RainDance|[from] ability: Drizzle|[of] p1a: Kyogre\n|move|p2a: Grimmsnarl|Sucker Punch||[still]\n|-fail|p2a: Grimmsnarl\n|\n|-weather|RainDance|[upkeep]\n|-heal|p1a: Kyogre|32\/100 brn|[from] item: Leftovers\n|-damage|p1a: Kyogre|26\/100 brn|[from] brn\n|upkeep\n|turn|28\n|\n|t:|1699632482\n|move|p2a: Grimmsnarl|Parting Shot|p1a: Kyogre\n|-unboost|p1a: Kyogre|atk|1\n|-unboost|p1a: Kyogre|spa|1\n|\n|t:|1699632489\n|switch|p2a: Blissey|Blissey, F|53\/100|[from] Parting Shot\n|move|p1a: Kyogre|Surf|p2a: Blissey\n|-damage|p2a: Blissey|41\/100\n|\n|-weather|RainDance|[upkeep]\n|-heal|p1a: Kyogre|32\/100 brn|[from] item: Leftovers\n|-damage|p1a: Kyogre|26\/100 brn|[from] brn\n|upkeep\n|turn|29\n|\n|t:|1699632501\n|switch|p1a: Mandibuzz|Mandibuzz, F|51\/100\n|move|p2a: Blissey|Soft-Boiled|p2a: Blissey\n|-heal|p2a: Blissey|91\/100\n|\n|-weather|RainDance|[upkeep]\n|upkeep\n|turn|30\n|\n|t:|1699632508\n|move|p1a: Mandibuzz|Roost|p1a: Mandibuzz\n|-heal|p1a: Mandibuzz|100\/100\n|-singleturn|p1a: Mandibuzz|move: Roost\n|move|p2a: Blissey|Seismic Toss|p1a: Mandibuzz\n|-damage|p1a: Mandibuzz|76\/100\n|\n|-weather|RainDance|[upkeep]\n|upkeep\n|turn|31\n|\n|t:|1699632530\n|move|p1a: Mandibuzz|Knock Off|p2a: Blissey\n|-crit|p2a: Blissey\n|-damage|p2a: Blissey|24\/100\n|-enditem|p2a: Blissey|Heavy-Duty Boots|[from] move: Knock Off|[of] p1a: Mandibuzz\n|move|p2a: Blissey|Seismic Toss|p1a: Mandibuzz\n|-damage|p1a: Mandibuzz|51\/100\n|\n|-weather|none\n|upkeep\n|turn|32\n|\n|t:|1699632539\n|switch|p2a: Miraidon|Miraidon|58\/100\n|-fieldstart|move: Electric Terrain|[from] ability: Hadron Engine|[of] p2a: Miraidon\n|move|p1a: Mandibuzz|Taunt|p2a: Miraidon\n|-start|p2a: Miraidon|move: Taunt\n|\n|upkeep\n|turn|33\n|\n|t:|1699632549\n|switch|p1a: Kyogre|Kyogre|26\/100 brn\n|-damage|p1a: Kyogre|13\/100 brn|[from] Stealth Rock\n|-weather|RainDance|[from] ability: Drizzle|[of] p1a: Kyogre\n|move|p2a: Miraidon|Electro Drift|p1a: Kyogre\n|-supereffective|p1a: Kyogre\n|-damage|p1a: Kyogre|0 fnt\n|faint|p1a: Kyogre\n|\n|-weather|RainDance|[upkeep]\n|upkeep\n|\n|t:|1699632551\n|switch|p1a: Calyrex|Calyrex-Shadow|100\/100\n|-ability|p1a: Calyrex|As One\n|-ability|p1a: Calyrex|Unnerve\n|turn|34\n|\n|t:|1699632564\n|switch|p2a: Blissey|Blissey, F|24\/100\n|-damage|p2a: Blissey|12\/100|[from] Stealth Rock\n|move|p1a: Calyrex|Psyshock|p2a: Blissey\n|-damage|p2a: Blissey|0 fnt\n|faint|p2a: Blissey\n|-ability|p1a: Calyrex|Grim Neigh|boost\n|-boost|p1a: Calyrex|spa|1\n|\n|-weather|RainDance|[upkeep]\n|upkeep\n|\n|t:|1699632574\n|switch|p2a: Grimmsnarl|Grimmsnarl, M|16\/100\n|turn|35\n|\n|t:|1699632579\n|move|p1a: Calyrex|Encore||[still]\n|-fail|p1a: Calyrex\n|move|p2a: Grimmsnarl|Spirit Break|p1a: Calyrex\n|-damage|p1a: Calyrex|63\/100\n|-unboost|p1a: Calyrex|spa|1\n|\n|-weather|RainDance|[upkeep]\n|upkeep\n|turn|36\n|\n|t:|1699632587\n|move|p2a: Grimmsnarl|Thunder Wave|p1a: Calyrex\n|-status|p1a: Calyrex|par\n|move|p1a: Calyrex|Astral Barrage|p2a: Grimmsnarl\n|-resisted|p2a: Grimmsnarl\n|-damage|p2a: Grimmsnarl|0 fnt\n|faint|p2a: Grimmsnarl\n|-ability|p1a: Calyrex|Grim Neigh|boost\n|-boost|p1a: Calyrex|spa|1\n|\n|-weather|RainDance|[upkeep]\n|-fieldend|move: Electric Terrain\n|upkeep\n|\n|t:|1699632598\n|switch|p2a: Miraidon|Miraidon|58\/100\n|-fieldstart|move: Electric Terrain|[from] ability: Hadron Engine|[of] p2a: Miraidon\n|turn|37\n|\n|t:|1699632602\n|move|p2a: Miraidon|Electro Drift|p1a: Calyrex\n|-damage|p1a: Calyrex|0 fnt\n|faint|p1a: Calyrex\n|\n|-weather|none\n|upkeep\n|\n|t:|1699632604\n|switch|p1a: Mandibuzz|Mandibuzz, F|51\/100\n|turn|38\n|\n|t:|1699632610\n|move|p2a: Miraidon|Electro Drift|p1a: Mandibuzz\n|-supereffective|p1a: Mandibuzz\n|-damage|p1a: Mandibuzz|0 fnt\n|faint|p1a: Mandibuzz\n|\n|win|hoenn militian\n|raw|BloomingFlowerSea's rating: 1776 &rarr; <strong>1758<\/strong><br \/>(-18 for losing)\n|raw|hoenn militian's rating: 1817 &rarr; <strong>1835<\/strong><br \/>(+18 for winning)\n|l|\u2606BloomingFlowerSea\n","uploadtime":1699632614,"views":19,"p1id":"bloomingflowersea","p2id":"hoennmilitian","formatid":"gen9anythinggoes","rating":1758,"private":0,"password":""}