{"id":"gen9anythinggoes-1975387386","p1":"duckamalgamation","p2":"Ryoshi2000","format":"[Gen 9] Anything Goes","log":"|j|\u2606duckamalgamation\n|j|\u2606Ryoshi2000\n|t:|1698185876\n|gametype|singles\n|player|p1|duckamalgamation|n|1060\n|player|p2|Ryoshi2000|giovanni|1151\n|teamsize|p1|6\n|teamsize|p2|6\n|gen|9\n|tier|[Gen 9] Anything Goes\n|rated|\n|rule|HP Percentage Mod: HP is shown in percentages\n|rule|Endless Battle Clause: Forcing endless battles is banned\n|clearpoke\n|poke|p1|Slither Wing|\n|poke|p1|Mandibuzz, F|\n|poke|p1|Chandelure, M|\n|poke|p1|Clodsire, M|\n|poke|p1|Toxapex, F|\n|poke|p1|Kingambit, M|\n|poke|p2|Skeledirge, M|\n|poke|p2|Hawlucha, F|\n|poke|p2|Toxtricity, M|\n|poke|p2|Kingambit, M|\n|poke|p2|Hatterene, F|\n|poke|p2|Haxorus, M|\n|teampreview\n|\n|t:|1698185886\n|start\n|switch|p1a: fat|Clodsire, M|100\/100\n|switch|p2a: Hawlucha|Hawlucha, F|100\/100\n|turn|1\n|\n|t:|1698185894\n|move|p2a: Hawlucha|Swords Dance|p2a: Hawlucha\n|-boost|p2a: Hawlucha|atk|2\n|move|p1a: fat|Spikes|p2a: Hawlucha\n|-sidestart|p2: Ryoshi2000|Spikes\n|\n|upkeep\n|turn|2\n|\n|t:|1698185898\n|move|p2a: Hawlucha|Swords Dance|p2a: Hawlucha\n|-boost|p2a: Hawlucha|atk|2\n|move|p1a: fat|Spikes|p2a: Hawlucha\n|-sidestart|p2: Ryoshi2000|Spikes\n|\n|upkeep\n|turn|3\n|\n|t:|1698185906\n|move|p2a: Hawlucha|Aerial Ace|p1a: fat\n|-damage|p1a: fat|36\/100\n|move|p1a: fat|Spikes|p2a: Hawlucha\n|-sidestart|p2: Ryoshi2000|Spikes\n|\n|-heal|p1a: fat|43\/100|[from] item: Leftovers\n|upkeep\n|turn|4\n|\n|t:|1698185913\n|move|p2a: Hawlucha|Aerial Ace|p1a: fat\n|-damage|p1a: fat|0 fnt\n|faint|p1a: fat\n|\n|upkeep\n|\n|t:|1698185923\n|switch|p1a: moth|Slither Wing|100\/100\n|-enditem|p1a: moth|Booster Energy\n|-activate|p1a: moth|ability: Protosynthesis|[fromitem]\n|-start|p1a: moth|protosynthesisatk\n|turn|5\n|\n|t:|1698185936\n|-terastallize|p1a: moth|Ground\n|move|p1a: moth|First Impression|p2a: Hawlucha\n|-resisted|p2a: Hawlucha\n|-damage|p2a: Hawlucha|80\/100\n|move|p2a: Hawlucha|Aerial Ace|p1a: moth\n|-damage|p1a: moth|6\/100\n|\n|upkeep\n|turn|6\n|\n|t:|1698185946\n|-end|p1a: moth|Protosynthesis|[silent]\n|switch|p1a: urchin|Toxapex, F, shiny|100\/100\n|move|p2a: Hawlucha|Drain Punch|p1a: urchin\n|-resisted|p1a: urchin\n|-damage|p1a: urchin|63\/100\n|-heal|p2a: Hawlucha|95\/100|[from] drain|[of] p1a: urchin\n|\n|-heal|p1a: urchin|69\/100|[from] item: Black Sludge\n|upkeep\n|turn|7\n|\n|t:|1698185956\n|move|p2a: Hawlucha|Aerial Ace|p1a: urchin\n|-damage|p1a: urchin|13\/100\n|move|p1a: urchin|Haze|p1a: urchin\n|-clearallboost\n|\n|-heal|p1a: urchin|20\/100|[from] item: Black Sludge\n|upkeep\n|turn|8\n|\n|t:|1698185963\n|move|p1a: urchin|Baneful Bunker|p1a: urchin\n|-singleturn|p1a: urchin|move: Protect\n|move|p2a: Hawlucha|Aerial Ace|p1a: urchin\n|-activate|p1a: urchin|move: Protect\n|-status|p2a: Hawlucha|psn\n|\n|-heal|p1a: urchin|26\/100|[from] item: Black Sludge\n|-damage|p2a: Hawlucha|83\/100 psn|[from] psn\n|upkeep\n|turn|9\n|\n|t:|1698185972\n|move|p2a: Hawlucha|Aerial Ace|p1a: urchin\n|-damage|p1a: urchin|5\/100\n|move|p1a: urchin|Ice Spinner|p2a: Hawlucha\n|-supereffective|p2a: Hawlucha\n|-damage|p2a: Hawlucha|50\/100 psn\n|\n|-heal|p1a: urchin|12\/100|[from] item: Black Sludge\n|-damage|p2a: Hawlucha|37\/100 psn|[from] psn\n|upkeep\n|turn|10\n|\n|t:|1698185981\n|move|p1a: urchin|Baneful Bunker|p1a: urchin\n|-singleturn|p1a: urchin|move: Protect\n|move|p2a: Hawlucha|Aerial Ace|p1a: urchin\n|-activate|p1a: urchin|move: Protect\n|\n|-heal|p1a: urchin|18\/100|[from] item: Black Sludge\n|-damage|p2a: Hawlucha|25\/100 psn|[from] psn\n|upkeep\n|-enditem|p2a: Hawlucha|Aguav Berry|[eat]\n|-heal|p2a: Hawlucha|58\/100 psn|[from] item: Aguav Berry\n|turn|11\n|\n|t:|1698185990\n|move|p2a: Hawlucha|Aerial Ace|p1a: urchin\n|-damage|p1a: urchin|0 fnt\n|faint|p1a: urchin\n|\n|-damage|p2a: Hawlucha|45\/100 psn|[from] psn\n|upkeep\n|\n|t:|1698185997\n|switch|p1a: bird|Mandibuzz, F, shiny|100\/100\n|turn|12\n|\n|t:|1698186001\n|move|p2a: Hawlucha|Swords Dance|p2a: Hawlucha\n|-boost|p2a: Hawlucha|atk|2\n|move|p1a: bird|Foul Play|p2a: Hawlucha\n|-resisted|p2a: Hawlucha\n|-damage|p2a: Hawlucha|0 fnt\n|faint|p2a: Hawlucha\n|\n|upkeep\n|\n|t:|1698186015\n|switch|p2a: Toxtricity|Toxtricity, M|100\/100\n|-damage|p2a: Toxtricity|76\/100|[from] Spikes\n|turn|13\n|\n|t:|1698186020\n|move|p2a: Toxtricity|Boomburst|p1a: bird\n|-damage|p1a: bird|43\/100\n|-damage|p2a: Toxtricity|66\/100|[from] item: Life Orb\n|move|p1a: bird|Foul Play|p2a: Toxtricity\n|-damage|p2a: Toxtricity|22\/100\n|\n|upkeep\n|turn|14\n|\n|t:|1698186029\n|move|p2a: Toxtricity|Boomburst|p1a: bird\n|-damage|p1a: bird|0 fnt\n|faint|p1a: bird\n|-damage|p2a: Toxtricity|12\/100|[from] item: Life Orb\n|\n|upkeep\n|\n|t:|1698186034\n|switch|p1a: lamp|Chandelure, M, shiny|100\/100\n|turn|15\n|\n|t:|1698186043\n|move|p1a: lamp|Flamethrower|p2a: Toxtricity\n|-damage|p2a: Toxtricity|0 fnt\n|faint|p2a: Toxtricity\n|\n|upkeep\n|\n|t:|1698186051\n|switch|p2a: Haxorus|Haxorus, M, shiny|100\/100\n|-damage|p2a: Haxorus|75\/100|[from] Spikes\n|-ability|p2a: Haxorus|Mold Breaker\n|turn|16\n|\n|t:|1698186056\n|move|p2a: Haxorus|Dragon Dance|p2a: Haxorus\n|-boost|p2a: Haxorus|atk|1\n|-boost|p2a: Haxorus|spe|1\n|move|p1a: lamp|Flamethrower|p2a: Haxorus\n|-resisted|p2a: Haxorus\n|-damage|p2a: Haxorus|23\/100\n|\n|upkeep\n|turn|17\n|\n|t:|1698186063\n|move|p2a: Haxorus|Earthquake|p1a: lamp\n|-supereffective|p1a: lamp\n|-damage|p1a: lamp|0 fnt\n|faint|p1a: lamp\n|\n|upkeep\n|\n|t:|1698186068\n|switch|p1a: moth|Slither Wing, tera:Ground|6\/100\n|turn|18\n|\n|t:|1698186075\n|move|p1a: moth|First Impression|p2a: Haxorus\n|-damage|p2a: Haxorus|0 fnt\n|faint|p2a: Haxorus\n|\n|upkeep\n|\n|t:|1698186079\n|switch|p2a: Kingambit|Kingambit, M|100\/100\n|-damage|p2a: Kingambit|75\/100|[from] Spikes\n|turn|19\n|\n|t:|1698186085\n|move|p2a: Kingambit|Sucker Punch|p1a: moth\n|-damage|p1a: moth|0 fnt\n|faint|p1a: moth\n|-end|p1a: moth|Protosynthesis|[silent]\n|\n|upkeep\n|\n|t:|1698186090\n|switch|p1a: samurai|Kingambit, M|100\/100\n|-activate|p1a: samurai|ability: Supreme Overlord\n|-start|p1a: samurai|fallen5|[silent]\n|turn|20\n|\n|t:|1698186095\n|move|p1a: samurai|Swords Dance|p1a: samurai\n|-boost|p1a: samurai|atk|2\n|move|p2a: Kingambit|Kowtow Cleave|p1a: samurai\n|-resisted|p1a: samurai\n|-damage|p1a: samurai|80\/100\n|\n|upkeep\n|turn|21\n|\n|t:|1698186103\n|move|p1a: samurai|Sucker Punch|p2a: Kingambit\n|-resisted|p2a: Kingambit\n|-damage|p2a: Kingambit|17\/100\n|move|p2a: Kingambit|Brick Break|p1a: samurai\n|-supereffective|p1a: samurai\n|-damage|p1a: samurai|0 fnt\n|faint|p1a: samurai\n|-end|p1a: samurai|fallen5|[silent]\n|\n|win|Ryoshi2000\n|raw|duckamalgamation's rating: 1060 &rarr; <strong>1046<\/strong><br \/>(-14 for losing)\n|raw|Ryoshi2000's rating: 1151 &rarr; <strong>1170<\/strong><br \/>(+19 for winning)\n|c|\u2606Ryoshi2000|gg\n|l|\u2606duckamalgamation\n","uploadtime":1698186120,"views":5,"p1id":"duckamalgamation","p2id":"ryoshi2000","formatid":"gen9anythinggoes","rating":1046,"private":0,"password":""}