{"id":"gen9anythinggoes-1983429780","p1":"0-9p8p9p7","p2":"Human02","format":"[Gen 9] Anything Goes","log":"|j|\u26060-9p8p9p7\n|j|\u2606Human02\n|t:|1699129268\n|gametype|singles\n|player|p1|0-9p8p9p7|102|1011\n|player|p2|Human02|byron|1079\n|teamsize|p1|6\n|teamsize|p2|6\n|gen|9\n|tier|[Gen 9] Anything Goes\n|rated|\n|rule|HP Percentage Mod: HP is shown in percentages\n|rule|Endless Battle Clause: Forcing endless battles is banned\n|clearpoke\n|poke|p1|Snom, M|\n|poke|p1|Rabsca, F|\n|poke|p1|Snom, F|\n|poke|p1|Snom, F|\n|poke|p1|Snom, M|\n|poke|p1|Noctowl, M|\n|poke|p2|Ursaluna-Bloodmoon, M|\n|poke|p2|Drifblim, M|\n|poke|p2|Scream Tail|\n|poke|p2|Perrserker, M|\n|poke|p2|Chien-Pao|\n|poke|p2|Leafeon, F|\n|teampreview\n|\n|t:|1699129274\n|start\n|switch|p1a: our savior|Rabsca, F|100\/100\n|switch|p2a: Balloon|Drifblim, M|100\/100\n|turn|1\n|c|\u2606Human02|snom?\n|\n|t:|1699129281\n|move|p2a: Balloon|Minimize|p2a: Balloon\n|-boost|p2a: Balloon|evasion|2\n|move|p1a: our savior|Trick Room|p1a: our savior\n|-fieldstart|move: Trick Room|[of] p1a: our savior\n|\n|upkeep\n|turn|2\n|c|\u26060-9p8p9p7|smon\n|\n|t:|1699129287\n|move|p1a: our savior|Sand Attack|p2a: Balloon|[miss]\n|-miss|p1a: our savior|p2a: Balloon\n|move|p2a: Balloon|Minimize|p2a: Balloon\n|-boost|p2a: Balloon|evasion|2\n|\n|upkeep\n|turn|3\n|c|\u2606Human02|i see\n|\n|t:|1699129294\n|switch|p1a: THEBIGGESTBIRB|Noctowl, M, shiny|100\/100\n|move|p2a: Balloon|Minimize|p2a: Balloon\n|-boost|p2a: Balloon|evasion|2\n|\n|upkeep\n|turn|4\n|c|\u2606Human02|#praisesnom\n|\n|t:|1699129307\n|move|p1a: THEBIGGESTBIRB|Haze|p1a: THEBIGGESTBIRB\n|-clearallboost\n|move|p2a: Balloon|Minimize|p2a: Balloon\n|-boost|p2a: Balloon|evasion|2\n|\n|upkeep\n|turn|5\n|c|\u26060-9p8p9p7|you cant stop the inevitablwe\n|\n|t:|1699129316\n|move|p2a: Balloon|Minimize|p2a: Balloon\n|-boost|p2a: Balloon|evasion|2\n|move|p1a: THEBIGGESTBIRB|Whirlwind|p2a: Balloon\n|drag|p2a: Bear|Ursaluna-Bloodmoon, M|100\/100\n|\n|-fieldend|move: Trick Room\n|upkeep\n|turn|6\n|\n|t:|1699129325\n|move|p1a: THEBIGGESTBIRB|Hurricane|p2a: Bear\n|-damage|p2a: Bear|24\/100\n|-damage|p1a: THEBIGGESTBIRB|91\/100|[from] item: Life Orb\n|move|p2a: Bear|Blood Moon|p1a: THEBIGGESTBIRB\n|-damage|p1a: THEBIGGESTBIRB|22\/100\n|\n|-heal|p2a: Bear|30\/100|[from] item: Leftovers\n|upkeep\n|turn|7\n|\n|t:|1699129335\n|move|p2a: Bear|Protect|p2a: Bear\n|-singleturn|p2a: Bear|Protect\n|move|p1a: THEBIGGESTBIRB|Hurricane|p2a: Bear\n|-activate|p2a: Bear|move: Protect\n|\n|-heal|p2a: Bear|36\/100|[from] item: Leftovers\n|upkeep\n|turn|8\n|\n|t:|1699129342\n|move|p1a: THEBIGGESTBIRB|Hurricane|p2a: Bear\n|-damage|p2a: Bear|0 fnt\n|faint|p2a: Bear\n|-damage|p1a: THEBIGGESTBIRB|12\/100|[from] item: Life Orb\n|\n|upkeep\n|c|\u2606Human02|shit\n|\n|t:|1699129352\n|switch|p2a: leaf|Leafeon, F|100\/100\n|turn|9\n|\n|t:|1699129356\n|move|p2a: leaf|Leech Seed|p1a: THEBIGGESTBIRB\n|-start|p1a: THEBIGGESTBIRB|move: Leech Seed\n|move|p1a: THEBIGGESTBIRB|Hurricane|p2a: leaf\n|-supereffective|p2a: leaf\n|-damage|p2a: leaf|0 fnt\n|faint|p2a: leaf\n|-damage|p1a: THEBIGGESTBIRB|2\/100|[from] item: Life Orb\n|\n|upkeep\n|\n|t:|1699129363\n|switch|p2a: nightmares|Perrserker, M|100\/100\n|turn|10\n|c|\u26060-9p8p9p7|not cooking?\n|\n|t:|1699129369\n|move|p1a: THEBIGGESTBIRB|Hurricane|p2a: nightmares\n|-resisted|p2a: nightmares\n|-damage|p2a: nightmares|5\/100\n|-damage|p1a: THEBIGGESTBIRB|0 fnt|[from] item: Life Orb\n|faint|p1a: THEBIGGESTBIRB\n|move|p2a: nightmares|Dark Pulse|p1: THEBIGGESTBIRB|[notarget]\n|-fail|p2a: nightmares\n|\n|-heal|p2a: nightmares|11\/100|[from] item: Leftovers\n|upkeep\n|c|\u26060-9p8p9p7|lol !dt tinted lens\n|c|\u26060-9p8p9p7|!dt tinted lens\n|raw|<ul class=\"utilichart\"><li class=\"result\"><span class=\"col namecol\"><a href=\"https:\/\/dex.pokemonshowdown.com\/abilities\/tintedlens\">Tinted Lens<\/a><\/span> <span class=\"col abilitydesccol\">This Pokemon's attacks that are not very effective on a target deal double damage.<\/span> <\/li><li style=\"clear:both\"><\/li><\/ul>\n|raw|<font size=\"1\"><font color=\"#686868\">Gen:<\/font> 4<\/font>\n\n|c|\u2606Human02|this did not turn out how i expected\n|\n|t:|1699129391\n|switch|p1a: our savior|Rabsca, F|100\/100\n|turn|11\n|\n|t:|1699129399\n|move|p2a: nightmares|Crunch|p1a: our savior\n|-supereffective|p1a: our savior\n|-damage|p1a: our savior|48\/100\n|move|p1a: our savior|Revival Blessing|p1a: our savior\n|\n|t:|1699129404\n|-heal|p1: THEBIGGESTBIRB|50\/100|[from] move: Revival Blessing\n|\n|-heal|p2a: nightmares|17\/100|[from] item: Leftovers\n|upkeep\n|turn|12\n|c|\u2606Human02|oh no\n|c|\u26060-9p8p9p7|xd\n|\n|t:|1699129416\n|move|p2a: nightmares|Dark Pulse|p1a: our savior\n|-supereffective|p1a: our savior\n|-damage|p1a: our savior|32\/100\n|move|p1a: our savior|Trick Room|p1a: our savior\n|-fieldstart|move: Trick Room|[of] p1a: our savior\n|\n|-heal|p2a: nightmares|23\/100|[from] item: Leftovers\n|upkeep\n|turn|13\n|\n|t:|1699129425\n|move|p1a: our savior|Sand Attack|p2a: nightmares\n|-unboost|p2a: nightmares|accuracy|1\n|move|p2a: nightmares|Crunch|p1a: our savior|[miss]\n|-miss|p2a: nightmares|p1a: our savior\n|\n|-heal|p2a: nightmares|29\/100|[from] item: Leftovers\n|upkeep\n|turn|14\n|\n|t:|1699129437\n|move|p1a: our savior|Memento|p2a: nightmares\n|-unboost|p2a: nightmares|atk|2\n|-unboost|p2a: nightmares|spa|2\n|faint|p1a: our savior\n|move|p2a: nightmares|Crunch|p1: our savior|[notarget]\n|-fail|p2a: nightmares\n|\n|-heal|p2a: nightmares|35\/100|[from] item: Leftovers\n|upkeep\n|c|\u26060-9p8p9p7|now youre kinda letting me cook(possibly)\n|c|\u2606Human02|oh no\n|\n|t:|1699129448\n|switch|p1a: nom|Snom, M|100\/100\n|turn|15\n|\n|t:|1699129456\n|move|p1a: nom|Bug Buzz|p2a: nightmares\n|-resisted|p2a: nightmares\n|-damage|p2a: nightmares|11\/100\n|move|p2a: nightmares|Dark Pulse|p1a: nom|[miss]\n|-miss|p2a: nightmares|p1a: nom\n|\n|-heal|p2a: nightmares|17\/100|[from] item: Leftovers\n|upkeep\n|turn|16\n|c|\u2606Human02|lets see the snom power\n|\n|t:|1699129464\n|move|p1a: nom|Bug Buzz|p2a: nightmares\n|-resisted|p2a: nightmares\n|-damage|p2a: nightmares|0 fnt\n|faint|p2a: nightmares\n|\n|-fieldend|move: Trick Room\n|upkeep\n|\n|t:|1699129470\n|switch|p2a: ice age lion king|Chien-Pao|100\/100\n|-ability|p2a: ice age lion king|Sword of Ruin\n|turn|17\n|c|\u26060-9p8p9p7|smon power\n|\n|t:|1699129480\n|move|p2a: ice age lion king|Sacred Sword|p1a: nom\n|-enditem|p1a: nom|Focus Sash\n|-damage|p1a: nom|1\/100\n|move|p1a: nom|Bug Buzz|p2a: ice age lion king\n|-supereffective|p2a: ice age lion king\n|-damage|p2a: ice age lion king|8\/100\n|\n|-heal|p2a: ice age lion king|14\/100|[from] item: Leftovers\n|upkeep\n|turn|18\n|c|\u26060-9p8p9p7|boom\n|\n|t:|1699129490\n|move|p1a: nom|Bug Buzz|p2a: ice age lion king\n|-supereffective|p2a: ice age lion king\n|-damage|p2a: ice age lion king|0 fnt\n|faint|p2a: ice age lion king\n|\n|upkeep\n|c|\u26060-9p8p9p7|bam\n|\n|t:|1699129497\n|switch|p2a: Jigglypuff?|Scream Tail|100\/100\n|turn|19\n|c|\u2606Human02|well im out of damage moves\n|c|\u2606Human02|gg\n|c|\u26060-9p8p9p7|dx\n|-message|Human02 forfeited.\n|\n|win|0-9p8p9p7\n|raw|0-9p8p9p7's rating: 1011 &rarr; <strong>1057<\/strong><br \/>(+46 for winning)\n|raw|Human02's rating: 1079 &rarr; <strong>1053<\/strong><br \/>(-26 for losing)\n|l|\u2606Human02\n","uploadtime":1699129520,"views":6,"p1id":"09p8p9p7","p2id":"human02","formatid":"gen9anythinggoes","rating":1053,"private":0,"password":""}