{"id":"gen9anythinggoes-1994289860","p1":"xXelsoperoXx","p2":"somebodyrandomly","format":"[Gen 9] Anything Goes","log":"|j|\u2606xXelsoperoXx\n|j|\u2606somebodyrandomly\n|t:|1700427531\n|gametype|singles\n|player|p1|xXelsoperoXx|2|1061\n|player|p2|somebodyrandomly|hilbert-wonderlauncher|1000\n|teamsize|p1|6\n|teamsize|p2|6\n|gen|9\n|tier|[Gen 9] Anything Goes\n|rated|\n|rule|HP Percentage Mod: HP is shown in percentages\n|rule|Endless Battle Clause: Forcing endless battles is banned\n|clearpoke\n|poke|p1|Rayquaza|\n|poke|p1|Gliscor, M|\n|poke|p1|Chi-Yu|\n|poke|p1|Kingambit, F|\n|poke|p1|Annihilape, F|\n|poke|p1|Sinistcha|\n|poke|p2|Hatterene, F|\n|poke|p2|Golem-Alola, M|\n|poke|p2|Azelf|\n|poke|p2|Golem, M|\n|poke|p2|Enamorus-Therian, F|\n|poke|p2|Kingambit, F|\n|teampreview\n|inactive|Battle timer is ON: inactive players will automatically lose when time's up. (requested by somebodyrandomly)\n|\n|t:|1700427543\n|start\n|switch|p1a: Gliscor|Gliscor, M, shiny|100\/100\n|switch|p2a: Azelf|Azelf|100\/100\n|turn|1\n|\n|t:|1700427551\n|move|p2a: Azelf|Knock Off|p1a: Gliscor\n|-damage|p1a: Gliscor|71\/100\n|-enditem|p1a: Gliscor|Toxic Orb|[from] move: Knock Off|[of] p2a: Azelf\n|move|p1a: Gliscor|Swords Dance|p1a: Gliscor\n|-boost|p1a: Gliscor|atk|2\n|\n|upkeep\n|turn|2\n|\n|t:|1700427559\n|move|p2a: Azelf|Explosion|p1a: Gliscor\n|-enditem|p2a: Azelf|Normal Gem|[from] gem\n|-damage|p1a: Gliscor|0 fnt\n|faint|p2a: Azelf\n|faint|p1a: Gliscor\n|\n|upkeep\n|\n|t:|1700427572\n|switch|p2a: Enamorus|Enamorus-Therian, F|100\/100\n|switch|p1a: Chi-Yu|Chi-Yu|100\/100\n|-ability|p1a: Chi-Yu|Beads of Ruin\n|turn|3\n|\n|t:|1700427581\n|move|p1a: Chi-Yu|Flamethrower|p2a: Enamorus\n|-damage|p2a: Enamorus|48\/100\n|move|p2a: Enamorus|Misty Explosion|p1a: Chi-Yu\n|-damage|p1a: Chi-Yu|4\/100\n|faint|p2a: Enamorus\n|\n|upkeep\n|\n|t:|1700427587\n|switch|p2a: Golem|Golem, M|100\/100\n|turn|4\n|\n|t:|1700427592\n|move|p1a: Chi-Yu|Dark Pulse|p2a: Golem\n|-damage|p2a: Golem|40\/100\n|move|p2a: Golem|Stealth Rock|p1a: Chi-Yu\n|-sidestart|p1: xXelsoperoXx|move: Stealth Rock\n|\n|upkeep\n|turn|5\n|\n|t:|1700427600\n|move|p1a: Chi-Yu|Dark Pulse|p2a: Golem\n|-damage|p2a: Golem|0 fnt\n|faint|p2a: Golem\n|\n|upkeep\n|\n|t:|1700427607\n|switch|p2a: Golem|Golem-Alola, M|100\/100\n|turn|6\n|\n|t:|1700427613\n|move|p1a: Chi-Yu|Dark Pulse|p2a: Golem\n|-damage|p2a: Golem|42\/100\n|move|p2a: Golem|Explosion|p1a: Chi-Yu\n|-damage|p1a: Chi-Yu|0 fnt\n|faint|p2a: Golem\n|faint|p1a: Chi-Yu\n|\n|upkeep\n|\n|t:|1700427631\n|switch|p1a: Kingambit|Kingambit, F, shiny|100\/100\n|switch|p2a: Hatterene|Hatterene, F|100\/100\n|-damage|p1a: Kingambit|94\/100|[from] Stealth Rock\n|-activate|p1a: Kingambit|ability: Supreme Overlord\n|-start|p1a: Kingambit|fallen2|[silent]\n|turn|7\n|\n|t:|1700427640\n|move|p1a: Kingambit|Sucker Punch|p2a: Hatterene\n|-damage|p2a: Hatterene|60\/100\n|move|p2a: Hatterene|Misty Explosion|p1a: Kingambit\n|-damage|p1a: Kingambit|0 fnt\n|faint|p2a: Hatterene\n|faint|p1a: Kingambit\n|-end|p1a: Kingambit|fallen2|[silent]\n|\n|upkeep\n|\n|t:|1700427652\n|switch|p1a: Annihilape|Annihilape, F|100\/100\n|switch|p2a: Kingambit|Kingambit, F|100\/100\n|-activate|p2a: Kingambit|ability: Supreme Overlord\n|-start|p2a: Kingambit|fallen5|[silent]\n|-damage|p1a: Annihilape|94\/100|[from] Stealth Rock\n|turn|8\n|\n|t:|1700427661\n|-terastallize|p2a: Kingambit|Fairy\n|-terastallize|p1a: Annihilape|Fighting\n|move|p2a: Kingambit|Swords Dance|p2a: Kingambit\n|-boost|p2a: Kingambit|atk|2\n|move|p1a: Annihilape|Drain Punch|p2a: Kingambit\n|-resisted|p2a: Kingambit\n|-damage|p2a: Kingambit|82\/100\n|-heal|p1a: Annihilape|100\/100|[from] drain|[of] p2a: Kingambit\n|\n|-heal|p2a: Kingambit|88\/100|[from] item: Leftovers\n|upkeep\n|turn|9\n|\n|t:|1700427676\n|move|p2a: Kingambit|Low Kick|p1a: Annihilape\n|-damage|p1a: Annihilape|0 fnt\n|faint|p1a: Annihilape\n|\n|-heal|p2a: Kingambit|94\/100|[from] item: Leftovers\n|upkeep\n|\n|t:|1700427684\n|switch|p1a: Rayquaza|Rayquaza, shiny|100\/100\n|-damage|p1a: Rayquaza|76\/100|[from] Stealth Rock\n|-ability|p1a: Rayquaza|Air Lock\n|turn|10\n|\n|t:|1700427692\n|move|p1a: Rayquaza|Dragon Ascent|p2a: Kingambit\n|-damage|p2a: Kingambit|42\/100\n|-unboost|p1a: Rayquaza|def|1\n|-unboost|p1a: Rayquaza|spd|1\n|move|p2a: Kingambit|Kowtow Cleave|p1a: Rayquaza\n|-crit|p1a: Rayquaza\n|-damage|p1a: Rayquaza|0 fnt\n|faint|p1a: Rayquaza\n|\n|-heal|p2a: Kingambit|48\/100|[from] item: Leftovers\n|upkeep\n|\n|t:|1700427705\n|switch|p1a: Sinistcha|Sinistcha, shiny|100\/100\n|-damage|p1a: Sinistcha|88\/100|[from] Stealth Rock\n|turn|11\n|\n|t:|1700427711\n|move|p2a: Kingambit|Kowtow Cleave|p1a: Sinistcha\n|-supereffective|p1a: Sinistcha\n|-damage|p1a: Sinistcha|0 fnt\n|faint|p1a: Sinistcha\n|\n|win|somebodyrandomly\n|raw|xXelsoperoXx's rating: 1061 &rarr; <strong>1039<\/strong><br \/>(-22 for losing)\n|raw|somebodyrandomly's rating: 1000 &rarr; <strong>1047<\/strong><br \/>(+47 for winning)\n","uploadtime":1700427715,"views":10,"p1id":"xxelsoperoxx","p2id":"somebodyrandomly","formatid":"gen9anythinggoes","rating":1039,"private":0,"password":""}