{"id":"gen9anythinggoes-1982006614","p1":"Soru87","p2":"Josharius","format":"[Gen 9] Anything Goes","log":"|j|\u2606Soru87\n|j|\u2606Josharius\n|t:|1698959029\n|gametype|singles\n|player|p1|Soru87|bellelba|\n|player|p2|Josharius|ethan|\n|teamsize|p1|6\n|teamsize|p2|6\n|gen|9\n|tier|[Gen 9] Anything Goes\n|rule|HP Percentage Mod: HP is shown in percentages\n|rule|Endless Battle Clause: Forcing endless battles is banned\n|clearpoke\n|poke|p1|Zoroark-Hisui, F|\n|poke|p1|Dondozo, M|\n|poke|p1|Cresselia, F|\n|poke|p1|Ursaluna-Bloodmoon, M|\n|poke|p1|Iron Hands|\n|poke|p1|Scyther, F|\n|poke|p2|Floatzel, M|\n|poke|p2|Thundurus, M|\n|poke|p2|Torkoal, M|\n|poke|p2|Lilligant-Hisui, F|\n|poke|p2|Klefki, F|\n|poke|p2|Glimmora, F|\n|teampreview\n|j| caligulahar\n|j| theblandino\n|c| theblandino|glhf!!!\n|\n|t:|1698959051\n|start\n|switch|p1a: Phil|Dondozo, M, shiny|100\/100\n|switch|p2a: Floatarius|Floatzel, M|100\/100\n|turn|1\n|c| caligulahar|thanks\n|\n|t:|1698959071\n|switch|p2a: Wailin' Weed|Lilligant-Hisui, F|100\/100\n|move|p1a: Phil|Yawn|p2a: Wailin' Weed\n|-start|p2a: Wailin' Weed|move: Yawn|[of] p1a: Phil\n|\n|upkeep\n|turn|2\n|\n|t:|1698959085\n|move|p1a: Phil|Protect|p1a: Phil\n|-singleturn|p1a: Phil|Protect\n|move|p2a: Wailin' Weed|Axe Kick|p1a: Phil\n|-activate|p1a: Phil|move: Protect\n|-damage|p2a: Wailin' Weed|50\/100|[from] highjumpkick\n|\n|-end|p2a: Wailin' Weed|move: Yawn|[silent]\n|-status|p2a: Wailin' Weed|slp\n|upkeep\n|turn|3\n|\n|t:|1698959103\n|switch|p2a: Blooming Sting|Glimmora, F|100\/100\n|move|p1a: Phil|Wave Crash|p2a: Blooming Sting\n|-supereffective|p2a: Blooming Sting\n|-damage|p2a: Blooming Sting|0 fnt\n|-activate|p2a: Blooming Sting|ability: Toxic Debris\n|-sidestart|p1: Soru87|move: Toxic Spikes\n|faint|p2a: Blooming Sting\n|-damage|p1a: Phil|76\/100|[from] Recoil\n|\n|-heal|p1a: Phil|82\/100|[from] item: Leftovers\n|upkeep\n|\n|t:|1698959115\n|switch|p2a: Seta Kis|Klefki, F|100\/100\n|turn|4\n|\n|t:|1698959124\n|move|p2a: Seta Kis|Switcheroo|p1a: Phil\n|-activate|p2a: Seta Kis|move: Trick|[of] p1a: Phil\n|-item|p1a: Phil|Toxic Orb|[from] move: Switcheroo\n|-item|p2a: Seta Kis|Leftovers|[from] move: Switcheroo\n|move|p1a: Phil|Yawn|p2a: Seta Kis\n|-start|p2a: Seta Kis|move: Yawn|[of] p1a: Phil\n|\n|-status|p1a: Phil|tox|[from] item: Toxic Orb\n|upkeep\n|turn|5\n|\n|t:|1698959140\n|switch|p2a: High Jinx|Thundurus, M|100\/100\n|move|p1a: Phil|Protect||[still]\n|-fail|p1a: Phil\n|\n|-damage|p1a: Phil|76\/100 tox|[from] psn\n|upkeep\n|turn|6\n|\n|t:|1698959153\n|switch|p1a: Andy|Ursaluna-Bloodmoon, M|100\/100\n|-status|p1a: Andy|psn\n|move|p2a: High Jinx|Thunder Wave|p1a: Andy\n|-immune|p1a: Andy\n|\n|-damage|p1a: Andy|88\/100 psn|[from] psn\n|upkeep\n|turn|7\n|\n|t:|1698959162\n|switch|p2a: Floatarius|Floatzel, M|100\/100\n|move|p1a: Andy|Blood Moon|p2a: Floatarius\n|-damage|p2a: Floatarius|0 fnt\n|faint|p2a: Floatarius\n|\n|-damage|p1a: Andy|76\/100 psn|[from] psn\n|upkeep\n|\n|t:|1698959172\n|switch|p2a: Wartoise|Torkoal, M|100\/100\n|-weather|SunnyDay|[from] ability: Drought|[of] p2a: Wartoise\n|turn|8\n|\n|t:|1698959183\n|move|p1a: Andy|Earth Power|p2a: Wartoise\n|-supereffective|p2a: Wartoise\n|-damage|p2a: Wartoise|0 fnt\n|faint|p2a: Wartoise\n|\n|-weather|SunnyDay|[upkeep]\n|-damage|p1a: Andy|64\/100 psn|[from] psn\n|upkeep\n|\n|t:|1698959192\n|switch|p2a: Seta Kis|Klefki, F|100\/100\n|turn|9\n|\n|t:|1698959200\n|move|p2a: Seta Kis|Protect|p2a: Seta Kis\n|-singleturn|p2a: Seta Kis|Protect\n|move|p1a: Andy|Earth Power|p2a: Seta Kis\n|-activate|p2a: Seta Kis|move: Protect\n|\n|-weather|SunnyDay|[upkeep]\n|-damage|p1a: Andy|51\/100 psn|[from] psn\n|upkeep\n|turn|10\n|\n|t:|1698959208\n|move|p2a: Seta Kis|Protect||[still]\n|-fail|p2a: Seta Kis\n|move|p1a: Andy|Blood Moon|p2a: Seta Kis\n|-resisted|p2a: Seta Kis\n|-damage|p2a: Seta Kis|57\/100\n|\n|-weather|SunnyDay|[upkeep]\n|-heal|p2a: Seta Kis|63\/100|[from] item: Leftovers\n|-damage|p1a: Andy|39\/100 psn|[from] psn\n|upkeep\n|turn|11\n|\n|t:|1698959217\n|move|p2a: Seta Kis|Spikes|p1a: Andy\n|-sidestart|p1: Soru87|Spikes\n|move|p1a: Andy|Earth Power|p2a: Seta Kis\n|-supereffective|p2a: Seta Kis\n|-damage|p2a: Seta Kis|0 fnt\n|faint|p2a: Seta Kis\n|\n|-weather|SunnyDay|[upkeep]\n|-damage|p1a: Andy|27\/100 psn|[from] psn\n|upkeep\n|\n|t:|1698959227\n|switch|p2a: Wailin' Weed|Lilligant-Hisui, F|50\/100 slp\n|turn|12\n|\n|t:|1698959236\n|cant|p2a: Wailin' Weed|slp\n|move|p1a: Andy|Moonblast|p2a: Wailin' Weed\n|-supereffective|p2a: Wailin' Weed\n|-damage|p2a: Wailin' Weed|0 fnt\n|faint|p2a: Wailin' Weed\n|\n|-weather|none\n|-damage|p1a: Andy|14\/100 psn|[from] psn\n|upkeep\n|\n|t:|1698959243\n|switch|p2a: High Jinx|Thundurus, M|100\/100\n|turn|13\n|\n|t:|1698959264\n|move|p2a: High Jinx|Volt Switch|p1a: Andy\n|-immune|p1a: Andy\n|move|p1a: Andy|Blood Moon|p2a: High Jinx\n|-damage|p2a: High Jinx|7\/100\n|\n|-damage|p1a: Andy|2\/100 psn|[from] psn\n|upkeep\n|turn|14\n|\n|t:|1698959276\n|move|p1a: Andy|Vacuum Wave|p2a: High Jinx\n|-resisted|p2a: High Jinx\n|-damage|p2a: High Jinx|0 fnt\n|faint|p2a: High Jinx\n|\n|win|Soru87\n","uploadtime":1698959284,"views":11,"p1id":"soru87","p2id":"josharius","formatid":"gen9anythinggoes","rating":0,"private":0,"password":""}