{"id":"gen9anythinggoes-1978285166","p1":"Lucasoduncu","p2":"JRender22","format":"[Gen 9] Anything Goes","log":"|j|\u2606Lucasoduncu\n|j|\u2606JRender22\n|t:|1698520889\n|gametype|singles\n|player|p1|Lucasoduncu|cameraman|1053\n|player|p2|JRender22|266|1079\n|teamsize|p1|6\n|teamsize|p2|6\n|gen|9\n|tier|[Gen 9] Anything Goes\n|rated|\n|rule|HP Percentage Mod: HP is shown in percentages\n|rule|Endless Battle Clause: Forcing endless battles is banned\n|clearpoke\n|poke|p1|Ogerpon, F|\n|poke|p1|Trevenant, F|\n|poke|p1|Tsareena, F|\n|poke|p1|Rotom-Mow|\n|poke|p1|Sawsbuck-Autumn, M|\n|poke|p1|Lombre, F|\n|poke|p2|Ambipom, M|\n|poke|p2|Zoroark-Hisui, F|\n|poke|p2|Ceruledge, M|\n|poke|p2|Haxorus, M|\n|poke|p2|Iron Valiant|\n|poke|p2|Dragonite, M|\n|teampreview\n|\n|t:|1698520894\n|start\n|switch|p1a: Rotom|Rotom-Mow, shiny|100\/100\n|switch|p2a: Ambipom|Ambipom, M|100\/100\n|turn|1\n|\n|t:|1698520907\n|move|p2a: Ambipom|Fake Out|p1a: Rotom\n|-damage|p1a: Rotom|71\/100\n|cant|p1a: Rotom|flinch\n|\n|upkeep\n|turn|2\n|\n|t:|1698520912\n|move|p2a: Ambipom|Fury Swipes|p1a: Rotom\n|-damage|p1a: Rotom|58\/100\n|-damage|p1a: Rotom|45\/100\n|-damage|p1a: Rotom|32\/100\n|-damage|p1a: Rotom|18\/100\n|-damage|p1a: Rotom|5\/100\n|-hitcount|p1a: Rotom|5\n|move|p1a: Rotom|Trick|p2a: Ambipom\n|-activate|p1a: Rotom|move: Trick|[of] p2a: Ambipom\n|-item|p2a: Ambipom|Lagging Tail|[from] move: Trick\n|-item|p1a: Rotom|Loaded Dice|[from] move: Trick\n|\n|upkeep\n|turn|3\n|\n|t:|1698520927\n|move|p1a: Rotom|Double Team|p1a: Rotom\n|-boost|p1a: Rotom|evasion|1\n|move|p2a: Ambipom|Aerial Ace|p1a: Rotom\n|-damage|p1a: Rotom|0 fnt\n|faint|p1a: Rotom\n|\n|upkeep\n|\n|t:|1698520931\n|switch|p1a: Sawsbuck|Sawsbuck-Autumn, M, shiny|100\/100\n|turn|4\n|\n|t:|1698520936\n|move|p1a: Sawsbuck|Sunny Day|p1a: Sawsbuck\n|-weather|SunnyDay\n|move|p2a: Ambipom|Aerial Ace|p1a: Sawsbuck\n|-supereffective|p1a: Sawsbuck\n|-damage|p1a: Sawsbuck|24\/100\n|-enditem|p1a: Sawsbuck|Petaya Berry|[eat]\n|-boost|p1a: Sawsbuck|spa|1|[from] item: Petaya Berry\n|\n|-weather|SunnyDay|[upkeep]\n|upkeep\n|turn|5\n|\n|t:|1698520943\n|move|p1a: Sawsbuck|Solar Beam||[still]\n|-prepare|p1a: Sawsbuck|Solar Beam\n|-anim|p1a: Sawsbuck|Solar Beam|p2a: Ambipom\n|-damage|p2a: Ambipom|0 fnt\n|faint|p2a: Ambipom\n|\n|-weather|SunnyDay|[upkeep]\n|upkeep\n|\n|t:|1698520952\n|switch|p2a: Ceruledge|Ceruledge, M|100\/100\n|turn|6\n|\n|t:|1698520961\n|move|p2a: Ceruledge|Shadow Sneak|p1a: Sawsbuck\n|-immune|p1a: Sawsbuck\n|move|p1a: Sawsbuck|Shadow Ball|p2a: Ceruledge\n|-supereffective|p2a: Ceruledge\n|-damage|p2a: Ceruledge|29\/100\n|-enditem|p2a: Ceruledge|Weakness Policy\n|-boost|p2a: Ceruledge|atk|2|[from] item: Weakness Policy\n|-boost|p2a: Ceruledge|spa|2|[from] item: Weakness Policy\n|\n|-weather|SunnyDay|[upkeep]\n|upkeep\n|turn|7\n|\n|t:|1698520980\n|move|p2a: Ceruledge|Shadow Sneak|p1a: Sawsbuck\n|-immune|p1a: Sawsbuck\n|move|p1a: Sawsbuck|Solar Beam||[still]\n|-prepare|p1a: Sawsbuck|Solar Beam\n|-anim|p1a: Sawsbuck|Solar Beam|p2a: Ceruledge\n|-resisted|p2a: Ceruledge\n|-damage|p2a: Ceruledge|0 fnt\n|faint|p2a: Ceruledge\n|\n|-weather|SunnyDay|[upkeep]\n|upkeep\n|\n|t:|1698520996\n|switch|p2a: Dragonite|Dragonite, M|100\/100\n|turn|8\n|\n|t:|1698521002\n|move|p2a: Dragonite|Extreme Speed|p1a: Sawsbuck\n|-damage|p1a: Sawsbuck|0 fnt\n|faint|p1a: Sawsbuck\n|\n|-weather|none\n|upkeep\n|\n|t:|1698521006\n|switch|p1a: Lombre|Lombre, F, shiny|100\/100\n|turn|9\n|inactive|Battle timer is ON: inactive players will automatically lose when time's up. (requested by Lucasoduncu)\n|\n|t:|1698521031\n|move|p2a: Dragonite|Aerial Ace|p1a: Lombre\n|-supereffective|p1a: Lombre\n|-damage|p1a: Lombre|26\/100\n|move|p1a: Lombre|Chilling Water|p2a: Dragonite\n|-resisted|p2a: Dragonite\n|-damage|p2a: Dragonite|98\/100\n|-unboost|p2a: Dragonite|atk|1\n|\n|upkeep\n|turn|10\n|\n|t:|1698521034\n|move|p2a: Dragonite|Extreme Speed|p1a: Lombre\n|-damage|p1a: Lombre|5\/100\n|move|p1a: Lombre|Leech Seed|p2a: Dragonite\n|-start|p2a: Dragonite|move: Leech Seed\n|\n|-damage|p2a: Dragonite|86\/100|[from] Leech Seed|[of] p1a: Lombre\n|-heal|p1a: Lombre|18\/100|[silent]\n|upkeep\n|turn|11\n|\n|t:|1698521039\n|move|p2a: Dragonite|Aerial Ace|p1a: Lombre\n|-supereffective|p1a: Lombre\n|-damage|p1a: Lombre|0 fnt\n|faint|p1a: Lombre\n|\n|upkeep\n|\n|t:|1698521044\n|switch|p1a: Trevenant|Trevenant, F, shiny|100\/100\n|turn|12\n|\n|t:|1698521048\n|move|p1a: Trevenant|Growth|p1a: Trevenant\n|-boost|p1a: Trevenant|atk|1\n|-boost|p1a: Trevenant|spa|1\n|move|p2a: Dragonite|Aerial Ace|p1a: Trevenant\n|-supereffective|p1a: Trevenant\n|-damage|p1a: Trevenant|48\/100\n|\n|-damage|p2a: Dragonite|74\/100|[from] Leech Seed|[of] p1a: Trevenant\n|-heal|p1a: Trevenant|62\/100|[silent]\n|upkeep\n|turn|13\n|\n|t:|1698521052\n|move|p1a: Trevenant|Rock Slide|p2a: Dragonite\n|-supereffective|p2a: Dragonite\n|-damage|p2a: Dragonite|14\/100\n|cant|p2a: Dragonite|flinch\n|\n|-damage|p2a: Dragonite|2\/100|[from] Leech Seed|[of] p1a: Trevenant\n|-heal|p1a: Trevenant|75\/100|[silent]\n|upkeep\n|turn|14\n|\n|t:|1698521055\n|move|p1a: Trevenant|Dig||[still]\n|-prepare|p1a: Trevenant|Dig\n|move|p2a: Dragonite|Aerial Ace|p1a: Trevenant|[miss]\n|-miss|p2a: Dragonite|p1a: Trevenant\n|\n|-damage|p2a: Dragonite|0 fnt|[from] Leech Seed|[of] p1a: Trevenant\n|-heal|p1a: Trevenant|77\/100|[silent]\n|faint|p2a: Dragonite\n|upkeep\n|\n|t:|1698521063\n|switch|p2a: Iron Valiant|Iron Valiant|100\/100\n|turn|15\n|\n|t:|1698521065\n|move|p2a: Iron Valiant|Bitter Malice|p1a: Trevenant|[miss]\n|-miss|p2a: Iron Valiant|p1a: Trevenant\n|move|p1a: Trevenant|Dig|p2a: Iron Valiant|[from]lockedmove\n|-damage|p2a: Iron Valiant|14\/100\n|replace|p2a: Zoroark|Zoroark-Hisui, F, shiny\n|-end|p2a: Zoroark|Illusion\n|\n|upkeep\n|turn|16\n|\n|t:|1698521076\n|move|p2a: Zoroark|Bitter Malice|p1a: Trevenant\n|-supereffective|p1a: Trevenant\n|-damage|p1a: Trevenant|0 fnt\n|faint|p1a: Trevenant\n|\n|upkeep\n|\n|t:|1698521078\n|switch|p1a: Tsareena|Tsareena, F, shiny|100\/100\n|turn|17\n|\n|t:|1698521086\n|move|p2a: Zoroark|Flamethrower|p1a: Tsareena\n|-supereffective|p1a: Tsareena\n|-damage|p1a: Tsareena|36\/100\n|move|p1a: Tsareena|Leaf Storm|p2a: Zoroark|[miss]\n|-miss|p1a: Tsareena|p2a: Zoroark\n|\n|-heal|p1a: Tsareena|42\/100|[from] item: Leftovers\n|upkeep\n|turn|18\n|\n|t:|1698521093\n|move|p2a: Zoroark|Flamethrower|p1a: Tsareena\n|-supereffective|p1a: Tsareena\n|-damage|p1a: Tsareena|0 fnt\n|faint|p1a: Tsareena\n|\n|upkeep\n|\n|t:|1698521094\n|switch|p1a: Ogerpon|Ogerpon, F|100\/100\n|turn|19\n|\n|t:|1698521103\n|-terastallize|p1a: Ogerpon|Grass\n|detailschange|p1a: Ogerpon|Ogerpon-Teal-Tera, F, tera:Grass\n|-ability|p1a: Ogerpon|Embody Aspect (Teal)|boost\n|-boost|p1a: Ogerpon|spe|1\n|move|p1a: Ogerpon|Ivy Cudgel|p2a: Zoroark\n|-damage|p2a: Zoroark|0 fnt\n|faint|p2a: Zoroark\n|\n|upkeep\n|\n|t:|1698521112\n|switch|p2a: Haxorus|Haxorus, M|100\/100\n|-ability|p2a: Haxorus|Mold Breaker\n|turn|20\n|\n|t:|1698521116\n|move|p1a: Ogerpon|Swords Dance|p1a: Ogerpon\n|-boost|p1a: Ogerpon|atk|2\n|move|p2a: Haxorus|Scale Shot|p1a: Ogerpon\n|-damage|p1a: Ogerpon|80\/100\n|-damage|p1a: Ogerpon|57\/100\n|-damage|p1a: Ogerpon|38\/100\n|-crit|p1a: Ogerpon\n|-damage|p1a: Ogerpon|6\/100\n|-hitcount|p1a: Ogerpon|4\n|-unboost|p2a: Haxorus|def|1\n|-boost|p2a: Haxorus|spe|1\n|\n|upkeep\n|turn|21\n|\n|t:|1698521122\n|move|p1a: Ogerpon|Ivy Cudgel|p2a: Haxorus\n|-resisted|p2a: Haxorus\n|-damage|p2a: Haxorus|0 fnt\n|faint|p2a: Haxorus\n|\n|upkeep\n|\n|t:|1698521125\n|switch|p2a: Iron Valiant|Iron Valiant|100\/100\n|-enditem|p2a: Iron Valiant|Booster Energy\n|-activate|p2a: Iron Valiant|ability: Quark Drive|[fromitem]\n|-start|p2a: Iron Valiant|quarkdrivespe\n|turn|22\n|\n|t:|1698521130\n|move|p2a: Iron Valiant|Thunderbolt|p1a: Ogerpon\n|-resisted|p1a: Ogerpon\n|-damage|p1a: Ogerpon|0 fnt\n|faint|p1a: Ogerpon\n|\n|win|JRender22\n|raw|Lucasoduncu's rating: 1053 &rarr; <strong>1036<\/strong><br \/>(-17 for losing)\n|raw|JRender22's rating: 1079 &rarr; <strong>1105<\/strong><br \/>(+26 for winning)\n","uploadtime":1698521137,"views":11,"p1id":"lucasoduncu","p2id":"jrender22","formatid":"gen9anythinggoes","rating":1036,"private":0,"password":""}