{"id":"gen9anythinggoes-1979013716","p1":"TheLocalOnion","p2":"Dilon878","format":"[Gen 9] Anything Goes","log":"|j|\u2606TheLocalOnion\n|j|\u2606Dilon878\n|t:|1698621191\n|gametype|singles\n|player|p1|TheLocalOnion|n|\n|player|p2|Dilon878|linebacker|\n|teamsize|p1|6\n|teamsize|p2|6\n|gen|9\n|tier|[Gen 9] Anything Goes\n|rule|HP Percentage Mod: HP is shown in percentages\n|rule|Endless Battle Clause: Forcing endless battles is banned\n|clearpoke\n|poke|p1|Klefki, F|\n|poke|p1|Moltres|\n|poke|p1|Gengar, F|\n|poke|p1|Chesnaught, M|\n|poke|p1|Golem-Alola, M|\n|poke|p1|Sandy Shocks|\n|poke|p2|Vikavolt, M|\n|poke|p2|Chi-Yu|\n|poke|p2|Rotom-Wash|\n|poke|p2|Grimmsnarl, M|\n|poke|p2|Corviknight, M|\n|poke|p2|Regidrago|\n|teampreview\n|\n|t:|1698621200\n|start\n|switch|p1a: Spike|Sandy Shocks|100\/100\n|switch|p2a: Vikavolt|Vikavolt, M|100\/100\n|turn|1\n|\n|t:|1698621217\n|move|p1a: Spike|Sunny Day|p1a: Spike\n|-weather|SunnyDay\n|-activate|p1a: Spike|ability: Protosynthesis\n|-start|p1a: Spike|protosynthesisspe\n|move|p2a: Vikavolt|Sticky Web|p1a: Spike\n|-sidestart|p1: TheLocalOnion|move: Sticky Web\n|\n|-weather|SunnyDay|[upkeep]\n|upkeep\n|turn|2\n|\n|t:|1698621255\n|switch|p2a: Rotom|Rotom-Wash|100\/100\n|move|p1a: Spike|Body Press|p2a: Rotom\n|-damage|p2a: Rotom|74\/100\n|\n|-weather|SunnyDay|[upkeep]\n|-heal|p2a: Rotom|81\/100|[from] item: Leftovers\n|upkeep\n|turn|3\n|\n|t:|1698621290\n|-end|p1a: Spike|Protosynthesis|[silent]\n|switch|p1a: Aaron Burr|Chesnaught, M|100\/100\n|-activate|p1a: Aaron Burr|move: Sticky Web\n|-unboost|p1a: Aaron Burr|spe|1\n|move|p2a: Rotom|Substitute|p2a: Rotom\n|-start|p2a: Rotom|Substitute\n|-damage|p2a: Rotom|56\/100\n|\n|-weather|SunnyDay|[upkeep]\n|-heal|p2a: Rotom|62\/100|[from] item: Leftovers\n|upkeep\n|turn|4\n|\n|t:|1698621307\n|switch|p2a: Corviknight|Corviknight, M|100\/100\n|-ability|p2a: Corviknight|Pressure\n|move|p1a: Aaron Burr|Seed Bomb|p2a: Corviknight\n|-resisted|p2a: Corviknight\n|-damage|p2a: Corviknight|94\/100\n|\n|-weather|SunnyDay|[upkeep]\n|upkeep\n|turn|5\n|\n|t:|1698621320\n|-terastallize|p1a: Aaron Burr|Rock\n|move|p2a: Corviknight|Brave Bird|p1a: Aaron Burr\n|-resisted|p1a: Aaron Burr\n|-damage|p1a: Aaron Burr|83\/100\n|-damage|p2a: Corviknight|78\/100|[from] item: Rocky Helmet|[of] p1a: Aaron Burr\n|-damage|p2a: Corviknight|73\/100|[from] Recoil\n|move|p1a: Aaron Burr|Stone Edge|p2a: Corviknight\n|-damage|p2a: Corviknight|47\/100\n|\n|-weather|SunnyDay|[upkeep]\n|upkeep\n|turn|6\n|\n|t:|1698621336\n|move|p2a: Corviknight|Body Press|p1a: Aaron Burr\n|-supereffective|p1a: Aaron Burr\n|-damage|p1a: Aaron Burr|32\/100\n|-damage|p2a: Corviknight|30\/100|[from] item: Rocky Helmet|[of] p1a: Aaron Burr\n|move|p1a: Aaron Burr|Stone Edge|p2a: Corviknight\n|-damage|p2a: Corviknight|5\/100\n|\n|-weather|SunnyDay|[upkeep]\n|upkeep\n|turn|7\n|\n|t:|1698621372\n|move|p2a: Corviknight|Roost|p2a: Corviknight\n|-heal|p2a: Corviknight|55\/100\n|-singleturn|p2a: Corviknight|move: Roost\n|move|p1a: Aaron Burr|Stone Edge|p2a: Corviknight\n|-resisted|p2a: Corviknight\n|-damage|p2a: Corviknight|42\/100\n|\n|-weather|SunnyDay|[upkeep]\n|upkeep\n|turn|8\n|\n|t:|1698621394\n|switch|p1a: Abyss|Gengar, F|100\/100\n|-activate|p1a: Abyss|move: Sticky Web\n|-unboost|p1a: Abyss|spe|1\n|move|p2a: Corviknight|Body Press|p1a: Abyss\n|-immune|p1a: Abyss\n|\n|-weather|none\n|upkeep\n|turn|9\n|\n|t:|1698621415\n|move|p1a: Abyss|Shadow Ball|p2a: Corviknight\n|-damage|p2a: Corviknight|0 fnt\n|faint|p2a: Corviknight\n|\n|upkeep\n|\n|t:|1698621431\n|switch|p2a: Chi-Yu|Chi-Yu|100\/100\n|-ability|p2a: Chi-Yu|Beads of Ruin\n|turn|10\n|\n|t:|1698621442\n|move|p2a: Chi-Yu|Dark Pulse|p1a: Abyss\n|-supereffective|p1a: Abyss\n|-damage|p1a: Abyss|0 fnt\n|faint|p1a: Abyss\n|\n|upkeep\n|\n|t:|1698621496\n|switch|p1a: Spike|Sandy Shocks|100\/100\n|-activate|p1a: Spike|move: Sticky Web\n|-unboost|p1a: Spike|spe|1\n|turn|11\n|\n|t:|1698621509\n|switch|p2a: Rotom|Rotom-Wash|62\/100\n|move|p1a: Spike|Body Press|p2a: Rotom\n|-damage|p2a: Rotom|39\/100\n|\n|-heal|p2a: Rotom|45\/100|[from] item: Leftovers\n|upkeep\n|turn|12\n|\n|t:|1698621537\n|move|p2a: Rotom|Hydro Pump|p1a: Spike\n|-supereffective|p1a: Spike\n|-damage|p1a: Spike|0 fnt\n|faint|p1a: Spike\n|-end|p1a: Spike|Protosynthesis|[silent]\n|\n|-heal|p2a: Rotom|52\/100|[from] item: Leftovers\n|upkeep\n|\n|t:|1698621558\n|switch|p1a: Jingle|Klefki, F, shiny|100\/100\n|-activate|p1a: Jingle|move: Sticky Web\n|-unboost|p1a: Jingle|spe|1\n|turn|13\n|\n|t:|1698621569\n|move|p2a: Rotom|Thunderbolt|p1a: Jingle\n|-damage|p1a: Jingle|50\/100\n|move|p1a: Jingle|Switcheroo|p2a: Rotom\n|-activate|p1a: Jingle|move: Trick|[of] p2a: Rotom\n|-item|p2a: Rotom|Toxic Orb|[from] move: Switcheroo\n|-item|p1a: Jingle|Leftovers|[from] move: Switcheroo\n|\n|-heal|p1a: Jingle|56\/100|[from] item: Leftovers\n|-status|p2a: Rotom|tox|[from] item: Toxic Orb\n|upkeep\n|turn|14\n|\n|t:|1698621582\n|move|p2a: Rotom|Thunderbolt|p1a: Jingle\n|-crit|p1a: Jingle\n|-damage|p1a: Jingle|0 fnt\n|faint|p1a: Jingle\n|\n|-damage|p2a: Rotom|45\/100 tox|[from] psn\n|upkeep\n|\n|t:|1698621608\n|switch|p1a: Aaron Burr|Chesnaught, M, tera:Rock|32\/100\n|-activate|p1a: Aaron Burr|move: Sticky Web\n|-unboost|p1a: Aaron Burr|spe|1\n|turn|15\n|\n|t:|1698621649\n|move|p2a: Rotom|Hydro Pump|p1a: Aaron Burr\n|-supereffective|p1a: Aaron Burr\n|-damage|p1a: Aaron Burr|0 fnt\n|faint|p1a: Aaron Burr\n|\n|-damage|p2a: Rotom|33\/100 tox|[from] psn\n|upkeep\n|j| TheJoeyGuy\n|\n|t:|1698621694\n|switch|p1a: S.W.A.T.|Golem-Alola, M, shiny|100\/100\n|-activate|p1a: S.W.A.T.|move: Sticky Web\n|-unboost|p1a: S.W.A.T.|spe|1\n|turn|16\n|\n|t:|1698621702\n|move|p2a: Rotom|Hydro Pump|p1a: S.W.A.T.\n|-supereffective|p1a: S.W.A.T.\n|-damage|p1a: S.W.A.T.|0 fnt\n|faint|p1a: S.W.A.T.\n|\n|-damage|p2a: Rotom|14\/100 tox|[from] psn\n|upkeep\n|\n|t:|1698621711\n|switch|p1a: Moltres|Moltres|100\/100\n|turn|17\n|\n|t:|1698621719\n|move|p2a: Rotom|Hydro Pump|p1a: Moltres|[miss]\n|-miss|p2a: Rotom|p1a: Moltres\n|move|p1a: Moltres|Air Slash|p2a: Rotom\n|-resisted|p2a: Rotom\n|-damage|p2a: Rotom|0 fnt\n|faint|p2a: Rotom\n|\n|upkeep\n|\n|t:|1698621731\n|switch|p2a: Regidrago|Regidrago, shiny|100\/100\n|turn|18\n|l|\u2606TheLocalOnion\n|player|p1|\n|j| FLOOR IT\n|j|\u2606TheLocalOnion\n|player|p1|TheLocalOnion|n\n|\n|t:|1698621815\n|move|p2a: Regidrago|Dragon Energy|p1a: Moltres\n|-damage|p1a: Moltres|0 fnt\n|faint|p1a: Moltres\n|-damage|p2a: Regidrago|91\/100|[from] item: Life Orb\n|\n|win|Dilon878\n|j| Ryno5311\n|l| FLOOR IT\n|l|\u2606TheLocalOnion\n|l| Ryno5311\n","uploadtime":1698621864,"views":23,"p1id":"thelocalonion","p2id":"dilon878","formatid":"gen9anythinggoes","rating":0,"private":0,"password":""}