{"id":"gen9anythinggoes-1986012478","p1":"Vaizentain","p2":"auth0uyy","format":"[Gen 9] Anything Goes","log":"|j|\u2606Vaizentain\n|j|\u2606auth0uyy\n|t:|1699438505\n|gametype|singles\n|player|p1|Vaizentain|cynthia|1190\n|player|p2|auth0uyy|cynthia-gen4|1258\n|teamsize|p1|6\n|teamsize|p2|6\n|gen|9\n|tier|[Gen 9] Anything Goes\n|rated|\n|rule|HP Percentage Mod: HP is shown in percentages\n|rule|Endless Battle Clause: Forcing endless battles is banned\n|clearpoke\n|poke|p1|Chien-Pao|\n|poke|p1|Groudon|\n|poke|p1|Palafin, M|\n|poke|p1|Miraidon|\n|poke|p1|Arceus-Fairy|\n|poke|p1|Zacian-*|\n|poke|p2|Calyrex-Shadow|\n|poke|p2|Mewtwo|\n|poke|p2|Zacian-*|\n|poke|p2|Drifblim, M|\n|poke|p2|Salamence, M|\n|poke|p2|Regieleki|\n|teampreview\n|inactive|Battle timer is ON: inactive players will automatically lose when time's up. (requested by Vaizentain)\n|\n|t:|1699438514\n|start\n|switch|p1a: Chien-Pao|Chien-Pao|100\/100\n|switch|p2a: Drifblim|Drifblim, M, shiny|100\/100\n|-ability|p1a: Chien-Pao|Sword of Ruin\n|turn|1\n|inactive|auth0uyy has 120 seconds left.\n|\n|t:|1699438559\n|switch|p2a: 00|Zacian-Crowned, shiny|100\/100\n|-ability|p2a: 00|Intrepid Sword|boost\n|-boost|p2a: 00|atk|1\n|move|p1a: Chien-Pao|Ice Spinner|p2a: 00\n|-resisted|p2a: 00\n|-damage|p2a: 00|66\/100\n|\n|upkeep\n|turn|2\n|\n|t:|1699438571\n|switch|p1a: Groudon|Groudon|100\/100\n|-weather|SunnyDay|[from] ability: Drought|[of] p1a: Groudon\n|move|p2a: 00|Swords Dance|p2a: 00\n|-boost|p2a: 00|atk|2\n|\n|-weather|SunnyDay|[upkeep]\n|upkeep\n|turn|3\n|\n|t:|1699438594\n|move|p2a: 00|Play Rough|p1a: Groudon\n|-damage|p1a: Groudon|4\/100\n|move|p1a: Groudon|Overheat|p2a: 00\n|-supereffective|p2a: 00\n|-damage|p2a: 00|0 fnt\n|-unboost|p1a: Groudon|spa|2\n|faint|p2a: 00\n|\n|-weather|SunnyDay|[upkeep]\n|-heal|p1a: Groudon|10\/100|[from] item: Leftovers\n|upkeep\n|inactive|auth0uyy has 90 seconds left.\n|\n|t:|1699438619\n|switch|p2a: Drifblim|Drifblim, M, shiny|100\/100\n|turn|4\n|\n|t:|1699438623\n|switch|p1a: Chien-Pao|Chien-Pao|100\/100\n|-ability|p1a: Chien-Pao|Sword of Ruin\n|move|p2a: Drifblim|Minimize|p2a: Drifblim\n|-boost|p2a: Drifblim|evasion|2\n|\n|-weather|SunnyDay|[upkeep]\n|upkeep\n|turn|5\n|\n|t:|1699438631\n|move|p1a: Chien-Pao|Ice Spinner|p2a: Drifblim|[miss]\n|-miss|p1a: Chien-Pao|p2a: Drifblim\n|move|p2a: Drifblim|Minimize|p2a: Drifblim\n|-boost|p2a: Drifblim|evasion|2\n|\n|-weather|SunnyDay|[upkeep]\n|upkeep\n|turn|6\n|\n|t:|1699438637\n|move|p1a: Chien-Pao|Ice Spinner|p2a: Drifblim|[miss]\n|-miss|p1a: Chien-Pao|p2a: Drifblim\n|move|p2a: Drifblim|Minimize|p2a: Drifblim\n|-boost|p2a: Drifblim|evasion|2\n|\n|-weather|none\n|upkeep\n|turn|7\n|\n|t:|1699438644\n|move|p1a: Chien-Pao|Ice Spinner|p2a: Drifblim|[miss]\n|-miss|p1a: Chien-Pao|p2a: Drifblim\n|move|p2a: Drifblim|Substitute|p2a: Drifblim\n|-start|p2a: Drifblim|Substitute\n|-damage|p2a: Drifblim|76\/100\n|\n|-heal|p2a: Drifblim|82\/100|[from] item: Leftovers\n|upkeep\n|turn|8\n|\n|t:|1699438651\n|move|p1a: Chien-Pao|Ice Spinner|p2a: Drifblim\n|-supereffective|p2a: Drifblim\n|-end|p2a: Drifblim|Substitute\n|move|p2a: Drifblim|Calm Mind|p2a: Drifblim\n|-boost|p2a: Drifblim|spa|1\n|-boost|p2a: Drifblim|spd|1\n|\n|-heal|p2a: Drifblim|88\/100|[from] item: Leftovers\n|upkeep\n|turn|9\n|\n|t:|1699438659\n|move|p1a: Chien-Pao|Ice Spinner|p2a: Drifblim|[miss]\n|-miss|p1a: Chien-Pao|p2a: Drifblim\n|move|p2a: Drifblim|Substitute|p2a: Drifblim\n|-start|p2a: Drifblim|Substitute\n|-damage|p2a: Drifblim|63\/100\n|\n|-heal|p2a: Drifblim|69\/100|[from] item: Leftovers\n|upkeep\n|turn|10\n|inactive|auth0uyy has 120 seconds left.\n|\n|t:|1699438667\n|move|p1a: Chien-Pao|Ice Spinner|p2a: Drifblim\n|-supereffective|p2a: Drifblim\n|-end|p2a: Drifblim|Substitute\n|move|p2a: Drifblim|Calm Mind|p2a: Drifblim\n|-boost|p2a: Drifblim|spa|1\n|-boost|p2a: Drifblim|spd|1\n|\n|-heal|p2a: Drifblim|75\/100|[from] item: Leftovers\n|upkeep\n|turn|11\n|\n|t:|1699438676\n|move|p1a: Chien-Pao|Ice Spinner|p2a: Drifblim|[miss]\n|-miss|p1a: Chien-Pao|p2a: Drifblim\n|move|p2a: Drifblim|Substitute|p2a: Drifblim\n|-start|p2a: Drifblim|Substitute\n|-damage|p2a: Drifblim|50\/100\n|\n|-heal|p2a: Drifblim|56\/100|[from] item: Leftovers\n|upkeep\n|turn|12\n|\n|t:|1699438683\n|move|p1a: Chien-Pao|Ice Spinner|p2a: Drifblim|[miss]\n|-miss|p1a: Chien-Pao|p2a: Drifblim\n|move|p2a: Drifblim|Calm Mind|p2a: Drifblim\n|-boost|p2a: Drifblim|spa|1\n|-boost|p2a: Drifblim|spd|1\n|\n|-heal|p2a: Drifblim|62\/100|[from] item: Leftovers\n|upkeep\n|turn|13\n|\n|t:|1699438691\n|move|p1a: Chien-Pao|Ice Spinner|p2a: Drifblim|[miss]\n|-miss|p1a: Chien-Pao|p2a: Drifblim\n|move|p2a: Drifblim|Calm Mind|p2a: Drifblim\n|-boost|p2a: Drifblim|spa|1\n|-boost|p2a: Drifblim|spd|1\n|\n|-heal|p2a: Drifblim|69\/100|[from] item: Leftovers\n|upkeep\n|turn|14\n|\n|t:|1699438706\n|move|p1a: Chien-Pao|Ice Spinner|p2a: Drifblim\n|-supereffective|p2a: Drifblim\n|-end|p2a: Drifblim|Substitute\n|move|p2a: Drifblim|Baton Pass|p2a: Drifblim\n|\n|t:|1699438718\n|switch|p2a: 00|Calyrex-Shadow|100\/100|[from] Baton Pass\n|-ability|p2a: 00|As One\n|-ability|p2a: 00|Unnerve\n|\n|upkeep\n|turn|15\n|inactive|auth0uyy has 120 seconds left.\n|\n|t:|1699438742\n|switch|p1a: Groudon|Groudon|10\/100\n|-weather|SunnyDay|[from] ability: Drought|[of] p1a: Groudon\n|move|p2a: 00|Astral Barrage|p1a: Groudon\n|-damage|p1a: Groudon|0 fnt\n|faint|p1a: Groudon\n|-ability|p2a: 00|Grim Neigh|boost\n|-boost|p2a: 00|spa|1\n|\n|-weather|SunnyDay|[upkeep]\n|upkeep\n|\n|t:|1699438750\n|switch|p1a: Chien-Pao|Chien-Pao|100\/100\n|-ability|p1a: Chien-Pao|Sword of Ruin\n|turn|16\n|inactive|auth0uyy has 120 seconds left.\n|\n|t:|1699438771\n|-terastallize|p1a: Chien-Pao|Dark\n|move|p1a: Chien-Pao|Sucker Punch|p2a: 00\n|-supereffective|p2a: 00\n|-enditem|p2a: 00|Focus Sash\n|-damage|p2a: 00|1\/100\n|move|p2a: 00|Astral Barrage|p1a: Chien-Pao\n|-resisted|p1a: Chien-Pao\n|-damage|p1a: Chien-Pao|0 fnt\n|faint|p1a: Chien-Pao\n|-ability|p2a: 00|Grim Neigh|boost\n|-boost|p2a: 00|spa|1\n|\n|-weather|SunnyDay|[upkeep]\n|upkeep\n|\n|t:|1699438780\n|switch|p1a: Palafin|Palafin, M|100\/100\n|turn|17\n|inactive|auth0uyy has 120 seconds left.\n|\n|t:|1699438792\n|move|p1a: Palafin|Aqua Jet|p2a: 00|[miss]\n|-miss|p1a: Palafin|p2a: 00\n|move|p2a: 00|Astral Barrage|p1a: Palafin\n|-damage|p1a: Palafin|0 fnt\n|faint|p1a: Palafin\n|\n|-weather|SunnyDay|[upkeep]\n|upkeep\n|\n|t:|1699438803\n|switch|p1a: Zacian|Zacian-Crowned|100\/100\n|-ability|p1a: Zacian|Intrepid Sword|boost\n|-boost|p1a: Zacian|atk|1\n|turn|18\n|\n|t:|1699438815\n|move|p1a: Zacian|Behemoth Blade|p2a: 00|[miss]\n|-miss|p1a: Zacian|p2a: 00\n|move|p2a: 00|Astral Barrage|p1a: Zacian\n|-damage|p1a: Zacian|0 fnt\n|faint|p1a: Zacian\n|\n|-weather|SunnyDay|[upkeep]\n|upkeep\n|\n|t:|1699438822\n|switch|p1a: Miraidon|Miraidon|100\/100\n|-fieldstart|move: Electric Terrain|[from] ability: Hadron Engine|[of] p1a: Miraidon\n|turn|19\n|\n|t:|1699438833\n|move|p1a: Miraidon|Electro Drift|p2a: 00\n|-damage|p2a: 00|0 fnt\n|faint|p2a: 00\n|\n|-weather|none\n|upkeep\n|\n|t:|1699438848\n|switch|p2a: Drifblim|Drifblim, M, shiny|69\/100\n|turn|20\n|c|\u2606Vaizentain|\u0427\u0401 \u0421 \u0415\u0411\u041b\u0418\u0429\u0415\u041c\n|inactive|auth0uyy has 120 seconds left.\n|\n|t:|1699438866\n|-terastallize|p2a: Drifblim|Steel\n|move|p1a: Miraidon|Electro Drift|p2a: Drifblim\n|-damage|p2a: Drifblim|0 fnt\n|-damage|p1a: Miraidon|76\/100|[from] ability: Aftermath|[of] p2a: Drifblim\n|faint|p2a: Drifblim\n|\n|upkeep\n|inactive|auth0uyy has 120 seconds left.\n|c|\u2606Vaizentain|\u0415\u0429\u0415 \u0420\u0410\u0417 \u0421\u041f\u0420\u041e\u0421\u0418\u041b \u0427\u0415 \u0421 \u0415\u0411\u041b\u0418\u0429\u0415\u041c\n|c|\u2606Vaizentain|\u0423\u0415\u0411\u0418\u0429\u0415\n|\n|t:|1699438887\n|switch|p2a: 00|Mewtwo, shiny|100\/100\n|-ability|p2a: 00|Pressure\n|turn|21\n|\n|t:|1699438894\n|move|p1a: Miraidon|Electro Drift|p2a: 00\n|-damage|p2a: 00|0 fnt\n|faint|p2a: 00\n|\n|upkeep\n|inactive|auth0uyy has 90 seconds left.\n|\n|t:|1699438928\n|switch|p2a: Regieleki|Regieleki, shiny|100\/100\n|turn|22\n|inactive|auth0uyy has 90 seconds left.\n|\n|t:|1699438933\n|switch|p1a: Arceus|Arceus-Fairy|100\/100\n|move|p2a: Regieleki|Swift|p1a: Arceus\n|-damage|p1a: Arceus|89\/100\n|\n|upkeep\n|turn|23\n|inactive|auth0uyy has 90 seconds left.\n|\n|t:|1699438952\n|move|p2a: Regieleki|Charge Beam|p1a: Arceus\n|-crit|p1a: Arceus\n|-damage|p1a: Arceus|49\/100\n|-boost|p2a: Regieleki|spa|1\n|move|p1a: Arceus|Cosmic Power|p1a: Arceus\n|-boost|p1a: Arceus|def|1\n|-boost|p1a: Arceus|spd|1\n|\n|-fieldend|move: Electric Terrain\n|upkeep\n|turn|24\n|inactive|auth0uyy has 90 seconds left.\n|\n|t:|1699438962\n|move|p2a: Regieleki|Thunderbolt|p1a: Arceus\n|-damage|p1a: Arceus|12\/100\n|-status|p1a: Arceus|par\n|move|p1a: Arceus|Cosmic Power|p1a: Arceus\n|-boost|p1a: Arceus|def|1\n|-boost|p1a: Arceus|spd|1\n|\n|upkeep\n|turn|25\n|inactive|auth0uyy has 90 seconds left.\n|\n|t:|1699438981\n|move|p2a: Regieleki|Charge Beam|p1a: Arceus\n|-damage|p1a: Arceus|0 fnt\n|faint|p1a: Arceus\n|\n|upkeep\n|\n|t:|1699438984\n|switch|p1a: Miraidon|Miraidon|76\/100\n|-fieldstart|move: Electric Terrain|[from] ability: Hadron Engine|[of] p1a: Miraidon\n|turn|26\n|\n|t:|1699438990\n|move|p2a: Regieleki|Swift|p1a: Miraidon\n|-damage|p1a: Miraidon|48\/100\n|move|p1a: Miraidon|Draco Meteor|p2a: Regieleki\n|-damage|p2a: Regieleki|0 fnt\n|-unboost|p1a: Miraidon|spa|2\n|faint|p2a: Regieleki\n|\n|upkeep\n|\n|t:|1699438999\n|switch|p2a: 00|Salamence, M, shiny|100\/100\n|turn|27\n|\n|t:|1699439004\n|move|p1a: Miraidon|Draco Meteor|p2a: 00\n|-supereffective|p2a: 00\n|-damage|p2a: 00|0 fnt\n|-unboost|p1a: Miraidon|spa|2\n|faint|p2a: 00\n|\n|win|Vaizentain\n|raw|Vaizentain's rating: 1190 &rarr; <strong>1220<\/strong><br \/>(+30 for winning)\n|raw|auth0uyy's rating: 1258 &rarr; <strong>1228<\/strong><br \/>(-30 for losing)\n","uploadtime":1699438861,"views":4,"p1id":"vaizentain","p2id":"auth0uyy","formatid":"gen9anythinggoes","rating":1220,"private":0,"password":""}