{"id":"gen9anythinggoes-1976584218","p1":"kikar0","p2":"zoethepenguin","format":"[Gen 9] Anything Goes","log":"|j|\u2606kikar0\n|j|\u2606zoethepenguin\n|t:|1698324439\n|gametype|singles\n|player|p1|kikar0|cyclist-gen4|\n|player|p2|zoethepenguin|266|\n|teamsize|p1|6\n|teamsize|p2|6\n|gen|9\n|tier|[Gen 9] Anything Goes\n|rule|HP Percentage Mod: HP is shown in percentages\n|rule|Endless Battle Clause: Forcing endless battles is banned\n|clearpoke\n|poke|p1|Palafin, M|\n|poke|p1|Arcanine, F|\n|poke|p1|Gengar, M|\n|poke|p1|Volcanion|\n|poke|p1|Donphan, M|\n|poke|p1|Eelektross, M|\n|poke|p2|Iron Bundle|\n|poke|p2|Avalugg, F|\n|poke|p2|Chien-Pao|\n|poke|p2|Baxcalibur, F|\n|poke|p2|Abomasnow, F|\n|poke|p2|Eiscue, F|\n|teampreview\n|j| BlightLupus\n|c| BlightLupus|Ello, don't mind me\n|\n|t:|1698324453\n|start\n|switch|p1a: Palafin|Palafin, M|100\/100\n|switch|p2a: Abomasnow|Abomasnow, F|100\/100\n|-weather|Snow|[from] ability: Snow Warning|[of] p2a: Abomasnow\n|turn|1\n|\n|t:|1698324463\n|move|p1a: Palafin|Flip Turn|p2a: Abomasnow\n|-resisted|p2a: Abomasnow\n|-damage|p2a: Abomasnow|90\/100\n|\n|t:|1698324476\n|detailschange|p1a: Palafin|Palafin-Hero, M\n|switch|p1a: Eelektross|Eelektross, M|100\/100|[from] Flip Turn\n|move|p2a: Abomasnow|Aurora Veil|p2a: Abomasnow\n|-sidestart|p2: zoethepenguin|move: Aurora Veil\n|\n|-weather|Snow|[upkeep]\n|upkeep\n|turn|2\n|\n|t:|1698324498\n|switch|p2a: Chien-Pao|Chien-Pao|100\/100\n|-ability|p2a: Chien-Pao|Sword of Ruin\n|move|p1a: Eelektross|Thunderbolt|p2a: Chien-Pao\n|-damage|p2a: Chien-Pao|63\/100\n|\n|-weather|Snow|[upkeep]\n|upkeep\n|turn|3\n|\n|t:|1698324521\n|move|p2a: Chien-Pao|Crunch|p1a: Eelektross\n|-damage|p1a: Eelektross|21\/100\n|move|p1a: Eelektross|Thunder|p2a: Chien-Pao|[miss]\n|-miss|p1a: Eelektross|p2a: Chien-Pao\n|\n|-weather|Snow|[upkeep]\n|upkeep\n|turn|4\n|\n|t:|1698324529\n|switch|p1a: Donphan|Donphan, M|100\/100\n|move|p2a: Chien-Pao|Crunch|p1a: Donphan\n|-crit|p1a: Donphan\n|-damage|p1a: Donphan|14\/100\n|\n|-weather|Snow|[upkeep]\n|-heal|p1a: Donphan|21\/100|[from] item: Leftovers\n|upkeep\n|turn|5\n|j| Kanave\n|\n|t:|1698324538\n|move|p2a: Chien-Pao|Crunch|p1a: Donphan\n|-damage|p1a: Donphan|0 fnt\n|faint|p1a: Donphan\n|\n|-weather|Snow|[upkeep]\n|-sideend|p2: zoethepenguin|move: Aurora Veil\n|upkeep\n|c| Kanave|oh hi blight\n|\n|t:|1698324552\n|switch|p1a: Volcanion|Volcanion|100\/100\n|turn|6\n|c| BlightLupus|Hi!\n|\n|t:|1698324566\n|move|p2a: Chien-Pao|Crunch|p1a: Volcanion\n|-damage|p1a: Volcanion|38\/100\n|-unboost|p1a: Volcanion|def|1\n|move|p1a: Volcanion|Steam Eruption|p2a: Chien-Pao\n|-damage|p2a: Chien-Pao|0 fnt\n|faint|p2a: Chien-Pao\n|\n|-weather|Snow|[upkeep]\n|-heal|p1a: Volcanion|44\/100|[from] item: Leftovers\n|upkeep\n|\n|t:|1698324576\n|switch|p2a: Iron Bundle|Iron Bundle|100\/100\n|-enditem|p2a: Iron Bundle|Booster Energy\n|-activate|p2a: Iron Bundle|ability: Quark Drive|[fromitem]\n|-start|p2a: Iron Bundle|quarkdrivespe\n|turn|7\n|\n|t:|1698324593\n|-terastallize|p2a: Iron Bundle|Electric\n|-terastallize|p1a: Volcanion|Water\n|move|p2a: Iron Bundle|Tera Blast|p1a: Volcanion|[anim] Tera Blast Electric\n|-supereffective|p1a: Volcanion\n|-damage|p1a: Volcanion|0 fnt\n|faint|p1a: Volcanion\n|\n|-weather|Snow|[upkeep]\n|upkeep\n|\n|t:|1698324620\n|switch|p1a: Palafin|Palafin-Hero, M|100\/100\n|-activate|p1a: Palafin|ability: Zero to Hero\n|turn|8\n|\n|t:|1698324626\n|move|p1a: Palafin|Jet Punch|p2a: Iron Bundle\n|-crit|p2a: Iron Bundle\n|-damage|p2a: Iron Bundle|0 fnt\n|faint|p2a: Iron Bundle\n|-end|p2a: Iron Bundle|Quark Drive|[silent]\n|\n|-weather|none\n|upkeep\n|c|\u2606zoethepenguin|*wow that's a crit*\n|\n|t:|1698324662\n|switch|p2a: Abomasnow|Abomasnow, F|90\/100\n|-weather|Snow|[from] ability: Snow Warning|[of] p2a: Abomasnow\n|turn|9\n|c| BlightLupus|Kikar is simply too good at the game\n|\n|t:|1698324669\n|move|p1a: Palafin|Jet Punch|p2a: Abomasnow\n|-resisted|p2a: Abomasnow\n|-damage|p2a: Abomasnow|68\/100\n|move|p2a: Abomasnow|Wood Hammer|p1a: Palafin\n|-supereffective|p1a: Palafin\n|-damage|p1a: Palafin|0 fnt\n|faint|p1a: Palafin\n|-damage|p2a: Abomasnow|39\/100|[from] Recoil\n|\n|-weather|Snow|[upkeep]\n|upkeep\n|\n|t:|1698324681\n|switch|p1a: Arcanine|Arcanine, F|100\/100\n|turn|10\n|\n|t:|1698324691\n|switch|p2a: Baxcalibur|Baxcalibur, F|100\/100\n|move|p1a: Arcanine|Flare Blitz|p2a: Baxcalibur\n|-damage|p2a: Baxcalibur|62\/100\n|-ability|p2a: Baxcalibur|Thermal Exchange|boost\n|-boost|p2a: Baxcalibur|atk|1\n|-damage|p1a: Arcanine|86\/100|[from] Recoil\n|\n|-weather|Snow|[upkeep]\n|upkeep\n|turn|11\n|\n|t:|1698324707\n|move|p1a: Arcanine|Flare Blitz|p2a: Baxcalibur\n|-damage|p2a: Baxcalibur|23\/100\n|-ability|p2a: Baxcalibur|Thermal Exchange|boost\n|-boost|p2a: Baxcalibur|atk|1\n|-damage|p1a: Arcanine|71\/100|[from] Recoil\n|move|p2a: Baxcalibur|Earthquake|p1a: Arcanine\n|-supereffective|p1a: Arcanine\n|-damage|p1a: Arcanine|0 fnt\n|faint|p1a: Arcanine\n|\n|-weather|Snow|[upkeep]\n|upkeep\n|\n|t:|1698324718\n|switch|p1a: Gengar|Gengar, M|100\/100\n|turn|12\n|\n|t:|1698324742\n|move|p1a: Gengar|Shadow Ball|p2a: Baxcalibur\n|-damage|p2a: Baxcalibur|0 fnt\n|faint|p2a: Baxcalibur\n|-damage|p1a: Gengar|91\/100|[from] item: Life Orb\n|\n|-weather|Snow|[upkeep]\n|upkeep\n|\n|t:|1698324754\n|switch|p2a: Avalugg|Avalugg, F|100\/100\n|turn|13\n|\n|t:|1698324777\n|move|p1a: Gengar|Focus Blast|p2a: Avalugg\n|-supereffective|p2a: Avalugg\n|-ability|p2a: Avalugg|Sturdy\n|-damage|p2a: Avalugg|1\/100\n|-damage|p1a: Gengar|81\/100|[from] item: Life Orb\n|move|p2a: Avalugg|Mirror Coat|p1a: Gengar\n|-damage|p1a: Gengar|0 fnt\n|faint|p1a: Gengar\n|-heal|p2a: Avalugg|7\/100|[from] item: Shell Bell|[of] p1: Gengar\n|\n|-weather|Snow|[upkeep]\n|upkeep\n|\n|t:|1698324789\n|switch|p1a: Eelektross|Eelektross, M|21\/100\n|turn|14\n|\n|t:|1698324797\n|move|p1a: Eelektross|Thunderbolt|p2a: Avalugg\n|-damage|p2a: Avalugg|0 fnt\n|faint|p2a: Avalugg\n|\n|-weather|Snow|[upkeep]\n|upkeep\n|\n|t:|1698324819\n|switch|p2a: Abomasnow|Abomasnow, F|39\/100\n|turn|15\n|\n|t:|1698324832\n|move|p2a: Abomasnow|Ice Shard|p1a: Eelektross\n|-damage|p1a: Eelektross|0 fnt\n|faint|p1a: Eelektross\n|\n|win|zoethepenguin\n|c| Kanave|gg\n|c|\u2606zoethepenguin|*abomasnow carries way more games than I thought*\n","uploadtime":1698324879,"views":16,"p1id":"kikar0","p2id":"zoethepenguin","formatid":"gen9anythinggoes","rating":0,"private":0,"password":""}