{"id":"gen9anythinggoes-1988367423","p1":"Da1ba Nana","p2":"MammniTTG","format":"[Gen 9] Anything Goes","log":"|j|\u2606Da1ba Nana\n|j|\u2606MammniTTG\n|t:|1699714717\n|gametype|singles\n|player|p1|Da1ba Nana|baker|\n|player|p2|MammniTTG|266|\n|teamsize|p1|6\n|teamsize|p2|6\n|gen|9\n|tier|[Gen 9] Anything Goes\n|rule|HP Percentage Mod: HP is shown in percentages\n|rule|Endless Battle Clause: Forcing endless battles is banned\n|clearpoke\n|poke|p1|Heracross, M|\n|poke|p1|Blissey, F|\n|poke|p1|Bellibolt, M|\n|poke|p1|Infernape, M|\n|poke|p1|Sandslash-Alola, M|\n|poke|p1|Vigoroth, M|\n|poke|p2|Grimmsnarl, M|\n|poke|p2|Kingambit, M|\n|poke|p2|Weavile, M|\n|poke|p2|Walking Wake|\n|poke|p2|Hawlucha, M|\n|poke|p2|Ditto|\n|teampreview\n|j| Sportaflops\n|j| TietAsnee\n|\n|t:|1699714799\n|start\n|switch|p1a: Krillin|Blissey, F|100\/100\n|switch|p2a: Melson|Grimmsnarl, M|100\/100\n|turn|1\n|\n|t:|1699714819\n|move|p2a: Melson|Thunder Wave|p1a: Krillin\n|-status|p1a: Krillin|par\n|move|p1a: Krillin|Trick|p2a: Melson\n|-activate|p1a: Krillin|move: Trick|[of] p2a: Melson\n|-item|p2a: Melson|Choice Specs|[from] move: Trick\n|-item|p1a: Krillin|Light Clay|[from] move: Trick\n|\n|upkeep\n|turn|2\n|\n|t:|1699714840\n|move|p2a: Melson|Reflect|p2a: Melson\n|-sidestart|p2: MammniTTG|Reflect\n|move|p1a: Krillin|Flamethrower|p2a: Melson\n|-damage|p2a: Melson|73\/100\n|\n|upkeep\n|turn|3\n|\n|t:|1699714892\n|switch|p2a: Ditto|Ditto|100\/100\n|-transform|p2a: Ditto|p1a: Krillin|[from] ability: Imposter\n|cant|p1a: Krillin|par\n|\n|upkeep\n|turn|4\n|\n|t:|1699714914\n|-terastallize|p2a: Ditto|Ghost\n|move|p2a: Ditto|Focus Blast|p1a: Krillin|[miss]\n|-miss|p2a: Ditto|p1a: Krillin\n|cant|p1a: Krillin|par\n|\n|upkeep\n|turn|5\n|\n|t:|1699714932\n|move|p2a: Ditto|Focus Blast|p1a: Krillin|[miss]\n|-miss|p2a: Ditto|p1a: Krillin\n|move|p1a: Krillin|Ice Beam|p2a: Ditto\n|-damage|p2a: Ditto|80\/100\n|\n|upkeep\n|turn|6\n|\n|t:|1699714938\n|move|p2a: Ditto|Focus Blast|p1a: Krillin|[miss]\n|-miss|p2a: Ditto|p1a: Krillin\n|move|p1a: Krillin|Ice Beam|p2a: Ditto\n|-damage|p2a: Ditto|59\/100\n|\n|-sideend|p2: MammniTTG|Reflect\n|upkeep\n|turn|7\n|\n|t:|1699714945\n|move|p2a: Ditto|Focus Blast|p1a: Krillin\n|-supereffective|p1a: Krillin\n|-damage|p1a: Krillin|77\/100 par\n|cant|p1a: Krillin|par\n|\n|upkeep\n|turn|8\n|\n|t:|1699714954\n|move|p2a: Ditto|Focus Blast|p1a: Krillin|[miss]\n|-miss|p2a: Ditto|p1a: Krillin\n|move|p1a: Krillin|Flamethrower|p2a: Ditto\n|-damage|p2a: Ditto|38\/100\n|\n|upkeep\n|turn|9\n|\n|t:|1699714962\n|switch|p2a: Melson|Grimmsnarl, M|73\/100\n|move|p1a: Krillin|Flamethrower|p2a: Melson\n|-damage|p2a: Melson|46\/100\n|\n|upkeep\n|turn|10\n|\n|t:|1699714970\n|move|p2a: Melson|Light Screen|p2a: Melson\n|-sidestart|p2: MammniTTG|move: Light Screen\n|move|p1a: Krillin|Ice Beam|p2a: Melson\n|-damage|p2a: Melson|34\/100\n|-status|p2a: Melson|frz\n|\n|upkeep\n|turn|11\n|\n|t:|1699714980\n|switch|p2a: Ditto|Ditto, tera:Ghost|38\/100\n|-transform|p2a: Ditto|p1a: Krillin|[from] ability: Imposter\n|switch|p1a: Boros|Vigoroth, M|100\/100\n|\n|upkeep\n|turn|12\n|\n|t:|1699714989\n|-terastallize|p1a: Boros|Ghost\n|move|p2a: Ditto|Focus Blast|p1a: Boros\n|-immune|p1a: Boros\n|move|p1a: Boros|Bulk Up|p1a: Boros\n|-boost|p1a: Boros|atk|1\n|-boost|p1a: Boros|def|1\n|\n|upkeep\n|turn|13\n|\n|t:|1699715005\n|switch|p2a: Melson|Grimmsnarl, M|34\/100 frz\n|move|p1a: Boros|Low Kick|p2a: Melson\n|-damage|p2a: Melson|15\/100 frz\n|\n|upkeep\n|turn|14\n|\n|t:|1699715013\n|cant|p2a: Melson|frz\n|move|p1a: Boros|Bulk Up|p1a: Boros\n|-boost|p1a: Boros|atk|1\n|-boost|p1a: Boros|def|1\n|\n|-sideend|p2: MammniTTG|move: Light Screen\n|upkeep\n|turn|15\n|\n|t:|1699715020\n|cant|p2a: Melson|frz\n|move|p1a: Boros|Low Kick|p2a: Melson\n|-damage|p2a: Melson|0 fnt\n|faint|p2a: Melson\n|\n|upkeep\n|\n|t:|1699715057\n|switch|p2a: Ditto|Ditto, tera:Ghost|38\/100\n|-transform|p2a: Ditto|p1a: Boros|[from] ability: Imposter\n|turn|16\n|\n|t:|1699715073\n|move|p2a: Ditto|Slack Off|p2a: Ditto\n|-heal|p2a: Ditto|88\/100\n|move|p1a: Boros|Bulk Up|p1a: Boros\n|-boost|p1a: Boros|atk|1\n|-boost|p1a: Boros|def|1\n|\n|upkeep\n|turn|17\n|\n|t:|1699715083\n|switch|p2a: Hawlucha|Hawlucha, M|100\/100\n|move|p1a: Boros|Bulk Up|p1a: Boros\n|-boost|p1a: Boros|atk|1\n|-boost|p1a: Boros|def|1\n|\n|upkeep\n|turn|18\n|\n|t:|1699715090\n|move|p2a: Hawlucha|U-turn|p1a: Boros\n|-resisted|p1a: Boros\n|-damage|p1a: Boros|99\/100\n|\n|t:|1699715093\n|switch|p2a: Ditto|Ditto, tera:Ghost|88\/100|[from] U-turn\n|-transform|p2a: Ditto|p1a: Boros|[from] ability: Imposter\n|move|p1a: Boros|Facade|p2a: Ditto\n|-immune|p2a: Ditto\n|\n|upkeep\n|turn|19\n|\n|t:|1699715111\n|move|p2a: Ditto|Bulk Up|p2a: Ditto\n|-boost|p2a: Ditto|atk|1\n|-boost|p2a: Ditto|def|1\n|move|p1a: Boros|Bulk Up|p1a: Boros\n|-boost|p1a: Boros|atk|1\n|-boost|p1a: Boros|def|1\n|\n|upkeep\n|turn|20\n|\n|t:|1699715135\n|switch|p2a: Wigga|Weavile, M|100\/100\n|-ability|p2a: Wigga|Pressure\n|switch|p1a: Gol D. Flubber|Bellibolt, M|100\/100\n|\n|upkeep\n|turn|21\n|\n|t:|1699715158\n|move|p2a: Wigga|Knock Off|p1a: Gol D. Flubber\n|-damage|p1a: Gol D. Flubber|56\/100\n|-start|p1a: Gol D. Flubber|Charge|Knock Off|[from] ability: Electromorphosis\n|-enditem|p1a: Gol D. Flubber|Leftovers|[from] move: Knock Off|[of] p2a: Wigga\n|-damage|p2a: Wigga|91\/100|[from] item: Life Orb\n|move|p1a: Gol D. Flubber|Acid Spray|p2a: Wigga\n|-damage|p2a: Wigga|76\/100\n|-unboost|p2a: Wigga|spd|2\n|\n|upkeep\n|turn|22\n|\n|t:|1699715194\n|move|p2a: Wigga|Ice Spinner|p1a: Gol D. Flubber\n|-damage|p1a: Gol D. Flubber|24\/100\n|-start|p1a: Gol D. Flubber|Charge|Ice Spinner|[from] ability: Electromorphosis\n|-damage|p2a: Wigga|66\/100|[from] item: Life Orb\n|move|p1a: Gol D. Flubber|Slack Off|p1a: Gol D. Flubber\n|-heal|p1a: Gol D. Flubber|74\/100\n|\n|upkeep\n|turn|23\n|\n|t:|1699715233\n|move|p2a: Wigga|Ice Spinner|p1a: Gol D. Flubber\n|-damage|p1a: Gol D. Flubber|37\/100\n|-start|p1a: Gol D. Flubber|Charge|Ice Spinner|[from] ability: Electromorphosis\n|-damage|p2a: Wigga|56\/100|[from] item: Life Orb\n|move|p1a: Gol D. Flubber|Thunderbolt|p2a: Wigga\n|-damage|p2a: Wigga|0 fnt\n|faint|p2a: Wigga\n|-end|p1a: Gol D. Flubber|Charge|[silent]\n|\n|upkeep\n|\n|t:|1699715248\n|switch|p2a: Hawlucha|Hawlucha, M|100\/100\n|turn|24\n|\n|t:|1699715255\n|move|p2a: Hawlucha|Flying Press|p1a: Gol D. Flubber\n|-resisted|p1a: Gol D. Flubber\n|-damage|p1a: Gol D. Flubber|26\/100\n|-start|p1a: Gol D. Flubber|Charge|Flying Press|[from] ability: Electromorphosis\n|move|p1a: Gol D. Flubber|Thunderbolt|p2a: Hawlucha\n|-supereffective|p2a: Hawlucha\n|-damage|p2a: Hawlucha|0 fnt\n|faint|p2a: Hawlucha\n|-end|p1a: Gol D. Flubber|Charge|[silent]\n|\n|upkeep\n|\n|t:|1699715274\n|switch|p2a: UU BL in gen 10|Kingambit, M|100\/100\n|turn|25\n|\n|t:|1699715290\n|move|p2a: UU BL in gen 10|Sucker Punch||[still]\n|-fail|p2a: UU BL in gen 10\n|move|p1a: Gol D. Flubber|Thunder Wave|p2a: UU BL in gen 10\n|-status|p2a: UU BL in gen 10|par\n|\n|upkeep\n|turn|26\n|\n|t:|1699715299\n|move|p2a: UU BL in gen 10|Sucker Punch||[still]\n|-fail|p2a: UU BL in gen 10\n|move|p1a: Gol D. Flubber|Slack Off|p1a: Gol D. Flubber\n|-heal|p1a: Gol D. Flubber|76\/100\n|\n|upkeep\n|turn|27\n|\n|t:|1699715306\n|move|p1a: Gol D. Flubber|Slack Off|p1a: Gol D. Flubber\n|-heal|p1a: Gol D. Flubber|100\/100\n|cant|p2a: UU BL in gen 10|par\n|\n|upkeep\n|turn|28\n|\n|t:|1699715325\n|move|p1a: Gol D. Flubber|Thunderbolt|p2a: UU BL in gen 10\n|-damage|p2a: UU BL in gen 10|68\/100 par\n|cant|p2a: UU BL in gen 10|par\n|\n|upkeep\n|turn|29\n|\n|t:|1699715330\n|move|p1a: Gol D. Flubber|Thunderbolt|p2a: UU BL in gen 10\n|-damage|p2a: UU BL in gen 10|35\/100 par\n|move|p2a: UU BL in gen 10|Swords Dance|p2a: UU BL in gen 10\n|-boost|p2a: UU BL in gen 10|atk|2\n|\n|upkeep\n|turn|30\n|\n|t:|1699715343\n|switch|p1a: SOGEKING|Heracross, M|100\/100\n|move|p2a: UU BL in gen 10|Swords Dance|p2a: UU BL in gen 10\n|-boost|p2a: UU BL in gen 10|atk|2\n|\n|upkeep\n|turn|31\n|\n|t:|1699715352\n|move|p2a: UU BL in gen 10|Sucker Punch|p1a: SOGEKING\n|-resisted|p1a: SOGEKING\n|-damage|p1a: SOGEKING|5\/100\n|move|p1a: SOGEKING|Brick Break|p2a: UU BL in gen 10\n|-supereffective|p2a: UU BL in gen 10\n|-damage|p2a: UU BL in gen 10|0 fnt\n|faint|p2a: UU BL in gen 10\n|-ability|p1a: SOGEKING|Moxie|boost\n|-boost|p1a: SOGEKING|atk|1\n|\n|upkeep\n|\n|t:|1699715365\n|switch|p2a: Sprinting Shibal|Walking Wake|100\/100\n|-enditem|p2a: Sprinting Shibal|Booster Energy\n|-activate|p2a: Sprinting Shibal|ability: Protosynthesis|[fromitem]\n|-start|p2a: Sprinting Shibal|protosynthesisspa\n|turn|32\n|\n|t:|1699715419\n|move|p2a: Sprinting Shibal|Flamethrower|p1a: SOGEKING\n|-supereffective|p1a: SOGEKING\n|-damage|p1a: SOGEKING|0 fnt\n|faint|p1a: SOGEKING\n|\n|upkeep\n|\n|t:|1699715422\n|switch|p1a: Gol D. Flubber|Bellibolt, M|100\/100\n|turn|33\n|\n|t:|1699715427\n|move|p2a: Sprinting Shibal|Draco Meteor|p1a: Gol D. Flubber|[miss]\n|-miss|p2a: Sprinting Shibal|p1a: Gol D. Flubber\n|move|p1a: Gol D. Flubber|Thunder Wave|p2a: Sprinting Shibal|[miss]\n|-miss|p1a: Gol D. Flubber|p2a: Sprinting Shibal\n|\n|upkeep\n|turn|34\n|\n|t:|1699715435\n|move|p2a: Sprinting Shibal|Draco Meteor|p1a: Gol D. Flubber|[miss]\n|-miss|p2a: Sprinting Shibal|p1a: Gol D. Flubber\n|move|p1a: Gol D. Flubber|Thunder Wave|p2a: Sprinting Shibal\n|-status|p2a: Sprinting Shibal|par\n|\n|upkeep\n|turn|35\n|\n|t:|1699715442\n|move|p2a: Sprinting Shibal|Draco Meteor|p1a: Gol D. Flubber\n|-damage|p1a: Gol D. Flubber|20\/100\n|-unboost|p2a: Sprinting Shibal|spa|2\n|-start|p1a: Gol D. Flubber|Charge|Draco Meteor|[from] ability: Electromorphosis\n|move|p1a: Gol D. Flubber|Acid Spray|p2a: Sprinting Shibal\n|-damage|p2a: Sprinting Shibal|89\/100 par\n|-unboost|p2a: Sprinting Shibal|spd|2\n|\n|upkeep\n|turn|36\n|\n|t:|1699715450\n|move|p2a: Sprinting Shibal|Draco Meteor|p1a: Gol D. Flubber\n|-damage|p1a: Gol D. Flubber|0 fnt\n|-unboost|p2a: Sprinting Shibal|spa|2\n|faint|p1a: Gol D. Flubber\n|\n|upkeep\n|\n|t:|1699715454\n|switch|p1a: Afro Luffy|Infernape, M|100\/100\n|turn|37\n|\n|t:|1699715459\n|-end|p2a: Sprinting Shibal|Protosynthesis|[silent]\n|switch|p2a: Ditto|Ditto, tera:Ghost|88\/100\n|-transform|p2a: Ditto|p1a: Afro Luffy|[from] ability: Imposter\n|move|p1a: Afro Luffy|Drain Punch|p2a: Ditto\n|-immune|p2a: Ditto\n|\n|upkeep\n|turn|38\n|\n|t:|1699715506\n|move|p2a: Ditto|Drain Punch|p1a: Afro Luffy\n|-damage|p1a: Afro Luffy|42\/100\n|-heal|p2a: Ditto|100\/100|[from] drain|[of] p1a: Afro Luffy\n|move|p1a: Afro Luffy|Fire Punch|p2a: Ditto\n|-damage|p2a: Ditto|37\/100\n|\n|upkeep\n|turn|39\n|\n|t:|1699715513\n|switch|p1a: Boros|Vigoroth, M, tera:Ghost|99\/100\n|move|p2a: Ditto|Drain Punch|p1a: Boros\n|-immune|p1a: Boros\n|\n|upkeep\n|turn|40\n|\n|t:|1699715518\n|switch|p2a: Sprinting Shibal|Walking Wake|89\/100 par\n|move|p1a: Boros|Bulk Up|p1a: Boros\n|-boost|p1a: Boros|atk|1\n|-boost|p1a: Boros|def|1\n|\n|upkeep\n|turn|41\n|\n|t:|1699715524\n|move|p1a: Boros|Facade|p2a: Sprinting Shibal\n|-damage|p2a: Sprinting Shibal|54\/100 par\n|move|p2a: Sprinting Shibal|Draco Meteor|p1a: Boros|[miss]\n|-miss|p2a: Sprinting Shibal|p1a: Boros\n|\n|upkeep\n|turn|42\n|\n|t:|1699715530\n|switch|p1a: Krillin|Blissey, F|77\/100 par\n|move|p2a: Sprinting Shibal|Draco Meteor|p1a: Krillin\n|-damage|p1a: Krillin|54\/100 par\n|-unboost|p2a: Sprinting Shibal|spa|2\n|\n|upkeep\n|turn|43\n|\n|t:|1699715538\n|-end|p2a: Sprinting Shibal|Protosynthesis|[silent]\n|switch|p2a: Ditto|Ditto, tera:Ghost|37\/100\n|-transform|p2a: Ditto|p1a: Krillin|[from] ability: Imposter\n|move|p1a: Krillin|Ice Beam|p2a: Ditto\n|-damage|p2a: Ditto|16\/100\n|\n|upkeep\n|turn|44\n|\n|t:|1699715552\n|switch|p2a: Sprinting Shibal|Walking Wake|54\/100 par\n|cant|p1a: Krillin|par\n|\n|upkeep\n|turn|45\n|\n|t:|1699715558\n|move|p2a: Sprinting Shibal|Draco Meteor|p1a: Krillin\n|-damage|p1a: Krillin|30\/100 par\n|-unboost|p2a: Sprinting Shibal|spa|2\n|cant|p1a: Krillin|par\n|\n|upkeep\n|turn|46\n|\n|t:|1699715565\n|cant|p2a: Sprinting Shibal|par\n|move|p1a: Krillin|Ice Beam|p2a: Sprinting Shibal\n|-damage|p2a: Sprinting Shibal|26\/100 par\n|\n|upkeep\n|turn|47\n|\n|t:|1699715571\n|move|p2a: Sprinting Shibal|Draco Meteor|p1a: Krillin\n|-damage|p1a: Krillin|19\/100 par\n|-unboost|p2a: Sprinting Shibal|spa|2\n|move|p1a: Krillin|Ice Beam|p2a: Sprinting Shibal\n|-damage|p2a: Sprinting Shibal|0 fnt\n|faint|p2a: Sprinting Shibal\n|-end|p2a: Sprinting Shibal|Protosynthesis|[silent]\n|\n|upkeep\n|\n|t:|1699715579\n|switch|p2a: Ditto|Ditto, tera:Ghost|16\/100\n|-transform|p2a: Ditto|p1a: Krillin|[from] ability: Imposter\n|turn|48\n|\n|t:|1699715590\n|move|p2a: Ditto|Trick|p1a: Krillin\n|-activate|p2a: Ditto|move: Trick|[of] p1a: Krillin\n|-item|p1a: Krillin|Choice Scarf|[from] move: Trick\n|-item|p2a: Ditto|Light Clay|[from] move: Trick\n|move|p1a: Krillin|Ice Beam|p2a: Ditto\n|-damage|p2a: Ditto|0 fnt\n|faint|p2a: Ditto\n|\n|win|Da1ba Nana\n|l|\u2606Da1ba Nana\n|j|\u2606Da1ba Nana\n|player|p1|Da1ba Nana|baker\n|l|\u2606Da1ba Nana\n|player|p1|\n","uploadtime":1699715643,"views":6,"p1id":"da1banana","p2id":"mammnittg","formatid":"gen9anythinggoes","rating":0,"private":0,"password":""}