{"id":"gen9anythinggoes-1992601159","p1":"DrontDoDugs","p2":"ghostlyplanets","format":"[Gen 9] Anything Goes","log":"|j|\u2606DrontDoDugs\n|j|\u2606ghostlyplanets\n|t:|1700212834\n|gametype|singles\n|player|p1|DrontDoDugs|shadowtriad|1385\n|player|p2|ghostlyplanets|265|1571\n|teamsize|p1|6\n|teamsize|p2|6\n|gen|9\n|tier|[Gen 9] Anything Goes\n|rated|\n|rule|HP Percentage Mod: HP is shown in percentages\n|rule|Endless Battle Clause: Forcing endless battles is banned\n|clearpoke\n|poke|p1|Magearna|\n|poke|p1|Blissey, F|\n|poke|p1|Eternatus|\n|poke|p1|Jirachi|\n|poke|p1|Giratina|\n|poke|p1|Magearna|\n|poke|p2|Miraidon|\n|poke|p2|Iron Bundle|\n|poke|p2|Miraidon|\n|poke|p2|Iron Valiant|\n|poke|p2|Giratina-Origin|\n|poke|p2|Ting-Lu|\n|teampreview\n|inactive|Battle timer is ON: inactive players will automatically lose when time's up. (requested by DrontDoDugs)\n|\n|t:|1700212857\n|start\n|switch|p1a: Jirachi|Jirachi|100\/100\n|switch|p2a: Ting-Lu|Ting-Lu|100\/100\n|-ability|p2a: Ting-Lu|Vessel of Ruin\n|turn|1\n|\n|t:|1700212883\n|switch|p1a: Giratina|Giratina|100\/100\n|-ability|p1a: Giratina|Pressure\n|move|p2a: Ting-Lu|Spikes|p1a: Giratina\n|-sidestart|p1: DrontDoDugs|Spikes\n|\n|upkeep\n|turn|2\n|\n|t:|1700212894\n|move|p1a: Giratina|Defog|p2a: Ting-Lu\n|-unboost|p2a: Ting-Lu|evasion|1\n|-sideend|p1: DrontDoDugs|Spikes|[from] move: Defog|[of] p1a: Giratina\n|move|p2a: Ting-Lu|Spikes|p1a: Giratina\n|-sidestart|p1: DrontDoDugs|Spikes\n|\n|upkeep\n|turn|3\n|\n|t:|1700212908\n|move|p1a: Giratina|Defog|p2a: Ting-Lu\n|-unboost|p2a: Ting-Lu|evasion|1\n|-sideend|p1: DrontDoDugs|Spikes|[from] move: Defog|[of] p1a: Giratina\n|move|p2a: Ting-Lu|Ruination|p1a: Giratina\n|-damage|p1a: Giratina|50\/100\n|\n|-heal|p1a: Giratina|57\/100|[from] item: Leftovers\n|upkeep\n|turn|4\n|\n|t:|1700212917\n|switch|p1a: Eternatus|Eternatus|100\/100\n|-ability|p1a: Eternatus|Pressure\n|move|p2a: Ting-Lu|Ruination|p1a: Eternatus\n|-damage|p1a: Eternatus|50\/100\n|\n|-heal|p1a: Eternatus|57\/100|[from] item: Black Sludge\n|upkeep\n|turn|5\n|\n|t:|1700212944\n|move|p1a: Eternatus|Toxic|p2a: Ting-Lu\n|-status|p2a: Ting-Lu|tox\n|move|p2a: Ting-Lu|Earthquake|p1a: Eternatus\n|-supereffective|p1a: Eternatus\n|-damage|p1a: Eternatus|0 fnt\n|faint|p1a: Eternatus\n|\n|-damage|p2a: Ting-Lu|94\/100 tox|[from] psn\n|upkeep\n|\n|t:|1700212959\n|switch|p1a: Jirachi|Jirachi|100\/100\n|turn|6\n|\n|t:|1700212964\n|move|p1a: Jirachi|Cosmic Power|p1a: Jirachi\n|-boost|p1a: Jirachi|def|1\n|-boost|p1a: Jirachi|spd|1\n|move|p2a: Ting-Lu|Spikes|p1a: Jirachi\n|-sidestart|p1: DrontDoDugs|Spikes\n|\n|-heal|p2a: Ting-Lu|100\/100 tox|[from] item: Leftovers\n|-damage|p2a: Ting-Lu|88\/100 tox|[from] psn\n|upkeep\n|turn|7\n|\n|t:|1700212970\n|move|p1a: Jirachi|Cosmic Power|p1a: Jirachi\n|-boost|p1a: Jirachi|def|1\n|-boost|p1a: Jirachi|spd|1\n|move|p2a: Ting-Lu|Whirlwind|p1a: Jirachi\n|drag|p1a: Magearna|Magearna|100\/100\n|-damage|p1a: Magearna|88\/100|[from] Spikes\n|\n|-heal|p1a: Magearna|94\/100|[from] item: Leftovers\n|-heal|p2a: Ting-Lu|94\/100 tox|[from] item: Leftovers\n|-damage|p2a: Ting-Lu|76\/100 tox|[from] psn\n|upkeep\n|turn|8\n|\n|t:|1700212982\n|move|p1a: Magearna|Dazzling Gleam|p2a: Ting-Lu\n|-supereffective|p2a: Ting-Lu\n|-damage|p2a: Ting-Lu|32\/100 tox\n|move|p2a: Ting-Lu|Spikes|p1a: Magearna\n|-sidestart|p1: DrontDoDugs|Spikes\n|\n|-heal|p1a: Magearna|99\/100|[from] item: Leftovers\n|-heal|p2a: Ting-Lu|38\/100 tox|[from] item: Leftovers\n|-damage|p2a: Ting-Lu|13\/100 tox|[from] psn\n|upkeep\n|turn|9\n|inactive|ghostlyplanets has 120 seconds left.\n|\n|t:|1700213019\n|move|p1a: Magearna|Shift Gear|p1a: Magearna\n|-boost|p1a: Magearna|spe|2\n|-boost|p1a: Magearna|atk|1\n|move|p2a: Ting-Lu|Spikes|p1a: Magearna\n|-sidestart|p1: DrontDoDugs|Spikes\n|\n|-heal|p1a: Magearna|100\/100|[from] item: Leftovers\n|-heal|p2a: Ting-Lu|20\/100 tox|[from] item: Leftovers\n|-damage|p2a: Ting-Lu|0 fnt|[from] psn\n|faint|p2a: Ting-Lu\n|-ability|p1a: Magearna|Soul-Heart|boost\n|-boost|p1a: Magearna|spa|1\n|upkeep\n|\n|t:|1700213027\n|switch|p2a: Iron Valiant|Iron Valiant|100\/100\n|turn|10\n|inactive|ghostlyplanets has 120 seconds left.\n|\n|t:|1700213040\n|move|p2a: Iron Valiant|Endure|p2a: Iron Valiant\n|-singleturn|p2a: Iron Valiant|move: Endure\n|move|p1a: Magearna|Shift Gear|p1a: Magearna\n|-boost|p1a: Magearna|spe|2\n|-boost|p1a: Magearna|atk|1\n|\n|upkeep\n|turn|11\n|inactive|ghostlyplanets has 120 seconds left.\n|\n|t:|1700213060\n|-end|p2a: Iron Valiant|Quark Drive|[silent]\n|switch|p2a: Giratina|Giratina-Origin, shiny|100\/100\n|move|p1a: Magearna|Stored Power|p2a: Giratina\n|-damage|p2a: Giratina|57\/100\n|\n|upkeep\n|turn|12\n|\n|t:|1700213069\n|move|p1a: Magearna|Dazzling Gleam|p2a: Giratina\n|-supereffective|p2a: Giratina\n|-damage|p2a: Giratina|0 fnt\n|faint|p2a: Giratina\n|-ability|p1a: Magearna|Soul-Heart|boost\n|-boost|p1a: Magearna|spa|1\n|\n|upkeep\n|inactive|ghostlyplanets has 120 seconds left.\n|\n|t:|1700213086\n|switch|p2a: Iron Valiant|Iron Valiant|100\/100\n|turn|13\n|\n|t:|1700213091\n|move|p2a: Iron Valiant|Endure|p2a: Iron Valiant\n|-singleturn|p2a: Iron Valiant|move: Endure\n|move|p1a: Magearna|Stored Power|p2a: Iron Valiant\n|-supereffective|p2a: Iron Valiant\n|-activate|p2a: Iron Valiant|move: Endure\n|-damage|p2a: Iron Valiant|1\/100\n|\n|upkeep\n|turn|14\n|-enditem|p2a: Iron Valiant|Custap Berry|[eat]\n|-activate|p2a: Iron Valiant|item: Custap Berry|[consumed]\n|\n|t:|1700213099\n|move|p2a: Iron Valiant|Destiny Bond|p2a: Iron Valiant\n|-singlemove|p2a: Iron Valiant|Destiny Bond\n|move|p1a: Magearna|Dazzling Gleam|p2a: Iron Valiant\n|-supereffective|p2a: Iron Valiant\n|-damage|p2a: Iron Valiant|0 fnt\n|faint|p2a: Iron Valiant\n|-ability|p1a: Magearna|Soul-Heart|boost\n|-boost|p1a: Magearna|spa|1\n|-activate|p2a: Iron Valiant|move: Destiny Bond\n|-end|p2a: Iron Valiant|Quark Drive|[silent]\n|faint|p1a: Magearna\n|\n|upkeep\n|\n|t:|1700213116\n|switch|p2a: Miraidon|Miraidon|100\/100\n|switch|p1a: Blissey|Blissey, F|100\/100\n|-fieldstart|move: Electric Terrain|[from] ability: Hadron Engine|[of] p2a: Miraidon\n|-damage|p1a: Blissey|76\/100|[from] Spikes\n|turn|15\n|inactive|ghostlyplanets has 120 seconds left.\n|\n|t:|1700213143\n|move|p2a: Miraidon|Volt Switch|p1a: Blissey\n|-damage|p1a: Blissey|51\/100\n|\n|t:|1700213149\n|switch|p2a: Miraidon|Miraidon|100\/100|[from] Volt Switch\n|-activate|p2a: Miraidon|ability: Hadron Engine\n|move|p1a: Blissey|Seismic Toss|p2a: Miraidon\n|-damage|p2a: Miraidon|71\/100\n|\n|-heal|p1a: Blissey|57\/100|[from] item: Leftovers\n|upkeep\n|turn|16\n|\n|t:|1700213157\n|move|p2a: Miraidon|Volt Switch|p1a: Blissey\n|-damage|p1a: Blissey|39\/100\n|inactive|ghostlyplanets has 120 seconds left.\n|inactive|ghostlyplanets has 90 seconds left.\n|\n|t:|1700213206\n|switch|p2a: Miraidon|Miraidon|100\/100|[from] Volt Switch\n|-activate|p2a: Miraidon|ability: Hadron Engine\n|move|p1a: Blissey|Soft-Boiled|p1a: Blissey\n|-heal|p1a: Blissey|89\/100\n|\n|-heal|p1a: Blissey|95\/100|[from] item: Leftovers\n|upkeep\n|turn|17\n|\n|t:|1700213216\n|-terastallize|p2a: Miraidon|Electric\n|move|p2a: Miraidon|Electro Drift|p1a: Blissey\n|-damage|p1a: Blissey|39\/100\n|move|p1a: Blissey|Seismic Toss|p2a: Miraidon\n|-damage|p2a: Miraidon|71\/100\n|\n|-heal|p1a: Blissey|45\/100|[from] item: Leftovers\n|upkeep\n|turn|18\n|inactive|ghostlyplanets has 90 seconds left.\n|inactive|ghostlyplanets has 60 seconds left.\n|\n|t:|1700213256\n|switch|p1a: Giratina|Giratina|57\/100\n|-damage|p1a: Giratina|32\/100|[from] Spikes\n|-ability|p1a: Giratina|Pressure\n|move|p2a: Miraidon|Electro Drift|p1a: Giratina\n|-resisted|p1a: Giratina\n|-crit|p1a: Giratina\n|-damage|p1a: Giratina|0 fnt\n|faint|p1a: Giratina\n|\n|upkeep\n|\n|t:|1700213267\n|switch|p1a: Jirachi|Jirachi|100\/100\n|-damage|p1a: Jirachi|75\/100|[from] Spikes\n|turn|19\n|\n|t:|1700213279\n|move|p1a: Jirachi|Protect|p1a: Jirachi\n|-singleturn|p1a: Jirachi|Protect\n|move|p2a: Miraidon|Electro Drift|p1a: Jirachi\n|-activate|p1a: Jirachi|move: Protect\n|\n|-heal|p1a: Jirachi|82\/100|[from] item: Leftovers\n|-fieldend|move: Electric Terrain\n|upkeep\n|turn|20\n|\n|t:|1700213288\n|switch|p2a: Miraidon|Miraidon|71\/100\n|-fieldstart|move: Electric Terrain|[from] ability: Hadron Engine|[of] p2a: Miraidon\n|move|p1a: Jirachi|Wish|p1a: Jirachi\n|\n|-heal|p1a: Jirachi|88\/100|[from] item: Leftovers\n|upkeep\n|turn|21\n|\n|t:|1700213297\n|move|p2a: Miraidon|Volt Switch|p1a: Jirachi\n|-damage|p1a: Jirachi|50\/100\n|\n|t:|1700213302\n|switch|p2a: Miraidon|Miraidon, tera:Electric|71\/100|[from] Volt Switch\n|-activate|p2a: Miraidon|ability: Hadron Engine\n|move|p1a: Jirachi|Cosmic Power|p1a: Jirachi\n|-boost|p1a: Jirachi|def|1\n|-boost|p1a: Jirachi|spd|1\n|\n|-heal|p1a: Jirachi|99\/100|[from] move: Wish|[wisher] Jirachi\n|-heal|p1a: Jirachi|100\/100|[from] item: Leftovers\n|upkeep\n|turn|22\n|\n|t:|1700213316\n|move|p2a: Miraidon|Electro Drift|p1a: Jirachi\n|-damage|p1a: Jirachi|22\/100\n|move|p1a: Jirachi|Wish|p1a: Jirachi\n|\n|-heal|p1a: Jirachi|28\/100|[from] item: Leftovers\n|upkeep\n|turn|23\n|\n|t:|1700213324\n|move|p1a: Jirachi|Protect|p1a: Jirachi\n|-singleturn|p1a: Jirachi|Protect\n|move|p2a: Miraidon|Electro Drift|p1a: Jirachi\n|-activate|p1a: Jirachi|move: Protect\n|\n|-heal|p1a: Jirachi|78\/100|[from] move: Wish|[wisher] Jirachi\n|-heal|p1a: Jirachi|85\/100|[from] item: Leftovers\n|upkeep\n|turn|24\n|\n|t:|1700213334\n|move|p2a: Miraidon|Electro Drift|p1a: Jirachi\n|-damage|p1a: Jirachi|6\/100\n|move|p1a: Jirachi|Wish|p1a: Jirachi\n|\n|-heal|p1a: Jirachi|13\/100|[from] item: Leftovers\n|-fieldend|move: Electric Terrain\n|upkeep\n|turn|25\n|inactive|ghostlyplanets has 120 seconds left.\n|\n|t:|1700213343\n|move|p1a: Jirachi|Protect|p1a: Jirachi\n|-singleturn|p1a: Jirachi|Protect\n|move|p2a: Miraidon|Electro Drift|p1a: Jirachi\n|-activate|p1a: Jirachi|move: Protect\n|\n|-heal|p1a: Jirachi|63\/100|[from] move: Wish|[wisher] Jirachi\n|-heal|p1a: Jirachi|69\/100|[from] item: Leftovers\n|upkeep\n|turn|26\n|\n|t:|1700213352\n|switch|p2a: Miraidon|Miraidon|71\/100\n|-fieldstart|move: Electric Terrain|[from] ability: Hadron Engine|[of] p2a: Miraidon\n|move|p1a: Jirachi|Wish|p1a: Jirachi\n|\n|-heal|p1a: Jirachi|75\/100|[from] item: Leftovers\n|upkeep\n|turn|27\n|inactive|ghostlyplanets has 120 seconds left.\n|l|\u2606ghostlyplanets\n|inactive|ghostlyplanets disconnected and has a minute to reconnect!\n|player|p2|\n|inactive|ghostlyplanets has 30 seconds to reconnect!\n|inactive|ghostlyplanets has 20 seconds to reconnect!\n|inactive|ghostlyplanets has 15 seconds to reconnect!\n|inactive|ghostlyplanets has 10 seconds to reconnect!\n|inactive|ghostlyplanets has 5 seconds to reconnect!\n|-message|ghostlyplanets lost due to inactivity.\n|\n|win|DrontDoDugs\n|raw|DrontDoDugs's rating: 1385 &rarr; <strong>1414<\/strong><br \/>(+29 for winning)\n|raw|ghostlyplanets's rating: 1543 &rarr; <strong>1514<\/strong><br \/>(-29 for losing)\n|l|\u2606DrontDoDugs\n","uploadtime":1700213467,"views":8,"p1id":"drontdodugs","p2id":"ghostlyplanets","formatid":"gen9anythinggoes","rating":1414,"private":0,"password":""}