{"id":"gen9anythinggoes-1999764314","p1":"HansWolp","p2":"vscddxc","format":"[Gen 9] Anything Goes","log":"|j|\u2606HansWolp\n|j|\u2606vscddxc\n|t:|1701114587\n|gametype|singles\n|player|p1|HansWolp|blackbelt-gen4dp|1090\n|player|p2|vscddxc|schoolkid-gen4dp|1045\n|teamsize|p1|6\n|teamsize|p2|6\n|gen|9\n|tier|[Gen 9] Anything Goes\n|rated|\n|rule|HP Percentage Mod: HP is shown in percentages\n|rule|Endless Battle Clause: Forcing endless battles is banned\n|clearpoke\n|poke|p1|Snorlax, F|\n|poke|p1|Volcarona, F|\n|poke|p1|Toxapex, F|\n|poke|p1|Zamazenta-*|\n|poke|p1|Garganacl, M|\n|poke|p1|Iron Hands|\n|poke|p2|Lucario, M|\n|poke|p2|Baxcalibur, F|\n|poke|p2|Charizard, F|\n|poke|p2|Greninja-*, M|\n|poke|p2|Umbreon, F|\n|poke|p2|Maushold-Four|\n|teampreview\n|\n|t:|1701114597\n|start\n|switch|p1a: Snorlax|Snorlax, F|100\/100\n|switch|p2a: Umbreon|Umbreon, F|100\/100\n|turn|1\n|\n|t:|1701114608\n|move|p2a: Umbreon|Calm Mind|p2a: Umbreon\n|-boost|p2a: Umbreon|spa|1\n|-boost|p2a: Umbreon|spd|1\n|move|p1a: Snorlax|Stockpile|p1a: Snorlax\n|-start|p1a: Snorlax|stockpile1\n|-boost|p1a: Snorlax|def|1\n|-boost|p1a: Snorlax|spd|1\n|\n|upkeep\n|turn|2\n|\n|t:|1701114618\n|move|p2a: Umbreon|Calm Mind|p2a: Umbreon\n|-boost|p2a: Umbreon|spa|1\n|-boost|p2a: Umbreon|spd|1\n|move|p1a: Snorlax|Gunk Shot|p2a: Umbreon\n|-damage|p2a: Umbreon|81\/100\n|\n|-heal|p2a: Umbreon|87\/100|[from] item: Leftovers\n|upkeep\n|turn|3\n|\n|t:|1701114629\n|switch|p1a: Zamazenta|Zamazenta-Crowned|100\/100\n|-ability|p1a: Zamazenta|Dauntless Shield|boost\n|-boost|p1a: Zamazenta|def|1\n|move|p2a: Umbreon|Calm Mind|p2a: Umbreon\n|-boost|p2a: Umbreon|spa|1\n|-boost|p2a: Umbreon|spd|1\n|\n|-heal|p2a: Umbreon|93\/100|[from] item: Leftovers\n|upkeep\n|turn|4\n|\n|t:|1701114642\n|move|p2a: Umbreon|Yawn|p1a: Zamazenta\n|-start|p1a: Zamazenta|move: Yawn|[of] p2a: Umbreon\n|move|p1a: Zamazenta|Roar|p2a: Umbreon\n|drag|p2a: Lucario|Lucario, M|100\/100\n|\n|upkeep\n|turn|5\n|\n|t:|1701114661\n|switch|p1a: Toxapex|Toxapex, F|100\/100\n|move|p2a: Lucario|Bone Rush|p1a: Toxapex\n|-supereffective|p1a: Toxapex\n|-damage|p1a: Toxapex|89\/100\n|-supereffective|p1a: Toxapex\n|-damage|p1a: Toxapex|77\/100\n|-supereffective|p1a: Toxapex\n|-damage|p1a: Toxapex|64\/100\n|-hitcount|p1a: Toxapex|3\n|\n|-heal|p1a: Toxapex|71\/100|[from] item: Black Sludge\n|upkeep\n|turn|6\n|\n|t:|1701114683\n|-terastallize|p2a: Lucario|Fighting\n|move|p1a: Toxapex|Baneful Bunker|p1a: Toxapex\n|-singleturn|p1a: Toxapex|move: Protect\n|move|p2a: Lucario|Bone Rush|p1a: Toxapex\n|-activate|p1a: Toxapex|move: Protect\n|\n|-heal|p1a: Toxapex|77\/100|[from] item: Black Sludge\n|upkeep\n|turn|7\n|\n|t:|1701114701\n|move|p2a: Lucario|Aura Sphere|p1a: Toxapex\n|-resisted|p1a: Toxapex\n|-damage|p1a: Toxapex|62\/100\n|move|p1a: Toxapex|Gunk Shot|p2a: Lucario\n|-damage|p2a: Lucario|70\/100\n|\n|-heal|p1a: Toxapex|68\/100|[from] item: Black Sludge\n|upkeep\n|turn|8\n|\n|t:|1701114711\n|move|p1a: Toxapex|Baneful Bunker|p1a: Toxapex\n|-singleturn|p1a: Toxapex|move: Protect\n|move|p2a: Lucario|Shadow Claw|p1a: Toxapex\n|-activate|p1a: Toxapex|move: Protect\n|-status|p2a: Lucario|psn\n|\n|-heal|p1a: Toxapex|75\/100|[from] item: Black Sludge\n|-damage|p2a: Lucario|58\/100 psn|[from] psn\n|upkeep\n|turn|9\n|\n|t:|1701114724\n|move|p2a: Lucario|Shadow Claw|p1a: Toxapex\n|-damage|p1a: Toxapex|59\/100\n|-heal|p2a: Lucario|60\/100 psn|[from] item: Shell Bell|[of] p1a: Toxapex\n|move|p1a: Toxapex|Ice Beam|p2a: Lucario\n|-crit|p2a: Lucario\n|-damage|p2a: Lucario|31\/100 psn\n|\n|-heal|p1a: Toxapex|65\/100|[from] item: Black Sludge\n|-damage|p2a: Lucario|19\/100 psn|[from] psn\n|upkeep\n|turn|10\n|\n|t:|1701114736\n|move|p1a: Toxapex|Baneful Bunker|p1a: Toxapex\n|-singleturn|p1a: Toxapex|move: Protect\n|move|p2a: Lucario|Bone Rush|p1a: Toxapex\n|-activate|p1a: Toxapex|move: Protect\n|\n|-heal|p1a: Toxapex|71\/100|[from] item: Black Sludge\n|-damage|p2a: Lucario|7\/100 psn|[from] psn\n|upkeep\n|turn|11\n|\n|t:|1701114747\n|move|p2a: Lucario|Bone Rush|p1a: Toxapex\n|-supereffective|p1a: Toxapex\n|-damage|p1a: Toxapex|59\/100\n|-supereffective|p1a: Toxapex\n|-damage|p1a: Toxapex|46\/100\n|-supereffective|p1a: Toxapex\n|-damage|p1a: Toxapex|34\/100\n|-hitcount|p1a: Toxapex|3\n|-heal|p2a: Lucario|12\/100 psn|[from] item: Shell Bell|[of] p1a: Toxapex\n|move|p1a: Toxapex|Ice Beam|p2a: Lucario\n|-crit|p2a: Lucario\n|-damage|p2a: Lucario|0 fnt\n|faint|p2a: Lucario\n|\n|-heal|p1a: Toxapex|41\/100|[from] item: Black Sludge\n|upkeep\n|\n|t:|1701114767\n|switch|p2a: Charizard|Charizard, F|100\/100\n|turn|12\n|\n|t:|1701114772\n|move|p1a: Toxapex|Baneful Bunker|p1a: Toxapex\n|-singleturn|p1a: Toxapex|move: Protect\n|move|p2a: Charizard|Ancient Power|p1a: Toxapex\n|-activate|p1a: Toxapex|move: Protect\n|\n|-heal|p1a: Toxapex|47\/100|[from] item: Black Sludge\n|upkeep\n|turn|13\n|\n|t:|1701114789\n|switch|p1a: Garganacl|Garganacl, M|100\/100\n|move|p2a: Charizard|Ancient Power|p1a: Garganacl\n|-damage|p1a: Garganacl|89\/100\n|-boost|p2a: Charizard|atk|1\n|-boost|p2a: Charizard|def|1\n|-boost|p2a: Charizard|spa|1\n|-boost|p2a: Charizard|spd|1\n|-boost|p2a: Charizard|spe|1\n|\n|-heal|p1a: Garganacl|95\/100|[from] item: Leftovers\n|upkeep\n|turn|14\n|\n|t:|1701114801\n|move|p2a: Charizard|Brick Break|p1a: Garganacl\n|-supereffective|p1a: Garganacl\n|-damage|p1a: Garganacl|51\/100\n|move|p1a: Garganacl|Salt Cure|p2a: Charizard\n|-supereffective|p2a: Charizard\n|-damage|p2a: Charizard|60\/100\n|-start|p2a: Charizard|Salt Cure\n|\n|-heal|p1a: Garganacl|57\/100|[from] item: Leftovers\n|-damage|p2a: Charizard|48\/100|[from] Salt Cure\n|upkeep\n|turn|15\n|\n|t:|1701114823\n|switch|p1a: Toxapex|Toxapex, F|47\/100\n|move|p2a: Charizard|Brick Break|p1a: Toxapex\n|-resisted|p1a: Toxapex\n|-damage|p1a: Toxapex|37\/100\n|-heal|p2a: Charizard|49\/100|[from] item: Shell Bell|[of] p1a: Toxapex\n|\n|-heal|p1a: Toxapex|43\/100|[from] item: Black Sludge\n|-damage|p2a: Charizard|36\/100|[from] Salt Cure\n|upkeep\n|turn|16\n|\n|t:|1701114836\n|move|p1a: Toxapex|Baneful Bunker|p1a: Toxapex\n|-singleturn|p1a: Toxapex|move: Protect\n|move|p2a: Charizard|Ancient Power|p1a: Toxapex\n|-activate|p1a: Toxapex|move: Protect\n|\n|-heal|p1a: Toxapex|49\/100|[from] item: Black Sludge\n|-damage|p2a: Charizard|24\/100|[from] Salt Cure\n|upkeep\n|turn|17\n|\n|t:|1701114848\n|move|p2a: Charizard|Ancient Power|p1a: Toxapex\n|-damage|p1a: Toxapex|34\/100\n|-heal|p2a: Charizard|25\/100|[from] item: Shell Bell|[of] p1a: Toxapex\n|move|p1a: Toxapex|Gunk Shot|p2a: Charizard\n|-damage|p2a: Charizard|6\/100\n|\n|-heal|p1a: Toxapex|41\/100|[from] item: Black Sludge\n|-damage|p2a: Charizard|0 fnt|[from] Salt Cure\n|faint|p2a: Charizard\n|upkeep\n|\n|t:|1701114860\n|switch|p2a: Maushold|Maushold-Four|100\/100\n|turn|18\n|\n|t:|1701114865\n|move|p1a: Toxapex|Baneful Bunker|p1a: Toxapex\n|-singleturn|p1a: Toxapex|move: Protect\n|move|p2a: Maushold|Population Bomb|p1a: Toxapex\n|-activate|p1a: Toxapex|move: Protect\n|-status|p2a: Maushold|psn\n|\n|-heal|p1a: Toxapex|47\/100|[from] item: Black Sludge\n|-damage|p2a: Maushold|88\/100 psn|[from] psn\n|upkeep\n|turn|19\n|\n|t:|1701114881\n|move|p2a: Maushold|Population Bomb|p1a: Toxapex\n|-damage|p1a: Toxapex|42\/100\n|-damage|p1a: Toxapex|36\/100\n|-damage|p1a: Toxapex|30\/100\n|-hitcount|p1a: Toxapex|3\n|move|p1a: Toxapex|Ice Beam|p2a: Maushold\n|-crit|p2a: Maushold\n|-damage|p2a: Maushold|60\/100 psn\n|\n|-heal|p1a: Toxapex|36\/100|[from] item: Black Sludge\n|-damage|p2a: Maushold|48\/100 psn|[from] psn\n|upkeep\n|turn|20\n|\n|t:|1701114894\n|move|p1a: Toxapex|Baneful Bunker|p1a: Toxapex\n|-singleturn|p1a: Toxapex|move: Protect\n|move|p2a: Maushold|Population Bomb|p1a: Toxapex\n|-activate|p1a: Toxapex|move: Protect\n|\n|-heal|p1a: Toxapex|42\/100|[from] item: Black Sludge\n|-damage|p2a: Maushold|35\/100 psn|[from] psn\n|upkeep\n|turn|21\n|\n|t:|1701114905\n|move|p2a: Maushold|Aerial Ace|p1a: Toxapex\n|-damage|p1a: Toxapex|31\/100\n|move|p1a: Toxapex|Ice Beam|p2a: Maushold\n|-crit|p2a: Maushold\n|-damage|p2a: Maushold|5\/100 psn\n|\n|-heal|p1a: Toxapex|37\/100|[from] item: Black Sludge\n|-damage|p2a: Maushold|0 fnt|[from] psn\n|faint|p2a: Maushold\n|upkeep\n|\n|t:|1701114916\n|switch|p2a: Umbreon|Umbreon, F|93\/100\n|turn|22\n|\n|t:|1701114925\n|move|p1a: Toxapex|Baneful Bunker|p1a: Toxapex\n|-singleturn|p1a: Toxapex|move: Protect\n|move|p2a: Umbreon|Yawn|p1a: Toxapex\n|-activate|p1a: Toxapex|move: Protect\n|\n|-heal|p2a: Umbreon|99\/100|[from] item: Leftovers\n|-heal|p1a: Toxapex|43\/100|[from] item: Black Sludge\n|upkeep\n|turn|23\n|\n|t:|1701114937\n|move|p2a: Umbreon|Moonlight|p2a: Umbreon\n|-heal|p2a: Umbreon|100\/100\n|move|p1a: Toxapex|Gunk Shot|p2a: Umbreon\n|-damage|p2a: Umbreon|80\/100\n|-status|p2a: Umbreon|psn\n|-activate|p2a: Umbreon|ability: Synchronize\n|-immune|p1a: Toxapex\n|\n|-heal|p2a: Umbreon|86\/100 psn|[from] item: Leftovers\n|-heal|p1a: Toxapex|50\/100|[from] item: Black Sludge\n|-damage|p2a: Umbreon|74\/100 psn|[from] psn\n|upkeep\n|turn|24\n|\n|t:|1701114954\n|switch|p1a: Garganacl|Garganacl, M|57\/100\n|move|p2a: Umbreon|Yawn|p1a: Garganacl\n|-start|p1a: Garganacl|move: Yawn|[of] p2a: Umbreon\n|\n|-heal|p2a: Umbreon|80\/100 psn|[from] item: Leftovers\n|-heal|p1a: Garganacl|63\/100|[from] item: Leftovers\n|-damage|p2a: Umbreon|68\/100 psn|[from] psn\n|upkeep\n|turn|25\n|\n|t:|1701114970\n|move|p2a: Umbreon|Moonlight|p2a: Umbreon\n|-heal|p2a: Umbreon|100\/100 psn\n|move|p1a: Garganacl|Salt Cure|p2a: Umbreon\n|-damage|p2a: Umbreon|89\/100 psn\n|-start|p2a: Umbreon|Salt Cure\n|\n|-heal|p2a: Umbreon|95\/100 psn|[from] item: Leftovers\n|-heal|p1a: Garganacl|69\/100|[from] item: Leftovers\n|-damage|p2a: Umbreon|82\/100 psn|[from] psn\n|-damage|p2a: Umbreon|70\/100 psn|[from] Salt Cure\n|-end|p1a: Garganacl|move: Yawn|[silent]\n|-status|p1a: Garganacl|slp\n|upkeep\n|turn|26\n|\n|t:|1701114993\n|switch|p1a: Zamazenta|Zamazenta-Crowned|100\/100\n|move|p2a: Umbreon|Body Slam|p1a: Zamazenta\n|-resisted|p1a: Zamazenta\n|-damage|p1a: Zamazenta|96\/100\n|-status|p1a: Zamazenta|par\n|\n|-heal|p2a: Umbreon|76\/100 psn|[from] item: Leftovers\n|-damage|p2a: Umbreon|64\/100 psn|[from] psn\n|-damage|p2a: Umbreon|51\/100 psn|[from] Salt Cure\n|upkeep\n|turn|27\n|\n|t:|1701115007\n|move|p1a: Zamazenta|Behemoth Bash|p2a: Umbreon\n|-damage|p2a: Umbreon|15\/100 psn\n|move|p2a: Umbreon|Yawn||[still]\n|-fail|p2a: Umbreon\n|\n|-heal|p2a: Umbreon|21\/100 psn|[from] item: Leftovers\n|-damage|p2a: Umbreon|9\/100 psn|[from] psn\n|-damage|p2a: Umbreon|0 fnt|[from] Salt Cure\n|faint|p2a: Umbreon\n|upkeep\n|\n|t:|1701115018\n|switch|p2a: Greninja|Greninja, M|100\/100\n|turn|28\n|\n|t:|1701115035\n|move|p2a: Greninja|Aerial Ace|p1a: Zamazenta\n|-start|p2a: Greninja|typechange|Flying|[from] ability: Protean\n|-damage|p1a: Zamazenta|80\/100 par\n|cant|p1a: Zamazenta|par\n|\n|upkeep\n|turn|29\n|\n|t:|1701115043\n|move|p2a: Greninja|Ice Beam|p1a: Zamazenta\n|-resisted|p1a: Zamazenta\n|-damage|p1a: Zamazenta|68\/100 par\n|move|p1a: Zamazenta|Body Slam|p2a: Greninja\n|-damage|p2a: Greninja|69\/100\n|\n|-heal|p2a: Greninja|75\/100|[from] item: Leftovers\n|upkeep\n|turn|30\n|\n|t:|1701115054\n|move|p2a: Greninja|Gunk Shot|p1a: Zamazenta\n|-immune|p1a: Zamazenta\n|cant|p1a: Zamazenta|par\n|\n|-heal|p2a: Greninja|81\/100|[from] item: Leftovers\n|upkeep\n|turn|31\n|\n|t:|1701115063\n|move|p2a: Greninja|Surf|p1a: Zamazenta\n|-damage|p1a: Zamazenta|49\/100 par\n|move|p1a: Zamazenta|Body Slam|p2a: Greninja\n|-damage|p2a: Greninja|50\/100\n|\n|-heal|p2a: Greninja|56\/100|[from] item: Leftovers\n|upkeep\n|turn|32\n|\n|t:|1701115072\n|move|p2a: Greninja|Aerial Ace|p1a: Zamazenta\n|-damage|p1a: Zamazenta|33\/100 par\n|cant|p1a: Zamazenta|par\n|\n|-heal|p2a: Greninja|62\/100|[from] item: Leftovers\n|upkeep\n|turn|33\n|\n|t:|1701115080\n|move|p2a: Greninja|Aerial Ace|p1a: Zamazenta\n|-damage|p1a: Zamazenta|17\/100 par\n|move|p1a: Zamazenta|Body Slam|p2a: Greninja\n|-damage|p2a: Greninja|27\/100\n|\n|-heal|p2a: Greninja|33\/100|[from] item: Leftovers\n|upkeep\n|turn|34\n|\n|t:|1701115090\n|move|p2a: Greninja|Aerial Ace|p1a: Zamazenta\n|-damage|p1a: Zamazenta|0 fnt\n|faint|p1a: Zamazenta\n|\n|-heal|p2a: Greninja|39\/100|[from] item: Leftovers\n|upkeep\n|\n|t:|1701115099\n|switch|p1a: Iron Hands|Iron Hands|100\/100\n|-enditem|p1a: Iron Hands|Booster Energy\n|-activate|p1a: Iron Hands|ability: Quark Drive|[fromitem]\n|-start|p1a: Iron Hands|quarkdriveatk\n|turn|35\n|\n|t:|1701115107\n|move|p2a: Greninja|Ice Beam|p1a: Iron Hands\n|-damage|p1a: Iron Hands|80\/100\n|move|p1a: Iron Hands|Thunder Punch|p2a: Greninja\n|-supereffective|p2a: Greninja\n|-damage|p2a: Greninja|0 fnt\n|faint|p2a: Greninja\n|\n|upkeep\n|\n|t:|1701115116\n|switch|p2a: Baxcalibur|Baxcalibur, F|100\/100\n|turn|36\n|\n|t:|1701115126\n|move|p2a: Baxcalibur|Crunch|p1a: Iron Hands\n|-resisted|p1a: Iron Hands\n|-damage|p1a: Iron Hands|69\/100\n|move|p1a: Iron Hands|Drain Punch|p2a: Baxcalibur\n|-supereffective|p2a: Baxcalibur\n|-damage|p2a: Baxcalibur|14\/100\n|-heal|p1a: Iron Hands|100\/100|[from] drain|[of] p2a: Baxcalibur\n|\n|upkeep\n|turn|37\n|\n|t:|1701115140\n|move|p2a: Baxcalibur|Dragon Claw|p1a: Iron Hands\n|-damage|p1a: Iron Hands|69\/100\n|move|p1a: Iron Hands|Drain Punch|p2a: Baxcalibur\n|-supereffective|p2a: Baxcalibur\n|-damage|p2a: Baxcalibur|0 fnt\n|-heal|p1a: Iron Hands|75\/100|[from] drain|[of] p2a: Baxcalibur\n|faint|p2a: Baxcalibur\n|\n|win|HansWolp\n|raw|HansWolp's rating: 1090 &rarr; <strong>1113<\/strong><br \/>(+23 for winning)\n|raw|vscddxc's rating: 1045 &rarr; <strong>1030<\/strong><br \/>(-15 for losing)\n","uploadtime":1701115157,"views":2,"p1id":"hanswolp","p2id":"vscddxc","formatid":"gen9anythinggoes","rating":1030,"private":0,"password":""}