{"id":"gen9anythinggoes-1975417306","p1":"robbobjob","p2":"YoungEsq","format":"[Gen 9] Anything Goes","log":"|j|\u2606robbobjob\n|j|\u2606YoungEsq\n|t:|1698189045\n|gametype|singles\n|player|p1|robbobjob|steven|1525\n|player|p2|YoungEsq|1|1466\n|teamsize|p1|6\n|teamsize|p2|6\n|gen|9\n|tier|[Gen 9] Anything Goes\n|rated|\n|rule|HP Percentage Mod: HP is shown in percentages\n|rule|Endless Battle Clause: Forcing endless battles is banned\n|clearpoke\n|poke|p1|Zacian-*|\n|poke|p1|Calyrex-Shadow|\n|poke|p1|Regieleki|\n|poke|p1|Koraidon|\n|poke|p1|Kyogre|\n|poke|p1|Ogerpon-Hearthflame, F|\n|poke|p2|Ting-Lu|\n|poke|p2|Gholdengo|\n|poke|p2|Roaring Moon|\n|poke|p2|Chi-Yu|\n|poke|p2|Samurott-Hisui, F|\n|poke|p2|Mandibuzz, F|\n|teampreview\n|inactive|Battle timer is ON: inactive players will automatically lose when time's up. (requested by robbobjob)\n|inactive|YoungEsq also wants the timer to be on.\n|\n|t:|1698189051\n|start\n|switch|p1a: Kyogre|Kyogre|100\/100\n|switch|p2a: Ting-Lu|Ting-Lu|100\/100\n|-weather|RainDance|[from] ability: Drizzle|[of] p1a: Kyogre\n|-ability|p2a: Ting-Lu|Vessel of Ruin\n|turn|1\n|\n|t:|1698189060\n|move|p1a: Kyogre|Water Spout|p2a: Ting-Lu\n|-supereffective|p2a: Ting-Lu\n|-damage|p2a: Ting-Lu|0 fnt\n|faint|p2a: Ting-Lu\n|\n|-weather|RainDance|[upkeep]\n|upkeep\n|\n|t:|1698189068\n|switch|p2a: Samurott|Samurott-Hisui, F|100\/100\n|turn|2\n|\n|t:|1698189073\n|move|p1a: Kyogre|Thunder|p2a: Samurott\n|-supereffective|p2a: Samurott\n|-damage|p2a: Samurott|4\/100\n|move|p2a: Samurott|Ceaseless Edge|p1a: Kyogre\n|-damage|p1a: Kyogre|60\/100\n|-sidestart|p1: robbobjob|Spikes\n|\n|-weather|RainDance|[upkeep]\n|upkeep\n|turn|3\n|\n|t:|1698189082\n|move|p2a: Samurott|Aqua Jet|p1a: Kyogre\n|-resisted|p1a: Kyogre\n|-damage|p1a: Kyogre|48\/100\n|move|p1a: Kyogre|Thunder|p2a: Samurott\n|-supereffective|p2a: Samurott\n|-damage|p2a: Samurott|0 fnt\n|faint|p2a: Samurott\n|\n|-weather|RainDance|[upkeep]\n|upkeep\n|\n|t:|1698189089\n|switch|p2a: Mandibuzz|Mandibuzz, F|100\/100\n|turn|4\n|\n|t:|1698189094\n|-terastallize|p2a: Mandibuzz|Grass\n|move|p1a: Kyogre|Thunder|p2a: Mandibuzz\n|-resisted|p2a: Mandibuzz\n|-damage|p2a: Mandibuzz|88\/100\n|-status|p2a: Mandibuzz|par\n|move|p2a: Mandibuzz|Toxic|p1a: Kyogre\n|-status|p1a: Kyogre|tox\n|\n|-weather|RainDance|[upkeep]\n|-damage|p1a: Kyogre|42\/100 tox|[from] psn\n|upkeep\n|turn|5\n|\n|t:|1698189106\n|move|p1a: Kyogre|Ice Beam|p2a: Mandibuzz\n|-supereffective|p2a: Mandibuzz\n|-damage|p2a: Mandibuzz|45\/100 par\n|move|p2a: Mandibuzz|Roost|p2a: Mandibuzz\n|-heal|p2a: Mandibuzz|95\/100 par\n|\n|-weather|none\n|-damage|p1a: Kyogre|30\/100 tox|[from] psn\n|upkeep\n|turn|6\n|\n|t:|1698189116\n|move|p1a: Kyogre|Ice Beam|p2a: Mandibuzz\n|-supereffective|p2a: Mandibuzz\n|-damage|p2a: Mandibuzz|52\/100 par\n|move|p2a: Mandibuzz|Roost|p2a: Mandibuzz\n|-heal|p2a: Mandibuzz|100\/100 par\n|\n|-damage|p1a: Kyogre|11\/100 tox|[from] psn\n|upkeep\n|turn|7\n|\n|t:|1698189125\n|switch|p1a: Regieleki|Regieleki|100\/100\n|move|p2a: Mandibuzz|Foul Play|p1a: Regieleki\n|-damage|p1a: Regieleki|39\/100\n|\n|upkeep\n|turn|8\n|\n|t:|1698189134\n|-terastallize|p1a: Regieleki|Ice\n|move|p1a: Regieleki|Tera Blast|p2a: Mandibuzz|[anim] Tera Blast Ice\n|-supereffective|p2a: Mandibuzz\n|-damage|p2a: Mandibuzz|60\/100 par\n|move|p2a: Mandibuzz|Foul Play|p1a: Regieleki\n|-damage|p1a: Regieleki|0 fnt\n|faint|p1a: Regieleki\n|\n|upkeep\n|\n|t:|1698189141\n|switch|p1a: Ogerpon|Ogerpon-Hearthflame, F|100\/100\n|-damage|p1a: Ogerpon|88\/100|[from] Spikes\n|-ability|p1a: Ogerpon|Mold Breaker\n|turn|9\n|\n|t:|1698189147\n|move|p1a: Ogerpon|Ivy Cudgel|p2a: Mandibuzz\n|-supereffective|p2a: Mandibuzz\n|-damage|p2a: Mandibuzz|0 fnt\n|faint|p2a: Mandibuzz\n|\n|upkeep\n|\n|t:|1698189159\n|switch|p2a: Roaring Moon|Roaring Moon|100\/100\n|-enditem|p2a: Roaring Moon|Booster Energy\n|-activate|p2a: Roaring Moon|ability: Protosynthesis|[fromitem]\n|-start|p2a: Roaring Moon|protosynthesisatk\n|turn|10\n|\n|t:|1698189180\n|move|p2a: Roaring Moon|Dragon Dance|p2a: Roaring Moon\n|-boost|p2a: Roaring Moon|atk|1\n|-boost|p2a: Roaring Moon|spe|1\n|move|p1a: Ogerpon|Knock Off|p2a: Roaring Moon\n|-resisted|p2a: Roaring Moon\n|-damage|p2a: Roaring Moon|83\/100\n|\n|upkeep\n|turn|11\n|\n|t:|1698189188\n|switch|p1a: Zacian|Zacian-Crowned|100\/100\n|-damage|p1a: Zacian|88\/100|[from] Spikes\n|-ability|p1a: Zacian|Intrepid Sword|boost\n|-boost|p1a: Zacian|atk|1\n|move|p2a: Roaring Moon|Acrobatics|p1a: Zacian\n|-resisted|p1a: Zacian\n|-damage|p1a: Zacian|52\/100\n|\n|upkeep\n|turn|12\n|\n|t:|1698189199\n|move|p2a: Roaring Moon|Iron Head|p1a: Zacian\n|-damage|p1a: Zacian|0 fnt\n|faint|p1a: Zacian\n|\n|upkeep\n|\n|t:|1698189204\n|switch|p1a: Koraidon|Koraidon|100\/100\n|-damage|p1a: Koraidon|88\/100|[from] Spikes\n|-weather|SunnyDay|[from] ability: Orichalcum Pulse|[of] p1a: Koraidon\n|-activate|p1a: Koraidon|Orichalcum Pulse|[source]\n|turn|13\n|\n|t:|1698189214\n|move|p1a: Koraidon|Collision Course|p2a: Roaring Moon\n|-supereffective|p2a: Roaring Moon\n|-damage|p2a: Roaring Moon|0 fnt\n|faint|p2a: Roaring Moon\n|-end|p2a: Roaring Moon|Protosynthesis|[silent]\n|\n|-weather|SunnyDay|[upkeep]\n|upkeep\n|\n|t:|1698189220\n|switch|p2a: Gholdengo|Gholdengo|100\/100\n|-item|p2a: Gholdengo|Air Balloon\n|turn|14\n|\n|t:|1698189225\n|switch|p1a: Kyogre|Kyogre|11\/100 tox\n|-damage|p1a: Kyogre|0 fnt|[from] Spikes\n|faint|p1a: Kyogre\n|move|p2a: Gholdengo|Nasty Plot|p2a: Gholdengo\n|-boost|p2a: Gholdengo|spa|2\n|\n|-weather|SunnyDay|[upkeep]\n|upkeep\n|\n|t:|1698189234\n|switch|p1a: Koraidon|Koraidon|88\/100\n|-damage|p1a: Koraidon|76\/100|[from] Spikes\n|-activate|p1a: Koraidon|ability: Orichalcum Pulse\n|turn|15\n|\n|t:|1698189239\n|move|p1a: Koraidon|Flare Blitz|p2a: Gholdengo\n|-supereffective|p2a: Gholdengo\n|-damage|p2a: Gholdengo|0 fnt\n|-enditem|p2a: Gholdengo|Air Balloon\n|faint|p2a: Gholdengo\n|-damage|p1a: Koraidon|45\/100|[from] Recoil\n|\n|-weather|SunnyDay|[upkeep]\n|upkeep\n|\n|t:|1698189242\n|switch|p2a: Chi-Yu|Chi-Yu|100\/100\n|-ability|p2a: Chi-Yu|Beads of Ruin\n|turn|16\n|\n|t:|1698189249\n|move|p1a: Koraidon|Flare Blitz|p2a: Chi-Yu\n|-resisted|p2a: Chi-Yu\n|-damage|p2a: Chi-Yu|24\/100\n|-damage|p1a: Koraidon|27\/100|[from] Recoil\n|move|p2a: Chi-Yu|Dark Pulse|p1a: Koraidon\n|-resisted|p1a: Koraidon\n|-damage|p1a: Koraidon|0 fnt\n|faint|p1a: Koraidon\n|\n|-weather|SunnyDay|[upkeep]\n|upkeep\n|\n|t:|1698189258\n|switch|p1a: Calyrex|Calyrex-Shadow|100\/100\n|-ability|p1a: Calyrex|As One\n|-ability|p1a: Calyrex|Unnerve\n|-damage|p1a: Calyrex|88\/100|[from] Spikes\n|turn|17\n|\n|t:|1698189264\n|move|p2a: Chi-Yu|Dark Pulse|p1a: Calyrex\n|-supereffective|p1a: Calyrex\n|-damage|p1a: Calyrex|0 fnt\n|faint|p1a: Calyrex\n|\n|-weather|none\n|upkeep\n|\n|t:|1698189269\n|switch|p1a: Ogerpon|Ogerpon-Hearthflame, F|88\/100\n|-damage|p1a: Ogerpon|76\/100|[from] Spikes\n|-ability|p1a: Ogerpon|Mold Breaker\n|turn|18\n|\n|t:|1698189273\n|move|p2a: Chi-Yu|Dark Pulse|p1a: Ogerpon\n|-crit|p1a: Ogerpon\n|-damage|p1a: Ogerpon|0 fnt\n|faint|p1a: Ogerpon\n|\n|win|YoungEsq\n|raw|robbobjob's rating: 1525 &rarr; <strong>1502<\/strong><br \/>(-23 for losing)\n|raw|YoungEsq's rating: 1466 &rarr; <strong>1489<\/strong><br \/>(+23 for winning)\n|l|\u2606robbobjob\n","uploadtime":1698189278,"views":5,"p1id":"robbobjob","p2id":"youngesq","formatid":"gen9anythinggoes","rating":1489,"private":0,"password":""}