{"id":"gen9anythinggoes-1984950137","p1":"ExLight","p2":"we up","format":"[Gen 9] Anything Goes","log":"|j|\u2606ExLight\n|j|\u2606we up\n|inactive|Battle timer is ON: inactive players will automatically lose when time's up.\n|t:|1699313946\n|gametype|singles\n|player|p1|ExLight|winona|\n|player|p2|we up|caitlin-masters|\n|teamsize|p1|6\n|teamsize|p2|6\n|gen|9\n|tier|[Gen 9] Anything Goes\n|rated|Tournament battle\n|rule|HP Percentage Mod: HP is shown in percentages\n|rule|Endless Battle Clause: Forcing endless battles is banned\n|rule|Force of the Fallen Mod: Pok&\u00e9mon pass the move in their last moveslot to their allies when they're KOed\n|rule|Sleep Moves Clause: Sleep-inducing moves are banned\n|rule|Species Clause: Limit one of each Pok\u00e9mon\n|rule|OHKO Clause: OHKO moves are banned\n|rule|Evasion Moves Clause: Evasion moves are banned\n|rule|Terastal Clause: You cannot Terastallize\n|clearpoke\n|poke|p1|Sableye, M|\n|poke|p1|Gliscor, M|\n|poke|p1|Garganacl, M|\n|poke|p1|Scream Tail|\n|poke|p1|Sinistcha-Masterpiece|\n|poke|p1|Grafaiai, F|\n|poke|p2|Glimmora, M|\n|poke|p2|Gholdengo|\n|poke|p2|Toxtricity, F|\n|poke|p2|Ursaluna, F|\n|poke|p2|Hoopa-Unbound|\n|poke|p2|Dragonite, M|\n|teampreview\n|inactive|we up also wants the timer to be on.\n|c|\u2606ExLight|gl hf!\n|\n|t:|1699313970\n|start\n|switch|p1a: Gliscor|Gliscor, M|100\/100\n|switch|p2a: Glimmora|Glimmora, M|100\/100\n|turn|1\n|c|\u2606we up|hf\n|\n|t:|1699313976\n|move|p2a: Glimmora|Stealth Rock|p1a: Gliscor\n|-sidestart|p1: ExLight|move: Stealth Rock\n|move|p1a: Gliscor|Earthquake|p2a: Glimmora\n|-supereffective|p2a: Glimmora\n|-enditem|p2a: Glimmora|Focus Sash\n|-damage|p2a: Glimmora|1\/100\n|-activate|p2a: Glimmora|ability: Toxic Debris\n|-sidestart|p1: ExLight|move: Toxic Spikes\n|\n|-status|p1a: Gliscor|tox|[from] item: Toxic Orb\n|upkeep\n|turn|2\n|j| iknowup\n|\n|t:|1699313988\n|switch|p2a: Gholdengo|Gholdengo|100\/100\n|-item|p2a: Gholdengo|Air Balloon\n|move|p1a: Gliscor|Earthquake|p2a: Gholdengo\n|-immune|p2a: Gholdengo\n|\n|upkeep\n|turn|3\n|\n|t:|1699314001\n|switch|p1a: Grafaiai|Grafaiai, F|100\/100\n|-damage|p1a: Grafaiai|88\/100|[from] Stealth Rock\n|-sideend|p1: ExLight|move: Toxic Spikes|[of] p1a: Grafaiai\n|move|p2a: Gholdengo|Shadow Ball|p1a: Grafaiai\n|-immune|p1a: Grafaiai\n|\n|upkeep\n|turn|4\n|\n|t:|1699314007\n|move|p1a: Grafaiai|Acrobatics|p2a: Gholdengo\n|-resisted|p2a: Gholdengo\n|-damage|p2a: Gholdengo|95\/100\n|-enditem|p2a: Gholdengo|Air Balloon\n|move|p2a: Gholdengo|Make It Rain|p1a: Grafaiai\n|-damage|p1a: Grafaiai|5\/100\n|-unboost|p2a: Gholdengo|spa|1\n|\n|upkeep\n|turn|5\n|\n|t:|1699314016\n|move|p1a: Grafaiai|Acrobatics|p2a: Gholdengo\n|-resisted|p2a: Gholdengo\n|-damage|p2a: Gholdengo|89\/100\n|move|p2a: Gholdengo|Nasty Plot|p2a: Gholdengo\n|-boost|p2a: Gholdengo|spa|2\n|\n|upkeep\n|turn|6\n|\n|t:|1699314020\n|move|p1a: Grafaiai|Acrobatics|p2a: Gholdengo\n|-resisted|p2a: Gholdengo\n|-damage|p2a: Gholdengo|83\/100\n|move|p2a: Gholdengo|Nasty Plot|p2a: Gholdengo\n|-boost|p2a: Gholdengo|spa|2\n|\n|upkeep\n|turn|7\n|\n|t:|1699314032\n|move|p1a: Grafaiai|Swords Dance|p1a: Grafaiai\n|-boost|p1a: Grafaiai|atk|2\n|move|p2a: Gholdengo|Make It Rain|p1a: Grafaiai\n|-damage|p1a: Grafaiai|0 fnt\n|-unboost|p2a: Gholdengo|spa|1\n|faint|p1a: Grafaiai\n|\n|upkeep\n|\n|t:|1699314034\n|switch|p1a: Gliscor|Gliscor, M|100\/100 tox\n|-damage|p1a: Gliscor|88\/100 tox|[from] Stealth Rock\n|turn|8\n|\n|t:|1699314051\n|move|p1a: Gliscor|Earthquake|p2a: Gholdengo\n|-supereffective|p2a: Gholdengo\n|-damage|p2a: Gholdengo|37\/100\n|move|p2a: Gholdengo|Make It Rain|p1a: Gliscor\n|-damage|p1a: Gliscor|0 fnt\n|-unboost|p2a: Gholdengo|spa|1\n|faint|p1a: Gliscor\n|\n|upkeep\n|\n|t:|1699314072\n|switch|p1a: Sinistcha|Sinistcha-Masterpiece|100\/100\n|-damage|p1a: Sinistcha|88\/100|[from] Stealth Rock\n|turn|9\n|c|\u2606ExLight|I hate gholdengo so much lol\n|c|\u2606ExLight|gg\n|\n|t:|1699314091\n|move|p2a: Gholdengo|Shadow Ball|p1a: Sinistcha\n|-supereffective|p1a: Sinistcha\n|-damage|p1a: Sinistcha|0 fnt\n|faint|p1a: Sinistcha\n|\n|upkeep\n|c|\u2606we up|gg\n|\n|t:|1699314101\n|switch|p1a: Sableye|Sableye, M|100\/100\n|-damage|p1a: Sableye|88\/100|[from] Stealth Rock\n|turn|10\n|\n|t:|1699314107\n|move|p2a: Gholdengo|Make It Rain|p1a: Sableye\n|-damage|p1a: Sableye|1\/100\n|-unboost|p2a: Gholdengo|spa|1\n|move|p1a: Sableye|Knock Off|p2a: Gholdengo\n|-supereffective|p2a: Gholdengo\n|-damage|p2a: Gholdengo|15\/100\n|\n|-heal|p1a: Sableye|7\/100|[from] item: Leftovers\n|upkeep\n|turn|11\n|\n|t:|1699314115\n|move|p1a: Sableye|Disable|p2a: Gholdengo\n|-immune|p2a: Gholdengo|[from] ability: Good as Gold\n|move|p2a: Gholdengo|Recover|p2a: Gholdengo\n|-heal|p2a: Gholdengo|65\/100\n|\n|-heal|p1a: Sableye|13\/100|[from] item: Leftovers\n|upkeep\n|turn|12\n|\n|t:|1699314122\n|switch|p1a: Garganacl|Garganacl, M|100\/100\n|-damage|p1a: Garganacl|88\/100|[from] Stealth Rock\n|move|p2a: Gholdengo|Nasty Plot|p2a: Gholdengo\n|-boost|p2a: Gholdengo|spa|2\n|\n|-heal|p1a: Garganacl|94\/100|[from] item: Leftovers\n|upkeep\n|turn|13\n|\n|t:|1699314126\n|move|p2a: Gholdengo|Make It Rain|p1a: Garganacl\n|-supereffective|p1a: Garganacl\n|-damage|p1a: Garganacl|0 fnt\n|-unboost|p2a: Gholdengo|spa|1\n|faint|p1a: Garganacl\n|\n|upkeep\n|\n|t:|1699314133\n|switch|p1a: Scream Tail|Scream Tail|100\/100\n|-damage|p1a: Scream Tail|88\/100|[from] Stealth Rock\n|turn|14\n|inactive|we up has 120 seconds left.\n|\n|t:|1699314168\n|move|p1a: Scream Tail|Perish Song|p1a: Scream Tail\n|-start|p1a: Scream Tail|perish3|[silent]\n|-immune|p2a: Gholdengo|[from] ability: Good as Gold\n|-fieldactivate|move: Perish Song\n|move|p2a: Gholdengo|Shadow Ball|p1a: Scream Tail\n|-supereffective|p1a: Scream Tail\n|-damage|p1a: Scream Tail|13\/100\n|\n|-heal|p1a: Scream Tail|20\/100|[from] item: Leftovers\n|-start|p1a: Scream Tail|perish3\n|upkeep\n|turn|15\n|\n|t:|1699314179\n|move|p1a: Scream Tail|Salt Cure|p2a: Gholdengo\n|-resisted|p2a: Gholdengo\n|-damage|p2a: Gholdengo|63\/100\n|-start|p2a: Gholdengo|Salt Cure\n|move|p2a: Gholdengo|Nasty Plot|p2a: Gholdengo\n|-boost|p2a: Gholdengo|spa|2\n|\n|-heal|p1a: Scream Tail|26\/100|[from] item: Leftovers\n|-damage|p2a: Gholdengo|38\/100|[from] Salt Cure\n|-start|p1a: Scream Tail|perish2\n|upkeep\n|turn|16\n|\n|t:|1699314184\n|move|p1a: Scream Tail|Strength Sap|p2a: Gholdengo\n|-immune|p2a: Gholdengo|[from] ability: Good as Gold\n|move|p2a: Gholdengo|Shadow Ball|p1a: Scream Tail\n|-supereffective|p1a: Scream Tail\n|-damage|p1a: Scream Tail|0 fnt\n|faint|p1a: Scream Tail\n|-end|p1a: Scream Tail|Protosynthesis|[silent]\n|\n|-damage|p2a: Gholdengo|13\/100|[from] Salt Cure\n|upkeep\n|\n|t:|1699314186\n|switch|p1a: Sableye|Sableye, M|13\/100\n|-damage|p1a: Sableye|1\/100|[from] Stealth Rock\n|turn|17\n|\n|t:|1699314191\n|move|p1a: Sableye|Strength Sap|p2a: Gholdengo\n|-immune|p2a: Gholdengo|[from] ability: Good as Gold\n|move|p2a: Gholdengo|Make It Rain|p1a: Sableye\n|-damage|p1a: Sableye|0 fnt\n|-unboost|p2a: Gholdengo|spa|1\n|faint|p1a: Sableye\n|\n|win|we up\n|n|\u2606ExLight|exlight\n|n|\u2606we up|weup\n|n| iknowup|iknowup\n|c|\u2606we up|gg\n|l|\u2606we up\n|c|\u2606ExLight|gg\n|l|\u2606ExLight\n","uploadtime":1699314192,"views":4,"p1id":"exlight","p2id":"weup","formatid":"gen9anythinggoes","rating":0,"private":0,"password":""}