{"id":"gen9anythinggoes-1992476425","p1":"NostalgicSky","p2":"Jamelisgod","format":"[Gen 9] Anything Goes","log":"|j|\u2606NostalgicSky\n|j|\u2606Jamelisgod\n|t:|1700192317\n|gametype|singles\n|player|p1|NostalgicSky|clair|1297\n|player|p2|Jamelisgod|265|1288\n|teamsize|p1|6\n|teamsize|p2|6\n|gen|9\n|tier|[Gen 9] Anything Goes\n|rated|\n|rule|HP Percentage Mod: HP is shown in percentages\n|rule|Endless Battle Clause: Forcing endless battles is banned\n|clearpoke\n|poke|p1|Azumarill, F|\n|poke|p1|Vaporeon, M|\n|poke|p1|Cloyster, M|\n|poke|p1|Quagsire, F|\n|poke|p1|Slowking, M|\n|poke|p1|Crawdaunt, F|\n|poke|p2|Quaquaval, F|\n|poke|p2|Iron Hands|\n|poke|p2|Miraidon|\n|poke|p2|Kommo-o, M|\n|poke|p2|Walking Wake|\n|poke|p2|Grimmsnarl, M|\n|teampreview\n|\n|t:|1700192329\n|start\n|switch|p1a: Cloyster|Cloyster, M|100\/100\n|switch|p2a: Grimmsnarl|Grimmsnarl, M|100\/100\n|turn|1\n|\n|t:|1700192343\n|switch|p1a: Vaporeon|Vaporeon, M|100\/100\n|move|p2a: Grimmsnarl|Spirit Break|p1a: Vaporeon\n|-damage|p1a: Vaporeon|63\/100\n|-unboost|p1a: Vaporeon|spa|1\n|\n|upkeep\n|turn|2\n|\n|t:|1700192351\n|move|p2a: Grimmsnarl|Thunder Wave|p1a: Vaporeon\n|-status|p1a: Vaporeon|par\n|-enditem|p1a: Vaporeon|Lum Berry|[eat]\n|-curestatus|p1a: Vaporeon|par|[msg]\n|move|p1a: Vaporeon|Yawn|p2a: Grimmsnarl\n|-start|p2a: Grimmsnarl|move: Yawn|[of] p1a: Vaporeon\n|\n|upkeep\n|turn|3\n|\n|t:|1700192361\n|switch|p2a: Quaquaval|Quaquaval, F|100\/100\n|move|p1a: Vaporeon|Substitute|p1a: Vaporeon\n|-start|p1a: Vaporeon|Substitute\n|-damage|p1a: Vaporeon|38\/100\n|\n|upkeep\n|turn|4\n|\n|t:|1700192368\n|move|p2a: Quaquaval|Flip Turn|p1a: Vaporeon\n|-heal|p1a: Vaporeon|63\/100|[from] ability: Water Absorb|[of] p2a: Quaquaval\n|move|p1a: Vaporeon|Yawn|p2a: Quaquaval\n|-start|p2a: Quaquaval|move: Yawn|[of] p1a: Vaporeon\n|\n|upkeep\n|turn|5\n|\n|t:|1700192382\n|switch|p2a: Miraidon|Miraidon|100\/100\n|-fieldstart|move: Electric Terrain|[from] ability: Hadron Engine|[of] p2a: Miraidon\n|move|p1a: Vaporeon|Yawn|p2a: Miraidon\n|-activate|p2a: Miraidon|move: Electric Terrain\n|\n|upkeep\n|turn|6\n|\n|t:|1700192397\n|move|p2a: Miraidon|Electro Drift|p1a: Vaporeon\n|-supereffective|p1a: Vaporeon\n|-end|p1a: Vaporeon|Substitute\n|move|p1a: Vaporeon|Baton Pass|p1a: Vaporeon\n|\n|t:|1700192403\n|switch|p1a: Cloyster|Cloyster, M|100\/100|[from] Baton Pass\n|\n|upkeep\n|turn|7\n|\n|t:|1700192409\n|-terastallize|p1a: Cloyster|Ground\n|move|p2a: Miraidon|Volt Switch|p1a: Cloyster\n|-immune|p1a: Cloyster\n|move|p1a: Cloyster|Shell Smash|p1a: Cloyster\n|-unboost|p1a: Cloyster|def|1\n|-unboost|p1a: Cloyster|spd|1\n|-boost|p1a: Cloyster|atk|2\n|-boost|p1a: Cloyster|spa|2\n|-boost|p1a: Cloyster|spe|2\n|\n|upkeep\n|turn|8\n|inactive|Battle timer is ON: inactive players will automatically lose when time's up. (requested by NostalgicSky)\n|inactive|NostalgicSky has 120 seconds left.\n|\n|t:|1700192491\n|move|p1a: Cloyster|Icicle Spear|p2a: Miraidon\n|-supereffective|p2a: Miraidon\n|-damage|p2a: Miraidon|54\/100\n|-supereffective|p2a: Miraidon\n|-damage|p2a: Miraidon|8\/100\n|-supereffective|p2a: Miraidon\n|-damage|p2a: Miraidon|0 fnt\n|faint|p2a: Miraidon\n|-hitcount|p2: Miraidon|3\n|\n|upkeep\n|\n|t:|1700192499\n|switch|p2a: Kommo-o|Kommo-o, M, shiny|100\/100\n|turn|9\n|\n|t:|1700192509\n|-terastallize|p2a: Kommo-o|Steel\n|move|p1a: Cloyster|Icicle Spear|p2a: Kommo-o\n|-resisted|p2a: Kommo-o\n|-damage|p2a: Kommo-o|89\/100\n|-resisted|p2a: Kommo-o\n|-crit|p2a: Kommo-o\n|-damage|p2a: Kommo-o|70\/100\n|-resisted|p2a: Kommo-o\n|-crit|p2a: Kommo-o\n|-damage|p2a: Kommo-o|52\/100\n|-resisted|p2a: Kommo-o\n|-damage|p2a: Kommo-o|41\/100\n|-resisted|p2a: Kommo-o\n|-damage|p2a: Kommo-o|29\/100\n|-hitcount|p2a: Kommo-o|5\n|move|p2a: Kommo-o|Scale Shot|p1a: Cloyster\n|-damage|p1a: Cloyster|83\/100\n|-damage|p1a: Cloyster|68\/100\n|-damage|p1a: Cloyster|52\/100\n|-damage|p1a: Cloyster|37\/100\n|-damage|p1a: Cloyster|21\/100\n|-hitcount|p1a: Cloyster|5\n|-unboost|p2a: Kommo-o|def|1\n|-boost|p2a: Kommo-o|spe|1\n|\n|-fieldend|move: Electric Terrain\n|upkeep\n|turn|10\n|\n|t:|1700192529\n|move|p1a: Cloyster|Icicle Spear|p2a: Kommo-o\n|-resisted|p2a: Kommo-o\n|-damage|p2a: Kommo-o|13\/100\n|-resisted|p2a: Kommo-o\n|-damage|p2a: Kommo-o|0 fnt\n|faint|p2a: Kommo-o\n|-hitcount|p2: Kommo-o|2\n|\n|upkeep\n|\n|t:|1700192534\n|switch|p2a: Iron Hands|Iron Hands|100\/100\n|turn|11\n|\n|t:|1700192540\n|move|p2a: Iron Hands|Fake Out|p1a: Cloyster\n|-damage|p1a: Cloyster|2\/100\n|cant|p1a: Cloyster|flinch\n|\n|upkeep\n|turn|12\n|\n|t:|1700192546\n|-end|p2a: Iron Hands|Quark Drive|[silent]\n|switch|p2a: Grimmsnarl|Grimmsnarl, M|100\/100\n|move|p1a: Cloyster|Rock Blast|p2a: Grimmsnarl\n|-damage|p2a: Grimmsnarl|81\/100\n|-damage|p2a: Grimmsnarl|61\/100\n|-damage|p2a: Grimmsnarl|43\/100\n|-damage|p2a: Grimmsnarl|25\/100\n|-damage|p2a: Grimmsnarl|5\/100\n|-hitcount|p2a: Grimmsnarl|5\n|\n|upkeep\n|turn|13\n|\n|t:|1700192562\n|move|p2a: Grimmsnarl|Light Screen|p2a: Grimmsnarl\n|-sidestart|p2: Jamelisgod|move: Light Screen\n|move|p1a: Cloyster|Icicle Spear|p2a: Grimmsnarl\n|-damage|p2a: Grimmsnarl|0 fnt\n|faint|p2a: Grimmsnarl\n|-hitcount|p2: Grimmsnarl|1\n|\n|upkeep\n|\n|t:|1700192567\n|switch|p2a: Iron Hands|Iron Hands|100\/100\n|turn|14\n|\n|t:|1700192576\n|move|p2a: Iron Hands|Fake Out|p1a: Cloyster\n|-damage|p1a: Cloyster|0 fnt\n|faint|p1a: Cloyster\n|\n|upkeep\n|\n|t:|1700192585\n|switch|p1a: Slowking|Slowking, M|100\/100\n|turn|15\n|\n|t:|1700192594\n|move|p2a: Iron Hands|Wild Charge|p1a: Slowking\n|-supereffective|p1a: Slowking\n|-damage|p1a: Slowking|0 fnt\n|faint|p1a: Slowking\n|-damage|p2a: Iron Hands|82\/100|[from] Recoil\n|\n|upkeep\n|\n|t:|1700192601\n|switch|p1a: Quagsire|Quagsire, F|100\/100\n|turn|16\n|\n|t:|1700192609\n|move|p2a: Iron Hands|Heavy Slam|p1a: Quagsire\n|-resisted|p1a: Quagsire\n|-damage|p1a: Quagsire|84\/100\n|move|p1a: Quagsire|Earthquake|p2a: Iron Hands\n|-supereffective|p2a: Iron Hands\n|-damage|p2a: Iron Hands|40\/100\n|\n|upkeep\n|turn|17\n|\n|t:|1700192627\n|-end|p2a: Iron Hands|Quark Drive|[silent]\n|switch|p2a: Walking Wake|Walking Wake|100\/100\n|move|p1a: Quagsire|Earthquake|p2a: Walking Wake\n|-damage|p2a: Walking Wake|69\/100\n|\n|upkeep\n|turn|18\n|\n|t:|1700192635\n|move|p2a: Walking Wake|Dragon Pulse|p1a: Quagsire\n|-damage|p1a: Quagsire|27\/100\n|move|p1a: Quagsire|Earthquake|p2a: Walking Wake\n|-damage|p2a: Walking Wake|35\/100\n|\n|upkeep\n|turn|19\n|\n|t:|1700192648\n|switch|p1a: Vaporeon|Vaporeon, M|63\/100\n|move|p2a: Walking Wake|Dragon Pulse|p1a: Vaporeon\n|-damage|p1a: Vaporeon|28\/100\n|\n|upkeep\n|turn|20\n|\n|t:|1700192657\n|move|p2a: Walking Wake|Dragon Pulse|p1a: Vaporeon\n|-damage|p1a: Vaporeon|0 fnt\n|faint|p1a: Vaporeon\n|\n|-sideend|p2: Jamelisgod|move: Light Screen\n|upkeep\n|\n|t:|1700192661\n|switch|p1a: Crawdaunt|Crawdaunt, F|100\/100\n|turn|21\n|\n|t:|1700192674\n|move|p2a: Walking Wake|Dragon Pulse|p1a: Crawdaunt\n|-damage|p1a: Crawdaunt|9\/100\n|move|p1a: Crawdaunt|Swords Dance|p1a: Crawdaunt\n|-boost|p1a: Crawdaunt|atk|2\n|\n|upkeep\n|turn|22\n|\n|t:|1700192680\n|move|p1a: Crawdaunt|Aqua Jet|p2a: Walking Wake\n|-resisted|p2a: Walking Wake\n|-damage|p2a: Walking Wake|20\/100\n|move|p2a: Walking Wake|Dragon Pulse|p1a: Crawdaunt\n|-damage|p1a: Crawdaunt|0 fnt\n|faint|p1a: Crawdaunt\n|\n|upkeep\n|\n|t:|1700192688\n|switch|p1a: Azumarill|Azumarill, F|100\/100\n|turn|23\n|\n|t:|1700192704\n|move|p2a: Walking Wake|Hydro Steam|p1a: Azumarill\n|-resisted|p1a: Azumarill\n|-damage|p1a: Azumarill|77\/100\n|move|p1a: Azumarill|Belly Drum|p1a: Azumarill\n|-damage|p1a: Azumarill|27\/100\n|-setboost|p1a: Azumarill|atk|6|[from] move: Belly Drum\n|\n|upkeep\n|turn|24\n|\n|t:|1700192714\n|move|p2a: Walking Wake|Hydro Steam|p1a: Azumarill\n|-resisted|p1a: Azumarill\n|-damage|p1a: Azumarill|5\/100\n|move|p1a: Azumarill|Play Rough|p2a: Walking Wake\n|-supereffective|p2a: Walking Wake\n|-damage|p2a: Walking Wake|0 fnt\n|faint|p2a: Walking Wake\n|-end|p2a: Walking Wake|Protosynthesis|[silent]\n|\n|upkeep\n|\n|t:|1700192720\n|switch|p2a: Iron Hands|Iron Hands|40\/100\n|turn|25\n|\n|t:|1700192723\n|move|p2a: Iron Hands|Fake Out|p1a: Azumarill\n|-damage|p1a: Azumarill|0 fnt\n|faint|p1a: Azumarill\n|\n|upkeep\n|\n|t:|1700192727\n|switch|p1a: Quagsire|Quagsire, F|27\/100\n|turn|26\n|\n|t:|1700192732\n|move|p2a: Iron Hands|Drain Punch|p1a: Quagsire\n|-damage|p1a: Quagsire|0 fnt\n|-heal|p2a: Iron Hands|52\/100|[from] drain|[of] p1a: Quagsire\n|faint|p1a: Quagsire\n|\n|win|Jamelisgod\n|raw|NostalgicSky's rating: 1297 &rarr; <strong>1273<\/strong><br \/>(-24 for losing)\n|raw|Jamelisgod's rating: 1317 &rarr; <strong>1336<\/strong><br \/>(+19 for winning)\n|c|\u2606Jamelisgod|Gg\n|c|\u2606NostalgicSky|gg\n|l|\u2606NostalgicSky\n","uploadtime":1700192754,"views":7,"p1id":"nostalgicsky","p2id":"jamelisgod","formatid":"gen9anythinggoes","rating":1273,"private":0,"password":""}