{"id":"gen9anythinggoes-1983356354","p1":"ChimeBliss","p2":"MoldyGG","format":"[Gen 9] Anything Goes","log":"|j|\u2606ChimeBliss\n|j|\u2606MoldyGG\n|t:|1699121557\n|gametype|singles\n|player|p1|ChimeBliss|bianca-pwt|1468\n|player|p2|MoldyGG|elesa-gen5bw2|1604\n|teamsize|p1|6\n|teamsize|p2|6\n|gen|9\n|tier|[Gen 9] Anything Goes\n|rated|\n|rule|HP Percentage Mod: HP is shown in percentages\n|rule|Endless Battle Clause: Forcing endless battles is banned\n|clearpoke\n|poke|p1|Grimmsnarl, M|\n|poke|p1|Glimmora, M|\n|poke|p1|Arceus|\n|poke|p1|Arceus-Ground|\n|poke|p1|Koraidon|\n|poke|p1|Calyrex-Shadow|\n|poke|p2|Miraidon|\n|poke|p2|Calyrex-Shadow|\n|poke|p2|Miraidon|\n|poke|p2|Arceus|\n|poke|p2|Glimmora, F|\n|poke|p2|Zacian-*|\n|teampreview\n|inactive|Battle timer is ON: inactive players will automatically lose when time's up. (requested by ChimeBliss)\n|inactive|MoldyGG has 120 seconds left.\n|\n|t:|1699121599\n|start\n|switch|p1a: Glimmora|Glimmora, M|100\/100\n|switch|p2a: Miraidon|Miraidon|100\/100\n|-fieldstart|move: Electric Terrain|[from] ability: Hadron Engine|[of] p2a: Miraidon\n|turn|1\n|\n|t:|1699121611\n|move|p2a: Miraidon|Volt Switch|p1a: Glimmora\n|-damage|p1a: Glimmora|11\/100\n|\n|t:|1699121614\n|switch|p2a: Glimmora|Glimmora, F|100\/100|[from] Volt Switch\n|move|p1a: Glimmora|Spikes|p2a: Glimmora\n|-sidestart|p2: MoldyGG|Spikes\n|\n|upkeep\n|turn|2\n|\n|t:|1699121616\n|move|p2a: Glimmora|Mortal Spin|p1a: Glimmora\n|-resisted|p1a: Glimmora\n|-crit|p1a: Glimmora\n|-damage|p1a: Glimmora|8\/100\n|-activate|p1a: Glimmora|ability: Toxic Debris\n|-sidestart|p2: MoldyGG|move: Toxic Spikes\n|-sideend|p2: MoldyGG|Spikes|[from] move: Mortal Spin|[of] p2a: Glimmora\n|-sideend|p2: MoldyGG|Toxic Spikes|[from] move: Mortal Spin|[of] p2a: Glimmora\n|move|p1a: Glimmora|Mud Shot|p2a: Glimmora\n|-supereffective|p2a: Glimmora\n|-enditem|p2a: Glimmora|Focus Sash\n|-damage|p2a: Glimmora|1\/100\n|-unboost|p2a: Glimmora|spe|1\n|\n|upkeep\n|turn|3\n|\n|t:|1699121626\n|switch|p2a: Miraidon|Miraidon|100\/100\n|-activate|p2a: Miraidon|ability: Hadron Engine\n|move|p1a: Glimmora|Mortal Spin|p2a: Miraidon\n|-damage|p2a: Miraidon|95\/100\n|-status|p2a: Miraidon|psn\n|\n|-damage|p2a: Miraidon|83\/100 psn|[from] psn\n|upkeep\n|turn|4\n|\n|t:|1699121635\n|move|p2a: Miraidon|Draco Meteor|p1a: Glimmora\n|-damage|p1a: Glimmora|0 fnt\n|-unboost|p2a: Miraidon|spa|2\n|faint|p1a: Glimmora\n|\n|-damage|p2a: Miraidon|70\/100 psn|[from] psn\n|upkeep\n|\n|t:|1699121640\n|switch|p1a: Arceus|Arceus-Ground|100\/100\n|turn|5\n|\n|t:|1699121643\n|switch|p2a: Glimmora|Glimmora, F|1\/100\n|move|p1a: Arceus|Dragon Dance|p1a: Arceus\n|-boost|p1a: Arceus|atk|1\n|-boost|p1a: Arceus|spe|1\n|\n|-fieldend|move: Electric Terrain\n|upkeep\n|turn|6\n|\n|t:|1699121653\n|move|p1a: Arceus|Tera Blast|p2a: Glimmora\n|-resisted|p2a: Glimmora\n|-crit|p2a: Glimmora\n|-damage|p2a: Glimmora|0 fnt\n|faint|p2a: Glimmora\n|\n|upkeep\n|\n|t:|1699121658\n|switch|p2a: Calyrex|Calyrex-Shadow|100\/100\n|-ability|p2a: Calyrex|As One\n|-ability|p2a: Calyrex|Unnerve\n|turn|7\n|\n|t:|1699121666\n|move|p1a: Arceus|Earthquake|p2a: Calyrex\n|-enditem|p2a: Calyrex|Focus Sash\n|-damage|p2a: Calyrex|1\/100\n|move|p2a: Calyrex|Grass Knot|p1a: Arceus\n|-supereffective|p1a: Arceus\n|-damage|p1a: Arceus|26\/100\n|\n|upkeep\n|turn|8\n|\n|t:|1699121672\n|move|p1a: Arceus|Earthquake|p2a: Calyrex\n|-damage|p2a: Calyrex|0 fnt\n|faint|p2a: Calyrex\n|\n|upkeep\n|\n|t:|1699121674\n|switch|p2a: Arceus|Arceus|100\/100\n|turn|9\n|\n|t:|1699121681\n|move|p2a: Arceus|Extreme Speed|p1a: Arceus\n|-damage|p1a: Arceus|0 fnt\n|faint|p1a: Arceus\n|-damage|p2a: Arceus|91\/100|[from] item: Life Orb\n|\n|upkeep\n|\n|t:|1699121687\n|switch|p1a: Grimmsnarl|Grimmsnarl, M|100\/100\n|turn|10\n|\n|t:|1699121703\n|move|p1a: Grimmsnarl|Reflect|p1a: Grimmsnarl\n|-sidestart|p1: ChimeBliss|Reflect\n|move|p2a: Arceus|Swords Dance|p2a: Arceus\n|-boost|p2a: Arceus|atk|2\n|\n|upkeep\n|turn|11\n|\n|t:|1699121706\n|move|p1a: Grimmsnarl|Taunt|p2a: Arceus\n|-start|p2a: Arceus|move: Taunt\n|move|p2a: Arceus|Shadow Claw|p1a: Grimmsnarl\n|-resisted|p1a: Grimmsnarl\n|-damage|p1a: Grimmsnarl|82\/100\n|-damage|p2a: Arceus|81\/100|[from] item: Life Orb\n|\n|upkeep\n|turn|12\n|\n|t:|1699121709\n|move|p2a: Arceus|Earthquake|p1a: Grimmsnarl\n|-damage|p1a: Grimmsnarl|20\/100\n|-damage|p2a: Arceus|71\/100|[from] item: Life Orb\n|move|p1a: Grimmsnarl|Spirit Break|p2a: Arceus\n|-damage|p2a: Arceus|50\/100\n|-unboost|p2a: Arceus|spa|1\n|\n|upkeep\n|turn|13\n|\n|t:|1699121716\n|move|p2a: Arceus|Earthquake|p1a: Grimmsnarl\n|-damage|p1a: Grimmsnarl|0 fnt\n|faint|p1a: Grimmsnarl\n|-damage|p2a: Arceus|40\/100|[from] item: Life Orb\n|\n|-end|p2a: Arceus|move: Taunt\n|upkeep\n|\n|t:|1699121742\n|switch|p1a: Arceus|Arceus|100\/100\n|turn|14\n|\n|t:|1699121752\n|move|p2a: Arceus|Extreme Speed|p1a: Arceus\n|-damage|p1a: Arceus|60\/100\n|-damage|p2a: Arceus|30\/100|[from] item: Life Orb\n|move|p1a: Arceus|Bulk Up|p1a: Arceus\n|-boost|p1a: Arceus|atk|1\n|-boost|p1a: Arceus|def|1\n|\n|-heal|p1a: Arceus|66\/100|[from] item: Leftovers\n|upkeep\n|turn|15\n|\n|t:|1699121762\n|-terastallize|p2a: Arceus|Ghost\n|move|p2a: Arceus|Extreme Speed|p1a: Arceus\n|-damage|p1a: Arceus|42\/100\n|-damage|p2a: Arceus|20\/100|[from] item: Life Orb\n|move|p1a: Arceus|Extreme Speed|p2a: Arceus\n|-immune|p2a: Arceus\n|\n|-heal|p1a: Arceus|48\/100|[from] item: Leftovers\n|upkeep\n|turn|16\n|\n|t:|1699121765\n|move|p2a: Arceus|Extreme Speed|p1a: Arceus\n|-damage|p1a: Arceus|21\/100\n|-damage|p2a: Arceus|10\/100|[from] item: Life Orb\n|move|p1a: Arceus|Recover|p1a: Arceus\n|-heal|p1a: Arceus|71\/100\n|\n|-heal|p1a: Arceus|77\/100|[from] item: Leftovers\n|upkeep\n|turn|17\n|\n|t:|1699121770\n|move|p2a: Arceus|Extreme Speed|p1a: Arceus\n|-damage|p1a: Arceus|53\/100\n|-damage|p2a: Arceus|0 fnt|[from] item: Life Orb\n|faint|p2a: Arceus\n|move|p1a: Arceus|Shadow Claw|p2: Arceus|[notarget]\n|-fail|p1a: Arceus\n|\n|-heal|p1a: Arceus|59\/100|[from] item: Leftovers\n|-sideend|p1: ChimeBliss|Reflect\n|upkeep\n|\n|t:|1699121773\n|switch|p2a: Miraidon|Miraidon|100\/100\n|-fieldstart|move: Electric Terrain|[from] ability: Hadron Engine|[of] p2a: Miraidon\n|turn|18\n|\n|t:|1699121786\n|move|p1a: Arceus|Extreme Speed|p2a: Miraidon\n|-damage|p2a: Miraidon|34\/100\n|move|p2a: Miraidon|Draco Meteor|p1a: Arceus\n|-damage|p1a: Arceus|0 fnt\n|-unboost|p2a: Miraidon|spa|2\n|faint|p1a: Arceus\n|\n|upkeep\n|\n|t:|1699121800\n|switch|p1a: Calyrex|Calyrex-Shadow|100\/100\n|-ability|p1a: Calyrex|As One\n|-ability|p1a: Calyrex|Unnerve\n|turn|19\n|\n|t:|1699121826\n|move|p1a: Calyrex|Nasty Plot|p1a: Calyrex\n|-boost|p1a: Calyrex|spa|2\n|move|p2a: Miraidon|Electro Drift|p1a: Calyrex\n|-crit|p1a: Calyrex\n|-damage|p1a: Calyrex|0 fnt\n|faint|p1a: Calyrex\n|\n|upkeep\n|\n|t:|1699121832\n|switch|p1a: Koraidon|Koraidon|100\/100\n|-weather|SunnyDay|[from] ability: Orichalcum Pulse|[of] p1a: Koraidon\n|-activate|p1a: Koraidon|Orichalcum Pulse|[source]\n|turn|20\n|\n|t:|1699121836\n|move|p1a: Koraidon|Swords Dance|p1a: Koraidon\n|-boost|p1a: Koraidon|atk|2\n|move|p2a: Miraidon|Draco Meteor|p1a: Koraidon\n|-supereffective|p1a: Koraidon\n|-damage|p1a: Koraidon|0 fnt\n|-unboost|p2a: Miraidon|spa|2\n|faint|p1a: Koraidon\n|\n|win|MoldyGG\n|raw|ChimeBliss's rating: 1468 &rarr; <strong>1455<\/strong><br \/>(-13 for losing)\n|raw|MoldyGG's rating: 1604 &rarr; <strong>1617<\/strong><br \/>(+13 for winning)\n|l|\u2606MoldyGG\n","uploadtime":1699121838,"views":4,"p1id":"chimebliss","p2id":"moldygg","formatid":"gen9anythinggoes","rating":1455,"private":0,"password":""}