{"id":"gen9anythinggoes-1993746269","p1":"hoenn militian","p2":"Lildkenergy","format":"[Gen 9] Anything Goes","log":"|j|\u2606hoenn militian\n|j|\u2606Lildkenergy\n|t:|1700352320\n|gametype|singles\n|player|p1|hoenn militian|266|1785\n|player|p2|Lildkenergy|medium|1609\n|teamsize|p1|6\n|teamsize|p2|6\n|gen|9\n|tier|[Gen 9] Anything Goes\n|rated|\n|rule|HP Percentage Mod: HP is shown in percentages\n|rule|Endless Battle Clause: Forcing endless battles is banned\n|clearpoke\n|poke|p1|Miraidon|\n|poke|p1|Grimmsnarl, M|\n|poke|p1|Skeledirge, M|\n|poke|p1|Blissey, F|\n|poke|p1|Pelipper, M|\n|poke|p1|Calyrex-Ice|\n|poke|p2|Miraidon|\n|poke|p2|Koraidon|\n|poke|p2|Zacian-*|\n|poke|p2|Calyrex-Shadow|\n|poke|p2|Arceus|\n|poke|p2|Giratina-Origin|\n|teampreview\n|\n|t:|1700352337\n|start\n|switch|p1a: Calyrex|Calyrex-Ice|100\/100\n|switch|p2a: Zacian|Zacian-Crowned|100\/100\n|-ability|p1a: Calyrex|As One\n|-ability|p1a: Calyrex|Unnerve\n|-ability|p2a: Zacian|Intrepid Sword|boost\n|-boost|p2a: Zacian|atk|1\n|turn|1\n|\n|t:|1700352347\n|switch|p1a: Skeledirge|Skeledirge, M|100\/100\n|move|p2a: Zacian|Behemoth Blade|p1a: Skeledirge\n|-resisted|p1a: Skeledirge\n|-damage|p1a: Skeledirge|83\/100\n|\n|upkeep\n|turn|2\n|\n|t:|1700352355\n|switch|p2a: Calyrex|Calyrex-Shadow|100\/100\n|-ability|p2a: Calyrex|As One\n|-ability|p2a: Calyrex|Unnerve\n|move|p1a: Skeledirge|Will-O-Wisp|p2a: Calyrex\n|-status|p2a: Calyrex|brn\n|\n|-damage|p2a: Calyrex|94\/100 brn|[from] brn\n|upkeep\n|turn|3\n|\n|t:|1700352368\n|switch|p1a: Grimmsnarl|Grimmsnarl, M|100\/100\n|move|p2a: Calyrex|Nasty Plot|p2a: Calyrex\n|-boost|p2a: Calyrex|spa|2\n|\n|-damage|p2a: Calyrex|88\/100 brn|[from] brn\n|upkeep\n|turn|4\n|\n|t:|1700352377\n|-terastallize|p2a: Calyrex|Normal\n|move|p2a: Calyrex|Astral Barrage|p1a: Grimmsnarl\n|-resisted|p1a: Grimmsnarl\n|-damage|p1a: Grimmsnarl|49\/100\n|move|p1a: Grimmsnarl|Spirit Break|p2a: Calyrex\n|-damage|p2a: Calyrex|52\/100 brn\n|-unboost|p2a: Calyrex|spa|1\n|\n|-damage|p2a: Calyrex|46\/100 brn|[from] brn\n|upkeep\n|turn|5\n|\n|t:|1700352390\n|move|p2a: Calyrex|Nasty Plot|p2a: Calyrex\n|-boost|p2a: Calyrex|spa|2\n|move|p1a: Grimmsnarl|Spirit Break|p2a: Calyrex\n|-damage|p2a: Calyrex|7\/100 brn\n|-unboost|p2a: Calyrex|spa|1\n|\n|-damage|p2a: Calyrex|0 fnt|[from] brn\n|faint|p2a: Calyrex\n|upkeep\n|\n|t:|1700352400\n|switch|p2a: Zacian|Zacian-Crowned|100\/100\n|turn|6\n|\n|t:|1700352412\n|move|p1a: Grimmsnarl|Parting Shot|p2a: Zacian\n|-unboost|p2a: Zacian|atk|1\n|-unboost|p2a: Zacian|spa|1\n|\n|t:|1700352422\n|switch|p1a: Skeledirge|Skeledirge, M|83\/100|[from] Parting Shot\n|move|p2a: Zacian|Sacred Sword|p1a: Skeledirge\n|-immune|p1a: Skeledirge\n|\n|upkeep\n|turn|7\n|\n|t:|1700352432\n|switch|p2a: Miraidon|Miraidon|100\/100\n|-fieldstart|move: Electric Terrain|[from] ability: Hadron Engine|[of] p2a: Miraidon\n|move|p1a: Skeledirge|Will-O-Wisp|p2a: Miraidon\n|-status|p2a: Miraidon|brn\n|\n|-damage|p2a: Miraidon|94\/100 brn|[from] brn\n|upkeep\n|turn|8\n|\n|t:|1700352443\n|switch|p1a: Blissey|Blissey, F|100\/100\n|move|p2a: Miraidon|Volt Switch|p1a: Blissey\n|-damage|p1a: Blissey|84\/100\n|\n|t:|1700352449\n|switch|p2a: Arceus|Arceus|100\/100|[from] Volt Switch\n|\n|upkeep\n|turn|9\n|-message|Lildkenergy forfeited.\n|\n|win|hoenn militian\n|raw|hoenn militian's rating: 1785 &rarr; <strong>1796<\/strong><br \/>(+11 for winning)\n|raw|Lildkenergy's rating: 1609 &rarr; <strong>1598<\/strong><br \/>(-11 for losing)\n|l|\u2606Lildkenergy\n","uploadtime":1700352463,"views":2,"p1id":"hoennmilitian","p2id":"lildkenergy","formatid":"gen9anythinggoes","rating":1598,"private":0,"password":""}