{"id":"gen9anythinggoes-1988666216","p1":"KiwiFlorauna","p2":"alcremiemonofairy","format":"[Gen 9] Anything Goes","log":"|j|\u2606KiwiFlorauna\n|j|\u2606alcremiemonofairy\n|t:|1699748127\n|gametype|singles\n|player|p1|KiwiFlorauna|1|1168\n|player|p2|alcremiemonofairy|maid|1067\n|teamsize|p1|6\n|teamsize|p2|6\n|gen|9\n|tier|[Gen 9] Anything Goes\n|rated|\n|rule|HP Percentage Mod: HP is shown in percentages\n|rule|Endless Battle Clause: Forcing endless battles is banned\n|clearpoke\n|poke|p1|Volcarona, F|\n|poke|p1|Clefable, F|\n|poke|p1|Mimikyu, F|\n|poke|p1|Kingambit, M|\n|poke|p1|Espathra, M|\n|poke|p1|Heracross, M|\n|poke|p2|Igglybuff, F|\n|poke|p2|Jigglypuff, F|\n|poke|p2|Wigglytuff, F|\n|poke|p2|Scream Tail|\n|poke|p2|Scream Tail|\n|poke|p2|Wigglytuff, F|\n|teampreview\n|j| poinapples\n|\n|t:|1699748132\n|start\n|switch|p1a: Espathra|Espathra, M|100\/100\n|switch|p2a: Igglybuff|Igglybuff, F|100\/100\n|turn|1\n|c|\u2606KiwiFlorauna|that's a uff\n|c|\u2606alcremiemonofairy|yep\n|\n|t:|1699748149\n|move|p1a: Espathra|Stored Power|p2a: Igglybuff\n|-damage|p2a: Igglybuff|79\/100\n|move|p2a: Igglybuff|Perish Song|p2a: Igglybuff\n|-start|p1a: Espathra|perish3|[silent]\n|-start|p2a: Igglybuff|perish3|[silent]\n|-fieldactivate|move: Perish Song\n|\n|-start|p1a: Espathra|perish3\n|-start|p2a: Igglybuff|perish3\n|-ability|p1a: Espathra|Speed Boost|boost\n|-boost|p1a: Espathra|spe|1\n|upkeep\n|turn|2\n|c|\u2606KiwiFlorauna|oh that was a missclick\n|c|\u2606alcremiemonofairy|the god pokemon\n|\n|t:|1699748165\n|move|p1a: Espathra|Baton Pass|p1a: Espathra\n|\n|t:|1699748183\n|switch|p1a: Rosa|Volcarona, F|100\/100|[from] Baton Pass\n|move|p2a: Igglybuff|Encore||[still]\n|-fail|p2a: Igglybuff\n|\n|-start|p1a: Rosa|perish2\n|-start|p2a: Igglybuff|perish2\n|upkeep\n|turn|3\n|c|\u2606alcremiemonofairy|the perish song still\n|c|\u2606alcremiemonofairy|amazing\n|\n|t:|1699748205\n|switch|p2a: Scream Tail|Scream Tail|100\/100\n|move|p1a: Rosa|Fiery Dance|p2a: Scream Tail\n|-damage|p2a: Scream Tail|73\/100\n|-boost|p1a: Rosa|spa|1\n|\n|-heal|p2a: Scream Tail|79\/100|[from] item: Leftovers\n|-start|p1a: Rosa|perish1\n|upkeep\n|turn|4\n|\n|t:|1699748213\n|switch|p1a: Espathra|Espathra, M|100\/100\n|move|p2a: Scream Tail|Substitute|p2a: Scream Tail\n|-start|p2a: Scream Tail|Substitute\n|-damage|p2a: Scream Tail|54\/100\n|\n|-heal|p2a: Scream Tail|60\/100|[from] item: Leftovers\n|upkeep\n|turn|5\n|\n|t:|1699748217\n|move|p2a: Scream Tail|Encore||[still]\n|-fail|p2a: Scream Tail\n|move|p1a: Espathra|Calm Mind|p1a: Espathra\n|-boost|p1a: Espathra|spa|1\n|-boost|p1a: Espathra|spd|1\n|\n|-heal|p2a: Scream Tail|66\/100|[from] item: Leftovers\n|-ability|p1a: Espathra|Speed Boost|boost\n|-boost|p1a: Espathra|spe|1\n|upkeep\n|turn|6\n|\n|t:|1699748223\n|move|p1a: Espathra|Baton Pass|p1a: Espathra\n|\n|t:|1699748228\n|switch|p1a: Rosa|Volcarona, F|100\/100|[from] Baton Pass\n|move|p2a: Scream Tail|Encore||[still]\n|-fail|p2a: Scream Tail\n|\n|-heal|p2a: Scream Tail|72\/100|[from] item: Leftovers\n|upkeep\n|turn|7\n|\n|t:|1699748230\n|move|p1a: Rosa|Fiery Dance|p2a: Scream Tail\n|-end|p2a: Scream Tail|Substitute\n|move|p2a: Scream Tail|Perish Song|p2a: Scream Tail\n|-start|p1a: Rosa|perish3|[silent]\n|-start|p2a: Scream Tail|perish3|[silent]\n|-fieldactivate|move: Perish Song\n|\n|-heal|p2a: Scream Tail|78\/100|[from] item: Leftovers\n|-start|p1a: Rosa|perish3\n|-start|p2a: Scream Tail|perish3\n|upkeep\n|turn|8\n|\n|t:|1699748236\n|move|p1a: Rosa|Fiery Dance|p2a: Scream Tail\n|-damage|p2a: Scream Tail|42\/100\n|move|p2a: Scream Tail|Substitute|p2a: Scream Tail\n|-start|p2a: Scream Tail|Substitute\n|-damage|p2a: Scream Tail|17\/100\n|\n|-heal|p2a: Scream Tail|23\/100|[from] item: Leftovers\n|-start|p1a: Rosa|perish2\n|-start|p2a: Scream Tail|perish2\n|upkeep\n|turn|9\n|\n|t:|1699748245\n|-end|p2a: Scream Tail|Protosynthesis|[silent]\n|switch|p2a: Jigglypuff|Jigglypuff, F|100\/100\n|move|p1a: Rosa|Fiery Dance|p2a: Jigglypuff\n|-damage|p2a: Jigglypuff|16\/100\n|\n|-start|p1a: Rosa|perish1\n|upkeep\n|turn|10\n|\n|t:|1699748268\n|switch|p1a: Espathra|Espathra, M|100\/100\n|move|p2a: Jigglypuff|Perish Song|p2a: Jigglypuff\n|-start|p1a: Espathra|perish3|[silent]\n|-start|p2a: Jigglypuff|perish3|[silent]\n|-fieldactivate|move: Perish Song\n|\n|-start|p1a: Espathra|perish3\n|-start|p2a: Jigglypuff|perish3\n|upkeep\n|turn|11\n|\n|t:|1699748275\n|move|p1a: Espathra|Calm Mind|p1a: Espathra\n|-boost|p1a: Espathra|spa|1\n|-boost|p1a: Espathra|spd|1\n|move|p2a: Jigglypuff|Wish|p2a: Jigglypuff\n|\n|-start|p1a: Espathra|perish2\n|-start|p2a: Jigglypuff|perish2\n|-ability|p1a: Espathra|Speed Boost|boost\n|-boost|p1a: Espathra|spe|1\n|upkeep\n|turn|12\n|\n|t:|1699748287\n|switch|p2a: Scream Tail|Scream Tail|23\/100\n|move|p1a: Espathra|Stored Power|p2a: Scream Tail\n|-resisted|p2a: Scream Tail\n|-damage|p2a: Scream Tail|9\/100\n|\n|-heal|p2a: Scream Tail|61\/100|[from] move: Wish|[wisher] Jigglypuff\n|-heal|p2a: Scream Tail|67\/100|[from] item: Leftovers\n|-start|p1a: Espathra|perish1\n|-ability|p1a: Espathra|Speed Boost|boost\n|-boost|p1a: Espathra|spe|1\n|upkeep\n|turn|13\n|inactive|Battle timer is ON: inactive players will automatically lose when time's up. (requested by alcremiemonofairy)\n|inactive|KiwiFlorauna has 120 seconds left.\n|\n|t:|1699748383\n|switch|p1a: Masq|Mimikyu, F|100\/100\n|move|p2a: Scream Tail|Substitute|p2a: Scream Tail\n|-start|p2a: Scream Tail|Substitute\n|-damage|p2a: Scream Tail|42\/100\n|\n|-heal|p2a: Scream Tail|48\/100|[from] item: Leftovers\n|upkeep\n|turn|14\n|\n|t:|1699748392\n|move|p2a: Scream Tail|Perish Song|p2a: Scream Tail\n|-start|p1a: Masq|perish3|[silent]\n|-start|p2a: Scream Tail|perish3|[silent]\n|-fieldactivate|move: Perish Song\n|move|p1a: Masq|Swords Dance|p1a: Masq\n|-boost|p1a: Masq|atk|2\n|\n|-heal|p2a: Scream Tail|54\/100|[from] item: Leftovers\n|-start|p2a: Scream Tail|perish3\n|-start|p1a: Masq|perish3\n|upkeep\n|turn|15\n|\n|t:|1699748396\n|move|p1a: Masq|Shadow Sneak|p2a: Scream Tail\n|-supereffective|p2a: Scream Tail\n|-end|p2a: Scream Tail|Substitute\n|move|p2a: Scream Tail|Encore|p1a: Masq\n|-start|p1a: Masq|Encore\n|\n|-heal|p2a: Scream Tail|60\/100|[from] item: Leftovers\n|-start|p2a: Scream Tail|perish2\n|-start|p1a: Masq|perish2\n|upkeep\n|turn|16\n|\n|t:|1699748407\n|-end|p2a: Scream Tail|Protosynthesis|[silent]\n|switch|p2a: Jigglypuff|Jigglypuff, F|16\/100\n|move|p1a: Masq|Shadow Sneak|p2a: Jigglypuff\n|-immune|p2a: Jigglypuff\n|\n|-start|p1a: Masq|perish1\n|upkeep\n|turn|17\n|\n|t:|1699748411\n|switch|p1a: Espathra|Espathra, M|100\/100\n|move|p2a: Jigglypuff|Wish|p2a: Jigglypuff\n|\n|upkeep\n|turn|18\n|l| poinapples\n|\n|t:|1699748420\n|switch|p2a: Scream Tail|Scream Tail|60\/100\n|move|p1a: Espathra|Stored Power|p2a: Scream Tail\n|-resisted|p2a: Scream Tail\n|-damage|p2a: Scream Tail|58\/100\n|\n|-heal|p2a: Scream Tail|100\/100|[from] move: Wish|[wisher] Jigglypuff\n|-ability|p1a: Espathra|Speed Boost|boost\n|-boost|p1a: Espathra|spe|1\n|upkeep\n|turn|19\n|\n|t:|1699748425\n|move|p1a: Espathra|Calm Mind|p1a: Espathra\n|-boost|p1a: Espathra|spa|1\n|-boost|p1a: Espathra|spd|1\n|move|p2a: Scream Tail|Perish Song|p2a: Scream Tail\n|-start|p1a: Espathra|perish3|[silent]\n|-start|p2a: Scream Tail|perish3|[silent]\n|-fieldactivate|move: Perish Song\n|\n|-start|p1a: Espathra|perish3\n|-start|p2a: Scream Tail|perish3\n|-ability|p1a: Espathra|Speed Boost|boost\n|-boost|p1a: Espathra|spe|1\n|upkeep\n|turn|20\n|\n|t:|1699748430\n|move|p1a: Espathra|Baton Pass|p1a: Espathra\n|\n|t:|1699748435\n|switch|p1a: Grandmaster|Kingambit, M|100\/100|[from] Baton Pass\n|move|p2a: Scream Tail|Substitute|p2a: Scream Tail\n|-start|p2a: Scream Tail|Substitute\n|-damage|p2a: Scream Tail|75\/100\n|\n|-heal|p2a: Scream Tail|82\/100|[from] item: Leftovers\n|-start|p1a: Grandmaster|perish2\n|-start|p2a: Scream Tail|perish2\n|upkeep\n|turn|21\n|\n|t:|1699748447\n|move|p1a: Grandmaster|Iron Head|p2a: Scream Tail\n|-supereffective|p2a: Scream Tail\n|-end|p2a: Scream Tail|Substitute\n|move|p2a: Scream Tail|Boomburst|p1a: Grandmaster\n|-resisted|p1a: Grandmaster\n|-damage|p1a: Grandmaster|93\/100\n|\n|-heal|p2a: Scream Tail|88\/100|[from] item: Leftovers\n|-start|p1a: Grandmaster|perish1\n|-start|p2a: Scream Tail|perish1\n|upkeep\n|turn|22\n|j| poinapples\n|\n|t:|1699748460\n|-end|p1a: Grandmaster|fallenundefined|[silent]\n|switch|p1a: Rosa|Volcarona, F|100\/100\n|-end|p2a: Scream Tail|Protosynthesis|[silent]\n|switch|p2a: Wigglytuff|Wigglytuff, F|100\/100\n|\n|upkeep\n|turn|23\n|\n|t:|1699748469\n|move|p1a: Rosa|Quiver Dance|p1a: Rosa\n|-boost|p1a: Rosa|spa|1\n|-boost|p1a: Rosa|spd|1\n|-boost|p1a: Rosa|spe|1\n|move|p2a: Wigglytuff|Perish Song|p2a: Wigglytuff\n|-start|p1a: Rosa|perish3|[silent]\n|-start|p2a: Wigglytuff|perish3|[silent]\n|-fieldactivate|move: Perish Song\n|\n|-start|p1a: Rosa|perish3\n|-start|p2a: Wigglytuff|perish3\n|upkeep\n|turn|24\n|\n|t:|1699748477\n|switch|p2a: Jigglypuff|Jigglypuff, F|16\/100\n|move|p1a: Rosa|Fiery Dance|p2a: Jigglypuff\n|-damage|p2a: Jigglypuff|0 fnt\n|-boost|p1a: Rosa|spa|1\n|faint|p2a: Jigglypuff\n|\n|-start|p1a: Rosa|perish2\n|upkeep\n|\n|t:|1699748484\n|switch|p2a: Igglybuff|Igglybuff, F|79\/100\n|turn|25\n|\n|t:|1699748493\n|move|p2a: Igglybuff|Protect|p2a: Igglybuff\n|-singleturn|p2a: Igglybuff|Protect\n|move|p1a: Rosa|Fiery Dance|p2a: Igglybuff\n|-activate|p2a: Igglybuff|move: Protect\n|\n|-start|p1a: Rosa|perish1\n|upkeep\n|turn|26\n|\n|t:|1699748498\n|switch|p1a: Espathra|Espathra, M|100\/100\n|move|p2a: Igglybuff|Perish Song|p2a: Igglybuff\n|-start|p1a: Espathra|perish3|[silent]\n|-start|p2a: Igglybuff|perish3|[silent]\n|-fieldactivate|move: Perish Song\n|\n|-start|p1a: Espathra|perish3\n|-start|p2a: Igglybuff|perish3\n|upkeep\n|turn|27\n|c|\u2606alcremiemonofairy|i love perish song\n|\n|t:|1699748514\n|switch|p1a: Grandmaster|Kingambit, M|93\/100\n|move|p2a: Igglybuff|Encore||[still]\n|-fail|p2a: Igglybuff\n|\n|-start|p2a: Igglybuff|perish2\n|upkeep\n|turn|28\n|c|\u2606KiwiFlorauna|im not giving up\n|\n|t:|1699748522\n|switch|p2a: Wigglytuff|Wigglytuff, F|100\/100\n|move|p1a: Grandmaster|Iron Head|p2a: Wigglytuff\n|-supereffective|p2a: Wigglytuff\n|-damage|p2a: Wigglytuff|34\/100\n|\n|-heal|p2a: Wigglytuff|41\/100|[from] item: Leftovers\n|upkeep\n|turn|29\n|\n|t:|1699748526\n|-terastallize|p2a: Wigglytuff|Normal\n|move|p1a: Grandmaster|Iron Head|p2a: Wigglytuff\n|-damage|p2a: Wigglytuff|6\/100\n|move|p2a: Wigglytuff|Perish Song|p2a: Wigglytuff\n|-start|p1a: Grandmaster|perish3|[silent]\n|-start|p2a: Wigglytuff|perish3|[silent]\n|-fieldactivate|move: Perish Song\n|\n|-heal|p2a: Wigglytuff|12\/100|[from] item: Leftovers\n|-start|p1a: Grandmaster|perish3\n|-start|p2a: Wigglytuff|perish3\n|upkeep\n|turn|30\n|\n|t:|1699748536\n|-end|p1a: Grandmaster|fallenundefined|[silent]\n|switch|p1a: Espathra|Espathra, M|100\/100\n|move|p2a: Wigglytuff|Protect||[still]\n|-fail|p2a: Wigglytuff\n|\n|-heal|p2a: Wigglytuff|19\/100|[from] item: Leftovers\n|-start|p2a: Wigglytuff|perish2\n|upkeep\n|turn|31\n|\n|t:|1699748557\n|move|p1a: Espathra|Protect|p1a: Espathra\n|-singleturn|p1a: Espathra|Protect\n|move|p2a: Wigglytuff|Perish Song|p2a: Wigglytuff\n|-start|p1a: Espathra|perish3|[silent]\n|-fieldactivate|move: Perish Song\n|\n|-heal|p2a: Wigglytuff|25\/100|[from] item: Leftovers\n|-start|p1a: Espathra|perish3\n|-start|p2a: Wigglytuff|perish1\n|-ability|p1a: Espathra|Speed Boost|boost\n|-boost|p1a: Espathra|spe|1\n|upkeep\n|turn|32\n|\n|t:|1699748572\n|switch|p2a: Wigglytuff|Wigglytuff, F|100\/100\n|move|p1a: Espathra|Calm Mind|p1a: Espathra\n|-boost|p1a: Espathra|spa|1\n|-boost|p1a: Espathra|spd|1\n|\n|-start|p1a: Espathra|perish2\n|-ability|p1a: Espathra|Speed Boost|boost\n|-boost|p1a: Espathra|spe|1\n|upkeep\n|turn|33\n|\n|t:|1699748589\n|move|p1a: Espathra|Stored Power|p2a: Wigglytuff\n|-damage|p2a: Wigglytuff|42\/100\n|move|p2a: Wigglytuff|Calm Mind|p2a: Wigglytuff\n|-boost|p2a: Wigglytuff|spa|1\n|-boost|p2a: Wigglytuff|spd|1\n|\n|-heal|p2a: Wigglytuff|48\/100|[from] item: Leftovers\n|-start|p1a: Espathra|perish1\n|-ability|p1a: Espathra|Speed Boost|boost\n|-boost|p1a: Espathra|spe|1\n|upkeep\n|turn|34\n|\n|t:|1699748596\n|switch|p1a: Grandmaster|Kingambit, M|93\/100\n|move|p2a: Wigglytuff|Draining Kiss|p1a: Grandmaster\n|-damage|p1a: Grandmaster|67\/100\n|-heal|p2a: Wigglytuff|62\/100|[from] drain|[of] p1a: Grandmaster\n|\n|-heal|p2a: Wigglytuff|68\/100|[from] item: Leftovers\n|upkeep\n|turn|35\n|\n|t:|1699748601\n|move|p1a: Grandmaster|Iron Head|p2a: Wigglytuff\n|-supereffective|p2a: Wigglytuff\n|-damage|p2a: Wigglytuff|0 fnt\n|faint|p2a: Wigglytuff\n|\n|upkeep\n|l| poinapples\n|\n|t:|1699748605\n|switch|p2a: Scream Tail|Scream Tail|100\/100\n|-enditem|p2a: Scream Tail|Booster Energy\n|-activate|p2a: Scream Tail|ability: Protosynthesis|[fromitem]\n|-start|p2a: Scream Tail|protosynthesisspd\n|turn|36\n|\n|t:|1699748617\n|move|p2a: Scream Tail|Drain Punch|p1a: Grandmaster\n|-supereffective|p1a: Grandmaster\n|-damage|p1a: Grandmaster|19\/100\n|-enditem|p1a: Grandmaster|Salac Berry|[eat]\n|-boost|p1a: Grandmaster|spe|1|[from] item: Salac Berry\n|move|p1a: Grandmaster|Iron Head|p2a: Scream Tail\n|-supereffective|p2a: Scream Tail\n|-damage|p2a: Scream Tail|50\/100\n|\n|upkeep\n|turn|37\n|\n|t:|1699748627\n|move|p1a: Grandmaster|Iron Head|p2a: Scream Tail\n|-supereffective|p2a: Scream Tail\n|-damage|p2a: Scream Tail|3\/100\n|move|p2a: Scream Tail|Play Rough|p1a: Grandmaster\n|-damage|p1a: Grandmaster|0 fnt\n|faint|p1a: Grandmaster\n|-end|p1a: Grandmaster|fallenundefined|[silent]\n|\n|upkeep\n|\n|t:|1699748631\n|switch|p1a: Masq|Mimikyu, F|100\/100\n|turn|38\n|\n|t:|1699748635\n|-end|p2a: Scream Tail|Protosynthesis|[silent]\n|switch|p2a: Scream Tail|Scream Tail|88\/100\n|move|p1a: Masq|Shadow Sneak|p2a: Scream Tail\n|-supereffective|p2a: Scream Tail\n|-damage|p2a: Scream Tail|69\/100\n|\n|-heal|p2a: Scream Tail|75\/100|[from] item: Leftovers\n|upkeep\n|turn|39\n|\n|t:|1699748663\n|move|p2a: Scream Tail|Substitute|p2a: Scream Tail\n|-start|p2a: Scream Tail|Substitute\n|-damage|p2a: Scream Tail|50\/100\n|move|p1a: Masq|Swords Dance|p1a: Masq\n|-boost|p1a: Masq|atk|2\n|\n|-heal|p2a: Scream Tail|56\/100|[from] item: Leftovers\n|upkeep\n|turn|40\n|\n|t:|1699748668\n|move|p1a: Masq|Shadow Sneak|p2a: Scream Tail\n|-supereffective|p2a: Scream Tail\n|-end|p2a: Scream Tail|Substitute\n|move|p2a: Scream Tail|Perish Song|p2a: Scream Tail\n|-start|p1a: Masq|perish3|[silent]\n|-start|p2a: Scream Tail|perish3|[silent]\n|-fieldactivate|move: Perish Song\n|\n|-heal|p2a: Scream Tail|62\/100|[from] item: Leftovers\n|-start|p2a: Scream Tail|perish3\n|-start|p1a: Masq|perish3\n|upkeep\n|turn|41\n|\n|t:|1699748683\n|-end|p2a: Scream Tail|Protosynthesis|[silent]\n|switch|p2a: Wigglytuff|Wigglytuff, F, tera:Normal|25\/100\n|move|p1a: Masq|Shadow Sneak|p2a: Wigglytuff\n|-immune|p2a: Wigglytuff\n|\n|-heal|p2a: Wigglytuff|31\/100|[from] item: Leftovers\n|-start|p1a: Masq|perish2\n|upkeep\n|turn|42\n|\n|t:|1699748698\n|switch|p1a: Espathra|Espathra, M|100\/100\n|move|p2a: Wigglytuff|Perish Song|p2a: Wigglytuff\n|-start|p1a: Espathra|perish3|[silent]\n|-start|p2a: Wigglytuff|perish3|[silent]\n|-fieldactivate|move: Perish Song\n|\n|-heal|p2a: Wigglytuff|37\/100|[from] item: Leftovers\n|-start|p1a: Espathra|perish3\n|-start|p2a: Wigglytuff|perish3\n|upkeep\n|turn|43\n|\n|t:|1699748708\n|switch|p1a: Rosa|Volcarona, F|100\/100\n|move|p2a: Wigglytuff|Encore||[still]\n|-fail|p2a: Wigglytuff\n|\n|-heal|p2a: Wigglytuff|43\/100|[from] item: Leftovers\n|-start|p2a: Wigglytuff|perish2\n|upkeep\n|turn|44\n|\n|t:|1699748716\n|move|p1a: Rosa|Fiery Dance|p2a: Wigglytuff\n|-damage|p2a: Wigglytuff|3\/100\n|-boost|p1a: Rosa|spa|1\n|move|p2a: Wigglytuff|Perish Song|p2a: Wigglytuff\n|-start|p1a: Rosa|perish3|[silent]\n|-fieldactivate|move: Perish Song\n|\n|-heal|p2a: Wigglytuff|9\/100|[from] item: Leftovers\n|-start|p1a: Rosa|perish3\n|-start|p2a: Wigglytuff|perish1\n|upkeep\n|turn|45\n|\n|t:|1699748731\n|move|p1a: Rosa|Fiery Dance|p2a: Wigglytuff\n|-damage|p2a: Wigglytuff|0 fnt\n|faint|p2a: Wigglytuff\n|\n|-start|p1a: Rosa|perish2\n|upkeep\n|\n|t:|1699748737\n|switch|p2a: Scream Tail|Scream Tail|62\/100\n|turn|46\n|\n|t:|1699748747\n|switch|p1a: Espathra|Espathra, M|100\/100\n|move|p2a: Scream Tail|Substitute|p2a: Scream Tail\n|-start|p2a: Scream Tail|Substitute\n|-damage|p2a: Scream Tail|37\/100\n|\n|-heal|p2a: Scream Tail|43\/100|[from] item: Leftovers\n|upkeep\n|turn|47\n|\n|t:|1699748753\n|move|p2a: Scream Tail|Perish Song|p2a: Scream Tail\n|-start|p1a: Espathra|perish3|[silent]\n|-start|p2a: Scream Tail|perish3|[silent]\n|-fieldactivate|move: Perish Song\n|move|p1a: Espathra|Calm Mind|p1a: Espathra\n|-boost|p1a: Espathra|spa|1\n|-boost|p1a: Espathra|spd|1\n|\n|-heal|p2a: Scream Tail|49\/100|[from] item: Leftovers\n|-start|p2a: Scream Tail|perish3\n|-start|p1a: Espathra|perish3\n|-ability|p1a: Espathra|Speed Boost|boost\n|-boost|p1a: Espathra|spe|1\n|upkeep\n|turn|48\n|\n|t:|1699748759\n|move|p1a: Espathra|Baton Pass|p1a: Espathra\n|inactive|KiwiFlorauna has 120 seconds left.\n|\n|t:|1699748807\n|switch|p1a: Masq|Mimikyu, F|100\/100|[from] Baton Pass\n|move|p2a: Scream Tail|Encore||[still]\n|-fail|p2a: Scream Tail\n|\n|-heal|p2a: Scream Tail|55\/100|[from] item: Leftovers\n|-start|p1a: Masq|perish2\n|-start|p2a: Scream Tail|perish2\n|upkeep\n|turn|49\n|\n|t:|1699748811\n|switch|p1a: Manivetyr|Clefable, F|100\/100\n|move|p2a: Scream Tail|Encore||[still]\n|-fail|p2a: Scream Tail\n|\n|-heal|p2a: Scream Tail|61\/100|[from] item: Leftovers\n|-start|p2a: Scream Tail|perish1\n|upkeep\n|turn|50\n|\n|t:|1699748815\n|-end|p2a: Scream Tail|Protosynthesis|[silent]\n|switch|p2a: Igglybuff|Igglybuff, F|79\/100\n|move|p1a: Manivetyr|Cosmic Power|p1a: Manivetyr\n|-boost|p1a: Manivetyr|def|1\n|-boost|p1a: Manivetyr|spd|1\n|\n|upkeep\n|turn|51\n|\n|t:|1699748818\n|move|p1a: Manivetyr|Stored Power|p2a: Igglybuff\n|-damage|p2a: Igglybuff|37\/100\n|move|p2a: Igglybuff|Perish Song|p2a: Igglybuff\n|-start|p1a: Manivetyr|perish3|[silent]\n|-start|p2a: Igglybuff|perish3|[silent]\n|-fieldactivate|move: Perish Song\n|\n|-start|p1a: Manivetyr|perish3\n|-start|p2a: Igglybuff|perish3\n|upkeep\n|turn|52\n|\n|t:|1699748824\n|move|p1a: Manivetyr|Stealth Rock|p2a: Igglybuff\n|-sidestart|p2: alcremiemonofairy|move: Stealth Rock\n|move|p2a: Igglybuff|Encore|p1a: Manivetyr\n|-start|p1a: Manivetyr|Encore\n|\n|-start|p1a: Manivetyr|perish2\n|-start|p2a: Igglybuff|perish2\n|upkeep\n|turn|53\n|\n|t:|1699748841\n|switch|p2a: Scream Tail|Scream Tail|61\/100\n|-damage|p2a: Scream Tail|49\/100|[from] Stealth Rock\n|move|p1a: Manivetyr|Stealth Rock||[still]\n|-fail|p1a: Manivetyr\n|\n|-heal|p2a: Scream Tail|55\/100|[from] item: Leftovers\n|-start|p1a: Manivetyr|perish1\n|upkeep\n|turn|54\n|\n|t:|1699748850\n|switch|p1a: Espathra|Espathra, M|100\/100\n|move|p2a: Scream Tail|Perish Song|p2a: Scream Tail\n|-start|p1a: Espathra|perish3|[silent]\n|-start|p2a: Scream Tail|perish3|[silent]\n|-fieldactivate|move: Perish Song\n|\n|-heal|p2a: Scream Tail|61\/100|[from] item: Leftovers\n|-start|p2a: Scream Tail|perish3\n|-start|p1a: Espathra|perish3\n|upkeep\n|turn|55\n|\n|t:|1699748870\n|switch|p1a: Rosa|Volcarona, F|100\/100\n|move|p2a: Scream Tail|Encore||[still]\n|-fail|p2a: Scream Tail\n|\n|-heal|p2a: Scream Tail|67\/100|[from] item: Leftovers\n|-start|p2a: Scream Tail|perish2\n|upkeep\n|turn|56\n|\n|t:|1699748876\n|move|p2a: Scream Tail|Perish Song|p2a: Scream Tail\n|-start|p1a: Rosa|perish3|[silent]\n|-fieldactivate|move: Perish Song\n|move|p1a: Rosa|Fiery Dance|p2a: Scream Tail\n|-damage|p2a: Scream Tail|41\/100\n|-boost|p1a: Rosa|spa|1\n|\n|-heal|p2a: Scream Tail|47\/100|[from] item: Leftovers\n|-start|p2a: Scream Tail|perish1\n|-start|p1a: Rosa|perish3\n|upkeep\n|turn|57\n|\n|t:|1699748882\n|-end|p2a: Scream Tail|Protosynthesis|[silent]\n|switch|p2a: Igglybuff|Igglybuff, F|37\/100\n|-damage|p2a: Igglybuff|24\/100|[from] Stealth Rock\n|switch|p1a: Espathra|Espathra, M|100\/100\n|\n|upkeep\n|turn|58\n|\n|t:|1699748885\n|move|p1a: Espathra|Calm Mind|p1a: Espathra\n|-boost|p1a: Espathra|spa|1\n|-boost|p1a: Espathra|spd|1\n|move|p2a: Igglybuff|Perish Song|p2a: Igglybuff\n|-start|p1a: Espathra|perish3|[silent]\n|-start|p2a: Igglybuff|perish3|[silent]\n|-fieldactivate|move: Perish Song\n|\n|-start|p1a: Espathra|perish3\n|-start|p2a: Igglybuff|perish3\n|-ability|p1a: Espathra|Speed Boost|boost\n|-boost|p1a: Espathra|spe|1\n|upkeep\n|turn|59\n|\n|t:|1699748895\n|move|p1a: Espathra|Stored Power|p2a: Igglybuff\n|-damage|p2a: Igglybuff|0 fnt\n|faint|p2a: Igglybuff\n|\n|-start|p1a: Espathra|perish2\n|-ability|p1a: Espathra|Speed Boost|boost\n|-boost|p1a: Espathra|spe|1\n|upkeep\n|\n|t:|1699748908\n|switch|p2a: Scream Tail|Scream Tail|3\/100\n|-damage|p2a: Scream Tail|0 fnt|[from] Stealth Rock\n|faint|p2a: Scream Tail\n|-end|p2a: Scream Tail|Protosynthesis|[silent]\n|\n|t:|1699748910\n|switch|p2a: Scream Tail|Scream Tail|47\/100\n|-damage|p2a: Scream Tail|35\/100|[from] Stealth Rock\n|turn|60\n|c|\u2606KiwiFlorauna|gg\n|c|\u2606alcremiemonofairy|im going kill my self with perish song\n|c|\u2606alcremiemonofairy|pls dont kill me\n|\n|t:|1699748939\n|move|p1a: Espathra|Stored Power|p2a: Scream Tail\n|-resisted|p2a: Scream Tail\n|-damage|p2a: Scream Tail|18\/100\n|move|p2a: Scream Tail|Perish Song|p2a: Scream Tail\n|-start|p2a: Scream Tail|perish3|[silent]\n|-fieldactivate|move: Perish Song\n|\n|-heal|p2a: Scream Tail|24\/100|[from] item: Leftovers\n|-start|p1a: Espathra|perish1\n|-start|p2a: Scream Tail|perish3\n|-ability|p1a: Espathra|Speed Boost|boost\n|-boost|p1a: Espathra|spe|1\n|upkeep\n|turn|61\n|c|\u2606alcremiemonofairy|and gg\n|inactive|alcremiemonofairy has 120 seconds left.\n|\n|t:|1699748957\n|switch|p1a: Rosa|Volcarona, F|100\/100\n|move|p2a: Scream Tail|Substitute|p2a: Scream Tail\n|-fail|p2a: Scream Tail|move: Substitute|[weak]\n|\n|-heal|p2a: Scream Tail|30\/100|[from] item: Leftovers\n|-start|p2a: Scream Tail|perish2\n|upkeep\n|turn|62\n|\n|t:|1699748964\n|move|p2a: Scream Tail|Substitute|p2a: Scream Tail\n|-start|p2a: Scream Tail|Substitute\n|-damage|p2a: Scream Tail|5\/100\n|move|p1a: Rosa|Bug Buzz|p2a: Scream Tail\n|-damage|p2a: Scream Tail|0 fnt\n|faint|p2a: Scream Tail\n|-end|p2a: Scream Tail|Protosynthesis|[silent]\n|\n|win|KiwiFlorauna\n|raw|KiwiFlorauna's rating: 1168 &rarr; <strong>1186<\/strong><br \/>(+18 for winning)\n|raw|alcremiemonofairy's rating: 1067 &rarr; <strong>1053<\/strong><br \/>(-14 for losing)\n|c|\u2606alcremiemonofairy|gg\n|l|\u2606alcremiemonofairy\n|c|\u2606KiwiFlorauna|good team\n","uploadtime":1699750886,"views":19,"p1id":"kiwiflorauna","p2id":"alcremiemonofairy","formatid":"gen9anythinggoes","rating":1053,"private":0,"password":""}