{"id":"gen9anythinggoes-1976050661","p1":"MaxxEccentric","p2":"Ashkandra","format":"[Gen 9] Anything Goes","log":"|j|\u2606MaxxEccentric\n|j|\u2606Ashkandra\n|t:|1698259519\n|gametype|singles\n|player|p1|MaxxEccentric|mars|1096\n|player|p2|Ashkandra|ghetsis|1109\n|teamsize|p1|6\n|teamsize|p2|6\n|gen|9\n|tier|[Gen 9] Anything Goes\n|rated|\n|rule|HP Percentage Mod: HP is shown in percentages\n|rule|Endless Battle Clause: Forcing endless battles is banned\n|clearpoke\n|poke|p1|Weavile, F|\n|poke|p1|Shaymin|\n|poke|p1|Gastrodon-East, M|\n|poke|p1|Gengar, M|\n|poke|p1|Rotom-Heat|\n|poke|p1|Salamence, F|\n|poke|p2|Dragapult, M|\n|poke|p2|Landorus, M|\n|poke|p2|Quaquaval, M|\n|poke|p2|Greninja-*, M|\n|poke|p2|Kingambit, F|\n|poke|p2|Ogerpon, F|\n|teampreview\n|\n|t:|1698259539\n|start\n|switch|p1a: Sassy Classi|Weavile, F, shiny|100\/100\n|switch|p2a: Quaquaval|Quaquaval, M|100\/100\n|-ability|p1a: Sassy Classi|Pressure\n|turn|1\n|\n|t:|1698259546\n|move|p1a: Sassy Classi|Fake Out|p2a: Quaquaval\n|-damage|p2a: Quaquaval|82\/100\n|cant|p2a: Quaquaval|flinch\n|\n|upkeep\n|turn|2\n|\n|t:|1698259553\n|switch|p1a: Footwork|Gengar, M|100\/100\n|move|p2a: Quaquaval|Aqua Step|p1a: Footwork\n|-damage|p1a: Footwork|22\/100\n|-boost|p2a: Quaquaval|spe|1\n|-start|p2a: Quaquaval|Disable|Aqua Step|[from] ability: Cursed Body|[of] p1a: Footwork\n|\n|upkeep\n|turn|3\n|\n|t:|1698259561\n|move|p1a: Footwork|Giga Drain|p2a: Quaquaval\n|-supereffective|p2a: Quaquaval\n|-damage|p2a: Quaquaval|7\/100\n|-heal|p1a: Footwork|67\/100|[from] drain|[of] p2a: Quaquaval\n|move|p2a: Quaquaval|Knock Off|p1a: Footwork\n|-supereffective|p1a: Footwork\n|-damage|p1a: Footwork|0 fnt\n|-enditem|p1a: Footwork|Choice Scarf|[from] move: Knock Off|[of] p2a: Quaquaval\n|faint|p1a: Footwork\n|-ability|p2a: Quaquaval|Moxie|boost\n|-boost|p2a: Quaquaval|atk|1\n|\n|upkeep\n|\n|t:|1698259569\n|switch|p1a: Sassy Classi|Weavile, F, shiny|100\/100\n|-ability|p1a: Sassy Classi|Pressure\n|turn|4\n|\n|t:|1698259578\n|move|p1a: Sassy Classi|Fake Out|p2a: Quaquaval\n|-damage|p2a: Quaquaval|0 fnt\n|faint|p2a: Quaquaval\n|\n|upkeep\n|\n|t:|1698259583\n|switch|p2a: Landorus|Landorus, M|100\/100\n|turn|5\n|\n|t:|1698259588\n|move|p1a: Sassy Classi|Ice Spinner|p2a: Landorus\n|-supereffective|p2a: Landorus\n|-enditem|p2a: Landorus|Focus Sash\n|-damage|p2a: Landorus|1\/100\n|move|p2a: Landorus|Nasty Plot|p2a: Landorus\n|-boost|p2a: Landorus|spa|2\n|\n|upkeep\n|turn|6\n|\n|t:|1698259596\n|move|p1a: Sassy Classi|Knock Off|p2a: Landorus\n|-damage|p2a: Landorus|0 fnt\n|faint|p2a: Landorus\n|\n|upkeep\n|\n|t:|1698259604\n|switch|p2a: Greninja|Greninja, M|100\/100\n|turn|7\n|\n|t:|1698259610\n|move|p1a: Sassy Classi|Knock Off|p2a: Greninja\n|-resisted|p2a: Greninja\n|-damage|p2a: Greninja|56\/100\n|-enditem|p2a: Greninja|Leftovers|[from] move: Knock Off|[of] p1a: Sassy Classi\n|move|p2a: Greninja|Surf|p1a: Sassy Classi\n|-damage|p1a: Sassy Classi|48\/100\n|\n|upkeep\n|turn|8\n|\n|t:|1698259617\n|move|p1a: Sassy Classi|Poison Jab|p2a: Greninja\n|-damage|p2a: Greninja|11\/100\n|move|p2a: Greninja|Surf|p1a: Sassy Classi\n|-damage|p1a: Sassy Classi|0 fnt\n|faint|p1a: Sassy Classi\n|-ability|p2a: Greninja|Battle Bond|boost\n|-boost|p2a: Greninja|atk|1\n|-boost|p2a: Greninja|spa|1\n|-boost|p2a: Greninja|spe|1\n|-activate|p2a: Greninja|ability: Battle Bond\n|\n|upkeep\n|\n|t:|1698259624\n|switch|p1a: Lord Slug|Gastrodon-East, M, shiny|100\/100\n|turn|9\n|\n|t:|1698259631\n|move|p2a: Greninja|Trailblaze|p1a: Lord Slug\n|-supereffective|p1a: Lord Slug\n|-damage|p1a: Lord Slug|27\/100\n|-boost|p2a: Greninja|spe|1\n|move|p1a: Lord Slug|Clear Smog|p2a: Greninja\n|-damage|p2a: Greninja|0 fnt\n|-clearboost|p2a: Greninja\n|faint|p2a: Greninja\n|\n|upkeep\n|\n|t:|1698259644\n|switch|p2a: Ogerpon|Ogerpon, F|100\/100\n|turn|10\n|\n|t:|1698259649\n|move|p2a: Ogerpon|Swords Dance|p2a: Ogerpon\n|-boost|p2a: Ogerpon|atk|2\n|move|p1a: Lord Slug|Ice Beam|p2a: Ogerpon\n|-supereffective|p2a: Ogerpon\n|-damage|p2a: Ogerpon|32\/100\n|\n|upkeep\n|turn|11\n|\n|t:|1698259656\n|-terastallize|p2a: Ogerpon|Grass\n|detailschange|p2a: Ogerpon|Ogerpon-Teal-Tera, F, tera:Grass\n|-ability|p2a: Ogerpon|Embody Aspect (Teal)|boost\n|-boost|p2a: Ogerpon|spe|1\n|move|p2a: Ogerpon|Ivy Cudgel|p1a: Lord Slug\n|-supereffective|p1a: Lord Slug\n|-damage|p1a: Lord Slug|0 fnt\n|faint|p1a: Lord Slug\n|\n|upkeep\n|\n|t:|1698259661\n|switch|p1a: Oven Mitt|Rotom-Heat, shiny|100\/100\n|turn|12\n|c|\u2606Ashkandra|!weakness rotom-heat\n|c| Ashkandra|\/raw <div class=\"infobox\">Rotom-Heat (ignoring abilities):<br \/><span class=\"message-effect-weak\">Weaknesses<\/span>: <b>Ground<\/b>, Rock, Water<br \/><span class=\"message-effect-resist\">Resistances<\/span>: Bug, Electric, Fairy, Fire, Flying, Grass, Ice, <b>Steel<\/b><br \/><span class=\"message-effect-immune\">Immunities<\/span>: Burn, Paralysis<\/div>\n|\n|t:|1698259715\n|move|p2a: Ogerpon|Knock Off|p1a: Oven Mitt\n|-damage|p1a: Oven Mitt|11\/100\n|-enditem|p1a: Oven Mitt|Life Orb|[from] move: Knock Off|[of] p2a: Ogerpon\n|move|p1a: Oven Mitt|Thunder Wave|p2a: Ogerpon\n|-status|p2a: Ogerpon|par\n|\n|upkeep\n|turn|13\n|\n|t:|1698259725\n|move|p1a: Oven Mitt|Overheat|p2a: Ogerpon\n|-supereffective|p2a: Ogerpon\n|-damage|p2a: Ogerpon|0 fnt\n|-unboost|p1a: Oven Mitt|spa|2\n|faint|p2a: Ogerpon\n|\n|upkeep\n|\n|t:|1698259731\n|switch|p2a: Dragapult|Dragapult, M|100\/100\n|turn|14\n|\n|t:|1698259733\n|move|p2a: Dragapult|Dragon Dance|p2a: Dragapult\n|-boost|p2a: Dragapult|atk|1\n|-boost|p2a: Dragapult|spe|1\n|move|p1a: Oven Mitt|Thunder Wave|p2a: Dragapult\n|-status|p2a: Dragapult|par\n|\n|upkeep\n|turn|15\n|\n|t:|1698259740\n|move|p2a: Dragapult|Dragon Darts|p1a: Oven Mitt\n|-damage|p1a: Oven Mitt|0 fnt\n|faint|p1a: Oven Mitt\n|\n|upkeep\n|\n|t:|1698259746\n|switch|p1a: Hunter J|Salamence, F|100\/100\n|-ability|p1a: Hunter J|Intimidate|boost\n|-unboost|p2a: Dragapult|atk|1\n|turn|16\n|\n|t:|1698259773\n|move|p1a: Hunter J|Dragon Rush|p2a: Dragapult\n|-supereffective|p2a: Dragapult\n|-damage|p2a: Dragapult|0 fnt\n|faint|p2a: Dragapult\n|\n|upkeep\n|\n|t:|1698259778\n|switch|p2a: Kingambit|Kingambit, F|100\/100\n|-activate|p2a: Kingambit|ability: Supreme Overlord\n|-start|p2a: Kingambit|fallen5|[silent]\n|turn|17\n|\n|t:|1698259784\n|move|p2a: Kingambit|Sucker Punch|p1a: Hunter J\n|-damage|p1a: Hunter J|7\/100\n|-damage|p2a: Kingambit|91\/100|[from] item: Life Orb\n|move|p1a: Hunter J|Fire Fang|p2a: Kingambit\n|-supereffective|p2a: Kingambit\n|-damage|p2a: Kingambit|51\/100\n|\n|upkeep\n|turn|18\n|\n|t:|1698259794\n|move|p2a: Kingambit|Sucker Punch|p1a: Hunter J\n|-damage|p1a: Hunter J|0 fnt\n|faint|p1a: Hunter J\n|-damage|p2a: Kingambit|41\/100|[from] item: Life Orb\n|\n|upkeep\n|\n|t:|1698259796\n|switch|p1a: Berry|Shaymin, shiny|100\/100\n|turn|19\n|\n|t:|1698259803\n|move|p2a: Kingambit|Sucker Punch|p1a: Berry\n|-damage|p1a: Berry|23\/100\n|-damage|p2a: Kingambit|31\/100|[from] item: Life Orb\n|move|p1a: Berry|Earth Power|p2a: Kingambit\n|-supereffective|p2a: Kingambit\n|-damage|p2a: Kingambit|0 fnt\n|faint|p2a: Kingambit\n|-end|p2a: Kingambit|fallen5|[silent]\n|\n|win|MaxxEccentric\n|raw|MaxxEccentric's rating: 1096 &rarr; <strong>1123<\/strong><br \/>(+27 for winning)\n|raw|Ashkandra's rating: 1109 &rarr; <strong>1083<\/strong><br \/>(-26 for losing)\n|c|\u2606MaxxEccentric|gg\n|l|\u2606Ashkandra\n","uploadtime":1698259813,"views":8,"p1id":"maxxeccentric","p2id":"ashkandra","formatid":"gen9anythinggoes","rating":1083,"private":0,"password":""}