{"id":"gen9anythinggoes-1989178230","p1":"Fardulf07","p2":"prof minu","format":"[Gen 9] Anything Goes","log":"|j|\u2606Fardulf07\n|j|\u2606prof minu\n|t:|1699820468\n|gametype|singles\n|player|p1|Fardulf07|gardenia|\n|player|p2|prof minu|fennel|\n|teamsize|p1|6\n|teamsize|p2|6\n|gen|9\n|tier|[Gen 9] Anything Goes\n|rule|HP Percentage Mod: HP is shown in percentages\n|rule|Endless Battle Clause: Forcing endless battles is banned\n|clearpoke\n|poke|p1|Toxapex, F|\n|poke|p1|Garganacl, M|\n|poke|p1|Naclstack, F|\n|poke|p1|Roaring Moon|\n|poke|p1|Ribombee, M|\n|poke|p1|Regieleki|\n|poke|p2|Clodsire, M|\n|poke|p2|Glaceon, F|\n|poke|p2|Basculegion, M|\n|poke|p2|Tinkaton, F|\n|poke|p2|Iron Valiant|\n|poke|p2|Quagsire, F|\n|teampreview\n|\n|t:|1699820489\n|start\n|switch|p1a: Roaring Moon|Roaring Moon|100\/100\n|switch|p2a: Warabimochi|Tinkaton, F|100\/100\n|-ability|p2a: Warabimochi|Mold Breaker\n|-enditem|p1a: Roaring Moon|Booster Energy\n|-activate|p1a: Roaring Moon|ability: Protosynthesis|[fromitem]\n|-start|p1a: Roaring Moon|protosynthesisatk\n|turn|1\n|j| caligulahar\n|\n|t:|1699820518\n|-end|p1a: Roaring Moon|Protosynthesis|[silent]\n|switch|p1a: Toxapex|Toxapex, F|100\/100\n|move|p2a: Warabimochi|Fake Out|p1a: Toxapex\n|-damage|p1a: Toxapex|94\/100\n|\n|-heal|p1a: Toxapex|99\/100|[from] item: Leftovers\n|upkeep\n|turn|2\n|\n|t:|1699820534\n|move|p2a: Warabimochi|Knock Off|p1a: Toxapex\n|-damage|p1a: Toxapex|84\/100\n|-enditem|p1a: Toxapex|Leftovers|[from] move: Knock Off|[of] p2a: Warabimochi\n|move|p1a: Toxapex|Toxic|p2a: Warabimochi\n|-immune|p2a: Warabimochi\n|\n|upkeep\n|turn|3\n|\n|t:|1699820546\n|move|p2a: Warabimochi|Play Rough|p1a: Toxapex\n|-resisted|p1a: Toxapex\n|-damage|p1a: Toxapex|73\/100\n|move|p1a: Toxapex|Toxic Spikes|p2a: Warabimochi\n|-sidestart|p2: prof minu|move: Toxic Spikes\n|\n|upkeep\n|turn|4\n|\n|t:|1699820557\n|move|p2a: Warabimochi|Gigaton Hammer|p1a: Toxapex\n|-resisted|p1a: Toxapex\n|-damage|p1a: Toxapex|55\/100\n|move|p1a: Toxapex|Toxic Spikes|p2a: Warabimochi\n|-sidestart|p2: prof minu|move: Toxic Spikes\n|\n|upkeep\n|turn|5\n|\n|t:|1699820573\n|switch|p1a: Ribombee|Ribombee, M|100\/100\n|move|p2a: Warabimochi|Knock Off|p1a: Ribombee\n|-resisted|p1a: Ribombee\n|-damage|p1a: Ribombee|82\/100\n|-enditem|p1a: Ribombee|Leftovers|[from] move: Knock Off|[of] p2a: Warabimochi\n|\n|upkeep\n|turn|6\n|\n|t:|1699820580\n|move|p1a: Ribombee|Substitute|p1a: Ribombee\n|-start|p1a: Ribombee|Substitute\n|-damage|p1a: Ribombee|57\/100\n|move|p2a: Warabimochi|Gigaton Hammer|p1a: Ribombee\n|-supereffective|p1a: Ribombee\n|-end|p1a: Ribombee|Substitute\n|\n|upkeep\n|turn|7\n|\n|t:|1699820587\n|switch|p2a: Ube Sago|Clodsire, M, shiny|100\/100\n|-sideend|p2: prof minu|move: Toxic Spikes|[of] p2a: Ube Sago\n|move|p1a: Ribombee|Calm Mind|p1a: Ribombee\n|-boost|p1a: Ribombee|spa|1\n|-boost|p1a: Ribombee|spd|1\n|\n|upkeep\n|turn|8\n|\n|t:|1699820595\n|move|p1a: Ribombee|Calm Mind|p1a: Ribombee\n|-boost|p1a: Ribombee|spa|1\n|-boost|p1a: Ribombee|spd|1\n|move|p2a: Ube Sago|Earthquake|p1a: Ribombee\n|-resisted|p1a: Ribombee\n|-damage|p1a: Ribombee|28\/100\n|\n|upkeep\n|turn|9\n|\n|t:|1699820603\n|move|p1a: Ribombee|Substitute|p1a: Ribombee\n|-start|p1a: Ribombee|Substitute\n|-damage|p1a: Ribombee|3\/100\n|move|p2a: Ube Sago|Yawn||[still]\n|-fail|p2a: Ube Sago\n|\n|upkeep\n|turn|10\n|\n|t:|1699820609\n|move|p1a: Ribombee|Calm Mind|p1a: Ribombee\n|-boost|p1a: Ribombee|spa|1\n|-boost|p1a: Ribombee|spd|1\n|move|p2a: Ube Sago|Earthquake|p1a: Ribombee\n|-resisted|p1a: Ribombee\n|-end|p1a: Ribombee|Substitute\n|\n|upkeep\n|turn|11\n|\n|t:|1699820616\n|move|p1a: Ribombee|Baton Pass|p1a: Ribombee\n|\n|t:|1699820620\n|switch|p1a: Naclstack|Naclstack, F|100\/100|[from] Baton Pass\n|move|p2a: Ube Sago|Yawn|p1a: Naclstack\n|-immune|p1a: Naclstack|[from] ability: Purifying Salt\n|\n|upkeep\n|turn|12\n|\n|t:|1699820643\n|switch|p2a: Warabimochi|Tinkaton, F|100\/100\n|-ability|p2a: Warabimochi|Mold Breaker\n|-terastallize|p1a: Naclstack|Rock\n|move|p1a: Naclstack|Salt Cure|p2a: Warabimochi\n|-resisted|p2a: Warabimochi\n|-damage|p2a: Warabimochi|89\/100\n|-start|p2a: Warabimochi|Salt Cure\n|\n|-damage|p2a: Warabimochi|64\/100|[from] Salt Cure\n|upkeep\n|turn|13\n|\n|t:|1699820663\n|move|p2a: Warabimochi|Knock Off|p1a: Naclstack\n|-damage|p1a: Naclstack|86\/100\n|-enditem|p1a: Naclstack|Eviolite|[from] move: Knock Off|[of] p2a: Warabimochi\n|move|p1a: Naclstack|Stealth Rock|p2a: Warabimochi\n|-sidestart|p2: prof minu|move: Stealth Rock\n|\n|-damage|p2a: Warabimochi|39\/100|[from] Salt Cure\n|upkeep\n|turn|14\n|\n|t:|1699820676\n|move|p1a: Naclstack|Protect|p1a: Naclstack\n|-singleturn|p1a: Naclstack|Protect\n|move|p2a: Warabimochi|Gigaton Hammer|p1a: Naclstack\n|-activate|p1a: Naclstack|move: Protect\n|\n|-damage|p2a: Warabimochi|14\/100|[from] Salt Cure\n|upkeep\n|turn|15\n|inactive|Battle timer is ON: inactive players will automatically lose when time's up. (requested by prof minu)\n|inactive|Fardulf07 has 270 seconds left.\n|inactive|Fardulf07 has 240 seconds left.\n|\n|t:|1699820799\n|move|p2a: Warabimochi|Play Rough|p1a: Naclstack\n|-damage|p1a: Naclstack|59\/100\n|move|p1a: Naclstack|Salt Cure|p2a: Warabimochi\n|-resisted|p2a: Warabimochi\n|-damage|p2a: Warabimochi|2\/100\n|\n|-damage|p2a: Warabimochi|0 fnt|[from] Salt Cure\n|faint|p2a: Warabimochi\n|upkeep\n|\n|t:|1699820819\n|switch|p2a: Bingsoo|Glaceon, F, shiny|100\/100\n|-damage|p2a: Bingsoo|76\/100|[from] Stealth Rock\n|turn|16\n|\n|t:|1699820847\n|move|p2a: Bingsoo|Freeze-Dry|p1a: Naclstack\n|-damage|p1a: Naclstack|39\/100\n|move|p1a: Naclstack|Salt Cure|p2a: Bingsoo\n|-supereffective|p2a: Bingsoo\n|-damage|p2a: Bingsoo|48\/100\n|-start|p2a: Bingsoo|Salt Cure\n|\n|-heal|p2a: Bingsoo|54\/100|[from] item: Leftovers\n|-damage|p2a: Bingsoo|42\/100|[from] Salt Cure\n|upkeep\n|turn|17\n|\n|t:|1699820858\n|move|p2a: Bingsoo|Snowscape|p2a: Bingsoo\n|-weather|Snow\n|move|p1a: Naclstack|Recover|p1a: Naclstack\n|-heal|p1a: Naclstack|89\/100\n|\n|-weather|Snow|[upkeep]\n|-heal|p2a: Bingsoo|48\/100|[from] ability: Ice Body\n|-heal|p2a: Bingsoo|54\/100|[from] item: Leftovers\n|-damage|p2a: Bingsoo|42\/100|[from] Salt Cure\n|upkeep\n|turn|18\n|inactive|Fardulf07 has 270 seconds left.\n|inactive|prof minu has 270 seconds left.\n|inactive|prof minu has 240 seconds left.\n|\n|t:|1699820915\n|switch|p2a: Ube Sago|Clodsire, M, shiny|100\/100\n|-damage|p2a: Ube Sago|94\/100|[from] Stealth Rock\n|move|p1a: Naclstack|Salt Cure|p2a: Ube Sago\n|-resisted|p2a: Ube Sago\n|-damage|p2a: Ube Sago|85\/100\n|-start|p2a: Ube Sago|Salt Cure\n|\n|-weather|Snow|[upkeep]\n|-heal|p2a: Ube Sago|91\/100|[from] item: Black Sludge\n|-damage|p2a: Ube Sago|79\/100|[from] Salt Cure\n|upkeep\n|turn|19\n|inactive|Fardulf07 has 270 seconds left.\n|\n|t:|1699820934\n|move|p1a: Naclstack|Salt Cure|p2a: Ube Sago\n|-resisted|p2a: Ube Sago\n|-damage|p2a: Ube Sago|70\/100\n|move|p2a: Ube Sago|Earthquake|p1a: Naclstack\n|-supereffective|p1a: Naclstack\n|-damage|p1a: Naclstack|38\/100\n|\n|-weather|Snow|[upkeep]\n|-heal|p2a: Ube Sago|76\/100|[from] item: Black Sludge\n|-damage|p2a: Ube Sago|64\/100|[from] Salt Cure\n|upkeep\n|turn|20\n|inactive|Fardulf07 has 270 seconds left.\n|inactive|Fardulf07 has 240 seconds left.\n|\n|t:|1699820974\n|move|p1a: Naclstack|Recover|p1a: Naclstack\n|-heal|p1a: Naclstack|88\/100\n|move|p2a: Ube Sago|Earthquake|p1a: Naclstack\n|-supereffective|p1a: Naclstack\n|-damage|p1a: Naclstack|30\/100\n|\n|-weather|Snow|[upkeep]\n|-heal|p2a: Ube Sago|70\/100|[from] item: Black Sludge\n|-damage|p2a: Ube Sago|57\/100|[from] Salt Cure\n|upkeep\n|turn|21\n|inactive|Fardulf07 has 240 seconds left.\n|\n|t:|1699820990\n|move|p1a: Naclstack|Recover|p1a: Naclstack\n|-heal|p1a: Naclstack|80\/100\n|move|p2a: Ube Sago|Earthquake|p1a: Naclstack\n|-supereffective|p1a: Naclstack\n|-damage|p1a: Naclstack|22\/100\n|\n|-weather|none\n|-heal|p2a: Ube Sago|64\/100|[from] item: Black Sludge\n|-damage|p2a: Ube Sago|51\/100|[from] Salt Cure\n|upkeep\n|turn|22\n|\n|t:|1699821003\n|move|p1a: Naclstack|Recover|p1a: Naclstack\n|-heal|p1a: Naclstack|72\/100\n|move|p2a: Ube Sago|Earthquake|p1a: Naclstack\n|-supereffective|p1a: Naclstack\n|-damage|p1a: Naclstack|21\/100\n|\n|-heal|p2a: Ube Sago|57\/100|[from] item: Black Sludge\n|-damage|p2a: Ube Sago|45\/100|[from] Salt Cure\n|upkeep\n|turn|23\n|\n|t:|1699821021\n|move|p1a: Naclstack|Recover|p1a: Naclstack\n|-heal|p1a: Naclstack|71\/100\n|move|p2a: Ube Sago|Recover|p2a: Ube Sago\n|-heal|p2a: Ube Sago|95\/100\n|\n|-heal|p2a: Ube Sago|100\/100|[from] item: Black Sludge\n|-damage|p2a: Ube Sago|88\/100|[from] Salt Cure\n|upkeep\n|turn|24\n|\n|t:|1699821036\n|switch|p2a: Purin|Quagsire, F, shiny|100\/100\n|-damage|p2a: Purin|94\/100|[from] Stealth Rock\n|move|p1a: Naclstack|Protect||[still]\n|-fail|p1a: Naclstack\n|\n|upkeep\n|turn|25\n|\n|t:|1699821044\n|move|p1a: Naclstack|Salt Cure|p2a: Purin\n|-resisted|p2a: Purin\n|-damage|p2a: Purin|88\/100\n|-start|p2a: Purin|Salt Cure\n|move|p2a: Purin|Earthquake|p1a: Naclstack\n|-supereffective|p1a: Naclstack\n|-damage|p1a: Naclstack|28\/100\n|\n|-damage|p2a: Purin|63\/100|[from] Salt Cure\n|upkeep\n|turn|26\n|\n|t:|1699821054\n|move|p1a: Naclstack|Recover|p1a: Naclstack\n|-heal|p1a: Naclstack|78\/100\n|move|p2a: Purin|Earthquake|p1a: Naclstack\n|-supereffective|p1a: Naclstack\n|-damage|p1a: Naclstack|32\/100\n|\n|-damage|p2a: Purin|38\/100|[from] Salt Cure\n|upkeep\n|turn|27\n|inactive|Fardulf07 has 240 seconds left.\n|\n|t:|1699821061\n|switch|p2a: Ube Sago|Clodsire, M, shiny|88\/100\n|-damage|p2a: Ube Sago|82\/100|[from] Stealth Rock\n|move|p1a: Naclstack|Recover|p1a: Naclstack\n|-heal|p1a: Naclstack|82\/100\n|\n|-heal|p2a: Ube Sago|88\/100|[from] item: Black Sludge\n|upkeep\n|turn|28\n|inactive|prof minu has 270 seconds left.\n|\n|t:|1699821101\n|move|p2a: Ube Sago|Protect|p2a: Ube Sago\n|-singleturn|p2a: Ube Sago|Protect\n|move|p1a: Naclstack|Salt Cure|p2a: Ube Sago\n|-activate|p2a: Ube Sago|move: Protect\n|\n|-heal|p2a: Ube Sago|94\/100|[from] item: Black Sludge\n|upkeep\n|turn|29\n|inactive|prof minu has 270 seconds left.\n|inactive|Fardulf07 has 240 seconds left.\n|\n|t:|1699821140\n|switch|p1a: Toxapex|Toxapex, F|88\/100\n|move|p2a: Ube Sago|Earthquake|p1a: Toxapex\n|-supereffective|p1a: Toxapex\n|-damage|p1a: Toxapex|47\/100\n|\n|-heal|p2a: Ube Sago|100\/100|[from] item: Black Sludge\n|upkeep\n|turn|30\n|\n|t:|1699821149\n|move|p1a: Toxapex|Recover|p1a: Toxapex\n|-heal|p1a: Toxapex|97\/100\n|move|p2a: Ube Sago|Yawn|p1a: Toxapex\n|-start|p1a: Toxapex|move: Yawn|[of] p2a: Ube Sago\n|\n|upkeep\n|turn|31\n|\n|t:|1699821163\n|switch|p1a: Garganacl|Garganacl, M|100\/100\n|move|p2a: Ube Sago|Earthquake|p1a: Garganacl\n|-supereffective|p1a: Garganacl\n|-damage|p1a: Garganacl|63\/100\n|\n|-heal|p1a: Garganacl|69\/100|[from] item: Leftovers\n|upkeep\n|turn|32\n|\n|t:|1699821170\n|move|p1a: Garganacl|Salt Cure|p2a: Ube Sago\n|-resisted|p2a: Ube Sago\n|-damage|p2a: Ube Sago|94\/100\n|-start|p2a: Ube Sago|Salt Cure\n|move|p2a: Ube Sago|Earthquake|p1a: Garganacl\n|-supereffective|p1a: Garganacl\n|-damage|p1a: Garganacl|32\/100\n|\n|-heal|p1a: Garganacl|38\/100|[from] item: Leftovers\n|-heal|p2a: Ube Sago|99\/100|[from] item: Black Sludge\n|-damage|p2a: Ube Sago|88\/100|[from] Salt Cure\n|upkeep\n|turn|33\n|\n|t:|1699821190\n|move|p1a: Garganacl|Protect|p1a: Garganacl\n|-singleturn|p1a: Garganacl|Protect\n|move|p2a: Ube Sago|Earthquake|p1a: Garganacl\n|-activate|p1a: Garganacl|move: Protect\n|\n|-heal|p1a: Garganacl|44\/100|[from] item: Leftovers\n|-heal|p2a: Ube Sago|94\/100|[from] item: Black Sludge\n|-damage|p2a: Ube Sago|81\/100|[from] Salt Cure\n|upkeep\n|turn|34\n|inactive|Fardulf07 has 210 seconds left.\n|\n|t:|1699821241\n|move|p1a: Garganacl|Protect||[still]\n|-fail|p1a: Garganacl\n|move|p2a: Ube Sago|Earthquake|p1a: Garganacl\n|-supereffective|p1a: Garganacl\n|-damage|p1a: Garganacl|7\/100\n|\n|-heal|p1a: Garganacl|13\/100|[from] item: Leftovers\n|-heal|p2a: Ube Sago|88\/100|[from] item: Black Sludge\n|-damage|p2a: Ube Sago|75\/100|[from] Salt Cure\n|upkeep\n|turn|35\n|inactive|Fardulf07 has 180 seconds left.\n|\n|t:|1699821261\n|move|p1a: Garganacl|Explosion|p2a: Ube Sago\n|-damage|p2a: Ube Sago|20\/100\n|faint|p1a: Garganacl\n|move|p2a: Ube Sago|Recover|p2a: Ube Sago\n|-heal|p2a: Ube Sago|70\/100\n|\n|-heal|p2a: Ube Sago|76\/100|[from] item: Black Sludge\n|-damage|p2a: Ube Sago|64\/100|[from] Salt Cure\n|upkeep\n|inactive|Fardulf07 has 180 seconds left.\n|\n|t:|1699821285\n|switch|p1a: Ribombee|Ribombee, M|3\/100\n|turn|36\n|\n|t:|1699821290\n|move|p1a: Ribombee|Substitute|p1a: Ribombee\n|-fail|p1a: Ribombee|move: Substitute|[weak]\n|move|p2a: Ube Sago|Earthquake|p1a: Ribombee\n|-resisted|p1a: Ribombee\n|-damage|p1a: Ribombee|0 fnt\n|faint|p1a: Ribombee\n|\n|-heal|p2a: Ube Sago|70\/100|[from] item: Black Sludge\n|-damage|p2a: Ube Sago|57\/100|[from] Salt Cure\n|upkeep\n|\n|t:|1699821302\n|switch|p1a: Toxapex|Toxapex, F|100\/100\n|turn|37\n|\n|t:|1699821308\n|move|p1a: Toxapex|Toxic Spikes|p2a: Ube Sago\n|-sidestart|p2: prof minu|move: Toxic Spikes\n|move|p2a: Ube Sago|Yawn|p1a: Toxapex\n|-start|p1a: Toxapex|move: Yawn|[of] p2a: Ube Sago\n|\n|-heal|p2a: Ube Sago|64\/100|[from] item: Black Sludge\n|-damage|p2a: Ube Sago|51\/100|[from] Salt Cure\n|upkeep\n|turn|38\n|inactive|Fardulf07 has 180 seconds left.\n|\n|t:|1699821319\n|switch|p1a: Naclstack|Naclstack, F, tera:Rock|82\/100\n|move|p2a: Ube Sago|Recover|p2a: Ube Sago\n|-heal|p2a: Ube Sago|100\/100\n|\n|-damage|p2a: Ube Sago|88\/100|[from] Salt Cure\n|upkeep\n|turn|39\n|inactive|Fardulf07 has 180 seconds left.\n|\n|t:|1699821340\n|move|p1a: Naclstack|Protect|p1a: Naclstack\n|-singleturn|p1a: Naclstack|Protect\n|move|p2a: Ube Sago|Protect||[still]\n|-fail|p2a: Ube Sago\n|\n|-heal|p2a: Ube Sago|94\/100|[from] item: Black Sludge\n|-damage|p2a: Ube Sago|82\/100|[from] Salt Cure\n|upkeep\n|turn|40\n|\n|t:|1699821350\n|move|p1a: Naclstack|Salt Cure|p2a: Ube Sago\n|-resisted|p2a: Ube Sago\n|-damage|p2a: Ube Sago|73\/100\n|move|p2a: Ube Sago|Earthquake|p1a: Naclstack\n|-supereffective|p1a: Naclstack\n|-damage|p1a: Naclstack|24\/100\n|\n|-heal|p2a: Ube Sago|79\/100|[from] item: Black Sludge\n|-damage|p2a: Ube Sago|67\/100|[from] Salt Cure\n|upkeep\n|turn|41\n|\n|t:|1699821360\n|move|p1a: Naclstack|Recover|p1a: Naclstack\n|-heal|p1a: Naclstack|74\/100\n|move|p2a: Ube Sago|Recover|p2a: Ube Sago\n|-heal|p2a: Ube Sago|100\/100\n|\n|-damage|p2a: Ube Sago|88\/100|[from] Salt Cure\n|upkeep\n|turn|42\n|\n|t:|1699821368\n|move|p1a: Naclstack|Protect|p1a: Naclstack\n|-singleturn|p1a: Naclstack|Protect\n|move|p2a: Ube Sago|Earthquake|p1a: Naclstack\n|-activate|p1a: Naclstack|move: Protect\n|\n|-heal|p2a: Ube Sago|94\/100|[from] item: Black Sludge\n|-damage|p2a: Ube Sago|82\/100|[from] Salt Cure\n|upkeep\n|turn|43\n|inactive|Fardulf07 has 180 seconds left.\n|\n|t:|1699821377\n|switch|p1a: Toxapex|Toxapex, F|100\/100\n|move|p2a: Ube Sago|Earthquake|p1a: Toxapex\n|-supereffective|p1a: Toxapex\n|-damage|p1a: Toxapex|57\/100\n|\n|-heal|p2a: Ube Sago|88\/100|[from] item: Black Sludge\n|-damage|p2a: Ube Sago|75\/100|[from] Salt Cure\n|upkeep\n|turn|44\n|\n|t:|1699821386\n|move|p1a: Toxapex|Recover|p1a: Toxapex\n|-heal|p1a: Toxapex|100\/100\n|move|p2a: Ube Sago|Yawn|p1a: Toxapex\n|-start|p1a: Toxapex|move: Yawn|[of] p2a: Ube Sago\n|\n|-heal|p2a: Ube Sago|82\/100|[from] item: Black Sludge\n|-damage|p2a: Ube Sago|69\/100|[from] Salt Cure\n|upkeep\n|turn|45\n|\n|t:|1699821404\n|switch|p1a: Roaring Moon|Roaring Moon|100\/100\n|move|p2a: Ube Sago|Recover|p2a: Ube Sago\n|-heal|p2a: Ube Sago|100\/100\n|\n|-damage|p2a: Ube Sago|88\/100|[from] Salt Cure\n|upkeep\n|turn|46\n|\n|t:|1699821411\n|move|p1a: Roaring Moon|Protect|p1a: Roaring Moon\n|-singleturn|p1a: Roaring Moon|Protect\n|move|p2a: Ube Sago|Yawn|p1a: Roaring Moon\n|-activate|p1a: Roaring Moon|move: Protect\n|\n|-heal|p2a: Ube Sago|94\/100|[from] item: Black Sludge\n|-damage|p2a: Ube Sago|82\/100|[from] Salt Cure\n|upkeep\n|turn|47\n|\n|t:|1699821422\n|move|p1a: Roaring Moon|Dragon Dance|p1a: Roaring Moon\n|-boost|p1a: Roaring Moon|atk|1\n|-boost|p1a: Roaring Moon|spe|1\n|move|p2a: Ube Sago|Yawn|p1a: Roaring Moon\n|-start|p1a: Roaring Moon|move: Yawn|[of] p2a: Ube Sago\n|\n|-heal|p2a: Ube Sago|88\/100|[from] item: Black Sludge\n|-damage|p2a: Ube Sago|75\/100|[from] Salt Cure\n|upkeep\n|turn|48\n|\n|t:|1699821432\n|-end|p1a: Roaring Moon|Protosynthesis|[silent]\n|switch|p1a: Toxapex|Toxapex, F|100\/100\n|move|p2a: Ube Sago|Protect||[still]\n|-fail|p2a: Ube Sago\n|\n|-heal|p2a: Ube Sago|82\/100|[from] item: Black Sludge\n|-damage|p2a: Ube Sago|69\/100|[from] Salt Cure\n|upkeep\n|turn|49\n|\n|t:|1699821442\n|move|p1a: Toxapex|Toxic Spikes|p2a: Ube Sago\n|-sidestart|p2: prof minu|move: Toxic Spikes\n|move|p2a: Ube Sago|Yawn|p1a: Toxapex\n|-start|p1a: Toxapex|move: Yawn|[of] p2a: Ube Sago\n|\n|-heal|p2a: Ube Sago|75\/100|[from] item: Black Sludge\n|-damage|p2a: Ube Sago|63\/100|[from] Salt Cure\n|upkeep\n|turn|50\n|\n|t:|1699821458\n|switch|p1a: Roaring Moon|Roaring Moon|100\/100\n|move|p2a: Ube Sago|Recover|p2a: Ube Sago\n|-heal|p2a: Ube Sago|100\/100\n|\n|-damage|p2a: Ube Sago|88\/100|[from] Salt Cure\n|upkeep\n|turn|51\n|\n|t:|1699821469\n|move|p1a: Roaring Moon|Protect|p1a: Roaring Moon\n|-singleturn|p1a: Roaring Moon|Protect\n|move|p2a: Ube Sago|Earthquake|p1a: Roaring Moon\n|-activate|p1a: Roaring Moon|move: Protect\n|\n|-heal|p2a: Ube Sago|94\/100|[from] item: Black Sludge\n|-damage|p2a: Ube Sago|82\/100|[from] Salt Cure\n|upkeep\n|turn|52\n|\n|t:|1699821482\n|-end|p1a: Roaring Moon|Protosynthesis|[silent]\n|switch|p1a: Regieleki|Regieleki|100\/100\n|move|p2a: Ube Sago|Yawn|p1a: Regieleki\n|-start|p1a: Regieleki|move: Yawn|[of] p2a: Ube Sago\n|\n|-heal|p2a: Ube Sago|88\/100|[from] item: Black Sludge\n|-damage|p2a: Ube Sago|75\/100|[from] Salt Cure\n|upkeep\n|turn|53\n|\n|t:|1699821492\n|move|p2a: Ube Sago|Protect|p2a: Ube Sago\n|-singleturn|p2a: Ube Sago|Protect\n|move|p1a: Regieleki|Tera Blast|p2a: Ube Sago\n|-activate|p2a: Ube Sago|move: Protect\n|\n|-heal|p2a: Ube Sago|82\/100|[from] item: Black Sludge\n|-damage|p2a: Ube Sago|69\/100|[from] Salt Cure\n|-end|p1a: Regieleki|move: Yawn|[silent]\n|-status|p1a: Regieleki|slp\n|upkeep\n|turn|54\n|\n|t:|1699821505\n|switch|p2a: Purin|Quagsire, F, shiny|38\/100\n|-damage|p2a: Purin|32\/100|[from] Stealth Rock\n|-status|p2a: Purin|tox\n|cant|p1a: Regieleki|slp\n|\n|-damage|p2a: Purin|26\/100 tox|[from] psn\n|upkeep\n|turn|55\n|\n|t:|1699821514\n|switch|p1a: Toxapex|Toxapex, F|100\/100\n|move|p2a: Purin|Recover|p2a: Purin\n|-heal|p2a: Purin|76\/100 tox\n|\n|-damage|p2a: Purin|64\/100 tox|[from] psn\n|upkeep\n|turn|56\n|\n|t:|1699821525\n|switch|p2a: Ube Sago|Clodsire, M, shiny|69\/100\n|-damage|p2a: Ube Sago|63\/100|[from] Stealth Rock\n|-sideend|p2: prof minu|move: Toxic Spikes|[of] p2a: Ube Sago\n|move|p1a: Toxapex|Baneful Bunker||[still]\n|-fail|p1a: Toxapex\n|\n|-heal|p2a: Ube Sago|69\/100|[from] item: Black Sludge\n|upkeep\n|turn|57\n|\n|t:|1699821542\n|switch|p1a: Roaring Moon|Roaring Moon|100\/100\n|switch|p2a: Wagashi|Iron Valiant|100\/100\n|-damage|p2a: Wagashi|94\/100|[from] Stealth Rock\n|-enditem|p2a: Wagashi|Booster Energy\n|-activate|p2a: Wagashi|ability: Quark Drive|[fromitem]\n|-start|p2a: Wagashi|quarkdrivespe\n|\n|upkeep\n|turn|58\n|\n|t:|1699821556\n|-end|p1a: Roaring Moon|Protosynthesis|[silent]\n|switch|p1a: Toxapex|Toxapex, F|100\/100\n|move|p2a: Wagashi|Aura Sphere|p1a: Toxapex\n|-resisted|p1a: Toxapex\n|-damage|p1a: Toxapex|86\/100\n|\n|upkeep\n|turn|59\n|\n|t:|1699821565\n|move|p2a: Wagashi|Psychic|p1a: Toxapex\n|-supereffective|p1a: Toxapex\n|-damage|p1a: Toxapex|38\/100\n|move|p1a: Toxapex|Toxic|p2a: Wagashi\n|-status|p2a: Wagashi|tox\n|\n|-damage|p2a: Wagashi|88\/100 tox|[from] psn\n|upkeep\n|turn|60\n|\n|t:|1699821574\n|move|p2a: Wagashi|Aura Sphere|p1a: Toxapex\n|-resisted|p1a: Toxapex\n|-damage|p1a: Toxapex|21\/100\n|move|p1a: Toxapex|Recover|p1a: Toxapex\n|-heal|p1a: Toxapex|71\/100\n|\n|-damage|p2a: Wagashi|76\/100 tox|[from] psn\n|upkeep\n|turn|61\n|inactive|Fardulf07 has 210 seconds left.\n|\n|t:|1699821594\n|move|p2a: Wagashi|Encore|p1a: Toxapex\n|-start|p1a: Toxapex|Encore\n|move|p1a: Toxapex|Recover|p1a: Toxapex\n|-heal|p1a: Toxapex|100\/100\n|\n|-damage|p2a: Wagashi|57\/100 tox|[from] psn\n|upkeep\n|turn|62\n|inactive|Fardulf07 has 210 seconds left.\n|\n|t:|1699821603\n|-end|p2a: Wagashi|Quark Drive|[silent]\n|switch|p2a: Ube Sago|Clodsire, M, shiny|69\/100\n|-damage|p2a: Ube Sago|63\/100|[from] Stealth Rock\n|switch|p1a: Naclstack|Naclstack, F, tera:Rock|74\/100\n|\n|-heal|p2a: Ube Sago|69\/100|[from] item: Black Sludge\n|upkeep\n|turn|63\n|inactive|Fardulf07 has 210 seconds left.\n|\n|t:|1699821617\n|move|p2a: Ube Sago|Protect|p2a: Ube Sago\n|-singleturn|p2a: Ube Sago|Protect\n|move|p1a: Naclstack|Salt Cure|p2a: Ube Sago\n|-activate|p2a: Ube Sago|move: Protect\n|\n|-heal|p2a: Ube Sago|75\/100|[from] item: Black Sludge\n|upkeep\n|turn|64\n|inactive|prof minu has 270 seconds left.\n|\n|t:|1699821660\n|switch|p2a: Wagashi|Iron Valiant|57\/100 tox\n|-damage|p2a: Wagashi|51\/100 tox|[from] Stealth Rock\n|move|p1a: Naclstack|Salt Cure|p2a: Wagashi\n|-resisted|p2a: Wagashi\n|-damage|p2a: Wagashi|39\/100 tox\n|-start|p2a: Wagashi|Salt Cure\n|\n|-damage|p2a: Wagashi|33\/100 tox|[from] psn\n|-damage|p2a: Wagashi|20\/100 tox|[from] Salt Cure\n|upkeep\n|turn|65\n|inactive|Fardulf07 has 210 seconds left.\n|\n|t:|1699821682\n|switch|p1a: Regieleki|Regieleki|100\/100 slp\n|move|p2a: Wagashi|Psychic|p1a: Regieleki\n|-damage|p1a: Regieleki|43\/100 slp\n|\n|-damage|p2a: Wagashi|8\/100 tox|[from] psn\n|-damage|p2a: Wagashi|0 fnt|[from] Salt Cure\n|faint|p2a: Wagashi\n|-end|p2a: Wagashi|Quark Drive|[silent]\n|upkeep\n|\n|t:|1699821686\n|switch|p2a: Purin|Quagsire, F, shiny|64\/100 tox\n|-damage|p2a: Purin|58\/100 tox|[from] Stealth Rock\n|turn|66\n|\n|t:|1699821695\n|-curestatus|p1a: Regieleki|slp|[msg]\n|move|p1a: Regieleki|Volt Switch|p2a: Purin\n|-immune|p2a: Purin\n|move|p2a: Purin|Earthquake|p1a: Regieleki\n|-supereffective|p1a: Regieleki\n|-damage|p1a: Regieleki|0 fnt\n|faint|p1a: Regieleki\n|\n|-damage|p2a: Purin|52\/100 tox|[from] psn\n|upkeep\n|inactive|Fardulf07 has 210 seconds left.\n|\n|t:|1699821719\n|switch|p1a: Naclstack|Naclstack, F, tera:Rock|74\/100\n|turn|67\n|\n|t:|1699821727\n|move|p1a: Naclstack|Salt Cure|p2a: Purin\n|-resisted|p2a: Purin\n|-damage|p2a: Purin|45\/100 tox\n|-start|p2a: Purin|Salt Cure\n|move|p2a: Purin|Recover|p2a: Purin\n|-heal|p2a: Purin|95\/100 tox\n|\n|-damage|p2a: Purin|83\/100 tox|[from] psn\n|-damage|p2a: Purin|58\/100 tox|[from] Salt Cure\n|upkeep\n|turn|68\n|inactive|Fardulf07 has 210 seconds left.\n|\n|t:|1699821743\n|switch|p1a: Roaring Moon|Roaring Moon|100\/100\n|move|p2a: Purin|Stealth Rock|p1a: Roaring Moon\n|-sidestart|p1: Fardulf07|move: Stealth Rock\n|\n|-damage|p2a: Purin|40\/100 tox|[from] psn\n|-damage|p2a: Purin|15\/100 tox|[from] Salt Cure\n|upkeep\n|turn|69\n|inactive|Fardulf07 has 210 seconds left.\n|\n|t:|1699821751\n|move|p1a: Roaring Moon|Dragon Dance|p1a: Roaring Moon\n|-boost|p1a: Roaring Moon|atk|1\n|-boost|p1a: Roaring Moon|spe|1\n|move|p2a: Purin|Earthquake|p1a: Roaring Moon\n|-damage|p1a: Roaring Moon|58\/100\n|\n|-damage|p2a: Purin|0 fnt|[from] psn\n|faint|p2a: Purin\n|upkeep\n|\n|t:|1699821756\n|switch|p2a: Bingsoo|Glaceon, F, shiny|42\/100\n|-damage|p2a: Bingsoo|17\/100|[from] Stealth Rock\n|turn|70\n|\n|t:|1699821764\n|move|p1a: Roaring Moon|Dragon Claw|p2a: Bingsoo\n|-damage|p2a: Bingsoo|0 fnt\n|faint|p2a: Bingsoo\n|\n|upkeep\n|\n|t:|1699821773\n|switch|p2a: Ube Sago|Clodsire, M, shiny|75\/100\n|-damage|p2a: Ube Sago|69\/100|[from] Stealth Rock\n|turn|71\n|\n|t:|1699821778\n|move|p2a: Ube Sago|Protect|p2a: Ube Sago\n|-singleturn|p2a: Ube Sago|Protect\n|move|p1a: Roaring Moon|Dragon Dance|p1a: Roaring Moon\n|-boost|p1a: Roaring Moon|atk|1\n|-boost|p1a: Roaring Moon|spe|1\n|\n|-heal|p2a: Ube Sago|75\/100|[from] item: Black Sludge\n|upkeep\n|turn|72\n|\n|t:|1699821788\n|move|p1a: Roaring Moon|Dragon Claw|p2a: Ube Sago\n|-damage|p2a: Ube Sago|0 fnt\n|faint|p2a: Ube Sago\n|\n|upkeep\n|\n|t:|1699821791\n|switch|p2a: Halo Halo|Basculegion, M, shiny|100\/100\n|-damage|p2a: Halo Halo|88\/100|[from] Stealth Rock\n|turn|73\n|\n|t:|1699821802\n|move|p1a: Roaring Moon|Dragon Claw|p2a: Halo Halo\n|-damage|p2a: Halo Halo|0 fnt\n|faint|p2a: Halo Halo\n|\n|win|Fardulf07\n|l|\u2606prof minu\n","uploadtime":1699821808,"views":10,"p1id":"fardulf07","p2id":"profminu","formatid":"gen9anythinggoes","rating":0,"private":0,"password":""}