{"id":"gen9anythinggoes-1995624782","p1":"CartierJr","p2":"JJTEPIGBOSS","format":"[Gen 9] Anything Goes","log":"|j|\u2606CartierJr\n|j|\u2606JJTEPIGBOSS\n|t:|1700588543\n|gametype|singles\n|player|p1|CartierJr|backpacker|1206\n|player|p2|JJTEPIGBOSS|2|1178\n|teamsize|p1|6\n|teamsize|p2|6\n|gen|9\n|tier|[Gen 9] Anything Goes\n|rated|\n|rule|HP Percentage Mod: HP is shown in percentages\n|rule|Endless Battle Clause: Forcing endless battles is banned\n|clearpoke\n|poke|p1|Ursaluna, M|\n|poke|p1|Maushold|\n|poke|p1|Arboliva, F|\n|poke|p1|Staraptor, M|\n|poke|p1|Ditto|\n|poke|p1|Farigiraf, F|\n|poke|p2|Quaquaval, M|\n|poke|p2|Abomasnow, M|\n|poke|p2|Clodsire, M|\n|poke|p2|Calyrex-Shadow|\n|poke|p2|Umbreon, F|\n|poke|p2|Kleavor, F|\n|teampreview\n|inactive|Battle timer is ON: inactive players will automatically lose when time's up. (requested by CartierJr)\n|\n|t:|1700588551\n|start\n|switch|p1a: Maushold|Maushold|100\/100\n|switch|p2a: Abomasnow|Abomasnow, M|100\/100\n|-weather|Snow|[from] ability: Snow Warning|[of] p2a: Abomasnow\n|turn|1\n|\n|t:|1700588561\n|move|p1a: Maushold|Tidy Up|p1a: Maushold\n|-boost|p1a: Maushold|atk|1\n|-boost|p1a: Maushold|spe|1\n|move|p2a: Abomasnow|Aurora Veil|p2a: Abomasnow\n|-sidestart|p2: JJTEPIGBOSS|move: Aurora Veil\n|\n|-weather|Snow|[upkeep]\n|upkeep\n|turn|2\n|\n|t:|1700588574\n|move|p1a: Maushold|Population Bomb|p2a: Abomasnow\n|-damage|p2a: Abomasnow|93\/100\n|-damage|p2a: Abomasnow|86\/100\n|-damage|p2a: Abomasnow|78\/100\n|-damage|p2a: Abomasnow|71\/100\n|-damage|p2a: Abomasnow|63\/100\n|-hitcount|p2a: Abomasnow|5\n|move|p2a: Abomasnow|Blizzard|p1a: Maushold\n|-damage|p1a: Maushold|36\/100\n|\n|-weather|Snow|[upkeep]\n|upkeep\n|turn|3\n|\n|t:|1700588589\n|move|p1a: Maushold|Population Bomb|p2a: Abomasnow\n|-damage|p2a: Abomasnow|56\/100\n|-damage|p2a: Abomasnow|49\/100\n|-damage|p2a: Abomasnow|41\/100\n|-damage|p2a: Abomasnow|34\/100\n|-damage|p2a: Abomasnow|26\/100\n|-damage|p2a: Abomasnow|18\/100\n|-hitcount|p2a: Abomasnow|6\n|move|p2a: Abomasnow|Blizzard|p1a: Maushold\n|-damage|p1a: Maushold|0 fnt\n|faint|p1a: Maushold\n|\n|-weather|Snow|[upkeep]\n|upkeep\n|inactive|CartierJr has 120 seconds left.\n|\n|t:|1700588616\n|switch|p1a: Farigiraf|Farigiraf, F, shiny|100\/100\n|turn|4\n|\n|t:|1700588623\n|move|p2a: Abomasnow|Giga Drain|p1a: Farigiraf\n|-damage|p1a: Farigiraf|80\/100\n|-heal|p2a: Abomasnow|32\/100|[from] drain|[of] p1a: Farigiraf\n|move|p1a: Farigiraf|Future Sight|p2a: Abomasnow\n|-start|p1a: Farigiraf|move: Future Sight\n|\n|-weather|Snow|[upkeep]\n|upkeep\n|turn|5\n|\n|t:|1700588633\n|move|p1a: Farigiraf|Protect|p1a: Farigiraf\n|-singleturn|p1a: Farigiraf|Protect\n|move|p2a: Abomasnow|Blizzard|p1a: Farigiraf\n|-activate|p1a: Farigiraf|move: Protect\n|\n|-weather|none\n|-sideend|p2: JJTEPIGBOSS|move: Aurora Veil\n|upkeep\n|turn|6\n|\n|t:|1700588641\n|switch|p2a: Umbreon|Umbreon, F|100\/100\n|move|p1a: Farigiraf|Thunderbolt|p2a: Umbreon\n|-damage|p2a: Umbreon|84\/100\n|\n|-end|p2a: Umbreon|move: Future Sight\n|-immune|p2a: Umbreon\n|upkeep\n|turn|7\n|\n|t:|1700588655\n|move|p2a: Umbreon|Dark Pulse|p1a: Farigiraf\n|-supereffective|p1a: Farigiraf\n|-damage|p1a: Farigiraf|50\/100\n|-enditem|p1a: Farigiraf|Sitrus Berry|[eat]\n|-heal|p1a: Farigiraf|75\/100|[from] item: Sitrus Berry\n|move|p1a: Farigiraf|Trick Room|p1a: Farigiraf\n|-fieldstart|move: Trick Room|[of] p1a: Farigiraf\n|\n|upkeep\n|turn|8\n|\n|t:|1700588664\n|switch|p1a: Ursaluna|Ursaluna, M, shiny|100\/100\n|switch|p2a: Clodsire|Clodsire, M|100\/100\n|\n|-status|p1a: Ursaluna|brn|[from] item: Flame Orb\n|upkeep\n|turn|9\n|\n|t:|1700588674\n|-terastallize|p2a: Clodsire|Ground\n|move|p2a: Clodsire|Curse|p2a: Clodsire\n|-unboost|p2a: Clodsire|spe|1\n|-boost|p2a: Clodsire|atk|1\n|-boost|p2a: Clodsire|def|1\n|move|p1a: Ursaluna|Facade|p2a: Clodsire\n|-damage|p2a: Clodsire|7\/100\n|\n|-heal|p2a: Clodsire|13\/100|[from] item: Leftovers\n|-damage|p1a: Ursaluna|94\/100 brn|[from] brn\n|upkeep\n|turn|10\n|\n|t:|1700588688\n|move|p2a: Clodsire|Body Press|p1a: Ursaluna\n|-supereffective|p1a: Ursaluna\n|-damage|p1a: Ursaluna|60\/100 brn\n|move|p1a: Ursaluna|Facade|p2a: Clodsire\n|-damage|p2a: Clodsire|0 fnt\n|faint|p2a: Clodsire\n|\n|-damage|p1a: Ursaluna|54\/100 brn|[from] brn\n|upkeep\n|\n|t:|1700588699\n|switch|p2a: Abomasnow|Abomasnow, M|32\/100\n|-weather|Snow|[from] ability: Snow Warning|[of] p2a: Abomasnow\n|turn|11\n|c|\u2606CartierJr|Did the game lag for you too?\n|\n|t:|1700588714\n|move|p1a: Ursaluna|Drain Punch|p2a: Abomasnow\n|-supereffective|p2a: Abomasnow\n|-damage|p2a: Abomasnow|0 fnt\n|-heal|p1a: Ursaluna|65\/100 brn|[from] drain|[of] p2a: Abomasnow\n|faint|p2a: Abomasnow\n|\n|-weather|Snow|[upkeep]\n|-damage|p1a: Ursaluna|59\/100 brn|[from] brn\n|-fieldend|move: Trick Room\n|upkeep\n|\n|t:|1700588728\n|switch|p2a: Quaquaval|Quaquaval, M|100\/100\n|turn|12\n|\n|t:|1700588736\n|switch|p1a: Arboliva|Arboliva, F, shiny|100\/100\n|move|p2a: Quaquaval|Aqua Step|p1a: Arboliva\n|-resisted|p1a: Arboliva\n|-damage|p1a: Arboliva|84\/100\n|-boost|p2a: Quaquaval|spe|1\n|-fieldstart|move: Grassy Terrain|[from] ability: Seed Sower|[of] p1a: Arboliva\n|\n|-weather|Snow|[upkeep]\n|-heal|p1a: Arboliva|90\/100|[from] Grassy Terrain\n|-heal|p1a: Arboliva|97\/100|[from] item: Leftovers\n|upkeep\n|turn|13\n|\n|t:|1700588751\n|move|p2a: Quaquaval|Brick Break|p1a: Arboliva\n|-supereffective|p1a: Arboliva\n|-damage|p1a: Arboliva|40\/100\n|move|p1a: Arboliva|Strength Sap|p2a: Quaquaval\n|-unboost|p2a: Quaquaval|atk|1\n|-heal|p1a: Arboliva|100\/100\n|\n|-weather|Snow|[upkeep]\n|upkeep\n|turn|14\n|\n|t:|1700588765\n|switch|p2a: Umbreon|Umbreon, F|84\/100\n|move|p1a: Arboliva|Leech Seed|p2a: Umbreon\n|-start|p2a: Umbreon|move: Leech Seed\n|\n|-weather|Snow|[upkeep]\n|-heal|p2a: Umbreon|90\/100|[from] Grassy Terrain\n|-damage|p2a: Umbreon|78\/100|[from] Leech Seed|[of] p1a: Arboliva\n|upkeep\n|turn|15\n|\n|t:|1700588774\n|move|p2a: Umbreon|Toxic|p1a: Arboliva\n|-status|p1a: Arboliva|tox\n|move|p1a: Arboliva|Giga Drain|p2a: Umbreon\n|-damage|p2a: Umbreon|50\/100\n|\n|-weather|none\n|-heal|p2a: Umbreon|56\/100|[from] Grassy Terrain\n|-damage|p2a: Umbreon|44\/100|[from] Leech Seed|[of] p1a: Arboliva\n|-damage|p1a: Arboliva|94\/100 tox|[from] psn\n|upkeep\n|turn|16\n|\n|t:|1700588791\n|move|p2a: Umbreon|Wish|p2a: Umbreon\n|move|p1a: Arboliva|Strength Sap|p2a: Umbreon\n|-unboost|p2a: Umbreon|atk|1\n|-heal|p1a: Arboliva|100\/100 tox\n|\n|-heal|p2a: Umbreon|50\/100|[from] Grassy Terrain\n|-damage|p2a: Umbreon|38\/100|[from] Leech Seed|[of] p1a: Arboliva\n|-damage|p1a: Arboliva|88\/100 tox|[from] psn\n|-fieldend|move: Grassy Terrain\n|upkeep\n|turn|17\n|\n|t:|1700588803\n|switch|p1a: Staraptor|Staraptor, M|100\/100\n|move|p2a: Umbreon|Dark Pulse|p1a: Staraptor\n|-damage|p1a: Staraptor|66\/100\n|\n|-heal|p2a: Umbreon|88\/100|[from] move: Wish|[wisher] Umbreon\n|-damage|p2a: Umbreon|75\/100|[from] Leech Seed|[of] p1a: Staraptor\n|-heal|p1a: Staraptor|80\/100|[silent]\n|upkeep\n|turn|18\n|\n|t:|1700588819\n|switch|p2a: Kleavor|Kleavor, F|100\/100\n|move|p1a: Staraptor|Close Combat|p2a: Kleavor\n|-crit|p2a: Kleavor\n|-damage|p2a: Kleavor|28\/100\n|-unboost|p1a: Staraptor|def|1\n|-unboost|p1a: Staraptor|spd|1\n|\n|upkeep\n|turn|19\n|\n|t:|1700588830\n|move|p1a: Staraptor|Close Combat|p2a: Kleavor\n|-damage|p2a: Kleavor|0 fnt\n|-unboost|p1a: Staraptor|def|1\n|-unboost|p1a: Staraptor|spd|1\n|faint|p2a: Kleavor\n|\n|upkeep\n|\n|t:|1700588836\n|switch|p2a: Quaquaval|Quaquaval, M|100\/100\n|turn|20\n|\n|t:|1700588843\n|switch|p1a: Arboliva|Arboliva, F, shiny|88\/100 tox\n|move|p2a: Quaquaval|Aqua Jet|p1a: Arboliva\n|-resisted|p1a: Arboliva\n|-damage|p1a: Arboliva|80\/100 tox\n|-fieldstart|move: Grassy Terrain|[from] ability: Seed Sower|[of] p1a: Arboliva\n|\n|-heal|p1a: Arboliva|87\/100 tox|[from] Grassy Terrain\n|-heal|p1a: Arboliva|93\/100 tox|[from] item: Leftovers\n|-damage|p1a: Arboliva|87\/100 tox|[from] psn\n|upkeep\n|turn|21\n|\n|t:|1700588857\n|move|p2a: Quaquaval|Brick Break|p1a: Arboliva\n|-supereffective|p1a: Arboliva\n|-damage|p1a: Arboliva|29\/100 tox\n|move|p1a: Arboliva|Strength Sap|p2a: Quaquaval\n|-unboost|p2a: Quaquaval|atk|1\n|-heal|p1a: Arboliva|100\/100 tox\n|\n|-damage|p1a: Arboliva|88\/100 tox|[from] psn\n|upkeep\n|turn|22\n|\n|t:|1700588868\n|move|p2a: Quaquaval|Brick Break|p1a: Arboliva\n|-supereffective|p1a: Arboliva\n|-damage|p1a: Arboliva|53\/100 tox\n|move|p1a: Arboliva|Giga Drain|p2a: Quaquaval\n|-supereffective|p2a: Quaquaval\n|-damage|p2a: Quaquaval|2\/100\n|-heal|p1a: Arboliva|99\/100 tox|[from] drain|[of] p2a: Quaquaval\n|-enditem|p2a: Quaquaval|Sitrus Berry|[eat]\n|-heal|p2a: Quaquaval|27\/100|[from] item: Sitrus Berry\n|\n|-heal|p2a: Quaquaval|33\/100|[from] Grassy Terrain\n|-heal|p1a: Arboliva|100\/100 tox|[from] Grassy Terrain\n|-damage|p1a: Arboliva|82\/100 tox|[from] psn\n|upkeep\n|turn|23\n|\n|t:|1700588883\n|switch|p2a: Umbreon|Umbreon, F|75\/100\n|move|p1a: Arboliva|Giga Drain|p2a: Umbreon\n|-damage|p2a: Umbreon|47\/100\n|-heal|p1a: Arboliva|96\/100 tox|[from] drain|[of] p2a: Umbreon\n|\n|-heal|p2a: Umbreon|54\/100|[from] Grassy Terrain\n|-heal|p1a: Arboliva|100\/100 tox|[from] Grassy Terrain\n|-damage|p1a: Arboliva|76\/100 tox|[from] psn\n|upkeep\n|turn|24\n|\n|t:|1700588898\n|switch|p1a: Staraptor|Staraptor, M|80\/100\n|move|p2a: Umbreon|Wish|p2a: Umbreon\n|\n|-heal|p2a: Umbreon|60\/100|[from] Grassy Terrain\n|-fieldend|move: Grassy Terrain\n|upkeep\n|turn|25\n|\n|t:|1700588908\n|move|p2a: Umbreon|Protect|p2a: Umbreon\n|-singleturn|p2a: Umbreon|Protect\n|move|p1a: Staraptor|Close Combat|p2a: Umbreon\n|-activate|p2a: Umbreon|move: Protect\n|\n|-heal|p2a: Umbreon|100\/100|[from] move: Wish|[wisher] Umbreon\n|upkeep\n|turn|26\n|\n|t:|1700588918\n|move|p1a: Staraptor|Close Combat|p2a: Umbreon\n|-supereffective|p2a: Umbreon\n|-damage|p2a: Umbreon|31\/100\n|-unboost|p1a: Staraptor|def|1\n|-unboost|p1a: Staraptor|spd|1\n|-damage|p1a: Staraptor|63\/100|[from] item: Rocky Helmet|[of] p2a: Umbreon\n|move|p2a: Umbreon|Toxic|p1a: Staraptor\n|-status|p1a: Staraptor|tox\n|\n|-damage|p1a: Staraptor|57\/100 tox|[from] psn\n|upkeep\n|turn|27\n|\n|t:|1700588930\n|switch|p2a: Calyrex|Calyrex-Shadow|100\/100\n|-ability|p2a: Calyrex|As One\n|-ability|p2a: Calyrex|Unnerve\n|move|p1a: Staraptor|Close Combat|p2a: Calyrex\n|-immune|p2a: Calyrex\n|\n|-damage|p1a: Staraptor|45\/100 tox|[from] psn\n|upkeep\n|turn|28\n|\n|t:|1700588952\n|switch|p1a: Arboliva|Arboliva, F, shiny|76\/100 tox\n|move|p2a: Calyrex|Substitute|p2a: Calyrex\n|-start|p2a: Calyrex|Substitute\n|-damage|p2a: Calyrex|76\/100\n|\n|-heal|p1a: Arboliva|82\/100 tox|[from] item: Leftovers\n|-damage|p1a: Arboliva|76\/100 tox|[from] psn\n|upkeep\n|turn|29\n|\n|t:|1700588965\n|move|p2a: Calyrex|Nasty Plot|p2a: Calyrex\n|-boost|p2a: Calyrex|spa|2\n|move|p1a: Arboliva|Giga Drain|p2a: Calyrex\n|-end|p2a: Calyrex|Substitute\n|-heal|p1a: Arboliva|88\/100 tox|[from] drain|[of] p2a: Calyrex\n|\n|-heal|p1a: Arboliva|94\/100 tox|[from] item: Leftovers\n|-damage|p1a: Arboliva|82\/100 tox|[from] psn\n|upkeep\n|turn|30\n|\n|t:|1700588977\n|move|p2a: Calyrex|Psychic|p1a: Arboliva\n|-damage|p1a: Arboliva|0 fnt\n|-fieldstart|move: Grassy Terrain|[from] ability: Seed Sower|[of] p1a: Arboliva\n|faint|p1a: Arboliva\n|-ability|p2a: Calyrex|Grim Neigh|boost\n|-boost|p2a: Calyrex|spa|1\n|\n|-heal|p2a: Calyrex|82\/100|[from] Grassy Terrain\n|upkeep\n|\n|t:|1700588990\n|switch|p1a: Ditto|Ditto, shiny|100\/100\n|-transform|p1a: Ditto|p2a: Calyrex|[from] ability: Imposter\n|turn|31\n|\n|t:|1700589005\n|switch|p2a: Umbreon|Umbreon, F|31\/100\n|move|p1a: Ditto|Astral Barrage|p2a: Umbreon\n|-resisted|p2a: Umbreon\n|-damage|p2a: Umbreon|0 fnt\n|faint|p2a: Umbreon\n|-ability|p1a: Ditto|Grim Neigh|boost\n|-boost|p1a: Ditto|spa|1\n|\n|upkeep\n|\n|t:|1700589022\n|switch|p2a: Calyrex|Calyrex-Shadow|82\/100\n|-ability|p2a: Calyrex|As One\n|-ability|p2a: Calyrex|Unnerve\n|turn|32\n|\n|t:|1700589030\n|move|p1a: Ditto|Astral Barrage|p2a: Calyrex\n|-supereffective|p2a: Calyrex\n|-damage|p2a: Calyrex|0 fnt\n|faint|p2a: Calyrex\n|-ability|p1a: Ditto|Grim Neigh|boost\n|-boost|p1a: Ditto|spa|1\n|\n|upkeep\n|\n|t:|1700589038\n|switch|p2a: Quaquaval|Quaquaval, M|33\/100\n|turn|33\n|\n|t:|1700589042\n|move|p2a: Quaquaval|Aqua Jet|p1a: Ditto\n|-damage|p1a: Ditto|74\/100\n|move|p1a: Ditto|Astral Barrage|p2a: Quaquaval\n|-damage|p2a: Quaquaval|0 fnt\n|faint|p2a: Quaquaval\n|\n|win|CartierJr\n|raw|CartierJr's rating: 1206 &rarr; <strong>1229<\/strong><br \/>(+23 for winning)\n|raw|JJTEPIGBOSS's rating: 1178 &rarr; <strong>1155<\/strong><br \/>(-23 for losing)\n|c|\u2606CartierJr|Ggs\n|l|\u2606JJTEPIGBOSS\n","uploadtime":1700589129,"views":0,"p1id":"cartierjr","p2id":"jjtepigboss","formatid":"gen9anythinggoes","rating":1155,"private":0,"password":""}