{"id":"gen9anythinggoes-1983996609","p1":"Floppyyyyyy","p2":"HowToPlayDisXD","format":"[Gen 9] Anything Goes","log":"|j|\u2606Floppyyyyyy\n|j|\u2606HowToPlayDisXD\n|t:|1699208104\n|gametype|singles\n|player|p1|Floppyyyyyy|unknown|1021\n|player|p2|HowToPlayDisXD|picnicker|1016\n|teamsize|p1|3\n|teamsize|p2|6\n|gen|9\n|tier|[Gen 9] Anything Goes\n|rated|\n|rule|HP Percentage Mod: HP is shown in percentages\n|rule|Endless Battle Clause: Forcing endless battles is banned\n|clearpoke\n|poke|p1|Cyclizar, M|\n|poke|p1|Mimikyu, M|\n|poke|p1|Polteageist-Antique|\n|poke|p2|Donphan, L1, F|\n|poke|p2|Tyranitar, M|\n|poke|p2|Maushold-Four|\n|poke|p2|Magearna|\n|poke|p2|Kingambit, F|\n|poke|p2|Cryogonal|\n|teampreview\n|inactive|Battle timer is ON: inactive players will automatically lose when time's up. (requested by HowToPlayDisXD)\n|\n|t:|1699208134\n|start\n|switch|p1a: Cyclizar|Cyclizar, M|100\/100\n|switch|p2a: Tyranitar|Tyranitar, M|100\/100\n|-weather|Sandstorm|[from] ability: Sand Stream|[of] p2a: Tyranitar\n|turn|1\n|\n|t:|1699208142\n|switch|p2a: Magearna|Magearna|100\/100\n|move|p1a: Cyclizar|Knock Off|p2a: Magearna\n|-resisted|p2a: Magearna\n|-damage|p2a: Magearna|90\/100\n|-enditem|p2a: Magearna|Focus Sash|[from] move: Knock Off|[of] p1a: Cyclizar\n|\n|-weather|Sandstorm|[upkeep]\n|-damage|p1a: Cyclizar|94\/100|[from] Sandstorm\n|upkeep\n|turn|2\n|\n|t:|1699208151\n|move|p1a: Cyclizar|Shed Tail|p1a: Cyclizar\n|-start|p1a: Cyclizar|Substitute|[from] move: Shed Tail\n|-damage|p1a: Cyclizar|44\/100\n|\n|t:|1699208161\n|switch|p1a: Mimikyu|Mimikyu, M, shiny|100\/100|[from] Shed Tail\n|move|p2a: Magearna|Dazzling Gleam|p1a: Mimikyu\n|-end|p1a: Mimikyu|Substitute\n|\n|-weather|Sandstorm|[upkeep]\n|-damage|p1a: Mimikyu|95\/100|[from] Sandstorm\n|-heal|p1a: Mimikyu|100\/100|[from] item: Leftovers\n|upkeep\n|turn|3\n|\n|t:|1699208172\n|move|p1a: Mimikyu|Swords Dance|p1a: Mimikyu\n|-boost|p1a: Mimikyu|atk|2\n|move|p2a: Magearna|Flash Cannon|p1a: Mimikyu\n|-activate|p1a: Mimikyu|ability: Disguise\n|-damage|p1a: Mimikyu|100\/100\n|detailschange|p1a: Mimikyu|Mimikyu-Busted, M, shiny\n|-damage|p1a: Mimikyu|88\/100|[from] pokemon: Mimikyu-Busted\n|\n|-weather|Sandstorm|[upkeep]\n|-damage|p1a: Mimikyu|82\/100|[from] Sandstorm\n|-heal|p1a: Mimikyu|88\/100|[from] item: Leftovers\n|upkeep\n|turn|4\n|\n|t:|1699208201\n|-terastallize|p1a: Mimikyu|Ghost\n|move|p1a: Mimikyu|Drain Punch|p2a: Magearna\n|-damage|p2a: Magearna|55\/100\n|-heal|p1a: Mimikyu|100\/100|[from] drain|[of] p2a: Magearna\n|move|p2a: Magearna|Flash Cannon|p1a: Mimikyu\n|-damage|p1a: Mimikyu|55\/100\n|\n|-weather|Sandstorm|[upkeep]\n|-damage|p1a: Mimikyu|49\/100|[from] Sandstorm\n|-heal|p1a: Mimikyu|55\/100|[from] item: Leftovers\n|upkeep\n|turn|5\n|\n|t:|1699208212\n|move|p1a: Mimikyu|Drain Punch|p2a: Magearna\n|-damage|p2a: Magearna|19\/100\n|-heal|p1a: Mimikyu|77\/100|[from] drain|[of] p2a: Magearna\n|move|p2a: Magearna|Flash Cannon|p1a: Mimikyu\n|-damage|p1a: Mimikyu|30\/100\n|\n|-weather|Sandstorm|[upkeep]\n|-damage|p1a: Mimikyu|24\/100|[from] Sandstorm\n|-heal|p1a: Mimikyu|30\/100|[from] item: Leftovers\n|upkeep\n|turn|6\n|\n|t:|1699208221\n|move|p1a: Mimikyu|Drain Punch|p2a: Magearna\n|-damage|p2a: Magearna|0 fnt\n|-heal|p1a: Mimikyu|41\/100|[from] drain|[of] p2a: Magearna\n|faint|p2a: Magearna\n|\n|-weather|Sandstorm|[upkeep]\n|-damage|p1a: Mimikyu|35\/100|[from] Sandstorm\n|-heal|p1a: Mimikyu|41\/100|[from] item: Leftovers\n|upkeep\n|\n|t:|1699208235\n|switch|p2a: Tyranitar|Tyranitar, M|100\/100\n|turn|7\n|\n|t:|1699208241\n|move|p1a: Mimikyu|Drain Punch|p2a: Tyranitar\n|-supereffective|p2a: Tyranitar\n|-damage|p2a: Tyranitar|0 fnt\n|-heal|p1a: Mimikyu|100\/100|[from] drain|[of] p2a: Tyranitar\n|faint|p2a: Tyranitar\n|\n|-weather|Sandstorm|[upkeep]\n|-damage|p1a: Mimikyu|95\/100|[from] Sandstorm\n|-heal|p1a: Mimikyu|100\/100|[from] item: Leftovers\n|upkeep\n|\n|t:|1699208261\n|switch|p2a: Donphan|Donphan, L1, F|100\/100\n|turn|8\n|\n|t:|1699208276\n|move|p1a: Mimikyu|Swords Dance|p1a: Mimikyu\n|-boost|p1a: Mimikyu|atk|2\n|move|p2a: Donphan|Gunk Shot|p1a: Mimikyu|[miss]\n|-miss|p2a: Donphan|p1a: Mimikyu\n|\n|-weather|none\n|upkeep\n|turn|9\n|\n|t:|1699208282\n|move|p1a: Mimikyu|Shadow Sneak|p2a: Donphan\n|-ability|p2a: Donphan|Sturdy\n|-damage|p2a: Donphan|8\/100\n|move|p2a: Donphan|Gunk Shot|p1a: Mimikyu\n|-resisted|p1a: Mimikyu\n|-damage|p1a: Mimikyu|99\/100\n|-heal|p2a: Donphan|16\/100|[from] item: Shell Bell|[of] p1a: Mimikyu\n|\n|-heal|p1a: Mimikyu|100\/100|[from] item: Leftovers\n|upkeep\n|turn|10\n|\n|t:|1699208291\n|move|p1a: Mimikyu|Shadow Sneak|p2a: Donphan\n|-damage|p2a: Donphan|0 fnt\n|faint|p2a: Donphan\n|\n|upkeep\n|\n|t:|1699208295\n|switch|p2a: Maushold|Maushold-Four|100\/100\n|turn|11\n|\n|t:|1699208302\n|move|p2a: Maushold|Crunch|p1a: Mimikyu\n|-supereffective|p1a: Mimikyu\n|-damage|p1a: Mimikyu|35\/100\n|move|p1a: Mimikyu|Drain Punch|p2a: Maushold\n|-supereffective|p2a: Maushold\n|-damage|p2a: Maushold|0 fnt\n|-heal|p1a: Mimikyu|92\/100|[from] drain|[of] p2a: Maushold\n|faint|p2a: Maushold\n|\n|-heal|p1a: Mimikyu|98\/100|[from] item: Leftovers\n|upkeep\n|\n|t:|1699208305\n|switch|p2a: Cryogonal|Cryogonal|100\/100\n|turn|12\n|\n|t:|1699208317\n|move|p1a: Mimikyu|Drain Punch|p2a: Cryogonal\n|-supereffective|p2a: Cryogonal\n|-enditem|p2a: Cryogonal|Focus Sash\n|-damage|p2a: Cryogonal|1\/100\n|-heal|p1a: Mimikyu|100\/100|[from] drain|[of] p2a: Cryogonal\n|move|p2a: Cryogonal|Haze|p2a: Cryogonal\n|-clearallboost\n|\n|upkeep\n|turn|13\n|\n|t:|1699208326\n|move|p1a: Mimikyu|Shadow Sneak|p2a: Cryogonal\n|-damage|p2a: Cryogonal|0 fnt\n|faint|p2a: Cryogonal\n|\n|upkeep\n|\n|t:|1699208329\n|switch|p2a: Kingambit|Kingambit, F|100\/100\n|-activate|p2a: Kingambit|ability: Supreme Overlord\n|-start|p2a: Kingambit|fallen5|[silent]\n|turn|14\n|\n|t:|1699208335\n|move|p1a: Mimikyu|Drain Punch|p2a: Kingambit\n|-supereffective|p2a: Kingambit\n|-damage|p2a: Kingambit|31\/100\n|move|p2a: Kingambit|Swords Dance|p2a: Kingambit\n|-boost|p2a: Kingambit|atk|2\n|\n|upkeep\n|turn|15\n|\n|t:|1699208341\n|-terastallize|p2a: Kingambit|Dark\n|move|p2a: Kingambit|Sucker Punch|p1a: Mimikyu\n|-supereffective|p1a: Mimikyu\n|-damage|p1a: Mimikyu|0 fnt\n|faint|p1a: Mimikyu\n|\n|upkeep\n|\n|t:|1699208347\n|switch|p1a: Cyclizar|Cyclizar, M|78\/100\n|turn|16\n|\n|t:|1699208356\n|move|p2a: Kingambit|Sucker Punch|p1a: Cyclizar\n|-damage|p1a: Cyclizar|0 fnt\n|faint|p1a: Cyclizar\n|\n|upkeep\n|\n|t:|1699208360\n|switch|p1a: Polteageist|Polteageist-Antique|100\/100\n|turn|17\n|\n|t:|1699208371\n|move|p1a: Polteageist|Sucker Punch|p2a: Kingambit\n|-resisted|p2a: Kingambit\n|-damage|p2a: Kingambit|27\/100\n|move|p2a: Kingambit|Sucker Punch||[still]\n|-fail|p2a: Kingambit\n|\n|upkeep\n|turn|18\n|\n|t:|1699208378\n|move|p1a: Polteageist|Sucker Punch|p2a: Kingambit\n|-resisted|p2a: Kingambit\n|-damage|p2a: Kingambit|22\/100\n|move|p2a: Kingambit|Shadow Claw|p1a: Polteageist\n|-supereffective|p1a: Polteageist\n|-crit|p1a: Polteageist\n|-enditem|p1a: Polteageist|Focus Sash\n|-damage|p1a: Polteageist|1\/100\n|-ability|p1a: Polteageist|Weak Armor|boost\n|-unboost|p1a: Polteageist|def|1\n|-boost|p1a: Polteageist|spe|2\n|\n|upkeep\n|turn|19\n|\n|t:|1699208390\n|move|p1a: Polteageist|Hyper Beam|p2a: Kingambit\n|-damage|p2a: Kingambit|0 fnt\n|-mustrecharge|p1a: Polteageist\n|faint|p2a: Kingambit\n|-end|p2a: Kingambit|fallen5|[silent]\n|\n|win|Floppyyyyyy\n|raw|Floppyyyyyy's rating: 1021 &rarr; <strong>1057<\/strong><br \/>(+36 for winning)\n|raw|HowToPlayDisXD's rating: 1016 &rarr; <strong>1004<\/strong><br \/>(-12 for losing)\n","uploadtime":1699208396,"views":7,"p1id":"floppyyyyyy","p2id":"howtoplaydisxd","formatid":"gen9anythinggoes","rating":1004,"private":0,"password":""}