{"id":"gen9anythinggoes-1994313547","p1":"gingerninja23","p2":"Darcia","format":"[Gen 9] Anything Goes","log":"|j|\u2606gingerninja23\n|j|\u2606Darcia\n|t:|1700430031\n|gametype|singles\n|player|p1|gingerninja23|brassius|\n|player|p2|Darcia|n-masters|\n|teamsize|p1|6\n|teamsize|p2|6\n|gen|9\n|tier|[Gen 9] Anything Goes\n|rule|HP Percentage Mod: HP is shown in percentages\n|rule|Endless Battle Clause: Forcing endless battles is banned\n|clearpoke\n|poke|p1|Iron Valiant|\n|poke|p1|Lycanroc-Dusk, M|\n|poke|p1|Vaporeon, F|\n|poke|p1|Crocalor, F|\n|poke|p1|Kilowattrel, F|\n|poke|p1|Mesprit|\n|poke|p2|Zoroark-Hisui, M|\n|poke|p2|Ogerpon-Wellspring, F|\n|poke|p2|Great Tusk|\n|poke|p2|Baxcalibur, F|\n|poke|p2|Ribombee, M|\n|poke|p2|Shiftry, F|\n|teampreview\n|c|\u2606gingerninja23|glhv\n|\n|t:|1700430102\n|start\n|switch|p1a: Kilowattrel|Kilowattrel, F|100\/100\n|switch|p2a: Titania|Ribombee, M|100\/100\n|turn|1\n|\n|t:|1700430111\n|move|p1a: Kilowattrel|Air Slash|p2a: Titania\n|-supereffective|p2a: Titania\n|-enditem|p2a: Titania|Focus Sash\n|-damage|p2a: Titania|1\/100\n|move|p2a: Titania|Sticky Web|p1a: Kilowattrel\n|-sidestart|p1: gingerninja23|move: Sticky Web\n|\n|upkeep\n|turn|2\n|\n|t:|1700430131\n|move|p1a: Kilowattrel|Thunderbolt|p2a: Titania\n|-damage|p2a: Titania|0 fnt\n|faint|p2a: Titania\n|\n|upkeep\n|\n|t:|1700430136\n|switch|p2a: Tengu|Shiftry, F|100\/100\n|turn|3\n|\n|t:|1700430143\n|move|p1a: Kilowattrel|U-turn|p2a: Tengu\n|-supereffective|p2a: Tengu\n|-damage|p2a: Tengu|33\/100\n|\n|t:|1700430161\n|switch|p1a: Crocalor|Crocalor, F|100\/100|[from] U-turn\n|-activate|p1a: Crocalor|move: Sticky Web\n|-unboost|p1a: Crocalor|spe|1\n|move|p2a: Tengu|Tailwind|p2a: Tengu\n|-sidestart|p2: Darcia|move: Tailwind\n|-ability|p2a: Tengu|Wind Rider|boost\n|-boost|p2a: Tengu|atk|1\n|\n|upkeep\n|turn|4\n|\n|t:|1700430174\n|-terastallize|p1a: Crocalor|Fairy\n|move|p2a: Tengu|Knock Off|p1a: Crocalor\n|-resisted|p1a: Crocalor\n|-crit|p1a: Crocalor\n|-damage|p1a: Crocalor|77\/100\n|-enditem|p1a: Crocalor|Eviolite|[from] move: Knock Off|[of] p2a: Tengu\n|move|p1a: Crocalor|Flamethrower|p2a: Tengu\n|-supereffective|p2a: Tengu\n|-damage|p2a: Tengu|0 fnt\n|faint|p2a: Tengu\n|\n|upkeep\n|\n|t:|1700430189\n|switch|p2a: Godzilla|Baxcalibur, F|100\/100\n|turn|5\n|\n|t:|1700430203\n|move|p2a: Godzilla|Swords Dance|p2a: Godzilla\n|-boost|p2a: Godzilla|atk|2\n|move|p1a: Crocalor|Roar|p2a: Godzilla\n|drag|p2a: Behemoth|Great Tusk|100\/100\n|\n|upkeep\n|turn|6\n|\n|t:|1700430213\n|switch|p1a: Mesprit|Mesprit|100\/100\n|move|p2a: Behemoth|Hyper Voice|p1a: Mesprit\n|-damage|p1a: Mesprit|34\/100\n|\n|-heal|p1a: Mesprit|40\/100|[from] item: Leftovers\n|-sideend|p2: Darcia|move: Tailwind\n|upkeep\n|turn|7\n|\n|t:|1700430253\n|switch|p1a: Crocalor|Crocalor, F, tera:Fairy|77\/100\n|-activate|p1a: Crocalor|move: Sticky Web\n|-unboost|p1a: Crocalor|spe|1\n|move|p2a: Behemoth|Hyper Voice|p1a: Crocalor\n|-damage|p1a: Crocalor|18\/100\n|\n|upkeep\n|turn|8\n|\n|t:|1700430262\n|move|p2a: Behemoth|Hyper Voice|p1a: Crocalor\n|-damage|p1a: Crocalor|0 fnt\n|faint|p1a: Crocalor\n|\n|upkeep\n|\n|t:|1700430283\n|switch|p1a: Lycanroc|Lycanroc-Dusk, M|100\/100\n|-activate|p1a: Lycanroc|move: Sticky Web\n|-unboost|p1a: Lycanroc|spe|1\n|turn|9\n|\n|t:|1700430291\n|switch|p2a: Behemoth|Great Tusk|100\/100\n|move|p1a: Lycanroc|Play Rough|p2a: Behemoth\n|-supereffective|p2a: Behemoth\n|-damage|p2a: Behemoth|49\/100\n|-damage|p1a: Lycanroc|84\/100|[from] item: Rocky Helmet|[of] p2a: Behemoth\n|-damage|p1a: Lycanroc|74\/100|[from] item: Life Orb\n|\n|upkeep\n|turn|10\n|\n|t:|1700430339\n|switch|p1a: Kilowattrel|Kilowattrel, F|100\/100\n|move|p2a: Behemoth|Earthquake|p1a: Kilowattrel\n|-immune|p1a: Kilowattrel\n|\n|upkeep\n|turn|11\n|\n|t:|1700430367\n|move|p1a: Kilowattrel|Air Slash|p2a: Behemoth\n|-supereffective|p2a: Behemoth\n|-damage|p2a: Behemoth|0 fnt\n|faint|p2a: Behemoth\n|-end|p2a: Behemoth|Protosynthesis|[silent]\n|\n|upkeep\n|\n|t:|1700430373\n|switch|p2a: Katara|Ogerpon-Wellspring, F|100\/100\n|turn|12\n|\n|t:|1700430415\n|switch|p2a: Katara|Ogerpon-Wellspring, F|100\/100\n|move|p1a: Kilowattrel|U-turn|p2a: Katara\n|-resisted|p2a: Katara\n|-damage|p2a: Katara|89\/100\n|replace|p2a: Ace|Zoroark-Hisui, M\n|-end|p2a: Ace|Illusion\n|\n|t:|1700430453\n|switch|p1a: Iron Valiant|Iron Valiant|100\/100|[from] U-turn\n|-activate|p1a: Iron Valiant|move: Sticky Web\n|-unboost|p1a: Iron Valiant|spe|1\n|\n|upkeep\n|turn|13\n|\n|t:|1700430461\n|move|p1a: Iron Valiant|Moonblast|p2a: Ace\n|-damage|p2a: Ace|0 fnt\n|faint|p2a: Ace\n|\n|upkeep\n|\n|t:|1700430468\n|switch|p2a: Godzilla|Baxcalibur, F|100\/100\n|turn|14\n|\n|t:|1700430482\n|move|p1a: Iron Valiant|Moonblast|p2a: Godzilla\n|-supereffective|p2a: Godzilla\n|-damage|p2a: Godzilla|1\/100\n|move|p2a: Godzilla|Icicle Crash|p1a: Iron Valiant\n|-damage|p1a: Iron Valiant|36\/100\n|\n|upkeep\n|turn|15\n|\n|t:|1700430489\n|move|p1a: Iron Valiant|Moonblast|p2a: Godzilla\n|-supereffective|p2a: Godzilla\n|-damage|p2a: Godzilla|0 fnt\n|faint|p2a: Godzilla\n|\n|upkeep\n|\n|t:|1700430495\n|switch|p2a: Katara|Ogerpon-Wellspring, F|100\/100\n|turn|16\n|\n|t:|1700430500\n|-end|p1a: Iron Valiant|Quark Drive|[silent]\n|switch|p1a: Kilowattrel|Kilowattrel, F|100\/100\n|move|p2a: Katara|Trailblaze|p1a: Kilowattrel\n|-resisted|p1a: Kilowattrel\n|-crit|p1a: Kilowattrel\n|-damage|p1a: Kilowattrel|62\/100\n|-boost|p2a: Katara|spe|1\n|\n|upkeep\n|turn|17\n|\n|t:|1700430511\n|move|p2a: Katara|Ivy Cudgel|p1a: Kilowattrel|[anim] Ivy Cudgel Water\n|-damage|p1a: Kilowattrel|0 fnt\n|faint|p1a: Kilowattrel\n|\n|upkeep\n|\n|t:|1700430526\n|switch|p1a: Vaporeon|Vaporeon, F|100\/100\n|-activate|p1a: Vaporeon|move: Sticky Web\n|-unboost|p1a: Vaporeon|spe|1\n|turn|18\n|\n|t:|1700430532\n|move|p1a: Vaporeon|Protect|p1a: Vaporeon\n|-singleturn|p1a: Vaporeon|Protect\n|move|p2a: Katara|Swords Dance|p2a: Katara\n|-boost|p2a: Katara|atk|2\n|\n|upkeep\n|turn|19\n|\n|t:|1700430539\n|move|p2a: Katara|Horn Leech|p1a: Vaporeon\n|-supereffective|p1a: Vaporeon\n|-damage|p1a: Vaporeon|0 fnt\n|faint|p1a: Vaporeon\n|\n|upkeep\n|\n|t:|1700430549\n|switch|p1a: Iron Valiant|Iron Valiant|36\/100\n|-activate|p1a: Iron Valiant|move: Sticky Web\n|-unboost|p1a: Iron Valiant|spe|1\n|turn|20\n|\n|t:|1700430559\n|move|p2a: Katara|Horn Leech|p1a: Iron Valiant\n|-damage|p1a: Iron Valiant|0 fnt\n|faint|p1a: Iron Valiant\n|-end|p1a: Iron Valiant|Quark Drive|[silent]\n|\n|upkeep\n|\n|t:|1700430563\n|switch|p1a: Mesprit|Mesprit|40\/100\n|turn|21\n|\n|t:|1700430570\n|move|p2a: Katara|Horn Leech|p1a: Mesprit\n|-damage|p1a: Mesprit|0 fnt\n|faint|p1a: Mesprit\n|\n|upkeep\n|\n|t:|1700430575\n|switch|p1a: Lycanroc|Lycanroc-Dusk, M|74\/100\n|-activate|p1a: Lycanroc|move: Sticky Web\n|-unboost|p1a: Lycanroc|spe|1\n|turn|22\n|\n|t:|1700430590\n|move|p2a: Katara|Horn Leech|p1a: Lycanroc\n|-supereffective|p1a: Lycanroc\n|-damage|p1a: Lycanroc|0 fnt\n|faint|p1a: Lycanroc\n|\n|win|Darcia\n|c|\u2606gingerninja23|gg, i should have hazed\n","uploadtime":1700430601,"views":19,"p1id":"gingerninja23","p2id":"darcia","formatid":"gen9anythinggoes","rating":0,"private":0,"password":""}