{"id":"gen9anythinggoes-1999402845","p1":"sumitvs138","p2":"game18","format":"[Gen 9] Anything Goes","log":"|j|\u2606sumitvs138\n|j|\u2606game18\n|inactive|Battle timer is ON: inactive players will automatically lose when time's up.\n|t:|1701074522\n|gametype|singles\n|player|p1|sumitvs138|2|\n|player|p2|game18|ghetsis|\n|teamsize|p1|6\n|teamsize|p2|6\n|gen|9\n|tier|[Gen 9] Anything Goes\n|rated|Tournament battle\n|rule|HP Percentage Mod: HP is shown in percentages\n|rule|Endless Battle Clause: Forcing endless battles is banned\n|clearpoke\n|poke|p1|Glimmora, M|\n|poke|p1|Calyrex-Shadow|\n|poke|p1|Basculegion, M|\n|poke|p1|Arceus|\n|poke|p1|Iron Leaves|\n|poke|p1|Miraidon|\n|poke|p2|Ting-Lu|\n|poke|p2|Arceus-Fairy|\n|poke|p2|Calyrex-Shadow|\n|poke|p2|Arceus|\n|poke|p2|Koraidon|\n|poke|p2|Toxapex, M|\n|teampreview\n|\n|t:|1701074543\n|start\n|switch|p1a: Glimmora|Glimmora, M|100\/100\n|switch|p2a: Arceus|Arceus-Fairy|100\/100\n|turn|1\n|\n|t:|1701074550\n|move|p2a: Arceus|Taunt|p1a: Glimmora\n|-start|p1a: Glimmora|move: Taunt\n|move|p1a: Glimmora|Mortal Spin|p2a: Arceus\n|-supereffective|p2a: Arceus\n|-damage|p2a: Arceus|91\/100\n|-status|p2a: Arceus|psn\n|\n|-damage|p2a: Arceus|79\/100 psn|[from] psn\n|upkeep\n|turn|2\n|inactive|game18 has 120 seconds left.\n|\n|t:|1701074587\n|switch|p2a: Koraidon|Koraidon|100\/100\n|-weather|SunnyDay|[from] ability: Orichalcum Pulse|[of] p2a: Koraidon\n|-activate|p2a: Koraidon|Orichalcum Pulse|[source]\n|switch|p1a: Arceus|Arceus|100\/100\n|\n|-weather|SunnyDay|[upkeep]\n|upkeep\n|turn|3\n|c|\u2606sumitvs138|\ud83d\udc4b hello\n|inactive|game18 has 120 seconds left.\n|\n|t:|1701074604\n|switch|p1a: Calyrex|Calyrex-Shadow|100\/100\n|-ability|p1a: Calyrex|As One\n|-ability|p1a: Calyrex|Unnerve\n|move|p2a: Koraidon|Flare Blitz|p1a: Calyrex\n|-damage|p1a: Calyrex|0 fnt\n|faint|p1a: Calyrex\n|-damage|p2a: Koraidon|67\/100|[from] Recoil\n|\n|-weather|SunnyDay|[upkeep]\n|upkeep\n|\n|t:|1701074617\n|switch|p1a: Glimmora|Glimmora, M|100\/100\n|turn|4\n|\n|t:|1701074627\n|move|p2a: Koraidon|Flare Blitz|p1a: Glimmora\n|-resisted|p1a: Glimmora\n|-damage|p1a: Glimmora|38\/100\n|-damage|p2a: Koraidon|49\/100|[from] Recoil\n|move|p1a: Glimmora|Toxic|p2a: Koraidon\n|-status|p2a: Koraidon|tox\n|\n|-weather|SunnyDay|[upkeep]\n|-damage|p2a: Koraidon|43\/100 tox|[from] psn\n|upkeep\n|turn|5\n|\n|t:|1701074639\n|move|p2a: Koraidon|Flare Blitz|p1a: Glimmora\n|-resisted|p1a: Glimmora\n|-damage|p1a: Glimmora|0 fnt\n|faint|p1a: Glimmora\n|-damage|p2a: Koraidon|32\/100 tox|[from] Recoil\n|\n|-weather|SunnyDay|[upkeep]\n|-damage|p2a: Koraidon|19\/100 tox|[from] psn\n|upkeep\n|\n|t:|1701074649\n|switch|p1a: Arceus|Arceus|100\/100\n|turn|6\n|\n|t:|1701074663\n|switch|p2a: Arceus|Arceus-Fairy|79\/100 psn\n|move|p1a: Arceus|Extreme Speed|p2a: Arceus\n|-damage|p2a: Arceus|44\/100 psn\n|\n|-weather|none\n|-damage|p2a: Arceus|31\/100 psn|[from] psn\n|upkeep\n|turn|7\n|\n|t:|1701074672\n|move|p1a: Arceus|Extreme Speed|p2a: Arceus\n|-damage|p2a: Arceus|0 fnt\n|faint|p2a: Arceus\n|\n|upkeep\n|j| Kanha Greninja\n|\n|t:|1701074693\n|switch|p2a: Arceus|Arceus|100\/100\n|turn|8\n|\n|t:|1701074700\n|move|p1a: Arceus|Swords Dance|p1a: Arceus\n|-boost|p1a: Arceus|atk|2\n|move|p2a: Arceus|Swords Dance|p2a: Arceus\n|-boost|p2a: Arceus|atk|2\n|\n|upkeep\n|turn|9\n|\n|t:|1701074708\n|-terastallize|p2a: Arceus|Ghost\n|move|p1a: Arceus|Extreme Speed|p2a: Arceus\n|-immune|p2a: Arceus\n|move|p2a: Arceus|Extreme Speed|p1a: Arceus\n|-damage|p1a: Arceus|34\/100\n|\n|upkeep\n|turn|10\n|\n|t:|1701074717\n|move|p2a: Arceus|Extreme Speed|p1a: Arceus\n|-damage|p1a: Arceus|0 fnt\n|faint|p1a: Arceus\n|\n|upkeep\n|\n|t:|1701074723\n|switch|p1a: Basculegion|Basculegion, M|100\/100\n|turn|11\n|\n|t:|1701074739\n|switch|p2a: Koraidon|Koraidon|19\/100 tox\n|-weather|SunnyDay|[from] ability: Orichalcum Pulse|[of] p2a: Koraidon\n|-activate|p2a: Koraidon|Orichalcum Pulse|[source]\n|move|p1a: Basculegion|Last Respects|p2a: Koraidon\n|-damage|p2a: Koraidon|0 fnt\n|faint|p2a: Koraidon\n|\n|-weather|SunnyDay|[upkeep]\n|upkeep\n|\n|t:|1701074748\n|switch|p2a: Ting-Lu|Ting-Lu|100\/100\n|-ability|p2a: Ting-Lu|Vessel of Ruin\n|turn|12\n|\n|t:|1701074758\n|switch|p1a: Iron Leaves|Iron Leaves|100\/100\n|move|p2a: Ting-Lu|Ruination|p1a: Iron Leaves\n|-damage|p1a: Iron Leaves|50\/100\n|\n|-weather|SunnyDay|[upkeep]\n|upkeep\n|turn|13\n|\n|t:|1701074770\n|switch|p2a: Arceus|Arceus, tera:Ghost|100\/100\n|move|p1a: Iron Leaves|Leaf Blade|p2a: Arceus\n|-damage|p2a: Arceus|65\/100\n|\n|-weather|SunnyDay|[upkeep]\n|upkeep\n|turn|14\n|\n|t:|1701074787\n|-end|p1a: Iron Leaves|Quark Drive|[silent]\n|switch|p1a: Miraidon|Miraidon|100\/100\n|-fieldstart|move: Electric Terrain|[from] ability: Hadron Engine|[of] p1a: Miraidon\n|move|p2a: Arceus|Shadow Claw|p1a: Miraidon\n|-damage|p1a: Miraidon|64\/100\n|\n|-weather|SunnyDay|[upkeep]\n|upkeep\n|turn|15\n|\n|t:|1701074798\n|switch|p1a: Iron Leaves|Iron Leaves|50\/100\n|-activate|p1a: Iron Leaves|ability: Quark Drive\n|-start|p1a: Iron Leaves|quarkdriveatk\n|switch|p2a: Ting-Lu|Ting-Lu|100\/100\n|-ability|p2a: Ting-Lu|Vessel of Ruin\n|\n|-weather|none\n|upkeep\n|turn|16\n|\n|t:|1701074809\n|switch|p2a: Toxapex|Toxapex, M|100\/100\n|move|p1a: Iron Leaves|Leaf Blade|p2a: Toxapex\n|-damage|p2a: Toxapex|62\/100\n|-damage|p1a: Iron Leaves|34\/100|[from] item: Rocky Helmet|[of] p2a: Toxapex\n|\n|upkeep\n|turn|17\n|\n|t:|1701074823\n|-end|p1a: Iron Leaves|Quark Drive|[silent]\n|switch|p1a: Miraidon|Miraidon|64\/100\n|-activate|p1a: Miraidon|ability: Hadron Engine\n|move|p2a: Toxapex|Toxic Spikes|p1a: Miraidon\n|-sidestart|p1: sumitvs138|move: Toxic Spikes\n|\n|upkeep\n|turn|18\n|\n|t:|1701074831\n|switch|p1a: Iron Leaves|Iron Leaves|34\/100\n|-status|p1a: Iron Leaves|psn\n|-activate|p1a: Iron Leaves|ability: Quark Drive\n|-start|p1a: Iron Leaves|quarkdriveatk\n|switch|p2a: Ting-Lu|Ting-Lu|100\/100\n|-ability|p2a: Ting-Lu|Vessel of Ruin\n|\n|-damage|p1a: Iron Leaves|22\/100 psn|[from] psn\n|-fieldend|move: Electric Terrain\n|-end|p1a: Iron Leaves|Quark Drive\n|upkeep\n|turn|19\n|\n|t:|1701074847\n|switch|p2a: Toxapex|Toxapex, M|95\/100\n|move|p1a: Iron Leaves|Leaf Blade|p2a: Toxapex\n|-damage|p2a: Toxapex|62\/100\n|-damage|p1a: Iron Leaves|5\/100 psn|[from] item: Rocky Helmet|[of] p2a: Toxapex\n|\n|-damage|p1a: Iron Leaves|0 fnt|[from] psn\n|faint|p1a: Iron Leaves\n|-end|p1a: Iron Leaves|Quark Drive|[silent]\n|upkeep\n|\n|t:|1701074859\n|switch|p1a: Miraidon|Miraidon|64\/100\n|-status|p1a: Miraidon|psn\n|-fieldstart|move: Electric Terrain|[from] ability: Hadron Engine|[of] p1a: Miraidon\n|turn|20\n|\n|t:|1701074871\n|switch|p2a: Ting-Lu|Ting-Lu|100\/100\n|-ability|p2a: Ting-Lu|Vessel of Ruin\n|-terastallize|p1a: Miraidon|Electric\n|move|p1a: Miraidon|Dragon Pulse|p2a: Ting-Lu\n|-damage|p2a: Ting-Lu|74\/100\n|\n|-heal|p2a: Ting-Lu|80\/100|[from] item: Leftovers\n|-damage|p1a: Miraidon|52\/100 psn|[from] psn\n|upkeep\n|turn|21\n|\n|t:|1701074893\n|switch|p2a: Toxapex|Toxapex, M|96\/100\n|move|p1a: Miraidon|Dragon Pulse|p2a: Toxapex\n|-damage|p2a: Toxapex|49\/100\n|\n|-damage|p1a: Miraidon|40\/100 psn|[from] psn\n|upkeep\n|turn|22\n|\n|t:|1701074908\n|switch|p1a: Basculegion|Basculegion, M|100\/100\n|-status|p1a: Basculegion|psn\n|move|p2a: Toxapex|Toxic Spikes|p1a: Basculegion\n|-sidestart|p1: sumitvs138|move: Toxic Spikes\n|\n|-damage|p1a: Basculegion|88\/100 psn|[from] psn\n|upkeep\n|turn|23\n|\n|t:|1701074922\n|move|p1a: Basculegion|Last Respects|p2a: Toxapex\n|-damage|p2a: Toxapex|0 fnt\n|faint|p2a: Toxapex\n|\n|-damage|p1a: Basculegion|76\/100 psn|[from] psn\n|upkeep\n|\n|t:|1701074930\n|switch|p2a: Calyrex|Calyrex-Shadow|100\/100\n|-ability|p2a: Calyrex|As One\n|-ability|p2a: Calyrex|Unnerve\n|turn|24\n|c|\u2606sumitvs138|I just literally wasted my Tera\n|\n|t:|1701074936\n|move|p2a: Calyrex|Astral Barrage|p1a: Basculegion\n|-supereffective|p1a: Basculegion\n|-damage|p1a: Basculegion|0 fnt\n|faint|p1a: Basculegion\n|-ability|p2a: Calyrex|Grim Neigh|boost\n|-boost|p2a: Calyrex|spa|1\n|\n|-fieldend|move: Electric Terrain\n|upkeep\n|\n|t:|1701074947\n|switch|p1a: Miraidon|Miraidon, tera:Electric|40\/100 psn\n|-fieldstart|move: Electric Terrain|[from] ability: Hadron Engine|[of] p1a: Miraidon\n|turn|25\n|c|\u2606game18|gg\n|\n|t:|1701074957\n|move|p2a: Calyrex|Astral Barrage|p1a: Miraidon\n|-damage|p1a: Miraidon|0 fnt\n|faint|p1a: Miraidon\n|\n|win|game18\n|n|\u2606sumitvs138|sumitvs138\n|n|\u2606game18|game18\n|n| Kanha Greninja|kanhagreninja\n|c|\u2606sumitvs138|I fcking misclicked the Tera electric\n|l| Kanha Greninja\n|c|\u2606sumitvs138|I was Thinking abt how u don't have Tera left and I did it\ud83d\ude42\n","uploadtime":1701074958,"views":5,"p1id":"sumitvs138","p2id":"game18","formatid":"gen9anythinggoes","rating":0,"private":0,"password":""}