{"id":"gen9anythinggoes-1979019102","p1":"onl1.another123.","p2":"Terra_Spectrum8293","format":"[Gen 9] Anything Goes","log":"|j|\u2606onl1.another123.\n|j|\u2606Terra_Spectrum8293\n|t:|1698621867\n|gametype|singles\n|player|p1|onl1.another123.|cynthia-gen4|1099\n|player|p2|Terra_Spectrum8293|nessa|1186\n|teamsize|p1|6\n|teamsize|p2|6\n|gen|9\n|tier|[Gen 9] Anything Goes\n|rated|\n|rule|HP Percentage Mod: HP is shown in percentages\n|rule|Endless Battle Clause: Forcing endless battles is banned\n|clearpoke\n|poke|p1|Garchomp, M|\n|poke|p1|Torterra, F|\n|poke|p1|Calyrex-Shadow|\n|poke|p1|Grimmsnarl, M|\n|poke|p1|Thundurus-Therian, M|\n|poke|p1|Snorlax, F|\n|poke|p2|Mew|\n|poke|p2|Haxorus, M|\n|poke|p2|Polteageist|\n|poke|p2|Flapple, F|\n|poke|p2|Scream Tail|\n|poke|p2|Zacian-*|\n|teampreview\n|inactive|Battle timer is ON: inactive players will automatically lose when time's up. (requested by Terra_Spectrum8293)\n|\n|t:|1698621872\n|start\n|switch|p1a: Grimmsnarl|Grimmsnarl, M|100\/100\n|switch|p2a: Bubblegum|Mew|100\/100\n|turn|1\n|\n|t:|1698621885\n|switch|p2a: Allosaurus|Haxorus, M, shiny|100\/100\n|-ability|p2a: Allosaurus|Mold Breaker\n|move|p1a: Grimmsnarl|Reflect|p1a: Grimmsnarl\n|-sidestart|p1: onl1.another123.|Reflect\n|\n|upkeep\n|turn|2\n|\n|t:|1698621891\n|move|p1a: Grimmsnarl|Light Screen|p1a: Grimmsnarl\n|-sidestart|p1: onl1.another123.|move: Light Screen\n|move|p2a: Allosaurus|Dragon Dance|p2a: Allosaurus\n|-boost|p2a: Allosaurus|atk|1\n|-boost|p2a: Allosaurus|spe|1\n|\n|upkeep\n|turn|3\n|\n|t:|1698621900\n|move|p2a: Allosaurus|Iron Head|p1a: Grimmsnarl\n|-supereffective|p1a: Grimmsnarl\n|-damage|p1a: Grimmsnarl|33\/100\n|-damage|p2a: Allosaurus|91\/100|[from] item: Life Orb\n|move|p1a: Grimmsnarl|Dark Pulse|p2a: Allosaurus\n|-damage|p2a: Allosaurus|46\/100\n|\n|upkeep\n|turn|4\n|\n|t:|1698621919\n|switch|p1a: Torterra|Torterra, F|100\/100\n|move|p2a: Allosaurus|Iron Head|p1a: Torterra\n|-crit|p1a: Torterra\n|-damage|p1a: Torterra|19\/100\n|-enditem|p1a: Torterra|Aguav Berry|[eat]\n|-heal|p1a: Torterra|52\/100|[from] item: Aguav Berry\n|-damage|p2a: Allosaurus|36\/100|[from] item: Life Orb\n|\n|upkeep\n|turn|5\n|\n|t:|1698621928\n|move|p2a: Allosaurus|Dragon Claw|p1a: Torterra\n|-damage|p1a: Torterra|11\/100\n|-damage|p2a: Allosaurus|26\/100|[from] item: Life Orb\n|move|p1a: Torterra|Earth Power|p2a: Allosaurus\n|-damage|p2a: Allosaurus|0 fnt\n|faint|p2a: Allosaurus\n|\n|-sideend|p1: onl1.another123.|Reflect\n|upkeep\n|\n|t:|1698621937\n|switch|p2a: Bubblegum|Mew|100\/100\n|turn|6\n|\n|t:|1698621942\n|move|p2a: Bubblegum|Stealth Rock|p1a: Torterra\n|-sidestart|p1: onl1.another123.|move: Stealth Rock\n|move|p1a: Torterra|Giga Drain|p2a: Bubblegum\n|-damage|p2a: Bubblegum|85\/100\n|-heal|p1a: Torterra|20\/100|[from] drain|[of] p2a: Bubblegum\n|\n|-sideend|p1: onl1.another123.|move: Light Screen\n|upkeep\n|turn|7\n|\n|t:|1698621948\n|move|p2a: Bubblegum|Spikes|p1a: Torterra\n|-sidestart|p1: onl1.another123.|Spikes\n|move|p1a: Torterra|Earth Power|p2a: Bubblegum\n|-damage|p2a: Bubblegum|65\/100\n|-unboost|p2a: Bubblegum|spd|1\n|\n|upkeep\n|turn|8\n|\n|t:|1698621955\n|move|p2a: Bubblegum|Toxic Spikes|p1a: Torterra\n|-sidestart|p1: onl1.another123.|move: Toxic Spikes\n|move|p1a: Torterra|Earth Power|p2a: Bubblegum\n|-damage|p2a: Bubblegum|40\/100\n|\n|upkeep\n|turn|9\n|\n|t:|1698621962\n|move|p2a: Bubblegum|Spikes|p1a: Torterra\n|-sidestart|p1: onl1.another123.|Spikes\n|move|p1a: Torterra|Earth Power|p2a: Bubblegum\n|-damage|p2a: Bubblegum|10\/100\n|\n|upkeep\n|turn|10\n|\n|t:|1698621967\n|move|p2a: Bubblegum|Toxic Spikes|p1a: Torterra\n|-sidestart|p1: onl1.another123.|move: Toxic Spikes\n|move|p1a: Torterra|Earth Power|p2a: Bubblegum\n|-damage|p2a: Bubblegum|0 fnt\n|faint|p2a: Bubblegum\n|\n|upkeep\n|\n|t:|1698621973\n|switch|p2a: Slurp|Polteageist|100\/100\n|turn|11\n|\n|t:|1698621979\n|move|p2a: Slurp|Shell Smash|p2a: Slurp\n|-unboost|p2a: Slurp|def|1\n|-unboost|p2a: Slurp|spd|1\n|-boost|p2a: Slurp|atk|2\n|-boost|p2a: Slurp|spa|2\n|-boost|p2a: Slurp|spe|2\n|-enditem|p2a: Slurp|White Herb\n|-clearnegativeboost|p2a: Slurp|[silent]\n|move|p1a: Torterra|Earth Power|p2a: Slurp\n|-damage|p2a: Slurp|67\/100\n|\n|upkeep\n|turn|12\n|\n|t:|1698621989\n|switch|p1a: Calyrex|Calyrex-Shadow|100\/100\n|-ability|p1a: Calyrex|As One\n|-ability|p1a: Calyrex|Unnerve\n|-damage|p1a: Calyrex|88\/100|[from] Stealth Rock\n|-damage|p1a: Calyrex|72\/100|[from] Spikes\n|-status|p1a: Calyrex|tox\n|move|p2a: Slurp|Stored Power|p1a: Calyrex\n|-resisted|p1a: Calyrex\n|-damage|p1a: Calyrex|29\/100 tox\n|\n|-damage|p1a: Calyrex|23\/100 tox|[from] psn\n|upkeep\n|turn|13\n|\n|t:|1698622008\n|move|p1a: Calyrex|Astral Barrage|p2a: Slurp\n|-supereffective|p2a: Slurp\n|-damage|p2a: Slurp|0 fnt\n|faint|p2a: Slurp\n|-ability|p1a: Calyrex|Grim Neigh|boost\n|-boost|p1a: Calyrex|spa|1\n|\n|-damage|p1a: Calyrex|11\/100 tox|[from] psn\n|upkeep\n|\n|t:|1698622024\n|switch|p2a: Adam|Flapple, F, shiny|100\/100\n|turn|14\n|\n|t:|1698622029\n|move|p1a: Calyrex|Astral Barrage|p2a: Adam\n|-damage|p2a: Adam|0 fnt\n|faint|p2a: Adam\n|-ability|p1a: Calyrex|Grim Neigh|boost\n|-boost|p1a: Calyrex|spa|1\n|\n|-damage|p1a: Calyrex|0 fnt|[from] psn\n|faint|p1a: Calyrex\n|upkeep\n|\n|t:|1698622044\n|switch|p1a: Grimmsnarl|Grimmsnarl, M|33\/100\n|switch|p2a: Ice Cream|Scream Tail|100\/100\n|-damage|p1a: Grimmsnarl|20\/100|[from] Stealth Rock\n|-damage|p1a: Grimmsnarl|4\/100|[from] Spikes\n|-status|p1a: Grimmsnarl|tox\n|turn|15\n|inactive|Terra_Spectrum8293 has 120 seconds left.\n|\n|t:|1698622075\n|move|p1a: Grimmsnarl|Reflect|p1a: Grimmsnarl\n|-sidestart|p1: onl1.another123.|Reflect\n|move|p2a: Ice Cream|Bulk Up|p2a: Ice Cream\n|-boost|p2a: Ice Cream|atk|1\n|-boost|p2a: Ice Cream|def|1\n|\n|-damage|p1a: Grimmsnarl|0 fnt|[from] psn\n|faint|p1a: Grimmsnarl\n|upkeep\n|\n|t:|1698622087\n|switch|p1a: Garchomp|Garchomp, M|100\/100\n|-damage|p1a: Garchomp|94\/100|[from] Stealth Rock\n|-damage|p1a: Garchomp|78\/100|[from] Spikes\n|-status|p1a: Garchomp|tox\n|turn|16\n|\n|t:|1698622094\n|-terastallize|p1a: Garchomp|Steel\n|move|p2a: Ice Cream|Bulk Up|p2a: Ice Cream\n|-boost|p2a: Ice Cream|atk|1\n|-boost|p2a: Ice Cream|def|1\n|move|p1a: Garchomp|Iron Head|p2a: Ice Cream\n|-supereffective|p2a: Ice Cream\n|-damage|p2a: Ice Cream|66\/100\n|\n|-damage|p1a: Garchomp|72\/100 tox|[from] psn\n|upkeep\n|turn|17\n|\n|t:|1698622105\n|move|p2a: Ice Cream|Drain Punch|p1a: Garchomp\n|-supereffective|p1a: Garchomp\n|-damage|p1a: Garchomp|44\/100 tox\n|-heal|p2a: Ice Cream|79\/100|[from] drain|[of] p1a: Garchomp\n|-damage|p2a: Ice Cream|66\/100|[from] ability: Rough Skin|[of] p1a: Garchomp\n|move|p1a: Garchomp|Iron Head|p2a: Ice Cream\n|-supereffective|p2a: Ice Cream\n|-damage|p2a: Ice Cream|29\/100\n|\n|-damage|p1a: Garchomp|31\/100 tox|[from] psn\n|upkeep\n|turn|18\n|\n|t:|1698622115\n|move|p2a: Ice Cream|Baton Pass|p2a: Ice Cream\n|\n|t:|1698622117\n|-end|p2a: Ice Cream|Protosynthesis|[silent]\n|switch|p2a: Sakura|Zacian-Crowned|100\/100|[from] Baton Pass\n|-ability|p2a: Sakura|Intrepid Sword|boost\n|-boost|p2a: Sakura|atk|1\n|move|p1a: Garchomp|Iron Head|p2a: Sakura\n|-damage|p2a: Sakura|82\/100\n|\n|-damage|p1a: Garchomp|13\/100 tox|[from] psn\n|upkeep\n|turn|19\n|\n|t:|1698622126\n|move|p2a: Sakura|Trailblaze|p1a: Garchomp\n|-resisted|p1a: Garchomp\n|-damage|p1a: Garchomp|4\/100 tox\n|-boost|p2a: Sakura|spe|1\n|-damage|p2a: Sakura|69\/100|[from] ability: Rough Skin|[of] p1a: Garchomp\n|move|p1a: Garchomp|Earthquake|p2a: Sakura\n|-supereffective|p2a: Sakura\n|-damage|p2a: Sakura|23\/100\n|\n|-damage|p1a: Garchomp|0 fnt|[from] psn\n|faint|p1a: Garchomp\n|-sideend|p1: onl1.another123.|Reflect\n|upkeep\n|\n|t:|1698622138\n|switch|p1a: Snorlax|Snorlax, F|100\/100\n|-damage|p1a: Snorlax|88\/100|[from] Stealth Rock\n|-damage|p1a: Snorlax|71\/100|[from] Spikes\n|-status|p1a: Snorlax|tox\n|turn|20\n|\n|t:|1698622153\n|move|p2a: Sakura|Close Combat|p1a: Snorlax\n|-supereffective|p1a: Snorlax\n|-damage|p1a: Snorlax|0 fnt\n|-unboost|p2a: Sakura|def|1\n|-unboost|p2a: Sakura|spd|1\n|faint|p1a: Snorlax\n|\n|upkeep\n|\n|t:|1698622159\n|switch|p1a: Thundurus|Thundurus-Therian, M|100\/100\n|-damage|p1a: Thundurus|75\/100|[from] Stealth Rock\n|turn|21\n|\n|t:|1698622167\n|move|p2a: Sakura|Play Rough|p1a: Thundurus\n|-damage|p1a: Thundurus|0 fnt\n|faint|p1a: Thundurus\n|\n|upkeep\n|\n|t:|1698622172\n|switch|p1a: Torterra|Torterra, F|20\/100\n|-damage|p1a: Torterra|14\/100|[from] Stealth Rock\n|-damage|p1a: Torterra|0 fnt|[from] Spikes\n|faint|p1a: Torterra\n|\n|win|Terra_Spectrum8293\n|raw|onl1.another123.'s rating: 1099 &rarr; <strong>1080<\/strong><br \/>(-19 for losing)\n|raw|Terra_Spectrum8293's rating: 1186 &rarr; <strong>1205<\/strong><br \/>(+19 for winning)\n|l|\u2606onl1.another123.\n","uploadtime":1698622180,"views":5,"p1id":"onl1another123","p2id":"terraspectrum8293","formatid":"gen9anythinggoes","rating":1080,"private":0,"password":""}