{"id":"gen9anythinggoes-1999114671","p1":"hammos","p2":"Garrysfriendlarry","format":"[Gen 9] Anything Goes","log":"|j|\u2606hammos\n|j|\u2606Garrysfriendlarry\n|t:|1701034691\n|gametype|singles\n|player|p1|hammos|266|\n|player|p2|Garrysfriendlarry|emmet|\n|teamsize|p1|6\n|teamsize|p2|6\n|gen|9\n|tier|[Gen 9] Anything Goes\n|rule|HP Percentage Mod: HP is shown in percentages\n|rule|Endless Battle Clause: Forcing endless battles is banned\n|clearpoke\n|poke|p1|Bisharp, F|\n|poke|p1|Weezing-Galar, M|\n|poke|p1|Ditto|\n|poke|p1|Landorus-Therian, M|\n|poke|p1|Gholdengo|\n|poke|p1|Chesnaught, F|\n|poke|p2|Ting-Lu|\n|poke|p2|Slowbro-Galar, M|\n|poke|p2|Diancie|\n|poke|p2|Samurott-Hisui, F|\n|poke|p2|Dragonite, M|\n|poke|p2|Annihilape, M|\n|teampreview\n|j| Iuxkysersosa\n|j| IUXCelestialQueen\n|c| Iuxkysersosa|Glhf lub u 2\n|c|\u2606Garrysfriendlarry|Glhf!\n|\n|t:|1701034727\n|start\n|switch|p1a: Weezing|Weezing-Galar, M|100\/100\n|switch|p2a: Slowbro|Slowbro-Galar, M|100\/100\n|turn|1\n|\n|t:|1701034744\n|switch|p1a: Gholdengo|Gholdengo|100\/100\n|move|p2a: Slowbro|Psychic|p1a: Gholdengo\n|-resisted|p1a: Gholdengo\n|-damage|p1a: Gholdengo|82\/100\n|-unboost|p1a: Gholdengo|spd|1\n|\n|upkeep\n|turn|2\n|\n|t:|1701034758\n|move|p1a: Gholdengo|Shadow Ball|p2a: Slowbro\n|-supereffective|p2a: Slowbro\n|-damage|p2a: Slowbro|9\/100\n|move|p2a: Slowbro|Flamethrower|p1a: Gholdengo\n|-supereffective|p1a: Gholdengo\n|-crit|p1a: Gholdengo\n|-damage|p1a: Gholdengo|0 fnt\n|faint|p1a: Gholdengo\n|\n|upkeep\n|\n|t:|1701034786\n|switch|p1a: Weezing|Weezing-Galar, M|100\/100\n|turn|3\n|j| neukorn\n|\n|t:|1701034829\n|switch|p2a: Diancie|Diancie|100\/100\n|move|p1a: Weezing|Strange Steam|p2a: Diancie\n|-damage|p2a: Diancie|78\/100\n|\n|-heal|p2a: Diancie|84\/100|[from] item: Leftovers\n|upkeep\n|turn|4\n|\n|t:|1701034843\n|switch|p1a: Landorus|Landorus-Therian, M|100\/100\n|-ability|p1a: Landorus|Intimidate|boost\n|-fail|p2a: Diancie|unboost|[from] ability: Clear Body|[of] p2a: Diancie\n|switch|p2a: Slowbro|Slowbro-Galar, M|42\/100\n|\n|upkeep\n|turn|5\n|\n|t:|1701034859\n|switch|p2a: Ting-Lu|Ting-Lu|100\/100\n|-ability|p2a: Ting-Lu|Vessel of Ruin\n|move|p1a: Landorus|Earthquake|p2a: Ting-Lu\n|-damage|p2a: Ting-Lu|72\/100\n|\n|-heal|p2a: Ting-Lu|79\/100|[from] item: Leftovers\n|upkeep\n|turn|6\n|\n|t:|1701034872\n|move|p1a: Landorus|Stealth Rock|p2a: Ting-Lu\n|-sidestart|p2: Garrysfriendlarry|move: Stealth Rock\n|move|p2a: Ting-Lu|Stealth Rock|p1a: Landorus\n|-sidestart|p1: hammos|move: Stealth Rock\n|\n|-heal|p2a: Ting-Lu|85\/100|[from] item: Leftovers\n|upkeep\n|turn|7\n|\n|t:|1701034879\n|move|p1a: Landorus|U-turn|p2a: Ting-Lu\n|-supereffective|p2a: Ting-Lu\n|-damage|p2a: Ting-Lu|57\/100\n|\n|t:|1701034883\n|switch|p1a: Chesnaught|Chesnaught, F|100\/100|[from] U-turn\n|-damage|p1a: Chesnaught|94\/100|[from] Stealth Rock\n|move|p2a: Ting-Lu|Whirlwind|p1a: Chesnaught\n|drag|p1a: Weezing|Weezing-Galar, M|100\/100\n|\n|-heal|p2a: Ting-Lu|63\/100|[from] item: Leftovers\n|upkeep\n|turn|8\n|\n|t:|1701034899\n|switch|p2a: Slowbro|Slowbro-Galar, M|75\/100\n|-damage|p2a: Slowbro|63\/100|[from] Stealth Rock\n|move|p1a: Weezing|Will-O-Wisp|p2a: Slowbro\n|-status|p2a: Slowbro|brn\n|\n|-damage|p2a: Slowbro|57\/100 brn|[from] brn\n|upkeep\n|turn|9\n|\n|t:|1701034917\n|switch|p1a: Bisharp|Bisharp, F|100\/100\n|-damage|p1a: Bisharp|94\/100|[from] Stealth Rock\n|move|p2a: Slowbro|Psychic|p1a: Bisharp\n|-immune|p1a: Bisharp\n|\n|-damage|p2a: Slowbro|50\/100 brn|[from] brn\n|upkeep\n|turn|10\n|\n|t:|1701034935\n|switch|p2a: Ting-Lu|Ting-Lu|63\/100\n|-damage|p2a: Ting-Lu|57\/100|[from] Stealth Rock\n|-ability|p2a: Ting-Lu|Vessel of Ruin\n|move|p1a: Bisharp|Lash Out|p2a: Ting-Lu\n|-resisted|p2a: Ting-Lu\n|-damage|p2a: Ting-Lu|43\/100\n|\n|-heal|p2a: Ting-Lu|49\/100|[from] item: Leftovers\n|upkeep\n|turn|11\n|\n|t:|1701034949\n|switch|p1a: Landorus|Landorus-Therian, M|100\/100\n|-damage|p1a: Landorus|88\/100|[from] Stealth Rock\n|-ability|p1a: Landorus|Intimidate|boost\n|-unboost|p2a: Ting-Lu|atk|1\n|move|p2a: Ting-Lu|Throat Chop|p1a: Landorus\n|-damage|p1a: Landorus|69\/100\n|-start|p1a: Landorus|Throat Chop|[silent]\n|\n|-heal|p2a: Ting-Lu|55\/100|[from] item: Leftovers\n|upkeep\n|turn|12\n|\n|t:|1701034960\n|move|p1a: Landorus|U-turn|p2a: Ting-Lu\n|-supereffective|p2a: Ting-Lu\n|-damage|p2a: Ting-Lu|26\/100\n|\n|t:|1701034968\n|switch|p1a: Chesnaught|Chesnaught, F|94\/100|[from] U-turn\n|-damage|p1a: Chesnaught|88\/100|[from] Stealth Rock\n|move|p2a: Ting-Lu|Whirlwind|p1a: Chesnaught\n|drag|p1a: Bisharp|Bisharp, F|94\/100\n|-damage|p1a: Bisharp|88\/100|[from] Stealth Rock\n|\n|-heal|p2a: Ting-Lu|33\/100|[from] item: Leftovers\n|upkeep\n|turn|13\n|l| Iuxkysersosa\n|\n|t:|1701034986\n|-terastallize|p1a: Bisharp|Fairy\n|move|p1a: Bisharp|Tera Blast|p2a: Ting-Lu|[anim] Tera Blast Fairy\n|-supereffective|p2a: Ting-Lu\n|-damage|p2a: Ting-Lu|0 fnt\n|faint|p2a: Ting-Lu\n|\n|upkeep\n|\n|t:|1701034993\n|switch|p2a: Slowbro|Slowbro-Galar, M|84\/100 brn\n|-damage|p2a: Slowbro|71\/100 brn|[from] Stealth Rock\n|turn|14\n|\n|t:|1701035000\n|switch|p1a: Ditto|Ditto|100\/100\n|-damage|p1a: Ditto|88\/100|[from] Stealth Rock\n|-transform|p1a: Ditto|p2a: Slowbro|[from] ability: Imposter\n|move|p2a: Slowbro|Shell Side Arm|p1a: Ditto|[anim] Shell Side Arm Special\n|-resisted|p1a: Ditto\n|-damage|p1a: Ditto|64\/100\n|-hint|Special Shell Side Arm\n|\n|-damage|p2a: Slowbro|65\/100 brn|[from] brn\n|upkeep\n|turn|15\n|\n|t:|1701035031\n|move|p1a: Ditto|Psychic|p2a: Slowbro\n|-damage|p2a: Slowbro|39\/100 brn\n|move|p2a: Slowbro|Psychic|p1a: Ditto\n|-damage|p1a: Ditto|19\/100\n|\n|-damage|p2a: Slowbro|33\/100 brn|[from] brn\n|upkeep\n|turn|16\n|\n|t:|1701035048\n|switch|p1a: Chesnaught|Chesnaught, F|88\/100\n|-damage|p1a: Chesnaught|82\/100|[from] Stealth Rock\n|switch|p2a: Samurott|Samurott-Hisui, F|100\/100\n|-damage|p2a: Samurott|88\/100|[from] Stealth Rock\n|\n|upkeep\n|turn|17\n|\n|t:|1701035075\n|switch|p2a: Slowbro|Slowbro-Galar, M|66\/100 brn\n|-damage|p2a: Slowbro|54\/100 brn|[from] Stealth Rock\n|move|p1a: Chesnaught|Stone Edge|p2a: Slowbro\n|-damage|p2a: Slowbro|27\/100 brn\n|\n|-damage|p2a: Slowbro|21\/100 brn|[from] brn\n|upkeep\n|turn|18\n|\n|t:|1701035086\n|switch|p2a: Annihilape|Annihilape, M|100\/100\n|-damage|p2a: Annihilape|94\/100|[from] Stealth Rock\n|move|p1a: Chesnaught|Stone Edge|p2a: Annihilape\n|-resisted|p2a: Annihilape\n|-damage|p2a: Annihilape|74\/100\n|\n|upkeep\n|turn|19\n|\n|t:|1701035098\n|switch|p1a: Weezing|Weezing-Galar, M|100\/100\n|move|p2a: Annihilape|Bulk Up|p2a: Annihilape\n|-boost|p2a: Annihilape|atk|1\n|-boost|p2a: Annihilape|def|1\n|\n|upkeep\n|turn|20\n|\n|t:|1701035106\n|move|p2a: Annihilape|Rage Fist|p1a: Weezing\n|-damage|p1a: Weezing|60\/100\n|move|p1a: Weezing|Will-O-Wisp|p2a: Annihilape\n|-status|p2a: Annihilape|brn\n|-enditem|p2a: Annihilape|Lum Berry|[eat]\n|-curestatus|p2a: Annihilape|brn|[msg]\n|\n|upkeep\n|turn|21\n|\n|t:|1701035121\n|move|p2a: Annihilape|Rage Fist|p1a: Weezing\n|-damage|p1a: Weezing|22\/100\n|move|p1a: Weezing|Pain Split|p2a: Annihilape\n|-sethp|p2a: Annihilape|46\/100|[from] move: Pain Split|[silent]\n|-sethp|p1a: Weezing|58\/100|[from] move: Pain Split\n|\n|upkeep\n|turn|22\n|\n|t:|1701035131\n|move|p2a: Annihilape|Rest|p2a: Annihilape\n|-status|p2a: Annihilape|slp|[from] move: Rest\n|-heal|p2a: Annihilape|100\/100 slp|[silent]\n|move|p1a: Weezing|Strange Steam|p2a: Annihilape\n|-supereffective|p2a: Annihilape\n|-damage|p2a: Annihilape|66\/100 slp\n|\n|upkeep\n|turn|23\n|\n|t:|1701035150\n|cant|p2a: Annihilape|slp\n|move|p1a: Weezing|Strange Steam|p2a: Annihilape\n|-supereffective|p2a: Annihilape\n|-damage|p2a: Annihilape|26\/100 slp\n|\n|upkeep\n|turn|24\n|\n|t:|1701035171\n|switch|p1a: Landorus|Landorus-Therian, M|69\/100\n|-damage|p1a: Landorus|57\/100|[from] Stealth Rock\n|-ability|p1a: Landorus|Intimidate|boost\n|-unboost|p2a: Annihilape|atk|1\n|-ability|p2a: Annihilape|Defiant|boost\n|-boost|p2a: Annihilape|atk|2\n|cant|p2a: Annihilape|slp\n|\n|upkeep\n|turn|25\n|\n|t:|1701035206\n|move|p1a: Landorus|Earthquake|p2a: Annihilape\n|-damage|p2a: Annihilape|0 fnt\n|faint|p2a: Annihilape\n|\n|upkeep\n|\n|t:|1701035214\n|switch|p2a: Dragonite|Dragonite, M|100\/100\n|turn|26\n|\n|t:|1701035223\n|move|p1a: Landorus|U-turn|p2a: Dragonite\n|-resisted|p2a: Dragonite\n|-damage|p2a: Dragonite|95\/100\n|\n|t:|1701035230\n|switch|p1a: Weezing|Weezing-Galar, M|58\/100|[from] U-turn\n|move|p2a: Dragonite|Dragon Claw|p1a: Weezing\n|-immune|p1a: Weezing\n|\n|upkeep\n|turn|27\n|\n|t:|1701035252\n|switch|p2a: Slowbro|Slowbro-Galar, M|54\/100 brn\n|-damage|p2a: Slowbro|42\/100 brn|[from] Stealth Rock\n|move|p1a: Weezing|Strange Steam|p2a: Slowbro\n|-resisted|p2a: Slowbro\n|-damage|p2a: Slowbro|29\/100 brn\n|\n|-damage|p2a: Slowbro|23\/100 brn|[from] brn\n|upkeep\n|turn|28\n|\n|t:|1701035285\n|switch|p1a: Landorus|Landorus-Therian, M|57\/100\n|-damage|p1a: Landorus|44\/100|[from] Stealth Rock\n|-ability|p1a: Landorus|Intimidate|boost\n|-unboost|p2a: Slowbro|atk|1\n|move|p2a: Slowbro|Psychic|p1a: Landorus\n|-damage|p1a: Landorus|16\/100\n|-unboost|p1a: Landorus|spd|1\n|\n|-damage|p2a: Slowbro|17\/100 brn|[from] brn\n|upkeep\n|turn|29\n|\n|t:|1701035301\n|switch|p2a: Dragonite|Dragonite, M|95\/100\n|move|p1a: Landorus|U-turn|p2a: Dragonite\n|-resisted|p2a: Dragonite\n|-damage|p2a: Dragonite|83\/100\n|\n|t:|1701035314\n|switch|p1a: Bisharp|Bisharp, F, tera:Fairy|88\/100|[from] U-turn\n|-damage|p1a: Bisharp|76\/100|[from] Stealth Rock\n|\n|upkeep\n|turn|30\n|\n|t:|1701035334\n|move|p1a: Bisharp|Tera Blast|p2a: Dragonite|[anim] Tera Blast Fairy\n|-supereffective|p2a: Dragonite\n|-damage|p2a: Dragonite|0 fnt\n|faint|p2a: Dragonite\n|\n|upkeep\n|\n|t:|1701035346\n|switch|p2a: Diancie|Diancie|84\/100\n|-damage|p2a: Diancie|72\/100|[from] Stealth Rock\n|turn|31\n|\n|t:|1701035359\n|switch|p1a: Weezing|Weezing-Galar, M|58\/100\n|move|p2a: Diancie|Diamond Storm|p1a: Weezing\n|-damage|p1a: Weezing|25\/100\n|-boost|p2a: Diancie|def|2\n|\n|-heal|p2a: Diancie|78\/100|[from] item: Leftovers\n|upkeep\n|turn|32\n|\n|t:|1701035373\n|move|p1a: Weezing|Pain Split|p2a: Diancie\n|-sethp|p2a: Diancie|53\/100|[from] move: Pain Split|[silent]\n|-sethp|p1a: Weezing|48\/100|[from] move: Pain Split\n|move|p2a: Diancie|Diamond Storm|p1a: Weezing\n|-crit|p1a: Weezing\n|-damage|p1a: Weezing|0 fnt\n|faint|p1a: Weezing\n|\n|-heal|p2a: Diancie|59\/100|[from] item: Leftovers\n|upkeep\n|\n|t:|1701035399\n|switch|p1a: Landorus|Landorus-Therian, M|16\/100\n|-damage|p1a: Landorus|4\/100|[from] Stealth Rock\n|-ability|p1a: Landorus|Intimidate|boost\n|-fail|p2a: Diancie|unboost|[from] ability: Clear Body|[of] p2a: Diancie\n|turn|33\n|\n|t:|1701035405\n|move|p2a: Diancie|Protect|p2a: Diancie\n|-singleturn|p2a: Diancie|Protect\n|move|p1a: Landorus|Earthquake|p2a: Diancie\n|-activate|p2a: Diancie|move: Protect\n|\n|-heal|p2a: Diancie|65\/100|[from] item: Leftovers\n|upkeep\n|turn|34\n|\n|t:|1701035414\n|move|p1a: Landorus|Earthquake|p2a: Diancie\n|-supereffective|p2a: Diancie\n|-damage|p2a: Diancie|16\/100\n|move|p2a: Diancie|Diamond Storm|p1a: Landorus\n|-damage|p1a: Landorus|0 fnt\n|-boost|p2a: Diancie|def|2\n|faint|p1a: Landorus\n|\n|-heal|p2a: Diancie|22\/100|[from] item: Leftovers\n|upkeep\n|\n|t:|1701035436\n|switch|p1a: Ditto|Ditto|53\/100\n|-damage|p1a: Ditto|40\/100|[from] Stealth Rock\n|-transform|p1a: Ditto|p2a: Diancie|[from] ability: Imposter\n|turn|35\n|\n|t:|1701035446\n|move|p2a: Diancie|Protect|p2a: Diancie\n|-singleturn|p2a: Diancie|Protect\n|move|p1a: Ditto|Body Press|p2a: Diancie\n|-activate|p2a: Diancie|move: Protect\n|\n|-heal|p2a: Diancie|28\/100|[from] item: Leftovers\n|upkeep\n|turn|36\n|\n|t:|1701035464\n|move|p1a: Ditto|Body Press|p2a: Diancie\n|-damage|p2a: Diancie|8\/100\n|move|p2a: Diancie|Diamond Storm|p1a: Ditto\n|-damage|p1a: Ditto|27\/100\n|-boost|p2a: Diancie|def|2\n|\n|-heal|p2a: Diancie|15\/100|[from] item: Leftovers\n|upkeep\n|turn|37\n|\n|t:|1701035474\n|move|p2a: Diancie|Protect|p2a: Diancie\n|-singleturn|p2a: Diancie|Protect\n|move|p1a: Ditto|Body Press|p2a: Diancie\n|-activate|p2a: Diancie|move: Protect\n|\n|-heal|p2a: Diancie|21\/100|[from] item: Leftovers\n|upkeep\n|turn|38\n|\n|t:|1701035483\n|move|p1a: Ditto|Body Press|p2a: Diancie\n|-damage|p2a: Diancie|6\/100\n|move|p2a: Diancie|Body Press|p1a: Ditto\n|-crit|p1a: Ditto\n|-damage|p1a: Ditto|0 fnt\n|faint|p1a: Ditto\n|\n|-heal|p2a: Diancie|12\/100|[from] item: Leftovers\n|upkeep\n|\n|t:|1701035527\n|switch|p1a: Bisharp|Bisharp, F, tera:Fairy|76\/100\n|-damage|p1a: Bisharp|63\/100|[from] Stealth Rock\n|turn|39\n|\n|t:|1701035536\n|move|p2a: Diancie|Protect|p2a: Diancie\n|-singleturn|p2a: Diancie|Protect\n|move|p1a: Bisharp|Iron Head|p2a: Diancie\n|-activate|p2a: Diancie|move: Protect\n|\n|-heal|p2a: Diancie|18\/100|[from] item: Leftovers\n|upkeep\n|turn|40\n|\n|t:|1701035544\n|move|p1a: Bisharp|Iron Head|p2a: Diancie\n|-supereffective|p2a: Diancie\n|-damage|p2a: Diancie|0 fnt\n|faint|p2a: Diancie\n|\n|upkeep\n|\n|t:|1701035550\n|switch|p2a: Slowbro|Slowbro-Galar, M|50\/100 brn\n|-damage|p2a: Slowbro|38\/100 brn|[from] Stealth Rock\n|turn|41\n|\n|t:|1701035563\n|switch|p2a: Samurott|Samurott-Hisui, F|88\/100\n|-damage|p2a: Samurott|75\/100|[from] Stealth Rock\n|move|p1a: Bisharp|Iron Head|p2a: Samurott\n|-resisted|p2a: Samurott\n|-crit|p2a: Samurott\n|-damage|p2a: Samurott|29\/100\n|-enditem|p2a: Samurott|Sitrus Berry|[eat]\n|-heal|p2a: Samurott|54\/100|[from] item: Sitrus Berry\n|\n|upkeep\n|turn|42\n|\n|t:|1701035575\n|switch|p1a: Chesnaught|Chesnaught, F|82\/100\n|-damage|p1a: Chesnaught|76\/100|[from] Stealth Rock\n|move|p2a: Samurott|Aqua Cutter|p1a: Chesnaught\n|-resisted|p1a: Chesnaught\n|-damage|p1a: Chesnaught|54\/100\n|\n|upkeep\n|turn|43\n|\n|t:|1701035589\n|switch|p2a: Slowbro|Slowbro-Galar, M|71\/100 brn\n|-damage|p2a: Slowbro|59\/100 brn|[from] Stealth Rock\n|move|p1a: Chesnaught|Stone Edge|p2a: Slowbro\n|-damage|p2a: Slowbro|31\/100 brn\n|\n|-damage|p2a: Slowbro|25\/100 brn|[from] brn\n|upkeep\n|turn|44\n|\n|t:|1701035608\n|switch|p1a: Bisharp|Bisharp, F, tera:Fairy|63\/100\n|-damage|p1a: Bisharp|51\/100|[from] Stealth Rock\n|move|p2a: Slowbro|Psychic|p1a: Bisharp\n|-damage|p1a: Bisharp|0 fnt\n|faint|p1a: Bisharp\n|\n|-damage|p2a: Slowbro|19\/100 brn|[from] brn\n|upkeep\n|\n|t:|1701035616\n|switch|p1a: Chesnaught|Chesnaught, F|54\/100\n|-damage|p1a: Chesnaught|48\/100|[from] Stealth Rock\n|turn|45\n|\n|t:|1701035637\n|switch|p2a: Samurott|Samurott-Hisui, F|54\/100\n|-damage|p2a: Samurott|41\/100|[from] Stealth Rock\n|move|p1a: Chesnaught|Stone Edge|p2a: Samurott|[miss]\n|-miss|p1a: Chesnaught|p2a: Samurott\n|\n|upkeep\n|turn|46\n|\n|t:|1701035654\n|switch|p2a: Slowbro|Slowbro-Galar, M|52\/100 brn\n|-damage|p2a: Slowbro|39\/100 brn|[from] Stealth Rock\n|move|p1a: Chesnaught|Stone Edge|p2a: Slowbro\n|-damage|p2a: Slowbro|9\/100 brn\n|\n|-damage|p2a: Slowbro|3\/100 brn|[from] brn\n|upkeep\n|turn|47\n|\n|t:|1701035664\n|switch|p2a: Samurott|Samurott-Hisui, F|41\/100\n|-damage|p2a: Samurott|29\/100|[from] Stealth Rock\n|move|p1a: Chesnaught|Stone Edge|p2a: Samurott|[miss]\n|-miss|p1a: Chesnaught|p2a: Samurott\n|\n|upkeep\n|turn|48\n|\n|t:|1701035674\n|move|p2a: Samurott|Sucker Punch|p1a: Chesnaught\n|-resisted|p1a: Chesnaught\n|-damage|p1a: Chesnaught|35\/100\n|move|p1a: Chesnaught|Stone Edge|p2a: Samurott\n|-damage|p2a: Samurott|0 fnt\n|faint|p2a: Samurott\n|\n|upkeep\n|\n|t:|1701035682\n|switch|p2a: Slowbro|Slowbro-Galar, M|36\/100 brn\n|-damage|p2a: Slowbro|24\/100 brn|[from] Stealth Rock\n|turn|49\n|\n|t:|1701035686\n|move|p1a: Chesnaught|Stone Edge|p2a: Slowbro\n|-damage|p2a: Slowbro|0 fnt\n|faint|p2a: Slowbro\n|\n|win|hammos\n|c|\u2606Garrysfriendlarry|Gg\n","uploadtime":1701035700,"views":21,"p1id":"hammos","p2id":"garrysfriendlarry","formatid":"gen9anythinggoes","rating":0,"private":0,"password":""}