{"id":"gen9anythinggoes-1975743554","p1":"retropansear","p2":"Ryoshi2000","format":"[Gen 9] Anything Goes","log":"|j|\u2606retropansear\n|j|\u2606Ryoshi2000\n|t:|1698233072\n|gametype|singles\n|player|p1|retropansear|chili|1219\n|player|p2|Ryoshi2000|giovanni|1169\n|teamsize|p1|6\n|teamsize|p2|6\n|gen|9\n|tier|[Gen 9] Anything Goes\n|rated|\n|rule|HP Percentage Mod: HP is shown in percentages\n|rule|Endless Battle Clause: Forcing endless battles is banned\n|clearpoke\n|poke|p1|Gliscor, M|\n|poke|p1|Glimmora, M|\n|poke|p1|Cinderace, M|\n|poke|p1|Sableye, M|\n|poke|p1|Volcarona, M|\n|poke|p1|Dipplin, M|\n|poke|p2|Skeledirge, M|\n|poke|p2|Hawlucha, F|\n|poke|p2|Toxtricity, M|\n|poke|p2|Kingambit, M|\n|poke|p2|Hatterene, F|\n|poke|p2|Haxorus, M|\n|teampreview\n|\n|t:|1698233089\n|start\n|switch|p1a: Glimmora|Glimmora, M, shiny|100\/100\n|switch|p2a: Hawlucha|Hawlucha, F|100\/100\n|turn|1\n|\n|t:|1698233098\n|move|p2a: Hawlucha|Swords Dance|p2a: Hawlucha\n|-boost|p2a: Hawlucha|atk|2\n|move|p1a: Glimmora|Mortal Spin|p2a: Hawlucha\n|-damage|p2a: Hawlucha|92\/100\n|-status|p2a: Hawlucha|psn\n|\n|-damage|p2a: Hawlucha|79\/100 psn|[from] psn\n|upkeep\n|turn|2\n|\n|t:|1698233103\n|move|p2a: Hawlucha|Swords Dance|p2a: Hawlucha\n|-boost|p2a: Hawlucha|atk|2\n|move|p1a: Glimmora|Stealth Rock|p2a: Hawlucha\n|-sidestart|p2: Ryoshi2000|move: Stealth Rock\n|\n|-damage|p2a: Hawlucha|67\/100 psn|[from] psn\n|upkeep\n|turn|3\n|\n|t:|1698233107\n|move|p2a: Hawlucha|Drain Punch|p1a: Glimmora\n|-enditem|p1a: Glimmora|Focus Sash\n|-damage|p1a: Glimmora|1\/100\n|-heal|p2a: Hawlucha|100\/100 psn|[from] drain|[of] p1a: Glimmora\n|-activate|p1a: Glimmora|ability: Toxic Debris\n|-sidestart|p2: Ryoshi2000|move: Toxic Spikes\n|move|p1a: Glimmora|Sludge Wave|p2a: Hawlucha\n|-damage|p2a: Hawlucha|26\/100 psn\n|\n|-damage|p2a: Hawlucha|13\/100 psn|[from] psn\n|upkeep\n|-enditem|p2a: Hawlucha|Aguav Berry|[eat]\n|-heal|p2a: Hawlucha|46\/100 psn|[from] item: Aguav Berry\n|turn|4\n|\n|t:|1698233115\n|move|p2a: Hawlucha|Drain Punch|p1a: Glimmora\n|-damage|p1a: Glimmora|0 fnt\n|-heal|p2a: Hawlucha|47\/100 psn|[from] drain|[of] p1a: Glimmora\n|-activate|p1a: Glimmora|ability: Toxic Debris\n|-sidestart|p2: Ryoshi2000|move: Toxic Spikes\n|faint|p1a: Glimmora\n|\n|-damage|p2a: Hawlucha|34\/100 psn|[from] psn\n|upkeep\n|inactive|Battle timer is ON: inactive players will automatically lose when time's up. (requested by Ryoshi2000)\n|\n|t:|1698233150\n|switch|p1a: Dipplin|Dipplin, M, shiny|100\/100\n|turn|5\n|\n|t:|1698233156\n|switch|p1a: Gliscor|Gliscor, M, shiny|100\/100\n|move|p2a: Hawlucha|Aerial Ace|p1a: Gliscor\n|-damage|p1a: Gliscor|58\/100\n|\n|-damage|p2a: Hawlucha|22\/100 psn|[from] psn\n|-status|p1a: Gliscor|tox|[from] item: Toxic Orb\n|upkeep\n|turn|6\n|\n|t:|1698233169\n|move|p1a: Gliscor|Protect|p1a: Gliscor\n|-singleturn|p1a: Gliscor|Protect\n|move|p2a: Hawlucha|Aerial Ace|p1a: Gliscor\n|-activate|p1a: Gliscor|move: Protect\n|\n|-damage|p2a: Hawlucha|9\/100 psn|[from] psn\n|-heal|p1a: Gliscor|70\/100 tox|[from] ability: Poison Heal\n|upkeep\n|turn|7\n|\n|t:|1698233178\n|move|p1a: Gliscor|Protect|p1a: Gliscor\n|-singleturn|p1a: Gliscor|Protect\n|move|p2a: Hawlucha|Drain Punch|p1a: Gliscor\n|-activate|p1a: Gliscor|move: Protect\n|\n|-damage|p2a: Hawlucha|0 fnt|[from] psn\n|faint|p2a: Hawlucha\n|-heal|p1a: Gliscor|83\/100 tox|[from] ability: Poison Heal\n|upkeep\n|\n|t:|1698233189\n|switch|p2a: Toxtricity|Toxtricity, M|100\/100\n|-damage|p2a: Toxtricity|88\/100|[from] Stealth Rock\n|-sideend|p2: Ryoshi2000|move: Toxic Spikes|[of] p2a: Toxtricity\n|turn|8\n|\n|t:|1698233195\n|-terastallize|p2a: Toxtricity|Normal\n|move|p1a: Gliscor|Knock Off|p2a: Toxtricity\n|-damage|p2a: Toxtricity|57\/100\n|-enditem|p2a: Toxtricity|Life Orb|[from] move: Knock Off|[of] p1a: Gliscor\n|move|p2a: Toxtricity|Boomburst|p1a: Gliscor\n|-damage|p1a: Gliscor|0 fnt\n|faint|p1a: Gliscor\n|\n|upkeep\n|\n|t:|1698233207\n|switch|p1a: Sableye|Sableye, M, shiny|100\/100\n|turn|9\n|\n|t:|1698233216\n|move|p2a: Toxtricity|Discharge|p1a: Sableye\n|-damage|p1a: Sableye|59\/100\n|move|p1a: Sableye|Knock Off|p2a: Toxtricity\n|-damage|p2a: Toxtricity|32\/100\n|\n|upkeep\n|turn|10\n|\n|t:|1698233231\n|switch|p1a: Dipplin|Dipplin, M, shiny|100\/100\n|move|p2a: Toxtricity|Poison Jab|p1a: Dipplin\n|-supereffective|p1a: Dipplin\n|-damage|p1a: Dipplin|65\/100\n|-status|p1a: Dipplin|psn\n|\n|-damage|p1a: Dipplin|53\/100 psn|[from] psn\n|upkeep\n|turn|11\n|\n|t:|1698233238\n|move|p2a: Toxtricity|Boomburst|p1a: Dipplin\n|-damage|p1a: Dipplin|7\/100 psn\n|move|p1a: Dipplin|Giga Drain|p2a: Toxtricity\n|-crit|p2a: Toxtricity\n|-damage|p2a: Toxtricity|0 fnt\n|-heal|p1a: Dipplin|20\/100 psn|[from] drain|[of] p2a: Toxtricity\n|faint|p2a: Toxtricity\n|\n|-damage|p1a: Dipplin|8\/100 psn|[from] psn\n|upkeep\n|\n|t:|1698233243\n|switch|p2a: Skeledirge|Skeledirge, M|100\/100\n|-damage|p2a: Skeledirge|76\/100|[from] Stealth Rock\n|turn|12\n|\n|t:|1698233245\n|move|p2a: Skeledirge|Torch Song|p1a: Dipplin\n|-damage|p1a: Dipplin|0 fnt\n|-boost|p2a: Skeledirge|spa|1\n|faint|p1a: Dipplin\n|\n|upkeep\n|\n|t:|1698233255\n|switch|p1a: Sableye|Sableye, M, shiny|59\/100\n|turn|13\n|\n|t:|1698233259\n|move|p2a: Skeledirge|Earth Power|p1a: Sableye\n|-damage|p1a: Sableye|16\/100\n|-enditem|p1a: Sableye|Sitrus Berry|[eat]\n|-heal|p1a: Sableye|41\/100|[from] item: Sitrus Berry\n|move|p1a: Sableye|Knock Off|p2a: Skeledirge\n|-supereffective|p2a: Skeledirge\n|-damage|p2a: Skeledirge|33\/100\n|-enditem|p2a: Skeledirge|Weakness Policy\n|-boost|p2a: Skeledirge|atk|2|[from] item: Weakness Policy\n|-boost|p2a: Skeledirge|spa|2|[from] item: Weakness Policy\n|\n|upkeep\n|turn|14\n|\n|t:|1698233268\n|move|p1a: Sableye|Taunt|p2a: Skeledirge\n|-start|p2a: Skeledirge|move: Taunt\n|move|p2a: Skeledirge|Earth Power|p1a: Sableye\n|-damage|p1a: Sableye|0 fnt\n|faint|p1a: Sableye\n|\n|upkeep\n|\n|t:|1698233276\n|switch|p1a: Cinderace|Cinderace, M, shiny|100\/100\n|turn|15\n|\n|t:|1698233280\n|move|p1a: Cinderace|Sucker Punch|p2a: Skeledirge\n|-start|p1a: Cinderace|typechange|Dark|[from] ability: Libero\n|-supereffective|p2a: Skeledirge\n|-damage|p2a: Skeledirge|0 fnt\n|faint|p2a: Skeledirge\n|\n|upkeep\n|\n|t:|1698233284\n|switch|p2a: Kingambit|Kingambit, M|100\/100\n|-damage|p2a: Kingambit|94\/100|[from] Stealth Rock\n|turn|16\n|\n|t:|1698233294\n|-terastallize|p1a: Cinderace|Fire\n|move|p1a: Cinderace|Pyro Ball|p2a: Kingambit\n|-supereffective|p2a: Kingambit\n|-damage|p2a: Kingambit|8\/100\n|move|p2a: Kingambit|Brick Break|p1a: Cinderace\n|-damage|p1a: Cinderace|57\/100\n|\n|upkeep\n|turn|17\n|\n|t:|1698233300\n|move|p1a: Cinderace|Sucker Punch|p2a: Kingambit\n|-resisted|p2a: Kingambit\n|-damage|p2a: Kingambit|0 fnt\n|faint|p2a: Kingambit\n|\n|upkeep\n|\n|t:|1698233303\n|switch|p2a: Hatterene|Hatterene, F, shiny|100\/100\n|-damage|p2a: Hatterene|88\/100|[from] Stealth Rock\n|turn|18\n|\n|t:|1698233308\n|move|p1a: Cinderace|Pyro Ball|p2a: Hatterene\n|-damage|p2a: Hatterene|12\/100\n|move|p2a: Hatterene|Trick Room|p2a: Hatterene\n|-fieldstart|move: Trick Room|[of] p2a: Hatterene\n|\n|upkeep\n|turn|19\n|\n|t:|1698233311\n|move|p1a: Cinderace|Sucker Punch|p2a: Hatterene\n|-damage|p2a: Hatterene|0 fnt\n|faint|p2a: Hatterene\n|\n|upkeep\n|\n|t:|1698233314\n|switch|p2a: Haxorus|Haxorus, M, shiny|100\/100\n|-damage|p2a: Haxorus|88\/100|[from] Stealth Rock\n|-ability|p2a: Haxorus|Mold Breaker\n|turn|20\n|\n|t:|1698233321\n|switch|p1a: Volcarona|Volcarona, M, shiny|100\/100\n|move|p2a: Haxorus|Dragon Dance|p2a: Haxorus\n|-boost|p2a: Haxorus|atk|1\n|-boost|p2a: Haxorus|spe|1\n|\n|upkeep\n|turn|21\n|\n|t:|1698233328\n|move|p1a: Volcarona|Fiery Dance|p2a: Haxorus\n|-resisted|p2a: Haxorus\n|-damage|p2a: Haxorus|64\/100\n|move|p2a: Haxorus|Earthquake|p1a: Volcarona\n|-crit|p1a: Volcarona\n|-damage|p1a: Volcarona|29\/100\n|\n|upkeep\n|turn|22\n|\n|t:|1698233331\n|move|p1a: Volcarona|Fiery Dance|p2a: Haxorus\n|-resisted|p2a: Haxorus\n|-damage|p2a: Haxorus|39\/100\n|-boost|p1a: Volcarona|spa|1\n|move|p2a: Haxorus|Earthquake|p1a: Volcarona\n|-damage|p1a: Volcarona|0 fnt\n|faint|p1a: Volcarona\n|\n|-fieldend|move: Trick Room\n|upkeep\n|\n|t:|1698233333\n|switch|p1a: Cinderace|Cinderace, M, shiny, tera:Fire|57\/100\n|turn|23\n|\n|t:|1698233338\n|move|p1a: Cinderace|Sucker Punch||[still]\n|-fail|p1a: Cinderace\n|move|p2a: Haxorus|Dragon Dance|p2a: Haxorus\n|-boost|p2a: Haxorus|atk|1\n|-boost|p2a: Haxorus|spe|1\n|\n|upkeep\n|turn|24\n|\n|t:|1698233342\n|move|p1a: Cinderace|Sucker Punch|p2a: Haxorus\n|-crit|p2a: Haxorus\n|-damage|p2a: Haxorus|6\/100\n|move|p2a: Haxorus|Earthquake|p1a: Cinderace\n|-supereffective|p1a: Cinderace\n|-damage|p1a: Cinderace|0 fnt\n|faint|p1a: Cinderace\n|\n|win|Ryoshi2000\n|raw|retropansear's rating: 1219 &rarr; <strong>1190<\/strong><br \/>(-29 for losing)\n|raw|Ryoshi2000's rating: 1169 &rarr; <strong>1198<\/strong><br \/>(+29 for winning)\n|l|\u2606retropansear\n","uploadtime":1698233348,"views":10,"p1id":"retropansear","p2id":"ryoshi2000","formatid":"gen9anythinggoes","rating":1190,"private":0,"password":""}