{"id":"gen9anythinggoes-1998524117","p1":"LPtiDim","p2":"YoungEsq","format":"[Gen 9] Anything Goes","log":"|j|\u2606LPtiDim\n|j|\u2606YoungEsq\n|t:|1700952110\n|gametype|singles\n|player|p1|LPtiDim|alder|1157\n|player|p2|YoungEsq|2|1324\n|teamsize|p1|6\n|teamsize|p2|6\n|gen|9\n|tier|[Gen 9] Anything Goes\n|rated|\n|rule|HP Percentage Mod: HP is shown in percentages\n|rule|Endless Battle Clause: Forcing endless battles is banned\n|clearpoke\n|poke|p1|Landorus-Therian, M|\n|poke|p1|Volcarona, M|\n|poke|p1|Gliscor, F|\n|poke|p1|Dragapult, M|\n|poke|p1|Great Tusk|\n|poke|p1|Garganacl, M|\n|poke|p2|Ting-Lu|\n|poke|p2|Gholdengo|\n|poke|p2|Roaring Moon|\n|poke|p2|Chi-Yu|\n|poke|p2|Samurott-Hisui, F|\n|poke|p2|Mandibuzz, F|\n|teampreview\n|\n|t:|1700952117\n|start\n|switch|p1a: Landorus|Landorus-Therian, M|100\/100\n|switch|p2a: Ting-Lu|Ting-Lu|100\/100\n|-ability|p1a: Landorus|Intimidate|boost\n|-unboost|p2a: Ting-Lu|atk|1\n|-ability|p2a: Ting-Lu|Vessel of Ruin\n|turn|1\n|inactive|Battle timer is ON: inactive players will automatically lose when time's up. (requested by YoungEsq)\n|\n|t:|1700952125\n|move|p1a: Landorus|Taunt|p2a: Ting-Lu\n|-start|p2a: Ting-Lu|move: Taunt\n|cant|p2a: Ting-Lu|move: Taunt|Stealth Rock\n|\n|upkeep\n|turn|2\n|\n|t:|1700952129\n|move|p1a: Landorus|Stealth Rock|p2a: Ting-Lu\n|-sidestart|p2: YoungEsq|move: Stealth Rock\n|move|p2a: Ting-Lu|Ruination|p1a: Landorus\n|-damage|p1a: Landorus|51\/100\n|\n|upkeep\n|turn|3\n|\n|t:|1700952135\n|move|p1a: Landorus|U-turn|p2a: Ting-Lu\n|-supereffective|p2a: Ting-Lu\n|-damage|p2a: Ting-Lu|78\/100\n|\n|t:|1700952138\n|switch|p1a: Gliscor|Gliscor, F|100\/100|[from] U-turn\n|move|p2a: Ting-Lu|Ruination|p1a: Gliscor\n|-damage|p1a: Gliscor|50\/100\n|\n|-heal|p2a: Ting-Lu|84\/100|[from] item: Leftovers\n|-end|p2a: Ting-Lu|move: Taunt\n|-status|p1a: Gliscor|tox|[from] item: Toxic Orb\n|upkeep\n|turn|4\n|\n|t:|1700952148\n|move|p1a: Gliscor|Protect|p1a: Gliscor\n|-singleturn|p1a: Gliscor|Protect\n|move|p2a: Ting-Lu|Stealth Rock|p1a: Gliscor\n|-sidestart|p1: LPtiDim|move: Stealth Rock\n|\n|-heal|p2a: Ting-Lu|90\/100|[from] item: Leftovers\n|-heal|p1a: Gliscor|63\/100 tox|[from] ability: Poison Heal\n|upkeep\n|turn|5\n|\n|t:|1700952155\n|move|p1a: Gliscor|Knock Off|p2a: Ting-Lu\n|-resisted|p2a: Ting-Lu\n|-damage|p2a: Ting-Lu|84\/100\n|-enditem|p2a: Ting-Lu|Leftovers|[from] move: Knock Off|[of] p1a: Gliscor\n|move|p2a: Ting-Lu|Whirlwind|p1a: Gliscor\n|drag|p1a: Garganacl|Garganacl, M|100\/100\n|-damage|p1a: Garganacl|88\/100|[from] Stealth Rock\n|\n|-heal|p1a: Garganacl|94\/100|[from] item: Leftovers\n|upkeep\n|turn|6\n|\n|t:|1700952168\n|move|p2a: Ting-Lu|Ruination|p1a: Garganacl\n|-damage|p1a: Garganacl|48\/100\n|move|p1a: Garganacl|Body Press|p2a: Ting-Lu\n|-supereffective|p2a: Ting-Lu\n|-damage|p2a: Ting-Lu|51\/100\n|\n|-heal|p1a: Garganacl|54\/100|[from] item: Leftovers\n|upkeep\n|turn|7\n|\n|t:|1700952181\n|switch|p2a: Gholdengo|Gholdengo|100\/100\n|-damage|p2a: Gholdengo|94\/100|[from] Stealth Rock\n|-item|p2a: Gholdengo|Air Balloon\n|move|p1a: Garganacl|Recover|p1a: Garganacl\n|-heal|p1a: Garganacl|100\/100\n|\n|upkeep\n|turn|8\n|\n|t:|1700952188\n|move|p2a: Gholdengo|Nasty Plot|p2a: Gholdengo\n|-boost|p2a: Gholdengo|spa|2\n|move|p1a: Garganacl|Salt Cure|p2a: Gholdengo\n|-resisted|p2a: Gholdengo\n|-damage|p2a: Gholdengo|87\/100\n|-start|p2a: Gholdengo|Salt Cure\n|-enditem|p2a: Gholdengo|Air Balloon\n|\n|-damage|p2a: Gholdengo|62\/100|[from] Salt Cure\n|upkeep\n|turn|9\n|\n|t:|1700952196\n|move|p2a: Gholdengo|Make It Rain|p1a: Garganacl\n|-supereffective|p1a: Garganacl\n|-damage|p1a: Garganacl|0 fnt\n|-unboost|p2a: Gholdengo|spa|1\n|faint|p1a: Garganacl\n|\n|-damage|p2a: Gholdengo|37\/100|[from] Salt Cure\n|upkeep\n|\n|t:|1700952210\n|switch|p1a: Gliscor|Gliscor, F|63\/100 tox\n|-damage|p1a: Gliscor|50\/100 tox|[from] Stealth Rock\n|turn|10\n|\n|t:|1700952215\n|move|p1a: Gliscor|Protect|p1a: Gliscor\n|-singleturn|p1a: Gliscor|Protect\n|move|p2a: Gholdengo|Shadow Ball|p1a: Gliscor\n|-activate|p1a: Gliscor|move: Protect\n|\n|-heal|p1a: Gliscor|63\/100 tox|[from] ability: Poison Heal\n|-damage|p2a: Gholdengo|13\/100|[from] Salt Cure\n|upkeep\n|turn|11\n|\n|t:|1700952224\n|move|p2a: Gholdengo|Recover|p2a: Gholdengo\n|-heal|p2a: Gholdengo|63\/100\n|move|p1a: Gliscor|Knock Off|p2a: Gholdengo\n|-supereffective|p2a: Gholdengo\n|-damage|p2a: Gholdengo|30\/100\n|\n|-heal|p1a: Gliscor|75\/100 tox|[from] ability: Poison Heal\n|-damage|p2a: Gholdengo|5\/100|[from] Salt Cure\n|upkeep\n|turn|12\n|\n|t:|1700952234\n|move|p1a: Gliscor|Protect|p1a: Gliscor\n|-singleturn|p1a: Gliscor|Protect\n|move|p2a: Gholdengo|Recover|p2a: Gholdengo\n|-heal|p2a: Gholdengo|55\/100\n|\n|-heal|p1a: Gliscor|88\/100 tox|[from] ability: Poison Heal\n|-damage|p2a: Gholdengo|30\/100|[from] Salt Cure\n|upkeep\n|turn|13\n|\n|t:|1700952243\n|move|p2a: Gholdengo|Recover|p2a: Gholdengo\n|-heal|p2a: Gholdengo|80\/100\n|move|p1a: Gliscor|Knock Off|p2a: Gholdengo\n|-supereffective|p2a: Gholdengo\n|-damage|p2a: Gholdengo|47\/100\n|\n|-heal|p1a: Gliscor|100\/100 tox|[from] ability: Poison Heal\n|-damage|p2a: Gholdengo|23\/100|[from] Salt Cure\n|upkeep\n|turn|14\n|\n|t:|1700952252\n|move|p2a: Gholdengo|Recover|p2a: Gholdengo\n|-heal|p2a: Gholdengo|73\/100\n|move|p1a: Gliscor|Knock Off|p2a: Gholdengo\n|-supereffective|p2a: Gholdengo\n|-crit|p2a: Gholdengo\n|-damage|p2a: Gholdengo|20\/100\n|\n|-damage|p2a: Gholdengo|0 fnt|[from] Salt Cure\n|faint|p2a: Gholdengo\n|upkeep\n|\n|t:|1700952263\n|switch|p2a: Chi-Yu|Chi-Yu|100\/100\n|-damage|p2a: Chi-Yu|76\/100|[from] Stealth Rock\n|-ability|p2a: Chi-Yu|Beads of Ruin\n|turn|15\n|\n|t:|1700952270\n|move|p2a: Chi-Yu|Psychic|p1a: Gliscor\n|-damage|p1a: Gliscor|58\/100 tox\n|move|p1a: Gliscor|Toxic|p2a: Chi-Yu|[miss]\n|-miss|p1a: Gliscor|p2a: Chi-Yu\n|\n|-heal|p1a: Gliscor|70\/100 tox|[from] ability: Poison Heal\n|upkeep\n|turn|16\n|\n|t:|1700952276\n|-terastallize|p2a: Chi-Yu|Poison\n|move|p2a: Chi-Yu|Psychic|p1a: Gliscor\n|-damage|p1a: Gliscor|28\/100 tox\n|move|p1a: Gliscor|Toxic|p2a: Chi-Yu\n|-immune|p2a: Chi-Yu\n|\n|-heal|p1a: Gliscor|40\/100 tox|[from] ability: Poison Heal\n|upkeep\n|turn|17\n|\n|t:|1700952284\n|move|p1a: Gliscor|Protect|p1a: Gliscor\n|-singleturn|p1a: Gliscor|Protect\n|move|p2a: Chi-Yu|Psychic|p1a: Gliscor\n|-activate|p1a: Gliscor|move: Protect\n|\n|-heal|p1a: Gliscor|53\/100 tox|[from] ability: Poison Heal\n|upkeep\n|turn|18\n|\n|t:|1700952292\n|move|p2a: Chi-Yu|Psychic|p1a: Gliscor\n|-damage|p1a: Gliscor|10\/100 tox\n|move|p1a: Gliscor|Knock Off|p2a: Chi-Yu\n|-damage|p2a: Chi-Yu|41\/100\n|-enditem|p2a: Chi-Yu|Choice Scarf|[from] move: Knock Off|[of] p1a: Gliscor\n|\n|-heal|p1a: Gliscor|23\/100 tox|[from] ability: Poison Heal\n|upkeep\n|turn|19\n|\n|t:|1700952300\n|switch|p2a: Samurott|Samurott-Hisui, F|100\/100\n|-damage|p2a: Samurott|88\/100|[from] Stealth Rock\n|move|p1a: Gliscor|Protect||[still]\n|-fail|p1a: Gliscor\n|\n|-heal|p1a: Gliscor|35\/100 tox|[from] ability: Poison Heal\n|upkeep\n|turn|20\n|\n|t:|1700952312\n|move|p1a: Gliscor|Toxic|p2a: Samurott\n|-status|p2a: Samurott|tox\n|move|p2a: Samurott|Ceaseless Edge|p1a: Gliscor\n|-damage|p1a: Gliscor|4\/100 tox\n|-sidestart|p1: LPtiDim|Spikes\n|\n|-heal|p1a: Gliscor|17\/100 tox|[from] ability: Poison Heal\n|-damage|p2a: Samurott|82\/100 tox|[from] psn\n|upkeep\n|turn|21\n|\n|t:|1700952320\n|move|p1a: Gliscor|Knock Off|p2a: Samurott\n|-resisted|p2a: Samurott\n|-damage|p2a: Samurott|69\/100 tox\n|-enditem|p2a: Samurott|Roseli Berry|[from] move: Knock Off|[of] p1a: Gliscor\n|move|p2a: Samurott|Ceaseless Edge|p1a: Gliscor\n|-damage|p1a: Gliscor|0 fnt\n|-sidestart|p1: LPtiDim|Spikes\n|faint|p1a: Gliscor\n|\n|-damage|p2a: Samurott|56\/100 tox|[from] psn\n|upkeep\n|\n|t:|1700952330\n|switch|p1a: Landorus|Landorus-Therian, M|51\/100\n|-damage|p1a: Landorus|38\/100|[from] Stealth Rock\n|-ability|p1a: Landorus|Intimidate|boost\n|-unboost|p2a: Samurott|atk|1\n|turn|22\n|\n|t:|1700952335\n|move|p2a: Samurott|Razor Shell|p1a: Landorus\n|-supereffective|p1a: Landorus\n|-damage|p1a: Landorus|0 fnt\n|-damage|p2a: Samurott|39\/100 tox|[from] item: Rocky Helmet|[of] p1a: Landorus\n|faint|p1a: Landorus\n|\n|-damage|p2a: Samurott|21\/100 tox|[from] psn\n|upkeep\n|\n|t:|1700952343\n|switch|p1a: Great Tusk|Great Tusk|100\/100\n|-damage|p1a: Great Tusk|98\/100|[from] Stealth Rock\n|-damage|p1a: Great Tusk|81\/100|[from] Spikes\n|turn|23\n|\n|t:|1700952357\n|move|p1a: Great Tusk|Headlong Rush|p2a: Samurott\n|-damage|p2a: Samurott|0 fnt\n|-unboost|p1a: Great Tusk|def|1\n|-unboost|p1a: Great Tusk|spd|1\n|faint|p2a: Samurott\n|\n|-heal|p1a: Great Tusk|87\/100|[from] item: Leftovers\n|upkeep\n|\n|t:|1700952360\n|switch|p2a: Mandibuzz|Mandibuzz, F|100\/100\n|turn|24\n|\n|t:|1700952367\n|move|p1a: Great Tusk|Knock Off|p2a: Mandibuzz\n|-resisted|p2a: Mandibuzz\n|-damage|p2a: Mandibuzz|86\/100\n|-enditem|p2a: Mandibuzz|Heavy-Duty Boots|[from] move: Knock Off|[of] p1a: Great Tusk\n|move|p2a: Mandibuzz|Toxic|p1a: Great Tusk\n|-status|p1a: Great Tusk|tox\n|\n|-heal|p1a: Great Tusk|93\/100 tox|[from] item: Leftovers\n|-damage|p1a: Great Tusk|87\/100 tox|[from] psn\n|upkeep\n|turn|25\n|\n|t:|1700952377\n|move|p1a: Great Tusk|Bulk Up|p1a: Great Tusk\n|-boost|p1a: Great Tusk|atk|1\n|-boost|p1a: Great Tusk|def|1\n|move|p2a: Mandibuzz|Defog|p1a: Great Tusk\n|-unboost|p1a: Great Tusk|evasion|1\n|-sideend|p1: LPtiDim|Spikes|[from] move: Defog|[of] p2a: Mandibuzz\n|-sideend|p1: LPtiDim|Stealth Rock|[from] move: Defog|[of] p2a: Mandibuzz\n|-sideend|p2: YoungEsq|Stealth Rock|[from] move: Defog|[of] p2a: Mandibuzz\n|\n|-heal|p1a: Great Tusk|93\/100 tox|[from] item: Leftovers\n|-damage|p1a: Great Tusk|81\/100 tox|[from] psn\n|upkeep\n|turn|26\n|\n|t:|1700952402\n|move|p1a: Great Tusk|Bulk Up|p1a: Great Tusk\n|-boost|p1a: Great Tusk|atk|1\n|-boost|p1a: Great Tusk|def|1\n|move|p2a: Mandibuzz|Foul Play|p1a: Great Tusk\n|-resisted|p1a: Great Tusk\n|-damage|p1a: Great Tusk|55\/100 tox\n|\n|-heal|p1a: Great Tusk|62\/100 tox|[from] item: Leftovers\n|-damage|p1a: Great Tusk|43\/100 tox|[from] psn\n|upkeep\n|turn|27\n|\n|t:|1700952413\n|move|p1a: Great Tusk|Bulk Up|p1a: Great Tusk\n|-boost|p1a: Great Tusk|atk|1\n|-boost|p1a: Great Tusk|def|1\n|move|p2a: Mandibuzz|Foul Play|p1a: Great Tusk\n|-resisted|p1a: Great Tusk\n|-damage|p1a: Great Tusk|18\/100 tox\n|\n|-heal|p1a: Great Tusk|24\/100 tox|[from] item: Leftovers\n|-damage|p1a: Great Tusk|0 fnt|[from] psn\n|faint|p1a: Great Tusk\n|-end|p1a: Great Tusk|Protosynthesis|[silent]\n|upkeep\n|\n|t:|1700952422\n|switch|p1a: Volcarona|Volcarona, M, shiny|100\/100\n|turn|28\n|\n|t:|1700952435\n|move|p1a: Volcarona|Quiver Dance|p1a: Volcarona\n|-boost|p1a: Volcarona|spa|1\n|-boost|p1a: Volcarona|spd|1\n|-boost|p1a: Volcarona|spe|1\n|move|p2a: Mandibuzz|Toxic|p1a: Volcarona\n|-status|p1a: Volcarona|tox\n|\n|-damage|p1a: Volcarona|94\/100 tox|[from] psn\n|upkeep\n|turn|29\n|\n|t:|1700952442\n|move|p1a: Volcarona|Fiery Dance|p2a: Mandibuzz\n|-damage|p2a: Mandibuzz|47\/100\n|-boost|p1a: Volcarona|spa|1\n|move|p2a: Mandibuzz|Foul Play|p1a: Volcarona\n|-damage|p1a: Volcarona|71\/100 tox\n|\n|-damage|p1a: Volcarona|59\/100 tox|[from] psn\n|upkeep\n|turn|30\n|\n|t:|1700952452\n|move|p1a: Volcarona|Fiery Dance|p2a: Mandibuzz\n|-damage|p2a: Mandibuzz|0 fnt\n|faint|p2a: Mandibuzz\n|\n|-damage|p1a: Volcarona|41\/100 tox|[from] psn\n|upkeep\n|\n|t:|1700952457\n|switch|p2a: Ting-Lu|Ting-Lu|51\/100\n|-ability|p2a: Ting-Lu|Vessel of Ruin\n|turn|31\n|\n|t:|1700952461\n|move|p1a: Volcarona|Bug Buzz|p2a: Ting-Lu\n|-supereffective|p2a: Ting-Lu\n|-damage|p2a: Ting-Lu|0 fnt\n|faint|p2a: Ting-Lu\n|\n|-damage|p1a: Volcarona|16\/100 tox|[from] psn\n|upkeep\n|\n|t:|1700952467\n|switch|p2a: Roaring Moon|Roaring Moon|100\/100\n|-enditem|p2a: Roaring Moon|Booster Energy\n|-activate|p2a: Roaring Moon|ability: Protosynthesis|[fromitem]\n|-start|p2a: Roaring Moon|protosynthesisatk\n|turn|32\n|\n|t:|1700952473\n|move|p1a: Volcarona|Bug Buzz|p2a: Roaring Moon\n|-supereffective|p2a: Roaring Moon\n|-crit|p2a: Roaring Moon\n|-damage|p2a: Roaring Moon|0 fnt\n|faint|p2a: Roaring Moon\n|-end|p2a: Roaring Moon|Protosynthesis|[silent]\n|\n|-damage|p1a: Volcarona|0 fnt|[from] psn\n|faint|p1a: Volcarona\n|upkeep\n|\n|t:|1700952480\n|switch|p2a: Chi-Yu|Chi-Yu, tera:Poison|41\/100\n|switch|p1a: Dragapult|Dragapult, M, shiny|100\/100\n|-ability|p2a: Chi-Yu|Beads of Ruin\n|turn|33\n|\n|t:|1700952487\n|move|p1a: Dragapult|Dragon Darts|p2a: Chi-Yu\n|-damage|p2a: Chi-Yu|0 fnt\n|faint|p2a: Chi-Yu\n|-damage|p1a: Dragapult|91\/100|[from] item: Life Orb\n|\n|win|LPtiDim\n|raw|LPtiDim's rating: 1157 &rarr; <strong>1193<\/strong><br \/>(+36 for winning)\n|raw|YoungEsq's rating: 1324 &rarr; <strong>1295<\/strong><br \/>(-29 for losing)\n|l|\u2606YoungEsq\n","uploadtime":1700952499,"views":19,"p1id":"lptidim","p2id":"youngesq","formatid":"gen9anythinggoes","rating":1193,"private":0,"password":""}