{"id":"gen9anythinggoes-1973211242","p1":"Mattattac","p2":"DexTrainerRed","format":"[Gen 9] Anything Goes","log":"|j|\u2606Mattattac\n|j|\u2606DexTrainerRed\n|t:|1697939926\n|gametype|singles\n|player|p1|Mattattac|nate|1051\n|player|p2|DexTrainerRed|ash-kalos|1171\n|teamsize|p1|1\n|teamsize|p2|6\n|gen|9\n|tier|[Gen 9] Anything Goes\n|rated|\n|rule|HP Percentage Mod: HP is shown in percentages\n|rule|Endless Battle Clause: Forcing endless battles is banned\n|clearpoke\n|poke|p1|Ogerpon-Hearthflame, F|\n|poke|p2|Infernape, M|\n|poke|p2|Staraptor, M|\n|poke|p2|Torterra, M|\n|poke|p2|Empoleon, M|\n|poke|p2|Gliscor, M|\n|poke|p2|Pikachu, M|\n|teampreview\n|inactive|Battle timer is ON: inactive players will automatically lose when time's up. (requested by DexTrainerRed)\n|c|\u2606Mattattac|ogerpon\n|\n|t:|1697939932\n|start\n|switch|p1a: Ogerpon|Ogerpon-Hearthflame, F|100\/100\n|switch|p2a: Empoleon|Empoleon, M|100\/100\n|-ability|p1a: Ogerpon|Mold Breaker\n|turn|1\n|\n|t:|1697939938\n|move|p1a: Ogerpon|Trailblaze|p2a: Empoleon\n|-damage|p2a: Empoleon|66\/100\n|-boost|p1a: Ogerpon|spe|1\n|move|p2a: Empoleon|Agility|p2a: Empoleon\n|-boost|p2a: Empoleon|spe|2\n|\n|upkeep\n|turn|2\n|\n|t:|1697939950\n|-terastallize|p2a: Empoleon|Flying\n|move|p1a: Ogerpon|Ivy Cudgel|p2a: Empoleon\n|-damage|p2a: Empoleon|0 fnt\n|faint|p2a: Empoleon\n|\n|upkeep\n|\n|t:|1697939955\n|switch|p2a: Infernape|Infernape, M|100\/100\n|turn|3\n|\n|t:|1697939963\n|move|p1a: Ogerpon|Swords Dance|p1a: Ogerpon\n|-boost|p1a: Ogerpon|atk|2\n|move|p2a: Infernape|Flamethrower|p1a: Ogerpon\n|-damage|p1a: Ogerpon|57\/100\n|\n|upkeep\n|turn|4\n|\n|t:|1697939970\n|-terastallize|p1a: Ogerpon|Fire\n|detailschange|p1a: Ogerpon|Ogerpon-Hearthflame-Tera, F, tera:Fire\n|-ability|p1a: Ogerpon|Embody Aspect (Hearthflame)|boost\n|-boost|p1a: Ogerpon|atk|1\n|move|p1a: Ogerpon|Ivy Cudgel|p2a: Infernape\n|-resisted|p2a: Infernape\n|-enditem|p2a: Infernape|Focus Sash\n|-damage|p2a: Infernape|1\/100\n|move|p2a: Infernape|Flamethrower|p1a: Ogerpon\n|-resisted|p1a: Ogerpon\n|-damage|p1a: Ogerpon|19\/100\n|\n|upkeep\n|turn|5\n|\n|t:|1697939981\n|move|p1a: Ogerpon|Ivy Cudgel|p2a: Infernape\n|-resisted|p2a: Infernape\n|-crit|p2a: Infernape\n|-damage|p2a: Infernape|0 fnt\n|faint|p2a: Infernape\n|\n|upkeep\n|\n|t:|1697939985\n|switch|p2a: Staraptor|Staraptor, M|100\/100\n|turn|6\n|\n|t:|1697939990\n|move|p1a: Ogerpon|Ivy Cudgel|p2a: Staraptor\n|-enditem|p2a: Staraptor|Focus Sash\n|-damage|p2a: Staraptor|1\/100\n|move|p2a: Staraptor|Brave Bird|p1a: Ogerpon\n|-damage|p1a: Ogerpon|0 fnt\n|faint|p1a: Ogerpon\n|-damage|p2a: Staraptor|0 fnt|[from] Recoil\n|faint|p2a: Staraptor\n|\n|win|DexTrainerRed\n|raw|Mattattac's rating: 1051 &rarr; <strong>1039<\/strong><br \/>(-12 for losing)\n|raw|DexTrainerRed's rating: 1171 &rarr; <strong>1188<\/strong><br \/>(+17 for winning)\n|c|\u2606Mattattac|ogerpon :(\n|l|\u2606DexTrainerRed\n","uploadtime":1697940003,"views":7,"p1id":"mattattac","p2id":"dextrainerred","formatid":"gen9anythinggoes","rating":1039,"private":0,"password":""}