{"id":"gen9anythinggoes-1994920626","p1":"Brenzino","p2":"kowtow kleabe","format":"[Gen 9] Anything Goes","log":"|j|\u2606Brenzino\n|j|\u2606kowtow kleabe\n|t:|1700504798\n|gametype|singles\n|player|p1|Brenzino|pokemaniac|\n|player|p2|kowtow kleabe|swimmerf-gen4|\n|teamsize|p1|6\n|teamsize|p2|6\n|gen|9\n|tier|[Gen 9] Anything Goes\n|rule|HP Percentage Mod: HP is shown in percentages\n|rule|Endless Battle Clause: Forcing endless battles is banned\n|clearpoke\n|poke|p1|Cresselia, F|\n|poke|p1|Landorus-Therian, M|\n|poke|p1|Slaking, F|\n|poke|p1|Samurott-Hisui, F|\n|poke|p1|Clodsire, F|\n|poke|p1|Cloyster, M|\n|poke|p2|Inteleon, M|\n|poke|p2|Weavile, M|\n|poke|p2|Basculin, F|\n|poke|p2|Rillaboom, F|\n|poke|p2|Infernape, M|\n|poke|p2|Morpeko, F|\n|teampreview\n|\n|t:|1700504802\n|start\n|switch|p1a: Cloyster|Cloyster, M|100\/100\n|switch|p2a: Morpeko|Morpeko, F|100\/100\n|turn|1\n|\n|t:|1700504813\n|switch|p1a: Clodsire|Clodsire, F|100\/100\n|move|p2a: Morpeko|Fake Out|p1a: Clodsire\n|-damage|p1a: Clodsire|87\/100\n|\n|-heal|p1a: Clodsire|93\/100|[from] item: Leftovers\n|-formechange|p2a: Morpeko|Morpeko-Hangry||[from] ability: Hunger Switch\n|upkeep\n|turn|2\n|\n|t:|1700504827\n|switch|p2a: Inteleon|Inteleon, M|100\/100\n|move|p1a: Clodsire|Earthquake|p2a: Inteleon\n|-damage|p2a: Inteleon|54\/100\n|\n|-heal|p1a: Clodsire|99\/100|[from] item: Leftovers\n|upkeep\n|turn|3\n|\n|t:|1700504842\n|switch|p1a: Cresselia|Cresselia, F|100\/100\n|move|p2a: Inteleon|Ice Beam|p1a: Cresselia\n|-damage|p1a: Cresselia|78\/100\n|\n|-heal|p1a: Cresselia|84\/100|[from] item: Leftovers\n|upkeep\n|turn|4\n|\n|t:|1700504847\n|move|p2a: Inteleon|Dark Pulse|p1a: Cresselia\n|-supereffective|p1a: Cresselia\n|-damage|p1a: Cresselia|38\/100\n|move|p1a: Cresselia|Thunderbolt|p2a: Inteleon\n|-supereffective|p2a: Inteleon\n|-damage|p2a: Inteleon|0 fnt\n|faint|p2a: Inteleon\n|\n|-heal|p1a: Cresselia|44\/100|[from] item: Leftovers\n|upkeep\n|\n|t:|1700504854\n|switch|p2a: Weavile|Weavile, M|100\/100\n|-ability|p2a: Weavile|Pressure\n|turn|5\n|\n|t:|1700504863\n|move|p2a: Weavile|Knock Off|p1a: Cresselia\n|-supereffective|p1a: Cresselia\n|-damage|p1a: Cresselia|0 fnt\n|-enditem|p1a: Cresselia|Leftovers|[from] move: Knock Off|[of] p2a: Weavile\n|faint|p1a: Cresselia\n|\n|upkeep\n|\n|t:|1700504867\n|switch|p1a: Samurott|Samurott-Hisui, F|100\/100\n|turn|6\n|\n|t:|1700504875\n|move|p1a: Samurott|Sacred Sword|p2a: Weavile\n|-supereffective|p2a: Weavile\n|-enditem|p2a: Weavile|Focus Sash\n|-damage|p2a: Weavile|1\/100\n|move|p2a: Weavile|Brick Break|p1a: Samurott\n|-supereffective|p1a: Samurott\n|-damage|p1a: Samurott|25\/100\n|\n|upkeep\n|turn|7\n|\n|t:|1700504886\n|switch|p1a: Clodsire|Clodsire, F|99\/100\n|switch|p2a: Rillaboom|Rillaboom, F|100\/100\n|-fieldstart|move: Grassy Terrain|[from] ability: Grassy Surge|[of] p2a: Rillaboom\n|\n|-heal|p1a: Clodsire|100\/100|[from] Grassy Terrain\n|upkeep\n|turn|8\n|l|\u2606Brenzino\n|player|p1|\n|l|\u2606kowtow kleabe\n|player|p2|\n|j|\u2606Brenzino\n|player|p1|Brenzino|pokemaniac\n|j|\u2606kowtow kleabe\n|player|p2|kowtow kleabe|swimmerf-gen4\n|\n|t:|1700504947\n|switch|p2a: Weavile|Weavile, M|1\/100\n|-ability|p2a: Weavile|Pressure\n|move|p1a: Clodsire|Zen Headbutt|p2a: Weavile\n|-immune|p2a: Weavile\n|\n|-heal|p2a: Weavile|7\/100|[from] Grassy Terrain\n|upkeep\n|turn|9\n|\n|t:|1700504956\n|move|p2a: Weavile|Ice Spinner|p1a: Clodsire\n|-supereffective|p1a: Clodsire\n|-damage|p1a: Clodsire|12\/100\n|-fieldend|move: Grassy Terrain\n|move|p1a: Clodsire|Earthquake|p2a: Weavile\n|-damage|p2a: Weavile|0 fnt\n|faint|p2a: Weavile\n|\n|-heal|p1a: Clodsire|18\/100|[from] item: Leftovers\n|upkeep\n|\n|t:|1700504966\n|switch|p2a: Morpeko|Morpeko, F|100\/100\n|turn|10\n|\n|t:|1700504969\n|move|p2a: Morpeko|Fake Out|p1a: Clodsire\n|-damage|p1a: Clodsire|4\/100\n|cant|p1a: Clodsire|flinch\n|\n|-heal|p1a: Clodsire|10\/100|[from] item: Leftovers\n|-formechange|p2a: Morpeko|Morpeko-Hangry||[from] ability: Hunger Switch\n|upkeep\n|turn|11\n|\n|t:|1700504989\n|switch|p1a: Landorus|Landorus-Therian, M|100\/100\n|-ability|p1a: Landorus|Intimidate|boost\n|-unboost|p2a: Morpeko|atk|1\n|move|p2a: Morpeko|Aura Wheel|p1a: Landorus\n|-damage|p1a: Landorus|61\/100\n|-boost|p2a: Morpeko|spe|1\n|\n|-formechange|p2a: Morpeko|Morpeko||[from] ability: Hunger Switch\n|upkeep\n|turn|12\n|\n|t:|1700504998\n|move|p2a: Morpeko|Protect|p2a: Morpeko\n|-singleturn|p2a: Morpeko|Protect\n|move|p1a: Landorus|Earthquake|p2a: Morpeko\n|-activate|p2a: Morpeko|move: Protect\n|\n|-formechange|p2a: Morpeko|Morpeko-Hangry||[from] ability: Hunger Switch\n|upkeep\n|turn|13\n|\n|t:|1700505014\n|move|p2a: Morpeko|Aura Wheel|p1a: Landorus\n|-damage|p1a: Landorus|23\/100\n|-boost|p2a: Morpeko|spe|1\n|move|p1a: Landorus|Earthquake|p2a: Morpeko\n|-supereffective|p2a: Morpeko\n|-damage|p2a: Morpeko|0 fnt\n|faint|p2a: Morpeko\n|-damage|p1a: Landorus|14\/100|[from] item: Life Orb\n|\n|upkeep\n|\n|t:|1700505026\n|switch|p2a: Basculin|Basculin, F|100\/100\n|turn|14\n|\n|t:|1700505039\n|move|p2a: Basculin|Aqua Jet|p1a: Landorus\n|-supereffective|p1a: Landorus\n|-damage|p1a: Landorus|0 fnt\n|faint|p1a: Landorus\n|\n|upkeep\n|\n|t:|1700505046\n|switch|p1a: Slaking|Slaking, F|100\/100\n|turn|15\n|\n|t:|1700505069\n|move|p2a: Basculin|Aqua Jet|p1a: Slaking\n|-damage|p1a: Slaking|80\/100\n|move|p1a: Slaking|Giga Impact|p2a: Basculin\n|-damage|p2a: Basculin|0 fnt\n|-mustrecharge|p1a: Slaking\n|faint|p2a: Basculin\n|\n|upkeep\n|\n|t:|1700505076\n|switch|p2a: Rillaboom|Rillaboom, F|100\/100\n|-fieldstart|move: Grassy Terrain|[from] ability: Grassy Surge|[of] p2a: Rillaboom\n|turn|16\n|\n|t:|1700505081\n|cant|p1a: Slaking|recharge\n|move|p2a: Rillaboom|Drain Punch|p1a: Slaking\n|-supereffective|p1a: Slaking\n|-damage|p1a: Slaking|38\/100\n|\n|-heal|p1a: Slaking|44\/100|[from] Grassy Terrain\n|upkeep\n|turn|17\n|\n|t:|1700505086\n|move|p2a: Rillaboom|Grassy Glide|p1a: Slaking\n|-damage|p1a: Slaking|15\/100\n|move|p1a: Slaking|Fire Blast|p2a: Rillaboom\n|-supereffective|p2a: Rillaboom\n|-damage|p2a: Rillaboom|24\/100\n|\n|-heal|p1a: Slaking|21\/100|[from] Grassy Terrain\n|-heal|p2a: Rillaboom|30\/100|[from] Grassy Terrain\n|-heal|p2a: Rillaboom|36\/100|[from] item: Leftovers\n|upkeep\n|turn|18\n|\n|t:|1700505101\n|cant|p1a: Slaking|ability: Truant\n|move|p2a: Rillaboom|Drain Punch|p1a: Slaking\n|-supereffective|p1a: Slaking\n|-damage|p1a: Slaking|0 fnt\n|-heal|p2a: Rillaboom|49\/100|[from] drain|[of] p1a: Slaking\n|faint|p1a: Slaking\n|\n|-heal|p2a: Rillaboom|56\/100|[from] Grassy Terrain\n|-heal|p2a: Rillaboom|62\/100|[from] item: Leftovers\n|upkeep\n|\n|t:|1700505105\n|switch|p1a: Cloyster|Cloyster, M|100\/100\n|turn|19\n|\n|t:|1700505117\n|switch|p2a: Infernape|Infernape, M|100\/100\n|move|p1a: Cloyster|Liquidation|p2a: Infernape\n|-supereffective|p2a: Infernape\n|-damage|p2a: Infernape|0 fnt\n|faint|p2a: Infernape\n|\n|upkeep\n|\n|t:|1700505122\n|switch|p2a: Rillaboom|Rillaboom, F|62\/100\n|turn|20\n|\n|t:|1700505126\n|-terastallize|p2a: Rillaboom|Grass\n|move|p2a: Rillaboom|Grassy Glide|p1a: Cloyster\n|-supereffective|p1a: Cloyster\n|-damage|p1a: Cloyster|16\/100\n|move|p1a: Cloyster|Icicle Spear|p2a: Rillaboom\n|-supereffective|p2a: Rillaboom\n|-damage|p2a: Rillaboom|39\/100\n|-supereffective|p2a: Rillaboom\n|-damage|p2a: Rillaboom|19\/100\n|-supereffective|p2a: Rillaboom\n|-damage|p2a: Rillaboom|0 fnt\n|faint|p2a: Rillaboom\n|-hitcount|p2: Rillaboom|3\n|\n|win|Brenzino\n|l|\u2606kowtow kleabe\n","uploadtime":1700505138,"views":2,"p1id":"brenzino","p2id":"kowtowkleabe","formatid":"gen9anythinggoes","rating":0,"private":0,"password":""}