{"id":"gen9anythinggoes-1975201085","p1":"zindei","p2":"Warback","format":"[Gen 9] Anything Goes","log":"|j|\u203dzindei\n|j|\u2606Warback\n|t:|1698169739\n|gametype|singles\n|player|p1|zindei|169|1000\n|player|p2|Warback|265|1000\n|teamsize|p1|6\n|teamsize|p2|6\n|gen|9\n|tier|[Gen 9] Anything Goes\n|rated|\n|rule|HP Percentage Mod: HP is shown in percentages\n|rule|Endless Battle Clause: Forcing endless battles is banned\n|clearpoke\n|poke|p1|Eternatus|\n|poke|p1|Rayquaza|\n|poke|p1|Regidrago|\n|poke|p1|Mewtwo|\n|poke|p1|Darkrai|\n|poke|p1|Dialga|\n|poke|p2|Gurdurr, F|\n|poke|p2|Slowking-Galar, F|\n|poke|p2|Donphan, M|\n|poke|p2|Thundurus-Therian, M|\n|poke|p2|Azumarill, F|\n|poke|p2|Baxcalibur, M|\n|teampreview\n|\n|t:|1698169753\n|start\n|switch|p1a: Regidrago|Regidrago|100\/100\n|switch|p2a: Thundurus|Thundurus-Therian, M|100\/100\n|turn|1\n|\n|t:|1698169770\n|move|p2a: Thundurus|Volt Switch|p1a: Regidrago\n|-resisted|p1a: Regidrago\n|-damage|p1a: Regidrago|80\/100\n|\n|t:|1698169778\n|switch|p2a: Azumarill|Azumarill, F|100\/100|[from] Volt Switch\n|move|p1a: Regidrago|Outrage|p2a: Azumarill\n|-immune|p2a: Azumarill\n|\n|-heal|p1a: Regidrago|87\/100|[from] item: Leftovers\n|upkeep\n|turn|2\n|\n|t:|1698169807\n|move|p1a: Regidrago|Explosion|p2a: Azumarill\n|-crit|p2a: Azumarill\n|-damage|p2a: Azumarill|6\/100\n|faint|p1a: Regidrago\n|move|p2a: Azumarill|Knock Off|p1: Regidrago|[notarget]\n|-fail|p2a: Azumarill\n|\n|upkeep\n|\n|t:|1698169819\n|switch|p1a: Mewtwo|Mewtwo|100\/100\n|-ability|p1a: Mewtwo|Unnerve\n|turn|3\n|\n|t:|1698169828\n|switch|p2a: Slowking|Slowking-Galar, F|100\/100\n|move|p1a: Mewtwo|Blizzard|p2a: Slowking\n|-damage|p2a: Slowking|71\/100\n|\n|-heal|p2a: Slowking|77\/100|[from] item: Leftovers\n|upkeep\n|turn|4\n|\n|t:|1698169840\n|move|p1a: Mewtwo|Thunder|p2a: Slowking\n|-damage|p2a: Slowking|47\/100\n|-status|p2a: Slowking|par\n|cant|p2a: Slowking|par\n|\n|-heal|p2a: Slowking|53\/100 par|[from] item: Leftovers\n|upkeep\n|turn|5\n|\n|t:|1698169850\n|move|p1a: Mewtwo|Future Sight|p2a: Slowking\n|-start|p1a: Mewtwo|move: Future Sight\n|move|p2a: Slowking|Toxic Spikes|p1a: Mewtwo\n|-sidestart|p1: zindei|move: Toxic Spikes\n|\n|-heal|p2a: Slowking|59\/100 par|[from] item: Leftovers\n|upkeep\n|turn|6\n|\n|t:|1698169875\n|-singleturn|p1a: Mewtwo|move: Focus Punch\n|cant|p2a: Slowking|par\n|move|p1a: Mewtwo|Focus Punch|p2a: Slowking\n|-resisted|p2a: Slowking\n|-damage|p2a: Slowking|52\/100 par\n|\n|-heal|p2a: Slowking|58\/100 par|[from] item: Leftovers\n|upkeep\n|turn|7\n|\n|t:|1698169890\n|move|p1a: Mewtwo|Thunder|p2a: Slowking|[miss]\n|-miss|p1a: Mewtwo|p2a: Slowking\n|move|p2a: Slowking|Psychic|p1a: Mewtwo\n|-resisted|p1a: Mewtwo\n|-damage|p1a: Mewtwo|84\/100\n|\n|-end|p2a: Slowking|move: Future Sight\n|-damage|p2a: Slowking|11\/100 par\n|-heal|p2a: Slowking|18\/100 par|[from] item: Leftovers\n|upkeep\n|turn|8\n|\n|t:|1698169903\n|switch|p2a: Gurdurr|Gurdurr, F|100\/100\n|move|p1a: Mewtwo|Blizzard|p2a: Gurdurr\n|-damage|p2a: Gurdurr|76\/100\n|\n|upkeep\n|turn|9\n|\n|t:|1698169912\n|move|p1a: Mewtwo|Blizzard|p2a: Gurdurr\n|-damage|p2a: Gurdurr|51\/100\n|move|p2a: Gurdurr|Knock Off|p1a: Mewtwo\n|-supereffective|p1a: Mewtwo\n|-damage|p1a: Mewtwo|46\/100\n|-enditem|p1a: Mewtwo|Expert Belt|[from] move: Knock Off|[of] p2a: Gurdurr\n|\n|upkeep\n|turn|10\n|\n|t:|1698169927\n|move|p1a: Mewtwo|Future Sight|p2a: Gurdurr\n|-start|p1a: Mewtwo|move: Future Sight\n|move|p2a: Gurdurr|Knock Off|p1a: Mewtwo\n|-supereffective|p1a: Mewtwo\n|-damage|p1a: Mewtwo|20\/100\n|\n|upkeep\n|turn|11\n|\n|t:|1698169939\n|switch|p2a: Slowking|Slowking-Galar, F|51\/100 par\n|move|p1a: Mewtwo|Blizzard|p2a: Slowking\n|-damage|p2a: Slowking|22\/100 par\n|\n|-heal|p2a: Slowking|28\/100 par|[from] item: Leftovers\n|upkeep\n|turn|12\n|\n|t:|1698169950\n|switch|p1a: Darkrai|Darkrai|100\/100\n|-status|p1a: Darkrai|psn\n|cant|p2a: Slowking|par\n|\n|-end|p2a: Slowking|move: Future Sight\n|-damage|p2a: Slowking|0 fnt\n|faint|p2a: Slowking\n|-damage|p1a: Darkrai|88\/100 psn|[from] psn\n|upkeep\n|\n|t:|1698169971\n|switch|p2a: Gurdurr|Gurdurr, F|51\/100\n|turn|13\n|\n|t:|1698169978\n|-terastallize|p2a: Gurdurr|Fairy\n|move|p1a: Darkrai|Ice Beam|p2a: Gurdurr\n|-damage|p2a: Gurdurr|32\/100\n|move|p2a: Gurdurr|Drain Punch|p1a: Darkrai\n|-supereffective|p1a: Darkrai\n|-damage|p1a: Darkrai|33\/100 psn\n|-heal|p2a: Gurdurr|54\/100|[from] drain|[of] p1a: Darkrai\n|\n|-damage|p1a: Darkrai|20\/100 psn|[from] psn\n|upkeep\n|-enditem|p1a: Darkrai|Figy Berry|[eat]\n|-heal|p1a: Darkrai|54\/100 psn|[from] item: Figy Berry\n|turn|14\n|\n|t:|1698169993\n|move|p1a: Darkrai|Blizzard|p2a: Gurdurr|[miss]\n|-miss|p1a: Darkrai|p2a: Gurdurr\n|move|p2a: Gurdurr|Drain Punch|p1a: Darkrai\n|-supereffective|p1a: Darkrai\n|-damage|p1a: Darkrai|0 fnt\n|-heal|p2a: Gurdurr|76\/100|[from] drain|[of] p1a: Darkrai\n|faint|p1a: Darkrai\n|\n|upkeep\n|\n|t:|1698170001\n|switch|p1a: Eternatus|Eternatus|100\/100\n|-sideend|p1: zindei|move: Toxic Spikes|[of] p1a: Eternatus\n|-ability|p1a: Eternatus|Pressure\n|turn|15\n|\n|t:|1698170019\n|switch|p2a: Donphan|Donphan, M|100\/100\n|move|p1a: Eternatus|Gunk Shot|p2a: Donphan|[miss]\n|-miss|p1a: Eternatus|p2a: Donphan\n|\n|upkeep\n|turn|16\n|\n|t:|1698170028\n|move|p1a: Eternatus|Dynamax Cannon|p2a: Donphan\n|-damage|p2a: Donphan|31\/100\n|move|p2a: Donphan|Earthquake|p1a: Eternatus\n|-supereffective|p1a: Eternatus\n|-damage|p1a: Eternatus|53\/100\n|\n|-heal|p1a: Eternatus|59\/100|[from] item: Leftovers\n|-heal|p2a: Donphan|37\/100|[from] item: Leftovers\n|upkeep\n|turn|17\n|\n|t:|1698170038\n|move|p1a: Eternatus|Dynamax Cannon|p2a: Donphan\n|-damage|p2a: Donphan|0 fnt\n|faint|p2a: Donphan\n|\n|-heal|p1a: Eternatus|65\/100|[from] item: Leftovers\n|upkeep\n|\n|t:|1698170063\n|switch|p2a: Baxcalibur|Baxcalibur, M|100\/100\n|turn|18\n|\n|t:|1698170073\n|move|p2a: Baxcalibur|Ice Shard|p1a: Eternatus\n|-supereffective|p1a: Eternatus\n|-damage|p1a: Eternatus|18\/100\n|move|p1a: Eternatus|Fire Blast|p2a: Baxcalibur\n|-damage|p2a: Baxcalibur|61\/100\n|\n|-heal|p1a: Eternatus|24\/100|[from] item: Leftovers\n|upkeep\n|turn|19\n|\n|t:|1698170082\n|move|p2a: Baxcalibur|Ice Shard|p1a: Eternatus\n|-supereffective|p1a: Eternatus\n|-damage|p1a: Eternatus|0 fnt\n|faint|p1a: Eternatus\n|\n|upkeep\n|\n|t:|1698170090\n|switch|p1a: Dialga|Dialga|100\/100\n|turn|20\n|\n|t:|1698170099\n|switch|p2a: Thundurus|Thundurus-Therian, M|100\/100\n|move|p1a: Dialga|Dragon Pulse|p2a: Thundurus\n|-damage|p2a: Thundurus|37\/100\n|\n|upkeep\n|turn|21\n|\n|t:|1698170108\n|move|p2a: Thundurus|Focus Blast|p1a: Dialga\n|-supereffective|p1a: Dialga\n|-damage|p1a: Dialga|6\/100\n|move|p1a: Dialga|Brick Break|p2a: Thundurus\n|-resisted|p2a: Thundurus\n|-damage|p2a: Thundurus|22\/100\n|\n|upkeep\n|turn|22\n|\n|t:|1698170115\n|move|p2a: Thundurus|Volt Switch|p1a: Dialga\n|-resisted|p1a: Dialga\n|-damage|p1a: Dialga|0 fnt\n|faint|p1a: Dialga\n|\n|t:|1698170127\n|switch|p2a: Gurdurr|Gurdurr, F, tera:Fairy|76\/100|[from] Volt Switch\n|\n|upkeep\n|\n|t:|1698170146\n|switch|p1a: Rayquaza|Rayquaza|100\/100\n|-ability|p1a: Rayquaza|Air Lock\n|turn|23\n|\n|t:|1698170155\n|move|p1a: Rayquaza|Dragon Ascent|p2a: Gurdurr\n|-damage|p2a: Gurdurr|35\/100\n|-unboost|p1a: Rayquaza|def|1\n|-unboost|p1a: Rayquaza|spd|1\n|move|p2a: Gurdurr|Knock Off|p1a: Rayquaza\n|-crit|p1a: Rayquaza\n|-damage|p1a: Rayquaza|55\/100\n|-enditem|p1a: Rayquaza|Leftovers|[from] move: Knock Off|[of] p2a: Gurdurr\n|\n|upkeep\n|turn|24\n|\n|t:|1698170171\n|move|p1a: Rayquaza|Dragon Ascent|p2a: Gurdurr\n|-damage|p2a: Gurdurr|0 fnt\n|-unboost|p1a: Rayquaza|def|1\n|-unboost|p1a: Rayquaza|spd|1\n|faint|p2a: Gurdurr\n|\n|upkeep\n|\n|t:|1698170177\n|switch|p2a: Baxcalibur|Baxcalibur, M|61\/100\n|turn|25\n|l|\u203dzindei\n|player|p1|\n|j|\u203dzindei\n|player|p1|zindei|169\n|n|\u203dzindei|zindei\n|\n|t:|1698170200\n|move|p2a: Baxcalibur|Ice Shard|p1a: Rayquaza\n|-supereffective|p1a: Rayquaza\n|-damage|p1a: Rayquaza|0 fnt\n|faint|p1a: Rayquaza\n|\n|upkeep\n|\n|t:|1698170205\n|switch|p1a: Mewtwo|Mewtwo|20\/100\n|-ability|p1a: Mewtwo|Unnerve\n|turn|26\n|\n|t:|1698170213\n|move|p2a: Baxcalibur|Ice Shard|p1a: Mewtwo\n|-damage|p1a: Mewtwo|0 fnt\n|faint|p1a: Mewtwo\n|\n|win|Warback\n|raw|zindei's rating: 1000 &rarr; <strong>1000<\/strong><br \/>(+0 for losing)\n|raw|Warback's rating: 1000 &rarr; <strong>1040<\/strong><br \/>(+40 for winning)\n|l|\u203dzindei\n","uploadtime":1698170231,"views":12,"p1id":"zindei","p2id":"warback","formatid":"gen9anythinggoes","rating":1000,"private":0,"password":""}