{"id":"gen9anythinggoes-1980226058","p1":"KenshuTepes","p2":"Sargenbob","format":"[Gen 9] Anything Goes","log":"|j|\u2606KenshuTepes\n|j|\u2606Sargenbob\n|t:|1698767763\n|gametype|singles\n|player|p1|KenshuTepes|gambler|1276\n|player|p2|Sargenbob|red|1307\n|teamsize|p1|6\n|teamsize|p2|6\n|gen|9\n|tier|[Gen 9] Anything Goes\n|rated|\n|rule|HP Percentage Mod: HP is shown in percentages\n|rule|Endless Battle Clause: Forcing endless battles is banned\n|clearpoke\n|poke|p1|Ariados, F|\n|poke|p1|Volcarona, F|\n|poke|p1|Iron Moth|\n|poke|p1|Garchomp, M|\n|poke|p1|Haxorus, F|\n|poke|p1|Eternatus|\n|poke|p2|Koraidon|\n|poke|p2|Flutter Mane|\n|poke|p2|Wo-Chien|\n|poke|p2|Calyrex-Shadow|\n|poke|p2|Zoroark-Hisui, M|\n|poke|p2|Skeledirge, F|\n|teampreview\n|inactive|Battle timer is ON: inactive players will automatically lose when time's up. (requested by KenshuTepes)\n|\n|t:|1698767774\n|start\n|switch|p1a: Ariados|Ariados, F, shiny|100\/100\n|switch|p2a: Matt|Skeledirge, F|100\/100\n|turn|1\n|\n|t:|1698767777\n|move|p2a: Matt|Torch Song|p1a: Ariados\n|-supereffective|p1a: Ariados\n|-damage|p1a: Ariados|2\/100\n|-boost|p2a: Matt|spa|1\n|move|p1a: Ariados|Sticky Web|p2a: Matt\n|-sidestart|p2: Sargenbob|move: Sticky Web\n|\n|upkeep\n|turn|2\n|\n|t:|1698767785\n|move|p2a: Matt|Torch Song|p1a: Ariados\n|-supereffective|p1a: Ariados\n|-damage|p1a: Ariados|0 fnt\n|-boost|p2a: Matt|spa|1\n|faint|p1a: Ariados\n|\n|upkeep\n|\n|t:|1698767789\n|switch|p1a: Garchomp|Garchomp, M, shiny|100\/100\n|turn|3\n|\n|t:|1698767793\n|-terastallize|p2a: Matt|Fairy\n|move|p1a: Garchomp|Sandstorm|p1a: Garchomp\n|-weather|Sandstorm\n|move|p2a: Matt|Tera Blast|p1a: Garchomp|[anim] Tera Blast Fairy\n|-supereffective|p1a: Garchomp\n|-damage|p1a: Garchomp|0 fnt\n|faint|p1a: Garchomp\n|\n|-weather|Sandstorm|[upkeep]\n|-damage|p2a: Matt|94\/100|[from] Sandstorm\n|-heal|p2a: Matt|100\/100|[from] item: Leftovers\n|upkeep\n|\n|t:|1698767801\n|switch|p1a: Iron Moth|Iron Moth|100\/100\n|-enditem|p1a: Iron Moth|Booster Energy\n|-activate|p1a: Iron Moth|ability: Quark Drive|[fromitem]\n|-start|p1a: Iron Moth|quarkdrivespa\n|turn|4\n|\n|t:|1698767817\n|switch|p2a: Oliver|Koraidon|100\/100\n|-activate|p2a: Oliver|move: Sticky Web\n|-unboost|p2a: Oliver|spe|1\n|-weather|SunnyDay|[from] ability: Orichalcum Pulse|[of] p2a: Oliver\n|-activate|p2a: Oliver|Orichalcum Pulse|[source]\n|move|p1a: Iron Moth|Sludge Wave|p2a: Oliver\n|-damage|p2a: Oliver|44\/100\n|\n|-weather|SunnyDay|[upkeep]\n|-heal|p2a: Oliver|50\/100|[from] item: Leftovers\n|upkeep\n|turn|5\n|\n|t:|1698767829\n|move|p1a: Iron Moth|Fiery Dance|p2a: Oliver\n|-resisted|p2a: Oliver\n|-damage|p2a: Oliver|15\/100\n|move|p2a: Oliver|Collision Course|p1a: Iron Moth\n|-resisted|p1a: Iron Moth\n|-damage|p1a: Iron Moth|39\/100\n|\n|-weather|SunnyDay|[upkeep]\n|-heal|p2a: Oliver|21\/100|[from] item: Leftovers\n|upkeep\n|turn|6\n|\n|t:|1698767836\n|move|p1a: Iron Moth|Sludge Wave|p2a: Oliver\n|-damage|p2a: Oliver|0 fnt\n|faint|p2a: Oliver\n|\n|-weather|SunnyDay|[upkeep]\n|upkeep\n|\n|t:|1698767841\n|switch|p2a: Owen|Calyrex-Shadow|100\/100\n|-ability|p2a: Owen|As One\n|-ability|p2a: Owen|Unnerve\n|-activate|p2a: Owen|move: Sticky Web\n|-unboost|p2a: Owen|spe|1\n|turn|7\n|\n|t:|1698767847\n|move|p1a: Iron Moth|Sludge Wave|p2a: Owen\n|-resisted|p2a: Owen\n|-damage|p2a: Owen|71\/100\n|move|p2a: Owen|Psychic|p1a: Iron Moth\n|-supereffective|p1a: Iron Moth\n|-damage|p1a: Iron Moth|0 fnt\n|faint|p1a: Iron Moth\n|-end|p1a: Iron Moth|Quark Drive|[silent]\n|-ability|p2a: Owen|Grim Neigh|boost\n|-boost|p2a: Owen|spa|1\n|-damage|p2a: Owen|61\/100|[from] item: Life Orb\n|\n|-weather|SunnyDay|[upkeep]\n|upkeep\n|\n|t:|1698767852\n|switch|p1a: Volcarona|Volcarona, F|100\/100\n|-item|p1a: Volcarona|Air Balloon\n|turn|8\n|\n|t:|1698767856\n|move|p1a: Volcarona|Quiver Dance|p1a: Volcarona\n|-boost|p1a: Volcarona|spa|1\n|-boost|p1a: Volcarona|spd|1\n|-boost|p1a: Volcarona|spe|1\n|move|p2a: Owen|Astral Barrage|p1a: Volcarona\n|-damage|p1a: Volcarona|9\/100\n|-enditem|p1a: Volcarona|Air Balloon\n|-damage|p2a: Owen|51\/100|[from] item: Life Orb\n|\n|-weather|none\n|upkeep\n|turn|9\n|\n|t:|1698767861\n|move|p1a: Volcarona|Bug Buzz|p2a: Owen\n|-damage|p2a: Owen|0 fnt\n|faint|p2a: Owen\n|\n|upkeep\n|\n|t:|1698767872\n|switch|p2a: Matt|Skeledirge, F, tera:Fairy|100\/100\n|-activate|p2a: Matt|move: Sticky Web\n|-unboost|p2a: Matt|spe|1\n|turn|10\n|\n|t:|1698767878\n|move|p1a: Volcarona|Giga Drain|p2a: Matt\n|-damage|p2a: Matt|68\/100\n|-heal|p1a: Volcarona|28\/100|[from] drain|[of] p2a: Matt\n|move|p2a: Matt|Torch Song|p1a: Volcarona\n|-damage|p1a: Volcarona|0 fnt\n|-boost|p2a: Matt|spa|1\n|faint|p1a: Volcarona\n|\n|-heal|p2a: Matt|74\/100|[from] item: Leftovers\n|upkeep\n|\n|t:|1698767885\n|switch|p1a: Haxorus|Haxorus, F, shiny|100\/100\n|-ability|p1a: Haxorus|Mold Breaker\n|turn|11\n|\n|t:|1698767887\n|move|p1a: Haxorus|Dragon Dance|p1a: Haxorus\n|-boost|p1a: Haxorus|atk|1\n|-boost|p1a: Haxorus|spe|1\n|move|p2a: Matt|Tera Blast|p1a: Haxorus|[anim] Tera Blast Fairy\n|-supereffective|p1a: Haxorus\n|-damage|p1a: Haxorus|0 fnt\n|faint|p1a: Haxorus\n|\n|-heal|p2a: Matt|80\/100|[from] item: Leftovers\n|upkeep\n|\n|t:|1698767892\n|switch|p1a: Eternatus|Eternatus|100\/100\n|-ability|p1a: Eternatus|Pressure\n|turn|12\n|\n|t:|1698767896\n|move|p1a: Eternatus|Agility|p1a: Eternatus\n|-boost|p1a: Eternatus|spe|2\n|move|p2a: Matt|Tera Blast|p1a: Eternatus|[anim] Tera Blast Fairy\n|-damage|p1a: Eternatus|53\/100\n|\n|-heal|p1a: Eternatus|59\/100|[from] item: Leftovers\n|-heal|p2a: Matt|86\/100|[from] item: Leftovers\n|upkeep\n|turn|13\n|\n|t:|1698767903\n|move|p1a: Eternatus|Sludge Bomb|p2a: Matt\n|-supereffective|p2a: Matt\n|-damage|p2a: Matt|0 fnt\n|faint|p2a: Matt\n|\n|-heal|p1a: Eternatus|65\/100|[from] item: Leftovers\n|upkeep\n|\n|t:|1698767907\n|switch|p2a: Lucy|Flutter Mane|100\/100\n|-activate|p2a: Lucy|move: Sticky Web\n|-unboost|p2a: Lucy|spe|1\n|turn|14\n|\n|t:|1698767910\n|move|p1a: Eternatus|Shadow Ball|p2a: Lucy\n|-supereffective|p2a: Lucy\n|-damage|p2a: Lucy|41\/100\n|move|p2a: Lucy|Perish Song|p2a: Lucy\n|-start|p1a: Eternatus|perish3|[silent]\n|-start|p2a: Lucy|perish3|[silent]\n|-fieldactivate|move: Perish Song\n|\n|-heal|p1a: Eternatus|71\/100|[from] item: Leftovers\n|-start|p1a: Eternatus|perish3\n|-start|p2a: Lucy|perish3\n|upkeep\n|turn|15\n|\n|t:|1698767916\n|move|p1a: Eternatus|Shadow Ball|p2a: Lucy\n|-supereffective|p2a: Lucy\n|-damage|p2a: Lucy|0 fnt\n|faint|p2a: Lucy\n|-end|p2a: Lucy|Protosynthesis|[silent]\n|\n|-heal|p1a: Eternatus|77\/100|[from] item: Leftovers\n|-start|p1a: Eternatus|perish2\n|upkeep\n|\n|t:|1698767919\n|switch|p2a: Jon|Wo-Chien|100\/100\n|-activate|p2a: Jon|move: Sticky Web\n|-unboost|p2a: Jon|spe|1\n|-ability|p2a: Jon|Tablets of Ruin\n|turn|16\n|\n|t:|1698767925\n|move|p1a: Eternatus|Dynamax Cannon|p2a: Jon\n|-damage|p2a: Jon|54\/100\n|move|p2a: Jon|Leech Seed|p1a: Eternatus\n|-start|p1a: Eternatus|move: Leech Seed\n|\n|-heal|p1a: Eternatus|84\/100|[from] item: Leftovers\n|-heal|p2a: Jon|60\/100|[from] item: Leftovers\n|-damage|p1a: Eternatus|71\/100|[from] Leech Seed|[of] p2a: Jon\n|-heal|p2a: Jon|75\/100|[silent]\n|-start|p1a: Eternatus|perish1\n|upkeep\n|turn|17\n|\n|t:|1698767930\n|move|p2a: Jon|Protect|p2a: Jon\n|-singleturn|p2a: Jon|Protect\n|move|p1a: Eternatus|Dynamax Cannon|p2a: Jon\n|-activate|p2a: Jon|move: Protect\n|\n|-heal|p1a: Eternatus|77\/100|[from] item: Leftovers\n|-heal|p2a: Jon|81\/100|[from] item: Leftovers\n|-damage|p1a: Eternatus|65\/100|[from] Leech Seed|[of] p2a: Jon\n|-heal|p2a: Jon|97\/100|[silent]\n|-start|p1a: Eternatus|perish0\n|faint|p1a: Eternatus\n|\n|win|Sargenbob\n|upkeep\n|raw|KenshuTepes's rating: 1276 &rarr; <strong>1253<\/strong><br \/>(-23 for losing)\n|raw|Sargenbob's rating: 1307 &rarr; <strong>1325<\/strong><br \/>(+18 for winning)\n|l|\u2606KenshuTepes\n","uploadtime":1698767943,"views":9,"p1id":"kenshutepes","p2id":"sargenbob","formatid":"gen9anythinggoes","rating":1253,"private":0,"password":""}