{"id":"gen9anythinggoes-1976146174","p1":"InosukeTheHashira","p2":"Void4s","format":"[Gen 9] Anything Goes","log":"|j|\u2606InosukeTheHashira\n|j|\u2606Void4s\n|t:|1698267752\n|gametype|singles\n|player|p1|InosukeTheHashira|101|1071\n|player|p2|Void4s|170|1136\n|teamsize|p1|6\n|teamsize|p2|6\n|gen|9\n|tier|[Gen 9] Anything Goes\n|rated|\n|rule|HP Percentage Mod: HP is shown in percentages\n|rule|Endless Battle Clause: Forcing endless battles is banned\n|clearpoke\n|poke|p1|Urshifu-*, F|\n|poke|p1|Tropius, F|\n|poke|p1|Iron Hands|\n|poke|p1|Baxcalibur, F|\n|poke|p1|Ceruledge, M|\n|poke|p1|Donphan, L1, M|\n|poke|p2|Rayquaza|\n|poke|p2|Garchomp, M|\n|poke|p2|Kyogre|\n|poke|p2|Corviknight, F|\n|poke|p2|Iron Leaves|\n|poke|p2|Arceus|\n|teampreview\n|\n|t:|1698267773\n|start\n|switch|p1a: Donphan|Donphan, L1, M|100\/100\n|switch|p2a: Rayquaza|Rayquaza|100\/100\n|-ability|p2a: Rayquaza|Air Lock\n|turn|1\n|\n|t:|1698267783\n|-terastallize|p2a: Rayquaza|Dragon\n|move|p2a: Rayquaza|Dragon Dance|p2a: Rayquaza\n|-boost|p2a: Rayquaza|atk|1\n|-boost|p2a: Rayquaza|spe|1\n|move|p1a: Donphan|Endeavor|p2a: Rayquaza\n|-damage|p2a: Rayquaza|4\/100\n|\n|upkeep\n|turn|2\n|\n|t:|1698267799\n|switch|p1a: Please don\u2019t kill|Ceruledge, M|100\/100\n|move|p2a: Rayquaza|Outrage|p1a: Please don\u2019t kill\n|-damage|p1a: Please don\u2019t kill|0 fnt\n|faint|p1a: Please don\u2019t kill\n|-damage|p2a: Rayquaza|0 fnt|[from] item: Life Orb\n|faint|p2a: Rayquaza\n|\n|upkeep\n|\n|t:|1698267817\n|switch|p2a: Arceus|Arceus|100\/100\n|switch|p1a: Iron Hands|Iron Hands|100\/100\n|-enditem|p1a: Iron Hands|Booster Energy\n|-activate|p1a: Iron Hands|ability: Quark Drive|[fromitem]\n|-start|p1a: Iron Hands|quarkdriveatk\n|turn|3\n|\n|t:|1698267833\n|switch|p2a: Garchomp|Garchomp, M|100\/100\n|move|p1a: Iron Hands|Fake Out|p2a: Garchomp\n|-damage|p2a: Garchomp|79\/100\n|-damage|p1a: Iron Hands|88\/100|[from] ability: Rough Skin|[of] p2a: Garchomp\n|\n|upkeep\n|turn|4\n|\n|t:|1698267865\n|move|p2a: Garchomp|Draco Meteor|p1a: Iron Hands|[miss]\n|-miss|p2a: Garchomp|p1a: Iron Hands\n|move|p1a: Iron Hands|Close Combat|p2a: Garchomp\n|-damage|p2a: Garchomp|0 fnt\n|-unboost|p1a: Iron Hands|def|1\n|-unboost|p1a: Iron Hands|spd|1\n|-damage|p1a: Iron Hands|76\/100|[from] ability: Rough Skin|[of] p2a: Garchomp\n|faint|p2a: Garchomp\n|\n|upkeep\n|\n|t:|1698267879\n|switch|p2a: Kingnite|Corviknight, F, shiny|100\/100\n|-ability|p2a: Kingnite|Pressure\n|turn|5\n|\n|t:|1698267887\n|move|p2a: Kingnite|Brave Bird|p1a: Iron Hands\n|-damage|p1a: Iron Hands|41\/100\n|-damage|p2a: Kingnite|87\/100|[from] Recoil\n|move|p1a: Iron Hands|Volt Switch|p2a: Kingnite\n|-supereffective|p2a: Kingnite\n|-damage|p2a: Kingnite|63\/100\n|\n|t:|1698267896\n|-end|p1a: Iron Hands|Quark Drive|[silent]\n|switch|p1a: Donphan|Donphan, L1, M|100\/100|[from] Volt Switch\n|\n|-heal|p2a: Kingnite|69\/100|[from] item: Leftovers\n|upkeep\n|turn|6\n|\n|t:|1698267907\n|switch|p2a: Kyogre|Kyogre|100\/100\n|-weather|RainDance|[from] ability: Drizzle|[of] p2a: Kyogre\n|move|p1a: Donphan|Endeavor|p2a: Kyogre\n|-damage|p2a: Kyogre|4\/100\n|\n|-weather|RainDance|[upkeep]\n|upkeep\n|turn|7\n|\n|t:|1698267915\n|move|p2a: Kyogre|Origin Pulse|p1a: Donphan\n|-supereffective|p1a: Donphan\n|-crit|p1a: Donphan\n|-ability|p1a: Donphan|Sturdy\n|-damage|p1a: Donphan|8\/100\n|-damage|p2a: Kyogre|0 fnt|[from] item: Life Orb\n|faint|p2a: Kyogre\n|move|p1a: Donphan|Gunk Shot|p2: Kyogre|[notarget]\n|-fail|p1a: Donphan\n|\n|-weather|RainDance|[upkeep]\n|upkeep\n|\n|t:|1698267924\n|switch|p2a: Arceus|Arceus|100\/100\n|turn|8\n|\n|t:|1698267927\n|move|p2a: Arceus|Extreme Speed|p1a: Donphan\n|-damage|p1a: Donphan|0 fnt\n|faint|p1a: Donphan\n|\n|-weather|RainDance|[upkeep]\n|upkeep\n|\n|t:|1698267934\n|switch|p1a: Iron Hands|Iron Hands|41\/100\n|turn|9\n|\n|t:|1698267938\n|switch|p2a: Iron Leaves|Iron Leaves|100\/100\n|move|p1a: Iron Hands|Fake Out|p2a: Iron Leaves\n|-damage|p2a: Iron Leaves|82\/100\n|\n|-weather|RainDance|[upkeep]\n|upkeep\n|turn|10\n|\n|t:|1698267955\n|move|p2a: Iron Leaves|Psyblade|p1a: Iron Hands\n|-supereffective|p1a: Iron Hands\n|-damage|p1a: Iron Hands|0 fnt\n|faint|p1a: Iron Hands\n|-end|p1a: Iron Hands|Quark Drive|[silent]\n|-damage|p2a: Iron Leaves|72\/100|[from] item: Life Orb\n|\n|-weather|none\n|upkeep\n|\n|t:|1698267968\n|switch|p1a: Tropius|Tropius, F|100\/100\n|turn|11\n|\n|t:|1698267990\n|move|p2a: Iron Leaves|Wild Charge|p1a: Tropius\n|-damage|p1a: Tropius|62\/100\n|-damage|p2a: Iron Leaves|62\/100|[from] Recoil\n|-damage|p2a: Iron Leaves|52\/100|[from] item: Life Orb\n|move|p1a: Tropius|Leech Seed|p2a: Iron Leaves\n|-immune|p2a: Iron Leaves\n|\n|upkeep\n|turn|12\n|\n|t:|1698267998\n|move|p2a: Iron Leaves|Swords Dance|p2a: Iron Leaves\n|-boost|p2a: Iron Leaves|atk|2\n|move|p1a: Tropius|Giga Drain|p2a: Iron Leaves\n|-resisted|p2a: Iron Leaves\n|-damage|p2a: Iron Leaves|39\/100\n|-heal|p1a: Tropius|68\/100|[from] drain|[of] p2a: Iron Leaves\n|\n|upkeep\n|turn|13\n|\n|t:|1698268006\n|move|p1a: Tropius|Protect|p1a: Tropius\n|-singleturn|p1a: Tropius|Protect\n|move|p2a: Iron Leaves|Wild Charge|p1a: Tropius\n|-activate|p1a: Tropius|move: Protect\n|\n|upkeep\n|turn|14\n|\n|t:|1698268012\n|move|p2a: Iron Leaves|Swords Dance|p2a: Iron Leaves\n|-boost|p2a: Iron Leaves|atk|2\n|move|p1a: Tropius|Giga Drain|p2a: Iron Leaves\n|-resisted|p2a: Iron Leaves\n|-damage|p2a: Iron Leaves|28\/100\n|-heal|p1a: Tropius|73\/100|[from] drain|[of] p2a: Iron Leaves\n|\n|upkeep\n|turn|15\n|\n|t:|1698268018\n|move|p1a: Tropius|Protect|p1a: Tropius\n|-singleturn|p1a: Tropius|Protect\n|move|p2a: Iron Leaves|Wild Charge|p1a: Tropius\n|-activate|p1a: Tropius|move: Protect\n|\n|upkeep\n|turn|16\n|\n|t:|1698268026\n|move|p2a: Iron Leaves|Wild Charge|p1a: Tropius\n|-damage|p1a: Tropius|0 fnt\n|faint|p1a: Tropius\n|-damage|p2a: Iron Leaves|7\/100|[from] Recoil\n|-damage|p2a: Iron Leaves|0 fnt|[from] item: Life Orb\n|faint|p2a: Iron Leaves\n|-end|p2a: Iron Leaves|Quark Drive|[silent]\n|\n|upkeep\n|\n|t:|1698268041\n|switch|p2a: Arceus|Arceus|100\/100\n|switch|p1a: Urshifu|Urshifu, F|100\/100\n|turn|17\n|\n|t:|1698268047\n|switch|p2a: Kingnite|Corviknight, F, shiny|69\/100\n|-ability|p2a: Kingnite|Pressure\n|move|p1a: Urshifu|Swords Dance|p1a: Urshifu\n|-boost|p1a: Urshifu|atk|2\n|\n|-heal|p2a: Kingnite|75\/100|[from] item: Leftovers\n|upkeep\n|turn|18\n|\n|t:|1698268057\n|move|p1a: Urshifu|Wicked Blow|p2a: Kingnite\n|-crit|p2a: Kingnite\n|-damage|p2a: Kingnite|13\/100\n|move|p2a: Kingnite|Brave Bird|p1a: Urshifu\n|-supereffective|p1a: Urshifu\n|-damage|p1a: Urshifu|41\/100\n|-damage|p2a: Kingnite|0 fnt|[from] Recoil\n|faint|p2a: Kingnite\n|\n|upkeep\n|\n|t:|1698268067\n|switch|p2a: Arceus|Arceus|100\/100\n|turn|19\n|\n|t:|1698268070\n|move|p2a: Arceus|Extreme Speed|p1a: Urshifu\n|-crit|p1a: Urshifu\n|-damage|p1a: Urshifu|0 fnt\n|faint|p1a: Urshifu\n|\n|upkeep\n|\n|t:|1698268073\n|switch|p1a: Baxcalibur|Baxcalibur, F|100\/100\n|turn|20\n|\n|t:|1698268080\n|move|p2a: Arceus|Swords Dance|p2a: Arceus\n|-boost|p2a: Arceus|atk|2\n|move|p1a: Baxcalibur|Scale Shot|p2a: Arceus\n|-damage|p2a: Arceus|91\/100\n|-damage|p2a: Arceus|83\/100\n|-damage|p2a: Arceus|74\/100\n|-damage|p2a: Arceus|65\/100\n|-damage|p2a: Arceus|57\/100\n|-hitcount|p2a: Arceus|5\n|-unboost|p1a: Baxcalibur|def|1\n|-boost|p1a: Baxcalibur|spe|1\n|\n|upkeep\n|turn|21\n|\n|t:|1698268096\n|move|p2a: Arceus|Extreme Speed|p1a: Baxcalibur\n|-damage|p1a: Baxcalibur|0 fnt\n|faint|p1a: Baxcalibur\n|\n|win|Void4s\n|raw|InosukeTheHashira's rating: 1071 &rarr; <strong>1054<\/strong><br \/>(-17 for losing)\n|raw|Void4s's rating: 1136 &rarr; <strong>1156<\/strong><br \/>(+20 for winning)\n|c|\u2606Void4s|ggs\n","uploadtime":1698268105,"views":9,"p1id":"inosukethehashira","p2id":"void4s","formatid":"gen9anythinggoes","rating":1054,"private":0,"password":""}