{"id":"gen9anythinggoes-1982443054","p1":"Gizakia","p2":"Imnewnobully","format":"[Gen 9] Anything Goes","log":"|j|\u2606Gizakia\n|j|\u2606Imnewnobully\n|t:|1699015186\n|gametype|singles\n|player|p1|Gizakia|guitarist|1446\n|player|p2|Imnewnobully|red|1548\n|teamsize|p1|6\n|teamsize|p2|6\n|gen|9\n|tier|[Gen 9] Anything Goes\n|rated|\n|rule|HP Percentage Mod: HP is shown in percentages\n|rule|Endless Battle Clause: Forcing endless battles is banned\n|clearpoke\n|poke|p1|Baxcalibur, F|\n|poke|p1|Mandibuzz, F|\n|poke|p1|Wooper, M|\n|poke|p1|Arceus-Ground|\n|poke|p1|Calyrex-Shadow|\n|poke|p1|Ribombee, F|\n|poke|p2|Glimmora, M|\n|poke|p2|Miraidon|\n|poke|p2|Dragonite, M|\n|poke|p2|Iron Bundle|\n|poke|p2|Kingambit, F|\n|poke|p2|Grimmsnarl, M|\n|teampreview\n|inactive|Battle timer is ON: inactive players will automatically lose when time's up. (requested by Imnewnobully)\n|\n|t:|1699015220\n|start\n|switch|p1a: Arceus|Arceus-Ground, shiny|100\/100\n|switch|p2a: Grimmsnarl|Grimmsnarl, M|100\/100\n|turn|1\n|\n|t:|1699015230\n|move|p2a: Grimmsnarl|Reflect|p2a: Grimmsnarl\n|-sidestart|p2: Imnewnobully|Reflect\n|move|p1a: Arceus|Earth Power|p2a: Grimmsnarl\n|-damage|p2a: Grimmsnarl|50\/100\n|\n|upkeep\n|turn|2\n|\n|t:|1699015235\n|move|p2a: Grimmsnarl|Parting Shot|p1a: Arceus\n|-unboost|p1a: Arceus|atk|1\n|-unboost|p1a: Arceus|spa|1\n|\n|t:|1699015242\n|switch|p2a: Iron Bundle|Iron Bundle|100\/100|[from] Parting Shot\n|move|p1a: Arceus|Stealth Rock|p2a: Iron Bundle\n|-sidestart|p2: Imnewnobully|move: Stealth Rock\n|\n|upkeep\n|turn|3\n|\n|t:|1699015249\n|switch|p1a: Wooper|Wooper, M|100\/100\n|move|p2a: Iron Bundle|Substitute|p2a: Iron Bundle\n|-start|p2a: Iron Bundle|Substitute\n|-damage|p2a: Iron Bundle|76\/100\n|\n|upkeep\n|turn|4\n|\n|t:|1699015254\n|move|p1a: Wooper|Protect|p1a: Wooper\n|-singleturn|p1a: Wooper|Protect\n|move|p2a: Iron Bundle|Freeze-Dry|p1a: Wooper\n|-activate|p1a: Wooper|move: Protect\n|\n|upkeep\n|turn|5\n|\n|t:|1699015258\n|move|p2a: Iron Bundle|Freeze-Dry|p1a: Wooper\n|-supereffective|p1a: Wooper\n|-damage|p1a: Wooper|0 fnt\n|faint|p1a: Wooper\n|-damage|p2a: Iron Bundle|66\/100|[from] item: Life Orb\n|\n|upkeep\n|\n|t:|1699015262\n|switch|p1a: Mandibuzz|Mandibuzz, F|100\/100\n|turn|6\n|\n|t:|1699015265\n|move|p2a: Iron Bundle|Freeze-Dry|p1a: Mandibuzz\n|-supereffective|p1a: Mandibuzz\n|-damage|p1a: Mandibuzz|42\/100\n|-damage|p2a: Iron Bundle|56\/100|[from] item: Life Orb\n|move|p1a: Mandibuzz|Whirlwind|p2a: Iron Bundle\n|-end|p2a: Iron Bundle|Quark Drive|[silent]\n|drag|p2a: Glimmora|Glimmora, M|100\/100\n|-damage|p2a: Glimmora|88\/100|[from] Stealth Rock\n|\n|upkeep\n|turn|7\n|\n|t:|1699015276\n|move|p2a: Glimmora|Stealth Rock|p1a: Mandibuzz\n|-sidestart|p1: Gizakia|move: Stealth Rock\n|move|p1a: Mandibuzz|Defog|p2a: Glimmora\n|-unboost|p2a: Glimmora|evasion|1\n|-sideend|p2: Imnewnobully|Reflect\n|-sideend|p2: Imnewnobully|Stealth Rock|[from] move: Defog|[of] p1a: Mandibuzz\n|-sideend|p1: Gizakia|Stealth Rock|[from] move: Defog|[of] p1a: Mandibuzz\n|\n|upkeep\n|turn|8\n|\n|t:|1699015281\n|move|p2a: Glimmora|Stealth Rock|p1a: Mandibuzz\n|-sidestart|p1: Gizakia|move: Stealth Rock\n|move|p1a: Mandibuzz|Defog|p2a: Glimmora\n|-unboost|p2a: Glimmora|evasion|1\n|-sideend|p1: Gizakia|Stealth Rock|[from] move: Defog|[of] p1a: Mandibuzz\n|\n|upkeep\n|turn|9\n|\n|t:|1699015284\n|move|p2a: Glimmora|Stealth Rock|p1a: Mandibuzz\n|-sidestart|p1: Gizakia|move: Stealth Rock\n|move|p1a: Mandibuzz|Defog|p2a: Glimmora\n|-unboost|p2a: Glimmora|evasion|1\n|-sideend|p1: Gizakia|Stealth Rock|[from] move: Defog|[of] p1a: Mandibuzz\n|\n|upkeep\n|turn|10\n|\n|t:|1699015290\n|move|p2a: Glimmora|Stealth Rock|p1a: Mandibuzz\n|-sidestart|p1: Gizakia|move: Stealth Rock\n|move|p1a: Mandibuzz|Attract|p2a: Glimmora\n|-start|p2a: Glimmora|Attract\n|\n|upkeep\n|turn|11\n|c|\u2606Imnewnobully|Bruh\n|\n|t:|1699015307\n|switch|p2a: Iron Bundle|Iron Bundle|56\/100\n|move|p1a: Mandibuzz|Defog|p2a: Iron Bundle\n|-unboost|p2a: Iron Bundle|evasion|1\n|-sideend|p1: Gizakia|Stealth Rock|[from] move: Defog|[of] p1a: Mandibuzz\n|\n|upkeep\n|turn|12\n|c|\u2606Gizakia|lmao\n|c|\u2606Gizakia|they never expect it\n|\n|t:|1699015321\n|switch|p1a: Ribombee|Ribombee, F|100\/100\n|move|p2a: Iron Bundle|Substitute|p2a: Iron Bundle\n|-start|p2a: Iron Bundle|Substitute\n|-damage|p2a: Iron Bundle|31\/100\n|\n|upkeep\n|turn|13\n|c|\u2606Imnewnobully|You say they\n|c|\u2606Imnewnobully|like I didn\u2019t win last time\n|\n|t:|1699015331\n|move|p2a: Iron Bundle|Hydro Pump|p1a: Ribombee\n|-enditem|p1a: Ribombee|Focus Sash\n|-damage|p1a: Ribombee|1\/100\n|-damage|p2a: Iron Bundle|21\/100|[from] item: Life Orb\n|move|p1a: Ribombee|Moonblast|p2a: Iron Bundle\n|-end|p2a: Iron Bundle|Substitute\n|\n|upkeep\n|turn|14\n|c|\u2606Gizakia|last time\n|c|\u2606Gizakia|oh have we fought before\n|c|\u2606Gizakia|I dont remember lol\n|c|\u2606Imnewnobully|Bit earlier\n|c|\u2606Gizakia|i dont have the best memory\n|\n|t:|1699015360\n|-end|p2a: Iron Bundle|Quark Drive|[silent]\n|switch|p2a: Kingambit|Kingambit, F|100\/100\n|move|p1a: Ribombee|Moonblast|p2a: Kingambit\n|-damage|p2a: Kingambit|60\/100\n|-unboost|p2a: Kingambit|spa|1\n|\n|upkeep\n|turn|15\n|c|\u2606Gizakia|probably why im not that good\n|\n|t:|1699015367\n|switch|p1a: Mandibuzz|Mandibuzz, F|42\/100\n|move|p2a: Kingambit|Iron Head|p1a: Mandibuzz\n|-damage|p1a: Mandibuzz|7\/100\n|\n|upkeep\n|turn|16\n|\n|t:|1699015384\n|-end|p2a: Kingambit|fallenundefined|[silent]\n|switch|p2a: Miraidon|Miraidon|100\/100\n|-fieldstart|move: Electric Terrain|[from] ability: Hadron Engine|[of] p2a: Miraidon\n|move|p1a: Mandibuzz|Knock Off|p2a: Miraidon\n|-damage|p2a: Miraidon|75\/100\n|-enditem|p2a: Miraidon|Choice Specs|[from] move: Knock Off|[of] p1a: Mandibuzz\n|\n|upkeep\n|turn|17\n|\n|t:|1699015390\n|move|p2a: Miraidon|Dragon Pulse|p1a: Mandibuzz\n|-damage|p1a: Mandibuzz|0 fnt\n|faint|p1a: Mandibuzz\n|\n|upkeep\n|c|\u2606Gizakia|oh youre the specs guy yea i remember you\n|\n|t:|1699015398\n|switch|p1a: Ribombee|Ribombee, F|1\/100\n|turn|18\n|\n|t:|1699015403\n|move|p2a: Miraidon|Volt Switch|p1a: Ribombee\n|-damage|p1a: Ribombee|0 fnt\n|faint|p1a: Ribombee\n|\n|t:|1699015411\n|switch|p2a: Grimmsnarl|Grimmsnarl, M|50\/100|[from] Volt Switch\n|\n|upkeep\n|\n|t:|1699015417\n|switch|p1a: Baxcalibur|Baxcalibur, F|100\/100\n|turn|19\n|\n|t:|1699015421\n|-terastallize|p1a: Baxcalibur|Electric\n|move|p2a: Grimmsnarl|Reflect|p2a: Grimmsnarl\n|-sidestart|p2: Imnewnobully|Reflect\n|move|p1a: Baxcalibur|Dragon Dance|p1a: Baxcalibur\n|-boost|p1a: Baxcalibur|atk|1\n|-boost|p1a: Baxcalibur|spe|1\n|\n|upkeep\n|turn|20\n|\n|t:|1699015426\n|move|p2a: Grimmsnarl|Parting Shot|p1a: Baxcalibur\n|-unboost|p1a: Baxcalibur|atk|1\n|-unboost|p1a: Baxcalibur|spa|1\n|\n|t:|1699015433\n|switch|p2a: Glimmora|Glimmora, M|88\/100|[from] Parting Shot\n|move|p1a: Baxcalibur|Dragon Dance|p1a: Baxcalibur\n|-boost|p1a: Baxcalibur|atk|1\n|-boost|p1a: Baxcalibur|spe|1\n|\n|-fieldend|move: Electric Terrain\n|upkeep\n|turn|21\n|c|\u2606Gizakia|tera elec incase of t-wave\n|c|\u2606Gizakia|im immune to willo so yea\n|\n|t:|1699015453\n|move|p1a: Baxcalibur|Stomping Tantrum|p2a: Glimmora\n|-supereffective|p2a: Glimmora\n|-damage|p2a: Glimmora|18\/100\n|-activate|p2a: Glimmora|ability: Toxic Debris\n|-sidestart|p1: Gizakia|move: Toxic Spikes\n|move|p2a: Glimmora|Mortal Spin|p1a: Baxcalibur\n|-damage|p1a: Baxcalibur|95\/100\n|-status|p1a: Baxcalibur|psn\n|\n|-damage|p1a: Baxcalibur|82\/100 psn|[from] psn\n|upkeep\n|turn|22\n|c|\u2606Gizakia|wow that lived\n|c|\u2606Imnewnobully|Yeah\n|\n|t:|1699015470\n|move|p1a: Baxcalibur|Icicle Spear|p2a: Glimmora\n|-damage|p2a: Glimmora|10\/100\n|-activate|p2a: Glimmora|ability: Toxic Debris\n|-sidestart|p1: Gizakia|move: Toxic Spikes\n|-damage|p2a: Glimmora|1\/100\n|-damage|p2a: Glimmora|0 fnt\n|faint|p2a: Glimmora\n|-hitcount|p2: Glimmora|3\n|\n|-damage|p1a: Baxcalibur|70\/100 psn|[from] psn\n|upkeep\n|c|\u2606Gizakia|reflect is sheesh\n|\n|t:|1699015487\n|switch|p2a: Grimmsnarl|Grimmsnarl, M|50\/100\n|turn|23\n|\n|t:|1699015495\n|move|p2a: Grimmsnarl|Light Screen|p2a: Grimmsnarl\n|-sidestart|p2: Imnewnobully|move: Light Screen\n|move|p1a: Baxcalibur|Dragon Dance|p1a: Baxcalibur\n|-boost|p1a: Baxcalibur|atk|1\n|-boost|p1a: Baxcalibur|spe|1\n|\n|-damage|p1a: Baxcalibur|57\/100 psn|[from] psn\n|upkeep\n|turn|24\n|\n|t:|1699015497\n|move|p1a: Baxcalibur|Icicle Spear|p2a: Grimmsnarl\n|-damage|p2a: Grimmsnarl|36\/100\n|-damage|p2a: Grimmsnarl|24\/100\n|-damage|p2a: Grimmsnarl|11\/100\n|-damage|p2a: Grimmsnarl|0 fnt\n|faint|p2a: Grimmsnarl\n|-hitcount|p2: Grimmsnarl|4\n|\n|-damage|p1a: Baxcalibur|45\/100 psn|[from] psn\n|upkeep\n|\n|t:|1699015501\n|switch|p2a: Kingambit|Kingambit, F|60\/100\n|-activate|p2a: Kingambit|ability: Supreme Overlord\n|-start|p2a: Kingambit|fallen2|[silent]\n|turn|25\n|\n|t:|1699015504\n|move|p2a: Kingambit|Protect|p2a: Kingambit\n|-singleturn|p2a: Kingambit|Protect\n|move|p1a: Baxcalibur|Stomping Tantrum|p2a: Kingambit\n|-activate|p2a: Kingambit|move: Protect\n|\n|-damage|p1a: Baxcalibur|33\/100 psn|[from] psn\n|upkeep\n|turn|26\n|\n|t:|1699015517\n|move|p2a: Kingambit|Sucker Punch||[still]\n|-fail|p2a: Kingambit\n|move|p1a: Baxcalibur|Dragon Dance|p1a: Baxcalibur\n|-boost|p1a: Baxcalibur|atk|1\n|-boost|p1a: Baxcalibur|spe|1\n|\n|-damage|p1a: Baxcalibur|20\/100 psn|[from] psn\n|-sideend|p2: Imnewnobully|Reflect\n|upkeep\n|turn|27\n|\n|t:|1699015520\n|move|p2a: Kingambit|Protect|p2a: Kingambit\n|-singleturn|p2a: Kingambit|Protect\n|move|p1a: Baxcalibur|Stomping Tantrum|p2a: Kingambit\n|-activate|p2a: Kingambit|move: Protect\n|\n|-damage|p1a: Baxcalibur|8\/100 psn|[from] psn\n|upkeep\n|turn|28\n|\n|t:|1699015524\n|move|p2a: Kingambit|Sucker Punch|p1a: Baxcalibur\n|-damage|p1a: Baxcalibur|0 fnt\n|faint|p1a: Baxcalibur\n|\n|upkeep\n|c|\u2606Gizakia|protect is kinda nasty on gambit\n|\n|t:|1699015536\n|switch|p1a: Arceus|Arceus-Ground, shiny|100\/100\n|-status|p1a: Arceus|tox\n|turn|29\n|c|\u2606Gizakia|like a good nasty\n|c|\u2606Imnewnobully|Thanks\n|\n|t:|1699015550\n|-terastallize|p2a: Kingambit|Dark\n|move|p1a: Arceus|Earth Power|p2a: Kingambit\n|-damage|p2a: Kingambit|31\/100\n|move|p2a: Kingambit|Kowtow Cleave|p1a: Arceus\n|-damage|p1a: Arceus|34\/100 tox\n|\n|-damage|p1a: Arceus|28\/100 tox|[from] psn\n|upkeep\n|turn|30\n|\n|t:|1699015562\n|move|p2a: Kingambit|Protect|p2a: Kingambit\n|-singleturn|p2a: Kingambit|Protect\n|move|p1a: Arceus|Stealth Rock|p2a: Kingambit\n|-sidestart|p2: Imnewnobully|move: Stealth Rock\n|\n|-damage|p1a: Arceus|15\/100 tox|[from] psn\n|-sideend|p2: Imnewnobully|move: Light Screen\n|upkeep\n|turn|31\n|\n|t:|1699015566\n|-end|p2a: Kingambit|fallen2|[silent]\n|switch|p2a: Dragonite|Dragonite, M|100\/100\n|move|p1a: Arceus|Thunderbolt|p2a: Dragonite\n|-damage|p2a: Dragonite|83\/100\n|-status|p2a: Dragonite|par\n|\n|-damage|p1a: Arceus|0 fnt|[from] psn\n|faint|p1a: Arceus\n|upkeep\n|\n|t:|1699015569\n|switch|p1a: Calyrex|Calyrex-Shadow|100\/100\n|-ability|p1a: Calyrex|As One\n|-ability|p1a: Calyrex|Unnerve\n|-status|p1a: Calyrex|tox\n|turn|32\n|\n|t:|1699015574\n|move|p1a: Calyrex|Astral Barrage|p2a: Dragonite\n|-damage|p2a: Dragonite|0 fnt\n|faint|p2a: Dragonite\n|-ability|p1a: Calyrex|Grim Neigh|boost\n|-boost|p1a: Calyrex|spa|1\n|\n|-damage|p1a: Calyrex|94\/100 tox|[from] psn\n|upkeep\n|c|\u2606Gizakia|yea wait protect is op as hell whattt\n|c|\u2606Gizakia|gg i lost\n|\n|t:|1699015593\n|switch|p2a: Miraidon|Miraidon|75\/100\n|-damage|p2a: Miraidon|63\/100|[from] Stealth Rock\n|-fieldstart|move: Electric Terrain|[from] ability: Hadron Engine|[of] p2a: Miraidon\n|turn|33\n|c|\u2606Imnewnobully|Gg\n|\n|t:|1699015598\n|move|p1a: Calyrex|Astral Barrage|p2a: Miraidon\n|-damage|p2a: Miraidon|0 fnt\n|faint|p2a: Miraidon\n|-ability|p1a: Calyrex|Grim Neigh|boost\n|-boost|p1a: Calyrex|spa|1\n|\n|-damage|p1a: Calyrex|82\/100 tox|[from] psn\n|upkeep\n|c|\u2606Gizakia|cant ko kambit without tera\n|\n|t:|1699015605\n|switch|p2a: Iron Bundle|Iron Bundle|21\/100\n|-damage|p2a: Iron Bundle|0 fnt|[from] Stealth Rock\n|faint|p2a: Iron Bundle\n|-end|p2a: Iron Bundle|Quark Drive|[silent]\n|\n|t:|1699015610\n|switch|p2a: Kingambit|Kingambit, F, tera:Dark|31\/100\n|-damage|p2a: Kingambit|19\/100|[from] Stealth Rock\n|-activate|p2a: Kingambit|ability: Supreme Overlord\n|-start|p2a: Kingambit|fallen5|[silent]\n|turn|34\n|c|\u2606Gizakia|wp\n|\n|t:|1699015614\n|move|p2a: Kingambit|Sucker Punch|p1a: Calyrex\n|-supereffective|p1a: Calyrex\n|-damage|p1a: Calyrex|0 fnt\n|faint|p1a: Calyrex\n|\n|win|Imnewnobully\n|raw|Gizakia's rating: 1446 &rarr; <strong>1432<\/strong><br \/>(-14 for losing)\n|raw|Imnewnobully's rating: 1548 &rarr; <strong>1562<\/strong><br \/>(+14 for winning)\n|l|\u2606Gizakia\n","uploadtime":1699015838,"views":10,"p1id":"gizakia","p2id":"imnewnobully","formatid":"gen9anythinggoes","rating":1432,"private":0,"password":""}