{"id":"gen9anythinggoes-1977066807","p1":"Juggernaut85","p2":"je1124","format":"[Gen 9] Anything Goes","log":"|j|\u2606Juggernaut85\n|j|\u2606je1124\n|t:|1698367801\n|gametype|singles\n|player|p1|Juggernaut85|lucas|1154\n|player|p2|je1124|lusamine-nihilego|1131\n|teamsize|p1|6\n|teamsize|p2|6\n|gen|9\n|tier|[Gen 9] Anything Goes\n|rated|\n|rule|HP Percentage Mod: HP is shown in percentages\n|rule|Endless Battle Clause: Forcing endless battles is banned\n|clearpoke\n|poke|p1|Tyranitar, M|\n|poke|p1|Kyogre|\n|poke|p1|Quagsire, F|\n|poke|p1|Lucario, M|\n|poke|p1|Ninetales-Alola, M|\n|poke|p1|Luxray, F|\n|poke|p2|Drifblim, F|\n|poke|p2|Snorlax, M|\n|poke|p2|Jolteon, M|\n|poke|p2|Chi-Yu|\n|poke|p2|Cyclizar, M|\n|poke|p2|Blissey, F|\n|teampreview\n|\n|t:|1698367807\n|start\n|switch|p1a: Woopsie|Quagsire, F|100\/100\n|switch|p2a: Blissey|Blissey, F|100\/100\n|turn|1\n|\n|t:|1698367865\n|move|p2a: Blissey|Light Screen|p2a: Blissey\n|-sidestart|p2: je1124|move: Light Screen\n|move|p1a: Woopsie|Yawn|p2a: Blissey\n|-start|p2a: Blissey|move: Yawn|[of] p1a: Woopsie\n|\n|upkeep\n|turn|2\n|\n|t:|1698367879\n|switch|p2a: Cyclizar|Cyclizar, M|100\/100\n|move|p1a: Woopsie|Recover||[still]\n|-fail|p1a: Woopsie|heal\n|\n|upkeep\n|turn|3\n|c|\u2606je1124|dumbass\n|\n|t:|1698367892\n|move|p2a: Cyclizar|Shed Tail|p2a: Cyclizar\n|-start|p2a: Cyclizar|Substitute|[from] move: Shed Tail\n|-damage|p2a: Cyclizar|50\/100\n|\n|t:|1698367899\n|switch|p2a: Drifblim|Drifblim, F|100\/100|[from] Shed Tail\n|move|p1a: Woopsie|Yawn||[still]\n|-fail|p1a: Woopsie\n|\n|upkeep\n|turn|4\n|\n|t:|1698367907\n|switch|p1a: Luxray|Luxray, F|100\/100\n|-ability|p1a: Luxray|Intimidate|boost\n|-immune|p2a: Drifblim\n|move|p2a: Drifblim|Minimize|p2a: Drifblim\n|-boost|p2a: Drifblim|evasion|2\n|\n|upkeep\n|turn|5\n|\n|t:|1698367915\n|-terastallize|p2a: Drifblim|Ghost\n|move|p2a: Drifblim|Minimize|p2a: Drifblim\n|-boost|p2a: Drifblim|evasion|2\n|move|p1a: Luxray|Roar|p2a: Drifblim\n|drag|p2a: Blissey|Blissey, F|100\/100\n|\n|-sideend|p2: je1124|move: Light Screen\n|upkeep\n|turn|6\n|\n|t:|1698367925\n|move|p1a: Luxray|Discharge|p2a: Blissey\n|-damage|p2a: Blissey|91\/100\n|move|p2a: Blissey|Light Screen|p2a: Blissey\n|-sidestart|p2: je1124|move: Light Screen\n|\n|upkeep\n|turn|7\n|\n|t:|1698367932\n|switch|p2a: Jolteon|Jolteon, M|100\/100\n|-item|p2a: Jolteon|Air Balloon\n|move|p1a: Luxray|Roar|p2a: Jolteon\n|drag|p2a: Snorlax|Snorlax, M|100\/100\n|\n|upkeep\n|turn|8\n|\n|t:|1698367942\n|move|p1a: Luxray|Crunch|p2a: Snorlax\n|-damage|p2a: Snorlax|78\/100\n|move|p2a: Snorlax|Curse|p2a: Snorlax\n|-unboost|p2a: Snorlax|spe|1\n|-boost|p2a: Snorlax|atk|1\n|-boost|p2a: Snorlax|def|1\n|\n|upkeep\n|turn|9\n|\n|t:|1698367950\n|move|p1a: Luxray|Discharge|p2a: Snorlax\n|-damage|p2a: Snorlax|71\/100\n|-status|p2a: Snorlax|par\n|cant|p2a: Snorlax|par\n|\n|upkeep\n|turn|10\n|\n|t:|1698367957\n|move|p1a: Luxray|Crunch|p2a: Snorlax\n|-damage|p2a: Snorlax|58\/100 par\n|-unboost|p2a: Snorlax|def|1\n|cant|p2a: Snorlax|par\n|\n|-sideend|p2: je1124|move: Light Screen\n|upkeep\n|turn|11\n|\n|t:|1698367964\n|move|p1a: Luxray|Crunch|p2a: Snorlax\n|-damage|p2a: Snorlax|38\/100 par\n|-enditem|p2a: Snorlax|Mago Berry|[eat]\n|-heal|p2a: Snorlax|71\/100 par|[from] item: Mago Berry\n|move|p2a: Snorlax|Body Slam|p1a: Luxray\n|-damage|p1a: Luxray|47\/100\n|\n|-heal|p1a: Luxray|54\/100|[from] item: Leftovers\n|upkeep\n|turn|12\n|\n|t:|1698367974\n|move|p1a: Luxray|Crunch|p2a: Snorlax\n|-damage|p2a: Snorlax|51\/100 par\n|-unboost|p2a: Snorlax|def|1\n|move|p2a: Snorlax|Recycle|p2a: Snorlax\n|-item|p2a: Snorlax|Mago Berry|[from] move: Recycle\n|\n|-heal|p1a: Luxray|60\/100|[from] item: Leftovers\n|upkeep\n|turn|13\n|\n|t:|1698367983\n|move|p1a: Luxray|Crunch|p2a: Snorlax\n|-damage|p2a: Snorlax|21\/100 par\n|-enditem|p2a: Snorlax|Mago Berry|[eat]\n|-heal|p2a: Snorlax|54\/100 par|[from] item: Mago Berry\n|cant|p2a: Snorlax|par\n|\n|-heal|p1a: Luxray|66\/100|[from] item: Leftovers\n|upkeep\n|turn|14\n|\n|t:|1698367992\n|move|p1a: Luxray|Crunch|p2a: Snorlax\n|-damage|p2a: Snorlax|23\/100 par\n|-unboost|p2a: Snorlax|def|1\n|move|p2a: Snorlax|Recycle|p2a: Snorlax\n|-item|p2a: Snorlax|Mago Berry|[from] move: Recycle\n|-enditem|p2a: Snorlax|Mago Berry|[eat]\n|-heal|p2a: Snorlax|57\/100 par|[from] item: Mago Berry\n|\n|-heal|p1a: Luxray|72\/100|[from] item: Leftovers\n|upkeep\n|turn|15\n|\n|t:|1698368003\n|move|p1a: Luxray|Crunch|p2a: Snorlax\n|-damage|p2a: Snorlax|15\/100 par\n|move|p2a: Snorlax|Recycle|p2a: Snorlax\n|-item|p2a: Snorlax|Mago Berry|[from] move: Recycle\n|-enditem|p2a: Snorlax|Mago Berry|[eat]\n|-heal|p2a: Snorlax|48\/100 par|[from] item: Mago Berry\n|\n|-heal|p1a: Luxray|78\/100|[from] item: Leftovers\n|upkeep\n|turn|16\n|\n|t:|1698368020\n|move|p1a: Luxray|Crunch|p2a: Snorlax\n|-damage|p2a: Snorlax|6\/100 par\n|cant|p2a: Snorlax|par\n|\n|-heal|p1a: Luxray|85\/100|[from] item: Leftovers\n|upkeep\n|turn|17\n|\n|t:|1698368030\n|switch|p1a: Woopsie|Quagsire, F|100\/100\n|move|p2a: Snorlax|Body Slam|p1a: Woopsie\n|-damage|p1a: Woopsie|48\/100\n|-status|p1a: Woopsie|par\n|\n|upkeep\n|turn|18\n|\n|t:|1698368061\n|move|p1a: Woopsie|Aqua Tail|p2a: Snorlax|[miss]\n|-miss|p1a: Woopsie|p2a: Snorlax\n|cant|p2a: Snorlax|par\n|\n|upkeep\n|turn|19\n|\n|t:|1698368070\n|move|p2a: Snorlax|Recycle|p2a: Snorlax\n|-item|p2a: Snorlax|Mago Berry|[from] move: Recycle\n|-enditem|p2a: Snorlax|Mago Berry|[eat]\n|-heal|p2a: Snorlax|39\/100 par|[from] item: Mago Berry\n|move|p1a: Woopsie|Avalanche|p2a: Snorlax\n|-damage|p2a: Snorlax|14\/100 par\n|\n|upkeep\n|turn|20\n|\n|t:|1698368079\n|move|p1a: Woopsie|Recover|p1a: Woopsie\n|-heal|p1a: Woopsie|98\/100 par\n|cant|p2a: Snorlax|par\n|\n|upkeep\n|turn|21\n|\n|t:|1698368084\n|move|p2a: Snorlax|Recycle|p2a: Snorlax\n|-item|p2a: Snorlax|Mago Berry|[from] move: Recycle\n|-enditem|p2a: Snorlax|Mago Berry|[eat]\n|-heal|p2a: Snorlax|47\/100 par|[from] item: Mago Berry\n|move|p1a: Woopsie|Avalanche|p2a: Snorlax\n|-crit|p2a: Snorlax\n|-damage|p2a: Snorlax|5\/100 par\n|\n|upkeep\n|turn|22\n|\n|t:|1698368093\n|cant|p2a: Snorlax|par\n|move|p1a: Woopsie|Avalanche|p2a: Snorlax\n|-damage|p2a: Snorlax|0 fnt\n|faint|p2a: Snorlax\n|\n|upkeep\n|\n|t:|1698368108\n|switch|p2a: Cyclizar|Cyclizar, M|83\/100\n|turn|23\n|\n|t:|1698368115\n|move|p2a: Cyclizar|Shed Tail|p2a: Cyclizar\n|-start|p2a: Cyclizar|Substitute|[from] move: Shed Tail\n|-damage|p2a: Cyclizar|33\/100\n|\n|t:|1698368118\n|switch|p2a: Drifblim|Drifblim, F, tera:Ghost|100\/100|[from] Shed Tail\n|move|p1a: Woopsie|Yawn||[still]\n|-fail|p1a: Woopsie\n|\n|upkeep\n|turn|24\n|\n|t:|1698368128\n|switch|p1a: Luxray|Luxray, F|85\/100\n|-ability|p1a: Luxray|Intimidate|boost\n|-immune|p2a: Drifblim\n|move|p2a: Drifblim|Calm Mind|p2a: Drifblim\n|-boost|p2a: Drifblim|spa|1\n|-boost|p2a: Drifblim|spd|1\n|\n|-heal|p1a: Luxray|91\/100|[from] item: Leftovers\n|upkeep\n|turn|25\n|\n|t:|1698368138\n|move|p2a: Drifblim|Shadow Ball|p1a: Luxray\n|-damage|p1a: Luxray|2\/100\n|move|p1a: Luxray|Roar|p2a: Drifblim\n|drag|p2a: Chi-Yu|Chi-Yu|100\/100\n|-ability|p2a: Chi-Yu|Beads of Ruin\n|\n|-heal|p1a: Luxray|8\/100|[from] item: Leftovers\n|upkeep\n|turn|26\n|c|\u2606je1124|oh my god you are an asshole\n|\n|t:|1698368152\n|switch|p1a: Huge Lizard|Tyranitar, M|100\/100\n|-weather|Sandstorm|[from] ability: Sand Stream|[of] p1a: Huge Lizard\n|move|p2a: Chi-Yu|Overheat|p1a: Huge Lizard\n|-resisted|p1a: Huge Lizard\n|-damage|p1a: Huge Lizard|59\/100\n|-unboost|p2a: Chi-Yu|spa|2\n|\n|-weather|Sandstorm|[upkeep]\n|-damage|p2a: Chi-Yu|95\/100|[from] Sandstorm\n|upkeep\n|turn|27\n|\n|t:|1698368165\n|switch|p2a: Blissey|Blissey, F|91\/100\n|move|p1a: Huge Lizard|Earthquake|p2a: Blissey\n|-damage|p2a: Blissey|67\/100\n|\n|-weather|Sandstorm|[upkeep]\n|-damage|p2a: Blissey|61\/100|[from] Sandstorm\n|upkeep\n|turn|28\n|\n|t:|1698368175\n|-terastallize|p1a: Huge Lizard|Rock\n|move|p1a: Huge Lizard|Tera Blast|p2a: Blissey|[anim] Tera Blast Rock\n|-crit|p2a: Blissey\n|-damage|p2a: Blissey|5\/100\n|move|p2a: Blissey|Chilling Water|p1a: Huge Lizard\n|-supereffective|p1a: Huge Lizard\n|-damage|p1a: Huge Lizard|48\/100\n|-unboost|p1a: Huge Lizard|atk|1\n|\n|-weather|Sandstorm|[upkeep]\n|-damage|p2a: Blissey|0 fnt|[from] Sandstorm\n|faint|p2a: Blissey\n|upkeep\n|\n|t:|1698368191\n|switch|p2a: Cyclizar|Cyclizar, M|66\/100\n|turn|29\n|\n|t:|1698368195\n|move|p2a: Cyclizar|Shed Tail|p2a: Cyclizar\n|-start|p2a: Cyclizar|Substitute|[from] move: Shed Tail\n|-damage|p2a: Cyclizar|16\/100\n|\n|t:|1698368198\n|switch|p2a: Drifblim|Drifblim, F, tera:Ghost|100\/100|[from] Shed Tail\n|move|p1a: Huge Lizard|Stealth Rock|p2a: Drifblim\n|-sidestart|p2: je1124|move: Stealth Rock\n|\n|-weather|Sandstorm|[upkeep]\n|-damage|p2a: Drifblim|94\/100|[from] Sandstorm\n|-heal|p2a: Drifblim|100\/100|[from] item: Leftovers\n|upkeep\n|turn|30\n|\n|t:|1698368212\n|move|p1a: Huge Lizard|Earthquake|p2a: Drifblim\n|-end|p2a: Drifblim|Substitute\n|move|p2a: Drifblim|Calm Mind|p2a: Drifblim\n|-boost|p2a: Drifblim|spa|1\n|-boost|p2a: Drifblim|spd|1\n|\n|-weather|none\n|upkeep\n|turn|31\n|\n|t:|1698368222\n|move|p1a: Huge Lizard|Earthquake|p2a: Drifblim\n|-damage|p2a: Drifblim|76\/100\n|move|p2a: Drifblim|Shadow Ball|p1a: Huge Lizard\n|-damage|p1a: Huge Lizard|0 fnt\n|faint|p1a: Huge Lizard\n|\n|-heal|p2a: Drifblim|82\/100|[from] item: Leftovers\n|upkeep\n|\n|t:|1698368233\n|switch|p1a: Ninetales|Ninetales-Alola, M|100\/100\n|-weather|Snow|[from] ability: Snow Warning|[of] p1a: Ninetales\n|turn|32\n|\n|t:|1698368238\n|move|p1a: Ninetales|Freeze-Dry|p2a: Drifblim\n|-damage|p2a: Drifblim|66\/100\n|move|p2a: Drifblim|Substitute|p2a: Drifblim\n|-start|p2a: Drifblim|Substitute\n|-damage|p2a: Drifblim|41\/100\n|\n|-weather|Snow|[upkeep]\n|-heal|p2a: Drifblim|47\/100|[from] item: Leftovers\n|upkeep\n|turn|33\n|\n|t:|1698368249\n|switch|p1a: Luxray|Luxray, F|8\/100\n|-ability|p1a: Luxray|Intimidate|boost\n|-immune|p2a: Drifblim\n|move|p2a: Drifblim|Minimize|p2a: Drifblim\n|-boost|p2a: Drifblim|evasion|2\n|\n|-weather|Snow|[upkeep]\n|-heal|p1a: Luxray|15\/100|[from] item: Leftovers\n|-heal|p2a: Drifblim|54\/100|[from] item: Leftovers\n|upkeep\n|turn|34\n|\n|t:|1698368260\n|move|p2a: Drifblim|Shadow Ball|p1a: Luxray\n|-damage|p1a: Luxray|0 fnt\n|faint|p1a: Luxray\n|\n|-weather|Snow|[upkeep]\n|-heal|p2a: Drifblim|60\/100|[from] item: Leftovers\n|upkeep\n|c|\u2606je1124|get fucked\n|c|\u2606je1124|asshole\n|\n|t:|1698368275\n|switch|p1a: Kyogre|Kyogre|100\/100\n|-weather|RainDance|[from] ability: Drizzle|[of] p1a: Kyogre\n|turn|35\n|\n|t:|1698368280\n|move|p1a: Kyogre|Calm Mind|p1a: Kyogre\n|-boost|p1a: Kyogre|spa|1\n|-boost|p1a: Kyogre|spd|1\n|move|p2a: Drifblim|Minimize|p2a: Drifblim\n|-boost|p2a: Drifblim|evasion|2\n|\n|-weather|RainDance|[upkeep]\n|-heal|p2a: Drifblim|66\/100|[from] item: Leftovers\n|upkeep\n|turn|36\n|j|@Waves\n|n|\u203dje1124|je1124\n|c|@Waves|\/log je1124 was locked from talking by Waves. (battle toxicity, repeat offender)\n|l|@Waves\n|\n|t:|1698368297\n|move|p1a: Kyogre|Calm Mind|p1a: Kyogre\n|-boost|p1a: Kyogre|spa|1\n|-boost|p1a: Kyogre|spd|1\n|move|p2a: Drifblim|Minimize|p2a: Drifblim\n|-boost|p2a: Drifblim|evasion|2\n|\n|-weather|RainDance|[upkeep]\n|-heal|p2a: Drifblim|72\/100|[from] item: Leftovers\n|upkeep\n|turn|37\n|\n|t:|1698368313\n|move|p1a: Kyogre|Origin Pulse|p2a: Drifblim|[miss]\n|-miss|p1a: Kyogre|p2a: Drifblim\n|move|p2a: Drifblim|Minimize|p2a: Drifblim\n|-boost|p2a: Drifblim|evasion|0\n|\n|-weather|RainDance|[upkeep]\n|-heal|p2a: Drifblim|78\/100|[from] item: Leftovers\n|upkeep\n|turn|38\n|\n|t:|1698368329\n|move|p1a: Kyogre|Sheer Cold|p2a: Drifblim\n|-ohko\n|-end|p2a: Drifblim|Substitute\n|move|p2a: Drifblim|Calm Mind|p2a: Drifblim\n|-boost|p2a: Drifblim|spa|1\n|-boost|p2a: Drifblim|spd|1\n|\n|-weather|RainDance|[upkeep]\n|-heal|p2a: Drifblim|84\/100|[from] item: Leftovers\n|upkeep\n|turn|39\n|\n|t:|1698368340\n|move|p1a: Kyogre|Sheer Cold|p2a: Drifblim|[miss]\n|-miss|p1a: Kyogre|p2a: Drifblim\n|move|p2a: Drifblim|Substitute|p2a: Drifblim\n|-start|p2a: Drifblim|Substitute\n|-damage|p2a: Drifblim|60\/100\n|\n|-weather|none\n|-heal|p2a: Drifblim|66\/100|[from] item: Leftovers\n|upkeep\n|turn|40\n|\n|t:|1698368349\n|move|p1a: Kyogre|Sheer Cold|p2a: Drifblim|[miss]\n|-miss|p1a: Kyogre|p2a: Drifblim\n|move|p2a: Drifblim|Shadow Ball|p1a: Kyogre\n|-damage|p1a: Kyogre|63\/100\n|\n|-heal|p2a: Drifblim|72\/100|[from] item: Leftovers\n|upkeep\n|turn|41\n|\n|t:|1698368359\n|move|p1a: Kyogre|Sheer Cold|p2a: Drifblim|[miss]\n|-miss|p1a: Kyogre|p2a: Drifblim\n|move|p2a: Drifblim|Calm Mind|p2a: Drifblim\n|-boost|p2a: Drifblim|spa|1\n|-boost|p2a: Drifblim|spd|1\n|\n|-heal|p2a: Drifblim|78\/100|[from] item: Leftovers\n|upkeep\n|turn|42\n|\n|t:|1698368368\n|move|p1a: Kyogre|Sheer Cold|p2a: Drifblim|[miss]\n|-miss|p1a: Kyogre|p2a: Drifblim\n|move|p2a: Drifblim|Calm Mind|p2a: Drifblim\n|-boost|p2a: Drifblim|spa|1\n|-boost|p2a: Drifblim|spd|1\n|\n|-heal|p2a: Drifblim|84\/100|[from] item: Leftovers\n|upkeep\n|turn|43\n|\n|t:|1698368378\n|move|p1a: Kyogre|Sheer Cold|p2a: Drifblim|[miss]\n|-miss|p1a: Kyogre|p2a: Drifblim\n|move|p2a: Drifblim|Calm Mind|p2a: Drifblim\n|-boost|p2a: Drifblim|spa|1\n|-boost|p2a: Drifblim|spd|1\n|\n|-heal|p2a: Drifblim|90\/100|[from] item: Leftovers\n|upkeep\n|turn|44\n|\n|t:|1698368387\n|switch|p1a: Woopsie|Quagsire, F|98\/100 par\n|move|p2a: Drifblim|Calm Mind|p2a: Drifblim\n|-boost|p2a: Drifblim|spa|1\n|-boost|p2a: Drifblim|spd|1\n|\n|-heal|p2a: Drifblim|97\/100|[from] item: Leftovers\n|upkeep\n|turn|45\n|\n|t:|1698368400\n|switch|p1a: Ninetales|Ninetales-Alola, M|100\/100\n|-weather|Snow|[from] ability: Snow Warning|[of] p1a: Ninetales\n|move|p2a: Drifblim|Shadow Ball|p1a: Ninetales\n|-damage|p1a: Ninetales|0 fnt\n|faint|p1a: Ninetales\n|\n|-weather|Snow|[upkeep]\n|-heal|p2a: Drifblim|100\/100|[from] item: Leftovers\n|upkeep\n|\n|t:|1698368412\n|switch|p1a: Woopsie|Quagsire, F|98\/100 par\n|turn|46\n|\n|t:|1698368423\n|move|p2a: Drifblim|Shadow Ball|p1a: Woopsie\n|-damage|p1a: Woopsie|0 fnt\n|faint|p1a: Woopsie\n|\n|-weather|Snow|[upkeep]\n|upkeep\n|\n|t:|1698368430\n|switch|p1a: Kyogre|Kyogre|63\/100\n|-weather|RainDance|[from] ability: Drizzle|[of] p1a: Kyogre\n|turn|47\n|\n|t:|1698368462\n|move|p1a: Kyogre|Origin Pulse|p2a: Drifblim|[miss]\n|-miss|p1a: Kyogre|p2a: Drifblim\n|move|p2a: Drifblim|Shadow Ball|p1a: Kyogre\n|-damage|p1a: Kyogre|0 fnt\n|faint|p1a: Kyogre\n|\n|-weather|RainDance|[upkeep]\n|upkeep\n|\n|t:|1698368474\n|switch|p1a: Lucario|Lucario, M|100\/100\n|turn|48\n|\n|t:|1698368480\n|move|p1a: Lucario|Work Up|p1a: Lucario\n|-boost|p1a: Lucario|atk|1\n|-boost|p1a: Lucario|spa|1\n|move|p2a: Drifblim|Shadow Ball|p1a: Lucario\n|-enditem|p1a: Lucario|Focus Sash\n|-damage|p1a: Lucario|1\/100\n|\n|-weather|RainDance|[upkeep]\n|upkeep\n|turn|49\n|\n|t:|1698368490\n|move|p1a: Lucario|Extreme Speed|p2a: Drifblim\n|-immune|p2a: Drifblim\n|move|p2a: Drifblim|Shadow Ball|p1a: Lucario\n|-damage|p1a: Lucario|0 fnt\n|faint|p1a: Lucario\n|\n|win|je1124\n|raw|Juggernaut85's rating: 1154 &rarr; <strong>1127<\/strong><br \/>(-27 for losing)\n|raw|je1124's rating: 1131 &rarr; <strong>1158<\/strong><br \/>(+27 for winning)\n","uploadtime":1698368267,"views":4,"p1id":"juggernaut85","p2id":"je1124","formatid":"gen9anythinggoes","rating":1127,"private":0,"password":""}