{"id":"gen9anythinggoes-1990080722","p1":"Khryce","p2":"Enderian67","format":"[Gen 9] Anything Goes","log":"|j|\u2606Khryce\n|j|\u2606Enderian67\n|t:|1699922460\n|gametype|singles\n|player|p1|Khryce|preschooler|1001\n|player|p2|Enderian67|steven|1091\n|teamsize|p1|6\n|teamsize|p2|6\n|gen|9\n|tier|[Gen 9] Anything Goes\n|rated|\n|rule|HP Percentage Mod: HP is shown in percentages\n|rule|Endless Battle Clause: Forcing endless battles is banned\n|clearpoke\n|poke|p1|Sneasler, F|\n|poke|p1|Hawlucha, F|\n|poke|p1|Drifblim, F|\n|poke|p1|Grafaiai, F|\n|poke|p1|Farigiraf, M|\n|poke|p1|Tsareena, F|\n|poke|p2|Furret, F|\n|poke|p2|Pawmot, M|\n|poke|p2|Decidueye, M|\n|poke|p2|Iron Moth|\n|poke|p2|Inteleon, M|\n|poke|p2|Zacian-*|\n|teampreview\n|\n|t:|1699922469\n|start\n|switch|p1a: Grafaiai|Grafaiai, F|100\/100\n|switch|p2a: Furret|Furret, F, shiny|100\/100\n|-item|p1a: Grafaiai|Focus Sash|[from] ability: Frisk|[of] p2a: Furret|[identify]\n|turn|1\n|\n|t:|1699922480\n|move|p2a: Furret|Knock Off|p1a: Grafaiai\n|-damage|p1a: Grafaiai|70\/100\n|-enditem|p1a: Grafaiai|Focus Sash|[from] move: Knock Off|[of] p2a: Furret\n|move|p1a: Grafaiai|Knock Off|p2a: Furret\n|-damage|p2a: Furret|68\/100\n|-enditem|p2a: Furret|Focus Band|[from] move: Knock Off|[of] p1a: Grafaiai\n|\n|upkeep\n|turn|2\n|\n|t:|1699922487\n|move|p1a: Grafaiai|Parting Shot|p2a: Furret\n|-unboost|p2a: Furret|atk|1\n|-unboost|p2a: Furret|spa|1\n|\n|t:|1699922497\n|switch|p1a: Hawlucha|Hawlucha, F|100\/100|[from] Parting Shot\n|move|p2a: Furret|Knock Off|p1a: Hawlucha\n|-resisted|p1a: Hawlucha\n|-damage|p1a: Hawlucha|88\/100\n|-enditem|p1a: Hawlucha|Liechi Berry|[from] move: Knock Off|[of] p2a: Furret\n|\n|upkeep\n|turn|3\n|\n|t:|1699922511\n|move|p1a: Hawlucha|Flying Press|p2a: Furret\n|-supereffective|p2a: Furret\n|-damage|p2a: Furret|0 fnt\n|faint|p2a: Furret\n|\n|upkeep\n|\n|t:|1699922519\n|switch|p2a: Inteleon|Inteleon, M, shiny|100\/100\n|turn|4\n|\n|t:|1699922524\n|move|p1a: Hawlucha|Acrobatics|p2a: Inteleon\n|-damage|p2a: Inteleon|9\/100\n|move|p2a: Inteleon|Snipe Shot|p1a: Hawlucha\n|-damage|p1a: Hawlucha|25\/100\n|\n|upkeep\n|turn|5\n|\n|t:|1699922535\n|switch|p2a: Iron Moth|Iron Moth, shiny|100\/100\n|-item|p2a: Iron Moth|Air Balloon\n|move|p1a: Hawlucha|Acrobatics|p2a: Iron Moth\n|-damage|p2a: Iron Moth|20\/100\n|-enditem|p2a: Iron Moth|Air Balloon\n|\n|upkeep\n|turn|6\n|\n|t:|1699922542\n|move|p1a: Hawlucha|Acrobatics|p2a: Iron Moth\n|-damage|p2a: Iron Moth|0 fnt\n|faint|p2a: Iron Moth\n|-end|p2a: Iron Moth|Quark Drive|[silent]\n|\n|upkeep\n|\n|t:|1699922546\n|switch|p2a: Decidueye|Decidueye, M, shiny|100\/100\n|turn|7\n|\n|t:|1699922549\n|-terastallize|p2a: Decidueye|Ghost\n|move|p2a: Decidueye|Shadow Sneak|p1a: Hawlucha\n|-damage|p1a: Hawlucha|0 fnt\n|faint|p1a: Hawlucha\n|\n|upkeep\n|\n|t:|1699922557\n|switch|p1a: Grafaiai|Grafaiai, F|70\/100\n|turn|8\n|\n|t:|1699922565\n|switch|p2a: Pawmot|Pawmot, M, shiny|100\/100\n|move|p1a: Grafaiai|Parting Shot|p2a: Pawmot\n|-unboost|p2a: Pawmot|atk|1\n|-unboost|p2a: Pawmot|spa|1\n|\n|t:|1699922571\n|switch|p1a: Sneasler|Sneasler, F|100\/100|[from] Parting Shot\n|\n|upkeep\n|turn|9\n|\n|t:|1699922584\n|move|p2a: Pawmot|Close Combat|p1a: Sneasler\n|-resisted|p1a: Sneasler\n|-damage|p1a: Sneasler|68\/100\n|-unboost|p2a: Pawmot|def|1\n|-unboost|p2a: Pawmot|spd|1\n|move|p1a: Sneasler|Dire Claw|p2a: Pawmot\n|-damage|p2a: Pawmot|0 fnt\n|faint|p2a: Pawmot\n|\n|upkeep\n|\n|t:|1699922591\n|switch|p2a: Zacian|Zacian-Crowned, shiny|100\/100\n|-ability|p2a: Zacian|Intrepid Sword|boost\n|-boost|p2a: Zacian|atk|1\n|turn|10\n|\n|t:|1699922605\n|switch|p1a: Farigiraf|Farigiraf, M|100\/100\n|move|p2a: Zacian|Behemoth Blade|p1a: Farigiraf\n|-damage|p1a: Farigiraf|15\/100\n|-damage|p2a: Zacian|84\/100|[from] item: Rocky Helmet|[of] p1a: Farigiraf\n|\n|upkeep\n|turn|11\n|\n|t:|1699922611\n|move|p2a: Zacian|Behemoth Blade|p1a: Farigiraf\n|-damage|p1a: Farigiraf|0 fnt\n|-damage|p2a: Zacian|67\/100|[from] item: Rocky Helmet|[of] p1a: Farigiraf\n|faint|p1a: Farigiraf\n|\n|upkeep\n|\n|t:|1699922617\n|switch|p1a: Grafaiai|Grafaiai, F|70\/100\n|turn|12\n|\n|t:|1699922622\n|move|p1a: Grafaiai|Parting Shot|p2a: Zacian\n|-unboost|p2a: Zacian|atk|1\n|-unboost|p2a: Zacian|spa|1\n|\n|t:|1699922630\n|switch|p1a: Drifblim|Drifblim, F|100\/100|[from] Parting Shot\n|move|p2a: Zacian|Behemoth Blade|p1a: Drifblim\n|-damage|p1a: Drifblim|31\/100\n|\n|-status|p1a: Drifblim|brn|[from] item: Flame Orb\n|upkeep\n|turn|13\n|\n|t:|1699922640\n|move|p2a: Zacian|Behemoth Blade|p1a: Drifblim\n|-damage|p1a: Drifblim|0 fnt\n|faint|p1a: Drifblim\n|\n|upkeep\n|\n|t:|1699922645\n|switch|p1a: Grafaiai|Grafaiai, F|70\/100\n|turn|14\n|\n|t:|1699922648\n|switch|p2a: Inteleon|Inteleon, M, shiny|9\/100\n|move|p1a: Grafaiai|Parting Shot|p2a: Inteleon\n|-unboost|p2a: Inteleon|atk|1\n|-unboost|p2a: Inteleon|spa|1\n|\n|t:|1699922653\n|switch|p1a: Sneasler|Sneasler, F|68\/100|[from] Parting Shot\n|\n|upkeep\n|turn|15\n|\n|t:|1699922657\n|move|p2a: Inteleon|Snipe Shot|p1a: Sneasler\n|-damage|p1a: Sneasler|30\/100\n|move|p1a: Sneasler|Dire Claw|p2a: Inteleon\n|-crit|p2a: Inteleon\n|-damage|p2a: Inteleon|0 fnt\n|faint|p2a: Inteleon\n|\n|upkeep\n|\n|t:|1699922661\n|switch|p2a: Decidueye|Decidueye, M, shiny, tera:Ghost|100\/100\n|turn|16\n|\n|t:|1699922670\n|move|p2a: Decidueye|Shadow Sneak|p1a: Sneasler\n|-damage|p1a: Sneasler|0 fnt\n|faint|p1a: Sneasler\n|\n|upkeep\n|\n|t:|1699922674\n|switch|p1a: Tsareena|Tsareena, F|100\/100\n|turn|17\n|\n|t:|1699922680\n|move|p2a: Decidueye|Shadow Sneak||[still]\n|cant|p1a: Tsareena|ability: Queenly Majesty|Shadow Sneak|[of] p2a: Decidueye\n|move|p1a: Tsareena|Play Rough|p2a: Decidueye|[miss]\n|-miss|p1a: Tsareena|p2a: Decidueye\n|\n|upkeep\n|turn|18\n|\n|t:|1699922693\n|switch|p1a: Grafaiai|Grafaiai, F|70\/100\n|move|p2a: Decidueye|Shadow Sneak|p1a: Grafaiai\n|-immune|p1a: Grafaiai\n|\n|upkeep\n|turn|19\n|\n|t:|1699922704\n|move|p1a: Grafaiai|Foul Play|p2a: Decidueye\n|-supereffective|p2a: Decidueye\n|-damage|p2a: Decidueye|24\/100\n|move|p2a: Decidueye|Poltergeist||[still]\n|-fail|p2a: Decidueye\n|\n|upkeep\n|turn|20\n|\n|t:|1699922710\n|move|p1a: Grafaiai|Foul Play|p2a: Decidueye\n|-supereffective|p2a: Decidueye\n|-damage|p2a: Decidueye|0 fnt\n|faint|p2a: Decidueye\n|\n|upkeep\n|\n|t:|1699922716\n|switch|p2a: Zacian|Zacian-Crowned, shiny|67\/100\n|turn|21\n|\n|t:|1699922725\n|move|p1a: Grafaiai|Parting Shot|p2a: Zacian\n|-unboost|p2a: Zacian|atk|1\n|-unboost|p2a: Zacian|spa|1\n|\n|t:|1699922729\n|switch|p1a: Tsareena|Tsareena, F|100\/100|[from] Parting Shot\n|move|p2a: Zacian|Behemoth Blade|p1a: Tsareena\n|-damage|p1a: Tsareena|64\/100\n|\n|upkeep\n|turn|22\n|\n|t:|1699922745\n|move|p2a: Zacian|Close Combat|p1a: Tsareena\n|-damage|p1a: Tsareena|33\/100\n|-unboost|p2a: Zacian|def|1\n|-unboost|p2a: Zacian|spd|1\n|move|p1a: Tsareena|Trop Kick|p2a: Zacian\n|-resisted|p2a: Zacian\n|-damage|p2a: Zacian|41\/100\n|-unboost|p2a: Zacian|atk|1\n|\n|upkeep\n|turn|23\n|\n|t:|1699922766\n|move|p2a: Zacian|Play Rough|p1a: Tsareena\n|-damage|p1a: Tsareena|4\/100\n|move|p1a: Tsareena|Trop Kick|p2a: Zacian\n|-resisted|p2a: Zacian\n|-damage|p2a: Zacian|17\/100\n|-unboost|p2a: Zacian|atk|1\n|\n|upkeep\n|turn|24\n|\n|t:|1699922776\n|move|p2a: Zacian|Behemoth Blade|p1a: Tsareena\n|-damage|p1a: Tsareena|0 fnt\n|faint|p1a: Tsareena\n|\n|upkeep\n|\n|t:|1699922780\n|switch|p1a: Grafaiai|Grafaiai, F|70\/100\n|turn|25\n|\n|t:|1699922786\n|move|p1a: Grafaiai|Parting Shot|p2a: Zacian\n|-unboost|p2a: Zacian|atk|1\n|-unboost|p2a: Zacian|spa|1\n|move|p2a: Zacian|Behemoth Blade|p1a: Grafaiai\n|-damage|p1a: Grafaiai|44\/100\n|\n|upkeep\n|turn|26\n|\n|t:|1699922799\n|move|p2a: Zacian|Behemoth Blade|p1a: Grafaiai\n|-damage|p1a: Grafaiai|20\/100\n|move|p1a: Grafaiai|Knock Off|p2a: Zacian\n|-resisted|p2a: Zacian\n|-damage|p2a: Zacian|7\/100\n|\n|upkeep\n|turn|27\n|\n|t:|1699922809\n|move|p2a: Zacian|Close Combat|p1a: Grafaiai\n|-damage|p1a: Grafaiai|2\/100\n|-unboost|p2a: Zacian|def|1\n|-unboost|p2a: Zacian|spd|1\n|move|p1a: Grafaiai|Knock Off|p2a: Zacian\n|-resisted|p2a: Zacian\n|-damage|p2a: Zacian|0 fnt\n|faint|p2a: Zacian\n|\n|win|Khryce\n|raw|Khryce's rating: 1001 &rarr; <strong>1051<\/strong><br \/>(+50 for winning)\n|raw|Enderian67's rating: 1091 &rarr; <strong>1061<\/strong><br \/>(-30 for losing)\n|l|\u2606Enderian67\n|c|\u2606Khryce|dang that was close\n","uploadtime":1699922825,"views":13,"p1id":"khryce","p2id":"enderian67","formatid":"gen9anythinggoes","rating":1051,"private":0,"password":""}