{"id":"gen9anythinggoes-1995886904","p1":"Iggitzy","p2":"El D God","format":"[Gen 9] Anything Goes","log":"|j|\u2606Iggitzy\n|j|\u2606El D God\n|t:|1700613691\n|gametype|singles\n|player|p1|Iggitzy|doctor|1315\n|player|p2|El D God|bugcatcher-gen4dp|1226\n|teamsize|p1|6\n|teamsize|p2|6\n|gen|9\n|tier|[Gen 9] Anything Goes\n|rated|\n|rule|HP Percentage Mod: HP is shown in percentages\n|rule|Endless Battle Clause: Forcing endless battles is banned\n|clearpoke\n|poke|p1|Torkoal, M|\n|poke|p1|Koraidon|\n|poke|p1|Slither Wing|\n|poke|p1|Arboliva, F|\n|poke|p1|Walking Wake|\n|poke|p1|Lilligant-Hisui, F|\n|poke|p2|Slowking-Galar, M|\n|poke|p2|Slowbro, M|\n|poke|p2|Slowking, M|\n|poke|p2|Slowbro-Galar, M|\n|poke|p2|Blissey, F|\n|poke|p2|Slowbro, M|\n|teampreview\n|inactive|Battle timer is ON: inactive players will automatically lose when time's up. (requested by Iggitzy)\n|\n|t:|1700613695\n|start\n|switch|p1a: Torkoal|Torkoal, M|100\/100\n|switch|p2a: Tyrone|Slowking-Galar, M|100\/100\n|-weather|SunnyDay|[from] ability: Drought|[of] p1a: Torkoal\n|turn|1\n|\n|t:|1700613703\n|move|p2a: Tyrone|Toxic Spikes|p1a: Torkoal\n|-sidestart|p1: Iggitzy|move: Toxic Spikes\n|move|p1a: Torkoal|Stealth Rock|p2a: Tyrone\n|-sidestart|p2: El D God|move: Stealth Rock\n|\n|-weather|SunnyDay|[upkeep]\n|upkeep\n|turn|2\n|\n|t:|1700613708\n|move|p2a: Tyrone|Toxic Spikes|p1a: Torkoal\n|-sidestart|p1: Iggitzy|move: Toxic Spikes\n|move|p1a: Torkoal|Will-O-Wisp|p2a: Tyrone\n|-status|p2a: Tyrone|brn\n|\n|-weather|SunnyDay|[upkeep]\n|-damage|p2a: Tyrone|94\/100 brn|[from] brn\n|upkeep\n|turn|3\n|\n|t:|1700613717\n|switch|p2a: Derpert|Slowbro, M|100\/100\n|-damage|p2a: Derpert|88\/100|[from] Stealth Rock\n|move|p1a: Torkoal|Rapid Spin|p2a: Derpert\n|-damage|p2a: Derpert|83\/100\n|-boost|p1a: Torkoal|spe|1\n|-damage|p1a: Torkoal|84\/100|[from] item: Rocky Helmet|[of] p2a: Derpert\n|-sideend|p1: Iggitzy|Toxic Spikes|[from] move: Rapid Spin|[of] p1a: Torkoal\n|\n|-weather|SunnyDay|[upkeep]\n|upkeep\n|turn|4\n|\n|t:|1700613729\n|switch|p1a: Lilligant|Lilligant-Hisui, F|100\/100\n|move|p2a: Derpert|Scald|p1a: Lilligant\n|-resisted|p1a: Lilligant\n|-damage|p1a: Lilligant|92\/100\n|-status|p1a: Lilligant|brn\n|\n|-weather|SunnyDay|[upkeep]\n|-heal|p1a: Lilligant|98\/100 brn|[from] item: Leftovers\n|-damage|p1a: Lilligant|92\/100 brn|[from] brn\n|upkeep\n|turn|5\n|\n|t:|1700613752\n|-terastallize|p2a: Derpert|Steel\n|move|p1a: Lilligant|Solar Blade||[still]\n|-prepare|p1a: Lilligant|Solar Blade\n|-anim|p1a: Lilligant|Solar Blade|p2a: Derpert\n|-resisted|p2a: Derpert\n|-damage|p2a: Derpert|74\/100\n|-damage|p1a: Lilligant|75\/100 brn|[from] item: Rocky Helmet|[of] p2a: Derpert\n|move|p2a: Derpert|Psyshock|p1a: Lilligant\n|-supereffective|p1a: Lilligant\n|-crit|p1a: Lilligant\n|-damage|p1a: Lilligant|0 fnt\n|faint|p1a: Lilligant\n|\n|-weather|SunnyDay|[upkeep]\n|upkeep\n|\n|t:|1700613764\n|switch|p1a: Walking Wake|Walking Wake|100\/100\n|-activate|p1a: Walking Wake|ability: Protosynthesis\n|-start|p1a: Walking Wake|protosynthesisspe\n|turn|6\n|\n|t:|1700613769\n|move|p1a: Walking Wake|Flamethrower|p2a: Derpert\n|-supereffective|p2a: Derpert\n|-damage|p2a: Derpert|0 fnt\n|faint|p2a: Derpert\n|-damage|p1a: Walking Wake|91\/100|[from] item: Life Orb\n|\n|-weather|SunnyDay|[upkeep]\n|upkeep\n|\n|t:|1700613790\n|switch|p2a: Good Boi|Slowbro, M, shiny|100\/100\n|-damage|p2a: Good Boi|88\/100|[from] Stealth Rock\n|turn|7\n|\n|t:|1700613799\n|move|p1a: Walking Wake|Dragon Pulse|p2a: Good Boi\n|-damage|p2a: Good Boi|35\/100\n|-damage|p1a: Walking Wake|81\/100|[from] item: Life Orb\n|move|p2a: Good Boi|Ice Beam|p1a: Walking Wake\n|-damage|p1a: Walking Wake|48\/100\n|\n|-weather|SunnyDay|[upkeep]\n|-heal|p2a: Good Boi|41\/100|[from] item: Leftovers\n|upkeep\n|turn|8\n|\n|t:|1700613808\n|switch|p2a: Sgt. Blissey|Blissey, F|100\/100\n|-damage|p2a: Sgt. Blissey|88\/100|[from] Stealth Rock\n|move|p1a: Walking Wake|Dragon Pulse|p2a: Sgt. Blissey\n|-damage|p2a: Sgt. Blissey|68\/100\n|-damage|p1a: Walking Wake|38\/100|[from] item: Life Orb\n|\n|-weather|none\n|-end|p1a: Walking Wake|Protosynthesis\n|-heal|p2a: Sgt. Blissey|75\/100|[from] item: Leftovers\n|upkeep\n|turn|9\n|\n|t:|1700613820\n|-end|p1a: Walking Wake|Protosynthesis|[silent]\n|switch|p1a: Koraidon|Koraidon|100\/100\n|-weather|SunnyDay|[from] ability: Orichalcum Pulse|[of] p1a: Koraidon\n|-activate|p1a: Koraidon|Orichalcum Pulse|[source]\n|move|p2a: Sgt. Blissey|Protect||[still]\n|-fail|p2a: Sgt. Blissey\n|\n|-weather|SunnyDay|[upkeep]\n|-heal|p2a: Sgt. Blissey|81\/100|[from] item: Leftovers\n|upkeep\n|turn|10\n|\n|t:|1700613840\n|move|p2a: Sgt. Blissey|Protect|p2a: Sgt. Blissey\n|-singleturn|p2a: Sgt. Blissey|Protect\n|move|p1a: Koraidon|Collision Course|p2a: Sgt. Blissey\n|-activate|p2a: Sgt. Blissey|move: Protect\n|\n|-weather|SunnyDay|[upkeep]\n|-heal|p2a: Sgt. Blissey|87\/100|[from] item: Leftovers\n|upkeep\n|turn|11\n|\n|t:|1700613853\n|switch|p2a: Dunkan|Slowbro-Galar, M|100\/100\n|-damage|p2a: Dunkan|88\/100|[from] Stealth Rock\n|move|p1a: Koraidon|Taunt|p2a: Dunkan\n|-start|p2a: Dunkan|move: Taunt\n|\n|-weather|SunnyDay|[upkeep]\n|upkeep\n|turn|12\n|\n|t:|1700613861\n|move|p1a: Koraidon|Crunch|p2a: Dunkan\n|-supereffective|p2a: Dunkan\n|-damage|p2a: Dunkan|24\/100\n|-unboost|p2a: Dunkan|def|1\n|-damage|p1a: Koraidon|84\/100|[from] item: Rocky Helmet|[of] p2a: Dunkan\n|-damage|p1a: Koraidon|74\/100|[from] item: Life Orb\n|move|p2a: Dunkan|Psychic|p1a: Koraidon\n|-supereffective|p1a: Koraidon\n|-damage|p1a: Koraidon|17\/100\n|\n|-weather|SunnyDay|[upkeep]\n|upkeep\n|turn|13\n|\n|t:|1700613876\n|move|p1a: Koraidon|Crunch|p2a: Dunkan\n|-supereffective|p2a: Dunkan\n|-damage|p2a: Dunkan|0 fnt\n|-damage|p1a: Koraidon|1\/100|[from] item: Rocky Helmet|[of] p2a: Dunkan\n|faint|p2a: Dunkan\n|-damage|p1a: Koraidon|0 fnt|[from] item: Life Orb\n|faint|p1a: Koraidon\n|\n|-weather|none\n|upkeep\n|\n|t:|1700613890\n|switch|p1a: Torkoal|Torkoal, M|84\/100\n|switch|p2a: Tyrone|Slowking-Galar, M|100\/100 brn\n|-damage|p2a: Tyrone|88\/100 brn|[from] Stealth Rock\n|-weather|SunnyDay|[from] ability: Drought|[of] p1a: Torkoal\n|turn|14\n|\n|t:|1700613902\n|move|p2a: Tyrone|Psychic|p1a: Torkoal\n|-damage|p1a: Torkoal|36\/100\n|move|p1a: Torkoal|Overheat|p2a: Tyrone\n|-damage|p2a: Tyrone|51\/100 brn\n|-unboost|p1a: Torkoal|spa|2\n|\n|-weather|SunnyDay|[upkeep]\n|-damage|p2a: Tyrone|45\/100 brn|[from] brn\n|upkeep\n|turn|15\n|\n|t:|1700613918\n|switch|p1a: Arboliva|Arboliva, F, shiny|100\/100\n|move|p2a: Tyrone|Slack Off|p2a: Tyrone\n|-heal|p2a: Tyrone|95\/100 brn\n|\n|-weather|SunnyDay|[upkeep]\n|-damage|p2a: Tyrone|89\/100 brn|[from] brn\n|upkeep\n|turn|16\n|\n|t:|1700613931\n|move|p2a: Tyrone|Psychic|p1a: Arboliva\n|-damage|p1a: Arboliva|78\/100\n|move|p1a: Arboliva|Leech Seed|p2a: Tyrone|[miss]\n|-miss|p1a: Arboliva|p2a: Tyrone\n|\n|-weather|SunnyDay|[upkeep]\n|-damage|p2a: Tyrone|82\/100 brn|[from] brn\n|upkeep\n|turn|17\n|\n|t:|1700613939\n|move|p2a: Tyrone|Psychic|p1a: Arboliva\n|-damage|p1a: Arboliva|55\/100\n|move|p1a: Arboliva|Leech Seed|p2a: Tyrone|[miss]\n|-miss|p1a: Arboliva|p2a: Tyrone\n|\n|-weather|SunnyDay|[upkeep]\n|-damage|p2a: Tyrone|76\/100 brn|[from] brn\n|upkeep\n|turn|18\n|\n|t:|1700613947\n|move|p2a: Tyrone|Psychic|p1a: Arboliva\n|-damage|p1a: Arboliva|33\/100\n|-unboost|p1a: Arboliva|spd|1\n|move|p1a: Arboliva|Leech Seed|p2a: Tyrone\n|-start|p2a: Tyrone|move: Leech Seed\n|\n|-weather|SunnyDay|[upkeep]\n|-damage|p2a: Tyrone|64\/100 brn|[from] Leech Seed|[of] p1a: Arboliva\n|-heal|p1a: Arboliva|47\/100|[silent]\n|-damage|p2a: Tyrone|58\/100 brn|[from] brn\n|upkeep\n|turn|19\n|\n|t:|1700613959\n|move|p1a: Arboliva|Protect|p1a: Arboliva\n|-singleturn|p1a: Arboliva|Protect\n|move|p2a: Tyrone|Psychic|p1a: Arboliva\n|-activate|p1a: Arboliva|move: Protect\n|\n|-weather|SunnyDay|[upkeep]\n|-damage|p2a: Tyrone|45\/100 brn|[from] Leech Seed|[of] p1a: Arboliva\n|-heal|p1a: Arboliva|60\/100|[silent]\n|-damage|p2a: Tyrone|39\/100 brn|[from] brn\n|upkeep\n|turn|20\n|\n|t:|1700613975\n|move|p2a: Tyrone|Toxic Spikes|p1a: Arboliva\n|-sidestart|p1: Iggitzy|move: Toxic Spikes\n|move|p1a: Arboliva|Synthesis|p1a: Arboliva\n|-heal|p1a: Arboliva|100\/100\n|\n|-weather|SunnyDay|[upkeep]\n|-damage|p2a: Tyrone|27\/100 brn|[from] Leech Seed|[of] p1a: Arboliva\n|-damage|p2a: Tyrone|21\/100 brn|[from] brn\n|upkeep\n|turn|21\n|\n|t:|1700613983\n|switch|p1a: Torkoal|Torkoal, M|36\/100\n|-status|p1a: Torkoal|psn\n|move|p2a: Tyrone|Slack Off|p2a: Tyrone\n|-heal|p2a: Tyrone|71\/100 brn\n|\n|-weather|none\n|-damage|p2a: Tyrone|58\/100 brn|[from] Leech Seed|[of] p1a: Torkoal\n|-heal|p1a: Torkoal|50\/100 psn|[silent]\n|-damage|p1a: Torkoal|38\/100 psn|[from] psn\n|-damage|p2a: Tyrone|52\/100 brn|[from] brn\n|upkeep\n|turn|22\n|\n|t:|1700613994\n|move|p2a: Tyrone|Slack Off|p2a: Tyrone\n|-heal|p2a: Tyrone|100\/100 brn\n|move|p1a: Torkoal|Rapid Spin|p2a: Tyrone\n|-damage|p2a: Tyrone|91\/100 brn\n|-boost|p1a: Torkoal|spe|1\n|-damage|p1a: Torkoal|21\/100 psn|[from] item: Rocky Helmet|[of] p2a: Tyrone\n|-sideend|p1: Iggitzy|Toxic Spikes|[from] move: Rapid Spin|[of] p1a: Torkoal\n|\n|-damage|p2a: Tyrone|79\/100 brn|[from] Leech Seed|[of] p1a: Torkoal\n|-heal|p1a: Torkoal|35\/100 psn|[silent]\n|-damage|p1a: Torkoal|23\/100 psn|[from] psn\n|-damage|p2a: Tyrone|73\/100 brn|[from] brn\n|upkeep\n|turn|23\n|\n|t:|1700614009\n|switch|p1a: Slither Wing|Slither Wing|100\/100\n|move|p2a: Tyrone|Toxic Spikes|p1a: Slither Wing\n|-sidestart|p1: Iggitzy|move: Toxic Spikes\n|\n|-damage|p2a: Tyrone|60\/100 brn|[from] Leech Seed|[of] p1a: Slither Wing\n|-damage|p2a: Tyrone|54\/100 brn|[from] brn\n|upkeep\n|turn|24\n|\n|t:|1700614023\n|move|p1a: Slither Wing|Earthquake|p2a: Tyrone\n|-supereffective|p2a: Tyrone\n|-damage|p2a: Tyrone|0 fnt\n|faint|p2a: Tyrone\n|\n|upkeep\n|inactive|El D God has 120 seconds left.\n|\n|t:|1700614062\n|switch|p2a: Good Boi|Slowbro, M, shiny|41\/100\n|-damage|p2a: Good Boi|28\/100|[from] Stealth Rock\n|turn|25\n|\n|t:|1700614083\n|move|p1a: Slither Wing|Earthquake|p2a: Good Boi\n|-damage|p2a: Good Boi|0 fnt\n|faint|p2a: Good Boi\n|\n|upkeep\n|\n|t:|1700614087\n|switch|p2a: Angus|Slowking, M|100\/100\n|-damage|p2a: Angus|88\/100|[from] Stealth Rock\n|turn|26\n|\n|t:|1700614104\n|-end|p1a: Slither Wing|Protosynthesis|[silent]\n|switch|p1a: Torkoal|Torkoal, M|23\/100 psn\n|-weather|SunnyDay|[from] ability: Drought|[of] p1a: Torkoal\n|move|p2a: Angus|Protect||[still]\n|-fail|p2a: Angus\n|\n|-weather|SunnyDay|[upkeep]\n|-damage|p1a: Torkoal|10\/100 psn|[from] psn\n|upkeep\n|turn|27\n|inactive|El D God has 120 seconds left.\n|\n|t:|1700614113\n|move|p2a: Angus|Reflect|p2a: Angus\n|-sidestart|p2: El D God|Reflect\n|move|p1a: Torkoal|Rapid Spin|p2a: Angus\n|-damage|p2a: Angus|84\/100\n|-boost|p1a: Torkoal|spe|1\n|-damage|p1a: Torkoal|0 fnt|[from] item: Rocky Helmet|[of] p2a: Angus\n|faint|p1a: Torkoal\n|\n|-weather|SunnyDay|[upkeep]\n|upkeep\n|\n|t:|1700614127\n|switch|p1a: Slither Wing|Slither Wing|100\/100\n|-status|p1a: Slither Wing|psn\n|-activate|p1a: Slither Wing|ability: Protosynthesis\n|-start|p1a: Slither Wing|protosynthesisatk\n|turn|28\n|inactive|El D God has 120 seconds left.\n|\n|t:|1700614143\n|move|p2a: Angus|Protect|p2a: Angus\n|-singleturn|p2a: Angus|Protect\n|move|p1a: Slither Wing|Leech Life|p2a: Angus\n|-activate|p2a: Angus|move: Protect\n|\n|-weather|SunnyDay|[upkeep]\n|-damage|p1a: Slither Wing|88\/100 psn|[from] psn\n|upkeep\n|turn|29\n|inactive|El D God has 120 seconds left.\n|\n|t:|1700614158\n|move|p1a: Slither Wing|Leech Life|p2a: Angus\n|-supereffective|p2a: Angus\n|-damage|p2a: Angus|41\/100\n|-heal|p1a: Slither Wing|100\/100 psn|[from] drain|[of] p2a: Angus\n|-damage|p1a: Slither Wing|84\/100 psn|[from] item: Rocky Helmet|[of] p2a: Angus\n|move|p2a: Angus|Light Screen|p2a: Angus\n|-sidestart|p2: El D God|move: Light Screen\n|\n|-weather|SunnyDay|[upkeep]\n|-damage|p1a: Slither Wing|72\/100 psn|[from] psn\n|upkeep\n|turn|30\n|inactive|El D God has 120 seconds left.\n|\n|t:|1700614167\n|switch|p2a: Sgt. Blissey|Blissey, F|87\/100\n|-damage|p2a: Sgt. Blissey|74\/100|[from] Stealth Rock\n|move|p1a: Slither Wing|Leech Life|p2a: Sgt. Blissey\n|-damage|p2a: Sgt. Blissey|49\/100\n|-heal|p1a: Slither Wing|100\/100 psn|[from] drain|[of] p2a: Sgt. Blissey\n|\n|-weather|SunnyDay|[upkeep]\n|-heal|p2a: Sgt. Blissey|55\/100|[from] item: Leftovers\n|-damage|p1a: Slither Wing|88\/100 psn|[from] psn\n|upkeep\n|turn|31\n|inactive|El D God has 120 seconds left.\n|\n|t:|1700614187\n|move|p2a: Sgt. Blissey|Protect|p2a: Sgt. Blissey\n|-singleturn|p2a: Sgt. Blissey|Protect\n|move|p1a: Slither Wing|Leech Life|p2a: Sgt. Blissey\n|-activate|p2a: Sgt. Blissey|move: Protect\n|\n|-weather|SunnyDay|[upkeep]\n|-heal|p2a: Sgt. Blissey|61\/100|[from] item: Leftovers\n|-damage|p1a: Slither Wing|76\/100 psn|[from] psn\n|-sideend|p2: El D God|Reflect\n|upkeep\n|turn|32\n|inactive|El D God has 120 seconds left.\n|\n|t:|1700614197\n|move|p1a: Slither Wing|Leech Life|p2a: Sgt. Blissey\n|-damage|p2a: Sgt. Blissey|10\/100\n|-heal|p1a: Slither Wing|100\/100 psn|[from] drain|[of] p2a: Sgt. Blissey\n|move|p2a: Sgt. Blissey|Soft-Boiled|p2a: Sgt. Blissey\n|-heal|p2a: Sgt. Blissey|60\/100\n|\n|-weather|SunnyDay|[upkeep]\n|-heal|p2a: Sgt. Blissey|66\/100|[from] item: Leftovers\n|-damage|p1a: Slither Wing|88\/100 psn|[from] psn\n|upkeep\n|turn|33\n|\n|t:|1700614207\n|move|p2a: Sgt. Blissey|Protect|p2a: Sgt. Blissey\n|-singleturn|p2a: Sgt. Blissey|Protect\n|move|p1a: Slither Wing|Leech Life|p2a: Sgt. Blissey\n|-activate|p2a: Sgt. Blissey|move: Protect\n|\n|-weather|none\n|-end|p1a: Slither Wing|Protosynthesis\n|-heal|p2a: Sgt. Blissey|72\/100|[from] item: Leftovers\n|-damage|p1a: Slither Wing|76\/100 psn|[from] psn\n|-sideend|p2: El D God|move: Light Screen\n|upkeep\n|turn|34\n|\n|t:|1700614222\n|move|p1a: Slither Wing|Leech Life|p2a: Sgt. Blissey\n|-damage|p2a: Sgt. Blissey|32\/100\n|-heal|p1a: Slither Wing|100\/100 psn|[from] drain|[of] p2a: Sgt. Blissey\n|move|p2a: Sgt. Blissey|Soft-Boiled|p2a: Sgt. Blissey\n|-heal|p2a: Sgt. Blissey|82\/100\n|\n|-heal|p2a: Sgt. Blissey|88\/100|[from] item: Leftovers\n|-damage|p1a: Slither Wing|88\/100 psn|[from] psn\n|upkeep\n|turn|35\n|\n|t:|1700614233\n|move|p1a: Slither Wing|Leech Life|p2a: Sgt. Blissey\n|-damage|p2a: Sgt. Blissey|52\/100\n|-heal|p1a: Slither Wing|100\/100 psn|[from] drain|[of] p2a: Sgt. Blissey\n|move|p2a: Sgt. Blissey|Substitute|p2a: Sgt. Blissey\n|-start|p2a: Sgt. Blissey|Substitute\n|-damage|p2a: Sgt. Blissey|27\/100\n|\n|-heal|p2a: Sgt. Blissey|33\/100|[from] item: Leftovers\n|-damage|p1a: Slither Wing|88\/100 psn|[from] psn\n|upkeep\n|turn|36\n|\n|t:|1700614244\n|move|p1a: Slither Wing|Leech Life|p2a: Sgt. Blissey\n|-end|p2a: Sgt. Blissey|Substitute\n|-heal|p1a: Slither Wing|100\/100 psn|[from] drain|[of] p2a: Sgt. Blissey\n|move|p2a: Sgt. Blissey|Soft-Boiled|p2a: Sgt. Blissey\n|-heal|p2a: Sgt. Blissey|83\/100\n|\n|-heal|p2a: Sgt. Blissey|89\/100|[from] item: Leftovers\n|-damage|p1a: Slither Wing|88\/100 psn|[from] psn\n|upkeep\n|turn|37\n|\n|t:|1700614255\n|move|p2a: Sgt. Blissey|Protect|p2a: Sgt. Blissey\n|-singleturn|p2a: Sgt. Blissey|Protect\n|move|p1a: Slither Wing|Leech Life|p2a: Sgt. Blissey\n|-activate|p2a: Sgt. Blissey|move: Protect\n|\n|-heal|p2a: Sgt. Blissey|96\/100|[from] item: Leftovers\n|-damage|p1a: Slither Wing|76\/100 psn|[from] psn\n|upkeep\n|turn|38\n|\n|t:|1700614268\n|move|p1a: Slither Wing|Leech Life|p2a: Sgt. Blissey\n|-damage|p2a: Sgt. Blissey|61\/100\n|-heal|p1a: Slither Wing|100\/100 psn|[from] drain|[of] p2a: Sgt. Blissey\n|move|p2a: Sgt. Blissey|Rock Slide|p1a: Slither Wing\n|-damage|p1a: Slither Wing|95\/100 psn\n|\n|-heal|p2a: Sgt. Blissey|67\/100|[from] item: Leftovers\n|-damage|p1a: Slither Wing|82\/100 psn|[from] psn\n|upkeep\n|turn|39\n|\n|t:|1700614277\n|move|p2a: Sgt. Blissey|Protect|p2a: Sgt. Blissey\n|-singleturn|p2a: Sgt. Blissey|Protect\n|move|p1a: Slither Wing|Leech Life|p2a: Sgt. Blissey\n|-activate|p2a: Sgt. Blissey|move: Protect\n|\n|-heal|p2a: Sgt. Blissey|73\/100|[from] item: Leftovers\n|-damage|p1a: Slither Wing|70\/100 psn|[from] psn\n|upkeep\n|turn|40\n|\n|t:|1700614288\n|move|p1a: Slither Wing|Leech Life|p2a: Sgt. Blissey\n|-damage|p2a: Sgt. Blissey|37\/100\n|-heal|p1a: Slither Wing|100\/100 psn|[from] drain|[of] p2a: Sgt. Blissey\n|move|p2a: Sgt. Blissey|Substitute|p2a: Sgt. Blissey\n|-start|p2a: Sgt. Blissey|Substitute\n|-damage|p2a: Sgt. Blissey|12\/100\n|\n|-heal|p2a: Sgt. Blissey|18\/100|[from] item: Leftovers\n|-damage|p1a: Slither Wing|88\/100 psn|[from] psn\n|upkeep\n|turn|41\n|\n|t:|1700614299\n|move|p1a: Slither Wing|Leech Life|p2a: Sgt. Blissey\n|-end|p2a: Sgt. Blissey|Substitute\n|-heal|p1a: Slither Wing|100\/100 psn|[from] drain|[of] p2a: Sgt. Blissey\n|move|p2a: Sgt. Blissey|Soft-Boiled|p2a: Sgt. Blissey\n|-heal|p2a: Sgt. Blissey|68\/100\n|\n|-heal|p2a: Sgt. Blissey|75\/100|[from] item: Leftovers\n|-damage|p1a: Slither Wing|88\/100 psn|[from] psn\n|upkeep\n|turn|42\n|\n|t:|1700614309\n|-end|p1a: Slither Wing|Protosynthesis|[silent]\n|switch|p1a: Arboliva|Arboliva, F, shiny|100\/100\n|-status|p1a: Arboliva|psn\n|move|p2a: Sgt. Blissey|Protect||[still]\n|-fail|p2a: Sgt. Blissey\n|\n|-heal|p2a: Sgt. Blissey|81\/100|[from] item: Leftovers\n|-damage|p1a: Arboliva|88\/100 psn|[from] psn\n|upkeep\n|turn|43\n|\n|t:|1700614318\n|move|p2a: Sgt. Blissey|Protect|p2a: Sgt. Blissey\n|-singleturn|p2a: Sgt. Blissey|Protect\n|move|p1a: Arboliva|Leech Seed|p2a: Sgt. Blissey\n|-activate|p2a: Sgt. Blissey|move: Protect\n|\n|-heal|p2a: Sgt. Blissey|87\/100|[from] item: Leftovers\n|-damage|p1a: Arboliva|75\/100 psn|[from] psn\n|upkeep\n|turn|44\n|\n|t:|1700614329\n|move|p2a: Sgt. Blissey|Substitute|p2a: Sgt. Blissey\n|-start|p2a: Sgt. Blissey|Substitute\n|-damage|p2a: Sgt. Blissey|62\/100\n|move|p1a: Arboliva|Dazzling Gleam|p2a: Sgt. Blissey\n|-activate|p2a: Sgt. Blissey|move: Substitute|[damage]\n|\n|-heal|p2a: Sgt. Blissey|68\/100|[from] item: Leftovers\n|-damage|p1a: Arboliva|63\/100 psn|[from] psn\n|upkeep\n|turn|45\n|\n|t:|1700614338\n|switch|p1a: Slither Wing|Slither Wing|88\/100 psn\n|move|p2a: Sgt. Blissey|Rock Slide|p1a: Slither Wing\n|-damage|p1a: Slither Wing|83\/100 psn\n|\n|-heal|p2a: Sgt. Blissey|74\/100|[from] item: Leftovers\n|-damage|p1a: Slither Wing|71\/100 psn|[from] psn\n|upkeep\n|turn|46\n|\n|t:|1700614346\n|move|p1a: Slither Wing|Close Combat|p2a: Sgt. Blissey\n|-supereffective|p2a: Sgt. Blissey\n|-end|p2a: Sgt. Blissey|Substitute\n|-unboost|p1a: Slither Wing|def|1\n|-unboost|p1a: Slither Wing|spd|1\n|move|p2a: Sgt. Blissey|Rock Slide|p1a: Slither Wing\n|-damage|p1a: Slither Wing|64\/100 psn\n|\n|-heal|p2a: Sgt. Blissey|80\/100|[from] item: Leftovers\n|-damage|p1a: Slither Wing|51\/100 psn|[from] psn\n|upkeep\n|turn|47\n|\n|t:|1700614358\n|move|p2a: Sgt. Blissey|Protect|p2a: Sgt. Blissey\n|-singleturn|p2a: Sgt. Blissey|Protect\n|move|p1a: Slither Wing|Close Combat|p2a: Sgt. Blissey\n|-activate|p2a: Sgt. Blissey|move: Protect\n|\n|-heal|p2a: Sgt. Blissey|87\/100|[from] item: Leftovers\n|-damage|p1a: Slither Wing|39\/100 psn|[from] psn\n|upkeep\n|turn|48\n|\n|t:|1700614368\n|move|p1a: Slither Wing|Close Combat|p2a: Sgt. Blissey\n|-supereffective|p2a: Sgt. Blissey\n|-damage|p2a: Sgt. Blissey|0 fnt\n|-unboost|p1a: Slither Wing|def|1\n|-unboost|p1a: Slither Wing|spd|1\n|faint|p2a: Sgt. Blissey\n|\n|-damage|p1a: Slither Wing|27\/100 psn|[from] psn\n|upkeep\n|\n|t:|1700614376\n|switch|p2a: Angus|Slowking, M|74\/100\n|-damage|p2a: Angus|61\/100|[from] Stealth Rock\n|turn|49\n|\n|t:|1700614380\n|-end|p1a: Slither Wing|Protosynthesis|[silent]\n|switch|p1a: Arboliva|Arboliva, F, shiny|63\/100 psn\n|move|p2a: Angus|Protect||[still]\n|-fail|p2a: Angus\n|\n|-damage|p1a: Arboliva|50\/100 psn|[from] psn\n|upkeep\n|turn|50\n|\n|t:|1700614387\n|move|p2a: Angus|Protect|p2a: Angus\n|-singleturn|p2a: Angus|Protect\n|move|p1a: Arboliva|Leech Seed|p2a: Angus\n|-activate|p2a: Angus|move: Protect\n|\n|-damage|p1a: Arboliva|38\/100 psn|[from] psn\n|upkeep\n|turn|51\n|\n|t:|1700614394\n|move|p2a: Angus|Slack Off|p2a: Angus\n|-heal|p2a: Angus|100\/100\n|move|p1a: Arboliva|Leech Seed|p2a: Angus\n|-start|p2a: Angus|move: Leech Seed\n|\n|-damage|p2a: Angus|88\/100|[from] Leech Seed|[of] p1a: Arboliva\n|-heal|p1a: Arboliva|52\/100 psn|[silent]\n|-damage|p1a: Arboliva|39\/100 psn|[from] psn\n|upkeep\n|turn|52\n|\n|t:|1700614403\n|move|p2a: Angus|Protect|p2a: Angus\n|-singleturn|p2a: Angus|Protect\n|move|p1a: Arboliva|Dazzling Gleam|p2a: Angus\n|-activate|p2a: Angus|move: Protect\n|\n|-damage|p2a: Angus|76\/100|[from] Leech Seed|[of] p1a: Arboliva\n|-heal|p1a: Arboliva|53\/100 psn|[silent]\n|-damage|p1a: Arboliva|40\/100 psn|[from] psn\n|upkeep\n|turn|53\n|\n|t:|1700614415\n|move|p2a: Angus|Slack Off|p2a: Angus\n|-heal|p2a: Angus|100\/100\n|move|p1a: Arboliva|Dazzling Gleam|p2a: Angus\n|-damage|p2a: Angus|85\/100\n|\n|-damage|p2a: Angus|72\/100|[from] Leech Seed|[of] p1a: Arboliva\n|-heal|p1a: Arboliva|54\/100 psn|[silent]\n|-damage|p1a: Arboliva|41\/100 psn|[from] psn\n|upkeep\n|turn|54\n|\n|t:|1700614425\n|move|p2a: Angus|Protect|p2a: Angus\n|-singleturn|p2a: Angus|Protect\n|move|p1a: Arboliva|Synthesis|p1a: Arboliva\n|-heal|p1a: Arboliva|91\/100 psn\n|\n|-damage|p2a: Angus|60\/100|[from] Leech Seed|[of] p1a: Arboliva\n|-heal|p1a: Arboliva|100\/100 psn|[silent]\n|-damage|p1a: Arboliva|88\/100 psn|[from] psn\n|upkeep\n|turn|55\n|\n|t:|1700614436\n|move|p2a: Angus|Slack Off|p2a: Angus\n|-heal|p2a: Angus|100\/100\n|move|p1a: Arboliva|Dazzling Gleam|p2a: Angus\n|-damage|p2a: Angus|85\/100\n|\n|-damage|p2a: Angus|73\/100|[from] Leech Seed|[of] p1a: Arboliva\n|-heal|p1a: Arboliva|100\/100 psn|[silent]\n|-damage|p1a: Arboliva|88\/100 psn|[from] psn\n|upkeep\n|turn|56\n|\n|t:|1700614445\n|move|p2a: Angus|Light Screen|p2a: Angus\n|-sidestart|p2: El D God|move: Light Screen\n|move|p1a: Arboliva|Dazzling Gleam|p2a: Angus\n|-damage|p2a: Angus|64\/100\n|\n|-damage|p2a: Angus|52\/100|[from] Leech Seed|[of] p1a: Arboliva\n|-heal|p1a: Arboliva|100\/100 psn|[silent]\n|-damage|p1a: Arboliva|88\/100 psn|[from] psn\n|upkeep\n|turn|57\n|\n|t:|1700614455\n|move|p2a: Angus|Slack Off|p2a: Angus\n|-heal|p2a: Angus|100\/100\n|move|p1a: Arboliva|Dazzling Gleam|p2a: Angus\n|-crit|p2a: Angus\n|-damage|p2a: Angus|74\/100\n|\n|-damage|p2a: Angus|62\/100|[from] Leech Seed|[of] p1a: Arboliva\n|-heal|p1a: Arboliva|100\/100 psn|[silent]\n|-damage|p1a: Arboliva|88\/100 psn|[from] psn\n|upkeep\n|turn|58\n|\n|t:|1700614465\n|switch|p1a: Slither Wing|Slither Wing|27\/100 psn\n|move|p2a: Angus|Protect||[still]\n|-fail|p2a: Angus\n|\n|-damage|p2a: Angus|49\/100|[from] Leech Seed|[of] p1a: Slither Wing\n|-heal|p1a: Slither Wing|43\/100 psn|[silent]\n|-damage|p1a: Slither Wing|30\/100 psn|[from] psn\n|upkeep\n|turn|59\n|\n|t:|1700614472\n|move|p2a: Angus|Protect|p2a: Angus\n|-singleturn|p2a: Angus|Protect\n|move|p1a: Slither Wing|Leech Life|p2a: Angus\n|-activate|p2a: Angus|move: Protect\n|\n|-damage|p2a: Angus|37\/100|[from] Leech Seed|[of] p1a: Slither Wing\n|-heal|p1a: Slither Wing|46\/100 psn|[silent]\n|-damage|p1a: Slither Wing|34\/100 psn|[from] psn\n|upkeep\n|turn|60\n|\n|t:|1700614481\n|move|p1a: Slither Wing|Leech Life|p2a: Angus\n|-supereffective|p2a: Angus\n|-damage|p2a: Angus|0 fnt\n|-heal|p1a: Slither Wing|57\/100 psn|[from] drain|[of] p2a: Angus\n|-damage|p1a: Slither Wing|41\/100 psn|[from] item: Rocky Helmet|[of] p2a: Angus\n|faint|p2a: Angus\n|\n|win|Iggitzy\n|raw|Iggitzy's rating: 1315 &rarr; <strong>1330<\/strong><br \/>(+15 for winning)\n|raw|El D God's rating: 1226 &rarr; <strong>1207<\/strong><br \/>(-19 for losing)\n|c|\u2606El D God|noob\n|c|\u2606El D God|bg\n|l|\u2606El D God\n","uploadtime":1700614525,"views":2,"p1id":"iggitzy","p2id":"eldgod","formatid":"gen9anythinggoes","rating":1207,"private":0,"password":""}