{"id":"gen9anythinggoes-1983941723","p1":"AGisgood\u82cd\u54cd\u4fa0","p2":"4th Acct To 1700","format":"[Gen 9] Anything Goes","log":"|j|\u2606AGisgood\u82cd\u54cd\u4fa0\n|j|\u26064th Acct To 1700\n|t:|1699202390\n|gametype|singles\n|player|p1|AGisgood\u82cd\u54cd\u4fa0|cynthia-masters|1690\n|player|p2|4th Acct To 1700|clown|1651\n|teamsize|p1|6\n|teamsize|p2|6\n|gen|9\n|tier|[Gen 9] Anything Goes\n|rated|\n|rule|HP Percentage Mod: HP is shown in percentages\n|rule|Endless Battle Clause: Forcing endless battles is banned\n|clearpoke\n|poke|p1|Alomomola, F|\n|poke|p1|Dondozo, M|\n|poke|p1|Blissey, F|\n|poke|p1|Mandibuzz, F|\n|poke|p1|Toxapex, F|\n|poke|p1|Clodsire, M|\n|poke|p2|Koraidon|\n|poke|p2|Calyrex-Shadow|\n|poke|p2|Arceus|\n|poke|p2|Miraidon|\n|poke|p2|Arceus-Ground|\n|poke|p2|Ribombee, M|\n|teampreview\n|inactive|Battle timer is ON: inactive players will automatically lose when time's up. (requested by AGisgood\u82cd\u54cd\u4fa0)\n|inactive|AGisgood\u82cd\u54cd\u4fa0 has 120 seconds left.\n|inactive|4th Acct To 1700 has 120 seconds left.\n|c|\u2606AGisgood\u82cd\u54cd\u4fa0|it so good\n|c|\u2606AGisgood\u82cd\u54cd\u4fa0|the stall\n|inactive|AGisgood\u82cd\u54cd\u4fa0 has 90 seconds left.\n|inactive|4th Acct To 1700 has 90 seconds left.\n|inactive|AGisgood\u82cd\u54cd\u4fa0 has 60 seconds left.\n|inactive|4th Acct To 1700 has 60 seconds left.\n|inactive|4th Acct To 1700 has 30 seconds left.\n|inactive|4th Acct To 1700 has 20 seconds left.\n|inactive|4th Acct To 1700 has 15 seconds left.\n|inactive|4th Acct To 1700 has 10 seconds left.\n|\n|t:|1699202533\n|start\n|switch|p1a: Toxapex|Toxapex, F|100\/100\n|switch|p2a: Calyrex|Calyrex-Shadow|100\/100\n|-ability|p2a: Calyrex|As One\n|-ability|p2a: Calyrex|Unnerve\n|turn|1\n|\n|t:|1699202539\n|switch|p1a: Clodsire|Clodsire, M|100\/100\n|move|p2a: Calyrex|Psychic|p1a: Clodsire\n|-supereffective|p1a: Clodsire\n|-damage|p1a: Clodsire|39\/100\n|\n|upkeep\n|turn|2\n|\n|t:|1699202544\n|-terastallize|p1a: Clodsire|Dark\n|move|p2a: Calyrex|Psychic|p1a: Clodsire\n|-immune|p1a: Clodsire\n|move|p1a: Clodsire|Recover|p1a: Clodsire\n|-heal|p1a: Clodsire|89\/100\n|\n|upkeep\n|turn|3\n|\n|t:|1699202551\n|move|p2a: Calyrex|Encore|p1a: Clodsire\n|-start|p1a: Clodsire|Encore\n|move|p1a: Clodsire|Recover|p1a: Clodsire\n|-heal|p1a: Clodsire|100\/100\n|\n|upkeep\n|turn|4\n|\n|t:|1699202555\n|switch|p1a: Blissey|Blissey, F|100\/100\n|move|p2a: Calyrex|Nasty Plot|p2a: Calyrex\n|-boost|p2a: Calyrex|spa|2\n|\n|upkeep\n|turn|5\n|\n|t:|1699202561\n|switch|p1a: Clodsire|Clodsire, M, tera:Dark|100\/100\n|move|p2a: Calyrex|Nasty Plot|p2a: Calyrex\n|-boost|p2a: Calyrex|spa|2\n|\n|upkeep\n|turn|6\n|\n|t:|1699202566\n|switch|p2a: Ribombee|Ribombee, M|100\/100\n|move|p1a: Clodsire|Earthquake|p2a: Ribombee\n|-resisted|p2a: Ribombee\n|-damage|p2a: Ribombee|71\/100\n|\n|upkeep\n|turn|7\n|\n|t:|1699202576\n|switch|p1a: Alomomola|Alomomola, F|100\/100\n|move|p2a: Ribombee|Moonblast|p1a: Alomomola\n|-damage|p1a: Alomomola|47\/100\n|\n|upkeep\n|turn|8\n|\n|t:|1699202584\n|switch|p1a: Toxapex|Toxapex, F|100\/100\n|move|p2a: Ribombee|Stun Spore|p1a: Toxapex\n|-status|p1a: Toxapex|par\n|\n|upkeep\n|turn|9\n|\n|t:|1699202593\n|switch|p2a: Arceus|Arceus-Ground|100\/100\n|cant|p1a: Toxapex|par\n|\n|upkeep\n|turn|10\n|\n|t:|1699202599\n|switch|p1a: Alomomola|Alomomola, F|80\/100\n|move|p2a: Arceus|Earthquake|p1a: Alomomola\n|-damage|p1a: Alomomola|46\/100\n|\n|upkeep\n|turn|11\n|\n|t:|1699202616\n|switch|p1a: Dondozo|Dondozo, M|100\/100\n|move|p2a: Arceus|Dragon Dance|p2a: Arceus\n|-boost|p2a: Arceus|atk|1\n|-boost|p2a: Arceus|spe|1\n|\n|upkeep\n|turn|12\n|\n|t:|1699202629\n|switch|p2a: Madara Uchiha|Miraidon|100\/100\n|-fieldstart|move: Electric Terrain|[from] ability: Hadron Engine|[of] p2a: Madara Uchiha\n|move|p1a: Dondozo|Avalanche|p2a: Madara Uchiha\n|-supereffective|p2a: Madara Uchiha\n|-damage|p2a: Madara Uchiha|73\/100\n|\n|upkeep\n|turn|13\n|\n|t:|1699202636\n|switch|p1a: Blissey|Blissey, F|100\/100\n|move|p2a: Madara Uchiha|Parabolic Charge|p1a: Blissey\n|-damage|p1a: Blissey|85\/100\n|-heal|p2a: Madara Uchiha|90\/100|[from] drain|[of] p1a: Blissey\n|\n|upkeep\n|turn|14\n|\n|t:|1699202640\n|switch|p2a: Calyrex|Calyrex-Shadow|100\/100\n|-ability|p2a: Calyrex|As One\n|-ability|p2a: Calyrex|Unnerve\n|move|p1a: Blissey|Heal Bell|p1a: Blissey\n|-activate|p1a: Blissey|move: Heal Bell\n|-curestatus|p1: Toxapex|par|[msg]\n|\n|upkeep\n|turn|15\n|\n|t:|1699202646\n|switch|p1a: Clodsire|Clodsire, M, tera:Dark|100\/100\n|move|p2a: Calyrex|Encore||[still]\n|-fail|p2a: Calyrex\n|\n|upkeep\n|turn|16\n|j| TheVoidDstroyer\n|\n|t:|1699202653\n|switch|p2a: Ribombee|Ribombee, M|71\/100\n|move|p1a: Clodsire|Stealth Rock|p2a: Ribombee\n|-sidestart|p2: 4th Acct To 1700|move: Stealth Rock\n|\n|-fieldend|move: Electric Terrain\n|upkeep\n|turn|17\n|\n|t:|1699202663\n|switch|p1a: Toxapex|Toxapex, F|100\/100\n|move|p2a: Ribombee|Stun Spore|p1a: Toxapex|[miss]\n|-miss|p2a: Ribombee|p1a: Toxapex\n|\n|upkeep\n|turn|18\n|\n|t:|1699202668\n|move|p2a: Ribombee|Stun Spore|p1a: Toxapex|[miss]\n|-miss|p2a: Ribombee|p1a: Toxapex\n|move|p1a: Toxapex|Toxic Spikes|p2a: Ribombee\n|-sidestart|p2: 4th Acct To 1700|move: Toxic Spikes\n|\n|upkeep\n|turn|19\n|\n|t:|1699202670\n|move|p2a: Ribombee|Stun Spore|p1a: Toxapex\n|-status|p1a: Toxapex|par\n|cant|p1a: Toxapex|par\n|\n|upkeep\n|turn|20\n|\n|t:|1699202674\n|move|p2a: Ribombee|Moonblast|p1a: Toxapex\n|-resisted|p1a: Toxapex\n|-damage|p1a: Toxapex|84\/100 par\n|-unboost|p1a: Toxapex|spa|1\n|cant|p1a: Toxapex|par\n|\n|upkeep\n|turn|21\n|\n|t:|1699202679\n|move|p2a: Ribombee|Quiver Dance|p2a: Ribombee\n|-boost|p2a: Ribombee|spa|1\n|-boost|p2a: Ribombee|spd|1\n|-boost|p2a: Ribombee|spe|1\n|move|p1a: Toxapex|Toxic Spikes|p2a: Ribombee\n|-sidestart|p2: 4th Acct To 1700|move: Toxic Spikes\n|\n|upkeep\n|turn|22\n|\n|t:|1699202684\n|move|p2a: Ribombee|Quiver Dance|p2a: Ribombee\n|-boost|p2a: Ribombee|spa|1\n|-boost|p2a: Ribombee|spd|1\n|-boost|p2a: Ribombee|spe|1\n|move|p1a: Toxapex|Infestation|p2a: Ribombee\n|-resisted|p2a: Ribombee\n|-damage|p2a: Ribombee|70\/100\n|-activate|p2a: Ribombee|move: Infestation|[of] p1a: Toxapex\n|\n|-damage|p2a: Ribombee|58\/100|[from] move: Infestation|[partiallytrapped]\n|upkeep\n|turn|23\n|\n|t:|1699202688\n|move|p2a: Ribombee|Quiver Dance|p2a: Ribombee\n|-boost|p2a: Ribombee|spa|1\n|-boost|p2a: Ribombee|spd|1\n|-boost|p2a: Ribombee|spe|1\n|cant|p1a: Toxapex|par\n|\n|-damage|p2a: Ribombee|46\/100|[from] move: Infestation|[partiallytrapped]\n|upkeep\n|turn|24\n|\n|t:|1699202692\n|move|p2a: Ribombee|Moonblast|p1a: Toxapex\n|-resisted|p1a: Toxapex\n|-damage|p1a: Toxapex|37\/100 par\n|-unboost|p1a: Toxapex|spa|1\n|move|p1a: Toxapex|Infestation|p2a: Ribombee\n|-resisted|p2a: Ribombee\n|-damage|p2a: Ribombee|45\/100\n|\n|-damage|p2a: Ribombee|33\/100|[from] move: Infestation|[partiallytrapped]\n|upkeep\n|turn|25\n|\n|t:|1699202699\n|switch|p1a: Blissey|Blissey, F|85\/100\n|move|p2a: Ribombee|Moonblast|p1a: Blissey\n|-damage|p1a: Blissey|55\/100\n|\n|-end|p2a: Ribombee|Infestation|[partiallytrapped]|[silent]\n|upkeep\n|turn|26\n|\n|t:|1699202712\n|move|p2a: Ribombee|Moonblast|p1a: Blissey\n|-damage|p1a: Blissey|25\/100\n|move|p1a: Blissey|Soft-Boiled|p1a: Blissey\n|-heal|p1a: Blissey|75\/100\n|\n|upkeep\n|turn|27\n|\n|t:|1699202719\n|move|p2a: Ribombee|Stun Spore|p1a: Blissey|[miss]\n|-miss|p2a: Ribombee|p1a: Blissey\n|move|p1a: Blissey|Shadow Ball|p2a: Ribombee\n|-damage|p2a: Ribombee|23\/100\n|\n|upkeep\n|turn|28\n|\n|t:|1699202724\n|move|p2a: Ribombee|Stun Spore|p1a: Blissey\n|-status|p1a: Blissey|par\n|move|p1a: Blissey|Heal Bell|p1a: Blissey\n|-activate|p1a: Blissey|move: Heal Bell\n|-curestatus|p1a: Blissey|par|[msg]\n|-curestatus|p1: Toxapex|par|[msg]\n|\n|upkeep\n|turn|29\n|\n|t:|1699202729\n|move|p2a: Ribombee|Moonblast|p1a: Blissey\n|-damage|p1a: Blissey|42\/100\n|move|p1a: Blissey|Shadow Ball|p2a: Ribombee\n|-damage|p2a: Ribombee|15\/100\n|\n|upkeep\n|turn|30\n|\n|t:|1699202733\n|move|p2a: Ribombee|Moonblast|p1a: Blissey\n|-damage|p1a: Blissey|12\/100\n|move|p1a: Blissey|Soft-Boiled|p1a: Blissey\n|-heal|p1a: Blissey|62\/100\n|\n|upkeep\n|turn|31\n|\n|t:|1699202737\n|move|p2a: Ribombee|Quiver Dance|p2a: Ribombee\n|-boost|p2a: Ribombee|spa|1\n|-boost|p2a: Ribombee|spd|1\n|-boost|p2a: Ribombee|spe|1\n|move|p1a: Blissey|Soft-Boiled|p1a: Blissey\n|-heal|p1a: Blissey|100\/100\n|\n|upkeep\n|turn|32\n|\n|t:|1699202739\n|move|p2a: Ribombee|Moonblast|p1a: Blissey\n|-damage|p1a: Blissey|67\/100\n|-unboost|p1a: Blissey|spa|1\n|move|p1a: Blissey|Shadow Ball|p2a: Ribombee\n|-damage|p2a: Ribombee|10\/100\n|\n|upkeep\n|turn|33\n|\n|t:|1699202742\n|move|p2a: Ribombee|Moonblast|p1a: Blissey\n|-damage|p1a: Blissey|28\/100\n|move|p1a: Blissey|Shadow Ball|p2a: Ribombee\n|-damage|p2a: Ribombee|4\/100\n|-unboost|p2a: Ribombee|spd|1\n|\n|upkeep\n|turn|34\n|\n|t:|1699202752\n|switch|p1a: Clodsire|Clodsire, M, tera:Dark|100\/100\n|move|p2a: Ribombee|Moonblast|p1a: Clodsire\n|-supereffective|p1a: Clodsire\n|-damage|p1a: Clodsire|52\/100\n|\n|upkeep\n|turn|35\n|\n|t:|1699202782\n|move|p2a: Ribombee|Moonblast|p1a: Clodsire\n|-supereffective|p1a: Clodsire\n|-damage|p1a: Clodsire|4\/100\n|-unboost|p1a: Clodsire|spa|1\n|move|p1a: Clodsire|Earthquake|p2a: Ribombee\n|-resisted|p2a: Ribombee\n|-damage|p2a: Ribombee|0 fnt\n|faint|p2a: Ribombee\n|\n|upkeep\n|inactive|4th Acct To 1700 has 120 seconds left.\n|\n|t:|1699202804\n|switch|p2a: Calyrex|Calyrex-Shadow|100\/100\n|-ability|p2a: Calyrex|As One\n|-ability|p2a: Calyrex|Unnerve\n|-damage|p2a: Calyrex|88\/100|[from] Stealth Rock\n|-status|p2a: Calyrex|tox\n|turn|36\n|\n|t:|1699202808\n|switch|p1a: Mandibuzz|Mandibuzz, F|100\/100\n|move|p2a: Calyrex|Astral Barrage|p1a: Mandibuzz\n|-resisted|p1a: Mandibuzz\n|-damage|p1a: Mandibuzz|79\/100\n|\n|-damage|p2a: Calyrex|82\/100 tox|[from] psn\n|upkeep\n|turn|37\n|\n|t:|1699202814\n|switch|p2a: Madara Uchiha|Miraidon|90\/100\n|-damage|p2a: Madara Uchiha|77\/100|[from] Stealth Rock\n|-status|p2a: Madara Uchiha|tox\n|-fieldstart|move: Electric Terrain|[from] ability: Hadron Engine|[of] p2a: Madara Uchiha\n|move|p1a: Mandibuzz|Toxic|p2a: Madara Uchiha\n|-fail|p2a: Madara Uchiha|tox\n|\n|-damage|p2a: Madara Uchiha|71\/100 tox|[from] psn\n|upkeep\n|turn|38\n|\n|t:|1699202820\n|switch|p1a: Clodsire|Clodsire, M, tera:Dark|4\/100\n|move|p2a: Madara Uchiha|Calm Mind|p2a: Madara Uchiha\n|-boost|p2a: Madara Uchiha|spa|1\n|-boost|p2a: Madara Uchiha|spd|1\n|\n|-damage|p2a: Madara Uchiha|59\/100 tox|[from] psn\n|upkeep\n|turn|39\n|\n|t:|1699202823\n|move|p2a: Madara Uchiha|Parabolic Charge|p1a: Clodsire\n|-damage|p1a: Clodsire|0 fnt\n|-heal|p2a: Madara Uchiha|61\/100 tox|[from] drain|[of] p1a: Clodsire\n|faint|p1a: Clodsire\n|\n|-damage|p2a: Madara Uchiha|43\/100 tox|[from] psn\n|upkeep\n|\n|t:|1699202826\n|switch|p1a: Blissey|Blissey, F|28\/100\n|turn|40\n|\n|t:|1699202828\n|move|p2a: Madara Uchiha|Parabolic Charge|p1a: Blissey\n|-damage|p1a: Blissey|2\/100\n|-heal|p2a: Madara Uchiha|70\/100 tox|[from] drain|[of] p1a: Blissey\n|move|p1a: Blissey|Soft-Boiled|p1a: Blissey\n|-heal|p1a: Blissey|52\/100\n|\n|-damage|p2a: Madara Uchiha|46\/100 tox|[from] psn\n|upkeep\n|turn|41\n|\n|t:|1699202831\n|move|p2a: Madara Uchiha|Calm Mind|p2a: Madara Uchiha\n|-boost|p2a: Madara Uchiha|spa|1\n|-boost|p2a: Madara Uchiha|spd|1\n|move|p1a: Blissey|Soft-Boiled|p1a: Blissey\n|-heal|p1a: Blissey|100\/100\n|\n|-damage|p2a: Madara Uchiha|15\/100 tox|[from] psn\n|-fieldend|move: Electric Terrain\n|upkeep\n|turn|42\n|\n|t:|1699202837\n|move|p2a: Madara Uchiha|Parabolic Charge|p1a: Blissey\n|-damage|p1a: Blissey|82\/100\n|-heal|p2a: Madara Uchiha|34\/100 tox|[from] drain|[of] p1a: Blissey\n|move|p1a: Blissey|Soft-Boiled|p1a: Blissey\n|-heal|p1a: Blissey|100\/100\n|\n|-damage|p2a: Madara Uchiha|0 fnt|[from] psn\n|faint|p2a: Madara Uchiha\n|upkeep\n|\n|t:|1699202840\n|switch|p2a: Koraidon|Koraidon|100\/100\n|-damage|p2a: Koraidon|94\/100|[from] Stealth Rock\n|-status|p2a: Koraidon|tox\n|-weather|SunnyDay|[from] ability: Orichalcum Pulse|[of] p2a: Koraidon\n|-activate|p2a: Koraidon|Orichalcum Pulse|[source]\n|turn|43\n|\n|t:|1699202849\n|switch|p1a: Dondozo|Dondozo, M|100\/100\n|move|p2a: Koraidon|Swords Dance|p2a: Koraidon\n|-boost|p2a: Koraidon|atk|2\n|\n|-weather|SunnyDay|[upkeep]\n|-damage|p2a: Koraidon|88\/100 tox|[from] psn\n|upkeep\n|turn|44\n|\n|t:|1699202852\n|move|p2a: Koraidon|Scale Shot|p1a: Dondozo\n|-damage|p1a: Dondozo|93\/100\n|-damage|p1a: Dondozo|85\/100\n|-hitcount|p1a: Dondozo|2\n|-unboost|p2a: Koraidon|def|1\n|-boost|p2a: Koraidon|spe|1\n|move|p1a: Dondozo|Avalanche|p2a: Koraidon\n|-supereffective|p2a: Koraidon\n|-damage|p2a: Koraidon|42\/100 tox\n|\n|-weather|SunnyDay|[upkeep]\n|-damage|p2a: Koraidon|30\/100 tox|[from] psn\n|upkeep\n|turn|45\n|\n|t:|1699202856\n|move|p2a: Koraidon|Close Combat|p1a: Dondozo\n|-damage|p1a: Dondozo|50\/100\n|-unboost|p2a: Koraidon|def|1\n|-unboost|p2a: Koraidon|spd|1\n|move|p1a: Dondozo|Avalanche|p2a: Koraidon\n|-supereffective|p2a: Koraidon\n|-damage|p2a: Koraidon|0 fnt\n|faint|p2a: Koraidon\n|\n|-weather|SunnyDay|[upkeep]\n|upkeep\n|\n|t:|1699202868\n|switch|p2a: Calyrex|Calyrex-Shadow|82\/100 tox\n|-ability|p2a: Calyrex|As One\n|-ability|p2a: Calyrex|Unnerve\n|-damage|p2a: Calyrex|70\/100 tox|[from] Stealth Rock\n|turn|46\n|\n|t:|1699202873\n|switch|p1a: Blissey|Blissey, F|100\/100\n|move|p2a: Calyrex|Astral Barrage|p1a: Blissey\n|-immune|p1a: Blissey\n|\n|-weather|SunnyDay|[upkeep]\n|-damage|p2a: Calyrex|64\/100 tox|[from] psn\n|upkeep\n|turn|47\n|\n|t:|1699202877\n|switch|p1a: Mandibuzz|Mandibuzz, F|79\/100\n|move|p2a: Calyrex|Nasty Plot|p2a: Calyrex\n|-boost|p2a: Calyrex|spa|2\n|\n|-weather|none\n|-damage|p2a: Calyrex|51\/100 tox|[from] psn\n|upkeep\n|turn|48\n|\n|t:|1699202879\n|move|p2a: Calyrex|Astral Barrage|p1a: Mandibuzz\n|-resisted|p1a: Mandibuzz\n|-damage|p1a: Mandibuzz|35\/100\n|move|p1a: Mandibuzz|Knock Off|p2a: Calyrex\n|-supereffective|p2a: Calyrex\n|-damage|p2a: Calyrex|0 fnt\n|-enditem|p2a: Calyrex|Focus Sash|[from] move: Knock Off|[of] p1a: Mandibuzz\n|faint|p2a: Calyrex\n|\n|upkeep\n|\n|t:|1699202882\n|switch|p2a: Arceus|Arceus|100\/100\n|turn|49\n|\n|t:|1699202887\n|switch|p1a: Alomomola|Alomomola, F|79\/100\n|move|p2a: Arceus|Swords Dance|p2a: Arceus\n|-boost|p2a: Arceus|atk|2\n|\n|upkeep\n|turn|50\n|\n|t:|1699202892\n|-terastallize|p2a: Arceus|Fire\n|move|p2a: Arceus|Swords Dance|p2a: Arceus\n|-boost|p2a: Arceus|atk|2\n|move|p1a: Alomomola|Wish|p1a: Alomomola\n|\n|upkeep\n|turn|51\n|\n|t:|1699202900\n|switch|p1a: Dondozo|Dondozo, M|50\/100\n|move|p2a: Arceus|Extreme Speed|p1a: Dondozo\n|-damage|p1a: Dondozo|28\/100\n|\n|-heal|p1a: Dondozo|81\/100|[from] move: Wish|[wisher] Alomomola\n|upkeep\n|turn|52\n|c|\u2606AGisgood\u82cd\u54cd\u4fa0|gg\n|\n|t:|1699202916\n|move|p2a: Arceus|Shadow Claw|p1a: Dondozo\n|-damage|p1a: Dondozo|70\/100\n|move|p1a: Dondozo|Fissure|p2a: Arceus|[miss]\n|-miss|p1a: Dondozo|p2a: Arceus\n|\n|upkeep\n|turn|53\n|\n|t:|1699202921\n|move|p2a: Arceus|Shadow Claw|p1a: Dondozo\n|-damage|p1a: Dondozo|58\/100\n|move|p1a: Dondozo|Fissure|p2a: Arceus|[miss]\n|-miss|p1a: Dondozo|p2a: Arceus\n|\n|upkeep\n|turn|54\n|\n|t:|1699202926\n|move|p2a: Arceus|Shadow Claw|p1a: Dondozo\n|-damage|p1a: Dondozo|47\/100\n|move|p1a: Dondozo|Fissure|p2a: Arceus|[miss]\n|-miss|p1a: Dondozo|p2a: Arceus\n|\n|upkeep\n|turn|55\n|\n|t:|1699202933\n|move|p2a: Arceus|Extreme Speed|p1a: Dondozo\n|-damage|p1a: Dondozo|27\/100\n|move|p1a: Dondozo|Rest|p1a: Dondozo\n|-status|p1a: Dondozo|slp|[from] move: Rest\n|-heal|p1a: Dondozo|100\/100 slp|[silent]\n|\n|upkeep\n|turn|56\n|\n|t:|1699202943\n|switch|p2a: Arceus|Arceus-Ground|100\/100\n|-damage|p2a: Arceus|94\/100|[from] Stealth Rock\n|-status|p2a: Arceus|tox\n|cant|p1a: Dondozo|slp\n|move|p1a: Dondozo|Sleep Talk|p1a: Dondozo\n|move|p1a: Dondozo|Rest||[from]move: Sleep Talk|[still]\n|-fail|p1a: Dondozo\n|\n|-damage|p2a: Arceus|88\/100 tox|[from] psn\n|upkeep\n|turn|57\n|\n|t:|1699202949\n|move|p2a: Arceus|Ice Beam|p1a: Dondozo\n|-resisted|p1a: Dondozo\n|-damage|p1a: Dondozo|90\/100 slp\n|cant|p1a: Dondozo|slp\n|move|p1a: Dondozo|Sleep Talk|p1a: Dondozo\n|move|p1a: Dondozo|Rest||[from]move: Sleep Talk|[still]\n|-fail|p1a: Dondozo\n|\n|-damage|p2a: Arceus|76\/100 tox|[from] psn\n|upkeep\n|turn|58\n|\n|t:|1699202958\n|move|p2a: Arceus|Stealth Rock|p1a: Dondozo\n|-sidestart|p1: AGisgood\u82cd\u54cd\u4fa0|move: Stealth Rock\n|-curestatus|p1a: Dondozo|slp|[msg]\n|move|p1a: Dondozo|Fissure|p2a: Arceus|[miss]\n|-miss|p1a: Dondozo|p2a: Arceus\n|\n|-damage|p2a: Arceus|58\/100 tox|[from] psn\n|upkeep\n|turn|59\n|\n|t:|1699202963\n|move|p2a: Arceus|Earthquake|p1a: Dondozo\n|-crit|p1a: Dondozo\n|-damage|p1a: Dondozo|45\/100\n|move|p1a: Dondozo|Fissure|p2a: Arceus|[miss]\n|-miss|p1a: Dondozo|p2a: Arceus\n|\n|-damage|p2a: Arceus|34\/100 tox|[from] psn\n|upkeep\n|turn|60\n|\n|t:|1699202967\n|move|p2a: Arceus|Earthquake|p1a: Dondozo\n|-damage|p1a: Dondozo|17\/100\n|move|p1a: Dondozo|Rest|p1a: Dondozo\n|-status|p1a: Dondozo|slp|[from] move: Rest\n|-heal|p1a: Dondozo|100\/100 slp|[silent]\n|\n|-damage|p2a: Arceus|4\/100 tox|[from] psn\n|upkeep\n|turn|61\n|\n|t:|1699202970\n|move|p2a: Arceus|Earthquake|p1a: Dondozo\n|-damage|p1a: Dondozo|73\/100 slp\n|cant|p1a: Dondozo|slp\n|move|p1a: Dondozo|Sleep Talk|p1a: Dondozo\n|move|p1a: Dondozo|Avalanche|p2a: Arceus|[from]move: Sleep Talk\n|-supereffective|p2a: Arceus\n|-damage|p2a: Arceus|0 fnt\n|faint|p2a: Arceus\n|\n|upkeep\n|\n|t:|1699202973\n|switch|p2a: Arceus|Arceus, tera:Fire|100\/100\n|turn|62\n|\n|t:|1699202978\n|move|p2a: Arceus|Shadow Claw|p1a: Dondozo\n|-damage|p1a: Dondozo|63\/100 slp\n|cant|p1a: Dondozo|slp\n|move|p1a: Dondozo|Sleep Talk|p1a: Dondozo\n|move|p1a: Dondozo|Fissure|p2a: Arceus|[from]move: Sleep Talk|[miss]\n|-miss|p1a: Dondozo|p2a: Arceus\n|\n|upkeep\n|turn|63\n|\n|t:|1699202985\n|move|p2a: Arceus|Shadow Claw|p1a: Dondozo\n|-damage|p1a: Dondozo|51\/100 slp\n|-curestatus|p1a: Dondozo|slp|[msg]\n|move|p1a: Dondozo|Fissure|p2a: Arceus|[miss]\n|-miss|p1a: Dondozo|p2a: Arceus\n|\n|upkeep\n|turn|64\n|\n|t:|1699202991\n|move|p2a: Arceus|Shadow Claw|p1a: Dondozo\n|-damage|p1a: Dondozo|41\/100\n|move|p1a: Dondozo|Fissure|p2a: Arceus|[miss]\n|-miss|p1a: Dondozo|p2a: Arceus\n|\n|upkeep\n|turn|65\n|\n|t:|1699202998\n|move|p2a: Arceus|Shadow Claw|p1a: Dondozo\n|-damage|p1a: Dondozo|30\/100\n|move|p1a: Dondozo|Rest|p1a: Dondozo\n|-status|p1a: Dondozo|slp|[from] move: Rest\n|-heal|p1a: Dondozo|100\/100 slp|[silent]\n|\n|upkeep\n|turn|66\n|\n|t:|1699203003\n|move|p2a: Arceus|Swords Dance|p2a: Arceus\n|-boost|p2a: Arceus|atk|2\n|cant|p1a: Dondozo|slp\n|move|p1a: Dondozo|Sleep Talk|p1a: Dondozo\n|move|p1a: Dondozo|Rest||[from]move: Sleep Talk|[still]\n|-fail|p1a: Dondozo\n|\n|upkeep\n|turn|67\n|\n|t:|1699203011\n|move|p2a: Arceus|Swords Dance|p2a: Arceus\n|-boost|p2a: Arceus|atk|2\n|cant|p1a: Dondozo|slp\n|move|p1a: Dondozo|Sleep Talk|p1a: Dondozo\n|move|p1a: Dondozo|Fissure|p2a: Arceus|[from]move: Sleep Talk|[miss]\n|-miss|p1a: Dondozo|p2a: Arceus\n|\n|upkeep\n|turn|68\n|\n|t:|1699203015\n|move|p2a: Arceus|Swords Dance|p2a: Arceus\n|-boost|p2a: Arceus|atk|2\n|-curestatus|p1a: Dondozo|slp|[msg]\n|move|p1a: Dondozo|Fissure|p2a: Arceus|[miss]\n|-miss|p1a: Dondozo|p2a: Arceus\n|\n|upkeep\n|turn|69\n|\n|t:|1699203019\n|move|p2a: Arceus|Shadow Claw|p1a: Dondozo\n|-damage|p1a: Dondozo|89\/100\n|move|p1a: Dondozo|Avalanche|p2a: Arceus\n|-resisted|p2a: Arceus\n|-damage|p2a: Arceus|91\/100\n|\n|upkeep\n|turn|70\n|\n|t:|1699203023\n|move|p2a: Arceus|Shadow Claw|p1a: Dondozo\n|-damage|p1a: Dondozo|78\/100\n|move|p1a: Dondozo|Avalanche|p2a: Arceus\n|-resisted|p2a: Arceus\n|-damage|p2a: Arceus|82\/100\n|\n|upkeep\n|turn|71\n|\n|t:|1699203025\n|move|p2a: Arceus|Shadow Claw|p1a: Dondozo\n|-damage|p1a: Dondozo|66\/100\n|move|p1a: Dondozo|Avalanche|p2a: Arceus\n|-resisted|p2a: Arceus\n|-damage|p2a: Arceus|72\/100\n|\n|upkeep\n|turn|72\n|\n|t:|1699203027\n|move|p2a: Arceus|Shadow Claw|p1a: Dondozo\n|-damage|p1a: Dondozo|55\/100\n|move|p1a: Dondozo|Rest|p1a: Dondozo\n|-status|p1a: Dondozo|slp|[from] move: Rest\n|-heal|p1a: Dondozo|100\/100 slp|[silent]\n|\n|upkeep\n|turn|73\n|\n|t:|1699203032\n|move|p2a: Arceus|Shadow Claw|p1a: Dondozo\n|-damage|p1a: Dondozo|90\/100 slp\n|cant|p1a: Dondozo|slp\n|move|p1a: Dondozo|Sleep Talk|p1a: Dondozo\n|move|p1a: Dondozo|Fissure|p2a: Arceus|[from]move: Sleep Talk|[miss]\n|-miss|p1a: Dondozo|p2a: Arceus\n|\n|upkeep\n|turn|74\n|\n|t:|1699203034\n|move|p2a: Arceus|Shadow Claw|p1a: Dondozo\n|-damage|p1a: Dondozo|77\/100 slp\n|cant|p1a: Dondozo|slp\n|move|p1a: Dondozo|Sleep Talk|p1a: Dondozo\n|move|p1a: Dondozo|Avalanche|p2a: Arceus|[from]move: Sleep Talk\n|-resisted|p2a: Arceus\n|-damage|p2a: Arceus|62\/100\n|\n|upkeep\n|turn|75\n|\n|t:|1699203036\n|move|p2a: Arceus|Shadow Claw|p1a: Dondozo\n|-damage|p1a: Dondozo|67\/100 slp\n|-curestatus|p1a: Dondozo|slp|[msg]\n|move|p1a: Dondozo|Sleep Talk||[still]\n|-fail|p1a: Dondozo\n|\n|upkeep\n|turn|76\n|\n|t:|1699203039\n|move|p2a: Arceus|Shadow Claw|p1a: Dondozo\n|-damage|p1a: Dondozo|54\/100\n|move|p1a: Dondozo|Avalanche|p2a: Arceus\n|-resisted|p2a: Arceus\n|-damage|p2a: Arceus|53\/100\n|\n|upkeep\n|turn|77\n|\n|t:|1699203041\n|move|p2a: Arceus|Shadow Claw|p1a: Dondozo\n|-damage|p1a: Dondozo|43\/100\n|move|p1a: Dondozo|Avalanche|p2a: Arceus\n|-resisted|p2a: Arceus\n|-damage|p2a: Arceus|44\/100\n|\n|upkeep\n|turn|78\n|\n|t:|1699203044\n|move|p2a: Arceus|Shadow Claw|p1a: Dondozo\n|-damage|p1a: Dondozo|31\/100\n|move|p1a: Dondozo|Rest|p1a: Dondozo\n|-status|p1a: Dondozo|slp|[from] move: Rest\n|-heal|p1a: Dondozo|100\/100 slp|[silent]\n|\n|upkeep\n|turn|79\n|\n|t:|1699203048\n|move|p2a: Arceus|Swords Dance|p2a: Arceus\n|-boost|p2a: Arceus|atk|0\n|cant|p1a: Dondozo|slp\n|move|p1a: Dondozo|Sleep Talk|p1a: Dondozo\n|move|p1a: Dondozo|Rest||[from]move: Sleep Talk|[still]\n|-fail|p1a: Dondozo\n|\n|upkeep\n|turn|80\n|\n|t:|1699203051\n|move|p2a: Arceus|Recover|p2a: Arceus\n|-heal|p2a: Arceus|94\/100\n|cant|p1a: Dondozo|slp\n|\n|upkeep\n|turn|81\n|\n|t:|1699203057\n|move|p2a: Arceus|Swords Dance|p2a: Arceus\n|-boost|p2a: Arceus|atk|0\n|-curestatus|p1a: Dondozo|slp|[msg]\n|move|p1a: Dondozo|Sleep Talk||[still]\n|-fail|p1a: Dondozo\n|\n|upkeep\n|turn|82\n|\n|t:|1699203061\n|switch|p1a: Toxapex|Toxapex, F|70\/100\n|move|p2a: Arceus|Swords Dance|p2a: Arceus\n|-boost|p2a: Arceus|atk|0\n|\n|upkeep\n|turn|83\n|\n|t:|1699203065\n|move|p2a: Arceus|Extreme Speed|p1a: Toxapex\n|-damage|p1a: Toxapex|0 fnt\n|faint|p1a: Toxapex\n|\n|upkeep\n|\n|t:|1699203069\n|switch|p1a: Alomomola|Alomomola, F|100\/100\n|-damage|p1a: Alomomola|88\/100|[from] Stealth Rock\n|turn|84\n|\n|t:|1699203082\n|move|p2a: Arceus|Extreme Speed|p1a: Alomomola\n|-damage|p1a: Alomomola|3\/100\n|-damage|p2a: Arceus|77\/100|[from] item: Rocky Helmet|[of] p1a: Alomomola\n|move|p1a: Alomomola|Flip Turn|p2a: Arceus\n|-supereffective|p2a: Arceus\n|-damage|p2a: Arceus|56\/100\n|\n|t:|1699203085\n|switch|p1a: Dondozo|Dondozo, M|100\/100|[from] Flip Turn\n|\n|upkeep\n|turn|85\n|\n|t:|1699203096\n|switch|p1a: Blissey|Blissey, F|100\/100\n|move|p2a: Arceus|Swords Dance|p2a: Arceus\n|-boost|p2a: Arceus|atk|0\n|\n|upkeep\n|turn|86\n|\n|t:|1699203102\n|switch|p1a: Dondozo|Dondozo, M|100\/100\n|move|p2a: Arceus|Recover|p2a: Arceus\n|-heal|p2a: Arceus|100\/100\n|\n|upkeep\n|turn|87\n|inactive|AGisgood\u82cd\u54cd\u4fa0 has 120 seconds left.\n|\n|t:|1699203149\n|switch|p1a: Alomomola|Alomomola, F|36\/100\n|-damage|p1a: Alomomola|24\/100|[from] Stealth Rock\n|move|p2a: Arceus|Swords Dance|p2a: Arceus\n|-boost|p2a: Arceus|atk|0\n|\n|upkeep\n|turn|88\n|\n|t:|1699203159\n|switch|p1a: Dondozo|Dondozo, M|100\/100\n|move|p2a: Arceus|Shadow Claw|p1a: Dondozo\n|-damage|p1a: Dondozo|90\/100\n|\n|upkeep\n|turn|89\n|inactive|AGisgood\u82cd\u54cd\u4fa0 has 120 seconds left.\n|\n|t:|1699203174\n|switch|p1a: Alomomola|Alomomola, F|57\/100\n|-damage|p1a: Alomomola|45\/100|[from] Stealth Rock\n|move|p2a: Arceus|Shadow Claw|p1a: Alomomola\n|-damage|p1a: Alomomola|0 fnt\n|-damage|p2a: Arceus|84\/100|[from] item: Rocky Helmet|[of] p1a: Alomomola\n|faint|p1a: Alomomola\n|\n|upkeep\n|\n|t:|1699203177\n|switch|p1a: Blissey|Blissey, F|100\/100\n|turn|90\n|\n|t:|1699203181\n|switch|p1a: Dondozo|Dondozo, M|90\/100\n|move|p2a: Arceus|Extreme Speed|p1a: Dondozo\n|-damage|p1a: Dondozo|70\/100\n|\n|upkeep\n|turn|91\n|\n|t:|1699203188\n|switch|p1a: Mandibuzz|Mandibuzz, F|35\/100\n|move|p2a: Arceus|Swords Dance|p2a: Arceus\n|-boost|p2a: Arceus|atk|0\n|\n|upkeep\n|turn|92\n|\n|t:|1699203191\n|switch|p1a: Dondozo|Dondozo, M|70\/100\n|move|p2a: Arceus|Swords Dance|p2a: Arceus\n|-boost|p2a: Arceus|atk|0\n|\n|upkeep\n|turn|93\n|\n|t:|1699203196\n|move|p2a: Arceus|Swords Dance|p2a: Arceus\n|-boost|p2a: Arceus|atk|0\n|move|p1a: Dondozo|Avalanche|p2a: Arceus\n|-resisted|p2a: Arceus\n|-damage|p2a: Arceus|79\/100\n|\n|upkeep\n|turn|94\n|\n|t:|1699203199\n|switch|p1a: Mandibuzz|Mandibuzz, F|35\/100\n|move|p2a: Arceus|Swords Dance|p2a: Arceus\n|-boost|p2a: Arceus|atk|0\n|\n|upkeep\n|turn|95\n|\n|t:|1699203203\n|move|p2a: Arceus|Swords Dance|p2a: Arceus\n|-boost|p2a: Arceus|atk|0\n|move|p1a: Mandibuzz|Roost|p1a: Mandibuzz\n|-heal|p1a: Mandibuzz|85\/100\n|-singleturn|p1a: Mandibuzz|move: Roost\n|\n|upkeep\n|turn|96\n|\n|t:|1699203205\n|switch|p1a: Dondozo|Dondozo, M|70\/100\n|move|p2a: Arceus|Swords Dance|p2a: Arceus\n|-boost|p2a: Arceus|atk|0\n|\n|upkeep\n|turn|97\n|\n|t:|1699203218\n|switch|p1a: Blissey|Blissey, F|100\/100\n|move|p2a: Arceus|Swords Dance|p2a: Arceus\n|-boost|p2a: Arceus|atk|0\n|\n|upkeep\n|turn|98\n|\n|t:|1699203222\n|switch|p1a: Dondozo|Dondozo, M|70\/100\n|move|p2a: Arceus|Swords Dance|p2a: Arceus\n|-boost|p2a: Arceus|atk|0\n|\n|upkeep\n|turn|99\n|\n|t:|1699203227\n|move|p2a: Arceus|Shadow Claw|p1a: Dondozo\n|-damage|p1a: Dondozo|58\/100\n|move|p1a: Dondozo|Avalanche|p2a: Arceus\n|-resisted|p2a: Arceus\n|-damage|p2a: Arceus|69\/100\n|\n|upkeep\n|turn|100\n|\n|t:|1699203231\n|switch|p1a: Blissey|Blissey, F|100\/100\n|move|p2a: Arceus|Shadow Claw|p1a: Blissey\n|-immune|p1a: Blissey\n|\n|upkeep\n|turn|101\n|\n|t:|1699203240\n|switch|p1a: Dondozo|Dondozo, M|58\/100\n|move|p2a: Arceus|Swords Dance|p2a: Arceus\n|-boost|p2a: Arceus|atk|0\n|\n|upkeep\n|turn|102\n|\n|t:|1699203269\n|switch|p1a: Blissey|Blissey, F|100\/100\n|move|p2a: Arceus|Recover|p2a: Arceus\n|-heal|p2a: Arceus|100\/100\n|\n|upkeep\n|turn|103\n|\n|t:|1699203275\n|switch|p1a: Dondozo|Dondozo, M|58\/100\n|move|p2a: Arceus|Swords Dance|p2a: Arceus\n|-boost|p2a: Arceus|atk|0\n|\n|upkeep\n|turn|104\n|\n|t:|1699203279\n|move|p2a: Arceus|Swords Dance|p2a: Arceus\n|-boost|p2a: Arceus|atk|0\n|move|p1a: Dondozo|Rest|p1a: Dondozo\n|-status|p1a: Dondozo|slp|[from] move: Rest\n|-heal|p1a: Dondozo|100\/100 slp|[silent]\n|\n|upkeep\n|turn|105\n|\n|t:|1699203290\n|move|p2a: Arceus|Swords Dance|p2a: Arceus\n|-boost|p2a: Arceus|atk|0\n|cant|p1a: Dondozo|slp\n|\n|upkeep\n|turn|106\n|inactive|AGisgood\u82cd\u54cd\u4fa0 has 120 seconds left.\n|\n|t:|1699203308\n|move|p2a: Arceus|Swords Dance|p2a: Arceus\n|-boost|p2a: Arceus|atk|0\n|cant|p1a: Dondozo|slp\n|\n|upkeep\n|turn|107\n|\n|t:|1699203312\n|switch|p1a: Blissey|Blissey, F|100\/100\n|move|p2a: Arceus|Swords Dance|p2a: Arceus\n|-boost|p2a: Arceus|atk|0\n|\n|upkeep\n|turn|108\n|\n|t:|1699203319\n|switch|p1a: Dondozo|Dondozo, M|100\/100 slp\n|move|p2a: Arceus|Swords Dance|p2a: Arceus\n|-boost|p2a: Arceus|atk|0\n|\n|upkeep\n|turn|109\n|inactive|AGisgood\u82cd\u54cd\u4fa0 has 120 seconds left.\n|\n|t:|1699203334\n|move|p2a: Arceus|Swords Dance|p2a: Arceus\n|-boost|p2a: Arceus|atk|0\n|-curestatus|p1a: Dondozo|slp|[msg]\n|move|p1a: Dondozo|Avalanche|p2a: Arceus\n|-resisted|p2a: Arceus\n|-damage|p2a: Arceus|96\/100\n|\n|upkeep\n|turn|110\n|\n|t:|1699203338\n|switch|p1a: Blissey|Blissey, F|100\/100\n|move|p2a: Arceus|Swords Dance|p2a: Arceus\n|-boost|p2a: Arceus|atk|0\n|\n|upkeep\n|turn|111\n|\n|t:|1699203342\n|switch|p1a: Mandibuzz|Mandibuzz, F|85\/100\n|move|p2a: Arceus|Swords Dance|p2a: Arceus\n|-boost|p2a: Arceus|atk|0\n|\n|upkeep\n|turn|112\n|\n|t:|1699203345\n|switch|p1a: Dondozo|Dondozo, M|100\/100\n|move|p2a: Arceus|Extreme Speed|p1a: Dondozo\n|-damage|p1a: Dondozo|82\/100\n|\n|upkeep\n|turn|113\n|\n|t:|1699203348\n|move|p2a: Arceus|Swords Dance|p2a: Arceus\n|-boost|p2a: Arceus|atk|0\n|move|p1a: Dondozo|Rest|p1a: Dondozo\n|-status|p1a: Dondozo|slp|[from] move: Rest\n|-heal|p1a: Dondozo|100\/100 slp|[silent]\n|\n|upkeep\n|turn|114\n|\n|t:|1699203355\n|switch|p1a: Blissey|Blissey, F|100\/100\n|move|p2a: Arceus|Extreme Speed|p1a: Blissey\n|-damage|p1a: Blissey|0 fnt\n|faint|p1a: Blissey\n|\n|upkeep\n|\n|t:|1699203359\n|switch|p1a: Mandibuzz|Mandibuzz, F|85\/100\n|turn|115\n|\n|t:|1699203364\n|switch|p1a: Dondozo|Dondozo, M|100\/100 slp\n|move|p2a: Arceus|Swords Dance|p2a: Arceus\n|-boost|p2a: Arceus|atk|0\n|\n|upkeep\n|turn|116\n|\n|t:|1699203378\n|move|p2a: Arceus|Swords Dance|p2a: Arceus\n|-boost|p2a: Arceus|atk|0\n|cant|p1a: Dondozo|slp\n|\n|upkeep\n|turn|117\n|\n|t:|1699203386\n|switch|p1a: Mandibuzz|Mandibuzz, F|85\/100\n|move|p2a: Arceus|Swords Dance|p2a: Arceus\n|-boost|p2a: Arceus|atk|0\n|\n|upkeep\n|turn|118\n|j| xinnobu\n|\n|t:|1699203396\n|move|p2a: Arceus|Shadow Claw|p1a: Mandibuzz\n|-resisted|p1a: Mandibuzz\n|-crit|p1a: Mandibuzz\n|-damage|p1a: Mandibuzz|22\/100\n|move|p1a: Mandibuzz|Toxic|p2a: Arceus\n|-status|p2a: Arceus|tox\n|\n|-damage|p2a: Arceus|90\/100 tox|[from] psn\n|upkeep\n|turn|119\n|\n|t:|1699203403\n|switch|p1a: Dondozo|Dondozo, M|100\/100 slp\n|move|p2a: Arceus|Shadow Claw|p1a: Dondozo\n|-damage|p1a: Dondozo|90\/100 slp\n|\n|-damage|p2a: Arceus|78\/100 tox|[from] psn\n|upkeep\n|turn|120\n|\n|t:|1699203409\n|move|p2a: Arceus|Shadow Claw|p1a: Dondozo\n|-damage|p1a: Dondozo|77\/100 slp\n|cant|p1a: Dondozo|slp\n|move|p1a: Dondozo|Sleep Talk|p1a: Dondozo\n|move|p1a: Dondozo|Fissure|p2a: Arceus|[from]move: Sleep Talk|[miss]\n|-miss|p1a: Dondozo|p2a: Arceus\n|\n|-damage|p2a: Arceus|60\/100 tox|[from] psn\n|upkeep\n|turn|121\n|c|\u2606AGisgood\u82cd\u54cd\u4fa0|I win\n|l| TheVoidDstroyer\n|inactive|AGisgood\u82cd\u54cd\u4fa0 has 120 seconds left.\n|j| TheVoidDstroyer\n|l| TheVoidDstroyer\n|\n|t:|1699203453\n|move|p2a: Arceus|Extreme Speed|p1a: Dondozo\n|-damage|p1a: Dondozo|57\/100 slp\n|-curestatus|p1a: Dondozo|slp|[msg]\n|move|p1a: Dondozo|Sleep Talk||[still]\n|-fail|p1a: Dondozo\n|\n|-damage|p2a: Arceus|35\/100 tox|[from] psn\n|upkeep\n|turn|122\n|c|\u26064th Acct To 1700|Ok?\n|\n|t:|1699203469\n|move|p2a: Arceus|Recover|p2a: Arceus\n|-heal|p2a: Arceus|85\/100 tox\n|move|p1a: Dondozo|Rest|p1a: Dondozo\n|-status|p1a: Dondozo|slp|[from] move: Rest\n|-heal|p1a: Dondozo|100\/100 slp|[silent]\n|\n|-damage|p2a: Arceus|55\/100 tox|[from] psn\n|upkeep\n|turn|123\n|\n|t:|1699203474\n|move|p2a: Arceus|Recover|p2a: Arceus\n|-heal|p2a: Arceus|100\/100 tox\n|cant|p1a: Dondozo|slp\n|move|p1a: Dondozo|Sleep Talk|p1a: Dondozo\n|move|p1a: Dondozo|Avalanche|p2a: Arceus|[from]move: Sleep Talk\n|-resisted|p2a: Arceus\n|-damage|p2a: Arceus|96\/100 tox\n|\n|-damage|p2a: Arceus|59\/100 tox|[from] psn\n|upkeep\n|turn|124\n|\n|t:|1699203479\n|move|p2a: Arceus|Recover|p2a: Arceus\n|-heal|p2a: Arceus|100\/100 tox\n|cant|p1a: Dondozo|slp\n|\n|-damage|p2a: Arceus|58\/100 tox|[from] psn\n|upkeep\n|turn|125\n|\n|t:|1699203480\n|move|p2a: Arceus|Recover|p2a: Arceus\n|-heal|p2a: Arceus|100\/100 tox\n|-curestatus|p1a: Dondozo|slp|[msg]\n|move|p1a: Dondozo|Avalanche|p2a: Arceus\n|-resisted|p2a: Arceus\n|-damage|p2a: Arceus|96\/100 tox\n|\n|-damage|p2a: Arceus|47\/100 tox|[from] psn\n|upkeep\n|turn|126\n|\n|t:|1699203483\n|move|p2a: Arceus|Recover|p2a: Arceus\n|-heal|p2a: Arceus|97\/100 tox\n|move|p1a: Dondozo|Avalanche|p2a: Arceus\n|-resisted|p2a: Arceus\n|-damage|p2a: Arceus|93\/100 tox\n|\n|-damage|p2a: Arceus|38\/100 tox|[from] psn\n|upkeep\n|turn|127\n|\n|t:|1699203487\n|-activate|p2a: Arceus|move: Struggle\n|move|p2a: Arceus|Struggle|p1a: Dondozo\n|-damage|p1a: Dondozo|92\/100\n|-damage|p2a: Arceus|13\/100 tox|[from] recoil\n|move|p1a: Dondozo|Sleep Talk||[still]\n|-fail|p1a: Dondozo\n|\n|-damage|p2a: Arceus|0 fnt|[from] psn\n|faint|p2a: Arceus\n|\n|win|AGisgood\u82cd\u54cd\u4fa0\n|upkeep\n|raw|AGisgood\u82cd\u54cd\u4fa0's rating: 1690 &rarr; <strong>1708<\/strong><br \/>(+18 for winning)\n|raw|4th Acct To 1700's rating: 1651 &rarr; <strong>1633<\/strong><br \/>(-18 for losing)\n|l|\u2606AGisgood\u82cd\u54cd\u4fa0\n|l|\u26064th Acct To 1700\n|l| xinnobu\n","uploadtime":1699203551,"views":3,"p1id":"agisgood","p2id":"4thacctto1700","formatid":"gen9anythinggoes","rating":1633,"private":0,"password":""}