{"id":"gen9anythinggoes-1991282008","p1":"xinnobu","p2":"Chonker Donk","format":"[Gen 9] Anything Goes","log":"|j|\u2606xinnobu\n|j|\u2606Chonker Donk\n|t:|1700064027\n|gametype|singles\n|player|p1|xinnobu|elesa-gen5bw2|1663\n|player|p2|Chonker Donk|policeman|1604\n|teamsize|p1|6\n|teamsize|p2|6\n|gen|9\n|tier|[Gen 9] Anything Goes\n|rated|\n|rule|HP Percentage Mod: HP is shown in percentages\n|rule|Endless Battle Clause: Forcing endless battles is banned\n|clearpoke\n|poke|p1|Arceus-Dark|\n|poke|p1|Arceus-Ground|\n|poke|p1|Arceus-Fairy|\n|poke|p1|Arceus-Water|\n|poke|p1|Arceus|\n|poke|p1|Ditto|\n|poke|p2|Calyrex-Shadow|\n|poke|p2|Arceus|\n|poke|p2|Polteageist|\n|poke|p2|Okidogi, M|\n|poke|p2|Urshifu-*, M|\n|poke|p2|Koraidon|\n|teampreview\n|\n|t:|1700064044\n|start\n|switch|p1a: Arceus|Arceus-Water|100\/100\n|switch|p2a: sorry|Arceus|100\/100\n|turn|1\n|inactive|Battle timer is ON: inactive players will automatically lose when time's up. (requested by xinnobu)\n|\n|t:|1700064050\n|move|p2a: sorry|Taunt|p1a: Arceus\n|-start|p1a: Arceus|move: Taunt\n|cant|p1a: Arceus|move: Taunt|Will-O-Wisp\n|\n|upkeep\n|turn|2\n|\n|t:|1700064053\n|move|p2a: sorry|Thunder Wave|p1a: Arceus\n|-status|p1a: Arceus|par\n|cant|p1a: Arceus|par\n|\n|upkeep\n|turn|3\n|\n|t:|1700064057\n|move|p2a: sorry|Stealth Rock|p1a: Arceus\n|-sidestart|p1: xinnobu|move: Stealth Rock\n|move|p1a: Arceus|Judgment|p2a: sorry\n|-crit|p2a: sorry\n|-damage|p2a: sorry|50\/100\n|\n|-end|p1a: Arceus|move: Taunt\n|upkeep\n|turn|4\n|\n|t:|1700064065\n|move|p2a: sorry|Taunt|p1a: Arceus\n|-start|p1a: Arceus|move: Taunt\n|move|p1a: Arceus|Judgment|p2a: sorry\n|-damage|p2a: sorry|15\/100\n|\n|upkeep\n|turn|5\n|\n|t:|1700064072\n|move|p2a: sorry|Healing Wish|p2a: sorry\n|faint|p2a: sorry\n|move|p1a: Arceus|Judgment|p2: sorry|[notarget]\n|-fail|p1a: Arceus\n|\n|upkeep\n|\n|t:|1700064078\n|switch|p2a: TEA TIME|Polteageist|100\/100\n|turn|6\n|\n|t:|1700064081\n|move|p2a: TEA TIME|Shell Smash|p2a: TEA TIME\n|-unboost|p2a: TEA TIME|def|1\n|-unboost|p2a: TEA TIME|spd|1\n|-boost|p2a: TEA TIME|atk|2\n|-boost|p2a: TEA TIME|spa|2\n|-boost|p2a: TEA TIME|spe|2\n|-enditem|p2a: TEA TIME|White Herb\n|-clearnegativeboost|p2a: TEA TIME|[silent]\n|move|p1a: Arceus|Judgment|p2a: TEA TIME\n|-damage|p2a: TEA TIME|55\/100\n|\n|-end|p1a: Arceus|move: Taunt\n|upkeep\n|turn|7\n|\n|t:|1700064087\n|move|p2a: TEA TIME|Substitute|p2a: TEA TIME\n|-start|p2a: TEA TIME|Substitute\n|-damage|p2a: TEA TIME|30\/100\n|move|p1a: Arceus|Judgment|p2a: TEA TIME\n|-end|p2a: TEA TIME|Substitute\n|\n|upkeep\n|turn|8\n|\n|t:|1700064093\n|move|p2a: TEA TIME|Baton Pass|p2a: TEA TIME\n|\n|t:|1700064097\n|switch|p2a: dragon zoomies|Koraidon|100\/100|[from] Baton Pass\n|-weather|SunnyDay|[from] ability: Orichalcum Pulse|[of] p2a: dragon zoomies\n|-activate|p2a: dragon zoomies|Orichalcum Pulse|[source]\n|move|p1a: Arceus|Judgment|p2a: dragon zoomies\n|-resisted|p2a: dragon zoomies\n|-damage|p2a: dragon zoomies|90\/100\n|\n|-weather|SunnyDay|[upkeep]\n|upkeep\n|turn|9\n|\n|t:|1700064111\n|move|p2a: dragon zoomies|Close Combat|p1a: Arceus\n|-damage|p1a: Arceus|5\/100 par\n|-unboost|p2a: dragon zoomies|def|1\n|-unboost|p2a: dragon zoomies|spd|1\n|move|p1a: Arceus|Will-O-Wisp|p2a: dragon zoomies\n|-status|p2a: dragon zoomies|brn\n|\n|-weather|SunnyDay|[upkeep]\n|-damage|p2a: dragon zoomies|83\/100 brn|[from] brn\n|upkeep\n|turn|10\n|inactive|Chonker Donk has 120 seconds left.\n|\n|t:|1700064148\n|move|p2a: dragon zoomies|Close Combat|p1a: Arceus\n|-damage|p1a: Arceus|0 fnt\n|-unboost|p2a: dragon zoomies|def|1\n|-unboost|p2a: dragon zoomies|spd|1\n|faint|p1a: Arceus\n|\n|-weather|SunnyDay|[upkeep]\n|-damage|p2a: dragon zoomies|77\/100 brn|[from] brn\n|upkeep\n|\n|t:|1700064157\n|switch|p1a: Arceus|Arceus|100\/100\n|-damage|p1a: Arceus|88\/100|[from] Stealth Rock\n|turn|11\n|\n|t:|1700064165\n|switch|p2a: TEA TIME|Polteageist|30\/100\n|-heal|p2a: TEA TIME|100\/100|[from] move: Healing Wish\n|move|p1a: Arceus|Extreme Speed|p2a: TEA TIME\n|-immune|p2a: TEA TIME\n|\n|-weather|SunnyDay|[upkeep]\n|-heal|p1a: Arceus|94\/100|[from] item: Leftovers\n|upkeep\n|turn|12\n|\n|t:|1700064173\n|move|p1a: Arceus|Shadow Claw|p2a: TEA TIME\n|-supereffective|p2a: TEA TIME\n|-damage|p2a: TEA TIME|38\/100\n|move|p2a: TEA TIME|Shell Smash|p2a: TEA TIME\n|-unboost|p2a: TEA TIME|def|1\n|-unboost|p2a: TEA TIME|spd|1\n|-boost|p2a: TEA TIME|atk|2\n|-boost|p2a: TEA TIME|spa|2\n|-boost|p2a: TEA TIME|spe|2\n|\n|-weather|none\n|-heal|p1a: Arceus|100\/100|[from] item: Leftovers\n|upkeep\n|turn|13\n|\n|t:|1700064177\n|move|p2a: TEA TIME|Strength Sap|p1a: Arceus\n|-unboost|p1a: Arceus|atk|1\n|-heal|p2a: TEA TIME|100\/100\n|move|p1a: Arceus|Shadow Claw|p2a: TEA TIME\n|-supereffective|p2a: TEA TIME\n|-damage|p2a: TEA TIME|33\/100\n|\n|upkeep\n|turn|14\n|\n|t:|1700064189\n|move|p2a: TEA TIME|Substitute|p2a: TEA TIME\n|-start|p2a: TEA TIME|Substitute\n|-damage|p2a: TEA TIME|8\/100\n|move|p1a: Arceus|Shadow Claw|p2a: TEA TIME\n|-supereffective|p2a: TEA TIME\n|-end|p2a: TEA TIME|Substitute\n|\n|upkeep\n|turn|15\n|\n|t:|1700064192\n|move|p2a: TEA TIME|Strength Sap|p1a: Arceus\n|-unboost|p1a: Arceus|atk|1\n|-heal|p2a: TEA TIME|85\/100\n|move|p1a: Arceus|Shadow Claw|p2a: TEA TIME\n|-supereffective|p2a: TEA TIME\n|-damage|p2a: TEA TIME|41\/100\n|\n|upkeep\n|turn|16\n|\n|t:|1700064200\n|move|p2a: TEA TIME|Substitute|p2a: TEA TIME\n|-start|p2a: TEA TIME|Substitute\n|-damage|p2a: TEA TIME|16\/100\n|move|p1a: Arceus|Shadow Claw|p2a: TEA TIME\n|-supereffective|p2a: TEA TIME\n|-end|p2a: TEA TIME|Substitute\n|\n|upkeep\n|turn|17\n|\n|t:|1700064204\n|move|p2a: TEA TIME|Strength Sap|p1a: Arceus\n|-unboost|p1a: Arceus|atk|1\n|-heal|p2a: TEA TIME|74\/100\n|move|p1a: Arceus|Shadow Claw|p2a: TEA TIME\n|-supereffective|p2a: TEA TIME\n|-damage|p2a: TEA TIME|35\/100\n|\n|upkeep\n|turn|18\n|\n|t:|1700064212\n|move|p2a: TEA TIME|Substitute|p2a: TEA TIME\n|-start|p2a: TEA TIME|Substitute\n|-damage|p2a: TEA TIME|10\/100\n|move|p1a: Arceus|Shadow Claw|p2a: TEA TIME\n|-supereffective|p2a: TEA TIME\n|-end|p2a: TEA TIME|Substitute\n|\n|upkeep\n|turn|19\n|\n|t:|1700064214\n|move|p2a: TEA TIME|Strength Sap|p1a: Arceus\n|-unboost|p1a: Arceus|atk|1\n|-heal|p2a: TEA TIME|56\/100\n|move|p1a: Arceus|Shadow Claw|p2a: TEA TIME\n|-supereffective|p2a: TEA TIME\n|-damage|p2a: TEA TIME|27\/100\n|\n|upkeep\n|turn|20\n|\n|t:|1700064223\n|move|p2a: TEA TIME|Strength Sap|p1a: Arceus\n|-unboost|p1a: Arceus|atk|1\n|-heal|p2a: TEA TIME|65\/100\n|move|p1a: Arceus|Shadow Claw|p2a: TEA TIME\n|-supereffective|p2a: TEA TIME\n|-damage|p2a: TEA TIME|36\/100\n|\n|upkeep\n|turn|21\n|\n|t:|1700064227\n|move|p2a: TEA TIME|Strength Sap|p1a: Arceus\n|-unboost|p1a: Arceus|atk|1\n|-heal|p2a: TEA TIME|69\/100\n|move|p1a: Arceus|Shadow Claw|p2a: TEA TIME\n|-supereffective|p2a: TEA TIME\n|-damage|p2a: TEA TIME|44\/100\n|\n|upkeep\n|turn|22\n|\n|t:|1700064237\n|move|p2a: TEA TIME|Substitute|p2a: TEA TIME\n|-start|p2a: TEA TIME|Substitute\n|-damage|p2a: TEA TIME|19\/100\n|move|p1a: Arceus|Shadow Claw|p2a: TEA TIME\n|-supereffective|p2a: TEA TIME\n|-activate|p2a: TEA TIME|move: Substitute|[damage]\n|\n|upkeep\n|turn|23\n|\n|t:|1700064244\n|move|p2a: TEA TIME|Baton Pass|p2a: TEA TIME\n|\n|t:|1700064246\n|switch|p2a: pony ride|Calyrex-Shadow|100\/100|[from] Baton Pass\n|-ability|p2a: pony ride|As One\n|-ability|p2a: pony ride|Unnerve\n|move|p1a: Arceus|Shadow Claw|p2a: pony ride\n|-supereffective|p2a: pony ride\n|-crit|p2a: pony ride\n|-end|p2a: pony ride|Substitute\n|\n|upkeep\n|turn|24\n|\n|t:|1700064256\n|switch|p1a: Arceus|Arceus-Dark|100\/100\n|-damage|p1a: Arceus|88\/100|[from] Stealth Rock\n|move|p2a: pony ride|Stored Power|p1a: Arceus\n|-immune|p1a: Arceus\n|\n|upkeep\n|turn|25\n|inactive|Chonker Donk has 120 seconds left.\n|inactive|Chonker Donk has 90 seconds left.\n|\n|t:|1700064323\n|move|p2a: pony ride|Grass Knot|p1a: Arceus\n|-damage|p1a: Arceus|38\/100\n|move|p1a: Arceus|Judgment|p2a: pony ride\n|-supereffective|p2a: pony ride\n|-enditem|p2a: pony ride|Focus Sash\n|-damage|p2a: pony ride|1\/100\n|\n|upkeep\n|turn|26\n|inactive|Chonker Donk has 90 seconds left.\n|inactive|xinnobu has 120 seconds left.\n|\n|t:|1700064357\n|move|p2a: pony ride|Baton Pass|p2a: pony ride\n|\n|t:|1700064358\n|switch|p2a: OKIE DOKIE|Okidogi, M|100\/100|[from] Baton Pass\n|move|p1a: Arceus|Judgment|p2a: OKIE DOKIE\n|-resisted|p2a: OKIE DOKIE\n|-damage|p2a: OKIE DOKIE|59\/100\n|\n|upkeep\n|turn|27\n|\n|t:|1700064368\n|move|p2a: OKIE DOKIE|Low Kick|p1a: Arceus\n|-supereffective|p1a: Arceus\n|-damage|p1a: Arceus|0 fnt\n|faint|p1a: Arceus\n|\n|upkeep\n|\n|t:|1700064373\n|switch|p1a: Arceus|Arceus-Fairy|100\/100\n|-damage|p1a: Arceus|88\/100|[from] Stealth Rock\n|turn|28\n|\n|t:|1700064381\n|-terastallize|p1a: Arceus|Steel\n|move|p2a: OKIE DOKIE|Gunk Shot|p1a: Arceus\n|-immune|p1a: Arceus\n|move|p1a: Arceus|Earth Power|p2a: OKIE DOKIE\n|-supereffective|p2a: OKIE DOKIE\n|-damage|p2a: OKIE DOKIE|0 fnt\n|faint|p2a: OKIE DOKIE\n|\n|upkeep\n|\n|t:|1700064389\n|switch|p2a: dragon zoomies|Koraidon|77\/100 brn\n|-weather|SunnyDay|[from] ability: Orichalcum Pulse|[of] p2a: dragon zoomies\n|-activate|p2a: dragon zoomies|Orichalcum Pulse|[source]\n|turn|29\n|inactive|Chonker Donk has 90 seconds left.\n|\n|t:|1700064407\n|move|p1a: Arceus|Judgment|p2a: dragon zoomies\n|-supereffective|p2a: dragon zoomies\n|-damage|p2a: dragon zoomies|0 fnt\n|faint|p2a: dragon zoomies\n|\n|-weather|SunnyDay|[upkeep]\n|upkeep\n|\n|t:|1700064417\n|switch|p2a: Urshifu-Rapid-Slap|Urshifu-Rapid-Strike, M|100\/100\n|turn|30\n|\n|t:|1700064421\n|move|p1a: Arceus|Judgment|p2a: Urshifu-Rapid-Slap\n|-supereffective|p2a: Urshifu-Rapid-Slap\n|-damage|p2a: Urshifu-Rapid-Slap|0 fnt\n|faint|p2a: Urshifu-Rapid-Slap\n|\n|-weather|SunnyDay|[upkeep]\n|upkeep\n|-message|Chonker Donk forfeited.\n|\n|win|xinnobu\n|raw|xinnobu's rating: 1663 &rarr; <strong>1680<\/strong><br \/>(+17 for winning)\n|raw|Chonker Donk's rating: 1604 &rarr; <strong>1587<\/strong><br \/>(-17 for losing)\n|l|\u2606Chonker Donk\n|l|\u2606xinnobu\n","uploadtime":1700064451,"views":4,"p1id":"xinnobu","p2id":"chonkerdonk","formatid":"gen9anythinggoes","rating":1587,"private":0,"password":""}