{"id":"gen9anythinggoes-1979914464","p1":"Brogan420","p2":"YaGurlRy","format":"[Gen 9] Anything Goes","log":"|j|\u2606Brogan420\n|j|\u2606YaGurlRy\n|t:|1698728619\n|gametype|singles\n|player|p1|Brogan420|steven|1160\n|player|p2|YaGurlRy|bellelba|1229\n|teamsize|p1|6\n|teamsize|p2|6\n|gen|9\n|tier|[Gen 9] Anything Goes\n|rated|\n|rule|HP Percentage Mod: HP is shown in percentages\n|rule|Endless Battle Clause: Forcing endless battles is banned\n|clearpoke\n|poke|p1|Ursaluna-Bloodmoon, M|\n|poke|p1|Garchomp, M|\n|poke|p1|Dialga|\n|poke|p1|Clodsire, M|\n|poke|p1|Kyogre|\n|poke|p1|Kingambit, M|\n|poke|p2|Espathra, F|\n|poke|p2|Baxcalibur, M|\n|poke|p2|Ursaluna-Bloodmoon, M|\n|poke|p2|Gyarados, M|\n|poke|p2|Meowscarada, F|\n|poke|p2|Volcarona, F|\n|teampreview\n|inactive|Battle timer is ON: inactive players will automatically lose when time's up. (requested by YaGurlRy)\n|\n|t:|1698728622\n|start\n|switch|p1a: Clodsire|Clodsire, M, shiny|100\/100\n|switch|p2a: Kisaragi|Espathra, F|100\/100\n|turn|1\n|\n|t:|1698728627\n|move|p1a: Clodsire|Protect|p1a: Clodsire\n|-singleturn|p1a: Clodsire|Protect\n|move|p2a: Kisaragi|Calm Mind|p2a: Kisaragi\n|-boost|p2a: Kisaragi|spa|1\n|-boost|p2a: Kisaragi|spd|1\n|\n|-ability|p2a: Kisaragi|Speed Boost|boost\n|-boost|p2a: Kisaragi|spe|1\n|-status|p2a: Kisaragi|brn|[from] item: Flame Orb\n|upkeep\n|turn|2\n|\n|t:|1698728638\n|move|p2a: Kisaragi|Calm Mind|p2a: Kisaragi\n|-boost|p2a: Kisaragi|spa|1\n|-boost|p2a: Kisaragi|spd|1\n|move|p1a: Clodsire|Toxic Spikes|p2a: Kisaragi\n|-sidestart|p2: YaGurlRy|move: Toxic Spikes\n|\n|-damage|p2a: Kisaragi|94\/100 brn|[from] brn\n|-ability|p2a: Kisaragi|Speed Boost|boost\n|-boost|p2a: Kisaragi|spe|1\n|upkeep\n|turn|3\n|\n|t:|1698728649\n|move|p1a: Clodsire|Protect|p1a: Clodsire\n|-singleturn|p1a: Clodsire|Protect\n|move|p2a: Kisaragi|Lumina Crash|p1a: Clodsire\n|-activate|p1a: Clodsire|move: Protect\n|\n|-damage|p2a: Kisaragi|88\/100 brn|[from] brn\n|-ability|p2a: Kisaragi|Speed Boost|boost\n|-boost|p2a: Kisaragi|spe|1\n|upkeep\n|turn|4\n|\n|t:|1698728657\n|move|p2a: Kisaragi|Lumina Crash|p1a: Clodsire\n|-supereffective|p1a: Clodsire\n|-damage|p1a: Clodsire|20\/100\n|-unboost|p1a: Clodsire|spd|2\n|move|p1a: Clodsire|Toxic||[still]\n|-fail|p1a: Clodsire\n|\n|-heal|p1a: Clodsire|27\/100|[from] item: Black Sludge\n|-damage|p2a: Kisaragi|82\/100 brn|[from] brn\n|-ability|p2a: Kisaragi|Speed Boost|boost\n|-boost|p2a: Kisaragi|spe|1\n|upkeep\n|turn|5\n|\n|t:|1698728678\n|move|p1a: Clodsire|Protect|p1a: Clodsire\n|-singleturn|p1a: Clodsire|Protect\n|move|p2a: Kisaragi|Lumina Crash|p1a: Clodsire\n|-activate|p1a: Clodsire|move: Protect\n|\n|-heal|p1a: Clodsire|33\/100|[from] item: Black Sludge\n|-damage|p2a: Kisaragi|76\/100 brn|[from] brn\n|-ability|p2a: Kisaragi|Speed Boost|boost\n|-boost|p2a: Kisaragi|spe|1\n|upkeep\n|turn|6\n|\n|t:|1698728687\n|move|p1a: Clodsire|Protect|p1a: Clodsire\n|-singleturn|p1a: Clodsire|Protect\n|move|p2a: Kisaragi|Calm Mind|p2a: Kisaragi\n|-boost|p2a: Kisaragi|spa|1\n|-boost|p2a: Kisaragi|spd|1\n|\n|-heal|p1a: Clodsire|39\/100|[from] item: Black Sludge\n|-damage|p2a: Kisaragi|70\/100 brn|[from] brn\n|-ability|p2a: Kisaragi|Speed Boost|boost\n|-boost|p2a: Kisaragi|spe|1\n|upkeep\n|turn|7\n|\n|t:|1698728698\n|move|p1a: Clodsire|Protect||[still]\n|-fail|p1a: Clodsire\n|move|p2a: Kisaragi|Calm Mind|p2a: Kisaragi\n|-boost|p2a: Kisaragi|spa|1\n|-boost|p2a: Kisaragi|spd|1\n|\n|-heal|p1a: Clodsire|45\/100|[from] item: Black Sludge\n|-damage|p2a: Kisaragi|64\/100 brn|[from] brn\n|upkeep\n|turn|8\n|\n|t:|1698728707\n|move|p1a: Clodsire|Protect|p1a: Clodsire\n|-singleturn|p1a: Clodsire|Protect\n|move|p2a: Kisaragi|Lumina Crash|p1a: Clodsire\n|-activate|p1a: Clodsire|move: Protect\n|\n|-heal|p1a: Clodsire|52\/100|[from] item: Black Sludge\n|-damage|p2a: Kisaragi|58\/100 brn|[from] brn\n|upkeep\n|turn|9\n|\n|t:|1698728715\n|move|p1a: Clodsire|Protect|p1a: Clodsire\n|-singleturn|p1a: Clodsire|Protect\n|move|p2a: Kisaragi|Lumina Crash|p1a: Clodsire\n|-activate|p1a: Clodsire|move: Protect\n|\n|-heal|p1a: Clodsire|58\/100|[from] item: Black Sludge\n|-damage|p2a: Kisaragi|52\/100 brn|[from] brn\n|upkeep\n|turn|10\n|\n|t:|1698728723\n|move|p1a: Clodsire|Protect|p1a: Clodsire\n|-singleturn|p1a: Clodsire|Protect\n|move|p2a: Kisaragi|Lumina Crash|p1a: Clodsire\n|-activate|p1a: Clodsire|move: Protect\n|\n|-heal|p1a: Clodsire|64\/100|[from] item: Black Sludge\n|-damage|p2a: Kisaragi|46\/100 brn|[from] brn\n|upkeep\n|turn|11\n|\n|t:|1698728733\n|move|p1a: Clodsire|Protect||[still]\n|-fail|p1a: Clodsire\n|move|p2a: Kisaragi|Lumina Crash|p1a: Clodsire\n|-supereffective|p1a: Clodsire\n|-damage|p1a: Clodsire|0 fnt\n|faint|p1a: Clodsire\n|\n|-damage|p2a: Kisaragi|40\/100 brn|[from] brn\n|upkeep\n|\n|t:|1698728743\n|switch|p1a: Kingambit|Kingambit, M, shiny|100\/100\n|-activate|p1a: Kingambit|ability: Supreme Overlord\n|-start|p1a: Kingambit|fallen1|[silent]\n|turn|12\n|\n|t:|1698728751\n|-terastallize|p2a: Kisaragi|Fairy\n|move|p2a: Kisaragi|Roost|p2a: Kisaragi\n|-heal|p2a: Kisaragi|90\/100 brn\n|move|p1a: Kingambit|Kowtow Cleave|p2a: Kisaragi\n|-resisted|p2a: Kisaragi\n|-damage|p2a: Kisaragi|44\/100 brn\n|\n|-damage|p2a: Kisaragi|38\/100 brn|[from] brn\n|upkeep\n|turn|13\n|\n|t:|1698728761\n|move|p2a: Kisaragi|Roost|p2a: Kisaragi\n|-heal|p2a: Kisaragi|88\/100 brn\n|move|p1a: Kingambit|Kowtow Cleave|p2a: Kisaragi\n|-resisted|p2a: Kisaragi\n|-damage|p2a: Kisaragi|44\/100 brn\n|\n|-damage|p2a: Kisaragi|38\/100 brn|[from] brn\n|upkeep\n|turn|14\n|\n|t:|1698728769\n|move|p2a: Kisaragi|Dazzling Gleam|p1a: Kingambit\n|-damage|p1a: Kingambit|0 fnt\n|faint|p1a: Kingambit\n|-end|p1a: Kingambit|fallen1|[silent]\n|\n|-damage|p2a: Kisaragi|32\/100 brn|[from] brn\n|upkeep\n|\n|t:|1698728776\n|switch|p1a: Dialga|Dialga, shiny|100\/100\n|-ability|p1a: Dialga|Pressure\n|turn|15\n|\n|t:|1698728781\n|move|p2a: Kisaragi|Roost|p2a: Kisaragi\n|-heal|p2a: Kisaragi|82\/100 brn\n|move|p1a: Dialga|Flash Cannon|p2a: Kisaragi\n|-supereffective|p2a: Kisaragi\n|-damage|p2a: Kisaragi|36\/100 brn\n|\n|-damage|p2a: Kisaragi|30\/100 brn|[from] brn\n|upkeep\n|turn|16\n|\n|t:|1698728791\n|move|p2a: Kisaragi|Lumina Crash|p1a: Dialga\n|-resisted|p1a: Dialga\n|-damage|p1a: Dialga|40\/100\n|-unboost|p1a: Dialga|spd|2\n|move|p1a: Dialga|Flash Cannon|p2a: Kisaragi\n|-supereffective|p2a: Kisaragi\n|-damage|p2a: Kisaragi|0 fnt\n|faint|p2a: Kisaragi\n|\n|-heal|p1a: Dialga|47\/100|[from] item: Leftovers\n|upkeep\n|\n|t:|1698728796\n|switch|p2a: Radiance|Volcarona, F|100\/100\n|turn|17\n|\n|t:|1698728807\n|move|p1a: Dialga|Roar of Time|p2a: Radiance\n|-damage|p2a: Radiance|5\/100\n|-mustrecharge|p1a: Dialga\n|move|p2a: Radiance|Quiver Dance|p2a: Radiance\n|-boost|p2a: Radiance|spa|1\n|-boost|p2a: Radiance|spd|1\n|-boost|p2a: Radiance|spe|1\n|\n|-heal|p1a: Dialga|53\/100|[from] item: Leftovers\n|upkeep\n|turn|18\n|\n|t:|1698728818\n|move|p2a: Radiance|Fiery Dance|p1a: Dialga\n|-damage|p1a: Dialga|0 fnt\n|-boost|p2a: Radiance|spa|1\n|faint|p1a: Dialga\n|\n|upkeep\n|\n|t:|1698728823\n|switch|p1a: Kyogre|Kyogre, shiny|100\/100\n|-weather|RainDance|[from] ability: Drizzle|[of] p1a: Kyogre\n|turn|19\n|\n|t:|1698728827\n|move|p2a: Radiance|Giga Drain|p1a: Kyogre\n|-supereffective|p1a: Kyogre\n|-damage|p1a: Kyogre|28\/100\n|-heal|p2a: Radiance|52\/100|[from] drain|[of] p1a: Kyogre\n|move|p1a: Kyogre|Origin Pulse|p2a: Radiance\n|-supereffective|p2a: Radiance\n|-damage|p2a: Radiance|0 fnt\n|faint|p2a: Radiance\n|\n|-weather|RainDance|[upkeep]\n|upkeep\n|\n|t:|1698728838\n|switch|p2a: Arashi|Gyarados, M, shiny|100\/100\n|turn|20\n|\n|t:|1698728841\n|move|p2a: Arashi|Dragon Dance|p2a: Arashi\n|-boost|p2a: Arashi|atk|1\n|-boost|p2a: Arashi|spe|1\n|move|p1a: Kyogre|Thunder Wave|p2a: Arashi\n|-status|p2a: Arashi|par\n|\n|-weather|RainDance|[upkeep]\n|upkeep\n|turn|21\n|\n|t:|1698728850\n|switch|p1a: Ursaluna|Ursaluna-Bloodmoon, M|100\/100\n|cant|p2a: Arashi|par\n|\n|-weather|RainDance|[upkeep]\n|upkeep\n|turn|22\n|\n|t:|1698728856\n|move|p2a: Arashi|Waterfall|p1a: Ursaluna\n|-supereffective|p1a: Ursaluna\n|-damage|p1a: Ursaluna|0 fnt\n|faint|p1a: Ursaluna\n|-ability|p2a: Arashi|Moxie|boost\n|-boost|p2a: Arashi|atk|1\n|\n|-weather|RainDance|[upkeep]\n|upkeep\n|\n|t:|1698728863\n|switch|p1a: Garchomp|Garchomp, M, shiny|100\/100\n|turn|23\n|\n|t:|1698728869\n|-terastallize|p1a: Garchomp|Steel\n|move|p1a: Garchomp|Iron Head|p2a: Arashi\n|-resisted|p2a: Arashi\n|-damage|p2a: Arashi|62\/100 par\n|-damage|p1a: Garchomp|91\/100|[from] item: Life Orb\n|cant|p2a: Arashi|flinch\n|\n|-weather|none\n|upkeep\n|turn|24\n|\n|t:|1698728879\n|move|p1a: Garchomp|Iron Head|p2a: Arashi\n|-resisted|p2a: Arashi\n|-damage|p2a: Arashi|24\/100 par\n|-damage|p1a: Garchomp|81\/100|[from] item: Life Orb\n|cant|p2a: Arashi|flinch\n|\n|upkeep\n|turn|25\n|\n|t:|1698728886\n|move|p1a: Garchomp|Iron Head|p2a: Arashi\n|-resisted|p2a: Arashi\n|-damage|p2a: Arashi|0 fnt\n|faint|p2a: Arashi\n|-damage|p1a: Garchomp|71\/100|[from] item: Life Orb\n|\n|upkeep\n|\n|t:|1698728892\n|switch|p2a: Gesshoku|Ursaluna-Bloodmoon, M|100\/100\n|-status|p2a: Gesshoku|psn\n|turn|26\n|\n|t:|1698728900\n|move|p1a: Garchomp|Iron Head|p2a: Gesshoku\n|-damage|p2a: Gesshoku|63\/100 psn\n|-damage|p1a: Garchomp|61\/100|[from] item: Life Orb\n|move|p2a: Gesshoku|Calm Mind|p2a: Gesshoku\n|-boost|p2a: Gesshoku|spa|1\n|-boost|p2a: Gesshoku|spd|1\n|\n|-heal|p2a: Gesshoku|69\/100 psn|[from] item: Leftovers\n|-damage|p2a: Gesshoku|57\/100 psn|[from] psn\n|upkeep\n|turn|27\n|\n|t:|1698728911\n|move|p1a: Garchomp|Iron Head|p2a: Gesshoku\n|-damage|p2a: Gesshoku|15\/100 psn\n|-damage|p1a: Garchomp|51\/100|[from] item: Life Orb\n|move|p2a: Gesshoku|Earth Power|p1a: Garchomp\n|-supereffective|p1a: Garchomp\n|-damage|p1a: Garchomp|0 fnt\n|faint|p1a: Garchomp\n|\n|-heal|p2a: Gesshoku|21\/100 psn|[from] item: Leftovers\n|-damage|p2a: Gesshoku|9\/100 psn|[from] psn\n|upkeep\n|\n|t:|1698728920\n|switch|p1a: Kyogre|Kyogre, shiny|28\/100\n|-weather|RainDance|[from] ability: Drizzle|[of] p1a: Kyogre\n|turn|28\n|\n|t:|1698728926\n|move|p2a: Gesshoku|Vacuum Wave|p1a: Kyogre\n|-damage|p1a: Kyogre|14\/100\n|move|p1a: Kyogre|Origin Pulse|p2a: Gesshoku\n|-supereffective|p2a: Gesshoku\n|-damage|p2a: Gesshoku|0 fnt\n|faint|p2a: Gesshoku\n|\n|-weather|RainDance|[upkeep]\n|upkeep\n|\n|t:|1698728935\n|switch|p2a: Navarre|Meowscarada, F|100\/100\n|-status|p2a: Navarre|psn\n|turn|29\n|\n|t:|1698728940\n|move|p2a: Navarre|Flower Trick|p1a: Kyogre\n|-start|p2a: Navarre|typechange|Grass|[from] ability: Protean\n|-supereffective|p1a: Kyogre\n|-crit|p1a: Kyogre\n|-damage|p1a: Kyogre|0 fnt\n|faint|p1a: Kyogre\n|\n|win|YaGurlRy\n|raw|Brogan420's rating: 1160 &rarr; <strong>1140<\/strong><br \/>(-20 for losing)\n|raw|YaGurlRy's rating: 1229 &rarr; <strong>1249<\/strong><br \/>(+20 for winning)\n|c|\u2606Brogan420|GG\n","uploadtime":1698728951,"views":6,"p1id":"brogan420","p2id":"yagurlry","formatid":"gen9anythinggoes","rating":1140,"private":0,"password":""}