{"id":"gen9anythinggoes-1972187714","p1":"YoungEsq","p2":"cgthanatos","format":"[Gen 9] Anything Goes","log":"|j|\u2606YoungEsq\n|j|\u2606cgthanatos\n|t:|1697819917\n|gametype|singles\n|player|p1|YoungEsq|2|1302\n|player|p2|cgthanatos|1|1428\n|teamsize|p1|6\n|teamsize|p2|6\n|gen|9\n|tier|[Gen 9] Anything Goes\n|rated|\n|rule|HP Percentage Mod: HP is shown in percentages\n|rule|Endless Battle Clause: Forcing endless battles is banned\n|clearpoke\n|poke|p1|Ting-Lu|\n|poke|p1|Gholdengo|\n|poke|p1|Roaring Moon|\n|poke|p1|Chi-Yu|\n|poke|p1|Samurott-Hisui, F|\n|poke|p1|Mandibuzz, F|\n|poke|p2|Arceus-Ground|\n|poke|p2|Zacian-*|\n|poke|p2|Ogerpon-Hearthflame, F|\n|poke|p2|Eternatus|\n|poke|p2|Quaquaval, F|\n|poke|p2|Calyrex-Shadow|\n|teampreview\n|inactive|Battle timer is ON: inactive players will automatically lose when time's up. (requested by YoungEsq)\n|\n|t:|1697819939\n|start\n|switch|p1a: Ting-Lu|Ting-Lu|100\/100\n|switch|p2a: Quaquaval|Quaquaval, F|100\/100\n|-ability|p1a: Ting-Lu|Vessel of Ruin\n|turn|1\n|\n|t:|1697819949\n|move|p2a: Quaquaval|Aqua Step|p1a: Ting-Lu\n|-supereffective|p1a: Ting-Lu\n|-damage|p1a: Ting-Lu|33\/100\n|-boost|p2a: Quaquaval|spe|1\n|-damage|p2a: Quaquaval|91\/100|[from] item: Life Orb\n|move|p1a: Ting-Lu|Whirlwind|p2a: Quaquaval\n|drag|p2a: Zacian|Zacian-Crowned|100\/100\n|-ability|p2a: Zacian|Intrepid Sword|boost\n|-boost|p2a: Zacian|atk|1\n|\n|-heal|p1a: Ting-Lu|39\/100|[from] item: Leftovers\n|upkeep\n|turn|2\n|\n|t:|1697819961\n|move|p2a: Zacian|Trailblaze|p1a: Ting-Lu\n|-supereffective|p1a: Ting-Lu\n|-damage|p1a: Ting-Lu|8\/100\n|-boost|p2a: Zacian|spe|1\n|move|p1a: Ting-Lu|Earthquake|p2a: Zacian\n|-supereffective|p2a: Zacian\n|-damage|p2a: Zacian|37\/100\n|\n|-heal|p1a: Ting-Lu|14\/100|[from] item: Leftovers\n|upkeep\n|turn|3\n|\n|t:|1697819970\n|move|p2a: Zacian|Trailblaze|p1a: Ting-Lu\n|-supereffective|p1a: Ting-Lu\n|-damage|p1a: Ting-Lu|0 fnt\n|-boost|p2a: Zacian|spe|1\n|faint|p1a: Ting-Lu\n|\n|upkeep\n|\n|t:|1697819978\n|switch|p1a: Samurott|Samurott-Hisui, F|100\/100\n|turn|4\n|\n|t:|1697819984\n|-terastallize|p1a: Samurott|Dark\n|move|p2a: Zacian|Behemoth Blade|p1a: Samurott\n|-damage|p1a: Samurott|6\/100\n|move|p1a: Samurott|Razor Shell|p2a: Zacian\n|-damage|p2a: Zacian|0 fnt\n|faint|p2a: Zacian\n|\n|upkeep\n|\n|t:|1697819996\n|switch|p2a: Quaquaval|Quaquaval, F|91\/100\n|turn|5\n|\n|t:|1697820000\n|switch|p1a: Mandibuzz|Mandibuzz, F|100\/100\n|move|p2a: Quaquaval|Aqua Step|p1a: Mandibuzz\n|-damage|p1a: Mandibuzz|57\/100\n|-boost|p2a: Quaquaval|spe|1\n|-damage|p2a: Quaquaval|81\/100|[from] item: Life Orb\n|\n|upkeep\n|turn|6\n|\n|t:|1697820009\n|move|p2a: Quaquaval|Taunt|p1a: Mandibuzz\n|-start|p1a: Mandibuzz|move: Taunt\n|cant|p1a: Mandibuzz|move: Taunt|Toxic\n|\n|upkeep\n|turn|7\n|\n|t:|1697820017\n|-terastallize|p2a: Quaquaval|Water\n|move|p2a: Quaquaval|Aqua Step|p1a: Mandibuzz\n|-damage|p1a: Mandibuzz|4\/100\n|-boost|p2a: Quaquaval|spe|1\n|-damage|p2a: Quaquaval|71\/100|[from] item: Life Orb\n|move|p1a: Mandibuzz|Foul Play|p2a: Quaquaval\n|-damage|p2a: Quaquaval|7\/100\n|\n|upkeep\n|turn|8\n|\n|t:|1697820028\n|move|p2a: Quaquaval|Aqua Step|p1a: Mandibuzz\n|-damage|p1a: Mandibuzz|0 fnt\n|-boost|p2a: Quaquaval|spe|1\n|faint|p1a: Mandibuzz\n|-ability|p2a: Quaquaval|Moxie|boost\n|-boost|p2a: Quaquaval|atk|1\n|-damage|p2a: Quaquaval|0 fnt|[from] item: Life Orb\n|faint|p2a: Quaquaval\n|\n|upkeep\n|\n|t:|1697820042\n|switch|p2a: Eternatus|Eternatus|100\/100\n|switch|p1a: Chi-Yu|Chi-Yu|100\/100\n|-ability|p1a: Chi-Yu|Beads of Ruin\n|-ability|p2a: Eternatus|Pressure\n|turn|9\n|\n|t:|1697820050\n|move|p1a: Chi-Yu|Psychic|p2a: Eternatus\n|-supereffective|p2a: Eternatus\n|-damage|p2a: Eternatus|39\/100\n|move|p2a: Eternatus|Dynamax Cannon|p1a: Chi-Yu\n|-damage|p1a: Chi-Yu|34\/100\n|\n|-heal|p2a: Eternatus|45\/100|[from] item: Leftovers\n|upkeep\n|turn|10\n|\n|t:|1697820058\n|move|p1a: Chi-Yu|Psychic|p2a: Eternatus\n|-supereffective|p2a: Eternatus\n|-damage|p2a: Eternatus|0 fnt\n|faint|p2a: Eternatus\n|\n|upkeep\n|\n|t:|1697820066\n|switch|p2a: Arceus|Arceus-Ground|100\/100\n|turn|11\n|\n|t:|1697820072\n|switch|p1a: Samurott|Samurott-Hisui, F, tera:Dark|6\/100\n|move|p2a: Arceus|Judgment|p1a: Samurott\n|-damage|p1a: Samurott|0 fnt\n|faint|p1a: Samurott\n|\n|upkeep\n|\n|t:|1697820077\n|switch|p1a: Gholdengo|Gholdengo|100\/100\n|-item|p1a: Gholdengo|Air Balloon\n|turn|12\n|\n|t:|1697820081\n|move|p2a: Arceus|Fire Blast|p1a: Gholdengo\n|-supereffective|p1a: Gholdengo\n|-damage|p1a: Gholdengo|15\/100\n|-enditem|p1a: Gholdengo|Air Balloon\n|move|p1a: Gholdengo|Nasty Plot|p1a: Gholdengo\n|-boost|p1a: Gholdengo|spa|2\n|\n|upkeep\n|turn|13\n|\n|t:|1697820089\n|move|p2a: Arceus|Judgment|p1a: Gholdengo\n|-supereffective|p1a: Gholdengo\n|-damage|p1a: Gholdengo|0 fnt\n|faint|p1a: Gholdengo\n|\n|upkeep\n|\n|t:|1697820097\n|switch|p1a: Roaring Moon|Roaring Moon|100\/100\n|-enditem|p1a: Roaring Moon|Booster Energy\n|-activate|p1a: Roaring Moon|ability: Protosynthesis|[fromitem]\n|-start|p1a: Roaring Moon|protosynthesisatk\n|turn|14\n|\n|t:|1697820103\n|move|p1a: Roaring Moon|Dragon Dance|p1a: Roaring Moon\n|-boost|p1a: Roaring Moon|atk|1\n|-boost|p1a: Roaring Moon|spe|1\n|move|p2a: Arceus|Judgment|p1a: Roaring Moon\n|-damage|p1a: Roaring Moon|43\/100\n|\n|upkeep\n|turn|15\n|\n|t:|1697820110\n|move|p1a: Roaring Moon|Dragon Claw|p2a: Arceus\n|-damage|p2a: Arceus|30\/100\n|move|p2a: Arceus|Judgment|p1a: Roaring Moon\n|-damage|p1a: Roaring Moon|0 fnt\n|faint|p1a: Roaring Moon\n|-end|p1a: Roaring Moon|Protosynthesis|[silent]\n|\n|upkeep\n|c|\u2606cgthanatos|gg\n|\n|t:|1697820119\n|switch|p1a: Chi-Yu|Chi-Yu|34\/100\n|-ability|p1a: Chi-Yu|Beads of Ruin\n|turn|16\n|\n|t:|1697820123\n|move|p1a: Chi-Yu|Dark Pulse|p2a: Arceus\n|-damage|p2a: Arceus|0 fnt\n|faint|p2a: Arceus\n|\n|upkeep\n|\n|t:|1697820126\n|switch|p2a: Ogerpon|Ogerpon-Hearthflame, F|100\/100\n|-ability|p2a: Ogerpon|Mold Breaker\n|turn|17\n|\n|t:|1697820133\n|move|p1a: Chi-Yu|Dark Pulse|p2a: Ogerpon\n|-damage|p2a: Ogerpon|36\/100\n|cant|p2a: Ogerpon|flinch\n|\n|upkeep\n|turn|18\n|\n|t:|1697820138\n|move|p1a: Chi-Yu|Dark Pulse|p2a: Ogerpon\n|-damage|p2a: Ogerpon|0 fnt\n|faint|p2a: Ogerpon\n|\n|upkeep\n|\n|t:|1697820142\n|switch|p2a: Calyrex|Calyrex-Shadow|100\/100\n|-ability|p2a: Calyrex|As One\n|-ability|p2a: Calyrex|Unnerve\n|turn|19\n|\n|t:|1697820147\n|move|p1a: Chi-Yu|Dark Pulse|p2a: Calyrex\n|-supereffective|p2a: Calyrex\n|-enditem|p2a: Calyrex|Focus Sash\n|-damage|p2a: Calyrex|1\/100\n|cant|p2a: Calyrex|flinch\n|\n|upkeep\n|turn|20\n|\n|t:|1697820155\n|move|p1a: Chi-Yu|Dark Pulse|p2a: Calyrex\n|-supereffective|p2a: Calyrex\n|-damage|p2a: Calyrex|0 fnt\n|faint|p2a: Calyrex\n|\n|win|YoungEsq\n|raw|YoungEsq's rating: 1302 &rarr; <strong>1329<\/strong><br \/>(+27 for winning)\n|raw|cgthanatos's rating: 1428 &rarr; <strong>1401<\/strong><br \/>(-27 for losing)\n","uploadtime":1697820158,"views":4,"p1id":"youngesq","p2id":"cgthanatos","formatid":"gen9anythinggoes","rating":1329,"private":0,"password":""}