{"id":"gen9anythinggoes-1994478898","p1":"Himothy Dingle","p2":"Rhihanto","format":"[Gen 9] Anything Goes","log":"|j|\u2606Himothy Dingle\n|j|\u2606Rhihanto\n|t:|1700448650\n|gametype|singles\n|player|p1|Himothy Dingle|169|1063\n|player|p2|Rhihanto|benga|1019\n|teamsize|p1|6\n|teamsize|p2|6\n|gen|9\n|tier|[Gen 9] Anything Goes\n|rated|\n|rule|HP Percentage Mod: HP is shown in percentages\n|rule|Endless Battle Clause: Forcing endless battles is banned\n|clearpoke\n|poke|p1|Infernape, F|\n|poke|p1|Kingambit, M|\n|poke|p1|Garchomp, M|\n|poke|p1|Noivern, M|\n|poke|p1|Magearna-Original|\n|poke|p1|Toxtricity-Low-Key, M|\n|poke|p2|Palkia-Origin|\n|poke|p2|Breloom, F|\n|poke|p2|Volcarona, M|\n|poke|p2|Eelektross, M|\n|poke|p2|Zoroark, M|\n|poke|p2|Ninetales-Alola, F|\n|teampreview\n|c|\u2606Rhihanto|Wsp dude no way\n|\n|t:|1700448682\n|start\n|switch|p1a: Magearna|Magearna-Original|100\/100\n|switch|p2a: Broccoli|Breloom, F|100\/100\n|turn|1\n|c|\u2606Himothy Dingle|yo\n|c|\u2606Rhihanto|How did this happen lol\n|\n|t:|1700448716\n|switch|p2a: Biggy bug|Volcarona, M|100\/100\n|move|p1a: Magearna|Play Rough|p2a: Biggy bug\n|-resisted|p2a: Biggy bug\n|-damage|p2a: Biggy bug|82\/100\n|\n|upkeep\n|turn|2\n|c|\u2606Himothy Dingle|no clue lol\n|\n|t:|1700448742\n|switch|p1a: Noivern|Noivern, M|100\/100\n|move|p2a: Biggy bug|Flamethrower|p1a: Noivern\n|-resisted|p1a: Noivern\n|-damage|p1a: Noivern|67\/100\n|\n|upkeep\n|turn|3\n|\n|t:|1700448756\n|switch|p2a: Elco|Eelektross, M|100\/100\n|move|p1a: Noivern|Dual Wingbeat|p2a: Elco|[miss]\n|-miss|p1a: Noivern|p2a: Elco\n|\n|upkeep\n|turn|4\n|\n|t:|1700448777\n|switch|p1a: Garchomp|Garchomp, M|100\/100\n|move|p2a: Elco|Lash Out|p1a: Garchomp\n|-damage|p1a: Garchomp|75\/100\n|\n|upkeep\n|turn|5\n|\n|t:|1700448792\n|switch|p2a: Elco|Eelektross, M|100\/100\n|move|p1a: Garchomp|Flamethrower|p2a: Elco\n|-damage|p2a: Elco|74\/100\n|-damage|p1a: Garchomp|65\/100|[from] item: Life Orb\n|\n|upkeep\n|turn|6\n|c|\u2606Rhihanto|I saw your team an i thought no way then saw your name\n|\n|t:|1700448817\n|switch|p1a: Infernape|Infernape, F|100\/100\n|move|p2a: Elco|Liquidation|p1a: Infernape\n|-supereffective|p1a: Infernape\n|-damage|p1a: Infernape|42\/100\n|\n|upkeep\n|turn|7\n|\n|t:|1700448829\n|move|p1a: Infernape|Close Combat|p2a: Elco\n|-damage|p2a: Elco|14\/100\n|-unboost|p1a: Infernape|def|1\n|-unboost|p1a: Infernape|spd|1\n|move|p2a: Elco|Liquidation|p1a: Infernape\n|-supereffective|p1a: Infernape\n|-damage|p1a: Infernape|0 fnt\n|faint|p1a: Infernape\n|\n|upkeep\n|\n|t:|1700448839\n|switch|p1a: Noivern|Noivern, M|67\/100\n|turn|8\n|\n|t:|1700448843\n|move|p1a: Noivern|Boomburst|p2a: Elco\n|-damage|p2a: Elco|0 fnt\n|faint|p2a: Elco\n|\n|upkeep\n|\n|t:|1700448850\n|switch|p2a: Reset|Palkia-Origin|100\/100\n|-ability|p2a: Reset|Pressure\n|turn|9\n|\n|t:|1700448857\n|move|p1a: Noivern|Dragon Pulse|p2a: Reset\n|-supereffective|p2a: Reset\n|-damage|p2a: Reset|42\/100\n|move|p2a: Reset|Spacial Rend|p1a: Noivern|[miss]\n|-miss|p2a: Reset|p1a: Noivern\n|\n|upkeep\n|turn|10\n|\n|t:|1700448865\n|-terastallize|p2a: Reset|Ghost\n|move|p1a: Noivern|Dragon Pulse|p2a: Reset\n|-damage|p2a: Reset|13\/100\n|move|p2a: Reset|Scale Shot|p1a: Noivern\n|-supereffective|p1a: Noivern\n|-damage|p1a: Noivern|34\/100\n|-supereffective|p1a: Noivern\n|-damage|p1a: Noivern|1\/100\n|-enditem|p1a: Noivern|Figy Berry|[eat]\n|-heal|p1a: Noivern|34\/100|[from] item: Figy Berry\n|-start|p1a: Noivern|confusion\n|-supereffective|p1a: Noivern\n|-damage|p1a: Noivern|0 fnt\n|faint|p1a: Noivern\n|-hitcount|p1: Noivern|3\n|-unboost|p2a: Reset|def|1\n|-boost|p2a: Reset|spe|1\n|\n|upkeep\n|\n|t:|1700448894\n|switch|p1a: Magearna|Magearna-Original|100\/100\n|turn|11\n|\n|t:|1700448936\n|move|p2a: Reset|Spacial Rend|p1a: Magearna\n|-immune|p1a: Magearna\n|move|p1a: Magearna|Play Rough|p2a: Reset\n|-damage|p2a: Reset|0 fnt\n|faint|p2a: Reset\n|-ability|p1a: Magearna|Soul-Heart|boost\n|-boost|p1a: Magearna|spa|1\n|\n|upkeep\n|\n|t:|1700448946\n|switch|p2a: Biggy bug|Volcarona, M|82\/100\n|turn|12\n|\n|t:|1700448957\n|switch|p1a: Garchomp|Garchomp, M|65\/100\n|move|p2a: Biggy bug|Flamethrower|p1a: Garchomp\n|-resisted|p1a: Garchomp\n|-damage|p1a: Garchomp|41\/100\n|\n|upkeep\n|turn|13\n|\n|t:|1700448966\n|move|p1a: Garchomp|Liquidation|p2a: Biggy bug\n|-supereffective|p2a: Biggy bug\n|-damage|p2a: Biggy bug|1\/100\n|-unboost|p2a: Biggy bug|def|1\n|-status|p1a: Garchomp|brn|[from] ability: Flame Body|[of] p2a: Biggy bug\n|-damage|p1a: Garchomp|31\/100 brn|[from] item: Life Orb\n|move|p2a: Biggy bug|Bug Buzz|p1a: Garchomp\n|-damage|p1a: Garchomp|0 fnt\n|faint|p1a: Garchomp\n|\n|upkeep\n|\n|t:|1700448985\n|switch|p1a: Toxtricity|Toxtricity-Low-Key, M|100\/100\n|turn|14\n|\n|t:|1700449028\n|move|p2a: Biggy bug|Bug Buzz|p1a: Toxtricity\n|-resisted|p1a: Toxtricity\n|-damage|p1a: Toxtricity|87\/100\n|move|p1a: Toxtricity|Trailblaze|p2a: Biggy bug\n|-resisted|p2a: Biggy bug\n|-damage|p2a: Biggy bug|0 fnt\n|-boost|p1a: Toxtricity|spe|1\n|faint|p2a: Biggy bug\n|\n|upkeep\n|\n|t:|1700449040\n|switch|p2a: Ninetales|Ninetales-Alola, F|100\/100\n|turn|15\n|\n|t:|1700449051\n|move|p1a: Toxtricity|Sludge Bomb|p2a: Ninetales\n|-damage|p2a: Ninetales|37\/100\n|replace|p2a: Zorogotlost|Zoroark, M\n|-end|p2a: Zorogotlost|Illusion\n|move|p2a: Zorogotlost|Extrasensory|p1a: Toxtricity\n|-supereffective|p1a: Toxtricity\n|-damage|p1a: Toxtricity|28\/100\n|\n|upkeep\n|turn|16\n|\n|t:|1700449063\n|move|p1a: Toxtricity|Thunderbolt|p2a: Zorogotlost\n|-damage|p2a: Zorogotlost|0 fnt\n|faint|p2a: Zorogotlost\n|\n|upkeep\n|\n|t:|1700449077\n|switch|p2a: Ninetales|Ninetales-Alola, F|100\/100\n|turn|17\n|\n|t:|1700449082\n|move|p1a: Toxtricity|Sludge Bomb|p2a: Ninetales\n|-supereffective|p2a: Ninetales\n|-damage|p2a: Ninetales|0 fnt\n|faint|p2a: Ninetales\n|\n|upkeep\n|\n|t:|1700449087\n|switch|p2a: Broccoli|Breloom, F|100\/100\n|turn|18\n|\n|t:|1700449092\n|move|p1a: Toxtricity|Sludge Bomb|p2a: Broccoli\n|-supereffective|p2a: Broccoli\n|-damage|p2a: Broccoli|0 fnt\n|faint|p2a: Broccoli\n|\n|win|Himothy Dingle\n|raw|Himothy Dingle's rating: 1063 &rarr; <strong>1090<\/strong><br \/>(+27 for winning)\n|raw|Rhihanto's rating: 1019 &rarr; <strong>1008<\/strong><br \/>(-11 for losing)\n|c|\u2606Rhihanto|GG\n|c|\u2606Himothy Dingle|gg\n|l|\u2606Himothy Dingle\n|c|\u2606Rhihanto|you tryna go again\n","uploadtime":1700449128,"views":2,"p1id":"himothydingle","p2id":"rhihanto","formatid":"gen9anythinggoes","rating":1008,"private":0,"password":""}