{"id":"gen9anythinggoes-1983427042","p1":"Bluufax","p2":"palboscfv","format":"[Gen 9] Anything Goes","log":"|j|\u2606Bluufax\n|j|\u2606palboscfv\n|t:|1699128979\n|gametype|singles\n|player|p1|Bluufax|101|1179\n|player|p2|palboscfv|1|1167\n|teamsize|p1|6\n|teamsize|p2|6\n|gen|9\n|tier|[Gen 9] Anything Goes\n|rated|\n|rule|HP Percentage Mod: HP is shown in percentages\n|rule|Endless Battle Clause: Forcing endless battles is banned\n|clearpoke\n|poke|p1|Maushold|\n|poke|p1|Empoleon, F|\n|poke|p1|Slowbro-Galar, M|\n|poke|p1|Sableye, M|\n|poke|p1|Breloom, M|\n|poke|p1|Ursaluna, M|\n|poke|p2|Gyarados, M|\n|poke|p2|Slaking, M|\n|poke|p2|Cinderace, M|\n|poke|p2|Ursaluna, M|\n|poke|p2|Grimmsnarl, M|\n|poke|p2|Gardevoir, F|\n|teampreview\n|\n|t:|1699128984\n|start\n|switch|p1a: Sableye|Sableye, M|100\/100\n|switch|p2a: Gyarados|Gyarados, M|100\/100\n|-ability|p2a: Gyarados|Intimidate|boost\n|-unboost|p1a: Sableye|atk|1\n|turn|1\n|\n|t:|1699128993\n|move|p1a: Sableye|Fake Out|p2a: Gyarados\n|-damage|p2a: Gyarados|96\/100\n|cant|p2a: Gyarados|flinch\n|\n|upkeep\n|turn|2\n|\n|t:|1699129002\n|move|p1a: Sableye|Taunt|p2a: Gyarados\n|-start|p2a: Gyarados|move: Taunt\n|cant|p2a: Gyarados|move: Taunt|Dragon Dance\n|\n|upkeep\n|turn|3\n|\n|t:|1699129009\n|move|p1a: Sableye|Reflect|p1a: Sableye\n|-sidestart|p1: Bluufax|Reflect\n|move|p2a: Gyarados|Crunch|p1a: Sableye\n|-damage|p1a: Sableye|81\/100\n|\n|upkeep\n|turn|4\n|\n|t:|1699129016\n|move|p1a: Sableye|Light Screen|p1a: Sableye\n|-sidestart|p1: Bluufax|move: Light Screen\n|move|p2a: Gyarados|Waterfall|p1a: Sableye\n|-damage|p1a: Sableye|49\/100\n|\n|-end|p2a: Gyarados|move: Taunt\n|upkeep\n|turn|5\n|\n|t:|1699129025\n|move|p1a: Sableye|Taunt|p2a: Gyarados\n|-start|p2a: Gyarados|move: Taunt\n|move|p2a: Gyarados|Waterfall|p1a: Sableye\n|-damage|p1a: Sableye|19\/100\n|\n|upkeep\n|turn|6\n|\n|t:|1699129033\n|switch|p1a: Maushold|Maushold|100\/100\n|move|p2a: Gyarados|Waterfall|p1a: Maushold\n|-damage|p1a: Maushold|66\/100\n|\n|upkeep\n|turn|7\n|\n|t:|1699129042\n|move|p1a: Maushold|Tidy Up|p1a: Maushold\n|-boost|p1a: Maushold|atk|1\n|-boost|p1a: Maushold|spe|1\n|move|p2a: Gyarados|Waterfall|p1a: Maushold\n|-damage|p1a: Maushold|35\/100\n|\n|-end|p2a: Gyarados|move: Taunt\n|upkeep\n|turn|8\n|\n|t:|1699129055\n|move|p1a: Maushold|Beat Up|p2a: Gyarados\n|-damage|p2a: Gyarados|90\/100\n|-damage|p2a: Gyarados|85\/100\n|-damage|p2a: Gyarados|78\/100\n|-damage|p2a: Gyarados|72\/100\n|-damage|p2a: Gyarados|64\/100\n|-damage|p2a: Gyarados|55\/100\n|-hitcount|p2a: Gyarados|6\n|cant|p2a: Gyarados|flinch\n|\n|upkeep\n|turn|9\n|\n|t:|1699129068\n|move|p1a: Maushold|Beat Up|p2a: Gyarados\n|-damage|p2a: Gyarados|49\/100\n|-enditem|p2a: Gyarados|Sitrus Berry|[eat]\n|-heal|p2a: Gyarados|74\/100|[from] item: Sitrus Berry\n|-damage|p2a: Gyarados|69\/100\n|-damage|p2a: Gyarados|63\/100\n|-damage|p2a: Gyarados|57\/100\n|-damage|p2a: Gyarados|49\/100\n|-damage|p2a: Gyarados|40\/100\n|-hitcount|p2a: Gyarados|6\n|move|p2a: Gyarados|Waterfall|p1a: Maushold\n|-damage|p1a: Maushold|5\/100\n|\n|upkeep\n|turn|10\n|\n|t:|1699129083\n|move|p1a: Maushold|Beat Up|p2a: Gyarados\n|-damage|p2a: Gyarados|35\/100\n|-damage|p2a: Gyarados|30\/100\n|-damage|p2a: Gyarados|23\/100\n|-damage|p2a: Gyarados|18\/100\n|-damage|p2a: Gyarados|10\/100\n|-damage|p2a: Gyarados|2\/100\n|-hitcount|p2a: Gyarados|6\n|move|p2a: Gyarados|Waterfall|p1a: Maushold\n|-damage|p1a: Maushold|0 fnt\n|faint|p1a: Maushold\n|\n|-sideend|p1: Bluufax|Reflect\n|upkeep\n|\n|t:|1699129093\n|switch|p1a: Sableye|Sableye, M|19\/100\n|turn|11\n|\n|t:|1699129101\n|move|p1a: Sableye|Fake Out|p2a: Gyarados\n|-damage|p2a: Gyarados|0 fnt\n|faint|p2a: Gyarados\n|\n|-sideend|p1: Bluufax|move: Light Screen\n|upkeep\n|\n|t:|1699129111\n|switch|p2a: Cinderace|Cinderace, M|100\/100\n|turn|12\n|\n|t:|1699129116\n|move|p1a: Sableye|Reflect|p1a: Sableye\n|-sidestart|p1: Bluufax|Reflect\n|move|p2a: Cinderace|Iron Head|p1a: Sableye\n|-start|p2a: Cinderace|typechange|Steel|[from] ability: Libero\n|-damage|p1a: Sableye|0 fnt\n|faint|p1a: Sableye\n|\n|upkeep\n|\n|t:|1699129122\n|switch|p1a: Slowbro|Slowbro-Galar, M|100\/100\n|turn|13\n|-activate|p1a: Slowbro|item: Quick Claw\n|\n|t:|1699129128\n|move|p1a: Slowbro|Belly Drum|p1a: Slowbro\n|-damage|p1a: Slowbro|51\/100\n|-setboost|p1a: Slowbro|atk|6|[from] move: Belly Drum\n|move|p2a: Cinderace|U-turn|p1a: Slowbro\n|-damage|p1a: Slowbro|40\/100\n|\n|t:|1699129140\n|switch|p2a: Grimmsnarl|Grimmsnarl, M|100\/100|[from] U-turn\n|\n|upkeep\n|turn|14\n|-activate|p1a: Slowbro|ability: Quick Draw\n|\n|t:|1699129146\n|move|p2a: Grimmsnarl|Fake Out|p1a: Slowbro\n|-damage|p1a: Slowbro|35\/100\n|cant|p1a: Slowbro|flinch\n|\n|upkeep\n|turn|15\n|-activate|p1a: Slowbro|item: Quick Claw\n|\n|t:|1699129155\n|move|p1a: Slowbro|Poison Jab|p2a: Grimmsnarl\n|-supereffective|p2a: Grimmsnarl\n|-damage|p2a: Grimmsnarl|0 fnt\n|faint|p2a: Grimmsnarl\n|\n|upkeep\n|\n|t:|1699129165\n|switch|p2a: Cinderace|Cinderace, M|100\/100\n|turn|16\n|-activate|p1a: Slowbro|ability: Quick Draw\n|\n|t:|1699129175\n|switch|p2a: Slaking|Slaking, M|100\/100\n|move|p1a: Slowbro|Drain Punch|p2a: Slaking\n|-supereffective|p2a: Slaking\n|-damage|p2a: Slaking|0 fnt\n|-heal|p1a: Slowbro|93\/100|[from] drain|[of] p2a: Slaking\n|faint|p2a: Slaking\n|\n|upkeep\n|\n|t:|1699129187\n|switch|p2a: Cinderace|Cinderace, M|100\/100\n|turn|17\n|-activate|p1a: Slowbro|item: Quick Claw\n|\n|t:|1699129196\n|move|p1a: Slowbro|Drain Punch|p2a: Cinderace\n|-damage|p2a: Cinderace|0 fnt\n|-heal|p1a: Slowbro|100\/100|[from] drain|[of] p2a: Cinderace\n|faint|p2a: Cinderace\n|\n|upkeep\n|\n|t:|1699129204\n|switch|p2a: Ursaluna|Ursaluna, M|100\/100\n|turn|18\n|-activate|p1a: Slowbro|ability: Quick Draw\n|\n|t:|1699129213\n|move|p1a: Slowbro|Drain Punch|p2a: Ursaluna\n|-supereffective|p2a: Ursaluna\n|-damage|p2a: Ursaluna|0 fnt\n|faint|p2a: Ursaluna\n|\n|upkeep\n|\n|t:|1699129221\n|switch|p2a: Gardevoir|Gardevoir, F, shiny|100\/100\n|turn|19\n|-activate|p1a: Slowbro|ability: Quick Draw\n|\n|t:|1699129226\n|move|p1a: Slowbro|Poison Jab|p2a: Gardevoir\n|-supereffective|p2a: Gardevoir\n|-damage|p2a: Gardevoir|0 fnt\n|faint|p2a: Gardevoir\n|\n|win|Bluufax\n|raw|Bluufax's rating: 1179 &rarr; <strong>1203<\/strong><br \/>(+24 for winning)\n|raw|palboscfv's rating: 1167 &rarr; <strong>1143<\/strong><br \/>(-24 for losing)\n|l|\u2606palboscfv\n","uploadtime":1699129251,"views":5,"p1id":"bluufax","p2id":"palboscfv","formatid":"gen9anythinggoes","rating":1143,"private":0,"password":""}