{"id":"gen9anythinggoes-1987093349","p1":"Hamonic Dog","p2":"hoenn militian","format":"[Gen 9] Anything Goes","log":"|j|\u2606Hamonic Dog\n|j|\u2606hoenn militian\n|t:|1699555496\n|gametype|singles\n|player|p1|Hamonic Dog|101|1572\n|player|p2|hoenn militian|266|1810\n|teamsize|p1|6\n|teamsize|p2|6\n|gen|9\n|tier|[Gen 9] Anything Goes\n|rated|\n|rule|HP Percentage Mod: HP is shown in percentages\n|rule|Endless Battle Clause: Forcing endless battles is banned\n|clearpoke\n|poke|p1|Quaquaval, F|\n|poke|p1|Calyrex-Shadow|\n|poke|p1|Shaymin-Sky|\n|poke|p1|Kingambit, M|\n|poke|p1|Arceus|\n|poke|p1|Koraidon|\n|poke|p2|Miraidon|\n|poke|p2|Grimmsnarl, M|\n|poke|p2|Skeledirge, M|\n|poke|p2|Blissey, F|\n|poke|p2|Moltres|\n|poke|p2|Calyrex-Ice|\n|teampreview\n|\n|t:|1699555512\n|start\n|switch|p1a: Kingambit|Kingambit, M|100\/100\n|switch|p2a: Grimmsnarl|Grimmsnarl, M|100\/100\n|turn|1\n|inactive|Battle timer is ON: inactive players will automatically lose when time's up. (requested by Hamonic Dog)\n|\n|t:|1699555519\n|switch|p2a: Moltres|Moltres|100\/100\n|move|p1a: Kingambit|Iron Head|p2a: Moltres\n|-resisted|p2a: Moltres\n|-damage|p2a: Moltres|85\/100\n|\n|upkeep\n|turn|2\n|\n|t:|1699555531\n|move|p2a: Moltres|Will-O-Wisp|p1a: Kingambit|[miss]\n|-miss|p2a: Moltres|p1a: Kingambit\n|move|p1a: Kingambit|Kowtow Cleave|p2a: Moltres\n|-damage|p2a: Moltres|48\/100\n|\n|upkeep\n|turn|3\n|\n|t:|1699555537\n|-end|p1a: Kingambit|fallenundefined|[silent]\n|switch|p1a: Calyrex|Calyrex-Shadow|100\/100\n|-ability|p1a: Calyrex|As One\n|-ability|p1a: Calyrex|Unnerve\n|move|p2a: Moltres|Roost|p2a: Moltres\n|-heal|p2a: Moltres|98\/100\n|-singleturn|p2a: Moltres|move: Roost\n|\n|upkeep\n|turn|4\n|\n|t:|1699555547\n|switch|p2a: Grimmsnarl|Grimmsnarl, M|100\/100\n|move|p1a: Calyrex|Psyshock|p2a: Grimmsnarl\n|-immune|p2a: Grimmsnarl\n|\n|upkeep\n|turn|5\n|\n|t:|1699555554\n|switch|p1a: Kingambit|Kingambit, M|100\/100\n|move|p2a: Grimmsnarl|Spirit Break|p1a: Kingambit\n|-damage|p1a: Kingambit|79\/100\n|-unboost|p1a: Kingambit|spa|1\n|\n|upkeep\n|turn|6\n|\n|t:|1699555563\n|switch|p2a: Moltres|Moltres|98\/100\n|move|p1a: Kingambit|Iron Head|p2a: Moltres\n|-resisted|p2a: Moltres\n|-damage|p2a: Moltres|82\/100\n|\n|upkeep\n|turn|7\n|\n|t:|1699555571\n|-end|p1a: Kingambit|fallenundefined|[silent]\n|switch|p1a: Calyrex|Calyrex-Shadow|100\/100\n|-ability|p1a: Calyrex|As One\n|-ability|p1a: Calyrex|Unnerve\n|move|p2a: Moltres|U-turn|p1a: Calyrex\n|-damage|p1a: Calyrex|84\/100\n|\n|t:|1699555581\n|switch|p2a: Grimmsnarl|Grimmsnarl, M|100\/100|[from] U-turn\n|\n|upkeep\n|turn|8\n|\n|t:|1699555585\n|move|p1a: Calyrex|Draining Kiss|p2a: Grimmsnarl\n|-supereffective|p2a: Grimmsnarl\n|-damage|p2a: Grimmsnarl|69\/100\n|-heal|p1a: Calyrex|100\/100|[from] drain|[of] p2a: Grimmsnarl\n|move|p2a: Grimmsnarl|Spirit Break|p1a: Calyrex\n|-damage|p1a: Calyrex|65\/100\n|-unboost|p1a: Calyrex|spa|1\n|\n|upkeep\n|turn|9\n|\n|t:|1699555594\n|move|p1a: Calyrex|Draining Kiss|p2a: Grimmsnarl\n|-supereffective|p2a: Grimmsnarl\n|-damage|p2a: Grimmsnarl|48\/100\n|-heal|p1a: Calyrex|84\/100|[from] drain|[of] p2a: Grimmsnarl\n|move|p2a: Grimmsnarl|Spirit Break|p1a: Calyrex\n|-damage|p1a: Calyrex|50\/100\n|-unboost|p1a: Calyrex|spa|1\n|\n|upkeep\n|turn|10\n|\n|t:|1699555604\n|switch|p1a: Arceus|Arceus|100\/100\n|move|p2a: Grimmsnarl|Parting Shot|p1a: Arceus\n|-unboost|p1a: Arceus|atk|1\n|-unboost|p1a: Arceus|spa|1\n|\n|t:|1699555609\n|switch|p2a: Moltres|Moltres|82\/100|[from] Parting Shot\n|\n|upkeep\n|turn|11\n|\n|t:|1699555614\n|move|p1a: Arceus|Dragon Dance|p1a: Arceus\n|-boost|p1a: Arceus|atk|1\n|-boost|p1a: Arceus|spe|1\n|move|p2a: Moltres|Burning Jealousy|p1a: Arceus\n|-damage|p1a: Arceus|79\/100\n|-status|p1a: Arceus|brn\n|\n|-damage|p1a: Arceus|73\/100 brn|[from] brn\n|upkeep\n|turn|12\n|\n|t:|1699555623\n|move|p1a: Arceus|Dragon Dance|p1a: Arceus\n|-boost|p1a: Arceus|atk|1\n|-boost|p1a: Arceus|spe|1\n|move|p2a: Moltres|U-turn|p1a: Arceus\n|-damage|p1a: Arceus|62\/100 brn\n|\n|t:|1699555630\n|switch|p2a: Skeledirge|Skeledirge, M|100\/100|[from] U-turn\n|\n|-damage|p1a: Arceus|56\/100 brn|[from] brn\n|upkeep\n|turn|13\n|\n|t:|1699555638\n|move|p1a: Arceus|Shadow Claw|p2a: Skeledirge\n|-supereffective|p2a: Skeledirge\n|-damage|p2a: Skeledirge|86\/100\n|move|p2a: Skeledirge|Torch Song|p1a: Arceus\n|-damage|p1a: Arceus|34\/100 brn\n|-boost|p2a: Skeledirge|spa|1\n|\n|-damage|p1a: Arceus|28\/100 brn|[from] brn\n|upkeep\n|turn|14\n|\n|t:|1699555648\n|move|p1a: Arceus|Shadow Claw|p2a: Skeledirge\n|-supereffective|p2a: Skeledirge\n|-damage|p2a: Skeledirge|71\/100\n|move|p2a: Skeledirge|Torch Song|p1a: Arceus\n|-damage|p1a: Arceus|0 fnt\n|-boost|p2a: Skeledirge|spa|1\n|faint|p1a: Arceus\n|\n|upkeep\n|\n|t:|1699555650\n|switch|p1a: Quaquaval|Quaquaval, F|100\/100\n|turn|15\n|\n|t:|1699555667\n|move|p1a: Quaquaval|Knock Off|p2a: Skeledirge\n|-supereffective|p2a: Skeledirge\n|-damage|p2a: Skeledirge|30\/100\n|-enditem|p2a: Skeledirge|Heavy-Duty Boots|[from] move: Knock Off|[of] p1a: Quaquaval\n|move|p2a: Skeledirge|Will-O-Wisp|p1a: Quaquaval\n|-status|p1a: Quaquaval|brn\n|\n|-damage|p1a: Quaquaval|94\/100 brn|[from] brn\n|upkeep\n|turn|16\n|\n|t:|1699555676\n|move|p1a: Quaquaval|Aqua Step|p2a: Skeledirge\n|-supereffective|p2a: Skeledirge\n|-damage|p2a: Skeledirge|5\/100\n|-boost|p1a: Quaquaval|spe|1\n|move|p2a: Skeledirge|Slack Off|p2a: Skeledirge\n|-heal|p2a: Skeledirge|55\/100\n|\n|-damage|p1a: Quaquaval|88\/100 brn|[from] brn\n|upkeep\n|turn|17\n|-message|Hamonic Dog forfeited.\n|\n|win|hoenn militian\n|raw|Hamonic Dog's rating: 1572 &rarr; <strong>1564<\/strong><br \/>(-8 for losing)\n|raw|hoenn militian's rating: 1810 &rarr; <strong>1818<\/strong><br \/>(+8 for winning)\n|l|\u2606Hamonic Dog\n","uploadtime":1699555697,"views":20,"p1id":"hamonicdog","p2id":"hoennmilitian","formatid":"gen9anythinggoes","rating":1564,"private":0,"password":""}