{"id":"gen9anythinggoes-1990588662","p1":"thundrrr","p2":"TaxFraud094","format":"[Gen 9] Anything Goes","log":"|j|\u203dthundrrr\n|j|\u2606TaxFraud094\n|inactive|Battle timer is ON: inactive players will automatically lose when time's up.\n|t:|1699983774\n|gametype|singles\n|player|p1|thundrrr|wattson|\n|player|p2|TaxFraud094|acetrainerf-gen4|\n|teamsize|p1|6\n|teamsize|p2|6\n|gen|9\n|tier|[Gen 9] Anything Goes\n|rated|Tournament battle\n|rule|Tera Type Preview: Tera Types are shown at Team Preview\n|rule|HP Percentage Mod: HP is shown in percentages\n|rule|Endless Battle Clause: Forcing endless battles is banned\n|rule|Bonus Type Mod: Pok\u00e9mon have their Tera Type added onto their current ones.\n|rule|Species Clause: Limit one of each Pok\u00e9mon\n|rule|OHKO Clause: OHKO moves are banned\n|rule|Evasion Moves Clause: Evasion moves are banned\n|rule|Sleep Moves Clause: Sleep-inducing moves are banned\n|rule|Evasion Clause: Evasion abilities, items, and moves are banned\n|rule|Evasion Abilities Clause: Evasion abilities are banned\n|rule|Evasion Items Clause: Evasion items are banned\n|rule|Terastal Clause: You cannot Terastallize\n|clearpoke\n|poke|p1|Grimmsnarl, M|\n|poke|p1|Walking Wake|\n|poke|p1|Dragonite, M|\n|poke|p1|Kingambit, M|\n|poke|p1|Iron Valiant|\n|poke|p1|Urshifu-*, F|\n|poke|p2|Dragonite, M|\n|poke|p2|Great Tusk|\n|poke|p2|Magnezone|\n|poke|p2|Rotom-Wash|\n|poke|p2|Slowking-Galar, F|\n|poke|p2|Kingambit, F|\n|teampreview\n|raw|thundrrr's Tera Types:<br \/><psicon pokemon=\"grimmsnarl\" \/><psicon type=\"Steel\" \/> \/ <psicon pokemon=\"walkingwake\" \/><psicon type=\"Fire\" \/> \/ <psicon pokemon=\"dragonite\" \/><psicon type=\"Normal\" \/> \/ <psicon pokemon=\"kingambit\" \/><psicon type=\"Ghost\" \/> \/ <psicon pokemon=\"ironvaliant\" \/><psicon type=\"Electric\" \/> \/ <psicon pokemon=\"urshifurapidstrike\" \/><psicon type=\"Fire\" \/>\n|raw|TaxFraud094's Tera Types:<br \/><psicon pokemon=\"dragonite\" \/><psicon type=\"Normal\" \/> \/ <psicon pokemon=\"greattusk\" \/><psicon type=\"Flying\" \/> \/ <psicon pokemon=\"magnezone\" \/><psicon type=\"Flying\" \/> \/ <psicon pokemon=\"rotomwash\" \/><psicon type=\"Fairy\" \/> \/ <psicon pokemon=\"slowkinggalar\" \/><psicon type=\"Normal\" \/> \/ <psicon pokemon=\"kingambit\" \/><psicon type=\"Flying\" \/>\n|inactive|thundrrr also wants the timer to be on.\n|inactive|TaxFraud094 also wants the timer to be on.\n|\n|t:|1699983790\n|start\n|switch|p1a: Grimmsnarl|Grimmsnarl, M|100\/100\n|switch|p2a: Great Tusk|Great Tusk|100\/100\n|-start|p2a: Great Tusk|typechange|Ground\/Fighting\/Flying|[silent]\n|-start|p1a: Grimmsnarl|typechange|Dark\/Fairy\/Steel|[silent]\n|-start|p1a: Grimmsnarl|typechange|Dark\/Fairy\/Steel|[silent]\n|-start|p2a: Great Tusk|typechange|Ground\/Fighting\/Flying|[silent]\n|turn|1\n|\n|t:|1699983797\n|move|p1a: Grimmsnarl|Taunt|p2a: Great Tusk\n|-start|p2a: Great Tusk|move: Taunt\n|move|p2a: Great Tusk|Knock Off|p1a: Grimmsnarl\n|-resisted|p1a: Grimmsnarl\n|-damage|p1a: Grimmsnarl|92\/100\n|-enditem|p1a: Grimmsnarl|Light Clay|[from] move: Knock Off|[of] p2a: Great Tusk\n|\n|upkeep\n|turn|2\n|j| jb291\n|\n|t:|1699983810\n|move|p1a: Grimmsnarl|Reflect|p1a: Grimmsnarl\n|-sidestart|p1: thundrrr|Reflect\n|move|p2a: Great Tusk|Earthquake|p1a: Grimmsnarl\n|-supereffective|p1a: Grimmsnarl\n|-damage|p1a: Grimmsnarl|35\/100\n|\n|upkeep\n|turn|3\n|\n|t:|1699983834\n|-end|p2a: Great Tusk|Protosynthesis|[silent]\n|switch|p2a: Magnezone|Magnezone|100\/100\n|-start|p2a: Magnezone|typechange|Electric\/Steel\/Flying|[silent]\n|move|p1a: Grimmsnarl|Light Screen|p1a: Grimmsnarl\n|-sidestart|p1: thundrrr|move: Light Screen\n|\n|upkeep\n|-start|p2a: Magnezone|typechange|Electric\/Steel\/Flying|[silent]\n|turn|4\n|\n|t:|1699983841\n|move|p1a: Grimmsnarl|Taunt|p2a: Magnezone\n|-start|p2a: Magnezone|move: Taunt\n|move|p2a: Magnezone|Volt Switch|p1a: Grimmsnarl\n|-damage|p1a: Grimmsnarl|15\/100\n|\n|t:|1699983859\n|switch|p2a: Slowking|Slowking-Galar, F|100\/100|[from] Volt Switch\n|-start|p2a: Slowking|typechange|Poison\/Psychic\/Normal|[silent]\n|\n|upkeep\n|-start|p2a: Slowking|typechange|Poison\/Psychic\/Normal|[silent]\n|turn|5\n|\n|t:|1699983870\n|move|p1a: Grimmsnarl|Taunt|p2a: Slowking\n|-start|p2a: Slowking|move: Taunt\n|cant|p2a: Slowking|move: Taunt|Chilly Reception\n|\n|upkeep\n|turn|6\n|\n|t:|1699983889\n|switch|p1a: Walking Wake|Walking Wake|100\/100\n|-start|p1a: Walking Wake|typechange|Water\/Dragon\/Fire|[silent]\n|-enditem|p1a: Walking Wake|Booster Energy\n|-activate|p1a: Walking Wake|ability: Protosynthesis|[fromitem]\n|-start|p1a: Walking Wake|protosynthesisspa\n|switch|p2a: Dragonite|Dragonite, M|100\/100\n|-start|p2a: Dragonite|typechange|Dragon\/Flying\/Normal|[silent]\n|\n|-sideend|p1: thundrrr|Reflect\n|upkeep\n|-start|p1a: Walking Wake|typechange|Water\/Dragon\/Fire|[silent]\n|-start|p2a: Dragonite|typechange|Dragon\/Flying\/Normal|[silent]\n|turn|7\n|inactive|TaxFraud094 has 120 seconds left.\n|\n|t:|1699983928\n|move|p1a: Walking Wake|Hydro Pump|p2a: Dragonite|[miss]\n|-miss|p1a: Walking Wake|p2a: Dragonite\n|move|p2a: Dragonite|Dragon Dance|p2a: Dragonite\n|-boost|p2a: Dragonite|atk|1\n|-boost|p2a: Dragonite|spe|1\n|\n|-sideend|p1: thundrrr|move: Light Screen\n|upkeep\n|turn|8\n|\n|t:|1699983931\n|move|p2a: Dragonite|Earthquake|p1a: Walking Wake\n|-supereffective|p1a: Walking Wake\n|-damage|p1a: Walking Wake|0 fnt\n|faint|p1a: Walking Wake\n|-end|p1a: Walking Wake|Protosynthesis|[silent]\n|\n|upkeep\n|\n|t:|1699983939\n|switch|p1a: Kingambit|Kingambit, M|100\/100\n|-start|p1a: Kingambit|typechange|Dark\/Steel\/Ghost|[silent]\n|-activate|p1a: Kingambit|ability: Supreme Overlord\n|-start|p1a: Kingambit|fallen1|[silent]\n|-start|p1a: Kingambit|typechange|Dark\/Steel\/Ghost|[silent]\n|turn|9\n|inactive|TaxFraud094 has 120 seconds left.\n|\n|t:|1699983963\n|switch|p2a: Rotom|Rotom-Wash|100\/100\n|-start|p2a: Rotom|typechange|Electric\/Water\/Fairy|[silent]\n|move|p1a: Kingambit|Kowtow Cleave|p2a: Rotom\n|-resisted|p2a: Rotom\n|-damage|p2a: Rotom|73\/100\n|\n|-heal|p2a: Rotom|79\/100|[from] item: Leftovers\n|upkeep\n|-start|p2a: Rotom|typechange|Electric\/Water\/Fairy|[silent]\n|turn|10\n|inactive|TaxFraud094 has 120 seconds left.\n|\n|t:|1699983971\n|-end|p1a: Kingambit|fallen1|[silent]\n|switch|p1a: Grimmsnarl|Grimmsnarl, M|15\/100\n|-start|p1a: Grimmsnarl|typechange|Dark\/Fairy\/Steel|[silent]\n|move|p2a: Rotom|Will-O-Wisp|p1a: Grimmsnarl\n|-status|p1a: Grimmsnarl|brn\n|\n|-heal|p2a: Rotom|85\/100|[from] item: Leftovers\n|-damage|p1a: Grimmsnarl|9\/100 brn|[from] brn\n|upkeep\n|-start|p1a: Grimmsnarl|typechange|Dark\/Fairy\/Steel|[silent]\n|turn|11\n|\n|t:|1699983980\n|move|p1a: Grimmsnarl|Reflect|p1a: Grimmsnarl\n|-sidestart|p1: thundrrr|Reflect\n|move|p2a: Rotom|Volt Switch|p1a: Grimmsnarl\n|-damage|p1a: Grimmsnarl|0 fnt\n|faint|p1a: Grimmsnarl\n|inactive|TaxFraud094 has 120 seconds left.\n|\n|t:|1699983990\n|switch|p2a: Magnezone|Magnezone|100\/100|[from] Volt Switch\n|-start|p2a: Magnezone|typechange|Electric\/Steel\/Flying|[silent]\n|\n|upkeep\n|\n|t:|1699984001\n|switch|p1a: Dragonite|Dragonite, M|100\/100\n|-start|p1a: Dragonite|typechange|Dragon\/Flying\/Normal|[silent]\n|-start|p1a: Dragonite|typechange|Dragon\/Flying\/Normal|[silent]\n|-start|p2a: Magnezone|typechange|Electric\/Steel\/Flying|[silent]\n|turn|12\n|\n|t:|1699984007\n|move|p1a: Dragonite|Dragon Dance|p1a: Dragonite\n|-boost|p1a: Dragonite|atk|1\n|-boost|p1a: Dragonite|spe|1\n|move|p2a: Magnezone|Volt Switch|p1a: Dragonite\n|-damage|p1a: Dragonite|69\/100\n|inactive|TaxFraud094 has 120 seconds left.\n|\n|t:|1699984035\n|switch|p2a: Rotom|Rotom-Wash|85\/100|[from] Volt Switch\n|-start|p2a: Rotom|typechange|Electric\/Water\/Fairy|[silent]\n|\n|-heal|p2a: Rotom|91\/100|[from] item: Leftovers\n|upkeep\n|-start|p2a: Rotom|typechange|Electric\/Water\/Fairy|[silent]\n|turn|13\n|\n|t:|1699984043\n|move|p1a: Dragonite|Extreme Speed|p2a: Rotom\n|-damage|p2a: Rotom|31\/100\n|move|p2a: Rotom|Volt Switch|p1a: Dragonite\n|-crit|p1a: Dragonite\n|-damage|p1a: Dragonite|29\/100\n|\n|t:|1699984048\n|switch|p2a: Magnezone|Magnezone|100\/100|[from] Volt Switch\n|-start|p2a: Magnezone|typechange|Electric\/Steel\/Flying|[silent]\n|\n|upkeep\n|-start|p2a: Magnezone|typechange|Electric\/Steel\/Flying|[silent]\n|turn|14\n|\n|t:|1699984053\n|move|p1a: Dragonite|Fire Punch|p2a: Magnezone\n|-supereffective|p2a: Magnezone\n|-damage|p2a: Magnezone|2\/100\n|move|p2a: Magnezone|Volt Switch|p1a: Dragonite\n|-damage|p1a: Dragonite|0 fnt\n|faint|p1a: Dragonite\n|inactive|TaxFraud094 has 120 seconds left.\n|\n|t:|1699984069\n|switch|p2a: Rotom|Rotom-Wash|31\/100|[from] Volt Switch\n|-start|p2a: Rotom|typechange|Electric\/Water\/Fairy|[silent]\n|\n|-heal|p2a: Rotom|37\/100|[from] item: Leftovers\n|upkeep\n|\n|t:|1699984081\n|switch|p1a: Iron Valiant|Iron Valiant|100\/100\n|-start|p1a: Iron Valiant|typechange|Fairy\/Fighting\/Electric|[silent]\n|-enditem|p1a: Iron Valiant|Booster Energy\n|-activate|p1a: Iron Valiant|ability: Quark Drive|[fromitem]\n|-start|p1a: Iron Valiant|quarkdrivespe\n|-start|p1a: Iron Valiant|typechange|Fairy\/Fighting\/Electric|[silent]\n|-start|p2a: Rotom|typechange|Electric\/Water\/Fairy|[silent]\n|turn|15\n|\n|t:|1699984089\n|switch|p2a: Slowking|Slowking-Galar, F|100\/100\n|-start|p2a: Slowking|typechange|Poison\/Psychic\/Normal|[silent]\n|move|p1a: Iron Valiant|Calm Mind|p1a: Iron Valiant\n|-boost|p1a: Iron Valiant|spa|1\n|-boost|p1a: Iron Valiant|spd|1\n|\n|-sideend|p1: thundrrr|Reflect\n|upkeep\n|-start|p2a: Slowking|typechange|Poison\/Psychic\/Normal|[silent]\n|turn|16\n|\n|t:|1699984095\n|move|p1a: Iron Valiant|Thunderbolt|p2a: Slowking\n|-damage|p2a: Slowking|54\/100\n|move|p2a: Slowking|Sludge Bomb|p1a: Iron Valiant\n|-supereffective|p1a: Iron Valiant\n|-damage|p1a: Iron Valiant|20\/100\n|-status|p1a: Iron Valiant|psn\n|\n|-damage|p1a: Iron Valiant|7\/100 psn|[from] psn\n|upkeep\n|turn|17\n|\n|t:|1699984102\n|move|p1a: Iron Valiant|Moonblast|p2a: Slowking\n|-resisted|p2a: Slowking\n|-crit|p2a: Slowking\n|-damage|p2a: Slowking|15\/100\n|move|p2a: Slowking|Future Sight|p1a: Iron Valiant\n|-start|p2a: Slowking|move: Future Sight\n|\n|-damage|p1a: Iron Valiant|0 fnt|[from] psn\n|faint|p1a: Iron Valiant\n|-end|p1a: Iron Valiant|Quark Drive|[silent]\n|upkeep\n|\n|t:|1699984108\n|switch|p1a: Kingambit|Kingambit, M|100\/100\n|-start|p1a: Kingambit|typechange|Dark\/Steel\/Ghost|[silent]\n|-activate|p1a: Kingambit|ability: Supreme Overlord\n|-start|p1a: Kingambit|fallen4|[silent]\n|-start|p1a: Kingambit|typechange|Dark\/Steel\/Ghost|[silent]\n|turn|18\n|\n|t:|1699984118\n|move|p1a: Kingambit|Kowtow Cleave|p2a: Slowking\n|-supereffective|p2a: Slowking\n|-damage|p2a: Slowking|0 fnt\n|faint|p2a: Slowking\n|\n|upkeep\n|\n|t:|1699984133\n|switch|p2a: Rotom|Rotom-Wash|37\/100\n|-start|p2a: Rotom|typechange|Electric\/Water\/Fairy|[silent]\n|-start|p2a: Rotom|typechange|Electric\/Water\/Fairy|[silent]\n|turn|19\n|\n|t:|1699984139\n|move|p2a: Rotom|Will-O-Wisp|p1a: Kingambit|[miss]\n|-miss|p2a: Rotom|p1a: Kingambit\n|move|p1a: Kingambit|Shadow Claw|p2a: Rotom\n|-damage|p2a: Rotom|0 fnt\n|faint|p2a: Rotom\n|\n|-end|p1a: Kingambit|move: Future Sight\n|-immune|p1a: Kingambit\n|upkeep\n|\n|t:|1699984153\n|switch|p2a: Kingambit|Kingambit, F|100\/100\n|-start|p2a: Kingambit|typechange|Dark\/Steel\/Flying|[silent]\n|-activate|p2a: Kingambit|ability: Supreme Overlord\n|-start|p2a: Kingambit|fallen2|[silent]\n|-start|p2a: Kingambit|typechange|Dark\/Steel\/Flying|[silent]\n|turn|20\n|\n|t:|1699984160\n|move|p2a: Kingambit|Swords Dance|p2a: Kingambit\n|-boost|p2a: Kingambit|atk|2\n|move|p1a: Kingambit|Kowtow Cleave|p2a: Kingambit\n|-resisted|p2a: Kingambit\n|-damage|p2a: Kingambit|71\/100\n|\n|-heal|p2a: Kingambit|77\/100|[from] item: Leftovers\n|upkeep\n|turn|21\n|\n|t:|1699984167\n|move|p2a: Kingambit|Kowtow Cleave|p1a: Kingambit\n|-damage|p1a: Kingambit|8\/100\n|move|p1a: Kingambit|Kowtow Cleave|p2a: Kingambit\n|-resisted|p2a: Kingambit\n|-damage|p2a: Kingambit|44\/100\n|\n|-heal|p2a: Kingambit|51\/100|[from] item: Leftovers\n|upkeep\n|turn|22\n|\n|t:|1699984179\n|move|p1a: Kingambit|Sucker Punch|p2a: Kingambit\n|-resisted|p2a: Kingambit\n|-damage|p2a: Kingambit|24\/100\n|move|p2a: Kingambit|Kowtow Cleave|p1a: Kingambit\n|-crit|p1a: Kingambit\n|-damage|p1a: Kingambit|0 fnt\n|faint|p1a: Kingambit\n|-end|p1a: Kingambit|fallen4|[silent]\n|\n|-heal|p2a: Kingambit|30\/100|[from] item: Leftovers\n|upkeep\n|\n|t:|1699984181\n|switch|p1a: Urshifu|Urshifu-Rapid-Strike, F|100\/100\n|-start|p1a: Urshifu|typechange|Fighting\/Water\/Fire|[silent]\n|-start|p1a: Urshifu|typechange|Fighting\/Water\/Fire|[silent]\n|turn|23\n|\n|t:|1699984186\n|move|p1a: Urshifu|Surging Strikes|p2a: Kingambit\n|-crit|p2a: Kingambit\n|-damage|p2a: Kingambit|15\/100\n|-crit|p2a: Kingambit\n|-damage|p2a: Kingambit|0 fnt\n|faint|p2a: Kingambit\n|-end|p2a: Kingambit|fallen2|[silent]\n|-hitcount|p2: Kingambit|2\n|\n|upkeep\n|\n|t:|1699984190\n|switch|p2a: Great Tusk|Great Tusk|100\/100\n|-start|p2a: Great Tusk|typechange|Ground\/Fighting\/Flying|[silent]\n|-start|p2a: Great Tusk|typechange|Ground\/Fighting\/Flying|[silent]\n|turn|24\n|\n|t:|1699984195\n|move|p1a: Urshifu|Surging Strikes|p2a: Great Tusk\n|-supereffective|p2a: Great Tusk\n|-crit|p2a: Great Tusk\n|-damage|p2a: Great Tusk|77\/100\n|-supereffective|p2a: Great Tusk\n|-crit|p2a: Great Tusk\n|-damage|p2a: Great Tusk|52\/100\n|-supereffective|p2a: Great Tusk\n|-crit|p2a: Great Tusk\n|-damage|p2a: Great Tusk|28\/100\n|-hitcount|p2a: Great Tusk|3\n|move|p2a: Great Tusk|Earthquake|p1a: Urshifu\n|-supereffective|p1a: Urshifu\n|-damage|p1a: Urshifu|8\/100\n|\n|-heal|p2a: Great Tusk|34\/100|[from] item: Leftovers\n|upkeep\n|turn|25\n|inactive|thundrrr has 120 seconds left.\n|inactive|thundrrr has 90 seconds left.\n|inactive|thundrrr has 60 seconds left.\n|inactive|thundrrr has 30 seconds left.\n|inactive|thundrrr has 20 seconds left.\n|inactive|thundrrr has 15 seconds left.\n|inactive|thundrrr has 10 seconds left.\n|inactive|thundrrr has 5 seconds left.\n|-message|thundrrr lost due to inactivity.\n|\n|win|TaxFraud094\n|n|\u203dthundrrr|thundrrr\n|n|\u2606TaxFraud094|taxfraud094\n|n| jb291|jb291\n","uploadtime":1699984346,"views":6,"p1id":"thundrrr","p2id":"taxfraud094","formatid":"gen9anythinggoes","rating":0,"private":0,"password":""}