{"id":"gen9anythinggoes-1978366930","p1":"grehthtrhdf","p2":"polompok","format":"[Gen 9] Anything Goes","log":"|j|\u2606grehthtrhdf\n|j|\u2606polompok\n|t:|1698530047\n|gametype|singles\n|player|p1|grehthtrhdf|265|1000\n|player|p2|polompok|guitarist|1048\n|teamsize|p1|6\n|teamsize|p2|6\n|gen|9\n|tier|[Gen 9] Anything Goes\n|rated|\n|rule|HP Percentage Mod: HP is shown in percentages\n|rule|Endless Battle Clause: Forcing endless battles is banned\n|clearpoke\n|poke|p1|Gholdengo|\n|poke|p1|Diancie|\n|poke|p1|Amoonguss, F|\n|poke|p1|Volcarona, M|\n|poke|p1|Garchomp, M|\n|poke|p1|Quaquaval, F|\n|poke|p2|Calyrex-Ice|\n|poke|p2|Scream Tail|\n|poke|p2|Espathra, F|\n|poke|p2|Espeon, F|\n|poke|p2|Umbreon, F|\n|poke|p2|Drifblim, F|\n|teampreview\n|inactive|Battle timer is ON: inactive players will automatically lose when time's up. (requested by grehthtrhdf)\n|\n|t:|1698530054\n|start\n|switch|p1a: Gholdengo|Gholdengo|100\/100\n|switch|p2a: Espathra|Espathra, F|100\/100\n|turn|1\n|\n|t:|1698530064\n|move|p2a: Espathra|Protect|p2a: Espathra\n|-singleturn|p2a: Espathra|Protect\n|move|p1a: Gholdengo|Shadow Ball|p2a: Espathra\n|-activate|p2a: Espathra|move: Protect\n|\n|-ability|p2a: Espathra|Speed Boost|boost\n|-boost|p2a: Espathra|spe|1\n|upkeep\n|turn|2\n|\n|t:|1698530072\n|move|p2a: Espathra|Calm Mind|p2a: Espathra\n|-boost|p2a: Espathra|spa|1\n|-boost|p2a: Espathra|spd|1\n|move|p1a: Gholdengo|Shadow Ball|p2a: Espathra\n|-supereffective|p2a: Espathra\n|-damage|p2a: Espathra|24\/100\n|\n|-ability|p2a: Espathra|Speed Boost|boost\n|-boost|p2a: Espathra|spe|1\n|upkeep\n|turn|3\n|\n|t:|1698530080\n|move|p2a: Espathra|Baton Pass|p2a: Espathra\n|\n|t:|1698530083\n|switch|p2a: Umbreon|Umbreon, F|100\/100|[from] Baton Pass\n|move|p1a: Gholdengo|Shadow Ball|p2a: Umbreon\n|-resisted|p2a: Umbreon\n|-damage|p2a: Umbreon|93\/100\n|\n|-heal|p2a: Umbreon|99\/100|[from] item: Leftovers\n|upkeep\n|turn|4\n|\n|t:|1698530091\n|switch|p1a: Quaquaval|Quaquaval, F|100\/100\n|move|p2a: Umbreon|Calm Mind|p2a: Umbreon\n|-boost|p2a: Umbreon|spa|1\n|-boost|p2a: Umbreon|spd|1\n|\n|-heal|p2a: Umbreon|100\/100|[from] item: Leftovers\n|upkeep\n|turn|5\n|\n|t:|1698530098\n|move|p2a: Umbreon|Baton Pass|p2a: Umbreon\n|\n|t:|1698530103\n|switch|p2a: Drifblim|Drifblim, F|100\/100|[from] Baton Pass\n|move|p1a: Quaquaval|Aqua Step|p2a: Drifblim\n|-damage|p2a: Drifblim|56\/100\n|-boost|p1a: Quaquaval|spe|1\n|\n|-heal|p2a: Drifblim|62\/100|[from] item: Leftovers\n|upkeep\n|turn|6\n|\n|t:|1698530111\n|move|p2a: Drifblim|Will-O-Wisp|p1a: Quaquaval\n|-status|p1a: Quaquaval|brn\n|move|p1a: Quaquaval|Aqua Step|p2a: Drifblim\n|-damage|p2a: Drifblim|41\/100\n|-boost|p1a: Quaquaval|spe|1\n|\n|-heal|p2a: Drifblim|48\/100|[from] item: Leftovers\n|-damage|p1a: Quaquaval|94\/100 brn|[from] brn\n|upkeep\n|turn|7\n|\n|t:|1698530119\n|move|p2a: Drifblim|Substitute|p2a: Drifblim\n|-start|p2a: Drifblim|Substitute\n|-damage|p2a: Drifblim|23\/100\n|move|p1a: Quaquaval|Aqua Step|p2a: Drifblim\n|-activate|p2a: Drifblim|move: Substitute|[damage]\n|-boost|p1a: Quaquaval|spe|1\n|\n|-heal|p2a: Drifblim|29\/100|[from] item: Leftovers\n|-damage|p1a: Quaquaval|88\/100 brn|[from] brn\n|upkeep\n|turn|8\n|\n|t:|1698530129\n|move|p2a: Drifblim|Minimize|p2a: Drifblim\n|-boost|p2a: Drifblim|evasion|2\n|move|p1a: Quaquaval|Aqua Step|p2a: Drifblim\n|-end|p2a: Drifblim|Substitute\n|-boost|p1a: Quaquaval|spe|1\n|\n|-heal|p2a: Drifblim|35\/100|[from] item: Leftovers\n|-damage|p1a: Quaquaval|82\/100 brn|[from] brn\n|upkeep\n|turn|9\n|\n|t:|1698530137\n|move|p1a: Quaquaval|Aqua Step|p2a: Drifblim|[miss]\n|-miss|p1a: Quaquaval|p2a: Drifblim\n|move|p2a: Drifblim|Baton Pass|p2a: Drifblim\n|\n|t:|1698530144\n|switch|p2a: Scream Tail|Scream Tail|100\/100|[from] Baton Pass\n|-enditem|p2a: Scream Tail|Booster Energy\n|-activate|p2a: Scream Tail|ability: Protosynthesis|[fromitem]\n|-start|p2a: Scream Tail|protosynthesisspd\n|\n|-damage|p1a: Quaquaval|76\/100 brn|[from] brn\n|upkeep\n|turn|10\n|\n|t:|1698530159\n|move|p1a: Quaquaval|Aqua Step|p2a: Scream Tail|[miss]\n|-miss|p1a: Quaquaval|p2a: Scream Tail\n|move|p2a: Scream Tail|Bulk Up|p2a: Scream Tail\n|-boost|p2a: Scream Tail|atk|1\n|-boost|p2a: Scream Tail|def|1\n|\n|-damage|p1a: Quaquaval|70\/100 brn|[from] brn\n|upkeep\n|turn|11\n|inactive|grehthtrhdf has 120 seconds left.\n|\n|t:|1698530184\n|switch|p1a: Amoonguss|Amoonguss, F|100\/100\n|move|p2a: Scream Tail|Bulk Up|p2a: Scream Tail\n|-boost|p2a: Scream Tail|atk|1\n|-boost|p2a: Scream Tail|def|1\n|\n|upkeep\n|turn|12\n|\n|t:|1698530189\n|move|p2a: Scream Tail|Substitute|p2a: Scream Tail\n|-start|p2a: Scream Tail|Substitute\n|-damage|p2a: Scream Tail|76\/100\n|move|p1a: Amoonguss|Spore||[still]\n|-fail|p1a: Amoonguss\n|\n|upkeep\n|turn|13\n|\n|t:|1698530196\n|move|p2a: Scream Tail|Calm Mind|p2a: Scream Tail\n|-boost|p2a: Scream Tail|spa|1\n|-boost|p2a: Scream Tail|spd|1\n|move|p1a: Amoonguss|Sludge Bomb|p2a: Scream Tail|[miss]\n|-miss|p1a: Amoonguss|p2a: Scream Tail\n|\n|upkeep\n|turn|14\n|\n|t:|1698530200\n|move|p2a: Scream Tail|Calm Mind|p2a: Scream Tail\n|-boost|p2a: Scream Tail|spa|1\n|-boost|p2a: Scream Tail|spd|1\n|move|p1a: Amoonguss|Sludge Bomb|p2a: Scream Tail\n|-supereffective|p2a: Scream Tail\n|-activate|p2a: Scream Tail|move: Substitute|[damage]\n|\n|upkeep\n|turn|15\n|\n|t:|1698530205\n|move|p2a: Scream Tail|Calm Mind|p2a: Scream Tail\n|-boost|p2a: Scream Tail|spa|1\n|-boost|p2a: Scream Tail|spd|1\n|move|p1a: Amoonguss|Sludge Bomb|p2a: Scream Tail\n|-supereffective|p2a: Scream Tail\n|-end|p2a: Scream Tail|Substitute\n|\n|upkeep\n|turn|16\n|\n|t:|1698530212\n|move|p2a: Scream Tail|Substitute|p2a: Scream Tail\n|-start|p2a: Scream Tail|Substitute\n|-damage|p2a: Scream Tail|51\/100\n|move|p1a: Amoonguss|Sludge Bomb|p2a: Scream Tail|[miss]\n|-miss|p1a: Amoonguss|p2a: Scream Tail\n|\n|upkeep\n|turn|17\n|\n|t:|1698530216\n|move|p2a: Scream Tail|Calm Mind|p2a: Scream Tail\n|-boost|p2a: Scream Tail|spa|1\n|-boost|p2a: Scream Tail|spd|1\n|move|p1a: Amoonguss|Sludge Bomb|p2a: Scream Tail|[miss]\n|-miss|p1a: Amoonguss|p2a: Scream Tail\n|\n|upkeep\n|turn|18\n|\n|t:|1698530220\n|move|p2a: Scream Tail|Bulk Up|p2a: Scream Tail\n|-boost|p2a: Scream Tail|atk|1\n|-boost|p2a: Scream Tail|def|1\n|move|p1a: Amoonguss|Sludge Bomb|p2a: Scream Tail|[miss]\n|-miss|p1a: Amoonguss|p2a: Scream Tail\n|\n|upkeep\n|turn|19\n|\n|t:|1698530225\n|move|p2a: Scream Tail|Bulk Up|p2a: Scream Tail\n|-boost|p2a: Scream Tail|atk|1\n|-boost|p2a: Scream Tail|def|1\n|move|p1a: Amoonguss|Sludge Bomb|p2a: Scream Tail\n|-supereffective|p2a: Scream Tail\n|-activate|p2a: Scream Tail|move: Substitute|[damage]\n|\n|upkeep\n|turn|20\n|\n|t:|1698530231\n|move|p2a: Scream Tail|Bulk Up|p2a: Scream Tail\n|-boost|p2a: Scream Tail|atk|1\n|-boost|p2a: Scream Tail|def|1\n|move|p1a: Amoonguss|Sludge Bomb|p2a: Scream Tail|[miss]\n|-miss|p1a: Amoonguss|p2a: Scream Tail\n|\n|upkeep\n|turn|21\n|\n|t:|1698530235\n|move|p2a: Scream Tail|Bulk Up|p2a: Scream Tail\n|-boost|p2a: Scream Tail|atk|1\n|-boost|p2a: Scream Tail|def|1\n|move|p1a: Amoonguss|Sludge Bomb|p2a: Scream Tail\n|-supereffective|p2a: Scream Tail\n|-activate|p2a: Scream Tail|move: Substitute|[damage]\n|\n|upkeep\n|turn|22\n|\n|t:|1698530247\n|move|p2a: Scream Tail|Baton Pass|p2a: Scream Tail\n|\n|t:|1698530251\n|-end|p2a: Scream Tail|Protosynthesis|[silent]\n|switch|p2a: Drifblim|Drifblim, F|35\/100|[from] Baton Pass\n|move|p1a: Amoonguss|Sludge Bomb|p2a: Drifblim|[miss]\n|-miss|p1a: Amoonguss|p2a: Drifblim\n|\n|-heal|p2a: Drifblim|41\/100|[from] item: Leftovers\n|upkeep\n|turn|23\n|\n|t:|1698530257\n|move|p2a: Drifblim|Minimize|p2a: Drifblim\n|-boost|p2a: Drifblim|evasion|2\n|move|p1a: Amoonguss|Hex|p2a: Drifblim|[miss]\n|-miss|p1a: Amoonguss|p2a: Drifblim\n|\n|-heal|p2a: Drifblim|47\/100|[from] item: Leftovers\n|upkeep\n|turn|24\n|\n|t:|1698530262\n|move|p2a: Drifblim|Minimize|p2a: Drifblim\n|-boost|p2a: Drifblim|evasion|2\n|move|p1a: Amoonguss|Hex|p2a: Drifblim|[miss]\n|-miss|p1a: Amoonguss|p2a: Drifblim\n|\n|-heal|p2a: Drifblim|54\/100|[from] item: Leftovers\n|upkeep\n|turn|25\n|\n|t:|1698530269\n|move|p2a: Drifblim|Baton Pass|p2a: Drifblim\n|\n|t:|1698530272\n|switch|p2a: Calyrex|Calyrex-Ice|100\/100|[from] Baton Pass\n|-ability|p2a: Calyrex|As One\n|-ability|p2a: Calyrex|Unnerve\n|move|p1a: Amoonguss|Hex|p2a: Calyrex|[miss]\n|-miss|p1a: Amoonguss|p2a: Calyrex\n|\n|upkeep\n|turn|26\n|\n|t:|1698530281\n|move|p2a: Calyrex|Metronome|p2a: Calyrex\n|move|p2a: Calyrex|High Horsepower|p1a: Amoonguss|[from]move: Metronome\n|-damage|p1a: Amoonguss|0 fnt\n|faint|p1a: Amoonguss\n|\n|upkeep\n|\n|t:|1698530286\n|switch|p1a: Garchomp|Garchomp, M|100\/100\n|turn|27\n|\n|t:|1698530289\n|move|p1a: Garchomp|Stealth Rock|p2a: Calyrex\n|-sidestart|p2: polompok|move: Stealth Rock\n|move|p2a: Calyrex|Metronome|p2a: Calyrex\n|move|p2a: Calyrex|Thrash|p1a: Garchomp|[from]move: Metronome\n|-damage|p1a: Garchomp|0 fnt\n|-damage|p2a: Calyrex|88\/100|[from] ability: Rough Skin|[of] p1a: Garchomp\n|faint|p1a: Garchomp\n|\n|-heal|p2a: Calyrex|94\/100|[from] item: Leftovers\n|upkeep\n|\n|t:|1698530292\n|switch|p1a: Quaquaval|Quaquaval, F|70\/100 brn\n|turn|28\n|\n|t:|1698530295\n|move|p2a: Calyrex|Thrash|p1a: Quaquaval|[from]lockedmove\n|-damage|p1a: Quaquaval|0 fnt\n|faint|p1a: Quaquaval\n|-start|p2a: Calyrex|confusion|[fatigue]\n|\n|-heal|p2a: Calyrex|100\/100|[from] item: Leftovers\n|upkeep\n|\n|t:|1698530297\n|switch|p1a: Volcarona|Volcarona, M|100\/100\n|turn|29\n|\n|t:|1698530300\n|-activate|p2a: Calyrex|confusion\n|move|p2a: Calyrex|Metronome|p2a: Calyrex\n|move|p2a: Calyrex|Water Spout|p1a: Volcarona|[from]move: Metronome\n|-supereffective|p1a: Volcarona\n|-damage|p1a: Volcarona|0 fnt\n|faint|p1a: Volcarona\n|\n|upkeep\n|\n|t:|1698530303\n|switch|p1a: Gholdengo|Gholdengo|100\/100\n|turn|30\n|\n|t:|1698530305\n|move|p1a: Gholdengo|Shadow Ball|p2a: Calyrex\n|-supereffective|p2a: Calyrex\n|-end|p2a: Calyrex|Substitute\n|-activate|p2a: Calyrex|confusion\n|-damage|p2a: Calyrex|90\/100|[from] confusion\n|\n|-heal|p2a: Calyrex|97\/100|[from] item: Leftovers\n|upkeep\n|turn|31\n|\n|t:|1698530310\n|move|p1a: Gholdengo|Shadow Ball|p2a: Calyrex|[miss]\n|-miss|p1a: Gholdengo|p2a: Calyrex\n|-activate|p2a: Calyrex|confusion\n|-damage|p2a: Calyrex|86\/100|[from] confusion\n|\n|-heal|p2a: Calyrex|93\/100|[from] item: Leftovers\n|upkeep\n|turn|32\n|\n|t:|1698530314\n|move|p1a: Gholdengo|Shadow Ball|p2a: Calyrex|[miss]\n|-miss|p1a: Gholdengo|p2a: Calyrex\n|-end|p2a: Calyrex|confusion\n|move|p2a: Calyrex|Metronome|p2a: Calyrex\n|move|p2a: Calyrex|Final Gambit|p1a: Gholdengo|[from]move: Metronome\n|-immune|p1a: Gholdengo\n|\n|-heal|p2a: Calyrex|99\/100|[from] item: Leftovers\n|upkeep\n|turn|33\n|\n|t:|1698530322\n|move|p1a: Gholdengo|Shadow Ball|p2a: Calyrex|[miss]\n|-miss|p1a: Gholdengo|p2a: Calyrex\n|move|p2a: Calyrex|Metronome|p2a: Calyrex\n|move|p2a: Calyrex|First Impression||[from]move: Metronome|[still]\n|-hint|First Impression only works on your first turn out.\n|-fail|p2a: Calyrex\n|\n|-heal|p2a: Calyrex|100\/100|[from] item: Leftovers\n|upkeep\n|turn|34\n|\n|t:|1698530328\n|move|p1a: Gholdengo|Shadow Ball|p2a: Calyrex|[miss]\n|-miss|p1a: Gholdengo|p2a: Calyrex\n|move|p2a: Calyrex|Metronome|p2a: Calyrex\n|move|p2a: Calyrex|Wood Hammer|p1a: Gholdengo|[from]move: Metronome\n|-resisted|p1a: Gholdengo\n|-damage|p1a: Gholdengo|0 fnt\n|faint|p1a: Gholdengo\n|-damage|p2a: Calyrex|75\/100|[from] Recoil\n|\n|-heal|p2a: Calyrex|81\/100|[from] item: Leftovers\n|upkeep\n|\n|t:|1698530330\n|switch|p1a: Diancie|Diancie|100\/100\n|turn|35\n|\n|t:|1698530334\n|move|p2a: Calyrex|Metronome|p2a: Calyrex\n|move|p2a: Calyrex|Take Heart||[from]move: Metronome|[still]\n|-boost|p2a: Calyrex|spa|0\n|-boost|p2a: Calyrex|spd|0\n|-fail|p2a: Calyrex\n|move|p1a: Diancie|Trick Room|p1a: Diancie\n|-fieldstart|move: Trick Room|[of] p1a: Diancie\n|\n|-heal|p2a: Calyrex|87\/100|[from] item: Leftovers\n|upkeep\n|turn|36\n|\n|t:|1698530341\n|move|p1a: Diancie|Diamond Storm|p2a: Calyrex|[miss]\n|-miss|p1a: Diancie|p2a: Calyrex\n|move|p2a: Calyrex|Metronome|p2a: Calyrex\n|move|p2a: Calyrex|Burn Up||[from]move: Metronome|[still]\n|-fail|p2a: Calyrex|move: Burn Up\n|\n|-heal|p2a: Calyrex|93\/100|[from] item: Leftovers\n|upkeep\n|turn|37\n|\n|t:|1698530346\n|move|p1a: Diancie|Diamond Storm|p2a: Calyrex|[miss]\n|-miss|p1a: Diancie|p2a: Calyrex\n|move|p2a: Calyrex|Metronome|p2a: Calyrex\n|move|p2a: Calyrex|Fury Swipes|p1a: Diancie|[from]move: Metronome\n|-resisted|p1a: Diancie\n|-damage|p1a: Diancie|88\/100\n|-resisted|p1a: Diancie\n|-damage|p1a: Diancie|76\/100\n|-resisted|p1a: Diancie\n|-damage|p1a: Diancie|62\/100\n|-resisted|p1a: Diancie\n|-damage|p1a: Diancie|50\/100\n|-resisted|p1a: Diancie\n|-damage|p1a: Diancie|36\/100\n|-hitcount|p1a: Diancie|5\n|\n|-heal|p2a: Calyrex|99\/100|[from] item: Leftovers\n|upkeep\n|turn|38\n|\n|t:|1698530356\n|move|p1a: Diancie|Diamond Storm|p2a: Calyrex|[miss]\n|-miss|p1a: Diancie|p2a: Calyrex\n|move|p2a: Calyrex|Metronome|p2a: Calyrex\n|move|p2a: Calyrex|Scratch|p1a: Diancie|[from]move: Metronome\n|-resisted|p1a: Diancie\n|-damage|p1a: Diancie|8\/100\n|\n|-heal|p2a: Calyrex|100\/100|[from] item: Leftovers\n|upkeep\n|turn|39\n|\n|t:|1698530365\n|move|p1a: Diancie|Diamond Storm|p2a: Calyrex|[miss]\n|-miss|p1a: Diancie|p2a: Calyrex\n|move|p2a: Calyrex|Metronome|p2a: Calyrex\n|move|p2a: Calyrex|Zap Cannon|p1a: Diancie|[from]move: Metronome|[miss]\n|-miss|p2a: Calyrex|p1a: Diancie\n|\n|-fieldend|move: Trick Room\n|upkeep\n|turn|40\n|\n|t:|1698530372\n|move|p2a: Calyrex|Metronome|p2a: Calyrex\n|move|p2a: Calyrex|Bullet Punch|p1a: Diancie|[from]move: Metronome\n|-supereffective|p1a: Diancie\n|-damage|p1a: Diancie|0 fnt\n|faint|p1a: Diancie\n|\n|win|polompok\n|raw|grehthtrhdf's rating: 1000 &rarr; <strong>1000<\/strong><br \/>(+0 for losing)\n|raw|polompok's rating: 1048 &rarr; <strong>1076<\/strong><br \/>(+28 for winning)\n","uploadtime":1698530376,"views":5,"p1id":"grehthtrhdf","p2id":"polompok","formatid":"gen9anythinggoes","rating":1000,"private":0,"password":""}