{"id":"gen9anythinggoes-1997814138","p1":"lecordonrow","p2":"Guest 3107088","format":"[Gen 9] Anything Goes","log":"|j|\u2606lecordonrow\n|j|\u203dGuest 3107088\n|t:|1700855555\n|gametype|singles\n|player|p1|lecordonrow|unknown|1170\n|player|p2|Guest 3107088|266|1271\n|teamsize|p1|6\n|teamsize|p2|6\n|gen|9\n|tier|[Gen 9] Anything Goes\n|rated|\n|rule|HP Percentage Mod: HP is shown in percentages\n|rule|Endless Battle Clause: Forcing endless battles is banned\n|clearpoke\n|poke|p1|Kommo-o, M|\n|poke|p1|Orthworm, F|\n|poke|p1|Florges, F|\n|poke|p1|Eelektross, M|\n|poke|p1|Mudsdale, M|\n|poke|p1|Lurantis, M|\n|poke|p2|Annihilape, F|\n|poke|p2|Annihilape, M|\n|poke|p2|Kingambit, F|\n|poke|p2|Annihilape, M|\n|poke|p2|Annihilape, M|\n|poke|p2|Annihilape, M|\n|teampreview\n|c|\u2606lecordonrow|oh this again\n|\n|t:|1700855580\n|start\n|switch|p1a: Florges|Florges, F|100\/100\n|switch|p2a: Annihilape|Annihilape, M|100\/100\n|turn|1\n|\n|t:|1700855590\n|-terastallize|p1a: Florges|Ghost\n|move|p2a: Annihilape|Final Gambit|p1a: Florges\n|-immune|p1a: Florges\n|move|p1a: Florges|Moonblast|p2a: Annihilape\n|-supereffective|p2a: Annihilape\n|-damage|p2a: Annihilape|16\/100\n|\n|-heal|p2a: Annihilape|22\/100|[from] item: Leftovers\n|upkeep\n|turn|2\n|\n|t:|1700855603\n|move|p2a: Annihilape|Rage Fist|p1a: Florges\n|-supereffective|p1a: Florges\n|-crit|p1a: Florges\n|-damage|p1a: Florges|0 fnt\n|faint|p1a: Florges\n|\n|-heal|p2a: Annihilape|28\/100|[from] item: Leftovers\n|upkeep\n|\n|t:|1700855612\n|switch|p1a: Mudsdale|Mudsdale, M|100\/100\n|turn|3\n|\n|t:|1700855622\n|move|p2a: Annihilape|Stealth Rock|p1a: Mudsdale\n|-sidestart|p1: lecordonrow|move: Stealth Rock\n|move|p1a: Mudsdale|Sand Tomb|p2a: Annihilape\n|-damage|p2a: Annihilape|12\/100\n|-activate|p2a: Annihilape|move: Sand Tomb|[of] p1a: Mudsdale\n|\n|-heal|p2a: Annihilape|18\/100|[from] item: Leftovers\n|-damage|p2a: Annihilape|6\/100|[from] move: Sand Tomb|[partiallytrapped]\n|upkeep\n|turn|4\n|\n|t:|1700855638\n|switch|p1a: Orthworm|Orthworm, F|100\/100\n|-damage|p1a: Orthworm|94\/100|[from] Stealth Rock\n|move|p2a: Annihilape|Rage Fist|p1a: Orthworm\n|-damage|p1a: Orthworm|32\/100\n|\n|-heal|p2a: Annihilape|12\/100|[from] item: Leftovers\n|-end|p2a: Annihilape|Sand Tomb|[partiallytrapped]|[silent]\n|upkeep\n|turn|5\n|c|\u2606lecordonrow|i need a better ghost defense\n|\n|t:|1700855667\n|move|p2a: Annihilape|Rage Fist|p1a: Orthworm\n|-damage|p1a: Orthworm|0 fnt\n|faint|p1a: Orthworm\n|\n|-heal|p2a: Annihilape|18\/100|[from] item: Leftovers\n|upkeep\n|inactive|Battle timer is ON: inactive players will automatically lose when time's up. (requested by Guest 3107088)\n|\n|t:|1700855676\n|switch|p1a: Lurantis|Lurantis, M|100\/100\n|-damage|p1a: Lurantis|88\/100|[from] Stealth Rock\n|turn|6\n|\n|t:|1700855682\n|move|p2a: Annihilape|Rage Fist|p1a: Lurantis\n|-damage|p1a: Lurantis|5\/100\n|move|p1a: Lurantis|Substitute|p1a: Lurantis\n|-fail|p1a: Lurantis|move: Substitute|[weak]\n|\n|-heal|p2a: Annihilape|24\/100|[from] item: Leftovers\n|upkeep\n|turn|7\n|\n|t:|1700855690\n|move|p2a: Annihilape|Rage Fist|p1a: Lurantis\n|-damage|p1a: Lurantis|0 fnt\n|faint|p1a: Lurantis\n|\n|-heal|p2a: Annihilape|30\/100|[from] item: Leftovers\n|upkeep\n|\n|t:|1700855697\n|switch|p1a: Mudsdale|Mudsdale, M|100\/100\n|-damage|p1a: Mudsdale|94\/100|[from] Stealth Rock\n|turn|8\n|\n|t:|1700855706\n|move|p2a: Annihilape|Rage Fist|p1a: Mudsdale\n|-damage|p1a: Mudsdale|24\/100\n|-ability|p1a: Mudsdale|Stamina|boost\n|-boost|p1a: Mudsdale|def|1\n|move|p1a: Mudsdale|Sand Tomb|p2a: Annihilape\n|-damage|p2a: Annihilape|11\/100\n|-activate|p2a: Annihilape|move: Sand Tomb|[of] p1a: Mudsdale\n|\n|-heal|p2a: Annihilape|17\/100|[from] item: Leftovers\n|-heal|p1a: Mudsdale|30\/100|[from] item: Leftovers\n|-damage|p2a: Annihilape|5\/100|[from] move: Sand Tomb|[partiallytrapped]\n|upkeep\n|turn|9\n|\n|t:|1700855718\n|move|p2a: Annihilape|Rage Fist|p1a: Mudsdale\n|-damage|p1a: Mudsdale|0 fnt\n|faint|p1a: Mudsdale\n|\n|-heal|p2a: Annihilape|11\/100|[from] item: Leftovers\n|-end|p2a: Annihilape|Sand Tomb|[partiallytrapped]|[silent]\n|upkeep\n|c|\u2606lecordonrow|oh righ\n|c|\u2606lecordonrow|rage fist\n|c|\u2606lecordonrow|it's stronger the more times it's hit\n|inactive|lecordonrow has 120 seconds left.\n|c|\u2606lecordonrow|i was thinking of the abiltit\n|c|\u2606lecordonrow|*ability\n|\n|t:|1700855750\n|switch|p1a: Eelektross|Eelektross, M|100\/100\n|-damage|p1a: Eelektross|88\/100|[from] Stealth Rock\n|turn|10\n|inactive|lecordonrow has 120 seconds left.\n|\n|t:|1700855760\n|move|p2a: Annihilape|Rage Fist|p1a: Eelektross\n|-damage|p1a: Eelektross|0 fnt\n|faint|p1a: Eelektross\n|\n|-heal|p2a: Annihilape|17\/100|[from] item: Leftovers\n|upkeep\n|inactive|lecordonrow has 120 seconds left.\n|\n|t:|1700855767\n|switch|p1a: Kommo-o|Kommo-o, M|100\/100\n|-damage|p1a: Kommo-o|94\/100|[from] Stealth Rock\n|turn|11\n|\n|t:|1700855779\n|move|p2a: Annihilape|Rage Fist|p1a: Kommo-o\n|-damage|p1a: Kommo-o|12\/100\n|move|p1a: Kommo-o|Shadow Claw|p2a: Annihilape\n|-supereffective|p2a: Annihilape\n|-damage|p2a: Annihilape|0 fnt\n|faint|p2a: Annihilape\n|-heal|p1a: Kommo-o|14\/100|[from] item: Shell Bell|[of] p2: Annihilape\n|\n|upkeep\n|\n|t:|1700855783\n|switch|p2a: Annihilape|Annihilape, F|100\/100\n|turn|12\n|c|\u2606lecordonrow|well at least it wasn't a sweep\n|\n|t:|1700855799\n|-terastallize|p2a: Annihilape|Fighting\n|move|p2a: Annihilape|Final Gambit|p1a: Kommo-o\n|-damage|p1a: Kommo-o|0 fnt\n|faint|p2a: Annihilape\n|faint|p1a: Kommo-o\n|\n|win|Guest 3107088\n|raw|lecordonrow's rating: 1170 &rarr; <strong>1148<\/strong><br \/>(-22 for losing)\n|raw|Guest 3107088's rating: 1209 &rarr; <strong>1231<\/strong><br \/>(+22 for winning)\n|l|\u2606lecordonrow\n","uploadtime":1700855809,"views":0,"p1id":"lecordonrow","p2id":"guest3107088","formatid":"gen9anythinggoes","rating":1148,"private":0,"password":""}