{"id":"gen9anythinggoes-1983834086","p1":"tacthemenace","p2":"Professional asian","format":"[Gen 9] Anything Goes","log":"|j|\u2606tacthemenace\n|j|\u2606Professional asian\n|t:|1699189245\n|gametype|singles\n|player|p1|tacthemenace|dancer|1197\n|player|p2|Professional asian|1|1224\n|teamsize|p1|6\n|teamsize|p2|6\n|gen|9\n|tier|[Gen 9] Anything Goes\n|rated|\n|rule|HP Percentage Mod: HP is shown in percentages\n|rule|Endless Battle Clause: Forcing endless battles is banned\n|clearpoke\n|poke|p1|Grimmsnarl, M|\n|poke|p1|Cinderace, M|\n|poke|p1|Koraidon|\n|poke|p1|Zacian-*|\n|poke|p1|Zamazenta-*|\n|poke|p1|Hydreigon, M|\n|poke|p2|Darkrai|\n|poke|p2|Dudunsparce-*, F|\n|poke|p2|Espathra, F|\n|poke|p2|Calyrex-Shadow|\n|poke|p2|Quaquaval, F|\n|poke|p2|Drifblim, F|\n|teampreview\n|inactive|Battle timer is ON: inactive players will automatically lose when time's up. (requested by Professional asian)\n|\n|t:|1699189253\n|start\n|switch|p1a: Koraidon|Koraidon|100\/100\n|switch|p2a: Drifblim|Drifblim, F|100\/100\n|-weather|SunnyDay|[from] ability: Orichalcum Pulse|[of] p1a: Koraidon\n|-activate|p1a: Koraidon|Orichalcum Pulse|[source]\n|turn|1\n|\n|t:|1699189261\n|move|p1a: Koraidon|Collision Course|p2a: Drifblim\n|-immune|p2a: Drifblim\n|move|p2a: Drifblim|Minimize|p2a: Drifblim\n|-boost|p2a: Drifblim|evasion|2\n|\n|-weather|SunnyDay|[upkeep]\n|upkeep\n|turn|2\n|\n|t:|1699189273\n|switch|p1a: Hydreigon|Hydreigon, M, shiny|100\/100\n|move|p2a: Drifblim|Minimize|p2a: Drifblim\n|-boost|p2a: Drifblim|evasion|2\n|\n|-weather|SunnyDay|[upkeep]\n|upkeep\n|turn|3\n|\n|t:|1699189282\n|move|p2a: Drifblim|Minimize|p2a: Drifblim\n|-boost|p2a: Drifblim|evasion|2\n|move|p1a: Hydreigon|Dragon Pulse|p2a: Drifblim|[miss]\n|-miss|p1a: Hydreigon|p2a: Drifblim\n|\n|-weather|SunnyDay|[upkeep]\n|upkeep\n|turn|4\n|\n|t:|1699189290\n|move|p2a: Drifblim|Substitute|p2a: Drifblim\n|-start|p2a: Drifblim|Substitute\n|-damage|p2a: Drifblim|75\/100\n|move|p1a: Hydreigon|Acrobatics|p2a: Drifblim|[miss]\n|-miss|p1a: Hydreigon|p2a: Drifblim\n|\n|-weather|SunnyDay|[upkeep]\n|upkeep\n|turn|5\n|\n|t:|1699189299\n|move|p2a: Drifblim|Strength Sap|p1a: Hydreigon\n|-unboost|p1a: Hydreigon|atk|1\n|-heal|p2a: Drifblim|100\/100\n|move|p1a: Hydreigon|Dragon Pulse|p2a: Drifblim\n|-end|p2a: Drifblim|Substitute\n|\n|-weather|none\n|upkeep\n|turn|6\n|\n|t:|1699189310\n|move|p2a: Drifblim|Substitute|p2a: Drifblim\n|-start|p2a: Drifblim|Substitute\n|-damage|p2a: Drifblim|75\/100\n|move|p1a: Hydreigon|Dragon Dance|p1a: Hydreigon\n|-boost|p1a: Hydreigon|atk|1\n|-boost|p1a: Hydreigon|spe|1\n|\n|upkeep\n|turn|7\n|\n|t:|1699189316\n|move|p1a: Hydreigon|Dragon Dance|p1a: Hydreigon\n|-boost|p1a: Hydreigon|atk|1\n|-boost|p1a: Hydreigon|spe|1\n|move|p2a: Drifblim|Strength Sap|p1a: Hydreigon\n|-unboost|p1a: Hydreigon|atk|1\n|-heal|p2a: Drifblim|100\/100\n|\n|upkeep\n|turn|8\n|\n|t:|1699189325\n|move|p1a: Hydreigon|Dragon Dance|p1a: Hydreigon\n|-boost|p1a: Hydreigon|atk|1\n|-boost|p1a: Hydreigon|spe|1\n|move|p2a: Drifblim|Baton Pass|p2a: Drifblim\n|\n|t:|1699189330\n|switch|p2a: Espathra|Espathra, F|100\/100|[from] Baton Pass\n|\n|upkeep\n|turn|9\n|\n|t:|1699189337\n|move|p2a: Espathra|Protect|p2a: Espathra\n|-singleturn|p2a: Espathra|Protect\n|move|p1a: Hydreigon|Dragon Pulse|p2a: Espathra\n|-activate|p2a: Espathra|move: Protect\n|\n|-ability|p2a: Espathra|Speed Boost|boost\n|-boost|p2a: Espathra|spe|1\n|upkeep\n|turn|10\n|\n|t:|1699189349\n|move|p1a: Hydreigon|Dragon Pulse|p2a: Espathra\n|-end|p2a: Espathra|Substitute\n|move|p2a: Espathra|Substitute|p2a: Espathra\n|-start|p2a: Espathra|Substitute\n|-damage|p2a: Espathra|76\/100\n|\n|-heal|p2a: Espathra|82\/100|[from] item: Leftovers\n|-ability|p2a: Espathra|Speed Boost|boost\n|-boost|p2a: Espathra|spe|1\n|upkeep\n|turn|11\n|c|\u2606tacthemenace|BRO STOP\n|\n|t:|1699189360\n|move|p2a: Espathra|Protect|p2a: Espathra\n|-singleturn|p2a: Espathra|Protect\n|move|p1a: Hydreigon|Dragon Pulse|p2a: Espathra\n|-activate|p2a: Espathra|move: Protect\n|\n|-heal|p2a: Espathra|88\/100|[from] item: Leftovers\n|-ability|p2a: Espathra|Speed Boost|boost\n|-boost|p2a: Espathra|spe|1\n|upkeep\n|turn|12\n|c|\u2606tacthemenace|BRO\n|\n|t:|1699189373\n|move|p2a: Espathra|Substitute|p2a: Espathra\n|-fail|p2a: Espathra|move: Substitute\n|move|p1a: Hydreigon|Dragon Dance|p1a: Hydreigon\n|-boost|p1a: Hydreigon|atk|1\n|-boost|p1a: Hydreigon|spe|1\n|\n|-heal|p2a: Espathra|94\/100|[from] item: Leftovers\n|-ability|p2a: Espathra|Speed Boost|boost\n|-boost|p2a: Espathra|spe|1\n|upkeep\n|turn|13\n|\n|t:|1699189382\n|move|p2a: Espathra|Protect|p2a: Espathra\n|-singleturn|p2a: Espathra|Protect\n|move|p1a: Hydreigon|Dragon Dance|p1a: Hydreigon\n|-boost|p1a: Hydreigon|atk|1\n|-boost|p1a: Hydreigon|spe|1\n|\n|-heal|p2a: Espathra|99\/100|[from] item: Leftovers\n|-ability|p2a: Espathra|Speed Boost|boost\n|-boost|p2a: Espathra|spe|1\n|upkeep\n|turn|14\n|\n|t:|1699189406\n|move|p2a: Espathra|Substitute|p2a: Espathra\n|-fail|p2a: Espathra|move: Substitute\n|move|p1a: Hydreigon|Dragon Dance|p1a: Hydreigon\n|-boost|p1a: Hydreigon|atk|1\n|-boost|p1a: Hydreigon|spe|1\n|\n|-heal|p2a: Espathra|100\/100|[from] item: Leftovers\n|-ability|p2a: Espathra|Speed Boost|boost\n|-boost|p2a: Espathra|spe|1\n|upkeep\n|turn|15\n|\n|t:|1699189416\n|move|p2a: Espathra|Baton Pass|p2a: Espathra\n|\n|t:|1699189418\n|switch|p2a: Dudunsparce|Dudunsparce-Three-Segment, F|100\/100|[from] Baton Pass\n|move|p1a: Hydreigon|Dragon Pulse|p2a: Dudunsparce|[miss]\n|-miss|p1a: Hydreigon|p2a: Dudunsparce\n|\n|upkeep\n|turn|16\n|\n|t:|1699189428\n|move|p1a: Hydreigon|Dragon Pulse|p2a: Dudunsparce\n|-end|p2a: Dudunsparce|Substitute\n|move|p2a: Dudunsparce|Glare|p1a: Hydreigon\n|-status|p1a: Hydreigon|par\n|\n|upkeep\n|turn|17\n|\n|t:|1699189436\n|move|p2a: Dudunsparce|Coil|p2a: Dudunsparce\n|-boost|p2a: Dudunsparce|atk|1\n|-boost|p2a: Dudunsparce|def|1\n|-boost|p2a: Dudunsparce|accuracy|1\n|move|p1a: Hydreigon|Hydro Pump|p2a: Dudunsparce|[miss]\n|-miss|p1a: Hydreigon|p2a: Dudunsparce\n|\n|upkeep\n|turn|18\n|\n|t:|1699189444\n|move|p2a: Dudunsparce|Coil|p2a: Dudunsparce\n|-boost|p2a: Dudunsparce|atk|1\n|-boost|p2a: Dudunsparce|def|1\n|-boost|p2a: Dudunsparce|accuracy|1\n|move|p1a: Hydreigon|Hydro Pump|p2a: Dudunsparce\n|-damage|p2a: Dudunsparce|59\/100\n|\n|upkeep\n|turn|19\n|\n|t:|1699189461\n|move|p2a: Dudunsparce|Bite|p1a: Hydreigon\n|-resisted|p1a: Hydreigon\n|-damage|p1a: Hydreigon|82\/100 par\n|cant|p1a: Hydreigon|flinch\n|\n|upkeep\n|turn|20\n|\n|t:|1699189467\n|move|p2a: Dudunsparce|Baton Pass|p2a: Dudunsparce\n|\n|t:|1699189469\n|switch|p2a: Darkrai|Darkrai|100\/100|[from] Baton Pass\n|cant|p1a: Hydreigon|par\n|\n|upkeep\n|turn|21\n|\n|t:|1699189477\n|switch|p1a: Koraidon|Koraidon|100\/100\n|-weather|SunnyDay|[from] ability: Orichalcum Pulse|[of] p1a: Koraidon\n|-activate|p1a: Koraidon|Orichalcum Pulse|[source]\n|move|p2a: Darkrai|Substitute|p2a: Darkrai\n|-start|p2a: Darkrai|Substitute\n|-damage|p2a: Darkrai|76\/100\n|\n|-weather|SunnyDay|[upkeep]\n|-heal|p2a: Darkrai|82\/100|[from] item: Leftovers\n|upkeep\n|turn|22\n|\n|t:|1699189488\n|move|p2a: Darkrai|Hypnosis|p1a: Koraidon\n|-status|p1a: Koraidon|slp|[from] move: Hypnosis\n|cant|p1a: Koraidon|slp\n|\n|-weather|SunnyDay|[upkeep]\n|-heal|p2a: Darkrai|88\/100|[from] item: Leftovers\n|-damage|p1a: Koraidon|88\/100 slp|[from] ability: Bad Dreams|[of] p2a: Darkrai\n|upkeep\n|turn|23\n|\n|t:|1699189506\n|switch|p1a: Zacian|Zacian-Crowned|100\/100\n|-ability|p1a: Zacian|Intrepid Sword|boost\n|-boost|p1a: Zacian|atk|1\n|move|p2a: Darkrai|Calm Mind|p2a: Darkrai\n|-boost|p2a: Darkrai|spa|1\n|-boost|p2a: Darkrai|spd|1\n|\n|-weather|SunnyDay|[upkeep]\n|-heal|p2a: Darkrai|94\/100|[from] item: Leftovers\n|upkeep\n|turn|24\n|\n|t:|1699189516\n|move|p2a: Darkrai|Hypnosis|p1a: Zacian\n|-status|p1a: Zacian|slp|[from] move: Hypnosis\n|cant|p1a: Zacian|slp\n|\n|-weather|SunnyDay|[upkeep]\n|-heal|p2a: Darkrai|99\/100|[from] item: Leftovers\n|-damage|p1a: Zacian|88\/100 slp|[from] ability: Bad Dreams|[of] p2a: Darkrai\n|upkeep\n|turn|25\n|c|\u2606tacthemenace|BRO ATOP\n|c|\u2606tacthemenace|BRO\n|c|\u2606tacthemenace|BRO\n|c|\u2606tacthemenace|BRO CMON\n|\n|t:|1699189530\n|move|p2a: Darkrai|Calm Mind|p2a: Darkrai\n|-boost|p2a: Darkrai|spa|1\n|-boost|p2a: Darkrai|spd|1\n|-curestatus|p1a: Zacian|slp|[msg]\n|move|p1a: Zacian|Agility|p1a: Zacian\n|-boost|p1a: Zacian|spe|2\n|\n|-weather|none\n|-heal|p2a: Darkrai|100\/100|[from] item: Leftovers\n|upkeep\n|turn|26\n|c|\u2606Professional asian|NO\n|\n|t:|1699189544\n|move|p2a: Darkrai|Calm Mind|p2a: Darkrai\n|-boost|p2a: Darkrai|spa|1\n|-boost|p2a: Darkrai|spd|1\n|move|p1a: Zacian|Agility|p1a: Zacian\n|-boost|p1a: Zacian|spe|2\n|\n|upkeep\n|turn|27\n|c|\u2606tacthemenace|WHY\n|c|\u2606Professional asian|Because\n|\n|t:|1699189555\n|move|p2a: Darkrai|Hypnosis|p1a: Zacian\n|-status|p1a: Zacian|slp|[from] move: Hypnosis\n|cant|p1a: Zacian|slp\n|\n|-damage|p1a: Zacian|76\/100 slp|[from] ability: Bad Dreams|[of] p2a: Darkrai\n|upkeep\n|turn|28\n|n|!tacthemenace|tacthemenace\n|c|\u2606Professional asian|I, testing this team out\n|c|\u2606Professional asian|But\n|c|\u2606Professional asian|i may\n|c|\u2606Professional asian|or may not\n|inactive|Professional asian has 120 seconds left.\n|c|\u2606Professional asian|have forgotten dp for darkrai\u2026\n|c|\u2606Professional asian|and accidentally put something else\n|\n|t:|1699189603\n|move|p2a: Darkrai|Calm Mind|p2a: Darkrai\n|-boost|p2a: Darkrai|spa|1\n|-boost|p2a: Darkrai|spd|1\n|cant|p1a: Zacian|slp\n|\n|-damage|p1a: Zacian|64\/100 slp|[from] ability: Bad Dreams|[of] p2a: Darkrai\n|upkeep\n|turn|29\n|\n|t:|1699189610\n|move|p2a: Darkrai|Calm Mind|p2a: Darkrai\n|-boost|p2a: Darkrai|spa|1\n|-boost|p2a: Darkrai|spd|1\n|-curestatus|p1a: Zacian|slp|[msg]\n|move|p1a: Zacian|Agility|p1a: Zacian\n|-boost|p1a: Zacian|spe|2\n|\n|upkeep\n|turn|30\n|inactive|Professional asian has 120 seconds left.\n|\n|t:|1699189619\n|move|p1a: Zacian|Agility|p1a: Zacian\n|-boost|p1a: Zacian|spe|0\n|move|p2a: Darkrai|Hypnosis|p1a: Zacian\n|-status|p1a: Zacian|slp|[from] move: Hypnosis\n|\n|-damage|p1a: Zacian|51\/100 slp|[from] ability: Bad Dreams|[of] p2a: Darkrai\n|upkeep\n|turn|31\n|\n|t:|1699189627\n|cant|p1a: Zacian|slp\n|move|p2a: Darkrai|Calm Mind|p2a: Darkrai\n|-boost|p2a: Darkrai|spa|1\n|-boost|p2a: Darkrai|spd|1\n|\n|-damage|p1a: Zacian|39\/100 slp|[from] ability: Bad Dreams|[of] p2a: Darkrai\n|upkeep\n|turn|32\n|\n|t:|1699189639\n|-terastallize|p1a: Zacian|Fairy\n|cant|p1a: Zacian|slp\n|move|p2a: Darkrai|Substitute|p2a: Darkrai\n|-fail|p2a: Darkrai|move: Substitute\n|\n|-damage|p1a: Zacian|27\/100 slp|[from] ability: Bad Dreams|[of] p2a: Darkrai\n|upkeep\n|turn|33\n|\n|t:|1699189658\n|cant|p1a: Zacian|slp\n|move|p2a: Darkrai|Hypnosis|p1a: Zacian\n|-fail|p1a: Zacian|slp\n|\n|-damage|p1a: Zacian|14\/100 slp|[from] ability: Bad Dreams|[of] p2a: Darkrai\n|upkeep\n|turn|34\n|\n|t:|1699189670\n|-curestatus|p1a: Zacian|slp|[msg]\n|move|p1a: Zacian|Moonblast|p2a: Darkrai|[miss]\n|-miss|p1a: Zacian|p2a: Darkrai\n|move|p2a: Darkrai|Hypnosis|p1a: Zacian\n|-status|p1a: Zacian|slp|[from] move: Hypnosis\n|\n|-damage|p1a: Zacian|2\/100 slp|[from] ability: Bad Dreams|[of] p2a: Darkrai\n|upkeep\n|turn|35\n|-message|tacthemenace forfeited.\n|\n|win|Professional asian\n|raw|tacthemenace's rating: 1197 &rarr; <strong>1174<\/strong><br \/>(-23 for losing)\n|raw|Professional asian's rating: 1224 &rarr; <strong>1247<\/strong><br \/>(+23 for winning)\n|l|!tacthemenace\n","uploadtime":1699189562,"views":5,"p1id":"tacthemenace","p2id":"professionalasian","formatid":"gen9anythinggoes","rating":1174,"private":0,"password":""}