{"id":"gen9anythinggoes-1998356034","p1":"Tu_beibiuwu01","p2":"OwnMetal54","format":"[Gen 9] Anything Goes","log":"|j|\u2606Tu_beibiuwu01\n|j|\u2606OwnMetal54\n|t:|1700933164\n|gametype|singles\n|player|p1|Tu_beibiuwu01|preschooler|1084\n|player|p2|OwnMetal54|fantina|1106\n|teamsize|p1|6\n|teamsize|p2|6\n|gen|9\n|tier|[Gen 9] Anything Goes\n|rated|\n|rule|HP Percentage Mod: HP is shown in percentages\n|rule|Endless Battle Clause: Forcing endless battles is banned\n|clearpoke\n|poke|p1|Cinderace, M|\n|poke|p1|Rillaboom, M|\n|poke|p1|Okidogi, M|\n|poke|p1|Gholdengo|\n|poke|p1|Quaquaval, F|\n|poke|p1|Houndstone, M|\n|poke|p2|Sableye, M|\n|poke|p2|Glimmora, M|\n|poke|p2|Amoonguss, M|\n|poke|p2|Azumarill, F|\n|poke|p2|Volcarona, F|\n|poke|p2|Goodra-Hisui, M|\n|teampreview\n|inactive|Battle timer is ON: inactive players will automatically lose when time's up. (requested by OwnMetal54)\n|\n|t:|1700933181\n|start\n|switch|p1a: Cinderace|Cinderace, M|100\/100\n|switch|p2a: Sableye|Sableye, M|100\/100\n|turn|1\n|\n|t:|1700933189\n|move|p2a: Sableye|Fake Out|p1a: Cinderace\n|-damage|p1a: Cinderace|87\/100\n|cant|p1a: Cinderace|flinch\n|\n|upkeep\n|turn|2\n|\n|t:|1700933194\n|move|p2a: Sableye|Sucker Punch|p1a: Cinderace\n|-damage|p1a: Cinderace|55\/100\n|move|p1a: Cinderace|U-turn|p2a: Sableye\n|-start|p1a: Cinderace|typechange|Bug|[from] ability: Libero\n|-damage|p2a: Sableye|65\/100\n|\n|t:|1700933199\n|switch|p1a: Houndstone|Houndstone, M, shiny|100\/100|[from] U-turn\n|\n|upkeep\n|turn|3\n|\n|t:|1700933203\n|move|p2a: Sableye|Reflect|p2a: Sableye\n|-sidestart|p2: OwnMetal54|Reflect\n|move|p1a: Houndstone|Play Rough|p2a: Sableye|[miss]\n|-miss|p1a: Houndstone|p2a: Sableye\n|\n|upkeep\n|turn|4\n|\n|t:|1700933209\n|move|p2a: Sableye|Light Screen|p2a: Sableye\n|-sidestart|p2: OwnMetal54|move: Light Screen\n|move|p1a: Houndstone|Play Rough|p2a: Sableye\n|-supereffective|p2a: Sableye\n|-damage|p2a: Sableye|29\/100\n|-unboost|p2a: Sableye|atk|1\n|\n|upkeep\n|turn|5\n|\n|t:|1700933215\n|move|p2a: Sableye|Sucker Punch|p1a: Houndstone\n|-supereffective|p1a: Houndstone\n|-damage|p1a: Houndstone|56\/100\n|move|p1a: Houndstone|Play Rough|p2a: Sableye\n|-supereffective|p2a: Sableye\n|-damage|p2a: Sableye|0 fnt\n|faint|p2a: Sableye\n|\n|-heal|p1a: Houndstone|62\/100|[from] item: Leftovers\n|upkeep\n|\n|t:|1700933225\n|switch|p2a: Azumarill|Azumarill, F|100\/100\n|turn|6\n|\n|t:|1700933235\n|move|p1a: Houndstone|Sandstorm|p1a: Houndstone\n|-weather|Sandstorm\n|move|p2a: Azumarill|Belly Drum|p2a: Azumarill\n|-damage|p2a: Azumarill|50\/100\n|-setboost|p2a: Azumarill|atk|6|[from] move: Belly Drum\n|\n|-weather|Sandstorm|[upkeep]\n|-damage|p2a: Azumarill|44\/100|[from] Sandstorm\n|-heal|p1a: Houndstone|68\/100|[from] item: Leftovers\n|upkeep\n|turn|7\n|\n|t:|1700933244\n|move|p2a: Azumarill|Aqua Jet|p1a: Houndstone\n|-damage|p1a: Houndstone|0 fnt\n|faint|p1a: Houndstone\n|-heal|p2a: Azumarill|50\/100|[from] item: Shell Bell|[of] p1: Houndstone\n|\n|-weather|Sandstorm|[upkeep]\n|-damage|p2a: Azumarill|44\/100|[from] Sandstorm\n|upkeep\n|\n|t:|1700933251\n|switch|p1a: Rillaboom|Rillaboom, M, shiny|100\/100\n|-fieldstart|move: Grassy Terrain|[from] ability: Grassy Surge|[of] p1a: Rillaboom\n|turn|8\n|\n|t:|1700933265\n|move|p2a: Azumarill|Aqua Jet|p1a: Rillaboom\n|-resisted|p1a: Rillaboom\n|-damage|p1a: Rillaboom|56\/100\n|-heal|p2a: Azumarill|49\/100|[from] item: Shell Bell|[of] p1a: Rillaboom\n|move|p1a: Rillaboom|Knock Off|p2a: Azumarill\n|-resisted|p2a: Azumarill\n|-damage|p2a: Azumarill|39\/100\n|-enditem|p2a: Azumarill|Shell Bell|[from] move: Knock Off|[of] p1a: Rillaboom\n|\n|-weather|Sandstorm|[upkeep]\n|-damage|p1a: Rillaboom|50\/100|[from] Sandstorm\n|-damage|p2a: Azumarill|32\/100|[from] Sandstorm\n|-heal|p1a: Rillaboom|56\/100|[from] Grassy Terrain\n|-heal|p2a: Azumarill|39\/100|[from] Grassy Terrain\n|upkeep\n|turn|9\n|\n|t:|1700933279\n|move|p1a: Rillaboom|Knock Off|p2a: Azumarill\n|-resisted|p2a: Azumarill\n|-damage|p2a: Azumarill|31\/100\n|move|p2a: Azumarill|Ice Spinner|p1a: Rillaboom\n|-supereffective|p1a: Rillaboom\n|-damage|p1a: Rillaboom|0 fnt\n|-fieldend|move: Grassy Terrain\n|faint|p1a: Rillaboom\n|\n|-weather|Sandstorm|[upkeep]\n|-damage|p2a: Azumarill|25\/100|[from] Sandstorm\n|upkeep\n|\n|t:|1700933287\n|switch|p1a: Quaquaval|Quaquaval, F, shiny|100\/100\n|turn|10\n|\n|t:|1700933298\n|move|p1a: Quaquaval|Rapid Spin|p2a: Azumarill\n|-damage|p2a: Azumarill|17\/100\n|-boost|p1a: Quaquaval|spe|1\n|move|p2a: Azumarill|Play Rough|p1a: Quaquaval\n|-supereffective|p1a: Quaquaval\n|-damage|p1a: Quaquaval|0 fnt\n|faint|p1a: Quaquaval\n|\n|-weather|none\n|-sideend|p2: OwnMetal54|Reflect\n|upkeep\n|\n|t:|1700933300\n|switch|p1a: Gholdengo|Gholdengo, shiny|100\/100\n|turn|11\n|\n|t:|1700933310\n|move|p2a: Azumarill|Aqua Jet|p1a: Gholdengo\n|-damage|p1a: Gholdengo|0 fnt\n|faint|p1a: Gholdengo\n|\n|-sideend|p2: OwnMetal54|move: Light Screen\n|upkeep\n|c|\u2606Tu_beibiuwu01|tr9ll9 put9 g3y t4ans\n|-message|Tu_beibiuwu01 forfeited.\n|\n|win|OwnMetal54\n|raw|Tu_beibiuwu01's rating: 1084 &rarr; <strong>1063<\/strong><br \/>(-21 for losing)\n|raw|OwnMetal54's rating: 1106 &rarr; <strong>1129<\/strong><br \/>(+23 for winning)\n","uploadtime":1700933329,"views":0,"p1id":"tubeibiuwu01","p2id":"ownmetal54","formatid":"gen9anythinggoes","rating":1063,"private":0,"password":""}