{"id":"gen9anythinggoes-1987874658","p1":"bigeg04","p2":"BenG1021","format":"[Gen 9] Anything Goes","log":"|j|\u2606bigeg04\n|j|\u2606BenG1021\n|t:|1699644856\n|gametype|singles\n|player|p1|bigeg04|266|\n|player|p2|BenG1021|1|\n|teamsize|p1|6\n|teamsize|p2|6\n|gen|9\n|tier|[Gen 9] Anything Goes\n|rule|HP Percentage Mod: HP is shown in percentages\n|rule|Endless Battle Clause: Forcing endless battles is banned\n|clearpoke\n|poke|p1|Eiscue, M|\n|poke|p1|Typhlosion, M|\n|poke|p1|Garchomp, M|\n|poke|p1|Scizor, M|\n|poke|p1|Gengar, M|\n|poke|p1|Rotom-Mow|\n|poke|p2|Baxcalibur, M|\n|poke|p2|Slowking-Galar, M|\n|poke|p2|Squawkabilly-Blue, M|\n|poke|p2|Toedscruel, F|\n|poke|p2|Magneton|\n|poke|p2|Basculegion-F, F|\n|teampreview\n|j| 50UP\n|j| patddontpee\n|\n|t:|1699644917\n|start\n|switch|p1a: Garchomp|Garchomp, M|100\/100\n|switch|p2a: Slowking|Slowking-Galar, M, shiny|100\/100\n|turn|1\n|\n|t:|1699644934\n|move|p1a: Garchomp|Stealth Rock|p2a: Slowking\n|-sidestart|p2: BenG1021|move: Stealth Rock\n|move|p2a: Slowking|Chilly Reception|p2a: Slowking\n|-weather|Snow\n|\n|t:|1699644937\n|switch|p2a: Baxcalibur|Baxcalibur, M, shiny|100\/100|[from] Chilly Reception\n|-damage|p2a: Baxcalibur|76\/100|[from] Stealth Rock\n|\n|-weather|Snow|[upkeep]\n|-heal|p2a: Baxcalibur|82\/100|[from] ability: Ice Body\n|upkeep\n|turn|2\n|\n|t:|1699645033\n|switch|p1a: Eiscue|Eiscue, M|100\/100\n|move|p2a: Baxcalibur|Icicle Spear|p1a: Eiscue\n|-activate|p1a: Eiscue|ability: Ice Face\n|-damage|p1a: Eiscue|100\/100\n|detailschange|p1a: Eiscue|Eiscue-Noice, M\n|-resisted|p1a: Eiscue\n|-damage|p1a: Eiscue|93\/100\n|-resisted|p1a: Eiscue\n|-damage|p1a: Eiscue|86\/100\n|-resisted|p1a: Eiscue\n|-damage|p1a: Eiscue|78\/100\n|-hitcount|p1a: Eiscue|4\n|\n|-weather|Snow|[upkeep]\n|-heal|p2a: Baxcalibur|88\/100|[from] ability: Ice Body\n|upkeep\n|turn|3\n|\n|t:|1699645070\n|move|p1a: Eiscue|Belly Drum|p1a: Eiscue\n|-damage|p1a: Eiscue|28\/100\n|-setboost|p1a: Eiscue|atk|6|[from] move: Belly Drum\n|-enditem|p1a: Eiscue|Sitrus Berry|[eat]\n|-heal|p1a: Eiscue|53\/100|[from] item: Sitrus Berry\n|move|p2a: Baxcalibur|Glaive Rush|p1a: Eiscue\n|-damage|p1a: Eiscue|0 fnt\n|-singlemove|p2a: Baxcalibur|Glaive Rush|[silent]\n|faint|p1a: Eiscue\n|\n|-weather|Snow|[upkeep]\n|-heal|p2a: Baxcalibur|94\/100|[from] ability: Ice Body\n|upkeep\n|\n|t:|1699645102\n|switch|p1a: Typhlosion|Typhlosion, M|100\/100\n|turn|4\n|\n|t:|1699645129\n|switch|p2a: Basculegion|Basculegion-F, F, shiny|100\/100\n|-damage|p2a: Basculegion|88\/100|[from] Stealth Rock\n|-terastallize|p1a: Typhlosion|Grass\n|move|p1a: Typhlosion|Eruption|p2a: Basculegion\n|-resisted|p2a: Basculegion\n|-damage|p2a: Basculegion|46\/100\n|-damage|p1a: Typhlosion|91\/100|[from] item: Life Orb\n|\n|-weather|Snow|[upkeep]\n|upkeep\n|turn|5\n|\n|t:|1699645182\n|move|p1a: Typhlosion|Eruption|p2a: Basculegion\n|-resisted|p2a: Basculegion\n|-damage|p2a: Basculegion|4\/100\n|-damage|p1a: Typhlosion|81\/100|[from] item: Life Orb\n|move|p2a: Basculegion|Ice Beam|p1a: Typhlosion\n|-supereffective|p1a: Typhlosion\n|-damage|p1a: Typhlosion|0 fnt\n|faint|p1a: Typhlosion\n|\n|-weather|none\n|upkeep\n|\n|t:|1699645237\n|switch|p1a: Scizor|Scizor, M|100\/100\n|turn|6\n|j| Masontomato\n|\n|t:|1699645300\n|move|p2a: Basculegion|Ice Beam|p1a: Scizor\n|-resisted|p1a: Scizor\n|-damage|p1a: Scizor|89\/100\n|move|p1a: Scizor|Knock Off|p2a: Basculegion\n|-supereffective|p2a: Basculegion\n|-damage|p2a: Basculegion|0 fnt\n|-enditem|p2a: Basculegion|Choice Specs|[from] move: Knock Off|[of] p1a: Scizor\n|faint|p2a: Basculegion\n|\n|upkeep\n|\n|t:|1699645306\n|switch|p2a: Magneton|Magneton, shiny|100\/100\n|-damage|p2a: Magneton|94\/100|[from] Stealth Rock\n|-item|p2a: Magneton|Air Balloon\n|turn|7\n|\n|t:|1699645341\n|-terastallize|p2a: Magneton|Fire\n|move|p1a: Scizor|Bullet Punch|p2a: Magneton\n|-resisted|p2a: Magneton\n|-crit|p2a: Magneton\n|-damage|p2a: Magneton|64\/100\n|-enditem|p2a: Magneton|Air Balloon\n|move|p2a: Magneton|Tera Blast|p1a: Scizor|[anim] Tera Blast Fire\n|-supereffective|p1a: Scizor\n|-crit|p1a: Scizor\n|-damage|p1a: Scizor|0 fnt\n|faint|p1a: Scizor\n|\n|upkeep\n|c| Masontomato|crit mattered guys\n|\n|t:|1699645353\n|switch|p1a: Garchomp|Garchomp, M|100\/100\n|turn|8\n|l| Masontomato\n|\n|t:|1699645398\n|switch|p2a: Toedscruel|Toedscruel, F, shiny|100\/100\n|move|p1a: Garchomp|Earthquake|p2a: Toedscruel\n|-resisted|p2a: Toedscruel\n|-damage|p2a: Toedscruel|68\/100\n|\n|upkeep\n|turn|9\n|\n|t:|1699645437\n|move|p1a: Garchomp|Iron Head|p2a: Toedscruel\n|-damage|p2a: Toedscruel|32\/100\n|move|p2a: Toedscruel|Spore|p1a: Garchomp\n|-status|p1a: Garchomp|slp|[from] move: Spore\n|\n|upkeep\n|turn|10\n|\n|t:|1699645452\n|cant|p1a: Garchomp|slp\n|move|p2a: Toedscruel|Knock Off|p1a: Garchomp\n|-damage|p1a: Garchomp|91\/100 slp\n|-damage|p2a: Toedscruel|20\/100|[from] ability: Rough Skin|[of] p1a: Garchomp\n|-enditem|p1a: Garchomp|Leftovers|[from] move: Knock Off|[of] p2a: Toedscruel\n|\n|upkeep\n|turn|11\n|\n|t:|1699645459\n|cant|p1a: Garchomp|slp\n|move|p2a: Toedscruel|Rapid Spin|p1a: Garchomp\n|-damage|p1a: Garchomp|86\/100 slp\n|-boost|p2a: Toedscruel|spe|1\n|-damage|p2a: Toedscruel|8\/100|[from] ability: Rough Skin|[of] p1a: Garchomp\n|-sideend|p2: BenG1021|Stealth Rock|[from] move: Rapid Spin|[of] p2a: Toedscruel\n|\n|upkeep\n|turn|12\n|\n|t:|1699645466\n|cant|p1a: Garchomp|slp\n|move|p2a: Toedscruel|Earth Power|p1a: Garchomp\n|-damage|p1a: Garchomp|55\/100 slp\n|\n|upkeep\n|turn|13\n|c|\u2606BenG1021|zzzz\n|\n|t:|1699645475\n|-curestatus|p1a: Garchomp|slp|[msg]\n|move|p1a: Garchomp|Protect|p1a: Garchomp\n|-singleturn|p1a: Garchomp|Protect\n|move|p2a: Toedscruel|Earth Power|p1a: Garchomp\n|-activate|p1a: Garchomp|move: Protect\n|\n|upkeep\n|turn|14\n|\n|t:|1699645492\n|move|p1a: Garchomp|Earthquake|p2a: Toedscruel\n|-resisted|p2a: Toedscruel\n|-damage|p2a: Toedscruel|0 fnt\n|faint|p2a: Toedscruel\n|\n|upkeep\n|\n|t:|1699645519\n|switch|p2a: Magneton|Magneton, shiny, tera:Fire|64\/100\n|turn|15\n|\n|t:|1699645531\n|move|p2a: Magneton|Steel Beam|p1a: Garchomp\n|-damage|p1a: Garchomp|0 fnt\n|-damage|p2a: Magneton|13\/100|[from] steelbeam\n|faint|p1a: Garchomp\n|\n|upkeep\n|c|\u2606BenG1021|BIG BALLER\n|\n|t:|1699645544\n|switch|p1a: Gengar|Gengar, M|100\/100\n|turn|16\n|\n|t:|1699645552\n|move|p1a: Gengar|Nasty Plot|p1a: Gengar\n|-boost|p1a: Gengar|spa|2\n|move|p2a: Magneton|Steel Beam|p1a: Gengar\n|-enditem|p1a: Gengar|Focus Sash\n|-damage|p1a: Gengar|1\/100\n|-damage|p2a: Magneton|0 fnt|[from] steelbeam\n|faint|p2a: Magneton\n|\n|upkeep\n|\n|t:|1699645568\n|switch|p2a: Squawkabilly|Squawkabilly-Blue, M, shiny|100\/100\n|turn|17\n|\n|t:|1699645575\n|move|p1a: Gengar|Sludge Bomb|p2a: Squawkabilly\n|-damage|p2a: Squawkabilly|0 fnt\n|faint|p2a: Squawkabilly\n|\n|upkeep\n|\n|t:|1699645577\n|switch|p2a: Slowking|Slowking-Galar, M, shiny|100\/100\n|turn|18\n|\n|t:|1699645609\n|switch|p1a: Rotom|Rotom-Mow|100\/100\n|move|p2a: Slowking|Sludge Bomb|p1a: Rotom\n|-supereffective|p1a: Rotom\n|-damage|p1a: Rotom|24\/100\n|-enditem|p1a: Rotom|Aguav Berry|[eat]\n|-heal|p1a: Rotom|57\/100|[from] item: Aguav Berry\n|\n|upkeep\n|turn|19\n|\n|t:|1699645627\n|move|p1a: Rotom|Thunder Wave|p2a: Slowking\n|-status|p2a: Slowking|par\n|move|p2a: Slowking|Sludge Bomb|p1a: Rotom\n|-supereffective|p1a: Rotom\n|-damage|p1a: Rotom|0 fnt\n|faint|p1a: Rotom\n|\n|upkeep\n|\n|t:|1699645634\n|switch|p1a: Gengar|Gengar, M|1\/100\n|turn|20\n|\n|t:|1699645646\n|move|p1a: Gengar|Shadow Ball|p2a: Slowking\n|-supereffective|p2a: Slowking\n|-damage|p2a: Slowking|50\/100 par\n|move|p2a: Slowking|Sludge Bomb|p1a: Gengar\n|-resisted|p1a: Gengar\n|-damage|p1a: Gengar|0 fnt\n|faint|p1a: Gengar\n|\n|win|BenG1021\n|l|\u2606BenG1021\n","uploadtime":1699645725,"views":12,"p1id":"bigeg04","p2id":"beng1021","formatid":"gen9anythinggoes","rating":0,"private":0,"password":""}