{"id":"gen9anythinggoes-1978137529","p1":"UltraDJames","p2":"haokunya002","format":"[Gen 9] Anything Goes","log":"|j|\u2606UltraDJames\n|j|\u2606haokunya002\n|t:|1698503991\n|gametype|singles\n|player|p1|UltraDJames|falkner|1440\n|player|p2|haokunya002|red|1697\n|teamsize|p1|6\n|teamsize|p2|6\n|gen|9\n|tier|[Gen 9] Anything Goes\n|rated|\n|rule|HP Percentage Mod: HP is shown in percentages\n|rule|Endless Battle Clause: Forcing endless battles is banned\n|clearpoke\n|poke|p1|Miraidon|\n|poke|p1|Quagsire, F|\n|poke|p1|Espeon, M|\n|poke|p1|Corviknight, M|\n|poke|p1|Sneasler, F|\n|poke|p1|Calyrex-Shadow|\n|poke|p2|Calyrex-Shadow|\n|poke|p2|Koraidon|\n|poke|p2|Arceus|\n|poke|p2|Arceus-Ground|\n|poke|p2|Arceus-Ground|\n|poke|p2|Arceus|\n|teampreview\n|inactive|Battle timer is ON: inactive players will automatically lose when time's up. (requested by UltraDJames)\n|inactive|haokunya002 also wants the timer to be on.\n|c|\u2606UltraDJames|gl\n|c|\u2606UltraDJames|hot damn this team\n|\n|t:|1698504003\n|start\n|switch|p1a: Miraidon|Miraidon|100\/100\n|switch|p2a: Arceus|Arceus-Ground|100\/100\n|-fieldstart|move: Electric Terrain|[from] ability: Hadron Engine|[of] p1a: Miraidon\n|turn|1\n|\n|t:|1698504008\n|move|p1a: Miraidon|Taunt|p2a: Arceus\n|-start|p2a: Arceus|move: Taunt\n|cant|p2a: Arceus|move: Taunt|Stealth Rock\n|\n|upkeep\n|turn|2\n|\n|t:|1698504012\n|move|p1a: Miraidon|Reflect|p1a: Miraidon\n|-sidestart|p1: UltraDJames|Reflect\n|move|p2a: Arceus|Judgment|p1a: Miraidon\n|-supereffective|p1a: Miraidon\n|-damage|p1a: Miraidon|9\/100\n|\n|upkeep\n|turn|3\n|\n|t:|1698504016\n|switch|p1a: Corviknight|Corviknight, M|100\/100\n|move|p2a: Arceus|Ice Beam|p1a: Corviknight\n|-damage|p1a: Corviknight|80\/100\n|\n|-heal|p1a: Corviknight|86\/100|[from] item: Leftovers\n|-end|p2a: Arceus|move: Taunt\n|upkeep\n|turn|4\n|\n|t:|1698504020\n|switch|p1a: Espeon|Espeon, M|100\/100\n|move|p2a: Arceus|Stealth Rock|p1a: Espeon\n|move|p1a: Espeon|Stealth Rock|p2a: Arceus|[from]ability: Magic Bounce\n|-sidestart|p2: haokunya002|move: Stealth Rock\n|\n|upkeep\n|turn|5\n|\n|t:|1698504024\n|switch|p1a: Corviknight|Corviknight, M|86\/100\n|move|p2a: Arceus|Judgment|p1a: Corviknight\n|-immune|p1a: Corviknight\n|\n|-heal|p1a: Corviknight|93\/100|[from] item: Leftovers\n|-fieldend|move: Electric Terrain\n|upkeep\n|turn|6\n|\n|t:|1698504026\n|move|p2a: Arceus|Stealth Rock|p1a: Corviknight\n|-sidestart|p1: UltraDJames|move: Stealth Rock\n|move|p1a: Corviknight|Agility|p1a: Corviknight\n|-boost|p1a: Corviknight|spe|2\n|\n|-heal|p1a: Corviknight|99\/100|[from] item: Leftovers\n|upkeep\n|turn|7\n|\n|t:|1698504030\n|move|p2a: Arceus|Ice Beam|p1a: Corviknight\n|-damage|p1a: Corviknight|80\/100\n|move|p1a: Corviknight|Bulk Up|p1a: Corviknight\n|-boost|p1a: Corviknight|atk|1\n|-boost|p1a: Corviknight|def|1\n|\n|-heal|p1a: Corviknight|87\/100|[from] item: Leftovers\n|upkeep\n|turn|8\n|\n|t:|1698504035\n|switch|p2a: Calyrex|Calyrex-Shadow|100\/100\n|-ability|p2a: Calyrex|As One\n|-ability|p2a: Calyrex|Unnerve\n|-damage|p2a: Calyrex|88\/100|[from] Stealth Rock\n|move|p1a: Corviknight|Agility|p1a: Corviknight\n|-boost|p1a: Corviknight|spe|2\n|\n|-heal|p1a: Corviknight|93\/100|[from] item: Leftovers\n|-heal|p2a: Calyrex|94\/100|[from] item: Leftovers\n|upkeep\n|turn|9\n|\n|t:|1698504041\n|move|p1a: Corviknight|Power Trip|p2a: Calyrex\n|-supereffective|p2a: Calyrex\n|-damage|p2a: Calyrex|0 fnt\n|faint|p2a: Calyrex\n|\n|-heal|p1a: Corviknight|99\/100|[from] item: Leftovers\n|-sideend|p1: UltraDJames|Reflect\n|upkeep\n|\n|t:|1698504045\n|switch|p2a: Koraidon|Koraidon|100\/100\n|-damage|p2a: Koraidon|94\/100|[from] Stealth Rock\n|-weather|SunnyDay|[from] ability: Orichalcum Pulse|[of] p2a: Koraidon\n|-activate|p2a: Koraidon|Orichalcum Pulse|[source]\n|turn|10\n|\n|t:|1698504052\n|-terastallize|p2a: Koraidon|Fire\n|-terastallize|p1a: Corviknight|Flying\n|move|p2a: Koraidon|Flare Blitz|p1a: Corviknight\n|-damage|p1a: Corviknight|24\/100\n|-damage|p2a: Koraidon|65\/100|[from] Recoil\n|move|p1a: Corviknight|Bulk Up|p1a: Corviknight\n|-boost|p1a: Corviknight|atk|1\n|-boost|p1a: Corviknight|def|1\n|\n|-weather|SunnyDay|[upkeep]\n|-heal|p1a: Corviknight|30\/100|[from] item: Leftovers\n|upkeep\n|turn|11\n|\n|t:|1698504058\n|move|p2a: Koraidon|Flare Blitz|p1a: Corviknight\n|-damage|p1a: Corviknight|0 fnt\n|faint|p1a: Corviknight\n|-damage|p2a: Koraidon|54\/100|[from] Recoil\n|\n|-weather|SunnyDay|[upkeep]\n|upkeep\n|\n|t:|1698504075\n|switch|p1a: Sneasler|Sneasler, F|100\/100\n|-damage|p1a: Sneasler|95\/100|[from] Stealth Rock\n|turn|12\n|\n|t:|1698504077\n|move|p1a: Sneasler|Endure|p1a: Sneasler\n|-singleturn|p1a: Sneasler|move: Endure\n|move|p2a: Koraidon|Flare Blitz|p1a: Sneasler\n|-activate|p1a: Sneasler|move: Endure\n|-damage|p1a: Sneasler|1\/100\n|-enditem|p1a: Sneasler|Liechi Berry|[eat]\n|-boost|p1a: Sneasler|atk|1|[from] item: Liechi Berry\n|-damage|p2a: Koraidon|27\/100|[from] Recoil\n|\n|-weather|SunnyDay|[upkeep]\n|upkeep\n|turn|13\n|\n|t:|1698504090\n|switch|p2a: Arceus|Arceus|100\/100\n|-damage|p2a: Arceus|88\/100|[from] Stealth Rock\n|move|p1a: Sneasler|Night Slash|p2a: Arceus\n|-damage|p2a: Arceus|63\/100\n|\n|-weather|SunnyDay|[upkeep]\n|-heal|p2a: Arceus|69\/100|[from] item: Leftovers\n|upkeep\n|turn|14\n|\n|t:|1698504093\n|move|p2a: Arceus|Extreme Speed|p1a: Sneasler\n|-damage|p1a: Sneasler|0 fnt\n|faint|p1a: Sneasler\n|\n|-weather|none\n|-heal|p2a: Arceus|75\/100|[from] item: Leftovers\n|upkeep\n|\n|t:|1698504097\n|switch|p1a: Calyrex|Calyrex-Shadow|100\/100\n|-ability|p1a: Calyrex|As One\n|-ability|p1a: Calyrex|Unnerve\n|-damage|p1a: Calyrex|88\/100|[from] Stealth Rock\n|turn|15\n|\n|t:|1698504101\n|move|p1a: Calyrex|Protect|p1a: Calyrex\n|-singleturn|p1a: Calyrex|Protect\n|move|p2a: Arceus|Shadow Claw|p1a: Calyrex\n|-activate|p1a: Calyrex|move: Protect\n|\n|-heal|p1a: Calyrex|94\/100|[from] item: Leftovers\n|-heal|p2a: Arceus|81\/100|[from] item: Leftovers\n|upkeep\n|turn|16\n|\n|t:|1698504119\n|move|p1a: Calyrex|Substitute|p1a: Calyrex\n|-start|p1a: Calyrex|Substitute\n|-damage|p1a: Calyrex|69\/100\n|move|p2a: Arceus|Shadow Claw|p1a: Calyrex\n|-supereffective|p1a: Calyrex\n|-crit|p1a: Calyrex\n|-end|p1a: Calyrex|Substitute\n|\n|-heal|p1a: Calyrex|75\/100|[from] item: Leftovers\n|-heal|p2a: Arceus|87\/100|[from] item: Leftovers\n|upkeep\n|turn|17\n|\n|t:|1698504122\n|move|p1a: Calyrex|Protect|p1a: Calyrex\n|-singleturn|p1a: Calyrex|Protect\n|move|p2a: Arceus|Shadow Claw|p1a: Calyrex\n|-activate|p1a: Calyrex|move: Protect\n|\n|-heal|p1a: Calyrex|82\/100|[from] item: Leftovers\n|-heal|p2a: Arceus|93\/100|[from] item: Leftovers\n|upkeep\n|turn|18\n|\n|t:|1698504131\n|move|p1a: Calyrex|Substitute|p1a: Calyrex\n|-start|p1a: Calyrex|Substitute\n|-damage|p1a: Calyrex|57\/100\n|move|p2a: Arceus|Shadow Claw|p1a: Calyrex\n|-supereffective|p1a: Calyrex\n|-end|p1a: Calyrex|Substitute\n|\n|-heal|p1a: Calyrex|63\/100|[from] item: Leftovers\n|-heal|p2a: Arceus|99\/100|[from] item: Leftovers\n|upkeep\n|turn|19\n|\n|t:|1698504133\n|move|p1a: Calyrex|Protect|p1a: Calyrex\n|-singleturn|p1a: Calyrex|Protect\n|move|p2a: Arceus|Earthquake|p1a: Calyrex\n|-activate|p1a: Calyrex|move: Protect\n|\n|-heal|p1a: Calyrex|69\/100|[from] item: Leftovers\n|-heal|p2a: Arceus|100\/100|[from] item: Leftovers\n|upkeep\n|turn|20\n|\n|t:|1698504137\n|move|p1a: Calyrex|Substitute|p1a: Calyrex\n|-start|p1a: Calyrex|Substitute\n|-damage|p1a: Calyrex|44\/100\n|move|p2a: Arceus|Shadow Claw|p1a: Calyrex\n|-supereffective|p1a: Calyrex\n|-end|p1a: Calyrex|Substitute\n|\n|-heal|p1a: Calyrex|50\/100|[from] item: Leftovers\n|upkeep\n|turn|21\n|\n|t:|1698504141\n|move|p1a: Calyrex|Substitute|p1a: Calyrex\n|-start|p1a: Calyrex|Substitute\n|-damage|p1a: Calyrex|25\/100\n|move|p2a: Arceus|Shadow Claw|p1a: Calyrex\n|-supereffective|p1a: Calyrex\n|-end|p1a: Calyrex|Substitute\n|\n|-heal|p1a: Calyrex|31\/100|[from] item: Leftovers\n|upkeep\n|turn|22\n|\n|t:|1698504144\n|move|p1a: Calyrex|Leech Seed|p2a: Arceus\n|-start|p2a: Arceus|move: Leech Seed\n|move|p2a: Arceus|Shadow Claw|p1a: Calyrex\n|-supereffective|p1a: Calyrex\n|-damage|p1a: Calyrex|0 fnt\n|faint|p1a: Calyrex\n|\n|upkeep\n|\n|t:|1698504146\n|switch|p1a: Miraidon|Miraidon|9\/100\n|-damage|p1a: Miraidon|0 fnt|[from] Stealth Rock\n|faint|p1a: Miraidon\n|\n|t:|1698504150\n|switch|p1a: Quagsire|Quagsire, F|100\/100\n|-damage|p1a: Quagsire|94\/100|[from] Stealth Rock\n|turn|23\n|\n|t:|1698504157\n|switch|p2a: Arceus|Arceus-Ground, shiny|100\/100\n|-damage|p2a: Arceus|94\/100|[from] Stealth Rock\n|move|p1a: Quagsire|Stockpile|p1a: Quagsire\n|-start|p1a: Quagsire|stockpile1\n|-boost|p1a: Quagsire|def|1\n|-boost|p1a: Quagsire|spd|1\n|\n|-heal|p1a: Quagsire|100\/100|[from] item: Leftovers\n|upkeep\n|turn|24\n|\n|t:|1698504164\n|move|p2a: Arceus|Taunt|p1a: Quagsire\n|-start|p1a: Quagsire|move: Taunt\n|cant|p1a: Quagsire|move: Taunt|Toxic\n|\n|upkeep\n|turn|25\n|\n|t:|1698504168\n|switch|p2a: Arceus|Arceus-Ground|100\/100\n|-damage|p2a: Arceus|94\/100|[from] Stealth Rock\n|move|p1a: Quagsire|Earthquake|p2a: Arceus\n|-damage|p2a: Arceus|70\/100\n|\n|upkeep\n|turn|26\n|\n|t:|1698504171\n|move|p2a: Arceus|Judgment|p1a: Quagsire\n|-damage|p1a: Quagsire|50\/100\n|move|p1a: Quagsire|Earthquake|p2a: Arceus\n|-damage|p2a: Arceus|48\/100\n|\n|-heal|p1a: Quagsire|56\/100|[from] item: Leftovers\n|-end|p1a: Quagsire|move: Taunt\n|upkeep\n|turn|27\n|\n|t:|1698504176\n|move|p2a: Arceus|Taunt|p1a: Quagsire\n|-start|p1a: Quagsire|move: Taunt\n|cant|p1a: Quagsire|move: Taunt|Rest\n|\n|-heal|p1a: Quagsire|62\/100|[from] item: Leftovers\n|upkeep\n|turn|28\n|\n|t:|1698504178\n|move|p2a: Arceus|Judgment|p1a: Quagsire\n|-damage|p1a: Quagsire|11\/100\n|move|p1a: Quagsire|Earthquake|p2a: Arceus\n|-damage|p2a: Arceus|24\/100\n|\n|-heal|p1a: Quagsire|17\/100|[from] item: Leftovers\n|upkeep\n|turn|29\n|\n|t:|1698504182\n|move|p2a: Arceus|Judgment|p1a: Quagsire\n|-damage|p1a: Quagsire|0 fnt\n|faint|p1a: Quagsire\n|\n|upkeep\n|\n|t:|1698504184\n|switch|p1a: Espeon|Espeon, M|100\/100\n|-damage|p1a: Espeon|88\/100|[from] Stealth Rock\n|turn|30\n|c|\u2606UltraDJames|alr\n|c|\u2606UltraDJames|ggs\n|c|\u2606haokunya002|GG\n|\n|t:|1698504200\n|move|p2a: Arceus|Judgment|p1a: Espeon\n|-damage|p1a: Espeon|40\/100\n|move|p1a: Espeon|Psychic|p2a: Arceus\n|-damage|p2a: Arceus|0 fnt\n|faint|p2a: Arceus\n|\n|upkeep\n|\n|t:|1698504204\n|switch|p2a: Koraidon|Koraidon, tera:Fire|27\/100\n|-damage|p2a: Koraidon|2\/100|[from] Stealth Rock\n|-weather|SunnyDay|[from] ability: Orichalcum Pulse|[of] p2a: Koraidon\n|-activate|p2a: Koraidon|Orichalcum Pulse|[source]\n|turn|31\n|\n|t:|1698504207\n|move|p2a: Koraidon|Flare Blitz|p1a: Espeon\n|-damage|p1a: Espeon|0 fnt\n|faint|p1a: Espeon\n|-damage|p2a: Koraidon|0 fnt|[from] Recoil\n|faint|p2a: Koraidon\n|\n|win|haokunya002\n|raw|UltraDJames's rating: 1440 &rarr; <strong>1433<\/strong><br \/>(-7 for losing)\n|raw|haokunya002's rating: 1697 &rarr; <strong>1704<\/strong><br \/>(+7 for winning)\n|l|\u2606haokunya002\n","uploadtime":1698504213,"views":3,"p1id":"ultradjames","p2id":"haokunya002","formatid":"gen9anythinggoes","rating":1433,"private":0,"password":""}