{"id":"gen9anythinggoes-1980647022","p1":"NDAG was banned","p2":"Tvrtko420","format":"[Gen 9] Anything Goes","log":"|j|\u2606NDAG was banned\n|j|\u2606Tvrtko420\n|t:|1698807368\n|gametype|singles\n|player|p1|NDAG was banned|lillie-masters|1803\n|player|p2|Tvrtko420|red-masters2|1840\n|teamsize|p1|6\n|teamsize|p2|6\n|gen|9\n|tier|[Gen 9] Anything Goes\n|rated|\n|rule|HP Percentage Mod: HP is shown in percentages\n|rule|Endless Battle Clause: Forcing endless battles is banned\n|clearpoke\n|poke|p1|Calyrex-Shadow|\n|poke|p1|Arceus-Ground|\n|poke|p1|Zoroark-Hisui, M|\n|poke|p1|Arceus|\n|poke|p1|Zacian-*|\n|poke|p1|Koraidon|\n|poke|p2|Calyrex-Shadow|\n|poke|p2|Arceus|\n|poke|p2|Zacian-*|\n|poke|p2|Koraidon|\n|poke|p2|Leavanny, M|\n|poke|p2|Urshifu-*, F|\n|teampreview\n|inactive|Battle timer is ON: inactive players will automatically lose when time's up. (requested by Tvrtko420)\n|\n|t:|1698807376\n|start\n|switch|p1a: Arceus|Arceus-Ground|100\/100\n|switch|p2a: Koraidon|Koraidon|100\/100\n|-weather|SunnyDay|[from] ability: Orichalcum Pulse|[of] p2a: Koraidon\n|-activate|p2a: Koraidon|Orichalcum Pulse|[source]\n|turn|1\n|\n|t:|1698807380\n|move|p2a: Koraidon|Taunt|p1a: Arceus\n|-start|p1a: Arceus|move: Taunt\n|cant|p1a: Arceus|move: Taunt|Stealth Rock\n|\n|-weather|SunnyDay|[upkeep]\n|upkeep\n|turn|2\n|j| GUESSWHOTPRADO\n|\n|t:|1698807392\n|move|p2a: Koraidon|U-turn|p1a: Arceus\n|-damage|p1a: Arceus|75\/100\n|\n|t:|1698807394\n|switch|p2a: Leavanny|Leavanny, M|100\/100|[from] U-turn\n|move|p1a: Arceus|Icy Wind|p2a: Leavanny\n|-supereffective|p2a: Leavanny\n|-damage|p2a: Leavanny|39\/100\n|-unboost|p2a: Leavanny|spe|1\n|\n|-weather|SunnyDay|[upkeep]\n|upkeep\n|turn|3\n|\n|t:|1698807398\n|move|p2a: Leavanny|Sticky Web|p1a: Arceus\n|-sidestart|p1: NDAG was banned|move: Sticky Web\n|move|p1a: Arceus|Icy Wind|p2a: Leavanny\n|-supereffective|p2a: Leavanny\n|-damage|p2a: Leavanny|0 fnt\n|faint|p2a: Leavanny\n|\n|-weather|SunnyDay|[upkeep]\n|-end|p1a: Arceus|move: Taunt\n|upkeep\n|inactive|Tvrtko420 has 120 seconds left.\n|inactive|Tvrtko420 has 90 seconds left.\n|\n|t:|1698807473\n|switch|p2a: Koraidon|Koraidon|100\/100\n|-activate|p2a: Koraidon|ability: Orichalcum Pulse\n|turn|4\n|\n|t:|1698807476\n|move|p2a: Koraidon|U-turn|p1a: Arceus\n|-damage|p1a: Arceus|49\/100\n|inactive|Tvrtko420 has 90 seconds left.\n|\n|t:|1698807485\n|switch|p2a: Urshifu|Urshifu, F|100\/100|[from] U-turn\n|move|p1a: Arceus|Icy Wind|p2a: Urshifu\n|-damage|p2a: Urshifu|72\/100\n|-unboost|p2a: Urshifu|spe|1\n|\n|-weather|SunnyDay|[upkeep]\n|upkeep\n|turn|5\n|\n|t:|1698807489\n|move|p1a: Arceus|Stealth Rock|p2a: Urshifu\n|-sidestart|p2: Tvrtko420|move: Stealth Rock\n|move|p2a: Urshifu|Low Kick|p1a: Arceus\n|-damage|p1a: Arceus|0 fnt\n|faint|p1a: Arceus\n|\n|-weather|none\n|upkeep\n|\n|t:|1698807495\n|switch|p1a: Koraidon|Koraidon|100\/100\n|-activate|p1a: Koraidon|move: Sticky Web\n|-unboost|p1a: Koraidon|spe|1\n|-weather|SunnyDay|[from] ability: Orichalcum Pulse|[of] p1a: Koraidon\n|-activate|p1a: Koraidon|Orichalcum Pulse|[source]\n|turn|6\n|\n|t:|1698807507\n|switch|p2a: Koraidon|Koraidon|100\/100\n|-damage|p2a: Koraidon|94\/100|[from] Stealth Rock\n|-activate|p2a: Koraidon|ability: Orichalcum Pulse\n|move|p1a: Koraidon|Scale Shot|p2a: Koraidon|[miss]\n|-miss|p1a: Koraidon|p2a: Koraidon\n|\n|-weather|SunnyDay|[upkeep]\n|upkeep\n|turn|7\n|\n|t:|1698807514\n|move|p2a: Koraidon|Close Combat|p1a: Koraidon\n|-damage|p1a: Koraidon|22\/100\n|-unboost|p2a: Koraidon|def|1\n|-unboost|p2a: Koraidon|spd|1\n|move|p1a: Koraidon|Scale Shot|p2a: Koraidon\n|-supereffective|p2a: Koraidon\n|-damage|p2a: Koraidon|50\/100\n|-supereffective|p2a: Koraidon\n|-damage|p2a: Koraidon|2\/100\n|-supereffective|p2a: Koraidon\n|-damage|p2a: Koraidon|0 fnt\n|faint|p2a: Koraidon\n|-hitcount|p2: Koraidon|3\n|-unboost|p1a: Koraidon|def|1\n|-boost|p1a: Koraidon|spe|1\n|\n|-weather|SunnyDay|[upkeep]\n|upkeep\n|c| GUESSWHOTPRADO|wow\n|c| GUESSWHOTPRADO|lucky one\n|j|+cromagnet\n|c|\u2606NDAG was banned|hax\n|inactive|Tvrtko420 has 90 seconds left.\n|c| GUESSWHOTPRADO|very tight\n|\n|t:|1698807568\n|switch|p2a: Zacian|Zacian-Crowned|100\/100\n|-damage|p2a: Zacian|95\/100|[from] Stealth Rock\n|-ability|p2a: Zacian|Intrepid Sword|boost\n|-boost|p2a: Zacian|atk|1\n|turn|8\n|\n|t:|1698807575\n|move|p2a: Zacian|Behemoth Blade|p1a: Koraidon\n|-damage|p1a: Koraidon|0 fnt\n|faint|p1a: Koraidon\n|\n|-weather|SunnyDay|[upkeep]\n|upkeep\n|\n|t:|1698807593\n|switch|p1a: Zacian|Zacian-Crowned|100\/100\n|-activate|p1a: Zacian|move: Sticky Web\n|-unboost|p1a: Zacian|spe|1\n|-ability|p1a: Zacian|Intrepid Sword|boost\n|-boost|p1a: Zacian|atk|1\n|turn|9\n|\n|t:|1698807598\n|move|p2a: Zacian|Behemoth Blade|p1a: Zacian\n|-damage|p1a: Zacian|21\/100\n|move|p1a: Zacian|Behemoth Blade|p2a: Zacian\n|-damage|p2a: Zacian|18\/100\n|\n|-weather|SunnyDay|[upkeep]\n|upkeep\n|turn|10\n|\n|t:|1698807604\n|move|p2a: Zacian|Behemoth Blade|p1a: Zacian\n|-damage|p1a: Zacian|0 fnt\n|faint|p1a: Zacian\n|\n|-weather|none\n|upkeep\n|\n|t:|1698807608\n|switch|p1a: Arceus|Arceus|100\/100\n|turn|11\n|\n|t:|1698807613\n|move|p1a: Arceus|Extreme Speed|p2a: Zacian\n|-resisted|p2a: Zacian\n|-damage|p2a: Zacian|0 fnt\n|faint|p2a: Zacian\n|\n|upkeep\n|\n|t:|1698807630\n|switch|p2a: Urshifu|Urshifu, F|72\/100\n|-damage|p2a: Urshifu|66\/100|[from] Stealth Rock\n|turn|12\n|\n|t:|1698807640\n|switch|p1a: Calyrex|Calyrex-Shadow|100\/100\n|-item|p1a: Calyrex|Air Balloon\n|move|p2a: Urshifu|Wicked Blow|p1a: Calyrex\n|-supereffective|p1a: Calyrex\n|-crit|p1a: Calyrex\n|-damage|p1a: Calyrex|0 fnt\n|replace|p1a: Zoroark|Zoroark-Hisui, M\n|-end|p1a: Zoroark|Illusion\n|-enditem|p1a: Zoroark|Air Balloon\n|faint|p1a: Zoroark\n|\n|upkeep\n|\n|t:|1698807654\n|switch|p1a: Arceus|Arceus|100\/100\n|turn|13\n|l|+cromagnet\n|\n|t:|1698807660\n|move|p2a: Urshifu|Wicked Blow|p1a: Arceus\n|-crit|p1a: Arceus\n|-damage|p1a: Arceus|55\/100\n|move|p1a: Arceus|Swords Dance|p1a: Arceus\n|-boost|p1a: Arceus|atk|2\n|\n|upkeep\n|turn|14\n|inactive|Tvrtko420 has 120 seconds left.\n|\n|t:|1698807678\n|switch|p2a: Calyrex|Calyrex-Shadow|100\/100\n|-ability|p2a: Calyrex|As One\n|-ability|p2a: Calyrex|Unnerve\n|-damage|p2a: Calyrex|88\/100|[from] Stealth Rock\n|move|p1a: Arceus|Extreme Speed|p2a: Calyrex\n|-immune|p2a: Calyrex\n|\n|-heal|p2a: Calyrex|94\/100|[from] item: Leftovers\n|upkeep\n|turn|15\n|inactive|Tvrtko420 has 120 seconds left.\n|\n|t:|1698807690\n|move|p2a: Calyrex|Giga Drain|p1a: Arceus\n|-damage|p1a: Arceus|37\/100\n|-heal|p2a: Calyrex|100\/100|[from] drain|[of] p1a: Arceus\n|move|p1a: Arceus|Shadow Claw|p2a: Calyrex\n|-supereffective|p2a: Calyrex\n|-damage|p2a: Calyrex|0 fnt\n|faint|p2a: Calyrex\n|\n|upkeep\n|inactive|Tvrtko420 has 120 seconds left.\n|\n|t:|1698807696\n|switch|p2a: Arceus|Arceus|100\/100\n|-damage|p2a: Arceus|88\/100|[from] Stealth Rock\n|turn|16\n|\n|t:|1698807716\n|-terastallize|p1a: Arceus|Normal\n|move|p2a: Arceus|Extreme Speed|p1a: Arceus\n|-damage|p1a: Arceus|9\/100\n|move|p1a: Arceus|Extreme Speed|p2a: Arceus\n|-damage|p2a: Arceus|14\/100\n|\n|-heal|p2a: Arceus|20\/100|[from] item: Leftovers\n|upkeep\n|turn|17\n|c| GUESSWHOTPRADO|wow\n|\n|t:|1698807725\n|switch|p1a: Calyrex|Calyrex-Shadow|100\/100\n|-ability|p1a: Calyrex|As One\n|-ability|p1a: Calyrex|Unnerve\n|-activate|p1a: Calyrex|move: Sticky Web\n|-unboost|p1a: Calyrex|spe|1\n|move|p2a: Arceus|Extreme Speed|p1a: Calyrex\n|-immune|p1a: Calyrex\n|\n|-heal|p2a: Arceus|26\/100|[from] item: Leftovers\n|upkeep\n|turn|18\n|\n|t:|1698807729\n|move|p1a: Calyrex|Grass Knot|p2a: Arceus\n|-damage|p2a: Arceus|0 fnt\n|faint|p2a: Arceus\n|-ability|p1a: Calyrex|Grim Neigh|boost\n|-boost|p1a: Calyrex|spa|1\n|\n|upkeep\n|\n|t:|1698807733\n|switch|p2a: Urshifu|Urshifu, F|66\/100\n|-damage|p2a: Urshifu|60\/100|[from] Stealth Rock\n|turn|19\n|\n|t:|1698807753\n|-terastallize|p2a: Urshifu|Dark\n|move|p2a: Urshifu|Wicked Blow|p1a: Calyrex\n|-supereffective|p1a: Calyrex\n|-crit|p1a: Calyrex\n|-damage|p1a: Calyrex|0 fnt\n|faint|p1a: Calyrex\n|\n|upkeep\n|\n|t:|1698807756\n|switch|p1a: Arceus|Arceus, tera:Normal|9\/100\n|turn|20\n|\n|t:|1698807759\n|move|p1a: Arceus|Extreme Speed|p2a: Urshifu\n|-crit|p2a: Urshifu\n|-damage|p2a: Urshifu|0 fnt\n|faint|p2a: Urshifu\n|\n|win|NDAG was banned\n|raw|NDAG was banned's rating: 1803 &rarr; <strong>1826<\/strong><br \/>(+23 for winning)\n|raw|Tvrtko420's rating: 1857 &rarr; <strong>1834<\/strong><br \/>(-23 for losing)\n|c|\u2606Tvrtko420|lool\n|l|\u2606NDAG was banned\n|c| GUESSWHOTPRADO|hahahahhahaa\n|c|\u2606Tvrtko420|gg\n|c| GUESSWHOTPRADO|amazing\n|l| GUESSWHOTPRADO\n|j|\u2606NDAG was banned\n|player|p1|NDAG was banned|lillie-masters\n|l|\u2606NDAG was banned\n|player|p1|\n","uploadtime":1698807810,"views":19,"p1id":"ndagwasbanned","p2id":"tvrtko420","formatid":"gen9anythinggoes","rating":1826,"private":0,"password":""}