{"id":"gen9anythinggoes-1991198276","p1":"nnn233","p2":"eleoele12423","format":"[Gen 9] Anything Goes","log":"|j|\u2606nnn233\n|j|\u2606eleoele12423\n|t:|1700056231\n|gametype|singles\n|player|p1|nnn233|ruinmaniac|1135\n|player|p2|eleoele12423|pokekid|1048\n|teamsize|p1|6\n|teamsize|p2|6\n|gen|9\n|tier|[Gen 9] Anything Goes\n|rated|\n|rule|HP Percentage Mod: HP is shown in percentages\n|rule|Endless Battle Clause: Forcing endless battles is banned\n|clearpoke\n|poke|p1|Kyogre|\n|poke|p1|Pelipper, M|\n|poke|p1|Palafin, F|\n|poke|p1|Ogerpon-Wellspring, F|\n|poke|p1|Quaquaval, F|\n|poke|p1|Barraskewda, F|\n|poke|p2|Dugtrio, M|\n|poke|p2|Dugtrio, M|\n|poke|p2|Dugtrio, F|\n|poke|p2|Dugtrio, F|\n|poke|p2|Dugtrio, M|\n|poke|p2|Magearna|\n|teampreview\n|inactive|Battle timer is ON: inactive players will automatically lose when time's up. (requested by nnn233)\n|\n|t:|1700056237\n|start\n|switch|p1a: Palafin|Palafin, F|100\/100\n|switch|p2a: Dugtrio|Dugtrio, M|100\/100\n|turn|1\n|\n|t:|1700056242\n|move|p2a: Dugtrio|Final Gambit|p1a: Palafin\n|-damage|p1a: Palafin|20\/100\n|faint|p2a: Dugtrio\n|move|p1a: Palafin|Flip Turn|p2: Dugtrio|[notarget]\n|-fail|p1a: Palafin\n|\n|upkeep\n|\n|t:|1700056248\n|switch|p2a: Dugtrio|Dugtrio, M|100\/100\n|turn|2\n|\n|t:|1700056251\n|move|p2a: Dugtrio|Final Gambit|p1a: Palafin\n|-damage|p1a: Palafin|0 fnt\n|faint|p2a: Dugtrio\n|faint|p1a: Palafin\n|\n|upkeep\n|\n|t:|1700056259\n|switch|p2a: Dugtrio|Dugtrio, F|100\/100\n|switch|p1a: Pelipper|Pelipper, M, shiny|100\/100\n|-weather|RainDance|[from] ability: Drizzle|[of] p1a: Pelipper\n|turn|3\n|\n|t:|1700056264\n|move|p2a: Dugtrio|Final Gambit|p1a: Pelipper\n|-damage|p1a: Pelipper|16\/100\n|faint|p2a: Dugtrio\n|move|p1a: Pelipper|Weather Ball|p2: Dugtrio|[notarget]\n|-fail|p1a: Pelipper\n|\n|-weather|RainDance|[upkeep]\n|upkeep\n|\n|t:|1700056271\n|switch|p2a: Dugtrio|Dugtrio, F|100\/100\n|turn|4\n|\n|t:|1700056274\n|move|p2a: Dugtrio|Final Gambit|p1a: Pelipper\n|-damage|p1a: Pelipper|0 fnt\n|faint|p2a: Dugtrio\n|faint|p1a: Pelipper\n|\n|-weather|RainDance|[upkeep]\n|upkeep\n|\n|t:|1700056279\n|switch|p2a: Dugtrio|Dugtrio, M|100\/100\n|switch|p1a: Ogerpon|Ogerpon-Wellspring, F|100\/100\n|turn|5\n|\n|t:|1700056284\n|move|p2a: Dugtrio|Final Gambit|p1a: Ogerpon\n|-damage|p1a: Ogerpon|10\/100\n|faint|p2a: Dugtrio\n|move|p1a: Ogerpon|Swords Dance|p1a: Ogerpon\n|-boost|p1a: Ogerpon|atk|2\n|\n|-weather|RainDance|[upkeep]\n|upkeep\n|\n|t:|1700056290\n|switch|p2a: Magearna|Magearna|100\/100\n|turn|6\n|\n|t:|1700056293\n|move|p1a: Ogerpon|Ivy Cudgel|p2a: Magearna|[anim] Ivy Cudgel Water\n|-damage|p2a: Magearna|0 fnt\n|faint|p2a: Magearna\n|\n|win|nnn233\n|raw|nnn233's rating: 1135 &rarr; <strong>1154<\/strong><br \/>(+19 for winning)\n|raw|eleoele12423's rating: 1048 &rarr; <strong>1035<\/strong><br \/>(-13 for losing)\n","uploadtime":1700056299,"views":5,"p1id":"nnn233","p2id":"eleoele12423","formatid":"gen9anythinggoes","rating":1035,"private":0,"password":""}