{"id":"gen9anythinggoes-1979626477","p1":"Mr. Deliwyrm","p2":"EnderEw","format":"[Gen 9] Anything Goes","log":"|j|\u2606Mr. Deliwyrm\n|j|\u2606EnderEw\n|t:|1698697846\n|gametype|singles\n|player|p1|Mr. Deliwyrm|giovanni|1004\n|player|p2|EnderEw|giovanni|1000\n|teamsize|p1|6\n|teamsize|p2|6\n|gen|9\n|tier|[Gen 9] Anything Goes\n|rated|\n|rule|HP Percentage Mod: HP is shown in percentages\n|rule|Endless Battle Clause: Forcing endless battles is banned\n|clearpoke\n|poke|p1|Delibird, M|\n|poke|p1|Delibird, M|\n|poke|p1|Delibird, M|\n|poke|p1|Delibird, M|\n|poke|p1|Delibird, M|\n|poke|p1|Delibird, M|\n|poke|p2|Trevenant, F|\n|poke|p2|Hatterene, F|\n|poke|p2|Vikavolt, F|\n|poke|p2|Probopass, F|\n|poke|p2|Sandy Shocks|\n|poke|p2|Gliscor, M|\n|teampreview\n|c|\u2606Mr. Deliwyrm|glhf\n|c|\u2606EnderEw|glhf\n|c|\u2606EnderEw|should I be scared?\n|\n|t:|1698697870\n|start\n|switch|p1a: Deliwyrm|Delibird, M, shiny|100\/100\n|switch|p2a: Hannah|Hatterene, F|100\/100\n|turn|1\n|c|\u2606Mr. Deliwyrm|maybe\n|c|\u2606Mr. Deliwyrm|i dont really know myself\n|\n|t:|1698697895\n|move|p1a: Deliwyrm|Avalanche|p2a: Hannah\n|-damage|p2a: Hannah|67\/100\n|move|p2a: Hannah|Trick Room|p2a: Hannah\n|-fieldstart|move: Trick Room|[of] p2a: Hannah\n|\n|upkeep\n|turn|2\n|\n|t:|1698697906\n|switch|p2a: Glenn|Gliscor, M|100\/100\n|move|p1a: Deliwyrm|Avalanche|p2a: Glenn\n|-supereffective|p2a: Glenn\n|-damage|p2a: Glenn|0 fnt\n|faint|p2a: Glenn\n|\n|upkeep\n|c|\u2606EnderEw|feelin silly\n|\n|t:|1698697922\n|switch|p2a: Proscilla|Probopass, F|100\/100\n|turn|3\n|c|\u2606Mr. Deliwyrm|oh no\n|\n|t:|1698697930\n|move|p2a: Proscilla|Iron Defense|p2a: Proscilla\n|-boost|p2a: Proscilla|def|2\n|move|p1a: Deliwyrm|Reversal|p2a: Proscilla|[miss]\n|-miss|p1a: Deliwyrm|p2a: Proscilla\n|\n|upkeep\n|turn|4\n|\n|t:|1698697938\n|switch|p1a: Deliwyrm IV|Delibird, M, shiny|100\/100\n|move|p2a: Proscilla|Body Press|p1a: Deliwyrm IV\n|-damage|p1a: Deliwyrm IV|0 fnt\n|faint|p1a: Deliwyrm IV\n|\n|upkeep\n|\n|t:|1698697948\n|switch|p1a: Deliwyrm II|Delibird, M, shiny|100\/100\n|turn|5\n|\n|t:|1698697955\n|move|p2a: Proscilla|Body Press|p1a: Deliwyrm II\n|-crit|p1a: Deliwyrm II\n|-enditem|p1a: Deliwyrm II|Focus Sash\n|-damage|p1a: Deliwyrm II|1\/100\n|move|p1a: Deliwyrm II|Agility|p1a: Deliwyrm II\n|-boost|p1a: Deliwyrm II|spe|2\n|\n|-fieldend|move: Trick Room\n|upkeep\n|turn|6\n|\n|t:|1698697965\n|move|p1a: Deliwyrm II|Reversal|p2a: Proscilla\n|-supereffective|p2a: Proscilla\n|-damage|p2a: Proscilla|12\/100\n|-enditem|p2a: Proscilla|Aguav Berry|[eat]\n|-heal|p2a: Proscilla|45\/100|[from] item: Aguav Berry\n|move|p2a: Proscilla|Heavy Slam|p1a: Deliwyrm II\n|-supereffective|p1a: Deliwyrm II\n|-damage|p1a: Deliwyrm II|0 fnt\n|faint|p1a: Deliwyrm II\n|\n|upkeep\n|\n|t:|1698697975\n|switch|p1a: Deliwyrm|Delibird, M, shiny|100\/100\n|turn|7\n|\n|t:|1698697978\n|move|p1a: Deliwyrm|Reversal|p2a: Proscilla\n|-supereffective|p2a: Proscilla\n|-damage|p2a: Proscilla|34\/100\n|move|p2a: Proscilla|Iron Defense|p2a: Proscilla\n|-boost|p2a: Proscilla|def|2\n|\n|upkeep\n|turn|8\n|\n|t:|1698697986\n|move|p1a: Deliwyrm|Reversal|p2a: Proscilla\n|-supereffective|p2a: Proscilla\n|-damage|p2a: Proscilla|27\/100\n|move|p2a: Proscilla|Body Press|p1a: Deliwyrm\n|-enditem|p1a: Deliwyrm|Focus Sash\n|-damage|p1a: Deliwyrm|1\/100\n|\n|upkeep\n|turn|9\n|\n|t:|1698697998\n|move|p1a: Deliwyrm|Reversal|p2a: Proscilla\n|-supereffective|p2a: Proscilla\n|-damage|p2a: Proscilla|0 fnt\n|faint|p2a: Proscilla\n|\n|upkeep\n|\n|t:|1698698005\n|switch|p2a: Viktoria|Vikavolt, F, shiny|100\/100\n|turn|10\n|\n|t:|1698698012\n|move|p1a: Deliwyrm|Destiny Bond|p1a: Deliwyrm\n|-singlemove|p1a: Deliwyrm|Destiny Bond\n|move|p2a: Viktoria|Bug Buzz|p1a: Deliwyrm\n|-resisted|p1a: Deliwyrm\n|-damage|p1a: Deliwyrm|0 fnt\n|faint|p1a: Deliwyrm\n|-activate|p1a: Deliwyrm|move: Destiny Bond\n|faint|p2a: Viktoria\n|\n|upkeep\n|\n|t:|1698698021\n|switch|p1a: Deliwyrm III|Delibird, M, shiny|100\/100\n|switch|p2a: Hannah|Hatterene, F|67\/100\n|turn|11\n|\n|t:|1698698030\n|move|p1a: Deliwyrm III|Aerial Ace|p2a: Hannah\n|-damage|p2a: Hannah|20\/100\n|move|p2a: Hannah|Trick Room|p2a: Hannah\n|-fieldstart|move: Trick Room|[of] p2a: Hannah\n|\n|upkeep\n|turn|12\n|\n|t:|1698698035\n|move|p2a: Hannah|Mystical Fire|p1a: Deliwyrm III\n|-supereffective|p1a: Deliwyrm III\n|-damage|p1a: Deliwyrm III|0 fnt\n|faint|p1a: Deliwyrm III\n|\n|upkeep\n|\n|t:|1698698042\n|switch|p1a: Bob|Delibird, M, shiny|100\/100\n|turn|13\n|\n|t:|1698698045\n|move|p1a: Bob|Ice Shard|p2a: Hannah\n|-damage|p2a: Hannah|0 fnt\n|faint|p2a: Hannah\n|\n|upkeep\n|\n|t:|1698698052\n|switch|p2a: Trevor|Trevenant, F|100\/100\n|turn|14\n|\n|t:|1698698062\n|move|p1a: Bob|Ice Shard|p2a: Trevor\n|-supereffective|p2a: Trevor\n|-damage|p2a: Trevor|27\/100\n|move|p2a: Trevor|Horn Leech|p1a: Bob\n|-resisted|p1a: Bob\n|-damage|p1a: Bob|45\/100\n|-heal|p2a: Trevor|44\/100|[from] drain|[of] p1a: Bob\n|\n|upkeep\n|turn|15\n|\n|t:|1698698070\n|move|p1a: Bob|Ice Shard|p2a: Trevor|[miss]\n|-miss|p1a: Bob|p2a: Trevor\n|move|p2a: Trevor|Hex|p1a: Bob\n|-damage|p1a: Bob|0 fnt\n|faint|p1a: Bob\n|\n|-fieldend|move: Trick Room\n|upkeep\n|\n|t:|1698698076\n|switch|p1a: Deliwyrm III jr.|Delibird, M, shiny|100\/100\n|turn|16\n|\n|t:|1698698080\n|move|p1a: Deliwyrm III jr.|Ice Shard|p2a: Trevor\n|-supereffective|p2a: Trevor\n|-damage|p2a: Trevor|0 fnt\n|faint|p2a: Trevor\n|\n|upkeep\n|\n|t:|1698698084\n|switch|p2a: Sandra|Sandy Shocks|100\/100\n|-enditem|p2a: Sandra|Booster Energy\n|-activate|p2a: Sandra|ability: Protosynthesis|[fromitem]\n|-start|p2a: Sandra|protosynthesisspa\n|turn|17\n|\n|t:|1698698092\n|-terastallize|p2a: Sandra|Ice\n|-terastallize|p1a: Deliwyrm III jr.|Dragon\n|move|p1a: Deliwyrm III jr.|Ice Shard|p2a: Sandra\n|-resisted|p2a: Sandra\n|-damage|p2a: Sandra|84\/100\n|move|p2a: Sandra|Earth Power|p1a: Deliwyrm III jr.\n|-crit|p1a: Deliwyrm III jr.\n|-damage|p1a: Deliwyrm III jr.|0 fnt\n|faint|p1a: Deliwyrm III jr.\n|\n|win|EnderEw\n|raw|Mr. Deliwyrm's rating: 1004 &rarr; <strong>1000<\/strong><br \/>(-4 for losing)\n|raw|EnderEw's rating: 1000 &rarr; <strong>1040<\/strong><br \/>(+40 for winning)\n|c|\u2606Mr. Deliwyrm|ggwp\n|c|\u2606EnderEw|ggwp\n|c|\u2606EnderEw|tera ice sandra on top\n|c|\u2606Mr. Deliwyrm|deliwyrm still powerful though\n|c|\u2606EnderEw|oui\n|l|\u2606EnderEw\n","uploadtime":1698698103,"views":8,"p1id":"mrdeliwyrm","p2id":"enderew","formatid":"gen9anythinggoes","rating":1000,"private":0,"password":""}