{"id":"gen9anythinggoes-1974485908","p1":"SrLotl","p2":"NightX120","format":"[Gen 9] Anything Goes","log":"|j|\u2606SrLotl\n|j|\u2606NightX120\n|t:|1698090949\n|gametype|singles\n|player|p1|SrLotl|brycenman|1112\n|player|p2|NightX120|cynthia-gen4|1192\n|teamsize|p1|6\n|teamsize|p2|6\n|gen|9\n|tier|[Gen 9] Anything Goes\n|rated|\n|rule|HP Percentage Mod: HP is shown in percentages\n|rule|Endless Battle Clause: Forcing endless battles is banned\n|clearpoke\n|poke|p1|Annihilape, M|\n|poke|p1|Annihilape, F|\n|poke|p1|Annihilape, F|\n|poke|p1|Annihilape, M|\n|poke|p1|Annihilape, F|\n|poke|p1|Ogerpon-Hearthflame, F|\n|poke|p2|Mimikyu, F|\n|poke|p2|Garchomp, F|\n|poke|p2|Lucario, M|\n|poke|p2|Greninja-*, F|\n|poke|p2|Jirachi|\n|poke|p2|Talonflame, F|\n|teampreview\n|c|\u2606SrLotl|hello\n|\n|t:|1698090959\n|start\n|switch|p1a: Annihilape|Annihilape, M|100\/100\n|switch|p2a: Samurana|Greninja, F, shiny|100\/100\n|turn|1\n|c|\u2606NightX120|Hello\n|c|\u2606NightX120|Why do you own so many monkeys???\n|inactive|Battle timer is ON: inactive players will automatically lose when time's up. (requested by SrLotl)\n|c|\u2606SrLotl|why not\n|\n|t:|1698090973\n|-terastallize|p2a: Samurana|Water\n|move|p1a: Annihilape|Final Gambit|p2a: Samurana\n|-damage|p2a: Samurana|0 fnt\n|faint|p1a: Annihilape\n|faint|p2a: Samurana\n|\n|upkeep\n|\n|t:|1698090980\n|switch|p2a: Sleepy|Mimikyu, F, shiny|100\/100\n|switch|p1a: Annihilape|Annihilape, F|100\/100\n|turn|2\n|\n|t:|1698090987\n|move|p1a: Annihilape|Final Gambit|p2a: Sleepy\n|-immune|p2a: Sleepy\n|move|p2a: Sleepy|Shadow Claw|p1a: Annihilape\n|-supereffective|p1a: Annihilape\n|-crit|p1a: Annihilape\n|-damage|p1a: Annihilape|0 fnt\n|faint|p1a: Annihilape\n|\n|upkeep\n|\n|t:|1698090994\n|switch|p1a: Ogerpon|Ogerpon-Hearthflame, F|100\/100\n|-ability|p1a: Ogerpon|Mold Breaker\n|turn|3\n|\n|t:|1698091004\n|-terastallize|p1a: Ogerpon|Fire\n|detailschange|p1a: Ogerpon|Ogerpon-Hearthflame-Tera, F, tera:Fire\n|-ability|p1a: Ogerpon|Embody Aspect (Hearthflame)|boost\n|-boost|p1a: Ogerpon|atk|1\n|move|p2a: Sleepy|Swords Dance|p2a: Sleepy\n|-boost|p2a: Sleepy|atk|2\n|move|p1a: Ogerpon|Ivy Cudgel|p2a: Sleepy\n|-activate|p2a: Sleepy|ability: Disguise\n|-damage|p2a: Sleepy|100\/100\n|detailschange|p2a: Sleepy|Mimikyu-Busted, F, shiny\n|-damage|p2a: Sleepy|88\/100|[from] pokemon: Mimikyu-Busted\n|\n|upkeep\n|turn|4\n|\n|t:|1698091017\n|move|p2a: Sleepy|Play Rough|p1a: Ogerpon\n|-resisted|p1a: Ogerpon\n|-damage|p1a: Ogerpon|49\/100\n|move|p1a: Ogerpon|Ivy Cudgel|p2a: Sleepy\n|-crit|p2a: Sleepy\n|-damage|p2a: Sleepy|0 fnt\n|faint|p2a: Sleepy\n|\n|upkeep\n|\n|t:|1698091031\n|switch|p2a: Nibbles|Garchomp, F, shiny|100\/100\n|turn|5\n|\n|t:|1698091034\n|move|p2a: Nibbles|Earthquake|p1a: Ogerpon\n|-supereffective|p1a: Ogerpon\n|-damage|p1a: Ogerpon|0 fnt\n|faint|p1a: Ogerpon\n|\n|upkeep\n|\n|t:|1698091039\n|switch|p1a: Annihilape|Annihilape, F|100\/100\n|turn|6\n|\n|t:|1698091050\n|move|p1a: Annihilape|Final Gambit|p2a: Nibbles\n|-damage|p2a: Nibbles|0 fnt\n|faint|p1a: Annihilape\n|faint|p2a: Nibbles\n|\n|upkeep\n|c|\u2606SrLotl|gg\n|\n|t:|1698091062\n|switch|p2a: Dogfight|Lucario, M|100\/100\n|switch|p1a: Annihilape|Annihilape, M|100\/100\n|turn|7\n|c|\u2606NightX120|GG\n|\n|t:|1698091068\n|move|p1a: Annihilape|Final Gambit|p2a: Dogfight\n|-damage|p2a: Dogfight|0 fnt\n|faint|p1a: Annihilape\n|faint|p2a: Dogfight\n|\n|upkeep\n|\n|t:|1698091072\n|switch|p1a: Annihilape|Annihilape, F|100\/100\n|switch|p2a: Kamikaze|Talonflame, F|100\/100\n|turn|8\n|\n|t:|1698091077\n|move|p1a: Annihilape|Final Gambit|p2a: Kamikaze\n|-damage|p2a: Kamikaze|0 fnt\n|faint|p1a: Annihilape\n|faint|p2a: Kamikaze\n|\n|win|NightX120\n|raw|SrLotl's rating: 1112 &rarr; <strong>1093<\/strong><br \/>(-19 for losing)\n|raw|NightX120's rating: 1192 &rarr; <strong>1211<\/strong><br \/>(+19 for winning)\n|l|\u2606SrLotl\n","uploadtime":1698091087,"views":7,"p1id":"srlotl","p2id":"nightx120","formatid":"gen9anythinggoes","rating":1093,"private":0,"password":""}