{"id":"gen9anythinggoes-1991520075","p1":"savagewolf98420","p2":"Blizzerker","format":"[Gen 9] Anything Goes","log":"|j|\u2606savagewolf98420\n|j|\u2606Blizzerker\n|t:|1700084473\n|gametype|singles\n|player|p1|savagewolf98420|koga|1170\n|player|p2|Blizzerker|unknown|1077\n|teamsize|p1|6\n|teamsize|p2|6\n|gen|9\n|tier|[Gen 9] Anything Goes\n|rated|\n|rule|HP Percentage Mod: HP is shown in percentages\n|rule|Endless Battle Clause: Forcing endless battles is banned\n|clearpoke\n|poke|p1|Drifblim, M|\n|poke|p1|Palkia-Origin|\n|poke|p1|Arceus|\n|poke|p1|Garganacl, M|\n|poke|p1|Chesnaught, M|\n|poke|p1|Jirachi|\n|poke|p2|Clodsire, M|\n|poke|p2|Ceruledge, F|\n|poke|p2|Dragapult, M|\n|poke|p2|Gallade, M|\n|poke|p2|Grimmsnarl, M|\n|poke|p2|Dondozo, M|\n|teampreview\n|inactive|Battle timer is ON: inactive players will automatically lose when time's up. (requested by Blizzerker)\n|\n|t:|1700084477\n|start\n|switch|p1a: Drifblim|Drifblim, M|100\/100\n|switch|p2a: Dondozo|Dondozo, M|100\/100\n|turn|1\n|\n|t:|1700084486\n|move|p1a: Drifblim|Minimize|p1a: Drifblim\n|-boost|p1a: Drifblim|evasion|2\n|move|p2a: Dondozo|Heavy Slam|p1a: Drifblim\n|-damage|p1a: Drifblim|18\/100\n|\n|-heal|p1a: Drifblim|25\/100|[from] item: Leftovers\n|upkeep\n|turn|2\n|\n|t:|1700084495\n|move|p1a: Drifblim|Minimize|p1a: Drifblim\n|-boost|p1a: Drifblim|evasion|2\n|move|p2a: Dondozo|Heavy Slam|p1a: Drifblim\n|-damage|p1a: Drifblim|0 fnt\n|-damage|p2a: Dondozo|76\/100|[from] ability: Aftermath|[of] p1a: Drifblim\n|faint|p1a: Drifblim\n|\n|-heal|p2a: Dondozo|82\/100|[from] item: Leftovers\n|upkeep\n|\n|t:|1700084509\n|switch|p1a: Garganacl|Garganacl, M|100\/100\n|turn|3\n|\n|t:|1700084514\n|move|p2a: Dondozo|Curse|p2a: Dondozo\n|-unboost|p2a: Dondozo|spe|1\n|-boost|p2a: Dondozo|atk|1\n|-boost|p2a: Dondozo|def|1\n|move|p1a: Garganacl|Salt Cure|p2a: Dondozo\n|-damage|p2a: Dondozo|76\/100\n|-start|p2a: Dondozo|Salt Cure\n|\n|-heal|p2a: Dondozo|82\/100|[from] item: Leftovers\n|-damage|p2a: Dondozo|57\/100|[from] Salt Cure\n|upkeep\n|turn|4\n|\n|t:|1700084528\n|move|p2a: Dondozo|Heavy Slam|p1a: Garganacl\n|-supereffective|p1a: Garganacl\n|-damage|p1a: Garganacl|83\/100\n|move|p1a: Garganacl|Iron Defense|p1a: Garganacl\n|-boost|p1a: Garganacl|def|2\n|\n|-heal|p2a: Dondozo|63\/100|[from] item: Leftovers\n|-heal|p1a: Garganacl|89\/100|[from] item: Leftovers\n|-damage|p2a: Dondozo|39\/100|[from] Salt Cure\n|upkeep\n|turn|5\n|\n|t:|1700084540\n|move|p2a: Dondozo|Body Slam|p1a: Garganacl\n|-resisted|p1a: Garganacl\n|-damage|p1a: Garganacl|84\/100\n|move|p1a: Garganacl|Iron Defense|p1a: Garganacl\n|-boost|p1a: Garganacl|def|2\n|\n|-heal|p2a: Dondozo|45\/100|[from] item: Leftovers\n|-heal|p1a: Garganacl|90\/100|[from] item: Leftovers\n|-damage|p2a: Dondozo|20\/100|[from] Salt Cure\n|upkeep\n|turn|6\n|\n|t:|1700084551\n|move|p2a: Dondozo|Heavy Slam|p1a: Garganacl\n|-supereffective|p1a: Garganacl\n|-damage|p1a: Garganacl|84\/100\n|move|p1a: Garganacl|Iron Defense|p1a: Garganacl\n|-boost|p1a: Garganacl|def|2\n|\n|-heal|p2a: Dondozo|26\/100|[from] item: Leftovers\n|-heal|p1a: Garganacl|90\/100|[from] item: Leftovers\n|-damage|p2a: Dondozo|1\/100|[from] Salt Cure\n|upkeep\n|turn|7\n|\n|t:|1700084562\n|move|p2a: Dondozo|Heavy Slam|p1a: Garganacl\n|-supereffective|p1a: Garganacl\n|-damage|p1a: Garganacl|85\/100\n|move|p1a: Garganacl|Body Press|p2a: Dondozo\n|-damage|p2a: Dondozo|0 fnt\n|faint|p2a: Dondozo\n|\n|-heal|p1a: Garganacl|91\/100|[from] item: Leftovers\n|upkeep\n|\n|t:|1700084570\n|switch|p2a: Gallade|Gallade, M|100\/100\n|turn|8\n|\n|t:|1700084574\n|move|p2a: Gallade|Sacred Sword|p1a: Garganacl\n|-supereffective|p1a: Garganacl\n|-damage|p1a: Garganacl|0 fnt\n|faint|p1a: Garganacl\n|\n|upkeep\n|\n|t:|1700084580\n|switch|p1a: Arceus|Arceus|100\/100\n|turn|9\n|\n|t:|1700084589\n|switch|p1a: Palkia|Palkia-Origin|100\/100\n|-ability|p1a: Palkia|Pressure\n|move|p2a: Gallade|Sacred Sword|p1a: Palkia\n|-damage|p1a: Palkia|8\/100\n|\n|upkeep\n|turn|10\n|\n|t:|1700084603\n|move|p1a: Palkia|Spacial Rend|p2a: Gallade\n|-damage|p2a: Gallade|26\/100\n|move|p2a: Gallade|Sacred Sword|p1a: Palkia\n|-damage|p1a: Palkia|0 fnt\n|faint|p1a: Palkia\n|\n|upkeep\n|\n|t:|1700084612\n|switch|p1a: Arceus|Arceus|100\/100\n|turn|11\n|\n|t:|1700084616\n|move|p1a: Arceus|Extreme Speed|p2a: Gallade\n|-damage|p2a: Gallade|0 fnt\n|faint|p2a: Gallade\n|\n|upkeep\n|\n|t:|1700084627\n|switch|p2a: Ceruledge|Ceruledge, F|100\/100\n|turn|12\n|\n|t:|1700084631\n|move|p1a: Arceus|Cosmic Power|p1a: Arceus\n|-boost|p1a: Arceus|def|1\n|-boost|p1a: Arceus|spd|1\n|move|p2a: Ceruledge|Bitter Blade|p1a: Arceus\n|-damage|p1a: Arceus|78\/100\n|\n|-heal|p1a: Arceus|84\/100|[from] item: Leftovers\n|upkeep\n|turn|13\n|\n|t:|1700084640\n|move|p1a: Arceus|Cosmic Power|p1a: Arceus\n|-boost|p1a: Arceus|def|1\n|-boost|p1a: Arceus|spd|1\n|move|p2a: Ceruledge|Swords Dance|p2a: Ceruledge\n|-boost|p2a: Ceruledge|atk|2\n|\n|-heal|p1a: Arceus|91\/100|[from] item: Leftovers\n|upkeep\n|turn|14\n|\n|t:|1700084649\n|move|p1a: Arceus|Cosmic Power|p1a: Arceus\n|-boost|p1a: Arceus|def|1\n|-boost|p1a: Arceus|spd|1\n|move|p2a: Ceruledge|Bitter Blade|p1a: Arceus\n|-damage|p1a: Arceus|61\/100\n|\n|-heal|p1a: Arceus|67\/100|[from] item: Leftovers\n|upkeep\n|turn|15\n|\n|t:|1700084662\n|-terastallize|p2a: Ceruledge|Fire\n|move|p1a: Arceus|Earthquake|p2a: Ceruledge\n|-supereffective|p2a: Ceruledge\n|-damage|p2a: Ceruledge|9\/100\n|-ability|p2a: Ceruledge|Weak Armor|boost\n|-unboost|p2a: Ceruledge|def|1\n|-boost|p2a: Ceruledge|spe|2\n|move|p2a: Ceruledge|Bitter Blade|p1a: Arceus\n|-damage|p1a: Arceus|30\/100\n|-heal|p2a: Ceruledge|33\/100|[from] drain|[of] p1a: Arceus\n|\n|-heal|p1a: Arceus|36\/100|[from] item: Leftovers\n|upkeep\n|turn|16\n|\n|t:|1700084683\n|move|p1a: Arceus|Extreme Speed|p2a: Ceruledge\n|-damage|p2a: Ceruledge|0 fnt\n|faint|p2a: Ceruledge\n|\n|-heal|p1a: Arceus|42\/100|[from] item: Leftovers\n|upkeep\n|\n|t:|1700084691\n|switch|p2a: Clodsire|Clodsire, M|100\/100\n|turn|17\n|\n|t:|1700084695\n|move|p1a: Arceus|Dragon Dance|p1a: Arceus\n|-boost|p1a: Arceus|atk|1\n|-boost|p1a: Arceus|spe|1\n|move|p2a: Clodsire|Yawn|p1a: Arceus\n|-start|p1a: Arceus|move: Yawn|[of] p2a: Clodsire\n|\n|-heal|p1a: Arceus|49\/100|[from] item: Leftovers\n|upkeep\n|turn|18\n|\n|t:|1700084707\n|move|p1a: Arceus|Earthquake|p2a: Clodsire\n|-supereffective|p2a: Clodsire\n|-damage|p2a: Clodsire|0 fnt\n|faint|p2a: Clodsire\n|\n|-heal|p1a: Arceus|55\/100|[from] item: Leftovers\n|-end|p1a: Arceus|move: Yawn|[silent]\n|-status|p1a: Arceus|slp\n|upkeep\n|\n|t:|1700084716\n|switch|p2a: Dragapult|Dragapult, M|100\/100\n|turn|19\n|\n|t:|1700084722\n|cant|p1a: Arceus|slp\n|move|p2a: Dragapult|Dragon Darts|p1a: Arceus\n|-damage|p1a: Arceus|46\/100 slp\n|-anim|p2a: Dragapult|Dragon Darts|p1a: Arceus\n|-damage|p1a: Arceus|38\/100 slp\n|-damage|p2a: Dragapult|91\/100|[from] item: Life Orb\n|\n|-heal|p1a: Arceus|44\/100 slp|[from] item: Leftovers\n|upkeep\n|turn|20\n|\n|t:|1700084732\n|-curestatus|p1a: Arceus|slp|[msg]\n|move|p1a: Arceus|Cosmic Power|p1a: Arceus\n|-boost|p1a: Arceus|def|1\n|-boost|p1a: Arceus|spd|1\n|move|p2a: Dragapult|Dragon Dance|p2a: Dragapult\n|-boost|p2a: Dragapult|atk|1\n|-boost|p2a: Dragapult|spe|1\n|\n|-heal|p1a: Arceus|50\/100|[from] item: Leftovers\n|upkeep\n|turn|21\n|\n|t:|1700084746\n|move|p2a: Dragapult|Dragon Darts|p1a: Arceus\n|-damage|p1a: Arceus|40\/100\n|-anim|p2a: Dragapult|Dragon Darts|p1a: Arceus\n|-damage|p1a: Arceus|30\/100\n|-damage|p2a: Dragapult|81\/100|[from] item: Life Orb\n|move|p1a: Arceus|Earthquake|p2a: Dragapult\n|-damage|p2a: Dragapult|16\/100\n|\n|-heal|p1a: Arceus|36\/100|[from] item: Leftovers\n|upkeep\n|turn|22\n|inactive|savagewolf98420 has 120 seconds left.\n|\n|t:|1700084799\n|move|p2a: Dragapult|Dragon Darts|p1a: Arceus\n|-damage|p1a: Arceus|25\/100\n|-anim|p2a: Dragapult|Dragon Darts|p1a: Arceus\n|-damage|p1a: Arceus|16\/100\n|-damage|p2a: Dragapult|6\/100|[from] item: Life Orb\n|move|p1a: Arceus|Earthquake|p2a: Dragapult\n|-damage|p2a: Dragapult|0 fnt\n|faint|p2a: Dragapult\n|\n|-heal|p1a: Arceus|22\/100|[from] item: Leftovers\n|upkeep\n|\n|t:|1700084815\n|switch|p2a: Grimmsnarl|Grimmsnarl, M|100\/100\n|turn|23\n|\n|t:|1700084823\n|move|p1a: Arceus|Extreme Speed|p2a: Grimmsnarl\n|-damage|p2a: Grimmsnarl|23\/100\n|move|p2a: Grimmsnarl|Spirit Break|p1a: Arceus\n|-damage|p1a: Arceus|13\/100\n|-unboost|p1a: Arceus|spa|1\n|\n|-heal|p1a: Arceus|19\/100|[from] item: Leftovers\n|upkeep\n|turn|24\n|-message|Blizzerker forfeited.\n|\n|win|savagewolf98420\n|raw|savagewolf98420's rating: 1170 &rarr; <strong>1188<\/strong><br \/>(+18 for winning)\n|raw|Blizzerker's rating: 1077 &rarr; <strong>1061<\/strong><br \/>(-16 for losing)\n|l|\u2606Blizzerker\n","uploadtime":1700084838,"views":4,"p1id":"savagewolf98420","p2id":"blizzerker","formatid":"gen9anythinggoes","rating":1061,"private":0,"password":""}