{"id":"gen9anythinggoes-1983880551","p1":"dowlet","p2":"baku2800","format":"[Gen 9] Anything Goes","log":"|j|\u2606dowlet\n|j|\u2606baku2800\n|t:|1699195493\n|gametype|singles\n|player|p1|dowlet|blackbelt-gen4dp|1160\n|player|p2|baku2800|cynthia-gen4|1157\n|teamsize|p1|6\n|teamsize|p2|6\n|gen|9\n|tier|[Gen 9] Anything Goes\n|rated|\n|rule|HP Percentage Mod: HP is shown in percentages\n|rule|Endless Battle Clause: Forcing endless battles is banned\n|clearpoke\n|poke|p1|Clodsire, M|\n|poke|p1|Scizor, M|\n|poke|p1|Noivern, M|\n|poke|p1|Ninetales-Alola, F|\n|poke|p1|Zoroark-Hisui, F|\n|poke|p1|Breloom, F|\n|poke|p2|Palkia-Origin|\n|poke|p2|Uxie|\n|poke|p2|Arceus-Poison|\n|poke|p2|Weavile, M|\n|poke|p2|Zacian-*|\n|poke|p2|Darkrai|\n|teampreview\n|c|\u2606dowlet|oh sh\n|inactive|Battle timer is ON: inactive players will automatically lose when time's up. (requested by baku2800)\n|c|\u2606dowlet|4 legenaries\n|c|\u2606baku2800|yea time to get whooped out\n|c|\u2606baku2800|i snap u away like tanus\n|inactive|dowlet has 120 seconds left.\n|\n|t:|1699195551\n|start\n|switch|p1a: Clodsire|Clodsire, M|100\/100\n|switch|p2a: Uxie|Uxie|100\/100\n|turn|1\n|\n|t:|1699195558\n|move|p2a: Uxie|Light Screen|p2a: Uxie\n|-sidestart|p2: baku2800|move: Light Screen\n|move|p1a: Clodsire|Megahorn|p2a: Uxie\n|-supereffective|p2a: Uxie\n|-crit|p2a: Uxie\n|-damage|p2a: Uxie|38\/100\n|\n|upkeep\n|turn|2\n|\n|t:|1699195564\n|move|p2a: Uxie|Reflect|p2a: Uxie\n|-sidestart|p2: baku2800|Reflect\n|move|p1a: Clodsire|Megahorn|p2a: Uxie\n|-supereffective|p2a: Uxie\n|-damage|p2a: Uxie|17\/100\n|\n|upkeep\n|turn|3\n|\n|t:|1699195569\n|move|p2a: Uxie|Calm Mind|p2a: Uxie\n|-boost|p2a: Uxie|spa|1\n|-boost|p2a: Uxie|spd|1\n|move|p1a: Clodsire|Poison Jab|p2a: Uxie\n|-damage|p2a: Uxie|7\/100\n|\n|upkeep\n|turn|4\n|\n|t:|1699195576\n|move|p2a: Uxie|Baton Pass|p2a: Uxie\n|\n|t:|1699195581\n|switch|p2a: Arceus|Arceus-Poison|100\/100|[from] Baton Pass\n|move|p1a: Clodsire|Poison Jab|p2a: Arceus\n|-resisted|p2a: Arceus\n|-damage|p2a: Arceus|96\/100\n|\n|upkeep\n|turn|5\n|\n|t:|1699195587\n|move|p2a: Arceus|Calm Mind|p2a: Arceus\n|-boost|p2a: Arceus|spa|1\n|-boost|p2a: Arceus|spd|1\n|move|p1a: Clodsire|Earthquake|p2a: Arceus\n|-supereffective|p2a: Arceus\n|-damage|p2a: Arceus|70\/100\n|\n|upkeep\n|turn|6\n|inactive|dowlet has 120 seconds left.\n|\n|t:|1699195627\n|move|p2a: Arceus|Acid Spray|p1a: Clodsire\n|-resisted|p1a: Clodsire\n|-damage|p1a: Clodsire|94\/100\n|-unboost|p1a: Clodsire|spd|2\n|move|p1a: Clodsire|Earthquake|p2a: Arceus\n|-supereffective|p2a: Arceus\n|-damage|p2a: Arceus|43\/100\n|\n|upkeep\n|turn|7\n|inactive|dowlet has 120 seconds left.\n|c|\u2606dowlet|thats it\n|\n|t:|1699195644\n|move|p2a: Arceus|Acid Spray|p1a: Clodsire\n|-resisted|p1a: Clodsire\n|-damage|p1a: Clodsire|80\/100\n|-unboost|p1a: Clodsire|spd|2\n|move|p1a: Clodsire|Earthquake|p2a: Arceus\n|-supereffective|p2a: Arceus\n|-damage|p2a: Arceus|17\/100\n|\n|upkeep\n|turn|8\n|inactive|dowlet has 90 seconds left.\n|\n|t:|1699195675\n|move|p2a: Arceus|Judgment|p1a: Clodsire\n|-resisted|p1a: Clodsire\n|-damage|p1a: Clodsire|25\/100\n|move|p1a: Clodsire|Earthquake|p2a: Arceus\n|-supereffective|p2a: Arceus\n|-damage|p2a: Arceus|0 fnt\n|faint|p2a: Arceus\n|\n|-sideend|p2: baku2800|move: Light Screen\n|upkeep\n|\n|t:|1699195686\n|switch|p2a: Darkrai|Darkrai|100\/100\n|turn|9\n|c|\u2606baku2800|alright sill okay\n|inactive|dowlet has 90 seconds left.\n|c|\u2606baku2800|i curse u to death with my dakrei\n|inactive|dowlet has 60 seconds left.\n|\n|t:|1699195738\n|move|p2a: Darkrai|Hypnosis|p1a: Clodsire\n|-status|p1a: Clodsire|slp|[from] move: Hypnosis\n|cant|p1a: Clodsire|slp\n|\n|-sideend|p2: baku2800|Reflect\n|-damage|p1a: Clodsire|13\/100 slp|[from] ability: Bad Dreams|[of] p2a: Darkrai\n|upkeep\n|turn|10\n|inactive|dowlet has 60 seconds left.\n|inactive|dowlet has 30 seconds left.\n|c|\u2606baku2800|do u play on an fucking island ?\n|\n|t:|1699195777\n|move|p2a: Darkrai|Nasty Plot|p2a: Darkrai\n|-boost|p2a: Darkrai|spa|2\n|cant|p1a: Clodsire|slp\n|\n|-damage|p1a: Clodsire|0 fnt|[from] ability: Bad Dreams|[of] p2a: Darkrai\n|faint|p1a: Clodsire\n|upkeep\n|inactive|dowlet has 30 seconds left.\n|c|\u2606dowlet|whats wrong\n|\n|t:|1699195788\n|switch|p1a: Scizor|Scizor, M|100\/100\n|turn|11\n|\n|t:|1699195795\n|move|p2a: Darkrai|Shadow Ball|p1a: Scizor\n|-damage|p1a: Scizor|16\/100\n|move|p1a: Scizor|Lunge|p2a: Darkrai\n|-supereffective|p2a: Darkrai\n|-damage|p2a: Darkrai|0 fnt\n|faint|p2a: Darkrai\n|\n|-heal|p1a: Scizor|22\/100|[from] item: Leftovers\n|upkeep\n|\n|t:|1699195807\n|switch|p2a: Zacian|Zacian-Crowned|100\/100\n|-ability|p2a: Zacian|Intrepid Sword|boost\n|-boost|p2a: Zacian|atk|1\n|turn|12\n|inactive|dowlet has 30 seconds left.\n|inactive|dowlet has 20 seconds left.\n|inactive|dowlet has 15 seconds left.\n|\n|t:|1699195846\n|move|p1a: Scizor|Bullet Punch|p2a: Zacian\n|-damage|p2a: Zacian|64\/100\n|move|p2a: Zacian|Swords Dance|p2a: Zacian\n|-boost|p2a: Zacian|atk|2\n|\n|-heal|p1a: Scizor|28\/100|[from] item: Leftovers\n|upkeep\n|turn|13\n|inactive|dowlet has 25 seconds left this turn.\n|inactive|dowlet has 20 seconds left.\n|inactive|dowlet has 15 seconds left.\n|\n|t:|1699195858\n|move|p1a: Scizor|Bullet Punch|p2a: Zacian\n|-damage|p2a: Zacian|31\/100\n|move|p2a: Zacian|Sacred Sword|p1a: Scizor\n|-damage|p1a: Scizor|0 fnt\n|faint|p1a: Scizor\n|\n|upkeep\n|inactive|dowlet has 20 seconds left this turn.\n|inactive|dowlet has 15 seconds left.\n|c|\u2606baku2800|ez\n|inactive|dowlet has 10 seconds left.\n|inactive|dowlet has 5 seconds left.\n|-message|dowlet lost due to inactivity.\n|\n|win|baku2800\n|raw|dowlet's rating: 1160 &rarr; <strong>1135<\/strong><br \/>(-25 for losing)\n|raw|baku2800's rating: 1157 &rarr; <strong>1182<\/strong><br \/>(+25 for winning)\n","uploadtime":1699195711,"views":5,"p1id":"dowlet","p2id":"baku2800","formatid":"gen9anythinggoes","rating":1135,"private":0,"password":""}