{"id":"gen9anythinggoes-1979373967","p1":"FocusedSphinx","p2":"wyydg","format":"[Gen 9] Anything Goes","log":"|j|\u2606FocusedSphinx\n|j|\u2606wyydg\n|t:|1698677575\n|gametype|singles\n|player|p1|FocusedSphinx|gambler|1124\n|player|p2|wyydg|hilbert|1214\n|teamsize|p1|6\n|teamsize|p2|6\n|gen|9\n|tier|[Gen 9] Anything Goes\n|rated|\n|rule|HP Percentage Mod: HP is shown in percentages\n|rule|Endless Battle Clause: Forcing endless battles is banned\n|clearpoke\n|poke|p1|Scovillain, M|\n|poke|p1|Kyogre|\n|poke|p1|Eternatus|\n|poke|p1|Zacian-*|\n|poke|p1|Darkrai|\n|poke|p1|Arceus|\n|poke|p2|Shaymin-Sky|\n|poke|p2|Shaymin-Sky|\n|poke|p2|Shaymin-Sky|\n|poke|p2|Jirachi|\n|poke|p2|Jirachi|\n|poke|p2|Jirachi|\n|teampreview\n|\n|t:|1698677590\n|start\n|switch|p1a: Wimpy Shield|Scovillain, M|100\/100\n|switch|p2a: Shaymin|Shaymin-Sky|100\/100\n|turn|1\n|\n|t:|1698677604\n|move|p2a: Shaymin|Air Slash|p1a: Wimpy Shield\n|-supereffective|p1a: Wimpy Shield\n|-damage|p1a: Wimpy Shield|0 fnt\n|faint|p1a: Wimpy Shield\n|\n|upkeep\n|\n|t:|1698677615\n|switch|p1a: Metal Llama|Arceus|100\/100\n|turn|2\n|\n|t:|1698677622\n|move|p2a: Shaymin|Air Slash|p1a: Metal Llama\n|-damage|p1a: Metal Llama|77\/100\n|move|p1a: Metal Llama|Flare Blitz|p2a: Shaymin\n|-supereffective|p2a: Shaymin\n|-damage|p2a: Shaymin|0 fnt\n|faint|p2a: Shaymin\n|-damage|p1a: Metal Llama|50\/100|[from] Recoil\n|\n|-heal|p1a: Metal Llama|56\/100|[from] item: Leftovers\n|upkeep\n|\n|t:|1698677631\n|switch|p2a: Jirachi|Jirachi|100\/100\n|turn|3\n|c|\u2606FocusedSphinx|!weak Jirachi\n|c| FocusedSphinx|\/raw <div class=\"infobox\">Jirachi (ignoring abilities):<br \/><span class=\"message-effect-weak\">Weaknesses<\/span>: Dark, Fire, Ghost, Ground<br \/><span class=\"message-effect-resist\">Resistances<\/span>: Dragon, Fairy, Flying, Grass, Ice, Normal, <b>Psychic<\/b>, Rock, Steel<br \/><span class=\"message-effect-immune\">Immunities<\/span>: Poison, Sandstorm damage, Toxic<\/div>\n|\n|t:|1698677643\n|-terastallize|p2a: Jirachi|Water\n|move|p2a: Jirachi|Body Slam|p1a: Metal Llama\n|-damage|p1a: Metal Llama|41\/100\n|-status|p1a: Metal Llama|par\n|move|p1a: Metal Llama|Flare Blitz|p2a: Jirachi\n|-resisted|p2a: Jirachi\n|-damage|p2a: Jirachi|83\/100\n|-damage|p1a: Metal Llama|36\/100 par|[from] Recoil\n|\n|-heal|p2a: Jirachi|89\/100|[from] item: Leftovers\n|-heal|p1a: Metal Llama|42\/100 par|[from] item: Leftovers\n|upkeep\n|turn|4\n|\n|t:|1698677662\n|switch|p1a: Big Glass Dragon|Eternatus|100\/100\n|-ability|p1a: Big Glass Dragon|Pressure\n|move|p2a: Jirachi|Iron Head|p1a: Big Glass Dragon\n|-damage|p1a: Big Glass Dragon|77\/100\n|\n|-heal|p2a: Jirachi|95\/100|[from] item: Leftovers\n|upkeep\n|turn|5\n|\n|t:|1698677672\n|move|p2a: Jirachi|Body Slam|p1a: Big Glass Dragon\n|-crit|p1a: Big Glass Dragon\n|-damage|p1a: Big Glass Dragon|52\/100\n|-status|p1a: Big Glass Dragon|par\n|move|p1a: Big Glass Dragon|Dynamax Cannon|p2a: Jirachi\n|-damage|p2a: Jirachi|48\/100\n|\n|-heal|p2a: Jirachi|54\/100|[from] item: Leftovers\n|upkeep\n|turn|6\n|\n|t:|1698677684\n|move|p2a: Jirachi|Iron Head|p1a: Big Glass Dragon\n|-damage|p1a: Big Glass Dragon|26\/100 par\n|cant|p1a: Big Glass Dragon|par\n|\n|-heal|p2a: Jirachi|61\/100|[from] item: Leftovers\n|upkeep\n|turn|7\n|\n|t:|1698677690\n|move|p2a: Jirachi|Iron Head|p1a: Big Glass Dragon\n|-damage|p1a: Big Glass Dragon|1\/100 par\n|move|p1a: Big Glass Dragon|Draco Meteor|p2a: Jirachi\n|-damage|p2a: Jirachi|0 fnt\n|-unboost|p1a: Big Glass Dragon|spa|2\n|faint|p2a: Jirachi\n|\n|upkeep\n|\n|t:|1698677700\n|switch|p2a: Shaymin|Shaymin-Sky|100\/100\n|turn|8\n|\n|t:|1698677703\n|move|p2a: Shaymin|Air Slash|p1a: Big Glass Dragon\n|-damage|p1a: Big Glass Dragon|0 fnt\n|faint|p1a: Big Glass Dragon\n|\n|upkeep\n|\n|t:|1698677708\n|switch|p1a: Fancy Looking Dog|Zacian-Crowned|100\/100\n|-ability|p1a: Fancy Looking Dog|Intrepid Sword|boost\n|-boost|p1a: Fancy Looking Dog|atk|1\n|turn|9\n|\n|t:|1698677716\n|move|p2a: Shaymin|Air Slash|p1a: Fancy Looking Dog\n|-resisted|p1a: Fancy Looking Dog\n|-damage|p1a: Fancy Looking Dog|85\/100\n|cant|p1a: Fancy Looking Dog|flinch\n|\n|upkeep\n|turn|10\n|\n|t:|1698677721\n|move|p2a: Shaymin|Air Slash|p1a: Fancy Looking Dog\n|-resisted|p1a: Fancy Looking Dog\n|-damage|p1a: Fancy Looking Dog|69\/100\n|move|p1a: Fancy Looking Dog|Behemoth Blade|p2a: Shaymin\n|-damage|p2a: Shaymin|8\/100\n|\n|upkeep\n|turn|11\n|\n|t:|1698677728\n|move|p2a: Shaymin|Air Slash|p1a: Fancy Looking Dog\n|-resisted|p1a: Fancy Looking Dog\n|-damage|p1a: Fancy Looking Dog|55\/100\n|move|p1a: Fancy Looking Dog|Behemoth Blade|p2a: Shaymin\n|-damage|p2a: Shaymin|0 fnt\n|faint|p2a: Shaymin\n|\n|upkeep\n|\n|t:|1698677735\n|switch|p2a: Jirachi|Jirachi|100\/100\n|turn|12\n|\n|t:|1698677747\n|move|p1a: Fancy Looking Dog|Behemoth Blade|p2a: Jirachi\n|-resisted|p2a: Jirachi\n|-damage|p2a: Jirachi|63\/100\n|move|p2a: Jirachi|Body Slam|p1a: Fancy Looking Dog\n|-resisted|p1a: Fancy Looking Dog\n|-damage|p1a: Fancy Looking Dog|46\/100\n|-status|p1a: Fancy Looking Dog|par\n|\n|-heal|p2a: Jirachi|69\/100|[from] item: Leftovers\n|upkeep\n|turn|13\n|\n|t:|1698677800\n|move|p2a: Jirachi|Iron Head|p1a: Fancy Looking Dog\n|-crit|p1a: Fancy Looking Dog\n|-damage|p1a: Fancy Looking Dog|0 fnt\n|faint|p1a: Fancy Looking Dog\n|\n|-heal|p2a: Jirachi|75\/100|[from] item: Leftovers\n|upkeep\n|\n|t:|1698677809\n|switch|p1a: Sleepy Night Night|Darkrai|100\/100\n|turn|14\n|\n|t:|1698677816\n|move|p2a: Jirachi|Protect|p2a: Jirachi\n|-singleturn|p2a: Jirachi|Protect\n|move|p1a: Sleepy Night Night|Hypnosis|p2a: Jirachi\n|-activate|p2a: Jirachi|move: Protect\n|\n|-heal|p2a: Jirachi|81\/100|[from] item: Leftovers\n|upkeep\n|turn|15\n|\n|t:|1698677824\n|move|p1a: Sleepy Night Night|Hypnosis|p2a: Jirachi\n|-status|p2a: Jirachi|slp|[from] move: Hypnosis\n|cant|p2a: Jirachi|slp\n|\n|-heal|p2a: Jirachi|88\/100 slp|[from] item: Leftovers\n|-damage|p2a: Jirachi|75\/100 slp|[from] ability: Bad Dreams|[of] p1a: Sleepy Night Night\n|upkeep\n|turn|16\n|\n|t:|1698677832\n|move|p1a: Sleepy Night Night|Dark Pulse|p2a: Jirachi\n|-supereffective|p2a: Jirachi\n|-damage|p2a: Jirachi|0 fnt\n|faint|p2a: Jirachi\n|\n|upkeep\n|\n|t:|1698677835\n|switch|p2a: Shaymin|Shaymin-Sky|100\/100\n|turn|17\n|\n|t:|1698677841\n|move|p2a: Shaymin|Air Slash|p1a: Sleepy Night Night\n|-damage|p1a: Sleepy Night Night|59\/100\n|cant|p1a: Sleepy Night Night|flinch\n|\n|upkeep\n|turn|18\n|\n|t:|1698677845\n|move|p2a: Shaymin|Seed Flare|p1a: Sleepy Night Night\n|-damage|p1a: Sleepy Night Night|0 fnt\n|faint|p1a: Sleepy Night Night\n|\n|upkeep\n|\n|t:|1698677852\n|switch|p1a: Moby's Brother|Kyogre|100\/100\n|-weather|RainDance|[from] ability: Drizzle|[of] p1a: Moby's Brother\n|turn|19\n|\n|t:|1698677858\n|move|p2a: Shaymin|Protect|p2a: Shaymin\n|-singleturn|p2a: Shaymin|Protect\n|move|p1a: Moby's Brother|Thunder|p2a: Shaymin\n|-activate|p2a: Shaymin|move: Protect\n|\n|-weather|RainDance|[upkeep]\n|upkeep\n|turn|20\n|\n|t:|1698677866\n|move|p2a: Shaymin|Seed Flare|p1a: Moby's Brother\n|-supereffective|p1a: Moby's Brother\n|-damage|p1a: Moby's Brother|22\/100\n|-unboost|p1a: Moby's Brother|spd|2\n|move|p1a: Moby's Brother|Thunder|p2a: Shaymin\n|-damage|p2a: Shaymin|52\/100\n|\n|-weather|RainDance|[upkeep]\n|-heal|p2a: Shaymin|58\/100|[from] item: Leftovers\n|upkeep\n|turn|21\n|\n|t:|1698677875\n|move|p2a: Shaymin|Air Slash|p1a: Moby's Brother\n|-damage|p1a: Moby's Brother|0 fnt\n|faint|p1a: Moby's Brother\n|\n|-weather|RainDance|[upkeep]\n|-heal|p2a: Shaymin|64\/100|[from] item: Leftovers\n|upkeep\n|\n|t:|1698677881\n|switch|p1a: Metal Llama|Arceus|42\/100 par\n|turn|22\n|\n|t:|1698677887\n|move|p2a: Shaymin|Air Slash|p1a: Metal Llama\n|-damage|p1a: Metal Llama|18\/100 par\n|cant|p1a: Metal Llama|flinch\n|\n|-weather|RainDance|[upkeep]\n|-heal|p2a: Shaymin|70\/100|[from] item: Leftovers\n|-heal|p1a: Metal Llama|24\/100 par|[from] item: Leftovers\n|upkeep\n|turn|23\n|\n|t:|1698677894\n|move|p2a: Shaymin|Air Slash|p1a: Metal Llama\n|-damage|p1a: Metal Llama|0 fnt\n|faint|p1a: Metal Llama\n|\n|win|wyydg\n|raw|FocusedSphinx's rating: 1124 &rarr; <strong>1105<\/strong><br \/>(-19 for losing)\n|raw|wyydg's rating: 1214 &rarr; <strong>1233<\/strong><br \/>(+19 for winning)\n|l|\u2606FocusedSphinx\n","uploadtime":1698677901,"views":9,"p1id":"focusedsphinx","p2id":"wyydg","formatid":"gen9anythinggoes","rating":1105,"private":0,"password":""}