{"id":"gen9anythinggoes-2000405595","p1":"Ceg_23","p2":"MattDaBadGuy","format":"[Gen 9] Anything Goes","log":"|j|\u2606Ceg_23\n|j|\u2606MattDaBadGuy\n|t:|1701192080\n|gametype|singles\n|player|p1|Ceg_23|plasmagrunt|1050\n|player|p2|MattDaBadGuy|unknown|1185\n|teamsize|p1|6\n|teamsize|p2|6\n|gen|9\n|tier|[Gen 9] Anything Goes\n|rated|\n|rule|HP Percentage Mod: HP is shown in percentages\n|rule|Endless Battle Clause: Forcing endless battles is banned\n|clearpoke\n|poke|p1|Arceus-Psychic|\n|poke|p1|Arceus-Fairy|\n|poke|p1|Arceus-Steel|\n|poke|p1|Arceus-Ghost|\n|poke|p1|Arceus-Water|\n|poke|p1|Arceus-Dragon|\n|poke|p2|Kingambit, M|\n|poke|p2|Cetitan, M|\n|poke|p2|Espathra, M|\n|poke|p2|Cloyster, F|\n|poke|p2|Gliscor, F|\n|poke|p2|Giratina-Origin|\n|teampreview\n|inactive|Battle timer is ON: inactive players will automatically lose when time's up. (requested by Ceg_23)\n|\n|t:|1701192108\n|start\n|switch|p1a: Arceus|Arceus-Dragon|100\/100\n|switch|p2a: Cetitan|Cetitan, M|100\/100\n|turn|1\n|\n|t:|1701192123\n|move|p1a: Arceus|Cosmic Power|p1a: Arceus\n|-boost|p1a: Arceus|def|1\n|-boost|p1a: Arceus|spd|1\n|move|p2a: Cetitan|Belly Drum|p2a: Cetitan\n|-damage|p2a: Cetitan|51\/100\n|-setboost|p2a: Cetitan|atk|6|[from] move: Belly Drum\n|\n|upkeep\n|turn|2\n|\n|t:|1701192131\n|move|p1a: Arceus|Cosmic Power|p1a: Arceus\n|-boost|p1a: Arceus|def|1\n|-boost|p1a: Arceus|spd|1\n|move|p2a: Cetitan|Heavy Slam|p1a: Arceus\n|-damage|p1a: Arceus|72\/100\n|\n|upkeep\n|turn|3\n|\n|t:|1701192137\n|move|p1a: Arceus|Cosmic Power|p1a: Arceus\n|-boost|p1a: Arceus|def|1\n|-boost|p1a: Arceus|spd|1\n|move|p2a: Cetitan|Superpower|p1a: Arceus\n|-damage|p1a: Arceus|27\/100\n|-unboost|p2a: Cetitan|atk|1\n|-unboost|p2a: Cetitan|def|1\n|\n|upkeep\n|turn|4\n|\n|t:|1701192145\n|move|p1a: Arceus|Stored Power|p2a: Cetitan\n|-damage|p2a: Cetitan|0 fnt\n|faint|p2a: Cetitan\n|\n|upkeep\n|\n|t:|1701192150\n|switch|p2a: Giratitan|Giratina-Origin|100\/100\n|turn|5\n|\n|t:|1701192159\n|move|p1a: Arceus|Judgment|p2a: Giratitan\n|-supereffective|p2a: Giratitan\n|-damage|p2a: Giratitan|13\/100\n|move|p2a: Giratitan|Dragon Pulse|p1a: Arceus\n|-supereffective|p1a: Arceus\n|-damage|p1a: Arceus|0 fnt\n|faint|p1a: Arceus\n|\n|upkeep\n|c|\u2606MattDaBadGuy|bro\n|\n|t:|1701192168\n|switch|p1a: Arceus|Arceus-Fairy|100\/100\n|turn|6\n|\n|t:|1701192173\n|move|p1a: Arceus|Judgment|p2a: Giratitan\n|-supereffective|p2a: Giratitan\n|-damage|p2a: Giratitan|0 fnt\n|faint|p2a: Giratitan\n|\n|upkeep\n|\n|t:|1701192179\n|switch|p2a: Gicitan|Gliscor, F|100\/100\n|turn|7\n|\n|t:|1701192184\n|move|p2a: Gicitan|Knock Off|p1a: Arceus\n|-resisted|p1a: Arceus\n|-damage|p1a: Arceus|95\/100\n|move|p1a: Arceus|Cosmic Power|p1a: Arceus\n|-boost|p1a: Arceus|def|1\n|-boost|p1a: Arceus|spd|1\n|\n|-status|p2a: Gicitan|tox|[from] item: Toxic Orb\n|upkeep\n|turn|8\n|\n|t:|1701192193\n|move|p2a: Gicitan|Swords Dance|p2a: Gicitan\n|-boost|p2a: Gicitan|atk|2\n|move|p1a: Arceus|Cosmic Power|p1a: Arceus\n|-boost|p1a: Arceus|def|1\n|-boost|p1a: Arceus|spd|1\n|\n|upkeep\n|turn|9\n|\n|t:|1701192199\n|move|p2a: Gicitan|Swords Dance|p2a: Gicitan\n|-boost|p2a: Gicitan|atk|2\n|move|p1a: Arceus|Cosmic Power|p1a: Arceus\n|-boost|p1a: Arceus|def|1\n|-boost|p1a: Arceus|spd|1\n|\n|upkeep\n|turn|10\n|\n|t:|1701192204\n|move|p2a: Gicitan|Swords Dance|p2a: Gicitan\n|-boost|p2a: Gicitan|atk|2\n|move|p1a: Arceus|Cosmic Power|p1a: Arceus\n|-boost|p1a: Arceus|def|1\n|-boost|p1a: Arceus|spd|1\n|\n|upkeep\n|turn|11\n|\n|t:|1701192210\n|move|p2a: Gicitan|High Horsepower|p1a: Arceus\n|-damage|p1a: Arceus|63\/100\n|move|p1a: Arceus|Cosmic Power|p1a: Arceus\n|-boost|p1a: Arceus|def|1\n|-boost|p1a: Arceus|spd|1\n|\n|upkeep\n|turn|12\n|\n|t:|1701192216\n|move|p2a: Gicitan|High Horsepower|p1a: Arceus\n|-damage|p1a: Arceus|39\/100\n|move|p1a: Arceus|Cosmic Power|p1a: Arceus\n|-boost|p1a: Arceus|def|1\n|-boost|p1a: Arceus|spd|1\n|\n|upkeep\n|turn|13\n|\n|t:|1701192225\n|move|p2a: Gicitan|Brick Break|p1a: Arceus\n|-resisted|p1a: Arceus\n|-damage|p1a: Arceus|32\/100\n|move|p1a: Arceus|Stored Power|p2a: Gicitan\n|-damage|p2a: Gicitan|0 fnt\n|faint|p2a: Gicitan\n|\n|upkeep\n|\n|t:|1701192234\n|switch|p2a: Clititan|Cloyster, F|100\/100\n|turn|14\n|\n|t:|1701192238\n|move|p1a: Arceus|Stored Power|p2a: Clititan\n|-damage|p2a: Clititan|0 fnt\n|faint|p2a: Clititan\n|\n|upkeep\n|\n|t:|1701192241\n|switch|p2a: Birtitan|Espathra, M|100\/100\n|turn|15\n|\n|t:|1701192245\n|move|p2a: Birtitan|Lumina Crash|p1a: Arceus\n|-damage|p1a: Arceus|26\/100\n|-unboost|p1a: Arceus|spd|2\n|move|p1a: Arceus|Stored Power|p2a: Birtitan\n|-resisted|p2a: Birtitan\n|-damage|p2a: Birtitan|42\/100\n|\n|upkeep\n|turn|16\n|\n|t:|1701192256\n|move|p2a: Birtitan|Lumina Crash|p1a: Arceus\n|-damage|p1a: Arceus|17\/100\n|-unboost|p1a: Arceus|spd|2\n|move|p1a: Arceus|Stored Power|p2a: Birtitan\n|-resisted|p2a: Birtitan\n|-damage|p2a: Birtitan|0 fnt\n|faint|p2a: Birtitan\n|\n|upkeep\n|\n|t:|1701192264\n|switch|p2a: Titan|Kingambit, M, shiny|100\/100\n|-activate|p2a: Titan|ability: Supreme Overlord\n|-start|p2a: Titan|fallen5|[silent]\n|turn|17\n|\n|t:|1701192268\n|move|p2a: Titan|Sucker Punch||[still]\n|-fail|p2a: Titan\n|move|p1a: Arceus|Cosmic Power|p1a: Arceus\n|-boost|p1a: Arceus|def|0\n|-boost|p1a: Arceus|spd|1\n|\n|upkeep\n|turn|18\n|\n|t:|1701192275\n|move|p1a: Arceus|Stored Power|p2a: Titan\n|-immune|p2a: Titan\n|move|p2a: Titan|Swords Dance|p2a: Titan\n|-boost|p2a: Titan|atk|2\n|\n|upkeep\n|turn|19\n|\n|t:|1701192282\n|move|p2a: Titan|Sucker Punch|p1a: Arceus\n|-resisted|p1a: Arceus\n|-damage|p1a: Arceus|6\/100\n|move|p1a: Arceus|Stored Power|p2a: Titan\n|-immune|p2a: Titan\n|\n|upkeep\n|turn|20\n|\n|t:|1701192291\n|move|p2a: Titan|Sucker Punch|p1a: Arceus\n|-resisted|p1a: Arceus\n|-damage|p1a: Arceus|0 fnt\n|faint|p1a: Arceus\n|\n|upkeep\n|\n|t:|1701192308\n|switch|p1a: Arceus|Arceus-Ghost|100\/100\n|turn|21\n|\n|t:|1701192318\n|move|p2a: Titan|Sucker Punch|p1a: Arceus\n|-supereffective|p1a: Arceus\n|-damage|p1a: Arceus|0 fnt\n|faint|p1a: Arceus\n|\n|upkeep\n|\n|t:|1701192323\n|switch|p1a: Arceus|Arceus-Steel|100\/100\n|turn|22\n|\n|t:|1701192329\n|-terastallize|p2a: Titan|Dark\n|move|p1a: Arceus|Waterfall|p2a: Titan\n|-damage|p2a: Titan|85\/100\n|move|p2a: Titan|Kowtow Cleave|p1a: Arceus\n|-damage|p1a: Arceus|0 fnt\n|faint|p1a: Arceus\n|\n|upkeep\n|\n|t:|1701192338\n|switch|p1a: Arceus|Arceus-Psychic|100\/100\n|turn|23\n|\n|t:|1701192346\n|move|p2a: Titan|Sucker Punch|p1a: Arceus\n|-supereffective|p1a: Arceus\n|-damage|p1a: Arceus|0 fnt\n|faint|p1a: Arceus\n|\n|upkeep\n|\n|t:|1701192351\n|switch|p1a: Arceus|Arceus-Water|100\/100\n|turn|24\n|\n|t:|1701192359\n|move|p1a: Arceus|Protect|p1a: Arceus\n|-singleturn|p1a: Arceus|Protect\n|move|p2a: Titan|Kowtow Cleave|p1a: Arceus\n|-activate|p1a: Arceus|move: Protect\n|\n|upkeep\n|turn|25\n|\n|t:|1701192366\n|move|p1a: Arceus|Judgment|p2a: Titan\n|-damage|p2a: Titan|21\/100\n|move|p2a: Titan|Kowtow Cleave|p1a: Arceus\n|-damage|p1a: Arceus|0 fnt\n|faint|p1a: Arceus\n|\n|win|MattDaBadGuy\n|raw|Ceg_23's rating: 1050 &rarr; <strong>1039<\/strong><br \/>(-11 for losing)\n|raw|MattDaBadGuy's rating: 1185 &rarr; <strong>1201<\/strong><br \/>(+16 for winning)\n|l|\u2606Ceg_23\n|c|\u2606MattDaBadGuy|omg\n","uploadtime":1701192402,"views":0,"p1id":"ceg23","p2id":"mattdabadguy","formatid":"gen9anythinggoes","rating":1039,"private":0,"password":""}