{"id":"gen9anythinggoes-1997372488","p1":"HemmingfordEQs","p2":"Beauce Raikous","format":"[Gen 9] Anything Goes","log":"|j|\u2606HemmingfordEQs\n|j|\u2606Beauce Raikous\n|t:|1700795598\n|gametype|singles\n|player|p1|HemmingfordEQs|cynthia-gen4|\n|player|p2|Beauce Raikous|1|\n|teamsize|p1|6\n|teamsize|p2|6\n|gen|9\n|tier|[Gen 9] Anything Goes\n|rule|HP Percentage Mod: HP is shown in percentages\n|rule|Endless Battle Clause: Forcing endless battles is banned\n|clearpoke\n|poke|p1|Jolteon, M|\n|poke|p1|Decidueye-Hisui, M|\n|poke|p1|Heatran, M|\n|poke|p1|Arcanine-Hisui, F|\n|poke|p1|Braviary-Hisui, M|\n|poke|p1|Overqwil, M|\n|poke|p2|Hoopa-Unbound|\n|poke|p2|Slowbro, M|\n|poke|p2|Mimikyu, F|\n|poke|p2|Wo-Chien|\n|poke|p2|Forretress, M|\n|poke|p2|Zapdos-Galar|\n|teampreview\n|\n|t:|1700795641\n|start\n|switch|p1a: Braviary|Braviary-Hisui, M|100\/100\n|switch|p2a: Wo-Chien|Wo-Chien|100\/100\n|-ability|p2a: Wo-Chien|Tablets of Ruin\n|turn|1\n|\n|t:|1700795655\n|-terastallize|p1a: Braviary|Fairy\n|move|p2a: Wo-Chien|Light Screen|p2a: Wo-Chien\n|-sidestart|p2: Beauce Raikous|move: Light Screen\n|move|p1a: Braviary|Calm Mind|p1a: Braviary\n|-boost|p1a: Braviary|spa|1\n|-boost|p1a: Braviary|spd|1\n|\n|upkeep\n|turn|2\n|\n|t:|1700795661\n|move|p2a: Wo-Chien|Knock Off|p1a: Braviary\n|-resisted|p1a: Braviary\n|-damage|p1a: Braviary|91\/100\n|-damage|p2a: Wo-Chien|84\/100|[from] item: Rocky Helmet|[of] p1a: Braviary\n|-enditem|p1a: Braviary|Rocky Helmet|[from] move: Knock Off|[of] p2a: Wo-Chien\n|move|p1a: Braviary|Calm Mind|p1a: Braviary\n|-boost|p1a: Braviary|spa|1\n|-boost|p1a: Braviary|spd|1\n|\n|upkeep\n|turn|3\n|\n|t:|1700795672\n|move|p2a: Wo-Chien|Ruination|p1a: Braviary\n|-damage|p1a: Braviary|46\/100\n|move|p1a: Braviary|Air Slash|p2a: Wo-Chien\n|-supereffective|p2a: Wo-Chien\n|-damage|p2a: Wo-Chien|46\/100\n|\n|upkeep\n|turn|4\n|\n|t:|1700795717\n|move|p2a: Wo-Chien|Ruination|p1a: Braviary|[miss]\n|-miss|p2a: Wo-Chien|p1a: Braviary\n|move|p1a: Braviary|Roost|p1a: Braviary\n|-heal|p1a: Braviary|96\/100\n|\n|upkeep\n|turn|5\n|\n|t:|1700795724\n|move|p2a: Wo-Chien|Ruination|p1a: Braviary\n|-damage|p1a: Braviary|48\/100\n|move|p1a: Braviary|Calm Mind|p1a: Braviary\n|-boost|p1a: Braviary|spa|1\n|-boost|p1a: Braviary|spd|1\n|\n|upkeep\n|turn|6\n|\n|t:|1700795750\n|move|p2a: Wo-Chien|Reflect|p2a: Wo-Chien\n|-sidestart|p2: Beauce Raikous|Reflect\n|move|p1a: Braviary|Roost|p1a: Braviary\n|-heal|p1a: Braviary|98\/100\n|\n|upkeep\n|turn|7\n|\n|t:|1700795755\n|move|p2a: Wo-Chien|Ruination|p1a: Braviary\n|-damage|p1a: Braviary|49\/100\n|move|p1a: Braviary|Air Slash|p2a: Wo-Chien\n|-supereffective|p2a: Wo-Chien\n|-damage|p2a: Wo-Chien|0 fnt\n|faint|p2a: Wo-Chien\n|\n|upkeep\n|\n|t:|1700795762\n|switch|p2a: Zapdos|Zapdos-Galar|100\/100\n|turn|8\n|\n|t:|1700795766\n|move|p2a: Zapdos|Brave Bird|p1a: Braviary\n|-damage|p1a: Braviary|5\/100\n|-damage|p2a: Zapdos|81\/100|[from] Recoil\n|move|p1a: Braviary|Air Slash|p2a: Zapdos\n|-supereffective|p2a: Zapdos\n|-damage|p2a: Zapdos|0 fnt\n|faint|p2a: Zapdos\n|\n|-sideend|p2: Beauce Raikous|move: Light Screen\n|upkeep\n|\n|t:|1700795781\n|switch|p2a: Mimikyu|Mimikyu, F|100\/100\n|turn|9\n|\n|t:|1700795785\n|move|p2a: Mimikyu|Shadow Sneak|p1a: Braviary\n|-damage|p1a: Braviary|0 fnt\n|faint|p1a: Braviary\n|-damage|p2a: Mimikyu|91\/100|[from] item: Life Orb\n|\n|upkeep\n|\n|t:|1700795806\n|switch|p1a: Overqwil|Overqwil, M|100\/100\n|turn|10\n|\n|t:|1700795811\n|switch|p2a: Forretress|Forretress, M|100\/100\n|move|p1a: Overqwil|Barb Barrage|p2a: Forretress\n|-immune|p2a: Forretress\n|\n|upkeep\n|turn|11\n|\n|t:|1700795821\n|move|p1a: Overqwil|Chilling Water|p2a: Forretress\n|-damage|p2a: Forretress|89\/100\n|-unboost|p2a: Forretress|atk|1\n|move|p2a: Forretress|Stealth Rock|p1a: Overqwil\n|-sidestart|p1: HemmingfordEQs|move: Stealth Rock\n|\n|-heal|p2a: Forretress|95\/100|[from] item: Leftovers\n|upkeep\n|turn|12\n|\n|t:|1700795830\n|switch|p1a: Decidueye|Decidueye-Hisui, M|100\/100\n|move|p2a: Forretress|Body Press|p1a: Decidueye\n|-damage|p1a: Decidueye|76\/100\n|\n|-heal|p2a: Forretress|100\/100|[from] item: Leftovers\n|upkeep\n|turn|13\n|\n|t:|1700795840\n|move|p1a: Decidueye|Defog|p2a: Forretress\n|-unboost|p2a: Forretress|evasion|1\n|-sideend|p2: Beauce Raikous|Reflect\n|-sideend|p1: HemmingfordEQs|Stealth Rock|[from] move: Defog|[of] p1a: Decidueye\n|move|p2a: Forretress|Volt Switch|p1a: Decidueye\n|-resisted|p1a: Decidueye\n|-damage|p1a: Decidueye|71\/100\n|\n|t:|1700795854\n|switch|p2a: Mimikyu|Mimikyu, F|91\/100|[from] Volt Switch\n|\n|upkeep\n|turn|14\n|\n|t:|1700795863\n|switch|p1a: Overqwil|Overqwil, M|100\/100\n|move|p2a: Mimikyu|Swords Dance|p2a: Mimikyu\n|-boost|p2a: Mimikyu|atk|2\n|\n|upkeep\n|turn|15\n|\n|t:|1700795872\n|move|p2a: Mimikyu|Play Rough|p1a: Overqwil\n|-damage|p1a: Overqwil|29\/100\n|-status|p2a: Mimikyu|psn|[from] ability: Poison Point|[of] p1a: Overqwil\n|-damage|p2a: Mimikyu|81\/100 psn|[from] item: Life Orb\n|move|p1a: Overqwil|Chilling Water|p2a: Mimikyu\n|-activate|p2a: Mimikyu|ability: Disguise\n|-damage|p2a: Mimikyu|81\/100 psn\n|-unboost|p2a: Mimikyu|atk|1\n|detailschange|p2a: Mimikyu|Mimikyu-Busted, F\n|-damage|p2a: Mimikyu|68\/100 psn|[from] pokemon: Mimikyu-Busted\n|\n|-heal|p1a: Overqwil|35\/100|[from] item: Black Sludge\n|-damage|p2a: Mimikyu|56\/100 psn|[from] psn\n|upkeep\n|turn|16\n|\n|t:|1700795888\n|move|p1a: Overqwil|Protect|p1a: Overqwil\n|-singleturn|p1a: Overqwil|Protect\n|move|p2a: Mimikyu|Play Rough|p1a: Overqwil\n|-activate|p1a: Overqwil|move: Protect\n|\n|-heal|p1a: Overqwil|41\/100|[from] item: Black Sludge\n|-damage|p2a: Mimikyu|44\/100 psn|[from] psn\n|upkeep\n|turn|17\n|\n|t:|1700795905\n|move|p2a: Mimikyu|Play Rough|p1a: Overqwil\n|-crit|p1a: Overqwil\n|-damage|p1a: Overqwil|0 fnt\n|faint|p1a: Overqwil\n|-damage|p2a: Mimikyu|34\/100 psn|[from] item: Life Orb\n|\n|-damage|p2a: Mimikyu|22\/100 psn|[from] psn\n|upkeep\n|\n|t:|1700795918\n|switch|p1a: Arcanine|Arcanine-Hisui, F|100\/100\n|turn|18\n|\n|t:|1700795925\n|move|p2a: Mimikyu|Shadow Sneak|p1a: Arcanine\n|-damage|p1a: Arcanine|54\/100\n|-damage|p2a: Mimikyu|12\/100 psn|[from] item: Life Orb\n|move|p1a: Arcanine|Flare Blitz|p2a: Mimikyu\n|-damage|p2a: Mimikyu|0 fnt\n|faint|p2a: Mimikyu\n|\n|upkeep\n|\n|t:|1700795932\n|switch|p2a: Slowbro|Slowbro, M|100\/100\n|turn|19\n|\n|t:|1700795937\n|switch|p1a: Decidueye|Decidueye-Hisui, M|71\/100\n|move|p2a: Slowbro|Surf|p1a: Decidueye\n|-resisted|p1a: Decidueye\n|-damage|p1a: Decidueye|58\/100\n|\n|upkeep\n|turn|20\n|\n|t:|1700795948\n|switch|p1a: Jolteon|Jolteon, M|100\/100\n|-terastallize|p2a: Slowbro|Grass\n|move|p2a: Slowbro|Future Sight|p1a: Jolteon\n|-start|p2a: Slowbro|move: Future Sight\n|\n|upkeep\n|turn|21\n|\n|t:|1700795969\n|move|p1a: Jolteon|Hyper Beam|p2a: Slowbro\n|-damage|p2a: Slowbro|30\/100\n|-mustrecharge|p1a: Jolteon\n|move|p2a: Slowbro|Body Press|p1a: Jolteon\n|-damage|p1a: Jolteon|47\/100\n|\n|upkeep\n|turn|22\n|\n|t:|1700795976\n|cant|p1a: Jolteon|recharge\n|move|p2a: Slowbro|Slack Off|p2a: Slowbro\n|-heal|p2a: Slowbro|80\/100\n|\n|-end|p1a: Jolteon|move: Future Sight\n|-damage|p1a: Jolteon|0 fnt\n|faint|p1a: Jolteon\n|upkeep\n|\n|t:|1700795987\n|switch|p1a: Arcanine|Arcanine-Hisui, F|54\/100\n|turn|23\n|\n|t:|1700796021\n|move|p1a: Arcanine|Flare Blitz|p2a: Slowbro\n|-supereffective|p2a: Slowbro\n|-damage|p2a: Slowbro|17\/100\n|-damage|p1a: Arcanine|38\/100|[from] item: Rocky Helmet|[of] p2a: Slowbro\n|move|p2a: Slowbro|Body Press|p1a: Arcanine\n|-supereffective|p1a: Arcanine\n|-damage|p1a: Arcanine|0 fnt\n|faint|p1a: Arcanine\n|\n|upkeep\n|\n|t:|1700796035\n|switch|p1a: Heatran|Heatran, M|100\/100\n|turn|24\n|\n|t:|1700796051\n|move|p1a: Heatran|Magma Storm|p2a: Slowbro\n|-supereffective|p2a: Slowbro\n|-damage|p2a: Slowbro|0 fnt\n|faint|p2a: Slowbro\n|\n|upkeep\n|\n|t:|1700796057\n|switch|p2a: Hoopa|Hoopa-Unbound|100\/100\n|turn|25\n|\n|t:|1700796063\n|move|p2a: Hoopa|Knock Off|p1a: Heatran\n|-damage|p1a: Heatran|53\/100\n|-enditem|p1a: Heatran|Leftovers|[from] move: Knock Off|[of] p2a: Hoopa\n|move|p1a: Heatran|Will-O-Wisp|p2a: Hoopa|[miss]\n|-miss|p1a: Heatran|p2a: Hoopa\n|\n|upkeep\n|turn|26\n|\n|t:|1700796071\n|move|p2a: Hoopa|Hyperspace Fury|p1a: Heatran\n|-damage|p1a: Heatran|0 fnt\n|-unboost|p2a: Hoopa|def|1\n|faint|p1a: Heatran\n|\n|upkeep\n|\n|t:|1700796075\n|switch|p1a: Decidueye|Decidueye-Hisui, M|58\/100\n|turn|27\n|\n|t:|1700796080\n|move|p2a: Hoopa|Gunk Shot|p1a: Decidueye\n|-supereffective|p1a: Decidueye\n|-damage|p1a: Decidueye|0 fnt\n|faint|p1a: Decidueye\n|\n|win|Beauce Raikous\n","uploadtime":1700796108,"views":4,"p1id":"hemmingfordeqs","p2id":"beauceraikous","formatid":"gen9anythinggoes","rating":0,"private":0,"password":""}