{"id":"gen9anythinggoes-1998051526","p1":"Mr Abingdon","p2":"ItsTheOrangeGuy","format":"[Gen 9] Anything Goes","log":"|j|\u2606Mr Abingdon\n|j|\u2606ItsTheOrangeGuy\n|t:|1700883988\n|gametype|singles\n|player|p1|Mr Abingdon|266|1000\n|player|p2|ItsTheOrangeGuy|266|1011\n|teamsize|p1|6\n|teamsize|p2|6\n|gen|9\n|tier|[Gen 9] Anything Goes\n|rated|\n|rule|HP Percentage Mod: HP is shown in percentages\n|rule|Endless Battle Clause: Forcing endless battles is banned\n|clearpoke\n|poke|p1|Maushold-Four|\n|poke|p1|Flutter Mane|\n|poke|p1|Miraidon|\n|poke|p1|Rabsca, M|\n|poke|p1|Garganacl, F|\n|poke|p1|Houndstone, M|\n|poke|p2|Maushold-Four|\n|poke|p2|Maushold-Four|\n|poke|p2|Maushold-Four|\n|poke|p2|Maushold-Four|\n|poke|p2|Maushold-Four|\n|poke|p2|Kingambit, F|\n|teampreview\n|\n|t:|1700884009\n|start\n|switch|p1a: Maushold|Maushold-Four|100\/100\n|switch|p2a: Maushold|Maushold-Four|100\/100\n|turn|1\n|\n|t:|1700884024\n|move|p1a: Maushold|Population Bomb|p2a: Maushold\n|-damage|p2a: Maushold|82\/100\n|-hitcount|p2a: Maushold|1\n|move|p2a: Maushold|Population Bomb|p1a: Maushold\n|-damage|p1a: Maushold|83\/100\n|-damage|p1a: Maushold|65\/100\n|-damage|p1a: Maushold|49\/100\n|-damage|p1a: Maushold|30\/100\n|-damage|p1a: Maushold|11\/100\n|-hitcount|p1a: Maushold|5\n|\n|upkeep\n|turn|2\n|\n|t:|1700884038\n|move|p1a: Maushold|Population Bomb|p2a: Maushold\n|-damage|p2a: Maushold|64\/100\n|-damage|p2a: Maushold|46\/100\n|-damage|p2a: Maushold|29\/100\n|-hitcount|p2a: Maushold|3\n|cant|p2a: Maushold|flinch\n|\n|upkeep\n|turn|3\n|\n|t:|1700884053\n|move|p1a: Maushold|Population Bomb|p2a: Maushold\n|-damage|p2a: Maushold|10\/100\n|-damage|p2a: Maushold|0 fnt\n|faint|p2a: Maushold\n|-hitcount|p2: Maushold|2\n|\n|upkeep\n|\n|t:|1700884060\n|switch|p2a: Maushold|Maushold-Four|100\/100\n|turn|4\n|\n|t:|1700884063\n|move|p1a: Maushold|Population Bomb|p2a: Maushold\n|-damage|p2a: Maushold|84\/100\n|-damage|p2a: Maushold|66\/100\n|-damage|p2a: Maushold|48\/100\n|-damage|p2a: Maushold|31\/100\n|-damage|p2a: Maushold|13\/100\n|-damage|p2a: Maushold|0 fnt\n|faint|p2a: Maushold\n|-hitcount|p2: Maushold|6\n|\n|upkeep\n|\n|t:|1700884067\n|switch|p2a: Maushold|Maushold-Four|100\/100\n|turn|5\n|\n|t:|1700884080\n|move|p2a: Maushold|Population Bomb|p1a: Maushold\n|-damage|p1a: Maushold|0 fnt\n|faint|p1a: Maushold\n|-hitcount|p1: Maushold|1\n|\n|upkeep\n|\n|t:|1700884083\n|switch|p1a: Flutter Mane|Flutter Mane, shiny|100\/100\n|turn|6\n|\n|t:|1700884090\n|move|p1a: Flutter Mane|Moonblast|p2a: Maushold\n|-damage|p2a: Maushold|6\/100\n|-unboost|p2a: Maushold|spa|1\n|-damage|p1a: Flutter Mane|91\/100|[from] item: Life Orb\n|move|p2a: Maushold|Crunch|p1a: Flutter Mane\n|-crit|p1a: Flutter Mane\n|-damage|p1a: Flutter Mane|32\/100\n|\n|upkeep\n|turn|7\n|\n|t:|1700884100\n|move|p1a: Flutter Mane|Moonblast|p2a: Maushold\n|-crit|p2a: Maushold\n|-damage|p2a: Maushold|0 fnt\n|faint|p2a: Maushold\n|-damage|p1a: Flutter Mane|22\/100|[from] item: Life Orb\n|\n|upkeep\n|\n|t:|1700884106\n|switch|p2a: Maushold|Maushold-Four|100\/100\n|turn|8\n|\n|t:|1700884129\n|move|p1a: Flutter Mane|Moonblast|p2a: Maushold\n|-crit|p2a: Maushold\n|-damage|p2a: Maushold|0 fnt\n|faint|p2a: Maushold\n|-damage|p1a: Flutter Mane|12\/100|[from] item: Life Orb\n|\n|upkeep\n|\n|t:|1700884136\n|switch|p2a: Maushold|Maushold-Four|100\/100\n|turn|9\n|\n|t:|1700884140\n|move|p1a: Flutter Mane|Moonblast|p2a: Maushold\n|-damage|p2a: Maushold|0 fnt\n|faint|p2a: Maushold\n|-damage|p1a: Flutter Mane|2\/100|[from] item: Life Orb\n|\n|upkeep\n|\n|t:|1700884146\n|switch|p2a: Kingambit|Kingambit, F|100\/100\n|-activate|p2a: Kingambit|ability: Supreme Overlord\n|-start|p2a: Kingambit|fallen5|[silent]\n|turn|10\n|\n|t:|1700884151\n|move|p1a: Flutter Mane|Mystical Fire|p2a: Kingambit\n|-supereffective|p2a: Kingambit\n|-damage|p2a: Kingambit|31\/100\n|-unboost|p2a: Kingambit|spa|1\n|-damage|p1a: Flutter Mane|0 fnt|[from] item: Life Orb\n|faint|p1a: Flutter Mane\n|-end|p1a: Flutter Mane|Protosynthesis|[silent]\n|move|p2a: Kingambit|Iron Head|p1: Flutter Mane|[notarget]\n|-fail|p2a: Kingambit\n|\n|-heal|p2a: Kingambit|37\/100|[from] item: Leftovers\n|upkeep\n|\n|t:|1700884156\n|switch|p1a: DeMarco|Miraidon|100\/100\n|-fieldstart|move: Electric Terrain|[from] ability: Hadron Engine|[of] p1a: DeMarco\n|turn|11\n|\n|t:|1700884165\n|-terastallize|p1a: DeMarco|Electric\n|move|p1a: DeMarco|Electro Drift|p2a: Kingambit\n|-damage|p2a: Kingambit|0 fnt\n|faint|p2a: Kingambit\n|-end|p2a: Kingambit|fallen5|[silent]\n|\n|win|Mr Abingdon\n|raw|Mr Abingdon's rating: 1000 &rarr; <strong>1041<\/strong><br \/>(+41 for winning)\n|raw|ItsTheOrangeGuy's rating: 1011 &rarr; <strong>1000<\/strong><br \/>(-11 for losing)\n|l|\u2606ItsTheOrangeGuy\n","uploadtime":1700884177,"views":0,"p1id":"mrabingdon","p2id":"itstheorangeguy","formatid":"gen9anythinggoes","rating":1000,"private":0,"password":""}