{"id":"gen9anythinggoes-1986783370","p1":"shadowCG","p2":"MEME\/\/BRAIN","format":"[Gen 9] Anything Goes","log":"|j|\u2606shadowCG\n|j|\u2606MEME\/\/BRAIN\n|t:|1699524586\n|gametype|singles\n|player|p1|shadowCG|winona|1154\n|player|p2|MEME\/\/BRAIN|guitarist|1122\n|teamsize|p1|6\n|teamsize|p2|6\n|gen|9\n|tier|[Gen 9] Anything Goes\n|rated|\n|rule|HP Percentage Mod: HP is shown in percentages\n|rule|Endless Battle Clause: Forcing endless battles is banned\n|clearpoke\n|poke|p1|Calyrex-Shadow|\n|poke|p1|Zacian-*|\n|poke|p1|Mienshao, M|\n|poke|p1|Miraidon|\n|poke|p1|Regidrago|\n|poke|p1|Basculegion, M|\n|poke|p2|Cyclizar, M|\n|poke|p2|Espathra, F|\n|poke|p2|Dragapult, F|\n|poke|p2|Medicham, F|\n|poke|p2|Shaymin-Sky|\n|poke|p2|Cloyster, F|\n|teampreview\n|inactive|Battle timer is ON: inactive players will automatically lose when time's up. (requested by shadowCG)\n|\n|t:|1699524595\n|start\n|switch|p1a: Alpha Dog|Zacian-Crowned, shiny|100\/100\n|switch|p2a: Cycle|Cyclizar, M|100\/100\n|-ability|p1a: Alpha Dog|Intrepid Sword|boost\n|-boost|p1a: Alpha Dog|atk|1\n|turn|1\n|\n|t:|1699524611\n|move|p2a: Cycle|Shed Tail|p2a: Cycle\n|-start|p2a: Cycle|Substitute|[from] move: Shed Tail\n|-damage|p2a: Cycle|50\/100\n|\n|t:|1699524618\n|switch|p2a: Crest ov L@bi@|Cloyster, F, shiny|100\/100|[from] Shed Tail\n|move|p1a: Alpha Dog|Close Combat|p2a: Crest ov L@bi@\n|-supereffective|p2a: Crest ov L@bi@\n|-end|p2a: Crest ov L@bi@|Substitute\n|-unboost|p1a: Alpha Dog|def|1\n|-unboost|p1a: Alpha Dog|spd|1\n|\n|upkeep\n|turn|2\n|inactive|MEME\/\/BRAIN has 120 seconds left.\n|\n|t:|1699524645\n|move|p1a: Alpha Dog|Behemoth Blade|p2a: Crest ov L@bi@\n|-damage|p2a: Crest ov L@bi@|31\/100\n|move|p2a: Crest ov L@bi@|Toxic Spikes|p1a: Alpha Dog\n|-sidestart|p1: shadowCG|move: Toxic Spikes\n|\n|upkeep\n|turn|3\n|inactive|MEME\/\/BRAIN has 120 seconds left.\n|\n|t:|1699524659\n|move|p1a: Alpha Dog|Behemoth Blade|p2a: Crest ov L@bi@\n|-damage|p2a: Crest ov L@bi@|0 fnt\n|faint|p2a: Crest ov L@bi@\n|\n|upkeep\n|inactive|MEME\/\/BRAIN has 120 seconds left.\n|\n|t:|1699524675\n|switch|p2a: DragQueen|Dragapult, F|100\/100\n|turn|4\n|\n|t:|1699524679\n|move|p2a: DragQueen|Double Team|p2a: DragQueen\n|-boost|p2a: DragQueen|evasion|1\n|move|p1a: Alpha Dog|Behemoth Blade|p2a: DragQueen\n|-enditem|p2a: DragQueen|Focus Sash\n|-damage|p2a: DragQueen|1\/100\n|\n|upkeep\n|turn|5\n|\n|t:|1699524687\n|move|p2a: DragQueen|Baton Pass|p2a: DragQueen\n|\n|t:|1699524690\n|switch|p2a: Cycle|Cyclizar, M|84\/100|[from] Baton Pass\n|move|p1a: Alpha Dog|Behemoth Blade|p2a: Cycle\n|-damage|p2a: Cycle|0 fnt\n|faint|p2a: Cycle\n|\n|upkeep\n|\n|t:|1699524700\n|switch|p2a: Shaming Sky|Shaymin-Sky, shiny|100\/100\n|turn|6\n|\n|t:|1699524704\n|move|p2a: Shaming Sky|Sweet Kiss|p1a: Alpha Dog\n|-start|p1a: Alpha Dog|confusion\n|-activate|p1a: Alpha Dog|confusion\n|-damage|p1a: Alpha Dog|75\/100|[from] confusion\n|\n|upkeep\n|turn|7\n|\n|t:|1699524713\n|move|p2a: Shaming Sky|Air Slash|p1a: Alpha Dog\n|-resisted|p1a: Alpha Dog\n|-damage|p1a: Alpha Dog|49\/100\n|cant|p1a: Alpha Dog|flinch\n|\n|upkeep\n|turn|8\n|\n|t:|1699524719\n|move|p2a: Shaming Sky|Air Slash|p1a: Alpha Dog\n|-resisted|p1a: Alpha Dog\n|-damage|p1a: Alpha Dog|23\/100\n|-activate|p1a: Alpha Dog|confusion\n|move|p1a: Alpha Dog|Behemoth Blade|p2a: Shaming Sky\n|-damage|p2a: Shaming Sky|0 fnt\n|faint|p2a: Shaming Sky\n|\n|upkeep\n|\n|t:|1699524728\n|switch|p2a: BirB|Espathra, F|100\/100\n|turn|9\n|\n|t:|1699524731\n|-activate|p1a: Alpha Dog|confusion\n|-damage|p1a: Alpha Dog|0 fnt|[from] confusion\n|faint|p1a: Alpha Dog\n|move|p2a: BirB|Calm Mind|p2a: BirB\n|-boost|p2a: BirB|spa|1\n|-boost|p2a: BirB|spd|1\n|\n|-ability|p2a: BirB|Speed Boost|boost\n|-boost|p2a: BirB|spe|1\n|upkeep\n|\n|t:|1699524736\n|switch|p1a: Basculegion|Basculegion, M|100\/100\n|-status|p1a: Basculegion|psn\n|turn|10\n|\n|t:|1699524747\n|move|p2a: BirB|Stored Power|p1a: Basculegion\n|-damage|p1a: Basculegion|55\/100 psn\n|move|p1a: Basculegion|Last Respects|p2a: BirB\n|-supereffective|p2a: BirB\n|-damage|p2a: BirB|21\/100\n|-enditem|p2a: BirB|Weakness Policy\n|-boost|p2a: BirB|atk|2|[from] item: Weakness Policy\n|-boost|p2a: BirB|spa|2|[from] item: Weakness Policy\n|\n|-damage|p1a: Basculegion|42\/100 psn|[from] psn\n|-ability|p2a: BirB|Speed Boost|boost\n|-boost|p2a: BirB|spe|1\n|upkeep\n|turn|11\n|\n|t:|1699524760\n|move|p2a: BirB|Stored Power|p1a: Basculegion\n|-damage|p1a: Basculegion|0 fnt\n|faint|p1a: Basculegion\n|\n|-ability|p2a: BirB|Speed Boost|boost\n|-boost|p2a: BirB|spe|1\n|upkeep\n|\n|t:|1699524764\n|switch|p1a: Chomper|Regidrago|100\/100\n|-status|p1a: Chomper|psn\n|turn|12\n|\n|t:|1699524772\n|move|p2a: BirB|Stored Power|p1a: Chomper\n|-damage|p1a: Chomper|0 fnt\n|faint|p1a: Chomper\n|\n|-ability|p2a: BirB|Speed Boost|boost\n|-boost|p2a: BirB|spe|1\n|upkeep\n|\n|t:|1699524778\n|switch|p1a: Attacker|Miraidon|100\/100\n|-status|p1a: Attacker|psn\n|-fieldstart|move: Electric Terrain|[from] ability: Hadron Engine|[of] p1a: Attacker\n|turn|13\n|\n|t:|1699524784\n|move|p2a: BirB|Stored Power|p1a: Attacker\n|-damage|p1a: Attacker|0 fnt\n|faint|p1a: Attacker\n|\n|-ability|p2a: BirB|Speed Boost|boost\n|-boost|p2a: BirB|spe|1\n|upkeep\n|\n|t:|1699524788\n|switch|p1a: Shadow|Calyrex-Shadow|100\/100\n|-ability|p1a: Shadow|As One\n|-ability|p1a: Shadow|Unnerve\n|-status|p1a: Shadow|psn\n|turn|14\n|\n|t:|1699524797\n|move|p2a: BirB|Stored Power|p1a: Shadow\n|-resisted|p1a: Shadow\n|-damage|p1a: Shadow|2\/100 psn\n|move|p1a: Shadow|Dark Pulse|p2a: BirB\n|-supereffective|p2a: BirB\n|-damage|p2a: BirB|0 fnt\n|faint|p2a: BirB\n|-ability|p1a: Shadow|Grim Neigh|boost\n|-boost|p1a: Shadow|spa|1\n|\n|-damage|p1a: Shadow|0 fnt|[from] psn\n|faint|p1a: Shadow\n|upkeep\n|\n|t:|1699524814\n|switch|p1a: Fighter|Mienshao, M|100\/100\n|switch|p2a: DragQueen|Dragapult, F|1\/100\n|-status|p1a: Fighter|psn\n|turn|15\n|\n|t:|1699524824\n|move|p2a: DragQueen|Protect|p2a: DragQueen\n|-singleturn|p2a: DragQueen|Protect\n|move|p1a: Fighter|High Jump Kick|p2a: DragQueen\n|-activate|p2a: DragQueen|move: Protect\n|-damage|p1a: Fighter|51\/100 psn|[from] highjumpkick\n|\n|-damage|p1a: Fighter|39\/100 psn|[from] psn\n|upkeep\n|turn|16\n|-message|shadowCG forfeited.\n|\n|win|MEME\/\/BRAIN\n|raw|shadowCG's rating: 1154 &rarr; <strong>1127<\/strong><br \/>(-27 for losing)\n|raw|MEME&#x2f;&#x2f;BRAIN's rating: 1122 &rarr; <strong>1149<\/strong><br \/>(+27 for winning)\n|l|\u2606shadowCG\n","uploadtime":1699524841,"views":43,"p1id":"shadowcg","p2id":"memebrain","formatid":"gen9anythinggoes","rating":1127,"private":0,"password":""}