{"id":"gen9anythinggoes-1998754673","p1":"cbreezy222","p2":"Annler_Regi","format":"[Gen 9] Anything Goes","log":"|j|\u2606cbreezy222\n|j|\u2606Annler_Regi\n|t:|1700983953\n|gametype|singles\n|player|p1|cbreezy222|2|1057\n|player|p2|Annler_Regi|selene|1239\n|teamsize|p1|6\n|teamsize|p2|6\n|gen|9\n|tier|[Gen 9] Anything Goes\n|rated|\n|rule|HP Percentage Mod: HP is shown in percentages\n|rule|Endless Battle Clause: Forcing endless battles is banned\n|clearpoke\n|poke|p1|Darkrai|\n|poke|p1|Sylveon, M|\n|poke|p1|Gliscor, F|\n|poke|p1|Rayquaza|\n|poke|p1|Gyarados, M|\n|poke|p1|Volcarona, M|\n|poke|p2|Jolteon, M|\n|poke|p2|Gothitelle, F|\n|poke|p2|Klefki, F|\n|poke|p2|Chansey, F|\n|poke|p2|Heatran, F|\n|poke|p2|Gyarados, M|\n|teampreview\n|inactive|Battle timer is ON: inactive players will automatically lose when time's up. (requested by Annler_Regi)\n|c|\u2606Annler_Regi|So listen\n|c|\u2606cbreezy222|sugma\n|inactive|Annler_Regi has 120 seconds left.\n|c|\u2606Annler_Regi|My sibling (who knows nothing about this game)\n|c|\u2606Annler_Regi|Made this team\n|c|\u2606Annler_Regi|I BEG\n|c|\u2606Annler_Regi|for mercy\n|c|\u2606Annler_Regi|also\n|c|\u2606Annler_Regi|WHats Sugma?\n|\n|t:|1700984004\n|start\n|switch|p1a: Rayquaza|Rayquaza|100\/100\n|switch|p2a: klekle|Klefki, F|100\/100\n|-ability|p1a: Rayquaza|Air Lock\n|turn|1\n|c|\u2606cbreezy222|lmao\n|\n|t:|1700984018\n|switch|p1a: Volcarona|Volcarona, M|100\/100\n|move|p2a: klekle|Thunder Wave|p1a: Volcarona\n|-status|p1a: Volcarona|par\n|\n|upkeep\n|turn|2\n|\n|t:|1700984027\n|move|p2a: klekle|Light Screen|p2a: klekle\n|-sidestart|p2: Annler_Regi|move: Light Screen\n|cant|p1a: Volcarona|par\n|\n|upkeep\n|turn|3\n|\n|t:|1700984031\n|switch|p2a: gyrados|Gyarados, M, shiny|100\/100\n|cant|p1a: Volcarona|par\n|\n|upkeep\n|turn|4\n|\n|t:|1700984045\n|switch|p1a: Rayquaza|Rayquaza|100\/100\n|-ability|p1a: Rayquaza|Air Lock\n|-terastallize|p2a: gyrados|Water\n|move|p2a: gyrados|Waterfall|p1a: Rayquaza\n|-resisted|p1a: Rayquaza\n|-damage|p1a: Rayquaza|63\/100\n|-damage|p2a: gyrados|91\/100|[from] item: Life Orb\n|\n|upkeep\n|turn|5\n|\n|t:|1700984056\n|switch|p2a: klekle|Klefki, F|100\/100\n|move|p1a: Rayquaza|Dragon Tail|p2a: klekle\n|-immune|p2a: klekle\n|\n|upkeep\n|turn|6\n|\n|t:|1700984063\n|switch|p1a: Gyarados|Gyarados, M|100\/100\n|-ability|p1a: Gyarados|Intimidate|boost\n|-unboost|p2a: klekle|atk|1\n|move|p2a: klekle|Spikes|p1a: Gyarados\n|-sidestart|p1: cbreezy222|Spikes\n|\n|upkeep\n|turn|7\n|\n|t:|1700984069\n|move|p2a: klekle|Thunder Wave|p1a: Gyarados\n|-status|p1a: Gyarados|par\n|move|p1a: Gyarados|Flamethrower|p2a: klekle\n|-supereffective|p2a: klekle\n|-damage|p2a: klekle|84\/100\n|\n|upkeep\n|turn|8\n|\n|t:|1700984083\n|switch|p2a: jolty|Jolteon, M|100\/100\n|switch|p1a: Gliscor|Gliscor, F|100\/100\n|\n|-status|p1a: Gliscor|tox|[from] item: Toxic Orb\n|upkeep\n|turn|9\n|\n|t:|1700984097\n|switch|p2a: Chansey|Chansey, F|100\/100\n|move|p1a: Gliscor|Toxic|p2a: Chansey\n|-status|p2a: Chansey|tox\n|\n|-damage|p2a: Chansey|94\/100 tox|[from] psn\n|-sideend|p2: Annler_Regi|move: Light Screen\n|upkeep\n|turn|10\n|\n|t:|1700984106\n|move|p1a: Gliscor|Facade|p2a: Chansey\n|-damage|p2a: Chansey|71\/100 tox\n|move|p2a: Chansey|Seismic Toss|p1a: Gliscor\n|-damage|p1a: Gliscor|70\/100 tox\n|\n|-heal|p1a: Gliscor|82\/100 tox|[from] ability: Poison Heal\n|-damage|p2a: Chansey|59\/100 tox|[from] psn\n|upkeep\n|turn|11\n|\n|t:|1700984115\n|-curestatus|p2a: Chansey|tox|[from] ability: Natural Cure\n|switch|p2a: klekle|Klefki, F|84\/100\n|move|p1a: Gliscor|Earthquake|p2a: klekle\n|-supereffective|p2a: klekle\n|-damage|p2a: klekle|19\/100\n|\n|-heal|p1a: Gliscor|94\/100 tox|[from] ability: Poison Heal\n|upkeep\n|turn|12\n|\n|t:|1700984123\n|move|p2a: klekle|Reflect|p2a: klekle\n|-sidestart|p2: Annler_Regi|Reflect\n|move|p1a: Gliscor|Earthquake|p2a: klekle\n|-supereffective|p2a: klekle\n|-damage|p2a: klekle|0 fnt\n|faint|p2a: klekle\n|\n|-heal|p1a: Gliscor|100\/100 tox|[from] ability: Poison Heal\n|upkeep\n|\n|t:|1700984133\n|switch|p2a: gyrados|Gyarados, M, shiny, tera:Water|91\/100\n|turn|13\n|\n|t:|1700984140\n|switch|p2a: Chansey|Chansey, F|59\/100\n|move|p1a: Gliscor|Toxic|p2a: Chansey\n|-status|p2a: Chansey|tox\n|\n|-damage|p2a: Chansey|53\/100 tox|[from] psn\n|upkeep\n|turn|14\n|\n|t:|1700984150\n|move|p1a: Gliscor|Earthquake|p2a: Chansey\n|-damage|p2a: Chansey|40\/100 tox\n|move|p2a: Chansey|Stealth Rock|p1a: Gliscor\n|-sidestart|p1: cbreezy222|move: Stealth Rock\n|\n|-damage|p2a: Chansey|28\/100 tox|[from] psn\n|upkeep\n|turn|15\n|\n|t:|1700984157\n|move|p1a: Gliscor|Facade|p2a: Chansey\n|-damage|p2a: Chansey|15\/100 tox\n|move|p2a: Chansey|Soft-Boiled|p2a: Chansey\n|-heal|p2a: Chansey|65\/100 tox\n|\n|-damage|p2a: Chansey|47\/100 tox|[from] psn\n|upkeep\n|turn|16\n|\n|t:|1700984182\n|-curestatus|p2a: Chansey|tox|[from] ability: Natural Cure\n|switch|p2a: gothy|Gothitelle, F|100\/100\n|move|p1a: Gliscor|Facade|p2a: gothy\n|-damage|p2a: gothy|79\/100\n|\n|upkeep\n|turn|17\n|\n|t:|1700984193\n|move|p2a: gothy|Energy Ball|p1a: Gliscor\n|-damage|p1a: Gliscor|67\/100 tox\n|move|p1a: Gliscor|Toxic|p2a: gothy|[miss]\n|-miss|p1a: Gliscor|p2a: gothy\n|\n|-heal|p1a: Gliscor|80\/100 tox|[from] ability: Poison Heal\n|upkeep\n|turn|18\n|c|\u2606cbreezy222|gothy\n|\n|t:|1700984207\n|switch|p2a: Chansey|Chansey, F|47\/100\n|move|p1a: Gliscor|Toxic|p2a: Chansey\n|-status|p2a: Chansey|tox\n|\n|-heal|p1a: Gliscor|92\/100 tox|[from] ability: Poison Heal\n|-damage|p2a: Chansey|40\/100 tox|[from] psn\n|upkeep\n|turn|19\n|\n|t:|1700984216\n|move|p1a: Gliscor|Facade|p2a: Chansey\n|-damage|p2a: Chansey|27\/100 tox\n|move|p2a: Chansey|Soft-Boiled|p2a: Chansey\n|-heal|p2a: Chansey|77\/100 tox\n|\n|-heal|p1a: Gliscor|100\/100 tox|[from] ability: Poison Heal\n|-damage|p2a: Chansey|65\/100 tox|[from] psn\n|-sideend|p2: Annler_Regi|Reflect\n|upkeep\n|turn|20\n|c|\u2606Annler_Regi|LAD THIS GLISCOR\n|c|\u2606Annler_Regi|is so damn annoying\n|c|\u2606cbreezy222|lol\n|\n|t:|1700984236\n|-curestatus|p2a: Chansey|tox|[from] ability: Natural Cure\n|switch|p2a: gothy|Gothitelle, F|79\/100\n|move|p1a: Gliscor|Fire Fang|p2a: gothy\n|-damage|p2a: gothy|58\/100\n|\n|upkeep\n|turn|21\n|\n|t:|1700984244\n|move|p2a: gothy|Trick|p1a: Gliscor\n|-activate|p2a: gothy|move: Trick|[of] p1a: Gliscor\n|-item|p1a: Gliscor|Choice Scarf|[from] move: Trick\n|-item|p2a: gothy|Toxic Orb|[from] move: Trick\n|move|p1a: Gliscor|Toxic|p2a: gothy\n|-status|p2a: gothy|tox\n|\n|-damage|p2a: gothy|52\/100 tox|[from] psn\n|upkeep\n|turn|22\n|\n|t:|1700984257\n|switch|p2a: jolty|Jolteon, M|100\/100\n|move|p1a: Gliscor|Toxic|p2a: jolty\n|-status|p2a: jolty|tox\n|\n|-damage|p2a: jolty|95\/100 tox|[from] psn\n|upkeep\n|turn|23\n|\n|t:|1700984267\n|-terastallize|p1a: Gliscor|Ground\n|move|p1a: Gliscor|Toxic|p2a: jolty\n|-fail|p2a: jolty|tox\n|move|p2a: jolty|Agility|p2a: jolty\n|-boost|p2a: jolty|spe|2\n|\n|-damage|p2a: jolty|83\/100 tox|[from] psn\n|upkeep\n|turn|24\n|\n|t:|1700984277\n|move|p2a: jolty|Agility|p2a: jolty\n|-boost|p2a: jolty|spe|2\n|move|p1a: Gliscor|Toxic|p2a: jolty\n|-fail|p2a: jolty|tox\n|\n|-damage|p2a: jolty|65\/100 tox|[from] psn\n|upkeep\n|turn|25\n|\n|t:|1700984300\n|move|p2a: jolty|Baton Pass|p2a: jolty\n|\n|t:|1700984307\n|switch|p2a: gyrados|Gyarados, M, shiny, tera:Water|91\/100|[from] Baton Pass\n|move|p1a: Gliscor|Toxic|p2a: gyrados\n|-status|p2a: gyrados|tox\n|\n|-damage|p2a: gyrados|84\/100 tox|[from] psn\n|upkeep\n|turn|26\n|c|\u2606cbreezy222|why can i only use toxic\n|\n|t:|1700984328\n|switch|p1a: Sylveon|Sylveon, M|100\/100\n|-damage|p1a: Sylveon|88\/100|[from] Spikes\n|-damage|p1a: Sylveon|76\/100|[from] Stealth Rock\n|move|p2a: gyrados|Waterfall|p1a: Sylveon\n|-damage|p1a: Sylveon|0 fnt\n|faint|p1a: Sylveon\n|-ability|p2a: gyrados|Moxie|boost\n|-boost|p2a: gyrados|atk|1\n|-damage|p2a: gyrados|75\/100 tox|[from] item: Life Orb\n|\n|-damage|p2a: gyrados|62\/100 tox|[from] psn\n|upkeep\n|\n|t:|1700984341\n|switch|p1a: Gyarados|Gyarados, M|100\/100 par\n|-damage|p1a: Gyarados|76\/100 par|[from] Stealth Rock\n|-ability|p1a: Gyarados|Intimidate|boost\n|-unboost|p2a: gyrados|atk|1\n|turn|27\n|\n|t:|1700984368\n|move|p2a: gyrados|Ice Beam|p1a: Gyarados\n|-damage|p1a: Gyarados|54\/100 par\n|-damage|p2a: gyrados|52\/100 tox|[from] item: Life Orb\n|move|p1a: Gyarados|Lash Out|p2a: gyrados\n|-damage|p2a: gyrados|26\/100 tox\n|\n|-heal|p1a: Gyarados|60\/100 par|[from] item: Leftovers\n|-damage|p2a: gyrados|7\/100 tox|[from] psn\n|upkeep\n|turn|28\n|\n|t:|1700984378\n|move|p2a: gyrados|Waterfall|p1a: Gyarados\n|-resisted|p1a: Gyarados\n|-damage|p1a: Gyarados|21\/100 par\n|-damage|p2a: gyrados|0 fnt|[from] item: Life Orb\n|faint|p2a: gyrados\n|move|p1a: Gyarados|Lash Out|p2: gyrados|[notarget]\n|-fail|p1a: Gyarados\n|\n|-heal|p1a: Gyarados|27\/100 par|[from] item: Leftovers\n|upkeep\n|\n|t:|1700984386\n|switch|p2a: gothy|Gothitelle, F|52\/100 tox\n|turn|29\n|\n|t:|1700984399\n|move|p2a: gothy|Energy Ball|p1a: Gyarados\n|-damage|p1a: Gyarados|6\/100 par\n|cant|p1a: Gyarados|par\n|\n|-heal|p1a: Gyarados|12\/100 par|[from] item: Leftovers\n|-damage|p2a: gothy|46\/100 tox|[from] psn\n|upkeep\n|turn|30\n|\n|t:|1700984407\n|move|p2a: gothy|Energy Ball|p1a: Gyarados\n|-damage|p1a: Gyarados|0 fnt\n|faint|p1a: Gyarados\n|\n|-damage|p2a: gothy|34\/100 tox|[from] psn\n|upkeep\n|\n|t:|1700984413\n|switch|p1a: Darkrai|Darkrai|100\/100\n|-damage|p1a: Darkrai|88\/100|[from] Spikes\n|-damage|p1a: Darkrai|76\/100|[from] Stealth Rock\n|turn|31\n|\n|t:|1700984417\n|move|p1a: Darkrai|Dark Pulse|p2a: gothy\n|-supereffective|p2a: gothy\n|-damage|p2a: gothy|0 fnt\n|faint|p2a: gothy\n|\n|-heal|p1a: Darkrai|82\/100|[from] item: Leftovers\n|upkeep\n|\n|t:|1700984426\n|switch|p2a: Chansey|Chansey, F|65\/100\n|turn|32\n|\n|t:|1700984431\n|move|p1a: Darkrai|Psychic|p2a: Chansey\n|-damage|p2a: Chansey|55\/100\n|move|p2a: Chansey|Soft-Boiled|p2a: Chansey\n|-heal|p2a: Chansey|100\/100\n|\n|-heal|p1a: Darkrai|88\/100|[from] item: Leftovers\n|upkeep\n|turn|33\n|\n|t:|1700984438\n|move|p1a: Darkrai|Dark Pulse|p2a: Chansey\n|-damage|p2a: Chansey|87\/100\n|move|p2a: Chansey|Seismic Toss|p1a: Darkrai\n|-damage|p1a: Darkrai|56\/100\n|\n|-heal|p1a: Darkrai|62\/100|[from] item: Leftovers\n|upkeep\n|turn|34\n|\n|t:|1700984453\n|switch|p1a: Volcarona|Volcarona, M|100\/100 par\n|-damage|p1a: Volcarona|88\/100 par|[from] Spikes\n|-damage|p1a: Volcarona|38\/100 par|[from] Stealth Rock\n|move|p2a: Chansey|Seismic Toss|p1a: Volcarona\n|-damage|p1a: Volcarona|9\/100 par\n|\n|-heal|p1a: Volcarona|15\/100 par|[from] item: Leftovers\n|upkeep\n|turn|35\n|\n|t:|1700984463\n|switch|p1a: Gliscor|Gliscor, F, tera:Ground|100\/100 tox\n|-damage|p1a: Gliscor|88\/100 tox|[from] Spikes\n|-damage|p1a: Gliscor|82\/100 tox|[from] Stealth Rock\n|move|p2a: Chansey|Seismic Toss|p1a: Gliscor\n|-damage|p1a: Gliscor|52\/100 tox\n|\n|-heal|p1a: Gliscor|64\/100 tox|[from] ability: Poison Heal\n|upkeep\n|turn|36\n|\n|t:|1700984473\n|move|p1a: Gliscor|Toxic|p2a: Chansey\n|-status|p2a: Chansey|tox\n|move|p2a: Chansey|Seismic Toss|p1a: Gliscor\n|-damage|p1a: Gliscor|33\/100 tox\n|\n|-heal|p1a: Gliscor|45\/100 tox|[from] ability: Poison Heal\n|-damage|p2a: Chansey|81\/100 tox|[from] psn\n|upkeep\n|turn|37\n|\n|t:|1700984488\n|switch|p1a: Rayquaza|Rayquaza|63\/100\n|-damage|p1a: Rayquaza|38\/100|[from] Stealth Rock\n|-ability|p1a: Rayquaza|Air Lock\n|-curestatus|p2a: Chansey|tox|[from] ability: Natural Cure\n|switch|p2a: Heatran|Heatran, F|100\/100\n|\n|upkeep\n|turn|38\n|\n|t:|1700984506\n|move|p2a: Heatran|Will-O-Wisp|p1a: Rayquaza\n|-status|p1a: Rayquaza|brn\n|move|p1a: Rayquaza|Dragon Tail|p2a: Heatran\n|-resisted|p2a: Heatran\n|-damage|p2a: Heatran|88\/100\n|-damage|p1a: Rayquaza|22\/100 brn|[from] item: Rocky Helmet|[of] p2a: Heatran\n|drag|p2a: jolty|Jolteon, M|65\/100 tox\n|\n|-damage|p2a: jolty|59\/100 tox|[from] psn\n|-damage|p1a: Rayquaza|16\/100 brn|[from] brn\n|upkeep\n|turn|39\n|\n|t:|1700984518\n|move|p2a: jolty|Shadow Ball|p1a: Rayquaza\n|-damage|p1a: Rayquaza|0 fnt\n|faint|p1a: Rayquaza\n|\n|-damage|p2a: jolty|47\/100 tox|[from] psn\n|upkeep\n|\n|t:|1700984525\n|switch|p1a: Gliscor|Gliscor, F, tera:Ground|45\/100 tox\n|-damage|p1a: Gliscor|33\/100 tox|[from] Spikes\n|-damage|p1a: Gliscor|27\/100 tox|[from] Stealth Rock\n|turn|40\n|\n|t:|1700984531\n|move|p1a: Gliscor|Earthquake|p2a: jolty\n|-supereffective|p2a: jolty\n|-damage|p2a: jolty|0 fnt\n|faint|p2a: jolty\n|\n|-heal|p1a: Gliscor|39\/100 tox|[from] ability: Poison Heal\n|upkeep\n|\n|t:|1700984536\n|switch|p2a: Chansey|Chansey, F|81\/100\n|turn|41\n|\n|t:|1700984539\n|move|p1a: Gliscor|Earthquake|p2a: Chansey\n|-damage|p2a: Chansey|46\/100\n|move|p2a: Chansey|Seismic Toss|p1a: Gliscor\n|-damage|p1a: Gliscor|9\/100 tox\n|\n|-heal|p1a: Gliscor|21\/100 tox|[from] ability: Poison Heal\n|upkeep\n|turn|42\n|\n|t:|1700984550\n|move|p1a: Gliscor|Earthquake|p2a: Chansey\n|-damage|p2a: Chansey|11\/100\n|move|p2a: Chansey|Seismic Toss|p1a: Gliscor\n|-damage|p1a: Gliscor|0 fnt\n|faint|p1a: Gliscor\n|\n|upkeep\n|c|\u2606cbreezy222|soft boiled and im gonna kms\n|\n|t:|1700984571\n|switch|p1a: Darkrai|Darkrai|62\/100\n|-damage|p1a: Darkrai|50\/100|[from] Spikes\n|-damage|p1a: Darkrai|37\/100|[from] Stealth Rock\n|turn|43\n|\n|t:|1700984577\n|move|p1a: Darkrai|Dark Pulse|p2a: Chansey\n|-damage|p2a: Chansey|0 fnt\n|faint|p2a: Chansey\n|\n|-heal|p1a: Darkrai|44\/100|[from] item: Leftovers\n|upkeep\n|\n|t:|1700984580\n|switch|p2a: Heatran|Heatran, F|88\/100\n|turn|44\n|\n|t:|1700984599\n|move|p1a: Darkrai|Dark Pulse|p2a: Heatran\n|-damage|p2a: Heatran|49\/100\n|move|p2a: Heatran|Earthquake|p1a: Darkrai\n|-damage|p1a: Darkrai|20\/100\n|\n|-heal|p1a: Darkrai|26\/100|[from] item: Leftovers\n|upkeep\n|turn|45\n|inactive|Annler_Regi has 120 seconds left.\n|c|\u2606cbreezy222|stinky fart\n|inactive|Annler_Regi has 90 seconds left.\n|c|\u2606Annler_Regi|Oh lord\n|inactive|Annler_Regi has 60 seconds left.\n|\n|t:|1700984689\n|move|p1a: Darkrai|Dark Pulse|p2a: Heatran\n|-damage|p2a: Heatran|11\/100\n|cant|p2a: Heatran|flinch\n|\n|-heal|p1a: Darkrai|32\/100|[from] item: Leftovers\n|upkeep\n|turn|46\n|inactive|Annler_Regi has 60 seconds left.\n|c|\u2606cbreezy222|i needed that flinch\n|c|\u2606Annler_Regi|excuse my language\n|c|\u2606Annler_Regi|I dont mean this\n|c|\u2606Annler_Regi|but\n|inactive|Annler_Regi has 30 seconds left.\n|n|!Annler_Regi|annlerregi\n|c|\u2606cbreezy222|peepee poopoo\n|\n|t:|1700984730\n|move|p1a: Darkrai|Dark Pulse|p2a: Heatran\n|-damage|p2a: Heatran|0 fnt\n|faint|p2a: Heatran\n|\n|win|cbreezy222\n|inactive|Annler_Regi has 30 seconds left this turn.\n|raw|cbreezy222's rating: 1057 &rarr; <strong>1104<\/strong><br \/>(+47 for winning)\n|raw|Annler_Regi's rating: 1239 &rarr; <strong>1202<\/strong><br \/>(-37 for losing)\n","uploadtime":1700984725,"views":2,"p1id":"cbreezy222","p2id":"annlerregi","formatid":"gen9anythinggoes","rating":1104,"private":0,"password":""}