{"id":"gen9anythinggoes-1988492446","p1":"FMTICOYD","p2":"eadwil","format":"[Gen 9] Anything Goes","log":"|j|\u2606FMTICOYD\n|j|\u2606eadwil\n|t:|1699728759\n|gametype|singles\n|player|p1|FMTICOYD|lady|1190\n|player|p2|eadwil|cameraman|1320\n|teamsize|p1|6\n|teamsize|p2|6\n|gen|9\n|tier|[Gen 9] Anything Goes\n|rated|\n|rule|HP Percentage Mod: HP is shown in percentages\n|rule|Endless Battle Clause: Forcing endless battles is banned\n|clearpoke\n|poke|p1|Orthworm, M|\n|poke|p1|Toxapex, F|\n|poke|p1|Tsareena, F|\n|poke|p1|Vivillon-Monsoon, M|\n|poke|p1|Flutter Mane|\n|poke|p1|Inteleon, M|\n|poke|p2|Iron Hands|\n|poke|p2|Rillaboom, F|\n|poke|p2|Cloyster, M|\n|poke|p2|Urshifu-*, M|\n|poke|p2|Toxapex, F|\n|poke|p2|Calyrex-Shadow|\n|teampreview\n|inactive|Battle timer is ON: inactive players will automatically lose when time's up. (requested by FMTICOYD)\n|\n|t:|1699728769\n|start\n|switch|p1a: Inteleon|Inteleon, M|100\/100\n|switch|p2a: Cloyster|Cloyster, M|100\/100\n|turn|1\n|\n|t:|1699728785\n|switch|p1a: Orthworm|Orthworm, M|100\/100\n|move|p2a: Cloyster|Shell Smash|p2a: Cloyster\n|-unboost|p2a: Cloyster|def|1\n|-unboost|p2a: Cloyster|spd|1\n|-boost|p2a: Cloyster|atk|2\n|-boost|p2a: Cloyster|spa|2\n|-boost|p2a: Cloyster|spe|2\n|-enditem|p2a: Cloyster|White Herb\n|-clearnegativeboost|p2a: Cloyster|[silent]\n|\n|upkeep\n|turn|2\n|\n|t:|1699728795\n|move|p2a: Cloyster|Icicle Spear|p1a: Orthworm\n|-resisted|p1a: Orthworm\n|-damage|p1a: Orthworm|94\/100\n|-resisted|p1a: Orthworm\n|-damage|p1a: Orthworm|89\/100\n|-resisted|p1a: Orthworm\n|-damage|p1a: Orthworm|83\/100\n|-resisted|p1a: Orthworm\n|-damage|p1a: Orthworm|77\/100\n|-resisted|p1a: Orthworm\n|-damage|p1a: Orthworm|71\/100\n|-hitcount|p1a: Orthworm|5\n|move|p1a: Orthworm|Shed Tail|p1a: Orthworm\n|-start|p1a: Orthworm|Substitute|[from] move: Shed Tail\n|-damage|p1a: Orthworm|21\/100\n|-enditem|p1a: Orthworm|Sitrus Berry|[eat]\n|-heal|p1a: Orthworm|45\/100|[from] item: Sitrus Berry\n|\n|t:|1699728810\n|switch|p1a: Tsareena|Tsareena, F|100\/100|[from] Shed Tail\n|\n|upkeep\n|turn|3\n|\n|t:|1699728817\n|-terastallize|p1a: Tsareena|Fire\n|move|p2a: Cloyster|Icicle Spear|p1a: Tsareena\n|-resisted|p1a: Tsareena\n|-activate|p1a: Tsareena|move: Substitute|[damage]\n|-resisted|p1a: Tsareena\n|-activate|p1a: Tsareena|move: Substitute|[damage]\n|-resisted|p1a: Tsareena\n|-end|p1a: Tsareena|Substitute\n|-resisted|p1a: Tsareena\n|-damage|p1a: Tsareena|90\/100\n|-resisted|p1a: Tsareena\n|-damage|p1a: Tsareena|79\/100\n|-hitcount|p1a: Tsareena|5\n|move|p1a: Tsareena|Trailblaze|p2a: Cloyster\n|-supereffective|p2a: Cloyster\n|-damage|p2a: Cloyster|62\/100\n|-boost|p1a: Tsareena|spe|1\n|\n|upkeep\n|turn|4\n|\n|t:|1699728833\n|move|p2a: Cloyster|Rock Blast|p1a: Tsareena\n|-supereffective|p1a: Tsareena\n|-damage|p1a: Tsareena|51\/100\n|-supereffective|p1a: Tsareena\n|-damage|p1a: Tsareena|22\/100\n|-supereffective|p1a: Tsareena\n|-crit|p1a: Tsareena\n|-damage|p1a: Tsareena|0 fnt\n|faint|p1a: Tsareena\n|-hitcount|p1: Tsareena|3\n|\n|upkeep\n|\n|t:|1699728842\n|switch|p1a: Flutter Mane|Flutter Mane|100\/100\n|-enditem|p1a: Flutter Mane|Booster Energy\n|-activate|p1a: Flutter Mane|ability: Protosynthesis|[fromitem]\n|-start|p1a: Flutter Mane|protosynthesisspe\n|turn|5\n|\n|t:|1699728852\n|move|p1a: Flutter Mane|Thunder|p2a: Cloyster\n|-supereffective|p2a: Cloyster\n|-damage|p2a: Cloyster|0 fnt\n|faint|p2a: Cloyster\n|\n|upkeep\n|\n|t:|1699728858\n|switch|p2a: Urshifu|Urshifu, M|100\/100\n|turn|6\n|\n|t:|1699728862\n|move|p1a: Flutter Mane|Thunder Wave|p2a: Urshifu\n|-status|p2a: Urshifu|par\n|cant|p2a: Urshifu|par\n|\n|upkeep\n|turn|7\n|\n|t:|1699728867\n|move|p1a: Flutter Mane|Moonblast|p2a: Urshifu\n|-supereffective|p2a: Urshifu\n|-crit|p2a: Urshifu\n|-damage|p2a: Urshifu|0 fnt\n|faint|p2a: Urshifu\n|\n|upkeep\n|\n|t:|1699728872\n|switch|p2a: Calyrex|Calyrex-Shadow|100\/100\n|-ability|p2a: Calyrex|As One\n|-ability|p2a: Calyrex|Unnerve\n|turn|8\n|\n|t:|1699728881\n|-terastallize|p2a: Calyrex|Normal\n|move|p1a: Flutter Mane|Shadow Ball|p2a: Calyrex\n|-immune|p2a: Calyrex\n|move|p2a: Calyrex|Astral Barrage|p1a: Flutter Mane\n|-supereffective|p1a: Flutter Mane\n|-damage|p1a: Flutter Mane|0 fnt\n|faint|p1a: Flutter Mane\n|-end|p1a: Flutter Mane|Protosynthesis|[silent]\n|-ability|p2a: Calyrex|Grim Neigh|boost\n|-boost|p2a: Calyrex|spa|1\n|\n|upkeep\n|\n|t:|1699728895\n|switch|p1a: Vivillon|Vivillon-Monsoon, M|100\/100\n|turn|9\n|\n|t:|1699728900\n|move|p2a: Calyrex|Astral Barrage|p1a: Vivillon\n|-enditem|p1a: Vivillon|Focus Sash\n|-damage|p1a: Vivillon|1\/100\n|move|p1a: Vivillon|Quiver Dance|p1a: Vivillon\n|-boost|p1a: Vivillon|spa|1\n|-boost|p1a: Vivillon|spd|1\n|-boost|p1a: Vivillon|spe|1\n|\n|upkeep\n|turn|10\n|\n|t:|1699728909\n|move|p1a: Vivillon|Sleep Powder|p2a: Calyrex\n|-status|p2a: Calyrex|slp|[from] move: Sleep Powder\n|cant|p2a: Calyrex|slp\n|\n|upkeep\n|turn|11\n|\n|t:|1699728916\n|move|p1a: Vivillon|Hurricane|p2a: Calyrex\n|-damage|p2a: Calyrex|39\/100 slp\n|-start|p2a: Calyrex|confusion\n|cant|p2a: Calyrex|slp\n|\n|upkeep\n|turn|12\n|\n|t:|1699728928\n|move|p1a: Vivillon|Hurricane|p2a: Calyrex\n|-damage|p2a: Calyrex|0 fnt\n|faint|p2a: Calyrex\n|\n|upkeep\n|\n|t:|1699728933\n|switch|p2a: Toxapex|Toxapex, F|100\/100\n|turn|13\n|\n|t:|1699728936\n|move|p1a: Vivillon|Sleep Powder|p2a: Toxapex\n|-status|p2a: Toxapex|slp|[from] move: Sleep Powder\n|cant|p2a: Toxapex|slp\n|\n|upkeep\n|turn|14\n|\n|t:|1699728942\n|move|p1a: Vivillon|Quiver Dance|p1a: Vivillon\n|-boost|p1a: Vivillon|spa|1\n|-boost|p1a: Vivillon|spd|1\n|-boost|p1a: Vivillon|spe|1\n|-curestatus|p2a: Toxapex|slp|[msg]\n|move|p2a: Toxapex|Toxic|p1a: Vivillon\n|-status|p1a: Vivillon|tox\n|\n|-damage|p1a: Vivillon|0 fnt|[from] psn\n|faint|p1a: Vivillon\n|upkeep\n|\n|t:|1699728951\n|switch|p1a: Orthworm|Orthworm, M|45\/100\n|turn|15\n|\n|t:|1699728956\n|move|p1a: Orthworm|Coil|p1a: Orthworm\n|-boost|p1a: Orthworm|atk|1\n|-boost|p1a: Orthworm|def|1\n|-boost|p1a: Orthworm|accuracy|1\n|move|p2a: Toxapex|Stockpile|p2a: Toxapex\n|-start|p2a: Toxapex|stockpile1\n|-boost|p2a: Toxapex|def|1\n|-boost|p2a: Toxapex|spd|1\n|\n|upkeep\n|turn|16\n|\n|t:|1699728964\n|move|p1a: Orthworm|Rock Slide|p2a: Toxapex\n|-damage|p2a: Toxapex|86\/100\n|move|p2a: Toxapex|Stockpile|p2a: Toxapex\n|-start|p2a: Toxapex|stockpile2\n|-boost|p2a: Toxapex|def|1\n|-boost|p2a: Toxapex|spd|1\n|\n|upkeep\n|turn|17\n|\n|t:|1699728976\n|move|p1a: Orthworm|Rock Slide|p2a: Toxapex\n|-damage|p2a: Toxapex|76\/100\n|cant|p2a: Toxapex|flinch\n|\n|upkeep\n|turn|18\n|\n|t:|1699728994\n|move|p1a: Orthworm|Rock Slide|p2a: Toxapex\n|-damage|p2a: Toxapex|66\/100\n|cant|p2a: Toxapex|flinch\n|\n|upkeep\n|turn|19\n|\n|t:|1699728999\n|move|p1a: Orthworm|Rock Slide|p2a: Toxapex\n|-damage|p2a: Toxapex|57\/100\n|move|p2a: Toxapex|Stockpile|p2a: Toxapex\n|-start|p2a: Toxapex|stockpile3\n|-boost|p2a: Toxapex|def|1\n|-boost|p2a: Toxapex|spd|1\n|\n|upkeep\n|turn|20\n|\n|t:|1699729007\n|move|p1a: Orthworm|Rock Slide|p2a: Toxapex\n|-crit|p2a: Toxapex\n|-damage|p2a: Toxapex|27\/100\n|move|p2a: Toxapex|Recover|p2a: Toxapex\n|-heal|p2a: Toxapex|78\/100\n|\n|upkeep\n|turn|21\n|\n|t:|1699729028\n|move|p1a: Orthworm|Rock Slide|p2a: Toxapex\n|-damage|p2a: Toxapex|70\/100\n|move|p2a: Toxapex|Recover|p2a: Toxapex\n|-heal|p2a: Toxapex|100\/100\n|\n|upkeep\n|turn|22\n|\n|t:|1699729050\n|move|p2a: Toxapex|Baneful Bunker|p2a: Toxapex\n|-singleturn|p2a: Toxapex|move: Protect\n|move|p1a: Orthworm|Coil|p1a: Orthworm\n|-boost|p1a: Orthworm|atk|1\n|-boost|p1a: Orthworm|def|1\n|-boost|p1a: Orthworm|accuracy|1\n|\n|upkeep\n|turn|23\n|\n|t:|1699729059\n|move|p1a: Orthworm|Coil|p1a: Orthworm\n|-boost|p1a: Orthworm|atk|1\n|-boost|p1a: Orthworm|def|1\n|-boost|p1a: Orthworm|accuracy|1\n|move|p2a: Toxapex|Stockpile||[still]\n|-fail|p2a: Toxapex\n|\n|upkeep\n|turn|24\n|\n|t:|1699729067\n|move|p1a: Orthworm|Coil|p1a: Orthworm\n|-boost|p1a: Orthworm|atk|1\n|-boost|p1a: Orthworm|def|1\n|-boost|p1a: Orthworm|accuracy|1\n|move|p2a: Toxapex|Stockpile||[still]\n|-fail|p2a: Toxapex\n|\n|upkeep\n|turn|25\n|\n|t:|1699729074\n|move|p1a: Orthworm|Coil|p1a: Orthworm\n|-boost|p1a: Orthworm|atk|1\n|-boost|p1a: Orthworm|def|1\n|-boost|p1a: Orthworm|accuracy|1\n|move|p2a: Toxapex|Stockpile||[still]\n|-fail|p2a: Toxapex\n|\n|upkeep\n|turn|26\n|\n|t:|1699729080\n|move|p1a: Orthworm|Coil|p1a: Orthworm\n|-boost|p1a: Orthworm|atk|1\n|-boost|p1a: Orthworm|def|1\n|-boost|p1a: Orthworm|accuracy|1\n|move|p2a: Toxapex|Stockpile||[still]\n|-fail|p2a: Toxapex\n|\n|upkeep\n|turn|27\n|\n|t:|1699729087\n|move|p1a: Orthworm|Rock Slide|p2a: Toxapex\n|-damage|p2a: Toxapex|80\/100\n|cant|p2a: Toxapex|flinch\n|\n|upkeep\n|turn|28\n|\n|t:|1699729094\n|move|p1a: Orthworm|Rock Slide|p2a: Toxapex\n|-damage|p2a: Toxapex|59\/100\n|move|p2a: Toxapex|Toxic|p1a: Orthworm\n|-immune|p1a: Orthworm\n|\n|upkeep\n|turn|29\n|\n|t:|1699729101\n|move|p2a: Toxapex|Baneful Bunker|p2a: Toxapex\n|-singleturn|p2a: Toxapex|move: Protect\n|move|p1a: Orthworm|Rock Slide|p2a: Toxapex\n|-activate|p2a: Toxapex|move: Protect\n|\n|upkeep\n|turn|30\n|\n|t:|1699729109\n|move|p1a: Orthworm|Rock Slide|p2a: Toxapex\n|-damage|p2a: Toxapex|37\/100\n|cant|p2a: Toxapex|flinch\n|\n|upkeep\n|turn|31\n|\n|t:|1699729115\n|move|p1a: Orthworm|Rock Slide|p2a: Toxapex\n|-damage|p2a: Toxapex|16\/100\n|move|p2a: Toxapex|Recover|p2a: Toxapex\n|-heal|p2a: Toxapex|66\/100\n|\n|upkeep\n|turn|32\n|\n|t:|1699729121\n|move|p1a: Orthworm|Rock Slide|p2a: Toxapex\n|-damage|p2a: Toxapex|47\/100\n|move|p2a: Toxapex|Recover|p2a: Toxapex\n|-heal|p2a: Toxapex|97\/100\n|\n|upkeep\n|turn|33\n|inactive|eadwil has 120 seconds left.\n|\n|t:|1699729165\n|move|p1a: Orthworm|Rock Slide|p2a: Toxapex\n|-damage|p2a: Toxapex|79\/100\n|move|p2a: Toxapex|Toxic|p1a: Orthworm\n|-immune|p1a: Orthworm\n|\n|upkeep\n|turn|34\n|inactive|FMTICOYD has 120 seconds left.\n|\n|t:|1699729201\n|move|p1a: Orthworm|Rock Slide|p2a: Toxapex\n|-damage|p2a: Toxapex|57\/100\n|cant|p2a: Toxapex|flinch\n|\n|upkeep\n|turn|35\n|inactive|FMTICOYD has 120 seconds left.\n|inactive|eadwil has 120 seconds left.\n|\n|t:|1699729207\n|move|p1a: Orthworm|Rock Slide|p2a: Toxapex\n|-damage|p2a: Toxapex|37\/100\n|cant|p2a: Toxapex|flinch\n|\n|upkeep\n|turn|36\n|\n|t:|1699729214\n|move|p1a: Orthworm|Rock Slide|p2a: Toxapex\n|-damage|p2a: Toxapex|15\/100\n|move|p2a: Toxapex|Recover|p2a: Toxapex\n|-heal|p2a: Toxapex|65\/100\n|\n|upkeep\n|turn|37\n|\n|t:|1699729222\n|switch|p1a: Inteleon|Inteleon, M|100\/100\n|move|p2a: Toxapex|Recover|p2a: Toxapex\n|-heal|p2a: Toxapex|100\/100\n|\n|upkeep\n|turn|38\n|inactive|eadwil has 120 seconds left.\n|\n|t:|1699729270\n|switch|p1a: Orthworm|Orthworm, M|45\/100\n|move|p2a: Toxapex|Toxic|p1a: Orthworm\n|-immune|p1a: Orthworm\n|\n|upkeep\n|turn|39\n|\n|t:|1699729276\n|move|p1a: Orthworm|Coil|p1a: Orthworm\n|-boost|p1a: Orthworm|atk|1\n|-boost|p1a: Orthworm|def|1\n|-boost|p1a: Orthworm|accuracy|1\n|move|p2a: Toxapex|Stockpile||[still]\n|-fail|p2a: Toxapex\n|\n|upkeep\n|turn|40\n|\n|t:|1699729282\n|move|p1a: Orthworm|Coil|p1a: Orthworm\n|-boost|p1a: Orthworm|atk|1\n|-boost|p1a: Orthworm|def|1\n|-boost|p1a: Orthworm|accuracy|1\n|move|p2a: Toxapex|Stockpile||[still]\n|-fail|p2a: Toxapex\n|\n|upkeep\n|turn|41\n|\n|t:|1699729288\n|move|p1a: Orthworm|Coil|p1a: Orthworm\n|-boost|p1a: Orthworm|atk|1\n|-boost|p1a: Orthworm|def|1\n|-boost|p1a: Orthworm|accuracy|1\n|move|p2a: Toxapex|Stockpile||[still]\n|-fail|p2a: Toxapex\n|\n|upkeep\n|turn|42\n|\n|t:|1699729295\n|move|p1a: Orthworm|Coil|p1a: Orthworm\n|-boost|p1a: Orthworm|atk|1\n|-boost|p1a: Orthworm|def|1\n|-boost|p1a: Orthworm|accuracy|1\n|move|p2a: Toxapex|Stockpile||[still]\n|-fail|p2a: Toxapex\n|\n|upkeep\n|turn|43\n|inactive|eadwil has 120 seconds left.\n|\n|t:|1699729302\n|move|p1a: Orthworm|Coil|p1a: Orthworm\n|-boost|p1a: Orthworm|atk|1\n|-boost|p1a: Orthworm|def|1\n|-boost|p1a: Orthworm|accuracy|1\n|move|p2a: Toxapex|Stockpile||[still]\n|-fail|p2a: Toxapex\n|\n|upkeep\n|turn|44\n|inactive|eadwil has 120 seconds left.\n|\n|t:|1699729316\n|move|p1a: Orthworm|Coil|p1a: Orthworm\n|-boost|p1a: Orthworm|atk|1\n|-boost|p1a: Orthworm|def|1\n|-boost|p1a: Orthworm|accuracy|1\n|move|p2a: Toxapex|Stockpile||[still]\n|-fail|p2a: Toxapex\n|\n|upkeep\n|turn|45\n|\n|t:|1699729324\n|move|p1a: Orthworm|Shed Tail|p1a: Orthworm\n|-fail|p1a: Orthworm|move: Shed Tail|[weak]\n|move|p2a: Toxapex|Stockpile||[still]\n|-fail|p2a: Toxapex\n|\n|upkeep\n|turn|46\n|\n|t:|1699729331\n|move|p1a: Orthworm|Shed Tail|p1a: Orthworm\n|-fail|p1a: Orthworm|move: Shed Tail|[weak]\n|move|p2a: Toxapex|Stockpile||[still]\n|-fail|p2a: Toxapex\n|\n|upkeep\n|turn|47\n|\n|t:|1699729339\n|move|p1a: Orthworm|Shed Tail|p1a: Orthworm\n|-fail|p1a: Orthworm|move: Shed Tail|[weak]\n|move|p2a: Toxapex|Stockpile||[still]\n|-fail|p2a: Toxapex\n|\n|upkeep\n|turn|48\n|\n|t:|1699729349\n|move|p1a: Orthworm|Shed Tail|p1a: Orthworm\n|-fail|p1a: Orthworm|move: Shed Tail|[weak]\n|move|p2a: Toxapex|Stockpile||[still]\n|-fail|p2a: Toxapex\n|\n|upkeep\n|turn|49\n|inactive|eadwil has 120 seconds left.\n|inactive|eadwil has 90 seconds left.\n|inactive|eadwil has 60 seconds left.\n|inactive|eadwil has 30 seconds left.\n|inactive|eadwil has 20 seconds left.\n|inactive|eadwil has 15 seconds left.\n|inactive|eadwil has 10 seconds left.\n|inactive|eadwil has 5 seconds left.\n|-message|eadwil lost due to inactivity.\n|\n|win|FMTICOYD\n|raw|FMTICOYD's rating: 1190 &rarr; <strong>1224<\/strong><br \/>(+34 for winning)\n|raw|eadwil's rating: 1320 &rarr; <strong>1293<\/strong><br \/>(-27 for losing)\n|l|\u2606FMTICOYD\n","uploadtime":1699729837,"views":4,"p1id":"fmticoyd","p2id":"eadwil","formatid":"gen9anythinggoes","rating":1224,"private":0,"password":""}