{"id":"gen9anythinggoes-1972492942","p1":"mrelpolloloco","p2":"KRIII","format":"[Gen 9] Anything Goes","log":"|j|\u2606mrelpolloloco\n|j|\u2606KRIII\n|t:|1697849074\n|gametype|singles\n|player|p1|mrelpolloloco|wallace|\n|player|p2|KRIII|rood|\n|teamsize|p1|6\n|teamsize|p2|6\n|gen|9\n|tier|[Gen 9] Anything Goes\n|rule|HP Percentage Mod: HP is shown in percentages\n|rule|Endless Battle Clause: Forcing endless battles is banned\n|clearpoke\n|poke|p1|Iron Bundle|\n|poke|p1|Corviknight, F|\n|poke|p1|Clodsire, M|\n|poke|p1|Roaring Moon|\n|poke|p1|Gallade, M|\n|poke|p1|Dedenne, F|\n|poke|p2|Dragapult, M|\n|poke|p2|Qwilfish-Hisui, F|\n|poke|p2|Scream Tail|\n|poke|p2|Palafin, F|\n|poke|p2|Forretress, M|\n|poke|p2|Pawmot, M|\n|teampreview\n|\n|t:|1697849108\n|start\n|switch|p1a: STOP TOUCHING ME!|Corviknight, F|100\/100\n|switch|p2a: Palafin|Palafin, F|100\/100\n|turn|1\n|\n|t:|1697849127\n|move|p2a: Palafin|Flip Turn|p1a: STOP TOUCHING ME!\n|-damage|p1a: STOP TOUCHING ME!|88\/100\n|-damage|p2a: Palafin|84\/100|[from] item: Rocky Helmet|[of] p1a: STOP TOUCHING ME!\n|\n|t:|1697849161\n|detailschange|p2a: Palafin|Palafin-Hero, F\n|switch|p2a: Pawmot|Pawmot, M|100\/100|[from] Flip Turn\n|move|p1a: STOP TOUCHING ME!|Iron Defense|p1a: STOP TOUCHING ME!\n|-boost|p1a: STOP TOUCHING ME!|def|2\n|\n|upkeep\n|turn|2\n|\n|t:|1697849172\n|move|p2a: Pawmot|Double Shock|p1a: STOP TOUCHING ME!\n|-supereffective|p1a: STOP TOUCHING ME!\n|-damage|p1a: STOP TOUCHING ME!|42\/100\n|-start|p2a: Pawmot|typechange|???\/Fighting|[from] move: Double Shock\n|-damage|p2a: Pawmot|84\/100|[from] item: Rocky Helmet|[of] p1a: STOP TOUCHING ME!\n|move|p1a: STOP TOUCHING ME!|Brave Bird|p2a: Pawmot\n|-supereffective|p2a: Pawmot\n|-damage|p2a: Pawmot|0 fnt\n|faint|p2a: Pawmot\n|-damage|p1a: STOP TOUCHING ME!|19\/100|[from] Recoil\n|\n|upkeep\n|\n|t:|1697849230\n|switch|p2a: Qwilfish|Qwilfish-Hisui, F|100\/100\n|-ability|p2a: Qwilfish|Intimidate|boost\n|-ability|p1a: STOP TOUCHING ME!|Mirror Armor\n|-unboost|p2a: Qwilfish|atk|1\n|turn|3\n|\n|t:|1697849240\n|move|p2a: Qwilfish|Waterfall|p1a: STOP TOUCHING ME!\n|-damage|p1a: STOP TOUCHING ME!|15\/100\n|-damage|p2a: Qwilfish|84\/100|[from] item: Rocky Helmet|[of] p1a: STOP TOUCHING ME!\n|cant|p1a: STOP TOUCHING ME!|flinch\n|\n|upkeep\n|turn|4\n|\n|t:|1697849253\n|move|p2a: Qwilfish|Spikes|p1a: STOP TOUCHING ME!\n|-sidestart|p1: mrelpolloloco|Spikes\n|move|p1a: STOP TOUCHING ME!|Roost|p1a: STOP TOUCHING ME!\n|-heal|p1a: STOP TOUCHING ME!|65\/100\n|-singleturn|p1a: STOP TOUCHING ME!|move: Roost\n|\n|upkeep\n|turn|5\n|\n|t:|1697849264\n|move|p2a: Qwilfish|Taunt|p1a: STOP TOUCHING ME!\n|-start|p1a: STOP TOUCHING ME!|move: Taunt\n|move|p1a: STOP TOUCHING ME!|Brave Bird|p2a: Qwilfish\n|-damage|p2a: Qwilfish|56\/100\n|-damage|p1a: STOP TOUCHING ME!|57\/100|[from] Recoil\n|\n|upkeep\n|turn|6\n|\n|t:|1697849275\n|move|p2a: Qwilfish|Spikes|p1a: STOP TOUCHING ME!\n|-sidestart|p1: mrelpolloloco|Spikes\n|move|p1a: STOP TOUCHING ME!|Brave Bird|p2a: Qwilfish\n|-damage|p2a: Qwilfish|30\/100\n|-damage|p1a: STOP TOUCHING ME!|49\/100|[from] Recoil\n|\n|upkeep\n|turn|7\n|\n|t:|1697849283\n|move|p2a: Qwilfish|Spikes|p1a: STOP TOUCHING ME!\n|-sidestart|p1: mrelpolloloco|Spikes\n|move|p1a: STOP TOUCHING ME!|Brave Bird|p2a: Qwilfish\n|-damage|p2a: Qwilfish|3\/100\n|-damage|p1a: STOP TOUCHING ME!|41\/100|[from] Recoil\n|\n|-end|p1a: STOP TOUCHING ME!|move: Taunt\n|upkeep\n|turn|8\n|\n|t:|1697849293\n|move|p2a: Qwilfish|Taunt|p1a: STOP TOUCHING ME!\n|-start|p1a: STOP TOUCHING ME!|move: Taunt\n|cant|p1a: STOP TOUCHING ME!|move: Taunt|Roost\n|\n|upkeep\n|turn|9\n|\n|t:|1697849299\n|move|p2a: Qwilfish|Toxic|p1a: STOP TOUCHING ME!\n|-immune|p1a: STOP TOUCHING ME!\n|move|p1a: STOP TOUCHING ME!|Iron Head|p2a: Qwilfish\n|-damage|p2a: Qwilfish|0 fnt\n|faint|p2a: Qwilfish\n|\n|upkeep\n|\n|t:|1697849304\n|switch|p2a: Palafin|Palafin-Hero, F|84\/100\n|-activate|p2a: Palafin|ability: Zero to Hero\n|turn|10\n|\n|t:|1697849312\n|move|p2a: Palafin|Drain Punch|p1a: STOP TOUCHING ME!\n|-damage|p1a: STOP TOUCHING ME!|31\/100\n|-heal|p2a: Palafin|89\/100|[from] drain|[of] p1a: STOP TOUCHING ME!\n|-damage|p2a: Palafin|72\/100|[from] item: Rocky Helmet|[of] p1a: STOP TOUCHING ME!\n|move|p1a: STOP TOUCHING ME!|Brave Bird|p2a: Palafin\n|-damage|p2a: Palafin|40\/100\n|-damage|p1a: STOP TOUCHING ME!|20\/100|[from] Recoil\n|\n|-heal|p2a: Palafin|46\/100|[from] item: Leftovers\n|-end|p1a: STOP TOUCHING ME!|move: Taunt\n|upkeep\n|turn|11\n|\n|t:|1697849324\n|move|p2a: Palafin|Flip Turn|p1a: STOP TOUCHING ME!\n|-damage|p1a: STOP TOUCHING ME!|8\/100\n|-damage|p2a: Palafin|29\/100|[from] item: Rocky Helmet|[of] p1a: STOP TOUCHING ME!\n|\n|t:|1697849334\n|switch|p2a: Forretress|Forretress, M|100\/100|[from] Flip Turn\n|move|p1a: STOP TOUCHING ME!|Roost|p1a: STOP TOUCHING ME!\n|-heal|p1a: STOP TOUCHING ME!|58\/100\n|-singleturn|p1a: STOP TOUCHING ME!|move: Roost\n|\n|upkeep\n|turn|12\n|\n|t:|1697849345\n|move|p1a: STOP TOUCHING ME!|Brave Bird|p2a: Forretress\n|-damage|p2a: Forretress|82\/100\n|-damage|p1a: STOP TOUCHING ME!|52\/100|[from] Recoil\n|move|p2a: Forretress|Thunder Wave|p1a: STOP TOUCHING ME!\n|-status|p1a: STOP TOUCHING ME!|par\n|\n|upkeep\n|turn|13\n|\n|t:|1697849360\n|move|p2a: Forretress|Volt Switch|p1a: STOP TOUCHING ME!\n|-supereffective|p1a: STOP TOUCHING ME!\n|-damage|p1a: STOP TOUCHING ME!|36\/100 par\n|\n|t:|1697849366\n|switch|p2a: Palafin|Palafin-Hero, F|29\/100|[from] Volt Switch\n|cant|p1a: STOP TOUCHING ME!|par\n|\n|-heal|p2a: Palafin|35\/100|[from] item: Leftovers\n|upkeep\n|turn|14\n|\n|t:|1697849372\n|move|p2a: Palafin|Drain Punch|p1a: STOP TOUCHING ME!\n|-damage|p1a: STOP TOUCHING ME!|26\/100 par\n|-heal|p2a: Palafin|40\/100|[from] drain|[of] p1a: STOP TOUCHING ME!\n|-damage|p2a: Palafin|24\/100|[from] item: Rocky Helmet|[of] p1a: STOP TOUCHING ME!\n|move|p1a: STOP TOUCHING ME!|Roost|p1a: STOP TOUCHING ME!\n|-heal|p1a: STOP TOUCHING ME!|76\/100 par\n|-singleturn|p1a: STOP TOUCHING ME!|move: Roost\n|\n|-heal|p2a: Palafin|30\/100|[from] item: Leftovers\n|upkeep\n|turn|15\n|c|\u2606mrelpolloloco|(:\n|\n|t:|1697849397\n|move|p2a: Palafin|Drain Punch|p1a: STOP TOUCHING ME!\n|-damage|p1a: STOP TOUCHING ME!|67\/100 par\n|-heal|p2a: Palafin|35\/100|[from] drain|[of] p1a: STOP TOUCHING ME!\n|-damage|p2a: Palafin|18\/100|[from] item: Rocky Helmet|[of] p1a: STOP TOUCHING ME!\n|move|p1a: STOP TOUCHING ME!|Iron Defense|p1a: STOP TOUCHING ME!\n|-boost|p1a: STOP TOUCHING ME!|def|2\n|\n|-heal|p2a: Palafin|24\/100|[from] item: Leftovers\n|upkeep\n|turn|16\n|\n|t:|1697849407\n|move|p2a: Palafin|Drain Punch|p1a: STOP TOUCHING ME!\n|-damage|p1a: STOP TOUCHING ME!|60\/100 par\n|-heal|p2a: Palafin|28\/100|[from] drain|[of] p1a: STOP TOUCHING ME!\n|-damage|p2a: Palafin|11\/100|[from] item: Rocky Helmet|[of] p1a: STOP TOUCHING ME!\n|move|p1a: STOP TOUCHING ME!|Roost|p1a: STOP TOUCHING ME!\n|-heal|p1a: STOP TOUCHING ME!|100\/100 par\n|-singleturn|p1a: STOP TOUCHING ME!|move: Roost\n|\n|-heal|p2a: Palafin|17\/100|[from] item: Leftovers\n|upkeep\n|turn|17\n|\n|t:|1697849421\n|move|p2a: Palafin|Flip Turn|p1a: STOP TOUCHING ME!\n|-damage|p1a: STOP TOUCHING ME!|92\/100 par\n|-damage|p2a: Palafin|1\/100|[from] item: Rocky Helmet|[of] p1a: STOP TOUCHING ME!\n|\n|t:|1697849426\n|switch|p2a: Dragapult|Dragapult, M|100\/100|[from] Flip Turn\n|move|p1a: STOP TOUCHING ME!|Iron Defense|p1a: STOP TOUCHING ME!\n|-boost|p1a: STOP TOUCHING ME!|def|2\n|\n|upkeep\n|turn|18\n|\n|t:|1697849441\n|move|p2a: Dragapult|Thunderbolt|p1a: STOP TOUCHING ME!\n|-supereffective|p1a: STOP TOUCHING ME!\n|-damage|p1a: STOP TOUCHING ME!|51\/100 par\n|move|p1a: STOP TOUCHING ME!|Iron Head|p2a: Dragapult\n|-damage|p2a: Dragapult|67\/100\n|\n|upkeep\n|turn|19\n|\n|t:|1697849448\n|move|p2a: Dragapult|Thunderbolt|p1a: STOP TOUCHING ME!\n|-supereffective|p1a: STOP TOUCHING ME!\n|-damage|p1a: STOP TOUCHING ME!|10\/100 par\n|move|p1a: STOP TOUCHING ME!|Brave Bird|p2a: Dragapult\n|-damage|p2a: Dragapult|17\/100\n|-damage|p1a: STOP TOUCHING ME!|0 fnt|[from] Recoil\n|faint|p1a: STOP TOUCHING ME!\n|\n|upkeep\n|c|\u2606mrelpolloloco|):\n|\n|t:|1697849466\n|switch|p1a: XXXtentacion|Roaring Moon|100\/100\n|-damage|p1a: XXXtentacion|76\/100|[from] Spikes\n|-enditem|p1a: XXXtentacion|Booster Energy\n|-activate|p1a: XXXtentacion|ability: Protosynthesis|[fromitem]\n|-start|p1a: XXXtentacion|protosynthesisspe\n|turn|20\n|\n|t:|1697849492\n|switch|p2a: Forretress|Forretress, M|82\/100\n|move|p1a: XXXtentacion|Dragon Claw|p2a: Forretress\n|-resisted|p2a: Forretress\n|-damage|p2a: Forretress|71\/100\n|\n|upkeep\n|turn|21\n|\n|t:|1697849503\n|move|p1a: XXXtentacion|Fire Fang|p2a: Forretress\n|-supereffective|p2a: Forretress\n|-damage|p2a: Forretress|21\/100\n|move|p2a: Forretress|Explosion|p1a: XXXtentacion\n|-damage|p1a: XXXtentacion|10\/100\n|faint|p2a: Forretress\n|\n|upkeep\n|\n|t:|1697849509\n|switch|p2a: Scream Tail|Scream Tail|100\/100\n|turn|22\n|\n|t:|1697849519\n|move|p1a: XXXtentacion|Knock Off|p2a: Scream Tail\n|-damage|p2a: Scream Tail|66\/100\n|-enditem|p2a: Scream Tail|Light Clay|[from] move: Knock Off|[of] p1a: XXXtentacion\n|move|p2a: Scream Tail|Misty Explosion|p1a: XXXtentacion\n|-supereffective|p1a: XXXtentacion\n|-damage|p1a: XXXtentacion|0 fnt\n|faint|p2a: Scream Tail\n|-end|p2a: Scream Tail|Protosynthesis|[silent]\n|faint|p1a: XXXtentacion\n|-end|p1a: XXXtentacion|Protosynthesis|[silent]\n|\n|upkeep\n|\n|t:|1697849553\n|switch|p1a: Shit mouse|Dedenne, F, shiny|100\/100\n|switch|p2a: Dragapult|Dragapult, M|17\/100\n|-damage|p1a: Shit mouse|76\/100|[from] Spikes\n|turn|23\n|c|\u2606mrelpolloloco|explosive\n|\n|t:|1697849566\n|move|p2a: Dragapult|U-turn|p1a: Shit mouse\n|-resisted|p1a: Shit mouse\n|-damage|p1a: Shit mouse|60\/100\n|\n|t:|1697849569\n|switch|p2a: Palafin|Palafin-Hero, F|1\/100|[from] U-turn\n|move|p1a: Shit mouse|Discharge|p2a: Palafin\n|-supereffective|p2a: Palafin\n|-damage|p2a: Palafin|0 fnt\n|faint|p2a: Palafin\n|\n|upkeep\n|\n|t:|1697849575\n|switch|p2a: Dragapult|Dragapult, M|17\/100\n|turn|24\n|\n|t:|1697849580\n|-terastallize|p2a: Dragapult|Steel\n|move|p2a: Dragapult|Thunderbolt|p1a: Shit mouse\n|-resisted|p1a: Shit mouse\n|-damage|p1a: Shit mouse|39\/100\n|-enditem|p1a: Shit mouse|Sitrus Berry|[eat]\n|-heal|p1a: Shit mouse|64\/100|[from] item: Sitrus Berry\n|-heal|p1a: Shit mouse|97\/100|[from] ability: Cheek Pouch\n|move|p1a: Shit mouse|Dazzling Gleam|p2a: Dragapult\n|-resisted|p2a: Dragapult\n|-damage|p2a: Dragapult|0 fnt\n|faint|p2a: Dragapult\n|\n|win|mrelpolloloco\n|c|\u2606mrelpolloloco|:0\n|c|\u2606mrelpolloloco|ggs\n","uploadtime":1697849598,"views":12,"p1id":"mrelpolloloco","p2id":"kriii","formatid":"gen9anythinggoes","rating":0,"private":0,"password":""}