{"id":"gen9anythinggoes-1988393787","p1":"Roxaslover21","p2":"Bloodmoon0821","format":"[Gen 9] Anything Goes","log":"|j|\u2606Roxaslover21\n|j|\u2606Bloodmoon0821\n|t:|1699717969\n|gametype|singles\n|player|p1|Roxaslover21|cynthia-gen4|\n|player|p2|Bloodmoon0821|169|\n|teamsize|p1|6\n|teamsize|p2|6\n|gen|9\n|tier|[Gen 9] Anything Goes\n|rule|HP Percentage Mod: HP is shown in percentages\n|rule|Endless Battle Clause: Forcing endless battles is banned\n|clearpoke\n|poke|p1|Maushold|\n|poke|p1|Tauros, M|\n|poke|p1|Zoroark-Hisui, M|\n|poke|p1|Arboliva, M|\n|poke|p1|Ursaluna, F|\n|poke|p1|Meloetta|\n|poke|p2|Pawmot, M|\n|poke|p2|Eelektross, M|\n|poke|p2|Rotom-Wash|\n|poke|p2|Magnezone|\n|poke|p2|Vikavolt, M|\n|poke|p2|Iron Hands|\n|teampreview\n|\n|t:|1699717988\n|start\n|switch|p1a: Tauros|Tauros, M, shiny|100\/100\n|switch|p2a: Rotom|Rotom-Wash, shiny|100\/100\n|turn|1\n|\n|t:|1699718004\n|move|p1a: Tauros|Trailblaze|p2a: Rotom\n|-supereffective|p2a: Rotom\n|-damage|p2a: Rotom|49\/100\n|move|p2a: Rotom|Light Screen|p2a: Rotom\n|-sidestart|p2: Bloodmoon0821|move: Light Screen\n|\n|upkeep\n|turn|2\n|\n|t:|1699718012\n|move|p1a: Tauros|Trailblaze|p2a: Rotom\n|-supereffective|p2a: Rotom\n|-damage|p2a: Rotom|0 fnt\n|faint|p2a: Rotom\n|\n|upkeep\n|\n|t:|1699718018\n|switch|p2a: Eelektross|Eelektross, M, shiny|100\/100\n|turn|3\n|\n|t:|1699718023\n|move|p1a: Tauros|Raging Bull|p2a: Eelektross\n|-sideend|p2: Bloodmoon0821|move: Light Screen\n|-damage|p2a: Eelektross|63\/100\n|-damage|p1a: Tauros|91\/100|[from] item: Life Orb\n|move|p2a: Eelektross|Knock Off|p1a: Tauros\n|-damage|p1a: Tauros|60\/100\n|-enditem|p1a: Tauros|Life Orb|[from] move: Knock Off|[of] p2a: Eelektross\n|\n|upkeep\n|turn|4\n|\n|t:|1699718041\n|move|p1a: Tauros|Trailblaze|p2a: Eelektross\n|-crit|p2a: Eelektross\n|-damage|p2a: Eelektross|41\/100\n|move|p2a: Eelektross|Drain Punch|p1a: Tauros\n|-supereffective|p1a: Tauros\n|-damage|p1a: Tauros|19\/100\n|-heal|p2a: Eelektross|65\/100|[from] drain|[of] p1a: Tauros\n|\n|upkeep\n|turn|5\n|\n|t:|1699718052\n|move|p1a: Tauros|Raging Bull|p2a: Eelektross\n|-damage|p2a: Eelektross|32\/100\n|move|p2a: Eelektross|Drain Punch|p1a: Tauros\n|-supereffective|p1a: Tauros\n|-damage|p1a: Tauros|0 fnt\n|-heal|p2a: Eelektross|43\/100|[from] drain|[of] p1a: Tauros\n|faint|p1a: Tauros\n|\n|upkeep\n|\n|t:|1699718062\n|switch|p1a: Arboliva|Arboliva, M, shiny|100\/100\n|turn|6\n|\n|t:|1699718067\n|move|p2a: Eelektross|Drain Punch|p1a: Arboliva\n|-supereffective|p1a: Arboliva\n|-damage|p1a: Arboliva|60\/100\n|-heal|p2a: Eelektross|62\/100|[from] drain|[of] p1a: Arboliva\n|-fieldstart|move: Grassy Terrain|[from] ability: Seed Sower|[of] p1a: Arboliva\n|move|p1a: Arboliva|Leech Seed|p2a: Eelektross\n|-start|p2a: Eelektross|move: Leech Seed\n|\n|-heal|p1a: Arboliva|66\/100|[from] Grassy Terrain\n|-damage|p2a: Eelektross|50\/100|[from] Leech Seed|[of] p1a: Arboliva\n|-heal|p1a: Arboliva|82\/100|[silent]\n|upkeep\n|turn|7\n|\n|t:|1699718081\n|move|p2a: Eelektross|Drain Punch|p1a: Arboliva\n|-supereffective|p1a: Arboliva\n|-damage|p1a: Arboliva|40\/100\n|-heal|p2a: Eelektross|70\/100|[from] drain|[of] p1a: Arboliva\n|move|p1a: Arboliva|Reflect|p1a: Arboliva\n|-sidestart|p1: Roxaslover21|Reflect\n|\n|-heal|p1a: Arboliva|46\/100|[from] Grassy Terrain\n|-damage|p2a: Eelektross|58\/100|[from] Leech Seed|[of] p1a: Arboliva\n|-heal|p1a: Arboliva|63\/100|[silent]\n|upkeep\n|turn|8\n|\n|t:|1699718101\n|move|p2a: Eelektross|Drain Punch|p1a: Arboliva\n|-supereffective|p1a: Arboliva\n|-damage|p1a: Arboliva|44\/100\n|-heal|p2a: Eelektross|67\/100|[from] drain|[of] p1a: Arboliva\n|move|p1a: Arboliva|Terrain Pulse|p2a: Eelektross\n|-damage|p2a: Eelektross|29\/100\n|\n|-heal|p1a: Arboliva|50\/100|[from] Grassy Terrain\n|-damage|p2a: Eelektross|17\/100|[from] Leech Seed|[of] p1a: Arboliva\n|-heal|p1a: Arboliva|67\/100|[silent]\n|upkeep\n|turn|9\n|\n|t:|1699718116\n|move|p2a: Eelektross|Knock Off|p1a: Arboliva\n|-damage|p1a: Arboliva|54\/100\n|-enditem|p1a: Arboliva|Big Root|[from] move: Knock Off|[of] p2a: Eelektross\n|move|p1a: Arboliva|Terrain Pulse|p2a: Eelektross\n|-damage|p2a: Eelektross|0 fnt\n|faint|p2a: Eelektross\n|\n|-heal|p1a: Arboliva|60\/100|[from] Grassy Terrain\n|upkeep\n|\n|t:|1699718127\n|switch|p2a: Iron Hands|Iron Hands, shiny|100\/100\n|-enditem|p2a: Iron Hands|Booster Energy\n|-activate|p2a: Iron Hands|ability: Quark Drive|[fromitem]\n|-start|p2a: Iron Hands|quarkdriveatk\n|turn|10\n|\n|t:|1699718137\n|move|p2a: Iron Hands|Iron Defense|p2a: Iron Hands\n|-boost|p2a: Iron Hands|def|2\n|move|p1a: Arboliva|Leech Seed|p2a: Iron Hands\n|-start|p2a: Iron Hands|move: Leech Seed\n|\n|-heal|p1a: Arboliva|66\/100|[from] Grassy Terrain\n|-damage|p2a: Iron Hands|88\/100|[from] Leech Seed|[of] p1a: Arboliva\n|-heal|p1a: Arboliva|85\/100|[silent]\n|-fieldend|move: Grassy Terrain\n|upkeep\n|turn|11\n|\n|t:|1699718156\n|move|p2a: Iron Hands|Body Press|p1a: Arboliva\n|-supereffective|p1a: Arboliva\n|-damage|p1a: Arboliva|23\/100\n|-fieldstart|move: Grassy Terrain|[from] ability: Seed Sower|[of] p1a: Arboliva\n|move|p1a: Arboliva|Light Screen|p1a: Arboliva\n|-sidestart|p1: Roxaslover21|move: Light Screen\n|\n|-heal|p2a: Iron Hands|94\/100|[from] Grassy Terrain\n|-heal|p1a: Arboliva|29\/100|[from] Grassy Terrain\n|-damage|p2a: Iron Hands|82\/100|[from] Leech Seed|[of] p1a: Arboliva\n|-heal|p1a: Arboliva|48\/100|[silent]\n|-sideend|p1: Roxaslover21|Reflect\n|upkeep\n|turn|12\n|\n|t:|1699718186\n|switch|p1a: Maushold|Maushold|100\/100\n|move|p2a: Iron Hands|Body Press|p1a: Maushold\n|-immune|p1a: Maushold\n|\n|-heal|p2a: Iron Hands|88\/100|[from] Grassy Terrain\n|-damage|p2a: Iron Hands|76\/100|[from] Leech Seed|[of] p1a: Maushold\n|upkeep\n|turn|13\n|\n|t:|1699718203\n|move|p1a: Maushold|Nasty Plot|p1a: Maushold\n|-boost|p1a: Maushold|spa|2\n|move|p2a: Iron Hands|Play Rough|p1a: Maushold\n|-damage|p1a: Maushold|10\/100\n|replace|p1a: Zoroark|Zoroark-Hisui, M, shiny\n|-end|p1a: Zoroark|Illusion\n|-enditem|p1a: Zoroark|Wiki Berry|[eat]\n|-heal|p1a: Zoroark|43\/100|[from] item: Wiki Berry\n|\n|-heal|p1a: Zoroark|49\/100|[from] Grassy Terrain\n|-heal|p2a: Iron Hands|82\/100|[from] Grassy Terrain\n|-damage|p2a: Iron Hands|69\/100|[from] Leech Seed|[of] p1a: Zoroark\n|-heal|p1a: Zoroark|71\/100|[silent]\n|upkeep\n|turn|14\n|\n|t:|1699718221\n|move|p1a: Zoroark|Bitter Malice|p2a: Iron Hands\n|-damage|p2a: Iron Hands|26\/100\n|-unboost|p2a: Iron Hands|atk|1\n|move|p2a: Iron Hands|Play Rough|p1a: Zoroark|[miss]\n|-miss|p2a: Iron Hands|p1a: Zoroark\n|\n|-heal|p1a: Zoroark|77\/100|[from] Grassy Terrain\n|-heal|p2a: Iron Hands|32\/100|[from] Grassy Terrain\n|-damage|p2a: Iron Hands|20\/100|[from] Leech Seed|[of] p1a: Zoroark\n|-heal|p1a: Zoroark|99\/100|[silent]\n|upkeep\n|turn|15\n|\n|t:|1699718237\n|move|p1a: Zoroark|Bitter Malice|p2a: Iron Hands\n|-damage|p2a: Iron Hands|0 fnt\n|faint|p2a: Iron Hands\n|-end|p2a: Iron Hands|Quark Drive|[silent]\n|\n|-heal|p1a: Zoroark|100\/100|[from] Grassy Terrain\n|-sideend|p1: Roxaslover21|move: Light Screen\n|-fieldend|move: Grassy Terrain\n|upkeep\n|\n|t:|1699718247\n|switch|p2a: Vikavolt|Vikavolt, M, shiny|100\/100\n|turn|16\n|\n|t:|1699718270\n|move|p1a: Zoroark|Tera Blast|p2a: Vikavolt\n|-damage|p2a: Vikavolt|33\/100\n|move|p2a: Vikavolt|Discharge|p1a: Zoroark\n|-damage|p1a: Zoroark|34\/100\n|-status|p1a: Zoroark|par\n|\n|upkeep\n|turn|17\n|\n|t:|1699718286\n|move|p1a: Zoroark|Tera Blast|p2a: Vikavolt\n|-damage|p2a: Vikavolt|0 fnt\n|faint|p2a: Vikavolt\n|\n|upkeep\n|\n|t:|1699718291\n|switch|p2a: Magnezone|Magnezone, shiny|100\/100\n|turn|18\n|\n|t:|1699718298\n|-terastallize|p2a: Magnezone|Fire\n|move|p1a: Zoroark|Bitter Malice|p2a: Magnezone\n|-damage|p2a: Magnezone|12\/100\n|-unboost|p2a: Magnezone|atk|1\n|move|p2a: Magnezone|Tera Blast|p1a: Zoroark|[anim] Tera Blast Fire\n|-damage|p1a: Zoroark|0 fnt\n|faint|p1a: Zoroark\n|\n|upkeep\n|\n|t:|1699718314\n|switch|p1a: Ursaluna|Ursaluna, F, shiny|100\/100\n|turn|19\n|\n|t:|1699718321\n|move|p1a: Ursaluna|Trailblaze|p2a: Magnezone\n|-resisted|p2a: Magnezone\n|-damage|p2a: Magnezone|5\/100\n|-boost|p1a: Ursaluna|spe|1\n|move|p2a: Magnezone|Thunderbolt|p1a: Ursaluna\n|-immune|p1a: Ursaluna\n|\n|-status|p1a: Ursaluna|brn|[from] item: Flame Orb\n|upkeep\n|turn|20\n|\n|t:|1699718335\n|move|p1a: Ursaluna|Trailblaze|p2a: Magnezone\n|-resisted|p2a: Magnezone\n|-damage|p2a: Magnezone|0 fnt\n|-boost|p1a: Ursaluna|spe|1\n|faint|p2a: Magnezone\n|\n|-damage|p1a: Ursaluna|94\/100 brn|[from] brn\n|upkeep\n|\n|t:|1699718344\n|switch|p2a: Pawmot|Pawmot, M, shiny|100\/100\n|turn|21\n|\n|t:|1699718353\n|move|p1a: Ursaluna|Facade|p2a: Pawmot\n|-damage|p2a: Pawmot|0 fnt\n|faint|p2a: Pawmot\n|\n|win|Roxaslover21\n","uploadtime":1699718366,"views":36,"p1id":"roxaslover21","p2id":"bloodmoon0821","formatid":"gen9anythinggoes","rating":0,"private":0,"password":""}