{"id":"gen9anythinggoes-1994386137","p1":"LingLing007","p2":"Conscious Talk ENT","format":"[Gen 9] Anything Goes","log":"|j|\u2606LingLing007\n|j|\u2606Conscious Talk ENT\n|t:|1700437968\n|gametype|singles\n|player|p1|LingLing007|morty-masters|1329\n|player|p2|Conscious Talk ENT|170|1480\n|teamsize|p1|6\n|teamsize|p2|6\n|gen|9\n|tier|[Gen 9] Anything Goes\n|rated|\n|rule|HP Percentage Mod: HP is shown in percentages\n|rule|Endless Battle Clause: Forcing endless battles is banned\n|clearpoke\n|poke|p1|Roaring Moon|\n|poke|p1|Toxapex, F|\n|poke|p1|Zoroark-Hisui, M|\n|poke|p1|Polteageist-Antique|\n|poke|p1|Great Tusk|\n|poke|p1|Ninetales-Alola, F|\n|poke|p2|Arceus|\n|poke|p2|Calyrex-Shadow|\n|poke|p2|Eternatus|\n|poke|p2|Koraidon|\n|poke|p2|Miraidon|\n|poke|p2|Arceus|\n|teampreview\n|inactive|Battle timer is ON: inactive players will automatically lose when time's up. (requested by LingLing007)\n|\n|t:|1700437986\n|start\n|switch|p1a: Ninetales|Ninetales-Alola, F, shiny|100\/100\n|switch|p2a: Calyrex|Calyrex-Shadow|100\/100\n|-ability|p2a: Calyrex|As One\n|-ability|p2a: Calyrex|Unnerve\n|-weather|Snow|[from] ability: Snow Warning|[of] p1a: Ninetales\n|turn|1\n|c|\u2606Conscious Talk ENT|No calyrex? not smart.\n|inactive|LingLing007 has 120 seconds left.\n|\n|t:|1700438036\n|switch|p1a: Great Tusk|Great Tusk|100\/100\n|move|p2a: Calyrex|Astral Barrage|p1a: Great Tusk\n|-immune|p1a: Great Tusk\n|\n|-weather|Snow|[upkeep]\n|upkeep\n|turn|2\n|inactive|Conscious Talk ENT has 120 seconds left.\n|\n|t:|1700438069\n|switch|p2a: Koraidon|Koraidon|100\/100\n|-weather|SunnyDay|[from] ability: Orichalcum Pulse|[of] p2a: Koraidon\n|-activate|p2a: Koraidon|Orichalcum Pulse|[source]\n|move|p1a: Great Tusk|Shadow Ball|p2a: Koraidon\n|-crit|p2a: Koraidon\n|-damage|p2a: Koraidon|37\/100\n|\n|-weather|SunnyDay|[upkeep]\n|upkeep\n|turn|3\n|c|\u2606LingLing007|im gucci, calyrex common\n|inactive|Conscious Talk ENT has 120 seconds left.\n|\n|t:|1700438084\n|-terastallize|p2a: Koraidon|Fighting\n|move|p2a: Koraidon|Close Combat|p1a: Great Tusk\n|-immune|p1a: Great Tusk\n|move|p1a: Great Tusk|Shadow Ball|p2a: Koraidon\n|-damage|p2a: Koraidon|0 fnt\n|faint|p2a: Koraidon\n|\n|-weather|SunnyDay|[upkeep]\n|upkeep\n|c|\u2606Conscious Talk ENT|How immune\n|c|\u2606Conscious Talk ENT|Fighting vs fighting\n|c|\u2606Conscious Talk ENT|Wtf\n|\n|t:|1700438108\n|switch|p2a: Calyrex|Calyrex-Shadow|100\/100\n|-ability|p2a: Calyrex|As One\n|-ability|p2a: Calyrex|Unnerve\n|turn|4\n|c|\u2606Conscious Talk ENT|Not fair\n|\n|t:|1700438116\n|move|p2a: Calyrex|Psychic|p1a: Great Tusk\n|-enditem|p1a: Great Tusk|Focus Sash\n|-damage|p1a: Great Tusk|1\/100\n|-unboost|p1a: Great Tusk|spd|1\n|replace|p1a: Zoroark|Zoroark-Hisui, M, shiny\n|-end|p1a: Zoroark|Illusion\n|move|p1a: Zoroark|Shadow Ball|p2a: Calyrex\n|-supereffective|p2a: Calyrex\n|-damage|p2a: Calyrex|0 fnt\n|faint|p2a: Calyrex\n|\n|-weather|SunnyDay|[upkeep]\n|upkeep\n|c|\u2606LingLing007|heh\n|c|\u2606Conscious Talk ENT|Wow\n|c|\u2606Conscious Talk ENT|Nice\n|inactive|Conscious Talk ENT has 90 seconds left.\n|\n|t:|1700438136\n|switch|p2a: Miraidon|Miraidon|100\/100\n|-fieldstart|move: Electric Terrain|[from] ability: Hadron Engine|[of] p2a: Miraidon\n|turn|5\n|\n|t:|1700438142\n|switch|p1a: Great Tusk|Great Tusk|100\/100\n|-activate|p1a: Great Tusk|ability: Protosynthesis\n|-start|p1a: Great Tusk|protosynthesisspe\n|move|p2a: Miraidon|Electro Drift|p1a: Great Tusk\n|-immune|p1a: Great Tusk\n|\n|-weather|SunnyDay|[upkeep]\n|upkeep\n|turn|6\n|\n|t:|1700438157\n|switch|p2a: Eternatus|Eternatus|100\/100\n|-ability|p2a: Eternatus|Pressure\n|move|p1a: Great Tusk|Earthquake|p2a: Eternatus\n|-supereffective|p2a: Eternatus\n|-damage|p2a: Eternatus|42\/100\n|\n|-weather|none\n|-end|p1a: Great Tusk|Protosynthesis\n|-heal|p2a: Eternatus|48\/100|[from] item: Leftovers\n|upkeep\n|turn|7\n|\n|t:|1700438166\n|move|p1a: Great Tusk|Earthquake|p2a: Eternatus\n|-supereffective|p2a: Eternatus\n|-damage|p2a: Eternatus|0 fnt\n|faint|p2a: Eternatus\n|\n|upkeep\n|-message|Conscious Talk ENT forfeited.\n|\n|win|LingLing007\n|raw|LingLing007's rating: 1329 &rarr; <strong>1357<\/strong><br \/>(+28 for winning)\n|raw|Conscious Talk ENT's rating: 1480 &rarr; <strong>1452<\/strong><br \/>(-28 for losing)\n|l|\u2606Conscious Talk ENT\n|c|\u2606LingLing007|gg\n","uploadtime":1700438181,"views":2,"p1id":"lingling007","p2id":"conscioustalkent","formatid":"gen9anythinggoes","rating":1357,"private":0,"password":""}