{"id":"gen9anythinggoes-1980477111","p1":"Flacko2nice","p2":"prof minu","format":"[Gen 9] Anything Goes","log":"|j|\u2606Flacko2nice\n|j|\u2606prof minu\n|t:|1698788622\n|gametype|singles\n|player|p1|Flacko2nice|hooligans|\n|player|p2|prof minu|fennel|\n|teamsize|p1|6\n|teamsize|p2|6\n|gen|9\n|tier|[Gen 9] Anything Goes\n|rule|HP Percentage Mod: HP is shown in percentages\n|rule|Endless Battle Clause: Forcing endless battles is banned\n|clearpoke\n|poke|p1|Annihilape, F|\n|poke|p1|Hatterene, F|\n|poke|p1|Volcarona, F|\n|poke|p1|Greninja-*, M|\n|poke|p1|Raichu, M|\n|poke|p1|Grimmsnarl, M|\n|poke|p2|Morpeko, F|\n|poke|p2|Iron Valiant|\n|poke|p2|Ceruledge, F|\n|poke|p2|Tinkaton, F|\n|poke|p2|Clodsire, M|\n|poke|p2|Basculegion, M|\n|teampreview\n|j| caligulahar\n|\n|t:|1698788818\n|start\n|switch|p1a: Pain 1993|Grimmsnarl, M, shiny|100\/100\n|switch|p2a: Warabimochi|Tinkaton, F|100\/100\n|-ability|p2a: Warabimochi|Mold Breaker\n|turn|1\n|\n|t:|1698788845\n|move|p1a: Pain 1993|Reflect|p1a: Pain 1993\n|-sidestart|p1: Flacko2nice|Reflect\n|move|p2a: Warabimochi|Light Screen|p2a: Warabimochi\n|-sidestart|p2: prof minu|move: Light Screen\n|\n|upkeep\n|turn|2\n|\n|t:|1698788852\n|-terastallize|p2a: Warabimochi|Steel\n|move|p1a: Pain 1993|Light Screen|p1a: Pain 1993\n|-sidestart|p1: Flacko2nice|move: Light Screen\n|move|p2a: Warabimochi|Gigaton Hammer|p1a: Pain 1993\n|-supereffective|p1a: Pain 1993\n|-damage|p1a: Pain 1993|0 fnt\n|faint|p1a: Pain 1993\n|\n|upkeep\n|\n|t:|1698788868\n|switch|p1a: Hotline Bling|Volcarona, F|100\/100\n|turn|3\n|\n|t:|1698788882\n|switch|p2a: Ube Sago|Clodsire, M, shiny|100\/100\n|move|p1a: Hotline Bling|Fiery Dance|p2a: Ube Sago\n|-damage|p2a: Ube Sago|89\/100\n|-boost|p1a: Hotline Bling|spa|1\n|\n|-heal|p2a: Ube Sago|95\/100|[from] item: Black Sludge\n|upkeep\n|turn|4\n|\n|t:|1698788891\n|switch|p1a: Take Care|Hatterene, F|100\/100\n|move|p2a: Ube Sago|Toxic|p1a: Take Care\n|move|p1a: Take Care|Toxic|p2a: Ube Sago|[from]ability: Magic Bounce\n|-immune|p2a: Ube Sago\n|\n|-heal|p2a: Ube Sago|100\/100|[from] item: Black Sludge\n|upkeep\n|turn|5\n|\n|t:|1698788904\n|switch|p2a: DRAKE SUCKS|Ceruledge, F|100\/100\n|move|p1a: Take Care|Calm Mind|p1a: Take Care\n|-boost|p1a: Take Care|spa|1\n|-boost|p1a: Take Care|spd|1\n|\n|-sideend|p2: prof minu|move: Light Screen\n|upkeep\n|turn|6\n|\n|t:|1698788913\n|move|p2a: DRAKE SUCKS|Swords Dance|p2a: DRAKE SUCKS\n|-boost|p2a: DRAKE SUCKS|atk|2\n|move|p1a: Take Care|Baton Pass|p1a: Take Care\n|\n|t:|1698788920\n|switch|p1a: 21 Savage|Greninja, M|100\/100|[from] Baton Pass\n|\n|upkeep\n|turn|7\n|\n|t:|1698788938\n|switch|p2a: Ube Sago|Clodsire, M, shiny|100\/100\n|move|p1a: 21 Savage|Water Shuriken|p2a: Ube Sago\n|-immune|p2a: Ube Sago|[from] ability: Water Absorb\n|\n|upkeep\n|turn|8\n|\n|t:|1698788953\n|switch|p1a: Take Care|Hatterene, F|100\/100\n|move|p2a: Ube Sago|Gunk Shot|p1a: Take Care\n|-supereffective|p1a: Take Care\n|-damage|p1a: Take Care|71\/100\n|\n|-heal|p1a: Take Care|77\/100|[from] item: Leftovers\n|-sideend|p1: Flacko2nice|Reflect\n|upkeep\n|turn|9\n|\n|t:|1698788963\n|switch|p2a: DRAKE SUCKS|Ceruledge, F|100\/100\n|move|p1a: Take Care|Calm Mind|p1a: Take Care\n|-boost|p1a: Take Care|spa|1\n|-boost|p1a: Take Care|spd|1\n|\n|-heal|p1a: Take Care|83\/100|[from] item: Leftovers\n|-sideend|p1: Flacko2nice|move: Light Screen\n|upkeep\n|turn|10\n|\n|t:|1698788974\n|move|p2a: DRAKE SUCKS|Shadow Sneak|p1a: Take Care\n|-supereffective|p1a: Take Care\n|-damage|p1a: Take Care|41\/100\n|move|p1a: Take Care|Calm Mind|p1a: Take Care\n|-boost|p1a: Take Care|spa|1\n|-boost|p1a: Take Care|spd|1\n|\n|-heal|p1a: Take Care|47\/100|[from] item: Leftovers\n|upkeep\n|turn|11\n|\n|t:|1698788982\n|move|p2a: DRAKE SUCKS|Poltergeist|p1a: Take Care|[miss]\n|-miss|p2a: DRAKE SUCKS|p1a: Take Care\n|move|p1a: Take Care|Baton Pass|p1a: Take Care\n|\n|t:|1698788990\n|switch|p1a: 21 Savage|Greninja, M|100\/100|[from] Baton Pass\n|\n|upkeep\n|turn|12\n|\n|t:|1698788996\n|switch|p2a: Ube Sago|Clodsire, M, shiny|100\/100\n|move|p1a: 21 Savage|Ice Beam|p2a: Ube Sago\n|-supereffective|p2a: Ube Sago\n|-damage|p2a: Ube Sago|47\/100\n|\n|-heal|p2a: Ube Sago|54\/100|[from] item: Black Sludge\n|upkeep\n|turn|13\n|\n|t:|1698789015\n|move|p2a: Ube Sago|Protect|p2a: Ube Sago\n|-singleturn|p2a: Ube Sago|Protect\n|move|p1a: 21 Savage|Ice Beam|p2a: Ube Sago\n|-activate|p2a: Ube Sago|move: Protect\n|\n|-heal|p2a: Ube Sago|60\/100|[from] item: Black Sludge\n|upkeep\n|turn|14\n|\n|t:|1698789045\n|switch|p2a: Warabimochi|Tinkaton, F, tera:Steel|100\/100\n|-ability|p2a: Warabimochi|Mold Breaker\n|move|p1a: 21 Savage|Ice Beam|p2a: Warabimochi\n|-resisted|p2a: Warabimochi\n|-damage|p2a: Warabimochi|76\/100\n|-status|p2a: Warabimochi|frz\n|\n|upkeep\n|turn|15\n|inactive|Battle timer is ON: inactive players will automatically lose when time's up. (requested by Flacko2nice)\n|\n|t:|1698789059\n|switch|p1a: Hotline Bling|Volcarona, F|100\/100\n|cant|p2a: Warabimochi|frz\n|\n|upkeep\n|turn|16\n|inactive|prof minu has 270 seconds left.\n|\n|t:|1698789090\n|switch|p2a: DRAKE SUCKS|Ceruledge, F|100\/100\n|move|p1a: Hotline Bling|Quiver Dance|p1a: Hotline Bling\n|-boost|p1a: Hotline Bling|spa|1\n|-boost|p1a: Hotline Bling|spd|1\n|-boost|p1a: Hotline Bling|spe|1\n|\n|upkeep\n|turn|17\n|\n|t:|1698789114\n|move|p1a: Hotline Bling|Morning Sun|p1a: Hotline Bling\n|-fail|p1a: Hotline Bling|heal\n|move|p2a: DRAKE SUCKS|Poltergeist|p1a: Hotline Bling\n|-activate|p1a: Hotline Bling|move: Poltergeist|Heavy-Duty Boots\n|-damage|p1a: Hotline Bling|2\/100\n|\n|upkeep\n|turn|18\n|inactiveoff|Battle timer is now OFF.\n|\n|t:|1698789376\n|switch|p1a: 21 Savage|Greninja, M|100\/100\n|move|p2a: DRAKE SUCKS|Shadow Sneak|p1a: 21 Savage\n|-resisted|p1a: 21 Savage\n|-damage|p1a: 21 Savage|83\/100\n|\n|upkeep\n|turn|19\n|\n|t:|1698789384\n|switch|p2a: Warabimochi|Tinkaton, F, tera:Steel|76\/100 frz\n|-ability|p2a: Warabimochi|Mold Breaker\n|move|p1a: 21 Savage|Water Shuriken|p2a: Warabimochi\n|-damage|p2a: Warabimochi|69\/100 frz\n|-damage|p2a: Warabimochi|63\/100 frz\n|-damage|p2a: Warabimochi|57\/100 frz\n|-damage|p2a: Warabimochi|50\/100 frz\n|-hitcount|p2a: Warabimochi|4\n|\n|upkeep\n|turn|20\n|\n|t:|1698789397\n|-curestatus|p2a: Warabimochi|frz|[msg]\n|move|p2a: Warabimochi|Fake Out|p1a: 21 Savage\n|-damage|p1a: 21 Savage|67\/100\n|cant|p1a: 21 Savage|flinch\n|\n|upkeep\n|turn|21\n|\n|t:|1698789415\n|move|p1a: 21 Savage|Water Shuriken|p2a: Warabimochi\n|-damage|p2a: Warabimochi|44\/100\n|-damage|p2a: Warabimochi|38\/100\n|-damage|p2a: Warabimochi|32\/100\n|-hitcount|p2a: Warabimochi|3\n|move|p2a: Warabimochi|Play Rough|p1a: 21 Savage\n|-supereffective|p1a: 21 Savage\n|-damage|p1a: 21 Savage|0 fnt\n|faint|p1a: 21 Savage\n|\n|upkeep\n|\n|t:|1698789427\n|switch|p1a: Hotline Bling|Volcarona, F|2\/100\n|turn|22\n|\n|t:|1698789451\n|switch|p2a: Dango|Morpeko, F, shiny|100\/100\n|move|p1a: Hotline Bling|Fiery Dance|p2a: Dango\n|-damage|p2a: Dango|16\/100\n|\n|-formechange|p2a: Dango|Morpeko-Hangry||[from] ability: Hunger Switch\n|upkeep\n|turn|23\n|\n|t:|1698789473\n|move|p2a: Dango|Fake Out|p1a: Hotline Bling\n|-damage|p1a: Hotline Bling|0 fnt\n|faint|p1a: Hotline Bling\n|\n|-formechange|p2a: Dango|Morpeko||[from] ability: Hunger Switch\n|upkeep\n|\n|t:|1698789481\n|switch|p1a: Papi's Home|Raichu, M|100\/100\n|turn|24\n|\n|t:|1698789485\n|switch|p2a: Ube Sago|Clodsire, M, shiny|60\/100\n|move|p1a: Papi's Home|Surf|p2a: Ube Sago\n|-heal|p2a: Ube Sago|85\/100|[from] ability: Water Absorb|[of] p1a: Papi's Home\n|\n|-heal|p2a: Ube Sago|91\/100|[from] item: Black Sludge\n|upkeep\n|turn|25\n|\n|t:|1698789493\n|switch|p1a: For All The Apes|Annihilape, F, shiny|100\/100\n|move|p2a: Ube Sago|Gunk Shot|p1a: For All The Apes\n|-resisted|p1a: For All The Apes\n|-damage|p1a: For All The Apes|85\/100\n|-status|p1a: For All The Apes|psn\n|\n|-heal|p1a: For All The Apes|91\/100 psn|[from] item: Leftovers\n|-heal|p2a: Ube Sago|97\/100|[from] item: Black Sludge\n|-damage|p1a: For All The Apes|79\/100 psn|[from] psn\n|upkeep\n|turn|26\n|\n|t:|1698789519\n|move|p2a: Ube Sago|Protect|p2a: Ube Sago\n|-singleturn|p2a: Ube Sago|Protect\n|move|p1a: For All The Apes|Earthquake|p2a: Ube Sago\n|-activate|p2a: Ube Sago|move: Protect\n|\n|-heal|p1a: For All The Apes|85\/100 psn|[from] item: Leftovers\n|-heal|p2a: Ube Sago|100\/100|[from] item: Black Sludge\n|-damage|p1a: For All The Apes|73\/100 psn|[from] psn\n|upkeep\n|turn|27\n|\n|t:|1698789530\n|switch|p2a: Dango|Morpeko, F, shiny|16\/100\n|move|p1a: For All The Apes|Earthquake|p2a: Dango\n|-supereffective|p2a: Dango\n|-damage|p2a: Dango|0 fnt\n|faint|p2a: Dango\n|\n|-heal|p1a: For All The Apes|79\/100 psn|[from] item: Leftovers\n|-damage|p1a: For All The Apes|67\/100 psn|[from] psn\n|upkeep\n|\n|t:|1698789544\n|switch|p2a: DRAKE SUCKS|Ceruledge, F|100\/100\n|turn|28\n|\n|t:|1698789551\n|switch|p1a: Papi's Home|Raichu, M|100\/100\n|move|p2a: DRAKE SUCKS|Poltergeist|p1a: Papi's Home\n|-activate|p1a: Papi's Home|move: Poltergeist|Life Orb\n|-damage|p1a: Papi's Home|0 fnt\n|faint|p1a: Papi's Home\n|\n|upkeep\n|\n|t:|1698789565\n|switch|p1a: Take Care|Hatterene, F|47\/100\n|turn|29\n|\n|t:|1698789582\n|move|p2a: DRAKE SUCKS|Shadow Sneak|p1a: Take Care\n|-supereffective|p1a: Take Care\n|-damage|p1a: Take Care|9\/100\n|move|p1a: Take Care|Psychic|p2a: DRAKE SUCKS\n|-damage|p2a: DRAKE SUCKS|53\/100\n|\n|-heal|p1a: Take Care|15\/100|[from] item: Leftovers\n|upkeep\n|turn|30\n|\n|t:|1698789591\n|move|p2a: DRAKE SUCKS|Shadow Sneak|p1a: Take Care\n|-supereffective|p1a: Take Care\n|-damage|p1a: Take Care|0 fnt\n|faint|p1a: Take Care\n|\n|upkeep\n|\n|t:|1698789595\n|switch|p1a: For All The Apes|Annihilape, F, shiny|67\/100 psn\n|turn|31\n|\n|t:|1698789600\n|move|p2a: DRAKE SUCKS|Bitter Blade|p1a: For All The Apes\n|-damage|p1a: For All The Apes|21\/100 psn\n|-heal|p2a: DRAKE SUCKS|86\/100|[from] drain|[of] p1a: For All The Apes\n|move|p1a: For All The Apes|Rage Fist|p2a: DRAKE SUCKS\n|-supereffective|p2a: DRAKE SUCKS\n|-damage|p2a: DRAKE SUCKS|0 fnt\n|faint|p2a: DRAKE SUCKS\n|\n|-heal|p1a: For All The Apes|27\/100 psn|[from] item: Leftovers\n|-damage|p1a: For All The Apes|15\/100 psn|[from] psn\n|upkeep\n|\n|t:|1698789611\n|switch|p2a: Ube Sago|Clodsire, M, shiny|100\/100\n|turn|32\n|\n|t:|1698789616\n|move|p2a: Ube Sago|Protect|p2a: Ube Sago\n|-singleturn|p2a: Ube Sago|Protect\n|move|p1a: For All The Apes|Drain Punch|p2a: Ube Sago\n|-activate|p2a: Ube Sago|move: Protect\n|\n|-heal|p1a: For All The Apes|21\/100 psn|[from] item: Leftovers\n|-damage|p1a: For All The Apes|9\/100 psn|[from] psn\n|upkeep\n|turn|33\n|\n|t:|1698789633\n|move|p1a: For All The Apes|Earthquake|p2a: Ube Sago\n|-supereffective|p2a: Ube Sago\n|-damage|p2a: Ube Sago|43\/100\n|move|p2a: Ube Sago|Toxic||[still]\n|-fail|p2a: Ube Sago\n|\n|-heal|p1a: For All The Apes|15\/100 psn|[from] item: Leftovers\n|-heal|p2a: Ube Sago|49\/100|[from] item: Black Sludge\n|-damage|p1a: For All The Apes|2\/100 psn|[from] psn\n|upkeep\n|turn|34\n|\n|t:|1698789643\n|move|p2a: Ube Sago|Protect|p2a: Ube Sago\n|-singleturn|p2a: Ube Sago|Protect\n|move|p1a: For All The Apes|Earthquake|p2a: Ube Sago\n|-activate|p2a: Ube Sago|move: Protect\n|\n|-heal|p1a: For All The Apes|9\/100 psn|[from] item: Leftovers\n|-heal|p2a: Ube Sago|56\/100|[from] item: Black Sludge\n|-damage|p1a: For All The Apes|0 fnt|[from] psn\n|faint|p1a: For All The Apes\n|\n|win|prof minu\n|upkeep\n","uploadtime":1698789649,"views":21,"p1id":"flacko2nice","p2id":"profminu","formatid":"gen9anythinggoes","rating":0,"private":0,"password":""}