{"id":"gen9anythinggoes-1977786863","p1":"godnotagain5","p2":"KlawfLord","format":"[Gen 9] Anything Goes","log":"|j|\u2606godnotagain5\n|j|\u2606KlawfLord\n|t:|1698449508\n|gametype|singles\n|player|p1|godnotagain5|170|1139\n|player|p2|KlawfLord|backersf|1208\n|teamsize|p1|6\n|teamsize|p2|6\n|gen|9\n|tier|[Gen 9] Anything Goes\n|rated|\n|rule|HP Percentage Mod: HP is shown in percentages\n|rule|Endless Battle Clause: Forcing endless battles is banned\n|clearpoke\n|poke|p1|Skeledirge, M|\n|poke|p1|Garganacl, F|\n|poke|p1|Kilowattrel, F|\n|poke|p1|Flutter Mane|\n|poke|p1|Ogerpon-Hearthflame, F|\n|poke|p1|Great Tusk|\n|poke|p2|Grafaiai, F|\n|poke|p2|Flamigo, F|\n|poke|p2|Mimikyu, M|\n|poke|p2|Skeledirge, M|\n|poke|p2|Ribombee, F|\n|poke|p2|Crawdaunt, M|\n|teampreview\n|\n|t:|1698449514\n|start\n|switch|p1a: Kilowattrel|Kilowattrel, F|100\/100\n|switch|p2a: Ribombee|Ribombee, F, shiny|100\/100\n|turn|1\n|\n|t:|1698449525\n|move|p1a: Kilowattrel|Volt Switch|p2a: Ribombee\n|-damage|p2a: Ribombee|24\/100\n|\n|t:|1698449528\n|switch|p1a: Ogerpon|Ogerpon-Hearthflame, F|100\/100|[from] Volt Switch\n|-ability|p1a: Ogerpon|Mold Breaker\n|move|p2a: Ribombee|Sticky Web|p1a: Ogerpon\n|-sidestart|p1: godnotagain5|move: Sticky Web\n|\n|upkeep\n|turn|2\n|\n|t:|1698449542\n|move|p1a: Ogerpon|Swords Dance|p1a: Ogerpon\n|-boost|p1a: Ogerpon|atk|2\n|move|p2a: Ribombee|Moonblast|p1a: Ogerpon\n|-resisted|p1a: Ogerpon\n|-damage|p1a: Ogerpon|79\/100\n|\n|upkeep\n|turn|3\n|\n|t:|1698449553\n|move|p1a: Ogerpon|Trailblaze|p2a: Ribombee\n|-resisted|p2a: Ribombee\n|-damage|p2a: Ribombee|0 fnt\n|-boost|p1a: Ogerpon|spe|1\n|faint|p2a: Ribombee\n|\n|upkeep\n|\n|t:|1698449557\n|switch|p2a: Mimikyu|Mimikyu, M|100\/100\n|turn|4\n|\n|t:|1698449561\n|move|p1a: Ogerpon|Ivy Cudgel|p2a: Mimikyu\n|-crit|p2a: Mimikyu\n|-damage|p2a: Mimikyu|0 fnt\n|faint|p2a: Mimikyu\n|\n|upkeep\n|\n|t:|1698449567\n|switch|p2a: Grafaiai|Grafaiai, F|100\/100\n|turn|5\n|\n|t:|1698449572\n|move|p1a: Ogerpon|Ivy Cudgel|p2a: Grafaiai\n|-crit|p2a: Grafaiai\n|-enditem|p2a: Grafaiai|Focus Sash\n|-damage|p2a: Grafaiai|1\/100\n|move|p2a: Grafaiai|Swords Dance|p2a: Grafaiai\n|-boost|p2a: Grafaiai|atk|2\n|\n|upkeep\n|turn|6\n|\n|t:|1698449578\n|move|p2a: Grafaiai|Poison Jab|p1a: Ogerpon\n|-supereffective|p1a: Ogerpon\n|-damage|p1a: Ogerpon|0 fnt\n|faint|p1a: Ogerpon\n|\n|upkeep\n|\n|t:|1698449582\n|switch|p1a: Great Tusk|Great Tusk|100\/100\n|turn|7\n|\n|t:|1698449586\n|move|p2a: Grafaiai|Acrobatics|p1a: Great Tusk\n|-supereffective|p1a: Great Tusk\n|-damage|p1a: Great Tusk|7\/100\n|move|p1a: Great Tusk|Rapid Spin|p2a: Grafaiai\n|-damage|p2a: Grafaiai|0 fnt\n|-boost|p1a: Great Tusk|spe|1\n|-sideend|p1: godnotagain5|Sticky Web|[from] move: Rapid Spin|[of] p1a: Great Tusk\n|faint|p2a: Grafaiai\n|\n|upkeep\n|\n|t:|1698449593\n|switch|p2a: Flamigo|Flamigo, F|100\/100\n|turn|8\n|\n|t:|1698449597\n|move|p2a: Flamigo|Close Combat|p1a: Great Tusk\n|-damage|p1a: Great Tusk|0 fnt\n|-unboost|p2a: Flamigo|def|1\n|-unboost|p2a: Flamigo|spd|1\n|faint|p1a: Great Tusk\n|-end|p1a: Great Tusk|Protosynthesis|[silent]\n|\n|upkeep\n|\n|t:|1698449600\n|switch|p1a: Kilowattrel|Kilowattrel, F|100\/100\n|turn|9\n|\n|t:|1698449604\n|switch|p2a: Skeledirge|Skeledirge, M|100\/100\n|move|p1a: Kilowattrel|Thunderbolt|p2a: Skeledirge\n|-damage|p2a: Skeledirge|20\/100\n|\n|upkeep\n|turn|10\n|\n|t:|1698449608\n|move|p1a: Kilowattrel|Thunderbolt|p2a: Skeledirge\n|-damage|p2a: Skeledirge|0 fnt\n|faint|p2a: Skeledirge\n|\n|upkeep\n|\n|t:|1698449611\n|switch|p2a: Flamigo|Flamigo, F|100\/100\n|turn|11\n|\n|t:|1698449620\n|-terastallize|p2a: Flamigo|Fire\n|move|p2a: Flamigo|Close Combat|p1a: Kilowattrel\n|-resisted|p1a: Kilowattrel\n|-damage|p1a: Kilowattrel|48\/100\n|-unboost|p2a: Flamigo|def|1\n|-unboost|p2a: Flamigo|spd|1\n|move|p1a: Kilowattrel|Thunderbolt|p2a: Flamigo\n|-crit|p2a: Flamigo\n|-damage|p2a: Flamigo|0 fnt\n|faint|p2a: Flamigo\n|\n|upkeep\n|\n|t:|1698449622\n|switch|p2a: Crawdaunt|Crawdaunt, M|100\/100\n|turn|12\n|\n|t:|1698449630\n|move|p2a: Crawdaunt|Aqua Jet|p1a: Kilowattrel\n|-damage|p1a: Kilowattrel|0 fnt\n|faint|p1a: Kilowattrel\n|\n|upkeep\n|\n|t:|1698449634\n|switch|p1a: Flutter Mane|Flutter Mane|100\/100\n|-enditem|p1a: Flutter Mane|Booster Energy\n|-activate|p1a: Flutter Mane|ability: Protosynthesis|[fromitem]\n|-start|p1a: Flutter Mane|protosynthesisspe\n|turn|13\n|\n|t:|1698449637\n|move|p2a: Crawdaunt|Aqua Jet|p1a: Flutter Mane\n|-damage|p1a: Flutter Mane|12\/100\n|move|p1a: Flutter Mane|Moonblast|p2a: Crawdaunt\n|-supereffective|p2a: Crawdaunt\n|-damage|p2a: Crawdaunt|0 fnt\n|faint|p2a: Crawdaunt\n|\n|win|godnotagain5\n|raw|godnotagain5's rating: 1139 &rarr; <strong>1169<\/strong><br \/>(+30 for winning)\n|raw|KlawfLord's rating: 1208 &rarr; <strong>1178<\/strong><br \/>(-30 for losing)\n|l|\u2606KlawfLord\n","uploadtime":1698449647,"views":6,"p1id":"godnotagain5","p2id":"klawflord","formatid":"gen9anythinggoes","rating":1169,"private":0,"password":""}