{"id":"gen9anythinggoes-1978155524","p1":"Kamitami","p2":"skulldr","format":"[Gen 9] Anything Goes","log":"|j|\u2606Kamitami\n|j|\u2606skulldr\n|t:|1698506053\n|gametype|singles\n|player|p1|Kamitami|steven|1643\n|player|p2|skulldr|veteran-gen4|1513\n|teamsize|p1|6\n|teamsize|p2|6\n|gen|9\n|tier|[Gen 9] Anything Goes\n|rated|\n|rule|HP Percentage Mod: HP is shown in percentages\n|rule|Endless Battle Clause: Forcing endless battles is banned\n|clearpoke\n|poke|p1|Amoonguss, M|\n|poke|p1|Grimmsnarl, M|\n|poke|p1|Ditto|\n|poke|p1|Glalie, M|\n|poke|p1|Scovillain, M|\n|poke|p1|Miraidon|\n|poke|p2|Koraidon|\n|poke|p2|Arceus|\n|poke|p2|Skeledirge, F|\n|poke|p2|Groudon|\n|poke|p2|Dragapult, M|\n|poke|p2|Ditto|\n|teampreview\n|inactive|Battle timer is ON: inactive players will automatically lose when time's up. (requested by skulldr)\n|\n|t:|1698506072\n|start\n|switch|p1a: Grimmsnarl|Grimmsnarl, M|100\/100\n|switch|p2a: Groudon|Groudon|100\/100\n|-weather|SunnyDay|[from] ability: Drought|[of] p2a: Groudon\n|turn|1\n|\n|t:|1698506079\n|move|p1a: Grimmsnarl|Reflect|p1a: Grimmsnarl\n|-sidestart|p1: Kamitami|Reflect\n|move|p2a: Groudon|Precipice Blades|p1a: Grimmsnarl\n|-damage|p1a: Grimmsnarl|66\/100\n|\n|-weather|SunnyDay|[upkeep]\n|upkeep\n|turn|2\n|\n|t:|1698506087\n|move|p1a: Grimmsnarl|Light Screen|p1a: Grimmsnarl\n|-sidestart|p1: Kamitami|move: Light Screen\n|move|p2a: Groudon|Stealth Rock|p1a: Grimmsnarl\n|-sidestart|p1: Kamitami|move: Stealth Rock\n|\n|-weather|SunnyDay|[upkeep]\n|upkeep\n|turn|3\n|\n|t:|1698506092\n|move|p1a: Grimmsnarl|Parting Shot|p2a: Groudon\n|-unboost|p2a: Groudon|atk|1\n|-unboost|p2a: Groudon|spa|1\n|\n|t:|1698506095\n|switch|p1a: Amoonguss|Amoonguss, M|100\/100|[from] Parting Shot\n|-damage|p1a: Amoonguss|88\/100|[from] Stealth Rock\n|move|p2a: Groudon|Precipice Blades|p1a: Amoonguss\n|-damage|p1a: Amoonguss|65\/100\n|\n|-weather|SunnyDay|[upkeep]\n|-heal|p1a: Amoonguss|71\/100|[from] item: Black Sludge\n|upkeep\n|turn|4\n|\n|t:|1698506106\n|move|p2a: Groudon|Precipice Blades|p1a: Amoonguss\n|-damage|p1a: Amoonguss|49\/100\n|move|p1a: Amoonguss|Toxic|p2a: Groudon\n|-status|p2a: Groudon|tox\n|\n|-weather|SunnyDay|[upkeep]\n|-heal|p1a: Amoonguss|55\/100|[from] item: Black Sludge\n|-damage|p2a: Groudon|94\/100 tox|[from] psn\n|upkeep\n|turn|5\n|\n|t:|1698506116\n|switch|p2a: Skeledirge|Skeledirge, F|100\/100\n|move|p1a: Amoonguss|Giga Drain|p2a: Skeledirge\n|-resisted|p2a: Skeledirge\n|-damage|p2a: Skeledirge|88\/100\n|-heal|p1a: Amoonguss|63\/100|[from] drain|[of] p2a: Skeledirge\n|\n|-weather|none\n|-heal|p2a: Skeledirge|94\/100|[from] item: Leftovers\n|-heal|p1a: Amoonguss|69\/100|[from] item: Black Sludge\n|upkeep\n|turn|6\n|\n|t:|1698506127\n|move|p2a: Skeledirge|Torch Song|p1a: Amoonguss\n|-supereffective|p1a: Amoonguss\n|-damage|p1a: Amoonguss|48\/100\n|-boost|p2a: Skeledirge|spa|1\n|move|p1a: Amoonguss|Toxic|p2a: Skeledirge\n|-status|p2a: Skeledirge|tox\n|\n|-heal|p2a: Skeledirge|99\/100 tox|[from] item: Leftovers\n|-heal|p1a: Amoonguss|54\/100|[from] item: Black Sludge\n|-damage|p2a: Skeledirge|94\/100 tox|[from] psn\n|upkeep\n|turn|7\n|\n|t:|1698506139\n|move|p1a: Amoonguss|Protect|p1a: Amoonguss\n|-singleturn|p1a: Amoonguss|Protect\n|move|p2a: Skeledirge|Torch Song|p1a: Amoonguss\n|-activate|p1a: Amoonguss|move: Protect\n|\n|-heal|p2a: Skeledirge|99\/100 tox|[from] item: Leftovers\n|-heal|p1a: Amoonguss|60\/100|[from] item: Black Sludge\n|-damage|p2a: Skeledirge|88\/100 tox|[from] psn\n|upkeep\n|turn|8\n|\n|t:|1698506151\n|move|p2a: Skeledirge|Torch Song|p1a: Amoonguss\n|-supereffective|p1a: Amoonguss\n|-damage|p1a: Amoonguss|23\/100\n|-boost|p2a: Skeledirge|spa|1\n|move|p1a: Amoonguss|Clear Smog|p2a: Skeledirge\n|-resisted|p2a: Skeledirge\n|-damage|p2a: Skeledirge|80\/100 tox\n|-clearboost|p2a: Skeledirge\n|\n|-heal|p2a: Skeledirge|86\/100 tox|[from] item: Leftovers\n|-heal|p1a: Amoonguss|29\/100|[from] item: Black Sludge\n|-damage|p2a: Skeledirge|68\/100 tox|[from] psn\n|-sideend|p1: Kamitami|Reflect\n|upkeep\n|turn|9\n|\n|t:|1698506166\n|switch|p2a: Dragapult|Dragapult, M|100\/100\n|switch|p1a: Grimmsnarl|Grimmsnarl, M|66\/100\n|-damage|p1a: Grimmsnarl|54\/100|[from] Stealth Rock\n|\n|-sideend|p1: Kamitami|move: Light Screen\n|upkeep\n|turn|10\n|\n|t:|1698506175\n|move|p1a: Grimmsnarl|Reflect|p1a: Grimmsnarl\n|-sidestart|p1: Kamitami|Reflect\n|move|p2a: Dragapult|Phantom Force||[still]\n|-prepare|p2a: Dragapult|Phantom Force\n|\n|upkeep\n|turn|11\n|\n|t:|1698506180\n|move|p2a: Dragapult|Phantom Force|p1a: Grimmsnarl|[from]lockedmove\n|-resisted|p1a: Grimmsnarl\n|-damage|p1a: Grimmsnarl|21\/100\n|-damage|p2a: Dragapult|91\/100|[from] item: Life Orb\n|move|p1a: Grimmsnarl|Spirit Break|p2a: Dragapult\n|-supereffective|p2a: Dragapult\n|-damage|p2a: Dragapult|8\/100\n|-unboost|p2a: Dragapult|spa|1\n|\n|upkeep\n|turn|12\n|\n|t:|1698506190\n|move|p1a: Grimmsnarl|Light Screen|p1a: Grimmsnarl\n|-sidestart|p1: Kamitami|move: Light Screen\n|move|p2a: Dragapult|Phantom Force||[still]\n|-prepare|p2a: Dragapult|Phantom Force\n|\n|upkeep\n|turn|13\n|\n|t:|1698506197\n|move|p2a: Dragapult|Phantom Force|p1a: Grimmsnarl|[from]lockedmove\n|-resisted|p1a: Grimmsnarl\n|-damage|p1a: Grimmsnarl|0 fnt\n|faint|p1a: Grimmsnarl\n|-damage|p2a: Dragapult|0 fnt|[from] item: Life Orb\n|faint|p2a: Dragapult\n|\n|upkeep\n|\n|t:|1698506206\n|switch|p2a: Arceus|Arceus|100\/100\n|switch|p1a: Ditto|Ditto|100\/100\n|-damage|p1a: Ditto|88\/100|[from] Stealth Rock\n|-transform|p1a: Ditto|p2a: Arceus|[from] ability: Imposter\n|turn|14\n|\n|t:|1698506214\n|move|p2a: Arceus|Will-O-Wisp|p1a: Ditto\n|-status|p1a: Ditto|brn\n|move|p1a: Ditto|Will-O-Wisp|p2a: Arceus\n|-status|p2a: Arceus|brn\n|\n|-heal|p1a: Ditto|94\/100 brn|[from] item: Leftovers\n|-damage|p1a: Ditto|88\/100 brn|[from] brn\n|-damage|p2a: Arceus|94\/100 brn|[from] brn\n|upkeep\n|turn|15\n|\n|t:|1698506228\n|switch|p1a: Scovillain|Scovillain, M|100\/100\n|-damage|p1a: Scovillain|75\/100|[from] Stealth Rock\n|switch|p2a: Groudon|Groudon|94\/100 tox\n|-weather|SunnyDay|[from] ability: Drought|[of] p2a: Groudon\n|\n|-weather|SunnyDay|[upkeep]\n|-heal|p1a: Scovillain|82\/100|[from] item: Leftovers\n|-heal|p2a: Groudon|100\/100 tox|[from] item: Leftovers\n|-damage|p2a: Groudon|94\/100 tox|[from] psn\n|-ability|p1a: Scovillain|Moody|boost\n|-boost|p1a: Scovillain|atk|2\n|-unboost|p1a: Scovillain|spe|1\n|upkeep\n|turn|16\n|\n|t:|1698506247\n|move|p1a: Scovillain|Protect|p1a: Scovillain\n|-singleturn|p1a: Scovillain|Protect\n|move|p2a: Groudon|Precipice Blades|p1a: Scovillain\n|-activate|p1a: Scovillain|move: Protect\n|\n|-weather|SunnyDay|[upkeep]\n|-heal|p2a: Groudon|100\/100 tox|[from] item: Leftovers\n|-heal|p1a: Scovillain|88\/100|[from] item: Leftovers\n|-damage|p2a: Groudon|88\/100 tox|[from] psn\n|-ability|p1a: Scovillain|Moody|boost\n|-boost|p1a: Scovillain|spe|2\n|-unboost|p1a: Scovillain|def|1\n|upkeep\n|turn|17\n|\n|t:|1698506260\n|move|p1a: Scovillain|Substitute|p1a: Scovillain\n|-start|p1a: Scovillain|Substitute\n|-damage|p1a: Scovillain|63\/100\n|move|p2a: Groudon|Precipice Blades|p1a: Scovillain\n|-end|p1a: Scovillain|Substitute\n|\n|-weather|SunnyDay|[upkeep]\n|-heal|p1a: Scovillain|69\/100|[from] item: Leftovers\n|-heal|p2a: Groudon|94\/100 tox|[from] item: Leftovers\n|-damage|p2a: Groudon|76\/100 tox|[from] psn\n|-sideend|p1: Kamitami|Reflect\n|-ability|p1a: Scovillain|Moody|boost\n|-boost|p1a: Scovillain|spd|2\n|-unboost|p1a: Scovillain|spa|1\n|upkeep\n|turn|18\n|\n|t:|1698506275\n|move|p1a: Scovillain|Protect|p1a: Scovillain\n|-singleturn|p1a: Scovillain|Protect\n|move|p2a: Groudon|Precipice Blades|p1a: Scovillain\n|-activate|p1a: Scovillain|move: Protect\n|\n|-weather|SunnyDay|[upkeep]\n|-heal|p1a: Scovillain|75\/100|[from] item: Leftovers\n|-heal|p2a: Groudon|82\/100 tox|[from] item: Leftovers\n|-damage|p2a: Groudon|57\/100 tox|[from] psn\n|-ability|p1a: Scovillain|Moody|boost\n|-boost|p1a: Scovillain|def|2\n|-unboost|p1a: Scovillain|spa|1\n|upkeep\n|turn|19\n|\n|t:|1698506288\n|switch|p2a: Skeledirge|Skeledirge, F|68\/100 tox\n|move|p1a: Scovillain|Substitute|p1a: Scovillain\n|-start|p1a: Scovillain|Substitute\n|-damage|p1a: Scovillain|50\/100\n|\n|-weather|none\n|-heal|p1a: Scovillain|57\/100|[from] item: Leftovers\n|-heal|p2a: Skeledirge|74\/100 tox|[from] item: Leftovers\n|-damage|p2a: Skeledirge|68\/100 tox|[from] psn\n|-sideend|p1: Kamitami|move: Light Screen\n|-ability|p1a: Scovillain|Moody|boost\n|-boost|p1a: Scovillain|spe|2\n|-unboost|p1a: Scovillain|atk|1\n|upkeep\n|turn|20\n|\n|t:|1698506302\n|move|p1a: Scovillain|Protect|p1a: Scovillain\n|-singleturn|p1a: Scovillain|Protect\n|move|p2a: Skeledirge|Torch Song|p1a: Scovillain\n|-activate|p1a: Scovillain|move: Protect\n|\n|-heal|p1a: Scovillain|63\/100|[from] item: Leftovers\n|-heal|p2a: Skeledirge|74\/100 tox|[from] item: Leftovers\n|-damage|p2a: Skeledirge|62\/100 tox|[from] psn\n|-ability|p1a: Scovillain|Moody|boost\n|-boost|p1a: Scovillain|def|2\n|-unboost|p1a: Scovillain|spd|1\n|upkeep\n|turn|21\n|\n|t:|1698506316\n|-terastallize|p1a: Scovillain|Fire\n|move|p1a: Scovillain|Flamethrower|p2a: Skeledirge\n|-resisted|p2a: Skeledirge\n|-damage|p2a: Skeledirge|34\/100 tox\n|move|p2a: Skeledirge|Torch Song|p1a: Scovillain\n|-resisted|p1a: Scovillain\n|-damage|p1a: Scovillain|34\/100\n|-boost|p2a: Skeledirge|spa|1\n|\n|-heal|p1a: Scovillain|40\/100|[from] item: Leftovers\n|-heal|p2a: Skeledirge|40\/100 tox|[from] item: Leftovers\n|-damage|p2a: Skeledirge|22\/100 tox|[from] psn\n|-ability|p1a: Scovillain|Moody|boost\n|-boost|p1a: Scovillain|spa|2\n|-unboost|p1a: Scovillain|atk|1\n|upkeep\n|turn|22\n|\n|t:|1698506335\n|move|p1a: Scovillain|Protect|p1a: Scovillain\n|-singleturn|p1a: Scovillain|Protect\n|move|p2a: Skeledirge|Slack Off|p2a: Skeledirge\n|-heal|p2a: Skeledirge|72\/100 tox\n|\n|-heal|p1a: Scovillain|46\/100|[from] item: Leftovers\n|-heal|p2a: Skeledirge|78\/100 tox|[from] item: Leftovers\n|-damage|p2a: Skeledirge|54\/100 tox|[from] psn\n|-ability|p1a: Scovillain|Moody|boost\n|-boost|p1a: Scovillain|def|2\n|-unboost|p1a: Scovillain|atk|1\n|upkeep\n|turn|23\n|-message|skulldr forfeited.\n|\n|win|Kamitami\n|raw|Kamitami's rating: 1643 &rarr; <strong>1656<\/strong><br \/>(+13 for winning)\n|raw|skulldr's rating: 1513 &rarr; <strong>1500<\/strong><br \/>(-13 for losing)\n|l|\u2606skulldr\n|l|\u2606Kamitami\n","uploadtime":1698506368,"views":8,"p1id":"kamitami","p2id":"skulldr","formatid":"gen9anythinggoes","rating":1500,"private":0,"password":""}