{"id":"gen9anythinggoes-1977779972","p1":"Flacko2nice","p2":"artanjules","format":"[Gen 9] Anything Goes","log":"|j|\u2606Flacko2nice\n|j|\u2606artanjules\n|t:|1698448680\n|gametype|singles\n|player|p1|Flacko2nice|hoopster|\n|player|p2|artanjules|2|\n|teamsize|p1|6\n|teamsize|p2|6\n|gen|9\n|tier|[Gen 9] Anything Goes\n|rule|HP Percentage Mod: HP is shown in percentages\n|rule|Endless Battle Clause: Forcing endless battles is banned\n|clearpoke\n|poke|p1|Annihilape, M|\n|poke|p1|Hatterene, F|\n|poke|p1|Raichu, M|\n|poke|p1|Grimmsnarl, M|\n|poke|p1|Volcarona, M|\n|poke|p1|Greninja-*, M|\n|poke|p2|Electrode-Hisui|\n|poke|p2|Moltres-Galar|\n|poke|p2|Sylveon, F|\n|poke|p2|Dragalge, F|\n|poke|p2|Gholdengo|\n|poke|p2|Gligar, M|\n|teampreview\n|j| caligulahar\n|\n|t:|1698448708\n|start\n|switch|p1a: Pain 1993|Grimmsnarl, M, shiny|100\/100\n|switch|p2a: Baby|Electrode-Hisui|100\/100\n|turn|1\n|\n|t:|1698448753\n|move|p1a: Pain 1993|Parting Shot|p2a: Baby\n|-unboost|p2a: Baby|atk|1\n|-unboost|p2a: Baby|spa|1\n|\n|t:|1698448757\n|switch|p1a: 21 Savage|Greninja, M|100\/100|[from] Parting Shot\n|move|p2a: Baby|Taunt|p1a: 21 Savage\n|-start|p1a: 21 Savage|move: Taunt\n|\n|upkeep\n|turn|2\n|\n|t:|1698448774\n|-terastallize|p2a: Baby|Electric\n|move|p1a: 21 Savage|Ice Beam|p2a: Baby\n|-damage|p2a: Baby|58\/100\n|move|p2a: Baby|Thunderbolt|p1a: 21 Savage\n|-supereffective|p1a: 21 Savage\n|-damage|p1a: 21 Savage|12\/100\n|\n|upkeep\n|turn|3\n|\n|t:|1698448816\n|switch|p1a: Hotline Bling|Volcarona, M|100\/100\n|move|p2a: Baby|Volt Switch|p1a: Hotline Bling\n|-damage|p1a: Hotline Bling|74\/100\n|\n|t:|1698448853\n|switch|p2a: Poltergeist|Dragalge, F|100\/100|[from] Volt Switch\n|\n|upkeep\n|turn|4\n|inactive|Battle timer is ON: inactive players will automatically lose when time's up. (requested by Flacko2nice)\n|inactive|Flacko2nice has 270 seconds left.\n|\n|t:|1698448888\n|switch|p1a: Take Care|Hatterene, F|100\/100\n|move|p2a: Poltergeist|Draco Meteor|p1a: Take Care\n|-immune|p1a: Take Care\n|\n|upkeep\n|turn|5\n|\n|t:|1698448908\n|move|p2a: Poltergeist|Toxic Spikes|p1a: Take Care\n|move|p1a: Take Care|Toxic Spikes|p2a: Poltergeist|[from]ability: Magic Bounce\n|-sidestart|p2: artanjules|move: Toxic Spikes\n|move|p1a: Take Care|Calm Mind|p1a: Take Care\n|-boost|p1a: Take Care|spa|1\n|-boost|p1a: Take Care|spd|1\n|\n|upkeep\n|turn|6\n|\n|t:|1698448918\n|move|p2a: Poltergeist|Haze|p2a: Poltergeist\n|-clearallboost\n|move|p1a: Take Care|Calm Mind|p1a: Take Care\n|-boost|p1a: Take Care|spa|1\n|-boost|p1a: Take Care|spd|1\n|\n|upkeep\n|turn|7\n|\n|t:|1698448925\n|move|p2a: Poltergeist|Haze|p2a: Poltergeist\n|-clearallboost\n|move|p1a: Take Care|Psychic|p2a: Poltergeist\n|-supereffective|p2a: Poltergeist\n|-damage|p2a: Poltergeist|32\/100\n|-unboost|p2a: Poltergeist|spd|1\n|\n|-heal|p2a: Poltergeist|38\/100|[from] item: Leftovers\n|upkeep\n|turn|8\n|\n|t:|1698448939\n|switch|p2a: Stronghold|Moltres-Galar|100\/100\n|move|p1a: Take Care|Calm Mind|p1a: Take Care\n|-boost|p1a: Take Care|spa|1\n|-boost|p1a: Take Care|spd|1\n|\n|upkeep\n|turn|9\n|inactive|Flacko2nice has 270 seconds left.\n|\n|t:|1698448991\n|move|p2a: Stronghold|Fiery Wrath|p1a: Take Care\n|-damage|p1a: Take Care|70\/100\n|move|p1a: Take Care|Baton Pass|p1a: Take Care\n|\n|t:|1698449000\n|switch|p1a: Papi's Home|Raichu, M|100\/100|[from] Baton Pass\n|\n|upkeep\n|turn|10\n|inactive|Flacko2nice has 240 seconds left.\n|inactive|artanjules has 270 seconds left.\n|\n|t:|1698449032\n|switch|p2a: Electronics|Gligar, M|100\/100\n|move|p1a: Papi's Home|Volt Switch|p2a: Electronics\n|-immune|p2a: Electronics\n|\n|upkeep\n|turn|11\n|inactive|Flacko2nice has 240 seconds left.\n|inactive|artanjules has 270 seconds left.\n|\n|t:|1698449055\n|move|p1a: Papi's Home|Surf|p2a: Electronics\n|-supereffective|p2a: Electronics\n|-damage|p2a: Electronics|11\/100\n|-damage|p1a: Papi's Home|91\/100|[from] item: Life Orb\n|move|p2a: Electronics|Stealth Rock|p1a: Papi's Home\n|-sidestart|p1: Flacko2nice|move: Stealth Rock\n|\n|upkeep\n|turn|12\n|inactive|artanjules has 270 seconds left.\n|\n|t:|1698449069\n|switch|p2a: Baby|Electrode-Hisui, tera:Electric|58\/100\n|move|p1a: Papi's Home|Surf|p2a: Baby\n|-damage|p2a: Baby|0 fnt\n|faint|p2a: Baby\n|-damage|p1a: Papi's Home|81\/100|[from] item: Life Orb\n|\n|upkeep\n|inactive|artanjules has 270 seconds left.\n|\n|t:|1698449079\n|switch|p2a: Pencil|Sylveon, F|100\/100\n|-status|p2a: Pencil|psn\n|turn|13\n|inactive|Flacko2nice has 240 seconds left.\n|inactive|artanjules has 270 seconds left.\n|\n|t:|1698449099\n|move|p1a: Papi's Home|Volt Switch|p2a: Pencil\n|-damage|p2a: Pencil|54\/100 psn\n|-damage|p1a: Papi's Home|71\/100|[from] item: Life Orb\n|\n|t:|1698449109\n|switch|p1a: Hotline Bling|Volcarona, M|74\/100|[from] Volt Switch\n|move|p2a: Pencil|Hyper Voice|p1a: Hotline Bling\n|-resisted|p1a: Hotline Bling\n|-damage|p1a: Hotline Bling|48\/100\n|-enditem|p2a: Pencil|Throat Spray\n|-boost|p2a: Pencil|spa|1|[from] item: Throat Spray\n|\n|-damage|p2a: Pencil|42\/100 psn|[from] psn\n|upkeep\n|turn|14\n|inactive|artanjules has 270 seconds left.\n|\n|t:|1698449125\n|switch|p2a: Stronghold|Moltres-Galar|100\/100\n|move|p1a: Hotline Bling|Morning Sun|p1a: Hotline Bling\n|-heal|p1a: Hotline Bling|98\/100\n|\n|upkeep\n|turn|15\n|inactive|artanjules has 270 seconds left.\n|inactive|Flacko2nice has 210 seconds left.\n|\n|t:|1698449165\n|switch|p1a: Take Care|Hatterene, F|70\/100\n|-damage|p1a: Take Care|58\/100|[from] Stealth Rock\n|move|p2a: Stronghold|Agility|p2a: Stronghold\n|-boost|p2a: Stronghold|spe|2\n|\n|-heal|p1a: Take Care|64\/100|[from] item: Leftovers\n|upkeep\n|turn|16\n|inactive|artanjules has 270 seconds left.\n|\n|t:|1698449184\n|move|p2a: Stronghold|Fiery Wrath|p1a: Take Care\n|-damage|p1a: Take Care|17\/100\n|move|p1a: Take Care|Dazzling Gleam|p2a: Stronghold\n|-supereffective|p2a: Stronghold\n|-damage|p2a: Stronghold|29\/100\n|-ability|p2a: Stronghold|Berserk|boost\n|-boost|p2a: Stronghold|spa|1\n|\n|-heal|p1a: Take Care|23\/100|[from] item: Leftovers\n|upkeep\n|turn|17\n|inactive|artanjules has 270 seconds left.\n|inactive|Flacko2nice has 180 seconds left.\n|\n|t:|1698449233\n|move|p2a: Stronghold|Fiery Wrath|p1a: Take Care\n|-damage|p1a: Take Care|0 fnt\n|faint|p1a: Take Care\n|\n|upkeep\n|inactive|Flacko2nice has 150 seconds left.\n|\n|t:|1698449261\n|switch|p1a: Pain 1993|Grimmsnarl, M, shiny|100\/100\n|-damage|p1a: Pain 1993|88\/100|[from] Stealth Rock\n|turn|18\n|\n|t:|1698449281\n|move|p1a: Pain 1993|Light Screen|p1a: Pain 1993\n|-sidestart|p1: Flacko2nice|move: Light Screen\n|move|p2a: Stronghold|Hurricane|p1a: Pain 1993\n|-damage|p1a: Pain 1993|59\/100\n|\n|upkeep\n|turn|19\n|\n|t:|1698449288\n|move|p2a: Stronghold|Hurricane|p1a: Pain 1993\n|-damage|p1a: Pain 1993|28\/100\n|move|p1a: Pain 1993|Play Rough|p2a: Stronghold|[miss]\n|-miss|p1a: Pain 1993|p2a: Stronghold\n|\n|upkeep\n|turn|20\n|\n|t:|1698449301\n|move|p2a: Stronghold|Hurricane|p1a: Pain 1993|[miss]\n|-miss|p2a: Stronghold|p1a: Pain 1993\n|move|p1a: Pain 1993|Play Rough|p2a: Stronghold\n|-supereffective|p2a: Stronghold\n|-damage|p2a: Stronghold|0 fnt\n|faint|p2a: Stronghold\n|\n|upkeep\n|\n|t:|1698449314\n|switch|p2a: Poltergeist|Dragalge, F|38\/100\n|-sideend|p2: artanjules|move: Toxic Spikes|[of] p2a: Poltergeist\n|turn|21\n|\n|t:|1698449336\n|move|p1a: Pain 1993|Parting Shot|p2a: Poltergeist\n|-unboost|p2a: Poltergeist|atk|1\n|-unboost|p2a: Poltergeist|spa|1\n|inactive|Flacko2nice has 120 seconds left.\n|\n|t:|1698449370\n|switch|p1a: Papi's Home|Raichu, M|71\/100|[from] Parting Shot\n|-damage|p1a: Papi's Home|59\/100|[from] Stealth Rock\n|move|p2a: Poltergeist|Toxic Spikes|p1a: Papi's Home\n|-sidestart|p1: Flacko2nice|move: Toxic Spikes\n|\n|-heal|p2a: Poltergeist|44\/100|[from] item: Leftovers\n|upkeep\n|turn|22\n|\n|t:|1698449383\n|switch|p1a: 21 Savage|Greninja, M|12\/100\n|-damage|p1a: 21 Savage|0 fnt|[from] Stealth Rock\n|faint|p1a: 21 Savage\n|move|p2a: Poltergeist|Flip Turn|p1: 21 Savage|[notarget]\n|-fail|p2a: Poltergeist\n|\n|-heal|p2a: Poltergeist|50\/100|[from] item: Leftovers\n|upkeep\n|\n|t:|1698449391\n|switch|p1a: Hotline Bling|Volcarona, M|98\/100\n|turn|23\n|\n|t:|1698449408\n|move|p1a: Hotline Bling|Quiver Dance|p1a: Hotline Bling\n|-boost|p1a: Hotline Bling|spa|1\n|-boost|p1a: Hotline Bling|spd|1\n|-boost|p1a: Hotline Bling|spe|1\n|move|p2a: Poltergeist|Flip Turn|p1a: Hotline Bling\n|-supereffective|p1a: Hotline Bling\n|-damage|p1a: Hotline Bling|75\/100\n|\n|t:|1698449423\n|switch|p2a: Volleyball|Gholdengo|100\/100|[from] Flip Turn\n|\n|upkeep\n|turn|24\n|\n|t:|1698449441\n|move|p1a: Hotline Bling|Fiery Dance|p2a: Volleyball\n|-supereffective|p2a: Volleyball\n|-damage|p2a: Volleyball|0 fnt\n|-boost|p1a: Hotline Bling|spa|1\n|faint|p2a: Volleyball\n|\n|upkeep\n|\n|t:|1698449447\n|switch|p2a: Electronics|Gligar, M|11\/100\n|turn|25\n|inactive|Flacko2nice has 120 seconds left.\n|\n|t:|1698449474\n|move|p1a: Hotline Bling|Fiery Dance|p2a: Electronics\n|-damage|p2a: Electronics|0 fnt\n|-boost|p1a: Hotline Bling|spa|1\n|faint|p2a: Electronics\n|\n|-sideend|p1: Flacko2nice|move: Light Screen\n|upkeep\n|\n|t:|1698449480\n|switch|p2a: Poltergeist|Dragalge, F|50\/100\n|turn|26\n|\n|t:|1698449483\n|move|p1a: Hotline Bling|Fiery Dance|p2a: Poltergeist\n|-resisted|p2a: Poltergeist\n|-damage|p2a: Poltergeist|8\/100\n|-boost|p1a: Hotline Bling|spa|1\n|move|p2a: Poltergeist|Flip Turn|p1a: Hotline Bling\n|-supereffective|p1a: Hotline Bling\n|-damage|p1a: Hotline Bling|43\/100\n|\n|t:|1698449493\n|switch|p2a: Pencil|Sylveon, F|42\/100 psn|[from] Flip Turn\n|\n|-damage|p2a: Pencil|30\/100 psn|[from] psn\n|upkeep\n|turn|27\n|\n|t:|1698449499\n|move|p2a: Pencil|Protect|p2a: Pencil\n|-singleturn|p2a: Pencil|Protect\n|move|p1a: Hotline Bling|Fiery Dance|p2a: Pencil\n|-activate|p2a: Pencil|move: Protect\n|\n|-damage|p2a: Pencil|17\/100 psn|[from] psn\n|upkeep\n|turn|28\n|\n|t:|1698449506\n|move|p1a: Hotline Bling|Fiery Dance|p2a: Pencil\n|-damage|p2a: Pencil|0 fnt\n|faint|p2a: Pencil\n|\n|upkeep\n|\n|t:|1698449510\n|switch|p2a: Poltergeist|Dragalge, F|8\/100\n|turn|29\n|\n|t:|1698449515\n|move|p1a: Hotline Bling|Bug Buzz|p2a: Poltergeist\n|-resisted|p2a: Poltergeist\n|-damage|p2a: Poltergeist|0 fnt\n|faint|p2a: Poltergeist\n|\n|win|Flacko2nice\n|l|\u2606artanjules\n|l| caligulahar\n","uploadtime":1698450389,"views":11,"p1id":"flacko2nice","p2id":"artanjules","formatid":"gen9anythinggoes","rating":0,"private":0,"password":""}