{"id":"gen9anythinggoes-1980057447","p1":"Glaceran","p2":"jojo5394","format":"[Gen 9] Anything Goes","log":"|j|\u2606Glaceran\n|j|\u203djojo5394\n|t:|1698752557\n|gametype|singles\n|player|p1|Glaceran|wally-gen3|1464\n|player|p2|jojo5394|1|1626\n|teamsize|p1|6\n|teamsize|p2|6\n|gen|9\n|tier|[Gen 9] Anything Goes\n|rated|\n|rule|HP Percentage Mod: HP is shown in percentages\n|rule|Endless Battle Clause: Forcing endless battles is banned\n|clearpoke\n|poke|p1|Ceruledge, F|\n|poke|p1|Calyrex-Shadow|\n|poke|p1|Baxcalibur, M|\n|poke|p1|Skeledirge, F|\n|poke|p1|Corviknight, F|\n|poke|p1|Cyclizar, F|\n|poke|p2|Calyrex-Shadow|\n|poke|p2|Arceus-Ground|\n|poke|p2|Zacian-*|\n|poke|p2|Miraidon|\n|poke|p2|Skeledirge, M|\n|poke|p2|Glimmora, M|\n|teampreview\n|\n|t:|1698752578\n|start\n|switch|p1a: Cyclizar|Cyclizar, F|100\/100\n|switch|p2a: Miraidon|Miraidon|100\/100\n|-fieldstart|move: Electric Terrain|[from] ability: Hadron Engine|[of] p2a: Miraidon\n|turn|1\n|j| pointedrebel1358\n|l| pointedrebel1358\n|inactive|Battle timer is ON: inactive players will automatically lose when time's up. (requested by jojo5394)\n|\n|t:|1698752997\n|switch|p1a: Corviknight|Corviknight, F|100\/100\n|-ability|p1a: Corviknight|Pressure\n|move|p2a: Miraidon|Dazzling Gleam|p1a: Corviknight\n|-resisted|p1a: Corviknight\n|-damage|p1a: Corviknight|84\/100\n|\n|-heal|p1a: Corviknight|90\/100|[from] item: Leftovers\n|upkeep\n|turn|2\n|\n|t:|1698753005\n|switch|p2a: Skeledirge|Skeledirge, M|100\/100\n|move|p1a: Corviknight|U-turn|p2a: Skeledirge\n|-resisted|p2a: Skeledirge\n|-damage|p2a: Skeledirge|98\/100\n|\n|t:|1698753017\n|switch|p1a: Cyclizar|Cyclizar, F|100\/100|[from] U-turn\n|\n|-heal|p2a: Skeledirge|100\/100|[from] item: Leftovers\n|upkeep\n|turn|3\n|\n|t:|1698753022\n|move|p1a: Cyclizar|Shed Tail|p1a: Cyclizar\n|-start|p1a: Cyclizar|Substitute|[from] move: Shed Tail\n|-damage|p1a: Cyclizar|50\/100\n|\n|t:|1698753045\n|switch|p1a: Calyrex|Calyrex-Shadow|100\/100|[from] Shed Tail\n|-ability|p1a: Calyrex|As One\n|-ability|p1a: Calyrex|Unnerve\n|move|p2a: Skeledirge|Torch Song|p1a: Calyrex\n|-damage|p1a: Calyrex|71\/100\n|-boost|p2a: Skeledirge|spa|1\n|\n|upkeep\n|turn|4\n|\n|t:|1698753052\n|-terastallize|p2a: Skeledirge|Water\n|move|p1a: Calyrex|Astral Barrage|p2a: Skeledirge\n|-damage|p2a: Skeledirge|46\/100\n|move|p2a: Skeledirge|Torch Song|p1a: Calyrex\n|-damage|p1a: Calyrex|28\/100\n|-boost|p2a: Skeledirge|spa|1\n|\n|-heal|p2a: Skeledirge|52\/100|[from] item: Leftovers\n|upkeep\n|turn|5\n|\n|t:|1698753068\n|switch|p2a: Arceus|Arceus-Ground|100\/100\n|move|p1a: Calyrex|Grass Knot|p2a: Arceus\n|-supereffective|p2a: Arceus\n|-damage|p2a: Arceus|20\/100\n|\n|-fieldend|move: Electric Terrain\n|upkeep\n|turn|6\n|inactive|jojo5394 has 120 seconds left.\n|\n|t:|1698753104\n|move|p1a: Calyrex|Psyshock|p2a: Arceus\n|-damage|p2a: Arceus|0 fnt\n|faint|p2a: Arceus\n|-ability|p1a: Calyrex|Grim Neigh|boost\n|-boost|p1a: Calyrex|spa|1\n|\n|upkeep\n|\n|t:|1698753106\n|switch|p2a: Miraidon|Miraidon|100\/100\n|-fieldstart|move: Electric Terrain|[from] ability: Hadron Engine|[of] p2a: Miraidon\n|turn|7\n|\n|t:|1698753130\n|move|p2a: Miraidon|Volt Switch|p1a: Calyrex\n|-end|p1a: Calyrex|Substitute\n|\n|t:|1698753141\n|switch|p2a: Glimmora|Glimmora, M|100\/100|[from] Volt Switch\n|move|p1a: Calyrex|Astral Barrage|p2a: Glimmora\n|-enditem|p2a: Glimmora|Focus Sash\n|-damage|p2a: Glimmora|1\/100\n|\n|upkeep\n|turn|8\n|\n|t:|1698753156\n|move|p1a: Calyrex|Grass Knot|p2a: Glimmora\n|-damage|p2a: Glimmora|0 fnt\n|faint|p2a: Glimmora\n|-ability|p1a: Calyrex|Grim Neigh|boost\n|-boost|p1a: Calyrex|spa|1\n|\n|upkeep\n|inactive|jojo5394 has 120 seconds left.\n|inactive|jojo5394 has 90 seconds left.\n|\n|t:|1698753214\n|switch|p2a: Miraidon|Miraidon|100\/100\n|-activate|p2a: Miraidon|ability: Hadron Engine\n|turn|9\n|\n|t:|1698753216\n|switch|p1a: Corviknight|Corviknight, F|90\/100\n|-ability|p1a: Corviknight|Pressure\n|move|p2a: Miraidon|Volt Switch|p1a: Corviknight\n|-supereffective|p1a: Corviknight\n|-damage|p1a: Corviknight|0 fnt\n|faint|p1a: Corviknight\n|inactive|jojo5394 has 90 seconds left.\n|inactiveoff|Battle timer is now OFF.\n|inactive|Battle timer is ON: inactive players will automatically lose when time's up. (requested by Glaceran)\n|l|\u203djojo5394\n|inactive|jojo5394 disconnected and has a minute to reconnect!\n|player|p2|\n|inactive|jojo5394 has 30 seconds to reconnect!\n|inactive|jojo5394 has 20 seconds to reconnect!\n|inactive|jojo5394 has 15 seconds to reconnect!\n|inactive|jojo5394 has 10 seconds to reconnect!\n|inactive|jojo5394 has 5 seconds to reconnect!\n|-message|jojo5394 lost due to inactivity.\n|\n|win|Glaceran\n|inactive|jojo5394 has 10 seconds left this turn.\n|raw|Glaceran's rating: 1459 &rarr; <strong>1488<\/strong><br \/>(+29 for winning)\n|raw|jojo5394's rating: 1634 &rarr; <strong>1605<\/strong><br \/>(-29 for losing)\n","uploadtime":1698753500,"views":12,"p1id":"glaceran","p2id":"jojo5394","formatid":"gen9anythinggoes","rating":1488,"private":0,"password":""}