{"id":"gen9anythinggoes-1999820281","p1":"DATH_Fan78","p2":"randoteamlol","format":"[Gen 9] Anything Goes","log":"|j|\u2606DATH_Fan78\n|j|\u2606randoteamlol\n|t:|1701119747\n|gametype|singles\n|player|p1|DATH_Fan78|schoolkid-gen4dp|\n|player|p2|randoteamlol|266|\n|teamsize|p1|6\n|teamsize|p2|6\n|gen|9\n|tier|[Gen 9] Anything Goes\n|rule|HP Percentage Mod: HP is shown in percentages\n|rule|Endless Battle Clause: Forcing endless battles is banned\n|clearpoke\n|poke|p1|Iron Treads|\n|poke|p1|Tornadus-Therian, M|\n|poke|p1|Iron Treads|\n|poke|p1|Tornadus-Therian, M|\n|poke|p1|Iron Treads|\n|poke|p1|Tornadus-Therian, M|\n|poke|p2|Grimmsnarl, M|\n|poke|p2|Scizor, M|\n|poke|p2|Mamoswine, M|\n|poke|p2|Hydreigon, F|\n|poke|p2|Skeledirge, F|\n|poke|p2|Breloom, M|\n|teampreview\n|c|\u2606DATH_Fan78|Glhf\n|c|\u2606randoteamlol|ty :D\n|\n|t:|1701119782\n|start\n|switch|p1a: Tornadus|Tornadus-Therian, M|100\/100\n|switch|p2a: Grimmsnarl|Grimmsnarl, M|100\/100\n|turn|1\n|\n|t:|1701119795\n|move|p2a: Grimmsnarl|Light Screen|p2a: Grimmsnarl\n|-sidestart|p2: randoteamlol|move: Light Screen\n|move|p1a: Tornadus|Knock Off|p2a: Grimmsnarl\n|-resisted|p2a: Grimmsnarl\n|-damage|p2a: Grimmsnarl|95\/100\n|-enditem|p2a: Grimmsnarl|Light Clay|[from] move: Knock Off|[of] p1a: Tornadus\n|\n|upkeep\n|turn|2\n|\n|t:|1701119817\n|switch|p1a: Iron Treads|Iron Treads|100\/100\n|-item|p1a: Iron Treads|Air Balloon\n|move|p2a: Grimmsnarl|Parting Shot|p1a: Iron Treads\n|-unboost|p1a: Iron Treads|atk|1\n|-unboost|p1a: Iron Treads|spa|1\n|\n|t:|1701119824\n|switch|p2a: Breloom|Breloom, M|100\/100|[from] Parting Shot\n|\n|upkeep\n|turn|3\n|\n|t:|1701119839\n|-end|p1a: Iron Treads|Quark Drive|[silent]\n|switch|p1a: Tornadus|Tornadus-Therian, M|100\/100\n|move|p2a: Breloom|Spore|p1a: Tornadus\n|-status|p1a: Tornadus|slp|[from] move: Spore\n|\n|upkeep\n|turn|4\n|\n|t:|1701119863\n|switch|p1a: Iron Treads|Iron Treads|100\/100\n|move|p2a: Breloom|Rock Tomb|p1a: Iron Treads\n|-resisted|p1a: Iron Treads\n|-damage|p1a: Iron Treads|96\/100\n|-unboost|p1a: Iron Treads|spe|1\n|\n|upkeep\n|turn|5\n|\n|t:|1701119870\n|-end|p1a: Iron Treads|Quark Drive|[silent]\n|switch|p1a: Tornadus|Tornadus-Therian, M|100\/100\n|move|p2a: Breloom|Spore|p1a: Tornadus\n|-status|p1a: Tornadus|slp|[from] move: Spore\n|\n|upkeep\n|turn|6\n|c|\u2606DATH_Fan78|Oh shoot\n|\n|t:|1701119894\n|move|p2a: Breloom|Mach Punch|p1a: Tornadus\n|-resisted|p1a: Tornadus\n|-damage|p1a: Tornadus|84\/100 slp\n|cant|p1a: Tornadus|slp\n|\n|upkeep\n|turn|7\n|\n|t:|1701119900\n|cant|p1a: Tornadus|slp\n|move|p2a: Breloom|Rock Tomb|p1a: Tornadus\n|-supereffective|p1a: Tornadus\n|-damage|p1a: Tornadus|25\/100 slp\n|-unboost|p1a: Tornadus|spe|1\n|\n|upkeep\n|turn|8\n|\n|t:|1701119906\n|switch|p1a: Tornadus|Tornadus-Therian, M|100\/100 slp\n|move|p2a: Breloom|Rock Tomb|p1a: Tornadus\n|-supereffective|p1a: Tornadus\n|-damage|p1a: Tornadus|40\/100 slp\n|-unboost|p1a: Tornadus|spe|1\n|\n|-sideend|p2: randoteamlol|move: Light Screen\n|upkeep\n|turn|9\n|\n|t:|1701119915\n|switch|p1a: Iron Treads|Iron Treads|100\/100\n|-item|p1a: Iron Treads|Air Balloon\n|move|p2a: Breloom|Rock Tomb|p1a: Iron Treads\n|-resisted|p1a: Iron Treads\n|-damage|p1a: Iron Treads|95\/100\n|-unboost|p1a: Iron Treads|spe|1\n|-enditem|p1a: Iron Treads|Air Balloon\n|\n|upkeep\n|turn|10\n|\n|t:|1701119924\n|-end|p1a: Iron Treads|Quark Drive|[silent]\n|switch|p1a: Tornadus|Tornadus-Therian, M|73\/100 slp\n|move|p2a: Breloom|Spore|p1a: Tornadus\n|-fail|p1a: Tornadus|slp\n|\n|upkeep\n|turn|11\n|\n|t:|1701119929\n|cant|p1a: Tornadus|slp\n|move|p2a: Breloom|Spore|p1a: Tornadus\n|-fail|p1a: Tornadus|slp\n|\n|upkeep\n|turn|12\n|\n|t:|1701119934\n|cant|p1a: Tornadus|slp\n|move|p2a: Breloom|Spore|p1a: Tornadus\n|-fail|p1a: Tornadus|slp\n|\n|upkeep\n|turn|13\n|\n|t:|1701119939\n|cant|p1a: Tornadus|slp\n|move|p2a: Breloom|Rock Tomb|p1a: Tornadus\n|-supereffective|p1a: Tornadus\n|-damage|p1a: Tornadus|5\/100 slp\n|-unboost|p1a: Tornadus|spe|1\n|\n|upkeep\n|turn|14\n|\n|t:|1701119946\n|move|p2a: Breloom|Mach Punch|p1a: Tornadus\n|-resisted|p1a: Tornadus\n|-damage|p1a: Tornadus|0 fnt\n|faint|p1a: Tornadus\n|\n|upkeep\n|\n|t:|1701119949\n|switch|p1a: Tornadus|Tornadus-Therian, M|100\/100\n|turn|15\n|\n|t:|1701119952\n|move|p1a: Tornadus|Hurricane|p2a: Breloom\n|-supereffective|p2a: Breloom\n|-crit|p2a: Breloom\n|-damage|p2a: Breloom|0 fnt\n|faint|p2a: Breloom\n|\n|upkeep\n|\n|t:|1701119968\n|switch|p2a: Mamoswine|Mamoswine, M|100\/100\n|turn|16\n|\n|t:|1701119979\n|move|p1a: Tornadus|Focus Blast|p2a: Mamoswine\n|-supereffective|p2a: Mamoswine\n|-damage|p2a: Mamoswine|29\/100\n|move|p2a: Mamoswine|Icicle Crash|p1a: Tornadus\n|-supereffective|p1a: Tornadus\n|-damage|p1a: Tornadus|0 fnt\n|faint|p1a: Tornadus\n|-damage|p2a: Mamoswine|19\/100|[from] item: Life Orb\n|\n|upkeep\n|\n|t:|1701119995\n|switch|p1a: Iron Treads|Iron Treads|96\/100\n|turn|17\n|\n|t:|1701119999\n|move|p1a: Iron Treads|Earthquake|p2a: Mamoswine\n|-damage|p2a: Mamoswine|0 fnt\n|faint|p2a: Mamoswine\n|\n|upkeep\n|\n|t:|1701120010\n|switch|p2a: Grimmsnarl|Grimmsnarl, M|95\/100\n|turn|18\n|\n|t:|1701120013\n|-end|p1a: Iron Treads|Quark Drive|[silent]\n|switch|p1a: Tornadus|Tornadus-Therian, M|58\/100 slp\n|move|p2a: Grimmsnarl|Reflect|p2a: Grimmsnarl\n|-sidestart|p2: randoteamlol|Reflect\n|\n|upkeep\n|turn|19\n|\n|t:|1701120017\n|move|p2a: Grimmsnarl|Light Screen|p2a: Grimmsnarl\n|-sidestart|p2: randoteamlol|move: Light Screen\n|cant|p1a: Tornadus|slp\n|\n|upkeep\n|turn|20\n|\n|t:|1701120020\n|move|p2a: Grimmsnarl|Parting Shot|p1a: Tornadus\n|-unboost|p1a: Tornadus|atk|1\n|-unboost|p1a: Tornadus|spa|1\n|\n|t:|1701120026\n|switch|p2a: Hydreigon|Hydreigon, F|100\/100|[from] Parting Shot\n|-curestatus|p1a: Tornadus|slp|[msg]\n|move|p1a: Tornadus|U-turn|p2a: Hydreigon\n|-supereffective|p2a: Hydreigon\n|-damage|p2a: Hydreigon|90\/100\n|\n|t:|1701120033\n|switch|p1a: Iron Treads|Iron Treads|96\/100|[from] U-turn\n|\n|-heal|p2a: Hydreigon|96\/100|[from] item: Leftovers\n|upkeep\n|turn|21\n|\n|t:|1701120038\n|move|p1a: Iron Treads|Knock Off|p2a: Hydreigon\n|-resisted|p2a: Hydreigon\n|-damage|p2a: Hydreigon|88\/100\n|-enditem|p2a: Hydreigon|Leftovers|[from] move: Knock Off|[of] p1a: Iron Treads\n|move|p2a: Hydreigon|Nasty Plot|p2a: Hydreigon\n|-boost|p2a: Hydreigon|spa|2\n|\n|upkeep\n|turn|22\n|\n|t:|1701120047\n|move|p1a: Iron Treads|Ice Spinner|p2a: Hydreigon\n|-supereffective|p2a: Hydreigon\n|-damage|p2a: Hydreigon|56\/100\n|move|p2a: Hydreigon|Nasty Plot|p2a: Hydreigon\n|-boost|p2a: Hydreigon|spa|2\n|\n|-sideend|p2: randoteamlol|Reflect\n|upkeep\n|turn|23\n|\n|t:|1701120055\n|move|p1a: Iron Treads|Ice Spinner|p2a: Hydreigon\n|-supereffective|p2a: Hydreigon\n|-damage|p2a: Hydreigon|1\/100\n|move|p2a: Hydreigon|Flash Cannon|p1a: Iron Treads\n|-resisted|p1a: Iron Treads\n|-damage|p1a: Iron Treads|59\/100\n|-unboost|p1a: Iron Treads|spd|1\n|\n|-sideend|p2: randoteamlol|move: Light Screen\n|upkeep\n|turn|24\n|\n|t:|1701120062\n|move|p1a: Iron Treads|Knock Off|p2a: Hydreigon\n|-resisted|p2a: Hydreigon\n|-damage|p2a: Hydreigon|0 fnt\n|faint|p2a: Hydreigon\n|\n|upkeep\n|\n|t:|1701120066\n|switch|p2a: Skeledirge|Skeledirge, F|100\/100\n|turn|25\n|\n|t:|1701120070\n|move|p1a: Iron Treads|Earthquake|p2a: Skeledirge\n|-supereffective|p2a: Skeledirge\n|-damage|p2a: Skeledirge|33\/100\n|move|p2a: Skeledirge|Torch Song|p1a: Iron Treads\n|-supereffective|p1a: Iron Treads\n|-damage|p1a: Iron Treads|3\/100\n|-boost|p2a: Skeledirge|spa|1\n|\n|upkeep\n|turn|26\n|\n|t:|1701120077\n|move|p1a: Iron Treads|Earthquake|p2a: Skeledirge\n|-supereffective|p2a: Skeledirge\n|-damage|p2a: Skeledirge|0 fnt\n|faint|p2a: Skeledirge\n|\n|upkeep\n|\n|t:|1701120083\n|switch|p2a: Scizor|Scizor, M|100\/100\n|turn|27\n|\n|t:|1701120086\n|move|p2a: Scizor|Bullet Punch|p1a: Iron Treads\n|-resisted|p1a: Iron Treads\n|-damage|p1a: Iron Treads|0 fnt\n|faint|p1a: Iron Treads\n|-end|p1a: Iron Treads|Quark Drive|[silent]\n|\n|upkeep\n|\n|t:|1701120090\n|switch|p1a: Iron Treads|Iron Treads|95\/100\n|turn|28\n|\n|t:|1701120093\n|switch|p2a: Grimmsnarl|Grimmsnarl, M|95\/100\n|move|p1a: Iron Treads|Earthquake|p2a: Grimmsnarl\n|-damage|p2a: Grimmsnarl|36\/100\n|\n|upkeep\n|turn|29\n|\n|t:|1701120099\n|move|p2a: Grimmsnarl|Parting Shot|p1a: Iron Treads\n|-unboost|p1a: Iron Treads|atk|1\n|-unboost|p1a: Iron Treads|spa|1\n|\n|t:|1701120103\n|switch|p2a: Scizor|Scizor, M|100\/100|[from] Parting Shot\n|move|p1a: Iron Treads|Stealth Rock|p2a: Scizor\n|-sidestart|p2: randoteamlol|move: Stealth Rock\n|\n|upkeep\n|turn|30\n|\n|t:|1701120108\n|move|p1a: Iron Treads|Earthquake|p2a: Scizor\n|-damage|p2a: Scizor|62\/100\n|move|p2a: Scizor|Close Combat|p1a: Iron Treads\n|-supereffective|p1a: Iron Treads\n|-damage|p1a: Iron Treads|0 fnt\n|-unboost|p2a: Scizor|def|1\n|-unboost|p2a: Scizor|spd|1\n|faint|p1a: Iron Treads\n|-end|p1a: Iron Treads|Quark Drive|[silent]\n|\n|upkeep\n|\n|t:|1701120111\n|switch|p1a: Iron Treads|Iron Treads|100\/100\n|turn|31\n|\n|t:|1701120118\n|move|p1a: Iron Treads|Earthquake|p2a: Scizor\n|-damage|p2a: Scizor|0 fnt\n|faint|p2a: Scizor\n|\n|upkeep\n|\n|t:|1701120122\n|switch|p2a: Grimmsnarl|Grimmsnarl, M|36\/100\n|-damage|p2a: Grimmsnarl|24\/100|[from] Stealth Rock\n|turn|32\n|\n|t:|1701120131\n|move|p2a: Grimmsnarl|Parting Shot|p1a: Iron Treads\n|-unboost|p1a: Iron Treads|atk|1\n|-unboost|p1a: Iron Treads|spa|1\n|move|p1a: Iron Treads|Earthquake|p2a: Grimmsnarl\n|-damage|p2a: Grimmsnarl|0 fnt\n|faint|p2a: Grimmsnarl\n|\n|win|DATH_Fan78\n|c|\u2606DATH_Fan78|Ggwp\n|c|\u2606randoteamlol|gg\n|c|\u2606randoteamlol|wp\n","uploadtime":1701120142,"views":14,"p1id":"dathfan78","p2id":"randoteamlol","formatid":"gen9anythinggoes","rating":0,"private":0,"password":""}