{"id":"gen9anythinggoes-1989454749","p1":"DR4N","p2":"Chili90909","format":"[Gen 9] Anything Goes","log":"|j|\u2606DR4N\n|j|\u2606Chili90909\n|t:|1699853013\n|gametype|singles\n|player|p1|DR4N|lucas-gen4pt|1121\n|player|p2|Chili90909|caitlin|1000\n|teamsize|p1|6\n|teamsize|p2|6\n|gen|9\n|tier|[Gen 9] Anything Goes\n|rated|\n|rule|HP Percentage Mod: HP is shown in percentages\n|rule|Endless Battle Clause: Forcing endless battles is banned\n|clearpoke\n|poke|p1|Umbreon, M|\n|poke|p1|Lycanroc-Dusk, M|\n|poke|p1|Pawmot, F|\n|poke|p1|Clodsire, M|\n|poke|p1|Gogoat, M|\n|poke|p1|Arcanine, M|\n|poke|p2|Calyrex-Shadow|\n|poke|p2|Koraidon|\n|poke|p2|Ribombee, F|\n|poke|p2|Zacian-*|\n|poke|p2|Arceus-Ground|\n|poke|p2|Miraidon|\n|teampreview\n|\n|t:|1699853027\n|start\n|switch|p1a: Bobby|Clodsire, M, shiny|100\/100\n|switch|p2a: Ribombee|Ribombee, F|100\/100\n|turn|1\n|\n|t:|1699853034\n|move|p2a: Ribombee|Sticky Web|p1a: Bobby\n|-sidestart|p1: DR4N|move: Sticky Web\n|move|p1a: Bobby|Toxic Spikes|p2a: Ribombee\n|-sidestart|p2: Chili90909|move: Toxic Spikes\n|\n|upkeep\n|turn|2\n|\n|t:|1699853040\n|move|p2a: Ribombee|Stun Spore|p1a: Bobby|[miss]\n|-miss|p2a: Ribombee|p1a: Bobby\n|move|p1a: Bobby|Toxic Spikes|p2a: Ribombee\n|-sidestart|p2: Chili90909|move: Toxic Spikes\n|\n|upkeep\n|turn|3\n|\n|t:|1699853048\n|switch|p1a: Mallow|Pawmot, F, shiny|100\/100\n|-activate|p1a: Mallow|move: Sticky Web\n|-unboost|p1a: Mallow|spe|1\n|move|p2a: Ribombee|Stun Spore|p1a: Mallow\n|-immune|p1a: Mallow\n|\n|upkeep\n|turn|4\n|inactive|Battle timer is ON: inactive players will automatically lose when time's up. (requested by DR4N)\n|\n|t:|1699853084\n|move|p2a: Ribombee|Moonblast|p1a: Mallow\n|-supereffective|p1a: Mallow\n|-enditem|p1a: Mallow|Focus Sash\n|-damage|p1a: Mallow|1\/100\n|move|p1a: Mallow|Nuzzle|p2a: Ribombee\n|-damage|p2a: Ribombee|86\/100\n|\n|upkeep\n|turn|5\n|\n|t:|1699853107\n|switch|p1a: Bobby|Clodsire, M, shiny|100\/100\n|-activate|p1a: Bobby|move: Sticky Web\n|-unboost|p1a: Bobby|spe|1\n|move|p2a: Ribombee|Moonblast|p1a: Bobby\n|-resisted|p1a: Bobby\n|-damage|p1a: Bobby|89\/100\n|\n|-heal|p1a: Bobby|95\/100|[from] item: Leftovers\n|upkeep\n|turn|6\n|\n|t:|1699853118\n|move|p2a: Ribombee|Stun Spore|p1a: Bobby\n|-status|p1a: Bobby|par\n|move|p1a: Bobby|Yawn|p2a: Ribombee\n|-start|p2a: Ribombee|move: Yawn|[of] p1a: Bobby\n|\n|-heal|p1a: Bobby|100\/100 par|[from] item: Leftovers\n|upkeep\n|turn|7\n|\n|t:|1699853141\n|switch|p2a: Arceus|Arceus-Ground|100\/100\n|-status|p2a: Arceus|tox\n|move|p1a: Bobby|Earthquake|p2a: Arceus\n|-damage|p2a: Arceus|86\/100 tox\n|\n|-damage|p2a: Arceus|80\/100 tox|[from] psn\n|upkeep\n|turn|8\n|\n|t:|1699853149\n|move|p2a: Arceus|Taunt|p1a: Bobby\n|-start|p1a: Bobby|move: Taunt\n|cant|p1a: Bobby|move: Taunt|Recover\n|\n|-damage|p2a: Arceus|67\/100 tox|[from] psn\n|upkeep\n|turn|9\n|\n|t:|1699853171\n|switch|p2a: Calyrex|Calyrex-Shadow|100\/100\n|-ability|p2a: Calyrex|As One\n|-ability|p2a: Calyrex|Unnerve\n|move|p1a: Bobby|Earthquake|p2a: Calyrex\n|-damage|p2a: Calyrex|69\/100\n|\n|upkeep\n|turn|10\n|\n|t:|1699853181\n|move|p2a: Calyrex|Astral Barrage|p1a: Bobby\n|-damage|p1a: Bobby|58\/100 par\n|move|p1a: Bobby|Earthquake|p2a: Calyrex\n|-damage|p2a: Calyrex|34\/100\n|\n|-heal|p1a: Bobby|65\/100 par|[from] item: Leftovers\n|-end|p1a: Bobby|move: Taunt\n|upkeep\n|turn|11\n|\n|t:|1699853194\n|move|p2a: Calyrex|Astral Barrage|p1a: Bobby\n|-damage|p1a: Bobby|26\/100 par\n|move|p1a: Bobby|Yawn|p2a: Calyrex\n|-start|p2a: Calyrex|move: Yawn|[of] p1a: Bobby\n|\n|-heal|p1a: Bobby|32\/100 par|[from] item: Leftovers\n|upkeep\n|turn|12\n|\n|t:|1699853205\n|move|p2a: Calyrex|Astral Barrage|p1a: Bobby\n|-damage|p1a: Bobby|0 fnt\n|faint|p1a: Bobby\n|-ability|p2a: Calyrex|Grim Neigh|boost\n|-boost|p2a: Calyrex|spa|1\n|\n|-end|p2a: Calyrex|move: Yawn|[silent]\n|-status|p2a: Calyrex|slp\n|upkeep\n|\n|t:|1699853210\n|switch|p1a: Mallow|Pawmot, F, shiny|1\/100\n|-activate|p1a: Mallow|move: Sticky Web\n|-unboost|p1a: Mallow|spe|1\n|turn|13\n|\n|t:|1699853214\n|cant|p2a: Calyrex|slp\n|move|p1a: Mallow|Rest|p1a: Mallow\n|-status|p1a: Mallow|slp|[from] move: Rest\n|-heal|p1a: Mallow|100\/100 slp|[silent]\n|\n|upkeep\n|turn|14\n|\n|t:|1699853220\n|cant|p2a: Calyrex|slp\n|cant|p1a: Mallow|slp\n|move|p1a: Mallow|Sleep Talk|p1a: Mallow\n|move|p1a: Mallow|Rest||[from]move: Sleep Talk|[still]\n|-fail|p1a: Mallow\n|\n|upkeep\n|turn|15\n|\n|t:|1699853233\n|cant|p2a: Calyrex|slp\n|cant|p1a: Mallow|slp\n|move|p1a: Mallow|Sleep Talk|p1a: Mallow\n|move|p1a: Mallow|Rest||[from]move: Sleep Talk|[still]\n|-fail|p1a: Mallow\n|\n|upkeep\n|turn|16\n|\n|t:|1699853246\n|switch|p1a: Hilal|Umbreon, M, shiny|100\/100\n|-activate|p1a: Hilal|move: Sticky Web\n|-unboost|p1a: Hilal|spe|1\n|-curestatus|p2a: Calyrex|slp|[msg]\n|move|p2a: Calyrex|Astral Barrage|p1a: Hilal\n|-resisted|p1a: Hilal\n|-damage|p1a: Hilal|56\/100\n|\n|upkeep\n|turn|17\n|\n|t:|1699853263\n|move|p2a: Calyrex|Astral Barrage|p1a: Hilal\n|-resisted|p1a: Hilal\n|-damage|p1a: Hilal|11\/100\n|move|p1a: Hilal|Foul Play|p2a: Calyrex\n|-supereffective|p2a: Calyrex\n|-damage|p2a: Calyrex|0 fnt\n|faint|p2a: Calyrex\n|\n|upkeep\n|\n|t:|1699853274\n|switch|p2a: Miraidon|Miraidon|100\/100\n|-status|p2a: Miraidon|tox\n|-fieldstart|move: Electric Terrain|[from] ability: Hadron Engine|[of] p2a: Miraidon\n|turn|18\n|\n|t:|1699853284\n|move|p2a: Miraidon|Electro Drift|p1a: Hilal\n|-damage|p1a: Hilal|0 fnt\n|faint|p1a: Hilal\n|\n|-damage|p2a: Miraidon|94\/100 tox|[from] psn\n|upkeep\n|\n|t:|1699853295\n|switch|p1a: Billy|Gogoat, M, shiny|100\/100\n|-activate|p1a: Billy|move: Sticky Web\n|-unboost|p1a: Billy|spe|1\n|turn|19\n|\n|t:|1699853302\n|move|p2a: Miraidon|Electro Drift|p1a: Billy\n|-resisted|p1a: Billy\n|-damage|p1a: Billy|59\/100\n|-damage|p2a: Miraidon|78\/100 tox|[from] item: Rocky Helmet|[of] p1a: Billy\n|move|p1a: Billy|Play Rough|p2a: Miraidon\n|-supereffective|p2a: Miraidon\n|-damage|p2a: Miraidon|19\/100 tox\n|\n|-damage|p2a: Miraidon|6\/100 tox|[from] psn\n|upkeep\n|turn|20\n|\n|t:|1699853312\n|move|p2a: Miraidon|Electro Drift|p1a: Billy\n|-resisted|p1a: Billy\n|-damage|p1a: Billy|20\/100\n|-damage|p2a: Miraidon|0 fnt|[from] item: Rocky Helmet|[of] p1a: Billy\n|faint|p2a: Miraidon\n|move|p1a: Billy|Milk Drink|p1a: Billy\n|-heal|p1a: Billy|70\/100\n|\n|upkeep\n|\n|t:|1699853319\n|switch|p2a: Koraidon|Koraidon|100\/100\n|-status|p2a: Koraidon|tox\n|-weather|SunnyDay|[from] ability: Orichalcum Pulse|[of] p2a: Koraidon\n|-activate|p2a: Koraidon|Orichalcum Pulse|[source]\n|turn|21\n|\n|t:|1699853328\n|-terastallize|p1a: Billy|Fairy\n|move|p2a: Koraidon|Outrage|p1a: Billy\n|-immune|p1a: Billy\n|move|p1a: Billy|Play Rough|p2a: Koraidon\n|-supereffective|p2a: Koraidon\n|-damage|p2a: Koraidon|0 fnt\n|faint|p2a: Koraidon\n|\n|-weather|SunnyDay|[upkeep]\n|upkeep\n|\n|t:|1699853335\n|switch|p2a: Zacian|Zacian-Crowned|100\/100\n|-ability|p2a: Zacian|Intrepid Sword|boost\n|-boost|p2a: Zacian|atk|1\n|turn|22\n|\n|t:|1699853354\n|move|p2a: Zacian|Behemoth Blade|p1a: Billy\n|-supereffective|p1a: Billy\n|-damage|p1a: Billy|0 fnt\n|-damage|p2a: Zacian|84\/100|[from] item: Rocky Helmet|[of] p1a: Billy\n|faint|p1a: Billy\n|\n|-weather|SunnyDay|[upkeep]\n|-fieldend|move: Electric Terrain\n|upkeep\n|\n|t:|1699853360\n|switch|p1a: Mick|Arcanine, M, shiny|100\/100\n|-activate|p1a: Mick|move: Sticky Web\n|-unboost|p1a: Mick|spe|1\n|turn|23\n|\n|t:|1699853375\n|-terastallize|p2a: Zacian|Fire\n|move|p2a: Zacian|Swords Dance|p2a: Zacian\n|-boost|p2a: Zacian|atk|2\n|move|p1a: Mick|Flamethrower|p2a: Zacian\n|-resisted|p2a: Zacian\n|-damage|p2a: Zacian|56\/100\n|\n|-weather|SunnyDay|[upkeep]\n|upkeep\n|turn|24\n|\n|t:|1699853383\n|move|p2a: Zacian|Close Combat|p1a: Mick\n|-damage|p1a: Mick|0 fnt\n|-unboost|p2a: Zacian|def|1\n|-unboost|p2a: Zacian|spd|1\n|faint|p1a: Mick\n|\n|-weather|SunnyDay|[upkeep]\n|upkeep\n|\n|t:|1699853388\n|switch|p1a: Mallow|Pawmot, F, shiny|100\/100 slp\n|-activate|p1a: Mallow|move: Sticky Web\n|-unboost|p1a: Mallow|spe|1\n|turn|25\n|\n|t:|1699853392\n|move|p2a: Zacian|Behemoth Blade|p1a: Mallow\n|-resisted|p1a: Mallow\n|-damage|p1a: Mallow|10\/100 slp\n|-curestatus|p1a: Mallow|slp|[msg]\n|move|p1a: Mallow|Sleep Talk||[still]\n|-fail|p1a: Mallow\n|\n|-weather|none\n|upkeep\n|turn|26\n|\n|t:|1699853398\n|move|p2a: Zacian|Behemoth Blade|p1a: Mallow\n|-resisted|p1a: Mallow\n|-damage|p1a: Mallow|0 fnt\n|faint|p1a: Mallow\n|\n|upkeep\n|\n|t:|1699853402\n|switch|p1a: Sonic|Lycanroc-Dusk, M, shiny|100\/100\n|-activate|p1a: Sonic|move: Sticky Web\n|-unboost|p1a: Sonic|spe|1\n|turn|27\n|\n|t:|1699853408\n|move|p1a: Sonic|Accelerock|p2a: Zacian\n|-supereffective|p2a: Zacian\n|-damage|p2a: Zacian|0 fnt\n|faint|p2a: Zacian\n|-damage|p1a: Sonic|91\/100|[from] item: Life Orb\n|\n|upkeep\n|\n|t:|1699853414\n|switch|p2a: Arceus|Arceus-Ground|67\/100 tox\n|turn|28\n|\n|t:|1699853419\n|move|p2a: Arceus|Earthquake|p1a: Sonic\n|-supereffective|p1a: Sonic\n|-crit|p1a: Sonic\n|-damage|p1a: Sonic|0 fnt\n|faint|p1a: Sonic\n|\n|win|Chili90909\n|raw|DR4N's rating: 1121 &rarr; <strong>1088<\/strong><br \/>(-33 for losing)\n|raw|Chili90909's rating: 1000 &rarr; <strong>1053<\/strong><br \/>(+53 for winning)\n|c|\u2606DR4N|Gg\n","uploadtime":1699853425,"views":5,"p1id":"dr4n","p2id":"chili90909","formatid":"gen9anythinggoes","rating":1053,"private":0,"password":""}