{"id":"gen9anythinggoes-1972434873","p1":"dlcing","p2":"pollinosis","format":"[Gen 9] Anything Goes","log":"|j|\u2606dlcing\n|j|\u2606pollinosis\n|t:|1697842452\n|gametype|singles\n|player|p1|dlcing|wattson|\n|player|p2|pollinosis|candice|\n|teamsize|p1|6\n|teamsize|p2|6\n|gen|9\n|tier|[Gen 9] Anything Goes\n|rule|HP Percentage Mod: HP is shown in percentages\n|rule|Endless Battle Clause: Forcing endless battles is banned\n|clearpoke\n|poke|p1|Electrode-Hisui|\n|poke|p1|Iron Treads|\n|poke|p1|Iron Bundle|\n|poke|p1|Dudunsparce-*, M|\n|poke|p1|Scream Tail|\n|poke|p1|Dragalge, F|\n|poke|p2|Slowking, M|\n|poke|p2|Hippowdon, M|\n|poke|p2|Basculin, M|\n|poke|p2|Cetitan, M|\n|poke|p2|Glimmora, M|\n|poke|p2|Heracross, F|\n|teampreview\n|j| PorygonTheBot\n|c| PorygonTheBot|y'all suck\n|c|\u2606pollinosis|glhf!\n|c|\u2606dlcing|glhf\n|j| Sigtrick\n|inactive|Battle timer is ON: inactive players will automatically lose when time's up. (requested by dlcing)\n|j| Glistering Aeon\n|j| WeaselmanWasTaken\n|inactive|pollinosis has 270 seconds left.\n|c| WeaselmanWasTaken|the beetle\n|\n|t:|1697842537\n|start\n|switch|p1a: Dabuz|Electrode-Hisui|100\/100\n|switch|p2a: Maki|Heracross, F|100\/100\n|turn|1\n|\n|t:|1697842559\n|switch|p2a: Jogo|Hippowdon, M|100\/100\n|-weather|Sandstorm|[from] ability: Sand Stream|[of] p2a: Jogo\n|-terastallize|p1a: Dabuz|Fairy\n|move|p1a: Dabuz|Tera Blast|p2a: Jogo|[anim] Tera Blast Fairy\n|-damage|p2a: Jogo|62\/100\n|\n|-weather|Sandstorm|[upkeep]\n|-damage|p1a: Dabuz|94\/100|[from] Sandstorm\n|-heal|p2a: Jogo|68\/100|[from] item: Leftovers\n|upkeep\n|turn|2\n|\n|t:|1697842575\n|move|p1a: Dabuz|Leaf Storm|p2a: Jogo\n|-supereffective|p2a: Jogo\n|-damage|p2a: Jogo|0 fnt\n|-unboost|p1a: Dabuz|spa|2\n|faint|p2a: Jogo\n|\n|-weather|Sandstorm|[upkeep]\n|-damage|p1a: Dabuz|88\/100|[from] Sandstorm\n|upkeep\n|inactive|pollinosis has 270 seconds left.\n|\n|t:|1697842592\n|switch|p2a: Maki|Heracross, F|100\/100\n|turn|3\n|inactive|pollinosis has 270 seconds left.\n|\n|t:|1697842598\n|switch|p1a: Scream Tail|Scream Tail|100\/100\n|move|p2a: Maki|Smart Strike|p1a: Scream Tail\n|-supereffective|p1a: Scream Tail\n|-damage|p1a: Scream Tail|71\/100\n|\n|-weather|Sandstorm|[upkeep]\n|-damage|p2a: Maki|94\/100|[from] Sandstorm\n|-damage|p1a: Scream Tail|65\/100|[from] Sandstorm\n|-heal|p1a: Scream Tail|71\/100|[from] item: Leftovers\n|upkeep\n|turn|4\n|\n|t:|1697842606\n|switch|p2a: Junpei|Glimmora, M|100\/100\n|move|p1a: Scream Tail|Baton Pass|p1a: Scream Tail\n|\n|t:|1697842610\n|-end|p1a: Scream Tail|Protosynthesis|[silent]\n|switch|p1a: Zackray|Iron Treads|100\/100|[from] Baton Pass\n|-item|p1a: Zackray|Air Balloon\n|\n|-weather|Sandstorm|[upkeep]\n|upkeep\n|turn|5\n|\n|t:|1697842620\n|switch|p2a: Todo|Slowking, M|100\/100\n|move|p1a: Zackray|Earthquake|p2a: Todo\n|-damage|p2a: Todo|62\/100\n|\n|-weather|none\n|-heal|p2a: Todo|68\/100|[from] item: Leftovers\n|upkeep\n|turn|6\n|\n|t:|1697842629\n|move|p1a: Zackray|Volt Switch|p2a: Todo\n|-supereffective|p2a: Todo\n|-damage|p2a: Todo|52\/100\n|\n|t:|1697842634\n|-end|p1a: Zackray|Quark Drive|[silent]\n|switch|p1a: Dabuz|Electrode-Hisui, tera:Fairy|88\/100|[from] Volt Switch\n|move|p2a: Todo|Slack Off|p2a: Todo\n|-heal|p2a: Todo|100\/100\n|\n|upkeep\n|turn|7\n|\n|t:|1697842643\n|move|p1a: Dabuz|Volt Switch|p2a: Todo\n|-supereffective|p2a: Todo\n|-damage|p2a: Todo|62\/100\n|\n|t:|1697842646\n|switch|p1a: Dudunsparce|Dudunsparce-Three-Segment, M|100\/100|[from] Volt Switch\n|move|p2a: Todo|Thunder Wave|p1a: Dudunsparce\n|-status|p1a: Dudunsparce|par\n|\n|-heal|p2a: Todo|68\/100|[from] item: Leftovers\n|upkeep\n|turn|8\n|\n|t:|1697842659\n|move|p1a: Dudunsparce|Glare|p2a: Todo\n|-status|p2a: Todo|par\n|move|p2a: Todo|Chilly Reception|p2a: Todo\n|-weather|Snow\n|\n|t:|1697842672\n|switch|p2a: Panda|Cetitan, M, shiny|100\/100|[from] Chilly Reception\n|\n|-weather|Snow|[upkeep]\n|upkeep\n|turn|9\n|\n|t:|1697842683\n|move|p2a: Panda|Belly Drum|p2a: Panda\n|-damage|p2a: Panda|50\/100\n|-setboost|p2a: Panda|atk|6|[from] move: Belly Drum\n|-enditem|p2a: Panda|Sitrus Berry|[eat]\n|-heal|p2a: Panda|75\/100|[from] item: Sitrus Berry\n|move|p1a: Dudunsparce|Dragon Tail|p2a: Panda\n|-damage|p2a: Panda|66\/100\n|drag|p2a: Todo|Slowking, M|100\/100 par\n|\n|-weather|Snow|[upkeep]\n|upkeep\n|turn|10\n|c| WeaselmanWasTaken|im so glad they added the shiny sprite\n|c| Sigtrick|his shiny makes him a soccer ball\n|\n|t:|1697842699\n|move|p1a: Dudunsparce|Hyper Drill|p2a: Todo\n|-damage|p2a: Todo|66\/100 par\n|cant|p2a: Todo|par\n|\n|-weather|Snow|[upkeep]\n|-heal|p2a: Todo|72\/100 par|[from] item: Leftovers\n|upkeep\n|turn|11\n|\n|t:|1697842704\n|move|p1a: Dudunsparce|Hyper Drill|p2a: Todo\n|-damage|p2a: Todo|37\/100 par\n|move|p2a: Todo|Surf|p1a: Dudunsparce\n|-damage|p1a: Dudunsparce|71\/100 par\n|\n|-weather|Snow|[upkeep]\n|-heal|p1a: Dudunsparce|77\/100 par|[from] item: Leftovers\n|-heal|p2a: Todo|43\/100 par|[from] item: Leftovers\n|upkeep\n|turn|12\n|c| WeaselmanWasTaken|HE\n|c| WeaselmanWasTaken|IS\n|c| WeaselmanWasTaken|AN\n|\n|t:|1697842710\n|move|p1a: Dudunsparce|Hyper Drill|p2a: Todo\n|-damage|p2a: Todo|11\/100 par\n|cant|p2a: Todo|par\n|\n|-weather|none\n|-heal|p1a: Dudunsparce|84\/100 par|[from] item: Leftovers\n|-heal|p2a: Todo|18\/100 par|[from] item: Leftovers\n|upkeep\n|turn|13\n|c| WeaselmanWasTaken|ORCA\n|\n|t:|1697842715\n|switch|p2a: Junpei|Glimmora, M|100\/100\n|move|p1a: Dudunsparce|Hyper Drill|p2a: Junpei\n|-resisted|p2a: Junpei\n|-damage|p2a: Junpei|76\/100\n|-activate|p2a: Junpei|ability: Toxic Debris\n|-sidestart|p1: dlcing|move: Toxic Spikes\n|\n|-heal|p1a: Dudunsparce|90\/100 par|[from] item: Leftovers\n|upkeep\n|turn|14\n|\n|t:|1697842726\n|switch|p1a: Zackray|Iron Treads|100\/100\n|-item|p1a: Zackray|Air Balloon\n|move|p2a: Junpei|Sludge Wave|p1a: Zackray\n|-immune|p1a: Zackray\n|\n|upkeep\n|turn|15\n|\n|t:|1697842731\n|switch|p2a: Todo|Slowking, M|51\/100 par\n|move|p1a: Zackray|Earthquake|p2a: Todo\n|-damage|p2a: Todo|16\/100 par\n|\n|-heal|p2a: Todo|22\/100 par|[from] item: Leftovers\n|upkeep\n|turn|16\n|\n|t:|1697842743\n|switch|p2a: Panda|Cetitan, M, shiny|66\/100\n|move|p1a: Zackray|Stealth Rock|p2a: Panda\n|-sidestart|p2: pollinosis|move: Stealth Rock\n|\n|upkeep\n|turn|17\n|\n|t:|1697842763\n|-terastallize|p2a: Panda|Water\n|move|p1a: Zackray|Earthquake|p2a: Panda\n|-damage|p2a: Panda|28\/100\n|move|p2a: Panda|Liquidation|p1a: Zackray\n|-supereffective|p1a: Zackray\n|-damage|p1a: Zackray|37\/100\n|-enditem|p1a: Zackray|Air Balloon\n|\n|upkeep\n|turn|18\n|\n|t:|1697842771\n|-end|p1a: Zackray|Quark Drive|[silent]\n|switch|p1a: Dudunsparce|Dudunsparce-Three-Segment, M|90\/100 par\n|move|p2a: Panda|Ice Spinner|p1a: Dudunsparce\n|-damage|p1a: Dudunsparce|66\/100 par\n|\n|-heal|p1a: Dudunsparce|73\/100 par|[from] item: Leftovers\n|upkeep\n|turn|19\n|\n|t:|1697842777\n|move|p2a: Panda|Superpower|p1a: Dudunsparce\n|-supereffective|p1a: Dudunsparce\n|-damage|p1a: Dudunsparce|25\/100 par\n|-unboost|p2a: Panda|atk|1\n|-unboost|p2a: Panda|def|1\n|move|p1a: Dudunsparce|Glare|p2a: Panda\n|-status|p2a: Panda|par\n|\n|-heal|p1a: Dudunsparce|31\/100 par|[from] item: Leftovers\n|upkeep\n|turn|20\n|\n|t:|1697842787\n|move|p2a: Panda|Liquidation|p1a: Dudunsparce\n|-damage|p1a: Dudunsparce|13\/100 par\n|move|p1a: Dudunsparce|Roost|p1a: Dudunsparce\n|-heal|p1a: Dudunsparce|63\/100 par\n|-singleturn|p1a: Dudunsparce|move: Roost\n|\n|-heal|p1a: Dudunsparce|69\/100 par|[from] item: Leftovers\n|upkeep\n|turn|21\n|\n|t:|1697842796\n|move|p2a: Panda|Superpower|p1a: Dudunsparce\n|-supereffective|p1a: Dudunsparce\n|-damage|p1a: Dudunsparce|34\/100 par\n|-unboost|p2a: Panda|atk|1\n|-unboost|p2a: Panda|def|1\n|move|p1a: Dudunsparce|Hyper Drill|p2a: Panda\n|-damage|p2a: Panda|0 fnt\n|faint|p2a: Panda\n|\n|-heal|p1a: Dudunsparce|40\/100 par|[from] item: Leftovers\n|upkeep\n|\n|t:|1697842809\n|switch|p2a: Junpei|Glimmora, M|76\/100\n|-damage|p2a: Junpei|64\/100|[from] Stealth Rock\n|turn|22\n|\n|t:|1697842816\n|move|p2a: Junpei|Sludge Wave|p1a: Dudunsparce\n|-damage|p1a: Dudunsparce|0 fnt\n|faint|p1a: Dudunsparce\n|\n|upkeep\n|\n|t:|1697842819\n|switch|p1a: Scream Tail|Scream Tail|71\/100\n|-status|p1a: Scream Tail|psn\n|turn|23\n|c|\u2606dlcing|fuck\n|c|\u2606dlcing|missclick\n|\n|t:|1697842831\n|-end|p1a: Scream Tail|Protosynthesis|[silent]\n|switch|p1a: Zackray|Iron Treads|37\/100\n|move|p2a: Junpei|Sludge Wave|p1a: Zackray\n|-immune|p1a: Zackray\n|\n|upkeep\n|turn|24\n|\n|t:|1697842838\n|move|p1a: Zackray|Volt Switch|p2a: Junpei\n|-damage|p2a: Junpei|57\/100\n|\n|t:|1697842849\n|-end|p1a: Zackray|Quark Drive|[silent]\n|switch|p1a: Dabuz|Electrode-Hisui, tera:Fairy|88\/100|[from] Volt Switch\n|move|p2a: Junpei|Earth Power|p1a: Dabuz\n|-damage|p1a: Dabuz|45\/100\n|\n|upkeep\n|turn|25\n|\n|t:|1697842859\n|move|p1a: Dabuz|Leaf Storm|p2a: Junpei\n|-damage|p2a: Junpei|23\/100\n|-unboost|p1a: Dabuz|spa|2\n|move|p2a: Junpei|Mortal Spin|p1a: Dabuz\n|-supereffective|p1a: Dabuz\n|-damage|p1a: Dabuz|26\/100\n|-status|p1a: Dabuz|psn\n|-sideend|p2: pollinosis|Stealth Rock|[from] move: Mortal Spin|[of] p2a: Junpei\n|\n|-damage|p1a: Dabuz|13\/100 psn|[from] psn\n|upkeep\n|turn|26\n|\n|t:|1697842880\n|switch|p2a: Maki|Heracross, F|94\/100\n|move|p1a: Dabuz|Leaf Storm|p2a: Maki\n|-resisted|p2a: Maki\n|-damage|p2a: Maki|78\/100\n|-unboost|p1a: Dabuz|spa|2\n|\n|-damage|p1a: Dabuz|1\/100 psn|[from] psn\n|upkeep\n|turn|27\n|inactive|pollinosis has 270 seconds left.\n|\n|t:|1697842908\n|move|p2a: Maki|Earthquake|p1a: Dabuz\n|-damage|p1a: Dabuz|0 fnt\n|faint|p1a: Dabuz\n|-ability|p2a: Maki|Moxie|boost\n|-boost|p2a: Maki|atk|1\n|\n|upkeep\n|inactive|dlcing has 270 seconds left.\n|\n|t:|1697842965\n|switch|p1a: Scream Tail|Scream Tail|71\/100 psn\n|turn|28\n|inactive|pollinosis has 270 seconds left.\n|\n|t:|1697842977\n|switch|p2a: Todo|Slowking, M|55\/100 par\n|move|p1a: Scream Tail|Dazzling Gleam|p2a: Todo\n|-damage|p2a: Todo|41\/100 par\n|\n|-heal|p1a: Scream Tail|77\/100 psn|[from] item: Leftovers\n|-heal|p2a: Todo|47\/100 par|[from] item: Leftovers\n|-damage|p1a: Scream Tail|65\/100 psn|[from] psn\n|upkeep\n|turn|29\n|\n|t:|1697842986\n|move|p1a: Scream Tail|Wish|p1a: Scream Tail\n|move|p2a: Todo|Chilly Reception|p2a: Todo\n|-weather|Snow\n|inactive|pollinosis has 270 seconds left.\n|\n|t:|1697842997\n|switch|p2a: Junpei|Glimmora, M|23\/100|[from] Chilly Reception\n|\n|-weather|Snow|[upkeep]\n|-heal|p1a: Scream Tail|71\/100 psn|[from] item: Leftovers\n|-damage|p1a: Scream Tail|59\/100 psn|[from] psn\n|upkeep\n|turn|30\n|inactive|dlcing has 270 seconds left.\n|\n|t:|1697843010\n|-end|p1a: Scream Tail|Protosynthesis|[silent]\n|switch|p1a: Zackray|Iron Treads|37\/100\n|move|p2a: Junpei|Earth Power|p1a: Zackray\n|-supereffective|p1a: Zackray\n|-damage|p1a: Zackray|0 fnt\n|faint|p1a: Zackray\n|-end|p1a: Zackray|Quark Drive|[silent]\n|\n|-weather|Snow|[upkeep]\n|upkeep\n|inactive|dlcing has 270 seconds left.\n|inactive|dlcing has 240 seconds left.\n|inactive|dlcing has 210 seconds left.\n|\n|t:|1697843088\n|switch|p1a: Dragalge|Dragalge, F|100\/100\n|-sideend|p1: dlcing|move: Toxic Spikes|[of] p1a: Dragalge\n|turn|31\n|\n|t:|1697843099\n|move|p2a: Junpei|Earth Power|p1a: Dragalge\n|-supereffective|p1a: Dragalge\n|-damage|p1a: Dragalge|44\/100\n|move|p1a: Dragalge|Draco Meteor|p2a: Junpei\n|-damage|p2a: Junpei|0 fnt\n|-unboost|p1a: Dragalge|spa|2\n|faint|p2a: Junpei\n|\n|-weather|Snow|[upkeep]\n|upkeep\n|inactive|pollinosis has 270 seconds left.\n|\n|t:|1697843118\n|switch|p2a: Maki|Heracross, F|78\/100\n|turn|32\n|\n|t:|1697843120\n|move|p2a: Maki|Earthquake|p1a: Dragalge\n|-supereffective|p1a: Dragalge\n|-damage|p1a: Dragalge|0 fnt\n|faint|p1a: Dragalge\n|-ability|p2a: Maki|Moxie|boost\n|-boost|p2a: Maki|atk|1\n|\n|-weather|Snow|[upkeep]\n|upkeep\n|\n|t:|1697843123\n|switch|p1a: Scream Tail|Scream Tail|59\/100 psn\n|turn|33\n|\n|t:|1697843136\n|switch|p2a: Todo|Slowking, M|81\/100 par\n|move|p1a: Scream Tail|Dazzling Gleam|p2a: Todo\n|-damage|p2a: Todo|67\/100 par\n|\n|-weather|none\n|-heal|p1a: Scream Tail|65\/100 psn|[from] item: Leftovers\n|-heal|p2a: Todo|74\/100 par|[from] item: Leftovers\n|-damage|p1a: Scream Tail|52\/100 psn|[from] psn\n|upkeep\n|turn|34\n|\n|t:|1697843142\n|move|p1a: Scream Tail|Wish|p1a: Scream Tail\n|cant|p2a: Todo|par\n|\n|-heal|p1a: Scream Tail|59\/100 psn|[from] item: Leftovers\n|-heal|p2a: Todo|80\/100 par|[from] item: Leftovers\n|-damage|p1a: Scream Tail|46\/100 psn|[from] psn\n|upkeep\n|turn|35\n|\n|t:|1697843152\n|move|p1a: Scream Tail|Dazzling Gleam|p2a: Todo\n|-damage|p2a: Todo|67\/100 par\n|move|p2a: Todo|Surf|p1a: Scream Tail\n|-damage|p1a: Scream Tail|23\/100 psn\n|\n|-heal|p1a: Scream Tail|73\/100 psn|[from] move: Wish|[wisher] Scream Tail\n|-heal|p1a: Scream Tail|79\/100 psn|[from] item: Leftovers\n|-heal|p2a: Todo|73\/100 par|[from] item: Leftovers\n|-damage|p1a: Scream Tail|67\/100 psn|[from] psn\n|upkeep\n|turn|36\n|\n|t:|1697843157\n|move|p1a: Scream Tail|Wish|p1a: Scream Tail\n|move|p2a: Todo|Chilly Reception|p2a: Todo\n|-weather|Snow\n|\n|t:|1697843162\n|switch|p2a: Kokichi|Basculin, M|100\/100|[from] Chilly Reception\n|\n|-weather|Snow|[upkeep]\n|-heal|p1a: Scream Tail|73\/100 psn|[from] item: Leftovers\n|-damage|p1a: Scream Tail|61\/100 psn|[from] psn\n|upkeep\n|turn|37\n|inactive|dlcing has 240 seconds left.\n|\n|t:|1697843197\n|-end|p1a: Scream Tail|Protosynthesis|[silent]\n|switch|p1a: Light|Iron Bundle|100\/100\n|-enditem|p1a: Light|Booster Energy\n|-activate|p1a: Light|ability: Quark Drive|[fromitem]\n|-start|p1a: Light|quarkdrivespe\n|move|p2a: Kokichi|Wave Crash|p1a: Light\n|-resisted|p1a: Light\n|-damage|p1a: Light|75\/100\n|-damage|p2a: Kokichi|93\/100|[from] Recoil\n|\n|-weather|Snow|[upkeep]\n|-heal|p1a: Light|100\/100|[from] move: Wish|[wisher] Scream Tail\n|upkeep\n|turn|38\n|inactive|dlcing has 240 seconds left.\n|\n|t:|1697843211\n|move|p1a: Light|Freeze-Dry|p2a: Kokichi\n|-supereffective|p2a: Kokichi\n|-damage|p2a: Kokichi|0 fnt\n|faint|p2a: Kokichi\n|\n|-weather|Snow|[upkeep]\n|upkeep\n|\n|t:|1697843213\n|switch|p2a: Maki|Heracross, F|78\/100\n|turn|39\n|\n|t:|1697843222\n|move|p1a: Light|Hydro Pump|p2a: Maki\n|-damage|p2a: Maki|12\/100\n|move|p2a: Maki|Close Combat|p1a: Light\n|-supereffective|p1a: Light\n|-crit|p1a: Light\n|-damage|p1a: Light|0 fnt\n|-unboost|p2a: Maki|def|1\n|-unboost|p2a: Maki|spd|1\n|faint|p1a: Light\n|-end|p1a: Light|Quark Drive|[silent]\n|-ability|p2a: Maki|Moxie|boost\n|-boost|p2a: Maki|atk|1\n|\n|-weather|Snow|[upkeep]\n|upkeep\n|\n|t:|1697843228\n|switch|p1a: Scream Tail|Scream Tail|61\/100 psn\n|turn|40\n|\n|t:|1697843231\n|switch|p2a: Todo|Slowking, M|100\/100 par\n|move|p1a: Scream Tail|Wish|p1a: Scream Tail\n|\n|-weather|none\n|-heal|p1a: Scream Tail|67\/100 psn|[from] item: Leftovers\n|-damage|p1a: Scream Tail|54\/100 psn|[from] psn\n|upkeep\n|turn|41\n|\n|t:|1697843236\n|move|p1a: Scream Tail|Dazzling Gleam|p2a: Todo\n|-damage|p2a: Todo|88\/100 par\n|move|p2a: Todo|Surf|p1a: Scream Tail\n|-damage|p1a: Scream Tail|33\/100 psn\n|\n|-heal|p1a: Scream Tail|83\/100 psn|[from] move: Wish|[wisher] Scream Tail\n|-heal|p1a: Scream Tail|90\/100 psn|[from] item: Leftovers\n|-heal|p2a: Todo|94\/100 par|[from] item: Leftovers\n|-damage|p1a: Scream Tail|77\/100 psn|[from] psn\n|upkeep\n|turn|42\n|\n|t:|1697843240\n|move|p1a: Scream Tail|Dazzling Gleam|p2a: Todo\n|-damage|p2a: Todo|80\/100 par\n|cant|p2a: Todo|par\n|\n|-heal|p1a: Scream Tail|83\/100 psn|[from] item: Leftovers\n|-heal|p2a: Todo|86\/100 par|[from] item: Leftovers\n|-damage|p1a: Scream Tail|71\/100 psn|[from] psn\n|upkeep\n|turn|43\n|\n|t:|1697843245\n|move|p1a: Scream Tail|Wish|p1a: Scream Tail\n|move|p2a: Todo|Surf|p1a: Scream Tail\n|-damage|p1a: Scream Tail|48\/100 psn\n|\n|-heal|p1a: Scream Tail|54\/100 psn|[from] item: Leftovers\n|-heal|p2a: Todo|92\/100 par|[from] item: Leftovers\n|-damage|p1a: Scream Tail|41\/100 psn|[from] psn\n|upkeep\n|turn|44\n|c|\u2606dlcing|i won\n|c|\u2606dlcing|i fucking won\n|c|\u2606dlcing|i skipped through the text dude\n|c|\u2606dlcing|ggs\n|\n|t:|1697843258\n|move|p1a: Scream Tail|Dazzling Gleam|p2a: Todo\n|-damage|p2a: Todo|80\/100 par\n|move|p2a: Todo|Surf|p1a: Scream Tail\n|-damage|p1a: Scream Tail|21\/100 psn\n|\n|-heal|p1a: Scream Tail|71\/100 psn|[from] move: Wish|[wisher] Scream Tail\n|-heal|p1a: Scream Tail|77\/100 psn|[from] item: Leftovers\n|-heal|p2a: Todo|86\/100 par|[from] item: Leftovers\n|-damage|p1a: Scream Tail|65\/100 psn|[from] psn\n|upkeep\n|turn|45\n|\n|t:|1697843263\n|move|p1a: Scream Tail|Dazzling Gleam|p2a: Todo\n|-damage|p2a: Todo|73\/100 par\n|move|p2a: Todo|Surf|p1a: Scream Tail\n|-damage|p1a: Scream Tail|41\/100 psn\n|\n|-heal|p1a: Scream Tail|48\/100 psn|[from] item: Leftovers\n|-heal|p2a: Todo|79\/100 par|[from] item: Leftovers\n|-damage|p1a: Scream Tail|35\/100 psn|[from] psn\n|upkeep\n|turn|46\n|\n|t:|1697843268\n|move|p1a: Scream Tail|Wish|p1a: Scream Tail\n|move|p2a: Todo|Surf|p1a: Scream Tail\n|-damage|p1a: Scream Tail|12\/100 psn\n|\n|-heal|p1a: Scream Tail|18\/100 psn|[from] item: Leftovers\n|-heal|p2a: Todo|85\/100 par|[from] item: Leftovers\n|-damage|p1a: Scream Tail|6\/100 psn|[from] psn\n|upkeep\n|turn|47\n|\n|t:|1697843272\n|move|p1a: Scream Tail|Protect|p1a: Scream Tail\n|-singleturn|p1a: Scream Tail|Protect\n|move|p2a: Todo|Surf|p1a: Scream Tail\n|-activate|p1a: Scream Tail|move: Protect\n|\n|-heal|p1a: Scream Tail|56\/100 psn|[from] move: Wish|[wisher] Scream Tail\n|-heal|p1a: Scream Tail|62\/100 psn|[from] item: Leftovers\n|-heal|p2a: Todo|91\/100 par|[from] item: Leftovers\n|-damage|p1a: Scream Tail|50\/100 psn|[from] psn\n|upkeep\n|turn|48\n|\n|t:|1697843277\n|move|p1a: Scream Tail|Dazzling Gleam|p2a: Todo\n|-damage|p2a: Todo|77\/100 par\n|move|p2a: Todo|Surf|p1a: Scream Tail\n|-damage|p1a: Scream Tail|29\/100 psn\n|\n|-heal|p1a: Scream Tail|35\/100 psn|[from] item: Leftovers\n|-heal|p2a: Todo|83\/100 par|[from] item: Leftovers\n|-damage|p1a: Scream Tail|22\/100 psn|[from] psn\n|upkeep\n|turn|49\n|\n|t:|1697843281\n|move|p1a: Scream Tail|Wish|p1a: Scream Tail\n|move|p2a: Todo|Surf|p1a: Scream Tail\n|-damage|p1a: Scream Tail|0 fnt\n|faint|p1a: Scream Tail\n|-end|p1a: Scream Tail|Protosynthesis|[silent]\n|\n|win|pollinosis\n","uploadtime":1697843282,"views":37,"p1id":"dlcing","p2id":"pollinosis","formatid":"gen9anythinggoes","rating":0,"private":0,"password":null}