{"id":"gen9anythinggoes-1979810437","p1":"AttentivePeach","p2":"Liverking6969","format":"[Gen 9] Anything Goes","log":"|j|\u2606AttentivePeach\n|j|\u2606Liverking6969\n|t:|1698715608\n|gametype|singles\n|player|p1|AttentivePeach|266|1315\n|player|p2|Liverking6969|steven|1389\n|teamsize|p1|6\n|teamsize|p2|6\n|gen|9\n|tier|[Gen 9] Anything Goes\n|rated|\n|rule|HP Percentage Mod: HP is shown in percentages\n|rule|Endless Battle Clause: Forcing endless battles is banned\n|clearpoke\n|poke|p1|Kilowattrel, F|\n|poke|p1|Dragonite, M|\n|poke|p1|Toxapex, M|\n|poke|p1|Dondozo, F|\n|poke|p1|Bronzong|\n|poke|p1|Glimmora, F|\n|poke|p2|Koraidon|\n|poke|p2|Koraidon|\n|poke|p2|Koraidon|\n|poke|p2|Koraidon|\n|poke|p2|Koraidon|\n|poke|p2|Koraidon|\n|teampreview\n|inactive|Battle timer is ON: inactive players will automatically lose when time's up. (requested by AttentivePeach)\n|\n|t:|1698715645\n|start\n|switch|p1a: Dondozo|Dondozo, F|100\/100\n|switch|p2a: Koraidon|Koraidon|100\/100\n|-weather|SunnyDay|[from] ability: Orichalcum Pulse|[of] p2a: Koraidon\n|-activate|p2a: Koraidon|Orichalcum Pulse|[source]\n|turn|1\n|\n|t:|1698715656\n|move|p2a: Koraidon|Taunt|p1a: Dondozo\n|-start|p1a: Dondozo|move: Taunt\n|cant|p1a: Dondozo|move: Taunt|Curse\n|\n|-weather|SunnyDay|[upkeep]\n|upkeep\n|turn|2\n|\n|t:|1698715663\n|switch|p1a: Kilowattrel|Kilowattrel, F|100\/100\n|move|p2a: Koraidon|Swords Dance|p2a: Koraidon\n|-boost|p2a: Koraidon|atk|2\n|\n|-weather|SunnyDay|[upkeep]\n|upkeep\n|turn|3\n|\n|t:|1698715682\n|switch|p1a: Glimmora|Glimmora, F|100\/100\n|move|p2a: Koraidon|Flame Charge|p1a: Glimmora\n|-resisted|p1a: Glimmora\n|-damage|p1a: Glimmora|65\/100\n|-boost|p2a: Koraidon|spe|1\n|-damage|p2a: Koraidon|84\/100|[from] item: Rocky Helmet|[of] p1a: Glimmora\n|-activate|p1a: Glimmora|ability: Toxic Debris\n|-sidestart|p2: Liverking6969|move: Toxic Spikes\n|\n|-weather|SunnyDay|[upkeep]\n|upkeep\n|turn|4\n|\n|t:|1698715695\n|move|p2a: Koraidon|Collision Course|p1a: Glimmora\n|-damage|p1a: Glimmora|0 fnt\n|-damage|p2a: Koraidon|68\/100|[from] item: Rocky Helmet|[of] p1a: Glimmora\n|-activate|p1a: Glimmora|ability: Toxic Debris\n|-sidestart|p2: Liverking6969|move: Toxic Spikes\n|faint|p1a: Glimmora\n|\n|-weather|SunnyDay|[upkeep]\n|upkeep\n|\n|t:|1698715704\n|switch|p1a: Dragonite|Dragonite, M|100\/100\n|turn|5\n|\n|t:|1698715718\n|move|p2a: Koraidon|Swords Dance|p2a: Koraidon\n|-boost|p2a: Koraidon|atk|2\n|move|p1a: Dragonite|Dragon Dance|p1a: Dragonite\n|-boost|p1a: Dragonite|atk|1\n|-boost|p1a: Dragonite|spe|1\n|\n|-weather|none\n|upkeep\n|turn|6\n|\n|t:|1698715732\n|move|p2a: Koraidon|Collision Course|p1a: Dragonite\n|-resisted|p1a: Dragonite\n|-damage|p1a: Dragonite|45\/100\n|move|p1a: Dragonite|Dragon Dance|p1a: Dragonite\n|-boost|p1a: Dragonite|atk|1\n|-boost|p1a: Dragonite|spe|1\n|\n|upkeep\n|turn|7\n|\n|t:|1698715740\n|move|p2a: Koraidon|Collision Course|p1a: Dragonite\n|-resisted|p1a: Dragonite\n|-damage|p1a: Dragonite|0 fnt\n|faint|p1a: Dragonite\n|\n|upkeep\n|\n|t:|1698715744\n|switch|p1a: Dondozo|Dondozo, F|100\/100\n|turn|8\n|\n|t:|1698715754\n|move|p2a: Koraidon|Collision Course|p1a: Dondozo\n|-damage|p1a: Dondozo|71\/100\n|move|p1a: Dondozo|Body Press|p2a: Koraidon\n|-damage|p2a: Koraidon|44\/100\n|\n|-heal|p1a: Dondozo|77\/100|[from] item: Leftovers\n|upkeep\n|turn|9\n|\n|t:|1698715770\n|move|p2a: Koraidon|Collision Course|p1a: Dondozo\n|-damage|p1a: Dondozo|47\/100\n|move|p1a: Dondozo|Curse|p1a: Dondozo\n|-unboost|p1a: Dondozo|spe|1\n|-boost|p1a: Dondozo|atk|1\n|-boost|p1a: Dondozo|def|1\n|\n|-heal|p1a: Dondozo|53\/100|[from] item: Leftovers\n|upkeep\n|turn|10\n|\n|t:|1698715780\n|move|p2a: Koraidon|Taunt|p1a: Dondozo\n|-start|p1a: Dondozo|move: Taunt\n|move|p1a: Dondozo|Body Press|p2a: Koraidon\n|-damage|p2a: Koraidon|5\/100\n|\n|-heal|p1a: Dondozo|59\/100|[from] item: Leftovers\n|upkeep\n|turn|11\n|\n|t:|1698715787\n|move|p2a: Koraidon|Collision Course|p1a: Dondozo\n|-damage|p1a: Dondozo|40\/100\n|move|p1a: Dondozo|Body Press|p2a: Koraidon\n|-damage|p2a: Koraidon|0 fnt\n|faint|p2a: Koraidon\n|\n|-heal|p1a: Dondozo|46\/100|[from] item: Leftovers\n|upkeep\n|\n|t:|1698715804\n|switch|p2a: Koraidon|Koraidon|100\/100\n|-status|p2a: Koraidon|tox\n|-weather|SunnyDay|[from] ability: Orichalcum Pulse|[of] p2a: Koraidon\n|-activate|p2a: Koraidon|Orichalcum Pulse|[source]\n|turn|12\n|\n|t:|1698715812\n|move|p2a: Koraidon|Solar Beam||[still]\n|-prepare|p2a: Koraidon|Solar Beam\n|-anim|p2a: Koraidon|Solar Beam|p1a: Dondozo\n|-supereffective|p1a: Dondozo\n|-damage|p1a: Dondozo|0 fnt\n|faint|p1a: Dondozo\n|\n|-weather|SunnyDay|[upkeep]\n|-damage|p2a: Koraidon|94\/100 tox|[from] psn\n|upkeep\n|\n|t:|1698715819\n|switch|p1a: Bronzong|Bronzong|100\/100\n|turn|13\n|\n|t:|1698715829\n|-terastallize|p1a: Bronzong|Ghost\n|move|p2a: Koraidon|Solar Beam||[still]\n|-prepare|p2a: Koraidon|Solar Beam\n|-anim|p2a: Koraidon|Solar Beam|p1a: Bronzong\n|-damage|p1a: Bronzong|71\/100\n|move|p1a: Bronzong|Trick Room|p1a: Bronzong\n|-fieldstart|move: Trick Room|[of] p1a: Bronzong\n|\n|-weather|SunnyDay|[upkeep]\n|-damage|p2a: Koraidon|82\/100 tox|[from] psn\n|upkeep\n|turn|14\n|\n|t:|1698715846\n|switch|p2a: Koraidon|Koraidon|100\/100\n|-status|p2a: Koraidon|tox\n|-activate|p2a: Koraidon|ability: Orichalcum Pulse\n|move|p1a: Bronzong|Skill Swap|p2a: Koraidon\n|-activate|p1a: Bronzong|move: Skill Swap|Orichalcum Pulse|Heatproof|[of] p2a: Koraidon\n|-activate|p1a: Bronzong|ability: Orichalcum Pulse\n|\n|-weather|SunnyDay|[upkeep]\n|-damage|p2a: Koraidon|94\/100 tox|[from] psn\n|upkeep\n|turn|15\n|\n|t:|1698715865\n|move|p1a: Bronzong|Shadow Ball|p2a: Koraidon\n|-damage|p2a: Koraidon|70\/100 tox\n|move|p2a: Koraidon|Crunch|p1a: Bronzong\n|-supereffective|p1a: Bronzong\n|-damage|p1a: Bronzong|5\/100\n|-damage|p2a: Koraidon|60\/100 tox|[from] item: Life Orb\n|\n|-weather|SunnyDay|[upkeep]\n|-damage|p2a: Koraidon|47\/100 tox|[from] psn\n|upkeep\n|turn|16\n|\n|t:|1698715875\n|move|p1a: Bronzong|Gyro Ball|p2a: Koraidon\n|-damage|p2a: Koraidon|0 fnt\n|faint|p2a: Koraidon\n|\n|-weather|none\n|upkeep\n|inactive|Liverking6969 has 120 seconds left.\n|\n|t:|1698715895\n|switch|p2a: Koraidon|Koraidon|100\/100\n|-status|p2a: Koraidon|tox\n|-weather|SunnyDay|[from] ability: Orichalcum Pulse|[of] p2a: Koraidon\n|-activate|p2a: Koraidon|Orichalcum Pulse|[source]\n|turn|17\n|inactive|Liverking6969 has 120 seconds left.\n|\n|t:|1698715913\n|move|p1a: Bronzong|Gyro Ball|p2a: Koraidon\n|-damage|p2a: Koraidon|47\/100 tox\n|move|p2a: Koraidon|Flame Charge|p1a: Bronzong\n|-damage|p1a: Bronzong|0 fnt\n|-boost|p2a: Koraidon|spe|1\n|faint|p1a: Bronzong\n|\n|-weather|SunnyDay|[upkeep]\n|-damage|p2a: Koraidon|40\/100 tox|[from] psn\n|-fieldend|move: Trick Room\n|upkeep\n|\n|t:|1698715917\n|switch|p1a: Toxapex|Toxapex, M|100\/100\n|turn|18\n|inactive|Liverking6969 has 120 seconds left.\n|\n|t:|1698715926\n|move|p1a: Toxapex|Protect|p1a: Toxapex\n|-singleturn|p1a: Toxapex|Protect\n|move|p2a: Koraidon|Swords Dance|p2a: Koraidon\n|-boost|p2a: Koraidon|atk|2\n|\n|-weather|SunnyDay|[upkeep]\n|-damage|p2a: Koraidon|28\/100 tox|[from] psn\n|upkeep\n|turn|19\n|\n|t:|1698715933\n|move|p2a: Koraidon|Collision Course|p1a: Toxapex\n|-resisted|p1a: Toxapex\n|-damage|p1a: Toxapex|52\/100\n|move|p1a: Toxapex|Haze|p1a: Toxapex\n|-clearallboost\n|\n|-weather|SunnyDay|[upkeep]\n|-heal|p1a: Toxapex|59\/100|[from] item: Leftovers\n|-damage|p2a: Koraidon|10\/100 tox|[from] psn\n|upkeep\n|turn|20\n|\n|t:|1698715943\n|move|p1a: Toxapex|Protect|p1a: Toxapex\n|-singleturn|p1a: Toxapex|Protect\n|move|p2a: Koraidon|Taunt|p1a: Toxapex\n|-activate|p1a: Toxapex|move: Protect\n|\n|-weather|SunnyDay|[upkeep]\n|-heal|p1a: Toxapex|65\/100|[from] item: Leftovers\n|-damage|p2a: Koraidon|0 fnt|[from] psn\n|faint|p2a: Koraidon\n|upkeep\n|inactive|Liverking6969 has 120 seconds left.\n|\n|t:|1698715970\n|switch|p2a: Koraidon|Koraidon|82\/100 tox\n|-activate|p2a: Koraidon|ability: Orichalcum Pulse\n|turn|21\n|\n|t:|1698715979\n|move|p2a: Koraidon|Solar Beam||[still]\n|-prepare|p2a: Koraidon|Solar Beam\n|-anim|p2a: Koraidon|Solar Beam|p1a: Toxapex\n|-damage|p1a: Toxapex|24\/100\n|move|p1a: Toxapex|Recover|p1a: Toxapex\n|-heal|p1a: Toxapex|74\/100\n|\n|-weather|none\n|-heal|p1a: Toxapex|80\/100|[from] item: Leftovers\n|-damage|p2a: Koraidon|76\/100 tox|[from] psn\n|upkeep\n|turn|22\n|inactive|Liverking6969 has 120 seconds left.\n|\n|t:|1698716003\n|switch|p2a: Koraidon|Koraidon|100\/100\n|-status|p2a: Koraidon|tox\n|-weather|SunnyDay|[from] ability: Orichalcum Pulse|[of] p2a: Koraidon\n|-activate|p2a: Koraidon|Orichalcum Pulse|[source]\n|move|p1a: Toxapex|Protect||[still]\n|-fail|p1a: Toxapex\n|\n|-weather|SunnyDay|[upkeep]\n|-heal|p1a: Toxapex|87\/100|[from] item: Leftovers\n|-damage|p2a: Koraidon|94\/100 tox|[from] psn\n|upkeep\n|turn|23\n|\n|t:|1698716014\n|move|p2a: Koraidon|U-turn|p1a: Toxapex\n|-resisted|p1a: Toxapex\n|-damage|p1a: Toxapex|77\/100\n|\n|t:|1698716020\n|switch|p2a: Koraidon|Koraidon|76\/100 tox|[from] U-turn\n|-activate|p2a: Koraidon|ability: Orichalcum Pulse\n|move|p1a: Toxapex|Liquidation|p2a: Koraidon\n|-resisted|p2a: Koraidon\n|-damage|p2a: Koraidon|72\/100 tox\n|\n|-weather|SunnyDay|[upkeep]\n|-heal|p1a: Toxapex|83\/100|[from] item: Leftovers\n|-damage|p2a: Koraidon|66\/100 tox|[from] psn\n|upkeep\n|turn|24\n|\n|t:|1698716031\n|move|p1a: Toxapex|Protect|p1a: Toxapex\n|-singleturn|p1a: Toxapex|Protect\n|move|p2a: Koraidon|Draco Meteor|p1a: Toxapex\n|-activate|p1a: Toxapex|move: Protect\n|\n|-weather|SunnyDay|[upkeep]\n|-heal|p1a: Toxapex|90\/100|[from] item: Leftovers\n|-damage|p2a: Koraidon|54\/100 tox|[from] psn\n|upkeep\n|turn|25\n|\n|t:|1698716052\n|move|p2a: Koraidon|Draco Meteor|p1a: Toxapex\n|-damage|p1a: Toxapex|31\/100\n|-unboost|p2a: Koraidon|spa|2\n|move|p1a: Toxapex|Liquidation|p2a: Koraidon\n|-resisted|p2a: Koraidon\n|-damage|p2a: Koraidon|50\/100 tox\n|-unboost|p2a: Koraidon|def|1\n|\n|-weather|SunnyDay|[upkeep]\n|-heal|p1a: Toxapex|37\/100|[from] item: Leftovers\n|-damage|p2a: Koraidon|32\/100 tox|[from] psn\n|upkeep\n|turn|26\n|\n|t:|1698716070\n|switch|p2a: Koraidon|Koraidon|94\/100 tox\n|-activate|p2a: Koraidon|ability: Orichalcum Pulse\n|move|p1a: Toxapex|Protect||[still]\n|-fail|p1a: Toxapex\n|\n|-weather|none\n|-heal|p1a: Toxapex|44\/100|[from] item: Leftovers\n|-damage|p2a: Koraidon|88\/100 tox|[from] psn\n|upkeep\n|turn|27\n|\n|t:|1698716080\n|switch|p1a: Kilowattrel|Kilowattrel, F|100\/100\n|move|p2a: Koraidon|U-turn|p1a: Kilowattrel\n|-resisted|p1a: Kilowattrel\n|-damage|p1a: Kilowattrel|77\/100\n|inactive|Liverking6969 has 90 seconds left.\n|\n|t:|1698716107\n|switch|p2a: Koraidon|Koraidon|100\/100|[from] U-turn\n|-status|p2a: Koraidon|tox\n|-weather|SunnyDay|[from] ability: Orichalcum Pulse|[of] p2a: Koraidon\n|-activate|p2a: Koraidon|Orichalcum Pulse|[source]\n|\n|-weather|SunnyDay|[upkeep]\n|-damage|p2a: Koraidon|94\/100 tox|[from] psn\n|upkeep\n|turn|28\n|\n|t:|1698716132\n|move|p2a: Koraidon|Outrage|p1a: Kilowattrel\n|-damage|p1a: Kilowattrel|0 fnt\n|faint|p1a: Kilowattrel\n|\n|-weather|SunnyDay|[upkeep]\n|-damage|p2a: Koraidon|82\/100 tox|[from] psn\n|upkeep\n|\n|t:|1698716134\n|switch|p1a: Toxapex|Toxapex, M|77\/100\n|turn|29\n|\n|t:|1698716139\n|move|p1a: Toxapex|Protect|p1a: Toxapex\n|-singleturn|p1a: Toxapex|Protect\n|move|p2a: Koraidon|Outrage|p1a: Toxapex|[from]lockedmove\n|-activate|p1a: Toxapex|move: Protect\n|-start|p2a: Koraidon|confusion|[fatigue]\n|\n|-weather|SunnyDay|[upkeep]\n|-heal|p1a: Toxapex|83\/100|[from] item: Leftovers\n|-damage|p2a: Koraidon|64\/100 tox|[from] psn\n|upkeep\n|turn|30\n|\n|t:|1698716149\n|-activate|p2a: Koraidon|confusion\n|move|p2a: Koraidon|Collision Course|p1a: Toxapex\n|-resisted|p1a: Toxapex\n|-crit|p1a: Toxapex\n|-damage|p1a: Toxapex|51\/100\n|move|p1a: Toxapex|Recover|p1a: Toxapex\n|-heal|p1a: Toxapex|100\/100\n|\n|-weather|SunnyDay|[upkeep]\n|-damage|p2a: Koraidon|39\/100 tox|[from] psn\n|upkeep\n|turn|31\n|\n|t:|1698716158\n|-activate|p2a: Koraidon|confusion\n|move|p2a: Koraidon|Collision Course|p1a: Toxapex\n|-resisted|p1a: Toxapex\n|-damage|p1a: Toxapex|79\/100\n|move|p1a: Toxapex|Liquidation|p2a: Koraidon\n|-resisted|p2a: Koraidon\n|-damage|p2a: Koraidon|35\/100 tox\n|\n|-weather|none\n|-heal|p1a: Toxapex|86\/100|[from] item: Leftovers\n|-damage|p2a: Koraidon|5\/100 tox|[from] psn\n|upkeep\n|turn|32\n|inactive|Liverking6969 has 90 seconds left.\n|\n|t:|1698716172\n|move|p1a: Toxapex|Protect|p1a: Toxapex\n|-singleturn|p1a: Toxapex|Protect\n|-activate|p2a: Koraidon|confusion\n|move|p2a: Koraidon|Outrage|p1a: Toxapex\n|-activate|p1a: Toxapex|move: Protect\n|\n|-heal|p1a: Toxapex|92\/100|[from] item: Leftovers\n|-damage|p2a: Koraidon|0 fnt|[from] psn\n|faint|p2a: Koraidon\n|upkeep\n|\n|t:|1698716194\n|switch|p2a: Koraidon|Koraidon|32\/100 tox\n|-weather|SunnyDay|[from] ability: Orichalcum Pulse|[of] p2a: Koraidon\n|-activate|p2a: Koraidon|Orichalcum Pulse|[source]\n|turn|33\n|\n|t:|1698716204\n|move|p2a: Koraidon|Draco Meteor|p1a: Toxapex\n|-damage|p1a: Toxapex|30\/100\n|-unboost|p2a: Koraidon|spa|2\n|move|p1a: Toxapex|Liquidation|p2a: Koraidon\n|-resisted|p2a: Koraidon\n|-damage|p2a: Koraidon|28\/100 tox\n|\n|-weather|SunnyDay|[upkeep]\n|-heal|p1a: Toxapex|36\/100|[from] item: Leftovers\n|-damage|p2a: Koraidon|22\/100 tox|[from] psn\n|upkeep\n|turn|34\n|\n|t:|1698716216\n|switch|p2a: Koraidon|Koraidon|88\/100 tox\n|-activate|p2a: Koraidon|ability: Orichalcum Pulse\n|move|p1a: Toxapex|Protect||[still]\n|-fail|p1a: Toxapex\n|\n|-weather|SunnyDay|[upkeep]\n|-heal|p1a: Toxapex|42\/100|[from] item: Leftovers\n|-damage|p2a: Koraidon|82\/100 tox|[from] psn\n|upkeep\n|turn|35\n|\n|t:|1698716237\n|move|p2a: Koraidon|U-turn|p1a: Toxapex\n|-resisted|p1a: Toxapex\n|-damage|p1a: Toxapex|32\/100\n|\n|t:|1698716241\n|switch|p2a: Koraidon|Koraidon|22\/100 tox|[from] U-turn\n|-activate|p2a: Koraidon|ability: Orichalcum Pulse\n|move|p1a: Toxapex|Recover|p1a: Toxapex\n|-heal|p1a: Toxapex|82\/100\n|\n|-weather|SunnyDay|[upkeep]\n|-heal|p1a: Toxapex|89\/100|[from] item: Leftovers\n|-damage|p2a: Koraidon|16\/100 tox|[from] psn\n|upkeep\n|turn|36\n|\n|t:|1698716254\n|move|p1a: Toxapex|Protect|p1a: Toxapex\n|-singleturn|p1a: Toxapex|Protect\n|move|p2a: Koraidon|Draco Meteor|p1a: Toxapex\n|-activate|p1a: Toxapex|move: Protect\n|\n|-weather|SunnyDay|[upkeep]\n|-heal|p1a: Toxapex|95\/100|[from] item: Leftovers\n|-damage|p2a: Koraidon|4\/100 tox|[from] psn\n|upkeep\n|turn|37\n|\n|t:|1698716263\n|move|p2a: Koraidon|Draco Meteor|p1a: Toxapex\n|-damage|p1a: Toxapex|28\/100\n|-unboost|p2a: Koraidon|spa|2\n|move|p1a: Toxapex|Recover|p1a: Toxapex\n|-heal|p1a: Toxapex|78\/100\n|\n|-weather|none\n|-heal|p1a: Toxapex|84\/100|[from] item: Leftovers\n|-damage|p2a: Koraidon|0 fnt|[from] psn\n|faint|p2a: Koraidon\n|upkeep\n|\n|t:|1698716273\n|switch|p2a: Koraidon|Koraidon|82\/100 tox\n|-weather|SunnyDay|[from] ability: Orichalcum Pulse|[of] p2a: Koraidon\n|-activate|p2a: Koraidon|Orichalcum Pulse|[source]\n|turn|38\n|\n|t:|1698716283\n|move|p2a: Koraidon|Dragon Claw|p1a: Toxapex\n|-damage|p1a: Toxapex|49\/100\n|move|p1a: Toxapex|Liquidation|p2a: Koraidon\n|-resisted|p2a: Koraidon\n|-damage|p2a: Koraidon|79\/100 tox\n|-unboost|p2a: Koraidon|def|1\n|\n|-weather|SunnyDay|[upkeep]\n|-heal|p1a: Toxapex|55\/100|[from] item: Leftovers\n|-damage|p2a: Koraidon|72\/100 tox|[from] psn\n|upkeep\n|turn|39\n|\n|t:|1698716297\n|move|p1a: Toxapex|Protect|p1a: Toxapex\n|-singleturn|p1a: Toxapex|Protect\n|move|p2a: Koraidon|Dragon Claw|p1a: Toxapex\n|-activate|p1a: Toxapex|move: Protect\n|\n|-weather|SunnyDay|[upkeep]\n|-heal|p1a: Toxapex|61\/100|[from] item: Leftovers\n|-damage|p2a: Koraidon|60\/100 tox|[from] psn\n|upkeep\n|turn|40\n|\n|t:|1698716305\n|move|p2a: Koraidon|Dragon Claw|p1a: Toxapex\n|-damage|p1a: Toxapex|28\/100\n|move|p1a: Toxapex|Recover|p1a: Toxapex\n|-heal|p1a: Toxapex|78\/100\n|\n|-weather|SunnyDay|[upkeep]\n|-heal|p1a: Toxapex|85\/100|[from] item: Leftovers\n|-damage|p2a: Koraidon|42\/100 tox|[from] psn\n|upkeep\n|turn|41\n|\n|t:|1698716314\n|move|p1a: Toxapex|Protect|p1a: Toxapex\n|-singleturn|p1a: Toxapex|Protect\n|move|p2a: Koraidon|Dragon Claw|p1a: Toxapex\n|-activate|p1a: Toxapex|move: Protect\n|\n|-weather|SunnyDay|[upkeep]\n|-heal|p1a: Toxapex|91\/100|[from] item: Leftovers\n|-damage|p2a: Koraidon|17\/100 tox|[from] psn\n|upkeep\n|turn|42\n|\n|t:|1698716322\n|move|p2a: Koraidon|Dragon Claw|p1a: Toxapex\n|-damage|p1a: Toxapex|59\/100\n|move|p1a: Toxapex|Liquidation|p2a: Koraidon\n|-resisted|p2a: Koraidon\n|-damage|p2a: Koraidon|11\/100 tox\n|\n|-weather|none\n|-heal|p1a: Toxapex|65\/100|[from] item: Leftovers\n|-damage|p2a: Koraidon|0 fnt|[from] psn\n|faint|p2a: Koraidon\n|\n|win|AttentivePeach\n|upkeep\n|raw|AttentivePeach's rating: 1315 &rarr; <strong>1339<\/strong><br \/>(+24 for winning)\n|raw|Liverking6969's rating: 1389 &rarr; <strong>1365<\/strong><br \/>(-24 for losing)\n","uploadtime":1698716328,"views":12,"p1id":"attentivepeach","p2id":"liverking6969","formatid":"gen9anythinggoes","rating":1339,"private":0,"password":""}