{"id":"gen9anythinggoes-1974376942","p1":"MAIAGG","p2":"Nihazas","format":"[Gen 9] Anything Goes","log":"|j|\u2606MAIAGG\n|j|\u2606Nihazas\n|t:|1698082130\n|gametype|singles\n|player|p1|MAIAGG|102|1127\n|player|p2|Nihazas|psychic-gen4|1000\n|teamsize|p1|6\n|teamsize|p2|6\n|gen|9\n|tier|[Gen 9] Anything Goes\n|rated|\n|rule|HP Percentage Mod: HP is shown in percentages\n|rule|Endless Battle Clause: Forcing endless battles is banned\n|clearpoke\n|poke|p1|Meowscarada, F|\n|poke|p1|Hydreigon, M|\n|poke|p1|Maushold-Four|\n|poke|p1|Gholdengo|\n|poke|p1|Gastrodon, F|\n|poke|p1|Iron Valiant|\n|poke|p2|Zacian-*|\n|poke|p2|Dragapult, F|\n|poke|p2|Kingambit, M|\n|poke|p2|Toxapex, M|\n|poke|p2|Ninetales-Alola, F|\n|poke|p2|Jirachi|\n|teampreview\n|\n|t:|1698082158\n|start\n|switch|p1a: Meowscarada|Meowscarada, F|100\/100\n|switch|p2a: Jirachi|Jirachi|100\/100\n|turn|1\n|\n|t:|1698082180\n|switch|p1a: Iron Valiant|Iron Valiant|100\/100\n|-enditem|p1a: Iron Valiant|Booster Energy\n|-activate|p1a: Iron Valiant|ability: Quark Drive|[fromitem]\n|-start|p1a: Iron Valiant|quarkdrivespe\n|move|p2a: Jirachi|Light Screen|p2a: Jirachi\n|-sidestart|p2: Nihazas|move: Light Screen\n|\n|upkeep\n|turn|2\n|\n|t:|1698082188\n|move|p1a: Iron Valiant|Close Combat|p2a: Jirachi\n|-damage|p2a: Jirachi|50\/100\n|-unboost|p1a: Iron Valiant|def|1\n|-unboost|p1a: Iron Valiant|spd|1\n|move|p2a: Jirachi|Reflect|p2a: Jirachi\n|-sidestart|p2: Nihazas|Reflect\n|\n|-heal|p2a: Jirachi|56\/100|[from] item: Leftovers\n|upkeep\n|turn|3\n|\n|t:|1698082206\n|switch|p2a: King Arthur|Zacian-Crowned, shiny|100\/100\n|-ability|p2a: King Arthur|Intrepid Sword|boost\n|-boost|p2a: King Arthur|atk|1\n|move|p1a: Iron Valiant|Close Combat|p2a: King Arthur\n|-damage|p2a: King Arthur|76\/100\n|-unboost|p1a: Iron Valiant|def|1\n|-unboost|p1a: Iron Valiant|spd|1\n|\n|upkeep\n|turn|4\n|\n|t:|1698082240\n|move|p1a: Iron Valiant|Knock Off|p2a: King Arthur\n|-resisted|p2a: King Arthur\n|-damage|p2a: King Arthur|70\/100\n|move|p2a: King Arthur|Behemoth Blade|p1a: Iron Valiant\n|-supereffective|p1a: Iron Valiant\n|-crit|p1a: Iron Valiant\n|-damage|p1a: Iron Valiant|0 fnt\n|faint|p1a: Iron Valiant\n|-end|p1a: Iron Valiant|Quark Drive|[silent]\n|\n|upkeep\n|\n|t:|1698082248\n|switch|p1a: Meowscarada|Meowscarada, F|100\/100\n|turn|5\n|\n|t:|1698082257\n|move|p1a: Meowscarada|Flower Trick|p2a: King Arthur\n|-resisted|p2a: King Arthur\n|-crit|p2a: King Arthur\n|-damage|p2a: King Arthur|49\/100\n|move|p2a: King Arthur|Behemoth Blade|p1a: Meowscarada\n|-damage|p1a: Meowscarada|0 fnt\n|faint|p1a: Meowscarada\n|\n|-sideend|p2: Nihazas|move: Light Screen\n|upkeep\n|\n|t:|1698082267\n|switch|p1a: Hydreigon|Hydreigon, M|100\/100\n|turn|6\n|\n|t:|1698082272\n|move|p2a: King Arthur|Behemoth Blade|p1a: Hydreigon\n|-damage|p1a: Hydreigon|12\/100\n|move|p1a: Hydreigon|Heat Wave|p2a: King Arthur|[miss]\n|-miss|p1a: Hydreigon|p2a: King Arthur\n|\n|-sideend|p2: Nihazas|Reflect\n|upkeep\n|turn|7\n|\n|t:|1698082286\n|move|p2a: King Arthur|Wild Charge|p1a: Hydreigon\n|-resisted|p1a: Hydreigon\n|-damage|p1a: Hydreigon|0 fnt\n|faint|p1a: Hydreigon\n|-damage|p2a: King Arthur|46\/100|[from] Recoil\n|\n|upkeep\n|\n|t:|1698082297\n|switch|p1a: Gholdengo|Gholdengo|100\/100\n|turn|8\n|\n|t:|1698082307\n|move|p2a: King Arthur|Behemoth Blade|p1a: Gholdengo\n|-resisted|p1a: Gholdengo\n|-damage|p1a: Gholdengo|58\/100\n|move|p1a: Gholdengo|Make It Rain|p2a: King Arthur\n|-damage|p2a: King Arthur|0 fnt\n|-unboost|p1a: Gholdengo|spa|1\n|faint|p2a: King Arthur\n|\n|-heal|p1a: Gholdengo|65\/100|[from] item: Leftovers\n|upkeep\n|\n|t:|1698082319\n|switch|p2a: Jirachi|Jirachi|56\/100\n|turn|9\n|\n|t:|1698082328\n|move|p2a: Jirachi|Light Screen|p2a: Jirachi\n|-sidestart|p2: Nihazas|move: Light Screen\n|move|p1a: Gholdengo|Thunder Wave|p2a: Jirachi\n|-status|p2a: Jirachi|par\n|\n|-heal|p1a: Gholdengo|71\/100|[from] item: Leftovers\n|-heal|p2a: Jirachi|62\/100 par|[from] item: Leftovers\n|upkeep\n|turn|10\n|\n|t:|1698082337\n|move|p1a: Gholdengo|Hex|p2a: Jirachi\n|-supereffective|p2a: Jirachi\n|-damage|p2a: Jirachi|29\/100 par\n|move|p2a: Jirachi|Reflect|p2a: Jirachi\n|-sidestart|p2: Nihazas|Reflect\n|\n|-heal|p1a: Gholdengo|77\/100|[from] item: Leftovers\n|-heal|p2a: Jirachi|36\/100 par|[from] item: Leftovers\n|upkeep\n|turn|11\n|\n|t:|1698082346\n|move|p2a: Jirachi|Protect|p2a: Jirachi\n|-singleturn|p2a: Jirachi|Protect\n|move|p1a: Gholdengo|Hex|p2a: Jirachi\n|-activate|p2a: Jirachi|move: Protect\n|\n|-heal|p1a: Gholdengo|83\/100|[from] item: Leftovers\n|-heal|p2a: Jirachi|42\/100 par|[from] item: Leftovers\n|upkeep\n|turn|12\n|\n|t:|1698082361\n|switch|p2a: Ninetales|Ninetales-Alola, F, shiny|100\/100\n|-weather|Snow|[from] ability: Snow Warning|[of] p2a: Ninetales\n|move|p1a: Gholdengo|Hex|p2a: Ninetales\n|-damage|p2a: Ninetales|89\/100\n|\n|-weather|Snow|[upkeep]\n|-heal|p1a: Gholdengo|89\/100|[from] item: Leftovers\n|upkeep\n|turn|13\n|\n|t:|1698082379\n|-terastallize|p2a: Ninetales|Fire\n|move|p2a: Ninetales|Aurora Veil|p2a: Ninetales\n|-sidestart|p2: Nihazas|move: Aurora Veil\n|move|p1a: Gholdengo|Thunder Wave|p2a: Ninetales\n|-status|p2a: Ninetales|par\n|\n|-weather|Snow|[upkeep]\n|-heal|p1a: Gholdengo|95\/100|[from] item: Leftovers\n|-sideend|p2: Nihazas|move: Light Screen\n|upkeep\n|turn|14\n|\n|t:|1698082392\n|switch|p1a: Gastrodon|Gastrodon, F|100\/100\n|move|p2a: Ninetales|Freeze-Dry|p1a: Gastrodon\n|-supereffective|p1a: Gastrodon\n|-damage|p1a: Gastrodon|46\/100\n|\n|-weather|Snow|[upkeep]\n|-heal|p1a: Gastrodon|52\/100|[from] item: Leftovers\n|-sideend|p2: Nihazas|Reflect\n|upkeep\n|turn|15\n|\n|t:|1698082402\n|move|p2a: Ninetales|Freeze-Dry|p1a: Gastrodon\n|-supereffective|p1a: Gastrodon\n|-damage|p1a: Gastrodon|0 fnt\n|faint|p1a: Gastrodon\n|\n|-weather|Snow|[upkeep]\n|upkeep\n|\n|t:|1698082412\n|switch|p1a: Maushold|Maushold-Four|100\/100\n|turn|16\n|\n|t:|1698082437\n|-terastallize|p1a: Maushold|Normal\n|move|p1a: Maushold|Population Bomb|p2a: Ninetales\n|-damage|p2a: Ninetales|80\/100 par\n|-damage|p2a: Ninetales|72\/100 par\n|-damage|p2a: Ninetales|63\/100 par\n|-damage|p2a: Ninetales|54\/100 par\n|-damage|p2a: Ninetales|45\/100 par\n|-damage|p2a: Ninetales|36\/100 par\n|-damage|p2a: Ninetales|27\/100 par\n|-damage|p2a: Ninetales|18\/100 par\n|-damage|p2a: Ninetales|10\/100 par\n|-damage|p2a: Ninetales|0 fnt\n|faint|p2a: Ninetales\n|-hitcount|p2: Ninetales|10\n|\n|-weather|none\n|upkeep\n|\n|t:|1698082456\n|switch|p2a: Dragapult|Dragapult, F, shiny|100\/100\n|turn|17\n|\n|t:|1698082468\n|move|p2a: Dragapult|Light Screen|p2a: Dragapult\n|-sidestart|p2: Nihazas|move: Light Screen\n|move|p1a: Maushold|Thunder Wave|p2a: Dragapult\n|-status|p2a: Dragapult|par\n|\n|upkeep\n|turn|18\n|\n|t:|1698082483\n|switch|p1a: Gholdengo|Gholdengo|95\/100\n|move|p2a: Dragapult|Reflect|p2a: Dragapult\n|-sidestart|p2: Nihazas|Reflect\n|\n|-heal|p1a: Gholdengo|100\/100|[from] item: Leftovers\n|upkeep\n|turn|19\n|\n|t:|1698082506\n|move|p2a: Dragapult|Dragon Darts|p1a: Gholdengo\n|-resisted|p1a: Gholdengo\n|-crit|p1a: Gholdengo\n|-damage|p1a: Gholdengo|87\/100\n|-anim|p2a: Dragapult|Dragon Darts|p1a: Gholdengo\n|-resisted|p1a: Gholdengo\n|-damage|p1a: Gholdengo|78\/100\n|move|p1a: Gholdengo|Hex|p2a: Dragapult\n|-supereffective|p2a: Dragapult\n|-damage|p2a: Dragapult|14\/100 par\n|\n|-heal|p1a: Gholdengo|84\/100|[from] item: Leftovers\n|upkeep\n|turn|20\n|\n|t:|1698082523\n|cant|p2a: Dragapult|par\n|move|p1a: Gholdengo|Hex|p2a: Dragapult\n|-supereffective|p2a: Dragapult\n|-damage|p2a: Dragapult|0 fnt\n|faint|p2a: Dragapult\n|\n|-heal|p1a: Gholdengo|90\/100|[from] item: Leftovers\n|-sideend|p2: Nihazas|move: Aurora Veil\n|upkeep\n|\n|t:|1698082531\n|switch|p2a: Kingambit|Kingambit, M, shiny|100\/100\n|-activate|p2a: Kingambit|ability: Supreme Overlord\n|-start|p2a: Kingambit|fallen3|[silent]\n|turn|21\n|\n|t:|1698082551\n|move|p1a: Gholdengo|Thunder Wave|p2a: Kingambit\n|-status|p2a: Kingambit|par\n|move|p2a: Kingambit|Kowtow Cleave|p1a: Gholdengo\n|-supereffective|p1a: Gholdengo\n|-damage|p1a: Gholdengo|0 fnt\n|faint|p1a: Gholdengo\n|\n|upkeep\n|\n|t:|1698082560\n|switch|p1a: Maushold|Maushold-Four, tera:Normal|100\/100\n|turn|22\n|\n|t:|1698082566\n|move|p1a: Maushold|Population Bomb|p2a: Kingambit\n|-resisted|p2a: Kingambit\n|-damage|p2a: Kingambit|98\/100 par\n|-resisted|p2a: Kingambit\n|-damage|p2a: Kingambit|95\/100 par\n|-resisted|p2a: Kingambit\n|-damage|p2a: Kingambit|93\/100 par\n|-resisted|p2a: Kingambit\n|-damage|p2a: Kingambit|90\/100 par\n|-resisted|p2a: Kingambit\n|-damage|p2a: Kingambit|88\/100 par\n|-resisted|p2a: Kingambit\n|-damage|p2a: Kingambit|85\/100 par\n|-resisted|p2a: Kingambit\n|-damage|p2a: Kingambit|82\/100 par\n|-resisted|p2a: Kingambit\n|-damage|p2a: Kingambit|79\/100 par\n|-resisted|p2a: Kingambit\n|-damage|p2a: Kingambit|77\/100 par\n|-resisted|p2a: Kingambit\n|-crit|p2a: Kingambit\n|-damage|p2a: Kingambit|69\/100 par\n|-hitcount|p2a: Kingambit|10\n|move|p2a: Kingambit|Iron Head|p1a: Maushold\n|-damage|p1a: Maushold|8\/100\n|\n|-heal|p2a: Kingambit|75\/100 par|[from] item: Leftovers\n|upkeep\n|turn|23\n|\n|t:|1698082597\n|cant|p2a: Kingambit|par\n|move|p1a: Maushold|Population Bomb|p2a: Kingambit\n|-resisted|p2a: Kingambit\n|-damage|p2a: Kingambit|73\/100 par\n|-resisted|p2a: Kingambit\n|-damage|p2a: Kingambit|70\/100 par\n|-resisted|p2a: Kingambit\n|-damage|p2a: Kingambit|68\/100 par\n|-resisted|p2a: Kingambit\n|-crit|p2a: Kingambit\n|-damage|p2a: Kingambit|60\/100 par\n|-resisted|p2a: Kingambit\n|-damage|p2a: Kingambit|57\/100 par\n|-resisted|p2a: Kingambit\n|-damage|p2a: Kingambit|55\/100 par\n|-resisted|p2a: Kingambit\n|-damage|p2a: Kingambit|52\/100 par\n|-resisted|p2a: Kingambit\n|-damage|p2a: Kingambit|50\/100 par\n|-resisted|p2a: Kingambit\n|-damage|p2a: Kingambit|47\/100 par\n|-resisted|p2a: Kingambit\n|-damage|p2a: Kingambit|45\/100 par\n|-hitcount|p2a: Kingambit|10\n|\n|-heal|p2a: Kingambit|51\/100 par|[from] item: Leftovers\n|upkeep\n|turn|24\n|\n|t:|1698082629\n|cant|p2a: Kingambit|par\n|move|p1a: Maushold|Population Bomb|p2a: Kingambit\n|-resisted|p2a: Kingambit\n|-damage|p2a: Kingambit|48\/100 par\n|-resisted|p2a: Kingambit\n|-damage|p2a: Kingambit|46\/100 par\n|-resisted|p2a: Kingambit\n|-damage|p2a: Kingambit|43\/100 par\n|-resisted|p2a: Kingambit\n|-damage|p2a: Kingambit|40\/100 par\n|-resisted|p2a: Kingambit\n|-damage|p2a: Kingambit|38\/100 par\n|-resisted|p2a: Kingambit\n|-crit|p2a: Kingambit\n|-damage|p2a: Kingambit|29\/100 par\n|-resisted|p2a: Kingambit\n|-damage|p2a: Kingambit|27\/100 par\n|-resisted|p2a: Kingambit\n|-damage|p2a: Kingambit|25\/100 par\n|-resisted|p2a: Kingambit\n|-damage|p2a: Kingambit|22\/100 par\n|-resisted|p2a: Kingambit\n|-damage|p2a: Kingambit|19\/100 par\n|-hitcount|p2a: Kingambit|10\n|\n|-heal|p2a: Kingambit|25\/100 par|[from] item: Leftovers\n|-sideend|p2: Nihazas|move: Light Screen\n|upkeep\n|turn|25\n|\n|t:|1698082669\n|move|p1a: Maushold|Population Bomb|p2a: Kingambit\n|-resisted|p2a: Kingambit\n|-damage|p2a: Kingambit|23\/100 par\n|-resisted|p2a: Kingambit\n|-damage|p2a: Kingambit|20\/100 par\n|-resisted|p2a: Kingambit\n|-damage|p2a: Kingambit|17\/100 par\n|-resisted|p2a: Kingambit\n|-damage|p2a: Kingambit|15\/100 par\n|-resisted|p2a: Kingambit\n|-damage|p2a: Kingambit|12\/100 par\n|-resisted|p2a: Kingambit\n|-damage|p2a: Kingambit|9\/100 par\n|-resisted|p2a: Kingambit\n|-damage|p2a: Kingambit|7\/100 par\n|-resisted|p2a: Kingambit\n|-damage|p2a: Kingambit|4\/100 par\n|-resisted|p2a: Kingambit\n|-damage|p2a: Kingambit|2\/100 par\n|-resisted|p2a: Kingambit\n|-damage|p2a: Kingambit|0 fnt\n|faint|p2a: Kingambit\n|-end|p2a: Kingambit|fallen3|[silent]\n|-hitcount|p2: Kingambit|10\n|\n|-sideend|p2: Nihazas|Reflect\n|upkeep\n|\n|t:|1698082691\n|switch|p2a: Toxapex|Toxapex, M, shiny|100\/100\n|turn|26\n|\n|t:|1698082724\n|move|p1a: Maushold|Population Bomb|p2a: Toxapex\n|-crit|p2a: Toxapex\n|-damage|p2a: Toxapex|87\/100\n|-damage|p2a: Toxapex|78\/100\n|-crit|p2a: Toxapex\n|-damage|p2a: Toxapex|64\/100\n|-damage|p2a: Toxapex|54\/100\n|-damage|p2a: Toxapex|44\/100\n|-damage|p2a: Toxapex|36\/100\n|-damage|p2a: Toxapex|27\/100\n|-damage|p2a: Toxapex|18\/100\n|-damage|p2a: Toxapex|9\/100\n|-damage|p2a: Toxapex|0 fnt\n|faint|p2a: Toxapex\n|-hitcount|p2: Toxapex|10\n|\n|upkeep\n|\n|t:|1698082741\n|switch|p2a: Jirachi|Jirachi|42\/100 par\n|turn|27\n|\n|t:|1698082752\n|move|p1a: Maushold|Population Bomb|p2a: Jirachi\n|-resisted|p2a: Jirachi\n|-damage|p2a: Jirachi|36\/100 par\n|-resisted|p2a: Jirachi\n|-damage|p2a: Jirachi|29\/100 par\n|-resisted|p2a: Jirachi\n|-damage|p2a: Jirachi|23\/100 par\n|-resisted|p2a: Jirachi\n|-damage|p2a: Jirachi|17\/100 par\n|-resisted|p2a: Jirachi\n|-damage|p2a: Jirachi|10\/100 par\n|-resisted|p2a: Jirachi\n|-damage|p2a: Jirachi|3\/100 par\n|-resisted|p2a: Jirachi\n|-damage|p2a: Jirachi|0 fnt\n|faint|p2a: Jirachi\n|-hitcount|p2: Jirachi|7\n|\n|win|MAIAGG\n|raw|MAIAGG's rating: 1127 &rarr; <strong>1143<\/strong><br \/>(+16 for winning)\n|raw|Nihazas's rating: 1000 &rarr; <strong>1000<\/strong><br \/>(+0 for losing)\n","uploadtime":1698082767,"views":6,"p1id":"maiagg","p2id":"nihazas","formatid":"gen9anythinggoes","rating":1000,"private":0,"password":""}