{"id":"gen9anythinggoes-1978539043","p1":"q2wegn","p2":"NewMarioGame","format":"[Gen 9] Anything Goes","log":"|j|\u2606q2wegn\n|j|\u2606NewMarioGame\n|t:|1698552612\n|gametype|singles\n|player|p1|q2wegn|169|1212\n|player|p2|NewMarioGame|101|1107\n|teamsize|p1|6\n|teamsize|p2|6\n|gen|9\n|tier|[Gen 9] Anything Goes\n|rated|\n|rule|HP Percentage Mod: HP is shown in percentages\n|rule|Endless Battle Clause: Forcing endless battles is banned\n|clearpoke\n|poke|p1|Drifblim, M|\n|poke|p1|Landorus, M|\n|poke|p1|Breloom, F|\n|poke|p1|Weezing-Galar, M|\n|poke|p1|Gothitelle, F|\n|poke|p1|Ditto|\n|poke|p2|Sawsbuck, F|\n|poke|p2|Indeedee, M|\n|poke|p2|Quaquaval, M|\n|poke|p2|Maushold|\n|poke|p2|Iron Moth|\n|poke|p2|Glimmora, M|\n|teampreview\n|inactive|Battle timer is ON: inactive players will automatically lose when time's up. (requested by q2wegn)\n|\n|t:|1698552616\n|start\n|switch|p1a: Big chungus|Gothitelle, F|100\/100\n|switch|p2a: Indeedee|Indeedee, M|100\/100\n|-fieldstart|move: Psychic Terrain|[from] ability: Psychic Surge|[of] p2a: Indeedee\n|turn|1\n|\n|t:|1698552624\n|move|p1a: Big chungus|Trick|p2a: Indeedee\n|-activate|p1a: Big chungus|move: Trick|[of] p2a: Indeedee\n|-item|p2a: Indeedee|Choice Scarf|[from] move: Trick\n|-item|p1a: Big chungus|Choice Specs|[from] move: Trick\n|move|p2a: Indeedee|Shadow Ball|p1a: Big chungus\n|-supereffective|p1a: Big chungus\n|-damage|p1a: Big chungus|39\/100\n|\n|upkeep\n|turn|2\n|\n|t:|1698552637\n|move|p2a: Indeedee|Shadow Ball|p1a: Big chungus\n|-supereffective|p1a: Big chungus\n|-damage|p1a: Big chungus|0 fnt\n|faint|p1a: Big chungus\n|\n|upkeep\n|\n|t:|1698552644\n|switch|p1a: Drifblim|Drifblim, M|100\/100\n|turn|3\n|\n|t:|1698552651\n|-terastallize|p1a: Drifblim|Normal\n|move|p2a: Indeedee|Shadow Ball|p1a: Drifblim\n|-immune|p1a: Drifblim\n|move|p1a: Drifblim|Minimize|p1a: Drifblim\n|-boost|p1a: Drifblim|evasion|2\n|\n|upkeep\n|turn|4\n|\n|t:|1698552660\n|switch|p2a: Quaquaval|Quaquaval, M|100\/100\n|move|p1a: Drifblim|Minimize|p1a: Drifblim\n|-boost|p1a: Drifblim|evasion|2\n|\n|upkeep\n|turn|5\n|\n|t:|1698552667\n|-terastallize|p2a: Quaquaval|Water\n|move|p2a: Quaquaval|Aqua Step|p1a: Drifblim\n|-damage|p1a: Drifblim|36\/100\n|-boost|p2a: Quaquaval|spe|1\n|move|p1a: Drifblim|Minimize|p1a: Drifblim\n|-boost|p1a: Drifblim|evasion|2\n|\n|-fieldend|move: Psychic Terrain\n|upkeep\n|turn|6\n|\n|t:|1698552677\n|move|p2a: Quaquaval|Aqua Step|p1a: Drifblim|[miss]\n|-miss|p2a: Quaquaval|p1a: Drifblim\n|move|p1a: Drifblim|Substitute|p1a: Drifblim\n|-start|p1a: Drifblim|Substitute\n|-damage|p1a: Drifblim|11\/100\n|-enditem|p1a: Drifblim|Aguav Berry|[eat]\n|-heal|p1a: Drifblim|45\/100|[from] item: Aguav Berry\n|\n|upkeep\n|turn|7\n|\n|t:|1698552687\n|move|p1a: Drifblim|Clear Smog|p2a: Quaquaval\n|-damage|p2a: Quaquaval|85\/100\n|-clearboost|p2a: Quaquaval\n|move|p2a: Quaquaval|Aqua Step|p1a: Drifblim\n|-end|p1a: Drifblim|Substitute\n|-boost|p2a: Quaquaval|spe|1\n|\n|-heal|p2a: Quaquaval|91\/100|[from] item: Leftovers\n|upkeep\n|turn|8\n|\n|t:|1698552698\n|move|p1a: Drifblim|Substitute|p1a: Drifblim\n|-start|p1a: Drifblim|Substitute\n|-damage|p1a: Drifblim|20\/100\n|move|p2a: Quaquaval|Aqua Step|p1a: Drifblim|[miss]\n|-miss|p2a: Quaquaval|p1a: Drifblim\n|\n|-heal|p2a: Quaquaval|97\/100|[from] item: Leftovers\n|upkeep\n|turn|9\n|\n|t:|1698552705\n|move|p1a: Drifblim|Baton Pass|p1a: Drifblim\n|\n|t:|1698552707\n|switch|p1a: Breloom|Breloom, F|100\/100|[from] Baton Pass\n|move|p2a: Quaquaval|Aqua Step|p1a: Breloom|[miss]\n|-miss|p2a: Quaquaval|p1a: Breloom\n|\n|-heal|p2a: Quaquaval|100\/100|[from] item: Leftovers\n|upkeep\n|turn|10\n|\n|t:|1698552716\n|move|p2a: Quaquaval|Ice Spinner|p1a: Breloom|[miss]\n|-miss|p2a: Quaquaval|p1a: Breloom\n|move|p1a: Breloom|Bullet Seed|p2a: Quaquaval\n|-supereffective|p2a: Quaquaval\n|-damage|p2a: Quaquaval|45\/100\n|-supereffective|p2a: Quaquaval\n|-damage|p2a: Quaquaval|0 fnt\n|faint|p2a: Quaquaval\n|-hitcount|p2: Quaquaval|2\n|\n|upkeep\n|\n|t:|1698552723\n|switch|p2a: Maushold|Maushold|100\/100\n|turn|11\n|\n|t:|1698552727\n|-singleturn|p1a: Breloom|move: Focus Punch\n|move|p2a: Maushold|Population Bomb|p1a: Breloom\n|-activate|p1a: Breloom|move: Substitute|[damage]\n|-hitcount|p1a: Breloom|1\n|move|p1a: Breloom|Focus Punch|p2a: Maushold\n|-supereffective|p2a: Maushold\n|-damage|p2a: Maushold|0 fnt\n|faint|p2a: Maushold\n|\n|upkeep\n|\n|t:|1698552735\n|switch|p2a: Iron Moth|Iron Moth|100\/100\n|turn|12\n|\n|t:|1698552750\n|-singleturn|p1a: Breloom|move: Focus Punch\n|move|p2a: Iron Moth|Fiery Dance|p1a: Breloom|[miss]\n|-miss|p2a: Iron Moth|p1a: Breloom\n|move|p1a: Breloom|Focus Punch|p2a: Iron Moth\n|-resisted|p2a: Iron Moth\n|-damage|p2a: Iron Moth|27\/100\n|\n|upkeep\n|turn|13\n|\n|t:|1698552766\n|-singleturn|p1a: Breloom|move: Focus Punch\n|move|p2a: Iron Moth|Fiery Dance|p1a: Breloom|[miss]\n|-miss|p2a: Iron Moth|p1a: Breloom\n|move|p1a: Breloom|Focus Punch|p2a: Iron Moth\n|-resisted|p2a: Iron Moth\n|-damage|p2a: Iron Moth|0 fnt\n|faint|p2a: Iron Moth\n|-end|p2a: Iron Moth|Quark Drive|[silent]\n|\n|upkeep\n|\n|t:|1698552769\n|switch|p2a: Indeedee|Indeedee, M|100\/100\n|-fieldstart|move: Psychic Terrain|[from] ability: Psychic Surge|[of] p2a: Indeedee\n|turn|14\n|c|\u2606NewMarioGame|gg\n|c|\u2606NewMarioGame|wp\n|\n|t:|1698552779\n|move|p2a: Indeedee|Psychic|p1a: Breloom|[miss]\n|-miss|p2a: Indeedee|p1a: Breloom\n|move|p1a: Breloom|Bullet Seed|p2a: Indeedee\n|-damage|p2a: Indeedee|54\/100\n|-damage|p2a: Indeedee|12\/100\n|-damage|p2a: Indeedee|0 fnt\n|faint|p2a: Indeedee\n|-hitcount|p2: Indeedee|3\n|\n|upkeep\n|\n|t:|1698552782\n|switch|p2a: Sawsbuck|Sawsbuck, F|100\/100\n|turn|15\n|c|\u2606q2wegn|Gg wp\n|\n|t:|1698552794\n|-singleturn|p1a: Breloom|move: Focus Punch\n|move|p2a: Sawsbuck|Zen Headbutt|p1a: Breloom|[miss]\n|-miss|p2a: Sawsbuck|p1a: Breloom\n|move|p1a: Breloom|Focus Punch|p2a: Sawsbuck\n|-supereffective|p2a: Sawsbuck\n|-damage|p2a: Sawsbuck|0 fnt\n|faint|p2a: Sawsbuck\n|\n|upkeep\n|\n|t:|1698552797\n|switch|p2a: Glimmora|Glimmora, M|100\/100\n|turn|16\n|c|\u2606q2wegn|Get something with haze\n|\n|t:|1698552807\n|move|p2a: Glimmora|Sludge Bomb|p1a: Breloom\n|-supereffective|p1a: Breloom\n|-end|p1a: Breloom|Substitute\n|move|p1a: Breloom|Bullet Seed|p2a: Glimmora\n|-damage|p2a: Glimmora|80\/100\n|-activate|p2a: Glimmora|ability: Toxic Debris\n|-sidestart|p1: q2wegn|move: Toxic Spikes\n|-damage|p2a: Glimmora|60\/100\n|-activate|p2a: Glimmora|ability: Toxic Debris\n|-sidestart|p1: q2wegn|move: Toxic Spikes\n|-damage|p2a: Glimmora|38\/100\n|-damage|p2a: Glimmora|16\/100\n|-damage|p2a: Glimmora|0 fnt\n|faint|p2a: Glimmora\n|-hitcount|p2: Glimmora|5\n|\n|win|q2wegn\n|raw|q2wegn's rating: 1212 &rarr; <strong>1230<\/strong><br \/>(+18 for winning)\n|raw|NewMarioGame's rating: 1107 &rarr; <strong>1089<\/strong><br \/>(-18 for losing)\n|c|\u2606NewMarioGame|yeah\n|c|\u2606NewMarioGame|good idea\n|c|\u2606NewMarioGame|ggs\n|c|\u2606q2wegn|Lol gg\n","uploadtime":1698552826,"views":8,"p1id":"q2wegn","p2id":"newmariogame","formatid":"gen9anythinggoes","rating":1089,"private":0,"password":""}