{"id":"gen9anythinggoes-1999898875","p1":"ThatOrangeNoobie","p2":"Slender3008","format":"[Gen 9] Anything Goes","log":"|j|\u2606ThatOrangeNoobie\n|j|\u2606Slender3008\n|t:|1701127756\n|gametype|singles\n|player|p1|ThatOrangeNoobie|n|1000\n|player|p2|Slender3008|1|1045\n|teamsize|p1|6\n|teamsize|p2|6\n|gen|9\n|tier|[Gen 9] Anything Goes\n|rated|\n|rule|HP Percentage Mod: HP is shown in percentages\n|rule|Endless Battle Clause: Forcing endless battles is banned\n|clearpoke\n|poke|p1|Samurott-Hisui, M|\n|poke|p1|Tauros-Paldea-Aqua, M|\n|poke|p1|Basculegion, M|\n|poke|p1|Ogerpon-Wellspring, F|\n|poke|p1|Urshifu-*, M|\n|poke|p1|Palkia-Origin|\n|poke|p2|Calyrex-Shadow|\n|poke|p2|Miraidon|\n|poke|p2|Ting-Lu|\n|poke|p2|Landorus-Therian, M|\n|poke|p2|Arceus|\n|poke|p2|Clefable, F|\n|teampreview\n|c|\u2606ThatOrangeNoobie|hi!\n|c|\u2606ThatOrangeNoobie|glhf\n|\n|t:|1701127766\n|start\n|switch|p1a: Cory|Samurott-Hisui, M|100\/100\n|switch|p2a: Miraidon|Miraidon|100\/100\n|-fieldstart|move: Electric Terrain|[from] ability: Hadron Engine|[of] p2a: Miraidon\n|turn|1\n|\n|t:|1701127775\n|move|p2a: Miraidon|Electro Drift|p1a: Cory\n|-supereffective|p1a: Cory\n|-damage|p1a: Cory|0 fnt\n|faint|p1a: Cory\n|\n|upkeep\n|\n|t:|1701127788\n|switch|p1a: Crybaby|Ogerpon-Wellspring, F|100\/100\n|turn|2\n|\n|t:|1701127797\n|move|p2a: Miraidon|U-turn|p1a: Crybaby\n|-supereffective|p1a: Crybaby\n|-damage|p1a: Crybaby|70\/100\n|l|\u2606Slender3008\n|player|p2|\n|j|\u2606Slender3008\n|player|p2|Slender3008|1\n|\n|t:|1701127813\n|switch|p2a: Landorus|Landorus-Therian, M|100\/100|[from] U-turn\n|-ability|p2a: Landorus|Intimidate|boost\n|-unboost|p1a: Crybaby|atk|1\n|move|p1a: Crybaby|Play Rough|p2a: Landorus\n|-damage|p2a: Landorus|84\/100\n|-damage|p1a: Crybaby|53\/100|[from] item: Rocky Helmet|[of] p2a: Landorus\n|\n|upkeep\n|turn|3\n|\n|t:|1701127834\n|switch|p2a: Miraidon|Miraidon|100\/100\n|-activate|p2a: Miraidon|ability: Hadron Engine\n|move|p1a: Crybaby|Ivy Cudgel|p2a: Miraidon|[anim] Ivy Cudgel Water\n|-resisted|p2a: Miraidon\n|-damage|p2a: Miraidon|81\/100\n|\n|upkeep\n|turn|4\n|\n|t:|1701127842\n|move|p2a: Miraidon|Electro Drift|p1a: Crybaby\n|-damage|p1a: Crybaby|0 fnt\n|faint|p1a: Crybaby\n|\n|upkeep\n|\n|t:|1701127848\n|switch|p1a: Bullcrap|Tauros-Paldea-Aqua, M|100\/100\n|turn|5\n|\n|t:|1701127896\n|-terastallize|p1a: Bullcrap|Fighting\n|move|p2a: Miraidon|Electro Drift|p1a: Bullcrap\n|-damage|p1a: Bullcrap|0 fnt\n|faint|p1a: Bullcrap\n|\n|-fieldend|move: Electric Terrain\n|upkeep\n|\n|t:|1701127911\n|switch|p1a: Horsin Around|Palkia-Origin|100\/100\n|-ability|p1a: Horsin Around|Pressure\n|turn|6\n|\n|t:|1701127938\n|move|p2a: Miraidon|Draco Meteor|p1a: Horsin Around\n|-supereffective|p1a: Horsin Around\n|-damage|p1a: Horsin Around|0 fnt\n|-unboost|p2a: Miraidon|spa|2\n|faint|p1a: Horsin Around\n|\n|upkeep\n|\n|t:|1701127944\n|switch|p1a: Barrage|Urshifu-Rapid-Strike, M|100\/100\n|turn|7\n|\n|t:|1701127952\n|switch|p2a: Calyrex|Calyrex-Shadow|100\/100\n|-ability|p2a: Calyrex|As One\n|-ability|p2a: Calyrex|Unnerve\n|move|p1a: Barrage|Swords Dance|p1a: Barrage\n|-boost|p1a: Barrage|atk|2\n|\n|upkeep\n|turn|8\n|\n|t:|1701127962\n|move|p2a: Calyrex|Astral Barrage|p1a: Barrage\n|-damage|p1a: Barrage|0 fnt\n|faint|p1a: Barrage\n|-ability|p2a: Calyrex|Grim Neigh|boost\n|-boost|p2a: Calyrex|spa|1\n|\n|upkeep\n|\n|t:|1701127966\n|switch|p1a: Fish Sandwich|Basculegion, M, shiny|100\/100\n|turn|9\n|\n|t:|1701127969\n|move|p2a: Calyrex|Astral Barrage|p1a: Fish Sandwich\n|-supereffective|p1a: Fish Sandwich\n|-damage|p1a: Fish Sandwich|0 fnt\n|faint|p1a: Fish Sandwich\n|\n|win|Slender3008\n|raw|ThatOrangeNoobie's rating: 1000 &rarr; <strong>1000<\/strong><br \/>(+0 for losing)\n|raw|Slender3008's rating: 1045 &rarr; <strong>1074<\/strong><br \/>(+29 for winning)\n|l|\u2606ThatOrangeNoobie\n","uploadtime":1701127976,"views":4,"p1id":"thatorangenoobie","p2id":"slender3008","formatid":"gen9anythinggoes","rating":1000,"private":0,"password":""}