{"id":"gen9anythinggoes-1983027265","p1":"americanboy69","p2":"papahue","format":"[Gen 9] Anything Goes","log":"|j|\u2606americanboy69\n|j|\u2606papahue\n|t:|1699071985\n|gametype|singles\n|player|p1|americanboy69|lucas|1387\n|player|p2|papahue|102|1423\n|teamsize|p1|6\n|teamsize|p2|6\n|gen|9\n|tier|[Gen 9] Anything Goes\n|rated|\n|rule|HP Percentage Mod: HP is shown in percentages\n|rule|Endless Battle Clause: Forcing endless battles is banned\n|clearpoke\n|poke|p1|Calyrex-Shadow|\n|poke|p1|Pawmot, M|\n|poke|p1|Kyogre|\n|poke|p1|Houndstone, F|\n|poke|p1|Zacian-*|\n|poke|p1|Urshifu-*, F|\n|poke|p2|Calyrex-Ice|\n|poke|p2|Ninetales-Alola, F|\n|poke|p2|Cetitan, F|\n|poke|p2|Slowking, M|\n|poke|p2|Weavile, M|\n|poke|p2|Froslass, F|\n|teampreview\n|inactive|Battle timer is ON: inactive players will automatically lose when time's up. (requested by americanboy69)\n|\n|t:|1699072007\n|start\n|switch|p1a: Urshifu|Urshifu, F|100\/100\n|switch|p2a: Slowking|Slowking, M|100\/100\n|turn|1\n|\n|t:|1699072013\n|move|p1a: Urshifu|Taunt|p2a: Slowking\n|-start|p2a: Slowking|move: Taunt\n|move|p2a: Slowking|Scald|p1a: Urshifu\n|-damage|p1a: Urshifu|57\/100\n|-status|p1a: Urshifu|brn\n|\n|-damage|p1a: Urshifu|51\/100 brn|[from] brn\n|upkeep\n|turn|2\n|\n|t:|1699072023\n|switch|p2a: Ninetales|Ninetales-Alola, F|100\/100\n|-weather|Snow|[from] ability: Snow Warning|[of] p2a: Ninetales\n|move|p1a: Urshifu|Wicked Blow|p2a: Ninetales\n|-resisted|p2a: Ninetales\n|-crit|p2a: Ninetales\n|-damage|p2a: Ninetales|84\/100\n|\n|-weather|Snow|[upkeep]\n|-damage|p1a: Urshifu|45\/100 brn|[from] brn\n|upkeep\n|turn|3\n|\n|t:|1699072030\n|move|p2a: Ninetales|Aurora Veil|p2a: Ninetales\n|-sidestart|p2: papahue|move: Aurora Veil\n|move|p1a: Urshifu|Taunt|p2a: Ninetales\n|-start|p2a: Ninetales|move: Taunt\n|\n|-weather|Snow|[upkeep]\n|-damage|p1a: Urshifu|39\/100 brn|[from] brn\n|upkeep\n|turn|4\n|\n|t:|1699072035\n|move|p2a: Ninetales|Freeze-Dry|p1a: Urshifu\n|-damage|p1a: Urshifu|0 fnt\n|faint|p1a: Urshifu\n|\n|-weather|Snow|[upkeep]\n|upkeep\n|\n|t:|1699072042\n|switch|p1a: WANNABE DOG|Zacian-Crowned|100\/100\n|-ability|p1a: WANNABE DOG|Intrepid Sword|boost\n|-boost|p1a: WANNABE DOG|atk|1\n|turn|5\n|\n|t:|1699072046\n|switch|p2a: Froslass|Froslass, F|100\/100\n|move|p1a: WANNABE DOG|Behemoth Blade|p2a: Froslass|[miss]\n|-miss|p1a: WANNABE DOG|p2a: Froslass\n|\n|-weather|Snow|[upkeep]\n|upkeep\n|turn|6\n|\n|t:|1699072053\n|move|p1a: WANNABE DOG|Behemoth Blade|p2a: Froslass\n|-supereffective|p2a: Froslass\n|-damage|p2a: Froslass|9\/100\n|move|p2a: Froslass|Will-O-Wisp|p1a: WANNABE DOG\n|-status|p1a: WANNABE DOG|brn\n|\n|-weather|none\n|-damage|p1a: WANNABE DOG|94\/100 brn|[from] brn\n|upkeep\n|turn|7\n|\n|t:|1699072060\n|move|p1a: WANNABE DOG|Behemoth Blade|p2a: Froslass\n|-supereffective|p2a: Froslass\n|-damage|p2a: Froslass|0 fnt\n|faint|p2a: Froslass\n|\n|-damage|p1a: WANNABE DOG|88\/100 brn|[from] brn\n|upkeep\n|\n|t:|1699072068\n|switch|p2a: Slowking|Slowking, M|100\/100\n|turn|8\n|\n|t:|1699072074\n|move|p1a: WANNABE DOG|Play Rough|p2a: Slowking\n|-damage|p2a: Slowking|85\/100\n|move|p2a: Slowking|Chilly Reception|p2a: Slowking\n|-weather|Snow\n|\n|t:|1699072077\n|switch|p2a: Cetitan|Cetitan, F|100\/100|[from] Chilly Reception\n|\n|-weather|Snow|[upkeep]\n|-damage|p1a: WANNABE DOG|82\/100 brn|[from] brn\n|upkeep\n|turn|9\n|\n|t:|1699072081\n|move|p2a: Cetitan|Belly Drum|p2a: Cetitan\n|-damage|p2a: Cetitan|51\/100\n|-setboost|p2a: Cetitan|atk|6|[from] move: Belly Drum\n|move|p1a: WANNABE DOG|Play Rough|p2a: Cetitan\n|-damage|p2a: Cetitan|38\/100\n|-enditem|p2a: Cetitan|Sitrus Berry|[eat]\n|-heal|p2a: Cetitan|63\/100|[from] item: Sitrus Berry\n|\n|-weather|Snow|[upkeep]\n|-damage|p1a: WANNABE DOG|76\/100 brn|[from] brn\n|upkeep\n|turn|10\n|\n|t:|1699072090\n|move|p2a: Cetitan|Earthquake|p1a: WANNABE DOG\n|-supereffective|p1a: WANNABE DOG\n|-damage|p1a: WANNABE DOG|0 fnt\n|faint|p1a: WANNABE DOG\n|\n|-weather|Snow|[upkeep]\n|-sideend|p2: papahue|move: Aurora Veil\n|upkeep\n|\n|t:|1699072102\n|switch|p1a: Emo Kid|Calyrex-Shadow|100\/100\n|-ability|p1a: Emo Kid|As One\n|-ability|p1a: Emo Kid|Unnerve\n|turn|11\n|\n|t:|1699072105\n|move|p2a: Cetitan|Icicle Spear|p1a: Emo Kid\n|-damage|p1a: Emo Kid|44\/100\n|-damage|p1a: Emo Kid|0 fnt\n|faint|p1a: Emo Kid\n|-hitcount|p1: Emo Kid|2\n|\n|-weather|Snow|[upkeep]\n|upkeep\n|\n|t:|1699072109\n|switch|p1a: FAT WHALE|Kyogre|100\/100\n|-weather|RainDance|[from] ability: Drizzle|[of] p1a: FAT WHALE\n|turn|12\n|\n|t:|1699072115\n|move|p1a: FAT WHALE|Water Spout|p2a: Cetitan\n|-damage|p2a: Cetitan|0 fnt\n|faint|p2a: Cetitan\n|\n|-weather|RainDance|[upkeep]\n|upkeep\n|\n|t:|1699072119\n|switch|p2a: Ninetales|Ninetales-Alola, F|84\/100\n|-weather|Snow|[from] ability: Snow Warning|[of] p2a: Ninetales\n|turn|13\n|\n|t:|1699072125\n|move|p1a: FAT WHALE|Water Spout|p2a: Ninetales\n|-damage|p2a: Ninetales|0 fnt\n|faint|p2a: Ninetales\n|\n|-weather|Snow|[upkeep]\n|upkeep\n|\n|t:|1699072129\n|switch|p2a: Slowking|Slowking, M|100\/100\n|turn|14\n|\n|t:|1699072131\n|move|p1a: FAT WHALE|Water Spout|p2a: Slowking\n|-resisted|p2a: Slowking\n|-damage|p2a: Slowking|70\/100\n|move|p2a: Slowking|Thunder Wave|p1a: FAT WHALE\n|-status|p1a: FAT WHALE|par\n|\n|-weather|Snow|[upkeep]\n|upkeep\n|turn|15\n|\n|t:|1699072136\n|move|p1a: FAT WHALE|Water Spout|p2a: Slowking\n|-resisted|p2a: Slowking\n|-damage|p2a: Slowking|40\/100\n|move|p2a: Slowking|Chilly Reception|p2a: Slowking\n|\n|t:|1699072139\n|switch|p2a: Weavile|Weavile, M|100\/100|[from] Chilly Reception\n|-ability|p2a: Weavile|Pressure\n|\n|-weather|Snow|[upkeep]\n|upkeep\n|turn|16\n|\n|t:|1699072143\n|move|p2a: Weavile|Knock Off|p1a: FAT WHALE\n|-damage|p1a: FAT WHALE|49\/100 par\n|-enditem|p1a: FAT WHALE|Choice Scarf|[from] move: Knock Off|[of] p2a: Weavile\n|move|p1a: FAT WHALE|Water Spout|p2a: Weavile\n|-damage|p2a: Weavile|42\/100\n|\n|-weather|Snow|[upkeep]\n|upkeep\n|turn|17\n|\n|t:|1699072153\n|move|p2a: Weavile|X-Scissor|p1a: FAT WHALE\n|-damage|p1a: FAT WHALE|18\/100 par\n|move|p1a: FAT WHALE|Origin Pulse|p2a: Weavile\n|-damage|p2a: Weavile|0 fnt\n|faint|p2a: Weavile\n|\n|-weather|none\n|upkeep\n|\n|t:|1699072163\n|switch|p2a: Slowking|Slowking, M|73\/100\n|turn|18\n|\n|t:|1699072167\n|cant|p1a: FAT WHALE|par\n|move|p2a: Slowking|Chilly Reception|p2a: Slowking\n|-weather|Snow\n|\n|t:|1699072169\n|switch|p2a: Calyrex|Calyrex-Ice|100\/100|[from] Chilly Reception\n|-ability|p2a: Calyrex|As One\n|-ability|p2a: Calyrex|Unnerve\n|\n|-weather|Snow|[upkeep]\n|upkeep\n|turn|19\n|\n|t:|1699072174\n|move|p1a: FAT WHALE|Origin Pulse|p2a: Calyrex\n|-damage|p2a: Calyrex|54\/100\n|move|p2a: Calyrex|Trick Room|p2a: Calyrex\n|-fieldstart|move: Trick Room|[of] p2a: Calyrex\n|\n|-weather|Snow|[upkeep]\n|upkeep\n|turn|20\n|\n|t:|1699072186\n|move|p2a: Calyrex|Glacial Lance|p1a: FAT WHALE\n|-resisted|p1a: FAT WHALE\n|-damage|p1a: FAT WHALE|0 fnt\n|faint|p1a: FAT WHALE\n|-ability|p2a: Calyrex|Chilling Neigh|boost\n|-boost|p2a: Calyrex|atk|1\n|\n|-weather|Snow|[upkeep]\n|upkeep\n|\n|t:|1699072192\n|switch|p1a: Im Random|Pawmot, M|100\/100\n|turn|21\n|\n|t:|1699072196\n|-terastallize|p2a: Calyrex|Fire\n|move|p2a: Calyrex|Glacial Lance|p1a: Im Random\n|-enditem|p1a: Im Random|Focus Sash\n|-damage|p1a: Im Random|1\/100\n|move|p1a: Im Random|Revival Blessing|p1a: Im Random\n|\n|t:|1699072210\n|-heal|p1: Urshifu|50\/100|[from] move: Revival Blessing\n|\n|-weather|Snow|[upkeep]\n|upkeep\n|turn|22\n|\n|t:|1699072216\n|move|p2a: Calyrex|Glacial Lance|p1a: Im Random\n|-damage|p1a: Im Random|0 fnt\n|faint|p1a: Im Random\n|-ability|p2a: Calyrex|Chilling Neigh|boost\n|-boost|p2a: Calyrex|atk|1\n|\n|-weather|Snow|[upkeep]\n|upkeep\n|\n|t:|1699072219\n|switch|p1a: BREAKING BAD|Houndstone, F|100\/100\n|turn|23\n|\n|t:|1699072224\n|move|p1a: BREAKING BAD|Protect|p1a: BREAKING BAD\n|-singleturn|p1a: BREAKING BAD|Protect\n|move|p2a: Calyrex|Glacial Lance|p1a: BREAKING BAD\n|-activate|p1a: BREAKING BAD|move: Protect\n|\n|-weather|Snow|[upkeep]\n|-fieldend|move: Trick Room\n|upkeep\n|turn|24\n|\n|t:|1699072231\n|move|p1a: BREAKING BAD|Last Respects|p2a: Calyrex\n|-damage|p2a: Calyrex|0 fnt\n|faint|p2a: Calyrex\n|\n|-weather|Snow|[upkeep]\n|upkeep\n|\n|t:|1699072233\n|switch|p2a: Slowking|Slowking, M|100\/100\n|turn|25\n|\n|t:|1699072238\n|move|p1a: BREAKING BAD|Last Respects|p2a: Slowking\n|-supereffective|p2a: Slowking\n|-damage|p2a: Slowking|0 fnt\n|faint|p2a: Slowking\n|\n|win|americanboy69\n|raw|americanboy69's rating: 1387 &rarr; <strong>1409<\/strong><br \/>(+22 for winning)\n|raw|papahue's rating: 1423 &rarr; <strong>1401<\/strong><br \/>(-22 for losing)\n|c|\u2606papahue|Gg\n|l|\u2606papahue\n|c|\u2606americanboy69|gg\n","uploadtime":1699072462,"views":9,"p1id":"americanboy69","p2id":"papahue","formatid":"gen9anythinggoes","rating":1401,"private":0,"password":""}