{"id":"gen9anythinggoes-1999070974","p1":"MrMimeIsMrKetchum","p2":"demesticslot","format":"[Gen 9] Anything Goes","log":"|j|\u2606MrMimeIsMrKetchum\n|j|\u2606demesticslot\n|t:|1701030045\n|gametype|singles\n|player|p1|MrMimeIsMrKetchum|swimmerf-gen4|1188\n|player|p2|demesticslot|red|1112\n|teamsize|p1|6\n|teamsize|p2|6\n|gen|9\n|tier|[Gen 9] Anything Goes\n|rated|\n|rule|HP Percentage Mod: HP is shown in percentages\n|rule|Endless Battle Clause: Forcing endless battles is banned\n|clearpoke\n|poke|p1|Annihilape, M|\n|poke|p1|Blissey, F|\n|poke|p1|Pawmot, M|\n|poke|p1|Rabsca, M|\n|poke|p1|Pelipper, M|\n|poke|p1|Basculegion, M|\n|poke|p2|Chien-Pao|\n|poke|p2|Wo-Chien|\n|poke|p2|Ting-Lu|\n|poke|p2|Chi-Yu|\n|poke|p2|Koraidon|\n|poke|p2|Miraidon|\n|teampreview\n|inactive|Battle timer is ON: inactive players will automatically lose when time's up. (requested by MrMimeIsMrKetchum)\n|\n|t:|1701030057\n|start\n|switch|p1a: Annihilape|Annihilape, M, shiny|100\/100\n|switch|p2a: Chien-Pao|Chien-Pao|100\/100\n|-ability|p2a: Chien-Pao|Sword of Ruin\n|turn|1\n|\n|t:|1701030076\n|move|p1a: Annihilape|Drain Punch|p2a: Chien-Pao\n|-supereffective|p2a: Chien-Pao\n|-damage|p2a: Chien-Pao|0 fnt\n|faint|p2a: Chien-Pao\n|\n|upkeep\n|\n|t:|1701030084\n|switch|p2a: Chi-Yu|Chi-Yu|100\/100\n|-ability|p2a: Chi-Yu|Beads of Ruin\n|turn|2\n|\n|t:|1701030089\n|move|p1a: Annihilape|Drain Punch|p2a: Chi-Yu\n|-supereffective|p2a: Chi-Yu\n|-damage|p2a: Chi-Yu|12\/100\n|move|p2a: Chi-Yu|Will-O-Wisp|p1a: Annihilape\n|-status|p1a: Annihilape|brn\n|\n|-damage|p1a: Annihilape|94\/100 brn|[from] brn\n|upkeep\n|turn|3\n|\n|t:|1701030094\n|move|p1a: Annihilape|Drain Punch|p2a: Chi-Yu\n|-supereffective|p2a: Chi-Yu\n|-crit|p2a: Chi-Yu\n|-damage|p2a: Chi-Yu|0 fnt\n|-heal|p1a: Annihilape|98\/100 brn|[from] drain|[of] p2a: Chi-Yu\n|faint|p2a: Chi-Yu\n|\n|-damage|p1a: Annihilape|92\/100 brn|[from] brn\n|upkeep\n|\n|t:|1701030099\n|switch|p2a: Wo-Chien|Wo-Chien|100\/100\n|-ability|p2a: Wo-Chien|Tablets of Ruin\n|turn|4\n|\n|t:|1701030103\n|move|p1a: Annihilape|Drain Punch|p2a: Wo-Chien\n|-supereffective|p2a: Wo-Chien\n|-damage|p2a: Wo-Chien|74\/100\n|-heal|p1a: Annihilape|100\/100 brn|[from] drain|[of] p2a: Wo-Chien\n|move|p2a: Wo-Chien|Leech Seed|p1a: Annihilape\n|-start|p1a: Annihilape|move: Leech Seed\n|\n|-damage|p1a: Annihilape|88\/100 brn|[from] Leech Seed|[of] p2a: Wo-Chien\n|-heal|p2a: Wo-Chien|91\/100|[silent]\n|-damage|p1a: Annihilape|82\/100 brn|[from] brn\n|upkeep\n|turn|5\n|\n|t:|1701030122\n|switch|p1a: Pawmot|Pawmot, M, shiny|100\/100\n|move|p2a: Wo-Chien|Ruination|p1a: Pawmot\n|-damage|p1a: Pawmot|50\/100\n|\n|upkeep\n|turn|6\n|\n|t:|1701030132\n|switch|p1a: Annihilape|Annihilape, M, shiny|82\/100 brn\n|move|p2a: Wo-Chien|Dark Pulse|p1a: Annihilape\n|-damage|p1a: Annihilape|60\/100 brn\n|\n|-damage|p1a: Annihilape|54\/100 brn|[from] brn\n|upkeep\n|turn|7\n|\n|t:|1701030136\n|move|p1a: Annihilape|Final Gambit|p2a: Wo-Chien\n|-damage|p2a: Wo-Chien|18\/100\n|faint|p1a: Annihilape\n|move|p2a: Wo-Chien|Leech Seed|p1: Annihilape|[notarget]\n|-fail|p2a: Wo-Chien\n|\n|upkeep\n|\n|t:|1701030145\n|switch|p1a: Pawmot|Pawmot, M, shiny|50\/100\n|turn|8\n|\n|t:|1701030151\n|move|p1a: Pawmot|Revival Blessing|p1a: Pawmot\n|-enditem|p1a: Pawmot|Leppa Berry|[eat]\n|-activate|p1a: Pawmot|item: Leppa Berry|Revival Blessing|[consumed]\n|\n|t:|1701030154\n|-heal|p1: Annihilape|50\/100|[from] move: Revival Blessing\n|move|p2a: Wo-Chien|Power Whip|p1a: Pawmot\n|-damage|p1a: Pawmot|0 fnt\n|faint|p1a: Pawmot\n|\n|upkeep\n|\n|t:|1701030157\n|switch|p1a: Annihilape|Annihilape, M, shiny|50\/100\n|turn|9\n|\n|t:|1701030161\n|move|p1a: Annihilape|Final Gambit|p2a: Wo-Chien\n|-damage|p2a: Wo-Chien|0 fnt\n|faint|p1a: Annihilape\n|faint|p2a: Wo-Chien\n|\n|upkeep\n|\n|t:|1701030166\n|switch|p1a: Blissey|Blissey, F, shiny|100\/100\n|switch|p2a: Ting-Lu|Ting-Lu|100\/100\n|-ability|p2a: Ting-Lu|Vessel of Ruin\n|turn|10\n|\n|t:|1701030171\n|move|p1a: Blissey|Copycat|p1a: Blissey\n|move|p1a: Blissey|Final Gambit|p2a: Ting-Lu|[from]move: Copycat\n|-damage|p2a: Ting-Lu|0 fnt\n|faint|p1a: Blissey\n|faint|p2a: Ting-Lu\n|\n|upkeep\n|\n|t:|1701030175\n|switch|p1a: Rabsca|Rabsca, M, shiny|100\/100\n|switch|p2a: Koraidon|Koraidon|100\/100\n|-weather|SunnyDay|[from] ability: Orichalcum Pulse|[of] p2a: Koraidon\n|-activate|p2a: Koraidon|Orichalcum Pulse|[source]\n|turn|11\n|\n|t:|1701030187\n|move|p2a: Koraidon|Protect|p2a: Koraidon\n|-singleturn|p2a: Koraidon|Protect\n|move|p1a: Rabsca|Revival Blessing|p1a: Rabsca\n|-enditem|p1a: Rabsca|Leppa Berry|[eat]\n|-activate|p1a: Rabsca|item: Leppa Berry|Revival Blessing|[consumed]\n|\n|t:|1701030191\n|-heal|p1: Annihilape|50\/100|[from] move: Revival Blessing\n|\n|-weather|SunnyDay|[upkeep]\n|upkeep\n|turn|12\n|\n|t:|1701030203\n|move|p2a: Koraidon|Tera Blast|p1a: Rabsca\n|-damage|p1a: Rabsca|84\/100\n|move|p1a: Rabsca|Revival Blessing|p1a: Rabsca\n|\n|t:|1701030209\n|-heal|p1: Blissey|50\/100|[from] move: Revival Blessing\n|\n|-weather|SunnyDay|[upkeep]\n|upkeep\n|turn|13\n|\n|t:|1701030225\n|move|p2a: Koraidon|Collision Course|p1a: Rabsca\n|-resisted|p1a: Rabsca\n|-damage|p1a: Rabsca|69\/100\n|move|p1a: Rabsca|Psychic|p2a: Koraidon\n|-supereffective|p2a: Koraidon\n|-damage|p2a: Koraidon|24\/100\n|\n|-weather|SunnyDay|[upkeep]\n|upkeep\n|turn|14\n|\n|t:|1701030235\n|move|p2a: Koraidon|Drain Punch|p1a: Rabsca\n|-resisted|p1a: Rabsca\n|-damage|p1a: Rabsca|56\/100\n|-heal|p2a: Koraidon|31\/100|[from] drain|[of] p1a: Rabsca\n|move|p1a: Rabsca|Psychic|p2a: Koraidon\n|-supereffective|p2a: Koraidon\n|-damage|p2a: Koraidon|0 fnt\n|faint|p2a: Koraidon\n|\n|-weather|SunnyDay|[upkeep]\n|upkeep\n|\n|t:|1701030238\n|switch|p2a: Miraidon|Miraidon|100\/100\n|-fieldstart|move: Electric Terrain|[from] ability: Hadron Engine|[of] p2a: Miraidon\n|turn|15\n|\n|t:|1701030251\n|-terastallize|p2a: Miraidon|Dragon\n|move|p2a: Miraidon|Tera Blast|p1a: Rabsca|[anim] Tera Blast Dragon\n|-crit|p1a: Rabsca\n|-damage|p1a: Rabsca|0 fnt\n|faint|p1a: Rabsca\n|\n|-weather|none\n|upkeep\n|\n|t:|1701030262\n|switch|p1a: Annihilape|Annihilape, M, shiny|50\/100\n|turn|16\n|\n|t:|1701030266\n|move|p1a: Annihilape|Final Gambit|p2a: Miraidon\n|-damage|p2a: Miraidon|38\/100\n|faint|p1a: Annihilape\n|move|p2a: Miraidon|Parabolic Charge|p1: Annihilape|[notarget]\n|-fail|p2a: Miraidon\n|\n|upkeep\n|\n|t:|1701030272\n|switch|p1a: Blissey|Blissey, F, shiny|50\/100\n|turn|17\n|\n|t:|1701030276\n|move|p2a: Miraidon|Protect|p2a: Miraidon\n|-singleturn|p2a: Miraidon|Protect\n|move|p1a: Blissey|Ice Beam|p2a: Miraidon\n|-activate|p2a: Miraidon|move: Protect\n|\n|upkeep\n|turn|18\n|\n|t:|1701030281\n|move|p1a: Blissey|Ice Beam|p2a: Miraidon\n|-supereffective|p2a: Miraidon\n|-damage|p2a: Miraidon|8\/100\n|move|p2a: Miraidon|Parabolic Charge|p1a: Blissey\n|-damage|p1a: Blissey|31\/100\n|-heal|p2a: Miraidon|28\/100|[from] drain|[of] p1a: Blissey\n|\n|upkeep\n|turn|19\n|\n|t:|1701030284\n|move|p1a: Blissey|Ice Beam|p2a: Miraidon\n|-supereffective|p2a: Miraidon\n|-damage|p2a: Miraidon|0 fnt\n|faint|p2a: Miraidon\n|\n|win|MrMimeIsMrKetchum\n|raw|MrMimeIsMrKetchum's rating: 1188 &rarr; <strong>1208<\/strong><br \/>(+20 for winning)\n|raw|demesticslot's rating: 1112 &rarr; <strong>1092<\/strong><br \/>(-20 for losing)\n|l|\u2606demesticslot\n|c|\u2606MrMimeIsMrKetchum|gg\n","uploadtime":1701030299,"views":0,"p1id":"mrmimeismrketchum","p2id":"demesticslot","formatid":"gen9anythinggoes","rating":1092,"private":0,"password":""}