{"id":"gen9anythinggoes-1996169016","p1":"MEME\/\/BRAIN","p2":"mcarvai","format":"[Gen 9] Anything Goes","log":"|j|\u2606MEME\/\/BRAIN\n|j|\u2606mcarvai\n|t:|1700654313\n|gametype|singles\n|player|p1|MEME\/\/BRAIN|guitarist|1296\n|player|p2|mcarvai|102|1218\n|teamsize|p1|6\n|teamsize|p2|6\n|gen|9\n|tier|[Gen 9] Anything Goes\n|rated|\n|rule|HP Percentage Mod: HP is shown in percentages\n|rule|Endless Battle Clause: Forcing endless battles is banned\n|clearpoke\n|poke|p1|Cyclizar, M|\n|poke|p1|Espathra, F|\n|poke|p1|Medicham, F|\n|poke|p1|Cloyster, F|\n|poke|p1|Drifblim, F|\n|poke|p1|Skeledirge, M|\n|poke|p2|Iron Valiant|\n|poke|p2|Samurott-Hisui, M|\n|poke|p2|Weezing-Galar, F|\n|poke|p2|Breloom, M|\n|poke|p2|Quagsire, M|\n|poke|p2|Volcanion|\n|teampreview\n|\n|t:|1700654319\n|start\n|switch|p1a: Cycle|Cyclizar, M|100\/100\n|switch|p2a: stache|Weezing-Galar, F|100\/100\n|-ability|p2a: stache|Neutralizing Gas\n|turn|1\n|\n|t:|1700654328\n|move|p1a: Cycle|Shed Tail|p1a: Cycle\n|-start|p1a: Cycle|Substitute|[from] move: Shed Tail\n|-damage|p1a: Cycle|50\/100\n|\n|t:|1700654333\n|switch|p1a: BirB|Espathra, F|100\/100|[from] Shed Tail\n|move|p2a: stache|Toxic Spikes|p1a: BirB\n|-sidestart|p1: MEME\/\/BRAIN|move: Toxic Spikes\n|\n|upkeep\n|turn|2\n|\n|t:|1700654340\n|move|p1a: BirB|Calm Mind|p1a: BirB\n|-boost|p1a: BirB|spa|1\n|-boost|p1a: BirB|spd|1\n|move|p2a: stache|Toxic Spikes|p1a: BirB\n|-sidestart|p1: MEME\/\/BRAIN|move: Toxic Spikes\n|\n|upkeep\n|turn|3\n|\n|t:|1700654347\n|move|p1a: BirB|Calm Mind|p1a: BirB\n|-boost|p1a: BirB|spa|1\n|-boost|p1a: BirB|spd|1\n|move|p2a: stache|Strange Steam|p1a: BirB\n|-activate|p1a: BirB|move: Substitute|[damage]\n|\n|upkeep\n|turn|4\n|\n|t:|1700654359\n|move|p1a: BirB|Calm Mind|p1a: BirB\n|-boost|p1a: BirB|spa|1\n|-boost|p1a: BirB|spd|1\n|move|p2a: stache|Strange Steam|p1a: BirB\n|-end|p1a: BirB|Substitute\n|\n|upkeep\n|turn|5\n|c|\u2606MEME\/\/BRAIN|That Pokemon is just a bong\n|c|\u2606mcarvai|what is a bong\n|\n|t:|1700654381\n|move|p1a: BirB|Stored Power|p2a: stache\n|-supereffective|p2a: stache\n|-damage|p2a: stache|0 fnt\n|faint|p2a: stache\n|-end|p2a: stache|ability: Neutralizing Gas\n|\n|-ability|p1a: BirB|Speed Boost|boost\n|-boost|p1a: BirB|spe|1\n|upkeep\n|\n|t:|1700654388\n|switch|p2a: kool kid|Volcanion|100\/100\n|turn|6\n|\n|t:|1700654395\n|move|p1a: BirB|Stored Power|p2a: kool kid\n|-damage|p2a: kool kid|0 fnt\n|faint|p2a: kool kid\n|\n|-ability|p1a: BirB|Speed Boost|boost\n|-boost|p1a: BirB|spe|1\n|upkeep\n|\n|t:|1700654403\n|switch|p2a: da loom|Breloom, M, shiny|100\/100\n|turn|7\n|\n|t:|1700654410\n|move|p1a: BirB|Stored Power|p2a: da loom\n|-supereffective|p2a: da loom\n|-damage|p2a: da loom|0 fnt\n|faint|p2a: da loom\n|\n|-ability|p1a: BirB|Speed Boost|boost\n|-boost|p1a: BirB|spe|1\n|upkeep\n|\n|t:|1700654418\n|switch|p2a: air head|Quagsire, M|100\/100\n|turn|8\n|\n|t:|1700654422\n|move|p1a: BirB|Stored Power|p2a: air head\n|-damage|p2a: air head|38\/100\n|move|p2a: air head|Yawn|p1a: BirB\n|-start|p1a: BirB|move: Yawn|[of] p2a: air head\n|\n|-heal|p2a: air head|44\/100|[from] item: Leftovers\n|-ability|p1a: BirB|Speed Boost|boost\n|-boost|p1a: BirB|spe|1\n|upkeep\n|turn|9\n|\n|t:|1700654433\n|move|p1a: BirB|Baton Pass|p1a: BirB\n|\n|t:|1700654434\n|switch|p1a: Medium|Medicham, F|100\/100|[from] Baton Pass\n|-status|p1a: Medium|tox\n|move|p2a: air head|Recover|p2a: air head\n|-heal|p2a: air head|94\/100\n|\n|-heal|p2a: air head|99\/100|[from] item: Leftovers\n|-damage|p1a: Medium|94\/100 tox|[from] psn\n|upkeep\n|turn|10\n|\n|t:|1700654445\n|move|p1a: Medium|Aura Sphere|p2a: air head\n|-damage|p2a: air head|71\/100\n|move|p2a: air head|Counter||[still]\n|-fail|p2a: air head\n|\n|-heal|p2a: air head|77\/100|[from] item: Leftovers\n|-damage|p1a: Medium|82\/100 tox|[from] psn\n|upkeep\n|turn|11\n|\n|t:|1700654455\n|move|p1a: Medium|Stored Power|p2a: air head\n|-damage|p2a: air head|17\/100\n|move|p2a: air head|Earthquake|p1a: Medium\n|-damage|p1a: Medium|35\/100 tox\n|\n|-heal|p2a: air head|23\/100|[from] item: Leftovers\n|-damage|p1a: Medium|17\/100 tox|[from] psn\n|upkeep\n|turn|12\n|\n|t:|1700654465\n|move|p1a: Medium|Stored Power|p2a: air head\n|-damage|p2a: air head|0 fnt\n|faint|p2a: air head\n|\n|-damage|p1a: Medium|0 fnt|[from] psn\n|faint|p1a: Medium\n|upkeep\n|\n|t:|1700654473\n|switch|p1a: Cycle|Cyclizar, M|50\/100\n|switch|p2a: Bals|Iron Valiant, shiny|100\/100\n|-status|p1a: Cycle|tox\n|turn|13\n|\n|t:|1700654480\n|move|p1a: Cycle|Rapid Spin|p2a: Bals\n|-damage|p2a: Bals|78\/100\n|-boost|p1a: Cycle|spe|1\n|-sideend|p1: MEME\/\/BRAIN|Toxic Spikes|[from] move: Rapid Spin|[of] p1a: Cycle\n|move|p2a: Bals|Double Team|p2a: Bals\n|-boost|p2a: Bals|evasion|1\n|\n|-damage|p1a: Cycle|44\/100 tox|[from] psn\n|upkeep\n|turn|14\n|\n|t:|1700654489\n|move|p2a: Bals|Double Team|p2a: Bals\n|-boost|p2a: Bals|evasion|1\n|move|p1a: Cycle|Dragon Tail|p2a: Bals\n|-immune|p2a: Bals\n|\n|-damage|p1a: Cycle|32\/100 tox|[from] psn\n|upkeep\n|turn|15\n|\n|t:|1700654499\n|move|p1a: Cycle|Knock Off|p2a: Bals|[miss]\n|-miss|p1a: Cycle|p2a: Bals\n|move|p2a: Bals|Double Team|p2a: Bals\n|-boost|p2a: Bals|evasion|1\n|\n|-damage|p1a: Cycle|14\/100 tox|[from] psn\n|upkeep\n|turn|16\n|\n|t:|1700654508\n|switch|p1a: Crest ov L@bi@|Cloyster, F, shiny|100\/100\n|move|p2a: Bals|Double Team|p2a: Bals\n|-boost|p2a: Bals|evasion|1\n|\n|upkeep\n|turn|17\n|\n|t:|1700654515\n|switch|p1a: B A L L O O N|Drifblim, F|100\/100\n|move|p2a: Bals|Double Team|p2a: Bals\n|-boost|p2a: Bals|evasion|1\n|\n|upkeep\n|turn|18\n|\n|t:|1700654527\n|move|p2a: Bals|Double Team|p2a: Bals\n|-boost|p2a: Bals|evasion|1\n|move|p1a: B A L L O O N|Minimize|p1a: B A L L O O N\n|-boost|p1a: B A L L O O N|evasion|2\n|\n|upkeep\n|turn|19\n|c|\u2606MEME\/\/BRAIN|2 can play that nonsense\n|c|\u2606mcarvai|im screwed\n|inactive|Battle timer is ON: inactive players will automatically lose when time's up. (requested by MEME\/\/BRAIN)\n|\n|t:|1700654555\n|move|p2a: Bals|Drain Punch|p1a: B A L L O O N\n|-immune|p1a: B A L L O O N\n|move|p1a: B A L L O O N|Minimize|p1a: B A L L O O N\n|-boost|p1a: B A L L O O N|evasion|2\n|\n|upkeep\n|turn|20\n|c|\u2606MEME\/\/BRAIN|LMAO\n|\n|t:|1700654566\n|move|p2a: Bals|Substitute|p2a: Bals\n|-start|p2a: Bals|Substitute\n|-damage|p2a: Bals|53\/100\n|move|p1a: B A L L O O N|Minimize|p1a: B A L L O O N\n|-boost|p1a: B A L L O O N|evasion|2\n|\n|upkeep\n|turn|21\n|c|\u2606mcarvai|ye\n|\n|t:|1700654581\n|move|p2a: Bals|Double Team|p2a: Bals\n|-boost|p2a: Bals|evasion|0\n|move|p1a: B A L L O O N|Knock Off|p2a: Bals|[miss]\n|-miss|p1a: B A L L O O N|p2a: Bals\n|\n|upkeep\n|turn|22\n|\n|t:|1700654588\n|move|p2a: Bals|Double Team|p2a: Bals\n|-boost|p2a: Bals|evasion|0\n|move|p1a: B A L L O O N|Knock Off|p2a: Bals\n|-resisted|p2a: Bals\n|-activate|p2a: Bals|move: Substitute|[damage]\n|\n|upkeep\n|turn|23\n|\n|t:|1700654595\n|move|p2a: Bals|Double Team|p2a: Bals\n|-boost|p2a: Bals|evasion|0\n|move|p1a: B A L L O O N|Phantom Force||[still]\n|-prepare|p1a: B A L L O O N|Phantom Force\n|\n|upkeep\n|turn|24\n|\n|t:|1700654601\n|move|p2a: Bals|Double Team|p2a: Bals\n|-boost|p2a: Bals|evasion|0\n|move|p1a: B A L L O O N|Phantom Force|p2a: Bals|[from]lockedmove|[miss]\n|-miss|p1a: B A L L O O N|p2a: Bals\n|\n|upkeep\n|turn|25\n|\n|t:|1700654608\n|move|p2a: Bals|Double Team|p2a: Bals\n|-boost|p2a: Bals|evasion|0\n|move|p1a: B A L L O O N|Phantom Force||[still]\n|-prepare|p1a: B A L L O O N|Phantom Force\n|\n|upkeep\n|turn|26\n|\n|t:|1700654614\n|move|p2a: Bals|Double Team|p2a: Bals\n|-boost|p2a: Bals|evasion|0\n|move|p1a: B A L L O O N|Phantom Force|p2a: Bals|[from]lockedmove|[miss]\n|-miss|p1a: B A L L O O N|p2a: Bals\n|\n|upkeep\n|turn|27\n|\n|t:|1700654622\n|move|p2a: Bals|Double Team|p2a: Bals\n|-boost|p2a: Bals|evasion|0\n|move|p1a: B A L L O O N|Baton Pass|p1a: B A L L O O N\n|\n|t:|1700654627\n|switch|p1a: Skelly Boi|Skeledirge, M|100\/100|[from] Baton Pass\n|\n|upkeep\n|turn|28\n|\n|t:|1700654634\n|move|p2a: Bals|Drain Punch|p1a: Skelly Boi\n|-immune|p1a: Skelly Boi\n|move|p1a: Skelly Boi|Torch Song|p2a: Bals\n|-damage|p2a: Bals|0 fnt\n|-boost|p1a: Skelly Boi|spa|1\n|faint|p2a: Bals\n|-end|p2a: Bals|Quark Drive|[silent]\n|\n|upkeep\n|\n|t:|1700654643\n|switch|p2a: Bals 2|Samurott-Hisui, M|100\/100\n|turn|29\n|c|\u2606MEME\/\/BRAIN|Ghost type lol\n|c|\u2606MEME\/\/BRAIN|Immune to fighting\n|\n|t:|1700654664\n|move|p2a: Bals 2|Sucker Punch|p1a: Skelly Boi|[miss]\n|-miss|p2a: Bals 2|p1a: Skelly Boi\n|move|p1a: Skelly Boi|Earth Power|p2a: Bals 2\n|-damage|p2a: Bals 2|32\/100\n|\n|upkeep\n|turn|30\n|c|\u2606mcarvai|yay\n|\n|t:|1700654677\n|-terastallize|p1a: Skelly Boi|Water\n|move|p2a: Bals 2|Sucker Punch|p1a: Skelly Boi|[miss]\n|-miss|p2a: Bals 2|p1a: Skelly Boi\n|move|p1a: Skelly Boi|Earth Power|p2a: Bals 2\n|-damage|p2a: Bals 2|0 fnt\n|faint|p2a: Bals 2\n|\n|win|MEME\/\/BRAIN\n|raw|MEME&#x2f;&#x2f;BRAIN's rating: 1296 &rarr; <strong>1315<\/strong><br \/>(+19 for winning)\n|raw|mcarvai's rating: 1218 &rarr; <strong>1199<\/strong><br \/>(-19 for losing)\n|c|\u2606mcarvai|gg\n|l|\u2606MEME\/\/BRAIN\n|l|\u2606mcarvai\n|j|\u2606MEME\/\/BRAIN\n|player|p1|MEME\/\/BRAIN|guitarist\n","uploadtime":1700654701,"views":8,"p1id":"memebrain","p2id":"mcarvai","formatid":"gen9anythinggoes","rating":1199,"private":0,"password":""}