{"id":"gen9anythinggoes-1980897724","p1":"Jeremy647","p2":"C1ownPierceYT","format":"[Gen 9] Anything Goes","log":"|j|\u2606Jeremy647\n|j|\u203dC1ownPierceYT\n|t:|1698847037\n|gametype|singles\n|player|p1|Jeremy647|ruinmaniac|1322\n|player|p2|C1ownPierceYT|acetrainer|1269\n|teamsize|p1|6\n|teamsize|p2|6\n|gen|9\n|tier|[Gen 9] Anything Goes\n|rated|\n|rule|HP Percentage Mod: HP is shown in percentages\n|rule|Endless Battle Clause: Forcing endless battles is banned\n|clearpoke\n|poke|p1|Iron Bundle|\n|poke|p1|Miraidon|\n|poke|p1|Zacian-*|\n|poke|p1|Annihilape, M|\n|poke|p1|Roaring Moon|\n|poke|p1|Rillaboom, M|\n|poke|p2|Zacian-*|\n|poke|p2|Zacian-*|\n|poke|p2|Zacian-*|\n|poke|p2|Zacian-*|\n|poke|p2|Zacian-*|\n|poke|p2|Zacian-*|\n|teampreview\n|inactive|Battle timer is ON: inactive players will automatically lose when time's up. (requested by Jeremy647)\n|c|\u2606Jeremy647|Glhf\n|\n|t:|1698847045\n|start\n|switch|p1a: Miraidon|Miraidon|100\/100\n|switch|p2a: Zacian|Zacian-Crowned|100\/100\n|-fieldstart|move: Electric Terrain|[from] ability: Hadron Engine|[of] p1a: Miraidon\n|-ability|p2a: Zacian|Intrepid Sword|boost\n|-boost|p2a: Zacian|atk|1\n|turn|1\n|\n|t:|1698847063\n|move|p1a: Miraidon|Volt Switch|p2a: Zacian\n|-damage|p2a: Zacian|49\/100\n|c|\u2606Jeremy647|Full of zacians\n|\n|t:|1698847070\n|switch|p1a: Annihilape|Annihilape, M|100\/100|[from] Volt Switch\n|move|p2a: Zacian|Moonblast|p1a: Annihilape\n|-supereffective|p1a: Annihilape\n|-damage|p1a: Annihilape|49\/100\n|\n|upkeep\n|turn|2\n|\n|t:|1698847076\n|move|p2a: Zacian|Crunch|p1a: Annihilape\n|-damage|p1a: Annihilape|8\/100\n|move|p1a: Annihilape|Rage Fist|p2a: Zacian\n|-damage|p2a: Zacian|0 fnt\n|faint|p2a: Zacian\n|\n|upkeep\n|\n|t:|1698847084\n|switch|p2a: Zacian|Zacian-Crowned|100\/100\n|-ability|p2a: Zacian|Intrepid Sword|boost\n|-boost|p2a: Zacian|atk|1\n|turn|3\n|\n|t:|1698847087\n|move|p2a: Zacian|Crunch|p1a: Annihilape\n|-damage|p1a: Annihilape|0 fnt\n|faint|p1a: Annihilape\n|\n|upkeep\n|\n|t:|1698847091\n|switch|p1a: Iron Bundle|Iron Bundle, shiny|100\/100\n|-activate|p1a: Iron Bundle|ability: Quark Drive\n|-start|p1a: Iron Bundle|quarkdrivespe\n|turn|4\n|\n|t:|1698847103\n|move|p1a: Iron Bundle|Hydro Pump|p2a: Zacian\n|-damage|p2a: Zacian|30\/100\n|move|p2a: Zacian|Wild Charge|p1a: Iron Bundle\n|-supereffective|p1a: Iron Bundle\n|-damage|p1a: Iron Bundle|0 fnt\n|faint|p1a: Iron Bundle\n|-end|p1a: Iron Bundle|Quark Drive|[silent]\n|-damage|p2a: Zacian|14\/100|[from] Recoil\n|\n|upkeep\n|\n|t:|1698847114\n|switch|p1a: Rillaboom|Rillaboom, M|100\/100\n|-fieldstart|move: Grassy Terrain|[from] ability: Grassy Surge|[of] p1a: Rillaboom\n|turn|5\n|\n|t:|1698847127\n|move|p1a: Rillaboom|Grassy Glide|p2a: Zacian\n|-resisted|p2a: Zacian\n|-damage|p2a: Zacian|0 fnt\n|faint|p2a: Zacian\n|\n|upkeep\n|\n|t:|1698847132\n|switch|p2a: Zacian|Zacian-Crowned|100\/100\n|-ability|p2a: Zacian|Intrepid Sword|boost\n|-boost|p2a: Zacian|atk|1\n|turn|6\n|\n|t:|1698847136\n|move|p1a: Rillaboom|Grassy Glide|p2a: Zacian\n|-resisted|p2a: Zacian\n|-damage|p2a: Zacian|79\/100\n|move|p2a: Zacian|Close Combat|p1a: Rillaboom\n|-damage|p1a: Rillaboom|36\/100\n|-unboost|p2a: Zacian|def|1\n|-unboost|p2a: Zacian|spd|1\n|\n|-heal|p2a: Zacian|86\/100|[from] Grassy Terrain\n|-heal|p1a: Rillaboom|42\/100|[from] Grassy Terrain\n|upkeep\n|turn|7\n|\n|t:|1698847145\n|move|p1a: Rillaboom|Grassy Glide|p2a: Zacian\n|-resisted|p2a: Zacian\n|-damage|p2a: Zacian|52\/100\n|move|p2a: Zacian|Close Combat|p1a: Rillaboom\n|-damage|p1a: Rillaboom|0 fnt\n|-unboost|p2a: Zacian|def|1\n|-unboost|p2a: Zacian|spd|1\n|faint|p1a: Rillaboom\n|\n|-heal|p2a: Zacian|58\/100|[from] Grassy Terrain\n|upkeep\n|\n|t:|1698847153\n|switch|p1a: Miraidon|Miraidon|100\/100\n|-fieldstart|move: Electric Terrain|[from] ability: Hadron Engine|[of] p1a: Miraidon\n|turn|8\n|\n|t:|1698847161\n|-terastallize|p2a: Zacian|Fairy\n|move|p1a: Miraidon|Volt Switch|p2a: Zacian\n|-damage|p2a: Zacian|0 fnt\n|faint|p2a: Zacian\n|\n|t:|1698847170\n|switch|p1a: Roaring Moon|Roaring Moon|100\/100|[from] Volt Switch\n|-enditem|p1a: Roaring Moon|Booster Energy\n|-activate|p1a: Roaring Moon|ability: Protosynthesis|[fromitem]\n|-start|p1a: Roaring Moon|protosynthesisatk\n|\n|upkeep\n|\n|t:|1698847176\n|switch|p2a: Zacian|Zacian-Crowned|100\/100\n|-ability|p2a: Zacian|Intrepid Sword|boost\n|-boost|p2a: Zacian|atk|1\n|turn|9\n|\n|t:|1698847183\n|-terastallize|p1a: Roaring Moon|Flying\n|move|p2a: Zacian|Moonblast|p1a: Roaring Moon\n|-damage|p1a: Roaring Moon|76\/100\n|move|p1a: Roaring Moon|Acrobatics|p2a: Zacian\n|-resisted|p2a: Zacian\n|-damage|p2a: Zacian|69\/100\n|\n|upkeep\n|turn|10\n|\n|t:|1698847198\n|move|p2a: Zacian|Wild Charge|p1a: Roaring Moon\n|-supereffective|p1a: Roaring Moon\n|-damage|p1a: Roaring Moon|0 fnt\n|faint|p1a: Roaring Moon\n|-end|p1a: Roaring Moon|Protosynthesis|[silent]\n|-damage|p2a: Zacian|52\/100|[from] Recoil\n|\n|upkeep\n|\n|t:|1698847201\n|switch|p1a: Miraidon|Miraidon|100\/100\n|-activate|p1a: Miraidon|ability: Hadron Engine\n|turn|11\n|\n|t:|1698847226\n|move|p1a: Miraidon|Electro Drift|p2a: Zacian\n|-damage|p2a: Zacian|0 fnt\n|faint|p2a: Zacian\n|\n|upkeep\n|\n|t:|1698847231\n|switch|p2a: Zacian|Zacian-Crowned|100\/100\n|-ability|p2a: Zacian|Intrepid Sword|boost\n|-boost|p2a: Zacian|atk|1\n|turn|12\n|\n|t:|1698847239\n|move|p1a: Miraidon|Electro Drift|p2a: Zacian\n|-damage|p2a: Zacian|14\/100\n|move|p2a: Zacian|Moonblast|p1a: Miraidon\n|-supereffective|p1a: Miraidon\n|-damage|p1a: Miraidon|50\/100\n|-unboost|p1a: Miraidon|spa|1\n|\n|-fieldend|move: Electric Terrain\n|upkeep\n|turn|13\n|\n|t:|1698847250\n|move|p1a: Miraidon|Electro Drift|p2a: Zacian\n|-damage|p2a: Zacian|0 fnt\n|faint|p2a: Zacian\n|\n|upkeep\n|\n|t:|1698847254\n|switch|p2a: Zacian|Zacian-Crowned|100\/100\n|-ability|p2a: Zacian|Intrepid Sword|boost\n|-boost|p2a: Zacian|atk|1\n|turn|14\n|\n|t:|1698847262\n|switch|p1a: Zacian|Zacian-Crowned, shiny|100\/100\n|-ability|p1a: Zacian|Intrepid Sword|boost\n|-boost|p1a: Zacian|atk|1\n|move|p2a: Zacian|Moonblast|p1a: Zacian\n|-resisted|p1a: Zacian\n|-damage|p1a: Zacian|88\/100\n|\n|upkeep\n|turn|15\n|\n|t:|1698847270\n|move|p2a: Zacian|Close Combat|p1a: Zacian\n|-damage|p1a: Zacian|37\/100\n|-unboost|p2a: Zacian|def|1\n|-unboost|p2a: Zacian|spd|1\n|move|p1a: Zacian|Behemoth Blade|p2a: Zacian\n|-damage|p2a: Zacian|0 fnt\n|faint|p2a: Zacian\n|\n|win|Jeremy647\n|raw|Jeremy647's rating: 1322 &rarr; <strong>1339<\/strong><br \/>(+17 for winning)\n|raw|C1ownPierceYT's rating: 1269 &rarr; <strong>1248<\/strong><br \/>(-21 for losing)\n|l|\u203dC1ownPierceYT\n|c|\u2606Jeremy647|gg\n","uploadtime":1698847288,"views":6,"p1id":"jeremy647","p2id":"c1ownpierceyt","formatid":"gen9anythinggoes","rating":1248,"private":0,"password":""}