{"id":"gen9anythinggoes-1996997330","p1":"Khanmigo","p2":"YIPPEEEEEEEE","format":"[Gen 9] Anything Goes","log":"|j|\u2606Khanmigo\n|j|\u2606YIPPEEEEEEEE\n|t:|1700753947\n|gametype|singles\n|player|p1|Khanmigo|1|1154\n|player|p2|YIPPEEEEEEEE|cynthia|1149\n|teamsize|p1|6\n|teamsize|p2|6\n|gen|9\n|tier|[Gen 9] Anything Goes\n|rated|\n|rule|HP Percentage Mod: HP is shown in percentages\n|rule|Endless Battle Clause: Forcing endless battles is banned\n|clearpoke\n|poke|p1|Calyrex-Shadow|\n|poke|p1|Annihilape, M|\n|poke|p1|Hoopa-Unbound|\n|poke|p1|Grimmsnarl, M|\n|poke|p1|Enamorus, F|\n|poke|p1|Basculegion, M|\n|poke|p2|Eternatus|\n|poke|p2|Arcanine-Hisui, M|\n|poke|p2|Walking Wake|\n|poke|p2|Zarude-Dada|\n|poke|p2|Sneasler, M|\n|poke|p2|Miraidon|\n|teampreview\n|\n|t:|1700753960\n|start\n|switch|p1a: Grimmsnarl|Grimmsnarl, M, shiny|100\/100\n|switch|p2a: Skeledirge|Eternatus|100\/100\n|-ability|p2a: Skeledirge|Pressure\n|turn|1\n|\n|t:|1700753976\n|move|p1a: Grimmsnarl|Light Screen|p1a: Grimmsnarl\n|-sidestart|p1: Khanmigo|move: Light Screen\n|move|p2a: Skeledirge|Sludge Bomb|p1a: Grimmsnarl\n|-supereffective|p1a: Grimmsnarl\n|-damage|p1a: Grimmsnarl|23\/100\n|\n|-heal|p1a: Grimmsnarl|29\/100|[from] item: Leftovers\n|upkeep\n|turn|2\n|\n|t:|1700753983\n|move|p2a: Skeledirge|Sludge Bomb|p1a: Grimmsnarl\n|-supereffective|p1a: Grimmsnarl\n|-damage|p1a: Grimmsnarl|0 fnt\n|faint|p1a: Grimmsnarl\n|\n|upkeep\n|\n|t:|1700753989\n|switch|p1a: Enamorus|Enamorus, F|100\/100\n|turn|3\n|\n|t:|1700753997\n|move|p2a: Skeledirge|Sludge Bomb|p1a: Enamorus\n|-supereffective|p1a: Enamorus\n|-damage|p1a: Enamorus|0 fnt\n|faint|p1a: Enamorus\n|\n|upkeep\n|\n|t:|1700754001\n|switch|p1a: Hoppa SHOT|Hoopa-Unbound|100\/100\n|turn|4\n|\n|t:|1700754008\n|move|p2a: Skeledirge|Sludge Bomb|p1a: Hoppa SHOT\n|-damage|p1a: Hoppa SHOT|69\/100\n|-status|p1a: Hoppa SHOT|psn\n|move|p1a: Hoppa SHOT|Psychic|p2a: Skeledirge\n|-supereffective|p2a: Skeledirge\n|-damage|p2a: Skeledirge|4\/100\n|-item|p1a: Hoppa SHOT|Choice Specs|[from] ability: Magician|[of] p2a: Skeledirge\n|\n|-damage|p1a: Hoppa SHOT|56\/100 psn|[from] psn\n|upkeep\n|turn|5\n|\n|t:|1700754019\n|move|p2a: Skeledirge|Sludge Bomb|p1a: Hoppa SHOT\n|-damage|p1a: Hoppa SHOT|35\/100 psn\n|move|p1a: Hoppa SHOT|Psychic|p2a: Skeledirge\n|-supereffective|p2a: Skeledirge\n|-damage|p2a: Skeledirge|0 fnt\n|faint|p2a: Skeledirge\n|\n|-damage|p1a: Hoppa SHOT|22\/100 psn|[from] psn\n|-sideend|p1: Khanmigo|move: Light Screen\n|upkeep\n|\n|t:|1700754028\n|switch|p2a: Daddy~|Zarude-Dada|100\/100\n|turn|6\n|\n|t:|1700754031\n|move|p2a: Daddy~|Crunch|p1a: Hoppa SHOT\n|-damage|p1a: Hoppa SHOT|0 fnt\n|faint|p1a: Hoppa SHOT\n|\n|upkeep\n|\n|t:|1700754037\n|switch|p1a: Annihilape|Annihilape, M, shiny|100\/100\n|turn|7\n|\n|t:|1700754042\n|-terastallize|p1a: Annihilape|Fighting\n|move|p2a: Daddy~|U-turn|p1a: Annihilape\n|-resisted|p1a: Annihilape\n|-damage|p1a: Annihilape|89\/100\n|\n|t:|1700754049\n|switch|p2a: ITS A TREX|Walking Wake|100\/100|[from] U-turn\n|-enditem|p2a: ITS A TREX|Booster Energy\n|-activate|p2a: ITS A TREX|ability: Protosynthesis|[fromitem]\n|-start|p2a: ITS A TREX|protosynthesisspa\n|move|p1a: Annihilape|Drain Punch|p2a: ITS A TREX\n|-damage|p2a: ITS A TREX|52\/100\n|-heal|p1a: Annihilape|100\/100|[from] drain|[of] p2a: ITS A TREX\n|\n|upkeep\n|turn|8\n|\n|t:|1700754059\n|-terastallize|p2a: ITS A TREX|Fairy\n|move|p2a: ITS A TREX|Tera Blast|p1a: Annihilape|[anim] Tera Blast Fairy\n|-supereffective|p1a: Annihilape\n|-damage|p1a: Annihilape|9\/100\n|move|p1a: Annihilape|Rage Fist|p2a: ITS A TREX\n|-damage|p2a: ITS A TREX|0 fnt\n|faint|p2a: ITS A TREX\n|-end|p2a: ITS A TREX|Protosynthesis|[silent]\n|\n|-heal|p1a: Annihilape|16\/100|[from] item: Leftovers\n|upkeep\n|\n|t:|1700754073\n|switch|p2a: Daddy~|Zarude-Dada|100\/100\n|turn|9\n|\n|t:|1700754076\n|move|p2a: Daddy~|U-turn|p1a: Annihilape\n|-resisted|p1a: Annihilape\n|-damage|p1a: Annihilape|4\/100\n|\n|t:|1700754079\n|switch|p2a: Crit pls :(|Sneasler, M, shiny|100\/100|[from] U-turn\n|move|p1a: Annihilape|Drain Punch|p2a: Crit pls :(\n|-resisted|p2a: Crit pls :(\n|-damage|p2a: Crit pls :(|57\/100\n|-heal|p1a: Annihilape|19\/100|[from] drain|[of] p2a: Crit pls :(\n|\n|-heal|p1a: Annihilape|25\/100|[from] item: Leftovers\n|upkeep\n|turn|10\n|\n|t:|1700754090\n|move|p2a: Crit pls :(|Fake Out|p1a: Annihilape\n|-damage|p1a: Annihilape|9\/100\n|cant|p1a: Annihilape|flinch\n|\n|-heal|p1a: Annihilape|16\/100|[from] item: Leftovers\n|upkeep\n|turn|11\n|\n|t:|1700754097\n|move|p2a: Crit pls :(|Tera Blast|p1a: Annihilape\n|-damage|p1a: Annihilape|8\/100\n|move|p1a: Annihilape|Rage Fist|p2a: Crit pls :(\n|-damage|p2a: Crit pls :(|0 fnt\n|faint|p2a: Crit pls :(\n|\n|-heal|p1a: Annihilape|14\/100|[from] item: Leftovers\n|upkeep\n|\n|t:|1700754107\n|switch|p2a: Miraidon|Miraidon|100\/100\n|-fieldstart|move: Electric Terrain|[from] ability: Hadron Engine|[of] p2a: Miraidon\n|turn|12\n|\n|t:|1700754113\n|move|p2a: Miraidon|Dazzling Gleam|p1a: Annihilape\n|-supereffective|p1a: Annihilape\n|-damage|p1a: Annihilape|0 fnt\n|faint|p1a: Annihilape\n|\n|upkeep\n|\n|t:|1700754117\n|switch|p1a: Calyrex|Calyrex-Shadow|100\/100\n|-ability|p1a: Calyrex|As One\n|-ability|p1a: Calyrex|Unnerve\n|turn|13\n|\n|t:|1700754124\n|move|p1a: Calyrex|Protect|p1a: Calyrex\n|-singleturn|p1a: Calyrex|Protect\n|move|p2a: Miraidon|Dazzling Gleam|p1a: Calyrex\n|-activate|p1a: Calyrex|move: Protect\n|\n|upkeep\n|turn|14\n|\n|t:|1700754131\n|move|p1a: Calyrex|Astral Barrage|p2a: Miraidon\n|-damage|p2a: Miraidon|39\/100\n|move|p2a: Miraidon|Dazzling Gleam|p1a: Calyrex\n|-damage|p1a: Calyrex|40\/100\n|\n|-heal|p1a: Calyrex|46\/100|[from] item: Leftovers\n|upkeep\n|turn|15\n|\n|t:|1700754140\n|move|p1a: Calyrex|Astral Barrage|p2a: Miraidon\n|-damage|p2a: Miraidon|0 fnt\n|faint|p2a: Miraidon\n|-ability|p1a: Calyrex|Grim Neigh|boost\n|-boost|p1a: Calyrex|spa|1\n|\n|-heal|p1a: Calyrex|52\/100|[from] item: Leftovers\n|upkeep\n|\n|t:|1700754148\n|switch|p2a: Daddy~|Zarude-Dada|100\/100\n|turn|16\n|\n|t:|1700754152\n|move|p1a: Calyrex|Protect|p1a: Calyrex\n|-singleturn|p1a: Calyrex|Protect\n|move|p2a: Daddy~|U-turn|p1a: Calyrex\n|-activate|p1a: Calyrex|move: Protect\n|\n|-heal|p1a: Calyrex|59\/100|[from] item: Leftovers\n|-fieldend|move: Electric Terrain\n|upkeep\n|turn|17\n|\n|t:|1700754163\n|move|p1a: Calyrex|Astral Barrage|p2a: Daddy~\n|-resisted|p2a: Daddy~\n|-damage|p2a: Daddy~|40\/100\n|move|p2a: Daddy~|U-turn|p1a: Calyrex\n|-damage|p1a: Calyrex|29\/100\n|\n|t:|1700754173\n|switch|p2a: The main event|Arcanine-Hisui, M, shiny|100\/100|[from] U-turn\n|\n|-heal|p1a: Calyrex|35\/100|[from] item: Leftovers\n|upkeep\n|turn|18\n|\n|t:|1700754180\n|move|p1a: Calyrex|Astral Barrage|p2a: The main event\n|-damage|p2a: The main event|0 fnt\n|faint|p2a: The main event\n|-ability|p1a: Calyrex|Grim Neigh|boost\n|-boost|p1a: Calyrex|spa|1\n|\n|-heal|p1a: Calyrex|42\/100|[from] item: Leftovers\n|upkeep\n|c|\u2606Khanmigo|the main even wow\n|c|\u2606YIPPEEEEEEEE|Go to hell with yourdamn calyrex\n|-message|YIPPEEEEEEEE forfeited.\n|\n|win|Khanmigo\n|raw|Khanmigo's rating: 1154 &rarr; <strong>1179<\/strong><br \/>(+25 for winning)\n|raw|YIPPEEEEEEEE's rating: 1149 &rarr; <strong>1124<\/strong><br \/>(-25 for losing)\n|l|\u2606YIPPEEEEEEEE\n|c|\u2606Khanmigo|HAHAH\n","uploadtime":1700754196,"views":0,"p1id":"khanmigo","p2id":"yippeeeeeeee","formatid":"gen9anythinggoes","rating":1124,"private":0,"password":""}