{"id":"gen9anythinggoes-1987252070","p1":"TailsTheGeinuis","p2":"savagewolf98420","format":"[Gen 9] Anything Goes","log":"|j|\u2606TailsTheGeinuis\n|j|\u2606savagewolf98420\n|t:|1699569635\n|gametype|singles\n|player|p1|TailsTheGeinuis|101|1050\n|player|p2|savagewolf98420|koga|1199\n|teamsize|p1|6\n|teamsize|p2|6\n|gen|9\n|tier|[Gen 9] Anything Goes\n|rated|\n|rule|HP Percentage Mod: HP is shown in percentages\n|rule|Endless Battle Clause: Forcing endless battles is banned\n|clearpoke\n|poke|p1|Clodsire, F|\n|poke|p1|Chien-Pao|\n|poke|p1|Garganacl, F|\n|poke|p1|Mewtwo|\n|poke|p1|Kingambit, M|\n|poke|p1|Zapdos|\n|poke|p2|Koraidon|\n|poke|p2|Lilligant-Hisui, F|\n|poke|p2|Toxapex, M|\n|poke|p2|Jirachi|\n|poke|p2|Arcanine-Hisui, M|\n|poke|p2|Eternatus|\n|teampreview\n|\n|t:|1699569649\n|start\n|switch|p1a: Mewtwo|Mewtwo|100\/100\n|switch|p2a: Arcanine|Arcanine-Hisui, M, shiny|100\/100\n|-ability|p1a: Mewtwo|Pressure\n|turn|1\n|inactive|Battle timer is ON: inactive players will automatically lose when time's up. (requested by savagewolf98420)\n|\n|t:|1699569660\n|move|p2a: Arcanine|Head Smash|p1a: Mewtwo\n|-damage|p1a: Mewtwo|48\/100\n|-damage|p2a: Arcanine|84\/100|[from] item: Rocky Helmet|[of] p1a: Mewtwo\n|move|p1a: Mewtwo|Psystrike|p2a: Arcanine\n|-damage|p2a: Arcanine|26\/100\n|\n|upkeep\n|turn|2\n|\n|t:|1699569672\n|switch|p1a: Zapdos|Zapdos|100\/100\n|-ability|p1a: Zapdos|Pressure\n|move|p2a: Arcanine|Head Smash|p1a: Zapdos\n|-supereffective|p1a: Zapdos\n|-damage|p1a: Zapdos|0 fnt\n|faint|p1a: Zapdos\n|\n|upkeep\n|\n|t:|1699569682\n|switch|p1a: Clodsire|Clodsire, F|100\/100\n|turn|3\n|\n|t:|1699569706\n|move|p2a: Arcanine|Double-Edge|p1a: Clodsire\n|-damage|p1a: Clodsire|67\/100\n|move|p1a: Clodsire|Liquidation|p2a: Arcanine\n|-supereffective|p2a: Arcanine\n|-damage|p2a: Arcanine|0 fnt\n|faint|p2a: Arcanine\n|\n|-heal|p1a: Clodsire|74\/100|[from] item: Leftovers\n|upkeep\n|\n|t:|1699569721\n|switch|p2a: Koraidon|Koraidon|100\/100\n|-weather|SunnyDay|[from] ability: Orichalcum Pulse|[of] p2a: Koraidon\n|-activate|p2a: Koraidon|Orichalcum Pulse|[source]\n|turn|4\n|\n|t:|1699569728\n|-terastallize|p1a: Clodsire|Water\n|move|p2a: Koraidon|U-turn|p1a: Clodsire\n|-damage|p1a: Clodsire|45\/100\n|\n|t:|1699569733\n|switch|p2a: Lilligant|Lilligant-Hisui, F|100\/100|[from] U-turn\n|move|p1a: Clodsire|Liquidation|p2a: Lilligant\n|-resisted|p2a: Lilligant\n|-damage|p2a: Lilligant|88\/100\n|-unboost|p2a: Lilligant|def|1\n|\n|-weather|SunnyDay|[upkeep]\n|-heal|p1a: Clodsire|51\/100|[from] item: Leftovers\n|upkeep\n|turn|5\n|\n|t:|1699569745\n|switch|p1a: Chien-Pao|Chien-Pao|100\/100\n|-ability|p1a: Chien-Pao|Sword of Ruin\n|move|p2a: Lilligant|Sleep Powder|p1a: Chien-Pao\n|-status|p1a: Chien-Pao|slp|[from] move: Sleep Powder\n|\n|-weather|SunnyDay|[upkeep]\n|upkeep\n|turn|6\n|\n|t:|1699569762\n|move|p2a: Lilligant|Victory Dance|p2a: Lilligant\n|-boost|p2a: Lilligant|atk|1\n|-boost|p2a: Lilligant|def|1\n|-boost|p2a: Lilligant|spe|1\n|cant|p1a: Chien-Pao|slp\n|\n|-weather|SunnyDay|[upkeep]\n|upkeep\n|turn|7\n|\n|t:|1699569781\n|switch|p1a: Garganacl|Garganacl, F|100\/100\n|move|p2a: Lilligant|Victory Dance|p2a: Lilligant\n|-boost|p2a: Lilligant|atk|1\n|-boost|p2a: Lilligant|def|1\n|-boost|p2a: Lilligant|spe|1\n|\n|-weather|SunnyDay|[upkeep]\n|upkeep\n|turn|8\n|\n|t:|1699569793\n|move|p2a: Lilligant|Solar Blade||[still]\n|-prepare|p2a: Lilligant|Solar Blade\n|-anim|p2a: Lilligant|Solar Blade|p1a: Garganacl\n|-supereffective|p1a: Garganacl\n|-damage|p1a: Garganacl|0 fnt\n|faint|p1a: Garganacl\n|\n|-weather|none\n|upkeep\n|\n|t:|1699569799\n|switch|p1a: Mewtwo|Mewtwo|48\/100\n|-ability|p1a: Mewtwo|Pressure\n|turn|9\n|\n|t:|1699569810\n|move|p2a: Lilligant|Axe Kick|p1a: Mewtwo\n|-resisted|p1a: Mewtwo\n|-damage|p1a: Mewtwo|0 fnt\n|-damage|p2a: Lilligant|71\/100|[from] item: Rocky Helmet|[of] p1a: Mewtwo\n|faint|p1a: Mewtwo\n|\n|upkeep\n|\n|t:|1699569815\n|switch|p1a: Kingambit|Kingambit, M|100\/100\n|-activate|p1a: Kingambit|ability: Supreme Overlord\n|-start|p1a: Kingambit|fallen3|[silent]\n|turn|10\n|\n|t:|1699569824\n|move|p2a: Lilligant|Sleep Powder|p1a: Kingambit|[miss]\n|-miss|p2a: Lilligant|p1a: Kingambit\n|move|p1a: Kingambit|Night Slash|p2a: Lilligant\n|-resisted|p2a: Lilligant\n|-damage|p2a: Lilligant|46\/100\n|\n|upkeep\n|turn|11\n|\n|t:|1699569832\n|move|p2a: Lilligant|Sleep Powder|p1a: Kingambit\n|-status|p1a: Kingambit|slp|[from] move: Sleep Powder\n|cant|p1a: Kingambit|slp\n|\n|upkeep\n|turn|12\n|\n|t:|1699569841\n|move|p2a: Lilligant|Axe Kick|p1a: Kingambit\n|-supereffective|p1a: Kingambit\n|-damage|p1a: Kingambit|0 fnt\n|faint|p1a: Kingambit\n|-end|p1a: Kingambit|fallen3|[silent]\n|\n|upkeep\n|\n|t:|1699569850\n|switch|p1a: Clodsire|Clodsire, F, tera:Water|51\/100\n|turn|13\n|\n|t:|1699569859\n|move|p2a: Lilligant|Axe Kick|p1a: Clodsire\n|-damage|p1a: Clodsire|0 fnt\n|faint|p1a: Clodsire\n|\n|upkeep\n|\n|t:|1699569862\n|switch|p1a: Chien-Pao|Chien-Pao|100\/100 slp\n|-ability|p1a: Chien-Pao|Sword of Ruin\n|turn|14\n|\n|t:|1699569868\n|move|p2a: Lilligant|Axe Kick|p1a: Chien-Pao\n|-supereffective|p1a: Chien-Pao\n|-crit|p1a: Chien-Pao\n|-damage|p1a: Chien-Pao|0 fnt\n|faint|p1a: Chien-Pao\n|\n|win|savagewolf98420\n|raw|TailsTheGeinuis's rating: 1050 &rarr; <strong>1040<\/strong><br \/>(-10 for losing)\n|raw|savagewolf98420's rating: 1199 &rarr; <strong>1214<\/strong><br \/>(+15 for winning)\n","uploadtime":1699569878,"views":12,"p1id":"tailsthegeinuis","p2id":"savagewolf98420","formatid":"gen9anythinggoes","rating":1040,"private":0,"password":""}