{"id":"gen9anythinggoes-1982452245","p1":"pokeauraburst$-&","p2":"eavo x","format":"[Gen 9] Anything Goes","log":"|j|\u2606pokeauraburst$-&\n|j|\u2606eavo x\n|t:|1699016135\n|gametype|singles\n|player|p1|pokeauraburst$-&|red|\n|player|p2|eavo x|erika-gen2|\n|teamsize|p1|6\n|teamsize|p2|6\n|gen|9\n|tier|[Gen 9] Anything Goes\n|rule|HP Percentage Mod: HP is shown in percentages\n|rule|Endless Battle Clause: Forcing endless battles is banned\n|clearpoke\n|poke|p1|Calyrex-Shadow|\n|poke|p1|Ribombee, F|\n|poke|p1|Basculegion, M|\n|poke|p1|Zacian-*|\n|poke|p1|Darkrai|\n|poke|p1|Ditto|\n|poke|p2|Kingambit, F|\n|poke|p2|Ting-Lu|\n|poke|p2|Eternatus|\n|poke|p2|Calyrex-Shadow|\n|poke|p2|Landorus-Therian, M|\n|poke|p2|Koraidon|\n|teampreview\n|inactive|Battle timer is ON: inactive players will automatically lose when time's up. (requested by eavo x)\n|c|\u2606pokeauraburst$-&|Glhf\n|c|\u2606eavo x|hf lad\n|\n|t:|1699016153\n|start\n|switch|p1a: Ribombee|Ribombee, F|100\/100\n|switch|p2a: Eternal Suffering|Eternatus, shiny|100\/100\n|-ability|p2a: Eternal Suffering|Pressure\n|turn|1\n|\n|t:|1699016162\n|move|p1a: Ribombee|Sticky Web|p2a: Eternal Suffering\n|-sidestart|p2: eavo x|move: Sticky Web\n|move|p2a: Eternal Suffering|Toxic Spikes|p1a: Ribombee\n|-sidestart|p1: pokeauraburst$-&|move: Toxic Spikes\n|\n|upkeep\n|turn|2\n|\n|t:|1699016169\n|switch|p1a: Zacian|Zacian-Crowned, shiny|100\/100\n|-ability|p1a: Zacian|Intrepid Sword|boost\n|-boost|p1a: Zacian|atk|1\n|move|p2a: Eternal Suffering|Toxic Spikes|p1a: Zacian\n|-sidestart|p1: pokeauraburst$-&|move: Toxic Spikes\n|\n|upkeep\n|turn|3\n|\n|t:|1699016176\n|move|p1a: Zacian|Swords Dance|p1a: Zacian\n|-boost|p1a: Zacian|atk|2\n|move|p2a: Eternal Suffering|Flamethrower|p1a: Zacian\n|-supereffective|p1a: Zacian\n|-damage|p1a: Zacian|48\/100\n|\n|upkeep\n|turn|4\n|\n|t:|1699016182\n|move|p1a: Zacian|Behemoth Blade|p2a: Eternal Suffering\n|-damage|p2a: Eternal Suffering|0 fnt\n|faint|p2a: Eternal Suffering\n|\n|upkeep\n|\n|t:|1699016185\n|switch|p2a: In The Clouds|Landorus-Therian, M, shiny|100\/100\n|-ability|p2a: In The Clouds|Intimidate|boost\n|-unboost|p1a: Zacian|atk|1\n|turn|5\n|\n|t:|1699016189\n|move|p1a: Zacian|Behemoth Blade|p2a: In The Clouds\n|-damage|p2a: In The Clouds|17\/100\n|-damage|p1a: Zacian|32\/100|[from] item: Rocky Helmet|[of] p2a: In The Clouds\n|move|p2a: In The Clouds|U-turn|p1a: Zacian\n|-resisted|p1a: Zacian\n|-damage|p1a: Zacian|26\/100\n|\n|t:|1699016194\n|switch|p2a: The Dark Horse|Calyrex-Shadow|100\/100|[from] U-turn\n|-ability|p2a: The Dark Horse|As One\n|-ability|p2a: The Dark Horse|Unnerve\n|\n|upkeep\n|turn|6\n|c|\u2606pokeauraburst$-&|Wyd\n|j| eavo x prim\n|\n|t:|1699016204\n|move|p2a: The Dark Horse|Astral Barrage|p1a: Zacian\n|-damage|p1a: Zacian|0 fnt\n|faint|p1a: Zacian\n|-ability|p2a: The Dark Horse|Grim Neigh|boost\n|-boost|p2a: The Dark Horse|spa|1\n|\n|upkeep\n|\n|t:|1699016207\n|switch|p1a: Ribombee|Ribombee, F|100\/100\n|-status|p1a: Ribombee|tox\n|turn|7\n|\n|t:|1699016217\n|-terastallize|p2a: The Dark Horse|Grass\n|move|p1a: Ribombee|Stun Spore|p2a: The Dark Horse\n|-immune|p2a: The Dark Horse\n|move|p2a: The Dark Horse|Astral Barrage|p1a: Ribombee\n|-damage|p1a: Ribombee|0 fnt\n|faint|p1a: Ribombee\n|-ability|p2a: The Dark Horse|Grim Neigh|boost\n|-boost|p2a: The Dark Horse|spa|1\n|\n|upkeep\n|c| eavo x prim|fire\n|\n|t:|1699016232\n|switch|p1a: Ditto|Ditto|100\/100\n|-status|p1a: Ditto|tox\n|-transform|p1a: Ditto|p2a: The Dark Horse|[from] ability: Imposter\n|-start|p1a: Ditto|typechange|Psychic\/Ghost|[silent]\n|turn|8\n|\n|t:|1699016251\n|switch|p2a: Desert Anchor|Ting-Lu|100\/100\n|-activate|p2a: Desert Anchor|move: Sticky Web\n|-unboost|p2a: Desert Anchor|spe|1\n|-ability|p2a: Desert Anchor|Vessel of Ruin\n|move|p1a: Ditto|Astral Barrage|p2a: Desert Anchor\n|-resisted|p2a: Desert Anchor\n|-damage|p2a: Desert Anchor|72\/100\n|\n|-heal|p2a: Desert Anchor|78\/100|[from] item: Leftovers\n|-damage|p1a: Ditto|94\/100 tox|[from] psn\n|upkeep\n|turn|9\n|\n|t:|1699016263\n|switch|p1a: Basculegion|Basculegion, M|100\/100\n|-status|p1a: Basculegion|tox\n|move|p2a: Desert Anchor|Earthquake|p1a: Basculegion\n|-damage|p1a: Basculegion|50\/100 tox\n|\n|-heal|p2a: Desert Anchor|85\/100|[from] item: Leftovers\n|-damage|p1a: Basculegion|44\/100 tox|[from] psn\n|upkeep\n|turn|10\n|\n|t:|1699016271\n|switch|p2a: In The Clouds|Landorus-Therian, M, shiny|17\/100\n|-ability|p2a: In The Clouds|Intimidate|boost\n|-unboost|p1a: Basculegion|atk|1\n|move|p1a: Basculegion|Flip Turn|p2a: In The Clouds\n|-supereffective|p2a: In The Clouds\n|-crit|p2a: In The Clouds\n|-damage|p2a: In The Clouds|0 fnt\n|-damage|p1a: Basculegion|28\/100 tox|[from] item: Rocky Helmet|[of] p2a: In The Clouds\n|faint|p2a: In The Clouds\n|-damage|p1a: Basculegion|18\/100 tox|[from] item: Life Orb\n|\n|t:|1699016282\n|switch|p1a: Darkrai|Darkrai|100\/100|[from] Flip Turn\n|-status|p1a: Darkrai|tox\n|\n|-damage|p1a: Darkrai|94\/100 tox|[from] psn\n|upkeep\n|\n|t:|1699016294\n|switch|p2a: The Dark Horse|Calyrex-Shadow, tera:Grass|100\/100\n|-ability|p2a: The Dark Horse|As One\n|-ability|p2a: The Dark Horse|Unnerve\n|turn|11\n|\n|t:|1699016307\n|move|p2a: The Dark Horse|Astral Barrage|p1a: Darkrai\n|-resisted|p1a: Darkrai\n|-damage|p1a: Darkrai|43\/100 tox\n|move|p1a: Darkrai|Dark Pulse|p2a: The Dark Horse\n|-damage|p2a: The Dark Horse|57\/100\n|\n|-damage|p1a: Darkrai|31\/100 tox|[from] psn\n|upkeep\n|turn|12\n|\n|t:|1699016319\n|move|p2a: The Dark Horse|Grass Knot|p1a: Darkrai\n|-damage|p1a: Darkrai|0 fnt\n|faint|p1a: Darkrai\n|-ability|p2a: The Dark Horse|Grim Neigh|boost\n|-boost|p2a: The Dark Horse|spa|1\n|\n|upkeep\n|\n|t:|1699016326\n|switch|p1a: Basculegion|Basculegion, M|18\/100 tox\n|turn|13\n|\n|t:|1699016332\n|move|p2a: The Dark Horse|Grass Knot|p1a: Basculegion\n|-supereffective|p1a: Basculegion\n|-damage|p1a: Basculegion|0 fnt\n|faint|p1a: Basculegion\n|-ability|p2a: The Dark Horse|Grim Neigh|boost\n|-boost|p2a: The Dark Horse|spa|1\n|\n|upkeep\n|\n|t:|1699016334\n|switch|p1a: Calyrex|Calyrex-Shadow|100\/100\n|-ability|p1a: Calyrex|As One\n|-ability|p1a: Calyrex|Unnerve\n|turn|14\n|\n|t:|1699016341\n|move|p1a: Calyrex|Astral Barrage|p2a: The Dark Horse\n|-damage|p2a: The Dark Horse|0 fnt\n|faint|p2a: The Dark Horse\n|-ability|p1a: Calyrex|Grim Neigh|boost\n|-boost|p1a: Calyrex|spa|1\n|\n|upkeep\n|\n|t:|1699016343\n|switch|p2a: The Botez Gambit|Kingambit, F, shiny|100\/100\n|-activate|p2a: The Botez Gambit|move: Sticky Web\n|-unboost|p2a: The Botez Gambit|spe|1\n|-activate|p2a: The Botez Gambit|ability: Supreme Overlord\n|-start|p2a: The Botez Gambit|fallen3|[silent]\n|turn|15\n|c|\u2606pokeauraburst$-&|Wtf\n|\n|t:|1699016358\n|move|p1a: Calyrex|Nasty Plot|p1a: Calyrex\n|-boost|p1a: Calyrex|spa|2\n|move|p2a: The Botez Gambit|Kowtow Cleave|p1a: Calyrex\n|-supereffective|p1a: Calyrex\n|-damage|p1a: Calyrex|0 fnt\n|faint|p1a: Calyrex\n|\n|upkeep\n|\n|t:|1699016360\n|switch|p1a: Ditto|Ditto|94\/100 tox\n|-transform|p1a: Ditto|p2a: The Botez Gambit|[from] ability: Imposter\n|-activate|p1a: Ditto|ability: Supreme Overlord\n|-start|p1a: Ditto|fallen5|[silent]\n|turn|16\n|c|\u2606eavo x|gg\n|\n|t:|1699016371\n|move|p1a: Ditto|Low Kick|p2a: The Botez Gambit\n|-supereffective|p2a: The Botez Gambit\n|-damage|p2a: The Botez Gambit|0 fnt\n|faint|p2a: The Botez Gambit\n|-end|p2a: The Botez Gambit|fallen3|[silent]\n|\n|-damage|p1a: Ditto|88\/100 tox|[from] psn\n|upkeep\n|c|\u2606pokeauraburst$-&|Wp\n|c|\u2606pokeauraburst$-&|Wait\n|\n|t:|1699016388\n|switch|p2a: Winged God|Koraidon|100\/100\n|-activate|p2a: Winged God|move: Sticky Web\n|-unboost|p2a: Winged God|spe|1\n|-weather|SunnyDay|[from] ability: Orichalcum Pulse|[of] p2a: Winged God\n|-activate|p2a: Winged God|Orichalcum Pulse|[source]\n|turn|17\n|c|\u2606pokeauraburst$-&|I have tera ghost bruh\n|\n|t:|1699016392\n|-terastallize|p1a: Ditto|Normal\n|move|p2a: Winged God|Flare Blitz|p1a: Ditto\n|-damage|p1a: Ditto|0 fnt\n|faint|p1a: Ditto\n|-end|p1a: Ditto|fallen5|[silent]\n|-damage|p2a: Winged God|76\/100|[from] Recoil\n|\n|win|eavo x\n|c|\u2606pokeauraburst$-&|Wp\n|c| eavo x prim|nice tera owo\n|l|\u2606pokeauraburst$-&\n|c| eavo x prim|anyway is it actually bo3 or bo1\n|c| eavo x prim|did cuane even tell us\n","uploadtime":1699016435,"views":10,"p1id":"pokeauraburst","p2id":"eavox","formatid":"gen9anythinggoes","rating":0,"private":0,"password":""}