{"id":"gen9anythinggoes-2000102158","p1":"Nnnnnnnnnnnnnez","p2":"MrMimeIsMrKetchum","format":"[Gen 9] Anything Goes","log":"|j|\u2606Nnnnnnnnnnnnnez\n|j|\u2606MrMimeIsMrKetchum\n|t:|1701155151\n|gametype|singles\n|player|p1|Nnnnnnnnnnnnnez|102|1177\n|player|p2|MrMimeIsMrKetchum|swimmerf-gen4|1245\n|teamsize|p1|6\n|teamsize|p2|6\n|gen|9\n|tier|[Gen 9] Anything Goes\n|rated|\n|rule|HP Percentage Mod: HP is shown in percentages\n|rule|Endless Battle Clause: Forcing endless battles is banned\n|clearpoke\n|poke|p1|Scizor, M|\n|poke|p1|Volcanion|\n|poke|p1|Lycanroc-Dusk, F|\n|poke|p1|Basculegion, M|\n|poke|p1|Salamence, M|\n|poke|p1|Perrserker, M|\n|poke|p2|Annihilape, M|\n|poke|p2|Blissey, F|\n|poke|p2|Pawmot, M|\n|poke|p2|Rabsca, M|\n|poke|p2|Pelipper, M|\n|poke|p2|Basculegion, M|\n|teampreview\n|\n|t:|1701155157\n|start\n|switch|p1a: Scizor|Scizor, M|100\/100\n|switch|p2a: Annihilape|Annihilape, M, shiny|100\/100\n|turn|1\n|inactive|Battle timer is ON: inactive players will automatically lose when time's up. (requested by MrMimeIsMrKetchum)\n|\n|t:|1701155162\n|move|p2a: Annihilape|Final Gambit|p1a: Scizor\n|-damage|p1a: Scizor|0 fnt\n|faint|p2a: Annihilape\n|faint|p1a: Scizor\n|\n|upkeep\n|\n|t:|1701155167\n|switch|p2a: Blissey|Blissey, F, shiny|100\/100\n|switch|p1a: Perrserker|Perrserker, M|100\/100\n|turn|2\n|\n|t:|1701155172\n|-terastallize|p1a: Perrserker|Fighting\n|move|p2a: Blissey|Copycat|p2a: Blissey\n|move|p2a: Blissey|Final Gambit|p1a: Perrserker|[from]move: Copycat\n|-enditem|p1a: Perrserker|Focus Sash\n|-damage|p1a: Perrserker|1\/100\n|faint|p2a: Blissey\n|move|p1a: Perrserker|Close Combat|p2: Blissey|[notarget]\n|-fail|p1a: Perrserker\n|\n|upkeep\n|\n|t:|1701155177\n|switch|p2a: Pawmot|Pawmot, M, shiny|100\/100\n|turn|3\n|\n|t:|1701155182\n|move|p2a: Pawmot|Mach Punch|p1a: Perrserker\n|-damage|p1a: Perrserker|0 fnt\n|faint|p1a: Perrserker\n|\n|upkeep\n|\n|t:|1701155190\n|switch|p1a: Lycanroc|Lycanroc-Dusk, F|100\/100\n|turn|4\n|\n|t:|1701155194\n|move|p2a: Pawmot|Revival Blessing|p2a: Pawmot\n|-enditem|p2a: Pawmot|Leppa Berry|[eat]\n|-activate|p2a: Pawmot|item: Leppa Berry|Revival Blessing|[consumed]\n|\n|t:|1701155196\n|-heal|p2: Annihilape|50\/100|[from] move: Revival Blessing\n|move|p1a: Lycanroc|Drill Run|p2a: Pawmot|[miss]\n|-miss|p1a: Lycanroc|p2a: Pawmot\n|\n|upkeep\n|turn|5\n|\n|t:|1701155208\n|move|p2a: Pawmot|Revival Blessing|p2a: Pawmot\n|\n|t:|1701155210\n|-heal|p2: Blissey|50\/100|[from] move: Revival Blessing\n|move|p1a: Lycanroc|Drill Run|p2a: Pawmot|[miss]\n|-miss|p1a: Lycanroc|p2a: Pawmot\n|\n|upkeep\n|turn|6\n|\n|t:|1701155216\n|move|p2a: Pawmot|Mach Punch|p1a: Lycanroc\n|-supereffective|p1a: Lycanroc\n|-damage|p1a: Lycanroc|37\/100\n|move|p1a: Lycanroc|Drill Run|p2a: Pawmot\n|-supereffective|p2a: Pawmot\n|-damage|p2a: Pawmot|0 fnt\n|faint|p2a: Pawmot\n|\n|upkeep\n|\n|t:|1701155222\n|switch|p2a: Annihilape|Annihilape, M, shiny|50\/100\n|turn|7\n|\n|t:|1701155225\n|move|p1a: Lycanroc|Accelerock|p2a: Annihilape\n|-resisted|p2a: Annihilape\n|-damage|p2a: Annihilape|38\/100\n|move|p2a: Annihilape|Final Gambit|p1a: Lycanroc\n|-damage|p1a: Lycanroc|0 fnt\n|faint|p2a: Annihilape\n|faint|p1a: Lycanroc\n|\n|upkeep\n|\n|t:|1701155233\n|switch|p1a: Salamence|Salamence, M|100\/100\n|switch|p2a: Blissey|Blissey, F, shiny|50\/100\n|turn|8\n|\n|t:|1701155240\n|switch|p1a: Volcanion|Volcanion|100\/100\n|move|p2a: Blissey|Copycat|p2a: Blissey\n|move|p2a: Blissey|Final Gambit|p1a: Volcanion|[from]move: Copycat\n|-damage|p1a: Volcanion|0 fnt\n|faint|p2a: Blissey\n|faint|p1a: Volcanion\n|\n|upkeep\n|\n|t:|1701155252\n|switch|p2a: Rabsca|Rabsca, M, shiny|100\/100\n|switch|p1a: Salamence|Salamence, M|100\/100\n|turn|9\n|\n|t:|1701155262\n|move|p1a: Salamence|Dual Wingbeat|p2a: Rabsca\n|-supereffective|p2a: Rabsca\n|-damage|p2a: Rabsca|17\/100\n|-supereffective|p2a: Rabsca\n|-damage|p2a: Rabsca|0 fnt\n|faint|p2a: Rabsca\n|-ability|p1a: Salamence|Moxie|boost\n|-boost|p1a: Salamence|atk|1\n|-hitcount|p2: Rabsca|2\n|\n|upkeep\n|\n|t:|1701155266\n|switch|p2a: Pelipper|Pelipper, M, shiny|100\/100\n|-weather|RainDance|[from] ability: Drizzle|[of] p2a: Pelipper\n|turn|10\n|\n|t:|1701155275\n|move|p1a: Salamence|Dual Wingbeat|p2a: Pelipper\n|-damage|p2a: Pelipper|46\/100\n|-damage|p2a: Pelipper|0 fnt\n|faint|p2a: Pelipper\n|-ability|p1a: Salamence|Moxie|boost\n|-boost|p1a: Salamence|atk|1\n|-hitcount|p2: Pelipper|2\n|\n|-weather|RainDance|[upkeep]\n|upkeep\n|\n|t:|1701155278\n|switch|p2a: Basculegion|Basculegion, M, shiny|100\/100\n|turn|11\n|\n|t:|1701155284\n|move|p2a: Basculegion|Last Respects|p1a: Salamence\n|-damage|p1a: Salamence|0 fnt\n|faint|p1a: Salamence\n|\n|-weather|RainDance|[upkeep]\n|upkeep\n|\n|t:|1701155289\n|switch|p1a: Basculegion|Basculegion, M|100\/100\n|turn|12\n|\n|t:|1701155294\n|-terastallize|p2a: Basculegion|Fighting\n|move|p2a: Basculegion|Last Respects|p1a: Basculegion\n|-supereffective|p1a: Basculegion\n|-damage|p1a: Basculegion|0 fnt\n|faint|p1a: Basculegion\n|\n|win|MrMimeIsMrKetchum\n|raw|Nnnnnnnnnnnnnez's rating: 1177 &rarr; <strong>1157<\/strong><br \/>(-20 for losing)\n|raw|MrMimeIsMrKetchum's rating: 1245 &rarr; <strong>1265<\/strong><br \/>(+20 for winning)\n|c|\u2606MrMimeIsMrKetchum|gg\n|l|\u2606Nnnnnnnnnnnnnez\n","uploadtime":1701155351,"views":1,"p1id":"nnnnnnnnnnnnnez","p2id":"mrmimeismrketchum","formatid":"gen9anythinggoes","rating":1157,"private":0,"password":""}