{"id":"gen9anythinggoes-1988159541","p1":"AlmightyGamer1221","p2":"pdogulus","format":"[Gen 9] Anything Goes","log":"|j|\u2606AlmightyGamer1221\n|j|\u2606pdogulus\n|t:|1699677320\n|gametype|singles\n|player|p1|AlmightyGamer1221|2|1070\n|player|p2|pdogulus|265|1040\n|teamsize|p1|6\n|teamsize|p2|6\n|gen|9\n|tier|[Gen 9] Anything Goes\n|rated|\n|rule|HP Percentage Mod: HP is shown in percentages\n|rule|Endless Battle Clause: Forcing endless battles is banned\n|clearpoke\n|poke|p1|Alomomola, F|\n|poke|p1|Snorlax, F|\n|poke|p1|Ting-Lu|\n|poke|p1|Drifblim, F|\n|poke|p1|Toxapex, F|\n|poke|p1|Dusclops, F|\n|poke|p2|Gengar, F|\n|poke|p2|Garchomp, M|\n|poke|p2|Baxcalibur, F|\n|poke|p2|Greninja-*, M|\n|poke|p2|Hawlucha, F|\n|poke|p2|Thundurus-Therian, M|\n|teampreview\n|\n|t:|1699677335\n|start\n|switch|p1a: Dusclops|Dusclops, F, shiny|100\/100\n|switch|p2a: Thundurus|Thundurus-Therian, M|100\/100\n|-item|p2a: Thundurus|Electric Seed|[from] ability: Frisk|[of] p1a: Dusclops|[identify]\n|turn|1\n|\n|t:|1699677345\n|move|p2a: Thundurus|Knock Off|p1a: Dusclops\n|-supereffective|p1a: Dusclops\n|-damage|p1a: Dusclops|66\/100\n|-enditem|p1a: Dusclops|Eviolite|[from] move: Knock Off|[of] p2a: Thundurus\n|move|p1a: Dusclops|Calm Mind|p1a: Dusclops\n|-boost|p1a: Dusclops|spa|1\n|-boost|p1a: Dusclops|spd|1\n|\n|upkeep\n|turn|2\n|\n|t:|1699677355\n|-terastallize|p1a: Dusclops|Normal\n|move|p2a: Thundurus|Flash Cannon|p1a: Dusclops\n|-damage|p1a: Dusclops|48\/100\n|move|p1a: Dusclops|Curse|p1a: Dusclops\n|-unboost|p1a: Dusclops|spe|1\n|-boost|p1a: Dusclops|atk|1\n|-boost|p1a: Dusclops|def|1\n|\n|upkeep\n|turn|3\n|\n|t:|1699677365\n|move|p2a: Thundurus|Thunderbolt|p1a: Dusclops\n|-damage|p1a: Dusclops|16\/100\n|move|p1a: Dusclops|Calm Mind|p1a: Dusclops\n|-boost|p1a: Dusclops|spa|1\n|-boost|p1a: Dusclops|spd|1\n|\n|upkeep\n|turn|4\n|\n|t:|1699677371\n|move|p2a: Thundurus|Thunderbolt|p1a: Dusclops\n|-damage|p1a: Dusclops|0 fnt\n|faint|p1a: Dusclops\n|\n|upkeep\n|\n|t:|1699677376\n|switch|p1a: Snorlax|Snorlax, F, shiny|100\/100\n|turn|5\n|\n|t:|1699677384\n|move|p2a: Thundurus|Knock Off|p1a: Snorlax\n|-damage|p1a: Snorlax|85\/100\n|-enditem|p1a: Snorlax|Salac Berry|[from] move: Knock Off|[of] p2a: Thundurus\n|move|p1a: Snorlax|Trailblaze|p2a: Thundurus\n|-resisted|p2a: Thundurus\n|-damage|p2a: Thundurus|92\/100\n|-boost|p1a: Snorlax|spe|1\n|\n|upkeep\n|turn|6\n|\n|t:|1699677396\n|move|p2a: Thundurus|Wildbolt Storm|p1a: Snorlax\n|-damage|p1a: Snorlax|53\/100\n|-status|p1a: Snorlax|par\n|move|p1a: Snorlax|Trailblaze|p2a: Thundurus\n|-resisted|p2a: Thundurus\n|-crit|p2a: Thundurus\n|-damage|p2a: Thundurus|80\/100\n|-boost|p1a: Snorlax|spe|1\n|\n|upkeep\n|turn|7\n|\n|t:|1699677405\n|move|p2a: Thundurus|Wildbolt Storm|p1a: Snorlax\n|-damage|p1a: Snorlax|20\/100 par\n|cant|p1a: Snorlax|par\n|\n|upkeep\n|turn|8\n|\n|t:|1699677411\n|move|p2a: Thundurus|Flash Cannon|p1a: Snorlax\n|-damage|p1a: Snorlax|4\/100 par\n|move|p1a: Snorlax|Body Slam|p2a: Thundurus\n|-damage|p2a: Thundurus|42\/100\n|\n|upkeep\n|turn|9\n|\n|t:|1699677417\n|move|p2a: Thundurus|Thunderbolt|p1a: Snorlax\n|-damage|p1a: Snorlax|0 fnt\n|faint|p1a: Snorlax\n|\n|upkeep\n|\n|t:|1699677424\n|switch|p1a: Ting-Lu|Ting-Lu|100\/100\n|-ability|p1a: Ting-Lu|Vessel of Ruin\n|turn|10\n|\n|t:|1699677432\n|move|p2a: Thundurus|Knock Off|p1a: Ting-Lu\n|-resisted|p1a: Ting-Lu\n|-damage|p1a: Ting-Lu|94\/100\n|-enditem|p1a: Ting-Lu|Leftovers|[from] move: Knock Off|[of] p2a: Thundurus\n|move|p1a: Ting-Lu|Rock Slide|p2a: Thundurus\n|-supereffective|p2a: Thundurus\n|-damage|p2a: Thundurus|0 fnt\n|faint|p2a: Thundurus\n|\n|upkeep\n|\n|t:|1699677443\n|switch|p2a: Greninja|Greninja, M|100\/100\n|turn|11\n|\n|t:|1699677447\n|move|p2a: Greninja|Water Shuriken|p1a: Ting-Lu\n|-supereffective|p1a: Ting-Lu\n|-damage|p1a: Ting-Lu|89\/100\n|-supereffective|p1a: Ting-Lu\n|-damage|p1a: Ting-Lu|84\/100\n|-hitcount|p1a: Ting-Lu|2\n|move|p1a: Ting-Lu|Body Press|p2a: Greninja\n|-supereffective|p2a: Greninja\n|-damage|p2a: Greninja|34\/100\n|\n|upkeep\n|turn|12\n|\n|t:|1699677456\n|move|p2a: Greninja|Grass Knot|p1a: Ting-Lu\n|-supereffective|p1a: Ting-Lu\n|-damage|p1a: Ting-Lu|58\/100\n|move|p1a: Ting-Lu|Earthquake|p2a: Greninja\n|-damage|p2a: Greninja|0 fnt\n|faint|p2a: Greninja\n|\n|upkeep\n|\n|t:|1699677465\n|switch|p2a: Baxcalibur|Baxcalibur, F|100\/100\n|turn|13\n|\n|t:|1699677471\n|move|p2a: Baxcalibur|Breaking Swipe|p1a: Ting-Lu\n|-damage|p1a: Ting-Lu|41\/100\n|-unboost|p1a: Ting-Lu|atk|1\n|move|p1a: Ting-Lu|Body Press|p2a: Baxcalibur\n|-supereffective|p2a: Baxcalibur\n|-damage|p2a: Baxcalibur|56\/100\n|\n|upkeep\n|turn|14\n|\n|t:|1699677479\n|move|p2a: Baxcalibur|Glaive Rush|p1a: Ting-Lu\n|-damage|p1a: Ting-Lu|9\/100\n|-singlemove|p2a: Baxcalibur|Glaive Rush|[silent]\n|move|p1a: Ting-Lu|Body Press|p2a: Baxcalibur\n|-supereffective|p2a: Baxcalibur\n|-damage|p2a: Baxcalibur|0 fnt\n|faint|p2a: Baxcalibur\n|\n|upkeep\n|\n|t:|1699677487\n|switch|p2a: Hawlucha|Hawlucha, F|100\/100\n|turn|15\n|\n|t:|1699677490\n|move|p2a: Hawlucha|Body Press|p1a: Ting-Lu\n|-supereffective|p1a: Ting-Lu\n|-damage|p1a: Ting-Lu|0 fnt\n|faint|p1a: Ting-Lu\n|\n|upkeep\n|\n|t:|1699677498\n|switch|p1a: Drifblim|Drifblim, F, shiny|100\/100\n|turn|16\n|\n|t:|1699677505\n|move|p2a: Hawlucha|Rock Slide|p1a: Drifblim\n|-supereffective|p1a: Drifblim\n|-damage|p1a: Drifblim|62\/100\n|move|p1a: Drifblim|Strength Sap|p2a: Hawlucha\n|-unboost|p2a: Hawlucha|atk|1\n|-heal|p1a: Drifblim|100\/100\n|\n|upkeep\n|turn|17\n|\n|t:|1699677513\n|move|p2a: Hawlucha|Endeavor|p1a: Drifblim\n|-immune|p1a: Drifblim\n|move|p1a: Drifblim|Minimize|p1a: Drifblim\n|-boost|p1a: Drifblim|evasion|2\n|\n|upkeep\n|turn|18\n|\n|t:|1699677519\n|move|p2a: Hawlucha|Rock Slide|p1a: Drifblim\n|-supereffective|p1a: Drifblim\n|-damage|p1a: Drifblim|75\/100\n|move|p1a: Drifblim|Minimize|p1a: Drifblim\n|-boost|p1a: Drifblim|evasion|2\n|\n|-heal|p1a: Drifblim|81\/100|[from] item: Leftovers\n|upkeep\n|turn|19\n|\n|t:|1699677526\n|move|p2a: Hawlucha|Rock Slide|p1a: Drifblim\n|-supereffective|p1a: Drifblim\n|-damage|p1a: Drifblim|56\/100\n|move|p1a: Drifblim|Minimize|p1a: Drifblim\n|-boost|p1a: Drifblim|evasion|2\n|\n|-heal|p1a: Drifblim|62\/100|[from] item: Leftovers\n|upkeep\n|turn|20\n|\n|t:|1699677535\n|move|p2a: Hawlucha|Rock Slide|p1a: Drifblim|[miss]\n|-miss|p2a: Hawlucha|p1a: Drifblim\n|move|p1a: Drifblim|Strength Sap|p2a: Hawlucha\n|-unboost|p2a: Hawlucha|atk|1\n|-heal|p1a: Drifblim|100\/100\n|\n|upkeep\n|turn|21\n|\n|t:|1699677543\n|move|p2a: Hawlucha|Rock Slide|p1a: Drifblim|[miss]\n|-miss|p2a: Hawlucha|p1a: Drifblim\n|move|p1a: Drifblim|Strength Sap|p2a: Hawlucha\n|-unboost|p2a: Hawlucha|atk|1\n|\n|upkeep\n|turn|22\n|\n|t:|1699677549\n|move|p2a: Hawlucha|Brave Bird|p1a: Drifblim|[miss]\n|-miss|p2a: Hawlucha|p1a: Drifblim\n|move|p1a: Drifblim|Substitute|p1a: Drifblim\n|-start|p1a: Drifblim|Substitute\n|-damage|p1a: Drifblim|76\/100\n|\n|-heal|p1a: Drifblim|82\/100|[from] item: Leftovers\n|upkeep\n|turn|23\n|\n|t:|1699677556\n|move|p2a: Hawlucha|Brave Bird|p1a: Drifblim|[miss]\n|-miss|p2a: Hawlucha|p1a: Drifblim\n|move|p1a: Drifblim|Strength Sap|p2a: Hawlucha\n|-unboost|p2a: Hawlucha|atk|1\n|-heal|p1a: Drifblim|100\/100\n|\n|upkeep\n|turn|24\n|\n|t:|1699677565\n|move|p2a: Hawlucha|Brave Bird|p1a: Drifblim\n|-activate|p1a: Drifblim|move: Substitute|[damage]\n|-damage|p2a: Hawlucha|94\/100|[from] Recoil|[of] p1a: Drifblim\n|move|p1a: Drifblim|Baton Pass|p1a: Drifblim\n|\n|t:|1699677571\n|switch|p1a: Alomomola|Alomomola, F, shiny|100\/100|[from] Baton Pass\n|\n|upkeep\n|turn|25\n|\n|t:|1699677582\n|move|p2a: Hawlucha|Brave Bird|p1a: Alomomola|[miss]\n|-miss|p2a: Hawlucha|p1a: Alomomola\n|move|p1a: Alomomola|Aqua Ring|p1a: Alomomola\n|-start|p1a: Alomomola|Aqua Ring\n|\n|upkeep\n|turn|26\n|\n|t:|1699677593\n|move|p2a: Hawlucha|Rock Slide|p1a: Alomomola\n|-activate|p1a: Alomomola|move: Substitute|[damage]\n|move|p1a: Alomomola|Scald|p2a: Hawlucha\n|-damage|p2a: Hawlucha|75\/100\n|-status|p2a: Hawlucha|brn\n|\n|-damage|p2a: Hawlucha|69\/100 brn|[from] brn\n|upkeep\n|turn|27\n|\n|t:|1699677602\n|move|p2a: Hawlucha|Endeavor|p1a: Alomomola|[miss]\n|-miss|p2a: Hawlucha|p1a: Alomomola\n|move|p1a: Alomomola|Scald|p2a: Hawlucha\n|-damage|p2a: Hawlucha|52\/100 brn\n|\n|-damage|p2a: Hawlucha|46\/100 brn|[from] brn\n|upkeep\n|turn|28\n|\n|t:|1699677611\n|move|p2a: Hawlucha|Brave Bird|p1a: Alomomola|[miss]\n|-miss|p2a: Hawlucha|p1a: Alomomola\n|move|p1a: Alomomola|Scald|p2a: Hawlucha\n|-damage|p2a: Hawlucha|28\/100 brn\n|\n|-damage|p2a: Hawlucha|22\/100 brn|[from] brn\n|upkeep\n|turn|29\n|\n|t:|1699677625\n|move|p2a: Hawlucha|Brave Bird|p1a: Alomomola\n|-end|p1a: Alomomola|Substitute\n|-damage|p2a: Hawlucha|20\/100 brn|[from] Recoil|[of] p1a: Alomomola\n|move|p1a: Alomomola|Scald|p2a: Hawlucha\n|-damage|p2a: Hawlucha|4\/100 brn\n|\n|-damage|p2a: Hawlucha|0 fnt|[from] brn\n|faint|p2a: Hawlucha\n|upkeep\n|\n|t:|1699677635\n|switch|p2a: Gengar|Gengar, F|100\/100\n|turn|30\n|\n|t:|1699677639\n|move|p2a: Gengar|Hypnosis|p1a: Alomomola|[miss]\n|-miss|p2a: Gengar|p1a: Alomomola\n|move|p1a: Alomomola|Scald|p2a: Gengar\n|-damage|p2a: Gengar|78\/100\n|\n|-heal|p2a: Gengar|84\/100|[from] item: Leftovers\n|upkeep\n|turn|31\n|\n|t:|1699677647\n|move|p2a: Gengar|Hypnosis|p1a: Alomomola|[miss]\n|-miss|p2a: Gengar|p1a: Alomomola\n|move|p1a: Alomomola|Scald|p2a: Gengar\n|-damage|p2a: Gengar|61\/100\n|-status|p2a: Gengar|brn\n|-start|p1a: Alomomola|Disable|Scald|[from] ability: Cursed Body|[of] p2a: Gengar\n|\n|-heal|p2a: Gengar|67\/100 brn|[from] item: Leftovers\n|-damage|p2a: Gengar|61\/100 brn|[from] brn\n|upkeep\n|turn|32\n|\n|t:|1699677663\n|move|p1a: Alomomola|Protect|p1a: Alomomola\n|-singleturn|p1a: Alomomola|Protect\n|move|p2a: Gengar|Hypnosis|p1a: Alomomola\n|-activate|p1a: Alomomola|move: Protect\n|\n|-heal|p2a: Gengar|67\/100 brn|[from] item: Leftovers\n|-damage|p2a: Gengar|61\/100 brn|[from] brn\n|upkeep\n|turn|33\n|\n|t:|1699677672\n|move|p2a: Gengar|Hypnosis|p1a: Alomomola|[miss]\n|-miss|p2a: Gengar|p1a: Alomomola\n|move|p1a: Alomomola|Pain Split|p2a: Gengar\n|-sethp|p2a: Gengar|100\/100 brn|[from] move: Pain Split|[silent]\n|-sethp|p1a: Alomomola|66\/100|[from] move: Pain Split\n|\n|-heal|p1a: Alomomola|73\/100|[from] item: Leftovers\n|-heal|p1a: Alomomola|79\/100|[from] Aqua Ring\n|-damage|p2a: Gengar|94\/100 brn|[from] brn\n|upkeep\n|turn|34\n|\n|t:|1699677683\n|move|p2a: Gengar|Poltergeist|p1a: Alomomola\n|-activate|p1a: Alomomola|move: Poltergeist|Leftovers\n|-damage|p1a: Alomomola|68\/100\n|move|p1a: Alomomola|Aqua Ring||[still]\n|-fail|p1a: Alomomola\n|\n|-heal|p2a: Gengar|100\/100 brn|[from] item: Leftovers\n|-heal|p1a: Alomomola|74\/100|[from] item: Leftovers\n|-heal|p1a: Alomomola|80\/100|[from] Aqua Ring\n|-damage|p2a: Gengar|94\/100 brn|[from] brn\n|-end|p1a: Alomomola|Disable\n|upkeep\n|turn|35\n|\n|t:|1699677695\n|switch|p2a: Garchomp|Garchomp, M|100\/100\n|move|p1a: Alomomola|Scald|p2a: Garchomp\n|-damage|p2a: Garchomp|90\/100\n|-status|p2a: Garchomp|brn\n|\n|-heal|p1a: Alomomola|86\/100|[from] item: Leftovers\n|-heal|p1a: Alomomola|92\/100|[from] Aqua Ring\n|-damage|p2a: Garchomp|84\/100 brn|[from] brn\n|upkeep\n|turn|36\n|\n|t:|1699677707\n|move|p2a: Garchomp|Earth Power|p1a: Alomomola|[miss]\n|-miss|p2a: Garchomp|p1a: Alomomola\n|move|p1a: Alomomola|Scald|p2a: Garchomp\n|-damage|p2a: Garchomp|74\/100 brn\n|\n|-heal|p1a: Alomomola|98\/100|[from] item: Leftovers\n|-heal|p1a: Alomomola|100\/100|[from] Aqua Ring\n|-damage|p2a: Garchomp|68\/100 brn|[from] brn\n|upkeep\n|turn|37\n|\n|t:|1699677716\n|move|p2a: Garchomp|Stone Edge|p1a: Alomomola\n|-damage|p1a: Alomomola|89\/100\n|move|p1a: Alomomola|Scald|p2a: Garchomp\n|-damage|p2a: Garchomp|57\/100 brn\n|\n|-heal|p1a: Alomomola|95\/100|[from] item: Leftovers\n|-heal|p1a: Alomomola|100\/100|[from] Aqua Ring\n|-damage|p2a: Garchomp|51\/100 brn|[from] brn\n|upkeep\n|turn|38\n|\n|t:|1699677730\n|move|p2a: Garchomp|Earth Power|p1a: Alomomola\n|-damage|p1a: Alomomola|79\/100\n|move|p1a: Alomomola|Scald|p2a: Garchomp\n|-damage|p2a: Garchomp|41\/100 brn\n|\n|-heal|p1a: Alomomola|85\/100|[from] item: Leftovers\n|-heal|p1a: Alomomola|92\/100|[from] Aqua Ring\n|-damage|p2a: Garchomp|35\/100 brn|[from] brn\n|upkeep\n|turn|39\n|\n|t:|1699677740\n|move|p1a: Alomomola|Protect|p1a: Alomomola\n|-singleturn|p1a: Alomomola|Protect\n|move|p2a: Garchomp|Draco Meteor|p1a: Alomomola\n|-activate|p1a: Alomomola|move: Protect\n|\n|-heal|p1a: Alomomola|98\/100|[from] item: Leftovers\n|-heal|p1a: Alomomola|100\/100|[from] Aqua Ring\n|-damage|p2a: Garchomp|29\/100 brn|[from] brn\n|upkeep\n|turn|40\n|\n|t:|1699677752\n|move|p2a: Garchomp|Draco Meteor|p1a: Alomomola|[miss]\n|-miss|p2a: Garchomp|p1a: Alomomola\n|move|p1a: Alomomola|Scald|p2a: Garchomp\n|-damage|p2a: Garchomp|19\/100 brn\n|\n|-damage|p2a: Garchomp|13\/100 brn|[from] brn\n|upkeep\n|turn|41\n|c|\u2606AlmightyGamer1221|your pretty bad\n|inactive|Battle timer is ON: inactive players will automatically lose when time's up. (requested by AlmightyGamer1221)\n|n|\u2606pdogulus|pdogulus\n|inactive|pdogulus has 120 seconds left.\n|c|\u2606pdogulus|shut the fuck up\n|\n|t:|1699677866\n|move|p1a: Alomomola|Protect|p1a: Alomomola\n|-singleturn|p1a: Alomomola|Protect\n|move|p2a: Garchomp|Draco Meteor|p1a: Alomomola\n|-activate|p1a: Alomomola|move: Protect\n|\n|-damage|p2a: Garchomp|7\/100 brn|[from] brn\n|upkeep\n|turn|42\n|inactive|AlmightyGamer1221 has 120 seconds left.\n|inactive|AlmightyGamer1221 has 90 seconds left.\n|inactive|AlmightyGamer1221 has 60 seconds left.\n|l|\u2606pdogulus\n|inactive|pdogulus disconnected and has a minute to reconnect!\n|player|p2|\n|inactive|AlmightyGamer1221 has 30 seconds left.\n|inactive|AlmightyGamer1221 has 20 seconds left.\n|inactive|AlmightyGamer1221 has 15 seconds left.\n|j|\u2606pdogulus\n|inactive|pdogulus reconnected.\n|player|p2|pdogulus|265\n|inactive|AlmightyGamer1221 has 10 seconds left.\n|inactive|AlmightyGamer1221 has 5 seconds left.\n|-message|AlmightyGamer1221 lost due to inactivity.\n|\n|win|pdogulus\n|raw|AlmightyGamer1221's rating: 1070 &rarr; <strong>1048<\/strong><br \/>(-22 for losing)\n|raw|pdogulus's rating: 1040 &rarr; <strong>1077<\/strong><br \/>(+37 for winning)\n","uploadtime":1699677855,"views":4,"p1id":"almightygamer1221","p2id":"pdogulus","formatid":"gen9anythinggoes","rating":1048,"private":0,"password":""}