{"id":"gen9anythinggoes-1991838180","p1":"Petar420","p2":"zhangdinglong","format":"[Gen 9] Anything Goes","log":"|j|\u2606Petar420\n|j|\u2606zhangdinglong\n|inactive|Battle timer is ON: inactive players will automatically lose when time's up.\n|t:|1700126219\n|gametype|singles\n|player|p1|Petar420|red-masters2|\n|player|p2|zhangdinglong|elesa-masters|\n|teamsize|p1|6\n|teamsize|p2|6\n|gen|9\n|tier|[Gen 9] Anything Goes\n|rated|Tournament battle\n|rule|HP Percentage Mod: HP is shown in percentages\n|rule|Endless Battle Clause: Forcing endless battles is banned\n|clearpoke\n|poke|p1|Magearna|\n|poke|p1|Grimmsnarl, M|\n|poke|p1|Mew|\n|poke|p1|Oricorio-Pom-Pom, F|\n|poke|p1|Umbreon, F|\n|poke|p1|Arceus-Ground|\n|poke|p2|Arceus|\n|poke|p2|Arceus-Grass|\n|poke|p2|Koraidon|\n|poke|p2|Calyrex-Ice|\n|poke|p2|Rayquaza|\n|poke|p2|Ursaluna-Bloodmoon, M|\n|teampreview\n|j| ZowwyCafe\u2764\n|c| ZowwyCafe\u2764|oh its the tr\n|j| Kanha Greninja\n|inactive|Petar420 has 120 seconds left.\n|\n|t:|1700126249\n|start\n|switch|p1a: Grimmsnarl|Grimmsnarl, M|100\/100\n|switch|p2a: Calyrex|Calyrex-Ice|100\/100\n|-ability|p2a: Calyrex|As One\n|-ability|p2a: Calyrex|Unnerve\n|turn|1\n|j| eavo\n|j| C0ld Spac3\n|\n|t:|1700126266\n|-terastallize|p2a: Calyrex|Ice\n|move|p1a: Grimmsnarl|Reflect|p1a: Grimmsnarl\n|-sidestart|p1: Petar420|Reflect\n|move|p2a: Calyrex|Glacial Lance|p1a: Grimmsnarl\n|-damage|p1a: Grimmsnarl|21\/100\n|\n|upkeep\n|turn|2\n|j| Fin88\n|\n|t:|1700126274\n|move|p1a: Grimmsnarl|Light Screen|p1a: Grimmsnarl\n|-sidestart|p1: Petar420|move: Light Screen\n|move|p2a: Calyrex|Glacial Lance|p1a: Grimmsnarl\n|-damage|p1a: Grimmsnarl|0 fnt\n|faint|p1a: Grimmsnarl\n|-ability|p2a: Calyrex|Chilling Neigh|boost\n|-boost|p2a: Calyrex|atk|1\n|\n|upkeep\n|j| GUESSWHOTPRADO\n|c| ZowwyCafe\u2764|bonk\n|c| eavo|this is fire\n|j| AGLP 1\n|inactive|Petar420 has 120 seconds left.\n|\n|t:|1700126299\n|switch|p1a: Mew|Mew|100\/100\n|turn|3\n|\n|t:|1700126305\n|move|p1a: Mew|Iron Defense|p1a: Mew\n|-boost|p1a: Mew|def|2\n|move|p2a: Calyrex|Glacial Lance|p1a: Mew\n|-damage|p1a: Mew|55\/100\n|\n|upkeep\n|turn|4\n|c| C0ld Spac3|calyrex moment\n|\n|t:|1700126315\n|move|p1a: Mew|Iron Defense|p1a: Mew\n|-boost|p1a: Mew|def|2\n|move|p2a: Calyrex|Glacial Lance|p1a: Mew\n|-damage|p1a: Mew|25\/100\n|\n|upkeep\n|turn|5\n|\n|t:|1700126320\n|move|p1a: Mew|Baton Pass|p1a: Mew\n|\n|t:|1700126331\n|switch|p1a: Umbreon|Umbreon, F|100\/100|[from] Baton Pass\n|move|p2a: Calyrex|Glacial Lance|p1a: Umbreon\n|-damage|p1a: Umbreon|70\/100\n|\n|upkeep\n|turn|6\n|c| eavo|omg big umbreon\n|\n|t:|1700126343\n|switch|p2a: Arceus|Arceus|100\/100\n|move|p1a: Umbreon|Calm Mind|p1a: Umbreon\n|-boost|p1a: Umbreon|spa|1\n|-boost|p1a: Umbreon|spd|1\n|\n|upkeep\n|turn|7\n|\n|t:|1700126350\n|move|p1a: Umbreon|Substitute|p1a: Umbreon\n|-start|p1a: Umbreon|Substitute\n|-damage|p1a: Umbreon|45\/100\n|move|p2a: Arceus|Roar|p1a: Umbreon\n|drag|p1a: Oricorio|Oricorio-Pom-Pom, F|100\/100\n|\n|upkeep\n|turn|8\n|l| Kanha Greninja\n|l| eavo\n|c|\u2606Petar420|lmao\n|c|\u2606Petar420|i expected tr or smt\n|l| Fin88\n|\n|t:|1700126370\n|switch|p2a: Calyrex|Calyrex-Ice, tera:Ice|100\/100\n|-ability|p2a: Calyrex|As One\n|-ability|p2a: Calyrex|Unnerve\n|move|p1a: Oricorio|Taunt|p2a: Calyrex\n|-start|p2a: Calyrex|move: Taunt\n|\n|-sideend|p1: Petar420|Reflect\n|upkeep\n|turn|9\n|j| Fin88\n|j| eavo\n|c| ZowwyCafe\u2764|aaaand its over\n|inactive|Petar420 has 120 seconds left.\n|c| ZowwyCafe\u2764|i think\n|c|\u2606Petar420|yeah i threw hard\n|c|\u2606Petar420|should have taunted for sure there\n|j| Kanha Greninja\n|c| eavo|roar\n|inactive|Petar420 has 90 seconds left.\n|c|\u2606Petar420|yo this is banded fr?\n|c|\u2606Petar420|didnt realise earlier\n|c| Kanha Greninja|its my set\n|c| ZowwyCafe\u2764|rawr :3\n|c| eavo|:polistare:\n|c| ZowwyCafe\u2764|yea its banded\n|inactive|Petar420 has 60 seconds left.\n|\n|t:|1700126461\n|switch|p1a: Umbreon|Umbreon, F|45\/100\n|move|p2a: Calyrex|Glacial Lance|p1a: Umbreon\n|-damage|p1a: Umbreon|0 fnt\n|faint|p1a: Umbreon\n|-ability|p2a: Calyrex|Chilling Neigh|boost\n|-boost|p2a: Calyrex|atk|1\n|\n|-sideend|p1: Petar420|move: Light Screen\n|upkeep\n|\n|t:|1700126464\n|switch|p1a: Magearna|Magearna|100\/100\n|turn|10\n|c| ZowwyCafe\u2764|hm\n|\n|t:|1700126477\n|switch|p2a: Rayquaza|Rayquaza|100\/100\n|-ability|p2a: Rayquaza|Air Lock\n|move|p1a: Magearna|Iron Defense|p1a: Magearna\n|-boost|p1a: Magearna|def|2\n|\n|upkeep\n|turn|11\n|\n|t:|1700126485\n|move|p2a: Rayquaza|Earthquake|p1a: Magearna\n|-supereffective|p1a: Magearna\n|-damage|p1a: Magearna|69\/100\n|move|p1a: Magearna|Shift Gear|p1a: Magearna\n|-boost|p1a: Magearna|spe|2\n|-boost|p1a: Magearna|atk|1\n|\n|upkeep\n|turn|12\n|\n|t:|1700126491\n|switch|p2a: Arceus|Arceus|100\/100\n|move|p1a: Magearna|Baton Pass|p1a: Magearna\n|c| eavo|YOOOOOO\n|\n|t:|1700126496\n|switch|p1a: Oricorio|Oricorio-Pom-Pom, F|100\/100|[from] Baton Pass\n|\n|upkeep\n|turn|13\n|inactive|Petar420 has 90 seconds left.\n|c| C0ld Spac3|and he choked :fire:\n|\n|t:|1700126504\n|move|p1a: Oricorio|Taunt|p2a: Arceus\n|-start|p2a: Arceus|move: Taunt\n|cant|p2a: Arceus|move: Taunt|Roar\n|\n|upkeep\n|turn|14\n|c| eavo|the heat\n|\n|t:|1700126519\n|move|p2a: Arceus|Extreme Speed|p1a: Oricorio\n|-damage|p1a: Oricorio|78\/100\n|move|p1a: Oricorio|Quiver Dance|p1a: Oricorio\n|-boost|p1a: Oricorio|spa|1\n|-boost|p1a: Oricorio|spd|1\n|-boost|p1a: Oricorio|spe|1\n|\n|upkeep\n|turn|15\n|c| ZowwyCafe\u2764|whoa\n|c| eavo|>22\n|c| eavo|wet sockceus\n|inactive|Petar420 has 90 seconds left.\n|c| ZowwyCafe\u2764|the comeback\n|c| ZowwyCafe\u2764|lol\n|\n|t:|1700126543\n|switch|p2a: Ursaluna|Ursaluna-Bloodmoon, M|100\/100\n|move|p1a: Oricorio|Baton Pass|p1a: Oricorio\n|inactive|Petar420 has 90 seconds left.\n|\n|t:|1700126562\n|switch|p1a: Arceus|Arceus-Ground|100\/100|[from] Baton Pass\n|\n|upkeep\n|turn|16\n|c|\u2606Petar420|huh, i shouldnt have passed\n|c|\u2606Petar420|oh well\n|\n|t:|1700126576\n|move|p1a: Arceus|Ice Beam|p2a: Ursaluna\n|-supereffective|p2a: Ursaluna\n|-damage|p2a: Ursaluna|0 fnt\n|faint|p2a: Ursaluna\n|\n|upkeep\n|\n|t:|1700126591\n|switch|p2a: Arceus|Arceus-Grass|100\/100\n|turn|17\n|inactive|Petar420 has 90 seconds left.\n|c| eavo|big grass\n|c| ZowwyCafe\u2764|rip\n|\n|t:|1700126621\n|-terastallize|p1a: Arceus|Fairy\n|move|p1a: Arceus|Taunt|p2a: Arceus\n|-start|p2a: Arceus|move: Taunt\n|cant|p2a: Arceus|move: Taunt|Taunt\n|\n|upkeep\n|turn|18\n|\n|t:|1700126629\n|move|p1a: Arceus|Ice Beam|p2a: Arceus\n|-supereffective|p2a: Arceus\n|-damage|p2a: Arceus|49\/100\n|move|p2a: Arceus|Judgment|p1a: Arceus\n|-damage|p1a: Arceus|78\/100\n|\n|upkeep\n|turn|19\n|c|\u2606Petar420|small grass\n|\n|t:|1700126638\n|move|p1a: Arceus|Ice Beam|p2a: Arceus\n|-supereffective|p2a: Arceus\n|-damage|p2a: Arceus|3\/100\n|move|p2a: Arceus|Judgment|p1a: Arceus\n|-damage|p1a: Arceus|55\/100\n|\n|-end|p2a: Arceus|move: Taunt\n|upkeep\n|turn|20\n|c| eavo|child grass\n|inactive|Petar420 has 90 seconds left.\n|\n|t:|1700126668\n|switch|p2a: Calyrex|Calyrex-Ice, tera:Ice|100\/100\n|-ability|p2a: Calyrex|As One\n|-ability|p2a: Calyrex|Unnerve\n|move|p1a: Arceus|Taunt|p2a: Calyrex\n|-start|p2a: Calyrex|move: Taunt\n|\n|upkeep\n|turn|21\n|c| ZowwyCafe\u2764|crit\n|inactive|Petar420 has 90 seconds left.\n|c| eavo|das crazy\n|c|\u2606Petar420|nah he kills me actually\n|c|\u2606Petar420|this sucks lol\n|\n|t:|1700126692\n|move|p1a: Arceus|Recover|p1a: Arceus\n|-heal|p1a: Arceus|100\/100\n|move|p2a: Calyrex|Glacial Lance|p1a: Arceus\n|-damage|p1a: Arceus|40\/100\n|\n|upkeep\n|turn|22\n|c| ZowwyCafe\u2764|omg\n|c| ZowwyCafe\u2764|omg\n|c|\u2606Petar420|right\n|c| eavo|nice pp\n|c| ZowwyCafe\u2764|o\n|c|\u2606Petar420|i didnt calc that, should have gone for one more iron defense\n|c| ZowwyCafe\u2764|rip\n|c|\u2606Petar420|oh no, nvm lmao\n|inactive|Petar420 has 60 seconds left.\n|c| ZowwyCafe\u2764|glacial lance pp\n|c| ZowwyCafe\u2764|lol\n|c|\u2606Petar420|everything as planned\n|\n|t:|1700126728\n|move|p1a: Arceus|Recover|p1a: Arceus\n|-heal|p1a: Arceus|90\/100\n|move|p2a: Calyrex|Glacial Lance|p1a: Arceus\n|-damage|p1a: Arceus|30\/100\n|\n|-end|p2a: Calyrex|move: Taunt\n|upkeep\n|turn|23\n|inactive|Petar420 has 60 seconds left.\n|\n|t:|1700126748\n|switch|p2a: Rayquaza|Rayquaza|100\/100\n|-ability|p2a: Rayquaza|Air Lock\n|move|p1a: Arceus|Recover|p1a: Arceus\n|-heal|p1a: Arceus|80\/100\n|\n|upkeep\n|turn|24\n|c| ZowwyCafe\u2764|crit\n|inactive|Petar420 has 60 seconds left.\n|c| ZowwyCafe\u2764|right\n|\n|t:|1700126761\n|move|p1a: Arceus|Ice Beam|p2a: Rayquaza\n|-supereffective|p2a: Rayquaza\n|-enditem|p2a: Rayquaza|Focus Sash\n|-damage|p2a: Rayquaza|1\/100\n|move|p2a: Rayquaza|Dragon Ascent|p1a: Arceus\n|-damage|p1a: Arceus|50\/100\n|-unboost|p2a: Rayquaza|def|1\n|-unboost|p2a: Rayquaza|spd|1\n|\n|upkeep\n|turn|25\n|c| eavo|ong big ray\n|c| ZowwyCafe\u2764|now\n|\n|t:|1700126769\n|move|p2a: Rayquaza|Extreme Speed|p1a: Arceus\n|-damage|p1a: Arceus|37\/100\n|move|p1a: Arceus|Recover|p1a: Arceus\n|-heal|p1a: Arceus|87\/100\n|\n|upkeep\n|turn|26\n|\n|t:|1700126775\n|move|p2a: Rayquaza|Extreme Speed|p1a: Arceus\n|-damage|p1a: Arceus|73\/100\n|move|p1a: Arceus|Ice Beam|p2a: Rayquaza\n|-supereffective|p2a: Rayquaza\n|-damage|p2a: Rayquaza|0 fnt\n|faint|p2a: Rayquaza\n|\n|upkeep\n|\n|t:|1700126784\n|switch|p2a: Koraidon|Koraidon|100\/100\n|-weather|SunnyDay|[from] ability: Orichalcum Pulse|[of] p2a: Koraidon\n|-activate|p2a: Koraidon|Orichalcum Pulse|[source]\n|turn|27\n|\n|t:|1700126791\n|move|p1a: Arceus|Judgment|p2a: Koraidon\n|-damage|p2a: Koraidon|0 fnt\n|faint|p2a: Koraidon\n|\n|-weather|SunnyDay|[upkeep]\n|upkeep\n|c|\u2606zhangdinglong|gg\n|c|\u2606Petar420|gg\n|-message|zhangdinglong forfeited.\n|\n|win|Petar420\n|n|\u2606Petar420|petar420\n|n|\u2606zhangdinglong|zhangdinglong\n|n| ZowwyCafe\u2764|zowwycafe\n|n| C0ld Spac3|c0ldspac3\n|n| GUESSWHOTPRADO|guesswhotprado\n|n| AGLP 1|aglp1\n|n| Fin88|fin88\n|n| eavo|eavo\n|n| Kanha Greninja|kanhagreninja\n","uploadtime":1700126804,"views":6,"p1id":"petar420","p2id":"zhangdinglong","formatid":"gen9anythinggoes","rating":0,"private":0,"password":""}