{"id":"gen9anythinggoes-1999469018","p1":"cbf10101","p2":"Hoquoffee","format":"[Gen 9] Anything Goes","log":"|j|\u2606cbf10101\n|j|\u2606Hoquoffee\n|t:|1701085278\n|gametype|singles\n|player|p1|cbf10101|doubleteam|1045\n|player|p2|Hoquoffee|169|1054\n|teamsize|p1|6\n|teamsize|p2|6\n|gen|9\n|tier|[Gen 9] Anything Goes\n|rated|\n|rule|HP Percentage Mod: HP is shown in percentages\n|rule|Endless Battle Clause: Forcing endless battles is banned\n|clearpoke\n|poke|p1|Kingambit, F|\n|poke|p1|Zapdos-Galar|\n|poke|p1|Dragalge, M|\n|poke|p1|Delphox, F|\n|poke|p1|Mamoswine, M|\n|poke|p1|Rotom-Wash|\n|poke|p2|Gallade, M|\n|poke|p2|Ursaluna, F|\n|poke|p2|Frosmoth, F|\n|poke|p2|Salamence, F|\n|poke|p2|Dusknoir, F|\n|poke|p2|Haxorus, M|\n|teampreview\n|\n|t:|1701085294\n|start\n|switch|p1a: Dragalge|Dragalge, M, shiny|100\/100\n|switch|p2a: Salamence|Salamence, F|100\/100\n|turn|1\n|\n|t:|1701085301\n|move|p2a: Salamence|Dragon Dance|p2a: Salamence\n|-boost|p2a: Salamence|atk|1\n|-boost|p2a: Salamence|spe|1\n|move|p1a: Dragalge|Play Rough|p2a: Salamence\n|-supereffective|p2a: Salamence\n|-damage|p2a: Salamence|55\/100\n|-unboost|p2a: Salamence|atk|1\n|\n|upkeep\n|turn|2\n|j| isrrael120\n|c|\u2606Hoquoffee|yo fuck this guy\n|\n|t:|1701085324\n|move|p2a: Salamence|Dragon Claw|p1a: Dragalge\n|-supereffective|p1a: Dragalge\n|-enditem|p1a: Dragalge|Focus Sash\n|-damage|p1a: Dragalge|1\/100\n|-status|p2a: Salamence|psn|[from] ability: Poison Point|[of] p1a: Dragalge\n|move|p1a: Dragalge|Draco Meteor|p2a: Salamence\n|-supereffective|p2a: Salamence\n|-damage|p2a: Salamence|0 fnt\n|-unboost|p1a: Dragalge|spa|2\n|faint|p2a: Salamence\n|\n|upkeep\n|n|!cbf10101|cbf10101\n|\n|t:|1701085337\n|switch|p2a: Frosmoth|Frosmoth, F|100\/100\n|turn|3\n|\n|t:|1701085347\n|move|p2a: Frosmoth|Quiver Dance|p2a: Frosmoth\n|-boost|p2a: Frosmoth|spa|1\n|-boost|p2a: Frosmoth|spd|1\n|-boost|p2a: Frosmoth|spe|1\n|move|p1a: Dragalge|Draco Meteor|p2a: Frosmoth\n|-damage|p2a: Frosmoth|78\/100\n|-unboost|p1a: Dragalge|spa|2\n|\n|upkeep\n|turn|4\n|\n|t:|1701085355\n|move|p2a: Frosmoth|Ice Beam|p1a: Dragalge\n|-supereffective|p1a: Dragalge\n|-crit|p1a: Dragalge\n|-damage|p1a: Dragalge|0 fnt\n|faint|p1a: Dragalge\n|\n|upkeep\n|\n|t:|1701085361\n|switch|p1a: Delphox|Delphox, F, shiny|100\/100\n|turn|5\n|\n|t:|1701085385\n|switch|p2a: Gallade|Gallade, M|100\/100\n|move|p1a: Delphox|Flare Blitz|p2a: Gallade\n|-damage|p2a: Gallade|49\/100\n|-damage|p1a: Delphox|84\/100|[from] Recoil\n|-item|p1a: Delphox|Heavy-Duty Boots|[from] ability: Magician|[of] p2a: Gallade\n|\n|upkeep\n|turn|6\n|\n|t:|1701085413\n|move|p1a: Delphox|Foul Play|p2a: Gallade\n|-damage|p2a: Gallade|5\/100\n|move|p2a: Gallade|Sacred Sword|p1a: Delphox\n|-resisted|p1a: Delphox\n|-damage|p1a: Delphox|47\/100\n|\n|upkeep\n|turn|7\n|\n|t:|1701085425\n|switch|p2a: Dusknoir|Dusknoir, F|100\/100\n|-item|p1a: Delphox|Heavy-Duty Boots|[from] ability: Frisk|[of] p2a: Dusknoir|[identify]\n|move|p1a: Delphox|Foul Play|p2a: Dusknoir\n|-supereffective|p2a: Dusknoir\n|-damage|p2a: Dusknoir|46\/100\n|\n|upkeep\n|turn|8\n|\n|t:|1701085435\n|move|p1a: Delphox|Foul Play|p2a: Dusknoir\n|-supereffective|p2a: Dusknoir\n|-damage|p2a: Dusknoir|0 fnt\n|faint|p2a: Dusknoir\n|\n|upkeep\n|\n|t:|1701085441\n|switch|p2a: Haxorus|Haxorus, M|100\/100\n|-ability|p2a: Haxorus|Mold Breaker\n|turn|9\n|\n|t:|1701085446\n|move|p2a: Haxorus|Earthquake|p1a: Delphox\n|-supereffective|p1a: Delphox\n|-damage|p1a: Delphox|0 fnt\n|faint|p1a: Delphox\n|\n|upkeep\n|\n|t:|1701085466\n|switch|p1a: Mamoswine|Mamoswine, M, shiny|100\/100\n|turn|10\n|\n|t:|1701085476\n|switch|p2a: Gallade|Gallade, M|5\/100\n|move|p1a: Mamoswine|Blizzard|p2a: Gallade|[miss]\n|-miss|p1a: Mamoswine|p2a: Gallade\n|\n|upkeep\n|turn|11\n|\n|t:|1701085485\n|move|p1a: Mamoswine|Knock Off|p2a: Gallade\n|-crit|p2a: Gallade\n|-damage|p2a: Gallade|0 fnt\n|faint|p2a: Gallade\n|\n|upkeep\n|\n|t:|1701085491\n|switch|p2a: Frosmoth|Frosmoth, F|78\/100\n|turn|12\n|\n|t:|1701085496\n|move|p2a: Frosmoth|Quiver Dance|p2a: Frosmoth\n|-boost|p2a: Frosmoth|spa|1\n|-boost|p2a: Frosmoth|spd|1\n|-boost|p2a: Frosmoth|spe|1\n|move|p1a: Mamoswine|Stone Edge|p2a: Frosmoth\n|-supereffective|p2a: Frosmoth\n|-damage|p2a: Frosmoth|0 fnt\n|faint|p2a: Frosmoth\n|\n|upkeep\n|\n|t:|1701085498\n|switch|p2a: Ursaluna|Ursaluna, F|100\/100\n|turn|13\n|\n|t:|1701085506\n|move|p1a: Mamoswine|Blizzard|p2a: Ursaluna|[miss]\n|-miss|p1a: Mamoswine|p2a: Ursaluna\n|move|p2a: Ursaluna|Facade|p1a: Mamoswine\n|-damage|p1a: Mamoswine|60\/100\n|\n|-status|p2a: Ursaluna|brn|[from] item: Flame Orb\n|upkeep\n|turn|14\n|\n|t:|1701085514\n|move|p1a: Mamoswine|Blizzard|p2a: Ursaluna\n|-supereffective|p2a: Ursaluna\n|-damage|p2a: Ursaluna|41\/100 brn\n|move|p2a: Ursaluna|Facade|p1a: Mamoswine\n|-damage|p1a: Mamoswine|0 fnt\n|faint|p1a: Mamoswine\n|\n|-damage|p2a: Ursaluna|35\/100 brn|[from] brn\n|upkeep\n|\n|t:|1701085523\n|switch|p1a: Zapdos|Zapdos-Galar, shiny|100\/100\n|turn|15\n|\n|t:|1701085531\n|move|p1a: Zapdos|Close Combat|p2a: Ursaluna\n|-supereffective|p2a: Ursaluna\n|-damage|p2a: Ursaluna|0 fnt\n|-unboost|p1a: Zapdos|def|1\n|-unboost|p1a: Zapdos|spd|1\n|faint|p2a: Ursaluna\n|\n|upkeep\n|\n|t:|1701085533\n|switch|p2a: Haxorus|Haxorus, M|100\/100\n|-ability|p2a: Haxorus|Mold Breaker\n|turn|16\n|\n|t:|1701085542\n|move|p2a: Haxorus|Dragon Claw|p1a: Zapdos\n|-damage|p1a: Zapdos|31\/100\n|move|p1a: Zapdos|Close Combat|p2a: Haxorus\n|-damage|p2a: Haxorus|35\/100\n|-unboost|p1a: Zapdos|def|1\n|-unboost|p1a: Zapdos|spd|1\n|\n|-heal|p1a: Zapdos|37\/100|[from] item: Leftovers\n|upkeep\n|turn|17\n|\n|t:|1701085552\n|move|p2a: Haxorus|Dragon Claw|p1a: Zapdos\n|-damage|p1a: Zapdos|0 fnt\n|faint|p1a: Zapdos\n|\n|upkeep\n|\n|t:|1701085557\n|switch|p1a: Rotom|Rotom-Wash, shiny|100\/100\n|turn|18\n|\n|t:|1701085564\n|move|p2a: Haxorus|Dragon Claw|p1a: Rotom\n|-damage|p1a: Rotom|48\/100\n|move|p1a: Rotom|Hydro Pump|p2a: Haxorus\n|-resisted|p2a: Haxorus\n|-damage|p2a: Haxorus|2\/100\n|\n|upkeep\n|turn|19\n|\n|t:|1701085573\n|-terastallize|p1a: Rotom|Bug\n|move|p2a: Haxorus|Dragon Claw|p1a: Rotom\n|-damage|p1a: Rotom|0 fnt\n|faint|p1a: Rotom\n|\n|upkeep\n|\n|t:|1701085580\n|switch|p1a: Kingambit|Kingambit, F, shiny|100\/100\n|-activate|p1a: Kingambit|ability: Supreme Overlord\n|-start|p1a: Kingambit|fallen5|[silent]\n|turn|20\n|\n|t:|1701085586\n|move|p2a: Haxorus|Earthquake|p1a: Kingambit\n|-supereffective|p1a: Kingambit\n|-damage|p1a: Kingambit|41\/100\n|move|p1a: Kingambit|Brick Break|p2a: Haxorus\n|-damage|p2a: Haxorus|0 fnt\n|faint|p2a: Haxorus\n|\n|win|cbf10101\n|raw|cbf10101's rating: 1045 &rarr; <strong>1079<\/strong><br \/>(+34 for winning)\n|raw|Hoquoffee's rating: 1054 &rarr; <strong>1035<\/strong><br \/>(-19 for losing)\n","uploadtime":1701085319,"views":1,"p1id":"cbf10101","p2id":"hoquoffee","formatid":"gen9anythinggoes","rating":1035,"private":0,"password":""}