{"id":"gen9anythinggoes-2000108069","p1":"Just_Shinji","p2":"MrMimeIsMrKetchum","format":"[Gen 9] Anything Goes","log":"|j|\u2606Just_Shinji\n|j|\u2606MrMimeIsMrKetchum\n|t:|1701156271\n|gametype|singles\n|player|p1|Just_Shinji|n|1204\n|player|p2|MrMimeIsMrKetchum|swimmerf-gen4|1246\n|teamsize|p1|6\n|teamsize|p2|6\n|gen|9\n|tier|[Gen 9] Anything Goes\n|rated|\n|rule|HP Percentage Mod: HP is shown in percentages\n|rule|Endless Battle Clause: Forcing endless battles is banned\n|clearpoke\n|poke|p1|Kingambit, F|\n|poke|p1|Ursaluna-Bloodmoon, M|\n|poke|p1|Gliscor, M|\n|poke|p1|Volcarona, M|\n|poke|p1|Espathra, M|\n|poke|p1|Murkrow, M|\n|poke|p2|Annihilape, M|\n|poke|p2|Blissey, F|\n|poke|p2|Pawmot, M|\n|poke|p2|Rabsca, M|\n|poke|p2|Pelipper, M|\n|poke|p2|Basculegion, M|\n|teampreview\n|inactive|Battle timer is ON: inactive players will automatically lose when time's up. (requested by Just_Shinji)\n|\n|t:|1701156276\n|start\n|switch|p1a: Espathra|Espathra, M|100\/100\n|switch|p2a: Annihilape|Annihilape, M, shiny|100\/100\n|turn|1\n|inactive|MrMimeIsMrKetchum also wants the timer to be on.\n|\n|t:|1701156285\n|move|p2a: Annihilape|Final Gambit|p1a: Espathra\n|-damage|p1a: Espathra|0 fnt\n|faint|p2a: Annihilape\n|faint|p1a: Espathra\n|\n|upkeep\n|\n|t:|1701156294\n|switch|p1a: Gliscor|Gliscor, M|100\/100\n|switch|p2a: Blissey|Blissey, F, shiny|100\/100\n|turn|2\n|\n|t:|1701156303\n|move|p2a: Blissey|Copycat|p2a: Blissey\n|move|p2a: Blissey|Final Gambit|p1a: Gliscor|[from]move: Copycat\n|-damage|p1a: Gliscor|0 fnt\n|faint|p2a: Blissey\n|faint|p1a: Gliscor\n|\n|upkeep\n|\n|t:|1701156311\n|switch|p1a: Murkrow|Murkrow, M|100\/100\n|switch|p2a: Pawmot|Pawmot, M, shiny|100\/100\n|turn|3\n|\n|t:|1701156318\n|move|p1a: Murkrow|Tailwind|p1a: Murkrow\n|-sidestart|p1: Just_Shinji|move: Tailwind\n|move|p2a: Pawmot|Revival Blessing|p2a: Pawmot\n|-enditem|p2a: Pawmot|Leppa Berry|[eat]\n|-activate|p2a: Pawmot|item: Leppa Berry|Revival Blessing|[consumed]\n|\n|t:|1701156322\n|-heal|p2: Annihilape|50\/100|[from] move: Revival Blessing\n|\n|upkeep\n|turn|4\n|\n|t:|1701156328\n|move|p1a: Murkrow|Perish Song|p1a: Murkrow\n|-start|p1a: Murkrow|perish3|[silent]\n|-start|p2a: Pawmot|perish3|[silent]\n|-fieldactivate|move: Perish Song\n|move|p2a: Pawmot|Revival Blessing|p2a: Pawmot\n|\n|t:|1701156331\n|-heal|p2: Blissey|50\/100|[from] move: Revival Blessing\n|\n|-start|p1a: Murkrow|perish3\n|-start|p2a: Pawmot|perish3\n|upkeep\n|turn|5\n|\n|t:|1701156344\n|switch|p1a: Volcarona|Volcarona, M|100\/100\n|move|p2a: Pawmot|Volt Switch|p1a: Volcarona\n|-damage|p1a: Volcarona|82\/100\n|\n|t:|1701156357\n|switch|p2a: Pelipper|Pelipper, M, shiny|100\/100|[from] Volt Switch\n|-weather|RainDance|[from] ability: Drizzle|[of] p2a: Pelipper\n|\n|-weather|RainDance|[upkeep]\n|-heal|p1a: Volcarona|88\/100|[from] item: Leftovers\n|upkeep\n|turn|6\n|\n|t:|1701156367\n|-terastallize|p1a: Volcarona|Grass\n|move|p1a: Volcarona|Quiver Dance|p1a: Volcarona\n|-boost|p1a: Volcarona|spa|1\n|-boost|p1a: Volcarona|spd|1\n|-boost|p1a: Volcarona|spe|1\n|move|p2a: Pelipper|Hurricane|p1a: Volcarona\n|-supereffective|p1a: Volcarona\n|-damage|p1a: Volcarona|38\/100\n|\n|-weather|RainDance|[upkeep]\n|-heal|p1a: Volcarona|44\/100|[from] item: Leftovers\n|-sideend|p1: Just_Shinji|move: Tailwind\n|upkeep\n|turn|7\n|\n|t:|1701156380\n|move|p1a: Volcarona|Giga Drain|p2a: Pelipper\n|-damage|p2a: Pelipper|11\/100\n|-heal|p1a: Volcarona|91\/100|[from] drain|[of] p2a: Pelipper\n|move|p2a: Pelipper|U-turn|p1a: Volcarona\n|-supereffective|p1a: Volcarona\n|-damage|p1a: Volcarona|65\/100\n|\n|t:|1701156384\n|switch|p2a: Annihilape|Annihilape, M, shiny|50\/100|[from] U-turn\n|\n|-weather|RainDance|[upkeep]\n|-heal|p1a: Volcarona|72\/100|[from] item: Leftovers\n|upkeep\n|turn|8\n|\n|t:|1701156394\n|move|p1a: Volcarona|Giga Drain|p2a: Annihilape\n|-damage|p2a: Annihilape|0 fnt\n|-heal|p1a: Volcarona|100\/100|[from] drain|[of] p2a: Annihilape\n|faint|p2a: Annihilape\n|\n|-weather|RainDance|[upkeep]\n|upkeep\n|\n|t:|1701156404\n|switch|p2a: Blissey|Blissey, F, shiny|50\/100\n|turn|9\n|\n|t:|1701156415\n|move|p1a: Volcarona|Quiver Dance|p1a: Volcarona\n|-boost|p1a: Volcarona|spa|1\n|-boost|p1a: Volcarona|spd|1\n|-boost|p1a: Volcarona|spe|1\n|move|p2a: Blissey|Ice Beam|p1a: Volcarona\n|-supereffective|p1a: Volcarona\n|-damage|p1a: Volcarona|83\/100\n|\n|-weather|RainDance|[upkeep]\n|-heal|p1a: Volcarona|89\/100|[from] item: Leftovers\n|upkeep\n|turn|10\n|\n|t:|1701156426\n|move|p1a: Volcarona|Giga Drain|p2a: Blissey\n|-damage|p2a: Blissey|19\/100\n|-heal|p1a: Volcarona|100\/100|[from] drain|[of] p2a: Blissey\n|move|p2a: Blissey|Ice Beam|p1a: Volcarona\n|-supereffective|p1a: Volcarona\n|-damage|p1a: Volcarona|84\/100\n|\n|-weather|RainDance|[upkeep]\n|-heal|p1a: Volcarona|90\/100|[from] item: Leftovers\n|upkeep\n|turn|11\n|\n|t:|1701156437\n|move|p1a: Volcarona|Fiery Dance|p2a: Blissey\n|-damage|p2a: Blissey|2\/100\n|move|p2a: Blissey|Ice Beam|p1a: Volcarona\n|-supereffective|p1a: Volcarona\n|-damage|p1a: Volcarona|73\/100\n|\n|-weather|RainDance|[upkeep]\n|-heal|p1a: Volcarona|79\/100|[from] item: Leftovers\n|upkeep\n|turn|12\n|\n|t:|1701156446\n|move|p1a: Volcarona|Fiery Dance|p2a: Blissey\n|-damage|p2a: Blissey|0 fnt\n|faint|p2a: Blissey\n|\n|-weather|none\n|-heal|p1a: Volcarona|85\/100|[from] item: Leftovers\n|upkeep\n|\n|t:|1701156453\n|switch|p2a: Pelipper|Pelipper, M, shiny|11\/100\n|-weather|RainDance|[from] ability: Drizzle|[of] p2a: Pelipper\n|turn|13\n|\n|t:|1701156460\n|switch|p2a: Rabsca|Rabsca, M, shiny|100\/100\n|move|p1a: Volcarona|Giga Drain|p2a: Rabsca\n|-resisted|p2a: Rabsca\n|-damage|p2a: Rabsca|65\/100\n|-heal|p1a: Volcarona|100\/100|[from] drain|[of] p2a: Rabsca\n|\n|-weather|RainDance|[upkeep]\n|upkeep\n|turn|14\n|\n|t:|1701156476\n|move|p1a: Volcarona|Bug Buzz|p2a: Rabsca\n|-supereffective|p2a: Rabsca\n|-damage|p2a: Rabsca|0 fnt\n|faint|p2a: Rabsca\n|\n|-weather|RainDance|[upkeep]\n|upkeep\n|\n|t:|1701156482\n|switch|p2a: Basculegion|Basculegion, M, shiny|100\/100\n|turn|15\n|\n|t:|1701156490\n|-terastallize|p2a: Basculegion|Fighting\n|move|p1a: Volcarona|Giga Drain|p2a: Basculegion\n|-damage|p2a: Basculegion|17\/100\n|move|p2a: Basculegion|Last Respects|p1a: Volcarona\n|-damage|p1a: Volcarona|0 fnt\n|faint|p1a: Volcarona\n|\n|-weather|RainDance|[upkeep]\n|upkeep\n|\n|t:|1701156502\n|switch|p1a: Murkrow|Murkrow, M|100\/100\n|turn|16\n|\n|t:|1701156507\n|move|p1a: Murkrow|Tailwind|p1a: Murkrow\n|-sidestart|p1: Just_Shinji|move: Tailwind\n|move|p2a: Basculegion|Last Respects|p1a: Murkrow\n|-resisted|p1a: Murkrow\n|-crit|p1a: Murkrow\n|-damage|p1a: Murkrow|0 fnt\n|faint|p1a: Murkrow\n|\n|-weather|RainDance|[upkeep]\n|upkeep\n|\n|t:|1701156521\n|switch|p1a: KingClutch|Kingambit, F|100\/100\n|-activate|p1a: KingClutch|ability: Supreme Overlord\n|-start|p1a: KingClutch|fallen4|[silent]\n|turn|17\n|\n|t:|1701156527\n|switch|p2a: Pawmot|Pawmot, M, shiny|100\/100\n|move|p1a: KingClutch|Sucker Punch||[still]\n|-fail|p1a: KingClutch\n|\n|-weather|RainDance|[upkeep]\n|upkeep\n|turn|18\n|\n|t:|1701156535\n|-end|p1a: KingClutch|fallen4|[silent]\n|switch|p1a: Ursaluna|Ursaluna-Bloodmoon, M|100\/100\n|move|p2a: Pawmot|Mach Punch|p1a: Ursaluna\n|-supereffective|p1a: Ursaluna\n|-damage|p1a: Ursaluna|74\/100\n|\n|-weather|RainDance|[upkeep]\n|-heal|p1a: Ursaluna|80\/100|[from] item: Leftovers\n|upkeep\n|turn|19\n|\n|t:|1701156549\n|switch|p2a: Pelipper|Pelipper, M, shiny|11\/100\n|move|p1a: Ursaluna|Moonlight|p1a: Ursaluna\n|-heal|p1a: Ursaluna|100\/100\n|\n|-weather|RainDance|[upkeep]\n|-sideend|p1: Just_Shinji|move: Tailwind\n|upkeep\n|turn|20\n|\n|t:|1701156561\n|move|p2a: Pelipper|Surf|p1a: Ursaluna\n|-supereffective|p1a: Ursaluna\n|-damage|p1a: Ursaluna|0 fnt\n|faint|p1a: Ursaluna\n|\n|-weather|none\n|upkeep\n|\n|t:|1701156568\n|switch|p1a: KingClutch|Kingambit, F|100\/100\n|-activate|p1a: KingClutch|ability: Supreme Overlord\n|-start|p1a: KingClutch|fallen5|[silent]\n|turn|21\n|\n|t:|1701156575\n|switch|p2a: Pawmot|Pawmot, M, shiny|100\/100\n|move|p1a: KingClutch|Swords Dance|p1a: KingClutch\n|-boost|p1a: KingClutch|atk|2\n|\n|upkeep\n|turn|22\n|\n|t:|1701156583\n|move|p2a: Pawmot|Mach Punch|p1a: KingClutch\n|-supereffective|p1a: KingClutch\n|-damage|p1a: KingClutch|36\/100\n|move|p1a: KingClutch|Sucker Punch||[still]\n|-fail|p1a: KingClutch\n|\n|-heal|p1a: KingClutch|42\/100|[from] item: Leftovers\n|upkeep\n|turn|23\n|-message|Just_Shinji forfeited.\n|\n|win|MrMimeIsMrKetchum\n|raw|Just_Shinji's rating: 1178 &rarr; <strong>1158<\/strong><br \/>(-20 for losing)\n|raw|MrMimeIsMrKetchum's rating: 1246 &rarr; <strong>1266<\/strong><br \/>(+20 for winning)\n|l|\u2606Just_Shinji\n|c|\u2606MrMimeIsMrKetchum|gg\n","uploadtime":1701156606,"views":5,"p1id":"justshinji","p2id":"mrmimeismrketchum","formatid":"gen9anythinggoes","rating":1158,"private":0,"password":""}