{"id":"gen9anythinggoes-1983398148","p1":"MagneticMagneton","p2":"RaptorAttacks","format":"[Gen 9] Anything Goes","log":"|j|\u2606MagneticMagneton\n|j|\u2606RaptorAttacks\n|t:|1699125906\n|gametype|singles\n|player|p1|MagneticMagneton|265|\n|player|p2|RaptorAttacks|1|\n|teamsize|p1|3\n|teamsize|p2|3\n|gen|9\n|tier|[Gen 9] Anything Goes\n|rule|HP Percentage Mod: HP is shown in percentages\n|rule|Endless Battle Clause: Forcing endless battles is banned\n|clearpoke\n|poke|p1|Iron Bundle|\n|poke|p1|Iron Bundle|\n|poke|p1|Iron Bundle|\n|poke|p2|Iron Bundle|\n|poke|p2|Iron Bundle|\n|poke|p2|Iron Bundle|\n|teampreview\n|\n|t:|1699125935\n|start\n|switch|p1a: IronBundleDid9\/11|Iron Bundle|100\/100\n|switch|p2a: of Madagascar|Iron Bundle|100\/100\n|turn|1\n|\n|t:|1699125944\n|move|p2a: of Madagascar|Substitute|p2a: of Madagascar\n|-start|p2a: of Madagascar|Substitute\n|-damage|p2a: of Madagascar|76\/100\n|move|p1a: IronBundleDid9\/11|Whirlpool|p2a: of Madagascar\n|-resisted|p2a: of Madagascar\n|-activate|p2a: of Madagascar|move: Substitute|[damage]\n|\n|upkeep\n|turn|2\n|inactive|Battle timer is ON: inactive players will automatically lose when time's up. (requested by RaptorAttacks)\n|\n|t:|1699125966\n|move|p2a: of Madagascar|Substitute|p2a: of Madagascar\n|-fail|p2a: of Madagascar|move: Substitute\n|move|p1a: IronBundleDid9\/11|Whirlpool|p2a: of Madagascar\n|-resisted|p2a: of Madagascar\n|-end|p2a: of Madagascar|Substitute\n|\n|upkeep\n|turn|3\n|\n|t:|1699125973\n|-end|p2a: of Madagascar|Quark Drive|[silent]\n|switch|p2a: CHILLY WILLY|Iron Bundle|100\/100\n|move|p1a: IronBundleDid9\/11|Whirlpool|p2a: CHILLY WILLY\n|-resisted|p2a: CHILLY WILLY\n|-damage|p2a: CHILLY WILLY|93\/100\n|-activate|p2a: CHILLY WILLY|move: Whirlpool|[of] p1a: IronBundleDid9\/11\n|\n|-heal|p2a: CHILLY WILLY|99\/100|[from] item: Leftovers\n|-damage|p2a: CHILLY WILLY|87\/100|[from] move: Whirlpool|[partiallytrapped]\n|upkeep\n|turn|4\n|\n|t:|1699125988\n|move|p2a: CHILLY WILLY|Protect|p2a: CHILLY WILLY\n|-singleturn|p2a: CHILLY WILLY|Protect\n|move|p1a: IronBundleDid9\/11|Whirlpool|p2a: CHILLY WILLY\n|-activate|p2a: CHILLY WILLY|move: Protect\n|\n|-heal|p2a: CHILLY WILLY|93\/100|[from] item: Leftovers\n|-damage|p2a: CHILLY WILLY|81\/100|[from] move: Whirlpool|[partiallytrapped]\n|upkeep\n|turn|5\n|\n|t:|1699125996\n|move|p1a: IronBundleDid9\/11|Whirlpool|p2a: CHILLY WILLY\n|-resisted|p2a: CHILLY WILLY\n|-damage|p2a: CHILLY WILLY|74\/100\n|move|p2a: CHILLY WILLY|Substitute|p2a: CHILLY WILLY\n|-start|p2a: CHILLY WILLY|Substitute\n|-end|p2a: CHILLY WILLY|Whirlpool|[partiallytrapped]|[silent]\n|-damage|p2a: CHILLY WILLY|49\/100\n|\n|-heal|p2a: CHILLY WILLY|55\/100|[from] item: Leftovers\n|upkeep\n|turn|6\n|\n|t:|1699126003\n|move|p2a: CHILLY WILLY|Protect|p2a: CHILLY WILLY\n|-singleturn|p2a: CHILLY WILLY|Protect\n|move|p1a: IronBundleDid9\/11|Whirlpool|p2a: CHILLY WILLY\n|-activate|p2a: CHILLY WILLY|move: Protect\n|\n|-heal|p2a: CHILLY WILLY|61\/100|[from] item: Leftovers\n|upkeep\n|turn|7\n|\n|t:|1699126020\n|-end|p2a: CHILLY WILLY|Quark Drive|[silent]\n|switch|p2a: Pingu|Iron Bundle|100\/100\n|move|p1a: IronBundleDid9\/11|Whirlpool|p2a: Pingu\n|-resisted|p2a: Pingu\n|-damage|p2a: Pingu|94\/100\n|-activate|p2a: Pingu|move: Whirlpool|[of] p1a: IronBundleDid9\/11\n|\n|-damage|p2a: Pingu|82\/100|[from] move: Whirlpool|[partiallytrapped]\n|upkeep\n|turn|8\n|\n|t:|1699126030\n|move|p2a: Pingu|Icy Wind|p1a: IronBundleDid9\/11\n|-resisted|p1a: IronBundleDid9\/11\n|-damage|p1a: IronBundleDid9\/11|92\/100\n|-unboost|p1a: IronBundleDid9\/11|spe|1\n|move|p1a: IronBundleDid9\/11|Whirlpool|p2a: Pingu\n|-resisted|p2a: Pingu\n|-damage|p2a: Pingu|74\/100\n|\n|-heal|p1a: IronBundleDid9\/11|98\/100|[from] item: Leftovers\n|-damage|p2a: Pingu|62\/100|[from] move: Whirlpool|[partiallytrapped]\n|upkeep\n|turn|9\n|\n|t:|1699126046\n|move|p2a: Pingu|Whirlpool|p1a: IronBundleDid9\/11|[miss]\n|-miss|p2a: Pingu|p1a: IronBundleDid9\/11\n|move|p1a: IronBundleDid9\/11|Whirlpool|p2a: Pingu\n|-resisted|p2a: Pingu\n|-damage|p2a: Pingu|55\/100\n|\n|-heal|p1a: IronBundleDid9\/11|100\/100|[from] item: Leftovers\n|-damage|p2a: Pingu|43\/100|[from] move: Whirlpool|[partiallytrapped]\n|upkeep\n|turn|10\n|\n|t:|1699126056\n|move|p2a: Pingu|Whirlpool|p1a: IronBundleDid9\/11\n|-resisted|p1a: IronBundleDid9\/11\n|-damage|p1a: IronBundleDid9\/11|89\/100\n|-activate|p1a: IronBundleDid9\/11|move: Whirlpool|[of] p2a: Pingu\n|move|p1a: IronBundleDid9\/11|Whirlpool|p2a: Pingu\n|-resisted|p2a: Pingu\n|-damage|p2a: Pingu|37\/100\n|\n|-heal|p1a: IronBundleDid9\/11|95\/100|[from] item: Leftovers\n|-damage|p2a: Pingu|25\/100|[from] move: Whirlpool|[partiallytrapped]\n|-damage|p1a: IronBundleDid9\/11|83\/100|[from] move: Whirlpool|[partiallytrapped]\n|upkeep\n|turn|11\n|\n|t:|1699126078\n|move|p2a: Pingu|Hydro Pump|p1a: IronBundleDid9\/11\n|-resisted|p1a: IronBundleDid9\/11\n|-crit|p1a: IronBundleDid9\/11\n|-damage|p1a: IronBundleDid9\/11|23\/100\n|move|p1a: IronBundleDid9\/11|Whirlpool|p2a: Pingu\n|-resisted|p2a: Pingu\n|-damage|p2a: Pingu|18\/100\n|\n|-heal|p1a: IronBundleDid9\/11|29\/100|[from] item: Leftovers\n|-damage|p2a: Pingu|6\/100|[from] move: Whirlpool|[partiallytrapped]\n|-damage|p1a: IronBundleDid9\/11|17\/100|[from] move: Whirlpool|[partiallytrapped]\n|upkeep\n|turn|12\n|\n|t:|1699126089\n|move|p2a: Pingu|Hydro Pump|p1a: IronBundleDid9\/11\n|-resisted|p1a: IronBundleDid9\/11\n|-damage|p1a: IronBundleDid9\/11|0 fnt\n|faint|p1a: IronBundleDid9\/11\n|-end|p1a: IronBundleDid9\/11|Quark Drive|[silent]\n|\n|-end|p2a: Pingu|Whirlpool|[partiallytrapped]\n|upkeep\n|\n|t:|1699126097\n|switch|p1a: IRA Pipe Bomb|Iron Bundle|100\/100\n|turn|13\n|\n|t:|1699126116\n|move|p1a: IRA Pipe Bomb|Whirlpool|p2a: Pingu\n|-resisted|p2a: Pingu\n|-damage|p2a: Pingu|0 fnt\n|faint|p2a: Pingu\n|-end|p2a: Pingu|Quark Drive|[silent]\n|\n|upkeep\n|\n|t:|1699126120\n|switch|p2a: CHILLY WILLY|Iron Bundle|61\/100\n|turn|14\n|\n|t:|1699126129\n|move|p2a: CHILLY WILLY|Protect|p2a: CHILLY WILLY\n|-singleturn|p2a: CHILLY WILLY|Protect\n|move|p1a: IRA Pipe Bomb|Whirlpool|p2a: CHILLY WILLY\n|-activate|p2a: CHILLY WILLY|move: Protect\n|\n|-heal|p2a: CHILLY WILLY|67\/100|[from] item: Leftovers\n|upkeep\n|turn|15\n|\n|t:|1699126136\n|move|p1a: IRA Pipe Bomb|Whirlpool|p2a: CHILLY WILLY\n|-resisted|p2a: CHILLY WILLY\n|-damage|p2a: CHILLY WILLY|59\/100\n|-activate|p2a: CHILLY WILLY|move: Whirlpool|[of] p1a: IRA Pipe Bomb\n|move|p2a: CHILLY WILLY|Substitute|p2a: CHILLY WILLY\n|-start|p2a: CHILLY WILLY|Substitute\n|-end|p2a: CHILLY WILLY|Whirlpool|[partiallytrapped]|[silent]\n|-damage|p2a: CHILLY WILLY|34\/100\n|\n|-heal|p2a: CHILLY WILLY|40\/100|[from] item: Leftovers\n|upkeep\n|turn|16\n|\n|t:|1699126145\n|move|p2a: CHILLY WILLY|Protect|p2a: CHILLY WILLY\n|-singleturn|p2a: CHILLY WILLY|Protect\n|move|p1a: IRA Pipe Bomb|Whirlpool|p2a: CHILLY WILLY\n|-activate|p2a: CHILLY WILLY|move: Protect\n|\n|-heal|p2a: CHILLY WILLY|46\/100|[from] item: Leftovers\n|upkeep\n|turn|17\n|\n|t:|1699126155\n|move|p2a: CHILLY WILLY|Protect||[still]\n|-fail|p2a: CHILLY WILLY\n|move|p1a: IRA Pipe Bomb|Snowscape|p1a: IRA Pipe Bomb\n|-weather|Snow\n|\n|-weather|Snow|[upkeep]\n|-heal|p2a: CHILLY WILLY|52\/100|[from] item: Leftovers\n|upkeep\n|turn|18\n|\n|t:|1699126163\n|move|p1a: IRA Pipe Bomb|Aurora Veil|p1a: IRA Pipe Bomb\n|-sidestart|p1: MagneticMagneton|move: Aurora Veil\n|move|p2a: CHILLY WILLY|Substitute|p2a: CHILLY WILLY\n|-fail|p2a: CHILLY WILLY|move: Substitute\n|\n|-weather|Snow|[upkeep]\n|-heal|p2a: CHILLY WILLY|58\/100|[from] item: Leftovers\n|upkeep\n|turn|19\n|\n|t:|1699126170\n|move|p1a: IRA Pipe Bomb|Whirlpool|p2a: CHILLY WILLY\n|-resisted|p2a: CHILLY WILLY\n|-activate|p2a: CHILLY WILLY|move: Substitute|[damage]\n|move|p2a: CHILLY WILLY|Substitute|p2a: CHILLY WILLY\n|-fail|p2a: CHILLY WILLY|move: Substitute\n|\n|-weather|Snow|[upkeep]\n|-heal|p2a: CHILLY WILLY|64\/100|[from] item: Leftovers\n|upkeep\n|turn|20\n|\n|t:|1699126181\n|move|p1a: IRA Pipe Bomb|Whirlpool|p2a: CHILLY WILLY\n|-resisted|p2a: CHILLY WILLY\n|-activate|p2a: CHILLY WILLY|move: Substitute|[damage]\n|move|p2a: CHILLY WILLY|Substitute|p2a: CHILLY WILLY\n|-fail|p2a: CHILLY WILLY|move: Substitute\n|\n|-weather|Snow|[upkeep]\n|-heal|p2a: CHILLY WILLY|70\/100|[from] item: Leftovers\n|upkeep\n|turn|21\n|\n|t:|1699126189\n|move|p1a: IRA Pipe Bomb|Whirlpool|p2a: CHILLY WILLY|[miss]\n|-miss|p1a: IRA Pipe Bomb|p2a: CHILLY WILLY\n|move|p2a: CHILLY WILLY|Sleep Talk||[still]\n|-fail|p2a: CHILLY WILLY\n|\n|-weather|none\n|-heal|p2a: CHILLY WILLY|76\/100|[from] item: Leftovers\n|upkeep\n|turn|22\n|\n|t:|1699126196\n|move|p1a: IRA Pipe Bomb|Whirlpool|p2a: CHILLY WILLY\n|-resisted|p2a: CHILLY WILLY\n|-activate|p2a: CHILLY WILLY|move: Substitute|[damage]\n|move|p2a: CHILLY WILLY|Sleep Talk||[still]\n|-fail|p2a: CHILLY WILLY\n|\n|-heal|p2a: CHILLY WILLY|82\/100|[from] item: Leftovers\n|-sideend|p1: MagneticMagneton|move: Aurora Veil\n|upkeep\n|turn|23\n|\n|t:|1699126206\n|move|p1a: IRA Pipe Bomb|Whirlpool|p2a: CHILLY WILLY\n|-resisted|p2a: CHILLY WILLY\n|-end|p2a: CHILLY WILLY|Substitute\n|move|p2a: CHILLY WILLY|Sleep Talk||[still]\n|-fail|p2a: CHILLY WILLY\n|\n|-heal|p2a: CHILLY WILLY|88\/100|[from] item: Leftovers\n|upkeep\n|turn|24\n|\n|t:|1699126221\n|move|p1a: IRA Pipe Bomb|Whirlpool|p2a: CHILLY WILLY\n|-resisted|p2a: CHILLY WILLY\n|-damage|p2a: CHILLY WILLY|80\/100\n|-activate|p2a: CHILLY WILLY|move: Whirlpool|[of] p1a: IRA Pipe Bomb\n|move|p2a: CHILLY WILLY|Substitute|p2a: CHILLY WILLY\n|-start|p2a: CHILLY WILLY|Substitute\n|-end|p2a: CHILLY WILLY|Whirlpool|[partiallytrapped]|[silent]\n|-damage|p2a: CHILLY WILLY|55\/100\n|\n|-heal|p2a: CHILLY WILLY|61\/100|[from] item: Leftovers\n|upkeep\n|turn|25\n|\n|t:|1699126230\n|-end|p1a: IRA Pipe Bomb|Quark Drive|[silent]\n|switch|p1a: Laurent FC|Iron Bundle|100\/100\n|-end|p2a: CHILLY WILLY|Quark Drive|[silent]\n|switch|p2a: of Madagascar|Iron Bundle|76\/100\n|\n|upkeep\n|turn|26\n|\n|t:|1699126238\n|-terastallize|p2a: of Madagascar|Normal\n|move|p1a: Laurent FC|Hydro Pump|p2a: of Madagascar|[miss]\n|-miss|p1a: Laurent FC|p2a: of Madagascar\n|move|p2a: of Madagascar|Giga Impact|p1a: Laurent FC\n|-damage|p1a: Laurent FC|0 fnt\n|-mustrecharge|p2a: of Madagascar\n|faint|p1a: Laurent FC\n|-end|p1a: Laurent FC|Quark Drive|[silent]\n|\n|upkeep\n|\n|t:|1699126246\n|switch|p1a: IRA Pipe Bomb|Iron Bundle|100\/100\n|turn|27\n|\n|t:|1699126251\n|cant|p2a: of Madagascar|recharge\n|move|p1a: IRA Pipe Bomb|Whirlpool|p2a: of Madagascar\n|-damage|p2a: of Madagascar|48\/100\n|-activate|p2a: of Madagascar|move: Whirlpool|[of] p1a: IRA Pipe Bomb\n|\n|-damage|p2a: of Madagascar|36\/100|[from] move: Whirlpool|[partiallytrapped]\n|upkeep\n|turn|28\n|\n|t:|1699126266\n|move|p2a: of Madagascar|Giga Impact|p1a: IRA Pipe Bomb\n|-damage|p1a: IRA Pipe Bomb|18\/100\n|-mustrecharge|p2a: of Madagascar\n|move|p1a: IRA Pipe Bomb|Rest|p1a: IRA Pipe Bomb\n|-status|p1a: IRA Pipe Bomb|slp|[from] move: Rest\n|-heal|p1a: IRA Pipe Bomb|100\/100 slp|[silent]\n|-enditem|p1a: IRA Pipe Bomb|Chesto Berry|[eat]\n|-curestatus|p1a: IRA Pipe Bomb|slp|[msg]\n|\n|-damage|p2a: of Madagascar|23\/100|[from] move: Whirlpool|[partiallytrapped]\n|upkeep\n|turn|29\n|\n|t:|1699126277\n|cant|p2a: of Madagascar|recharge\n|move|p1a: IRA Pipe Bomb|Whirlpool|p2a: of Madagascar\n|-damage|p2a: of Madagascar|0 fnt\n|faint|p2a: of Madagascar\n|-end|p2a: of Madagascar|Quark Drive|[silent]\n|\n|upkeep\n|\n|t:|1699126284\n|switch|p2a: CHILLY WILLY|Iron Bundle|61\/100\n|turn|30\n|\n|t:|1699126291\n|move|p1a: IRA Pipe Bomb|Whirlpool|p2a: CHILLY WILLY\n|-resisted|p2a: CHILLY WILLY\n|-damage|p2a: CHILLY WILLY|53\/100\n|-activate|p2a: CHILLY WILLY|move: Whirlpool|[of] p1a: IRA Pipe Bomb\n|move|p2a: CHILLY WILLY|Substitute|p2a: CHILLY WILLY\n|-start|p2a: CHILLY WILLY|Substitute\n|-end|p2a: CHILLY WILLY|Whirlpool|[partiallytrapped]|[silent]\n|-damage|p2a: CHILLY WILLY|28\/100\n|\n|-heal|p2a: CHILLY WILLY|34\/100|[from] item: Leftovers\n|upkeep\n|turn|31\n|\n|t:|1699126300\n|move|p1a: IRA Pipe Bomb|Whirlpool|p2a: CHILLY WILLY\n|-resisted|p2a: CHILLY WILLY\n|-activate|p2a: CHILLY WILLY|move: Substitute|[damage]\n|move|p2a: CHILLY WILLY|Rest|p2a: CHILLY WILLY\n|-status|p2a: CHILLY WILLY|slp|[from] move: Rest\n|-heal|p2a: CHILLY WILLY|100\/100 slp|[silent]\n|\n|upkeep\n|turn|32\n|\n|t:|1699126311\n|cant|p2a: CHILLY WILLY|slp\n|move|p1a: IRA Pipe Bomb|Whirlpool|p2a: CHILLY WILLY\n|-resisted|p2a: CHILLY WILLY\n|-activate|p2a: CHILLY WILLY|move: Substitute|[damage]\n|\n|upkeep\n|turn|33\n|\n|t:|1699126332\n|cant|p2a: CHILLY WILLY|slp\n|move|p1a: IRA Pipe Bomb|Aurora Veil||[still]\n|-fail|p1a: IRA Pipe Bomb\n|\n|upkeep\n|turn|34\n|\n|t:|1699126337\n|-curestatus|p2a: CHILLY WILLY|slp|[msg]\n|move|p2a: CHILLY WILLY|Protect|p2a: CHILLY WILLY\n|-singleturn|p2a: CHILLY WILLY|Protect\n|move|p1a: IRA Pipe Bomb|Aurora Veil||[still]\n|-fail|p1a: IRA Pipe Bomb\n|\n|upkeep\n|turn|35\n|\n|t:|1699126349\n|move|p1a: IRA Pipe Bomb|Aurora Veil||[still]\n|-fail|p1a: IRA Pipe Bomb\n|move|p2a: CHILLY WILLY|Rest|p2a: CHILLY WILLY\n|-fail|p2a: CHILLY WILLY|heal\n|\n|upkeep\n|turn|36\n|\n|t:|1699126358\n|move|p1a: IRA Pipe Bomb|Aurora Veil||[still]\n|-fail|p1a: IRA Pipe Bomb\n|move|p2a: CHILLY WILLY|Rest|p2a: CHILLY WILLY\n|-fail|p2a: CHILLY WILLY|heal\n|\n|upkeep\n|turn|37\n|\n|t:|1699126364\n|move|p1a: IRA Pipe Bomb|Aurora Veil||[still]\n|-fail|p1a: IRA Pipe Bomb\n|move|p2a: CHILLY WILLY|Sleep Talk||[still]\n|-fail|p2a: CHILLY WILLY\n|\n|upkeep\n|turn|38\n|\n|t:|1699126371\n|move|p1a: IRA Pipe Bomb|Aurora Veil||[still]\n|-fail|p1a: IRA Pipe Bomb\n|move|p2a: CHILLY WILLY|Substitute|p2a: CHILLY WILLY\n|-fail|p2a: CHILLY WILLY|move: Substitute\n|\n|upkeep\n|turn|39\n|\n|t:|1699126376\n|move|p1a: IRA Pipe Bomb|Aurora Veil||[still]\n|-fail|p1a: IRA Pipe Bomb\n|move|p2a: CHILLY WILLY|Sleep Talk||[still]\n|-fail|p2a: CHILLY WILLY\n|\n|upkeep\n|turn|40\n|\n|t:|1699126381\n|move|p1a: IRA Pipe Bomb|Aurora Veil||[still]\n|-fail|p1a: IRA Pipe Bomb\n|move|p2a: CHILLY WILLY|Sleep Talk||[still]\n|-fail|p2a: CHILLY WILLY\n|\n|upkeep\n|turn|41\n|\n|t:|1699126386\n|move|p1a: IRA Pipe Bomb|Aurora Veil||[still]\n|-fail|p1a: IRA Pipe Bomb\n|move|p2a: CHILLY WILLY|Sleep Talk||[still]\n|-fail|p2a: CHILLY WILLY\n|\n|upkeep\n|turn|42\n|\n|t:|1699126391\n|move|p1a: IRA Pipe Bomb|Aurora Veil||[still]\n|-fail|p1a: IRA Pipe Bomb\n|move|p2a: CHILLY WILLY|Sleep Talk||[still]\n|-fail|p2a: CHILLY WILLY\n|\n|upkeep\n|turn|43\n|\n|t:|1699126395\n|move|p1a: IRA Pipe Bomb|Aurora Veil||[still]\n|-fail|p1a: IRA Pipe Bomb\n|move|p2a: CHILLY WILLY|Sleep Talk||[still]\n|-fail|p2a: CHILLY WILLY\n|\n|upkeep\n|turn|44\n|\n|t:|1699126400\n|move|p1a: IRA Pipe Bomb|Aurora Veil||[still]\n|-fail|p1a: IRA Pipe Bomb\n|move|p2a: CHILLY WILLY|Sleep Talk||[still]\n|-fail|p2a: CHILLY WILLY\n|\n|upkeep\n|turn|45\n|\n|t:|1699126406\n|move|p1a: IRA Pipe Bomb|Aurora Veil||[still]\n|-fail|p1a: IRA Pipe Bomb\n|move|p2a: CHILLY WILLY|Sleep Talk||[still]\n|-fail|p2a: CHILLY WILLY\n|\n|upkeep\n|turn|46\n|\n|t:|1699126411\n|move|p1a: IRA Pipe Bomb|Aurora Veil||[still]\n|-fail|p1a: IRA Pipe Bomb\n|move|p2a: CHILLY WILLY|Sleep Talk||[still]\n|-fail|p2a: CHILLY WILLY\n|\n|upkeep\n|turn|47\n|\n|t:|1699126417\n|move|p1a: IRA Pipe Bomb|Aurora Veil||[still]\n|-fail|p1a: IRA Pipe Bomb\n|move|p2a: CHILLY WILLY|Sleep Talk||[still]\n|-fail|p2a: CHILLY WILLY\n|\n|upkeep\n|turn|48\n|\n|t:|1699126422\n|move|p1a: IRA Pipe Bomb|Aurora Veil||[still]\n|-fail|p1a: IRA Pipe Bomb\n|move|p2a: CHILLY WILLY|Sleep Talk||[still]\n|-fail|p2a: CHILLY WILLY\n|\n|upkeep\n|turn|49\n|\n|t:|1699126426\n|move|p1a: IRA Pipe Bomb|Aurora Veil||[still]\n|-fail|p1a: IRA Pipe Bomb\n|move|p2a: CHILLY WILLY|Sleep Talk||[still]\n|-fail|p2a: CHILLY WILLY\n|\n|upkeep\n|turn|50\n|\n|t:|1699126433\n|move|p1a: IRA Pipe Bomb|Aurora Veil||[still]\n|-fail|p1a: IRA Pipe Bomb\n|move|p2a: CHILLY WILLY|Sleep Talk||[still]\n|-fail|p2a: CHILLY WILLY\n|\n|upkeep\n|turn|51\n|\n|t:|1699126438\n|move|p1a: IRA Pipe Bomb|Aurora Veil||[still]\n|-fail|p1a: IRA Pipe Bomb\n|move|p2a: CHILLY WILLY|Substitute|p2a: CHILLY WILLY\n|-fail|p2a: CHILLY WILLY|move: Substitute\n|\n|upkeep\n|turn|52\n|\n|t:|1699126445\n|move|p1a: IRA Pipe Bomb|Aurora Veil||[still]\n|-fail|p1a: IRA Pipe Bomb\n|move|p2a: CHILLY WILLY|Substitute|p2a: CHILLY WILLY\n|-fail|p2a: CHILLY WILLY|move: Substitute\n|\n|upkeep\n|turn|53\n|\n|t:|1699126450\n|move|p1a: IRA Pipe Bomb|Aurora Veil||[still]\n|-fail|p1a: IRA Pipe Bomb\n|move|p2a: CHILLY WILLY|Substitute|p2a: CHILLY WILLY\n|-fail|p2a: CHILLY WILLY|move: Substitute\n|\n|upkeep\n|turn|54\n|\n|t:|1699126455\n|move|p1a: IRA Pipe Bomb|Aurora Veil||[still]\n|-fail|p1a: IRA Pipe Bomb\n|move|p2a: CHILLY WILLY|Substitute|p2a: CHILLY WILLY\n|-fail|p2a: CHILLY WILLY|move: Substitute\n|\n|upkeep\n|turn|55\n|\n|t:|1699126460\n|move|p2a: CHILLY WILLY|Protect|p2a: CHILLY WILLY\n|-singleturn|p2a: CHILLY WILLY|Protect\n|move|p1a: IRA Pipe Bomb|Aurora Veil||[still]\n|-fail|p1a: IRA Pipe Bomb\n|\n|upkeep\n|turn|56\n|\n|t:|1699126466\n|move|p2a: CHILLY WILLY|Protect||[still]\n|-fail|p2a: CHILLY WILLY\n|move|p1a: IRA Pipe Bomb|Aurora Veil||[still]\n|-fail|p1a: IRA Pipe Bomb\n|\n|upkeep\n|turn|57\n|\n|t:|1699126471\n|move|p2a: CHILLY WILLY|Protect|p2a: CHILLY WILLY\n|-singleturn|p2a: CHILLY WILLY|Protect\n|move|p1a: IRA Pipe Bomb|Aurora Veil||[still]\n|-fail|p1a: IRA Pipe Bomb\n|\n|upkeep\n|turn|58\n|\n|t:|1699126476\n|move|p2a: CHILLY WILLY|Protect||[still]\n|-fail|p2a: CHILLY WILLY\n|move|p1a: IRA Pipe Bomb|Snowscape|p1a: IRA Pipe Bomb\n|-weather|Snow\n|\n|-weather|Snow|[upkeep]\n|upkeep\n|turn|59\n|\n|t:|1699126481\n|move|p2a: CHILLY WILLY|Protect|p2a: CHILLY WILLY\n|-singleturn|p2a: CHILLY WILLY|Protect\n|move|p1a: IRA Pipe Bomb|Snowscape||[still]\n|-fail|p1a: IRA Pipe Bomb\n|\n|-weather|Snow|[upkeep]\n|upkeep\n|turn|60\n|\n|t:|1699126487\n|move|p2a: CHILLY WILLY|Protect|p2a: CHILLY WILLY\n|-singleturn|p2a: CHILLY WILLY|Protect\n|move|p1a: IRA Pipe Bomb|Snowscape||[still]\n|-fail|p1a: IRA Pipe Bomb\n|\n|-weather|Snow|[upkeep]\n|upkeep\n|turn|61\n|\n|t:|1699126494\n|move|p2a: CHILLY WILLY|Protect||[still]\n|-fail|p2a: CHILLY WILLY\n|move|p1a: IRA Pipe Bomb|Snowscape||[still]\n|-fail|p1a: IRA Pipe Bomb\n|\n|-weather|Snow|[upkeep]\n|upkeep\n|turn|62\n|\n|t:|1699126499\n|move|p2a: CHILLY WILLY|Protect|p2a: CHILLY WILLY\n|-singleturn|p2a: CHILLY WILLY|Protect\n|move|p1a: IRA Pipe Bomb|Snowscape||[still]\n|-fail|p1a: IRA Pipe Bomb\n|\n|-weather|none\n|upkeep\n|turn|63\n|\n|t:|1699126505\n|move|p2a: CHILLY WILLY|Protect||[still]\n|-fail|p2a: CHILLY WILLY\n|move|p1a: IRA Pipe Bomb|Snowscape|p1a: IRA Pipe Bomb\n|-weather|Snow\n|\n|-weather|Snow|[upkeep]\n|upkeep\n|turn|64\n|\n|t:|1699126510\n|move|p2a: CHILLY WILLY|Protect|p2a: CHILLY WILLY\n|-singleturn|p2a: CHILLY WILLY|Protect\n|move|p1a: IRA Pipe Bomb|Snowscape||[still]\n|-fail|p1a: IRA Pipe Bomb\n|\n|-weather|Snow|[upkeep]\n|upkeep\n|turn|65\n|\n|t:|1699126519\n|move|p1a: IRA Pipe Bomb|Snowscape||[still]\n|-fail|p1a: IRA Pipe Bomb\n|move|p2a: CHILLY WILLY|Substitute|p2a: CHILLY WILLY\n|-fail|p2a: CHILLY WILLY|move: Substitute\n|\n|-weather|Snow|[upkeep]\n|upkeep\n|turn|66\n|\n|t:|1699126524\n|move|p1a: IRA Pipe Bomb|Snowscape||[still]\n|-fail|p1a: IRA Pipe Bomb\n|move|p2a: CHILLY WILLY|Substitute|p2a: CHILLY WILLY\n|-fail|p2a: CHILLY WILLY|move: Substitute\n|\n|-weather|Snow|[upkeep]\n|upkeep\n|turn|67\n|\n|t:|1699126529\n|move|p1a: IRA Pipe Bomb|Snowscape||[still]\n|-fail|p1a: IRA Pipe Bomb\n|move|p2a: CHILLY WILLY|Substitute|p2a: CHILLY WILLY\n|-fail|p2a: CHILLY WILLY|move: Substitute\n|\n|-weather|none\n|upkeep\n|turn|68\n|\n|t:|1699126536\n|move|p1a: IRA Pipe Bomb|Snowscape|p1a: IRA Pipe Bomb\n|-weather|Snow\n|move|p2a: CHILLY WILLY|Substitute|p2a: CHILLY WILLY\n|-fail|p2a: CHILLY WILLY|move: Substitute\n|\n|-weather|Snow|[upkeep]\n|upkeep\n|turn|69\n|\n|t:|1699126541\n|move|p1a: IRA Pipe Bomb|Whirlpool|p2a: CHILLY WILLY\n|-resisted|p2a: CHILLY WILLY\n|-activate|p2a: CHILLY WILLY|move: Substitute|[damage]\n|move|p2a: CHILLY WILLY|Rest|p2a: CHILLY WILLY\n|-fail|p2a: CHILLY WILLY|heal\n|\n|-weather|Snow|[upkeep]\n|upkeep\n|turn|70\n|\n|t:|1699126548\n|move|p1a: IRA Pipe Bomb|Whirlpool|p2a: CHILLY WILLY\n|-resisted|p2a: CHILLY WILLY\n|-end|p2a: CHILLY WILLY|Substitute\n|move|p2a: CHILLY WILLY|Rest|p2a: CHILLY WILLY\n|-fail|p2a: CHILLY WILLY|heal\n|\n|-weather|Snow|[upkeep]\n|upkeep\n|turn|71\n|\n|t:|1699126554\n|move|p1a: IRA Pipe Bomb|Whirlpool|p2a: CHILLY WILLY\n|-resisted|p2a: CHILLY WILLY\n|-damage|p2a: CHILLY WILLY|92\/100\n|-activate|p2a: CHILLY WILLY|move: Whirlpool|[of] p1a: IRA Pipe Bomb\n|move|p2a: CHILLY WILLY|Rest|p2a: CHILLY WILLY\n|-status|p2a: CHILLY WILLY|slp|[from] move: Rest\n|-heal|p2a: CHILLY WILLY|100\/100 slp|[silent]\n|\n|-weather|Snow|[upkeep]\n|-damage|p2a: CHILLY WILLY|88\/100 slp|[from] move: Whirlpool|[partiallytrapped]\n|upkeep\n|turn|72\n|\n|t:|1699126570\n|move|p1a: IRA Pipe Bomb|Whirlpool|p2a: CHILLY WILLY|[miss]\n|-miss|p1a: IRA Pipe Bomb|p2a: CHILLY WILLY\n|cant|p2a: CHILLY WILLY|slp\n|\n|-weather|none\n|-heal|p2a: CHILLY WILLY|94\/100 slp|[from] item: Leftovers\n|-damage|p2a: CHILLY WILLY|82\/100 slp|[from] move: Whirlpool|[partiallytrapped]\n|upkeep\n|turn|73\n|\n|t:|1699126578\n|move|p1a: IRA Pipe Bomb|Snowscape|p1a: IRA Pipe Bomb\n|-weather|Snow\n|cant|p2a: CHILLY WILLY|slp\n|\n|-weather|Snow|[upkeep]\n|-heal|p2a: CHILLY WILLY|88\/100 slp|[from] item: Leftovers\n|-damage|p2a: CHILLY WILLY|75\/100 slp|[from] move: Whirlpool|[partiallytrapped]\n|upkeep\n|turn|74\n|\n|t:|1699126585\n|move|p1a: IRA Pipe Bomb|Aurora Veil|p1a: IRA Pipe Bomb\n|-sidestart|p1: MagneticMagneton|move: Aurora Veil\n|-curestatus|p2a: CHILLY WILLY|slp|[msg]\n|move|p2a: CHILLY WILLY|Rest|p2a: CHILLY WILLY\n|-status|p2a: CHILLY WILLY|slp|[from] move: Rest\n|-heal|p2a: CHILLY WILLY|100\/100 slp|[silent]\n|\n|-weather|Snow|[upkeep]\n|-damage|p2a: CHILLY WILLY|88\/100 slp|[from] move: Whirlpool|[partiallytrapped]\n|upkeep\n|turn|75\n|\n|t:|1699126594\n|move|p1a: IRA Pipe Bomb|Whirlpool|p2a: CHILLY WILLY\n|-resisted|p2a: CHILLY WILLY\n|-damage|p2a: CHILLY WILLY|80\/100 slp\n|cant|p2a: CHILLY WILLY|slp\n|\n|-weather|Snow|[upkeep]\n|-heal|p2a: CHILLY WILLY|86\/100 slp|[from] item: Leftovers\n|-damage|p2a: CHILLY WILLY|74\/100 slp|[from] move: Whirlpool|[partiallytrapped]\n|upkeep\n|turn|76\n|\n|t:|1699126602\n|move|p1a: IRA Pipe Bomb|Whirlpool|p2a: CHILLY WILLY|[miss]\n|-miss|p1a: IRA Pipe Bomb|p2a: CHILLY WILLY\n|cant|p2a: CHILLY WILLY|slp\n|\n|-weather|Snow|[upkeep]\n|-heal|p2a: CHILLY WILLY|80\/100 slp|[from] item: Leftovers\n|-end|p2a: CHILLY WILLY|Whirlpool|[partiallytrapped]\n|upkeep\n|turn|77\n|\n|t:|1699126609\n|move|p1a: IRA Pipe Bomb|Whirlpool|p2a: CHILLY WILLY\n|-resisted|p2a: CHILLY WILLY\n|-damage|p2a: CHILLY WILLY|72\/100 slp\n|-activate|p2a: CHILLY WILLY|move: Whirlpool|[of] p1a: IRA Pipe Bomb\n|-curestatus|p2a: CHILLY WILLY|slp|[msg]\n|move|p2a: CHILLY WILLY|Rest|p2a: CHILLY WILLY\n|-status|p2a: CHILLY WILLY|slp|[from] move: Rest\n|-heal|p2a: CHILLY WILLY|100\/100 slp|[silent]\n|\n|-weather|none\n|-damage|p2a: CHILLY WILLY|88\/100 slp|[from] move: Whirlpool|[partiallytrapped]\n|upkeep\n|turn|78\n|\n|t:|1699126620\n|move|p1a: IRA Pipe Bomb|Snowscape|p1a: IRA Pipe Bomb\n|-weather|Snow\n|cant|p2a: CHILLY WILLY|slp\n|\n|-weather|Snow|[upkeep]\n|-heal|p2a: CHILLY WILLY|94\/100 slp|[from] item: Leftovers\n|-damage|p2a: CHILLY WILLY|82\/100 slp|[from] move: Whirlpool|[partiallytrapped]\n|-sideend|p1: MagneticMagneton|move: Aurora Veil\n|upkeep\n|turn|79\n|\n|t:|1699126627\n|move|p1a: IRA Pipe Bomb|Aurora Veil|p1a: IRA Pipe Bomb\n|-sidestart|p1: MagneticMagneton|move: Aurora Veil\n|cant|p2a: CHILLY WILLY|slp\n|\n|-weather|Snow|[upkeep]\n|-heal|p2a: CHILLY WILLY|88\/100 slp|[from] item: Leftovers\n|-damage|p2a: CHILLY WILLY|75\/100 slp|[from] move: Whirlpool|[partiallytrapped]\n|upkeep\n|turn|80\n|\n|t:|1699126636\n|move|p1a: IRA Pipe Bomb|Whirlpool|p2a: CHILLY WILLY\n|-resisted|p2a: CHILLY WILLY\n|-damage|p2a: CHILLY WILLY|68\/100 slp\n|-curestatus|p2a: CHILLY WILLY|slp|[msg]\n|-activate|p2a: CHILLY WILLY|move: Struggle\n|move|p2a: CHILLY WILLY|Struggle|p1a: IRA Pipe Bomb\n|-damage|p1a: IRA Pipe Bomb|98\/100\n|-damage|p2a: CHILLY WILLY|43\/100|[from] recoil\n|\n|-weather|Snow|[upkeep]\n|-heal|p2a: CHILLY WILLY|49\/100|[from] item: Leftovers\n|-damage|p2a: CHILLY WILLY|37\/100|[from] move: Whirlpool|[partiallytrapped]\n|upkeep\n|turn|81\n|\n|t:|1699126650\n|move|p1a: IRA Pipe Bomb|Rest|p1a: IRA Pipe Bomb\n|-status|p1a: IRA Pipe Bomb|slp|[from] move: Rest\n|-heal|p1a: IRA Pipe Bomb|100\/100 slp|[silent]\n|-activate|p2a: CHILLY WILLY|move: Struggle\n|move|p2a: CHILLY WILLY|Struggle|p1a: IRA Pipe Bomb\n|-crit|p1a: IRA Pipe Bomb\n|-damage|p1a: IRA Pipe Bomb|93\/100 slp\n|-damage|p2a: CHILLY WILLY|12\/100|[from] recoil\n|\n|-weather|Snow|[upkeep]\n|-heal|p2a: CHILLY WILLY|18\/100|[from] item: Leftovers\n|-end|p2a: CHILLY WILLY|Whirlpool|[partiallytrapped]\n|upkeep\n|turn|82\n|\n|t:|1699126663\n|cant|p1a: IRA Pipe Bomb|slp\n|-activate|p2a: CHILLY WILLY|move: Struggle\n|move|p2a: CHILLY WILLY|Struggle|p1a: IRA Pipe Bomb\n|-damage|p1a: IRA Pipe Bomb|90\/100 slp\n|-damage|p2a: CHILLY WILLY|0 fnt|[from] recoil\n|faint|p2a: CHILLY WILLY\n|-end|p2a: CHILLY WILLY|Quark Drive|[silent]\n|\n|win|MagneticMagneton\n|l|\u2606RaptorAttacks\n","uploadtime":1699126677,"views":4,"p1id":"magneticmagneton","p2id":"raptorattacks","formatid":"gen9anythinggoes","rating":0,"private":0,"password":""}