{"id":"gen9anythinggoes-1995146109","p1":"Vivilia7982","p2":"ItzLuukiePoo","format":"[Gen 9] Anything Goes","log":"|j|\u2606Vivilia7982\n|j|\u2606ItzLuukiePoo\n|t:|1700527716\n|gametype|singles\n|player|p1|Vivilia7982|backersf|1159\n|player|p2|ItzLuukiePoo|li|1102\n|teamsize|p1|6\n|teamsize|p2|6\n|gen|9\n|tier|[Gen 9] Anything Goes\n|rated|\n|rule|HP Percentage Mod: HP is shown in percentages\n|rule|Endless Battle Clause: Forcing endless battles is banned\n|clearpoke\n|poke|p1|Toxapex, F|\n|poke|p1|Munkidori, M|\n|poke|p1|Ogerpon-Hearthflame, F|\n|poke|p1|Cryogonal|\n|poke|p1|Kleavor, M|\n|poke|p1|Drifblim, F|\n|poke|p2|Pikachu-Original, M|\n|poke|p2|Ursaluna-Bloodmoon, M|\n|poke|p2|Urshifu-*, F|\n|poke|p2|Farigiraf, M|\n|poke|p2|Gengar, M|\n|poke|p2|Dragapult, F|\n|teampreview\n|\n|t:|1700527730\n|start\n|switch|p1a: Kleavor|Kleavor, M|100\/100\n|switch|p2a: Ursaluna|Ursaluna-Bloodmoon, M|100\/100\n|turn|1\n|\n|t:|1700527743\n|move|p1a: Kleavor|U-turn|p2a: Ursaluna\n|-damage|p2a: Ursaluna|74\/100\n|\n|t:|1700527747\n|switch|p1a: Toxapex|Toxapex, F|100\/100|[from] U-turn\n|move|p2a: Ursaluna|Blood Moon|p1a: Toxapex\n|-damage|p1a: Toxapex|38\/100\n|\n|-heal|p1a: Toxapex|44\/100|[from] item: Black Sludge\n|upkeep\n|turn|2\n|c|\u2606Vivilia7982|I just started playing again\n|c|\u2606Vivilia7982|Wtf is that\n|\n|t:|1700527788\n|move|p1a: Toxapex|Baneful Bunker|p1a: Toxapex\n|-singleturn|p1a: Toxapex|move: Protect\n|move|p2a: Ursaluna|Ice Punch|p1a: Toxapex\n|-activate|p1a: Toxapex|move: Protect\n|-status|p2a: Ursaluna|psn\n|\n|-heal|p1a: Toxapex|50\/100|[from] item: Black Sludge\n|-damage|p2a: Ursaluna|61\/100 psn|[from] psn\n|upkeep\n|turn|3\n|\n|t:|1700527799\n|switch|p1a: Drifblim|Drifblim, F|100\/100\n|move|p2a: Ursaluna|Blood Moon|p1a: Drifblim\n|-damage|p1a: Drifblim|6\/100\n|\n|-damage|p2a: Ursaluna|49\/100 psn|[from] psn\n|upkeep\n|turn|4\n|inactive|Battle timer is ON: inactive players will automatically lose when time's up. (requested by ItzLuukiePoo)\n|\n|t:|1700527827\n|move|p1a: Drifblim|Destiny Bond|p1a: Drifblim\n|-singlemove|p1a: Drifblim|Destiny Bond\n|move|p2a: Ursaluna|Calm Mind|p2a: Ursaluna\n|-boost|p2a: Ursaluna|spa|1\n|-boost|p2a: Ursaluna|spd|1\n|\n|-damage|p2a: Ursaluna|37\/100 psn|[from] psn\n|upkeep\n|turn|5\n|\n|t:|1700527842\n|move|p1a: Drifblim|Haze|p1a: Drifblim\n|-clearallboost\n|move|p2a: Ursaluna|Ice Punch|p1a: Drifblim\n|-supereffective|p1a: Drifblim\n|-damage|p1a: Drifblim|0 fnt\n|faint|p1a: Drifblim\n|\n|-damage|p2a: Ursaluna|24\/100 psn|[from] psn\n|upkeep\n|\n|t:|1700527852\n|switch|p1a: Cryogonal|Cryogonal|100\/100\n|turn|6\n|\n|t:|1700527855\n|move|p1a: Cryogonal|Freeze-Dry|p2a: Ursaluna\n|-supereffective|p2a: Ursaluna\n|-damage|p2a: Ursaluna|0 fnt\n|faint|p2a: Ursaluna\n|\n|upkeep\n|\n|t:|1700527869\n|switch|p2a: Pikachu|Pikachu-Original, M|100\/100\n|turn|7\n|\n|t:|1700527891\n|move|p1a: Cryogonal|Freeze-Dry|p2a: Pikachu\n|-damage|p2a: Pikachu|44\/100\n|move|p2a: Pikachu|Iron Tail|p1a: Cryogonal\n|-supereffective|p1a: Cryogonal\n|-damage|p1a: Cryogonal|0 fnt\n|faint|p1a: Cryogonal\n|\n|upkeep\n|inactive|Vivilia7982 has 120 seconds left.\n|\n|t:|1700527911\n|switch|p1a: Munkidori|Munkidori, M|100\/100\n|turn|8\n|inactive|Vivilia7982 has 120 seconds left.\n|\n|t:|1700527919\n|switch|p2a: Gengar|Gengar, M|100\/100\n|move|p1a: Munkidori|Psychic|p2a: Gengar\n|-supereffective|p2a: Gengar\n|-damage|p2a: Gengar|0 fnt\n|faint|p2a: Gengar\n|\n|upkeep\n|\n|t:|1700527928\n|switch|p2a: Dragapult|Dragapult, F|100\/100\n|turn|9\n|\n|t:|1700527932\n|switch|p1a: Toxapex|Toxapex, F|84\/100\n|move|p2a: Dragapult|Dragon Darts|p1a: Toxapex\n|-damage|p1a: Toxapex|61\/100\n|-anim|p2a: Dragapult|Dragon Darts|p1a: Toxapex\n|-damage|p1a: Toxapex|38\/100\n|\n|-heal|p1a: Toxapex|44\/100|[from] item: Black Sludge\n|upkeep\n|turn|10\n|\n|t:|1700527943\n|move|p1a: Toxapex|Baneful Bunker|p1a: Toxapex\n|-singleturn|p1a: Toxapex|move: Protect\n|move|p2a: Dragapult|Dragon Darts|p1a: Toxapex\n|-activate|p1a: Toxapex|move: Protect\n|\n|-heal|p1a: Toxapex|50\/100|[from] item: Black Sludge\n|upkeep\n|turn|11\n|\n|t:|1700527951\n|move|p2a: Dragapult|Dragon Darts|p1a: Toxapex\n|-damage|p1a: Toxapex|27\/100\n|-anim|p2a: Dragapult|Dragon Darts|p1a: Toxapex\n|-damage|p1a: Toxapex|4\/100\n|move|p1a: Toxapex|Recover|p1a: Toxapex\n|-heal|p1a: Toxapex|54\/100\n|\n|-heal|p1a: Toxapex|61\/100|[from] item: Black Sludge\n|upkeep\n|turn|12\n|\n|t:|1700527961\n|move|p2a: Dragapult|Dragon Darts|p1a: Toxapex\n|-damage|p1a: Toxapex|39\/100\n|-anim|p2a: Dragapult|Dragon Darts|p1a: Toxapex\n|-damage|p1a: Toxapex|18\/100\n|move|p1a: Toxapex|Recover|p1a: Toxapex\n|-heal|p1a: Toxapex|68\/100\n|\n|-heal|p1a: Toxapex|75\/100|[from] item: Black Sludge\n|upkeep\n|turn|13\n|\n|t:|1700527974\n|move|p2a: Dragapult|Dragon Darts|p1a: Toxapex\n|-damage|p1a: Toxapex|53\/100\n|-anim|p2a: Dragapult|Dragon Darts|p1a: Toxapex\n|-damage|p1a: Toxapex|33\/100\n|move|p1a: Toxapex|Chilling Water|p2a: Dragapult\n|-resisted|p2a: Dragapult\n|-damage|p2a: Dragapult|93\/100\n|\n|-heal|p1a: Toxapex|39\/100|[from] item: Black Sludge\n|upkeep\n|turn|14\n|\n|t:|1700527990\n|move|p1a: Toxapex|Baneful Bunker|p1a: Toxapex\n|-singleturn|p1a: Toxapex|move: Protect\n|move|p2a: Dragapult|Dragon Darts|p1a: Toxapex\n|-activate|p1a: Toxapex|move: Protect\n|\n|-heal|p1a: Toxapex|45\/100|[from] item: Black Sludge\n|upkeep\n|turn|15\n|inactive|Vivilia7982 has 120 seconds left.\n|\n|t:|1700528016\n|switch|p1a: Ogerpon|Ogerpon-Hearthflame, F|100\/100\n|-ability|p1a: Ogerpon|Mold Breaker\n|move|p2a: Dragapult|Dragon Darts|p1a: Ogerpon\n|-damage|p1a: Ogerpon|56\/100\n|-anim|p2a: Dragapult|Dragon Darts|p1a: Ogerpon\n|-damage|p1a: Ogerpon|5\/100\n|\n|upkeep\n|turn|16\n|\n|t:|1700528026\n|move|p2a: Dragapult|Dragon Darts|p1a: Ogerpon\n|-damage|p1a: Ogerpon|0 fnt\n|faint|p1a: Ogerpon\n|\n|upkeep\n|\n|t:|1700528028\n|switch|p1a: Kleavor|Kleavor, M|100\/100\n|turn|17\n|\n|t:|1700528033\n|move|p1a: Kleavor|Night Slash|p2a: Dragapult\n|-supereffective|p2a: Dragapult\n|-damage|p2a: Dragapult|0 fnt\n|faint|p2a: Dragapult\n|\n|upkeep\n|\n|t:|1700528047\n|switch|p2a: Urshifu|Urshifu-Rapid-Strike, F|100\/100\n|turn|18\n|\n|t:|1700528055\n|switch|p1a: Toxapex|Toxapex, F|78\/100\n|move|p2a: Urshifu|Close Combat|p1a: Toxapex\n|-resisted|p1a: Toxapex\n|-damage|p1a: Toxapex|56\/100\n|-unboost|p2a: Urshifu|def|1\n|-unboost|p2a: Urshifu|spd|1\n|\n|-heal|p1a: Toxapex|63\/100|[from] item: Black Sludge\n|upkeep\n|turn|19\n|\n|t:|1700528082\n|move|p2a: Urshifu|Acrobatics|p1a: Toxapex\n|-damage|p1a: Toxapex|52\/100\n|move|p1a: Toxapex|Recover|p1a: Toxapex\n|-heal|p1a: Toxapex|100\/100\n|\n|upkeep\n|turn|20\n|\n|t:|1700528089\n|move|p2a: Urshifu|Giga Impact|p1a: Toxapex\n|-damage|p1a: Toxapex|67\/100\n|-mustrecharge|p2a: Urshifu\n|move|p1a: Toxapex|Toxic Spikes|p2a: Urshifu\n|-sidestart|p2: ItzLuukiePoo|move: Toxic Spikes\n|\n|-heal|p1a: Toxapex|73\/100|[from] item: Black Sludge\n|upkeep\n|turn|21\n|\n|t:|1700528100\n|switch|p1a: Munkidori|Munkidori, M|100\/100\n|cant|p2a: Urshifu|recharge\n|\n|upkeep\n|turn|22\n|\n|t:|1700528110\n|move|p1a: Munkidori|Psychic|p2a: Urshifu\n|-supereffective|p2a: Urshifu\n|-damage|p2a: Urshifu|0 fnt\n|faint|p2a: Urshifu\n|\n|upkeep\n|\n|t:|1700528116\n|switch|p2a: Farigiraf|Farigiraf, M|100\/100\n|-status|p2a: Farigiraf|psn\n|turn|23\n|\n|t:|1700528124\n|switch|p1a: Toxapex|Toxapex, F|100\/100\n|move|p2a: Farigiraf|Dazzling Gleam|p1a: Toxapex\n|-resisted|p1a: Toxapex\n|-damage|p1a: Toxapex|92\/100\n|\n|-heal|p1a: Toxapex|99\/100|[from] item: Black Sludge\n|-damage|p2a: Farigiraf|88\/100 psn|[from] psn\n|upkeep\n|turn|24\n|\n|t:|1700528135\n|move|p2a: Farigiraf|Future Sight|p1a: Toxapex\n|-start|p2a: Farigiraf|move: Future Sight\n|move|p1a: Toxapex|Chilling Water|p2a: Farigiraf\n|-damage|p2a: Farigiraf|83\/100 psn\n|-unboost|p2a: Farigiraf|atk|1\n|\n|-heal|p1a: Toxapex|100\/100|[from] item: Black Sludge\n|-damage|p2a: Farigiraf|70\/100 psn|[from] psn\n|upkeep\n|turn|25\n|\n|t:|1700528147\n|move|p2a: Farigiraf|Foul Play|p1a: Toxapex\n|-damage|p1a: Toxapex|93\/100\n|move|p1a: Toxapex|Chilling Water|p2a: Farigiraf\n|-damage|p2a: Farigiraf|65\/100 psn\n|-unboost|p2a: Farigiraf|atk|1\n|\n|-heal|p1a: Toxapex|99\/100|[from] item: Black Sludge\n|-damage|p2a: Farigiraf|53\/100 psn|[from] psn\n|upkeep\n|turn|26\n|\n|t:|1700528161\n|switch|p2a: Pikachu|Pikachu-Original, M|44\/100\n|-status|p2a: Pikachu|psn\n|switch|p1a: Munkidori|Munkidori, M|100\/100\n|\n|-end|p1a: Munkidori|move: Future Sight\n|-damage|p1a: Munkidori|50\/100\n|-damage|p2a: Pikachu|31\/100 psn|[from] psn\n|upkeep\n|turn|27\n|\n|t:|1700528179\n|move|p1a: Munkidori|Venoshock|p2a: Pikachu\n|-damage|p2a: Pikachu|0 fnt\n|faint|p2a: Pikachu\n|\n|upkeep\n|\n|t:|1700528184\n|switch|p2a: Farigiraf|Farigiraf, M|53\/100 psn\n|turn|28\n|\n|t:|1700528191\n|move|p1a: Munkidori|Venoshock|p2a: Farigiraf\n|-damage|p2a: Farigiraf|2\/100 psn\n|move|p2a: Farigiraf|Foul Play|p1a: Munkidori\n|-supereffective|p1a: Munkidori\n|-crit|p1a: Munkidori\n|-damage|p1a: Munkidori|0 fnt\n|faint|p1a: Munkidori\n|\n|-damage|p2a: Farigiraf|0 fnt|[from] psn\n|faint|p2a: Farigiraf\n|\n|win|Vivilia7982\n|upkeep\n|raw|Vivilia7982's rating: 1159 &rarr; <strong>1180<\/strong><br \/>(+21 for winning)\n|raw|ItzLuukiePoo's rating: 1102 &rarr; <strong>1081<\/strong><br \/>(-21 for losing)\n","uploadtime":1700528204,"views":1,"p1id":"vivilia7982","p2id":"itzluukiepoo","formatid":"gen9anythinggoes","rating":1081,"private":0,"password":""}