{"id":"gen9anythinggoes-1973853401","p1":"ejorange","p2":"PrettyMan","format":"[Gen 9] Anything Goes","log":"|j|\u2606ejorange\n|j|\u2606PrettyMan\n|t:|1698020729\n|gametype|singles\n|player|p1|ejorange|scientist-gen4dp|\n|player|p2|PrettyMan|brycenman|\n|teamsize|p1|6\n|teamsize|p2|6\n|gen|9\n|tier|[Gen 9] Anything Goes\n|rule|HP Percentage Mod: HP is shown in percentages\n|rule|Endless Battle Clause: Forcing endless battles is banned\n|clearpoke\n|poke|p1|Gumshoos, M|\n|poke|p1|Skeledirge, M|\n|poke|p1|Kleavor, M|\n|poke|p1|Slowking-Galar, M|\n|poke|p1|Empoleon, M|\n|poke|p1|Baxcalibur, M|\n|poke|p2|Ogerpon-Hearthflame, F|\n|poke|p2|Masquerain, F|\n|poke|p2|Torkoal, F|\n|poke|p2|Dragapult, M|\n|poke|p2|Sandy Shocks|\n|poke|p2|Lilligant, F|\n|teampreview\n|j| Fidget2000\n|c| Fidget2000|its very cute that Eric went with kleavor instead of seizor this go around\n|c|\u2606PrettyMan|it's a great bit\n|c|\u2606PrettyMan|masquerain is my shuckle\n|c|\u2606PrettyMan|but\n|c|\u2606PrettyMan|it's less cute bc there is no shuckle\n|c| Fidget2000|torkoal is also suckle like\n|c| Fidget2000|*shuckle\n|c|\u2606PrettyMan|suckle\n|c|\u2606ejorange|luckle\n|\n|t:|1698021024\n|start\n|switch|p1a: Glaive Rush|Baxcalibur, M|100\/100\n|switch|p2a: Torkoal|Torkoal, F|100\/100\n|-weather|SunnyDay|[from] ability: Drought|[of] p2a: Torkoal\n|turn|1\n|\n|t:|1698021049\n|move|p1a: Glaive Rush|Glaive Rush|p2a: Torkoal\n|-damage|p2a: Torkoal|39\/100\n|-singlemove|p1a: Glaive Rush|Glaive Rush|[silent]\n|move|p2a: Torkoal|Yawn|p1a: Glaive Rush\n|-start|p1a: Glaive Rush|move: Yawn|[of] p2a: Torkoal\n|\n|-weather|SunnyDay|[upkeep]\n|upkeep\n|turn|2\n|\n|t:|1698021065\n|switch|p1a: Rock|Kleavor, M|100\/100\n|switch|p2a: Masquerain|Masquerain, F|100\/100\n|-ability|p2a: Masquerain|Intimidate|boost\n|-unboost|p1a: Rock|atk|1\n|\n|-weather|SunnyDay|[upkeep]\n|upkeep\n|turn|3\n|\n|t:|1698021090\n|switch|p2a: Sandy Shocks|Sandy Shocks|100\/100\n|-activate|p2a: Sandy Shocks|ability: Protosynthesis\n|-start|p2a: Sandy Shocks|protosynthesisspa\n|move|p1a: Rock|Rock Blast|p2a: Sandy Shocks|[miss]\n|-miss|p1a: Rock|p2a: Sandy Shocks\n|\n|-weather|SunnyDay|[upkeep]\n|upkeep\n|turn|4\n|\n|t:|1698021107\n|move|p2a: Sandy Shocks|Volt Switch|p1a: Rock\n|-damage|p1a: Rock|35\/100\n|\n|t:|1698021121\n|-end|p2a: Sandy Shocks|Protosynthesis|[silent]\n|switch|p2a: Masquerain|Masquerain, F|100\/100|[from] Volt Switch\n|-ability|p2a: Masquerain|Intimidate|boost\n|-unboost|p1a: Rock|atk|1\n|move|p1a: Rock|U-turn|p2a: Masquerain\n|-resisted|p2a: Masquerain\n|-damage|p2a: Masquerain|84\/100\n|\n|t:|1698021128\n|switch|p1a: Glaive Rush|Baxcalibur, M|100\/100|[from] U-turn\n|\n|-weather|SunnyDay|[upkeep]\n|upkeep\n|turn|5\n|\n|t:|1698021147\n|-terastallize|p2a: Masquerain|Water\n|move|p1a: Glaive Rush|Icicle Spear|p2a: Masquerain\n|-resisted|p2a: Masquerain\n|-damage|p2a: Masquerain|66\/100\n|-resisted|p2a: Masquerain\n|-crit|p2a: Masquerain\n|-damage|p2a: Masquerain|38\/100\n|-resisted|p2a: Masquerain\n|-damage|p2a: Masquerain|19\/100\n|-resisted|p2a: Masquerain\n|-damage|p2a: Masquerain|1\/100\n|-hitcount|p2a: Masquerain|4\n|move|p2a: Masquerain|Quiver Dance|p2a: Masquerain\n|-boost|p2a: Masquerain|spa|1\n|-boost|p2a: Masquerain|spd|1\n|-boost|p2a: Masquerain|spe|1\n|\n|-weather|SunnyDay|[upkeep]\n|upkeep\n|turn|6\n|\n|t:|1698021191\n|switch|p1a: Skipper|Empoleon, M|100\/100\n|move|p2a: Masquerain|Air Slash|p1a: Skipper\n|-resisted|p1a: Skipper\n|-damage|p1a: Skipper|82\/100\n|\n|-weather|SunnyDay|[upkeep]\n|-heal|p1a: Skipper|88\/100|[from] item: Leftovers\n|upkeep\n|turn|7\n|\n|t:|1698021204\n|move|p2a: Masquerain|Giga Drain|p1a: Skipper\n|-damage|p1a: Skipper|66\/100\n|-heal|p2a: Masquerain|16\/100|[from] drain|[of] p1a: Skipper\n|move|p1a: Skipper|Flip Turn|p2a: Masquerain\n|-resisted|p2a: Masquerain\n|-damage|p2a: Masquerain|8\/100\n|\n|t:|1698021213\n|switch|p1a: Glaive Rush|Baxcalibur, M|100\/100|[from] Flip Turn\n|\n|-weather|SunnyDay|[upkeep]\n|upkeep\n|turn|8\n|\n|t:|1698021221\n|move|p1a: Glaive Rush|Ice Shard|p2a: Masquerain\n|-resisted|p2a: Masquerain\n|-crit|p2a: Masquerain\n|-damage|p2a: Masquerain|0 fnt\n|faint|p2a: Masquerain\n|\n|-weather|none\n|upkeep\n|\n|t:|1698021236\n|switch|p2a: Ogerpon|Ogerpon-Hearthflame, F|100\/100\n|-ability|p2a: Ogerpon|Mold Breaker\n|turn|9\n|\n|t:|1698021241\n|switch|p1a: Charlie|Skeledirge, M|100\/100\n|move|p2a: Ogerpon|Substitute|p2a: Ogerpon\n|-start|p2a: Ogerpon|Substitute\n|-damage|p2a: Ogerpon|76\/100\n|\n|upkeep\n|turn|10\n|\n|t:|1698021245\n|move|p2a: Ogerpon|Knock Off|p1a: Charlie\n|-supereffective|p1a: Charlie\n|-damage|p1a: Charlie|56\/100\n|-enditem|p1a: Charlie|Heavy-Duty Boots|[from] move: Knock Off|[of] p2a: Ogerpon\n|move|p1a: Charlie|Roar|p2a: Ogerpon\n|drag|p2a: Dragapult|Dragapult, M|100\/100\n|\n|upkeep\n|turn|11\n|\n|t:|1698021263\n|switch|p1a: Skipper|Empoleon, M|66\/100\n|move|p2a: Dragapult|Draco Meteor|p1a: Skipper\n|-resisted|p1a: Skipper\n|-damage|p1a: Skipper|39\/100\n|-unboost|p2a: Dragapult|spa|2\n|\n|-heal|p1a: Skipper|45\/100|[from] item: Leftovers\n|upkeep\n|turn|12\n|\n|t:|1698021274\n|switch|p2a: Lilligant|Lilligant, F|100\/100\n|move|p1a: Skipper|Roost|p1a: Skipper\n|-heal|p1a: Skipper|95\/100\n|-singleturn|p1a: Skipper|move: Roost\n|\n|-heal|p1a: Skipper|100\/100|[from] item: Leftovers\n|upkeep\n|turn|13\n|\n|t:|1698021288\n|move|p2a: Lilligant|Substitute|p2a: Lilligant\n|-start|p2a: Lilligant|Substitute\n|-damage|p2a: Lilligant|76\/100\n|move|p1a: Skipper|Flip Turn|p2a: Lilligant\n|-resisted|p2a: Lilligant\n|-crit|p2a: Lilligant\n|-activate|p2a: Lilligant|move: Substitute|[damage]\n|\n|t:|1698021292\n|switch|p1a: Charlie|Skeledirge, M|56\/100|[from] Flip Turn\n|\n|-heal|p2a: Lilligant|82\/100|[from] item: Leftovers\n|upkeep\n|turn|14\n|\n|t:|1698021300\n|move|p2a: Lilligant|Leech Seed|p1a: Charlie\n|-start|p1a: Charlie|move: Leech Seed\n|move|p1a: Charlie|Slack Off|p1a: Charlie\n|-heal|p1a: Charlie|100\/100\n|\n|-heal|p2a: Lilligant|88\/100|[from] item: Leftovers\n|-damage|p1a: Charlie|88\/100|[from] Leech Seed|[of] p2a: Lilligant\n|-heal|p2a: Lilligant|100\/100|[silent]\n|upkeep\n|turn|15\n|\n|t:|1698021306\n|move|p2a: Lilligant|Protect|p2a: Lilligant\n|-singleturn|p2a: Lilligant|Protect\n|move|p1a: Charlie|Roar|p2a: Lilligant\n|drag|p2a: Dragapult|Dragapult, M|100\/100\n|\n|-damage|p1a: Charlie|76\/100|[from] Leech Seed|[of] p2a: Dragapult\n|upkeep\n|turn|16\n|\n|t:|1698021321\n|switch|p1a: Skipper|Empoleon, M|100\/100\n|move|p2a: Dragapult|Shadow Ball|p1a: Skipper\n|-damage|p1a: Skipper|69\/100\n|\n|-heal|p1a: Skipper|75\/100|[from] item: Leftovers\n|upkeep\n|turn|17\n|\n|t:|1698021331\n|switch|p2a: Lilligant|Lilligant, F|100\/100\n|move|p1a: Skipper|Knock Off|p2a: Lilligant\n|-damage|p2a: Lilligant|74\/100\n|-enditem|p2a: Lilligant|Leftovers|[from] move: Knock Off|[of] p1a: Skipper\n|\n|-heal|p1a: Skipper|81\/100|[from] item: Leftovers\n|upkeep\n|turn|18\n|\n|t:|1698021344\n|switch|p2a: Torkoal|Torkoal, F|39\/100\n|-weather|SunnyDay|[from] ability: Drought|[of] p2a: Torkoal\n|move|p1a: Skipper|Flip Turn|p2a: Torkoal\n|-supereffective|p2a: Torkoal\n|-damage|p2a: Torkoal|29\/100\n|\n|t:|1698021350\n|switch|p1a: Rock|Kleavor, M|35\/100|[from] Flip Turn\n|\n|-weather|SunnyDay|[upkeep]\n|upkeep\n|turn|19\n|\n|t:|1698021371\n|move|p1a: Rock|Stone Axe|p2a: Torkoal\n|-supereffective|p2a: Torkoal\n|-damage|p2a: Torkoal|0 fnt\n|-sidestart|p2: PrettyMan|move: Stealth Rock\n|faint|p2a: Torkoal\n|\n|-weather|SunnyDay|[upkeep]\n|upkeep\n|\n|t:|1698021392\n|switch|p2a: Sandy Shocks|Sandy Shocks|100\/100\n|-damage|p2a: Sandy Shocks|94\/100|[from] Stealth Rock\n|-activate|p2a: Sandy Shocks|ability: Protosynthesis\n|-start|p2a: Sandy Shocks|protosynthesisspa\n|turn|20\n|\n|t:|1698021401\n|move|p2a: Sandy Shocks|Earth Power|p1a: Rock\n|-damage|p1a: Rock|0 fnt\n|faint|p1a: Rock\n|\n|-weather|SunnyDay|[upkeep]\n|upkeep\n|\n|t:|1698021420\n|switch|p1a: Jail|Gumshoos, M|100\/100\n|turn|21\n|\n|t:|1698021430\n|move|p2a: Sandy Shocks|Earth Power|p1a: Jail\n|-damage|p1a: Jail|22\/100\n|move|p1a: Jail|Body Slam|p2a: Sandy Shocks\n|-crit|p2a: Sandy Shocks\n|-damage|p2a: Sandy Shocks|0 fnt\n|faint|p2a: Sandy Shocks\n|-end|p2a: Sandy Shocks|Protosynthesis|[silent]\n|\n|-weather|SunnyDay|[upkeep]\n|upkeep\n|\n|t:|1698021468\n|switch|p2a: Ogerpon|Ogerpon-Hearthflame, F|76\/100\n|-damage|p2a: Ogerpon|51\/100|[from] Stealth Rock\n|-ability|p2a: Ogerpon|Mold Breaker\n|turn|22\n|\n|t:|1698021475\n|switch|p1a: Charlie|Skeledirge, M|76\/100\n|move|p2a: Ogerpon|Ivy Cudgel|p1a: Charlie\n|-resisted|p1a: Charlie\n|-damage|p1a: Charlie|50\/100\n|\n|-weather|SunnyDay|[upkeep]\n|upkeep\n|turn|23\n|\n|t:|1698021499\n|move|p2a: Ogerpon|U-turn|p1a: Charlie\n|-resisted|p1a: Charlie\n|-damage|p1a: Charlie|46\/100\n|\n|t:|1698021502\n|switch|p2a: Dragapult|Dragapult, M|100\/100|[from] U-turn\n|-damage|p2a: Dragapult|88\/100|[from] Stealth Rock\n|move|p1a: Charlie|Slack Off|p1a: Charlie\n|-heal|p1a: Charlie|96\/100\n|\n|-weather|SunnyDay|[upkeep]\n|upkeep\n|turn|24\n|\n|t:|1698021512\n|switch|p1a: Skipper|Empoleon, M|81\/100\n|move|p2a: Dragapult|Shadow Ball|p1a: Skipper\n|-damage|p1a: Skipper|46\/100\n|-unboost|p1a: Skipper|spd|1\n|\n|-weather|SunnyDay|[upkeep]\n|-heal|p1a: Skipper|52\/100|[from] item: Leftovers\n|upkeep\n|turn|25\n|j| Plozz\n|\n|t:|1698021539\n|switch|p1a: Jail|Gumshoos, M|22\/100\n|move|p2a: Dragapult|Shadow Ball|p1a: Jail\n|-immune|p1a: Jail\n|\n|-weather|none\n|upkeep\n|turn|26\n|\n|t:|1698021554\n|switch|p2a: Lilligant|Lilligant, F|74\/100\n|-damage|p2a: Lilligant|62\/100|[from] Stealth Rock\n|-terastallize|p1a: Jail|Normal\n|move|p1a: Jail|Body Slam|p2a: Lilligant\n|-damage|p2a: Lilligant|0 fnt\n|faint|p2a: Lilligant\n|\n|upkeep\n|\n|t:|1698021595\n|switch|p2a: Ogerpon|Ogerpon-Hearthflame, F|51\/100\n|-damage|p2a: Ogerpon|26\/100|[from] Stealth Rock\n|-ability|p2a: Ogerpon|Mold Breaker\n|turn|27\n|\n|t:|1698021601\n|switch|p1a: Charlie|Skeledirge, M|96\/100\n|move|p2a: Ogerpon|Ivy Cudgel|p1a: Charlie\n|-resisted|p1a: Charlie\n|-damage|p1a: Charlie|79\/100\n|\n|upkeep\n|turn|28\n|\n|t:|1698021619\n|move|p2a: Ogerpon|Knock Off|p1a: Charlie\n|-supereffective|p1a: Charlie\n|-damage|p1a: Charlie|51\/100\n|move|p1a: Charlie|Torch Song|p2a: Ogerpon\n|-damage|p2a: Ogerpon|0 fnt\n|-boost|p1a: Charlie|spa|1\n|faint|p2a: Ogerpon\n|\n|upkeep\n|\n|t:|1698021621\n|switch|p2a: Dragapult|Dragapult, M|88\/100\n|-damage|p2a: Dragapult|76\/100|[from] Stealth Rock\n|turn|29\n|\n|t:|1698021654\n|move|p2a: Dragapult|Draco Meteor|p1a: Charlie\n|-damage|p1a: Charlie|0 fnt\n|-unboost|p2a: Dragapult|spa|2\n|faint|p1a: Charlie\n|\n|upkeep\n|\n|t:|1698021663\n|switch|p1a: Toxic Thoughts|Slowking-Galar, M|100\/100\n|turn|30\n|\n|t:|1698021681\n|move|p2a: Dragapult|Draco Meteor|p1a: Toxic Thoughts\n|-damage|p1a: Toxic Thoughts|76\/100\n|-unboost|p2a: Dragapult|spa|2\n|move|p1a: Toxic Thoughts|Foul Play|p2a: Dragapult\n|-supereffective|p2a: Dragapult\n|-damage|p2a: Dragapult|14\/100\n|\n|upkeep\n|turn|31\n|\n|t:|1698021689\n|move|p2a: Dragapult|Draco Meteor|p1a: Toxic Thoughts\n|-damage|p1a: Toxic Thoughts|60\/100\n|-unboost|p2a: Dragapult|spa|2\n|move|p1a: Toxic Thoughts|Foul Play|p2a: Dragapult\n|-supereffective|p2a: Dragapult\n|-damage|p2a: Dragapult|0 fnt\n|faint|p2a: Dragapult\n|\n|win|ejorange\n","uploadtime":1698021843,"views":19,"p1id":"ejorange","p2id":"prettyman","formatid":"gen9anythinggoes","rating":0,"private":0,"password":""}