{"id":"gen9anythinggoes-1978287902","p1":"YoungEsq","p2":"NightShade505","format":"[Gen 9] Anything Goes","log":"|j|\u2606YoungEsq\n|j|\u2606NightShade505\n|t:|1698521188\n|gametype|singles\n|player|p1|YoungEsq|101|1460\n|player|p2|NightShade505|winona-gen6|1530\n|teamsize|p1|6\n|teamsize|p2|6\n|gen|9\n|tier|[Gen 9] Anything Goes\n|rated|\n|rule|HP Percentage Mod: HP is shown in percentages\n|rule|Endless Battle Clause: Forcing endless battles is banned\n|clearpoke\n|poke|p1|Ting-Lu|\n|poke|p1|Gholdengo|\n|poke|p1|Roaring Moon|\n|poke|p1|Chi-Yu|\n|poke|p1|Samurott-Hisui, F|\n|poke|p1|Mandibuzz, F|\n|poke|p2|Calyrex-Shadow|\n|poke|p2|Arceus|\n|poke|p2|Sneasler, M|\n|poke|p2|Shaymin-Sky|\n|poke|p2|Volbeat, M|\n|poke|p2|Koraidon|\n|teampreview\n|inactive|Battle timer is ON: inactive players will automatically lose when time's up. (requested by NightShade505)\n|\n|t:|1698521196\n|start\n|switch|p1a: Ting-Lu|Ting-Lu|100\/100\n|switch|p2a: Volbeat|Volbeat, M|100\/100\n|-ability|p1a: Ting-Lu|Vessel of Ruin\n|turn|1\n|\n|t:|1698521206\n|move|p2a: Volbeat|Tail Glow|p2a: Volbeat\n|-boost|p2a: Volbeat|spa|3\n|move|p1a: Ting-Lu|Stealth Rock|p2a: Volbeat\n|-sidestart|p2: NightShade505|move: Stealth Rock\n|\n|upkeep\n|turn|2\n|\n|t:|1698521213\n|move|p2a: Volbeat|Encore|p1a: Ting-Lu\n|-hint|Since gen 7, Dark is immune to Prankster moves.\n|-immune|p1a: Ting-Lu\n|move|p1a: Ting-Lu|Whirlwind|p2a: Volbeat\n|drag|p2a: Shaymin|Shaymin-Sky|100\/100\n|-damage|p2a: Shaymin|76\/100|[from] Stealth Rock\n|\n|upkeep\n|turn|3\n|\n|t:|1698521222\n|move|p2a: Shaymin|Air Slash|p1a: Ting-Lu\n|-damage|p1a: Ting-Lu|86\/100\n|cant|p1a: Ting-Lu|flinch\n|\n|-heal|p1a: Ting-Lu|93\/100|[from] item: Leftovers\n|upkeep\n|turn|4\n|\n|t:|1698521229\n|move|p2a: Shaymin|Air Slash|p1a: Ting-Lu\n|-damage|p1a: Ting-Lu|78\/100\n|cant|p1a: Ting-Lu|flinch\n|\n|-heal|p1a: Ting-Lu|84\/100|[from] item: Leftovers\n|upkeep\n|turn|5\n|\n|t:|1698521233\n|move|p2a: Shaymin|Air Slash|p1a: Ting-Lu\n|-damage|p1a: Ting-Lu|69\/100\n|cant|p1a: Ting-Lu|flinch\n|\n|-heal|p1a: Ting-Lu|75\/100|[from] item: Leftovers\n|upkeep\n|turn|6\n|\n|t:|1698521241\n|move|p2a: Shaymin|Air Slash|p1a: Ting-Lu\n|-damage|p1a: Ting-Lu|60\/100\n|cant|p1a: Ting-Lu|flinch\n|\n|-heal|p1a: Ting-Lu|66\/100|[from] item: Leftovers\n|upkeep\n|turn|7\n|\n|t:|1698521252\n|switch|p1a: Mandibuzz|Mandibuzz, F|100\/100\n|move|p2a: Shaymin|Air Slash|p1a: Mandibuzz\n|-damage|p1a: Mandibuzz|79\/100\n|\n|upkeep\n|turn|8\n|\n|t:|1698521261\n|move|p2a: Shaymin|Air Slash|p1a: Mandibuzz\n|-damage|p1a: Mandibuzz|57\/100\n|move|p1a: Mandibuzz|Toxic|p2a: Shaymin\n|-status|p2a: Shaymin|tox\n|\n|-damage|p2a: Shaymin|70\/100 tox|[from] psn\n|upkeep\n|turn|9\n|\n|t:|1698521269\n|move|p2a: Shaymin|Air Slash|p1a: Mandibuzz\n|-damage|p1a: Mandibuzz|34\/100\n|move|p1a: Mandibuzz|Roost|p1a: Mandibuzz\n|-heal|p1a: Mandibuzz|84\/100\n|-singleturn|p1a: Mandibuzz|move: Roost\n|\n|-damage|p2a: Shaymin|57\/100 tox|[from] psn\n|upkeep\n|turn|10\n|\n|t:|1698521288\n|move|p2a: Shaymin|Air Slash|p1a: Mandibuzz\n|-damage|p1a: Mandibuzz|60\/100\n|cant|p1a: Mandibuzz|flinch\n|\n|-damage|p2a: Shaymin|39\/100 tox|[from] psn\n|upkeep\n|turn|11\n|\n|t:|1698521292\n|move|p2a: Shaymin|Air Slash|p1a: Mandibuzz\n|-damage|p1a: Mandibuzz|40\/100\n|move|p1a: Mandibuzz|Roost|p1a: Mandibuzz\n|-heal|p1a: Mandibuzz|90\/100\n|-singleturn|p1a: Mandibuzz|move: Roost\n|\n|-damage|p2a: Shaymin|14\/100 tox|[from] psn\n|upkeep\n|turn|12\n|\n|t:|1698521303\n|move|p2a: Shaymin|Air Slash|p1a: Mandibuzz\n|-damage|p1a: Mandibuzz|68\/100\n|move|p1a: Mandibuzz|Foul Play|p2a: Shaymin\n|-damage|p2a: Shaymin|0 fnt\n|faint|p2a: Shaymin\n|\n|upkeep\n|\n|t:|1698521306\n|switch|p2a: Volbeat|Volbeat, M|100\/100\n|-damage|p2a: Volbeat|76\/100|[from] Stealth Rock\n|turn|13\n|\n|t:|1698521317\n|move|p2a: Volbeat|Tail Glow|p2a: Volbeat\n|-boost|p2a: Volbeat|spa|3\n|move|p1a: Mandibuzz|Toxic|p2a: Volbeat\n|-status|p2a: Volbeat|tox\n|\n|-damage|p2a: Volbeat|70\/100 tox|[from] psn\n|upkeep\n|turn|14\n|\n|t:|1698521325\n|switch|p1a: Ting-Lu|Ting-Lu|66\/100\n|-ability|p1a: Ting-Lu|Vessel of Ruin\n|move|p2a: Volbeat|Tail Glow|p2a: Volbeat\n|-boost|p2a: Volbeat|spa|3\n|\n|-heal|p1a: Ting-Lu|73\/100|[from] item: Leftovers\n|-damage|p2a: Volbeat|58\/100 tox|[from] psn\n|upkeep\n|turn|15\n|\n|t:|1698521335\n|move|p2a: Volbeat|Baton Pass|p2a: Volbeat\n|\n|t:|1698521337\n|switch|p2a: Calyrex|Calyrex-Shadow|100\/100|[from] Baton Pass\n|-ability|p2a: Calyrex|As One\n|-ability|p2a: Calyrex|Unnerve\n|-damage|p2a: Calyrex|88\/100|[from] Stealth Rock\n|move|p1a: Ting-Lu|Whirlwind|p2a: Calyrex\n|drag|p2a: Volbeat|Volbeat, M|58\/100 tox\n|-damage|p2a: Volbeat|33\/100 tox|[from] Stealth Rock\n|\n|-heal|p1a: Ting-Lu|79\/100|[from] item: Leftovers\n|-damage|p2a: Volbeat|27\/100 tox|[from] psn\n|upkeep\n|turn|16\n|c|\u2606NightShade505|another staller\n|\n|t:|1698521352\n|move|p2a: Volbeat|Confuse Ray|p1a: Ting-Lu\n|-hint|Since gen 7, Dark is immune to Prankster moves.\n|-immune|p1a: Ting-Lu\n|move|p1a: Ting-Lu|Earthquake|p2a: Volbeat\n|-resisted|p2a: Volbeat\n|-damage|p2a: Volbeat|0 fnt\n|faint|p2a: Volbeat\n|\n|-heal|p1a: Ting-Lu|85\/100|[from] item: Leftovers\n|upkeep\n|c|\u2606NightShade505|i dont got time for this\n|-message|NightShade505 forfeited.\n|\n|win|YoungEsq\n|raw|YoungEsq's rating: 1460 &rarr; <strong>1484<\/strong><br \/>(+24 for winning)\n|raw|NightShade505's rating: 1530 &rarr; <strong>1506<\/strong><br \/>(-24 for losing)\n|l|\u2606NightShade505\n","uploadtime":1698521362,"views":7,"p1id":"youngesq","p2id":"nightshade505","formatid":"gen9anythinggoes","rating":1484,"private":0,"password":""}