{"id":"gen9anythinggoes-1972745054","p1":"Sargenbob","p2":"torisatomato22","format":"[Gen 9] Anything Goes","log":"|j|\u2606Sargenbob\n|j|\u2606torisatomato22\n|t:|1697888609\n|gametype|singles\n|player|p1|Sargenbob|red|1134\n|player|p2|torisatomato22|parasollady|1083\n|teamsize|p1|6\n|teamsize|p2|6\n|gen|9\n|tier|[Gen 9] Anything Goes\n|rated|\n|rule|HP Percentage Mod: HP is shown in percentages\n|rule|Endless Battle Clause: Forcing endless battles is banned\n|clearpoke\n|poke|p1|Maushold-Four|\n|poke|p1|Maushold-Four|\n|poke|p1|Maushold-Four|\n|poke|p1|Maushold-Four|\n|poke|p1|Maushold-Four|\n|poke|p1|Maushold-Four|\n|poke|p2|Bellibolt, F|\n|poke|p2|Gumshoos, M|\n|poke|p2|Umbreon, M|\n|poke|p2|Chandelure, F|\n|poke|p2|Iron Moth|\n|poke|p2|Glimmora, M|\n|teampreview\n|inactive|Battle timer is ON: inactive players will automatically lose when time's up. (requested by Sargenbob)\n|c|\u2606torisatomato22|NOT AGAIN!\n|\n|t:|1697888626\n|start\n|switch|p1a: Mickey|Maushold-Four|100\/100\n|switch|p2a: Chandelure|Chandelure, F, shiny|100\/100\n|turn|1\n|c|\u2606Sargenbob|wdym not again?\n|\n|t:|1697888635\n|move|p1a: Mickey|Tidy Up|p1a: Mickey\n|-boost|p1a: Mickey|atk|1\n|-boost|p1a: Mickey|spe|1\n|move|p2a: Chandelure|Heat Wave|p1a: Mickey\n|-damage|p1a: Mickey|36\/100\n|\n|upkeep\n|turn|2\n|c|\u2606torisatomato22|i had someone else do this to me\n|c|\u2606Sargenbob|I see...\n|c|\u2606torisatomato22|no population bomb plz\n|\n|t:|1697888657\n|move|p1a: Mickey|Crunch|p2a: Chandelure\n|-supereffective|p2a: Chandelure\n|-damage|p2a: Chandelure|32\/100\n|move|p2a: Chandelure|Overheat|p1a: Mickey\n|-damage|p1a: Mickey|0 fnt\n|-unboost|p2a: Chandelure|spa|2\n|faint|p1a: Mickey\n|\n|upkeep\n|\n|t:|1697888661\n|switch|p1a: Steve|Maushold-Four|100\/100\n|turn|3\n|c|\u2606Sargenbob|dw\n|\n|t:|1697888666\n|move|p1a: Steve|Crunch|p2a: Chandelure\n|-supereffective|p2a: Chandelure\n|-damage|p2a: Chandelure|0 fnt\n|faint|p2a: Chandelure\n|\n|upkeep\n|c|\u2606Sargenbob|I don't have that\n|c|\u2606torisatomato22|you dont have it?\n|\n|t:|1697888679\n|switch|p2a: Bellibolt|Bellibolt, F|100\/100\n|turn|4\n|c|\u2606Sargenbob|nope\n|c|\u2606torisatomato22|THANK GOD\n|\n|t:|1697888691\n|move|p1a: Steve|Population Bomb|p2a: Bellibolt\n|-damage|p2a: Bellibolt|93\/100\n|-damage|p2a: Bellibolt|85\/100\n|-crit|p2a: Bellibolt\n|-damage|p2a: Bellibolt|73\/100\n|-status|p1a: Steve|par|[from] ability: Static|[of] p2a: Bellibolt\n|-damage|p2a: Bellibolt|65\/100\n|-damage|p2a: Bellibolt|56\/100\n|-damage|p2a: Bellibolt|48\/100\n|-damage|p2a: Bellibolt|41\/100\n|-damage|p2a: Bellibolt|32\/100\n|-damage|p2a: Bellibolt|24\/100\n|-damage|p2a: Bellibolt|15\/100\n|-hitcount|p2a: Bellibolt|10\n|move|p2a: Bellibolt|Discharge|p1a: Steve\n|-damage|p1a: Steve|58\/100 par\n|\n|upkeep\n|turn|5\n|c|\u2606Sargenbob|oops, misclick\n|c|\u2606Sargenbob|my bad\n|\n|t:|1697888713\n|move|p1a: Steve|Population Bomb|p2a: Bellibolt\n|-damage|p2a: Bellibolt|7\/100\n|-damage|p2a: Bellibolt|0 fnt\n|faint|p2a: Bellibolt\n|-hitcount|p2: Bellibolt|2\n|\n|upkeep\n|\n|t:|1697888721\n|switch|p2a: Gumshoos|Gumshoos, M, shiny|100\/100\n|turn|6\n|c|\u2606Sargenbob|yo nice weasel\n|\n|t:|1697888735\n|move|p1a: Steve|Population Bomb|p2a: Gumshoos\n|-damage|p2a: Gumshoos|88\/100\n|-damage|p2a: Gumshoos|77\/100\n|-damage|p2a: Gumshoos|65\/100\n|-damage|p2a: Gumshoos|53\/100\n|-damage|p2a: Gumshoos|41\/100\n|-damage|p2a: Gumshoos|29\/100\n|-damage|p2a: Gumshoos|17\/100\n|-damage|p2a: Gumshoos|5\/100\n|-damage|p2a: Gumshoos|0 fnt\n|faint|p2a: Gumshoos\n|-hitcount|p2: Gumshoos|9\n|\n|upkeep\n|c|\u2606torisatomato22|Thanks\n|inactive|torisatomato22 has 120 seconds left.\n|\n|t:|1697888750\n|switch|p2a: Glimmora|Glimmora, M|100\/100\n|turn|7\n|\n|t:|1697888753\n|move|p2a: Glimmora|Stealth Rock|p1a: Steve\n|-sidestart|p1: Sargenbob|move: Stealth Rock\n|move|p1a: Steve|Population Bomb|p2a: Glimmora\n|-resisted|p2a: Glimmora\n|-damage|p2a: Glimmora|95\/100\n|-activate|p2a: Glimmora|ability: Toxic Debris\n|-sidestart|p1: Sargenbob|move: Toxic Spikes\n|-resisted|p2a: Glimmora\n|-damage|p2a: Glimmora|90\/100\n|-activate|p2a: Glimmora|ability: Toxic Debris\n|-sidestart|p1: Sargenbob|move: Toxic Spikes\n|-resisted|p2a: Glimmora\n|-damage|p2a: Glimmora|85\/100\n|-resisted|p2a: Glimmora\n|-damage|p2a: Glimmora|80\/100\n|-resisted|p2a: Glimmora\n|-damage|p2a: Glimmora|74\/100\n|-resisted|p2a: Glimmora\n|-damage|p2a: Glimmora|69\/100\n|-resisted|p2a: Glimmora\n|-damage|p2a: Glimmora|64\/100\n|-resisted|p2a: Glimmora\n|-damage|p2a: Glimmora|58\/100\n|-resisted|p2a: Glimmora\n|-damage|p2a: Glimmora|53\/100\n|-resisted|p2a: Glimmora\n|-crit|p2a: Glimmora\n|-damage|p2a: Glimmora|45\/100\n|-hitcount|p2a: Glimmora|10\n|\n|upkeep\n|turn|8\n|c|\u2606Sargenbob|this is nothing personal I swear\n|c|\u2606torisatomato22|its all good\n|c|\u2606torisatomato22|it happens\n|inactive|torisatomato22 has 120 seconds left.\n|c|\u2606Sargenbob|I just like mice\n|\n|t:|1697888777\n|move|p2a: Glimmora|Power Gem|p1a: Steve\n|-damage|p1a: Steve|4\/100 par\n|cant|p1a: Steve|par\n|\n|upkeep\n|turn|9\n|\n|t:|1697888782\n|move|p2a: Glimmora|Energy Ball|p1a: Steve\n|-damage|p1a: Steve|0 fnt\n|faint|p1a: Steve\n|\n|upkeep\n|\n|t:|1697888785\n|switch|p1a: Jon|Maushold-Four|100\/100\n|-damage|p1a: Jon|88\/100|[from] Stealth Rock\n|-status|p1a: Jon|tox\n|turn|10\n|\n|t:|1697888791\n|move|p2a: Glimmora|Power Gem|p1a: Jon\n|-damage|p1a: Jon|36\/100 tox\n|move|p1a: Jon|Tidy Up|p1a: Jon\n|-sideend|p1: Sargenbob|Toxic Spikes\n|-sideend|p1: Sargenbob|Stealth Rock\n|-activate|p1a: Jon|move: Tidy Up\n|-boost|p1a: Jon|atk|1\n|-boost|p1a: Jon|spe|1\n|\n|-damage|p1a: Jon|30\/100 tox|[from] psn\n|upkeep\n|turn|11\n|\n|t:|1697888801\n|move|p1a: Jon|Population Bomb|p2a: Glimmora\n|-resisted|p2a: Glimmora\n|-crit|p2a: Glimmora\n|-damage|p2a: Glimmora|32\/100\n|-activate|p2a: Glimmora|ability: Toxic Debris\n|-sidestart|p1: Sargenbob|move: Toxic Spikes\n|-resisted|p2a: Glimmora\n|-damage|p2a: Glimmora|24\/100\n|-activate|p2a: Glimmora|ability: Toxic Debris\n|-sidestart|p1: Sargenbob|move: Toxic Spikes\n|-resisted|p2a: Glimmora\n|-damage|p2a: Glimmora|16\/100\n|-resisted|p2a: Glimmora\n|-damage|p2a: Glimmora|8\/100\n|-resisted|p2a: Glimmora\n|-damage|p2a: Glimmora|0 fnt\n|faint|p2a: Glimmora\n|-hitcount|p2: Glimmora|5\n|\n|-damage|p1a: Jon|18\/100 tox|[from] psn\n|upkeep\n|\n|t:|1697888817\n|switch|p2a: Iron Moth|Iron Moth|100\/100\n|-enditem|p2a: Iron Moth|Booster Energy\n|-activate|p2a: Iron Moth|ability: Quark Drive|[fromitem]\n|-start|p2a: Iron Moth|quarkdrivespa\n|turn|12\n|\n|t:|1697888836\n|move|p1a: Jon|Population Bomb|p2a: Iron Moth\n|-damage|p2a: Iron Moth|76\/100\n|-damage|p2a: Iron Moth|52\/100\n|-damage|p2a: Iron Moth|25\/100\n|-damage|p2a: Iron Moth|0 fnt\n|faint|p2a: Iron Moth\n|-end|p2a: Iron Moth|Quark Drive|[silent]\n|-hitcount|p2: Iron Moth|4\n|\n|-damage|p1a: Jon|0 fnt|[from] psn\n|faint|p1a: Jon\n|upkeep\n|c|\u2606Sargenbob|Iron Moth is pretty underrated\n|c|\u2606torisatomato22|do not hurt umbreon\n|\n|t:|1697888849\n|switch|p2a: Umbreon|Umbreon, M|100\/100\n|switch|p1a: Anthony|Maushold-Four|100\/100\n|-status|p1a: Anthony|tox\n|turn|13\n|c|\u2606Sargenbob|cute cat\n|c|\u2606torisatomato22|2nd favourite eeveelution\n|inactive|torisatomato22 has 120 seconds left.\n|\n|t:|1697888865\n|move|p1a: Anthony|Tidy Up|p1a: Anthony\n|-sideend|p1: Sargenbob|Toxic Spikes\n|-activate|p1a: Anthony|move: Tidy Up\n|-boost|p1a: Anthony|atk|1\n|-boost|p1a: Anthony|spe|1\n|move|p2a: Umbreon|Crunch|p1a: Anthony\n|-damage|p1a: Anthony|48\/100 tox\n|\n|-damage|p1a: Anthony|42\/100 tox|[from] psn\n|upkeep\n|turn|14\n|c|\u2606Sargenbob|slay\n|\n|t:|1697888873\n|move|p1a: Anthony|Population Bomb|p2a: Umbreon\n|-damage|p2a: Umbreon|90\/100\n|-damage|p2a: Umbreon|79\/100\n|-crit|p2a: Umbreon\n|-damage|p2a: Umbreon|64\/100\n|-damage|p2a: Umbreon|53\/100\n|-damage|p2a: Umbreon|42\/100\n|-damage|p2a: Umbreon|30\/100\n|-damage|p2a: Umbreon|19\/100\n|-damage|p2a: Umbreon|8\/100\n|-damage|p2a: Umbreon|0 fnt\n|faint|p2a: Umbreon\n|-hitcount|p2: Umbreon|9\n|\n|win|Sargenbob\n|raw|Sargenbob's rating: 1134 &rarr; <strong>1155<\/strong><br \/>(+21 for winning)\n|raw|torisatomato22's rating: 1083 &rarr; <strong>1064<\/strong><br \/>(-19 for losing)\n|c|\u2606Sargenbob|W Rizz\n|c|\u2606torisatomato22|ggs\n|c|\u2606Sargenbob|gg\n|c|\u2606Sargenbob|u rock\n","uploadtime":1697888893,"views":11,"p1id":"sargenbob","p2id":"torisatomato22","formatid":"gen9anythinggoes","rating":1064,"private":0,"password":""}