{"id":"gen9anythinggoes-1990609140","p1":"Kirbyg23","p2":"ieatchalk","format":"[Gen 9] Anything Goes","log":"|j|\u2606Kirbyg23\n|j|\u2606ieatchalk\n|t:|1699985429\n|gametype|singles\n|player|p1|Kirbyg23|169|\n|player|p2|ieatchalk|wallace|\n|teamsize|p1|6\n|teamsize|p2|6\n|gen|9\n|tier|[Gen 9] Anything Goes\n|rule|HP Percentage Mod: HP is shown in percentages\n|rule|Endless Battle Clause: Forcing endless battles is banned\n|clearpoke\n|poke|p1|Toxapex, F|\n|poke|p1|Dragapult, F|\n|poke|p1|Thundurus-Therian, M|\n|poke|p1|Torterra, F|\n|poke|p1|Tyranitar, F|\n|poke|p1|Kingambit, M|\n|poke|p2|Okidogi, M|\n|poke|p2|Cinderace, F|\n|poke|p2|Baxcalibur, M|\n|poke|p2|Raichu-Alola, F|\n|poke|p2|Hatterene, F|\n|poke|p2|Shiftry, M|\n|teampreview\n|\n|t:|1699985462\n|start\n|switch|p1a: Thundurus|Thundurus-Therian, M|100\/100\n|switch|p2a: DogInHim|Okidogi, M|100\/100\n|turn|1\n|\n|t:|1699985476\n|move|p1a: Thundurus|Volt Switch|p2a: DogInHim\n|-crit|p2a: DogInHim\n|-damage|p2a: DogInHim|69\/100\n|\n|t:|1699985483\n|switch|p1a: Toxapex|Toxapex, F|100\/100|[from] Volt Switch\n|move|p2a: DogInHim|Ice Punch|p1a: Toxapex\n|-resisted|p1a: Toxapex\n|-damage|p1a: Toxapex|92\/100\n|\n|-heal|p1a: Toxapex|99\/100|[from] item: Black Sludge\n|upkeep\n|turn|2\n|\n|t:|1699985494\n|switch|p2a: Hatterene|Hatterene, F|100\/100\n|move|p1a: Toxapex|Infestation|p2a: Hatterene\n|-damage|p2a: Hatterene|98\/100\n|-activate|p2a: Hatterene|move: Infestation|[of] p1a: Toxapex\n|\n|-heal|p1a: Toxapex|100\/100|[from] item: Black Sludge\n|-damage|p2a: Hatterene|85\/100|[from] move: Infestation|[partiallytrapped]\n|upkeep\n|turn|3\n|\n|t:|1699985520\n|move|p1a: Toxapex|Ice Beam|p2a: Hatterene\n|-damage|p2a: Hatterene|73\/100\n|move|p2a: Hatterene|Trick|p1a: Toxapex\n|-activate|p2a: Hatterene|move: Trick|[of] p1a: Toxapex\n|-item|p1a: Toxapex|Choice Specs|[from] move: Trick\n|-item|p2a: Hatterene|Black Sludge|[from] move: Trick\n|\n|-damage|p2a: Hatterene|61\/100|[from] item: Black Sludge\n|-damage|p2a: Hatterene|49\/100|[from] move: Infestation|[partiallytrapped]\n|upkeep\n|turn|4\n|\n|t:|1699985539\n|move|p1a: Toxapex|Ice Beam|p2a: Hatterene\n|-crit|p2a: Hatterene\n|-damage|p2a: Hatterene|17\/100\n|move|p2a: Hatterene|Psychic|p1a: Toxapex\n|-supereffective|p1a: Toxapex\n|-damage|p1a: Toxapex|16\/100\n|\n|-damage|p2a: Hatterene|4\/100|[from] item: Black Sludge\n|-damage|p2a: Hatterene|0 fnt|[from] move: Infestation|[partiallytrapped]\n|faint|p2a: Hatterene\n|upkeep\n|\n|t:|1699985546\n|switch|p2a: Raichu|Raichu-Alola, F|100\/100\n|turn|5\n|\n|t:|1699985557\n|switch|p1a: Thundurus|Thundurus-Therian, M|100\/100\n|move|p2a: Raichu|Calm Mind|p2a: Raichu\n|-boost|p2a: Raichu|spa|1\n|-boost|p2a: Raichu|spd|1\n|\n|upkeep\n|turn|6\n|\n|t:|1699985574\n|move|p1a: Thundurus|Dark Pulse|p2a: Raichu\n|-supereffective|p2a: Raichu\n|-damage|p2a: Raichu|45\/100\n|move|p2a: Raichu|Surf|p1a: Thundurus\n|-damage|p1a: Thundurus|33\/100\n|-damage|p2a: Raichu|35\/100|[from] item: Life Orb\n|\n|upkeep\n|turn|7\n|\n|t:|1699985598\n|switch|p2a: DogInHim|Okidogi, M|69\/100\n|move|p1a: Thundurus|Dark Pulse|p2a: DogInHim\n|-resisted|p2a: DogInHim\n|-damage|p2a: DogInHim|60\/100\n|\n|upkeep\n|turn|8\n|\n|t:|1699985610\n|switch|p1a: Toxapex|Toxapex, F|49\/100\n|move|p2a: DogInHim|Knock Off|p1a: Toxapex\n|-damage|p1a: Toxapex|28\/100\n|-enditem|p1a: Toxapex|Choice Specs|[from] move: Knock Off|[of] p2a: DogInHim\n|\n|upkeep\n|turn|9\n|\n|t:|1699985637\n|switch|p2a: Raichu|Raichu-Alola, F|35\/100\n|switch|p1a: Thundurus|Thundurus-Therian, M|33\/100\n|\n|upkeep\n|turn|10\n|\n|t:|1699985660\n|move|p1a: Thundurus|Dark Pulse|p2a: Raichu\n|-supereffective|p2a: Raichu\n|-crit|p2a: Raichu\n|-damage|p2a: Raichu|0 fnt\n|faint|p2a: Raichu\n|\n|upkeep\n|\n|t:|1699985663\n|switch|p2a: Baxcalibur|Baxcalibur, M|100\/100\n|turn|11\n|\n|t:|1699985713\n|switch|p1a: Toxapex|Toxapex, F|61\/100\n|move|p2a: Baxcalibur|Dragon Dance|p2a: Baxcalibur\n|-boost|p2a: Baxcalibur|atk|1\n|-boost|p2a: Baxcalibur|spe|1\n|\n|upkeep\n|turn|12\n|\n|t:|1699985729\n|move|p2a: Baxcalibur|Glaive Rush|p1a: Toxapex\n|-damage|p1a: Toxapex|0 fnt\n|-singlemove|p2a: Baxcalibur|Glaive Rush|[silent]\n|faint|p1a: Toxapex\n|-damage|p2a: Baxcalibur|91\/100|[from] item: Life Orb\n|\n|upkeep\n|\n|t:|1699985751\n|switch|p1a: Thundurus|Thundurus-Therian, M|33\/100\n|turn|13\n|\n|t:|1699985758\n|move|p2a: Baxcalibur|Ice Shard|p1a: Thundurus\n|-supereffective|p1a: Thundurus\n|-damage|p1a: Thundurus|0 fnt\n|faint|p1a: Thundurus\n|-damage|p2a: Baxcalibur|81\/100|[from] item: Life Orb\n|\n|upkeep\n|\n|t:|1699985814\n|switch|p1a: Torterra|Torterra, F|100\/100\n|turn|14\n|\n|t:|1699985850\n|-terastallize|p1a: Torterra|Fire\n|move|p2a: Baxcalibur|Glaive Rush|p1a: Torterra\n|-damage|p1a: Torterra|0 fnt\n|-singlemove|p2a: Baxcalibur|Glaive Rush|[silent]\n|faint|p1a: Torterra\n|-damage|p2a: Baxcalibur|71\/100|[from] item: Life Orb\n|\n|upkeep\n|\n|t:|1699985857\n|switch|p1a: Kingambit|Kingambit, M|100\/100\n|turn|15\n|\n|t:|1699985863\n|switch|p2a: Shiftry|Shiftry, M|100\/100\n|move|p1a: Kingambit|Sucker Punch||[still]\n|-fail|p1a: Kingambit\n|\n|upkeep\n|turn|16\n|\n|t:|1699985887\n|move|p2a: Shiftry|Tailwind|p2a: Shiftry\n|-sidestart|p2: ieatchalk|move: Tailwind\n|-ability|p2a: Shiftry|Wind Rider|boost\n|-boost|p2a: Shiftry|atk|1\n|move|p1a: Kingambit|Iron Head|p2a: Shiftry\n|-damage|p2a: Shiftry|22\/100\n|\n|upkeep\n|turn|17\n|\n|t:|1699985920\n|switch|p2a: Cinderace|Cinderace, F|100\/100\n|move|p1a: Kingambit|Swords Dance|p1a: Kingambit\n|-boost|p1a: Kingambit|atk|2\n|\n|upkeep\n|turn|18\n|\n|t:|1699985943\n|move|p1a: Kingambit|Sucker Punch|p2a: Cinderace\n|-damage|p2a: Cinderace|0 fnt\n|faint|p2a: Cinderace\n|\n|upkeep\n|\n|t:|1699985947\n|switch|p2a: DogInHim|Okidogi, M|60\/100\n|turn|19\n|\n|t:|1699985961\n|move|p2a: DogInHim|Close Combat|p1a: Kingambit\n|-supereffective|p1a: Kingambit\n|-enditem|p1a: Kingambit|Chople Berry|[eat]\n|-enditem|p1a: Kingambit|Chople Berry|[weaken]\n|-damage|p1a: Kingambit|14\/100\n|-unboost|p2a: DogInHim|def|1\n|-unboost|p2a: DogInHim|spd|1\n|move|p1a: Kingambit|Iron Head|p2a: DogInHim\n|-damage|p2a: DogInHim|0 fnt\n|faint|p2a: DogInHim\n|\n|-sideend|p2: ieatchalk|move: Tailwind\n|upkeep\n|\n|t:|1699985966\n|switch|p2a: Baxcalibur|Baxcalibur, M|71\/100\n|turn|20\n|\n|t:|1699985971\n|move|p2a: Baxcalibur|Ice Shard|p1a: Kingambit\n|-resisted|p1a: Kingambit\n|-damage|p1a: Kingambit|3\/100\n|-damage|p2a: Baxcalibur|61\/100|[from] item: Life Orb\n|move|p1a: Kingambit|Sucker Punch||[still]\n|-fail|p1a: Kingambit\n|\n|upkeep\n|turn|21\n|\n|t:|1699985989\n|move|p2a: Baxcalibur|Ice Shard|p1a: Kingambit\n|-resisted|p1a: Kingambit\n|-damage|p1a: Kingambit|0 fnt\n|faint|p1a: Kingambit\n|-damage|p2a: Baxcalibur|51\/100|[from] item: Life Orb\n|\n|upkeep\n|\n|t:|1699985994\n|switch|p1a: Dragapult|Dragapult, F|100\/100\n|turn|22\n|\n|t:|1699986052\n|move|p2a: Baxcalibur|Ice Shard|p1a: Dragapult\n|-supereffective|p1a: Dragapult\n|-damage|p1a: Dragapult|6\/100\n|-damage|p2a: Baxcalibur|41\/100|[from] item: Life Orb\n|move|p1a: Dragapult|Draco Meteor|p2a: Baxcalibur\n|-supereffective|p2a: Baxcalibur\n|-damage|p2a: Baxcalibur|0 fnt\n|-unboost|p1a: Dragapult|spa|2\n|faint|p2a: Baxcalibur\n|\n|upkeep\n|\n|t:|1699986055\n|switch|p2a: Shiftry|Shiftry, M|22\/100\n|turn|23\n|\n|t:|1699986062\n|-terastallize|p2a: Shiftry|Dark\n|move|p1a: Dragapult|Draco Meteor|p2a: Shiftry\n|-damage|p2a: Shiftry|0 fnt\n|-unboost|p1a: Dragapult|spa|2\n|faint|p2a: Shiftry\n|\n|win|Kirbyg23\n|l|\u2606ieatchalk\n","uploadtime":1699986108,"views":8,"p1id":"kirbyg23","p2id":"ieatchalk","formatid":"gen9anythinggoes","rating":0,"private":0,"password":""}