{"id":"gen9anythinggoes-1991974170","p1":"ClappisYappis","p2":"Skuurby","format":"[Gen 9] Anything Goes","log":"|j|\u2606ClappisYappis\n|j|\u2606Skuurby\n|t:|1700144128\n|gametype|singles\n|player|p1|ClappisYappis|riley|1051\n|player|p2|Skuurby|101|1000\n|teamsize|p1|6\n|teamsize|p2|6\n|gen|9\n|tier|[Gen 9] Anything Goes\n|rated|\n|rule|HP Percentage Mod: HP is shown in percentages\n|rule|Endless Battle Clause: Forcing endless battles is banned\n|clearpoke\n|poke|p1|Maushold-Four|\n|poke|p1|Flutter Mane|\n|poke|p1|Miraidon|\n|poke|p1|Rabsca, M|\n|poke|p1|Garganacl, F|\n|poke|p1|Houndstone, M|\n|poke|p2|Regieleki|\n|poke|p2|Ceruledge, M|\n|poke|p2|Ninetales-Alola, F|\n|poke|p2|Weezing-Galar, M|\n|poke|p2|Dragapult, M|\n|poke|p2|Gliscor, F|\n|teampreview\n|\n|t:|1700144144\n|start\n|switch|p1a: SSSReplacement|Garganacl, F, shiny|100\/100\n|switch|p2a: Regieleki|Regieleki|100\/100\n|turn|1\n|\n|t:|1700144150\n|move|p2a: Regieleki|Extreme Speed|p1a: SSSReplacement\n|-resisted|p1a: SSSReplacement\n|-damage|p1a: SSSReplacement|94\/100\n|move|p1a: SSSReplacement|Salt Cure|p2a: Regieleki\n|-damage|p2a: Regieleki|80\/100\n|-start|p2a: Regieleki|Salt Cure\n|\n|-heal|p1a: SSSReplacement|100\/100|[from] item: Leftovers\n|-damage|p2a: Regieleki|68\/100|[from] Salt Cure\n|upkeep\n|turn|2\n|\n|t:|1700144160\n|switch|p2a: Gliscor|Gliscor, F|100\/100\n|move|p1a: SSSReplacement|Iron Defense|p1a: SSSReplacement\n|-boost|p1a: SSSReplacement|def|2\n|\n|upkeep\n|turn|3\n|\n|t:|1700144167\n|-terastallize|p1a: SSSReplacement|Fairy\n|move|p2a: Gliscor|Crabhammer|p1a: SSSReplacement\n|-damage|p1a: SSSReplacement|92\/100\n|move|p1a: SSSReplacement|Salt Cure|p2a: Gliscor\n|-damage|p2a: Gliscor|88\/100\n|-start|p2a: Gliscor|Salt Cure\n|\n|-heal|p1a: SSSReplacement|99\/100|[from] item: Leftovers\n|-damage|p2a: Gliscor|76\/100|[from] Salt Cure\n|upkeep\n|turn|4\n|\n|t:|1700144176\n|move|p2a: Gliscor|Sludge Bomb|p1a: SSSReplacement\n|-supereffective|p1a: SSSReplacement\n|-damage|p1a: SSSReplacement|83\/100\n|move|p1a: SSSReplacement|Iron Defense|p1a: SSSReplacement\n|-boost|p1a: SSSReplacement|def|2\n|\n|-heal|p1a: SSSReplacement|89\/100|[from] item: Leftovers\n|-damage|p2a: Gliscor|63\/100|[from] Salt Cure\n|upkeep\n|turn|5\n|\n|t:|1700144184\n|move|p2a: Gliscor|Sludge Bomb|p1a: SSSReplacement\n|-supereffective|p1a: SSSReplacement\n|-damage|p1a: SSSReplacement|73\/100\n|move|p1a: SSSReplacement|Iron Defense|p1a: SSSReplacement\n|-boost|p1a: SSSReplacement|def|2\n|\n|-heal|p1a: SSSReplacement|79\/100|[from] item: Leftovers\n|-damage|p2a: Gliscor|51\/100|[from] Salt Cure\n|upkeep\n|turn|6\n|\n|t:|1700144192\n|move|p2a: Gliscor|Sludge Bomb|p1a: SSSReplacement\n|-supereffective|p1a: SSSReplacement\n|-damage|p1a: SSSReplacement|62\/100\n|move|p1a: SSSReplacement|Body Press|p2a: Gliscor\n|-resisted|p2a: Gliscor\n|-damage|p2a: Gliscor|13\/100\n|\n|-heal|p1a: SSSReplacement|69\/100|[from] item: Leftovers\n|-damage|p2a: Gliscor|0 fnt|[from] Salt Cure\n|faint|p2a: Gliscor\n|upkeep\n|\n|t:|1700144214\n|switch|p2a: Weezing|Weezing-Galar, M|100\/100\n|turn|7\n|\n|t:|1700144223\n|move|p2a: Weezing|Dazzling Gleam|p1a: SSSReplacement\n|-damage|p1a: SSSReplacement|50\/100\n|move|p1a: SSSReplacement|Recover|p1a: SSSReplacement\n|-heal|p1a: SSSReplacement|100\/100\n|\n|upkeep\n|turn|8\n|\n|t:|1700144229\n|-terastallize|p2a: Weezing|Poison\n|move|p2a: Weezing|Strange Steam|p1a: SSSReplacement\n|-damage|p1a: SSSReplacement|82\/100\n|move|p1a: SSSReplacement|Salt Cure|p2a: Weezing\n|-damage|p2a: Weezing|88\/100\n|-start|p2a: Weezing|Salt Cure\n|\n|-heal|p1a: SSSReplacement|88\/100|[from] item: Leftovers\n|-damage|p2a: Weezing|75\/100|[from] Salt Cure\n|upkeep\n|turn|9\n|\n|t:|1700144239\n|move|p2a: Weezing|Clear Smog|p1a: SSSReplacement\n|-supereffective|p1a: SSSReplacement\n|-damage|p1a: SSSReplacement|54\/100\n|-clearboost|p1a: SSSReplacement\n|move|p1a: SSSReplacement|Body Press|p2a: Weezing\n|-resisted|p2a: Weezing\n|-damage|p2a: Weezing|65\/100\n|\n|-heal|p1a: SSSReplacement|60\/100|[from] item: Leftovers\n|-damage|p2a: Weezing|52\/100|[from] Salt Cure\n|upkeep\n|turn|10\n|inactive|Battle timer is ON: inactive players will automatically lose when time's up. (requested by ClappisYappis)\n|\n|t:|1700144249\n|move|p2a: Weezing|Clear Smog|p1a: SSSReplacement\n|-supereffective|p1a: SSSReplacement\n|-damage|p1a: SSSReplacement|25\/100\n|-clearboost|p1a: SSSReplacement\n|move|p1a: SSSReplacement|Recover|p1a: SSSReplacement\n|-heal|p1a: SSSReplacement|75\/100\n|\n|-heal|p1a: SSSReplacement|81\/100|[from] item: Leftovers\n|-damage|p2a: Weezing|40\/100|[from] Salt Cure\n|upkeep\n|turn|11\n|\n|t:|1700144258\n|move|p2a: Weezing|Clear Smog|p1a: SSSReplacement\n|-supereffective|p1a: SSSReplacement\n|-damage|p1a: SSSReplacement|48\/100\n|-clearboost|p1a: SSSReplacement\n|move|p1a: SSSReplacement|Iron Defense|p1a: SSSReplacement\n|-boost|p1a: SSSReplacement|def|2\n|\n|-heal|p1a: SSSReplacement|54\/100|[from] item: Leftovers\n|-damage|p2a: Weezing|27\/100|[from] Salt Cure\n|upkeep\n|turn|12\n|\n|t:|1700144267\n|move|p2a: Weezing|Clear Smog|p1a: SSSReplacement\n|-supereffective|p1a: SSSReplacement\n|-damage|p1a: SSSReplacement|18\/100\n|-clearboost|p1a: SSSReplacement\n|move|p1a: SSSReplacement|Recover|p1a: SSSReplacement\n|-heal|p1a: SSSReplacement|68\/100\n|\n|-heal|p1a: SSSReplacement|74\/100|[from] item: Leftovers\n|-damage|p2a: Weezing|15\/100|[from] Salt Cure\n|upkeep\n|turn|13\n|\n|t:|1700144276\n|move|p2a: Weezing|Clear Smog|p1a: SSSReplacement\n|-supereffective|p1a: SSSReplacement\n|-damage|p1a: SSSReplacement|36\/100\n|-clearboost|p1a: SSSReplacement\n|move|p1a: SSSReplacement|Recover|p1a: SSSReplacement\n|-heal|p1a: SSSReplacement|86\/100\n|\n|-heal|p1a: SSSReplacement|93\/100|[from] item: Leftovers\n|-damage|p2a: Weezing|2\/100|[from] Salt Cure\n|upkeep\n|turn|14\n|\n|t:|1700144286\n|move|p2a: Weezing|Clear Smog|p1a: SSSReplacement\n|-supereffective|p1a: SSSReplacement\n|-damage|p1a: SSSReplacement|60\/100\n|-clearboost|p1a: SSSReplacement\n|move|p1a: SSSReplacement|Recover|p1a: SSSReplacement\n|-heal|p1a: SSSReplacement|100\/100\n|\n|-damage|p2a: Weezing|0 fnt|[from] Salt Cure\n|faint|p2a: Weezing\n|upkeep\n|\n|t:|1700144296\n|switch|p2a: Ninetales|Ninetales-Alola, F|100\/100\n|-weather|Snow|[from] ability: Snow Warning|[of] p2a: Ninetales\n|turn|15\n|\n|t:|1700144301\n|move|p2a: Ninetales|Dark Pulse|p1a: SSSReplacement\n|-resisted|p1a: SSSReplacement\n|-damage|p1a: SSSReplacement|92\/100\n|move|p1a: SSSReplacement|Salt Cure|p2a: Ninetales\n|-supereffective|p2a: Ninetales\n|-damage|p2a: Ninetales|77\/100\n|-start|p2a: Ninetales|Salt Cure\n|\n|-weather|Snow|[upkeep]\n|-heal|p1a: SSSReplacement|99\/100|[from] item: Leftovers\n|-damage|p2a: Ninetales|64\/100|[from] Salt Cure\n|upkeep\n|turn|16\n|-message|Skuurby forfeited.\n|\n|win|ClappisYappis\n|raw|ClappisYappis's rating: 1051 &rarr; <strong>1079<\/strong><br \/>(+28 for winning)\n|raw|Skuurby's rating: 1000 &rarr; <strong>1000<\/strong><br \/>(+0 for losing)\n|l|\u2606Skuurby\n","uploadtime":1700144309,"views":4,"p1id":"clappisyappis","p2id":"skuurby","formatid":"gen9anythinggoes","rating":1000,"private":0,"password":""}