{"id":"gen9anythinggoes-1990945096","p1":"gyratix","p2":"Rj3Games","format":"[Gen 9] Anything Goes","log":"|j|\u2606gyratix\n|j|\u2606Rj3Games\n|t:|1700018136\n|gametype|singles\n|player|p1|gyratix|interviewers|\n|player|p2|Rj3Games|170|\n|teamsize|p1|6\n|teamsize|p2|6\n|gen|9\n|tier|[Gen 9] Anything Goes\n|rule|HP Percentage Mod: HP is shown in percentages\n|rule|Endless Battle Clause: Forcing endless battles is banned\n|clearpoke\n|poke|p1|Sneasler, F|\n|poke|p1|Skeledirge, F|\n|poke|p1|Baxcalibur, F|\n|poke|p1|Azelf|\n|poke|p1|Ursaluna, M|\n|poke|p1|Scovillain, F|\n|poke|p2|Ceruledge, M|\n|poke|p2|Annihilape, M|\n|poke|p2|Calyrex|\n|poke|p2|Dragalge, F|\n|poke|p2|Iron Treads|\n|poke|p2|Thundurus-Therian, M|\n|teampreview\n|\n|t:|1700018169\n|start\n|switch|p1a: Sneasler|Sneasler, F, shiny|100\/100\n|switch|p2a: Mustang|Ceruledge, M|100\/100\n|turn|1\n|\n|t:|1700018201\n|switch|p2a: JoyBoy|Annihilape, M|100\/100\n|-terastallize|p1a: Sneasler|Dark\n|move|p1a: Sneasler|Fling|p2a: JoyBoy\n|-damage|p2a: JoyBoy|25\/100\n|-enditem|p1a: Sneasler|Big Nugget|[from] move: Fling\n|\n|-heal|p2a: JoyBoy|31\/100|[from] item: Leftovers\n|upkeep\n|turn|2\n|\n|t:|1700018219\n|move|p1a: Sneasler|Dire Claw|p2a: JoyBoy\n|-resisted|p2a: JoyBoy\n|-damage|p2a: JoyBoy|9\/100\n|-status|p2a: JoyBoy|psn\n|move|p2a: JoyBoy|Drain Punch|p1a: Sneasler\n|-supereffective|p1a: Sneasler\n|-damage|p1a: Sneasler|0 fnt\n|-heal|p2a: JoyBoy|55\/100 psn|[from] drain|[of] p1a: Sneasler\n|faint|p1a: Sneasler\n|\n|-heal|p2a: JoyBoy|62\/100 psn|[from] item: Leftovers\n|-damage|p2a: JoyBoy|49\/100 psn|[from] psn\n|upkeep\n|\n|t:|1700018248\n|switch|p1a: Skeledirge|Skeledirge, F, shiny|100\/100\n|turn|3\n|\n|t:|1700018263\n|move|p2a: JoyBoy|Rage Fist|p1a: Skeledirge\n|-supereffective|p1a: Skeledirge\n|-damage|p1a: Skeledirge|0 fnt\n|faint|p1a: Skeledirge\n|\n|-heal|p2a: JoyBoy|55\/100 psn|[from] item: Leftovers\n|-damage|p2a: JoyBoy|43\/100 psn|[from] psn\n|upkeep\n|\n|t:|1700018281\n|switch|p1a: Baxcalibur|Baxcalibur, F, shiny|100\/100\n|turn|4\n|\n|t:|1700018287\n|move|p2a: JoyBoy|Drain Punch|p1a: Baxcalibur\n|-supereffective|p1a: Baxcalibur\n|-crit|p1a: Baxcalibur\n|-damage|p1a: Baxcalibur|8\/100\n|-heal|p2a: JoyBoy|91\/100 psn|[from] drain|[of] p1a: Baxcalibur\n|move|p1a: Baxcalibur|Dragon Dance|p1a: Baxcalibur\n|-boost|p1a: Baxcalibur|atk|1\n|-boost|p1a: Baxcalibur|spe|1\n|\n|-heal|p2a: JoyBoy|97\/100 psn|[from] item: Leftovers\n|-damage|p2a: JoyBoy|85\/100 psn|[from] psn\n|upkeep\n|turn|5\n|\n|t:|1700018295\n|move|p1a: Baxcalibur|Glaive Rush|p2a: JoyBoy\n|-damage|p2a: JoyBoy|0 fnt\n|-singlemove|p1a: Baxcalibur|Glaive Rush|[silent]\n|faint|p2a: JoyBoy\n|\n|upkeep\n|c|\u2606gyratix|forfeit\n|c|\u2606gyratix|pussy\n|\n|t:|1700018351\n|switch|p2a: Franky|Iron Treads|100\/100\n|turn|6\n|\n|t:|1700018364\n|switch|p1a: Scovillain|Scovillain, F, shiny|100\/100\n|-terastallize|p2a: Franky|Ground\n|move|p2a: Franky|Rapid Spin|p1a: Scovillain\n|-damage|p1a: Scovillain|80\/100\n|-boost|p2a: Franky|spe|1\n|\n|-heal|p1a: Scovillain|86\/100|[from] item: Leftovers\n|-ability|p1a: Scovillain|Moody|boost\n|-boost|p1a: Scovillain|spe|2\n|-unboost|p1a: Scovillain|def|1\n|upkeep\n|turn|7\n|\n|t:|1700018378\n|move|p1a: Scovillain|Protect|p1a: Scovillain\n|-singleturn|p1a: Scovillain|Protect\n|move|p2a: Franky|Earthquake|p1a: Scovillain\n|-activate|p1a: Scovillain|move: Protect\n|\n|-heal|p1a: Scovillain|92\/100|[from] item: Leftovers\n|-ability|p1a: Scovillain|Moody|boost\n|-boost|p1a: Scovillain|atk|2\n|-unboost|p1a: Scovillain|spa|1\n|upkeep\n|turn|8\n|\n|t:|1700018390\n|move|p1a: Scovillain|Leech Seed|p2a: Franky\n|-start|p2a: Franky|move: Leech Seed\n|move|p2a: Franky|Earthquake|p1a: Scovillain\n|-damage|p1a: Scovillain|0 fnt\n|faint|p1a: Scovillain\n|\n|upkeep\n|\n|t:|1700018404\n|switch|p1a: Azelf|Azelf, shiny|100\/100\n|turn|9\n|\n|t:|1700018408\n|move|p2a: Franky|Knock Off|p1a: Azelf\n|-supereffective|p1a: Azelf\n|-damage|p1a: Azelf|6\/100\n|-enditem|p1a: Azelf|Focus Sash|[from] move: Knock Off|[of] p2a: Franky\n|move|p1a: Azelf|Encore|p2a: Franky\n|-start|p2a: Franky|Encore\n|\n|-damage|p2a: Franky|88\/100|[from] Leech Seed|[of] p1a: Azelf\n|-heal|p1a: Azelf|20\/100|[silent]\n|upkeep\n|turn|10\n|\n|t:|1700018418\n|move|p2a: Franky|Knock Off|p1a: Azelf\n|-supereffective|p1a: Azelf\n|-damage|p1a: Azelf|0 fnt\n|faint|p1a: Azelf\n|\n|-heal|p2a: Franky|94\/100|[from] item: Leftovers\n|upkeep\n|\n|t:|1700018419\n|switch|p1a: Ursaluna|Ursaluna, M, shiny|100\/100\n|turn|11\n|\n|t:|1700018424\n|move|p2a: Franky|Knock Off|p1a: Ursaluna\n|-damage|p1a: Ursaluna|77\/100\n|-enditem|p1a: Ursaluna|Flame Orb|[from] move: Knock Off|[of] p2a: Franky\n|move|p1a: Ursaluna|Swords Dance|p1a: Ursaluna\n|-boost|p1a: Ursaluna|atk|2\n|\n|-heal|p2a: Franky|99\/100|[from] item: Leftovers\n|-damage|p2a: Franky|88\/100|[from] Leech Seed|[of] p1a: Ursaluna\n|-heal|p1a: Ursaluna|88\/100|[silent]\n|upkeep\n|turn|12\n|\n|t:|1700018431\n|move|p2a: Franky|Knock Off|p1a: Ursaluna\n|-damage|p1a: Ursaluna|71\/100\n|move|p1a: Ursaluna|Earthquake|p2a: Franky\n|-damage|p2a: Franky|15\/100\n|\n|-heal|p2a: Franky|21\/100|[from] item: Leftovers\n|-damage|p2a: Franky|9\/100|[from] Leech Seed|[of] p1a: Ursaluna\n|-heal|p1a: Ursaluna|82\/100|[silent]\n|-end|p2a: Franky|Encore\n|upkeep\n|turn|13\n|\n|t:|1700018438\n|move|p2a: Franky|Earthquake|p1a: Ursaluna\n|-damage|p1a: Ursaluna|29\/100\n|move|p1a: Ursaluna|Earthquake|p2a: Franky\n|-damage|p2a: Franky|0 fnt\n|faint|p2a: Franky\n|-end|p2a: Franky|Quark Drive|[silent]\n|\n|upkeep\n|\n|t:|1700018441\n|switch|p2a: Kakashi|Thundurus-Therian, M|100\/100\n|turn|14\n|\n|t:|1700018444\n|move|p2a: Kakashi|Grass Knot|p1a: Ursaluna\n|-supereffective|p1a: Ursaluna\n|-damage|p1a: Ursaluna|0 fnt\n|faint|p1a: Ursaluna\n|\n|upkeep\n|\n|t:|1700018445\n|switch|p1a: Baxcalibur|Baxcalibur, F, shiny|8\/100\n|turn|15\n|\n|t:|1700018449\n|move|p2a: Kakashi|Thunderbolt|p1a: Baxcalibur\n|-resisted|p1a: Baxcalibur\n|-damage|p1a: Baxcalibur|0 fnt\n|faint|p1a: Baxcalibur\n|\n|win|Rj3Games\n","uploadtime":1700018454,"views":23,"p1id":"gyratix","p2id":"rj3games","formatid":"gen9anythinggoes","rating":0,"private":0,"password":""}