{"id":"gen9anythinggoes-1979559513","p1":"daddy big flan","p2":"mikrulewolv","format":"[Gen 9] Anything Goes","log":"|j|\u2606daddy big flan\n|j|\u2606mikrulewolv\n|t:|1698692267\n|gametype|singles\n|player|p1|daddy big flan|2|1323\n|player|p2|mikrulewolv|psychicf-gen4|1332\n|teamsize|p1|6\n|teamsize|p2|6\n|gen|9\n|tier|[Gen 9] Anything Goes\n|rated|\n|rule|HP Percentage Mod: HP is shown in percentages\n|rule|Endless Battle Clause: Forcing endless battles is banned\n|clearpoke\n|poke|p1|Calyrex-Shadow|\n|poke|p1|Zacian-*|\n|poke|p1|Ribombee, F|\n|poke|p1|Cryogonal|\n|poke|p1|Groudon|\n|poke|p1|Kyogre|\n|poke|p2|Arceus-Bug|\n|poke|p2|Ursaluna, F|\n|poke|p2|Volcarona, F|\n|poke|p2|Ribombee, F|\n|poke|p2|Lokix, F|\n|poke|p2|Scizor, M|\n|teampreview\n|inactive|Battle timer is ON: inactive players will automatically lose when time's up. (requested by mikrulewolv)\n|\n|t:|1698692276\n|start\n|switch|p1a: Ribombee|Ribombee, F, shiny|100\/100\n|switch|p2a: bees knees|Ribombee, F|100\/100\n|turn|1\n|\n|t:|1698692280\n|move|p1a: Ribombee|Sticky Web|p2a: bees knees\n|-sidestart|p2: mikrulewolv|move: Sticky Web\n|move|p2a: bees knees|Sticky Web|p1a: Ribombee\n|-sidestart|p1: daddy big flan|move: Sticky Web\n|\n|upkeep\n|turn|2\n|\n|t:|1698692284\n|move|p1a: Ribombee|Quiver Dance|p1a: Ribombee\n|-boost|p1a: Ribombee|spa|1\n|-boost|p1a: Ribombee|spd|1\n|-boost|p1a: Ribombee|spe|1\n|move|p2a: bees knees|Stun Spore|p1a: Ribombee\n|-status|p1a: Ribombee|par\n|\n|upkeep\n|turn|3\n|\n|t:|1698692291\n|move|p2a: bees knees|Moonblast|p1a: Ribombee\n|-damage|p1a: Ribombee|64\/100 par\n|move|p1a: Ribombee|Quiver Dance|p1a: Ribombee\n|-boost|p1a: Ribombee|spa|1\n|-boost|p1a: Ribombee|spd|1\n|-boost|p1a: Ribombee|spe|1\n|\n|upkeep\n|turn|4\n|\n|t:|1698692297\n|move|p2a: bees knees|Moonblast|p1a: Ribombee\n|-damage|p1a: Ribombee|35\/100 par\n|move|p1a: Ribombee|Baton Pass|p1a: Ribombee\n|\n|t:|1698692301\n|switch|p1a: Cryogonal|Cryogonal, shiny|100\/100|[from] Baton Pass\n|\n|upkeep\n|turn|5\n|\n|t:|1698692307\n|move|p1a: Cryogonal|Rapid Spin|p2a: bees knees\n|-crit|p2a: bees knees\n|-damage|p2a: bees knees|81\/100\n|-boost|p1a: Cryogonal|spe|1\n|-sideend|p1: daddy big flan|Sticky Web|[from] move: Rapid Spin|[of] p1a: Cryogonal\n|move|p2a: bees knees|Moonblast|p1a: Cryogonal\n|-damage|p1a: Cryogonal|86\/100\n|\n|upkeep\n|turn|6\n|\n|t:|1698692316\n|move|p1a: Cryogonal|Freeze-Dry|p2a: bees knees\n|-damage|p2a: bees knees|0 fnt\n|faint|p2a: bees knees\n|\n|upkeep\n|\n|t:|1698692325\n|switch|p2a: katy's lokix|Lokix, F|100\/100\n|-activate|p2a: katy's lokix|move: Sticky Web\n|-unboost|p2a: katy's lokix|spe|1\n|turn|7\n|\n|t:|1698692329\n|move|p2a: katy's lokix|First Impression|p1a: Cryogonal\n|-damage|p1a: Cryogonal|0 fnt\n|faint|p1a: Cryogonal\n|-damage|p2a: katy's lokix|91\/100|[from] item: Life Orb\n|\n|upkeep\n|\n|t:|1698692338\n|switch|p1a: Ribombee|Ribombee, F, shiny|35\/100 par\n|turn|8\n|\n|t:|1698692343\n|move|p2a: katy's lokix|Knock Off|p1a: Ribombee\n|-resisted|p1a: Ribombee\n|-damage|p1a: Ribombee|0 fnt\n|-enditem|p1a: Ribombee|Focus Sash|[from] move: Knock Off|[of] p2a: katy's lokix\n|faint|p1a: Ribombee\n|-damage|p2a: katy's lokix|81\/100|[from] item: Life Orb\n|\n|upkeep\n|\n|t:|1698692349\n|switch|p1a: angry boi|Groudon, shiny|100\/100\n|-weather|SunnyDay|[from] ability: Drought|[of] p1a: angry boi\n|turn|9\n|\n|t:|1698692353\n|move|p1a: angry boi|Fire Punch|p2a: katy's lokix\n|-supereffective|p2a: katy's lokix\n|-damage|p2a: katy's lokix|0 fnt\n|faint|p2a: katy's lokix\n|\n|-weather|SunnyDay|[upkeep]\n|upkeep\n|\n|t:|1698692362\n|switch|p2a: bugod|Arceus-Bug|100\/100\n|-activate|p2a: bugod|move: Sticky Web\n|-unboost|p2a: bugod|spe|1\n|turn|10\n|c|\u2606daddy big flan|bugs\n|\n|t:|1698692366\n|move|p1a: angry boi|Fire Punch|p2a: bugod\n|-supereffective|p2a: bugod\n|-damage|p2a: bugod|39\/100\n|move|p2a: bugod|Ice Beam|p1a: angry boi\n|-supereffective|p1a: angry boi\n|-damage|p1a: angry boi|22\/100\n|\n|-weather|SunnyDay|[upkeep]\n|upkeep\n|turn|11\n|\n|t:|1698692374\n|move|p1a: angry boi|Fire Punch|p2a: bugod\n|-supereffective|p2a: bugod\n|-damage|p2a: bugod|0 fnt\n|faint|p2a: bugod\n|\n|-weather|SunnyDay|[upkeep]\n|upkeep\n|\n|t:|1698692377\n|switch|p2a: luigi|Scizor, M|100\/100\n|-activate|p2a: luigi|move: Sticky Web\n|-unboost|p2a: luigi|spe|1\n|turn|12\n|\n|t:|1698692382\n|move|p2a: luigi|Bullet Punch|p1a: angry boi\n|-damage|p1a: angry boi|0 fnt\n|faint|p1a: angry boi\n|-damage|p2a: luigi|91\/100|[from] item: Life Orb\n|\n|-weather|SunnyDay|[upkeep]\n|upkeep\n|\n|t:|1698692388\n|switch|p1a: whale|Kyogre, shiny|100\/100\n|-weather|RainDance|[from] ability: Drizzle|[of] p1a: whale\n|turn|13\n|\n|t:|1698692398\n|move|p1a: whale|Surf|p2a: luigi\n|-damage|p2a: luigi|2\/100\n|move|p2a: luigi|Trailblaze|p1a: whale\n|-supereffective|p1a: whale\n|-damage|p1a: whale|15\/100\n|-boost|p2a: luigi|spe|1\n|-damage|p2a: luigi|0 fnt|[from] item: Life Orb\n|faint|p2a: luigi\n|\n|-weather|RainDance|[upkeep]\n|-heal|p1a: whale|21\/100|[from] item: Leftovers\n|upkeep\n|\n|t:|1698692406\n|switch|p2a: the sun|Volcarona, F|100\/100\n|turn|14\n|\n|t:|1698692411\n|-terastallize|p2a: the sun|Bug\n|move|p1a: whale|Surf|p2a: the sun\n|-damage|p2a: the sun|17\/100\n|move|p2a: the sun|Quiver Dance|p2a: the sun\n|-boost|p2a: the sun|spa|1\n|-boost|p2a: the sun|spd|1\n|-boost|p2a: the sun|spe|1\n|\n|-weather|RainDance|[upkeep]\n|-heal|p1a: whale|27\/100|[from] item: Leftovers\n|upkeep\n|turn|15\n|\n|t:|1698692420\n|move|p2a: the sun|Bug Buzz|p1a: whale\n|-damage|p1a: whale|0 fnt\n|faint|p1a: whale\n|\n|-weather|RainDance|[upkeep]\n|upkeep\n|\n|t:|1698692426\n|switch|p1a: horse|Calyrex-Shadow|100\/100\n|-ability|p1a: horse|As One\n|-ability|p1a: horse|Unnerve\n|turn|16\n|\n|t:|1698692433\n|move|p2a: the sun|Bug Buzz|p1a: horse\n|-damage|p1a: horse|1\/100\n|move|p1a: horse|Dark Pulse|p2a: the sun\n|-damage|p2a: the sun|0 fnt\n|faint|p2a: the sun\n|-ability|p1a: horse|Grim Neigh|boost\n|-boost|p1a: horse|spa|1\n|\n|-weather|RainDance|[upkeep]\n|-heal|p1a: horse|8\/100|[from] item: Leftovers\n|upkeep\n|\n|t:|1698692438\n|switch|p2a: katy's bear|Ursaluna, F|100\/100\n|-activate|p2a: katy's bear|move: Sticky Web\n|-unboost|p2a: katy's bear|spe|1\n|turn|17\n|\n|t:|1698692445\n|move|p1a: horse|Astral Barrage|p2a: katy's bear\n|-immune|p2a: katy's bear\n|move|p2a: katy's bear|Trailblaze|p1a: horse\n|-damage|p1a: horse|0 fnt\n|-boost|p2a: katy's bear|spe|1\n|faint|p1a: horse\n|\n|-weather|none\n|-status|p2a: katy's bear|brn|[from] item: Flame Orb\n|upkeep\n|\n|t:|1698692455\n|switch|p1a: op bih|Zacian-Crowned, shiny|100\/100\n|-ability|p1a: op bih|Intrepid Sword|boost\n|-boost|p1a: op bih|atk|1\n|turn|18\n|\n|t:|1698692460\n|move|p1a: op bih|Crunch|p2a: katy's bear\n|-damage|p2a: katy's bear|66\/100 brn\n|-unboost|p2a: katy's bear|def|1\n|move|p2a: katy's bear|Headlong Rush|p1a: op bih\n|-supereffective|p1a: op bih\n|-damage|p1a: op bih|0 fnt\n|-unboost|p2a: katy's bear|def|1\n|-unboost|p2a: katy's bear|spd|1\n|faint|p1a: op bih\n|\n|win|mikrulewolv\n|raw|daddy big flan's rating: 1323 &rarr; <strong>1304<\/strong><br \/>(-19 for losing)\n|raw|mikrulewolv's rating: 1332 &rarr; <strong>1351<\/strong><br \/>(+19 for winning)\n|c|\u2606mikrulewolv|not op enough\n|c|\u2606daddy big flan|fr gg\n|l|\u2606daddy big flan\n","uploadtime":1698692479,"views":8,"p1id":"daddybigflan","p2id":"mikrulewolv","formatid":"gen9anythinggoes","rating":1304,"private":0,"password":""}