{"id":"gen9anythinggoes-1971931028","p1":"BeginnerForReal","p2":"LukeOfPoke1107","format":"[Gen 9] Anything Goes","log":"|j|\u2606BeginnerForReal\n|j|\u2606LukeOfPoke1107\n|t:|1697793839\n|gametype|singles\n|player|p1|BeginnerForReal|2|1045\n|player|p2|LukeOfPoke1107|silver|1068\n|teamsize|p1|6\n|teamsize|p2|6\n|gen|9\n|tier|[Gen 9] Anything Goes\n|rated|\n|rule|HP Percentage Mod: HP is shown in percentages\n|rule|Endless Battle Clause: Forcing endless battles is banned\n|clearpoke\n|poke|p1|Pichu, F|\n|poke|p1|Jigglypuff, F|\n|poke|p1|Bonsly, M|\n|poke|p1|Geodude, F|\n|poke|p1|Hippopotas, M|\n|poke|p1|Houndstone, M|\n|poke|p2|Luxray, M|\n|poke|p2|Drifblim, F|\n|poke|p2|Espathra, F|\n|poke|p2|Scizor, M|\n|poke|p2|Milotic, F|\n|poke|p2|Hawlucha, M|\n|teampreview\n|\n|t:|1697793857\n|start\n|switch|p1a: Pichu|Pichu, F|100\/100\n|switch|p2a: Luxray|Luxray, M|100\/100\n|-ability|p2a: Luxray|Intimidate|boost\n|-unboost|p1a: Pichu|atk|1\n|turn|1\n|\n|t:|1697793865\n|move|p1a: Pichu|Fake Out|p2a: Luxray\n|-damage|p2a: Luxray|96\/100\n|cant|p2a: Luxray|flinch\n|\n|-heal|p2a: Luxray|100\/100|[from] item: Leftovers\n|upkeep\n|turn|2\n|\n|t:|1697793872\n|move|p2a: Luxray|Fire Fang|p1a: Pichu\n|-damage|p1a: Pichu|29\/100\n|move|p1a: Pichu|Encore|p2a: Luxray\n|-start|p2a: Luxray|Encore\n|\n|upkeep\n|turn|3\n|\n|t:|1697793882\n|move|p2a: Luxray|Fire Fang|p1a: Pichu\n|-damage|p1a: Pichu|0 fnt\n|faint|p1a: Pichu\n|\n|upkeep\n|\n|t:|1697793888\n|switch|p1a: Jigglypuff|Jigglypuff, F|100\/100\n|turn|4\n|\n|t:|1697793893\n|switch|p2a: Scizor|Scizor, M|100\/100\n|move|p1a: Jigglypuff|Perish Song|p1a: Jigglypuff\n|-start|p1a: Jigglypuff|perish3|[silent]\n|-start|p2a: Scizor|perish3|[silent]\n|-fieldactivate|move: Perish Song\n|\n|-start|p2a: Scizor|perish3\n|-start|p1a: Jigglypuff|perish3\n|upkeep\n|turn|5\n|\n|t:|1697793902\n|move|p2a: Scizor|Close Combat|p1a: Jigglypuff\n|-damage|p1a: Jigglypuff|8\/100\n|-unboost|p2a: Scizor|def|1\n|-unboost|p2a: Scizor|spd|1\n|-damage|p2a: Scizor|91\/100|[from] item: Life Orb\n|move|p1a: Jigglypuff|Disable|p2a: Scizor\n|-start|p2a: Scizor|Disable|Close Combat\n|\n|-start|p2a: Scizor|perish2\n|-start|p1a: Jigglypuff|perish2\n|upkeep\n|turn|6\n|\n|t:|1697793915\n|switch|p1a: Houndstone|Houndstone, M|100\/100\n|move|p2a: Scizor|Bullet Punch|p1a: Houndstone\n|-damage|p1a: Houndstone|44\/100\n|-damage|p2a: Scizor|81\/100|[from] item: Life Orb\n|\n|-start|p2a: Scizor|perish1\n|upkeep\n|turn|7\n|\n|t:|1697793927\n|switch|p1a: Jigglypuff|Jigglypuff, F|8\/100\n|switch|p2a: Hawlucha|Hawlucha, M|100\/100\n|-ability|p2a: Hawlucha|Mold Breaker\n|\n|upkeep\n|turn|8\n|\n|t:|1697793935\n|move|p2a: Hawlucha|Flying Press|p1a: Jigglypuff\n|-damage|p1a: Jigglypuff|0 fnt\n|-start|p2a: Hawlucha|Attract|[from] ability: Cute Charm|[of] p1a: Jigglypuff\n|faint|p1a: Jigglypuff\n|-end|p2a: Hawlucha|Attract|[silent]\n|\n|upkeep\n|\n|t:|1697793943\n|switch|p1a: Bonsly|Bonsly, M|100\/100\n|turn|9\n|\n|t:|1697793948\n|move|p1a: Bonsly|Protect|p1a: Bonsly\n|-singleturn|p1a: Bonsly|Protect\n|move|p2a: Hawlucha|Dual Wingbeat|p1a: Bonsly\n|-activate|p1a: Bonsly|move: Protect\n|\n|upkeep\n|turn|10\n|\n|t:|1697793955\n|move|p2a: Hawlucha|Dual Wingbeat|p1a: Bonsly\n|-resisted|p1a: Bonsly\n|-damage|p1a: Bonsly|89\/100\n|-damage|p2a: Hawlucha|84\/100|[from] item: Rocky Helmet|[of] p1a: Bonsly\n|-resisted|p1a: Bonsly\n|-damage|p1a: Bonsly|76\/100\n|-damage|p2a: Hawlucha|68\/100|[from] item: Rocky Helmet|[of] p1a: Bonsly\n|-hitcount|p1a: Bonsly|2\n|move|p1a: Bonsly|Earthquake|p2a: Hawlucha\n|-immune|p2a: Hawlucha\n|\n|upkeep\n|turn|11\n|\n|t:|1697793966\n|move|p2a: Hawlucha|Close Combat|p1a: Bonsly\n|-supereffective|p1a: Bonsly\n|-crit|p1a: Bonsly\n|-damage|p1a: Bonsly|0 fnt\n|-unboost|p2a: Hawlucha|def|1\n|-unboost|p2a: Hawlucha|spd|1\n|-damage|p2a: Hawlucha|51\/100|[from] item: Rocky Helmet|[of] p1a: Bonsly\n|faint|p1a: Bonsly\n|\n|upkeep\n|\n|t:|1697793975\n|switch|p1a: Geodude|Geodude, F|100\/100\n|turn|12\n|\n|t:|1697793980\n|move|p2a: Hawlucha|Close Combat|p1a: Geodude\n|-supereffective|p1a: Geodude\n|-enditem|p1a: Geodude|Focus Sash\n|-damage|p1a: Geodude|1\/100\n|-unboost|p2a: Hawlucha|def|1\n|-unboost|p2a: Hawlucha|spd|1\n|move|p1a: Geodude|Explosion|p2a: Hawlucha\n|-damage|p2a: Hawlucha|0 fnt\n|faint|p1a: Geodude\n|faint|p2a: Hawlucha\n|\n|upkeep\n|\n|t:|1697793992\n|switch|p2a: Scizor|Scizor, M|81\/100\n|switch|p1a: Hippopotas|Hippopotas, M|100\/100\n|-weather|Sandstorm|[from] ability: Sand Stream|[of] p1a: Hippopotas\n|turn|13\n|\n|t:|1697794002\n|move|p2a: Scizor|Close Combat|p1a: Hippopotas\n|-damage|p1a: Hippopotas|12\/100\n|-unboost|p2a: Scizor|def|1\n|-unboost|p2a: Scizor|spd|1\n|-damage|p2a: Scizor|71\/100|[from] item: Life Orb\n|move|p1a: Hippopotas|Earthquake|p2a: Scizor\n|-damage|p2a: Scizor|6\/100\n|\n|-weather|Sandstorm|[upkeep]\n|upkeep\n|turn|14\n|\n|t:|1697794014\n|move|p2a: Scizor|Close Combat|p1a: Hippopotas\n|-damage|p1a: Hippopotas|0 fnt\n|-unboost|p2a: Scizor|def|1\n|-unboost|p2a: Scizor|spd|1\n|faint|p1a: Hippopotas\n|-damage|p2a: Scizor|0 fnt|[from] item: Life Orb\n|faint|p2a: Scizor\n|\n|-weather|Sandstorm|[upkeep]\n|upkeep\n|c|\u2606BeginnerForReal|If you're faster than me, you win\n|\n|t:|1697794028\n|switch|p2a: Drifblim|Drifblim, F|100\/100\n|switch|p1a: Houndstone|Houndstone, M|44\/100\n|turn|15\n|\n|t:|1697794035\n|-terastallize|p1a: Houndstone|Ghost\n|move|p1a: Houndstone|Last Respects|p2a: Drifblim\n|-supereffective|p2a: Drifblim\n|-damage|p2a: Drifblim|0 fnt\n|faint|p2a: Drifblim\n|\n|-weather|Sandstorm|[upkeep]\n|upkeep\n|\n|t:|1697794042\n|switch|p2a: Espathra|Espathra, F|100\/100\n|turn|16\n|\n|t:|1697794046\n|move|p1a: Houndstone|Last Respects|p2a: Espathra\n|-supereffective|p2a: Espathra\n|-damage|p2a: Espathra|0 fnt\n|faint|p2a: Espathra\n|\n|-weather|Sandstorm|[upkeep]\n|upkeep\n|\n|t:|1697794053\n|switch|p2a: Milotic|Milotic, F|100\/100\n|turn|17\n|\n|t:|1697794058\n|move|p1a: Houndstone|Last Respects|p2a: Milotic\n|-damage|p2a: Milotic|0 fnt\n|faint|p2a: Milotic\n|\n|-weather|none\n|upkeep\n|\n|t:|1697794061\n|switch|p2a: Luxray|Luxray, M|100\/100\n|-ability|p2a: Luxray|Intimidate|boost\n|-unboost|p1a: Houndstone|atk|1\n|turn|18\n|\n|t:|1697794069\n|-terastallize|p2a: Luxray|Dark\n|move|p1a: Houndstone|Last Respects|p2a: Luxray\n|-resisted|p2a: Luxray\n|-damage|p2a: Luxray|7\/100\n|move|p2a: Luxray|Crunch|p1a: Houndstone\n|-supereffective|p1a: Houndstone\n|-damage|p1a: Houndstone|0 fnt\n|faint|p1a: Houndstone\n|\n|win|LukeOfPoke1107\n|raw|BeginnerForReal's rating: 1045 &rarr; <strong>1029<\/strong><br \/>(-16 for losing)\n|raw|LukeOfPoke1107's rating: 1068 &rarr; <strong>1096<\/strong><br \/>(+28 for winning)\n|c|\u2606BeginnerForReal|Gg\n|c|\u2606LukeOfPoke1107|gg\n|l|\u2606BeginnerForReal\n","uploadtime":1697794128,"views":13,"p1id":"beginnerforreal","p2id":"lukeofpoke1107","formatid":"gen9anythinggoes","rating":1029,"private":0,"password":""}