{"id":"gen9anythinggoes-1978998741","p1":"MintChocolate64","p2":"iboxedyou","format":"[Gen 9] Anything Goes","log":"|j|\u2606MintChocolate64\n|j|\u2606iboxedyou\n|t:|1698619344\n|gametype|singles\n|player|p1|MintChocolate64|lucas|\n|player|p2|iboxedyou|1|\n|teamsize|p1|6\n|teamsize|p2|6\n|gen|9\n|tier|[Gen 9] Anything Goes\n|rule|HP Percentage Mod: HP is shown in percentages\n|rule|Endless Battle Clause: Forcing endless battles is banned\n|clearpoke\n|poke|p1|Gliscor, F|\n|poke|p1|Dragapult, F|\n|poke|p1|Iron Treads|\n|poke|p1|Cinderace, F|\n|poke|p1|Umbreon, F|\n|poke|p1|Slowking-Galar, F|\n|poke|p2|Iron Moth|\n|poke|p2|Sneasler, F|\n|poke|p2|Slowking, F|\n|poke|p2|Ting-Lu|\n|poke|p2|Cetitan, F|\n|poke|p2|Regidrago|\n|teampreview\n|\n|t:|1698619371\n|start\n|switch|p1a: Iron Treads|Iron Treads|100\/100\n|switch|p2a: Regidrago|Regidrago|100\/100\n|-enditem|p1a: Iron Treads|Booster Energy\n|-activate|p1a: Iron Treads|ability: Quark Drive|[fromitem]\n|-start|p1a: Iron Treads|quarkdrivedef\n|turn|1\n|\n|t:|1698619443\n|switch|p2a: Ting-Lu|Ting-Lu|100\/100\n|-ability|p2a: Ting-Lu|Vessel of Ruin\n|move|p1a: Iron Treads|Stealth Rock|p2a: Ting-Lu\n|-sidestart|p2: iboxedyou|move: Stealth Rock\n|\n|upkeep\n|turn|2\n|\n|t:|1698619466\n|move|p1a: Iron Treads|Volt Switch|p2a: Ting-Lu\n|-immune|p2a: Ting-Lu\n|move|p2a: Ting-Lu|Stealth Rock|p1a: Iron Treads\n|-sidestart|p1: MintChocolate64|move: Stealth Rock\n|\n|upkeep\n|turn|3\n|\n|t:|1698619478\n|-terastallize|p1a: Iron Treads|Fighting\n|move|p1a: Iron Treads|Rapid Spin|p2a: Ting-Lu\n|-damage|p2a: Ting-Lu|95\/100\n|-boost|p1a: Iron Treads|spe|1\n|-sideend|p1: MintChocolate64|Stealth Rock|[from] move: Rapid Spin|[of] p1a: Iron Treads\n|move|p2a: Ting-Lu|Earthquake|p1a: Iron Treads\n|-damage|p1a: Iron Treads|82\/100\n|\n|-heal|p2a: Ting-Lu|100\/100|[from] item: Leftovers\n|upkeep\n|turn|4\n|\n|t:|1698619490\n|move|p1a: Iron Treads|Body Press|p2a: Ting-Lu\n|-supereffective|p2a: Ting-Lu\n|-damage|p2a: Ting-Lu|64\/100\n|move|p2a: Ting-Lu|Stealth Rock|p1a: Iron Treads\n|-sidestart|p1: MintChocolate64|move: Stealth Rock\n|\n|-heal|p2a: Ting-Lu|70\/100|[from] item: Leftovers\n|upkeep\n|turn|5\n|\n|t:|1698619511\n|move|p1a: Iron Treads|Body Press|p2a: Ting-Lu\n|-supereffective|p2a: Ting-Lu\n|-damage|p2a: Ting-Lu|32\/100\n|move|p2a: Ting-Lu|Whirlwind|p1a: Iron Treads\n|-end|p1a: Iron Treads|Quark Drive|[silent]\n|drag|p1a: Dragapult|Dragapult, F|100\/100\n|-damage|p1a: Dragapult|88\/100|[from] Stealth Rock\n|\n|-heal|p2a: Ting-Lu|38\/100|[from] item: Leftovers\n|upkeep\n|turn|6\n|\n|t:|1698619531\n|switch|p2a: Slowking|Slowking, F|100\/100\n|-damage|p2a: Slowking|88\/100|[from] Stealth Rock\n|move|p1a: Dragapult|Shadow Ball|p2a: Slowking\n|-supereffective|p2a: Slowking\n|-damage|p2a: Slowking|24\/100\n|-unboost|p2a: Slowking|spd|1\n|-enditem|p2a: Slowking|Eject Button\n|\n|t:|1698619545\n|switch|p2a: Regidrago|Regidrago|100\/100\n|-damage|p2a: Regidrago|88\/100|[from] Stealth Rock\n|\n|upkeep\n|turn|7\n|\n|t:|1698619579\n|switch|p1a: Slowking|Slowking-Galar, F|100\/100\n|move|p2a: Regidrago|Dragon Energy|p1a: Slowking\n|-damage|p1a: Slowking|47\/100\n|\n|upkeep\n|turn|8\n|\n|t:|1698619590\n|move|p2a: Regidrago|Dragon Energy|p1a: Slowking\n|-damage|p1a: Slowking|0 fnt\n|faint|p1a: Slowking\n|\n|upkeep\n|\n|t:|1698619603\n|switch|p1a: Cinderace|Cinderace, F, shiny|100\/100\n|turn|9\n|\n|t:|1698619607\n|move|p2a: Regidrago|Dragon Energy|p1a: Cinderace\n|-damage|p1a: Cinderace|0 fnt\n|faint|p1a: Cinderace\n|\n|upkeep\n|\n|t:|1698619621\n|switch|p1a: Umbreon|Umbreon, F|100\/100\n|-damage|p1a: Umbreon|88\/100|[from] Stealth Rock\n|turn|10\n|\n|t:|1698619651\n|switch|p2a: Sneasler|Sneasler, F|100\/100\n|-damage|p2a: Sneasler|95\/100|[from] Stealth Rock\n|move|p1a: Umbreon|Calm Mind|p1a: Umbreon\n|-boost|p1a: Umbreon|spa|1\n|-boost|p1a: Umbreon|spd|1\n|\n|-heal|p1a: Umbreon|94\/100|[from] item: Leftovers\n|upkeep\n|turn|11\n|\n|t:|1698619668\n|move|p2a: Sneasler|Switcheroo|p1a: Umbreon\n|-activate|p2a: Sneasler|move: Trick|[of] p1a: Umbreon\n|-item|p1a: Umbreon|Choice Band|[from] move: Switcheroo\n|-item|p2a: Sneasler|Leftovers|[from] move: Switcheroo\n|move|p1a: Umbreon|Foul Play|p2a: Sneasler\n|-resisted|p2a: Sneasler\n|-damage|p2a: Sneasler|35\/100\n|\n|-heal|p2a: Sneasler|41\/100|[from] item: Leftovers\n|upkeep\n|turn|12\n|\n|t:|1698619679\n|move|p2a: Sneasler|Close Combat|p1a: Umbreon\n|-supereffective|p1a: Umbreon\n|-damage|p1a: Umbreon|0 fnt\n|-unboost|p2a: Sneasler|def|1\n|-unboost|p2a: Sneasler|spd|1\n|faint|p1a: Umbreon\n|\n|-heal|p2a: Sneasler|47\/100|[from] item: Leftovers\n|upkeep\n|\n|t:|1698619686\n|switch|p1a: Dragapult|Dragapult, F|88\/100\n|-damage|p1a: Dragapult|76\/100|[from] Stealth Rock\n|turn|13\n|\n|t:|1698619703\n|switch|p2a: Ting-Lu|Ting-Lu|38\/100\n|-damage|p2a: Ting-Lu|32\/100|[from] Stealth Rock\n|-ability|p2a: Ting-Lu|Vessel of Ruin\n|move|p1a: Dragapult|Shadow Ball|p2a: Ting-Lu\n|-resisted|p2a: Ting-Lu\n|-damage|p2a: Ting-Lu|15\/100\n|\n|-heal|p2a: Ting-Lu|22\/100|[from] item: Leftovers\n|upkeep\n|turn|14\n|\n|t:|1698619727\n|switch|p1a: Gliscor|Gliscor, F|100\/100\n|-damage|p1a: Gliscor|88\/100|[from] Stealth Rock\n|move|p2a: Ting-Lu|Earthquake|p1a: Gliscor\n|-immune|p1a: Gliscor\n|\n|-heal|p2a: Ting-Lu|28\/100|[from] item: Leftovers\n|-status|p1a: Gliscor|tox|[from] item: Toxic Orb\n|upkeep\n|turn|15\n|\n|t:|1698619741\n|move|p1a: Gliscor|Earthquake|p2a: Ting-Lu\n|-damage|p2a: Ting-Lu|15\/100\n|move|p2a: Ting-Lu|Whirlwind|p1a: Gliscor\n|drag|p1a: Iron Treads|Iron Treads, tera:Fighting|82\/100\n|-damage|p1a: Iron Treads|76\/100|[from] Stealth Rock\n|\n|-heal|p2a: Ting-Lu|21\/100|[from] item: Leftovers\n|upkeep\n|turn|16\n|\n|t:|1698619752\n|move|p1a: Iron Treads|Rapid Spin|p2a: Ting-Lu\n|-damage|p2a: Ting-Lu|15\/100\n|-boost|p1a: Iron Treads|spe|1\n|-sideend|p1: MintChocolate64|Stealth Rock|[from] move: Rapid Spin|[of] p1a: Iron Treads\n|move|p2a: Ting-Lu|Whirlwind|p1a: Iron Treads\n|-end|p1a: Iron Treads|Quark Drive|[silent]\n|drag|p1a: Dragapult|Dragapult, F|76\/100\n|\n|-heal|p2a: Ting-Lu|22\/100|[from] item: Leftovers\n|upkeep\n|turn|17\n|\n|t:|1698619764\n|move|p1a: Dragapult|Draco Meteor|p2a: Ting-Lu\n|-damage|p2a: Ting-Lu|0 fnt\n|-unboost|p1a: Dragapult|spa|2\n|faint|p2a: Ting-Lu\n|\n|upkeep\n|\n|t:|1698619771\n|switch|p2a: Regidrago|Regidrago|88\/100\n|-damage|p2a: Regidrago|76\/100|[from] Stealth Rock\n|turn|18\n|\n|t:|1698619776\n|move|p2a: Regidrago|Dragon Energy|p1a: Dragapult\n|-supereffective|p1a: Dragapult\n|-damage|p1a: Dragapult|0 fnt\n|faint|p1a: Dragapult\n|\n|upkeep\n|\n|t:|1698619793\n|switch|p1a: Iron Treads|Iron Treads, tera:Fighting|76\/100\n|turn|19\n|\n|t:|1698619797\n|-terastallize|p2a: Regidrago|Dragon\n|move|p2a: Regidrago|Dragon Energy|p1a: Iron Treads\n|-damage|p1a: Iron Treads|0 fnt\n|faint|p1a: Iron Treads\n|-end|p1a: Iron Treads|Quark Drive|[silent]\n|\n|upkeep\n|\n|t:|1698619802\n|switch|p1a: Gliscor|Gliscor, F|88\/100 tox\n|turn|20\n|\n|t:|1698619807\n|move|p2a: Regidrago|Dragon Energy|p1a: Gliscor\n|-damage|p1a: Gliscor|0 fnt\n|faint|p1a: Gliscor\n|\n|win|iboxedyou\n|l|\u2606iboxedyou\n|j|\u2606iboxedyou\n|player|p2|iboxedyou|1\n","uploadtime":1698619821,"views":14,"p1id":"mintchocolate64","p2id":"iboxedyou","formatid":"gen9anythinggoes","rating":0,"private":0,"password":""}