{"id":"gen9anythinggoes-1994012194","p1":"TheKazoo","p2":"MEME\/\/BRAIN","format":"[Gen 9] Anything Goes","log":"|j|\u2606TheKazoo\n|j|\u2606MEME\/\/BRAIN\n|t:|1700393342\n|gametype|singles\n|player|p1|TheKazoo|veteran|1089\n|player|p2|MEME\/\/BRAIN|guitarist|1141\n|teamsize|p1|6\n|teamsize|p2|6\n|gen|9\n|tier|[Gen 9] Anything Goes\n|rated|\n|rule|HP Percentage Mod: HP is shown in percentages\n|rule|Endless Battle Clause: Forcing endless battles is banned\n|clearpoke\n|poke|p1|Clefairy, F|\n|poke|p1|Basculegion, M|\n|poke|p1|Pawmot, F|\n|poke|p1|Pawmot, F|\n|poke|p1|Pawmot, M|\n|poke|p1|Pawmot, F|\n|poke|p2|Cyclizar, M|\n|poke|p2|Espathra, F|\n|poke|p2|Medicham, F|\n|poke|p2|Cloyster, F|\n|poke|p2|Drifblim, F|\n|poke|p2|Skeledirge, M|\n|teampreview\n|c|\u2606MEME\/\/BRAIN|Lol oh boo\n|c|\u2606MEME\/\/BRAIN|Lol oh boo\n|\n|t:|1700393360\n|start\n|switch|p1a: Pawmot|Pawmot, F|100\/100\n|switch|p2a: Cycle|Cyclizar, M|100\/100\n|turn|1\n|c|\u2606TheKazoo|huh?\n|inactive|Battle timer is ON: inactive players will automatically lose when time's up. (requested by MEME\/\/BRAIN)\n|\n|t:|1700393370\n|move|p2a: Cycle|Shed Tail|p2a: Cycle\n|-start|p2a: Cycle|Substitute|[from] move: Shed Tail\n|-damage|p2a: Cycle|50\/100\n|\n|t:|1700393373\n|switch|p2a: BirB|Espathra, F|100\/100|[from] Shed Tail\n|move|p1a: Pawmot|Ice Punch|p2a: BirB\n|-end|p2a: BirB|Substitute\n|\n|upkeep\n|turn|2\n|\n|t:|1700393380\n|move|p1a: Pawmot|Fire Punch|p2a: BirB\n|-damage|p2a: BirB|77\/100\n|move|p2a: BirB|Calm Mind|p2a: BirB\n|-boost|p2a: BirB|spa|1\n|-boost|p2a: BirB|spd|1\n|\n|-ability|p2a: BirB|Speed Boost|boost\n|-boost|p2a: BirB|spe|1\n|upkeep\n|turn|3\n|\n|t:|1700393389\n|move|p2a: BirB|Calm Mind|p2a: BirB\n|-boost|p2a: BirB|spa|1\n|-boost|p2a: BirB|spd|1\n|move|p1a: Pawmot|Thunder Punch|p2a: BirB\n|-damage|p2a: BirB|41\/100\n|\n|-ability|p2a: BirB|Speed Boost|boost\n|-boost|p2a: BirB|spe|1\n|upkeep\n|turn|4\n|\n|t:|1700393398\n|move|p2a: BirB|Roost|p2a: BirB\n|-heal|p2a: BirB|91\/100\n|-singleturn|p2a: BirB|move: Roost\n|move|p1a: Pawmot|Thunder Punch|p2a: BirB\n|-damage|p2a: BirB|51\/100\n|\n|-ability|p2a: BirB|Speed Boost|boost\n|-boost|p2a: BirB|spe|1\n|upkeep\n|turn|5\n|\n|t:|1700393407\n|move|p2a: BirB|Roost|p2a: BirB\n|-heal|p2a: BirB|100\/100\n|-singleturn|p2a: BirB|move: Roost\n|move|p1a: Pawmot|Thunder Punch|p2a: BirB\n|-damage|p2a: BirB|66\/100\n|\n|-ability|p2a: BirB|Speed Boost|boost\n|-boost|p2a: BirB|spe|1\n|upkeep\n|turn|6\n|\n|t:|1700393415\n|move|p2a: BirB|Roost|p2a: BirB\n|-heal|p2a: BirB|100\/100\n|-singleturn|p2a: BirB|move: Roost\n|move|p1a: Pawmot|Thunder Punch|p2a: BirB\n|-damage|p2a: BirB|61\/100\n|\n|-ability|p2a: BirB|Speed Boost|boost\n|-boost|p2a: BirB|spe|1\n|upkeep\n|turn|7\n|\n|t:|1700393424\n|move|p2a: BirB|Stored Power|p1a: Pawmot\n|-supereffective|p1a: Pawmot\n|-enditem|p1a: Pawmot|Focus Sash\n|-damage|p1a: Pawmot|1\/100\n|move|p1a: Pawmot|Ice Punch|p2a: BirB\n|-damage|p2a: BirB|36\/100\n|\n|-ability|p2a: BirB|Speed Boost|boost\n|-boost|p2a: BirB|spe|1\n|upkeep\n|turn|8\n|\n|t:|1700393435\n|move|p2a: BirB|Roost|p2a: BirB\n|-heal|p2a: BirB|86\/100\n|-singleturn|p2a: BirB|move: Roost\n|move|p1a: Pawmot|Fire Punch|p2a: BirB\n|-damage|p2a: BirB|62\/100\n|\n|upkeep\n|turn|9\n|\n|t:|1700393443\n|move|p2a: BirB|Roost|p2a: BirB\n|-heal|p2a: BirB|100\/100\n|-singleturn|p2a: BirB|move: Roost\n|move|p1a: Pawmot|Thunder Punch|p2a: BirB\n|-damage|p2a: BirB|65\/100\n|\n|upkeep\n|turn|10\n|\n|t:|1700393450\n|move|p2a: BirB|Stored Power|p1a: Pawmot\n|-supereffective|p1a: Pawmot\n|-damage|p1a: Pawmot|0 fnt\n|faint|p1a: Pawmot\n|\n|upkeep\n|\n|t:|1700393455\n|switch|p1a: Pawmot|Pawmot, M|100\/100\n|turn|11\n|\n|t:|1700393458\n|move|p2a: BirB|Stored Power|p1a: Pawmot\n|-supereffective|p1a: Pawmot\n|-enditem|p1a: Pawmot|Focus Sash\n|-damage|p1a: Pawmot|1\/100\n|move|p1a: Pawmot|Revival Blessing|p1a: Pawmot\n|\n|t:|1700393464\n|-heal|p1: Pawmot|50\/100|[from] move: Revival Blessing\n|\n|upkeep\n|turn|12\n|c|\u2606MEME\/\/BRAIN|OH NOOKOOOOIIIOI\n|c|\u2606MEME\/\/BRAIN|LMAO \ud83e\udd23\n|\n|t:|1700393485\n|move|p2a: BirB|Calm Mind|p2a: BirB\n|-boost|p2a: BirB|spa|1\n|-boost|p2a: BirB|spd|1\n|move|p1a: Pawmot|Thunder Punch|p2a: BirB\n|-damage|p2a: BirB|27\/100\n|\n|upkeep\n|turn|13\n|c|\u2606TheKazoo|you ok man?\n|\n|t:|1700393492\n|move|p2a: BirB|Roost|p2a: BirB\n|-heal|p2a: BirB|77\/100\n|-singleturn|p2a: BirB|move: Roost\n|move|p1a: Pawmot|Thunder Punch|p2a: BirB\n|-damage|p2a: BirB|40\/100\n|\n|upkeep\n|turn|14\n|\n|t:|1700393499\n|move|p2a: BirB|Roost|p2a: BirB\n|-heal|p2a: BirB|90\/100\n|-singleturn|p2a: BirB|move: Roost\n|move|p1a: Pawmot|Thunder Punch|p2a: BirB\n|-damage|p2a: BirB|55\/100\n|\n|upkeep\n|turn|15\n|\n|t:|1700393506\n|move|p2a: BirB|Calm Mind|p2a: BirB\n|-boost|p2a: BirB|spa|1\n|-boost|p2a: BirB|spd|1\n|move|p1a: Pawmot|Thunder Punch|p2a: BirB\n|-damage|p2a: BirB|19\/100\n|\n|upkeep\n|turn|16\n|\n|t:|1700393512\n|move|p2a: BirB|Roost|p2a: BirB\n|-heal|p2a: BirB|69\/100\n|-singleturn|p2a: BirB|move: Roost\n|move|p1a: Pawmot|Thunder Punch|p2a: BirB\n|-damage|p2a: BirB|33\/100\n|\n|upkeep\n|turn|17\n|\n|t:|1700393521\n|move|p2a: BirB|Stored Power|p1a: Pawmot\n|-supereffective|p1a: Pawmot\n|-damage|p1a: Pawmot|0 fnt\n|faint|p1a: Pawmot\n|\n|upkeep\n|\n|t:|1700393526\n|switch|p1a: Pawmot|Pawmot, F|50\/100\n|turn|18\n|\n|t:|1700393529\n|move|p2a: BirB|Stored Power|p1a: Pawmot\n|-supereffective|p1a: Pawmot\n|-damage|p1a: Pawmot|0 fnt\n|faint|p1a: Pawmot\n|\n|upkeep\n|\n|t:|1700393536\n|switch|p1a: Pawmot|Pawmot, F|100\/100\n|turn|19\n|\n|t:|1700393543\n|move|p2a: BirB|Stored Power|p1a: Pawmot\n|-supereffective|p1a: Pawmot\n|-enditem|p1a: Pawmot|Focus Sash\n|-damage|p1a: Pawmot|1\/100\n|move|p1a: Pawmot|Revival Blessing|p1a: Pawmot\n|\n|t:|1700393555\n|-heal|p1: Pawmot|50\/100|[from] move: Revival Blessing\n|\n|upkeep\n|turn|20\n|\n|t:|1700393565\n|move|p2a: BirB|Stored Power|p1a: Pawmot\n|-supereffective|p1a: Pawmot\n|-damage|p1a: Pawmot|0 fnt\n|faint|p1a: Pawmot\n|\n|upkeep\n|\n|t:|1700393575\n|switch|p1a: Pawmot|Pawmot, M|50\/100\n|turn|21\n|\n|t:|1700393586\n|move|p2a: BirB|Stored Power|p1a: Pawmot\n|-supereffective|p1a: Pawmot\n|-damage|p1a: Pawmot|0 fnt\n|faint|p1a: Pawmot\n|\n|upkeep\n|\n|t:|1700393590\n|switch|p1a: Pawmot|Pawmot, F|100\/100\n|turn|22\n|c|\u2606MEME\/\/BRAIN|Revival blessing is cool\n|c|\u2606TheKazoo|fr\n|\n|t:|1700393603\n|move|p2a: BirB|Stored Power|p1a: Pawmot\n|-supereffective|p1a: Pawmot\n|-enditem|p1a: Pawmot|Focus Sash\n|-damage|p1a: Pawmot|1\/100\n|move|p1a: Pawmot|Revival Blessing|p1a: Pawmot\n|\n|t:|1700393608\n|-heal|p1: Pawmot|50\/100|[from] move: Revival Blessing\n|\n|upkeep\n|turn|23\n|\n|t:|1700393613\n|move|p2a: BirB|Stored Power|p1a: Pawmot\n|-supereffective|p1a: Pawmot\n|-damage|p1a: Pawmot|0 fnt\n|faint|p1a: Pawmot\n|\n|upkeep\n|\n|t:|1700393618\n|switch|p1a: Pawmot|Pawmot, F|50\/100\n|turn|24\n|c|\u2606TheKazoo|mind if i do one more?\n|\n|t:|1700393635\n|move|p2a: BirB|Stored Power|p1a: Pawmot\n|-supereffective|p1a: Pawmot\n|-damage|p1a: Pawmot|0 fnt\n|faint|p1a: Pawmot\n|\n|upkeep\n|c|\u2606TheKazoo|damn\n|\n|t:|1700393642\n|switch|p1a: Clefairy|Clefairy, F, shiny|100\/100\n|turn|25\n|\n|t:|1700393660\n|move|p2a: BirB|Baton Pass|p2a: BirB\n|\n|t:|1700393662\n|switch|p2a: Skelly Boi|Skeledirge, M|100\/100|[from] Baton Pass\n|move|p1a: Clefairy|Cosmic Power|p1a: Clefairy\n|-boost|p1a: Clefairy|def|1\n|-boost|p1a: Clefairy|spd|1\n|\n|upkeep\n|turn|26\n|\n|t:|1700393670\n|move|p2a: Skelly Boi|Torch Song|p1a: Clefairy\n|-damage|p1a: Clefairy|0 fnt\n|-boost|p2a: Skelly Boi|spa|1\n|faint|p1a: Clefairy\n|\n|upkeep\n|c|\u2606TheKazoo|GAH\n|\n|t:|1700393677\n|switch|p1a: Basculegion|Basculegion, M|100\/100\n|turn|27\n|\n|t:|1700393683\n|-terastallize|p2a: Skelly Boi|Water\n|move|p2a: Skelly Boi|Shadow Ball|p1a: Basculegion\n|-supereffective|p1a: Basculegion\n|-enditem|p1a: Basculegion|Focus Sash\n|-damage|p1a: Basculegion|1\/100\n|move|p1a: Basculegion|Last Respects|p2a: Skelly Boi\n|-damage|p2a: Skelly Boi|0 fnt\n|faint|p2a: Skelly Boi\n|\n|upkeep\n|c|\u2606MEME\/\/BRAIN|Lmao \ud83e\udd23 nice\n|c|\u2606TheKazoo|i forgor to terastalize\n|\n|t:|1700393710\n|switch|p2a: Cycle|Cyclizar, M|84\/100\n|turn|28\n|-activate|p2a: Cycle|item: Quick Claw\n|\n|t:|1700393714\n|-terastallize|p1a: Basculegion|Normal\n|move|p1a: Basculegion|Last Respects|p2a: Cycle\n|-immune|p2a: Cycle\n|move|p2a: Cycle|Dragon Tail|p1a: Basculegion\n|-damage|p1a: Basculegion|0 fnt\n|faint|p1a: Basculegion\n|\n|win|MEME\/\/BRAIN\n|raw|TheKazoo's rating: 1089 &rarr; <strong>1069<\/strong><br \/>(-20 for losing)\n|raw|MEME&#x2f;&#x2f;BRAIN's rating: 1141 &rarr; <strong>1162<\/strong><br \/>(+21 for winning)\n|c|\u2606TheKazoo|:(\n|c|\u2606TheKazoo|gg\n|l|\u2606TheKazoo\n|c|\u2606MEME\/\/BRAIN|Gg\n","uploadtime":1700393742,"views":6,"p1id":"thekazoo","p2id":"memebrain","formatid":"gen9anythinggoes","rating":1069,"private":0,"password":""}