{"id":"gen9anythinggoes-1981700455","p1":"NotAtAllPockchan","p2":"hoenn militian","format":"[Gen 9] Anything Goes","log":"|j|\u2606NotAtAllPockchan\n|j|\u2606hoenn militian\n|t:|1698934845\n|gametype|singles\n|player|p1|NotAtAllPockchan|cynthia-masters|1624\n|player|p2|hoenn militian|102|1850\n|teamsize|p1|6\n|teamsize|p2|6\n|gen|9\n|tier|[Gen 9] Anything Goes\n|rated|\n|rule|HP Percentage Mod: HP is shown in percentages\n|rule|Endless Battle Clause: Forcing endless battles is banned\n|clearpoke\n|poke|p1|Calyrex-Shadow|\n|poke|p1|Zacian-*|\n|poke|p1|Groudon|\n|poke|p1|Arceus|\n|poke|p1|Ursaluna-Bloodmoon, M|\n|poke|p1|Miraidon|\n|poke|p2|Miraidon|\n|poke|p2|Grimmsnarl, M|\n|poke|p2|Skeledirge, M|\n|poke|p2|Blissey, F|\n|poke|p2|Moltres|\n|poke|p2|Calyrex-Ice|\n|teampreview\n|inactive|Battle timer is ON: inactive players will automatically lose when time's up. (requested by NotAtAllPockchan)\n|\n|t:|1698934859\n|start\n|switch|p1a: Rwar xD|Groudon, shiny|100\/100\n|switch|p2a: Moltres|Moltres|100\/100\n|-weather|SunnyDay|[from] ability: Drought|[of] p1a: Rwar xD\n|turn|1\n|\n|t:|1698934866\n|move|p1a: Rwar xD|Stealth Rock|p2a: Moltres\n|-sidestart|p2: hoenn militian|move: Stealth Rock\n|move|p2a: Moltres|Will-O-Wisp|p1a: Rwar xD\n|-status|p1a: Rwar xD|brn\n|\n|-weather|SunnyDay|[upkeep]\n|-damage|p1a: Rwar xD|94\/100 brn|[from] brn\n|upkeep\n|turn|2\n|\n|t:|1698934877\n|move|p1a: Rwar xD|Spikes|p2a: Moltres\n|-sidestart|p2: hoenn militian|Spikes\n|move|p2a: Moltres|U-turn|p1a: Rwar xD\n|-damage|p1a: Rwar xD|87\/100 brn\n|\n|t:|1698934883\n|switch|p2a: Calyrex|Calyrex-Ice|100\/100|[from] U-turn\n|-ability|p2a: Calyrex|As One\n|-ability|p2a: Calyrex|Unnerve\n|\n|-weather|SunnyDay|[upkeep]\n|-damage|p1a: Rwar xD|81\/100 brn|[from] brn\n|upkeep\n|turn|3\n|\n|t:|1698934892\n|move|p1a: Rwar xD|Spikes|p2a: Calyrex\n|-sidestart|p2: hoenn militian|Spikes\n|move|p2a: Calyrex|Glacial Lance|p1a: Rwar xD\n|-supereffective|p1a: Rwar xD\n|-damage|p1a: Rwar xD|0 fnt\n|faint|p1a: Rwar xD\n|-ability|p2a: Calyrex|Chilling Neigh|boost\n|-boost|p2a: Calyrex|atk|1\n|\n|-weather|SunnyDay|[upkeep]\n|upkeep\n|\n|t:|1698934898\n|switch|p1a: Electric snake|Miraidon|100\/100\n|-fieldstart|move: Electric Terrain|[from] ability: Hadron Engine|[of] p1a: Electric snake\n|turn|4\n|\n|t:|1698934904\n|switch|p2a: Blissey|Blissey, F|100\/100\n|move|p1a: Electric snake|Overheat|p2a: Blissey\n|-damage|p2a: Blissey|72\/100\n|-unboost|p1a: Electric snake|spa|2\n|\n|-weather|SunnyDay|[upkeep]\n|upkeep\n|turn|5\n|\n|t:|1698934914\n|switch|p1a: Russian bear|Ursaluna-Bloodmoon, M|100\/100\n|move|p2a: Blissey|Stealth Rock|p1a: Russian bear\n|-sidestart|p1: NotAtAllPockchan|move: Stealth Rock\n|\n|-weather|none\n|upkeep\n|turn|6\n|\n|t:|1698934922\n|move|p1a: Russian bear|Vacuum Wave|p2a: Blissey\n|-supereffective|p2a: Blissey\n|-damage|p2a: Blissey|64\/100\n|move|p2a: Blissey|Seismic Toss|p1a: Russian bear\n|-damage|p1a: Russian bear|77\/100\n|\n|upkeep\n|turn|7\n|\n|t:|1698934940\n|move|p1a: Russian bear|Vacuum Wave|p2a: Blissey\n|-supereffective|p2a: Blissey\n|-damage|p2a: Blissey|56\/100\n|move|p2a: Blissey|Soft-Boiled|p2a: Blissey\n|-heal|p2a: Blissey|100\/100\n|\n|upkeep\n|turn|8\n|\n|t:|1698934961\n|move|p2a: Blissey|Seismic Toss|p1a: Russian bear\n|-damage|p1a: Russian bear|54\/100\n|move|p1a: Russian bear|Blood Moon|p2a: Blissey\n|-damage|p2a: Blissey|77\/100\n|\n|-fieldend|move: Electric Terrain\n|upkeep\n|turn|9\n|\n|t:|1698934972\n|switch|p1a: DOG (w\/ sword)|Zacian-Crowned, shiny|100\/100\n|-damage|p1a: DOG (w\/ sword)|94\/100|[from] Stealth Rock\n|-ability|p1a: DOG (w\/ sword)|Intrepid Sword|boost\n|-boost|p1a: DOG (w\/ sword)|atk|1\n|move|p2a: Blissey|Seismic Toss|p1a: DOG (w\/ sword)\n|-damage|p1a: DOG (w\/ sword)|64\/100\n|\n|upkeep\n|turn|10\n|\n|t:|1698934981\n|switch|p2a: Skeledirge|Skeledirge, M|100\/100\n|move|p1a: DOG (w\/ sword)|Swords Dance|p1a: DOG (w\/ sword)\n|-boost|p1a: DOG (w\/ sword)|atk|2\n|\n|upkeep\n|turn|11\n|\n|t:|1698934989\n|move|p1a: DOG (w\/ sword)|Wild Charge|p2a: Skeledirge\n|-damage|p2a: Skeledirge|81\/100\n|-damage|p1a: DOG (w\/ sword)|57\/100|[from] Recoil\n|move|p2a: Skeledirge|Will-O-Wisp|p1a: DOG (w\/ sword)\n|-status|p1a: DOG (w\/ sword)|brn\n|\n|-damage|p1a: DOG (w\/ sword)|51\/100 brn|[from] brn\n|upkeep\n|turn|12\n|\n|t:|1698934998\n|move|p1a: DOG (w\/ sword)|Play Rough|p2a: Skeledirge\n|-resisted|p2a: Skeledirge\n|-crit|p2a: Skeledirge\n|-damage|p2a: Skeledirge|70\/100\n|move|p2a: Skeledirge|Slack Off|p2a: Skeledirge\n|-heal|p2a: Skeledirge|100\/100\n|\n|-damage|p1a: DOG (w\/ sword)|45\/100 brn|[from] brn\n|upkeep\n|turn|13\n|\n|t:|1698935006\n|switch|p1a: Russian bear|Ursaluna-Bloodmoon, M|54\/100\n|-damage|p1a: Russian bear|48\/100|[from] Stealth Rock\n|move|p2a: Skeledirge|Torch Song|p1a: Russian bear\n|-damage|p1a: Russian bear|26\/100\n|-boost|p2a: Skeledirge|spa|1\n|\n|upkeep\n|turn|14\n|\n|t:|1698935014\n|move|p2a: Skeledirge|Torch Song|p1a: Russian bear\n|-damage|p1a: Russian bear|0 fnt\n|-boost|p2a: Skeledirge|spa|1\n|faint|p1a: Russian bear\n|\n|upkeep\n|\n|t:|1698935020\n|switch|p1a: Electric snake|Miraidon|100\/100\n|-damage|p1a: Electric snake|88\/100|[from] Stealth Rock\n|-fieldstart|move: Electric Terrain|[from] ability: Hadron Engine|[of] p1a: Electric snake\n|turn|15\n|\n|t:|1698935028\n|switch|p2a: Blissey|Blissey, F|77\/100\n|-terastallize|p1a: Electric snake|Electric\n|move|p1a: Electric snake|Electro Drift|p2a: Blissey\n|-damage|p2a: Blissey|43\/100\n|\n|upkeep\n|turn|16\n|\n|t:|1698935039\n|switch|p1a: God but hes Shiny|Arceus, shiny|100\/100\n|-damage|p1a: God but hes Shiny|88\/100|[from] Stealth Rock\n|move|p2a: Blissey|Soft-Boiled|p2a: Blissey\n|-heal|p2a: Blissey|93\/100\n|\n|upkeep\n|turn|17\n|\n|t:|1698935046\n|switch|p2a: Moltres|Moltres|100\/100\n|move|p1a: God but hes Shiny|Trick|p2a: Moltres\n|-activate|p1a: God but hes Shiny|move: Trick|[of] p2a: Moltres\n|-item|p2a: Moltres|Choice Band|[from] move: Trick\n|-item|p1a: God but hes Shiny|Heavy-Duty Boots|[from] move: Trick\n|\n|upkeep\n|turn|18\n|\n|t:|1698935053\n|move|p1a: God but hes Shiny|Liquidation|p2a: Moltres\n|-supereffective|p2a: Moltres\n|-damage|p2a: Moltres|61\/100\n|-unboost|p2a: Moltres|def|1\n|move|p2a: Moltres|Will-O-Wisp|p1a: God but hes Shiny|[miss]\n|-miss|p2a: Moltres|p1a: God but hes Shiny\n|\n|upkeep\n|turn|19\n|\n|t:|1698935061\n|move|p1a: God but hes Shiny|Liquidation|p2a: Moltres\n|-supereffective|p2a: Moltres\n|-damage|p2a: Moltres|5\/100\n|move|p2a: Moltres|Will-O-Wisp|p1a: God but hes Shiny\n|-status|p1a: God but hes Shiny|brn\n|\n|-damage|p1a: God but hes Shiny|82\/100 brn|[from] brn\n|-fieldend|move: Electric Terrain\n|upkeep\n|turn|20\n|\n|t:|1698935071\n|move|p1a: God but hes Shiny|Liquidation|p2a: Moltres\n|-supereffective|p2a: Moltres\n|-damage|p2a: Moltres|0 fnt\n|faint|p2a: Moltres\n|\n|-damage|p1a: God but hes Shiny|76\/100 brn|[from] brn\n|upkeep\n|\n|t:|1698935078\n|switch|p2a: Calyrex|Calyrex-Ice|100\/100\n|-ability|p2a: Calyrex|As One\n|-ability|p2a: Calyrex|Unnerve\n|turn|21\n|\n|t:|1698935083\n|move|p1a: God but hes Shiny|Shadow Claw|p2a: Calyrex\n|-supereffective|p2a: Calyrex\n|-damage|p2a: Calyrex|87\/100\n|move|p2a: Calyrex|Glacial Lance|p1a: God but hes Shiny\n|-damage|p1a: God but hes Shiny|12\/100 brn\n|\n|-damage|p1a: God but hes Shiny|6\/100 brn|[from] brn\n|upkeep\n|turn|22\n|\n|t:|1698935092\n|move|p1a: God but hes Shiny|Shadow Claw|p2a: Calyrex\n|-supereffective|p2a: Calyrex\n|-damage|p2a: Calyrex|73\/100\n|move|p2a: Calyrex|Tera Blast|p1a: God but hes Shiny\n|-damage|p1a: God but hes Shiny|0 fnt\n|faint|p1a: God but hes Shiny\n|-ability|p2a: Calyrex|Chilling Neigh|boost\n|-boost|p2a: Calyrex|atk|1\n|\n|upkeep\n|\n|t:|1698935096\n|switch|p1a: Mop|Calyrex-Shadow|100\/100\n|-ability|p1a: Mop|As One\n|-ability|p1a: Mop|Unnerve\n|-damage|p1a: Mop|88\/100|[from] Stealth Rock\n|turn|23\n|\n|t:|1698935107\n|switch|p2a: Grimmsnarl|Grimmsnarl, M|100\/100\n|move|p1a: Mop|Astral Barrage|p2a: Grimmsnarl\n|-resisted|p2a: Grimmsnarl\n|-damage|p2a: Grimmsnarl|60\/100\n|\n|upkeep\n|turn|24\n|\n|t:|1698935114\n|switch|p1a: DOG (w\/ sword)|Zacian-Crowned, shiny|45\/100 brn\n|-damage|p1a: DOG (w\/ sword)|39\/100 brn|[from] Stealth Rock\n|move|p2a: Grimmsnarl|Spirit Break|p1a: DOG (w\/ sword)\n|-resisted|p1a: DOG (w\/ sword)\n|-damage|p1a: DOG (w\/ sword)|26\/100 brn\n|-unboost|p1a: DOG (w\/ sword)|spa|1\n|\n|-damage|p1a: DOG (w\/ sword)|20\/100 brn|[from] brn\n|upkeep\n|turn|25\n|\n|t:|1698935131\n|move|p2a: Grimmsnarl|Parting Shot|p1a: DOG (w\/ sword)\n|-unboost|p1a: DOG (w\/ sword)|atk|1\n|-unboost|p1a: DOG (w\/ sword)|spa|1\n|\n|t:|1698935135\n|switch|p2a: Skeledirge|Skeledirge, M|100\/100|[from] Parting Shot\n|move|p1a: DOG (w\/ sword)|Behemoth Blade|p2a: Skeledirge\n|-resisted|p2a: Skeledirge\n|-damage|p2a: Skeledirge|91\/100\n|\n|-damage|p1a: DOG (w\/ sword)|14\/100 brn|[from] brn\n|upkeep\n|turn|26\n|\n|t:|1698935143\n|move|p1a: DOG (w\/ sword)|Wild Charge|p2a: Skeledirge\n|-damage|p2a: Skeledirge|82\/100\n|-damage|p1a: DOG (w\/ sword)|11\/100 brn|[from] Recoil\n|move|p2a: Skeledirge|Torch Song|p1a: DOG (w\/ sword)\n|-supereffective|p1a: DOG (w\/ sword)\n|-damage|p1a: DOG (w\/ sword)|0 fnt\n|-boost|p2a: Skeledirge|spa|1\n|faint|p1a: DOG (w\/ sword)\n|\n|upkeep\n|\n|t:|1698935147\n|switch|p1a: Mop|Calyrex-Shadow|88\/100\n|-ability|p1a: Mop|As One\n|-ability|p1a: Mop|Unnerve\n|-damage|p1a: Mop|76\/100|[from] Stealth Rock\n|turn|27\n|\n|t:|1698935158\n|switch|p2a: Blissey|Blissey, F|93\/100\n|move|p1a: Mop|Astral Barrage|p2a: Blissey\n|-immune|p2a: Blissey\n|\n|upkeep\n|turn|28\n|\n|t:|1698935165\n|switch|p1a: Electric snake|Miraidon, tera:Electric|88\/100\n|-damage|p1a: Electric snake|76\/100|[from] Stealth Rock\n|-fieldstart|move: Electric Terrain|[from] ability: Hadron Engine|[of] p1a: Electric snake\n|move|p2a: Blissey|Seismic Toss|p1a: Electric snake\n|-damage|p1a: Electric snake|47\/100\n|\n|upkeep\n|turn|29\n|\n|t:|1698935177\n|move|p1a: Electric snake|Overheat|p2a: Blissey\n|-damage|p2a: Blissey|76\/100\n|-unboost|p1a: Electric snake|spa|2\n|move|p2a: Blissey|Seismic Toss|p1a: Electric snake\n|-damage|p1a: Electric snake|17\/100\n|\n|upkeep\n|turn|30\n|\n|t:|1698935184\n|switch|p1a: Mop|Calyrex-Shadow|76\/100\n|-ability|p1a: Mop|As One\n|-ability|p1a: Mop|Unnerve\n|-damage|p1a: Mop|64\/100|[from] Stealth Rock\n|move|p2a: Blissey|Seismic Toss|p1a: Mop\n|-immune|p1a: Mop\n|\n|upkeep\n|turn|31\n|\n|t:|1698935195\n|switch|p2a: Calyrex|Calyrex-Ice|73\/100\n|-ability|p2a: Calyrex|As One\n|-ability|p2a: Calyrex|Unnerve\n|move|p1a: Mop|Draining Kiss|p2a: Calyrex\n|-damage|p2a: Calyrex|54\/100\n|-heal|p1a: Mop|81\/100|[from] drain|[of] p2a: Calyrex\n|\n|upkeep\n|turn|32\n|\n|t:|1698935205\n|switch|p1a: Electric snake|Miraidon, tera:Electric|17\/100\n|-damage|p1a: Electric snake|5\/100|[from] Stealth Rock\n|-activate|p1a: Electric snake|ability: Hadron Engine\n|move|p2a: Calyrex|Glacial Lance|p1a: Electric snake\n|-damage|p1a: Electric snake|0 fnt\n|faint|p1a: Electric snake\n|-ability|p2a: Calyrex|Chilling Neigh|boost\n|-boost|p2a: Calyrex|atk|1\n|\n|-fieldend|move: Electric Terrain\n|upkeep\n|\n|t:|1698935208\n|switch|p1a: Mop|Calyrex-Shadow|81\/100\n|-ability|p1a: Mop|As One\n|-ability|p1a: Mop|Unnerve\n|-damage|p1a: Mop|69\/100|[from] Stealth Rock\n|turn|33\n|\n|t:|1698935221\n|switch|p2a: Skeledirge|Skeledirge, M|82\/100\n|move|p1a: Mop|Astral Barrage|p2a: Skeledirge\n|-supereffective|p2a: Skeledirge\n|-damage|p2a: Skeledirge|0 fnt\n|faint|p2a: Skeledirge\n|-ability|p1a: Mop|Grim Neigh|boost\n|-boost|p1a: Mop|spa|1\n|\n|upkeep\n|j| Tamu 8432227\n|\n|t:|1698935231\n|switch|p2a: Blissey|Blissey, F|76\/100\n|turn|34\n|\n|t:|1698935233\n|move|p1a: Mop|Astral Barrage|p2a: Blissey\n|-immune|p2a: Blissey\n|move|p2a: Blissey|Seismic Toss|p1a: Mop\n|-immune|p1a: Mop\n|\n|upkeep\n|turn|35\n|\n|t:|1698935240\n|move|p1a: Mop|Astral Barrage|p2a: Blissey\n|-immune|p2a: Blissey\n|move|p2a: Blissey|Seismic Toss|p1a: Mop\n|-immune|p1a: Mop\n|\n|upkeep\n|turn|36\n|-message|NotAtAllPockchan forfeited.\n|\n|win|hoenn militian\n|raw|NotAtAllPockchan's rating: 1624 &rarr; <strong>1615<\/strong><br \/>(-9 for losing)\n|raw|hoenn militian's rating: 1850 &rarr; <strong>1859<\/strong><br \/>(+9 for winning)\n|l|\u2606NotAtAllPockchan\n|j| GUESSWHOTPRADO\n|l| GUESSWHOTPRADO\n","uploadtime":1698935250,"views":10,"p1id":"notatallpockchan","p2id":"hoennmilitian","formatid":"gen9anythinggoes","rating":1615,"private":0,"password":""}