{"id":"gen9anythinggoes-1985961013","p1":"isurmomcuteaf","p2":"Eriririririririric","format":"[Gen 9] Anything Goes","log":"|j|\u203disurmomcuteaf\n|j|\u2606Eriririririririric\n|t:|1699430207\n|gametype|singles\n|player|p1|isurmomcuteaf|2|1407\n|player|p2|Eriririririririric|hooligans|1527\n|teamsize|p1|6\n|teamsize|p2|6\n|gen|9\n|tier|[Gen 9] Anything Goes\n|rated|\n|rule|HP Percentage Mod: HP is shown in percentages\n|rule|Endless Battle Clause: Forcing endless battles is banned\n|clearpoke\n|poke|p1|Lycanroc-Dusk, M|\n|poke|p1|Dragapult, M|\n|poke|p1|Calyrex-Shadow|\n|poke|p1|Arceus|\n|poke|p1|Regieleki|\n|poke|p1|Zacian-*|\n|poke|p2|Koraidon|\n|poke|p2|Miraidon|\n|poke|p2|Cloyster, M|\n|poke|p2|Calyrex-Shadow|\n|poke|p2|Zacian-*|\n|poke|p2|Ditto|\n|teampreview\n|inactive|Battle timer is ON: inactive players will automatically lose when time's up. (requested by isurmomcuteaf)\n|\n|t:|1699430216\n|start\n|switch|p1a: Lycanroc|Lycanroc-Dusk, M|100\/100\n|switch|p2a: \u5367\u69fd|Cloyster, M|100\/100\n|turn|1\n|c|\u2606Eriririririririric|hei bowei\n|\n|t:|1699430226\n|move|p1a: Lycanroc|Taunt|p2a: \u5367\u69fd\n|-start|p2a: \u5367\u69fd|move: Taunt\n|move|p2a: \u5367\u69fd|Drill Run|p1a: Lycanroc\n|-supereffective|p1a: Lycanroc\n|-damage|p1a: Lycanroc|23\/100\n|\n|upkeep\n|turn|2\n|\n|t:|1699430237\n|move|p1a: Lycanroc|Close Combat|p2a: \u5367\u69fd\n|-supereffective|p2a: \u5367\u69fd\n|-damage|p2a: \u5367\u69fd|9\/100\n|-unboost|p1a: Lycanroc|def|1\n|-unboost|p1a: Lycanroc|spd|1\n|move|p2a: \u5367\u69fd|Drill Run|p1a: Lycanroc\n|-supereffective|p1a: Lycanroc\n|-crit|p1a: Lycanroc\n|-damage|p1a: Lycanroc|0 fnt\n|faint|p1a: Lycanroc\n|\n|upkeep\n|\n|t:|1699430247\n|switch|p1a: Regieleki|Regieleki|100\/100\n|turn|3\n|\n|t:|1699430252\n|move|p1a: Regieleki|Thunderbolt|p2a: \u5367\u69fd\n|-supereffective|p2a: \u5367\u69fd\n|-damage|p2a: \u5367\u69fd|0 fnt\n|faint|p2a: \u5367\u69fd\n|\n|upkeep\n|\n|t:|1699430269\n|switch|p2a: h\u4fc4\u5927\u4f7f|Koraidon|100\/100\n|-weather|SunnyDay|[from] ability: Orichalcum Pulse|[of] p2a: h\u4fc4\u5927\u4f7f\n|-activate|p2a: h\u4fc4\u5927\u4f7f|Orichalcum Pulse|[source]\n|turn|4\n|\n|t:|1699430280\n|-terastallize|p2a: h\u4fc4\u5927\u4f7f|Fire\n|move|p2a: h\u4fc4\u5927\u4f7f|Flare Blitz|p1a: Regieleki\n|-damage|p1a: Regieleki|0 fnt\n|faint|p1a: Regieleki\n|-damage|p2a: h\u4fc4\u5927\u4f7f|71\/100|[from] Recoil\n|\n|-weather|SunnyDay|[upkeep]\n|upkeep\n|\n|t:|1699430285\n|switch|p1a: Arceus|Arceus|100\/100\n|turn|5\n|\n|t:|1699430294\n|move|p2a: h\u4fc4\u5927\u4f7f|Flare Blitz|p1a: Arceus\n|-damage|p1a: Arceus|14\/100\n|-status|p1a: Arceus|brn\n|-damage|p2a: h\u4fc4\u5927\u4f7f|34\/100|[from] Recoil\n|move|p1a: Arceus|Swords Dance|p1a: Arceus\n|-boost|p1a: Arceus|atk|2\n|\n|-weather|SunnyDay|[upkeep]\n|-damage|p1a: Arceus|8\/100 brn|[from] brn\n|upkeep\n|turn|6\n|\n|t:|1699430305\n|move|p1a: Arceus|Extreme Speed|p2a: h\u4fc4\u5927\u4f7f\n|-damage|p2a: h\u4fc4\u5927\u4f7f|0 fnt\n|faint|p2a: h\u4fc4\u5927\u4f7f\n|\n|-weather|SunnyDay|[upkeep]\n|-damage|p1a: Arceus|2\/100 brn|[from] brn\n|upkeep\n|\n|t:|1699430313\n|switch|p2a: mama|Ditto|100\/100\n|-transform|p2a: mama|p1a: Arceus|[from] ability: Imposter\n|turn|7\n|\n|t:|1699430318\n|move|p2a: mama|Extreme Speed|p1a: Arceus\n|-damage|p1a: Arceus|0 fnt\n|faint|p1a: Arceus\n|\n|-weather|SunnyDay|[upkeep]\n|upkeep\n|\n|t:|1699430323\n|switch|p1a: Dragapult|Dragapult, M|100\/100\n|turn|8\n|c|\u2606Eriririririririric|lol bowei\n|\n|t:|1699430335\n|move|p1a: Dragapult|Dragon Darts|p2a: mama\n|-crit|p2a: mama\n|-damage|p2a: mama|48\/100\n|-anim|p1a: Dragapult|Dragon Darts|p2a: mama\n|-crit|p2a: mama\n|-damage|p2a: mama|0 fnt\n|faint|p2a: mama\n|-damage|p1a: Dragapult|91\/100|[from] item: Life Orb\n|\n|-weather|none\n|upkeep\n|\n|t:|1699430345\n|switch|p2a: Zacian|Zacian-Crowned|100\/100\n|-ability|p2a: Zacian|Intrepid Sword|boost\n|-boost|p2a: Zacian|atk|1\n|turn|9\n|\n|t:|1699430355\n|switch|p1a: Zacian|Zacian-Crowned|100\/100\n|-ability|p1a: Zacian|Intrepid Sword|boost\n|-boost|p1a: Zacian|atk|1\n|move|p2a: Zacian|Play Rough|p1a: Zacian\n|-resisted|p1a: Zacian\n|-damage|p1a: Zacian|64\/100\n|\n|upkeep\n|turn|10\n|\n|t:|1699430361\n|move|p1a: Zacian|Close Combat|p2a: Zacian\n|-damage|p2a: Zacian|30\/100\n|-unboost|p1a: Zacian|def|1\n|-unboost|p1a: Zacian|spd|1\n|move|p2a: Zacian|Behemoth Blade|p1a: Zacian\n|-damage|p1a: Zacian|0 fnt\n|faint|p1a: Zacian\n|\n|upkeep\n|\n|t:|1699430367\n|switch|p1a: Calyrex|Calyrex-Shadow|100\/100\n|-ability|p1a: Calyrex|As One\n|-ability|p1a: Calyrex|Unnerve\n|turn|11\n|\n|t:|1699430371\n|move|p1a: Calyrex|Astral Barrage|p2a: Zacian\n|-damage|p2a: Zacian|0 fnt\n|faint|p2a: Zacian\n|-ability|p1a: Calyrex|Grim Neigh|boost\n|-boost|p1a: Calyrex|spa|1\n|\n|upkeep\n|\n|t:|1699430375\n|switch|p2a: \u4f60\u597d|Calyrex-Shadow|100\/100\n|-ability|p2a: \u4f60\u597d|As One\n|-ability|p2a: \u4f60\u597d|Unnerve\n|turn|12\n|\n|t:|1699430379\n|-terastallize|p1a: Calyrex|Dark\n|move|p2a: \u4f60\u597d|Astral Barrage|p1a: Calyrex\n|-resisted|p1a: Calyrex\n|-damage|p1a: Calyrex|64\/100\n|move|p1a: Calyrex|Astral Barrage|p2a: \u4f60\u597d\n|-supereffective|p2a: \u4f60\u597d\n|-damage|p2a: \u4f60\u597d|0 fnt\n|faint|p2a: \u4f60\u597d\n|-ability|p1a: Calyrex|Grim Neigh|boost\n|-boost|p1a: Calyrex|spa|1\n|\n|upkeep\n|\n|t:|1699430385\n|switch|p2a: \u4f60\u5988|Miraidon|100\/100\n|-fieldstart|move: Electric Terrain|[from] ability: Hadron Engine|[of] p2a: \u4f60\u5988\n|turn|13\n|\n|t:|1699430387\n|move|p1a: Calyrex|Astral Barrage|p2a: \u4f60\u5988\n|-damage|p2a: \u4f60\u5988|0 fnt\n|faint|p2a: \u4f60\u5988\n|\n|win|isurmomcuteaf\n|raw|isurmomcuteaf's rating: 1407 &rarr; <strong>1434<\/strong><br \/>(+27 for winning)\n|raw|Eriririririririric's rating: 1527 &rarr; <strong>1500<\/strong><br \/>(-27 for losing)\n","uploadtime":1699430390,"views":16,"p1id":"isurmomcuteaf","p2id":"eriririririririric","formatid":"gen9anythinggoes","rating":1434,"private":0,"password":""}