{"id":"gen9anythinggoes-1990705202","p1":"Carnobar","p2":"Denjamin1986","format":"[Gen 9] Anything Goes","log":"|j|\u2606Carnobar\n|j|\u2606Denjamin1986\n|t:|1699993349\n|gametype|singles\n|player|p1|Carnobar|266|\n|player|p2|Denjamin1986|gentleman-gen4dp|\n|teamsize|p1|6\n|teamsize|p2|6\n|gen|9\n|tier|[Gen 9] Anything Goes\n|rule|HP Percentage Mod: HP is shown in percentages\n|rule|Endless Battle Clause: Forcing endless battles is banned\n|clearpoke\n|poke|p1|Scizor, M|\n|poke|p1|Chansey, F|\n|poke|p1|Toxapex, F|\n|poke|p1|Charizard, M|\n|poke|p1|Grimmsnarl, M|\n|poke|p1|Iron Hands|\n|poke|p2|Chandelure, M|\n|poke|p2|Kommo-o, F|\n|poke|p2|Muk, M|\n|poke|p2|Gliscor, M|\n|poke|p2|Ogerpon-Wellspring, F|\n|poke|p2|Bronzong|\n|teampreview\n|c|\u2606Denjamin1986|GL hf\n|c|\u2606Carnobar|dir auch\n|\n|t:|1699993386\n|start\n|switch|p1a: Hands up|Iron Hands, shiny|100\/100\n|switch|p2a: Mein Buddy|Chandelure, M, shiny|100\/100\n|turn|1\n|\n|t:|1699993409\n|-end|p1a: Hands up|Quark Drive|[silent]\n|switch|p1a: Ash|Charizard, M, shiny|100\/100\n|move|p2a: Mein Buddy|Will-O-Wisp|p1a: Ash\n|-immune|p1a: Ash\n|\n|upkeep\n|turn|2\n|\n|t:|1699993433\n|move|p1a: Ash|Hurricane|p2a: Mein Buddy\n|-damage|p2a: Mein Buddy|25\/100\n|move|p2a: Mein Buddy|Hex|p1a: Ash\n|-damage|p1a: Ash|56\/100\n|\n|upkeep\n|turn|3\n|\n|t:|1699993444\n|switch|p2a: Chef der Chefs|Muk, M, shiny|100\/100\n|move|p1a: Ash|Hurricane|p2a: Chef der Chefs\n|-damage|p2a: Chef der Chefs|77\/100\n|-start|p2a: Chef der Chefs|confusion\n|\n|upkeep\n|turn|4\n|\n|t:|1699993461\n|switch|p1a: Badass|Scizor, M, shiny|100\/100\n|-activate|p2a: Chef der Chefs|confusion\n|-damage|p2a: Chef der Chefs|68\/100|[from] confusion\n|\n|upkeep\n|turn|5\n|\n|t:|1699993474\n|switch|p2a: Die Glocke|Bronzong, shiny|100\/100\n|move|p1a: Badass|Swords Dance|p1a: Badass\n|-boost|p1a: Badass|atk|2\n|\n|upkeep\n|turn|6\n|\n|t:|1699993492\n|switch|p2a: He is Back|Gliscor, M, shiny|100\/100\n|move|p1a: Badass|Thief|p2a: He is Back\n|-damage|p2a: He is Back|42\/100\n|-damage|p1a: Badass|91\/100|[from] item: Life Orb\n|\n|-status|p2a: He is Back|tox|[from] item: Toxic Orb\n|upkeep\n|turn|7\n|\n|t:|1699993507\n|move|p1a: Badass|Bullet Punch|p2a: He is Back\n|-damage|p2a: He is Back|0 fnt\n|faint|p2a: He is Back\n|-damage|p1a: Badass|81\/100|[from] item: Life Orb\n|\n|upkeep\n|\n|t:|1699993533\n|switch|p2a: So ein S\u00fc\u00dfi|Ogerpon-Wellspring, F|100\/100\n|turn|8\n|\n|t:|1699993573\n|move|p1a: Badass|Bullet Punch|p2a: So ein S\u00fc\u00dfi\n|-resisted|p2a: So ein S\u00fc\u00dfi\n|-damage|p2a: So ein S\u00fc\u00dfi|45\/100\n|-damage|p1a: Badass|71\/100|[from] item: Life Orb\n|move|p2a: So ein S\u00fc\u00dfi|Ivy Cudgel|p1a: Badass|[anim] Ivy Cudgel Water\n|-damage|p1a: Badass|15\/100\n|\n|upkeep\n|turn|9\n|\n|t:|1699993593\n|switch|p2a: Die Glocke|Bronzong, shiny|100\/100\n|move|p1a: Badass|Bullet Punch|p2a: Die Glocke\n|-resisted|p2a: Die Glocke\n|-damage|p2a: Die Glocke|67\/100\n|-damage|p1a: Badass|5\/100|[from] item: Life Orb\n|\n|-heal|p2a: Die Glocke|73\/100|[from] item: Leftovers\n|upkeep\n|turn|10\n|\n|t:|1699993609\n|move|p1a: Badass|Thief|p2a: Die Glocke\n|-supereffective|p2a: Die Glocke\n|-damage|p2a: Die Glocke|0 fnt\n|faint|p2a: Die Glocke\n|-damage|p1a: Badass|0 fnt|[from] item: Life Orb\n|faint|p1a: Badass\n|\n|upkeep\n|\n|t:|1699993644\n|switch|p1a: D\u00e4mon|Grimmsnarl, M, shiny|100\/100\n|switch|p2a: So ein S\u00fc\u00dfi|Ogerpon-Wellspring, F|45\/100\n|turn|11\n|\n|t:|1699993660\n|move|p1a: D\u00e4mon|Reflect|p1a: D\u00e4mon\n|-sidestart|p1: Carnobar|Reflect\n|move|p2a: So ein S\u00fc\u00dfi|Synthesis|p2a: So ein S\u00fc\u00dfi\n|-heal|p2a: So ein S\u00fc\u00dfi|95\/100\n|\n|upkeep\n|turn|12\n|\n|t:|1699993669\n|move|p1a: D\u00e4mon|Parting Shot|p2a: So ein S\u00fc\u00dfi\n|-unboost|p2a: So ein S\u00fc\u00dfi|atk|1\n|-unboost|p2a: So ein S\u00fc\u00dfi|spa|1\n|\n|t:|1699993676\n|switch|p1a: Eiei|Chansey, F|100\/100|[from] Parting Shot\n|move|p2a: So ein S\u00fc\u00dfi|U-turn|p1a: Eiei\n|-damage|p1a: Eiei|94\/100\n|\n|t:|1699993695\n|switch|p2a: Macherin|Kommo-o, F, shiny|100\/100|[from] U-turn\n|\n|upkeep\n|turn|13\n|\n|t:|1699993713\n|switch|p1a: D\u00e4mon|Grimmsnarl, M, shiny|100\/100\n|move|p2a: Macherin|Dragon Dance|p2a: Macherin\n|-boost|p2a: Macherin|atk|1\n|-boost|p2a: Macherin|spe|1\n|\n|upkeep\n|turn|14\n|\n|t:|1699993726\n|move|p1a: D\u00e4mon|Parting Shot|p2a: Macherin\n|-unboost|p2a: Macherin|atk|1\n|-unboost|p2a: Macherin|spa|1\n|\n|t:|1699993734\n|switch|p1a: Toxtox|Toxapex, F|100\/100|[from] Parting Shot\n|move|p2a: Macherin|Iron Head|p1a: Toxtox\n|-resisted|p1a: Toxtox\n|-damage|p1a: Toxtox|97\/100\n|\n|upkeep\n|turn|15\n|\n|t:|1699993748\n|switch|p2a: Chef der Chefs|Muk, M, shiny|68\/100\n|move|p1a: Toxtox|Toxic Spikes|p2a: Chef der Chefs\n|-sidestart|p2: Denjamin1986|move: Toxic Spikes\n|\n|upkeep\n|turn|16\n|\n|t:|1699993776\n|switch|p1a: Eiei|Chansey, F|94\/100\n|move|p2a: Chef der Chefs|Knock Off|p1a: Eiei\n|-damage|p1a: Eiei|86\/100\n|-enditem|p1a: Eiei|Eviolite|[from] move: Knock Off|[of] p2a: Chef der Chefs\n|\n|upkeep\n|turn|17\n|\n|t:|1699993787\n|move|p1a: Eiei|Shadow Ball|p2a: Chef der Chefs\n|-damage|p2a: Chef der Chefs|64\/100\n|move|p2a: Chef der Chefs|Drain Punch|p1a: Eiei\n|-supereffective|p1a: Eiei\n|-damage|p1a: Eiei|67\/100\n|-heal|p2a: Chef der Chefs|78\/100|[from] drain|[of] p1a: Eiei\n|\n|upkeep\n|turn|18\n|\n|t:|1699993800\n|move|p2a: Chef der Chefs|Zen Headbutt|p1a: Eiei\n|-damage|p1a: Eiei|58\/100\n|move|p1a: Eiei|Calm Mind|p1a: Eiei\n|-boost|p1a: Eiei|spa|1\n|-boost|p1a: Eiei|spd|1\n|\n|-sideend|p1: Carnobar|Reflect\n|upkeep\n|turn|19\n|\n|t:|1699993811\n|move|p2a: Chef der Chefs|Drain Punch|p1a: Eiei\n|-supereffective|p1a: Eiei\n|-damage|p1a: Eiei|20\/100\n|-heal|p2a: Chef der Chefs|100\/100|[from] drain|[of] p1a: Eiei\n|-status|p1a: Eiei|psn|[from] ability: Poison Touch|[of] p2a: Chef der Chefs\n|move|p1a: Eiei|Calm Mind|p1a: Eiei\n|-boost|p1a: Eiei|spa|1\n|-boost|p1a: Eiei|spd|1\n|\n|-damage|p1a: Eiei|7\/100 psn|[from] psn\n|upkeep\n|turn|20\n|\n|t:|1699993823\n|move|p1a: Eiei|Soft-Boiled|p1a: Eiei\n|-heal|p1a: Eiei|57\/100 psn\n|move|p2a: Chef der Chefs|Zen Headbutt|p1a: Eiei\n|-damage|p1a: Eiei|37\/100 psn\n|\n|-damage|p1a: Eiei|24\/100 psn|[from] psn\n|upkeep\n|turn|21\n|\n|t:|1699993832\n|move|p2a: Chef der Chefs|Drain Punch|p1a: Eiei\n|-supereffective|p1a: Eiei\n|-damage|p1a: Eiei|0 fnt\n|faint|p1a: Eiei\n|\n|upkeep\n|\n|t:|1699993848\n|switch|p1a: Hands up|Iron Hands, shiny|100\/100\n|turn|22\n|\n|t:|1699993857\n|switch|p2a: Mein Buddy|Chandelure, M, shiny|25\/100\n|move|p1a: Hands up|Earthquake|p2a: Mein Buddy\n|-supereffective|p2a: Mein Buddy\n|-damage|p2a: Mein Buddy|0 fnt\n|faint|p2a: Mein Buddy\n|\n|upkeep\n|\n|t:|1699993868\n|switch|p2a: Chef der Chefs|Muk, M, shiny|100\/100\n|-sideend|p2: Denjamin1986|move: Toxic Spikes|[of] p2a: Chef der Chefs\n|turn|23\n|\n|t:|1699993877\n|switch|p2a: So ein S\u00fc\u00dfi|Ogerpon-Wellspring, F|95\/100\n|move|p1a: Hands up|Earthquake|p2a: So ein S\u00fc\u00dfi\n|-resisted|p2a: So ein S\u00fc\u00dfi\n|-crit|p2a: So ein S\u00fc\u00dfi\n|-damage|p2a: So ein S\u00fc\u00dfi|35\/100\n|\n|upkeep\n|turn|24\n|\n|t:|1699993897\n|-end|p1a: Hands up|Quark Drive|[silent]\n|switch|p1a: Toxtox|Toxapex, F|100\/100\n|move|p2a: So ein S\u00fc\u00dfi|Synthesis|p2a: So ein S\u00fc\u00dfi\n|-heal|p2a: So ein S\u00fc\u00dfi|85\/100\n|\n|upkeep\n|turn|25\n|\n|t:|1699993914\n|switch|p2a: Chef der Chefs|Muk, M, shiny|100\/100\n|switch|p1a: Hands up|Iron Hands, shiny|100\/100\n|\n|upkeep\n|turn|26\n|\n|t:|1699993928\n|switch|p2a: So ein S\u00fc\u00dfi|Ogerpon-Wellspring, F|85\/100\n|move|p1a: Hands up|Wild Charge|p2a: So ein S\u00fc\u00dfi\n|-damage|p2a: So ein S\u00fc\u00dfi|0 fnt\n|faint|p2a: So ein S\u00fc\u00dfi\n|-damage|p1a: Hands up|87\/100|[from] Recoil\n|\n|upkeep\n|\n|t:|1699993939\n|switch|p2a: Macherin|Kommo-o, F, shiny|100\/100\n|turn|27\n|\n|t:|1699993948\n|move|p2a: Macherin|Iron Head|p1a: Hands up\n|-resisted|p1a: Hands up\n|-damage|p1a: Hands up|79\/100\n|move|p1a: Hands up|Wild Charge|p2a: Macherin\n|-resisted|p2a: Macherin\n|-damage|p2a: Macherin|65\/100\n|-damage|p1a: Hands up|74\/100|[from] Recoil\n|\n|-heal|p2a: Macherin|71\/100|[from] item: Leftovers\n|upkeep\n|turn|28\n|\n|t:|1699993963\n|-end|p1a: Hands up|Quark Drive|[silent]\n|switch|p1a: Toxtox|Toxapex, F|100\/100\n|move|p2a: Macherin|Dragon Dance|p2a: Macherin\n|-boost|p2a: Macherin|atk|1\n|-boost|p2a: Macherin|spe|1\n|\n|-heal|p2a: Macherin|77\/100|[from] item: Leftovers\n|upkeep\n|turn|29\n|\n|t:|1699993973\n|move|p2a: Macherin|Dragon Claw|p1a: Toxtox\n|-damage|p1a: Toxtox|69\/100\n|move|p1a: Toxtox|Haze|p1a: Toxtox\n|-clearallboost\n|\n|-heal|p2a: Macherin|83\/100|[from] item: Leftovers\n|upkeep\n|turn|30\n|\n|t:|1699993987\n|move|p2a: Macherin|Dragon Claw|p1a: Toxtox\n|-damage|p1a: Toxtox|47\/100\n|move|p1a: Toxtox|Surf|p2a: Macherin\n|-resisted|p2a: Macherin\n|-damage|p2a: Macherin|73\/100\n|\n|-heal|p2a: Macherin|79\/100|[from] item: Leftovers\n|upkeep\n|turn|31\n|\n|t:|1699993999\n|switch|p1a: D\u00e4mon|Grimmsnarl, M, shiny|100\/100\n|move|p2a: Macherin|Dragon Dance|p2a: Macherin\n|-boost|p2a: Macherin|atk|1\n|-boost|p2a: Macherin|spe|1\n|\n|-heal|p2a: Macherin|85\/100|[from] item: Leftovers\n|upkeep\n|turn|32\n|\n|t:|1699994010\n|move|p1a: D\u00e4mon|Reflect|p1a: D\u00e4mon\n|-sidestart|p1: Carnobar|Reflect\n|move|p2a: Macherin|Iron Head|p1a: D\u00e4mon\n|-supereffective|p1a: D\u00e4mon\n|-damage|p1a: D\u00e4mon|54\/100\n|\n|-heal|p2a: Macherin|91\/100|[from] item: Leftovers\n|upkeep\n|turn|33\n|\n|t:|1699994024\n|move|p1a: D\u00e4mon|Parting Shot|p2a: Macherin\n|-unboost|p2a: Macherin|atk|1\n|-unboost|p2a: Macherin|spa|1\n|\n|t:|1699994030\n|switch|p1a: Ash|Charizard, M, shiny|56\/100|[from] Parting Shot\n|move|p2a: Macherin|Dragon Dance|p2a: Macherin\n|-boost|p2a: Macherin|atk|1\n|-boost|p2a: Macherin|spe|1\n|\n|-heal|p2a: Macherin|97\/100|[from] item: Leftovers\n|upkeep\n|turn|34\n|\n|t:|1699994042\n|move|p2a: Macherin|Dragon Claw|p1a: Ash\n|-damage|p1a: Ash|15\/100\n|move|p1a: Ash|Hurricane|p2a: Macherin\n|-supereffective|p2a: Macherin\n|-damage|p2a: Macherin|0 fnt\n|faint|p2a: Macherin\n|\n|upkeep\n|\n|t:|1699994051\n|switch|p2a: Chef der Chefs|Muk, M, shiny|100\/100\n|turn|35\n|\n|t:|1699994061\n|switch|p1a: Hands up|Iron Hands, shiny|74\/100\n|move|p2a: Chef der Chefs|Poison Jab|p1a: Hands up\n|-damage|p1a: Hands up|64\/100\n|-status|p1a: Hands up|psn\n|\n|-damage|p1a: Hands up|52\/100 psn|[from] psn\n|upkeep\n|turn|36\n|\n|t:|1699994071\n|move|p2a: Chef der Chefs|Zen Headbutt|p1a: Hands up\n|-supereffective|p1a: Hands up\n|-damage|p1a: Hands up|40\/100 psn\n|move|p1a: Hands up|Earthquake|p2a: Chef der Chefs\n|-supereffective|p2a: Chef der Chefs\n|-damage|p2a: Chef der Chefs|0 fnt\n|faint|p2a: Chef der Chefs\n|\n|win|Carnobar\n|c|\u2606Denjamin1986|Gg\n|c|\u2606Carnobar|gg\n","uploadtime":1699994092,"views":16,"p1id":"carnobar","p2id":"denjamin1986","formatid":"gen9anythinggoes","rating":0,"private":0,"password":""}