{"id":"gen9anythinggoes-1983061905","p1":"danny.q60","p2":"plooshidocs","format":"[Gen 9] Anything Goes","log":"|j|\u2606danny.q60\n|j|\u2606plooshidocs\n|t:|1699077697\n|gametype|singles\n|player|p1|danny.q60|2|1257\n|player|p2|plooshidocs|buck|1244\n|teamsize|p1|6\n|teamsize|p2|6\n|gen|9\n|tier|[Gen 9] Anything Goes\n|rated|\n|rule|HP Percentage Mod: HP is shown in percentages\n|rule|Endless Battle Clause: Forcing endless battles is banned\n|clearpoke\n|poke|p1|Drifblim, M|\n|poke|p1|Gyarados, M|\n|poke|p1|Tyranitar, M|\n|poke|p1|Ursaring, M|\n|poke|p1|Maushold|\n|poke|p1|Dragapult, M|\n|poke|p2|Scizor, M|\n|poke|p2|Azumarill, F|\n|poke|p2|Eelektross, M|\n|poke|p2|Drifblim, F|\n|poke|p2|Calyrex-Shadow|\n|poke|p2|Miraidon|\n|teampreview\n|inactive|Battle timer is ON: inactive players will automatically lose when time's up. (requested by danny.q60)\n|inactive|plooshidocs has 120 seconds left.\n|inactive|plooshidocs has 90 seconds left.\n|\n|t:|1699077768\n|start\n|switch|p1a: Drifblim|Drifblim, M, shiny|100\/100\n|switch|p2a: Drifblim|Drifblim, F|100\/100\n|turn|1\n|\n|t:|1699077774\n|move|p1a: Drifblim|Substitute|p1a: Drifblim\n|-start|p1a: Drifblim|Substitute\n|-damage|p1a: Drifblim|75\/100\n|move|p2a: Drifblim|Shadow Ball|p1a: Drifblim\n|-supereffective|p1a: Drifblim\n|-end|p1a: Drifblim|Substitute\n|\n|upkeep\n|turn|2\n|\n|t:|1699077784\n|-terastallize|p1a: Drifblim|Dark\n|move|p1a: Drifblim|Substitute|p1a: Drifblim\n|-start|p1a: Drifblim|Substitute\n|-damage|p1a: Drifblim|50\/100\n|move|p2a: Drifblim|Shadow Ball|p1a: Drifblim\n|-resisted|p1a: Drifblim\n|-activate|p1a: Drifblim|move: Substitute|[damage]\n|\n|upkeep\n|turn|3\n|\n|t:|1699077792\n|move|p1a: Drifblim|Minimize|p1a: Drifblim\n|-boost|p1a: Drifblim|evasion|2\n|move|p2a: Drifblim|Minimize|p2a: Drifblim\n|-boost|p2a: Drifblim|evasion|2\n|\n|upkeep\n|turn|4\n|\n|t:|1699077798\n|move|p1a: Drifblim|Minimize|p1a: Drifblim\n|-boost|p1a: Drifblim|evasion|2\n|move|p2a: Drifblim|Minimize|p2a: Drifblim\n|-boost|p2a: Drifblim|evasion|2\n|\n|upkeep\n|turn|5\n|\n|t:|1699077806\n|move|p1a: Drifblim|Minimize|p1a: Drifblim\n|-boost|p1a: Drifblim|evasion|2\n|move|p2a: Drifblim|Minimize|p2a: Drifblim\n|-boost|p2a: Drifblim|evasion|2\n|\n|upkeep\n|turn|6\n|inactive|plooshidocs has 120 seconds left.\n|\n|t:|1699077855\n|move|p1a: Drifblim|Baton Pass|p1a: Drifblim\n|\n|t:|1699077871\n|switch|p1a: Gyarados|Gyarados, M, shiny|100\/100|[from] Baton Pass\n|move|p2a: Drifblim|Calm Mind|p2a: Drifblim\n|-boost|p2a: Drifblim|spa|1\n|-boost|p2a: Drifblim|spd|1\n|\n|upkeep\n|turn|7\n|\n|t:|1699077877\n|move|p1a: Gyarados|Dragon Dance|p1a: Gyarados\n|-boost|p1a: Gyarados|atk|1\n|-boost|p1a: Gyarados|spe|1\n|move|p2a: Drifblim|Calm Mind|p2a: Drifblim\n|-boost|p2a: Drifblim|spa|1\n|-boost|p2a: Drifblim|spd|1\n|\n|upkeep\n|turn|8\n|\n|t:|1699077890\n|move|p1a: Gyarados|Dragon Dance|p1a: Gyarados\n|-boost|p1a: Gyarados|atk|1\n|-boost|p1a: Gyarados|spe|1\n|move|p2a: Drifblim|Calm Mind|p2a: Drifblim\n|-boost|p2a: Drifblim|spa|1\n|-boost|p2a: Drifblim|spd|1\n|\n|upkeep\n|turn|9\n|\n|t:|1699077901\n|move|p1a: Gyarados|Ice Fang|p2a: Drifblim|[miss]\n|-miss|p1a: Gyarados|p2a: Drifblim\n|move|p2a: Drifblim|Calm Mind|p2a: Drifblim\n|-boost|p2a: Drifblim|spa|1\n|-boost|p2a: Drifblim|spd|1\n|\n|upkeep\n|turn|10\n|\n|t:|1699077905\n|move|p1a: Gyarados|Ice Fang|p2a: Drifblim|[miss]\n|-miss|p1a: Gyarados|p2a: Drifblim\n|move|p2a: Drifblim|Calm Mind|p2a: Drifblim\n|-boost|p2a: Drifblim|spa|1\n|-boost|p2a: Drifblim|spd|1\n|\n|upkeep\n|turn|11\n|\n|t:|1699077908\n|move|p1a: Gyarados|Ice Fang|p2a: Drifblim|[miss]\n|-miss|p1a: Gyarados|p2a: Drifblim\n|move|p2a: Drifblim|Calm Mind|p2a: Drifblim\n|-boost|p2a: Drifblim|spa|1\n|-boost|p2a: Drifblim|spd|1\n|\n|upkeep\n|turn|12\n|\n|t:|1699077911\n|move|p1a: Gyarados|Ice Fang|p2a: Drifblim|[miss]\n|-miss|p1a: Gyarados|p2a: Drifblim\n|move|p2a: Drifblim|Shadow Ball|p1a: Gyarados\n|-end|p1a: Gyarados|Substitute\n|\n|upkeep\n|turn|13\n|\n|t:|1699077919\n|move|p1a: Gyarados|Ice Fang|p2a: Drifblim|[miss]\n|-miss|p1a: Gyarados|p2a: Drifblim\n|move|p2a: Drifblim|Shadow Ball|p1a: Gyarados|[miss]\n|-miss|p2a: Drifblim|p1a: Gyarados\n|\n|upkeep\n|turn|14\n|\n|t:|1699077922\n|move|p1a: Gyarados|Ice Fang|p2a: Drifblim|[miss]\n|-miss|p1a: Gyarados|p2a: Drifblim\n|move|p2a: Drifblim|Shadow Ball|p1a: Gyarados\n|-enditem|p1a: Gyarados|Focus Sash\n|-damage|p1a: Gyarados|1\/100\n|\n|upkeep\n|turn|15\n|\n|t:|1699077925\n|move|p1a: Gyarados|Ice Fang|p2a: Drifblim\n|-supereffective|p2a: Drifblim\n|-enditem|p2a: Drifblim|Focus Sash\n|-damage|p2a: Drifblim|1\/100\n|move|p2a: Drifblim|Shadow Ball|p1a: Gyarados|[miss]\n|-miss|p2a: Drifblim|p1a: Gyarados\n|\n|upkeep\n|turn|16\n|\n|t:|1699077929\n|move|p1a: Gyarados|Ice Fang|p2a: Drifblim|[miss]\n|-miss|p1a: Gyarados|p2a: Drifblim\n|move|p2a: Drifblim|Shadow Ball|p1a: Gyarados\n|-damage|p1a: Gyarados|0 fnt\n|faint|p1a: Gyarados\n|\n|upkeep\n|\n|t:|1699077933\n|switch|p1a: Tyranitar|Tyranitar, M, shiny|100\/100\n|-weather|Sandstorm|[from] ability: Sand Stream|[of] p1a: Tyranitar\n|turn|17\n|\n|t:|1699077947\n|move|p2a: Drifblim|Baton Pass|p2a: Drifblim\n|\n|t:|1699077951\n|switch|p2a: Calyrex|Calyrex-Shadow|100\/100|[from] Baton Pass\n|-ability|p2a: Calyrex|As One\n|-ability|p2a: Calyrex|Unnerve\n|move|p1a: Tyranitar|Dragon Dance|p1a: Tyranitar\n|-boost|p1a: Tyranitar|atk|1\n|-boost|p1a: Tyranitar|spe|1\n|\n|-weather|Sandstorm|[upkeep]\n|-damage|p2a: Calyrex|94\/100|[from] Sandstorm\n|-heal|p2a: Calyrex|100\/100|[from] item: Leftovers\n|upkeep\n|turn|18\n|\n|t:|1699077967\n|move|p2a: Calyrex|Astral Barrage|p1a: Tyranitar\n|-resisted|p1a: Tyranitar\n|-damage|p1a: Tyranitar|0 fnt\n|faint|p1a: Tyranitar\n|\n|-weather|Sandstorm|[upkeep]\n|-damage|p2a: Calyrex|94\/100|[from] Sandstorm\n|-heal|p2a: Calyrex|100\/100|[from] item: Leftovers\n|upkeep\n|-message|danny.q60 forfeited.\n|\n|win|plooshidocs\n|raw|danny.q60's rating: 1257 &rarr; <strong>1231<\/strong><br \/>(-26 for losing)\n|raw|plooshidocs's rating: 1244 &rarr; <strong>1270<\/strong><br \/>(+26 for winning)\n|l|\u2606danny.q60\n","uploadtime":1699077984,"views":7,"p1id":"dannyq60","p2id":"plooshidocs","formatid":"gen9anythinggoes","rating":1231,"private":0,"password":""}