{"id":"gen9anythinggoes-1988785502","p1":"SilverFoxez","p2":"Brothybear","format":"[Gen 9] Anything Goes","log":"|j|\u2606SilverFoxez\n|j|\u2606Brothybear\n|t:|1699762884\n|gametype|singles\n|player|p1|SilverFoxez|n|1106\n|player|p2|Brothybear|eusine|1164\n|teamsize|p1|6\n|teamsize|p2|6\n|gen|9\n|tier|[Gen 9] Anything Goes\n|rated|\n|rule|HP Percentage Mod: HP is shown in percentages\n|rule|Endless Battle Clause: Forcing endless battles is banned\n|clearpoke\n|poke|p1|Kommo-o, M|\n|poke|p1|Sinistcha|\n|poke|p1|Ceruledge, F|\n|poke|p1|Hatterene, F|\n|poke|p1|Iron Hands|\n|poke|p1|Crawdaunt, M|\n|poke|p2|Ditto|\n|poke|p2|Ditto|\n|poke|p2|Ditto|\n|poke|p2|Ditto|\n|poke|p2|Mew|\n|poke|p2|Ambipom, F|\n|teampreview\n|inactive|Battle timer is ON: inactive players will automatically lose when time's up. (requested by Brothybear)\n|c|\u2606Brothybear|Hello\n|c|\u2606SilverFoxez|interesting team lol\n|c|\u2606SilverFoxez|glhf!\n|c|\u2606Brothybear|I could Say the same\n|inactive|Brothybear has 120 seconds left.\n|c|\u2606Brothybear|havent seen a Sinescha yet\n|\n|t:|1699762923\n|start\n|switch|p1a: Fae|Hatterene, F|100\/100\n|switch|p2a: John Jones|Ditto, shiny|100\/100\n|-transform|p2a: John Jones|p1a: Fae|[from] ability: Imposter\n|turn|1\n|c|\u2606SilverFoxez|oh really? i built mine kinda around it lol\n|c|\u2606Brothybear|Really?\n|\n|t:|1699762946\n|move|p2a: John Jones|Protect|p2a: John Jones\n|-singleturn|p2a: John Jones|Protect\n|move|p1a: Fae|Draining Kiss|p2a: John Jones\n|-activate|p2a: John Jones|move: Protect\n|\n|upkeep\n|turn|2\n|c|\u2606SilverFoxez|yep\n|c|\u2606Brothybear|Interesting\n|\n|t:|1699762964\n|move|p1a: Fae|Protect|p1a: Fae\n|-singleturn|p1a: Fae|Protect\n|move|p2a: John Jones|Draining Kiss|p1a: Fae\n|-activate|p1a: Fae|move: Protect\n|\n|upkeep\n|turn|3\n|\n|t:|1699762978\n|switch|p1a: Armoire|Kommo-o, M|100\/100\n|move|p2a: John Jones|Psycho Cut|p1a: Armoire\n|-supereffective|p1a: Armoire\n|-damage|p1a: Armoire|55\/100\n|\n|upkeep\n|turn|4\n|c|\u2606SilverFoxez|ah damn\n|c|\u2606Brothybear|Death by Kiss?\n|\n|t:|1699763002\n|move|p1a: Armoire|Flash Cannon|p2a: John Jones\n|-supereffective|p2a: John Jones\n|-damage|p2a: John Jones|63\/100\n|move|p2a: John Jones|Draining Kiss|p1a: Armoire\n|-supereffective|p1a: Armoire\n|-damage|p1a: Armoire|0 fnt\n|-heal|p2a: John Jones|100\/100|[from] drain|[of] p1a: Armoire\n|faint|p1a: Armoire\n|\n|upkeep\n|inactive|SilverFoxez has 120 seconds left.\n|\n|t:|1699763022\n|switch|p1a: Mr.Krabs|Crawdaunt, M|100\/100\n|turn|5\n|c|\u2606SilverFoxez|god i forget how bulky i made her\n|\n|t:|1699763039\n|move|p2a: John Jones|Protect|p2a: John Jones\n|-singleturn|p2a: John Jones|Protect\n|move|p1a: Mr.Krabs|Crunch|p2a: John Jones\n|-activate|p2a: John Jones|move: Protect\n|\n|upkeep\n|turn|6\n|c|\u2606Brothybear|Nice\n|\n|t:|1699763049\n|move|p1a: Mr.Krabs|Crunch|p2a: John Jones\n|-damage|p2a: John Jones|32\/100\n|move|p2a: John Jones|Psycho Cut|p1a: Mr.Krabs\n|-immune|p1a: Mr.Krabs\n|\n|upkeep\n|turn|7\n|c|\u2606Brothybear|i forgot they were a Dark type\n|\n|t:|1699763066\n|move|p2a: John Jones|Protect|p2a: John Jones\n|-singleturn|p2a: John Jones|Protect\n|move|p1a: Mr.Krabs|Crunch|p2a: John Jones\n|-activate|p2a: John Jones|move: Protect\n|\n|upkeep\n|turn|8\n|\n|t:|1699763074\n|move|p1a: Mr.Krabs|Crunch|p2a: John Jones\n|-crit|p2a: John Jones\n|-damage|p2a: John Jones|0 fnt\n|faint|p2a: John Jones\n|\n|upkeep\n|c|\u2606Brothybear|of course a crit\n|c|\u2606SilverFoxez|pfft\n|\n|t:|1699763092\n|switch|p2a: Bob Bobbington|Ditto|100\/100\n|-transform|p2a: Bob Bobbington|p1a: Mr.Krabs|[from] ability: Imposter\n|turn|9\n|inactive|SilverFoxez has 120 seconds left.\n|\n|t:|1699763104\n|move|p2a: Bob Bobbington|Ancient Power|p1a: Mr.Krabs\n|-damage|p1a: Mr.Krabs|78\/100\n|move|p1a: Mr.Krabs|Ancient Power|p2a: Bob Bobbington\n|-damage|p2a: Bob Bobbington|72\/100\n|\n|upkeep\n|turn|10\n|\n|t:|1699763112\n|move|p1a: Mr.Krabs|Ancient Power|p2a: Bob Bobbington\n|-damage|p2a: Bob Bobbington|44\/100\n|move|p2a: Bob Bobbington|Ancient Power|p1a: Mr.Krabs\n|-damage|p1a: Mr.Krabs|53\/100\n|\n|upkeep\n|turn|11\n|c|\u2606Brothybear|c'mon 10%\n|\n|t:|1699763124\n|move|p2a: Bob Bobbington|Ancient Power|p1a: Mr.Krabs\n|-damage|p1a: Mr.Krabs|29\/100\n|move|p1a: Mr.Krabs|Ancient Power|p2a: Bob Bobbington\n|-crit|p2a: Bob Bobbington\n|-damage|p2a: Bob Bobbington|8\/100\n|\n|upkeep\n|turn|12\n|c|\u2606SilverFoxez|come on mr crabs\n|c|\u2606SilverFoxez|YES\n|c|\u2606Brothybear|guess the 10% isnt happening\n|\n|t:|1699763146\n|move|p2a: Bob Bobbington|Ancient Power|p1a: Mr.Krabs\n|-damage|p1a: Mr.Krabs|5\/100\n|-enditem|p1a: Mr.Krabs|Aguav Berry|[eat]\n|-heal|p1a: Mr.Krabs|38\/100|[from] item: Aguav Berry\n|-start|p1a: Mr.Krabs|confusion\n|-activate|p1a: Mr.Krabs|confusion\n|-damage|p1a: Mr.Krabs|22\/100|[from] confusion\n|\n|upkeep\n|turn|13\n|c|\u2606SilverFoxez|HUH\n|\n|t:|1699763161\n|-activate|p1a: Mr.Krabs|confusion\n|move|p1a: Mr.Krabs|Ancient Power|p2a: Bob Bobbington\n|-damage|p2a: Bob Bobbington|0 fnt\n|faint|p2a: Bob Bobbington\n|\n|upkeep\n|c|\u2606Brothybear|an Unexpected development\n|c|\u2606SilverFoxez|fr\n|inactive|Brothybear has 120 seconds left.\n|\n|t:|1699763176\n|switch|p2a: Jesus|Ditto|100\/100\n|-transform|p2a: Jesus|p1a: Mr.Krabs|[from] ability: Imposter\n|turn|14\n|inactive|Brothybear has 120 seconds left.\n|\n|t:|1699763184\n|move|p2a: Jesus|Lash Out|p1a: Mr.Krabs\n|-resisted|p1a: Mr.Krabs\n|-damage|p1a: Mr.Krabs|0 fnt\n|faint|p1a: Mr.Krabs\n|\n|upkeep\n|\n|t:|1699763191\n|switch|p1a: Tea Time|Sinistcha, shiny|100\/100\n|turn|15\n|inactive|Brothybear has 120 seconds left.\n|c|\u2606SilverFoxez|tea time!\n|inactive|Brothybear has 90 seconds left.\n|c|\u2606Brothybear|whats Macha again?\n|\n|t:|1699763245\n|move|p1a: Tea Time|Energy Ball|p2a: Jesus\n|-supereffective|p2a: Jesus\n|-damage|p2a: Jesus|0 fnt\n|faint|p2a: Jesus\n|\n|upkeep\n|\n|t:|1699763250\n|switch|p2a: Bob|Ditto, shiny|100\/100\n|-transform|p2a: Bob|p1a: Tea Time|[from] ability: Imposter\n|turn|16\n|c|\u2606SilverFoxez|well your about to find out\n|inactive|Brothybear has 90 seconds left.\n|\n|t:|1699763268\n|-terastallize|p2a: Bob|Normal\n|move|p1a: Tea Time|Shadow Ball|p2a: Bob\n|-immune|p2a: Bob\n|move|p2a: Bob|Shadow Ball|p1a: Tea Time\n|-supereffective|p1a: Tea Time\n|-damage|p1a: Tea Time|0 fnt\n|faint|p1a: Tea Time\n|\n|upkeep\n|c|\u2606Brothybear|Nice\n|c|\u2606SilverFoxez|WAIT\n|c|\u2606SilverFoxez|FUCK\n|c|\u2606SilverFoxez|Your smarter then me\n|inactive|SilverFoxez has 120 seconds left.\n|\n|t:|1699763299\n|switch|p1a: Blade|Ceruledge, F|100\/100\n|turn|17\n|inactive|SilverFoxez has 120 seconds left.\n|inactive|Brothybear has 90 seconds left.\n|\n|t:|1699763314\n|move|p1a: Blade|Bitter Blade|p2a: Bob\n|-damage|p2a: Bob|73\/100\n|move|p2a: Bob|Shadow Ball|p1a: Blade\n|-supereffective|p1a: Blade\n|-damage|p1a: Blade|0 fnt\n|faint|p1a: Blade\n|\n|upkeep\n|inactive|SilverFoxez has 120 seconds left.\n|\n|t:|1699763347\n|switch|p1a: Fae|Hatterene, F|100\/100\n|turn|18\n|c|\u2606SilverFoxez|i might be fucked\n|inactive|SilverFoxez has 90 seconds left.\n|\n|t:|1699763364\n|move|p2a: Bob|Matcha Gotcha|p1a: Fae|[miss]\n|-miss|p2a: Bob|p1a: Fae\n|move|p1a: Fae|Mystical Fire|p2a: Bob\n|-damage|p2a: Bob|58\/100\n|-unboost|p2a: Bob|spa|1\n|\n|upkeep\n|turn|19\n|inactive|SilverFoxez has 90 seconds left.\n|\n|t:|1699763375\n|move|p2a: Bob|Matcha Gotcha|p1a: Fae\n|-damage|p1a: Fae|78\/100\n|-heal|p2a: Bob|70\/100|[from] drain|[of] p1a: Fae\n|move|p1a: Fae|Mystical Fire|p2a: Bob\n|-damage|p2a: Bob|54\/100\n|-unboost|p2a: Bob|spa|1\n|\n|upkeep\n|turn|20\n|inactive|SilverFoxez has 90 seconds left.\n|\n|t:|1699763386\n|move|p2a: Bob|Shadow Ball|p1a: Fae\n|-supereffective|p1a: Fae\n|-damage|p1a: Fae|43\/100\n|move|p1a: Fae|Draining Kiss|p2a: Bob\n|-damage|p2a: Bob|26\/100\n|-heal|p1a: Fae|63\/100|[from] drain|[of] p2a: Bob\n|\n|upkeep\n|turn|21\n|inactive|SilverFoxez has 90 seconds left.\n|\n|t:|1699763397\n|move|p2a: Bob|Matcha Gotcha|p1a: Fae\n|-damage|p1a: Fae|46\/100\n|-heal|p2a: Bob|35\/100|[from] drain|[of] p1a: Fae\n|move|p1a: Fae|Draining Kiss|p2a: Bob\n|-damage|p2a: Bob|2\/100\n|-heal|p1a: Fae|70\/100|[from] drain|[of] p2a: Bob\n|\n|upkeep\n|turn|22\n|inactive|SilverFoxez has 90 seconds left.\n|\n|t:|1699763409\n|move|p2a: Bob|Shadow Ball|p1a: Fae\n|-supereffective|p1a: Fae\n|-damage|p1a: Fae|35\/100\n|-unboost|p1a: Fae|spd|1\n|move|p1a: Fae|Draining Kiss|p2a: Bob\n|-damage|p2a: Bob|0 fnt\n|-heal|p1a: Fae|36\/100|[from] drain|[of] p2a: Bob\n|faint|p2a: Bob\n|\n|upkeep\n|c|\u2606Brothybear|nooo\n|\n|t:|1699763420\n|switch|p2a: Throw Hands|Ambipom, F|100\/100\n|turn|23\n|c|\u2606SilverFoxez|oh?\n|\n|t:|1699763430\n|-terastallize|p1a: Fae|Normal\n|move|p2a: Throw Hands|Fake Out|p1a: Fae\n|-damage|p1a: Fae|1\/100\n|cant|p1a: Fae|flinch\n|\n|upkeep\n|turn|24\n|c|\u2606SilverFoxez|IH YOU\n|c|\u2606SilverFoxez|YOU\n|inactive|SilverFoxez has 90 seconds left.\n|c|\u2606Brothybear|rattle em boys!\n|\n|t:|1699763454\n|switch|p1a: Pencil|Iron Hands|100\/100\n|move|p2a: Throw Hands|Knock Off|p1a: Pencil\n|-resisted|p1a: Pencil\n|-damage|p1a: Pencil|91\/100\n|-enditem|p1a: Pencil|Leftovers|[from] move: Knock Off|[of] p2a: Throw Hands\n|\n|upkeep\n|turn|25\n|inactive|SilverFoxez has 90 seconds left.\n|inactive|Brothybear has 120 seconds left.\n|\n|t:|1699763475\n|switch|p2a: Mew|Mew|100\/100\n|move|p1a: Pencil|Drain Punch|p2a: Mew\n|-resisted|p2a: Mew\n|-damage|p2a: Mew|81\/100\n|-heal|p1a: Pencil|99\/100|[from] drain|[of] p2a: Mew\n|\n|upkeep\n|turn|26\n|inactive|Brothybear has 120 seconds left.\n|\n|t:|1699763490\n|move|p2a: Mew|Imprison|p2a: Mew\n|-start|p2a: Mew|move: Imprison\n|move|p1a: Pencil|Ice Punch|p2a: Mew\n|-damage|p2a: Mew|56\/100\n|\n|upkeep\n|turn|27\n|\n|t:|1699763502\n|move|p2a: Mew|Transform|p1a: Pencil\n|-transform|p2a: Mew|p1a: Pencil\n|cant|p1a: Pencil|move: Imprison|Ice Punch\n|\n|upkeep\n|turn|28\n|c|\u2606Brothybear|We do a Little Trolling\n|c|\u2606SilverFoxez|oh thats actually genius\n|inactive|SilverFoxez has 60 seconds left.\n|\n|t:|1699763531\n|-activate|p1a: Pencil|move: Struggle\n|move|p1a: Pencil|Struggle|p2a: Mew\n|-damage|p2a: Mew|40\/100\n|-damage|p1a: Pencil|74\/100|[from] recoil\n|move|p2a: Mew|Drain Punch|p1a: Pencil\n|-damage|p1a: Pencil|45\/100\n|-heal|p2a: Mew|58\/100|[from] drain|[of] p1a: Pencil\n|\n|upkeep\n|turn|29\n|c|\u2606Brothybear|a Friend Taught me it\n|inactive|SilverFoxez has 60 seconds left.\n|\n|t:|1699763541\n|move|p2a: Mew|Drain Punch|p1a: Pencil\n|-damage|p1a: Pencil|15\/100\n|-heal|p2a: Mew|77\/100|[from] drain|[of] p1a: Pencil\n|-activate|p1a: Pencil|move: Struggle\n|move|p1a: Pencil|Struggle|p2a: Mew\n|-damage|p2a: Mew|62\/100\n|-damage|p1a: Pencil|0 fnt|[from] recoil\n|faint|p1a: Pencil\n|-end|p1a: Pencil|Quark Drive|[silent]\n|\n|upkeep\n|inactive|SilverFoxez has 60 seconds left.\n|\n|t:|1699763553\n|switch|p1a: Fae|Hatterene, F, tera:Normal|1\/100\n|turn|30\n|inactive|SilverFoxez has 60 seconds left.\n|c|\u2606Brothybear|Guess what Time it is\n|\n|t:|1699763565\n|-end|p2a: Mew|Quark Drive|[silent]\n|switch|p2a: Throw Hands|Ambipom, F|100\/100\n|move|p1a: Fae|Draining Kiss|p2a: Throw Hands\n|-damage|p2a: Throw Hands|63\/100\n|-heal|p1a: Fae|27\/100|[from] drain|[of] p2a: Throw Hands\n|\n|upkeep\n|turn|31\n|\n|t:|1699763573\n|move|p1a: Fae|Protect|p1a: Fae\n|-singleturn|p1a: Fae|Protect\n|move|p2a: Throw Hands|Fake Out|p1a: Fae\n|-activate|p1a: Fae|move: Protect\n|\n|upkeep\n|turn|32\n|c|\u2606Brothybear|Damn it\n|c|\u2606Brothybear|wait\n|c|\u2606Brothybear|i can salvage thisd\n|\n|t:|1699763587\n|move|p2a: Throw Hands|Knock Off|p1a: Fae\n|-damage|p1a: Fae|0 fnt\n|-enditem|p1a: Fae|Focus Sash|[from] move: Knock Off|[of] p2a: Throw Hands\n|faint|p1a: Fae\n|\n|win|Brothybear\n|raw|SilverFoxez's rating: 1106 &rarr; <strong>1085<\/strong><br \/>(-21 for losing)\n|raw|Brothybear's rating: 1164 &rarr; <strong>1185<\/strong><br \/>(+21 for winning)\n|c|\u2606Brothybear|Gg that was hilarious\n|l|\u2606SilverFoxez\n","uploadtime":1699763606,"views":8,"p1id":"silverfoxez","p2id":"brothybear","formatid":"gen9anythinggoes","rating":1085,"private":0,"password":""}