{"id":"gen9anythinggoes-1971742835","p1":"Zekthesnek","p2":"Frosty458","format":"[Gen 9] Anything Goes","log":"|j|\u2606Zekthesnek\n|j|\u2606Frosty458\n|t:|1697767109\n|gametype|singles\n|player|p1|Zekthesnek|265|\n|player|p2|Frosty458|steven|\n|teamsize|p1|6\n|teamsize|p2|6\n|gen|9\n|tier|[Gen 9] Anything Goes\n|rule|HP Percentage Mod: HP is shown in percentages\n|rule|Endless Battle Clause: Forcing endless battles is banned\n|clearpoke\n|poke|p1|Landorus-Therian, M|\n|poke|p1|Manaphy|\n|poke|p1|Pelipper, M|\n|poke|p1|Iron Hands|\n|poke|p1|Zapdos|\n|poke|p1|Alomomola, F|\n|poke|p2|Jolteon, F|\n|poke|p2|Lycanroc, F|\n|poke|p2|Gogoat, F|\n|poke|p2|Volcanion|\n|poke|p2|Iron Leaves|\n|poke|p2|Clefable, F|\n|teampreview\n|c|\u2606Frosty458|hello!!\n|c|\u2606Zekthesnek|hi\n|\n|t:|1697767149\n|start\n|switch|p1a: Pelipper|Pelipper, M|100\/100\n|switch|p2a: Jolteon|Jolteon, F|100\/100\n|-weather|RainDance|[from] ability: Drizzle|[of] p1a: Pelipper\n|turn|1\n|\n|t:|1697767159\n|switch|p1a: Iron Hands|Iron Hands|100\/100\n|move|p2a: Jolteon|Substitute|p2a: Jolteon\n|-start|p2a: Jolteon|Substitute\n|-damage|p2a: Jolteon|76\/100\n|\n|-weather|RainDance|[upkeep]\n|upkeep\n|turn|2\n|\n|t:|1697767166\n|-terastallize|p2a: Jolteon|Water\n|move|p2a: Jolteon|Tera Blast|p1a: Iron Hands|[anim] Tera Blast Water\n|-damage|p1a: Iron Hands|46\/100\n|-damage|p2a: Jolteon|66\/100|[from] item: Life Orb\n|move|p1a: Iron Hands|Swords Dance|p1a: Iron Hands\n|-boost|p1a: Iron Hands|atk|2\n|\n|-weather|RainDance|[upkeep]\n|-heal|p1a: Iron Hands|53\/100|[from] item: Leftovers\n|upkeep\n|turn|3\n|\n|t:|1697767176\n|move|p2a: Jolteon|Tera Blast|p1a: Iron Hands|[anim] Tera Blast Water\n|-damage|p1a: Iron Hands|0 fnt\n|faint|p1a: Iron Hands\n|-end|p1a: Iron Hands|Quark Drive|[silent]\n|-damage|p2a: Jolteon|56\/100|[from] item: Life Orb\n|\n|-weather|RainDance|[upkeep]\n|upkeep\n|\n|t:|1697767186\n|switch|p1a: Zapdos|Zapdos|100\/100\n|turn|4\n|\n|t:|1697767190\n|move|p2a: Jolteon|Tera Blast|p1a: Zapdos|[anim] Tera Blast Water\n|-damage|p1a: Zapdos|10\/100\n|-damage|p2a: Jolteon|46\/100|[from] item: Life Orb\n|move|p1a: Zapdos|Thunder|p2a: Jolteon\n|-heal|p2a: Jolteon|71\/100|[from] ability: Volt Absorb|[of] p1a: Zapdos\n|\n|-weather|RainDance|[upkeep]\n|upkeep\n|turn|5\n|c|\u2606Zekthesnek|o\n|\n|t:|1697767200\n|switch|p1a: Alomomola|Alomomola, F|100\/100\n|move|p2a: Jolteon|Calm Mind|p2a: Jolteon\n|-boost|p2a: Jolteon|spa|1\n|-boost|p2a: Jolteon|spd|1\n|\n|-weather|RainDance|[upkeep]\n|upkeep\n|turn|6\n|c|\u2606Zekthesnek|i forgot\n|c|\u2606Frosty458|yeah it has two abilities\n|\n|t:|1697767215\n|move|p2a: Jolteon|Thunderbolt|p1a: Alomomola\n|-supereffective|p1a: Alomomola\n|-damage|p1a: Alomomola|0 fnt\n|faint|p1a: Alomomola\n|-damage|p2a: Jolteon|61\/100|[from] item: Life Orb\n|\n|-weather|RainDance|[upkeep]\n|upkeep\n|\n|t:|1697767226\n|switch|p1a: Manaphy|Manaphy|100\/100\n|turn|7\n|\n|t:|1697767230\n|move|p2a: Jolteon|Thunderbolt|p1a: Manaphy\n|-supereffective|p1a: Manaphy\n|-damage|p1a: Manaphy|0 fnt\n|faint|p1a: Manaphy\n|-damage|p2a: Jolteon|51\/100|[from] item: Life Orb\n|\n|-weather|RainDance|[upkeep]\n|upkeep\n|\n|t:|1697767232\n|switch|p1a: Landorus|Landorus-Therian, M|100\/100\n|-ability|p1a: Landorus|Intimidate|boost\n|-immune|p2a: Jolteon\n|turn|8\n|\n|t:|1697767239\n|move|p2a: Jolteon|Tera Blast|p1a: Landorus|[anim] Tera Blast Water\n|-supereffective|p1a: Landorus\n|-damage|p1a: Landorus|0 fnt\n|faint|p1a: Landorus\n|-damage|p2a: Jolteon|41\/100|[from] item: Life Orb\n|\n|-weather|none\n|upkeep\n|\n|t:|1697767240\n|switch|p1a: Pelipper|Pelipper, M|100\/100\n|-weather|RainDance|[from] ability: Drizzle|[of] p1a: Pelipper\n|turn|9\n|\n|t:|1697767248\n|move|p2a: Jolteon|Thunderbolt|p1a: Pelipper\n|-supereffective|p1a: Pelipper\n|-damage|p1a: Pelipper|0 fnt\n|faint|p1a: Pelipper\n|-damage|p2a: Jolteon|31\/100|[from] item: Life Orb\n|\n|-weather|RainDance|[upkeep]\n|upkeep\n|\n|t:|1697767254\n|switch|p1a: Zapdos|Zapdos|10\/100\n|turn|10\n|\n|t:|1697767258\n|move|p2a: Jolteon|Tera Blast|p1a: Zapdos|[anim] Tera Blast Water\n|-crit|p1a: Zapdos\n|-damage|p1a: Zapdos|0 fnt\n|faint|p1a: Zapdos\n|-damage|p2a: Jolteon|21\/100|[from] item: Life Orb\n|\n|win|Frosty458\n|c|\u2606Frosty458|gg\n|c|\u2606Zekthesnek|gg\n|l|\u2606Zekthesnek\n","uploadtime":1697767272,"views":27,"p1id":"zekthesnek","p2id":"frosty458","formatid":"gen9anythinggoes","rating":0,"private":0,"password":""}