{"id":"gen9anythinggoes-1999859440","p1":"MrBr3loom","p2":"umbreonluna","format":"[Gen 9] Anything Goes","log":"|j|\u2606MrBr3loom\n|j|\u2606umbreonluna\n|t:|1701123569\n|gametype|singles\n|player|p1|MrBr3loom|102|\n|player|p2|umbreonluna|iris-gen5bw2|\n|teamsize|p1|6\n|teamsize|p2|6\n|gen|9\n|tier|[Gen 9] Anything Goes\n|rule|HP Percentage Mod: HP is shown in percentages\n|rule|Endless Battle Clause: Forcing endless battles is banned\n|clearpoke\n|poke|p1|Iron Valiant|\n|poke|p1|Rillaboom, M|\n|poke|p1|Mandibuzz, F|\n|poke|p1|Sandy Shocks|\n|poke|p1|Garganacl, M|\n|poke|p1|Greedent, M|\n|poke|p2|Masquerain, M|\n|poke|p2|Mamoswine, M|\n|poke|p2|Orthworm, M|\n|poke|p2|Cyclizar, M|\n|poke|p2|Sylveon, F|\n|poke|p2|Ogerpon-Wellspring, F|\n|teampreview\n|c|\u2606MrBr3loom|glhf\n|c|\u2606umbreonluna|suertee\n|\n|t:|1701123642\n|start\n|switch|p1a: Kingslayer|Iron Valiant|100\/100\n|switch|p2a: Sylveon|Sylveon, F|100\/100\n|turn|1\n|\n|t:|1701123654\n|-end|p1a: Kingslayer|Quark Drive|[silent]\n|switch|p1a: Ibai|Greedent, M|100\/100\n|move|p2a: Sylveon|Hyper Voice|p1a: Ibai\n|-damage|p1a: Ibai|24\/100\n|\n|-heal|p1a: Ibai|30\/100|[from] item: Leftovers\n|upkeep\n|turn|2\n|\n|t:|1701123660\n|-terastallize|p1a: Ibai|Poison\n|move|p2a: Sylveon|Hyper Voice|p1a: Ibai\n|-resisted|p1a: Ibai\n|-damage|p1a: Ibai|0 fnt\n|faint|p1a: Ibai\n|\n|upkeep\n|\n|t:|1701123665\n|switch|p1a: Txus|Rillaboom, M|100\/100\n|-fieldstart|move: Grassy Terrain|[from] ability: Grassy Surge|[of] p1a: Txus\n|turn|3\n|\n|t:|1701123670\n|switch|p2a: Masquerain|Masquerain, M|100\/100\n|-ability|p2a: Masquerain|Intimidate|boost\n|-unboost|p1a: Txus|atk|1\n|move|p1a: Txus|U-turn|p2a: Masquerain\n|-resisted|p2a: Masquerain\n|-damage|p2a: Masquerain|78\/100\n|\n|t:|1701123687\n|switch|p1a: Kingslayer|Iron Valiant|100\/100|[from] U-turn\n|\n|upkeep\n|turn|4\n|\n|t:|1701123718\n|move|p1a: Kingslayer|Moonblast|p2a: Masquerain\n|-damage|p2a: Masquerain|0 fnt\n|faint|p2a: Masquerain\n|\n|upkeep\n|\n|t:|1701123725\n|switch|p2a: Sylveon|Sylveon, F|100\/100\n|turn|5\n|\n|t:|1701123729\n|-end|p1a: Kingslayer|Quark Drive|[silent]\n|switch|p1a: Bae|Garganacl, M|100\/100\n|move|p2a: Sylveon|Hyper Voice|p1a: Bae\n|-damage|p1a: Bae|50\/100\n|\n|-heal|p1a: Bae|57\/100|[from] Grassy Terrain\n|-heal|p1a: Bae|63\/100|[from] item: Leftovers\n|upkeep\n|turn|6\n|\n|t:|1701123780\n|switch|p2a: Ogerpon|Ogerpon-Wellspring, F|100\/100\n|move|p1a: Bae|Stealth Rock|p2a: Ogerpon\n|-sidestart|p2: umbreonluna|move: Stealth Rock\n|\n|-heal|p1a: Bae|69\/100|[from] Grassy Terrain\n|-heal|p1a: Bae|75\/100|[from] item: Leftovers\n|upkeep\n|turn|7\n|\n|t:|1701123798\n|switch|p1a: Princesa|Mandibuzz, F|100\/100\n|move|p2a: Ogerpon|Ivy Cudgel|p1a: Princesa|[anim] Ivy Cudgel Water\n|-damage|p1a: Princesa|66\/100\n|\n|-fieldend|move: Grassy Terrain\n|upkeep\n|turn|8\n|\n|t:|1701123807\n|move|p2a: Ogerpon|U-turn|p1a: Princesa\n|-damage|p1a: Princesa|49\/100\n|\n|t:|1701123811\n|switch|p2a: Orthworm|Orthworm, M|100\/100|[from] U-turn\n|-damage|p2a: Orthworm|94\/100|[from] Stealth Rock\n|move|p1a: Princesa|Foul Play|p2a: Orthworm\n|-damage|p2a: Orthworm|66\/100\n|\n|upkeep\n|turn|9\n|\n|t:|1701123827\n|move|p1a: Princesa|Roost|p1a: Princesa\n|-heal|p1a: Princesa|99\/100\n|-singleturn|p1a: Princesa|move: Roost\n|move|p2a: Orthworm|Heavy Slam|p1a: Princesa\n|-damage|p1a: Princesa|74\/100\n|\n|upkeep\n|turn|10\n|\n|t:|1701123831\n|move|p1a: Princesa|Foul Play|p2a: Orthworm\n|-damage|p2a: Orthworm|39\/100\n|move|p2a: Orthworm|Stealth Rock|p1a: Princesa\n|-sidestart|p1: MrBr3loom|move: Stealth Rock\n|\n|upkeep\n|turn|11\n|\n|t:|1701123882\n|switch|p2a: Sylveon|Sylveon, F|100\/100\n|-damage|p2a: Sylveon|88\/100|[from] Stealth Rock\n|move|p1a: Princesa|Foul Play|p2a: Sylveon\n|-resisted|p2a: Sylveon\n|-damage|p2a: Sylveon|75\/100\n|\n|upkeep\n|turn|12\n|\n|t:|1701123896\n|move|p2a: Sylveon|Hyper Voice|p1a: Princesa\n|-supereffective|p1a: Princesa\n|-damage|p1a: Princesa|0 fnt\n|faint|p1a: Princesa\n|\n|upkeep\n|\n|t:|1701123936\n|switch|p1a: Magneto|Sandy Shocks|100\/100\n|turn|13\n|\n|t:|1701123940\n|switch|p2a: Cyclizar|Cyclizar, M|100\/100\n|-damage|p2a: Cyclizar|88\/100|[from] Stealth Rock\n|move|p1a: Magneto|Flash Cannon|p2a: Cyclizar\n|-damage|p2a: Cyclizar|54\/100\n|\n|upkeep\n|turn|14\n|\n|t:|1701123949\n|-end|p1a: Magneto|Protosynthesis|[silent]\n|switch|p1a: Bae|Garganacl, M|75\/100\n|-damage|p1a: Bae|63\/100|[from] Stealth Rock\n|move|p2a: Cyclizar|Rapid Spin|p1a: Bae\n|-resisted|p1a: Bae\n|-damage|p1a: Bae|56\/100\n|-boost|p2a: Cyclizar|spe|1\n|-sideend|p2: umbreonluna|Stealth Rock|[from] move: Rapid Spin|[of] p2a: Cyclizar\n|\n|-heal|p1a: Bae|62\/100|[from] item: Leftovers\n|upkeep\n|turn|15\n|\n|t:|1701123965\n|move|p2a: Cyclizar|U-turn|p1a: Bae\n|-damage|p1a: Bae|48\/100\n|\n|t:|1701123978\n|switch|p2a: Ogerpon|Ogerpon-Wellspring, F|100\/100|[from] U-turn\n|move|p1a: Bae|Heavy Slam|p2a: Ogerpon\n|-resisted|p2a: Ogerpon\n|-damage|p2a: Ogerpon|83\/100\n|\n|-heal|p1a: Bae|54\/100|[from] item: Leftovers\n|upkeep\n|turn|16\n|\n|t:|1701123989\n|move|p2a: Ogerpon|Ivy Cudgel|p1a: Bae|[anim] Ivy Cudgel Water\n|-supereffective|p1a: Bae\n|-damage|p1a: Bae|0 fnt\n|faint|p1a: Bae\n|\n|upkeep\n|\n|t:|1701123996\n|switch|p1a: Txus|Rillaboom, M|100\/100\n|-damage|p1a: Txus|88\/100|[from] Stealth Rock\n|-fieldstart|move: Grassy Terrain|[from] ability: Grassy Surge|[of] p1a: Txus\n|turn|17\n|\n|t:|1701124014\n|move|p1a: Txus|Grassy Glide|p2a: Ogerpon\n|-damage|p2a: Ogerpon|0 fnt\n|faint|p2a: Ogerpon\n|\n|-heal|p1a: Txus|94\/100|[from] Grassy Terrain\n|upkeep\n|\n|t:|1701124057\n|switch|p2a: Orthworm|Orthworm, M|39\/100\n|turn|18\n|\n|t:|1701124071\n|switch|p1a: Magneto|Sandy Shocks|100\/100\n|move|p2a: Orthworm|Heavy Slam|p1a: Magneto\n|-resisted|p1a: Magneto\n|-damage|p1a: Magneto|78\/100\n|\n|-heal|p1a: Magneto|84\/100|[from] Grassy Terrain\n|-heal|p2a: Orthworm|46\/100|[from] Grassy Terrain\n|upkeep\n|turn|19\n|\n|t:|1701124087\n|move|p1a: Magneto|Discharge|p2a: Orthworm\n|-damage|p2a: Orthworm|0 fnt\n|faint|p2a: Orthworm\n|\n|-heal|p1a: Magneto|91\/100|[from] Grassy Terrain\n|upkeep\n|\n|t:|1701124104\n|switch|p2a: Mamoswine|Mamoswine, M|100\/100\n|turn|20\n|\n|t:|1701124111\n|move|p1a: Magneto|Flash Cannon|p2a: Mamoswine\n|-supereffective|p2a: Mamoswine\n|-crit|p2a: Mamoswine\n|-damage|p2a: Mamoswine|0 fnt\n|faint|p2a: Mamoswine\n|\n|-heal|p1a: Magneto|97\/100|[from] Grassy Terrain\n|upkeep\n|\n|t:|1701124118\n|switch|p2a: Cyclizar|Cyclizar, M|87\/100\n|turn|21\n|\n|t:|1701124155\n|move|p2a: Cyclizar|Knock Off|p1a: Magneto\n|-damage|p1a: Magneto|68\/100\n|-enditem|p1a: Magneto|Heavy-Duty Boots|[from] move: Knock Off|[of] p2a: Cyclizar\n|move|p1a: Magneto|Discharge|p2a: Cyclizar\n|-resisted|p2a: Cyclizar\n|-damage|p2a: Cyclizar|64\/100\n|-status|p2a: Cyclizar|par\n|\n|-heal|p1a: Magneto|74\/100|[from] Grassy Terrain\n|-heal|p2a: Cyclizar|70\/100 par|[from] Grassy Terrain\n|-fieldend|move: Grassy Terrain\n|upkeep\n|turn|22\n|\n|t:|1701124171\n|-terastallize|p2a: Cyclizar|Fairy\n|move|p1a: Magneto|Earth Power|p2a: Cyclizar\n|-damage|p2a: Cyclizar|19\/100 par\n|cant|p2a: Cyclizar|par\n|\n|upkeep\n|turn|23\n|\n|t:|1701124177\n|move|p1a: Magneto|Flash Cannon|p2a: Cyclizar\n|-supereffective|p2a: Cyclizar\n|-damage|p2a: Cyclizar|0 fnt\n|faint|p2a: Cyclizar\n|\n|upkeep\n|\n|t:|1701124181\n|switch|p2a: Sylveon|Sylveon, F|75\/100\n|turn|24\n|\n|t:|1701124189\n|move|p1a: Magneto|Flash Cannon|p2a: Sylveon\n|-supereffective|p2a: Sylveon\n|-damage|p2a: Sylveon|23\/100\n|-unboost|p2a: Sylveon|spd|1\n|move|p2a: Sylveon|Draining Kiss|p1a: Magneto\n|-damage|p1a: Magneto|24\/100\n|-heal|p2a: Sylveon|58\/100|[from] drain|[of] p1a: Magneto\n|\n|upkeep\n|turn|25\n|\n|t:|1701124197\n|move|p1a: Magneto|Flash Cannon|p2a: Sylveon\n|-supereffective|p2a: Sylveon\n|-damage|p2a: Sylveon|0 fnt\n|faint|p2a: Sylveon\n|\n|win|MrBr3loom\n|c|\u2606MrBr3loom|gg\n|c|\u2606umbreonluna|gg\n|c|\u2606MrBr3loom|paso la replay\n|l|\u2606umbreonluna\n","uploadtime":1701124208,"views":29,"p1id":"mrbr3loom","p2id":"umbreonluna","formatid":"gen9anythinggoes","rating":0,"private":0,"password":""}