{"id":"gen9anythinggoes-1986196216","p1":"Dr Guzzlord","p2":"AOriginalUsername","format":"[Gen 9] Anything Goes","log":"|j|\u2606Dr Guzzlord\n|j|\u2606AOriginalUsername\n|t:|1699458919\n|gametype|singles\n|player|p1|Dr Guzzlord|roughneck|1209\n|player|p2|AOriginalUsername|rei|1094\n|teamsize|p1|6\n|teamsize|p2|6\n|gen|9\n|tier|[Gen 9] Anything Goes\n|rated|\n|rule|HP Percentage Mod: HP is shown in percentages\n|rule|Endless Battle Clause: Forcing endless battles is banned\n|clearpoke\n|poke|p1|Prinplup, M|\n|poke|p1|Gholdengo|\n|poke|p1|Ribombee, M|\n|poke|p1|Dugtrio, F|\n|poke|p1|Gothitelle, M|\n|poke|p1|Cinderace, M|\n|poke|p2|Chi-Yu|\n|poke|p2|Typhlosion-Hisui, F|\n|poke|p2|Ceruledge, F|\n|poke|p2|Skeledirge, F|\n|poke|p2|Ogerpon-Hearthflame, F|\n|poke|p2|Scovillain, F|\n|teampreview\n|inactive|Battle timer is ON: inactive players will automatically lose when time's up. (requested by AOriginalUsername)\n|\n|t:|1699458934\n|start\n|switch|p1a: Ribombee|Ribombee, M|100\/100\n|switch|p2a: Mood Swings|Scovillain, F, shiny|100\/100\n|turn|1\n|\n|t:|1699458946\n|move|p1a: Ribombee|Sticky Web|p2a: Mood Swings\n|-sidestart|p2: AOriginalUsername|move: Sticky Web\n|move|p2a: Mood Swings|Fire Fang|p1a: Ribombee\n|-supereffective|p1a: Ribombee\n|-damage|p1a: Ribombee|4\/100\n|\n|-ability|p2a: Mood Swings|Moody|boost\n|-boost|p2a: Mood Swings|spa|2\n|-unboost|p2a: Mood Swings|def|1\n|upkeep\n|turn|2\n|\n|t:|1699458954\n|move|p1a: Ribombee|Moonblast|p2a: Mood Swings\n|-resisted|p2a: Mood Swings\n|-damage|p2a: Mood Swings|71\/100\n|-unboost|p2a: Mood Swings|spa|1\n|move|p2a: Mood Swings|Fire Fang|p1a: Ribombee\n|-supereffective|p1a: Ribombee\n|-damage|p1a: Ribombee|0 fnt\n|faint|p1a: Ribombee\n|\n|-heal|p2a: Mood Swings|77\/100|[from] item: Leftovers\n|-ability|p2a: Mood Swings|Moody|boost\n|-boost|p2a: Mood Swings|spd|2\n|-unboost|p2a: Mood Swings|atk|1\n|upkeep\n|\n|t:|1699458961\n|switch|p1a: Gothitelle|Gothitelle, M|100\/100\n|turn|3\n|\n|t:|1699458969\n|move|p1a: Gothitelle|Trick|p2a: Mood Swings\n|-activate|p1a: Gothitelle|move: Trick|[of] p2a: Mood Swings\n|-item|p2a: Mood Swings|Choice Scarf|[from] move: Trick\n|-item|p1a: Gothitelle|Leftovers|[from] move: Trick\n|move|p2a: Mood Swings|Trailblaze|p1a: Gothitelle\n|-damage|p1a: Gothitelle|85\/100\n|-boost|p2a: Mood Swings|spe|1\n|\n|-heal|p1a: Gothitelle|91\/100|[from] item: Leftovers\n|-ability|p2a: Mood Swings|Moody|boost\n|-boost|p2a: Mood Swings|spd|2\n|-unboost|p2a: Mood Swings|spe|1\n|upkeep\n|turn|4\n|\n|t:|1699458980\n|move|p2a: Mood Swings|Trailblaze|p1a: Gothitelle\n|-damage|p1a: Gothitelle|78\/100\n|-boost|p2a: Mood Swings|spe|1\n|move|p1a: Gothitelle|Thunder Wave|p2a: Mood Swings\n|-status|p2a: Mood Swings|par\n|\n|-heal|p1a: Gothitelle|84\/100|[from] item: Leftovers\n|-ability|p2a: Mood Swings|Moody|boost\n|-boost|p2a: Mood Swings|spe|2\n|-unboost|p2a: Mood Swings|atk|1\n|upkeep\n|turn|5\n|\n|t:|1699458991\n|move|p2a: Mood Swings|Trailblaze|p1a: Gothitelle\n|-damage|p1a: Gothitelle|72\/100\n|-boost|p2a: Mood Swings|spe|1\n|move|p1a: Gothitelle|Charm|p2a: Mood Swings\n|-unboost|p2a: Mood Swings|atk|2\n|\n|-heal|p1a: Gothitelle|78\/100|[from] item: Leftovers\n|-ability|p2a: Mood Swings|Moody|boost\n|-boost|p2a: Mood Swings|spe|2\n|-unboost|p2a: Mood Swings|atk|1\n|upkeep\n|turn|6\n|\n|t:|1699459002\n|move|p2a: Mood Swings|Trailblaze|p1a: Gothitelle\n|-damage|p1a: Gothitelle|73\/100\n|move|p1a: Gothitelle|Charm|p2a: Mood Swings\n|-unboost|p2a: Mood Swings|atk|1\n|\n|-heal|p1a: Gothitelle|79\/100|[from] item: Leftovers\n|-ability|p2a: Mood Swings|Moody|boost\n|-boost|p2a: Mood Swings|atk|2\n|-unboost|p2a: Mood Swings|spe|1\n|upkeep\n|turn|7\n|\n|t:|1699459017\n|switch|p1a: Dugtrio|Dugtrio, F|100\/100\n|move|p2a: Mood Swings|Trailblaze|p1a: Dugtrio\n|-supereffective|p1a: Dugtrio\n|-damage|p1a: Dugtrio|72\/100\n|-boost|p2a: Mood Swings|spe|1\n|\n|-ability|p2a: Mood Swings|Moody|boost\n|-boost|p2a: Mood Swings|atk|2\n|-unboost|p2a: Mood Swings|spe|1\n|upkeep\n|turn|8\n|\n|t:|1699459026\n|move|p2a: Mood Swings|Trailblaze|p1a: Dugtrio\n|-supereffective|p1a: Dugtrio\n|-damage|p1a: Dugtrio|25\/100\n|-boost|p2a: Mood Swings|spe|1\n|move|p1a: Dugtrio|Stealth Rock|p2a: Mood Swings\n|-sidestart|p2: AOriginalUsername|move: Stealth Rock\n|\n|-ability|p2a: Mood Swings|Moody|boost\n|-boost|p2a: Mood Swings|def|2\n|-unboost|p2a: Mood Swings|spe|1\n|upkeep\n|turn|9\n|\n|t:|1699459036\n|move|p2a: Mood Swings|Trailblaze|p1a: Dugtrio\n|-supereffective|p1a: Dugtrio\n|-damage|p1a: Dugtrio|0 fnt\n|-boost|p2a: Mood Swings|spe|1\n|faint|p1a: Dugtrio\n|\n|-ability|p2a: Mood Swings|Moody|boost\n|-boost|p2a: Mood Swings|def|2\n|-unboost|p2a: Mood Swings|spe|1\n|upkeep\n|\n|t:|1699459038\n|switch|p1a: Gothitelle|Gothitelle, M|79\/100\n|turn|10\n|\n|t:|1699459050\n|move|p2a: Mood Swings|Trailblaze|p1a: Gothitelle\n|-damage|p1a: Gothitelle|69\/100\n|-boost|p2a: Mood Swings|spe|1\n|move|p1a: Gothitelle|Charm|p2a: Mood Swings\n|-unboost|p2a: Mood Swings|atk|2\n|\n|-heal|p1a: Gothitelle|75\/100|[from] item: Leftovers\n|-ability|p2a: Mood Swings|Moody|boost\n|-boost|p2a: Mood Swings|spd|2\n|-unboost|p2a: Mood Swings|spe|1\n|upkeep\n|turn|11\n|\n|t:|1699459060\n|switch|p1a: Gholdengo|Gholdengo|100\/100\n|cant|p2a: Mood Swings|par\n|\n|-ability|p2a: Mood Swings|Moody|boost\n|-boost|p2a: Mood Swings|spa|2\n|-unboost|p2a: Mood Swings|atk|1\n|upkeep\n|turn|12\n|\n|t:|1699459069\n|switch|p2a: Skull Kid|Ogerpon-Hearthflame, F|100\/100\n|-activate|p2a: Skull Kid|move: Sticky Web\n|-unboost|p2a: Skull Kid|spe|1\n|-damage|p2a: Skull Kid|75\/100|[from] Stealth Rock\n|-ability|p2a: Skull Kid|Mold Breaker\n|move|p1a: Gholdengo|Light Screen|p1a: Gholdengo\n|-sidestart|p1: Dr Guzzlord|move: Light Screen\n|\n|upkeep\n|turn|13\n|\n|t:|1699459078\n|move|p1a: Gholdengo|Reflect|p1a: Gholdengo\n|-sidestart|p1: Dr Guzzlord|Reflect\n|move|p2a: Skull Kid|Ivy Cudgel|p1a: Gholdengo\n|-supereffective|p1a: Gholdengo\n|-damage|p1a: Gholdengo|55\/100\n|\n|upkeep\n|turn|14\n|\n|t:|1699459083\n|-terastallize|p2a: Skull Kid|Fire\n|detailschange|p2a: Skull Kid|Ogerpon-Hearthflame-Tera, F, tera:Fire\n|-ability|p2a: Skull Kid|Embody Aspect (Hearthflame)|boost\n|-boost|p2a: Skull Kid|atk|1\n|move|p1a: Gholdengo|Memento|p2a: Skull Kid\n|-unboost|p2a: Skull Kid|atk|2\n|-unboost|p2a: Skull Kid|spa|2\n|faint|p1a: Gholdengo\n|move|p2a: Skull Kid|Ivy Cudgel|p1: Gholdengo|[notarget]\n|-fail|p2a: Skull Kid\n|\n|upkeep\n|\n|t:|1699459088\n|switch|p1a: Prinplup|Prinplup, M|100\/100\n|turn|15\n|\n|t:|1699459096\n|move|p1a: Prinplup|Agility|p1a: Prinplup\n|-boost|p1a: Prinplup|spe|2\n|move|p2a: Skull Kid|Horn Leech|p1a: Prinplup\n|-supereffective|p1a: Prinplup\n|-damage|p1a: Prinplup|50\/100\n|-heal|p2a: Skull Kid|94\/100|[from] drain|[of] p1a: Prinplup\n|-enditem|p1a: Prinplup|Weakness Policy\n|-boost|p1a: Prinplup|atk|2|[from] item: Weakness Policy\n|-boost|p1a: Prinplup|spa|2|[from] item: Weakness Policy\n|\n|upkeep\n|turn|16\n|\n|t:|1699459106\n|move|p1a: Prinplup|Hydro Pump|p2a: Skull Kid\n|-supereffective|p2a: Skull Kid\n|-damage|p2a: Skull Kid|0 fnt\n|faint|p2a: Skull Kid\n|\n|upkeep\n|\n|t:|1699459111\n|switch|p2a: Mood Swings|Scovillain, F, shiny|77\/100 par\n|-activate|p2a: Mood Swings|move: Sticky Web\n|-unboost|p2a: Mood Swings|spe|1\n|-damage|p2a: Mood Swings|52\/100 par|[from] Stealth Rock\n|turn|17\n|\n|t:|1699459122\n|-terastallize|p1a: Prinplup|Electric\n|move|p1a: Prinplup|Ice Beam|p2a: Mood Swings\n|-damage|p2a: Mood Swings|0 fnt\n|faint|p2a: Mood Swings\n|\n|upkeep\n|\n|t:|1699459129\n|switch|p2a: Filet-O-Fish|Chi-Yu|100\/100\n|-activate|p2a: Filet-O-Fish|move: Sticky Web\n|-unboost|p2a: Filet-O-Fish|spe|1\n|-damage|p2a: Filet-O-Fish|76\/100|[from] Stealth Rock\n|-ability|p2a: Filet-O-Fish|Beads of Ruin\n|turn|18\n|\n|t:|1699459137\n|move|p1a: Prinplup|Hydro Pump|p2a: Filet-O-Fish\n|-supereffective|p2a: Filet-O-Fish\n|-damage|p2a: Filet-O-Fish|0 fnt\n|faint|p2a: Filet-O-Fish\n|\n|upkeep\n|\n|t:|1699459143\n|switch|p2a: Singer|Skeledirge, F, shiny|100\/100\n|-activate|p2a: Singer|move: Sticky Web\n|-unboost|p2a: Singer|spe|1\n|-damage|p2a: Singer|76\/100|[from] Stealth Rock\n|turn|19\n|\n|t:|1699459148\n|move|p1a: Prinplup|Hydro Pump|p2a: Singer\n|-supereffective|p2a: Singer\n|-damage|p2a: Singer|0 fnt\n|faint|p2a: Singer\n|\n|-sideend|p1: Dr Guzzlord|move: Light Screen\n|upkeep\n|\n|t:|1699459154\n|switch|p2a: Vampire|Ceruledge, F, shiny|100\/100\n|-activate|p2a: Vampire|move: Sticky Web\n|-unboost|p2a: Vampire|spe|1\n|-damage|p2a: Vampire|76\/100|[from] Stealth Rock\n|turn|20\n|\n|t:|1699459159\n|move|p2a: Vampire|Shadow Sneak|p1a: Prinplup\n|-damage|p1a: Prinplup|30\/100\n|move|p1a: Prinplup|Hydro Pump|p2a: Vampire\n|-supereffective|p2a: Vampire\n|-damage|p2a: Vampire|0 fnt\n|faint|p2a: Vampire\n|\n|-sideend|p1: Dr Guzzlord|Reflect\n|upkeep\n|\n|t:|1699459165\n|switch|p2a: Sad Badger|Typhlosion-Hisui, F, shiny|100\/100\n|-activate|p2a: Sad Badger|move: Sticky Web\n|-unboost|p2a: Sad Badger|spe|1\n|-damage|p2a: Sad Badger|76\/100|[from] Stealth Rock\n|turn|21\n|c|\u2606AOriginalUsername|gg\n|\n|t:|1699459172\n|move|p1a: Prinplup|Tera Blast|p2a: Sad Badger|[anim] Tera Blast Electric\n|-damage|p2a: Sad Badger|0 fnt\n|faint|p2a: Sad Badger\n|\n|win|Dr Guzzlord\n|raw|Dr Guzzlord's rating: 1181 &rarr; <strong>1200<\/strong><br \/>(+19 for winning)\n|raw|AOriginalUsername's rating: 1094 &rarr; <strong>1076<\/strong><br \/>(-18 for losing)\n|l|\u2606AOriginalUsername\n|c|\u2606Dr Guzzlord|GG\n","uploadtime":1699459191,"views":10,"p1id":"drguzzlord","p2id":"aoriginalusername","formatid":"gen9anythinggoes","rating":1076,"private":0,"password":""}