{"id":"gen9anythinggoes-1988691851","p1":"Kingu01","p2":"Soru87","format":"[Gen 9] Anything Goes","log":"|j|\u2606Kingu01\n|j|\u2606Soru87\n|t:|1699751263\n|gametype|singles\n|player|p1|Kingu01|cameraman|\n|player|p2|Soru87|bellelba|\n|teamsize|p1|6\n|teamsize|p2|6\n|gen|9\n|tier|[Gen 9] Anything Goes\n|rule|HP Percentage Mod: HP is shown in percentages\n|rule|Endless Battle Clause: Forcing endless battles is banned\n|clearpoke\n|poke|p1|Lilligant, F|\n|poke|p1|Cinderace, M|\n|poke|p1|Great Tusk|\n|poke|p1|Chi-Yu|\n|poke|p1|Ditto|\n|poke|p1|Maushold|\n|poke|p2|Zoroark-Hisui, F|\n|poke|p2|Dondozo, M|\n|poke|p2|Scyther, F|\n|poke|p2|Ursaluna-Bloodmoon, M|\n|poke|p2|Cresselia, F|\n|poke|p2|Drednaw, M|\n|teampreview\n|j| caligulahar\n|j| theblandino\n|j| Tedtosterone\n|\n|t:|1699751335\n|start\n|switch|p1a: Cinderace|Cinderace, M|100\/100\n|switch|p2a: Yusai|Scyther, F, shiny|100\/100\n|turn|1\n|\n|t:|1699751346\n|switch|p2a: Phil|Dondozo, M, shiny|100\/100\n|move|p1a: Cinderace|Will-O-Wisp|p2a: Phil|[miss]\n|-miss|p1a: Cinderace|p2a: Phil\n|\n|upkeep\n|turn|2\n|\n|t:|1699751355\n|move|p1a: Cinderace|U-turn|p2a: Phil\n|-damage|p2a: Phil|88\/100\n|\n|t:|1699751359\n|switch|p1a: Ditto|Ditto|100\/100|[from] U-turn\n|-transform|p1a: Ditto|p2a: Phil|[from] ability: Imposter\n|move|p2a: Phil|Wave Crash|p1a: Ditto\n|-resisted|p1a: Ditto\n|-damage|p1a: Ditto|70\/100\n|-damage|p2a: Phil|82\/100|[from] Recoil\n|\n|-heal|p2a: Phil|89\/100|[from] item: Leftovers\n|upkeep\n|turn|3\n|\n|t:|1699751371\n|move|p1a: Ditto|Yawn|p2a: Phil\n|-start|p2a: Phil|move: Yawn|[of] p1a: Ditto\n|move|p2a: Phil|Yawn|p1a: Ditto\n|-start|p1a: Ditto|move: Yawn|[of] p2a: Phil\n|\n|-heal|p2a: Phil|95\/100|[from] item: Leftovers\n|upkeep\n|turn|4\n|\n|t:|1699751413\n|switch|p1a: Lilligant|Lilligant, F|100\/100\n|switch|p2a: Undread Unnaw|Drednaw, M, shiny|100\/100\n|\n|upkeep\n|turn|5\n|\n|t:|1699751424\n|switch|p2a: Ichico|Cresselia, F, shiny|100\/100\n|move|p1a: Lilligant|Grass Knot|p2a: Ichico\n|-damage|p2a: Ichico|72\/100\n|-damage|p1a: Lilligant|91\/100|[from] item: Life Orb\n|\n|upkeep\n|turn|6\n|\n|t:|1699751435\n|move|p1a: Lilligant|Pollen Puff|p2a: Ichico\n|-supereffective|p2a: Ichico\n|-damage|p2a: Ichico|29\/100\n|-damage|p1a: Lilligant|81\/100|[from] item: Life Orb\n|move|p2a: Ichico|Light Screen|p2a: Ichico\n|-sidestart|p2: Soru87|move: Light Screen\n|\n|upkeep\n|turn|7\n|\n|t:|1699751455\n|switch|p2a: Yusai|Scyther, F, shiny|100\/100\n|move|p1a: Lilligant|Quiver Dance|p1a: Lilligant\n|-boost|p1a: Lilligant|spa|1\n|-boost|p1a: Lilligant|spd|1\n|-boost|p1a: Lilligant|spe|1\n|\n|upkeep\n|turn|8\n|\n|t:|1699751481\n|switch|p1a: Maushold|Maushold|100\/100\n|move|p2a: Yusai|Dual Wingbeat|p1a: Maushold\n|-damage|p1a: Maushold|56\/100\n|-damage|p1a: Maushold|12\/100\n|-hitcount|p1a: Maushold|2\n|\n|upkeep\n|turn|9\n|\n|t:|1699751490\n|move|p2a: Yusai|Quick Attack|p1a: Maushold\n|-damage|p1a: Maushold|0 fnt\n|faint|p1a: Maushold\n|\n|upkeep\n|\n|t:|1699751495\n|switch|p1a: Ditto|Ditto|70\/100\n|-transform|p1a: Ditto|p2a: Yusai|[from] ability: Imposter\n|turn|10\n|\n|t:|1699751506\n|switch|p2a: Phil|Dondozo, M, shiny|95\/100\n|move|p1a: Ditto|Dual Wingbeat|p2a: Phil\n|-damage|p2a: Phil|78\/100\n|-damage|p2a: Phil|62\/100\n|-hitcount|p2a: Phil|2\n|\n|-heal|p2a: Phil|68\/100|[from] item: Leftovers\n|upkeep\n|turn|11\n|\n|t:|1699751521\n|switch|p1a: Great Tusk|Great Tusk|100\/100\n|move|p2a: Phil|Ice Fang|p1a: Great Tusk\n|-supereffective|p1a: Great Tusk\n|-damage|p1a: Great Tusk|82\/100\n|-damage|p2a: Phil|51\/100|[from] item: Rocky Helmet|[of] p1a: Great Tusk\n|\n|-heal|p2a: Phil|57\/100|[from] item: Leftovers\n|upkeep\n|turn|12\n|\n|t:|1699751531\n|move|p1a: Great Tusk|Stealth Rock|p2a: Phil\n|-sidestart|p2: Soru87|move: Stealth Rock\n|move|p2a: Phil|Wave Crash|p1a: Great Tusk\n|-supereffective|p1a: Great Tusk\n|-damage|p1a: Great Tusk|29\/100\n|-damage|p2a: Phil|41\/100|[from] item: Rocky Helmet|[of] p1a: Great Tusk\n|-damage|p2a: Phil|26\/100|[from] Recoil\n|\n|-heal|p2a: Phil|32\/100|[from] item: Leftovers\n|upkeep\n|turn|13\n|\n|t:|1699751551\n|move|p1a: Great Tusk|Knock Off|p2a: Phil\n|-damage|p2a: Phil|13\/100\n|-enditem|p2a: Phil|Leftovers|[from] move: Knock Off|[of] p1a: Great Tusk\n|move|p2a: Phil|Wave Crash|p1a: Great Tusk\n|-supereffective|p1a: Great Tusk\n|-damage|p1a: Great Tusk|0 fnt\n|-damage|p2a: Phil|0 fnt|[from] item: Rocky Helmet|[of] p1a: Great Tusk\n|faint|p1a: Great Tusk\n|-end|p1a: Great Tusk|Protosynthesis|[silent]\n|faint|p2a: Phil\n|\n|-sideend|p2: Soru87|move: Light Screen\n|upkeep\n|\n|t:|1699751570\n|switch|p1a: Cinderace|Cinderace, M|100\/100\n|switch|p2a: Yusai|Scyther, F, shiny|100\/100\n|turn|14\n|\n|t:|1699751579\n|switch|p2a: Undread Unnaw|Drednaw, M, shiny|100\/100\n|-damage|p2a: Undread Unnaw|88\/100|[from] Stealth Rock\n|move|p1a: Cinderace|Pyro Ball|p2a: Undread Unnaw\n|-resisted|p2a: Undread Unnaw\n|-damage|p2a: Undread Unnaw|73\/100\n|\n|upkeep\n|turn|15\n|\n|t:|1699751588\n|move|p1a: Cinderace|U-turn|p2a: Undread Unnaw\n|-damage|p2a: Undread Unnaw|48\/100\n|\n|t:|1699751594\n|switch|p1a: Lilligant|Lilligant, F|81\/100|[from] U-turn\n|move|p2a: Undread Unnaw|Liquidation|p1a: Lilligant\n|-resisted|p1a: Lilligant\n|-damage|p1a: Lilligant|43\/100\n|\n|upkeep\n|turn|16\n|\n|t:|1699751620\n|switch|p2a: Yusai|Scyther, F, shiny|100\/100\n|move|p1a: Lilligant|Pollen Puff|p2a: Yusai\n|-resisted|p2a: Yusai\n|-damage|p2a: Yusai|70\/100\n|-damage|p1a: Lilligant|33\/100|[from] item: Life Orb\n|\n|upkeep\n|turn|17\n|\n|t:|1699751654\n|move|p2a: Yusai|Bug Bite|p1a: Lilligant\n|-supereffective|p1a: Lilligant\n|-damage|p1a: Lilligant|0 fnt\n|faint|p1a: Lilligant\n|\n|upkeep\n|\n|t:|1699751661\n|switch|p1a: Ditto|Ditto|70\/100\n|-transform|p1a: Ditto|p2a: Yusai|[from] ability: Imposter\n|turn|18\n|\n|t:|1699751679\n|switch|p1a: Chi-Yu|Chi-Yu|100\/100\n|-ability|p1a: Chi-Yu|Beads of Ruin\n|move|p2a: Yusai|Dual Wingbeat|p1a: Chi-Yu\n|-damage|p1a: Chi-Yu|55\/100\n|-damage|p1a: Chi-Yu|11\/100\n|-hitcount|p1a: Chi-Yu|2\n|\n|upkeep\n|turn|19\n|\n|t:|1699751688\n|move|p2a: Yusai|Quick Attack|p1a: Chi-Yu\n|-damage|p1a: Chi-Yu|0 fnt\n|faint|p1a: Chi-Yu\n|\n|upkeep\n|\n|t:|1699751695\n|switch|p1a: Ditto|Ditto|70\/100\n|-transform|p1a: Ditto|p2a: Yusai|[from] ability: Imposter\n|turn|20\n|\n|t:|1699751700\n|move|p1a: Ditto|Dual Wingbeat|p2a: Yusai\n|-supereffective|p2a: Yusai\n|-damage|p2a: Yusai|0 fnt\n|faint|p2a: Yusai\n|-hitcount|p2: Yusai|1\n|\n|upkeep\n|\n|t:|1699751716\n|switch|p2a: Ichico|Cresselia, F, shiny|29\/100\n|-damage|p2a: Ichico|16\/100|[from] Stealth Rock\n|turn|21\n|\n|t:|1699751721\n|move|p1a: Ditto|Dual Wingbeat|p2a: Ichico\n|-damage|p2a: Ichico|0 fnt\n|faint|p2a: Ichico\n|-hitcount|p2: Ichico|1\n|\n|upkeep\n|\n|t:|1699751726\n|switch|p2a: Undread Unnaw|Drednaw, M, shiny|48\/100\n|-damage|p2a: Undread Unnaw|35\/100|[from] Stealth Rock\n|turn|22\n|\n|t:|1699751736\n|-terastallize|p2a: Undread Unnaw|Fairy\n|move|p1a: Ditto|Dual Wingbeat|p2a: Undread Unnaw\n|-damage|p2a: Undread Unnaw|2\/100\n|-damage|p2a: Undread Unnaw|0 fnt\n|faint|p2a: Undread Unnaw\n|-hitcount|p2: Undread Unnaw|2\n|\n|upkeep\n|\n|t:|1699751744\n|switch|p2a: Andy|Ursaluna-Bloodmoon, M|100\/100\n|-damage|p2a: Andy|94\/100|[from] Stealth Rock\n|turn|23\n|\n|t:|1699751752\n|move|p1a: Ditto|Dual Wingbeat|p2a: Andy\n|-damage|p2a: Andy|74\/100\n|-damage|p2a: Andy|54\/100\n|-hitcount|p2a: Andy|2\n|move|p2a: Andy|Moonblast|p1a: Ditto\n|-damage|p1a: Ditto|20\/100\n|\n|upkeep\n|turn|24\n|\n|t:|1699751762\n|move|p1a: Ditto|Dual Wingbeat|p2a: Andy\n|-damage|p2a: Andy|37\/100\n|-damage|p2a: Andy|19\/100\n|-hitcount|p2a: Andy|2\n|move|p2a: Andy|Blood Moon|p1a: Ditto\n|-damage|p1a: Ditto|0 fnt\n|faint|p1a: Ditto\n|\n|upkeep\n|\n|t:|1699751770\n|switch|p1a: Cinderace|Cinderace, M|100\/100\n|turn|25\n|\n|t:|1699751778\n|move|p1a: Cinderace|Pyro Ball|p2a: Andy\n|-damage|p2a: Andy|0 fnt\n|faint|p2a: Andy\n|\n|upkeep\n|\n|t:|1699751782\n|switch|p2a: Mui|Zoroark-Hisui, F, shiny|100\/100\n|-damage|p2a: Mui|88\/100|[from] Stealth Rock\n|turn|26\n|\n|t:|1699751798\n|move|p1a: Cinderace|Pyro Ball|p2a: Mui\n|-damage|p2a: Mui|0 fnt\n|faint|p2a: Mui\n|\n|win|Kingu01\n","uploadtime":1699751804,"views":23,"p1id":"kingu01","p2id":"soru87","formatid":"gen9anythinggoes","rating":0,"private":0,"password":""}