{"id":"gen9anythinggoes-1983844574","p1":"seasons_blue","p2":"Blue Sharpie 06","format":"[Gen 9] Anything Goes","log":"|j|\u2606seasons_blue\n|j|\u2606Blue Sharpie 06\n|t:|1699190778\n|gametype|singles\n|player|p1|seasons_blue|hilbert|1357\n|player|p2|Blue Sharpie 06|giovanni|1539\n|teamsize|p1|6\n|teamsize|p2|6\n|gen|9\n|tier|[Gen 9] Anything Goes\n|rated|\n|rule|HP Percentage Mod: HP is shown in percentages\n|rule|Endless Battle Clause: Forcing endless battles is banned\n|clearpoke\n|poke|p1|Chien-Pao|\n|poke|p1|Gholdengo|\n|poke|p1|Tyranitar, F|\n|poke|p1|Quaquaval, M|\n|poke|p1|Amoonguss, M|\n|poke|p1|Iron Treads|\n|poke|p2|Calyrex-Shadow|\n|poke|p2|Cyclizar, F|\n|poke|p2|Espathra, M|\n|poke|p2|Ogerpon-Hearthflame, F|\n|poke|p2|Chien-Pao|\n|poke|p2|Arceus|\n|teampreview\n|inactive|Battle timer is ON: inactive players will automatically lose when time's up. (requested by Blue Sharpie 06)\n|inactive|seasons_blue also wants the timer to be on.\n|c|\u2606Blue Sharpie 06|Hf\n|\n|t:|1699190792\n|start\n|switch|p1a: Amoonguss|Amoonguss, M|100\/100\n|switch|p2a: Cyclizar|Cyclizar, F, shiny|100\/100\n|turn|1\n|\n|t:|1699190804\n|move|p2a: Cyclizar|Shed Tail|p2a: Cyclizar\n|-start|p2a: Cyclizar|Substitute|[from] move: Shed Tail\n|-damage|p2a: Cyclizar|50\/100\n|\n|t:|1699190807\n|switch|p2a: Espathra|Espathra, M|100\/100|[from] Shed Tail\n|move|p1a: Amoonguss|Sludge Bomb|p2a: Espathra\n|-end|p2a: Espathra|Substitute\n|\n|upkeep\n|turn|2\n|\n|t:|1699190821\n|switch|p1a: Tyranitar|Tyranitar, F|100\/100\n|-weather|Sandstorm|[from] ability: Sand Stream|[of] p1a: Tyranitar\n|move|p2a: Espathra|Protect||[still]\n|-fail|p2a: Espathra\n|\n|-weather|Sandstorm|[upkeep]\n|-damage|p2a: Espathra|94\/100|[from] Sandstorm\n|-ability|p2a: Espathra|Speed Boost|boost\n|-boost|p2a: Espathra|spe|1\n|upkeep\n|turn|3\n|\n|t:|1699190833\n|move|p2a: Espathra|Baton Pass|p2a: Espathra\n|\n|t:|1699190839\n|switch|p2a: Ogerpon|Ogerpon-Hearthflame, F|100\/100|[from] Baton Pass\n|-ability|p2a: Ogerpon|Mold Breaker\n|move|p1a: Tyranitar|Crunch|p2a: Ogerpon\n|-damage|p2a: Ogerpon|56\/100\n|\n|-weather|Sandstorm|[upkeep]\n|-damage|p2a: Ogerpon|50\/100|[from] Sandstorm\n|upkeep\n|turn|4\n|\n|t:|1699190851\n|move|p2a: Ogerpon|Horn Leech|p1a: Tyranitar\n|-supereffective|p1a: Tyranitar\n|-damage|p1a: Tyranitar|32\/100\n|-heal|p2a: Ogerpon|97\/100|[from] drain|[of] p1a: Tyranitar\n|move|p1a: Tyranitar|Crunch|p2a: Ogerpon\n|-damage|p2a: Ogerpon|54\/100\n|\n|-weather|Sandstorm|[upkeep]\n|-damage|p2a: Ogerpon|48\/100|[from] Sandstorm\n|upkeep\n|turn|5\n|\n|t:|1699190864\n|switch|p1a: Gholdengo|Gholdengo|100\/100\n|move|p2a: Ogerpon|Swords Dance|p2a: Ogerpon\n|-boost|p2a: Ogerpon|atk|2\n|\n|-weather|Sandstorm|[upkeep]\n|-damage|p2a: Ogerpon|42\/100|[from] Sandstorm\n|upkeep\n|turn|6\n|\n|t:|1699190872\n|move|p2a: Ogerpon|Ivy Cudgel|p1a: Gholdengo\n|-supereffective|p1a: Gholdengo\n|-damage|p1a: Gholdengo|0 fnt\n|faint|p1a: Gholdengo\n|\n|-weather|none\n|upkeep\n|\n|t:|1699190878\n|switch|p1a: Chien-Pao|Chien-Pao|100\/100\n|-ability|p1a: Chien-Pao|Sword of Ruin\n|turn|7\n|\n|t:|1699190883\n|move|p1a: Chien-Pao|Sucker Punch|p2a: Ogerpon\n|-damage|p2a: Ogerpon|0 fnt\n|faint|p2a: Ogerpon\n|\n|upkeep\n|\n|t:|1699190893\n|switch|p2a: Chien-Pao|Chien-Pao|100\/100\n|-ability|p2a: Chien-Pao|Sword of Ruin\n|turn|8\n|\n|t:|1699190901\n|move|p2a: Chien-Pao|Sacred Sword|p1a: Chien-Pao\n|-supereffective|p1a: Chien-Pao\n|-enditem|p1a: Chien-Pao|Focus Sash\n|-damage|p1a: Chien-Pao|1\/100\n|move|p1a: Chien-Pao|Sacred Sword|p2a: Chien-Pao\n|-supereffective|p2a: Chien-Pao\n|-enditem|p2a: Chien-Pao|Focus Sash\n|-damage|p2a: Chien-Pao|1\/100\n|\n|upkeep\n|turn|9\n|\n|t:|1699190911\n|move|p2a: Chien-Pao|Ice Shard|p1a: Chien-Pao\n|-resisted|p1a: Chien-Pao\n|-damage|p1a: Chien-Pao|0 fnt\n|faint|p1a: Chien-Pao\n|\n|upkeep\n|\n|t:|1699190917\n|switch|p1a: Tyranitar|Tyranitar, F|32\/100\n|-weather|Sandstorm|[from] ability: Sand Stream|[of] p1a: Tyranitar\n|turn|10\n|c|\u2606Blue Sharpie 06|First speed tie win no way\n|c|\u2606Blue Sharpie 06|Unless that\u2019s adamant\n|\n|t:|1699190938\n|-terastallize|p1a: Tyranitar|Ghost\n|move|p2a: Chien-Pao|Sacred Sword|p1a: Tyranitar\n|-immune|p1a: Tyranitar\n|move|p1a: Tyranitar|Fire Punch|p2a: Chien-Pao\n|-supereffective|p2a: Chien-Pao\n|-damage|p2a: Chien-Pao|0 fnt\n|faint|p2a: Chien-Pao\n|\n|-weather|Sandstorm|[upkeep]\n|-damage|p1a: Tyranitar|25\/100|[from] Sandstorm\n|upkeep\n|c|\u2606seasons_blue|brooo i got no clue wht ur saying\n|inactive|Blue Sharpie 06 has 120 seconds left.\n|\n|t:|1699190965\n|switch|p2a: Arceus|Arceus, shiny|100\/100\n|turn|11\n|\n|t:|1699190972\n|switch|p1a: Amoonguss|Amoonguss, M|100\/100\n|move|p2a: Arceus|Shadow Claw|p1a: Amoonguss\n|-damage|p1a: Amoonguss|76\/100\n|-damage|p2a: Arceus|91\/100|[from] item: Life Orb\n|\n|-weather|Sandstorm|[upkeep]\n|-damage|p2a: Arceus|84\/100|[from] Sandstorm\n|-damage|p1a: Amoonguss|70\/100|[from] Sandstorm\n|-heal|p1a: Amoonguss|76\/100|[from] item: Black Sludge\n|upkeep\n|turn|12\n|inactive|Blue Sharpie 06 has 120 seconds left.\n|c|\u2606Blue Sharpie 06|The nature\n|c|\u2606Blue Sharpie 06|like\n|inactive|seasons_blue has 120 seconds left.\n|\n|t:|1699191005\n|move|p2a: Arceus|Swords Dance|p2a: Arceus\n|-boost|p2a: Arceus|atk|2\n|move|p1a: Amoonguss|Toxic|p2a: Arceus\n|-status|p2a: Arceus|tox\n|\n|-weather|Sandstorm|[upkeep]\n|-damage|p2a: Arceus|78\/100 tox|[from] Sandstorm\n|-damage|p1a: Amoonguss|70\/100|[from] Sandstorm\n|-heal|p1a: Amoonguss|76\/100|[from] item: Black Sludge\n|-damage|p2a: Arceus|72\/100 tox|[from] psn\n|upkeep\n|turn|13\n|inactive|Blue Sharpie 06 has 120 seconds left.\n|c|\u2606Blue Sharpie 06|if it\u2019s a speed boosting nature it\u2019s usually jokly\n|c|\u2606Blue Sharpie 06|*jolly\n|c|\u2606Blue Sharpie 06|and if it\u2019s a attack boosting nature it\u2019s usually adamant\n|inactive|Blue Sharpie 06 has 90 seconds left.\n|\n|t:|1699191046\n|move|p2a: Arceus|Extreme Speed|p1a: Amoonguss\n|-damage|p1a: Amoonguss|3\/100\n|-damage|p2a: Arceus|62\/100 tox|[from] item: Life Orb\n|move|p1a: Amoonguss|Giga Drain|p2a: Arceus\n|-crit|p2a: Arceus\n|-damage|p2a: Arceus|41\/100 tox\n|-heal|p1a: Amoonguss|14\/100|[from] drain|[of] p2a: Arceus\n|\n|-weather|Sandstorm|[upkeep]\n|-damage|p2a: Arceus|35\/100 tox|[from] Sandstorm\n|-damage|p1a: Amoonguss|8\/100|[from] Sandstorm\n|-heal|p1a: Amoonguss|14\/100|[from] item: Black Sludge\n|-damage|p2a: Arceus|22\/100 tox|[from] psn\n|upkeep\n|turn|14\n|inactive|Blue Sharpie 06 has 90 seconds left.\n|\n|t:|1699191059\n|switch|p1a: Tyranitar|Tyranitar, F, tera:Ghost|25\/100\n|move|p2a: Arceus|Recover|p2a: Arceus\n|-heal|p2a: Arceus|73\/100 tox\n|\n|-weather|none\n|-damage|p2a: Arceus|54\/100 tox|[from] psn\n|upkeep\n|turn|15\n|\n|t:|1699191074\n|move|p2a: Arceus|Shadow Claw|p1a: Tyranitar\n|-supereffective|p1a: Tyranitar\n|-damage|p1a: Tyranitar|0 fnt\n|faint|p1a: Tyranitar\n|-damage|p2a: Arceus|44\/100 tox|[from] item: Life Orb\n|\n|-damage|p2a: Arceus|20\/100 tox|[from] psn\n|upkeep\n|inactive|seasons_blue has 120 seconds left.\n|\n|t:|1699191089\n|switch|p1a: Iron Treads|Iron Treads|100\/100\n|turn|16\n|\n|t:|1699191093\n|move|p2a: Arceus|Extreme Speed|p1a: Iron Treads\n|-resisted|p1a: Iron Treads\n|-damage|p1a: Iron Treads|66\/100\n|-damage|p2a: Arceus|10\/100 tox|[from] item: Life Orb\n|move|p1a: Iron Treads|Iron Head|p2a: Arceus\n|-damage|p2a: Arceus|0 fnt\n|faint|p2a: Arceus\n|\n|-heal|p1a: Iron Treads|72\/100|[from] item: Leftovers\n|upkeep\n|\n|t:|1699191107\n|switch|p2a: Cyclizar|Cyclizar, F, shiny|83\/100\n|turn|17\n|\n|t:|1699191126\n|move|p2a: Cyclizar|Shed Tail|p2a: Cyclizar\n|-start|p2a: Cyclizar|Substitute|[from] move: Shed Tail\n|-damage|p2a: Cyclizar|33\/100\n|\n|t:|1699191130\n|switch|p2a: Espathra|Espathra, M|94\/100|[from] Shed Tail\n|move|p1a: Iron Treads|Rapid Spin|p2a: Espathra\n|-activate|p2a: Espathra|move: Substitute|[damage]\n|-boost|p1a: Iron Treads|spe|1\n|\n|-heal|p1a: Iron Treads|78\/100|[from] item: Leftovers\n|upkeep\n|turn|18\n|inactive|Blue Sharpie 06 has 120 seconds left.\n|\n|t:|1699191139\n|move|p1a: Iron Treads|Rapid Spin|p2a: Espathra\n|-end|p2a: Espathra|Substitute\n|-boost|p1a: Iron Treads|spe|1\n|move|p2a: Espathra|Calm Mind|p2a: Espathra\n|-boost|p2a: Espathra|spa|1\n|-boost|p2a: Espathra|spd|1\n|\n|-heal|p1a: Iron Treads|85\/100|[from] item: Leftovers\n|-ability|p2a: Espathra|Speed Boost|boost\n|-boost|p2a: Espathra|spe|1\n|upkeep\n|turn|19\n|inactive|Blue Sharpie 06 has 120 seconds left.\n|\n|t:|1699191150\n|move|p2a: Espathra|Protect|p2a: Espathra\n|-singleturn|p2a: Espathra|Protect\n|move|p1a: Iron Treads|Iron Head|p2a: Espathra\n|-activate|p2a: Espathra|move: Protect\n|\n|-heal|p1a: Iron Treads|91\/100|[from] item: Leftovers\n|-ability|p2a: Espathra|Speed Boost|boost\n|-boost|p2a: Espathra|spe|1\n|upkeep\n|turn|20\n|inactive|Blue Sharpie 06 has 120 seconds left.\n|\n|t:|1699191160\n|move|p2a: Espathra|Substitute|p2a: Espathra\n|-start|p2a: Espathra|Substitute\n|-damage|p2a: Espathra|70\/100\n|move|p1a: Iron Treads|Iron Head|p2a: Espathra\n|-end|p2a: Espathra|Substitute\n|\n|-heal|p1a: Iron Treads|97\/100|[from] item: Leftovers\n|-ability|p2a: Espathra|Speed Boost|boost\n|-boost|p2a: Espathra|spe|1\n|upkeep\n|turn|21\n|inactive|Blue Sharpie 06 has 120 seconds left.\n|\n|t:|1699191175\n|move|p2a: Espathra|Protect|p2a: Espathra\n|-singleturn|p2a: Espathra|Protect\n|move|p1a: Iron Treads|Iron Head|p2a: Espathra\n|-activate|p2a: Espathra|move: Protect\n|\n|-heal|p1a: Iron Treads|100\/100|[from] item: Leftovers\n|-ability|p2a: Espathra|Speed Boost|boost\n|-boost|p2a: Espathra|spe|1\n|upkeep\n|turn|22\n|inactive|Blue Sharpie 06 has 120 seconds left.\n|\n|t:|1699191188\n|move|p2a: Espathra|Substitute|p2a: Espathra\n|-start|p2a: Espathra|Substitute\n|-damage|p2a: Espathra|45\/100\n|move|p1a: Iron Treads|Iron Head|p2a: Espathra\n|-end|p2a: Espathra|Substitute\n|\n|-ability|p2a: Espathra|Speed Boost|boost\n|-boost|p2a: Espathra|spe|1\n|upkeep\n|turn|23\n|inactive|Blue Sharpie 06 has 120 seconds left.\n|\n|t:|1699191200\n|move|p2a: Espathra|Baton Pass|p2a: Espathra\n|\n|t:|1699191203\n|switch|p2a: Calyrex|Calyrex-Shadow|100\/100|[from] Baton Pass\n|-ability|p2a: Calyrex|As One\n|-ability|p2a: Calyrex|Unnerve\n|move|p1a: Iron Treads|Iron Head|p2a: Calyrex\n|-damage|p2a: Calyrex|65\/100\n|\n|upkeep\n|turn|24\n|\n|t:|1699191214\n|-terastallize|p2a: Calyrex|Fighting\n|move|p2a: Calyrex|Tera Blast|p1a: Iron Treads|[anim] Tera Blast Fighting\n|-supereffective|p1a: Iron Treads\n|-damage|p1a: Iron Treads|0 fnt\n|faint|p1a: Iron Treads\n|-end|p1a: Iron Treads|Quark Drive|[silent]\n|-ability|p2a: Calyrex|Grim Neigh|boost\n|-boost|p2a: Calyrex|spa|1\n|\n|upkeep\n|\n|t:|1699191221\n|switch|p1a: Quaquaval|Quaquaval, M|100\/100\n|turn|25\n|\n|t:|1699191226\n|move|p2a: Calyrex|Draining Kiss|p1a: Quaquaval\n|-supereffective|p1a: Quaquaval\n|-crit|p1a: Quaquaval\n|-damage|p1a: Quaquaval|0 fnt\n|-heal|p2a: Calyrex|100\/100|[from] drain|[of] p1a: Quaquaval\n|faint|p1a: Quaquaval\n|-ability|p2a: Calyrex|Grim Neigh|boost\n|-boost|p2a: Calyrex|spa|1\n|\n|upkeep\n|c|\u2606seasons_blue|gg\n|\n|t:|1699191237\n|switch|p1a: Amoonguss|Amoonguss, M|47\/100\n|turn|26\n|c|\u2606Blue Sharpie 06|Ggs\n|\n|t:|1699191242\n|move|p2a: Calyrex|Astral Barrage|p1a: Amoonguss\n|-damage|p1a: Amoonguss|0 fnt\n|faint|p1a: Amoonguss\n|\n|win|Blue Sharpie 06\n|raw|seasons_blue's rating: 1357 &rarr; <strong>1347<\/strong><br \/>(-10 for losing)\n|raw|Blue Sharpie 06's rating: 1539 &rarr; <strong>1549<\/strong><br \/>(+10 for winning)\n|l|\u2606seasons_blue\n","uploadtime":1699191259,"views":11,"p1id":"seasonsblue","p2id":"bluesharpie06","formatid":"gen9anythinggoes","rating":1347,"private":0,"password":""}