{"id":"gen9anythinggoes-1993759598","p1":"SegoeScript","p2":"Jektrooper","format":"[Gen 9] Anything Goes","log":"|j|\u2606SegoeScript\n|j|\u2606Jektrooper\n|t:|1700353920\n|gametype|singles\n|player|p1|SegoeScript|wallace|\n|player|p2|Jektrooper|pokemonbreederf|\n|teamsize|p1|6\n|teamsize|p2|6\n|gen|9\n|tier|[Gen 9] Anything Goes\n|rule|HP Percentage Mod: HP is shown in percentages\n|rule|Endless Battle Clause: Forcing endless battles is banned\n|clearpoke\n|poke|p1|Brute Bonnet|\n|poke|p1|Roaring Moon|\n|poke|p1|Torkoal, M|\n|poke|p1|Sandy Shocks|\n|poke|p1|Corviknight, M|\n|poke|p1|Ceruledge, M|\n|poke|p2|Dragapult, M|\n|poke|p2|Rillaboom, M|\n|poke|p2|Sneasler, F|\n|poke|p2|Enamorus-Therian, F|\n|poke|p2|Talonflame, M|\n|poke|p2|Toxtricity, F|\n|teampreview\n|j| RodentCollector\n|j| KhaoticIntent\n|j| sharkangel037\n|c| RodentCollector|I can't wait for explosion torkoal to destroy toxtricity\n|c|\u2606Jektrooper|f8ck you drag btw for giving up Torkoal now \/j\n|\n|t:|1700353993\n|start\n|switch|p1a: Ryu-Kishin Powered|Corviknight, M|100\/100\n|switch|p2a: Ringo|Rillaboom, M|100\/100\n|-fieldstart|move: Grassy Terrain|[from] ability: Grassy Surge|[of] p2a: Ringo\n|turn|1\n|\n|t:|1700354009\n|move|p2a: Ringo|U-turn|p1a: Ryu-Kishin Powered\n|-resisted|p1a: Ryu-Kishin Powered\n|-damage|p1a: Ryu-Kishin Powered|98\/100\n|\n|t:|1700354011\n|switch|p2a: Tupac|Talonflame, M|100\/100|[from] U-turn\n|move|p1a: Ryu-Kishin Powered|Taunt|p2a: Tupac\n|-start|p2a: Tupac|move: Taunt\n|\n|-heal|p1a: Ryu-Kishin Powered|100\/100|[from] item: Leftovers\n|upkeep\n|turn|2\n|\n|t:|1700354028\n|switch|p2a: Enamorus|Enamorus-Therian, F|100\/100\n|switch|p1a: Yamadron|Torkoal, M|100\/100\n|-weather|SunnyDay|[from] ability: Drought|[of] p1a: Yamadron\n|\n|-weather|SunnyDay|[upkeep]\n|upkeep\n|turn|3\n|j| ZeroORAS\n|\n|t:|1700354080\n|switch|p1a: Cyber Soldier|Sandy Shocks|100\/100\n|-activate|p1a: Cyber Soldier|ability: Protosynthesis\n|-start|p1a: Cyber Soldier|protosynthesisspe\n|move|p2a: Enamorus|Earth Power|p1a: Cyber Soldier\n|-supereffective|p1a: Cyber Soldier\n|-crit|p1a: Cyber Soldier\n|-damage|p1a: Cyber Soldier|0 fnt\n|faint|p1a: Cyber Soldier\n|-end|p1a: Cyber Soldier|Protosynthesis|[silent]\n|\n|-weather|SunnyDay|[upkeep]\n|upkeep\n|c|\u2606SegoeScript|ah\n|c| sharkangel037|OOOOOOOOOHHHHHH\n|\n|t:|1700354102\n|switch|p1a: Curse of Dragon|Roaring Moon|100\/100\n|-activate|p1a: Curse of Dragon|ability: Protosynthesis\n|-start|p1a: Curse of Dragon|protosynthesisatk\n|turn|4\n|\n|t:|1700354109\n|-terastallize|p2a: Enamorus|Ground\n|move|p1a: Curse of Dragon|Knock Off|p2a: Enamorus\n|-damage|p2a: Enamorus|41\/100\n|-enditem|p2a: Enamorus|Choice Specs|[from] move: Knock Off|[of] p1a: Curse of Dragon\n|move|p2a: Enamorus|Earth Power|p1a: Curse of Dragon\n|-damage|p1a: Curse of Dragon|48\/100\n|\n|-weather|SunnyDay|[upkeep]\n|-heal|p1a: Curse of Dragon|54\/100|[from] Grassy Terrain\n|-heal|p2a: Enamorus|47\/100|[from] Grassy Terrain\n|upkeep\n|turn|5\n|\n|t:|1700354144\n|-end|p1a: Curse of Dragon|Protosynthesis|[silent]\n|switch|p1a: Haniwa|Brute Bonnet|100\/100\n|-activate|p1a: Haniwa|ability: Protosynthesis\n|-start|p1a: Haniwa|protosynthesisatk\n|switch|p2a: Tupac|Talonflame, M|100\/100\n|\n|-weather|SunnyDay|[upkeep]\n|-fieldend|move: Grassy Terrain\n|upkeep\n|turn|6\n|\n|t:|1700354158\n|move|p1a: Haniwa|Sucker Punch||[still]\n|-fail|p1a: Haniwa\n|move|p2a: Tupac|Will-O-Wisp|p1a: Haniwa\n|-status|p1a: Haniwa|brn\n|-enditem|p1a: Haniwa|Lum Berry|[eat]\n|-curestatus|p1a: Haniwa|brn|[msg]\n|\n|-weather|none\n|-end|p1a: Haniwa|Protosynthesis\n|upkeep\n|turn|7\n|c|\u2606Jektrooper|LMAO\n|\n|t:|1700354172\n|switch|p2a: Ringo|Rillaboom, M|100\/100\n|-fieldstart|move: Grassy Terrain|[from] ability: Grassy Surge|[of] p2a: Ringo\n|-end|p1a: Haniwa|Protosynthesis|[silent]\n|switch|p1a: Yamadron|Torkoal, M|100\/100\n|-weather|SunnyDay|[from] ability: Drought|[of] p1a: Yamadron\n|\n|-weather|SunnyDay|[upkeep]\n|upkeep\n|turn|8\n|\n|t:|1700354185\n|switch|p1a: Ryu-Kishin Powered|Corviknight, M|100\/100\n|move|p2a: Ringo|U-turn|p1a: Ryu-Kishin Powered\n|-resisted|p1a: Ryu-Kishin Powered\n|-damage|p1a: Ryu-Kishin Powered|97\/100\n|\n|t:|1700354196\n|switch|p2a: Charlz|Toxtricity, F|100\/100|[from] U-turn\n|\n|-weather|SunnyDay|[upkeep]\n|-heal|p1a: Ryu-Kishin Powered|100\/100|[from] item: Leftovers\n|upkeep\n|turn|9\n|c|\u2606SegoeScript|one of these times it'll be earthquake trust\n|c|\u2606Jektrooper|ah yes\n|c|\u2606Jektrooper|Earthquakej Rillaboom\n|c|\u2606SegoeScript|in the\n|c|\u2606SegoeScript|the grassy terrain.\n|c|\u2606Jektrooper|in the grassy terrain\n|c|\u2606SegoeScript|ah\n|c|\u2606Jektrooper|could be high horsepower\n|c| RodentCollector|it has high horsepower tho\n|c|\u2606Jektrooper|biggest regret when I picked up Clodsire LOL\n|c|\u2606Jektrooper|can't run earthquake with Rillaboom\n|\n|t:|1700354252\n|switch|p1a: Curse of Dragon|Roaring Moon|54\/100\n|-activate|p1a: Curse of Dragon|ability: Protosynthesis\n|-start|p1a: Curse of Dragon|protosynthesisatk\n|move|p2a: Charlz|Shift Gear|p2a: Charlz\n|-boost|p2a: Charlz|spe|2\n|-boost|p2a: Charlz|atk|1\n|\n|-weather|SunnyDay|[upkeep]\n|-heal|p1a: Curse of Dragon|60\/100|[from] Grassy Terrain\n|upkeep\n|turn|10\n|\n|t:|1700354261\n|move|p1a: Curse of Dragon|Earthquake|p2a: Charlz\n|-supereffective|p2a: Charlz\n|-damage|p2a: Charlz|0 fnt\n|faint|p2a: Charlz\n|\n|-weather|SunnyDay|[upkeep]\n|-heal|p1a: Curse of Dragon|66\/100|[from] Grassy Terrain\n|upkeep\n|c| KhaoticIntent|Charlz will go off one day\n|\n|t:|1700354287\n|switch|p2a: Potter|Dragapult, M|100\/100\n|turn|11\n|\n|t:|1700354309\n|switch|p2a: Tupac|Talonflame, M|100\/100\n|-end|p1a: Curse of Dragon|Protosynthesis|[silent]\n|switch|p1a: Thirteenth Grave|Ceruledge, M|100\/100\n|\n|-weather|none\n|-fieldend|move: Grassy Terrain\n|upkeep\n|turn|12\n|\n|t:|1700354332\n|switch|p2a: Enamorus|Enamorus-Therian, F, tera:Ground|47\/100\n|move|p1a: Thirteenth Grave|Shadow Sneak|p2a: Enamorus\n|-damage|p2a: Enamorus|28\/100\n|\n|upkeep\n|turn|13\n|\n|t:|1700354348\n|move|p1a: Thirteenth Grave|Bitter Blade|p2a: Enamorus\n|-damage|p2a: Enamorus|0 fnt\n|faint|p2a: Enamorus\n|\n|upkeep\n|\n|t:|1700354361\n|switch|p2a: Ringo|Rillaboom, M|100\/100\n|-fieldstart|move: Grassy Terrain|[from] ability: Grassy Surge|[of] p2a: Ringo\n|turn|14\n|c| RodentCollector|when the sword is sour\n|\n|t:|1700354383\n|move|p1a: Thirteenth Grave|Swords Dance|p1a: Thirteenth Grave\n|-boost|p1a: Thirteenth Grave|atk|2\n|move|p2a: Ringo|U-turn|p1a: Thirteenth Grave\n|-resisted|p1a: Thirteenth Grave\n|-damage|p1a: Thirteenth Grave|96\/100\n|-ability|p1a: Thirteenth Grave|Weak Armor|boost\n|-unboost|p1a: Thirteenth Grave|def|1\n|-boost|p1a: Thirteenth Grave|spe|2\n|\n|t:|1700354390\n|switch|p2a: Sneads|Sneasler, F|100\/100|[from] U-turn\n|-enditem|p2a: Sneads|Grassy Seed\n|-boost|p2a: Sneads|def|1|[from] item: Grassy Seed\n|\n|-heal|p1a: Thirteenth Grave|100\/100|[from] Grassy Terrain\n|upkeep\n|turn|15\n|c|\u2606SegoeScript|real?\n|c|\u2606Jektrooper|wait\n|c|\u2606Jektrooper|grassy terrain f8cked me\n|\n|t:|1700354405\n|move|p2a: Sneads|Night Slash|p1a: Thirteenth Grave\n|-supereffective|p1a: Thirteenth Grave\n|-enditem|p1a: Thirteenth Grave|Colbur Berry|[eat]\n|-enditem|p1a: Thirteenth Grave|Colbur Berry|[weaken]\n|-damage|p1a: Thirteenth Grave|57\/100\n|-ability|p1a: Thirteenth Grave|Weak Armor|boost\n|-unboost|p1a: Thirteenth Grave|def|1\n|-boost|p1a: Thirteenth Grave|spe|2\n|move|p1a: Thirteenth Grave|Bitter Blade|p2a: Sneads\n|-damage|p2a: Sneads|2\/100\n|-heal|p1a: Thirteenth Grave|100\/100|[from] drain|[of] p2a: Sneads\n|\n|-heal|p2a: Sneads|8\/100|[from] Grassy Terrain\n|upkeep\n|turn|16\n|c|\u2606Jektrooper|that's ggs\n|\n|t:|1700354421\n|move|p1a: Thirteenth Grave|Shadow Sneak|p2a: Sneads\n|-damage|p2a: Sneads|0 fnt\n|faint|p2a: Sneads\n|\n|upkeep\n|\n|t:|1700354428\n|switch|p2a: Ringo|Rillaboom, M|100\/100\n|turn|17\n|\n|t:|1700354431\n|move|p1a: Thirteenth Grave|Bitter Blade|p2a: Ringo\n|-supereffective|p2a: Ringo\n|-damage|p2a: Ringo|0 fnt\n|faint|p2a: Ringo\n|\n|upkeep\n|c| ZeroORAS|SEGOE YOURE TOO COOL DUDE\n|\n|t:|1700354434\n|switch|p2a: Potter|Dragapult, M|100\/100\n|turn|18\n|c|\u2606SegoeScript|got damn\n|\n|t:|1700354438\n|move|p1a: Thirteenth Grave|Poltergeist|p2a: Potter\n|-activate|p2a: Potter|move: Poltergeist|Choice Scarf\n|-supereffective|p2a: Potter\n|-damage|p2a: Potter|0 fnt\n|faint|p2a: Potter\n|\n|-fieldend|move: Grassy Terrain\n|upkeep\n|c|\u2606Jektrooper|dam not going max speed on toxi f8cked me\n|c|\u2606Jektrooper|gggs\n|c|\u2606SegoeScript|outspeeds the scarf pult\n|\n|t:|1700354447\n|switch|p2a: Tupac|Talonflame, M|100\/100\n|turn|19\n|\n|t:|1700354451\n|move|p1a: Thirteenth Grave|Poltergeist|p2a: Tupac\n|-activate|p2a: Tupac|move: Poltergeist|Heavy-Duty Boots\n|-damage|p2a: Tupac|0 fnt\n|faint|p2a: Tupac\n|\n|win|SegoeScript\n|c|\u2606Jektrooper|ggs\n|c|\u2606SegoeScript|good lord\n|c|\u2606SegoeScript|gg\n|c|\u2606SegoeScript|my boy finally coming in\n","uploadtime":1700354461,"views":36,"p1id":"segoescript","p2id":"jektrooper","formatid":"gen9anythinggoes","rating":0,"private":0,"password":""}