{"id":"gen9anythinggoes-1994391615","p1":"LingLing007","p2":"trotman","format":"[Gen 9] Anything Goes","log":"|j|\u2606LingLing007\n|j|\u2606trotman\n|t:|1700438599\n|gametype|singles\n|player|p1|LingLing007|morty-masters|1376\n|player|p2|trotman|brycenman|1330\n|teamsize|p1|6\n|teamsize|p2|6\n|gen|9\n|tier|[Gen 9] Anything Goes\n|rated|\n|rule|HP Percentage Mod: HP is shown in percentages\n|rule|Endless Battle Clause: Forcing endless battles is banned\n|clearpoke\n|poke|p1|Roaring Moon|\n|poke|p1|Toxapex, F|\n|poke|p1|Zoroark-Hisui, M|\n|poke|p1|Polteageist-Antique|\n|poke|p1|Great Tusk|\n|poke|p1|Ninetales-Alola, F|\n|poke|p2|Ogerpon-Cornerstone, F|\n|poke|p2|Sinistcha-Masterpiece|\n|poke|p2|Fezandipiti, M|\n|poke|p2|Landorus-Therian, M|\n|poke|p2|Kyogre|\n|poke|p2|Regieleki|\n|teampreview\n|inactive|Battle timer is ON: inactive players will automatically lose when time's up. (requested by LingLing007)\n|\n|t:|1700438607\n|start\n|switch|p1a: Ninetales|Ninetales-Alola, F, shiny|100\/100\n|switch|p2a: Landorus|Landorus-Therian, M|100\/100\n|-weather|Snow|[from] ability: Snow Warning|[of] p1a: Ninetales\n|-ability|p2a: Landorus|Intimidate|boost\n|-unboost|p1a: Ninetales|atk|1\n|turn|1\n|\n|t:|1700438627\n|switch|p2a: Fezandipiti|Fezandipiti, M|100\/100\n|move|p1a: Ninetales|Aurora Veil|p1a: Ninetales\n|-sidestart|p1: LingLing007|move: Aurora Veil\n|\n|-weather|Snow|[upkeep]\n|upkeep\n|turn|2\n|\n|t:|1700438639\n|switch|p1a: Polteageist|Polteageist-Antique|100\/100\n|move|p2a: Fezandipiti|Light Screen|p2a: Fezandipiti\n|-sidestart|p2: trotman|move: Light Screen\n|\n|-weather|Snow|[upkeep]\n|upkeep\n|turn|3\n|\n|t:|1700438651\n|move|p1a: Polteageist|Shell Smash|p1a: Polteageist\n|-unboost|p1a: Polteageist|def|1\n|-unboost|p1a: Polteageist|spd|1\n|-boost|p1a: Polteageist|atk|2\n|-boost|p1a: Polteageist|spa|2\n|-boost|p1a: Polteageist|spe|2\n|-enditem|p1a: Polteageist|White Herb\n|-clearnegativeboost|p1a: Polteageist|[silent]\n|move|p2a: Fezandipiti|Tailwind|p2a: Fezandipiti\n|-sidestart|p2: trotman|move: Tailwind\n|\n|-weather|Snow|[upkeep]\n|upkeep\n|turn|4\n|\n|t:|1700438664\n|move|p1a: Polteageist|Shell Smash|p1a: Polteageist\n|-unboost|p1a: Polteageist|def|1\n|-unboost|p1a: Polteageist|spd|1\n|-boost|p1a: Polteageist|atk|2\n|-boost|p1a: Polteageist|spa|2\n|-boost|p1a: Polteageist|spe|2\n|move|p2a: Fezandipiti|U-turn|p1a: Polteageist\n|-resisted|p1a: Polteageist\n|-damage|p1a: Polteageist|90\/100\n|\n|t:|1700438681\n|switch|p2a: Kyogre|Kyogre, shiny|100\/100|[from] U-turn\n|-weather|RainDance|[from] ability: Drizzle|[of] p2a: Kyogre\n|\n|-weather|RainDance|[upkeep]\n|upkeep\n|turn|5\n|\n|t:|1700438689\n|-terastallize|p2a: Kyogre|Water\n|move|p2a: Kyogre|Water Spout|p1a: Polteageist\n|-damage|p1a: Polteageist|0 fnt\n|faint|p1a: Polteageist\n|\n|-weather|RainDance|[upkeep]\n|upkeep\n|\n|t:|1700438695\n|switch|p1a: Roaring Moon|Roaring Moon|100\/100\n|-enditem|p1a: Roaring Moon|Booster Energy\n|-activate|p1a: Roaring Moon|ability: Protosynthesis|[fromitem]\n|-start|p1a: Roaring Moon|protosynthesisspe\n|turn|6\n|\n|t:|1700438701\n|switch|p2a: Fezandipiti|Fezandipiti, M|100\/100\n|move|p1a: Roaring Moon|Dragon Dance|p1a: Roaring Moon\n|-boost|p1a: Roaring Moon|atk|1\n|-boost|p1a: Roaring Moon|spe|1\n|\n|-weather|RainDance|[upkeep]\n|-sideend|p2: trotman|move: Tailwind\n|upkeep\n|turn|7\n|\n|t:|1700438711\n|-terastallize|p1a: Roaring Moon|Flying\n|move|p1a: Roaring Moon|Earthquake|p2a: Fezandipiti\n|-supereffective|p2a: Fezandipiti\n|-damage|p2a: Fezandipiti|22\/100\n|move|p2a: Fezandipiti|U-turn|p1a: Roaring Moon\n|-resisted|p1a: Roaring Moon\n|-crit|p1a: Roaring Moon\n|-damage|p1a: Roaring Moon|87\/100\n|\n|t:|1700438718\n|switch|p2a: Landorus|Landorus-Therian, M|100\/100|[from] U-turn\n|-ability|p2a: Landorus|Intimidate|boost\n|-unboost|p1a: Roaring Moon|atk|1\n|\n|-weather|RainDance|[upkeep]\n|upkeep\n|turn|8\n|\n|t:|1700438724\n|move|p1a: Roaring Moon|Knock Off|p2a: Landorus\n|-damage|p2a: Landorus|64\/100\n|-enditem|p2a: Landorus|Leftovers|[from] move: Knock Off|[of] p1a: Roaring Moon\n|move|p2a: Landorus|Taunt|p1a: Roaring Moon\n|-start|p1a: Roaring Moon|move: Taunt\n|\n|-weather|none\n|-sideend|p1: LingLing007|move: Aurora Veil\n|upkeep\n|turn|9\n|\n|t:|1700438731\n|move|p1a: Roaring Moon|Acrobatics|p2a: Landorus\n|-damage|p2a: Landorus|22\/100\n|move|p2a: Landorus|Stealth Rock|p1a: Roaring Moon\n|-sidestart|p1: LingLing007|move: Stealth Rock\n|\n|-sideend|p2: trotman|move: Light Screen\n|upkeep\n|turn|10\n|\n|t:|1700438740\n|move|p1a: Roaring Moon|Acrobatics|p2a: Landorus\n|-damage|p2a: Landorus|0 fnt\n|faint|p2a: Landorus\n|\n|upkeep\n|\n|t:|1700438746\n|switch|p2a: Ogerpon|Ogerpon-Cornerstone, F|100\/100\n|turn|11\n|\n|t:|1700438749\n|move|p1a: Roaring Moon|Acrobatics|p2a: Ogerpon\n|-damage|p2a: Ogerpon|20\/100\n|move|p2a: Ogerpon|Ivy Cudgel|p1a: Roaring Moon|[anim] Ivy Cudgel Rock\n|-supereffective|p1a: Roaring Moon\n|-damage|p1a: Roaring Moon|0 fnt\n|faint|p1a: Roaring Moon\n|-end|p1a: Roaring Moon|Protosynthesis|[silent]\n|\n|upkeep\n|\n|t:|1700438753\n|switch|p1a: Great Tusk|Great Tusk|100\/100\n|turn|12\n|\n|t:|1700438771\n|move|p2a: Ogerpon|Horn Leech|p1a: Great Tusk\n|-supereffective|p1a: Great Tusk\n|-damage|p1a: Great Tusk|48\/100\n|-heal|p2a: Ogerpon|59\/100|[from] drain|[of] p1a: Great Tusk\n|move|p1a: Great Tusk|Rapid Spin|p2a: Ogerpon\n|-resisted|p2a: Ogerpon\n|-damage|p2a: Ogerpon|48\/100\n|-boost|p1a: Great Tusk|spe|1\n|-sideend|p1: LingLing007|Stealth Rock|[from] move: Rapid Spin|[of] p1a: Great Tusk\n|\n|upkeep\n|turn|13\n|\n|t:|1700438780\n|move|p1a: Great Tusk|Earthquake|p2a: Ogerpon\n|-damage|p2a: Ogerpon|0 fnt\n|faint|p2a: Ogerpon\n|\n|upkeep\n|\n|t:|1700438786\n|switch|p2a: Sinistcha|Sinistcha-Masterpiece, shiny|100\/100\n|turn|14\n|\n|t:|1700438789\n|move|p1a: Great Tusk|Knock Off|p2a: Sinistcha\n|-supereffective|p2a: Sinistcha\n|-damage|p2a: Sinistcha|47\/100\n|-damage|p1a: Great Tusk|31\/100|[from] item: Rocky Helmet|[of] p2a: Sinistcha\n|-enditem|p2a: Sinistcha|Rocky Helmet|[from] move: Knock Off|[of] p1a: Great Tusk\n|move|p2a: Sinistcha|Matcha Gotcha|p1a: Great Tusk|[miss]\n|-miss|p2a: Sinistcha|p1a: Great Tusk\n|\n|upkeep\n|turn|15\n|\n|t:|1700438804\n|move|p1a: Great Tusk|Earthquake|p2a: Sinistcha\n|-resisted|p2a: Sinistcha\n|-damage|p2a: Sinistcha|29\/100\n|move|p2a: Sinistcha|Hex|p1a: Great Tusk\n|-damage|p1a: Great Tusk|0 fnt\n|faint|p1a: Great Tusk\n|-end|p1a: Great Tusk|Protosynthesis|[silent]\n|\n|upkeep\n|\n|t:|1700438810\n|switch|p1a: Ninetales|Ninetales-Alola, F, shiny|100\/100\n|turn|16\n|\n|t:|1700438818\n|move|p1a: Ninetales|Shadow Ball|p2a: Sinistcha\n|-supereffective|p2a: Sinistcha\n|-damage|p2a: Sinistcha|0 fnt\n|faint|p2a: Sinistcha\n|\n|upkeep\n|\n|t:|1700438823\n|switch|p2a: Kyogre|Kyogre, shiny, tera:Water|100\/100\n|-weather|RainDance|[from] ability: Drizzle|[of] p2a: Kyogre\n|turn|17\n|\n|t:|1700438830\n|move|p2a: Kyogre|Water Spout|p1a: Ninetales\n|-enditem|p1a: Ninetales|Focus Sash\n|-damage|p1a: Ninetales|1\/100\n|replace|p1a: Zoroark|Zoroark-Hisui, M, shiny\n|-end|p1a: Zoroark|Illusion\n|move|p1a: Zoroark|Hyper Voice|p2a: Kyogre\n|-damage|p2a: Kyogre|67\/100\n|\n|-weather|RainDance|[upkeep]\n|upkeep\n|turn|18\n|\n|t:|1700438840\n|move|p2a: Kyogre|Water Spout|p1a: Zoroark\n|-damage|p1a: Zoroark|0 fnt\n|faint|p1a: Zoroark\n|\n|-weather|RainDance|[upkeep]\n|upkeep\n|\n|t:|1700438842\n|switch|p1a: Ninetales|Ninetales-Alola, F, shiny|100\/100\n|-weather|Snow|[from] ability: Snow Warning|[of] p1a: Ninetales\n|turn|19\n|\n|t:|1700438848\n|switch|p2a: Fezandipiti|Fezandipiti, M|22\/100\n|move|p1a: Ninetales|Aurora Veil|p1a: Ninetales\n|-sidestart|p1: LingLing007|move: Aurora Veil\n|\n|-weather|Snow|[upkeep]\n|upkeep\n|turn|20\n|\n|t:|1700438855\n|move|p1a: Ninetales|Moonblast|p2a: Fezandipiti\n|-resisted|p2a: Fezandipiti\n|-damage|p2a: Fezandipiti|12\/100\n|move|p2a: Fezandipiti|Light Screen|p2a: Fezandipiti\n|-sidestart|p2: trotman|move: Light Screen\n|\n|-weather|Snow|[upkeep]\n|upkeep\n|turn|21\n|\n|t:|1700438862\n|move|p1a: Ninetales|Ice Shard|p2a: Fezandipiti\n|-damage|p2a: Fezandipiti|5\/100\n|move|p2a: Fezandipiti|Roost|p2a: Fezandipiti\n|-heal|p2a: Fezandipiti|55\/100\n|-singleturn|p2a: Fezandipiti|move: Roost\n|\n|-weather|Snow|[upkeep]\n|upkeep\n|turn|22\n|\n|t:|1700438868\n|move|p1a: Ninetales|Moonblast|p2a: Fezandipiti\n|-resisted|p2a: Fezandipiti\n|-damage|p2a: Fezandipiti|49\/100\n|move|p2a: Fezandipiti|Roost|p2a: Fezandipiti\n|-heal|p2a: Fezandipiti|99\/100\n|-singleturn|p2a: Fezandipiti|move: Roost\n|\n|-weather|Snow|[upkeep]\n|upkeep\n|turn|23\n|\n|t:|1700438889\n|move|p1a: Ninetales|Moonblast|p2a: Fezandipiti\n|-resisted|p2a: Fezandipiti\n|-damage|p2a: Fezandipiti|94\/100\n|move|p2a: Fezandipiti|Tailwind|p2a: Fezandipiti\n|-sidestart|p2: trotman|move: Tailwind\n|\n|-weather|none\n|upkeep\n|turn|24\n|\n|t:|1700438900\n|move|p2a: Fezandipiti|Light Screen||[still]\n|-fail|p2a: Fezandipiti\n|move|p1a: Ninetales|Moonblast|p2a: Fezandipiti\n|-resisted|p2a: Fezandipiti\n|-damage|p2a: Fezandipiti|89\/100\n|\n|upkeep\n|turn|25\n|\n|t:|1700438907\n|move|p2a: Fezandipiti|Roost|p2a: Fezandipiti\n|-heal|p2a: Fezandipiti|100\/100\n|-singleturn|p2a: Fezandipiti|move: Roost\n|move|p1a: Ninetales|Encore|p2a: Fezandipiti\n|-start|p2a: Fezandipiti|Encore\n|\n|upkeep\n|turn|26\n|\n|t:|1700438918\n|switch|p2a: Regieleki|Regieleki, shiny|100\/100\n|switch|p1a: Toxapex|Toxapex, F|100\/100\n|\n|-sideend|p2: trotman|move: Tailwind\n|-sideend|p1: LingLing007|move: Aurora Veil\n|upkeep\n|turn|27\n|\n|t:|1700438924\n|switch|p1a: Ninetales|Ninetales-Alola, F, shiny|100\/100\n|-weather|Snow|[from] ability: Snow Warning|[of] p1a: Ninetales\n|move|p2a: Regieleki|Thunderbolt|p1a: Ninetales\n|-damage|p1a: Ninetales|37\/100\n|-damage|p2a: Regieleki|91\/100|[from] item: Life Orb\n|\n|-weather|Snow|[upkeep]\n|-sideend|p2: trotman|move: Light Screen\n|upkeep\n|turn|28\n|-message|LingLing007 forfeited.\n|\n|win|trotman\n|raw|LingLing007's rating: 1376 &rarr; <strong>1353<\/strong><br \/>(-23 for losing)\n|raw|trotman's rating: 1330 &rarr; <strong>1353<\/strong><br \/>(+23 for winning)\n|l|\u2606LingLing007\n","uploadtime":1700438944,"views":2,"p1id":"lingling007","p2id":"trotman","formatid":"gen9anythinggoes","rating":1353,"private":0,"password":""}