{"id":"gen9anythinggoes-1985692705","p1":"TreBucet","p2":"Wolfmask 2345","format":"[Gen 9] Anything Goes","log":"|j|\u2606TreBucet\n|j|\u2606Wolfmask 2345\n|t:|1699396325\n|gametype|singles\n|player|p1|TreBucet|grimsley|1000\n|player|p2|Wolfmask 2345|101|1043\n|teamsize|p1|6\n|teamsize|p2|6\n|gen|9\n|tier|[Gen 9] Anything Goes\n|rated|\n|rule|HP Percentage Mod: HP is shown in percentages\n|rule|Endless Battle Clause: Forcing endless battles is banned\n|clearpoke\n|poke|p1|Houndstone, M|\n|poke|p1|Tyranitar, M|\n|poke|p1|Glimmora, M|\n|poke|p1|Flutter Mane|\n|poke|p1|Eternatus|\n|poke|p1|Zoroark, F|\n|poke|p2|Palkia-Origin|\n|poke|p2|Infernape, M|\n|poke|p2|Leavanny, M|\n|poke|p2|Iron Treads|\n|poke|p2|Gengar, M|\n|poke|p2|Hatterene, F|\n|teampreview\n|\n|t:|1699396331\n|start\n|switch|p1a: funny rock|Glimmora, M|100\/100\n|switch|p2a: Leavanny|Leavanny, M|100\/100\n|turn|1\n|\n|t:|1699396339\n|move|p1a: funny rock|Earth Power|p2a: Leavanny\n|-resisted|p2a: Leavanny\n|-damage|p2a: Leavanny|90\/100\n|-damage|p1a: funny rock|90\/100|[from] item: Life Orb\n|move|p2a: Leavanny|Sticky Web|p1a: funny rock\n|-sidestart|p1: TreBucet|move: Sticky Web\n|\n|-heal|p2a: Leavanny|96\/100|[from] item: Leftovers\n|upkeep\n|turn|2\n|\n|t:|1699396350\n|move|p1a: funny rock|Mortal Spin|p2a: Leavanny\n|-supereffective|p2a: Leavanny\n|-damage|p2a: Leavanny|72\/100\n|-status|p2a: Leavanny|psn\n|-sideend|p1: TreBucet|Sticky Web|[from] move: Mortal Spin|[of] p1a: funny rock\n|-damage|p1a: funny rock|80\/100|[from] item: Life Orb\n|move|p2a: Leavanny|Shadow Claw|p1a: funny rock\n|-damage|p1a: funny rock|63\/100\n|-activate|p1a: funny rock|ability: Toxic Debris\n|-sidestart|p2: Wolfmask 2345|move: Toxic Spikes\n|\n|-heal|p2a: Leavanny|79\/100 psn|[from] item: Leftovers\n|-damage|p2a: Leavanny|66\/100 psn|[from] psn\n|upkeep\n|turn|3\n|\n|t:|1699396364\n|move|p1a: funny rock|Mortal Spin|p2a: Leavanny\n|-supereffective|p2a: Leavanny\n|-damage|p2a: Leavanny|42\/100 psn\n|-damage|p1a: funny rock|53\/100|[from] item: Life Orb\n|move|p2a: Leavanny|Giga Drain|p1a: funny rock\n|-damage|p1a: funny rock|21\/100\n|-heal|p2a: Leavanny|63\/100 psn|[from] drain|[of] p1a: funny rock\n|\n|-heal|p2a: Leavanny|69\/100 psn|[from] item: Leftovers\n|-damage|p2a: Leavanny|57\/100 psn|[from] psn\n|upkeep\n|turn|4\n|\n|t:|1699396376\n|move|p1a: funny rock|Memento|p2a: Leavanny\n|-unboost|p2a: Leavanny|atk|2\n|-unboost|p2a: Leavanny|spa|2\n|faint|p1a: funny rock\n|move|p2a: Leavanny|Giga Drain|p1: funny rock|[notarget]\n|-fail|p2a: Leavanny\n|\n|-heal|p2a: Leavanny|63\/100 psn|[from] item: Leftovers\n|-damage|p2a: Leavanny|50\/100 psn|[from] psn\n|upkeep\n|\n|t:|1699396385\n|switch|p1a: the hound|Houndstone, M|100\/100\n|turn|5\n|\n|t:|1699396391\n|move|p1a: the hound|Flamethrower|p2a: Leavanny\n|-supereffective|p2a: Leavanny\n|-damage|p2a: Leavanny|0 fnt\n|faint|p2a: Leavanny\n|\n|upkeep\n|\n|t:|1699396400\n|switch|p2a: Hatterene|Hatterene, F|100\/100\n|-status|p2a: Hatterene|psn\n|turn|6\n|\n|t:|1699396411\n|switch|p1a: hehe|Flutter Mane|100\/100\n|move|p2a: Hatterene|Psycho Cut|p1a: hehe\n|-damage|p1a: hehe|46\/100\n|\n|-damage|p2a: Hatterene|88\/100 psn|[from] psn\n|upkeep\n|turn|7\n|\n|t:|1699396419\n|move|p1a: hehe|Poltergeist|p2a: Hatterene\n|-activate|p2a: Hatterene|move: Poltergeist|Mago Berry\n|-supereffective|p2a: Hatterene\n|-damage|p2a: Hatterene|37\/100 psn\n|move|p2a: Hatterene|Psycho Cut|p1a: hehe\n|-damage|p1a: hehe|0 fnt\n|faint|p1a: hehe\n|-end|p1a: hehe|Protosynthesis|[silent]\n|\n|-damage|p2a: Hatterene|24\/100 psn|[from] psn\n|upkeep\n|-enditem|p2a: Hatterene|Mago Berry|[eat]\n|-heal|p2a: Hatterene|58\/100 psn|[from] item: Mago Berry\n|\n|t:|1699396431\n|switch|p1a: the hound|Houndstone, M|100\/100\n|turn|8\n|\n|t:|1699396435\n|move|p1a: the hound|Flamethrower|p2a: Hatterene\n|-damage|p2a: Hatterene|29\/100 psn\n|move|p2a: Hatterene|Psycho Cut|p1a: the hound\n|-immune|p1a: the hound\n|\n|-damage|p2a: Hatterene|16\/100 psn|[from] psn\n|upkeep\n|turn|9\n|\n|t:|1699396445\n|move|p1a: the hound|Flamethrower|p2a: Hatterene\n|-damage|p2a: Hatterene|0 fnt\n|faint|p2a: Hatterene\n|\n|upkeep\n|\n|t:|1699396452\n|switch|p2a: Iron Treads|Iron Treads|100\/100\n|-item|p2a: Iron Treads|Air Balloon\n|turn|10\n|\n|t:|1699396461\n|move|p1a: the hound|Focus Blast|p2a: Iron Treads|[miss]\n|-miss|p1a: the hound|p2a: Iron Treads\n|move|p2a: Iron Treads|Earthquake|p1a: the hound\n|-damage|p1a: the hound|29\/100\n|replace|p1a: uh oh|Zoroark, F\n|-end|p1a: uh oh|Illusion\n|\n|upkeep\n|turn|11\n|\n|t:|1699396469\n|move|p1a: uh oh|Focus Blast|p2a: Iron Treads\n|-supereffective|p2a: Iron Treads\n|-damage|p2a: Iron Treads|17\/100\n|-unboost|p2a: Iron Treads|spd|1\n|-enditem|p2a: Iron Treads|Air Balloon\n|move|p2a: Iron Treads|Earthquake|p1a: uh oh\n|-damage|p1a: uh oh|0 fnt\n|faint|p1a: uh oh\n|\n|upkeep\n|\n|t:|1699396479\n|switch|p1a: Eternatus|Eternatus|100\/100\n|-ability|p1a: Eternatus|Pressure\n|turn|12\n|\n|t:|1699396484\n|move|p1a: Eternatus|Dynamax Cannon|p2a: Iron Treads\n|-resisted|p2a: Iron Treads\n|-crit|p2a: Iron Treads\n|-damage|p2a: Iron Treads|0 fnt\n|faint|p2a: Iron Treads\n|-end|p2a: Iron Treads|Quark Drive|[silent]\n|\n|upkeep\n|\n|t:|1699396490\n|switch|p2a: Palkia|Palkia-Origin|100\/100\n|-status|p2a: Palkia|psn\n|-ability|p2a: Palkia|Pressure\n|turn|13\n|\n|t:|1699396498\n|move|p1a: Eternatus|Dynamax Cannon|p2a: Palkia\n|-supereffective|p2a: Palkia\n|-damage|p2a: Palkia|13\/100 psn\n|move|p2a: Palkia|Ice Beam|p1a: Eternatus\n|-supereffective|p1a: Eternatus\n|-damage|p1a: Eternatus|52\/100\n|\n|-heal|p1a: Eternatus|58\/100|[from] item: Black Sludge\n|-damage|p2a: Palkia|0 fnt|[from] psn\n|faint|p2a: Palkia\n|upkeep\n|\n|t:|1699396508\n|switch|p2a: Infernape|Infernape, M|100\/100\n|-status|p2a: Infernape|psn\n|turn|14\n|\n|t:|1699396515\n|switch|p1a: big man|Tyranitar, M|100\/100\n|-weather|Sandstorm|[from] ability: Sand Stream|[of] p1a: big man\n|move|p2a: Infernape|Drain Punch|p1a: big man\n|-supereffective|p1a: big man\n|-damage|p1a: big man|0 fnt\n|faint|p1a: big man\n|\n|-weather|Sandstorm|[upkeep]\n|-damage|p2a: Infernape|94\/100 psn|[from] Sandstorm\n|-damage|p2a: Infernape|82\/100 psn|[from] psn\n|upkeep\n|\n|t:|1699396526\n|switch|p1a: the hound|Houndstone, M|100\/100\n|turn|15\n|\n|t:|1699396531\n|-terastallize|p1a: the hound|Normal\n|move|p1a: the hound|Last Respects|p2a: Infernape\n|-damage|p2a: Infernape|0 fnt\n|faint|p2a: Infernape\n|\n|-weather|Sandstorm|[upkeep]\n|upkeep\n|\n|t:|1699396539\n|switch|p2a: Gengar|Gengar, M|100\/100\n|-sideend|p2: Wolfmask 2345|move: Toxic Spikes|[of] p2a: Gengar\n|turn|16\n|\n|t:|1699396545\n|move|p1a: the hound|Last Respects|p2a: Gengar\n|-supereffective|p2a: Gengar\n|-damage|p2a: Gengar|0 fnt\n|-start|p1a: the hound|Disable|Last Respects|[from] ability: Cursed Body|[of] p2a: Gengar\n|faint|p2a: Gengar\n|\n|win|TreBucet\n|raw|TreBucet's rating: 1000 &rarr; <strong>1045<\/strong><br \/>(+45 for winning)\n|raw|Wolfmask 2345's rating: 1043 &rarr; <strong>1025<\/strong><br \/>(-18 for losing)\n|c|\u2606TreBucet|gg\n|l|\u2606Wolfmask 2345\n","uploadtime":1699396556,"views":3,"p1id":"trebucet","p2id":"wolfmask2345","formatid":"gen9anythinggoes","rating":1025,"private":0,"password":""}