{"id":"gen9anythinggoes-1980379997","p1":"DenisBuckee","p2":"garogarogaro","format":"[Gen 9] Anything Goes","log":"|j|\u2606DenisBuckee\n|j|\u2606garogarogaro\n|t:|1698779879\n|gametype|singles\n|player|p1|DenisBuckee|lance|1155\n|player|p2|garogarogaro|li|1045\n|teamsize|p1|6\n|teamsize|p2|6\n|gen|9\n|tier|[Gen 9] Anything Goes\n|rated|\n|rule|HP Percentage Mod: HP is shown in percentages\n|rule|Endless Battle Clause: Forcing endless battles is banned\n|clearpoke\n|poke|p1|Maushold-Four|\n|poke|p1|Vivillon-Pokeball, F|\n|poke|p1|Pawmot, M|\n|poke|p1|Landorus-Therian, M|\n|poke|p1|Baxcalibur, F|\n|poke|p1|Calyrex-Shadow|\n|poke|p2|Iron Valiant|\n|poke|p2|Gallade, M|\n|poke|p2|Gardevoir, M|\n|poke|p2|Pawmot, F|\n|poke|p2|Ceruledge, M|\n|poke|p2|Armarouge, M|\n|teampreview\n|\n|t:|1698779897\n|start\n|switch|p1a: Vivillon|Vivillon-Pokeball, F|100\/100\n|switch|p2a: Musashi|Gallade, M, shiny|100\/100\n|turn|1\n|\n|t:|1698779915\n|-terastallize|p2a: Musashi|Water\n|move|p1a: Vivillon|Sleep Powder|p2a: Musashi\n|-status|p2a: Musashi|slp|[from] move: Sleep Powder\n|cant|p2a: Musashi|slp\n|\n|upkeep\n|turn|2\n|\n|t:|1698779921\n|move|p1a: Vivillon|Quiver Dance|p1a: Vivillon\n|-boost|p1a: Vivillon|spa|1\n|-boost|p1a: Vivillon|spd|1\n|-boost|p1a: Vivillon|spe|1\n|cant|p2a: Musashi|slp\n|\n|upkeep\n|turn|3\n|\n|t:|1698779931\n|move|p1a: Vivillon|Quiver Dance|p1a: Vivillon\n|-boost|p1a: Vivillon|spa|1\n|-boost|p1a: Vivillon|spd|1\n|-boost|p1a: Vivillon|spe|1\n|cant|p2a: Musashi|slp\n|\n|upkeep\n|turn|4\n|\n|t:|1698779937\n|move|p1a: Vivillon|Hurricane|p2a: Musashi\n|-damage|p2a: Musashi|0 fnt\n|faint|p2a: Musashi\n|\n|upkeep\n|inactive|Battle timer is ON: inactive players will automatically lose when time's up. (requested by DenisBuckee)\n|\n|t:|1698779957\n|switch|p2a: MegaMan|Ceruledge, M, shiny|100\/100\n|turn|5\n|\n|t:|1698779962\n|move|p1a: Vivillon|Sleep Powder|p2a: MegaMan\n|-status|p2a: MegaMan|slp|[from] move: Sleep Powder\n|cant|p2a: MegaMan|slp\n|\n|upkeep\n|turn|6\n|\n|t:|1698779968\n|move|p1a: Vivillon|Quiver Dance|p1a: Vivillon\n|-boost|p1a: Vivillon|spa|1\n|-boost|p1a: Vivillon|spd|1\n|-boost|p1a: Vivillon|spe|1\n|cant|p2a: MegaMan|slp\n|\n|upkeep\n|turn|7\n|\n|t:|1698779974\n|move|p1a: Vivillon|Hurricane|p2a: MegaMan\n|-enditem|p2a: MegaMan|Focus Sash\n|-damage|p2a: MegaMan|1\/100 slp\n|-start|p2a: MegaMan|confusion\n|-curestatus|p2a: MegaMan|slp|[msg]\n|-activate|p2a: MegaMan|confusion\n|-damage|p2a: MegaMan|0 fnt|[from] confusion\n|faint|p2a: MegaMan\n|\n|upkeep\n|\n|t:|1698779999\n|switch|p2a: Mecha Killer|Iron Valiant, shiny|100\/100\n|-enditem|p2a: Mecha Killer|Booster Energy\n|-activate|p2a: Mecha Killer|ability: Quark Drive|[fromitem]\n|-start|p2a: Mecha Killer|quarkdrivespe\n|turn|8\n|\n|t:|1698780004\n|move|p1a: Vivillon|Sleep Powder|p2a: Mecha Killer\n|-status|p2a: Mecha Killer|slp|[from] move: Sleep Powder\n|cant|p2a: Mecha Killer|slp\n|\n|upkeep\n|turn|9\n|\n|t:|1698780009\n|move|p1a: Vivillon|Quiver Dance|p1a: Vivillon\n|-boost|p1a: Vivillon|spa|1\n|-boost|p1a: Vivillon|spd|1\n|-boost|p1a: Vivillon|spe|1\n|cant|p2a: Mecha Killer|slp\n|\n|upkeep\n|turn|10\n|\n|t:|1698780017\n|move|p1a: Vivillon|Hurricane|p2a: Mecha Killer\n|-supereffective|p2a: Mecha Killer\n|-damage|p2a: Mecha Killer|0 fnt\n|faint|p2a: Mecha Killer\n|-end|p2a: Mecha Killer|Quark Drive|[silent]\n|\n|upkeep\n|\n|t:|1698780024\n|switch|p2a: It's a Trap|Gardevoir, M, shiny|100\/100\n|turn|11\n|\n|t:|1698780030\n|move|p1a: Vivillon|Sleep Powder|p2a: It's a Trap\n|-status|p2a: It's a Trap|slp|[from] move: Sleep Powder\n|cant|p2a: It's a Trap|slp\n|\n|upkeep\n|turn|12\n|\n|t:|1698780055\n|move|p1a: Vivillon|Hurricane|p2a: It's a Trap\n|-damage|p2a: It's a Trap|0 fnt\n|faint|p2a: It's a Trap\n|\n|upkeep\n|\n|t:|1698780058\n|switch|p2a: ProtoMan|Armarouge, M, shiny|100\/100\n|turn|13\n|\n|t:|1698780069\n|move|p1a: Vivillon|Sleep Powder|p2a: ProtoMan\n|-status|p2a: ProtoMan|slp|[from] move: Sleep Powder\n|cant|p2a: ProtoMan|slp\n|\n|upkeep\n|turn|14\n|\n|t:|1698780077\n|move|p1a: Vivillon|Hurricane|p2a: ProtoMan\n|-enditem|p2a: ProtoMan|Focus Sash\n|-damage|p2a: ProtoMan|1\/100 slp\n|-curestatus|p2a: ProtoMan|slp|[msg]\n|move|p2a: ProtoMan|Armor Cannon|p1a: Vivillon\n|-supereffective|p1a: Vivillon\n|-damage|p1a: Vivillon|20\/100\n|-unboost|p2a: ProtoMan|def|1\n|-unboost|p2a: ProtoMan|spd|1\n|\n|-heal|p1a: Vivillon|26\/100|[from] item: Leftovers\n|upkeep\n|turn|15\n|\n|t:|1698780089\n|move|p1a: Vivillon|Hurricane|p2a: ProtoMan\n|-damage|p2a: ProtoMan|0 fnt\n|faint|p2a: ProtoMan\n|\n|-heal|p1a: Vivillon|32\/100|[from] item: Leftovers\n|upkeep\n|\n|t:|1698780092\n|switch|p2a: Jes\u00fas de Nazaret|Pawmot, F, shiny|100\/100\n|turn|16\n|\n|t:|1698780097\n|move|p1a: Vivillon|Sleep Powder|p2a: Jes\u00fas de Nazaret\n|-status|p2a: Jes\u00fas de Nazaret|slp|[from] move: Sleep Powder\n|cant|p2a: Jes\u00fas de Nazaret|slp\n|\n|-heal|p1a: Vivillon|38\/100|[from] item: Leftovers\n|upkeep\n|turn|17\n|\n|t:|1698780105\n|move|p1a: Vivillon|Bug Buzz|p2a: Jes\u00fas de Nazaret\n|-resisted|p2a: Jes\u00fas de Nazaret\n|-damage|p2a: Jes\u00fas de Nazaret|12\/100 slp\n|cant|p2a: Jes\u00fas de Nazaret|slp\n|\n|-heal|p1a: Vivillon|44\/100|[from] item: Leftovers\n|upkeep\n|turn|18\n|\n|t:|1698780111\n|move|p1a: Vivillon|Bug Buzz|p2a: Jes\u00fas de Nazaret\n|-resisted|p2a: Jes\u00fas de Nazaret\n|-damage|p2a: Jes\u00fas de Nazaret|0 fnt\n|faint|p2a: Jes\u00fas de Nazaret\n|\n|win|DenisBuckee\n|raw|DenisBuckee's rating: 1155 &rarr; <strong>1172<\/strong><br \/>(+17 for winning)\n|raw|garogarogaro's rating: 1045 &rarr; <strong>1033<\/strong><br \/>(-12 for losing)\n|l|\u2606garogarogaro\n","uploadtime":1698780123,"views":4,"p1id":"denisbuckee","p2id":"garogarogaro","formatid":"gen9anythinggoes","rating":1033,"private":0,"password":""}