{"id":"gen9anythinggoes-1982070999","p1":"gwillian","p2":"imjustjoeking87","format":"[Gen 9] Anything Goes","log":"|j|\u2606gwillian\n|j|\u2606imjustjoeking87\n|t:|1698964925\n|gametype|singles\n|player|p1|gwillian|266|1246\n|player|p2|imjustjoeking87|chuck|1208\n|teamsize|p1|6\n|teamsize|p2|6\n|gen|9\n|tier|[Gen 9] Anything Goes\n|rated|\n|rule|HP Percentage Mod: HP is shown in percentages\n|rule|Endless Battle Clause: Forcing endless battles is banned\n|clearpoke\n|poke|p1|Toxtricity-Low-Key, M|\n|poke|p1|Skeledirge, M|\n|poke|p1|Dragonite, M|\n|poke|p1|Flutter Mane|\n|poke|p1|Gliscor, M|\n|poke|p1|Kingambit, M|\n|poke|p2|Vaporeon, F|\n|poke|p2|Garganacl, F|\n|poke|p2|Yanmega, M|\n|poke|p2|Grafaiai, F|\n|poke|p2|Staraptor, M|\n|poke|p2|Landorus-Therian, M|\n|teampreview\n|inactive|Battle timer is ON: inactive players will automatically lose when time's up. (requested by imjustjoeking87)\n|\n|t:|1698964930\n|start\n|switch|p1a: Flutter Mane|Flutter Mane, shiny|100\/100\n|switch|p2a: Landorus|Landorus-Therian, M|100\/100\n|-ability|p2a: Landorus|Intimidate|boost\n|-unboost|p1a: Flutter Mane|atk|1\n|-enditem|p1a: Flutter Mane|Booster Energy\n|-activate|p1a: Flutter Mane|ability: Protosynthesis|[fromitem]\n|-start|p1a: Flutter Mane|protosynthesisspe\n|turn|1\n|\n|t:|1698964942\n|move|p1a: Flutter Mane|Moonblast|p2a: Landorus\n|-damage|p2a: Landorus|37\/100\n|move|p2a: Landorus|Earthquake|p1a: Flutter Mane\n|-damage|p1a: Flutter Mane|0 fnt\n|faint|p1a: Flutter Mane\n|-end|p1a: Flutter Mane|Protosynthesis|[silent]\n|-damage|p2a: Landorus|27\/100|[from] item: Life Orb\n|\n|upkeep\n|\n|t:|1698964954\n|switch|p1a: Gliscor|Gliscor, M, shiny|100\/100\n|turn|2\n|\n|t:|1698964959\n|move|p1a: Gliscor|Ice Fang|p2a: Landorus\n|-supereffective|p2a: Landorus\n|-damage|p2a: Landorus|0 fnt\n|faint|p2a: Landorus\n|\n|-status|p1a: Gliscor|tox|[from] item: Toxic Orb\n|upkeep\n|\n|t:|1698964965\n|switch|p2a: Grafaiai|Grafaiai, F|100\/100\n|turn|3\n|\n|t:|1698964969\n|move|p2a: Grafaiai|Copycat|p2a: Grafaiai\n|move|p2a: Grafaiai|Ice Fang|p1a: Gliscor|[from]move: Copycat|[miss]\n|-miss|p2a: Grafaiai|p1a: Gliscor\n|move|p1a: Gliscor|Earthquake|p2a: Grafaiai\n|-supereffective|p2a: Grafaiai\n|-damage|p2a: Grafaiai|0 fnt\n|faint|p2a: Grafaiai\n|\n|upkeep\n|\n|t:|1698964979\n|switch|p2a: Vaporeon|Vaporeon, F|100\/100\n|turn|4\n|\n|t:|1698964985\n|-terastallize|p1a: Gliscor|Water\n|move|p1a: Gliscor|Facade|p2a: Vaporeon\n|-damage|p2a: Vaporeon|72\/100\n|move|p2a: Vaporeon|Calm Mind|p2a: Vaporeon\n|-boost|p2a: Vaporeon|spa|1\n|-boost|p2a: Vaporeon|spd|1\n|\n|-heal|p2a: Vaporeon|78\/100|[from] item: Leftovers\n|upkeep\n|turn|5\n|\n|t:|1698964996\n|move|p1a: Gliscor|Swords Dance|p1a: Gliscor\n|-boost|p1a: Gliscor|atk|2\n|move|p2a: Vaporeon|Calm Mind|p2a: Vaporeon\n|-boost|p2a: Vaporeon|spa|1\n|-boost|p2a: Vaporeon|spd|1\n|\n|-heal|p2a: Vaporeon|85\/100|[from] item: Leftovers\n|upkeep\n|turn|6\n|\n|t:|1698965007\n|move|p1a: Gliscor|Swords Dance|p1a: Gliscor\n|-boost|p1a: Gliscor|atk|2\n|move|p2a: Vaporeon|Wish|p2a: Vaporeon\n|\n|-heal|p2a: Vaporeon|91\/100|[from] item: Leftovers\n|upkeep\n|turn|7\n|\n|t:|1698965016\n|move|p1a: Gliscor|Facade|p2a: Vaporeon\n|-damage|p2a: Vaporeon|0 fnt\n|faint|p2a: Vaporeon\n|\n|upkeep\n|\n|t:|1698965021\n|switch|p2a: Yanmega|Yanmega, M, shiny|100\/100\n|turn|8\n|\n|t:|1698965029\n|move|p1a: Gliscor|Ice Fang|p2a: Yanmega\n|-supereffective|p2a: Yanmega\n|-damage|p2a: Yanmega|0 fnt\n|faint|p2a: Yanmega\n|\n|upkeep\n|-message|imjustjoeking87 forfeited.\n|\n|win|gwillian\n|raw|gwillian's rating: 1246 &rarr; <strong>1268<\/strong><br \/>(+22 for winning)\n|raw|imjustjoeking87's rating: 1208 &rarr; <strong>1186<\/strong><br \/>(-22 for losing)\n|l|\u2606imjustjoeking87\n","uploadtime":1698965071,"views":12,"p1id":"gwillian","p2id":"imjustjoeking87","formatid":"gen9anythinggoes","rating":1186,"private":0,"password":""}