{"id":"gen9anythinggoes-1989850952","p1":"Exllevi","p2":"vianor97","format":"[Gen 9] Anything Goes","log":"|j|\u2606Exllevi\n|j|\u2606vianor97\n|t:|1699900993\n|gametype|singles\n|player|p1|Exllevi|lance|\n|player|p2|vianor97|unknownf|\n|teamsize|p1|6\n|teamsize|p2|6\n|gen|9\n|tier|[Gen 9] Anything Goes\n|rule|HP Percentage Mod: HP is shown in percentages\n|rule|Endless Battle Clause: Forcing endless battles is banned\n|clearpoke\n|poke|p1|Vikavolt, M|\n|poke|p1|Clodsire, M|\n|poke|p1|Gholdengo|\n|poke|p1|Torkoal, F|\n|poke|p1|Walking Wake|\n|poke|p1|Ambipom, M|\n|poke|p2|Iron Valiant|\n|poke|p2|Great Tusk|\n|poke|p2|Blissey, F|\n|poke|p2|Ogerpon-Hearthflame, F|\n|poke|p2|Weezing, M|\n|poke|p2|Baxcalibur, M|\n|teampreview\n|c|\u2606Exllevi|Sin timer plis\n|c|\u2606vianor97|va\n|c|\u2606Exllevi|tampoco voy lento yo\n|c|\u2606Exllevi|pero prefiero sin timer\n|\n|t:|1699901020\n|start\n|switch|p1a: Moco|Vikavolt, M|100\/100\n|switch|p2a: GODzilla|Baxcalibur, M|100\/100\n|turn|1\n|\n|t:|1699901038\n|-terastallize|p1a: Moco|Fairy\n|move|p2a: GODzilla|Dragon Dance|p2a: GODzilla\n|-boost|p2a: GODzilla|atk|1\n|-boost|p2a: GODzilla|spe|1\n|move|p1a: Moco|Tera Blast|p2a: GODzilla|[anim] Tera Blast Fairy\n|-supereffective|p2a: GODzilla\n|-damage|p2a: GODzilla|0 fnt\n|faint|p2a: GODzilla\n|\n|upkeep\n|\n|t:|1699901086\n|switch|p2a: Chansey|Blissey, F|100\/100\n|turn|2\n|\n|t:|1699901098\n|move|p2a: Chansey|Stealth Rock|p1a: Moco\n|-sidestart|p1: Exllevi|move: Stealth Rock\n|move|p1a: Moco|Sticky Web|p2a: Chansey\n|-sidestart|p2: vianor97|move: Sticky Web\n|\n|upkeep\n|turn|3\n|\n|t:|1699901117\n|move|p2a: Chansey|Flamethrower|p1a: Moco\n|-damage|p1a: Moco|79\/100\n|move|p1a: Moco|Volt Switch|p2a: Chansey\n|-damage|p2a: Chansey|85\/100\n|\n|t:|1699901129\n|switch|p1a: Im Fine|Clodsire, M|100\/100|[from] Volt Switch\n|-damage|p1a: Im Fine|94\/100|[from] Stealth Rock\n|\n|-heal|p2a: Chansey|91\/100|[from] item: Leftovers\n|-heal|p1a: Im Fine|100\/100|[from] item: Black Sludge\n|upkeep\n|turn|4\n|\n|t:|1699901143\n|switch|p2a: \u00aa\u00aa\u00aa\u00aa\u00aa\u00aa\u00aa\u00aa\u00aa|Great Tusk|100\/100\n|-activate|p2a: \u00aa\u00aa\u00aa\u00aa\u00aa\u00aa\u00aa\u00aa\u00aa|move: Sticky Web\n|-unboost|p2a: \u00aa\u00aa\u00aa\u00aa\u00aa\u00aa\u00aa\u00aa\u00aa|spe|1\n|-enditem|p2a: \u00aa\u00aa\u00aa\u00aa\u00aa\u00aa\u00aa\u00aa\u00aa|Booster Energy\n|-activate|p2a: \u00aa\u00aa\u00aa\u00aa\u00aa\u00aa\u00aa\u00aa\u00aa|ability: Protosynthesis|[fromitem]\n|-start|p2a: \u00aa\u00aa\u00aa\u00aa\u00aa\u00aa\u00aa\u00aa\u00aa|protosynthesisatk\n|move|p1a: Im Fine|Toxic|p2a: \u00aa\u00aa\u00aa\u00aa\u00aa\u00aa\u00aa\u00aa\u00aa\n|-status|p2a: \u00aa\u00aa\u00aa\u00aa\u00aa\u00aa\u00aa\u00aa\u00aa|tox\n|\n|-damage|p2a: \u00aa\u00aa\u00aa\u00aa\u00aa\u00aa\u00aa\u00aa\u00aa|94\/100 tox|[from] psn\n|upkeep\n|turn|5\n|\n|t:|1699901154\n|switch|p1a: Moco|Vikavolt, M, tera:Fairy|79\/100\n|move|p2a: \u00aa\u00aa\u00aa\u00aa\u00aa\u00aa\u00aa\u00aa\u00aa|Rapid Spin|p1a: Moco\n|-damage|p1a: Moco|58\/100\n|-boost|p2a: \u00aa\u00aa\u00aa\u00aa\u00aa\u00aa\u00aa\u00aa\u00aa|spe|1\n|-sideend|p2: vianor97|Sticky Web|[from] move: Rapid Spin|[of] p2a: \u00aa\u00aa\u00aa\u00aa\u00aa\u00aa\u00aa\u00aa\u00aa\n|\n|-damage|p2a: \u00aa\u00aa\u00aa\u00aa\u00aa\u00aa\u00aa\u00aa\u00aa|82\/100 tox|[from] psn\n|upkeep\n|turn|6\n|\n|t:|1699901174\n|-end|p2a: \u00aa\u00aa\u00aa\u00aa\u00aa\u00aa\u00aa\u00aa\u00aa|Protosynthesis|[silent]\n|switch|p2a: Chansey|Blissey, F|91\/100\n|move|p1a: Moco|Tera Blast|p2a: Chansey|[anim] Tera Blast Fairy\n|-damage|p2a: Chansey|72\/100\n|\n|-heal|p2a: Chansey|78\/100|[from] item: Leftovers\n|upkeep\n|turn|7\n|\n|t:|1699901193\n|switch|p1a: Im Fine|Clodsire, M|100\/100\n|-damage|p1a: Im Fine|94\/100|[from] Stealth Rock\n|move|p2a: Chansey|Seismic Toss|p1a: Im Fine\n|-damage|p1a: Im Fine|73\/100\n|\n|-heal|p2a: Chansey|84\/100|[from] item: Leftovers\n|-heal|p1a: Im Fine|79\/100|[from] item: Black Sludge\n|upkeep\n|turn|8\n|\n|t:|1699901215\n|switch|p2a: Cancer|Weezing, M, shiny|100\/100\n|move|p1a: Im Fine|Earthquake|p2a: Cancer\n|-immune|p2a: Cancer|[from] ability: Levitate\n|\n|-heal|p1a: Im Fine|85\/100|[from] item: Black Sludge\n|upkeep\n|turn|9\n|\n|t:|1699901242\n|move|p2a: Cancer|Toxic Spikes|p1a: Im Fine\n|-sidestart|p1: Exllevi|move: Toxic Spikes\n|move|p1a: Im Fine|Recover|p1a: Im Fine\n|-heal|p1a: Im Fine|100\/100\n|\n|upkeep\n|turn|10\n|\n|t:|1699901272\n|switch|p1a: Moco|Vikavolt, M, tera:Fairy|58\/100\n|move|p2a: Cancer|Toxic Spikes|p1a: Moco\n|-sidestart|p1: Exllevi|move: Toxic Spikes\n|\n|upkeep\n|turn|11\n|\n|t:|1699901300\n|move|p2a: Cancer|Flamethrower|p1a: Moco\n|-damage|p1a: Moco|26\/100\n|-status|p1a: Moco|brn\n|move|p1a: Moco|Sticky Web|p2a: Cancer\n|-sidestart|p2: vianor97|move: Sticky Web\n|\n|-damage|p1a: Moco|20\/100 brn|[from] brn\n|upkeep\n|turn|12\n|\n|t:|1699901331\n|-terastallize|p2a: Cancer|Poison\n|move|p2a: Cancer|Acid Spray|p1a: Moco\n|-supereffective|p1a: Moco\n|-damage|p1a: Moco|0 fnt\n|faint|p1a: Moco\n|\n|upkeep\n|\n|t:|1699901385\n|switch|p1a: Im Fine|Clodsire, M|100\/100\n|-damage|p1a: Im Fine|94\/100|[from] Stealth Rock\n|-sideend|p1: Exllevi|move: Toxic Spikes|[of] p1a: Im Fine\n|turn|13\n|\n|t:|1699901398\n|switch|p1a: Zuckerberg|Walking Wake|100\/100\n|-damage|p1a: Zuckerberg|88\/100|[from] Stealth Rock\n|move|p2a: Cancer|Acid Spray|p1a: Zuckerberg\n|-damage|p1a: Zuckerberg|48\/100\n|-unboost|p1a: Zuckerberg|spd|2\n|\n|upkeep\n|turn|14\n|\n|t:|1699901414\n|switch|p2a: Chansey|Blissey, F|84\/100\n|-activate|p2a: Chansey|move: Sticky Web\n|-unboost|p2a: Chansey|spe|1\n|move|p1a: Zuckerberg|Draco Meteor|p2a: Chansey\n|-damage|p2a: Chansey|54\/100\n|-unboost|p1a: Zuckerberg|spa|2\n|-damage|p1a: Zuckerberg|38\/100|[from] item: Life Orb\n|\n|-heal|p2a: Chansey|60\/100|[from] item: Leftovers\n|upkeep\n|turn|15\n|\n|t:|1699901438\n|-end|p1a: Zuckerberg|Protosynthesis|[silent]\n|switch|p1a: Totuga|Torkoal, F|100\/100\n|-damage|p1a: Totuga|75\/100|[from] Stealth Rock\n|-weather|SunnyDay|[from] ability: Drought|[of] p1a: Totuga\n|move|p2a: Chansey|Seismic Toss|p1a: Totuga\n|-damage|p1a: Totuga|46\/100\n|\n|-weather|SunnyDay|[upkeep]\n|-heal|p2a: Chansey|66\/100|[from] item: Leftovers\n|upkeep\n|turn|16\n|\n|t:|1699901496\n|move|p2a: Chansey|Seismic Toss|p1a: Totuga\n|-damage|p1a: Totuga|17\/100\n|move|p1a: Totuga|Body Press|p2a: Chansey\n|-supereffective|p2a: Chansey\n|-damage|p2a: Chansey|10\/100\n|\n|-weather|SunnyDay|[upkeep]\n|-heal|p2a: Chansey|16\/100|[from] item: Leftovers\n|upkeep\n|turn|17\n|\n|t:|1699901507\n|move|p2a: Chansey|Soft-Boiled|p2a: Chansey\n|-heal|p2a: Chansey|66\/100\n|move|p1a: Totuga|Body Press|p2a: Chansey\n|-supereffective|p2a: Chansey\n|-damage|p2a: Chansey|14\/100\n|\n|-weather|SunnyDay|[upkeep]\n|-heal|p2a: Chansey|20\/100|[from] item: Leftovers\n|upkeep\n|turn|18\n|\n|t:|1699901517\n|move|p2a: Chansey|Soft-Boiled|p2a: Chansey\n|-heal|p2a: Chansey|70\/100\n|move|p1a: Totuga|Body Press|p2a: Chansey\n|-supereffective|p2a: Chansey\n|-damage|p2a: Chansey|15\/100\n|\n|-weather|SunnyDay|[upkeep]\n|-heal|p2a: Chansey|22\/100|[from] item: Leftovers\n|upkeep\n|turn|19\n|\n|t:|1699901555\n|switch|p2a: \u00aa\u00aa\u00aa\u00aa\u00aa\u00aa\u00aa\u00aa\u00aa|Great Tusk|82\/100 tox\n|-activate|p2a: \u00aa\u00aa\u00aa\u00aa\u00aa\u00aa\u00aa\u00aa\u00aa|move: Sticky Web\n|-unboost|p2a: \u00aa\u00aa\u00aa\u00aa\u00aa\u00aa\u00aa\u00aa\u00aa|spe|1\n|-activate|p2a: \u00aa\u00aa\u00aa\u00aa\u00aa\u00aa\u00aa\u00aa\u00aa|ability: Protosynthesis\n|-start|p2a: \u00aa\u00aa\u00aa\u00aa\u00aa\u00aa\u00aa\u00aa\u00aa|protosynthesisatk\n|move|p1a: Totuga|Body Press|p2a: \u00aa\u00aa\u00aa\u00aa\u00aa\u00aa\u00aa\u00aa\u00aa\n|-damage|p2a: \u00aa\u00aa\u00aa\u00aa\u00aa\u00aa\u00aa\u00aa\u00aa|62\/100 tox\n|\n|-weather|SunnyDay|[upkeep]\n|-damage|p2a: \u00aa\u00aa\u00aa\u00aa\u00aa\u00aa\u00aa\u00aa\u00aa|56\/100 tox|[from] psn\n|upkeep\n|turn|20\n|\n|t:|1699901566\n|switch|p1a: Gol D. Poller|Gholdengo|100\/100\n|-damage|p1a: Gol D. Poller|94\/100|[from] Stealth Rock\n|move|p2a: \u00aa\u00aa\u00aa\u00aa\u00aa\u00aa\u00aa\u00aa\u00aa|Rapid Spin|p1a: Gol D. Poller\n|-immune|p1a: Gol D. Poller\n|\n|-weather|SunnyDay|[upkeep]\n|-damage|p2a: \u00aa\u00aa\u00aa\u00aa\u00aa\u00aa\u00aa\u00aa\u00aa|43\/100 tox|[from] psn\n|upkeep\n|turn|21\n|\n|t:|1699901590\n|move|p1a: Gol D. Poller|Make It Rain|p2a: \u00aa\u00aa\u00aa\u00aa\u00aa\u00aa\u00aa\u00aa\u00aa\n|-damage|p2a: \u00aa\u00aa\u00aa\u00aa\u00aa\u00aa\u00aa\u00aa\u00aa|0 fnt\n|-unboost|p1a: Gol D. Poller|spa|1\n|faint|p2a: \u00aa\u00aa\u00aa\u00aa\u00aa\u00aa\u00aa\u00aa\u00aa\n|-end|p2a: \u00aa\u00aa\u00aa\u00aa\u00aa\u00aa\u00aa\u00aa\u00aa|Protosynthesis|[silent]\n|\n|-weather|SunnyDay|[upkeep]\n|upkeep\n|\n|t:|1699901648\n|switch|p2a: trans|Iron Valiant|100\/100\n|-activate|p2a: trans|move: Sticky Web\n|-unboost|p2a: trans|spe|1\n|turn|22\n|\n|t:|1699901681\n|-end|p2a: trans|Quark Drive|[silent]\n|switch|p2a: Chansey|Blissey, F|22\/100\n|-activate|p2a: Chansey|move: Sticky Web\n|-unboost|p2a: Chansey|spe|1\n|move|p1a: Gol D. Poller|Make It Rain|p2a: Chansey\n|-damage|p2a: Chansey|4\/100\n|-unboost|p1a: Gol D. Poller|spa|1\n|\n|-weather|none\n|-heal|p2a: Chansey|10\/100|[from] item: Leftovers\n|upkeep\n|turn|23\n|\n|t:|1699901698\n|move|p1a: Gol D. Poller|Make It Rain|p2a: Chansey\n|-damage|p2a: Chansey|0 fnt\n|-unboost|p1a: Gol D. Poller|spa|1\n|faint|p2a: Chansey\n|\n|upkeep\n|\n|t:|1699901722\n|switch|p2a: Alberto-Flama|Ogerpon-Hearthflame, F|100\/100\n|-activate|p2a: Alberto-Flama|move: Sticky Web\n|-unboost|p2a: Alberto-Flama|spe|1\n|-ability|p2a: Alberto-Flama|Mold Breaker\n|turn|24\n|\n|t:|1699901742\n|switch|p1a: Totuga|Torkoal, F|17\/100\n|-damage|p1a: Totuga|0 fnt|[from] Stealth Rock\n|faint|p1a: Totuga\n|move|p2a: Alberto-Flama|Horn Leech|p1: Totuga|[notarget]\n|-fail|p2a: Alberto-Flama\n|\n|upkeep\n|\n|t:|1699901749\n|switch|p1a: El coletas|Ambipom, M|100\/100\n|-damage|p1a: El coletas|88\/100|[from] Stealth Rock\n|turn|25\n|\n|t:|1699901776\n|switch|p2a: Cancer|Weezing, M, shiny, tera:Poison|100\/100\n|move|p1a: El coletas|Fake Out|p2a: Cancer\n|-damage|p2a: Cancer|71\/100\n|\n|-heal|p2a: Cancer|77\/100|[from] item: Black Sludge\n|upkeep\n|turn|26\n|\n|t:|1699901796\n|move|p1a: El coletas|Double Hit|p2a: Cancer\n|-damage|p2a: Cancer|51\/100\n|-damage|p2a: Cancer|29\/100\n|-hitcount|p2a: Cancer|2\n|move|p2a: Cancer|Flamethrower|p1a: El coletas\n|-damage|p1a: El coletas|49\/100\n|\n|-heal|p2a: Cancer|35\/100|[from] item: Black Sludge\n|upkeep\n|turn|27\n|\n|t:|1699901825\n|move|p1a: El coletas|Double Hit|p2a: Cancer\n|-damage|p2a: Cancer|12\/100\n|-damage|p2a: Cancer|0 fnt\n|faint|p2a: Cancer\n|-hitcount|p2: Cancer|2\n|\n|upkeep\n|\n|t:|1699901831\n|switch|p2a: trans|Iron Valiant|100\/100\n|-activate|p2a: trans|move: Sticky Web\n|-unboost|p2a: trans|spe|1\n|turn|28\n|\n|t:|1699901842\n|switch|p1a: Im Fine|Clodsire, M|94\/100\n|-damage|p1a: Im Fine|88\/100|[from] Stealth Rock\n|move|p2a: trans|Moonblast|p1a: Im Fine\n|-resisted|p1a: Im Fine\n|-damage|p1a: Im Fine|75\/100\n|-unboost|p1a: Im Fine|spa|1\n|-damage|p2a: trans|91\/100|[from] item: Life Orb\n|\n|-heal|p1a: Im Fine|81\/100|[from] item: Black Sludge\n|upkeep\n|turn|29\n|\n|t:|1699901871\n|-end|p2a: trans|Quark Drive|[silent]\n|switch|p2a: Alberto-Flama|Ogerpon-Hearthflame, F|100\/100\n|-activate|p2a: Alberto-Flama|move: Sticky Web\n|-unboost|p2a: Alberto-Flama|spe|1\n|-ability|p2a: Alberto-Flama|Mold Breaker\n|move|p1a: Im Fine|Toxic|p2a: Alberto-Flama\n|-status|p2a: Alberto-Flama|tox\n|\n|-heal|p1a: Im Fine|87\/100|[from] item: Black Sludge\n|-damage|p2a: Alberto-Flama|95\/100 tox|[from] psn\n|upkeep\n|turn|30\n|\n|t:|1699901887\n|move|p2a: Alberto-Flama|Swords Dance|p2a: Alberto-Flama\n|-boost|p2a: Alberto-Flama|atk|2\n|move|p1a: Im Fine|Earthquake|p2a: Alberto-Flama\n|-damage|p2a: Alberto-Flama|60\/100 tox\n|\n|-heal|p1a: Im Fine|93\/100|[from] item: Black Sludge\n|-damage|p2a: Alberto-Flama|48\/100 tox|[from] psn\n|upkeep\n|turn|31\n|\n|t:|1699901900\n|move|p2a: Alberto-Flama|Horn Leech|p1a: Im Fine\n|-damage|p1a: Im Fine|0 fnt\n|-heal|p2a: Alberto-Flama|100\/100 tox|[from] drain|[of] p1a: Im Fine\n|faint|p1a: Im Fine\n|\n|-damage|p2a: Alberto-Flama|83\/100 tox|[from] psn\n|upkeep\n|\n|t:|1699901906\n|switch|p1a: El coletas|Ambipom, M|49\/100\n|-damage|p1a: El coletas|36\/100|[from] Stealth Rock\n|turn|32\n|\n|t:|1699901914\n|move|p1a: El coletas|Fake Out|p2a: Alberto-Flama\n|-damage|p2a: Alberto-Flama|43\/100 tox\n|cant|p2a: Alberto-Flama|flinch\n|\n|-damage|p2a: Alberto-Flama|19\/100 tox|[from] psn\n|upkeep\n|turn|33\n|\n|t:|1699901927\n|move|p1a: El coletas|U-turn|p2a: Alberto-Flama\n|-damage|p2a: Alberto-Flama|0 fnt\n|faint|p2a: Alberto-Flama\n|\n|t:|1699901931\n|switch|p1a: Gol D. Poller|Gholdengo|94\/100|[from] U-turn\n|-damage|p1a: Gol D. Poller|88\/100|[from] Stealth Rock\n|\n|upkeep\n|\n|t:|1699901935\n|switch|p2a: trans|Iron Valiant|91\/100\n|-activate|p2a: trans|move: Sticky Web\n|-unboost|p2a: trans|spe|1\n|turn|34\n|\n|t:|1699901960\n|move|p1a: Gol D. Poller|Make It Rain|p2a: trans\n|-supereffective|p2a: trans\n|-damage|p2a: trans|0 fnt\n|-unboost|p1a: Gol D. Poller|spa|1\n|faint|p2a: trans\n|-end|p2a: trans|Quark Drive|[silent]\n|\n|win|Exllevi\n|c|\u2606vianor97|gg\n|c|\u2606Exllevi|Lo subes tu?\n|c|\u2606vianor97|va\n|c|\u2606Exllevi|es que yo no se\n","uploadtime":1699901973,"views":58,"p1id":"exllevi","p2id":"vianor97","formatid":"gen9anythinggoes","rating":0,"private":0,"password":""}