{"id":"gen9anythinggoes-1971805207","p1":"Kobe Airlines","p2":"kaizer1120","format":"[Gen 9] Anything Goes","log":"|j|\u2606Kobe Airlines\n|j|\u2606kaizer1120\n|t:|1697774463\n|gametype|singles\n|player|p1|Kobe Airlines|clown|\n|player|p2|kaizer1120|265|\n|teamsize|p1|6\n|teamsize|p2|6\n|gen|9\n|tier|[Gen 9] Anything Goes\n|rule|HP Percentage Mod: HP is shown in percentages\n|rule|Endless Battle Clause: Forcing endless battles is banned\n|clearpoke\n|poke|p1|Dragapult, M|\n|poke|p1|Torterra, M|\n|poke|p1|Ninetales-Alola, F|\n|poke|p1|Hoopa-Unbound|\n|poke|p1|Tauros, M|\n|poke|p1|Ribombee, F|\n|poke|p2|Gholdengo|\n|poke|p2|Garchomp, F|\n|poke|p2|Meowscarada, M|\n|poke|p2|Azumarill, F|\n|poke|p2|Overqwil, F|\n|poke|p2|Regieleki|\n|teampreview\n|c|\u2606Kobe Airlines|gg\n|c|\u2606kaizer1120|uhhh\n|c|\u2606Kobe Airlines|goodluck!\n|c|\u2606kaizer1120|are you implying the game is already over\n|c|\u2606Kobe Airlines|nooooooo xD\n|c|\u2606kaizer1120|lol good luck to you too\n|c|\u2606Kobe Airlines|i meant GL!!!! lololol\n|\n|t:|1697774556\n|start\n|switch|p1a: Megan Bee Stallion|Ribombee, F, shiny|100\/100\n|switch|p2a: Overqwil|Overqwil, F|100\/100\n|-ability|p2a: Overqwil|Intimidate|boost\n|-unboost|p1a: Megan Bee Stallion|atk|1\n|turn|1\n|\n|t:|1697774600\n|move|p1a: Megan Bee Stallion|Sticky Web|p2a: Overqwil\n|-sidestart|p2: kaizer1120|move: Sticky Web\n|move|p2a: Overqwil|Toxic Spikes|p1a: Megan Bee Stallion\n|-sidestart|p1: Kobe Airlines|move: Toxic Spikes\n|\n|upkeep\n|turn|2\n|\n|t:|1697774621\n|move|p1a: Megan Bee Stallion|Quiver Dance|p1a: Megan Bee Stallion\n|-boost|p1a: Megan Bee Stallion|spa|1\n|-boost|p1a: Megan Bee Stallion|spd|1\n|-boost|p1a: Megan Bee Stallion|spe|1\n|move|p2a: Overqwil|Toxic Spikes|p1a: Megan Bee Stallion\n|-sidestart|p1: Kobe Airlines|move: Toxic Spikes\n|\n|upkeep\n|turn|3\n|\n|t:|1697774654\n|move|p1a: Megan Bee Stallion|Bug Buzz|p2a: Overqwil\n|-damage|p2a: Overqwil|26\/100\n|move|p2a: Overqwil|Barb Barrage|p1a: Megan Bee Stallion\n|-supereffective|p1a: Megan Bee Stallion\n|-damage|p1a: Megan Bee Stallion|1\/100\n|\n|upkeep\n|turn|4\n|\n|t:|1697774730\n|switch|p2a: Regieleki|Regieleki|100\/100\n|-activate|p2a: Regieleki|move: Sticky Web\n|-unboost|p2a: Regieleki|spe|1\n|move|p1a: Megan Bee Stallion|Draining Kiss|p2a: Regieleki\n|-damage|p2a: Regieleki|47\/100\n|-heal|p1a: Megan Bee Stallion|57\/100|[from] drain|[of] p2a: Regieleki\n|\n|upkeep\n|turn|5\n|\n|t:|1697774769\n|switch|p1a: Drakeapult|Dragapult, M|100\/100\n|-status|p1a: Drakeapult|tox\n|move|p2a: Regieleki|Rapid Spin|p1a: Drakeapult\n|-immune|p1a: Drakeapult\n|\n|-damage|p1a: Drakeapult|94\/100 tox|[from] psn\n|upkeep\n|turn|6\n|\n|t:|1697774869\n|move|p1a: Drakeapult|U-turn|p2a: Regieleki\n|-damage|p2a: Regieleki|19\/100\n|\n|t:|1697774917\n|switch|p1a: MF DOOMpa|Hoopa-Unbound|100\/100|[from] U-turn\n|-status|p1a: MF DOOMpa|tox\n|move|p2a: Regieleki|Volt Switch|p1a: MF DOOMpa\n|-damage|p1a: MF DOOMpa|69\/100 tox\n|-damage|p2a: Regieleki|9\/100|[from] item: Life Orb\n|\n|t:|1697774967\n|switch|p2a: Meowscarada|Meowscarada, M|100\/100|[from] Volt Switch\n|-activate|p2a: Meowscarada|move: Sticky Web\n|-unboost|p2a: Meowscarada|spe|1\n|\n|-damage|p1a: MF DOOMpa|63\/100 tox|[from] psn\n|upkeep\n|turn|7\n|\n|t:|1697774996\n|switch|p1a: Nin-ki Minaj|Ninetales-Alola, F, shiny|100\/100\n|-status|p1a: Nin-ki Minaj|tox\n|-weather|Snow|[from] ability: Snow Warning|[of] p1a: Nin-ki Minaj\n|move|p2a: Meowscarada|U-turn|p1a: Nin-ki Minaj\n|-start|p2a: Meowscarada|typechange|Bug|[from] ability: Protean\n|-resisted|p1a: Nin-ki Minaj\n|-damage|p1a: Nin-ki Minaj|86\/100 tox\n|\n|t:|1697775033\n|switch|p2a: Azumarill|Azumarill, F|100\/100|[from] U-turn\n|-activate|p2a: Azumarill|move: Sticky Web\n|-unboost|p2a: Azumarill|spe|1\n|\n|-weather|Snow|[upkeep]\n|-damage|p1a: Nin-ki Minaj|80\/100 tox|[from] psn\n|upkeep\n|turn|8\n|\n|t:|1697775046\n|move|p1a: Nin-ki Minaj|Aurora Veil|p1a: Nin-ki Minaj\n|-sidestart|p1: Kobe Airlines|move: Aurora Veil\n|move|p2a: Azumarill|Brick Break|p1a: Nin-ki Minaj\n|-sideend|p1: Kobe Airlines|move: Aurora Veil\n|-damage|p1a: Nin-ki Minaj|47\/100 tox\n|\n|-weather|Snow|[upkeep]\n|-damage|p1a: Nin-ki Minaj|35\/100 tox|[from] psn\n|upkeep\n|turn|9\n|c|\u2606Kobe Airlines|:o\n|c|\u2606kaizer1120|my hands are literally shaking\n|c|\u2606Kobe Airlines|No like same :o oml\n|c|\u2606kaizer1120|haha looks like pokemon battles just have that effect then\n|\n|t:|1697775244\n|switch|p2a: Meowscarada|Meowscarada, M|100\/100\n|-activate|p2a: Meowscarada|move: Sticky Web\n|-unboost|p2a: Meowscarada|spe|1\n|move|p1a: Nin-ki Minaj|Freeze-Dry|p2a: Meowscarada\n|-supereffective|p2a: Meowscarada\n|-damage|p2a: Meowscarada|49\/100\n|-status|p2a: Meowscarada|frz\n|\n|-weather|Snow|[upkeep]\n|-damage|p1a: Nin-ki Minaj|17\/100 tox|[from] psn\n|upkeep\n|turn|10\n|\n|t:|1697775352\n|move|p1a: Nin-ki Minaj|Aurora Veil|p1a: Nin-ki Minaj\n|-sidestart|p1: Kobe Airlines|move: Aurora Veil\n|cant|p2a: Meowscarada|frz\n|\n|-weather|Snow|[upkeep]\n|-damage|p1a: Nin-ki Minaj|0 fnt|[from] psn\n|faint|p1a: Nin-ki Minaj\n|upkeep\n|\n|t:|1697775380\n|switch|p1a: Drakeapult|Dragapult, M|94\/100 tox\n|turn|11\n|\n|t:|1697775500\n|move|p1a: Drakeapult|U-turn|p2a: Meowscarada\n|-supereffective|p2a: Meowscarada\n|-damage|p2a: Meowscarada|0 fnt\n|faint|p2a: Meowscarada\n|\n|t:|1697775530\n|switch|p1a: PitBULL|Tauros, M|100\/100|[from] U-turn\n|-status|p1a: PitBULL|tox\n|\n|-weather|none\n|-damage|p1a: PitBULL|94\/100 tox|[from] psn\n|upkeep\n|\n|t:|1697775574\n|switch|p2a: Garchomp|Garchomp, F|100\/100\n|-activate|p2a: Garchomp|move: Sticky Web\n|-unboost|p2a: Garchomp|spe|1\n|turn|12\n|c|\u2606Kobe Airlines|ugh those spikessssssssssssssssssssshfairboaobgzfbzhfbvhzbdrygbz\n|\n|t:|1697775608\n|-terastallize|p1a: PitBULL|Normal\n|move|p1a: PitBULL|Body Slam|p2a: Garchomp\n|-damage|p2a: Garchomp|0 fnt\n|-damage|p1a: PitBULL|82\/100 tox|[from] ability: Rough Skin|[of] p2a: Garchomp\n|faint|p2a: Garchomp\n|\n|-damage|p1a: PitBULL|70\/100 tox|[from] psn\n|upkeep\n|c|\u2606kaizer1120|i would put 3 layers down if it would let me\n|c|\u2606kaizer1120|holy shit\n|c|\u2606Kobe Airlines|Kai im like reallllyyyy shakingggggggg ommmggggggggggggggg\n|c|\u2606kaizer1120|feel free to stop shaking any time\n|c|\u2606kaizer1120|i think you're solidly in the advantage\n|\n|t:|1697775732\n|switch|p2a: Gholdengo|Gholdengo|100\/100\n|-activate|p2a: Gholdengo|move: Sticky Web\n|-unboost|p2a: Gholdengo|spe|1\n|turn|13\n|\n|t:|1697775885\n|switch|p1a: MF DOOMpa|Hoopa-Unbound|63\/100 tox\n|move|p2a: Gholdengo|Nasty Plot|p2a: Gholdengo\n|-boost|p2a: Gholdengo|spa|2\n|\n|-damage|p1a: MF DOOMpa|57\/100 tox|[from] psn\n|upkeep\n|turn|14\n|\n|t:|1697775963\n|switch|p2a: Azumarill|Azumarill, F|100\/100\n|-activate|p2a: Azumarill|move: Sticky Web\n|-unboost|p2a: Azumarill|spe|1\n|move|p1a: MF DOOMpa|Knock Off|p2a: Azumarill\n|-resisted|p2a: Azumarill\n|-damage|p2a: Azumarill|65\/100\n|-enditem|p2a: Azumarill|Choice Band|[from] move: Knock Off|[of] p1a: MF DOOMpa\n|\n|-damage|p1a: MF DOOMpa|44\/100 tox|[from] psn\n|upkeep\n|turn|15\n|\n|t:|1697776016\n|move|p1a: MF DOOMpa|Thunder Punch|p2a: Azumarill\n|-supereffective|p2a: Azumarill\n|-damage|p2a: Azumarill|0 fnt\n|faint|p2a: Azumarill\n|\n|-damage|p1a: MF DOOMpa|26\/100 tox|[from] psn\n|upkeep\n|\n|t:|1697776028\n|switch|p2a: Regieleki|Regieleki|9\/100\n|-activate|p2a: Regieleki|move: Sticky Web\n|-unboost|p2a: Regieleki|spe|1\n|turn|16\n|\n|t:|1697776043\n|switch|p1a: Drakeapult|Dragapult, M|94\/100 tox\n|move|p2a: Regieleki|Rapid Spin|p1a: Drakeapult\n|-immune|p1a: Drakeapult\n|\n|-damage|p1a: Drakeapult|88\/100 tox|[from] psn\n|upkeep\n|turn|17\n|\n|t:|1697776097\n|move|p1a: Drakeapult|Shadow Ball|p2a: Regieleki\n|-damage|p2a: Regieleki|0 fnt\n|faint|p2a: Regieleki\n|\n|-damage|p1a: Drakeapult|76\/100 tox|[from] psn\n|-sideend|p1: Kobe Airlines|move: Aurora Veil\n|upkeep\n|\n|t:|1697776103\n|switch|p2a: Gholdengo|Gholdengo|100\/100\n|-activate|p2a: Gholdengo|move: Sticky Web\n|-unboost|p2a: Gholdengo|spe|1\n|turn|18\n|\n|t:|1697776123\n|move|p1a: Drakeapult|Shadow Ball|p2a: Gholdengo\n|-supereffective|p2a: Gholdengo\n|-damage|p2a: Gholdengo|0 fnt\n|faint|p2a: Gholdengo\n|\n|-damage|p1a: Drakeapult|57\/100 tox|[from] psn\n|upkeep\n|\n|t:|1697776128\n|switch|p2a: Overqwil|Overqwil, F|26\/100\n|-activate|p2a: Overqwil|move: Sticky Web\n|-unboost|p2a: Overqwil|spe|1\n|-ability|p2a: Overqwil|Intimidate|boost\n|-unboost|p1a: Drakeapult|atk|1\n|turn|19\n|\n|t:|1697776143\n|move|p1a: Drakeapult|Shadow Ball|p2a: Overqwil\n|-resisted|p2a: Overqwil\n|-damage|p2a: Overqwil|0 fnt\n|faint|p2a: Overqwil\n|\n|win|Kobe Airlines\n|c|\u2606Kobe Airlines|gg\n|c|\u2606kaizer1120|gg\n|c|\u2606kaizer1120|:((((\n|c|\u2606Kobe Airlines|NOOOOOOOOO\n|c|\u2606Kobe Airlines|ILYYYYYYY\n|c|\u2606kaizer1120|lol it's ok\n|c|\u2606kaizer1120|i expected this\n|c|\u2606Kobe Airlines|WIFEEEEEE\n|c|\u2606kaizer1120|<3333\n|c|\u2606kaizer1120|it's your duty to beat your wife\n","uploadtime":1697776181,"views":20,"p1id":"kobeairlines","p2id":"kaizer1120","formatid":"gen9anythinggoes","rating":0,"private":0,"password":""}