{"id":"gen9anythinggoes-1972262140","p1":"Dregone","p2":"KeshBa45","format":"[Gen 9] Anything Goes","log":"|j|\u2606Dregone\n|j|\u2606KeshBa45\n|inactive|Battle timer is ON: inactive players will automatically lose when time's up.\n|t:|1697826053\n|gametype|singles\n|player|p1|Dregone|102|\n|player|p2|KeshBa45|red|\n|teamsize|p1|6\n|teamsize|p2|6\n|gen|9\n|tier|[Gen 9] Anything Goes\n|rated|Tournament battle\n|rule|HP Percentage Mod: HP is shown in percentages\n|rule|Endless Battle Clause: Forcing endless battles is banned\n|clearpoke\n|poke|p1|Calyrex-Shadow|\n|poke|p1|Arceus|\n|poke|p1|Arceus-Dark|\n|poke|p1|Arceus-Fairy|\n|poke|p1|Arceus-Ground|\n|poke|p1|Koraidon|\n|poke|p2|Hatterene, F|\n|poke|p2|Kingambit, M|\n|poke|p2|Calyrex-Ice|\n|poke|p2|Koraidon|\n|poke|p2|Ursaluna, M|\n|poke|p2|Arceus-Water|\n|teampreview\n|inactive|Dregone also wants the timer to be on.\n|j| zapdos97\n|c|\u2606Dregone|glhf\n|c|\u2606KeshBa45|glgl\n|j|+Primordiallite\n|\n|t:|1697826075\n|start\n|switch|p1a: Calyrex|Calyrex-Shadow|100\/100\n|switch|p2a: Koraidon|Koraidon|100\/100\n|-ability|p1a: Calyrex|As One\n|-ability|p1a: Calyrex|Unnerve\n|-weather|SunnyDay|[from] ability: Orichalcum Pulse|[of] p2a: Koraidon\n|-activate|p2a: Koraidon|Orichalcum Pulse|[source]\n|turn|1\n|\n|t:|1697826099\n|move|p2a: Koraidon|U-turn|p1a: Calyrex\n|-damage|p1a: Calyrex|70\/100\n|\n|t:|1697826124\n|switch|p2a: Kingambit|Kingambit, M|100\/100|[from] U-turn\n|move|p1a: Calyrex|Astral Barrage|p2a: Kingambit\n|-resisted|p2a: Kingambit\n|-damage|p2a: Kingambit|71\/100\n|\n|-weather|SunnyDay|[upkeep]\n|upkeep\n|turn|2\n|\n|t:|1697826136\n|switch|p1a: Arceus|Arceus-Ground|100\/100\n|move|p2a: Kingambit|Iron Head|p1a: Arceus\n|-damage|p1a: Arceus|69\/100\n|\n|-weather|SunnyDay|[upkeep]\n|upkeep\n|turn|3\n|\n|t:|1697826144\n|-end|p2a: Kingambit|fallenundefined|[silent]\n|switch|p2a: Arceus|Arceus-Water|100\/100\n|move|p1a: Arceus|Judgment|p2a: Arceus\n|-damage|p2a: Arceus|73\/100\n|\n|-weather|SunnyDay|[upkeep]\n|upkeep\n|turn|4\n|\n|t:|1697826150\n|move|p1a: Arceus|Thunder Wave|p2a: Arceus\n|-status|p2a: Arceus|par\n|move|p2a: Arceus|Stealth Rock|p1a: Arceus\n|-sidestart|p1: Dregone|move: Stealth Rock\n|\n|-weather|SunnyDay|[upkeep]\n|upkeep\n|turn|5\n|\n|t:|1697826154\n|move|p1a: Arceus|Stealth Rock|p2a: Arceus\n|-sidestart|p2: KeshBa45|move: Stealth Rock\n|move|p2a: Arceus|Trick Room|p2a: Arceus\n|-fieldstart|move: Trick Room|[of] p2a: Arceus\n|\n|-weather|none\n|upkeep\n|turn|6\n|\n|t:|1697826172\n|switch|p2a: Ursaluna|Ursaluna, M|100\/100\n|-damage|p2a: Ursaluna|94\/100|[from] Stealth Rock\n|switch|p1a: Arceus|Arceus-Dark|100\/100\n|-damage|p1a: Arceus|88\/100|[from] Stealth Rock\n|\n|-status|p2a: Ursaluna|brn|[from] item: Flame Orb\n|upkeep\n|turn|7\n|\n|t:|1697826184\n|switch|p1a: Calyrex|Calyrex-Shadow|70\/100\n|-ability|p1a: Calyrex|As One\n|-ability|p1a: Calyrex|Unnerve\n|move|p2a: Ursaluna|Facade|p1a: Calyrex\n|-immune|p1a: Calyrex\n|\n|-damage|p2a: Ursaluna|88\/100 brn|[from] brn\n|upkeep\n|turn|8\n|c|\u2606KeshBa45|ok man ;v\n|inactive|Dregone has 120 seconds left.\n|\n|t:|1697826213\n|switch|p1a: Arceus|Arceus-Ground|69\/100\n|-damage|p1a: Arceus|63\/100|[from] Stealth Rock\n|move|p2a: Ursaluna|Headlong Rush|p1a: Arceus\n|-damage|p1a: Arceus|0 fnt\n|-unboost|p2a: Ursaluna|def|1\n|-unboost|p2a: Ursaluna|spd|1\n|faint|p1a: Arceus\n|\n|-damage|p2a: Ursaluna|82\/100 brn|[from] brn\n|upkeep\n|c|\u2606KeshBa45|risking one whole ass mon when it prob lives\n|inactive|Dregone has 120 seconds left.\n|inactive|Dregone has 90 seconds left.\n|\n|t:|1697826249\n|switch|p1a: Arceus|Arceus|100\/100\n|-damage|p1a: Arceus|88\/100|[from] Stealth Rock\n|turn|9\n|\n|t:|1697826262\n|-terastallize|p1a: Arceus|Normal\n|move|p1a: Arceus|Extreme Speed|p2a: Ursaluna\n|-crit|p2a: Ursaluna\n|-damage|p2a: Ursaluna|0 fnt\n|faint|p2a: Ursaluna\n|-damage|p1a: Arceus|78\/100|[from] item: Life Orb\n|\n|-fieldend|move: Trick Room\n|upkeep\n|c|\u2606KeshBa45|the big guns\n|\n|t:|1697826277\n|switch|p2a: Koraidon|Koraidon|100\/100\n|-damage|p2a: Koraidon|94\/100|[from] Stealth Rock\n|-weather|SunnyDay|[from] ability: Orichalcum Pulse|[of] p2a: Koraidon\n|-activate|p2a: Koraidon|Orichalcum Pulse|[source]\n|turn|10\n|c|\u2606Dregone|i gave my arc protein powder\n|c|\u2606KeshBa45|lel\n|\n|t:|1697826300\n|switch|p1a: Koraidon|Koraidon|100\/100\n|-damage|p1a: Koraidon|94\/100|[from] Stealth Rock\n|-activate|p1a: Koraidon|ability: Orichalcum Pulse\n|move|p2a: Koraidon|Flare Blitz|p1a: Koraidon\n|-resisted|p1a: Koraidon\n|-damage|p1a: Koraidon|57\/100\n|-damage|p2a: Koraidon|82\/100|[from] Recoil\n|\n|-weather|SunnyDay|[upkeep]\n|upkeep\n|turn|11\n|inactive|KeshBa45 has 120 seconds left.\n|\n|t:|1697826323\n|move|p2a: Koraidon|Flare Blitz|p1a: Koraidon\n|-resisted|p1a: Koraidon\n|-damage|p1a: Koraidon|19\/100\n|-damage|p2a: Koraidon|69\/100|[from] Recoil\n|move|p1a: Koraidon|U-turn|p2a: Koraidon\n|-resisted|p2a: Koraidon\n|-damage|p2a: Koraidon|54\/100\n|inactive|Dregone has 90 seconds left.\n|\n|t:|1697826341\n|switch|p1a: Arceus|Arceus-Dark|88\/100|[from] U-turn\n|-damage|p1a: Arceus|76\/100|[from] Stealth Rock\n|\n|-weather|SunnyDay|[upkeep]\n|upkeep\n|turn|12\n|inactive|Dregone has 90 seconds left.\n|\n|t:|1697826350\n|switch|p2a: Arceus|Arceus-Water|73\/100 par\n|-damage|p2a: Arceus|61\/100 par|[from] Stealth Rock\n|move|p1a: Arceus|Recover|p1a: Arceus\n|-heal|p1a: Arceus|100\/100\n|\n|-weather|SunnyDay|[upkeep]\n|upkeep\n|turn|13\n|\n|t:|1697826358\n|move|p1a: Arceus|Taunt|p2a: Arceus\n|-start|p2a: Arceus|move: Taunt\n|cant|p2a: Arceus|move: Taunt|Recover\n|\n|-weather|SunnyDay|[upkeep]\n|upkeep\n|turn|14\n|c|\u2606KeshBa45|ah shit\n|\n|t:|1697826374\n|switch|p2a: Koraidon|Koraidon|54\/100\n|-damage|p2a: Koraidon|48\/100|[from] Stealth Rock\n|-activate|p2a: Koraidon|ability: Orichalcum Pulse\n|move|p1a: Arceus|Foul Play|p2a: Koraidon\n|-resisted|p2a: Koraidon\n|-damage|p2a: Koraidon|21\/100\n|\n|-weather|none\n|upkeep\n|turn|15\n|inactive|Dregone has 90 seconds left.\n|\n|t:|1697826407\n|switch|p1a: Koraidon|Koraidon|19\/100\n|-damage|p1a: Koraidon|13\/100|[from] Stealth Rock\n|-weather|SunnyDay|[from] ability: Orichalcum Pulse|[of] p1a: Koraidon\n|-activate|p1a: Koraidon|Orichalcum Pulse|[source]\n|move|p2a: Koraidon|Close Combat|p1a: Koraidon\n|-damage|p1a: Koraidon|0 fnt\n|-unboost|p2a: Koraidon|def|1\n|-unboost|p2a: Koraidon|spd|1\n|faint|p1a: Koraidon\n|\n|-weather|SunnyDay|[upkeep]\n|upkeep\n|inactive|Dregone has 60 seconds left.\n|\n|t:|1697826428\n|switch|p1a: Arceus|Arceus-Fairy|100\/100\n|-damage|p1a: Arceus|88\/100|[from] Stealth Rock\n|turn|16\n|\n|t:|1697826438\n|switch|p2a: Arceus|Arceus-Water|61\/100 par\n|-damage|p2a: Arceus|48\/100 par|[from] Stealth Rock\n|move|p1a: Arceus|Calm Mind|p1a: Arceus\n|-boost|p1a: Arceus|spa|1\n|-boost|p1a: Arceus|spd|1\n|\n|-weather|SunnyDay|[upkeep]\n|upkeep\n|turn|17\n|\n|t:|1697826443\n|move|p1a: Arceus|Judgment|p2a: Arceus\n|-damage|p2a: Arceus|5\/100 par\n|cant|p2a: Arceus|par\n|\n|-weather|SunnyDay|[upkeep]\n|upkeep\n|turn|18\n|c|\u2606KeshBa45|damns\n|\n|t:|1697826450\n|move|p1a: Arceus|Judgment|p2a: Arceus\n|-damage|p2a: Arceus|0 fnt\n|faint|p2a: Arceus\n|\n|-weather|SunnyDay|[upkeep]\n|upkeep\n|c|\u2606Dregone|skill\n|\n|t:|1697826453\n|switch|p2a: Hatterene|Hatterene, F|100\/100\n|-damage|p2a: Hatterene|88\/100|[from] Stealth Rock\n|turn|19\n|c|\u2606KeshBa45|live\n|c|+Primordiallite|Skilled\n|inactive|Dregone has 90 seconds left.\n|\n|t:|1697826468\n|move|p1a: Arceus|Judgment|p2a: Hatterene\n|-damage|p2a: Hatterene|18\/100\n|move|p2a: Hatterene|Trick Room|p2a: Hatterene\n|-fieldstart|move: Trick Room|[of] p2a: Hatterene\n|\n|-weather|none\n|upkeep\n|turn|20\n|c|\u2606KeshBa45|got hat\n|c|\u2606KeshBa45|goat\n|\n|t:|1697826480\n|move|p2a: Hatterene|Healing Wish|p2a: Hatterene\n|faint|p2a: Hatterene\n|move|p1a: Arceus|Calm Mind|p1a: Arceus\n|-boost|p1a: Arceus|spa|1\n|-boost|p1a: Arceus|spd|1\n|\n|upkeep\n|\n|t:|1697826483\n|switch|p2a: Kingambit|Kingambit, M|71\/100\n|-heal|p2a: Kingambit|100\/100|[from] move: Healing Wish\n|-damage|p2a: Kingambit|94\/100|[from] Stealth Rock\n|-activate|p2a: Kingambit|ability: Supreme Overlord\n|-start|p2a: Kingambit|fallen3|[silent]\n|turn|21\n|c|\u2606Dregone|we these\n|\n|t:|1697826491\n|move|p2a: Kingambit|Iron Head|p1a: Arceus\n|-supereffective|p1a: Arceus\n|-damage|p1a: Arceus|5\/100\n|cant|p1a: Arceus|flinch\n|\n|upkeep\n|turn|22\n|c|\u2606KeshBa45|kingambit moemnt\n|c|\u2606Dregone|nevermind\n|c|\u2606KeshBa45|outskilled\n|\n|t:|1697826503\n|move|p2a: Kingambit|Kowtow Cleave|p1a: Arceus\n|-resisted|p1a: Arceus\n|-damage|p1a: Arceus|0 fnt\n|faint|p1a: Arceus\n|\n|upkeep\n|\n|t:|1697826509\n|switch|p1a: Arceus|Arceus-Dark|100\/100\n|-damage|p1a: Arceus|88\/100|[from] Stealth Rock\n|turn|23\n|\n|t:|1697826520\n|move|p2a: Kingambit|Swords Dance|p2a: Kingambit\n|-boost|p2a: Kingambit|atk|2\n|move|p1a: Arceus|Will-O-Wisp|p2a: Kingambit\n|-status|p2a: Kingambit|brn\n|\n|-damage|p2a: Kingambit|88\/100 brn|[from] brn\n|-fieldend|move: Trick Room\n|upkeep\n|turn|24\n|c|\u2606KeshBa45|o\n|\n|t:|1697826536\n|move|p1a: Arceus|Foul Play|p2a: Kingambit\n|-resisted|p2a: Kingambit\n|-damage|p2a: Kingambit|42\/100 brn\n|move|p2a: Kingambit|Iron Head|p1a: Arceus\n|-damage|p1a: Arceus|57\/100\n|\n|-damage|p2a: Kingambit|36\/100 brn|[from] brn\n|upkeep\n|turn|25\n|\n|t:|1697826545\n|-end|p2a: Kingambit|fallen3|[silent]\n|switch|p2a: Calyrex|Calyrex-Ice|100\/100\n|-ability|p2a: Calyrex|As One\n|-ability|p2a: Calyrex|Unnerve\n|-damage|p2a: Calyrex|76\/100|[from] Stealth Rock\n|move|p1a: Arceus|Recover|p1a: Arceus\n|-heal|p1a: Arceus|100\/100\n|\n|upkeep\n|turn|26\n|\n|t:|1697826557\n|-terastallize|p2a: Calyrex|Fire\n|move|p1a: Arceus|Will-O-Wisp|p2a: Calyrex\n|-immune|p2a: Calyrex\n|move|p2a: Calyrex|Close Combat|p1a: Arceus\n|-supereffective|p1a: Arceus\n|-damage|p1a: Arceus|28\/100\n|-unboost|p2a: Calyrex|def|1\n|-unboost|p2a: Calyrex|spd|1\n|-damage|p2a: Calyrex|66\/100|[from] item: Life Orb\n|\n|upkeep\n|turn|27\n|\n|t:|1697826570\n|move|p1a: Arceus|Foul Play|p2a: Calyrex\n|-damage|p2a: Calyrex|0 fnt\n|faint|p2a: Calyrex\n|\n|upkeep\n|\n|t:|1697826579\n|switch|p2a: Kingambit|Kingambit, M|36\/100 brn\n|-damage|p2a: Kingambit|29\/100 brn|[from] Stealth Rock\n|-activate|p2a: Kingambit|ability: Supreme Overlord\n|-start|p2a: Kingambit|fallen4|[silent]\n|turn|28\n|c|\u2606KeshBa45|didnt i hwish\n|c|\u2606Dregone|!dt healingwish\n|raw|<ul class=\"utilichart\"><li class=\"result\"><span class=\"col movenamecol\"><a href=\"https:\/\/dex.pokemonshowdown.com\/moves\/healingwish\">Healing Wish<\/a><\/span> <span class=\"col typecol\"><img src=\"\/\/play.pokemonshowdown.com\/sprites\/types\/Psychic.png\" alt=\"Psychic\" width=\"32\" height=\"14\"><img src=\"\/\/play.pokemonshowdown.com\/sprites\/categories\/Status.png\" alt=\"Status\" width=\"32\" height=\"14\"><\/span> <span class=\"col widelabelcol\"><em>Accuracy<\/em><br>\u2014<\/span> <span class=\"col pplabelcol\"><em>PP<\/em><br>16<\/span> <span class=\"col movedesccol\">User faints. Next hurt Pokemon is fully healed.<\/span> <\/li><li style=\"clear:both\"><\/li><\/ul>\n|raw|<font size=\"1\"><font color=\"#686868\">Priority:<\/font> 0&nbsp;|&ThickSpace;<font color=\"#686868\">Gen:<\/font> 4&nbsp;|&ThickSpace;<font color=\"#686868\">Z-Effect:<\/font> None&nbsp;|&ThickSpace;<font color=\"#686868\">Target:<\/font> User<\/font>\n\n|c|\u2606Dregone|what does \"hurt\" mena\n|inactive|KeshBa45 has 120 seconds left.\n|c|\u2606KeshBa45|the next mon that isnt at full hp is healed\n|c|\u2606KeshBa45|oh\n|c|\u2606KeshBa45|i saw it\n|c|\u2606Dregone|when did it work\n|c|\u2606KeshBa45|lel\n|c|\u2606KeshBa45|gg\n|\n|t:|1697826638\n|move|p1a: Arceus|Recover|p1a: Arceus\n|-heal|p1a: Arceus|78\/100\n|move|p2a: Kingambit|Iron Head|p1a: Arceus\n|-damage|p1a: Arceus|62\/100\n|\n|-damage|p2a: Kingambit|23\/100 brn|[from] brn\n|upkeep\n|turn|29\n|\n|t:|1697826643\n|move|p1a: Arceus|Recover|p1a: Arceus\n|-heal|p1a: Arceus|100\/100\n|move|p2a: Kingambit|Iron Head|p1a: Arceus\n|-damage|p1a: Arceus|84\/100\n|\n|-damage|p2a: Kingambit|17\/100 brn|[from] brn\n|upkeep\n|turn|30\n|\n|t:|1697826648\n|move|p1a: Arceus|Foul Play|p2a: Kingambit\n|-resisted|p2a: Kingambit\n|-damage|p2a: Kingambit|0 fnt\n|faint|p2a: Kingambit\n|-end|p2a: Kingambit|fallen4|[silent]\n|\n|upkeep\n|\n|t:|1697826651\n|switch|p2a: Koraidon|Koraidon|21\/100\n|-damage|p2a: Koraidon|15\/100|[from] Stealth Rock\n|-weather|SunnyDay|[from] ability: Orichalcum Pulse|[of] p2a: Koraidon\n|-activate|p2a: Koraidon|Orichalcum Pulse|[source]\n|turn|31\n|\n|t:|1697826658\n|move|p2a: Koraidon|Dragon Claw|p1a: Arceus\n|-damage|p1a: Arceus|56\/100\n|move|p1a: Arceus|Foul Play|p2a: Koraidon\n|-resisted|p2a: Koraidon\n|-damage|p2a: Koraidon|0 fnt\n|faint|p2a: Koraidon\n|\n|win|Dregone\n|n|\u2606Dregone|dregone\n|n|\u2606KeshBa45|keshba45\n|n| zapdos97|zapdos97\n|n| Primordiallite|primordiallite\n|l|\u2606KeshBa45\n|c|\u2606Dregone|gg\n","uploadtime":1697826659,"views":15,"p1id":"dregone","p2id":"keshba45","formatid":"gen9anythinggoes","rating":0,"private":0,"password":""}