{"id":"gen9anythinggoes-1971628170","p1":"50UP","p2":"Yurabeach","format":"[Gen 9] Anything Goes","log":"|j|\u260650UP\n|j|\u2606Yurabeach\n|t:|1697754929\n|gametype|singles\n|player|p1|50UP|ethan|1345\n|player|p2|Yurabeach|backpacker|1244\n|teamsize|p1|6\n|teamsize|p2|6\n|gen|9\n|tier|[Gen 9] Anything Goes\n|rated|\n|rule|HP Percentage Mod: HP is shown in percentages\n|rule|Endless Battle Clause: Forcing endless battles is banned\n|clearpoke\n|poke|p1|Mew|\n|poke|p1|Greninja-*, M|\n|poke|p1|Zarude|\n|poke|p1|Hariyama, M|\n|poke|p1|Sylveon, F|\n|poke|p1|Zoroark-Hisui, F|\n|poke|p2|Orthworm, F|\n|poke|p2|Clodsire, M|\n|poke|p2|Glimmora, F|\n|poke|p2|Garganacl, M|\n|poke|p2|Kingambit, M|\n|poke|p2|Ceruledge, F|\n|teampreview\n|inactive|Battle timer is ON: inactive players will automatically lose when time's up. (requested by 50UP)\n|\n|t:|1697754940\n|start\n|switch|p1a: Mew|Mew|100\/100\n|switch|p2a: Ceruledge|Ceruledge, F, shiny|100\/100\n|turn|1\n|\n|t:|1697754956\n|switch|p1a: Sylveon|Sylveon, F|100\/100\n|move|p2a: Ceruledge|Swords Dance|p2a: Ceruledge\n|-boost|p2a: Ceruledge|atk|2\n|\n|upkeep\n|turn|2\n|\n|t:|1697754967\n|-terastallize|p1a: Sylveon|Water\n|move|p2a: Ceruledge|Bitter Blade|p1a: Sylveon\n|-resisted|p1a: Sylveon\n|-damage|p1a: Sylveon|44\/100\n|move|p1a: Sylveon|Tera Blast|p2a: Ceruledge|[anim] Tera Blast Water\n|-supereffective|p2a: Ceruledge\n|-damage|p2a: Ceruledge|39\/100\n|\n|upkeep\n|turn|3\n|\n|t:|1697754976\n|move|p2a: Ceruledge|Bitter Blade|p1a: Sylveon\n|-resisted|p1a: Sylveon\n|-damage|p1a: Sylveon|0 fnt\n|-heal|p2a: Ceruledge|68\/100|[from] drain|[of] p1a: Sylveon\n|faint|p1a: Sylveon\n|\n|upkeep\n|\n|t:|1697754986\n|switch|p1a: Greninja|Greninja, M|100\/100\n|turn|4\n|\n|t:|1697754992\n|-terastallize|p2a: Ceruledge|Grass\n|move|p1a: Greninja|Surf|p2a: Ceruledge\n|-start|p1a: Greninja|typechange|Water|[from] ability: Protean\n|-resisted|p2a: Ceruledge\n|-damage|p2a: Ceruledge|47\/100\n|move|p2a: Ceruledge|Bitter Blade|p1a: Greninja\n|-resisted|p1a: Greninja\n|-damage|p1a: Greninja|29\/100\n|-heal|p2a: Ceruledge|84\/100|[from] drain|[of] p1a: Greninja\n|\n|upkeep\n|turn|5\n|\n|t:|1697755005\n|switch|p1a: Hariyama|Hariyama, M|100\/100\n|move|p2a: Ceruledge|Bitter Blade|p1a: Hariyama\n|-damage|p1a: Hariyama|3\/100\n|-heal|p2a: Ceruledge|100\/100|[from] drain|[of] p1a: Hariyama\n|\n|-status|p1a: Hariyama|brn|[from] item: Flame Orb\n|upkeep\n|turn|6\n|\n|t:|1697755015\n|move|p1a: Hariyama|Fake Out|p2a: Ceruledge\n|-damage|p2a: Ceruledge|70\/100\n|-ability|p2a: Ceruledge|Weak Armor|boost\n|-unboost|p2a: Ceruledge|def|1\n|-boost|p2a: Ceruledge|spe|2\n|cant|p2a: Ceruledge|flinch\n|\n|-damage|p1a: Hariyama|0 fnt|[from] brn\n|faint|p1a: Hariyama\n|upkeep\n|\n|t:|1697755031\n|switch|p1a: Greninja|Greninja, M|29\/100\n|turn|7\n|\n|t:|1697755036\n|move|p1a: Greninja|Ice Beam|p2a: Ceruledge\n|-start|p1a: Greninja|typechange|Ice|[from] ability: Protean\n|-supereffective|p2a: Ceruledge\n|-damage|p2a: Ceruledge|0 fnt\n|faint|p2a: Ceruledge\n|\n|upkeep\n|\n|t:|1697755046\n|switch|p2a: Kingambit|Kingambit, M, shiny|100\/100\n|-activate|p2a: Kingambit|ability: Supreme Overlord\n|-start|p2a: Kingambit|fallen1|[silent]\n|turn|8\n|\n|t:|1697755052\n|switch|p1a: Zarude|Zarude|100\/100\n|move|p2a: Kingambit|Sucker Punch||[still]\n|-fail|p2a: Kingambit\n|\n|upkeep\n|turn|9\n|\n|t:|1697755062\n|-end|p2a: Kingambit|fallen1|[silent]\n|switch|p2a: Glimmora|Glimmora, F, shiny|100\/100\n|move|p1a: Zarude|Knock Off|p2a: Glimmora\n|-damage|p2a: Glimmora|37\/100\n|-activate|p2a: Glimmora|ability: Toxic Debris\n|-sidestart|p1: 50UP|move: Toxic Spikes\n|-enditem|p2a: Glimmora|Black Sludge|[from] move: Knock Off|[of] p1a: Zarude\n|-damage|p1a: Zarude|91\/100|[from] item: Life Orb\n|\n|upkeep\n|turn|10\n|\n|t:|1697755073\n|move|p2a: Glimmora|Spiky Shield|p2a: Glimmora\n|-singleturn|p2a: Glimmora|move: Protect\n|move|p1a: Zarude|Trailblaze|p2a: Glimmora\n|-activate|p2a: Glimmora|move: Protect\n|-damage|p1a: Zarude|78\/100|[from] Spiky Shield|[of] p2a: Glimmora\n|\n|upkeep\n|turn|11\n|\n|t:|1697755086\n|move|p1a: Zarude|Trailblaze|p2a: Glimmora\n|-damage|p2a: Glimmora|3\/100\n|-boost|p1a: Zarude|spe|1\n|-activate|p2a: Glimmora|ability: Toxic Debris\n|-sidestart|p1: 50UP|move: Toxic Spikes\n|-damage|p1a: Zarude|68\/100|[from] item: Life Orb\n|move|p2a: Glimmora|Stealth Rock|p1a: Zarude\n|-sidestart|p1: 50UP|move: Stealth Rock\n|\n|upkeep\n|turn|12\n|\n|t:|1697755102\n|move|p2a: Glimmora|Spiky Shield|p2a: Glimmora\n|-singleturn|p2a: Glimmora|move: Protect\n|move|p1a: Zarude|Trailblaze|p2a: Glimmora\n|-activate|p2a: Glimmora|move: Protect\n|-damage|p1a: Zarude|56\/100|[from] Spiky Shield|[of] p2a: Glimmora\n|\n|upkeep\n|turn|13\n|\n|t:|1697755119\n|move|p1a: Zarude|Trailblaze|p2a: Glimmora\n|-damage|p2a: Glimmora|0 fnt\n|-boost|p1a: Zarude|spe|1\n|faint|p2a: Glimmora\n|-damage|p1a: Zarude|46\/100|[from] item: Life Orb\n|\n|upkeep\n|\n|t:|1697755124\n|switch|p2a: Orthworm|Orthworm, F, shiny|100\/100\n|turn|14\n|\n|t:|1697755132\n|move|p1a: Zarude|Drain Punch|p2a: Orthworm\n|-supereffective|p2a: Orthworm\n|-damage|p2a: Orthworm|56\/100\n|-heal|p1a: Zarude|67\/100|[from] drain|[of] p2a: Orthworm\n|-damage|p1a: Zarude|57\/100|[from] item: Life Orb\n|move|p2a: Orthworm|Coil|p2a: Orthworm\n|-boost|p2a: Orthworm|atk|1\n|-boost|p2a: Orthworm|def|1\n|-boost|p2a: Orthworm|accuracy|1\n|\n|-heal|p2a: Orthworm|62\/100|[from] item: Leftovers\n|upkeep\n|turn|15\n|\n|t:|1697755144\n|move|p2a: Orthworm|Protect|p2a: Orthworm\n|-singleturn|p2a: Orthworm|Protect\n|move|p1a: Zarude|Knock Off|p2a: Orthworm\n|-activate|p2a: Orthworm|move: Protect\n|\n|-heal|p2a: Orthworm|68\/100|[from] item: Leftovers\n|upkeep\n|turn|16\n|\n|t:|1697755152\n|move|p1a: Zarude|Knock Off|p2a: Orthworm\n|-damage|p2a: Orthworm|40\/100\n|-enditem|p2a: Orthworm|Leftovers|[from] move: Knock Off|[of] p1a: Zarude\n|-damage|p1a: Zarude|47\/100|[from] item: Life Orb\n|move|p2a: Orthworm|Iron Tail|p1a: Zarude\n|-damage|p1a: Zarude|0 fnt\n|faint|p1a: Zarude\n|\n|upkeep\n|\n|t:|1697755161\n|switch|p1a: Mew|Mew|100\/100\n|-status|p1a: Mew|tox\n|-damage|p1a: Mew|88\/100 tox|[from] Stealth Rock\n|turn|17\n|\n|t:|1697755179\n|move|p1a: Mew|Shadow Ball|p2a: Orthworm\n|-damage|p2a: Orthworm|0 fnt\n|faint|p2a: Orthworm\n|\n|-damage|p1a: Mew|82\/100 tox|[from] psn\n|upkeep\n|\n|t:|1697755184\n|switch|p2a: Garganacl|Garganacl, M, shiny|100\/100\n|turn|18\n|\n|t:|1697755192\n|switch|p1a: Mew|Mew|100\/100\n|-status|p1a: Mew|tox\n|-damage|p1a: Mew|88\/100 tox|[from] Stealth Rock\n|move|p2a: Garganacl|Salt Cure|p1a: Mew\n|-damage|p1a: Mew|77\/100 tox\n|-start|p1a: Mew|Salt Cure\n|\n|-heal|p1a: Mew|83\/100 tox|[from] item: Leftovers\n|-damage|p1a: Mew|77\/100 tox|[from] psn\n|-damage|p1a: Mew|64\/100 tox|[from] Salt Cure\n|upkeep\n|turn|19\n|\n|t:|1697755205\n|move|p1a: Mew|Will-O-Wisp|p2a: Garganacl|[miss]\n|-miss|p1a: Mew|p2a: Garganacl\n|move|p2a: Garganacl|Iron Defense|p2a: Garganacl\n|-boost|p2a: Garganacl|def|2\n|\n|-heal|p1a: Mew|71\/100 tox|[from] item: Leftovers\n|-damage|p1a: Mew|58\/100 tox|[from] psn\n|-damage|p1a: Mew|46\/100 tox|[from] Salt Cure\n|upkeep\n|turn|20\n|\n|t:|1697755213\n|move|p1a: Mew|Will-O-Wisp|p2a: Garganacl\n|-immune|p2a: Garganacl|[from] ability: Purifying Salt\n|move|p2a: Garganacl|Body Press|p1a: Mew\n|-resisted|p1a: Mew\n|-damage|p1a: Mew|26\/100 tox\n|\n|-heal|p1a: Mew|32\/100 tox|[from] item: Leftovers\n|-damage|p1a: Mew|14\/100 tox|[from] psn\n|-damage|p1a: Mew|1\/100 tox|[from] Salt Cure\n|upkeep\n|turn|21\n|\n|t:|1697755230\n|move|p1a: Mew|Stealth Rock|p2a: Garganacl\n|-sidestart|p2: Yurabeach|move: Stealth Rock\n|move|p2a: Garganacl|Iron Defense|p2a: Garganacl\n|-boost|p2a: Garganacl|def|2\n|\n|-heal|p1a: Mew|7\/100 tox|[from] item: Leftovers\n|-damage|p1a: Mew|0 fnt|[from] psn\n|faint|p1a: Mew\n|upkeep\n|\n|t:|1697755255\n|switch|p1a: Greninja|Greninja, M|82\/100 tox\n|-damage|p1a: Greninja|69\/100 tox|[from] Stealth Rock\n|turn|22\n|\n|t:|1697755261\n|move|p1a: Greninja|Focus Blast|p2a: Garganacl\n|-supereffective|p2a: Garganacl\n|-damage|p2a: Garganacl|0 fnt\n|faint|p2a: Garganacl\n|\n|-damage|p1a: Greninja|63\/100 tox|[from] psn\n|upkeep\n|\n|t:|1697755265\n|switch|p2a: Clodsire|Clodsire, M, shiny|100\/100\n|-damage|p2a: Clodsire|94\/100|[from] Stealth Rock\n|turn|23\n|\n|t:|1697755278\n|move|p1a: Greninja|Focus Blast|p2a: Clodsire|[miss]\n|-miss|p1a: Greninja|p2a: Clodsire\n|move|p2a: Clodsire|Amnesia|p2a: Clodsire\n|-boost|p2a: Clodsire|spd|2\n|\n|-damage|p1a: Greninja|51\/100 tox|[from] psn\n|upkeep\n|turn|24\n|\n|t:|1697755285\n|move|p1a: Greninja|Focus Blast|p2a: Clodsire\n|-resisted|p2a: Clodsire\n|-damage|p2a: Clodsire|83\/100\n|move|p2a: Clodsire|Amnesia|p2a: Clodsire\n|-boost|p2a: Clodsire|spd|2\n|\n|-damage|p1a: Greninja|33\/100 tox|[from] psn\n|upkeep\n|turn|25\n|-message|50UP forfeited.\n|\n|win|Yurabeach\n|raw|50UP's rating: 1345 &rarr; <strong>1319<\/strong><br \/>(-26 for losing)\n|raw|Yurabeach's rating: 1244 &rarr; <strong>1276<\/strong><br \/>(+32 for winning)\n|l|\u260650UP\n","uploadtime":1697755295,"views":5,"p1id":"50up","p2id":"yurabeach","formatid":"gen9anythinggoes","rating":1276,"private":0,"password":""}