{"id":"gen9anythinggoes-1992238739","p1":"Klitschkuh","p2":"michpanta","format":"[Gen 9] Anything Goes","log":"|j|\u2606Klitschkuh\n|j|\u2606michpanta\n|t:|1700166645\n|gametype|singles\n|player|p1|Klitschkuh|266|\n|player|p2|michpanta|ethan|\n|teamsize|p1|6\n|teamsize|p2|6\n|gen|9\n|tier|[Gen 9] Anything Goes\n|rule|HP Percentage Mod: HP is shown in percentages\n|rule|Endless Battle Clause: Forcing endless battles is banned\n|clearpoke\n|poke|p1|Weezing-Galar, M|\n|poke|p1|Iron Bundle|\n|poke|p1|Kleavor, F|\n|poke|p1|Arboliva, M|\n|poke|p1|Thundurus-Therian, M|\n|poke|p1|Conkeldurr, F|\n|poke|p2|Snorlax, M|\n|poke|p2|Avalugg, F|\n|poke|p2|Toedscruel, F|\n|poke|p2|Gholdengo|\n|poke|p2|Cetitan, F|\n|poke|p2|Ninetales-Alola, F|\n|teampreview\n|\n|t:|1700166716\n|start\n|switch|p1a: Panda|Kleavor, F|100\/100\n|switch|p2a: Avalugg|Avalugg, F|100\/100\n|turn|1\n|\n|t:|1700166736\n|-terastallize|p2a: Avalugg|Fairy\n|move|p1a: Panda|Stone Axe|p2a: Avalugg\n|-damage|p2a: Avalugg|77\/100\n|-damage|p1a: Panda|84\/100|[from] item: Rocky Helmet|[of] p2a: Avalugg\n|-sidestart|p2: michpanta|move: Stealth Rock\n|move|p2a: Avalugg|Heavy Slam|p1a: Panda\n|-supereffective|p1a: Panda\n|-damage|p1a: Panda|9\/100\n|\n|upkeep\n|turn|2\n|\n|t:|1700166749\n|switch|p1a: Panther|Weezing-Galar, M|100\/100\n|move|p2a: Avalugg|Rapid Spin|p1a: Panther\n|-damage|p1a: Panther|92\/100\n|-boost|p2a: Avalugg|spe|1\n|-damage|p2a: Avalugg|60\/100|[from] item: Rocky Helmet|[of] p1a: Panther\n|-sideend|p2: michpanta|Stealth Rock|[from] move: Rapid Spin|[of] p2a: Avalugg\n|\n|upkeep\n|turn|3\n|\n|t:|1700166764\n|switch|p2a: Gholdengo|Gholdengo|100\/100\n|move|p1a: Panther|Toxic|p2a: Gholdengo\n|-immune|p2a: Gholdengo|[from] ability: Good as Gold\n|\n|upkeep\n|turn|4\n|\n|t:|1700166784\n|switch|p1a: Panter|Arboliva, M|100\/100\n|move|p2a: Gholdengo|Make It Rain|p1a: Panter\n|-damage|p1a: Panter|70\/100\n|-unboost|p2a: Gholdengo|spa|1\n|\n|upkeep\n|turn|5\n|\n|t:|1700166798\n|move|p2a: Gholdengo|Nasty Plot|p2a: Gholdengo\n|-boost|p2a: Gholdengo|spa|2\n|move|p1a: Panter|Leech Seed|p2a: Gholdengo\n|-immune|p2a: Gholdengo|[from] ability: Good as Gold\n|\n|upkeep\n|turn|6\n|\n|t:|1700166809\n|move|p2a: Gholdengo|Nasty Plot|p2a: Gholdengo\n|-boost|p2a: Gholdengo|spa|2\n|move|p1a: Panter|Earth Power|p2a: Gholdengo\n|-supereffective|p2a: Gholdengo\n|-damage|p2a: Gholdengo|61\/100\n|\n|-heal|p2a: Gholdengo|67\/100|[from] item: Leftovers\n|upkeep\n|turn|7\n|\n|t:|1700166821\n|move|p2a: Gholdengo|Make It Rain|p1a: Panter\n|-damage|p1a: Panter|0 fnt\n|-unboost|p2a: Gholdengo|spa|1\n|faint|p1a: Panter\n|\n|-heal|p2a: Gholdengo|73\/100|[from] item: Leftovers\n|upkeep\n|\n|t:|1700166853\n|switch|p1a: Fanta|Thundurus-Therian, M|100\/100\n|turn|8\n|\n|t:|1700166890\n|move|p1a: Fanta|Dark Pulse|p2a: Gholdengo\n|-supereffective|p2a: Gholdengo\n|-damage|p2a: Gholdengo|16\/100\n|-damage|p1a: Fanta|91\/100|[from] item: Life Orb\n|move|p2a: Gholdengo|Shadow Ball|p1a: Fanta\n|-damage|p1a: Fanta|7\/100\n|\n|-heal|p2a: Gholdengo|22\/100|[from] item: Leftovers\n|upkeep\n|turn|9\n|\n|t:|1700166911\n|switch|p2a: Ninetales|Ninetales-Alola, F|100\/100\n|move|p1a: Fanta|Discharge|p2a: Ninetales\n|-damage|p2a: Ninetales|44\/100\n|-status|p2a: Ninetales|par\n|-damage|p1a: Fanta|0 fnt|[from] item: Life Orb\n|faint|p1a: Fanta\n|\n|upkeep\n|\n|t:|1700166937\n|switch|p1a: Panda|Kleavor, F|9\/100\n|turn|10\n|\n|t:|1700166944\n|switch|p2a: Avalugg|Avalugg, F, tera:Fairy|60\/100\n|move|p1a: Panda|X-Scissor|p2a: Avalugg\n|-resisted|p2a: Avalugg\n|-damage|p2a: Avalugg|48\/100\n|-damage|p1a: Panda|0 fnt|[from] item: Rocky Helmet|[of] p2a: Avalugg\n|faint|p1a: Panda\n|\n|upkeep\n|\n|t:|1700166954\n|switch|p1a: Panther|Weezing-Galar, M|92\/100\n|turn|11\n|\n|t:|1700166961\n|switch|p2a: Gholdengo|Gholdengo|22\/100\n|move|p1a: Panther|Flamethrower|p2a: Gholdengo\n|-supereffective|p2a: Gholdengo\n|-damage|p2a: Gholdengo|0 fnt\n|faint|p2a: Gholdengo\n|\n|upkeep\n|\n|t:|1700166974\n|switch|p2a: Snorlax|Snorlax, M|100\/100\n|turn|12\n|\n|t:|1700166996\n|switch|p1a: Michiiii|Conkeldurr, F|100\/100\n|move|p2a: Snorlax|Body Slam|p1a: Michiiii\n|-damage|p1a: Michiiii|73\/100\n|\n|-status|p1a: Michiiii|brn|[from] item: Flame Orb\n|upkeep\n|turn|13\n|\n|t:|1700167011\n|switch|p2a: Avalugg|Avalugg, F, tera:Fairy|48\/100\n|move|p1a: Michiiii|Facade|p2a: Avalugg\n|-damage|p2a: Avalugg|15\/100\n|-damage|p1a: Michiiii|57\/100 brn|[from] item: Rocky Helmet|[of] p2a: Avalugg\n|\n|-damage|p1a: Michiiii|51\/100 brn|[from] brn\n|upkeep\n|turn|14\n|\n|t:|1700167023\n|switch|p1a: Panther|Weezing-Galar, M|92\/100\n|move|p2a: Avalugg|Recover|p2a: Avalugg\n|-heal|p2a: Avalugg|65\/100\n|\n|upkeep\n|turn|15\n|\n|t:|1700167031\n|move|p1a: Panther|Toxic|p2a: Avalugg\n|-status|p2a: Avalugg|tox\n|move|p2a: Avalugg|Heavy Slam|p1a: Panther\n|-supereffective|p1a: Panther\n|-damage|p1a: Panther|53\/100\n|-damage|p2a: Avalugg|48\/100 tox|[from] item: Rocky Helmet|[of] p1a: Panther\n|\n|-damage|p2a: Avalugg|42\/100 tox|[from] psn\n|upkeep\n|turn|16\n|\n|t:|1700167044\n|move|p1a: Panther|Strange Steam|p2a: Avalugg\n|-damage|p2a: Avalugg|4\/100 tox\n|move|p2a: Avalugg|Recover|p2a: Avalugg\n|-heal|p2a: Avalugg|54\/100 tox\n|\n|-damage|p2a: Avalugg|42\/100 tox|[from] psn\n|upkeep\n|turn|17\n|\n|t:|1700167058\n|switch|p2a: Toedscruel|Toedscruel, F|100\/100\n|move|p1a: Panther|Strange Steam|p2a: Toedscruel\n|-damage|p2a: Toedscruel|84\/100\n|\n|upkeep\n|turn|18\n|\n|t:|1700167072\n|move|p1a: Panther|Flamethrower|p2a: Toedscruel\n|-supereffective|p2a: Toedscruel\n|-damage|p2a: Toedscruel|59\/100\n|move|p2a: Toedscruel|Leech Seed|p1a: Panther\n|-start|p1a: Panther|move: Leech Seed\n|\n|-damage|p1a: Panther|40\/100|[from] Leech Seed|[of] p2a: Toedscruel\n|-heal|p2a: Toedscruel|74\/100|[silent]\n|upkeep\n|turn|19\n|\n|t:|1700167135\n|switch|p1a: Panta|Iron Bundle|100\/100\n|move|p2a: Toedscruel|Spikes|p1a: Panta\n|-sidestart|p1: Klitschkuh|Spikes\n|\n|upkeep\n|turn|20\n|c|\u2606michpanta|Vulnona klassich die F\u00e4higkeit verkackt\n|\n|t:|1700167152\n|switch|p2a: Snorlax|Snorlax, M|100\/100\n|move|p1a: Panta|Ice Beam|p2a: Snorlax\n|-damage|p2a: Snorlax|84\/100\n|\n|upkeep\n|turn|21\n|\n|t:|1700167160\n|-end|p1a: Panta|Quark Drive|[silent]\n|switch|p1a: Panther|Weezing-Galar, M|40\/100\n|move|p2a: Snorlax|Thunderbolt|p1a: Panther\n|-damage|p1a: Panther|18\/100\n|\n|upkeep\n|turn|22\n|\n|t:|1700167171\n|move|p1a: Panther|Strange Steam|p2a: Snorlax\n|-damage|p2a: Snorlax|72\/100\n|move|p2a: Snorlax|Thunderbolt|p1a: Panther\n|-damage|p1a: Panther|0 fnt\n|faint|p1a: Panther\n|\n|upkeep\n|\n|t:|1700167179\n|switch|p1a: Michiiii|Conkeldurr, F|51\/100 brn\n|-damage|p1a: Michiiii|38\/100 brn|[from] Spikes\n|turn|23\n|\n|t:|1700167191\n|switch|p2a: Avalugg|Avalugg, F, tera:Fairy|42\/100 tox\n|move|p1a: Michiiii|Drain Punch|p2a: Avalugg\n|-resisted|p2a: Avalugg\n|-damage|p2a: Avalugg|27\/100 tox\n|-heal|p1a: Michiiii|45\/100 brn|[from] drain|[of] p2a: Avalugg\n|-damage|p1a: Michiiii|29\/100 brn|[from] item: Rocky Helmet|[of] p2a: Avalugg\n|\n|-damage|p2a: Avalugg|21\/100 tox|[from] psn\n|-damage|p1a: Michiiii|23\/100 brn|[from] brn\n|upkeep\n|turn|24\n|\n|t:|1700167206\n|move|p1a: Michiiii|Facade|p2a: Avalugg\n|-damage|p2a: Avalugg|0 fnt\n|-damage|p1a: Michiiii|6\/100 brn|[from] item: Rocky Helmet|[of] p2a: Avalugg\n|faint|p2a: Avalugg\n|\n|-damage|p1a: Michiiii|0 fnt|[from] brn\n|faint|p1a: Michiiii\n|upkeep\n|\n|t:|1700167215\n|switch|p1a: Panta|Iron Bundle|100\/100\n|switch|p2a: Snorlax|Snorlax, M|72\/100\n|-damage|p1a: Panta|88\/100|[from] Spikes\n|turn|25\n|\n|t:|1700167223\n|move|p1a: Panta|Hydro Pump|p2a: Snorlax\n|-damage|p2a: Snorlax|30\/100\n|move|p2a: Snorlax|Thunderbolt|p1a: Panta\n|-supereffective|p1a: Panta\n|-damage|p1a: Panta|29\/100\n|\n|upkeep\n|turn|26\n|\n|t:|1700167233\n|move|p1a: Panta|Hydro Pump|p2a: Snorlax\n|-crit|p2a: Snorlax\n|-damage|p2a: Snorlax|0 fnt\n|faint|p2a: Snorlax\n|\n|upkeep\n|\n|t:|1700167239\n|switch|p2a: Cetitan|Cetitan, F|100\/100\n|turn|27\n|\n|t:|1700167246\n|move|p1a: Panta|Hydro Pump|p2a: Cetitan\n|-damage|p2a: Cetitan|0 fnt\n|faint|p2a: Cetitan\n|\n|upkeep\n|\n|t:|1700167251\n|switch|p2a: Ninetales|Ninetales-Alola, F|44\/100 par\n|turn|28\n|\n|t:|1700167254\n|move|p1a: Panta|Hydro Pump|p2a: Ninetales\n|-damage|p2a: Ninetales|0 fnt\n|faint|p2a: Ninetales\n|\n|upkeep\n|\n|t:|1700167258\n|switch|p2a: Toedscruel|Toedscruel, F|74\/100\n|turn|29\n|\n|t:|1700167262\n|move|p1a: Panta|Hydro Pump|p2a: Toedscruel\n|-damage|p2a: Toedscruel|20\/100\n|move|p2a: Toedscruel|Earth Power|p1a: Panta\n|-damage|p1a: Panta|0 fnt\n|faint|p1a: Panta\n|-end|p1a: Panta|Quark Drive|[silent]\n|\n|win|michpanta\n|c|\u2606michpanta|gg\n|l|\u2606Klitschkuh\n","uploadtime":1700167315,"views":22,"p1id":"klitschkuh","p2id":"michpanta","formatid":"gen9anythinggoes","rating":0,"private":0,"password":""}