{"id":"gen9anythinggoes-1984334414","p1":"The King Dorko","p2":"AltaltLyly","format":"[Gen 9] Anything Goes","log":"|j|\u2606The King Dorko\n|j|\u2606AltaltLyly\n|t:|1699245277\n|gametype|singles\n|player|p1|The King Dorko|giovanni|\n|player|p2|AltaltLyly|winona|\n|teamsize|p1|6\n|teamsize|p2|6\n|gen|9\n|tier|[Gen 9] Anything Goes\n|rule|HP Percentage Mod: HP is shown in percentages\n|rule|Endless Battle Clause: Forcing endless battles is banned\n|clearpoke\n|poke|p1|Iron Valiant|\n|poke|p1|Dragapult, M|\n|poke|p1|Electrode|\n|poke|p1|Cramorant, M|\n|poke|p1|Mienshao, F|\n|poke|p1|Spiritomb, M|\n|poke|p2|Alomomola, F|\n|poke|p2|Giratina|\n|poke|p2|Ninetales-Alola, F|\n|poke|p2|Delphox, F|\n|poke|p2|Glimmora, F|\n|poke|p2|Vikavolt, F|\n|teampreview\n|inactive|Battle timer is ON: inactive players will automatically lose when time's up. (requested by The King Dorko)\n|inactive|The King Dorko has 270 seconds left.\n|inactive|AltaltLyly has 270 seconds left.\n|\n|t:|1699245318\n|start\n|switch|p1a: Spiritomb|Spiritomb, M, shiny|100\/100\n|switch|p2a: Ninetales|Ninetales-Alola, F, shiny|100\/100\n|-weather|Snow|[from] ability: Snow Warning|[of] p2a: Ninetales\n|turn|1\n|\n|t:|1699245346\n|move|p2a: Ninetales|Moonblast|p1a: Spiritomb\n|-supereffective|p1a: Spiritomb\n|-damage|p1a: Spiritomb|31\/100\n|-unboost|p1a: Spiritomb|spa|1\n|move|p1a: Spiritomb|Trick|p2a: Ninetales\n|-activate|p1a: Spiritomb|move: Trick|[of] p2a: Ninetales\n|-item|p2a: Ninetales|Choice Scarf|[from] move: Trick\n|-item|p1a: Spiritomb|Choice Scarf|[from] move: Trick\n|\n|-weather|Snow|[upkeep]\n|upkeep\n|turn|2\n|inactive|The King Dorko has 270 seconds left.\n|c|\u2606AltaltLyly|New scarf!\n|inactive|The King Dorko has 240 seconds left.\n|inactive|The King Dorko has 210 seconds left.\n|inactive|AltaltLyly has 270 seconds left.\n|\n|t:|1699245464\n|switch|p2a: Delphox|Delphox, F, shiny|100\/100\n|switch|p1a: Mienshao|Mienshao, F, shiny|100\/100\n|\n|-weather|Snow|[upkeep]\n|upkeep\n|turn|3\n|inactive|AltaltLyly has 270 seconds left.\n|\n|t:|1699245479\n|-terastallize|p2a: Delphox|Fairy\n|move|p1a: Mienshao|Stone Edge|p2a: Delphox\n|-damage|p2a: Delphox|36\/100\n|move|p2a: Delphox|Dazzling Gleam|p1a: Mienshao\n|-supereffective|p1a: Mienshao\n|-damage|p1a: Mienshao|0 fnt\n|faint|p1a: Mienshao\n|\n|-weather|Snow|[upkeep]\n|upkeep\n|inactive|The King Dorko has 180 seconds left.\n|\n|t:|1699245497\n|switch|p1a: Electrode|Electrode, shiny|100\/100\n|turn|4\n|\n|t:|1699245507\n|switch|p2a: Vikavolt|Vikavolt, F, shiny|100\/100\n|move|p1a: Electrode|Light Screen|p1a: Electrode\n|-sidestart|p1: The King Dorko|move: Light Screen\n|\n|-weather|Snow|[upkeep]\n|upkeep\n|turn|5\n|\n|t:|1699245522\n|move|p1a: Electrode|Foul Play|p2a: Vikavolt\n|-damage|p2a: Vikavolt|84\/100\n|move|p2a: Vikavolt|Bug Buzz|p1a: Electrode\n|-damage|p1a: Electrode|67\/100\n|\n|-weather|none\n|upkeep\n|turn|6\n|\n|t:|1699245533\n|move|p1a: Electrode|Volt Switch|p2a: Vikavolt\n|-resisted|p2a: Vikavolt\n|-damage|p2a: Vikavolt|77\/100\n|\n|t:|1699245551\n|switch|p1a: Dragapult|Dragapult, M, shiny|100\/100|[from] Volt Switch\n|move|p2a: Vikavolt|Discharge|p1a: Dragapult\n|-resisted|p1a: Dragapult\n|-damage|p1a: Dragapult|83\/100\n|-status|p1a: Dragapult|par\n|\n|-heal|p1a: Dragapult|89\/100 par|[from] item: Leftovers\n|upkeep\n|turn|7\n|c|\u2606The King Dorko|ooof that para sucks\n|inactive|The King Dorko has 180 seconds left.\n|inactive|AltaltLyly has 270 seconds left.\n|\n|t:|1699245575\n|switch|p2a: Alomomola|Alomomola, F, shiny|100\/100\n|move|p1a: Dragapult|Dragon Dance|p1a: Dragapult\n|-boost|p1a: Dragapult|atk|1\n|-boost|p1a: Dragapult|spe|1\n|\n|-heal|p1a: Dragapult|95\/100 par|[from] item: Leftovers\n|upkeep\n|turn|8\n|inactive|AltaltLyly has 270 seconds left.\n|\n|t:|1699245588\n|move|p1a: Dragapult|Substitute|p1a: Dragapult\n|-start|p1a: Dragapult|Substitute\n|-damage|p1a: Dragapult|70\/100 par\n|move|p2a: Alomomola|Play Rough|p1a: Dragapult\n|-supereffective|p1a: Dragapult\n|-end|p1a: Dragapult|Substitute\n|\n|-heal|p1a: Dragapult|76\/100 par|[from] item: Leftovers\n|upkeep\n|turn|9\n|inactive|AltaltLyly has 270 seconds left.\n|\n|t:|1699245600\n|switch|p1a: Electrode|Electrode, shiny|67\/100\n|move|p2a: Alomomola|Wish|p2a: Alomomola\n|\n|upkeep\n|turn|10\n|inactive|AltaltLyly has 270 seconds left.\n|\n|t:|1699245611\n|switch|p2a: Vikavolt|Vikavolt, F, shiny|77\/100\n|move|p1a: Electrode|Thunder Wave|p2a: Vikavolt\n|-immune|p2a: Vikavolt\n|\n|-heal|p2a: Vikavolt|100\/100|[from] move: Wish|[wisher] Alomomola\n|upkeep\n|turn|11\n|inactive|AltaltLyly has 270 seconds left.\n|\n|t:|1699245626\n|move|p1a: Electrode|Foul Play|p2a: Vikavolt\n|-damage|p2a: Vikavolt|86\/100\n|move|p2a: Vikavolt|Bug Buzz|p1a: Electrode\n|-damage|p1a: Electrode|30\/100\n|\n|-sideend|p1: The King Dorko|move: Light Screen\n|upkeep\n|turn|12\n|inactive|AltaltLyly has 270 seconds left.\n|\n|t:|1699245652\n|move|p1a: Electrode|Light Screen|p1a: Electrode\n|-sidestart|p1: The King Dorko|move: Light Screen\n|move|p2a: Vikavolt|Bug Buzz|p1a: Electrode\n|-damage|p1a: Electrode|0 fnt\n|faint|p1a: Electrode\n|\n|upkeep\n|\n|t:|1699245676\n|switch|p1a: Dragapult|Dragapult, M, shiny|76\/100 par\n|turn|13\n|c|\u2606AltaltLyly|I was banking on it lol\n|\n|t:|1699245683\n|move|p1a: Dragapult|Dragon Dance|p1a: Dragapult\n|-boost|p1a: Dragapult|atk|1\n|-boost|p1a: Dragapult|spe|1\n|move|p2a: Vikavolt|Air Slash|p1a: Dragapult|[miss]\n|-miss|p2a: Vikavolt|p1a: Dragapult\n|\n|-heal|p1a: Dragapult|82\/100 par|[from] item: Leftovers\n|upkeep\n|turn|14\n|inactive|AltaltLyly has 270 seconds left.\n|\n|t:|1699245694\n|switch|p2a: Ninetales|Ninetales-Alola, F, shiny|100\/100\n|-weather|Snow|[from] ability: Snow Warning|[of] p2a: Ninetales\n|move|p1a: Dragapult|Dragon Dance|p1a: Dragapult\n|-boost|p1a: Dragapult|atk|1\n|-boost|p1a: Dragapult|spe|1\n|\n|-weather|Snow|[upkeep]\n|-heal|p1a: Dragapult|88\/100 par|[from] item: Leftovers\n|upkeep\n|turn|15\n|inactive|The King Dorko has 210 seconds left.\n|inactive|AltaltLyly has 270 seconds left.\n|\n|t:|1699245705\n|move|p2a: Ninetales|Blizzard|p1a: Dragapult\n|-supereffective|p1a: Dragapult\n|-damage|p1a: Dragapult|36\/100 par\n|move|p1a: Dragapult|Phantom Force||[still]\n|-prepare|p1a: Dragapult|Phantom Force\n|\n|-weather|Snow|[upkeep]\n|-heal|p1a: Dragapult|42\/100 par|[from] item: Leftovers\n|upkeep\n|turn|16\n|\n|t:|1699245715\n|switch|p2a: Alomomola|Alomomola, F, shiny|100\/100\n|move|p1a: Dragapult|Phantom Force|p2a: Alomomola|[from]lockedmove\n|-damage|p2a: Alomomola|46\/100\n|\n|-weather|Snow|[upkeep]\n|-heal|p1a: Dragapult|48\/100 par|[from] item: Leftovers\n|-heal|p2a: Alomomola|53\/100|[from] item: Leftovers\n|upkeep\n|turn|17\n|\n|t:|1699245724\n|move|p1a: Dragapult|Dragon Darts|p2a: Alomomola\n|-damage|p2a: Alomomola|18\/100\n|-anim|p1a: Dragapult|Dragon Darts|p2a: Alomomola\n|-damage|p2a: Alomomola|0 fnt\n|faint|p2a: Alomomola\n|\n|-weather|Snow|[upkeep]\n|-heal|p1a: Dragapult|54\/100 par|[from] item: Leftovers\n|upkeep\n|\n|t:|1699245734\n|switch|p2a: Ninetales|Ninetales-Alola, F, shiny|100\/100\n|turn|18\n|\n|t:|1699245743\n|move|p2a: Ninetales|Moonblast|p1a: Dragapult\n|-supereffective|p1a: Dragapult\n|-damage|p1a: Dragapult|7\/100 par\n|move|p1a: Dragapult|Dragon Dance|p1a: Dragapult\n|-boost|p1a: Dragapult|atk|1\n|-boost|p1a: Dragapult|spe|1\n|\n|-weather|none\n|-heal|p1a: Dragapult|13\/100 par|[from] item: Leftovers\n|upkeep\n|turn|19\n|\n|t:|1699245753\n|move|p2a: Ninetales|Moonblast|p1a: Dragapult\n|-supereffective|p1a: Dragapult\n|-damage|p1a: Dragapult|0 fnt\n|faint|p1a: Dragapult\n|\n|-sideend|p1: The King Dorko|move: Light Screen\n|upkeep\n|inactive|The King Dorko has 210 seconds left.\n|c|\u2606The King Dorko|damn nat+1 pult outsped by +1 tails..?\n|\n|t:|1699245807\n|switch|p1a: Cramorant|Cramorant, M, shiny|100\/100\n|turn|20\n|c|\u2606AltaltLyly|With para\n|c|\u2606AltaltLyly|And yeah I made nine faster by a few points\n|inactive|The King Dorko has 180 seconds left.\n|\n|t:|1699245833\n|switch|p2a: Glimmora|Glimmora, F, shiny|100\/100\n|move|p1a: Cramorant|Surf|p2a: Glimmora\n|-formechange|p1a: Cramorant|Cramorant-Gulping|\n|-supereffective|p2a: Glimmora\n|-damage|p2a: Glimmora|42\/100\n|\n|-heal|p2a: Glimmora|48\/100|[from] item: Leftovers\n|upkeep\n|turn|21\n|inactive|The King Dorko has 180 seconds left.\n|c|\u2606The King Dorko|well para yeah but i got to +1 after that last dance\n|\n|t:|1699245852\n|move|p2a: Glimmora|Power Gem|p1a: Cramorant\n|-supereffective|p1a: Cramorant\n|-damage|p1a: Cramorant|45\/100\n|-damage|p2a: Glimmora|23\/100|[from] ability: Gulp Missile|[of] p1a: Cramorant\n|-unboost|p2a: Glimmora|def|1\n|-formechange|p1a: Cramorant|Cramorant|\n|move|p1a: Cramorant|Tailwind|p1a: Cramorant\n|-sidestart|p1: The King Dorko|move: Tailwind\n|\n|-heal|p2a: Glimmora|29\/100|[from] item: Leftovers\n|upkeep\n|turn|22\n|\n|t:|1699245864\n|move|p1a: Cramorant|Surf|p2a: Glimmora\n|-formechange|p1a: Cramorant|Cramorant-Gorging|\n|-supereffective|p2a: Glimmora\n|-damage|p2a: Glimmora|0 fnt\n|faint|p2a: Glimmora\n|\n|upkeep\n|c|\u2606The King Dorko|ooh the chu\n|inactive|AltaltLyly has 270 seconds left.\n|\n|t:|1699245877\n|switch|p2a: Vikavolt|Vikavolt, F, shiny|86\/100\n|turn|23\n|inactive|AltaltLyly has 270 seconds left.\n|inactive|The King Dorko has 180 seconds left.\n|c|\u2606The King Dorko|if i swap does he keep the chu in.?\n|c|\u2606AltaltLyly|No\n|inactive|The King Dorko has 150 seconds left.\n|c|\u2606The King Dorko|lol heard\n|\n|t:|1699245933\n|-terastallize|p1a: Cramorant|Steel\n|move|p1a: Cramorant|Roost|p1a: Cramorant\n|-heal|p1a: Cramorant|95\/100\n|move|p2a: Vikavolt|Air Slash|p1a: Cramorant\n|-resisted|p1a: Cramorant\n|-damage|p1a: Cramorant|83\/100\n|-damage|p2a: Vikavolt|61\/100|[from] ability: Gulp Missile|[of] p1a: Cramorant\n|-formechange|p1a: Cramorant|Cramorant|\n|\n|upkeep\n|turn|24\n|inactive|The King Dorko has 150 seconds left.\n|\n|t:|1699245944\n|move|p1a: Cramorant|Surf|p2a: Vikavolt\n|-formechange|p1a: Cramorant|Cramorant-Gulping|\n|-damage|p2a: Vikavolt|42\/100\n|move|p2a: Vikavolt|Discharge|p1a: Cramorant\n|-damage|p1a: Cramorant|49\/100\n|-damage|p2a: Vikavolt|17\/100|[from] ability: Gulp Missile|[of] p1a: Cramorant\n|-unboost|p2a: Vikavolt|def|1\n|-formechange|p1a: Cramorant|Cramorant|\n|\n|-sideend|p1: The King Dorko|move: Tailwind\n|upkeep\n|turn|25\n|inactive|The King Dorko has 150 seconds left.\n|\n|t:|1699245959\n|move|p1a: Cramorant|Tailwind|p1a: Cramorant\n|-sidestart|p1: The King Dorko|move: Tailwind\n|move|p2a: Vikavolt|Discharge|p1a: Cramorant\n|-damage|p1a: Cramorant|14\/100\n|\n|upkeep\n|turn|26\n|\n|t:|1699245965\n|move|p1a: Cramorant|Surf|p2a: Vikavolt\n|-formechange|p1a: Cramorant|Cramorant-Gorging|\n|-damage|p2a: Vikavolt|0 fnt\n|faint|p2a: Vikavolt\n|\n|upkeep\n|\n|t:|1699245972\n|switch|p2a: Giratina|Giratina, shiny|100\/100\n|-ability|p2a: Giratina|Pressure\n|turn|27\n|c|\u2606The King Dorko|well well well we here again lol\n|\n|t:|1699245986\n|move|p2a: Giratina|Shadow Sneak|p1a: Cramorant\n|-damage|p1a: Cramorant|0 fnt\n|-damage|p2a: Giratina|75\/100|[from] ability: Gulp Missile|[of] p1a: Cramorant\n|-status|p2a: Giratina|par\n|-formechange|p1a: Cramorant|Cramorant|\n|faint|p1a: Cramorant\n|\n|upkeep\n|\n|t:|1699246001\n|switch|p1a: Iron Valiant|Iron Valiant, shiny|100\/100\n|-enditem|p1a: Iron Valiant|Booster Energy\n|-activate|p1a: Iron Valiant|ability: Quark Drive|[fromitem]\n|-start|p1a: Iron Valiant|quarkdrivespe\n|turn|28\n|\n|t:|1699246012\n|cant|p2a: Giratina|par\n|move|p1a: Iron Valiant|Charge Beam|p2a: Giratina\n|-resisted|p2a: Giratina\n|-damage|p2a: Giratina|71\/100 par\n|-boost|p1a: Iron Valiant|spa|1\n|\n|-sideend|p1: The King Dorko|move: Tailwind\n|upkeep\n|turn|29\n|c|\u2606AltaltLyly|Endgame\n|\n|t:|1699246030\n|cant|p2a: Giratina|par\n|move|p1a: Iron Valiant|Moonblast|p2a: Giratina\n|-supereffective|p2a: Giratina\n|-damage|p2a: Giratina|0 fnt\n|faint|p2a: Giratina\n|\n|upkeep\n|\n|t:|1699246052\n|switch|p2a: Ninetales|Ninetales-Alola, F, shiny|100\/100\n|-weather|Snow|[from] ability: Snow Warning|[of] p2a: Ninetales\n|turn|30\n|c|\u2606The King Dorko|yeah i highly highly doubt he brings charge beam but juuuust in case\n|\n|t:|1699246067\n|move|p1a: Iron Valiant|Moonblast|p2a: Ninetales\n|-damage|p2a: Ninetales|18\/100\n|move|p2a: Ninetales|Blizzard|p1a: Iron Valiant\n|-damage|p1a: Iron Valiant|31\/100\n|\n|-weather|Snow|[upkeep]\n|upkeep\n|turn|31\n|c|\u2606The King Dorko|i think moonblast killed me\n|\n|t:|1699246084\n|move|p1a: Iron Valiant|Moonblast|p2a: Ninetales\n|-damage|p2a: Ninetales|0 fnt\n|faint|p2a: Ninetales\n|\n|-weather|Snow|[upkeep]\n|upkeep\n|\n|t:|1699246090\n|switch|p2a: Delphox|Delphox, F, shiny, tera:Fairy|36\/100\n|turn|32\n|\n|t:|1699246096\n|move|p1a: Iron Valiant|Moonblast|p2a: Delphox\n|-damage|p2a: Delphox|0 fnt\n|faint|p2a: Delphox\n|\n|win|The King Dorko\n","uploadtime":1699246101,"views":3,"p1id":"thekingdorko","p2id":"altaltlyly","formatid":"gen9anythinggoes","rating":0,"private":0,"password":""}