{"id":"gen9anythinggoes-1992544189","p1":"MrMimeIsMrKetchum","p2":"turbulenttoccata","format":"[Gen 9] Anything Goes","log":"|j|\u2606MrMimeIsMrKetchum\n|j|\u2606turbulenttoccata\n|t:|1700202917\n|gametype|singles\n|player|p1|MrMimeIsMrKetchum|swimmerf-gen4|1157\n|player|p2|turbulenttoccata|roxie|1143\n|teamsize|p1|1\n|teamsize|p2|6\n|gen|9\n|tier|[Gen 9] Anything Goes\n|rated|\n|rule|HP Percentage Mod: HP is shown in percentages\n|rule|Endless Battle Clause: Forcing endless battles is banned\n|clearpoke\n|poke|p1|Scovillain, M|\n|poke|p2|Klawf, M|\n|poke|p2|Grafaiai, F|\n|poke|p2|Forretress, M|\n|poke|p2|Dudunsparce-*, F|\n|poke|p2|Mew|\n|poke|p2|Scovillain, M|\n|teampreview\n|inactive|Battle timer is ON: inactive players will automatically lose when time's up. (requested by MrMimeIsMrKetchum)\n|\n|t:|1700202930\n|start\n|switch|p1a: Scovillain|Scovillain, M, shiny|100\/100\n|switch|p2a: Grafaiai|Grafaiai, F|100\/100\n|turn|1\n|\n|t:|1700202938\n|move|p1a: Scovillain|Protect|p1a: Scovillain\n|-singleturn|p1a: Scovillain|Protect\n|move|p2a: Grafaiai|Swords Dance|p2a: Grafaiai\n|-boost|p2a: Grafaiai|atk|2\n|\n|-ability|p1a: Scovillain|Moody|boost\n|-boost|p1a: Scovillain|spe|2\n|-unboost|p1a: Scovillain|spa|1\n|upkeep\n|turn|2\n|\n|t:|1700202946\n|-terastallize|p1a: Scovillain|Fire\n|move|p1a: Scovillain|Leech Seed|p2a: Grafaiai\n|-start|p2a: Grafaiai|move: Leech Seed\n|move|p2a: Grafaiai|Encore|p1a: Scovillain\n|-start|p1a: Scovillain|Encore\n|\n|-damage|p2a: Grafaiai|88\/100|[from] Leech Seed|[of] p1a: Scovillain\n|-ability|p1a: Scovillain|Moody|boost\n|-boost|p1a: Scovillain|atk|2\n|-unboost|p1a: Scovillain|def|1\n|upkeep\n|turn|3\n|\n|t:|1700202955\n|move|p1a: Scovillain|Leech Seed||[still]\n|-fail|p1a: Scovillain\n|move|p2a: Grafaiai|Swords Dance|p2a: Grafaiai\n|-boost|p2a: Grafaiai|atk|2\n|\n|-damage|p2a: Grafaiai|76\/100|[from] Leech Seed|[of] p1a: Scovillain\n|-ability|p1a: Scovillain|Moody|boost\n|-boost|p1a: Scovillain|def|2\n|-unboost|p1a: Scovillain|spd|1\n|upkeep\n|turn|4\n|\n|t:|1700202964\n|move|p1a: Scovillain|Leech Seed||[still]\n|-fail|p1a: Scovillain\n|move|p2a: Grafaiai|Swords Dance|p2a: Grafaiai\n|-boost|p2a: Grafaiai|atk|2\n|\n|-damage|p2a: Grafaiai|63\/100|[from] Leech Seed|[of] p1a: Scovillain\n|-ability|p1a: Scovillain|Moody|boost\n|-boost|p1a: Scovillain|atk|2\n|-unboost|p1a: Scovillain|def|1\n|upkeep\n|turn|5\n|\n|t:|1700202973\n|move|p1a: Scovillain|Leech Seed||[still]\n|-fail|p1a: Scovillain\n|move|p2a: Grafaiai|Knock Off|p1a: Scovillain\n|-damage|p1a: Scovillain|0 fnt\n|-enditem|p1a: Scovillain|Leftovers|[from] move: Knock Off|[of] p2a: Grafaiai\n|faint|p1a: Scovillain\n|\n|win|turbulenttoccata\n|raw|MrMimeIsMrKetchum's rating: 1157 &rarr; <strong>1131<\/strong><br \/>(-26 for losing)\n|raw|turbulenttoccata's rating: 1143 &rarr; <strong>1169<\/strong><br \/>(+26 for winning)\n|l|\u2606MrMimeIsMrKetchum\n","uploadtime":1700202998,"views":26,"p1id":"mrmimeismrketchum","p2id":"turbulenttoccata","formatid":"gen9anythinggoes","rating":1131,"private":0,"password":""}