{"id":"gen9anythinggoes-1990747312","p1":"pbrake12","p2":"SuezGod","format":"[Gen 9] Anything Goes","log":"|j|\u2606pbrake12\n|j|\u2606SuezGod\n|t:|1699997051\n|gametype|singles\n|player|p1|pbrake12|hoopster|\n|player|p2|SuezGod|roughneck-gen4|\n|teamsize|p1|6\n|teamsize|p2|6\n|gen|9\n|tier|[Gen 9] Anything Goes\n|rule|HP Percentage Mod: HP is shown in percentages\n|rule|Endless Battle Clause: Forcing endless battles is banned\n|clearpoke\n|poke|p1|Munkidori, M|\n|poke|p1|Torterra, M|\n|poke|p1|Samurott-Hisui, M|\n|poke|p1|Ogerpon-Hearthflame, F|\n|poke|p1|Skeledirge, M|\n|poke|p1|Mandibuzz, F|\n|poke|p2|Garchomp, F|\n|poke|p2|Slowking-Galar, M|\n|poke|p2|Iron Hands|\n|poke|p2|Bisharp, M|\n|poke|p2|Clodsire, M|\n|poke|p2|Rotom-Mow|\n|teampreview\n|c|\u2606pbrake12|glglglglgl\n|c|\u2606SuezGod|gl\n|\n|t:|1699997069\n|start\n|switch|p1a: The Dark Side|Samurott-Hisui, M|100\/100\n|switch|p2a: Clodsire|Clodsire, M|100\/100\n|turn|1\n|\n|t:|1699997084\n|move|p1a: The Dark Side|Ceaseless Edge|p2a: Clodsire\n|-damage|p2a: Clodsire|54\/100\n|-sidestart|p2: SuezGod|Spikes\n|move|p2a: Clodsire|Spikes|p1a: The Dark Side\n|-sidestart|p1: pbrake12|Spikes\n|\n|-heal|p2a: Clodsire|60\/100|[from] item: Leftovers\n|upkeep\n|turn|2\n|\n|t:|1699997099\n|move|p1a: The Dark Side|Ceaseless Edge|p2a: Clodsire\n|-damage|p2a: Clodsire|13\/100\n|-sidestart|p2: SuezGod|Spikes\n|move|p2a: Clodsire|Yawn|p1a: The Dark Side\n|-start|p1a: The Dark Side|move: Yawn|[of] p2a: Clodsire\n|\n|-heal|p2a: Clodsire|19\/100|[from] item: Leftovers\n|upkeep\n|turn|3\n|\n|t:|1699997133\n|switch|p2a: Bisharp|Bisharp, M|100\/100\n|-damage|p2a: Bisharp|84\/100|[from] Spikes\n|move|p1a: The Dark Side|Ceaseless Edge|p2a: Bisharp\n|-resisted|p2a: Bisharp\n|-damage|p2a: Bisharp|63\/100\n|-sidestart|p2: SuezGod|Spikes\n|\n|-end|p1a: The Dark Side|move: Yawn|[silent]\n|-status|p1a: The Dark Side|slp\n|upkeep\n|turn|4\n|\n|t:|1699997155\n|cant|p1a: The Dark Side|slp\n|move|p2a: Bisharp|Iron Head|p1a: The Dark Side\n|-resisted|p1a: The Dark Side\n|-damage|p1a: The Dark Side|73\/100 slp\n|\n|upkeep\n|turn|5\n|\n|t:|1699997165\n|cant|p1a: The Dark Side|slp\n|move|p2a: Bisharp|Iron Head|p1a: The Dark Side\n|-resisted|p1a: The Dark Side\n|-damage|p1a: The Dark Side|46\/100 slp\n|\n|upkeep\n|turn|6\n|\n|t:|1699997170\n|-curestatus|p1a: The Dark Side|slp|[msg]\n|move|p1a: The Dark Side|Razor Shell|p2a: Bisharp\n|-damage|p2a: Bisharp|15\/100\n|-unboost|p2a: Bisharp|def|1\n|-ability|p2a: Bisharp|Defiant|boost\n|-boost|p2a: Bisharp|atk|2\n|move|p2a: Bisharp|Iron Head|p1a: The Dark Side\n|-resisted|p1a: The Dark Side\n|-damage|p1a: The Dark Side|0 fnt\n|faint|p1a: The Dark Side\n|\n|upkeep\n|\n|t:|1699997196\n|switch|p1a: bird brain|Mandibuzz, F|100\/100\n|turn|7\n|j| strabington\n|\n|t:|1699997228\n|switch|p2a: Rotom|Rotom-Mow|100\/100\n|move|p1a: bird brain|Foul Play|p2a: Rotom\n|-damage|p2a: Rotom|76\/100\n|\n|upkeep\n|turn|8\n|\n|t:|1699997247\n|move|p2a: Rotom|Discharge|p1a: bird brain\n|-supereffective|p1a: bird brain\n|-damage|p1a: bird brain|17\/100\n|move|p1a: bird brain|Roost|p1a: bird brain\n|-heal|p1a: bird brain|67\/100\n|-singleturn|p1a: bird brain|move: Roost\n|\n|upkeep\n|turn|9\n|\n|t:|1699997275\n|switch|p1a: The Landmark|Torterra, M|100\/100\n|-damage|p1a: The Landmark|88\/100|[from] Spikes\n|move|p2a: Rotom|Discharge|p1a: The Landmark\n|-immune|p1a: The Landmark\n|\n|upkeep\n|turn|10\n|\n|t:|1699997298\n|switch|p2a: Clodsire|Clodsire, M|19\/100\n|-damage|p2a: Clodsire|0 fnt|[from] Spikes\n|faint|p2a: Clodsire\n|move|p1a: The Landmark|Shell Smash|p1a: The Landmark\n|-unboost|p1a: The Landmark|def|1\n|-unboost|p1a: The Landmark|spd|1\n|-boost|p1a: The Landmark|atk|2\n|-boost|p1a: The Landmark|spa|2\n|-boost|p1a: The Landmark|spe|2\n|\n|upkeep\n|j| prrettyreverend69\n|\n|t:|1699997318\n|switch|p2a: Slowking|Slowking-Galar, M|100\/100\n|-damage|p2a: Slowking|76\/100|[from] Spikes\n|turn|11\n|\n|t:|1699997335\n|move|p1a: The Landmark|Headlong Rush|p2a: Slowking\n|-supereffective|p2a: Slowking\n|-damage|p2a: Slowking|0 fnt\n|-unboost|p1a: The Landmark|def|1\n|-unboost|p1a: The Landmark|spd|1\n|faint|p2a: Slowking\n|\n|upkeep\n|\n|t:|1699997352\n|switch|p2a: Iron Hands|Iron Hands|100\/100\n|turn|12\n|j| best dk\n|\n|t:|1699997361\n|move|p1a: The Landmark|Headlong Rush|p2a: Iron Hands\n|-supereffective|p2a: Iron Hands\n|-damage|p2a: Iron Hands|0 fnt\n|-unboost|p1a: The Landmark|def|1\n|-unboost|p1a: The Landmark|spd|1\n|faint|p2a: Iron Hands\n|-end|p2a: Iron Hands|Quark Drive|[silent]\n|\n|upkeep\n|\n|t:|1699997370\n|switch|p2a: Rotom|Rotom-Mow|76\/100\n|turn|13\n|c| best dk|Yoooo\n|c| prrettyreverend69|i was real close to drafting torterra\n|\n|t:|1699997389\n|move|p1a: The Landmark|Stone Edge|p2a: Rotom\n|-damage|p2a: Rotom|0 fnt\n|faint|p2a: Rotom\n|\n|upkeep\n|c| strabington|beast\n|c| prrettyreverend69|p your team is actually nuts\n|\n|t:|1699997393\n|switch|p2a: Garchomp|Garchomp, F|100\/100\n|-damage|p2a: Garchomp|76\/100|[from] Spikes\n|turn|14\n|\n|t:|1699997399\n|move|p1a: The Landmark|Headlong Rush|p2a: Garchomp\n|-damage|p2a: Garchomp|0 fnt\n|-unboost|p1a: The Landmark|def|1\n|-unboost|p1a: The Landmark|spd|1\n|-damage|p1a: The Landmark|76\/100|[from] ability: Rough Skin|[of] p2a: Garchomp\n|faint|p2a: Garchomp\n|\n|upkeep\n|\n|t:|1699997405\n|switch|p2a: Bisharp|Bisharp, M|15\/100\n|-damage|p2a: Bisharp|0 fnt|[from] Spikes\n|faint|p2a: Bisharp\n|\n|win|pbrake12\n|c| best dk|Damn\n|c|\u2606pbrake12|ggs\n|l|\u2606SuezGod\n","uploadtime":1699997417,"views":38,"p1id":"pbrake12","p2id":"suezgod","formatid":"gen9anythinggoes","rating":0,"private":0,"password":""}