{"id":"gen9anythinggoes-1974406459","p1":"jb291","p2":"Dregone","format":"[Gen 9] Anything Goes","log":"|j|\u2606jb291\n|j|\u2606Dregone\n|inactive|Battle timer is ON: inactive players will automatically lose when time's up.\n|t:|1698084455\n|gametype|singles\n|player|p1|jb291|korrina-masters|\n|player|p2|Dregone|cynthia-masters|\n|teamsize|p1|6\n|teamsize|p2|6\n|gen|9\n|tier|[Gen 9] Anything Goes\n|rated|Tournament battle\n|rule|HP Percentage Mod: HP is shown in percentages\n|rule|Endless Battle Clause: Forcing endless battles is banned\n|clearpoke\n|poke|p1|Alomomola, F|\n|poke|p1|Koraidon|\n|poke|p1|Calyrex-Shadow|\n|poke|p1|Ting-Lu|\n|poke|p1|Roaring Moon|\n|poke|p1|Arceus-Fairy|\n|poke|p2|Calyrex-Shadow|\n|poke|p2|Arceus-Poison|\n|poke|p2|Arceus-Ground|\n|poke|p2|Koraidon|\n|poke|p2|Arceus|\n|poke|p2|Arceus-Fairy|\n|teampreview\n|inactive|Dregone also wants the timer to be on.\n|inactive|jb291 also wants the timer to be on.\n|j| f1r35t0rm_96\n|c|\u2606Dregone|glhf\n|\n|t:|1698084470\n|start\n|switch|p1a: Arceus|Arceus-Fairy|100\/100\n|switch|p2a: Arceus|Arceus-Ground|100\/100\n|turn|1\n|\n|t:|1698084473\n|move|p2a: Arceus|Taunt|p1a: Arceus\n|-start|p1a: Arceus|move: Taunt\n|cant|p1a: Arceus|move: Taunt|Taunt\n|\n|upkeep\n|turn|2\n|\n|t:|1698084477\n|move|p2a: Arceus|Thunder Wave|p1a: Arceus\n|-status|p1a: Arceus|par\n|move|p1a: Arceus|Judgment|p2a: Arceus\n|-damage|p2a: Arceus|71\/100\n|\n|upkeep\n|turn|3\n|\n|t:|1698084481\n|move|p2a: Arceus|Stealth Rock|p1a: Arceus\n|-sidestart|p1: jb291|move: Stealth Rock\n|move|p1a: Arceus|Judgment|p2a: Arceus\n|-damage|p2a: Arceus|38\/100\n|\n|-end|p1a: Arceus|move: Taunt\n|upkeep\n|turn|4\n|\n|t:|1698084491\n|move|p2a: Arceus|Taunt|p1a: Arceus\n|-start|p1a: Arceus|move: Taunt\n|move|p1a: Arceus|Judgment|p2a: Arceus\n|-damage|p2a: Arceus|8\/100\n|\n|upkeep\n|turn|5\n|\n|t:|1698084495\n|move|p2a: Arceus|Judgment|p1a: Arceus\n|-damage|p1a: Arceus|71\/100 par\n|move|p1a: Arceus|Judgment|p2a: Arceus\n|-damage|p2a: Arceus|0 fnt\n|faint|p2a: Arceus\n|\n|upkeep\n|\n|t:|1698084512\n|switch|p2a: Arceus|Arceus-Fairy|100\/100\n|turn|6\n|\n|t:|1698084519\n|switch|p1a: Alomomola|Alomomola, F|100\/100\n|move|p2a: Arceus|Calm Mind|p2a: Arceus\n|-boost|p2a: Arceus|spa|1\n|-boost|p2a: Arceus|spd|1\n|\n|upkeep\n|turn|7\n|\n|t:|1698084527\n|move|p2a: Arceus|Judgment|p1a: Alomomola\n|-damage|p1a: Alomomola|38\/100\n|move|p1a: Alomomola|Mirror Coat|p2a: Arceus\n|-damage|p2a: Arceus|0 fnt\n|faint|p2a: Arceus\n|\n|upkeep\n|\n|t:|1698084536\n|switch|p2a: Calyrex|Calyrex-Shadow|100\/100\n|-ability|p2a: Calyrex|As One\n|-ability|p2a: Calyrex|Unnerve\n|turn|8\n|\n|t:|1698084547\n|switch|p1a: Roaring Moon|Roaring Moon|100\/100\n|move|p2a: Calyrex|Nasty Plot|p2a: Calyrex\n|-boost|p2a: Calyrex|spa|2\n|\n|upkeep\n|turn|9\n|\n|t:|1698084556\n|move|p2a: Calyrex|Draining Kiss|p1a: Roaring Moon\n|-supereffective|p1a: Roaring Moon\n|-damage|p1a: Roaring Moon|0 fnt\n|faint|p1a: Roaring Moon\n|-end|p1a: Roaring Moon|Protosynthesis|[silent]\n|-ability|p2a: Calyrex|Grim Neigh|boost\n|-boost|p2a: Calyrex|spa|1\n|\n|upkeep\n|\n|t:|1698084558\n|switch|p1a: Koraidon|Koraidon|100\/100\n|-damage|p1a: Koraidon|94\/100|[from] Stealth Rock\n|-weather|SunnyDay|[from] ability: Orichalcum Pulse|[of] p1a: Koraidon\n|-activate|p1a: Koraidon|Orichalcum Pulse|[source]\n|turn|10\n|\n|t:|1698084565\n|move|p1a: Koraidon|Flare Blitz|p2a: Calyrex\n|-damage|p2a: Calyrex|17\/100\n|-damage|p1a: Koraidon|64\/100|[from] Recoil\n|move|p2a: Calyrex|Astral Barrage|p1a: Koraidon\n|-damage|p1a: Koraidon|0 fnt\n|faint|p1a: Koraidon\n|-ability|p2a: Calyrex|Grim Neigh|boost\n|-boost|p2a: Calyrex|spa|1\n|\n|-weather|SunnyDay|[upkeep]\n|upkeep\n|\n|t:|1698084570\n|switch|p1a: Calyrex|Calyrex-Shadow|100\/100\n|-ability|p1a: Calyrex|As One\n|-ability|p1a: Calyrex|Unnerve\n|turn|11\n|\n|t:|1698084600\n|move|p2a: Calyrex|Draining Kiss|p1a: Calyrex\n|-damage|p1a: Calyrex|50\/100\n|-heal|p2a: Calyrex|51\/100|[from] drain|[of] p1a: Calyrex\n|move|p1a: Calyrex|Grass Knot|p2a: Calyrex\n|-damage|p2a: Calyrex|22\/100\n|\n|-weather|SunnyDay|[upkeep]\n|upkeep\n|turn|12\n|\n|t:|1698084612\n|move|p1a: Calyrex|Grass Knot|p2a: Calyrex\n|-damage|p2a: Calyrex|0 fnt\n|faint|p2a: Calyrex\n|-ability|p1a: Calyrex|Grim Neigh|boost\n|-boost|p1a: Calyrex|spa|1\n|\n|-weather|SunnyDay|[upkeep]\n|upkeep\n|\n|t:|1698084619\n|switch|p2a: Koraidon|Koraidon|100\/100\n|-activate|p2a: Koraidon|ability: Orichalcum Pulse\n|turn|13\n|\n|t:|1698084628\n|switch|p1a: Alomomola|Alomomola, F|71\/100\n|move|p2a: Koraidon|Flare Blitz|p1a: Alomomola\n|-resisted|p1a: Alomomola\n|-damage|p1a: Alomomola|44\/100\n|-status|p1a: Alomomola|brn\n|-damage|p2a: Koraidon|88\/100|[from] Recoil\n|\n|-weather|SunnyDay|[upkeep]\n|-damage|p1a: Alomomola|38\/100 brn|[from] brn\n|upkeep\n|turn|14\n|\n|t:|1698084645\n|switch|p1a: Arceus|Arceus-Fairy|71\/100 par\n|-damage|p1a: Arceus|58\/100 par|[from] Stealth Rock\n|-terastallize|p2a: Koraidon|Fire\n|move|p2a: Koraidon|Flare Blitz|p1a: Arceus\n|-damage|p1a: Arceus|0 fnt\n|faint|p1a: Arceus\n|-damage|p2a: Koraidon|64\/100|[from] Recoil\n|\n|-weather|none\n|upkeep\n|\n|t:|1698084656\n|switch|p1a: Ting-Lu|Ting-Lu|100\/100\n|-damage|p1a: Ting-Lu|94\/100|[from] Stealth Rock\n|-ability|p1a: Ting-Lu|Vessel of Ruin\n|turn|15\n|\n|t:|1698084661\n|switch|p2a: Arceus|Arceus|100\/100\n|move|p1a: Ting-Lu|Spikes|p2a: Arceus\n|-sidestart|p2: Dregone|Spikes\n|\n|-heal|p1a: Ting-Lu|100\/100|[from] item: Leftovers\n|upkeep\n|turn|16\n|\n|t:|1698084670\n|move|p2a: Arceus|Swords Dance|p2a: Arceus\n|-boost|p2a: Arceus|atk|2\n|move|p1a: Ting-Lu|Whirlwind|p2a: Arceus\n|drag|p2a: Arceus|Arceus-Poison|100\/100\n|-damage|p2a: Arceus|88\/100|[from] Spikes\n|\n|upkeep\n|turn|17\n|\n|t:|1698084678\n|switch|p1a: Alomomola|Alomomola, F|71\/100 brn\n|move|p2a: Arceus|Will-O-Wisp|p1a: Alomomola\n|-fail|p1a: Alomomola|brn\n|\n|-damage|p1a: Alomomola|65\/100 brn|[from] brn\n|upkeep\n|turn|18\n|\n|t:|1698084686\n|switch|p2a: Arceus|Arceus|100\/100\n|move|p1a: Alomomola|Flip Turn|p2a: Arceus\n|-damage|p2a: Arceus|95\/100\n|\n|t:|1698084690\n|switch|p1a: Ting-Lu|Ting-Lu|100\/100|[from] Flip Turn\n|-damage|p1a: Ting-Lu|94\/100|[from] Stealth Rock\n|-ability|p1a: Ting-Lu|Vessel of Ruin\n|\n|-heal|p1a: Ting-Lu|100\/100|[from] item: Leftovers\n|upkeep\n|turn|19\n|\n|t:|1698084693\n|move|p2a: Arceus|Extreme Speed|p1a: Ting-Lu\n|-damage|p1a: Ting-Lu|79\/100\n|move|p1a: Ting-Lu|Spikes|p2a: Arceus\n|-sidestart|p2: Dregone|Spikes\n|\n|-heal|p1a: Ting-Lu|85\/100|[from] item: Leftovers\n|upkeep\n|turn|20\n|\n|t:|1698084697\n|move|p2a: Arceus|Extreme Speed|p1a: Ting-Lu\n|-damage|p1a: Ting-Lu|61\/100\n|move|p1a: Ting-Lu|Spikes|p2a: Arceus\n|-sidestart|p2: Dregone|Spikes\n|\n|-heal|p1a: Ting-Lu|67\/100|[from] item: Leftovers\n|upkeep\n|turn|21\n|\n|t:|1698084699\n|move|p2a: Arceus|Extreme Speed|p1a: Ting-Lu\n|-damage|p1a: Ting-Lu|42\/100\n|move|p1a: Ting-Lu|Whirlwind|p2a: Arceus\n|drag|p2a: Koraidon|Koraidon, tera:Fire|64\/100\n|-damage|p2a: Koraidon|39\/100|[from] Spikes\n|-weather|SunnyDay|[from] ability: Orichalcum Pulse|[of] p2a: Koraidon\n|-activate|p2a: Koraidon|Orichalcum Pulse|[source]\n|\n|-weather|SunnyDay|[upkeep]\n|-heal|p1a: Ting-Lu|48\/100|[from] item: Leftovers\n|upkeep\n|turn|22\n|\n|t:|1698084707\n|switch|p1a: Alomomola|Alomomola, F|98\/100 brn\n|move|p2a: Koraidon|Low Kick|p1a: Alomomola\n|-damage|p1a: Alomomola|67\/100 brn\n|\n|-weather|SunnyDay|[upkeep]\n|-damage|p1a: Alomomola|61\/100 brn|[from] brn\n|upkeep\n|turn|23\n|\n|t:|1698084717\n|switch|p2a: Arceus|Arceus-Poison|88\/100\n|-damage|p2a: Arceus|63\/100|[from] Spikes\n|move|p1a: Alomomola|Flip Turn|p2a: Arceus\n|-damage|p2a: Arceus|61\/100\n|\n|t:|1698084720\n|switch|p1a: Calyrex|Calyrex-Shadow|50\/100|[from] Flip Turn\n|-ability|p1a: Calyrex|As One\n|-ability|p1a: Calyrex|Unnerve\n|\n|-weather|SunnyDay|[upkeep]\n|upkeep\n|turn|24\n|\n|t:|1698084729\n|switch|p2a: Arceus|Arceus|95\/100\n|move|p1a: Calyrex|Nasty Plot|p1a: Calyrex\n|-boost|p1a: Calyrex|spa|2\n|\n|-weather|SunnyDay|[upkeep]\n|upkeep\n|turn|25\n|\n|t:|1698084734\n|-terastallize|p1a: Calyrex|Grass\n|move|p1a: Calyrex|Grass Knot|p2a: Arceus\n|-damage|p2a: Arceus|0 fnt\n|faint|p2a: Arceus\n|-ability|p1a: Calyrex|Grim Neigh|boost\n|-boost|p1a: Calyrex|spa|1\n|\n|-weather|none\n|upkeep\n|\n|t:|1698084737\n|switch|p2a: Koraidon|Koraidon, tera:Fire|39\/100\n|-damage|p2a: Koraidon|14\/100|[from] Spikes\n|-weather|SunnyDay|[from] ability: Orichalcum Pulse|[of] p2a: Koraidon\n|-activate|p2a: Koraidon|Orichalcum Pulse|[source]\n|turn|26\n|-message|Dregone forfeited.\n|\n|win|jb291\n|n|\u2606jb291|jb291\n|n|\u2606Dregone|dregone\n|n| f1r35t0rm_96|f1r35t0rm96\n|l|\u2606Dregone\n|l|\u2606jb291\n","uploadtime":1698084943,"views":23,"p1id":"jb291","p2id":"dregone","formatid":"gen9anythinggoes","rating":0,"private":0,"password":""}