{"id":"gen9anythinggoes-1972871220","p1":"100%OHKO","p2":"Subscrib3 Ferns","format":"[Gen 9] Anything Goes","log":"|j|\u2606100%OHKO\n|j|\u2606Subscrib3 Ferns\n|t:|1697904179\n|gametype|singles\n|player|p1|100%OHKO|acetrainer-gen4dp|1044\n|player|p2|Subscrib3 Ferns|dancer|1150\n|teamsize|p1|6\n|teamsize|p2|6\n|gen|9\n|tier|[Gen 9] Anything Goes\n|rated|\n|rule|HP Percentage Mod: HP is shown in percentages\n|rule|Endless Battle Clause: Forcing endless battles is banned\n|clearpoke\n|poke|p1|Groudon|\n|poke|p1|Landorus, M|\n|poke|p1|Articuno|\n|poke|p1|Cryogonal|\n|poke|p1|Kingambit, F|\n|poke|p1|Haxorus, F|\n|poke|p2|Baxcalibur, M|\n|poke|p2|Ceruledge, M|\n|poke|p2|Quaquaval, M|\n|poke|p2|Clodsire, F|\n|poke|p2|Glimmora, M|\n|poke|p2|Annihilape, M|\n|teampreview\n|inactive|Battle timer is ON: inactive players will automatically lose when time's up. (requested by Subscrib3 Ferns)\n|inactive|100%OHKO also wants the timer to be on.\n|\n|t:|1697904196\n|start\n|switch|p1a: Landorus|Landorus, M|100\/100\n|switch|p2a: Glimmora|Glimmora, M|100\/100\n|turn|1\n|\n|t:|1697904203\n|move|p2a: Glimmora|Spiky Shield|p2a: Glimmora\n|-singleturn|p2a: Glimmora|move: Protect\n|move|p1a: Landorus|Fissure|p2a: Glimmora\n|-activate|p2a: Glimmora|move: Protect\n|\n|upkeep\n|turn|2\n|inactive|Subscrib3 Ferns has 120 seconds left.\n|\n|t:|1697904239\n|move|p1a: Landorus|Fissure|p2a: Glimmora\n|-damage|p2a: Glimmora|0 fnt\n|-activate|p2a: Glimmora|ability: Toxic Debris\n|-sidestart|p1: 100%OHKO|move: Toxic Spikes\n|faint|p2a: Glimmora\n|-ohko\n|\n|upkeep\n|c|\u2606100%OHKO|rip setup\n|\n|t:|1697904259\n|switch|p2a: Bax|Baxcalibur, M, shiny|100\/100\n|turn|3\n|c|\u2606Subscrib3 Ferns|Deinosar\n|\n|t:|1697904273\n|switch|p1a: Kingambit|Kingambit, F|100\/100\n|-ability|p1a: Kingambit|Pressure\n|move|p2a: Bax|Ice Shard|p1a: Kingambit\n|-resisted|p1a: Kingambit\n|-damage|p1a: Kingambit|90\/100\n|\n|upkeep\n|turn|4\n|\n|t:|1697904283\n|switch|p2a: Quaquaval|Quaquaval, M|100\/100\n|move|p1a: Kingambit|Substitute|p1a: Kingambit\n|-start|p1a: Kingambit|Substitute\n|-damage|p1a: Kingambit|65\/100\n|\n|upkeep\n|turn|5\n|\n|t:|1697904293\n|move|p2a: Quaquaval|Close Combat|p1a: Kingambit\n|-supereffective|p1a: Kingambit\n|-end|p1a: Kingambit|Substitute\n|-unboost|p2a: Quaquaval|def|1\n|-unboost|p2a: Quaquaval|spd|1\n|move|p1a: Kingambit|Guillotine|p2a: Quaquaval|[miss]\n|-miss|p1a: Kingambit|p2a: Quaquaval\n|\n|upkeep\n|turn|6\n|inactive|Subscrib3 Ferns has 120 seconds left.\n|\n|t:|1697904305\n|switch|p1a: Landorus|Landorus, M|100\/100\n|move|p2a: Quaquaval|Close Combat|p1a: Landorus\n|-resisted|p1a: Landorus\n|-damage|p1a: Landorus|72\/100\n|-unboost|p2a: Quaquaval|def|1\n|-unboost|p2a: Quaquaval|spd|1\n|\n|-heal|p1a: Landorus|79\/100|[from] item: Leftovers\n|upkeep\n|turn|7\n|\n|t:|1697904313\n|move|p2a: Quaquaval|Close Combat|p1a: Landorus\n|-resisted|p1a: Landorus\n|-damage|p1a: Landorus|54\/100\n|-unboost|p2a: Quaquaval|def|1\n|-unboost|p2a: Quaquaval|spd|1\n|move|p1a: Landorus|Bulk Up|p1a: Landorus\n|-boost|p1a: Landorus|atk|1\n|-boost|p1a: Landorus|def|1\n|\n|-heal|p1a: Landorus|60\/100|[from] item: Leftovers\n|upkeep\n|turn|8\n|\n|t:|1697904323\n|move|p2a: Quaquaval|Close Combat|p1a: Landorus\n|-resisted|p1a: Landorus\n|-damage|p1a: Landorus|44\/100\n|-unboost|p2a: Quaquaval|def|1\n|-unboost|p2a: Quaquaval|spd|1\n|move|p1a: Landorus|Fissure|p2a: Quaquaval\n|-damage|p2a: Quaquaval|0 fnt\n|faint|p2a: Quaquaval\n|-ohko\n|\n|-heal|p1a: Landorus|50\/100|[from] item: Leftovers\n|upkeep\n|inactive|Subscrib3 Ferns has 120 seconds left.\n|\n|t:|1697904337\n|switch|p2a: Bax|Baxcalibur, M, shiny|100\/100\n|turn|9\n|inactive|Subscrib3 Ferns has 120 seconds left.\n|\n|t:|1697904358\n|switch|p1a: Kingambit|Kingambit, F|65\/100\n|-ability|p1a: Kingambit|Pressure\n|move|p2a: Bax|Ice Shard|p1a: Kingambit\n|-resisted|p1a: Kingambit\n|-damage|p1a: Kingambit|55\/100\n|\n|upkeep\n|turn|10\n|\n|t:|1697904367\n|move|p2a: Bax|Glaive Rush|p1a: Kingambit\n|-resisted|p1a: Kingambit\n|-damage|p1a: Kingambit|21\/100\n|-singlemove|p2a: Bax|Glaive Rush|[silent]\n|-damage|p2a: Bax|84\/100|[from] item: Rocky Helmet|[of] p1a: Kingambit\n|move|p1a: Kingambit|Substitute|p1a: Kingambit\n|-fail|p1a: Kingambit|move: Substitute|[weak]\n|\n|upkeep\n|turn|11\n|inactive|Subscrib3 Ferns has 120 seconds left.\n|\n|t:|1697904387\n|move|p2a: Bax|Icicle Crash|p1a: Kingambit\n|-resisted|p1a: Kingambit\n|-damage|p1a: Kingambit|0 fnt\n|faint|p1a: Kingambit\n|\n|upkeep\n|\n|t:|1697904397\n|switch|p1a: Cryogonal|Cryogonal|100\/100\n|turn|12\n|\n|t:|1697904409\n|switch|p2a: Ceruledge|Ceruledge, M|100\/100\n|move|p1a: Cryogonal|Sheer Cold|p2a: Ceruledge\n|-damage|p2a: Ceruledge|0 fnt\n|faint|p2a: Ceruledge\n|-ohko\n|\n|upkeep\n|\n|t:|1697904419\n|switch|p2a: Annihilape|Annihilape, M|100\/100\n|turn|13\n|\n|t:|1697904424\n|move|p1a: Cryogonal|Protect|p1a: Cryogonal\n|-singleturn|p1a: Cryogonal|Protect\n|move|p2a: Annihilape|Drain Punch|p1a: Cryogonal\n|-activate|p1a: Cryogonal|move: Protect\n|\n|upkeep\n|turn|14\n|\n|t:|1697904432\n|move|p1a: Cryogonal|Sheer Cold|p2a: Annihilape|[miss]\n|-miss|p1a: Cryogonal|p2a: Annihilape\n|move|p2a: Annihilape|Drain Punch|p1a: Cryogonal\n|-supereffective|p1a: Cryogonal\n|-enditem|p1a: Cryogonal|Focus Sash\n|-damage|p1a: Cryogonal|1\/100\n|\n|upkeep\n|turn|15\n|\n|t:|1697904440\n|move|p1a: Cryogonal|Sheer Cold|p2a: Annihilape\n|-damage|p2a: Annihilape|0 fnt\n|faint|p2a: Annihilape\n|-ohko\n|\n|upkeep\n|\n|t:|1697904448\n|switch|p2a: Bax|Baxcalibur, M, shiny|84\/100\n|turn|16\n|c|\u2606100%OHKO|meme team ftw\n|\n|t:|1697904456\n|move|p2a: Bax|Ice Shard|p1a: Cryogonal\n|-resisted|p1a: Cryogonal\n|-damage|p1a: Cryogonal|0 fnt\n|faint|p1a: Cryogonal\n|\n|upkeep\n|\n|t:|1697904463\n|switch|p1a: Articuno|Articuno|100\/100\n|-ability|p1a: Articuno|Pressure\n|turn|17\n|\n|t:|1697904473\n|switch|p2a: Clodsire|Clodsire, F|100\/100\n|move|p1a: Articuno|Tailwind|p1a: Articuno\n|-sidestart|p1: 100%OHKO|move: Tailwind\n|\n|upkeep\n|turn|18\n|\n|t:|1697904484\n|move|p1a: Articuno|Sheer Cold|p2a: Clodsire|[miss]\n|-miss|p1a: Articuno|p2a: Clodsire\n|move|p2a: Clodsire|Poison Tail|p1a: Articuno\n|-damage|p1a: Articuno|90\/100\n|\n|upkeep\n|turn|19\n|\n|t:|1697904496\n|move|p1a: Articuno|Sheer Cold|p2a: Clodsire\n|-damage|p2a: Clodsire|0 fnt\n|faint|p2a: Clodsire\n|-ohko\n|\n|upkeep\n|c|\u2606Subscrib3 Ferns|Uh oh\n|\n|t:|1697904509\n|switch|p2a: Bax|Baxcalibur, M, shiny|84\/100\n|turn|20\n|c|\u2606100%OHKO|btw\n|c|\u2606100%OHKO|my only attacking moves\n|c|\u2606100%OHKO|are ALL ohko's\n|\n|t:|1697904523\n|-terastallize|p2a: Bax|Fairy\n|move|p1a: Articuno|Sheer Cold|p2a: Bax\n|-damage|p2a: Bax|0 fnt\n|faint|p2a: Bax\n|-ohko\n|\n|win|100%OHKO\n|raw|100%OHKO's rating: 1044 &rarr; <strong>1087<\/strong><br \/>(+43 for winning)\n|raw|Subscrib3 Ferns's rating: 1150 &rarr; <strong>1118<\/strong><br \/>(-32 for losing)\n|c|\u2606100%OHKO|GG\n|l|\u2606Subscrib3 Ferns\n","uploadtime":1697904538,"views":6,"p1id":"100ohko","p2id":"subscrib3ferns","formatid":"gen9anythinggoes","rating":1087,"private":0,"password":""}