{"id":"gen9anythinggoes-1998264929","p1":"speed mcool","p2":"redoaktree","format":"[Gen 9] Anything Goes","log":"|j|\u2606speed mcool\n|j|\u2606redoaktree\n|t:|1700921977\n|gametype|singles\n|player|p1|speed mcool|ltsurge|1000\n|player|p2|redoaktree|2|1000\n|teamsize|p1|6\n|teamsize|p2|6\n|gen|9\n|tier|[Gen 9] Anything Goes\n|rated|\n|rule|HP Percentage Mod: HP is shown in percentages\n|rule|Endless Battle Clause: Forcing endless battles is banned\n|clearpoke\n|poke|p1|Wooper-Paldea, F|\n|poke|p1|Lechonk, L10, F|\n|poke|p1|Lechonk, L10, M|\n|poke|p1|Lechonk, L10, F|\n|poke|p1|Lechonk, L10, M|\n|poke|p1|Arceus|\n|poke|p2|Infernape, F|\n|poke|p2|Grimmsnarl, M|\n|poke|p2|Victreebel, F|\n|poke|p2|Gastrodon, F|\n|poke|p2|Zapdos|\n|poke|p2|Garchomp, M|\n|teampreview\n|\n|t:|1700922007\n|start\n|switch|p1a: bebe|Wooper-Paldea, F|100\/100\n|switch|p2a: Infernape|Infernape, F|100\/100\n|turn|1\n|\n|t:|1700922015\n|switch|p2a: Victreebel|Victreebel, F|100\/100\n|move|p1a: bebe|Toxic Spikes|p2a: Victreebel\n|-sidestart|p2: redoaktree|move: Toxic Spikes\n|\n|upkeep\n|turn|2\n|\n|t:|1700922031\n|switch|p1a: Lechonk :0|Lechonk, L10, F|100\/100\n|move|p2a: Victreebel|Sunny Day|p2a: Victreebel\n|-weather|SunnyDay\n|\n|-weather|SunnyDay|[upkeep]\n|upkeep\n|turn|3\n|\n|t:|1700922039\n|move|p2a: Victreebel|Solar Beam||[still]\n|-prepare|p2a: Victreebel|Solar Beam\n|-anim|p2a: Victreebel|Solar Beam|p1a: Lechonk :0\n|-enditem|p1a: Lechonk :0|Focus Sash\n|-damage|p1a: Lechonk :0|3\/100\n|move|p1a: Lechonk :0|Endeavor|p2a: Victreebel\n|-damage|p2a: Victreebel|1\/100\n|\n|-weather|SunnyDay|[upkeep]\n|-heal|p2a: Victreebel|7\/100|[from] item: Leftovers\n|upkeep\n|turn|4\n|\n|t:|1700922055\n|switch|p1a: beeg lechonk|Arceus|100\/100\n|move|p2a: Victreebel|Sludge Bomb|p1a: beeg lechonk\n|-damage|p1a: beeg lechonk|76\/100\n|-status|p1a: beeg lechonk|psn\n|\n|-weather|SunnyDay|[upkeep]\n|-heal|p2a: Victreebel|13\/100|[from] item: Leftovers\n|-heal|p1a: beeg lechonk|83\/100 psn|[from] item: Leftovers\n|-damage|p1a: beeg lechonk|70\/100 psn|[from] psn\n|upkeep\n|turn|5\n|\n|t:|1700922072\n|move|p2a: Victreebel|Solar Beam||[still]\n|-prepare|p2a: Victreebel|Solar Beam\n|-anim|p2a: Victreebel|Solar Beam|p1a: beeg lechonk\n|-damage|p1a: beeg lechonk|36\/100 psn\n|move|p1a: beeg lechonk|Brick Break|p2a: Victreebel\n|-resisted|p2a: Victreebel\n|-damage|p2a: Victreebel|0 fnt\n|faint|p2a: Victreebel\n|\n|-weather|SunnyDay|[upkeep]\n|-heal|p1a: beeg lechonk|42\/100 psn|[from] item: Leftovers\n|-damage|p1a: beeg lechonk|30\/100 psn|[from] psn\n|upkeep\n|\n|t:|1700922087\n|switch|p2a: Garchomp|Garchomp, M|100\/100\n|-status|p2a: Garchomp|psn\n|turn|6\n|\n|t:|1700922096\n|switch|p1a: bebe|Wooper-Paldea, F|100\/100\n|move|p2a: Garchomp|Earthquake|p1a: bebe\n|-supereffective|p1a: bebe\n|-crit|p1a: bebe\n|-enditem|p1a: bebe|Focus Sash\n|-damage|p1a: bebe|1\/100\n|\n|-weather|none\n|-damage|p2a: Garchomp|88\/100 psn|[from] psn\n|upkeep\n|turn|7\n|\n|t:|1700922110\n|move|p2a: Garchomp|Thunder Fang|p1a: bebe\n|-immune|p1a: bebe\n|move|p1a: bebe|Gunk Shot|p2a: Garchomp\n|-resisted|p2a: Garchomp\n|-damage|p2a: Garchomp|77\/100 psn\n|\n|-damage|p2a: Garchomp|64\/100 psn|[from] psn\n|upkeep\n|turn|8\n|\n|t:|1700922121\n|switch|p1a: Lechonk|Lechonk, L10, M|100\/100\n|move|p2a: Garchomp|Earthquake|p1a: Lechonk\n|-enditem|p1a: Lechonk|Focus Sash\n|-damage|p1a: Lechonk|3\/100\n|\n|-damage|p2a: Garchomp|52\/100 psn|[from] psn\n|upkeep\n|turn|9\n|\n|t:|1700922132\n|move|p2a: Garchomp|Dragon Claw|p1a: Lechonk\n|-damage|p1a: Lechonk|0 fnt\n|faint|p1a: Lechonk\n|\n|-damage|p2a: Garchomp|40\/100 psn|[from] psn\n|upkeep\n|\n|t:|1700922138\n|switch|p1a: Lechonk|Lechonk, L10, F|100\/100\n|turn|10\n|\n|t:|1700922149\n|move|p2a: Garchomp|Earthquake|p1a: Lechonk\n|-enditem|p1a: Lechonk|Focus Sash\n|-damage|p1a: Lechonk|3\/100\n|move|p1a: Lechonk|Endeavor|p2a: Garchomp\n|-damage|p2a: Garchomp|1\/100 psn\n|-damage|p1a: Lechonk|0 fnt|[from] ability: Rough Skin|[of] p2a: Garchomp\n|faint|p1a: Lechonk\n|\n|-damage|p2a: Garchomp|0 fnt|[from] psn\n|faint|p2a: Garchomp\n|upkeep\n|\n|t:|1700922171\n|switch|p2a: Gastrodon|Gastrodon, F|100\/100\n|switch|p1a: lil bro|Lechonk, L10, M|100\/100\n|-status|p2a: Gastrodon|psn\n|turn|11\n|\n|t:|1700922180\n|move|p2a: Gastrodon|Hydro Pump|p1a: lil bro\n|-enditem|p1a: lil bro|Focus Sash\n|-damage|p1a: lil bro|3\/100\n|move|p1a: lil bro|Endeavor|p2a: Gastrodon\n|-damage|p2a: Gastrodon|1\/100 psn\n|\n|-heal|p2a: Gastrodon|7\/100 psn|[from] item: Leftovers\n|-damage|p2a: Gastrodon|0 fnt|[from] psn\n|faint|p2a: Gastrodon\n|upkeep\n|\n|t:|1700922197\n|switch|p2a: Zapdos|Zapdos|100\/100\n|-ability|p2a: Zapdos|Pressure\n|turn|12\n|\n|t:|1700922206\n|switch|p1a: Lechonk :0|Lechonk, L10, F|3\/100\n|move|p2a: Zapdos|Thunderbolt|p1a: Lechonk :0\n|-damage|p1a: Lechonk :0|0 fnt\n|faint|p1a: Lechonk :0\n|\n|upkeep\n|\n|t:|1700922212\n|switch|p1a: beeg lechonk|Arceus|30\/100 psn\n|turn|13\n|\n|t:|1700922220\n|move|p1a: beeg lechonk|Brick Break|p2a: Zapdos\n|-resisted|p2a: Zapdos\n|-damage|p2a: Zapdos|87\/100\n|move|p2a: Zapdos|Discharge|p1a: beeg lechonk\n|-damage|p1a: beeg lechonk|1\/100 psn\n|\n|-heal|p1a: beeg lechonk|7\/100 psn|[from] item: Leftovers\n|-heal|p2a: Zapdos|93\/100|[from] item: Leftovers\n|-damage|p1a: beeg lechonk|0 fnt|[from] psn\n|faint|p1a: beeg lechonk\n|upkeep\n|\n|t:|1700922230\n|switch|p1a: bebe|Wooper-Paldea, F|1\/100\n|turn|14\n|\n|t:|1700922238\n|move|p2a: Zapdos|Air Cutter|p1a: bebe\n|-damage|p1a: bebe|0 fnt\n|faint|p1a: bebe\n|\n|-heal|p2a: Zapdos|99\/100|[from] item: Leftovers\n|upkeep\n|\n|t:|1700922243\n|switch|p1a: lil bro|Lechonk, L10, M|3\/100\n|turn|15\n|\n|t:|1700922251\n|-terastallize|p1a: lil bro|Normal\n|move|p2a: Zapdos|Air Cutter|p1a: lil bro\n|-damage|p1a: lil bro|0 fnt\n|faint|p1a: lil bro\n|\n|win|redoaktree\n|raw|speed mcool's rating: 1000 &rarr; <strong>1000<\/strong><br \/>(+0 for losing)\n|raw|redoaktree's rating: 1000 &rarr; <strong>1040<\/strong><br \/>(+40 for winning)\n|c|\u2606speed mcool|gg\n|c|\u2606speed mcool|how i kill 3 tho\n|c|\u2606speed mcool|with lvl 10\n|c|\u2606speed mcool|lechonk\n|l|\u2606speed mcool\n","uploadtime":1700922572,"views":0,"p1id":"speedmcool","p2id":"redoaktree","formatid":"gen9anythinggoes","rating":1000,"private":0,"password":""}