{"id":"gen9anythinggoes-1978460869","p1":"TurboKaiSM64","p2":"MINO12131","format":"[Gen 9] Anything Goes","log":"|j|\u2606TurboKaiSM64\n|j|\u2606MINO12131\n|t:|1698541914\n|gametype|singles\n|player|p1|TurboKaiSM64|lucas-gen4pt|\n|player|p2|MINO12131|265|\n|teamsize|p1|6\n|teamsize|p2|6\n|gen|9\n|tier|[Gen 9] Anything Goes\n|rule|HP Percentage Mod: HP is shown in percentages\n|rule|Endless Battle Clause: Forcing endless battles is banned\n|clearpoke\n|poke|p1|Scream Tail|\n|poke|p1|Gothitelle, M|\n|poke|p1|Azumarill, M|\n|poke|p1|Gothorita, M|\n|poke|p1|Greninja-*, M|\n|poke|p1|Dragapult, M|\n|poke|p2|Gliscor, F|\n|poke|p2|Quaquaval, M|\n|poke|p2|Ribombee, F|\n|poke|p2|Iron Moth|\n|poke|p2|Roaring Moon|\n|poke|p2|Ursaluna, M|\n|teampreview\n|\n|t:|1698541965\n|start\n|switch|p1a: Gothorita|Gothorita, M|100\/100\n|switch|p2a: Ribombee|Ribombee, F|100\/100\n|turn|1\n|\n|t:|1698541970\n|move|p2a: Ribombee|Sticky Web|p1a: Gothorita\n|-sidestart|p1: TurboKaiSM64|move: Sticky Web\n|move|p1a: Gothorita|Trick Room|p1a: Gothorita\n|-fieldstart|move: Trick Room|[of] p1a: Gothorita\n|\n|upkeep\n|turn|2\n|\n|t:|1698541978\n|switch|p1a: Azumarill|Azumarill, M|100\/100\n|-activate|p1a: Azumarill|move: Sticky Web\n|-unboost|p1a: Azumarill|spe|1\n|move|p2a: Ribombee|Quiver Dance|p2a: Ribombee\n|-boost|p2a: Ribombee|spa|1\n|-boost|p2a: Ribombee|spd|1\n|-boost|p2a: Ribombee|spe|1\n|\n|upkeep\n|turn|3\n|\n|t:|1698541998\n|move|p1a: Azumarill|Perish Song|p1a: Azumarill\n|-start|p1a: Azumarill|perish3|[silent]\n|-start|p2a: Ribombee|perish3|[silent]\n|-fieldactivate|move: Perish Song\n|move|p2a: Ribombee|Moonblast|p1a: Azumarill\n|-damage|p1a: Azumarill|61\/100\n|-enditem|p1a: Azumarill|Eject Button\n|\n|t:|1698542006\n|switch|p1a: Gothorita|Gothorita, M|100\/100\n|-activate|p1a: Gothorita|move: Sticky Web\n|-unboost|p1a: Gothorita|spe|1\n|\n|-start|p2a: Ribombee|perish3\n|upkeep\n|turn|4\n|c|\u2606TurboKaiSM64|40% :)\n|c|\u2606TurboKaiSM64|with quiver dance lmao\n|c|\u2606MINO12131|ik\n|c|\u2606MINO12131|quiver dance too op\n|c|\u2606TurboKaiSM64|azu is bulky as fuck\n|\n|t:|1698542042\n|move|p1a: Gothorita|Fake Out|p2a: Ribombee\n|-damage|p2a: Ribombee|91\/100\n|move|p2a: Ribombee|Quiver Dance|p2a: Ribombee\n|-boost|p2a: Ribombee|spa|1\n|-boost|p2a: Ribombee|spd|1\n|-boost|p2a: Ribombee|spe|1\n|\n|-start|p2a: Ribombee|perish2\n|upkeep\n|turn|5\n|\n|t:|1698542051\n|move|p1a: Gothorita|Psychic|p2a: Ribombee\n|-damage|p2a: Ribombee|71\/100\n|move|p2a: Ribombee|Quiver Dance|p2a: Ribombee\n|-boost|p2a: Ribombee|spa|1\n|-boost|p2a: Ribombee|spd|1\n|-boost|p2a: Ribombee|spe|1\n|\n|-start|p2a: Ribombee|perish1\n|-fieldend|move: Trick Room\n|upkeep\n|turn|6\n|c|\u2606TurboKaiSM64|haha!\n|c|\u2606TurboKaiSM64|I could smell the greed\n|\n|t:|1698542067\n|move|p1a: Gothorita|Protect|p1a: Gothorita\n|-singleturn|p1a: Gothorita|Protect\n|move|p2a: Ribombee|Moonblast|p1a: Gothorita\n|-activate|p1a: Gothorita|move: Protect\n|\n|-start|p2a: Ribombee|perish0\n|faint|p2a: Ribombee\n|upkeep\n|c|\u2606MINO12131|i thought you were gonna go for the protect\n|c|\u2606MINO12131|;(\n|\n|t:|1698542076\n|switch|p2a: Roaring Moon|Roaring Moon|100\/100\n|-enditem|p2a: Roaring Moon|Booster Energy\n|-activate|p2a: Roaring Moon|ability: Protosynthesis|[fromitem]\n|-start|p2a: Roaring Moon|protosynthesisatk\n|turn|7\n|c|\u2606TurboKaiSM64|ik :))))\n|c|\u2606MINO12131|i got greedy\n|c|\u2606MINO12131|smh\n|\n|t:|1698542110\n|move|p2a: Roaring Moon|Knock Off|p1a: Gothorita\n|-supereffective|p1a: Gothorita\n|-damage|p1a: Gothorita|0 fnt\n|-enditem|p1a: Gothorita|Eviolite|[from] move: Knock Off|[of] p2a: Roaring Moon\n|faint|p1a: Gothorita\n|\n|upkeep\n|c|\u2606MINO12131|i forgot to turn on the sound\n|c|\u2606MINO12131|that's why\n|c|\u2606TurboKaiSM64|lol\n|c|\u2606MINO12131|when i have the sound on my iq and game sense increase exponentially\n|\n|t:|1698542149\n|switch|p1a: Scream Tail|Scream Tail|100\/100\n|-activate|p1a: Scream Tail|move: Sticky Web\n|-unboost|p1a: Scream Tail|spe|1\n|turn|8\n|c|\u2606TurboKaiSM64|huh\n|c|\u2606TurboKaiSM64|lemme try and turn up the sound then too in that case\n|c|\u2606MINO12131|no no\n|\n|t:|1698542176\n|move|p2a: Roaring Moon|Knock Off|p1a: Scream Tail\n|-damage|p1a: Scream Tail|42\/100\n|-enditem|p1a: Scream Tail|Eject Button|[from] move: Knock Off|[of] p2a: Roaring Moon\n|move|p1a: Scream Tail|Play Rough|p2a: Roaring Moon\n|-supereffective|p2a: Roaring Moon\n|-damage|p2a: Roaring Moon|0 fnt\n|faint|p2a: Roaring Moon\n|-end|p2a: Roaring Moon|Protosynthesis|[silent]\n|\n|upkeep\n|c|\u2606MINO12131|it works for me\n|c|\u2606MINO12131|????????????\n|c|\u2606MINO12131|omg\n|c|\u2606MINO12131|i forgot ab play rough\n|c|\u2606TurboKaiSM64|I have just enough attack ivs to kill a roaring moon\n|c|\u2606TurboKaiSM64|lmao\n|\n|t:|1698542203\n|switch|p2a: Iron Moth|Iron Moth|100\/100\n|-enditem|p2a: Iron Moth|Booster Energy\n|-activate|p2a: Iron Moth|ability: Quark Drive|[fromitem]\n|-start|p2a: Iron Moth|quarkdrivespa\n|turn|9\n|c|\u2606TurboKaiSM64|got my knowledge from watching Wolfey :)\n|c|\u2606MINO12131|i might need to study up a little then\n|c|\u2606MINO12131|for when we next meet\n|\n|t:|1698542236\n|-end|p1a: Scream Tail|Protosynthesis|[silent]\n|switch|p1a: Greninja|Greninja, M|100\/100\n|-activate|p1a: Greninja|move: Sticky Web\n|-unboost|p1a: Greninja|spe|1\n|move|p2a: Iron Moth|Sludge Wave|p1a: Greninja\n|-enditem|p1a: Greninja|Focus Sash\n|-damage|p1a: Greninja|1\/100\n|\n|upkeep\n|turn|10\n|c|\u2606TurboKaiSM64|ya\n|c|\u2606TurboKaiSM64|shit\n|\n|t:|1698542250\n|-terastallize|p2a: Iron Moth|Water\n|move|p1a: Greninja|Water Shuriken|p2a: Iron Moth\n|-resisted|p2a: Iron Moth\n|-damage|p2a: Iron Moth|97\/100\n|-resisted|p2a: Iron Moth\n|-damage|p2a: Iron Moth|94\/100\n|-resisted|p2a: Iron Moth\n|-damage|p2a: Iron Moth|90\/100\n|-hitcount|p2a: Iron Moth|3\n|move|p2a: Iron Moth|Energy Ball|p1a: Greninja\n|-supereffective|p1a: Greninja\n|-damage|p1a: Greninja|0 fnt\n|faint|p1a: Greninja\n|\n|upkeep\n|c|\u2606TurboKaiSM64|that was a bad swithc\n|c|\u2606TurboKaiSM64|good tera\n|c|\u2606MINO12131|it was indeed\n|c|\u2606MINO12131|ik what youre tryna do\n|c|\u2606TurboKaiSM64|lol\n|c|\u2606MINO12131|both of your perish songers are low\n|\n|t:|1698542330\n|switch|p1a: Scream Tail|Scream Tail|42\/100\n|-activate|p1a: Scream Tail|move: Sticky Web\n|-unboost|p1a: Scream Tail|spe|1\n|turn|11\n|\n|t:|1698542344\n|-terastallize|p1a: Scream Tail|Steel\n|move|p2a: Iron Moth|Sludge Wave|p1a: Scream Tail\n|-immune|p1a: Scream Tail\n|move|p1a: Scream Tail|Perish Song|p1a: Scream Tail\n|-start|p1a: Scream Tail|perish3|[silent]\n|-start|p2a: Iron Moth|perish3|[silent]\n|-fieldactivate|move: Perish Song\n|\n|-start|p2a: Iron Moth|perish3\n|-start|p1a: Scream Tail|perish3\n|upkeep\n|turn|12\n|c|\u2606MINO12131|that was good\n|c|\u2606MINO12131|nice tera\n|c|\u2606TurboKaiSM64|thx\n|\n|t:|1698542393\n|-end|p2a: Iron Moth|Quark Drive|[silent]\n|switch|p2a: Gliscor|Gliscor, F|100\/100\n|move|p1a: Scream Tail|Play Rough|p2a: Gliscor\n|-damage|p2a: Gliscor|87\/100\n|\n|-start|p1a: Scream Tail|perish2\n|-status|p2a: Gliscor|tox|[from] item: Toxic Orb\n|upkeep\n|turn|13\n|c|\u2606TurboKaiSM64|was expecting a quaquaval there\n|c|\u2606MINO12131|hmmmm\n|c|\u2606MINO12131|but you see ik you were expecting quaquaval so ik i couldnt switch in\n|\n|t:|1698542429\n|move|p1a: Scream Tail|Perish Song|p1a: Scream Tail\n|-start|p2a: Gliscor|perish3|[silent]\n|-fieldactivate|move: Perish Song\n|move|p2a: Gliscor|Spikes|p1a: Scream Tail\n|-sidestart|p1: TurboKaiSM64|Spikes\n|\n|-heal|p2a: Gliscor|99\/100 tox|[from] ability: Poison Heal\n|-start|p1a: Scream Tail|perish1\n|-start|p2a: Gliscor|perish3\n|upkeep\n|turn|14\n|c|\u2606TurboKaiSM64|yeah ok whatever mr big brain\n|\n|t:|1698542477\n|switch|p2a: Ursaluna|Ursaluna, M|100\/100\n|move|p1a: Scream Tail|Play Rough|p2a: Ursaluna\n|-damage|p2a: Ursaluna|86\/100\n|\n|-start|p1a: Scream Tail|perish0\n|-status|p2a: Ursaluna|brn|[from] item: Flame Orb\n|faint|p1a: Scream Tail\n|-end|p1a: Scream Tail|Protosynthesis|[silent]\n|upkeep\n|c|\u2606TurboKaiSM64|rarararar\n|\n|t:|1698542490\n|switch|p1a: Azumarill|Azumarill, M|61\/100\n|-activate|p1a: Azumarill|move: Sticky Web\n|-unboost|p1a: Azumarill|spe|1\n|-damage|p1a: Azumarill|49\/100|[from] Spikes\n|turn|15\n|c|\u2606MINO12131|didnt expect the scream tail sac\n|c|\u2606TurboKaiSM64|yeah and I thought you would switch to quaquaval cuz you have knock off to kill gothitelle\n|c|\u2606TurboKaiSM64|rarararar\n|c|\u2606MINO12131|i didnt even think ab that im ngl\n|c|\u2606MINO12131|maybe the music doesnt make my brain bigger\n|c|\u2606MINO12131|oh wait\n|c|\u2606TurboKaiSM64|lol I overestimated you\n|c|\u2606MINO12131|did you get the replay from last match\n|c|\u2606MINO12131|nah youre still underestimating me\n|\n|t:|1698542581\n|move|p2a: Ursaluna|Thunder Punch|p1a: Azumarill\n|-supereffective|p1a: Azumarill\n|-damage|p1a: Azumarill|0 fnt\n|faint|p1a: Azumarill\n|\n|-damage|p2a: Ursaluna|79\/100 brn|[from] brn\n|upkeep\n|c|\u2606TurboKaiSM64|yeah I have the replay\n|c|\u2606MINO12131|ok cuz i forgot to grab it\n|\n|t:|1698542609\n|switch|p1a: Dragapult|Dragapult, M|100\/100\n|-activate|p1a: Dragapult|move: Sticky Web\n|-unboost|p1a: Dragapult|spe|1\n|-damage|p1a: Dragapult|88\/100|[from] Spikes\n|turn|16\n|\n|t:|1698542622\n|move|p1a: Dragapult|Dragon Darts|p2a: Ursaluna\n|-damage|p2a: Ursaluna|54\/100 brn\n|-anim|p1a: Dragapult|Dragon Darts|p2a: Ursaluna\n|-damage|p2a: Ursaluna|29\/100 brn\n|move|p2a: Ursaluna|Earthquake|p1a: Dragapult\n|-damage|p1a: Dragapult|0 fnt\n|faint|p1a: Dragapult\n|\n|-damage|p2a: Ursaluna|23\/100 brn|[from] brn\n|upkeep\n|c|\u2606MINO12131|how are you still faster\n|c|\u2606TurboKaiSM64|bro that did nothing :(\n|c|\u2606TurboKaiSM64|Dragapult is scary fast\n|c|\u2606TurboKaiSM64|you don't even kno\n|c|\u2606TurboKaiSM64|know\n|\n|t:|1698542642\n|switch|p1a: Gothitelle|Gothitelle, M|100\/100\n|-activate|p1a: Gothitelle|move: Sticky Web\n|-unboost|p1a: Gothitelle|spe|1\n|-damage|p1a: Gothitelle|88\/100|[from] Spikes\n|turn|17\n|c|\u2606MINO12131|421 max speed???\n|\n|t:|1698542651\n|move|p1a: Gothitelle|Fake Out|p2a: Ursaluna\n|-damage|p2a: Ursaluna|19\/100 brn\n|cant|p2a: Ursaluna|flinch\n|\n|-damage|p2a: Ursaluna|13\/100 brn|[from] brn\n|upkeep\n|turn|18\n|\n|t:|1698542657\n|move|p1a: Gothitelle|Protect|p1a: Gothitelle\n|-singleturn|p1a: Gothitelle|Protect\n|move|p2a: Ursaluna|Facade|p1a: Gothitelle\n|-activate|p1a: Gothitelle|move: Protect\n|\n|-damage|p2a: Ursaluna|7\/100 brn|[from] brn\n|upkeep\n|turn|19\n|\n|t:|1698542672\n|move|p2a: Ursaluna|Facade|p1a: Gothitelle\n|-damage|p1a: Gothitelle|0 fnt\n|faint|p1a: Gothitelle\n|\n|win|MINO12131\n|c|\u2606TurboKaiSM64|gg\n|c|\u2606MINO12131|ggs\n|c|\u2606TurboKaiSM64|looks like your team name came true\n|c|\u2606MINO12131|do you want me to upload the replays\n|c|\u2606TurboKaiSM64|\ud83d\ude2d\n|c|\u2606MINO12131|and ofc it did\n|c|\u2606MINO12131|no doubt in my mind\n|c|\u2606TurboKaiSM64|I can do it, it's fine\n|c|\u2606MINO12131|okie dokie\n|c|\u2606TurboKaiSM64|glad I was able to use my Perish Trap team tho that was fun\n|c|\u2606MINO12131|gg my friend\n|c|\u2606TurboKaiSM64|almost had you game 1\n|c|\u2606MINO12131|almost\n|c|\u2606MINO12131|i really wanna make that hazards team\n|c|\u2606TurboKaiSM64|aight, well good luck moving those cars lol\n|c|\u2606TurboKaiSM64|yeah you should!\n|c|\u2606TurboKaiSM64|just for fun\n|c|\u2606MINO12131|when i make it do you wanna test it out\n|c|\u2606TurboKaiSM64|even if it's AG only\n|c|\u2606TurboKaiSM64|ye I'm down\n|c|\u2606MINO12131|cool\n|c|\u2606MINO12131|and ty\n|c|\u2606TurboKaiSM64|you still gotta do some Gen 7 BSS sometime with me tho\n|c|\u2606MINO12131|fs fs\n|c|\u2606MINO12131|and see ya monday\n|c|\u2606TurboKaiSM64|aight cya Andrew\n|l|\u2606MINO12131\n","uploadtime":1698542765,"views":16,"p1id":"turbokaism64","p2id":"mino12131","formatid":"gen9anythinggoes","rating":0,"private":0,"password":""}