{"id":"gen9anythinggoes-1994437549","p1":"Future king of ou","p2":"Dregone","format":"[Gen 9] Anything Goes","log":"|j|\u2606Future king of ou\n|j|\u2606Dregone\n|inactive|Battle timer is ON: inactive players will automatically lose when time's up.\n|t:|1700443872\n|gametype|singles\n|player|p1|Future king of ou|alec-anime|\n|player|p2|Dregone|cynthia-masters|\n|teamsize|p1|6\n|teamsize|p2|6\n|gen|9\n|tier|[Gen 9] Anything Goes\n|rated|Tournament battle\n|rule|HP Percentage Mod: HP is shown in percentages\n|rule|Endless Battle Clause: Forcing endless battles is banned\n|clearpoke\n|poke|p1|Ogerpon-Wellspring, F|\n|poke|p1|Kyogre|\n|poke|p1|Landorus-Therian, M|\n|poke|p1|Ting-Lu|\n|poke|p1|Arceus-Poison|\n|poke|p1|Calyrex-Shadow|\n|poke|p2|Calyrex-Shadow|\n|poke|p2|Arceus-Ground|\n|poke|p2|Koraidon|\n|poke|p2|Arceus|\n|poke|p2|Arceus-Fairy|\n|poke|p2|Arceus-Water|\n|teampreview\n|inactive|Dregone also wants the timer to be on.\n|j| AmoghOp(\n|c|\u2606Future king of ou|Have fun\n|j| Fuck Samurott \u266a\n|c|\u2606Dregone|glhf\n|j| Cutecat1122\n|c| AmoghOp(|4 arceus is really scary\n|\n|t:|1700443888\n|start\n|switch|p1a: Ogerpon|Ogerpon-Wellspring, F|100\/100\n|switch|p2a: Arceus|Arceus-Fairy|100\/100\n|turn|1\n|\n|t:|1700443895\n|move|p1a: Ogerpon|Spikes|p2a: Arceus\n|-sidestart|p2: Dregone|Spikes\n|move|p2a: Arceus|Thunder Wave|p1a: Ogerpon\n|-status|p1a: Ogerpon|par\n|\n|upkeep\n|turn|2\n|\n|t:|1700443898\n|move|p2a: Arceus|Taunt|p1a: Ogerpon\n|-start|p1a: Ogerpon|move: Taunt\n|cant|p1a: Ogerpon|move: Taunt|Spikes\n|\n|upkeep\n|turn|3\n|\n|t:|1700443901\n|move|p2a: Arceus|Judgment|p1a: Ogerpon\n|-damage|p1a: Ogerpon|46\/100 par\n|cant|p1a: Ogerpon|par\n|\n|upkeep\n|turn|4\n|\n|t:|1700443905\n|move|p2a: Arceus|Judgment|p1a: Ogerpon\n|-damage|p1a: Ogerpon|0 fnt\n|faint|p1a: Ogerpon\n|\n|upkeep\n|\n|t:|1700443907\n|switch|p1a: Kyogre|Kyogre|100\/100\n|-weather|RainDance|[from] ability: Drizzle|[of] p1a: Kyogre\n|turn|5\n|\n|t:|1700443910\n|move|p2a: Arceus|Thunder Wave|p1a: Kyogre\n|-status|p1a: Kyogre|par\n|move|p1a: Kyogre|Origin Pulse|p2a: Arceus|[miss]\n|-miss|p1a: Kyogre|p2a: Arceus\n|\n|-weather|RainDance|[upkeep]\n|upkeep\n|turn|6\n|\n|t:|1700443914\n|move|p2a: Arceus|Judgment|p1a: Kyogre\n|-damage|p1a: Kyogre|70\/100 par\n|move|p1a: Kyogre|Origin Pulse|p2a: Arceus\n|-damage|p2a: Arceus|10\/100\n|\n|-weather|RainDance|[upkeep]\n|upkeep\n|turn|7\n|\n|t:|1700443918\n|move|p2a: Arceus|Judgment|p1a: Kyogre\n|-damage|p1a: Kyogre|37\/100 par\n|move|p1a: Kyogre|Origin Pulse|p2a: Arceus\n|-damage|p2a: Arceus|0 fnt\n|faint|p2a: Arceus\n|\n|-weather|RainDance|[upkeep]\n|upkeep\n|\n|t:|1700443928\n|switch|p2a: Koraidon|Koraidon|100\/100\n|-damage|p2a: Koraidon|88\/100|[from] Spikes\n|-weather|SunnyDay|[from] ability: Orichalcum Pulse|[of] p2a: Koraidon\n|-activate|p2a: Koraidon|Orichalcum Pulse|[source]\n|turn|8\n|\n|t:|1700443932\n|switch|p1a: Landorus|Landorus-Therian, M|100\/100\n|-ability|p1a: Landorus|Intimidate|boost\n|-unboost|p2a: Koraidon|atk|1\n|move|p2a: Koraidon|Low Kick|p1a: Landorus\n|-resisted|p1a: Landorus\n|-damage|p1a: Landorus|87\/100\n|-damage|p2a: Koraidon|72\/100|[from] item: Rocky Helmet|[of] p1a: Landorus\n|\n|-weather|SunnyDay|[upkeep]\n|upkeep\n|turn|9\n|c| AmoghOp(|O\n|\n|t:|1700443942\n|switch|p2a: Arceus|Arceus|100\/100\n|-damage|p2a: Arceus|88\/100|[from] Spikes\n|move|p1a: Landorus|Stealth Rock|p2a: Arceus\n|-sidestart|p2: Dregone|move: Stealth Rock\n|\n|-weather|SunnyDay|[upkeep]\n|upkeep\n|turn|10\n|\n|t:|1700443944\n|move|p2a: Arceus|Swords Dance|p2a: Arceus\n|-boost|p2a: Arceus|atk|2\n|move|p1a: Landorus|Taunt|p2a: Arceus\n|-start|p2a: Arceus|move: Taunt\n|\n|-weather|SunnyDay|[upkeep]\n|upkeep\n|turn|11\n|\n|t:|1700443953\n|switch|p1a: Kyogre|Kyogre|37\/100 par\n|-weather|RainDance|[from] ability: Drizzle|[of] p1a: Kyogre\n|move|p2a: Arceus|Shadow Claw|p1a: Kyogre\n|-damage|p1a: Kyogre|0 fnt\n|faint|p1a: Kyogre\n|-damage|p2a: Arceus|78\/100|[from] item: Life Orb\n|\n|-weather|RainDance|[upkeep]\n|upkeep\n|\n|t:|1700443957\n|switch|p1a: Arceus|Arceus-Poison|100\/100\n|turn|12\n|\n|t:|1700443972\n|switch|p2a: Arceus|Arceus-Ground|100\/100\n|-damage|p2a: Arceus|88\/100|[from] Spikes\n|-damage|p2a: Arceus|82\/100|[from] Stealth Rock\n|move|p1a: Arceus|Will-O-Wisp|p2a: Arceus\n|-status|p2a: Arceus|brn\n|\n|-weather|RainDance|[upkeep]\n|-damage|p2a: Arceus|76\/100 brn|[from] brn\n|upkeep\n|turn|13\n|\n|t:|1700443986\n|switch|p1a: Ting-Lu|Ting-Lu|100\/100\n|-ability|p1a: Ting-Lu|Vessel of Ruin\n|move|p2a: Arceus|Stealth Rock|p1a: Ting-Lu\n|-sidestart|p1: Future king of ou|move: Stealth Rock\n|\n|-weather|RainDance|[upkeep]\n|-damage|p2a: Arceus|70\/100 brn|[from] brn\n|upkeep\n|turn|14\n|\n|t:|1700443988\n|move|p2a: Arceus|Taunt|p1a: Ting-Lu\n|-start|p1a: Ting-Lu|move: Taunt\n|cant|p1a: Ting-Lu|move: Taunt|Spikes\n|\n|-weather|RainDance|[upkeep]\n|-damage|p2a: Arceus|64\/100 brn|[from] brn\n|upkeep\n|turn|15\n|\n|t:|1700443993\n|switch|p2a: Koraidon|Koraidon|72\/100\n|-damage|p2a: Koraidon|59\/100|[from] Spikes\n|-damage|p2a: Koraidon|53\/100|[from] Stealth Rock\n|-weather|SunnyDay|[from] ability: Orichalcum Pulse|[of] p2a: Koraidon\n|-activate|p2a: Koraidon|Orichalcum Pulse|[source]\n|move|p1a: Ting-Lu|Ruination|p2a: Koraidon\n|-damage|p2a: Koraidon|27\/100\n|\n|-weather|SunnyDay|[upkeep]\n|upkeep\n|turn|16\n|\n|t:|1700444001\n|switch|p1a: Landorus|Landorus-Therian, M|87\/100\n|-damage|p1a: Landorus|74\/100|[from] Stealth Rock\n|-ability|p1a: Landorus|Intimidate|boost\n|-unboost|p2a: Koraidon|atk|1\n|move|p2a: Koraidon|Outrage|p1a: Landorus\n|-damage|p1a: Landorus|35\/100\n|-damage|p2a: Koraidon|10\/100|[from] item: Rocky Helmet|[of] p1a: Landorus\n|\n|-weather|SunnyDay|[upkeep]\n|upkeep\n|turn|17\n|\n|t:|1700444007\n|move|p2a: Koraidon|Outrage|p1a: Landorus|[from]lockedmove\n|-damage|p1a: Landorus|0 fnt\n|-damage|p2a: Koraidon|0 fnt|[from] item: Rocky Helmet|[of] p1a: Landorus\n|faint|p1a: Landorus\n|faint|p2a: Koraidon\n|\n|-weather|SunnyDay|[upkeep]\n|upkeep\n|\n|t:|1700444026\n|switch|p2a: Calyrex|Calyrex-Shadow|100\/100\n|switch|p1a: Ting-Lu|Ting-Lu|100\/100\n|-ability|p2a: Calyrex|As One\n|-ability|p2a: Calyrex|Unnerve\n|-damage|p1a: Ting-Lu|94\/100|[from] Stealth Rock\n|-ability|p1a: Ting-Lu|Vessel of Ruin\n|turn|18\n|\n|t:|1700444034\n|-terastallize|p2a: Calyrex|Fairy\n|move|p2a: Calyrex|Nasty Plot|p2a: Calyrex\n|-boost|p2a: Calyrex|spa|2\n|move|p1a: Ting-Lu|Ruination|p2a: Calyrex\n|-damage|p2a: Calyrex|51\/100\n|\n|-weather|SunnyDay|[upkeep]\n|-heal|p1a: Ting-Lu|100\/100|[from] item: Leftovers\n|upkeep\n|turn|19\n|\n|t:|1700444042\n|move|p2a: Calyrex|Taunt|p1a: Ting-Lu\n|-start|p1a: Ting-Lu|move: Taunt\n|move|p1a: Ting-Lu|Ruination|p2a: Calyrex\n|-damage|p2a: Calyrex|26\/100\n|\n|-weather|none\n|upkeep\n|turn|20\n|c| AmoghOp(|Gg\n|\n|t:|1700444046\n|move|p2a: Calyrex|Draining Kiss|p1a: Ting-Lu\n|-supereffective|p1a: Ting-Lu\n|-damage|p1a: Ting-Lu|49\/100\n|-heal|p2a: Calyrex|78\/100|[from] drain|[of] p1a: Ting-Lu\n|move|p1a: Ting-Lu|Earthquake|p2a: Calyrex\n|-damage|p2a: Calyrex|39\/100\n|\n|-heal|p1a: Ting-Lu|55\/100|[from] item: Leftovers\n|upkeep\n|turn|21\n|\n|t:|1700444050\n|move|p2a: Calyrex|Draining Kiss|p1a: Ting-Lu\n|-supereffective|p1a: Ting-Lu\n|-damage|p1a: Ting-Lu|2\/100\n|-heal|p2a: Calyrex|93\/100|[from] drain|[of] p1a: Ting-Lu\n|move|p1a: Ting-Lu|Ruination|p2a: Calyrex\n|-damage|p2a: Calyrex|47\/100\n|\n|-heal|p1a: Ting-Lu|8\/100|[from] item: Leftovers\n|-end|p1a: Ting-Lu|move: Taunt\n|upkeep\n|turn|22\n|\n|t:|1700444054\n|switch|p1a: Arceus|Arceus-Poison|100\/100\n|-damage|p1a: Arceus|88\/100|[from] Stealth Rock\n|move|p2a: Calyrex|Draining Kiss|p1a: Arceus\n|-resisted|p1a: Arceus\n|-damage|p1a: Arceus|68\/100\n|-heal|p2a: Calyrex|65\/100|[from] drain|[of] p1a: Arceus\n|\n|upkeep\n|turn|23\n|\n|t:|1700444057\n|switch|p1a: Ting-Lu|Ting-Lu|8\/100\n|-damage|p1a: Ting-Lu|2\/100|[from] Stealth Rock\n|-ability|p1a: Ting-Lu|Vessel of Ruin\n|move|p2a: Calyrex|Astral Barrage|p1a: Ting-Lu\n|-resisted|p1a: Ting-Lu\n|-damage|p1a: Ting-Lu|0 fnt\n|faint|p1a: Ting-Lu\n|-ability|p2a: Calyrex|Grim Neigh|boost\n|-boost|p2a: Calyrex|spa|1\n|\n|upkeep\n|\n|t:|1700444061\n|switch|p1a: Calyrex|Calyrex-Shadow|100\/100\n|-ability|p1a: Calyrex|As One\n|-ability|p1a: Calyrex|Unnerve\n|-damage|p1a: Calyrex|88\/100|[from] Stealth Rock\n|turn|24\n|\n|t:|1700444067\n|move|p1a: Calyrex|Psychic|p2a: Calyrex\n|-damage|p2a: Calyrex|13\/100\n|move|p2a: Calyrex|Draining Kiss|p1a: Calyrex\n|-damage|p1a: Calyrex|9\/100\n|-heal|p2a: Calyrex|66\/100|[from] drain|[of] p1a: Calyrex\n|\n|upkeep\n|turn|25\n|\n|t:|1700444071\n|move|p1a: Calyrex|Psychic|p2a: Calyrex\n|-damage|p2a: Calyrex|13\/100\n|move|p2a: Calyrex|Draining Kiss|p1a: Calyrex\n|-damage|p1a: Calyrex|0 fnt\n|-heal|p2a: Calyrex|19\/100|[from] drain|[of] p1a: Calyrex\n|faint|p1a: Calyrex\n|-ability|p2a: Calyrex|Grim Neigh|boost\n|-boost|p2a: Calyrex|spa|1\n|\n|upkeep\n|\n|t:|1700444073\n|switch|p1a: Arceus|Arceus-Poison|68\/100\n|-damage|p1a: Arceus|55\/100|[from] Stealth Rock\n|turn|26\n|c| AmoghOp(|Lol\n|\n|t:|1700444076\n|-terastallize|p1a: Arceus|Fairy\n|move|p2a: Calyrex|Astral Barrage|p1a: Arceus\n|-damage|p1a: Arceus|0 fnt\n|faint|p1a: Arceus\n|\n|win|Dregone\n|n|\u2606Future king of ou|futurekingofou\n|n|\u2606Dregone|dregone\n|n| AmoghOp(|amoghop\n|n| Fuck Samurott \u266a|fucksamurott\n|n| Cutecat1122|cutecat1122\n|c|\u2606Dregone|gg\n|c|\u2606Future king of ou|Hws definitely running my EVs\n|c|\u2606Future king of ou|Fr\n","uploadtime":1700444078,"views":10,"p1id":"futurekingofou","p2id":"dregone","formatid":"gen9anythinggoes","rating":0,"private":0,"password":""}