{"id":"gen9anythinggoes-1991842159","p1":"Kanha Greninja","p2":"AGLP 1","format":"[Gen 9] Anything Goes","log":"|j|\u2606Kanha Greninja\n|j|\u2606AGLP 1\n|t:|1700126890\n|gametype|singles\n|player|p1|Kanha Greninja|blaine|1538\n|player|p2|AGLP 1|anabel|1628\n|teamsize|p1|6\n|teamsize|p2|6\n|gen|9\n|tier|[Gen 9] Anything Goes\n|rated|\n|rule|HP Percentage Mod: HP is shown in percentages\n|rule|Endless Battle Clause: Forcing endless battles is banned\n|clearpoke\n|poke|p1|Miraidon|\n|poke|p1|Grimmsnarl, M|\n|poke|p1|Arceus|\n|poke|p1|Koraidon|\n|poke|p1|Calyrex-Shadow|\n|poke|p1|Glimmora, F|\n|poke|p2|Calyrex-Shadow|\n|poke|p2|Zacian-*|\n|poke|p2|Landorus-Therian, M|\n|poke|p2|Ting-Lu|\n|poke|p2|Koraidon|\n|poke|p2|Arceus|\n|teampreview\n|inactive|Battle timer is ON: inactive players will automatically lose when time's up. (requested by AGLP 1)\n|\n|t:|1700126895\n|start\n|switch|p1a: Glimmora|Glimmora, F|100\/100\n|switch|p2a: Landorus|Landorus-Therian, M|100\/100\n|-ability|p2a: Landorus|Intimidate|boost\n|-unboost|p1a: Glimmora|atk|1\n|turn|1\n|\n|t:|1700126906\n|move|p1a: Glimmora|Stealth Rock|p2a: Landorus\n|-sidestart|p2: AGLP 1|move: Stealth Rock\n|move|p2a: Landorus|Taunt|p1a: Glimmora\n|-start|p1a: Glimmora|move: Taunt\n|\n|upkeep\n|turn|2\n|\n|t:|1700126912\n|move|p1a: Glimmora|Mortal Spin|p2a: Landorus\n|-resisted|p2a: Landorus\n|-damage|p2a: Landorus|99\/100\n|-status|p2a: Landorus|psn\n|-damage|p1a: Glimmora|84\/100|[from] item: Rocky Helmet|[of] p2a: Landorus\n|move|p2a: Landorus|Stealth Rock|p1a: Glimmora\n|-sidestart|p1: Kanha Greninja|move: Stealth Rock\n|\n|-damage|p2a: Landorus|87\/100 psn|[from] psn\n|upkeep\n|turn|3\n|\n|t:|1700126926\n|switch|p2a: Ting-Lu|Ting-Lu|100\/100\n|-damage|p2a: Ting-Lu|94\/100|[from] Stealth Rock\n|-ability|p2a: Ting-Lu|Vessel of Ruin\n|move|p1a: Glimmora|Mortal Spin|p2a: Ting-Lu\n|-resisted|p2a: Ting-Lu\n|-damage|p2a: Ting-Lu|93\/100\n|-status|p2a: Ting-Lu|psn\n|-sideend|p1: Kanha Greninja|Stealth Rock|[from] move: Mortal Spin|[of] p1a: Glimmora\n|\n|-heal|p2a: Ting-Lu|99\/100 psn|[from] item: Leftovers\n|-damage|p2a: Ting-Lu|87\/100 psn|[from] psn\n|upkeep\n|turn|4\n|\n|t:|1700126933\n|move|p1a: Glimmora|Mud Shot|p2a: Ting-Lu\n|-damage|p2a: Ting-Lu|78\/100 psn\n|-unboost|p2a: Ting-Lu|spe|1\n|move|p2a: Ting-Lu|Spikes|p1a: Glimmora\n|-sidestart|p1: Kanha Greninja|Spikes\n|\n|-heal|p2a: Ting-Lu|84\/100 psn|[from] item: Leftovers\n|-damage|p2a: Ting-Lu|72\/100 psn|[from] psn\n|-end|p1a: Glimmora|move: Taunt\n|upkeep\n|turn|5\n|\n|t:|1700126939\n|move|p1a: Glimmora|Mortal Spin|p2a: Ting-Lu\n|-resisted|p2a: Ting-Lu\n|-damage|p2a: Ting-Lu|71\/100 psn\n|-sideend|p1: Kanha Greninja|Spikes|[from] move: Mortal Spin|[of] p1a: Glimmora\n|move|p2a: Ting-Lu|Whirlwind|p1a: Glimmora\n|drag|p1a: Miraidon|Miraidon|100\/100\n|-fieldstart|move: Electric Terrain|[from] ability: Hadron Engine|[of] p1a: Miraidon\n|\n|-heal|p2a: Ting-Lu|77\/100 psn|[from] item: Leftovers\n|-damage|p2a: Ting-Lu|65\/100 psn|[from] psn\n|upkeep\n|turn|6\n|\n|t:|1700126952\n|-terastallize|p1a: Miraidon|Fairy\n|move|p1a: Miraidon|Dazzling Gleam|p2a: Ting-Lu\n|-supereffective|p2a: Ting-Lu\n|-damage|p2a: Ting-Lu|12\/100 psn\n|move|p2a: Ting-Lu|Earthquake|p1a: Miraidon\n|-damage|p1a: Miraidon|67\/100\n|\n|-heal|p2a: Ting-Lu|18\/100 psn|[from] item: Leftovers\n|-damage|p2a: Ting-Lu|6\/100 psn|[from] psn\n|upkeep\n|turn|7\n|\n|t:|1700126970\n|move|p1a: Miraidon|Calm Mind|p1a: Miraidon\n|-boost|p1a: Miraidon|spa|1\n|-boost|p1a: Miraidon|spd|1\n|move|p2a: Ting-Lu|Spikes|p1a: Miraidon\n|-sidestart|p1: Kanha Greninja|Spikes\n|\n|-heal|p2a: Ting-Lu|12\/100 psn|[from] item: Leftovers\n|-damage|p2a: Ting-Lu|0 fnt|[from] psn\n|faint|p2a: Ting-Lu\n|upkeep\n|inactive|AGLP 1 has 120 seconds left.\n|\n|t:|1700127002\n|switch|p2a: Zacian|Zacian-Crowned|100\/100\n|-damage|p2a: Zacian|94\/100|[from] Stealth Rock\n|-ability|p2a: Zacian|Intrepid Sword|boost\n|-boost|p2a: Zacian|atk|1\n|turn|8\n|\n|t:|1700127008\n|move|p2a: Zacian|Behemoth Blade|p1a: Miraidon\n|-supereffective|p1a: Miraidon\n|-damage|p1a: Miraidon|0 fnt\n|faint|p1a: Miraidon\n|\n|upkeep\n|\n|t:|1700127024\n|switch|p1a: Grimmsnarl|Grimmsnarl, M|100\/100\n|-damage|p1a: Grimmsnarl|88\/100|[from] Spikes\n|turn|9\n|\n|t:|1700127033\n|move|p1a: Grimmsnarl|Reflect|p1a: Grimmsnarl\n|-sidestart|p1: Kanha Greninja|Reflect\n|move|p2a: Zacian|Close Combat|p1a: Grimmsnarl\n|-damage|p1a: Grimmsnarl|47\/100\n|-unboost|p2a: Zacian|def|1\n|-unboost|p2a: Zacian|spd|1\n|\n|-fieldend|move: Electric Terrain\n|upkeep\n|turn|10\n|\n|t:|1700127040\n|move|p1a: Grimmsnarl|Light Screen|p1a: Grimmsnarl\n|-sidestart|p1: Kanha Greninja|move: Light Screen\n|move|p2a: Zacian|Swords Dance|p2a: Zacian\n|-boost|p2a: Zacian|atk|2\n|\n|upkeep\n|turn|11\n|\n|t:|1700127048\n|move|p1a: Grimmsnarl|Parting Shot|p2a: Zacian\n|-unboost|p2a: Zacian|atk|1\n|-unboost|p2a: Zacian|spa|1\n|\n|t:|1700127056\n|switch|p1a: Glimmora|Glimmora, F|84\/100|[from] Parting Shot\n|-damage|p1a: Glimmora|72\/100|[from] Spikes\n|move|p2a: Zacian|Behemoth Blade|p1a: Glimmora\n|-supereffective|p1a: Glimmora\n|-damage|p1a: Glimmora|0 fnt\n|-activate|p1a: Glimmora|ability: Toxic Debris\n|-sidestart|p2: AGLP 1|move: Toxic Spikes\n|faint|p1a: Glimmora\n|\n|upkeep\n|\n|t:|1700127061\n|switch|p1a: Calyrex|Calyrex-Shadow|100\/100\n|-ability|p1a: Calyrex|As One\n|-ability|p1a: Calyrex|Unnerve\n|turn|12\n|\n|t:|1700127069\n|move|p1a: Calyrex|Nasty Plot|p1a: Calyrex\n|-boost|p1a: Calyrex|spa|2\n|move|p2a: Zacian|Behemoth Blade|p1a: Calyrex\n|-damage|p1a: Calyrex|29\/100\n|\n|upkeep\n|turn|13\n|\n|t:|1700127074\n|move|p1a: Calyrex|Astral Barrage|p2a: Zacian\n|-damage|p2a: Zacian|0 fnt\n|faint|p2a: Zacian\n|-ability|p1a: Calyrex|Grim Neigh|boost\n|-boost|p1a: Calyrex|spa|1\n|\n|upkeep\n|\n|t:|1700127084\n|switch|p2a: Calyrex|Calyrex-Shadow|100\/100\n|-ability|p2a: Calyrex|As One\n|-ability|p2a: Calyrex|Unnerve\n|-damage|p2a: Calyrex|88\/100|[from] Stealth Rock\n|-status|p2a: Calyrex|psn\n|turn|14\n|\n|t:|1700127098\n|switch|p1a: Arceus|Arceus|100\/100\n|-damage|p1a: Arceus|88\/100|[from] Spikes\n|move|p2a: Calyrex|Psychic|p1a: Arceus\n|-damage|p1a: Arceus|68\/100\n|\n|-damage|p2a: Calyrex|76\/100 psn|[from] psn\n|upkeep\n|turn|15\n|\n|t:|1700127106\n|switch|p2a: Landorus|Landorus-Therian, M|87\/100 psn\n|-damage|p2a: Landorus|75\/100 psn|[from] Stealth Rock\n|-ability|p2a: Landorus|Intimidate|boost\n|-unboost|p1a: Arceus|atk|1\n|move|p1a: Arceus|Swords Dance|p1a: Arceus\n|-boost|p1a: Arceus|atk|2\n|\n|-damage|p2a: Landorus|62\/100 psn|[from] psn\n|upkeep\n|turn|16\n|\n|t:|1700127111\n|move|p1a: Arceus|Extreme Speed|p2a: Landorus\n|-damage|p2a: Landorus|6\/100 psn\n|-damage|p1a: Arceus|52\/100|[from] item: Rocky Helmet|[of] p2a: Landorus\n|move|p2a: Landorus|Earthquake|p1a: Arceus\n|-damage|p1a: Arceus|37\/100\n|\n|-damage|p2a: Landorus|0 fnt|[from] psn\n|faint|p2a: Landorus\n|-sideend|p1: Kanha Greninja|Reflect\n|upkeep\n|\n|t:|1700127121\n|switch|p2a: Calyrex|Calyrex-Shadow|76\/100 psn\n|-ability|p2a: Calyrex|As One\n|-ability|p2a: Calyrex|Unnerve\n|-damage|p2a: Calyrex|64\/100 psn|[from] Stealth Rock\n|turn|17\n|\n|t:|1700127131\n|move|p2a: Calyrex|Grass Knot|p1a: Arceus\n|-damage|p1a: Arceus|20\/100\n|move|p1a: Arceus|Shadow Claw|p2a: Calyrex\n|-supereffective|p2a: Calyrex\n|-damage|p2a: Calyrex|0 fnt\n|faint|p2a: Calyrex\n|\n|-sideend|p1: Kanha Greninja|move: Light Screen\n|upkeep\n|c|\u2606AGLP 1|Oh\n|\n|t:|1700127138\n|switch|p2a: Arceus|Arceus|100\/100\n|turn|18\n|\n|t:|1700127142\n|move|p1a: Arceus|Extreme Speed|p2a: Arceus\n|-damage|p2a: Arceus|50\/100\n|move|p2a: Arceus|Extreme Speed|p1a: Arceus\n|-damage|p1a: Arceus|0 fnt\n|faint|p1a: Arceus\n|\n|upkeep\n|\n|t:|1700127151\n|switch|p1a: Koraidon|Koraidon|100\/100\n|-damage|p1a: Koraidon|88\/100|[from] Spikes\n|-weather|SunnyDay|[from] ability: Orichalcum Pulse|[of] p1a: Koraidon\n|-activate|p1a: Koraidon|Orichalcum Pulse|[source]\n|turn|19\n|\n|t:|1700127160\n|-terastallize|p2a: Arceus|Ghost\n|move|p1a: Koraidon|Low Kick|p2a: Arceus\n|-immune|p2a: Arceus\n|move|p2a: Arceus|Swords Dance|p2a: Arceus\n|-boost|p2a: Arceus|atk|2\n|\n|-weather|SunnyDay|[upkeep]\n|upkeep\n|turn|20\n|\n|t:|1700127165\n|move|p2a: Arceus|Extreme Speed|p1a: Koraidon\n|-damage|p1a: Koraidon|11\/100\n|move|p1a: Koraidon|Scale Shot|p2a: Arceus\n|-damage|p2a: Arceus|38\/100\n|-damage|p2a: Arceus|27\/100\n|-damage|p2a: Arceus|15\/100\n|-damage|p2a: Arceus|3\/100\n|-hitcount|p2a: Arceus|4\n|-unboost|p1a: Koraidon|def|1\n|-boost|p1a: Koraidon|spe|1\n|\n|-weather|SunnyDay|[upkeep]\n|upkeep\n|turn|21\n|\n|t:|1700127168\n|move|p2a: Arceus|Extreme Speed|p1a: Koraidon\n|-damage|p1a: Koraidon|0 fnt\n|faint|p1a: Koraidon\n|\n|-weather|SunnyDay|[upkeep]\n|upkeep\n|\n|t:|1700127171\n|switch|p1a: Calyrex|Calyrex-Shadow|29\/100\n|-ability|p1a: Calyrex|As One\n|-ability|p1a: Calyrex|Unnerve\n|turn|22\n|\n|t:|1700127175\n|move|p1a: Calyrex|Astral Barrage|p2a: Arceus\n|-supereffective|p2a: Arceus\n|-damage|p2a: Arceus|0 fnt\n|faint|p2a: Arceus\n|-ability|p1a: Calyrex|Grim Neigh|boost\n|-boost|p1a: Calyrex|spa|1\n|\n|-weather|SunnyDay|[upkeep]\n|upkeep\n|\n|t:|1700127176\n|switch|p2a: Koraidon|Koraidon|100\/100\n|-damage|p2a: Koraidon|94\/100|[from] Stealth Rock\n|-status|p2a: Koraidon|psn\n|-activate|p2a: Koraidon|ability: Orichalcum Pulse\n|turn|23\n|c|\u2606AGLP 1|Gg\n|c|\u2606Kanha Greninja|scarf?\n|\n|t:|1700127197\n|move|p1a: Calyrex|Astral Barrage|p2a: Koraidon\n|-damage|p2a: Koraidon|0 fnt\n|faint|p2a: Koraidon\n|\n|win|Kanha Greninja\n|raw|Kanha Greninja's rating: 1538 &rarr; <strong>1562<\/strong><br \/>(+24 for winning)\n|raw|AGLP 1's rating: 1605 &rarr; <strong>1581<\/strong><br \/>(-24 for losing)\n|c|\u2606AGLP 1|No\n|l|\u2606AGLP 1\n","uploadtime":1700127212,"views":3,"p1id":"kanhagreninja","p2id":"aglp1","formatid":"gen9anythinggoes","rating":1562,"private":0,"password":""}