{"id":"gen9anythinggoes-1976658600","p1":"Ceejaeeeeee","p2":"Sakuta24","format":"[Gen 9] Anything Goes","log":"|j|\u2606Ceejaeeeeee\n|j|\u2606Sakuta24\n|t:|1698331145\n|gametype|singles\n|player|p1|Ceejaeeeeee|ltsurge|1267\n|player|p2|Sakuta24|rosa|1336\n|teamsize|p1|6\n|teamsize|p2|6\n|gen|9\n|tier|[Gen 9] Anything Goes\n|rated|\n|rule|HP Percentage Mod: HP is shown in percentages\n|rule|Endless Battle Clause: Forcing endless battles is banned\n|clearpoke\n|poke|p1|Garchomp, F|\n|poke|p1|Regieleki|\n|poke|p1|Toxtricity, F|\n|poke|p1|Ogerpon-Wellspring, F|\n|poke|p1|Arceus-Fire|\n|poke|p1|Gliscor, F|\n|poke|p2|Calyrex-Shadow|\n|poke|p2|Regieleki|\n|poke|p2|Zacian-*|\n|poke|p2|Shaymin-Sky|\n|poke|p2|Cyclizar, M|\n|poke|p2|Drifblim, F|\n|teampreview\n|inactive|Battle timer is ON: inactive players will automatically lose when time's up. (requested by Sakuta24)\n|\n|t:|1698331157\n|start\n|switch|p1a: klyoya's FALL.|Garchomp, F|100\/100\n|switch|p2a: Calyrex|Calyrex-Shadow|100\/100\n|-ability|p2a: Calyrex|As One\n|-ability|p2a: Calyrex|Unnerve\n|turn|1\n|\n|t:|1698331179\n|move|p2a: Calyrex|Astral Barrage|p1a: klyoya's FALL.\n|-damage|p1a: klyoya's FALL.|3\/100\n|move|p1a: klyoya's FALL.|Swords Dance|p1a: klyoya's FALL.\n|-boost|p1a: klyoya's FALL.|atk|2\n|\n|upkeep\n|turn|2\n|inactive|Ceejaeeeeee has 120 seconds left.\n|\n|t:|1698331228\n|switch|p1a: lightbulb|Regieleki, shiny|100\/100\n|move|p2a: Calyrex|Astral Barrage|p1a: lightbulb\n|-damage|p1a: lightbulb|0 fnt\n|faint|p1a: lightbulb\n|-ability|p2a: Calyrex|Grim Neigh|boost\n|-boost|p2a: Calyrex|spa|1\n|\n|upkeep\n|inactive|Ceejaeeeeee has 90 seconds left.\n|\n|t:|1698331238\n|switch|p1a: Toxic rock man|Toxtricity, F, shiny|100\/100\n|turn|3\n|\n|t:|1698331242\n|move|p2a: Calyrex|Psychic|p1a: Toxic rock man\n|-supereffective|p1a: Toxic rock man\n|-enditem|p1a: Toxic rock man|Focus Sash\n|-damage|p1a: Toxic rock man|1\/100\n|move|p1a: Toxic rock man|Nuzzle|p2a: Calyrex\n|-damage|p2a: Calyrex|93\/100\n|-status|p2a: Calyrex|par\n|\n|upkeep\n|turn|4\n|\n|t:|1698331252\n|move|p1a: Toxic rock man|Boomburst|p2a: Calyrex\n|-immune|p2a: Calyrex\n|move|p2a: Calyrex|Astral Barrage|p1a: Toxic rock man\n|-damage|p1a: Toxic rock man|0 fnt\n|faint|p1a: Toxic rock man\n|-ability|p2a: Calyrex|Grim Neigh|boost\n|-boost|p2a: Calyrex|spa|1\n|\n|upkeep\n|inactive|Ceejaeeeeee has 90 seconds left.\n|\n|t:|1698331273\n|switch|p1a: klyoya's FALL.|Garchomp, F|3\/100\n|turn|5\n|\n|t:|1698331277\n|move|p1a: klyoya's FALL.|Scale Shot|p2a: Calyrex\n|-damage|p2a: Calyrex|78\/100 par\n|-damage|p2a: Calyrex|62\/100 par\n|-damage|p2a: Calyrex|46\/100 par\n|-damage|p2a: Calyrex|30\/100 par\n|-damage|p2a: Calyrex|14\/100 par\n|-hitcount|p2a: Calyrex|5\n|-unboost|p1a: klyoya's FALL.|def|1\n|-boost|p1a: klyoya's FALL.|spe|1\n|move|p2a: Calyrex|Draining Kiss|p1a: klyoya's FALL.\n|-supereffective|p1a: klyoya's FALL.\n|-damage|p1a: klyoya's FALL.|0 fnt\n|-heal|p2a: Calyrex|16\/100 par|[from] drain|[of] p1a: klyoya's FALL.\n|-damage|p2a: Calyrex|4\/100 par|[from] ability: Rough Skin|[of] p1a: klyoya's FALL.\n|faint|p1a: klyoya's FALL.\n|-ability|p2a: Calyrex|Grim Neigh|boost\n|-boost|p2a: Calyrex|spa|1\n|\n|upkeep\n|inactive|Ceejaeeeeee has 90 seconds left.\n|\n|t:|1698331297\n|switch|p1a: annoying batman|Gliscor, F|100\/100\n|turn|6\n|inactive|Ceejaeeeeee has 90 seconds left.\n|\n|t:|1698331310\n|move|p1a: annoying batman|Substitute|p1a: annoying batman\n|-start|p1a: annoying batman|Substitute\n|-damage|p1a: annoying batman|76\/100\n|move|p2a: Calyrex|Astral Barrage|p1a: annoying batman\n|-end|p1a: annoying batman|Substitute\n|\n|-status|p1a: annoying batman|tox|[from] item: Toxic Orb\n|upkeep\n|turn|7\n|inactive|Ceejaeeeeee has 90 seconds left.\n|\n|t:|1698331320\n|move|p1a: annoying batman|Fire Fang|p2a: Calyrex\n|-damage|p2a: Calyrex|0 fnt\n|faint|p2a: Calyrex\n|\n|-heal|p1a: annoying batman|88\/100 tox|[from] ability: Poison Heal\n|upkeep\n|\n|t:|1698331330\n|switch|p2a: Regieleki|Regieleki|100\/100\n|turn|8\n|\n|t:|1698331335\n|switch|p2a: Drifblim|Drifblim, F|100\/100\n|move|p1a: annoying batman|Earthquake|p2a: Drifblim\n|-immune|p2a: Drifblim\n|\n|-heal|p1a: annoying batman|100\/100 tox|[from] ability: Poison Heal\n|upkeep\n|turn|9\n|\n|t:|1698331344\n|move|p1a: annoying batman|Gunk Shot|p2a: Drifblim\n|-resisted|p2a: Drifblim\n|-damage|p2a: Drifblim|84\/100\n|move|p2a: Drifblim|Minimize|p2a: Drifblim\n|-boost|p2a: Drifblim|evasion|2\n|\n|-heal|p2a: Drifblim|90\/100|[from] item: Leftovers\n|upkeep\n|turn|10\n|\n|t:|1698331354\n|move|p1a: annoying batman|Fire Fang|p2a: Drifblim|[miss]\n|-miss|p1a: annoying batman|p2a: Drifblim\n|move|p2a: Drifblim|Minimize|p2a: Drifblim\n|-boost|p2a: Drifblim|evasion|2\n|\n|-heal|p2a: Drifblim|96\/100|[from] item: Leftovers\n|upkeep\n|turn|11\n|\n|t:|1698331363\n|move|p1a: annoying batman|Fire Fang|p2a: Drifblim\n|-crit|p2a: Drifblim\n|-damage|p2a: Drifblim|71\/100\n|move|p2a: Drifblim|Minimize|p2a: Drifblim\n|-boost|p2a: Drifblim|evasion|2\n|\n|-heal|p2a: Drifblim|77\/100|[from] item: Leftovers\n|upkeep\n|turn|12\n|\n|t:|1698331371\n|move|p1a: annoying batman|Fire Fang|p2a: Drifblim\n|-damage|p2a: Drifblim|58\/100\n|-status|p2a: Drifblim|brn\n|move|p2a: Drifblim|Substitute|p2a: Drifblim\n|-start|p2a: Drifblim|Substitute\n|-damage|p2a: Drifblim|33\/100 brn\n|\n|-heal|p2a: Drifblim|39\/100 brn|[from] item: Leftovers\n|-damage|p2a: Drifblim|33\/100 brn|[from] brn\n|upkeep\n|turn|13\n|inactive|Ceejaeeeeee has 120 seconds left.\n|\n|t:|1698331381\n|move|p1a: annoying batman|Fire Fang|p2a: Drifblim\n|-activate|p2a: Drifblim|move: Substitute|[damage]\n|move|p2a: Drifblim|Baton Pass|p2a: Drifblim\n|\n|t:|1698331386\n|switch|p2a: Shaymin|Shaymin-Sky|100\/100|[from] Baton Pass\n|\n|upkeep\n|turn|14\n|\n|t:|1698331390\n|move|p2a: Shaymin|Air Slash|p1a: annoying batman\n|-damage|p1a: annoying batman|52\/100 tox\n|cant|p1a: annoying batman|flinch\n|\n|-heal|p1a: annoying batman|64\/100 tox|[from] ability: Poison Heal\n|upkeep\n|turn|15\n|\n|t:|1698331397\n|move|p2a: Shaymin|Air Slash|p1a: annoying batman\n|-damage|p1a: annoying batman|17\/100 tox\n|cant|p1a: annoying batman|flinch\n|\n|-heal|p1a: annoying batman|29\/100 tox|[from] ability: Poison Heal\n|upkeep\n|turn|16\n|\n|t:|1698331407\n|move|p2a: Shaymin|Air Slash|p1a: annoying batman\n|-damage|p1a: annoying batman|0 fnt\n|faint|p1a: annoying batman\n|\n|upkeep\n|\n|t:|1698331412\n|switch|p1a: weakest angel|Arceus-Fire|100\/100\n|turn|17\n|\n|t:|1698331420\n|move|p2a: Shaymin|Air Slash|p1a: weakest angel\n|-damage|p1a: weakest angel|74\/100\n|cant|p1a: weakest angel|flinch\n|\n|upkeep\n|turn|18\n|\n|t:|1698331424\n|move|p2a: Shaymin|Air Slash|p1a: weakest angel\n|-damage|p1a: weakest angel|50\/100\n|cant|p1a: weakest angel|flinch\n|\n|upkeep\n|turn|19\n|c|\u2606Ceejaeeeeee|why\n|inactive|Sakuta24 has 120 seconds left.\n|\n|t:|1698331474\n|move|p2a: Shaymin|Air Slash|p1a: weakest angel\n|-damage|p1a: weakest angel|24\/100\n|cant|p1a: weakest angel|flinch\n|\n|upkeep\n|turn|20\n|\n|t:|1698331482\n|move|p2a: Shaymin|Air Slash|p1a: weakest angel\n|-damage|p1a: weakest angel|0 fnt\n|faint|p1a: weakest angel\n|\n|upkeep\n|\n|t:|1698331486\n|switch|p1a: sad idiot|Ogerpon-Wellspring, F|100\/100\n|turn|21\n|\n|t:|1698331496\n|move|p2a: Shaymin|Air Slash|p1a: sad idiot\n|-supereffective|p1a: sad idiot\n|-damage|p1a: sad idiot|9\/100\n|cant|p1a: sad idiot|flinch\n|\n|upkeep\n|turn|22\n|c|\u2606Sakuta24|Hhahahaha\n|c|\u2606Ceejaeeeeee|i hope your mom steps on a lego and falls down the stairs\n|inactive|Ceejaeeeeee has 120 seconds left.\n|\n|t:|1698331529\n|-terastallize|p1a: sad idiot|Water\n|detailschange|p1a: sad idiot|Ogerpon-Wellspring-Tera, F, tera:Water\n|-ability|p1a: sad idiot|Embody Aspect (Wellspring)|boost\n|-boost|p1a: sad idiot|spd|1\n|move|p2a: Shaymin|Air Slash|p1a: sad idiot\n|-damage|p1a: sad idiot|0 fnt\n|faint|p1a: sad idiot\n|\n|win|Sakuta24\n|raw|Ceejaeeeeee's rating: 1267 &rarr; <strong>1247<\/strong><br \/>(-20 for losing)\n|raw|Sakuta24's rating: 1336 &rarr; <strong>1352<\/strong><br \/>(+16 for winning)\n","uploadtime":1698331522,"views":8,"p1id":"ceejaeeeeee","p2id":"sakuta24","formatid":"gen9anythinggoes","rating":1247,"private":0,"password":""}