{"id":"gen9anythinggoes-1998707920","p1":"theyfwyoungprince","p2":"Khryce","format":"[Gen 9] Anything Goes","log":"|j|\u2606theyfwyoungprince\n|j|\u2606Khryce\n|t:|1700975635\n|gametype|singles\n|player|p1|theyfwyoungprince|2|1000\n|player|p2|Khryce|preschooler|1112\n|teamsize|p1|6\n|teamsize|p2|6\n|gen|9\n|tier|[Gen 9] Anything Goes\n|rated|\n|rule|HP Percentage Mod: HP is shown in percentages\n|rule|Endless Battle Clause: Forcing endless battles is banned\n|clearpoke\n|poke|p1|Abomasnow, M|\n|poke|p1|Froslass, F|\n|poke|p1|Cetitan, M|\n|poke|p1|Iron Bundle|\n|poke|p1|Baxcalibur, M|\n|poke|p1|Chien-Pao|\n|poke|p2|Sylveon, F|\n|poke|p2|Dudunsparce-*, M|\n|poke|p2|Dragapult, F|\n|poke|p2|Chandelure, M|\n|poke|p2|Seviper, M|\n|poke|p2|Skeledirge, M|\n|teampreview\n|inactive|Battle timer is ON: inactive players will automatically lose when time's up. (requested by Khryce)\n|c|\u2606Khryce|ooo an ice team\n|\n|t:|1700975650\n|start\n|switch|p1a: Abomasnow|Abomasnow, M, shiny|100\/100\n|switch|p2a: Dragapult|Dragapult, F|100\/100\n|-weather|Snow|[from] ability: Snow Warning|[of] p1a: Abomasnow\n|turn|1\n|\n|t:|1700975661\n|move|p2a: Dragapult|Flamethrower|p1a: Abomasnow\n|-supereffective|p1a: Abomasnow\n|-damage|p1a: Abomasnow|0 fnt\n|faint|p1a: Abomasnow\n|\n|-weather|Snow|[upkeep]\n|upkeep\n|\n|t:|1700975666\n|switch|p1a: Froslass|Froslass, F, shiny|100\/100\n|turn|2\n|\n|t:|1700975673\n|move|p2a: Dragapult|Flamethrower|p1a: Froslass\n|-supereffective|p1a: Froslass\n|-damage|p1a: Froslass|11\/100\n|move|p1a: Froslass|Double Team|p1a: Froslass\n|-boost|p1a: Froslass|evasion|1\n|\n|-weather|Snow|[upkeep]\n|upkeep\n|turn|3\n|\n|t:|1700975680\n|switch|p2a: Sylveon|Sylveon, F|100\/100\n|move|p1a: Froslass|Icy Wind|p2a: Sylveon\n|-damage|p2a: Sylveon|85\/100\n|-unboost|p2a: Sylveon|spe|1\n|\n|-weather|Snow|[upkeep]\n|-heal|p2a: Sylveon|91\/100|[from] item: Leftovers\n|upkeep\n|turn|4\n|\n|t:|1700975691\n|move|p1a: Froslass|Destiny Bond|p1a: Froslass\n|-singlemove|p1a: Froslass|Destiny Bond\n|move|p2a: Sylveon|Hyper Voice|p1a: Froslass|[miss]\n|-miss|p2a: Sylveon|p1a: Froslass\n|\n|-weather|Snow|[upkeep]\n|-heal|p2a: Sylveon|97\/100|[from] item: Leftovers\n|upkeep\n|turn|5\n|\n|t:|1700975697\n|move|p1a: Froslass|Double Team|p1a: Froslass\n|-boost|p1a: Froslass|evasion|1\n|move|p2a: Sylveon|Hyper Voice|p1a: Froslass\n|-damage|p1a: Froslass|0 fnt\n|faint|p1a: Froslass\n|\n|-weather|Snow|[upkeep]\n|-heal|p2a: Sylveon|100\/100|[from] item: Leftovers\n|upkeep\n|\n|t:|1700975704\n|switch|p1a: Iron Bundle|Iron Bundle, shiny|100\/100\n|turn|6\n|\n|t:|1700975709\n|move|p1a: Iron Bundle|Ice Beam|p2a: Sylveon\n|-damage|p2a: Sylveon|69\/100\n|move|p2a: Sylveon|Hyper Voice|p1a: Iron Bundle\n|-damage|p1a: Iron Bundle|0 fnt\n|faint|p1a: Iron Bundle\n|-end|p1a: Iron Bundle|Quark Drive|[silent]\n|\n|-weather|Snow|[upkeep]\n|-heal|p2a: Sylveon|75\/100|[from] item: Leftovers\n|upkeep\n|\n|t:|1700975717\n|switch|p1a: Chien-Pao|Chien-Pao|100\/100\n|-ability|p1a: Chien-Pao|Sword of Ruin\n|turn|7\n|\n|t:|1700975722\n|-terastallize|p1a: Chien-Pao|Electric\n|move|p1a: Chien-Pao|Tera Blast|p2a: Sylveon|[anim] Tera Blast Electric\n|-damage|p2a: Sylveon|5\/100\n|move|p2a: Sylveon|Hyper Voice|p1a: Chien-Pao\n|-damage|p1a: Chien-Pao|4\/100\n|\n|-weather|Snow|[upkeep]\n|-heal|p2a: Sylveon|11\/100|[from] item: Leftovers\n|upkeep\n|turn|8\n|\n|t:|1700975733\n|switch|p2a: Dragapult|Dragapult, F|100\/100\n|move|p1a: Chien-Pao|Tera Blast|p2a: Dragapult|[anim] Tera Blast Electric\n|-resisted|p2a: Dragapult\n|-damage|p2a: Dragapult|65\/100\n|\n|-weather|none\n|-heal|p2a: Dragapult|71\/100|[from] item: Leftovers\n|upkeep\n|turn|9\n|\n|t:|1700975742\n|-terastallize|p2a: Dragapult|Fire\n|move|p1a: Chien-Pao|Icicle Crash|p2a: Dragapult\n|-resisted|p2a: Dragapult\n|-damage|p2a: Dragapult|36\/100\n|move|p2a: Dragapult|Flamethrower|p1a: Chien-Pao\n|-damage|p1a: Chien-Pao|0 fnt\n|faint|p1a: Chien-Pao\n|\n|-heal|p2a: Dragapult|42\/100|[from] item: Leftovers\n|upkeep\n|\n|t:|1700975748\n|switch|p1a: Cetitan|Cetitan, M, shiny|100\/100\n|turn|10\n|\n|t:|1700975755\n|move|p2a: Dragapult|Will-O-Wisp|p1a: Cetitan\n|-status|p1a: Cetitan|brn\n|move|p1a: Cetitan|Earthquake|p2a: Dragapult\n|-supereffective|p2a: Dragapult\n|-damage|p2a: Dragapult|0 fnt\n|faint|p2a: Dragapult\n|\n|-damage|p1a: Cetitan|94\/100 brn|[from] brn\n|upkeep\n|\n|t:|1700975772\n|switch|p2a: Dudunsparce|Dudunsparce-Three-Segment, M|100\/100\n|turn|11\n|\n|t:|1700975776\n|move|p1a: Cetitan|Belly Drum|p1a: Cetitan\n|-damage|p1a: Cetitan|44\/100 brn\n|-setboost|p1a: Cetitan|atk|6|[from] move: Belly Drum\n|-enditem|p1a: Cetitan|Sitrus Berry|[eat]\n|-heal|p1a: Cetitan|69\/100 brn|[from] item: Sitrus Berry\n|move|p2a: Dudunsparce|Hyper Drill|p1a: Cetitan\n|-damage|p1a: Cetitan|26\/100 brn\n|\n|-damage|p1a: Cetitan|20\/100 brn|[from] brn\n|upkeep\n|turn|12\n|\n|t:|1700975787\n|move|p1a: Cetitan|Earthquake|p2a: Dudunsparce\n|-damage|p2a: Dudunsparce|38\/100\n|move|p2a: Dudunsparce|Hyper Drill|p1a: Cetitan\n|-damage|p1a: Cetitan|0 fnt\n|faint|p1a: Cetitan\n|\n|-heal|p2a: Dudunsparce|44\/100|[from] item: Leftovers\n|upkeep\n|\n|t:|1700975792\n|switch|p1a: Baxcalibur|Baxcalibur, M, shiny|100\/100\n|turn|13\n|\n|t:|1700975797\n|move|p1a: Baxcalibur|Dragon Dance|p1a: Baxcalibur\n|-boost|p1a: Baxcalibur|atk|1\n|-boost|p1a: Baxcalibur|spe|1\n|move|p2a: Dudunsparce|Body Slam|p1a: Baxcalibur\n|-damage|p1a: Baxcalibur|63\/100\n|-status|p1a: Baxcalibur|par\n|\n|-heal|p2a: Dudunsparce|50\/100|[from] item: Leftovers\n|upkeep\n|turn|14\n|\n|t:|1700975806\n|move|p1a: Baxcalibur|Dragon Dance|p1a: Baxcalibur\n|-boost|p1a: Baxcalibur|atk|1\n|-boost|p1a: Baxcalibur|spe|1\n|move|p2a: Dudunsparce|Hyper Drill|p1a: Baxcalibur\n|-damage|p1a: Baxcalibur|15\/100 par\n|\n|-heal|p2a: Dudunsparce|56\/100|[from] item: Leftovers\n|upkeep\n|turn|15\n|\n|t:|1700975812\n|move|p1a: Baxcalibur|Glaive Rush|p2a: Dudunsparce\n|-crit|p2a: Dudunsparce\n|-damage|p2a: Dudunsparce|0 fnt\n|-singlemove|p1a: Baxcalibur|Glaive Rush|[silent]\n|faint|p2a: Dudunsparce\n|\n|upkeep\n|\n|t:|1700975822\n|switch|p2a: Sylveon|Sylveon, F|11\/100\n|turn|16\n|\n|t:|1700975825\n|cant|p1a: Baxcalibur|par\n|move|p2a: Sylveon|Hyper Voice|p1a: Baxcalibur\n|-supereffective|p1a: Baxcalibur\n|-crit|p1a: Baxcalibur\n|-damage|p1a: Baxcalibur|0 fnt\n|faint|p1a: Baxcalibur\n|\n|win|Khryce\n|raw|theyfwyoungprince's rating: 1000 &rarr; <strong>1000<\/strong><br \/>(+0 for losing)\n|raw|Khryce's rating: 1112 &rarr; <strong>1129<\/strong><br \/>(+17 for winning)\n","uploadtime":1700975833,"views":8,"p1id":"theyfwyoungprince","p2id":"khryce","formatid":"gen9anythinggoes","rating":1000,"private":0,"password":""}