{"id":"gen9anythinggoes-1987273360","p1":"oOo Spume oOo","p2":"Hamonic Dog","format":"[Gen 9] Anything Goes","log":"|j|\u2606oOo Spume oOo\n|j|\u2606Hamonic Dog\n|t:|1699571877\n|gametype|singles\n|player|p1|oOo Spume oOo|evelyn|1570\n|player|p2|Hamonic Dog|169|1591\n|teamsize|p1|6\n|teamsize|p2|6\n|gen|9\n|tier|[Gen 9] Anything Goes\n|rated|\n|rule|HP Percentage Mod: HP is shown in percentages\n|rule|Endless Battle Clause: Forcing endless battles is banned\n|clearpoke\n|poke|p1|Ditto|\n|poke|p1|Wooper-Paldea, M|\n|poke|p1|Clodsire, M|\n|poke|p1|Arceus|\n|poke|p1|Eternatus|\n|poke|p1|Calyrex-Shadow|\n|poke|p2|Quaquaval, F|\n|poke|p2|Calyrex-Shadow|\n|poke|p2|Shaymin-Sky|\n|poke|p2|Kingambit, F|\n|poke|p2|Arceus|\n|poke|p2|Koraidon|\n|teampreview\n|inactive|Battle timer is ON: inactive players will automatically lose when time's up. (requested by oOo Spume oOo)\n|\n|t:|1699571890\n|start\n|switch|p1a: Wooper|Wooper-Paldea, M, shiny|100\/100\n|switch|p2a: Koraidon|Koraidon|100\/100\n|-weather|SunnyDay|[from] ability: Orichalcum Pulse|[of] p2a: Koraidon\n|-activate|p2a: Koraidon|Orichalcum Pulse|[source]\n|turn|1\n|\n|t:|1699571899\n|move|p2a: Koraidon|Collision Course|p1a: Wooper\n|-resisted|p1a: Wooper\n|-damage|p1a: Wooper|58\/100\n|move|p1a: Wooper|Toxic Spikes|p2a: Koraidon\n|-sidestart|p2: Hamonic Dog|move: Toxic Spikes\n|\n|-weather|SunnyDay|[upkeep]\n|upkeep\n|turn|2\n|\n|t:|1699571907\n|move|p2a: Koraidon|Flame Charge|p1a: Wooper\n|-damage|p1a: Wooper|12\/100\n|-boost|p2a: Koraidon|spe|1\n|move|p1a: Wooper|Toxic Spikes|p2a: Koraidon\n|-sidestart|p2: Hamonic Dog|move: Toxic Spikes\n|\n|-weather|SunnyDay|[upkeep]\n|upkeep\n|turn|3\n|\n|t:|1699571915\n|move|p2a: Koraidon|Flame Charge|p1a: Wooper\n|-damage|p1a: Wooper|0 fnt\n|-boost|p2a: Koraidon|spe|1\n|faint|p1a: Wooper\n|\n|-weather|SunnyDay|[upkeep]\n|upkeep\n|\n|t:|1699571921\n|switch|p1a: Clod|Clodsire, M, shiny|100\/100\n|turn|4\n|\n|t:|1699571929\n|move|p2a: Koraidon|Collision Course|p1a: Clod\n|-resisted|p1a: Clod\n|-damage|p1a: Clod|76\/100\n|move|p1a: Clod|Yawn|p2a: Koraidon\n|-start|p2a: Koraidon|move: Yawn|[of] p1a: Clod\n|\n|-weather|SunnyDay|[upkeep]\n|-heal|p1a: Clod|82\/100|[from] item: Leftovers\n|upkeep\n|turn|5\n|\n|t:|1699571949\n|switch|p2a: Quaquaval|Quaquaval, F|100\/100\n|-status|p2a: Quaquaval|tox\n|move|p1a: Clod|Stealth Rock|p2a: Quaquaval\n|-sidestart|p2: Hamonic Dog|move: Stealth Rock\n|\n|-weather|none\n|-heal|p1a: Clod|88\/100|[from] item: Leftovers\n|-damage|p2a: Quaquaval|94\/100 tox|[from] psn\n|upkeep\n|turn|6\n|\n|t:|1699571959\n|switch|p1a: Le Grapin|Eternatus, shiny|100\/100\n|-ability|p1a: Le Grapin|Pressure\n|move|p2a: Quaquaval|Rapid Spin|p1a: Le Grapin\n|-damage|p1a: Le Grapin|86\/100\n|-boost|p2a: Quaquaval|spe|1\n|-sideend|p2: Hamonic Dog|Toxic Spikes|[from] move: Rapid Spin|[of] p2a: Quaquaval\n|-sideend|p2: Hamonic Dog|Stealth Rock|[from] move: Rapid Spin|[of] p2a: Quaquaval\n|\n|-heal|p1a: Le Grapin|92\/100|[from] item: Leftovers\n|-damage|p2a: Quaquaval|82\/100 tox|[from] psn\n|upkeep\n|turn|7\n|\n|t:|1699571970\n|move|p2a: Quaquaval|Knock Off|p1a: Le Grapin\n|-damage|p1a: Le Grapin|64\/100\n|-enditem|p1a: Le Grapin|Leftovers|[from] move: Knock Off|[of] p2a: Quaquaval\n|move|p1a: Le Grapin|Dynamax Cannon|p2a: Quaquaval\n|-damage|p2a: Quaquaval|10\/100 tox\n|\n|-damage|p2a: Quaquaval|0 fnt|[from] psn\n|faint|p2a: Quaquaval\n|upkeep\n|\n|t:|1699571978\n|switch|p2a: Koraidon|Koraidon|100\/100\n|-weather|SunnyDay|[from] ability: Orichalcum Pulse|[of] p2a: Koraidon\n|-activate|p2a: Koraidon|Orichalcum Pulse|[source]\n|turn|8\n|\n|t:|1699571984\n|-terastallize|p1a: Le Grapin|Fairy\n|move|p2a: Koraidon|Scale Shot|p1a: Le Grapin\n|-immune|p1a: Le Grapin\n|move|p1a: Le Grapin|Dynamax Cannon|p2a: Koraidon\n|-supereffective|p2a: Koraidon\n|-enditem|p2a: Koraidon|Focus Sash\n|-damage|p2a: Koraidon|1\/100\n|\n|-weather|SunnyDay|[upkeep]\n|upkeep\n|turn|9\n|\n|t:|1699571995\n|switch|p1a: Clod|Clodsire, M, shiny|88\/100\n|move|p2a: Koraidon|Flame Charge|p1a: Clod\n|-damage|p1a: Clod|61\/100\n|-boost|p2a: Koraidon|spe|1\n|\n|-weather|SunnyDay|[upkeep]\n|-heal|p1a: Clod|68\/100|[from] item: Leftovers\n|upkeep\n|turn|10\n|\n|t:|1699572004\n|move|p2a: Koraidon|Flame Charge|p1a: Clod\n|-damage|p1a: Clod|41\/100\n|-boost|p2a: Koraidon|spe|1\n|move|p1a: Clod|Recover|p1a: Clod\n|-heal|p1a: Clod|91\/100\n|\n|-weather|SunnyDay|[upkeep]\n|-heal|p1a: Clod|98\/100|[from] item: Leftovers\n|upkeep\n|turn|11\n|\n|t:|1699572012\n|switch|p2a: Calyrex|Calyrex-Shadow|100\/100\n|-ability|p2a: Calyrex|As One\n|-ability|p2a: Calyrex|Unnerve\n|move|p1a: Clod|Stealth Rock|p2a: Calyrex\n|-sidestart|p2: Hamonic Dog|move: Stealth Rock\n|\n|-weather|SunnyDay|[upkeep]\n|-heal|p1a: Clod|100\/100|[from] item: Leftovers\n|upkeep\n|turn|12\n|\n|t:|1699572022\n|move|p2a: Calyrex|Psyshock|p1a: Clod\n|-supereffective|p1a: Clod\n|-damage|p1a: Clod|31\/100\n|move|p1a: Clod|Yawn|p2a: Calyrex\n|-start|p2a: Calyrex|move: Yawn|[of] p1a: Clod\n|\n|-weather|none\n|-heal|p1a: Clod|37\/100|[from] item: Leftovers\n|upkeep\n|turn|13\n|\n|t:|1699572030\n|move|p2a: Calyrex|Psyshock|p1a: Clod\n|-supereffective|p1a: Clod\n|-damage|p1a: Clod|0 fnt\n|faint|p1a: Clod\n|-ability|p2a: Calyrex|Grim Neigh|boost\n|-boost|p2a: Calyrex|spa|1\n|\n|-end|p2a: Calyrex|move: Yawn|[silent]\n|-status|p2a: Calyrex|slp\n|upkeep\n|\n|t:|1699572039\n|switch|p1a: Blue|Ditto, shiny|100\/100\n|-transform|p1a: Blue|p2a: Calyrex|[from] ability: Imposter\n|turn|14\n|\n|t:|1699572050\n|-terastallize|p2a: Calyrex|Normal\n|move|p1a: Blue|Draining Kiss|p2a: Calyrex\n|-damage|p2a: Calyrex|69\/100 slp\n|cant|p2a: Calyrex|slp\n|\n|upkeep\n|turn|15\n|\n|t:|1699572056\n|switch|p1a: God ?|Arceus, shiny|100\/100\n|cant|p2a: Calyrex|slp\n|\n|upkeep\n|turn|16\n|\n|t:|1699572061\n|cant|p2a: Calyrex|slp\n|move|p1a: God ?|Roar|p2a: Calyrex\n|drag|p2a: Koraidon|Koraidon|1\/100\n|-damage|p2a: Koraidon|0 fnt|[from] Stealth Rock\n|faint|p2a: Koraidon\n|\n|upkeep\n|c|\u2606Hamonic Dog|Dude\n|\n|t:|1699572078\n|switch|p2a: Shaymin|Shaymin-Sky|100\/100\n|-damage|p2a: Shaymin|76\/100|[from] Stealth Rock\n|turn|17\n|\n|t:|1699572082\n|move|p2a: Shaymin|Seed Flare|p1a: God ?\n|-damage|p1a: God ?|68\/100\n|-unboost|p1a: God ?|spd|2\n|move|p1a: God ?|Swords Dance|p1a: God ?\n|-boost|p1a: God ?|atk|2\n|\n|-heal|p1a: God ?|74\/100|[from] item: Leftovers\n|upkeep\n|turn|18\n|\n|t:|1699572091\n|move|p1a: God ?|Extreme Speed|p2a: Shaymin\n|-damage|p2a: Shaymin|0 fnt\n|faint|p2a: Shaymin\n|\n|-heal|p1a: God ?|80\/100|[from] item: Leftovers\n|upkeep\n|\n|t:|1699572093\n|switch|p2a: Calyrex|Calyrex-Shadow, tera:Normal|69\/100 slp\n|-ability|p2a: Calyrex|As One\n|-ability|p2a: Calyrex|Unnerve\n|-damage|p2a: Calyrex|56\/100 slp|[from] Stealth Rock\n|turn|19\n|\n|t:|1699572104\n|move|p1a: God ?|Extreme Speed|p2a: Calyrex\n|-damage|p2a: Calyrex|0 fnt\n|faint|p2a: Calyrex\n|\n|-heal|p1a: God ?|86\/100|[from] item: Leftovers\n|upkeep\n|c|\u2606Hamonic Dog|Your team is bad, 2 setters is bad for a team, If It wasn'mt horr\u00edvel Luck You would've Lost badly\n|inactive|Hamonic Dog has 120 seconds left.\n|-message|Hamonic Dog forfeited.\n|\n|win|oOo Spume oOo\n|raw|oOo Spume oOo's rating: 1570 &rarr; <strong>1591<\/strong><br \/>(+21 for winning)\n|raw|Hamonic Dog's rating: 1591 &rarr; <strong>1570<\/strong><br \/>(-21 for losing)\n|l|\u2606Hamonic Dog\n","uploadtime":1699572146,"views":5,"p1id":"ooospumeooo","p2id":"hamonicdog","formatid":"gen9anythinggoes","rating":1570,"private":0,"password":""}