{"id":"gen9anythinggoes-1981462064","p1":"fletchermed","p2":"Matt the Manectric","format":"[Gen 9] Anything Goes","log":"|j|\u2606fletchermed\n|j|\u2606Matt the Manectric\n|t:|1698899213\n|gametype|singles\n|player|p1|fletchermed|maid|1195\n|player|p2|Matt the Manectric|volo|1075\n|teamsize|p1|2\n|teamsize|p2|2\n|gen|9\n|tier|[Gen 9] Anything Goes\n|rated|\n|rule|HP Percentage Mod: HP is shown in percentages\n|rule|Endless Battle Clause: Forcing endless battles is banned\n|clearpoke\n|poke|p1|Shaymin-Sky|\n|poke|p1|Arceus|\n|poke|p2|Dudunsparce-*, F|\n|poke|p2|Darkrai|\n|teampreview\n|\n|t:|1698899219\n|start\n|switch|p1a: Arceus|Arceus|100\/100\n|switch|p2a: long guy|Dudunsparce-Three-Segment, F|100\/100\n|turn|1\n|c|\u2606Matt the Manectric|glhf\n|inactive|Battle timer is ON: inactive players will automatically lose when time's up. (requested by Matt the Manectric)\n|\n|t:|1698899223\n|move|p1a: Arceus|Thunder Wave|p2a: long guy\n|-status|p2a: long guy|par\n|move|p2a: long guy|Coil|p2a: long guy\n|-boost|p2a: long guy|atk|1\n|-boost|p2a: long guy|def|1\n|-boost|p2a: long guy|accuracy|1\n|\n|upkeep\n|turn|2\n|\n|t:|1698899227\n|move|p2a: long guy|Substitute|p2a: long guy\n|-start|p2a: long guy|Substitute\n|-damage|p2a: long guy|76\/100 par\n|move|p1a: Arceus|Dragon Tail|p2a: long guy\n|-activate|p2a: long guy|move: Substitute|[damage]\n|\n|upkeep\n|turn|3\n|\n|t:|1698899228\n|move|p2a: long guy|Coil|p2a: long guy\n|-boost|p2a: long guy|atk|1\n|-boost|p2a: long guy|def|1\n|-boost|p2a: long guy|accuracy|1\n|move|p1a: Arceus|Dragon Tail|p2a: long guy\n|-activate|p2a: long guy|move: Substitute|[damage]\n|\n|upkeep\n|turn|4\n|\n|t:|1698899230\n|move|p2a: long guy|Coil|p2a: long guy\n|-boost|p2a: long guy|atk|1\n|-boost|p2a: long guy|def|1\n|-boost|p2a: long guy|accuracy|1\n|move|p1a: Arceus|Roar|p2a: long guy\n|drag|p2a: Darkrai|Darkrai|100\/100\n|\n|upkeep\n|turn|5\n|\n|t:|1698899232\n|move|p1a: Arceus|Thunder Wave|p2a: Darkrai\n|-status|p2a: Darkrai|par\n|move|p2a: Darkrai|Hypnosis|p1a: Arceus\n|-status|p1a: Arceus|slp|[from] move: Hypnosis\n|\n|-damage|p1a: Arceus|88\/100 slp|[from] ability: Bad Dreams|[of] p2a: Darkrai\n|upkeep\n|turn|6\n|\n|t:|1698899237\n|switch|p1a: Shaymin|Shaymin-Sky|100\/100\n|switch|p2a: long guy|Dudunsparce-Three-Segment, F|76\/100 par\n|\n|upkeep\n|turn|7\n|\n|t:|1698899239\n|move|p1a: Shaymin|Air Slash|p2a: long guy\n|-damage|p2a: long guy|43\/100 par\n|-enditem|p2a: long guy|Sitrus Berry|[eat]\n|-heal|p2a: long guy|68\/100 par|[from] item: Sitrus Berry\n|cant|p2a: long guy|flinch\n|\n|upkeep\n|turn|8\n|\n|t:|1698899241\n|move|p1a: Shaymin|Air Slash|p2a: long guy\n|-damage|p2a: long guy|36\/100 par\n|cant|p2a: long guy|par\n|\n|upkeep\n|turn|9\n|\n|t:|1698899243\n|move|p1a: Shaymin|Air Slash|p2a: long guy\n|-damage|p2a: long guy|3\/100 par\n|cant|p2a: long guy|flinch\n|\n|upkeep\n|turn|10\n|\n|t:|1698899248\n|move|p1a: Shaymin|Air Slash|p2a: long guy\n|-damage|p2a: long guy|0 fnt\n|faint|p2a: long guy\n|\n|upkeep\n|\n|t:|1698899250\n|switch|p2a: Darkrai|Darkrai|100\/100 par\n|turn|11\n|\n|t:|1698899252\n|move|p1a: Shaymin|Air Slash|p2a: Darkrai\n|-damage|p2a: Darkrai|59\/100 par\n|cant|p2a: Darkrai|flinch\n|\n|-heal|p2a: Darkrai|65\/100 par|[from] item: Leftovers\n|upkeep\n|turn|12\n|\n|t:|1698899253\n|move|p1a: Shaymin|Air Slash|p2a: Darkrai\n|-damage|p2a: Darkrai|28\/100 par\n|cant|p2a: Darkrai|flinch\n|\n|-heal|p2a: Darkrai|34\/100 par|[from] item: Leftovers\n|upkeep\n|turn|13\n|\n|t:|1698899257\n|move|p1a: Shaymin|Air Slash|p2a: Darkrai\n|-damage|p2a: Darkrai|0 fnt\n|faint|p2a: Darkrai\n|\n|win|fletchermed\n|raw|fletchermed's rating: 1195 &rarr; <strong>1210<\/strong><br \/>(+15 for winning)\n|raw|Matt the Manectric's rating: 1055 &rarr; <strong>1044<\/strong><br \/>(-11 for losing)\n|c|\u2606Matt the Manectric|gg\n","uploadtime":1698899259,"views":5,"p1id":"fletchermed","p2id":"mattthemanectric","formatid":"gen9anythinggoes","rating":1044,"private":0,"password":""}