{"id":"gen9anythinggoes-1991231695","p1":"wdymthenameisthere","p2":"NoobeQv4","format":"[Gen 9] Anything Goes","log":"|j|\u2606wdymthenameisthere\n|j|\u2606NoobeQv4\n|t:|1700059551\n|gametype|singles\n|player|p1|wdymthenameisthere|volkner|1080\n|player|p2|NoobeQv4|1|1175\n|teamsize|p1|6\n|teamsize|p2|6\n|gen|9\n|tier|[Gen 9] Anything Goes\n|rated|\n|rule|HP Percentage Mod: HP is shown in percentages\n|rule|Endless Battle Clause: Forcing endless battles is banned\n|clearpoke\n|poke|p1|Calyrex-Shadow|\n|poke|p1|Annihilape, F|\n|poke|p1|Miraidon|\n|poke|p1|Urshifu-*, F|\n|poke|p1|Palafin, F|\n|poke|p1|Baxcalibur, F|\n|poke|p2|Grimmsnarl, M|\n|poke|p2|Hoopa-Unbound|\n|poke|p2|Tatsugiri, M|\n|poke|p2|Muk, M|\n|poke|p2|Forretress, M|\n|poke|p2|Polteageist|\n|teampreview\n|\n|t:|1700059555\n|start\n|switch|p1a: Calyrex|Calyrex-Shadow|100\/100\n|switch|p2a: Forretress|Forretress, M|100\/100\n|-ability|p1a: Calyrex|As One\n|-ability|p1a: Calyrex|Unnerve\n|turn|1\n|\n|t:|1700059566\n|-terastallize|p1a: Calyrex|Fighting\n|move|p1a: Calyrex|Astral Barrage|p2a: Forretress\n|-ability|p2a: Forretress|Sturdy\n|-damage|p2a: Forretress|1\/100\n|move|p2a: Forretress|Toxic Spikes|p1a: Calyrex\n|-sidestart|p1: wdymthenameisthere|move: Toxic Spikes\n|\n|upkeep\n|turn|2\n|\n|t:|1700059579\n|move|p1a: Calyrex|Astral Barrage|p2a: Forretress\n|-damage|p2a: Forretress|0 fnt\n|faint|p2a: Forretress\n|-ability|p1a: Calyrex|Grim Neigh|boost\n|-boost|p1a: Calyrex|spa|1\n|\n|upkeep\n|\n|t:|1700059582\n|switch|p2a: Muk|Muk, M|100\/100\n|turn|3\n|\n|t:|1700059588\n|move|p1a: Calyrex|Astral Barrage|p2a: Muk\n|-damage|p2a: Muk|0 fnt\n|faint|p2a: Muk\n|-ability|p1a: Calyrex|Grim Neigh|boost\n|-boost|p1a: Calyrex|spa|1\n|\n|upkeep\n|\n|t:|1700059593\n|switch|p2a: Grimmsnarl|Grimmsnarl, M|100\/100\n|turn|4\n|\n|t:|1700059598\n|move|p2a: Grimmsnarl|Light Screen|p2a: Grimmsnarl\n|-sidestart|p2: NoobeQv4|move: Light Screen\n|move|p1a: Calyrex|Astral Barrage|p2a: Grimmsnarl\n|-resisted|p2a: Grimmsnarl\n|-damage|p2a: Grimmsnarl|45\/100\n|\n|upkeep\n|turn|5\n|\n|t:|1700059606\n|move|p2a: Grimmsnarl|Thunder Wave|p1a: Calyrex\n|-status|p1a: Calyrex|par\n|move|p1a: Calyrex|Astral Barrage|p2a: Grimmsnarl\n|-resisted|p2a: Grimmsnarl\n|-damage|p2a: Grimmsnarl|0 fnt\n|faint|p2a: Grimmsnarl\n|-ability|p1a: Calyrex|Grim Neigh|boost\n|-boost|p1a: Calyrex|spa|1\n|\n|upkeep\n|\n|t:|1700059618\n|switch|p2a: Hoopa|Hoopa-Unbound|100\/100\n|turn|6\n|\n|t:|1700059622\n|move|p2a: Hoopa|Zen Headbutt|p1a: Calyrex\n|-supereffective|p1a: Calyrex\n|-damage|p1a: Calyrex|5\/100 par\n|cant|p1a: Calyrex|flinch\n|\n|upkeep\n|turn|7\n|\n|t:|1700059630\n|move|p2a: Hoopa|Zen Headbutt|p1a: Calyrex\n|-supereffective|p1a: Calyrex\n|-damage|p1a: Calyrex|0 fnt\n|faint|p1a: Calyrex\n|\n|upkeep\n|\n|t:|1700059636\n|switch|p1a: Miraidon|Miraidon|100\/100\n|-status|p1a: Miraidon|psn\n|-fieldstart|move: Electric Terrain|[from] ability: Hadron Engine|[of] p1a: Miraidon\n|turn|8\n|\n|t:|1700059648\n|move|p1a: Miraidon|Electro Drift|p2a: Hoopa\n|-damage|p2a: Hoopa|68\/100\n|-damage|p1a: Miraidon|91\/100 psn|[from] item: Life Orb\n|move|p2a: Hoopa|Hyperspace Fury|p1a: Miraidon\n|-damage|p1a: Miraidon|32\/100 psn\n|-unboost|p2a: Hoopa|def|1\n|\n|-damage|p1a: Miraidon|19\/100 psn|[from] psn\n|upkeep\n|turn|9\n|\n|t:|1700059794\n|move|p1a: Miraidon|Draco Meteor|p2a: Hoopa\n|-damage|p2a: Hoopa|36\/100\n|-unboost|p1a: Miraidon|spa|2\n|-damage|p1a: Miraidon|9\/100 psn|[from] item: Life Orb\n|move|p2a: Hoopa|Zen Headbutt|p1a: Miraidon|[miss]\n|-miss|p2a: Hoopa|p1a: Miraidon\n|\n|-damage|p1a: Miraidon|0 fnt|[from] psn\n|faint|p1a: Miraidon\n|upkeep\n|inactive|Battle timer is ON: inactive players will automatically lose when time's up. (requested by NoobeQv4)\n|\n|t:|1700059811\n|switch|p1a: Palafin|Palafin, F|100\/100\n|-status|p1a: Palafin|psn\n|turn|10\n|\n|t:|1700059816\n|move|p1a: Palafin|Flip Turn|p2a: Hoopa\n|-crit|p2a: Hoopa\n|-damage|p2a: Hoopa|0 fnt\n|faint|p2a: Hoopa\n|\n|t:|1700059822\n|detailschange|p1a: Palafin|Palafin-Hero, F\n|switch|p1a: Baxcalibur|Baxcalibur, F|100\/100|[from] Flip Turn\n|\n|upkeep\n|inactive|NoobeQv4 has 120 seconds left.\n|inactive|NoobeQv4 has 90 seconds left.\n|inactive|NoobeQv4 has 60 seconds left.\n|inactive|NoobeQv4 has 30 seconds left.\n|inactive|NoobeQv4 has 20 seconds left.\n|inactive|NoobeQv4 has 15 seconds left.\n|inactive|NoobeQv4 has 10 seconds left.\n|inactive|NoobeQv4 has 5 seconds left.\n|-message|NoobeQv4 lost due to inactivity.\n|\n|win|wdymthenameisthere\n|raw|wdymthenameisthere's rating: 1080 &rarr; <strong>1115<\/strong><br \/>(+35 for winning)\n|raw|NoobeQv4's rating: 1175 &rarr; <strong>1143<\/strong><br \/>(-32 for losing)\n","uploadtime":1700059990,"views":4,"p1id":"wdymthenameisthere","p2id":"noobeqv4","formatid":"gen9anythinggoes","rating":1115,"private":0,"password":""}