{"id":"gen9anythinggoes-1979071686","p1":"the arceus spam","p2":"ymmwinaround","format":"[Gen 9] Anything Goes","log":"|j|\u2606the arceus spam\n|j|\u2606ymmwinaround\n|t:|1698628529\n|gametype|singles\n|player|p1|the arceus spam|zinnia|1301\n|player|p2|ymmwinaround|jogger|1532\n|teamsize|p1|6\n|teamsize|p2|6\n|gen|9\n|tier|[Gen 9] Anything Goes\n|rated|\n|rule|HP Percentage Mod: HP is shown in percentages\n|rule|Endless Battle Clause: Forcing endless battles is banned\n|clearpoke\n|poke|p1|Arceus|\n|poke|p1|Toxapex, F|\n|poke|p1|Ting-Lu|\n|poke|p1|Arceus-Ground|\n|poke|p1|Arceus-Fairy|\n|poke|p1|Calyrex-Shadow|\n|poke|p2|Arceus-Fairy|\n|poke|p2|Ting-Lu|\n|poke|p2|Vivillon-Tundra, M|\n|poke|p2|Arceus|\n|poke|p2|Calyrex-Shadow|\n|poke|p2|Toxapex, F|\n|teampreview\n|c|\u2606the arceus spam|glhf\n|inactive|Battle timer is ON: inactive players will automatically lose when time's up. (requested by the arceus spam)\n|\n|t:|1698628567\n|start\n|switch|p1a: Arceus!!!|Arceus-Ground|100\/100\n|switch|p2a: Arceus|Arceus-Fairy|100\/100\n|turn|1\n|c|\u2606ymmwinaround|you too\n|\n|t:|1698628586\n|move|p1a: Arceus!!!|Calm Mind|p1a: Arceus!!!\n|-boost|p1a: Arceus!!!|spa|1\n|-boost|p1a: Arceus!!!|spd|1\n|move|p2a: Arceus|Will-O-Wisp|p1a: Arceus!!!\n|-status|p1a: Arceus!!!|brn\n|\n|-damage|p1a: Arceus!!!|94\/100 brn|[from] brn\n|upkeep\n|turn|2\n|c|\u2606ymmwinaround|awkward\n|\n|t:|1698628596\n|switch|p2a: Ting-Lu|Ting-Lu|100\/100\n|-ability|p2a: Ting-Lu|Vessel of Ruin\n|move|p1a: Arceus!!!|Calm Mind|p1a: Arceus!!!\n|-boost|p1a: Arceus!!!|spa|1\n|-boost|p1a: Arceus!!!|spd|1\n|\n|-damage|p1a: Arceus!!!|88\/100 brn|[from] brn\n|upkeep\n|turn|3\n|\n|t:|1698628604\n|move|p1a: Arceus!!!|Ice Beam|p2a: Ting-Lu\n|-supereffective|p2a: Ting-Lu\n|-damage|p2a: Ting-Lu|57\/100\n|move|p2a: Ting-Lu|Whirlwind|p1a: Arceus!!!\n|drag|p1a: Toxapex|Toxapex, F|100\/100\n|\n|-heal|p2a: Ting-Lu|64\/100|[from] item: Leftovers\n|upkeep\n|turn|4\n|\n|t:|1698628608\n|move|p2a: Ting-Lu|Taunt|p1a: Toxapex\n|-start|p1a: Toxapex|move: Taunt\n|cant|p1a: Toxapex|move: Taunt|Toxic\n|\n|-heal|p2a: Ting-Lu|70\/100|[from] item: Leftovers\n|upkeep\n|turn|5\n|c|\u2606the arceus spam|i feel like both teams are using the same sample team\n|inactive|the arceus spam has 120 seconds left.\n|c|\u2606ymmwinaround|we definitely are\n|\n|t:|1698628648\n|switch|p1a: Arceus!!!|Arceus-Fairy|100\/100\n|move|p2a: Ting-Lu|Spikes|p1a: Arceus!!!\n|-sidestart|p1: the arceus spam|Spikes\n|\n|-heal|p2a: Ting-Lu|76\/100|[from] item: Leftovers\n|upkeep\n|turn|6\n|inactive|ymmwinaround has 120 seconds left.\n|\n|t:|1698628679\n|switch|p2a: Toxapex|Toxapex, F|100\/100\n|move|p1a: Arceus!!!|Taunt|p2a: Toxapex\n|-start|p2a: Toxapex|move: Taunt\n|\n|upkeep\n|turn|7\n|inactive|ymmwinaround has 120 seconds left.\n|\n|t:|1698628692\n|switch|p2a: Arceus|Arceus-Fairy|100\/100\n|move|p1a: Arceus!!!|Calm Mind|p1a: Arceus!!!\n|-boost|p1a: Arceus!!!|spa|1\n|-boost|p1a: Arceus!!!|spd|1\n|\n|upkeep\n|turn|8\n|inactive|the arceus spam has 120 seconds left.\n|\n|t:|1698628701\n|move|p1a: Arceus!!!|Judgment|p2a: Arceus\n|-damage|p2a: Arceus|56\/100\n|move|p2a: Arceus|Calm Mind|p2a: Arceus\n|-boost|p2a: Arceus|spa|1\n|-boost|p2a: Arceus|spd|1\n|\n|upkeep\n|turn|9\n|inactive|the arceus spam has 120 seconds left.\n|\n|t:|1698628717\n|move|p1a: Arceus!!!|Judgment|p2a: Arceus\n|-damage|p2a: Arceus|26\/100\n|move|p2a: Arceus|Recover|p2a: Arceus\n|-heal|p2a: Arceus|77\/100\n|\n|upkeep\n|turn|10\n|inactive|the arceus spam has 120 seconds left.\n|\n|t:|1698628725\n|move|p1a: Arceus!!!|Taunt|p2a: Arceus\n|-start|p2a: Arceus|move: Taunt\n|move|p2a: Arceus|Judgment|p1a: Arceus!!!\n|-damage|p1a: Arceus!!!|70\/100\n|\n|upkeep\n|turn|11\n|inactive|ymmwinaround has 120 seconds left.\n|\n|t:|1698628756\n|-terastallize|p2a: Arceus|Poison\n|move|p1a: Arceus!!!|Calm Mind|p1a: Arceus!!!\n|-boost|p1a: Arceus!!!|spa|1\n|-boost|p1a: Arceus!!!|spd|1\n|move|p2a: Arceus|Judgment|p1a: Arceus!!!\n|-damage|p1a: Arceus!!!|46\/100\n|\n|upkeep\n|turn|12\n|\n|t:|1698628764\n|move|p1a: Arceus!!!|Recover|p1a: Arceus!!!\n|-heal|p1a: Arceus!!!|96\/100\n|move|p2a: Arceus|Judgment|p1a: Arceus!!!\n|-damage|p1a: Arceus!!!|74\/100\n|\n|-end|p2a: Arceus|move: Taunt\n|upkeep\n|turn|13\n|\n|t:|1698628773\n|switch|p2a: Calyrex|Calyrex-Shadow|100\/100\n|-ability|p2a: Calyrex|As One\n|-ability|p2a: Calyrex|Unnerve\n|move|p1a: Arceus!!!|Judgment|p2a: Calyrex\n|-damage|p2a: Calyrex|0 fnt\n|faint|p2a: Calyrex\n|\n|upkeep\n|inactive|ymmwinaround has 120 seconds left.\n|\n|t:|1698628784\n|switch|p2a: Arceus|Arceus|100\/100\n|turn|14\n|c|\u2606the arceus spam|misclick?\n|\n|t:|1698628790\n|move|p1a: Arceus!!!|Judgment|p2a: Arceus\n|-damage|p2a: Arceus|35\/100\n|move|p2a: Arceus|Swords Dance|p2a: Arceus\n|-boost|p2a: Arceus|atk|2\n|\n|upkeep\n|turn|15\n|c|\u2606ymmwinaround|no i thought you were gonna taunt\n|\n|t:|1698628806\n|move|p2a: Arceus|Extreme Speed|p1a: Arceus!!!\n|-damage|p1a: Arceus!!!|21\/100\n|move|p1a: Arceus!!!|Judgment|p2a: Arceus\n|-damage|p2a: Arceus|0 fnt\n|faint|p2a: Arceus\n|\n|upkeep\n|inactive|ymmwinaround has 120 seconds left.\n|\n|t:|1698628822\n|switch|p2a: Vivillon|Vivillon-Tundra, M|100\/100\n|turn|16\n|\n|t:|1698628827\n|move|p1a: Arceus!!!|Judgment|p2a: Vivillon\n|-damage|p2a: Vivillon|0 fnt\n|faint|p2a: Vivillon\n|\n|upkeep\n|\n|t:|1698628829\n|switch|p2a: Arceus|Arceus-Fairy, tera:Poison|77\/100\n|turn|17\n|\n|t:|1698628835\n|move|p1a: Arceus!!!|Taunt|p2a: Arceus\n|-start|p2a: Arceus|move: Taunt\n|move|p2a: Arceus|Judgment|p1a: Arceus!!!\n|-damage|p1a: Arceus!!!|5\/100\n|\n|upkeep\n|turn|18\n|\n|t:|1698628842\n|move|p1a: Arceus!!!|Recover|p1a: Arceus!!!\n|-heal|p1a: Arceus!!!|55\/100\n|move|p2a: Arceus|Judgment|p1a: Arceus!!!\n|-damage|p1a: Arceus!!!|37\/100\n|\n|upkeep\n|turn|19\n|\n|t:|1698628848\n|move|p1a: Arceus!!!|Recover|p1a: Arceus!!!\n|-heal|p1a: Arceus!!!|87\/100\n|move|p2a: Arceus|Judgment|p1a: Arceus!!!\n|-damage|p1a: Arceus!!!|71\/100\n|\n|-end|p2a: Arceus|move: Taunt\n|upkeep\n|turn|20\n|\n|t:|1698628855\n|switch|p2a: Toxapex|Toxapex, F|100\/100\n|move|p1a: Arceus!!!|Judgment|p2a: Toxapex\n|-resisted|p2a: Toxapex\n|-damage|p2a: Toxapex|60\/100\n|\n|upkeep\n|turn|21\n|\n|t:|1698628861\n|move|p1a: Arceus!!!|Taunt|p2a: Toxapex\n|-start|p2a: Toxapex|move: Taunt\n|cant|p2a: Toxapex|move: Taunt|Toxic\n|\n|upkeep\n|turn|22\n|l|\u2606ymmwinaround\n|inactive|ymmwinaround disconnected and has a minute to reconnect!\n|player|p2|\n|inactive|ymmwinaround has 30 seconds to reconnect!\n|inactive|ymmwinaround has 20 seconds to reconnect!\n|inactive|ymmwinaround has 15 seconds to reconnect!\n|inactive|ymmwinaround has 10 seconds to reconnect!\n|inactive|ymmwinaround has 5 seconds to reconnect!\n|-message|ymmwinaround lost due to inactivity.\n|\n|win|the arceus spam\n|raw|the arceus spam's rating: 1301 &rarr; <strong>1333<\/strong><br \/>(+32 for winning)\n|raw|ymmwinaround's rating: 1532 &rarr; <strong>1500<\/strong><br \/>(-32 for losing)\n","uploadtime":1698629402,"views":6,"p1id":"thearceusspam","p2id":"ymmwinaround","formatid":"gen9anythinggoes","rating":1333,"private":0,"password":""}