{"id":"gen9anythinggoes-1972972222","p1":"ytrtgdfg","p2":"gengengalixy","format":"[Gen 9] Anything Goes","log":"|j|\u2606ytrtgdfg\n|j|\u2606gengengalixy\n|t:|1697914224\n|gametype|singles\n|player|p1|ytrtgdfg|2|1000\n|player|p2|gengengalixy|170|1011\n|teamsize|p1|6\n|teamsize|p2|6\n|gen|9\n|tier|[Gen 9] Anything Goes\n|rated|\n|rule|HP Percentage Mod: HP is shown in percentages\n|rule|Endless Battle Clause: Forcing endless battles is banned\n|clearpoke\n|poke|p1|Haxorus, M|\n|poke|p1|Okidogi, M|\n|poke|p1|Vaporeon, M|\n|poke|p1|Florges-White, F|\n|poke|p1|Maushold-Four|\n|poke|p1|Cloyster, M|\n|poke|p2|Umbreon, M|\n|poke|p2|Zoroark, M|\n|poke|p2|Krookodile, F|\n|poke|p2|Muk-Alola, M|\n|poke|p2|Houndoom, F|\n|poke|p2|Hydreigon, M|\n|teampreview\n|inactive|Battle timer is ON: inactive players will automatically lose when time's up. (requested by gengengalixy)\n|inactive|gengengalixy has 120 seconds left.\n|inactive|ytrtgdfg has 120 seconds left.\n|inactive|gengengalixy has 90 seconds left.\n|\n|t:|1697914294\n|start\n|switch|p1a: Okidogi|Okidogi, M|100\/100\n|switch|p2a: Umbreon|Umbreon, M|100\/100\n|turn|1\n|c|\u2606gengengalixy|i promise when i say i chose a pokemon\n|\n|t:|1697914310\n|move|p2a: Umbreon|Thunder Wave|p1a: Okidogi\n|-status|p1a: Okidogi|par\n|cant|p1a: Okidogi|par\n|\n|upkeep\n|turn|2\n|\n|t:|1697914315\n|move|p2a: Umbreon|Light Screen|p2a: Umbreon\n|-sidestart|p2: gengengalixy|move: Light Screen\n|cant|p1a: Okidogi|par\n|\n|upkeep\n|turn|3\n|\n|t:|1697914318\n|move|p2a: Umbreon|Calm Mind|p2a: Umbreon\n|-boost|p2a: Umbreon|spa|1\n|-boost|p2a: Umbreon|spd|1\n|cant|p1a: Okidogi|par\n|\n|upkeep\n|turn|4\n|\n|t:|1697914322\n|move|p2a: Umbreon|Calm Mind|p2a: Umbreon\n|-boost|p2a: Umbreon|spa|1\n|-boost|p2a: Umbreon|spd|1\n|move|p1a: Okidogi|Poison Jab||[still]\n|-damage|p2a: Umbreon|70\/100\n|-status|p2a: Umbreon|tox|[from] ability: Toxic Chain|[of] p1a: Okidogi\n|-activate|p2a: Umbreon|ability: Synchronize\n|-fail|p2a: Umbreon\n|\n|-heal|p2a: Umbreon|76\/100 tox|[from] item: Leftovers\n|-damage|p2a: Umbreon|70\/100 tox|[from] psn\n|upkeep\n|turn|5\n|\n|t:|1697914331\n|move|p2a: Umbreon|Calm Mind|p2a: Umbreon\n|-boost|p2a: Umbreon|spa|1\n|-boost|p2a: Umbreon|spd|1\n|move|p1a: Okidogi|Bulk Up|p1a: Okidogi\n|-boost|p1a: Okidogi|atk|1\n|-boost|p1a: Okidogi|def|1\n|\n|-heal|p2a: Umbreon|76\/100 tox|[from] item: Leftovers\n|-damage|p2a: Umbreon|64\/100 tox|[from] psn\n|upkeep\n|turn|6\n|\n|t:|1697914333\n|move|p2a: Umbreon|Dark Pulse|p1a: Okidogi\n|-resisted|p1a: Okidogi\n|-damage|p1a: Okidogi|76\/100 par\n|cant|p1a: Okidogi|par\n|\n|-heal|p2a: Umbreon|70\/100 tox|[from] item: Leftovers\n|-heal|p1a: Okidogi|82\/100 par|[from] item: Leftovers\n|-damage|p2a: Umbreon|52\/100 tox|[from] psn\n|-sideend|p2: gengengalixy|move: Light Screen\n|upkeep\n|turn|7\n|\n|t:|1697914339\n|move|p2a: Umbreon|Dark Pulse|p1a: Okidogi\n|-resisted|p1a: Okidogi\n|-damage|p1a: Okidogi|59\/100 par\n|move|p1a: Okidogi|Counter||[still]\n|-fail|p1a: Okidogi\n|\n|-heal|p2a: Umbreon|58\/100 tox|[from] item: Leftovers\n|-heal|p1a: Okidogi|65\/100 par|[from] item: Leftovers\n|-damage|p2a: Umbreon|33\/100 tox|[from] psn\n|upkeep\n|turn|8\n|\n|t:|1697914344\n|move|p2a: Umbreon|Light Screen|p2a: Umbreon\n|-sidestart|p2: gengengalixy|move: Light Screen\n|move|p1a: Okidogi|Iron Head|p2a: Umbreon\n|-damage|p2a: Umbreon|1\/100 tox\n|\n|-heal|p2a: Umbreon|7\/100 tox|[from] item: Leftovers\n|-heal|p1a: Okidogi|72\/100 par|[from] item: Leftovers\n|-damage|p2a: Umbreon|0 fnt|[from] psn\n|faint|p2a: Umbreon\n|upkeep\n|\n|t:|1697914348\n|switch|p2a: Hydreigon|Hydreigon, M|100\/100\n|turn|9\n|\n|t:|1697914355\n|move|p2a: Hydreigon|Knock Off|p1a: Okidogi\n|-resisted|p1a: Okidogi\n|-damage|p1a: Okidogi|64\/100 par\n|-enditem|p1a: Okidogi|Leftovers|[from] move: Knock Off|[of] p2a: Hydreigon\n|move|p1a: Okidogi|Poison Jab|p2a: Hydreigon\n|-damage|p2a: Hydreigon|14\/100\n|replace|p2a: Zoroark|Zoroark, M\n|-end|p2a: Zoroark|Illusion\n|-status|p2a: Zoroark|tox|[from] ability: Toxic Chain|[of] p1a: Okidogi\n|\n|-heal|p2a: Zoroark|20\/100 tox|[from] item: Leftovers\n|-damage|p2a: Zoroark|14\/100 tox|[from] psn\n|upkeep\n|turn|10\n|\n|t:|1697914366\n|move|p2a: Zoroark|Encore|p1a: Okidogi\n|-start|p1a: Okidogi|Encore\n|move|p1a: Okidogi|Poison Jab|p2a: Zoroark\n|-damage|p2a: Zoroark|0 fnt\n|faint|p2a: Zoroark\n|\n|upkeep\n|\n|t:|1697914370\n|switch|p2a: Muk|Muk-Alola, M|100\/100\n|turn|11\n|\n|t:|1697914388\n|switch|p1a: Maushold|Maushold-Four|100\/100\n|move|p2a: Muk|Zen Headbutt|p1a: Maushold\n|-damage|p1a: Maushold|63\/100\n|-status|p1a: Maushold|psn|[from] ability: Poison Touch|[of] p2a: Muk\n|\n|-damage|p1a: Maushold|50\/100 psn|[from] psn\n|upkeep\n|turn|12\n|\n|t:|1697914396\n|move|p1a: Maushold|Population Bomb|p2a: Muk\n|-damage|p2a: Muk|94\/100\n|-damage|p2a: Muk|86\/100\n|-hitcount|p2a: Muk|2\n|cant|p2a: Muk|flinch\n|\n|-heal|p2a: Muk|93\/100|[from] item: Leftovers\n|-damage|p1a: Maushold|38\/100 psn|[from] psn\n|-sideend|p2: gengengalixy|move: Light Screen\n|upkeep\n|turn|13\n|\n|t:|1697914406\n|move|p1a: Maushold|Population Bomb|p2a: Muk\n|-damage|p2a: Muk|85\/100\n|-damage|p2a: Muk|78\/100\n|-damage|p2a: Muk|70\/100\n|-damage|p2a: Muk|63\/100\n|-damage|p2a: Muk|56\/100\n|-damage|p2a: Muk|49\/100\n|-hitcount|p2a: Muk|6\n|cant|p2a: Muk|flinch\n|\n|-heal|p2a: Muk|55\/100|[from] item: Leftovers\n|-damage|p1a: Maushold|25\/100 psn|[from] psn\n|upkeep\n|turn|14\n|\n|t:|1697914418\n|move|p1a: Maushold|Population Bomb|p2a: Muk\n|-damage|p2a: Muk|47\/100\n|-damage|p2a: Muk|41\/100\n|-damage|p2a: Muk|33\/100\n|-damage|p2a: Muk|25\/100\n|-damage|p2a: Muk|17\/100\n|-damage|p2a: Muk|9\/100\n|-damage|p2a: Muk|2\/100\n|-damage|p2a: Muk|0 fnt\n|faint|p2a: Muk\n|-hitcount|p2: Muk|8\n|\n|-damage|p1a: Maushold|13\/100 psn|[from] psn\n|upkeep\n|\n|t:|1697914425\n|switch|p2a: Krookodile|Krookodile, F|100\/100\n|turn|15\n|\n|t:|1697914435\n|move|p1a: Maushold|Thunder Wave|p2a: Krookodile\n|-immune|p2a: Krookodile\n|move|p2a: Krookodile|Bulk Up|p2a: Krookodile\n|-boost|p2a: Krookodile|atk|1\n|-boost|p2a: Krookodile|def|1\n|\n|-damage|p1a: Maushold|0 fnt|[from] psn\n|faint|p1a: Maushold\n|upkeep\n|\n|t:|1697914446\n|switch|p1a: Florges|Florges-White, F, shiny|100\/100\n|turn|16\n|\n|t:|1697914455\n|move|p2a: Krookodile|Knock Off|p1a: Florges\n|-resisted|p1a: Florges\n|-damage|p1a: Florges|58\/100\n|-enditem|p1a: Florges|Assault Vest|[from] move: Knock Off|[of] p2a: Krookodile\n|move|p1a: Florges|Chilling Water|p2a: Krookodile\n|-supereffective|p2a: Krookodile\n|-damage|p2a: Krookodile|66\/100\n|-unboost|p2a: Krookodile|atk|1\n|\n|-heal|p2a: Krookodile|73\/100|[from] item: Leftovers\n|upkeep\n|turn|17\n|\n|t:|1697914466\n|move|p2a: Krookodile|Aqua Tail|p1a: Florges\n|-damage|p1a: Florges|19\/100\n|move|p1a: Florges|Wish|p1a: Florges\n|\n|-heal|p2a: Krookodile|79\/100|[from] item: Leftovers\n|upkeep\n|turn|18\n|\n|t:|1697914481\n|switch|p1a: Okidogi|Okidogi, M|64\/100 par\n|move|p2a: Krookodile|Aqua Tail|p1a: Okidogi\n|-damage|p1a: Okidogi|48\/100 par\n|\n|-heal|p1a: Okidogi|95\/100 par|[from] move: Wish|[wisher] Florges\n|-heal|p2a: Krookodile|85\/100|[from] item: Leftovers\n|upkeep\n|turn|19\n|\n|t:|1697914495\n|move|p2a: Krookodile|Bulk Up|p2a: Krookodile\n|-boost|p2a: Krookodile|atk|1\n|-boost|p2a: Krookodile|def|1\n|move|p1a: Okidogi|Poison Jab|p2a: Krookodile\n|-resisted|p2a: Krookodile\n|-damage|p2a: Krookodile|78\/100\n|-status|p2a: Krookodile|psn\n|\n|-heal|p2a: Krookodile|84\/100 psn|[from] item: Leftovers\n|-damage|p2a: Krookodile|72\/100 psn|[from] psn\n|upkeep\n|turn|20\n|\n|t:|1697914504\n|move|p2a: Krookodile|Aqua Tail|p1a: Okidogi\n|-damage|p1a: Okidogi|69\/100 par\n|cant|p1a: Okidogi|par\n|\n|-heal|p2a: Krookodile|78\/100 psn|[from] item: Leftovers\n|-damage|p2a: Krookodile|65\/100 psn|[from] psn\n|upkeep\n|turn|21\n|\n|t:|1697914508\n|move|p2a: Krookodile|Aqua Tail|p1a: Okidogi\n|-damage|p1a: Okidogi|43\/100 par\n|move|p1a: Okidogi|Iron Head|p2a: Krookodile\n|-damage|p2a: Krookodile|55\/100 psn\n|\n|-heal|p2a: Krookodile|61\/100 psn|[from] item: Leftovers\n|-damage|p2a: Krookodile|49\/100 psn|[from] psn\n|upkeep\n|turn|22\n|\n|t:|1697914515\n|move|p2a: Krookodile|Aqua Tail|p1a: Okidogi\n|-damage|p1a: Okidogi|20\/100 par\n|move|p1a: Okidogi|Iron Head|p2a: Krookodile\n|-damage|p2a: Krookodile|37\/100 psn\n|\n|-heal|p2a: Krookodile|44\/100 psn|[from] item: Leftovers\n|-damage|p2a: Krookodile|31\/100 psn|[from] psn\n|upkeep\n|turn|23\n|\n|t:|1697914527\n|move|p2a: Krookodile|Aqua Tail|p1a: Okidogi\n|-damage|p1a: Okidogi|0 fnt\n|faint|p1a: Okidogi\n|-ability|p2a: Krookodile|Moxie|boost\n|-boost|p2a: Krookodile|atk|1\n|\n|-heal|p2a: Krookodile|37\/100 psn|[from] item: Leftovers\n|-damage|p2a: Krookodile|25\/100 psn|[from] psn\n|upkeep\n|\n|t:|1697914533\n|switch|p1a: Vaporeon|Vaporeon, M|100\/100\n|turn|24\n|\n|t:|1697914541\n|move|p2a: Krookodile|Knock Off|p1a: Vaporeon\n|-damage|p1a: Vaporeon|0 fnt\n|-enditem|p1a: Vaporeon|Leftovers|[from] move: Knock Off|[of] p2a: Krookodile\n|faint|p1a: Vaporeon\n|-ability|p2a: Krookodile|Moxie|boost\n|-boost|p2a: Krookodile|atk|1\n|\n|-heal|p2a: Krookodile|31\/100 psn|[from] item: Leftovers\n|-damage|p2a: Krookodile|19\/100 psn|[from] psn\n|upkeep\n|\n|t:|1697914549\n|switch|p1a: Cloyster|Cloyster, M|100\/100\n|turn|25\n|\n|t:|1697914578\n|move|p2a: Krookodile|Knock Off|p1a: Cloyster\n|-damage|p1a: Cloyster|32\/100\n|-enditem|p1a: Cloyster|King's Rock|[from] move: Knock Off|[of] p2a: Krookodile\n|move|p1a: Cloyster|Icicle Spear|p2a: Krookodile\n|-supereffective|p2a: Krookodile\n|-damage|p2a: Krookodile|8\/100 psn\n|-supereffective|p2a: Krookodile\n|-damage|p2a: Krookodile|0 fnt\n|faint|p2a: Krookodile\n|-hitcount|p2: Krookodile|2\n|\n|upkeep\n|\n|t:|1697914584\n|switch|p2a: Houndoom|Houndoom, F|100\/100\n|turn|26\n|\n|t:|1697914593\n|move|p2a: Houndoom|Shadow Ball|p1a: Cloyster\n|-damage|p1a: Cloyster|0 fnt\n|faint|p1a: Cloyster\n|\n|upkeep\n|\n|t:|1697914597\n|switch|p1a: Florges|Florges-White, F, shiny|19\/100\n|turn|27\n|\n|t:|1697914610\n|move|p2a: Houndoom|Flamethrower|p1a: Florges\n|-damage|p1a: Florges|0 fnt\n|faint|p1a: Florges\n|\n|upkeep\n|\n|t:|1697914616\n|switch|p1a: Haxorus|Haxorus, M|100\/100\n|-ability|p1a: Haxorus|Mold Breaker\n|turn|28\n|\n|t:|1697914625\n|move|p1a: Haxorus|Close Combat|p2a: Houndoom\n|-supereffective|p2a: Houndoom\n|-enditem|p2a: Houndoom|Focus Sash\n|-damage|p2a: Houndoom|1\/100\n|-unboost|p1a: Haxorus|def|1\n|-unboost|p1a: Haxorus|spd|1\n|move|p2a: Houndoom|Will-O-Wisp|p1a: Haxorus\n|-status|p1a: Haxorus|brn\n|\n|-damage|p1a: Haxorus|94\/100 brn|[from] brn\n|upkeep\n|turn|29\n|\n|t:|1697914630\n|move|p1a: Haxorus|Close Combat|p2a: Houndoom\n|-supereffective|p2a: Houndoom\n|-damage|p2a: Houndoom|0 fnt\n|-unboost|p1a: Haxorus|def|1\n|-unboost|p1a: Haxorus|spd|1\n|faint|p2a: Houndoom\n|\n|-damage|p1a: Haxorus|88\/100 brn|[from] brn\n|upkeep\n|\n|t:|1697914633\n|switch|p2a: Hydreigon|Hydreigon, M|100\/100\n|turn|30\n|\n|t:|1697914639\n|-terastallize|p2a: Hydreigon|Dark\n|move|p1a: Haxorus|Close Combat|p2a: Hydreigon\n|-supereffective|p2a: Hydreigon\n|-damage|p2a: Hydreigon|35\/100\n|-unboost|p1a: Haxorus|def|1\n|-unboost|p1a: Haxorus|spd|1\n|move|p2a: Hydreigon|Dragon Dance|p2a: Hydreigon\n|-boost|p2a: Hydreigon|atk|1\n|-boost|p2a: Hydreigon|spe|1\n|\n|-damage|p1a: Haxorus|82\/100 brn|[from] brn\n|upkeep\n|turn|31\n|\n|t:|1697914645\n|move|p2a: Hydreigon|Acrobatics|p1a: Haxorus\n|-damage|p1a: Haxorus|0 fnt\n|faint|p1a: Haxorus\n|\n|win|gengengalixy\n|raw|ytrtgdfg's rating: 1000 &rarr; <strong>1000<\/strong><br \/>(+0 for losing)\n|raw|gengengalixy's rating: 1011 &rarr; <strong>1048<\/strong><br \/>(+37 for winning)\n","uploadtime":1697914652,"views":9,"p1id":"ytrtgdfg","p2id":"gengengalixy","formatid":"gen9anythinggoes","rating":1000,"private":0,"password":""}