{"id":"gen9anythinggoes-1984197312","p1":"ldsedam","p2":"tafkar1324","format":"[Gen 9] Anything Goes","log":"|j|\u2606ldsedam\n|j|\u2606tafkar1324\n|t:|1699229093\n|gametype|singles\n|player|p1|ldsedam|lance|\n|player|p2|tafkar1324|skyla-masters|\n|teamsize|p1|6\n|teamsize|p2|6\n|gen|9\n|tier|[Gen 9] Anything Goes\n|rule|HP Percentage Mod: HP is shown in percentages\n|rule|Endless Battle Clause: Forcing endless battles is banned\n|clearpoke\n|poke|p1|Dragapult, F|\n|poke|p1|Grafaiai, M|\n|poke|p1|Tauros-Paldea-Blaze, M|\n|poke|p1|Corviknight, F|\n|poke|p1|Shaymin|\n|poke|p1|Espeon, M|\n|poke|p2|Torterra, M|\n|poke|p2|Ursaluna-Bloodmoon, M|\n|poke|p2|Ninetales-Alola, F|\n|poke|p2|Empoleon, M|\n|poke|p2|Zoroark-Hisui, M|\n|poke|p2|Mienshao, M|\n|teampreview\n|inactive|Battle timer is ON: inactive players will automatically lose when time's up. (requested by tafkar1324)\n|inactiveoff|Battle timer is now OFF.\n|inactive|Battle timer is ON: inactive players will automatically lose when time's up. (requested by ldsedam)\n|inactiveoff|Battle timer is now OFF.\n|j| KKeating375\n|\n|t:|1699229158\n|start\n|switch|p1a: Espeon|Espeon, M|100\/100\n|switch|p2a: Ursaluna|Ursaluna-Bloodmoon, M|100\/100\n|turn|1\n|\n|t:|1699229175\n|move|p1a: Espeon|Future Sight|p2a: Ursaluna\n|-start|p1a: Espeon|move: Future Sight\n|move|p2a: Ursaluna|Calm Mind|p2a: Ursaluna\n|-boost|p2a: Ursaluna|spa|1\n|-boost|p2a: Ursaluna|spd|1\n|\n|upkeep\n|turn|2\n|\n|t:|1699229188\n|switch|p1a: Tauros|Tauros-Paldea-Blaze, M|100\/100\n|-ability|p1a: Tauros|Intimidate|boost\n|-unboost|p2a: Ursaluna|atk|1\n|move|p2a: Ursaluna|Calm Mind|p2a: Ursaluna\n|-boost|p2a: Ursaluna|spa|1\n|-boost|p2a: Ursaluna|spd|1\n|\n|upkeep\n|turn|3\n|\n|t:|1699229200\n|move|p1a: Tauros|Close Combat|p2a: Ursaluna\n|-supereffective|p2a: Ursaluna\n|-damage|p2a: Ursaluna|0 fnt\n|-unboost|p1a: Tauros|def|1\n|-unboost|p1a: Tauros|spd|1\n|faint|p2a: Ursaluna\n|\n|-hint|Future Sight did not hit because the target is fainted.\n|upkeep\n|\n|t:|1699229213\n|switch|p2a: Torterra|Torterra, M|100\/100\n|turn|4\n|\n|t:|1699229241\n|switch|p1a: Shaymin|Shaymin|100\/100\n|move|p2a: Torterra|Nasty Plot|p2a: Torterra\n|-boost|p2a: Torterra|spa|2\n|\n|upkeep\n|turn|5\n|\n|t:|1699229260\n|move|p2a: Torterra|Flamethrower|p1a: Shaymin\n|-supereffective|p1a: Shaymin\n|-damage|p1a: Shaymin|0 fnt\n|faint|p1a: Shaymin\n|-damage|p2a: Torterra|91\/100|[from] item: Life Orb\n|\n|upkeep\n|\n|t:|1699229284\n|switch|p1a: Espeon|Espeon, M|100\/100\n|turn|6\n|\n|t:|1699229291\n|-terastallize|p1a: Espeon|Steel\n|move|p1a: Espeon|Future Sight|p2a: Torterra\n|-start|p1a: Espeon|move: Future Sight\n|move|p2a: Torterra|Bitter Malice|p1a: Espeon\n|-damage|p1a: Espeon|0 fnt\n|faint|p1a: Espeon\n|-damage|p2a: Torterra|81\/100|[from] item: Life Orb\n|\n|upkeep\n|\n|t:|1699229316\n|switch|p1a: Dragapult|Dragapult, F|100\/100\n|turn|7\n|\n|t:|1699229323\n|switch|p2a: Empoleon|Empoleon, M|100\/100\n|move|p1a: Dragapult|Dragon Pulse|p2a: Empoleon\n|-resisted|p2a: Empoleon\n|-damage|p2a: Empoleon|75\/100\n|\n|-heal|p2a: Empoleon|81\/100|[from] item: Leftovers\n|upkeep\n|turn|8\n|\n|t:|1699229359\n|switch|p1a: Corviknight|Corviknight, F|100\/100\n|-ability|p1a: Corviknight|Pressure\n|move|p2a: Empoleon|Stealth Rock|p1a: Corviknight\n|-sidestart|p1: ldsedam|move: Stealth Rock\n|\n|-end|p2a: Empoleon|move: Future Sight\n|-resisted|p2a: Empoleon\n|-damage|p2a: Empoleon|49\/100\n|-heal|p2a: Empoleon|55\/100|[from] item: Leftovers\n|upkeep\n|turn|9\n|\n|t:|1699229370\n|move|p1a: Corviknight|Defog|p2a: Empoleon\n|-unboost|p2a: Empoleon|evasion|1\n|-ability|p2a: Empoleon|Competitive|boost\n|-boost|p2a: Empoleon|spa|2\n|-sideend|p1: ldsedam|Stealth Rock|[from] move: Defog|[of] p1a: Corviknight\n|move|p2a: Empoleon|Roost|p2a: Empoleon\n|-heal|p2a: Empoleon|100\/100\n|-singleturn|p2a: Empoleon|move: Roost\n|\n|upkeep\n|turn|10\n|\n|t:|1699229377\n|switch|p1a: Grafaiai|Grafaiai, M|100\/100\n|move|p2a: Empoleon|Stealth Rock|p1a: Grafaiai\n|-sidestart|p1: ldsedam|move: Stealth Rock\n|\n|upkeep\n|turn|11\n|\n|t:|1699229387\n|move|p1a: Grafaiai|Knock Off|p2a: Empoleon\n|-damage|p2a: Empoleon|80\/100\n|-enditem|p2a: Empoleon|Leftovers|[from] move: Knock Off|[of] p1a: Grafaiai\n|move|p2a: Empoleon|Ice Beam|p1a: Grafaiai\n|-damage|p1a: Grafaiai|25\/100\n|\n|upkeep\n|turn|12\n|\n|t:|1699229396\n|move|p1a: Grafaiai|Knock Off|p2a: Empoleon\n|-damage|p2a: Empoleon|66\/100\n|move|p2a: Empoleon|Ice Beam|p1a: Grafaiai\n|-damage|p1a: Grafaiai|0 fnt\n|faint|p1a: Grafaiai\n|\n|upkeep\n|\n|t:|1699229403\n|switch|p1a: Tauros|Tauros-Paldea-Blaze, M|100\/100\n|-damage|p1a: Tauros|88\/100|[from] Stealth Rock\n|-ability|p1a: Tauros|Intimidate|boost\n|-unboost|p2a: Empoleon|atk|1\n|-ability|p2a: Empoleon|Competitive|boost\n|-boost|p2a: Empoleon|spa|2\n|turn|13\n|\n|t:|1699229413\n|switch|p2a: Torterra|Torterra, M|81\/100\n|move|p1a: Tauros|Flare Blitz|p2a: Torterra\n|-damage|p2a: Torterra|0 fnt\n|replace|p2a: Zoroark|Zoroark-Hisui, M\n|-end|p2a: Zoroark|Illusion\n|faint|p2a: Zoroark\n|-damage|p1a: Tauros|65\/100|[from] Recoil\n|\n|upkeep\n|\n|t:|1699229434\n|switch|p2a: Mienshao|Mienshao, M|100\/100\n|turn|14\n|\n|t:|1699229466\n|move|p2a: Mienshao|Knock Off|p1a: Tauros\n|-resisted|p1a: Tauros\n|-damage|p1a: Tauros|42\/100\n|-enditem|p1a: Tauros|Choice Band|[from] move: Knock Off|[of] p2a: Mienshao\n|-damage|p2a: Mienshao|91\/100|[from] item: Life Orb\n|move|p1a: Tauros|Flare Blitz|p2a: Mienshao\n|-damage|p2a: Mienshao|0 fnt\n|faint|p2a: Mienshao\n|-damage|p1a: Tauros|14\/100|[from] Recoil\n|\n|upkeep\n|\n|t:|1699229473\n|switch|p2a: Ninetales|Ninetales-Alola, F|100\/100\n|-weather|Snow|[from] ability: Snow Warning|[of] p2a: Ninetales\n|turn|15\n|\n|t:|1699229479\n|move|p2a: Ninetales|Moonblast|p1a: Tauros\n|-damage|p1a: Tauros|0 fnt\n|faint|p1a: Tauros\n|\n|-weather|Snow|[upkeep]\n|upkeep\n|\n|t:|1699229482\n|switch|p1a: Corviknight|Corviknight, F|100\/100\n|-damage|p1a: Corviknight|88\/100|[from] Stealth Rock\n|-ability|p1a: Corviknight|Pressure\n|turn|16\n|\n|t:|1699229490\n|move|p2a: Ninetales|Blizzard|p1a: Corviknight\n|-damage|p1a: Corviknight|53\/100\n|move|p1a: Corviknight|Iron Head|p2a: Ninetales\n|-supereffective|p2a: Ninetales\n|-damage|p2a: Ninetales|4\/100\n|\n|-weather|Snow|[upkeep]\n|-heal|p1a: Corviknight|59\/100|[from] item: Leftovers\n|upkeep\n|turn|17\n|\n|t:|1699229498\n|move|p2a: Ninetales|Aurora Veil|p2a: Ninetales\n|-sidestart|p2: tafkar1324|move: Aurora Veil\n|move|p1a: Corviknight|Defog|p2a: Ninetales\n|-unboost|p2a: Ninetales|evasion|1\n|-sideend|p2: tafkar1324|move: Aurora Veil\n|-sideend|p1: ldsedam|Stealth Rock|[from] move: Defog|[of] p1a: Corviknight\n|\n|-weather|Snow|[upkeep]\n|-heal|p1a: Corviknight|65\/100|[from] item: Leftovers\n|upkeep\n|turn|18\n|\n|t:|1699229502\n|move|p2a: Ninetales|Encore|p1a: Corviknight\n|-start|p1a: Corviknight|Encore\n|move|p1a: Corviknight|Defog|p2a: Ninetales\n|-unboost|p2a: Ninetales|evasion|1\n|\n|-weather|Snow|[upkeep]\n|-heal|p1a: Corviknight|71\/100|[from] item: Leftovers\n|upkeep\n|turn|19\n|\n|t:|1699229506\n|move|p2a: Ninetales|Blizzard|p1a: Corviknight\n|-damage|p1a: Corviknight|34\/100\n|move|p1a: Corviknight|Defog|p2a: Ninetales\n|-unboost|p2a: Ninetales|evasion|1\n|\n|-weather|none\n|-heal|p1a: Corviknight|40\/100|[from] item: Leftovers\n|upkeep\n|turn|20\n|\n|t:|1699229515\n|move|p2a: Ninetales|Blizzard|p1a: Corviknight\n|-damage|p1a: Corviknight|3\/100\n|move|p1a: Corviknight|Defog|p2a: Ninetales\n|-unboost|p2a: Ninetales|evasion|1\n|\n|-heal|p1a: Corviknight|9\/100|[from] item: Leftovers\n|-end|p1a: Corviknight|Encore\n|upkeep\n|turn|21\n|\n|t:|1699229529\n|move|p2a: Ninetales|Moonblast|p1a: Corviknight\n|-resisted|p1a: Corviknight\n|-damage|p1a: Corviknight|0 fnt\n|faint|p1a: Corviknight\n|\n|upkeep\n|\n|t:|1699229531\n|switch|p1a: Dragapult|Dragapult, F|100\/100\n|turn|22\n|\n|t:|1699229583\n|move|p1a: Dragapult|Flamethrower|p2a: Ninetales\n|-supereffective|p2a: Ninetales\n|-crit|p2a: Ninetales\n|-damage|p2a: Ninetales|0 fnt\n|faint|p2a: Ninetales\n|\n|upkeep\n|\n|t:|1699229594\n|switch|p2a: Empoleon|Empoleon, M|66\/100\n|turn|23\n|\n|t:|1699229611\n|move|p1a: Dragapult|Flamethrower|p2a: Empoleon\n|-damage|p2a: Empoleon|25\/100\n|move|p2a: Empoleon|Roost|p2a: Empoleon\n|-heal|p2a: Empoleon|75\/100\n|-singleturn|p2a: Empoleon|move: Roost\n|\n|upkeep\n|turn|24\n|\n|t:|1699229618\n|move|p1a: Dragapult|Flamethrower|p2a: Empoleon\n|-damage|p2a: Empoleon|38\/100\n|move|p2a: Empoleon|Roost|p2a: Empoleon\n|-heal|p2a: Empoleon|88\/100\n|-singleturn|p2a: Empoleon|move: Roost\n|\n|upkeep\n|turn|25\n|\n|t:|1699229625\n|move|p1a: Dragapult|Flamethrower|p2a: Empoleon\n|-damage|p2a: Empoleon|50\/100\n|move|p2a: Empoleon|Roost|p2a: Empoleon\n|-heal|p2a: Empoleon|99\/100\n|-singleturn|p2a: Empoleon|move: Roost\n|\n|upkeep\n|turn|26\n|\n|t:|1699229631\n|move|p1a: Dragapult|Flamethrower|p2a: Empoleon\n|-damage|p2a: Empoleon|58\/100\n|move|p2a: Empoleon|Ice Beam|p1a: Dragapult\n|-supereffective|p1a: Dragapult\n|-damage|p1a: Dragapult|39\/100\n|\n|upkeep\n|turn|27\n|\n|t:|1699229637\n|move|p1a: Dragapult|Flamethrower|p2a: Empoleon\n|-damage|p2a: Empoleon|15\/100\n|move|p2a: Empoleon|Ice Beam|p1a: Dragapult\n|-supereffective|p1a: Dragapult\n|-damage|p1a: Dragapult|0 fnt\n|faint|p1a: Dragapult\n|\n|win|tafkar1324\n","uploadtime":1699229653,"views":23,"p1id":"ldsedam","p2id":"tafkar1324","formatid":"gen9anythinggoes","rating":0,"private":0,"password":""}