{"id":"gen9anythinggoes-1984536971","p1":"RickCapotaUno","p2":"EvilQueen438","format":"[Gen 9] Anything Goes","log":"|j|\u2606RickCapotaUno\n|j|\u2606EvilQueen438\n|t:|1699277449\n|gametype|singles\n|player|p1|RickCapotaUno|biker-gen4|1194\n|player|p2|EvilQueen438|silver|1114\n|teamsize|p1|6\n|teamsize|p2|6\n|gen|9\n|tier|[Gen 9] Anything Goes\n|rated|\n|rule|HP Percentage Mod: HP is shown in percentages\n|rule|Endless Battle Clause: Forcing endless battles is banned\n|clearpoke\n|poke|p1|Gliscor, M|\n|poke|p1|Volcanion|\n|poke|p1|Manaphy|\n|poke|p1|Kommo-o, M|\n|poke|p1|Zoroark-Hisui, M|\n|poke|p1|Clodsire, F|\n|poke|p2|Glimmora, M|\n|poke|p2|Dudunsparce-*, F|\n|poke|p2|Ditto|\n|poke|p2|Maushold|\n|poke|p2|Annihilape, F|\n|poke|p2|Scovillain, M|\n|teampreview\n|j| LightningSword6354\n|l| LightningSword6354\n|inactive|Battle timer is ON: inactive players will automatically lose when time's up. (requested by RickCapotaUno)\n|\n|t:|1699277475\n|start\n|switch|p1a: Gliscor|Gliscor, M|100\/100\n|switch|p2a: Glimmora|Glimmora, M|100\/100\n|turn|1\n|\n|t:|1699277482\n|move|p1a: Gliscor|Earthquake|p2a: Glimmora\n|-supereffective|p2a: Glimmora\n|-enditem|p2a: Glimmora|Focus Sash\n|-damage|p2a: Glimmora|1\/100\n|-activate|p2a: Glimmora|ability: Toxic Debris\n|-sidestart|p1: RickCapotaUno|move: Toxic Spikes\n|move|p2a: Glimmora|Stealth Rock|p1a: Gliscor\n|-sidestart|p1: RickCapotaUno|move: Stealth Rock\n|\n|-status|p1a: Gliscor|tox|[from] item: Toxic Orb\n|upkeep\n|turn|2\n|\n|t:|1699277491\n|move|p1a: Gliscor|Earthquake|p2a: Glimmora\n|-supereffective|p2a: Glimmora\n|-damage|p2a: Glimmora|0 fnt\n|-activate|p2a: Glimmora|ability: Toxic Debris\n|-sidestart|p1: RickCapotaUno|move: Toxic Spikes\n|faint|p2a: Glimmora\n|\n|upkeep\n|\n|t:|1699277504\n|switch|p2a: Dudunsparce|Dudunsparce, F|100\/100\n|turn|3\n|\n|t:|1699277511\n|move|p1a: Gliscor|Substitute|p1a: Gliscor\n|-start|p1a: Gliscor|Substitute\n|-damage|p1a: Gliscor|76\/100 tox\n|move|p2a: Dudunsparce|Coil|p2a: Dudunsparce\n|-boost|p2a: Dudunsparce|atk|1\n|-boost|p2a: Dudunsparce|def|1\n|-boost|p2a: Dudunsparce|accuracy|1\n|\n|-heal|p1a: Gliscor|88\/100 tox|[from] ability: Poison Heal\n|upkeep\n|turn|4\n|\n|t:|1699277519\n|move|p1a: Gliscor|Swords Dance|p1a: Gliscor\n|-boost|p1a: Gliscor|atk|2\n|move|p2a: Dudunsparce|Coil|p2a: Dudunsparce\n|-boost|p2a: Dudunsparce|atk|1\n|-boost|p2a: Dudunsparce|def|1\n|-boost|p2a: Dudunsparce|accuracy|1\n|\n|-heal|p1a: Gliscor|100\/100 tox|[from] ability: Poison Heal\n|upkeep\n|turn|5\n|\n|t:|1699277527\n|move|p1a: Gliscor|Swords Dance|p1a: Gliscor\n|-boost|p1a: Gliscor|atk|2\n|move|p2a: Dudunsparce|Coil|p2a: Dudunsparce\n|-boost|p2a: Dudunsparce|atk|1\n|-boost|p2a: Dudunsparce|def|1\n|-boost|p2a: Dudunsparce|accuracy|1\n|\n|upkeep\n|turn|6\n|\n|t:|1699277533\n|move|p1a: Gliscor|Swords Dance|p1a: Gliscor\n|-boost|p1a: Gliscor|atk|2\n|move|p2a: Dudunsparce|Coil|p2a: Dudunsparce\n|-boost|p2a: Dudunsparce|atk|1\n|-boost|p2a: Dudunsparce|def|1\n|-boost|p2a: Dudunsparce|accuracy|1\n|\n|upkeep\n|turn|7\n|\n|t:|1699277541\n|move|p1a: Gliscor|Crabhammer|p2a: Dudunsparce|[miss]\n|-miss|p1a: Gliscor|p2a: Dudunsparce\n|move|p2a: Dudunsparce|Coil|p2a: Dudunsparce\n|-boost|p2a: Dudunsparce|atk|1\n|-boost|p2a: Dudunsparce|def|1\n|-boost|p2a: Dudunsparce|accuracy|1\n|\n|upkeep\n|turn|8\n|\n|t:|1699277548\n|move|p1a: Gliscor|Crabhammer|p2a: Dudunsparce|[miss]\n|-miss|p1a: Gliscor|p2a: Dudunsparce\n|move|p2a: Dudunsparce|Baton Pass|p2a: Dudunsparce\n|\n|t:|1699277553\n|switch|p2a: Annihilape|Annihilape, F|100\/100|[from] Baton Pass\n|\n|upkeep\n|turn|9\n|\n|t:|1699277560\n|move|p1a: Gliscor|Crabhammer|p2a: Annihilape\n|-damage|p2a: Annihilape|70\/100\n|move|p2a: Annihilape|Bulk Up|p2a: Annihilape\n|-boost|p2a: Annihilape|atk|1\n|-boost|p2a: Annihilape|def|1\n|\n|-heal|p2a: Annihilape|77\/100|[from] item: Leftovers\n|upkeep\n|turn|10\n|\n|t:|1699277574\n|move|p1a: Gliscor|Crabhammer|p2a: Annihilape\n|-damage|p2a: Annihilape|51\/100\n|move|p2a: Annihilape|Rage Fist|p1a: Gliscor\n|-end|p1a: Gliscor|Substitute\n|\n|-heal|p2a: Annihilape|57\/100|[from] item: Leftovers\n|upkeep\n|turn|11\n|\n|t:|1699277581\n|move|p1a: Gliscor|Crabhammer|p2a: Annihilape\n|-damage|p2a: Annihilape|31\/100\n|move|p2a: Annihilape|Rest|p2a: Annihilape\n|-status|p2a: Annihilape|slp|[from] move: Rest\n|-heal|p2a: Annihilape|100\/100 slp|[silent]\n|\n|upkeep\n|turn|12\n|\n|t:|1699277589\n|switch|p1a: Clodsire|Clodsire, F|100\/100\n|-sideend|p1: RickCapotaUno|move: Toxic Spikes|[of] p1a: Clodsire\n|-damage|p1a: Clodsire|94\/100|[from] Stealth Rock\n|cant|p2a: Annihilape|slp\n|move|p2a: Annihilape|Sleep Talk|p2a: Annihilape\n|move|p2a: Annihilape|Rage Fist|p1a: Clodsire|[from]move: Sleep Talk\n|-damage|p1a: Clodsire|24\/100\n|\n|-heal|p1a: Clodsire|30\/100|[from] item: Black Sludge\n|upkeep\n|turn|13\n|\n|t:|1699277599\n|cant|p2a: Annihilape|slp\n|move|p2a: Annihilape|Sleep Talk|p2a: Annihilape\n|move|p2a: Annihilape|Rest||[from]move: Sleep Talk|[still]\n|-fail|p2a: Annihilape\n|move|p1a: Clodsire|Recover|p1a: Clodsire\n|-heal|p1a: Clodsire|80\/100\n|\n|-heal|p1a: Clodsire|87\/100|[from] item: Black Sludge\n|upkeep\n|turn|14\n|\n|t:|1699277608\n|-curestatus|p2a: Annihilape|slp|[msg]\n|move|p2a: Annihilape|Rage Fist|p1a: Clodsire\n|-damage|p1a: Clodsire|27\/100\n|move|p1a: Clodsire|Toxic|p2a: Annihilape\n|-status|p2a: Annihilape|tox\n|\n|-heal|p1a: Clodsire|33\/100|[from] item: Black Sludge\n|-damage|p2a: Annihilape|94\/100 tox|[from] psn\n|upkeep\n|turn|15\n|\n|t:|1699277618\n|move|p2a: Annihilape|Rage Fist|p1a: Clodsire\n|-damage|p1a: Clodsire|0 fnt\n|faint|p1a: Clodsire\n|\n|-heal|p2a: Annihilape|100\/100 tox|[from] item: Leftovers\n|-damage|p2a: Annihilape|88\/100 tox|[from] psn\n|upkeep\n|\n|t:|1699277621\n|switch|p1a: Gliscor|Gliscor, M|100\/100 tox\n|-damage|p1a: Gliscor|88\/100 tox|[from] Stealth Rock\n|turn|16\n|\n|t:|1699277627\n|move|p1a: Gliscor|Substitute|p1a: Gliscor\n|-start|p1a: Gliscor|Substitute\n|-damage|p1a: Gliscor|63\/100 tox\n|move|p2a: Annihilape|Rage Fist|p1a: Gliscor\n|-end|p1a: Gliscor|Substitute\n|\n|-heal|p2a: Annihilape|94\/100 tox|[from] item: Leftovers\n|-heal|p1a: Gliscor|76\/100 tox|[from] ability: Poison Heal\n|-damage|p2a: Annihilape|76\/100 tox|[from] psn\n|upkeep\n|turn|17\n|\n|t:|1699277637\n|move|p1a: Gliscor|Substitute|p1a: Gliscor\n|-start|p1a: Gliscor|Substitute\n|-damage|p1a: Gliscor|51\/100 tox\n|move|p2a: Annihilape|Rage Fist|p1a: Gliscor\n|-end|p1a: Gliscor|Substitute\n|\n|-heal|p2a: Annihilape|82\/100 tox|[from] item: Leftovers\n|-heal|p1a: Gliscor|63\/100 tox|[from] ability: Poison Heal\n|-damage|p2a: Annihilape|57\/100 tox|[from] psn\n|upkeep\n|turn|18\n|\n|t:|1699277649\n|move|p1a: Gliscor|Substitute|p1a: Gliscor\n|-start|p1a: Gliscor|Substitute\n|-damage|p1a: Gliscor|39\/100 tox\n|move|p2a: Annihilape|Rest|p2a: Annihilape\n|-status|p2a: Annihilape|slp|[from] move: Rest\n|-heal|p2a: Annihilape|100\/100 slp|[silent]\n|\n|-heal|p1a: Gliscor|51\/100 tox|[from] ability: Poison Heal\n|upkeep\n|turn|19\n|\n|t:|1699277660\n|switch|p1a: Manaphy|Manaphy|100\/100\n|-damage|p1a: Manaphy|88\/100|[from] Stealth Rock\n|cant|p2a: Annihilape|slp\n|move|p2a: Annihilape|Sleep Talk|p2a: Annihilape\n|move|p2a: Annihilape|Rest||[from]move: Sleep Talk|[still]\n|-fail|p2a: Annihilape\n|\n|upkeep\n|turn|20\n|\n|t:|1699277668\n|move|p1a: Manaphy|Heart Swap|p2a: Annihilape\n|-swapboost|p1a: Manaphy|p2a: Annihilape|[from] move: Heart Swap\n|cant|p2a: Annihilape|slp\n|move|p2a: Annihilape|Sleep Talk|p2a: Annihilape\n|move|p2a: Annihilape|Rage Fist|p1a: Manaphy|[from]move: Sleep Talk\n|-damage|p1a: Manaphy|69\/100\n|\n|upkeep\n|turn|21\n|c|\u2606EvilQueen438|...\n|c|\u2606EvilQueen438|i fucking hate you\n|-message|EvilQueen438 forfeited.\n|\n|win|RickCapotaUno\n|raw|RickCapotaUno's rating: 1194 &rarr; <strong>1213<\/strong><br \/>(+19 for winning)\n|raw|EvilQueen438's rating: 1114 &rarr; <strong>1095<\/strong><br \/>(-19 for losing)\n|l|\u2606EvilQueen438\n","uploadtime":1699277683,"views":5,"p1id":"rickcapotauno","p2id":"evilqueen438","formatid":"gen9anythinggoes","rating":1095,"private":0,"password":""}