{"id":"gen9anythinggoes-1979620082","p1":"juan134142","p2":"GergelyTvT","format":"[Gen 9] Anything Goes","log":"|j|\u2606juan134142\n|j|\u2606GergelyTvT\n|t:|1698697300\n|gametype|singles\n|player|p1|juan134142|265|1049\n|player|p2|GergelyTvT|pokemonrangerf|1074\n|teamsize|p1|6\n|teamsize|p2|6\n|gen|9\n|tier|[Gen 9] Anything Goes\n|rated|\n|rule|HP Percentage Mod: HP is shown in percentages\n|rule|Endless Battle Clause: Forcing endless battles is banned\n|clearpoke\n|poke|p1|Rayquaza|\n|poke|p1|Arceus|\n|poke|p1|Giratina-Origin|\n|poke|p1|Dialga-Origin|\n|poke|p1|Eternatus|\n|poke|p1|Zacian-*|\n|poke|p2|Rotom-Fan|\n|poke|p2|Ursaring, M|\n|poke|p2|Annihilape, M|\n|poke|p2|Iron Leaves|\n|poke|p2|Copperajah, M|\n|poke|p2|Toxapex, M|\n|teampreview\n|\n|t:|1698697311\n|start\n|switch|p1a: Dialga|Dialga-Origin|100\/100\n|switch|p2a: Copperajah|Copperajah, M|100\/100\n|-ability|p1a: Dialga|Pressure\n|turn|1\n|\n|t:|1698697323\n|move|p1a: Dialga|Bulk Up|p1a: Dialga\n|-boost|p1a: Dialga|atk|1\n|-boost|p1a: Dialga|def|1\n|move|p2a: Copperajah|Earthquake|p1a: Dialga\n|-supereffective|p1a: Dialga\n|-damage|p1a: Dialga|56\/100\n|-damage|p2a: Copperajah|91\/100|[from] item: Life Orb\n|\n|upkeep\n|turn|2\n|\n|t:|1698697337\n|-terastallize|p2a: Copperajah|Ground\n|move|p1a: Dialga|Brick Break|p2a: Copperajah\n|-damage|p2a: Copperajah|58\/100\n|move|p2a: Copperajah|Earthquake|p1a: Dialga\n|-supereffective|p1a: Dialga\n|-damage|p1a: Dialga|0 fnt\n|faint|p1a: Dialga\n|-damage|p2a: Copperajah|49\/100|[from] item: Life Orb\n|\n|upkeep\n|\n|t:|1698697353\n|switch|p1a: Giratina|Giratina-Origin|100\/100\n|turn|3\n|\n|t:|1698697360\n|move|p1a: Giratina|Dual Wingbeat|p2a: Copperajah|[miss]\n|-miss|p1a: Giratina|p2a: Copperajah\n|move|p2a: Copperajah|Play Rough|p1a: Giratina\n|-supereffective|p1a: Giratina\n|-crit|p1a: Giratina\n|-damage|p1a: Giratina|0 fnt\n|faint|p1a: Giratina\n|\n|upkeep\n|\n|t:|1698697393\n|switch|p1a: Rayquaza|Rayquaza|100\/100\n|-ability|p1a: Rayquaza|Air Lock\n|turn|4\n|\n|t:|1698697401\n|move|p1a: Rayquaza|Dragon Claw|p2a: Copperajah\n|-damage|p2a: Copperajah|0 fnt\n|faint|p2a: Copperajah\n|\n|upkeep\n|\n|t:|1698697411\n|switch|p2a: Annihilape|Annihilape, M|100\/100\n|turn|5\n|\n|t:|1698697430\n|-terastallize|p1a: Rayquaza|Dragon\n|move|p2a: Annihilape|Ice Punch|p1a: Rayquaza\n|-supereffective|p1a: Rayquaza\n|-damage|p1a: Rayquaza|51\/100\n|move|p1a: Rayquaza|Dragon Claw|p2a: Annihilape\n|-crit|p2a: Annihilape\n|-damage|p2a: Annihilape|0 fnt\n|faint|p2a: Annihilape\n|\n|upkeep\n|\n|t:|1698697447\n|switch|p2a: Ursaring|Ursaring, M|100\/100\n|turn|6\n|\n|t:|1698697453\n|move|p2a: Ursaring|Protect|p2a: Ursaring\n|-singleturn|p2a: Ursaring|Protect\n|move|p1a: Rayquaza|Dragon Claw|p2a: Ursaring\n|-activate|p2a: Ursaring|move: Protect\n|\n|-status|p2a: Ursaring|brn|[from] item: Flame Orb\n|upkeep\n|turn|7\n|\n|t:|1698697462\n|move|p1a: Rayquaza|Dragon Claw|p2a: Ursaring\n|-damage|p2a: Ursaring|34\/100 brn\n|move|p2a: Ursaring|Facade|p1a: Rayquaza\n|-damage|p1a: Rayquaza|0 fnt\n|faint|p1a: Rayquaza\n|\n|-damage|p2a: Ursaring|28\/100 brn|[from] brn\n|upkeep\n|\n|t:|1698697472\n|switch|p1a: Eternatus|Eternatus|100\/100\n|-ability|p1a: Eternatus|Pressure\n|turn|8\n|\n|t:|1698697487\n|move|p1a: Eternatus|Poison Jab|p2a: Ursaring\n|-damage|p2a: Ursaring|0 fnt\n|faint|p2a: Ursaring\n|\n|upkeep\n|\n|t:|1698697498\n|switch|p2a: Toxapex|Toxapex, M|100\/100\n|turn|9\n|\n|t:|1698697503\n|move|p1a: Eternatus|Poison Jab|p2a: Toxapex\n|-resisted|p2a: Toxapex\n|-damage|p2a: Toxapex|90\/100\n|move|p2a: Toxapex|Toxic Spikes|p1a: Eternatus\n|-sidestart|p1: juan134142|move: Toxic Spikes\n|\n|-heal|p2a: Toxapex|96\/100|[from] item: Black Sludge\n|upkeep\n|turn|10\n|\n|t:|1698697512\n|switch|p1a: Arceus|Arceus|100\/100\n|-status|p1a: Arceus|psn\n|move|p2a: Toxapex|Toxic Spikes|p1a: Arceus\n|-sidestart|p1: juan134142|move: Toxic Spikes\n|\n|-heal|p2a: Toxapex|100\/100|[from] item: Black Sludge\n|-damage|p1a: Arceus|88\/100 psn|[from] psn\n|upkeep\n|turn|11\n|\n|t:|1698697525\n|move|p2a: Toxapex|Baneful Bunker|p2a: Toxapex\n|-singleturn|p2a: Toxapex|move: Protect\n|move|p1a: Arceus|Dragon Claw|p2a: Toxapex\n|-activate|p2a: Toxapex|move: Protect\n|\n|-damage|p1a: Arceus|76\/100 psn|[from] psn\n|upkeep\n|turn|12\n|\n|t:|1698697535\n|move|p1a: Arceus|Dragon Claw|p2a: Toxapex\n|-damage|p2a: Toxapex|84\/100\n|move|p2a: Toxapex|Recover|p2a: Toxapex\n|-heal|p2a: Toxapex|100\/100\n|\n|-damage|p1a: Arceus|63\/100 psn|[from] psn\n|upkeep\n|turn|13\n|\n|t:|1698697544\n|move|p1a: Arceus|Aura Sphere|p2a: Toxapex\n|-resisted|p2a: Toxapex\n|-damage|p2a: Toxapex|91\/100\n|move|p2a: Toxapex|Liquidation|p1a: Arceus\n|-damage|p1a: Arceus|50\/100 psn\n|\n|-heal|p2a: Toxapex|97\/100|[from] item: Black Sludge\n|-damage|p1a: Arceus|37\/100 psn|[from] psn\n|upkeep\n|turn|14\n|\n|t:|1698697555\n|move|p1a: Arceus|Calm Mind|p1a: Arceus\n|-boost|p1a: Arceus|spa|1\n|-boost|p1a: Arceus|spd|1\n|move|p2a: Toxapex|Liquidation|p1a: Arceus\n|-damage|p1a: Arceus|23\/100 psn\n|\n|-heal|p2a: Toxapex|100\/100|[from] item: Black Sludge\n|-damage|p1a: Arceus|11\/100 psn|[from] psn\n|upkeep\n|turn|15\n|\n|t:|1698697567\n|switch|p2a: Rotom|Rotom-Fan|100\/100\n|move|p1a: Arceus|Dragon Claw|p2a: Rotom\n|-damage|p2a: Rotom|73\/100\n|\n|-damage|p1a: Arceus|0 fnt|[from] psn\n|faint|p1a: Arceus\n|upkeep\n|\n|t:|1698697576\n|switch|p1a: Zacian|Zacian-Crowned|100\/100\n|-ability|p1a: Zacian|Intrepid Sword|boost\n|-boost|p1a: Zacian|atk|1\n|turn|16\n|\n|t:|1698697585\n|move|p1a: Zacian|Ice Fang|p2a: Rotom\n|-supereffective|p2a: Rotom\n|-damage|p2a: Rotom|0 fnt\n|faint|p2a: Rotom\n|\n|upkeep\n|\n|t:|1698697594\n|switch|p2a: Iron Leaves|Iron Leaves|100\/100\n|-enditem|p2a: Iron Leaves|Booster Energy\n|-activate|p2a: Iron Leaves|ability: Quark Drive|[fromitem]\n|-start|p2a: Iron Leaves|quarkdriveatk\n|turn|17\n|\n|t:|1698697601\n|switch|p1a: Eternatus|Eternatus|100\/100\n|-sideend|p1: juan134142|move: Toxic Spikes|[of] p1a: Eternatus\n|-ability|p1a: Eternatus|Pressure\n|move|p2a: Iron Leaves|Close Combat|p1a: Eternatus\n|-resisted|p1a: Eternatus\n|-damage|p1a: Eternatus|84\/100\n|-unboost|p2a: Iron Leaves|def|1\n|-unboost|p2a: Iron Leaves|spd|1\n|\n|upkeep\n|turn|18\n|\n|t:|1698697612\n|move|p2a: Iron Leaves|Psyblade|p1a: Eternatus\n|-supereffective|p1a: Eternatus\n|-damage|p1a: Eternatus|8\/100\n|move|p1a: Eternatus|Fire Blast|p2a: Iron Leaves\n|-supereffective|p2a: Iron Leaves\n|-damage|p2a: Iron Leaves|0 fnt\n|faint|p2a: Iron Leaves\n|-end|p2a: Iron Leaves|Quark Drive|[silent]\n|\n|upkeep\n|\n|t:|1698697621\n|switch|p2a: Toxapex|Toxapex, M|100\/100\n|turn|19\n|\n|t:|1698697626\n|move|p1a: Eternatus|Fire Blast|p2a: Toxapex|[miss]\n|-miss|p1a: Eternatus|p2a: Toxapex\n|move|p2a: Toxapex|Liquidation|p1a: Eternatus\n|-resisted|p1a: Eternatus\n|-damage|p1a: Eternatus|2\/100\n|\n|upkeep\n|turn|20\n|\n|t:|1698697634\n|move|p1a: Eternatus|Poison Jab|p2a: Toxapex\n|-resisted|p2a: Toxapex\n|-damage|p2a: Toxapex|90\/100\n|move|p2a: Toxapex|Liquidation|p1a: Eternatus\n|-resisted|p1a: Eternatus\n|-damage|p1a: Eternatus|0 fnt\n|faint|p1a: Eternatus\n|\n|-heal|p2a: Toxapex|96\/100|[from] item: Black Sludge\n|upkeep\n|\n|t:|1698697643\n|switch|p1a: Zacian|Zacian-Crowned|100\/100\n|turn|21\n|\n|t:|1698697648\n|move|p2a: Toxapex|Baneful Bunker|p2a: Toxapex\n|-singleturn|p2a: Toxapex|move: Protect\n|move|p1a: Zacian|Sacred Sword|p2a: Toxapex\n|-activate|p2a: Toxapex|move: Protect\n|\n|-heal|p2a: Toxapex|100\/100|[from] item: Black Sludge\n|upkeep\n|turn|22\n|\n|t:|1698697665\n|move|p1a: Zacian|Sacred Sword|p2a: Toxapex\n|-resisted|p2a: Toxapex\n|-damage|p2a: Toxapex|89\/100\n|move|p2a: Toxapex|Liquidation|p1a: Zacian\n|-damage|p1a: Zacian|86\/100\n|\n|-heal|p2a: Toxapex|96\/100|[from] item: Black Sludge\n|upkeep\n|turn|23\n|n|!GergelyTvT|gergelytvt\n|\n|t:|1698697680\n|move|p1a: Zacian|Body Slam|p2a: Toxapex\n|-damage|p2a: Toxapex|74\/100\n|move|p2a: Toxapex|Liquidation|p1a: Zacian\n|-damage|p1a: Zacian|71\/100\n|-unboost|p1a: Zacian|def|1\n|\n|-heal|p2a: Toxapex|80\/100|[from] item: Black Sludge\n|upkeep\n|turn|24\n|\n|t:|1698697691\n|move|p1a: Zacian|Agility|p1a: Zacian\n|-boost|p1a: Zacian|spe|2\n|move|p2a: Toxapex|Liquidation|p1a: Zacian\n|-damage|p1a: Zacian|49\/100\n|\n|-heal|p2a: Toxapex|87\/100|[from] item: Black Sludge\n|upkeep\n|turn|25\n|\n|t:|1698697701\n|move|p1a: Zacian|Ice Fang|p2a: Toxapex\n|-resisted|p2a: Toxapex\n|-damage|p2a: Toxapex|79\/100\n|move|p2a: Toxapex|Liquidation|p1a: Zacian\n|-damage|p1a: Zacian|26\/100\n|\n|-heal|p2a: Toxapex|85\/100|[from] item: Black Sludge\n|upkeep\n|turn|26\n|\n|t:|1698697713\n|move|p1a: Zacian|Body Slam|p2a: Toxapex\n|-damage|p2a: Toxapex|64\/100\n|move|p2a: Toxapex|Liquidation|p1a: Zacian\n|-damage|p1a: Zacian|3\/100\n|\n|-heal|p2a: Toxapex|71\/100|[from] item: Black Sludge\n|upkeep\n|turn|27\n|-message|juan134142 forfeited.\n|\n|win|GergelyTvT\n|raw|juan134142's rating: 1049 &rarr; <strong>1033<\/strong><br \/>(-16 for losing)\n|raw|GergelyTvT's rating: 1074 &rarr; <strong>1101<\/strong><br \/>(+27 for winning)\n|l|\u2606juan134142\n","uploadtime":1698697673,"views":7,"p1id":"juan134142","p2id":"gergelytvt","formatid":"gen9anythinggoes","rating":1033,"private":0,"password":""}