{"id":"gen9anythinggoes-1980702024","p1":"OmarHenryKasOscar","p2":"Brush bruh","format":"[Gen 9] Anything Goes","log":"|j|\u2606OmarHenryKasOscar\n|j|\u2606Brush bruh\n|t:|1698815517\n|gametype|singles\n|player|p1|OmarHenryKasOscar|artist|1000\n|player|p2|Brush bruh|dancer|1098\n|teamsize|p1|6\n|teamsize|p2|4\n|gen|9\n|tier|[Gen 9] Anything Goes\n|rated|\n|rule|HP Percentage Mod: HP is shown in percentages\n|rule|Endless Battle Clause: Forcing endless battles is banned\n|clearpoke\n|poke|p1|Kyogre|\n|poke|p1|Groudon|\n|poke|p1|Haxorus, F|\n|poke|p1|Articuno|\n|poke|p1|Crawdaunt, M|\n|poke|p1|Landorus-Therian, M|\n|poke|p2|Calyrex-Shadow|\n|poke|p2|Eternatus|\n|poke|p2|Zacian-*|\n|poke|p2|Chi-Yu|\n|teampreview\n|c|\u2606OmarHenryKasOscar|GLHF\n|\n|t:|1698815528\n|start\n|switch|p1a: Haxorus|Haxorus, F|100\/100\n|switch|p2a: Eternatus|Eternatus|100\/100\n|-ability|p2a: Eternatus|Pressure\n|-ability|p1a: Haxorus|Mold Breaker\n|turn|1\n|inactive|Battle timer is ON: inactive players will automatically lose when time's up. (requested by Brush bruh)\n|\n|t:|1698815540\n|move|p2a: Eternatus|Dragon Dance|p2a: Eternatus\n|-boost|p2a: Eternatus|atk|1\n|-boost|p2a: Eternatus|spe|1\n|move|p1a: Haxorus|Taunt|p2a: Eternatus\n|-start|p2a: Eternatus|move: Taunt\n|\n|upkeep\n|turn|2\n|\n|t:|1698815553\n|move|p2a: Eternatus|Dynamax Cannon|p1a: Haxorus\n|-supereffective|p1a: Haxorus\n|-enditem|p1a: Haxorus|Focus Sash\n|-damage|p1a: Haxorus|1\/100\n|move|p1a: Haxorus|Endeavor|p2a: Eternatus\n|-damage|p2a: Eternatus|1\/100\n|\n|upkeep\n|turn|3\n|\n|t:|1698815563\n|move|p2a: Eternatus|Dynamax Cannon|p1a: Haxorus\n|-supereffective|p1a: Haxorus\n|-damage|p1a: Haxorus|0 fnt\n|faint|p1a: Haxorus\n|\n|upkeep\n|\n|t:|1698815569\n|switch|p1a: Groudon|Groudon|100\/100\n|-weather|SunnyDay|[from] ability: Drought|[of] p1a: Groudon\n|turn|4\n|\n|t:|1698815599\n|move|p2a: Eternatus|Dynamax Cannon|p1a: Groudon\n|-damage|p1a: Groudon|38\/100\n|move|p1a: Groudon|Stealth Rock|p2a: Eternatus\n|-sidestart|p2: Brush bruh|move: Stealth Rock\n|\n|-weather|SunnyDay|[upkeep]\n|-heal|p1a: Groudon|44\/100|[from] item: Leftovers\n|-end|p2a: Eternatus|move: Taunt\n|upkeep\n|turn|5\n|\n|t:|1698815610\n|move|p2a: Eternatus|Dynamax Cannon|p1a: Groudon\n|-damage|p1a: Groudon|0 fnt\n|faint|p1a: Groudon\n|\n|-weather|SunnyDay|[upkeep]\n|upkeep\n|\n|t:|1698815612\n|switch|p1a: Landorus|Landorus-Therian, M|100\/100\n|-ability|p1a: Landorus|Intimidate|boost\n|-unboost|p2a: Eternatus|atk|1\n|turn|6\n|\n|t:|1698815627\n|switch|p1a: Kyogre|Kyogre|100\/100\n|-weather|RainDance|[from] ability: Drizzle|[of] p1a: Kyogre\n|move|p2a: Eternatus|Dynamax Cannon|p1a: Kyogre\n|-damage|p1a: Kyogre|65\/100\n|\n|-weather|RainDance|[upkeep]\n|-heal|p1a: Kyogre|71\/100|[from] item: Leftovers\n|upkeep\n|turn|7\n|\n|t:|1698815637\n|move|p2a: Eternatus|Dynamax Cannon|p1a: Kyogre\n|-damage|p1a: Kyogre|34\/100\n|move|p1a: Kyogre|Roar|p2a: Eternatus\n|drag|p2a: Zacian|Zacian-Crowned|100\/100\n|-damage|p2a: Zacian|94\/100|[from] Stealth Rock\n|-ability|p2a: Zacian|Intrepid Sword|boost\n|-boost|p2a: Zacian|atk|1\n|\n|-weather|RainDance|[upkeep]\n|-heal|p1a: Kyogre|40\/100|[from] item: Leftovers\n|upkeep\n|turn|8\n|\n|t:|1698815652\n|move|p2a: Zacian|Behemoth Blade|p1a: Kyogre\n|-resisted|p1a: Kyogre\n|-damage|p1a: Kyogre|0 fnt\n|faint|p1a: Kyogre\n|\n|-weather|RainDance|[upkeep]\n|upkeep\n|\n|t:|1698815658\n|switch|p1a: Landorus|Landorus-Therian, M|100\/100\n|-ability|p1a: Landorus|Intimidate|boost\n|-unboost|p2a: Zacian|atk|1\n|turn|9\n|inactive|Brush bruh has 120 seconds left.\n|\n|t:|1698815703\n|move|p2a: Zacian|Close Combat|p1a: Landorus\n|-resisted|p1a: Landorus\n|-damage|p1a: Landorus|80\/100\n|-unboost|p2a: Zacian|def|1\n|-unboost|p2a: Zacian|spd|1\n|move|p1a: Landorus|Fissure|p2a: Zacian|[miss]\n|-miss|p1a: Landorus|p2a: Zacian\n|\n|-weather|RainDance|[upkeep]\n|-heal|p1a: Landorus|86\/100|[from] item: Leftovers\n|upkeep\n|turn|10\n|\n|t:|1698815721\n|move|p2a: Zacian|Behemoth Blade|p1a: Landorus\n|-damage|p1a: Landorus|33\/100\n|move|p1a: Landorus|Fissure|p2a: Zacian|[miss]\n|-miss|p1a: Landorus|p2a: Zacian\n|\n|-weather|none\n|-heal|p1a: Landorus|39\/100|[from] item: Leftovers\n|upkeep\n|turn|11\n|\n|t:|1698815740\n|switch|p1a: Articuno|Articuno|100\/100\n|-ability|p1a: Articuno|Pressure\n|move|p2a: Zacian|Behemoth Blade|p1a: Articuno\n|-supereffective|p1a: Articuno\n|-damage|p1a: Articuno|0 fnt\n|faint|p1a: Articuno\n|\n|upkeep\n|\n|t:|1698815742\n|switch|p1a: Landorus|Landorus-Therian, M|39\/100\n|-ability|p1a: Landorus|Intimidate|boost\n|-unboost|p2a: Zacian|atk|1\n|turn|12\n|\n|t:|1698815754\n|move|p2a: Zacian|Behemoth Blade|p1a: Landorus\n|-damage|p1a: Landorus|2\/100\n|move|p1a: Landorus|Fissure|p2a: Zacian|[miss]\n|-miss|p1a: Landorus|p2a: Zacian\n|\n|-heal|p1a: Landorus|8\/100|[from] item: Leftovers\n|upkeep\n|turn|13\n|\n|t:|1698815765\n|move|p2a: Zacian|Wild Charge|p1a: Landorus\n|-immune|p1a: Landorus\n|move|p1a: Landorus|Fissure|p2a: Zacian|[miss]\n|-miss|p1a: Landorus|p2a: Zacian\n|\n|-heal|p1a: Landorus|14\/100|[from] item: Leftovers\n|upkeep\n|turn|14\n|\n|t:|1698815775\n|move|p2a: Zacian|Behemoth Blade|p1a: Landorus\n|-damage|p1a: Landorus|0 fnt\n|faint|p1a: Landorus\n|\n|upkeep\n|\n|t:|1698815777\n|switch|p1a: Crawdaunt|Crawdaunt, M|100\/100\n|turn|15\n|inactive|Brush bruh has 120 seconds left.\n|c|\u2606Brush bruh|F\n|\n|t:|1698815789\n|move|p2a: Zacian|Wild Charge|p1a: Crawdaunt\n|-supereffective|p1a: Crawdaunt\n|-damage|p1a: Crawdaunt|43\/100\n|-damage|p2a: Zacian|80\/100|[from] Recoil\n|move|p1a: Crawdaunt|Guillotine|p2a: Zacian\n|-damage|p2a: Zacian|0 fnt\n|faint|p2a: Zacian\n|-ohko\n|\n|upkeep\n|\n|t:|1698815803\n|switch|p2a: Calyrex|Calyrex-Shadow|100\/100\n|-ability|p2a: Calyrex|As One\n|-ability|p2a: Calyrex|Unnerve\n|-damage|p2a: Calyrex|88\/100|[from] Stealth Rock\n|turn|16\n|\n|t:|1698815814\n|move|p2a: Calyrex|Astral Barrage|p1a: Crawdaunt\n|-resisted|p1a: Crawdaunt\n|-damage|p1a: Crawdaunt|19\/100\n|move|p1a: Crawdaunt|False Swipe|p2a: Calyrex\n|-immune|p2a: Calyrex\n|\n|upkeep\n|turn|17\n|\n|t:|1698815824\n|move|p2a: Calyrex|Draining Kiss|p1a: Crawdaunt\n|-supereffective|p1a: Crawdaunt\n|-damage|p1a: Crawdaunt|0 fnt\n|-heal|p2a: Calyrex|99\/100|[from] drain|[of] p1a: Crawdaunt\n|faint|p1a: Crawdaunt\n|\n|win|Brush bruh\n|raw|OmarHenryKasOscar's rating: 1000 &rarr; <strong>1000<\/strong><br \/>(+0 for losing)\n|raw|Brush bruh's rating: 1098 &rarr; <strong>1116<\/strong><br \/>(+18 for winning)\n|c|\u2606OmarHenryKasOscar|gg my comrad\n|l|\u2606Brush bruh\n","uploadtime":1698815834,"views":10,"p1id":"omarhenrykasoscar","p2id":"brushbruh","formatid":"gen9anythinggoes","rating":1000,"private":0,"password":""}