{"id":"gen9anythinggoes-1973568571","p1":"Whitey Tightey","p2":"ChimeBliss","format":"[Gen 9] Anything Goes","log":"|j|\u2606Whitey Tightey\n|j|\u2606ChimeBliss\n|t:|1697991692\n|gametype|singles\n|player|p1|Whitey Tightey|1|1035\n|player|p2|ChimeBliss|102|1078\n|teamsize|p1|6\n|teamsize|p2|6\n|gen|9\n|tier|[Gen 9] Anything Goes\n|rated|\n|rule|HP Percentage Mod: HP is shown in percentages\n|rule|Endless Battle Clause: Forcing endless battles is banned\n|clearpoke\n|poke|p1|Gastrodon, F|\n|poke|p1|Golem, F|\n|poke|p1|Primeape, M|\n|poke|p1|Ariados, F|\n|poke|p1|Cacturne, M|\n|poke|p1|Pyroar, M|\n|poke|p2|Grimmsnarl, M|\n|poke|p2|Glimmora, M|\n|poke|p2|Arceus|\n|poke|p2|Arceus-Ground|\n|poke|p2|Koraidon|\n|poke|p2|Calyrex-Shadow|\n|teampreview\n|inactive|Battle timer is ON: inactive players will automatically lose when time's up. (requested by ChimeBliss)\n|\n|t:|1697991713\n|start\n|switch|p1a: Gastrodon|Gastrodon, F|100\/100\n|switch|p2a: Glimmora|Glimmora, M|100\/100\n|turn|1\n|\n|t:|1697991721\n|move|p2a: Glimmora|Spikes|p1a: Gastrodon\n|-sidestart|p1: Whitey Tightey|Spikes\n|move|p1a: Gastrodon|Surf|p2a: Glimmora\n|-supereffective|p2a: Glimmora\n|-enditem|p2a: Glimmora|Focus Sash\n|-damage|p2a: Glimmora|1\/100\n|\n|upkeep\n|turn|2\n|\n|t:|1697991746\n|move|p2a: Glimmora|Spikes|p1a: Gastrodon\n|-sidestart|p1: Whitey Tightey|Spikes\n|move|p1a: Gastrodon|Surf|p2a: Glimmora\n|-supereffective|p2a: Glimmora\n|-damage|p2a: Glimmora|0 fnt\n|faint|p2a: Glimmora\n|\n|upkeep\n|\n|t:|1697991754\n|switch|p2a: Grimmsnarl|Grimmsnarl, M|100\/100\n|turn|3\n|\n|t:|1697991758\n|move|p2a: Grimmsnarl|Taunt|p1a: Gastrodon\n|-start|p1a: Gastrodon|move: Taunt\n|cant|p1a: Gastrodon|move: Taunt|Spikes\n|\n|upkeep\n|turn|4\n|\n|t:|1697991769\n|move|p2a: Grimmsnarl|Reflect|p2a: Grimmsnarl\n|-sidestart|p2: ChimeBliss|Reflect\n|move|p1a: Gastrodon|Sludge Bomb|p2a: Grimmsnarl\n|-supereffective|p2a: Grimmsnarl\n|-damage|p2a: Grimmsnarl|62\/100\n|\n|upkeep\n|turn|5\n|\n|t:|1697991775\n|move|p2a: Grimmsnarl|Light Screen|p2a: Grimmsnarl\n|-sidestart|p2: ChimeBliss|move: Light Screen\n|move|p1a: Gastrodon|Sludge Bomb|p2a: Grimmsnarl\n|-supereffective|p2a: Grimmsnarl\n|-damage|p2a: Grimmsnarl|43\/100\n|-status|p2a: Grimmsnarl|psn\n|\n|-damage|p2a: Grimmsnarl|30\/100 psn|[from] psn\n|-end|p1a: Gastrodon|move: Taunt\n|upkeep\n|turn|6\n|\n|t:|1697991784\n|move|p2a: Grimmsnarl|Taunt|p1a: Gastrodon\n|-start|p1a: Gastrodon|move: Taunt\n|cant|p1a: Gastrodon|move: Taunt|Spikes\n|\n|-damage|p2a: Grimmsnarl|18\/100 psn|[from] psn\n|upkeep\n|turn|7\n|\n|t:|1697991791\n|move|p2a: Grimmsnarl|Spirit Break|p1a: Gastrodon\n|-damage|p1a: Gastrodon|65\/100\n|-unboost|p1a: Gastrodon|spa|1\n|move|p1a: Gastrodon|Sludge Bomb|p2a: Grimmsnarl\n|-supereffective|p2a: Grimmsnarl\n|-damage|p2a: Grimmsnarl|7\/100 psn\n|\n|-heal|p1a: Gastrodon|71\/100|[from] item: Leftovers\n|-damage|p2a: Grimmsnarl|0 fnt|[from] psn\n|faint|p2a: Grimmsnarl\n|upkeep\n|\n|t:|1697991804\n|switch|p2a: Koraidon|Koraidon|100\/100\n|-weather|SunnyDay|[from] ability: Orichalcum Pulse|[of] p2a: Koraidon\n|-activate|p2a: Koraidon|Orichalcum Pulse|[source]\n|turn|8\n|\n|t:|1697991813\n|move|p2a: Koraidon|Swords Dance|p2a: Koraidon\n|-boost|p2a: Koraidon|atk|2\n|move|p1a: Gastrodon|Ancient Power|p2a: Koraidon\n|-resisted|p2a: Koraidon\n|-damage|p2a: Koraidon|98\/100\n|\n|-weather|SunnyDay|[upkeep]\n|-heal|p1a: Gastrodon|77\/100|[from] item: Leftovers\n|-end|p1a: Gastrodon|move: Taunt\n|upkeep\n|turn|9\n|\n|t:|1697991823\n|move|p2a: Koraidon|Scale Shot|p1a: Gastrodon\n|-damage|p1a: Gastrodon|37\/100\n|-damage|p1a: Gastrodon|1\/100\n|-damage|p1a: Gastrodon|0 fnt\n|faint|p1a: Gastrodon\n|-hitcount|p1: Gastrodon|3\n|-unboost|p2a: Koraidon|def|1\n|-boost|p2a: Koraidon|spe|1\n|\n|-weather|SunnyDay|[upkeep]\n|upkeep\n|\n|t:|1697991837\n|switch|p1a: Ariados|Ariados, F|100\/100\n|turn|10\n|\n|t:|1697991846\n|move|p2a: Koraidon|Scale Shot|p1a: Ariados\n|-damage|p1a: Ariados|51\/100\n|-damage|p1a: Ariados|0 fnt\n|faint|p1a: Ariados\n|-hitcount|p1: Ariados|2\n|-unboost|p2a: Koraidon|def|1\n|-boost|p2a: Koraidon|spe|1\n|\n|-weather|SunnyDay|[upkeep]\n|upkeep\n|\n|t:|1697991856\n|switch|p1a: Golem|Golem, F|100\/100\n|-damage|p1a: Golem|84\/100|[from] Spikes\n|turn|11\n|\n|t:|1697991862\n|move|p1a: Golem|Protect|p1a: Golem\n|-singleturn|p1a: Golem|Protect\n|move|p2a: Koraidon|Low Kick|p1a: Golem\n|-activate|p1a: Golem|move: Protect\n|\n|-weather|SunnyDay|[upkeep]\n|-heal|p1a: Golem|90\/100|[from] item: Leftovers\n|-sideend|p2: ChimeBliss|Reflect\n|upkeep\n|turn|12\n|\n|t:|1697991875\n|move|p2a: Koraidon|Iron Head|p1a: Golem\n|-supereffective|p1a: Golem\n|-damage|p1a: Golem|0 fnt\n|faint|p1a: Golem\n|\n|-weather|none\n|-sideend|p2: ChimeBliss|move: Light Screen\n|upkeep\n|\n|t:|1697991881\n|switch|p1a: Cacturne|Cacturne, M|100\/100\n|-damage|p1a: Cacturne|84\/100|[from] Spikes\n|turn|13\n|\n|t:|1697991894\n|move|p1a: Cacturne|Spiky Shield|p1a: Cacturne\n|-singleturn|p1a: Cacturne|move: Protect\n|move|p2a: Koraidon|Iron Head|p1a: Cacturne\n|-activate|p1a: Cacturne|move: Protect\n|-damage|p2a: Koraidon|86\/100|[from] Spiky Shield|[of] p1a: Cacturne\n|\n|upkeep\n|turn|14\n|\n|t:|1697991902\n|move|p2a: Koraidon|Iron Head|p1a: Cacturne\n|-damage|p1a: Cacturne|0 fnt\n|faint|p1a: Cacturne\n|\n|upkeep\n|\n|t:|1697991910\n|switch|p1a: Pyroar|Pyroar, M|100\/100\n|-damage|p1a: Pyroar|84\/100|[from] Spikes\n|turn|15\n|\n|t:|1697991923\n|move|p2a: Koraidon|Low Kick|p1a: Pyroar\n|-supereffective|p1a: Pyroar\n|-damage|p1a: Pyroar|0 fnt\n|faint|p1a: Pyroar\n|\n|upkeep\n|\n|t:|1697991927\n|switch|p1a: Primeape|Primeape, M|100\/100\n|-damage|p1a: Primeape|84\/100|[from] Spikes\n|turn|16\n|\n|t:|1697991934\n|move|p2a: Koraidon|Iron Head|p1a: Primeape\n|-damage|p1a: Primeape|0 fnt\n|faint|p1a: Primeape\n|\n|win|ChimeBliss\n|raw|Whitey Tightey's rating: 1035 &rarr; <strong>1022<\/strong><br \/>(-13 for losing)\n|raw|ChimeBliss's rating: 1078 &rarr; <strong>1103<\/strong><br \/>(+25 for winning)\n|l|\u2606Whitey Tightey\n","uploadtime":1697991940,"views":12,"p1id":"whiteytightey","p2id":"chimebliss","formatid":"gen9anythinggoes","rating":1022,"private":0,"password":""}