{"id":"gen9anythinggoes-1993890139","p1":"Jojospicydong","p2":"jeezus1023","format":"[Gen 9] Anything Goes","log":"|j|\u2606Jojospicydong\n|j|\u2606jeezus1023\n|t:|1700370734\n|gametype|singles\n|player|p1|Jojospicydong|cameraman|\n|player|p2|jeezus1023|clair|\n|teamsize|p1|6\n|teamsize|p2|6\n|gen|9\n|tier|[Gen 9] Anything Goes\n|rule|HP Percentage Mod: HP is shown in percentages\n|rule|Endless Battle Clause: Forcing endless battles is banned\n|clearpoke\n|poke|p1|Glaceon, F|\n|poke|p1|Avalugg, M|\n|poke|p1|Medicham, M|\n|poke|p1|Slowking-Galar, F|\n|poke|p1|Azumarill, F|\n|poke|p1|Flutter Mane|\n|poke|p2|Walking Wake|\n|poke|p2|Mimikyu, M|\n|poke|p2|Garchomp, M|\n|poke|p2|Oricorio, M|\n|poke|p2|Muk-Alola, M|\n|poke|p2|Annihilape, M|\n|teampreview\n|l|\u2606Jojospicydong\n|player|p1|\n|j|\u2606Jojospicydong\n|player|p1|Jojospicydong|cameraman\n|\n|t:|1700370796\n|start\n|switch|p1a: Glaceon|Glaceon, F|100\/100\n|switch|p2a: Tommy Devito|Annihilape, M|100\/100\n|turn|1\n|\n|t:|1700370815\n|move|p2a: Tommy Devito|Rage Fist|p1a: Glaceon\n|-damage|p1a: Glaceon|85\/100\n|move|p1a: Glaceon|Snowscape|p1a: Glaceon\n|-weather|Snow\n|\n|-weather|Snow|[upkeep]\n|-heal|p1a: Glaceon|91\/100|[from] ability: Ice Body\n|-heal|p1a: Glaceon|97\/100|[from] item: Leftovers\n|upkeep\n|turn|2\n|\n|t:|1700370850\n|switch|p1a: Avalugg|Avalugg, M|100\/100\n|move|p2a: Tommy Devito|Drain Punch|p1a: Avalugg\n|-supereffective|p1a: Avalugg\n|-damage|p1a: Avalugg|84\/100\n|-damage|p2a: Tommy Devito|84\/100|[from] item: Rocky Helmet|[of] p1a: Avalugg\n|\n|-weather|Snow|[upkeep]\n|-heal|p1a: Avalugg|90\/100|[from] ability: Ice Body\n|-heal|p2a: Tommy Devito|90\/100|[from] item: Leftovers\n|upkeep\n|turn|3\n|\n|t:|1700370869\n|move|p2a: Tommy Devito|Bulk Up|p2a: Tommy Devito\n|-boost|p2a: Tommy Devito|atk|1\n|-boost|p2a: Tommy Devito|def|1\n|move|p1a: Avalugg|Curse|p1a: Avalugg\n|-unboost|p1a: Avalugg|spe|1\n|-boost|p1a: Avalugg|atk|1\n|-boost|p1a: Avalugg|def|1\n|\n|-weather|Snow|[upkeep]\n|-heal|p1a: Avalugg|96\/100|[from] ability: Ice Body\n|-heal|p2a: Tommy Devito|96\/100|[from] item: Leftovers\n|upkeep\n|turn|4\n|\n|t:|1700370885\n|move|p2a: Tommy Devito|Taunt|p1a: Avalugg\n|-start|p1a: Avalugg|move: Taunt\n|cant|p1a: Avalugg|move: Taunt|Curse\n|\n|-weather|Snow|[upkeep]\n|-heal|p1a: Avalugg|100\/100|[from] ability: Ice Body\n|-heal|p2a: Tommy Devito|100\/100|[from] item: Leftovers\n|upkeep\n|turn|5\n|\n|t:|1700370905\n|move|p2a: Tommy Devito|Bulk Up|p2a: Tommy Devito\n|-boost|p2a: Tommy Devito|atk|1\n|-boost|p2a: Tommy Devito|def|1\n|move|p1a: Avalugg|Earthquake|p2a: Tommy Devito\n|-damage|p2a: Tommy Devito|80\/100\n|\n|-weather|none\n|-heal|p2a: Tommy Devito|86\/100|[from] item: Leftovers\n|upkeep\n|turn|6\n|\n|t:|1700370924\n|move|p2a: Tommy Devito|Bulk Up|p2a: Tommy Devito\n|-boost|p2a: Tommy Devito|atk|1\n|-boost|p2a: Tommy Devito|def|1\n|move|p1a: Avalugg|Rapid Spin|p2a: Tommy Devito\n|-immune|p2a: Tommy Devito\n|\n|-heal|p2a: Tommy Devito|93\/100|[from] item: Leftovers\n|-end|p1a: Avalugg|move: Taunt\n|upkeep\n|turn|7\n|\n|t:|1700370963\n|move|p2a: Tommy Devito|Taunt|p1a: Avalugg\n|-start|p1a: Avalugg|move: Taunt\n|move|p1a: Avalugg|Earthquake|p2a: Tommy Devito\n|-damage|p2a: Tommy Devito|77\/100\n|\n|-heal|p2a: Tommy Devito|83\/100|[from] item: Leftovers\n|upkeep\n|turn|8\n|\n|t:|1700370974\n|move|p2a: Tommy Devito|Drain Punch|p1a: Avalugg\n|-supereffective|p1a: Avalugg\n|-damage|p1a: Avalugg|60\/100\n|-heal|p2a: Tommy Devito|100\/100|[from] drain|[of] p1a: Avalugg\n|-damage|p2a: Tommy Devito|84\/100|[from] item: Rocky Helmet|[of] p1a: Avalugg\n|move|p1a: Avalugg|Earthquake|p2a: Tommy Devito\n|-damage|p2a: Tommy Devito|68\/100\n|\n|-heal|p2a: Tommy Devito|75\/100|[from] item: Leftovers\n|upkeep\n|turn|9\n|\n|t:|1700370985\n|move|p2a: Tommy Devito|Bulk Up|p2a: Tommy Devito\n|-boost|p2a: Tommy Devito|atk|1\n|-boost|p2a: Tommy Devito|def|1\n|move|p1a: Avalugg|Earthquake|p2a: Tommy Devito\n|-damage|p2a: Tommy Devito|62\/100\n|\n|-heal|p2a: Tommy Devito|69\/100|[from] item: Leftovers\n|-end|p1a: Avalugg|move: Taunt\n|upkeep\n|turn|10\n|\n|t:|1700370997\n|move|p2a: Tommy Devito|Taunt|p1a: Avalugg\n|-start|p1a: Avalugg|move: Taunt\n|cant|p1a: Avalugg|move: Taunt|Curse\n|\n|-heal|p2a: Tommy Devito|75\/100|[from] item: Leftovers\n|upkeep\n|turn|11\n|\n|t:|1700371004\n|move|p2a: Tommy Devito|Drain Punch|p1a: Avalugg\n|-supereffective|p1a: Avalugg\n|-damage|p1a: Avalugg|13\/100\n|-heal|p2a: Tommy Devito|97\/100|[from] drain|[of] p1a: Avalugg\n|-damage|p2a: Tommy Devito|80\/100|[from] item: Rocky Helmet|[of] p1a: Avalugg\n|move|p1a: Avalugg|Earthquake|p2a: Tommy Devito\n|-damage|p2a: Tommy Devito|67\/100\n|\n|-heal|p2a: Tommy Devito|73\/100|[from] item: Leftovers\n|upkeep\n|turn|12\n|\n|t:|1700371018\n|move|p2a: Tommy Devito|Drain Punch|p1a: Avalugg\n|-supereffective|p1a: Avalugg\n|-damage|p1a: Avalugg|0 fnt\n|-heal|p2a: Tommy Devito|79\/100|[from] drain|[of] p1a: Avalugg\n|-damage|p2a: Tommy Devito|62\/100|[from] item: Rocky Helmet|[of] p1a: Avalugg\n|faint|p1a: Avalugg\n|\n|-heal|p2a: Tommy Devito|68\/100|[from] item: Leftovers\n|upkeep\n|l|\u2606Jojospicydong\n|player|p1|\n|j|\u2606Jojospicydong\n|player|p1|Jojospicydong|cameraman\n|\n|t:|1700371061\n|switch|p1a: Flutter Mane|Flutter Mane|100\/100\n|-enditem|p1a: Flutter Mane|Booster Energy\n|-activate|p1a: Flutter Mane|ability: Protosynthesis|[fromitem]\n|-start|p1a: Flutter Mane|protosynthesisspe\n|turn|13\n|\n|t:|1700371075\n|move|p1a: Flutter Mane|Moonblast|p2a: Tommy Devito\n|-supereffective|p2a: Tommy Devito\n|-damage|p2a: Tommy Devito|0 fnt\n|faint|p2a: Tommy Devito\n|\n|upkeep\n|\n|t:|1700371086\n|switch|p2a: LSD|Muk-Alola, M|100\/100\n|turn|14\n|\n|t:|1700371101\n|move|p1a: Flutter Mane|Perish Song|p1a: Flutter Mane\n|-start|p1a: Flutter Mane|perish3|[silent]\n|-start|p2a: LSD|perish3|[silent]\n|-fieldactivate|move: Perish Song\n|move|p2a: LSD|Knock Off|p1a: Flutter Mane\n|-damage|p1a: Flutter Mane|35\/100\n|\n|-start|p1a: Flutter Mane|perish3\n|-start|p2a: LSD|perish3\n|upkeep\n|turn|15\n|\n|t:|1700371113\n|-end|p1a: Flutter Mane|Protosynthesis|[silent]\n|switch|p1a: Slowking|Slowking-Galar, F|100\/100\n|move|p2a: LSD|Poison Jab|p1a: Slowking\n|-resisted|p1a: Slowking\n|-damage|p1a: Slowking|81\/100\n|\n|-heal|p1a: Slowking|88\/100|[from] item: Black Sludge\n|-start|p2a: LSD|perish2\n|upkeep\n|turn|16\n|\n|t:|1700371125\n|move|p2a: LSD|Knock Off|p1a: Slowking\n|-supereffective|p1a: Slowking\n|-damage|p1a: Slowking|0 fnt\n|-enditem|p1a: Slowking|Black Sludge|[from] move: Knock Off|[of] p2a: LSD\n|faint|p1a: Slowking\n|\n|-start|p2a: LSD|perish1\n|upkeep\n|\n|t:|1700371136\n|switch|p1a: Medicham|Medicham, M|100\/100\n|turn|17\n|l|\u2606Jojospicydong\n|player|p1|\n|j|\u2606Jojospicydong\n|player|p1|Jojospicydong|cameraman\n|\n|t:|1700371173\n|switch|p2a: Diable Jambe|Oricorio, M, shiny|100\/100\n|move|p1a: Medicham|Bulk Up|p1a: Medicham\n|-boost|p1a: Medicham|atk|1\n|-boost|p1a: Medicham|def|1\n|\n|upkeep\n|turn|18\n|\n|t:|1700371187\n|move|p1a: Medicham|Bullet Punch|p2a: Diable Jambe\n|-resisted|p2a: Diable Jambe\n|-crit|p2a: Diable Jambe\n|-damage|p2a: Diable Jambe|70\/100\n|-damage|p1a: Medicham|91\/100|[from] item: Life Orb\n|move|p2a: Diable Jambe|Air Slash|p1a: Medicham|[miss]\n|-miss|p2a: Diable Jambe|p1a: Medicham\n|\n|upkeep\n|turn|19\n|\n|t:|1700371197\n|move|p2a: Diable Jambe|Air Slash|p1a: Medicham\n|-supereffective|p1a: Medicham\n|-damage|p1a: Medicham|14\/100\n|move|p1a: Medicham|Psycho Cut|p2a: Diable Jambe\n|-damage|p2a: Diable Jambe|0 fnt\n|faint|p2a: Diable Jambe\n|-damage|p1a: Medicham|4\/100|[from] item: Life Orb\n|\n|upkeep\n|\n|t:|1700371216\n|switch|p2a: Eldritch Horror|Mimikyu, M, shiny|100\/100\n|turn|20\n|\n|t:|1700371226\n|move|p2a: Eldritch Horror|Shadow Sneak|p1a: Medicham\n|-supereffective|p1a: Medicham\n|-damage|p1a: Medicham|0 fnt\n|faint|p1a: Medicham\n|\n|upkeep\n|\n|t:|1700371232\n|switch|p1a: Glaceon|Glaceon, F|97\/100\n|turn|21\n|\n|t:|1700371243\n|switch|p2a: LSD|Muk-Alola, M|100\/100\n|move|p1a: Glaceon|Snowscape|p1a: Glaceon\n|-weather|Snow\n|\n|-weather|Snow|[upkeep]\n|-heal|p1a: Glaceon|100\/100|[from] ability: Ice Body\n|upkeep\n|turn|22\n|\n|t:|1700371255\n|move|p1a: Glaceon|Calm Mind|p1a: Glaceon\n|-boost|p1a: Glaceon|spa|1\n|-boost|p1a: Glaceon|spd|1\n|move|p2a: LSD|Knock Off|p1a: Glaceon\n|-damage|p1a: Glaceon|76\/100\n|-enditem|p1a: Glaceon|Leftovers|[from] move: Knock Off|[of] p2a: LSD\n|\n|-weather|Snow|[upkeep]\n|-heal|p1a: Glaceon|82\/100|[from] ability: Ice Body\n|upkeep\n|turn|23\n|\n|t:|1700371266\n|move|p1a: Glaceon|Freeze-Dry|p2a: LSD\n|-damage|p2a: LSD|80\/100\n|move|p2a: LSD|Poison Jab|p1a: Glaceon\n|-damage|p1a: Glaceon|63\/100\n|\n|-weather|Snow|[upkeep]\n|-heal|p1a: Glaceon|69\/100|[from] ability: Ice Body\n|upkeep\n|turn|24\n|\n|t:|1700371291\n|move|p1a: Glaceon|Wish|p1a: Glaceon\n|move|p2a: LSD|Poison Jab|p1a: Glaceon\n|-damage|p1a: Glaceon|48\/100\n|\n|-weather|Snow|[upkeep]\n|-heal|p1a: Glaceon|53\/100|[from] ability: Ice Body\n|upkeep\n|turn|25\n|\n|t:|1700371301\n|move|p1a: Glaceon|Freeze-Dry|p2a: LSD\n|-damage|p2a: LSD|58\/100\n|move|p2a: LSD|Poison Jab|p1a: Glaceon\n|-damage|p1a: Glaceon|32\/100\n|\n|-weather|none\n|-heal|p1a: Glaceon|82\/100|[from] move: Wish|[wisher] Glaceon\n|upkeep\n|turn|26\n|\n|t:|1700371312\n|move|p1a: Glaceon|Snowscape|p1a: Glaceon\n|-weather|Snow\n|move|p2a: LSD|Poison Jab|p1a: Glaceon\n|-damage|p1a: Glaceon|62\/100\n|-status|p1a: Glaceon|psn|[from] ability: Poison Touch|[of] p2a: LSD\n|\n|-weather|Snow|[upkeep]\n|-heal|p1a: Glaceon|68\/100 psn|[from] ability: Ice Body\n|-damage|p1a: Glaceon|56\/100 psn|[from] psn\n|upkeep\n|turn|27\n|\n|t:|1700371334\n|move|p1a: Glaceon|Freeze-Dry|p2a: LSD\n|-damage|p2a: LSD|37\/100\n|move|p2a: LSD|Poison Jab|p1a: Glaceon\n|-damage|p1a: Glaceon|36\/100 psn\n|\n|-weather|Snow|[upkeep]\n|-heal|p1a: Glaceon|42\/100 psn|[from] ability: Ice Body\n|-damage|p1a: Glaceon|30\/100 psn|[from] psn\n|upkeep\n|turn|28\n|l|\u2606Jojospicydong\n|player|p1|\n|j|\u2606Jojospicydong\n|player|p1|Jojospicydong|cameraman\n|\n|t:|1700371366\n|move|p1a: Glaceon|Wish|p1a: Glaceon\n|move|p2a: LSD|Poison Jab|p1a: Glaceon\n|-damage|p1a: Glaceon|10\/100 psn\n|\n|-weather|Snow|[upkeep]\n|-heal|p1a: Glaceon|16\/100 psn|[from] ability: Ice Body\n|-damage|p1a: Glaceon|4\/100 psn|[from] psn\n|upkeep\n|turn|29\n|\n|t:|1700371379\n|move|p1a: Glaceon|Freeze-Dry|p2a: LSD\n|-damage|p2a: LSD|15\/100\n|move|p2a: LSD|Poison Jab|p1a: Glaceon\n|-damage|p1a: Glaceon|0 fnt\n|faint|p1a: Glaceon\n|\n|-weather|Snow|[upkeep]\n|upkeep\n|\n|t:|1700371388\n|switch|p1a: Flutter Mane|Flutter Mane|35\/100\n|turn|30\n|\n|t:|1700371397\n|move|p1a: Flutter Mane|Moonblast|p2a: LSD\n|-damage|p2a: LSD|0 fnt\n|faint|p2a: LSD\n|\n|-weather|none\n|upkeep\n|\n|t:|1700371403\n|switch|p2a: Eldritch Horror|Mimikyu, M, shiny|100\/100\n|turn|31\n|\n|t:|1700371408\n|-end|p1a: Flutter Mane|Protosynthesis|[silent]\n|switch|p1a: Azumarill|Azumarill, F|100\/100\n|move|p2a: Eldritch Horror|Shadow Sneak|p1a: Azumarill\n|-damage|p1a: Azumarill|83\/100\n|\n|upkeep\n|turn|32\n|\n|t:|1700371417\n|move|p1a: Azumarill|Aqua Jet|p2a: Eldritch Horror\n|-activate|p2a: Eldritch Horror|ability: Disguise\n|-damage|p2a: Eldritch Horror|100\/100\n|detailschange|p2a: Eldritch Horror|Mimikyu-Busted, M, shiny\n|-damage|p2a: Eldritch Horror|88\/100|[from] pokemon: Mimikyu-Busted\n|move|p2a: Eldritch Horror|Trailblaze|p1a: Azumarill\n|-supereffective|p1a: Azumarill\n|-damage|p1a: Azumarill|47\/100\n|-boost|p2a: Eldritch Horror|spe|1\n|-enditem|p1a: Azumarill|Sitrus Berry|[eat]\n|-heal|p1a: Azumarill|72\/100|[from] item: Sitrus Berry\n|\n|upkeep\n|turn|33\n|\n|t:|1700371453\n|move|p2a: Eldritch Horror|Swords Dance|p2a: Eldritch Horror\n|-boost|p2a: Eldritch Horror|atk|2\n|move|p1a: Azumarill|Knock Off|p2a: Eldritch Horror\n|-damage|p2a: Eldritch Horror|24\/100\n|-enditem|p2a: Eldritch Horror|Expert Belt|[from] move: Knock Off|[of] p1a: Azumarill\n|\n|upkeep\n|turn|34\n|\n|t:|1700371481\n|move|p2a: Eldritch Horror|Shadow Sneak|p1a: Azumarill\n|-damage|p1a: Azumarill|40\/100\n|move|p1a: Azumarill|Aqua Jet|p2a: Eldritch Horror\n|-damage|p2a: Eldritch Horror|0 fnt\n|faint|p2a: Eldritch Horror\n|\n|upkeep\n|\n|t:|1700371493\n|switch|p2a: Demon|Garchomp, M|100\/100\n|turn|35\n|\n|t:|1700371498\n|move|p2a: Demon|Earthquake|p1a: Azumarill\n|-damage|p1a: Azumarill|0 fnt\n|faint|p1a: Azumarill\n|-damage|p2a: Demon|91\/100|[from] item: Life Orb\n|\n|upkeep\n|\n|t:|1700371505\n|switch|p1a: Flutter Mane|Flutter Mane|35\/100\n|turn|36\n|\n|t:|1700371511\n|move|p1a: Flutter Mane|Moonblast|p2a: Demon\n|-supereffective|p2a: Demon\n|-damage|p2a: Demon|0 fnt\n|faint|p2a: Demon\n|\n|upkeep\n|\n|t:|1700371516\n|switch|p2a: Body Bag|Walking Wake|100\/100\n|-enditem|p2a: Body Bag|Booster Energy\n|-activate|p2a: Body Bag|ability: Protosynthesis|[fromitem]\n|-start|p2a: Body Bag|protosynthesisspe\n|turn|37\n|\n|t:|1700371521\n|move|p2a: Body Bag|Hydro Steam|p1a: Flutter Mane\n|-damage|p1a: Flutter Mane|0 fnt\n|faint|p1a: Flutter Mane\n|-end|p1a: Flutter Mane|Protosynthesis|[silent]\n|\n|win|jeezus1023\n|c|\u2606jeezus1023|gg\n","uploadtime":1700371532,"views":33,"p1id":"jojospicydong","p2id":"jeezus1023","formatid":"gen9anythinggoes","rating":0,"private":0,"password":""}