{"id":"gen9anythinggoes-1986752246","p1":"15Luap09","p2":"Nanocrona","format":"[Gen 9] Anything Goes","log":"|j|\u260615Luap09\n|j|\u2606Nanocrona\n|t:|1699519497\n|gametype|singles\n|player|p1|15Luap09|266|1051\n|player|p2|Nanocrona|veteran|1006\n|teamsize|p1|6\n|teamsize|p2|6\n|gen|9\n|tier|[Gen 9] Anything Goes\n|rated|\n|rule|HP Percentage Mod: HP is shown in percentages\n|rule|Endless Battle Clause: Forcing endless battles is banned\n|clearpoke\n|poke|p1|Grimmsnarl, M|\n|poke|p1|Nacli, M|\n|poke|p1|Dudunsparce-*, F|\n|poke|p1|Scream Tail|\n|poke|p1|Chansey, F|\n|poke|p1|Ribombee, F|\n|poke|p2|Rockruff, F|\n|poke|p2|Houndoom, M|\n|poke|p2|Arcanine-Hisui, F|\n|poke|p2|Lycanroc-Dusk, F|\n|poke|p2|Zacian-*|\n|poke|p2|Zamazenta-*|\n|teampreview\n|\n|t:|1699519504\n|start\n|switch|p1a: Grimsley|Grimmsnarl, M, shiny|100\/100\n|switch|p2a: Amelia|Rockruff, F|100\/100\n|turn|1\n|\n|t:|1699519512\n|move|p2a: Amelia|Protect|p2a: Amelia\n|-singleturn|p2a: Amelia|Protect\n|move|p1a: Grimsley|Reflect|p1a: Grimsley\n|-sidestart|p1: 15Luap09|Reflect\n|\n|upkeep\n|turn|2\n|\n|t:|1699519519\n|move|p1a: Grimsley|Light Screen|p1a: Grimsley\n|-sidestart|p1: 15Luap09|move: Light Screen\n|move|p2a: Amelia|Iron Defense|p2a: Amelia\n|-boost|p2a: Amelia|def|2\n|\n|upkeep\n|turn|3\n|\n|t:|1699519525\n|move|p1a: Grimsley|Fling|p2a: Amelia\n|-damage|p2a: Amelia|87\/100\n|-status|p2a: Amelia|par\n|-enditem|p1a: Grimsley|Light Ball|[from] move: Fling\n|move|p2a: Amelia|Iron Defense|p2a: Amelia\n|-boost|p2a: Amelia|def|2\n|\n|upkeep\n|turn|4\n|\n|t:|1699519532\n|move|p1a: Grimsley|Thief|p2a: Amelia\n|-damage|p2a: Amelia|68\/100 par\n|-enditem|p2a: Amelia|Heavy-Duty Boots|[silent]|[from] move: Thief|[of] p1a: Grimsley\n|-item|p1a: Grimsley|Heavy-Duty Boots|[from] move: Thief|[of] p2a: Amelia\n|move|p2a: Amelia|Body Slam|p1a: Grimsley\n|-damage|p1a: Grimsley|94\/100\n|\n|upkeep\n|turn|5\n|\n|t:|1699519542\n|switch|p1a: Land Snek|Dudunsparce-Three-Segment, F|100\/100\n|switch|p2a: Uono|Houndoom, M|100\/100\n|\n|-sideend|p1: 15Luap09|Reflect\n|upkeep\n|turn|6\n|\n|t:|1699519550\n|move|p2a: Uono|Fire Fang|p1a: Land Snek\n|-damage|p1a: Land Snek|79\/100\n|move|p1a: Land Snek|Coil|p1a: Land Snek\n|-boost|p1a: Land Snek|atk|1\n|-boost|p1a: Land Snek|def|1\n|-boost|p1a: Land Snek|accuracy|1\n|\n|-sideend|p1: 15Luap09|move: Light Screen\n|upkeep\n|turn|7\n|\n|t:|1699519560\n|-terastallize|p2a: Uono|Fire\n|move|p2a: Uono|Fire Fang|p1a: Land Snek\n|-damage|p1a: Land Snek|58\/100\n|move|p1a: Land Snek|Substitute|p1a: Land Snek\n|-start|p1a: Land Snek|Substitute\n|-damage|p1a: Land Snek|34\/100\n|\n|upkeep\n|turn|8\n|\n|t:|1699519568\n|move|p2a: Uono|Fire Fang|p1a: Land Snek\n|-activate|p1a: Land Snek|move: Substitute|[damage]\n|move|p1a: Land Snek|Coil|p1a: Land Snek\n|-boost|p1a: Land Snek|atk|1\n|-boost|p1a: Land Snek|def|1\n|-boost|p1a: Land Snek|accuracy|1\n|\n|upkeep\n|turn|9\n|\n|t:|1699519576\n|move|p2a: Uono|Fire Fang|p1a: Land Snek\n|-end|p1a: Land Snek|Substitute\n|move|p1a: Land Snek|Coil|p1a: Land Snek\n|-boost|p1a: Land Snek|atk|1\n|-boost|p1a: Land Snek|def|1\n|-boost|p1a: Land Snek|accuracy|1\n|\n|upkeep\n|turn|10\n|inactive|Battle timer is ON: inactive players will automatically lose when time's up. (requested by Nanocrona)\n|\n|t:|1699519587\n|move|p2a: Uono|Fire Fang|p1a: Land Snek\n|-damage|p1a: Land Snek|22\/100\n|move|p1a: Land Snek|Baton Pass|p1a: Land Snek\n|\n|t:|1699519593\n|switch|p1a: Bigglytuff|Scream Tail, shiny|100\/100|[from] Baton Pass\n|\n|upkeep\n|turn|11\n|\n|t:|1699519597\n|move|p2a: Uono|Fire Fang|p1a: Bigglytuff\n|-damage|p1a: Bigglytuff|92\/100\n|move|p1a: Bigglytuff|Bulk Up|p1a: Bigglytuff\n|-boost|p1a: Bigglytuff|atk|1\n|-boost|p1a: Bigglytuff|def|1\n|\n|upkeep\n|turn|12\n|\n|t:|1699519604\n|move|p2a: Uono|Fire Fang|p1a: Bigglytuff\n|-damage|p1a: Bigglytuff|85\/100\n|move|p1a: Bigglytuff|Bulk Up|p1a: Bigglytuff\n|-boost|p1a: Bigglytuff|atk|1\n|-boost|p1a: Bigglytuff|def|1\n|\n|upkeep\n|turn|13\n|\n|t:|1699519613\n|move|p2a: Uono|Fire Fang|p1a: Bigglytuff\n|-damage|p1a: Bigglytuff|79\/100\n|move|p1a: Bigglytuff|Bulk Up|p1a: Bigglytuff\n|-boost|p1a: Bigglytuff|atk|1\n|-boost|p1a: Bigglytuff|def|1\n|\n|upkeep\n|turn|14\n|\n|t:|1699519623\n|move|p2a: Uono|Fire Fang|p1a: Bigglytuff\n|-damage|p1a: Bigglytuff|74\/100\n|move|p1a: Bigglytuff|Calm Mind|p1a: Bigglytuff\n|-boost|p1a: Bigglytuff|spa|1\n|-boost|p1a: Bigglytuff|spd|1\n|\n|upkeep\n|turn|15\n|\n|t:|1699519630\n|move|p2a: Uono|Fire Fang|p1a: Bigglytuff\n|-damage|p1a: Bigglytuff|68\/100\n|move|p1a: Bigglytuff|Calm Mind|p1a: Bigglytuff\n|-boost|p1a: Bigglytuff|spa|1\n|-boost|p1a: Bigglytuff|spd|1\n|\n|upkeep\n|turn|16\n|\n|t:|1699519637\n|move|p2a: Uono|Fire Fang|p1a: Bigglytuff\n|-damage|p1a: Bigglytuff|62\/100\n|-status|p1a: Bigglytuff|brn\n|move|p1a: Bigglytuff|Calm Mind|p1a: Bigglytuff\n|-boost|p1a: Bigglytuff|spa|1\n|-boost|p1a: Bigglytuff|spd|1\n|\n|-damage|p1a: Bigglytuff|56\/100 brn|[from] brn\n|upkeep\n|turn|17\n|\n|t:|1699519647\n|move|p2a: Uono|Fire Fang|p1a: Bigglytuff\n|-damage|p1a: Bigglytuff|50\/100 brn\n|move|p1a: Bigglytuff|Calm Mind|p1a: Bigglytuff\n|-boost|p1a: Bigglytuff|spa|1\n|-boost|p1a: Bigglytuff|spd|1\n|\n|-damage|p1a: Bigglytuff|44\/100 brn|[from] brn\n|upkeep\n|turn|18\n|\n|t:|1699519656\n|move|p2a: Uono|Fire Fang|p1a: Bigglytuff\n|-damage|p1a: Bigglytuff|39\/100 brn\n|move|p1a: Bigglytuff|Calm Mind|p1a: Bigglytuff\n|-boost|p1a: Bigglytuff|spa|1\n|-boost|p1a: Bigglytuff|spd|1\n|\n|-damage|p1a: Bigglytuff|33\/100 brn|[from] brn\n|upkeep\n|turn|19\n|\n|t:|1699519664\n|move|p2a: Uono|Fire Fang|p1a: Bigglytuff\n|-damage|p1a: Bigglytuff|27\/100 brn\n|move|p1a: Bigglytuff|Calm Mind|p1a: Bigglytuff\n|-boost|p1a: Bigglytuff|spa|1\n|-boost|p1a: Bigglytuff|spd|1\n|\n|-damage|p1a: Bigglytuff|21\/100 brn|[from] brn\n|upkeep\n|turn|20\n|\n|t:|1699519673\n|move|p2a: Uono|Fire Fang|p1a: Bigglytuff|[miss]\n|-miss|p2a: Uono|p1a: Bigglytuff\n|move|p1a: Bigglytuff|Baton Pass|p1a: Bigglytuff\n|\n|t:|1699519683\n|-end|p1a: Bigglytuff|Protosynthesis|[silent]\n|switch|p1a: Punch Bag|Chansey, F, shiny|100\/100|[from] Baton Pass\n|\n|upkeep\n|turn|21\n|\n|t:|1699519688\n|move|p2a: Uono|Fire Fang|p1a: Punch Bag\n|-damage|p1a: Punch Bag|90\/100\n|move|p1a: Punch Bag|Drain Punch|p2a: Uono\n|-crit|p2a: Uono\n|-damage|p2a: Uono|0 fnt\n|-heal|p1a: Punch Bag|100\/100|[from] drain|[of] p2a: Uono\n|faint|p2a: Uono\n|\n|upkeep\n|inactive|Nanocrona has 120 seconds left.\n|\n|t:|1699519728\n|switch|p2a: Jane|Zamazenta, shiny|100\/100\n|-ability|p2a: Jane|Dauntless Shield|boost\n|-boost|p2a: Jane|def|1\n|turn|22\n|\n|t:|1699519735\n|-terastallize|p1a: Punch Bag|Ghost\n|move|p2a: Jane|Giga Impact|p1a: Punch Bag\n|-immune|p1a: Punch Bag\n|move|p1a: Punch Bag|Drain Punch|p2a: Jane\n|-damage|p2a: Jane|78\/100\n|\n|upkeep\n|turn|23\n|inactive|Nanocrona has 120 seconds left.\n|\n|t:|1699519745\n|move|p2a: Jane|Giga Impact|p1a: Punch Bag\n|-immune|p1a: Punch Bag\n|move|p1a: Punch Bag|Body Slam|p2a: Jane\n|-damage|p2a: Jane|38\/100\n|\n|upkeep\n|turn|24\n|inactive|Nanocrona has 120 seconds left.\n|\n|t:|1699519756\n|switch|p2a: Rex|Zacian, shiny|100\/100\n|-ability|p2a: Rex|Intrepid Sword|boost\n|-boost|p2a: Rex|atk|1\n|move|p1a: Punch Bag|Body Slam|p2a: Rex\n|-damage|p2a: Rex|44\/100\n|\n|upkeep\n|turn|25\n|\n|t:|1699519765\n|move|p2a: Rex|Psychic Fangs|p1a: Punch Bag\n|-damage|p1a: Punch Bag|88\/100\n|move|p1a: Punch Bag|Body Slam|p2a: Rex\n|-damage|p2a: Rex|0 fnt\n|faint|p2a: Rex\n|\n|upkeep\n|inactive|Nanocrona has 120 seconds left.\n|\n|t:|1699519776\n|switch|p2a: Lily|Lycanroc-Dusk, F|100\/100\n|turn|26\n|\n|t:|1699519779\n|move|p1a: Punch Bag|Drain Punch|p2a: Lily\n|-supereffective|p2a: Lily\n|-damage|p2a: Lily|0 fnt\n|-heal|p1a: Punch Bag|100\/100|[from] drain|[of] p2a: Lily\n|faint|p2a: Lily\n|\n|upkeep\n|\n|t:|1699519785\n|switch|p2a: Hitsun|Arcanine-Hisui, F|100\/100\n|-ability|p2a: Hitsun|Intimidate|boost\n|-unboost|p1a: Punch Bag|atk|1\n|turn|27\n|\n|t:|1699519790\n|move|p2a: Hitsun|Fire Blast|p1a: Punch Bag\n|-crit|p1a: Punch Bag\n|-damage|p1a: Punch Bag|63\/100\n|move|p1a: Punch Bag|Drain Punch|p2a: Hitsun\n|-supereffective|p2a: Hitsun\n|-damage|p2a: Hitsun|12\/100\n|-heal|p1a: Punch Bag|86\/100|[from] drain|[of] p2a: Hitsun\n|\n|upkeep\n|turn|28\n|\n|t:|1699519800\n|move|p2a: Hitsun|Fire Blast|p1a: Punch Bag\n|-damage|p1a: Punch Bag|80\/100\n|move|p1a: Punch Bag|Body Slam|p2a: Hitsun\n|-resisted|p2a: Hitsun\n|-damage|p2a: Hitsun|0 fnt\n|faint|p2a: Hitsun\n|\n|upkeep\n|\n|t:|1699519810\n|switch|p2a: Jane|Zamazenta, shiny|38\/100\n|turn|29\n|l|\u2606Nanocrona\n|inactive|Nanocrona disconnected and has a minute to reconnect!\n|player|p2|\n|c|\u260615Luap09|Come on come back!\n|inactive|Nanocrona has 30 seconds to reconnect!\n|inactive|Nanocrona has 20 seconds to reconnect!\n|inactive|Nanocrona has 15 seconds to reconnect!\n|c|\u260615Luap09|What's the matter? Don't like being swept by Physical Chansey?\n|inactive|Nanocrona has 10 seconds to reconnect!\n|c|\u260615Luap09|\ud83e\udd23\ud83e\udd23\ud83e\udd23\ud83e\udd23\ud83e\udd23\ud83e\udd23\n|inactive|Nanocrona has 5 seconds to reconnect!\n|c|\u260615Luap09|\ud83e\uddc2\ud83e\uddc2\ud83e\uddc2\ud83e\uddc2\ud83e\uddc2\ud83e\uddc2\ud83e\uddc2\ud83e\uddc2\n|-message|Nanocrona lost due to inactivity.\n|\n|win|15Luap09\n|raw|15Luap09's rating: 1051 &rarr; <strong>1079<\/strong><br \/>(+28 for winning)\n|raw|Nanocrona's rating: 1006 &rarr; <strong>1000<\/strong><br \/>(-6 for losing)\n","uploadtime":1699519890,"views":13,"p1id":"15luap09","p2id":"nanocrona","formatid":"gen9anythinggoes","rating":1000,"private":0,"password":""}