{"id":"gen9anythinggoes-1973378975","p1":"Flaggx","p2":"Horuskoria","format":"[Gen 9] Anything Goes","log":"|j|\u2606Flaggx\n|j|\u2606Horuskoria\n|t:|1697965027\n|gametype|singles\n|player|p1|Flaggx|102|\n|player|p2|Horuskoria|169|\n|teamsize|p1|6\n|teamsize|p2|6\n|gen|9\n|tier|[Gen 9] Anything Goes\n|rule|HP Percentage Mod: HP is shown in percentages\n|rule|Endless Battle Clause: Forcing endless battles is banned\n|clearpoke\n|poke|p1|Landorus-Therian, M|\n|poke|p1|Volcanion|\n|poke|p1|Empoleon, M|\n|poke|p1|Rillaboom, M|\n|poke|p1|Sneasler, M|\n|poke|p1|Sandslash-Alola, M|\n|poke|p2|Hydreigon, F|\n|poke|p2|Heatran, M|\n|poke|p2|Piloswine, M|\n|poke|p2|Okidogi, M|\n|poke|p2|Ogerpon-Wellspring, F|\n|poke|p2|Vikavolt, M|\n|teampreview\n|\n|t:|1697965102\n|start\n|switch|p1a: Landorus|Landorus-Therian, M|100\/100\n|switch|p2a: Heatran|Heatran, M|100\/100\n|-ability|p1a: Landorus|Intimidate|boost\n|-unboost|p2a: Heatran|atk|1\n|-item|p2a: Heatran|Air Balloon\n|turn|1\n|\n|t:|1697965142\n|move|p1a: Landorus|U-turn|p2a: Heatran\n|-resisted|p2a: Heatran\n|-damage|p2a: Heatran|95\/100\n|-status|p1a: Landorus|brn|[from] ability: Flame Body|[of] p2a: Heatran\n|-enditem|p2a: Heatran|Air Balloon\n|\n|t:|1697965153\n|switch|p1a: Volcanion|Volcanion|100\/100|[from] U-turn\n|move|p2a: Heatran|Magma Storm|p1a: Volcanion\n|-resisted|p1a: Volcanion\n|-damage|p1a: Volcanion|91\/100\n|-activate|p1a: Volcanion|move: Magma Storm|[of] p2a: Heatran\n|\n|-damage|p1a: Volcanion|78\/100|[from] move: Magma Storm|[partiallytrapped]\n|upkeep\n|turn|2\n|\n|t:|1697965173\n|move|p2a: Heatran|Protect|p2a: Heatran\n|-singleturn|p2a: Heatran|Protect\n|move|p1a: Volcanion|Will-O-Wisp|p2a: Heatran\n|-activate|p2a: Heatran|move: Protect\n|\n|-damage|p1a: Volcanion|66\/100|[from] move: Magma Storm|[partiallytrapped]\n|upkeep\n|turn|3\n|\n|t:|1697965190\n|switch|p2a: Hydreigon|Hydreigon, F|100\/100\n|move|p1a: Volcanion|Steam Eruption|p2a: Hydreigon\n|-resisted|p2a: Hydreigon\n|-damage|p2a: Hydreigon|81\/100\n|\n|-end|p1a: Volcanion|Magma Storm|[partiallytrapped]|[silent]\n|upkeep\n|turn|4\n|\n|t:|1697965229\n|switch|p1a: Empoleon|Empoleon, M|100\/100\n|move|p2a: Hydreigon|Dark Pulse|p1a: Empoleon\n|-damage|p1a: Empoleon|81\/100\n|\n|upkeep\n|turn|5\n|\n|t:|1697965262\n|move|p2a: Hydreigon|Earth Power|p1a: Empoleon\n|-supereffective|p1a: Empoleon\n|-damage|p1a: Empoleon|52\/100\n|-unboost|p1a: Empoleon|spd|1\n|-ability|p1a: Empoleon|Competitive|boost\n|-boost|p1a: Empoleon|spa|2\n|move|p1a: Empoleon|Flip Turn|p2a: Hydreigon\n|-resisted|p2a: Hydreigon\n|-damage|p2a: Hydreigon|73\/100\n|\n|t:|1697965288\n|switch|p1a: Sneasler|Sneasler, M|100\/100|[from] Flip Turn\n|\n|upkeep\n|turn|6\n|\n|t:|1697965331\n|switch|p2a: Okidogi|Okidogi, M|100\/100\n|move|p1a: Sneasler|Acrobatics|p2a: Okidogi\n|-supereffective|p2a: Okidogi\n|-damage|p2a: Okidogi|75\/100\n|\n|-heal|p2a: Okidogi|81\/100|[from] item: Black Sludge\n|upkeep\n|turn|7\n|\n|t:|1697965349\n|switch|p1a: Landorus|Landorus-Therian, M|100\/100 brn\n|-ability|p1a: Landorus|Intimidate|boost\n|-ability|p2a: Okidogi|Guard Dog|boost\n|-boost|p2a: Okidogi|atk|1\n|move|p2a: Okidogi|Bulk Up|p2a: Okidogi\n|-boost|p2a: Okidogi|atk|1\n|-boost|p2a: Okidogi|def|1\n|\n|-heal|p2a: Okidogi|87\/100|[from] item: Black Sludge\n|-damage|p1a: Landorus|95\/100 brn|[from] brn\n|upkeep\n|turn|8\n|\n|t:|1697965373\n|switch|p2a: Hydreigon|Hydreigon, F|73\/100\n|move|p1a: Landorus|Earthquake|p2a: Hydreigon\n|-immune|p2a: Hydreigon|[from] ability: Levitate\n|\n|-damage|p1a: Landorus|89\/100 brn|[from] brn\n|upkeep\n|turn|9\n|\n|t:|1697965392\n|switch|p1a: Sandslash|Sandslash-Alola, M|100\/100\n|move|p2a: Hydreigon|Rest|p2a: Hydreigon\n|-status|p2a: Hydreigon|slp|[from] move: Rest\n|-heal|p2a: Hydreigon|100\/100 slp|[silent]\n|\n|upkeep\n|turn|10\n|\n|t:|1697965409\n|switch|p2a: Piloswine|Piloswine, M|100\/100\n|-terastallize|p1a: Sandslash|Ground\n|move|p1a: Sandslash|Brick Break|p2a: Piloswine\n|-supereffective|p2a: Piloswine\n|-damage|p2a: Piloswine|77\/100\n|\n|upkeep\n|turn|11\n|\n|t:|1697965423\n|switch|p1a: Landorus|Landorus-Therian, M|89\/100 brn\n|-ability|p1a: Landorus|Intimidate|boost\n|-unboost|p2a: Piloswine|atk|1\n|move|p2a: Piloswine|Avalanche|p1a: Landorus\n|-supereffective|p1a: Landorus\n|-damage|p1a: Landorus|23\/100 brn\n|\n|-damage|p1a: Landorus|17\/100 brn|[from] brn\n|upkeep\n|turn|12\n|\n|t:|1697965434\n|move|p2a: Piloswine|Ice Shard|p1a: Landorus\n|-supereffective|p1a: Landorus\n|-damage|p1a: Landorus|0 fnt\n|faint|p1a: Landorus\n|\n|upkeep\n|\n|t:|1697965452\n|switch|p1a: Rillaboom|Rillaboom, M|100\/100\n|-fieldstart|move: Grassy Terrain|[from] ability: Grassy Surge|[of] p1a: Rillaboom\n|turn|13\n|\n|t:|1697965470\n|switch|p2a: Vikavolt|Vikavolt, M|100\/100\n|move|p1a: Rillaboom|Leech Seed|p2a: Vikavolt\n|-start|p2a: Vikavolt|move: Leech Seed\n|\n|-damage|p2a: Vikavolt|88\/100|[from] Leech Seed|[of] p1a: Rillaboom\n|upkeep\n|turn|14\n|\n|t:|1697965481\n|switch|p1a: Sandslash|Sandslash-Alola, M, tera:Ground|100\/100\n|move|p2a: Vikavolt|Volt Switch|p1a: Sandslash\n|-immune|p1a: Sandslash\n|\n|-damage|p2a: Vikavolt|76\/100|[from] Leech Seed|[of] p1a: Sandslash\n|upkeep\n|turn|15\n|\n|t:|1697965493\n|switch|p2a: Ogerpon|Ogerpon-Wellspring, F|100\/100\n|move|p1a: Sandslash|Brick Break|p2a: Ogerpon\n|-damage|p2a: Ogerpon|80\/100\n|\n|-heal|p2a: Ogerpon|86\/100|[from] Grassy Terrain\n|upkeep\n|turn|16\n|\n|t:|1697965517\n|switch|p1a: Rillaboom|Rillaboom, M|100\/100\n|move|p2a: Ogerpon|Power Whip|p1a: Rillaboom\n|-resisted|p1a: Rillaboom\n|-damage|p1a: Rillaboom|65\/100\n|\n|-heal|p2a: Ogerpon|92\/100|[from] Grassy Terrain\n|-heal|p1a: Rillaboom|71\/100|[from] Grassy Terrain\n|-heal|p1a: Rillaboom|78\/100|[from] item: Leftovers\n|upkeep\n|turn|17\n|\n|t:|1697965548\n|move|p2a: Ogerpon|U-turn|p1a: Rillaboom\n|-supereffective|p1a: Rillaboom\n|-damage|p1a: Rillaboom|38\/100\n|\n|t:|1697965554\n|switch|p2a: Vikavolt|Vikavolt, M|76\/100|[from] U-turn\n|move|p1a: Rillaboom|Drain Punch|p2a: Vikavolt\n|-resisted|p2a: Vikavolt\n|-crit|p2a: Vikavolt\n|-damage|p2a: Vikavolt|63\/100\n|-heal|p1a: Rillaboom|44\/100|[from] drain|[of] p2a: Vikavolt\n|\n|-heal|p1a: Rillaboom|51\/100|[from] Grassy Terrain\n|-heal|p1a: Rillaboom|57\/100|[from] item: Leftovers\n|-fieldend|move: Grassy Terrain\n|upkeep\n|turn|18\n|\n|t:|1697965598\n|move|p1a: Rillaboom|U-turn|p2a: Vikavolt\n|-damage|p2a: Vikavolt|45\/100\n|\n|t:|1697965610\n|switch|p1a: Empoleon|Empoleon, M|52\/100|[from] U-turn\n|move|p2a: Vikavolt|Bug Buzz|p1a: Empoleon\n|-resisted|p1a: Empoleon\n|-damage|p1a: Empoleon|40\/100\n|\n|upkeep\n|turn|19\n|\n|t:|1697965635\n|move|p1a: Empoleon|Surf|p2a: Vikavolt\n|-damage|p2a: Vikavolt|0 fnt\n|faint|p2a: Vikavolt\n|\n|upkeep\n|\n|t:|1697965648\n|switch|p2a: Okidogi|Okidogi, M|87\/100\n|turn|20\n|\n|t:|1697965725\n|switch|p1a: Sneasler|Sneasler, M|100\/100\n|move|p2a: Okidogi|Body Press|p1a: Sneasler\n|-resisted|p1a: Sneasler\n|-damage|p1a: Sneasler|64\/100\n|\n|-heal|p2a: Okidogi|93\/100|[from] item: Black Sludge\n|upkeep\n|turn|21\n|\n|t:|1697965740\n|switch|p1a: Rillaboom|Rillaboom, M|57\/100\n|-fieldstart|move: Grassy Terrain|[from] ability: Grassy Surge|[of] p1a: Rillaboom\n|move|p2a: Okidogi|Psychic Fangs|p1a: Rillaboom\n|-damage|p1a: Rillaboom|39\/100\n|\n|-heal|p1a: Rillaboom|45\/100|[from] Grassy Terrain\n|-heal|p1a: Rillaboom|51\/100|[from] item: Leftovers\n|-heal|p2a: Okidogi|99\/100|[from] Grassy Terrain\n|-heal|p2a: Okidogi|100\/100|[from] item: Black Sludge\n|upkeep\n|turn|22\n|\n|t:|1697965754\n|move|p1a: Rillaboom|U-turn|p2a: Okidogi\n|-resisted|p2a: Okidogi\n|-damage|p2a: Okidogi|98\/100\n|\n|t:|1697965758\n|switch|p1a: Volcanion|Volcanion|66\/100|[from] U-turn\n|move|p2a: Okidogi|Gunk Shot|p1a: Volcanion|[miss]\n|-miss|p2a: Okidogi|p1a: Volcanion\n|\n|-heal|p2a: Okidogi|100\/100|[from] Grassy Terrain\n|-heal|p1a: Volcanion|72\/100|[from] Grassy Terrain\n|upkeep\n|turn|23\n|\n|t:|1697965780\n|switch|p2a: Hydreigon|Hydreigon, F|100\/100 slp\n|switch|p1a: Sneasler|Sneasler, M|64\/100\n|-enditem|p1a: Sneasler|Grassy Seed\n|-boost|p1a: Sneasler|def|1|[from] item: Grassy Seed\n|\n|-heal|p1a: Sneasler|70\/100|[from] Grassy Terrain\n|upkeep\n|turn|24\n|\n|t:|1697965797\n|switch|p2a: Okidogi|Okidogi, M|100\/100\n|move|p1a: Sneasler|Swords Dance|p1a: Sneasler\n|-boost|p1a: Sneasler|atk|2\n|\n|-heal|p1a: Sneasler|76\/100|[from] Grassy Terrain\n|upkeep\n|turn|25\n|\n|t:|1697965805\n|move|p1a: Sneasler|Acrobatics|p2a: Okidogi\n|-supereffective|p2a: Okidogi\n|-damage|p2a: Okidogi|0 fnt\n|faint|p2a: Okidogi\n|\n|-heal|p1a: Sneasler|82\/100|[from] Grassy Terrain\n|-fieldend|move: Grassy Terrain\n|upkeep\n|\n|t:|1697965884\n|switch|p2a: Piloswine|Piloswine, M|77\/100\n|turn|26\n|\n|t:|1697965890\n|move|p2a: Piloswine|Ice Shard|p1a: Sneasler\n|-damage|p1a: Sneasler|65\/100\n|move|p1a: Sneasler|Close Combat|p2a: Piloswine\n|-supereffective|p2a: Piloswine\n|-damage|p2a: Piloswine|0 fnt\n|-unboost|p1a: Sneasler|def|1\n|-unboost|p1a: Sneasler|spd|1\n|faint|p2a: Piloswine\n|\n|upkeep\n|\n|t:|1697965900\n|switch|p2a: Ogerpon|Ogerpon-Wellspring, F|92\/100\n|turn|27\n|\n|t:|1697965920\n|move|p2a: Ogerpon|Spiky Shield|p2a: Ogerpon\n|-singleturn|p2a: Ogerpon|move: Protect\n|move|p1a: Sneasler|Close Combat|p2a: Ogerpon\n|-activate|p2a: Ogerpon|move: Protect\n|-damage|p1a: Sneasler|52\/100|[from] Spiky Shield|[of] p2a: Ogerpon\n|\n|upkeep\n|turn|28\n|\n|t:|1697965953\n|move|p2a: Ogerpon|Spiky Shield|p2a: Ogerpon\n|-singleturn|p2a: Ogerpon|move: Protect\n|move|p1a: Sneasler|Close Combat|p2a: Ogerpon\n|-activate|p2a: Ogerpon|move: Protect\n|-damage|p1a: Sneasler|40\/100|[from] Spiky Shield|[of] p2a: Ogerpon\n|\n|upkeep\n|turn|29\n|\n|t:|1697965965\n|switch|p2a: Hydreigon|Hydreigon, F|100\/100 slp\n|move|p1a: Sneasler|Close Combat|p2a: Hydreigon\n|-supereffective|p2a: Hydreigon\n|-damage|p2a: Hydreigon|0 fnt\n|-unboost|p1a: Sneasler|def|1\n|-unboost|p1a: Sneasler|spd|1\n|faint|p2a: Hydreigon\n|\n|upkeep\n|\n|t:|1697965976\n|switch|p2a: Ogerpon|Ogerpon-Wellspring, F|92\/100\n|turn|30\n|\n|t:|1697965983\n|move|p2a: Ogerpon|Spiky Shield|p2a: Ogerpon\n|-singleturn|p2a: Ogerpon|move: Protect\n|move|p1a: Sneasler|Close Combat|p2a: Ogerpon\n|-activate|p2a: Ogerpon|move: Protect\n|-damage|p1a: Sneasler|28\/100|[from] Spiky Shield|[of] p2a: Ogerpon\n|\n|upkeep\n|turn|31\n|\n|t:|1697965992\n|move|p2a: Ogerpon|Spiky Shield||[still]\n|-fail|p2a: Ogerpon\n|move|p1a: Sneasler|Close Combat|p2a: Ogerpon\n|-damage|p2a: Ogerpon|0 fnt\n|-unboost|p1a: Sneasler|def|1\n|-unboost|p1a: Sneasler|spd|1\n|faint|p2a: Ogerpon\n|\n|upkeep\n|\n|t:|1697965999\n|switch|p2a: Heatran|Heatran, M|95\/100\n|turn|32\n|\n|t:|1697966006\n|move|p1a: Sneasler|Close Combat|p2a: Heatran\n|-supereffective|p2a: Heatran\n|-damage|p2a: Heatran|0 fnt\n|-unboost|p1a: Sneasler|def|1\n|-unboost|p1a: Sneasler|spd|1\n|faint|p2a: Heatran\n|\n|win|Flaggx\n","uploadtime":1697966037,"views":31,"p1id":"flaggx","p2id":"horuskoria","formatid":"gen9anythinggoes","rating":0,"private":0,"password":""}