{"id":"gen9anythinggoes-1977257367","p1":"Curvature<3","p2":"5iv5iv","format":"[Gen 9] Anything Goes","log":"|j|\u2606Curvature<3\n|j|\u26065iv5iv\n|t:|1698395069\n|gametype|singles\n|player|p1|Curvature<3|dawn-gen4pt|1308\n|player|p2|5iv5iv|tuberf|1405\n|teamsize|p1|6\n|teamsize|p2|6\n|gen|9\n|tier|[Gen 9] Anything Goes\n|rated|\n|rule|HP Percentage Mod: HP is shown in percentages\n|rule|Endless Battle Clause: Forcing endless battles is banned\n|clearpoke\n|poke|p1|Staraptor, M|\n|poke|p1|Staraptor, F|\n|poke|p1|Staraptor, M|\n|poke|p1|Staraptor, M|\n|poke|p1|Staraptor, M|\n|poke|p1|Staraptor, F|\n|poke|p2|Calyrex-Shadow|\n|poke|p2|Ribombee, F|\n|poke|p2|Vivillon, M|\n|poke|p2|Regieleki|\n|poke|p2|Koraidon|\n|poke|p2|Pawmot, M|\n|teampreview\n|inactive|Battle timer is ON: inactive players will automatically lose when time's up. (requested by Curvature<3)\n|c|\u26065iv5iv|wtf\n|\n|t:|1698395079\n|start\n|switch|p1a: Staraptor|Staraptor, M|100\/100\n|switch|p2a: Ribombee|Ribombee, F|100\/100\n|turn|1\n|\n|t:|1698395085\n|move|p2a: Ribombee|Sticky Web|p1a: Staraptor\n|-sidestart|p1: Curvature<3|move: Sticky Web\n|move|p1a: Staraptor|Brave Bird|p2a: Ribombee\n|-supereffective|p2a: Ribombee\n|-crit|p2a: Ribombee\n|-enditem|p2a: Ribombee|Focus Sash\n|-damage|p2a: Ribombee|1\/100\n|-damage|p1a: Staraptor|66\/100|[from] Recoil\n|\n|upkeep\n|turn|2\n|\n|t:|1698395093\n|move|p2a: Ribombee|Reflect|p2a: Ribombee\n|-sidestart|p2: 5iv5iv|Reflect\n|move|p1a: Staraptor|Brave Bird|p2a: Ribombee\n|-supereffective|p2a: Ribombee\n|-damage|p2a: Ribombee|0 fnt\n|faint|p2a: Ribombee\n|-damage|p1a: Staraptor|66\/100|[from] Recoil\n|\n|upkeep\n|\n|t:|1698395116\n|switch|p2a: Regieleki|Regieleki|100\/100\n|turn|3\n|inactive|Curvature<3 has 120 seconds left.\n|inactive|Curvature<3 has 90 seconds left.\n|inactive|Curvature<3 has 60 seconds left.\n|\n|t:|1698395208\n|move|p2a: Regieleki|Wild Charge|p1a: Staraptor\n|-supereffective|p1a: Staraptor\n|-damage|p1a: Staraptor|0 fnt\n|faint|p1a: Staraptor\n|-damage|p2a: Regieleki|84\/100|[from] Recoil\n|-damage|p2a: Regieleki|74\/100|[from] item: Life Orb\n|\n|upkeep\n|inactive|Curvature<3 has 60 seconds left.\n|\n|t:|1698395220\n|switch|p1a: Staraptor|Staraptor, M|100\/100\n|-ability|p1a: Staraptor|Intimidate|boost\n|-unboost|p2a: Regieleki|atk|1\n|turn|4\n|inactive|Curvature<3 has 60 seconds left.\n|\n|t:|1698395241\n|move|p2a: Regieleki|Wild Charge|p1a: Staraptor\n|-supereffective|p1a: Staraptor\n|-damage|p1a: Staraptor|0 fnt\n|faint|p1a: Staraptor\n|-damage|p2a: Regieleki|43\/100|[from] Recoil\n|-damage|p2a: Regieleki|33\/100|[from] item: Life Orb\n|\n|upkeep\n|inactive|Curvature<3 has 60 seconds left.\n|\n|t:|1698395253\n|switch|p1a: Staraptor|Staraptor, F|100\/100\n|-ability|p1a: Staraptor|Intimidate|boost\n|-unboost|p2a: Regieleki|atk|1\n|turn|5\n|inactive|Curvature<3 has 60 seconds left.\n|\n|t:|1698395274\n|move|p2a: Regieleki|Wild Charge|p1a: Staraptor\n|-supereffective|p1a: Staraptor\n|-damage|p1a: Staraptor|16\/100\n|-damage|p2a: Regieleki|6\/100|[from] Recoil\n|-damage|p2a: Regieleki|0 fnt|[from] item: Life Orb\n|faint|p2a: Regieleki\n|move|p1a: Staraptor|Brave Bird|p2: Regieleki|[notarget]\n|-fail|p1a: Staraptor\n|\n|upkeep\n|inactive|5iv5iv has 120 seconds left.\n|\n|t:|1698395289\n|switch|p2a: Koraidon|Koraidon|100\/100\n|-weather|SunnyDay|[from] ability: Orichalcum Pulse|[of] p2a: Koraidon\n|-activate|p2a: Koraidon|Orichalcum Pulse|[source]\n|turn|6\n|\n|t:|1698395294\n|move|p2a: Koraidon|Swords Dance|p2a: Koraidon\n|-boost|p2a: Koraidon|atk|2\n|move|p1a: Staraptor|Brave Bird|p2a: Koraidon\n|-supereffective|p2a: Koraidon\n|-damage|p2a: Koraidon|18\/100\n|-damage|p1a: Staraptor|0 fnt|[from] Recoil\n|faint|p1a: Staraptor\n|\n|-weather|SunnyDay|[upkeep]\n|-sideend|p2: 5iv5iv|Reflect\n|upkeep\n|inactive|Curvature<3 has 60 seconds left.\n|\n|t:|1698395313\n|switch|p1a: Staraptor|Staraptor, F|100\/100\n|turn|7\n|\n|t:|1698395317\n|move|p1a: Staraptor|Brave Bird|p2a: Koraidon\n|-supereffective|p2a: Koraidon\n|-damage|p2a: Koraidon|0 fnt\n|faint|p2a: Koraidon\n|-damage|p1a: Staraptor|94\/100|[from] Recoil\n|\n|-weather|SunnyDay|[upkeep]\n|upkeep\n|\n|t:|1698395327\n|switch|p2a: Pawmot|Pawmot, M|100\/100\n|turn|8\n|\n|t:|1698395339\n|move|p1a: Staraptor|Brave Bird|p2a: Pawmot\n|-enditem|p2a: Pawmot|Focus Sash\n|-damage|p2a: Pawmot|1\/100\n|-damage|p1a: Staraptor|58\/100|[from] Recoil\n|move|p2a: Pawmot|Revival Blessing|p2a: Pawmot\n|\n|t:|1698395351\n|-heal|p2: Regieleki|50\/100|[from] move: Revival Blessing\n|\n|-weather|SunnyDay|[upkeep]\n|upkeep\n|turn|9\n|\n|t:|1698395359\n|move|p1a: Staraptor|Brave Bird|p2a: Pawmot\n|-damage|p2a: Pawmot|0 fnt\n|faint|p2a: Pawmot\n|-damage|p1a: Staraptor|57\/100|[from] Recoil\n|\n|-weather|SunnyDay|[upkeep]\n|upkeep\n|\n|t:|1698395381\n|switch|p2a: Powercreep2|Calyrex-Shadow|100\/100\n|-ability|p2a: Powercreep2|As One\n|-ability|p2a: Powercreep2|Unnerve\n|turn|10\n|inactive|Curvature<3 has 90 seconds left.\n|\n|t:|1698395395\n|switch|p1a: Staraptor|Staraptor, M|100\/100\n|move|p2a: Powercreep2|Psyshock|p1a: Staraptor\n|-damage|p1a: Staraptor|0 fnt\n|faint|p1a: Staraptor\n|-ability|p2a: Powercreep2|Grim Neigh|boost\n|-boost|p2a: Powercreep2|spa|1\n|-damage|p2a: Powercreep2|91\/100|[from] item: Life Orb\n|\n|-weather|none\n|upkeep\n|inactive|Curvature<3 has 90 seconds left.\n|\n|t:|1698395404\n|switch|p1a: Staraptor|Staraptor, F|57\/100\n|turn|11\n|\n|t:|1698395408\n|move|p1a: Staraptor|Tailwind|p1a: Staraptor\n|-sidestart|p1: Curvature<3|move: Tailwind\n|move|p2a: Powercreep2|Psyshock|p1a: Staraptor\n|-damage|p1a: Staraptor|0 fnt\n|faint|p1a: Staraptor\n|-ability|p2a: Powercreep2|Grim Neigh|boost\n|-boost|p2a: Powercreep2|spa|1\n|-damage|p2a: Powercreep2|81\/100|[from] item: Life Orb\n|\n|upkeep\n|\n|t:|1698395416\n|switch|p1a: Staraptor|Staraptor, M|100\/100\n|turn|12\n|\n|t:|1698395426\n|move|p1a: Staraptor|Brave Bird|p2a: Powercreep2\n|-damage|p2a: Powercreep2|0 fnt\n|faint|p2a: Powercreep2\n|-damage|p1a: Staraptor|72\/100|[from] Recoil\n|\n|upkeep\n|\n|t:|1698395441\n|switch|p2a: Vivillon|Vivillon, M|100\/100\n|turn|13\n|\n|t:|1698395444\n|move|p1a: Staraptor|Brave Bird|p2a: Vivillon\n|-supereffective|p2a: Vivillon\n|-damage|p2a: Vivillon|0 fnt\n|faint|p2a: Vivillon\n|-damage|p1a: Staraptor|40\/100|[from] Recoil\n|\n|upkeep\n|\n|t:|1698395447\n|switch|p2a: Regieleki|Regieleki|50\/100\n|turn|14\n|\n|t:|1698395455\n|-terastallize|p2a: Regieleki|Electric\n|move|p1a: Staraptor|Brave Bird|p2a: Regieleki\n|-resisted|p2a: Regieleki\n|-damage|p2a: Regieleki|0 fnt\n|faint|p2a: Regieleki\n|-damage|p1a: Staraptor|24\/100|[from] Recoil\n|\n|win|Curvature<3\n|raw|Curvature&lt;3's rating: 1308 &rarr; <strong>1333<\/strong><br \/>(+25 for winning)\n|raw|5iv5iv's rating: 1405 &rarr; <strong>1380<\/strong><br \/>(-25 for losing)\n|l|\u26065iv5iv\n","uploadtime":1698395479,"views":11,"p1id":"curvature3","p2id":"5iv5iv","formatid":"gen9anythinggoes","rating":1333,"private":0,"password":""}