{"id":"gen9anythinggoes-1988200717","p1":"rizzler900","p2":"Soniaa134","format":"[Gen 9] Anything Goes","log":"|j|\u2606rizzler900\n|j|\u2606Soniaa134\n|t:|1699684081\n|gametype|singles\n|player|p1|rizzler900|shadowtriad|1068\n|player|p2|Soniaa134|sonia|1052\n|teamsize|p1|6\n|teamsize|p2|6\n|gen|9\n|tier|[Gen 9] Anything Goes\n|rated|\n|rule|HP Percentage Mod: HP is shown in percentages\n|rule|Endless Battle Clause: Forcing endless battles is banned\n|clearpoke\n|poke|p1|Arceus|\n|poke|p1|Mew|\n|poke|p1|Rayquaza|\n|poke|p1|Gyarados, F|\n|poke|p1|Kyogre|\n|poke|p1|Dragonite, F|\n|poke|p2|Drifblim, F|\n|poke|p2|Rillaboom, M|\n|poke|p2|Grimmsnarl, M|\n|poke|p2|Meowscarada, F|\n|poke|p2|Greninja-*, F|\n|poke|p2|Venomoth, M|\n|teampreview\n|inactive|Battle timer is ON: inactive players will automatically lose when time's up. (requested by Soniaa134)\n|\n|t:|1699684092\n|start\n|switch|p1a: Mew|Mew, shiny|100\/100\n|switch|p2a: Grimmsnarl|Grimmsnarl, M|100\/100\n|turn|1\n|\n|t:|1699684105\n|move|p2a: Grimmsnarl|Taunt|p1a: Mew\n|-start|p1a: Mew|move: Taunt\n|move|p1a: Mew|Psychic|p2a: Grimmsnarl\n|-immune|p2a: Grimmsnarl\n|\n|upkeep\n|turn|2\n|inactive|rizzler900 has 120 seconds left.\n|\n|t:|1699684137\n|switch|p1a: Kyogre|Kyogre, shiny|100\/100\n|-weather|RainDance|[from] ability: Drizzle|[of] p1a: Kyogre\n|move|p2a: Grimmsnarl|Light Screen|p2a: Grimmsnarl\n|-sidestart|p2: Soniaa134|move: Light Screen\n|\n|-weather|RainDance|[upkeep]\n|upkeep\n|turn|3\n|\n|t:|1699684145\n|move|p2a: Grimmsnarl|Taunt|p1a: Kyogre\n|-start|p1a: Kyogre|move: Taunt\n|move|p1a: Kyogre|Origin Pulse|p2a: Grimmsnarl\n|-damage|p2a: Grimmsnarl|62\/100\n|\n|-weather|RainDance|[upkeep]\n|upkeep\n|turn|4\n|\n|t:|1699684154\n|move|p2a: Grimmsnarl|Reflect|p2a: Grimmsnarl\n|-sidestart|p2: Soniaa134|Reflect\n|move|p1a: Kyogre|Origin Pulse|p2a: Grimmsnarl\n|-damage|p2a: Grimmsnarl|26\/100\n|\n|-weather|RainDance|[upkeep]\n|upkeep\n|turn|5\n|\n|t:|1699684162\n|move|p2a: Grimmsnarl|Parting Shot|p1a: Kyogre\n|-unboost|p1a: Kyogre|atk|1\n|-unboost|p1a: Kyogre|spa|1\n|\n|t:|1699684167\n|switch|p2a: Rillaboom|Rillaboom, M|100\/100|[from] Parting Shot\n|-fieldstart|move: Grassy Terrain|[from] ability: Grassy Surge|[of] p2a: Rillaboom\n|move|p1a: Kyogre|Origin Pulse|p2a: Rillaboom\n|-resisted|p2a: Rillaboom\n|-damage|p2a: Rillaboom|81\/100\n|-enditem|p2a: Rillaboom|Eject Button\n|\n|t:|1699684178\n|switch|p2a: Drifblim|Drifblim, F|100\/100\n|-enditem|p2a: Drifblim|Grassy Seed\n|-boost|p2a: Drifblim|def|1|[from] item: Grassy Seed\n|\n|-weather|RainDance|[upkeep]\n|-end|p1a: Kyogre|move: Taunt\n|upkeep\n|turn|6\n|\n|t:|1699684195\n|move|p2a: Drifblim|Calm Mind|p2a: Drifblim\n|-boost|p2a: Drifblim|spa|1\n|-boost|p2a: Drifblim|spd|1\n|move|p1a: Kyogre|Origin Pulse|p2a: Drifblim\n|-damage|p2a: Drifblim|76\/100\n|\n|-weather|none\n|upkeep\n|turn|7\n|\n|t:|1699684207\n|-terastallize|p1a: Kyogre|Water\n|move|p2a: Drifblim|Calm Mind|p2a: Drifblim\n|-boost|p2a: Drifblim|spa|1\n|-boost|p2a: Drifblim|spd|1\n|move|p1a: Kyogre|Origin Pulse|p2a: Drifblim\n|-damage|p2a: Drifblim|58\/100\n|\n|upkeep\n|turn|8\n|-message|rizzler900 forfeited.\n|\n|win|Soniaa134\n|raw|rizzler900's rating: 1068 &rarr; <strong>1047<\/strong><br \/>(-21 for losing)\n|raw|Soniaa134's rating: 1052 &rarr; <strong>1086<\/strong><br \/>(+34 for winning)\n|l|\u2606rizzler900\n","uploadtime":1699684223,"views":10,"p1id":"rizzler900","p2id":"soniaa134","formatid":"gen9anythinggoes","rating":1047,"private":0,"password":""}