{"id":"gen9anythinggoes-1990152027","p1":"Kadeev","p2":"Khryce","format":"[Gen 9] Anything Goes","log":"|j|\u2606Kadeev\n|j|\u2606Khryce\n|t:|1699930271\n|gametype|singles\n|player|p1|Kadeev|170|1028\n|player|p2|Khryce|preschooler|1191\n|teamsize|p1|6\n|teamsize|p2|6\n|gen|9\n|tier|[Gen 9] Anything Goes\n|rated|\n|rule|HP Percentage Mod: HP is shown in percentages\n|rule|Endless Battle Clause: Forcing endless battles is banned\n|clearpoke\n|poke|p1|Dragapult, M|\n|poke|p1|Pineco, M|\n|poke|p1|Pineco, M|\n|poke|p1|Kingambit, M|\n|poke|p1|Moltres-Galar|\n|poke|p1|Skeledirge, F|\n|poke|p2|Sneasler, F|\n|poke|p2|Hawlucha, M|\n|poke|p2|Drifblim, F|\n|poke|p2|Grafaiai, F|\n|poke|p2|Farigiraf, F|\n|poke|p2|Tsareena, F|\n|teampreview\n|\n|t:|1699930282\n|start\n|switch|p1a: Dragapult|Dragapult, M|100\/100\n|switch|p2a: Grafaiai|Grafaiai, F|100\/100\n|turn|1\n|\n|t:|1699930303\n|move|p1a: Dragapult|Protect|p1a: Dragapult\n|-singleturn|p1a: Dragapult|Protect\n|move|p2a: Grafaiai|Knock Off|p1a: Dragapult\n|-activate|p1a: Dragapult|move: Protect\n|\n|upkeep\n|turn|2\n|\n|t:|1699930311\n|move|p2a: Grafaiai|Knock Off|p1a: Dragapult\n|-supereffective|p1a: Dragapult\n|-damage|p1a: Dragapult|51\/100\n|-enditem|p1a: Dragapult|Draco Plate|[from] move: Knock Off|[of] p2a: Grafaiai\n|move|p1a: Dragapult|Dragon Tail|p2a: Grafaiai\n|-damage|p2a: Grafaiai|72\/100\n|drag|p2a: Sneasler|Sneasler, F|100\/100\n|\n|upkeep\n|turn|3\n|\n|t:|1699930327\n|move|p2a: Sneasler|Shadow Claw|p1a: Dragapult\n|-supereffective|p1a: Dragapult\n|-damage|p1a: Dragapult|0 fnt\n|faint|p1a: Dragapult\n|\n|upkeep\n|\n|t:|1699930332\n|switch|p1a: Pineco|Pineco, M, shiny|100\/100\n|turn|4\n|\n|t:|1699930336\n|switch|p2a: Drifblim|Drifblim, F|100\/100\n|move|p1a: Pineco|Explosion|p2a: Drifblim\n|-immune|p2a: Drifblim\n|faint|p1a: Pineco\n|\n|-status|p2a: Drifblim|brn|[from] item: Flame Orb\n|upkeep\n|\n|t:|1699930363\n|switch|p1a: Skeledirge|Skeledirge, F|100\/100\n|turn|5\n|inactive|Battle timer is ON: inactive players will automatically lose when time's up. (requested by Khryce)\n|\n|t:|1699930389\n|-terastallize|p1a: Skeledirge|Fire\n|move|p2a: Drifblim|Shadow Ball|p1a: Skeledirge\n|-damage|p1a: Skeledirge|44\/100\n|move|p1a: Skeledirge|Night Shade|p2a: Drifblim\n|-damage|p2a: Drifblim|81\/100 brn\n|\n|-damage|p2a: Drifblim|75\/100 brn|[from] brn\n|upkeep\n|turn|6\n|\n|t:|1699930398\n|move|p2a: Drifblim|Shadow Ball|p1a: Skeledirge\n|-damage|p1a: Skeledirge|0 fnt\n|faint|p1a: Skeledirge\n|\n|-damage|p2a: Drifblim|68\/100 brn|[from] brn\n|upkeep\n|\n|t:|1699930406\n|switch|p1a: Moltres|Moltres-Galar|100\/100\n|turn|7\n|\n|t:|1699930414\n|switch|p2a: Grafaiai|Grafaiai, F|72\/100\n|move|p1a: Moltres|Substitute|p1a: Moltres\n|-start|p1a: Moltres|Substitute\n|-damage|p1a: Moltres|76\/100\n|\n|upkeep\n|turn|8\n|\n|t:|1699930425\n|move|p2a: Grafaiai|Knock Off|p1a: Moltres\n|-resisted|p1a: Moltres\n|-activate|p1a: Moltres|move: Substitute|[damage]\n|move|p1a: Moltres|Nasty Plot|p1a: Moltres\n|-boost|p1a: Moltres|spa|2\n|\n|upkeep\n|turn|9\n|\n|t:|1699930431\n|switch|p2a: Farigiraf|Farigiraf, F|100\/100\n|move|p1a: Moltres|Nasty Plot|p1a: Moltres\n|-boost|p1a: Moltres|spa|2\n|\n|upkeep\n|turn|10\n|\n|t:|1699930437\n|move|p1a: Moltres|Nasty Plot|p1a: Moltres\n|-boost|p1a: Moltres|spa|2\n|move|p2a: Farigiraf|Roar|p1a: Moltres\n|drag|p1a: Kingambit|Kingambit, M, shiny|100\/100\n|-activate|p1a: Kingambit|ability: Supreme Overlord\n|-start|p1a: Kingambit|fallen3|[silent]\n|\n|upkeep\n|turn|11\n|\n|t:|1699930455\n|-end|p1a: Kingambit|fallen3|[silent]\n|switch|p1a: Pineco|Pineco, M|100\/100\n|switch|p2a: Tsareena|Tsareena, F|100\/100\n|\n|upkeep\n|turn|12\n|\n|t:|1699930462\n|switch|p2a: Drifblim|Drifblim, F|68\/100 brn\n|move|p1a: Pineco|Explosion|p2a: Drifblim\n|-immune|p2a: Drifblim\n|faint|p1a: Pineco\n|\n|-damage|p2a: Drifblim|62\/100 brn|[from] brn\n|upkeep\n|\n|t:|1699930480\n|switch|p1a: Moltres|Moltres-Galar|76\/100\n|turn|13\n|\n|t:|1699930484\n|switch|p2a: Farigiraf|Farigiraf, F|100\/100\n|move|p1a: Moltres|Substitute|p1a: Moltres\n|-start|p1a: Moltres|Substitute\n|-damage|p1a: Moltres|51\/100\n|\n|upkeep\n|turn|14\n|\n|t:|1699930490\n|move|p1a: Moltres|Shadow Ball|p2a: Farigiraf\n|-immune|p2a: Farigiraf\n|move|p2a: Farigiraf|Roar|p1a: Moltres\n|drag|p1a: Kingambit|Kingambit, M, shiny|100\/100\n|-activate|p1a: Kingambit|ability: Supreme Overlord\n|-start|p1a: Kingambit|fallen4|[silent]\n|\n|upkeep\n|turn|15\n|\n|t:|1699930510\n|switch|p2a: Tsareena|Tsareena, F|100\/100\n|move|p1a: Kingambit|Brick Break|p2a: Tsareena\n|-damage|p2a: Tsareena|66\/100\n|\n|upkeep\n|turn|16\n|\n|t:|1699930517\n|-end|p1a: Kingambit|fallen4|[silent]\n|switch|p1a: Moltres|Moltres-Galar|51\/100\n|move|p2a: Tsareena|High Jump Kick|p1a: Moltres|[miss]\n|-miss|p2a: Tsareena|p1a: Moltres\n|-damage|p2a: Tsareena|16\/100|[from] highjumpkick\n|\n|upkeep\n|turn|17\n|\n|t:|1699930526\n|switch|p2a: Farigiraf|Farigiraf, F|100\/100\n|move|p1a: Moltres|Shadow Ball|p2a: Farigiraf\n|-immune|p2a: Farigiraf\n|\n|upkeep\n|turn|18\n|\n|t:|1699930539\n|switch|p1a: Kingambit|Kingambit, M, shiny|100\/100\n|-activate|p1a: Kingambit|ability: Supreme Overlord\n|-start|p1a: Kingambit|fallen4|[silent]\n|move|p2a: Farigiraf|Trick Room|p2a: Farigiraf\n|-fieldstart|move: Trick Room|[of] p2a: Farigiraf\n|\n|upkeep\n|turn|19\n|inactive|Kadeev has 120 seconds left.\n|\n|t:|1699930580\n|switch|p2a: Hawlucha|Hawlucha, M|100\/100\n|move|p1a: Kingambit|Rain Dance|p1a: Kingambit\n|-weather|RainDance\n|\n|-weather|RainDance|[upkeep]\n|upkeep\n|turn|20\n|\n|t:|1699930590\n|move|p1a: Kingambit|Hyper Beam|p2a: Hawlucha\n|-damage|p2a: Hawlucha|37\/100\n|-mustrecharge|p1a: Kingambit\n|move|p2a: Hawlucha|Acrobatics|p1a: Kingambit\n|-resisted|p1a: Kingambit\n|-crit|p1a: Kingambit\n|-damage|p1a: Kingambit|87\/100\n|\n|-weather|RainDance|[upkeep]\n|upkeep\n|turn|21\n|inactive|Kadeev has 120 seconds left.\n|\n|t:|1699930598\n|cant|p1a: Kingambit|recharge\n|move|p2a: Hawlucha|Close Combat|p1a: Kingambit\n|-supereffective|p1a: Kingambit\n|-damage|p1a: Kingambit|0 fnt\n|-unboost|p2a: Hawlucha|def|1\n|-unboost|p2a: Hawlucha|spd|1\n|faint|p1a: Kingambit\n|-end|p1a: Kingambit|fallen4|[silent]\n|\n|-weather|RainDance|[upkeep]\n|upkeep\n|inactive|Kadeev has 120 seconds left.\n|\n|t:|1699930606\n|switch|p1a: Moltres|Moltres-Galar|51\/100\n|turn|22\n|\n|t:|1699930611\n|move|p1a: Moltres|Shadow Ball|p2a: Hawlucha\n|-damage|p2a: Hawlucha|0 fnt\n|faint|p2a: Hawlucha\n|\n|-weather|RainDance|[upkeep]\n|-fieldend|move: Trick Room\n|upkeep\n|\n|t:|1699930617\n|switch|p2a: Farigiraf|Farigiraf, F|100\/100\n|turn|23\n|\n|t:|1699930624\n|-terastallize|p2a: Farigiraf|Fairy\n|move|p1a: Moltres|Substitute|p1a: Moltres\n|-start|p1a: Moltres|Substitute\n|-damage|p1a: Moltres|26\/100\n|move|p2a: Farigiraf|Tera Blast|p1a: Moltres|[anim] Tera Blast Fairy\n|-supereffective|p1a: Moltres\n|-crit|p1a: Moltres\n|-end|p1a: Moltres|Substitute\n|\n|-weather|none\n|upkeep\n|turn|24\n|\n|t:|1699930633\n|move|p1a: Moltres|Shadow Ball|p2a: Farigiraf\n|-damage|p2a: Farigiraf|79\/100\n|move|p2a: Farigiraf|Tera Blast|p1a: Moltres|[anim] Tera Blast Fairy\n|-supereffective|p1a: Moltres\n|-damage|p1a: Moltres|0 fnt\n|faint|p1a: Moltres\n|\n|win|Khryce\n|raw|Kadeev's rating: 1028 &rarr; <strong>1020<\/strong><br \/>(-8 for losing)\n|raw|Khryce's rating: 1191 &rarr; <strong>1205<\/strong><br \/>(+14 for winning)\n","uploadtime":1699930640,"views":6,"p1id":"kadeev","p2id":"khryce","formatid":"gen9anythinggoes","rating":1020,"private":0,"password":""}