{"id":"gen9anythinggoes-1998595087","p1":"TheLocalOnion","p2":"FLOOR IT","format":"[Gen 9] Anything Goes","log":"|j|\u2606TheLocalOnion\n|j|\u2606FLOOR IT\n|t:|1700960738\n|gametype|singles\n|player|p1|TheLocalOnion|170|\n|player|p2|FLOOR IT|cynthia-masters|\n|teamsize|p1|6\n|teamsize|p2|6\n|gen|9\n|tier|[Gen 9] Anything Goes\n|rule|HP Percentage Mod: HP is shown in percentages\n|rule|Endless Battle Clause: Forcing endless battles is banned\n|clearpoke\n|poke|p1|Golem-Alola, M|\n|poke|p1|Chesnaught, M|\n|poke|p1|Mew|\n|poke|p1|Moltres|\n|poke|p1|Hydreigon, M|\n|poke|p1|Sandy Shocks|\n|poke|p2|Lycanroc-Dusk, M|\n|poke|p2|Shaymin|\n|poke|p2|Milotic, F|\n|poke|p2|Scizor, M|\n|poke|p2|Oricorio, F|\n|poke|p2|Diancie|\n|teampreview\n|c|\u2606FLOOR IT|gl hf!\n|j| dancingnightmare\n|\n|t:|1700960759\n|start\n|switch|p1a: Spike|Sandy Shocks|100\/100\n|switch|p2a: Repede|Lycanroc-Dusk, M|100\/100\n|turn|1\n|\n|t:|1700960779\n|move|p2a: Repede|Swords Dance|p2a: Repede\n|-boost|p2a: Repede|atk|2\n|move|p1a: Spike|Sunny Day|p1a: Spike\n|-weather|SunnyDay\n|-activate|p1a: Spike|ability: Protosynthesis\n|-start|p1a: Spike|protosynthesisspa\n|\n|-weather|SunnyDay|[upkeep]\n|upkeep\n|turn|2\n|j| Ryno5311\n|\n|t:|1700960815\n|move|p2a: Repede|Close Combat|p1a: Spike\n|-damage|p1a: Spike|0 fnt\n|-unboost|p2a: Repede|def|1\n|-unboost|p2a: Repede|spd|1\n|faint|p1a: Spike\n|-end|p1a: Spike|Protosynthesis|[silent]\n|-damage|p2a: Repede|91\/100|[from] item: Life Orb\n|\n|-weather|SunnyDay|[upkeep]\n|upkeep\n|\n|t:|1700960839\n|switch|p1a: Aaron Burr|Chesnaught, M|100\/100\n|turn|3\n|\n|t:|1700960855\n|switch|p2a: Jay White|Scizor, M|100\/100\n|move|p1a: Aaron Burr|Earthquake|p2a: Jay White\n|-crit|p2a: Jay White\n|-damage|p2a: Jay White|63\/100\n|\n|-weather|SunnyDay|[upkeep]\n|upkeep\n|turn|4\n|\n|t:|1700960896\n|-terastallize|p1a: Aaron Burr|Electric\n|move|p2a: Jay White|U-turn|p1a: Aaron Burr\n|-damage|p1a: Aaron Burr|79\/100\n|-damage|p2a: Jay White|46\/100|[from] item: Rocky Helmet|[of] p1a: Aaron Burr\n|\n|t:|1700960924\n|switch|p2a: Seele|Shaymin, shiny|100\/100|[from] U-turn\n|move|p1a: Aaron Burr|Tera Blast|p2a: Seele|[anim] Tera Blast Electric\n|-resisted|p2a: Seele\n|-damage|p2a: Seele|84\/100\n|\n|-weather|SunnyDay|[upkeep]\n|-heal|p2a: Seele|91\/100|[from] item: Leftovers\n|upkeep\n|turn|5\n|\n|t:|1700960944\n|move|p2a: Seele|Substitute|p2a: Seele\n|-start|p2a: Seele|Substitute\n|-damage|p2a: Seele|66\/100\n|move|p1a: Aaron Burr|Dragon Claw|p2a: Seele\n|-activate|p2a: Seele|move: Substitute|[damage]\n|\n|-weather|none\n|-heal|p2a: Seele|72\/100|[from] item: Leftovers\n|upkeep\n|turn|6\n|\n|t:|1700960966\n|move|p2a: Seele|Leech Seed|p1a: Aaron Burr\n|-start|p1a: Aaron Burr|move: Leech Seed\n|move|p1a: Aaron Burr|Dragon Claw|p2a: Seele\n|-end|p2a: Seele|Substitute\n|\n|-heal|p2a: Seele|78\/100|[from] item: Leftovers\n|-damage|p1a: Aaron Burr|67\/100|[from] Leech Seed|[of] p2a: Seele\n|-heal|p2a: Seele|90\/100|[silent]\n|upkeep\n|turn|7\n|j| alexwave55\n|\n|t:|1700960979\n|move|p2a: Seele|Substitute|p2a: Seele\n|-start|p2a: Seele|Substitute\n|-damage|p2a: Seele|65\/100\n|move|p1a: Aaron Burr|Dragon Claw|p2a: Seele\n|-activate|p2a: Seele|move: Substitute|[damage]\n|\n|-heal|p2a: Seele|71\/100|[from] item: Leftovers\n|-damage|p1a: Aaron Burr|54\/100|[from] Leech Seed|[of] p2a: Seele\n|-heal|p2a: Seele|82\/100|[silent]\n|upkeep\n|turn|8\n|\n|t:|1700961017\n|switch|p1a: Fawkes|Moltres|100\/100\n|move|p2a: Seele|Seed Flare|p1a: Fawkes|[miss]\n|-miss|p2a: Seele|p1a: Fawkes\n|\n|-heal|p2a: Seele|89\/100|[from] item: Leftovers\n|upkeep\n|turn|9\n|\n|t:|1700961045\n|move|p1a: Fawkes|Flamethrower|p2a: Seele\n|-supereffective|p2a: Seele\n|-end|p2a: Seele|Substitute\n|move|p2a: Seele|Leech Seed|p1a: Fawkes\n|-start|p1a: Fawkes|move: Leech Seed\n|\n|-heal|p2a: Seele|95\/100|[from] item: Leftovers\n|-damage|p1a: Fawkes|88\/100|[from] Leech Seed|[of] p2a: Seele\n|-heal|p2a: Seele|100\/100|[silent]\n|upkeep\n|turn|10\n|\n|t:|1700961064\n|switch|p2a: Elysia|Diancie|100\/100\n|move|p1a: Fawkes|Flamethrower|p2a: Elysia\n|-resisted|p2a: Elysia\n|-damage|p2a: Elysia|88\/100\n|\n|-damage|p1a: Fawkes|76\/100|[from] Leech Seed|[of] p2a: Elysia\n|-heal|p2a: Elysia|100\/100|[silent]\n|upkeep\n|turn|11\n|\n|t:|1700961077\n|move|p1a: Fawkes|Sunny Day|p1a: Fawkes\n|-weather|SunnyDay\n|move|p2a: Elysia|Diamond Storm|p1a: Fawkes\n|-supereffective|p1a: Fawkes\n|-damage|p1a: Fawkes|0 fnt\n|-boost|p2a: Elysia|def|2\n|faint|p1a: Fawkes\n|\n|-weather|SunnyDay|[upkeep]\n|upkeep\n|\n|t:|1700961112\n|switch|p1a: S.W.A.T.|Golem-Alola, M, shiny|100\/100\n|turn|12\n|\n|t:|1700961147\n|move|p2a: Elysia|Earth Power|p1a: S.W.A.T.\n|-supereffective|p1a: S.W.A.T.\n|-ability|p1a: S.W.A.T.|Sturdy\n|-damage|p1a: S.W.A.T.|1\/100\n|move|p1a: S.W.A.T.|Earthquake|p2a: Elysia\n|-supereffective|p2a: Elysia\n|-damage|p2a: Elysia|65\/100\n|-damage|p1a: S.W.A.T.|0 fnt|[from] item: Life Orb\n|faint|p1a: S.W.A.T.\n|\n|-weather|SunnyDay|[upkeep]\n|upkeep\n|\n|t:|1700961165\n|switch|p1a: Aaron Burr|Chesnaught, M, tera:Electric|54\/100\n|turn|13\n|\n|t:|1700961186\n|-terastallize|p2a: Elysia|Fairy\n|move|p1a: Aaron Burr|Grass Knot|p2a: Elysia\n|-damage|p2a: Elysia|61\/100\n|move|p2a: Elysia|Draining Kiss|p1a: Aaron Burr\n|-damage|p1a: Aaron Burr|13\/100\n|-heal|p2a: Elysia|99\/100|[from] drain|[of] p1a: Aaron Burr\n|-damage|p2a: Elysia|83\/100|[from] item: Rocky Helmet|[of] p1a: Aaron Burr\n|\n|-weather|SunnyDay|[upkeep]\n|upkeep\n|turn|14\n|\n|t:|1700961205\n|move|p1a: Aaron Burr|Tera Blast|p2a: Elysia|[anim] Tera Blast Electric\n|-damage|p2a: Elysia|66\/100\n|move|p2a: Elysia|Draining Kiss|p1a: Aaron Burr\n|-damage|p1a: Aaron Burr|0 fnt\n|-heal|p2a: Elysia|78\/100|[from] drain|[of] p1a: Aaron Burr\n|-damage|p2a: Elysia|62\/100|[from] item: Rocky Helmet|[of] p1a: Aaron Burr\n|faint|p1a: Aaron Burr\n|\n|-weather|SunnyDay|[upkeep]\n|upkeep\n|\n|t:|1700961220\n|switch|p1a: Abominus|Hydreigon, M|100\/100\n|turn|15\n|\n|t:|1700961233\n|move|p1a: Abominus|Draco Meteor|p2a: Elysia\n|-immune|p2a: Elysia\n|move|p2a: Elysia|Draining Kiss|p1a: Abominus\n|-supereffective|p1a: Abominus\n|-damage|p1a: Abominus|0 fnt\n|-heal|p2a: Elysia|100\/100|[from] drain|[of] p1a: Abominus\n|faint|p1a: Abominus\n|\n|-weather|SunnyDay|[upkeep]\n|upkeep\n|\n|t:|1700961245\n|switch|p1a: Stem Cell|Mew, shiny|100\/100\n|turn|16\n|\n|t:|1700961253\n|move|p1a: Stem Cell|Flash Cannon|p2a: Elysia\n|-supereffective|p2a: Elysia\n|-damage|p2a: Elysia|74\/100\n|move|p2a: Elysia|Diamond Storm|p1a: Stem Cell\n|-damage|p1a: Stem Cell|69\/100\n|\n|-weather|SunnyDay|[upkeep]\n|upkeep\n|turn|17\n|\n|t:|1700961264\n|move|p1a: Stem Cell|Flash Cannon|p2a: Elysia\n|-supereffective|p2a: Elysia\n|-damage|p2a: Elysia|48\/100\n|move|p2a: Elysia|Draining Kiss|p1a: Stem Cell\n|-damage|p1a: Stem Cell|30\/100\n|-heal|p2a: Elysia|81\/100|[from] drain|[of] p1a: Stem Cell\n|\n|-weather|SunnyDay|[upkeep]\n|upkeep\n|turn|18\n|l| Ryno5311\n|\n|t:|1700961273\n|move|p1a: Stem Cell|Flash Cannon|p2a: Elysia\n|-supereffective|p2a: Elysia\n|-damage|p2a: Elysia|55\/100\n|move|p2a: Elysia|Draining Kiss|p1a: Stem Cell\n|-damage|p1a: Stem Cell|0 fnt\n|-heal|p2a: Elysia|80\/100|[from] drain|[of] p1a: Stem Cell\n|faint|p1a: Stem Cell\n|\n|win|FLOOR IT\n|c|\u2606FLOOR IT|gg\n","uploadtime":1700961282,"views":40,"p1id":"thelocalonion","p2id":"floorit","formatid":"gen9anythinggoes","rating":0,"private":0,"password":""}