{"id":"gen9anythinggoes-1972803645","p1":"BigMommaBadger","p2":"O114514__","format":"[Gen 9] Anything Goes","log":"|j|\u2606BigMommaBadger\n|j|\u2606O114514__\n|t:|1697897065\n|gametype|singles\n|player|p1|BigMommaBadger|cynthia-gen4|1212\n|player|p2|O114514__|170|1138\n|teamsize|p1|6\n|teamsize|p2|6\n|gen|9\n|tier|[Gen 9] Anything Goes\n|rated|\n|rule|HP Percentage Mod: HP is shown in percentages\n|rule|Endless Battle Clause: Forcing endless battles is banned\n|clearpoke\n|poke|p1|Skeledirge, M|\n|poke|p1|Quaquaval, M|\n|poke|p1|Meowscarada, F|\n|poke|p1|Fezandipiti, M|\n|poke|p1|Iron Treads|\n|poke|p1|Miraidon|\n|poke|p2|Skeledirge, M|\n|poke|p2|Garchomp, F|\n|poke|p2|Magnezone|\n|poke|p2|Dragapult, F|\n|poke|p2|Ogerpon-Wellspring, F|\n|poke|p2|Gholdengo|\n|teampreview\n|inactive|Battle timer is ON: inactive players will automatically lose when time's up. (requested by BigMommaBadger)\n|\n|t:|1697897073\n|start\n|switch|p1a: Sobek|Skeledirge, M, shiny|100\/100\n|switch|p2a: Ogerpon|Ogerpon-Wellspring, F|100\/100\n|turn|1\n|\n|t:|1697897076\n|move|p2a: Ogerpon|Swords Dance|p2a: Ogerpon\n|-boost|p2a: Ogerpon|atk|2\n|move|p1a: Sobek|Sing|p2a: Ogerpon|[miss]\n|-miss|p1a: Sobek|p2a: Ogerpon\n|\n|upkeep\n|turn|2\n|\n|t:|1697897079\n|move|p2a: Ogerpon|Ivy Cudgel|p1a: Sobek\n|-supereffective|p1a: Sobek\n|-damage|p1a: Sobek|0 fnt\n|faint|p1a: Sobek\n|\n|upkeep\n|\n|t:|1697897082\n|switch|p1a: Masquerade|Meowscarada, F, shiny|100\/100\n|turn|3\n|\n|t:|1697897084\n|move|p1a: Masquerade|Flower Trick|p2a: Ogerpon\n|-start|p1a: Masquerade|typechange|Grass|[from] ability: Protean\n|-crit|p2a: Ogerpon\n|-damage|p2a: Ogerpon|37\/100\n|move|p2a: Ogerpon|Ivy Cudgel|p1a: Masquerade\n|-resisted|p1a: Masquerade\n|-damage|p1a: Masquerade|3\/100\n|\n|-heal|p1a: Masquerade|9\/100|[from] item: Leftovers\n|upkeep\n|turn|4\n|\n|t:|1697897091\n|move|p1a: Masquerade|Flower Trick|p2a: Ogerpon\n|-crit|p2a: Ogerpon\n|-damage|p2a: Ogerpon|0 fnt\n|faint|p2a: Ogerpon\n|\n|-heal|p1a: Masquerade|15\/100|[from] item: Leftovers\n|upkeep\n|\n|t:|1697897098\n|switch|p2a: \u559c\u6b22\u5f3a\u5316\u662f\u5427|Skeledirge, M|100\/100\n|turn|5\n|\n|t:|1697897102\n|move|p1a: Masquerade|Night Slash|p2a: \u559c\u6b22\u5f3a\u5316\u662f\u5427\n|-supereffective|p2a: \u559c\u6b22\u5f3a\u5316\u662f\u5427\n|-damage|p2a: \u559c\u6b22\u5f3a\u5316\u662f\u5427|66\/100\n|move|p2a: \u559c\u6b22\u5f3a\u5316\u662f\u5427|Hex|p1a: Masquerade\n|-damage|p1a: Masquerade|0 fnt\n|faint|p1a: Masquerade\n|\n|upkeep\n|\n|t:|1697897107\n|switch|p1a: Donald|Quaquaval, M, shiny|100\/100\n|turn|6\n|-activate|p1a: Donald|item: Quick Claw\n|\n|t:|1697897114\n|switch|p2a: \u5f00\u6349|Magnezone|100\/100\n|move|p1a: Donald|Aqua Step|p2a: \u5f00\u6349\n|-damage|p2a: \u5f00\u6349|56\/100\n|-boost|p1a: Donald|spe|1\n|\n|upkeep\n|turn|7\n|-activate|p1a: Donald|item: Quick Claw\n|\n|t:|1697897119\n|move|p1a: Donald|Brick Break|p2a: \u5f00\u6349\n|-supereffective|p2a: \u5f00\u6349\n|-damage|p2a: \u5f00\u6349|0 fnt\n|faint|p2a: \u5f00\u6349\n|-ability|p1a: Donald|Moxie|boost\n|-boost|p1a: Donald|atk|1\n|\n|upkeep\n|\n|t:|1697897125\n|switch|p2a: Dragapult|Dragapult, F, shiny|100\/100\n|turn|8\n|\n|t:|1697897129\n|move|p1a: Donald|Knock Off|p2a: Dragapult\n|-supereffective|p2a: Dragapult\n|-damage|p2a: Dragapult|0 fnt\n|-start|p1a: Donald|Disable|Knock Off|[from] ability: Cursed Body|[of] p2a: Dragapult\n|-enditem|p2a: Dragapult|Choice Specs|[from] move: Knock Off|[of] p1a: Donald\n|faint|p2a: Dragapult\n|-ability|p1a: Donald|Moxie|boost\n|-boost|p1a: Donald|atk|1\n|\n|upkeep\n|\n|t:|1697897132\n|switch|p2a: Gholdengo|Gholdengo, shiny|100\/100\n|turn|9\n|\n|t:|1697897135\n|move|p1a: Donald|Aqua Step|p2a: Gholdengo\n|-damage|p2a: Gholdengo|21\/100\n|-boost|p1a: Donald|spe|1\n|move|p2a: Gholdengo|Trick|p1a: Donald\n|-activate|p2a: Gholdengo|move: Trick|[of] p1a: Donald\n|-item|p1a: Donald|Choice Specs|[from] move: Trick\n|-item|p2a: Gholdengo|Quick Claw|[from] move: Trick\n|\n|upkeep\n|turn|10\n|\n|t:|1697897144\n|move|p1a: Donald|Aqua Step|p2a: Gholdengo\n|-damage|p2a: Gholdengo|0 fnt\n|-boost|p1a: Donald|spe|1\n|faint|p2a: Gholdengo\n|-ability|p1a: Donald|Moxie|boost\n|-boost|p1a: Donald|atk|1\n|\n|upkeep\n|\n|t:|1697897149\n|switch|p2a: \u559c\u6b22\u5f3a\u5316\u662f\u5427|Skeledirge, M|66\/100\n|turn|11\n|\n|t:|1697897153\n|move|p1a: Donald|Aqua Step|p2a: \u559c\u6b22\u5f3a\u5316\u662f\u5427\n|-supereffective|p2a: \u559c\u6b22\u5f3a\u5316\u662f\u5427\n|-damage|p2a: \u559c\u6b22\u5f3a\u5316\u662f\u5427|8\/100\n|-boost|p1a: Donald|spe|1\n|move|p2a: \u559c\u6b22\u5f3a\u5316\u662f\u5427|Slack Off|p2a: \u559c\u6b22\u5f3a\u5316\u662f\u5427\n|-heal|p2a: \u559c\u6b22\u5f3a\u5316\u662f\u5427|58\/100\n|\n|-end|p1a: Donald|Disable\n|upkeep\n|turn|12\n|\n|t:|1697897159\n|move|p1a: Donald|Aqua Step|p2a: \u559c\u6b22\u5f3a\u5316\u662f\u5427\n|-supereffective|p2a: \u559c\u6b22\u5f3a\u5316\u662f\u5427\n|-damage|p2a: \u559c\u6b22\u5f3a\u5316\u662f\u5427|0 fnt\n|-boost|p1a: Donald|spe|1\n|faint|p2a: \u559c\u6b22\u5f3a\u5316\u662f\u5427\n|-ability|p1a: Donald|Moxie|boost\n|-boost|p1a: Donald|atk|1\n|\n|upkeep\n|\n|t:|1697897163\n|switch|p2a: \u6211\u5c04~|Garchomp, F|100\/100\n|turn|13\n|\n|t:|1697897167\n|move|p1a: Donald|Aqua Step|p2a: \u6211\u5c04~\n|-damage|p2a: \u6211\u5c04~|0 fnt\n|-boost|p1a: Donald|spe|1\n|-damage|p1a: Donald|88\/100|[from] ability: Rough Skin|[of] p2a: \u6211\u5c04~\n|faint|p2a: \u6211\u5c04~\n|\n|win|BigMommaBadger\n|raw|BigMommaBadger's rating: 1212 &rarr; <strong>1232<\/strong><br \/>(+20 for winning)\n|raw|O114514__'s rating: 1138 &rarr; <strong>1118<\/strong><br \/>(-20 for losing)\n|c|\u2606BigMommaBadger|gg\n","uploadtime":1697897174,"views":7,"p1id":"bigmommabadger","p2id":"o114514","formatid":"gen9anythinggoes","rating":1118,"private":0,"password":""}