{"id":"gen9anythinggoes-2000606324","p1":"whaud","p2":"jb291","format":"[Gen 9] Anything Goes","log":"|j|\u2606whaud\n|j|\u2606jb291\n|inactive|Battle timer is ON: inactive players will automatically lose when time's up.\n|t:|1701209860\n|gametype|singles\n|player|p1|whaud|alain|\n|player|p2|jb291|korrina-masters|\n|teamsize|p1|6\n|teamsize|p2|6\n|gen|9\n|tier|[Gen 9] Anything Goes\n|rated|Tournament battle\n|rule|HP Percentage Mod: HP is shown in percentages\n|rule|Endless Battle Clause: Forcing endless battles is banned\n|rule|Species Clause: Limit one of each Pok\u00e9mon\n|rule|OHKO Clause: OHKO moves are banned\n|rule|Evasion Moves Clause: Evasion moves are banned\n|rule|Sleep Moves Clause: Sleep-inducing moves are banned\n|rule|Tier Shift Mod: Pok\u00e9mon get stat buffs depending on their tier, excluding HP.\n|rule|Terastal Clause: You cannot Terastallize\n|rule|Evasion Clause: Evasion abilities, items, and moves are banned\n|rule|Evasion Abilities Clause: Evasion abilities are banned\n|rule|Evasion Items Clause: Evasion items are banned\n|clearpoke\n|poke|p1|Ursaring, F|\n|poke|p1|Chansey, F|\n|poke|p1|Veluza, F|\n|poke|p1|Falinks|\n|poke|p1|Haunter, F|\n|poke|p1|Masquerain, M|\n|poke|p2|Giratina|\n|poke|p2|Chansey, F|\n|poke|p2|Clodsire, M|\n|poke|p2|Dondozo, M|\n|poke|p2|Slowbro, M|\n|poke|p2|Slaking, F|\n|teampreview\n|inactive|jb291 also wants the timer to be on.\n|\n|t:|1701209872\n|start\n|switch|p1a: Masquerain|Masquerain, M|100\/100\n|switch|p2a: Slaking|Slaking, F|100\/100\n|-ability|p1a: Masquerain|Intimidate|boost\n|-unboost|p2a: Slaking|atk|1\n|turn|1\n|c|\u2606whaud|ugh\n|c|\u2606whaud|stall\n|\n|t:|1701209879\n|switch|p2a: Chansey|Chansey, F|100\/100\n|move|p1a: Masquerain|Sticky Web|p2a: Chansey\n|-sidestart|p2: jb291|move: Sticky Web\n|\n|upkeep\n|turn|2\n|\n|t:|1701209888\n|switch|p1a: Chansey|Chansey, F|100\/100\n|move|p2a: Chansey|Stealth Rock|p1a: Chansey\n|-sidestart|p1: whaud|move: Stealth Rock\n|\n|upkeep\n|turn|3\n|\n|t:|1701209907\n|switch|p1a: Falinks|Falinks|100\/100\n|-damage|p1a: Falinks|95\/100|[from] Stealth Rock\n|switch|p2a: Clodsire|Clodsire, M|100\/100\n|\n|upkeep\n|turn|4\n|\n|t:|1701209916\n|switch|p1a: Haunter|Haunter, F|100\/100\n|-damage|p1a: Haunter|88\/100|[from] Stealth Rock\n|switch|p2a: Slowbro|Slowbro, M|100\/100\n|\n|upkeep\n|turn|5\n|\n|t:|1701209927\n|switch|p2a: Chansey|Chansey, F|100\/100\n|move|p1a: Haunter|Shadow Ball|p2a: Chansey\n|-immune|p2a: Chansey\n|\n|upkeep\n|turn|6\n|j| atha\n|\n|t:|1701209933\n|switch|p1a: Veluza|Veluza, F|100\/100\n|-damage|p1a: Veluza|88\/100|[from] Stealth Rock\n|switch|p2a: Clodsire|Clodsire, M|100\/100\n|\n|upkeep\n|turn|7\n|l| atha\n|\n|t:|1701209943\n|switch|p2a: Slowbro|Slowbro, M|100\/100\n|move|p1a: Veluza|Fillet Away|p1a: Veluza\n|-boost|p1a: Veluza|atk|2\n|-boost|p1a: Veluza|spa|2\n|-boost|p1a: Veluza|spe|2\n|-damage|p1a: Veluza|38\/100\n|-enditem|p1a: Veluza|Sitrus Berry|[eat]\n|-heal|p1a: Veluza|63\/100|[from] item: Sitrus Berry\n|\n|upkeep\n|turn|8\n|\n|t:|1701209949\n|switch|p2a: Dondozo|Dondozo, M|100\/100\n|move|p1a: Veluza|Crunch|p2a: Dondozo\n|-damage|p2a: Dondozo|85\/100\n|\n|upkeep\n|turn|9\n|\n|t:|1701209956\n|switch|p1a: Haunter|Haunter, F|88\/100\n|-damage|p1a: Haunter|76\/100|[from] Stealth Rock\n|move|p2a: Dondozo|Body Press|p1a: Haunter\n|-immune|p1a: Haunter\n|\n|upkeep\n|turn|10\n|\n|t:|1701209973\n|switch|p2a: Chansey|Chansey, F|100\/100\n|move|p1a: Haunter|Psychic|p2a: Chansey\n|-damage|p2a: Chansey|89\/100\n|\n|upkeep\n|turn|11\n|\n|t:|1701209980\n|switch|p1a: Masquerain|Masquerain, M|100\/100\n|-damage|p1a: Masquerain|51\/100|[from] Stealth Rock\n|-ability|p1a: Masquerain|Intimidate|boost\n|-unboost|p2a: Chansey|atk|1\n|switch|p2a: Slowbro|Slowbro, M|100\/100\n|\n|upkeep\n|turn|12\n|\n|t:|1701209983\n|switch|p2a: Chansey|Chansey, F|89\/100\n|move|p1a: Masquerain|Quiver Dance|p1a: Masquerain\n|-boost|p1a: Masquerain|spa|1\n|-boost|p1a: Masquerain|spd|1\n|-boost|p1a: Masquerain|spe|1\n|\n|upkeep\n|turn|13\n|\n|t:|1701209987\n|move|p1a: Masquerain|Quiver Dance|p1a: Masquerain\n|-boost|p1a: Masquerain|spa|1\n|-boost|p1a: Masquerain|spd|1\n|-boost|p1a: Masquerain|spe|1\n|move|p2a: Chansey|Heal Bell||[still]\n|-activate|p2a: Chansey|move: Heal Bell\n|-fail|p2a: Chansey\n|\n|upkeep\n|turn|14\n|\n|t:|1701209991\n|move|p1a: Masquerain|Quiver Dance|p1a: Masquerain\n|-boost|p1a: Masquerain|spa|1\n|-boost|p1a: Masquerain|spd|1\n|-boost|p1a: Masquerain|spe|1\n|move|p2a: Chansey|Seismic Toss|p1a: Masquerain\n|-damage|p1a: Masquerain|15\/100\n|\n|upkeep\n|turn|15\n|\n|t:|1701209993\n|move|p1a: Masquerain|Bug Buzz|p2a: Chansey\n|-damage|p2a: Chansey|50\/100\n|move|p2a: Chansey|Seismic Toss|p1a: Masquerain\n|-damage|p1a: Masquerain|0 fnt\n|faint|p1a: Masquerain\n|\n|upkeep\n|\n|t:|1701210009\n|switch|p1a: Haunter|Haunter, F|76\/100\n|-damage|p1a: Haunter|64\/100|[from] Stealth Rock\n|turn|16\n|\n|t:|1701210020\n|move|p1a: Haunter|Psychic|p2a: Chansey\n|-damage|p2a: Chansey|40\/100\n|move|p2a: Chansey|Soft-Boiled|p2a: Chansey\n|-heal|p2a: Chansey|90\/100\n|\n|upkeep\n|turn|17\n|\n|t:|1701210024\n|switch|p2a: Slowbro|Slowbro, M|100\/100\n|move|p1a: Haunter|Psychic|p2a: Slowbro\n|-resisted|p2a: Slowbro\n|-damage|p2a: Slowbro|85\/100\n|\n|upkeep\n|turn|18\n|\n|t:|1701210027\n|switch|p2a: Chansey|Chansey, F|90\/100\n|move|p1a: Haunter|Psychic|p2a: Chansey\n|-damage|p2a: Chansey|81\/100\n|\n|upkeep\n|turn|19\n|\n|t:|1701210032\n|switch|p1a: Ursaring|Ursaring, F|100\/100\n|-damage|p1a: Ursaring|88\/100|[from] Stealth Rock\n|switch|p2a: Slowbro|Slowbro, M|100\/100\n|\n|upkeep\n|turn|20\n|\n|t:|1701210039\n|move|p1a: Ursaring|Swords Dance|p1a: Ursaring\n|-boost|p1a: Ursaring|atk|2\n|move|p2a: Slowbro|Body Press|p1a: Ursaring\n|-supereffective|p1a: Ursaring\n|-crit|p1a: Ursaring\n|-damage|p1a: Ursaring|31\/100\n|\n|upkeep\n|turn|21\n|\n|t:|1701210045\n|move|p1a: Ursaring|Trailblaze|p2a: Slowbro\n|-supereffective|p2a: Slowbro\n|-damage|p2a: Slowbro|53\/100\n|-boost|p1a: Ursaring|spe|1\n|move|p2a: Slowbro|Body Press|p1a: Ursaring\n|-supereffective|p1a: Ursaring\n|-damage|p1a: Ursaring|0 fnt\n|faint|p1a: Ursaring\n|\n|upkeep\n|\n|t:|1701210051\n|switch|p1a: Veluza|Veluza, F|63\/100\n|-damage|p1a: Veluza|50\/100|[from] Stealth Rock\n|turn|22\n|-message|whaud forfeited.\n|\n|win|jb291\n|n|\u2606whaud|whaud\n|n|\u2606jb291|jb291\n","uploadtime":1701210060,"views":0,"p1id":"whaud","p2id":"jb291","formatid":"gen9anythinggoes","rating":0,"private":0,"password":""}