{"id":"gen9anythinggoes-1980999949","p1":"jeefeycool","p2":"Your_TSA_Agent","format":"[Gen 9] Anything Goes","log":"|j|\u2606jeefeycool\n|j|\u2606Your_TSA_Agent\n|t:|1698855697\n|gametype|singles\n|player|p1|jeefeycool|170|1167\n|player|p2|Your_TSA_Agent|shadowtriad|1148\n|teamsize|p1|6\n|teamsize|p2|6\n|gen|9\n|tier|[Gen 9] Anything Goes\n|rated|\n|rule|HP Percentage Mod: HP is shown in percentages\n|rule|Endless Battle Clause: Forcing endless battles is banned\n|clearpoke\n|poke|p1|Toxapex, F|\n|poke|p1|Umbreon, F|\n|poke|p1|Gardevoir, M|\n|poke|p1|Ursaluna-Bloodmoon, M|\n|poke|p1|Ogerpon-Hearthflame, F|\n|poke|p1|Azumarill, M|\n|poke|p2|Kommo-o, M|\n|poke|p2|Urshifu-*, M|\n|poke|p2|Iron Valiant|\n|poke|p2|Sneasler, F|\n|poke|p2|Breloom, F|\n|poke|p2|Zamazenta-*|\n|teampreview\n|inactive|Battle timer is ON: inactive players will automatically lose when time's up. (requested by jeefeycool)\n|\n|t:|1698855709\n|start\n|switch|p1a: Azumarill|Azumarill, M|100\/100\n|switch|p2a: Sneasler|Sneasler, F|100\/100\n|turn|1\n|c|\u2606Your_TSA_Agent|:3\n|\n|t:|1698855719\n|move|p2a: Sneasler|Dire Claw|p1a: Azumarill\n|-supereffective|p1a: Azumarill\n|-damage|p1a: Azumarill|4\/100\n|-enditem|p1a: Azumarill|Sitrus Berry|[eat]\n|-heal|p1a: Azumarill|29\/100|[from] item: Sitrus Berry\n|move|p1a: Azumarill|Belly Drum||[still]\n|-fail|p1a: Azumarill\n|\n|upkeep\n|turn|2\n|\n|t:|1698855732\n|switch|p1a: Toxapex|Toxapex, F|100\/100\n|move|p2a: Sneasler|Dire Claw|p1a: Toxapex\n|-resisted|p1a: Toxapex\n|-damage|p1a: Toxapex|81\/100\n|\n|-heal|p1a: Toxapex|88\/100|[from] item: Black Sludge\n|upkeep\n|turn|3\n|\n|t:|1698855746\n|move|p2a: Sneasler|Swords Dance|p2a: Sneasler\n|-boost|p2a: Sneasler|atk|2\n|move|p1a: Toxapex|Toxic Spikes|p2a: Sneasler\n|-sidestart|p2: Your_TSA_Agent|move: Toxic Spikes\n|\n|-heal|p1a: Toxapex|94\/100|[from] item: Black Sludge\n|upkeep\n|turn|4\n|\n|t:|1698855754\n|move|p2a: Sneasler|Close Combat|p1a: Toxapex\n|-resisted|p1a: Toxapex\n|-damage|p1a: Toxapex|41\/100\n|-unboost|p2a: Sneasler|def|1\n|-unboost|p2a: Sneasler|spd|1\n|-enditem|p2a: Sneasler|White Herb\n|-clearnegativeboost|p2a: Sneasler|[silent]\n|move|p1a: Toxapex|Haze|p1a: Toxapex\n|-clearallboost\n|\n|-heal|p1a: Toxapex|47\/100|[from] item: Black Sludge\n|upkeep\n|turn|5\n|\n|t:|1698855778\n|move|p2a: Sneasler|Shadow Claw|p1a: Toxapex\n|-damage|p1a: Toxapex|27\/100\n|move|p1a: Toxapex|Toxic Spikes|p2a: Sneasler\n|-sidestart|p2: Your_TSA_Agent|move: Toxic Spikes\n|\n|-heal|p1a: Toxapex|34\/100|[from] item: Black Sludge\n|upkeep\n|turn|6\n|\n|t:|1698855786\n|move|p2a: Sneasler|Shadow Claw|p1a: Toxapex\n|-damage|p1a: Toxapex|14\/100\n|move|p1a: Toxapex|Toxic Spikes||[still]\n|-fail|p1a: Toxapex\n|\n|-heal|p1a: Toxapex|20\/100|[from] item: Black Sludge\n|upkeep\n|turn|7\n|\n|t:|1698855803\n|switch|p2a: Iron Valiant|Iron Valiant|100\/100\n|-status|p2a: Iron Valiant|tox\n|switch|p1a: Umbreon|Umbreon, F|100\/100\n|\n|-damage|p2a: Iron Valiant|94\/100 tox|[from] psn\n|upkeep\n|turn|8\n|\n|t:|1698855815\n|move|p2a: Iron Valiant|Moonblast|p1a: Umbreon\n|-supereffective|p1a: Umbreon\n|-damage|p1a: Umbreon|31\/100\n|-enditem|p1a: Umbreon|Weakness Policy\n|-boost|p1a: Umbreon|atk|2|[from] item: Weakness Policy\n|-boost|p1a: Umbreon|spa|2|[from] item: Weakness Policy\n|move|p1a: Umbreon|Thunder Wave||[still]\n|-fail|p1a: Umbreon\n|\n|-damage|p2a: Iron Valiant|82\/100 tox|[from] psn\n|upkeep\n|turn|9\n|\n|t:|1698855827\n|move|p2a: Iron Valiant|Moonblast|p1a: Umbreon\n|-supereffective|p1a: Umbreon\n|-damage|p1a: Umbreon|0 fnt\n|faint|p1a: Umbreon\n|\n|-damage|p2a: Iron Valiant|63\/100 tox|[from] psn\n|upkeep\n|\n|t:|1698855839\n|switch|p1a: Gardevoir|Gardevoir, M|100\/100\n|turn|10\n|\n|t:|1698855851\n|-end|p2a: Iron Valiant|Quark Drive|[silent]\n|switch|p2a: Sneasler|Sneasler, F|100\/100\n|-sideend|p2: Your_TSA_Agent|move: Toxic Spikes|[of] p2a: Sneasler\n|move|p1a: Gardevoir|Thunder Wave|p2a: Sneasler\n|-status|p2a: Sneasler|par\n|\n|upkeep\n|turn|11\n|\n|t:|1698855867\n|move|p1a: Gardevoir|Psychic|p2a: Sneasler\n|-supereffective|p2a: Sneasler\n|-damage|p2a: Sneasler|0 fnt\n|faint|p2a: Sneasler\n|\n|upkeep\n|c|\u2606Your_TSA_Agent|brb\n|c|\u2606jeefeycool|i am edging\n|c|\u2606Your_TSA_Agent|can you stop timer\n|c|\u2606Your_TSA_Agent|i need to pee\n|c|\u2606jeefeycool|ye\n|c|\u2606Your_TSA_Agent|like bad\n|inactiveoff|Battle timer is now OFF.\n|c|\u2606Your_TSA_Agent|tyty\n|c|\u2606jeefeycool|fasho\n|l|\u2606jeefeycool\n|player|p1|\n|c|\u2606Your_TSA_Agent|alr im back\n|inactive|Battle timer is ON: inactive players will automatically lose when time's up. (requested by Your_TSA_Agent)\n|inactive|Your_TSA_Agent has 120 seconds left.\n|\n|t:|1698856007\n|switch|p2a: Breloom|Breloom, F|100\/100\n|turn|12\n|j|\u2606jeefeycool\n|inactive|jeefeycool reconnected and has 135 seconds left.\n|player|p1|jeefeycool|170\n|inactive|jeefeycool also wants the timer to be on.\n|\n|t:|1698856025\n|move|p2a: Breloom|Spore|p1a: Gardevoir\n|-status|p1a: Gardevoir|slp|[from] move: Spore\n|cant|p1a: Gardevoir|slp\n|\n|upkeep\n|turn|13\n|\n|t:|1698856034\n|move|p2a: Breloom|Swords Dance|p2a: Breloom\n|-boost|p2a: Breloom|atk|2\n|-curestatus|p1a: Gardevoir|slp|[msg]\n|move|p1a: Gardevoir|Thunder Wave|p2a: Breloom\n|-status|p2a: Breloom|par\n|\n|upkeep\n|turn|14\n|\n|t:|1698856041\n|move|p1a: Gardevoir|Psychic|p2a: Breloom\n|-supereffective|p2a: Breloom\n|-enditem|p2a: Breloom|Focus Sash\n|-damage|p2a: Breloom|1\/100 par\n|move|p2a: Breloom|Spore|p1a: Gardevoir\n|-status|p1a: Gardevoir|slp|[from] move: Spore\n|\n|upkeep\n|turn|15\n|\n|t:|1698856051\n|switch|p1a: Toxapex|Toxapex, F|53\/100\n|move|p2a: Breloom|Swords Dance|p2a: Breloom\n|-boost|p2a: Breloom|atk|2\n|\n|-heal|p1a: Toxapex|60\/100|[from] item: Black Sludge\n|upkeep\n|turn|16\n|\n|t:|1698856067\n|cant|p2a: Breloom|par\n|move|p1a: Toxapex|Haze|p1a: Toxapex\n|-clearallboost\n|\n|-heal|p1a: Toxapex|66\/100|[from] item: Black Sludge\n|upkeep\n|turn|17\n|\n|t:|1698856077\n|move|p2a: Breloom|Spore|p1a: Toxapex\n|-status|p1a: Toxapex|slp|[from] move: Spore\n|cant|p1a: Toxapex|slp\n|\n|-heal|p1a: Toxapex|72\/100 slp|[from] item: Black Sludge\n|upkeep\n|turn|18\n|\n|t:|1698856081\n|move|p2a: Breloom|Bullet Seed|p1a: Toxapex\n|-damage|p1a: Toxapex|58\/100 slp\n|-damage|p1a: Toxapex|43\/100 slp\n|-hitcount|p1a: Toxapex|2\n|cant|p1a: Toxapex|slp\n|\n|-heal|p1a: Toxapex|49\/100 slp|[from] item: Black Sludge\n|upkeep\n|turn|19\n|\n|t:|1698856089\n|switch|p1a: Ogerpon|Ogerpon-Hearthflame, F|100\/100\n|-ability|p1a: Ogerpon|Mold Breaker\n|move|p2a: Breloom|Swords Dance|p2a: Breloom\n|-boost|p2a: Breloom|atk|2\n|\n|upkeep\n|turn|20\n|\n|t:|1698856101\n|cant|p2a: Breloom|par\n|move|p1a: Ogerpon|Trailblaze|p2a: Breloom\n|-resisted|p2a: Breloom\n|-damage|p2a: Breloom|0 fnt\n|-boost|p1a: Ogerpon|spe|1\n|faint|p2a: Breloom\n|\n|upkeep\n|\n|t:|1698856112\n|switch|p2a: Zamazenta|Zamazenta|100\/100\n|-ability|p2a: Zamazenta|Dauntless Shield|boost\n|-boost|p2a: Zamazenta|def|1\n|turn|21\n|\n|t:|1698856127\n|move|p2a: Zamazenta|Iron Defense|p2a: Zamazenta\n|-boost|p2a: Zamazenta|def|2\n|move|p1a: Ogerpon|Leech Seed|p2a: Zamazenta\n|-start|p2a: Zamazenta|move: Leech Seed\n|\n|-damage|p2a: Zamazenta|88\/100|[from] Leech Seed|[of] p1a: Ogerpon\n|upkeep\n|turn|22\n|\n|t:|1698856136\n|move|p1a: Ogerpon|Spiky Shield|p1a: Ogerpon\n|-singleturn|p1a: Ogerpon|move: Protect\n|move|p2a: Zamazenta|Iron Defense|p2a: Zamazenta\n|-boost|p2a: Zamazenta|def|2\n|\n|-heal|p2a: Zamazenta|94\/100|[from] item: Leftovers\n|-damage|p2a: Zamazenta|82\/100|[from] Leech Seed|[of] p1a: Ogerpon\n|upkeep\n|turn|23\n|\n|t:|1698856146\n|move|p2a: Zamazenta|Iron Defense|p2a: Zamazenta\n|-boost|p2a: Zamazenta|def|1\n|move|p1a: Ogerpon|Ivy Cudgel|p2a: Zamazenta\n|-damage|p2a: Zamazenta|69\/100\n|\n|-heal|p2a: Zamazenta|75\/100|[from] item: Leftovers\n|-damage|p2a: Zamazenta|63\/100|[from] Leech Seed|[of] p1a: Ogerpon\n|upkeep\n|turn|24\n|\n|t:|1698856155\n|move|p1a: Ogerpon|Spiky Shield|p1a: Ogerpon\n|-singleturn|p1a: Ogerpon|move: Protect\n|move|p2a: Zamazenta|Substitute|p2a: Zamazenta\n|-start|p2a: Zamazenta|Substitute\n|-damage|p2a: Zamazenta|38\/100\n|\n|-heal|p2a: Zamazenta|44\/100|[from] item: Leftovers\n|-damage|p2a: Zamazenta|31\/100|[from] Leech Seed|[of] p1a: Ogerpon\n|upkeep\n|turn|25\n|\n|t:|1698856165\n|move|p2a: Zamazenta|Body Press|p1a: Ogerpon\n|-damage|p1a: Ogerpon|0 fnt\n|faint|p1a: Ogerpon\n|\n|-heal|p2a: Zamazenta|37\/100|[from] item: Leftovers\n|upkeep\n|\n|t:|1698856171\n|switch|p1a: Toxapex|Toxapex, F|82\/100 slp\n|turn|26\n|\n|t:|1698856176\n|move|p2a: Zamazenta|Body Press|p1a: Toxapex\n|-resisted|p1a: Toxapex\n|-damage|p1a: Toxapex|30\/100 slp\n|-curestatus|p1a: Toxapex|slp|[msg]\n|move|p1a: Toxapex|Haze|p1a: Toxapex\n|-clearallboost\n|\n|-heal|p2a: Zamazenta|44\/100|[from] item: Leftovers\n|-heal|p1a: Toxapex|36\/100|[from] item: Black Sludge\n|-damage|p2a: Zamazenta|31\/100|[from] Leech Seed|[of] p1a: Toxapex\n|-heal|p1a: Toxapex|51\/100|[silent]\n|upkeep\n|turn|27\n|\n|t:|1698856196\n|move|p2a: Zamazenta|Body Press|p1a: Toxapex\n|-resisted|p1a: Toxapex\n|-damage|p1a: Toxapex|39\/100\n|move|p1a: Toxapex|Tera Blast|p2a: Zamazenta\n|-activate|p2a: Zamazenta|move: Substitute|[damage]\n|\n|-heal|p2a: Zamazenta|37\/100|[from] item: Leftovers\n|-heal|p1a: Toxapex|45\/100|[from] item: Black Sludge\n|-damage|p2a: Zamazenta|25\/100|[from] Leech Seed|[of] p1a: Toxapex\n|-heal|p1a: Toxapex|61\/100|[silent]\n|upkeep\n|turn|28\n|\n|t:|1698856212\n|move|p2a: Zamazenta|Crunch|p1a: Toxapex\n|-damage|p1a: Toxapex|43\/100\n|-unboost|p1a: Toxapex|def|1\n|move|p1a: Toxapex|Toxic Spikes|p2a: Zamazenta\n|-sidestart|p2: Your_TSA_Agent|move: Toxic Spikes\n|\n|-heal|p2a: Zamazenta|31\/100|[from] item: Leftovers\n|-heal|p1a: Toxapex|49\/100|[from] item: Black Sludge\n|-damage|p2a: Zamazenta|18\/100|[from] Leech Seed|[of] p1a: Toxapex\n|-heal|p1a: Toxapex|65\/100|[silent]\n|upkeep\n|turn|29\n|\n|t:|1698856225\n|move|p2a: Zamazenta|Body Press|p1a: Toxapex\n|-resisted|p1a: Toxapex\n|-damage|p1a: Toxapex|45\/100\n|move|p1a: Toxapex|Haze|p1a: Toxapex\n|-clearallboost\n|\n|-heal|p2a: Zamazenta|25\/100|[from] item: Leftovers\n|-heal|p1a: Toxapex|51\/100|[from] item: Black Sludge\n|-damage|p2a: Zamazenta|12\/100|[from] Leech Seed|[of] p1a: Toxapex\n|-heal|p1a: Toxapex|67\/100|[silent]\n|upkeep\n|turn|30\n|inactive|jeefeycool has 120 seconds left.\n|\n|t:|1698856254\n|switch|p2a: Kommo-o|Kommo-o, M|100\/100\n|-status|p2a: Kommo-o|psn\n|move|p1a: Toxapex|Baneful Bunker||[still]\n|-fail|p1a: Toxapex\n|\n|-heal|p1a: Toxapex|73\/100|[from] item: Black Sludge\n|-damage|p2a: Kommo-o|88\/100 psn|[from] psn\n|upkeep\n|turn|31\n|inactive|jeefeycool has 120 seconds left.\n|\n|t:|1698856272\n|switch|p1a: Gardevoir|Gardevoir, M|100\/100 slp\n|move|p2a: Kommo-o|Clanging Scales|p1a: Gardevoir\n|-immune|p1a: Gardevoir\n|\n|-damage|p2a: Kommo-o|76\/100 psn|[from] psn\n|upkeep\n|turn|32\n|\n|t:|1698856282\n|switch|p2a: Urshifu|Urshifu, M|100\/100\n|-status|p2a: Urshifu|psn\n|cant|p1a: Gardevoir|slp\n|\n|-damage|p2a: Urshifu|88\/100 psn|[from] psn\n|upkeep\n|turn|33\n|inactive|Your_TSA_Agent has 120 seconds left.\n|\n|t:|1698856298\n|move|p2a: Urshifu|Wicked Blow|p1a: Gardevoir\n|-crit|p1a: Gardevoir\n|-damage|p1a: Gardevoir|31\/100 slp\n|cant|p1a: Gardevoir|slp\n|\n|-heal|p1a: Gardevoir|37\/100 slp|[from] item: Leftovers\n|-damage|p2a: Urshifu|76\/100 psn|[from] psn\n|upkeep\n|turn|34\n|\n|t:|1698856316\n|switch|p1a: Toxapex|Toxapex, F|100\/100\n|move|p2a: Urshifu|Wicked Blow|p1a: Toxapex\n|-crit|p1a: Toxapex\n|-damage|p1a: Toxapex|51\/100\n|\n|-heal|p1a: Toxapex|57\/100|[from] item: Black Sludge\n|-damage|p2a: Urshifu|64\/100 psn|[from] psn\n|upkeep\n|turn|35\n|\n|t:|1698856332\n|move|p1a: Toxapex|Baneful Bunker|p1a: Toxapex\n|-singleturn|p1a: Toxapex|move: Protect\n|move|p2a: Urshifu|Swords Dance|p2a: Urshifu\n|-boost|p2a: Urshifu|atk|2\n|\n|-heal|p1a: Toxapex|64\/100|[from] item: Black Sludge\n|-damage|p2a: Urshifu|51\/100 psn|[from] psn\n|upkeep\n|turn|36\n|\n|t:|1698856343\n|move|p2a: Urshifu|Wicked Blow|p1a: Toxapex\n|-crit|p1a: Toxapex\n|-damage|p1a: Toxapex|0 fnt\n|faint|p1a: Toxapex\n|\n|-damage|p2a: Urshifu|39\/100 psn|[from] psn\n|upkeep\n|\n|t:|1698856349\n|switch|p1a: Azumarill|Azumarill, M|29\/100\n|turn|37\n|\n|t:|1698856355\n|move|p1a: Azumarill|Aqua Jet|p2a: Urshifu\n|-crit|p2a: Urshifu\n|-damage|p2a: Urshifu|2\/100 psn\n|move|p2a: Urshifu|Wicked Blow|p1a: Azumarill\n|-resisted|p1a: Azumarill\n|-crit|p1a: Azumarill\n|-damage|p1a: Azumarill|0 fnt\n|faint|p1a: Azumarill\n|\n|-damage|p2a: Urshifu|0 fnt|[from] psn\n|faint|p2a: Urshifu\n|upkeep\n|inactive|jeefeycool has 120 seconds left.\n|inactive|Your_TSA_Agent has 120 seconds left.\n|\n|t:|1698856397\n|switch|p2a: Iron Valiant|Iron Valiant|63\/100 tox\n|switch|p1a: Gardevoir|Gardevoir, M|37\/100 slp\n|turn|38\n|\n|t:|1698856413\n|move|p2a: Iron Valiant|Knock Off|p1a: Gardevoir\n|-crit|p1a: Gardevoir\n|-damage|p1a: Gardevoir|0 fnt\n|-enditem|p1a: Gardevoir|Leftovers|[from] move: Knock Off|[of] p2a: Iron Valiant\n|faint|p1a: Gardevoir\n|\n|-damage|p2a: Iron Valiant|57\/100 tox|[from] psn\n|upkeep\n|\n|t:|1698856416\n|switch|p1a: Ursaluna|Ursaluna-Bloodmoon, M|100\/100\n|turn|39\n|\n|t:|1698856427\n|-end|p2a: Iron Valiant|Quark Drive|[silent]\n|switch|p2a: Kommo-o|Kommo-o, M|76\/100 psn\n|move|p1a: Ursaluna|Blood Moon|p2a: Kommo-o\n|-damage|p2a: Kommo-o|0 fnt\n|faint|p2a: Kommo-o\n|\n|upkeep\n|\n|t:|1698856432\n|switch|p2a: Iron Valiant|Iron Valiant|57\/100 tox\n|turn|40\n|\n|t:|1698856437\n|-terastallize|p2a: Iron Valiant|Fairy\n|-terastallize|p1a: Ursaluna|Ground\n|move|p2a: Iron Valiant|Close Combat|p1a: Ursaluna\n|-damage|p1a: Ursaluna|60\/100\n|-unboost|p2a: Iron Valiant|def|1\n|-unboost|p2a: Iron Valiant|spd|1\n|move|p1a: Ursaluna|Earth Power|p2a: Iron Valiant\n|-damage|p2a: Iron Valiant|0 fnt\n|faint|p2a: Iron Valiant\n|-end|p2a: Iron Valiant|Quark Drive|[silent]\n|\n|upkeep\n|inactive|Your_TSA_Agent has 120 seconds left.\n|\n|t:|1698856447\n|switch|p2a: Zamazenta|Zamazenta|12\/100\n|-status|p2a: Zamazenta|psn\n|turn|41\n|inactive|Your_TSA_Agent has 120 seconds left.\n|\n|t:|1698856462\n|move|p2a: Zamazenta|Body Press|p1a: Ursaluna\n|-damage|p1a: Ursaluna|35\/100\n|move|p1a: Ursaluna|Blood Moon|p2a: Zamazenta\n|-crit|p2a: Zamazenta\n|-damage|p2a: Zamazenta|0 fnt\n|faint|p2a: Zamazenta\n|\n|win|jeefeycool\n|raw|jeefeycool's rating: 1167 &rarr; <strong>1191<\/strong><br \/>(+24 for winning)\n|raw|Your_TSA_Agent's rating: 1148 &rarr; <strong>1124<\/strong><br \/>(-24 for losing)\n|c|\u2606Your_TSA_Agent|gg\n|l|\u2606Your_TSA_Agent\n|c|\u2606jeefeycool|gg wp\n|l|\u2606jeefeycool\n|j|\u2606jeefeycool\n|player|p1|jeefeycool|170\n","uploadtime":1698856489,"views":12,"p1id":"jeefeycool","p2id":"yourtsaagent","formatid":"gen9anythinggoes","rating":1124,"private":0,"password":""}