{"id":"gen9anythinggoes-2000378633","p1":"Carlnessman","p2":"hubolojuice","format":"[Gen 9] Anything Goes","log":"|j|\u2606Carlnessman\n|j|\u2606hubolojuice\n|t:|1701189810\n|gametype|singles\n|player|p1|Carlnessman|policeman-gen4|1461\n|player|p2|hubolojuice|169|1351\n|teamsize|p1|6\n|teamsize|p2|6\n|gen|9\n|tier|[Gen 9] Anything Goes\n|rated|\n|rule|HP Percentage Mod: HP is shown in percentages\n|rule|Endless Battle Clause: Forcing endless battles is banned\n|clearpoke\n|poke|p1|Iron Moth|\n|poke|p1|Wo-Chien|\n|poke|p1|Ditto|\n|poke|p1|Maushold|\n|poke|p1|Koraidon|\n|poke|p1|Dudunsparce-*, F|\n|poke|p2|Regieleki|\n|poke|p2|Pincurchin, M|\n|poke|p2|Rotom-Heat|\n|poke|p2|Iron Thorns|\n|poke|p2|Arceus-Electric|\n|poke|p2|Electrode-Hisui|\n|teampreview\n|\n|t:|1701189823\n|start\n|switch|p1a: Dudunsparce|Dudunsparce-Three-Segment, F|100\/100\n|switch|p2a: Rotom|Rotom-Heat|100\/100\n|turn|1\n|inactive|Battle timer is ON: inactive players will automatically lose when time's up. (requested by hubolojuice)\n|\n|t:|1701189828\n|move|p2a: Rotom|Nasty Plot|p2a: Rotom\n|-boost|p2a: Rotom|spa|2\n|move|p1a: Dudunsparce|Coil|p1a: Dudunsparce\n|-boost|p1a: Dudunsparce|atk|1\n|-boost|p1a: Dudunsparce|def|1\n|-boost|p1a: Dudunsparce|accuracy|1\n|\n|upkeep\n|turn|2\n|\n|t:|1701189836\n|move|p1a: Dudunsparce|Protect|p1a: Dudunsparce\n|-singleturn|p1a: Dudunsparce|Protect\n|move|p2a: Rotom|Nasty Plot|p2a: Rotom\n|-boost|p2a: Rotom|spa|2\n|\n|upkeep\n|turn|3\n|inactive|Carlnessman has 120 seconds left.\n|\n|t:|1701189870\n|move|p1a: Dudunsparce|Protect|p1a: Dudunsparce\n|-singleturn|p1a: Dudunsparce|Protect\n|move|p2a: Rotom|Overheat|p1a: Dudunsparce\n|-activate|p1a: Dudunsparce|move: Protect\n|\n|upkeep\n|turn|4\n|\n|t:|1701189879\n|move|p2a: Rotom|Overheat|p1a: Dudunsparce|[miss]\n|-miss|p2a: Rotom|p1a: Dudunsparce\n|move|p1a: Dudunsparce|Substitute|p1a: Dudunsparce\n|-start|p1a: Dudunsparce|Substitute\n|-damage|p1a: Dudunsparce|75\/100\n|\n|-heal|p1a: Dudunsparce|82\/100|[from] item: Leftovers\n|upkeep\n|turn|5\n|\n|t:|1701189886\n|move|p2a: Rotom|Volt Switch|p1a: Dudunsparce\n|-end|p1a: Dudunsparce|Substitute\n|\n|t:|1701189892\n|switch|p2a: Pincurchin|Pincurchin, M|100\/100|[from] Volt Switch\n|-fieldstart|move: Electric Terrain|[from] ability: Electric Surge|[of] p2a: Pincurchin\n|move|p1a: Dudunsparce|Coil|p1a: Dudunsparce\n|-boost|p1a: Dudunsparce|atk|1\n|-boost|p1a: Dudunsparce|def|1\n|-boost|p1a: Dudunsparce|accuracy|1\n|\n|-heal|p1a: Dudunsparce|88\/100|[from] item: Leftovers\n|upkeep\n|turn|6\n|\n|t:|1701189900\n|move|p1a: Dudunsparce|Substitute|p1a: Dudunsparce\n|-start|p1a: Dudunsparce|Substitute\n|-damage|p1a: Dudunsparce|63\/100\n|move|p2a: Pincurchin|Toxic Spikes|p1a: Dudunsparce\n|-sidestart|p1: Carlnessman|move: Toxic Spikes\n|\n|-heal|p1a: Dudunsparce|69\/100|[from] item: Leftovers\n|upkeep\n|turn|7\n|\n|t:|1701189906\n|move|p1a: Dudunsparce|Baton Pass|p1a: Dudunsparce\n|\n|t:|1701189908\n|switch|p1a: Him|Maushold|100\/100|[from] Baton Pass\n|-status|p1a: Him|psn\n|move|p2a: Pincurchin|Toxic Spikes|p1a: Him\n|-sidestart|p1: Carlnessman|move: Toxic Spikes\n|\n|-damage|p1a: Him|88\/100 psn|[from] psn\n|upkeep\n|turn|8\n|\n|t:|1701189920\n|move|p1a: Him|Population Bomb|p2a: Pincurchin\n|-damage|p2a: Pincurchin|74\/100\n|-damage|p2a: Pincurchin|48\/100\n|-damage|p2a: Pincurchin|23\/100\n|-damage|p2a: Pincurchin|0 fnt\n|faint|p2a: Pincurchin\n|-hitcount|p2: Pincurchin|4\n|\n|-damage|p1a: Him|76\/100 psn|[from] psn\n|upkeep\n|\n|t:|1701189929\n|switch|p2a: Iron Thorns|Iron Thorns|100\/100\n|-activate|p2a: Iron Thorns|ability: Quark Drive\n|-start|p2a: Iron Thorns|quarkdriveatk\n|turn|9\n|\n|t:|1701189934\n|move|p1a: Him|Population Bomb|p2a: Iron Thorns\n|-resisted|p2a: Iron Thorns\n|-crit|p2a: Iron Thorns\n|-damage|p2a: Iron Thorns|86\/100\n|-resisted|p2a: Iron Thorns\n|-damage|p2a: Iron Thorns|78\/100\n|-resisted|p2a: Iron Thorns\n|-damage|p2a: Iron Thorns|69\/100\n|-resisted|p2a: Iron Thorns\n|-damage|p2a: Iron Thorns|60\/100\n|-resisted|p2a: Iron Thorns\n|-damage|p2a: Iron Thorns|50\/100\n|-resisted|p2a: Iron Thorns\n|-damage|p2a: Iron Thorns|42\/100\n|-resisted|p2a: Iron Thorns\n|-damage|p2a: Iron Thorns|33\/100\n|-resisted|p2a: Iron Thorns\n|-damage|p2a: Iron Thorns|24\/100\n|-resisted|p2a: Iron Thorns\n|-crit|p2a: Iron Thorns\n|-damage|p2a: Iron Thorns|12\/100\n|-resisted|p2a: Iron Thorns\n|-damage|p2a: Iron Thorns|4\/100\n|-hitcount|p2a: Iron Thorns|10\n|cant|p2a: Iron Thorns|flinch\n|\n|-damage|p1a: Him|63\/100 psn|[from] psn\n|upkeep\n|turn|10\n|\n|t:|1701189963\n|move|p1a: Him|Population Bomb|p2a: Iron Thorns\n|-resisted|p2a: Iron Thorns\n|-damage|p2a: Iron Thorns|0 fnt\n|faint|p2a: Iron Thorns\n|-end|p2a: Iron Thorns|Quark Drive|[silent]\n|-hitcount|p2: Iron Thorns|1\n|\n|-damage|p1a: Him|51\/100 psn|[from] psn\n|upkeep\n|\n|t:|1701189966\n|switch|p2a: Regieleki|Regieleki|100\/100\n|turn|11\n|\n|t:|1701189975\n|move|p2a: Regieleki|Charge Beam|p1a: Him\n|-end|p1a: Him|Substitute\n|move|p1a: Him|Population Bomb|p2a: Regieleki\n|-damage|p2a: Regieleki|54\/100\n|-damage|p2a: Regieleki|7\/100\n|-damage|p2a: Regieleki|0 fnt\n|faint|p2a: Regieleki\n|-hitcount|p2: Regieleki|3\n|\n|-damage|p1a: Him|38\/100 psn|[from] psn\n|upkeep\n|\n|t:|1701189979\n|switch|p2a: Arceus|Arceus-Electric, shiny|100\/100\n|turn|12\n|\n|t:|1701189996\n|-terastallize|p1a: Him|Ghost\n|move|p2a: Arceus|Extreme Speed|p1a: Him\n|-immune|p1a: Him\n|move|p1a: Him|Population Bomb|p2a: Arceus\n|-crit|p2a: Arceus\n|-damage|p2a: Arceus|76\/100\n|-damage|p2a: Arceus|59\/100\n|-damage|p2a: Arceus|43\/100\n|-damage|p2a: Arceus|26\/100\n|-damage|p2a: Arceus|9\/100\n|-damage|p2a: Arceus|0 fnt\n|faint|p2a: Arceus\n|-hitcount|p2: Arceus|6\n|\n|-damage|p1a: Him|26\/100 psn|[from] psn\n|-fieldend|move: Electric Terrain\n|upkeep\n|\n|t:|1701190000\n|switch|p2a: Rotom|Rotom-Heat|100\/100\n|turn|13\n|\n|t:|1701190015\n|move|p1a: Him|Population Bomb|p2a: Rotom\n|-damage|p2a: Rotom|78\/100\n|-damage|p2a: Rotom|53\/100\n|-damage|p2a: Rotom|30\/100\n|-damage|p2a: Rotom|5\/100\n|-crit|p2a: Rotom\n|-damage|p2a: Rotom|0 fnt\n|faint|p2a: Rotom\n|-hitcount|p2: Rotom|5\n|\n|-damage|p1a: Him|14\/100 psn|[from] psn\n|upkeep\n|\n|t:|1701190022\n|switch|p2a: Electrode|Electrode-Hisui|100\/100\n|turn|14\n|\n|t:|1701190040\n|move|p2a: Electrode|Tera Blast|p1a: Him\n|-immune|p1a: Him\n|move|p1a: Him|Population Bomb|p2a: Electrode\n|-damage|p2a: Electrode|60\/100\n|-damage|p2a: Electrode|19\/100\n|-damage|p2a: Electrode|0 fnt\n|-damage|p1a: Him|0 fnt|[from] ability: Aftermath|[of] p2a: Electrode\n|faint|p2a: Electrode\n|faint|p1a: Him\n|\n|win|Carlnessman\n|-hitcount|p2: Electrode|3\n|raw|Carlnessman's rating: 1461 &rarr; <strong>1475<\/strong><br \/>(+14 for winning)\n|raw|hubolojuice's rating: 1351 &rarr; <strong>1337<\/strong><br \/>(-14 for losing)\n|l|\u2606hubolojuice\n","uploadtime":1701190087,"views":0,"p1id":"carlnessman","p2id":"hubolojuice","formatid":"gen9anythinggoes","rating":1337,"private":0,"password":""}