{"id":"gen9anythinggoes-1996117086","p1":"randompredicaments","p2":"fartsniffa25","format":"[Gen 9] Anything Goes","log":"|j|\u2606randompredicaments\n|j|\u2606fartsniffa25\n|t:|1700646732\n|gametype|singles\n|player|p1|randompredicaments|dawn|1242\n|player|p2|fartsniffa25|swimmer-gen4dp|1322\n|teamsize|p1|6\n|teamsize|p2|6\n|gen|9\n|tier|[Gen 9] Anything Goes\n|rated|\n|rule|HP Percentage Mod: HP is shown in percentages\n|rule|Endless Battle Clause: Forcing endless battles is banned\n|clearpoke\n|poke|p1|Zacian-*|\n|poke|p1|Zacian-*|\n|poke|p1|Zacian-*|\n|poke|p1|Zacian-*|\n|poke|p1|Zacian-*|\n|poke|p1|Zacian-*|\n|poke|p2|Gliscor, M|\n|poke|p2|Finizen, F|\n|poke|p2|Clefable, F|\n|poke|p2|Scizor, M|\n|poke|p2|Ribombee, M|\n|poke|p2|Glimmora, M|\n|teampreview\n|inactive|Battle timer is ON: inactive players will automatically lose when time's up. (requested by randompredicaments)\n|c|\u2606fartsniffa25|bro\n|\n|t:|1700646743\n|start\n|switch|p1a: Zacian|Zacian-Crowned|100\/100\n|switch|p2a: Clefable|Clefable, F|100\/100\n|-ability|p1a: Zacian|Intrepid Sword|boost\n|-boost|p1a: Zacian|atk|1\n|turn|1\n|n|!randompredicaments|randompredicaments\n|\n|t:|1700646750\n|move|p1a: Zacian|Behemoth Blade|p2a: Clefable\n|-supereffective|p2a: Clefable\n|-damage|p2a: Clefable|0 fnt\n|faint|p2a: Clefable\n|\n|upkeep\n|c|\u2606fartsniffa25|bro\n|\n|t:|1700646761\n|switch|p2a: Glimmora|Glimmora, M|100\/100\n|turn|2\n|\n|t:|1700646765\n|move|p2a: Glimmora|Spiky Shield|p2a: Glimmora\n|-singleturn|p2a: Glimmora|move: Protect\n|move|p1a: Zacian|Behemoth Blade|p2a: Glimmora\n|-activate|p2a: Glimmora|move: Protect\n|-damage|p1a: Zacian|88\/100|[from] Spiky Shield|[of] p2a: Glimmora\n|\n|upkeep\n|turn|3\n|\n|t:|1700646776\n|move|p1a: Zacian|Behemoth Blade|p2a: Glimmora\n|-supereffective|p2a: Glimmora\n|-enditem|p2a: Glimmora|Focus Sash\n|-damage|p2a: Glimmora|1\/100\n|-activate|p2a: Glimmora|ability: Toxic Debris\n|-sidestart|p1: randompredicaments|move: Toxic Spikes\n|move|p2a: Glimmora|Stealth Rock|p1a: Zacian\n|-sidestart|p1: randompredicaments|move: Stealth Rock\n|\n|upkeep\n|turn|4\n|\n|t:|1700646787\n|move|p2a: Glimmora|Spiky Shield|p2a: Glimmora\n|-singleturn|p2a: Glimmora|move: Protect\n|move|p1a: Zacian|Quick Attack|p2a: Glimmora\n|-activate|p2a: Glimmora|move: Protect\n|-damage|p1a: Zacian|76\/100|[from] Spiky Shield|[of] p2a: Glimmora\n|\n|upkeep\n|turn|5\n|\n|t:|1700646807\n|move|p2a: Glimmora|Spiky Shield||[still]\n|-fail|p2a: Glimmora\n|move|p1a: Zacian|Behemoth Blade|p2a: Glimmora\n|-supereffective|p2a: Glimmora\n|-damage|p2a: Glimmora|0 fnt\n|-activate|p2a: Glimmora|ability: Toxic Debris\n|-sidestart|p1: randompredicaments|move: Toxic Spikes\n|faint|p2a: Glimmora\n|\n|upkeep\n|\n|t:|1700646820\n|switch|p2a: Ribombee|Ribombee, M|100\/100\n|turn|6\n|\n|t:|1700646826\n|move|p1a: Zacian|Behemoth Blade|p2a: Ribombee\n|-supereffective|p2a: Ribombee\n|-enditem|p2a: Ribombee|Focus Sash\n|-damage|p2a: Ribombee|1\/100\n|move|p2a: Ribombee|Stun Spore|p1a: Zacian|[miss]\n|-miss|p2a: Ribombee|p1a: Zacian\n|\n|upkeep\n|turn|7\n|\n|t:|1700646834\n|move|p1a: Zacian|Quick Attack|p2a: Ribombee\n|-damage|p2a: Ribombee|0 fnt\n|faint|p2a: Ribombee\n|\n|upkeep\n|\n|t:|1700646839\n|switch|p2a: Finizen|Finizen, F|100\/100\n|turn|8\n|\n|t:|1700646846\n|move|p2a: Finizen|Aqua Jet|p1a: Zacian\n|-damage|p1a: Zacian|65\/100\n|move|p1a: Zacian|Behemoth Blade|p2a: Finizen\n|-resisted|p2a: Finizen\n|-damage|p2a: Finizen|27\/100\n|\n|upkeep\n|turn|9\n|\n|t:|1700646854\n|move|p2a: Finizen|Aqua Jet|p1a: Zacian\n|-damage|p1a: Zacian|54\/100\n|move|p1a: Zacian|Behemoth Blade|p2a: Finizen\n|-resisted|p2a: Finizen\n|-damage|p2a: Finizen|0 fnt\n|faint|p2a: Finizen\n|\n|upkeep\n|\n|t:|1700646861\n|switch|p2a: Scizor|Scizor, M|100\/100\n|turn|10\n|\n|t:|1700646867\n|move|p2a: Scizor|Bullet Punch|p1a: Zacian\n|-damage|p1a: Zacian|31\/100\n|move|p1a: Zacian|Crunch|p2a: Scizor\n|-damage|p2a: Scizor|68\/100\n|-unboost|p2a: Scizor|def|1\n|\n|upkeep\n|turn|11\n|\n|t:|1700646877\n|move|p1a: Zacian|Crunch|p2a: Scizor\n|-damage|p2a: Scizor|21\/100\n|move|p2a: Scizor|Swords Dance|p2a: Scizor\n|-boost|p2a: Scizor|atk|2\n|\n|upkeep\n|turn|12\n|\n|t:|1700646881\n|move|p2a: Scizor|Bullet Punch|p1a: Zacian\n|-damage|p1a: Zacian|0 fnt\n|faint|p1a: Zacian\n|\n|upkeep\n|\n|t:|1700646886\n|switch|p1a: Zacian|Zacian-Crowned|100\/100\n|-damage|p1a: Zacian|94\/100|[from] Stealth Rock\n|-ability|p1a: Zacian|Intrepid Sword|boost\n|-boost|p1a: Zacian|atk|1\n|turn|13\n|\n|t:|1700646891\n|move|p2a: Scizor|Bullet Punch|p1a: Zacian\n|-damage|p1a: Zacian|44\/100\n|move|p1a: Zacian|Crunch|p2a: Scizor\n|-damage|p2a: Scizor|0 fnt\n|faint|p2a: Scizor\n|\n|upkeep\n|\n|t:|1700646898\n|switch|p2a: Gliscor|Gliscor, M|100\/100\n|turn|14\n|\n|t:|1700646908\n|move|p1a: Zacian|Crunch|p2a: Gliscor\n|-damage|p2a: Gliscor|74\/100\n|-unboost|p2a: Gliscor|def|1\n|move|p2a: Gliscor|Agility|p2a: Gliscor\n|-boost|p2a: Gliscor|spe|2\n|\n|-status|p2a: Gliscor|tox|[from] item: Toxic Orb\n|upkeep\n|turn|15\n|\n|t:|1700646914\n|move|p1a: Zacian|Quick Attack|p2a: Gliscor\n|-damage|p2a: Gliscor|53\/100 tox\n|move|p2a: Gliscor|Swords Dance|p2a: Gliscor\n|-boost|p2a: Gliscor|atk|2\n|\n|-heal|p2a: Gliscor|66\/100 tox|[from] ability: Poison Heal\n|upkeep\n|turn|16\n|\n|t:|1700646919\n|move|p2a: Gliscor|Protect|p2a: Gliscor\n|-singleturn|p2a: Gliscor|Protect\n|move|p1a: Zacian|Crunch|p2a: Gliscor\n|-activate|p2a: Gliscor|move: Protect\n|\n|-heal|p2a: Gliscor|78\/100 tox|[from] ability: Poison Heal\n|upkeep\n|turn|17\n|\n|t:|1700646927\n|move|p2a: Gliscor|Protect||[still]\n|-fail|p2a: Gliscor\n|move|p1a: Zacian|Crunch|p2a: Gliscor\n|-damage|p2a: Gliscor|33\/100 tox\n|\n|-heal|p2a: Gliscor|46\/100 tox|[from] ability: Poison Heal\n|upkeep\n|turn|18\n|\n|t:|1700646932\n|move|p2a: Gliscor|Protect|p2a: Gliscor\n|-singleturn|p2a: Gliscor|Protect\n|move|p1a: Zacian|Quick Attack|p2a: Gliscor\n|-activate|p2a: Gliscor|move: Protect\n|\n|-heal|p2a: Gliscor|58\/100 tox|[from] ability: Poison Heal\n|upkeep\n|turn|19\n|inactive|fartsniffa25 has 120 seconds left.\n|\n|t:|1700646965\n|move|p2a: Gliscor|Protect||[still]\n|-fail|p2a: Gliscor\n|move|p1a: Zacian|Quick Attack|p2a: Gliscor\n|-damage|p2a: Gliscor|36\/100 tox\n|\n|-heal|p2a: Gliscor|48\/100 tox|[from] ability: Poison Heal\n|upkeep\n|turn|20\n|\n|t:|1700646978\n|switch|p1a: Zacian|Zacian-Crowned|100\/100\n|-damage|p1a: Zacian|94\/100|[from] Stealth Rock\n|-ability|p1a: Zacian|Intrepid Sword|boost\n|-boost|p1a: Zacian|atk|1\n|move|p2a: Gliscor|Protect||[still]\n|-fail|p2a: Gliscor\n|\n|-heal|p2a: Gliscor|61\/100 tox|[from] ability: Poison Heal\n|upkeep\n|turn|21\n|inactive|fartsniffa25 has 120 seconds left.\n|\n|t:|1700647008\n|move|p2a: Gliscor|Protect|p2a: Gliscor\n|-singleturn|p2a: Gliscor|Protect\n|move|p1a: Zacian|Swords Dance|p1a: Zacian\n|-boost|p1a: Zacian|atk|2\n|\n|-heal|p2a: Gliscor|73\/100 tox|[from] ability: Poison Heal\n|upkeep\n|turn|22\n|inactive|fartsniffa25 has 90 seconds left.\n|\n|t:|1700647044\n|move|p2a: Gliscor|Protect|p2a: Gliscor\n|-singleturn|p2a: Gliscor|Protect\n|move|p1a: Zacian|Swords Dance|p1a: Zacian\n|-boost|p1a: Zacian|atk|2\n|\n|-heal|p2a: Gliscor|86\/100 tox|[from] ability: Poison Heal\n|upkeep\n|turn|23\n|\n|t:|1700647066\n|move|p2a: Gliscor|Protect||[still]\n|-fail|p2a: Gliscor\n|move|p1a: Zacian|Quick Attack|p2a: Gliscor\n|-damage|p2a: Gliscor|40\/100 tox\n|\n|-heal|p2a: Gliscor|53\/100 tox|[from] ability: Poison Heal\n|upkeep\n|turn|24\n|inactive|fartsniffa25 has 90 seconds left.\n|\n|t:|1700647084\n|move|p2a: Gliscor|Protect|p2a: Gliscor\n|-singleturn|p2a: Gliscor|Protect\n|move|p1a: Zacian|Play Rough|p2a: Gliscor\n|-activate|p2a: Gliscor|move: Protect\n|\n|-heal|p2a: Gliscor|65\/100 tox|[from] ability: Poison Heal\n|upkeep\n|turn|25\n|c|\u2606fartsniffa25|pls forfeit\n|inactive|fartsniffa25 has 90 seconds left.\n|c|\u2606fartsniffa25|show mercy for the weak\n|\n|t:|1700647107\n|move|p2a: Gliscor|Protect||[still]\n|-fail|p2a: Gliscor\n|move|p1a: Zacian|Swords Dance|p1a: Zacian\n|-boost|p1a: Zacian|atk|1\n|\n|-heal|p2a: Gliscor|78\/100 tox|[from] ability: Poison Heal\n|upkeep\n|turn|26\n|inactive|randompredicaments has 120 seconds left.\n|inactive|fartsniffa25 has 60 seconds left.\n|\n|t:|1700647155\n|move|p2a: Gliscor|Protect|p2a: Gliscor\n|-singleturn|p2a: Gliscor|Protect\n|move|p1a: Zacian|Quick Attack|p2a: Gliscor\n|-activate|p2a: Gliscor|move: Protect\n|\n|-heal|p2a: Gliscor|90\/100 tox|[from] ability: Poison Heal\n|upkeep\n|turn|27\n|n|\u2606randompredicaments|randompredicaments\n|inactive|randompredicaments has 120 seconds left.\n|inactive|fartsniffa25 has 30 seconds left.\n|inactive|fartsniffa25 has 20 seconds left.\n|\n|t:|1700647189\n|move|p2a: Gliscor|Protect||[still]\n|-fail|p2a: Gliscor\n|move|p1a: Zacian|Quick Attack|p2a: Gliscor\n|-damage|p2a: Gliscor|39\/100 tox\n|\n|-heal|p2a: Gliscor|52\/100 tox|[from] ability: Poison Heal\n|upkeep\n|turn|28\n|inactive|fartsniffa25 has 30 seconds left this turn.\n|c|\u2606randompredicaments|what are you trying to do?\n|inactive|fartsniffa25 has 20 seconds left.\n|c|\u2606fartsniffa25|waste your time till you forfeit\n|\n|t:|1700647202\n|move|p2a: Gliscor|Protect|p2a: Gliscor\n|-singleturn|p2a: Gliscor|Protect\n|move|p1a: Zacian|Quick Attack|p2a: Gliscor\n|-activate|p2a: Gliscor|move: Protect\n|\n|-heal|p2a: Gliscor|64\/100 tox|[from] ability: Poison Heal\n|upkeep\n|turn|29\n|inactive|fartsniffa25 has 30 seconds left this turn.\n|\n|t:|1700647211\n|move|p1a: Zacian|Quick Attack|p2a: Gliscor\n|-damage|p2a: Gliscor|8\/100 tox\n|move|p2a: Gliscor|Baton Pass||[still]\n|-fail|p2a: Gliscor\n|\n|-heal|p2a: Gliscor|20\/100 tox|[from] ability: Poison Heal\n|upkeep\n|turn|30\n|c|\u2606randompredicaments|i have all day\n|inactive|randompredicaments has 120 seconds left.\n|inactive|fartsniffa25 has 30 seconds left.\n|\n|t:|1700647221\n|move|p2a: Gliscor|Protect|p2a: Gliscor\n|-singleturn|p2a: Gliscor|Protect\n|move|p1a: Zacian|Swords Dance|p1a: Zacian\n|-boost|p1a: Zacian|atk|0\n|\n|-heal|p2a: Gliscor|33\/100 tox|[from] ability: Poison Heal\n|upkeep\n|turn|31\n|c|\u2606fartsniffa25|pls have mercy :(\n|\n|t:|1700647231\n|move|p2a: Gliscor|Protect|p2a: Gliscor\n|-singleturn|p2a: Gliscor|Protect\n|move|p1a: Zacian|Swords Dance|p1a: Zacian\n|-boost|p1a: Zacian|atk|0\n|\n|-heal|p2a: Gliscor|45\/100 tox|[from] ability: Poison Heal\n|upkeep\n|turn|32\n|c|\u2606randompredicaments|to be frank i'd like to see what you'd do with no protect pp\n|inactive|randompredicaments has 120 seconds left.\n|inactive|fartsniffa25 has 30 seconds left.\n|inactive|fartsniffa25 has 20 seconds left.\n|inactive|fartsniffa25 has 15 seconds left.\n|\n|t:|1700647261\n|move|p2a: Gliscor|Protect||[still]\n|-fail|p2a: Gliscor\n|move|p1a: Zacian|Swords Dance|p1a: Zacian\n|-boost|p1a: Zacian|atk|0\n|\n|-heal|p2a: Gliscor|58\/100 tox|[from] ability: Poison Heal\n|upkeep\n|turn|33\n|inactive|fartsniffa25 has 25 seconds left this turn.\n|inactive|fartsniffa25 has 20 seconds left.\n|c|\u2606fartsniffa25|NOOOO\n|\n|t:|1700647271\n|move|p1a: Zacian|Quick Attack|p2a: Gliscor\n|-damage|p2a: Gliscor|0 fnt\n|faint|p2a: Gliscor\n|\n|win|randompredicaments\n|inactive|fartsniffa25 has 25 seconds left this turn.\n|raw|randompredicaments's rating: 1242 &rarr; <strong>1273<\/strong><br \/>(+31 for winning)\n|raw|fartsniffa25's rating: 1322 &rarr; <strong>1297<\/strong><br \/>(-25 for losing)\n","uploadtime":1700646746,"views":1,"p1id":"randompredicaments","p2id":"fartsniffa25","formatid":"gen9anythinggoes","rating":1273,"private":0,"password":""}