{"id":"gen9anythinggoes-1984500250","p1":"Mac Moist","p2":"oOo Spume oOo","format":"[Gen 9] Anything Goes","log":"|j|\u2606Mac Moist\n|j|\u2606oOo Spume oOo\n|t:|1699273110\n|gametype|singles\n|player|p1|Mac Moist|pokemaniac|1493\n|player|p2|oOo Spume oOo|evelyn|1402\n|teamsize|p1|6\n|teamsize|p2|6\n|gen|9\n|tier|[Gen 9] Anything Goes\n|rated|\n|rule|HP Percentage Mod: HP is shown in percentages\n|rule|Endless Battle Clause: Forcing endless battles is banned\n|clearpoke\n|poke|p1|Ting-Lu|\n|poke|p1|Eternatus|\n|poke|p1|Dondozo, F|\n|poke|p1|Giratina-Origin|\n|poke|p1|Kyogre|\n|poke|p1|Gliscor, F|\n|poke|p2|Ditto|\n|poke|p2|Wooper-Paldea, M|\n|poke|p2|Clodsire, M|\n|poke|p2|Arceus|\n|poke|p2|Eternatus|\n|poke|p2|Calyrex-Shadow|\n|teampreview\n|inactive|Battle timer is ON: inactive players will automatically lose when time's up. (requested by oOo Spume oOo)\n|\n|t:|1699273141\n|start\n|switch|p1a: Gliscor|Gliscor, F|100\/100\n|switch|p2a: Wooper|Wooper-Paldea, M, shiny|100\/100\n|turn|1\n|\n|t:|1699273151\n|move|p1a: Gliscor|Spikes|p2a: Wooper\n|-sidestart|p2: oOo Spume oOo|Spikes\n|move|p2a: Wooper|Spikes|p1a: Gliscor\n|-sidestart|p1: Mac Moist|Spikes\n|\n|-status|p1a: Gliscor|tox|[from] item: Toxic Orb\n|upkeep\n|turn|2\n|\n|t:|1699273157\n|move|p1a: Gliscor|Knock Off|p2a: Wooper\n|-damage|p2a: Wooper|73\/100\n|-enditem|p2a: Wooper|Eviolite|[from] move: Knock Off|[of] p1a: Gliscor\n|move|p2a: Wooper|Spikes|p1a: Gliscor\n|-sidestart|p1: Mac Moist|Spikes\n|\n|upkeep\n|turn|3\n|\n|t:|1699273163\n|move|p1a: Gliscor|Spikes|p2a: Wooper\n|-sidestart|p2: oOo Spume oOo|Spikes\n|move|p2a: Wooper|Spikes|p1a: Gliscor\n|-sidestart|p1: Mac Moist|Spikes\n|\n|upkeep\n|turn|4\n|\n|t:|1699273173\n|move|p1a: Gliscor|Spikes|p2a: Wooper\n|-sidestart|p2: oOo Spume oOo|Spikes\n|move|p2a: Wooper|Toxic Spikes|p1a: Gliscor\n|-sidestart|p1: Mac Moist|move: Toxic Spikes\n|\n|upkeep\n|turn|5\n|\n|t:|1699273181\n|switch|p2a: Clod|Clodsire, M, shiny|100\/100\n|-damage|p2a: Clod|75\/100|[from] Spikes\n|move|p1a: Gliscor|Stealth Rock|p2a: Clod\n|-sidestart|p2: oOo Spume oOo|move: Stealth Rock\n|\n|-heal|p2a: Clod|82\/100|[from] item: Leftovers\n|upkeep\n|turn|6\n|\n|t:|1699273189\n|move|p1a: Gliscor|Knock Off|p2a: Clod\n|-damage|p2a: Clod|65\/100\n|-enditem|p2a: Clod|Leftovers|[from] move: Knock Off|[of] p1a: Gliscor\n|move|p2a: Clod|Stealth Rock|p1a: Gliscor\n|-sidestart|p1: Mac Moist|move: Stealth Rock\n|\n|upkeep\n|turn|7\n|\n|t:|1699273211\n|switch|p1a: Eternatus|Eternatus|100\/100\n|-damage|p1a: Eternatus|76\/100|[from] Spikes\n|-sideend|p1: Mac Moist|move: Toxic Spikes|[of] p1a: Eternatus\n|-damage|p1a: Eternatus|63\/100|[from] Stealth Rock\n|-ability|p1a: Eternatus|Pressure\n|move|p2a: Clod|Recover|p2a: Clod\n|-heal|p2a: Clod|100\/100\n|\n|-heal|p1a: Eternatus|69\/100|[from] item: Leftovers\n|upkeep\n|turn|8\n|\n|t:|1699273223\n|move|p1a: Eternatus|Cosmic Power|p1a: Eternatus\n|-boost|p1a: Eternatus|def|1\n|-boost|p1a: Eternatus|spd|1\n|move|p2a: Clod|Earthquake|p1a: Eternatus\n|-supereffective|p1a: Eternatus\n|-damage|p1a: Eternatus|29\/100\n|\n|-heal|p1a: Eternatus|35\/100|[from] item: Leftovers\n|upkeep\n|turn|9\n|\n|t:|1699273233\n|-terastallize|p1a: Eternatus|Fairy\n|move|p1a: Eternatus|Cosmic Power|p1a: Eternatus\n|-boost|p1a: Eternatus|def|1\n|-boost|p1a: Eternatus|spd|1\n|move|p2a: Clod|Earthquake|p1a: Eternatus\n|-damage|p1a: Eternatus|15\/100\n|\n|-heal|p1a: Eternatus|21\/100|[from] item: Leftovers\n|upkeep\n|turn|10\n|\n|t:|1699273241\n|move|p1a: Eternatus|Recover|p1a: Eternatus\n|-heal|p1a: Eternatus|71\/100\n|move|p2a: Clod|Yawn|p1a: Eternatus\n|-start|p1a: Eternatus|move: Yawn|[of] p2a: Clod\n|\n|-heal|p1a: Eternatus|78\/100|[from] item: Leftovers\n|upkeep\n|turn|11\n|\n|t:|1699273249\n|switch|p2a: God ?|Arceus, shiny|100\/100\n|-damage|p2a: God ?|75\/100|[from] Spikes\n|-damage|p2a: God ?|63\/100|[from] Stealth Rock\n|move|p1a: Eternatus|Dragon Tail|p2a: God ?\n|-damage|p2a: God ?|53\/100\n|drag|p2a: Le Grapin|Eternatus, shiny|100\/100\n|-damage|p2a: Le Grapin|76\/100|[from] Spikes\n|-damage|p2a: Le Grapin|63\/100|[from] Stealth Rock\n|-ability|p2a: Le Grapin|Pressure\n|\n|-heal|p2a: Le Grapin|69\/100|[from] item: Leftovers\n|-heal|p1a: Eternatus|84\/100|[from] item: Leftovers\n|-end|p1a: Eternatus|move: Yawn|[silent]\n|-status|p1a: Eternatus|slp\n|upkeep\n|turn|12\n|\n|t:|1699273264\n|move|p2a: Le Grapin|Sludge Bomb|p1a: Eternatus\n|-supereffective|p1a: Eternatus\n|-damage|p1a: Eternatus|48\/100 slp\n|cant|p1a: Eternatus|slp\n|\n|-heal|p2a: Le Grapin|76\/100|[from] item: Leftovers\n|-heal|p1a: Eternatus|54\/100 slp|[from] item: Leftovers\n|upkeep\n|turn|13\n|\n|t:|1699273272\n|move|p2a: Le Grapin|Sludge Bomb|p1a: Eternatus\n|-supereffective|p1a: Eternatus\n|-damage|p1a: Eternatus|23\/100 slp\n|cant|p1a: Eternatus|slp\n|\n|-heal|p2a: Le Grapin|82\/100|[from] item: Leftovers\n|-heal|p1a: Eternatus|29\/100 slp|[from] item: Leftovers\n|upkeep\n|turn|14\n|\n|t:|1699273280\n|move|p2a: Le Grapin|Sludge Bomb|p1a: Eternatus\n|-supereffective|p1a: Eternatus\n|-damage|p1a: Eternatus|0 fnt\n|faint|p1a: Eternatus\n|\n|-heal|p2a: Le Grapin|88\/100|[from] item: Leftovers\n|upkeep\n|\n|t:|1699273291\n|switch|p1a: Ting-Lu|Ting-Lu|100\/100\n|-damage|p1a: Ting-Lu|76\/100|[from] Spikes\n|-damage|p1a: Ting-Lu|69\/100|[from] Stealth Rock\n|-ability|p1a: Ting-Lu|Vessel of Ruin\n|turn|15\n|\n|t:|1699273300\n|move|p2a: Le Grapin|Dynamax Cannon|p1a: Ting-Lu\n|-damage|p1a: Ting-Lu|44\/100\n|move|p1a: Ting-Lu|Whirlwind|p2a: Le Grapin\n|drag|p2a: Wooper|Wooper-Paldea, M, shiny|73\/100\n|-damage|p2a: Wooper|48\/100|[from] Spikes\n|-damage|p2a: Wooper|42\/100|[from] Stealth Rock\n|\n|-heal|p1a: Ting-Lu|50\/100|[from] item: Leftovers\n|upkeep\n|turn|16\n|\n|t:|1699273310\n|move|p2a: Wooper|Toxic Spikes|p1a: Ting-Lu\n|-sidestart|p1: Mac Moist|move: Toxic Spikes\n|move|p1a: Ting-Lu|Whirlwind|p2a: Wooper\n|drag|p2a: Blue|Ditto, shiny|100\/100\n|-damage|p2a: Blue|75\/100|[from] Spikes\n|-damage|p2a: Blue|63\/100|[from] Stealth Rock\n|-transform|p2a: Blue|p1a: Ting-Lu|[from] ability: Imposter\n|-ability|p2a: Blue|Vessel of Ruin\n|\n|-heal|p1a: Ting-Lu|56\/100|[from] item: Leftovers\n|upkeep\n|turn|17\n|\n|t:|1699273324\n|move|p2a: Blue|Whirlwind|p1a: Ting-Lu\n|drag|p1a: Giratina|Giratina-Origin|100\/100\n|-damage|p1a: Giratina|88\/100|[from] Stealth Rock\n|\n|upkeep\n|turn|18\n|\n|t:|1699273331\n|move|p1a: Giratina|Dragon Tail|p2a: Blue\n|-damage|p2a: Blue|38\/100\n|drag|p2a: Death|Calyrex-Shadow|100\/100\n|-ability|p2a: Death|As One\n|-ability|p2a: Death|Unnerve\n|-damage|p2a: Death|76\/100|[from] Spikes\n|-damage|p2a: Death|63\/100|[from] Stealth Rock\n|\n|upkeep\n|turn|19\n|\n|t:|1699273342\n|-terastallize|p2a: Death|Normal\n|move|p1a: Giratina|Shadow Sneak|p2a: Death\n|-immune|p2a: Death\n|move|p2a: Death|Astral Barrage|p1a: Giratina\n|-supereffective|p1a: Giratina\n|-damage|p1a: Giratina|9\/100\n|\n|upkeep\n|turn|20\n|\n|t:|1699273351\n|switch|p1a: Ting-Lu|Ting-Lu|56\/100\n|-damage|p1a: Ting-Lu|31\/100|[from] Spikes\n|-damage|p1a: Ting-Lu|25\/100|[from] Stealth Rock\n|-status|p1a: Ting-Lu|psn\n|-ability|p1a: Ting-Lu|Vessel of Ruin\n|move|p2a: Death|Astral Barrage|p1a: Ting-Lu\n|-resisted|p1a: Ting-Lu\n|-damage|p1a: Ting-Lu|7\/100 psn\n|\n|-heal|p1a: Ting-Lu|14\/100 psn|[from] item: Leftovers\n|-damage|p1a: Ting-Lu|1\/100 psn|[from] psn\n|upkeep\n|turn|21\n|\n|t:|1699273367\n|move|p2a: Death|Pollen Puff|p1a: Ting-Lu\n|-supereffective|p1a: Ting-Lu\n|-damage|p1a: Ting-Lu|0 fnt\n|faint|p1a: Ting-Lu\n|-ability|p2a: Death|Grim Neigh|boost\n|-boost|p2a: Death|spa|1\n|\n|upkeep\n|\n|t:|1699273379\n|switch|p1a: Dondozo|Dondozo, F|100\/100\n|-damage|p1a: Dondozo|76\/100|[from] Spikes\n|-damage|p1a: Dondozo|63\/100|[from] Stealth Rock\n|-status|p1a: Dondozo|psn\n|turn|22\n|\n|t:|1699273387\n|move|p2a: Death|Astral Barrage|p1a: Dondozo\n|-damage|p1a: Dondozo|0 fnt\n|faint|p1a: Dondozo\n|-ability|p2a: Death|Grim Neigh|boost\n|-boost|p2a: Death|spa|1\n|\n|upkeep\n|\n|t:|1699273394\n|switch|p1a: Kyogre|Kyogre|100\/100\n|-damage|p1a: Kyogre|75\/100|[from] Spikes\n|-damage|p1a: Kyogre|63\/100|[from] Stealth Rock\n|-status|p1a: Kyogre|psn\n|-weather|RainDance|[from] ability: Drizzle|[of] p1a: Kyogre\n|turn|23\n|\n|t:|1699273403\n|move|p2a: Death|Astral Barrage|p1a: Kyogre\n|-crit|p1a: Kyogre\n|-damage|p1a: Kyogre|0 fnt\n|faint|p1a: Kyogre\n|-ability|p2a: Death|Grim Neigh|boost\n|-boost|p2a: Death|spa|1\n|\n|-weather|RainDance|[upkeep]\n|upkeep\n|-message|Mac Moist forfeited.\n|\n|win|oOo Spume oOo\n|raw|Mac Moist's rating: 1493 &rarr; <strong>1468<\/strong><br \/>(-25 for losing)\n|raw|oOo Spume oOo's rating: 1402 &rarr; <strong>1427<\/strong><br \/>(+25 for winning)\n|l|\u2606Mac Moist\n","uploadtime":1699273421,"views":4,"p1id":"macmoist","p2id":"ooospumeooo","formatid":"gen9anythinggoes","rating":1427,"private":0,"password":""}