{"id":"gen9anythinggoes-1996322766","p1":"Murilot_15","p2":"Luigi3641","format":"[Gen 9] Anything Goes","log":"|j|\u2606Murilot_15\n|j|\u2606Luigi3641\n|t:|1700671071\n|gametype|singles\n|player|p1|Murilot_15|blackbelt-gen4dp|1193\n|player|p2|Luigi3641|juggler|1321\n|teamsize|p1|6\n|teamsize|p2|6\n|gen|9\n|tier|[Gen 9] Anything Goes\n|rated|\n|rule|HP Percentage Mod: HP is shown in percentages\n|rule|Endless Battle Clause: Forcing endless battles is banned\n|clearpoke\n|poke|p1|Zacian-*|\n|poke|p1|Calyrex-Shadow|\n|poke|p1|Drifblim, M|\n|poke|p1|Rayquaza|\n|poke|p1|Mewtwo|\n|poke|p1|Crawdaunt, F|\n|poke|p2|Ogerpon-Hearthflame, F|\n|poke|p2|Koraidon|\n|poke|p2|Dialga-Origin|\n|poke|p2|Annihilape, M|\n|poke|p2|Roaring Moon|\n|poke|p2|Arceus|\n|teampreview\n|c|\u2606Luigi3641|Glhf\n|\n|t:|1700671091\n|start\n|switch|p1a: Drifblim|Drifblim, M, shiny|100\/100\n|switch|p2a: Roaring Moon|Roaring Moon|100\/100\n|turn|1\n|\n|t:|1700671095\n|move|p2a: Roaring Moon|Knock Off|p1a: Drifblim\n|-supereffective|p1a: Drifblim\n|-damage|p1a: Drifblim|0 fnt\n|-damage|p2a: Roaring Moon|75\/100|[from] ability: Aftermath|[of] p1a: Drifblim\n|-enditem|p1a: Drifblim|Leftovers|[from] move: Knock Off|[of] p2a: Roaring Moon\n|faint|p1a: Drifblim\n|\n|upkeep\n|\n|t:|1700671104\n|switch|p1a: Zacian|Zacian-Crowned, shiny|100\/100\n|-ability|p1a: Zacian|Intrepid Sword|boost\n|-boost|p1a: Zacian|atk|1\n|turn|2\n|\n|t:|1700671111\n|-end|p2a: Roaring Moon|Protosynthesis|[silent]\n|switch|p2a: Dialga|Dialga-Origin|100\/100\n|-ability|p2a: Dialga|Pressure\n|move|p1a: Zacian|Sacred Sword|p2a: Dialga\n|-supereffective|p2a: Dialga\n|-damage|p2a: Dialga|16\/100\n|\n|upkeep\n|turn|3\n|\n|t:|1700671114\n|move|p1a: Zacian|Sacred Sword|p2a: Dialga\n|-supereffective|p2a: Dialga\n|-damage|p2a: Dialga|0 fnt\n|faint|p2a: Dialga\n|\n|upkeep\n|\n|t:|1700671130\n|switch|p2a: Koraidon|Koraidon|100\/100\n|-weather|SunnyDay|[from] ability: Orichalcum Pulse|[of] p2a: Koraidon\n|-activate|p2a: Koraidon|Orichalcum Pulse|[source]\n|turn|4\n|\n|t:|1700671142\n|move|p2a: Koraidon|Flare Blitz|p1a: Zacian\n|-supereffective|p1a: Zacian\n|-damage|p1a: Zacian|0 fnt\n|faint|p1a: Zacian\n|-damage|p2a: Koraidon|67\/100|[from] Recoil\n|\n|-weather|SunnyDay|[upkeep]\n|upkeep\n|\n|t:|1700671146\n|switch|p1a: Calyrex|Calyrex-Shadow|100\/100\n|-ability|p1a: Calyrex|As One\n|-ability|p1a: Calyrex|Unnerve\n|turn|5\n|\n|t:|1700671148\n|move|p1a: Calyrex|Shadow Ball|p2a: Koraidon\n|-damage|p2a: Koraidon|4\/100\n|-damage|p1a: Calyrex|91\/100|[from] item: Life Orb\n|move|p2a: Koraidon|Flare Blitz|p1a: Calyrex\n|-damage|p1a: Calyrex|0 fnt\n|faint|p1a: Calyrex\n|-damage|p2a: Koraidon|0 fnt|[from] Recoil\n|faint|p2a: Koraidon\n|\n|-weather|SunnyDay|[upkeep]\n|upkeep\n|\n|t:|1700671153\n|switch|p1a: Crawdaunt|Crawdaunt, F, shiny|100\/100\n|switch|p2a: Roaring Moon|Roaring Moon|75\/100\n|-activate|p2a: Roaring Moon|ability: Protosynthesis\n|-start|p2a: Roaring Moon|protosynthesisspe\n|turn|6\n|\n|t:|1700671162\n|move|p2a: Roaring Moon|Dragon Claw|p1a: Crawdaunt\n|-damage|p1a: Crawdaunt|7\/100\n|move|p1a: Crawdaunt|Swords Dance|p1a: Crawdaunt\n|-boost|p1a: Crawdaunt|atk|2\n|\n|-weather|SunnyDay|[upkeep]\n|upkeep\n|turn|7\n|\n|t:|1700671165\n|move|p1a: Crawdaunt|Aqua Jet|p2a: Roaring Moon\n|-resisted|p2a: Roaring Moon\n|-damage|p2a: Roaring Moon|54\/100\n|-damage|p1a: Crawdaunt|0 fnt|[from] item: Life Orb\n|faint|p1a: Crawdaunt\n|move|p2a: Roaring Moon|Dragon Claw|p1: Crawdaunt|[notarget]\n|-fail|p2a: Roaring Moon\n|\n|-weather|SunnyDay|[upkeep]\n|upkeep\n|\n|t:|1700671168\n|switch|p1a: Rayquaza|Rayquaza, shiny|100\/100\n|-ability|p1a: Rayquaza|Air Lock\n|-end|p2a: Roaring Moon|Protosynthesis\n|turn|8\n|\n|t:|1700671172\n|move|p2a: Roaring Moon|Dragon Claw|p1a: Rayquaza\n|-supereffective|p1a: Rayquaza\n|-damage|p1a: Rayquaza|0 fnt\n|faint|p1a: Rayquaza\n|\n|-weather|none\n|upkeep\n|\n|t:|1700671173\n|switch|p1a: Mewtwo|Mewtwo, shiny|100\/100\n|-ability|p1a: Mewtwo|Unnerve\n|turn|9\n|\n|t:|1700671176\n|move|p2a: Roaring Moon|Dragon Claw|p1a: Mewtwo\n|-damage|p1a: Mewtwo|31\/100\n|move|p1a: Mewtwo|Aura Sphere|p2a: Roaring Moon\n|-supereffective|p2a: Roaring Moon\n|-damage|p2a: Roaring Moon|0 fnt\n|faint|p2a: Roaring Moon\n|-end|p2a: Roaring Moon|Protosynthesis|[silent]\n|-damage|p1a: Mewtwo|21\/100|[from] item: Life Orb\n|\n|upkeep\n|\n|t:|1700671181\n|switch|p2a: Arceus|Arceus|100\/100\n|turn|10\n|\n|t:|1700671184\n|move|p2a: Arceus|Extreme Speed|p1a: Mewtwo\n|-damage|p1a: Mewtwo|0 fnt\n|faint|p1a: Mewtwo\n|\n|win|Luigi3641\n|raw|Murilot_15's rating: 1193 &rarr; <strong>1177<\/strong><br \/>(-16 for losing)\n|raw|Luigi3641's rating: 1321 &rarr; <strong>1334<\/strong><br \/>(+13 for winning)\n|l|\u2606Murilot_15\n|c|\u2606Luigi3641|gg\n","uploadtime":1700671195,"views":0,"p1id":"murilot15","p2id":"luigi3641","formatid":"gen9anythinggoes","rating":1177,"private":0,"password":""}