{"id":"gen9anythinggoes-1978924837","p1":"Nrox","p2":"xxxlaniusxxx","format":"[Gen 9] Anything Goes","log":"|j|\u2606Nrox\n|j|\u2606xxxlaniusxxx\n|t:|1698610869\n|gametype|singles\n|player|p1|Nrox|n|\n|player|p2|xxxlaniusxxx|psychic-gen4|\n|teamsize|p1|6\n|teamsize|p2|6\n|gen|9\n|tier|[Gen 9] Anything Goes\n|rule|HP Percentage Mod: HP is shown in percentages\n|rule|Endless Battle Clause: Forcing endless battles is banned\n|clearpoke\n|poke|p1|Clefable, M|\n|poke|p1|Donphan, M|\n|poke|p1|Zapdos|\n|poke|p1|Hariyama, F|\n|poke|p1|Grafaiai, F|\n|poke|p1|Garganacl, F|\n|poke|p2|Scizor, F|\n|poke|p2|Dragapult, M|\n|poke|p2|Arcanine, F|\n|poke|p2|Arboliva, M|\n|poke|p2|Umbreon, M|\n|poke|p2|Fezandipiti, M|\n|teampreview\n|\n|t:|1698610992\n|start\n|switch|p1a: Grafaiai|Grafaiai, F|100\/100\n|switch|p2a: Tr\u00f6nuber|Fezandipiti, M|100\/100\n|turn|1\n|\n|t:|1698611040\n|move|p1a: Grafaiai|Knock Off|p2a: Tr\u00f6nuber\n|-resisted|p2a: Tr\u00f6nuber\n|-damage|p2a: Tr\u00f6nuber|85\/100\n|-enditem|p2a: Tr\u00f6nuber|Black Sludge|[from] move: Knock Off|[of] p1a: Grafaiai\n|move|p2a: Tr\u00f6nuber|Gunk Shot|p1a: Grafaiai|[miss]\n|-miss|p2a: Tr\u00f6nuber|p1a: Grafaiai\n|\n|upkeep\n|turn|2\n|\n|t:|1698611062\n|move|p1a: Grafaiai|Super Fang|p2a: Tr\u00f6nuber|[miss]\n|-miss|p1a: Grafaiai|p2a: Tr\u00f6nuber\n|move|p2a: Tr\u00f6nuber|U-turn|p1a: Grafaiai\n|-resisted|p1a: Grafaiai\n|-damage|p1a: Grafaiai|88\/100\n|\n|t:|1698611071\n|switch|p2a: Bl\u00e1ber|Dragapult, M|100\/100|[from] U-turn\n|\n|upkeep\n|turn|3\n|\n|t:|1698611091\n|move|p1a: Grafaiai|Toxic|p2a: Bl\u00e1ber\n|-status|p2a: Bl\u00e1ber|tox\n|move|p2a: Bl\u00e1ber|U-turn|p1a: Grafaiai\n|-resisted|p1a: Grafaiai\n|-damage|p1a: Grafaiai|72\/100\n|\n|t:|1698611100\n|switch|p2a: Tr\u00f6nuber|Fezandipiti, M|85\/100|[from] U-turn\n|\n|upkeep\n|turn|4\n|\n|t:|1698611114\n|move|p1a: Grafaiai|Super Fang|p2a: Tr\u00f6nuber|[miss]\n|-miss|p1a: Grafaiai|p2a: Tr\u00f6nuber\n|move|p2a: Tr\u00f6nuber|Gunk Shot|p1a: Grafaiai\n|-resisted|p1a: Grafaiai\n|-damage|p1a: Grafaiai|39\/100\n|\n|upkeep\n|turn|5\n|\n|t:|1698611123\n|move|p1a: Grafaiai|Super Fang|p2a: Tr\u00f6nuber\n|-damage|p2a: Tr\u00f6nuber|43\/100\n|move|p2a: Tr\u00f6nuber|Roost|p2a: Tr\u00f6nuber\n|-heal|p2a: Tr\u00f6nuber|93\/100\n|-singleturn|p2a: Tr\u00f6nuber|move: Roost\n|\n|upkeep\n|turn|6\n|\n|t:|1698611130\n|move|p1a: Grafaiai|Parting Shot|p2a: Tr\u00f6nuber\n|-unboost|p2a: Tr\u00f6nuber|atk|1\n|-unboost|p2a: Tr\u00f6nuber|spa|1\n|\n|t:|1698611140\n|switch|p1a: Donphan|Donphan, M|100\/100|[from] Parting Shot\n|move|p2a: Tr\u00f6nuber|U-turn|p1a: Donphan\n|-damage|p1a: Donphan|95\/100\n|-damage|p2a: Tr\u00f6nuber|76\/100|[from] item: Rocky Helmet|[of] p1a: Donphan\n|\n|t:|1698611163\n|switch|p2a: Bl\u00e1ber|Dragapult, M|100\/100 tox|[from] U-turn\n|\n|-damage|p2a: Bl\u00e1ber|95\/100 tox|[from] psn\n|upkeep\n|turn|7\n|\n|t:|1698611175\n|switch|p1a: Clefable|Clefable, M|100\/100\n|move|p2a: Bl\u00e1ber|Surf|p1a: Clefable\n|-damage|p1a: Clefable|73\/100\n|\n|-damage|p2a: Bl\u00e1ber|83\/100 tox|[from] psn\n|upkeep\n|turn|8\n|\n|t:|1698611244\n|switch|p2a: Jar\u00f0arber|Arcanine, F|100\/100\n|-ability|p2a: Jar\u00f0arber|Intimidate|boost\n|-unboost|p1a: Clefable|atk|1\n|move|p1a: Clefable|Reflect|p1a: Clefable\n|-sidestart|p1: Nrox|Reflect\n|\n|upkeep\n|turn|9\n|\n|t:|1698611284\n|move|p2a: Jar\u00f0arber|Will-O-Wisp|p1a: Clefable\n|-status|p1a: Clefable|brn\n|move|p1a: Clefable|Wish|p1a: Clefable\n|\n|upkeep\n|turn|10\n|\n|t:|1698611297\n|move|p1a: Clefable|Light Screen|p1a: Clefable\n|-sidestart|p1: Nrox|move: Light Screen\n|move|p2a: Jar\u00f0arber|Roar|p1a: Clefable\n|drag|p1a: Garganacl|Garganacl, F|100\/100\n|\n|upkeep\n|turn|11\n|\n|t:|1698611316\n|switch|p2a: Pl\u00f3ma|Arboliva, M|100\/100\n|move|p1a: Garganacl|Salt Cure|p2a: Pl\u00f3ma\n|-damage|p2a: Pl\u00f3ma|90\/100\n|-start|p2a: Pl\u00f3ma|Salt Cure\n|\n|-damage|p2a: Pl\u00f3ma|78\/100|[from] Salt Cure\n|upkeep\n|turn|12\n|\n|t:|1698611363\n|switch|p1a: Grafaiai|Grafaiai, F|39\/100\n|move|p2a: Pl\u00f3ma|Giga Drain|p1a: Grafaiai\n|-resisted|p1a: Grafaiai\n|-crit|p1a: Grafaiai\n|-damage|p1a: Grafaiai|0 fnt\n|-heal|p2a: Pl\u00f3ma|92\/100|[from] drain|[of] p1a: Grafaiai\n|faint|p1a: Grafaiai\n|\n|-damage|p2a: Pl\u00f3ma|80\/100|[from] Salt Cure\n|upkeep\n|\n|t:|1698611384\n|switch|p1a: Zapdos|Zapdos|100\/100\n|turn|13\n|\n|t:|1698611419\n|switch|p2a: Br\u00f3mber|Umbreon, M|100\/100\n|move|p1a: Zapdos|Heat Wave|p2a: Br\u00f3mber\n|-damage|p2a: Br\u00f3mber|85\/100\n|\n|upkeep\n|turn|14\n|\n|t:|1698611450\n|move|p1a: Zapdos|Volt Switch|p2a: Br\u00f3mber\n|-damage|p2a: Br\u00f3mber|71\/100\n|\n|t:|1698611458\n|switch|p1a: Garganacl|Garganacl, F|100\/100|[from] Volt Switch\n|move|p2a: Br\u00f3mber|Wish|p2a: Br\u00f3mber\n|\n|upkeep\n|turn|15\n|\n|t:|1698611500\n|switch|p2a: Pl\u00f3ma|Arboliva, M|80\/100\n|move|p1a: Garganacl|Iron Defense|p1a: Garganacl\n|-boost|p1a: Garganacl|def|2\n|\n|-heal|p2a: Pl\u00f3ma|100\/100|[from] move: Wish|[wisher] Br\u00f3mber\n|-sideend|p1: Nrox|Reflect\n|upkeep\n|turn|16\n|\n|t:|1698611564\n|switch|p1a: Clefable|Clefable, M|73\/100 brn\n|move|p2a: Pl\u00f3ma|Leech Seed|p1a: Clefable\n|-start|p1a: Clefable|move: Leech Seed\n|\n|upkeep\n|turn|17\n|\n|t:|1698611594\n|switch|p2a: Hindberjum|Scizor, F|100\/100\n|move|p1a: Clefable|Wish|p1a: Clefable\n|\n|-sideend|p1: Nrox|move: Light Screen\n|upkeep\n|turn|18\n|\n|t:|1698611609\n|switch|p1a: Donphan|Donphan, M|95\/100\n|move|p2a: Hindberjum|Iron Head|p1a: Donphan\n|-crit|p1a: Donphan\n|-damage|p1a: Donphan|36\/100\n|-damage|p2a: Hindberjum|84\/100|[from] item: Rocky Helmet|[of] p1a: Donphan\n|\n|-heal|p1a: Donphan|87\/100|[from] move: Wish|[wisher] Clefable\n|upkeep\n|turn|19\n|\n|t:|1698611635\n|switch|p2a: Pl\u00f3ma|Arboliva, M|100\/100\n|move|p1a: Donphan|Stealth Rock|p2a: Pl\u00f3ma\n|-sidestart|p2: xxxlaniusxxx|move: Stealth Rock\n|\n|upkeep\n|turn|20\n|\n|t:|1698611646\n|switch|p1a: Clefable|Clefable, M|73\/100 brn\n|move|p2a: Pl\u00f3ma|Giga Drain|p1a: Clefable\n|-damage|p1a: Clefable|53\/100 brn\n|\n|upkeep\n|turn|21\n|\n|t:|1698611704\n|move|p1a: Clefable|Reflect|p1a: Clefable\n|-sidestart|p1: Nrox|Reflect\n|move|p2a: Pl\u00f3ma|Giga Drain|p1a: Clefable\n|-damage|p1a: Clefable|30\/100 brn\n|\n|upkeep\n|turn|22\n|\n|t:|1698611711\n|move|p1a: Clefable|Wish|p1a: Clefable\n|move|p2a: Pl\u00f3ma|Giga Drain|p1a: Clefable\n|-damage|p1a: Clefable|8\/100 brn\n|\n|upkeep\n|turn|23\n|\n|t:|1698611733\n|move|p1a: Clefable|Light Screen|p1a: Clefable\n|-sidestart|p1: Nrox|move: Light Screen\n|move|p2a: Pl\u00f3ma|Giga Drain|p1a: Clefable\n|-damage|p1a: Clefable|0 fnt\n|faint|p1a: Clefable\n|\n|upkeep\n|\n|t:|1698611756\n|switch|p1a: Hariyama|Hariyama, F, shiny|100\/100\n|turn|24\n|\n|t:|1698611845\n|-terastallize|p2a: Pl\u00f3ma|Water\n|move|p1a: Hariyama|Belly Drum|p1a: Hariyama\n|-damage|p1a: Hariyama|50\/100\n|-setboost|p1a: Hariyama|atk|6|[from] move: Belly Drum\n|-enditem|p1a: Hariyama|Sitrus Berry|[eat]\n|-heal|p1a: Hariyama|75\/100|[from] item: Sitrus Berry\n|move|p2a: Pl\u00f3ma|Earth Power|p1a: Hariyama\n|-damage|p1a: Hariyama|62\/100\n|\n|upkeep\n|turn|25\n|\n|t:|1698611896\n|switch|p2a: Jar\u00f0arber|Arcanine, F|100\/100\n|-damage|p2a: Jar\u00f0arber|76\/100|[from] Stealth Rock\n|-ability|p2a: Jar\u00f0arber|Intimidate|boost\n|-unboost|p1a: Hariyama|atk|1\n|move|p1a: Hariyama|Drain Punch|p2a: Jar\u00f0arber\n|-damage|p2a: Jar\u00f0arber|0 fnt\n|-heal|p1a: Hariyama|91\/100|[from] drain|[of] p2a: Jar\u00f0arber\n|faint|p2a: Jar\u00f0arber\n|\n|upkeep\n|\n|t:|1698611983\n|switch|p2a: Br\u00f3mber|Umbreon, M|71\/100\n|-damage|p2a: Br\u00f3mber|58\/100|[from] Stealth Rock\n|turn|26\n|\n|t:|1698611998\n|move|p2a: Br\u00f3mber|Protect|p2a: Br\u00f3mber\n|-singleturn|p2a: Br\u00f3mber|Protect\n|move|p1a: Hariyama|Drain Punch|p2a: Br\u00f3mber\n|-activate|p2a: Br\u00f3mber|move: Protect\n|\n|upkeep\n|turn|27\n|\n|t:|1698612028\n|move|p2a: Br\u00f3mber|Toxic|p1a: Hariyama\n|-status|p1a: Hariyama|tox\n|move|p1a: Hariyama|Knock Off|p2a: Br\u00f3mber\n|-resisted|p2a: Br\u00f3mber\n|-damage|p2a: Br\u00f3mber|0 fnt\n|-damage|p1a: Hariyama|74\/100 tox|[from] item: Rocky Helmet|[of] p2a: Br\u00f3mber\n|-enditem|p2a: Br\u00f3mber|Rocky Helmet|[from] move: Knock Off|[of] p1a: Hariyama\n|faint|p2a: Br\u00f3mber\n|\n|-damage|p1a: Hariyama|68\/100 tox|[from] psn\n|upkeep\n|\n|t:|1698612131\n|switch|p2a: Tr\u00f6nuber|Fezandipiti, M|76\/100\n|-damage|p2a: Tr\u00f6nuber|64\/100|[from] Stealth Rock\n|turn|28\n|\n|t:|1698612154\n|-terastallize|p1a: Hariyama|Steel\n|move|p1a: Hariyama|Bullet Punch|p2a: Tr\u00f6nuber\n|-supereffective|p2a: Tr\u00f6nuber\n|-damage|p2a: Tr\u00f6nuber|0 fnt\n|faint|p2a: Tr\u00f6nuber\n|\n|-damage|p1a: Hariyama|56\/100 tox|[from] psn\n|-sideend|p1: Nrox|Reflect\n|upkeep\n|\n|t:|1698612191\n|switch|p2a: Hindberjum|Scizor, F|84\/100\n|-damage|p2a: Hindberjum|72\/100|[from] Stealth Rock\n|turn|29\n|\n|t:|1698612211\n|switch|p1a: Zapdos|Zapdos|100\/100\n|move|p2a: Hindberjum|Iron Head|p1a: Zapdos\n|-resisted|p1a: Zapdos\n|-damage|p1a: Zapdos|78\/100\n|\n|upkeep\n|turn|30\n|\n|t:|1698612255\n|move|p1a: Zapdos|Heat Wave|p2a: Hindberjum\n|-supereffective|p2a: Hindberjum\n|-damage|p2a: Hindberjum|0 fnt\n|faint|p2a: Hindberjum\n|\n|-sideend|p1: Nrox|move: Light Screen\n|upkeep\n|\n|t:|1698612267\n|switch|p2a: Bl\u00e1ber|Dragapult, M|83\/100 tox\n|-damage|p2a: Bl\u00e1ber|70\/100 tox|[from] Stealth Rock\n|turn|31\n|\n|t:|1698612295\n|switch|p1a: Hariyama|Hariyama, F, shiny, tera:Steel|56\/100 tox\n|move|p2a: Bl\u00e1ber|Surf|p1a: Hariyama\n|-damage|p1a: Hariyama|11\/100 tox\n|\n|-damage|p2a: Bl\u00e1ber|64\/100 tox|[from] psn\n|-damage|p1a: Hariyama|5\/100 tox|[from] psn\n|upkeep\n|turn|32\n|\n|t:|1698612306\n|switch|p2a: Pl\u00f3ma|Arboliva, M, tera:Water|100\/100\n|-damage|p2a: Pl\u00f3ma|88\/100|[from] Stealth Rock\n|move|p1a: Hariyama|Bullet Punch|p2a: Pl\u00f3ma\n|-resisted|p2a: Pl\u00f3ma\n|-damage|p2a: Pl\u00f3ma|79\/100\n|\n|-damage|p1a: Hariyama|0 fnt|[from] psn\n|faint|p1a: Hariyama\n|upkeep\n|\n|t:|1698612315\n|switch|p1a: Zapdos|Zapdos|78\/100\n|turn|33\n|\n|t:|1698612331\n|move|p1a: Zapdos|Discharge|p2a: Pl\u00f3ma\n|-supereffective|p2a: Pl\u00f3ma\n|-damage|p2a: Pl\u00f3ma|21\/100\n|-status|p2a: Pl\u00f3ma|par\n|-enditem|p2a: Pl\u00f3ma|Sitrus Berry|[eat]\n|-heal|p2a: Pl\u00f3ma|46\/100 par|[from] item: Sitrus Berry\n|cant|p2a: Pl\u00f3ma|par\n|\n|upkeep\n|turn|34\n|\n|t:|1698612343\n|move|p1a: Zapdos|Discharge|p2a: Pl\u00f3ma\n|-supereffective|p2a: Pl\u00f3ma\n|-damage|p2a: Pl\u00f3ma|0 fnt\n|faint|p2a: Pl\u00f3ma\n|\n|upkeep\n|\n|t:|1698612349\n|switch|p2a: Bl\u00e1ber|Dragapult, M|64\/100 tox\n|-damage|p2a: Bl\u00e1ber|52\/100 tox|[from] Stealth Rock\n|turn|35\n|\n|t:|1698612355\n|move|p2a: Bl\u00e1ber|Surf|p1a: Zapdos\n|-damage|p1a: Zapdos|33\/100\n|move|p1a: Zapdos|Volt Switch|p2a: Bl\u00e1ber\n|-resisted|p2a: Bl\u00e1ber\n|-damage|p2a: Bl\u00e1ber|32\/100 tox\n|\n|t:|1698612366\n|switch|p1a: Garganacl|Garganacl, F|100\/100|[from] Volt Switch\n|\n|-damage|p2a: Bl\u00e1ber|26\/100 tox|[from] psn\n|upkeep\n|turn|36\n|\n|t:|1698612372\n|move|p2a: Bl\u00e1ber|Surf|p1a: Garganacl\n|-supereffective|p1a: Garganacl\n|-damage|p1a: Garganacl|47\/100\n|move|p1a: Garganacl|Salt Cure|p2a: Bl\u00e1ber\n|-damage|p2a: Bl\u00e1ber|6\/100 tox\n|-start|p2a: Bl\u00e1ber|Salt Cure\n|\n|-heal|p1a: Garganacl|53\/100|[from] item: Leftovers\n|-damage|p2a: Bl\u00e1ber|0 fnt|[from] psn\n|faint|p2a: Bl\u00e1ber\n|\n|win|Nrox\n|upkeep\n|c|\u2606xxxlaniusxxx|gg\n","uploadtime":1698612387,"views":25,"p1id":"nrox","p2id":"xxxlaniusxxx","formatid":"gen9anythinggoes","rating":0,"private":0,"password":""}