{"id":"gen9anythinggoes-1988117745","p1":"jerry_g13","p2":"Grimkix","format":"[Gen 9] Anything Goes","log":"|j|\u2606jerry_g13\n|j|\u2606Grimkix\n|t:|1699671722\n|gametype|singles\n|player|p1|jerry_g13|sabrina|1125\n|player|p2|Grimkix|169|1134\n|teamsize|p1|6\n|teamsize|p2|6\n|gen|9\n|tier|[Gen 9] Anything Goes\n|rated|\n|rule|HP Percentage Mod: HP is shown in percentages\n|rule|Endless Battle Clause: Forcing endless battles is banned\n|clearpoke\n|poke|p1|Slowbro-Galar, F|\n|poke|p1|Slowbro, M|\n|poke|p1|Slowking-Galar, F|\n|poke|p1|Slowking, M|\n|poke|p1|Slowpoke-Galar, F|\n|poke|p1|Slowpoke, M|\n|poke|p2|Okidogi, M|\n|poke|p2|Ninetales-Alola, F|\n|poke|p2|Baxcalibur, F|\n|poke|p2|Manaphy|\n|poke|p2|Kingambit, F|\n|poke|p2|Ditto|\n|teampreview\n|inactive|Battle timer is ON: inactive players will automatically lose when time's up. (requested by Grimkix)\n|c|\u2606Grimkix|wtf?\n|\n|t:|1699671741\n|start\n|switch|p1a: Slowking|Slowking, M|100\/100\n|switch|p2a: Ninetales|Ninetales-Alola, F|100\/100\n|-weather|Snow|[from] ability: Snow Warning|[of] p2a: Ninetales\n|turn|1\n|c|\u2606jerry_g13|i like slowbro :)\n|\n|t:|1699671750\n|move|p2a: Ninetales|Hypnosis|p1a: Slowking|[miss]\n|-miss|p2a: Ninetales|p1a: Slowking\n|move|p1a: Slowking|Light Screen|p1a: Slowking\n|-sidestart|p1: jerry_g13|move: Light Screen\n|\n|-weather|Snow|[upkeep]\n|upkeep\n|turn|2\n|c|\u2606Grimkix|Am I going to get sweeped lol\n|\n|t:|1699671775\n|move|p2a: Ninetales|Hypnosis|p1a: Slowking\n|-status|p1a: Slowking|slp|[from] move: Hypnosis\n|cant|p1a: Slowking|slp\n|\n|-weather|Snow|[upkeep]\n|upkeep\n|turn|3\n|\n|t:|1699671781\n|switch|p2a: Kingambit|Kingambit, F|100\/100\n|-item|p2a: Kingambit|Air Balloon\n|switch|p1a: Slowbro|Slowbro-Galar, F|100\/100\n|\n|-weather|Snow|[upkeep]\n|upkeep\n|turn|4\n|-activate|p1a: Slowbro|ability: Quick Draw\n|\n|t:|1699671792\n|-terastallize|p1a: Slowbro|Fighting\n|move|p1a: Slowbro|Drain Punch|p2a: Kingambit\n|-supereffective|p2a: Kingambit\n|-damage|p2a: Kingambit|0 fnt\n|-enditem|p2a: Kingambit|Air Balloon\n|faint|p2a: Kingambit\n|-end|p2a: Kingambit|fallenundefined|[silent]\n|\n|-weather|Snow|[upkeep]\n|upkeep\n|\n|t:|1699671800\n|switch|p2a: Baxcalibur|Baxcalibur, F|100\/100\n|turn|5\n|c|\u2606Grimkix|I think I am lmao\n|\n|t:|1699671814\n|move|p2a: Baxcalibur|Dragon Dance|p2a: Baxcalibur\n|-boost|p2a: Baxcalibur|atk|1\n|-boost|p2a: Baxcalibur|spe|1\n|move|p1a: Slowbro|Belly Drum|p1a: Slowbro\n|-damage|p1a: Slowbro|50\/100\n|-setboost|p1a: Slowbro|atk|6|[from] move: Belly Drum\n|-enditem|p1a: Slowbro|Sitrus Berry|[eat]\n|-heal|p1a: Slowbro|75\/100|[from] item: Sitrus Berry\n|\n|-weather|none\n|upkeep\n|turn|6\n|\n|t:|1699671825\n|move|p2a: Baxcalibur|Earthquake|p1a: Slowbro\n|-damage|p1a: Slowbro|24\/100\n|move|p1a: Slowbro|Drain Punch|p2a: Baxcalibur\n|-supereffective|p2a: Baxcalibur\n|-damage|p2a: Baxcalibur|0 fnt\n|-heal|p1a: Slowbro|71\/100|[from] drain|[of] p2a: Baxcalibur\n|faint|p2a: Baxcalibur\n|\n|upkeep\n|\n|t:|1699671832\n|switch|p2a: Ditto|Ditto, shiny|100\/100\n|-transform|p2a: Ditto|p1a: Slowbro|[from] ability: Imposter\n|-start|p2a: Ditto|typechange|Poison\/Psychic|[silent]\n|turn|7\n|\n|t:|1699671847\n|move|p2a: Ditto|Drain Punch|p1a: Slowbro\n|-damage|p1a: Slowbro|0 fnt\n|faint|p1a: Slowbro\n|\n|upkeep\n|\n|t:|1699671857\n|switch|p1a: Slowpoke|Slowpoke-Galar, F|100\/100\n|turn|8\n|\n|t:|1699671863\n|move|p1a: Slowpoke|Protect|p1a: Slowpoke\n|-singleturn|p1a: Slowpoke|Protect\n|move|p2a: Ditto|Drain Punch|p1a: Slowpoke\n|-activate|p1a: Slowpoke|move: Protect\n|\n|-sideend|p1: jerry_g13|move: Light Screen\n|upkeep\n|turn|9\n|-activate|p2a: Ditto|ability: Quick Draw\n|\n|t:|1699671870\n|move|p2a: Ditto|Drain Punch|p1a: Slowpoke\n|-resisted|p1a: Slowpoke\n|-damage|p1a: Slowpoke|64\/100\n|move|p1a: Slowpoke|Foul Play|p2a: Ditto\n|-supereffective|p2a: Ditto\n|-damage|p2a: Ditto|0 fnt\n|faint|p2a: Ditto\n|\n|-heal|p1a: Slowpoke|70\/100|[from] item: Leftovers\n|upkeep\n|\n|t:|1699671879\n|switch|p2a: Okidogi|Okidogi, M|100\/100\n|turn|10\n|\n|t:|1699671886\n|move|p2a: Okidogi|Knock Off|p1a: Slowpoke\n|-supereffective|p1a: Slowpoke\n|-damage|p1a: Slowpoke|9\/100\n|-enditem|p1a: Slowpoke|Leftovers|[from] move: Knock Off|[of] p2a: Okidogi\n|move|p1a: Slowpoke|Yawn|p2a: Okidogi\n|-start|p2a: Okidogi|move: Yawn|[of] p1a: Slowpoke\n|\n|upkeep\n|turn|11\n|\n|t:|1699671896\n|move|p1a: Slowpoke|Protect|p1a: Slowpoke\n|-singleturn|p1a: Slowpoke|Protect\n|move|p2a: Okidogi|Knock Off|p1a: Slowpoke\n|-activate|p1a: Slowpoke|move: Protect\n|\n|-end|p2a: Okidogi|move: Yawn|[silent]\n|-status|p2a: Okidogi|slp\n|upkeep\n|turn|12\n|\n|t:|1699671903\n|cant|p2a: Okidogi|slp\n|move|p1a: Slowpoke|Foul Play|p2a: Okidogi\n|-resisted|p2a: Okidogi\n|-crit|p2a: Okidogi\n|-damage|p2a: Okidogi|76\/100 slp\n|\n|-heal|p2a: Okidogi|82\/100 slp|[from] item: Leftovers\n|upkeep\n|turn|13\n|\n|t:|1699671910\n|switch|p1a: Slowking|Slowking, M|100\/100 slp\n|cant|p2a: Okidogi|slp\n|\n|-heal|p2a: Okidogi|89\/100 slp|[from] item: Leftovers\n|upkeep\n|turn|14\n|\n|t:|1699671919\n|cant|p2a: Okidogi|slp\n|-curestatus|p1a: Slowking|slp|[msg]\n|move|p1a: Slowking|Reflect|p1a: Slowking\n|-sidestart|p1: jerry_g13|Reflect\n|\n|-heal|p2a: Okidogi|95\/100 slp|[from] item: Leftovers\n|upkeep\n|turn|15\n|\n|t:|1699671925\n|-curestatus|p2a: Okidogi|slp|[msg]\n|move|p2a: Okidogi|Knock Off|p1a: Slowking\n|-supereffective|p1a: Slowking\n|-damage|p1a: Slowking|63\/100\n|-enditem|p1a: Slowking|Light Clay|[from] move: Knock Off|[of] p2a: Okidogi\n|move|p1a: Slowking|Light Screen|p1a: Slowking\n|-sidestart|p1: jerry_g13|move: Light Screen\n|\n|-heal|p2a: Okidogi|100\/100|[from] item: Leftovers\n|upkeep\n|turn|16\n|\n|t:|1699671944\n|move|p2a: Okidogi|Bulk Up|p2a: Okidogi\n|-boost|p2a: Okidogi|atk|1\n|-boost|p2a: Okidogi|def|1\n|move|p1a: Slowking|Trick Room|p1a: Slowking\n|-fieldstart|move: Trick Room|[of] p1a: Slowking\n|\n|upkeep\n|turn|17\n|\n|t:|1699671951\n|move|p1a: Slowking|Chilly Reception|p1a: Slowking\n|-weather|Snow\n|\n|t:|1699671955\n|switch|p1a: Slowking|Slowking-Galar, F|100\/100|[from] Chilly Reception\n|move|p2a: Okidogi|Knock Off|p1a: Slowking\n|-supereffective|p1a: Slowking\n|-damage|p1a: Slowking|40\/100\n|-enditem|p1a: Slowking|Kee Berry|[from] move: Knock Off|[of] p2a: Okidogi\n|\n|-weather|Snow|[upkeep]\n|upkeep\n|turn|18\n|\n|t:|1699671964\n|move|p1a: Slowking|Blizzard|p2a: Okidogi\n|-damage|p2a: Okidogi|57\/100\n|move|p2a: Okidogi|Knock Off|p1a: Slowking\n|-supereffective|p1a: Slowking\n|-damage|p1a: Slowking|0 fnt\n|faint|p1a: Slowking\n|\n|-weather|Snow|[upkeep]\n|-heal|p2a: Okidogi|63\/100|[from] item: Leftovers\n|upkeep\n|\n|t:|1699671972\n|switch|p1a: Slowbro|Slowbro, M|100\/100\n|turn|19\n|\n|t:|1699671985\n|move|p1a: Slowbro|Scald|p2a: Okidogi\n|-damage|p2a: Okidogi|23\/100\n|move|p2a: Okidogi|Knock Off|p1a: Slowbro\n|-supereffective|p1a: Slowbro\n|-damage|p1a: Slowbro|59\/100\n|-enditem|p1a: Slowbro|Assault Vest|[from] move: Knock Off|[of] p2a: Okidogi\n|\n|-weather|Snow|[upkeep]\n|-heal|p2a: Okidogi|29\/100|[from] item: Leftovers\n|-sideend|p1: jerry_g13|move: Light Screen\n|upkeep\n|turn|20\n|\n|t:|1699671995\n|-terastallize|p2a: Okidogi|Water\n|move|p1a: Slowbro|Scald|p2a: Okidogi\n|-resisted|p2a: Okidogi\n|-damage|p2a: Okidogi|10\/100\n|move|p2a: Okidogi|Knock Off|p1a: Slowbro\n|-supereffective|p1a: Slowbro\n|-damage|p1a: Slowbro|27\/100\n|\n|-weather|Snow|[upkeep]\n|-heal|p2a: Okidogi|16\/100|[from] item: Leftovers\n|-fieldend|move: Trick Room\n|upkeep\n|turn|21\n|\n|t:|1699672006\n|switch|p1a: Slowpoke|Slowpoke-Galar, F|43\/100\n|move|p2a: Okidogi|Knock Off|p1a: Slowpoke\n|-supereffective|p1a: Slowpoke\n|-damage|p1a: Slowpoke|12\/100\n|\n|-weather|none\n|-heal|p2a: Okidogi|22\/100|[from] item: Leftovers\n|-sideend|p1: jerry_g13|Reflect\n|upkeep\n|turn|22\n|\n|t:|1699672016\n|move|p1a: Slowpoke|Protect|p1a: Slowpoke\n|-singleturn|p1a: Slowpoke|Protect\n|move|p2a: Okidogi|Knock Off|p1a: Slowpoke\n|-activate|p1a: Slowpoke|move: Protect\n|\n|-heal|p2a: Okidogi|29\/100|[from] item: Leftovers\n|upkeep\n|turn|23\n|\n|t:|1699672024\n|move|p2a: Okidogi|Knock Off|p1a: Slowpoke\n|-supereffective|p1a: Slowpoke\n|-crit|p1a: Slowpoke\n|-damage|p1a: Slowpoke|0 fnt\n|faint|p1a: Slowpoke\n|\n|-heal|p2a: Okidogi|35\/100|[from] item: Leftovers\n|upkeep\n|\n|t:|1699672030\n|switch|p1a: Slowking|Slowking, M|97\/100\n|turn|24\n|\n|t:|1699672036\n|move|p2a: Okidogi|Knock Off|p1a: Slowking\n|-supereffective|p1a: Slowking\n|-damage|p1a: Slowking|25\/100\n|move|p1a: Slowking|Reflect|p1a: Slowking\n|-sidestart|p1: jerry_g13|Reflect\n|\n|-heal|p2a: Okidogi|41\/100|[from] item: Leftovers\n|upkeep\n|turn|25\n|\n|t:|1699672043\n|move|p2a: Okidogi|Knock Off|p1a: Slowking\n|-supereffective|p1a: Slowking\n|-damage|p1a: Slowking|0 fnt\n|faint|p1a: Slowking\n|\n|-heal|p2a: Okidogi|47\/100|[from] item: Leftovers\n|upkeep\n|\n|t:|1699672049\n|switch|p1a: Slowbro|Slowbro, M|60\/100\n|turn|26\n|\n|t:|1699672054\n|move|p2a: Okidogi|Knock Off|p1a: Slowbro\n|-supereffective|p1a: Slowbro\n|-damage|p1a: Slowbro|28\/100\n|move|p1a: Slowbro|Psychic|p2a: Okidogi\n|-damage|p2a: Okidogi|2\/100\n|\n|-heal|p2a: Okidogi|8\/100|[from] item: Leftovers\n|upkeep\n|turn|27\n|\n|t:|1699672063\n|switch|p1a: Slowpoke|Slowpoke, M|100\/100\n|move|p2a: Okidogi|Knock Off|p1a: Slowpoke\n|-supereffective|p1a: Slowpoke\n|-damage|p1a: Slowpoke|68\/100\n|-enditem|p1a: Slowpoke|Eviolite|[from] move: Knock Off|[of] p2a: Okidogi\n|\n|-heal|p2a: Okidogi|14\/100|[from] item: Leftovers\n|upkeep\n|turn|28\n|\n|t:|1699672072\n|move|p2a: Okidogi|Knock Off|p1a: Slowpoke\n|-supereffective|p1a: Slowpoke\n|-damage|p1a: Slowpoke|36\/100\n|move|p1a: Slowpoke|Zen Headbutt|p2a: Okidogi\n|-damage|p2a: Okidogi|2\/100\n|\n|-heal|p2a: Okidogi|8\/100|[from] item: Leftovers\n|-sideend|p1: jerry_g13|Reflect\n|upkeep\n|turn|29\n|\n|t:|1699672079\n|move|p2a: Okidogi|Knock Off|p1a: Slowpoke\n|-supereffective|p1a: Slowpoke\n|-damage|p1a: Slowpoke|0 fnt\n|faint|p1a: Slowpoke\n|\n|-heal|p2a: Okidogi|15\/100|[from] item: Leftovers\n|upkeep\n|\n|t:|1699672085\n|switch|p1a: Slowbro|Slowbro, M|62\/100\n|turn|30\n|c|\u2606jerry_g13|the tera water got me lol\n|\n|t:|1699672101\n|move|p2a: Okidogi|Knock Off|p1a: Slowbro\n|-supereffective|p1a: Slowbro\n|-damage|p1a: Slowbro|7\/100\n|move|p1a: Slowbro|Psychic|p2a: Okidogi\n|-damage|p2a: Okidogi|0 fnt\n|faint|p2a: Okidogi\n|\n|upkeep\n|\n|t:|1699672108\n|switch|p2a: Manaphy|Manaphy|100\/100\n|turn|31\n|\n|t:|1699672112\n|move|p2a: Manaphy|Energy Ball|p1a: Slowbro\n|-supereffective|p1a: Slowbro\n|-damage|p1a: Slowbro|0 fnt\n|faint|p1a: Slowbro\n|\n|win|Grimkix\n|raw|jerry_g13's rating: 1125 &rarr; <strong>1101<\/strong><br \/>(-24 for losing)\n|raw|Grimkix's rating: 1134 &rarr; <strong>1158<\/strong><br \/>(+24 for winning)\n|c|\u2606jerry_g13|gg\n|l|\u2606jerry_g13\n|c|\u2606Grimkix|Gg\n","uploadtime":1699672125,"views":30,"p1id":"jerryg13","p2id":"grimkix","formatid":"gen9anythinggoes","rating":1101,"private":0,"password":""}