{"id":"gen9anythinggoes-1988016533","p1":"oOo Wooper oOo","p2":"serverius","format":"[Gen 9] Anything Goes","log":"|j|\u2606oOo Wooper oOo\n|j|\u2606serverius\n|t:|1699659513\n|gametype|singles\n|player|p1|oOo Wooper oOo|evelyn|1210\n|player|p2|serverius|brycenman|1201\n|teamsize|p1|6\n|teamsize|p2|6\n|gen|9\n|tier|[Gen 9] Anything Goes\n|rated|\n|rule|HP Percentage Mod: HP is shown in percentages\n|rule|Endless Battle Clause: Forcing endless battles is banned\n|clearpoke\n|poke|p1|Ditto|\n|poke|p1|Wooper-Paldea, M|\n|poke|p1|Clodsire, M|\n|poke|p1|Arceus|\n|poke|p1|Eternatus|\n|poke|p1|Calyrex-Shadow|\n|poke|p2|Skeledirge, M|\n|poke|p2|Hydreigon, M|\n|poke|p2|Azumarill, M|\n|poke|p2|Hippowdon, F|\n|poke|p2|Scizor, F|\n|poke|p2|Gholdengo|\n|teampreview\n|inactive|Battle timer is ON: inactive players will automatically lose when time's up. (requested by oOo Wooper oOo)\n|\n|t:|1699659520\n|start\n|switch|p1a: Gooper|Wooper-Paldea, M, shiny|100\/100\n|switch|p2a: Scizor|Scizor, F|100\/100\n|turn|1\n|\n|t:|1699659531\n|move|p2a: Scizor|U-turn|p1a: Gooper\n|-resisted|p1a: Gooper\n|-damage|p1a: Gooper|74\/100\n|\n|t:|1699659535\n|switch|p2a: Hippowdon|Hippowdon, F|100\/100|[from] U-turn\n|-weather|Sandstorm|[from] ability: Sand Stream|[of] p2a: Hippowdon\n|move|p1a: Gooper|Toxic Spikes|p2a: Hippowdon\n|-sidestart|p2: serverius|move: Toxic Spikes\n|\n|-weather|Sandstorm|[upkeep]\n|upkeep\n|turn|2\n|\n|t:|1699659546\n|move|p2a: Hippowdon|Stealth Rock|p1a: Gooper\n|-sidestart|p1: oOo Wooper oOo|move: Stealth Rock\n|move|p1a: Gooper|Toxic Spikes|p2a: Hippowdon\n|-sidestart|p2: serverius|move: Toxic Spikes\n|\n|-weather|Sandstorm|[upkeep]\n|upkeep\n|turn|3\n|\n|t:|1699659554\n|move|p1a: Gooper|Yawn|p2a: Hippowdon\n|-start|p2a: Hippowdon|move: Yawn|[of] p1a: Gooper\n|move|p2a: Hippowdon|Roar|p1a: Gooper\n|drag|p1a: God ?|Arceus, shiny|100\/100\n|-damage|p1a: God ?|88\/100|[from] Stealth Rock\n|\n|-weather|Sandstorm|[upkeep]\n|-damage|p1a: God ?|82\/100|[from] Sandstorm\n|-heal|p1a: God ?|88\/100|[from] item: Leftovers\n|upkeep\n|turn|4\n|\n|t:|1699659576\n|switch|p1a: Clod|Clodsire, M, shiny|100\/100\n|-damage|p1a: Clod|94\/100|[from] Stealth Rock\n|switch|p2a: Scizor|Scizor, F|100\/100\n|\n|-weather|Sandstorm|[upkeep]\n|-heal|p1a: Clod|100\/100|[from] item: Leftovers\n|upkeep\n|turn|5\n|\n|t:|1699659592\n|move|p2a: Scizor|Bullet Punch|p1a: Clod\n|-damage|p1a: Clod|71\/100\n|move|p1a: Clod|Yawn|p2a: Scizor\n|-start|p2a: Scizor|move: Yawn|[of] p1a: Clod\n|\n|-weather|none\n|-heal|p1a: Clod|78\/100|[from] item: Leftovers\n|upkeep\n|turn|6\n|\n|t:|1699659602\n|switch|p2a: Hydreigon|Hydreigon, M|100\/100\n|move|p1a: Clod|Stealth Rock|p2a: Hydreigon\n|-sidestart|p2: serverius|move: Stealth Rock\n|\n|-heal|p1a: Clod|84\/100|[from] item: Leftovers\n|upkeep\n|turn|7\n|\n|t:|1699659611\n|move|p2a: Hydreigon|Nasty Plot|p2a: Hydreigon\n|-boost|p2a: Hydreigon|spa|2\n|move|p1a: Clod|Yawn|p2a: Hydreigon\n|-start|p2a: Hydreigon|move: Yawn|[of] p1a: Clod\n|\n|-heal|p1a: Clod|90\/100|[from] item: Leftovers\n|upkeep\n|turn|8\n|\n|t:|1699659620\n|move|p2a: Hydreigon|Flash Cannon|p1a: Clod\n|-damage|p1a: Clod|71\/100\n|move|p1a: Clod|Recover|p1a: Clod\n|-heal|p1a: Clod|100\/100\n|\n|-end|p2a: Hydreigon|move: Yawn|[silent]\n|-status|p2a: Hydreigon|slp\n|upkeep\n|turn|9\n|\n|t:|1699659634\n|switch|p1a: God ?|Arceus, shiny|88\/100\n|-damage|p1a: God ?|76\/100|[from] Stealth Rock\n|cant|p2a: Hydreigon|slp\n|\n|-heal|p1a: God ?|82\/100|[from] item: Leftovers\n|upkeep\n|turn|10\n|\n|t:|1699659645\n|cant|p2a: Hydreigon|slp\n|move|p1a: God ?|Roar|p2a: Hydreigon\n|drag|p2a: Scizor|Scizor, F|100\/100\n|-damage|p2a: Scizor|88\/100|[from] Stealth Rock\n|\n|-heal|p1a: God ?|88\/100|[from] item: Leftovers\n|upkeep\n|turn|11\n|\n|t:|1699659663\n|move|p2a: Scizor|Close Combat|p1a: God ?\n|-supereffective|p1a: God ?\n|-damage|p1a: God ?|24\/100\n|-unboost|p2a: Scizor|def|1\n|-unboost|p2a: Scizor|spd|1\n|move|p1a: God ?|Roar|p2a: Scizor\n|drag|p2a: Hippowdon|Hippowdon, F|100\/100\n|-status|p2a: Hippowdon|tox\n|-damage|p2a: Hippowdon|94\/100 tox|[from] Stealth Rock\n|-weather|Sandstorm|[from] ability: Sand Stream|[of] p2a: Hippowdon\n|\n|-weather|Sandstorm|[upkeep]\n|-damage|p1a: God ?|18\/100|[from] Sandstorm\n|-heal|p1a: God ?|24\/100|[from] item: Leftovers\n|-damage|p2a: Hippowdon|88\/100 tox|[from] psn\n|upkeep\n|turn|12\n|\n|t:|1699659680\n|move|p1a: God ?|Recover|p1a: God ?\n|-heal|p1a: God ?|74\/100\n|move|p2a: Hippowdon|Roar|p1a: God ?\n|drag|p1a: Clod|Clodsire, M, shiny|100\/100\n|-damage|p1a: Clod|94\/100|[from] Stealth Rock\n|\n|-weather|Sandstorm|[upkeep]\n|-heal|p1a: Clod|100\/100|[from] item: Leftovers\n|-damage|p2a: Hippowdon|76\/100 tox|[from] psn\n|upkeep\n|turn|13\n|\n|t:|1699659691\n|move|p2a: Hippowdon|Yawn|p1a: Clod\n|-start|p1a: Clod|move: Yawn|[of] p2a: Hippowdon\n|move|p1a: Clod|Earthquake|p2a: Hippowdon\n|-damage|p2a: Hippowdon|57\/100 tox\n|\n|-weather|Sandstorm|[upkeep]\n|-damage|p2a: Hippowdon|38\/100 tox|[from] psn\n|upkeep\n|turn|14\n|\n|t:|1699659701\n|switch|p1a: Gooper|Wooper-Paldea, M, shiny|74\/100\n|-damage|p1a: Gooper|68\/100|[from] Stealth Rock\n|move|p2a: Hippowdon|Earthquake|p1a: Gooper\n|-supereffective|p1a: Gooper\n|-damage|p1a: Gooper|0 fnt\n|faint|p1a: Gooper\n|\n|-weather|Sandstorm|[upkeep]\n|-damage|p2a: Hippowdon|14\/100 tox|[from] psn\n|upkeep\n|-enditem|p2a: Hippowdon|Figy Berry|[eat]\n|-heal|p2a: Hippowdon|47\/100 tox|[from] item: Figy Berry\n|inactive|oOo Wooper oOo has 120 seconds left.\n|\n|t:|1699659727\n|switch|p1a: God ?|Arceus, shiny|74\/100\n|-damage|p1a: God ?|62\/100|[from] Stealth Rock\n|turn|15\n|\n|t:|1699659732\n|move|p1a: God ?|Recover|p1a: God ?\n|-heal|p1a: God ?|100\/100\n|move|p2a: Hippowdon|Earthquake|p1a: God ?\n|-damage|p1a: God ?|79\/100\n|\n|-weather|none\n|-heal|p1a: God ?|85\/100|[from] item: Leftovers\n|-damage|p2a: Hippowdon|16\/100 tox|[from] psn\n|upkeep\n|turn|16\n|\n|t:|1699659743\n|move|p1a: God ?|Extreme Speed|p2a: Hippowdon\n|-damage|p2a: Hippowdon|0 fnt\n|faint|p2a: Hippowdon\n|\n|-heal|p1a: God ?|91\/100|[from] item: Leftovers\n|upkeep\n|\n|t:|1699659751\n|switch|p2a: Hydreigon|Hydreigon, M|100\/100 slp\n|-damage|p2a: Hydreigon|88\/100 slp|[from] Stealth Rock\n|turn|17\n|\n|t:|1699659756\n|move|p1a: God ?|Swords Dance|p1a: God ?\n|-boost|p1a: God ?|atk|2\n|-curestatus|p2a: Hydreigon|slp|[msg]\n|move|p2a: Hydreigon|Nasty Plot|p2a: Hydreigon\n|-boost|p2a: Hydreigon|spa|2\n|\n|-heal|p1a: God ?|98\/100|[from] item: Leftovers\n|upkeep\n|turn|18\n|\n|t:|1699659767\n|move|p1a: God ?|Extreme Speed|p2a: Hydreigon\n|-damage|p2a: Hydreigon|25\/100\n|-enditem|p2a: Hydreigon|Petaya Berry|[eat]\n|-boost|p2a: Hydreigon|spa|1|[from] item: Petaya Berry\n|move|p2a: Hydreigon|Flash Cannon|p1a: God ?\n|-damage|p1a: God ?|61\/100\n|\n|-heal|p1a: God ?|67\/100|[from] item: Leftovers\n|upkeep\n|turn|19\n|\n|t:|1699659784\n|move|p1a: God ?|Extreme Speed|p2a: Hydreigon\n|-damage|p2a: Hydreigon|0 fnt\n|faint|p2a: Hydreigon\n|\n|-heal|p1a: God ?|73\/100|[from] item: Leftovers\n|upkeep\n|\n|t:|1699659791\n|switch|p2a: Scizor|Scizor, F|88\/100\n|-damage|p2a: Scizor|76\/100|[from] Stealth Rock\n|turn|20\n|\n|t:|1699659800\n|switch|p1a: Clod|Clodsire, M, shiny|100\/100\n|-damage|p1a: Clod|94\/100|[from] Stealth Rock\n|move|p2a: Scizor|Close Combat|p1a: Clod\n|-resisted|p1a: Clod\n|-crit|p1a: Clod\n|-damage|p1a: Clod|62\/100\n|-unboost|p2a: Scizor|def|1\n|-unboost|p2a: Scizor|spd|1\n|\n|-heal|p1a: Clod|69\/100|[from] item: Leftovers\n|upkeep\n|turn|21\n|\n|t:|1699659815\n|switch|p2a: Gholdengo|Gholdengo|100\/100\n|-damage|p2a: Gholdengo|94\/100|[from] Stealth Rock\n|move|p1a: Clod|Recover|p1a: Clod\n|-heal|p1a: Clod|100\/100\n|\n|upkeep\n|turn|22\n|\n|t:|1699659823\n|move|p2a: Gholdengo|Make It Rain|p1a: Clod\n|-damage|p1a: Clod|60\/100\n|-unboost|p2a: Gholdengo|spa|1\n|move|p1a: Clod|Earthquake|p2a: Gholdengo\n|-supereffective|p2a: Gholdengo\n|-damage|p2a: Gholdengo|39\/100\n|\n|-heal|p1a: Clod|66\/100|[from] item: Leftovers\n|upkeep\n|turn|23\n|\n|t:|1699659835\n|move|p2a: Gholdengo|Recover|p2a: Gholdengo\n|-heal|p2a: Gholdengo|89\/100\n|move|p1a: Clod|Earthquake|p2a: Gholdengo\n|-supereffective|p2a: Gholdengo\n|-damage|p2a: Gholdengo|37\/100\n|\n|-heal|p1a: Clod|72\/100|[from] item: Leftovers\n|upkeep\n|turn|24\n|\n|t:|1699659844\n|move|p2a: Gholdengo|Recover|p2a: Gholdengo\n|-heal|p2a: Gholdengo|87\/100\n|move|p1a: Clod|Earthquake|p2a: Gholdengo\n|-supereffective|p2a: Gholdengo\n|-damage|p2a: Gholdengo|34\/100\n|\n|-heal|p1a: Clod|79\/100|[from] item: Leftovers\n|upkeep\n|turn|25\n|\n|t:|1699659852\n|move|p2a: Gholdengo|Recover|p2a: Gholdengo\n|-heal|p2a: Gholdengo|84\/100\n|move|p1a: Clod|Earthquake|p2a: Gholdengo\n|-supereffective|p2a: Gholdengo\n|-damage|p2a: Gholdengo|30\/100\n|\n|-heal|p1a: Clod|85\/100|[from] item: Leftovers\n|upkeep\n|turn|26\n|\n|t:|1699659860\n|move|p2a: Gholdengo|Nasty Plot|p2a: Gholdengo\n|-boost|p2a: Gholdengo|spa|2\n|move|p1a: Clod|Earthquake|p2a: Gholdengo\n|-supereffective|p2a: Gholdengo\n|-damage|p2a: Gholdengo|0 fnt\n|faint|p2a: Gholdengo\n|\n|-heal|p1a: Clod|91\/100|[from] item: Leftovers\n|upkeep\n|\n|t:|1699659872\n|switch|p2a: Azumarill|Azumarill, M|100\/100\n|-status|p2a: Azumarill|tox\n|-damage|p2a: Azumarill|88\/100 tox|[from] Stealth Rock\n|turn|27\n|\n|t:|1699659881\n|-terastallize|p2a: Azumarill|Water\n|move|p2a: Azumarill|Liquidation|p1a: Clod\n|-supereffective|p1a: Clod\n|-damage|p1a: Clod|19\/100\n|move|p1a: Clod|Earthquake|p2a: Azumarill\n|-damage|p2a: Azumarill|60\/100 tox\n|\n|-heal|p1a: Clod|26\/100|[from] item: Leftovers\n|-damage|p2a: Azumarill|54\/100 tox|[from] psn\n|upkeep\n|turn|28\n|\n|t:|1699659896\n|switch|p1a: Blue|Ditto, shiny|100\/100\n|-damage|p1a: Blue|88\/100|[from] Stealth Rock\n|-transform|p1a: Blue|p2a: Azumarill|[from] ability: Imposter\n|move|p2a: Azumarill|Liquidation|p1a: Blue\n|-resisted|p1a: Blue\n|-damage|p1a: Blue|58\/100\n|\n|-damage|p2a: Azumarill|42\/100 tox|[from] psn\n|upkeep\n|-start|p1a: Blue|typechange|Water\/Fairy|[silent]\n|turn|29\n|\n|t:|1699659909\n|move|p1a: Blue|Play Rough|p2a: Azumarill|[miss]\n|-miss|p1a: Blue|p2a: Azumarill\n|move|p2a: Azumarill|Liquidation|p1a: Blue\n|-resisted|p1a: Blue\n|-damage|p1a: Blue|25\/100\n|\n|-damage|p2a: Azumarill|23\/100 tox|[from] psn\n|upkeep\n|turn|30\n|\n|t:|1699659922\n|switch|p1a: Le Grapin|Eternatus, shiny|100\/100\n|-damage|p1a: Le Grapin|88\/100|[from] Stealth Rock\n|-ability|p1a: Le Grapin|Pressure\n|move|p2a: Azumarill|Superpower|p1a: Le Grapin\n|-resisted|p1a: Le Grapin\n|-damage|p1a: Le Grapin|72\/100\n|-unboost|p2a: Azumarill|atk|1\n|-unboost|p2a: Azumarill|def|1\n|\n|-heal|p1a: Le Grapin|78\/100|[from] item: Leftovers\n|-damage|p2a: Azumarill|0 fnt|[from] psn\n|faint|p2a: Azumarill\n|upkeep\n|\n|t:|1699659939\n|switch|p2a: Scizor|Scizor, F|76\/100\n|-damage|p2a: Scizor|64\/100|[from] Stealth Rock\n|turn|31\n|\n|t:|1699659944\n|move|p2a: Scizor|Bullet Punch|p1a: Le Grapin\n|-damage|p1a: Le Grapin|43\/100\n|move|p1a: Le Grapin|Flamethrower|p2a: Scizor\n|-supereffective|p2a: Scizor\n|-damage|p2a: Scizor|0 fnt\n|faint|p2a: Scizor\n|\n|-heal|p1a: Le Grapin|49\/100|[from] item: Leftovers\n|upkeep\n|c|\u2606serverius|gg\n|\n|t:|1699659960\n|switch|p2a: Skeledirge|Skeledirge, M|100\/100\n|-status|p2a: Skeledirge|tox\n|-damage|p2a: Skeledirge|76\/100 tox|[from] Stealth Rock\n|turn|32\n|\n|t:|1699659970\n|move|p1a: Le Grapin|Dynamax Cannon|p2a: Skeledirge\n|-damage|p2a: Skeledirge|12\/100 tox\n|move|p2a: Skeledirge|Shadow Ball|p1a: Le Grapin\n|-damage|p1a: Le Grapin|22\/100\n|\n|-heal|p1a: Le Grapin|28\/100|[from] item: Leftovers\n|-heal|p2a: Skeledirge|18\/100 tox|[from] item: Leftovers\n|-damage|p2a: Skeledirge|12\/100 tox|[from] psn\n|upkeep\n|turn|33\n|\n|t:|1699659982\n|move|p1a: Le Grapin|Recover|p1a: Le Grapin\n|-heal|p1a: Le Grapin|78\/100\n|move|p2a: Skeledirge|Torch Song|p1a: Le Grapin\n|-resisted|p1a: Le Grapin\n|-damage|p1a: Le Grapin|64\/100\n|-boost|p2a: Skeledirge|spa|1\n|\n|-heal|p1a: Le Grapin|71\/100|[from] item: Leftovers\n|-heal|p2a: Skeledirge|18\/100 tox|[from] item: Leftovers\n|-damage|p2a: Skeledirge|6\/100 tox|[from] psn\n|upkeep\n|turn|34\n|\n|t:|1699659996\n|move|p1a: Le Grapin|Dynamax Cannon|p2a: Skeledirge\n|-damage|p2a: Skeledirge|0 fnt\n|faint|p2a: Skeledirge\n|\n|win|oOo Wooper oOo\n|raw|oOo Wooper oOo's rating: 1210 &rarr; <strong>1234<\/strong><br \/>(+24 for winning)\n|raw|serverius's rating: 1201 &rarr; <strong>1177<\/strong><br \/>(-24 for losing)\n|l|\u2606serverius\n","uploadtime":1699660013,"views":4,"p1id":"ooowooperooo","p2id":"serverius","formatid":"gen9anythinggoes","rating":1177,"private":0,"password":""}