{"id":"gen9anythinggoes-1976002742","p1":"MozezzRS","p2":"amspooky","format":"[Gen 9] Anything Goes","log":"|j|\u2606MozezzRS\n|j|\u2606amspooky\n|t:|1698255699\n|gametype|singles\n|player|p1|MozezzRS|acetrainer-gen4dp|1327\n|player|p2|amspooky|youngn|1291\n|teamsize|p1|6\n|teamsize|p2|6\n|gen|9\n|tier|[Gen 9] Anything Goes\n|rated|\n|rule|HP Percentage Mod: HP is shown in percentages\n|rule|Endless Battle Clause: Forcing endless battles is banned\n|clearpoke\n|poke|p1|Glimmora, M|\n|poke|p1|Basculegion, M|\n|poke|p1|Toxapex, F|\n|poke|p1|Vikavolt, M|\n|poke|p1|Chesnaught, M|\n|poke|p1|Maushold-Four|\n|poke|p2|Calyrex-Shadow|\n|poke|p2|Miraidon|\n|poke|p2|Ogerpon-Hearthflame, F|\n|poke|p2|Arceus|\n|poke|p2|Koraidon|\n|poke|p2|Shaymin-Sky|\n|teampreview\n|inactive|Battle timer is ON: inactive players will automatically lose when time's up. (requested by amspooky)\n|inactive|MozezzRS also wants the timer to be on.\n|\n|t:|1698255714\n|start\n|switch|p1a: Maushold|Maushold-Four|100\/100\n|switch|p2a: Miraidon|Miraidon|100\/100\n|-fieldstart|move: Electric Terrain|[from] ability: Hadron Engine|[of] p2a: Miraidon\n|turn|1\n|\n|t:|1698255721\n|move|p2a: Miraidon|Electro Drift|p1a: Maushold\n|-damage|p1a: Maushold|0 fnt\n|faint|p1a: Maushold\n|-damage|p2a: Miraidon|91\/100|[from] item: Life Orb\n|\n|upkeep\n|c|\u2606MozezzRS|6 legends\n|c|\u2606MozezzRS|Have some shame\n|c|\u2606amspooky|cope\n|\n|t:|1698255739\n|switch|p1a: Vikavolt|Vikavolt, M|100\/100\n|turn|2\n|c|\u2606amspooky|im using viable pokemon that make me win\n|c|\u2606MozezzRS|You will lose\n|c|\u2606amspooky|and the game allows it\n|\n|t:|1698255749\n|move|p2a: Miraidon|Overheat|p1a: Vikavolt\n|-supereffective|p1a: Vikavolt\n|-damage|p1a: Vikavolt|0 fnt\n|-unboost|p2a: Miraidon|spa|2\n|faint|p1a: Vikavolt\n|-damage|p2a: Miraidon|81\/100|[from] item: Life Orb\n|\n|upkeep\n|\n|t:|1698255758\n|switch|p1a: Glimmora|Glimmora, M|100\/100\n|turn|3\n|c|\u2606amspooky|if you wanna use that team go to ou\n|c|\u2606amspooky|they are much more forgiving\n|\n|t:|1698255773\n|move|p2a: Miraidon|Volt Switch|p1a: Glimmora\n|-damage|p1a: Glimmora|52\/100\n|-damage|p2a: Miraidon|71\/100|[from] item: Life Orb\n|\n|t:|1698255780\n|switch|p2a: Shaymin|Shaymin-Sky|100\/100|[from] Volt Switch\n|move|p1a: Glimmora|Stealth Rock|p2a: Shaymin\n|-sidestart|p2: amspooky|move: Stealth Rock\n|\n|upkeep\n|turn|4\n|\n|t:|1698255786\n|move|p2a: Shaymin|Earth Power|p1a: Glimmora\n|-supereffective|p1a: Glimmora\n|-damage|p1a: Glimmora|0 fnt\n|faint|p1a: Glimmora\n|\n|upkeep\n|\n|t:|1698255791\n|switch|p1a: Toxapex|Toxapex, F|100\/100\n|turn|5\n|\n|t:|1698255797\n|move|p2a: Shaymin|Earth Power|p1a: Toxapex\n|-supereffective|p1a: Toxapex\n|-damage|p1a: Toxapex|48\/100\n|move|p1a: Toxapex|Toxic|p2a: Shaymin\n|-status|p2a: Shaymin|tox\n|\n|-heal|p1a: Toxapex|54\/100|[from] item: Black Sludge\n|-damage|p2a: Shaymin|94\/100 tox|[from] psn\n|-fieldend|move: Electric Terrain\n|upkeep\n|turn|6\n|\n|t:|1698255805\n|switch|p2a: Miraidon|Miraidon|71\/100\n|-damage|p2a: Miraidon|58\/100|[from] Stealth Rock\n|-fieldstart|move: Electric Terrain|[from] ability: Hadron Engine|[of] p2a: Miraidon\n|move|p1a: Toxapex|Baneful Bunker||[still]\n|-fail|p1a: Toxapex\n|\n|-heal|p1a: Toxapex|60\/100|[from] item: Black Sludge\n|upkeep\n|turn|7\n|\n|t:|1698255814\n|move|p2a: Miraidon|Electro Drift|p1a: Toxapex\n|-supereffective|p1a: Toxapex\n|-damage|p1a: Toxapex|0 fnt\n|faint|p1a: Toxapex\n|-damage|p2a: Miraidon|48\/100|[from] item: Life Orb\n|\n|upkeep\n|\n|t:|1698255821\n|switch|p1a: Chesnaught|Chesnaught, M|100\/100\n|turn|8\n|\n|t:|1698255827\n|move|p2a: Miraidon|Overheat|p1a: Chesnaught\n|-supereffective|p1a: Chesnaught\n|-damage|p1a: Chesnaught|0 fnt\n|-unboost|p2a: Miraidon|spa|2\n|faint|p1a: Chesnaught\n|-damage|p2a: Miraidon|38\/100|[from] item: Life Orb\n|\n|upkeep\n|\n|t:|1698255834\n|switch|p1a: Basculegion|Basculegion, M|100\/100\n|turn|9\n|c|\u2606amspooky|what happened to\n|c|\u2606amspooky|\"you will lose\"\n|\n|t:|1698255841\n|-terastallize|p2a: Miraidon|Electric\n|move|p1a: Basculegion|Last Respects|p2a: Miraidon\n|-damage|p2a: Miraidon|0 fnt\n|faint|p2a: Miraidon\n|\n|upkeep\n|c|\u2606MozezzRS|Watch\n|\n|t:|1698255847\n|switch|p2a: cope|Arceus|100\/100\n|-damage|p2a: cope|88\/100|[from] Stealth Rock\n|turn|10\n|c|\u2606amspooky|i am watching\n|-message|MozezzRS forfeited.\n|\n|win|amspooky\n|raw|MozezzRS's rating: 1327 &rarr; <strong>1305<\/strong><br \/>(-22 for losing)\n|raw|amspooky's rating: 1291 &rarr; <strong>1319<\/strong><br \/>(+28 for winning)\n|l|\u2606MozezzRS\n|c|\u2606amspooky|oh\n","uploadtime":1698255870,"views":13,"p1id":"mozezzrs","p2id":"amspooky","formatid":"gen9anythinggoes","rating":1305,"private":0,"password":""}