{"id":"gen9anythinggoes-1983791312","p1":"shadowCG","p2":"Mesprit20","format":"[Gen 9] Anything Goes","log":"|j|\u2606shadowCG\n|j|\u2606Mesprit20\n|t:|1699181824\n|gametype|singles\n|player|p1|shadowCG|winona|1092\n|player|p2|Mesprit20|gentleman-gen4|1185\n|teamsize|p1|6\n|teamsize|p2|6\n|gen|9\n|tier|[Gen 9] Anything Goes\n|rated|\n|rule|HP Percentage Mod: HP is shown in percentages\n|rule|Endless Battle Clause: Forcing endless battles is banned\n|clearpoke\n|poke|p1|Calyrex-Shadow|\n|poke|p1|Samurott-Hisui, M|\n|poke|p1|Zacian-*|\n|poke|p1|Mienshao, F|\n|poke|p1|Miraidon|\n|poke|p1|Gallade, M|\n|poke|p2|Ceruledge, F|\n|poke|p2|Basculegion, M|\n|poke|p2|Gengar, F|\n|poke|p2|Jirachi|\n|poke|p2|Drifblim, M|\n|poke|p2|Drifblim, F|\n|teampreview\n|inactive|Battle timer is ON: inactive players will automatically lose when time's up. (requested by Mesprit20)\n|inactive|shadowCG also wants the timer to be on.\n|\n|t:|1699181833\n|start\n|switch|p1a: Zacian|Zacian-Crowned, shiny|100\/100\n|switch|p2a: Drifblim|Drifblim, M|100\/100\n|-ability|p1a: Zacian|Intrepid Sword|boost\n|-boost|p1a: Zacian|atk|1\n|turn|1\n|\n|t:|1699181852\n|move|p1a: Zacian|Behemoth Blade|p2a: Drifblim\n|-enditem|p2a: Drifblim|Focus Sash\n|-damage|p2a: Drifblim|1\/100\n|move|p2a: Drifblim|Minimize|p2a: Drifblim\n|-boost|p2a: Drifblim|evasion|2\n|\n|upkeep\n|turn|2\n|\n|t:|1699181870\n|move|p2a: Drifblim|Minimize|p2a: Drifblim\n|-boost|p2a: Drifblim|evasion|2\n|move|p1a: Zacian|Behemoth Blade|p2a: Drifblim\n|-damage|p2a: Drifblim|0 fnt\n|faint|p2a: Drifblim\n|\n|upkeep\n|\n|t:|1699181878\n|switch|p2a: Ceruledge|Ceruledge, F|100\/100\n|turn|3\n|\n|t:|1699181885\n|-terastallize|p1a: Zacian|Fire\n|move|p1a: Zacian|Behemoth Blade|p2a: Ceruledge\n|-resisted|p2a: Ceruledge\n|-damage|p2a: Ceruledge|32\/100\n|-ability|p2a: Ceruledge|Weak Armor|boost\n|-unboost|p2a: Ceruledge|def|1\n|-boost|p2a: Ceruledge|spe|2\n|move|p2a: Ceruledge|Swords Dance|p2a: Ceruledge\n|-boost|p2a: Ceruledge|atk|2\n|\n|upkeep\n|turn|4\n|\n|t:|1699181914\n|move|p2a: Ceruledge|Bitter Blade|p1a: Zacian\n|-resisted|p1a: Zacian\n|-damage|p1a: Zacian|67\/100\n|-heal|p2a: Ceruledge|51\/100|[from] drain|[of] p1a: Zacian\n|move|p1a: Zacian|Behemoth Blade|p2a: Ceruledge\n|-resisted|p2a: Ceruledge\n|-damage|p2a: Ceruledge|0 fnt\n|faint|p2a: Ceruledge\n|\n|upkeep\n|c|\u2606shadowCG|..\n|c|\u2606shadowCG|..\n|inactive|Mesprit20 has 120 seconds left.\n|\n|t:|1699181928\n|switch|p2a: Jirachi|Jirachi|100\/100\n|turn|5\n|c|\u2606Mesprit20|hey\n|\n|t:|1699181947\n|move|p1a: Zacian|Behemoth Blade|p2a: Jirachi\n|-resisted|p2a: Jirachi\n|-crit|p2a: Jirachi\n|-damage|p2a: Jirachi|50\/100\n|move|p2a: Jirachi|Iron Defense|p2a: Jirachi\n|-boost|p2a: Jirachi|def|2\n|\n|-heal|p2a: Jirachi|56\/100|[from] item: Leftovers\n|upkeep\n|turn|6\n|\n|t:|1699181959\n|move|p1a: Zacian|Close Combat|p2a: Jirachi\n|-damage|p2a: Jirachi|25\/100\n|-unboost|p1a: Zacian|def|1\n|-unboost|p1a: Zacian|spd|1\n|move|p2a: Jirachi|Iron Defense|p2a: Jirachi\n|-boost|p2a: Jirachi|def|2\n|\n|-heal|p2a: Jirachi|31\/100|[from] item: Leftovers\n|upkeep\n|turn|7\n|\n|t:|1699181972\n|move|p1a: Zacian|Close Combat|p2a: Jirachi\n|-damage|p2a: Jirachi|12\/100\n|-unboost|p1a: Zacian|def|1\n|-unboost|p1a: Zacian|spd|1\n|move|p2a: Jirachi|Charge Beam|p1a: Zacian\n|-damage|p1a: Zacian|47\/100\n|-boost|p2a: Jirachi|spa|1\n|\n|-heal|p2a: Jirachi|18\/100|[from] item: Leftovers\n|upkeep\n|turn|8\n|\n|t:|1699181985\n|move|p1a: Zacian|Behemoth Blade|p2a: Jirachi\n|-resisted|p2a: Jirachi\n|-damage|p2a: Jirachi|7\/100\n|move|p2a: Jirachi|Stored Power|p1a: Zacian\n|-damage|p1a: Zacian|0 fnt\n|faint|p1a: Zacian\n|\n|-heal|p2a: Jirachi|13\/100|[from] item: Leftovers\n|upkeep\n|\n|t:|1699181989\n|switch|p1a: Mienshao|Mienshao, F|100\/100\n|turn|9\n|\n|t:|1699181999\n|move|p1a: Mienshao|High Jump Kick|p2a: Jirachi\n|-damage|p2a: Jirachi|0 fnt\n|faint|p2a: Jirachi\n|\n|upkeep\n|\n|t:|1699182005\n|switch|p2a: Drifblim|Drifblim, F|100\/100\n|turn|10\n|\n|t:|1699182012\n|switch|p1a: Shadow|Calyrex-Shadow|100\/100\n|-ability|p1a: Shadow|As One\n|-ability|p1a: Shadow|Unnerve\n|move|p2a: Drifblim|Minimize|p2a: Drifblim\n|-boost|p2a: Drifblim|evasion|2\n|\n|upkeep\n|turn|11\n|\n|t:|1699182021\n|move|p1a: Shadow|Astral Barrage|p2a: Drifblim|[miss]\n|-miss|p1a: Shadow|p2a: Drifblim\n|move|p2a: Drifblim|Minimize|p2a: Drifblim\n|-boost|p2a: Drifblim|evasion|2\n|\n|upkeep\n|turn|12\n|c|\u2606Mesprit20|:p\n|\n|t:|1699182034\n|move|p1a: Shadow|Astral Barrage|p2a: Drifblim\n|-supereffective|p2a: Drifblim\n|-enditem|p2a: Drifblim|Focus Sash\n|-damage|p2a: Drifblim|1\/100\n|move|p2a: Drifblim|Minimize|p2a: Drifblim\n|-boost|p2a: Drifblim|evasion|2\n|\n|upkeep\n|turn|13\n|c|\u2606shadowCG|:)\n|\n|t:|1699182047\n|move|p2a: Drifblim|Amnesia|p2a: Drifblim\n|-boost|p2a: Drifblim|spd|2\n|move|p1a: Shadow|Astral Barrage|p2a: Drifblim\n|-supereffective|p2a: Drifblim\n|-damage|p2a: Drifblim|0 fnt\n|faint|p2a: Drifblim\n|-ability|p1a: Shadow|Grim Neigh|boost\n|-boost|p1a: Shadow|spa|1\n|\n|upkeep\n|c|\u2606Mesprit20|:)\n|\n|t:|1699182060\n|switch|p2a: Gengar|Gengar, F|100\/100\n|turn|14\n|l|\u2606shadowCG\n|inactive|shadowCG disconnected and has a minute to reconnect!\n|player|p1|\n|c|\u2606Mesprit20|:P\n|inactive|shadowCG has 30 seconds to reconnect!\n|j|\u2606shadowCG\n|inactive|shadowCG reconnected and has 115 seconds left.\n|player|p1|shadowCG|winona\n|\n|t:|1699182102\n|move|p2a: Gengar|Shadow Ball|p1a: Shadow\n|-supereffective|p1a: Shadow\n|-damage|p1a: Shadow|0 fnt\n|faint|p1a: Shadow\n|\n|upkeep\n|c|\u2606Mesprit20|:)\n|\n|t:|1699182107\n|switch|p1a: Gallade|Gallade, M|100\/100\n|turn|15\n|c|\u2606Mesprit20|:)\n|\n|t:|1699182120\n|move|p2a: Gengar|Dazzling Gleam|p1a: Gallade\n|-supereffective|p1a: Gallade\n|-damage|p1a: Gallade|44\/100\n|move|p1a: Gallade|Psycho Cut|p2a: Gengar\n|-supereffective|p2a: Gengar\n|-damage|p2a: Gengar|0 fnt\n|-start|p1a: Gallade|Disable|Psycho Cut|[from] ability: Cursed Body|[of] p2a: Gengar\n|faint|p2a: Gengar\n|\n|upkeep\n|\n|t:|1699182133\n|switch|p2a: Basculegion|Basculegion, M|100\/100\n|turn|16\n|inactive|shadowCG has 120 seconds left.\n|\n|t:|1699182153\n|switch|p1a: Miraidon|Miraidon|100\/100\n|-fieldstart|move: Electric Terrain|[from] ability: Hadron Engine|[of] p1a: Miraidon\n|move|p2a: Basculegion|Last Respects|p1a: Miraidon\n|-damage|p1a: Miraidon|0 fnt\n|faint|p1a: Miraidon\n|\n|upkeep\n|c|\u2606Mesprit20|you fell into my trap\n|inactive|shadowCG has 90 seconds left.\n|\n|t:|1699182177\n|switch|p1a: Samurai|Samurott-Hisui, M|100\/100\n|turn|17\n|c|\u2606Mesprit20|when the team falls....\n|\n|t:|1699182186\n|-terastallize|p2a: Basculegion|Dark\n|move|p2a: Basculegion|Last Respects|p1a: Samurai\n|-resisted|p1a: Samurai\n|-damage|p1a: Samurai|31\/100\n|move|p1a: Samurai|Ceaseless Edge|p2a: Basculegion\n|-resisted|p2a: Basculegion\n|-damage|p2a: Basculegion|81\/100\n|-sidestart|p2: Mesprit20|Spikes\n|\n|upkeep\n|turn|18\n|\n|t:|1699182197\n|move|p2a: Basculegion|Last Respects|p1a: Samurai\n|-resisted|p1a: Samurai\n|-damage|p1a: Samurai|0 fnt\n|faint|p1a: Samurai\n|\n|upkeep\n|c|\u2606Mesprit20|there is one man....\n|-message|shadowCG forfeited.\n|\n|win|Mesprit20\n|raw|shadowCG's rating: 1046 &rarr; <strong>1036<\/strong><br \/>(-10 for losing)\n|raw|Mesprit20's rating: 1185 &rarr; <strong>1200<\/strong><br \/>(+15 for winning)\n|l|\u2606shadowCG\n|c|\u2606Mesprit20|gg\n","uploadtime":1699182215,"views":7,"p1id":"shadowcg","p2id":"mesprit20","formatid":"gen9anythinggoes","rating":1036,"private":0,"password":""}