{"id":"gen9anythinggoes-2000083375","p1":"Bombastus15","p2":"KizuDaBest","format":"[Gen 9] Anything Goes","log":"|j|\u2606Bombastus15\n|j|\u2606KizuDaBest\n|t:|1701151637\n|gametype|singles\n|player|p1|Bombastus15|backpacker|\n|player|p2|KizuDaBest|iris|\n|teamsize|p1|6\n|teamsize|p2|6\n|gen|9\n|tier|[Gen 9] Anything Goes\n|rule|HP Percentage Mod: HP is shown in percentages\n|rule|Endless Battle Clause: Forcing endless battles is banned\n|clearpoke\n|poke|p1|Alomomola, M|\n|poke|p1|Glimmora, M|\n|poke|p1|Kingambit, M|\n|poke|p1|Garganacl, F|\n|poke|p1|Great Tusk|\n|poke|p1|Chandelure, F|\n|poke|p2|Sneasler, F|\n|poke|p2|Garganacl, F|\n|poke|p2|Vaporeon, F|\n|poke|p2|Slither Wing|\n|poke|p2|Zoroark, M|\n|poke|p2|Delphox, M|\n|teampreview\n|\n|t:|1701151670\n|start\n|switch|p1a: Glimmora|Glimmora, M|100\/100\n|switch|p2a: Sneasler|Sneasler, F|100\/100\n|-item|p2a: Sneasler|Air Balloon\n|turn|1\n|\n|t:|1701151682\n|move|p1a: Glimmora|Spiky Shield|p1a: Glimmora\n|-singleturn|p1a: Glimmora|move: Protect\n|move|p2a: Sneasler|Swords Dance|p2a: Sneasler\n|-boost|p2a: Sneasler|atk|2\n|\n|upkeep\n|turn|2\n|\n|t:|1701151689\n|move|p2a: Sneasler|Swords Dance|p2a: Sneasler\n|-boost|p2a: Sneasler|atk|2\n|move|p1a: Glimmora|Stealth Rock|p2a: Sneasler\n|-sidestart|p2: KizuDaBest|move: Stealth Rock\n|\n|upkeep\n|turn|3\n|\n|t:|1701151695\n|move|p2a: Sneasler|Swords Dance|p2a: Sneasler\n|-boost|p2a: Sneasler|atk|2\n|move|p1a: Glimmora|Power Gem|p2a: Sneasler\n|-resisted|p2a: Sneasler\n|-damage|p2a: Sneasler|73\/100\n|-enditem|p2a: Sneasler|Air Balloon\n|\n|upkeep\n|turn|4\n|\n|t:|1701151707\n|move|p1a: Glimmora|Spiky Shield|p1a: Glimmora\n|-singleturn|p1a: Glimmora|move: Protect\n|move|p2a: Sneasler|Shadow Claw|p1a: Glimmora\n|-activate|p1a: Glimmora|move: Protect\n|-damage|p2a: Sneasler|60\/100|[from] Spiky Shield|[of] p1a: Glimmora\n|\n|upkeep\n|turn|5\n|\n|t:|1701151716\n|move|p2a: Sneasler|Shadow Claw|p1a: Glimmora\n|-crit|p1a: Glimmora\n|-damage|p1a: Glimmora|0 fnt\n|-activate|p1a: Glimmora|ability: Toxic Debris\n|-sidestart|p2: KizuDaBest|move: Toxic Spikes\n|faint|p1a: Glimmora\n|\n|upkeep\n|\n|t:|1701151727\n|switch|p1a: Chandelure|Chandelure, F|100\/100\n|turn|6\n|\n|t:|1701151735\n|move|p2a: Sneasler|Shadow Claw|p1a: Chandelure\n|-supereffective|p1a: Chandelure\n|-damage|p1a: Chandelure|0 fnt\n|faint|p1a: Chandelure\n|\n|upkeep\n|\n|t:|1701151742\n|switch|p1a: Garganacl|Garganacl, F|100\/100\n|turn|7\n|\n|t:|1701151755\n|-terastallize|p1a: Garganacl|Ghost\n|move|p2a: Sneasler|Dire Claw|p1a: Garganacl\n|-resisted|p1a: Garganacl\n|-damage|p1a: Garganacl|44\/100\n|move|p1a: Garganacl|Curse|p2a: Sneasler\n|-start|p2a: Sneasler|Curse|[of] p1a: Garganacl\n|-damage|p1a: Garganacl|0 fnt\n|faint|p1a: Garganacl\n|\n|-damage|p2a: Sneasler|35\/100|[from] Curse\n|upkeep\n|\n|t:|1701151766\n|switch|p1a: Alomomola|Alomomola, M|100\/100\n|turn|8\n|\n|t:|1701151769\n|move|p1a: Alomomola|Protect|p1a: Alomomola\n|-singleturn|p1a: Alomomola|Protect\n|move|p2a: Sneasler|Shadow Claw|p1a: Alomomola\n|-activate|p1a: Alomomola|move: Protect\n|\n|-damage|p2a: Sneasler|10\/100|[from] Curse\n|upkeep\n|turn|9\n|\n|t:|1701151778\n|switch|p1a: Kingambit|Kingambit, M|100\/100\n|-activate|p1a: Kingambit|ability: Supreme Overlord\n|-start|p1a: Kingambit|fallen3|[silent]\n|move|p2a: Sneasler|Shadow Claw|p1a: Kingambit\n|-resisted|p1a: Kingambit\n|-damage|p1a: Kingambit|61\/100\n|\n|-damage|p2a: Sneasler|0 fnt|[from] Curse\n|faint|p2a: Sneasler\n|upkeep\n|\n|t:|1701151804\n|switch|p2a: Vaporeon|Vaporeon, F, shiny|100\/100\n|turn|10\n|\n|t:|1701151812\n|move|p1a: Kingambit|Sucker Punch||[still]\n|-fail|p1a: Kingambit\n|move|p2a: Vaporeon|Rain Dance|p2a: Vaporeon\n|-weather|RainDance\n|\n|-weather|RainDance|[upkeep]\n|upkeep\n|turn|11\n|\n|t:|1701151822\n|move|p2a: Vaporeon|Protect|p2a: Vaporeon\n|-singleturn|p2a: Vaporeon|Protect\n|move|p1a: Kingambit|Kowtow Cleave|p2a: Vaporeon\n|-activate|p2a: Vaporeon|move: Protect\n|\n|-weather|RainDance|[upkeep]\n|upkeep\n|turn|12\n|\n|t:|1701151830\n|move|p2a: Vaporeon|Muddy Water|p1a: Kingambit|[miss]\n|-miss|p2a: Vaporeon|p1a: Kingambit\n|move|p1a: Kingambit|Kowtow Cleave|p2a: Vaporeon\n|-damage|p2a: Vaporeon|27\/100\n|\n|-weather|RainDance|[upkeep]\n|upkeep\n|turn|13\n|\n|t:|1701151836\n|move|p1a: Kingambit|Sucker Punch||[still]\n|-fail|p1a: Kingambit\n|move|p2a: Vaporeon|Rest|p2a: Vaporeon\n|-status|p2a: Vaporeon|slp|[from] move: Rest\n|-heal|p2a: Vaporeon|100\/100 slp|[silent]\n|\n|-weather|RainDance|[upkeep]\n|upkeep\n|turn|14\n|\n|t:|1701151870\n|cant|p2a: Vaporeon|slp\n|move|p1a: Kingambit|Kowtow Cleave|p2a: Vaporeon\n|-damage|p2a: Vaporeon|28\/100 slp\n|\n|-weather|none\n|upkeep\n|turn|15\n|\n|t:|1701151880\n|cant|p2a: Vaporeon|slp\n|move|p1a: Kingambit|Kowtow Cleave|p2a: Vaporeon\n|-damage|p2a: Vaporeon|0 fnt\n|faint|p2a: Vaporeon\n|\n|upkeep\n|\n|t:|1701151889\n|switch|p2a: Delphox|Delphox, M, shiny|100\/100\n|-damage|p2a: Delphox|88\/100|[from] Stealth Rock\n|-status|p2a: Delphox|psn\n|turn|16\n|\n|t:|1701151894\n|move|p1a: Kingambit|Sucker Punch|p2a: Delphox\n|-resisted|p2a: Delphox\n|-damage|p2a: Delphox|38\/100 psn\n|replace|p2a: Zoroark|Zoroark, M, shiny\n|-end|p2a: Zoroark|Illusion\n|move|p2a: Zoroark|Flamethrower|p1a: Kingambit\n|-supereffective|p1a: Kingambit\n|-crit|p1a: Kingambit\n|-damage|p1a: Kingambit|0 fnt\n|faint|p1a: Kingambit\n|-end|p1a: Kingambit|fallen3|[silent]\n|\n|-damage|p2a: Zoroark|25\/100 psn|[from] psn\n|upkeep\n|\n|t:|1701151910\n|switch|p1a: Great Tusk|Great Tusk|100\/100\n|turn|17\n|\n|t:|1701151918\n|move|p2a: Zoroark|Focus Blast|p1a: Great Tusk\n|-damage|p1a: Great Tusk|50\/100\n|move|p1a: Great Tusk|Rapid Spin|p2a: Zoroark\n|-damage|p2a: Zoroark|0 fnt\n|-boost|p1a: Great Tusk|spe|1\n|faint|p2a: Zoroark\n|\n|upkeep\n|\n|t:|1701151929\n|switch|p2a: Slither Wing|Slither Wing, shiny|100\/100\n|-damage|p2a: Slither Wing|88\/100|[from] Stealth Rock\n|-status|p2a: Slither Wing|psn\n|-enditem|p2a: Slither Wing|Booster Energy\n|-activate|p2a: Slither Wing|ability: Protosynthesis|[fromitem]\n|-start|p2a: Slither Wing|protosynthesisatk\n|turn|18\n|\n|t:|1701151942\n|move|p2a: Slither Wing|First Impression|p1a: Great Tusk\n|-resisted|p1a: Great Tusk\n|-damage|p1a: Great Tusk|29\/100\n|move|p1a: Great Tusk|Headlong Rush|p2a: Slither Wing\n|-resisted|p2a: Slither Wing\n|-damage|p2a: Slither Wing|43\/100 psn\n|-unboost|p1a: Great Tusk|def|1\n|-unboost|p1a: Great Tusk|spd|1\n|\n|-damage|p2a: Slither Wing|31\/100 psn|[from] psn\n|upkeep\n|turn|19\n|\n|t:|1701151983\n|-end|p1a: Great Tusk|Protosynthesis|[silent]\n|switch|p1a: Alomomola|Alomomola, M|100\/100\n|-terastallize|p2a: Slither Wing|Ground\n|move|p2a: Slither Wing|Earthquake|p1a: Alomomola\n|-damage|p1a: Alomomola|50\/100\n|\n|-heal|p1a: Alomomola|56\/100|[from] item: Leftovers\n|-damage|p2a: Slither Wing|19\/100 psn|[from] psn\n|upkeep\n|turn|20\n|\n|t:|1701151993\n|move|p1a: Alomomola|Protect|p1a: Alomomola\n|-singleturn|p1a: Alomomola|Protect\n|move|p2a: Slither Wing|Leech Life|p1a: Alomomola\n|-activate|p1a: Alomomola|move: Protect\n|\n|-heal|p1a: Alomomola|63\/100|[from] item: Leftovers\n|-damage|p2a: Slither Wing|6\/100 psn|[from] psn\n|upkeep\n|turn|21\n|\n|t:|1701152001\n|move|p2a: Slither Wing|Leech Life|p1a: Alomomola\n|-damage|p1a: Alomomola|21\/100\n|-heal|p2a: Slither Wing|42\/100 psn|[from] drain|[of] p1a: Alomomola\n|move|p1a: Alomomola|Wish|p1a: Alomomola\n|\n|-heal|p1a: Alomomola|28\/100|[from] item: Leftovers\n|-damage|p2a: Slither Wing|29\/100 psn|[from] psn\n|upkeep\n|turn|22\n|\n|t:|1701152011\n|switch|p1a: Great Tusk|Great Tusk|29\/100\n|move|p2a: Slither Wing|Leech Life|p1a: Great Tusk\n|-resisted|p1a: Great Tusk\n|-damage|p1a: Great Tusk|9\/100\n|-heal|p2a: Slither Wing|43\/100 psn|[from] drain|[of] p1a: Great Tusk\n|\n|-heal|p1a: Great Tusk|74\/100|[from] move: Wish|[wisher] Alomomola\n|-damage|p2a: Slither Wing|30\/100 psn|[from] psn\n|upkeep\n|turn|23\n|\n|t:|1701152026\n|move|p2a: Slither Wing|Earthquake|p1a: Great Tusk\n|-damage|p1a: Great Tusk|25\/100\n|move|p1a: Great Tusk|Headlong Rush|p2a: Slither Wing\n|-damage|p2a: Slither Wing|0 fnt\n|-unboost|p1a: Great Tusk|def|1\n|-unboost|p1a: Great Tusk|spd|1\n|faint|p2a: Slither Wing\n|-end|p2a: Slither Wing|Protosynthesis|[silent]\n|\n|upkeep\n|\n|t:|1701152051\n|switch|p2a: Garganacl|Garganacl, F|100\/100\n|-damage|p2a: Garganacl|88\/100|[from] Stealth Rock\n|turn|24\n|\n|t:|1701152059\n|move|p2a: Garganacl|Protect|p2a: Garganacl\n|-singleturn|p2a: Garganacl|Protect\n|move|p1a: Great Tusk|Headlong Rush|p2a: Garganacl\n|-activate|p2a: Garganacl|move: Protect\n|\n|-heal|p2a: Garganacl|94\/100|[from] item: Leftovers\n|upkeep\n|turn|25\n|\n|t:|1701152066\n|-end|p1a: Great Tusk|Protosynthesis|[silent]\n|switch|p1a: Alomomola|Alomomola, M|61\/100\n|move|p2a: Garganacl|Stomping Tantrum|p1a: Alomomola\n|-damage|p1a: Alomomola|49\/100\n|\n|-heal|p1a: Alomomola|55\/100|[from] item: Leftovers\n|-heal|p2a: Garganacl|100\/100|[from] item: Leftovers\n|upkeep\n|turn|26\n|\n|t:|1701152079\n|move|p1a: Alomomola|Wish|p1a: Alomomola\n|move|p2a: Garganacl|Salt Cure|p1a: Alomomola\n|-damage|p1a: Alomomola|45\/100\n|-start|p1a: Alomomola|Salt Cure\n|\n|-heal|p1a: Alomomola|52\/100|[from] item: Leftovers\n|-damage|p1a: Alomomola|27\/100|[from] Salt Cure\n|upkeep\n|turn|27\n|\n|t:|1701152091\n|move|p1a: Alomomola|Flip Turn|p2a: Garganacl\n|-supereffective|p2a: Garganacl\n|-damage|p2a: Garganacl|83\/100\n|\n|t:|1701152095\n|switch|p1a: Great Tusk|Great Tusk|25\/100|[from] Flip Turn\n|move|p2a: Garganacl|Avalanche|p1a: Great Tusk\n|-supereffective|p1a: Great Tusk\n|-damage|p1a: Great Tusk|5\/100\n|\n|-heal|p1a: Great Tusk|70\/100|[from] move: Wish|[wisher] Alomomola\n|-heal|p2a: Garganacl|89\/100|[from] item: Leftovers\n|upkeep\n|turn|28\n|\n|t:|1701152109\n|move|p2a: Garganacl|Protect|p2a: Garganacl\n|-singleturn|p2a: Garganacl|Protect\n|move|p1a: Great Tusk|Knock Off|p2a: Garganacl\n|-activate|p2a: Garganacl|move: Protect\n|\n|-heal|p2a: Garganacl|95\/100|[from] item: Leftovers\n|upkeep\n|turn|29\n|\n|t:|1701152154\n|move|p1a: Great Tusk|Knock Off|p2a: Garganacl\n|-damage|p2a: Garganacl|76\/100\n|-enditem|p2a: Garganacl|Leftovers|[from] move: Knock Off|[of] p1a: Great Tusk\n|move|p2a: Garganacl|Stomping Tantrum|p1a: Great Tusk\n|-damage|p1a: Great Tusk|58\/100\n|\n|upkeep\n|turn|30\n|\n|t:|1701152177\n|-end|p1a: Great Tusk|Protosynthesis|[silent]\n|switch|p1a: Alomomola|Alomomola, M|60\/100\n|move|p2a: Garganacl|Salt Cure|p1a: Alomomola\n|-damage|p1a: Alomomola|50\/100\n|-start|p1a: Alomomola|Salt Cure\n|\n|-heal|p1a: Alomomola|57\/100|[from] item: Leftovers\n|-damage|p1a: Alomomola|32\/100|[from] Salt Cure\n|upkeep\n|turn|31\n|\n|t:|1701152186\n|move|p1a: Alomomola|Wish|p1a: Alomomola\n|move|p2a: Garganacl|Salt Cure|p1a: Alomomola\n|-damage|p1a: Alomomola|23\/100\n|\n|-heal|p1a: Alomomola|29\/100|[from] item: Leftovers\n|-damage|p1a: Alomomola|4\/100|[from] Salt Cure\n|upkeep\n|turn|32\n|\n|t:|1701152194\n|switch|p1a: Great Tusk|Great Tusk|58\/100\n|move|p2a: Garganacl|Salt Cure|p1a: Great Tusk\n|-resisted|p1a: Great Tusk\n|-damage|p1a: Great Tusk|56\/100\n|-start|p1a: Great Tusk|Salt Cure\n|\n|-heal|p1a: Great Tusk|100\/100|[from] move: Wish|[wisher] Alomomola\n|-damage|p1a: Great Tusk|88\/100|[from] Salt Cure\n|upkeep\n|turn|33\n|\n|t:|1701152206\n|move|p1a: Great Tusk|Rapid Spin|p2a: Garganacl\n|-resisted|p2a: Garganacl\n|-damage|p2a: Garganacl|71\/100\n|-boost|p1a: Great Tusk|spe|1\n|move|p2a: Garganacl|Avalanche|p1a: Great Tusk\n|-supereffective|p1a: Great Tusk\n|-damage|p1a: Great Tusk|49\/100\n|\n|-damage|p1a: Great Tusk|36\/100|[from] Salt Cure\n|upkeep\n|turn|34\n|\n|t:|1701152230\n|move|p1a: Great Tusk|Headlong Rush|p2a: Garganacl\n|-supereffective|p2a: Garganacl\n|-damage|p2a: Garganacl|0 fnt\n|-unboost|p1a: Great Tusk|def|1\n|-unboost|p1a: Great Tusk|spd|1\n|faint|p2a: Garganacl\n|\n|-damage|p1a: Great Tusk|24\/100|[from] Salt Cure\n|upkeep\n|\n|t:|1701152237\n|switch|p2a: Delphox|Delphox, M, shiny|100\/100\n|-damage|p2a: Delphox|76\/100|[from] Stealth Rock\n|-status|p2a: Delphox|psn\n|turn|35\n|\n|t:|1701152253\n|move|p1a: Great Tusk|Headlong Rush|p2a: Delphox\n|-supereffective|p2a: Delphox\n|-damage|p2a: Delphox|0 fnt\n|-unboost|p1a: Great Tusk|def|1\n|-unboost|p1a: Great Tusk|spd|1\n|faint|p2a: Delphox\n|\n|win|Bombastus15\n|l|\u2606Bombastus15\n|j|\u2606Bombastus15\n|player|p1|Bombastus15|backpacker\n","uploadtime":1701152381,"views":5,"p1id":"bombastus15","p2id":"kizudabest","formatid":"gen9anythinggoes","rating":0,"private":0,"password":""}