{"id":"gen9anythinggoes-1980445094","p1":"ChimeBliss","p2":"Steals Your Team","format":"[Gen 9] Anything Goes","log":"|j|\u2606ChimeBliss\n|j|\u2606Steals Your Team\n|t:|1698785567\n|gametype|singles\n|player|p1|ChimeBliss|dawn-gen4pt|1201\n|player|p2|Steals Your Team|170|1044\n|teamsize|p1|6\n|teamsize|p2|6\n|gen|9\n|tier|[Gen 9] Anything Goes\n|rated|\n|rule|HP Percentage Mod: HP is shown in percentages\n|rule|Endless Battle Clause: Forcing endless battles is banned\n|clearpoke\n|poke|p1|Grimmsnarl, M|\n|poke|p1|Glimmora, M|\n|poke|p1|Arceus|\n|poke|p1|Arceus-Ground|\n|poke|p1|Koraidon|\n|poke|p1|Calyrex-Shadow|\n|poke|p2|Ditto|\n|poke|p2|Ditto|\n|poke|p2|Ditto|\n|poke|p2|Ditto|\n|poke|p2|Ditto|\n|poke|p2|Ditto|\n|teampreview\n|inactive|Battle timer is ON: inactive players will automatically lose when time's up. (requested by ChimeBliss)\n|\n|t:|1698785581\n|start\n|switch|p1a: Glimmora|Glimmora, M|100\/100\n|switch|p2a: Ditto|Ditto, shiny|100\/100\n|-transform|p2a: Ditto|p1a: Glimmora|[from] ability: Imposter\n|turn|1\n|\n|t:|1698785596\n|move|p2a: Ditto|Spikes|p1a: Glimmora\n|-sidestart|p1: ChimeBliss|Spikes\n|move|p1a: Glimmora|Spikes|p2a: Ditto\n|-sidestart|p2: Steals Your Team|Spikes\n|\n|upkeep\n|turn|2\n|c|\u2606Steals Your Team|stall real:\n|\n|t:|1698785600\n|move|p1a: Glimmora|Spikes|p2a: Ditto\n|-sidestart|p2: Steals Your Team|Spikes\n|move|p2a: Ditto|Spikes|p1a: Glimmora\n|-sidestart|p1: ChimeBliss|Spikes\n|\n|upkeep\n|turn|3\n|\n|t:|1698785603\n|move|p2a: Ditto|Spikes|p1a: Glimmora\n|-sidestart|p1: ChimeBliss|Spikes\n|move|p1a: Glimmora|Spikes|p2a: Ditto\n|-sidestart|p2: Steals Your Team|Spikes\n|\n|upkeep\n|turn|4\n|\n|t:|1698785609\n|move|p2a: Ditto|Mud Shot|p1a: Glimmora\n|-supereffective|p1a: Glimmora\n|-damage|p1a: Glimmora|7\/100\n|-unboost|p1a: Glimmora|spe|1\n|move|p1a: Glimmora|Mud Shot|p2a: Ditto\n|-supereffective|p2a: Ditto\n|-damage|p2a: Ditto|0 fnt\n|faint|p2a: Ditto\n|\n|upkeep\n|\n|t:|1698785614\n|switch|p2a: Ditto|Ditto, shiny|100\/100\n|-damage|p2a: Ditto|75\/100|[from] Spikes\n|-transform|p2a: Ditto|p1a: Glimmora|[from] ability: Imposter\n|turn|5\n|\n|t:|1698785616\n|move|p1a: Glimmora|Mortal Spin|p2a: Ditto\n|-resisted|p2a: Ditto\n|-damage|p2a: Ditto|74\/100\n|-activate|p2a: Ditto|ability: Toxic Debris\n|-sidestart|p1: ChimeBliss|move: Toxic Spikes\n|-sideend|p1: ChimeBliss|Spikes|[from] move: Mortal Spin|[of] p1a: Glimmora\n|-sideend|p1: ChimeBliss|Toxic Spikes|[from] move: Mortal Spin|[of] p1a: Glimmora\n|move|p2a: Ditto|Mud Shot|p1a: Glimmora\n|-supereffective|p1a: Glimmora\n|-damage|p1a: Glimmora|0 fnt\n|faint|p1a: Glimmora\n|\n|upkeep\n|\n|t:|1698785637\n|switch|p1a: Grimmsnarl|Grimmsnarl, M|100\/100\n|turn|6\n|\n|t:|1698785650\n|move|p1a: Grimmsnarl|Taunt|p2a: Ditto\n|-start|p2a: Ditto|move: Taunt\n|move|p2a: Ditto|Mortal Spin|p1a: Grimmsnarl\n|-supereffective|p1a: Grimmsnarl\n|-damage|p1a: Grimmsnarl|86\/100\n|-status|p1a: Grimmsnarl|psn\n|-sideend|p2: Steals Your Team|Spikes|[from] move: Mortal Spin|[of] p2a: Ditto\n|\n|-damage|p1a: Grimmsnarl|74\/100 psn|[from] psn\n|upkeep\n|turn|7\n|\n|t:|1698785657\n|move|p1a: Grimmsnarl|Reflect|p1a: Grimmsnarl\n|-sidestart|p1: ChimeBliss|Reflect\n|move|p2a: Ditto|Mortal Spin|p1a: Grimmsnarl\n|-supereffective|p1a: Grimmsnarl\n|-damage|p1a: Grimmsnarl|66\/100 psn\n|\n|-damage|p1a: Grimmsnarl|54\/100 psn|[from] psn\n|upkeep\n|turn|8\n|\n|t:|1698785660\n|move|p1a: Grimmsnarl|Light Screen|p1a: Grimmsnarl\n|-sidestart|p1: ChimeBliss|move: Light Screen\n|move|p2a: Ditto|Mortal Spin|p1a: Grimmsnarl\n|-supereffective|p1a: Grimmsnarl\n|-damage|p1a: Grimmsnarl|47\/100 psn\n|\n|-damage|p1a: Grimmsnarl|35\/100 psn|[from] psn\n|-end|p2a: Ditto|move: Taunt\n|upkeep\n|turn|9\n|\n|t:|1698785663\n|move|p1a: Grimmsnarl|Taunt|p2a: Ditto\n|-start|p2a: Ditto|move: Taunt\n|move|p2a: Ditto|Mortal Spin|p1a: Grimmsnarl\n|-supereffective|p1a: Grimmsnarl\n|-damage|p1a: Grimmsnarl|27\/100 psn\n|\n|-damage|p1a: Grimmsnarl|15\/100 psn|[from] psn\n|upkeep\n|turn|10\n|c|\u2606Steals Your Team|spam moment\n|\n|t:|1698785672\n|move|p1a: Grimmsnarl|Taunt||[still]\n|-fail|p1a: Grimmsnarl\n|move|p2a: Ditto|Mortal Spin|p1a: Grimmsnarl\n|-supereffective|p1a: Grimmsnarl\n|-damage|p1a: Grimmsnarl|7\/100 psn\n|\n|-damage|p1a: Grimmsnarl|0 fnt|[from] psn\n|faint|p1a: Grimmsnarl\n|upkeep\n|\n|t:|1698785680\n|switch|p1a: Calyrex|Calyrex-Shadow|100\/100\n|-ability|p1a: Calyrex|As One\n|-ability|p1a: Calyrex|Unnerve\n|turn|11\n|\n|t:|1698785684\n|move|p1a: Calyrex|Astral Barrage|p2a: Ditto\n|-damage|p2a: Ditto|0 fnt\n|faint|p2a: Ditto\n|-ability|p1a: Calyrex|Grim Neigh|boost\n|-boost|p1a: Calyrex|spa|1\n|\n|upkeep\n|\n|t:|1698785692\n|switch|p2a: Ditto|Ditto, shiny|100\/100\n|-transform|p2a: Ditto|p1a: Calyrex|[from] ability: Imposter\n|turn|12\n|\n|t:|1698785694\n|-terastallize|p1a: Calyrex|Fairy\n|move|p1a: Calyrex|Astral Barrage|p2a: Ditto\n|-supereffective|p2a: Ditto\n|-damage|p2a: Ditto|0 fnt\n|faint|p2a: Ditto\n|-ability|p1a: Calyrex|Grim Neigh|boost\n|-boost|p1a: Calyrex|spa|1\n|\n|upkeep\n|\n|t:|1698785698\n|switch|p2a: Ditto|Ditto, shiny|100\/100\n|-transform|p2a: Ditto|p1a: Calyrex|[from] ability: Imposter\n|-start|p2a: Ditto|typechange|Psychic\/Ghost|[silent]\n|turn|13\n|\n|t:|1698785705\n|-terastallize|p2a: Ditto|Normal\n|move|p2a: Ditto|Astral Barrage|p1a: Calyrex\n|-damage|p1a: Calyrex|40\/100\n|move|p1a: Calyrex|Astral Barrage|p2a: Ditto\n|-immune|p2a: Ditto\n|\n|-heal|p1a: Calyrex|46\/100|[from] item: Leftovers\n|upkeep\n|turn|14\n|c|\u2606Steals Your Team|e\n|\n|t:|1698785713\n|move|p1a: Calyrex|Draining Kiss|p2a: Ditto\n|-damage|p2a: Ditto|17\/100\n|-heal|p1a: Calyrex|88\/100|[from] drain|[of] p2a: Ditto\n|move|p2a: Ditto|Astral Barrage|p1a: Calyrex\n|-damage|p1a: Calyrex|28\/100\n|\n|-heal|p1a: Calyrex|34\/100|[from] item: Leftovers\n|-sideend|p1: ChimeBliss|Reflect\n|upkeep\n|turn|15\n|\n|t:|1698785720\n|move|p2a: Ditto|Astral Barrage|p1a: Calyrex\n|-damage|p1a: Calyrex|0 fnt\n|-enditem|p2a: Ditto|Aguav Berry|[eat]\n|-heal|p2a: Ditto|50\/100|[from] item: Aguav Berry\n|-start|p2a: Ditto|confusion\n|faint|p1a: Calyrex\n|-ability|p2a: Ditto|Grim Neigh|boost\n|-boost|p2a: Ditto|spa|1\n|\n|-sideend|p1: ChimeBliss|move: Light Screen\n|upkeep\n|\n|t:|1698785736\n|switch|p1a: Arceus|Arceus|100\/100\n|turn|16\n|\n|t:|1698785741\n|-activate|p2a: Ditto|confusion\n|-damage|p2a: Ditto|42\/100|[from] confusion\n|move|p1a: Arceus|Shadow Claw|p2a: Ditto\n|-immune|p2a: Ditto\n|\n|upkeep\n|turn|17\n|\n|t:|1698785745\n|move|p1a: Arceus|Extreme Speed|p2a: Ditto\n|-damage|p2a: Ditto|0 fnt\n|faint|p2a: Ditto\n|\n|upkeep\n|c|\u2606Steals Your Team|n a h\n|\n|t:|1698785750\n|switch|p2a: Ditto|Ditto, shiny|100\/100\n|-transform|p2a: Ditto|p1a: Arceus|[from] ability: Imposter\n|turn|18\n|\n|t:|1698785776\n|switch|p1a: Koraidon|Koraidon|100\/100\n|-weather|SunnyDay|[from] ability: Orichalcum Pulse|[of] p1a: Koraidon\n|-activate|p1a: Koraidon|Orichalcum Pulse|[source]\n|move|p2a: Ditto|Bulk Up|p2a: Ditto\n|-boost|p2a: Ditto|atk|1\n|-boost|p2a: Ditto|def|1\n|\n|-weather|SunnyDay|[upkeep]\n|upkeep\n|turn|19\n|\n|t:|1698785792\n|move|p2a: Ditto|Extreme Speed|p1a: Koraidon\n|-damage|p1a: Koraidon|41\/100\n|move|p1a: Koraidon|Low Kick|p2a: Ditto\n|-supereffective|p2a: Ditto\n|-damage|p2a: Ditto|0 fnt\n|faint|p2a: Ditto\n|\n|-weather|SunnyDay|[upkeep]\n|upkeep\n|\n|t:|1698785796\n|switch|p2a: Ditto|Ditto, shiny|100\/100\n|-transform|p2a: Ditto|p1a: Koraidon|[from] ability: Imposter\n|-activate|p2a: Ditto|ability: Orichalcum Pulse\n|turn|20\n|\n|t:|1698785801\n|move|p2a: Ditto|Scale Shot|p1a: Koraidon\n|-supereffective|p1a: Koraidon\n|-damage|p1a: Koraidon|9\/100\n|-supereffective|p1a: Koraidon\n|-damage|p1a: Koraidon|0 fnt\n|faint|p1a: Koraidon\n|-hitcount|p1: Koraidon|2\n|-unboost|p2a: Ditto|def|1\n|-boost|p2a: Ditto|spe|1\n|\n|-weather|SunnyDay|[upkeep]\n|upkeep\n|\n|t:|1698785805\n|switch|p1a: Arceus|Arceus|100\/100\n|turn|21\n|\n|t:|1698785822\n|move|p1a: Arceus|Extreme Speed|p2a: Ditto\n|-damage|p2a: Ditto|24\/100\n|-enditem|p2a: Ditto|Aguav Berry|[eat]\n|-heal|p2a: Ditto|58\/100|[from] item: Aguav Berry\n|-start|p2a: Ditto|confusion\n|-activate|p2a: Ditto|confusion\n|move|p2a: Ditto|Low Kick|p1a: Arceus\n|-supereffective|p1a: Arceus\n|-damage|p1a: Arceus|0 fnt\n|faint|p1a: Arceus\n|\n|-weather|SunnyDay|[upkeep]\n|upkeep\n|\n|t:|1698785823\n|switch|p1a: Arceus|Arceus-Ground|100\/100\n|turn|22\n|c|\u2606Steals Your Team|welp\n|c|\u2606Steals Your Team|gg\n|\n|t:|1698785850\n|-activate|p2a: Ditto|confusion\n|move|p2a: Ditto|Low Kick|p1a: Arceus\n|-damage|p1a: Arceus|40\/100\n|move|p1a: Arceus|Earthquake|p2a: Ditto\n|-damage|p2a: Ditto|0 fnt\n|faint|p2a: Ditto\n|\n|win|ChimeBliss\n|raw|ChimeBliss's rating: 1201 &rarr; <strong>1215<\/strong><br \/>(+14 for winning)\n|raw|Steals Your Team's rating: 1044 &rarr; <strong>1034<\/strong><br \/>(-10 for losing)\n|l|\u2606Steals Your Team\n","uploadtime":1698785860,"views":5,"p1id":"chimebliss","p2id":"stealsyourteam","formatid":"gen9anythinggoes","rating":1034,"private":0,"password":""}