{"id":"gen9anythinggoes-1992592907","p1":"oosugsagnjkd","p2":"papahue","format":"[Gen 9] Anything Goes","log":"|j|\u2606oosugsagnjkd\n|j|\u2606papahue\n|t:|1700211466\n|gametype|singles\n|player|p1|oosugsagnjkd|pokemonrangerf|1336\n|player|p2|papahue|266|1356\n|teamsize|p1|6\n|teamsize|p2|6\n|gen|9\n|tier|[Gen 9] Anything Goes\n|rated|\n|rule|HP Percentage Mod: HP is shown in percentages\n|rule|Endless Battle Clause: Forcing endless battles is banned\n|clearpoke\n|poke|p1|Sandaconda, F|\n|poke|p1|Scovillain, F|\n|poke|p1|Toxapex, F|\n|poke|p1|Gliscor, F|\n|poke|p1|Ditto|\n|poke|p1|Blissey, F|\n|poke|p2|Espathra, F|\n|poke|p2|Grimmsnarl, M|\n|poke|p2|Torkoal, M|\n|poke|p2|Vaporeon, F|\n|poke|p2|Meowscarada, F|\n|poke|p2|Delphox, M|\n|teampreview\n|inactive|Battle timer is ON: inactive players will automatically lose when time's up. (requested by oosugsagnjkd)\n|\n|t:|1700211472\n|start\n|switch|p1a: The Fortress|Toxapex, F|100\/100\n|switch|p2a: Salacia|Vaporeon, F|100\/100\n|turn|1\n|\n|t:|1700211478\n|move|p2a: Salacia|Substitute|p2a: Salacia\n|-start|p2a: Salacia|Substitute\n|-damage|p2a: Salacia|75\/100\n|move|p1a: The Fortress|Infestation|p2a: Salacia\n|-activate|p2a: Salacia|move: Substitute|[damage]\n|\n|-heal|p2a: Salacia|82\/100|[from] item: Leftovers\n|upkeep\n|turn|2\n|\n|t:|1700211485\n|move|p2a: Salacia|Scald|p1a: The Fortress\n|-resisted|p1a: The Fortress\n|-damage|p1a: The Fortress|89\/100\n|-status|p1a: The Fortress|brn\n|move|p1a: The Fortress|Toxic Spikes|p2a: Salacia\n|-sidestart|p2: papahue|move: Toxic Spikes\n|\n|-heal|p2a: Salacia|88\/100|[from] item: Leftovers\n|-heal|p1a: The Fortress|95\/100 brn|[from] item: Leftovers\n|-damage|p1a: The Fortress|89\/100 brn|[from] brn\n|upkeep\n|turn|3\n|\n|t:|1700211493\n|switch|p2a: Oog|Torkoal, M|100\/100\n|-weather|SunnyDay|[from] ability: Drought|[of] p2a: Oog\n|move|p1a: The Fortress|Toxic Spikes|p2a: Oog\n|-sidestart|p2: papahue|move: Toxic Spikes\n|\n|-weather|SunnyDay|[upkeep]\n|-heal|p1a: The Fortress|95\/100 brn|[from] item: Leftovers\n|-damage|p1a: The Fortress|89\/100 brn|[from] brn\n|upkeep\n|turn|4\n|\n|t:|1700211497\n|move|p1a: The Fortress|Infestation|p2a: Oog\n|-resisted|p2a: Oog\n|-damage|p2a: Oog|99\/100\n|-activate|p2a: Oog|move: Infestation|[of] p1a: The Fortress\n|move|p2a: Oog|Stealth Rock|p1a: The Fortress\n|-sidestart|p1: oosugsagnjkd|move: Stealth Rock\n|\n|-weather|SunnyDay|[upkeep]\n|-heal|p1a: The Fortress|95\/100 brn|[from] item: Leftovers\n|-damage|p1a: The Fortress|89\/100 brn|[from] brn\n|-damage|p2a: Oog|87\/100|[from] move: Infestation|[partiallytrapped]\n|upkeep\n|turn|5\n|\n|t:|1700211506\n|switch|p1a: The ghost surprise|Blissey, F|100\/100\n|-damage|p1a: The ghost surprise|88\/100|[from] Stealth Rock\n|move|p2a: Oog|Rapid Spin|p1a: The ghost surprise\n|-damage|p1a: The ghost surprise|68\/100\n|-boost|p2a: Oog|spe|1\n|-sideend|p2: papahue|Toxic Spikes|[from] move: Rapid Spin|[of] p2a: Oog\n|-end|p2a: Oog|Infestation|[partiallytrapped]\n|\n|-weather|SunnyDay|[upkeep]\n|-heal|p1a: The ghost surprise|74\/100|[from] item: Leftovers\n|upkeep\n|turn|6\n|\n|t:|1700211515\n|switch|p2a: Flora|Meowscarada, F|100\/100\n|move|p1a: The ghost surprise|Copycat|p1a: The ghost surprise\n|move|p1a: The ghost surprise|Rapid Spin|p2a: Flora|[from]move: Copycat\n|-damage|p2a: Flora|94\/100\n|-boost|p1a: The ghost surprise|spe|1\n|-sideend|p1: oosugsagnjkd|Stealth Rock|[from] move: Rapid Spin|[of] p1a: The ghost surprise\n|\n|-weather|SunnyDay|[upkeep]\n|-heal|p1a: The ghost surprise|81\/100|[from] item: Leftovers\n|upkeep\n|turn|7\n|\n|t:|1700211522\n|move|p2a: Flora|Knock Off|p1a: The ghost surprise\n|-damage|p1a: The ghost surprise|0 fnt\n|-enditem|p1a: The ghost surprise|Leftovers|[from] move: Knock Off|[of] p2a: Flora\n|faint|p1a: The ghost surprise\n|-damage|p2a: Flora|84\/100|[from] item: Life Orb\n|\n|-weather|none\n|upkeep\n|\n|t:|1700211525\n|switch|p1a: Gliscor|Gliscor, F|100\/100\n|turn|8\n|\n|t:|1700211529\n|move|p1a: Gliscor|Protect|p1a: Gliscor\n|-singleturn|p1a: Gliscor|Protect\n|move|p2a: Flora|Knock Off|p1a: Gliscor\n|-activate|p1a: Gliscor|move: Protect\n|\n|-status|p1a: Gliscor|tox|[from] item: Toxic Orb\n|upkeep\n|turn|9\n|\n|t:|1700211536\n|switch|p2a: Oog|Torkoal, M|87\/100\n|-weather|SunnyDay|[from] ability: Drought|[of] p2a: Oog\n|move|p1a: Gliscor|Dual Wingbeat|p2a: Oog\n|-damage|p2a: Oog|78\/100\n|-damage|p2a: Oog|69\/100\n|-hitcount|p2a: Oog|2\n|\n|-weather|SunnyDay|[upkeep]\n|upkeep\n|turn|10\n|\n|t:|1700211538\n|move|p1a: Gliscor|Earthquake|p2a: Oog\n|-supereffective|p2a: Oog\n|-damage|p2a: Oog|27\/100\n|move|p2a: Oog|Stealth Rock|p1a: Gliscor\n|-sidestart|p1: oosugsagnjkd|move: Stealth Rock\n|\n|-weather|SunnyDay|[upkeep]\n|upkeep\n|turn|11\n|\n|t:|1700211542\n|move|p1a: Gliscor|Substitute|p1a: Gliscor\n|-start|p1a: Gliscor|Substitute\n|-damage|p1a: Gliscor|76\/100 tox\n|move|p2a: Oog|Lava Plume|p1a: Gliscor\n|-end|p1a: Gliscor|Substitute\n|\n|-weather|SunnyDay|[upkeep]\n|-heal|p1a: Gliscor|88\/100 tox|[from] ability: Poison Heal\n|upkeep\n|turn|12\n|\n|t:|1700211546\n|move|p1a: Gliscor|Protect|p1a: Gliscor\n|-singleturn|p1a: Gliscor|Protect\n|move|p2a: Oog|Lava Plume|p1a: Gliscor\n|-activate|p1a: Gliscor|move: Protect\n|\n|-weather|SunnyDay|[upkeep]\n|-heal|p1a: Gliscor|100\/100 tox|[from] ability: Poison Heal\n|upkeep\n|turn|13\n|\n|t:|1700211548\n|move|p1a: Gliscor|Substitute|p1a: Gliscor\n|-start|p1a: Gliscor|Substitute\n|-damage|p1a: Gliscor|76\/100 tox\n|move|p2a: Oog|Lava Plume|p1a: Gliscor\n|-end|p1a: Gliscor|Substitute\n|\n|-weather|none\n|-heal|p1a: Gliscor|88\/100 tox|[from] ability: Poison Heal\n|upkeep\n|turn|14\n|\n|t:|1700211552\n|move|p1a: Gliscor|Protect|p1a: Gliscor\n|-singleturn|p1a: Gliscor|Protect\n|move|p2a: Oog|Lava Plume|p1a: Gliscor\n|-activate|p1a: Gliscor|move: Protect\n|\n|-heal|p1a: Gliscor|100\/100 tox|[from] ability: Poison Heal\n|upkeep\n|turn|15\n|\n|t:|1700211554\n|move|p1a: Gliscor|Substitute|p1a: Gliscor\n|-start|p1a: Gliscor|Substitute\n|-damage|p1a: Gliscor|76\/100 tox\n|move|p2a: Oog|Lava Plume|p1a: Gliscor\n|-end|p1a: Gliscor|Substitute\n|\n|-heal|p1a: Gliscor|88\/100 tox|[from] ability: Poison Heal\n|upkeep\n|turn|16\n|\n|t:|1700211556\n|move|p1a: Gliscor|Earthquake|p2a: Oog\n|-supereffective|p2a: Oog\n|-damage|p2a: Oog|0 fnt\n|faint|p2a: Oog\n|\n|-heal|p1a: Gliscor|100\/100 tox|[from] ability: Poison Heal\n|upkeep\n|\n|t:|1700211563\n|switch|p2a: Salacia|Vaporeon, F|88\/100\n|turn|17\n|\n|t:|1700211568\n|move|p1a: Gliscor|Substitute|p1a: Gliscor\n|-start|p1a: Gliscor|Substitute\n|-damage|p1a: Gliscor|76\/100 tox\n|move|p2a: Salacia|Ice Beam|p1a: Gliscor\n|-supereffective|p1a: Gliscor\n|-end|p1a: Gliscor|Substitute\n|\n|-heal|p2a: Salacia|94\/100|[from] item: Leftovers\n|-heal|p1a: Gliscor|88\/100 tox|[from] ability: Poison Heal\n|upkeep\n|turn|18\n|\n|t:|1700211572\n|move|p1a: Gliscor|Protect|p1a: Gliscor\n|-singleturn|p1a: Gliscor|Protect\n|move|p2a: Salacia|Ice Beam|p1a: Gliscor\n|-activate|p1a: Gliscor|move: Protect\n|\n|-heal|p2a: Salacia|100\/100|[from] item: Leftovers\n|-heal|p1a: Gliscor|100\/100 tox|[from] ability: Poison Heal\n|upkeep\n|turn|19\n|\n|t:|1700211579\n|switch|p1a: The Fortress|Toxapex, F|100\/100 brn\n|-damage|p1a: The Fortress|88\/100 brn|[from] Stealth Rock\n|move|p2a: Salacia|Ice Beam|p1a: The Fortress\n|-resisted|p1a: The Fortress\n|-damage|p1a: The Fortress|80\/100 brn\n|\n|-heal|p1a: The Fortress|86\/100 brn|[from] item: Leftovers\n|-damage|p1a: The Fortress|80\/100 brn|[from] brn\n|upkeep\n|turn|20\n|\n|t:|1700211588\n|switch|p2a: Anat|Espathra, F|100\/100\n|move|p1a: The Fortress|Toxic Spikes|p2a: Anat\n|-sidestart|p2: papahue|move: Toxic Spikes\n|\n|-heal|p1a: The Fortress|86\/100 brn|[from] item: Leftovers\n|-damage|p1a: The Fortress|80\/100 brn|[from] brn\n|upkeep\n|turn|21\n|\n|t:|1700211591\n|move|p2a: Anat|Calm Mind|p2a: Anat\n|-boost|p2a: Anat|spa|1\n|-boost|p2a: Anat|spd|1\n|move|p1a: The Fortress|Infestation|p2a: Anat\n|-supereffective|p2a: Anat\n|-damage|p2a: Anat|95\/100\n|-activate|p2a: Anat|move: Infestation|[of] p1a: The Fortress\n|-enditem|p2a: Anat|Weakness Policy\n|-boost|p2a: Anat|atk|2|[from] item: Weakness Policy\n|-boost|p2a: Anat|spa|2|[from] item: Weakness Policy\n|\n|-heal|p1a: The Fortress|86\/100 brn|[from] item: Leftovers\n|-damage|p1a: The Fortress|80\/100 brn|[from] brn\n|-damage|p2a: Anat|83\/100|[from] move: Infestation|[partiallytrapped]\n|-ability|p2a: Anat|Speed Boost|boost\n|-boost|p2a: Anat|spe|1\n|upkeep\n|turn|22\n|\n|t:|1700211594\n|move|p2a: Anat|Stored Power|p1a: The Fortress\n|-supereffective|p1a: The Fortress\n|-damage|p1a: The Fortress|0 fnt\n|faint|p1a: The Fortress\n|\n|-end|p2a: Anat|Infestation|[partiallytrapped]|[silent]\n|-ability|p2a: Anat|Speed Boost|boost\n|-boost|p2a: Anat|spe|1\n|upkeep\n|\n|t:|1700211599\n|switch|p1a: Sandaconda|Sandaconda, F|100\/100\n|-damage|p1a: Sandaconda|94\/100|[from] Stealth Rock\n|turn|23\n|\n|t:|1700211602\n|move|p2a: Anat|Stored Power|p1a: Sandaconda\n|-damage|p1a: Sandaconda|0 fnt\n|-weather|Sandstorm|[from] ability: Sand Spit|[of] p1a: Sandaconda\n|faint|p1a: Sandaconda\n|\n|-weather|Sandstorm|[upkeep]\n|-damage|p2a: Anat|77\/100|[from] Sandstorm\n|-ability|p2a: Anat|Speed Boost|boost\n|-boost|p2a: Anat|spe|1\n|upkeep\n|\n|t:|1700211605\n|switch|p1a: Thats you|Ditto|100\/100\n|-damage|p1a: Thats you|88\/100|[from] Stealth Rock\n|-transform|p1a: Thats you|p2a: Anat|[from] ability: Imposter\n|turn|24\n|\n|t:|1700211614\n|move|p1a: Thats you|Stored Power|p2a: Anat\n|-resisted|p2a: Anat\n|-damage|p2a: Anat|10\/100\n|move|p2a: Anat|Stored Power|p1a: Thats you\n|-resisted|p1a: Thats you\n|-damage|p1a: Thats you|0 fnt\n|faint|p1a: Thats you\n|\n|-weather|Sandstorm|[upkeep]\n|-damage|p2a: Anat|4\/100|[from] Sandstorm\n|-ability|p2a: Anat|Speed Boost|boost\n|-boost|p2a: Anat|spe|1\n|upkeep\n|c|\u2606oosugsagnjkd|huh?\n|\n|t:|1700211622\n|switch|p1a: The Villain|Scovillain, F|100\/100\n|-damage|p1a: The Villain|76\/100|[from] Stealth Rock\n|turn|25\n|\n|t:|1700211626\n|move|p1a: The Villain|Protect|p1a: The Villain\n|-singleturn|p1a: The Villain|Protect\n|move|p2a: Anat|Baton Pass|p2a: Anat\n|\n|t:|1700211628\n|switch|p2a: Delphox|Delphox, M|100\/100|[from] Baton Pass\n|-status|p2a: Delphox|psn\n|\n|-weather|Sandstorm|[upkeep]\n|-damage|p2a: Delphox|94\/100 psn|[from] Sandstorm\n|-damage|p1a: The Villain|70\/100|[from] Sandstorm\n|-heal|p1a: The Villain|76\/100|[from] item: Leftovers\n|-damage|p2a: Delphox|82\/100 psn|[from] psn\n|-ability|p1a: The Villain|Moody|boost\n|-boost|p1a: The Villain|spd|2\n|-unboost|p1a: The Villain|spa|1\n|upkeep\n|turn|26\n|\n|t:|1700211633\n|-terastallize|p2a: Delphox|Fire\n|move|p2a: Delphox|Flamethrower|p1a: The Villain\n|-damage|p1a: The Villain|0 fnt\n|faint|p1a: The Villain\n|-heal|p2a: Delphox|90\/100 psn|[from] item: Shell Bell|[of] p1: The Villain\n|\n|-weather|Sandstorm|[upkeep]\n|-damage|p2a: Delphox|84\/100 psn|[from] Sandstorm\n|-damage|p2a: Delphox|71\/100 psn|[from] psn\n|upkeep\n|\n|t:|1700211636\n|switch|p1a: Gliscor|Gliscor, F|100\/100 tox\n|-damage|p1a: Gliscor|88\/100 tox|[from] Stealth Rock\n|turn|27\n|c|\u2606papahue|Gg\n|\n|t:|1700211641\n|-terastallize|p1a: Gliscor|Water\n|move|p2a: Delphox|Stored Power|p1a: Gliscor\n|-crit|p1a: Gliscor\n|-damage|p1a: Gliscor|0 fnt\n|faint|p1a: Gliscor\n|-heal|p2a: Delphox|80\/100 psn|[from] item: Shell Bell|[of] p1: Gliscor\n|\n|win|papahue\n|raw|oosugsagnjkd's rating: 1336 &rarr; <strong>1317<\/strong><br \/>(-19 for losing)\n|raw|papahue's rating: 1356 &rarr; <strong>1375<\/strong><br \/>(+19 for winning)\n|c|\u2606oosugsagnjkd|gg\n|l|\u2606oosugsagnjkd\n|player|p2|papahue|266\n","uploadtime":1700211860,"views":15,"p1id":"oosugsagnjkd","p2id":"papahue","formatid":"gen9anythinggoes","rating":1317,"private":0,"password":""}