{"id":"gen9anythinggoes-1988159154","p1":"Z Stayne","p2":"kaizer1120","format":"[Gen 9] Anything Goes","log":"|j|\u2606Z Stayne\n|j|\u2606kaizer1120\n|t:|1699677261\n|gametype|singles\n|player|p1|Z Stayne|2|\n|player|p2|kaizer1120|265|\n|teamsize|p1|6\n|teamsize|p2|6\n|gen|9\n|tier|[Gen 9] Anything Goes\n|rule|HP Percentage Mod: HP is shown in percentages\n|rule|Endless Battle Clause: Forcing endless battles is banned\n|clearpoke\n|poke|p1|Okidogi, M|\n|poke|p1|Jolteon, F|\n|poke|p1|Articuno-Galar|\n|poke|p1|Ursaluna-Bloodmoon, M|\n|poke|p1|Spidops, M|\n|poke|p1|Goodra-Hisui, F|\n|poke|p2|Gholdengo|\n|poke|p2|Garchomp, M|\n|poke|p2|Barraskewda, M|\n|poke|p2|Pelipper, M|\n|poke|p2|Regieleki|\n|poke|p2|Dudunsparce-*, F|\n|teampreview\n|\n|t:|1699677324\n|start\n|switch|p1a: Spidops|Spidops, M|100\/100\n|switch|p2a: Garchomp|Garchomp, M|100\/100\n|turn|1\n|\n|t:|1699677357\n|move|p1a: Spidops|First Impression|p2a: Garchomp\n|-damage|p2a: Garchomp|78\/100\n|-damage|p1a: Spidops|88\/100|[from] ability: Rough Skin|[of] p2a: Garchomp\n|move|p2a: Garchomp|Stealth Rock|p1a: Spidops\n|-sidestart|p1: Z Stayne|move: Stealth Rock\n|\n|-heal|p2a: Garchomp|84\/100|[from] item: Leftovers\n|upkeep\n|turn|2\n|\n|t:|1699677419\n|move|p2a: Garchomp|Spikes|p1a: Spidops\n|-sidestart|p1: Z Stayne|Spikes\n|move|p1a: Spidops|Sticky Web|p2a: Garchomp\n|-sidestart|p2: kaizer1120|move: Sticky Web\n|\n|-heal|p2a: Garchomp|90\/100|[from] item: Leftovers\n|upkeep\n|turn|3\n|\n|t:|1699677426\n|move|p2a: Garchomp|Spikes|p1a: Spidops\n|-sidestart|p1: Z Stayne|Spikes\n|move|p1a: Spidops|Toxic Spikes|p2a: Garchomp\n|-sidestart|p2: kaizer1120|move: Toxic Spikes\n|\n|-heal|p2a: Garchomp|96\/100|[from] item: Leftovers\n|upkeep\n|turn|4\n|\n|t:|1699677462\n|move|p2a: Garchomp|Spikes|p1a: Spidops\n|-sidestart|p1: Z Stayne|Spikes\n|move|p1a: Spidops|Spikes|p2a: Garchomp\n|-sidestart|p2: kaizer1120|Spikes\n|\n|-heal|p2a: Garchomp|100\/100|[from] item: Leftovers\n|upkeep\n|turn|5\n|\n|t:|1699677492\n|switch|p2a: Regieleki|Regieleki|100\/100\n|switch|p1a: Goodra|Goodra-Hisui, F|100\/100\n|-damage|p1a: Goodra|94\/100|[from] Stealth Rock\n|-damage|p1a: Goodra|69\/100|[from] Spikes\n|\n|upkeep\n|turn|6\n|\n|t:|1699677574\n|move|p2a: Regieleki|Light Screen|p2a: Regieleki\n|-sidestart|p2: kaizer1120|move: Light Screen\n|move|p1a: Goodra|Draco Meteor|p2a: Regieleki\n|-damage|p2a: Regieleki|32\/100\n|-unboost|p1a: Goodra|spa|2\n|\n|upkeep\n|turn|7\n|\n|t:|1699677587\n|switch|p1a: Ursaluna|Ursaluna-Bloodmoon, M|100\/100\n|-damage|p1a: Ursaluna|94\/100|[from] Stealth Rock\n|-damage|p1a: Ursaluna|70\/100|[from] Spikes\n|move|p2a: Regieleki|Rapid Spin|p1a: Ursaluna\n|-damage|p1a: Ursaluna|62\/100\n|-boost|p2a: Regieleki|spe|1\n|-sideend|p2: kaizer1120|Spikes|[from] move: Rapid Spin|[of] p2a: Regieleki\n|-sideend|p2: kaizer1120|Toxic Spikes|[from] move: Rapid Spin|[of] p2a: Regieleki\n|-sideend|p2: kaizer1120|Sticky Web|[from] move: Rapid Spin|[of] p2a: Regieleki\n|\n|-heal|p1a: Ursaluna|68\/100|[from] item: Leftovers\n|upkeep\n|turn|8\n|\n|t:|1699677666\n|switch|p2a: Dudunsparce|Dudunsparce, F|100\/100\n|move|p1a: Ursaluna|Calm Mind|p1a: Ursaluna\n|-boost|p1a: Ursaluna|spa|1\n|-boost|p1a: Ursaluna|spd|1\n|\n|-heal|p1a: Ursaluna|74\/100|[from] item: Leftovers\n|upkeep\n|turn|9\n|\n|t:|1699677754\n|move|p1a: Ursaluna|Calm Mind|p1a: Ursaluna\n|-boost|p1a: Ursaluna|spa|1\n|-boost|p1a: Ursaluna|spd|1\n|move|p2a: Dudunsparce|Dragon Tail|p1a: Ursaluna\n|-damage|p1a: Ursaluna|64\/100\n|drag|p1a: Goodra|Goodra-Hisui, F|69\/100\n|-damage|p1a: Goodra|63\/100|[from] Stealth Rock\n|-damage|p1a: Goodra|38\/100|[from] Spikes\n|\n|upkeep\n|turn|10\n|\n|t:|1699677935\n|switch|p1a: Okidogi|Okidogi, M|100\/100\n|-damage|p1a: Okidogi|94\/100|[from] Stealth Rock\n|-item|p1a: Okidogi|Air Balloon\n|move|p2a: Dudunsparce|Glare|p1a: Okidogi\n|-status|p1a: Okidogi|par\n|\n|-sideend|p2: kaizer1120|move: Light Screen\n|upkeep\n|turn|11\n|\n|t:|1699678080\n|switch|p2a: Pelipper|Pelipper, M|100\/100\n|-weather|RainDance|[from] ability: Drizzle|[of] p2a: Pelipper\n|cant|p1a: Okidogi|par\n|\n|-weather|RainDance|[upkeep]\n|upkeep\n|turn|12\n|\n|t:|1699678127\n|switch|p1a: Articuno|Articuno-Galar|100\/100\n|-damage|p1a: Articuno|76\/100|[from] Stealth Rock\n|move|p2a: Pelipper|U-turn|p1a: Articuno\n|-damage|p1a: Articuno|66\/100\n|\n|t:|1699678166\n|switch|p2a: Barraskewda|Barraskewda, M|100\/100|[from] U-turn\n|\n|-weather|RainDance|[upkeep]\n|upkeep\n|turn|13\n|\n|t:|1699678211\n|move|p2a: Barraskewda|Crunch|p1a: Articuno\n|-supereffective|p1a: Articuno\n|-damage|p1a: Articuno|0 fnt\n|faint|p1a: Articuno\n|\n|-weather|RainDance|[upkeep]\n|upkeep\n|\n|t:|1699678226\n|switch|p1a: Jolteon|Jolteon, F|100\/100\n|-damage|p1a: Jolteon|88\/100|[from] Stealth Rock\n|-damage|p1a: Jolteon|63\/100|[from] Spikes\n|turn|14\n|\n|t:|1699678354\n|move|p2a: Barraskewda|Liquidation|p1a: Jolteon\n|-damage|p1a: Jolteon|0 fnt\n|faint|p1a: Jolteon\n|\n|-weather|RainDance|[upkeep]\n|upkeep\n|\n|t:|1699678378\n|switch|p1a: Okidogi|Okidogi, M|94\/100 par\n|-damage|p1a: Okidogi|88\/100 par|[from] Stealth Rock\n|-item|p1a: Okidogi|Air Balloon\n|turn|15\n|\n|t:|1699678411\n|move|p2a: Barraskewda|Psychic Fangs|p1a: Okidogi\n|-supereffective|p1a: Okidogi\n|-damage|p1a: Okidogi|0 fnt\n|-enditem|p1a: Okidogi|Air Balloon\n|faint|p1a: Okidogi\n|\n|-weather|RainDance|[upkeep]\n|upkeep\n|\n|t:|1699678430\n|switch|p1a: Spidops|Spidops, M|88\/100\n|-damage|p1a: Spidops|63\/100|[from] Stealth Rock\n|-damage|p1a: Spidops|38\/100|[from] Spikes\n|turn|16\n|\n|t:|1699678501\n|move|p1a: Spidops|First Impression|p2a: Barraskewda\n|-damage|p2a: Barraskewda|57\/100\n|move|p2a: Barraskewda|Liquidation|p1a: Spidops\n|-damage|p1a: Spidops|0 fnt\n|-damage|p2a: Barraskewda|40\/100|[from] item: Rocky Helmet|[of] p1a: Spidops\n|faint|p1a: Spidops\n|\n|-weather|RainDance|[upkeep]\n|upkeep\n|\n|t:|1699678514\n|switch|p1a: Goodra|Goodra-Hisui, F|38\/100\n|-damage|p1a: Goodra|32\/100|[from] Stealth Rock\n|-damage|p1a: Goodra|7\/100|[from] Spikes\n|turn|17\n|\n|t:|1699678752\n|switch|p2a: Dudunsparce|Dudunsparce, F|100\/100\n|move|p1a: Goodra|Ice Beam|p2a: Dudunsparce\n|-crit|p2a: Dudunsparce\n|-damage|p2a: Dudunsparce|62\/100\n|\n|-weather|RainDance|[upkeep]\n|-heal|p2a: Dudunsparce|68\/100|[from] item: Leftovers\n|upkeep\n|turn|18\n|\n|t:|1699678767\n|move|p1a: Goodra|Draco Meteor|p2a: Dudunsparce\n|-damage|p2a: Dudunsparce|13\/100\n|-unboost|p1a: Goodra|spa|2\n|move|p2a: Dudunsparce|Dragon Tail|p1a: Goodra\n|-damage|p1a: Goodra|0 fnt\n|faint|p1a: Goodra\n|\n|-weather|none\n|-heal|p2a: Dudunsparce|19\/100|[from] item: Leftovers\n|upkeep\n|\n|t:|1699678778\n|switch|p1a: Ursaluna|Ursaluna-Bloodmoon, M|64\/100\n|-damage|p1a: Ursaluna|58\/100|[from] Stealth Rock\n|-damage|p1a: Ursaluna|33\/100|[from] Spikes\n|turn|19\n|\n|t:|1699678788\n|move|p2a: Dudunsparce|Glare|p1a: Ursaluna\n|-status|p1a: Ursaluna|par\n|move|p1a: Ursaluna|Earth Power|p2a: Dudunsparce\n|-damage|p2a: Dudunsparce|0 fnt\n|faint|p2a: Dudunsparce\n|\n|-heal|p1a: Ursaluna|39\/100 par|[from] item: Leftovers\n|upkeep\n|\n|t:|1699678797\n|switch|p2a: Pelipper|Pelipper, M|100\/100\n|-weather|RainDance|[from] ability: Drizzle|[of] p2a: Pelipper\n|turn|20\n|\n|t:|1699678810\n|move|p2a: Pelipper|U-turn|p1a: Ursaluna\n|-damage|p1a: Ursaluna|33\/100 par\n|\n|t:|1699678845\n|switch|p2a: Regieleki|Regieleki|32\/100|[from] U-turn\n|cant|p1a: Ursaluna|par\n|\n|-weather|RainDance|[upkeep]\n|-heal|p1a: Ursaluna|39\/100 par|[from] item: Leftovers\n|upkeep\n|turn|21\n|\n|t:|1699678858\n|move|p2a: Regieleki|Light Screen|p2a: Regieleki\n|-sidestart|p2: kaizer1120|move: Light Screen\n|move|p1a: Ursaluna|Earth Power|p2a: Regieleki\n|-supereffective|p2a: Regieleki\n|-damage|p2a: Regieleki|0 fnt\n|faint|p2a: Regieleki\n|\n|-weather|RainDance|[upkeep]\n|-heal|p1a: Ursaluna|45\/100 par|[from] item: Leftovers\n|upkeep\n|\n|t:|1699678866\n|switch|p2a: Barraskewda|Barraskewda, M|40\/100\n|turn|22\n|\n|t:|1699678872\n|move|p2a: Barraskewda|Liquidation|p1a: Ursaluna\n|-supereffective|p1a: Ursaluna\n|-damage|p1a: Ursaluna|0 fnt\n|faint|p1a: Ursaluna\n|\n|win|kaizer1120\n|c|\u2606kaizer1120|gg\n","uploadtime":1699678890,"views":43,"p1id":"zstayne","p2id":"kaizer1120","formatid":"gen9anythinggoes","rating":0,"private":0,"password":""}