{"id":"gen9anythinggoes-1978131473","p1":"xinnobu","p2":"NDAG was banned","format":"[Gen 9] Anything Goes","log":"|j|\u2606xinnobu\n|j|\u2606NDAG was banned\n|t:|1698503251\n|gametype|singles\n|player|p1|xinnobu|elesa|1707\n|player|p2|NDAG was banned|lillie-masters|1792\n|teamsize|p1|6\n|teamsize|p2|6\n|gen|9\n|tier|[Gen 9] Anything Goes\n|rated|\n|rule|HP Percentage Mod: HP is shown in percentages\n|rule|Endless Battle Clause: Forcing endless battles is banned\n|clearpoke\n|poke|p1|Miraidon|\n|poke|p1|Miraidon|\n|poke|p1|Miraidon|\n|poke|p1|Koraidon|\n|poke|p1|Koraidon|\n|poke|p1|Koraidon|\n|poke|p2|Calyrex-Shadow|\n|poke|p2|Arceus-Ground|\n|poke|p2|Zoroark-Hisui, M|\n|poke|p2|Arceus|\n|poke|p2|Zacian-*|\n|poke|p2|Koraidon|\n|teampreview\n|inactive|Battle timer is ON: inactive players will automatically lose when time's up. (requested by xinnobu)\n|\n|t:|1698503274\n|start\n|switch|p1a: Koraidon|Koraidon|100\/100\n|switch|p2a: Arceus|Arceus-Ground|100\/100\n|-weather|SunnyDay|[from] ability: Orichalcum Pulse|[of] p1a: Koraidon\n|-activate|p1a: Koraidon|Orichalcum Pulse|[source]\n|turn|1\n|\n|t:|1698503281\n|move|p1a: Koraidon|Low Kick|p2a: Arceus\n|-damage|p2a: Arceus|37\/100\n|move|p2a: Arceus|Stealth Rock|p1a: Koraidon\n|-sidestart|p1: xinnobu|move: Stealth Rock\n|\n|-weather|SunnyDay|[upkeep]\n|upkeep\n|turn|2\n|\n|t:|1698503296\n|switch|p1a: Koraidon|Koraidon|100\/100\n|-damage|p1a: Koraidon|94\/100|[from] Stealth Rock\n|-activate|p1a: Koraidon|ability: Orichalcum Pulse\n|move|p2a: Arceus|Icy Wind|p1a: Koraidon\n|-supereffective|p1a: Koraidon\n|-damage|p1a: Koraidon|59\/100\n|-unboost|p1a: Koraidon|spe|1\n|\n|-weather|SunnyDay|[upkeep]\n|-heal|p1a: Koraidon|65\/100|[from] item: Leftovers\n|upkeep\n|turn|3\n|\n|t:|1698503308\n|move|p2a: Arceus|Icy Wind|p1a: Koraidon\n|-supereffective|p1a: Koraidon\n|-damage|p1a: Koraidon|25\/100\n|-unboost|p1a: Koraidon|spe|1\n|move|p1a: Koraidon|Flare Blitz|p2a: Arceus\n|-damage|p2a: Arceus|0 fnt\n|faint|p2a: Arceus\n|-damage|p1a: Koraidon|12\/100|[from] Recoil\n|\n|-weather|SunnyDay|[upkeep]\n|-heal|p1a: Koraidon|18\/100|[from] item: Leftovers\n|upkeep\n|\n|t:|1698503313\n|switch|p2a: Calyrex|Calyrex-Shadow|100\/100\n|-ability|p2a: Calyrex|As One\n|-ability|p2a: Calyrex|Unnerve\n|turn|4\n|\n|t:|1698503324\n|move|p2a: Calyrex|Psychic|p1a: Koraidon\n|-supereffective|p1a: Koraidon\n|-damage|p1a: Koraidon|0 fnt\n|faint|p1a: Koraidon\n|-ability|p2a: Calyrex|Grim Neigh|boost\n|-boost|p2a: Calyrex|spa|1\n|\n|-weather|SunnyDay|[upkeep]\n|upkeep\n|\n|t:|1698503334\n|switch|p1a: Miraidon|Miraidon|100\/100\n|-damage|p1a: Miraidon|88\/100|[from] Stealth Rock\n|-fieldstart|move: Electric Terrain|[from] ability: Hadron Engine|[of] p1a: Miraidon\n|turn|5\n|\n|t:|1698503340\n|-terastallize|p1a: Miraidon|Electric\n|move|p2a: Calyrex|Psychic|p1a: Miraidon\n|-damage|p1a: Miraidon|16\/100\n|move|p1a: Miraidon|Electro Drift|p2a: Calyrex\n|-damage|p2a: Calyrex|0 fnt\n|faint|p2a: Calyrex\n|\n|-weather|none\n|upkeep\n|\n|t:|1698503349\n|switch|p2a: Arceus|Arceus|100\/100\n|turn|6\n|\n|t:|1698503353\n|move|p2a: Arceus|Extreme Speed|p1a: Miraidon\n|-damage|p1a: Miraidon|0 fnt\n|faint|p1a: Miraidon\n|\n|upkeep\n|\n|t:|1698503360\n|switch|p1a: Koraidon|Koraidon|100\/100\n|-damage|p1a: Koraidon|94\/100|[from] Stealth Rock\n|-weather|SunnyDay|[from] ability: Orichalcum Pulse|[of] p1a: Koraidon\n|-activate|p1a: Koraidon|Orichalcum Pulse|[source]\n|turn|7\n|\n|t:|1698503366\n|switch|p2a: Zacian|Zacian-Crowned|100\/100\n|-item|p2a: Zacian|Air Balloon\n|move|p1a: Koraidon|Low Kick|p2a: Zacian\n|-immune|p2a: Zacian\n|\n|-weather|SunnyDay|[upkeep]\n|upkeep\n|turn|8\n|\n|t:|1698503375\n|move|p1a: Koraidon|Scale Shot|p2a: Zacian\n|-damage|p2a: Zacian|66\/100\n|replace|p2a: Zoroark|Zoroark-Hisui, M\n|-end|p2a: Zoroark|Illusion\n|-enditem|p2a: Zoroark|Air Balloon\n|-crit|p2a: Zoroark\n|-damage|p2a: Zoroark|10\/100\n|-damage|p2a: Zoroark|0 fnt\n|faint|p2a: Zoroark\n|-hitcount|p2: Zoroark|3\n|-unboost|p1a: Koraidon|def|1\n|-boost|p1a: Koraidon|spe|1\n|\n|-weather|SunnyDay|[upkeep]\n|upkeep\n|\n|t:|1698503386\n|switch|p2a: Koraidon|Koraidon|100\/100\n|-activate|p2a: Koraidon|ability: Orichalcum Pulse\n|turn|9\n|\n|t:|1698503394\n|-terastallize|p2a: Koraidon|Ghost\n|move|p1a: Koraidon|Scale Shot|p2a: Koraidon\n|-damage|p2a: Koraidon|83\/100\n|-damage|p2a: Koraidon|67\/100\n|-damage|p2a: Koraidon|50\/100\n|-damage|p2a: Koraidon|35\/100\n|-damage|p2a: Koraidon|20\/100\n|-hitcount|p2a: Koraidon|5\n|-unboost|p1a: Koraidon|def|1\n|-boost|p1a: Koraidon|spe|1\n|move|p2a: Koraidon|Scale Shot|p1a: Koraidon\n|-supereffective|p1a: Koraidon\n|-damage|p1a: Koraidon|29\/100\n|-supereffective|p1a: Koraidon\n|-damage|p1a: Koraidon|0 fnt\n|faint|p1a: Koraidon\n|-hitcount|p1: Koraidon|2\n|-unboost|p2a: Koraidon|def|1\n|-boost|p2a: Koraidon|spe|1\n|\n|-weather|SunnyDay|[upkeep]\n|-fieldend|move: Electric Terrain\n|upkeep\n|\n|t:|1698503416\n|switch|p1a: Koraidon|Koraidon|100\/100\n|-damage|p1a: Koraidon|94\/100|[from] Stealth Rock\n|-activate|p1a: Koraidon|ability: Orichalcum Pulse\n|turn|10\n|\n|t:|1698503429\n|move|p1a: Koraidon|Flare Blitz|p2a: Koraidon\n|-damage|p2a: Koraidon|0 fnt\n|faint|p2a: Koraidon\n|-damage|p1a: Koraidon|88\/100|[from] Recoil\n|\n|-weather|SunnyDay|[upkeep]\n|upkeep\n|\n|t:|1698503432\n|switch|p2a: Arceus|Arceus|100\/100\n|turn|11\n|\n|t:|1698503447\n|switch|p1a: Miraidon|Miraidon|100\/100\n|-damage|p1a: Miraidon|88\/100|[from] Stealth Rock\n|-fieldstart|move: Electric Terrain|[from] ability: Hadron Engine|[of] p1a: Miraidon\n|move|p2a: Arceus|Swords Dance|p2a: Arceus\n|-boost|p2a: Arceus|atk|2\n|\n|-weather|none\n|upkeep\n|turn|12\n|\n|t:|1698503456\n|move|p1a: Miraidon|Parabolic Charge|p2a: Arceus\n|-damage|p2a: Arceus|47\/100\n|-heal|p1a: Miraidon|100\/100|[from] drain|[of] p2a: Arceus\n|-damage|p1a: Miraidon|91\/100|[from] item: Life Orb\n|move|p2a: Arceus|Swords Dance|p2a: Arceus\n|-boost|p2a: Arceus|atk|2\n|\n|upkeep\n|turn|13\n|\n|t:|1698503464\n|move|p2a: Arceus|Extreme Speed|p1a: Miraidon\n|-damage|p1a: Miraidon|0 fnt\n|faint|p1a: Miraidon\n|\n|upkeep\n|\n|t:|1698503469\n|switch|p1a: Koraidon|Koraidon|88\/100\n|-damage|p1a: Koraidon|82\/100|[from] Stealth Rock\n|-weather|SunnyDay|[from] ability: Orichalcum Pulse|[of] p1a: Koraidon\n|-activate|p1a: Koraidon|Orichalcum Pulse|[source]\n|turn|14\n|\n|t:|1698503475\n|move|p2a: Arceus|Extreme Speed|p1a: Koraidon\n|-damage|p1a: Koraidon|0 fnt\n|faint|p1a: Koraidon\n|\n|-weather|SunnyDay|[upkeep]\n|upkeep\n|-message|xinnobu forfeited.\n|\n|win|NDAG was banned\n|raw|xinnobu's rating: 1707 &rarr; <strong>1692<\/strong><br \/>(-15 for losing)\n|raw|NDAG was banned's rating: 1792 &rarr; <strong>1807<\/strong><br \/>(+15 for winning)\n|l|\u2606xinnobu\n|l|\u2606NDAG was banned\n","uploadtime":1698503707,"views":7,"p1id":"xinnobu","p2id":"ndagwasbanned","formatid":"gen9anythinggoes","rating":1692,"private":0,"password":""}