{"id":"gen9anythinggoes-1978344029","p1":"Dreepy Airlines","p2":"we up","format":"[Gen 9] Anything Goes","log":"|j|\u2606Dreepy Airlines\n|j|\u2606we up\n|t:|1698527424\n|gametype|singles\n|player|p1|Dreepy Airlines|elesa-masters2|\n|player|p2|we up|caitlin-masters|\n|teamsize|p1|6\n|teamsize|p2|6\n|gen|9\n|tier|[Gen 9] Anything Goes\n|rated|Tournament battle\n|rule|HP Percentage Mod: HP is shown in percentages\n|rule|Endless Battle Clause: Forcing endless battles is banned\n|rule|Species Clause: Limit one of each Pok\u00e9mon\n|rule|OHKO Clause: OHKO moves are banned\n|rule|Evasion Moves Clause: Evasion moves are banned\n|rule|1 Ability Clause: Limit 1 of each ability\n|rule|Sleep Moves Clause: Sleep-inducing moves are banned\n|rule|Terastal Clause: You cannot Terastallize\n|clearpoke\n|poke|p1|Cresselia, F|\n|poke|p1|Sandy Shocks|\n|poke|p1|Darkrai|\n|poke|p1|Slither Wing|\n|poke|p1|Ogerpon-Hearthflame, F|\n|poke|p1|Drednaw, F|\n|poke|p2|Overqwil, F|\n|poke|p2|Gyarados, M|\n|poke|p2|Ting-Lu|\n|poke|p2|Toxapex, M|\n|poke|p2|Thundurus-Therian, M|\n|poke|p2|Meloetta|\n|teampreview\n|j|%Iolanthe\n|inactive|Battle timer is ON: inactive players will automatically lose when time's up. (requested by we up)\n|c|\u2606we up|hf\n|\n|t:|1698527439\n|start\n|switch|p1a: Cresselia|Cresselia, F|100\/100\n|switch|p2a: Meloetta|Meloetta|100\/100\n|turn|1\n|l|%Iolanthe\n|\n|t:|1698527447\n|move|p1a: Cresselia|Light Screen|p1a: Cresselia\n|-sidestart|p1: Dreepy Airlines|move: Light Screen\n|move|p2a: Meloetta|Lumina Crash|p1a: Cresselia\n|-resisted|p1a: Cresselia\n|-damage|p1a: Cresselia|95\/100\n|-unboost|p1a: Cresselia|spd|2\n|\n|upkeep\n|turn|2\n|j|+Dasocks (^-^)\n|\n|t:|1698527460\n|move|p2a: Meloetta|Lumina Crash|p1a: Cresselia\n|-resisted|p1a: Cresselia\n|-damage|p1a: Cresselia|84\/100\n|-unboost|p1a: Cresselia|spd|2\n|move|p1a: Cresselia|Teleport|p1a: Cresselia\n|\n|t:|1698527478\n|switch|p1a: Darkrai|Darkrai|100\/100|[from] Teleport\n|\n|upkeep\n|turn|3\n|\n|t:|1698527481\n|switch|p2a: Toxapex|Toxapex, M|100\/100\n|move|p1a: Darkrai|Nasty Plot|p1a: Darkrai\n|-boost|p1a: Darkrai|spa|2\n|\n|upkeep\n|turn|4\n|\n|t:|1698527486\n|move|p1a: Darkrai|Psychic|p2a: Toxapex\n|-supereffective|p2a: Toxapex\n|-damage|p2a: Toxapex|15\/100\n|move|p2a: Toxapex|Mortal Spin|p1a: Darkrai\n|-damage|p1a: Darkrai|91\/100\n|-status|p1a: Darkrai|psn\n|\n|-damage|p1a: Darkrai|78\/100 psn|[from] psn\n|upkeep\n|turn|5\n|\n|t:|1698527494\n|switch|p2a: Ting-Lu|Ting-Lu|100\/100\n|move|p1a: Darkrai|Fiery Wrath|p2a: Ting-Lu\n|-resisted|p2a: Ting-Lu\n|-damage|p2a: Ting-Lu|68\/100\n|\n|-heal|p2a: Ting-Lu|74\/100|[from] item: Leftovers\n|-damage|p1a: Darkrai|66\/100 psn|[from] psn\n|upkeep\n|turn|6\n|\n|t:|1698527509\n|switch|p2a: Toxapex|Toxapex, M|48\/100\n|move|p1a: Darkrai|Focus Blast|p2a: Toxapex\n|-resisted|p2a: Toxapex\n|-damage|p2a: Toxapex|15\/100\n|\n|-damage|p1a: Darkrai|54\/100 psn|[from] psn\n|upkeep\n|turn|7\n|j| Epicc11\n|\n|t:|1698527525\n|switch|p2a: Ting-Lu|Ting-Lu|74\/100\n|move|p1a: Darkrai|Fiery Wrath|p2a: Ting-Lu\n|-resisted|p2a: Ting-Lu\n|-damage|p2a: Ting-Lu|40\/100\n|\n|-heal|p2a: Ting-Lu|46\/100|[from] item: Leftovers\n|-damage|p1a: Darkrai|41\/100 psn|[from] psn\n|upkeep\n|turn|8\n|\n|t:|1698527532\n|move|p1a: Darkrai|Focus Blast|p2a: Ting-Lu\n|-supereffective|p2a: Ting-Lu\n|-damage|p2a: Ting-Lu|0 fnt\n|faint|p2a: Ting-Lu\n|\n|-damage|p1a: Darkrai|29\/100 psn|[from] psn\n|-sideend|p1: Dreepy Airlines|move: Light Screen\n|upkeep\n|\n|t:|1698527540\n|switch|p2a: Toxapex|Toxapex, M|48\/100\n|turn|9\n|\n|t:|1698527547\n|switch|p2a: Overqwil|Overqwil, F|100\/100\n|move|p1a: Darkrai|Fiery Wrath|p2a: Overqwil\n|-resisted|p2a: Overqwil\n|-damage|p2a: Overqwil|27\/100\n|\n|-heal|p2a: Overqwil|33\/100|[from] item: Leftovers\n|-damage|p1a: Darkrai|16\/100 psn|[from] psn\n|upkeep\n|turn|10\n|\n|t:|1698527558\n|switch|p2a: Toxapex|Toxapex, M|82\/100\n|move|p1a: Darkrai|Fiery Wrath|p2a: Toxapex\n|-damage|p2a: Toxapex|18\/100\n|\n|-damage|p1a: Darkrai|4\/100 psn|[from] psn\n|upkeep\n|turn|11\n|\n|t:|1698527567\n|move|p1a: Darkrai|Fiery Wrath|p2a: Toxapex\n|-damage|p2a: Toxapex|0 fnt\n|faint|p2a: Toxapex\n|\n|-damage|p1a: Darkrai|0 fnt|[from] psn\n|faint|p1a: Darkrai\n|upkeep\n|\n|t:|1698527575\n|switch|p1a: Cresselia|Cresselia, F|84\/100\n|switch|p2a: Overqwil|Overqwil, F|33\/100\n|turn|12\n|\n|t:|1698527578\n|move|p1a: Cresselia|Reflect|p1a: Cresselia\n|-sidestart|p1: Dreepy Airlines|Reflect\n|move|p2a: Overqwil|Coil|p2a: Overqwil\n|-boost|p2a: Overqwil|atk|1\n|-boost|p2a: Overqwil|def|1\n|-boost|p2a: Overqwil|accuracy|1\n|\n|-heal|p2a: Overqwil|39\/100|[from] item: Leftovers\n|upkeep\n|turn|13\n|\n|t:|1698527586\n|move|p2a: Overqwil|Agility|p2a: Overqwil\n|-boost|p2a: Overqwil|spe|2\n|move|p1a: Cresselia|Teleport|p1a: Cresselia\n|\n|t:|1698527598\n|switch|p1a: Sandy Shocks|Sandy Shocks|100\/100|[from] Teleport\n|-fieldstart|move: Electric Terrain|[from] ability: Hadron Engine|[of] p1a: Sandy Shocks\n|\n|-heal|p2a: Overqwil|45\/100|[from] item: Leftovers\n|upkeep\n|turn|14\n|\n|t:|1698527612\n|move|p1a: Sandy Shocks|Volt Switch|p2a: Overqwil\n|-damage|p2a: Overqwil|0 fnt\n|faint|p2a: Overqwil\n|\n|t:|1698527621\n|switch|p1a: Drednaw|Drednaw, F|100\/100|[from] Volt Switch\n|\n|upkeep\n|\n|t:|1698527624\n|switch|p2a: Meloetta|Meloetta|100\/100\n|turn|15\n|\n|t:|1698527630\n|move|p1a: Drednaw|Shell Smash|p1a: Drednaw\n|-unboost|p1a: Drednaw|def|1\n|-unboost|p1a: Drednaw|spd|1\n|-boost|p1a: Drednaw|atk|2\n|-boost|p1a: Drednaw|spa|2\n|-boost|p1a: Drednaw|spe|2\n|move|p2a: Meloetta|Glare|p1a: Drednaw\n|-status|p1a: Drednaw|par\n|\n|upkeep\n|turn|16\n|\n|t:|1698527637\n|move|p1a: Drednaw|Surging Strikes|p2a: Meloetta\n|-crit|p2a: Meloetta\n|-damage|p2a: Meloetta|58\/100\n|-crit|p2a: Meloetta\n|-damage|p2a: Meloetta|13\/100\n|-crit|p2a: Meloetta\n|-damage|p2a: Meloetta|0 fnt\n|faint|p2a: Meloetta\n|-hitcount|p2: Meloetta|3\n|\n|upkeep\n|\n|t:|1698527642\n|switch|p2a: Thundurus|Thundurus-Therian, M|100\/100\n|turn|17\n|\n|t:|1698527646\n|move|p2a: Thundurus|Zap Cannon|p1a: Drednaw\n|-supereffective|p1a: Drednaw\n|-enditem|p1a: Drednaw|Focus Sash\n|-damage|p1a: Drednaw|1\/100 par\n|move|p1a: Drednaw|Surging Strikes|p2a: Thundurus\n|-crit|p2a: Thundurus\n|-damage|p2a: Thundurus|48\/100\n|-crit|p2a: Thundurus\n|-damage|p2a: Thundurus|0 fnt\n|faint|p2a: Thundurus\n|-hitcount|p2: Thundurus|2\n|\n|-fieldend|move: Electric Terrain\n|upkeep\n|\n|t:|1698527650\n|switch|p2a: Gyarados|Gyarados, M|100\/100\n|turn|18\n|\n|t:|1698527652\n|move|p1a: Drednaw|Diamond Storm|p2a: Gyarados\n|-supereffective|p2a: Gyarados\n|-damage|p2a: Gyarados|0 fnt\n|-boost|p1a: Drednaw|def|2\n|faint|p2a: Gyarados\n|\n|win|Dreepy Airlines\n|n|\u2606Dreepy Airlines|dreepyairlines\n|n|\u2606we up|weup\n|n| Dasocks (^-^)|dasocks\n|n| Epicc11|epicc11\n","uploadtime":1698527653,"views":3,"p1id":"dreepyairlines","p2id":"weup","formatid":"gen9anythinggoes","rating":0,"private":0,"password":""}