{"id":"gen9anythinggoes-1978569988","p1":"Chiken321fun","p2":"Semicolonj","format":"[Gen 9] Anything Goes","log":"|j|\u2606Chiken321fun\n|j|\u2606Semicolonj\n|t:|1698557833\n|gametype|singles\n|player|p1|Chiken321fun|plasmagrunt|1030\n|player|p2|Semicolonj|169|1000\n|teamsize|p1|6\n|teamsize|p2|6\n|gen|9\n|tier|[Gen 9] Anything Goes\n|rated|\n|rule|HP Percentage Mod: HP is shown in percentages\n|rule|Endless Battle Clause: Forcing endless battles is banned\n|clearpoke\n|poke|p1|Snorlax, F|\n|poke|p1|Snorlax, M|\n|poke|p1|Snorlax, M|\n|poke|p1|Snorlax, F|\n|poke|p1|Snorlax, F|\n|poke|p1|Snorlax, M|\n|poke|p2|Rotom-Heat|\n|poke|p2|Beartic, F|\n|poke|p2|Breloom, M|\n|poke|p2|Moltres-Galar|\n|poke|p2|Ditto|\n|poke|p2|Greninja-*, M|\n|teampreview\n|c|\u2606Chiken321fun|Snorlax\n|\n|t:|1698557853\n|start\n|switch|p1a: Snorlax|Snorlax, F|100\/100\n|switch|p2a: Ditto|Ditto, shiny|100\/100\n|turn|1\n|\n|t:|1698557863\n|move|p2a: Ditto|Transform|p1a: Snorlax\n|-transform|p2a: Ditto|p1a: Snorlax\n|move|p1a: Snorlax|Metronome|p1a: Snorlax\n|move|p1a: Snorlax|Sludge Bomb|p2a: Ditto|[from]move: Metronome\n|-damage|p2a: Ditto|87\/100\n|\n|upkeep\n|turn|2\n|\n|t:|1698557877\n|move|p1a: Snorlax|Metronome|p1a: Snorlax\n|move|p1a: Snorlax|Grass Knot|p2a: Ditto|[from]move: Metronome\n|-damage|p2a: Ditto|66\/100\n|move|p2a: Ditto|Recycle||[still]\n|-fail|p2a: Ditto\n|\n|upkeep\n|turn|3\n|\n|t:|1698557887\n|move|p1a: Snorlax|Metronome|p1a: Snorlax\n|move|p1a: Snorlax|Boomburst|p2a: Ditto|[from]move: Metronome\n|-damage|p2a: Ditto|32\/100\n|move|p2a: Ditto|Metronome|p2a: Ditto\n|move|p2a: Ditto|Last Resort||[from]move: Metronome|[still]\n|-fail|p2a: Ditto\n|\n|upkeep\n|turn|4\n|\n|t:|1698557901\n|switch|p2a: Washing machine|Rotom-Heat, shiny|100\/100\n|move|p1a: Snorlax|Metronome|p1a: Snorlax\n|move|p1a: Snorlax|Pluck|p2a: Washing machine|[from]move: Metronome\n|-resisted|p2a: Washing machine\n|-damage|p2a: Washing machine|92\/100\n|\n|upkeep\n|turn|5\n|\n|t:|1698557915\n|move|p2a: Washing machine|Dark Pulse|p1a: Snorlax\n|-damage|p1a: Snorlax|89\/100\n|move|p1a: Snorlax|Metronome|p1a: Snorlax\n|move|p1a: Snorlax|Kowtow Cleave|p2a: Washing machine|[from]move: Metronome\n|-crit|p2a: Washing machine\n|-damage|p2a: Washing machine|58\/100\n|\n|upkeep\n|turn|6\n|inactive|Battle timer is ON: inactive players will automatically lose when time's up. (requested by Chiken321fun)\n|\n|t:|1698557949\n|move|p2a: Washing machine|Dark Pulse|p1a: Snorlax\n|-damage|p1a: Snorlax|77\/100\n|move|p1a: Snorlax|Metronome|p1a: Snorlax\n|move|p1a: Snorlax|Sandsear Storm|p2a: Washing machine|[from]move: Metronome\n|-immune|p2a: Washing machine|[from] ability: Levitate\n|\n|upkeep\n|turn|7\n|\n|t:|1698557964\n|move|p2a: Washing machine|Dark Pulse|p1a: Snorlax\n|-damage|p1a: Snorlax|65\/100\n|move|p1a: Snorlax|Metronome|p1a: Snorlax\n|move|p1a: Snorlax|Phantom Force||[from]move: Metronome|[still]\n|-prepare|p1a: Snorlax|Phantom Force\n|\n|upkeep\n|turn|8\n|\n|t:|1698557974\n|switch|p2a: Breloom|Breloom, M, shiny|100\/100\n|move|p1a: Snorlax|Phantom Force|p2a: Breloom|[from]lockedmove\n|-damage|p2a: Breloom|68\/100\n|\n|upkeep\n|turn|9\n|\n|t:|1698557984\n|move|p2a: Breloom|Protect|p2a: Breloom\n|-singleturn|p2a: Breloom|Protect\n|move|p1a: Snorlax|Metronome|p1a: Snorlax\n|move|p1a: Snorlax|Cosmic Power|p1a: Snorlax|[from]move: Metronome\n|-boost|p1a: Snorlax|def|1\n|-boost|p1a: Snorlax|spd|1\n|\n|upkeep\n|turn|10\n|\n|t:|1698557995\n|move|p2a: Breloom|Protect|p2a: Breloom\n|-singleturn|p2a: Breloom|Protect\n|move|p1a: Snorlax|Metronome|p1a: Snorlax\n|move|p1a: Snorlax|Pluck|p2a: Breloom|[from]move: Metronome\n|-activate|p2a: Breloom|move: Protect\n|\n|upkeep\n|turn|11\n|\n|t:|1698558007\n|switch|p2a: Cold lil bear|Beartic, F, shiny|100\/100\n|move|p1a: Snorlax|Metronome|p1a: Snorlax\n|move|p1a: Snorlax|Earthquake|p2a: Cold lil bear|[from]move: Metronome\n|-damage|p2a: Cold lil bear|74\/100\n|\n|-heal|p2a: Cold lil bear|80\/100|[from] item: Leftovers\n|upkeep\n|turn|12\n|\n|t:|1698558020\n|move|p2a: Cold lil bear|Earthquake|p1a: Snorlax\n|-damage|p1a: Snorlax|52\/100\n|move|p1a: Snorlax|Metronome|p1a: Snorlax\n|move|p1a: Snorlax|Syrup Bomb|p2a: Cold lil bear|[from]move: Metronome|[miss]\n|-miss|p1a: Snorlax|p2a: Cold lil bear\n|\n|-heal|p2a: Cold lil bear|86\/100|[from] item: Leftovers\n|upkeep\n|turn|13\n|\n|t:|1698558030\n|move|p2a: Cold lil bear|Sheer Cold|p1a: Snorlax|[miss]\n|-miss|p2a: Cold lil bear|p1a: Snorlax\n|move|p1a: Snorlax|Metronome|p1a: Snorlax\n|move|p1a: Snorlax|Syrup Bomb|p2a: Cold lil bear|[from]move: Metronome\n|-damage|p2a: Cold lil bear|75\/100\n|-start|p2a: Cold lil bear|Syrup Bomb\n|\n|-heal|p2a: Cold lil bear|82\/100|[from] item: Leftovers\n|-unboost|p2a: Cold lil bear|spe|1\n|upkeep\n|turn|14\n|\n|t:|1698558042\n|move|p2a: Cold lil bear|Sheer Cold|p1a: Snorlax|[miss]\n|-miss|p2a: Cold lil bear|p1a: Snorlax\n|move|p1a: Snorlax|Metronome|p1a: Snorlax\n|move|p1a: Snorlax|Fury Swipes|p2a: Cold lil bear|[from]move: Metronome\n|-damage|p2a: Cold lil bear|74\/100\n|-damage|p2a: Cold lil bear|66\/100\n|-damage|p2a: Cold lil bear|58\/100\n|-hitcount|p2a: Cold lil bear|3\n|\n|-heal|p2a: Cold lil bear|64\/100|[from] item: Leftovers\n|-unboost|p2a: Cold lil bear|spe|1\n|upkeep\n|turn|15\n|\n|t:|1698558062\n|move|p2a: Cold lil bear|Ice Beam|p1a: Snorlax\n|-damage|p1a: Snorlax|43\/100\n|move|p1a: Snorlax|Metronome|p1a: Snorlax\n|move|p1a: Snorlax|Misty Terrain|p1a: Snorlax|[from]move: Metronome\n|-fieldstart|move: Misty Terrain\n|\n|-heal|p2a: Cold lil bear|70\/100|[from] item: Leftovers\n|-unboost|p2a: Cold lil bear|spe|1\n|upkeep\n|turn|16\n|\n|t:|1698558073\n|move|p1a: Snorlax|Metronome|p1a: Snorlax\n|move|p1a: Snorlax|Low Kick|p2a: Cold lil bear|[from]move: Metronome\n|-supereffective|p2a: Cold lil bear\n|-damage|p2a: Cold lil bear|9\/100\n|move|p2a: Cold lil bear|Earthquake|p1a: Snorlax\n|-damage|p1a: Snorlax|28\/100\n|\n|-heal|p2a: Cold lil bear|15\/100|[from] item: Leftovers\n|-end|p2a: Cold lil bear|Syrup Bomb|[silent]\n|upkeep\n|turn|17\n|\n|t:|1698558085\n|move|p2a: Cold lil bear|Protect|p2a: Cold lil bear\n|-singleturn|p2a: Cold lil bear|Protect\n|move|p1a: Snorlax|Metronome|p1a: Snorlax\n|move|p1a: Snorlax|Eerie Impulse|p2a: Cold lil bear|[from]move: Metronome\n|-activate|p2a: Cold lil bear|move: Protect\n|\n|-heal|p2a: Cold lil bear|21\/100|[from] item: Leftovers\n|upkeep\n|turn|18\n|\n|t:|1698558099\n|switch|p2a: Cool bird|Moltres-Galar|100\/100\n|move|p1a: Snorlax|Recycle||[still]\n|-fail|p1a: Snorlax\n|\n|upkeep\n|turn|19\n|\n|t:|1698558107\n|move|p2a: Cool bird|Shadow Ball|p1a: Snorlax\n|-immune|p1a: Snorlax\n|move|p1a: Snorlax|Recycle||[still]\n|-fail|p1a: Snorlax\n|\n|-fieldend|Misty Terrain\n|upkeep\n|turn|20\n|\n|t:|1698558116\n|move|p2a: Cool bird|Air Slash|p1a: Snorlax\n|-damage|p1a: Snorlax|18\/100\n|move|p1a: Snorlax|Recycle||[still]\n|-fail|p1a: Snorlax\n|\n|upkeep\n|turn|21\n|\n|t:|1698558124\n|move|p2a: Cool bird|Acrobatics|p1a: Snorlax\n|-damage|p1a: Snorlax|2\/100\n|move|p1a: Snorlax|Recycle||[still]\n|-fail|p1a: Snorlax\n|\n|upkeep\n|turn|22\n|\n|t:|1698558130\n|move|p2a: Cool bird|Acrobatics|p1a: Snorlax\n|-damage|p1a: Snorlax|0 fnt\n|faint|p1a: Snorlax\n|\n|upkeep\n|\n|t:|1698558137\n|switch|p1a: Snorlax|Snorlax, F|100\/100\n|turn|23\n|\n|t:|1698558143\n|move|p2a: Cool bird|Agility|p2a: Cool bird\n|-boost|p2a: Cool bird|spe|2\n|move|p1a: Snorlax|Metronome|p1a: Snorlax\n|move|p1a: Snorlax|Glaive Rush|p2a: Cool bird|[from]move: Metronome\n|-damage|p2a: Cool bird|72\/100\n|-singlemove|p1a: Snorlax|Glaive Rush|[silent]\n|\n|upkeep\n|turn|24\n|\n|t:|1698558152\n|move|p2a: Cool bird|Air Slash|p1a: Snorlax\n|-damage|p1a: Snorlax|71\/100\n|move|p1a: Snorlax|Metronome|p1a: Snorlax\n|move|p1a: Snorlax|Teeter Dance|p2a: Cool bird|[from]move: Metronome\n|-start|p2a: Cool bird|confusion\n|\n|upkeep\n|turn|25\n|\n|t:|1698558162\n|-activate|p2a: Cool bird|confusion\n|-damage|p2a: Cool bird|63\/100|[from] confusion\n|move|p1a: Snorlax|Metronome|p1a: Snorlax\n|move|p1a: Snorlax|Acupressure|p1a: Snorlax|[from]move: Metronome\n|-boost|p1a: Snorlax|atk|2\n|\n|upkeep\n|turn|26\n|\n|t:|1698558176\n|switch|p2a: Froggy|Greninja, M, shiny|100\/100\n|move|p1a: Snorlax|Metronome|p1a: Snorlax\n|move|p1a: Snorlax|Pin Missile|p2a: Froggy|[from]move: Metronome\n|-supereffective|p2a: Froggy\n|-damage|p2a: Froggy|66\/100\n|-supereffective|p2a: Froggy\n|-damage|p2a: Froggy|30\/100\n|-hitcount|p2a: Froggy|2\n|\n|upkeep\n|turn|27\n|\n|t:|1698558190\n|move|p2a: Froggy|Blizzard|p1a: Snorlax\n|-damage|p1a: Snorlax|55\/100\n|move|p1a: Snorlax|Metronome|p1a: Snorlax\n|move|p1a: Snorlax|Dragon Breath|p2a: Froggy|[from]move: Metronome\n|-damage|p2a: Froggy|14\/100\n|\n|upkeep\n|turn|28\n|\n|t:|1698558199\n|move|p2a: Froggy|Blizzard|p1a: Snorlax\n|-damage|p1a: Snorlax|39\/100\n|-enditem|p1a: Snorlax|Sitrus Berry|[eat]\n|-heal|p1a: Snorlax|64\/100|[from] item: Sitrus Berry\n|move|p1a: Snorlax|Metronome|p1a: Snorlax\n|move|p1a: Snorlax|Dragon Tail|p2a: Froggy|[from]move: Metronome\n|-damage|p2a: Froggy|0 fnt\n|faint|p2a: Froggy\n|\n|upkeep\n|\n|t:|1698558213\n|switch|p2a: Washing machine|Rotom-Heat, shiny|58\/100\n|turn|29\n|\n|t:|1698558218\n|move|p2a: Washing machine|Dark Pulse|p1a: Snorlax\n|-damage|p1a: Snorlax|52\/100\n|move|p1a: Snorlax|Metronome|p1a: Snorlax\n|move|p1a: Snorlax|Sludge Wave|p2a: Washing machine|[from]move: Metronome\n|-damage|p2a: Washing machine|42\/100\n|\n|upkeep\n|turn|30\n|\n|t:|1698558226\n|move|p2a: Washing machine|Dark Pulse|p1a: Snorlax\n|-damage|p1a: Snorlax|41\/100\n|cant|p1a: Snorlax|flinch\n|\n|upkeep\n|turn|31\n|\n|t:|1698558234\n|move|p2a: Washing machine|Dark Pulse|p1a: Snorlax\n|-damage|p1a: Snorlax|30\/100\n|cant|p1a: Snorlax|flinch\n|\n|upkeep\n|turn|32\n|\n|t:|1698558243\n|switch|p2a: Breloom|Breloom, M, shiny|68\/100\n|move|p1a: Snorlax|Recycle|p1a: Snorlax\n|-item|p1a: Snorlax|Sitrus Berry|[from] move: Recycle\n|-enditem|p1a: Snorlax|Sitrus Berry|[eat]\n|-heal|p1a: Snorlax|55\/100|[from] item: Sitrus Berry\n|\n|upkeep\n|turn|33\n|\n|t:|1698558252\n|move|p2a: Breloom|Leech Seed|p1a: Snorlax\n|-start|p1a: Snorlax|move: Leech Seed\n|move|p1a: Snorlax|Metronome|p1a: Snorlax\n|move|p1a: Snorlax|Gust|p2a: Breloom|[from]move: Metronome\n|-supereffective|p2a: Breloom\n|-damage|p2a: Breloom|19\/100\n|\n|-damage|p1a: Snorlax|43\/100|[from] Leech Seed|[of] p2a: Breloom\n|-heal|p2a: Breloom|40\/100|[silent]\n|upkeep\n|turn|34\n|\n|t:|1698558263\n|move|p2a: Breloom|Leech Seed||[still]\n|-fail|p2a: Breloom\n|move|p1a: Snorlax|Recycle|p1a: Snorlax\n|-item|p1a: Snorlax|Sitrus Berry|[from] move: Recycle\n|-enditem|p1a: Snorlax|Sitrus Berry|[eat]\n|-heal|p1a: Snorlax|68\/100|[from] item: Sitrus Berry\n|\n|-damage|p1a: Snorlax|55\/100|[from] Leech Seed|[of] p2a: Breloom\n|-heal|p2a: Breloom|60\/100|[silent]\n|upkeep\n|turn|35\n|\n|t:|1698558273\n|move|p2a: Breloom|Leech Seed||[still]\n|-fail|p2a: Breloom\n|move|p1a: Snorlax|Metronome|p1a: Snorlax\n|move|p1a: Snorlax|Twister|p2a: Breloom|[from]move: Metronome\n|-damage|p2a: Breloom|48\/100\n|\n|-damage|p1a: Snorlax|43\/100|[from] Leech Seed|[of] p2a: Breloom\n|-heal|p2a: Breloom|69\/100|[silent]\n|upkeep\n|turn|36\n|\n|t:|1698558289\n|switch|p2a: Cool bird|Moltres-Galar|63\/100\n|move|p1a: Snorlax|Recycle|p1a: Snorlax\n|-item|p1a: Snorlax|Sitrus Berry|[from] move: Recycle\n|-enditem|p1a: Snorlax|Sitrus Berry|[eat]\n|-heal|p1a: Snorlax|68\/100|[from] item: Sitrus Berry\n|\n|-damage|p1a: Snorlax|55\/100|[from] Leech Seed|[of] p2a: Cool bird\n|-heal|p2a: Cool bird|79\/100|[silent]\n|upkeep\n|turn|37\n|\n|t:|1698558303\n|move|p2a: Cool bird|Agility|p2a: Cool bird\n|-boost|p2a: Cool bird|spe|2\n|move|p1a: Snorlax|Metronome|p1a: Snorlax\n|move|p1a: Snorlax|Magical Leaf|p2a: Cool bird|[from]move: Metronome\n|-resisted|p2a: Cool bird\n|-crit|p2a: Cool bird\n|-damage|p2a: Cool bird|74\/100\n|\n|-damage|p1a: Snorlax|43\/100|[from] Leech Seed|[of] p2a: Cool bird\n|-heal|p2a: Cool bird|90\/100|[silent]\n|upkeep\n|turn|38\n|\n|t:|1698558316\n|move|p2a: Cool bird|Air Slash|p1a: Snorlax\n|-damage|p1a: Snorlax|28\/100\n|move|p1a: Snorlax|Recycle|p1a: Snorlax\n|-item|p1a: Snorlax|Sitrus Berry|[from] move: Recycle\n|-enditem|p1a: Snorlax|Sitrus Berry|[eat]\n|-heal|p1a: Snorlax|53\/100|[from] item: Sitrus Berry\n|\n|-damage|p1a: Snorlax|40\/100|[from] Leech Seed|[of] p2a: Cool bird\n|-heal|p2a: Cool bird|100\/100|[silent]\n|upkeep\n|turn|39\n|\n|t:|1698558326\n|move|p2a: Cool bird|Shadow Ball|p1a: Snorlax\n|-immune|p1a: Snorlax\n|move|p1a: Snorlax|Recycle|p1a: Snorlax\n|-item|p1a: Snorlax|Sitrus Berry|[from] move: Recycle\n|-enditem|p1a: Snorlax|Sitrus Berry|[eat]\n|-heal|p1a: Snorlax|65\/100|[from] item: Sitrus Berry\n|\n|-damage|p1a: Snorlax|53\/100|[from] Leech Seed|[of] p2a: Cool bird\n|upkeep\n|turn|40\n|\n|t:|1698558339\n|move|p2a: Cool bird|Acrobatics|p1a: Snorlax\n|-damage|p1a: Snorlax|26\/100\n|move|p1a: Snorlax|Recycle|p1a: Snorlax\n|-item|p1a: Snorlax|Sitrus Berry|[from] move: Recycle\n|-enditem|p1a: Snorlax|Sitrus Berry|[eat]\n|-heal|p1a: Snorlax|51\/100|[from] item: Sitrus Berry\n|\n|-damage|p1a: Snorlax|39\/100|[from] Leech Seed|[of] p2a: Cool bird\n|upkeep\n|turn|41\n|\n|t:|1698558349\n|move|p2a: Cool bird|Acrobatics|p1a: Snorlax\n|-damage|p1a: Snorlax|13\/100\n|move|p1a: Snorlax|Recycle|p1a: Snorlax\n|-item|p1a: Snorlax|Sitrus Berry|[from] move: Recycle\n|-enditem|p1a: Snorlax|Sitrus Berry|[eat]\n|-heal|p1a: Snorlax|38\/100|[from] item: Sitrus Berry\n|\n|-damage|p1a: Snorlax|26\/100|[from] Leech Seed|[of] p2a: Cool bird\n|upkeep\n|turn|42\n|\n|t:|1698558361\n|move|p2a: Cool bird|Acrobatics|p1a: Snorlax\n|-crit|p1a: Snorlax\n|-damage|p1a: Snorlax|0 fnt\n|faint|p1a: Snorlax\n|\n|upkeep\n|\n|t:|1698558368\n|switch|p1a: Snorlax|Snorlax, M|100\/100\n|turn|43\n|\n|t:|1698558374\n|switch|p2a: Breloom|Breloom, M, shiny|69\/100\n|move|p1a: Snorlax|Metronome|p1a: Snorlax\n|move|p1a: Snorlax|Quick Attack|p2a: Breloom|[from]move: Metronome\n|-damage|p2a: Breloom|49\/100\n|\n|upkeep\n|turn|44\n|\n|t:|1698558383\n|move|p2a: Breloom|Leech Seed|p1a: Snorlax\n|-start|p1a: Snorlax|move: Leech Seed\n|move|p1a: Snorlax|Metronome|p1a: Snorlax\n|move|p1a: Snorlax|Wood Hammer|p2a: Breloom|[from]move: Metronome\n|-resisted|p2a: Breloom\n|-damage|p2a: Breloom|29\/100\n|-damage|p1a: Snorlax|97\/100|[from] Recoil\n|\n|-damage|p1a: Snorlax|84\/100|[from] Leech Seed|[of] p2a: Breloom\n|-heal|p2a: Breloom|50\/100|[silent]\n|upkeep\n|turn|45\n|\n|t:|1698558395\n|switch|p2a: Cool bird|Moltres-Galar|100\/100\n|move|p1a: Snorlax|Recycle||[still]\n|-fail|p1a: Snorlax\n|\n|-damage|p1a: Snorlax|72\/100|[from] Leech Seed|[of] p2a: Cool bird\n|upkeep\n|turn|46\n|\n|t:|1698558403\n|switch|p1a: Snorlax|Snorlax, M|100\/100\n|move|p2a: Cool bird|Air Slash|p1a: Snorlax\n|-damage|p1a: Snorlax|87\/100\n|\n|upkeep\n|turn|47\n|\n|t:|1698558412\n|move|p2a: Cool bird|Acrobatics|p1a: Snorlax\n|-damage|p1a: Snorlax|60\/100\n|move|p1a: Snorlax|Metronome|p1a: Snorlax\n|move|p1a: Snorlax|Volt Switch|p2a: Cool bird|[from]move: Metronome\n|-supereffective|p2a: Cool bird\n|-damage|p2a: Cool bird|83\/100\n|\n|t:|1698558420\n|switch|p1a: Snorlax|Snorlax, M|100\/100|[from] Volt Switch\n|\n|upkeep\n|turn|48\n|\n|t:|1698558431\n|move|p2a: Cool bird|Acrobatics|p1a: Snorlax\n|-crit|p1a: Snorlax\n|-damage|p1a: Snorlax|60\/100\n|move|p1a: Snorlax|Metronome|p1a: Snorlax\n|move|p1a: Snorlax|Outrage|p2a: Cool bird|[from]move: Metronome\n|-damage|p2a: Cool bird|55\/100\n|\n|upkeep\n|turn|49\n|\n|t:|1698558440\n|move|p2a: Cool bird|Acrobatics|p1a: Snorlax\n|-damage|p1a: Snorlax|33\/100\n|move|p1a: Snorlax|Outrage|p2a: Cool bird|[from]lockedmove\n|-damage|p2a: Cool bird|28\/100\n|-ability|p2a: Cool bird|Berserk|boost\n|-boost|p2a: Cool bird|spa|1\n|-start|p1a: Snorlax|confusion|[fatigue]\n|\n|upkeep\n|turn|50\n|\n|t:|1698558452\n|move|p2a: Cool bird|Acrobatics|p1a: Snorlax\n|-damage|p1a: Snorlax|9\/100\n|-activate|p1a: Snorlax|confusion\n|-damage|p1a: Snorlax|2\/100|[from] confusion\n|\n|upkeep\n|turn|51\n|\n|t:|1698558461\n|move|p2a: Cool bird|Air Slash|p1a: Snorlax\n|-damage|p1a: Snorlax|0 fnt\n|faint|p1a: Snorlax\n|\n|upkeep\n|\n|t:|1698558469\n|switch|p1a: Snorlax|Snorlax, M|72\/100\n|turn|52\n|\n|t:|1698558477\n|switch|p2a: Breloom|Breloom, M, shiny|50\/100\n|move|p1a: Snorlax|Metronome|p1a: Snorlax\n|move|p1a: Snorlax|Work Up|p1a: Snorlax|[from]move: Metronome\n|-boost|p1a: Snorlax|atk|1\n|-boost|p1a: Snorlax|spa|1\n|\n|upkeep\n|turn|53\n|\n|t:|1698558488\n|-terastallize|p1a: Snorlax|Poison\n|move|p2a: Breloom|Leech Seed|p1a: Snorlax\n|-start|p1a: Snorlax|move: Leech Seed\n|move|p1a: Snorlax|Metronome|p1a: Snorlax\n|move|p1a: Snorlax|Incinerate|p2a: Breloom|[from]move: Metronome\n|-supereffective|p2a: Breloom\n|-damage|p2a: Breloom|2\/100\n|\n|-damage|p1a: Snorlax|60\/100|[from] Leech Seed|[of] p2a: Breloom\n|-heal|p2a: Breloom|22\/100|[silent]\n|upkeep\n|turn|54\n|\n|t:|1698558502\n|switch|p2a: Cool bird|Moltres-Galar|28\/100\n|move|p1a: Snorlax|Metronome|p1a: Snorlax\n|move|p1a: Snorlax|Charm|p2a: Cool bird|[from]move: Metronome\n|-unboost|p2a: Cool bird|atk|2\n|\n|-damage|p1a: Snorlax|47\/100|[from] Leech Seed|[of] p2a: Cool bird\n|-heal|p2a: Cool bird|44\/100|[silent]\n|upkeep\n|-enditem|p1a: Snorlax|Sitrus Berry|[eat]\n|-heal|p1a: Snorlax|72\/100|[from] item: Sitrus Berry\n|turn|55\n|\n|t:|1698558518\n|-terastallize|p2a: Cool bird|Dark\n|move|p2a: Cool bird|Acrobatics|p1a: Snorlax\n|-damage|p1a: Snorlax|59\/100\n|move|p1a: Snorlax|Metronome|p1a: Snorlax\n|move|p1a: Snorlax|Gigaton Hammer|p2a: Cool bird|[from]move: Metronome\n|-damage|p2a: Cool bird|0 fnt\n|faint|p2a: Cool bird\n|\n|upkeep\n|\n|t:|1698558529\n|switch|p2a: Ditto|Ditto, shiny|32\/100\n|turn|56\n|\n|t:|1698558534\n|move|p2a: Ditto|Transform|p1a: Snorlax\n|-transform|p2a: Ditto|p1a: Snorlax\n|move|p1a: Snorlax|Metronome|p1a: Snorlax\n|move|p1a: Snorlax|Brave Bird|p2a: Ditto|[from]move: Metronome\n|-damage|p2a: Ditto|0 fnt\n|faint|p2a: Ditto\n|-damage|p1a: Snorlax|53\/100|[from] Recoil\n|\n|upkeep\n|\n|t:|1698558548\n|switch|p2a: Cold lil bear|Beartic, F, shiny|21\/100\n|turn|57\n|\n|t:|1698558556\n|switch|p1a: Snorlax|Snorlax, F|100\/100\n|move|p2a: Cold lil bear|Sheer Cold|p1a: Snorlax|[miss]\n|-miss|p2a: Cold lil bear|p1a: Snorlax\n|\n|-heal|p2a: Cold lil bear|27\/100|[from] item: Leftovers\n|upkeep\n|turn|58\n|\n|t:|1698558570\n|move|p2a: Cold lil bear|Earthquake|p1a: Snorlax\n|-damage|p1a: Snorlax|77\/100\n|move|p1a: Snorlax|Metronome|p1a: Snorlax\n|move|p1a: Snorlax|Muddy Water|p2a: Cold lil bear|[from]move: Metronome\n|-damage|p2a: Cold lil bear|8\/100\n|-unboost|p2a: Cold lil bear|accuracy|1\n|\n|-heal|p2a: Cold lil bear|14\/100|[from] item: Leftovers\n|upkeep\n|turn|59\n|\n|t:|1698558582\n|move|p2a: Cold lil bear|Earthquake|p1a: Snorlax\n|-damage|p1a: Snorlax|55\/100\n|move|p1a: Snorlax|Metronome|p1a: Snorlax\n|move|p1a: Snorlax|Mystical Power|p2a: Cold lil bear|[from]move: Metronome\n|-damage|p2a: Cold lil bear|0 fnt\n|-boost|p1a: Snorlax|spa|1\n|faint|p2a: Cold lil bear\n|\n|upkeep\n|\n|t:|1698558593\n|switch|p2a: Breloom|Breloom, M, shiny|22\/100\n|turn|60\n|\n|t:|1698558600\n|move|p2a: Breloom|Leech Seed|p1a: Snorlax\n|-start|p1a: Snorlax|move: Leech Seed\n|move|p1a: Snorlax|Metronome|p1a: Snorlax\n|move|p1a: Snorlax|Dark Pulse|p2a: Breloom|[from]move: Metronome\n|-resisted|p2a: Breloom\n|-damage|p2a: Breloom|4\/100\n|\n|-damage|p1a: Snorlax|43\/100|[from] Leech Seed|[of] p2a: Breloom\n|-heal|p2a: Breloom|25\/100|[silent]\n|upkeep\n|turn|61\n|\n|t:|1698558615\n|switch|p2a: Washing machine|Rotom-Heat, shiny|42\/100\n|switch|p1a: Snorlax|Snorlax, M|60\/100\n|\n|upkeep\n|turn|62\n|\n|t:|1698558628\n|move|p2a: Washing machine|Dark Pulse|p1a: Snorlax\n|-damage|p1a: Snorlax|49\/100\n|-enditem|p1a: Snorlax|Sitrus Berry|[eat]\n|-heal|p1a: Snorlax|74\/100|[from] item: Sitrus Berry\n|move|p1a: Snorlax|Metronome|p1a: Snorlax\n|move|p1a: Snorlax|Psyblade|p2a: Washing machine|[from]move: Metronome\n|-damage|p2a: Washing machine|16\/100\n|\n|upkeep\n|turn|63\n|\n|t:|1698558637\n|switch|p2a: Breloom|Breloom, M, shiny|25\/100\n|move|p1a: Snorlax|Metronome|p1a: Snorlax\n|move|p1a: Snorlax|U-turn|p2a: Breloom|[from]move: Metronome\n|-damage|p2a: Breloom|1\/100\n|\n|t:|1698558644\n|switch|p1a: Snorlax|Snorlax, M, tera:Poison|53\/100|[from] U-turn\n|\n|upkeep\n|turn|64\n|\n|t:|1698558649\n|move|p2a: Breloom|Leech Seed|p1a: Snorlax\n|-start|p1a: Snorlax|move: Leech Seed\n|move|p1a: Snorlax|Metronome|p1a: Snorlax\n|move|p1a: Snorlax|Cross Poison|p2a: Breloom|[from]move: Metronome\n|-supereffective|p2a: Breloom\n|-crit|p2a: Breloom\n|-damage|p2a: Breloom|0 fnt\n|faint|p2a: Breloom\n|\n|upkeep\n|\n|t:|1698558659\n|switch|p2a: Washing machine|Rotom-Heat, shiny|16\/100\n|turn|65\n|\n|t:|1698558667\n|switch|p1a: Snorlax|Snorlax, M|74\/100\n|move|p2a: Washing machine|Poltergeist||[still]\n|-fail|p2a: Washing machine\n|\n|upkeep\n|turn|66\n|\n|t:|1698558675\n|move|p2a: Washing machine|Poltergeist||[still]\n|-fail|p2a: Washing machine\n|move|p1a: Snorlax|Metronome|p1a: Snorlax\n|move|p1a: Snorlax|Aromatic Mist|null|[from]move: Metronome|[notarget]\n|-fail|p1a: Snorlax\n|\n|upkeep\n|turn|67\n|\n|t:|1698558692\n|move|p2a: Washing machine|Poltergeist||[still]\n|-fail|p2a: Washing machine\n|move|p1a: Snorlax|Metronome|p1a: Snorlax\n|move|p1a: Snorlax|Acid|p2a: Washing machine|[from]move: Metronome\n|-damage|p2a: Washing machine|9\/100\n|\n|upkeep\n|turn|68\n|\n|t:|1698558700\n|move|p2a: Washing machine|Poltergeist||[still]\n|-fail|p2a: Washing machine\n|move|p1a: Snorlax|Metronome|p1a: Snorlax\n|move|p1a: Snorlax|Hyper Beam|p2a: Washing machine|[from]move: Metronome\n|-damage|p2a: Washing machine|0 fnt\n|-mustrecharge|p1a: Snorlax\n|faint|p2a: Washing machine\n|\n|win|Chiken321fun\n|raw|Chiken321fun's rating: 1030 &rarr; <strong>1062<\/strong><br \/>(+32 for winning)\n|raw|Semicolonj's rating: 1000 &rarr; <strong>1000<\/strong><br \/>(+0 for losing)\n|c|\u2606Chiken321fun|Gg\n|l|\u2606Semicolonj\n|c|\u2606Chiken321fun|Well played^^\n","uploadtime":1698558740,"views":9,"p1id":"chiken321fun","p2id":"semicolonj","formatid":"gen9anythinggoes","rating":1000,"private":0,"password":""}