{"id":"gen9anythinggoes-1984531500","p1":"A name unknown","p2":"Ryaner 0610","format":"[Gen 9] Anything Goes","log":"|j|\u2606A name unknown\n|j|\u2606Ryaner 0610\n|t:|1699276842\n|gametype|singles\n|player|p1|A name unknown|cynthia-gen4|1031\n|player|p2|Ryaner 0610|170|1079\n|teamsize|p1|6\n|teamsize|p2|6\n|gen|9\n|tier|[Gen 9] Anything Goes\n|rated|\n|rule|HP Percentage Mod: HP is shown in percentages\n|rule|Endless Battle Clause: Forcing endless battles is banned\n|clearpoke\n|poke|p1|Gliscor, M|\n|poke|p1|Garchomp, M|\n|poke|p1|Dragonite, M|\n|poke|p1|Arcanine-Hisui, F|\n|poke|p1|Vaporeon, F|\n|poke|p1|Miraidon|\n|poke|p2|Gliscor, M|\n|poke|p2|Sawsbuck, M|\n|poke|p2|Gallade, M|\n|poke|p2|Annihilape, F|\n|poke|p2|Kleavor, M|\n|poke|p2|Iron Bundle|\n|teampreview\n|inactive|Battle timer is ON: inactive players will automatically lose when time's up. (requested by Ryaner 0610)\n|\n|t:|1699276867\n|start\n|switch|p1a: Smash|Vaporeon, F|100\/100\n|switch|p2a: Sawsbuck|Sawsbuck, M|100\/100\n|turn|1\n|\n|t:|1699276884\n|move|p1a: Smash|Protect|p1a: Smash\n|-singleturn|p1a: Smash|Protect\n|move|p2a: Sawsbuck|Agility|p2a: Sawsbuck\n|-boost|p2a: Sawsbuck|spe|2\n|\n|upkeep\n|turn|2\n|\n|t:|1699276891\n|move|p1a: Smash|Detect||[still]\n|-fail|p1a: Smash\n|move|p2a: Sawsbuck|Swords Dance|p2a: Sawsbuck\n|-boost|p2a: Sawsbuck|atk|2\n|\n|upkeep\n|turn|3\n|\n|t:|1699276899\n|move|p2a: Sawsbuck|Swords Dance|p2a: Sawsbuck\n|-boost|p2a: Sawsbuck|atk|2\n|move|p1a: Smash|Ice Beam|p2a: Sawsbuck\n|-supereffective|p2a: Sawsbuck\n|-damage|p2a: Sawsbuck|26\/100\n|\n|upkeep\n|turn|4\n|\n|t:|1699276912\n|move|p2a: Sawsbuck|Horn Leech|p1a: Smash\n|-supereffective|p1a: Smash\n|-enditem|p1a: Smash|Focus Sash\n|-damage|p1a: Smash|1\/100\n|-heal|p2a: Sawsbuck|99\/100|[from] drain|[of] p1a: Smash\n|-damage|p2a: Sawsbuck|89\/100|[from] item: Life Orb\n|move|p1a: Smash|Ice Beam|p2a: Sawsbuck\n|-supereffective|p2a: Sawsbuck\n|-damage|p2a: Sawsbuck|5\/100\n|\n|upkeep\n|turn|5\n|\n|t:|1699276927\n|move|p1a: Smash|Protect|p1a: Smash\n|-singleturn|p1a: Smash|Protect\n|move|p2a: Sawsbuck|Headbutt|p1a: Smash\n|-activate|p1a: Smash|move: Protect\n|\n|upkeep\n|turn|6\n|\n|t:|1699276948\n|switch|p1a: Iphone 15|Miraidon|100\/100\n|-fieldstart|move: Electric Terrain|[from] ability: Hadron Engine|[of] p1a: Iphone 15\n|move|p2a: Sawsbuck|Horn Leech|p1a: Iphone 15\n|-resisted|p1a: Iphone 15\n|-damage|p1a: Iphone 15|36\/100\n|-heal|p2a: Sawsbuck|44\/100|[from] drain|[of] p1a: Iphone 15\n|-damage|p2a: Sawsbuck|34\/100|[from] item: Life Orb\n|\n|-heal|p1a: Iphone 15|42\/100|[from] item: Leftovers\n|upkeep\n|turn|7\n|\n|t:|1699276962\n|move|p2a: Sawsbuck|Horn Leech|p1a: Iphone 15\n|-resisted|p1a: Iphone 15\n|-damage|p1a: Iphone 15|0 fnt\n|-heal|p2a: Sawsbuck|59\/100|[from] drain|[of] p1a: Iphone 15\n|faint|p1a: Iphone 15\n|-damage|p2a: Sawsbuck|49\/100|[from] item: Life Orb\n|\n|upkeep\n|inactive|A name unknown has 120 seconds left.\n|\n|t:|1699276994\n|switch|p1a: JESUS's baby|Dragonite, M|100\/100\n|turn|8\n|\n|t:|1699277014\n|move|p2a: Sawsbuck|Headbutt|p1a: JESUS's baby\n|-damage|p1a: JESUS's baby|47\/100\n|-damage|p2a: Sawsbuck|33\/100|[from] item: Rocky Helmet|[of] p1a: JESUS's baby\n|-damage|p2a: Sawsbuck|23\/100|[from] item: Life Orb\n|move|p1a: JESUS's baby|Blizzard|p2a: Sawsbuck\n|-supereffective|p2a: Sawsbuck\n|-damage|p2a: Sawsbuck|0 fnt\n|faint|p2a: Sawsbuck\n|\n|upkeep\n|\n|t:|1699277023\n|switch|p2a: Iron Bundle|Iron Bundle|100\/100\n|-activate|p2a: Iron Bundle|ability: Quark Drive\n|-start|p2a: Iron Bundle|quarkdrivespa\n|turn|9\n|\n|t:|1699277033\n|switch|p1a: Smash|Vaporeon, F|1\/100\n|move|p2a: Iron Bundle|Freeze-Dry|p1a: Smash\n|-supereffective|p1a: Smash\n|-damage|p1a: Smash|0 fnt\n|faint|p1a: Smash\n|\n|upkeep\n|\n|t:|1699277052\n|switch|p1a: Doggy|Arcanine-Hisui, F|100\/100\n|-ability|p1a: Doggy|Intimidate|boost\n|-unboost|p2a: Iron Bundle|atk|1\n|turn|10\n|\n|t:|1699277059\n|move|p2a: Iron Bundle|Hydro Pump|p1a: Doggy\n|-supereffective|p1a: Doggy\n|-damage|p1a: Doggy|0 fnt\n|faint|p1a: Doggy\n|\n|-fieldend|move: Electric Terrain\n|-end|p2a: Iron Bundle|Quark Drive\n|upkeep\n|-enditem|p2a: Iron Bundle|Booster Energy\n|-activate|p2a: Iron Bundle|ability: Quark Drive|[fromitem]\n|-start|p2a: Iron Bundle|quarkdrivespa\n|\n|t:|1699277071\n|switch|p1a: JESUS's baby|Dragonite, M|47\/100\n|turn|11\n|\n|t:|1699277090\n|move|p2a: Iron Bundle|Freeze-Dry|p1a: JESUS's baby\n|-supereffective|p1a: JESUS's baby\n|-damage|p1a: JESUS's baby|0 fnt\n|faint|p1a: JESUS's baby\n|\n|upkeep\n|inactive|A name unknown has 90 seconds left.\n|\n|t:|1699277106\n|switch|p1a: Nom-Nom|Garchomp, M|100\/100\n|turn|12\n|inactive|A name unknown has 90 seconds left.\n|\n|t:|1699277118\n|move|p2a: Iron Bundle|Freeze-Dry|p1a: Nom-Nom\n|-supereffective|p1a: Nom-Nom\n|-damage|p1a: Nom-Nom|0 fnt\n|faint|p1a: Nom-Nom\n|\n|upkeep\n|\n|t:|1699277125\n|switch|p1a: Covid|Gliscor, M, shiny|100\/100\n|turn|13\n|inactive|A name unknown has 90 seconds left.\n|c|\u2606A name unknown|fuck!!!!!!!!!!\n|\n|t:|1699277135\n|move|p2a: Iron Bundle|Icy Wind|p1a: Covid\n|-supereffective|p1a: Covid\n|-damage|p1a: Covid|0 fnt\n|faint|p1a: Covid\n|\n|win|Ryaner 0610\n|raw|A name unknown's rating: 1031 &rarr; <strong>1018<\/strong><br \/>(-13 for losing)\n|raw|Ryaner 0610's rating: 1079 &rarr; <strong>1103<\/strong><br \/>(+24 for winning)\n","uploadtime":1699277132,"views":6,"p1id":"anameunknown","p2id":"ryaner0610","formatid":"gen9anythinggoes","rating":1018,"private":0,"password":""}