{"id":"gen9anythinggoes-1981364710","p1":"Legit Trolling","p2":"joelz19","format":"[Gen 9] Anything Goes","log":"|j|\u2606Legit Trolling\n|j|\u2606joelz19\n|t:|1698887889\n|gametype|singles\n|player|p1|Legit Trolling|wattson|1262\n|player|p2|joelz19|wallace|1230\n|teamsize|p1|6\n|teamsize|p2|6\n|gen|9\n|tier|[Gen 9] Anything Goes\n|rated|\n|rule|HP Percentage Mod: HP is shown in percentages\n|rule|Endless Battle Clause: Forcing endless battles is banned\n|clearpoke\n|poke|p1|Calyrex-Shadow|\n|poke|p1|Iron Valiant|\n|poke|p1|Mewtwo|\n|poke|p1|Weavile, F|\n|poke|p1|Blissey, F|\n|poke|p1|Slowking-Galar, F|\n|poke|p2|Sandy Shocks|\n|poke|p2|Kingambit, M|\n|poke|p2|Ceruledge, M|\n|poke|p2|Lycanroc-Dusk, M|\n|poke|p2|Clawitzer, M|\n|poke|p2|Seviper, M|\n|teampreview\n|\n|t:|1698887897\n|start\n|switch|p1a: Weavile|Weavile, F|100\/100\n|switch|p2a: Seviper|Seviper, M|100\/100\n|-ability|p1a: Weavile|Pressure\n|turn|1\n|\n|t:|1698887906\n|move|p1a: Weavile|Metronome|p1a: Weavile\n|move|p1a: Weavile|Drill Peck|p2a: Seviper|[from]move: Metronome\n|-damage|p2a: Seviper|48\/100\n|-damage|p1a: Weavile|91\/100|[from] item: Life Orb\n|move|p2a: Seviper|Glare|p1a: Weavile\n|-status|p1a: Weavile|par\n|\n|-heal|p2a: Seviper|54\/100|[from] item: Leftovers\n|upkeep\n|turn|2\n|\n|t:|1698887916\n|move|p1a: Weavile|Metronome|p1a: Weavile\n|move|p1a: Weavile|Play Rough|p2a: Seviper|[from]move: Metronome\n|-resisted|p2a: Seviper\n|-damage|p2a: Seviper|24\/100\n|-damage|p1a: Weavile|81\/100 par|[from] item: Life Orb\n|move|p2a: Seviper|Sludge Bomb|p1a: Weavile\n|-damage|p1a: Weavile|21\/100 par\n|\n|-heal|p2a: Seviper|30\/100|[from] item: Leftovers\n|upkeep\n|turn|3\n|\n|t:|1698887936\n|move|p1a: Weavile|Metronome|p1a: Weavile\n|move|p1a: Weavile|Spirit Shackle|p2a: Seviper|[from]move: Metronome\n|-damage|p2a: Seviper|0 fnt\n|faint|p2a: Seviper\n|-damage|p1a: Weavile|11\/100 par|[from] item: Life Orb\n|\n|upkeep\n|\n|t:|1698887949\n|switch|p2a: Sandy Shocks|Sandy Shocks, shiny|100\/100\n|turn|4\n|\n|t:|1698887955\n|move|p2a: Sandy Shocks|Discharge|p1a: Weavile\n|-crit|p1a: Weavile\n|-damage|p1a: Weavile|0 fnt\n|faint|p1a: Weavile\n|\n|upkeep\n|\n|t:|1698887958\n|switch|p1a: Blissey|Blissey, F|100\/100\n|turn|5\n|\n|t:|1698887968\n|-end|p2a: Sandy Shocks|Protosynthesis|[silent]\n|switch|p2a: Skull Knight|Ceruledge, M|100\/100\n|move|p1a: Blissey|Metronome|p1a: Blissey\n|move|p1a: Blissey|Razor Shell|p2a: Skull Knight|[from]move: Metronome\n|-supereffective|p2a: Skull Knight\n|-damage|p2a: Skull Knight|88\/100\n|-ability|p2a: Skull Knight|Weak Armor|boost\n|-unboost|p2a: Skull Knight|def|1\n|-boost|p2a: Skull Knight|spe|2\n|\n|upkeep\n|turn|6\n|\n|t:|1698887979\n|switch|p1a: Iron Valiant|Iron Valiant|100\/100\n|-enditem|p1a: Iron Valiant|Booster Energy\n|-activate|p1a: Iron Valiant|ability: Quark Drive|[fromitem]\n|-start|p1a: Iron Valiant|quarkdrivespe\n|move|p2a: Skull Knight|Swords Dance|p2a: Skull Knight\n|-boost|p2a: Skull Knight|atk|2\n|\n|upkeep\n|turn|7\n|j| PhinTarr\n|\n|t:|1698887992\n|move|p2a: Skull Knight|Phantom Force||[still]\n|-prepare|p2a: Skull Knight|Phantom Force\n|move|p1a: Iron Valiant|Metronome|p1a: Iron Valiant\n|move|p1a: Iron Valiant|Uproar|p2a: Skull Knight|[from]move: Metronome|[miss]\n|-miss|p1a: Iron Valiant|p2a: Skull Knight\n|\n|upkeep\n|turn|8\n|l| PhinTarr\n|\n|t:|1698888002\n|-end|p1a: Iron Valiant|Quark Drive|[silent]\n|switch|p1a: Blissey|Blissey, F|100\/100\n|move|p2a: Skull Knight|Phantom Force|p1a: Blissey|[from]lockedmove\n|-immune|p1a: Blissey\n|\n|upkeep\n|turn|9\n|\n|t:|1698888009\n|switch|p1a: Slowking|Slowking-Galar, F|100\/100\n|move|p2a: Skull Knight|Bitter Blade|p1a: Slowking\n|-damage|p1a: Slowking|0 fnt\n|-heal|p2a: Skull Knight|100\/100|[from] drain|[of] p1a: Slowking\n|faint|p1a: Slowking\n|-damage|p2a: Skull Knight|91\/100|[from] item: Life Orb\n|\n|upkeep\n|\n|t:|1698888020\n|switch|p1a: Calyrex|Calyrex-Shadow|100\/100\n|-ability|p1a: Calyrex|As One\n|-ability|p1a: Calyrex|Unnerve\n|turn|10\n|\n|t:|1698888036\n|-terastallize|p1a: Calyrex|Dark\n|move|p2a: Skull Knight|Shadow Sneak|p1a: Calyrex\n|-resisted|p1a: Calyrex\n|-damage|p1a: Calyrex|66\/100\n|-damage|p2a: Skull Knight|81\/100|[from] item: Life Orb\n|move|p1a: Calyrex|Metronome|p1a: Calyrex\n|move|p1a: Calyrex|Last Respects|p2a: Skull Knight|[from]move: Metronome\n|-supereffective|p2a: Skull Knight\n|-damage|p2a: Skull Knight|0 fnt\n|faint|p2a: Skull Knight\n|-ability|p1a: Calyrex|Grim Neigh|boost\n|-boost|p1a: Calyrex|spa|1\n|\n|upkeep\n|\n|t:|1698888050\n|switch|p2a: Clawitzer|Clawitzer, M|100\/100\n|turn|11\n|c|\u2606joelz19|wow\n|\n|t:|1698888057\n|move|p1a: Calyrex|Metronome|p1a: Calyrex\n|move|p1a: Calyrex|Dig||[from]move: Metronome|[still]\n|-prepare|p1a: Calyrex|Dig\n|move|p2a: Clawitzer|Aura Sphere|p1a: Calyrex|[miss]\n|-miss|p2a: Clawitzer|p1a: Calyrex\n|\n|upkeep\n|turn|12\n|\n|t:|1698888065\n|move|p1a: Calyrex|Dig||[still]\n|-fail|p1a: Calyrex\n|move|p2a: Clawitzer|Aura Sphere|p1a: Calyrex\n|-supereffective|p1a: Calyrex\n|-damage|p1a: Calyrex|0 fnt\n|faint|p1a: Calyrex\n|\n|upkeep\n|c|\u2606Legit Trolling|gaming\n|\n|t:|1698888070\n|switch|p1a: Blissey|Blissey, F|100\/100\n|turn|13\n|c|\u2606joelz19|awesome\n|\n|t:|1698888078\n|move|p2a: Clawitzer|Aura Sphere|p1a: Blissey\n|-supereffective|p1a: Blissey\n|-damage|p1a: Blissey|73\/100\n|move|p1a: Blissey|Metronome|p1a: Blissey\n|move|p1a: Blissey|Soak|p2a: Clawitzer|[from]move: Metronome\n|-fail|p2a: Clawitzer\n|\n|-heal|p1a: Blissey|79\/100|[from] item: Leftovers\n|upkeep\n|turn|14\n|c|\u2606Legit Trolling|wow\n|\n|t:|1698888087\n|move|p2a: Clawitzer|Aura Sphere|p1a: Blissey\n|-supereffective|p1a: Blissey\n|-damage|p1a: Blissey|52\/100\n|move|p1a: Blissey|Metronome|p1a: Blissey\n|move|p1a: Blissey|Aqua Step|p2a: Clawitzer|[from]move: Metronome\n|-resisted|p2a: Clawitzer\n|-damage|p2a: Clawitzer|98\/100\n|-boost|p1a: Blissey|spe|1\n|\n|-heal|p1a: Blissey|58\/100|[from] item: Leftovers\n|upkeep\n|turn|15\n|c|\u2606Legit Trolling|blissey sweep\n|\n|t:|1698888099\n|move|p1a: Blissey|Metronome|p1a: Blissey\n|move|p1a: Blissey|Gastro Acid|p2a: Clawitzer|[from]move: Metronome\n|-endability|p2a: Clawitzer\n|move|p2a: Clawitzer|Aura Sphere|p1a: Blissey\n|-supereffective|p1a: Blissey\n|-crit|p1a: Blissey\n|-damage|p1a: Blissey|30\/100\n|\n|-heal|p1a: Blissey|36\/100|[from] item: Leftovers\n|upkeep\n|turn|16\n|c|\u2606joelz19|lol\n|c|\u2606Legit Trolling|no more mega launcher\n|\n|t:|1698888109\n|move|p1a: Blissey|Metronome|p1a: Blissey\n|move|p1a: Blissey|Take Down|p2a: Clawitzer|[from]move: Metronome|[miss]\n|-miss|p1a: Blissey|p2a: Clawitzer\n|move|p2a: Clawitzer|Aura Sphere|p1a: Blissey\n|-supereffective|p1a: Blissey\n|-damage|p1a: Blissey|18\/100\n|\n|-heal|p1a: Blissey|24\/100|[from] item: Leftovers\n|upkeep\n|turn|17\n|\n|t:|1698888119\n|move|p1a: Blissey|Metronome|p1a: Blissey\n|move|p1a: Blissey|Whirlpool|p2a: Clawitzer|[from]move: Metronome\n|-resisted|p2a: Clawitzer\n|-damage|p2a: Clawitzer|95\/100\n|-activate|p2a: Clawitzer|move: Whirlpool|[of] p1a: Blissey\n|move|p2a: Clawitzer|Aura Sphere|p1a: Blissey\n|-supereffective|p1a: Blissey\n|-damage|p1a: Blissey|4\/100\n|\n|-heal|p1a: Blissey|10\/100|[from] item: Leftovers\n|-damage|p2a: Clawitzer|82\/100|[from] move: Whirlpool|[partiallytrapped]\n|upkeep\n|turn|18\n|\n|t:|1698888130\n|move|p1a: Blissey|Metronome|p1a: Blissey\n|move|p1a: Blissey|Swords Dance|p1a: Blissey|[from]move: Metronome\n|-boost|p1a: Blissey|atk|2\n|move|p2a: Clawitzer|Aura Sphere|p1a: Blissey\n|-supereffective|p1a: Blissey\n|-damage|p1a: Blissey|0 fnt\n|faint|p1a: Blissey\n|\n|-end|p2a: Clawitzer|Whirlpool|[partiallytrapped]|[silent]\n|upkeep\n|c|\u2606Legit Trolling|I'm literally quaquaval\n|\n|t:|1698888142\n|switch|p1a: Mewtwo|Mewtwo|100\/100\n|-ability|p1a: Mewtwo|Pressure\n|turn|19\n|c|\u2606joelz19|LOL\n|\n|t:|1698888153\n|move|p1a: Mewtwo|Metronome|p1a: Mewtwo\n|move|p1a: Mewtwo|Dragon Breath|p2a: Clawitzer|[from]move: Metronome\n|-damage|p2a: Clawitzer|56\/100\n|-status|p2a: Clawitzer|par\n|move|p2a: Clawitzer|Icy Wind|p1a: Mewtwo\n|-damage|p1a: Mewtwo|78\/100\n|-unboost|p1a: Mewtwo|spe|1\n|\n|upkeep\n|turn|20\n|\n|t:|1698888163\n|move|p1a: Mewtwo|Metronome|p1a: Mewtwo\n|move|p1a: Mewtwo|Steel Roller||[from]move: Metronome|[still]\n|-fail|p1a: Mewtwo\n|move|p2a: Clawitzer|Dragon Pulse|p1a: Mewtwo\n|-damage|p1a: Mewtwo|48\/100\n|\n|upkeep\n|turn|21\n|\n|t:|1698888170\n|move|p1a: Mewtwo|Metronome|p1a: Mewtwo\n|move|p1a: Mewtwo|Heart Swap|p2a: Clawitzer|[from]move: Metronome\n|-swapboost|p1a: Mewtwo|p2a: Clawitzer|[from] move: Heart Swap\n|cant|p2a: Clawitzer|par\n|\n|upkeep\n|turn|22\n|c|\u2606Legit Trolling|haha\n|c|\u2606Legit Trolling|winning\n|\n|t:|1698888187\n|move|p1a: Mewtwo|Metronome|p1a: Mewtwo\n|move|p1a: Mewtwo|Aura Sphere|p2a: Clawitzer|[from]move: Metronome\n|-damage|p2a: Clawitzer|18\/100 par\n|move|p2a: Clawitzer|Icy Wind|p1a: Mewtwo\n|-damage|p1a: Mewtwo|27\/100\n|-unboost|p1a: Mewtwo|spe|1\n|\n|upkeep\n|turn|23\n|c|\u2606Legit Trolling|yeah take that\n|c|\u2606joelz19|amazing xd\n|\n|t:|1698888203\n|move|p1a: Mewtwo|Metronome|p1a: Mewtwo\n|move|p1a: Mewtwo|Light Screen|p1a: Mewtwo|[from]move: Metronome\n|-sidestart|p1: Legit Trolling|move: Light Screen\n|move|p2a: Clawitzer|Dragon Pulse|p1a: Mewtwo\n|-damage|p1a: Mewtwo|11\/100\n|\n|upkeep\n|turn|24\n|\n|t:|1698888212\n|move|p1a: Mewtwo|Metronome|p1a: Mewtwo\n|move|p1a: Mewtwo|Steel Wing|p2a: Clawitzer|[from]move: Metronome|[miss]\n|-miss|p1a: Mewtwo|p2a: Clawitzer\n|move|p2a: Clawitzer|Dragon Pulse|p1a: Mewtwo\n|-damage|p1a: Mewtwo|0 fnt\n|faint|p1a: Mewtwo\n|\n|upkeep\n|c|\u2606joelz19|LOOOOOOOOL\n|\n|t:|1698888219\n|switch|p1a: Iron Valiant|Iron Valiant|100\/100\n|turn|25\n|l|\u2606joelz19\n|player|p2|\n|inactive|Battle timer is ON: inactive players will automatically lose when time's up. (requested by Legit Trolling)\n|inactive|joelz19 has 30 seconds to reconnect!\n|inactive|joelz19 has 20 seconds to reconnect!\n|inactive|joelz19 has 15 seconds to reconnect!\n|inactive|joelz19 has 10 seconds to reconnect!\n|inactive|joelz19 has 5 seconds to reconnect!\n|-message|joelz19 lost due to inactivity.\n|\n|win|Legit Trolling\n|raw|Legit Trolling's rating: 1262 &rarr; <strong>1287<\/strong><br \/>(+25 for winning)\n|raw|joelz19's rating: 1257 &rarr; <strong>1232<\/strong><br \/>(-25 for losing)\n|j|\u2606joelz19\n|player|p2|joelz19|wallace\n","uploadtime":1698888389,"views":7,"p1id":"legittrolling","p2id":"joelz19","formatid":"gen9anythinggoes","rating":1232,"private":0,"password":""}