{"id":"gen9anythinggoes-1983898399","p1":"MarshallKodam","p2":"Dhejjssbdv","format":"[Gen 9] Anything Goes","log":"|j|\u2606MarshallKodam\n|j|\u2606Dhejjssbdv\n|t:|1699197605\n|gametype|singles\n|player|p1|MarshallKodam|266|1000\n|player|p2|Dhejjssbdv|1|1000\n|teamsize|p1|6\n|teamsize|p2|6\n|gen|9\n|tier|[Gen 9] Anything Goes\n|rated|\n|rule|HP Percentage Mod: HP is shown in percentages\n|rule|Endless Battle Clause: Forcing endless battles is banned\n|clearpoke\n|poke|p1|Dudunsparce-*, M|\n|poke|p1|Dudunsparce-*, M|\n|poke|p1|Dudunsparce-*, F|\n|poke|p1|Dudunsparce-*, F|\n|poke|p1|Chansey, F|\n|poke|p1|Regieleki|\n|poke|p2|Ceruledge, M|\n|poke|p2|Greninja-*, M|\n|poke|p2|Flutter Mane|\n|poke|p2|Scizor, M|\n|poke|p2|Ambipom, M|\n|poke|p2|Gliscor, F|\n|teampreview\n|j| kipperace\n|\n|t:|1699197617\n|start\n|switch|p1a: Dudunsparce|Dudunsparce, M|100\/100\n|switch|p2a: Ambipom|Ambipom, M, shiny|100\/100\n|turn|1\n|inactive|Battle timer is ON: inactive players will automatically lose when time's up. (requested by Dhejjssbdv)\n|\n|t:|1699197629\n|move|p2a: Ambipom|Fake Out|p1a: Dudunsparce\n|-damage|p1a: Dudunsparce|64\/100\n|cant|p1a: Dudunsparce|flinch\n|\n|-heal|p1a: Dudunsparce|70\/100|[from] item: Leftovers\n|upkeep\n|turn|2\n|\n|t:|1699197638\n|move|p2a: Ambipom|Double Hit|p1a: Dudunsparce\n|-damage|p1a: Dudunsparce|39\/100\n|-damage|p1a: Dudunsparce|5\/100\n|-hitcount|p1a: Dudunsparce|2\n|move|p1a: Dudunsparce|Tailwind|p1a: Dudunsparce\n|-sidestart|p1: MarshallKodam|move: Tailwind\n|\n|-heal|p1a: Dudunsparce|11\/100|[from] item: Leftovers\n|upkeep\n|turn|3\n|\n|t:|1699197649\n|move|p1a: Dudunsparce|Rock Slide|p2a: Ambipom\n|-damage|p2a: Ambipom|63\/100\n|move|p2a: Ambipom|Aerial Ace|p1a: Dudunsparce\n|-damage|p1a: Dudunsparce|0 fnt\n|faint|p1a: Dudunsparce\n|\n|upkeep\n|\n|t:|1699197659\n|switch|p1a: Little baby|Dudunsparce, M|100\/100\n|turn|4\n|\n|t:|1699197663\n|switch|p2a: Scizor|Scizor, M, shiny|100\/100\n|move|p1a: Little baby|Rock Slide|p2a: Scizor\n|-damage|p2a: Scizor|71\/100\n|\n|-heal|p2a: Scizor|78\/100|[from] item: Leftovers\n|upkeep\n|turn|5\n|\n|t:|1699197674\n|move|p1a: Little baby|Rock Slide|p2a: Scizor|[miss]\n|-miss|p1a: Little baby|p2a: Scizor\n|move|p2a: Scizor|Swords Dance|p2a: Scizor\n|-boost|p2a: Scizor|atk|2\n|\n|-heal|p2a: Scizor|84\/100|[from] item: Leftovers\n|-sideend|p1: MarshallKodam|move: Tailwind\n|upkeep\n|turn|6\n|\n|t:|1699197683\n|move|p2a: Scizor|Swords Dance|p2a: Scizor\n|-boost|p2a: Scizor|atk|2\n|move|p1a: Little baby|Rock Slide|p2a: Scizor\n|-damage|p2a: Scizor|57\/100\n|\n|-heal|p2a: Scizor|63\/100|[from] item: Leftovers\n|upkeep\n|turn|7\n|\n|t:|1699197694\n|move|p2a: Scizor|Swords Dance|p2a: Scizor\n|-boost|p2a: Scizor|atk|2\n|move|p1a: Little baby|Tailwind|p1a: Little baby\n|-sidestart|p1: MarshallKodam|move: Tailwind\n|\n|-heal|p2a: Scizor|69\/100|[from] item: Leftovers\n|upkeep\n|turn|8\n|\n|t:|1699197699\n|move|p2a: Scizor|Bullet Punch|p1a: Little baby\n|-damage|p1a: Little baby|0 fnt\n|faint|p1a: Little baby\n|\n|-heal|p2a: Scizor|75\/100|[from] item: Leftovers\n|upkeep\n|\n|t:|1699197705\n|switch|p1a: Regieleki|Regieleki|100\/100\n|turn|9\n|\n|t:|1699197709\n|move|p2a: Scizor|Bullet Punch|p1a: Regieleki\n|-resisted|p1a: Regieleki\n|-damage|p1a: Regieleki|0 fnt\n|faint|p1a: Regieleki\n|\n|-heal|p2a: Scizor|82\/100|[from] item: Leftovers\n|upkeep\n|\n|t:|1699197712\n|switch|p1a: Chansey|Chansey, F|100\/100\n|turn|10\n|\n|t:|1699197718\n|move|p2a: Scizor|Bullet Punch|p1a: Chansey\n|-damage|p1a: Chansey|0 fnt\n|faint|p1a: Chansey\n|\n|-heal|p2a: Scizor|88\/100|[from] item: Leftovers\n|-sideend|p1: MarshallKodam|move: Tailwind\n|upkeep\n|\n|t:|1699197722\n|switch|p1a: Dudunsparce|Dudunsparce, F|100\/100\n|turn|11\n|\n|t:|1699197726\n|move|p2a: Scizor|Bullet Punch|p1a: Dudunsparce\n|-damage|p1a: Dudunsparce|0 fnt\n|faint|p1a: Dudunsparce\n|\n|-heal|p2a: Scizor|94\/100|[from] item: Leftovers\n|upkeep\n|\n|t:|1699197729\n|switch|p1a: Aphonsinhe|Dudunsparce-Three-Segment, F, shiny|100\/100\n|turn|12\n|\n|t:|1699197732\n|move|p2a: Scizor|Bullet Punch|p1a: Aphonsinhe\n|-damage|p1a: Aphonsinhe|0 fnt\n|faint|p1a: Aphonsinhe\n|\n|win|Dhejjssbdv\n|raw|MarshallKodam's rating: 1000 &rarr; <strong>1000<\/strong><br \/>(+0 for losing)\n|raw|Dhejjssbdv's rating: 1000 &rarr; <strong>1040<\/strong><br \/>(+40 for winning)\n","uploadtime":1699197736,"views":16,"p1id":"marshallkodam","p2id":"dhejjssbdv","formatid":"gen9anythinggoes","rating":1000,"private":0,"password":""}