{"id":"gen9anythinggoes-1998417778","p1":"AWESOMEDOOMER","p2":"NightWave7777","format":"[Gen 9] Anything Goes","log":"|j|\u2606AWESOMEDOOMER\n|j|\u2606NightWave7777\n|t:|1700940050\n|gametype|singles\n|player|p1|AWESOMEDOOMER|volo|\n|player|p2|NightWave7777|unknown|\n|teamsize|p1|6\n|teamsize|p2|6\n|gen|9\n|tier|[Gen 9] Anything Goes\n|rule|HP Percentage Mod: HP is shown in percentages\n|rule|Endless Battle Clause: Forcing endless battles is banned\n|clearpoke\n|poke|p1|Regieleki|\n|poke|p1|Clefable, F|\n|poke|p1|Scizor, M|\n|poke|p1|Amoonguss, M|\n|poke|p1|Gliscor, M|\n|poke|p1|Gyarados, F|\n|poke|p2|Ting-Lu|\n|poke|p2|Sneasler, M|\n|poke|p2|Enamorus, F|\n|poke|p2|Ogerpon-Wellspring, F|\n|poke|p2|Iron Valiant|\n|poke|p2|Kingambit, F|\n|teampreview\n|inactive|Battle timer is ON: inactive players will automatically lose when time's up. (requested by AWESOMEDOOMER)\n|inactive|AWESOMEDOOMER has 270 seconds left.\n|\n|t:|1700940081\n|start\n|switch|p1a: m-scizor best mon|Scizor, M|100\/100\n|switch|p2a: Ting-Lu|Ting-Lu|100\/100\n|-ability|p2a: Ting-Lu|Vessel of Ruin\n|turn|1\n|\n|t:|1700940088\n|move|p1a: m-scizor best mon|U-turn|p2a: Ting-Lu\n|-supereffective|p2a: Ting-Lu\n|-damage|p2a: Ting-Lu|44\/100\n|j| swirlingvortexG\n|inactive|AWESOMEDOOMER has 270 seconds left.\n|j| BeanMasters\n|\n|t:|1700940137\n|switch|p1a: di immortales|Gliscor, M|100\/100|[from] U-turn\n|move|p2a: Ting-Lu|Stealth Rock|p1a: di immortales\n|-sidestart|p1: AWESOMEDOOMER|move: Stealth Rock\n|\n|-heal|p2a: Ting-Lu|50\/100|[from] item: Leftovers\n|-status|p1a: di immortales|tox|[from] item: Toxic Orb\n|upkeep\n|turn|2\n|\n|t:|1700940149\n|move|p1a: di immortales|Toxic|p2a: Ting-Lu\n|-status|p2a: Ting-Lu|tox\n|move|p2a: Ting-Lu|Spikes|p1a: di immortales\n|-sidestart|p1: AWESOMEDOOMER|Spikes\n|\n|-heal|p2a: Ting-Lu|57\/100 tox|[from] item: Leftovers\n|-damage|p2a: Ting-Lu|50\/100 tox|[from] psn\n|upkeep\n|turn|3\n|\n|t:|1700940160\n|move|p1a: di immortales|Spikes|p2a: Ting-Lu\n|-sidestart|p2: NightWave7777|Spikes\n|move|p2a: Ting-Lu|Whirlwind|p1a: di immortales\n|drag|p1a: m-scizor best mon|Scizor, M|100\/100\n|-damage|p1a: m-scizor best mon|88\/100|[from] Stealth Rock\n|-damage|p1a: m-scizor best mon|75\/100|[from] Spikes\n|\n|-heal|p2a: Ting-Lu|57\/100 tox|[from] item: Leftovers\n|-damage|p2a: Ting-Lu|44\/100 tox|[from] psn\n|upkeep\n|turn|4\n|\n|t:|1700940166\n|move|p1a: m-scizor best mon|U-turn|p2a: Ting-Lu\n|-supereffective|p2a: Ting-Lu\n|-damage|p2a: Ting-Lu|0 fnt\n|faint|p2a: Ting-Lu\n|\n|t:|1700940172\n|switch|p1a: mcqueen|Regieleki|100\/100|[from] U-turn\n|-damage|p1a: mcqueen|88\/100|[from] Stealth Rock\n|-damage|p1a: mcqueen|76\/100|[from] Spikes\n|\n|upkeep\n|inactive|NightWave7777 has 270 seconds left.\n|\n|t:|1700940216\n|switch|p2a: Enamorus|Enamorus, F|100\/100\n|turn|5\n|inactive|AWESOMEDOOMER has 270 seconds left.\n|\n|t:|1700940244\n|move|p1a: mcqueen|Rapid Spin|p2a: Enamorus\n|-damage|p2a: Enamorus|83\/100\n|-boost|p1a: mcqueen|spe|1\n|-sideend|p1: AWESOMEDOOMER|Spikes|[from] move: Rapid Spin|[of] p1a: mcqueen\n|-sideend|p1: AWESOMEDOOMER|Stealth Rock|[from] move: Rapid Spin|[of] p1a: mcqueen\n|move|p2a: Enamorus|Earth Power|p1a: mcqueen\n|-supereffective|p1a: mcqueen\n|-damage|p1a: mcqueen|0 fnt\n|faint|p1a: mcqueen\n|-damage|p2a: Enamorus|73\/100|[from] item: Life Orb\n|\n|upkeep\n|\n|t:|1700940248\n|switch|p1a: m-scizor best mon|Scizor, M|75\/100\n|turn|6\n|inactive|NightWave7777 has 270 seconds left.\n|\n|t:|1700940259\n|switch|p2a: Ogerpon|Ogerpon-Wellspring, F|100\/100\n|-damage|p2a: Ogerpon|88\/100|[from] Spikes\n|move|p1a: m-scizor best mon|Bullet Punch|p2a: Ogerpon\n|-resisted|p2a: Ogerpon\n|-damage|p2a: Ogerpon|56\/100\n|\n|upkeep\n|turn|7\n|inactive|NightWave7777 has 270 seconds left.\n|\n|t:|1700940270\n|switch|p1a: amongus|Amoonguss, M|100\/100\n|move|p2a: Ogerpon|Substitute|p2a: Ogerpon\n|-start|p2a: Ogerpon|Substitute\n|-damage|p2a: Ogerpon|31\/100\n|\n|upkeep\n|turn|8\n|\n|t:|1700940277\n|move|p2a: Ogerpon|Swords Dance|p2a: Ogerpon\n|-boost|p2a: Ogerpon|atk|2\n|move|p1a: amongus|Sludge Bomb|p2a: Ogerpon\n|-supereffective|p2a: Ogerpon\n|-end|p2a: Ogerpon|Substitute\n|\n|upkeep\n|turn|9\n|\n|t:|1700940289\n|switch|p2a: Sneasler|Sneasler, M|100\/100\n|-damage|p2a: Sneasler|88\/100|[from] Spikes\n|move|p1a: amongus|Spore|p2a: Sneasler\n|-status|p2a: Sneasler|slp|[from] move: Spore\n|\n|upkeep\n|turn|10\n|\n|t:|1700940310\n|switch|p1a: piepi|Clefable, F|100\/100\n|cant|p2a: Sneasler|slp\n|\n|upkeep\n|turn|11\n|\n|t:|1700940315\n|cant|p2a: Sneasler|slp\n|move|p1a: piepi|Psychic|p2a: Sneasler\n|-supereffective|p2a: Sneasler\n|-damage|p2a: Sneasler|0 fnt\n|faint|p2a: Sneasler\n|\n|upkeep\n|inactive|NightWave7777 has 270 seconds left.\n|\n|t:|1700940333\n|switch|p2a: Enamorus|Enamorus, F|73\/100\n|turn|12\n|\n|t:|1700940338\n|move|p2a: Enamorus|Mystical Fire|p1a: piepi\n|-damage|p1a: piepi|70\/100\n|-unboost|p1a: piepi|spa|1\n|-damage|p2a: Enamorus|63\/100|[from] item: Life Orb\n|move|p1a: piepi|Thunder Wave|p2a: Enamorus\n|-status|p2a: Enamorus|par\n|\n|-heal|p1a: piepi|76\/100|[from] item: Leftovers\n|upkeep\n|turn|13\n|\n|t:|1700940345\n|cant|p2a: Enamorus|par\n|move|p1a: piepi|Moonlight|p1a: piepi\n|-heal|p1a: piepi|100\/100\n|\n|upkeep\n|turn|14\n|\n|t:|1700940354\n|cant|p2a: Enamorus|par\n|move|p1a: piepi|Moonblast|p2a: Enamorus\n|-damage|p2a: Enamorus|34\/100 par\n|\n|upkeep\n|turn|15\n|\n|t:|1700940360\n|move|p2a: Enamorus|Moonblast|p1a: piepi\n|-damage|p1a: piepi|36\/100\n|-damage|p2a: Enamorus|24\/100 par|[from] item: Life Orb\n|move|p1a: piepi|Moonblast|p2a: Enamorus\n|-damage|p2a: Enamorus|0 fnt\n|faint|p2a: Enamorus\n|\n|-heal|p1a: piepi|42\/100|[from] item: Leftovers\n|upkeep\n|\n|t:|1700940372\n|switch|p2a: Ogerpon|Ogerpon-Wellspring, F|31\/100\n|-damage|p2a: Ogerpon|19\/100|[from] Spikes\n|turn|16\n|\n|t:|1700940378\n|switch|p1a: amongus|Amoonguss, M|100\/100\n|move|p2a: Ogerpon|Ivy Cudgel|p1a: amongus|[anim] Ivy Cudgel Water\n|-resisted|p1a: amongus\n|-damage|p1a: amongus|70\/100\n|-enditem|p1a: amongus|Red Card|[of] p2a: Ogerpon\n|drag|p2a: Kingambit|Kingambit, F|100\/100\n|-damage|p2a: Kingambit|88\/100|[from] Spikes\n|-activate|p2a: Kingambit|ability: Supreme Overlord\n|-start|p2a: Kingambit|fallen3|[silent]\n|\n|upkeep\n|turn|17\n|\n|t:|1700940389\n|-end|p2a: Kingambit|fallen3|[silent]\n|switch|p2a: Ogerpon|Ogerpon-Wellspring, F|19\/100\n|-damage|p2a: Ogerpon|7\/100|[from] Spikes\n|move|p1a: amongus|Spore|p2a: Ogerpon\n|-immune|p2a: Ogerpon\n|\n|upkeep\n|turn|18\n|\n|t:|1700940402\n|move|p2a: Ogerpon|Ivy Cudgel|p1a: amongus|[anim] Ivy Cudgel Water\n|-resisted|p1a: amongus\n|-damage|p1a: amongus|41\/100\n|move|p1a: amongus|Sludge Bomb|p2a: Ogerpon\n|-supereffective|p2a: Ogerpon\n|-damage|p2a: Ogerpon|0 fnt\n|faint|p2a: Ogerpon\n|\n|upkeep\n|\n|t:|1700940408\n|switch|p2a: Kingambit|Kingambit, F|88\/100\n|-damage|p2a: Kingambit|76\/100|[from] Spikes\n|-activate|p2a: Kingambit|ability: Supreme Overlord\n|-start|p2a: Kingambit|fallen4|[silent]\n|turn|19\n|\n|t:|1700940417\n|switch|p1a: di immortales|Gliscor, M|100\/100 tox\n|move|p2a: Kingambit|Kowtow Cleave|p1a: di immortales\n|-damage|p1a: di immortales|60\/100 tox\n|\n|-heal|p1a: di immortales|72\/100 tox|[from] ability: Poison Heal\n|upkeep\n|turn|20\n|\n|t:|1700940426\n|move|p1a: di immortales|Earthquake|p2a: Kingambit\n|-supereffective|p2a: Kingambit\n|-crit|p2a: Kingambit\n|-damage|p2a: Kingambit|9\/100\n|-enditem|p2a: Kingambit|Weakness Policy\n|-boost|p2a: Kingambit|atk|2|[from] item: Weakness Policy\n|-boost|p2a: Kingambit|spa|2|[from] item: Weakness Policy\n|move|p2a: Kingambit|Swords Dance|p2a: Kingambit\n|-boost|p2a: Kingambit|atk|2\n|\n|-heal|p1a: di immortales|85\/100 tox|[from] ability: Poison Heal\n|upkeep\n|turn|21\n|\n|t:|1700940443\n|switch|p1a: piepi|Clefable, F|42\/100\n|move|p2a: Kingambit|Sucker Punch||[still]\n|-fail|p2a: Kingambit\n|\n|-heal|p1a: piepi|48\/100|[from] item: Leftovers\n|upkeep\n|turn|22\n|\n|t:|1700940449\n|move|p1a: piepi|Thunder Wave|p2a: Kingambit\n|-status|p2a: Kingambit|par\n|move|p2a: Kingambit|Iron Head|p1a: piepi\n|-supereffective|p1a: piepi\n|-damage|p1a: piepi|0 fnt\n|faint|p1a: piepi\n|\n|upkeep\n|\n|t:|1700940453\n|switch|p1a: m-scizor best mon|Scizor, M|75\/100\n|turn|23\n|\n|t:|1700940458\n|move|p1a: m-scizor best mon|Bullet Punch|p2a: Kingambit\n|-resisted|p2a: Kingambit\n|-damage|p2a: Kingambit|0 fnt\n|faint|p2a: Kingambit\n|-end|p2a: Kingambit|fallen4|[silent]\n|\n|upkeep\n|\n|t:|1700940460\n|switch|p2a: Iron Valiant|Iron Valiant|100\/100\n|-damage|p2a: Iron Valiant|88\/100|[from] Spikes\n|-enditem|p2a: Iron Valiant|Booster Energy\n|-activate|p2a: Iron Valiant|ability: Quark Drive|[fromitem]\n|-start|p2a: Iron Valiant|quarkdrivespe\n|turn|24\n|\n|t:|1700940473\n|-terastallize|p2a: Iron Valiant|Dark\n|move|p1a: m-scizor best mon|Bullet Punch|p2a: Iron Valiant\n|-damage|p2a: Iron Valiant|18\/100\n|move|p2a: Iron Valiant|Close Combat|p1a: m-scizor best mon\n|-damage|p1a: m-scizor best mon|19\/100\n|-unboost|p2a: Iron Valiant|def|1\n|-unboost|p2a: Iron Valiant|spd|1\n|\n|upkeep\n|turn|25\n|\n|t:|1700940485\n|move|p1a: m-scizor best mon|Bullet Punch|p2a: Iron Valiant\n|-damage|p2a: Iron Valiant|0 fnt\n|faint|p2a: Iron Valiant\n|-end|p2a: Iron Valiant|Quark Drive|[silent]\n|\n|win|AWESOMEDOOMER\n|l| swirlingvortexG\n|l|\u2606NightWave7777\n|l| BeanMasters\n","uploadtime":1700940490,"views":5,"p1id":"awesomedoomer","p2id":"nightwave7777","formatid":"gen9anythinggoes","rating":0,"private":0,"password":""}