{"id":"gen9anythinggoes-1988030150","p1":"WeaselmanWasTaken","p2":"raregangster","format":"[Gen 9] Anything Goes","log":"|j|\u2606WeaselmanWasTaken\n|j|\u2606raregangster\n|t:|1699661104\n|gametype|singles\n|player|p1|WeaselmanWasTaken|erika|\n|player|p2|raregangster|cheryl|\n|teamsize|p1|6\n|teamsize|p2|6\n|gen|9\n|tier|[Gen 9] Anything Goes\n|rule|HP Percentage Mod: HP is shown in percentages\n|rule|Endless Battle Clause: Forcing endless battles is banned\n|clearpoke\n|poke|p1|Kommo-o, F|\n|poke|p1|Lokix, F|\n|poke|p1|Iron Treads|\n|poke|p1|Hatterene, F|\n|poke|p1|Umbreon, F|\n|poke|p1|Tyranitar, M|\n|poke|p2|Grimmsnarl, M|\n|poke|p2|Flutter Mane|\n|poke|p2|Walking Wake|\n|poke|p2|Scream Tail|\n|poke|p2|Maushold|\n|poke|p2|Eelektross, F|\n|teampreview\n|inactive|Battle timer is ON: inactive players will automatically lose when time's up. (requested by WeaselmanWasTaken)\n|j| jkduane\n|inactive|WeaselmanWasTaken has 270 seconds left.\n|inactive|raregangster has 270 seconds left.\n|inactiveoff|Battle timer is now OFF.\n|j| PorygonTheBot\n|c| PorygonTheBot|y'all are stupid\n|j| Miramac\n|j| bflem\n|j| Not-Amara\n|j| dlcing\n|c| bflem|i wouldnt take that from PoryBot yall\n|c| dlcing|fight him\n|c| Not-Amara|Nah fr\n|\n|t:|1699661214\n|start\n|switch|p1a: Ben 10 (intro)|Lokix, F|100\/100\n|switch|p2a: Maushold|Maushold|100\/100\n|turn|1\n|\n|t:|1699661265\n|move|p1a: Ben 10 (intro)|First Impression|p2a: Maushold\n|-damage|p2a: Maushold|29\/100\n|move|p2a: Maushold|Tidy Up|p2a: Maushold\n|-boost|p2a: Maushold|atk|1\n|-boost|p2a: Maushold|spe|1\n|\n|upkeep\n|turn|2\n|\n|t:|1699661274\n|move|p1a: Ben 10 (intro)|Sucker Punch||[still]\n|-fail|p1a: Ben 10 (intro)\n|move|p2a: Maushold|Encore|p1a: Ben 10 (intro)\n|-start|p1a: Ben 10 (intro)|Encore\n|\n|upkeep\n|turn|3\n|\n|t:|1699661363\n|move|p1a: Ben 10 (intro)|Sucker Punch||[still]\n|-fail|p1a: Ben 10 (intro)\n|move|p2a: Maushold|Tidy Up|p2a: Maushold\n|-boost|p2a: Maushold|atk|1\n|-boost|p2a: Maushold|spe|1\n|\n|upkeep\n|turn|4\n|\n|t:|1699661391\n|move|p1a: Ben 10 (intro)|Sucker Punch||[still]\n|-fail|p1a: Ben 10 (intro)\n|move|p2a: Maushold|Tidy Up|p2a: Maushold\n|-boost|p2a: Maushold|atk|1\n|-boost|p2a: Maushold|spe|1\n|\n|upkeep\n|turn|5\n|\n|t:|1699661413\n|switch|p1a: Iron Treads|Iron Treads|100\/100\n|move|p2a: Maushold|Tidy Up|p2a: Maushold\n|-boost|p2a: Maushold|atk|1\n|-boost|p2a: Maushold|spe|1\n|\n|upkeep\n|turn|6\n|\n|t:|1699661427\n|move|p2a: Maushold|Bite|p1a: Iron Treads\n|-damage|p1a: Iron Treads|57\/100\n|-damage|p2a: Maushold|12\/100|[from] item: Rocky Helmet|[of] p1a: Iron Treads\n|move|p1a: Iron Treads|Knock Off|p2a: Maushold\n|-damage|p2a: Maushold|0 fnt\n|-enditem|p2a: Maushold|Focus Sash|[from] move: Knock Off|[of] p1a: Iron Treads\n|faint|p2a: Maushold\n|\n|upkeep\n|c| Miramac|BITE?\n|c| bflem|BITE??????????????\n|c|\u2606raregangster|welp\n|c|\u2606WeaselmanWasTaken|technichian\n|c| jkduane|HUH????\n|c| Miramac|WHERE IS THE POPULATION BOMB????\n|c| dlcing|why would he population bomb\n|c|\u2606raregangster|HE'S STEEL\n|c| jkduane|Bullet Seed???\n|c|\u2606raregangster|HE RESISTS\n|c| Not-Amara|MAN STFU LET THEM BATTLE LOL\n|c|\u2606raregangster|uh\n|c| dlcing|bite is for spectier\n|c| dlcing|are yall high\n|c|\u2606raregangster|bullet seed woulda been good\n|c|\u2606raregangster|also yeah it was for spectier\n|c| dlcing|bullet seed is ass tf\n|\n|t:|1699661524\n|switch|p2a: Walking Wake|Walking Wake|100\/100\n|-enditem|p2a: Walking Wake|Booster Energy\n|-activate|p2a: Walking Wake|ability: Protosynthesis|[fromitem]\n|-start|p2a: Walking Wake|protosynthesisspe\n|turn|7\n|\n|t:|1699661542\n|-end|p1a: Iron Treads|Quark Drive|[silent]\n|switch|p1a: Great Pretender|Umbreon, F|100\/100\n|move|p2a: Walking Wake|Scald|p1a: Great Pretender\n|-damage|p1a: Great Pretender|80\/100\n|-status|p1a: Great Pretender|brn\n|-activate|p1a: Great Pretender|ability: Synchronize\n|-status|p2a: Walking Wake|brn\n|\n|-heal|p1a: Great Pretender|86\/100 brn|[from] item: Leftovers\n|-damage|p2a: Walking Wake|94\/100 brn|[from] brn\n|-damage|p1a: Great Pretender|80\/100 brn|[from] brn\n|upkeep\n|turn|8\n|\n|t:|1699661614\n|-end|p2a: Walking Wake|Protosynthesis|[silent]\n|switch|p2a: Grimmsnarl|Grimmsnarl, M|100\/100\n|move|p1a: Great Pretender|Baton Pass|p1a: Great Pretender\n|\n|t:|1699661624\n|switch|p1a: Iron Treads|Iron Treads|57\/100|[from] Baton Pass\n|\n|upkeep\n|turn|9\n|c| dlcing|his best bet to beat treads was low kick\n|c| dlcing|but he cant run tidy up pop bomb encore and low kick\n|\n|t:|1699661696\n|switch|p2a: Eelektross|Eelektross, F|100\/100\n|move|p1a: Iron Treads|Knock Off|p2a: Eelektross\n|-damage|p2a: Eelektross|73\/100\n|-enditem|p2a: Eelektross|Assault Vest|[from] move: Knock Off|[of] p1a: Iron Treads\n|\n|upkeep\n|turn|10\n|c| dlcing|if maushold had an attack stat bullet seed would be fire\n|c| Miramac|rare is a girl lol\n|\n|t:|1699661713\n|move|p1a: Iron Treads|Volt Switch|p2a: Eelektross\n|-resisted|p2a: Eelektross\n|-damage|p2a: Eelektross|67\/100\n|c|\u2606raregangster|i just work here\n|\n|t:|1699661741\n|-end|p1a: Iron Treads|Quark Drive|[silent]\n|switch|p1a: Great Pretender|Umbreon, F|80\/100 brn|[from] Volt Switch\n|move|p2a: Eelektross|Flamethrower|p1a: Great Pretender\n|-damage|p1a: Great Pretender|65\/100 brn\n|\n|-heal|p1a: Great Pretender|71\/100 brn|[from] item: Leftovers\n|-damage|p1a: Great Pretender|65\/100 brn|[from] brn\n|upkeep\n|turn|11\n|\n|t:|1699661754\n|move|p1a: Great Pretender|Toxic|p2a: Eelektross\n|-status|p2a: Eelektross|tox\n|move|p2a: Eelektross|Acid Spray|p1a: Great Pretender\n|-damage|p1a: Great Pretender|58\/100 brn\n|-unboost|p1a: Great Pretender|spd|2\n|\n|-heal|p1a: Great Pretender|64\/100 brn|[from] item: Leftovers\n|-damage|p2a: Eelektross|60\/100 tox|[from] psn\n|-damage|p1a: Great Pretender|58\/100 brn|[from] brn\n|upkeep\n|turn|12\n|\n|t:|1699661789\n|switch|p1a: Ace of Spades|Tyranitar, M|100\/100\n|-weather|Sandstorm|[from] ability: Sand Stream|[of] p1a: Ace of Spades\n|move|p2a: Eelektross|Discharge|p1a: Ace of Spades\n|-damage|p1a: Ace of Spades|89\/100\n|\n|-weather|Sandstorm|[upkeep]\n|-damage|p2a: Eelektross|54\/100 tox|[from] Sandstorm\n|-damage|p2a: Eelektross|42\/100 tox|[from] psn\n|upkeep\n|turn|13\n|\n|t:|1699661804\n|move|p1a: Ace of Spades|Knock Off|p2a: Eelektross\n|-damage|p2a: Eelektross|11\/100 tox\n|move|p2a: Eelektross|Acid Spray|p1a: Ace of Spades\n|-resisted|p1a: Ace of Spades\n|-damage|p1a: Ace of Spades|87\/100\n|-unboost|p1a: Ace of Spades|spd|2\n|\n|-weather|Sandstorm|[upkeep]\n|-damage|p2a: Eelektross|5\/100 tox|[from] Sandstorm\n|-damage|p2a: Eelektross|0 fnt|[from] psn\n|faint|p2a: Eelektross\n|upkeep\n|\n|t:|1699661916\n|switch|p2a: Flutter Mane|Flutter Mane|100\/100\n|-enditem|p2a: Flutter Mane|Booster Energy\n|-activate|p2a: Flutter Mane|ability: Protosynthesis|[fromitem]\n|-start|p2a: Flutter Mane|protosynthesisspe\n|turn|14\n|\n|t:|1699661936\n|switch|p1a: Iron Treads|Iron Treads|57\/100\n|move|p2a: Flutter Mane|Moonblast|p1a: Iron Treads\n|-resisted|p1a: Iron Treads\n|-damage|p1a: Iron Treads|34\/100\n|\n|-weather|Sandstorm|[upkeep]\n|-damage|p2a: Flutter Mane|95\/100|[from] Sandstorm\n|upkeep\n|turn|15\n|\n|t:|1699661976\n|move|p2a: Flutter Mane|Mystical Fire|p1a: Iron Treads\n|-supereffective|p1a: Iron Treads\n|-damage|p1a: Iron Treads|0 fnt\n|faint|p1a: Iron Treads\n|-end|p1a: Iron Treads|Quark Drive|[silent]\n|\n|-weather|Sandstorm|[upkeep]\n|-damage|p2a: Flutter Mane|89\/100|[from] Sandstorm\n|upkeep\n|\n|t:|1699661983\n|switch|p1a: Ace of Spades|Tyranitar, M|87\/100\n|turn|16\n|\n|t:|1699661988\n|move|p2a: Flutter Mane|Moonblast|p1a: Ace of Spades\n|-supereffective|p1a: Ace of Spades\n|-damage|p1a: Ace of Spades|61\/100\n|-unboost|p1a: Ace of Spades|spa|1\n|move|p1a: Ace of Spades|Heavy Slam|p2a: Flutter Mane\n|-supereffective|p2a: Flutter Mane\n|-damage|p2a: Flutter Mane|0 fnt\n|faint|p2a: Flutter Mane\n|-end|p2a: Flutter Mane|Protosynthesis|[silent]\n|\n|-weather|none\n|upkeep\n|c| dlcing|YUPPPP\n|c|\u2606WeaselmanWasTaken|delicious\n|c| dlcing|BRRRRRRRRR\n|c|\u2606raregangster|DAMN\n|c|\u2606raregangster|SO TANKY\n|c| dlcing|THATS REAL PREP RIGHT THERE BABY\n|c| Miramac|assault vest?\n|c|\u2606WeaselmanWasTaken|we loooove AV t tar\n|\n|t:|1699662017\n|switch|p2a: Scream Tail|Scream Tail|100\/100\n|-enditem|p2a: Scream Tail|Booster Energy\n|-activate|p2a: Scream Tail|ability: Protosynthesis|[fromitem]\n|-start|p2a: Scream Tail|protosynthesisspe\n|turn|17\n|\n|t:|1699662036\n|switch|p1a: Great Pretender|Umbreon, F|58\/100 brn\n|move|p2a: Scream Tail|Reflect|p2a: Scream Tail\n|-sidestart|p2: raregangster|Reflect\n|\n|-heal|p1a: Great Pretender|64\/100 brn|[from] item: Leftovers\n|-damage|p1a: Great Pretender|58\/100 brn|[from] brn\n|upkeep\n|turn|18\n|\n|t:|1699662045\n|move|p2a: Scream Tail|Calm Mind|p2a: Scream Tail\n|-boost|p2a: Scream Tail|spa|1\n|-boost|p2a: Scream Tail|spd|1\n|move|p1a: Great Pretender|Toxic|p2a: Scream Tail\n|-status|p2a: Scream Tail|tox\n|\n|-heal|p1a: Great Pretender|64\/100 brn|[from] item: Leftovers\n|-damage|p2a: Scream Tail|94\/100 tox|[from] psn\n|-damage|p1a: Great Pretender|58\/100 brn|[from] brn\n|upkeep\n|turn|19\n|\n|t:|1699662056\n|move|p2a: Scream Tail|Calm Mind|p2a: Scream Tail\n|-boost|p2a: Scream Tail|spa|1\n|-boost|p2a: Scream Tail|spd|1\n|move|p1a: Great Pretender|Wish|p1a: Great Pretender\n|\n|-heal|p1a: Great Pretender|64\/100 brn|[from] item: Leftovers\n|-damage|p2a: Scream Tail|82\/100 tox|[from] psn\n|-damage|p1a: Great Pretender|58\/100 brn|[from] brn\n|upkeep\n|turn|20\n|\n|t:|1699662068\n|move|p2a: Scream Tail|Calm Mind|p2a: Scream Tail\n|-boost|p2a: Scream Tail|spa|1\n|-boost|p2a: Scream Tail|spd|1\n|move|p1a: Great Pretender|Baton Pass|p1a: Great Pretender\n|\n|t:|1699662090\n|switch|p1a: Ace of Spades|Tyranitar, M|61\/100|[from] Baton Pass\n|-weather|Sandstorm|[from] ability: Sand Stream|[of] p1a: Ace of Spades\n|\n|-weather|Sandstorm|[upkeep]\n|-damage|p2a: Scream Tail|76\/100 tox|[from] Sandstorm\n|-heal|p1a: Ace of Spades|100\/100|[from] move: Wish|[wisher] Great Pretender\n|-damage|p2a: Scream Tail|57\/100 tox|[from] psn\n|upkeep\n|turn|21\n|\n|t:|1699662100\n|switch|p1a: Great Pretender|Umbreon, F|58\/100 brn\n|move|p2a: Scream Tail|Thunder Wave||[still]\n|-fail|p2a: Scream Tail\n|\n|-weather|Sandstorm|[upkeep]\n|-damage|p2a: Scream Tail|51\/100 tox|[from] Sandstorm\n|-damage|p1a: Great Pretender|52\/100 brn|[from] Sandstorm\n|-heal|p1a: Great Pretender|58\/100 brn|[from] item: Leftovers\n|-damage|p2a: Scream Tail|26\/100 tox|[from] psn\n|-damage|p1a: Great Pretender|52\/100 brn|[from] brn\n|-sideend|p2: raregangster|Reflect\n|upkeep\n|turn|22\n|\n|t:|1699662124\n|move|p1a: Great Pretender|Protect|p1a: Great Pretender\n|-singleturn|p1a: Great Pretender|Protect\n|move|p2a: Scream Tail|Baton Pass|p2a: Scream Tail\n|\n|t:|1699662129\n|-end|p2a: Scream Tail|Protosynthesis|[silent]\n|switch|p2a: Walking Wake|Walking Wake|94\/100 brn|[from] Baton Pass\n|\n|-weather|Sandstorm|[upkeep]\n|-damage|p2a: Walking Wake|88\/100 brn|[from] Sandstorm\n|-damage|p1a: Great Pretender|46\/100 brn|[from] Sandstorm\n|-heal|p1a: Great Pretender|52\/100 brn|[from] item: Leftovers\n|-damage|p2a: Walking Wake|82\/100 brn|[from] brn\n|-damage|p1a: Great Pretender|46\/100 brn|[from] brn\n|upkeep\n|turn|23\n|c| dlcing|WOAH WOAH WOAH\n|c| dlcing|WOAH\n|c| dlcing|WAIT\n|c| Miramac|hold on\n|c| dlcing|NO?\n|c| Not-Amara|Yeahhhh\n|c| dlcing|baton pass is legal\n|c|\u2606raregangster|:)\n|c| dlcing|u cant pass stats\n|c| Not-Amara|you can't do that\n|c| Miramac|baton pass stats not allowed bestie\n|c|\u2606WeaselmanWasTaken|i thought we count pass boosts lmao\n|c| dlcing|you can baton pass without stats\n|c|\u2606raregangster|I checked it\n|c| dlcing|weasel is using it rgith\n|c|\u2606raregangster|wait its paldea dex right?\n|c| dlcing|dude\n|c| dlcing|the draft has different rules\n|c|\u2606raregangster|did i cheat\n|c|\u2606raregangster|oopsies\n|c| Miramac|we really need to stop usinf anything goes\n|c|\u2606WeaselmanWasTaken|its oke\n|c| dlcing|yep\n|c|\u2606WeaselmanWasTaken|its ok\n|c|\u2606WeaselmanWasTaken|play it out\n|c| dlcing|the differental is messed up now\n|c|\u2606raregangster|imma lose either way probably\n|c| Not-Amara|Yall gotta stop using anything goes but if weasel dont care then i dont lol\n|c| dlcing|why can you use anything goes?\n|c| dlcing|baton pass is allowed\n|c|\u2606raregangster|I checked it with the paldea dex one but if its in separate draft rules I missed it my bad\n|c| dlcing|does paldea dex ban baton pass?\n|c| dlcing|cuz the move should be legal\n|c| jkduane|Baton Pass is a legal move but not if you have stats\n|c| dlcing|yeahj\n|c|\u2606raregangster|it is legal thats what im saying\n|c|\u2606raregangster|ahh\n|c| jkduane|Anything Goes allows you to use with stat changes.\n|c| dlcing|paldea doesnt?\n|c| Miramac|our rules just don't go w this one either basically\n|c|\u2606raregangster|yeah I would have never known my B\n|\n|t:|1699662280\n|move|p1a: Great Pretender|Protect|p1a: Great Pretender\n|-singleturn|p1a: Great Pretender|Protect\n|move|p2a: Walking Wake|Dragon Pulse|p1a: Great Pretender\n|-activate|p1a: Great Pretender|move: Protect\n|\n|-weather|Sandstorm|[upkeep]\n|-damage|p2a: Walking Wake|76\/100 brn|[from] Sandstorm\n|-damage|p1a: Great Pretender|40\/100 brn|[from] Sandstorm\n|-heal|p1a: Great Pretender|46\/100 brn|[from] item: Leftovers\n|-damage|p2a: Walking Wake|70\/100 brn|[from] brn\n|-damage|p1a: Great Pretender|40\/100 brn|[from] brn\n|upkeep\n|turn|24\n|c| jkduane|Regular Dex draft wont let you with stat changes\n|c| dlcing|i did not know that\n|c|\u2606raregangster|we'll play it out, I think imma lose either way and then I'll know for next time\n|c| Miramac|it's good love <3\n|\n|t:|1699662351\n|move|p1a: Great Pretender|Protect||[still]\n|-fail|p1a: Great Pretender\n|move|p2a: Walking Wake|Scald|p1a: Great Pretender\n|-damage|p1a: Great Pretender|0 fnt\n|faint|p1a: Great Pretender\n|\n|-weather|none\n|-damage|p2a: Walking Wake|63\/100 brn|[from] brn\n|upkeep\n|\n|t:|1699662362\n|switch|p1a: Ace of Spades|Tyranitar, M|100\/100\n|-weather|Sandstorm|[from] ability: Sand Stream|[of] p1a: Ace of Spades\n|turn|25\n|c|\u2606raregangster|<3\n|c|\u2606raregangster|if I happen to win then we can just rerun or I'll forfeit, it aint a single thing\n|\n|t:|1699662427\n|move|p2a: Walking Wake|Scald|p1a: Ace of Spades\n|-supereffective|p1a: Ace of Spades\n|-damage|p1a: Ace of Spades|41\/100\n|move|p1a: Ace of Spades|Knock Off|p2a: Walking Wake\n|-damage|p2a: Walking Wake|32\/100 brn\n|\n|-weather|Sandstorm|[upkeep]\n|-damage|p2a: Walking Wake|26\/100 brn|[from] Sandstorm\n|-damage|p2a: Walking Wake|20\/100 brn|[from] brn\n|upkeep\n|turn|26\n|c| dlcing|fat ttar\n|\n|t:|1699662439\n|move|p2a: Walking Wake|Scald|p1a: Ace of Spades\n|-supereffective|p1a: Ace of Spades\n|-damage|p1a: Ace of Spades|0 fnt\n|faint|p1a: Ace of Spades\n|\n|-weather|Sandstorm|[upkeep]\n|-damage|p2a: Walking Wake|13\/100 brn|[from] Sandstorm\n|-damage|p2a: Walking Wake|7\/100 brn|[from] brn\n|upkeep\n|\n|t:|1699662448\n|switch|p1a: Ben 10 (intro)|Lokix, F|100\/100\n|turn|27\n|c| dlcing|wait would baton pass work if lets say my spdef got lowered from a shadow ball?\n|\n|t:|1699662501\n|-end|p2a: Walking Wake|Protosynthesis|[silent]\n|switch|p2a: Grimmsnarl|Grimmsnarl, M|100\/100\n|move|p1a: Ben 10 (intro)|First Impression|p2a: Grimmsnarl\n|-damage|p2a: Grimmsnarl|49\/100\n|\n|-weather|Sandstorm|[upkeep]\n|-damage|p1a: Ben 10 (intro)|94\/100|[from] Sandstorm\n|-damage|p2a: Grimmsnarl|43\/100|[from] Sandstorm\n|-heal|p2a: Grimmsnarl|49\/100|[from] item: Leftovers\n|upkeep\n|turn|28\n|c|\u2606WeaselmanWasTaken|yes\n|\n|t:|1699662514\n|move|p2a: Grimmsnarl|Thunder Wave|p1a: Ben 10 (intro)\n|-hint|Since gen 7, Dark is immune to Prankster moves.\n|-immune|p1a: Ben 10 (intro)\n|move|p1a: Ben 10 (intro)|Leech Life|p2a: Grimmsnarl\n|-damage|p2a: Grimmsnarl|0 fnt\n|-heal|p1a: Ben 10 (intro)|100\/100|[from] drain|[of] p2a: Grimmsnarl\n|faint|p2a: Grimmsnarl\n|\n|-weather|Sandstorm|[upkeep]\n|-damage|p1a: Ben 10 (intro)|94\/100|[from] Sandstorm\n|upkeep\n|c|\u2606raregangster|Immune??\n|c|\u2606WeaselmanWasTaken|prankster\n|c| jkduane|Prankster doesnt work on Dark types\n|c| bflem|SHRUG\n|c| dlcing|prankster\n|c|\u2606raregangster|OHH\n|c| Miramac|dark is immune\n|c|\u2606raregangster|its my first day guys\n|c|\u2606raregangster|babys first pokemon\n|c| dlcing|geegees\n|\n|t:|1699662547\n|switch|p2a: Walking Wake|Walking Wake|7\/100 brn\n|turn|29\n|\n|t:|1699662551\n|move|p1a: Ben 10 (intro)|Sucker Punch|p2a: Walking Wake\n|-damage|p2a: Walking Wake|0 fnt\n|faint|p2a: Walking Wake\n|-end|p2a: Walking Wake|Protosynthesis|[silent]\n|\n|-weather|none\n|upkeep\n|\n|t:|1699662555\n|switch|p2a: Scream Tail|Scream Tail|26\/100 tox\n|turn|30\n|c| jkduane|Ggs\n|c| dlcing|3-0 differental aint bad\n|c|\u2606WeaselmanWasTaken|gg\n|c| Miramac|ggs\n|\n|t:|1699662566\n|move|p2a: Scream Tail|Thunder Wave|p1a: Ben 10 (intro)\n|-status|p1a: Ben 10 (intro)|par\n|move|p1a: Ben 10 (intro)|Swords Dance|p1a: Ben 10 (intro)\n|-boost|p1a: Ben 10 (intro)|atk|2\n|\n|-damage|p2a: Scream Tail|20\/100 tox|[from] psn\n|upkeep\n|turn|31\n|c| dlcing|thats toxic\n|c| dlcing|put the puff ball down\n|c| dlcing|u jerk\n|c|\u2606WeaselmanWasTaken|yeah\n|c| Miramac|this guy...\n|\n|t:|1699662579\n|move|p2a: Scream Tail|Calm Mind|p2a: Scream Tail\n|-boost|p2a: Scream Tail|spa|1\n|-boost|p2a: Scream Tail|spd|1\n|move|p1a: Ben 10 (intro)|Leech Life|p2a: Scream Tail\n|-damage|p2a: Scream Tail|0 fnt\n|-heal|p1a: Ben 10 (intro)|100\/100 par|[from] drain|[of] p2a: Scream Tail\n|faint|p2a: Scream Tail\n|-end|p2a: Scream Tail|Protosynthesis|[silent]\n|\n|win|WeaselmanWasTaken\n","uploadtime":1699662580,"views":37,"p1id":"weaselmanwastaken","p2id":"raregangster","formatid":"gen9anythinggoes","rating":0,"private":0,"password":null}