{"id":"gen9anythinggoes-1990096015","p1":"INeverLoseiditos","p2":"GigaBytes7","format":"[Gen 9] Anything Goes","log":"|j|\u2606INeverLoseiditos\n|j|\u2606GigaBytes7\n|t:|1699924087\n|gametype|singles\n|player|p1|INeverLoseiditos|blackbelt-gen4dp|\n|player|p2|GigaBytes7|elaine|\n|teamsize|p1|6\n|teamsize|p2|6\n|gen|9\n|tier|[Gen 9] Anything Goes\n|rule|HP Percentage Mod: HP is shown in percentages\n|rule|Endless Battle Clause: Forcing endless battles is banned\n|clearpoke\n|poke|p1|Arceus-Ground|\n|poke|p1|Cinderace, F|\n|poke|p1|Rayquaza|\n|poke|p1|Dondozo, M|\n|poke|p1|Calyrex-Shadow|\n|poke|p1|Zacian-*|\n|poke|p2|Miraidon|\n|poke|p2|Calyrex-Shadow|\n|poke|p2|Ting-Lu|\n|poke|p2|Arceus|\n|poke|p2|Arceus-Water|\n|poke|p2|Arceus-Fairy|\n|teampreview\n|inactive|Battle timer is ON: inactive players will automatically lose when time's up. (requested by GigaBytes7)\n|inactive|INeverLoseiditos also wants the timer to be on.\n|c|\u2606GigaBytes7|glhf\n|\n|t:|1699924101\n|start\n|switch|p1a: Dondozo|Dondozo, M|100\/100\n|switch|p2a: Arceus|Arceus-Water|100\/100\n|turn|1\n|c|\u2606INeverLoseiditos|GET READY\n|\n|t:|1699924106\n|move|p2a: Arceus|Will-O-Wisp|p1a: Dondozo|[miss]\n|-miss|p2a: Arceus|p1a: Dondozo\n|move|p1a: Dondozo|Bulldoze|p2a: Arceus\n|-damage|p2a: Arceus|91\/100\n|-unboost|p2a: Arceus|spe|1\n|\n|upkeep\n|turn|2\n|c|\u2606GigaBytes7|ok\n|\n|t:|1699924110\n|move|p2a: Arceus|Will-O-Wisp|p1a: Dondozo\n|-status|p1a: Dondozo|brn\n|move|p1a: Dondozo|Bulldoze|p2a: Arceus\n|-damage|p2a: Arceus|85\/100\n|-unboost|p2a: Arceus|spe|1\n|\n|-damage|p1a: Dondozo|94\/100 brn|[from] brn\n|upkeep\n|turn|3\n|\n|t:|1699924114\n|switch|p2a: Miraidon|Miraidon|100\/100\n|-fieldstart|move: Electric Terrain|[from] ability: Hadron Engine|[of] p2a: Miraidon\n|move|p1a: Dondozo|Bulldoze|p2a: Miraidon\n|-supereffective|p2a: Miraidon\n|-damage|p2a: Miraidon|85\/100\n|-unboost|p2a: Miraidon|spe|1\n|\n|-heal|p2a: Miraidon|91\/100|[from] item: Leftovers\n|-heal|p1a: Dondozo|100\/100 brn|[from] item: Leftovers\n|-damage|p1a: Dondozo|94\/100 brn|[from] brn\n|upkeep\n|turn|4\n|\n|t:|1699924128\n|switch|p1a: Arceus|Arceus-Ground|100\/100\n|move|p2a: Miraidon|Dazzling Gleam|p1a: Arceus\n|-damage|p1a: Arceus|68\/100\n|\n|-heal|p2a: Miraidon|97\/100|[from] item: Leftovers\n|upkeep\n|turn|5\n|\n|t:|1699924134\n|switch|p2a: Ting-Lu|Ting-Lu|100\/100\n|-ability|p2a: Ting-Lu|Vessel of Ruin\n|move|p1a: Arceus|Judgment|p2a: Ting-Lu\n|-damage|p2a: Ting-Lu|74\/100\n|\n|-heal|p2a: Ting-Lu|80\/100|[from] item: Leftovers\n|upkeep\n|turn|6\n|\n|t:|1699924142\n|move|p1a: Arceus|Calm Mind|p1a: Arceus\n|-boost|p1a: Arceus|spa|1\n|-boost|p1a: Arceus|spd|1\n|move|p2a: Ting-Lu|Earthquake|p1a: Arceus\n|-damage|p1a: Arceus|42\/100\n|\n|-heal|p2a: Ting-Lu|86\/100|[from] item: Leftovers\n|upkeep\n|turn|7\n|\n|t:|1699924151\n|move|p1a: Arceus|Ice Beam|p2a: Ting-Lu\n|-supereffective|p2a: Ting-Lu\n|-damage|p2a: Ting-Lu|47\/100\n|move|p2a: Ting-Lu|Whirlwind|p1a: Arceus\n|drag|p1a: Calyrex|Calyrex-Shadow|100\/100\n|-ability|p1a: Calyrex|As One\n|-ability|p1a: Calyrex|Unnerve\n|\n|-heal|p2a: Ting-Lu|53\/100|[from] item: Leftovers\n|-fieldend|move: Electric Terrain\n|upkeep\n|turn|8\n|\n|t:|1699924157\n|switch|p1a: Arceus|Arceus-Ground|42\/100\n|move|p2a: Ting-Lu|Earthquake|p1a: Arceus\n|-damage|p1a: Arceus|13\/100\n|\n|-heal|p2a: Ting-Lu|60\/100|[from] item: Leftovers\n|upkeep\n|turn|9\n|\n|t:|1699924160\n|move|p1a: Arceus|Ice Beam|p2a: Ting-Lu\n|-supereffective|p2a: Ting-Lu\n|-damage|p2a: Ting-Lu|34\/100\n|move|p2a: Ting-Lu|Earthquake|p1a: Arceus\n|-damage|p1a: Arceus|0 fnt\n|faint|p1a: Arceus\n|\n|-heal|p2a: Ting-Lu|40\/100|[from] item: Leftovers\n|upkeep\n|\n|t:|1699924185\n|switch|p1a: Zacian|Zacian-Crowned|100\/100\n|-ability|p1a: Zacian|Intrepid Sword|boost\n|-boost|p1a: Zacian|atk|1\n|turn|10\n|\n|t:|1699924197\n|move|p1a: Zacian|Trailblaze|p2a: Ting-Lu\n|-supereffective|p2a: Ting-Lu\n|-damage|p2a: Ting-Lu|5\/100\n|-boost|p1a: Zacian|spe|1\n|move|p2a: Ting-Lu|Earthquake|p1a: Zacian\n|-supereffective|p1a: Zacian\n|-damage|p1a: Zacian|33\/100\n|\n|-heal|p2a: Ting-Lu|11\/100|[from] item: Leftovers\n|upkeep\n|turn|11\n|\n|t:|1699924202\n|move|p1a: Zacian|Sacred Sword|p2a: Ting-Lu\n|-supereffective|p2a: Ting-Lu\n|-damage|p2a: Ting-Lu|0 fnt\n|faint|p2a: Ting-Lu\n|\n|upkeep\n|\n|t:|1699924203\n|switch|p2a: Calyrex|Calyrex-Shadow|100\/100\n|-ability|p2a: Calyrex|As One\n|-ability|p2a: Calyrex|Unnerve\n|turn|12\n|inactive|INeverLoseiditos has 270 seconds left.\n|\n|t:|1699924255\n|move|p2a: Calyrex|Astral Barrage|p1a: Zacian\n|-damage|p1a: Zacian|0 fnt\n|faint|p1a: Zacian\n|-ability|p2a: Calyrex|Grim Neigh|boost\n|-boost|p2a: Calyrex|spa|1\n|\n|upkeep\n|\n|t:|1699924263\n|switch|p1a: Cinderace|Cinderace, F|100\/100\n|turn|13\n|\n|t:|1699924266\n|switch|p2a: Arceus|Arceus-Water|85\/100\n|move|p1a: Cinderace|Sucker Punch||[still]\n|-fail|p1a: Cinderace\n|\n|upkeep\n|turn|14\n|\n|t:|1699924285\n|switch|p1a: Dondozo|Dondozo, M|94\/100 brn\n|move|p2a: Arceus|Judgment|p1a: Dondozo\n|-resisted|p1a: Dondozo\n|-damage|p1a: Dondozo|70\/100 brn\n|\n|-heal|p1a: Dondozo|76\/100 brn|[from] item: Leftovers\n|-damage|p1a: Dondozo|70\/100 brn|[from] brn\n|upkeep\n|turn|15\n|\n|t:|1699924287\n|switch|p2a: Miraidon|Miraidon|97\/100\n|-fieldstart|move: Electric Terrain|[from] ability: Hadron Engine|[of] p2a: Miraidon\n|move|p1a: Dondozo|Rest||[still]\n|-activate|p1a: Dondozo|move: Electric Terrain\n|-fail|p1a: Dondozo\n|\n|-heal|p2a: Miraidon|100\/100|[from] item: Leftovers\n|-heal|p1a: Dondozo|76\/100 brn|[from] item: Leftovers\n|-damage|p1a: Dondozo|70\/100 brn|[from] brn\n|upkeep\n|turn|16\n|inactive|INeverLoseiditos has 270 seconds left.\n|\n|t:|1699924309\n|-terastallize|p1a: Dondozo|Ground\n|move|p2a: Miraidon|Agility|p2a: Miraidon\n|-boost|p2a: Miraidon|spe|2\n|move|p1a: Dondozo|Outrage|p2a: Miraidon\n|-supereffective|p2a: Miraidon\n|-damage|p2a: Miraidon|66\/100\n|\n|-heal|p2a: Miraidon|72\/100|[from] item: Leftovers\n|-heal|p1a: Dondozo|76\/100 brn|[from] item: Leftovers\n|-damage|p1a: Dondozo|70\/100 brn|[from] brn\n|upkeep\n|turn|17\n|\n|t:|1699924319\n|-terastallize|p2a: Miraidon|Fairy\n|move|p2a: Miraidon|Calm Mind|p2a: Miraidon\n|-boost|p2a: Miraidon|spa|1\n|-boost|p2a: Miraidon|spd|1\n|move|p1a: Dondozo|Outrage|p2a: Miraidon|[from]lockedmove\n|-immune|p2a: Miraidon\n|-start|p1a: Dondozo|confusion|[fatigue]\n|\n|-heal|p2a: Miraidon|78\/100|[from] item: Leftovers\n|-heal|p1a: Dondozo|76\/100 brn|[from] item: Leftovers\n|-damage|p1a: Dondozo|70\/100 brn|[from] brn\n|upkeep\n|turn|18\n|inactive|INeverLoseiditos has 270 seconds left.\n|\n|t:|1699924327\n|move|p2a: Miraidon|Dazzling Gleam|p1a: Dondozo\n|-damage|p1a: Dondozo|6\/100 brn\n|-activate|p1a: Dondozo|confusion\n|-damage|p1a: Dondozo|0 fnt|[from] confusion\n|faint|p1a: Dondozo\n|\n|-heal|p2a: Miraidon|84\/100|[from] item: Leftovers\n|upkeep\n|inactive|INeverLoseiditos has 270 seconds left.\n|\n|t:|1699924332\n|switch|p1a: Calyrex|Calyrex-Shadow|100\/100\n|-ability|p1a: Calyrex|As One\n|-ability|p1a: Calyrex|Unnerve\n|turn|19\n|\n|t:|1699924335\n|move|p2a: Miraidon|Parabolic Charge|p1a: Calyrex\n|-enditem|p1a: Calyrex|Focus Sash\n|-damage|p1a: Calyrex|1\/100\n|-heal|p2a: Miraidon|100\/100|[from] drain|[of] p1a: Calyrex\n|move|p1a: Calyrex|Haze|p1a: Calyrex\n|-clearallboost\n|\n|-fieldend|move: Electric Terrain\n|upkeep\n|turn|20\n|\n|t:|1699924342\n|move|p1a: Calyrex|Astral Barrage|p2a: Miraidon\n|-damage|p2a: Miraidon|43\/100\n|move|p2a: Miraidon|Agility|p2a: Miraidon\n|-boost|p2a: Miraidon|spe|2\n|\n|-heal|p2a: Miraidon|49\/100|[from] item: Leftovers\n|upkeep\n|turn|21\n|\n|t:|1699924346\n|move|p2a: Miraidon|Parabolic Charge|p1a: Calyrex\n|-damage|p1a: Calyrex|0 fnt\n|-heal|p2a: Miraidon|49\/100|[from] drain|[of] p1a: Calyrex\n|faint|p1a: Calyrex\n|\n|-heal|p2a: Miraidon|55\/100|[from] item: Leftovers\n|upkeep\n|\n|t:|1699924350\n|switch|p1a: Rayquaza|Rayquaza|100\/100\n|-ability|p1a: Rayquaza|Air Lock\n|turn|22\n|\n|t:|1699924353\n|move|p2a: Miraidon|Dazzling Gleam|p1a: Rayquaza\n|-supereffective|p1a: Rayquaza\n|-enditem|p1a: Rayquaza|Focus Sash\n|-damage|p1a: Rayquaza|1\/100\n|move|p1a: Rayquaza|Dragon Ascent|p2a: Miraidon\n|-damage|p2a: Miraidon|0 fnt\n|-unboost|p1a: Rayquaza|def|1\n|-unboost|p1a: Rayquaza|spd|1\n|faint|p2a: Miraidon\n|\n|upkeep\n|\n|t:|1699924356\n|switch|p2a: Calyrex|Calyrex-Shadow|100\/100\n|-ability|p2a: Calyrex|As One\n|-ability|p2a: Calyrex|Unnerve\n|turn|23\n|\n|t:|1699924365\n|move|p2a: Calyrex|Astral Barrage|p1a: Rayquaza\n|-damage|p1a: Rayquaza|0 fnt\n|faint|p1a: Rayquaza\n|-ability|p2a: Calyrex|Grim Neigh|boost\n|-boost|p2a: Calyrex|spa|1\n|\n|upkeep\n|\n|t:|1699924367\n|switch|p1a: Cinderace|Cinderace, F|100\/100\n|turn|24\n|\n|t:|1699924370\n|switch|p2a: Arceus|Arceus-Water|85\/100\n|move|p1a: Cinderace|Sucker Punch||[still]\n|-fail|p1a: Cinderace\n|\n|upkeep\n|turn|25\n|c|\u2606GigaBytes7|gg\n|c|\u2606INeverLoseiditos|Ok fine this is not my account..\n|c|\u2606GigaBytes7|what is your account then?\n|inactive|INeverLoseiditos has 270 seconds left.\n|c|\u2606INeverLoseiditos|It is IOnlyWin\n|c|\u2606INeverLoseiditos|This is a fake team with fake acc\n|inactive|INeverLoseiditos has 240 seconds left.\n|c|\u2606GigaBytes7|uh\n|c|\u2606GigaBytes7|ok\n|\n|t:|1699924453\n|move|p1a: Cinderace|Swords Dance|p1a: Cinderace\n|-start|p1a: Cinderace|typechange|Normal|[from] ability: Libero\n|-boost|p1a: Cinderace|atk|2\n|move|p2a: Arceus|Judgment|p1a: Cinderace\n|-damage|p1a: Cinderace|34\/100\n|\n|upkeep\n|turn|26\n|c|\u2606GigaBytes7|dont you still have access to your real teams\n|\n|t:|1699924460\n|move|p1a: Cinderace|Pyro Ball|p2a: Arceus\n|-resisted|p2a: Arceus\n|-crit|p2a: Arceus\n|-damage|p2a: Arceus|59\/100\n|move|p2a: Arceus|Judgment|p1a: Cinderace\n|-damage|p1a: Cinderace|0 fnt\n|faint|p1a: Cinderace\n|\n|win|GigaBytes7\n|c|\u2606INeverLoseiditos|No\n|c|\u2606INeverLoseiditos|My real real team is gone\n|c|\u2606GigaBytes7|why not\n|c|\u2606GigaBytes7|ah ok\n|c|\u2606GigaBytes7|well have a nice day\n|c|\u2606INeverLoseiditos|Noob\n","uploadtime":1699924467,"views":7,"p1id":"ineverloseiditos","p2id":"gigabytes7","formatid":"gen9anythinggoes","rating":0,"private":0,"password":""}