{"id":"gen9anythinggoes-1993846679","p1":"mkind","p2":"SlymeRanger","format":"[Gen 9] Anything Goes","log":"|j|\u2606mkind\n|j|\u2606SlymeRanger\n|t:|1700364656\n|gametype|singles\n|player|p1|mkind|lucas|1171\n|player|p2|SlymeRanger|ethan|1343\n|teamsize|p1|6\n|teamsize|p2|6\n|gen|9\n|tier|[Gen 9] Anything Goes\n|rated|\n|rule|HP Percentage Mod: HP is shown in percentages\n|rule|Endless Battle Clause: Forcing endless battles is banned\n|clearpoke\n|poke|p1|Arceus|\n|poke|p1|Arceus-Fairy|\n|poke|p1|Calyrex-Shadow|\n|poke|p1|Koraidon|\n|poke|p1|Zacian-*|\n|poke|p1|Ting-Lu|\n|poke|p2|Gliscor, M|\n|poke|p2|Milotic, F|\n|poke|p2|Corviknight, F|\n|poke|p2|Kingambit, M|\n|poke|p2|Sneasler, F|\n|poke|p2|Rillaboom, M|\n|teampreview\n|inactive|Battle timer is ON: inactive players will automatically lose when time's up. (requested by SlymeRanger)\n|inactive|mkind also wants the timer to be on.\n|\n|t:|1700364662\n|start\n|switch|p1a: Koraidon|Koraidon|100\/100\n|switch|p2a: Gliscor|Gliscor, M|100\/100\n|-weather|SunnyDay|[from] ability: Orichalcum Pulse|[of] p1a: Koraidon\n|-activate|p1a: Koraidon|Orichalcum Pulse|[source]\n|turn|1\n|\n|t:|1700364671\n|move|p1a: Koraidon|Swords Dance|p1a: Koraidon\n|-boost|p1a: Koraidon|atk|2\n|move|p2a: Gliscor|Toxic|p1a: Koraidon\n|-status|p1a: Koraidon|tox\n|\n|-weather|SunnyDay|[upkeep]\n|-damage|p1a: Koraidon|94\/100 tox|[from] psn\n|-status|p2a: Gliscor|tox|[from] item: Toxic Orb\n|upkeep\n|turn|2\n|\n|t:|1700364680\n|move|p2a: Gliscor|Protect|p2a: Gliscor\n|-singleturn|p2a: Gliscor|Protect\n|move|p1a: Koraidon|Dragon Claw|p2a: Gliscor\n|-activate|p2a: Gliscor|move: Protect\n|\n|-weather|SunnyDay|[upkeep]\n|-heal|p1a: Koraidon|100\/100 tox|[from] item: Leftovers\n|-damage|p1a: Koraidon|88\/100 tox|[from] psn\n|upkeep\n|turn|3\n|\n|t:|1700364687\n|switch|p2a: Corviknight|Corviknight, F|100\/100\n|move|p1a: Koraidon|Dragon Claw|p2a: Corviknight\n|-resisted|p2a: Corviknight\n|-damage|p2a: Corviknight|64\/100\n|-damage|p1a: Koraidon|72\/100 tox|[from] item: Rocky Helmet|[of] p2a: Corviknight\n|\n|-weather|SunnyDay|[upkeep]\n|-heal|p1a: Koraidon|78\/100 tox|[from] item: Leftovers\n|-damage|p1a: Koraidon|59\/100 tox|[from] psn\n|upkeep\n|turn|4\n|\n|t:|1700364696\n|-terastallize|p1a: Koraidon|Fire\n|move|p1a: Koraidon|Flame Charge|p2a: Corviknight\n|-supereffective|p2a: Corviknight\n|-damage|p2a: Corviknight|0 fnt\n|-boost|p1a: Koraidon|spe|1\n|-damage|p1a: Koraidon|43\/100 tox|[from] item: Rocky Helmet|[of] p2a: Corviknight\n|faint|p2a: Corviknight\n|\n|-weather|SunnyDay|[upkeep]\n|-heal|p1a: Koraidon|49\/100 tox|[from] item: Leftovers\n|-damage|p1a: Koraidon|25\/100 tox|[from] psn\n|upkeep\n|\n|t:|1700364701\n|switch|p2a: Milotic|Milotic, F|100\/100\n|turn|5\n|\n|t:|1700364717\n|move|p1a: Koraidon|Collision Course|p2a: Milotic\n|-damage|p2a: Milotic|0 fnt\n|faint|p2a: Milotic\n|\n|-weather|none\n|-heal|p1a: Koraidon|31\/100 tox|[from] item: Leftovers\n|-damage|p1a: Koraidon|0 fnt|[from] psn\n|faint|p1a: Koraidon\n|upkeep\n|\n|t:|1700364743\n|switch|p1a: Calyrex|Calyrex-Shadow|100\/100\n|switch|p2a: Gliscor|Gliscor, M|100\/100 tox\n|-ability|p1a: Calyrex|As One\n|-ability|p1a: Calyrex|Unnerve\n|turn|6\n|\n|t:|1700364751\n|move|p1a: Calyrex|Astral Barrage|p2a: Gliscor\n|-damage|p2a: Gliscor|10\/100 tox\n|move|p2a: Gliscor|Stealth Rock|p1a: Calyrex\n|-sidestart|p1: mkind|move: Stealth Rock\n|\n|-heal|p2a: Gliscor|22\/100 tox|[from] ability: Poison Heal\n|upkeep\n|turn|7\n|\n|t:|1700364757\n|move|p2a: Gliscor|Protect|p2a: Gliscor\n|-singleturn|p2a: Gliscor|Protect\n|move|p1a: Calyrex|Astral Barrage|p2a: Gliscor\n|-activate|p2a: Gliscor|move: Protect\n|\n|-heal|p2a: Gliscor|35\/100 tox|[from] ability: Poison Heal\n|upkeep\n|turn|8\n|\n|t:|1700364767\n|switch|p2a: Kingambit|Kingambit, M|100\/100\n|-activate|p2a: Kingambit|ability: Supreme Overlord\n|-start|p2a: Kingambit|fallen2|[silent]\n|move|p1a: Calyrex|Psychic|p2a: Kingambit\n|-immune|p2a: Kingambit\n|\n|upkeep\n|turn|9\n|\n|t:|1700364775\n|move|p1a: Calyrex|Astral Barrage|p2a: Kingambit\n|-resisted|p2a: Kingambit\n|-damage|p2a: Kingambit|64\/100\n|move|p2a: Kingambit|Kowtow Cleave|p1a: Calyrex\n|-supereffective|p1a: Calyrex\n|-enditem|p1a: Calyrex|Focus Sash\n|-damage|p1a: Calyrex|1\/100\n|\n|-heal|p2a: Kingambit|70\/100|[from] item: Leftovers\n|upkeep\n|turn|10\n|\n|t:|1700364784\n|move|p1a: Calyrex|Astral Barrage|p2a: Kingambit\n|-resisted|p2a: Kingambit\n|-crit|p2a: Kingambit\n|-damage|p2a: Kingambit|18\/100\n|move|p2a: Kingambit|Swords Dance|p2a: Kingambit\n|-boost|p2a: Kingambit|atk|2\n|\n|-heal|p2a: Kingambit|25\/100|[from] item: Leftovers\n|upkeep\n|turn|11\n|\n|t:|1700364791\n|move|p2a: Kingambit|Sucker Punch|p1a: Calyrex\n|-supereffective|p1a: Calyrex\n|-damage|p1a: Calyrex|0 fnt\n|faint|p1a: Calyrex\n|\n|-heal|p2a: Kingambit|31\/100|[from] item: Leftovers\n|upkeep\n|\n|t:|1700364797\n|switch|p1a: Arceus|Arceus-Fairy|100\/100\n|-damage|p1a: Arceus|88\/100|[from] Stealth Rock\n|turn|12\n|\n|t:|1700364803\n|move|p1a: Arceus|Earth Power|p2a: Kingambit\n|-supereffective|p2a: Kingambit\n|-damage|p2a: Kingambit|0 fnt\n|faint|p2a: Kingambit\n|-end|p2a: Kingambit|fallen2|[silent]\n|\n|upkeep\n|\n|t:|1700364811\n|switch|p2a: Gliscor|Gliscor, M|35\/100 tox\n|turn|13\n|\n|t:|1700364816\n|move|p2a: Gliscor|Protect|p2a: Gliscor\n|-singleturn|p2a: Gliscor|Protect\n|move|p1a: Arceus|Judgment|p2a: Gliscor\n|-activate|p2a: Gliscor|move: Protect\n|\n|-heal|p2a: Gliscor|47\/100 tox|[from] ability: Poison Heal\n|upkeep\n|turn|14\n|\n|t:|1700364828\n|move|p1a: Arceus|Judgment|p2a: Gliscor\n|-damage|p2a: Gliscor|0 fnt\n|faint|p2a: Gliscor\n|\n|upkeep\n|\n|t:|1700364830\n|switch|p2a: Rillaboom|Rillaboom, M|100\/100\n|-fieldstart|move: Grassy Terrain|[from] ability: Grassy Surge|[of] p2a: Rillaboom\n|turn|15\n|\n|t:|1700364841\n|move|p2a: Rillaboom|Grassy Glide|p1a: Arceus\n|-damage|p1a: Arceus|59\/100\n|move|p1a: Arceus|Judgment|p2a: Rillaboom\n|-damage|p2a: Rillaboom|37\/100\n|\n|-heal|p1a: Arceus|65\/100|[from] Grassy Terrain\n|-heal|p2a: Rillaboom|43\/100|[from] Grassy Terrain\n|upkeep\n|turn|16\n|\n|t:|1700364848\n|move|p2a: Rillaboom|Grassy Glide|p1a: Arceus\n|-damage|p1a: Arceus|36\/100\n|move|p1a: Arceus|Judgment|p2a: Rillaboom\n|-damage|p2a: Rillaboom|0 fnt\n|faint|p2a: Rillaboom\n|\n|-heal|p1a: Arceus|42\/100|[from] Grassy Terrain\n|upkeep\n|\n|t:|1700364850\n|switch|p2a: Sneasler|Sneasler, F|100\/100\n|-enditem|p2a: Sneasler|Grassy Seed\n|-boost|p2a: Sneasler|def|1|[from] item: Grassy Seed\n|turn|17\n|\n|t:|1700364859\n|-terastallize|p2a: Sneasler|Flying\n|move|p2a: Sneasler|Dire Claw|p1a: Arceus\n|-supereffective|p1a: Arceus\n|-damage|p1a: Arceus|0 fnt\n|faint|p1a: Arceus\n|\n|upkeep\n|\n|t:|1700364878\n|switch|p1a: Arceus|Arceus|100\/100\n|-damage|p1a: Arceus|88\/100|[from] Stealth Rock\n|turn|18\n|\n|t:|1700364889\n|move|p2a: Sneasler|Close Combat|p1a: Arceus\n|-supereffective|p1a: Arceus\n|-damage|p1a: Arceus|0 fnt\n|-unboost|p2a: Sneasler|def|1\n|-unboost|p2a: Sneasler|spd|1\n|faint|p1a: Arceus\n|\n|upkeep\n|\n|t:|1700364897\n|switch|p1a: Zacian|Zacian-Crowned|100\/100\n|-damage|p1a: Zacian|94\/100|[from] Stealth Rock\n|-ability|p1a: Zacian|Intrepid Sword|boost\n|-boost|p1a: Zacian|atk|1\n|turn|19\n|\n|t:|1700364905\n|move|p2a: Sneasler|Close Combat|p1a: Zacian\n|-damage|p1a: Zacian|30\/100\n|-unboost|p2a: Sneasler|def|1\n|-unboost|p2a: Sneasler|spd|1\n|move|p1a: Zacian|Behemoth Blade|p2a: Sneasler\n|-damage|p2a: Sneasler|0 fnt\n|faint|p2a: Sneasler\n|\n|win|mkind\n|raw|mkind's rating: 1171 &rarr; <strong>1207<\/strong><br \/>(+36 for winning)\n|raw|SlymeRanger's rating: 1343 &rarr; <strong>1314<\/strong><br \/>(-29 for losing)\n|c|\u2606SlymeRanger|gg\n|l|\u2606SlymeRanger\n","uploadtime":1700364923,"views":3,"p1id":"mkind","p2id":"slymeranger","formatid":"gen9anythinggoes","rating":1207,"private":0,"password":""}