{"id":"gen9anythinggoes-1978075646","p1":"therealrealrat","p2":"Ryoshi2000","format":"[Gen 9] Anything Goes","log":"|j|\u2606therealrealrat\n|j|\u2606Ryoshi2000\n|t:|1698495664\n|gametype|singles\n|player|p1|therealrealrat|chuck|1097\n|player|p2|Ryoshi2000|giovanni|1140\n|teamsize|p1|6\n|teamsize|p2|6\n|gen|9\n|tier|[Gen 9] Anything Goes\n|rated|\n|rule|HP Percentage Mod: HP is shown in percentages\n|rule|Endless Battle Clause: Forcing endless battles is banned\n|clearpoke\n|poke|p1|Glimmora, M|\n|poke|p1|Amoonguss, M|\n|poke|p1|Scovillain, F|\n|poke|p1|Annihilape, F|\n|poke|p1|Maushold-Four|\n|poke|p1|Polteageist-Antique|\n|poke|p2|Skeledirge, M|\n|poke|p2|Hawlucha, F|\n|poke|p2|Toxtricity, M|\n|poke|p2|Kingambit, M|\n|poke|p2|Hatterene, F|\n|poke|p2|Haxorus, M|\n|teampreview\n|\n|t:|1698495670\n|start\n|switch|p1a: my mantel health|Scovillain, F|100\/100\n|switch|p2a: Hawlucha|Hawlucha, F|100\/100\n|turn|1\n|\n|t:|1698495673\n|move|p2a: Hawlucha|Swords Dance|p2a: Hawlucha\n|-boost|p2a: Hawlucha|atk|2\n|move|p1a: my mantel health|Leech Seed|p2a: Hawlucha\n|-start|p2a: Hawlucha|move: Leech Seed\n|\n|-damage|p2a: Hawlucha|88\/100|[from] Leech Seed|[of] p1a: my mantel health\n|-ability|p1a: my mantel health|Moody|boost\n|-boost|p1a: my mantel health|spa|2\n|-unboost|p1a: my mantel health|def|1\n|upkeep\n|turn|2\n|\n|t:|1698495680\n|move|p1a: my mantel health|Protect|p1a: my mantel health\n|-singleturn|p1a: my mantel health|Protect\n|move|p2a: Hawlucha|Swords Dance|p2a: Hawlucha\n|-boost|p2a: Hawlucha|atk|2\n|\n|-damage|p2a: Hawlucha|76\/100|[from] Leech Seed|[of] p1a: my mantel health\n|-ability|p1a: my mantel health|Moody|boost\n|-boost|p1a: my mantel health|spa|2\n|-unboost|p1a: my mantel health|spe|1\n|upkeep\n|turn|3\n|\n|t:|1698495686\n|move|p2a: Hawlucha|Aerial Ace|p1a: my mantel health\n|-supereffective|p1a: my mantel health\n|-damage|p1a: my mantel health|0 fnt\n|faint|p1a: my mantel health\n|\n|upkeep\n|\n|t:|1698495690\n|switch|p1a: monke|Annihilape, F|100\/100\n|turn|4\n|\n|t:|1698495694\n|move|p1a: monke|Final Gambit|p2a: Hawlucha\n|-damage|p2a: Hawlucha|0 fnt\n|faint|p1a: monke\n|faint|p2a: Hawlucha\n|\n|upkeep\n|\n|t:|1698495702\n|switch|p2a: Kingambit|Kingambit, M|100\/100\n|switch|p1a: TEA|Polteageist-Antique|100\/100\n|turn|5\n|\n|t:|1698495711\n|move|p1a: TEA|Shell Smash|p1a: TEA\n|-unboost|p1a: TEA|def|1\n|-unboost|p1a: TEA|spd|1\n|-boost|p1a: TEA|atk|2\n|-boost|p1a: TEA|spa|2\n|-boost|p1a: TEA|spe|2\n|-enditem|p1a: TEA|White Herb\n|-clearnegativeboost|p1a: TEA|[silent]\n|move|p2a: Kingambit|Kowtow Cleave|p1a: TEA\n|-supereffective|p1a: TEA\n|-damage|p1a: TEA|0 fnt\n|faint|p1a: TEA\n|\n|upkeep\n|\n|t:|1698495717\n|switch|p1a: RAT|Maushold-Four|100\/100\n|turn|6\n|\n|t:|1698495722\n|move|p1a: RAT|Tidy Up|p1a: RAT\n|-boost|p1a: RAT|atk|1\n|-boost|p1a: RAT|spe|1\n|move|p2a: Kingambit|Brick Break|p1a: RAT\n|-supereffective|p1a: RAT\n|-damage|p1a: RAT|32\/100\n|\n|upkeep\n|turn|7\n|\n|t:|1698495729\n|move|p1a: RAT|Population Bomb|p2a: Kingambit\n|-resisted|p2a: Kingambit\n|-damage|p2a: Kingambit|95\/100\n|-resisted|p2a: Kingambit\n|-damage|p2a: Kingambit|90\/100\n|-resisted|p2a: Kingambit\n|-damage|p2a: Kingambit|84\/100\n|-resisted|p2a: Kingambit\n|-damage|p2a: Kingambit|78\/100\n|-resisted|p2a: Kingambit\n|-damage|p2a: Kingambit|72\/100\n|-resisted|p2a: Kingambit\n|-crit|p2a: Kingambit\n|-damage|p2a: Kingambit|64\/100\n|-resisted|p2a: Kingambit\n|-damage|p2a: Kingambit|58\/100\n|-resisted|p2a: Kingambit\n|-damage|p2a: Kingambit|52\/100\n|-resisted|p2a: Kingambit\n|-damage|p2a: Kingambit|46\/100\n|-resisted|p2a: Kingambit\n|-damage|p2a: Kingambit|40\/100\n|-hitcount|p2a: Kingambit|10\n|move|p2a: Kingambit|Brick Break|p1a: RAT\n|-supereffective|p1a: RAT\n|-damage|p1a: RAT|0 fnt\n|faint|p1a: RAT\n|\n|upkeep\n|-message|therealrealrat forfeited.\n|\n|win|Ryoshi2000\n|raw|therealrealrat's rating: 1097 &rarr; <strong>1075<\/strong><br \/>(-22 for losing)\n|raw|Ryoshi2000's rating: 1140 &rarr; <strong>1162<\/strong><br \/>(+22 for winning)\n|l|\u2606therealrealrat\n","uploadtime":1698495749,"views":9,"p1id":"therealrealrat","p2id":"ryoshi2000","formatid":"gen9anythinggoes","rating":1075,"private":0,"password":""}