{"id":"gen9anythinggoes-1993731009","p1":"MrCatKing07","p2":"xxswedishmanxx","format":"[Gen 9] Anything Goes","log":"|j|\u2606MrCatKing07\n|j|\u2606xxswedishmanxx\n|t:|1700350540\n|gametype|singles\n|player|p1|MrCatKing07|preschoolers|1422\n|player|p2|xxswedishmanxx|depotagent|1448\n|teamsize|p1|6\n|teamsize|p2|6\n|gen|9\n|tier|[Gen 9] Anything Goes\n|rated|\n|rule|HP Percentage Mod: HP is shown in percentages\n|rule|Endless Battle Clause: Forcing endless battles is banned\n|clearpoke\n|poke|p1|Koraidon|\n|poke|p1|Calyrex-Shadow|\n|poke|p1|Zacian-*|\n|poke|p1|Ribombee, F|\n|poke|p1|Miraidon|\n|poke|p1|Arceus|\n|poke|p2|Staraptor, F|\n|poke|p2|Samurott-Hisui, M|\n|poke|p2|Kleavor, M|\n|poke|p2|Iron Moth|\n|poke|p2|Volcarona, M|\n|poke|p2|Slither Wing|\n|teampreview\n|inactive|Battle timer is ON: inactive players will automatically lose when time's up. (requested by MrCatKing07)\n|inactive|xxswedishmanxx has 120 seconds left.\n|\n|t:|1700350573\n|start\n|switch|p1a: Ribombee|Ribombee, F, shiny|100\/100\n|switch|p2a: Slither Wing|Slither Wing|100\/100\n|turn|1\n|\n|t:|1700350585\n|move|p1a: Ribombee|Sticky Web|p2a: Slither Wing\n|-sidestart|p2: xxswedishmanxx|move: Sticky Web\n|move|p2a: Slither Wing|U-turn|p1a: Ribombee\n|-resisted|p1a: Ribombee\n|-damage|p1a: Ribombee|52\/100\n|-damage|p2a: Slither Wing|91\/100|[from] item: Life Orb\n|\n|t:|1700350593\n|-end|p2a: Slither Wing|Protosynthesis|[silent]\n|switch|p2a: Staraptor|Staraptor, F, shiny|100\/100|[from] U-turn\n|\n|upkeep\n|turn|2\n|\n|t:|1700350605\n|move|p2a: Staraptor|Brave Bird|p1a: Ribombee\n|-supereffective|p1a: Ribombee\n|-damage|p1a: Ribombee|0 fnt\n|faint|p1a: Ribombee\n|-damage|p2a: Staraptor|86\/100|[from] Recoil\n|\n|upkeep\n|\n|t:|1700350612\n|switch|p1a: Miraidon|Miraidon|100\/100\n|-fieldstart|move: Electric Terrain|[from] ability: Hadron Engine|[of] p1a: Miraidon\n|turn|3\n|\n|t:|1700350623\n|move|p2a: Staraptor|Brave Bird|p1a: Miraidon\n|-resisted|p1a: Miraidon\n|-damage|p1a: Miraidon|66\/100\n|-damage|p2a: Staraptor|73\/100|[from] Recoil\n|move|p1a: Miraidon|Electro Drift|p2a: Staraptor\n|-supereffective|p2a: Staraptor\n|-damage|p2a: Staraptor|0 fnt\n|faint|p2a: Staraptor\n|\n|upkeep\n|\n|t:|1700350642\n|switch|p2a: Volcarona|Volcarona, M|100\/100\n|turn|4\n|inactive|MrCatKing07 has 120 seconds left.\n|\n|t:|1700350695\n|-terastallize|p2a: Volcarona|Ground\n|move|p1a: Miraidon|Electro Drift|p2a: Volcarona\n|-immune|p2a: Volcarona\n|move|p2a: Volcarona|Quiver Dance|p2a: Volcarona\n|-boost|p2a: Volcarona|spa|1\n|-boost|p2a: Volcarona|spd|1\n|-boost|p2a: Volcarona|spe|1\n|\n|upkeep\n|turn|5\n|\n|t:|1700350703\n|move|p2a: Volcarona|Quiver Dance|p2a: Volcarona\n|-boost|p2a: Volcarona|spa|1\n|-boost|p2a: Volcarona|spd|1\n|-boost|p2a: Volcarona|spe|1\n|move|p1a: Miraidon|Draco Meteor|p2a: Volcarona\n|-damage|p2a: Volcarona|46\/100\n|-unboost|p1a: Miraidon|spa|2\n|\n|upkeep\n|turn|6\n|\n|t:|1700350720\n|move|p2a: Volcarona|Tera Blast|p1a: Miraidon|[anim] Tera Blast Ground\n|-supereffective|p1a: Miraidon\n|-crit|p1a: Miraidon\n|-damage|p1a: Miraidon|0 fnt\n|faint|p1a: Miraidon\n|\n|upkeep\n|\n|t:|1700350725\n|switch|p1a: Calyrex|Calyrex-Shadow|100\/100\n|-ability|p1a: Calyrex|As One\n|-ability|p1a: Calyrex|Unnerve\n|turn|7\n|\n|t:|1700350736\n|move|p2a: Volcarona|Fiery Dance|p1a: Calyrex\n|-damage|p1a: Calyrex|5\/100\n|move|p1a: Calyrex|Astral Barrage|p2a: Volcarona\n|-damage|p2a: Volcarona|6\/100\n|\n|-fieldend|move: Electric Terrain\n|upkeep\n|turn|8\n|inactive|MrCatKing07 has 120 seconds left.\n|\n|t:|1700350754\n|move|p2a: Volcarona|Fiery Dance|p1a: Calyrex\n|-damage|p1a: Calyrex|0 fnt\n|-boost|p2a: Volcarona|spa|1\n|faint|p1a: Calyrex\n|\n|upkeep\n|inactive|MrCatKing07 has 120 seconds left.\n|\n|t:|1700350764\n|switch|p1a: Arceus|Arceus|100\/100\n|turn|9\n|\n|t:|1700350767\n|move|p1a: Arceus|Extreme Speed|p2a: Volcarona\n|-damage|p2a: Volcarona|0 fnt\n|-status|p1a: Arceus|brn|[from] ability: Flame Body|[of] p2a: Volcarona\n|faint|p2a: Volcarona\n|\n|-damage|p1a: Arceus|94\/100 brn|[from] brn\n|upkeep\n|\n|t:|1700350777\n|switch|p2a: Slither Wing|Slither Wing|91\/100\n|-activate|p2a: Slither Wing|move: Sticky Web\n|-unboost|p2a: Slither Wing|spe|1\n|turn|10\n|\n|t:|1700350780\n|move|p1a: Arceus|Swords Dance|p1a: Arceus\n|-boost|p1a: Arceus|atk|2\n|move|p2a: Slither Wing|Close Combat|p1a: Arceus\n|-supereffective|p1a: Arceus\n|-damage|p1a: Arceus|0 fnt\n|-unboost|p2a: Slither Wing|def|1\n|-unboost|p2a: Slither Wing|spd|1\n|faint|p1a: Arceus\n|-damage|p2a: Slither Wing|81\/100|[from] item: Life Orb\n|\n|upkeep\n|\n|t:|1700350783\n|switch|p1a: Koraidon|Koraidon|100\/100\n|-weather|SunnyDay|[from] ability: Orichalcum Pulse|[of] p1a: Koraidon\n|-activate|p2a: Slither Wing|ability: Protosynthesis\n|-start|p2a: Slither Wing|protosynthesisatk\n|-activate|p1a: Koraidon|Orichalcum Pulse|[source]\n|turn|11\n|\n|t:|1700350789\n|move|p1a: Koraidon|Swords Dance|p1a: Koraidon\n|-boost|p1a: Koraidon|atk|2\n|move|p2a: Slither Wing|Close Combat|p1a: Koraidon\n|-damage|p1a: Koraidon|1\/100\n|-unboost|p2a: Slither Wing|def|1\n|-unboost|p2a: Slither Wing|spd|1\n|-damage|p2a: Slither Wing|71\/100|[from] item: Life Orb\n|\n|-weather|SunnyDay|[upkeep]\n|upkeep\n|turn|12\n|\n|t:|1700350802\n|-end|p2a: Slither Wing|Protosynthesis|[silent]\n|switch|p2a: Samurott|Samurott-Hisui, M|100\/100\n|-activate|p2a: Samurott|move: Sticky Web\n|-unboost|p2a: Samurott|spe|1\n|move|p1a: Koraidon|Scale Shot|p2a: Samurott\n|-damage|p2a: Samurott|54\/100\n|-damage|p2a: Samurott|10\/100\n|-crit|p2a: Samurott\n|-damage|p2a: Samurott|0 fnt\n|faint|p2a: Samurott\n|-hitcount|p2: Samurott|3\n|-unboost|p1a: Koraidon|def|1\n|-boost|p1a: Koraidon|spe|1\n|\n|-weather|SunnyDay|[upkeep]\n|upkeep\n|\n|t:|1700350806\n|switch|p2a: Slither Wing|Slither Wing|71\/100\n|-activate|p2a: Slither Wing|move: Sticky Web\n|-unboost|p2a: Slither Wing|spe|1\n|-activate|p2a: Slither Wing|ability: Protosynthesis\n|-start|p2a: Slither Wing|protosynthesisatk\n|turn|13\n|inactive|MrCatKing07 has 120 seconds left.\n|\n|t:|1700350846\n|move|p2a: Slither Wing|First Impression|p1a: Koraidon\n|-resisted|p1a: Koraidon\n|-damage|p1a: Koraidon|0 fnt\n|faint|p1a: Koraidon\n|-damage|p2a: Slither Wing|61\/100|[from] item: Life Orb\n|\n|-weather|SunnyDay|[upkeep]\n|upkeep\n|\n|t:|1700350849\n|switch|p1a: Zacian|Zacian-Crowned, shiny|100\/100\n|-ability|p1a: Zacian|Intrepid Sword|boost\n|-boost|p1a: Zacian|atk|1\n|turn|14\n|\n|t:|1700350852\n|move|p1a: Zacian|Swords Dance|p1a: Zacian\n|-boost|p1a: Zacian|atk|2\n|move|p2a: Slither Wing|Flare Blitz|p1a: Zacian\n|-supereffective|p1a: Zacian\n|-crit|p1a: Zacian\n|-damage|p1a: Zacian|0 fnt\n|faint|p1a: Zacian\n|-damage|p2a: Slither Wing|26\/100|[from] Recoil\n|-damage|p2a: Slither Wing|16\/100|[from] item: Life Orb\n|\n|win|xxswedishmanxx\n|raw|MrCatKing07's rating: 1422 &rarr; <strong>1403<\/strong><br \/>(-19 for losing)\n|raw|xxswedishmanxx's rating: 1448 &rarr; <strong>1467<\/strong><br \/>(+19 for winning)\n|c|\u2606xxswedishmanxx|gg\n","uploadtime":1700350860,"views":2,"p1id":"mrcatking07","p2id":"xxswedishmanxx","formatid":"gen9anythinggoes","rating":1403,"private":0,"password":""}