{"id":"gen9anythinggoes-1995275441","p1":"AvatarofChronos","p2":"CorruptTempest","format":"[Gen 9] Anything Goes","log":"|j|\u2606AvatarofChronos\n|j|\u2606CorruptTempest\n|t:|1700545233\n|gametype|singles\n|player|p1|AvatarofChronos|blackbelt|1067\n|player|p2|CorruptTempest|guitarist|1062\n|teamsize|p1|6\n|teamsize|p2|6\n|gen|9\n|tier|[Gen 9] Anything Goes\n|rated|\n|rule|HP Percentage Mod: HP is shown in percentages\n|rule|Endless Battle Clause: Forcing endless battles is banned\n|clearpoke\n|poke|p1|Drifblim, M|\n|poke|p1|Tatsugiri-Droopy, M|\n|poke|p1|Maushold-Four|\n|poke|p1|Maushold-Four|\n|poke|p1|Maushold-Four|\n|poke|p1|Maushold-Four|\n|poke|p2|Pelipper, F|\n|poke|p2|Crawdaunt, F|\n|poke|p2|Amoonguss, F|\n|poke|p2|Gliscor, F|\n|poke|p2|Basculegion-F, F|\n|poke|p2|Mandibuzz, F|\n|teampreview\n|\n|t:|1700545241\n|start\n|switch|p1a: Drifblim|Drifblim, M, shiny|100\/100\n|switch|p2a: Pelipper|Pelipper, F|100\/100\n|-weather|RainDance|[from] ability: Drizzle|[of] p2a: Pelipper\n|turn|1\n|inactive|Battle timer is ON: inactive players will automatically lose when time's up. (requested by AvatarofChronos)\n|j| Blue_Demon_X\n|c|\u2606AvatarofChronos|please dont forfite\n|\n|t:|1700545262\n|move|p1a: Drifblim|Minimize|p1a: Drifblim\n|-boost|p1a: Drifblim|evasion|2\n|move|p2a: Pelipper|U-turn|p1a: Drifblim\n|-resisted|p1a: Drifblim\n|-damage|p1a: Drifblim|99\/100\n|c|\u2606AvatarofChronos|i have had 4 people in a row forfite\n|\n|t:|1700545270\n|switch|p2a: Crawdaunt|Crawdaunt, F, shiny|100\/100|[from] U-turn\n|\n|-weather|RainDance|[upkeep]\n|-heal|p1a: Drifblim|100\/100|[from] item: Leftovers\n|upkeep\n|turn|2\n|\n|t:|1700545281\n|move|p2a: Crawdaunt|Knock Off|p1a: Drifblim\n|-supereffective|p1a: Drifblim\n|-damage|p1a: Drifblim|0 fnt\n|-damage|p2a: Crawdaunt|76\/100|[from] ability: Aftermath|[of] p1a: Drifblim\n|-enditem|p1a: Drifblim|Leftovers|[from] move: Knock Off|[of] p2a: Crawdaunt\n|faint|p1a: Drifblim\n|\n|-weather|RainDance|[upkeep]\n|upkeep\n|\n|t:|1700545284\n|switch|p1a: Tatsugiri|Tatsugiri-Droopy, M, shiny|100\/100\n|turn|3\n|c| Blue_Demon_X|Dont blame them\n|\n|t:|1700545298\n|-terastallize|p2a: Crawdaunt|Water\n|move|p2a: Crawdaunt|Knock Off|p1a: Tatsugiri\n|-damage|p1a: Tatsugiri|20\/100\n|-enditem|p1a: Tatsugiri|Leftovers|[from] move: Knock Off|[of] p2a: Crawdaunt\n|move|p1a: Tatsugiri|Dragon Dance|p1a: Tatsugiri\n|-boost|p1a: Tatsugiri|atk|1\n|-boost|p1a: Tatsugiri|spe|1\n|\n|-weather|RainDance|[upkeep]\n|upkeep\n|turn|4\n|\n|t:|1700545307\n|move|p1a: Tatsugiri|Baton Pass|p1a: Tatsugiri\n|\n|t:|1700545309\n|switch|p1a: Kakarot|Maushold-Four, shiny|100\/100|[from] Baton Pass\n|move|p2a: Crawdaunt|Knock Off|p1a: Kakarot\n|-damage|p1a: Kakarot|0 fnt\n|-enditem|p1a: Kakarot|King's Rock|[from] move: Knock Off|[of] p2a: Crawdaunt\n|faint|p1a: Kakarot\n|\n|-weather|RainDance|[upkeep]\n|upkeep\n|\n|t:|1700545310\n|switch|p1a: Kakarot|Maushold-Four, shiny|100\/100\n|turn|5\n|c|\u2606AvatarofChronos|i didnt\n|\n|t:|1700545319\n|move|p1a: Kakarot|Population Bomb|p2a: Crawdaunt\n|-damage|p2a: Crawdaunt|62\/100\n|-damage|p2a: Crawdaunt|50\/100\n|-crit|p2a: Crawdaunt\n|-damage|p2a: Crawdaunt|32\/100\n|-damage|p2a: Crawdaunt|20\/100\n|-damage|p2a: Crawdaunt|8\/100\n|-damage|p2a: Crawdaunt|0 fnt\n|faint|p2a: Crawdaunt\n|-hitcount|p2: Crawdaunt|6\n|\n|-weather|RainDance|[upkeep]\n|upkeep\n|c|\u2606AvatarofChronos|i was just asking you not to be one of them\n|\n|t:|1700545333\n|switch|p2a: Basculegion|Basculegion-F, F|100\/100\n|turn|6\n|\n|t:|1700545350\n|move|p2a: Basculegion|Hydro Pump|p1a: Kakarot\n|-damage|p1a: Kakarot|0 fnt\n|faint|p1a: Kakarot\n|\n|-weather|RainDance|[upkeep]\n|upkeep\n|\n|t:|1700545355\n|switch|p1a: Kakarot|Maushold-Four, shiny|100\/100\n|turn|7\n|c| Blue_Demon_X|I just watching\n|\n|t:|1700545360\n|move|p2a: Basculegion|Hydro Pump|p1a: Kakarot\n|-damage|p1a: Kakarot|0 fnt\n|faint|p1a: Kakarot\n|\n|-weather|RainDance|[upkeep]\n|upkeep\n|c|\u2606CorruptTempest|Gimmicky. Lol\n|c|\u2606CorruptTempest|Can you win?\n|c|\u2606AvatarofChronos|you killed drifblim so i cant do the thing that makes people forfite\n|\n|t:|1700545389\n|switch|p1a: Kakarot|Maushold-Four, shiny|100\/100\n|turn|8\n|c|\u2606CorruptTempest|Is the question\n|\n|t:|1700545394\n|move|p2a: Basculegion|Hydro Pump|p1a: Kakarot\n|-damage|p1a: Kakarot|0 fnt\n|faint|p1a: Kakarot\n|\n|-weather|none\n|upkeep\n|c|\u2606AvatarofChronos|i cant you killed drifblim\n|\n|t:|1700545406\n|switch|p1a: Tatsugiri|Tatsugiri-Droopy, M, shiny|20\/100\n|turn|9\n|c| Blue_Demon_X|Rematch it\n|c|\u2606CorruptTempest|Skill issue\n|\n|t:|1700545415\n|move|p2a: Basculegion|Hydro Pump|p1a: Tatsugiri\n|-ability|p1a: Tatsugiri|Storm Drain|boost\n|-boost|p1a: Tatsugiri|spa|1\n|move|p1a: Tatsugiri|Substitute|p1a: Tatsugiri\n|-fail|p1a: Tatsugiri|move: Substitute|[weak]\n|\n|upkeep\n|turn|10\n|\n|t:|1700545420\n|move|p2a: Basculegion|Hydro Pump|p1a: Tatsugiri\n|-ability|p1a: Tatsugiri|Storm Drain|boost\n|-boost|p1a: Tatsugiri|spa|1\n|move|p1a: Tatsugiri|Substitute|p1a: Tatsugiri\n|-fail|p1a: Tatsugiri|move: Substitute|[weak]\n|\n|upkeep\n|turn|11\n|\n|t:|1700545433\n|switch|p2a: Pelipper|Pelipper, F|100\/100\n|-weather|RainDance|[from] ability: Drizzle|[of] p2a: Pelipper\n|move|p1a: Tatsugiri|Substitute|p1a: Tatsugiri\n|-fail|p1a: Tatsugiri|move: Substitute|[weak]\n|\n|-weather|RainDance|[upkeep]\n|upkeep\n|turn|12\n|\n|t:|1700545442\n|move|p1a: Tatsugiri|Substitute|p1a: Tatsugiri\n|-fail|p1a: Tatsugiri|move: Substitute|[weak]\n|move|p2a: Pelipper|Hurricane|p1a: Tatsugiri\n|-damage|p1a: Tatsugiri|0 fnt\n|faint|p1a: Tatsugiri\n|\n|win|CorruptTempest\n|raw|AvatarofChronos's rating: 1067 &rarr; <strong>1047<\/strong><br \/>(-20 for losing)\n|raw|CorruptTempest's rating: 1062 &rarr; <strong>1093<\/strong><br \/>(+31 for winning)\n|l|\u2606AvatarofChronos\n|c|\u2606CorruptTempest|Lmao\n","uploadtime":1700545461,"views":20,"p1id":"avatarofchronos","p2id":"corrupttempest","formatid":"gen9anythinggoes","rating":1047,"private":0,"password":""}