{"id":"gen9anythinggoes-2000650712","p1":"MrIamCool124","p2":"JoJoFan756","format":"[Gen 9] Anything Goes","log":"|j|\u2606MrIamCool124\n|j|\u2606JoJoFan756\n|t:|1701214618\n|gametype|singles\n|player|p1|MrIamCool124|170|1045\n|player|p2|JoJoFan756|hiker|1095\n|teamsize|p1|6\n|teamsize|p2|6\n|gen|9\n|tier|[Gen 9] Anything Goes\n|rated|\n|rule|HP Percentage Mod: HP is shown in percentages\n|rule|Endless Battle Clause: Forcing endless battles is banned\n|clearpoke\n|poke|p1|Hoopa-Unbound|\n|poke|p1|Annihilape, F|\n|poke|p1|Regieleki|\n|poke|p1|Slaking, M|\n|poke|p1|Froslass, F|\n|poke|p1|Blissey, F|\n|poke|p2|Kingambit, M|\n|poke|p2|Kingambit, M|\n|poke|p2|Kingambit, M|\n|poke|p2|Kingambit, M|\n|poke|p2|Kingambit, M|\n|poke|p2|Kingambit, M|\n|teampreview\n|inactive|Battle timer is ON: inactive players will automatically lose when time's up. (requested by JoJoFan756)\n|\n|t:|1701214631\n|start\n|switch|p1a: Blissey|Blissey, F|100\/100\n|switch|p2a: Miyamoto Musashi|Kingambit, M|100\/100\n|turn|1\n|\n|t:|1701214637\n|move|p2a: Miyamoto Musashi|Swords Dance|p2a: Miyamoto Musashi\n|-boost|p2a: Miyamoto Musashi|atk|2\n|move|p1a: Blissey|Stealth Rock|p2a: Miyamoto Musashi\n|-sidestart|p2: JoJoFan756|move: Stealth Rock\n|\n|upkeep\n|turn|2\n|\n|t:|1701214646\n|move|p2a: Miyamoto Musashi|Kowtow Cleave|p1a: Blissey\n|-damage|p1a: Blissey|0 fnt\n|faint|p1a: Blissey\n|\n|upkeep\n|\n|t:|1701214657\n|switch|p1a: Froslass|Froslass, F|100\/100\n|turn|3\n|\n|t:|1701214661\n|move|p1a: Froslass|Snowscape|p1a: Froslass\n|-weather|Snow\n|move|p2a: Miyamoto Musashi|Kowtow Cleave|p1a: Froslass\n|-supereffective|p1a: Froslass\n|-damage|p1a: Froslass|0 fnt\n|faint|p1a: Froslass\n|\n|-weather|Snow|[upkeep]\n|upkeep\n|\n|t:|1701214668\n|switch|p1a: Hoopa|Hoopa-Unbound|100\/100\n|turn|4\n|\n|t:|1701214676\n|move|p1a: Hoopa|Nasty Plot|p1a: Hoopa\n|-boost|p1a: Hoopa|spa|2\n|move|p2a: Miyamoto Musashi|Kowtow Cleave|p1a: Hoopa\n|-damage|p1a: Hoopa|0 fnt\n|faint|p1a: Hoopa\n|\n|-weather|Snow|[upkeep]\n|upkeep\n|\n|t:|1701214684\n|switch|p1a: Slaking|Slaking, M|100\/100\n|turn|5\n|\n|t:|1701214690\n|move|p1a: Slaking|Earthquake|p2a: Miyamoto Musashi\n|-supereffective|p2a: Miyamoto Musashi\n|-damage|p2a: Miyamoto Musashi|35\/100\n|move|p2a: Miyamoto Musashi|Kowtow Cleave|p1a: Slaking\n|-damage|p1a: Slaking|34\/100\n|-damage|p2a: Miyamoto Musashi|19\/100|[from] item: Rocky Helmet|[of] p1a: Slaking\n|\n|-weather|Snow|[upkeep]\n|-heal|p2a: Miyamoto Musashi|25\/100|[from] item: Leftovers\n|upkeep\n|turn|6\n|\n|t:|1701214700\n|cant|p1a: Slaking|ability: Truant\n|move|p2a: Miyamoto Musashi|Swords Dance|p2a: Miyamoto Musashi\n|-boost|p2a: Miyamoto Musashi|atk|2\n|\n|-weather|Snow|[upkeep]\n|-heal|p2a: Miyamoto Musashi|31\/100|[from] item: Leftovers\n|upkeep\n|turn|7\n|\n|t:|1701214710\n|move|p2a: Miyamoto Musashi|Sucker Punch|p1a: Slaking\n|-damage|p1a: Slaking|0 fnt\n|-damage|p2a: Miyamoto Musashi|14\/100|[from] item: Rocky Helmet|[of] p1a: Slaking\n|faint|p1a: Slaking\n|\n|-weather|none\n|-heal|p2a: Miyamoto Musashi|21\/100|[from] item: Leftovers\n|upkeep\n|\n|t:|1701214716\n|switch|p1a: Regieleki|Regieleki|100\/100\n|turn|8\n|\n|t:|1701214727\n|move|p2a: Miyamoto Musashi|Sucker Punch|p1a: Regieleki\n|-damage|p1a: Regieleki|0 fnt\n|faint|p1a: Regieleki\n|\n|-heal|p2a: Miyamoto Musashi|27\/100|[from] item: Leftovers\n|upkeep\n|\n|t:|1701214733\n|switch|p1a: Annihilape|Annihilape, F, shiny|100\/100\n|turn|9\n|c|\u2606JoJoFan756|Dude come on i havent even gotten to the Supreme Overlords\n|\n|t:|1701214747\n|move|p2a: Miyamoto Musashi|Sucker Punch|p1a: Annihilape\n|-damage|p1a: Annihilape|0 fnt\n|faint|p1a: Annihilape\n|\n|win|JoJoFan756\n|raw|MrIamCool124's rating: 1045 &rarr; <strong>1031<\/strong><br \/>(-14 for losing)\n|raw|JoJoFan756's rating: 1095 &rarr; <strong>1117<\/strong><br \/>(+22 for winning)\n|l|\u2606MrIamCool124\n","uploadtime":1701214753,"views":1,"p1id":"mriamcool124","p2id":"jojofan756","formatid":"gen9anythinggoes","rating":1031,"private":0,"password":""}