{"id":"gen9anythinggoes-1985858416","p1":"its a gambit trust","p2":"SonicSpeedKaleb","format":"[Gen 9] Anything Goes","log":"|j|\u2606its a gambit trust\n|j|\u2606SonicSpeedKaleb\n|t:|1699414053\n|gametype|singles\n|player|p1|its a gambit trust|acerola-masters|1154\n|player|p2|SonicSpeedKaleb|169|1106\n|teamsize|p1|6\n|teamsize|p2|6\n|gen|9\n|tier|[Gen 9] Anything Goes\n|rated|\n|rule|HP Percentage Mod: HP is shown in percentages\n|rule|Endless Battle Clause: Forcing endless battles is banned\n|clearpoke\n|poke|p1|Calyrex-Shadow|\n|poke|p1|Koraidon|\n|poke|p1|Palkia-Origin|\n|poke|p1|Arceus-Flying|\n|poke|p1|Miraidon|\n|poke|p1|Groudon|\n|poke|p2|Skeledirge, M|\n|poke|p2|Pawmot, M|\n|poke|p2|Gardevoir, F|\n|poke|p2|Staraptor, M|\n|poke|p2|Lycanroc, M|\n|poke|p2|Baxcalibur, F|\n|teampreview\n|inactive|Battle timer is ON: inactive players will automatically lose when time's up. (requested by its a gambit trust)\n|c|\u2606SonicSpeedKaleb|Let's rock without switch spamming and annoying strats.\n|inactive|its a gambit trust has 120 seconds left.\n|c|\u2606its a gambit trust|this man has ptsd form u turn\n|\n|t:|1699414097\n|start\n|switch|p1a: Arceus|Arceus-Flying|100\/100\n|switch|p2a: Lycanroc|Lycanroc, M|100\/100\n|turn|1\n|\n|t:|1699414102\n|move|p2a: Lycanroc|Stealth Rock|p1a: Arceus\n|-sidestart|p1: its a gambit trust|move: Stealth Rock\n|move|p1a: Arceus|Earth Power|p2a: Lycanroc\n|-supereffective|p2a: Lycanroc\n|-enditem|p2a: Lycanroc|Focus Sash\n|-damage|p2a: Lycanroc|1\/100\n|\n|upkeep\n|turn|2\n|\n|t:|1699414110\n|move|p2a: Lycanroc|Accelerock|p1a: Arceus\n|-supereffective|p1a: Arceus\n|-damage|p1a: Arceus|69\/100\n|move|p1a: Arceus|Earth Power|p2a: Lycanroc\n|-supereffective|p2a: Lycanroc\n|-damage|p2a: Lycanroc|0 fnt\n|faint|p2a: Lycanroc\n|\n|upkeep\n|\n|t:|1699414133\n|switch|p2a: Pawmot|Pawmot, M|100\/100\n|turn|3\n|\n|t:|1699414137\n|move|p1a: Arceus|Earth Power|p2a: Pawmot\n|-supereffective|p2a: Pawmot\n|-enditem|p2a: Pawmot|Focus Sash\n|-damage|p2a: Pawmot|1\/100\n|move|p2a: Pawmot|Agility|p2a: Pawmot\n|-boost|p2a: Pawmot|spe|2\n|\n|upkeep\n|turn|4\n|\n|t:|1699414148\n|move|p2a: Pawmot|Baton Pass|p2a: Pawmot\n|\n|t:|1699414168\n|switch|p2a: Staraptor|Staraptor, M|100\/100|[from] Baton Pass\n|-ability|p2a: Staraptor|Intimidate|boost\n|-unboost|p1a: Arceus|atk|1\n|move|p1a: Arceus|Earth Power|p2a: Staraptor\n|-immune|p2a: Staraptor\n|\n|upkeep\n|turn|5\n|\n|t:|1699414175\n|move|p2a: Staraptor|Tailwind|p2a: Staraptor\n|-sidestart|p2: SonicSpeedKaleb|move: Tailwind\n|move|p1a: Arceus|Judgment|p2a: Staraptor\n|-damage|p2a: Staraptor|0 fnt\n|faint|p2a: Staraptor\n|\n|upkeep\n|\n|t:|1699414181\n|switch|p2a: Gardevoir|Gardevoir, F|100\/100\n|turn|6\n|\n|t:|1699414185\n|move|p2a: Gardevoir|Moonblast|p1a: Arceus\n|-damage|p1a: Arceus|31\/100\n|move|p1a: Arceus|Judgment|p2a: Gardevoir\n|-damage|p2a: Gardevoir|52\/100\n|\n|upkeep\n|turn|7\n|\n|t:|1699414194\n|-terastallize|p1a: Arceus|Steel\n|move|p2a: Gardevoir|Moonblast|p1a: Arceus\n|-resisted|p1a: Arceus\n|-damage|p1a: Arceus|15\/100\n|move|p1a: Arceus|Recover|p1a: Arceus\n|-heal|p1a: Arceus|66\/100\n|\n|upkeep\n|turn|8\n|\n|t:|1699414202\n|move|p2a: Gardevoir|Reflect|p2a: Gardevoir\n|-sidestart|p2: SonicSpeedKaleb|Reflect\n|move|p1a: Arceus|Judgment|p2a: Gardevoir\n|-damage|p2a: Gardevoir|0 fnt\n|faint|p2a: Gardevoir\n|\n|-sideend|p2: SonicSpeedKaleb|move: Tailwind\n|upkeep\n|\n|t:|1699414208\n|switch|p2a: Skeledirge|Skeledirge, M|100\/100\n|turn|9\n|\n|t:|1699414215\n|switch|p1a: Palkia|Palkia-Origin|100\/100\n|-damage|p1a: Palkia|88\/100|[from] Stealth Rock\n|-ability|p1a: Palkia|Pressure\n|-terastallize|p2a: Skeledirge|Fire\n|move|p2a: Skeledirge|Torch Song|p1a: Palkia\n|-resisted|p1a: Palkia\n|-damage|p1a: Palkia|77\/100\n|-boost|p2a: Skeledirge|spa|1\n|\n|upkeep\n|turn|10\n|\n|t:|1699414226\n|move|p1a: Palkia|Substitute|p1a: Palkia\n|-start|p1a: Palkia|Substitute\n|-damage|p1a: Palkia|52\/100\n|move|p2a: Skeledirge|Shadow Ball|p1a: Palkia\n|-end|p1a: Palkia|Substitute\n|\n|upkeep\n|turn|11\n|\n|t:|1699414231\n|move|p1a: Palkia|Hydro Pump|p2a: Skeledirge\n|-supereffective|p2a: Skeledirge\n|-damage|p2a: Skeledirge|0 fnt\n|faint|p2a: Skeledirge\n|\n|upkeep\n|-message|SonicSpeedKaleb forfeited.\n|\n|win|its a gambit trust\n|raw|its a gambit trust's rating: 1154 &rarr; <strong>1176<\/strong><br \/>(+22 for winning)\n|raw|SonicSpeedKaleb's rating: 1106 &rarr; <strong>1084<\/strong><br \/>(-22 for losing)\n|l|\u2606SonicSpeedKaleb\n","uploadtime":1699415050,"views":5,"p1id":"itsagambittrust","p2id":"sonicspeedkaleb","formatid":"gen9anythinggoes","rating":1084,"private":0,"password":""}