{"id":"gen9anythinggoes-1998725010","p1":"lytienhung","p2":"YoungEsq","format":"[Gen 9] Anything Goes","log":"|j|\u2606lytienhung\n|j|\u2606YoungEsq\n|t:|1700978374\n|gametype|singles\n|player|p1|lytienhung|dawn|1230\n|player|p2|YoungEsq|265|1314\n|teamsize|p1|6\n|teamsize|p2|6\n|gen|9\n|tier|[Gen 9] Anything Goes\n|rated|\n|rule|HP Percentage Mod: HP is shown in percentages\n|rule|Endless Battle Clause: Forcing endless battles is banned\n|clearpoke\n|poke|p1|Ninetales-Alola, F|\n|poke|p1|Abomasnow, M|\n|poke|p1|Chien-Pao|\n|poke|p1|Cetitan, M|\n|poke|p1|Quagsire, M|\n|poke|p1|Baxcalibur, F|\n|poke|p2|Ting-Lu|\n|poke|p2|Gholdengo|\n|poke|p2|Roaring Moon|\n|poke|p2|Chi-Yu|\n|poke|p2|Samurott-Hisui, F|\n|poke|p2|Mandibuzz, F|\n|teampreview\n|inactive|Battle timer is ON: inactive players will automatically lose when time's up. (requested by lytienhung)\n|\n|t:|1700978379\n|start\n|switch|p1a: Ninetales|Ninetales-Alola, F|100\/100\n|switch|p2a: Ting-Lu|Ting-Lu|100\/100\n|-weather|Snow|[from] ability: Snow Warning|[of] p1a: Ninetales\n|-ability|p2a: Ting-Lu|Vessel of Ruin\n|turn|1\n|c|\u2606lytienhung|!weakness ting-lu\n|c| lytienhung|\/raw <div class=\"infobox\">Ting-Lu (ignoring abilities):<br \/><span class=\"message-effect-weak\">Weaknesses<\/span>: Bug, Fairy, Fighting, Grass, Ice, Water<br \/><span class=\"message-effect-resist\">Resistances<\/span>: Dark, Ghost, Poison, Rock<br \/><span class=\"message-effect-immune\">Immunities<\/span>: Electric, Psychic, Prankster, Sandstorm damage<\/div>\n|\n|t:|1700978394\n|move|p1a: Ninetales|Blizzard|p2a: Ting-Lu\n|-supereffective|p2a: Ting-Lu\n|-damage|p2a: Ting-Lu|64\/100\n|move|p2a: Ting-Lu|Stealth Rock|p1a: Ninetales\n|-sidestart|p1: lytienhung|move: Stealth Rock\n|\n|-weather|Snow|[upkeep]\n|-heal|p2a: Ting-Lu|70\/100|[from] item: Leftovers\n|upkeep\n|turn|2\n|\n|t:|1700978405\n|move|p1a: Ninetales|Nasty Plot|p1a: Ninetales\n|-boost|p1a: Ninetales|spa|2\n|move|p2a: Ting-Lu|Whirlwind|p1a: Ninetales\n|drag|p1a: Chien-Pao|Chien-Pao|100\/100\n|-damage|p1a: Chien-Pao|76\/100|[from] Stealth Rock\n|-ability|p1a: Chien-Pao|Sword of Ruin\n|\n|-weather|Snow|[upkeep]\n|-heal|p2a: Ting-Lu|76\/100|[from] item: Leftovers\n|upkeep\n|turn|3\n|\n|t:|1700978417\n|switch|p2a: Samurott|Samurott-Hisui, F|100\/100\n|-terastallize|p1a: Chien-Pao|Ice\n|move|p1a: Chien-Pao|Ice Shard|p2a: Samurott\n|-resisted|p2a: Samurott\n|-damage|p2a: Samurott|70\/100\n|-damage|p1a: Chien-Pao|66\/100|[from] item: Life Orb\n|\n|-weather|Snow|[upkeep]\n|upkeep\n|turn|4\n|\n|t:|1700978432\n|move|p1a: Chien-Pao|Sacred Sword|p2a: Samurott\n|-supereffective|p2a: Samurott\n|-damage|p2a: Samurott|0 fnt\n|faint|p2a: Samurott\n|-damage|p1a: Chien-Pao|56\/100|[from] item: Life Orb\n|\n|-weather|Snow|[upkeep]\n|upkeep\n|\n|t:|1700978443\n|switch|p2a: Chi-Yu|Chi-Yu|100\/100\n|-ability|p2a: Chi-Yu|Beads of Ruin\n|turn|5\n|c|\u2606lytienhung|!weakness chi-yu\n|c| lytienhung|\/raw <div class=\"infobox\">Chi-Yu (ignoring abilities):<br \/><span class=\"message-effect-weak\">Weaknesses<\/span>: Fighting, Ground, Rock, Water<br \/><span class=\"message-effect-resist\">Resistances<\/span>: Dark, Fire, Ghost, Grass, Ice, Steel<br \/><span class=\"message-effect-immune\">Immunities<\/span>: Psychic, Burn, Prankster<\/div>\n|\n|t:|1700978457\n|move|p2a: Chi-Yu|Flamethrower|p1a: Chien-Pao\n|-supereffective|p1a: Chien-Pao\n|-damage|p1a: Chien-Pao|0 fnt\n|faint|p1a: Chien-Pao\n|\n|-weather|Snow|[upkeep]\n|upkeep\n|\n|t:|1700978466\n|switch|p1a: Quagsire|Quagsire, M|100\/100\n|-damage|p1a: Quagsire|94\/100|[from] Stealth Rock\n|turn|6\n|\n|t:|1700978476\n|switch|p2a: Gholdengo|Gholdengo|100\/100\n|-item|p2a: Gholdengo|Air Balloon\n|move|p1a: Quagsire|Earthquake|p2a: Gholdengo\n|-immune|p2a: Gholdengo\n|\n|-weather|Snow|[upkeep]\n|-heal|p1a: Quagsire|100\/100|[from] item: Leftovers\n|upkeep\n|turn|7\n|\n|t:|1700978489\n|switch|p1a: Baxcalibur|Baxcalibur, F|100\/100\n|-damage|p1a: Baxcalibur|76\/100|[from] Stealth Rock\n|move|p2a: Gholdengo|Nasty Plot|p2a: Gholdengo\n|-boost|p2a: Gholdengo|spa|2\n|\n|-weather|Snow|[upkeep]\n|-heal|p1a: Baxcalibur|82\/100|[from] ability: Ice Body\n|upkeep\n|turn|8\n|\n|t:|1700978503\n|move|p2a: Gholdengo|Make It Rain|p1a: Baxcalibur\n|-supereffective|p1a: Baxcalibur\n|-damage|p1a: Baxcalibur|0 fnt\n|-unboost|p2a: Gholdengo|spa|1\n|faint|p1a: Baxcalibur\n|\n|-weather|none\n|upkeep\n|\n|t:|1700978511\n|switch|p1a: Abomasnow|Abomasnow, M|100\/100\n|-damage|p1a: Abomasnow|75\/100|[from] Stealth Rock\n|-weather|Snow|[from] ability: Snow Warning|[of] p1a: Abomasnow\n|turn|9\n|\n|t:|1700978516\n|move|p2a: Gholdengo|Make It Rain|p1a: Abomasnow\n|-supereffective|p1a: Abomasnow\n|-damage|p1a: Abomasnow|0 fnt\n|-unboost|p2a: Gholdengo|spa|1\n|faint|p1a: Abomasnow\n|\n|-weather|Snow|[upkeep]\n|upkeep\n|\n|t:|1700978528\n|switch|p1a: Cetitan|Cetitan, M|100\/100\n|-damage|p1a: Cetitan|75\/100|[from] Stealth Rock\n|turn|10\n|c|\u2606lytienhung|!weakness gholdengo\n|c| lytienhung|\/raw <div class=\"infobox\">Gholdengo (ignoring abilities):<br \/><span class=\"message-effect-weak\">Weaknesses<\/span>: Dark, Fire, Ghost, Ground<br \/><span class=\"message-effect-resist\">Resistances<\/span>: <b>Bug<\/b>, Dragon, Fairy, Flying, Grass, Ice, Psychic, Rock, Steel<br \/><span class=\"message-effect-immune\">Immunities<\/span>: Fighting, Normal, Poison, Sandstorm damage, Toxic, Trapping<\/div>\n|\n|t:|1700978552\n|move|p1a: Cetitan|Ice Punch|p2a: Gholdengo\n|-resisted|p2a: Gholdengo\n|-damage|p2a: Gholdengo|81\/100\n|-enditem|p2a: Gholdengo|Air Balloon\n|move|p2a: Gholdengo|Nasty Plot|p2a: Gholdengo\n|-boost|p2a: Gholdengo|spa|2\n|\n|-weather|Snow|[upkeep]\n|upkeep\n|turn|11\n|l|\u2606lytienhung\n|inactive|lytienhung disconnected and has a minute to reconnect!\n|player|p1|\n|inactive|lytienhung has 30 seconds to reconnect!\n|j|\u2606lytienhung\n|inactive|lytienhung reconnected and has 100 seconds left.\n|player|p1|lytienhung|dawn\n|inactive|lytienhung has 90 seconds left.\n|\n|t:|1700978606\n|move|p1a: Cetitan|Earthquake|p2a: Gholdengo\n|-supereffective|p2a: Gholdengo\n|-damage|p2a: Gholdengo|8\/100\n|move|p2a: Gholdengo|Make It Rain|p1a: Cetitan\n|-supereffective|p1a: Cetitan\n|-damage|p1a: Cetitan|0 fnt\n|-unboost|p2a: Gholdengo|spa|1\n|faint|p1a: Cetitan\n|\n|-weather|Snow|[upkeep]\n|upkeep\n|inactive|lytienhung has 90 seconds left.\n|\n|t:|1700978616\n|switch|p1a: Quagsire|Quagsire, M|100\/100\n|-damage|p1a: Quagsire|94\/100|[from] Stealth Rock\n|turn|12\n|\n|t:|1700978622\n|switch|p2a: Mandibuzz|Mandibuzz, F|100\/100\n|move|p1a: Quagsire|Earthquake|p2a: Mandibuzz\n|-immune|p2a: Mandibuzz\n|\n|-weather|Snow|[upkeep]\n|-heal|p1a: Quagsire|100\/100|[from] item: Leftovers\n|upkeep\n|turn|13\n|\n|t:|1700978631\n|move|p2a: Mandibuzz|Toxic|p1a: Quagsire\n|-status|p1a: Quagsire|tox\n|move|p1a: Quagsire|Yawn|p2a: Mandibuzz\n|-start|p2a: Mandibuzz|move: Yawn|[of] p1a: Quagsire\n|\n|-weather|Snow|[upkeep]\n|-damage|p1a: Quagsire|94\/100 tox|[from] psn\n|upkeep\n|turn|14\n|\n|t:|1700978639\n|switch|p2a: Gholdengo|Gholdengo|8\/100\n|switch|p1a: Ninetales|Ninetales-Alola, F|100\/100\n|-damage|p1a: Ninetales|76\/100|[from] Stealth Rock\n|\n|-weather|Snow|[upkeep]\n|upkeep\n|turn|15\n|\n|t:|1700978655\n|move|p1a: Ninetales|Blizzard|p2a: Gholdengo\n|-resisted|p2a: Gholdengo\n|-damage|p2a: Gholdengo|0 fnt\n|faint|p2a: Gholdengo\n|\n|-weather|Snow|[upkeep]\n|upkeep\n|\n|t:|1700978658\n|switch|p2a: Mandibuzz|Mandibuzz, F|100\/100\n|turn|16\n|c|\u2606lytienhung|!weakness mandibuzz\n|c| lytienhung|\/raw <div class=\"infobox\">Mandibuzz (ignoring abilities):<br \/><span class=\"message-effect-weak\">Weaknesses<\/span>: Electric, Fairy, Ice, Rock<br \/><span class=\"message-effect-resist\">Resistances<\/span>: Dark, Ghost, Grass<br \/><span class=\"message-effect-immune\">Immunities<\/span>: Ground, Psychic, Prankster<\/div>\n|\n|t:|1700978676\n|move|p1a: Ninetales|Blizzard|p2a: Mandibuzz\n|-supereffective|p2a: Mandibuzz\n|-damage|p2a: Mandibuzz|41\/100\n|move|p2a: Mandibuzz|Toxic|p1a: Ninetales\n|-status|p1a: Ninetales|tox\n|\n|-weather|none\n|-damage|p1a: Ninetales|70\/100 tox|[from] psn\n|upkeep\n|turn|17\n|\n|t:|1700978685\n|switch|p1a: Quagsire|Quagsire, M|94\/100 tox\n|-damage|p1a: Quagsire|88\/100 tox|[from] Stealth Rock\n|move|p2a: Mandibuzz|Roost|p2a: Mandibuzz\n|-heal|p2a: Mandibuzz|91\/100\n|-singleturn|p2a: Mandibuzz|move: Roost\n|\n|-heal|p1a: Quagsire|94\/100 tox|[from] item: Leftovers\n|-damage|p1a: Quagsire|88\/100 tox|[from] psn\n|upkeep\n|turn|18\n|\n|t:|1700978696\n|switch|p2a: Ting-Lu|Ting-Lu|76\/100\n|-ability|p2a: Ting-Lu|Vessel of Ruin\n|switch|p1a: Ninetales|Ninetales-Alola, F|70\/100 tox\n|-damage|p1a: Ninetales|45\/100 tox|[from] Stealth Rock\n|-weather|Snow|[from] ability: Snow Warning|[of] p1a: Ninetales\n|\n|-weather|Snow|[upkeep]\n|-heal|p2a: Ting-Lu|83\/100|[from] item: Leftovers\n|-damage|p1a: Ninetales|39\/100 tox|[from] psn\n|upkeep\n|turn|19\n|\n|t:|1700978707\n|move|p1a: Ninetales|Nasty Plot|p1a: Ninetales\n|-boost|p1a: Ninetales|spa|2\n|move|p2a: Ting-Lu|Earthquake|p1a: Ninetales\n|-damage|p1a: Ninetales|2\/100 tox\n|\n|-weather|Snow|[upkeep]\n|-heal|p2a: Ting-Lu|89\/100|[from] item: Leftovers\n|-damage|p1a: Ninetales|0 fnt|[from] psn\n|faint|p1a: Ninetales\n|upkeep\n|-message|lytienhung forfeited.\n|\n|win|YoungEsq\n|raw|lytienhung's rating: 1230 &rarr; <strong>1211<\/strong><br \/>(-19 for losing)\n|raw|YoungEsq's rating: 1314 &rarr; <strong>1329<\/strong><br \/>(+15 for winning)\n|l|\u2606lytienhung\n","uploadtime":1700978721,"views":2,"p1id":"lytienhung","p2id":"youngesq","formatid":"gen9anythinggoes","rating":1211,"private":0,"password":""}