{"id":"gen9anythinggoes-1978136088","p1":"menobionlystarted","p2":"mousessssssss","format":"[Gen 9] Anything Goes","log":"|j|\u2606menobionlystarted\n|j|\u2606mousessssssss\n|t:|1698503815\n|gametype|singles\n|player|p1|menobionlystarted|youngster-gen4dp|1051\n|player|p2|mousessssssss|pokekid|1029\n|teamsize|p1|6\n|teamsize|p2|6\n|gen|9\n|tier|[Gen 9] Anything Goes\n|rated|\n|rule|HP Percentage Mod: HP is shown in percentages\n|rule|Endless Battle Clause: Forcing endless battles is banned\n|clearpoke\n|poke|p1|Glalie, F|\n|poke|p1|Scovillain, F|\n|poke|p1|Snorunt, M|\n|poke|p1|Espathra, M|\n|poke|p1|Ting-Lu|\n|poke|p1|Qwilfish-Hisui, F|\n|poke|p2|Maushold-Four|\n|poke|p2|Maushold-Four|\n|poke|p2|Maushold-Four|\n|poke|p2|Maushold-Four|\n|poke|p2|Maushold-Four|\n|poke|p2|Maushold-Four|\n|teampreview\n|c|\u2606menobionlystarted|glhf\n|c|\u2606menobionlystarted|mouses\n|inactive|Battle timer is ON: inactive players will automatically lose when time's up. (requested by mousessssssss)\n|\n|t:|1698503827\n|start\n|switch|p1a: Espathra|Espathra, M|100\/100\n|switch|p2a: Maushold|Maushold-Four|100\/100\n|turn|1\n|\n|t:|1698503833\n|move|p2a: Maushold|Tidy Up|p2a: Maushold\n|-boost|p2a: Maushold|atk|1\n|-boost|p2a: Maushold|spe|1\n|move|p1a: Espathra|Reflect|p1a: Espathra\n|-sidestart|p1: menobionlystarted|Reflect\n|\n|-ability|p1a: Espathra|Speed Boost|boost\n|-boost|p1a: Espathra|spe|1\n|upkeep\n|turn|2\n|c|\u2606menobionlystarted|e\n|\n|t:|1698503842\n|move|p2a: Maushold|Encore|p1a: Espathra\n|-start|p1a: Espathra|Encore\n|move|p1a: Espathra|Reflect||[still]\n|-fail|p1a: Espathra\n|\n|-ability|p1a: Espathra|Speed Boost|boost\n|-boost|p1a: Espathra|spe|1\n|upkeep\n|turn|3\n|\n|t:|1698503853\n|switch|p1a: Ting-Lu|Ting-Lu|100\/100\n|-ability|p1a: Ting-Lu|Vessel of Ruin\n|move|p2a: Maushold|Tidy Up|p2a: Maushold\n|-boost|p2a: Maushold|atk|1\n|-boost|p2a: Maushold|spe|1\n|\n|upkeep\n|turn|4\n|\n|t:|1698503862\n|-terastallize|p2a: Maushold|Normal\n|move|p2a: Maushold|Population Bomb|p1a: Ting-Lu\n|-damage|p1a: Ting-Lu|94\/100\n|-damage|p1a: Ting-Lu|88\/100\n|-damage|p1a: Ting-Lu|82\/100\n|-damage|p1a: Ting-Lu|76\/100\n|-damage|p1a: Ting-Lu|70\/100\n|-damage|p1a: Ting-Lu|64\/100\n|-damage|p1a: Ting-Lu|57\/100\n|-damage|p1a: Ting-Lu|51\/100\n|-damage|p1a: Ting-Lu|45\/100\n|-damage|p1a: Ting-Lu|39\/100\n|-hitcount|p1a: Ting-Lu|10\n|move|p1a: Ting-Lu|Whirlwind|p2a: Maushold\n|drag|p2a: Maushold|Maushold-Four|100\/100\n|\n|-heal|p1a: Ting-Lu|45\/100|[from] item: Leftovers\n|upkeep\n|turn|5\n|c|\u2606menobionlystarted|o.o\n|\n|t:|1698503880\n|move|p2a: Maushold|Encore|p1a: Ting-Lu\n|-start|p1a: Ting-Lu|Encore\n|move|p1a: Ting-Lu|Whirlwind|p2a: Maushold\n|drag|p2a: Maushold|Maushold-Four|100\/100\n|\n|-heal|p1a: Ting-Lu|51\/100|[from] item: Leftovers\n|-sideend|p1: menobionlystarted|Reflect\n|upkeep\n|turn|6\n|\n|t:|1698503890\n|move|p2a: Maushold|Population Bomb|p1a: Ting-Lu\n|-damage|p1a: Ting-Lu|47\/100\n|-damage|p1a: Ting-Lu|42\/100\n|-damage|p1a: Ting-Lu|38\/100\n|-damage|p1a: Ting-Lu|33\/100\n|-damage|p1a: Ting-Lu|28\/100\n|-damage|p1a: Ting-Lu|24\/100\n|-damage|p1a: Ting-Lu|19\/100\n|-crit|p1a: Ting-Lu\n|-damage|p1a: Ting-Lu|12\/100\n|-damage|p1a: Ting-Lu|8\/100\n|-damage|p1a: Ting-Lu|3\/100\n|-hitcount|p1a: Ting-Lu|10\n|move|p1a: Ting-Lu|Whirlwind|p2a: Maushold\n|drag|p2a: Maushold|Maushold-Four|100\/100\n|\n|-heal|p1a: Ting-Lu|9\/100|[from] item: Leftovers\n|upkeep\n|turn|7\n|inactive|menobionlystarted has 120 seconds left.\n|\n|t:|1698503924\n|switch|p1a: Qwilfish|Qwilfish-Hisui, F|100\/100\n|-ability|p1a: Qwilfish|Intimidate|boost\n|-unboost|p2a: Maushold|atk|1\n|move|p2a: Maushold|Thief|p1a: Qwilfish\n|-resisted|p1a: Qwilfish\n|-crit|p1a: Qwilfish\n|-damage|p1a: Qwilfish|92\/100\n|\n|upkeep\n|turn|8\n|inactive|menobionlystarted has 120 seconds left.\n|\n|t:|1698503936\n|move|p2a: Maushold|Tidy Up|p2a: Maushold\n|-boost|p2a: Maushold|atk|1\n|-boost|p2a: Maushold|spe|1\n|move|p1a: Qwilfish|Taunt|p2a: Maushold\n|-start|p2a: Maushold|move: Taunt\n|\n|upkeep\n|turn|9\n|\n|t:|1698503944\n|move|p2a: Maushold|Low Sweep|p1a: Qwilfish\n|-damage|p1a: Qwilfish|83\/100\n|-unboost|p1a: Qwilfish|spe|1\n|move|p1a: Qwilfish|Icy Wind|p2a: Maushold\n|-damage|p2a: Maushold|89\/100\n|-unboost|p2a: Maushold|spe|1\n|\n|upkeep\n|turn|10\n|\n|t:|1698503956\n|switch|p2a: Maushold|Maushold-Four, tera:Normal|100\/100\n|move|p1a: Qwilfish|Toxic Spikes|p2a: Maushold\n|-sidestart|p2: mousessssssss|move: Toxic Spikes\n|\n|upkeep\n|turn|11\n|\n|t:|1698503963\n|move|p2a: Maushold|Encore|p1a: Qwilfish\n|-start|p1a: Qwilfish|Encore\n|move|p1a: Qwilfish|Toxic Spikes|p2a: Maushold\n|-sidestart|p2: mousessssssss|move: Toxic Spikes\n|\n|upkeep\n|turn|12\n|\n|t:|1698503972\n|switch|p1a: Snorunt|Snorunt, M|100\/100\n|move|p2a: Maushold|Tidy Up|p2a: Maushold\n|-sideend|p2: mousessssssss|Toxic Spikes\n|-activate|p2a: Maushold|move: Tidy Up\n|-boost|p2a: Maushold|atk|1\n|-boost|p2a: Maushold|spe|1\n|\n|-ability|p1a: Snorunt|Moody|boost\n|-boost|p1a: Snorunt|atk|2\n|-unboost|p1a: Snorunt|spd|1\n|upkeep\n|turn|13\n|\n|t:|1698503981\n|move|p1a: Snorunt|Protect|p1a: Snorunt\n|-singleturn|p1a: Snorunt|Protect\n|move|p2a: Maushold|Tidy Up|p2a: Maushold\n|-boost|p2a: Maushold|atk|1\n|-boost|p2a: Maushold|spe|1\n|\n|-ability|p1a: Snorunt|Moody|boost\n|-boost|p1a: Snorunt|spa|2\n|-unboost|p1a: Snorunt|spe|1\n|upkeep\n|turn|14\n|\n|t:|1698503991\n|move|p2a: Maushold|Encore|p1a: Snorunt\n|-start|p1a: Snorunt|Encore\n|move|p1a: Snorunt|Protect||[still]\n|-fail|p1a: Snorunt\n|\n|-ability|p1a: Snorunt|Moody|boost\n|-boost|p1a: Snorunt|atk|2\n|-unboost|p1a: Snorunt|spd|1\n|upkeep\n|turn|15\n|\n|t:|1698504000\n|move|p1a: Snorunt|Protect|p1a: Snorunt\n|-singleturn|p1a: Snorunt|Protect\n|move|p2a: Maushold|Tidy Up|p2a: Maushold\n|-boost|p2a: Maushold|atk|1\n|-boost|p2a: Maushold|spe|1\n|\n|-ability|p1a: Snorunt|Moody|boost\n|-boost|p1a: Snorunt|atk|2\n|-unboost|p1a: Snorunt|spa|1\n|upkeep\n|turn|16\n|\n|t:|1698504010\n|move|p1a: Snorunt|Protect||[still]\n|-fail|p1a: Snorunt\n|move|p2a: Maushold|Tidy Up|p2a: Maushold\n|-boost|p2a: Maushold|atk|1\n|-boost|p2a: Maushold|spe|1\n|\n|-end|p1a: Snorunt|Encore\n|-ability|p1a: Snorunt|Moody|boost\n|-boost|p1a: Snorunt|spe|2\n|-unboost|p1a: Snorunt|atk|1\n|upkeep\n|turn|17\n|\n|t:|1698504021\n|move|p1a: Snorunt|Protect|p1a: Snorunt\n|-singleturn|p1a: Snorunt|Protect\n|move|p2a: Maushold|Encore|p1a: Snorunt\n|-activate|p1a: Snorunt|move: Protect\n|\n|-ability|p1a: Snorunt|Moody|boost\n|-boost|p1a: Snorunt|def|2\n|-unboost|p1a: Snorunt|spd|1\n|upkeep\n|turn|18\n|\n|t:|1698504030\n|move|p1a: Snorunt|Protect|p1a: Snorunt\n|-singleturn|p1a: Snorunt|Protect\n|move|p2a: Maushold|Encore|p1a: Snorunt\n|-activate|p1a: Snorunt|move: Protect\n|\n|-ability|p1a: Snorunt|Moody|boost\n|-boost|p1a: Snorunt|def|2\n|-unboost|p1a: Snorunt|spe|1\n|upkeep\n|turn|19\n|\n|t:|1698504038\n|move|p2a: Maushold|Encore|p1a: Snorunt\n|-start|p1a: Snorunt|Encore\n|move|p1a: Snorunt|Protect||[still]\n|-fail|p1a: Snorunt\n|\n|-ability|p1a: Snorunt|Moody|boost\n|-boost|p1a: Snorunt|spa|2\n|-unboost|p1a: Snorunt|def|1\n|upkeep\n|turn|20\n|\n|t:|1698504046\n|move|p1a: Snorunt|Protect|p1a: Snorunt\n|-singleturn|p1a: Snorunt|Protect\n|move|p2a: Maushold|Tidy Up|p2a: Maushold\n|-boost|p2a: Maushold|atk|1\n|-boost|p2a: Maushold|spe|1\n|\n|-ability|p1a: Snorunt|Moody|boost\n|-boost|p1a: Snorunt|def|2\n|-unboost|p1a: Snorunt|spd|1\n|upkeep\n|turn|21\n|\n|t:|1698504053\n|move|p1a: Snorunt|Protect||[still]\n|-fail|p1a: Snorunt\n|move|p2a: Maushold|Taunt|p1a: Snorunt\n|-start|p1a: Snorunt|move: Taunt\n|\n|-end|p1a: Snorunt|Encore\n|-ability|p1a: Snorunt|Moody|boost\n|-boost|p1a: Snorunt|spe|2\n|-unboost|p1a: Snorunt|spd|1\n|upkeep\n|turn|22\n|\n|t:|1698504062\n|move|p2a: Maushold|Encore|p1a: Snorunt\n|-start|p1a: Snorunt|Encore\n|cant|p1a: Snorunt|move: Taunt|Protect\n|\n|-ability|p1a: Snorunt|Moody|boost\n|-boost|p1a: Snorunt|spa|2\n|-unboost|p1a: Snorunt|spe|1\n|upkeep\n|turn|23\n|\n|t:|1698504070\n|move|p2a: Maushold|Tidy Up|p2a: Maushold\n|-boost|p2a: Maushold|atk|1\n|-boost|p2a: Maushold|spe|1\n|-activate|p1a: Snorunt|move: Struggle\n|move|p1a: Snorunt|Struggle|p2a: Maushold\n|-damage|p2a: Maushold|75\/100\n|-damage|p1a: Snorunt|75\/100|[from] recoil\n|\n|-ability|p1a: Snorunt|Moody|boost\n|-boost|p1a: Snorunt|spe|2\n|-unboost|p1a: Snorunt|spd|1\n|upkeep\n|turn|24\n|\n|t:|1698504081\n|move|p2a: Maushold|Population Bomb|p1a: Snorunt\n|-damage|p1a: Snorunt|62\/100\n|-damage|p1a: Snorunt|48\/100\n|-crit|p1a: Snorunt\n|-damage|p1a: Snorunt|0 fnt\n|faint|p1a: Snorunt\n|-hitcount|p1: Snorunt|3\n|\n|upkeep\n|\n|t:|1698504089\n|switch|p1a: Qwilfish|Qwilfish-Hisui, F|83\/100\n|-ability|p1a: Qwilfish|Intimidate|boost\n|-unboost|p2a: Maushold|atk|1\n|turn|25\n|\n|t:|1698504092\n|switch|p1a: Ting-Lu|Ting-Lu|9\/100\n|-ability|p1a: Ting-Lu|Vessel of Ruin\n|move|p2a: Maushold|Population Bomb|p1a: Ting-Lu\n|-damage|p1a: Ting-Lu|0 fnt\n|faint|p1a: Ting-Lu\n|-hitcount|p1: Ting-Lu|1\n|\n|upkeep\n|\n|t:|1698504113\n|switch|p1a: Qwilfish|Qwilfish-Hisui, F|83\/100\n|-ability|p1a: Qwilfish|Intimidate|boost\n|-unboost|p2a: Maushold|atk|1\n|turn|26\n|\n|t:|1698504117\n|switch|p1a: Espathra|Espathra, M|100\/100\n|move|p2a: Maushold|Population Bomb|p1a: Espathra\n|-damage|p1a: Espathra|37\/100\n|-damage|p1a: Espathra|0 fnt\n|faint|p1a: Espathra\n|-hitcount|p1: Espathra|2\n|\n|upkeep\n|\n|t:|1698504125\n|switch|p1a: Qwilfish|Qwilfish-Hisui, F|83\/100\n|-ability|p1a: Qwilfish|Intimidate|boost\n|-unboost|p2a: Maushold|atk|1\n|turn|27\n|\n|t:|1698504130\n|move|p2a: Maushold|Population Bomb|p1a: Qwilfish\n|-damage|p1a: Qwilfish|65\/100\n|-damage|p1a: Qwilfish|46\/100\n|-damage|p1a: Qwilfish|27\/100\n|-damage|p1a: Qwilfish|6\/100\n|-hitcount|p1a: Qwilfish|4\n|move|p1a: Qwilfish|Taunt|p2a: Maushold\n|-start|p2a: Maushold|move: Taunt\n|\n|upkeep\n|turn|28\n|\n|t:|1698504142\n|move|p2a: Maushold|Population Bomb|p1a: Qwilfish\n|-damage|p1a: Qwilfish|0 fnt\n|faint|p1a: Qwilfish\n|-hitcount|p1: Qwilfish|1\n|\n|upkeep\n|\n|t:|1698504148\n|switch|p1a: Glalie|Glalie, F|100\/100\n|turn|29\n|\n|t:|1698504150\n|move|p1a: Glalie|Protect|p1a: Glalie\n|-singleturn|p1a: Glalie|Protect\n|move|p2a: Maushold|Population Bomb|p1a: Glalie\n|-activate|p1a: Glalie|move: Protect\n|\n|-ability|p1a: Glalie|Moody|boost\n|-boost|p1a: Glalie|spd|2\n|-unboost|p1a: Glalie|atk|1\n|upkeep\n|turn|30\n|\n|t:|1698504160\n|move|p2a: Maushold|Population Bomb|p1a: Glalie\n|-damage|p1a: Glalie|58\/100\n|-damage|p1a: Glalie|20\/100\n|-damage|p1a: Glalie|0 fnt\n|faint|p1a: Glalie\n|-hitcount|p1: Glalie|3\n|\n|-end|p2a: Maushold|move: Taunt\n|upkeep\n|\n|t:|1698504168\n|switch|p1a: Scovillain|Scovillain, F|100\/100\n|turn|31\n|c|\u2606menobionlystarted|gg\n|\n|t:|1698504171\n|move|p1a: Scovillain|Protect|p1a: Scovillain\n|-singleturn|p1a: Scovillain|Protect\n|move|p2a: Maushold|Population Bomb|p1a: Scovillain\n|-activate|p1a: Scovillain|move: Protect\n|\n|-ability|p1a: Scovillain|Moody|boost\n|-boost|p1a: Scovillain|def|2\n|-unboost|p1a: Scovillain|spd|1\n|upkeep\n|turn|32\n|\n|t:|1698504186\n|-terastallize|p1a: Scovillain|Grass\n|move|p2a: Maushold|Population Bomb|p1a: Scovillain\n|-damage|p1a: Scovillain|71\/100\n|-damage|p1a: Scovillain|42\/100\n|-damage|p1a: Scovillain|10\/100\n|-damage|p1a: Scovillain|0 fnt\n|faint|p1a: Scovillain\n|-hitcount|p1: Scovillain|4\n|\n|win|mousessssssss\n|raw|menobionlystarted's rating: 1051 &rarr; <strong>1032<\/strong><br \/>(-19 for losing)\n|raw|mousessssssss's rating: 1029 &rarr; <strong>1067<\/strong><br \/>(+38 for winning)\n|l|\u2606menobionlystarted\n","uploadtime":1698504220,"views":14,"p1id":"menobionlystarted","p2id":"mousessssssss","formatid":"gen9anythinggoes","rating":1032,"private":0,"password":""}