{"id":"gen9anythinggoes-1998769539","p1":"laprasplayer","p2":"B14z6","format":"[Gen 9] Anything Goes","log":"|j|\u2606laprasplayer\n|j|\u2606B14z6\n|inactive|Battle timer is ON: inactive players will automatically lose when time's up.\n|t:|1700987043\n|gametype|singles\n|player|p1|laprasplayer|waitress-gen4|\n|player|p2|B14z6|red|\n|teamsize|p1|6\n|teamsize|p2|6\n|gen|9\n|tier|[Gen 9] Anything Goes\n|rated|Tournament battle\n|rule|HP Percentage Mod: HP is shown in percentages\n|rule|Endless Battle Clause: Forcing endless battles is banned\n|clearpoke\n|poke|p1|Mandibuzz, F|\n|poke|p1|Gliscor, M|\n|poke|p1|Blissey, F|\n|poke|p1|Alomomola, F|\n|poke|p1|Clodsire, F|\n|poke|p1|Dondozo, F|\n|poke|p2|Calyrex-Shadow|\n|poke|p2|Arceus|\n|poke|p2|Zacian-*|\n|poke|p2|Ogerpon-Hearthflame, F|\n|poke|p2|Ursaluna-Bloodmoon, M|\n|poke|p2|Chien-Pao|\n|teampreview\n|j| sumitvs138\n|j| ghostistheman\n|\n|t:|1700987048\n|start\n|switch|p1a: Malevolent Shrine|Gliscor, M, shiny|100\/100\n|switch|p2a: Calyrex|Calyrex-Shadow|100\/100\n|-ability|p2a: Calyrex|As One\n|-ability|p2a: Calyrex|Unnerve\n|turn|1\n|\n|t:|1700987060\n|switch|p1a: Den of The Lost|Mandibuzz, F|100\/100\n|move|p2a: Calyrex|Astral Barrage|p1a: Den of The Lost\n|-resisted|p1a: Den of The Lost\n|-damage|p1a: Den of The Lost|72\/100\n|-damage|p2a: Calyrex|91\/100|[from] item: Life Orb\n|\n|upkeep\n|turn|2\n|j| AGLP 1\n|c|\u2606laprasplayer|i see ogerpon i cry\n|j| ZowwyCafe\u2764\n|\n|t:|1700987070\n|switch|p2a: Zacian|Zacian-Crowned|100\/100\n|-ability|p2a: Zacian|Intrepid Sword|boost\n|-boost|p2a: Zacian|atk|1\n|move|p1a: Den of The Lost|Roost|p1a: Den of The Lost\n|-heal|p1a: Den of The Lost|100\/100\n|-singleturn|p1a: Den of The Lost|move: Roost\n|\n|upkeep\n|turn|3\n|\n|t:|1700987080\n|switch|p1a: Malevolent Shrine|Gliscor, M, shiny|100\/100\n|move|p2a: Zacian|Play Rough|p1a: Malevolent Shrine|[miss]\n|-miss|p2a: Zacian|p1a: Malevolent Shrine\n|\n|-status|p1a: Malevolent Shrine|tox|[from] item: Toxic Orb\n|upkeep\n|turn|4\n|c| ZowwyCafe\u2764|ogerpon when hazards\n|\n|t:|1700987089\n|move|p2a: Zacian|Behemoth Blade|p1a: Malevolent Shrine\n|-damage|p1a: Malevolent Shrine|43\/100 tox\n|move|p1a: Malevolent Shrine|Spikes|p2a: Zacian\n|-sidestart|p2: B14z6|Spikes\n|\n|-heal|p1a: Malevolent Shrine|56\/100 tox|[from] ability: Poison Heal\n|upkeep\n|turn|5\n|\n|t:|1700987109\n|move|p1a: Malevolent Shrine|Protect|p1a: Malevolent Shrine\n|-singleturn|p1a: Malevolent Shrine|Protect\n|move|p2a: Zacian|Play Rough|p1a: Malevolent Shrine\n|-activate|p1a: Malevolent Shrine|move: Protect\n|\n|-heal|p1a: Malevolent Shrine|68\/100 tox|[from] ability: Poison Heal\n|upkeep\n|turn|6\n|\n|t:|1700987120\n|move|p2a: Zacian|Play Rough|p1a: Malevolent Shrine\n|-damage|p1a: Malevolent Shrine|16\/100 tox\n|move|p1a: Malevolent Shrine|Spikes|p2a: Zacian\n|-sidestart|p2: B14z6|Spikes\n|\n|-heal|p1a: Malevolent Shrine|29\/100 tox|[from] ability: Poison Heal\n|upkeep\n|turn|7\n|c| sumitvs138|Sword dance bro use sword dance\n|\n|t:|1700987131\n|switch|p2a: Arceus|Arceus|100\/100\n|-damage|p2a: Arceus|84\/100|[from] Spikes\n|move|p1a: Malevolent Shrine|Protect||[still]\n|-fail|p1a: Malevolent Shrine\n|\n|-heal|p1a: Malevolent Shrine|41\/100 tox|[from] ability: Poison Heal\n|upkeep\n|turn|8\n|\n|t:|1700987141\n|move|p2a: Arceus|Swords Dance|p2a: Arceus\n|-boost|p2a: Arceus|atk|2\n|move|p1a: Malevolent Shrine|Toxic|p2a: Arceus\n|-status|p2a: Arceus|tox\n|\n|-damage|p2a: Arceus|78\/100 tox|[from] psn\n|-heal|p1a: Malevolent Shrine|54\/100 tox|[from] ability: Poison Heal\n|upkeep\n|turn|9\n|c| ZowwyCafe\u2764|no point to sd since dozo is always there\n|\n|t:|1700987151\n|move|p1a: Malevolent Shrine|Protect|p1a: Malevolent Shrine\n|-singleturn|p1a: Malevolent Shrine|Protect\n|move|p2a: Arceus|Swords Dance|p2a: Arceus\n|-boost|p2a: Arceus|atk|2\n|\n|-damage|p2a: Arceus|66\/100 tox|[from] psn\n|-heal|p1a: Malevolent Shrine|66\/100 tox|[from] ability: Poison Heal\n|upkeep\n|turn|10\n|c| sumitvs138|Oh yeah\n|\n|t:|1700987160\n|switch|p1a: Only Chance|Dondozo, F|100\/100\n|move|p2a: Arceus|Extreme Speed|p1a: Only Chance\n|-damage|p1a: Only Chance|77\/100\n|-damage|p2a: Arceus|56\/100 tox|[from] item: Life Orb\n|\n|-damage|p2a: Arceus|38\/100 tox|[from] psn\n|upkeep\n|turn|11\n|j| ghostlyplanets\n|\n|t:|1700987174\n|move|p2a: Arceus|Extreme Speed|p1a: Only Chance\n|-damage|p1a: Only Chance|56\/100\n|-damage|p2a: Arceus|28\/100 tox|[from] item: Life Orb\n|move|p1a: Only Chance|Rest|p1a: Only Chance\n|-status|p1a: Only Chance|slp|[from] move: Rest\n|-heal|p1a: Only Chance|100\/100 slp|[silent]\n|\n|-damage|p2a: Arceus|4\/100 tox|[from] psn\n|upkeep\n|turn|12\n|\n|t:|1700987186\n|move|p2a: Arceus|Extreme Speed|p1a: Only Chance\n|-damage|p1a: Only Chance|78\/100 slp\n|-damage|p2a: Arceus|0 fnt|[from] item: Life Orb\n|faint|p2a: Arceus\n|cant|p1a: Only Chance|slp\n|move|p1a: Only Chance|Sleep Talk|p1a: Only Chance\n|move|p1a: Only Chance|Waterfall|p2: Arceus|[from]move: Sleep Talk|[notarget]\n|-fail|p1a: Only Chance\n|\n|upkeep\n|\n|t:|1700987204\n|switch|p2a: Ogerpon|Ogerpon-Hearthflame, F|100\/100\n|-damage|p2a: Ogerpon|84\/100|[from] Spikes\n|-ability|p2a: Ogerpon|Mold Breaker\n|turn|13\n|\n|t:|1700987210\n|move|p2a: Ogerpon|Swords Dance|p2a: Ogerpon\n|-boost|p2a: Ogerpon|atk|2\n|cant|p1a: Only Chance|slp\n|move|p1a: Only Chance|Sleep Talk|p1a: Only Chance\n|move|p1a: Only Chance|Fissure|p2a: Ogerpon|[from]move: Sleep Talk|[miss]\n|-miss|p1a: Only Chance|p2a: Ogerpon\n|\n|upkeep\n|turn|14\n|c|\u2606laprasplayer|well\n|c|\u2606laprasplayer|thats not good\n|\n|t:|1700987221\n|move|p2a: Ogerpon|Horn Leech|p1a: Only Chance\n|-supereffective|p1a: Only Chance\n|-damage|p1a: Only Chance|2\/100 slp\n|-heal|p2a: Ogerpon|100\/100|[from] drain|[of] p1a: Only Chance\n|-curestatus|p1a: Only Chance|slp|[msg]\n|move|p1a: Only Chance|Waterfall|p2a: Ogerpon\n|-damage|p2a: Ogerpon|65\/100\n|\n|upkeep\n|turn|15\n|j|+Primordiallite\n|\n|t:|1700987239\n|move|p2a: Ogerpon|Ivy Cudgel|p1a: Only Chance|[anim] Ivy Cudgel Fire\n|-resisted|p1a: Only Chance\n|-damage|p1a: Only Chance|0 fnt\n|faint|p1a: Only Chance\n|\n|upkeep\n|\n|t:|1700987243\n|switch|p1a: Den of The Lost|Mandibuzz, F|100\/100\n|turn|16\n|c| sumitvs138|Guess bro can win\n|c| ZowwyCafe\u2764|hey ragib\n|\n|t:|1700987250\n|-terastallize|p2a: Ogerpon|Fire\n|detailschange|p2a: Ogerpon|Ogerpon-Hearthflame-Tera, F, tera:Fire\n|-ability|p2a: Ogerpon|Embody Aspect (Hearthflame)|boost\n|-boost|p2a: Ogerpon|atk|1\n|move|p2a: Ogerpon|Ivy Cudgel|p1a: Den of The Lost|[anim] Ivy Cudgel Fire\n|-damage|p1a: Den of The Lost|0 fnt\n|faint|p1a: Den of The Lost\n|\n|upkeep\n|c|\u2606laprasplayer|This\n|c|\u2606laprasplayer|is unwinnable\n|c|+Primordiallite|Hello cafe\n|-message|laprasplayer forfeited.\n|\n|win|B14z6\n|n|\u2606laprasplayer|laprasplayer\n|n|\u2606B14z6|b14z6\n|n| sumitvs138|sumitvs138\n|n| ghostistheman|ghostistheman\n|n| AGLP 1|aglp1\n|n| ZowwyCafe\u2764|zowwycafe\n|n| ghostlyplanets|ghostlyplanets\n|n| Primordiallite|primordiallite\n","uploadtime":1700987268,"views":4,"p1id":"laprasplayer","p2id":"b14z6","formatid":"gen9anythinggoes","rating":0,"private":0,"password":""}