{"id":"gen9anythinggoes-1995690437","p1":"188rret8","p2":"idkjustletmeplay12","format":"[Gen 9] Anything Goes","log":"|j|\u2606188rret8\n|j|\u2606idkjustletmeplay12\n|t:|1700594258\n|gametype|singles\n|player|p1|188rret8|byron|1290\n|player|p2|idkjustletmeplay12|steven|1360\n|teamsize|p1|6\n|teamsize|p2|6\n|gen|9\n|tier|[Gen 9] Anything Goes\n|rated|\n|rule|HP Percentage Mod: HP is shown in percentages\n|rule|Endless Battle Clause: Forcing endless battles is banned\n|clearpoke\n|poke|p1|Calyrex-Shadow|\n|poke|p1|Kingambit, M|\n|poke|p1|Zacian-*|\n|poke|p1|Palafin, M|\n|poke|p1|Rayquaza|\n|poke|p1|Camerupt, M|\n|poke|p2|Koraidon|\n|poke|p2|Greninja-*, F|\n|poke|p2|Espathra, M|\n|poke|p2|Volcarona, F|\n|poke|p2|Torterra, M|\n|poke|p2|Forretress, F|\n|teampreview\n|inactive|Battle timer is ON: inactive players will automatically lose when time's up. (requested by idkjustletmeplay12)\n|\n|t:|1700594268\n|start\n|switch|p1a: Camerupt|Camerupt, M|100\/100\n|switch|p2a: Forretress|Forretress, F|100\/100\n|turn|1\n|\n|t:|1700594275\n|-terastallize|p1a: Camerupt|Fire\n|move|p2a: Forretress|Toxic Spikes|p1a: Camerupt\n|-sidestart|p1: 188rret8|move: Toxic Spikes\n|move|p1a: Camerupt|Eruption|p2a: Forretress\n|-supereffective|p2a: Forretress\n|-ability|p2a: Forretress|Sturdy\n|-damage|p2a: Forretress|1\/100\n|-enditem|p2a: Forretress|Red Card|[of] p1a: Camerupt\n|drag|p1a: Zacian|Zacian-Crowned|100\/100\n|-ability|p1a: Zacian|Intrepid Sword|boost\n|-boost|p1a: Zacian|atk|1\n|\n|upkeep\n|turn|2\n|\n|t:|1700594285\n|move|p1a: Zacian|Behemoth Blade|p2a: Forretress\n|-resisted|p2a: Forretress\n|-damage|p2a: Forretress|0 fnt\n|faint|p2a: Forretress\n|\n|upkeep\n|\n|t:|1700594290\n|switch|p2a: Volcarona|Volcarona, F|100\/100\n|turn|3\n|\n|t:|1700594301\n|switch|p1a: Palafin|Palafin, M|100\/100\n|-status|p1a: Palafin|psn\n|move|p2a: Volcarona|Fiery Dance|p1a: Palafin\n|-resisted|p1a: Palafin\n|-damage|p1a: Palafin|62\/100 psn\n|-boost|p2a: Volcarona|spa|1\n|\n|-heal|p1a: Palafin|68\/100 psn|[from] item: Leftovers\n|-damage|p1a: Palafin|56\/100 psn|[from] psn\n|upkeep\n|turn|4\n|\n|t:|1700594312\n|-terastallize|p2a: Volcarona|Dragon\n|move|p1a: Palafin|Liquidation|p2a: Volcarona\n|-resisted|p2a: Volcarona\n|-damage|p2a: Volcarona|79\/100\n|move|p2a: Volcarona|Quiver Dance|p2a: Volcarona\n|-boost|p2a: Volcarona|spa|1\n|-boost|p2a: Volcarona|spd|1\n|-boost|p2a: Volcarona|spe|1\n|\n|-heal|p1a: Palafin|62\/100 psn|[from] item: Leftovers\n|-damage|p1a: Palafin|50\/100 psn|[from] psn\n|upkeep\n|turn|5\n|\n|t:|1700594333\n|move|p2a: Volcarona|Giga Drain|p1a: Palafin\n|-supereffective|p1a: Palafin\n|-crit|p1a: Palafin\n|-damage|p1a: Palafin|0 fnt\n|-heal|p2a: Volcarona|100\/100|[from] drain|[of] p1a: Palafin\n|faint|p1a: Palafin\n|\n|upkeep\n|inactive|188rret8 has 120 seconds left.\n|\n|t:|1700594355\n|switch|p1a: Rayquaza|Rayquaza|100\/100\n|-ability|p1a: Rayquaza|Air Lock\n|turn|6\n|inactive|188rret8 has 120 seconds left.\n|\n|t:|1700594367\n|move|p2a: Volcarona|Fiery Dance|p1a: Rayquaza\n|-resisted|p1a: Rayquaza\n|-damage|p1a: Rayquaza|50\/100\n|move|p1a: Rayquaza|Dragon Ascent|p2a: Volcarona\n|-enditem|p2a: Volcarona|Focus Sash\n|-damage|p2a: Volcarona|1\/100\n|-unboost|p1a: Rayquaza|def|1\n|-unboost|p1a: Rayquaza|spd|1\n|\n|upkeep\n|turn|7\n|inactive|188rret8 has 120 seconds left.\n|\n|t:|1700594384\n|move|p2a: Volcarona|Fiery Dance|p1a: Rayquaza\n|-resisted|p1a: Rayquaza\n|-damage|p1a: Rayquaza|0 fnt\n|faint|p1a: Rayquaza\n|\n|upkeep\n|\n|t:|1700594390\n|switch|p1a: Calyrex|Calyrex-Shadow|100\/100\n|-ability|p1a: Calyrex|As One\n|-ability|p1a: Calyrex|Unnerve\n|-status|p1a: Calyrex|psn\n|turn|8\n|inactive|188rret8 has 120 seconds left.\n|\n|t:|1700594411\n|move|p2a: Volcarona|Bug Buzz|p1a: Calyrex\n|-damage|p1a: Calyrex|17\/100 psn\n|move|p1a: Calyrex|Astral Barrage|p2a: Volcarona\n|-damage|p2a: Volcarona|0 fnt\n|faint|p2a: Volcarona\n|-ability|p1a: Calyrex|Grim Neigh|boost\n|-boost|p1a: Calyrex|spa|1\n|\n|-heal|p1a: Calyrex|23\/100 psn|[from] item: Leftovers\n|-damage|p1a: Calyrex|10\/100 psn|[from] psn\n|upkeep\n|inactive|idkjustletmeplay12 has 120 seconds left.\n|\n|t:|1700594427\n|switch|p2a: Greninja|Greninja, F, shiny|100\/100\n|turn|9\n|inactive|188rret8 has 120 seconds left.\n|inactive|188rret8 has 90 seconds left.\n|\n|t:|1700594476\n|switch|p1a: Zacian|Zacian-Crowned|100\/100\n|move|p2a: Greninja|Shadow Sneak|p1a: Zacian\n|-start|p2a: Greninja|typechange|Ghost|[from] ability: Protean\n|-damage|p1a: Zacian|86\/100\n|-damage|p2a: Greninja|91\/100|[from] item: Life Orb\n|\n|upkeep\n|turn|10\n|\n|t:|1700594486\n|switch|p2a: Espathra|Espathra, M|100\/100\n|move|p1a: Zacian|Behemoth Blade|p2a: Espathra\n|-damage|p2a: Espathra|38\/100\n|\n|-heal|p2a: Espathra|44\/100|[from] item: Leftovers\n|upkeep\n|turn|11\n|\n|t:|1700594499\n|move|p1a: Zacian|Behemoth Blade|p2a: Espathra\n|-damage|p2a: Espathra|0 fnt\n|faint|p2a: Espathra\n|\n|upkeep\n|\n|t:|1700594502\n|switch|p2a: Koraidon|Koraidon|100\/100\n|-weather|SunnyDay|[from] ability: Orichalcum Pulse|[of] p2a: Koraidon\n|-activate|p2a: Koraidon|Orichalcum Pulse|[source]\n|turn|12\n|\n|t:|1700594511\n|move|p1a: Zacian|Play Rough|p2a: Koraidon\n|-supereffective|p2a: Koraidon\n|-crit|p2a: Koraidon\n|-damage|p2a: Koraidon|0 fnt\n|faint|p2a: Koraidon\n|\n|-weather|SunnyDay|[upkeep]\n|upkeep\n|\n|t:|1700594518\n|switch|p2a: Torterra|Torterra, M|100\/100\n|turn|13\n|inactive|188rret8 has 90 seconds left.\n|\n|t:|1700594549\n|move|p1a: Zacian|Behemoth Blade|p2a: Torterra\n|-damage|p2a: Torterra|48\/100\n|move|p2a: Torterra|Shell Smash|p2a: Torterra\n|-unboost|p2a: Torterra|def|1\n|-unboost|p2a: Torterra|spd|1\n|-boost|p2a: Torterra|atk|2\n|-boost|p2a: Torterra|spa|2\n|-boost|p2a: Torterra|spe|2\n|\n|-weather|SunnyDay|[upkeep]\n|upkeep\n|turn|14\n|\n|t:|1700594558\n|move|p1a: Zacian|Behemoth Blade|p2a: Torterra\n|-damage|p2a: Torterra|0 fnt\n|faint|p2a: Torterra\n|\n|-weather|SunnyDay|[upkeep]\n|upkeep\n|-message|idkjustletmeplay12 forfeited.\n|\n|win|188rret8\n|raw|188rret8's rating: 1290 &rarr; <strong>1320<\/strong><br \/>(+30 for winning)\n|raw|idkjustletmeplay12's rating: 1360 &rarr; <strong>1336<\/strong><br \/>(-24 for losing)\n|l|\u2606idkjustletmeplay12\n","uploadtime":1700594742,"views":1,"p1id":"188rret8","p2id":"idkjustletmeplay12","formatid":"gen9anythinggoes","rating":1320,"private":0,"password":""}