{"id":"gen9anythinggoes-1984142142","p1":"0-9p8p9p7","p2":"WorldPeaceMadam","format":"[Gen 9] Anything Goes","log":"|j|\u26060-9p8p9p7\n|j|\u2606WorldPeaceMadam\n|t:|1699223070\n|gametype|singles\n|player|p1|0-9p8p9p7|1|1000\n|player|p2|WorldPeaceMadam|battlegirl|1077\n|teamsize|p1|6\n|teamsize|p2|6\n|gen|9\n|tier|[Gen 9] Anything Goes\n|rated|\n|rule|HP Percentage Mod: HP is shown in percentages\n|rule|Endless Battle Clause: Forcing endless battles is banned\n|clearpoke\n|poke|p1|Azurill, F|\n|poke|p1|Snom, F|\n|poke|p1|Kirlia, F|\n|poke|p1|Noctowl, F|\n|poke|p1|Vulpix, F|\n|poke|p1|Leavanny, F|\n|poke|p2|Meowscarada, F|\n|poke|p2|Cinderace, F|\n|poke|p2|Rillaboom, M|\n|poke|p2|Skeledirge, M|\n|poke|p2|Inteleon, F|\n|poke|p2|Quaquaval, F|\n|teampreview\n|inactive|Battle timer is ON: inactive players will automatically lose when time's up. (requested by WorldPeaceMadam)\n|j| rekloz\n|\n|t:|1699223077\n|start\n|switch|p1a: Vulpix|Vulpix, F|100\/100\n|switch|p2a: Meowscarada|Meowscarada, F|100\/100\n|-weather|SunnyDay|[from] ability: Drought|[of] p1a: Vulpix\n|turn|1\n|\n|t:|1699223087\n|switch|p2a: Cinderace|Cinderace, F|100\/100\n|move|p1a: Vulpix|Weather Ball|p2a: Cinderace\n|-resisted|p2a: Cinderace\n|-damage|p2a: Cinderace|68\/100\n|\n|-weather|SunnyDay|[upkeep]\n|upkeep\n|turn|2\n|\n|t:|1699223094\n|move|p2a: Cinderace|High Jump Kick|p1a: Vulpix\n|-start|p2a: Cinderace|typechange|Fighting|[from] ability: Libero\n|-enditem|p1a: Vulpix|Focus Sash\n|-damage|p1a: Vulpix|1\/100\n|move|p1a: Vulpix|Dark Pulse|p2a: Cinderace\n|-resisted|p2a: Cinderace\n|-damage|p2a: Cinderace|55\/100\n|\n|-weather|SunnyDay|[upkeep]\n|upkeep\n|turn|3\n|\n|t:|1699223104\n|move|p2a: Cinderace|High Jump Kick|p1a: Vulpix\n|-damage|p1a: Vulpix|0 fnt\n|faint|p1a: Vulpix\n|\n|-weather|SunnyDay|[upkeep]\n|upkeep\n|\n|t:|1699223107\n|switch|p1a: Leavanny|Leavanny, F|100\/100\n|turn|4\n|\n|t:|1699223111\n|switch|p2a: Skeledirge|Skeledirge, M|100\/100\n|move|p1a: Leavanny|Sticky Web|p2a: Skeledirge\n|-sidestart|p2: WorldPeaceMadam|move: Sticky Web\n|\n|-weather|SunnyDay|[upkeep]\n|upkeep\n|turn|5\n|\n|t:|1699223117\n|move|p1a: Leavanny|Knock Off|p2a: Skeledirge\n|-supereffective|p2a: Skeledirge\n|-damage|p2a: Skeledirge|62\/100\n|-enditem|p2a: Skeledirge|Leftovers|[from] move: Knock Off|[of] p1a: Leavanny\n|move|p2a: Skeledirge|Substitute|p2a: Skeledirge\n|-start|p2a: Skeledirge|Substitute\n|-damage|p2a: Skeledirge|37\/100\n|\n|-weather|none\n|upkeep\n|turn|6\n|\n|t:|1699223123\n|move|p1a: Leavanny|Knock Off|p2a: Skeledirge\n|-supereffective|p2a: Skeledirge\n|-end|p2a: Skeledirge|Substitute\n|move|p2a: Skeledirge|Torch Song|p1a: Leavanny\n|-supereffective|p1a: Leavanny\n|-enditem|p1a: Leavanny|Focus Sash\n|-damage|p1a: Leavanny|1\/100\n|-boost|p2a: Skeledirge|spa|1\n|\n|upkeep\n|turn|7\n|\n|t:|1699223129\n|move|p1a: Leavanny|Knock Off|p2a: Skeledirge\n|-supereffective|p2a: Skeledirge\n|-damage|p2a: Skeledirge|9\/100\n|move|p2a: Skeledirge|Slack Off|p2a: Skeledirge\n|-heal|p2a: Skeledirge|59\/100\n|\n|upkeep\n|turn|8\n|\n|t:|1699223139\n|move|p1a: Leavanny|Shadow Claw|p2a: Skeledirge\n|-supereffective|p2a: Skeledirge\n|-damage|p2a: Skeledirge|30\/100\n|move|p2a: Skeledirge|Slack Off|p2a: Skeledirge\n|-heal|p2a: Skeledirge|81\/100\n|\n|upkeep\n|turn|9\n|\n|t:|1699223145\n|move|p1a: Leavanny|Shadow Claw|p2a: Skeledirge\n|-supereffective|p2a: Skeledirge\n|-damage|p2a: Skeledirge|53\/100\n|move|p2a: Skeledirge|Torch Song|p1a: Leavanny\n|-supereffective|p1a: Leavanny\n|-damage|p1a: Leavanny|0 fnt\n|-boost|p2a: Skeledirge|spa|1\n|faint|p1a: Leavanny\n|\n|upkeep\n|\n|t:|1699223149\n|switch|p1a: big birb|Noctowl, F, shiny|100\/100\n|turn|10\n|\n|t:|1699223154\n|move|p1a: big birb|Hypnosis|p2a: Skeledirge\n|-status|p2a: Skeledirge|slp|[from] move: Hypnosis\n|cant|p2a: Skeledirge|slp\n|\n|upkeep\n|turn|11\n|\n|t:|1699223164\n|move|p1a: big birb|Tailwind|p1a: big birb\n|-sidestart|p1: 0-9p8p9p7|move: Tailwind\n|cant|p2a: Skeledirge|slp\n|\n|upkeep\n|turn|12\n|\n|t:|1699223172\n|move|p1a: big birb|Hurricane|p2a: Skeledirge\n|-crit|p2a: Skeledirge\n|-damage|p2a: Skeledirge|0 fnt\n|faint|p2a: Skeledirge\n|-damage|p1a: big birb|91\/100|[from] item: Life Orb\n|\n|upkeep\n|\n|t:|1699223177\n|switch|p2a: Quaquaval|Quaquaval, F|100\/100\n|turn|13\n|\n|t:|1699223184\n|move|p1a: big birb|Hurricane|p2a: Quaquaval\n|-supereffective|p2a: Quaquaval\n|-damage|p2a: Quaquaval|0 fnt\n|faint|p2a: Quaquaval\n|-damage|p1a: big birb|81\/100|[from] item: Life Orb\n|\n|upkeep\n|-message|WorldPeaceMadam forfeited.\n|\n|win|0-9p8p9p7\n|raw|0-9p8p9p7's rating: 1000 &rarr; <strong>1049<\/strong><br \/>(+49 for winning)\n|raw|WorldPeaceMadam's rating: 1077 &rarr; <strong>1051<\/strong><br \/>(-26 for losing)\n|l|\u2606WorldPeaceMadam\n","uploadtime":1699223191,"views":4,"p1id":"09p8p9p7","p2id":"worldpeacemadam","formatid":"gen9anythinggoes","rating":1049,"private":0,"password":""}