{"id":"gen9anythinggoes-1980370294","p1":"Roggi","p2":"KingLordNiklas","format":"[Gen 9] Anything Goes","log":"|j|\u2606Roggi\n|j|\u2606KingLordNiklas\n|t:|1698779059\n|gametype|singles\n|player|p1|Roggi|roughneck-gen4|\n|player|p2|KingLordNiklas|lucas|\n|teamsize|p1|6\n|teamsize|p2|6\n|gen|9\n|tier|[Gen 9] Anything Goes\n|rule|HP Percentage Mod: HP is shown in percentages\n|rule|Endless Battle Clause: Forcing endless battles is banned\n|clearpoke\n|poke|p1|Pelipper, M|\n|poke|p1|Gengar, F|\n|poke|p1|Goodra, M|\n|poke|p1|Manaphy|\n|poke|p1|Forretress, M|\n|poke|p1|Azumarill, F|\n|poke|p2|Slowking-Galar, M|\n|poke|p2|Empoleon, M|\n|poke|p2|Iron Hands|\n|poke|p2|Tsareena, F|\n|poke|p2|Gardevoir, M|\n|poke|p2|Froslass, F|\n|teampreview\n|c|\u2606KingLordNiklas|gl hf\n|c|\u2606Roggi|u2\n|\n|t:|1698779139\n|start\n|switch|p1a: Manaphy|Manaphy|100\/100\n|switch|p2a: Empoleon|Empoleon, M, shiny|100\/100\n|turn|1\n|\n|t:|1698779152\n|move|p1a: Manaphy|Tail Glow|p1a: Manaphy\n|-boost|p1a: Manaphy|spa|3\n|move|p2a: Empoleon|Knock Off|p1a: Manaphy\n|-crit|p1a: Manaphy\n|-damage|p1a: Manaphy|72\/100\n|-enditem|p1a: Manaphy|Covert Cloak|[from] move: Knock Off|[of] p2a: Empoleon\n|\n|upkeep\n|turn|2\n|j| Roy SPL\n|\n|t:|1698779169\n|move|p1a: Manaphy|Scald|p2a: Empoleon\n|-resisted|p2a: Empoleon\n|-damage|p2a: Empoleon|70\/100\n|move|p2a: Empoleon|Haze|p2a: Empoleon\n|-clearallboost\n|\n|-heal|p2a: Empoleon|76\/100|[from] item: Leftovers\n|upkeep\n|turn|3\n|c| Roy SPL|kein skorgro, spieltag vorbei :(\n|\n|t:|1698779211\n|move|p1a: Manaphy|Scald|p2a: Empoleon\n|-resisted|p2a: Empoleon\n|-damage|p2a: Empoleon|64\/100\n|move|p2a: Empoleon|Flip Turn|p1a: Manaphy\n|-resisted|p1a: Manaphy\n|-damage|p1a: Manaphy|63\/100\n|\n|t:|1698779237\n|switch|p2a: Gardevoir|Gardevoir, M, shiny|100\/100|[from] Flip Turn\n|-ability|p2a: Gardevoir|Hydration|[from] ability: Trace|[of] p1a: Manaphy\n|\n|upkeep\n|turn|4\n|j| Frxnklyn\n|\n|t:|1698779350\n|move|p2a: Gardevoir|Moonblast|p1a: Manaphy\n|-damage|p1a: Manaphy|14\/100\n|move|p1a: Manaphy|Scald|p2a: Gardevoir\n|-damage|p2a: Gardevoir|65\/100\n|\n|upkeep\n|turn|5\n|j| Lucario0000\n|l| Frxnklyn\n|j| Frxnklyn\n|\n|t:|1698779395\n|switch|p1a: Forretress|Forretress, M|100\/100\n|move|p2a: Gardevoir|Moonblast|p1a: Forretress\n|-resisted|p1a: Forretress\n|-damage|p1a: Forretress|74\/100\n|-unboost|p1a: Forretress|spa|1\n|\n|upkeep\n|turn|6\n|j| puffelmaedchen\n|\n|t:|1698779441\n|switch|p2a: Iron Hands|Iron Hands|100\/100\n|move|p1a: Forretress|Spikes|p2a: Iron Hands\n|-sidestart|p2: KingLordNiklas|Spikes\n|\n|upkeep\n|turn|7\n|\n|t:|1698779472\n|switch|p1a: Gengar|Gengar, F|100\/100\n|move|p2a: Iron Hands|Substitute|p2a: Iron Hands\n|-start|p2a: Iron Hands|Substitute\n|-damage|p2a: Iron Hands|76\/100\n|\n|-heal|p2a: Iron Hands|82\/100|[from] item: Leftovers\n|upkeep\n|turn|8\n|\n|t:|1698779486\n|move|p1a: Gengar|Shadow Ball|p2a: Iron Hands\n|-end|p2a: Iron Hands|Substitute\n|move|p2a: Iron Hands|Wild Charge|p1a: Gengar\n|-damage|p1a: Gengar|32\/100\n|-start|p2a: Iron Hands|Disable|Wild Charge|[from] ability: Cursed Body|[of] p1a: Gengar\n|-damage|p2a: Iron Hands|70\/100|[from] Recoil\n|\n|-heal|p1a: Gengar|38\/100|[from] item: Black Sludge\n|-heal|p2a: Iron Hands|77\/100|[from] item: Leftovers\n|upkeep\n|turn|9\n|l| Frxnklyn\n|j| HardyLP90\n|\n|t:|1698779634\n|-end|p2a: Iron Hands|Quark Drive|[silent]\n|switch|p2a: Empoleon|Empoleon, M, shiny|64\/100\n|-damage|p2a: Empoleon|51\/100|[from] Spikes\n|move|p1a: Gengar|Shadow Ball|p2a: Empoleon\n|-damage|p2a: Empoleon|30\/100\n|\n|-heal|p1a: Gengar|44\/100|[from] item: Black Sludge\n|-heal|p2a: Empoleon|36\/100|[from] item: Leftovers\n|upkeep\n|turn|10\n|l| HardyLP90\n|j| Frxnklyn\n|\n|t:|1698779680\n|switch|p2a: Slowking|Slowking-Galar, M, shiny|100\/100\n|-damage|p2a: Slowking|88\/100|[from] Spikes\n|move|p1a: Gengar|Focus Blast|p2a: Slowking\n|-resisted|p2a: Slowking\n|-damage|p2a: Slowking|83\/100\n|\n|-heal|p1a: Gengar|51\/100|[from] item: Black Sludge\n|upkeep\n|turn|11\n|\n|t:|1698779747\n|switch|p1a: Goodra|Goodra, M|100\/100\n|move|p2a: Slowking|Psychic|p1a: Goodra\n|-damage|p1a: Goodra|79\/100\n|\n|upkeep\n|turn|12\n|\n|t:|1698779785\n|move|p1a: Goodra|Earthquake|p2a: Slowking\n|-supereffective|p2a: Slowking\n|-damage|p2a: Slowking|35\/100\n|move|p2a: Slowking|Chilly Reception|p2a: Slowking\n|-weather|Snow\n|\n|t:|1698779817\n|switch|p2a: Tsareena|Tsareena, F|100\/100|[from] Chilly Reception\n|\n|-weather|Snow|[upkeep]\n|upkeep\n|turn|13\n|\n|t:|1698779886\n|move|p2a: Tsareena|U-turn|p1a: Goodra\n|-damage|p1a: Goodra|50\/100\n|\n|t:|1698779895\n|switch|p2a: Slowking|Slowking-Galar, M, shiny|68\/100|[from] U-turn\n|-damage|p2a: Slowking|55\/100|[from] Spikes\n|move|p1a: Goodra|Sludge Bomb|p2a: Slowking\n|-resisted|p2a: Slowking\n|-damage|p2a: Slowking|48\/100\n|\n|-weather|Snow|[upkeep]\n|upkeep\n|turn|14\n|\n|t:|1698779947\n|switch|p2a: Tsareena|Tsareena, F|100\/100\n|move|p1a: Goodra|Draco Meteor|p2a: Tsareena\n|-damage|p2a: Tsareena|29\/100\n|-unboost|p1a: Goodra|spa|2\n|\n|-weather|Snow|[upkeep]\n|upkeep\n|turn|15\n|\n|t:|1698780030\n|switch|p1a: Gengar|Gengar, F|51\/100\n|move|p2a: Tsareena|Play Rough|p1a: Gengar\n|-resisted|p1a: Gengar\n|-damage|p1a: Gengar|33\/100\n|\n|-weather|Snow|[upkeep]\n|-heal|p1a: Gengar|39\/100|[from] item: Black Sludge\n|upkeep\n|turn|16\n|\n|t:|1698780126\n|move|p1a: Gengar|Shadow Ball|p2a: Tsareena\n|-damage|p2a: Tsareena|0 fnt\n|faint|p2a: Tsareena\n|\n|-weather|none\n|-heal|p1a: Gengar|45\/100|[from] item: Black Sludge\n|upkeep\n|\n|t:|1698780176\n|switch|p2a: Froslass|Froslass, F, shiny|100\/100\n|-damage|p2a: Froslass|88\/100|[from] Spikes\n|turn|17\n|\n|t:|1698780207\n|move|p2a: Froslass|Shadow Ball|p1a: Gengar\n|-supereffective|p1a: Gengar\n|-damage|p1a: Gengar|0 fnt\n|-start|p2a: Froslass|Disable|Shadow Ball|[from] ability: Cursed Body|[of] p1a: Gengar\n|faint|p1a: Gengar\n|\n|upkeep\n|\n|t:|1698780233\n|switch|p1a: Pelipper|Pelipper, M|100\/100\n|-weather|RainDance|[from] ability: Drizzle|[of] p1a: Pelipper\n|turn|18\n|\n|t:|1698780313\n|move|p2a: Froslass|Destiny Bond|p2a: Froslass\n|-singlemove|p2a: Froslass|Destiny Bond\n|move|p1a: Pelipper|Surf|p2a: Froslass\n|-damage|p2a: Froslass|14\/100\n|\n|-weather|RainDance|[upkeep]\n|upkeep\n|turn|19\n|\n|t:|1698780359\n|move|p2a: Froslass|Spikes|p1a: Pelipper\n|-sidestart|p1: Roggi|Spikes\n|move|p1a: Pelipper|Knock Off|p2a: Froslass\n|-supereffective|p2a: Froslass\n|-damage|p2a: Froslass|0 fnt\n|-enditem|p2a: Froslass|Focus Sash|[from] move: Knock Off|[of] p1a: Pelipper\n|faint|p2a: Froslass\n|\n|-weather|RainDance|[upkeep]\n|upkeep\n|\n|t:|1698780421\n|switch|p2a: Empoleon|Empoleon, M, shiny|36\/100\n|-damage|p2a: Empoleon|24\/100|[from] Spikes\n|turn|20\n|\n|t:|1698780442\n|move|p1a: Pelipper|U-turn|p2a: Empoleon\n|-resisted|p2a: Empoleon\n|-damage|p2a: Empoleon|20\/100\n|\n|t:|1698780469\n|switch|p1a: Manaphy|Manaphy|14\/100|[from] U-turn\n|-damage|p1a: Manaphy|2\/100|[from] Spikes\n|move|p2a: Empoleon|Roost|p2a: Empoleon\n|-heal|p2a: Empoleon|70\/100\n|-singleturn|p2a: Empoleon|move: Roost\n|\n|-weather|RainDance|[upkeep]\n|-heal|p2a: Empoleon|76\/100|[from] item: Leftovers\n|upkeep\n|turn|21\n|\n|t:|1698780485\n|move|p1a: Manaphy|Rest|p1a: Manaphy\n|-status|p1a: Manaphy|slp|[from] move: Rest\n|-heal|p1a: Manaphy|100\/100 slp|[silent]\n|move|p2a: Empoleon|Knock Off|p1a: Manaphy\n|-damage|p1a: Manaphy|87\/100 slp\n|\n|-weather|RainDance|[upkeep]\n|-activate|p1a: Manaphy|ability: Hydration\n|-curestatus|p1a: Manaphy|slp|[msg]\n|-heal|p2a: Empoleon|82\/100|[from] item: Leftovers\n|upkeep\n|turn|22\n|\n|t:|1698780494\n|move|p1a: Manaphy|Tail Glow|p1a: Manaphy\n|-boost|p1a: Manaphy|spa|3\n|move|p2a: Empoleon|Knock Off|p1a: Manaphy\n|-damage|p1a: Manaphy|74\/100\n|\n|-weather|RainDance|[upkeep]\n|-heal|p2a: Empoleon|89\/100|[from] item: Leftovers\n|upkeep\n|turn|23\n|\n|t:|1698780497\n|move|p1a: Manaphy|Scald|p2a: Empoleon\n|-resisted|p2a: Empoleon\n|-damage|p2a: Empoleon|41\/100\n|move|p2a: Empoleon|Haze|p2a: Empoleon\n|-clearallboost\n|\n|-weather|RainDance|[upkeep]\n|-heal|p2a: Empoleon|48\/100|[from] item: Leftovers\n|upkeep\n|turn|24\n|\n|t:|1698780501\n|move|p1a: Manaphy|Tail Glow|p1a: Manaphy\n|-boost|p1a: Manaphy|spa|3\n|move|p2a: Empoleon|Roost|p2a: Empoleon\n|-heal|p2a: Empoleon|98\/100\n|-singleturn|p2a: Empoleon|move: Roost\n|\n|-weather|RainDance|[upkeep]\n|-heal|p2a: Empoleon|100\/100|[from] item: Leftovers\n|upkeep\n|turn|25\n|\n|t:|1698780505\n|move|p1a: Manaphy|Scald|p2a: Empoleon\n|-resisted|p2a: Empoleon\n|-damage|p2a: Empoleon|60\/100\n|-status|p2a: Empoleon|brn\n|move|p2a: Empoleon|Haze|p2a: Empoleon\n|-clearallboost\n|\n|-weather|none\n|-heal|p2a: Empoleon|66\/100 brn|[from] item: Leftovers\n|-damage|p2a: Empoleon|60\/100 brn|[from] brn\n|upkeep\n|turn|26\n|\n|t:|1698780546\n|switch|p1a: Pelipper|Pelipper, M|100\/100\n|-weather|RainDance|[from] ability: Drizzle|[of] p1a: Pelipper\n|move|p2a: Empoleon|Flip Turn|p1a: Pelipper\n|-resisted|p1a: Pelipper\n|-damage|p1a: Pelipper|94\/100\n|\n|t:|1698780565\n|switch|p2a: Slowking|Slowking-Galar, M, shiny|81\/100|[from] Flip Turn\n|-damage|p2a: Slowking|69\/100|[from] Spikes\n|\n|-weather|RainDance|[upkeep]\n|upkeep\n|turn|27\n|\n|t:|1698780617\n|move|p1a: Pelipper|U-turn|p2a: Slowking\n|-damage|p2a: Slowking|60\/100\n|\n|t:|1698780671\n|switch|p1a: Manaphy|Manaphy|74\/100|[from] U-turn\n|-damage|p1a: Manaphy|61\/100|[from] Spikes\n|move|p2a: Slowking|Chilly Reception|p2a: Slowking\n|-weather|Snow\n|\n|t:|1698780690\n|switch|p2a: Gardevoir|Gardevoir, M, shiny|65\/100|[from] Chilly Reception\n|-damage|p2a: Gardevoir|53\/100|[from] Spikes\n|-ability|p2a: Gardevoir|Hydration|[from] ability: Trace|[of] p1a: Manaphy\n|\n|-weather|Snow|[upkeep]\n|upkeep\n|turn|28\n|\n|t:|1698780752\n|move|p2a: Gardevoir|Energy Ball|p1a: Manaphy\n|-supereffective|p1a: Manaphy\n|-damage|p1a: Manaphy|0 fnt\n|faint|p1a: Manaphy\n|\n|-weather|Snow|[upkeep]\n|upkeep\n|\n|t:|1698780837\n|switch|p1a: Pelipper|Pelipper, M|94\/100\n|-weather|RainDance|[from] ability: Drizzle|[of] p1a: Pelipper\n|turn|29\n|\n|t:|1698780928\n|switch|p2a: Slowking|Slowking-Galar, M, shiny|93\/100\n|-damage|p2a: Slowking|81\/100|[from] Spikes\n|move|p1a: Pelipper|U-turn|p2a: Slowking\n|-damage|p2a: Slowking|73\/100\n|\n|t:|1698780945\n|switch|p1a: Azumarill|Azumarill, F|100\/100|[from] U-turn\n|-damage|p1a: Azumarill|88\/100|[from] Spikes\n|\n|-weather|RainDance|[upkeep]\n|upkeep\n|turn|30\n|\n|t:|1698780980\n|switch|p2a: Empoleon|Empoleon, M, shiny|60\/100 brn\n|-damage|p2a: Empoleon|47\/100 brn|[from] Spikes\n|move|p1a: Azumarill|Liquidation|p2a: Empoleon\n|-resisted|p2a: Empoleon\n|-damage|p2a: Empoleon|0 fnt\n|faint|p2a: Empoleon\n|\n|-weather|RainDance|[upkeep]\n|upkeep\n|\n|t:|1698781004\n|switch|p2a: Gardevoir|Gardevoir, M, shiny|53\/100\n|-damage|p2a: Gardevoir|40\/100|[from] Spikes\n|-ability|p2a: Gardevoir|Huge Power|[from] ability: Trace|[of] p1a: Azumarill\n|turn|31\n|\n|t:|1698781131\n|move|p2a: Gardevoir|Trick|p1a: Azumarill\n|-activate|p2a: Gardevoir|move: Trick|[of] p1a: Azumarill\n|-item|p1a: Azumarill|Choice Scarf|[from] move: Trick\n|-item|p2a: Gardevoir|Choice Band|[from] move: Trick\n|move|p1a: Azumarill|Liquidation|p2a: Gardevoir\n|-damage|p2a: Gardevoir|0 fnt\n|faint|p2a: Gardevoir\n|\n|-weather|RainDance|[upkeep]\n|upkeep\n|\n|t:|1698781148\n|switch|p2a: Slowking|Slowking-Galar, M, shiny|100\/100\n|-damage|p2a: Slowking|88\/100|[from] Spikes\n|turn|32\n|\n|t:|1698781192\n|switch|p1a: Goodra|Goodra, M|50\/100\n|-damage|p1a: Goodra|38\/100|[from] Spikes\n|move|p2a: Slowking|Sludge Bomb|p1a: Goodra\n|-damage|p1a: Goodra|17\/100\n|-status|p1a: Goodra|psn\n|\n|-weather|RainDance|[upkeep]\n|-activate|p1a: Goodra|ability: Hydration\n|-curestatus|p1a: Goodra|psn|[msg]\n|upkeep\n|turn|33\n|j| Hexagon457\n|\n|t:|1698781240\n|move|p1a: Goodra|Rest|p1a: Goodra\n|-status|p1a: Goodra|slp|[from] move: Rest\n|-heal|p1a: Goodra|100\/100 slp|[silent]\n|move|p2a: Slowking|Chilly Reception|p2a: Slowking\n|-weather|Snow\n|j| xdRudi.exe\n|\n|t:|1698781246\n|switch|p2a: Iron Hands|Iron Hands|77\/100|[from] Chilly Reception\n|-damage|p2a: Iron Hands|64\/100|[from] Spikes\n|\n|-weather|Snow|[upkeep]\n|-heal|p2a: Iron Hands|70\/100|[from] item: Leftovers\n|upkeep\n|turn|34\n|\n|t:|1698781267\n|switch|p1a: Pelipper|Pelipper, M|94\/100\n|-weather|RainDance|[from] ability: Drizzle|[of] p1a: Pelipper\n|move|p2a: Iron Hands|Substitute|p2a: Iron Hands\n|-start|p2a: Iron Hands|Substitute\n|-damage|p2a: Iron Hands|45\/100\n|\n|-weather|RainDance|[upkeep]\n|-heal|p2a: Iron Hands|52\/100|[from] item: Leftovers\n|upkeep\n|turn|35\n|\n|t:|1698781287\n|move|p1a: Pelipper|Surf|p2a: Iron Hands\n|-end|p2a: Iron Hands|Substitute\n|move|p2a: Iron Hands|Wild Charge|p1a: Pelipper\n|-supereffective|p1a: Pelipper\n|-damage|p1a: Pelipper|0 fnt\n|faint|p1a: Pelipper\n|-damage|p2a: Iron Hands|36\/100|[from] Recoil\n|\n|-weather|RainDance|[upkeep]\n|-heal|p2a: Iron Hands|42\/100|[from] item: Leftovers\n|upkeep\n|\n|t:|1698781291\n|switch|p1a: Azumarill|Azumarill, F|88\/100\n|-damage|p1a: Azumarill|76\/100|[from] Spikes\n|turn|36\n|\n|t:|1698781312\n|move|p1a: Azumarill|Liquidation|p2a: Iron Hands\n|-damage|p2a: Iron Hands|0 fnt\n|faint|p2a: Iron Hands\n|-end|p2a: Iron Hands|Quark Drive|[silent]\n|\n|-weather|RainDance|[upkeep]\n|upkeep\n|\n|t:|1698781314\n|switch|p2a: Slowking|Slowking-Galar, M, shiny|100\/100\n|-damage|p2a: Slowking|88\/100|[from] Spikes\n|turn|37\n|\n|t:|1698781316\n|move|p1a: Azumarill|Liquidation|p2a: Slowking\n|-damage|p2a: Slowking|18\/100\n|move|p2a: Slowking|Sludge Bomb|p1a: Azumarill\n|-supereffective|p1a: Azumarill\n|-damage|p1a: Azumarill|11\/100\n|\n|-weather|RainDance|[upkeep]\n|upkeep\n|turn|38\n|\n|t:|1698781323\n|move|p1a: Azumarill|Liquidation|p2a: Slowking\n|-damage|p2a: Slowking|0 fnt\n|faint|p2a: Slowking\n|\n|win|Roggi\n|c|\u2606Roggi|gg\n|c|\u2606KingLordNiklas|gg\n|c| Roy SPL|gg\n|c| Frxnklyn|gg\n","uploadtime":1698781330,"views":29,"p1id":"roggi","p2id":"kinglordniklas","formatid":"gen9anythinggoes","rating":0,"private":0,"password":""}