{"id":"gen9anythinggoes-1972521533","p1":"kingsleyh1","p2":"DDawnmadness","format":"[Gen 9] Anything Goes","log":"|j|\u2606kingsleyh1\n|j|\u2606DDawnmadness\n|t:|1697852437\n|gametype|singles\n|player|p1|kingsleyh1|wattson|1417\n|player|p2|DDawnmadness|ingo|1336\n|teamsize|p1|6\n|teamsize|p2|6\n|gen|9\n|tier|[Gen 9] Anything Goes\n|rated|\n|rule|HP Percentage Mod: HP is shown in percentages\n|rule|Endless Battle Clause: Forcing endless battles is banned\n|clearpoke\n|poke|p1|Ting-Lu|\n|poke|p1|Koraidon|\n|poke|p1|Great Tusk|\n|poke|p1|Giratina-Origin|\n|poke|p1|Chi-Yu|\n|poke|p1|Magearna|\n|poke|p2|Chien-Pao|\n|poke|p2|Giratina-Origin|\n|poke|p2|Espathra, F|\n|poke|p2|Arceus|\n|poke|p2|Magearna|\n|poke|p2|Ogerpon-Hearthflame, F|\n|teampreview\n|\n|t:|1697852447\n|start\n|switch|p1a: chonky|Ting-Lu|100\/100\n|switch|p2a: Espathra|Espathra, F|100\/100\n|-ability|p1a: chonky|Vessel of Ruin\n|turn|1\n|\n|t:|1697852455\n|-terastallize|p2a: Espathra|Steel\n|move|p2a: Espathra|Calm Mind|p2a: Espathra\n|-boost|p2a: Espathra|spa|1\n|-boost|p2a: Espathra|spd|1\n|move|p1a: chonky|Whirlwind|p2a: Espathra\n|drag|p2a: Ogerpon|Ogerpon-Hearthflame, F|100\/100\n|-ability|p2a: Ogerpon|Mold Breaker\n|\n|upkeep\n|turn|2\n|\n|t:|1697852503\n|move|p2a: Ogerpon|Play Rough|p1a: chonky\n|-supereffective|p1a: chonky\n|-damage|p1a: chonky|69\/100\n|move|p1a: chonky|Stealth Rock|p2a: Ogerpon\n|-sidestart|p2: DDawnmadness|move: Stealth Rock\n|\n|-heal|p1a: chonky|76\/100|[from] item: Leftovers\n|upkeep\n|turn|3\n|\n|t:|1697852544\n|move|p2a: Ogerpon|Leech Seed|p1a: chonky|[miss]\n|-miss|p2a: Ogerpon|p1a: chonky\n|move|p1a: chonky|Whirlwind|p2a: Ogerpon\n|drag|p2a: Arceus|Arceus|100\/100\n|-damage|p2a: Arceus|88\/100|[from] Stealth Rock\n|\n|-heal|p2a: Arceus|94\/100|[from] item: Leftovers\n|-heal|p1a: chonky|82\/100|[from] item: Leftovers\n|upkeep\n|turn|4\n|\n|t:|1697852555\n|switch|p1a: distorted|Giratina-Origin, shiny|100\/100\n|move|p2a: Arceus|Chilling Water|p1a: distorted\n|-resisted|p1a: distorted\n|-damage|p1a: distorted|95\/100\n|-unboost|p1a: distorted|atk|1\n|\n|-heal|p2a: Arceus|99\/100|[from] item: Leftovers\n|upkeep\n|turn|5\n|\n|t:|1697852573\n|switch|p2a: Chien-Pao|Chien-Pao|100\/100\n|-damage|p2a: Chien-Pao|76\/100|[from] Stealth Rock\n|-ability|p2a: Chien-Pao|Sword of Ruin\n|move|p1a: distorted|Will-O-Wisp|p2a: Chien-Pao\n|-status|p2a: Chien-Pao|brn\n|\n|-damage|p2a: Chien-Pao|70\/100 brn|[from] brn\n|upkeep\n|turn|6\n|\n|t:|1697852584\n|switch|p1a: Chi-Yu|Chi-Yu|100\/100\n|-ability|p1a: Chi-Yu|Beads of Ruin\n|move|p2a: Chien-Pao|Sucker Punch||[still]\n|-fail|p2a: Chien-Pao\n|\n|-damage|p2a: Chien-Pao|64\/100 brn|[from] brn\n|upkeep\n|turn|7\n|\n|t:|1697852597\n|move|p1a: Chi-Yu|Fire Blast|p2a: Chien-Pao\n|-supereffective|p2a: Chien-Pao\n|-damage|p2a: Chien-Pao|0 fnt\n|faint|p2a: Chien-Pao\n|\n|upkeep\n|\n|t:|1697852605\n|switch|p2a: Espathra|Espathra, F, tera:Steel|100\/100\n|-damage|p2a: Espathra|94\/100|[from] Stealth Rock\n|turn|8\n|\n|t:|1697852613\n|move|p1a: Chi-Yu|Fire Blast|p2a: Espathra\n|-supereffective|p2a: Espathra\n|-damage|p2a: Espathra|0 fnt\n|faint|p2a: Espathra\n|\n|upkeep\n|\n|t:|1697852619\n|switch|p2a: Arceus|Arceus|99\/100\n|-damage|p2a: Arceus|88\/100|[from] Stealth Rock\n|turn|9\n|\n|t:|1697852624\n|move|p1a: Chi-Yu|Fire Blast|p2a: Arceus\n|-damage|p2a: Arceus|37\/100\n|move|p2a: Arceus|Chilling Water|p1a: Chi-Yu\n|-supereffective|p1a: Chi-Yu\n|-damage|p1a: Chi-Yu|69\/100\n|-unboost|p1a: Chi-Yu|atk|1\n|\n|-heal|p2a: Arceus|43\/100|[from] item: Leftovers\n|upkeep\n|turn|10\n|\n|t:|1697852634\n|move|p1a: Chi-Yu|Fire Blast|p2a: Arceus\n|-damage|p2a: Arceus|0 fnt\n|faint|p2a: Arceus\n|\n|upkeep\n|\n|t:|1697852638\n|switch|p2a: Giratina|Giratina-Origin|100\/100\n|-damage|p2a: Giratina|88\/100|[from] Stealth Rock\n|turn|11\n|\n|t:|1697852644\n|switch|p1a: Magearna|Magearna|100\/100\n|move|p2a: Giratina|Ancient Power|p1a: Magearna\n|-resisted|p1a: Magearna\n|-damage|p1a: Magearna|91\/100\n|\n|-heal|p1a: Magearna|97\/100|[from] item: Leftovers\n|upkeep\n|turn|12\n|\n|t:|1697852653\n|move|p2a: Giratina|Shadow Ball|p1a: Magearna\n|-damage|p1a: Magearna|52\/100\n|move|p1a: Magearna|Thunder Wave|p2a: Giratina\n|-status|p2a: Giratina|par\n|\n|-heal|p1a: Magearna|58\/100|[from] item: Leftovers\n|upkeep\n|turn|13\n|\n|t:|1697852663\n|move|p1a: Magearna|Draining Kiss|p2a: Giratina\n|-supereffective|p2a: Giratina\n|-damage|p2a: Giratina|52\/100 par\n|-heal|p1a: Magearna|96\/100|[from] drain|[of] p2a: Giratina\n|cant|p2a: Giratina|par\n|\n|-heal|p1a: Magearna|100\/100|[from] item: Leftovers\n|upkeep\n|turn|14\n|\n|t:|1697852674\n|move|p1a: Magearna|Draining Kiss|p2a: Giratina\n|-supereffective|p2a: Giratina\n|-damage|p2a: Giratina|15\/100 par\n|move|p2a: Giratina|Shadow Ball|p1a: Magearna\n|-damage|p1a: Magearna|59\/100\n|\n|-heal|p1a: Magearna|65\/100|[from] item: Leftovers\n|upkeep\n|turn|15\n|-message|DDawnmadness forfeited.\n|\n|win|kingsleyh1\n|raw|kingsleyh1's rating: 1417 &rarr; <strong>1434<\/strong><br \/>(+17 for winning)\n|raw|DDawnmadness's rating: 1359 &rarr; <strong>1342<\/strong><br \/>(-17 for losing)\n|l|\u2606DDawnmadness\n","uploadtime":1697852737,"views":8,"p1id":"kingsleyh1","p2id":"ddawnmadness","formatid":"gen9anythinggoes","rating":1342,"private":0,"password":""}