{"id":"gen9anythinggoes-1974646719","p1":"Auby69","p2":"Poyo09t","format":"[Gen 9] Anything Goes","log":"|j|\u2606Auby69\n|j|\u2606Poyo09t\n|t:|1698106221\n|gametype|singles\n|player|p1|Auby69|lady|\n|player|p2|Poyo09t|unknown|\n|teamsize|p1|6\n|teamsize|p2|6\n|gen|9\n|tier|[Gen 9] Anything Goes\n|rule|HP Percentage Mod: HP is shown in percentages\n|rule|Endless Battle Clause: Forcing endless battles is banned\n|clearpoke\n|poke|p1|Meowscarada, M|\n|poke|p1|Annihilape, F|\n|poke|p1|Gholdengo|\n|poke|p1|Great Tusk|\n|poke|p1|Iron Jugulis|\n|poke|p1|Dragonite, M|\n|poke|p2|Meowscarada, F|\n|poke|p2|Annihilape, F|\n|poke|p2|Koraidon|\n|poke|p2|Iron Valiant|\n|poke|p2|Kingambit, F|\n|poke|p2|Corviknight, F|\n|teampreview\n|c|\u2606Auby69|welcome to hyper aggro fuck you without moth\n|\n|t:|1698106247\n|start\n|switch|p1a: Meowscarada|Meowscarada, M|100\/100\n|switch|p2a: Koraidon|Koraidon|100\/100\n|-weather|SunnyDay|[from] ability: Orichalcum Pulse|[of] p2a: Koraidon\n|-activate|p2a: Koraidon|Orichalcum Pulse|[source]\n|turn|1\n|\n|t:|1698106260\n|move|p1a: Meowscarada|Spikes|p2a: Koraidon\n|-sidestart|p2: Poyo09t|Spikes\n|move|p2a: Koraidon|Collision Course|p1a: Meowscarada\n|-supereffective|p1a: Meowscarada\n|-enditem|p1a: Meowscarada|Focus Sash\n|-damage|p1a: Meowscarada|1\/100\n|\n|-weather|SunnyDay|[upkeep]\n|upkeep\n|turn|2\n|c|\u2606Poyo09t|sash\n|\n|t:|1698106274\n|move|p1a: Meowscarada|Knock Off|p2a: Koraidon\n|-resisted|p2a: Koraidon\n|-damage|p2a: Koraidon|86\/100\n|-enditem|p2a: Koraidon|Heat Rock|[from] move: Knock Off|[of] p1a: Meowscarada\n|move|p2a: Koraidon|Iron Head|p1a: Meowscarada\n|-damage|p1a: Meowscarada|0 fnt\n|faint|p1a: Meowscarada\n|\n|-weather|SunnyDay|[upkeep]\n|upkeep\n|\n|t:|1698106309\n|switch|p1a: Iron Jugulis|Iron Jugulis|100\/100\n|-enditem|p1a: Iron Jugulis|Booster Energy\n|-activate|p1a: Iron Jugulis|ability: Quark Drive|[fromitem]\n|-start|p1a: Iron Jugulis|quarkdrivespe\n|turn|3\n|c|\u2606Poyo09t|why\n|c|\u2606Auby69|iron jugglenuts\n|c|\u2606Poyo09t|why me\n|c|\u2606Poyo09t|QUARK DRIVE\n|c|\u2606Poyo09t|STOP\n|c|\u2606Poyo09t|ITS NOT FAIR\n|\n|t:|1698106366\n|-terastallize|p2a: Koraidon|Steel\n|move|p1a: Iron Jugulis|Fire Blast|p2a: Koraidon\n|-supereffective|p2a: Koraidon\n|-damage|p2a: Koraidon|0 fnt\n|faint|p2a: Koraidon\n|\n|-weather|SunnyDay|[upkeep]\n|upkeep\n|c|\u2606Auby69|i literally dont have a better switch in\n|c|\u2606Auby69|LMAO\n|c|\u2606Poyo09t|i hate\n|c|\u2606Poyo09t|you\n|\n|t:|1698106395\n|switch|p2a: Iron Valiant|Iron Valiant|100\/100\n|-damage|p2a: Iron Valiant|88\/100|[from] Spikes\n|turn|4\n|\n|t:|1698106413\n|move|p1a: Iron Jugulis|Hurricane|p2a: Iron Valiant|[miss]\n|-miss|p1a: Iron Jugulis|p2a: Iron Valiant\n|move|p2a: Iron Valiant|Close Combat|p1a: Iron Jugulis\n|-damage|p1a: Iron Jugulis|18\/100\n|-unboost|p2a: Iron Valiant|def|1\n|-unboost|p2a: Iron Valiant|spd|1\n|-damage|p2a: Iron Valiant|78\/100|[from] item: Life Orb\n|\n|-weather|SunnyDay|[upkeep]\n|upkeep\n|turn|5\n|\n|t:|1698106441\n|move|p1a: Iron Jugulis|Fire Blast|p2a: Iron Valiant\n|-damage|p2a: Iron Valiant|0 fnt\n|faint|p2a: Iron Valiant\n|-end|p2a: Iron Valiant|Quark Drive|[silent]\n|\n|-weather|SunnyDay|[upkeep]\n|upkeep\n|\n|t:|1698106448\n|switch|p2a: Kingambit|Kingambit, F|100\/100\n|-damage|p2a: Kingambit|88\/100|[from] Spikes\n|-activate|p2a: Kingambit|ability: Supreme Overlord\n|-start|p2a: Kingambit|fallen2|[silent]\n|turn|6\n|\n|t:|1698106459\n|move|p1a: Iron Jugulis|Fire Blast|p2a: Kingambit\n|-supereffective|p2a: Kingambit\n|-damage|p2a: Kingambit|0 fnt\n|faint|p2a: Kingambit\n|-end|p2a: Kingambit|fallen2|[silent]\n|\n|-weather|SunnyDay|[upkeep]\n|upkeep\n|c|\u2606Poyo09t|why\n|c|\u2606Auby69|not again\n|c|\u2606Auby69|not to iron jugglenuts\n|\n|t:|1698106471\n|switch|p2a: Annihilape|Annihilape, F|100\/100\n|-damage|p2a: Annihilape|88\/100|[from] Spikes\n|turn|7\n|\n|t:|1698106481\n|move|p1a: Iron Jugulis|Hurricane|p2a: Annihilape|[miss]\n|-miss|p1a: Iron Jugulis|p2a: Annihilape\n|move|p2a: Annihilape|Ice Punch|p1a: Iron Jugulis\n|-supereffective|p1a: Iron Jugulis\n|-damage|p1a: Iron Jugulis|0 fnt\n|faint|p1a: Iron Jugulis\n|-end|p1a: Iron Jugulis|Quark Drive|[silent]\n|\n|-weather|SunnyDay|[upkeep]\n|upkeep\n|\n|t:|1698106514\n|switch|p1a: Gholdengo|Gholdengo|100\/100\n|turn|8\n|c|\u2606Poyo09t|idk\n|\n|t:|1698106529\n|move|p2a: Annihilape|Gunk Shot|p1a: Gholdengo\n|-immune|p1a: Gholdengo\n|move|p1a: Gholdengo|Nasty Plot|p1a: Gholdengo\n|-boost|p1a: Gholdengo|spa|2\n|\n|-weather|none\n|upkeep\n|turn|9\n|c|\u2606Auby69|poison against steel\n|c|\u2606Auby69|doesnt work\n|c|\u2606Poyo09t|i saw\n|\n|t:|1698106546\n|move|p2a: Annihilape|Rage Fist|p1a: Gholdengo\n|-supereffective|p1a: Gholdengo\n|-damage|p1a: Gholdengo|38\/100\n|move|p1a: Gholdengo|Nasty Plot|p1a: Gholdengo\n|-boost|p1a: Gholdengo|spa|2\n|\n|upkeep\n|turn|10\n|c|\u2606Poyo09t|unfortunate\n|c|\u2606Poyo09t|what are you doing\n|\n|t:|1698106621\n|switch|p1a: Great Tusk|Great Tusk|100\/100\n|move|p2a: Annihilape|Rage Fist|p1a: Great Tusk\n|-damage|p1a: Great Tusk|82\/100\n|\n|upkeep\n|turn|11\n|c|\u2606Auby69|thinking\n|c|\u2606Poyo09t|stop thinking\n|\n|t:|1698106642\n|switch|p2a: Corviknight|Corviknight, F|100\/100\n|move|p1a: Great Tusk|Headlong Rush|p2a: Corviknight\n|-immune|p2a: Corviknight\n|\n|upkeep\n|turn|12\n|\n|t:|1698106674\n|move|p1a: Great Tusk|Close Combat|p2a: Corviknight\n|-damage|p2a: Corviknight|38\/100\n|-unboost|p1a: Great Tusk|def|1\n|-unboost|p1a: Great Tusk|spd|1\n|-enditem|p1a: Great Tusk|Eject Pack\n|\n|t:|1698106685\n|-end|p1a: Great Tusk|Protosynthesis|[silent]\n|switch|p1a: Dragonite|Dragonite, M|100\/100\n|move|p2a: Corviknight|Nasty Plot|p2a: Corviknight\n|-boost|p2a: Corviknight|spa|2\n|\n|upkeep\n|turn|13\n|\n|t:|1698106705\n|move|p1a: Dragonite|Extreme Speed|p2a: Corviknight\n|-resisted|p2a: Corviknight\n|-damage|p2a: Corviknight|24\/100\n|move|p2a: Corviknight|Hurricane|p1a: Dragonite|[miss]\n|-miss|p2a: Corviknight|p1a: Dragonite\n|\n|upkeep\n|turn|14\n|c|\u2606Poyo09t|why\n|\n|t:|1698106727\n|move|p2a: Corviknight|Hurricane|p1a: Dragonite|[miss]\n|-miss|p2a: Corviknight|p1a: Dragonite\n|move|p1a: Dragonite|Fire Punch|p2a: Corviknight\n|-supereffective|p2a: Corviknight\n|-damage|p2a: Corviknight|0 fnt\n|faint|p2a: Corviknight\n|\n|upkeep\n|c|\u2606Poyo09t|why\n|\n|t:|1698106741\n|switch|p2a: Annihilape|Annihilape, F|88\/100\n|-damage|p2a: Annihilape|76\/100|[from] Spikes\n|turn|15\n|\n|t:|1698106759\n|move|p2a: Annihilape|Ice Punch|p1a: Dragonite\n|-supereffective|p1a: Dragonite\n|-damage|p1a: Dragonite|46\/100\n|move|p1a: Dragonite|Dragon Dance|p1a: Dragonite\n|-boost|p1a: Dragonite|atk|1\n|-boost|p1a: Dragonite|spe|1\n|\n|upkeep\n|turn|16\n|c|\u2606Poyo09t|now would be a great time\n|\n|t:|1698106777\n|move|p1a: Dragonite|Earthquake|p2a: Annihilape\n|-damage|p2a: Annihilape|7\/100\n|move|p2a: Annihilape|Ice Punch|p1a: Dragonite\n|-supereffective|p1a: Dragonite\n|-damage|p1a: Dragonite|0 fnt\n|faint|p1a: Dragonite\n|\n|upkeep\n|c|\u2606Poyo09t|to have low punch\n|c|\u2606Poyo09t|or the shit that gives you priority\n|\n|t:|1698106791\n|switch|p1a: Great Tusk|Great Tusk|82\/100\n|turn|17\n|c|\u2606Poyo09t|where do i see the type effectiveness\n|c|\u2606Auby69|!weakness Great Tusk\n|c| Auby69|\/raw <div class=\"infobox\">Great Tusk (ignoring abilities):<br \/><span class=\"message-effect-weak\">Weaknesses<\/span>: Fairy, Flying, Grass, Ice, Psychic, Water<br \/><span class=\"message-effect-resist\">Resistances<\/span>: Bug, Dark, Poison, <b>Rock<\/b><br \/><span class=\"message-effect-immune\">Immunities<\/span>: Electric, Sandstorm damage<\/div>\n|c|\u2606Auby69|there you go\n|\n|t:|1698106846\n|move|p2a: Annihilape|Ice Punch|p1a: Great Tusk\n|-supereffective|p1a: Great Tusk\n|-damage|p1a: Great Tusk|41\/100\n|move|p1a: Great Tusk|Headlong Rush|p2a: Annihilape\n|-damage|p2a: Annihilape|0 fnt\n|-unboost|p1a: Great Tusk|def|1\n|-unboost|p1a: Great Tusk|spd|1\n|faint|p2a: Annihilape\n|\n|upkeep\n|c|\u2606Poyo09t|why\n|\n|t:|1698106856\n|switch|p2a: Meowscarada|Meowscarada, F|100\/100\n|-damage|p2a: Meowscarada|88\/100|[from] Spikes\n|turn|18\n|\n|t:|1698106865\n|-end|p1a: Great Tusk|Protosynthesis|[silent]\n|switch|p1a: Annihilape|Annihilape, F|100\/100\n|move|p2a: Meowscarada|Flower Trick|p1a: Annihilape\n|-start|p2a: Meowscarada|typechange|Grass|[from] ability: Protean\n|-crit|p1a: Annihilape\n|-damage|p1a: Annihilape|40\/100\n|-damage|p2a: Meowscarada|78\/100|[from] item: Life Orb\n|\n|-heal|p1a: Annihilape|46\/100|[from] item: Leftovers\n|upkeep\n|turn|19\n|c|\u2606Poyo09t|she has\n|\n|t:|1698106887\n|move|p2a: Meowscarada|Flower Trick|p1a: Annihilape\n|-crit|p1a: Annihilape\n|-damage|p1a: Annihilape|0 fnt\n|faint|p1a: Annihilape\n|-damage|p2a: Meowscarada|69\/100|[from] item: Life Orb\n|\n|upkeep\n|c|\u2606Poyo09t|to have more speed\n|c|\u2606Poyo09t|yes\n|c|\u2606Auby69|a second crit\n|\n|t:|1698106896\n|switch|p1a: Gholdengo|Gholdengo|38\/100\n|turn|20\n|c|\u2606Poyo09t|it always crits\n|c|\u2606Poyo09t|!weakness Gholdengo\n|c|!Poyo09t|\/raw <div class=\"infobox\">Gholdengo (ignoring abilities):<br \/><span class=\"message-effect-weak\">Weaknesses<\/span>: Dark, Fire, Ghost, Ground<br \/><span class=\"message-effect-resist\">Resistances<\/span>: <b>Bug<\/b>, Dragon, Fairy, Flying, Grass, Ice, Psychic, Rock, Steel<br \/><span class=\"message-effect-immune\">Immunities<\/span>: Fighting, Normal, Poison, Sandstorm damage, Toxic, Trapping<\/div>\n|c|\u2606Poyo09t|of course\n|\n|t:|1698106928\n|move|p2a: Meowscarada|Knock Off|p1a: Gholdengo\n|-supereffective|p1a: Gholdengo\n|-damage|p1a: Gholdengo|0 fnt\n|-enditem|p1a: Gholdengo|Eject Pack|[from] move: Knock Off|[of] p2a: Meowscarada\n|faint|p1a: Gholdengo\n|-damage|p2a: Meowscarada|59\/100|[from] item: Life Orb\n|\n|upkeep\n|\n|t:|1698106934\n|switch|p1a: Great Tusk|Great Tusk|41\/100\n|turn|21\n|c|\u2606Poyo09t|!weakness Great Tusk\n|c|!Poyo09t|\/raw <div class=\"infobox\">Great Tusk (ignoring abilities):<br \/><span class=\"message-effect-weak\">Weaknesses<\/span>: Fairy, Flying, Grass, Ice, Psychic, Water<br \/><span class=\"message-effect-resist\">Resistances<\/span>: Bug, Dark, Poison, <b>Rock<\/b><br \/><span class=\"message-effect-immune\">Immunities<\/span>: Electric, Sandstorm damage<\/div>\n|\n|t:|1698106947\n|-terastallize|p1a: Great Tusk|Water\n|move|p2a: Meowscarada|Flower Trick|p1a: Great Tusk\n|-supereffective|p1a: Great Tusk\n|-crit|p1a: Great Tusk\n|-damage|p1a: Great Tusk|0 fnt\n|faint|p1a: Great Tusk\n|-end|p1a: Great Tusk|Protosynthesis|[silent]\n|-damage|p2a: Meowscarada|49\/100|[from] item: Life Orb\n|\n|win|Poyo09t\n|c|\u2606Poyo09t|victory\n|c|\u2606Auby69|3 crits\n","uploadtime":1698106963,"views":16,"p1id":"auby69","p2id":"poyo09t","formatid":"gen9anythinggoes","rating":0,"private":0,"password":""}