{"id":"gen9anythinggoes-1996054585","p1":"Diego.Cabe","p2":"Koibitio","format":"[Gen 9] Anything Goes","log":"|j|\u2606Diego.Cabe\n|j|\u203dKoibitio\n|t:|1700636328\n|gametype|singles\n|player|p1|Diego.Cabe|n|1461\n|player|p2|Koibitio|buck|1488\n|teamsize|p1|6\n|teamsize|p2|6\n|gen|9\n|tier|[Gen 9] Anything Goes\n|rated|\n|rule|HP Percentage Mod: HP is shown in percentages\n|rule|Endless Battle Clause: Forcing endless battles is banned\n|clearpoke\n|poke|p1|Volcarona, M|\n|poke|p1|Shaymin-Sky|\n|poke|p1|Zacian-*|\n|poke|p1|Flutter Mane|\n|poke|p1|Chien-Pao|\n|poke|p1|Calyrex-Shadow|\n|poke|p2|Koraidon|\n|poke|p2|Flutter Mane|\n|poke|p2|Torkoal, M|\n|poke|p2|Chi-Yu|\n|poke|p2|Lilligant-Hisui, F|\n|poke|p2|Maushold-Four|\n|teampreview\n|inactive|Battle timer is ON: inactive players will automatically lose when time's up. (requested by Diego.Cabe)\n|\n|t:|1700636333\n|start\n|switch|p1a: Flutter Mane|Flutter Mane|100\/100\n|switch|p2a: Torkoal|Torkoal, M, shiny|100\/100\n|-weather|SunnyDay|[from] ability: Drought|[of] p2a: Torkoal\n|-activate|p1a: Flutter Mane|ability: Protosynthesis\n|-start|p1a: Flutter Mane|protosynthesisspe\n|turn|1\n|\n|t:|1700636362\n|switch|p2a: Chi-Yu|Chi-Yu|100\/100\n|-ability|p2a: Chi-Yu|Beads of Ruin\n|move|p1a: Flutter Mane|Taunt|p2a: Chi-Yu\n|-start|p2a: Chi-Yu|move: Taunt\n|\n|-weather|SunnyDay|[upkeep]\n|upkeep\n|turn|2\n|l|\u203dKoibitio\n|inactive|Koibitio disconnected and has a minute to reconnect!\n|player|p2|\n|inactive|Diego.Cabe has 120 seconds left.\n|j|\u203dKoibitio\n|inactive|Koibitio reconnected.\n|player|p2|Koibitio|buck\n|n|\u203dKoibitio|koibitio\n|\n|t:|1700636396\n|-end|p1a: Flutter Mane|Protosynthesis|[silent]\n|switch|p1a: Volcarona|Volcarona, M|100\/100\n|move|p2a: Chi-Yu|Heat Wave|p1a: Volcarona\n|-damage|p1a: Volcarona|0 fnt\n|faint|p1a: Volcarona\n|\n|-weather|SunnyDay|[upkeep]\n|upkeep\n|inactive|Diego.Cabe has 120 seconds left.\n|\n|t:|1700636403\n|switch|p1a: Chien-Pao|Chien-Pao|100\/100\n|-ability|p1a: Chien-Pao|Sword of Ruin\n|turn|3\n|\n|t:|1700636407\n|move|p2a: Chi-Yu|Heat Wave|p1a: Chien-Pao|[miss]\n|-miss|p2a: Chi-Yu|p1a: Chien-Pao\n|move|p1a: Chien-Pao|Sacred Sword|p2a: Chi-Yu\n|-supereffective|p2a: Chi-Yu\n|-damage|p2a: Chi-Yu|0 fnt\n|faint|p2a: Chi-Yu\n|\n|-weather|SunnyDay|[upkeep]\n|upkeep\n|\n|t:|1700636410\n|switch|p2a: Maushold|Maushold-Four|100\/100\n|turn|4\n|inactive|Diego.Cabe has 120 seconds left.\n|\n|t:|1700636437\n|-terastallize|p2a: Maushold|Ghost\n|move|p1a: Chien-Pao|Taunt|p2a: Maushold\n|-start|p2a: Maushold|move: Taunt\n|cant|p2a: Maushold|move: Taunt|Tidy Up\n|\n|-weather|SunnyDay|[upkeep]\n|upkeep\n|turn|5\n|\n|t:|1700636448\n|switch|p2a: Torkoal|Torkoal, M, shiny|100\/100\n|move|p1a: Chien-Pao|Crunch|p2a: Torkoal\n|-damage|p2a: Torkoal|72\/100\n|-unboost|p2a: Torkoal|def|1\n|\n|-weather|SunnyDay|[upkeep]\n|upkeep\n|turn|6\n|inactive|Diego.Cabe has 120 seconds left.\n|\n|t:|1700636478\n|switch|p1a: Flutter Mane|Flutter Mane|100\/100\n|-activate|p1a: Flutter Mane|ability: Protosynthesis\n|-start|p1a: Flutter Mane|protosynthesisspe\n|move|p2a: Torkoal|Stealth Rock|p1a: Flutter Mane\n|-sidestart|p1: Diego.Cabe|move: Stealth Rock\n|\n|-weather|SunnyDay|[upkeep]\n|upkeep\n|turn|7\n|\n|t:|1700636483\n|move|p1a: Flutter Mane|Shadow Ball|p2a: Torkoal\n|-damage|p2a: Torkoal|17\/100\n|-unboost|p2a: Torkoal|spd|1\n|move|p2a: Torkoal|Yawn|p1a: Flutter Mane\n|-start|p1a: Flutter Mane|move: Yawn|[of] p2a: Torkoal\n|\n|-weather|SunnyDay|[upkeep]\n|upkeep\n|turn|8\n|\n|t:|1700636490\n|switch|p2a: Maushold|Maushold-Four, tera:Ghost|100\/100\n|move|p1a: Flutter Mane|Shadow Ball|p2a: Maushold\n|-supereffective|p2a: Maushold\n|-damage|p2a: Maushold|0 fnt\n|faint|p2a: Maushold\n|\n|-weather|none\n|-end|p1a: Flutter Mane|Protosynthesis\n|-end|p1a: Flutter Mane|move: Yawn|[silent]\n|-status|p1a: Flutter Mane|slp\n|upkeep\n|\n|t:|1700636501\n|switch|p2a: Koraidon|Koraidon|100\/100\n|-weather|SunnyDay|[from] ability: Orichalcum Pulse|[of] p2a: Koraidon\n|-activate|p1a: Flutter Mane|ability: Protosynthesis\n|-start|p1a: Flutter Mane|protosynthesisspe\n|-activate|p2a: Koraidon|Orichalcum Pulse|[source]\n|turn|9\n|l|\u2606Diego.Cabe\n|inactive|Diego.Cabe disconnected and has a minute to reconnect!\n|player|p1|\n|j|\u2606Diego.Cabe\n|inactive|Diego.Cabe reconnected and has 110 seconds left.\n|player|p1|Diego.Cabe|n\n|\n|t:|1700636543\n|cant|p1a: Flutter Mane|slp\n|move|p2a: Koraidon|Flame Charge|p1a: Flutter Mane\n|-damage|p1a: Flutter Mane|8\/100 slp\n|-boost|p2a: Koraidon|spe|1\n|\n|-weather|SunnyDay|[upkeep]\n|upkeep\n|turn|10\n|\n|t:|1700636549\n|move|p2a: Koraidon|Flame Charge|p1a: Flutter Mane\n|-damage|p1a: Flutter Mane|0 fnt\n|-boost|p2a: Koraidon|spe|1\n|faint|p1a: Flutter Mane\n|-end|p1a: Flutter Mane|Protosynthesis|[silent]\n|\n|-weather|SunnyDay|[upkeep]\n|upkeep\n|\n|t:|1700636554\n|switch|p1a: Calyrex|Calyrex-Shadow|100\/100\n|-ability|p1a: Calyrex|As One\n|-ability|p1a: Calyrex|Unnerve\n|-damage|p1a: Calyrex|88\/100|[from] Stealth Rock\n|turn|11\n|\n|t:|1700636563\n|move|p2a: Koraidon|Iron Head|p1a: Calyrex\n|-damage|p1a: Calyrex|38\/100\n|cant|p1a: Calyrex|flinch\n|\n|-weather|SunnyDay|[upkeep]\n|upkeep\n|turn|12\n|\n|t:|1700636568\n|move|p2a: Koraidon|Dragon Claw|p1a: Calyrex\n|-damage|p1a: Calyrex|0 fnt\n|faint|p1a: Calyrex\n|\n|-weather|SunnyDay|[upkeep]\n|upkeep\n|\n|t:|1700636576\n|switch|p1a: Chien-Pao|Chien-Pao|100\/100\n|-damage|p1a: Chien-Pao|76\/100|[from] Stealth Rock\n|-ability|p1a: Chien-Pao|Sword of Ruin\n|turn|13\n|\n|t:|1700636580\n|move|p2a: Koraidon|Flame Charge|p1a: Chien-Pao\n|-supereffective|p1a: Chien-Pao\n|-damage|p1a: Chien-Pao|0 fnt\n|-boost|p2a: Koraidon|spe|1\n|faint|p1a: Chien-Pao\n|\n|-weather|none\n|upkeep\n|\n|t:|1700636583\n|switch|p1a: Shaymin|Shaymin-Sky|100\/100\n|-damage|p1a: Shaymin|75\/100|[from] Stealth Rock\n|turn|14\n|\n|t:|1700636589\n|move|p2a: Koraidon|Flame Charge|p1a: Shaymin\n|-supereffective|p1a: Shaymin\n|-damage|p1a: Shaymin|33\/100\n|-boost|p2a: Koraidon|spe|1\n|move|p1a: Shaymin|Air Slash|p2a: Koraidon\n|-supereffective|p2a: Koraidon\n|-damage|p2a: Koraidon|42\/100\n|\n|-heal|p1a: Shaymin|39\/100|[from] item: Leftovers\n|upkeep\n|turn|15\n|\n|t:|1700636598\n|switch|p2a: Torkoal|Torkoal, M, shiny|17\/100\n|-weather|SunnyDay|[from] ability: Drought|[of] p2a: Torkoal\n|move|p1a: Shaymin|Air Slash|p2a: Torkoal\n|-damage|p2a: Torkoal|0 fnt\n|faint|p2a: Torkoal\n|\n|-weather|SunnyDay|[upkeep]\n|-heal|p1a: Shaymin|45\/100|[from] item: Leftovers\n|upkeep\n|\n|t:|1700636612\n|switch|p2a: Lilligant|Lilligant-Hisui, F, shiny|100\/100\n|turn|16\n|\n|t:|1700636619\n|move|p2a: Lilligant|Ice Spinner|p1a: Shaymin\n|-supereffective|p1a: Shaymin\n|-damage|p1a: Shaymin|0 fnt\n|faint|p1a: Shaymin\n|\n|-weather|SunnyDay|[upkeep]\n|upkeep\n|\n|t:|1700636623\n|switch|p1a: Zacian|Zacian-Crowned|100\/100\n|-damage|p1a: Zacian|94\/100|[from] Stealth Rock\n|-ability|p1a: Zacian|Intrepid Sword|boost\n|-boost|p1a: Zacian|atk|1\n|turn|17\n|\n|t:|1700636630\n|switch|p2a: Koraidon|Koraidon|42\/100\n|-activate|p2a: Koraidon|ability: Orichalcum Pulse\n|move|p1a: Zacian|Trailblaze|p2a: Koraidon\n|-resisted|p2a: Koraidon\n|-crit|p2a: Koraidon\n|-damage|p2a: Koraidon|20\/100\n|-boost|p1a: Zacian|spe|1\n|\n|-weather|SunnyDay|[upkeep]\n|upkeep\n|turn|18\n|\n|t:|1700636639\n|move|p1a: Zacian|Behemoth Blade|p2a: Koraidon\n|-damage|p2a: Koraidon|0 fnt\n|faint|p2a: Koraidon\n|\n|-weather|SunnyDay|[upkeep]\n|upkeep\n|\n|t:|1700636643\n|switch|p2a: Lilligant|Lilligant-Hisui, F, shiny|100\/100\n|turn|19\n|\n|t:|1700636647\n|move|p2a: Lilligant|Sleep Powder|p1a: Zacian\n|-status|p1a: Zacian|slp|[from] move: Sleep Powder\n|cant|p1a: Zacian|slp\n|\n|-weather|SunnyDay|[upkeep]\n|upkeep\n|turn|20\n|\n|t:|1700636650\n|switch|p2a: Flutter Mane|Flutter Mane|100\/100\n|-activate|p2a: Flutter Mane|ability: Protosynthesis\n|-start|p2a: Flutter Mane|protosynthesisspe\n|-curestatus|p1a: Zacian|slp|[msg]\n|move|p1a: Zacian|Behemoth Blade|p2a: Flutter Mane\n|-supereffective|p2a: Flutter Mane\n|-crit|p2a: Flutter Mane\n|-damage|p2a: Flutter Mane|0 fnt\n|faint|p2a: Flutter Mane\n|-end|p2a: Flutter Mane|Protosynthesis|[silent]\n|\n|-weather|SunnyDay|[upkeep]\n|upkeep\n|\n|t:|1700636652\n|switch|p2a: Lilligant|Lilligant-Hisui, F, shiny|100\/100\n|turn|21\n|\n|t:|1700636654\n|move|p2a: Lilligant|Close Combat|p1a: Zacian\n|-damage|p1a: Zacian|19\/100\n|-unboost|p2a: Lilligant|def|1\n|-unboost|p2a: Lilligant|spd|1\n|move|p1a: Zacian|Trailblaze|p2a: Lilligant\n|-resisted|p2a: Lilligant\n|-damage|p2a: Lilligant|63\/100\n|-boost|p1a: Zacian|spe|1\n|\n|-weather|SunnyDay|[upkeep]\n|upkeep\n|turn|22\n|\n|t:|1700636661\n|move|p1a: Zacian|Behemoth Blade|p2a: Lilligant\n|-damage|p2a: Lilligant|0 fnt\n|faint|p2a: Lilligant\n|\n|win|Diego.Cabe\n|raw|Diego.Cabe's rating: 1461 &rarr; <strong>1483<\/strong><br \/>(+22 for winning)\n|raw|Koibitio's rating: 1488 &rarr; <strong>1466<\/strong><br \/>(-22 for losing)\n","uploadtime":1700636669,"views":0,"p1id":"diegocabe","p2id":"koibitio","formatid":"gen9anythinggoes","rating":1466,"private":0,"password":""}