{"id":"gen9anythinggoes-1981934299","p1":"poodawoopa","p2":"KingBOW","format":"[Gen 9] Anything Goes","log":"|j|\u203dpoodawoopa\n|j|\u2606KingBOW\n|t:|1698952929\n|gametype|singles\n|player|p1|poodawoopa|265|1444\n|player|p2|KingBOW|benga|1563\n|teamsize|p1|6\n|teamsize|p2|6\n|gen|9\n|tier|[Gen 9] Anything Goes\n|rated|\n|rule|HP Percentage Mod: HP is shown in percentages\n|rule|Endless Battle Clause: Forcing endless battles is banned\n|clearpoke\n|poke|p1|Clodsire, M|\n|poke|p1|Dragapult, F|\n|poke|p1|Zacian-*|\n|poke|p1|Cloyster, F|\n|poke|p1|Miraidon|\n|poke|p1|Donphan, F|\n|poke|p2|Calyrex-Shadow|\n|poke|p2|Arceus|\n|poke|p2|Iron Bundle|\n|poke|p2|Urshifu-*, F|\n|poke|p2|Groudon|\n|poke|p2|Kyogre|\n|teampreview\n|inactive|Battle timer is ON: inactive players will automatically lose when time's up. (requested by KingBOW)\n|\n|t:|1698952946\n|start\n|switch|p1a: Clodsire|Clodsire, M|100\/100\n|switch|p2a: Iron Bundle|Iron Bundle|100\/100\n|turn|1\n|\n|t:|1698952950\n|move|p2a: Iron Bundle|Ice Beam|p1a: Clodsire\n|-supereffective|p1a: Clodsire\n|-damage|p1a: Clodsire|4\/100\n|-status|p1a: Clodsire|frz\n|cant|p1a: Clodsire|frz\n|\n|upkeep\n|turn|2\n|\n|t:|1698952957\n|move|p2a: Iron Bundle|Ice Beam|p1a: Clodsire\n|-supereffective|p1a: Clodsire\n|-damage|p1a: Clodsire|0 fnt\n|faint|p1a: Clodsire\n|\n|upkeep\n|\n|t:|1698952961\n|switch|p1a: Zacian|Zacian-Crowned|100\/100\n|-ability|p1a: Zacian|Intrepid Sword|boost\n|-boost|p1a: Zacian|atk|1\n|turn|3\n|\n|t:|1698952965\n|-end|p2a: Iron Bundle|Quark Drive|[silent]\n|switch|p2a: Groudon|Groudon|100\/100\n|-weather|SunnyDay|[from] ability: Drought|[of] p2a: Groudon\n|move|p1a: Zacian|Thunder Fang|p2a: Groudon\n|-immune|p2a: Groudon\n|\n|-weather|SunnyDay|[upkeep]\n|upkeep\n|turn|4\n|\n|t:|1698952973\n|move|p1a: Zacian|Behemoth Blade|p2a: Groudon\n|-damage|p2a: Groudon|55\/100\n|move|p2a: Groudon|Will-O-Wisp|p1a: Zacian|[miss]\n|-miss|p2a: Groudon|p1a: Zacian\n|\n|-weather|SunnyDay|[upkeep]\n|-heal|p2a: Groudon|61\/100|[from] item: Leftovers\n|upkeep\n|turn|5\n|\n|t:|1698952980\n|move|p1a: Zacian|Behemoth Blade|p2a: Groudon\n|-damage|p2a: Groudon|11\/100\n|move|p2a: Groudon|Will-O-Wisp|p1a: Zacian\n|-status|p1a: Zacian|brn\n|\n|-weather|SunnyDay|[upkeep]\n|-heal|p2a: Groudon|17\/100|[from] item: Leftovers\n|-damage|p1a: Zacian|94\/100 brn|[from] brn\n|upkeep\n|turn|6\n|\n|t:|1698952990\n|switch|p2a: Kyogre|Kyogre|100\/100\n|-weather|RainDance|[from] ability: Drizzle|[of] p2a: Kyogre\n|move|p1a: Zacian|Behemoth Blade|p2a: Kyogre\n|-resisted|p2a: Kyogre\n|-damage|p2a: Kyogre|76\/100\n|\n|-weather|RainDance|[upkeep]\n|-damage|p1a: Zacian|88\/100 brn|[from] brn\n|upkeep\n|turn|7\n|\n|t:|1698952999\n|move|p2a: Kyogre|Origin Pulse|p1a: Zacian|[miss]\n|-miss|p2a: Kyogre|p1a: Zacian\n|move|p1a: Zacian|Thunder Fang|p2a: Kyogre\n|-supereffective|p2a: Kyogre\n|-damage|p2a: Kyogre|34\/100\n|\n|-weather|RainDance|[upkeep]\n|-damage|p1a: Zacian|82\/100 brn|[from] brn\n|upkeep\n|turn|8\n|c|\u2606KingBOW|So happpy\n|\n|t:|1698953008\n|move|p2a: Kyogre|Origin Pulse|p1a: Zacian|[miss]\n|-miss|p2a: Kyogre|p1a: Zacian\n|move|p1a: Zacian|Thunder Fang|p2a: Kyogre\n|-supereffective|p2a: Kyogre\n|-damage|p2a: Kyogre|0 fnt\n|faint|p2a: Kyogre\n|\n|-weather|RainDance|[upkeep]\n|-damage|p1a: Zacian|76\/100 brn|[from] brn\n|upkeep\n|c|\u2606KingBOW|Haha\n|\n|t:|1698953026\n|switch|p2a: Urshifu|Urshifu-Rapid-Strike, F|100\/100\n|turn|9\n|\n|t:|1698953032\n|move|p2a: Urshifu|Surging Strikes|p1a: Zacian\n|-crit|p1a: Zacian\n|-damage|p1a: Zacian|47\/100 brn\n|-crit|p1a: Zacian\n|-damage|p1a: Zacian|18\/100 brn\n|-crit|p1a: Zacian\n|-damage|p1a: Zacian|0 fnt\n|faint|p1a: Zacian\n|-hitcount|p1: Zacian|3\n|\n|-weather|RainDance|[upkeep]\n|upkeep\n|\n|t:|1698953038\n|switch|p1a: Miraidon|Miraidon|100\/100\n|-fieldstart|move: Electric Terrain|[from] ability: Hadron Engine|[of] p1a: Miraidon\n|turn|10\n|\n|t:|1698953046\n|switch|p2a: Groudon|Groudon|17\/100\n|-weather|SunnyDay|[from] ability: Drought|[of] p2a: Groudon\n|-terastallize|p1a: Miraidon|Electric\n|move|p1a: Miraidon|Electro Drift|p2a: Groudon\n|-immune|p2a: Groudon\n|\n|-weather|SunnyDay|[upkeep]\n|-heal|p2a: Groudon|23\/100|[from] item: Leftovers\n|upkeep\n|turn|11\n|\n|t:|1698953055\n|move|p1a: Miraidon|Dragon Pulse|p2a: Groudon\n|-damage|p2a: Groudon|0 fnt\n|faint|p2a: Groudon\n|\n|-weather|SunnyDay|[upkeep]\n|upkeep\n|\n|t:|1698953061\n|switch|p2a: Iron Bundle|Iron Bundle|100\/100\n|-activate|p2a: Iron Bundle|ability: Quark Drive\n|-start|p2a: Iron Bundle|quarkdrivespe\n|turn|12\n|\n|t:|1698953066\n|move|p2a: Iron Bundle|Hydro Pump|p1a: Miraidon|[miss]\n|-miss|p2a: Iron Bundle|p1a: Miraidon\n|move|p1a: Miraidon|Electro Drift|p2a: Iron Bundle\n|-supereffective|p2a: Iron Bundle\n|-damage|p2a: Iron Bundle|0 fnt\n|faint|p2a: Iron Bundle\n|-end|p2a: Iron Bundle|Quark Drive|[silent]\n|\n|-weather|SunnyDay|[upkeep]\n|upkeep\n|c|\u2606KingBOW|Haha lol\n|\n|t:|1698953081\n|switch|p2a: Calyrex|Calyrex-Shadow|100\/100\n|-ability|p2a: Calyrex|As One\n|-ability|p2a: Calyrex|Unnerve\n|turn|13\n|\n|t:|1698953085\n|move|p2a: Calyrex|Astral Barrage|p1a: Miraidon\n|-damage|p1a: Miraidon|39\/100\n|move|p1a: Miraidon|Electro Drift|p2a: Calyrex\n|-enditem|p2a: Calyrex|Focus Sash\n|-damage|p2a: Calyrex|1\/100\n|\n|-weather|SunnyDay|[upkeep]\n|upkeep\n|turn|14\n|\n|t:|1698953092\n|move|p2a: Calyrex|Astral Barrage|p1a: Miraidon\n|-damage|p1a: Miraidon|0 fnt\n|faint|p1a: Miraidon\n|-ability|p2a: Calyrex|Grim Neigh|boost\n|-boost|p2a: Calyrex|spa|1\n|\n|-weather|none\n|-fieldend|move: Electric Terrain\n|upkeep\n|\n|t:|1698953096\n|switch|p1a: Donphan|Donphan, F|100\/100\n|turn|15\n|\n|t:|1698953105\n|move|p2a: Calyrex|Energy Ball|p1a: Donphan\n|-supereffective|p1a: Donphan\n|-crit|p1a: Donphan\n|-ability|p1a: Donphan|Sturdy\n|-damage|p1a: Donphan|1\/100\n|move|p1a: Donphan|Earthquake|p2a: Calyrex\n|-crit|p2a: Calyrex\n|-damage|p2a: Calyrex|0 fnt\n|faint|p2a: Calyrex\n|\n|upkeep\n|\n|t:|1698953114\n|switch|p2a: Arceus|Arceus|100\/100\n|turn|16\n|\n|t:|1698953119\n|move|p2a: Arceus|Dragon Dance|p2a: Arceus\n|-boost|p2a: Arceus|atk|1\n|-boost|p2a: Arceus|spe|1\n|move|p1a: Donphan|Fissure|p2a: Arceus\n|-damage|p2a: Arceus|0 fnt\n|faint|p2a: Arceus\n|-ohko\n|\n|upkeep\n|c|\u2606KingBOW|Lol\n|c|\u2606KingBOW|Why Always when i get in high ladder i get that\n|\n|t:|1698953148\n|switch|p2a: Urshifu|Urshifu-Rapid-Strike, F|100\/100\n|turn|17\n|\n|t:|1698953157\n|move|p2a: Urshifu|U-turn|p1a: Donphan\n|-damage|p1a: Donphan|0 fnt\n|faint|p1a: Donphan\n|\n|upkeep\n|\n|t:|1698953160\n|switch|p1a: Dragapult|Dragapult, F|100\/100\n|turn|18\n|\n|t:|1698953164\n|-terastallize|p2a: Urshifu|Water\n|move|p2a: Urshifu|U-turn|p1a: Dragapult\n|-resisted|p1a: Dragapult\n|-damage|p1a: Dragapult|83\/100\n|move|p1a: Dragapult|Fly||[still]\n|-prepare|p1a: Dragapult|Fly\n|\n|upkeep\n|turn|19\n|\n|t:|1698953171\n|move|p2a: Urshifu|U-turn|p1a: Dragapult|[miss]\n|-miss|p2a: Urshifu|p1a: Dragapult\n|move|p1a: Dragapult|Fly|p2a: Urshifu|[from]lockedmove\n|-damage|p2a: Urshifu|71\/100\n|\n|upkeep\n|turn|20\n|\n|t:|1698953176\n|move|p2a: Urshifu|U-turn|p1a: Dragapult\n|-resisted|p1a: Dragapult\n|-damage|p1a: Dragapult|65\/100\n|move|p1a: Dragapult|Dragon Dance|p1a: Dragapult\n|-boost|p1a: Dragapult|atk|1\n|-boost|p1a: Dragapult|spe|1\n|\n|upkeep\n|turn|21\n|\n|t:|1698953180\n|move|p1a: Dragapult|Dragon Darts|p2a: Urshifu\n|-damage|p2a: Urshifu|37\/100\n|-anim|p1a: Dragapult|Dragon Darts|p2a: Urshifu\n|-damage|p2a: Urshifu|0 fnt\n|faint|p2a: Urshifu\n|\n|win|poodawoopa\n|raw|poodawoopa's rating: 1444 &rarr; <strong>1471<\/strong><br \/>(+27 for winning)\n|raw|KingBOW's rating: 1563 &rarr; <strong>1536<\/strong><br \/>(-27 for losing)\n|l|\u203dpoodawoopa\n|c|\u2606KingBOW|Some unlucky\n","uploadtime":1698953193,"views":7,"p1id":"poodawoopa","p2id":"kingbow","formatid":"gen9anythinggoes","rating":1471,"private":0,"password":""}