{"id":"gen9anythinggoes-1985121131","p1":"SPINAL133","p2":"Dumbfudge","format":"[Gen 9] Anything Goes","log":"|j|\u2606SPINAL133\n|j|\u2606Dumbfudge\n|t:|1699333842\n|gametype|singles\n|player|p1|SPINAL133|cheryl|1308\n|player|p2|Dumbfudge|blackbelt-gen4dp|1384\n|teamsize|p1|6\n|teamsize|p2|6\n|gen|9\n|tier|[Gen 9] Anything Goes\n|rated|\n|rule|HP Percentage Mod: HP is shown in percentages\n|rule|Endless Battle Clause: Forcing endless battles is banned\n|clearpoke\n|poke|p1|Ursaluna-Bloodmoon, M|\n|poke|p1|Cyclizar, F|\n|poke|p1|Jirachi|\n|poke|p1|Grimmsnarl, M|\n|poke|p1|Torterra, M|\n|poke|p1|Alomomola, F|\n|poke|p2|Espathra, F|\n|poke|p2|Giratina|\n|poke|p2|Shaymin-Sky|\n|poke|p2|Zacian-*|\n|poke|p2|Ditto|\n|poke|p2|Breloom, M|\n|teampreview\n|inactive|Battle timer is ON: inactive players will automatically lose when time's up. (requested by Dumbfudge)\n|\n|t:|1699333850\n|start\n|switch|p1a: Grimmsnarl|Grimmsnarl, M|100\/100\n|switch|p2a: Whooping cough|Zacian-Crowned|100\/100\n|-ability|p2a: Whooping cough|Intrepid Sword|boost\n|-boost|p2a: Whooping cough|atk|1\n|turn|1\n|\n|t:|1699333858\n|-terastallize|p2a: Whooping cough|Steel\n|move|p1a: Grimmsnarl|Thunder Wave|p2a: Whooping cough\n|-status|p2a: Whooping cough|par\n|cant|p2a: Whooping cough|par\n|\n|upkeep\n|turn|2\n|\n|t:|1699333867\n|move|p1a: Grimmsnarl|Reflect|p1a: Grimmsnarl\n|-sidestart|p1: SPINAL133|Reflect\n|move|p2a: Whooping cough|Behemoth Blade|p1a: Grimmsnarl\n|-supereffective|p1a: Grimmsnarl\n|-damage|p1a: Grimmsnarl|0 fnt\n|faint|p1a: Grimmsnarl\n|\n|upkeep\n|\n|t:|1699333878\n|switch|p1a: Cyclizar|Cyclizar, F, shiny|100\/100\n|turn|3\n|\n|t:|1699333885\n|move|p1a: Cyclizar|Shed Tail|p1a: Cyclizar\n|-start|p1a: Cyclizar|Substitute|[from] move: Shed Tail\n|-damage|p1a: Cyclizar|50\/100\n|\n|t:|1699333888\n|switch|p1a: Torterra|Torterra, M, shiny|100\/100|[from] Shed Tail\n|move|p2a: Whooping cough|Behemoth Blade|p1a: Torterra\n|-end|p1a: Torterra|Substitute\n|\n|upkeep\n|turn|4\n|\n|t:|1699333896\n|move|p2a: Whooping cough|Behemoth Blade|p1a: Torterra\n|-damage|p1a: Torterra|41\/100\n|move|p1a: Torterra|Shell Smash|p1a: Torterra\n|-unboost|p1a: Torterra|def|1\n|-unboost|p1a: Torterra|spd|1\n|-boost|p1a: Torterra|atk|2\n|-boost|p1a: Torterra|spa|2\n|-boost|p1a: Torterra|spe|2\n|\n|upkeep\n|turn|5\n|\n|t:|1699333908\n|cant|p2a: Whooping cough|par\n|move|p1a: Torterra|Earthquake|p2a: Whooping cough\n|-supereffective|p2a: Whooping cough\n|-damage|p2a: Whooping cough|0 fnt\n|faint|p2a: Whooping cough\n|\n|upkeep\n|\n|t:|1699333924\n|switch|p2a: Cancer|Shaymin-Sky|100\/100\n|turn|6\n|\n|t:|1699333928\n|move|p2a: Cancer|Air Slash|p1a: Torterra\n|-supereffective|p1a: Torterra\n|-damage|p1a: Torterra|0 fnt\n|faint|p1a: Torterra\n|\n|upkeep\n|\n|t:|1699333936\n|switch|p1a: Jirachi|Jirachi|100\/100\n|turn|7\n|\n|t:|1699333940\n|move|p2a: Cancer|Air Slash|p1a: Jirachi\n|-resisted|p1a: Jirachi\n|-crit|p1a: Jirachi\n|-damage|p1a: Jirachi|71\/100\n|move|p1a: Jirachi|Iron Head|p2a: Cancer\n|-damage|p2a: Cancer|54\/100\n|\n|upkeep\n|turn|8\n|\n|t:|1699333950\n|move|p2a: Cancer|Air Slash|p1a: Jirachi\n|-resisted|p1a: Jirachi\n|-damage|p1a: Jirachi|52\/100\n|cant|p1a: Jirachi|flinch\n|\n|upkeep\n|turn|9\n|\n|t:|1699333959\n|switch|p1a: Alomomola|Alomomola, F, shiny|100\/100\n|move|p2a: Cancer|Air Slash|p1a: Alomomola\n|-damage|p1a: Alomomola|54\/100\n|\n|-sideend|p1: SPINAL133|Reflect\n|upkeep\n|turn|10\n|\n|t:|1699333966\n|move|p2a: Cancer|Air Slash|p1a: Alomomola\n|-damage|p1a: Alomomola|11\/100\n|cant|p1a: Alomomola|flinch\n|\n|upkeep\n|turn|11\n|\n|t:|1699333972\n|move|p2a: Cancer|Air Slash|p1a: Alomomola\n|-damage|p1a: Alomomola|0 fnt\n|faint|p1a: Alomomola\n|\n|upkeep\n|\n|t:|1699333974\n|switch|p1a: Jirachi|Jirachi|52\/100\n|turn|12\n|\n|t:|1699333998\n|move|p2a: Cancer|Air Slash|p1a: Jirachi\n|-resisted|p1a: Jirachi\n|-damage|p1a: Jirachi|32\/100\n|cant|p1a: Jirachi|flinch\n|\n|upkeep\n|turn|13\n|\n|t:|1699334004\n|move|p2a: Cancer|Air Slash|p1a: Jirachi\n|-resisted|p1a: Jirachi\n|-damage|p1a: Jirachi|14\/100\n|cant|p1a: Jirachi|flinch\n|\n|upkeep\n|turn|14\n|\n|t:|1699334009\n|move|p2a: Cancer|Air Slash|p1a: Jirachi\n|-resisted|p1a: Jirachi\n|-damage|p1a: Jirachi|0 fnt\n|faint|p1a: Jirachi\n|\n|upkeep\n|\n|t:|1699334011\n|switch|p1a: Cyclizar|Cyclizar, F, shiny|84\/100\n|turn|15\n|\n|t:|1699334020\n|move|p2a: Cancer|Air Slash|p1a: Cyclizar\n|-damage|p1a: Cyclizar|29\/100\n|cant|p1a: Cyclizar|flinch\n|\n|upkeep\n|turn|16\n|\n|t:|1699334025\n|move|p2a: Cancer|Air Slash|p1a: Cyclizar\n|-damage|p1a: Cyclizar|0 fnt\n|faint|p1a: Cyclizar\n|\n|upkeep\n|\n|t:|1699334027\n|switch|p1a: Ursaluna|Ursaluna-Bloodmoon, M|100\/100\n|turn|17\n|\n|t:|1699334039\n|-terastallize|p1a: Ursaluna|Normal\n|move|p2a: Cancer|Air Slash|p1a: Ursaluna\n|-damage|p1a: Ursaluna|72\/100\n|move|p1a: Ursaluna|Blood Moon|p2a: Cancer\n|-damage|p2a: Cancer|0 fnt\n|faint|p2a: Cancer\n|\n|-heal|p1a: Ursaluna|78\/100|[from] item: Leftovers\n|upkeep\n|c|\u2606Dumbfudge|Why did u change to normal\n|c|\u2606Dumbfudge|im still learning\n|\n|t:|1699334065\n|switch|p2a: Chickenpox|Espathra, F|100\/100\n|turn|18\n|c|\u2606SPINAL133|He was ground normal. Air slash was super effective\n|\n|t:|1699334092\n|move|p2a: Chickenpox|Protect|p2a: Chickenpox\n|-singleturn|p2a: Chickenpox|Protect\n|move|p1a: Ursaluna|Calm Mind|p1a: Ursaluna\n|-boost|p1a: Ursaluna|spa|1\n|-boost|p1a: Ursaluna|spd|1\n|\n|-heal|p1a: Ursaluna|84\/100|[from] item: Leftovers\n|-ability|p2a: Chickenpox|Speed Boost|boost\n|-boost|p2a: Chickenpox|spe|1\n|upkeep\n|turn|19\n|c|\u2606Dumbfudge|Oh so u changed because ground is weak against fly\n|inactive|Dumbfudge has 120 seconds left.\n|\n|t:|1699334121\n|move|p2a: Chickenpox|Substitute|p2a: Chickenpox\n|-start|p2a: Chickenpox|Substitute\n|-damage|p2a: Chickenpox|76\/100\n|move|p1a: Ursaluna|Blood Moon|p2a: Chickenpox\n|-end|p2a: Chickenpox|Substitute\n|\n|-heal|p1a: Ursaluna|90\/100|[from] item: Leftovers\n|-ability|p2a: Chickenpox|Speed Boost|boost\n|-boost|p2a: Chickenpox|spe|1\n|upkeep\n|turn|20\n|inactive|Dumbfudge has 120 seconds left.\n|\n|t:|1699334132\n|move|p2a: Chickenpox|Hypnosis|p1a: Ursaluna\n|-status|p1a: Ursaluna|slp|[from] move: Hypnosis\n|cant|p1a: Ursaluna|slp\n|\n|-heal|p1a: Ursaluna|96\/100 slp|[from] item: Leftovers\n|-ability|p2a: Chickenpox|Speed Boost|boost\n|-boost|p2a: Chickenpox|spe|1\n|upkeep\n|turn|21\n|\n|t:|1699334141\n|move|p2a: Chickenpox|Baton Pass|p2a: Chickenpox\n|\n|t:|1699334142\n|switch|p2a: Flat out AIDS|Breloom, M|100\/100|[from] Baton Pass\n|cant|p1a: Ursaluna|slp\n|\n|-heal|p1a: Ursaluna|100\/100 slp|[from] item: Leftovers\n|upkeep\n|turn|22\n|\n|t:|1699334150\n|cant|p1a: Ursaluna|slp\n|move|p2a: Flat out AIDS|Substitute|p2a: Flat out AIDS\n|-start|p2a: Flat out AIDS|Substitute\n|-damage|p2a: Flat out AIDS|75\/100\n|\n|upkeep\n|turn|23\n|\n|t:|1699334156\n|move|p2a: Flat out AIDS|Mach Punch|p1a: Ursaluna\n|-supereffective|p1a: Ursaluna\n|-damage|p1a: Ursaluna|45\/100 slp\n|-curestatus|p1a: Ursaluna|slp|[msg]\n|move|p1a: Ursaluna|Vacuum Wave|p2a: Flat out AIDS\n|-crit|p2a: Flat out AIDS\n|-end|p2a: Flat out AIDS|Substitute\n|\n|-heal|p1a: Ursaluna|51\/100|[from] item: Leftovers\n|upkeep\n|turn|24\n|\n|t:|1699334171\n|move|p2a: Flat out AIDS|Mach Punch|p1a: Ursaluna\n|-supereffective|p1a: Ursaluna\n|-damage|p1a: Ursaluna|0 fnt\n|faint|p1a: Ursaluna\n|\n|win|Dumbfudge\n|raw|SPINAL133's rating: 1308 &rarr; <strong>1292<\/strong><br \/>(-16 for losing)\n|raw|Dumbfudge's rating: 1384 &rarr; <strong>1400<\/strong><br \/>(+16 for winning)\n|l|\u2606SPINAL133\n|c|\u2606Dumbfudge|Gg\n","uploadtime":1699334189,"views":5,"p1id":"spinal133","p2id":"dumbfudge","formatid":"gen9anythinggoes","rating":1292,"private":0,"password":""}