{"id":"gen9anythinggoes-1982853171","p1":"Jonusto","p2":"TTanic","format":"[Gen 9] Anything Goes","log":"|j|\u2606Jonusto\n|j|\u2606TTanic\n|t:|1699051438\n|gametype|singles\n|player|p1|Jonusto|170|\n|player|p2|TTanic|unknownf|\n|teamsize|p1|6\n|teamsize|p2|6\n|gen|9\n|tier|[Gen 9] Anything Goes\n|rule|HP Percentage Mod: HP is shown in percentages\n|rule|Endless Battle Clause: Forcing endless battles is banned\n|clearpoke\n|poke|p1|Talonflame, M|\n|poke|p1|Toxtricity, M|\n|poke|p1|Wyrdeer, M|\n|poke|p1|Rotom|\n|poke|p1|Magneton|\n|poke|p1|Barraskewda, M|\n|poke|p2|Dondozo, M|\n|poke|p2|Cinderace, M|\n|poke|p2|Corviknight, M|\n|poke|p2|Krookodile, M|\n|poke|p2|Klawf, M|\n|poke|p2|Sylveon, M|\n|teampreview\n|c|\u2606Jonusto|glhf mi coranzo\n|\n|t:|1699051463\n|start\n|switch|p1a: Magneton|Magneton|100\/100\n|switch|p2a: Krookodile|Krookodile, M|100\/100\n|-ability|p2a: Krookodile|Intimidate|boost\n|-unboost|p1a: Magneton|atk|1\n|turn|1\n|c|\u2606Jonusto|nice choice\n|\n|t:|1699051479\n|switch|p2a: Dondozo|Dondozo, M|100\/100\n|switch|p1a: Talonflame|Talonflame, M|100\/100\n|\n|upkeep\n|turn|2\n|c|\u2606Jonusto|i got faked out!\n|\n|t:|1699051500\n|move|p1a: Talonflame|U-turn|p2a: Dondozo\n|-crit|p2a: Dondozo\n|-damage|p2a: Dondozo|92\/100\n|\n|t:|1699051505\n|switch|p1a: Magneton|Magneton|100\/100|[from] U-turn\n|move|p2a: Dondozo|Liquidation|p1a: Magneton\n|-damage|p1a: Magneton|74\/100\n|-unboost|p1a: Magneton|def|1\n|\n|upkeep\n|turn|3\n|\n|t:|1699051521\n|move|p1a: Magneton|Volt Switch|p2a: Dondozo\n|-supereffective|p2a: Dondozo\n|-damage|p2a: Dondozo|15\/100\n|\n|t:|1699051534\n|switch|p1a: Wyrdeer|Wyrdeer, M|100\/100|[from] Volt Switch\n|-ability|p1a: Wyrdeer|Intimidate|boost\n|-unboost|p2a: Dondozo|atk|1\n|move|p2a: Dondozo|Body Press|p1a: Wyrdeer\n|-damage|p1a: Wyrdeer|66\/100\n|\n|upkeep\n|turn|4\n|\n|t:|1699051557\n|move|p1a: Wyrdeer|Trick|p2a: Dondozo\n|-activate|p1a: Wyrdeer|move: Trick|[of] p2a: Dondozo\n|-item|p2a: Dondozo|Choice Specs|[from] move: Trick\n|-item|p1a: Wyrdeer|Heavy-Duty Boots|[from] move: Trick\n|move|p2a: Dondozo|Sleep Talk||[still]\n|-fail|p2a: Dondozo\n|\n|upkeep\n|turn|5\n|\n|t:|1699051586\n|move|p1a: Wyrdeer|Psyshock|p2a: Dondozo\n|-damage|p2a: Dondozo|0 fnt\n|faint|p2a: Dondozo\n|\n|upkeep\n|\n|t:|1699051591\n|switch|p2a: Krookodile|Krookodile, M|100\/100\n|-ability|p2a: Krookodile|Intimidate|boost\n|-unboost|p1a: Wyrdeer|atk|1\n|turn|6\n|c|\u2606Jonusto|thanks for the item\n|\n|t:|1699051602\n|-terastallize|p1a: Wyrdeer|Fairy\n|move|p2a: Krookodile|Earthquake|p1a: Wyrdeer\n|-damage|p1a: Wyrdeer|0 fnt\n|faint|p1a: Wyrdeer\n|\n|upkeep\n|c|\u2606Jonusto|dang bad move\n|\n|t:|1699051617\n|switch|p1a: Talonflame|Talonflame, M|100\/100\n|turn|7\n|c|\u2606TTanic|How so?\n|\n|t:|1699051621\n|move|p1a: Talonflame|Will-O-Wisp|p2a: Krookodile\n|-status|p2a: Krookodile|brn\n|move|p2a: Krookodile|Taunt|p1a: Talonflame\n|-start|p1a: Talonflame|move: Taunt\n|\n|-damage|p2a: Krookodile|94\/100 brn|[from] brn\n|upkeep\n|turn|8\n|c|\u2606Jonusto|on my part\n|c|\u2606Jonusto|because i used my tera\n|\n|t:|1699051637\n|move|p1a: Talonflame|U-turn|p2a: Krookodile\n|-supereffective|p2a: Krookodile\n|-damage|p2a: Krookodile|59\/100 brn\n|\n|t:|1699051647\n|switch|p1a: Barraskewda|Barraskewda, M|100\/100|[from] U-turn\n|move|p2a: Krookodile|Earthquake|p1a: Barraskewda\n|-crit|p1a: Barraskewda\n|-damage|p1a: Barraskewda|16\/100\n|\n|-damage|p2a: Krookodile|53\/100 brn|[from] brn\n|upkeep\n|turn|9\n|c|\u2606TTanic|Oh! I'm sure it won't be that bad, you'll win either way probably\n|\n|t:|1699051658\n|move|p1a: Barraskewda|Ice Fang|p2a: Krookodile\n|-supereffective|p2a: Krookodile\n|-damage|p2a: Krookodile|0 fnt\n|faint|p2a: Krookodile\n|\n|upkeep\n|\n|t:|1699051670\n|switch|p2a: Cinderace|Cinderace, M|100\/100\n|turn|10\n|\n|t:|1699051675\n|move|p1a: Barraskewda|Liquidation|p2a: Cinderace\n|-supereffective|p2a: Cinderace\n|-damage|p2a: Cinderace|0 fnt\n|faint|p2a: Cinderace\n|\n|upkeep\n|c|\u2606TTanic|Holy hell Cinderace's health is shit\n|c|\u2606Jonusto|its not that\n|\n|t:|1699051699\n|switch|p2a: Corviknight|Corviknight, M|100\/100\n|-ability|p2a: Corviknight|Pressure\n|turn|11\n|c|\u2606Jonusto|its my attack\n|c|\u2606Jonusto|and the super effectiveness\n|c|\u2606TTanic|Still, one shot!\n|\n|t:|1699051714\n|move|p1a: Barraskewda|Close Combat|p2a: Corviknight\n|-damage|p2a: Corviknight|74\/100\n|-unboost|p1a: Barraskewda|def|1\n|-unboost|p1a: Barraskewda|spd|1\n|move|p2a: Corviknight|U-turn|p1a: Barraskewda\n|-damage|p1a: Barraskewda|0 fnt\n|faint|p1a: Barraskewda\n|\n|t:|1699051728\n|switch|p2a: Sylveon|Sylveon, M|100\/100|[from] U-turn\n|\n|upkeep\n|\n|t:|1699051739\n|switch|p1a: Rotom|Rotom|100\/100\n|turn|12\n|\n|t:|1699051748\n|move|p1a: Rotom|Nasty Plot|p1a: Rotom\n|-boost|p1a: Rotom|spa|2\n|move|p2a: Sylveon|Calm Mind|p2a: Sylveon\n|-boost|p2a: Sylveon|spa|1\n|-boost|p2a: Sylveon|spd|1\n|\n|upkeep\n|turn|13\n|\n|t:|1699051758\n|move|p1a: Rotom|Shadow Ball|p2a: Sylveon\n|-damage|p2a: Sylveon|76\/100\n|move|p2a: Sylveon|Calm Mind|p2a: Sylveon\n|-boost|p2a: Sylveon|spa|1\n|-boost|p2a: Sylveon|spd|1\n|\n|-heal|p2a: Sylveon|82\/100|[from] item: Leftovers\n|upkeep\n|turn|14\n|\n|t:|1699051767\n|move|p1a: Rotom|Will-O-Wisp|p2a: Sylveon\n|-status|p2a: Sylveon|brn\n|move|p2a: Sylveon|Hyper Voice|p1a: Rotom\n|-damage|p1a: Rotom|0 fnt\n|faint|p1a: Rotom\n|\n|-heal|p2a: Sylveon|88\/100 brn|[from] item: Leftovers\n|-damage|p2a: Sylveon|82\/100 brn|[from] brn\n|upkeep\n|\n|t:|1699051773\n|switch|p1a: Toxtricity|Toxtricity, M|100\/100\n|turn|15\n|\n|t:|1699051787\n|move|p1a: Toxtricity|Boomburst|p2a: Sylveon\n|-damage|p2a: Sylveon|59\/100 brn\n|move|p2a: Sylveon|Hyper Voice|p1a: Toxtricity\n|-resisted|p1a: Toxtricity\n|-damage|p1a: Toxtricity|68\/100\n|\n|-heal|p2a: Sylveon|65\/100 brn|[from] item: Leftovers\n|-damage|p2a: Sylveon|59\/100 brn|[from] brn\n|upkeep\n|turn|16\n|\n|t:|1699051798\n|switch|p1a: Magneton|Magneton|74\/100\n|move|p2a: Sylveon|Wish|p2a: Sylveon\n|\n|-heal|p2a: Sylveon|65\/100 brn|[from] item: Leftovers\n|-damage|p2a: Sylveon|59\/100 brn|[from] brn\n|upkeep\n|turn|17\n|\n|t:|1699051805\n|move|p1a: Magneton|Volt Switch|p2a: Sylveon\n|-damage|p2a: Sylveon|49\/100 brn\n|\n|t:|1699051811\n|switch|p1a: Toxtricity|Toxtricity, M|68\/100|[from] Volt Switch\n|move|p2a: Sylveon|Calm Mind|p2a: Sylveon\n|-boost|p2a: Sylveon|spa|1\n|-boost|p2a: Sylveon|spd|1\n|\n|-heal|p2a: Sylveon|99\/100 brn|[from] move: Wish|[wisher] Sylveon\n|-heal|p2a: Sylveon|100\/100 brn|[from] item: Leftovers\n|-damage|p2a: Sylveon|94\/100 brn|[from] brn\n|upkeep\n|turn|18\n|\n|t:|1699051825\n|move|p1a: Toxtricity|Sludge Bomb|p2a: Sylveon\n|-supereffective|p2a: Sylveon\n|-damage|p2a: Sylveon|65\/100 brn\n|move|p2a: Sylveon|Hyper Voice|p1a: Toxtricity\n|-resisted|p1a: Toxtricity\n|-damage|p1a: Toxtricity|31\/100\n|\n|-heal|p2a: Sylveon|71\/100 brn|[from] item: Leftovers\n|-damage|p2a: Sylveon|65\/100 brn|[from] brn\n|upkeep\n|turn|19\n|\n|t:|1699051834\n|move|p1a: Toxtricity|Sludge Bomb|p2a: Sylveon\n|-supereffective|p2a: Sylveon\n|-damage|p2a: Sylveon|35\/100 brn\n|move|p2a: Sylveon|Hyper Voice|p1a: Toxtricity\n|-resisted|p1a: Toxtricity\n|-damage|p1a: Toxtricity|0 fnt\n|faint|p1a: Toxtricity\n|\n|-heal|p2a: Sylveon|41\/100 brn|[from] item: Leftovers\n|-damage|p2a: Sylveon|35\/100 brn|[from] brn\n|upkeep\n|\n|t:|1699051841\n|switch|p1a: Magneton|Magneton|74\/100\n|turn|20\n|\n|t:|1699051848\n|move|p1a: Magneton|Thunderbolt|p2a: Sylveon\n|-damage|p2a: Sylveon|24\/100 brn\n|move|p2a: Sylveon|Wish|p2a: Sylveon\n|\n|-heal|p2a: Sylveon|30\/100 brn|[from] item: Leftovers\n|-damage|p2a: Sylveon|24\/100 brn|[from] brn\n|upkeep\n|turn|21\n|\n|t:|1699051856\n|move|p1a: Magneton|Volt Switch|p2a: Sylveon\n|-damage|p2a: Sylveon|16\/100 brn\n|\n|t:|1699051859\n|switch|p1a: Talonflame|Talonflame, M|100\/100|[from] Volt Switch\n|move|p2a: Sylveon|Hyper Voice|p1a: Talonflame\n|-resisted|p1a: Talonflame\n|-damage|p1a: Talonflame|39\/100\n|\n|-heal|p2a: Sylveon|66\/100 brn|[from] move: Wish|[wisher] Sylveon\n|-heal|p2a: Sylveon|72\/100 brn|[from] item: Leftovers\n|-damage|p2a: Sylveon|66\/100 brn|[from] brn\n|upkeep\n|turn|22\n|\n|t:|1699051874\n|move|p1a: Talonflame|Roost|p1a: Talonflame\n|-heal|p1a: Talonflame|89\/100\n|-singleturn|p1a: Talonflame|move: Roost\n|move|p2a: Sylveon|Hyper Voice|p1a: Talonflame\n|-resisted|p1a: Talonflame\n|-damage|p1a: Talonflame|27\/100\n|\n|-heal|p2a: Sylveon|72\/100 brn|[from] item: Leftovers\n|-damage|p2a: Sylveon|66\/100 brn|[from] brn\n|upkeep\n|turn|23\n|\n|t:|1699051884\n|move|p1a: Talonflame|Roost|p1a: Talonflame\n|-heal|p1a: Talonflame|77\/100\n|-singleturn|p1a: Talonflame|move: Roost\n|move|p2a: Sylveon|Hyper Voice|p1a: Talonflame\n|-resisted|p1a: Talonflame\n|-damage|p1a: Talonflame|9\/100\n|\n|-heal|p2a: Sylveon|72\/100 brn|[from] item: Leftovers\n|-damage|p2a: Sylveon|66\/100 brn|[from] brn\n|upkeep\n|turn|24\n|\n|t:|1699051894\n|move|p1a: Talonflame|Flare Blitz|p2a: Sylveon\n|-damage|p2a: Sylveon|26\/100 brn\n|-damage|p1a: Talonflame|0 fnt|[from] Recoil\n|faint|p1a: Talonflame\n|move|p2a: Sylveon|Hyper Voice|p1: Talonflame|[notarget]\n|-fail|p2a: Sylveon\n|\n|-heal|p2a: Sylveon|32\/100 brn|[from] item: Leftovers\n|-damage|p2a: Sylveon|26\/100 brn|[from] brn\n|upkeep\n|\n|t:|1699051898\n|switch|p1a: Magneton|Magneton|74\/100\n|turn|25\n|\n|t:|1699051912\n|move|p1a: Magneton|Flash Cannon|p2a: Sylveon\n|-supereffective|p2a: Sylveon\n|-damage|p2a: Sylveon|7\/100 brn\n|move|p2a: Sylveon|Wish|p2a: Sylveon\n|\n|-heal|p2a: Sylveon|13\/100 brn|[from] item: Leftovers\n|-damage|p2a: Sylveon|7\/100 brn|[from] brn\n|upkeep\n|turn|26\n|c|\u2606Jonusto|gg cara mia\n|\n|t:|1699051941\n|move|p1a: Magneton|Flash Cannon|p2a: Sylveon\n|-supereffective|p2a: Sylveon\n|-damage|p2a: Sylveon|0 fnt\n|faint|p2a: Sylveon\n|\n|upkeep\n|\n|t:|1699051945\n|switch|p2a: Klawf|Klawf, M|100\/100\n|turn|27\n|c|\u2606TTanic|It's not over yet! Don't say that mi amor\n|c|\u2606TTanic|Have faith!\n|c|\u2606Jonusto|HSJSBSJBSB DID YOU CALL ME A SPANISH 'PET' NAME\n|\n|t:|1699051988\n|move|p2a: Klawf|Trailblaze|p1a: Magneton\n|-resisted|p1a: Magneton\n|-damage|p1a: Magneton|67\/100\n|-boost|p2a: Klawf|spe|1\n|move|p1a: Magneton|Flash Cannon|p2a: Klawf\n|-supereffective|p2a: Klawf\n|-damage|p2a: Klawf|0 fnt\n|faint|p2a: Klawf\n|\n|upkeep\n|c|\u2606TTanic|Maybeee\n|c|\u2606Jonusto|AAAAAAAAAAA\n|\n|t:|1699052003\n|switch|p2a: Corviknight|Corviknight, M|74\/100\n|-ability|p2a: Corviknight|Pressure\n|turn|28\n|\n|t:|1699052012\n|move|p1a: Magneton|Volt Switch|p2a: Corviknight\n|-supereffective|p2a: Corviknight\n|-damage|p2a: Corviknight|5\/100\n|move|p2a: Corviknight|Roost|p2a: Corviknight\n|-heal|p2a: Corviknight|55\/100\n|-singleturn|p2a: Corviknight|move: Roost\n|\n|-heal|p2a: Corviknight|61\/100|[from] item: Leftovers\n|upkeep\n|turn|29\n|c|\u2606Jonusto|oh dangit i didnt mean to do that!!\n|c|\u2606Jonusto|you threw me off my game but its ok\n|c|\u2606TTanic|I really think you may win\n|c|\u2606Jonusto|because it was cute\n|\n|t:|1699052046\n|move|p1a: Magneton|Flash Cannon|p2a: Corviknight\n|-resisted|p2a: Corviknight\n|-damage|p2a: Corviknight|38\/100\n|move|p2a: Corviknight|Brave Bird|p1a: Magneton\n|-resisted|p1a: Magneton\n|-damage|p1a: Magneton|58\/100\n|-damage|p2a: Corviknight|37\/100|[from] Recoil\n|\n|-heal|p2a: Corviknight|43\/100|[from] item: Leftovers\n|upkeep\n|turn|30\n|c|\u2606TTanic|You are too\n|c|\u2606Jonusto|hhh\n|\n|t:|1699052072\n|move|p1a: Magneton|Thunderbolt|p2a: Corviknight\n|-supereffective|p2a: Corviknight\n|-damage|p2a: Corviknight|0 fnt\n|faint|p2a: Corviknight\n|\n|win|Jonusto\n|c|\u2606TTanic|Told youuu !\n|c|\u2606Jonusto|ya y\n|l|\u2606Jonusto\n|c|\u2606TTanic|Well done my love!\n|j|\u2606Jonusto\n|player|p1|Jonusto|170\n|l|\u2606TTanic\n|c|\u2606Jonusto|one more?\n","uploadtime":1699052227,"views":10,"p1id":"jonusto","p2id":"ttanic","formatid":"gen9anythinggoes","rating":0,"private":0,"password":""}