{"id":"gen9anythinggoes-1998370864","p1":"GANATHUR","p2":"Testiculater","format":"[Gen 9] Anything Goes","log":"|j|\u2606GANATHUR\n|j|\u2606Testiculater\n|t:|1700934824\n|gametype|singles\n|player|p1|GANATHUR|fantina|\n|player|p2|Testiculater|biker-gen4|\n|teamsize|p1|6\n|teamsize|p2|6\n|gen|9\n|tier|[Gen 9] Anything Goes\n|rule|HP Percentage Mod: HP is shown in percentages\n|rule|Endless Battle Clause: Forcing endless battles is banned\n|clearpoke\n|poke|p1|Great Tusk|\n|poke|p1|Vaporeon, M|\n|poke|p1|Baxcalibur, M|\n|poke|p1|Volcarona, M|\n|poke|p1|Amoonguss, M|\n|poke|p1|Gholdengo|\n|poke|p2|Toxapex, M|\n|poke|p2|Torterra, M|\n|poke|p2|Amoonguss, F|\n|poke|p2|Cinderace, M|\n|poke|p2|Weezing-Galar, M|\n|poke|p2|Tropius, F|\n|teampreview\n|\n|t:|1700934836\n|start\n|switch|p1a: Volcarona|Volcarona, M, shiny|100\/100\n|switch|p2a: Tropius|Tropius, F|100\/100\n|turn|1\n|\n|t:|1700934843\n|-terastallize|p2a: Tropius|Rock\n|move|p1a: Volcarona|Fire Blast|p2a: Tropius|[miss]\n|-miss|p1a: Volcarona|p2a: Tropius\n|move|p2a: Tropius|Substitute|p2a: Tropius\n|-start|p2a: Tropius|Substitute\n|-damage|p2a: Tropius|75\/100\n|\n|upkeep\n|turn|2\n|\n|t:|1700934852\n|move|p1a: Volcarona|U-turn|p2a: Tropius\n|-activate|p2a: Tropius|move: Substitute|[damage]\n|j| vyskitt\n|\n|t:|1700934864\n|switch|p1a: Great Tusk|Great Tusk, shiny|100\/100|[from] U-turn\n|-enditem|p1a: Great Tusk|Booster Energy\n|-activate|p1a: Great Tusk|ability: Protosynthesis|[fromitem]\n|-start|p1a: Great Tusk|protosynthesisdef\n|move|p2a: Tropius|Leech Seed|p1a: Great Tusk\n|-start|p1a: Great Tusk|move: Leech Seed\n|\n|-damage|p1a: Great Tusk|88\/100|[from] Leech Seed|[of] p2a: Tropius\n|-heal|p2a: Tropius|87\/100|[silent]\n|upkeep\n|turn|3\n|\n|t:|1700934874\n|move|p1a: Great Tusk|Close Combat|p2a: Tropius\n|-supereffective|p2a: Tropius\n|-end|p2a: Tropius|Substitute\n|-unboost|p1a: Great Tusk|def|1\n|-unboost|p1a: Great Tusk|spd|1\n|move|p2a: Tropius|Hurricane|p1a: Great Tusk|[miss]\n|-miss|p2a: Tropius|p1a: Great Tusk\n|\n|-damage|p1a: Great Tusk|76\/100|[from] Leech Seed|[of] p2a: Tropius\n|-heal|p2a: Tropius|99\/100|[silent]\n|upkeep\n|turn|4\n|l| vyskitt\n|\n|t:|1700934893\n|switch|p2a: Weezing|Weezing-Galar, M, shiny|100\/100\n|move|p1a: Great Tusk|Close Combat|p2a: Weezing\n|-resisted|p2a: Weezing\n|-damage|p2a: Weezing|88\/100\n|-unboost|p1a: Great Tusk|def|1\n|-unboost|p1a: Great Tusk|spd|1\n|\n|-damage|p1a: Great Tusk|64\/100|[from] Leech Seed|[of] p2a: Weezing\n|-heal|p2a: Weezing|100\/100|[silent]\n|upkeep\n|turn|5\n|\n|t:|1700934909\n|-end|p1a: Great Tusk|Protosynthesis|[silent]\n|switch|p1a: Volcarona|Volcarona, M, shiny|100\/100\n|move|p2a: Weezing|Dazzling Gleam|p1a: Volcarona\n|-resisted|p1a: Volcarona\n|-damage|p1a: Volcarona|85\/100\n|\n|upkeep\n|turn|6\n|\n|t:|1700934923\n|move|p1a: Volcarona|Fiery Dance|p2a: Weezing\n|-damage|p2a: Weezing|41\/100\n|move|p2a: Weezing|Toxic Spikes|p1a: Volcarona\n|-sidestart|p1: GANATHUR|move: Toxic Spikes\n|\n|upkeep\n|turn|7\n|\n|t:|1700934931\n|switch|p2a: Tropius|Tropius, F, tera:Rock|99\/100\n|move|p1a: Volcarona|Fiery Dance|p2a: Tropius\n|-resisted|p2a: Tropius\n|-damage|p2a: Tropius|77\/100\n|-boost|p1a: Volcarona|spa|1\n|\n|upkeep\n|turn|8\n|\n|t:|1700934944\n|switch|p1a: Amoonguss|Amoonguss, M, shiny|100\/100\n|-sideend|p1: GANATHUR|move: Toxic Spikes|[of] p1a: Amoonguss\n|move|p2a: Tropius|Leech Seed|p1a: Amoonguss\n|-immune|p1a: Amoonguss\n|\n|upkeep\n|turn|9\n|\n|t:|1700934951\n|move|p2a: Tropius|Hurricane|p1a: Amoonguss\n|-supereffective|p1a: Amoonguss\n|-damage|p1a: Amoonguss|55\/100\n|move|p1a: Amoonguss|Spore|p2a: Tropius\n|-status|p2a: Tropius|slp|[from] move: Spore\n|\n|upkeep\n|turn|10\n|\n|t:|1700934962\n|cant|p2a: Tropius|slp\n|move|p1a: Amoonguss|Stun Spore||[still]\n|-fail|p1a: Amoonguss\n|\n|upkeep\n|turn|11\n|\n|t:|1700934967\n|-curestatus|p2a: Tropius|slp|[msg]\n|move|p2a: Tropius|Substitute|p2a: Tropius\n|-start|p2a: Tropius|Substitute\n|-damage|p2a: Tropius|52\/100\n|move|p1a: Amoonguss|Spore||[still]\n|-fail|p1a: Amoonguss\n|\n|upkeep\n|turn|12\n|\n|t:|1700934978\n|switch|p1a: Great Tusk|Great Tusk, shiny|64\/100\n|move|p2a: Tropius|Hurricane|p1a: Great Tusk\n|-supereffective|p1a: Great Tusk\n|-damage|p1a: Great Tusk|0 fnt\n|faint|p1a: Great Tusk\n|-end|p1a: Great Tusk|Protosynthesis|[silent]\n|\n|upkeep\n|\n|t:|1700934984\n|switch|p1a: Baxcalibur|Baxcalibur, M, shiny|100\/100\n|turn|13\n|\n|t:|1700934991\n|switch|p2a: Cinderace|Cinderace, M|100\/100\n|move|p1a: Baxcalibur|Blizzard|p2a: Cinderace\n|-resisted|p2a: Cinderace\n|-damage|p2a: Cinderace|67\/100\n|-status|p2a: Cinderace|frz\n|\n|upkeep\n|turn|14\n|\n|t:|1700935017\n|switch|p2a: Weezing|Weezing-Galar, M, shiny|41\/100\n|move|p1a: Baxcalibur|Dragon Pulse|p2a: Weezing\n|-immune|p2a: Weezing\n|\n|upkeep\n|turn|15\n|\n|t:|1700935028\n|switch|p1a: Volcarona|Volcarona, M, shiny|85\/100\n|move|p2a: Weezing|Dazzling Gleam|p1a: Volcarona\n|-resisted|p1a: Volcarona\n|-crit|p1a: Volcarona\n|-damage|p1a: Volcarona|63\/100\n|\n|upkeep\n|turn|16\n|\n|t:|1700935042\n|switch|p2a: Cinderace|Cinderace, M|67\/100 frz\n|move|p1a: Volcarona|Fiery Dance|p2a: Cinderace\n|-resisted|p2a: Cinderace\n|-damage|p2a: Cinderace|36\/100 frz\n|-curestatus|p2a: Cinderace|frz|[msg]\n|\n|upkeep\n|turn|17\n|\n|t:|1700935060\n|move|p2a: Cinderace|Bounce||[still]\n|-prepare|p2a: Cinderace|Bounce\n|-start|p2a: Cinderace|typechange|Flying|[from] ability: Libero\n|move|p1a: Volcarona|U-turn|p2a: Cinderace|[miss]\n|-miss|p1a: Volcarona|p2a: Cinderace\n|\n|upkeep\n|turn|18\n|\n|t:|1700935067\n|move|p1a: Volcarona|Protect|p1a: Volcarona\n|-singleturn|p1a: Volcarona|Protect\n|move|p2a: Cinderace|Bounce|p1a: Volcarona|[from]lockedmove\n|-activate|p1a: Volcarona|move: Protect\n|\n|upkeep\n|turn|19\n|\n|t:|1700935080\n|move|p2a: Cinderace|High Jump Kick|p1a: Volcarona\n|-resisted|p1a: Volcarona\n|-damage|p1a: Volcarona|35\/100\n|move|p1a: Volcarona|U-turn|p2a: Cinderace\n|-resisted|p2a: Cinderace\n|-damage|p2a: Cinderace|24\/100\n|\n|t:|1700935085\n|switch|p1a: Gholdengo|Gholdengo, shiny|100\/100|[from] U-turn\n|\n|upkeep\n|turn|20\n|\n|t:|1700935101\n|move|p1a: Gholdengo|Protect|p1a: Gholdengo\n|-singleturn|p1a: Gholdengo|Protect\n|move|p2a: Cinderace|Pyro Ball|p1a: Gholdengo\n|-activate|p1a: Gholdengo|move: Protect\n|\n|upkeep\n|turn|21\n|\n|t:|1700935109\n|move|p2a: Cinderace|Pyro Ball|p1a: Gholdengo\n|-supereffective|p1a: Gholdengo\n|-damage|p1a: Gholdengo|11\/100\n|move|p1a: Gholdengo|Shadow Ball|p2a: Cinderace\n|-damage|p2a: Cinderace|0 fnt\n|faint|p2a: Cinderace\n|\n|upkeep\n|\n|t:|1700935116\n|switch|p2a: Torterra|Torterra, M|100\/100\n|turn|22\n|\n|t:|1700935123\n|move|p1a: Gholdengo|Recover|p1a: Gholdengo\n|-heal|p1a: Gholdengo|61\/100\n|move|p2a: Torterra|Earthquake|p1a: Gholdengo\n|-supereffective|p1a: Gholdengo\n|-damage|p1a: Gholdengo|0 fnt\n|faint|p1a: Gholdengo\n|\n|upkeep\n|\n|t:|1700935130\n|switch|p1a: Baxcalibur|Baxcalibur, M, shiny|100\/100\n|turn|23\n|\n|t:|1700935137\n|switch|p2a: Toxapex|Toxapex, M, shiny|100\/100\n|move|p1a: Baxcalibur|Blizzard|p2a: Toxapex\n|-resisted|p2a: Toxapex\n|-damage|p2a: Toxapex|78\/100\n|\n|-heal|p2a: Toxapex|84\/100|[from] item: Black Sludge\n|upkeep\n|turn|24\n|\n|t:|1700935148\n|switch|p1a: Volcarona|Volcarona, M, shiny|35\/100\n|move|p2a: Toxapex|Gunk Shot|p1a: Volcarona\n|-damage|p1a: Volcarona|0 fnt\n|faint|p1a: Volcarona\n|\n|-heal|p2a: Toxapex|90\/100|[from] item: Black Sludge\n|upkeep\n|\n|t:|1700935176\n|switch|p1a: Amoonguss|Amoonguss, M, shiny|88\/100\n|turn|25\n|\n|t:|1700935185\n|switch|p2a: Tropius|Tropius, F, tera:Rock|52\/100\n|move|p1a: Amoonguss|Spore|p2a: Tropius\n|-status|p2a: Tropius|slp|[from] move: Spore\n|\n|upkeep\n|turn|26\n|\n|t:|1700935195\n|cant|p2a: Tropius|slp\n|move|p1a: Amoonguss|Sludge Bomb|p2a: Tropius\n|-resisted|p2a: Tropius\n|-damage|p2a: Tropius|37\/100 slp\n|\n|upkeep\n|turn|27\n|\n|t:|1700935203\n|cant|p2a: Tropius|slp\n|move|p1a: Amoonguss|Sludge Bomb|p2a: Tropius\n|-resisted|p2a: Tropius\n|-damage|p2a: Tropius|22\/100 slp\n|-enditem|p2a: Tropius|Wiki Berry|[eat]\n|-heal|p2a: Tropius|55\/100 slp|[from] item: Wiki Berry\n|\n|-item|p2a: Tropius|Wiki Berry|[from] ability: Harvest\n|upkeep\n|turn|28\n|\n|t:|1700935221\n|switch|p1a: Vaporeon|Vaporeon, M, shiny|100\/100\n|-curestatus|p2a: Tropius|slp|[msg]\n|move|p2a: Tropius|Substitute|p2a: Tropius\n|-start|p2a: Tropius|Substitute\n|-damage|p2a: Tropius|30\/100\n|\n|upkeep\n|turn|29\n|\n|t:|1700935233\n|move|p2a: Tropius|Leech Seed|p1a: Vaporeon\n|-start|p1a: Vaporeon|move: Leech Seed\n|move|p1a: Vaporeon|Hydro Pump|p2a: Tropius|[miss]\n|-miss|p1a: Vaporeon|p2a: Tropius\n|\n|-damage|p1a: Vaporeon|88\/100|[from] Leech Seed|[of] p2a: Tropius\n|-heal|p2a: Tropius|43\/100|[silent]\n|upkeep\n|turn|30\n|\n|t:|1700935243\n|move|p2a: Tropius|Hurricane|p1a: Vaporeon|[miss]\n|-miss|p2a: Tropius|p1a: Vaporeon\n|move|p1a: Vaporeon|Liquidation|p2a: Tropius\n|-supereffective|p2a: Tropius\n|-end|p2a: Tropius|Substitute\n|\n|-damage|p1a: Vaporeon|76\/100|[from] Leech Seed|[of] p2a: Tropius\n|-heal|p2a: Tropius|57\/100|[silent]\n|upkeep\n|turn|31\n|\n|t:|1700935252\n|move|p2a: Tropius|Substitute|p2a: Tropius\n|-start|p2a: Tropius|Substitute\n|-damage|p2a: Tropius|32\/100\n|move|p1a: Vaporeon|Liquidation|p2a: Tropius\n|-supereffective|p2a: Tropius\n|-end|p2a: Tropius|Substitute\n|\n|-damage|p1a: Vaporeon|63\/100|[from] Leech Seed|[of] p2a: Tropius\n|-heal|p2a: Tropius|45\/100|[silent]\n|upkeep\n|turn|32\n|\n|t:|1700935260\n|move|p2a: Tropius|Substitute|p2a: Tropius\n|-start|p2a: Tropius|Substitute\n|-damage|p2a: Tropius|20\/100\n|-enditem|p2a: Tropius|Wiki Berry|[eat]\n|-heal|p2a: Tropius|53\/100|[from] item: Wiki Berry\n|move|p1a: Vaporeon|Liquidation|p2a: Tropius\n|-supereffective|p2a: Tropius\n|-end|p2a: Tropius|Substitute\n|\n|-damage|p1a: Vaporeon|51\/100|[from] Leech Seed|[of] p2a: Tropius\n|-heal|p2a: Tropius|66\/100|[silent]\n|-item|p2a: Tropius|Wiki Berry|[from] ability: Harvest\n|upkeep\n|turn|33\n|\n|t:|1700935270\n|move|p2a: Tropius|Substitute|p2a: Tropius\n|-start|p2a: Tropius|Substitute\n|-damage|p2a: Tropius|41\/100\n|move|p1a: Vaporeon|Liquidation|p2a: Tropius\n|-supereffective|p2a: Tropius\n|-crit|p2a: Tropius\n|-end|p2a: Tropius|Substitute\n|\n|-damage|p1a: Vaporeon|38\/100|[from] Leech Seed|[of] p2a: Tropius\n|-heal|p2a: Tropius|55\/100|[silent]\n|upkeep\n|turn|34\n|\n|t:|1700935286\n|switch|p1a: Baxcalibur|Baxcalibur, M, shiny|100\/100\n|move|p2a: Tropius|Substitute|p2a: Tropius\n|-start|p2a: Tropius|Substitute\n|-damage|p2a: Tropius|30\/100\n|\n|upkeep\n|turn|35\n|\n|t:|1700935296\n|move|p1a: Baxcalibur|Blizzard|p2a: Tropius|[miss]\n|-miss|p1a: Baxcalibur|p2a: Tropius\n|move|p2a: Tropius|Leech Seed|p1a: Baxcalibur\n|-start|p1a: Baxcalibur|move: Leech Seed\n|\n|-damage|p1a: Baxcalibur|88\/100|[from] Leech Seed|[of] p2a: Tropius\n|-heal|p2a: Tropius|42\/100|[silent]\n|upkeep\n|turn|36\n|\n|t:|1700935307\n|move|p1a: Baxcalibur|Dragon Pulse|p2a: Tropius\n|-end|p2a: Tropius|Substitute\n|move|p2a: Tropius|Hurricane|p1a: Baxcalibur\n|-damage|p1a: Baxcalibur|61\/100\n|-start|p1a: Baxcalibur|confusion\n|\n|-damage|p1a: Baxcalibur|49\/100|[from] Leech Seed|[of] p2a: Tropius\n|-heal|p2a: Tropius|54\/100|[silent]\n|upkeep\n|turn|37\n|\n|t:|1700935316\n|-activate|p1a: Baxcalibur|confusion\n|-damage|p1a: Baxcalibur|40\/100|[from] confusion\n|move|p2a: Tropius|Substitute|p2a: Tropius\n|-start|p2a: Tropius|Substitute\n|-damage|p2a: Tropius|29\/100\n|\n|-damage|p1a: Baxcalibur|27\/100|[from] Leech Seed|[of] p2a: Tropius\n|-heal|p2a: Tropius|41\/100|[silent]\n|upkeep\n|turn|38\n|\n|t:|1700935323\n|-activate|p1a: Baxcalibur|confusion\n|-damage|p1a: Baxcalibur|19\/100|[from] confusion\n|move|p2a: Tropius|Substitute|p2a: Tropius\n|-fail|p2a: Tropius|move: Substitute\n|\n|-damage|p1a: Baxcalibur|7\/100|[from] Leech Seed|[of] p2a: Tropius\n|-heal|p2a: Tropius|54\/100|[silent]\n|upkeep\n|turn|39\n|\n|t:|1700935331\n|switch|p1a: Amoonguss|Amoonguss, M, shiny|100\/100\n|move|p2a: Tropius|Substitute|p2a: Tropius\n|-fail|p2a: Tropius|move: Substitute\n|\n|upkeep\n|turn|40\n|\n|t:|1700935336\n|move|p2a: Tropius|Hurricane|p1a: Amoonguss\n|-supereffective|p1a: Amoonguss\n|-damage|p1a: Amoonguss|53\/100\n|-start|p1a: Amoonguss|confusion\n|-activate|p1a: Amoonguss|confusion\n|move|p1a: Amoonguss|Sludge Bomb|p2a: Tropius\n|-resisted|p2a: Tropius\n|-activate|p2a: Tropius|move: Substitute|[damage]\n|\n|upkeep\n|turn|41\n|\n|t:|1700935344\n|move|p2a: Tropius|Hurricane|p1a: Amoonguss\n|-supereffective|p1a: Amoonguss\n|-damage|p1a: Amoonguss|2\/100\n|-activate|p1a: Amoonguss|confusion\n|-damage|p1a: Amoonguss|0 fnt|[from] confusion\n|faint|p1a: Amoonguss\n|\n|upkeep\n|\n|t:|1700935352\n|switch|p1a: Vaporeon|Vaporeon, M, shiny|38\/100\n|turn|42\n|\n|t:|1700935355\n|move|p2a: Tropius|Leech Seed|p1a: Vaporeon\n|-start|p1a: Vaporeon|move: Leech Seed\n|move|p1a: Vaporeon|Liquidation|p2a: Tropius\n|-supereffective|p2a: Tropius\n|-end|p2a: Tropius|Substitute\n|\n|-damage|p1a: Vaporeon|26\/100|[from] Leech Seed|[of] p2a: Tropius\n|-heal|p2a: Tropius|67\/100|[silent]\n|upkeep\n|turn|43\n|\n|t:|1700935366\n|move|p2a: Tropius|Substitute|p2a: Tropius\n|-start|p2a: Tropius|Substitute\n|-damage|p2a: Tropius|42\/100\n|move|p1a: Vaporeon|Hydro Pump|p2a: Tropius\n|-supereffective|p2a: Tropius\n|-end|p2a: Tropius|Substitute\n|\n|-damage|p1a: Vaporeon|14\/100|[from] Leech Seed|[of] p2a: Tropius\n|-heal|p2a: Tropius|55\/100|[silent]\n|upkeep\n|turn|44\n|\n|t:|1700935377\n|move|p2a: Tropius|Substitute|p2a: Tropius\n|-start|p2a: Tropius|Substitute\n|-damage|p2a: Tropius|30\/100\n|move|p1a: Vaporeon|Liquidation|p2a: Tropius\n|-supereffective|p2a: Tropius\n|-end|p2a: Tropius|Substitute\n|\n|-damage|p1a: Vaporeon|1\/100|[from] Leech Seed|[of] p2a: Tropius\n|-heal|p2a: Tropius|43\/100|[silent]\n|upkeep\n|turn|45\n|\n|t:|1700935396\n|-terastallize|p1a: Vaporeon|Poison\n|move|p2a: Tropius|Protect|p2a: Tropius\n|-singleturn|p2a: Tropius|Protect\n|move|p1a: Vaporeon|Protect||[still]\n|-fail|p1a: Vaporeon\n|\n|-damage|p1a: Vaporeon|0 fnt|[from] Leech Seed|[of] p2a: Tropius\n|-heal|p2a: Tropius|44\/100|[silent]\n|faint|p1a: Vaporeon\n|upkeep\n|\n|t:|1700935405\n|switch|p1a: Baxcalibur|Baxcalibur, M, shiny|7\/100\n|turn|46\n|\n|t:|1700935411\n|move|p1a: Baxcalibur|Dragon Pulse|p2a: Tropius\n|-damage|p2a: Tropius|11\/100\n|-enditem|p2a: Tropius|Wiki Berry|[eat]\n|-heal|p2a: Tropius|44\/100|[from] item: Wiki Berry\n|move|p2a: Tropius|Leech Seed|p1a: Baxcalibur\n|-start|p1a: Baxcalibur|move: Leech Seed\n|\n|-damage|p1a: Baxcalibur|0 fnt|[from] Leech Seed|[of] p2a: Tropius\n|-heal|p2a: Tropius|50\/100|[silent]\n|faint|p1a: Baxcalibur\n|\n|win|Testiculater\n|upkeep\n|l|\u2606GANATHUR\n","uploadtime":1700935460,"views":3,"p1id":"ganathur","p2id":"testiculater","formatid":"gen9anythinggoes","rating":0,"private":0,"password":""}