{"id":"gen9anythinggoes-1989790100","p1":"gengengalixy","p2":"adeadpenguin","format":"[Gen 9] Anything Goes","log":"|j|\u2606gengengalixy\n|j|\u2606adeadpenguin\n|t:|1699895956\n|gametype|singles\n|player|p1|gengengalixy|169|1099\n|player|p2|adeadpenguin|266|1034\n|teamsize|p1|1\n|teamsize|p2|6\n|gen|9\n|tier|[Gen 9] Anything Goes\n|rated|\n|rule|HP Percentage Mod: HP is shown in percentages\n|rule|Endless Battle Clause: Forcing endless battles is banned\n|clearpoke\n|poke|p1|Salamence, M|\n|poke|p2|Azumarill, M|\n|poke|p2|Drifblim, M|\n|poke|p2|Miraidon|\n|poke|p2|Toxapex, M|\n|poke|p2|Garchomp, M|\n|poke|p2|Dragapult, F|\n|teampreview\n|\n|t:|1699895958\n|start\n|switch|p1a: limzrd wimzrd|Salamence, M|100\/100\n|switch|p2a: Drifblim|Drifblim, M, shiny|100\/100\n|turn|1\n|\n|t:|1699895966\n|move|p1a: limzrd wimzrd|Substitute|p1a: limzrd wimzrd\n|-start|p1a: limzrd wimzrd|Substitute\n|-damage|p1a: limzrd wimzrd|75\/100\n|move|p2a: Drifblim|Minimize|p2a: Drifblim\n|-boost|p2a: Drifblim|evasion|2\n|\n|-heal|p1a: limzrd wimzrd|82\/100|[from] item: Leftovers\n|upkeep\n|turn|2\n|\n|t:|1699895975\n|move|p1a: limzrd wimzrd|Dragon Dance|p1a: limzrd wimzrd\n|-boost|p1a: limzrd wimzrd|atk|1\n|-boost|p1a: limzrd wimzrd|spe|1\n|move|p2a: Drifblim|Minimize|p2a: Drifblim\n|-boost|p2a: Drifblim|evasion|2\n|\n|-heal|p1a: limzrd wimzrd|88\/100|[from] item: Leftovers\n|upkeep\n|turn|3\n|\n|t:|1699895983\n|move|p1a: limzrd wimzrd|Dragon Dance|p1a: limzrd wimzrd\n|-boost|p1a: limzrd wimzrd|atk|1\n|-boost|p1a: limzrd wimzrd|spe|1\n|move|p2a: Drifblim|Minimize|p2a: Drifblim\n|-boost|p2a: Drifblim|evasion|2\n|\n|-heal|p1a: limzrd wimzrd|94\/100|[from] item: Leftovers\n|upkeep\n|turn|4\n|\n|t:|1699895991\n|move|p1a: limzrd wimzrd|Dragon Dance|p1a: limzrd wimzrd\n|-boost|p1a: limzrd wimzrd|atk|1\n|-boost|p1a: limzrd wimzrd|spe|1\n|move|p2a: Drifblim|Calm Mind|p2a: Drifblim\n|-boost|p2a: Drifblim|spa|1\n|-boost|p2a: Drifblim|spd|1\n|\n|-heal|p1a: limzrd wimzrd|99\/100|[from] item: Leftovers\n|upkeep\n|turn|5\n|\n|t:|1699896002\n|move|p1a: limzrd wimzrd|Dual Wingbeat|p2a: Drifblim\n|-damage|p2a: Drifblim|28\/100\n|-damage|p2a: Drifblim|0 fnt\n|-damage|p1a: limzrd wimzrd|75\/100|[from] ability: Aftermath|[of] p2a: Drifblim\n|faint|p2a: Drifblim\n|-ability|p1a: limzrd wimzrd|Moxie|boost\n|-boost|p1a: limzrd wimzrd|atk|1\n|-hitcount|p2: Drifblim|2\n|\n|-heal|p1a: limzrd wimzrd|81\/100|[from] item: Leftovers\n|upkeep\n|\n|t:|1699896013\n|switch|p2a: Azumarill|Azumarill, M|100\/100\n|turn|6\n|c|\u2606gengengalixy|wheres your god now.\n|\n|t:|1699896021\n|move|p1a: limzrd wimzrd|Earthquake|p2a: Azumarill\n|-damage|p2a: Azumarill|0 fnt\n|faint|p2a: Azumarill\n|-ability|p1a: limzrd wimzrd|Moxie|boost\n|-boost|p1a: limzrd wimzrd|atk|1\n|\n|-heal|p1a: limzrd wimzrd|87\/100|[from] item: Leftovers\n|upkeep\n|\n|t:|1699896029\n|switch|p2a: Garchomp|Garchomp, M, shiny|100\/100\n|turn|7\n|c|\u2606gengengalixy|because ill tell you where he is\n|\n|t:|1699896033\n|move|p1a: limzrd wimzrd|Dual Wingbeat|p2a: Garchomp\n|-damage|p2a: Garchomp|26\/100\n|-damage|p1a: limzrd wimzrd|74\/100|[from] ability: Rough Skin|[of] p2a: Garchomp\n|-damage|p1a: limzrd wimzrd|58\/100|[from] item: Rocky Helmet|[of] p2a: Garchomp\n|-damage|p2a: Garchomp|0 fnt\n|-damage|p1a: limzrd wimzrd|45\/100|[from] ability: Rough Skin|[of] p2a: Garchomp\n|-damage|p1a: limzrd wimzrd|29\/100|[from] item: Rocky Helmet|[of] p2a: Garchomp\n|faint|p2a: Garchomp\n|-ability|p1a: limzrd wimzrd|Moxie|boost\n|-boost|p1a: limzrd wimzrd|atk|1\n|-hitcount|p2: Garchomp|2\n|\n|-heal|p1a: limzrd wimzrd|35\/100|[from] item: Leftovers\n|upkeep\n|c|\u2606gengengalixy|hes right here\n|c|\u2606gengengalixy|and hes fresh outta mercy\n|\n|t:|1699896052\n|switch|p2a: Miraidon|Miraidon|100\/100\n|-fieldstart|move: Electric Terrain|[from] ability: Hadron Engine|[of] p2a: Miraidon\n|-enditem|p2a: Miraidon|Electric Seed\n|-boost|p2a: Miraidon|def|1|[from] item: Electric Seed\n|turn|8\n|\n|t:|1699896060\n|-terastallize|p1a: limzrd wimzrd|Fairy\n|move|p1a: limzrd wimzrd|Dragon Dance|p1a: limzrd wimzrd\n|-boost|p1a: limzrd wimzrd|atk|0\n|-boost|p1a: limzrd wimzrd|spe|1\n|move|p2a: Miraidon|Electro Drift|p1a: limzrd wimzrd\n|-end|p1a: limzrd wimzrd|Substitute\n|\n|-heal|p1a: limzrd wimzrd|41\/100|[from] item: Leftovers\n|upkeep\n|turn|9\n|\n|t:|1699896070\n|move|p1a: limzrd wimzrd|Earthquake|p2a: Miraidon\n|-supereffective|p2a: Miraidon\n|-damage|p2a: Miraidon|0 fnt\n|faint|p2a: Miraidon\n|\n|-heal|p1a: limzrd wimzrd|47\/100|[from] item: Leftovers\n|upkeep\n|\n|t:|1699896075\n|switch|p2a: Dragapult|Dragapult, F|100\/100\n|turn|10\n|\n|t:|1699896079\n|move|p1a: limzrd wimzrd|Dual Wingbeat|p2a: Dragapult\n|-damage|p2a: Dragapult|0 fnt\n|faint|p2a: Dragapult\n|-hitcount|p2: Dragapult|1\n|\n|-heal|p1a: limzrd wimzrd|53\/100|[from] item: Leftovers\n|upkeep\n|-message|adeadpenguin forfeited.\n|\n|win|gengengalixy\n|raw|gengengalixy's rating: 1099 &rarr; <strong>1119<\/strong><br \/>(+20 for winning)\n|raw|adeadpenguin's rating: 1034 &rarr; <strong>1022<\/strong><br \/>(-12 for losing)\n|l|\u2606adeadpenguin\n","uploadtime":1699896086,"views":6,"p1id":"gengengalixy","p2id":"adeadpenguin","formatid":"gen9anythinggoes","rating":1022,"private":0,"password":""}