{"id":"gen9anythinggoes-1974195329","p1":"duck_the_meta","p2":"thepilotscode","format":"[Gen 9] Anything Goes","log":"|j|\u2606duck_the_meta\n|j|\u2606thepilotscode\n|t:|1698067214\n|gametype|singles\n|player|p1|duck_the_meta|harlequin|1047\n|player|p2|thepilotscode|volkner|1078\n|teamsize|p1|6\n|teamsize|p2|6\n|gen|9\n|tier|[Gen 9] Anything Goes\n|rated|\n|rule|HP Percentage Mod: HP is shown in percentages\n|rule|Endless Battle Clause: Forcing endless battles is banned\n|clearpoke\n|poke|p1|Slowbro-Galar, M|\n|poke|p1|Polteageist|\n|poke|p1|Copperajah, F|\n|poke|p1|Milotic, F|\n|poke|p1|Furret, F|\n|poke|p1|Jirachi|\n|poke|p2|Krookodile, M|\n|poke|p2|Chandelure, F|\n|poke|p2|Haxorus, M|\n|poke|p2|Torterra, M|\n|poke|p2|Vaporeon, F|\n|poke|p2|Gliscor, F|\n|teampreview\n|\n|t:|1698067217\n|start\n|switch|p1a: Dynamo Bean|Jirachi|100\/100\n|switch|p2a: Wheatley|Gliscor, F|100\/100\n|turn|1\n|c|\u2606duck_the_meta|oh no\n|c|\u2606duck_the_meta|he's gonna become evil\n|\n|t:|1698067232\n|move|p1a: Dynamo Bean|Charge Beam|p2a: Wheatley\n|-immune|p2a: Wheatley\n|move|p2a: Wheatley|Agility|p2a: Wheatley\n|-boost|p2a: Wheatley|spe|2\n|\n|-status|p2a: Wheatley|tox|[from] item: Toxic Orb\n|upkeep\n|turn|2\n|\n|t:|1698067246\n|move|p2a: Wheatley|Toxic Spikes|p1a: Dynamo Bean\n|-sidestart|p1: duck_the_meta|move: Toxic Spikes\n|move|p1a: Dynamo Bean|Water Pulse|p2a: Wheatley\n|-supereffective|p2a: Wheatley\n|-damage|p2a: Wheatley|61\/100 tox\n|\n|-heal|p2a: Wheatley|73\/100 tox|[from] ability: Poison Heal\n|upkeep\n|turn|3\n|\n|t:|1698067253\n|move|p2a: Wheatley|Toxic Spikes|p1a: Dynamo Bean\n|-sidestart|p1: duck_the_meta|move: Toxic Spikes\n|move|p1a: Dynamo Bean|Water Pulse|p2a: Wheatley\n|-supereffective|p2a: Wheatley\n|-damage|p2a: Wheatley|36\/100 tox\n|\n|-heal|p2a: Wheatley|48\/100 tox|[from] ability: Poison Heal\n|upkeep\n|turn|4\n|\n|t:|1698067260\n|move|p2a: Wheatley|Baton Pass|p2a: Wheatley\n|\n|t:|1698067266\n|switch|p2a: Leonardo|Torterra, M|100\/100|[from] Baton Pass\n|move|p1a: Dynamo Bean|Doom Desire|p2a: Leonardo\n|-start|p1a: Dynamo Bean|Doom Desire\n|\n|upkeep\n|turn|5\n|\n|t:|1698067277\n|move|p2a: Leonardo|Shell Smash|p2a: Leonardo\n|-unboost|p2a: Leonardo|def|1\n|-unboost|p2a: Leonardo|spd|1\n|-boost|p2a: Leonardo|atk|2\n|-boost|p2a: Leonardo|spa|2\n|-boost|p2a: Leonardo|spe|2\n|move|p1a: Dynamo Bean|Water Pulse|p2a: Leonardo\n|-damage|p2a: Leonardo|70\/100\n|\n|upkeep\n|turn|6\n|\n|t:|1698067290\n|move|p2a: Leonardo|Earthquake|p1a: Dynamo Bean\n|-supereffective|p1a: Dynamo Bean\n|-damage|p1a: Dynamo Bean|0 fnt\n|faint|p1a: Dynamo Bean\n|\n|-end|p2a: Leonardo|move: Doom Desire\n|-damage|p2a: Leonardo|0 fnt\n|faint|p2a: Leonardo\n|upkeep\n|c|\u2606duck_the_meta|equel balance\n|c|\u2606duck_the_meta|you get what you fishin deserve\n|\n|t:|1698067305\n|switch|p1a: Fuck Setup :3|Furret, F, shiny|100\/100\n|switch|p2a: Wheatley|Gliscor, F|48\/100 tox\n|turn|7\n|c|\u2606thepilotscode|as all things should be\n|\n|t:|1698067322\n|move|p1a: Fuck Setup :3|Tidy Up|p1a: Fuck Setup :3\n|-sideend|p1: duck_the_meta|Toxic Spikes\n|-activate|p1a: Fuck Setup :3|move: Tidy Up\n|-boost|p1a: Fuck Setup :3|atk|1\n|-boost|p1a: Fuck Setup :3|spe|1\n|move|p2a: Wheatley|Agility|p2a: Wheatley\n|-boost|p2a: Wheatley|spe|2\n|\n|-heal|p2a: Wheatley|61\/100 tox|[from] ability: Poison Heal\n|upkeep\n|turn|8\n|\n|t:|1698067335\n|move|p1a: Fuck Setup :3|Play Rough|p2a: Wheatley\n|-damage|p2a: Wheatley|36\/100 tox\n|move|p2a: Wheatley|Swords Dance|p2a: Wheatley\n|-boost|p2a: Wheatley|atk|2\n|\n|-heal|p2a: Wheatley|49\/100 tox|[from] ability: Poison Heal\n|upkeep\n|turn|9\n|\n|t:|1698067345\n|move|p1a: Fuck Setup :3|U-turn|p2a: Wheatley\n|-resisted|p2a: Wheatley\n|-crit|p2a: Wheatley\n|-damage|p2a: Wheatley|34\/100 tox\n|\n|t:|1698067348\n|switch|p1a: Bri'ish|Polteageist, shiny|100\/100|[from] U-turn\n|move|p2a: Wheatley|Baton Pass|p2a: Wheatley\n|\n|t:|1698067352\n|switch|p2a: Cool Croc|Krookodile, M, shiny|100\/100|[from] Baton Pass\n|\n|upkeep\n|turn|10\n|c|\u2606thepilotscode|you fool!\n|\n|t:|1698067362\n|move|p2a: Cool Croc|Knock Off|p1a: Bri'ish\n|-supereffective|p1a: Bri'ish\n|-enditem|p1a: Bri'ish|Focus Sash\n|-damage|p1a: Bri'ish|1\/100\n|-ability|p1a: Bri'ish|Weak Armor|boost\n|-unboost|p1a: Bri'ish|def|1\n|-boost|p1a: Bri'ish|spe|2\n|move|p1a: Bri'ish|Shell Smash|p1a: Bri'ish\n|-unboost|p1a: Bri'ish|def|1\n|-unboost|p1a: Bri'ish|spd|1\n|-boost|p1a: Bri'ish|atk|2\n|-boost|p1a: Bri'ish|spa|2\n|-boost|p1a: Bri'ish|spe|2\n|\n|upkeep\n|turn|11\n|c|\u2606duck_the_meta|grogodile\n|c|\u2606thepilotscode|you've activated my trap card\n|\n|t:|1698067381\n|-terastallize|p1a: Bri'ish|Normal\n|move|p1a: Bri'ish|Stored Power|p2a: Cool Croc\n|-immune|p2a: Cool Croc\n|move|p2a: Cool Croc|Thunder Fang|p1a: Bri'ish\n|-damage|p1a: Bri'ish|0 fnt\n|faint|p1a: Bri'ish\n|-ability|p2a: Cool Croc|Moxie|boost\n|-boost|p2a: Cool Croc|atk|1\n|\n|upkeep\n|c|\u2606duck_the_meta|fucg\n|\n|t:|1698067390\n|switch|p1a: Ivory Ella|Copperajah, F, shiny|100\/100\n|turn|12\n|\n|t:|1698067398\n|move|p2a: Cool Croc|Earthquake|p1a: Ivory Ella\n|-supereffective|p1a: Ivory Ella\n|-damage|p1a: Ivory Ella|0 fnt\n|faint|p1a: Ivory Ella\n|-ability|p2a: Cool Croc|Moxie|boost\n|-boost|p2a: Cool Croc|atk|1\n|\n|upkeep\n|\n|t:|1698067405\n|switch|p1a: Stanley|Slowbro-Galar, M|100\/100\n|turn|13\n|\n|t:|1698067414\n|move|p2a: Cool Croc|Knock Off|p1a: Stanley\n|-supereffective|p1a: Stanley\n|-damage|p1a: Stanley|0 fnt\n|-enditem|p1a: Stanley|Leftovers|[from] move: Knock Off|[of] p2a: Cool Croc\n|faint|p1a: Stanley\n|-ability|p2a: Cool Croc|Moxie|boost\n|-boost|p2a: Cool Croc|atk|1\n|\n|upkeep\n|c|\u2606duck_the_meta|nhoh\n|\n|t:|1698067421\n|switch|p1a: Fuck Setup :3|Furret, F, shiny|100\/100\n|turn|14\n|\n|t:|1698067431\n|-singleturn|p1a: Fuck Setup :3|move: Focus Punch\n|move|p2a: Cool Croc|Knock Off|p1a: Fuck Setup :3\n|-damage|p1a: Fuck Setup :3|0 fnt\n|-enditem|p1a: Fuck Setup :3|Heavy-Duty Boots|[from] move: Knock Off|[of] p2a: Cool Croc\n|faint|p1a: Fuck Setup :3\n|-ability|p2a: Cool Croc|Moxie|boost\n|-boost|p2a: Cool Croc|atk|1\n|\n|upkeep\n|\n|t:|1698067438\n|switch|p1a: Dem Predy Fishes|Milotic, F|100\/100\n|turn|15\n|\n|t:|1698067443\n|move|p2a: Cool Croc|Thunder Fang|p1a: Dem Predy Fishes\n|-supereffective|p1a: Dem Predy Fishes\n|-damage|p1a: Dem Predy Fishes|0 fnt\n|faint|p1a: Dem Predy Fishes\n|\n|win|thepilotscode\n|raw|duck_the_meta's rating: 1047 &rarr; <strong>1031<\/strong><br \/>(-16 for losing)\n|raw|thepilotscode's rating: 1078 &rarr; <strong>1104<\/strong><br \/>(+26 for winning)\n|c|\u2606duck_the_meta|gg\n|l|\u2606duck_the_meta\n|c|\u2606thepilotscode|gg\n","uploadtime":1698067462,"views":6,"p1id":"duckthemeta","p2id":"thepilotscode","formatid":"gen9anythinggoes","rating":1031,"private":0,"password":""}