{"id":"gen9anythinggoes-1993891180","p1":"AltaltLyly","p2":"losttyrant","format":"[Gen 9] Anything Goes","log":"|j|\u2606AltaltLyly\n|j|\u2606losttyrant\n|t:|1700370889\n|gametype|singles\n|player|p1|AltaltLyly|winona|\n|player|p2|losttyrant|volkner|\n|teamsize|p1|6\n|teamsize|p2|6\n|gen|9\n|tier|[Gen 9] Anything Goes\n|rule|HP Percentage Mod: HP is shown in percentages\n|rule|Endless Battle Clause: Forcing endless battles is banned\n|clearpoke\n|poke|p1|Giratina-Origin|\n|poke|p1|Alomomola, F|\n|poke|p1|Ninetales-Alola, F|\n|poke|p1|Hippowdon, F|\n|poke|p1|Glimmora, F|\n|poke|p1|Delphox, F|\n|poke|p2|Groudon|\n|poke|p2|Walking Wake|\n|poke|p2|Typhlosion, F|\n|poke|p2|Palossand, M|\n|poke|p2|Gogoat, F|\n|poke|p2|Dachsbun, F|\n|teampreview\n|\n|t:|1700370914\n|start\n|switch|p1a: Rust|Glimmora, F, shiny|100\/100\n|switch|p2a: Palossand|Palossand, M|100\/100\n|-item|p1a: Rust|Air Balloon\n|turn|1\n|j| The King Dorko\n|c|\u2606losttyrant|oi\n|\n|t:|1700370929\n|move|p1a: Rust|Stealth Rock|p2a: Palossand\n|-sidestart|p2: losttyrant|move: Stealth Rock\n|move|p2a: Palossand|Sunny Day|p2a: Palossand\n|-weather|SunnyDay\n|\n|-weather|SunnyDay|[upkeep]\n|upkeep\n|turn|2\n|c|\u2606losttyrant|who let him in\n|\n|t:|1700370939\n|move|p1a: Rust|Energy Ball|p2a: Palossand\n|-supereffective|p2a: Palossand\n|-damage|p2a: Palossand|55\/100\n|move|p2a: Palossand|Giga Drain|p1a: Rust\n|-damage|p1a: Rust|79\/100\n|-heal|p2a: Palossand|65\/100|[from] drain|[of] p1a: Rust\n|-enditem|p1a: Rust|Air Balloon\n|\n|-weather|SunnyDay|[upkeep]\n|upkeep\n|turn|3\n|\n|t:|1700370966\n|switch|p1a: Weakness|Giratina-Origin, shiny|100\/100\n|move|p2a: Palossand|Earth Power|p1a: Weakness\n|-immune|p1a: Weakness|[from] ability: Levitate\n|\n|-weather|SunnyDay|[upkeep]\n|upkeep\n|turn|4\n|c|\u2606losttyrant|iq too big\n|\n|t:|1700370990\n|move|p1a: Weakness|Poltergeist|p2a: Palossand\n|-activate|p2a: Palossand|move: Poltergeist|Rocky Helmet\n|-supereffective|p2a: Palossand\n|-crit|p2a: Palossand\n|-damage|p2a: Palossand|0 fnt\n|faint|p2a: Palossand\n|\n|-weather|SunnyDay|[upkeep]\n|upkeep\n|\n|t:|1700371006\n|switch|p2a: Typhlosion|Typhlosion, F|100\/100\n|-damage|p2a: Typhlosion|76\/100|[from] Stealth Rock\n|turn|5\n|\n|t:|1700371032\n|switch|p1a: Scorched|Delphox, F, shiny|100\/100\n|move|p2a: Typhlosion|Shadow Ball|p1a: Scorched\n|-supereffective|p1a: Scorched\n|-damage|p1a: Scorched|24\/100\n|\n|-weather|none\n|upkeep\n|turn|6\n|\n|t:|1700371053\n|switch|p1a: Vulnerability|Alomomola, F, shiny|100\/100\n|move|p2a: Typhlosion|Shadow Ball|p1a: Vulnerability\n|-crit|p1a: Vulnerability\n|-damage|p1a: Vulnerability|54\/100\n|-unboost|p1a: Vulnerability|spd|1\n|\n|upkeep\n|turn|7\n|\n|t:|1700371065\n|switch|p1a: Erosion|Hippowdon, F|100\/100\n|-weather|Sandstorm|[from] ability: Sand Stream|[of] p1a: Erosion\n|move|p2a: Typhlosion|Shadow Ball|p1a: Erosion\n|-damage|p1a: Erosion|70\/100\n|-unboost|p1a: Erosion|spd|1\n|\n|-weather|Sandstorm|[upkeep]\n|-damage|p2a: Typhlosion|70\/100|[from] Sandstorm\n|-heal|p1a: Erosion|76\/100|[from] item: Leftovers\n|upkeep\n|turn|8\n|\n|t:|1700371081\n|switch|p2a: Groudon|Groudon|100\/100\n|-damage|p2a: Groudon|94\/100|[from] Stealth Rock\n|-weather|SunnyDay|[from] ability: Drought|[of] p2a: Groudon\n|move|p1a: Erosion|Amnesia|p1a: Erosion\n|-boost|p1a: Erosion|spd|2\n|\n|-weather|SunnyDay|[upkeep]\n|-heal|p2a: Groudon|100\/100|[from] item: Leftovers\n|-heal|p1a: Erosion|82\/100|[from] item: Leftovers\n|upkeep\n|turn|9\n|\n|t:|1700371100\n|switch|p1a: Vulnerability|Alomomola, F, shiny|87\/100\n|move|p2a: Groudon|Dragon Claw|p1a: Vulnerability\n|-damage|p1a: Vulnerability|66\/100\n|-damage|p2a: Groudon|84\/100|[from] item: Rocky Helmet|[of] p1a: Vulnerability\n|\n|-weather|SunnyDay|[upkeep]\n|-heal|p2a: Groudon|90\/100|[from] item: Leftovers\n|upkeep\n|turn|10\n|\n|t:|1700371112\n|move|p2a: Groudon|Thunder Wave|p1a: Vulnerability\n|-status|p1a: Vulnerability|par\n|cant|p1a: Vulnerability|par\n|\n|-weather|SunnyDay|[upkeep]\n|-heal|p2a: Groudon|96\/100|[from] item: Leftovers\n|upkeep\n|turn|11\n|\n|t:|1700371120\n|switch|p2a: Walking Wake|Walking Wake|100\/100\n|-damage|p2a: Walking Wake|88\/100|[from] Stealth Rock\n|-activate|p2a: Walking Wake|ability: Protosynthesis\n|-start|p2a: Walking Wake|protosynthesisspa\n|move|p1a: Vulnerability|Wish|p1a: Vulnerability\n|\n|-weather|SunnyDay|[upkeep]\n|upkeep\n|turn|12\n|\n|t:|1700371137\n|move|p1a: Vulnerability|Protect|p1a: Vulnerability\n|-singleturn|p1a: Vulnerability|Protect\n|move|p2a: Walking Wake|Knock Off|p1a: Vulnerability\n|-activate|p1a: Vulnerability|move: Protect\n|\n|-weather|none\n|-end|p2a: Walking Wake|Protosynthesis\n|-heal|p1a: Vulnerability|100\/100 par|[from] move: Wish|[wisher] Vulnerability\n|upkeep\n|turn|13\n|\n|t:|1700371151\n|switch|p1a: Rust|Glimmora, F, shiny|79\/100\n|move|p2a: Walking Wake|Knock Off|p1a: Rust\n|-damage|p1a: Rust|68\/100\n|-activate|p1a: Rust|ability: Toxic Debris\n|-sidestart|p2: losttyrant|move: Toxic Spikes\n|\n|upkeep\n|turn|14\n|\n|t:|1700371169\n|-end|p2a: Walking Wake|Protosynthesis|[silent]\n|switch|p2a: Groudon|Groudon|96\/100\n|-damage|p2a: Groudon|90\/100|[from] Stealth Rock\n|-status|p2a: Groudon|psn\n|-weather|SunnyDay|[from] ability: Drought|[of] p2a: Groudon\n|move|p1a: Rust|Sludge Wave|p2a: Groudon\n|-resisted|p2a: Groudon\n|-damage|p2a: Groudon|73\/100 psn\n|\n|-weather|SunnyDay|[upkeep]\n|-heal|p2a: Groudon|79\/100 psn|[from] item: Leftovers\n|-damage|p2a: Groudon|67\/100 psn|[from] psn\n|upkeep\n|turn|15\n|\n|t:|1700371187\n|switch|p1a: Vulnerability|Alomomola, F, shiny|100\/100 par\n|move|p2a: Groudon|Heavy Slam|p1a: Vulnerability\n|-resisted|p1a: Vulnerability\n|-damage|p1a: Vulnerability|85\/100 par\n|-damage|p2a: Groudon|50\/100 psn|[from] item: Rocky Helmet|[of] p1a: Vulnerability\n|\n|-weather|SunnyDay|[upkeep]\n|-heal|p2a: Groudon|57\/100 psn|[from] item: Leftovers\n|-damage|p2a: Groudon|44\/100 psn|[from] psn\n|upkeep\n|turn|16\n|\n|t:|1700371203\n|switch|p2a: Gogoat|Gogoat, F|100\/100\n|-damage|p2a: Gogoat|88\/100|[from] Stealth Rock\n|-status|p2a: Gogoat|psn\n|move|p1a: Vulnerability|Wish|p1a: Vulnerability\n|\n|-weather|SunnyDay|[upkeep]\n|-damage|p2a: Gogoat|76\/100 psn|[from] psn\n|upkeep\n|turn|17\n|\n|t:|1700371212\n|move|p2a: Gogoat|Bulk Up|p2a: Gogoat\n|-boost|p2a: Gogoat|atk|1\n|-boost|p2a: Gogoat|def|1\n|move|p1a: Vulnerability|Flip Turn|p2a: Gogoat\n|-resisted|p2a: Gogoat\n|-damage|p2a: Gogoat|73\/100 psn\n|\n|t:|1700371219\n|switch|p1a: Scorched|Delphox, F, shiny|24\/100|[from] Flip Turn\n|\n|-weather|SunnyDay|[upkeep]\n|-heal|p1a: Scorched|100\/100|[from] move: Wish|[wisher] Vulnerability\n|-damage|p2a: Gogoat|61\/100 psn|[from] psn\n|upkeep\n|turn|18\n|\n|t:|1700371232\n|move|p1a: Scorched|Nasty Plot|p1a: Scorched\n|-boost|p1a: Scorched|spa|2\n|move|p2a: Gogoat|Earthquake|p1a: Scorched\n|-supereffective|p1a: Scorched\n|-damage|p1a: Scorched|20\/100\n|\n|-weather|none\n|-damage|p2a: Gogoat|48\/100 psn|[from] psn\n|upkeep\n|turn|19\n|\n|t:|1700371242\n|switch|p2a: Dachsbun|Dachsbun, F|100\/100\n|-damage|p2a: Dachsbun|88\/100|[from] Stealth Rock\n|-status|p2a: Dachsbun|psn\n|move|p1a: Scorched|Flamethrower|p2a: Dachsbun\n|-ability|p2a: Dachsbun|Well-Baked Body|boost\n|-boost|p2a: Dachsbun|def|2\n|\n|-damage|p2a: Dachsbun|76\/100 psn|[from] psn\n|upkeep\n|turn|20\n|\n|t:|1700371259\n|switch|p1a: Rust|Glimmora, F, shiny|68\/100\n|move|p2a: Dachsbun|Play Rough|p1a: Rust\n|-resisted|p1a: Rust\n|-damage|p1a: Rust|57\/100\n|-activate|p1a: Rust|ability: Toxic Debris\n|-sidestart|p2: losttyrant|move: Toxic Spikes\n|-heal|p2a: Dachsbun|77\/100 psn|[from] item: Shell Bell|[of] p1a: Rust\n|\n|-damage|p2a: Dachsbun|65\/100 psn|[from] psn\n|upkeep\n|turn|21\n|\n|t:|1700371278\n|move|p1a: Rust|Sludge Wave|p2a: Dachsbun\n|-supereffective|p2a: Dachsbun\n|-damage|p2a: Dachsbun|0 fnt\n|faint|p2a: Dachsbun\n|\n|upkeep\n|c|\u2606losttyrant|that is very fast\n|c|\u2606AltaltLyly|Lol these are specialty sets\n|\n|t:|1700371310\n|switch|p2a: Groudon|Groudon|44\/100 psn\n|-damage|p2a: Groudon|38\/100 psn|[from] Stealth Rock\n|-weather|SunnyDay|[from] ability: Drought|[of] p2a: Groudon\n|turn|22\n|\n|t:|1700371324\n|move|p1a: Rust|Energy Ball|p2a: Groudon\n|-supereffective|p2a: Groudon\n|-damage|p2a: Groudon|0 fnt\n|faint|p2a: Groudon\n|\n|-weather|SunnyDay|[upkeep]\n|upkeep\n|c|\u2606losttyrant|must be\n|\n|t:|1700371340\n|switch|p2a: Typhlosion|Typhlosion, F|70\/100\n|-damage|p2a: Typhlosion|45\/100|[from] Stealth Rock\n|-status|p2a: Typhlosion|tox\n|turn|23\n|\n|t:|1700371350\n|switch|p1a: Erosion|Hippowdon, F|82\/100\n|-weather|Sandstorm|[from] ability: Sand Stream|[of] p1a: Erosion\n|move|p2a: Typhlosion|Extrasensory|p1a: Erosion\n|-damage|p1a: Erosion|54\/100\n|\n|-weather|Sandstorm|[upkeep]\n|-damage|p2a: Typhlosion|39\/100 tox|[from] Sandstorm\n|-heal|p1a: Erosion|60\/100|[from] item: Leftovers\n|-damage|p2a: Typhlosion|32\/100 tox|[from] psn\n|upkeep\n|turn|24\n|\n|t:|1700371362\n|move|p2a: Typhlosion|Extrasensory|p1a: Erosion\n|-damage|p1a: Erosion|32\/100\n|move|p1a: Erosion|Slack Off|p1a: Erosion\n|-heal|p1a: Erosion|82\/100\n|\n|-weather|Sandstorm|[upkeep]\n|-damage|p2a: Typhlosion|26\/100 tox|[from] Sandstorm\n|-heal|p1a: Erosion|88\/100|[from] item: Leftovers\n|-damage|p2a: Typhlosion|14\/100 tox|[from] psn\n|upkeep\n|turn|25\n|\n|t:|1700371373\n|move|p2a: Typhlosion|Extrasensory|p1a: Erosion\n|-damage|p1a: Erosion|61\/100\n|move|p1a: Erosion|Amnesia|p1a: Erosion\n|-boost|p1a: Erosion|spd|2\n|\n|-weather|Sandstorm|[upkeep]\n|-damage|p2a: Typhlosion|8\/100 tox|[from] Sandstorm\n|-heal|p1a: Erosion|67\/100|[from] item: Leftovers\n|-damage|p2a: Typhlosion|0 fnt|[from] psn\n|faint|p2a: Typhlosion\n|upkeep\n|\n|t:|1700371383\n|switch|p2a: Gogoat|Gogoat, F|48\/100 psn\n|-damage|p2a: Gogoat|36\/100 psn|[from] Stealth Rock\n|turn|26\n|\n|t:|1700371389\n|move|p2a: Gogoat|Horn Leech|p1a: Erosion\n|-supereffective|p1a: Erosion\n|-damage|p1a: Erosion|30\/100\n|-heal|p2a: Gogoat|58\/100 psn|[from] drain|[of] p1a: Erosion\n|move|p1a: Erosion|Whirlwind|p2a: Gogoat\n|drag|p2a: Walking Wake|Walking Wake|88\/100\n|-damage|p2a: Walking Wake|76\/100|[from] Stealth Rock\n|-status|p2a: Walking Wake|tox\n|\n|-weather|Sandstorm|[upkeep]\n|-damage|p2a: Walking Wake|70\/100 tox|[from] Sandstorm\n|-heal|p1a: Erosion|36\/100|[from] item: Leftovers\n|-damage|p2a: Walking Wake|63\/100 tox|[from] psn\n|upkeep\n|turn|27\n|\n|t:|1700371419\n|switch|p1a: Vulnerability|Alomomola, F, shiny|100\/100 par\n|move|p2a: Walking Wake|Draco Meteor|p1a: Vulnerability\n|-damage|p1a: Vulnerability|43\/100 par\n|-unboost|p2a: Walking Wake|spa|2\n|\n|-weather|none\n|-damage|p2a: Walking Wake|51\/100 tox|[from] psn\n|upkeep\n|turn|28\n|\n|t:|1700371433\n|-end|p2a: Walking Wake|Protosynthesis|[silent]\n|switch|p2a: Gogoat|Gogoat, F|58\/100 psn\n|-damage|p2a: Gogoat|46\/100 psn|[from] Stealth Rock\n|switch|p1a: Exposed|Ninetales-Alola, F, shiny|100\/100\n|-weather|Snow|[from] ability: Snow Warning|[of] p1a: Exposed\n|\n|-weather|Snow|[upkeep]\n|-damage|p2a: Gogoat|33\/100 psn|[from] psn\n|upkeep\n|turn|29\n|\n|t:|1700371448\n|move|p1a: Exposed|Freeze-Dry|p2a: Gogoat\n|-supereffective|p2a: Gogoat\n|-damage|p2a: Gogoat|0 fnt\n|faint|p2a: Gogoat\n|\n|-weather|Snow|[upkeep]\n|upkeep\n|\n|t:|1700371453\n|switch|p2a: Walking Wake|Walking Wake|51\/100 tox\n|-damage|p2a: Walking Wake|39\/100 tox|[from] Stealth Rock\n|turn|30\n|c|\u2606AltaltLyly|Gg\n|\n|t:|1700371465\n|move|p2a: Walking Wake|Hydro Steam|p1a: Exposed\n|-damage|p1a: Exposed|59\/100\n|move|p1a: Exposed|Freeze-Dry|p2a: Walking Wake\n|-supereffective|p2a: Walking Wake\n|-damage|p2a: Walking Wake|0 fnt\n|faint|p2a: Walking Wake\n|-end|p2a: Walking Wake|Protosynthesis|[silent]\n|\n|win|AltaltLyly\n|c|\u2606losttyrant|gg\n|l|\u2606losttyrant\n","uploadtime":1700371475,"views":43,"p1id":"altaltlyly","p2id":"losttyrant","formatid":"gen9anythinggoes","rating":0,"private":0,"password":""}