{"id":"gen9anythinggoes-1993642473","p1":"pokemoneateryumyum","p2":"Mouspi le goat","format":"[Gen 9] Anything Goes","log":"|j|\u2606pokemoneateryumyum\n|j|\u2606Mouspi le goat\n|t:|1700340704\n|gametype|singles\n|player|p1|pokemoneateryumyum|102|1214\n|player|p2|Mouspi le goat|red|1356\n|teamsize|p1|6\n|teamsize|p2|6\n|gen|9\n|tier|[Gen 9] Anything Goes\n|rated|\n|rule|HP Percentage Mod: HP is shown in percentages\n|rule|Endless Battle Clause: Forcing endless battles is banned\n|clearpoke\n|poke|p1|Annihilape, M|\n|poke|p1|Regieleki|\n|poke|p1|Volcarona, F|\n|poke|p1|Miraidon|\n|poke|p1|Greninja-*, M|\n|poke|p1|Calyrex-Shadow|\n|poke|p2|Breloom, M|\n|poke|p2|Espathra, F|\n|poke|p2|Calyrex-Shadow|\n|poke|p2|Toxapex, F|\n|poke|p2|Ninetales-Alola, F|\n|poke|p2|Dugtrio, M|\n|teampreview\n|c|\u2606pokemoneateryumyum|Hello\n|c|\u2606Mouspi le goat|hello\n|\n|t:|1700340720\n|start\n|switch|p1a: BONK|Annihilape, M, shiny|100\/100\n|switch|p2a: Espathra|Espathra, F, shiny|100\/100\n|turn|1\n|\n|t:|1700340727\n|move|p2a: Espathra|Substitute|p2a: Espathra\n|-start|p2a: Espathra|Substitute\n|-damage|p2a: Espathra|76\/100\n|move|p1a: BONK|Bulk Up|p1a: BONK\n|-boost|p1a: BONK|atk|1\n|-boost|p1a: BONK|def|1\n|\n|-heal|p2a: Espathra|82\/100|[from] item: Leftovers\n|-ability|p2a: Espathra|Speed Boost|boost\n|-boost|p2a: Espathra|spe|1\n|upkeep\n|turn|2\n|\n|t:|1700340738\n|move|p2a: Espathra|Agility|p2a: Espathra\n|-boost|p2a: Espathra|spe|2\n|move|p1a: BONK|Phantom Force||[still]\n|-prepare|p1a: BONK|Phantom Force\n|\n|-heal|p2a: Espathra|88\/100|[from] item: Leftovers\n|-ability|p2a: Espathra|Speed Boost|boost\n|-boost|p2a: Espathra|spe|1\n|upkeep\n|turn|3\n|\n|t:|1700340747\n|move|p2a: Espathra|Protect|p2a: Espathra\n|-singleturn|p2a: Espathra|Protect\n|move|p1a: BONK|Phantom Force|p2a: Espathra|[from]lockedmove\n|-activate|p2a: Espathra|move: Phantom Force|[broken]\n|-supereffective|p2a: Espathra\n|-end|p2a: Espathra|Substitute\n|\n|-heal|p2a: Espathra|94\/100|[from] item: Leftovers\n|-ability|p2a: Espathra|Speed Boost|boost\n|-boost|p2a: Espathra|spe|1\n|upkeep\n|turn|4\n|\n|t:|1700340757\n|move|p2a: Espathra|Substitute|p2a: Espathra\n|-start|p2a: Espathra|Substitute\n|-damage|p2a: Espathra|69\/100\n|move|p1a: BONK|Phantom Force||[still]\n|-prepare|p1a: BONK|Phantom Force\n|\n|-heal|p2a: Espathra|75\/100|[from] item: Leftovers\n|-ability|p2a: Espathra|Speed Boost|boost\n|-boost|p2a: Espathra|spe|1\n|upkeep\n|turn|5\n|\n|t:|1700340766\n|move|p2a: Espathra|Baton Pass|p2a: Espathra\n|\n|t:|1700340768\n|switch|p2a: Breloom|Breloom, M, shiny|100\/100|[from] Baton Pass\n|move|p1a: BONK|Phantom Force|p2a: Breloom|[from]lockedmove\n|-end|p2a: Breloom|Substitute\n|\n|upkeep\n|turn|6\n|\n|t:|1700340780\n|move|p2a: Breloom|Spore|p1a: BONK\n|-status|p1a: BONK|slp|[from] move: Spore\n|cant|p1a: BONK|slp\n|\n|upkeep\n|turn|7\n|\n|t:|1700340785\n|move|p2a: Breloom|Swords Dance|p2a: Breloom\n|-boost|p2a: Breloom|atk|2\n|-curestatus|p1a: BONK|slp|[msg]\n|move|p1a: BONK|Drain Punch|p2a: Breloom\n|-damage|p2a: Breloom|21\/100\n|\n|upkeep\n|turn|8\n|c|\u2606pokemoneateryumyum|Oh your one of those\n|\n|t:|1700340796\n|move|p2a: Breloom|Spore|p1a: BONK\n|-status|p1a: BONK|slp|[from] move: Spore\n|cant|p1a: BONK|slp\n|\n|upkeep\n|turn|9\n|\n|t:|1700340801\n|move|p2a: Breloom|Swords Dance|p2a: Breloom\n|-boost|p2a: Breloom|atk|2\n|cant|p1a: BONK|slp\n|\n|upkeep\n|turn|10\n|\n|t:|1700340807\n|move|p2a: Breloom|Aerial Ace|p1a: BONK\n|-supereffective|p1a: BONK\n|-damage|p1a: BONK|0 fnt\n|faint|p1a: BONK\n|\n|upkeep\n|\n|t:|1700340810\n|switch|p1a: BEGONE|Miraidon|100\/100\n|-fieldstart|move: Electric Terrain|[from] ability: Hadron Engine|[of] p1a: BEGONE\n|turn|11\n|\n|t:|1700340814\n|move|p2a: Breloom|Spore|p1a: BEGONE\n|-activate|p1a: BEGONE|move: Electric Terrain\n|move|p1a: BEGONE|Thunder|p2a: Breloom\n|-resisted|p2a: Breloom\n|-damage|p2a: Breloom|0 fnt\n|faint|p2a: Breloom\n|\n|upkeep\n|\n|t:|1700340823\n|switch|p2a: Dugtrio|Dugtrio, M, shiny|100\/100\n|turn|12\n|\n|t:|1700340828\n|move|p2a: Dugtrio|Earthquake|p1a: BEGONE\n|-supereffective|p1a: BEGONE\n|-damage|p1a: BEGONE|14\/100\n|move|p1a: BEGONE|Flash Cannon|p2a: Dugtrio\n|-damage|p2a: Dugtrio|13\/100\n|\n|upkeep\n|turn|13\n|\n|t:|1700340837\n|move|p2a: Dugtrio|Earthquake|p1a: BEGONE\n|-supereffective|p1a: BEGONE\n|-damage|p1a: BEGONE|0 fnt\n|faint|p1a: BEGONE\n|\n|upkeep\n|\n|t:|1700340840\n|switch|p1a: Froggy|Greninja, M|100\/100\n|turn|14\n|\n|t:|1700340852\n|switch|p2a: Toxapex|Toxapex, F, shiny|100\/100\n|move|p1a: Froggy|Hydro Pump|p2a: Toxapex\n|-resisted|p2a: Toxapex\n|-damage|p2a: Toxapex|78\/100\n|\n|-heal|p2a: Toxapex|84\/100|[from] item: Black Sludge\n|upkeep\n|turn|15\n|\n|t:|1700340863\n|move|p1a: Froggy|Hydro Pump|p2a: Toxapex\n|-resisted|p2a: Toxapex\n|-damage|p2a: Toxapex|59\/100\n|move|p2a: Toxapex|Toxic Spikes|p1a: Froggy\n|-sidestart|p1: pokemoneateryumyum|move: Toxic Spikes\n|\n|-heal|p2a: Toxapex|66\/100|[from] item: Black Sludge\n|-fieldend|move: Electric Terrain\n|upkeep\n|turn|16\n|\n|t:|1700340869\n|move|p1a: Froggy|Hydro Pump|p2a: Toxapex|[miss]\n|-miss|p1a: Froggy|p2a: Toxapex\n|move|p2a: Toxapex|Toxic Spikes|p1a: Froggy\n|-sidestart|p1: pokemoneateryumyum|move: Toxic Spikes\n|\n|-heal|p2a: Toxapex|72\/100|[from] item: Black Sludge\n|upkeep\n|turn|17\n|\n|t:|1700340877\n|move|p1a: Froggy|Hydro Pump|p2a: Toxapex\n|-resisted|p2a: Toxapex\n|-damage|p2a: Toxapex|47\/100\n|move|p2a: Toxapex|Liquidation|p1a: Froggy\n|-resisted|p1a: Froggy\n|-damage|p1a: Froggy|83\/100\n|\n|-heal|p2a: Toxapex|53\/100|[from] item: Black Sludge\n|upkeep\n|turn|18\n|\n|t:|1700340885\n|move|p1a: Froggy|U-turn|p2a: Toxapex\n|-resisted|p2a: Toxapex\n|-damage|p2a: Toxapex|49\/100\n|\n|t:|1700340889\n|switch|p1a: FLASH|Regieleki, shiny|100\/100|[from] U-turn\n|-status|p1a: FLASH|tox\n|move|p2a: Toxapex|Recover|p2a: Toxapex\n|-heal|p2a: Toxapex|99\/100\n|\n|-heal|p2a: Toxapex|100\/100|[from] item: Black Sludge\n|-damage|p1a: FLASH|95\/100 tox|[from] psn\n|upkeep\n|turn|19\n|\n|t:|1700340900\n|switch|p2a: Dugtrio|Dugtrio, M, shiny|13\/100\n|move|p1a: FLASH|Thunder Cage|p2a: Dugtrio\n|-immune|p2a: Dugtrio\n|\n|-damage|p1a: FLASH|83\/100 tox|[from] psn\n|upkeep\n|turn|20\n|\n|t:|1700340906\n|move|p1a: FLASH|Extreme Speed|p2a: Dugtrio\n|-damage|p2a: Dugtrio|0 fnt\n|faint|p2a: Dugtrio\n|\n|-damage|p1a: FLASH|65\/100 tox|[from] psn\n|upkeep\n|\n|t:|1700340920\n|switch|p2a: Ninetales|Ninetales-Alola, F, shiny|100\/100\n|-weather|Snow|[from] ability: Snow Warning|[of] p2a: Ninetales\n|turn|21\n|\n|t:|1700340928\n|move|p1a: FLASH|Thunder|p2a: Ninetales\n|-damage|p2a: Ninetales|15\/100\n|move|p2a: Ninetales|Aurora Veil|p2a: Ninetales\n|-sidestart|p2: Mouspi le goat|move: Aurora Veil\n|\n|-weather|Snow|[upkeep]\n|-damage|p1a: FLASH|41\/100 tox|[from] psn\n|upkeep\n|turn|22\n|\n|t:|1700340937\n|move|p1a: FLASH|Extreme Speed|p2a: Ninetales\n|-damage|p2a: Ninetales|6\/100\n|move|p2a: Ninetales|Encore|p1a: FLASH\n|-start|p1a: FLASH|Encore\n|\n|-weather|Snow|[upkeep]\n|-damage|p1a: FLASH|11\/100 tox|[from] psn\n|upkeep\n|turn|23\n|\n|t:|1700340944\n|switch|p2a: Calyrex|Calyrex-Shadow|100\/100\n|-ability|p2a: Calyrex|As One\n|-ability|p2a: Calyrex|Unnerve\n|move|p1a: FLASH|Extreme Speed|p2a: Calyrex\n|-immune|p2a: Calyrex\n|\n|-weather|Snow|[upkeep]\n|-damage|p1a: FLASH|0 fnt|[from] psn\n|faint|p1a: FLASH\n|upkeep\n|\n|t:|1700340961\n|switch|p1a: Ima melt ya|Volcarona, F, shiny|100\/100\n|-status|p1a: Ima melt ya|tox\n|turn|24\n|\n|t:|1700340966\n|move|p2a: Calyrex|Nasty Plot|p2a: Calyrex\n|-boost|p2a: Calyrex|spa|2\n|move|p1a: Ima melt ya|Heat Wave|p2a: Calyrex\n|-damage|p2a: Calyrex|78\/100\n|\n|-weather|Snow|[upkeep]\n|-damage|p1a: Ima melt ya|94\/100 tox|[from] psn\n|upkeep\n|turn|25\n|\n|t:|1700340976\n|move|p2a: Calyrex|Psyshock|p1a: Ima melt ya\n|-damage|p1a: Ima melt ya|0 fnt\n|faint|p1a: Ima melt ya\n|-ability|p2a: Calyrex|Grim Neigh|boost\n|-boost|p2a: Calyrex|spa|1\n|\n|-weather|none\n|upkeep\n|c|\u2606pokemoneateryumyum|Gg\n|c|\u2606Mouspi le goat|gg\n|\n|t:|1700340982\n|switch|p1a: The Reaper|Calyrex-Shadow|100\/100\n|-ability|p1a: The Reaper|As One\n|-ability|p1a: The Reaper|Unnerve\n|-status|p1a: The Reaper|tox\n|turn|26\n|\n|t:|1700340989\n|move|p2a: Calyrex|Astral Barrage|p1a: The Reaper\n|-supereffective|p1a: The Reaper\n|-damage|p1a: The Reaper|0 fnt\n|faint|p1a: The Reaper\n|-ability|p2a: Calyrex|Grim Neigh|boost\n|-boost|p2a: Calyrex|spa|1\n|\n|upkeep\n|\n|t:|1700340995\n|switch|p1a: Froggy|Greninja, M|83\/100\n|-status|p1a: Froggy|tox\n|turn|27\n|\n|t:|1700341003\n|move|p2a: Calyrex|Draining Kiss|p1a: Froggy\n|-supereffective|p1a: Froggy\n|-damage|p1a: Froggy|0 fnt\n|-heal|p2a: Calyrex|100\/100|[from] drain|[of] p1a: Froggy\n|faint|p1a: Froggy\n|\n|win|Mouspi le goat\n|raw|pokemoneateryumyum's rating: 1214 &rarr; <strong>1199<\/strong><br \/>(-15 for losing)\n|raw|Mouspi le goat's rating: 1356 &rarr; <strong>1368<\/strong><br \/>(+12 for winning)\n|l|\u2606pokemoneateryumyum\n","uploadtime":1700341011,"views":4,"p1id":"pokemoneateryumyum","p2id":"mouspilegoat","formatid":"gen9anythinggoes","rating":1199,"private":0,"password":""}