{"id":"gen9anythinggoes-1984647263","p1":"AGisgood","p2":"4th Acct To 1700","format":"[Gen 9] Anything Goes","log":"|j|\u2606AGisgood\n|j|\u26064th Acct To 1700\n|t:|1699287594\n|gametype|singles\n|player|p1|AGisgood|cynthia-masters|1762\n|player|p2|4th Acct To 1700|clown|1725\n|teamsize|p1|6\n|teamsize|p2|6\n|gen|9\n|tier|[Gen 9] Anything Goes\n|rated|\n|rule|HP Percentage Mod: HP is shown in percentages\n|rule|Endless Battle Clause: Forcing endless battles is banned\n|clearpoke\n|poke|p1|Arceus-Ground|\n|poke|p1|Arceus|\n|poke|p1|Calyrex-Shadow|\n|poke|p1|Zacian-*|\n|poke|p1|Ting-Lu|\n|poke|p1|Koraidon|\n|poke|p2|Koraidon|\n|poke|p2|Calyrex-Shadow|\n|poke|p2|Arceus|\n|poke|p2|Arceus-Ground|\n|poke|p2|Ribombee, F|\n|poke|p2|Kyogre|\n|teampreview\n|inactive|Battle timer is ON: inactive players will automatically lose when time's up. (requested by AGisgood)\n|\n|t:|1699287599\n|start\n|switch|p1a: Zacian|Zacian-Crowned|100\/100\n|switch|p2a: Ribombee|Ribombee, F|100\/100\n|-ability|p1a: Zacian|Intrepid Sword|boost\n|-boost|p1a: Zacian|atk|1\n|turn|1\n|\n|t:|1699287603\n|move|p2a: Ribombee|Sticky Web|p1a: Zacian\n|-sidestart|p1: AGisgood|move: Sticky Web\n|move|p1a: Zacian|Substitute|p1a: Zacian\n|-start|p1a: Zacian|Substitute\n|-damage|p1a: Zacian|76\/100\n|\n|upkeep\n|turn|2\n|\n|t:|1699287610\n|switch|p2a: Arceus|Arceus-Ground|100\/100\n|move|p1a: Zacian|Swords Dance|p1a: Zacian\n|-boost|p1a: Zacian|atk|2\n|\n|upkeep\n|turn|3\n|\n|t:|1699287613\n|-terastallize|p1a: Zacian|Flying\n|move|p1a: Zacian|Swords Dance|p1a: Zacian\n|-boost|p1a: Zacian|atk|2\n|move|p2a: Arceus|Earthquake|p1a: Zacian\n|-immune|p1a: Zacian\n|\n|upkeep\n|turn|4\n|\n|t:|1699287618\n|move|p1a: Zacian|Behemoth Blade|p2a: Arceus\n|-damage|p2a: Arceus|0 fnt\n|faint|p2a: Arceus\n|\n|upkeep\n|\n|t:|1699287625\n|switch|p2a: Koraidon|Koraidon|100\/100\n|-weather|SunnyDay|[from] ability: Orichalcum Pulse|[of] p2a: Koraidon\n|-activate|p2a: Koraidon|Orichalcum Pulse|[source]\n|turn|5\n|\n|t:|1699287628\n|move|p1a: Zacian|Play Rough|p2a: Koraidon\n|-supereffective|p2a: Koraidon\n|-enditem|p2a: Koraidon|Focus Sash\n|-damage|p2a: Koraidon|1\/100\n|move|p2a: Koraidon|Scale Shot|p1a: Zacian\n|-activate|p1a: Zacian|move: Substitute|[damage]\n|-end|p1a: Zacian|Substitute\n|-damage|p1a: Zacian|61\/100\n|-hitcount|p1a: Zacian|3\n|-unboost|p2a: Koraidon|def|1\n|-boost|p2a: Koraidon|spe|1\n|\n|-weather|SunnyDay|[upkeep]\n|upkeep\n|turn|6\n|\n|t:|1699287633\n|move|p2a: Koraidon|Flare Blitz|p1a: Zacian\n|-damage|p1a: Zacian|0 fnt\n|faint|p1a: Zacian\n|-damage|p2a: Koraidon|0 fnt|[from] Recoil\n|faint|p2a: Koraidon\n|\n|-weather|SunnyDay|[upkeep]\n|upkeep\n|\n|t:|1699287644\n|switch|p1a: Arceus|Arceus|100\/100\n|switch|p2a: Ribombee|Ribombee, F|100\/100\n|-activate|p1a: Arceus|move: Sticky Web\n|-unboost|p1a: Arceus|spe|1\n|turn|7\n|\n|t:|1699287649\n|move|p1a: Arceus|Extreme Speed|p2a: Ribombee\n|-damage|p2a: Ribombee|16\/100\n|move|p2a: Ribombee|Stun Spore|p1a: Arceus\n|-status|p1a: Arceus|par\n|\n|-weather|SunnyDay|[upkeep]\n|upkeep\n|turn|8\n|\n|t:|1699287654\n|switch|p2a: Ok I'm cheating|Calyrex-Shadow|100\/100\n|-ability|p2a: Ok I'm cheating|As One\n|-ability|p2a: Ok I'm cheating|Unnerve\n|cant|p1a: Arceus|par\n|\n|-weather|SunnyDay|[upkeep]\n|upkeep\n|turn|9\n|\n|t:|1699287656\n|switch|p2a: Ribombee|Ribombee, F|16\/100\n|move|p1a: Arceus|Shadow Claw|p2a: Ribombee\n|-damage|p2a: Ribombee|0 fnt\n|faint|p2a: Ribombee\n|\n|-weather|none\n|upkeep\n|\n|t:|1699287665\n|switch|p2a: Kyogre|Kyogre|100\/100\n|-weather|RainDance|[from] ability: Drizzle|[of] p2a: Kyogre\n|turn|10\n|\n|t:|1699287669\n|cant|p1a: Arceus|par\n|move|p2a: Kyogre|Surf|p1a: Arceus\n|-damage|p1a: Arceus|45\/100 par\n|\n|-weather|RainDance|[upkeep]\n|-heal|p1a: Arceus|51\/100 par|[from] item: Leftovers\n|upkeep\n|turn|11\n|\n|t:|1699287675\n|move|p2a: Kyogre|Surf|p1a: Arceus\n|-damage|p1a: Arceus|0 fnt\n|faint|p1a: Arceus\n|\n|-weather|RainDance|[upkeep]\n|upkeep\n|\n|t:|1699287682\n|switch|p1a: Calyrex|Calyrex-Shadow|100\/100\n|-ability|p1a: Calyrex|As One\n|-ability|p1a: Calyrex|Unnerve\n|turn|12\n|\n|t:|1699287685\n|move|p1a: Calyrex|Grass Knot|p2a: Kyogre\n|-supereffective|p2a: Kyogre\n|-damage|p2a: Kyogre|27\/100\n|move|p2a: Kyogre|Thunder|p1a: Calyrex\n|-damage|p1a: Calyrex|57\/100\n|\n|-weather|RainDance|[upkeep]\n|upkeep\n|turn|13\n|\n|t:|1699287701\n|switch|p2a: Ok I'm cheating|Calyrex-Shadow|100\/100\n|-ability|p2a: Ok I'm cheating|As One\n|-ability|p2a: Ok I'm cheating|Unnerve\n|move|p1a: Calyrex|Grass Knot|p2a: Ok I'm cheating\n|-damage|p2a: Ok I'm cheating|70\/100\n|\n|-weather|RainDance|[upkeep]\n|upkeep\n|turn|14\n|\n|t:|1699287703\n|move|p2a: Ok I'm cheating|Astral Barrage|p1a: Calyrex\n|-supereffective|p1a: Calyrex\n|-damage|p1a: Calyrex|0 fnt\n|faint|p1a: Calyrex\n|-ability|p2a: Ok I'm cheating|Grim Neigh|boost\n|-boost|p2a: Ok I'm cheating|spa|1\n|\n|-weather|none\n|upkeep\n|\n|t:|1699287706\n|switch|p1a: Ting-Lu|Ting-Lu|100\/100\n|-activate|p1a: Ting-Lu|move: Sticky Web\n|-unboost|p1a: Ting-Lu|spe|1\n|-ability|p1a: Ting-Lu|Vessel of Ruin\n|turn|15\n|\n|t:|1699287710\n|switch|p2a: Kyogre|Kyogre|27\/100\n|-weather|RainDance|[from] ability: Drizzle|[of] p2a: Kyogre\n|move|p1a: Ting-Lu|Earthquake|p2a: Kyogre\n|-damage|p2a: Kyogre|0 fnt\n|faint|p2a: Kyogre\n|\n|-weather|RainDance|[upkeep]\n|upkeep\n|\n|t:|1699287713\n|switch|p2a: Arceus|Arceus|100\/100\n|turn|16\n|\n|t:|1699287716\n|move|p2a: Arceus|Swords Dance|p2a: Arceus\n|-boost|p2a: Arceus|atk|2\n|move|p1a: Ting-Lu|Whirlwind|p2a: Arceus\n|drag|p2a: Ok I'm cheating|Calyrex-Shadow|70\/100\n|-ability|p2a: Ok I'm cheating|As One\n|-ability|p2a: Ok I'm cheating|Unnerve\n|\n|-weather|RainDance|[upkeep]\n|upkeep\n|turn|17\n|\n|t:|1699287718\n|move|p2a: Ok I'm cheating|Encore|p1a: Ting-Lu\n|-start|p1a: Ting-Lu|Encore\n|move|p1a: Ting-Lu|Whirlwind|p2a: Ok I'm cheating\n|drag|p2a: Arceus|Arceus|100\/100\n|\n|-weather|RainDance|[upkeep]\n|upkeep\n|turn|18\n|\n|t:|1699287723\n|move|p2a: Arceus|Extreme Speed|p1a: Ting-Lu\n|-damage|p1a: Ting-Lu|78\/100\n|move|p1a: Ting-Lu|Whirlwind|p2a: Arceus\n|drag|p2a: Ok I'm cheating|Calyrex-Shadow|70\/100\n|-ability|p2a: Ok I'm cheating|As One\n|-ability|p2a: Ok I'm cheating|Unnerve\n|\n|-weather|RainDance|[upkeep]\n|-heal|p1a: Ting-Lu|84\/100|[from] item: Leftovers\n|upkeep\n|turn|19\n|\n|t:|1699287728\n|move|p2a: Ok I'm cheating|Astral Barrage|p1a: Ting-Lu\n|-resisted|p1a: Ting-Lu\n|-damage|p1a: Ting-Lu|69\/100\n|move|p1a: Ting-Lu|Whirlwind|p2a: Ok I'm cheating\n|drag|p2a: Arceus|Arceus|100\/100\n|\n|-weather|none\n|-heal|p1a: Ting-Lu|75\/100|[from] item: Leftovers\n|-end|p1a: Ting-Lu|Encore\n|upkeep\n|turn|20\n|\n|t:|1699287732\n|move|p2a: Arceus|Swords Dance|p2a: Arceus\n|-boost|p2a: Arceus|atk|2\n|move|p1a: Ting-Lu|Earthquake|p2a: Arceus\n|-damage|p2a: Arceus|74\/100\n|\n|-heal|p1a: Ting-Lu|81\/100|[from] item: Leftovers\n|upkeep\n|turn|21\n|\n|t:|1699287734\n|move|p2a: Arceus|Extreme Speed|p1a: Ting-Lu\n|-damage|p1a: Ting-Lu|37\/100\n|move|p1a: Ting-Lu|Whirlwind|p2a: Arceus\n|drag|p2a: Ok I'm cheating|Calyrex-Shadow|70\/100\n|-ability|p2a: Ok I'm cheating|As One\n|-ability|p2a: Ok I'm cheating|Unnerve\n|\n|-heal|p1a: Ting-Lu|43\/100|[from] item: Leftovers\n|upkeep\n|turn|22\n|\n|t:|1699287740\n|switch|p1a: Koraidon|Koraidon|100\/100\n|-activate|p1a: Koraidon|move: Sticky Web\n|-unboost|p1a: Koraidon|spe|1\n|-weather|SunnyDay|[from] ability: Orichalcum Pulse|[of] p1a: Koraidon\n|-activate|p1a: Koraidon|Orichalcum Pulse|[source]\n|move|p2a: Ok I'm cheating|Encore||[still]\n|-fail|p2a: Ok I'm cheating\n|\n|-weather|SunnyDay|[upkeep]\n|upkeep\n|turn|23\n|\n|t:|1699287746\n|switch|p1a: Ting-Lu|Ting-Lu|43\/100\n|-activate|p1a: Ting-Lu|move: Sticky Web\n|-unboost|p1a: Ting-Lu|spe|1\n|-ability|p1a: Ting-Lu|Vessel of Ruin\n|move|p2a: Ok I'm cheating|Psychic|p1a: Ting-Lu\n|-immune|p1a: Ting-Lu\n|\n|-weather|SunnyDay|[upkeep]\n|-heal|p1a: Ting-Lu|50\/100|[from] item: Leftovers\n|upkeep\n|turn|24\n|\n|t:|1699287749\n|move|p2a: Ok I'm cheating|Astral Barrage|p1a: Ting-Lu\n|-resisted|p1a: Ting-Lu\n|-damage|p1a: Ting-Lu|33\/100\n|move|p1a: Ting-Lu|Earthquake|p2a: Ok I'm cheating\n|-damage|p2a: Ok I'm cheating|21\/100\n|\n|-weather|SunnyDay|[upkeep]\n|-heal|p1a: Ting-Lu|40\/100|[from] item: Leftovers\n|upkeep\n|turn|25\n|\n|t:|1699287752\n|switch|p2a: Arceus|Arceus|74\/100\n|move|p1a: Ting-Lu|Earthquake|p2a: Arceus\n|-damage|p2a: Arceus|50\/100\n|\n|-weather|SunnyDay|[upkeep]\n|-heal|p1a: Ting-Lu|46\/100|[from] item: Leftovers\n|upkeep\n|turn|26\n|\n|t:|1699287755\n|move|p2a: Arceus|Recover|p2a: Arceus\n|-heal|p2a: Arceus|99\/100\n|move|p1a: Ting-Lu|Earthquake|p2a: Arceus\n|-damage|p2a: Arceus|75\/100\n|\n|-weather|none\n|-heal|p1a: Ting-Lu|52\/100|[from] item: Leftovers\n|upkeep\n|turn|27\n|\n|t:|1699287758\n|move|p2a: Arceus|Swords Dance|p2a: Arceus\n|-boost|p2a: Arceus|atk|2\n|move|p1a: Ting-Lu|Fissure|p2a: Arceus|[miss]\n|-miss|p1a: Ting-Lu|p2a: Arceus\n|\n|-heal|p1a: Ting-Lu|58\/100|[from] item: Leftovers\n|upkeep\n|turn|28\n|\n|t:|1699287760\n|move|p2a: Arceus|Extreme Speed|p1a: Ting-Lu\n|-damage|p1a: Ting-Lu|8\/100\n|move|p1a: Ting-Lu|Whirlwind|p2a: Arceus\n|drag|p2a: Ok I'm cheating|Calyrex-Shadow|21\/100\n|-ability|p2a: Ok I'm cheating|As One\n|-ability|p2a: Ok I'm cheating|Unnerve\n|\n|-heal|p1a: Ting-Lu|14\/100|[from] item: Leftovers\n|upkeep\n|turn|29\n|\n|t:|1699287763\n|move|p2a: Ok I'm cheating|Astral Barrage|p1a: Ting-Lu\n|-resisted|p1a: Ting-Lu\n|-damage|p1a: Ting-Lu|0 fnt\n|faint|p1a: Ting-Lu\n|-ability|p2a: Ok I'm cheating|Grim Neigh|boost\n|-boost|p2a: Ok I'm cheating|spa|1\n|\n|upkeep\n|\n|t:|1699287766\n|switch|p1a: Arceus|Arceus-Ground|100\/100\n|-activate|p1a: Arceus|move: Sticky Web\n|-unboost|p1a: Arceus|spe|1\n|turn|30\n|\n|t:|1699287768\n|move|p2a: Ok I'm cheating|Astral Barrage|p1a: Arceus\n|-damage|p1a: Arceus|27\/100\n|move|p1a: Arceus|Judgment|p2a: Ok I'm cheating\n|-damage|p2a: Ok I'm cheating|0 fnt\n|faint|p2a: Ok I'm cheating\n|\n|upkeep\n|\n|t:|1699287770\n|switch|p2a: Arceus|Arceus|75\/100\n|turn|31\n|\n|t:|1699287776\n|move|p2a: Arceus|Swords Dance|p2a: Arceus\n|-boost|p2a: Arceus|atk|2\n|move|p1a: Arceus|Will-O-Wisp|p2a: Arceus|[miss]\n|-miss|p1a: Arceus|p2a: Arceus\n|\n|upkeep\n|turn|32\n|\n|t:|1699287780\n|-terastallize|p2a: Arceus|Fire\n|move|p2a: Arceus|Swords Dance|p2a: Arceus\n|-boost|p2a: Arceus|atk|2\n|move|p1a: Arceus|Judgment|p2a: Arceus\n|-supereffective|p2a: Arceus\n|-damage|p2a: Arceus|9\/100\n|\n|upkeep\n|turn|33\n|\n|t:|1699287784\n|move|p2a: Arceus|Extreme Speed|p1a: Arceus\n|-damage|p1a: Arceus|0 fnt\n|faint|p1a: Arceus\n|\n|upkeep\n|\n|t:|1699287785\n|switch|p1a: Koraidon|Koraidon|100\/100\n|-activate|p1a: Koraidon|move: Sticky Web\n|-unboost|p1a: Koraidon|spe|1\n|-weather|SunnyDay|[from] ability: Orichalcum Pulse|[of] p1a: Koraidon\n|-activate|p1a: Koraidon|Orichalcum Pulse|[source]\n|turn|34\n|\n|t:|1699287787\n|move|p2a: Arceus|Extreme Speed|p1a: Koraidon\n|-damage|p1a: Koraidon|0 fnt\n|faint|p1a: Koraidon\n|\n|win|4th Acct To 1700\n|raw|AGisgood's rating: 1762 &rarr; <strong>1740<\/strong><br \/>(-22 for losing)\n|raw|4th Acct To 1700's rating: 1725 &rarr; <strong>1747<\/strong><br \/>(+22 for winning)\n|l|\u2606AGisgood\n|l|\u26064th Acct To 1700\n","uploadtime":1699288138,"views":4,"p1id":"agisgood","p2id":"4thacctto1700","formatid":"gen9anythinggoes","rating":1740,"private":0,"password":""}