{"id":"gen9anythinggoes-1992761422","p1":"LingLing007","p2":"IronDron","format":"[Gen 9] Anything Goes","log":"|j|\u2606LingLing007\n|j|\u2606IronDron\n|t:|1700233096\n|gametype|singles\n|player|p1|LingLing007|lance-masters|1284\n|player|p2|IronDron|101|1245\n|teamsize|p1|6\n|teamsize|p2|6\n|gen|9\n|tier|[Gen 9] Anything Goes\n|rated|\n|rule|HP Percentage Mod: HP is shown in percentages\n|rule|Endless Battle Clause: Forcing endless battles is banned\n|clearpoke\n|poke|p1|Gyarados, M|\n|poke|p1|Dragonite, M|\n|poke|p1|Dragonite, M|\n|poke|p1|Charizard, M|\n|poke|p1|Dragonite, F|\n|poke|p1|Garchomp, M|\n|poke|p2|Zapdos|\n|poke|p2|Hoopa-Unbound|\n|poke|p2|Thundurus, M|\n|poke|p2|Hoopa|\n|poke|p2|Volcanion|\n|poke|p2|Ogerpon-Cornerstone, F|\n|teampreview\n|inactive|Battle timer is ON: inactive players will automatically lose when time's up. (requested by LingLing007)\n|\n|t:|1700233108\n|start\n|switch|p1a: Garchomp|Garchomp, M|100\/100\n|switch|p2a: Volcanion|Volcanion|100\/100\n|turn|1\n|\n|t:|1700233118\n|move|p1a: Garchomp|Stealth Rock|p2a: Volcanion\n|-sidestart|p2: IronDron|move: Stealth Rock\n|move|p2a: Volcanion|Will-O-Wisp|p1a: Garchomp\n|-status|p1a: Garchomp|brn\n|\n|-damage|p1a: Garchomp|94\/100 brn|[from] brn\n|upkeep\n|turn|2\n|\n|t:|1700233130\n|move|p1a: Garchomp|Earthquake|p2a: Volcanion\n|-supereffective|p2a: Volcanion\n|-damage|p2a: Volcanion|60\/100\n|move|p2a: Volcanion|Steam Eruption|p1a: Garchomp\n|-damage|p1a: Garchomp|25\/100 brn\n|\n|-heal|p2a: Volcanion|66\/100|[from] item: Leftovers\n|-damage|p1a: Garchomp|19\/100 brn|[from] brn\n|upkeep\n|turn|3\n|\n|t:|1700233145\n|move|p1a: Garchomp|Earthquake|p2a: Volcanion\n|-supereffective|p2a: Volcanion\n|-damage|p2a: Volcanion|24\/100\n|move|p2a: Volcanion|Earth Power|p1a: Garchomp\n|-damage|p1a: Garchomp|0 fnt\n|faint|p1a: Garchomp\n|\n|-heal|p2a: Volcanion|30\/100|[from] item: Leftovers\n|upkeep\n|\n|t:|1700233150\n|switch|p1a: Charizard|Charizard, M|100\/100\n|turn|4\n|\n|t:|1700233158\n|-terastallize|p1a: Charizard|Electric\n|move|p1a: Charizard|Dragon Dance|p1a: Charizard\n|-boost|p1a: Charizard|atk|1\n|-boost|p1a: Charizard|spe|1\n|move|p2a: Volcanion|Steam Eruption|p1a: Charizard|[miss]\n|-miss|p2a: Volcanion|p1a: Charizard\n|\n|-heal|p2a: Volcanion|36\/100|[from] item: Leftovers\n|upkeep\n|turn|5\n|\n|t:|1700233168\n|move|p1a: Charizard|Earthquake|p2a: Volcanion\n|-supereffective|p2a: Volcanion\n|-damage|p2a: Volcanion|0 fnt\n|faint|p2a: Volcanion\n|\n|upkeep\n|\n|t:|1700233181\n|switch|p2a: Ogerpon|Ogerpon-Cornerstone, F|100\/100\n|-damage|p2a: Ogerpon|88\/100|[from] Stealth Rock\n|turn|6\n|\n|t:|1700233203\n|move|p1a: Charizard|Earthquake|p2a: Ogerpon\n|-damage|p2a: Ogerpon|37\/100\n|move|p2a: Ogerpon|Ivy Cudgel|p1a: Charizard|[anim] Ivy Cudgel Rock\n|-damage|p1a: Charizard|9\/100\n|-enditem|p1a: Charizard|Aguav Berry|[eat]\n|-heal|p1a: Charizard|43\/100|[from] item: Aguav Berry\n|\n|upkeep\n|turn|7\n|inactive|LingLing007 has 120 seconds left.\n|\n|t:|1700233249\n|move|p1a: Charizard|Earthquake|p2a: Ogerpon\n|-damage|p2a: Ogerpon|0 fnt\n|faint|p2a: Ogerpon\n|\n|upkeep\n|\n|t:|1700233253\n|switch|p2a: Zapdos|Zapdos|100\/100\n|turn|8\n|\n|t:|1700233262\n|move|p1a: Charizard|Flare Blitz|p2a: Zapdos\n|-damage|p2a: Zapdos|15\/100\n|-damage|p1a: Charizard|12\/100|[from] Recoil\n|move|p2a: Zapdos|Hurricane|p1a: Charizard|[miss]\n|-miss|p2a: Zapdos|p1a: Charizard\n|\n|upkeep\n|turn|9\n|\n|t:|1700233270\n|move|p1a: Charizard|Outrage|p2a: Zapdos\n|-damage|p2a: Zapdos|0 fnt\n|faint|p2a: Zapdos\n|\n|upkeep\n|\n|t:|1700233275\n|switch|p2a: Hoopa|Hoopa-Unbound|100\/100\n|-damage|p2a: Hoopa|88\/100|[from] Stealth Rock\n|turn|10\n|\n|t:|1700233277\n|move|p1a: Charizard|Outrage|p2a: Hoopa|[from]lockedmove\n|-damage|p2a: Hoopa|5\/100\n|-start|p1a: Charizard|confusion|[fatigue]\n|move|p2a: Hoopa|Psychic|p1a: Charizard\n|-damage|p1a: Charizard|0 fnt\n|faint|p1a: Charizard\n|\n|upkeep\n|\n|t:|1700233286\n|switch|p1a: Dragonite|Dragonite, M|100\/100\n|turn|11\n|\n|t:|1700233294\n|move|p1a: Dragonite|Dragon Dance|p1a: Dragonite\n|-boost|p1a: Dragonite|atk|1\n|-boost|p1a: Dragonite|spe|1\n|move|p2a: Hoopa|Psychic|p1a: Dragonite\n|-damage|p1a: Dragonite|74\/100\n|\n|upkeep\n|turn|12\n|\n|t:|1700233302\n|move|p1a: Dragonite|Dragon Dance|p1a: Dragonite\n|-boost|p1a: Dragonite|atk|1\n|-boost|p1a: Dragonite|spe|1\n|move|p2a: Hoopa|Hyperspace Fury|p1a: Dragonite\n|-damage|p1a: Dragonite|11\/100\n|-unboost|p2a: Hoopa|def|1\n|\n|upkeep\n|turn|13\n|\n|t:|1700233312\n|move|p1a: Dragonite|Ice Spinner|p2a: Hoopa\n|-damage|p2a: Hoopa|0 fnt\n|faint|p2a: Hoopa\n|\n|upkeep\n|\n|t:|1700233318\n|switch|p2a: Hoopa|Hoopa|100\/100\n|-damage|p2a: Hoopa|88\/100|[from] Stealth Rock\n|turn|14\n|\n|t:|1700233324\n|move|p1a: Dragonite|Earthquake|p2a: Hoopa\n|-damage|p2a: Hoopa|0 fnt\n|faint|p2a: Hoopa\n|\n|upkeep\n|\n|t:|1700233326\n|switch|p2a: Thundurus|Thundurus, M|100\/100\n|turn|15\n|\n|t:|1700233329\n|move|p1a: Dragonite|Ice Spinner|p2a: Thundurus\n|-supereffective|p2a: Thundurus\n|-damage|p2a: Thundurus|0 fnt\n|faint|p2a: Thundurus\n|\n|win|LingLing007\n|raw|LingLing007's rating: 1284 &rarr; <strong>1306<\/strong><br \/>(+22 for winning)\n|raw|IronDron's rating: 1245 &rarr; <strong>1223<\/strong><br \/>(-22 for losing)\n|l|\u2606IronDron\n|c|\u2606LingLing007|gg\n","uploadtime":1700233337,"views":11,"p1id":"lingling007","p2id":"irondron","formatid":"gen9anythinggoes","rating":1223,"private":0,"password":""}