{"id":"gen9anythinggoes-1979780012","p1":"Hhcchjnccv","p2":"F3EF0O","format":"[Gen 9] Anything Goes","log":"|j|\u2606Hhcchjnccv\n|j|\u203dF3EF0O\n|t:|1698712476\n|gametype|singles\n|player|p1|Hhcchjnccv|2|1000\n|player|p2|F3EF0O|2|1029\n|teamsize|p1|6\n|teamsize|p2|6\n|gen|9\n|tier|[Gen 9] Anything Goes\n|rated|\n|rule|HP Percentage Mod: HP is shown in percentages\n|rule|Endless Battle Clause: Forcing endless battles is banned\n|clearpoke\n|poke|p1|Toxapex, F|\n|poke|p1|Zacian-*|\n|poke|p1|Iron Moth|\n|poke|p1|Snorlax, F|\n|poke|p1|Garchomp, F|\n|poke|p1|Gliscor, F|\n|poke|p2|Dragapult, F|\n|poke|p2|Cloyster, F|\n|poke|p2|Noivern, F|\n|poke|p2|Diancie|\n|poke|p2|Mimikyu, F|\n|poke|p2|Gallade, M|\n|teampreview\n|\n|t:|1698712483\n|start\n|switch|p1a: Toxapex|Toxapex, F|100\/100\n|switch|p2a: Mimikyu|Mimikyu, F|100\/100\n|turn|1\n|\n|t:|1698712491\n|move|p2a: Mimikyu|Swords Dance|p2a: Mimikyu\n|-boost|p2a: Mimikyu|atk|2\n|move|p1a: Toxapex|Toxic Spikes|p2a: Mimikyu\n|-sidestart|p2: F3EF0O|move: Toxic Spikes\n|\n|upkeep\n|turn|2\n|\n|t:|1698712512\n|switch|p1a: Iron Moth|Iron Moth|100\/100\n|move|p2a: Mimikyu|Swords Dance|p2a: Mimikyu\n|-boost|p2a: Mimikyu|atk|2\n|\n|upkeep\n|turn|3\n|inactive|Battle timer is ON: inactive players will automatically lose when time's up. (requested by F3EF0O)\n|\n|t:|1698712527\n|move|p1a: Iron Moth|Flash Cannon|p2a: Mimikyu\n|-activate|p2a: Mimikyu|ability: Disguise\n|-damage|p2a: Mimikyu|100\/100\n|detailschange|p2a: Mimikyu|Mimikyu-Busted, F\n|-damage|p2a: Mimikyu|88\/100|[from] pokemon: Mimikyu-Busted\n|move|p2a: Mimikyu|Shadow Claw|p1a: Iron Moth\n|-damage|p1a: Iron Moth|0 fnt\n|faint|p1a: Iron Moth\n|-end|p1a: Iron Moth|Quark Drive|[silent]\n|-damage|p2a: Mimikyu|78\/100|[from] item: Life Orb\n|\n|upkeep\n|\n|t:|1698712539\n|switch|p1a: Zacian|Zacian-Crowned|100\/100\n|-ability|p1a: Zacian|Intrepid Sword|boost\n|-boost|p1a: Zacian|atk|1\n|turn|4\n|inactive|F3EF0O has 120 seconds left.\n|\n|t:|1698712570\n|move|p2a: Mimikyu|Shadow Sneak|p1a: Zacian\n|-damage|p1a: Zacian|35\/100\n|-damage|p2a: Mimikyu|68\/100|[from] item: Life Orb\n|move|p1a: Zacian|Metal Claw|p2a: Mimikyu\n|-supereffective|p2a: Mimikyu\n|-damage|p2a: Mimikyu|0 fnt\n|faint|p2a: Mimikyu\n|\n|upkeep\n|inactive|F3EF0O has 120 seconds left.\n|\n|t:|1698712582\n|switch|p2a: Gallade|Gallade, M|100\/100\n|-status|p2a: Gallade|psn\n|turn|5\n|inactive|F3EF0O has 120 seconds left.\n|\n|t:|1698712593\n|move|p1a: Zacian|Play Rough|p2a: Gallade\n|-supereffective|p2a: Gallade\n|-damage|p2a: Gallade|0 fnt\n|faint|p2a: Gallade\n|\n|upkeep\n|\n|t:|1698712602\n|switch|p2a: Diancie|Diancie|100\/100\n|-status|p2a: Diancie|psn\n|turn|6\n|inactive|F3EF0O has 120 seconds left.\n|\n|t:|1698712608\n|move|p1a: Zacian|Close Combat|p2a: Diancie\n|-damage|p2a: Diancie|45\/100 psn\n|-unboost|p1a: Zacian|def|1\n|-unboost|p1a: Zacian|spd|1\n|move|p2a: Diancie|Stealth Rock|p1a: Zacian\n|-sidestart|p1: Hhcchjnccv|move: Stealth Rock\n|\n|-heal|p2a: Diancie|51\/100 psn|[from] item: Leftovers\n|-damage|p2a: Diancie|38\/100 psn|[from] psn\n|upkeep\n|turn|7\n|inactive|F3EF0O has 120 seconds left.\n|\n|t:|1698712624\n|move|p1a: Zacian|Close Combat|p2a: Diancie\n|-damage|p2a: Diancie|0 fnt\n|-unboost|p1a: Zacian|def|1\n|-unboost|p1a: Zacian|spd|1\n|faint|p2a: Diancie\n|\n|upkeep\n|\n|t:|1698712635\n|switch|p2a: Cloyster|Cloyster, F|100\/100\n|turn|8\n|\n|t:|1698712643\n|move|p1a: Zacian|Close Combat|p2a: Cloyster\n|-supereffective|p2a: Cloyster\n|-damage|p2a: Cloyster|0 fnt\n|-unboost|p1a: Zacian|def|1\n|-unboost|p1a: Zacian|spd|1\n|faint|p2a: Cloyster\n|\n|upkeep\n|\n|t:|1698712650\n|switch|p2a: Noivern|Noivern, F|100\/100\n|turn|9\n|\n|t:|1698712657\n|move|p1a: Zacian|Play Rough|p2a: Noivern\n|-supereffective|p2a: Noivern\n|-damage|p2a: Noivern|0 fnt\n|faint|p2a: Noivern\n|\n|upkeep\n|\n|t:|1698712663\n|switch|p2a: Dragapult|Dragapult, F, shiny|100\/100\n|-status|p2a: Dragapult|psn\n|turn|10\n|\n|t:|1698712671\n|move|p1a: Zacian|Play Rough|p2a: Dragapult\n|-supereffective|p2a: Dragapult\n|-damage|p2a: Dragapult|0 fnt\n|faint|p2a: Dragapult\n|\n|win|Hhcchjnccv\n|raw|Hhcchjnccv's rating: 1000 &rarr; <strong>1043<\/strong><br \/>(+43 for winning)\n|raw|F3EF0O's rating: 1029 &rarr; <strong>1013<\/strong><br \/>(-16 for losing)\n|l|\u203dF3EF0O\n","uploadtime":1698712688,"views":6,"p1id":"hhcchjnccv","p2id":"f3ef0o","formatid":"gen9anythinggoes","rating":1013,"private":0,"password":""}