{"id":"gen9anythinggoes-2000608064","p1":"YaBoiOz","p2":"hsbshb","format":"[Gen 9] Anything Goes","log":"|j|\u203dYaBoiOz\n|j|\u2606hsbshb\n|t:|1701210039\n|gametype|singles\n|player|p1|YaBoiOz|policeman|1127\n|player|p2|hsbshb|lucas|1292\n|teamsize|p1|6\n|teamsize|p2|6\n|gen|9\n|tier|[Gen 9] Anything Goes\n|rated|\n|rule|HP Percentage Mod: HP is shown in percentages\n|rule|Endless Battle Clause: Forcing endless battles is banned\n|clearpoke\n|poke|p1|Mew|\n|poke|p1|Dragapult, M|\n|poke|p1|Zamazenta-*|\n|poke|p1|Clodsire, M|\n|poke|p1|Kingambit, M|\n|poke|p1|Corviknight, M|\n|poke|p2|Glimmora, F|\n|poke|p2|Annihilape, M|\n|poke|p2|Annihilape, F|\n|poke|p2|Annihilape, M|\n|poke|p2|Annihilape, M|\n|poke|p2|Kingambit, M|\n|teampreview\n|inactive|Battle timer is ON: inactive players will automatically lose when time's up. (requested by hsbshb)\n|\n|t:|1701210087\n|start\n|switch|p1a: Clodsire|Clodsire, M|100\/100\n|switch|p2a: Glimmora|Glimmora, F|100\/100\n|turn|1\n|\n|t:|1701210103\n|move|p2a: Glimmora|Stealth Rock|p1a: Clodsire\n|-sidestart|p1: YaBoiOz|move: Stealth Rock\n|move|p1a: Clodsire|Spikes|p2a: Glimmora\n|-sidestart|p2: hsbshb|Spikes\n|\n|upkeep\n|turn|2\n|\n|t:|1701210111\n|move|p2a: Glimmora|Toxic Spikes|p1a: Clodsire\n|-sidestart|p1: YaBoiOz|move: Toxic Spikes\n|move|p1a: Clodsire|Toxic Spikes|p2a: Glimmora\n|-sidestart|p2: hsbshb|move: Toxic Spikes\n|\n|upkeep\n|turn|3\n|\n|t:|1701210115\n|move|p2a: Glimmora|Toxic Spikes|p1a: Clodsire\n|-sidestart|p1: YaBoiOz|move: Toxic Spikes\n|move|p1a: Clodsire|Toxic Spikes|p2a: Glimmora\n|-sidestart|p2: hsbshb|move: Toxic Spikes\n|\n|upkeep\n|turn|4\n|c|\u2606hsbshb|yeah rock tomb has to be replaced\n|\n|t:|1701210127\n|move|p2a: Glimmora|Rock Tomb|p1a: Clodsire\n|-resisted|p1a: Clodsire\n|-damage|p1a: Clodsire|92\/100\n|-unboost|p1a: Clodsire|spe|1\n|move|p1a: Clodsire|Spikes|p2a: Glimmora\n|-sidestart|p2: hsbshb|Spikes\n|\n|upkeep\n|turn|5\n|\n|t:|1701210134\n|move|p2a: Glimmora|Explosion|p1a: Clodsire\n|-damage|p1a: Clodsire|40\/100\n|faint|p2a: Glimmora\n|move|p1a: Clodsire|Spikes|p2: Glimmora\n|-sidestart|p2: hsbshb|Spikes\n|\n|upkeep\n|\n|t:|1701210139\n|switch|p2a: Sacrifice #1|Annihilape, M|100\/100\n|-damage|p2a: Sacrifice #1|75\/100|[from] Spikes\n|-status|p2a: Sacrifice #1|tox\n|turn|6\n|c|\u2606hsbshb|are u shitting me\n|\n|t:|1701210153\n|switch|p1a: Corviknight|Corviknight, M|100\/100\n|move|p2a: Sacrifice #1|Drain Punch|p1a: Corviknight\n|-damage|p1a: Corviknight|77\/100\n|-heal|p2a: Sacrifice #1|85\/100 tox|[from] drain|[of] p1a: Corviknight\n|\n|-damage|p2a: Sacrifice #1|79\/100 tox|[from] psn\n|upkeep\n|turn|7\n|\n|t:|1701210162\n|switch|p1a: Clodsire|Clodsire, M|40\/100\n|-damage|p1a: Clodsire|34\/100|[from] Stealth Rock\n|-sideend|p1: YaBoiOz|move: Toxic Spikes|[of] p1a: Clodsire\n|move|p2a: Sacrifice #1|Drain Punch|p1a: Clodsire\n|-resisted|p1a: Clodsire\n|-damage|p1a: Clodsire|20\/100\n|-heal|p2a: Sacrifice #1|86\/100 tox|[from] drain|[of] p1a: Clodsire\n|\n|-damage|p2a: Sacrifice #1|73\/100 tox|[from] psn\n|upkeep\n|turn|8\n|\n|t:|1701210176\n|switch|p1a: Corviknight|Corviknight, M|77\/100\n|move|p2a: Sacrifice #1|Drain Punch|p1a: Corviknight\n|-damage|p1a: Corviknight|53\/100\n|-heal|p2a: Sacrifice #1|83\/100 tox|[from] drain|[of] p1a: Corviknight\n|\n|-damage|p2a: Sacrifice #1|65\/100 tox|[from] psn\n|upkeep\n|turn|9\n|\n|t:|1701210186\n|switch|p2a: Sacrifice #2|Annihilape, F|100\/100\n|-damage|p2a: Sacrifice #2|75\/100|[from] Spikes\n|-status|p2a: Sacrifice #2|tox\n|move|p1a: Corviknight|Hurricane|p2a: Sacrifice #2\n|-supereffective|p2a: Sacrifice #2\n|-damage|p2a: Sacrifice #2|33\/100 tox\n|-start|p2a: Sacrifice #2|confusion\n|\n|-damage|p2a: Sacrifice #2|27\/100 tox|[from] psn\n|upkeep\n|turn|10\n|c|\u2606hsbshb|are u joking\n|inactive|YaBoiOz has 120 seconds left.\n|\n|t:|1701210226\n|-activate|p2a: Sacrifice #2|confusion\n|move|p2a: Sacrifice #2|Final Gambit|p1a: Corviknight\n|-damage|p1a: Corviknight|20\/100\n|faint|p2a: Sacrifice #2\n|move|p1a: Corviknight|Body Slam|p2: Sacrifice #2|[notarget]\n|-fail|p1a: Corviknight\n|\n|upkeep\n|\n|t:|1701210234\n|switch|p2a: Sacrifice #1|Annihilape, M|65\/100 tox\n|-damage|p2a: Sacrifice #1|40\/100 tox|[from] Spikes\n|turn|11\n|\n|t:|1701210242\n|move|p2a: Sacrifice #1|Close Combat|p1a: Corviknight\n|-damage|p1a: Corviknight|0 fnt\n|-unboost|p2a: Sacrifice #1|def|1\n|-unboost|p2a: Sacrifice #1|spd|1\n|faint|p1a: Corviknight\n|\n|-damage|p2a: Sacrifice #1|34\/100 tox|[from] psn\n|upkeep\n|\n|t:|1701210251\n|switch|p1a: Dragapult|Dragapult, M|100\/100\n|-damage|p1a: Dragapult|88\/100|[from] Stealth Rock\n|turn|12\n|\n|t:|1701210259\n|move|p1a: Dragapult|Sucker Punch|p2a: Sacrifice #1\n|-damage|p2a: Sacrifice #1|0 fnt\n|faint|p2a: Sacrifice #1\n|\n|upkeep\n|\n|t:|1701210265\n|switch|p2a: THE final gambit|Kingambit, M, shiny|100\/100\n|-damage|p2a: THE final gambit|76\/100|[from] Spikes\n|-activate|p2a: THE final gambit|ability: Supreme Overlord\n|-start|p2a: THE final gambit|fallen3|[silent]\n|turn|13\n|\n|t:|1701210293\n|move|p1a: Dragapult|Thunder Wave|p2a: THE final gambit\n|-status|p2a: THE final gambit|par\n|cant|p2a: THE final gambit|par\n|\n|-heal|p2a: THE final gambit|82\/100 par|[from] item: Leftovers\n|upkeep\n|turn|14\n|c|\u2606hsbshb|fuck\n|c|\u2606hsbshb|of course\n|\n|t:|1701210302\n|move|p2a: THE final gambit|Sucker Punch|p1a: Dragapult\n|-supereffective|p1a: Dragapult\n|-damage|p1a: Dragapult|0 fnt\n|faint|p1a: Dragapult\n|\n|-heal|p2a: THE final gambit|88\/100 par|[from] item: Leftovers\n|upkeep\n|\n|t:|1701210310\n|switch|p1a: Mew|Mew|100\/100\n|-damage|p1a: Mew|88\/100|[from] Stealth Rock\n|turn|15\n|\n|t:|1701210319\n|-terastallize|p2a: THE final gambit|Flying\n|move|p2a: THE final gambit|Sucker Punch||[still]\n|-fail|p2a: THE final gambit\n|move|p1a: Mew|Bulk Up|p1a: Mew\n|-boost|p1a: Mew|atk|1\n|-boost|p1a: Mew|def|1\n|\n|-heal|p1a: Mew|94\/100|[from] item: Leftovers\n|-heal|p2a: THE final gambit|94\/100 par|[from] item: Leftovers\n|upkeep\n|turn|16\n|\n|t:|1701210328\n|move|p1a: Mew|Bulk Up|p1a: Mew\n|-boost|p1a: Mew|atk|1\n|-boost|p1a: Mew|def|1\n|cant|p2a: THE final gambit|par\n|\n|-heal|p1a: Mew|100\/100|[from] item: Leftovers\n|-heal|p2a: THE final gambit|100\/100 par|[from] item: Leftovers\n|upkeep\n|turn|17\n|n|!hsbshb|hsbshb\n|\n|t:|1701210337\n|move|p1a: Mew|Bulk Up|p1a: Mew\n|-boost|p1a: Mew|atk|1\n|-boost|p1a: Mew|def|1\n|cant|p2a: THE final gambit|par\n|\n|upkeep\n|turn|18\n|\n|t:|1701210356\n|move|p1a: Mew|Bulk Up|p1a: Mew\n|-boost|p1a: Mew|atk|1\n|-boost|p1a: Mew|def|1\n|cant|p2a: THE final gambit|par\n|\n|upkeep\n|turn|19\n|-message|hsbshb forfeited.\n|\n|win|YaBoiOz\n|raw|YaBoiOz's rating: 1127 &rarr; <strong>1163<\/strong><br \/>(+36 for winning)\n|raw|hsbshb's rating: 1292 &rarr; <strong>1256<\/strong><br \/>(-36 for losing)\n|l|!hsbshb\n","uploadtime":1701210336,"views":0,"p1id":"yaboioz","p2id":"hsbshb","formatid":"gen9anythinggoes","rating":1163,"private":0,"password":""}