{"id":"gen9anythinggoes-1987670280","p1":"4th Acct To 1700","p2":"DrontDoDugs","format":"[Gen 9] Anything Goes","log":"|j|\u26064th Acct To 1700\n|j|\u2606DrontDoDugs\n|t:|1699626056\n|gametype|singles\n|player|p1|4th Acct To 1700|clown|1611\n|player|p2|DrontDoDugs|shadowtriad|1587\n|teamsize|p1|6\n|teamsize|p2|6\n|gen|9\n|tier|[Gen 9] Anything Goes\n|rated|\n|rule|HP Percentage Mod: HP is shown in percentages\n|rule|Endless Battle Clause: Forcing endless battles is banned\n|clearpoke\n|poke|p1|Koraidon|\n|poke|p1|Calyrex-Shadow|\n|poke|p1|Arceus|\n|poke|p1|Arceus-Ground|\n|poke|p1|Ribombee, M|\n|poke|p1|Kyogre|\n|poke|p2|Skeledirge, M|\n|poke|p2|Blissey, F|\n|poke|p2|Giratina|\n|poke|p2|Clefable, M|\n|poke|p2|Ting-Lu|\n|poke|p2|Toxapex, F|\n|teampreview\n|inactive|Battle timer is ON: inactive players will automatically lose when time's up. (requested by DrontDoDugs)\n|\n|t:|1699626068\n|start\n|switch|p1a: RibBOMbee|Ribombee, M|100\/100\n|switch|p2a: Ting-Lu|Ting-Lu|100\/100\n|-ability|p2a: Ting-Lu|Vessel of Ruin\n|turn|1\n|\n|t:|1699626074\n|move|p1a: RibBOMbee|Switcheroo|p2a: Ting-Lu\n|-activate|p1a: RibBOMbee|move: Trick|[of] p2a: Ting-Lu\n|-item|p2a: Ting-Lu|Choice Scarf|[from] move: Switcheroo\n|-item|p1a: RibBOMbee|Leftovers|[from] move: Switcheroo\n|move|p2a: Ting-Lu|Stealth Rock|p1a: RibBOMbee\n|-sidestart|p1: 4th Acct To 1700|move: Stealth Rock\n|\n|upkeep\n|turn|2\n|\n|t:|1699626080\n|switch|p2a: Giratina|Giratina, shiny|100\/100\n|-ability|p2a: Giratina|Pressure\n|move|p1a: RibBOMbee|Sticky Web|p2a: Giratina\n|-sidestart|p2: DrontDoDugs|move: Sticky Web\n|\n|upkeep\n|turn|3\n|\n|t:|1699626086\n|move|p1a: RibBOMbee|Switcheroo|p2a: Giratina\n|-activate|p1a: RibBOMbee|move: Trick|[of] p2a: Giratina\n|-item|p2a: Giratina|Leftovers|[from] move: Switcheroo\n|-item|p1a: RibBOMbee|Leftovers|[from] move: Switcheroo\n|move|p2a: Giratina|Thunder Wave|p1a: RibBOMbee\n|-status|p1a: RibBOMbee|par\n|\n|upkeep\n|turn|4\n|\n|t:|1699626096\n|move|p2a: Giratina|Defog|p1a: RibBOMbee\n|-unboost|p1a: RibBOMbee|evasion|1\n|-sideend|p1: 4th Acct To 1700|Stealth Rock|[from] move: Defog|[of] p2a: Giratina\n|-sideend|p2: DrontDoDugs|Sticky Web|[from] move: Defog|[of] p2a: Giratina\n|move|p1a: RibBOMbee|Stun Spore|p2a: Giratina\n|-status|p2a: Giratina|par\n|\n|upkeep\n|turn|5\n|\n|t:|1699626101\n|move|p1a: RibBOMbee|Sticky Web|p2a: Giratina\n|-sidestart|p2: DrontDoDugs|move: Sticky Web\n|move|p2a: Giratina|Hex|p1a: RibBOMbee\n|-damage|p1a: RibBOMbee|24\/100 par\n|\n|-heal|p1a: RibBOMbee|30\/100 par|[from] item: Leftovers\n|upkeep\n|turn|6\n|\n|t:|1699626106\n|move|p1a: RibBOMbee|Moonblast|p2a: Giratina\n|-supereffective|p2a: Giratina\n|-damage|p2a: Giratina|53\/100 par\n|-unboost|p2a: Giratina|spa|1\n|move|p2a: Giratina|Defog|p1a: RibBOMbee\n|-unboost|p1a: RibBOMbee|evasion|1\n|-sideend|p2: DrontDoDugs|Sticky Web|[from] move: Defog|[of] p2a: Giratina\n|\n|-heal|p1a: RibBOMbee|37\/100 par|[from] item: Leftovers\n|-heal|p2a: Giratina|59\/100 par|[from] item: Leftovers\n|upkeep\n|turn|7\n|\n|t:|1699626113\n|switch|p2a: Blissey|Blissey, F|100\/100\n|move|p1a: RibBOMbee|Moonblast|p2a: Blissey\n|-damage|p2a: Blissey|87\/100\n|\n|-heal|p1a: RibBOMbee|43\/100 par|[from] item: Leftovers\n|-heal|p2a: Blissey|94\/100|[from] item: Leftovers\n|upkeep\n|turn|8\n|\n|t:|1699626129\n|switch|p1a: Not my best team|Arceus-Ground|100\/100\n|move|p2a: Blissey|Seismic Toss|p1a: Not my best team\n|-damage|p1a: Not my best team|76\/100\n|\n|-heal|p2a: Blissey|99\/100|[from] item: Leftovers\n|upkeep\n|turn|9\n|\n|t:|1699626137\n|move|p1a: Not my best team|Dragon Dance|p1a: Not my best team\n|-boost|p1a: Not my best team|atk|1\n|-boost|p1a: Not my best team|spe|1\n|move|p2a: Blissey|Seismic Toss|p1a: Not my best team\n|-damage|p1a: Not my best team|52\/100\n|\n|-heal|p2a: Blissey|100\/100|[from] item: Leftovers\n|upkeep\n|turn|10\n|\n|t:|1699626145\n|switch|p2a: Ting-Lu|Ting-Lu|100\/100\n|-ability|p2a: Ting-Lu|Vessel of Ruin\n|move|p1a: Not my best team|Earthquake|p2a: Ting-Lu\n|-damage|p2a: Ting-Lu|60\/100\n|\n|upkeep\n|turn|11\n|\n|t:|1699626156\n|move|p1a: Not my best team|Dragon Dance|p1a: Not my best team\n|-boost|p1a: Not my best team|atk|1\n|-boost|p1a: Not my best team|spe|1\n|move|p2a: Ting-Lu|Whirlwind|p1a: Not my best team\n|drag|p1a: Ok I'm cheating|Calyrex-Shadow|100\/100\n|-ability|p1a: Ok I'm cheating|As One\n|-ability|p1a: Ok I'm cheating|Unnerve\n|\n|upkeep\n|turn|12\n|\n|t:|1699626163\n|switch|p2a: Blissey|Blissey, F|100\/100\n|move|p1a: Ok I'm cheating|Encore||[still]\n|-fail|p1a: Ok I'm cheating\n|\n|upkeep\n|turn|13\n|\n|t:|1699626169\n|move|p1a: Ok I'm cheating|Nasty Plot|p1a: Ok I'm cheating\n|-boost|p1a: Ok I'm cheating|spa|2\n|move|p2a: Blissey|Thunder Wave|p1a: Ok I'm cheating\n|-status|p1a: Ok I'm cheating|par\n|\n|upkeep\n|turn|14\n|\n|t:|1699626175\n|switch|p2a: Giratina|Giratina, shiny|59\/100 par\n|-ability|p2a: Giratina|Pressure\n|move|p1a: Ok I'm cheating|Psyshock|p2a: Giratina\n|-damage|p2a: Giratina|13\/100 par\n|\n|-heal|p2a: Giratina|19\/100 par|[from] item: Leftovers\n|upkeep\n|turn|15\n|\n|t:|1699626183\n|move|p1a: Ok I'm cheating|Astral Barrage|p2a: Giratina\n|-supereffective|p2a: Giratina\n|-damage|p2a: Giratina|0 fnt\n|faint|p2a: Giratina\n|-ability|p1a: Ok I'm cheating|Grim Neigh|boost\n|-boost|p1a: Ok I'm cheating|spa|1\n|\n|upkeep\n|\n|t:|1699626192\n|switch|p2a: Clefable|Clefable, M, shiny|100\/100\n|turn|16\n|\n|t:|1699626196\n|move|p1a: Ok I'm cheating|Astral Barrage|p2a: Clefable\n|-damage|p2a: Clefable|48\/100\n|move|p2a: Clefable|Cosmic Power|p2a: Clefable\n|-boost|p2a: Clefable|def|1\n|-boost|p2a: Clefable|spd|1\n|\n|-heal|p2a: Clefable|54\/100|[from] item: Leftovers\n|upkeep\n|turn|17\n|\n|t:|1699626202\n|cant|p1a: Ok I'm cheating|par\n|move|p2a: Clefable|Wish|p2a: Clefable\n|\n|-heal|p2a: Clefable|60\/100|[from] item: Leftovers\n|upkeep\n|turn|18\n|\n|t:|1699626205\n|move|p1a: Ok I'm cheating|Nasty Plot|p1a: Ok I'm cheating\n|-boost|p1a: Ok I'm cheating|spa|2\n|move|p2a: Clefable|Cosmic Power|p2a: Clefable\n|-boost|p2a: Clefable|def|1\n|-boost|p2a: Clefable|spd|1\n|\n|-heal|p2a: Clefable|100\/100|[from] move: Wish|[wisher] Clefable\n|upkeep\n|turn|19\n|\n|t:|1699626209\n|move|p1a: Ok I'm cheating|Astral Barrage|p2a: Clefable\n|-damage|p2a: Clefable|74\/100\n|move|p2a: Clefable|Cosmic Power|p2a: Clefable\n|-boost|p2a: Clefable|def|1\n|-boost|p2a: Clefable|spd|1\n|\n|-heal|p2a: Clefable|80\/100|[from] item: Leftovers\n|upkeep\n|turn|20\n|\n|t:|1699626213\n|move|p1a: Ok I'm cheating|Encore|p2a: Clefable\n|-start|p2a: Clefable|Encore\n|move|p2a: Clefable|Cosmic Power|p2a: Clefable\n|-boost|p2a: Clefable|def|1\n|-boost|p2a: Clefable|spd|1\n|\n|-heal|p2a: Clefable|87\/100|[from] item: Leftovers\n|upkeep\n|turn|21\n|\n|t:|1699626214\n|move|p1a: Ok I'm cheating|Astral Barrage|p2a: Clefable\n|-damage|p2a: Clefable|71\/100\n|move|p2a: Clefable|Cosmic Power|p2a: Clefable\n|-boost|p2a: Clefable|def|1\n|-boost|p2a: Clefable|spd|1\n|\n|-heal|p2a: Clefable|77\/100|[from] item: Leftovers\n|upkeep\n|turn|22\n|\n|t:|1699626218\n|move|p1a: Ok I'm cheating|Nasty Plot|p1a: Ok I'm cheating\n|-boost|p1a: Ok I'm cheating|spa|1\n|move|p2a: Clefable|Cosmic Power|p2a: Clefable\n|-boost|p2a: Clefable|def|1\n|-boost|p2a: Clefable|spd|1\n|\n|-heal|p2a: Clefable|83\/100|[from] item: Leftovers\n|-end|p2a: Clefable|Encore\n|upkeep\n|turn|23\n|\n|t:|1699626226\n|move|p1a: Ok I'm cheating|Encore|p2a: Clefable\n|-start|p2a: Clefable|Encore\n|move|p2a: Clefable|Cosmic Power|p2a: Clefable\n|-boost|p2a: Clefable|def|0\n|-boost|p2a: Clefable|spd|0\n|\n|-heal|p2a: Clefable|89\/100|[from] item: Leftovers\n|upkeep\n|turn|24\n|\n|t:|1699626234\n|move|p1a: Ok I'm cheating|Psyshock|p2a: Clefable\n|-damage|p2a: Clefable|75\/100\n|move|p2a: Clefable|Cosmic Power|p2a: Clefable\n|-boost|p2a: Clefable|def|0\n|-boost|p2a: Clefable|spd|0\n|\n|-heal|p2a: Clefable|81\/100|[from] item: Leftovers\n|upkeep\n|turn|25\n|\n|t:|1699626236\n|move|p1a: Ok I'm cheating|Psyshock|p2a: Clefable\n|-damage|p2a: Clefable|67\/100\n|move|p2a: Clefable|Cosmic Power|p2a: Clefable\n|-boost|p2a: Clefable|def|0\n|-boost|p2a: Clefable|spd|0\n|\n|-heal|p2a: Clefable|73\/100|[from] item: Leftovers\n|-end|p2a: Clefable|Encore\n|upkeep\n|turn|26\n|\n|t:|1699626239\n|move|p1a: Ok I'm cheating|Encore|p2a: Clefable\n|-start|p2a: Clefable|Encore\n|move|p2a: Clefable|Cosmic Power|p2a: Clefable\n|-boost|p2a: Clefable|def|0\n|-boost|p2a: Clefable|spd|0\n|\n|-heal|p2a: Clefable|79\/100|[from] item: Leftovers\n|upkeep\n|turn|27\n|\n|t:|1699626241\n|move|p1a: Ok I'm cheating|Psyshock|p2a: Clefable\n|-damage|p2a: Clefable|64\/100\n|move|p2a: Clefable|Cosmic Power|p2a: Clefable\n|-boost|p2a: Clefable|def|0\n|-boost|p2a: Clefable|spd|0\n|\n|-heal|p2a: Clefable|70\/100|[from] item: Leftovers\n|upkeep\n|turn|28\n|\n|t:|1699626246\n|cant|p1a: Ok I'm cheating|par\n|move|p2a: Clefable|Cosmic Power|p2a: Clefable\n|-boost|p2a: Clefable|def|0\n|-boost|p2a: Clefable|spd|0\n|\n|-heal|p2a: Clefable|76\/100|[from] item: Leftovers\n|-end|p2a: Clefable|Encore\n|upkeep\n|turn|29\n|\n|t:|1699626248\n|cant|p1a: Ok I'm cheating|par\n|move|p2a: Clefable|Baton Pass|p2a: Clefable\n|\n|t:|1699626252\n|switch|p2a: Skeledirge|Skeledirge, M, shiny|100\/100|[from] Baton Pass\n|\n|upkeep\n|turn|30\n|\n|t:|1699626261\n|-terastallize|p2a: Skeledirge|Flying\n|move|p1a: Ok I'm cheating|Astral Barrage|p2a: Skeledirge\n|-damage|p2a: Skeledirge|82\/100\n|move|p2a: Skeledirge|Substitute|p2a: Skeledirge\n|-start|p2a: Skeledirge|Substitute\n|-damage|p2a: Skeledirge|57\/100\n|\n|-heal|p2a: Skeledirge|63\/100|[from] item: Leftovers\n|upkeep\n|turn|31\n|\n|t:|1699626268\n|move|p1a: Ok I'm cheating|Encore|p2a: Skeledirge\n|-start|p2a: Skeledirge|Encore\n|move|p2a: Skeledirge|Substitute|p2a: Skeledirge\n|-fail|p2a: Skeledirge|move: Substitute\n|\n|-heal|p2a: Skeledirge|69\/100|[from] item: Leftovers\n|upkeep\n|turn|32\n|\n|t:|1699626272\n|move|p1a: Ok I'm cheating|Astral Barrage|p2a: Skeledirge\n|-activate|p2a: Skeledirge|move: Substitute|[damage]\n|move|p2a: Skeledirge|Substitute|p2a: Skeledirge\n|-fail|p2a: Skeledirge|move: Substitute\n|\n|-heal|p2a: Skeledirge|75\/100|[from] item: Leftovers\n|upkeep\n|turn|33\n|\n|t:|1699626276\n|move|p1a: Ok I'm cheating|Psyshock|p2a: Skeledirge\n|-end|p2a: Skeledirge|Substitute\n|move|p2a: Skeledirge|Substitute|p2a: Skeledirge\n|-start|p2a: Skeledirge|Substitute\n|-damage|p2a: Skeledirge|51\/100\n|\n|-heal|p2a: Skeledirge|57\/100|[from] item: Leftovers\n|-end|p2a: Skeledirge|Encore\n|upkeep\n|turn|34\n|\n|t:|1699626280\n|move|p1a: Ok I'm cheating|Encore|p2a: Skeledirge\n|-start|p2a: Skeledirge|Encore\n|move|p2a: Skeledirge|Substitute|p2a: Skeledirge\n|-fail|p2a: Skeledirge|move: Substitute\n|\n|-heal|p2a: Skeledirge|63\/100|[from] item: Leftovers\n|upkeep\n|turn|35\n|\n|t:|1699626282\n|move|p1a: Ok I'm cheating|Psyshock|p2a: Skeledirge\n|-activate|p2a: Skeledirge|move: Substitute|[damage]\n|move|p2a: Skeledirge|Substitute|p2a: Skeledirge\n|-fail|p2a: Skeledirge|move: Substitute\n|\n|-heal|p2a: Skeledirge|69\/100|[from] item: Leftovers\n|upkeep\n|turn|36\n|\n|t:|1699626284\n|move|p1a: Ok I'm cheating|Psyshock|p2a: Skeledirge\n|-activate|p2a: Skeledirge|move: Substitute|[damage]\n|move|p2a: Skeledirge|Substitute|p2a: Skeledirge\n|-fail|p2a: Skeledirge|move: Substitute\n|\n|-heal|p2a: Skeledirge|75\/100|[from] item: Leftovers\n|-end|p2a: Skeledirge|Encore\n|upkeep\n|turn|37\n|\n|t:|1699626288\n|move|p1a: Ok I'm cheating|Encore|p2a: Skeledirge\n|-start|p2a: Skeledirge|Encore\n|move|p2a: Skeledirge|Substitute|p2a: Skeledirge\n|-fail|p2a: Skeledirge|move: Substitute\n|\n|-heal|p2a: Skeledirge|81\/100|[from] item: Leftovers\n|upkeep\n|turn|38\n|\n|t:|1699626289\n|cant|p1a: Ok I'm cheating|par\n|move|p2a: Skeledirge|Substitute|p2a: Skeledirge\n|-fail|p2a: Skeledirge|move: Substitute\n|\n|-heal|p2a: Skeledirge|87\/100|[from] item: Leftovers\n|upkeep\n|turn|39\n|\n|t:|1699626291\n|move|p1a: Ok I'm cheating|Psyshock|p2a: Skeledirge\n|-activate|p2a: Skeledirge|move: Substitute|[damage]\n|move|p2a: Skeledirge|Substitute|p2a: Skeledirge\n|-fail|p2a: Skeledirge|move: Substitute\n|\n|-heal|p2a: Skeledirge|93\/100|[from] item: Leftovers\n|-end|p2a: Skeledirge|Encore\n|upkeep\n|turn|40\n|\n|t:|1699626293\n|move|p1a: Ok I'm cheating|Encore|p2a: Skeledirge\n|-start|p2a: Skeledirge|Encore\n|move|p2a: Skeledirge|Substitute|p2a: Skeledirge\n|-fail|p2a: Skeledirge|move: Substitute\n|\n|-heal|p2a: Skeledirge|99\/100|[from] item: Leftovers\n|upkeep\n|turn|41\n|\n|t:|1699626296\n|move|p1a: Ok I'm cheating|Psyshock|p2a: Skeledirge\n|-end|p2a: Skeledirge|Substitute\n|move|p2a: Skeledirge|Substitute|p2a: Skeledirge\n|-start|p2a: Skeledirge|Substitute\n|-damage|p2a: Skeledirge|74\/100\n|\n|-heal|p2a: Skeledirge|81\/100|[from] item: Leftovers\n|upkeep\n|turn|42\n|\n|t:|1699626299\n|cant|p1a: Ok I'm cheating|par\n|move|p2a: Skeledirge|Substitute|p2a: Skeledirge\n|-fail|p2a: Skeledirge|move: Substitute\n|\n|-heal|p2a: Skeledirge|87\/100|[from] item: Leftovers\n|-end|p2a: Skeledirge|Encore\n|upkeep\n|turn|43\n|\n|t:|1699626301\n|cant|p1a: Ok I'm cheating|par\n|move|p2a: Skeledirge|Shadow Ball|p1a: Ok I'm cheating\n|-supereffective|p1a: Ok I'm cheating\n|-enditem|p1a: Ok I'm cheating|Focus Sash\n|-damage|p1a: Ok I'm cheating|1\/100 par\n|\n|-heal|p2a: Skeledirge|93\/100|[from] item: Leftovers\n|upkeep\n|turn|44\n|\n|t:|1699626307\n|move|p1a: Ok I'm cheating|Psyshock|p2a: Skeledirge\n|-activate|p2a: Skeledirge|move: Substitute|[damage]\n|move|p2a: Skeledirge|Torch Song|p1a: Ok I'm cheating\n|-damage|p1a: Ok I'm cheating|0 fnt\n|-boost|p2a: Skeledirge|spa|1\n|faint|p1a: Ok I'm cheating\n|\n|-heal|p2a: Skeledirge|99\/100|[from] item: Leftovers\n|upkeep\n|inactive|4th Acct To 1700 has 120 seconds left.\n|\n|t:|1699626344\n|switch|p1a: RibBOMbee|Ribombee, M|43\/100 par\n|turn|45\n|\n|t:|1699626349\n|cant|p1a: RibBOMbee|par\n|move|p2a: Skeledirge|Torch Song|p1a: RibBOMbee\n|-supereffective|p1a: RibBOMbee\n|-damage|p1a: RibBOMbee|0 fnt\n|-boost|p2a: Skeledirge|spa|1\n|faint|p1a: RibBOMbee\n|\n|-heal|p2a: Skeledirge|100\/100|[from] item: Leftovers\n|upkeep\n|\n|t:|1699626353\n|switch|p1a: World serpent|Kyogre|100\/100\n|-weather|RainDance|[from] ability: Drizzle|[of] p1a: World serpent\n|turn|46\n|\n|t:|1699626361\n|move|p1a: World serpent|Thunder|p2a: Skeledirge\n|-supereffective|p2a: Skeledirge\n|-end|p2a: Skeledirge|Substitute\n|move|p2a: Skeledirge|Shadow Ball|p1a: World serpent\n|-damage|p1a: World serpent|57\/100\n|\n|-weather|RainDance|[upkeep]\n|upkeep\n|turn|47\n|\n|t:|1699626368\n|move|p1a: World serpent|Thunder|p2a: Skeledirge\n|-supereffective|p2a: Skeledirge\n|-crit|p2a: Skeledirge\n|-damage|p2a: Skeledirge|0 fnt\n|faint|p2a: Skeledirge\n|\n|-weather|RainDance|[upkeep]\n|upkeep\n|\n|t:|1699626374\n|switch|p2a: Blissey|Blissey, F|100\/100\n|turn|48\n|\n|t:|1699626384\n|move|p1a: World serpent|Surf|p2a: Blissey\n|-damage|p2a: Blissey|79\/100\n|move|p2a: Blissey|Seismic Toss|p1a: World serpent\n|-damage|p1a: World serpent|28\/100\n|\n|-weather|RainDance|[upkeep]\n|-heal|p2a: Blissey|85\/100|[from] item: Leftovers\n|upkeep\n|turn|49\n|\n|t:|1699626394\n|switch|p1a: Muhfuckin Blaziken|Koraidon|100\/100\n|-weather|SunnyDay|[from] ability: Orichalcum Pulse|[of] p1a: Muhfuckin Blaziken\n|-activate|p1a: Muhfuckin Blaziken|Orichalcum Pulse|[source]\n|move|p2a: Blissey|Thunder Wave|p1a: Muhfuckin Blaziken\n|-status|p1a: Muhfuckin Blaziken|par\n|\n|-weather|SunnyDay|[upkeep]\n|-heal|p2a: Blissey|91\/100|[from] item: Leftovers\n|upkeep\n|turn|50\n|\n|t:|1699626405\n|switch|p2a: Toxapex|Toxapex, F|100\/100\n|move|p1a: Muhfuckin Blaziken|Swords Dance|p1a: Muhfuckin Blaziken\n|-boost|p1a: Muhfuckin Blaziken|atk|2\n|\n|-weather|SunnyDay|[upkeep]\n|upkeep\n|turn|51\n|\n|t:|1699626417\n|cant|p1a: Muhfuckin Blaziken|par\n|move|p2a: Toxapex|Haze|p2a: Toxapex\n|-clearallboost\n|\n|-weather|SunnyDay|[upkeep]\n|upkeep\n|turn|52\n|\n|t:|1699626419\n|cant|p1a: Muhfuckin Blaziken|par\n|move|p2a: Toxapex|Toxic Spikes|p1a: Muhfuckin Blaziken\n|-sidestart|p1: 4th Acct To 1700|move: Toxic Spikes\n|\n|-weather|SunnyDay|[upkeep]\n|upkeep\n|turn|53\n|\n|t:|1699626421\n|move|p1a: Muhfuckin Blaziken|Swords Dance|p1a: Muhfuckin Blaziken\n|-boost|p1a: Muhfuckin Blaziken|atk|2\n|move|p2a: Toxapex|Toxic Spikes|p1a: Muhfuckin Blaziken\n|-sidestart|p1: 4th Acct To 1700|move: Toxic Spikes\n|\n|-weather|none\n|upkeep\n|turn|54\n|\n|t:|1699626424\n|move|p1a: Muhfuckin Blaziken|Close Combat|p2a: Toxapex\n|-resisted|p2a: Toxapex\n|-damage|p2a: Toxapex|65\/100\n|-unboost|p1a: Muhfuckin Blaziken|def|1\n|-unboost|p1a: Muhfuckin Blaziken|spd|1\n|move|p2a: Toxapex|Haze|p2a: Toxapex\n|-clearallboost\n|\n|-heal|p2a: Toxapex|72\/100|[from] item: Black Sludge\n|upkeep\n|turn|55\n|\n|t:|1699626437\n|move|p1a: Muhfuckin Blaziken|Swords Dance|p1a: Muhfuckin Blaziken\n|-boost|p1a: Muhfuckin Blaziken|atk|2\n|move|p2a: Toxapex|Haze|p2a: Toxapex\n|-clearallboost\n|\n|-heal|p2a: Toxapex|78\/100|[from] item: Black Sludge\n|upkeep\n|turn|56\n|\n|t:|1699626442\n|switch|p2a: Ting-Lu|Ting-Lu|60\/100\n|-ability|p2a: Ting-Lu|Vessel of Ruin\n|move|p1a: Muhfuckin Blaziken|Swords Dance|p1a: Muhfuckin Blaziken\n|-boost|p1a: Muhfuckin Blaziken|atk|2\n|\n|upkeep\n|turn|57\n|\n|t:|1699626452\n|cant|p1a: Muhfuckin Blaziken|par\n|move|p2a: Ting-Lu|Whirlwind|p1a: Muhfuckin Blaziken\n|drag|p1a: A Diety|Arceus|100\/100\n|\n|upkeep\n|turn|58\n|\n|t:|1699626459\n|switch|p2a: Toxapex|Toxapex, F|100\/100\n|move|p1a: A Diety|Swords Dance|p1a: A Diety\n|-boost|p1a: A Diety|atk|2\n|\n|upkeep\n|turn|59\n|\n|t:|1699626468\n|move|p1a: A Diety|Extreme Speed|p2a: Toxapex\n|-damage|p2a: Toxapex|48\/100\n|move|p2a: Toxapex|Toxic|p1a: A Diety\n|-status|p1a: A Diety|tox\n|\n|-heal|p2a: Toxapex|54\/100|[from] item: Black Sludge\n|-damage|p1a: A Diety|94\/100 tox|[from] psn\n|upkeep\n|turn|60\n|\n|t:|1699626476\n|switch|p2a: Ting-Lu|Ting-Lu|60\/100\n|-ability|p2a: Ting-Lu|Vessel of Ruin\n|move|p1a: A Diety|Extreme Speed|p2a: Ting-Lu\n|-damage|p2a: Ting-Lu|22\/100\n|\n|-damage|p1a: A Diety|82\/100 tox|[from] psn\n|upkeep\n|turn|61\n|\n|t:|1699626485\n|move|p1a: A Diety|Extreme Speed|p2a: Ting-Lu\n|-crit|p2a: Ting-Lu\n|-damage|p2a: Ting-Lu|0 fnt\n|faint|p2a: Ting-Lu\n|\n|-damage|p1a: A Diety|64\/100 tox|[from] psn\n|upkeep\n|\n|t:|1699626492\n|switch|p2a: Clefable|Clefable, M, shiny|76\/100\n|turn|62\n|\n|t:|1699626498\n|move|p2a: Clefable|Protect|p2a: Clefable\n|-singleturn|p2a: Clefable|Protect\n|move|p1a: A Diety|Swords Dance|p1a: A Diety\n|-boost|p1a: A Diety|atk|2\n|\n|-heal|p2a: Clefable|82\/100|[from] item: Leftovers\n|-damage|p1a: A Diety|40\/100 tox|[from] psn\n|upkeep\n|turn|63\n|\n|t:|1699626503\n|move|p1a: A Diety|Extreme Speed|p2a: Clefable\n|-damage|p2a: Clefable|31\/100\n|move|p2a: Clefable|Wish|p2a: Clefable\n|\n|-heal|p2a: Clefable|37\/100|[from] item: Leftovers\n|-damage|p1a: A Diety|9\/100 tox|[from] psn\n|upkeep\n|turn|64\n|\n|t:|1699626510\n|move|p2a: Clefable|Protect|p2a: Clefable\n|-singleturn|p2a: Clefable|Protect\n|move|p1a: A Diety|Recover|p1a: A Diety\n|-heal|p1a: A Diety|59\/100 tox\n|\n|-heal|p2a: Clefable|87\/100|[from] move: Wish|[wisher] Clefable\n|-heal|p2a: Clefable|93\/100|[from] item: Leftovers\n|-damage|p1a: A Diety|23\/100 tox|[from] psn\n|upkeep\n|turn|65\n|\n|t:|1699626517\n|move|p1a: A Diety|Extreme Speed|p2a: Clefable\n|-damage|p2a: Clefable|47\/100\n|move|p2a: Clefable|Wish|p2a: Clefable\n|\n|-heal|p2a: Clefable|53\/100|[from] item: Leftovers\n|-damage|p1a: A Diety|0 fnt|[from] psn\n|faint|p1a: A Diety\n|upkeep\n|\n|t:|1699626528\n|switch|p1a: Not my best team|Arceus-Ground|52\/100\n|-status|p1a: Not my best team|tox\n|turn|66\n|\n|t:|1699626533\n|move|p1a: Not my best team|Dragon Dance|p1a: Not my best team\n|-boost|p1a: Not my best team|atk|1\n|-boost|p1a: Not my best team|spe|1\n|move|p2a: Clefable|Cosmic Power|p2a: Clefable\n|-boost|p2a: Clefable|def|1\n|-boost|p2a: Clefable|spd|1\n|\n|-heal|p2a: Clefable|100\/100|[from] move: Wish|[wisher] Clefable\n|-damage|p1a: Not my best team|46\/100 tox|[from] psn\n|upkeep\n|turn|67\n|\n|t:|1699626536\n|move|p1a: Not my best team|Earthquake|p2a: Clefable\n|-damage|p2a: Clefable|49\/100\n|move|p2a: Clefable|Cosmic Power|p2a: Clefable\n|-boost|p2a: Clefable|def|1\n|-boost|p2a: Clefable|spd|1\n|\n|-heal|p2a: Clefable|55\/100|[from] item: Leftovers\n|-damage|p1a: Not my best team|34\/100 tox|[from] psn\n|upkeep\n|turn|68\n|\n|t:|1699626541\n|move|p1a: Not my best team|Earthquake|p2a: Clefable\n|-damage|p2a: Clefable|16\/100\n|move|p2a: Clefable|Wish|p2a: Clefable\n|\n|-heal|p2a: Clefable|23\/100|[from] item: Leftovers\n|-damage|p1a: Not my best team|16\/100 tox|[from] psn\n|upkeep\n|turn|69\n|\n|t:|1699626548\n|move|p2a: Clefable|Protect|p2a: Clefable\n|-singleturn|p2a: Clefable|Protect\n|move|p1a: Not my best team|Earthquake|p2a: Clefable\n|-activate|p2a: Clefable|move: Protect\n|\n|-heal|p2a: Clefable|73\/100|[from] move: Wish|[wisher] Clefable\n|-heal|p2a: Clefable|79\/100|[from] item: Leftovers\n|-damage|p1a: Not my best team|0 fnt|[from] psn\n|faint|p1a: Not my best team\n|upkeep\n|\n|t:|1699626551\n|switch|p1a: World serpent|Kyogre|28\/100\n|-status|p1a: World serpent|tox\n|-weather|RainDance|[from] ability: Drizzle|[of] p1a: World serpent\n|turn|70\n|\n|t:|1699626562\n|move|p1a: World serpent|Thunder|p2a: Clefable\n|-damage|p2a: Clefable|65\/100\n|move|p2a: Clefable|Wish|p2a: Clefable\n|\n|-weather|RainDance|[upkeep]\n|-heal|p2a: Clefable|71\/100|[from] item: Leftovers\n|-damage|p1a: World serpent|22\/100 tox|[from] psn\n|upkeep\n|turn|71\n|\n|t:|1699626566\n|move|p1a: World serpent|Thunder|p2a: Clefable\n|-damage|p2a: Clefable|56\/100\n|move|p2a: Clefable|Cosmic Power|p2a: Clefable\n|-boost|p2a: Clefable|def|1\n|-boost|p2a: Clefable|spd|1\n|\n|-weather|RainDance|[upkeep]\n|-heal|p2a: Clefable|100\/100|[from] move: Wish|[wisher] Clefable\n|-damage|p1a: World serpent|10\/100 tox|[from] psn\n|upkeep\n|turn|72\n|\n|t:|1699626572\n|move|p1a: World serpent|Thunder|p2a: Clefable\n|-damage|p2a: Clefable|89\/100\n|move|p2a: Clefable|Cosmic Power|p2a: Clefable\n|-boost|p2a: Clefable|def|1\n|-boost|p2a: Clefable|spd|1\n|\n|-weather|RainDance|[upkeep]\n|-heal|p2a: Clefable|95\/100|[from] item: Leftovers\n|-damage|p1a: World serpent|0 fnt|[from] psn\n|faint|p1a: World serpent\n|upkeep\n|\n|t:|1699626574\n|switch|p1a: Muhfuckin Blaziken|Koraidon|100\/100 par\n|-weather|SunnyDay|[from] ability: Orichalcum Pulse|[of] p1a: Muhfuckin Blaziken\n|-activate|p1a: Muhfuckin Blaziken|Orichalcum Pulse|[source]\n|turn|73\n|\n|t:|1699626580\n|move|p1a: Muhfuckin Blaziken|Swords Dance|p1a: Muhfuckin Blaziken\n|-boost|p1a: Muhfuckin Blaziken|atk|2\n|move|p2a: Clefable|Cosmic Power|p2a: Clefable\n|-boost|p2a: Clefable|def|1\n|-boost|p2a: Clefable|spd|1\n|\n|-weather|SunnyDay|[upkeep]\n|-heal|p2a: Clefable|100\/100|[from] item: Leftovers\n|upkeep\n|turn|74\n|\n|t:|1699626589\n|-terastallize|p1a: Muhfuckin Blaziken|Ghost\n|move|p1a: Muhfuckin Blaziken|Swords Dance|p1a: Muhfuckin Blaziken\n|-boost|p1a: Muhfuckin Blaziken|atk|2\n|move|p2a: Clefable|Cosmic Power|p2a: Clefable\n|-boost|p2a: Clefable|def|1\n|-boost|p2a: Clefable|spd|1\n|\n|-weather|SunnyDay|[upkeep]\n|upkeep\n|turn|75\n|\n|t:|1699626600\n|move|p1a: Muhfuckin Blaziken|Swords Dance|p1a: Muhfuckin Blaziken\n|-boost|p1a: Muhfuckin Blaziken|atk|2\n|move|p2a: Clefable|Wish|p2a: Clefable\n|\n|-weather|SunnyDay|[upkeep]\n|upkeep\n|turn|76\n|\n|t:|1699626607\n|move|p2a: Clefable|Protect|p2a: Clefable\n|-singleturn|p2a: Clefable|Protect\n|move|p1a: Muhfuckin Blaziken|Swords Dance|p1a: Muhfuckin Blaziken\n|-boost|p1a: Muhfuckin Blaziken|atk|0\n|\n|-weather|SunnyDay|[upkeep]\n|upkeep\n|turn|77\n|\n|t:|1699626612\n|move|p1a: Muhfuckin Blaziken|Swords Dance|p1a: Muhfuckin Blaziken\n|-boost|p1a: Muhfuckin Blaziken|atk|0\n|move|p2a: Clefable|Cosmic Power|p2a: Clefable\n|-boost|p2a: Clefable|def|0\n|-boost|p2a: Clefable|spd|0\n|\n|-weather|none\n|upkeep\n|turn|78\n|\n|t:|1699626617\n|cant|p1a: Muhfuckin Blaziken|par\n|move|p2a: Clefable|Cosmic Power|p2a: Clefable\n|-boost|p2a: Clefable|def|0\n|-boost|p2a: Clefable|spd|0\n|\n|upkeep\n|turn|79\n|\n|t:|1699626619\n|move|p1a: Muhfuckin Blaziken|Scale Shot|p2a: Clefable\n|-immune|p2a: Clefable\n|move|p2a: Clefable|Cosmic Power|p2a: Clefable\n|-boost|p2a: Clefable|def|0\n|-boost|p2a: Clefable|spd|0\n|\n|upkeep\n|turn|80\n|\n|t:|1699626631\n|cant|p1a: Muhfuckin Blaziken|par\n|move|p2a: Clefable|Cosmic Power|p2a: Clefable\n|-boost|p2a: Clefable|def|0\n|-boost|p2a: Clefable|spd|0\n|\n|upkeep\n|turn|81\n|\n|t:|1699626634\n|move|p1a: Muhfuckin Blaziken|Scale Shot|p2a: Clefable\n|-immune|p2a: Clefable\n|move|p2a: Clefable|Cosmic Power|p2a: Clefable\n|-boost|p2a: Clefable|def|0\n|-boost|p2a: Clefable|spd|0\n|\n|upkeep\n|turn|82\n|\n|t:|1699626637\n|cant|p1a: Muhfuckin Blaziken|par\n|move|p2a: Clefable|Cosmic Power|p2a: Clefable\n|-boost|p2a: Clefable|def|0\n|-boost|p2a: Clefable|spd|0\n|\n|upkeep\n|turn|83\n|\n|t:|1699626639\n|move|p1a: Muhfuckin Blaziken|Scale Shot|p2a: Clefable\n|-immune|p2a: Clefable\n|move|p2a: Clefable|Cosmic Power|p2a: Clefable\n|-boost|p2a: Clefable|def|0\n|-boost|p2a: Clefable|spd|0\n|\n|upkeep\n|turn|84\n|\n|t:|1699626642\n|move|p1a: Muhfuckin Blaziken|Scale Shot|p2a: Clefable\n|-immune|p2a: Clefable\n|move|p2a: Clefable|Cosmic Power|p2a: Clefable\n|-boost|p2a: Clefable|def|0\n|-boost|p2a: Clefable|spd|0\n|\n|upkeep\n|turn|85\n|\n|t:|1699626649\n|move|p2a: Clefable|Protect|p2a: Clefable\n|-singleturn|p2a: Clefable|Protect\n|cant|p1a: Muhfuckin Blaziken|par\n|\n|upkeep\n|turn|86\n|\n|t:|1699626653\n|move|p2a: Clefable|Protect|p2a: Clefable\n|-singleturn|p2a: Clefable|Protect\n|move|p1a: Muhfuckin Blaziken|Scale Shot|p2a: Clefable\n|-activate|p2a: Clefable|move: Protect\n|\n|upkeep\n|turn|87\n|\n|t:|1699626661\n|move|p2a: Clefable|Protect||[still]\n|-fail|p2a: Clefable\n|move|p1a: Muhfuckin Blaziken|Flare Blitz|p2a: Clefable\n|-crit|p2a: Clefable\n|-damage|p2a: Clefable|33\/100\n|-status|p2a: Clefable|brn\n|-damage|p1a: Muhfuckin Blaziken|75\/100 par|[from] Recoil\n|\n|-heal|p2a: Clefable|39\/100 brn|[from] item: Leftovers\n|-damage|p2a: Clefable|33\/100 brn|[from] brn\n|upkeep\n|turn|88\n|\n|t:|1699626673\n|cant|p1a: Muhfuckin Blaziken|par\n|move|p2a: Clefable|Wish|p2a: Clefable\n|\n|-heal|p2a: Clefable|39\/100 brn|[from] item: Leftovers\n|-damage|p2a: Clefable|33\/100 brn|[from] brn\n|upkeep\n|turn|89\n|\n|t:|1699626676\n|move|p2a: Clefable|Protect|p2a: Clefable\n|-singleturn|p2a: Clefable|Protect\n|move|p1a: Muhfuckin Blaziken|Flare Blitz|p2a: Clefable\n|-activate|p2a: Clefable|move: Protect\n|\n|-heal|p2a: Clefable|83\/100 brn|[from] move: Wish|[wisher] Clefable\n|-heal|p2a: Clefable|89\/100 brn|[from] item: Leftovers\n|-damage|p2a: Clefable|83\/100 brn|[from] brn\n|upkeep\n|turn|90\n|\n|t:|1699626683\n|move|p2a: Clefable|Protect||[still]\n|-fail|p2a: Clefable\n|move|p1a: Muhfuckin Blaziken|Flare Blitz|p2a: Clefable\n|-damage|p2a: Clefable|72\/100 brn\n|-damage|p1a: Muhfuckin Blaziken|70\/100 par|[from] Recoil\n|\n|-heal|p2a: Clefable|78\/100 brn|[from] item: Leftovers\n|-damage|p2a: Clefable|72\/100 brn|[from] brn\n|upkeep\n|turn|91\n|\n|t:|1699626695\n|move|p1a: Muhfuckin Blaziken|Scale Shot|p2a: Clefable\n|-immune|p2a: Clefable\n|move|p2a: Clefable|Wish|p2a: Clefable\n|\n|-heal|p2a: Clefable|78\/100 brn|[from] item: Leftovers\n|-damage|p2a: Clefable|72\/100 brn|[from] brn\n|upkeep\n|turn|92\n|\n|t:|1699626699\n|move|p2a: Clefable|Protect|p2a: Clefable\n|-singleturn|p2a: Clefable|Protect\n|move|p1a: Muhfuckin Blaziken|Scale Shot|p2a: Clefable\n|-activate|p2a: Clefable|move: Protect\n|\n|-heal|p2a: Clefable|100\/100 brn|[from] move: Wish|[wisher] Clefable\n|-damage|p2a: Clefable|94\/100 brn|[from] brn\n|upkeep\n|turn|93\n|\n|t:|1699626704\n|move|p2a: Clefable|Protect|p2a: Clefable\n|-singleturn|p2a: Clefable|Protect\n|cant|p1a: Muhfuckin Blaziken|par\n|\n|-heal|p2a: Clefable|100\/100 brn|[from] item: Leftovers\n|-damage|p2a: Clefable|94\/100 brn|[from] brn\n|upkeep\n|turn|94\n|\n|t:|1699626706\n|move|p2a: Clefable|Protect||[still]\n|-fail|p2a: Clefable\n|cant|p1a: Muhfuckin Blaziken|par\n|\n|-heal|p2a: Clefable|100\/100 brn|[from] item: Leftovers\n|-damage|p2a: Clefable|94\/100 brn|[from] brn\n|upkeep\n|turn|95\n|\n|t:|1699626712\n|move|p2a: Clefable|Protect|p2a: Clefable\n|-singleturn|p2a: Clefable|Protect\n|move|p1a: Muhfuckin Blaziken|Swords Dance|p1a: Muhfuckin Blaziken\n|-boost|p1a: Muhfuckin Blaziken|atk|0\n|\n|-heal|p2a: Clefable|100\/100 brn|[from] item: Leftovers\n|-damage|p2a: Clefable|94\/100 brn|[from] brn\n|upkeep\n|turn|96\n|\n|t:|1699626717\n|move|p2a: Clefable|Protect||[still]\n|-fail|p2a: Clefable\n|move|p1a: Muhfuckin Blaziken|Scale Shot|p2a: Clefable\n|-immune|p2a: Clefable\n|\n|-heal|p2a: Clefable|100\/100 brn|[from] item: Leftovers\n|-damage|p2a: Clefable|94\/100 brn|[from] brn\n|upkeep\n|turn|97\n|\n|t:|1699626725\n|cant|p1a: Muhfuckin Blaziken|par\n|move|p2a: Clefable|Wish|p2a: Clefable\n|\n|-heal|p2a: Clefable|100\/100 brn|[from] item: Leftovers\n|-damage|p2a: Clefable|94\/100 brn|[from] brn\n|upkeep\n|turn|98\n|\n|t:|1699626731\n|move|p1a: Muhfuckin Blaziken|Scale Shot|p2a: Clefable\n|-immune|p2a: Clefable\n|move|p2a: Clefable|Wish||[still]\n|-fail|p2a: Clefable\n|\n|-heal|p2a: Clefable|100\/100 brn|[from] move: Wish|[wisher] Clefable\n|-damage|p2a: Clefable|94\/100 brn|[from] brn\n|upkeep\n|turn|99\n|\n|t:|1699626734\n|move|p1a: Muhfuckin Blaziken|Swords Dance|p1a: Muhfuckin Blaziken\n|-boost|p1a: Muhfuckin Blaziken|atk|0\n|move|p2a: Clefable|Wish|p2a: Clefable\n|\n|-heal|p2a: Clefable|100\/100 brn|[from] item: Leftovers\n|-damage|p2a: Clefable|94\/100 brn|[from] brn\n|upkeep\n|turn|100\n|\n|t:|1699626738\n|move|p1a: Muhfuckin Blaziken|Scale Shot|p2a: Clefable\n|-immune|p2a: Clefable\n|move|p2a: Clefable|Baton Pass|p2a: Clefable\n|\n|t:|1699626741\n|switch|p2a: Toxapex|Toxapex, F|87\/100|[from] Baton Pass\n|\n|-heal|p2a: Toxapex|100\/100|[from] move: Wish|[wisher] Clefable\n|upkeep\n|turn|101\n|\n|t:|1699626747\n|move|p1a: Muhfuckin Blaziken|Scale Shot|p2a: Toxapex\n|-damage|p2a: Toxapex|92\/100\n|-damage|p2a: Toxapex|83\/100\n|-damage|p2a: Toxapex|75\/100\n|-damage|p2a: Toxapex|66\/100\n|-damage|p2a: Toxapex|58\/100\n|-hitcount|p2a: Toxapex|5\n|-unboost|p1a: Muhfuckin Blaziken|def|1\n|-boost|p1a: Muhfuckin Blaziken|spe|1\n|move|p2a: Toxapex|Haze|p2a: Toxapex\n|-clearallboost\n|\n|-heal|p2a: Toxapex|65\/100|[from] item: Black Sludge\n|upkeep\n|turn|102\n|\n|t:|1699626760\n|move|p1a: Muhfuckin Blaziken|Scale Shot|p2a: Toxapex\n|-damage|p2a: Toxapex|56\/100\n|-damage|p2a: Toxapex|47\/100\n|-hitcount|p2a: Toxapex|2\n|-unboost|p1a: Muhfuckin Blaziken|def|1\n|-boost|p1a: Muhfuckin Blaziken|spe|1\n|move|p2a: Toxapex|Recover|p2a: Toxapex\n|-heal|p2a: Toxapex|97\/100\n|\n|-heal|p2a: Toxapex|100\/100|[from] item: Black Sludge\n|upkeep\n|turn|103\n|\n|t:|1699626768\n|move|p1a: Muhfuckin Blaziken|Swords Dance|p1a: Muhfuckin Blaziken\n|-boost|p1a: Muhfuckin Blaziken|atk|2\n|move|p2a: Toxapex|Haze|p2a: Toxapex\n|-clearallboost\n|\n|upkeep\n|turn|104\n|\n|t:|1699626773\n|cant|p1a: Muhfuckin Blaziken|par\n|move|p2a: Toxapex|Haze|p2a: Toxapex\n|-clearallboost\n|\n|upkeep\n|turn|105\n|\n|t:|1699626778\n|cant|p1a: Muhfuckin Blaziken|par\n|move|p2a: Toxapex|Haze|p2a: Toxapex\n|-clearallboost\n|\n|upkeep\n|turn|106\n|\n|t:|1699626783\n|cant|p1a: Muhfuckin Blaziken|par\n|move|p2a: Toxapex|Haze|p2a: Toxapex\n|-clearallboost\n|\n|upkeep\n|turn|107\n|\n|t:|1699626785\n|move|p1a: Muhfuckin Blaziken|Swords Dance|p1a: Muhfuckin Blaziken\n|-boost|p1a: Muhfuckin Blaziken|atk|2\n|move|p2a: Toxapex|Haze|p2a: Toxapex\n|-clearallboost\n|\n|upkeep\n|turn|108\n|\n|t:|1699626788\n|cant|p1a: Muhfuckin Blaziken|par\n|move|p2a: Toxapex|Haze|p2a: Toxapex\n|-clearallboost\n|\n|upkeep\n|turn|109\n|\n|t:|1699626790\n|cant|p1a: Muhfuckin Blaziken|par\n|move|p2a: Toxapex|Haze|p2a: Toxapex\n|-clearallboost\n|\n|upkeep\n|turn|110\n|\n|t:|1699626793\n|move|p1a: Muhfuckin Blaziken|Swords Dance|p1a: Muhfuckin Blaziken\n|-boost|p1a: Muhfuckin Blaziken|atk|2\n|move|p2a: Toxapex|Haze|p2a: Toxapex\n|-clearallboost\n|\n|upkeep\n|turn|111\n|\n|t:|1699626794\n|move|p1a: Muhfuckin Blaziken|Swords Dance|p1a: Muhfuckin Blaziken\n|-boost|p1a: Muhfuckin Blaziken|atk|2\n|move|p2a: Toxapex|Haze|p2a: Toxapex\n|-clearallboost\n|\n|upkeep\n|turn|112\n|\n|t:|1699626796\n|cant|p1a: Muhfuckin Blaziken|par\n|move|p2a: Toxapex|Haze|p2a: Toxapex\n|-clearallboost\n|\n|upkeep\n|turn|113\n|\n|t:|1699626798\n|move|p1a: Muhfuckin Blaziken|Swords Dance|p1a: Muhfuckin Blaziken\n|-boost|p1a: Muhfuckin Blaziken|atk|2\n|move|p2a: Toxapex|Haze|p2a: Toxapex\n|-clearallboost\n|\n|upkeep\n|turn|114\n|\n|t:|1699626801\n|cant|p1a: Muhfuckin Blaziken|par\n|move|p2a: Toxapex|Haze|p2a: Toxapex\n|-clearallboost\n|\n|upkeep\n|turn|115\n|\n|t:|1699626803\n|cant|p1a: Muhfuckin Blaziken|par\n|move|p2a: Toxapex|Haze|p2a: Toxapex\n|-clearallboost\n|\n|upkeep\n|turn|116\n|\n|t:|1699626805\n|move|p1a: Muhfuckin Blaziken|Swords Dance|p1a: Muhfuckin Blaziken\n|-boost|p1a: Muhfuckin Blaziken|atk|2\n|move|p2a: Toxapex|Haze|p2a: Toxapex\n|-clearallboost\n|\n|upkeep\n|turn|117\n|\n|t:|1699626812\n|move|p1a: Muhfuckin Blaziken|Scale Shot|p2a: Toxapex\n|-damage|p2a: Toxapex|92\/100\n|-damage|p2a: Toxapex|84\/100\n|-damage|p2a: Toxapex|76\/100\n|-damage|p2a: Toxapex|69\/100\n|-hitcount|p2a: Toxapex|4\n|-unboost|p1a: Muhfuckin Blaziken|def|1\n|-boost|p1a: Muhfuckin Blaziken|spe|1\n|move|p2a: Toxapex|Haze|p2a: Toxapex\n|-clearallboost\n|\n|-heal|p2a: Toxapex|75\/100|[from] item: Black Sludge\n|upkeep\n|turn|118\n|\n|t:|1699626815\n|move|p1a: Muhfuckin Blaziken|Swords Dance|p1a: Muhfuckin Blaziken\n|-boost|p1a: Muhfuckin Blaziken|atk|2\n|move|p2a: Toxapex|Haze|p2a: Toxapex\n|-clearallboost\n|\n|-heal|p2a: Toxapex|81\/100|[from] item: Black Sludge\n|upkeep\n|turn|119\n|\n|t:|1699626818\n|move|p1a: Muhfuckin Blaziken|Swords Dance|p1a: Muhfuckin Blaziken\n|-boost|p1a: Muhfuckin Blaziken|atk|2\n|move|p2a: Toxapex|Haze|p2a: Toxapex\n|-clearallboost\n|\n|-heal|p2a: Toxapex|87\/100|[from] item: Black Sludge\n|upkeep\n|turn|120\n|\n|t:|1699626820\n|move|p1a: Muhfuckin Blaziken|Scale Shot|p2a: Toxapex\n|-damage|p2a: Toxapex|78\/100\n|-damage|p2a: Toxapex|70\/100\n|-damage|p2a: Toxapex|62\/100\n|-hitcount|p2a: Toxapex|3\n|-unboost|p1a: Muhfuckin Blaziken|def|1\n|-boost|p1a: Muhfuckin Blaziken|spe|1\n|move|p2a: Toxapex|Haze|p2a: Toxapex\n|-clearallboost\n|\n|-heal|p2a: Toxapex|68\/100|[from] item: Black Sludge\n|upkeep\n|turn|121\n|\n|t:|1699626823\n|move|p1a: Muhfuckin Blaziken|Swords Dance|p1a: Muhfuckin Blaziken\n|-boost|p1a: Muhfuckin Blaziken|atk|2\n|move|p2a: Toxapex|Haze|p2a: Toxapex\n|-clearallboost\n|\n|-heal|p2a: Toxapex|74\/100|[from] item: Black Sludge\n|upkeep\n|turn|122\n|\n|t:|1699626838\n|move|p1a: Muhfuckin Blaziken|Swords Dance|p1a: Muhfuckin Blaziken\n|-boost|p1a: Muhfuckin Blaziken|atk|2\n|move|p2a: Toxapex|Haze|p2a: Toxapex\n|-clearallboost\n|\n|-heal|p2a: Toxapex|80\/100|[from] item: Black Sludge\n|upkeep\n|turn|123\n|\n|t:|1699626850\n|move|p1a: Muhfuckin Blaziken|Swords Dance|p1a: Muhfuckin Blaziken\n|-boost|p1a: Muhfuckin Blaziken|atk|2\n|move|p2a: Toxapex|Haze|p2a: Toxapex\n|-clearallboost\n|\n|-heal|p2a: Toxapex|87\/100|[from] item: Black Sludge\n|upkeep\n|turn|124\n|\n|t:|1699626853\n|cant|p1a: Muhfuckin Blaziken|par\n|move|p2a: Toxapex|Haze|p2a: Toxapex\n|-clearallboost\n|\n|-heal|p2a: Toxapex|93\/100|[from] item: Black Sludge\n|upkeep\n|turn|125\n|\n|t:|1699626855\n|move|p1a: Muhfuckin Blaziken|Swords Dance|p1a: Muhfuckin Blaziken\n|-boost|p1a: Muhfuckin Blaziken|atk|2\n|move|p2a: Toxapex|Haze|p2a: Toxapex\n|-clearallboost\n|\n|-heal|p2a: Toxapex|99\/100|[from] item: Black Sludge\n|upkeep\n|turn|126\n|\n|t:|1699626857\n|move|p1a: Muhfuckin Blaziken|Scale Shot|p2a: Toxapex\n|-damage|p2a: Toxapex|90\/100\n|-crit|p2a: Toxapex\n|-damage|p2a: Toxapex|78\/100\n|-damage|p2a: Toxapex|70\/100\n|-damage|p2a: Toxapex|61\/100\n|-damage|p2a: Toxapex|53\/100\n|-hitcount|p2a: Toxapex|5\n|-unboost|p1a: Muhfuckin Blaziken|def|1\n|-boost|p1a: Muhfuckin Blaziken|spe|1\n|move|p2a: Toxapex|Haze|p2a: Toxapex\n|-clearallboost\n|\n|-heal|p2a: Toxapex|59\/100|[from] item: Black Sludge\n|upkeep\n|turn|127\n|\n|t:|1699626861\n|cant|p1a: Muhfuckin Blaziken|par\n|move|p2a: Toxapex|Recover|p2a: Toxapex\n|-heal|p2a: Toxapex|100\/100\n|\n|upkeep\n|turn|128\n|\n|t:|1699626864\n|move|p1a: Muhfuckin Blaziken|Swords Dance|p1a: Muhfuckin Blaziken\n|-boost|p1a: Muhfuckin Blaziken|atk|2\n|move|p2a: Toxapex|Haze|p2a: Toxapex\n|-clearallboost\n|\n|upkeep\n|turn|129\n|\n|t:|1699626866\n|move|p1a: Muhfuckin Blaziken|Scale Shot|p2a: Toxapex\n|-damage|p2a: Toxapex|92\/100\n|-damage|p2a: Toxapex|84\/100\n|-damage|p2a: Toxapex|75\/100\n|-hitcount|p2a: Toxapex|3\n|-unboost|p1a: Muhfuckin Blaziken|def|1\n|-boost|p1a: Muhfuckin Blaziken|spe|1\n|move|p2a: Toxapex|Haze|p2a: Toxapex\n|-clearallboost\n|\n|-heal|p2a: Toxapex|82\/100|[from] item: Black Sludge\n|upkeep\n|turn|130\n|\n|t:|1699626869\n|move|p1a: Muhfuckin Blaziken|Swords Dance|p1a: Muhfuckin Blaziken\n|-boost|p1a: Muhfuckin Blaziken|atk|2\n|move|p2a: Toxapex|Haze|p2a: Toxapex\n|-clearallboost\n|\n|-heal|p2a: Toxapex|88\/100|[from] item: Black Sludge\n|upkeep\n|turn|131\n|\n|t:|1699626872\n|move|p1a: Muhfuckin Blaziken|Scale Shot|p2a: Toxapex\n|-damage|p2a: Toxapex|79\/100\n|-damage|p2a: Toxapex|70\/100\n|-hitcount|p2a: Toxapex|2\n|-unboost|p1a: Muhfuckin Blaziken|def|1\n|-boost|p1a: Muhfuckin Blaziken|spe|1\n|move|p2a: Toxapex|Haze|p2a: Toxapex\n|-clearallboost\n|\n|-heal|p2a: Toxapex|76\/100|[from] item: Black Sludge\n|upkeep\n|turn|132\n|\n|t:|1699626874\n|move|p1a: Muhfuckin Blaziken|Swords Dance|p1a: Muhfuckin Blaziken\n|-boost|p1a: Muhfuckin Blaziken|atk|2\n|move|p2a: Toxapex|Haze|p2a: Toxapex\n|-clearallboost\n|\n|-heal|p2a: Toxapex|82\/100|[from] item: Black Sludge\n|upkeep\n|turn|133\n|\n|t:|1699626876\n|move|p1a: Muhfuckin Blaziken|Swords Dance|p1a: Muhfuckin Blaziken\n|-boost|p1a: Muhfuckin Blaziken|atk|2\n|move|p2a: Toxapex|Haze|p2a: Toxapex\n|-clearallboost\n|\n|-heal|p2a: Toxapex|89\/100|[from] item: Black Sludge\n|upkeep\n|turn|134\n|\n|t:|1699626878\n|cant|p1a: Muhfuckin Blaziken|par\n|move|p2a: Toxapex|Haze|p2a: Toxapex\n|-clearallboost\n|\n|-heal|p2a: Toxapex|95\/100|[from] item: Black Sludge\n|upkeep\n|turn|135\n|\n|t:|1699626880\n|move|p1a: Muhfuckin Blaziken|Swords Dance|p1a: Muhfuckin Blaziken\n|-boost|p1a: Muhfuckin Blaziken|atk|2\n|move|p2a: Toxapex|Haze|p2a: Toxapex\n|-clearallboost\n|\n|-heal|p2a: Toxapex|100\/100|[from] item: Black Sludge\n|upkeep\n|turn|136\n|\n|t:|1699626883\n|move|p1a: Muhfuckin Blaziken|Close Combat|p2a: Toxapex\n|-resisted|p2a: Toxapex\n|-damage|p2a: Toxapex|83\/100\n|-unboost|p1a: Muhfuckin Blaziken|def|1\n|-unboost|p1a: Muhfuckin Blaziken|spd|1\n|move|p2a: Toxapex|Haze|p2a: Toxapex\n|-clearallboost\n|\n|-heal|p2a: Toxapex|89\/100|[from] item: Black Sludge\n|upkeep\n|turn|137\n|\n|t:|1699626886\n|move|p1a: Muhfuckin Blaziken|Scale Shot|p2a: Toxapex\n|-damage|p2a: Toxapex|81\/100\n|-damage|p2a: Toxapex|72\/100\n|-damage|p2a: Toxapex|63\/100\n|-hitcount|p2a: Toxapex|3\n|-unboost|p1a: Muhfuckin Blaziken|def|1\n|-boost|p1a: Muhfuckin Blaziken|spe|1\n|move|p2a: Toxapex|Haze|p2a: Toxapex\n|-clearallboost\n|\n|-heal|p2a: Toxapex|69\/100|[from] item: Black Sludge\n|upkeep\n|turn|138\n|\n|t:|1699626889\n|move|p1a: Muhfuckin Blaziken|Swords Dance|p1a: Muhfuckin Blaziken\n|-boost|p1a: Muhfuckin Blaziken|atk|2\n|move|p2a: Toxapex|Recover|p2a: Toxapex\n|-heal|p2a: Toxapex|100\/100\n|\n|upkeep\n|turn|139\n|\n|t:|1699626891\n|move|p1a: Muhfuckin Blaziken|Scale Shot|p2a: Toxapex\n|-damage|p2a: Toxapex|84\/100\n|-damage|p2a: Toxapex|67\/100\n|-damage|p2a: Toxapex|51\/100\n|-damage|p2a: Toxapex|34\/100\n|-hitcount|p2a: Toxapex|4\n|-unboost|p1a: Muhfuckin Blaziken|def|1\n|-boost|p1a: Muhfuckin Blaziken|spe|1\n|move|p2a: Toxapex|Haze|p2a: Toxapex\n|-clearallboost\n|\n|-heal|p2a: Toxapex|40\/100|[from] item: Black Sludge\n|upkeep\n|turn|140\n|\n|t:|1699626898\n|move|p1a: Muhfuckin Blaziken|Scale Shot|p2a: Toxapex\n|-damage|p2a: Toxapex|32\/100\n|-damage|p2a: Toxapex|23\/100\n|-damage|p2a: Toxapex|14\/100\n|-hitcount|p2a: Toxapex|3\n|-unboost|p1a: Muhfuckin Blaziken|def|1\n|-boost|p1a: Muhfuckin Blaziken|spe|1\n|move|p2a: Toxapex|Recover|p2a: Toxapex\n|-heal|p2a: Toxapex|64\/100\n|\n|-heal|p2a: Toxapex|70\/100|[from] item: Black Sludge\n|upkeep\n|turn|141\n|\n|t:|1699626907\n|cant|p1a: Muhfuckin Blaziken|par\n|move|p2a: Toxapex|Recover|p2a: Toxapex\n|-heal|p2a: Toxapex|100\/100\n|\n|upkeep\n|turn|142\n|\n|t:|1699626909\n|move|p1a: Muhfuckin Blaziken|Swords Dance|p1a: Muhfuckin Blaziken\n|-boost|p1a: Muhfuckin Blaziken|atk|2\n|move|p2a: Toxapex|Haze|p2a: Toxapex\n|-clearallboost\n|\n|upkeep\n|turn|143\n|\n|t:|1699626911\n|move|p1a: Muhfuckin Blaziken|Scale Shot|p2a: Toxapex\n|-damage|p2a: Toxapex|93\/100\n|-damage|p2a: Toxapex|85\/100\n|-damage|p2a: Toxapex|76\/100\n|-hitcount|p2a: Toxapex|3\n|-unboost|p1a: Muhfuckin Blaziken|def|1\n|-boost|p1a: Muhfuckin Blaziken|spe|1\n|move|p2a: Toxapex|Haze|p2a: Toxapex\n|-clearallboost\n|\n|-heal|p2a: Toxapex|83\/100|[from] item: Black Sludge\n|upkeep\n|turn|144\n|\n|t:|1699626914\n|move|p1a: Muhfuckin Blaziken|Scale Shot|p2a: Toxapex\n|-damage|p2a: Toxapex|75\/100\n|-damage|p2a: Toxapex|66\/100\n|-damage|p2a: Toxapex|58\/100\n|-hitcount|p2a: Toxapex|3\n|-unboost|p1a: Muhfuckin Blaziken|def|1\n|-boost|p1a: Muhfuckin Blaziken|spe|1\n|move|p2a: Toxapex|Haze|p2a: Toxapex\n|-clearallboost\n|\n|-heal|p2a: Toxapex|64\/100|[from] item: Black Sludge\n|upkeep\n|turn|145\n|\n|t:|1699626916\n|move|p1a: Muhfuckin Blaziken|Scale Shot|p2a: Toxapex|[miss]\n|-miss|p1a: Muhfuckin Blaziken|p2a: Toxapex\n|move|p2a: Toxapex|Recover|p2a: Toxapex\n|-heal|p2a: Toxapex|100\/100\n|\n|upkeep\n|turn|146\n|\n|t:|1699626920\n|cant|p1a: Muhfuckin Blaziken|par\n|move|p2a: Toxapex|Toxic Spikes||[still]\n|-fail|p2a: Toxapex\n|\n|upkeep\n|turn|147\n|\n|t:|1699626921\n|move|p1a: Muhfuckin Blaziken|Scale Shot|p2a: Toxapex|[miss]\n|-miss|p1a: Muhfuckin Blaziken|p2a: Toxapex\n|move|p2a: Toxapex|Haze|p2a: Toxapex\n|-clearallboost\n|\n|upkeep\n|turn|148\n|\n|t:|1699626924\n|cant|p1a: Muhfuckin Blaziken|par\n|move|p2a: Toxapex|Toxic Spikes||[still]\n|-fail|p2a: Toxapex\n|\n|upkeep\n|turn|149\n|\n|t:|1699626926\n|cant|p1a: Muhfuckin Blaziken|par\n|move|p2a: Toxapex|Toxic Spikes||[still]\n|-fail|p2a: Toxapex\n|\n|upkeep\n|turn|150\n|\n|t:|1699626928\n|move|p1a: Muhfuckin Blaziken|Close Combat|p2a: Toxapex\n|-resisted|p2a: Toxapex\n|-damage|p2a: Toxapex|80\/100\n|-unboost|p1a: Muhfuckin Blaziken|def|1\n|-unboost|p1a: Muhfuckin Blaziken|spd|1\n|move|p2a: Toxapex|Toxic Spikes||[still]\n|-fail|p2a: Toxapex\n|\n|-heal|p2a: Toxapex|86\/100|[from] item: Black Sludge\n|upkeep\n|turn|151\n|\n|t:|1699626931\n|move|p1a: Muhfuckin Blaziken|Close Combat|p2a: Toxapex\n|-resisted|p2a: Toxapex\n|-damage|p2a: Toxapex|68\/100\n|-unboost|p1a: Muhfuckin Blaziken|def|1\n|-unboost|p1a: Muhfuckin Blaziken|spd|1\n|move|p2a: Toxapex|Toxic Spikes||[still]\n|-fail|p2a: Toxapex\n|\n|-heal|p2a: Toxapex|74\/100|[from] item: Black Sludge\n|upkeep\n|turn|152\n|\n|t:|1699626934\n|move|p1a: Muhfuckin Blaziken|Flare Blitz|p2a: Toxapex\n|-resisted|p2a: Toxapex\n|-damage|p2a: Toxapex|61\/100\n|-damage|p1a: Muhfuckin Blaziken|66\/100 par|[from] Recoil\n|move|p2a: Toxapex|Haze|p2a: Toxapex\n|-clearallboost\n|\n|-heal|p2a: Toxapex|67\/100|[from] item: Black Sludge\n|upkeep\n|turn|153\n|\n|t:|1699626938\n|move|p1a: Muhfuckin Blaziken|Flare Blitz|p2a: Toxapex\n|-resisted|p2a: Toxapex\n|-damage|p2a: Toxapex|55\/100\n|-status|p2a: Toxapex|brn\n|-damage|p1a: Muhfuckin Blaziken|63\/100 par|[from] Recoil\n|move|p2a: Toxapex|Recover|p2a: Toxapex\n|-heal|p2a: Toxapex|100\/100 brn\n|\n|-damage|p2a: Toxapex|94\/100 brn|[from] brn\n|upkeep\n|turn|154\n|\n|t:|1699626945\n|move|p1a: Muhfuckin Blaziken|Close Combat|p2a: Toxapex\n|-resisted|p2a: Toxapex\n|-damage|p2a: Toxapex|74\/100 brn\n|-unboost|p1a: Muhfuckin Blaziken|def|1\n|-unboost|p1a: Muhfuckin Blaziken|spd|1\n|move|p2a: Toxapex|Toxic Spikes||[still]\n|-fail|p2a: Toxapex\n|\n|-heal|p2a: Toxapex|80\/100 brn|[from] item: Black Sludge\n|-damage|p2a: Toxapex|74\/100 brn|[from] brn\n|upkeep\n|turn|155\n|\n|t:|1699626950\n|cant|p1a: Muhfuckin Blaziken|par\n|move|p2a: Toxapex|Toxic Spikes||[still]\n|-fail|p2a: Toxapex\n|\n|-heal|p2a: Toxapex|80\/100 brn|[from] item: Black Sludge\n|-damage|p2a: Toxapex|74\/100 brn|[from] brn\n|upkeep\n|turn|156\n|\n|t:|1699626953\n|cant|p1a: Muhfuckin Blaziken|par\n|move|p2a: Toxapex|Haze|p2a: Toxapex\n|-clearallboost\n|\n|-heal|p2a: Toxapex|80\/100 brn|[from] item: Black Sludge\n|-damage|p2a: Toxapex|74\/100 brn|[from] brn\n|upkeep\n|turn|157\n|\n|t:|1699626957\n|move|p1a: Muhfuckin Blaziken|Scale Shot|p2a: Toxapex\n|-damage|p2a: Toxapex|66\/100 brn\n|-damage|p2a: Toxapex|57\/100 brn\n|-damage|p2a: Toxapex|49\/100 brn\n|-damage|p2a: Toxapex|40\/100 brn\n|-hitcount|p2a: Toxapex|4\n|-unboost|p1a: Muhfuckin Blaziken|def|1\n|-boost|p1a: Muhfuckin Blaziken|spe|1\n|move|p2a: Toxapex|Recover|p2a: Toxapex\n|-heal|p2a: Toxapex|90\/100 brn\n|\n|-heal|p2a: Toxapex|96\/100 brn|[from] item: Black Sludge\n|-damage|p2a: Toxapex|90\/100 brn|[from] brn\n|upkeep\n|turn|158\n|\n|t:|1699626962\n|move|p1a: Muhfuckin Blaziken|Swords Dance|p1a: Muhfuckin Blaziken\n|-boost|p1a: Muhfuckin Blaziken|atk|2\n|move|p2a: Toxapex|Toxic Spikes||[still]\n|-fail|p2a: Toxapex\n|\n|-heal|p2a: Toxapex|96\/100 brn|[from] item: Black Sludge\n|-damage|p2a: Toxapex|90\/100 brn|[from] brn\n|upkeep\n|turn|159\n|\n|t:|1699626965\n|move|p1a: Muhfuckin Blaziken|Scale Shot|p2a: Toxapex\n|-damage|p2a: Toxapex|73\/100 brn\n|-damage|p2a: Toxapex|56\/100 brn\n|-hitcount|p2a: Toxapex|2\n|-unboost|p1a: Muhfuckin Blaziken|def|1\n|-boost|p1a: Muhfuckin Blaziken|spe|1\n|move|p2a: Toxapex|Haze|p2a: Toxapex\n|-clearallboost\n|\n|-heal|p2a: Toxapex|62\/100 brn|[from] item: Black Sludge\n|-damage|p2a: Toxapex|56\/100 brn|[from] brn\n|upkeep\n|turn|160\n|\n|t:|1699626970\n|switch|p2a: Clefable|Clefable, M, shiny|94\/100 brn\n|move|p1a: Muhfuckin Blaziken|Swords Dance|p1a: Muhfuckin Blaziken\n|-boost|p1a: Muhfuckin Blaziken|atk|2\n|\n|-heal|p2a: Clefable|100\/100 brn|[from] item: Leftovers\n|-damage|p2a: Clefable|94\/100 brn|[from] brn\n|upkeep\n|turn|161\n|\n|t:|1699626975\n|switch|p2a: Toxapex|Toxapex, F|89\/100 brn\n|move|p1a: Muhfuckin Blaziken|Flare Blitz|p2a: Toxapex\n|-resisted|p2a: Toxapex\n|-damage|p2a: Toxapex|63\/100 brn\n|-damage|p1a: Muhfuckin Blaziken|55\/100 par|[from] Recoil\n|\n|-heal|p2a: Toxapex|70\/100 brn|[from] item: Black Sludge\n|-damage|p2a: Toxapex|63\/100 brn|[from] brn\n|upkeep\n|turn|162\n|\n|t:|1699626982\n|move|p1a: Muhfuckin Blaziken|Scale Shot|p2a: Toxapex\n|-damage|p2a: Toxapex|47\/100 brn\n|-damage|p2a: Toxapex|31\/100 brn\n|-damage|p2a: Toxapex|15\/100 brn\n|-damage|p2a: Toxapex|0 fnt\n|faint|p2a: Toxapex\n|-hitcount|p2: Toxapex|4\n|-unboost|p1a: Muhfuckin Blaziken|def|1\n|-boost|p1a: Muhfuckin Blaziken|spe|1\n|\n|upkeep\n|\n|t:|1699626987\n|switch|p2a: Clefable|Clefable, M, shiny|94\/100 brn\n|turn|163\n|\n|t:|1699626997\n|move|p1a: Muhfuckin Blaziken|Flare Blitz|p2a: Clefable\n|-damage|p2a: Clefable|46\/100 brn\n|-damage|p1a: Muhfuckin Blaziken|37\/100 par|[from] Recoil\n|move|p2a: Clefable|Wish|p2a: Clefable\n|\n|-heal|p2a: Clefable|52\/100 brn|[from] item: Leftovers\n|-damage|p2a: Clefable|46\/100 brn|[from] brn\n|upkeep\n|turn|164\n|\n|t:|1699627006\n|move|p2a: Clefable|Protect|p2a: Clefable\n|-singleturn|p2a: Clefable|Protect\n|move|p1a: Muhfuckin Blaziken|Flare Blitz|p2a: Clefable\n|-activate|p2a: Clefable|move: Protect\n|\n|-heal|p2a: Clefable|96\/100 brn|[from] move: Wish|[wisher] Clefable\n|-heal|p2a: Clefable|100\/100 brn|[from] item: Leftovers\n|-damage|p2a: Clefable|94\/100 brn|[from] brn\n|upkeep\n|turn|165\n|\n|t:|1699627013\n|switch|p2a: Blissey|Blissey, F|91\/100\n|move|p1a: Muhfuckin Blaziken|Flare Blitz|p2a: Blissey\n|-damage|p2a: Blissey|0 fnt\n|faint|p2a: Blissey\n|-damage|p1a: Muhfuckin Blaziken|0 fnt|[from] Recoil\n|faint|p1a: Muhfuckin Blaziken\n|\n|win|DrontDoDugs\n|raw|4th Acct To 1700's rating: 1611 &rarr; <strong>1590<\/strong><br \/>(-21 for losing)\n|raw|DrontDoDugs's rating: 1587 &rarr; <strong>1608<\/strong><br \/>(+21 for winning)\n|l|\u26064th Acct To 1700\n|l|\u2606DrontDoDugs\n","uploadtime":1699627051,"views":3,"p1id":"4thacctto1700","p2id":"drontdodugs","formatid":"gen9anythinggoes","rating":1590,"private":0,"password":""}