{"id":"gen9anythinggoes-1973801200","p1":"Honored HIM","p2":"Skrumply","format":"[Gen 9] Anything Goes","log":"|j|\u2606Honored HIM\n|j|\u2606Skrumply\n|t:|1698014898\n|gametype|singles\n|player|p1|Honored HIM|carmine-festival|\n|player|p2|Skrumply|lucy|\n|teamsize|p1|6\n|teamsize|p2|6\n|gen|9\n|tier|[Gen 9] Anything Goes\n|rule|HP Percentage Mod: HP is shown in percentages\n|rule|Endless Battle Clause: Forcing endless battles is banned\n|clearpoke\n|poke|p1|Great Tusk|\n|poke|p1|Revavroom, F|\n|poke|p1|Enamorus-Therian, F|\n|poke|p1|Garchomp, M|\n|poke|p1|Gholdengo|\n|poke|p1|Volcanion|\n|poke|p2|Clodsire, F|\n|poke|p2|Moltres|\n|poke|p2|Ludicolo, M|\n|poke|p2|Cyclizar, M|\n|poke|p2|Iron Valiant|\n|poke|p2|Weezing, F|\n|teampreview\n|\n|t:|1698014946\n|start\n|switch|p1a: Enamorus|Enamorus-Therian, F|100\/100\n|switch|p2a: Moment of Truth|Ludicolo, M|100\/100\n|turn|1\n|c|\u2606Honored HIM|if youre wondering how tired i am rn\n|c|\u2606Skrumply|I wasn't but you can let me know\n|c|\u2606Honored HIM|i saw the terastallize button on enamorus and almost cliked it out of pure monkey brain instinct to know what it does\n|\n|t:|1698014985\n|move|p2a: Moment of Truth|Ice Beam|p1a: Enamorus\n|-supereffective|p1a: Enamorus\n|-damage|p1a: Enamorus|57\/100\n|-damage|p2a: Moment of Truth|91\/100|[from] item: Life Orb\n|move|p1a: Enamorus|Sludge Bomb|p2a: Moment of Truth\n|-supereffective|p2a: Moment of Truth\n|-damage|p2a: Moment of Truth|10\/100\n|\n|upkeep\n|turn|2\n|c|\u2606Skrumply|I am wide awake and thought the same thing for my lusi\n|\n|t:|1698014996\n|move|p2a: Moment of Truth|Hydro Pump|p1a: Enamorus\n|-damage|p1a: Enamorus|14\/100\n|-damage|p2a: Moment of Truth|0 fnt|[from] item: Life Orb\n|faint|p2a: Moment of Truth\n|move|p1a: Enamorus|Mystical Fire|p2: Moment of Truth|[notarget]\n|-fail|p1a: Enamorus\n|\n|upkeep\n|j| E-Series 1B\n|c| E-Series 1B|You can let me know instead\n|\n|t:|1698015024\n|switch|p2a: Law of Asbestos|Cyclizar, M|100\/100\n|turn|3\n|\n|t:|1698015031\n|move|p2a: Law of Asbestos|Rapid Spin|p1a: Enamorus\n|-damage|p1a: Enamorus|0 fnt\n|-boost|p2a: Law of Asbestos|spe|1\n|faint|p1a: Enamorus\n|\n|upkeep\n|c| E-Series 1B|And im not awake\n|\n|t:|1698015044\n|switch|p1a: Great Tusk|Great Tusk|100\/100\n|-enditem|p1a: Great Tusk|Booster Energy\n|-activate|p1a: Great Tusk|ability: Protosynthesis|[fromitem]\n|-start|p1a: Great Tusk|protosynthesisspe\n|turn|4\n|\n|t:|1698015050\n|move|p2a: Law of Asbestos|Power Whip|p1a: Great Tusk\n|-supereffective|p1a: Great Tusk\n|-damage|p1a: Great Tusk|59\/100\n|move|p1a: Great Tusk|Bulk Up|p1a: Great Tusk\n|-boost|p1a: Great Tusk|atk|1\n|-boost|p1a: Great Tusk|def|1\n|\n|upkeep\n|turn|5\n|c|\u2606Honored HIM|WAKE UP E\n|c| E-Series 1B|Me when i bulk up\n|c|\u2606Skrumply|that did nothing\n|\n|t:|1698015078\n|move|p2a: Law of Asbestos|U-turn|p1a: Great Tusk\n|-resisted|p1a: Great Tusk\n|-damage|p1a: Great Tusk|56\/100\n|\n|t:|1698015081\n|switch|p2a: Nutshell|Moltres|100\/100|[from] U-turn\n|move|p1a: Great Tusk|Ice Spinner|p2a: Nutshell\n|-damage|p2a: Nutshell|78\/100\n|\n|upkeep\n|turn|6\n|c| E-Series 1B|It hasnt been two turns yet\n|c|\u2606Honored HIM|THAT DID NOTHING\n|c| E-Series 1B|Ding dong\n|c| E-Series 1B|When i do nothing\n|\n|t:|1698015098\n|-end|p1a: Great Tusk|Protosynthesis|[silent]\n|switch|p1a: Volcanion|Volcanion|100\/100\n|move|p2a: Nutshell|Heat Wave|p1a: Volcanion\n|-resisted|p1a: Volcanion\n|-damage|p1a: Volcanion|90\/100\n|\n|-heal|p1a: Volcanion|96\/100|[from] item: Leftovers\n|upkeep\n|turn|7\n|c| E-Series 1B|Me when i\n|\n|t:|1698015117\n|switch|p2a: Law of Asbestos|Cyclizar, M|100\/100\n|move|p1a: Volcanion|Will-O-Wisp|p2a: Law of Asbestos\n|-status|p2a: Law of Asbestos|brn\n|\n|-heal|p1a: Volcanion|100\/100|[from] item: Leftovers\n|-damage|p2a: Law of Asbestos|94\/100 brn|[from] brn\n|upkeep\n|turn|8\n|\n|t:|1698015133\n|switch|p1a: Revavroom|Revavroom, F|100\/100\n|move|p2a: Law of Asbestos|Knock Off|p1a: Revavroom\n|-damage|p1a: Revavroom|84\/100\n|-enditem|p1a: Revavroom|Leftovers|[from] move: Knock Off|[of] p2a: Law of Asbestos\n|\n|-damage|p2a: Law of Asbestos|88\/100 brn|[from] brn\n|upkeep\n|turn|9\n|\n|t:|1698015144\n|move|p2a: Law of Asbestos|U-turn|p1a: Revavroom\n|-resisted|p1a: Revavroom\n|-damage|p1a: Revavroom|81\/100\n|\n|t:|1698015146\n|switch|p2a: Javelin|Clodsire, F|100\/100|[from] U-turn\n|move|p1a: Revavroom|Shift Gear|p1a: Revavroom\n|-boost|p1a: Revavroom|spe|2\n|-boost|p1a: Revavroom|atk|1\n|\n|upkeep\n|turn|10\n|\n|t:|1698015174\n|switch|p1a: Great Tusk|Great Tusk|56\/100\n|move|p2a: Javelin|Stealth Rock|p1a: Great Tusk\n|-sidestart|p1: Honored HIM|move: Stealth Rock\n|\n|upkeep\n|turn|11\n|l| E-Series 1B\n|\n|t:|1698015182\n|switch|p2a: Nutshell|Moltres|78\/100\n|move|p1a: Great Tusk|Ice Spinner|p2a: Nutshell\n|-damage|p2a: Nutshell|62\/100\n|\n|upkeep\n|turn|12\n|\n|t:|1698015219\n|move|p1a: Great Tusk|Ice Spinner|p2a: Nutshell\n|-damage|p2a: Nutshell|45\/100\n|-status|p1a: Great Tusk|brn|[from] ability: Flame Body|[of] p2a: Nutshell\n|move|p2a: Nutshell|Roost|p2a: Nutshell\n|-heal|p2a: Nutshell|96\/100\n|-singleturn|p2a: Nutshell|move: Roost\n|\n|-damage|p1a: Great Tusk|49\/100 brn|[from] brn\n|upkeep\n|turn|13\n|\n|t:|1698015248\n|switch|p2a: Him?|Iron Valiant|100\/100\n|-enditem|p2a: Him?|Booster Energy\n|-activate|p2a: Him?|ability: Quark Drive|[fromitem]\n|-start|p2a: Him?|quarkdrivespe\n|move|p1a: Great Tusk|Ice Spinner|p2a: Him?\n|-damage|p2a: Him?|86\/100\n|\n|-damage|p1a: Great Tusk|43\/100 brn|[from] brn\n|upkeep\n|turn|14\n|\n|t:|1698015259\n|move|p2a: Him?|Calm Mind|p2a: Him?\n|-boost|p2a: Him?|spa|1\n|-boost|p2a: Him?|spd|1\n|move|p1a: Great Tusk|Headlong Rush|p2a: Him?\n|-damage|p2a: Him?|54\/100\n|-unboost|p1a: Great Tusk|def|1\n|-unboost|p1a: Great Tusk|spd|1\n|\n|-damage|p1a: Great Tusk|37\/100 brn|[from] brn\n|upkeep\n|turn|15\n|\n|t:|1698015272\n|move|p2a: Him?|Calm Mind|p2a: Him?\n|-boost|p2a: Him?|spa|1\n|-boost|p2a: Him?|spd|1\n|move|p1a: Great Tusk|Headlong Rush|p2a: Him?\n|-crit|p2a: Him?\n|-damage|p2a: Him?|3\/100\n|-unboost|p1a: Great Tusk|def|1\n|-unboost|p1a: Great Tusk|spd|1\n|\n|-damage|p1a: Great Tusk|31\/100 brn|[from] brn\n|upkeep\n|turn|16\n|\n|t:|1698015281\n|move|p2a: Him?|Moonblast|p1a: Great Tusk\n|-supereffective|p1a: Great Tusk\n|-damage|p1a: Great Tusk|0 fnt\n|faint|p1a: Great Tusk\n|-end|p1a: Great Tusk|Protosynthesis|[silent]\n|\n|upkeep\n|\n|t:|1698015286\n|switch|p1a: Gholdengo|Gholdengo|100\/100\n|-damage|p1a: Gholdengo|94\/100|[from] Stealth Rock\n|turn|17\n|\n|t:|1698015292\n|move|p2a: Him?|Shadow Ball|p1a: Gholdengo\n|-supereffective|p1a: Gholdengo\n|-damage|p1a: Gholdengo|0 fnt\n|faint|p1a: Gholdengo\n|\n|upkeep\n|\n|t:|1698015296\n|switch|p1a: Garchomp|Garchomp, M|100\/100\n|-damage|p1a: Garchomp|94\/100|[from] Stealth Rock\n|turn|18\n|\n|t:|1698015301\n|move|p2a: Him?|Moonblast|p1a: Garchomp\n|-supereffective|p1a: Garchomp\n|-damage|p1a: Garchomp|0 fnt\n|faint|p1a: Garchomp\n|\n|upkeep\n|\n|t:|1698015305\n|switch|p1a: Volcanion|Volcanion|100\/100\n|-damage|p1a: Volcanion|75\/100|[from] Stealth Rock\n|turn|19\n|\n|t:|1698015312\n|move|p2a: Him?|Shadow Ball|p1a: Volcanion\n|-damage|p1a: Volcanion|26\/100\n|move|p1a: Volcanion|Hydro Pump|p2a: Him?\n|-damage|p2a: Him?|0 fnt\n|faint|p2a: Him?\n|-end|p2a: Him?|Quark Drive|[silent]\n|\n|-heal|p1a: Volcanion|32\/100|[from] item: Leftovers\n|upkeep\n|\n|t:|1698015325\n|switch|p2a: Cave World|Weezing, F|100\/100\n|-ability|p2a: Cave World|Neutralizing Gas\n|turn|20\n|\n|t:|1698015346\n|-terastallize|p2a: Cave World|Dark\n|move|p1a: Volcanion|Hydro Pump|p2a: Cave World|[miss]\n|-miss|p1a: Volcanion|p2a: Cave World\n|move|p2a: Cave World|Dark Pulse|p1a: Volcanion\n|-damage|p1a: Volcanion|7\/100\n|\n|-heal|p1a: Volcanion|13\/100|[from] item: Leftovers\n|upkeep\n|turn|21\n|\n|t:|1698015354\n|move|p1a: Volcanion|Hydro Pump|p2a: Cave World|[miss]\n|-miss|p1a: Volcanion|p2a: Cave World\n|move|p2a: Cave World|Dark Pulse|p1a: Volcanion\n|-damage|p1a: Volcanion|0 fnt\n|faint|p1a: Volcanion\n|\n|upkeep\n|c|\u2606Skrumply|I mean\n|\n|t:|1698015360\n|switch|p1a: Revavroom|Revavroom, F|81\/100\n|-damage|p1a: Revavroom|75\/100|[from] Stealth Rock\n|turn|22\n|\n|t:|1698015366\n|move|p1a: Revavroom|Shift Gear|p1a: Revavroom\n|-boost|p1a: Revavroom|spe|2\n|-boost|p1a: Revavroom|atk|1\n|move|p2a: Cave World|Will-O-Wisp|p1a: Revavroom|[miss]\n|-miss|p2a: Cave World|p1a: Revavroom\n|\n|upkeep\n|turn|23\n|c|\u2606Skrumply|reperations right there\n|\n|t:|1698015380\n|move|p1a: Revavroom|Gunk Shot|p2a: Cave World\n|-damage|p2a: Cave World|11\/100\n|move|p2a: Cave World|Will-O-Wisp|p1a: Revavroom\n|-status|p1a: Revavroom|brn\n|\n|-heal|p2a: Cave World|17\/100|[from] item: Leftovers\n|-damage|p1a: Revavroom|69\/100 brn|[from] brn\n|upkeep\n|turn|24\n|\n|t:|1698015389\n|move|p1a: Revavroom|Gunk Shot|p2a: Cave World\n|-damage|p2a: Cave World|0 fnt\n|faint|p2a: Cave World\n|-end|p2a: Cave World|ability: Neutralizing Gas\n|\n|-damage|p1a: Revavroom|63\/100 brn|[from] brn\n|upkeep\n|\n|t:|1698015397\n|switch|p2a: Javelin|Clodsire, F|100\/100\n|turn|25\n|\n|t:|1698015401\n|move|p1a: Revavroom|Gunk Shot|p2a: Javelin\n|-resisted|p2a: Javelin\n|-damage|p2a: Javelin|91\/100\n|move|p2a: Javelin|Earthquake|p1a: Revavroom\n|-supereffective|p1a: Revavroom\n|-damage|p1a: Revavroom|0 fnt\n|faint|p1a: Revavroom\n|\n|win|Skrumply\n|c|\u2606Honored HIM|ngl wasn't expecting volc totake that hit\n|c|\u2606Honored HIM|lesson laerned\n|c|\u2606Skrumply|I was\n|c|\u2606Skrumply|I am so glad you didn't\n|l|\u2606Skrumply\n","uploadtime":1698015414,"views":9,"p1id":"honoredhim","p2id":"skrumply","formatid":"gen9anythinggoes","rating":0,"private":0,"password":""}