{"id":"gen9anythinggoes-1994330472","p1":"fvtcuvjvktueu","p2":"FemboyPlayer","format":"[Gen 9] Anything Goes","log":"|j|\u2606fvtcuvjvktueu\n|j|\u2606FemboyPlayer\n|t:|1700431838\n|gametype|singles\n|player|p1|fvtcuvjvktueu|lucas|1000\n|player|p2|FemboyPlayer|elesa|1063\n|teamsize|p1|6\n|teamsize|p2|6\n|gen|9\n|tier|[Gen 9] Anything Goes\n|rated|\n|rule|HP Percentage Mod: HP is shown in percentages\n|rule|Endless Battle Clause: Forcing endless battles is banned\n|clearpoke\n|poke|p1|Ditto|\n|poke|p1|Ditto|\n|poke|p1|Ditto|\n|poke|p1|Ditto|\n|poke|p1|Ditto|\n|poke|p1|Ditto|\n|poke|p2|Espeon, F|\n|poke|p2|Zoroark, F|\n|poke|p2|Zoroark-Hisui, M|\n|poke|p2|Ninetales, M|\n|poke|p2|Ninetales-Alola, M|\n|poke|p2|Delphox, F|\n|teampreview\n|\n|t:|1700431860\n|start\n|switch|p1a: Ditto|Ditto|100\/100\n|switch|p2a: Mewthree|Espeon, F|100\/100\n|turn|1\n|\n|t:|1700431879\n|switch|p1a: Ditto|Ditto|100\/100\n|move|p2a: Mewthree|Flamethrower|p1a: Ditto\n|-damage|p1a: Ditto|34\/100\n|\n|-heal|p1a: Ditto|40\/100|[from] item: Leftovers\n|upkeep\n|turn|2\n|\n|t:|1700431893\n|move|p2a: Mewthree|Flamethrower|p1a: Ditto\n|-damage|p1a: Ditto|0 fnt\n|faint|p1a: Ditto\n|\n|upkeep\n|\n|t:|1700431898\n|switch|p1a: Ditto|Ditto|100\/100\n|turn|3\n|\n|t:|1700431902\n|move|p2a: Mewthree|Flamethrower|p1a: Ditto\n|-damage|p1a: Ditto|41\/100\n|move|p1a: Ditto|Transform||[still]\n|-fail|p1a: Ditto\n|\n|-heal|p1a: Ditto|47\/100|[from] item: Leftovers\n|upkeep\n|turn|4\n|\n|t:|1700431910\n|move|p2a: Mewthree|Flamethrower|p1a: Ditto\n|-damage|p1a: Ditto|0 fnt\n|faint|p1a: Ditto\n|\n|upkeep\n|\n|t:|1700431915\n|switch|p1a: Ditto|Ditto, shiny|100\/100\n|turn|5\n|\n|t:|1700431920\n|-terastallize|p1a: Ditto|Normal\n|move|p2a: Mewthree|Flamethrower|p1a: Ditto\n|-damage|p1a: Ditto|41\/100\n|move|p1a: Ditto|Transform||[still]\n|-fail|p1a: Ditto\n|\n|-heal|p1a: Ditto|47\/100|[from] item: Leftovers\n|upkeep\n|turn|6\n|\n|t:|1700431931\n|move|p2a: Mewthree|Flamethrower|p1a: Ditto\n|-damage|p1a: Ditto|0 fnt\n|faint|p1a: Ditto\n|\n|upkeep\n|\n|t:|1700431936\n|switch|p1a: Ditto|Ditto|100\/100\n|turn|7\n|\n|t:|1700431939\n|move|p2a: Mewthree|Flamethrower|p1a: Ditto\n|-damage|p1a: Ditto|34\/100\n|move|p1a: Ditto|Transform||[still]\n|-fail|p1a: Ditto\n|\n|-heal|p1a: Ditto|40\/100|[from] item: Leftovers\n|upkeep\n|turn|8\n|\n|t:|1700431948\n|move|p2a: Mewthree|Flamethrower|p1a: Ditto\n|-damage|p1a: Ditto|0 fnt\n|faint|p1a: Ditto\n|\n|upkeep\n|\n|t:|1700431955\n|switch|p1a: Ditto|Ditto|100\/100\n|turn|9\n|\n|t:|1700431960\n|move|p2a: Mewthree|Flamethrower|p1a: Ditto\n|-damage|p1a: Ditto|39\/100\n|move|p1a: Ditto|Transform||[still]\n|-fail|p1a: Ditto\n|\n|-heal|p1a: Ditto|45\/100|[from] item: Leftovers\n|upkeep\n|turn|10\n|\n|t:|1700431968\n|move|p2a: Mewthree|Flamethrower|p1a: Ditto\n|-crit|p1a: Ditto\n|-damage|p1a: Ditto|0 fnt\n|faint|p1a: Ditto\n|\n|upkeep\n|\n|t:|1700431973\n|switch|p1a: Ditto|Ditto|100\/100\n|turn|11\n|\n|t:|1700431977\n|move|p2a: Mewthree|Flamethrower|p1a: Ditto\n|-damage|p1a: Ditto|42\/100\n|move|p1a: Ditto|Transform||[still]\n|-fail|p1a: Ditto\n|\n|-heal|p1a: Ditto|48\/100|[from] item: Leftovers\n|upkeep\n|turn|12\n|\n|t:|1700431985\n|move|p2a: Mewthree|Flamethrower|p1a: Ditto\n|-crit|p1a: Ditto\n|-damage|p1a: Ditto|0 fnt\n|faint|p1a: Ditto\n|\n|win|FemboyPlayer\n|raw|fvtcuvjvktueu's rating: 1000 &rarr; <strong>1000<\/strong><br \/>(+0 for losing)\n|raw|FemboyPlayer's rating: 1063 &rarr; <strong>1088<\/strong><br \/>(+25 for winning)\n|l|\u2606fvtcuvjvktueu\n","uploadtime":1700431991,"views":2,"p1id":"fvtcuvjvktueu","p2id":"femboyplayer","formatid":"gen9anythinggoes","rating":1000,"private":0,"password":""}