{"id":"gen9anythinggoes-1978508174","p1":"DaCatKing","p2":"LudoThePumpkinBro","format":"[Gen 9] Anything Goes","log":"|j|\u2606DaCatKing\n|j|\u2606LudoThePumpkinBro\n|t:|1698548174\n|gametype|singles\n|player|p1|DaCatKing|plasmagrunt|1155\n|player|p2|LudoThePumpkinBro|2|1132\n|teamsize|p1|6\n|teamsize|p2|6\n|gen|9\n|tier|[Gen 9] Anything Goes\n|rated|\n|rule|HP Percentage Mod: HP is shown in percentages\n|rule|Endless Battle Clause: Forcing endless battles is banned\n|clearpoke\n|poke|p1|Quagsire, F|\n|poke|p1|Dragonite, M|\n|poke|p1|Zacian-*|\n|poke|p1|Snorlax, M|\n|poke|p1|Clodsire, F|\n|poke|p1|Sylveon, F|\n|poke|p2|Noivern, M|\n|poke|p2|Maushold|\n|poke|p2|Cloyster, M|\n|poke|p2|Klefki, F|\n|poke|p2|Drifblim, F|\n|poke|p2|Darkrai|\n|teampreview\n|\n|t:|1698548178\n|start\n|switch|p1a: Chocolate|Clodsire, F, shiny|100\/100\n|switch|p2a: condom balloon|Drifblim, F, shiny|100\/100\n|turn|1\n|c|\u2606LudoThePumpkinBro|nice cloddy\n|c|\u2606LudoThePumpkinBro|I love her\n|c|\u2606LudoThePumpkinBro|unfortunately, your mother.\n|\n|t:|1698548197\n|move|p2a: condom balloon|Minimize|p2a: condom balloon\n|-boost|p2a: condom balloon|evasion|2\n|move|p1a: Chocolate|Toxic Spikes|p2a: condom balloon\n|-sidestart|p2: LudoThePumpkinBro|move: Toxic Spikes\n|\n|upkeep\n|turn|2\n|\n|t:|1698548205\n|move|p2a: condom balloon|Minimize|p2a: condom balloon\n|-boost|p2a: condom balloon|evasion|2\n|move|p1a: Chocolate|Toxic|p2a: condom balloon\n|-status|p2a: condom balloon|tox\n|\n|-damage|p2a: condom balloon|94\/100 tox|[from] psn\n|upkeep\n|turn|3\n|\n|t:|1698548211\n|move|p2a: condom balloon|Minimize|p2a: condom balloon\n|-boost|p2a: condom balloon|evasion|2\n|move|p1a: Chocolate|Toxic Spikes|p2a: condom balloon\n|-sidestart|p2: LudoThePumpkinBro|move: Toxic Spikes\n|\n|-heal|p2a: condom balloon|100\/100 tox|[from] item: Leftovers\n|-damage|p2a: condom balloon|88\/100 tox|[from] psn\n|upkeep\n|turn|4\n|\n|t:|1698548224\n|move|p2a: condom balloon|Substitute|p2a: condom balloon\n|-start|p2a: condom balloon|Substitute\n|-damage|p2a: condom balloon|63\/100 tox\n|move|p1a: Chocolate|Stealth Rock|p2a: condom balloon\n|-sidestart|p2: LudoThePumpkinBro|move: Stealth Rock\n|\n|-heal|p2a: condom balloon|70\/100 tox|[from] item: Leftovers\n|-damage|p2a: condom balloon|51\/100 tox|[from] psn\n|upkeep\n|turn|5\n|\n|t:|1698548235\n|move|p2a: condom balloon|Baton Pass|p2a: condom balloon\n|\n|t:|1698548239\n|switch|p2a: Assbeata|Maushold|100\/100|[from] Baton Pass\n|move|p1a: Chocolate|Spikes|p2a: Assbeata\n|-sidestart|p2: LudoThePumpkinBro|Spikes\n|\n|upkeep\n|turn|6\n|\n|t:|1698548247\n|switch|p1a: Round Guy|Quagsire, F, shiny|100\/100\n|move|p2a: Assbeata|Tidy Up|p2a: Assbeata\n|-end|p2a: Assbeata|Substitute\n|-sideend|p2: LudoThePumpkinBro|Spikes\n|-sideend|p2: LudoThePumpkinBro|Toxic Spikes\n|-sideend|p2: LudoThePumpkinBro|Stealth Rock\n|-activate|p2a: Assbeata|move: Tidy Up\n|-boost|p2a: Assbeata|atk|1\n|-boost|p2a: Assbeata|spe|1\n|\n|upkeep\n|turn|7\n|\n|t:|1698548259\n|move|p2a: Assbeata|Population Bomb|p1a: Round Guy\n|-damage|p1a: Round Guy|88\/100\n|-damage|p1a: Round Guy|76\/100\n|-damage|p1a: Round Guy|62\/100\n|-damage|p1a: Round Guy|49\/100\n|-crit|p1a: Round Guy\n|-damage|p1a: Round Guy|32\/100\n|-damage|p1a: Round Guy|19\/100\n|-damage|p1a: Round Guy|7\/100\n|-damage|p1a: Round Guy|0 fnt\n|faint|p1a: Round Guy\n|-hitcount|p1: Round Guy|8\n|\n|upkeep\n|\n|t:|1698548272\n|switch|p1a: Snor|Snorlax, M|100\/100\n|turn|8\n|\n|t:|1698548276\n|move|p2a: Assbeata|Tidy Up|p2a: Assbeata\n|-boost|p2a: Assbeata|atk|1\n|-boost|p2a: Assbeata|spe|1\n|move|p1a: Snor|Brick Break|p2a: Assbeata|[miss]\n|-miss|p1a: Snor|p2a: Assbeata\n|\n|upkeep\n|turn|9\n|\n|t:|1698548285\n|move|p2a: Assbeata|Tidy Up|p2a: Assbeata\n|-boost|p2a: Assbeata|atk|1\n|-boost|p2a: Assbeata|spe|1\n|move|p1a: Snor|Counter||[still]\n|-fail|p1a: Snor\n|\n|upkeep\n|turn|10\n|\n|t:|1698548291\n|move|p2a: Assbeata|Tidy Up|p2a: Assbeata\n|-boost|p2a: Assbeata|atk|1\n|-boost|p2a: Assbeata|spe|1\n|move|p1a: Snor|Brick Break|p2a: Assbeata|[miss]\n|-miss|p1a: Snor|p2a: Assbeata\n|\n|upkeep\n|turn|11\n|\n|t:|1698548300\n|move|p2a: Assbeata|Population Bomb|p1a: Snor\n|-damage|p1a: Snor|66\/100\n|-damage|p1a: Snor|33\/100\n|-damage|p1a: Snor|0 fnt\n|faint|p1a: Snor\n|-hitcount|p1: Snor|3\n|\n|upkeep\n|\n|t:|1698548310\n|switch|p1a: Chocolate|Clodsire, F, shiny|100\/100\n|turn|12\n|\n|t:|1698548314\n|move|p2a: Assbeata|Population Bomb|p1a: Chocolate\n|-damage|p1a: Chocolate|62\/100\n|-damage|p1a: Chocolate|29\/100\n|-damage|p1a: Chocolate|0 fnt\n|faint|p1a: Chocolate\n|-hitcount|p1: Chocolate|3\n|\n|upkeep\n|\n|t:|1698548327\n|switch|p1a: ribbions|Sylveon, F, shiny|100\/100\n|turn|13\n|\n|t:|1698548331\n|-terastallize|p1a: ribbions|Ghost\n|move|p2a: Assbeata|Population Bomb|p1a: ribbions\n|-immune|p1a: ribbions\n|move|p1a: ribbions|Roar|p2a: Assbeata\n|drag|p2a: condom balloon|Drifblim, F, shiny|51\/100 tox\n|\n|-heal|p2a: condom balloon|57\/100 tox|[from] item: Leftovers\n|-damage|p2a: condom balloon|51\/100 tox|[from] psn\n|upkeep\n|turn|14\n|c|\u2606LudoThePumpkinBro|you have good\n|c|\u2606LudoThePumpkinBro|oh\n|c|\u2606LudoThePumpkinBro|oh fuck\n|c|\u2606LudoThePumpkinBro|oh\n|\n|t:|1698548347\n|move|p2a: condom balloon|Minimize|p2a: condom balloon\n|-boost|p2a: condom balloon|evasion|2\n|move|p1a: ribbions|Draining Kiss|p2a: condom balloon\n|-damage|p2a: condom balloon|29\/100 tox\n|\n|-heal|p2a: condom balloon|36\/100 tox|[from] item: Leftovers\n|-damage|p2a: condom balloon|23\/100 tox|[from] psn\n|upkeep\n|turn|15\n|\n|t:|1698548361\n|move|p2a: condom balloon|Minimize|p2a: condom balloon\n|-boost|p2a: condom balloon|evasion|2\n|move|p1a: ribbions|Calm Mind|p1a: ribbions\n|-boost|p1a: ribbions|spa|1\n|-boost|p1a: ribbions|spd|1\n|\n|-heal|p2a: condom balloon|29\/100 tox|[from] item: Leftovers\n|-damage|p2a: condom balloon|11\/100 tox|[from] psn\n|upkeep\n|turn|16\n|\n|t:|1698548374\n|move|p2a: condom balloon|Baton Pass|p2a: condom balloon\n|\n|t:|1698548400\n|switch|p2a: Night Knight|Darkrai, shiny|100\/100|[from] Baton Pass\n|move|p1a: ribbions|Calm Mind|p1a: ribbions\n|-boost|p1a: ribbions|spa|1\n|-boost|p1a: ribbions|spd|1\n|\n|upkeep\n|turn|17\n|\n|t:|1698548407\n|move|p2a: Night Knight|Knock Off|p1a: ribbions\n|-supereffective|p1a: ribbions\n|-damage|p1a: ribbions|8\/100\n|-enditem|p1a: ribbions|Heavy-Duty Boots|[from] move: Knock Off|[of] p2a: Night Knight\n|move|p1a: ribbions|Roar|p2a: Night Knight\n|drag|p2a: condom balloon|Drifblim, F, shiny|11\/100 tox\n|\n|-heal|p2a: condom balloon|17\/100 tox|[from] item: Leftovers\n|-damage|p2a: condom balloon|11\/100 tox|[from] psn\n|upkeep\n|turn|18\n|\n|t:|1698548417\n|move|p2a: condom balloon|Disable|p1a: ribbions\n|-start|p1a: ribbions|Disable|Roar\n|move|p1a: ribbions|Draining Kiss|p2a: condom balloon\n|-damage|p2a: condom balloon|0 fnt\n|-heal|p1a: ribbions|19\/100|[from] drain|[of] p2a: condom balloon\n|-damage|p1a: ribbions|0 fnt|[from] ability: Aftermath|[of] p2a: condom balloon\n|faint|p2a: condom balloon\n|faint|p1a: ribbions\n|\n|upkeep\n|c|\u2606LudoThePumpkinBro|anger\n|\n|t:|1698548428\n|switch|p2a: Clitster|Cloyster, M|100\/100\n|switch|p1a: Snakey|Dragonite, M|100\/100\n|turn|19\n|\n|t:|1698548434\n|move|p1a: Snakey|Extreme Speed|p2a: Clitster\n|-damage|p2a: Clitster|73\/100\n|move|p2a: Clitster|Icicle Spear|p1a: Snakey\n|-supereffective|p1a: Snakey\n|-damage|p1a: Snakey|71\/100\n|-supereffective|p1a: Snakey\n|-damage|p1a: Snakey|40\/100\n|-supereffective|p1a: Snakey\n|-damage|p1a: Snakey|9\/100\n|-supereffective|p1a: Snakey\n|-damage|p1a: Snakey|0 fnt\n|faint|p1a: Snakey\n|-hitcount|p1: Snakey|4\n|\n|upkeep\n|\n|t:|1698548446\n|switch|p1a: Doge|Zacian-Crowned, shiny|100\/100\n|-ability|p1a: Doge|Intrepid Sword|boost\n|-boost|p1a: Doge|atk|1\n|turn|20\n|c|\u2606LudoThePumpkinBro|i hate that mother fucking dog\n|\n|t:|1698548469\n|move|p1a: Doge|Swords Dance|p1a: Doge\n|-boost|p1a: Doge|atk|2\n|move|p2a: Clitster|Hydro Pump|p1a: Doge\n|-damage|p1a: Doge|62\/100\n|\n|upkeep\n|turn|21\n|\n|t:|1698548481\n|move|p1a: Doge|Behemoth Blade|p2a: Clitster\n|-damage|p2a: Clitster|0 fnt\n|faint|p2a: Clitster\n|\n|upkeep\n|\n|t:|1698548486\n|switch|p2a: Kleffy|Klefki, F, shiny|100\/100\n|turn|22\n|\n|t:|1698548504\n|move|p2a: Kleffy|Switcheroo||[still]\n|-fail|p2a: Kleffy\n|move|p1a: Doge|Close Combat|p2a: Kleffy\n|-damage|p2a: Kleffy|0 fnt\n|-unboost|p1a: Doge|def|1\n|-unboost|p1a: Doge|spd|1\n|faint|p2a: Kleffy\n|\n|upkeep\n|\n|t:|1698548511\n|switch|p2a: Assbeata|Maushold|100\/100\n|turn|23\n|\n|t:|1698548523\n|-terastallize|p2a: Assbeata|Fairy\n|move|p1a: Doge|Close Combat|p2a: Assbeata\n|-resisted|p2a: Assbeata\n|-damage|p2a: Assbeata|3\/100\n|-unboost|p1a: Doge|def|1\n|-unboost|p1a: Doge|spd|1\n|move|p2a: Assbeata|Population Bomb|p1a: Doge\n|-resisted|p1a: Doge\n|-damage|p1a: Doge|52\/100\n|-hitcount|p1a: Doge|1\n|\n|upkeep\n|turn|24\n|c|\u2606LudoThePumpkinBro|haha yay\n|c|\u2606LudoThePumpkinBro|haha fucl\n|\n|t:|1698548538\n|move|p1a: Doge|Behemoth Blade|p2a: Assbeata\n|-supereffective|p2a: Assbeata\n|-damage|p2a: Assbeata|0 fnt\n|faint|p2a: Assbeata\n|\n|upkeep\n|\n|t:|1698548541\n|switch|p2a: Noivern|Noivern, M, shiny|100\/100\n|turn|25\n|\n|t:|1698548547\n|move|p1a: Doge|Play Rough|p2a: Noivern\n|-supereffective|p2a: Noivern\n|-damage|p2a: Noivern|0 fnt\n|faint|p2a: Noivern\n|\n|upkeep\n|c|\u2606LudoThePumpkinBro|i will kill myself!\n|\n|t:|1698548553\n|switch|p2a: Night Knight|Darkrai, shiny|100\/100\n|turn|26\n|\n|t:|1698548562\n|move|p1a: Doge|Close Combat|p2a: Night Knight\n|-supereffective|p2a: Night Knight\n|-damage|p2a: Night Knight|0 fnt\n|-unboost|p1a: Doge|def|1\n|-unboost|p1a: Doge|spd|1\n|faint|p2a: Night Knight\n|\n|win|DaCatKing\n|raw|DaCatKing's rating: 1155 &rarr; <strong>1178<\/strong><br \/>(+23 for winning)\n|raw|LudoThePumpkinBro's rating: 1132 &rarr; <strong>1109<\/strong><br \/>(-23 for losing)\n","uploadtime":1698548468,"views":8,"p1id":"dacatking","p2id":"ludothepumpkinbro","formatid":"gen9anythinggoes","rating":1109,"private":0,"password":""}