{"id":"gen9anythinggoes-1978170146","p1":"Sabarion","p2":"Denjamin1986","format":"[Gen 9] Anything Goes","log":"|j|\u2606Sabarion\n|j|\u2606Denjamin1986\n|t:|1698507664\n|gametype|singles\n|player|p1|Sabarion|169|\n|player|p2|Denjamin1986|gentleman-gen4dp|\n|teamsize|p1|6\n|teamsize|p2|6\n|gen|9\n|tier|[Gen 9] Anything Goes\n|rule|HP Percentage Mod: HP is shown in percentages\n|rule|Endless Battle Clause: Forcing endless battles is banned\n|clearpoke\n|poke|p1|Ogerpon-Hearthflame, F|\n|poke|p1|Mandibuzz, F|\n|poke|p1|Scream Tail|\n|poke|p1|Staraptor, M|\n|poke|p1|Jolteon, M|\n|poke|p1|Gholdengo|\n|poke|p2|Scizor, M|\n|poke|p2|Talonflame, M|\n|poke|p2|Gastrodon-East, M|\n|poke|p2|Eelektross, M|\n|poke|p2|Weavile, F|\n|poke|p2|Dragapult, M|\n|teampreview\n|c|\u2606Sabarion|gl hf\n|c|\u2606Denjamin1986|GL hf\n|\n|t:|1698507718\n|start\n|switch|p1a: Ogerpon|Ogerpon-Hearthflame, F|100\/100\n|switch|p2a: Ohnezahn|Dragapult, M, shiny|100\/100\n|-ability|p1a: Ogerpon|Mold Breaker\n|turn|1\n|\n|t:|1698507732\n|switch|p1a: Mandibuzz|Mandibuzz, F|100\/100\n|move|p2a: Ohnezahn|U-turn|p1a: Mandibuzz\n|-damage|p1a: Mandibuzz|90\/100\n|\n|t:|1698507740\n|switch|p2a: Aale Dieter|Eelektross, M, shiny|100\/100|[from] U-turn\n|\n|upkeep\n|turn|2\n|\n|t:|1698507752\n|move|p1a: Mandibuzz|Toxic|p2a: Aale Dieter\n|-status|p2a: Aale Dieter|tox\n|move|p2a: Aale Dieter|U-turn|p1a: Mandibuzz\n|-damage|p1a: Mandibuzz|80\/100\n|\n|t:|1698507770\n|switch|p2a: Ohnezahn|Dragapult, M, shiny|100\/100|[from] U-turn\n|\n|upkeep\n|turn|3\n|\n|t:|1698507781\n|move|p2a: Ohnezahn|Thunderbolt|p1a: Mandibuzz\n|-supereffective|p1a: Mandibuzz\n|-damage|p1a: Mandibuzz|14\/100\n|move|p1a: Mandibuzz|Knock Off|p2a: Ohnezahn\n|-supereffective|p2a: Ohnezahn\n|-damage|p2a: Ohnezahn|46\/100\n|-enditem|p2a: Ohnezahn|Choice Specs|[from] move: Knock Off|[of] p1a: Mandibuzz\n|\n|upkeep\n|turn|4\n|\n|t:|1698507803\n|switch|p1a: Scream Tail|Scream Tail|100\/100\n|move|p2a: Ohnezahn|U-turn|p1a: Scream Tail\n|-damage|p1a: Scream Tail|90\/100\n|\n|t:|1698507813\n|switch|p2a: Ralph|Scizor, M, shiny|100\/100|[from] U-turn\n|\n|-heal|p1a: Scream Tail|96\/100|[from] item: Leftovers\n|upkeep\n|turn|5\n|\n|t:|1698507829\n|-end|p1a: Scream Tail|Protosynthesis|[silent]\n|switch|p1a: Mandibuzz|Mandibuzz, F|14\/100\n|-terastallize|p2a: Ralph|Fire\n|move|p2a: Ralph|Bullet Punch|p1a: Mandibuzz\n|-damage|p1a: Mandibuzz|0 fnt\n|faint|p1a: Mandibuzz\n|\n|upkeep\n|\n|t:|1698507858\n|switch|p1a: Staraptor|Staraptor, M|100\/100\n|turn|6\n|\n|t:|1698507869\n|switch|p2a: Aale Dieter|Eelektross, M, shiny|100\/100 tox\n|move|p1a: Staraptor|Brave Bird|p2a: Aale Dieter\n|-resisted|p2a: Aale Dieter\n|-damage|p2a: Aale Dieter|51\/100 tox\n|-damage|p1a: Staraptor|84\/100|[from] Recoil\n|\n|-heal|p2a: Aale Dieter|58\/100 tox|[from] item: Leftovers\n|-damage|p2a: Aale Dieter|51\/100 tox|[from] psn\n|upkeep\n|turn|7\n|\n|t:|1698507892\n|switch|p1a: Gholdengo|Gholdengo|100\/100\n|move|p2a: Aale Dieter|Knock Off|p1a: Gholdengo\n|-supereffective|p1a: Gholdengo\n|-damage|p1a: Gholdengo|52\/100\n|-enditem|p1a: Gholdengo|Leftovers|[from] move: Knock Off|[of] p2a: Aale Dieter\n|\n|-heal|p2a: Aale Dieter|58\/100 tox|[from] item: Leftovers\n|-damage|p2a: Aale Dieter|45\/100 tox|[from] psn\n|upkeep\n|turn|8\n|\n|t:|1698507938\n|move|p1a: Gholdengo|Focus Blast|p2a: Aale Dieter\n|-damage|p2a: Aale Dieter|3\/100 tox\n|move|p2a: Aale Dieter|Stomping Tantrum|p1a: Gholdengo\n|-supereffective|p1a: Gholdengo\n|-damage|p1a: Gholdengo|15\/100\n|\n|-heal|p2a: Aale Dieter|9\/100 tox|[from] item: Leftovers\n|-damage|p2a: Aale Dieter|0 fnt|[from] psn\n|faint|p2a: Aale Dieter\n|upkeep\n|\n|t:|1698507950\n|switch|p2a: Grinsekatze|Weavile, F, shiny|100\/100\n|-ability|p2a: Grinsekatze|Pressure\n|turn|9\n|\n|t:|1698507963\n|switch|p1a: Scream Tail|Scream Tail|96\/100\n|move|p2a: Grinsekatze|Knock Off|p1a: Scream Tail\n|-damage|p1a: Scream Tail|42\/100\n|-enditem|p1a: Scream Tail|Leftovers|[from] move: Knock Off|[of] p2a: Grinsekatze\n|\n|upkeep\n|turn|10\n|\n|t:|1698507973\n|move|p2a: Grinsekatze|Knock Off|p1a: Scream Tail\n|-damage|p1a: Scream Tail|7\/100\n|move|p1a: Scream Tail|Thunder Wave|p2a: Grinsekatze\n|-status|p2a: Grinsekatze|par\n|\n|upkeep\n|turn|11\n|\n|t:|1698507986\n|switch|p2a: Ralph|Scizor, M, shiny, tera:Fire|100\/100\n|move|p1a: Scream Tail|Wish|p1a: Scream Tail\n|\n|upkeep\n|turn|12\n|\n|t:|1698508015\n|move|p1a: Scream Tail|Protect|p1a: Scream Tail\n|-singleturn|p1a: Scream Tail|Protect\n|move|p2a: Ralph|U-turn|p1a: Scream Tail\n|-activate|p1a: Scream Tail|move: Protect\n|\n|-heal|p1a: Scream Tail|57\/100|[from] move: Wish|[wisher] Scream Tail\n|upkeep\n|turn|13\n|\n|t:|1698508025\n|move|p2a: Ralph|Bullet Punch|p1a: Scream Tail\n|-supereffective|p1a: Scream Tail\n|-damage|p1a: Scream Tail|23\/100\n|move|p1a: Scream Tail|Wish|p1a: Scream Tail\n|\n|upkeep\n|turn|14\n|\n|t:|1698508046\n|switch|p2a: Theo|Gastrodon-East, M, shiny|100\/100\n|move|p1a: Scream Tail|Thunder Wave|p2a: Theo\n|-immune|p2a: Theo\n|\n|-heal|p1a: Scream Tail|73\/100|[from] move: Wish|[wisher] Scream Tail\n|upkeep\n|turn|15\n|\n|t:|1698508057\n|move|p1a: Scream Tail|Wish|p1a: Scream Tail\n|move|p2a: Theo|Stealth Rock|p1a: Scream Tail\n|-sidestart|p1: Sabarion|move: Stealth Rock\n|\n|upkeep\n|turn|16\n|\n|t:|1698508064\n|-end|p1a: Scream Tail|Protosynthesis|[silent]\n|switch|p1a: Staraptor|Staraptor, M|84\/100\n|-damage|p1a: Staraptor|59\/100|[from] Stealth Rock\n|move|p2a: Theo|Earth Power|p1a: Staraptor\n|-immune|p1a: Staraptor\n|\n|-heal|p1a: Staraptor|100\/100|[from] move: Wish|[wisher] Scream Tail\n|upkeep\n|turn|17\n|\n|t:|1698508085\n|switch|p2a: Hawks|Talonflame, M, shiny|100\/100\n|move|p1a: Staraptor|Brave Bird|p2a: Hawks\n|-damage|p2a: Hawks|0 fnt\n|faint|p2a: Hawks\n|-damage|p1a: Staraptor|68\/100|[from] Recoil\n|\n|upkeep\n|\n|t:|1698508095\n|switch|p2a: Ohnezahn|Dragapult, M, shiny|46\/100\n|turn|18\n|\n|t:|1698508103\n|move|p2a: Ohnezahn|Draco Meteor|p1a: Staraptor\n|-damage|p1a: Staraptor|0 fnt\n|-unboost|p2a: Ohnezahn|spa|2\n|faint|p1a: Staraptor\n|\n|upkeep\n|\n|t:|1698508122\n|switch|p1a: Ogerpon|Ogerpon-Hearthflame, F|100\/100\n|-damage|p1a: Ogerpon|76\/100|[from] Stealth Rock\n|-ability|p1a: Ogerpon|Mold Breaker\n|turn|19\n|\n|t:|1698508131\n|-terastallize|p1a: Ogerpon|Fire\n|detailschange|p1a: Ogerpon|Ogerpon-Hearthflame-Tera, F, tera:Fire\n|-ability|p1a: Ogerpon|Embody Aspect (Hearthflame)|boost\n|-boost|p1a: Ogerpon|atk|1\n|move|p2a: Ohnezahn|U-turn|p1a: Ogerpon\n|-resisted|p1a: Ogerpon\n|-damage|p1a: Ogerpon|64\/100\n|\n|t:|1698508139\n|switch|p2a: Ralph|Scizor, M, shiny, tera:Fire|100\/100|[from] U-turn\n|move|p1a: Ogerpon|Trailblaze|p2a: Ralph\n|-resisted|p2a: Ralph\n|-damage|p2a: Ralph|84\/100\n|-boost|p1a: Ogerpon|spe|1\n|\n|-heal|p2a: Ralph|91\/100|[from] item: Leftovers\n|upkeep\n|turn|20\n|\n|t:|1698508152\n|move|p1a: Ogerpon|Stomping Tantrum|p2a: Ralph\n|-supereffective|p2a: Ralph\n|-damage|p2a: Ralph|22\/100\n|move|p2a: Ralph|Counter|p1a: Ogerpon\n|-damage|p1a: Ogerpon|0 fnt\n|faint|p1a: Ogerpon\n|\n|-heal|p2a: Ralph|28\/100|[from] item: Leftovers\n|upkeep\n|\n|t:|1698508180\n|switch|p1a: Scream Tail|Scream Tail|73\/100\n|-damage|p1a: Scream Tail|60\/100|[from] Stealth Rock\n|turn|21\n|\n|t:|1698508192\n|move|p1a: Scream Tail|Psychic|p2a: Ralph\n|-damage|p2a: Ralph|4\/100\n|move|p2a: Ralph|U-turn|p1a: Scream Tail\n|-damage|p1a: Scream Tail|38\/100\n|\n|t:|1698508201\n|switch|p2a: Ohnezahn|Dragapult, M, shiny|46\/100|[from] U-turn\n|\n|upkeep\n|turn|22\n|\n|t:|1698508207\n|move|p2a: Ohnezahn|Shadow Ball|p1a: Scream Tail\n|-supereffective|p1a: Scream Tail\n|-damage|p1a: Scream Tail|0 fnt\n|faint|p1a: Scream Tail\n|-end|p1a: Scream Tail|Protosynthesis|[silent]\n|\n|upkeep\n|\n|t:|1698508209\n|switch|p1a: Jolteon|Jolteon, M|100\/100\n|-damage|p1a: Jolteon|88\/100|[from] Stealth Rock\n|turn|23\n|\n|t:|1698508218\n|move|p1a: Jolteon|Shadow Ball|p2a: Ohnezahn\n|-supereffective|p2a: Ohnezahn\n|-damage|p2a: Ohnezahn|0 fnt\n|faint|p2a: Ohnezahn\n|\n|upkeep\n|\n|t:|1698508226\n|switch|p2a: Grinsekatze|Weavile, F, shiny|100\/100 par\n|-ability|p2a: Grinsekatze|Pressure\n|turn|24\n|\n|t:|1698508234\n|move|p1a: Jolteon|Shadow Ball|p2a: Grinsekatze\n|-resisted|p2a: Grinsekatze\n|-damage|p2a: Grinsekatze|86\/100 par\n|cant|p2a: Grinsekatze|par\n|\n|upkeep\n|turn|25\n|\n|t:|1698508241\n|move|p1a: Jolteon|Shadow Ball|p2a: Grinsekatze\n|-resisted|p2a: Grinsekatze\n|-damage|p2a: Grinsekatze|69\/100 par\n|cant|p2a: Grinsekatze|par\n|\n|upkeep\n|turn|26\n|\n|t:|1698508251\n|move|p1a: Jolteon|Shadow Ball|p2a: Grinsekatze\n|-resisted|p2a: Grinsekatze\n|-damage|p2a: Grinsekatze|54\/100 par\n|move|p2a: Grinsekatze|Knock Off|p1a: Jolteon\n|-damage|p1a: Jolteon|0 fnt\n|-enditem|p1a: Jolteon|Choice Scarf|[from] move: Knock Off|[of] p2a: Grinsekatze\n|faint|p1a: Jolteon\n|\n|upkeep\n|\n|t:|1698508256\n|switch|p1a: Gholdengo|Gholdengo|15\/100\n|-damage|p1a: Gholdengo|8\/100|[from] Stealth Rock\n|turn|27\n|\n|t:|1698508264\n|move|p1a: Gholdengo|Recover|p1a: Gholdengo\n|-heal|p1a: Gholdengo|59\/100\n|cant|p2a: Grinsekatze|par\n|\n|upkeep\n|turn|28\n|\n|t:|1698508269\n|move|p1a: Gholdengo|Focus Blast|p2a: Grinsekatze\n|-supereffective|p2a: Grinsekatze\n|-damage|p2a: Grinsekatze|0 fnt\n|faint|p2a: Grinsekatze\n|\n|upkeep\n|c|\u2606Denjamin1986|Diese fullparas\n|\n|t:|1698508284\n|switch|p2a: Theo|Gastrodon-East, M, shiny|100\/100\n|turn|29\n|\n|t:|1698508293\n|move|p1a: Gholdengo|Shadow Ball|p2a: Theo\n|-damage|p2a: Theo|65\/100\n|move|p2a: Theo|Earth Power|p1a: Gholdengo\n|-supereffective|p1a: Gholdengo\n|-damage|p1a: Gholdengo|4\/100\n|\n|upkeep\n|turn|30\n|\n|t:|1698508302\n|move|p1a: Gholdengo|Shadow Ball|p2a: Theo\n|-damage|p2a: Theo|29\/100\n|move|p2a: Theo|Earth Power|p1a: Gholdengo\n|-supereffective|p1a: Gholdengo\n|-damage|p1a: Gholdengo|0 fnt\n|faint|p1a: Gholdengo\n|\n|win|Denjamin1986\n|c|\u2606Sabarion|gg\n|c|\u2606Denjamin1986|Gg\n","uploadtime":1698508314,"views":16,"p1id":"sabarion","p2id":"denjamin1986","formatid":"gen9anythinggoes","rating":0,"private":0,"password":""}