{"id":"gen9anythinggoes-1993944749","p1":"Xeo009","p2":"wangdeguxiang","format":"[Gen 9] Anything Goes","log":"|j|\u2606Xeo009\n|j|\u2606wangdeguxiang\n|t:|1700380167\n|gametype|singles\n|player|p1|Xeo009|ash-alola|1666\n|player|p2|wangdeguxiang|ingo|1650\n|teamsize|p1|6\n|teamsize|p2|6\n|gen|9\n|tier|[Gen 9] Anything Goes\n|rated|\n|rule|HP Percentage Mod: HP is shown in percentages\n|rule|Endless Battle Clause: Forcing endless battles is banned\n|clearpoke\n|poke|p1|Ditto|\n|poke|p1|Pawmot, M|\n|poke|p1|Corviknight, M|\n|poke|p1|Zacian-*|\n|poke|p1|Calyrex-Shadow|\n|poke|p1|Koraidon|\n|poke|p2|Calyrex-Shadow|\n|poke|p2|Arceus-Ground|\n|poke|p2|Miraidon|\n|poke|p2|Ditto|\n|poke|p2|Kyogre|\n|poke|p2|Koraidon|\n|teampreview\n|inactive|Battle timer is ON: inactive players will automatically lose when time's up. (requested by Xeo009)\n|\n|t:|1700380188\n|start\n|switch|p1a: Koraidon|Koraidon|100\/100\n|switch|p2a: Kyogre|Kyogre|100\/100\n|-weather|SunnyDay|[from] ability: Orichalcum Pulse|[of] p1a: Koraidon\n|-activate|p1a: Koraidon|Orichalcum Pulse|[source]\n|-weather|RainDance|[from] ability: Drizzle|[of] p2a: Kyogre\n|turn|1\n|\n|t:|1700380206\n|move|p1a: Koraidon|Outrage|p2a: Kyogre\n|-damage|p2a: Kyogre|49\/100\n|move|p2a: Kyogre|Ice Beam|p1a: Koraidon\n|-supereffective|p1a: Koraidon\n|-damage|p1a: Koraidon|35\/100\n|\n|-weather|RainDance|[upkeep]\n|upkeep\n|turn|2\n|\n|t:|1700380218\n|move|p1a: Koraidon|Outrage|p2a: Kyogre|[from]lockedmove\n|-damage|p2a: Kyogre|0 fnt\n|faint|p2a: Kyogre\n|\n|-weather|RainDance|[upkeep]\n|upkeep\n|\n|t:|1700380226\n|switch|p2a: Calyrex|Calyrex-Shadow|100\/100\n|-ability|p2a: Calyrex|As One\n|-ability|p2a: Calyrex|Unnerve\n|turn|3\n|\n|t:|1700380229\n|move|p2a: Calyrex|Astral Barrage|p1a: Koraidon\n|-damage|p1a: Koraidon|0 fnt\n|faint|p1a: Koraidon\n|-ability|p2a: Calyrex|Grim Neigh|boost\n|-boost|p2a: Calyrex|spa|1\n|\n|-weather|RainDance|[upkeep]\n|upkeep\n|\n|t:|1700380240\n|switch|p1a: Calyrex|Calyrex-Shadow|100\/100\n|-ability|p1a: Calyrex|As One\n|-ability|p1a: Calyrex|Unnerve\n|turn|4\n|j| TPRADOWILLCOMEBACK\n|\n|t:|1700380255\n|switch|p2a: Arceus|Arceus-Ground|100\/100\n|move|p1a: Calyrex|Psychic|p2a: Arceus\n|-damage|p2a: Arceus|69\/100\n|\n|-weather|RainDance|[upkeep]\n|upkeep\n|turn|5\n|\n|t:|1700380266\n|switch|p1a: Corviknight|Corviknight, M|100\/100\n|move|p2a: Arceus|Stealth Rock|p1a: Corviknight\n|-sidestart|p1: Xeo009|move: Stealth Rock\n|\n|-weather|none\n|upkeep\n|turn|6\n|\n|t:|1700380275\n|move|p2a: Arceus|Recover|p2a: Arceus\n|-heal|p2a: Arceus|100\/100\n|move|p1a: Corviknight|Defog|p2a: Arceus\n|-unboost|p2a: Arceus|evasion|1\n|-sideend|p1: Xeo009|Stealth Rock|[from] move: Defog|[of] p1a: Corviknight\n|\n|upkeep\n|turn|7\n|\n|t:|1700380280\n|switch|p2a: Koraidon|Koraidon|100\/100\n|-weather|SunnyDay|[from] ability: Orichalcum Pulse|[of] p2a: Koraidon\n|-activate|p2a: Koraidon|Orichalcum Pulse|[source]\n|move|p1a: Corviknight|Body Press|p2a: Koraidon\n|-damage|p2a: Koraidon|76\/100\n|\n|-weather|SunnyDay|[upkeep]\n|upkeep\n|turn|8\n|\n|t:|1700380288\n|move|p2a: Koraidon|Flare Blitz|p1a: Corviknight\n|-supereffective|p1a: Corviknight\n|-damage|p1a: Corviknight|3\/100\n|-damage|p2a: Koraidon|60\/100|[from] item: Rocky Helmet|[of] p1a: Corviknight\n|-damage|p2a: Koraidon|22\/100|[from] Recoil\n|move|p1a: Corviknight|Brave Bird|p2a: Koraidon\n|-supereffective|p2a: Koraidon\n|-damage|p2a: Koraidon|0 fnt\n|faint|p2a: Koraidon\n|-damage|p1a: Corviknight|0 fnt|[from] Recoil\n|faint|p1a: Corviknight\n|\n|-weather|SunnyDay|[upkeep]\n|upkeep\n|\n|t:|1700380307\n|switch|p2a: Arceus|Arceus-Ground|100\/100\n|switch|p1a: Pawmot|Pawmot, M|100\/100\n|turn|9\n|\n|t:|1700380314\n|move|p1a: Pawmot|Revival Blessing|p1a: Pawmot\n|\n|t:|1700380316\n|-heal|p1: Koraidon|50\/100|[from] move: Revival Blessing\n|move|p2a: Arceus|Judgment|p1a: Pawmot\n|-supereffective|p1a: Pawmot\n|-enditem|p1a: Pawmot|Focus Sash\n|-damage|p1a: Pawmot|1\/100\n|\n|-weather|SunnyDay|[upkeep]\n|upkeep\n|turn|10\n|\n|t:|1700380321\n|move|p1a: Pawmot|Ice Punch|p2a: Arceus\n|-supereffective|p2a: Arceus\n|-damage|p2a: Arceus|61\/100\n|move|p2a: Arceus|Stealth Rock|p1a: Pawmot\n|-sidestart|p1: Xeo009|move: Stealth Rock\n|\n|-weather|SunnyDay|[upkeep]\n|upkeep\n|turn|11\n|\n|t:|1700380327\n|move|p1a: Pawmot|Ice Punch|p2a: Arceus\n|-supereffective|p2a: Arceus\n|-damage|p2a: Arceus|21\/100\n|move|p2a: Arceus|Recover|p2a: Arceus\n|-heal|p2a: Arceus|71\/100\n|\n|-weather|none\n|upkeep\n|turn|12\n|\n|t:|1700380348\n|switch|p2a: Ditto|Ditto|100\/100\n|-transform|p2a: Ditto|p1a: Pawmot|[from] ability: Imposter\n|move|p1a: Pawmot|Ice Punch|p2a: Ditto\n|-damage|p2a: Ditto|56\/100\n|-status|p2a: Ditto|frz\n|\n|upkeep\n|turn|13\n|c| TPRADOWILLCOMEBACK|wow\n|c| TPRADOWILLCOMEBACK|hahahaha\n|\n|t:|1700380366\n|cant|p2a: Ditto|frz\n|move|p1a: Pawmot|Double Shock|p2a: Ditto\n|-resisted|p2a: Ditto\n|-damage|p2a: Ditto|10\/100 frz\n|-start|p1a: Pawmot|typechange|???\/Fighting|[from] move: Double Shock\n|\n|upkeep\n|turn|14\n|\n|t:|1700380372\n|move|p1a: Pawmot|Mach Punch|p2a: Ditto\n|-damage|p2a: Ditto|0 fnt\n|faint|p2a: Ditto\n|\n|upkeep\n|\n|t:|1700380379\n|switch|p2a: Miraidon|Miraidon|100\/100\n|-fieldstart|move: Electric Terrain|[from] ability: Hadron Engine|[of] p2a: Miraidon\n|turn|15\n|\n|t:|1700380382\n|move|p1a: Pawmot|Mach Punch|p2a: Miraidon\n|-damage|p2a: Miraidon|78\/100\n|move|p2a: Miraidon|Volt Switch|p1a: Pawmot\n|-damage|p1a: Pawmot|0 fnt\n|faint|p1a: Pawmot\n|\n|t:|1700380390\n|switch|p2a: Calyrex|Calyrex-Shadow|100\/100|[from] Volt Switch\n|-ability|p2a: Calyrex|As One\n|-ability|p2a: Calyrex|Unnerve\n|\n|upkeep\n|\n|t:|1700380398\n|switch|p1a: Calyrex|Calyrex-Shadow|100\/100\n|-ability|p1a: Calyrex|As One\n|-ability|p1a: Calyrex|Unnerve\n|-damage|p1a: Calyrex|88\/100|[from] Stealth Rock\n|turn|16\n|\n|t:|1700380401\n|-terastallize|p2a: Calyrex|Fighting\n|move|p2a: Calyrex|Astral Barrage|p1a: Calyrex\n|-supereffective|p1a: Calyrex\n|-damage|p1a: Calyrex|0 fnt\n|faint|p1a: Calyrex\n|-ability|p2a: Calyrex|Grim Neigh|boost\n|-boost|p2a: Calyrex|spa|1\n|\n|upkeep\n|\n|t:|1700380411\n|switch|p1a: Ditto|Ditto|100\/100\n|-damage|p1a: Ditto|88\/100|[from] Stealth Rock\n|-transform|p1a: Ditto|p2a: Calyrex|[from] ability: Imposter\n|-start|p1a: Ditto|typechange|Psychic\/Ghost|[silent]\n|turn|17\n|c|\u2606wangdeguxiang|oh\uff1f\n|\n|t:|1700380421\n|-terastallize|p1a: Ditto|Normal\n|move|p2a: Calyrex|Astral Barrage|p1a: Ditto\n|-immune|p1a: Ditto\n|move|p1a: Ditto|Astral Barrage|p2a: Calyrex\n|-damage|p2a: Calyrex|0 fnt\n|faint|p2a: Calyrex\n|-ability|p1a: Ditto|Grim Neigh|boost\n|-boost|p1a: Ditto|spa|1\n|\n|upkeep\n|\n|t:|1700380429\n|switch|p2a: Miraidon|Miraidon|78\/100\n|-activate|p2a: Miraidon|ability: Hadron Engine\n|turn|18\n|c|\u2606wangdeguxiang|gg\n|\n|t:|1700380434\n|move|p1a: Ditto|Astral Barrage|p2a: Miraidon\n|-damage|p2a: Miraidon|0 fnt\n|faint|p2a: Miraidon\n|-ability|p1a: Ditto|Grim Neigh|boost\n|-boost|p1a: Ditto|spa|1\n|\n|upkeep\n|\n|t:|1700380435\n|switch|p2a: Arceus|Arceus-Ground|71\/100\n|turn|19\n|\n|t:|1700380439\n|move|p1a: Ditto|Astral Barrage|p2a: Arceus\n|-damage|p2a: Arceus|0 fnt\n|faint|p2a: Arceus\n|\n|win|Xeo009\n|raw|Xeo009's rating: 1666 &rarr; <strong>1685<\/strong><br \/>(+19 for winning)\n|raw|wangdeguxiang's rating: 1650 &rarr; <strong>1631<\/strong><br \/>(-19 for losing)\n|l|\u2606wangdeguxiang\n|c|\u2606Xeo009|Gg\n|l| TPRADOWILLCOMEBACK\n","uploadtime":1700380483,"views":3,"p1id":"xeo009","p2id":"wangdeguxiang","formatid":"gen9anythinggoes","rating":1631,"private":0,"password":""}