{"id":"gen9anythinggoes-1982254470","p1":"imbadatthisforeal","p2":"Ankun4","format":"[Gen 9] Anything Goes","log":"|j|\u2606imbadatthisforeal\n|j|\u2606Ankun4\n|t:|1698985085\n|gametype|singles\n|player|p1|imbadatthisforeal|2|1024\n|player|p2|Ankun4|170|1050\n|teamsize|p1|6\n|teamsize|p2|6\n|gen|9\n|tier|[Gen 9] Anything Goes\n|rated|\n|rule|HP Percentage Mod: HP is shown in percentages\n|rule|Endless Battle Clause: Forcing endless battles is banned\n|clearpoke\n|poke|p1|Clefable, M|\n|poke|p1|Espeon, M|\n|poke|p1|Cinderace, M|\n|poke|p1|Calyrex-Shadow|\n|poke|p1|Arceus|\n|poke|p1|Zapdos|\n|poke|p2|Magnezone|\n|poke|p2|Torterra, M|\n|poke|p2|Empoleon, F|\n|poke|p2|Gardevoir, F|\n|poke|p2|Heatran, F|\n|poke|p2|Umbreon, M|\n|teampreview\n|inactive|Battle timer is ON: inactive players will automatically lose when time's up. (requested by imbadatthisforeal)\n|\n|t:|1698985104\n|start\n|switch|p1a: Cinderace|Cinderace, M|100\/100\n|switch|p2a: Umbreon|Umbreon, M|100\/100\n|turn|1\n|\n|t:|1698985109\n|move|p1a: Cinderace|Taunt|p2a: Umbreon\n|-start|p1a: Cinderace|typechange|Dark|[from] ability: Libero\n|-start|p2a: Umbreon|move: Taunt\n|cant|p2a: Umbreon|move: Taunt|Confuse Ray\n|\n|upkeep\n|turn|2\n|\n|t:|1698985115\n|move|p1a: Cinderace|Double Kick|p2a: Umbreon\n|-supereffective|p2a: Umbreon\n|-damage|p2a: Umbreon|84\/100\n|-supereffective|p2a: Umbreon\n|-damage|p2a: Umbreon|67\/100\n|-hitcount|p2a: Umbreon|2\n|move|p2a: Umbreon|Foul Play|p1a: Cinderace\n|-resisted|p1a: Cinderace\n|-damage|p1a: Cinderace|65\/100\n|\n|-heal|p2a: Umbreon|73\/100|[from] item: Leftovers\n|upkeep\n|turn|3\n|\n|t:|1698985131\n|switch|p2a: Magnezone|Magnezone|100\/100\n|move|p1a: Cinderace|Double Kick|p2a: Magnezone\n|-supereffective|p2a: Magnezone\n|-damage|p2a: Magnezone|83\/100\n|-supereffective|p2a: Magnezone\n|-damage|p2a: Magnezone|64\/100\n|-hitcount|p2a: Magnezone|2\n|\n|upkeep\n|turn|4\n|\n|t:|1698985139\n|move|p1a: Cinderace|Taunt|p2a: Magnezone\n|-start|p2a: Magnezone|move: Taunt\n|move|p2a: Magnezone|Thunderbolt|p1a: Cinderace\n|-damage|p1a: Cinderace|0 fnt\n|faint|p1a: Cinderace\n|\n|upkeep\n|\n|t:|1698985142\n|switch|p1a: Zapdos|Zapdos|100\/100\n|turn|5\n|\n|t:|1698985151\n|switch|p2a: Torterra|Torterra, M|100\/100\n|move|p1a: Zapdos|Agility|p1a: Zapdos\n|-boost|p1a: Zapdos|spe|2\n|\n|upkeep\n|turn|6\n|\n|t:|1698985158\n|switch|p1a: Calyrex|Calyrex-Shadow|100\/100\n|-ability|p1a: Calyrex|As One\n|-ability|p1a: Calyrex|Unnerve\n|move|p2a: Torterra|Stealth Rock|p1a: Calyrex\n|-sidestart|p1: imbadatthisforeal|move: Stealth Rock\n|\n|upkeep\n|turn|7\n|\n|t:|1698985172\n|move|p1a: Calyrex|Astral Barrage|p2a: Torterra\n|-damage|p2a: Torterra|25\/100\n|move|p2a: Torterra|Wood Hammer|p1a: Calyrex\n|-enditem|p1a: Calyrex|Focus Sash\n|-damage|p1a: Calyrex|1\/100\n|-damage|p2a: Torterra|0 fnt|[from] Recoil\n|faint|p2a: Torterra\n|\n|upkeep\n|\n|t:|1698985189\n|switch|p2a: Umbreon|Umbreon, M|73\/100\n|turn|8\n|\n|t:|1698985193\n|move|p1a: Calyrex|Astral Barrage|p2a: Umbreon\n|-resisted|p2a: Umbreon\n|-damage|p2a: Umbreon|54\/100\n|move|p2a: Umbreon|Foul Play|p1a: Calyrex\n|-supereffective|p1a: Calyrex\n|-damage|p1a: Calyrex|0 fnt\n|faint|p1a: Calyrex\n|\n|-heal|p2a: Umbreon|60\/100|[from] item: Leftovers\n|upkeep\n|\n|t:|1698985204\n|switch|p1a: Zapdos|Zapdos|100\/100\n|-damage|p1a: Zapdos|76\/100|[from] Stealth Rock\n|turn|9\n|\n|t:|1698985208\n|move|p1a: Zapdos|Agility|p1a: Zapdos\n|-boost|p1a: Zapdos|spe|2\n|move|p2a: Umbreon|Confuse Ray|p1a: Zapdos\n|-start|p1a: Zapdos|confusion\n|\n|-heal|p2a: Umbreon|66\/100|[from] item: Leftovers\n|upkeep\n|turn|10\n|\n|t:|1698985216\n|-activate|p1a: Zapdos|confusion\n|-damage|p1a: Zapdos|68\/100|[from] confusion\n|move|p2a: Umbreon|Wish|p2a: Umbreon\n|\n|-heal|p2a: Umbreon|72\/100|[from] item: Leftovers\n|upkeep\n|turn|11\n|\n|t:|1698985221\n|-activate|p1a: Zapdos|confusion\n|move|p1a: Zapdos|Tailwind|p1a: Zapdos\n|-sidestart|p1: imbadatthisforeal|move: Tailwind\n|move|p2a: Umbreon|Toxic|p1a: Zapdos\n|-status|p1a: Zapdos|tox\n|\n|-heal|p2a: Umbreon|100\/100|[from] move: Wish|[wisher] Umbreon\n|-damage|p1a: Zapdos|62\/100 tox|[from] psn\n|upkeep\n|turn|12\n|\n|t:|1698985229\n|-activate|p1a: Zapdos|confusion\n|move|p1a: Zapdos|Baton Pass|p1a: Zapdos\n|\n|t:|1698985234\n|switch|p1a: Espeon|Espeon, M|100\/100|[from] Baton Pass\n|-damage|p1a: Espeon|88\/100|[from] Stealth Rock\n|move|p2a: Umbreon|Foul Play|p1a: Espeon\n|-supereffective|p1a: Espeon\n|-damage|p1a: Espeon|44\/100\n|\n|upkeep\n|turn|13\n|-message|imbadatthisforeal forfeited.\n|\n|win|Ankun4\n|raw|imbadatthisforeal's rating: 1024 &rarr; <strong>1011<\/strong><br \/>(-13 for losing)\n|raw|Ankun4's rating: 1050 &rarr; <strong>1080<\/strong><br \/>(+30 for winning)\n|l|\u2606imbadatthisforeal\n","uploadtime":1698985246,"views":6,"p1id":"imbadatthisforeal","p2id":"ankun4","formatid":"gen9anythinggoes","rating":1011,"private":0,"password":""}