{"id":"gen9anythinggoes-1993476807","p1":"PlasmaPrototype","p2":"leftovers123456","format":"[Gen 9] Anything Goes","log":"|j|\u2606PlasmaPrototype\n|j|\u2606leftovers123456\n|t:|1700322579\n|gametype|singles\n|player|p1|PlasmaPrototype|gambler|1176\n|player|p2|leftovers123456|265|1346\n|teamsize|p1|6\n|teamsize|p2|6\n|gen|9\n|tier|[Gen 9] Anything Goes\n|rated|\n|rule|HP Percentage Mod: HP is shown in percentages\n|rule|Endless Battle Clause: Forcing endless battles is banned\n|clearpoke\n|poke|p1|Maushold-Four|\n|poke|p1|Maushold-Four|\n|poke|p1|Maushold-Four|\n|poke|p1|Maushold-Four|\n|poke|p1|Maushold-Four|\n|poke|p1|Maushold-Four|\n|poke|p2|Scovillain, M|\n|poke|p2|Espathra, M|\n|poke|p2|Annihilape, M|\n|poke|p2|Kyogre|\n|poke|p2|Arceus|\n|poke|p2|Urshifu-*, M|\n|teampreview\n|c|\u2606PlasmaPrototype|mouse\n|\n|t:|1700322592\n|start\n|switch|p1a: Maushold|Maushold-Four, shiny|100\/100\n|switch|p2a: Urshifu|Urshifu, M|100\/100\n|turn|1\n|\n|t:|1700322602\n|move|p1a: Maushold|Population Bomb|p2a: Urshifu\n|-damage|p2a: Urshifu|89\/100\n|-damage|p2a: Urshifu|77\/100\n|-damage|p2a: Urshifu|65\/100\n|-damage|p2a: Urshifu|54\/100\n|-damage|p2a: Urshifu|43\/100\n|-crit|p2a: Urshifu\n|-damage|p2a: Urshifu|25\/100\n|-damage|p2a: Urshifu|14\/100\n|-damage|p2a: Urshifu|3\/100\n|-damage|p2a: Urshifu|0 fnt\n|faint|p2a: Urshifu\n|-hitcount|p2: Urshifu|9\n|\n|upkeep\n|\n|t:|1700322617\n|switch|p2a: Annihilape|Annihilape, M|100\/100\n|turn|2\n|\n|t:|1700322621\n|move|p1a: Maushold|Population Bomb|p2a: Annihilape\n|-immune|p2a: Annihilape\n|move|p2a: Annihilape|Bulk Up|p2a: Annihilape\n|-boost|p2a: Annihilape|atk|1\n|-boost|p2a: Annihilape|def|1\n|\n|upkeep\n|turn|3\n|\n|t:|1700322627\n|move|p1a: Maushold|Bite|p2a: Annihilape\n|-crit|p2a: Annihilape\n|-damage|p2a: Annihilape|69\/100\n|cant|p2a: Annihilape|flinch\n|\n|-heal|p2a: Annihilape|75\/100|[from] item: Leftovers\n|upkeep\n|turn|4\n|\n|t:|1700322633\n|move|p1a: Maushold|Bite|p2a: Annihilape\n|-damage|p2a: Annihilape|62\/100\n|move|p2a: Annihilape|Bulk Up|p2a: Annihilape\n|-boost|p2a: Annihilape|atk|1\n|-boost|p2a: Annihilape|def|1\n|\n|-heal|p2a: Annihilape|68\/100|[from] item: Leftovers\n|upkeep\n|turn|5\n|\n|t:|1700322642\n|move|p1a: Maushold|Bite|p2a: Annihilape\n|-damage|p2a: Annihilape|57\/100\n|cant|p2a: Annihilape|flinch\n|\n|-heal|p2a: Annihilape|63\/100|[from] item: Leftovers\n|upkeep\n|turn|6\n|inactive|Battle timer is ON: inactive players will automatically lose when time's up. (requested by leftovers123456)\n|\n|t:|1700322654\n|move|p1a: Maushold|Bite|p2a: Annihilape\n|-damage|p2a: Annihilape|52\/100\n|cant|p2a: Annihilape|flinch\n|\n|-heal|p2a: Annihilape|59\/100|[from] item: Leftovers\n|upkeep\n|turn|7\n|\n|t:|1700322660\n|move|p1a: Maushold|Bite|p2a: Annihilape\n|-damage|p2a: Annihilape|47\/100\n|cant|p2a: Annihilape|flinch\n|\n|-heal|p2a: Annihilape|53\/100|[from] item: Leftovers\n|upkeep\n|turn|8\n|\n|t:|1700322666\n|move|p1a: Maushold|Bite|p2a: Annihilape\n|-damage|p2a: Annihilape|42\/100\n|cant|p2a: Annihilape|flinch\n|\n|-heal|p2a: Annihilape|48\/100|[from] item: Leftovers\n|upkeep\n|turn|9\n|\n|t:|1700322672\n|move|p1a: Maushold|Bite|p2a: Annihilape\n|-damage|p2a: Annihilape|37\/100\n|cant|p2a: Annihilape|flinch\n|\n|-heal|p2a: Annihilape|43\/100|[from] item: Leftovers\n|upkeep\n|turn|10\n|c|\u2606PlasmaPrototype|40% chance\n|\n|t:|1700322691\n|move|p1a: Maushold|Bite|p2a: Annihilape\n|-damage|p2a: Annihilape|33\/100\n|cant|p2a: Annihilape|flinch\n|\n|-heal|p2a: Annihilape|39\/100|[from] item: Leftovers\n|upkeep\n|turn|11\n|\n|t:|1700322698\n|move|p1a: Maushold|Bite|p2a: Annihilape\n|-damage|p2a: Annihilape|29\/100\n|move|p2a: Annihilape|Drain Punch|p1a: Maushold\n|-supereffective|p1a: Maushold\n|-damage|p1a: Maushold|0 fnt\n|-heal|p2a: Annihilape|63\/100|[from] drain|[of] p1a: Maushold\n|faint|p1a: Maushold\n|\n|-heal|p2a: Annihilape|69\/100|[from] item: Leftovers\n|upkeep\n|\n|t:|1700322703\n|switch|p1a: Maushold|Maushold-Four, shiny|100\/100\n|turn|12\n|\n|t:|1700322711\n|-terastallize|p1a: Maushold|Ghost\n|move|p1a: Maushold|Bite|p2a: Annihilape\n|-damage|p2a: Annihilape|58\/100\n|move|p2a: Annihilape|Drain Punch|p1a: Maushold\n|-immune|p1a: Maushold\n|\n|-heal|p2a: Annihilape|64\/100|[from] item: Leftovers\n|upkeep\n|turn|13\n|\n|t:|1700322721\n|move|p1a: Maushold|Bite|p2a: Annihilape\n|-damage|p2a: Annihilape|53\/100\n|move|p2a: Annihilape|Rage Fist|p1a: Maushold\n|-supereffective|p1a: Maushold\n|-damage|p1a: Maushold|0 fnt\n|faint|p1a: Maushold\n|\n|-heal|p2a: Annihilape|59\/100|[from] item: Leftovers\n|upkeep\n|\n|t:|1700322726\n|switch|p1a: Maushold|Maushold-Four, shiny|100\/100\n|turn|14\n|\n|t:|1700322731\n|move|p1a: Maushold|Bite|p2a: Annihilape\n|-damage|p2a: Annihilape|48\/100\n|move|p2a: Annihilape|Drain Punch|p1a: Maushold\n|-supereffective|p1a: Maushold\n|-damage|p1a: Maushold|0 fnt\n|-heal|p2a: Annihilape|82\/100|[from] drain|[of] p1a: Maushold\n|faint|p1a: Maushold\n|\n|-heal|p2a: Annihilape|88\/100|[from] item: Leftovers\n|upkeep\n|\n|t:|1700322735\n|switch|p1a: Maushold|Maushold-Four, shiny|100\/100\n|turn|15\n|\n|t:|1700322741\n|move|p1a: Maushold|Bite|p2a: Annihilape\n|-damage|p2a: Annihilape|78\/100\n|move|p2a: Annihilape|Drain Punch|p1a: Maushold\n|-supereffective|p1a: Maushold\n|-damage|p1a: Maushold|0 fnt\n|-heal|p2a: Annihilape|100\/100|[from] drain|[of] p1a: Maushold\n|faint|p1a: Maushold\n|\n|upkeep\n|\n|t:|1700322745\n|switch|p1a: Maushold|Maushold-Four, shiny|100\/100\n|turn|16\n|\n|t:|1700322750\n|move|p1a: Maushold|Population Bomb|p2a: Annihilape\n|-immune|p2a: Annihilape\n|move|p2a: Annihilape|Drain Punch|p1a: Maushold\n|-supereffective|p1a: Maushold\n|-damage|p1a: Maushold|0 fnt\n|faint|p1a: Maushold\n|\n|upkeep\n|\n|t:|1700322758\n|switch|p1a: Maushold|Maushold-Four, shiny|100\/100\n|turn|17\n|\n|t:|1700322766\n|move|p1a: Maushold|Population Bomb|p2a: Annihilape\n|-immune|p2a: Annihilape\n|move|p2a: Annihilape|Drain Punch|p1a: Maushold\n|-supereffective|p1a: Maushold\n|-crit|p1a: Maushold\n|-damage|p1a: Maushold|0 fnt\n|faint|p1a: Maushold\n|\n|win|leftovers123456\n|raw|PlasmaPrototype's rating: 1176 &rarr; <strong>1162<\/strong><br \/>(-14 for losing)\n|raw|leftovers123456's rating: 1346 &rarr; <strong>1357<\/strong><br \/>(+11 for winning)\n|l|\u2606leftovers123456\n","uploadtime":1700322780,"views":3,"p1id":"plasmaprototype","p2id":"leftovers123456","formatid":"gen9anythinggoes","rating":1162,"private":0,"password":""}