{"id":"gen9anythinggoes-1973526688","p1":"Banned4SHINWA!!!","p2":"microsincro","format":"[Gen 9] Anything Goes","log":"|j|\u2606Banned4SHINWA!!!\n|j|\u2606microsincro\n|t:|1697987277\n|gametype|singles\n|player|p1|Banned4SHINWA!!!|102|\n|player|p2|microsincro|furisodegirl-black|\n|teamsize|p1|6\n|teamsize|p2|6\n|gen|9\n|tier|[Gen 9] Anything Goes\n|rule|HP Percentage Mod: HP is shown in percentages\n|rule|Endless Battle Clause: Forcing endless battles is banned\n|clearpoke\n|poke|p1|Iron Valiant|\n|poke|p1|Palafin, M|\n|poke|p1|Glimmora, F|\n|poke|p1|Gholdengo|\n|poke|p1|Espathra, F|\n|poke|p1|Chi-Yu|\n|poke|p2|Zacian-*|\n|poke|p2|Regieleki|\n|poke|p2|Zacian-*|\n|poke|p2|Zacian-*|\n|poke|p2|Zacian-*|\n|poke|p2|Zacian-*|\n|teampreview\n|\n|t:|1697987287\n|start\n|switch|p1a: rae butt senior|Espathra, F|100\/100\n|switch|p2a: Regieleki|Regieleki|100\/100\n|turn|1\n|\n|t:|1697987295\n|-terastallize|p2a: Regieleki|Electric\n|move|p1a: rae butt senior|Protect|p1a: rae butt senior\n|-singleturn|p1a: rae butt senior|Protect\n|move|p2a: Regieleki|Thunderbolt|p1a: rae butt senior\n|-activate|p1a: rae butt senior|move: Protect\n|\n|-ability|p1a: rae butt senior|Speed Boost|boost\n|-boost|p1a: rae butt senior|spe|1\n|upkeep\n|turn|2\n|\n|t:|1697987310\n|-terastallize|p1a: rae butt senior|Dragon\n|move|p1a: rae butt senior|Substitute|p1a: rae butt senior\n|-start|p1a: rae butt senior|Substitute\n|-damage|p1a: rae butt senior|75\/100\n|move|p2a: Regieleki|Thunderbolt|p1a: rae butt senior\n|-resisted|p1a: rae butt senior\n|-end|p1a: rae butt senior|Substitute\n|\n|-heal|p1a: rae butt senior|82\/100|[from] item: Leftovers\n|-ability|p1a: rae butt senior|Speed Boost|boost\n|-boost|p1a: rae butt senior|spe|1\n|upkeep\n|turn|3\n|\n|t:|1697987321\n|switch|p2a: Zacian|Zacian-Crowned|100\/100\n|-ability|p2a: Zacian|Intrepid Sword|boost\n|-boost|p2a: Zacian|atk|1\n|move|p1a: rae butt senior|Protect||[still]\n|-fail|p1a: rae butt senior\n|\n|-heal|p1a: rae butt senior|88\/100|[from] item: Leftovers\n|-ability|p1a: rae butt senior|Speed Boost|boost\n|-boost|p1a: rae butt senior|spe|1\n|upkeep\n|turn|4\n|\n|t:|1697987333\n|move|p1a: rae butt senior|Substitute|p1a: rae butt senior\n|-start|p1a: rae butt senior|Substitute\n|-damage|p1a: rae butt senior|63\/100\n|move|p2a: Zacian|Play Rough|p1a: rae butt senior\n|-supereffective|p1a: rae butt senior\n|-end|p1a: rae butt senior|Substitute\n|\n|-heal|p1a: rae butt senior|69\/100|[from] item: Leftovers\n|-ability|p1a: rae butt senior|Speed Boost|boost\n|-boost|p1a: rae butt senior|spe|1\n|upkeep\n|turn|5\n|\n|t:|1697987342\n|move|p1a: rae butt senior|Protect|p1a: rae butt senior\n|-singleturn|p1a: rae butt senior|Protect\n|move|p2a: Zacian|Play Rough|p1a: rae butt senior\n|-activate|p1a: rae butt senior|move: Protect\n|\n|-heal|p1a: rae butt senior|75\/100|[from] item: Leftovers\n|-ability|p1a: rae butt senior|Speed Boost|boost\n|-boost|p1a: rae butt senior|spe|1\n|upkeep\n|turn|6\n|\n|t:|1697987352\n|move|p1a: rae butt senior|Baton Pass|p1a: rae butt senior\n|\n|t:|1697987357\n|switch|p1a: micro in the womb|Gholdengo, shiny|100\/100|[from] Baton Pass\n|move|p2a: Zacian|Play Rough|p1a: micro in the womb\n|-resisted|p1a: micro in the womb\n|-damage|p1a: micro in the womb|55\/100\n|\n|-heal|p1a: micro in the womb|61\/100|[from] item: Leftovers\n|upkeep\n|turn|7\n|\n|t:|1697987367\n|move|p1a: micro in the womb|Make It Rain|p2a: Zacian\n|-damage|p2a: Zacian|37\/100\n|-unboost|p1a: micro in the womb|spa|1\n|move|p2a: Zacian|Behemoth Blade|p1a: micro in the womb\n|-resisted|p1a: micro in the womb\n|-damage|p1a: micro in the womb|8\/100\n|\n|-heal|p1a: micro in the womb|14\/100|[from] item: Leftovers\n|upkeep\n|turn|8\n|\n|t:|1697987378\n|move|p1a: micro in the womb|Make It Rain|p2a: Zacian\n|-damage|p2a: Zacian|0 fnt\n|-unboost|p1a: micro in the womb|spa|1\n|faint|p2a: Zacian\n|\n|-heal|p1a: micro in the womb|20\/100|[from] item: Leftovers\n|upkeep\n|\n|t:|1697987382\n|switch|p2a: Zacian|Zacian-Crowned|100\/100\n|-ability|p2a: Zacian|Intrepid Sword|boost\n|-boost|p2a: Zacian|atk|1\n|turn|9\n|\n|t:|1697987389\n|move|p1a: micro in the womb|Recover|p1a: micro in the womb\n|-heal|p1a: micro in the womb|70\/100\n|move|p2a: Zacian|Behemoth Blade|p1a: micro in the womb\n|-resisted|p1a: micro in the womb\n|-damage|p1a: micro in the womb|20\/100\n|\n|-heal|p1a: micro in the womb|27\/100|[from] item: Leftovers\n|upkeep\n|turn|10\n|\n|t:|1697987401\n|move|p1a: micro in the womb|Make It Rain|p2a: Zacian\n|-damage|p2a: Zacian|73\/100\n|-unboost|p1a: micro in the womb|spa|1\n|move|p2a: Zacian|Behemoth Blade|p1a: micro in the womb\n|-resisted|p1a: micro in the womb\n|-damage|p1a: micro in the womb|0 fnt\n|faint|p1a: micro in the womb\n|\n|upkeep\n|\n|t:|1697987411\n|switch|p1a: banned4lifez|Palafin, M|100\/100\n|turn|11\n|\n|t:|1697987420\n|switch|p2a: Regieleki|Regieleki, tera:Electric|100\/100\n|detailschange|p1a: banned4lifez|Palafin-Hero, M\n|switch|p1a: CHIYU!!!!|Chi-Yu|100\/100\n|-ability|p1a: CHIYU!!!!|Beads of Ruin\n|\n|upkeep\n|turn|12\n|\n|t:|1697987430\n|move|p2a: Regieleki|Thunderbolt|p1a: CHIYU!!!!\n|-damage|p1a: CHIYU!!!!|0 fnt\n|faint|p1a: CHIYU!!!!\n|\n|upkeep\n|\n|t:|1697987435\n|switch|p1a: rae butt senior|Espathra, F, tera:Dragon|75\/100\n|turn|13\n|\n|t:|1697987439\n|move|p1a: rae butt senior|Protect|p1a: rae butt senior\n|-singleturn|p1a: rae butt senior|Protect\n|move|p2a: Regieleki|Thunderbolt|p1a: rae butt senior\n|-activate|p1a: rae butt senior|move: Protect\n|\n|-heal|p1a: rae butt senior|81\/100|[from] item: Leftovers\n|-ability|p1a: rae butt senior|Speed Boost|boost\n|-boost|p1a: rae butt senior|spe|1\n|upkeep\n|turn|14\n|\n|t:|1697987447\n|switch|p2a: Zacian|Zacian-Crowned|73\/100\n|move|p1a: rae butt senior|Substitute|p1a: rae butt senior\n|-start|p1a: rae butt senior|Substitute\n|-damage|p1a: rae butt senior|56\/100\n|\n|-heal|p1a: rae butt senior|62\/100|[from] item: Leftovers\n|-ability|p1a: rae butt senior|Speed Boost|boost\n|-boost|p1a: rae butt senior|spe|1\n|upkeep\n|turn|15\n|\n|t:|1697987463\n|move|p1a: rae butt senior|Calm Mind|p1a: rae butt senior\n|-boost|p1a: rae butt senior|spa|1\n|-boost|p1a: rae butt senior|spd|1\n|move|p2a: Zacian|Play Rough|p1a: rae butt senior\n|-supereffective|p1a: rae butt senior\n|-end|p1a: rae butt senior|Substitute\n|\n|-heal|p1a: rae butt senior|68\/100|[from] item: Leftovers\n|-ability|p1a: rae butt senior|Speed Boost|boost\n|-boost|p1a: rae butt senior|spe|1\n|upkeep\n|turn|16\n|\n|t:|1697987473\n|move|p1a: rae butt senior|Protect|p1a: rae butt senior\n|-singleturn|p1a: rae butt senior|Protect\n|move|p2a: Zacian|Play Rough|p1a: rae butt senior\n|-activate|p1a: rae butt senior|move: Protect\n|\n|-heal|p1a: rae butt senior|74\/100|[from] item: Leftovers\n|-ability|p1a: rae butt senior|Speed Boost|boost\n|-boost|p1a: rae butt senior|spe|1\n|upkeep\n|turn|17\n|\n|t:|1697987481\n|move|p1a: rae butt senior|Substitute|p1a: rae butt senior\n|-start|p1a: rae butt senior|Substitute\n|-damage|p1a: rae butt senior|49\/100\n|move|p2a: Zacian|Play Rough|p1a: rae butt senior\n|-supereffective|p1a: rae butt senior\n|-end|p1a: rae butt senior|Substitute\n|\n|-heal|p1a: rae butt senior|55\/100|[from] item: Leftovers\n|-ability|p1a: rae butt senior|Speed Boost|boost\n|-boost|p1a: rae butt senior|spe|1\n|upkeep\n|turn|18\n|j| Tobiski\n|\n|t:|1697987491\n|move|p1a: rae butt senior|Protect|p1a: rae butt senior\n|-singleturn|p1a: rae butt senior|Protect\n|move|p2a: Zacian|Play Rough|p1a: rae butt senior\n|-activate|p1a: rae butt senior|move: Protect\n|\n|-heal|p1a: rae butt senior|61\/100|[from] item: Leftovers\n|-ability|p1a: rae butt senior|Speed Boost|boost\n|-boost|p1a: rae butt senior|spe|1\n|upkeep\n|turn|19\n|\n|t:|1697987501\n|move|p1a: rae butt senior|Baton Pass|p1a: rae butt senior\n|\n|t:|1697987503\n|switch|p1a: banned4lifez|Palafin-Hero, M|100\/100|[from] Baton Pass\n|-activate|p1a: banned4lifez|ability: Zero to Hero\n|move|p2a: Zacian|Close Combat|p1a: banned4lifez\n|-damage|p1a: banned4lifez|57\/100\n|-unboost|p2a: Zacian|def|1\n|-unboost|p2a: Zacian|spd|1\n|\n|upkeep\n|turn|20\n|\n|t:|1697987516\n|move|p1a: banned4lifez|Jet Punch|p2a: Zacian\n|-damage|p2a: Zacian|12\/100\n|move|p2a: Zacian|Play Rough|p1a: banned4lifez\n|-damage|p1a: banned4lifez|5\/100\n|\n|upkeep\n|turn|21\n|\n|t:|1697987523\n|move|p1a: banned4lifez|Drain Punch|p2a: Zacian\n|-damage|p2a: Zacian|0 fnt\n|-heal|p1a: banned4lifez|10\/100|[from] drain|[of] p2a: Zacian\n|faint|p2a: Zacian\n|\n|upkeep\n|\n|t:|1697987526\n|switch|p2a: Zacian|Zacian-Crowned|100\/100\n|-ability|p2a: Zacian|Intrepid Sword|boost\n|-boost|p2a: Zacian|atk|1\n|turn|22\n|\n|t:|1697987531\n|move|p1a: banned4lifez|Drain Punch|p2a: Zacian\n|-damage|p2a: Zacian|68\/100\n|-heal|p1a: banned4lifez|26\/100|[from] drain|[of] p2a: Zacian\n|move|p2a: Zacian|Close Combat|p1a: banned4lifez\n|-damage|p1a: banned4lifez|0 fnt\n|-unboost|p2a: Zacian|def|1\n|-unboost|p2a: Zacian|spd|1\n|faint|p1a: banned4lifez\n|\n|upkeep\n|\n|t:|1697987541\n|switch|p1a: rae butt senior|Espathra, F, tera:Dragon|61\/100\n|turn|23\n|\n|t:|1697987544\n|move|p1a: rae butt senior|Protect|p1a: rae butt senior\n|-singleturn|p1a: rae butt senior|Protect\n|move|p2a: Zacian|Play Rough|p1a: rae butt senior\n|-activate|p1a: rae butt senior|move: Protect\n|\n|-heal|p1a: rae butt senior|67\/100|[from] item: Leftovers\n|-ability|p1a: rae butt senior|Speed Boost|boost\n|-boost|p1a: rae butt senior|spe|1\n|upkeep\n|turn|24\n|\n|t:|1697987554\n|move|p1a: rae butt senior|Substitute|p1a: rae butt senior\n|-start|p1a: rae butt senior|Substitute\n|-damage|p1a: rae butt senior|42\/100\n|move|p2a: Zacian|Play Rough|p1a: rae butt senior\n|-supereffective|p1a: rae butt senior\n|-end|p1a: rae butt senior|Substitute\n|\n|-heal|p1a: rae butt senior|48\/100|[from] item: Leftovers\n|-ability|p1a: rae butt senior|Speed Boost|boost\n|-boost|p1a: rae butt senior|spe|1\n|upkeep\n|turn|25\n|\n|t:|1697987563\n|move|p1a: rae butt senior|Protect|p1a: rae butt senior\n|-singleturn|p1a: rae butt senior|Protect\n|move|p2a: Zacian|Play Rough|p1a: rae butt senior\n|-activate|p1a: rae butt senior|move: Protect\n|\n|-heal|p1a: rae butt senior|54\/100|[from] item: Leftovers\n|-ability|p1a: rae butt senior|Speed Boost|boost\n|-boost|p1a: rae butt senior|spe|1\n|upkeep\n|turn|26\n|\n|t:|1697987573\n|move|p1a: rae butt senior|Substitute|p1a: rae butt senior\n|-start|p1a: rae butt senior|Substitute\n|-damage|p1a: rae butt senior|29\/100\n|move|p2a: Zacian|Play Rough|p1a: rae butt senior\n|-supereffective|p1a: rae butt senior\n|-end|p1a: rae butt senior|Substitute\n|\n|-heal|p1a: rae butt senior|35\/100|[from] item: Leftovers\n|-ability|p1a: rae butt senior|Speed Boost|boost\n|-boost|p1a: rae butt senior|spe|1\n|upkeep\n|turn|27\n|c|\u2606Banned4SHINWA!!!|I'd win.\n|\n|t:|1697987583\n|move|p1a: rae butt senior|Protect|p1a: rae butt senior\n|-singleturn|p1a: rae butt senior|Protect\n|move|p2a: Zacian|Play Rough|p1a: rae butt senior\n|-activate|p1a: rae butt senior|move: Protect\n|\n|-heal|p1a: rae butt senior|41\/100|[from] item: Leftovers\n|-ability|p1a: rae butt senior|Speed Boost|boost\n|-boost|p1a: rae butt senior|spe|1\n|upkeep\n|turn|28\n|\n|t:|1697987592\n|move|p1a: rae butt senior|Substitute|p1a: rae butt senior\n|-start|p1a: rae butt senior|Substitute\n|-damage|p1a: rae butt senior|16\/100\n|move|p2a: Zacian|Play Rough|p1a: rae butt senior\n|-supereffective|p1a: rae butt senior\n|-end|p1a: rae butt senior|Substitute\n|\n|-heal|p1a: rae butt senior|22\/100|[from] item: Leftovers\n|-ability|p1a: rae butt senior|Speed Boost|boost\n|-boost|p1a: rae butt senior|spe|1\n|upkeep\n|turn|29\n|\n|t:|1697987601\n|move|p1a: rae butt senior|Protect|p1a: rae butt senior\n|-singleturn|p1a: rae butt senior|Protect\n|move|p2a: Zacian|Play Rough|p1a: rae butt senior\n|-activate|p1a: rae butt senior|move: Protect\n|\n|-heal|p1a: rae butt senior|28\/100|[from] item: Leftovers\n|upkeep\n|turn|30\n|\n|t:|1697987609\n|move|p1a: rae butt senior|Baton Pass|p1a: rae butt senior\n|\n|t:|1697987611\n|switch|p1a: mason|Iron Valiant|100\/100|[from] Baton Pass\n|move|p2a: Zacian|Play Rough|p1a: mason\n|-supereffective|p1a: mason\n|-damage|p1a: mason|0 fnt\n|faint|p1a: mason\n|-end|p1a: mason|Quark Drive|[silent]\n|\n|upkeep\n|\n|t:|1697987623\n|switch|p1a: rae butt senior|Espathra, F, tera:Dragon|28\/100\n|turn|31\n|\n|t:|1697987628\n|move|p1a: rae butt senior|Protect|p1a: rae butt senior\n|-singleturn|p1a: rae butt senior|Protect\n|move|p2a: Zacian|Play Rough|p1a: rae butt senior\n|-activate|p1a: rae butt senior|move: Protect\n|\n|-heal|p1a: rae butt senior|34\/100|[from] item: Leftovers\n|-ability|p1a: rae butt senior|Speed Boost|boost\n|-boost|p1a: rae butt senior|spe|1\n|upkeep\n|turn|32\n|\n|t:|1697987638\n|move|p1a: rae butt senior|Substitute|p1a: rae butt senior\n|-start|p1a: rae butt senior|Substitute\n|-damage|p1a: rae butt senior|9\/100\n|move|p2a: Zacian|Play Rough|p1a: rae butt senior|[miss]\n|-miss|p2a: Zacian|p1a: rae butt senior\n|\n|-heal|p1a: rae butt senior|15\/100|[from] item: Leftovers\n|-ability|p1a: rae butt senior|Speed Boost|boost\n|-boost|p1a: rae butt senior|spe|1\n|upkeep\n|turn|33\n|\n|t:|1697987649\n|move|p1a: rae butt senior|Calm Mind|p1a: rae butt senior\n|-boost|p1a: rae butt senior|spa|1\n|-boost|p1a: rae butt senior|spd|1\n|move|p2a: Zacian|Behemoth Blade|p1a: rae butt senior\n|-end|p1a: rae butt senior|Substitute\n|\n|-heal|p1a: rae butt senior|21\/100|[from] item: Leftovers\n|-ability|p1a: rae butt senior|Speed Boost|boost\n|-boost|p1a: rae butt senior|spe|1\n|upkeep\n|turn|34\n|\n|t:|1697987659\n|move|p1a: rae butt senior|Protect|p1a: rae butt senior\n|-singleturn|p1a: rae butt senior|Protect\n|move|p2a: Zacian|Behemoth Blade|p1a: rae butt senior\n|-activate|p1a: rae butt senior|move: Protect\n|\n|-heal|p1a: rae butt senior|27\/100|[from] item: Leftovers\n|-ability|p1a: rae butt senior|Speed Boost|boost\n|-boost|p1a: rae butt senior|spe|1\n|upkeep\n|turn|35\n|\n|t:|1697987668\n|move|p1a: rae butt senior|Substitute|p1a: rae butt senior\n|-start|p1a: rae butt senior|Substitute\n|-damage|p1a: rae butt senior|2\/100\n|move|p2a: Zacian|Play Rough|p1a: rae butt senior\n|-supereffective|p1a: rae butt senior\n|-end|p1a: rae butt senior|Substitute\n|\n|-heal|p1a: rae butt senior|8\/100|[from] item: Leftovers\n|-ability|p1a: rae butt senior|Speed Boost|boost\n|-boost|p1a: rae butt senior|spe|1\n|upkeep\n|turn|36\n|\n|t:|1697987678\n|move|p1a: rae butt senior|Protect|p1a: rae butt senior\n|-singleturn|p1a: rae butt senior|Protect\n|move|p2a: Zacian|Behemoth Blade|p1a: rae butt senior\n|-activate|p1a: rae butt senior|move: Protect\n|\n|-heal|p1a: rae butt senior|14\/100|[from] item: Leftovers\n|-ability|p1a: rae butt senior|Speed Boost|boost\n|-boost|p1a: rae butt senior|spe|1\n|upkeep\n|turn|37\n|\n|t:|1697987688\n|move|p1a: rae butt senior|Baton Pass|p1a: rae butt senior\n|\n|t:|1697987690\n|switch|p1a: rose toy|Glimmora, F|100\/100|[from] Baton Pass\n|move|p2a: Zacian|Close Combat|p1a: rose toy\n|-damage|p1a: rose toy|35\/100\n|-unboost|p2a: Zacian|def|1\n|-unboost|p2a: Zacian|spd|1\n|-activate|p1a: rose toy|ability: Toxic Debris\n|-sidestart|p2: microsincro|move: Toxic Spikes\n|\n|upkeep\n|turn|38\n|\n|t:|1697987701\n|move|p1a: rose toy|Earth Power|p2a: Zacian\n|-supereffective|p2a: Zacian\n|-damage|p2a: Zacian|0 fnt\n|faint|p2a: Zacian\n|\n|upkeep\n|\n|t:|1697987704\n|switch|p2a: Zacian|Zacian-Crowned|100\/100\n|-ability|p2a: Zacian|Intrepid Sword|boost\n|-boost|p2a: Zacian|atk|1\n|turn|39\n|\n|t:|1697987708\n|move|p1a: rose toy|Earth Power|p2a: Zacian\n|-supereffective|p2a: Zacian\n|-damage|p2a: Zacian|25\/100\n|move|p2a: Zacian|Behemoth Blade|p1a: rose toy\n|-supereffective|p1a: rose toy\n|-damage|p1a: rose toy|0 fnt\n|-activate|p1a: rose toy|ability: Toxic Debris\n|-sidestart|p2: microsincro|move: Toxic Spikes\n|faint|p1a: rose toy\n|\n|upkeep\n|\n|t:|1697987718\n|switch|p1a: rae butt senior|Espathra, F, tera:Dragon|14\/100\n|turn|40\n|\n|t:|1697987720\n|move|p1a: rae butt senior|Protect|p1a: rae butt senior\n|-singleturn|p1a: rae butt senior|Protect\n|move|p2a: Zacian|Play Rough|p1a: rae butt senior\n|-activate|p1a: rae butt senior|move: Protect\n|\n|-heal|p1a: rae butt senior|20\/100|[from] item: Leftovers\n|-ability|p1a: rae butt senior|Speed Boost|boost\n|-boost|p1a: rae butt senior|spe|1\n|upkeep\n|turn|41\n|\n|t:|1697987741\n|move|p1a: rae butt senior|Protect||[still]\n|-fail|p1a: rae butt senior\n|move|p2a: Zacian|Play Rough|p1a: rae butt senior\n|-supereffective|p1a: rae butt senior\n|-damage|p1a: rae butt senior|0 fnt\n|faint|p1a: rae butt senior\n|\n|win|microsincro\n","uploadtime":1697987746,"views":8,"p1id":"banned4shinwa","p2id":"microsincro","formatid":"gen9anythinggoes","rating":0,"private":0,"password":""}