{"id":"gen9anythinggoes-1983631578","p1":"bailongzhenshuai","p2":"BloomingFlowerSea","format":"[Gen 9] Anything Goes","log":"|j|\u2606bailongzhenshuai\n|j|\u2606BloomingFlowerSea\n|t:|1699151661\n|gametype|singles\n|player|p1|bailongzhenshuai|roxie|1741\n|player|p2|BloomingFlowerSea|lillie-masters|1811\n|teamsize|p1|6\n|teamsize|p2|6\n|gen|9\n|tier|[Gen 9] Anything Goes\n|rated|\n|rule|HP Percentage Mod: HP is shown in percentages\n|rule|Endless Battle Clause: Forcing endless battles is banned\n|clearpoke\n|poke|p1|Calyrex-Shadow|\n|poke|p1|Wo-Chien|\n|poke|p1|Kyogre|\n|poke|p1|Zacian-*|\n|poke|p1|Arceus-Fairy|\n|poke|p1|Koraidon|\n|poke|p2|Zacian-*|\n|poke|p2|Ogerpon-Hearthflame, F|\n|poke|p2|Koraidon|\n|poke|p2|Koraidon|\n|poke|p2|Leavanny, F|\n|poke|p2|Arceus-Ground|\n|teampreview\n|inactive|Battle timer is ON: inactive players will automatically lose when time's up. (requested by bailongzhenshuai)\n|c|\u2606BloomingFlowerSea|\u6211\u597d\n|c|\u2606bailongzhenshuai|\uff1f\n|c|\u2606bailongzhenshuai|\u4f60\u597d\n|inactive|BloomingFlowerSea has 120 seconds left.\n|c|\u2606BloomingFlowerSea|\u731c\u731c\u6211\u662f\u8c01\n|c|\u2606bailongzhenshuai|\u4f60\u662f\n|c|\u2606bailongzhenshuai|\u82b1\n|c|\u2606bailongzhenshuai|\u8fd8\u662f\n|c|\u2606BloomingFlowerSea|yes\n|inactive|BloomingFlowerSea has 90 seconds left.\n|\n|t:|1699151722\n|start\n|switch|p1a: Arceus|Arceus-Fairy|100\/100\n|switch|p2a: Koraidon|Koraidon|100\/100\n|-weather|SunnyDay|[from] ability: Orichalcum Pulse|[of] p2a: Koraidon\n|-activate|p2a: Koraidon|Orichalcum Pulse|[source]\n|turn|1\n|\n|t:|1699151729\n|move|p2a: Koraidon|U-turn|p1a: Arceus\n|-resisted|p1a: Arceus\n|-damage|p1a: Arceus|89\/100\n|\n|t:|1699151738\n|switch|p2a: Leavanny|Leavanny, F|100\/100|[from] U-turn\n|move|p1a: Arceus|Thunder Wave|p2a: Leavanny\n|-status|p2a: Leavanny|par\n|\n|-weather|SunnyDay|[upkeep]\n|upkeep\n|turn|2\n|\n|t:|1699151742\n|move|p1a: Arceus|Taunt|p2a: Leavanny\n|-start|p2a: Leavanny|move: Taunt\n|cant|p2a: Leavanny|move: Taunt|Sticky Web\n|\n|-weather|SunnyDay|[upkeep]\n|upkeep\n|turn|3\n|\n|t:|1699151747\n|switch|p2a: Arceus|Arceus-Ground|100\/100\n|move|p1a: Arceus|Stealth Rock|p2a: Arceus\n|-sidestart|p2: BloomingFlowerSea|move: Stealth Rock\n|\n|-weather|SunnyDay|[upkeep]\n|upkeep\n|turn|4\n|\n|t:|1699151750\n|move|p2a: Arceus|Taunt|p1a: Arceus\n|-start|p1a: Arceus|move: Taunt\n|cant|p1a: Arceus|move: Taunt|Taunt\n|\n|-weather|SunnyDay|[upkeep]\n|upkeep\n|turn|5\n|\n|t:|1699151752\n|move|p1a: Arceus|Judgment|p2a: Arceus\n|-damage|p2a: Arceus|62\/100\n|move|p2a: Arceus|Stealth Rock|p1a: Arceus\n|-sidestart|p1: bailongzhenshuai|move: Stealth Rock\n|\n|-weather|none\n|upkeep\n|turn|6\n|\n|t:|1699151755\n|move|p2a: Arceus|Judgment|p1a: Arceus\n|-damage|p1a: Arceus|50\/100\n|move|p1a: Arceus|Judgment|p2a: Arceus\n|-damage|p2a: Arceus|25\/100\n|\n|-end|p1a: Arceus|move: Taunt\n|upkeep\n|turn|7\n|\n|t:|1699151759\n|move|p1a: Arceus|Judgment|p2a: Arceus\n|-damage|p2a: Arceus|0 fnt\n|faint|p2a: Arceus\n|\n|upkeep\n|\n|t:|1699151764\n|switch|p2a: Koraidon|Koraidon|100\/100\n|-damage|p2a: Koraidon|94\/100|[from] Stealth Rock\n|-weather|SunnyDay|[from] ability: Orichalcum Pulse|[of] p2a: Koraidon\n|-activate|p2a: Koraidon|Orichalcum Pulse|[source]\n|turn|8\n|\n|t:|1699151768\n|move|p2a: Koraidon|Flare Blitz|p1a: Arceus\n|-damage|p1a: Arceus|0 fnt\n|faint|p1a: Arceus\n|-damage|p2a: Koraidon|73\/100|[from] Recoil\n|\n|-weather|SunnyDay|[upkeep]\n|upkeep\n|\n|t:|1699151770\n|switch|p1a: Kyogre|Kyogre|100\/100\n|-damage|p1a: Kyogre|88\/100|[from] Stealth Rock\n|-weather|RainDance|[from] ability: Drizzle|[of] p1a: Kyogre\n|turn|9\n|\n|t:|1699151776\n|move|p2a: Koraidon|Close Combat|p1a: Kyogre\n|-damage|p1a: Kyogre|41\/100\n|-unboost|p2a: Koraidon|def|1\n|-unboost|p2a: Koraidon|spd|1\n|move|p1a: Kyogre|Ice Beam|p2a: Koraidon\n|-supereffective|p2a: Koraidon\n|-damage|p2a: Koraidon|0 fnt\n|faint|p2a: Koraidon\n|\n|-weather|RainDance|[upkeep]\n|-heal|p1a: Kyogre|48\/100|[from] item: Leftovers\n|upkeep\n|c|\u2606bailongzhenshuai|\u554a\uff1f\n|\n|t:|1699151789\n|switch|p2a: Ogerpon|Ogerpon-Hearthflame, F|100\/100\n|-damage|p2a: Ogerpon|76\/100|[from] Stealth Rock\n|-ability|p2a: Ogerpon|Mold Breaker\n|turn|10\n|\n|t:|1699151792\n|move|p2a: Ogerpon|Horn Leech|p1a: Kyogre\n|-supereffective|p1a: Kyogre\n|-damage|p1a: Kyogre|0 fnt\n|-heal|p2a: Ogerpon|100\/100|[from] drain|[of] p1a: Kyogre\n|faint|p1a: Kyogre\n|\n|-weather|RainDance|[upkeep]\n|upkeep\n|\n|t:|1699151798\n|switch|p1a: Koraidon|Koraidon|100\/100\n|-damage|p1a: Koraidon|94\/100|[from] Stealth Rock\n|-weather|SunnyDay|[from] ability: Orichalcum Pulse|[of] p1a: Koraidon\n|-activate|p1a: Koraidon|Orichalcum Pulse|[source]\n|turn|11\n|\n|t:|1699151805\n|switch|p2a: Zacian|Zacian|100\/100\n|-damage|p2a: Zacian|88\/100|[from] Stealth Rock\n|-ability|p2a: Zacian|Intrepid Sword|boost\n|-boost|p2a: Zacian|atk|1\n|move|p1a: Koraidon|Close Combat|p2a: Zacian\n|-resisted|p2a: Zacian\n|-damage|p2a: Zacian|51\/100\n|-unboost|p1a: Koraidon|def|1\n|-unboost|p1a: Koraidon|spd|1\n|\n|-weather|SunnyDay|[upkeep]\n|upkeep\n|turn|12\n|\n|t:|1699151809\n|-terastallize|p1a: Koraidon|Fighting\n|move|p1a: Koraidon|Close Combat|p2a: Zacian\n|-resisted|p2a: Zacian\n|-damage|p2a: Zacian|0 fnt\n|-unboost|p1a: Koraidon|def|1\n|-unboost|p1a: Koraidon|spd|1\n|faint|p2a: Zacian\n|\n|-weather|SunnyDay|[upkeep]\n|upkeep\n|c|\u2606bailongzhenshuai|\u6700\u559c\u6b22\u7684\u4e00\u96c6\n|\n|t:|1699151818\n|switch|p2a: Leavanny|Leavanny, F|100\/100 par\n|-damage|p2a: Leavanny|76\/100 par|[from] Stealth Rock\n|turn|13\n|\n|t:|1699151823\n|move|p1a: Koraidon|Close Combat|p2a: Leavanny\n|-resisted|p2a: Leavanny\n|-damage|p2a: Leavanny|0 fnt\n|-unboost|p1a: Koraidon|def|1\n|-unboost|p1a: Koraidon|spd|1\n|faint|p2a: Leavanny\n|\n|-weather|SunnyDay|[upkeep]\n|upkeep\n|\n|t:|1699151827\n|switch|p2a: Koraidon|Koraidon|100\/100\n|-damage|p2a: Koraidon|94\/100|[from] Stealth Rock\n|-activate|p2a: Koraidon|ability: Orichalcum Pulse\n|turn|14\n|\n|t:|1699151831\n|move|p1a: Koraidon|Close Combat|p2a: Koraidon\n|-damage|p2a: Koraidon|0 fnt\n|-unboost|p1a: Koraidon|def|1\n|-unboost|p1a: Koraidon|spd|1\n|faint|p2a: Koraidon\n|\n|-weather|SunnyDay|[upkeep]\n|upkeep\n|c|\u2606bailongzhenshuai|\u597d\n|c|\u2606BloomingFlowerSea|awa\n|c|\u2606bailongzhenshuai|\u529b\u4e86\n|-message|BloomingFlowerSea forfeited.\n|\n|win|bailongzhenshuai\n|raw|bailongzhenshuai's rating: 1741 &rarr; <strong>1765<\/strong><br \/>(+24 for winning)\n|raw|BloomingFlowerSea's rating: 1811 &rarr; <strong>1787<\/strong><br \/>(-24 for losing)\n","uploadtime":1699151845,"views":11,"p1id":"bailongzhenshuai","p2id":"bloomingflowersea","formatid":"gen9anythinggoes","rating":1765,"private":0,"password":""}