{"id":"gen9anythinggoes-1977731132","p1":"Batman Magic","p2":"GigaBytes7","format":"[Gen 9] Anything Goes","log":"|j|\u2606Batman Magic\n|j|\u2606GigaBytes7\n|t:|1698443143\n|gametype|singles\n|player|p1|Batman Magic|lillie-z|1634\n|player|p2|GigaBytes7|elaine|1774\n|teamsize|p1|6\n|teamsize|p2|6\n|gen|9\n|tier|[Gen 9] Anything Goes\n|rated|\n|rule|HP Percentage Mod: HP is shown in percentages\n|rule|Endless Battle Clause: Forcing endless battles is banned\n|clearpoke\n|poke|p1|Arceus|\n|poke|p1|Kyogre|\n|poke|p1|Arceus-Ground|\n|poke|p1|Arceus-Fairy|\n|poke|p1|Giratina|\n|poke|p1|Calyrex-Shadow|\n|poke|p2|Koraidon|\n|poke|p2|Miraidon|\n|poke|p2|Ting-Lu|\n|poke|p2|Calyrex-Shadow|\n|poke|p2|Arceus|\n|poke|p2|Arceus-Water|\n|teampreview\n|inactive|Battle timer is ON: inactive players will automatically lose when time's up. (requested by GigaBytes7)\n|inactive|Batman Magic has 120 seconds left.\n|inactive|GigaBytes7 has 120 seconds left.\n|inactive|GigaBytes7 has 90 seconds left.\n|\n|t:|1698443213\n|start\n|switch|p1a: Arceus|Arceus-Fairy|100\/100\n|switch|p2a: Miraidon|Miraidon|100\/100\n|-fieldstart|move: Electric Terrain|[from] ability: Hadron Engine|[of] p2a: Miraidon\n|turn|1\n|c|\u2606GigaBytes7|oops sry\n|inactive|Batman Magic has 120 seconds left.\n|inactive|Batman Magic has 90 seconds left.\n|\n|t:|1698443285\n|move|p2a: Miraidon|Calm Mind|p2a: Miraidon\n|-boost|p2a: Miraidon|spa|1\n|-boost|p2a: Miraidon|spd|1\n|move|p1a: Arceus|Judgment|p2a: Miraidon\n|-supereffective|p2a: Miraidon\n|-damage|p2a: Miraidon|42\/100\n|\n|upkeep\n|turn|2\n|\n|t:|1698443292\n|move|p2a: Miraidon|Parabolic Charge|p1a: Arceus\n|-damage|p1a: Arceus|44\/100\n|-heal|p2a: Miraidon|79\/100|[from] drain|[of] p1a: Arceus\n|-damage|p2a: Miraidon|69\/100|[from] item: Life Orb\n|move|p1a: Arceus|Roar|p2a: Miraidon\n|drag|p2a: Calyrex|Calyrex-Shadow|100\/100\n|-ability|p2a: Calyrex|As One\n|-ability|p2a: Calyrex|Unnerve\n|\n|upkeep\n|turn|3\n|inactive|Batman Magic has 90 seconds left.\n|\n|t:|1698443298\n|move|p2a: Calyrex|Astral Barrage|p1a: Arceus\n|-damage|p1a: Arceus|6\/100\n|move|p1a: Arceus|Recover|p1a: Arceus\n|-heal|p1a: Arceus|56\/100\n|\n|upkeep\n|turn|4\n|\n|t:|1698443302\n|move|p2a: Calyrex|Encore|p1a: Arceus\n|-start|p1a: Arceus|Encore\n|move|p1a: Arceus|Recover|p1a: Arceus\n|-heal|p1a: Arceus|100\/100\n|\n|upkeep\n|turn|5\n|\n|t:|1698443310\n|switch|p1a: Calyrex|Calyrex-Shadow|100\/100\n|-ability|p1a: Calyrex|As One\n|-ability|p1a: Calyrex|Unnerve\n|move|p2a: Calyrex|Nasty Plot|p2a: Calyrex\n|-boost|p2a: Calyrex|spa|2\n|\n|-fieldend|move: Electric Terrain\n|upkeep\n|turn|6\n|\n|t:|1698443316\n|switch|p2a: Ting-Lu|Ting-Lu|100\/100\n|-ability|p2a: Ting-Lu|Vessel of Ruin\n|move|p1a: Calyrex|Encore||[still]\n|-fail|p1a: Calyrex\n|\n|upkeep\n|turn|7\n|\n|t:|1698443324\n|switch|p1a: Arceus|Arceus-Fairy|100\/100\n|move|p2a: Ting-Lu|Earthquake|p1a: Arceus\n|-damage|p1a: Arceus|74\/100\n|\n|upkeep\n|turn|8\n|inactive|Batman Magic has 120 seconds left.\n|\n|t:|1698443331\n|switch|p2a: Arceus|Arceus-Water|100\/100\n|move|p1a: Arceus|Thunder Wave|p2a: Arceus\n|-status|p2a: Arceus|par\n|\n|upkeep\n|turn|9\n|inactive|Batman Magic has 120 seconds left.\n|\n|t:|1698443345\n|switch|p1a: Arceus|Arceus-Ground|100\/100\n|switch|p2a: Miraidon|Miraidon|69\/100\n|-fieldstart|move: Electric Terrain|[from] ability: Hadron Engine|[of] p2a: Miraidon\n|\n|upkeep\n|turn|10\n|\n|t:|1698443362\n|-terastallize|p2a: Miraidon|Grass\n|move|p2a: Miraidon|Calm Mind|p2a: Miraidon\n|-boost|p2a: Miraidon|spa|1\n|-boost|p2a: Miraidon|spd|1\n|move|p1a: Arceus|Stealth Rock|p2a: Miraidon\n|-sidestart|p2: GigaBytes7|move: Stealth Rock\n|\n|upkeep\n|turn|11\n|inactive|Batman Magic has 120 seconds left.\n|\n|t:|1698443410\n|move|p2a: Miraidon|Calm Mind|p2a: Miraidon\n|-boost|p2a: Miraidon|spa|1\n|-boost|p2a: Miraidon|spd|1\n|move|p1a: Arceus|Thunder Wave|p2a: Miraidon\n|-status|p2a: Miraidon|par\n|\n|upkeep\n|turn|12\n|c|\u2606GigaBytes7|does everything have twave\n|\n|t:|1698443420\n|move|p2a: Miraidon|Draco Meteor|p1a: Arceus\n|-damage|p1a: Arceus|0 fnt\n|-unboost|p2a: Miraidon|spa|2\n|faint|p1a: Arceus\n|-damage|p2a: Miraidon|59\/100 par|[from] item: Life Orb\n|\n|upkeep\n|inactive|Batman Magic has 90 seconds left.\n|\n|t:|1698443468\n|switch|p1a: Arceus|Arceus|100\/100\n|turn|13\n|\n|t:|1698443480\n|move|p1a: Arceus|Swords Dance|p1a: Arceus\n|-boost|p1a: Arceus|atk|2\n|move|p2a: Miraidon|Parabolic Charge|p1a: Arceus\n|-damage|p1a: Arceus|36\/100\n|-heal|p2a: Miraidon|96\/100 par|[from] drain|[of] p1a: Arceus\n|-damage|p2a: Miraidon|86\/100 par|[from] item: Life Orb\n|\n|-fieldend|move: Electric Terrain\n|upkeep\n|turn|14\n|\n|t:|1698443487\n|move|p1a: Arceus|Extreme Speed|p2a: Miraidon\n|-damage|p2a: Miraidon|0 fnt\n|faint|p2a: Miraidon\n|\n|upkeep\n|\n|t:|1698443490\n|switch|p2a: Calyrex|Calyrex-Shadow|100\/100\n|-ability|p2a: Calyrex|As One\n|-ability|p2a: Calyrex|Unnerve\n|turn|15\n|\n|t:|1698443502\n|switch|p1a: Giratina|Giratina|100\/100\n|-ability|p1a: Giratina|Pressure\n|move|p2a: Calyrex|Astral Barrage|p1a: Giratina\n|-supereffective|p1a: Giratina\n|-damage|p1a: Giratina|30\/100\n|\n|-heal|p1a: Giratina|36\/100|[from] item: Leftovers\n|upkeep\n|turn|16\n|\n|t:|1698443516\n|switch|p2a: Koraidon|Koraidon|100\/100\n|-damage|p2a: Koraidon|94\/100|[from] Stealth Rock\n|-weather|SunnyDay|[from] ability: Orichalcum Pulse|[of] p2a: Koraidon\n|-activate|p2a: Koraidon|Orichalcum Pulse|[source]\n|move|p1a: Giratina|Hex|p2a: Koraidon\n|-damage|p2a: Koraidon|73\/100\n|\n|-weather|SunnyDay|[upkeep]\n|-heal|p1a: Giratina|43\/100|[from] item: Leftovers\n|upkeep\n|turn|17\n|\n|t:|1698443525\n|move|p2a: Koraidon|Flare Blitz|p1a: Giratina\n|-resisted|p1a: Giratina\n|-damage|p1a: Giratina|16\/100\n|-damage|p2a: Koraidon|60\/100|[from] Recoil\n|move|p1a: Giratina|Thunder Wave|p2a: Koraidon\n|-status|p2a: Koraidon|par\n|\n|-weather|SunnyDay|[upkeep]\n|-heal|p1a: Giratina|22\/100|[from] item: Leftovers\n|upkeep\n|turn|18\n|inactive|Batman Magic has 90 seconds left.\n|\n|t:|1698443531\n|move|p2a: Koraidon|Flare Blitz|p1a: Giratina\n|-resisted|p1a: Giratina\n|-damage|p1a: Giratina|0 fnt\n|faint|p1a: Giratina\n|-damage|p2a: Koraidon|49\/100 par|[from] Recoil\n|\n|-weather|SunnyDay|[upkeep]\n|upkeep\n|inactive|Batman Magic has 90 seconds left.\n|\n|t:|1698443538\n|switch|p1a: Calyrex|Calyrex-Shadow|100\/100\n|-ability|p1a: Calyrex|As One\n|-ability|p1a: Calyrex|Unnerve\n|turn|19\n|inactive|Batman Magic has 90 seconds left.\n|\n|t:|1698443556\n|switch|p2a: Ting-Lu|Ting-Lu|100\/100\n|-damage|p2a: Ting-Lu|94\/100|[from] Stealth Rock\n|-ability|p2a: Ting-Lu|Vessel of Ruin\n|move|p1a: Calyrex|Astral Barrage|p2a: Ting-Lu\n|-resisted|p2a: Ting-Lu\n|-damage|p2a: Ting-Lu|79\/100\n|\n|-weather|SunnyDay|[upkeep]\n|-heal|p2a: Ting-Lu|86\/100|[from] item: Leftovers\n|upkeep\n|turn|20\n|inactive|Batman Magic has 90 seconds left.\n|inactive|Batman Magic has 60 seconds left.\n|\n|t:|1698443618\n|switch|p1a: Arceus|Arceus|36\/100\n|move|p2a: Ting-Lu|Ruination|p1a: Arceus\n|-damage|p1a: Arceus|18\/100\n|\n|-weather|none\n|-heal|p2a: Ting-Lu|92\/100|[from] item: Leftovers\n|upkeep\n|turn|21\n|\n|t:|1698443632\n|move|p1a: Arceus|Recover|p1a: Arceus\n|-heal|p1a: Arceus|68\/100\n|move|p2a: Ting-Lu|Earthquake|p1a: Arceus\n|-damage|p1a: Arceus|41\/100\n|\n|-heal|p2a: Ting-Lu|98\/100|[from] item: Leftovers\n|upkeep\n|turn|22\n|\n|t:|1698443642\n|switch|p2a: Calyrex|Calyrex-Shadow|100\/100\n|-ability|p2a: Calyrex|As One\n|-ability|p2a: Calyrex|Unnerve\n|move|p1a: Arceus|Recover|p1a: Arceus\n|-heal|p1a: Arceus|91\/100\n|\n|upkeep\n|turn|23\n|\n|t:|1698443649\n|move|p2a: Calyrex|Encore|p1a: Arceus\n|-start|p1a: Arceus|Encore\n|move|p1a: Arceus|Recover|p1a: Arceus\n|-heal|p1a: Arceus|100\/100\n|\n|upkeep\n|turn|24\n|\n|t:|1698443653\n|switch|p1a: Arceus|Arceus-Fairy|74\/100\n|move|p2a: Calyrex|Nasty Plot|p2a: Calyrex\n|-boost|p2a: Calyrex|spa|2\n|\n|upkeep\n|turn|25\n|\n|t:|1698443656\n|move|p2a: Calyrex|Astral Barrage|p1a: Arceus\n|-damage|p1a: Arceus|0 fnt\n|faint|p1a: Arceus\n|-ability|p2a: Calyrex|Grim Neigh|boost\n|-boost|p2a: Calyrex|spa|1\n|\n|upkeep\n|\n|t:|1698443661\n|switch|p1a: Calyrex|Calyrex-Shadow|100\/100\n|-ability|p1a: Calyrex|As One\n|-ability|p1a: Calyrex|Unnerve\n|turn|26\n|\n|t:|1698443663\n|switch|p2a: Ting-Lu|Ting-Lu|98\/100\n|-damage|p2a: Ting-Lu|92\/100|[from] Stealth Rock\n|-ability|p2a: Ting-Lu|Vessel of Ruin\n|move|p1a: Calyrex|Astral Barrage|p2a: Ting-Lu\n|-resisted|p2a: Ting-Lu\n|-damage|p2a: Ting-Lu|78\/100\n|\n|-heal|p2a: Ting-Lu|84\/100|[from] item: Leftovers\n|upkeep\n|turn|27\n|inactive|Batman Magic has 90 seconds left.\n|\n|t:|1698443676\n|move|p1a: Calyrex|Nasty Plot|p1a: Calyrex\n|-boost|p1a: Calyrex|spa|2\n|move|p2a: Ting-Lu|Ruination|p1a: Calyrex\n|-damage|p1a: Calyrex|51\/100\n|\n|-heal|p2a: Ting-Lu|90\/100|[from] item: Leftovers\n|upkeep\n|turn|28\n|\n|t:|1698443681\n|move|p1a: Calyrex|Encore|p2a: Ting-Lu\n|-start|p2a: Ting-Lu|Encore\n|move|p2a: Ting-Lu|Ruination|p1a: Calyrex\n|-damage|p1a: Calyrex|26\/100\n|\n|-heal|p2a: Ting-Lu|96\/100|[from] item: Leftovers\n|upkeep\n|turn|29\n|\n|t:|1698443687\n|switch|p2a: Arceus|Arceus|100\/100\n|move|p1a: Calyrex|Nasty Plot|p1a: Calyrex\n|-boost|p1a: Calyrex|spa|2\n|\n|upkeep\n|turn|30\n|\n|t:|1698443692\n|move|p1a: Calyrex|Dark Pulse|p2a: Arceus\n|-damage|p2a: Arceus|36\/100\n|move|p2a: Arceus|Shadow Claw|p1a: Calyrex\n|-supereffective|p1a: Calyrex\n|-crit|p1a: Calyrex\n|-damage|p1a: Calyrex|0 fnt\n|faint|p1a: Calyrex\n|\n|upkeep\n|inactive|Batman Magic has 120 seconds left.\n|\n|t:|1698443701\n|switch|p1a: Arceus|Arceus|100\/100\n|turn|31\n|\n|t:|1698443712\n|move|p1a: Arceus|Swords Dance|p1a: Arceus\n|-boost|p1a: Arceus|atk|2\n|move|p2a: Arceus|Swords Dance|p2a: Arceus\n|-boost|p2a: Arceus|atk|2\n|\n|upkeep\n|turn|32\n|\n|t:|1698443718\n|move|p1a: Arceus|Extreme Speed|p2a: Arceus\n|-crit|p2a: Arceus\n|-damage|p2a: Arceus|0 fnt\n|faint|p2a: Arceus\n|\n|upkeep\n|\n|t:|1698443732\n|switch|p2a: Calyrex|Calyrex-Shadow|100\/100\n|-ability|p2a: Calyrex|As One\n|-ability|p2a: Calyrex|Unnerve\n|turn|33\n|\n|t:|1698443740\n|switch|p1a: Kyogre|Kyogre|100\/100\n|-weather|RainDance|[from] ability: Drizzle|[of] p1a: Kyogre\n|move|p2a: Calyrex|Encore||[still]\n|-fail|p2a: Calyrex\n|\n|-weather|RainDance|[upkeep]\n|upkeep\n|turn|34\n|\n|t:|1698443745\n|switch|p2a: Arceus|Arceus-Water|100\/100 par\n|-damage|p2a: Arceus|88\/100 par|[from] Stealth Rock\n|move|p1a: Kyogre|Water Spout|p2a: Arceus\n|-resisted|p2a: Arceus\n|-damage|p2a: Arceus|46\/100 par\n|\n|-weather|RainDance|[upkeep]\n|upkeep\n|turn|35\n|\n|t:|1698443763\n|switch|p1a: Arceus|Arceus|100\/100\n|cant|p2a: Arceus|par\n|\n|-weather|RainDance|[upkeep]\n|upkeep\n|turn|36\n|\n|t:|1698443767\n|move|p1a: Arceus|Swords Dance|p1a: Arceus\n|-boost|p1a: Arceus|atk|2\n|move|p2a: Arceus|Will-O-Wisp|p1a: Arceus\n|-status|p1a: Arceus|brn\n|\n|-weather|RainDance|[upkeep]\n|-damage|p1a: Arceus|94\/100 brn|[from] brn\n|upkeep\n|turn|37\n|\n|t:|1698443771\n|move|p1a: Arceus|Swords Dance|p1a: Arceus\n|-boost|p1a: Arceus|atk|2\n|cant|p2a: Arceus|par\n|\n|-weather|none\n|-damage|p1a: Arceus|88\/100 brn|[from] brn\n|upkeep\n|turn|38\n|\n|t:|1698443782\n|move|p1a: Arceus|Swords Dance|p1a: Arceus\n|-boost|p1a: Arceus|atk|2\n|move|p2a: Arceus|Judgment|p1a: Arceus\n|-damage|p1a: Arceus|54\/100 brn\n|\n|-damage|p1a: Arceus|48\/100 brn|[from] brn\n|upkeep\n|turn|39\n|\n|t:|1698443790\n|move|p1a: Arceus|Recover|p1a: Arceus\n|-heal|p1a: Arceus|98\/100 brn\n|move|p2a: Arceus|Judgment|p1a: Arceus\n|-damage|p1a: Arceus|61\/100 brn\n|\n|-damage|p1a: Arceus|55\/100 brn|[from] brn\n|upkeep\n|turn|40\n|\n|t:|1698443794\n|move|p1a: Arceus|Recover|p1a: Arceus\n|-heal|p1a: Arceus|100\/100 brn\n|cant|p2a: Arceus|par\n|\n|-damage|p1a: Arceus|94\/100 brn|[from] brn\n|upkeep\n|turn|41\n|\n|t:|1698443798\n|switch|p2a: Ting-Lu|Ting-Lu|96\/100\n|-damage|p2a: Ting-Lu|90\/100|[from] Stealth Rock\n|-ability|p2a: Ting-Lu|Vessel of Ruin\n|move|p1a: Arceus|Extreme Speed|p2a: Ting-Lu\n|-damage|p2a: Ting-Lu|34\/100\n|\n|-heal|p2a: Ting-Lu|40\/100|[from] item: Leftovers\n|-damage|p1a: Arceus|88\/100 brn|[from] brn\n|upkeep\n|turn|42\n|\n|t:|1698443819\n|-terastallize|p1a: Arceus|Ghost\n|move|p1a: Arceus|Shadow Claw|p2a: Ting-Lu\n|-resisted|p2a: Ting-Lu\n|-damage|p2a: Ting-Lu|19\/100\n|move|p2a: Ting-Lu|Earthquake|p1a: Arceus\n|-damage|p1a: Arceus|60\/100 brn\n|\n|-heal|p2a: Ting-Lu|25\/100|[from] item: Leftovers\n|-damage|p1a: Arceus|54\/100 brn|[from] brn\n|upkeep\n|turn|43\n|\n|t:|1698443827\n|move|p1a: Arceus|Extreme Speed|p2a: Ting-Lu\n|-damage|p2a: Ting-Lu|0 fnt\n|faint|p2a: Ting-Lu\n|\n|-damage|p1a: Arceus|48\/100 brn|[from] brn\n|upkeep\n|\n|t:|1698443829\n|switch|p2a: Calyrex|Calyrex-Shadow|100\/100\n|-ability|p2a: Calyrex|As One\n|-ability|p2a: Calyrex|Unnerve\n|turn|44\n|\n|t:|1698443832\n|move|p2a: Calyrex|Astral Barrage|p1a: Arceus\n|-supereffective|p1a: Arceus\n|-damage|p1a: Arceus|0 fnt\n|faint|p1a: Arceus\n|-ability|p2a: Calyrex|Grim Neigh|boost\n|-boost|p2a: Calyrex|spa|1\n|\n|upkeep\n|\n|t:|1698443835\n|switch|p1a: Kyogre|Kyogre|100\/100\n|-weather|RainDance|[from] ability: Drizzle|[of] p1a: Kyogre\n|turn|45\n|\n|t:|1698443837\n|switch|p2a: Koraidon|Koraidon|49\/100 par\n|-damage|p2a: Koraidon|43\/100 par|[from] Stealth Rock\n|-weather|SunnyDay|[from] ability: Orichalcum Pulse|[of] p2a: Koraidon\n|-activate|p2a: Koraidon|Orichalcum Pulse|[source]\n|move|p1a: Kyogre|Water Spout|p2a: Koraidon\n|-resisted|p2a: Koraidon\n|-damage|p2a: Koraidon|21\/100 par\n|\n|-weather|SunnyDay|[upkeep]\n|upkeep\n|turn|46\n|\n|t:|1698443840\n|move|p1a: Kyogre|Water Spout|p2a: Koraidon\n|-resisted|p2a: Koraidon\n|-damage|p2a: Koraidon|0 fnt\n|faint|p2a: Koraidon\n|\n|-weather|SunnyDay|[upkeep]\n|upkeep\n|\n|t:|1698443850\n|switch|p2a: Arceus|Arceus-Water|46\/100 par\n|-damage|p2a: Arceus|33\/100 par|[from] Stealth Rock\n|turn|47\n|\n|t:|1698443852\n|move|p1a: Kyogre|Water Spout|p2a: Arceus\n|-resisted|p2a: Arceus\n|-damage|p2a: Arceus|19\/100 par\n|move|p2a: Arceus|Ice Beam|p1a: Kyogre\n|-resisted|p1a: Kyogre\n|-damage|p1a: Kyogre|91\/100\n|\n|-weather|SunnyDay|[upkeep]\n|upkeep\n|turn|48\n|\n|t:|1698443855\n|move|p1a: Kyogre|Water Spout|p2a: Arceus\n|-resisted|p2a: Arceus\n|-damage|p2a: Arceus|5\/100 par\n|move|p2a: Arceus|Ice Beam|p1a: Kyogre\n|-resisted|p1a: Kyogre\n|-damage|p1a: Kyogre|82\/100\n|\n|-weather|SunnyDay|[upkeep]\n|upkeep\n|turn|49\n|\n|t:|1698443859\n|move|p1a: Kyogre|Water Spout|p2a: Arceus\n|-resisted|p2a: Arceus\n|-damage|p2a: Arceus|0 fnt\n|faint|p2a: Arceus\n|\n|-weather|none\n|upkeep\n|\n|t:|1698443860\n|switch|p2a: Calyrex|Calyrex-Shadow|100\/100\n|-ability|p2a: Calyrex|As One\n|-ability|p2a: Calyrex|Unnerve\n|turn|50\n|\n|t:|1698443862\n|move|p1a: Kyogre|Water Spout|p2a: Calyrex\n|-damage|p2a: Calyrex|29\/100\n|move|p2a: Calyrex|Astral Barrage|p1a: Kyogre\n|-damage|p1a: Kyogre|29\/100\n|\n|upkeep\n|turn|51\n|c|\u2606GigaBytes7|gg\n|\n|t:|1698443868\n|move|p1a: Kyogre|Water Spout|p2a: Calyrex\n|-damage|p2a: Calyrex|5\/100\n|move|p2a: Calyrex|Astral Barrage|p1a: Kyogre\n|-damage|p1a: Kyogre|0 fnt\n|faint|p1a: Kyogre\n|\n|win|GigaBytes7\n|raw|Batman Magic's rating: 1634 &rarr; <strong>1622<\/strong><br \/>(-12 for losing)\n|raw|GigaBytes7's rating: 1774 &rarr; <strong>1786<\/strong><br \/>(+12 for winning)\n|c|\u2606GigaBytes7|wp\n|c|\u2606Batman Magic|gg\n|l|\u2606Batman Magic\n|j| s3rp3rior\n","uploadtime":1698443886,"views":7,"p1id":"batmanmagic","p2id":"gigabytes7","formatid":"gen9anythinggoes","rating":1622,"private":0,"password":""}