{"id":"gen9anythinggoes-1996931193","p1":"fzyus","p2":"arafatr871","format":"[Gen 9] Anything Goes","log":"|j|\u2606fzyus\n|j|\u2606arafatr871\n|t:|1700746330\n|gametype|singles\n|player|p1|fzyus|266|1396\n|player|p2|arafatr871|ingo|1608\n|teamsize|p1|6\n|teamsize|p2|6\n|gen|9\n|tier|[Gen 9] Anything Goes\n|rated|\n|rule|HP Percentage Mod: HP is shown in percentages\n|rule|Endless Battle Clause: Forcing endless battles is banned\n|clearpoke\n|poke|p1|Calyrex-Shadow|\n|poke|p1|Kyogre|\n|poke|p1|Regieleki|\n|poke|p1|Miraidon|\n|poke|p1|Iron Bundle|\n|poke|p1|Ribombee, F|\n|poke|p2|Calyrex-Shadow|\n|poke|p2|Chansey, F|\n|poke|p2|Clodsire, F|\n|poke|p2|Koraidon|\n|poke|p2|Arceus-Dark|\n|poke|p2|Toedscruel, F|\n|teampreview\n|inactive|Battle timer is ON: inactive players will automatically lose when time's up. (requested by arafatr871)\n|\n|t:|1700746341\n|start\n|switch|p1a: Ribombee|Ribombee, F|100\/100\n|switch|p2a: Toedscruel|Toedscruel, F|100\/100\n|turn|1\n|\n|t:|1700746357\n|move|p1a: Ribombee|Moonblast|p2a: Toedscruel\n|-damage|p2a: Toedscruel|76\/100\n|move|p2a: Toedscruel|Spore|p1a: Ribombee\n|-status|p1a: Ribombee|slp|[from] move: Spore\n|\n|-heal|p2a: Toedscruel|82\/100|[from] item: Leftovers\n|upkeep\n|turn|2\n|\n|t:|1700746371\n|cant|p1a: Ribombee|slp\n|move|p2a: Toedscruel|Leech Seed|p1a: Ribombee\n|-start|p1a: Ribombee|move: Leech Seed\n|\n|-heal|p2a: Toedscruel|88\/100|[from] item: Leftovers\n|-damage|p1a: Ribombee|88\/100 slp|[from] Leech Seed|[of] p2a: Toedscruel\n|-heal|p2a: Toedscruel|97\/100|[silent]\n|upkeep\n|turn|3\n|\n|t:|1700746388\n|cant|p1a: Ribombee|slp\n|move|p2a: Toedscruel|Rapid Spin|p1a: Ribombee\n|-damage|p1a: Ribombee|72\/100 slp\n|-boost|p2a: Toedscruel|spe|1\n|\n|-heal|p2a: Toedscruel|100\/100|[from] item: Leftovers\n|-damage|p1a: Ribombee|60\/100 slp|[from] Leech Seed|[of] p2a: Toedscruel\n|upkeep\n|turn|4\n|\n|t:|1700746402\n|cant|p1a: Ribombee|slp\n|move|p2a: Toedscruel|Rapid Spin|p1a: Ribombee\n|-damage|p1a: Ribombee|43\/100 slp\n|-boost|p2a: Toedscruel|spe|1\n|\n|-damage|p1a: Ribombee|30\/100 slp|[from] Leech Seed|[of] p2a: Toedscruel\n|upkeep\n|turn|5\n|\n|t:|1700746408\n|move|p2a: Toedscruel|Rapid Spin|p1a: Ribombee\n|-damage|p1a: Ribombee|14\/100 slp\n|-boost|p2a: Toedscruel|spe|1\n|-curestatus|p1a: Ribombee|slp|[msg]\n|move|p1a: Ribombee|Sticky Web|p2a: Toedscruel\n|-sidestart|p2: arafatr871|move: Sticky Web\n|\n|-damage|p1a: Ribombee|2\/100|[from] Leech Seed|[of] p2a: Toedscruel\n|upkeep\n|turn|6\n|\n|t:|1700746424\n|switch|p1a: Calyrex|Calyrex-Shadow|100\/100\n|-ability|p1a: Calyrex|As One\n|-ability|p1a: Calyrex|Unnerve\n|move|p2a: Toedscruel|Rapid Spin|p1a: Calyrex\n|-immune|p1a: Calyrex\n|\n|upkeep\n|turn|7\n|\n|t:|1700746433\n|move|p1a: Calyrex|Astral Barrage|p2a: Toedscruel\n|-damage|p2a: Toedscruel|28\/100\n|move|p2a: Toedscruel|Spore|p1a: Calyrex\n|-status|p1a: Calyrex|slp|[from] move: Spore\n|\n|-heal|p2a: Toedscruel|34\/100|[from] item: Leftovers\n|upkeep\n|turn|8\n|\n|t:|1700746439\n|cant|p1a: Calyrex|slp\n|move|p2a: Toedscruel|Leech Seed|p1a: Calyrex\n|-start|p1a: Calyrex|move: Leech Seed\n|\n|-heal|p2a: Toedscruel|40\/100|[from] item: Leftovers\n|-damage|p1a: Calyrex|88\/100 slp|[from] Leech Seed|[of] p2a: Toedscruel\n|-heal|p2a: Toedscruel|52\/100|[silent]\n|upkeep\n|turn|9\n|\n|t:|1700746442\n|move|p2a: Toedscruel|Protect|p2a: Toedscruel\n|-singleturn|p2a: Toedscruel|Protect\n|cant|p1a: Calyrex|slp\n|\n|-heal|p2a: Toedscruel|58\/100|[from] item: Leftovers\n|-damage|p1a: Calyrex|76\/100 slp|[from] Leech Seed|[of] p2a: Toedscruel\n|-heal|p2a: Toedscruel|69\/100|[silent]\n|upkeep\n|turn|10\n|\n|t:|1700746449\n|-curestatus|p1a: Calyrex|slp|[msg]\n|move|p1a: Calyrex|Astral Barrage|p2a: Toedscruel\n|-damage|p2a: Toedscruel|0 fnt\n|faint|p2a: Toedscruel\n|-ability|p1a: Calyrex|Grim Neigh|boost\n|-boost|p1a: Calyrex|spa|1\n|\n|upkeep\n|\n|t:|1700746457\n|switch|p2a: Chansey|Chansey, F, shiny|100\/100\n|-activate|p2a: Chansey|move: Sticky Web\n|-unboost|p2a: Chansey|spe|1\n|turn|11\n|\n|t:|1700746461\n|switch|p1a: Ribombee|Ribombee, F|2\/100\n|move|p2a: Chansey|Thunder Wave|p1a: Ribombee\n|-status|p1a: Ribombee|par\n|\n|upkeep\n|turn|12\n|\n|t:|1700746468\n|move|p1a: Ribombee|Skill Swap|p2a: Chansey\n|-activate|p1a: Ribombee|move: Skill Swap|Natural Cure|Shield Dust|[of] p2a: Chansey\n|move|p2a: Chansey|Seismic Toss|p1a: Ribombee\n|-damage|p1a: Ribombee|0 fnt\n|faint|p1a: Ribombee\n|\n|upkeep\n|\n|t:|1700746476\n|switch|p1a: Miraidon|Miraidon|100\/100\n|-fieldstart|move: Electric Terrain|[from] ability: Hadron Engine|[of] p1a: Miraidon\n|turn|13\n|\n|t:|1700746483\n|move|p1a: Miraidon|Volt Switch|p2a: Chansey\n|-damage|p2a: Chansey|73\/100\n|\n|t:|1700746494\n|switch|p1a: Regieleki|Regieleki|100\/100|[from] Volt Switch\n|move|p2a: Chansey|Stealth Rock|p1a: Regieleki\n|-sidestart|p1: fzyus|move: Stealth Rock\n|\n|upkeep\n|turn|14\n|\n|t:|1700746499\n|-terastallize|p1a: Regieleki|Electric\n|move|p1a: Regieleki|Electro Ball|p2a: Chansey\n|-damage|p2a: Chansey|0 fnt\n|faint|p2a: Chansey\n|\n|upkeep\n|\n|t:|1700746507\n|switch|p2a: Clodsire|Clodsire, F, shiny|100\/100\n|-activate|p2a: Clodsire|move: Sticky Web\n|-unboost|p2a: Clodsire|spe|1\n|turn|15\n|\n|t:|1700746519\n|switch|p1a: Calyrex|Calyrex-Shadow|76\/100\n|-ability|p1a: Calyrex|As One\n|-ability|p1a: Calyrex|Unnerve\n|-damage|p1a: Calyrex|64\/100|[from] Stealth Rock\n|move|p2a: Clodsire|Toxic Spikes|p1a: Calyrex\n|-sidestart|p1: fzyus|move: Toxic Spikes\n|\n|upkeep\n|turn|16\n|\n|t:|1700746532\n|-terastallize|p2a: Clodsire|Dark\n|move|p1a: Calyrex|Astral Barrage|p2a: Clodsire\n|-resisted|p2a: Clodsire\n|-damage|p2a: Clodsire|71\/100\n|move|p2a: Clodsire|Toxic|p1a: Calyrex\n|-status|p1a: Calyrex|tox\n|\n|-heal|p2a: Clodsire|77\/100|[from] item: Leftovers\n|-damage|p1a: Calyrex|57\/100 tox|[from] psn\n|upkeep\n|turn|17\n|\n|t:|1700746541\n|switch|p1a: Iron Bundle|Iron Bundle|100\/100\n|-activate|p1a: Iron Bundle|ability: Quark Drive\n|-start|p1a: Iron Bundle|quarkdrivespe\n|move|p2a: Clodsire|Spikes|p1a: Iron Bundle\n|-sidestart|p1: fzyus|Spikes\n|\n|-heal|p2a: Clodsire|83\/100|[from] item: Leftovers\n|-fieldend|move: Electric Terrain\n|-end|p1a: Iron Bundle|Quark Drive\n|upkeep\n|turn|18\n|\n|t:|1700746552\n|move|p1a: Iron Bundle|Hydro Pump|p2a: Clodsire\n|-damage|p2a: Clodsire|51\/100\n|move|p2a: Clodsire|Toxic|p1a: Iron Bundle\n|-status|p1a: Iron Bundle|tox\n|\n|-heal|p2a: Clodsire|58\/100|[from] item: Leftovers\n|-damage|p1a: Iron Bundle|95\/100 tox|[from] psn\n|upkeep\n|turn|19\n|\n|t:|1700746558\n|move|p1a: Iron Bundle|Flip Turn|p2a: Clodsire\n|-damage|p2a: Clodsire|41\/100\n|\n|t:|1700746563\n|-end|p1a: Iron Bundle|Quark Drive|[silent]\n|switch|p1a: Miraidon|Miraidon|100\/100|[from] Flip Turn\n|-damage|p1a: Miraidon|88\/100|[from] Stealth Rock\n|-status|p1a: Miraidon|psn\n|-damage|p1a: Miraidon|76\/100 psn|[from] Spikes\n|-fieldstart|move: Electric Terrain|[from] ability: Hadron Engine|[of] p1a: Miraidon\n|move|p2a: Clodsire|Spikes|p1a: Miraidon\n|-sidestart|p1: fzyus|Spikes\n|\n|-heal|p2a: Clodsire|47\/100|[from] item: Leftovers\n|-damage|p1a: Miraidon|64\/100 psn|[from] psn\n|upkeep\n|turn|20\n|\n|t:|1700746572\n|move|p1a: Miraidon|Volt Switch|p2a: Clodsire\n|-damage|p2a: Clodsire|0 fnt\n|faint|p2a: Clodsire\n|\n|t:|1700746578\n|switch|p1a: Regieleki|Regieleki, tera:Electric|100\/100|[from] Volt Switch\n|-damage|p1a: Regieleki|88\/100|[from] Stealth Rock\n|-status|p1a: Regieleki|psn\n|-damage|p1a: Regieleki|72\/100 psn|[from] Spikes\n|\n|-damage|p1a: Regieleki|59\/100 psn|[from] psn\n|upkeep\n|\n|t:|1700746583\n|switch|p2a: Calyrex|Calyrex-Shadow|100\/100\n|-ability|p2a: Calyrex|As One\n|-ability|p2a: Calyrex|Unnerve\n|-activate|p2a: Calyrex|move: Sticky Web\n|-unboost|p2a: Calyrex|spe|1\n|turn|21\n|\n|t:|1700746601\n|move|p1a: Regieleki|Volt Switch|p2a: Calyrex\n|-enditem|p2a: Calyrex|Focus Sash\n|-damage|p2a: Calyrex|1\/100\n|\n|t:|1700746609\n|switch|p1a: Iron Bundle|Iron Bundle|95\/100 tox|[from] Volt Switch\n|-activate|p1a: Iron Bundle|ability: Quark Drive\n|-start|p1a: Iron Bundle|quarkdrivespe\n|move|p2a: Calyrex|Astral Barrage|p1a: Iron Bundle\n|-damage|p1a: Iron Bundle|0 fnt\n|faint|p1a: Iron Bundle\n|-end|p1a: Iron Bundle|Quark Drive|[silent]\n|-ability|p2a: Calyrex|Grim Neigh|boost\n|-boost|p2a: Calyrex|spa|1\n|\n|upkeep\n|inactive|fzyus has 120 seconds left.\n|\n|t:|1700746636\n|switch|p1a: Regieleki|Regieleki, tera:Electric|59\/100 psn\n|-damage|p1a: Regieleki|47\/100 psn|[from] Stealth Rock\n|-damage|p1a: Regieleki|30\/100 psn|[from] Spikes\n|turn|22\n|inactive|fzyus has 120 seconds left.\n|\n|t:|1700746642\n|move|p1a: Regieleki|Electro Ball|p2a: Calyrex\n|-damage|p2a: Calyrex|0 fnt\n|faint|p2a: Calyrex\n|\n|-damage|p1a: Regieleki|18\/100 psn|[from] psn\n|upkeep\n|\n|t:|1700746653\n|switch|p2a: Koraidon|Koraidon|100\/100\n|-activate|p2a: Koraidon|move: Sticky Web\n|-unboost|p2a: Koraidon|spe|1\n|-weather|SunnyDay|[from] ability: Orichalcum Pulse|[of] p2a: Koraidon\n|-activate|p2a: Koraidon|Orichalcum Pulse|[source]\n|turn|23\n|\n|t:|1700746657\n|move|p1a: Regieleki|Electro Ball|p2a: Koraidon\n|-resisted|p2a: Koraidon\n|-damage|p2a: Koraidon|52\/100\n|move|p2a: Koraidon|Flame Charge|p1a: Regieleki\n|-damage|p1a: Regieleki|0 fnt\n|-boost|p2a: Koraidon|spe|1\n|faint|p1a: Regieleki\n|\n|-weather|SunnyDay|[upkeep]\n|-fieldend|move: Electric Terrain\n|upkeep\n|\n|t:|1700746665\n|switch|p1a: Calyrex|Calyrex-Shadow|57\/100 tox\n|-ability|p1a: Calyrex|As One\n|-ability|p1a: Calyrex|Unnerve\n|-damage|p1a: Calyrex|45\/100 tox|[from] Stealth Rock\n|-damage|p1a: Calyrex|29\/100 tox|[from] Spikes\n|turn|24\n|\n|t:|1700746673\n|move|p1a: Calyrex|Astral Barrage|p2a: Koraidon\n|-damage|p2a: Koraidon|0 fnt\n|faint|p2a: Koraidon\n|-ability|p1a: Calyrex|Grim Neigh|boost\n|-boost|p1a: Calyrex|spa|1\n|\n|-weather|SunnyDay|[upkeep]\n|-damage|p1a: Calyrex|22\/100 tox|[from] psn\n|upkeep\n|\n|t:|1700746678\n|switch|p2a: Arceus|Arceus-Dark|100\/100\n|-activate|p2a: Arceus|move: Sticky Web\n|-unboost|p2a: Arceus|spe|1\n|turn|25\n|\n|t:|1700746691\n|move|p1a: Calyrex|Astral Barrage|p2a: Arceus\n|-resisted|p2a: Arceus\n|-damage|p2a: Arceus|46\/100\n|move|p2a: Arceus|Judgment|p1a: Calyrex\n|-supereffective|p1a: Calyrex\n|-damage|p1a: Calyrex|0 fnt\n|faint|p1a: Calyrex\n|\n|-weather|SunnyDay|[upkeep]\n|upkeep\n|\n|t:|1700746697\n|switch|p1a: Miraidon|Miraidon|64\/100 psn\n|-damage|p1a: Miraidon|51\/100 psn|[from] Stealth Rock\n|-damage|p1a: Miraidon|35\/100 psn|[from] Spikes\n|-fieldstart|move: Electric Terrain|[from] ability: Hadron Engine|[of] p1a: Miraidon\n|turn|26\n|\n|t:|1700746700\n|move|p1a: Miraidon|Electro Drift|p2a: Arceus\n|-damage|p2a: Arceus|0 fnt\n|faint|p2a: Arceus\n|\n|win|fzyus\n|raw|fzyus's rating: 1409 &rarr; <strong>1439<\/strong><br \/>(+30 for winning)\n|raw|arafatr871's rating: 1608 &rarr; <strong>1578<\/strong><br \/>(-30 for losing)\n|l|\u2606arafatr871\n|l|\u2606fzyus\n","uploadtime":1700746706,"views":0,"p1id":"fzyus","p2id":"arafatr871","formatid":"gen9anythinggoes","rating":1439,"private":0,"password":""}