{"id":"gen9anythinggoes-1978159967","p1":"HemmingfordEQs","p2":"QCicicleCrashers","format":"[Gen 9] Anything Goes","log":"|j|\u2606HemmingfordEQs\n|j|\u2606QCicicleCrashers\n|t:|1698506549\n|gametype|singles\n|player|p1|HemmingfordEQs|cynthia-gen4|\n|player|p2|QCicicleCrashers|hilbert|\n|teamsize|p1|6\n|teamsize|p2|6\n|gen|9\n|tier|[Gen 9] Anything Goes\n|rule|HP Percentage Mod: HP is shown in percentages\n|rule|Endless Battle Clause: Forcing endless battles is banned\n|clearpoke\n|poke|p1|Electrode-Hisui|\n|poke|p1|Braviary-Hisui, M|\n|poke|p1|Heatran, M|\n|poke|p1|Overqwil, M|\n|poke|p1|Arcanine-Hisui, M|\n|poke|p1|Espeon, M|\n|poke|p2|Toxapex, F|\n|poke|p2|Umbreon, M|\n|poke|p2|Ursaluna, M|\n|poke|p2|Typhlosion-Hisui, M|\n|poke|p2|Cresselia, F|\n|poke|p2|Chien-Pao|\n|teampreview\n|\n|t:|1698506568\n|start\n|switch|p1a: Electrode|Electrode-Hisui|100\/100\n|switch|p2a: Ursaluna|Ursaluna, M|100\/100\n|turn|1\n|\n|t:|1698506597\n|move|p2a: Ursaluna|Protect|p2a: Ursaluna\n|-singleturn|p2a: Ursaluna|Protect\n|move|p1a: Electrode|Energy Ball|p2a: Ursaluna\n|-activate|p2a: Ursaluna|move: Protect\n|\n|-status|p2a: Ursaluna|brn|[from] item: Flame Orb\n|upkeep\n|turn|2\n|\n|t:|1698506611\n|switch|p2a: Umbreon|Umbreon, M, shiny|100\/100\n|move|p1a: Electrode|Energy Ball|p2a: Umbreon\n|-damage|p2a: Umbreon|81\/100\n|\n|upkeep\n|turn|3\n|\n|t:|1698506619\n|switch|p1a: Overqwil|Overqwil, M|100\/100\n|-ability|p1a: Overqwil|Intimidate|boost\n|-unboost|p2a: Umbreon|atk|1\n|move|p2a: Umbreon|Wish|p2a: Umbreon\n|\n|upkeep\n|turn|4\n|\n|t:|1698506628\n|move|p1a: Overqwil|Barb Barrage|p2a: Umbreon\n|-damage|p2a: Umbreon|61\/100\n|move|p2a: Umbreon|Thunder Wave|p1a: Overqwil\n|-status|p1a: Overqwil|par\n|\n|-heal|p2a: Umbreon|100\/100|[from] move: Wish|[wisher] Umbreon\n|upkeep\n|turn|5\n|\n|t:|1698506642\n|move|p2a: Umbreon|Wish|p2a: Umbreon\n|cant|p1a: Overqwil|par\n|\n|upkeep\n|turn|6\n|\n|t:|1698506646\n|switch|p2a: Ursaluna|Ursaluna, M|100\/100 brn\n|move|p1a: Overqwil|Spikes|p2a: Ursaluna\n|-sidestart|p2: QCicicleCrashers|Spikes\n|\n|-damage|p2a: Ursaluna|94\/100 brn|[from] brn\n|upkeep\n|turn|7\n|\n|t:|1698506662\n|switch|p1a: Braviary|Braviary-Hisui, M|100\/100\n|move|p2a: Ursaluna|Facade|p1a: Braviary\n|-damage|p1a: Braviary|4\/100\n|\n|-damage|p2a: Ursaluna|88\/100 brn|[from] brn\n|upkeep\n|turn|8\n|\n|t:|1698506673\n|switch|p2a: Umbreon|Umbreon, M, shiny|100\/100\n|-damage|p2a: Umbreon|88\/100|[from] Spikes\n|move|p1a: Braviary|Hurricane|p2a: Umbreon|[miss]\n|-miss|p1a: Braviary|p2a: Umbreon\n|\n|upkeep\n|turn|9\n|\n|t:|1698506685\n|move|p2a: Umbreon|Wish|p2a: Umbreon\n|move|p1a: Braviary|Roost|p1a: Braviary\n|-heal|p1a: Braviary|54\/100\n|-singleturn|p1a: Braviary|move: Roost\n|\n|upkeep\n|turn|10\n|\n|t:|1698506693\n|switch|p1a: Espeon|Espeon, M|100\/100\n|move|p2a: Umbreon|Thunder Wave|p1a: Espeon\n|move|p1a: Espeon|Thunder Wave|p2a: Umbreon|[from]ability: Magic Bounce\n|-status|p2a: Umbreon|par\n|-activate|p2a: Umbreon|ability: Synchronize\n|-status|p1a: Espeon|par\n|\n|-heal|p2a: Umbreon|100\/100 par|[from] move: Wish|[wisher] Umbreon\n|upkeep\n|turn|11\n|\n|t:|1698506710\n|switch|p2a: Ursaluna|Ursaluna, M|88\/100 brn\n|-damage|p2a: Ursaluna|76\/100 brn|[from] Spikes\n|move|p1a: Espeon|Dazzling Gleam|p2a: Ursaluna\n|-damage|p2a: Ursaluna|53\/100 brn\n|\n|-damage|p2a: Ursaluna|47\/100 brn|[from] brn\n|upkeep\n|turn|12\n|\n|t:|1698506723\n|switch|p1a: Overqwil|Overqwil, M|100\/100 par\n|-ability|p1a: Overqwil|Intimidate|boost\n|-unboost|p2a: Ursaluna|atk|1\n|move|p2a: Ursaluna|Facade|p1a: Overqwil\n|-crit|p1a: Overqwil\n|-damage|p1a: Overqwil|0 fnt\n|faint|p1a: Overqwil\n|\n|-damage|p2a: Ursaluna|40\/100 brn|[from] brn\n|upkeep\n|\n|t:|1698506737\n|switch|p1a: Arcanine|Arcanine-Hisui, M|100\/100\n|turn|13\n|\n|t:|1698506744\n|switch|p2a: Toxapex|Toxapex, F|100\/100\n|-damage|p2a: Toxapex|88\/100|[from] Spikes\n|move|p1a: Arcanine|Flare Blitz|p2a: Toxapex\n|-resisted|p2a: Toxapex\n|-damage|p2a: Toxapex|70\/100\n|\n|-heal|p2a: Toxapex|76\/100|[from] item: Black Sludge\n|upkeep\n|turn|14\n|\n|t:|1698506757\n|switch|p1a: Electrode|Electrode-Hisui|100\/100\n|move|p2a: Toxapex|Baneful Bunker||[still]\n|-fail|p2a: Toxapex\n|\n|-heal|p2a: Toxapex|82\/100|[from] item: Black Sludge\n|upkeep\n|turn|15\n|\n|t:|1698506770\n|switch|p1a: Heatran|Heatran, M|100\/100\n|switch|p2a: Umbreon|Umbreon, M, shiny|100\/100 par\n|-damage|p2a: Umbreon|88\/100 par|[from] Spikes\n|\n|upkeep\n|turn|16\n|\n|t:|1698506777\n|move|p1a: Heatran|Taunt|p2a: Umbreon\n|-start|p2a: Umbreon|move: Taunt\n|cant|p2a: Umbreon|move: Taunt|Wish\n|\n|upkeep\n|turn|17\n|\n|t:|1698506783\n|move|p1a: Heatran|Magma Storm|p2a: Umbreon|[miss]\n|-miss|p1a: Heatran|p2a: Umbreon\n|move|p2a: Umbreon|Snarl|p1a: Heatran\n|-damage|p1a: Heatran|89\/100\n|-unboost|p1a: Heatran|spa|1\n|\n|-heal|p1a: Heatran|95\/100|[from] item: Leftovers\n|upkeep\n|turn|18\n|\n|t:|1698506792\n|move|p1a: Heatran|Magma Storm|p2a: Umbreon\n|-damage|p2a: Umbreon|73\/100 par\n|-activate|p2a: Umbreon|move: Magma Storm|[of] p1a: Heatran\n|move|p2a: Umbreon|Snarl|p1a: Heatran\n|-damage|p1a: Heatran|83\/100\n|-unboost|p1a: Heatran|spa|1\n|\n|-heal|p1a: Heatran|90\/100|[from] item: Leftovers\n|-damage|p2a: Umbreon|61\/100 par|[from] move: Magma Storm|[partiallytrapped]\n|-end|p2a: Umbreon|move: Taunt\n|upkeep\n|turn|19\n|\n|t:|1698506805\n|move|p1a: Heatran|Magma Storm|p2a: Umbreon\n|-crit|p2a: Umbreon\n|-damage|p2a: Umbreon|24\/100 par\n|move|p2a: Umbreon|Snarl|p1a: Heatran\n|-crit|p1a: Heatran\n|-damage|p1a: Heatran|73\/100\n|-unboost|p1a: Heatran|spa|1\n|\n|-heal|p1a: Heatran|80\/100|[from] item: Leftovers\n|-damage|p2a: Umbreon|12\/100 par|[from] move: Magma Storm|[partiallytrapped]\n|upkeep\n|turn|20\n|\n|t:|1698506823\n|move|p1a: Heatran|Earth Power|p2a: Umbreon\n|-damage|p2a: Umbreon|6\/100 par\n|move|p2a: Umbreon|Snarl|p1a: Heatran|[miss]\n|-miss|p2a: Umbreon|p1a: Heatran\n|\n|-heal|p1a: Heatran|86\/100|[from] item: Leftovers\n|-damage|p2a: Umbreon|0 fnt|[from] move: Magma Storm|[partiallytrapped]\n|faint|p2a: Umbreon\n|upkeep\n|\n|t:|1698506828\n|switch|p2a: Chien-Pao|Chien-Pao|100\/100\n|-damage|p2a: Chien-Pao|88\/100|[from] Spikes\n|-ability|p2a: Chien-Pao|Sword of Ruin\n|turn|21\n|\n|t:|1698506847\n|move|p2a: Chien-Pao|Substitute|p2a: Chien-Pao\n|-start|p2a: Chien-Pao|Substitute\n|-damage|p2a: Chien-Pao|63\/100\n|move|p1a: Heatran|Magma Storm|p2a: Chien-Pao\n|-supereffective|p2a: Chien-Pao\n|-end|p2a: Chien-Pao|Substitute\n|\n|-heal|p1a: Heatran|92\/100|[from] item: Leftovers\n|upkeep\n|turn|22\n|\n|t:|1698506856\n|move|p2a: Chien-Pao|Sacred Sword|p1a: Heatran\n|-supereffective|p1a: Heatran\n|-damage|p1a: Heatran|5\/100\n|-damage|p2a: Chien-Pao|53\/100|[from] item: Life Orb\n|move|p1a: Heatran|Magma Storm|p2a: Chien-Pao\n|-supereffective|p2a: Chien-Pao\n|-damage|p2a: Chien-Pao|0 fnt\n|faint|p2a: Chien-Pao\n|\n|-heal|p1a: Heatran|11\/100|[from] item: Leftovers\n|upkeep\n|\n|t:|1698506861\n|switch|p2a: Cresselia|Cresselia, F|100\/100\n|turn|23\n|\n|t:|1698506875\n|-terastallize|p2a: Cresselia|Electric\n|move|p1a: Heatran|Protect|p1a: Heatran\n|-singleturn|p1a: Heatran|Protect\n|move|p2a: Cresselia|Tera Blast|p1a: Heatran|[anim] Tera Blast Electric\n|-activate|p1a: Heatran|move: Protect\n|\n|-heal|p1a: Heatran|18\/100|[from] item: Leftovers\n|upkeep\n|turn|24\n|\n|t:|1698506888\n|switch|p1a: Espeon|Espeon, M|100\/100 par\n|move|p2a: Cresselia|Tera Blast|p1a: Espeon|[anim] Tera Blast Electric\n|-damage|p1a: Espeon|68\/100 par\n|\n|upkeep\n|turn|25\n|\n|t:|1698506908\n|switch|p2a: Ursaluna|Ursaluna, M|40\/100 brn\n|-damage|p2a: Ursaluna|28\/100 brn|[from] Spikes\n|move|p1a: Espeon|Psyshock|p2a: Ursaluna\n|-damage|p2a: Ursaluna|0 fnt\n|faint|p2a: Ursaluna\n|\n|upkeep\n|\n|t:|1698506917\n|switch|p2a: Typhlosion|Typhlosion-Hisui, M|100\/100\n|-damage|p2a: Typhlosion|88\/100|[from] Spikes\n|-item|p1a: Espeon|Choice Band|[from] ability: Frisk|[of] p2a: Typhlosion|[identify]\n|turn|26\n|\n|t:|1698506923\n|move|p2a: Typhlosion|Shadow Ball|p1a: Espeon\n|-supereffective|p1a: Espeon\n|-damage|p1a: Espeon|0 fnt\n|faint|p1a: Espeon\n|\n|upkeep\n|\n|t:|1698506940\n|switch|p1a: Arcanine|Arcanine-Hisui, M|100\/100\n|turn|27\n|\n|t:|1698506947\n|switch|p2a: Toxapex|Toxapex, F|100\/100\n|-damage|p2a: Toxapex|88\/100|[from] Spikes\n|move|p1a: Arcanine|Head Smash|p2a: Toxapex\n|-damage|p2a: Toxapex|42\/100\n|\n|-heal|p2a: Toxapex|49\/100|[from] item: Black Sludge\n|upkeep\n|turn|28\n|\n|t:|1698506960\n|-terastallize|p1a: Arcanine|Rock\n|move|p2a: Toxapex|Baneful Bunker|p2a: Toxapex\n|-singleturn|p2a: Toxapex|move: Protect\n|move|p1a: Arcanine|Head Smash|p2a: Toxapex\n|-activate|p2a: Toxapex|move: Protect\n|-status|p1a: Arcanine|psn\n|\n|-heal|p2a: Toxapex|55\/100|[from] item: Black Sludge\n|-damage|p1a: Arcanine|88\/100 psn|[from] psn\n|upkeep\n|turn|29\n|\n|t:|1698506974\n|move|p1a: Arcanine|Head Smash|p2a: Toxapex\n|-damage|p2a: Toxapex|0 fnt\n|faint|p2a: Toxapex\n|\n|-damage|p1a: Arcanine|76\/100 psn|[from] psn\n|upkeep\n|\n|t:|1698506977\n|switch|p2a: Typhlosion|Typhlosion-Hisui, M|88\/100\n|-damage|p2a: Typhlosion|76\/100|[from] Spikes\n|-item|p1a: Arcanine|Choice Scarf|[from] ability: Frisk|[of] p2a: Typhlosion|[identify]\n|turn|30\n|\n|t:|1698506985\n|move|p2a: Typhlosion|Infernal Parade|p1a: Arcanine\n|-damage|p1a: Arcanine|6\/100 psn\n|move|p1a: Arcanine|Head Smash|p2a: Typhlosion\n|-supereffective|p2a: Typhlosion\n|-damage|p2a: Typhlosion|0 fnt\n|faint|p2a: Typhlosion\n|\n|-damage|p1a: Arcanine|0 fnt|[from] psn\n|faint|p1a: Arcanine\n|upkeep\n|\n|t:|1698507000\n|switch|p2a: Cresselia|Cresselia, F, tera:Electric|100\/100\n|switch|p1a: Electrode|Electrode-Hisui|100\/100\n|turn|31\n|\n|t:|1698507008\n|move|p1a: Electrode|Chloroblast|p2a: Cresselia\n|-damage|p2a: Cresselia|60\/100\n|-damage|p1a: Electrode|50\/100|[from] Recoil\n|move|p2a: Cresselia|Psyshock|p1a: Electrode\n|-damage|p1a: Electrode|22\/100\n|\n|-heal|p2a: Cresselia|66\/100|[from] item: Leftovers\n|upkeep\n|turn|32\n|\n|t:|1698507017\n|move|p1a: Electrode|Chloroblast|p2a: Cresselia\n|-damage|p2a: Cresselia|28\/100\n|-damage|p1a: Electrode|0 fnt|[from] Recoil\n|faint|p1a: Electrode\n|move|p2a: Cresselia|Moonlight|p2a: Cresselia\n|-heal|p2a: Cresselia|78\/100\n|\n|-heal|p2a: Cresselia|84\/100|[from] item: Leftovers\n|upkeep\n|\n|t:|1698507030\n|switch|p1a: Heatran|Heatran, M|18\/100\n|turn|33\n|\n|t:|1698507038\n|move|p1a: Heatran|Protect|p1a: Heatran\n|-singleturn|p1a: Heatran|Protect\n|move|p2a: Cresselia|Moonlight|p2a: Cresselia\n|-heal|p2a: Cresselia|100\/100\n|\n|-heal|p1a: Heatran|24\/100|[from] item: Leftovers\n|upkeep\n|turn|34\n|\n|t:|1698507046\n|move|p1a: Heatran|Magma Storm|p2a: Cresselia\n|-damage|p2a: Cresselia|76\/100\n|-activate|p2a: Cresselia|move: Magma Storm|[of] p1a: Heatran\n|move|p2a: Cresselia|Tera Blast|p1a: Heatran|[anim] Tera Blast Electric\n|-damage|p1a: Heatran|3\/100\n|\n|-heal|p1a: Heatran|10\/100|[from] item: Leftovers\n|-heal|p2a: Cresselia|82\/100|[from] item: Leftovers\n|-damage|p2a: Cresselia|70\/100|[from] move: Magma Storm|[partiallytrapped]\n|upkeep\n|turn|35\n|\n|t:|1698507076\n|move|p1a: Heatran|Earth Power|p2a: Cresselia\n|-immune|p2a: Cresselia|[from] ability: Levitate\n|move|p2a: Cresselia|Moonlight|p2a: Cresselia\n|-heal|p2a: Cresselia|100\/100\n|\n|-heal|p1a: Heatran|16\/100|[from] item: Leftovers\n|-damage|p2a: Cresselia|88\/100|[from] move: Magma Storm|[partiallytrapped]\n|upkeep\n|turn|36\n|\n|t:|1698507086\n|move|p1a: Heatran|Protect|p1a: Heatran\n|-singleturn|p1a: Heatran|Protect\n|move|p2a: Cresselia|Tera Blast|p1a: Heatran|[anim] Tera Blast Electric\n|-activate|p1a: Heatran|move: Protect\n|\n|-heal|p1a: Heatran|22\/100|[from] item: Leftovers\n|-heal|p2a: Cresselia|94\/100|[from] item: Leftovers\n|-damage|p2a: Cresselia|82\/100|[from] move: Magma Storm|[partiallytrapped]\n|upkeep\n|turn|37\n|\n|t:|1698507096\n|move|p1a: Heatran|Taunt|p2a: Cresselia\n|-start|p2a: Cresselia|move: Taunt\n|move|p2a: Cresselia|Tera Blast|p1a: Heatran|[anim] Tera Blast Electric\n|-damage|p1a: Heatran|1\/100\n|\n|-heal|p1a: Heatran|7\/100|[from] item: Leftovers\n|-heal|p2a: Cresselia|88\/100|[from] item: Leftovers\n|-damage|p2a: Cresselia|75\/100|[from] move: Magma Storm|[partiallytrapped]\n|upkeep\n|turn|38\n|\n|t:|1698507106\n|move|p1a: Heatran|Magma Storm|p2a: Cresselia\n|-damage|p2a: Cresselia|50\/100\n|move|p2a: Cresselia|Tera Blast|p1a: Heatran|[anim] Tera Blast Electric\n|-damage|p1a: Heatran|0 fnt\n|faint|p1a: Heatran\n|\n|-heal|p2a: Cresselia|56\/100|[from] item: Leftovers\n|-end|p2a: Cresselia|Magma Storm|[partiallytrapped]|[silent]\n|upkeep\n|\n|t:|1698507115\n|switch|p1a: Braviary|Braviary-Hisui, M|54\/100\n|turn|39\n|\n|t:|1698507120\n|move|p2a: Cresselia|Tera Blast|p1a: Braviary|[anim] Tera Blast Electric\n|-supereffective|p1a: Braviary\n|-damage|p1a: Braviary|0 fnt\n|faint|p1a: Braviary\n|\n|win|QCicicleCrashers\n|l|\u2606QCicicleCrashers\n","uploadtime":1698507135,"views":11,"p1id":"hemmingfordeqs","p2id":"qciciclecrashers","formatid":"gen9anythinggoes","rating":0,"private":0,"password":""}