{"id":"gen9anythinggoes-1995763959","p1":"Luigi3641","p2":"uikmh","format":"[Gen 9] Anything Goes","log":"|j|\u2606Luigi3641\n|j|\u2606uikmh\n|t:|1700600919\n|gametype|singles\n|player|p1|Luigi3641|juggler|1287\n|player|p2|uikmh|169|1404\n|teamsize|p1|6\n|teamsize|p2|6\n|gen|9\n|tier|[Gen 9] Anything Goes\n|rated|\n|rule|HP Percentage Mod: HP is shown in percentages\n|rule|Endless Battle Clause: Forcing endless battles is banned\n|clearpoke\n|poke|p1|Zapdos-Galar|\n|poke|p1|Infernape, M|\n|poke|p1|Hoopa-Unbound|\n|poke|p1|Scizor, M|\n|poke|p1|Azumarill, M|\n|poke|p1|Okidogi, M|\n|poke|p2|Koraidon|\n|poke|p2|Ogerpon-Hearthflame, F|\n|poke|p2|Walking Wake|\n|poke|p2|Rillaboom, M|\n|poke|p2|Calyrex-Shadow|\n|poke|p2|Glimmora, M|\n|teampreview\n|c|\u2606Luigi3641|Glhf\n|\n|t:|1700600937\n|start\n|switch|p1a: Hoopa|Hoopa-Unbound|100\/100\n|switch|p2a: Calyrex|Calyrex-Shadow|100\/100\n|-ability|p2a: Calyrex|As One\n|-ability|p2a: Calyrex|Unnerve\n|turn|1\n|\n|t:|1700600959\n|switch|p2a: Koraidon|Koraidon|100\/100\n|-weather|SunnyDay|[from] ability: Orichalcum Pulse|[of] p2a: Koraidon\n|-activate|p2a: Koraidon|Orichalcum Pulse|[source]\n|move|p1a: Hoopa|Dark Pulse|p2a: Koraidon\n|-resisted|p2a: Koraidon\n|-damage|p2a: Koraidon|83\/100\n|\n|-weather|SunnyDay|[upkeep]\n|upkeep\n|turn|2\n|\n|t:|1700600974\n|switch|p1a: Azumarill|Azumarill, M|100\/100\n|move|p2a: Koraidon|Collision Course|p1a: Azumarill\n|-resisted|p1a: Azumarill\n|-damage|p1a: Azumarill|61\/100\n|\n|-weather|SunnyDay|[upkeep]\n|upkeep\n|turn|3\n|\n|t:|1700600984\n|move|p2a: Koraidon|Iron Head|p1a: Azumarill\n|-damage|p1a: Azumarill|18\/100\n|-enditem|p1a: Azumarill|Sitrus Berry|[eat]\n|-heal|p1a: Azumarill|43\/100|[from] item: Sitrus Berry\n|cant|p1a: Azumarill|flinch\n|\n|-weather|SunnyDay|[upkeep]\n|upkeep\n|turn|4\n|\n|t:|1700600997\n|move|p2a: Koraidon|Iron Head|p1a: Azumarill\n|-damage|p1a: Azumarill|0 fnt\n|faint|p1a: Azumarill\n|\n|-weather|SunnyDay|[upkeep]\n|upkeep\n|\n|t:|1700601006\n|switch|p1a: Okidogi|Okidogi, M|100\/100\n|turn|5\n|\n|t:|1700601023\n|-terastallize|p2a: Koraidon|Fire\n|move|p2a: Koraidon|Dragon Claw|p1a: Okidogi\n|-damage|p1a: Okidogi|46\/100\n|move|p1a: Okidogi|Ice Punch|p2a: Koraidon\n|-resisted|p2a: Koraidon\n|-damage|p2a: Koraidon|68\/100\n|-damage|p1a: Okidogi|36\/100|[from] item: Life Orb\n|\n|-weather|none\n|upkeep\n|turn|6\n|\n|t:|1700601035\n|move|p2a: Koraidon|Dragon Claw|p1a: Okidogi\n|-damage|p1a: Okidogi|0 fnt\n|faint|p1a: Okidogi\n|\n|upkeep\n|\n|t:|1700601046\n|switch|p1a: Hoopa|Hoopa-Unbound|100\/100\n|turn|7\n|\n|t:|1700601055\n|switch|p2a: Glimmora|Glimmora, M|100\/100\n|move|p1a: Hoopa|Dark Pulse|p2a: Glimmora\n|-damage|p2a: Glimmora|48\/100\n|\n|upkeep\n|turn|8\n|\n|t:|1700601066\n|move|p1a: Hoopa|Dark Pulse|p2a: Glimmora\n|-damage|p2a: Glimmora|0 fnt\n|faint|p2a: Glimmora\n|\n|upkeep\n|\n|t:|1700601075\n|switch|p2a: Koraidon|Koraidon, tera:Fire|68\/100\n|-weather|SunnyDay|[from] ability: Orichalcum Pulse|[of] p2a: Koraidon\n|-activate|p2a: Koraidon|Orichalcum Pulse|[source]\n|turn|9\n|\n|t:|1700601082\n|move|p1a: Hoopa|Dark Pulse|p2a: Koraidon\n|-damage|p2a: Koraidon|31\/100\n|cant|p2a: Koraidon|flinch\n|\n|-weather|SunnyDay|[upkeep]\n|upkeep\n|turn|10\n|\n|t:|1700601092\n|move|p1a: Hoopa|Dark Pulse|p2a: Koraidon\n|-damage|p2a: Koraidon|0 fnt\n|faint|p2a: Koraidon\n|\n|-weather|SunnyDay|[upkeep]\n|upkeep\n|\n|t:|1700601099\n|switch|p2a: Walking Wake|Walking Wake|100\/100\n|-activate|p2a: Walking Wake|ability: Protosynthesis\n|-start|p2a: Walking Wake|protosynthesisspe\n|turn|11\n|\n|t:|1700601116\n|switch|p1a: Scizor|Scizor, M|100\/100\n|move|p2a: Walking Wake|Hydro Steam|p1a: Scizor\n|-damage|p1a: Scizor|25\/100\n|\n|-weather|SunnyDay|[upkeep]\n|upkeep\n|turn|12\n|\n|t:|1700601124\n|move|p1a: Scizor|Bullet Punch|p2a: Walking Wake\n|-resisted|p2a: Walking Wake\n|-crit|p2a: Walking Wake\n|-damage|p2a: Walking Wake|70\/100\n|move|p2a: Walking Wake|Hydro Steam|p1a: Scizor\n|-damage|p1a: Scizor|0 fnt\n|faint|p1a: Scizor\n|\n|-weather|SunnyDay|[upkeep]\n|upkeep\n|\n|t:|1700601128\n|switch|p1a: Hoopa|Hoopa-Unbound|100\/100\n|turn|13\n|\n|t:|1700601142\n|move|p2a: Walking Wake|Hydro Steam|p1a: Hoopa\n|-damage|p1a: Hoopa|48\/100\n|move|p1a: Hoopa|Trick|p2a: Walking Wake\n|-activate|p1a: Hoopa|move: Trick|[of] p2a: Walking Wake\n|-item|p2a: Walking Wake|Choice Scarf|[from] move: Trick\n|-item|p1a: Hoopa|Focus Sash|[from] move: Trick\n|\n|-weather|none\n|-end|p2a: Walking Wake|Protosynthesis\n|upkeep\n|turn|14\n|\n|t:|1700601157\n|move|p2a: Walking Wake|Hydro Steam|p1a: Hoopa\n|-damage|p1a: Hoopa|11\/100\n|move|p1a: Hoopa|Dark Pulse|p2a: Walking Wake\n|-damage|p2a: Walking Wake|16\/100\n|\n|upkeep\n|turn|15\n|\n|t:|1700601164\n|move|p2a: Walking Wake|Hydro Steam|p1a: Hoopa\n|-damage|p1a: Hoopa|0 fnt\n|faint|p1a: Hoopa\n|\n|upkeep\n|\n|t:|1700601166\n|switch|p1a: Zapdos|Zapdos-Galar|100\/100\n|turn|16\n|\n|t:|1700601173\n|-end|p2a: Walking Wake|Protosynthesis|[silent]\n|switch|p2a: Calyrex|Calyrex-Shadow|100\/100\n|-ability|p2a: Calyrex|As One\n|-ability|p2a: Calyrex|Unnerve\n|move|p1a: Zapdos|Trailblaze|p2a: Calyrex\n|-damage|p2a: Calyrex|82\/100\n|-boost|p1a: Zapdos|spe|1\n|\n|upkeep\n|turn|17\n|\n|t:|1700601184\n|move|p1a: Zapdos|Knock Off|p2a: Calyrex\n|-supereffective|p2a: Calyrex\n|-damage|p2a: Calyrex|0 fnt\n|-enditem|p2a: Calyrex|Focus Sash|[from] move: Knock Off|[of] p1a: Zapdos\n|faint|p2a: Calyrex\n|\n|upkeep\n|\n|t:|1700601194\n|switch|p2a: Rillaboom|Rillaboom, M|100\/100\n|-fieldstart|move: Grassy Terrain|[from] ability: Grassy Surge|[of] p2a: Rillaboom\n|turn|18\n|\n|t:|1700601200\n|move|p2a: Rillaboom|Fake Out|p1a: Zapdos\n|-damage|p1a: Zapdos|83\/100\n|cant|p1a: Zapdos|flinch\n|\n|upkeep\n|turn|19\n|\n|t:|1700601214\n|move|p2a: Rillaboom|Grassy Glide|p1a: Zapdos\n|-resisted|p1a: Zapdos\n|-damage|p1a: Zapdos|59\/100\n|move|p1a: Zapdos|Trailblaze|p2a: Rillaboom\n|-resisted|p2a: Rillaboom\n|-damage|p2a: Rillaboom|93\/100\n|-boost|p1a: Zapdos|spe|1\n|\n|-heal|p2a: Rillaboom|99\/100|[from] Grassy Terrain\n|-heal|p2a: Rillaboom|100\/100|[from] item: Leftovers\n|upkeep\n|turn|20\n|\n|t:|1700601227\n|switch|p2a: Ogerpon|Ogerpon-Hearthflame, F|100\/100\n|-ability|p2a: Ogerpon|Mold Breaker\n|move|p1a: Zapdos|Brave Bird|p2a: Ogerpon\n|-supereffective|p2a: Ogerpon\n|-damage|p2a: Ogerpon|0 fnt\n|faint|p2a: Ogerpon\n|-damage|p1a: Zapdos|24\/100|[from] Recoil\n|\n|upkeep\n|\n|t:|1700601239\n|switch|p2a: Rillaboom|Rillaboom, M|100\/100\n|turn|21\n|\n|t:|1700601250\n|move|p2a: Rillaboom|Fake Out|p1a: Zapdos\n|-damage|p1a: Zapdos|6\/100\n|cant|p1a: Zapdos|flinch\n|\n|upkeep\n|turn|22\n|\n|t:|1700601259\n|move|p2a: Rillaboom|Grassy Glide|p1a: Zapdos\n|-resisted|p1a: Zapdos\n|-damage|p1a: Zapdos|0 fnt\n|faint|p1a: Zapdos\n|\n|-fieldend|move: Grassy Terrain\n|upkeep\n|\n|t:|1700601260\n|switch|p1a: Infernape|Infernape, M|100\/100\n|turn|23\n|\n|t:|1700601275\n|move|p1a: Infernape|Fire Punch|p2a: Rillaboom\n|-supereffective|p2a: Rillaboom\n|-damage|p2a: Rillaboom|16\/100\n|move|p2a: Rillaboom|Drum Beating|p1a: Infernape\n|-resisted|p1a: Infernape\n|-damage|p1a: Infernape|67\/100\n|-unboost|p1a: Infernape|spe|1\n|\n|-heal|p2a: Rillaboom|22\/100|[from] item: Leftovers\n|upkeep\n|turn|24\n|\n|t:|1700601286\n|switch|p2a: Walking Wake|Walking Wake|16\/100\n|move|p1a: Infernape|Mach Punch|p2a: Walking Wake\n|-damage|p2a: Walking Wake|0 fnt\n|faint|p2a: Walking Wake\n|-end|p2a: Walking Wake|Protosynthesis|[silent]\n|\n|upkeep\n|\n|t:|1700601294\n|switch|p2a: Rillaboom|Rillaboom, M|22\/100\n|-fieldstart|move: Grassy Terrain|[from] ability: Grassy Surge|[of] p2a: Rillaboom\n|turn|25\n|\n|t:|1700601299\n|move|p2a: Rillaboom|Fake Out|p1a: Infernape\n|-damage|p1a: Infernape|46\/100\n|cant|p1a: Infernape|flinch\n|\n|-heal|p1a: Infernape|52\/100|[from] Grassy Terrain\n|-heal|p2a: Rillaboom|28\/100|[from] Grassy Terrain\n|-heal|p2a: Rillaboom|34\/100|[from] item: Leftovers\n|upkeep\n|turn|26\n|\n|t:|1700601309\n|move|p1a: Infernape|Mach Punch|p2a: Rillaboom\n|-damage|p2a: Rillaboom|10\/100\n|move|p2a: Rillaboom|Grassy Glide|p1a: Infernape\n|-resisted|p1a: Infernape\n|-damage|p1a: Infernape|21\/100\n|\n|-heal|p1a: Infernape|27\/100|[from] Grassy Terrain\n|-heal|p2a: Rillaboom|17\/100|[from] Grassy Terrain\n|-heal|p2a: Rillaboom|23\/100|[from] item: Leftovers\n|upkeep\n|turn|27\n|\n|t:|1700601323\n|move|p1a: Infernape|Mach Punch|p2a: Rillaboom\n|-damage|p2a: Rillaboom|0 fnt\n|faint|p2a: Rillaboom\n|\n|win|Luigi3641\n|raw|Luigi3641's rating: 1287 &rarr; <strong>1320<\/strong><br \/>(+33 for winning)\n|raw|uikmh's rating: 1404 &rarr; <strong>1378<\/strong><br \/>(-26 for losing)\n|c|\u2606Luigi3641|gg\n|l|\u2606uikmh\n","uploadtime":1700601332,"views":0,"p1id":"luigi3641","p2id":"uikmh","formatid":"gen9anythinggoes","rating":1320,"private":0,"password":""}