{"id":"gen9anythinggoes-1992562021","p1":"papahue","p2":"V 0 L T E D","format":"[Gen 9] Anything Goes","log":"|j|\u2606papahue\n|j|\u2606V 0 L T E D\n|t:|1700206186\n|gametype|singles\n|player|p1|papahue|266|1376\n|player|p2|V 0 L T E D|chase|1355\n|teamsize|p1|6\n|teamsize|p2|6\n|gen|9\n|tier|[Gen 9] Anything Goes\n|rated|\n|rule|HP Percentage Mod: HP is shown in percentages\n|rule|Endless Battle Clause: Forcing endless battles is banned\n|clearpoke\n|poke|p1|Espathra, F|\n|poke|p1|Grimmsnarl, M|\n|poke|p1|Torkoal, M|\n|poke|p1|Vaporeon, F|\n|poke|p1|Meowscarada, F|\n|poke|p1|Delphox, F|\n|poke|p2|Zacian-*|\n|poke|p2|Miraidon|\n|poke|p2|Regieleki|\n|poke|p2|Koraidon|\n|poke|p2|Eternatus|\n|poke|p2|Giratina|\n|teampreview\n|inactive|Battle timer is ON: inactive players will automatically lose when time's up. (requested by V 0 L T E D)\n|\n|t:|1700206192\n|start\n|switch|p1a: Ronald G. Snarls|Grimmsnarl, M|100\/100\n|switch|p2a: Regieleki|Regieleki|100\/100\n|turn|1\n|\n|t:|1700206195\n|move|p1a: Ronald G. Snarls|Light Screen|p1a: Ronald G. Snarls\n|-sidestart|p1: papahue|move: Light Screen\n|move|p2a: Regieleki|Reflect|p2a: Regieleki\n|-sidestart|p2: V 0 L T E D|Reflect\n|\n|upkeep\n|turn|2\n|\n|t:|1700206198\n|move|p1a: Ronald G. Snarls|Reflect|p1a: Ronald G. Snarls\n|-sidestart|p1: papahue|Reflect\n|move|p2a: Regieleki|Light Screen|p2a: Regieleki\n|-sidestart|p2: V 0 L T E D|move: Light Screen\n|\n|upkeep\n|turn|3\n|\n|t:|1700206202\n|move|p2a: Regieleki|Explosion|p1a: Ronald G. Snarls\n|-damage|p1a: Ronald G. Snarls|53\/100\n|faint|p2a: Regieleki\n|move|p1a: Ronald G. Snarls|Play Rough|p2: Regieleki|[notarget]\n|-fail|p1a: Ronald G. Snarls\n|\n|upkeep\n|\n|t:|1700206205\n|switch|p2a: Zacian|Zacian-Crowned, shiny|100\/100\n|-ability|p2a: Zacian|Intrepid Sword|boost\n|-boost|p2a: Zacian|atk|1\n|turn|4\n|\n|t:|1700206208\n|move|p1a: Ronald G. Snarls|Parting Shot|p2a: Zacian\n|-unboost|p2a: Zacian|atk|1\n|-unboost|p2a: Zacian|spa|1\n|\n|t:|1700206211\n|switch|p1a: Salacia|Vaporeon, F|100\/100|[from] Parting Shot\n|move|p2a: Zacian|Swords Dance|p2a: Zacian\n|-boost|p2a: Zacian|atk|2\n|\n|upkeep\n|turn|5\n|\n|t:|1700206215\n|-terastallize|p2a: Zacian|Water\n|move|p2a: Zacian|Swords Dance|p2a: Zacian\n|-boost|p2a: Zacian|atk|2\n|move|p1a: Salacia|Haze|p1a: Salacia\n|-clearallboost\n|\n|-sideend|p2: V 0 L T E D|Reflect\n|upkeep\n|turn|6\n|\n|t:|1700206219\n|move|p2a: Zacian|Behemoth Blade|p1a: Salacia\n|-resisted|p1a: Salacia\n|-damage|p1a: Salacia|86\/100\n|move|p1a: Salacia|Scald|p2a: Zacian\n|-resisted|p2a: Zacian\n|-damage|p2a: Zacian|93\/100\n|\n|-heal|p1a: Salacia|92\/100|[from] item: Leftovers\n|-sideend|p2: V 0 L T E D|move: Light Screen\n|upkeep\n|turn|7\n|\n|t:|1700206223\n|move|p2a: Zacian|Sacred Sword|p1a: Salacia\n|-damage|p1a: Salacia|75\/100\n|move|p1a: Salacia|Scald|p2a: Zacian\n|-resisted|p2a: Zacian\n|-damage|p2a: Zacian|76\/100\n|\n|-heal|p1a: Salacia|81\/100|[from] item: Leftovers\n|upkeep\n|turn|8\n|\n|t:|1700206226\n|move|p2a: Zacian|Dazzling Gleam|p1a: Salacia\n|-damage|p1a: Salacia|72\/100\n|move|p1a: Salacia|Scald|p2a: Zacian\n|-resisted|p2a: Zacian\n|-damage|p2a: Zacian|60\/100\n|\n|-heal|p1a: Salacia|79\/100|[from] item: Leftovers\n|-sideend|p1: papahue|move: Light Screen\n|upkeep\n|turn|9\n|\n|t:|1700206230\n|switch|p2a: Miraidon|Miraidon|100\/100\n|-fieldstart|move: Electric Terrain|[from] ability: Hadron Engine|[of] p2a: Miraidon\n|move|p1a: Salacia|Scald|p2a: Miraidon\n|-resisted|p2a: Miraidon\n|-damage|p2a: Miraidon|85\/100\n|-status|p2a: Miraidon|brn\n|\n|-heal|p1a: Salacia|85\/100|[from] item: Leftovers\n|-damage|p2a: Miraidon|79\/100 brn|[from] brn\n|-sideend|p1: papahue|Reflect\n|upkeep\n|turn|10\n|\n|t:|1700206248\n|move|p2a: Miraidon|Dragon Pulse|p1a: Salacia\n|-damage|p1a: Salacia|41\/100\n|move|p1a: Salacia|Ice Beam|p2a: Miraidon\n|-supereffective|p2a: Miraidon\n|-damage|p2a: Miraidon|27\/100 brn\n|\n|-heal|p1a: Salacia|47\/100|[from] item: Leftovers\n|-damage|p2a: Miraidon|21\/100 brn|[from] brn\n|upkeep\n|turn|11\n|\n|t:|1700206256\n|-terastallize|p1a: Salacia|Ground\n|move|p2a: Miraidon|Electro Drift|p1a: Salacia\n|-immune|p1a: Salacia\n|move|p1a: Salacia|Ice Beam|p2a: Miraidon\n|-supereffective|p2a: Miraidon\n|-damage|p2a: Miraidon|0 fnt\n|faint|p2a: Miraidon\n|\n|-heal|p1a: Salacia|54\/100|[from] item: Leftovers\n|upkeep\n|\n|t:|1700206265\n|switch|p2a: Giratina|Giratina, shiny|100\/100\n|-ability|p2a: Giratina|Pressure\n|turn|12\n|\n|t:|1700206269\n|move|p2a: Giratina|Destiny Bond|p2a: Giratina\n|-singlemove|p2a: Giratina|Destiny Bond\n|move|p1a: Salacia|Ice Beam|p2a: Giratina\n|-supereffective|p2a: Giratina\n|-damage|p2a: Giratina|70\/100\n|\n|-heal|p1a: Salacia|60\/100|[from] item: Leftovers\n|upkeep\n|turn|13\n|\n|t:|1700206273\n|move|p2a: Giratina|Ancient Power|p1a: Salacia\n|-resisted|p1a: Salacia\n|-damage|p1a: Salacia|55\/100\n|move|p1a: Salacia|Ice Beam|p2a: Giratina\n|-supereffective|p2a: Giratina\n|-damage|p2a: Giratina|40\/100\n|\n|-heal|p1a: Salacia|61\/100|[from] item: Leftovers\n|-fieldend|move: Electric Terrain\n|upkeep\n|turn|14\n|\n|t:|1700206277\n|move|p2a: Giratina|Destiny Bond|p2a: Giratina\n|-singlemove|p2a: Giratina|Destiny Bond\n|move|p1a: Salacia|Ice Beam|p2a: Giratina\n|-supereffective|p2a: Giratina\n|-damage|p2a: Giratina|11\/100\n|\n|-heal|p1a: Salacia|67\/100|[from] item: Leftovers\n|upkeep\n|turn|15\n|\n|t:|1700206280\n|move|p2a: Giratina|Shadow Force||[still]\n|-prepare|p2a: Giratina|Shadow Force\n|move|p1a: Salacia|Substitute|p1a: Salacia\n|-start|p1a: Salacia|Substitute\n|-damage|p1a: Salacia|42\/100\n|\n|-heal|p1a: Salacia|49\/100|[from] item: Leftovers\n|upkeep\n|turn|16\n|\n|t:|1700206286\n|move|p2a: Giratina|Shadow Force|p1a: Salacia|[from]lockedmove\n|-end|p1a: Salacia|Substitute\n|move|p1a: Salacia|Ice Beam|p2a: Giratina\n|-supereffective|p2a: Giratina\n|-damage|p2a: Giratina|0 fnt\n|faint|p2a: Giratina\n|\n|-heal|p1a: Salacia|55\/100|[from] item: Leftovers\n|upkeep\n|\n|t:|1700206290\n|switch|p2a: Koraidon|Koraidon|100\/100\n|-weather|SunnyDay|[from] ability: Orichalcum Pulse|[of] p2a: Koraidon\n|-activate|p2a: Koraidon|Orichalcum Pulse|[source]\n|turn|17\n|\n|t:|1700206294\n|switch|p1a: Oog|Torkoal, M|100\/100\n|move|p2a: Koraidon|Draco Meteor|p1a: Oog\n|-damage|p1a: Oog|64\/100\n|-unboost|p2a: Koraidon|spa|2\n|\n|-weather|SunnyDay|[upkeep]\n|upkeep\n|turn|18\n|\n|t:|1700206299\n|move|p2a: Koraidon|Collision Course|p1a: Oog\n|-damage|p1a: Oog|16\/100\n|move|p1a: Oog|Lava Plume|p2a: Koraidon\n|-resisted|p2a: Koraidon\n|-damage|p2a: Koraidon|83\/100\n|\n|-weather|SunnyDay|[upkeep]\n|upkeep\n|turn|19\n|\n|t:|1700206303\n|move|p2a: Koraidon|Collision Course|p1a: Oog\n|-damage|p1a: Oog|0 fnt\n|faint|p1a: Oog\n|\n|-weather|SunnyDay|[upkeep]\n|upkeep\n|\n|t:|1700206305\n|switch|p1a: Ronald G. Snarls|Grimmsnarl, M|53\/100\n|turn|20\n|\n|t:|1700206307\n|move|p1a: Ronald G. Snarls|Reflect|p1a: Ronald G. Snarls\n|-sidestart|p1: papahue|Reflect\n|move|p2a: Koraidon|Flare Blitz|p1a: Ronald G. Snarls\n|-damage|p1a: Ronald G. Snarls|0 fnt\n|faint|p1a: Ronald G. Snarls\n|-damage|p2a: Koraidon|63\/100|[from] Recoil\n|\n|-weather|SunnyDay|[upkeep]\n|upkeep\n|\n|t:|1700206309\n|switch|p1a: Anat|Espathra, F|100\/100\n|turn|21\n|\n|t:|1700206312\n|move|p2a: Koraidon|Flare Blitz|p1a: Anat\n|-damage|p1a: Anat|55\/100\n|-damage|p2a: Koraidon|45\/100|[from] Recoil\n|move|p1a: Anat|Calm Mind|p1a: Anat\n|-boost|p1a: Anat|spa|1\n|-boost|p1a: Anat|spd|1\n|\n|-weather|none\n|-ability|p1a: Anat|Speed Boost|boost\n|-boost|p1a: Anat|spe|1\n|upkeep\n|turn|22\n|\n|t:|1700206317\n|move|p1a: Anat|Calm Mind|p1a: Anat\n|-boost|p1a: Anat|spa|1\n|-boost|p1a: Anat|spd|1\n|move|p2a: Koraidon|Flare Blitz|p1a: Anat\n|-damage|p1a: Anat|34\/100\n|-damage|p2a: Koraidon|37\/100|[from] Recoil\n|\n|-ability|p1a: Anat|Speed Boost|boost\n|-boost|p1a: Anat|spe|1\n|upkeep\n|turn|23\n|\n|t:|1700206324\n|move|p1a: Anat|Protect|p1a: Anat\n|-singleturn|p1a: Anat|Protect\n|move|p2a: Koraidon|Flare Blitz|p1a: Anat\n|-activate|p1a: Anat|move: Protect\n|\n|-ability|p1a: Anat|Speed Boost|boost\n|-boost|p1a: Anat|spe|1\n|upkeep\n|turn|24\n|\n|t:|1700206326\n|move|p1a: Anat|Baton Pass|p1a: Anat\n|\n|t:|1700206327\n|switch|p1a: Delphox|Delphox, F|100\/100|[from] Baton Pass\n|move|p2a: Koraidon|Flare Blitz|p1a: Delphox\n|-resisted|p1a: Delphox\n|-damage|p1a: Delphox|90\/100\n|-damage|p2a: Koraidon|34\/100|[from] Recoil\n|\n|-heal|p1a: Delphox|96\/100|[from] item: Leftovers\n|upkeep\n|turn|25\n|\n|t:|1700206331\n|move|p1a: Delphox|Dazzling Gleam|p2a: Koraidon\n|-supereffective|p2a: Koraidon\n|-damage|p2a: Koraidon|0 fnt\n|faint|p2a: Koraidon\n|\n|-heal|p1a: Delphox|100\/100|[from] item: Leftovers\n|upkeep\n|\n|t:|1700206334\n|switch|p2a: Zacian|Zacian-Crowned, shiny, tera:Water|60\/100\n|turn|26\n|\n|t:|1700206338\n|move|p1a: Delphox|Stored Power|p2a: Zacian\n|-damage|p2a: Zacian|0 fnt\n|faint|p2a: Zacian\n|\n|upkeep\n|\n|t:|1700206340\n|switch|p2a: Eternatus|Eternatus|100\/100\n|-ability|p2a: Eternatus|Pressure\n|turn|27\n|\n|t:|1700206343\n|move|p1a: Delphox|Stored Power|p2a: Eternatus\n|-supereffective|p2a: Eternatus\n|-damage|p2a: Eternatus|0 fnt\n|faint|p2a: Eternatus\n|\n|win|papahue\n|raw|papahue's rating: 1376 &rarr; <strong>1395<\/strong><br \/>(+19 for winning)\n|raw|V 0 L T E D's rating: 1355 &rarr; <strong>1336<\/strong><br \/>(-19 for losing)\n|c|\u2606papahue|Gg\n|l|\u2606V 0 L T E D\n","uploadtime":1700206354,"views":8,"p1id":"papahue","p2id":"v0lted","formatid":"gen9anythinggoes","rating":1336,"private":0,"password":""}