{"id":"gen9anythinggoes-1980643988","p1":"papahue","p2":"Odd_Infinitum","format":"[Gen 9] Anything Goes","log":"|j|\u2606papahue\n|j|\u2606Odd_Infinitum\n|t:|1698806982\n|gametype|singles\n|player|p1|papahue|2|1311\n|player|p2|Odd_Infinitum|kimonogirl|1190\n|teamsize|p1|6\n|teamsize|p2|6\n|gen|9\n|tier|[Gen 9] Anything Goes\n|rated|\n|rule|HP Percentage Mod: HP is shown in percentages\n|rule|Endless Battle Clause: Forcing endless battles is banned\n|clearpoke\n|poke|p1|Espathra, F|\n|poke|p1|Braixen, F|\n|poke|p1|Grimmsnarl, M|\n|poke|p1|Torkoal, M|\n|poke|p1|Vaporeon, M|\n|poke|p1|Meowscarada, F|\n|poke|p2|Spidops, M|\n|poke|p2|Glimmora, M|\n|poke|p2|Clodsire, M|\n|poke|p2|Scovillain, F|\n|poke|p2|Noivern, F|\n|poke|p2|Houndstone, M|\n|teampreview\n|inactive|Battle timer is ON: inactive players will automatically lose when time's up. (requested by Odd_Infinitum)\n|\n|t:|1698806996\n|start\n|switch|p1a: Vaporeon|Vaporeon, M|100\/100\n|switch|p2a: Spidops|Spidops, M|100\/100\n|turn|1\n|\n|t:|1698807000\n|move|p2a: Spidops|Sticky Web|p1a: Vaporeon\n|-sidestart|p1: papahue|move: Sticky Web\n|move|p1a: Vaporeon|Substitute|p1a: Vaporeon\n|-start|p1a: Vaporeon|Substitute\n|-damage|p1a: Vaporeon|75\/100\n|\n|-heal|p1a: Vaporeon|82\/100|[from] item: Leftovers\n|upkeep\n|turn|2\n|\n|t:|1698807008\n|switch|p2a: Noivern|Noivern, F|100\/100\n|move|p1a: Vaporeon|Hydro Pump|p2a: Noivern\n|-resisted|p2a: Noivern\n|-damage|p2a: Noivern|76\/100\n|\n|-heal|p2a: Noivern|82\/100|[from] item: Leftovers\n|-heal|p1a: Vaporeon|88\/100|[from] item: Leftovers\n|upkeep\n|turn|3\n|\n|t:|1698807017\n|move|p1a: Vaporeon|Ice Beam|p2a: Noivern\n|-supereffective|p2a: Noivern\n|-damage|p2a: Noivern|0 fnt\n|faint|p2a: Noivern\n|\n|-heal|p1a: Vaporeon|94\/100|[from] item: Leftovers\n|upkeep\n|\n|t:|1698807023\n|switch|p2a: Spidops|Spidops, M|100\/100\n|turn|4\n|\n|t:|1698807029\n|switch|p2a: Houndstone|Houndstone, M|100\/100\n|move|p1a: Vaporeon|Hydro Pump|p2a: Houndstone\n|-damage|p2a: Houndstone|50\/100\n|\n|-heal|p1a: Vaporeon|100\/100|[from] item: Leftovers\n|upkeep\n|turn|5\n|\n|t:|1698807037\n|move|p1a: Vaporeon|Hydro Pump|p2a: Houndstone\n|-damage|p2a: Houndstone|0 fnt\n|faint|p2a: Houndstone\n|\n|upkeep\n|\n|t:|1698807043\n|switch|p2a: Clodsire|Clodsire, M|100\/100\n|turn|6\n|\n|t:|1698807049\n|move|p1a: Vaporeon|Hydro Pump|p2a: Clodsire\n|-immune|p2a: Clodsire|[from] ability: Water Absorb\n|move|p2a: Clodsire|Yawn||[still]\n|-fail|p2a: Clodsire\n|\n|upkeep\n|turn|7\n|\n|t:|1698807060\n|move|p1a: Vaporeon|Ice Beam|p2a: Clodsire\n|-supereffective|p2a: Clodsire\n|-damage|p2a: Clodsire|62\/100\n|move|p2a: Clodsire|Earthquake|p1a: Vaporeon\n|-end|p1a: Vaporeon|Substitute\n|\n|-heal|p2a: Clodsire|68\/100|[from] item: Leftovers\n|upkeep\n|turn|8\n|\n|t:|1698807067\n|move|p1a: Vaporeon|Substitute|p1a: Vaporeon\n|-start|p1a: Vaporeon|Substitute\n|-damage|p1a: Vaporeon|75\/100\n|move|p2a: Clodsire|Yawn||[still]\n|-fail|p2a: Clodsire\n|\n|-heal|p1a: Vaporeon|82\/100|[from] item: Leftovers\n|-heal|p2a: Clodsire|75\/100|[from] item: Leftovers\n|upkeep\n|turn|9\n|\n|t:|1698807075\n|move|p1a: Vaporeon|Ice Beam|p2a: Clodsire\n|-supereffective|p2a: Clodsire\n|-damage|p2a: Clodsire|40\/100\n|move|p2a: Clodsire|Earthquake|p1a: Vaporeon\n|-end|p1a: Vaporeon|Substitute\n|\n|-heal|p1a: Vaporeon|88\/100|[from] item: Leftovers\n|-heal|p2a: Clodsire|46\/100|[from] item: Leftovers\n|upkeep\n|turn|10\n|\n|t:|1698807083\n|move|p1a: Vaporeon|Ice Beam|p2a: Clodsire\n|-supereffective|p2a: Clodsire\n|-damage|p2a: Clodsire|11\/100\n|move|p2a: Clodsire|Earthquake|p1a: Vaporeon\n|-damage|p1a: Vaporeon|60\/100\n|\n|-heal|p1a: Vaporeon|66\/100|[from] item: Leftovers\n|-heal|p2a: Clodsire|17\/100|[from] item: Leftovers\n|upkeep\n|turn|11\n|\n|t:|1698807092\n|move|p1a: Vaporeon|Ice Beam|p2a: Clodsire\n|-supereffective|p2a: Clodsire\n|-damage|p2a: Clodsire|0 fnt\n|faint|p2a: Clodsire\n|\n|-heal|p1a: Vaporeon|72\/100|[from] item: Leftovers\n|upkeep\n|\n|t:|1698807098\n|switch|p2a: Scovillain|Scovillain, F|100\/100\n|turn|12\n|-message|Odd_Infinitum forfeited.\n|\n|win|papahue\n|raw|papahue's rating: 1311 &rarr; <strong>1324<\/strong><br \/>(+13 for winning)\n|raw|Odd_Infinitum's rating: 1190 &rarr; <strong>1173<\/strong><br \/>(-17 for losing)\n|l|\u2606Odd_Infinitum\n","uploadtime":1698807106,"views":11,"p1id":"papahue","p2id":"oddinfinitum","formatid":"gen9anythinggoes","rating":1173,"private":0,"password":""}