{"id":"gen9anythinggoes-1989038636","p1":"NatusTheGreatus","p2":"kfowler42","format":"[Gen 9] Anything Goes","log":"|j|\u2606NatusTheGreatus\n|j|\u2606kfowler42\n|t:|1699805260\n|gametype|singles\n|player|p1|NatusTheGreatus|swimmer|\n|player|p2|kfowler42|medium|\n|teamsize|p1|6\n|teamsize|p2|6\n|gen|9\n|tier|[Gen 9] Anything Goes\n|rule|HP Percentage Mod: HP is shown in percentages\n|rule|Endless Battle Clause: Forcing endless battles is banned\n|clearpoke\n|poke|p1|Iron Bundle|\n|poke|p1|Ting-Lu|\n|poke|p1|Skeledirge, F|\n|poke|p1|Mimikyu, F|\n|poke|p1|Lucario, M|\n|poke|p1|Milotic, F|\n|poke|p2|Iron Valiant|\n|poke|p2|Greninja-*, F|\n|poke|p2|Torterra, F|\n|poke|p2|Corviknight, M|\n|poke|p2|Sylveon, F|\n|poke|p2|Meowscarada, F|\n|teampreview\n|\n|t:|1699805290\n|start\n|switch|p1a: Iron Bundle|Iron Bundle|100\/100\n|switch|p2a: Transformer Babe|Iron Valiant|100\/100\n|turn|1\n|c|\u2606kfowler42|weakness: iron bundle\n|\n|t:|1699805320\n|move|p1a: Iron Bundle|Ice Beam|p2a: Transformer Babe\n|-damage|p2a: Transformer Babe|0 fnt\n|faint|p2a: Transformer Babe\n|-end|p2a: Transformer Babe|Quark Drive|[silent]\n|\n|upkeep\n|\n|t:|1699805332\n|switch|p2a: Mutant Ninja Cat|Meowscarada, F|100\/100\n|turn|2\n|\n|t:|1699805356\n|move|p2a: Mutant Ninja Cat|Flower Trick|p1a: Iron Bundle\n|-start|p2a: Mutant Ninja Cat|typechange|Grass|[from] ability: Protean\n|-supereffective|p1a: Iron Bundle\n|-crit|p1a: Iron Bundle\n|-damage|p1a: Iron Bundle|0 fnt\n|faint|p1a: Iron Bundle\n|-end|p1a: Iron Bundle|Quark Drive|[silent]\n|\n|upkeep\n|\n|t:|1699805370\n|switch|p1a: Skeledirge|Skeledirge, F|100\/100\n|turn|3\n|\n|t:|1699805393\n|switch|p2a: K-pop Artist|Greninja, F|100\/100\n|move|p1a: Skeledirge|Torch Song|p2a: K-pop Artist\n|-resisted|p2a: K-pop Artist\n|-damage|p2a: K-pop Artist|76\/100\n|-boost|p1a: Skeledirge|spa|1\n|\n|upkeep\n|turn|4\n|\n|t:|1699805407\n|switch|p1a: Lucario|Lucario, M, shiny|100\/100\n|move|p2a: K-pop Artist|Hydro Pump|p1a: Lucario|[miss]\n|-start|p2a: K-pop Artist|typechange|Water|[from] ability: Protean\n|-miss|p2a: K-pop Artist|p1a: Lucario\n|\n|upkeep\n|turn|5\n|\n|t:|1699805432\n|switch|p2a: Petsmart Fishtank|Torterra, F|100\/100\n|move|p1a: Lucario|Ice Punch|p2a: Petsmart Fishtank\n|-supereffective|p2a: Petsmart Fishtank\n|-crit|p2a: Petsmart Fishtank\n|-damage|p2a: Petsmart Fishtank|0 fnt\n|faint|p2a: Petsmart Fishtank\n|-damage|p1a: Lucario|91\/100|[from] item: Life Orb\n|\n|upkeep\n|\n|t:|1699805449\n|switch|p2a: K-pop Artist|Greninja, F|76\/100\n|turn|6\n|\n|t:|1699805467\n|move|p2a: K-pop Artist|Quick Attack|p1a: Lucario\n|-start|p2a: K-pop Artist|typechange|Normal|[from] ability: Protean\n|-resisted|p1a: Lucario\n|-damage|p1a: Lucario|78\/100\n|-damage|p2a: K-pop Artist|66\/100|[from] item: Life Orb\n|move|p1a: Lucario|Close Combat|p2a: K-pop Artist\n|-supereffective|p2a: K-pop Artist\n|-damage|p2a: K-pop Artist|0 fnt\n|-unboost|p1a: Lucario|def|1\n|-unboost|p1a: Lucario|spd|1\n|faint|p2a: K-pop Artist\n|-damage|p1a: Lucario|68\/100|[from] item: Life Orb\n|\n|upkeep\n|\n|t:|1699805479\n|switch|p2a: Abyzou|Corviknight, M|100\/100\n|-ability|p2a: Abyzou|Pressure\n|turn|7\n|\n|t:|1699805494\n|switch|p1a: Skeledirge|Skeledirge, F|100\/100\n|move|p2a: Abyzou|Tailwind|p2a: Abyzou\n|-sidestart|p2: kfowler42|move: Tailwind\n|\n|upkeep\n|turn|8\n|\n|t:|1699805510\n|switch|p2a: Marsha|Sylveon, F|100\/100\n|move|p1a: Skeledirge|Will-O-Wisp|p2a: Marsha\n|-status|p2a: Marsha|brn\n|\n|-damage|p2a: Marsha|94\/100 brn|[from] brn\n|upkeep\n|turn|9\n|\n|t:|1699805525\n|switch|p1a: Ting-Lu|Ting-Lu|100\/100\n|-ability|p1a: Ting-Lu|Vessel of Ruin\n|move|p2a: Marsha|Calm Mind|p2a: Marsha\n|-boost|p2a: Marsha|spa|1\n|-boost|p2a: Marsha|spd|1\n|\n|-heal|p2a: Marsha|100\/100 brn|[from] item: Leftovers\n|-damage|p2a: Marsha|94\/100 brn|[from] brn\n|upkeep\n|turn|10\n|\n|t:|1699805556\n|switch|p1a: Milotic|Milotic, F, shiny|100\/100\n|move|p2a: Marsha|Hyper Voice|p1a: Milotic\n|-damage|p1a: Milotic|75\/100\n|\n|-heal|p2a: Marsha|100\/100 brn|[from] item: Leftovers\n|-damage|p2a: Marsha|94\/100 brn|[from] brn\n|-sideend|p2: kfowler42|move: Tailwind\n|upkeep\n|turn|11\n|\n|t:|1699805569\n|move|p2a: Marsha|Protect|p2a: Marsha\n|-singleturn|p2a: Marsha|Protect\n|move|p1a: Milotic|Scald|p2a: Marsha\n|-activate|p2a: Marsha|move: Protect\n|\n|-heal|p2a: Marsha|100\/100 brn|[from] item: Leftovers\n|-damage|p2a: Marsha|94\/100 brn|[from] brn\n|upkeep\n|turn|12\n|\n|t:|1699805579\n|move|p1a: Milotic|Flip Turn|p2a: Marsha\n|-damage|p2a: Marsha|83\/100 brn\n|\n|t:|1699805582\n|switch|p1a: Lucario|Lucario, M, shiny|68\/100|[from] Flip Turn\n|move|p2a: Marsha|Calm Mind|p2a: Marsha\n|-boost|p2a: Marsha|spa|1\n|-boost|p2a: Marsha|spd|1\n|\n|-heal|p2a: Marsha|89\/100 brn|[from] item: Leftovers\n|-damage|p2a: Marsha|83\/100 brn|[from] brn\n|upkeep\n|turn|13\n|\n|t:|1699805592\n|move|p2a: Marsha|Protect|p2a: Marsha\n|-singleturn|p2a: Marsha|Protect\n|move|p1a: Lucario|Bullet Punch|p2a: Marsha\n|-activate|p2a: Marsha|move: Protect\n|\n|-heal|p2a: Marsha|89\/100 brn|[from] item: Leftovers\n|-damage|p2a: Marsha|83\/100 brn|[from] brn\n|upkeep\n|turn|14\n|\n|t:|1699805601\n|move|p1a: Lucario|Bullet Punch|p2a: Marsha\n|-supereffective|p2a: Marsha\n|-damage|p2a: Marsha|47\/100 brn\n|-damage|p1a: Lucario|59\/100|[from] item: Life Orb\n|move|p2a: Marsha|Hyper Voice|p1a: Lucario\n|-damage|p1a: Lucario|0 fnt\n|faint|p1a: Lucario\n|\n|-heal|p2a: Marsha|53\/100 brn|[from] item: Leftovers\n|-damage|p2a: Marsha|47\/100 brn|[from] brn\n|upkeep\n|\n|t:|1699805618\n|switch|p1a: Mimikyu|Mimikyu, F, shiny|100\/100\n|turn|15\n|\n|t:|1699805622\n|move|p2a: Marsha|Protect|p2a: Marsha\n|-singleturn|p2a: Marsha|Protect\n|move|p1a: Mimikyu|Swords Dance|p1a: Mimikyu\n|-boost|p1a: Mimikyu|atk|2\n|\n|-heal|p2a: Marsha|53\/100 brn|[from] item: Leftovers\n|-damage|p2a: Marsha|47\/100 brn|[from] brn\n|upkeep\n|turn|16\n|\n|t:|1699805636\n|move|p1a: Mimikyu|Leech Life|p2a: Marsha\n|-resisted|p2a: Marsha\n|-damage|p2a: Marsha|23\/100 brn\n|-damage|p1a: Mimikyu|91\/100|[from] item: Life Orb\n|move|p2a: Marsha|Wish|p2a: Marsha\n|\n|-heal|p2a: Marsha|29\/100 brn|[from] item: Leftovers\n|-damage|p2a: Marsha|23\/100 brn|[from] brn\n|upkeep\n|turn|17\n|\n|t:|1699805645\n|move|p2a: Marsha|Protect|p2a: Marsha\n|-singleturn|p2a: Marsha|Protect\n|move|p1a: Mimikyu|Swords Dance|p1a: Mimikyu\n|-boost|p1a: Mimikyu|atk|2\n|\n|-heal|p2a: Marsha|73\/100 brn|[from] move: Wish|[wisher] Marsha\n|-heal|p2a: Marsha|79\/100 brn|[from] item: Leftovers\n|-damage|p2a: Marsha|73\/100 brn|[from] brn\n|upkeep\n|turn|18\n|\n|t:|1699805657\n|move|p1a: Mimikyu|Play Rough|p2a: Marsha\n|-damage|p2a: Marsha|0 fnt\n|faint|p2a: Marsha\n|-damage|p1a: Mimikyu|81\/100|[from] item: Life Orb\n|\n|upkeep\n|\n|t:|1699805674\n|switch|p2a: Abyzou|Corviknight, M|100\/100\n|-ability|p2a: Abyzou|Pressure\n|turn|19\n|\n|t:|1699805681\n|move|p1a: Mimikyu|Shadow Claw|p2a: Abyzou\n|-damage|p2a: Abyzou|15\/100\n|-damage|p1a: Mimikyu|71\/100|[from] item: Life Orb\n|move|p2a: Abyzou|Iron Head|p1a: Mimikyu\n|-activate|p1a: Mimikyu|ability: Disguise\n|-damage|p1a: Mimikyu|71\/100\n|detailschange|p1a: Mimikyu|Mimikyu-Busted, F, shiny\n|-damage|p1a: Mimikyu|58\/100|[from] pokemon: Mimikyu-Busted\n|\n|-heal|p2a: Abyzou|21\/100|[from] item: Leftovers\n|upkeep\n|turn|20\n|\n|t:|1699805709\n|move|p1a: Mimikyu|Shadow Claw|p2a: Abyzou\n|-damage|p2a: Abyzou|0 fnt\n|faint|p2a: Abyzou\n|-damage|p1a: Mimikyu|48\/100|[from] item: Life Orb\n|\n|upkeep\n|\n|t:|1699805715\n|switch|p2a: Mutant Ninja Cat|Meowscarada, F|100\/100\n|turn|21\n|\n|t:|1699805738\n|move|p2a: Mutant Ninja Cat|Knock Off|p1a: Mimikyu\n|-start|p2a: Mutant Ninja Cat|typechange|Dark|[from] ability: Protean\n|-damage|p1a: Mimikyu|0 fnt\n|-enditem|p1a: Mimikyu|Life Orb|[from] move: Knock Off|[of] p2a: Mutant Ninja Cat\n|faint|p1a: Mimikyu\n|\n|upkeep\n|\n|t:|1699805746\n|switch|p1a: Skeledirge|Skeledirge, F|100\/100\n|turn|22\n|\n|t:|1699805751\n|move|p2a: Mutant Ninja Cat|Knock Off|p1a: Skeledirge\n|-supereffective|p1a: Skeledirge\n|-damage|p1a: Skeledirge|0 fnt\n|-enditem|p1a: Skeledirge|Heavy-Duty Boots|[from] move: Knock Off|[of] p2a: Mutant Ninja Cat\n|faint|p1a: Skeledirge\n|\n|upkeep\n|\n|t:|1699805766\n|switch|p1a: Ting-Lu|Ting-Lu|100\/100\n|-ability|p1a: Ting-Lu|Vessel of Ruin\n|turn|23\n|\n|t:|1699805772\n|move|p2a: Mutant Ninja Cat|Knock Off|p1a: Ting-Lu\n|-resisted|p1a: Ting-Lu\n|-damage|p1a: Ting-Lu|88\/100\n|-enditem|p1a: Ting-Lu|Leftovers|[from] move: Knock Off|[of] p2a: Mutant Ninja Cat\n|move|p1a: Ting-Lu|Body Press|p2a: Mutant Ninja Cat\n|-supereffective|p2a: Mutant Ninja Cat\n|-damage|p2a: Mutant Ninja Cat|9\/100\n|\n|upkeep\n|turn|24\n|\n|t:|1699805779\n|move|p2a: Mutant Ninja Cat|Knock Off|p1a: Ting-Lu\n|-resisted|p1a: Ting-Lu\n|-damage|p1a: Ting-Lu|79\/100\n|move|p1a: Ting-Lu|Body Press|p2a: Mutant Ninja Cat\n|-supereffective|p2a: Mutant Ninja Cat\n|-damage|p2a: Mutant Ninja Cat|0 fnt\n|faint|p2a: Mutant Ninja Cat\n|\n|win|NatusTheGreatus\n|l|\u2606NatusTheGreatus\n|j|\u2606NatusTheGreatus\n|player|p1|NatusTheGreatus|swimmer\n","uploadtime":1699805828,"views":6,"p1id":"natusthegreatus","p2id":"kfowler42","formatid":"gen9anythinggoes","rating":0,"private":0,"password":""}