{"id":"gen9anythinggoes-1974291560","p1":"ItsCapman","p2":"El Barano","format":"[Gen 9] Anything Goes","log":"|j|\u2606ItsCapman\n|j|\u2606El Barano\n|t:|1698075299\n|gametype|singles\n|player|p1|ItsCapman|palmer|\n|player|p2|El Barano|hiker-gen4|\n|teamsize|p1|6\n|teamsize|p2|6\n|gen|9\n|tier|[Gen 9] Anything Goes\n|rule|HP Percentage Mod: HP is shown in percentages\n|rule|Endless Battle Clause: Forcing endless battles is banned\n|clearpoke\n|poke|p1|Iron Bundle|\n|poke|p1|Cresselia, F|\n|poke|p1|Goodra-Hisui, F|\n|poke|p1|Ting-Lu|\n|poke|p1|Skeledirge, M|\n|poke|p1|Okidogi, M|\n|poke|p2|Thundurus-Therian, M|\n|poke|p2|Gholdengo|\n|poke|p2|Tyranitar, M|\n|poke|p2|Weezing-Galar, F|\n|poke|p2|Houndstone, M|\n|poke|p2|Tsareena, F|\n|teampreview\n|inactive|Battle timer is ON: inactive players will automatically lose when time's up. (requested by ItsCapman)\n|inactiveoff|Battle timer is now OFF.\n|c|\u2606ItsCapman|gl hf\n|c|\u2606El Barano|auf ein Gutes <3\n|\n|t:|1698075355\n|start\n|switch|p1a: Okidogi|Okidogi, M|100\/100\n|switch|p2a: Johnny Sins|Thundurus-Therian, M|100\/100\n|turn|1\n|\n|t:|1698075366\n|move|p2a: Johnny Sins|U-turn|p1a: Okidogi\n|-resisted|p1a: Okidogi\n|-damage|p1a: Okidogi|97\/100\n|\n|t:|1698075370\n|switch|p2a: Ralf|Weezing-Galar, F, shiny|100\/100|[from] U-turn\n|move|p1a: Okidogi|Knock Off|p2a: Ralf\n|-resisted|p2a: Ralf\n|-damage|p2a: Ralf|90\/100\n|-damage|p1a: Okidogi|81\/100|[from] item: Rocky Helmet|[of] p2a: Ralf\n|-enditem|p2a: Ralf|Rocky Helmet|[from] move: Knock Off|[of] p1a: Okidogi\n|\n|upkeep\n|turn|2\n|\n|t:|1698075412\n|switch|p1a: Goodra|Goodra-Hisui, F|100\/100\n|move|p2a: Ralf|Strange Steam|p1a: Goodra\n|-damage|p1a: Goodra|91\/100\n|-start|p1a: Goodra|confusion\n|\n|upkeep\n|turn|3\n|\n|t:|1698075435\n|switch|p2a: Klaus Peter|Tsareena, F, shiny|100\/100\n|-activate|p1a: Goodra|confusion\n|move|p1a: Goodra|Knock Off|p2a: Klaus Peter\n|-damage|p2a: Klaus Peter|77\/100\n|-enditem|p2a: Klaus Peter|Yache Berry|[from] move: Knock Off|[of] p1a: Goodra\n|\n|upkeep\n|turn|4\n|\n|t:|1698075458\n|move|p2a: Klaus Peter|Knock Off|p1a: Goodra\n|-damage|p1a: Goodra|67\/100\n|-enditem|p1a: Goodra|Assault Vest|[from] move: Knock Off|[of] p2a: Klaus Peter\n|-end|p1a: Goodra|confusion\n|move|p1a: Goodra|Ice Beam|p2a: Klaus Peter\n|-supereffective|p2a: Klaus Peter\n|-damage|p2a: Klaus Peter|41\/100\n|\n|upkeep\n|turn|5\n|\n|t:|1698075508\n|switch|p2a: Achim|Tyranitar, M, shiny|100\/100\n|-weather|Sandstorm|[from] ability: Sand Stream|[of] p2a: Achim\n|move|p1a: Goodra|Knock Off|p2a: Achim\n|-resisted|p2a: Achim\n|-damage|p2a: Achim|92\/100\n|-enditem|p2a: Achim|Chople Berry|[from] move: Knock Off|[of] p1a: Goodra\n|\n|-weather|Sandstorm|[upkeep]\n|upkeep\n|turn|6\n|\n|t:|1698075521\n|move|p2a: Achim|Stealth Rock|p1a: Goodra\n|-sidestart|p1: ItsCapman|move: Stealth Rock\n|move|p1a: Goodra|Heavy Slam|p2a: Achim\n|-supereffective|p2a: Achim\n|-damage|p2a: Achim|69\/100\n|\n|-weather|Sandstorm|[upkeep]\n|upkeep\n|turn|7\n|\n|t:|1698075554\n|switch|p1a: Ting-Lu|Ting-Lu|100\/100\n|-damage|p1a: Ting-Lu|94\/100|[from] Stealth Rock\n|-ability|p1a: Ting-Lu|Vessel of Ruin\n|move|p2a: Achim|Thunder Wave|p1a: Ting-Lu\n|-immune|p1a: Ting-Lu\n|\n|-weather|Sandstorm|[upkeep]\n|upkeep\n|turn|8\n|\n|t:|1698075582\n|move|p2a: Achim|Knock Off|p1a: Ting-Lu\n|-resisted|p1a: Ting-Lu\n|-damage|p1a: Ting-Lu|85\/100\n|-enditem|p1a: Ting-Lu|Sitrus Berry|[from] move: Knock Off|[of] p2a: Achim\n|move|p1a: Ting-Lu|Body Press|p2a: Achim\n|-supereffective|p2a: Achim\n|-damage|p2a: Achim|0 fnt\n|faint|p2a: Achim\n|\n|-weather|Sandstorm|[upkeep]\n|upkeep\n|\n|t:|1698075600\n|switch|p2a: Klaus Peter|Tsareena, F, shiny|41\/100\n|turn|9\n|\n|t:|1698075607\n|switch|p1a: Okidogi|Okidogi, M|81\/100\n|-damage|p1a: Okidogi|75\/100|[from] Stealth Rock\n|move|p2a: Klaus Peter|Power Whip|p1a: Okidogi\n|-resisted|p1a: Okidogi\n|-damage|p1a: Okidogi|53\/100\n|\n|-weather|none\n|upkeep\n|turn|10\n|\n|t:|1698075632\n|move|p1a: Okidogi|Ice Punch|p2a: Klaus Peter\n|-supereffective|p2a: Klaus Peter\n|-damage|p2a: Klaus Peter|0 fnt\n|faint|p2a: Klaus Peter\n|\n|upkeep\n|\n|t:|1698075645\n|switch|p2a: Money Boy|Gholdengo|100\/100\n|turn|11\n|\n|t:|1698075690\n|switch|p1a: Goodra|Goodra-Hisui, F|67\/100\n|-damage|p1a: Goodra|61\/100|[from] Stealth Rock\n|switch|p2a: Ralf|Weezing-Galar, F, shiny|90\/100\n|\n|upkeep\n|turn|12\n|\n|t:|1698075703\n|move|p2a: Ralf|Strange Steam|p1a: Goodra\n|-damage|p1a: Goodra|47\/100\n|move|p1a: Goodra|Heavy Slam|p2a: Ralf\n|-supereffective|p2a: Ralf\n|-damage|p2a: Ralf|40\/100\n|\n|upkeep\n|turn|13\n|\n|t:|1698075716\n|switch|p2a: Money Boy|Gholdengo|100\/100\n|move|p1a: Goodra|Heavy Slam|p2a: Money Boy\n|-resisted|p2a: Money Boy\n|-damage|p2a: Money Boy|81\/100\n|\n|upkeep\n|turn|14\n|\n|t:|1698075733\n|move|p2a: Money Boy|Shadow Ball|p1a: Goodra\n|-damage|p1a: Goodra|25\/100\n|move|p1a: Goodra|Knock Off|p2a: Money Boy\n|-supereffective|p2a: Money Boy\n|-damage|p2a: Money Boy|36\/100\n|-enditem|p2a: Money Boy|Expert Belt|[from] move: Knock Off|[of] p1a: Goodra\n|\n|upkeep\n|turn|15\n|\n|t:|1698075752\n|move|p2a: Money Boy|Recover|p2a: Money Boy\n|-heal|p2a: Money Boy|86\/100\n|move|p1a: Goodra|Knock Off|p2a: Money Boy\n|-supereffective|p2a: Money Boy\n|-damage|p2a: Money Boy|57\/100\n|\n|upkeep\n|turn|16\n|\n|t:|1698075760\n|switch|p1a: Ting-Lu|Ting-Lu|85\/100\n|-damage|p1a: Ting-Lu|79\/100|[from] Stealth Rock\n|-ability|p1a: Ting-Lu|Vessel of Ruin\n|move|p2a: Money Boy|Shadow Ball|p1a: Ting-Lu\n|-resisted|p1a: Ting-Lu\n|-damage|p1a: Ting-Lu|67\/100\n|\n|upkeep\n|turn|17\n|\n|t:|1698075780\n|switch|p2a: Ralf|Weezing-Galar, F, shiny|40\/100\n|move|p1a: Ting-Lu|Ruination|p2a: Ralf\n|-damage|p2a: Ralf|20\/100\n|\n|upkeep\n|turn|18\n|\n|t:|1698075798\n|switch|p1a: Skeledirge|Skeledirge, M|100\/100\n|move|p2a: Ralf|Strange Steam|p1a: Skeledirge\n|-resisted|p1a: Skeledirge\n|-damage|p1a: Skeledirge|90\/100\n|\n|upkeep\n|turn|19\n|\n|t:|1698075810\n|move|p1a: Skeledirge|Torch Song|p2a: Ralf\n|-damage|p2a: Ralf|0 fnt\n|-boost|p1a: Skeledirge|spa|1\n|faint|p2a: Ralf\n|\n|upkeep\n|\n|t:|1698075833\n|switch|p2a: Karl Heinz|Houndstone, M, shiny|100\/100\n|turn|20\n|\n|t:|1698075838\n|switch|p1a: Ting-Lu|Ting-Lu|67\/100\n|-damage|p1a: Ting-Lu|61\/100|[from] Stealth Rock\n|-ability|p1a: Ting-Lu|Vessel of Ruin\n|move|p2a: Karl Heinz|Poltergeist||[still]\n|-fail|p2a: Karl Heinz\n|\n|upkeep\n|turn|21\n|\n|t:|1698075862\n|switch|p2a: Johnny Sins|Thundurus-Therian, M|100\/100\n|move|p1a: Ting-Lu|Stealth Rock|p2a: Johnny Sins\n|-sidestart|p2: El Barano|move: Stealth Rock\n|\n|upkeep\n|turn|22\n|\n|t:|1698075893\n|move|p2a: Johnny Sins|U-turn|p1a: Ting-Lu\n|-supereffective|p1a: Ting-Lu\n|-damage|p1a: Ting-Lu|49\/100\n|\n|t:|1698075902\n|switch|p2a: Money Boy|Gholdengo|57\/100|[from] U-turn\n|-damage|p2a: Money Boy|51\/100|[from] Stealth Rock\n|move|p1a: Ting-Lu|Ruination|p2a: Money Boy\n|-damage|p2a: Money Boy|26\/100\n|\n|upkeep\n|turn|23\n|\n|t:|1698075912\n|move|p2a: Money Boy|Recover|p2a: Money Boy\n|-heal|p2a: Money Boy|76\/100\n|move|p1a: Ting-Lu|Earthquake|p2a: Money Boy\n|-supereffective|p2a: Money Boy\n|-damage|p2a: Money Boy|0 fnt\n|faint|p2a: Money Boy\n|\n|upkeep\n|\n|t:|1698075931\n|switch|p2a: Karl Heinz|Houndstone, M, shiny|100\/100\n|-damage|p2a: Karl Heinz|88\/100|[from] Stealth Rock\n|turn|24\n|\n|t:|1698075939\n|-terastallize|p2a: Karl Heinz|Fairy\n|move|p2a: Karl Heinz|Rest|p2a: Karl Heinz\n|-status|p2a: Karl Heinz|slp|[from] move: Rest\n|-heal|p2a: Karl Heinz|100\/100 slp|[silent]\n|move|p1a: Ting-Lu|Ruination|p2a: Karl Heinz\n|-damage|p2a: Karl Heinz|51\/100 slp\n|\n|upkeep\n|turn|25\n|\n|t:|1698075962\n|cant|p2a: Karl Heinz|slp\n|move|p2a: Karl Heinz|Sleep Talk|p2a: Karl Heinz\n|move|p2a: Karl Heinz|Rest||[from]move: Sleep Talk|[still]\n|-fail|p2a: Karl Heinz\n|move|p1a: Ting-Lu|Earthquake|p2a: Karl Heinz\n|-damage|p2a: Karl Heinz|17\/100 slp\n|\n|upkeep\n|turn|26\n|\n|t:|1698075971\n|cant|p2a: Karl Heinz|slp\n|move|p2a: Karl Heinz|Sleep Talk|p2a: Karl Heinz\n|move|p2a: Karl Heinz|Poltergeist||[from]move: Sleep Talk|[still]\n|-fail|p2a: Karl Heinz\n|move|p1a: Ting-Lu|Earthquake|p2a: Karl Heinz\n|-damage|p2a: Karl Heinz|0 fnt\n|faint|p2a: Karl Heinz\n|\n|upkeep\n|\n|t:|1698075993\n|switch|p2a: Johnny Sins|Thundurus-Therian, M|100\/100\n|-damage|p2a: Johnny Sins|76\/100|[from] Stealth Rock\n|turn|27\n|\n|t:|1698076006\n|move|p2a: Johnny Sins|Dark Pulse|p1a: Ting-Lu\n|-resisted|p1a: Ting-Lu\n|-damage|p1a: Ting-Lu|39\/100\n|move|p1a: Ting-Lu|Ruination|p2a: Johnny Sins|[miss]\n|-miss|p1a: Ting-Lu|p2a: Johnny Sins\n|\n|upkeep\n|turn|28\n|\n|t:|1698076020\n|move|p2a: Johnny Sins|Dark Pulse|p1a: Ting-Lu\n|-resisted|p1a: Ting-Lu\n|-damage|p1a: Ting-Lu|31\/100\n|move|p1a: Ting-Lu|Ruination|p2a: Johnny Sins\n|-damage|p2a: Johnny Sins|38\/100\n|\n|upkeep\n|turn|29\n|\n|t:|1698076027\n|move|p2a: Johnny Sins|Dark Pulse|p1a: Ting-Lu\n|-resisted|p1a: Ting-Lu\n|-damage|p1a: Ting-Lu|21\/100\n|move|p1a: Ting-Lu|Body Press|p2a: Johnny Sins\n|-resisted|p2a: Johnny Sins\n|-damage|p2a: Johnny Sins|15\/100\n|\n|upkeep\n|turn|30\n|\n|t:|1698076034\n|move|p2a: Johnny Sins|Dark Pulse|p1a: Ting-Lu\n|-resisted|p1a: Ting-Lu\n|-damage|p1a: Ting-Lu|12\/100\n|cant|p1a: Ting-Lu|flinch\n|\n|upkeep\n|turn|31\n|\n|t:|1698076047\n|switch|p1a: Okidogi|Okidogi, M|53\/100\n|-damage|p1a: Okidogi|48\/100|[from] Stealth Rock\n|move|p2a: Johnny Sins|Dark Pulse|p1a: Okidogi\n|-resisted|p1a: Okidogi\n|-damage|p1a: Okidogi|30\/100\n|\n|upkeep\n|turn|32\n|\n|t:|1698076054\n|move|p2a: Johnny Sins|Dark Pulse|p1a: Okidogi\n|-resisted|p1a: Okidogi\n|-damage|p1a: Okidogi|10\/100\n|move|p1a: Okidogi|Ice Punch|p2a: Johnny Sins\n|-supereffective|p2a: Johnny Sins\n|-damage|p2a: Johnny Sins|0 fnt\n|faint|p2a: Johnny Sins\n|\n|win|ItsCapman\n|c|\u2606ItsCapman|GG\n|c|\u2606El Barano|gg\n","uploadtime":1698076066,"views":23,"p1id":"itscapman","p2id":"elbarano","formatid":"gen9anythinggoes","rating":0,"private":0,"password":""}