{"id":"gen9anythinggoes-1975388747","p1":"Hdishshgstshw","p2":"Rowan_Rocket","format":"[Gen 9] Anything Goes","log":"|j|\u2606Hdishshgstshw\n|j|\u2606Rowan_Rocket\n|t:|1698186017\n|gametype|singles\n|player|p1|Hdishshgstshw|lucas|1000\n|player|p2|Rowan_Rocket|rocketgrunt|1046\n|teamsize|p1|6\n|teamsize|p2|6\n|gen|9\n|tier|[Gen 9] Anything Goes\n|rated|\n|rule|HP Percentage Mod: HP is shown in percentages\n|rule|Endless Battle Clause: Forcing endless battles is banned\n|clearpoke\n|poke|p1|Scovillain, M|\n|poke|p1|Azumarill, M|\n|poke|p1|Skeledirge, M|\n|poke|p1|Scream Tail|\n|poke|p1|Chandelure, F|\n|poke|p1|Clodsire, F|\n|poke|p2|Farigiraf, M|\n|poke|p2|Wyrdeer, F|\n|poke|p2|Ursaluna, M|\n|poke|p2|Grafaiai, F|\n|poke|p2|Zoroark-Hisui, M|\n|poke|p2|Ambipom, F|\n|teampreview\n|inactive|Battle timer is ON: inactive players will automatically lose when time's up. (requested by Hdishshgstshw)\n|\n|t:|1698186033\n|start\n|switch|p1a: Skeledirge|Skeledirge, M|100\/100\n|switch|p2a: Grafaiai|Grafaiai, F|100\/100\n|turn|1\n|\n|t:|1698186041\n|move|p2a: Grafaiai|Parting Shot|p1a: Skeledirge\n|-unboost|p1a: Skeledirge|atk|1\n|-unboost|p1a: Skeledirge|spa|1\n|\n|t:|1698186045\n|switch|p2a: Ursaluna|Ursaluna, M|100\/100|[from] Parting Shot\n|move|p1a: Skeledirge|Torch Song|p2a: Ursaluna\n|-damage|p2a: Ursaluna|79\/100\n|-boost|p1a: Skeledirge|spa|1\n|\n|-status|p2a: Ursaluna|brn|[from] item: Flame Orb\n|upkeep\n|turn|2\n|\n|t:|1698186057\n|move|p1a: Skeledirge|Torch Song|p2a: Ursaluna\n|-damage|p2a: Ursaluna|44\/100 brn\n|-boost|p1a: Skeledirge|spa|1\n|move|p2a: Ursaluna|Earthquake|p1a: Skeledirge\n|-supereffective|p1a: Skeledirge\n|-damage|p1a: Skeledirge|0 fnt\n|faint|p1a: Skeledirge\n|\n|-damage|p2a: Ursaluna|38\/100 brn|[from] brn\n|upkeep\n|\n|t:|1698186069\n|switch|p1a: Clodsire|Clodsire, F|100\/100\n|turn|3\n|\n|t:|1698186074\n|move|p2a: Ursaluna|Earthquake|p1a: Clodsire\n|-supereffective|p1a: Clodsire\n|-damage|p1a: Clodsire|0 fnt\n|faint|p1a: Clodsire\n|\n|-damage|p2a: Ursaluna|32\/100 brn|[from] brn\n|upkeep\n|\n|t:|1698186087\n|switch|p1a: Chili Jean|Scovillain, M, shiny|100\/100\n|turn|4\n|\n|t:|1698186092\n|move|p1a: Chili Jean|Protect|p1a: Chili Jean\n|-singleturn|p1a: Chili Jean|Protect\n|move|p2a: Ursaluna|Facade|p1a: Chili Jean\n|-activate|p1a: Chili Jean|move: Protect\n|\n|-damage|p2a: Ursaluna|26\/100 brn|[from] brn\n|-ability|p1a: Chili Jean|Moody|boost\n|-boost|p1a: Chili Jean|spd|2\n|-unboost|p1a: Chili Jean|spe|1\n|upkeep\n|turn|5\n|\n|t:|1698186107\n|move|p1a: Chili Jean|Protect|p1a: Chili Jean\n|-singleturn|p1a: Chili Jean|Protect\n|move|p2a: Ursaluna|Facade|p1a: Chili Jean\n|-activate|p1a: Chili Jean|move: Protect\n|\n|-damage|p2a: Ursaluna|19\/100 brn|[from] brn\n|-ability|p1a: Chili Jean|Moody|boost\n|-boost|p1a: Chili Jean|def|2\n|-unboost|p1a: Chili Jean|spe|1\n|upkeep\n|turn|6\n|\n|t:|1698186118\n|move|p1a: Chili Jean|Protect||[still]\n|-fail|p1a: Chili Jean\n|move|p2a: Ursaluna|Facade|p1a: Chili Jean\n|-damage|p1a: Chili Jean|21\/100\n|\n|-heal|p1a: Chili Jean|27\/100|[from] item: Leftovers\n|-damage|p2a: Ursaluna|13\/100 brn|[from] brn\n|-ability|p1a: Chili Jean|Moody|boost\n|-boost|p1a: Chili Jean|def|2\n|-unboost|p1a: Chili Jean|spd|1\n|upkeep\n|turn|7\n|\n|t:|1698186133\n|switch|p2a: Grafaiai|Grafaiai, F|100\/100\n|move|p1a: Chili Jean|Seed Bomb|p2a: Grafaiai\n|-resisted|p2a: Grafaiai\n|-damage|p2a: Grafaiai|75\/100\n|\n|-heal|p2a: Grafaiai|81\/100|[from] item: Black Sludge\n|-heal|p1a: Chili Jean|33\/100|[from] item: Leftovers\n|-ability|p1a: Chili Jean|Moody|boost\n|-boost|p1a: Chili Jean|spa|2\n|-unboost|p1a: Chili Jean|def|1\n|upkeep\n|turn|8\n|\n|t:|1698186146\n|move|p1a: Chili Jean|Protect|p1a: Chili Jean\n|-singleturn|p1a: Chili Jean|Protect\n|move|p2a: Grafaiai|Poison Jab|p1a: Chili Jean\n|-activate|p1a: Chili Jean|move: Protect\n|\n|-heal|p2a: Grafaiai|87\/100|[from] item: Black Sludge\n|-heal|p1a: Chili Jean|39\/100|[from] item: Leftovers\n|-ability|p1a: Chili Jean|Moody|boost\n|-boost|p1a: Chili Jean|spe|2\n|-unboost|p1a: Chili Jean|atk|1\n|upkeep\n|turn|9\n|\n|t:|1698186161\n|move|p2a: Grafaiai|Encore|p1a: Chili Jean\n|-start|p1a: Chili Jean|Encore\n|move|p1a: Chili Jean|Protect||[still]\n|-fail|p1a: Chili Jean\n|\n|-heal|p2a: Grafaiai|93\/100|[from] item: Black Sludge\n|-heal|p1a: Chili Jean|44\/100|[from] item: Leftovers\n|-ability|p1a: Chili Jean|Moody|boost\n|-boost|p1a: Chili Jean|def|2\n|-unboost|p1a: Chili Jean|spa|1\n|upkeep\n|turn|10\n|\n|t:|1698186172\n|move|p1a: Chili Jean|Protect|p1a: Chili Jean\n|-singleturn|p1a: Chili Jean|Protect\n|move|p2a: Grafaiai|Poison Jab|p1a: Chili Jean\n|-activate|p1a: Chili Jean|move: Protect\n|\n|-heal|p2a: Grafaiai|99\/100|[from] item: Black Sludge\n|-heal|p1a: Chili Jean|50\/100|[from] item: Leftovers\n|-ability|p1a: Chili Jean|Moody|boost\n|-boost|p1a: Chili Jean|atk|2\n|-unboost|p1a: Chili Jean|spe|1\n|upkeep\n|turn|11\n|\n|t:|1698186186\n|move|p1a: Chili Jean|Protect||[still]\n|-fail|p1a: Chili Jean\n|move|p2a: Grafaiai|Switcheroo|p1a: Chili Jean\n|-activate|p2a: Grafaiai|move: Trick|[of] p1a: Chili Jean\n|-item|p1a: Chili Jean|Black Sludge|[from] move: Switcheroo\n|-item|p2a: Grafaiai|Leftovers|[from] move: Switcheroo\n|\n|-heal|p2a: Grafaiai|100\/100|[from] item: Leftovers\n|-damage|p1a: Chili Jean|38\/100|[from] item: Black Sludge\n|-end|p1a: Chili Jean|Encore\n|-ability|p1a: Chili Jean|Moody|boost\n|-boost|p1a: Chili Jean|def|1\n|-unboost|p1a: Chili Jean|spe|1\n|upkeep\n|turn|12\n|\n|t:|1698186210\n|move|p1a: Chili Jean|Protect|p1a: Chili Jean\n|-singleturn|p1a: Chili Jean|Protect\n|move|p2a: Grafaiai|Encore|p1a: Chili Jean\n|-activate|p1a: Chili Jean|move: Protect\n|\n|-damage|p1a: Chili Jean|26\/100|[from] item: Black Sludge\n|-ability|p1a: Chili Jean|Moody|boost\n|-boost|p1a: Chili Jean|spa|2\n|-unboost|p1a: Chili Jean|spd|1\n|upkeep\n|turn|13\n|inactive|Hdishshgstshw has 120 seconds left.\n|\n|t:|1698186237\n|move|p2a: Grafaiai|Encore|p1a: Chili Jean\n|-start|p1a: Chili Jean|Encore\n|move|p1a: Chili Jean|Protect||[still]\n|-fail|p1a: Chili Jean\n|\n|-damage|p1a: Chili Jean|14\/100|[from] item: Black Sludge\n|-ability|p1a: Chili Jean|Moody|boost\n|-boost|p1a: Chili Jean|spa|2\n|-unboost|p1a: Chili Jean|spd|1\n|upkeep\n|turn|14\n|inactive|Hdishshgstshw has 120 seconds left.\n|\n|t:|1698186249\n|switch|p2a: Farigiraf|Farigiraf, M|100\/100\n|move|p1a: Chili Jean|Protect||[still]\n|-fail|p1a: Chili Jean\n|\n|-damage|p1a: Chili Jean|2\/100|[from] item: Black Sludge\n|-ability|p1a: Chili Jean|Moody|boost\n|-boost|p1a: Chili Jean|spd|2\n|-unboost|p1a: Chili Jean|spe|1\n|upkeep\n|turn|15\n|inactive|Hdishshgstshw has 120 seconds left.\n|\n|t:|1698186260\n|switch|p1a: Scream Tail|Scream Tail|100\/100\n|-enditem|p1a: Scream Tail|Booster Energy\n|-activate|p1a: Scream Tail|ability: Protosynthesis|[fromitem]\n|-start|p1a: Scream Tail|protosynthesisspe\n|move|p2a: Farigiraf|Wish|p2a: Farigiraf\n|\n|upkeep\n|turn|16\n|inactive|Hdishshgstshw has 120 seconds left.\n|\n|t:|1698186272\n|move|p1a: Scream Tail|Calm Mind|p1a: Scream Tail\n|-boost|p1a: Scream Tail|spa|1\n|-boost|p1a: Scream Tail|spd|1\n|move|p2a: Farigiraf|Baton Pass|p2a: Farigiraf\n|\n|t:|1698186277\n|switch|p2a: Ursaluna|Ursaluna, M|13\/100 brn|[from] Baton Pass\n|\n|-heal|p2a: Ursaluna|69\/100 brn|[from] move: Wish|[wisher] Farigiraf\n|-damage|p2a: Ursaluna|62\/100 brn|[from] brn\n|upkeep\n|turn|17\n|\n|t:|1698186285\n|move|p1a: Scream Tail|Bulk Up|p1a: Scream Tail\n|-boost|p1a: Scream Tail|atk|1\n|-boost|p1a: Scream Tail|def|1\n|move|p2a: Ursaluna|Facade|p1a: Scream Tail\n|-damage|p1a: Scream Tail|26\/100\n|\n|-damage|p2a: Ursaluna|56\/100 brn|[from] brn\n|upkeep\n|turn|18\n|\n|t:|1698186295\n|move|p1a: Scream Tail|Stored Power|p2a: Ursaluna\n|-damage|p2a: Ursaluna|26\/100 brn\n|move|p2a: Ursaluna|Facade|p1a: Scream Tail\n|-damage|p1a: Scream Tail|0 fnt\n|faint|p1a: Scream Tail\n|-end|p1a: Scream Tail|Protosynthesis|[silent]\n|\n|-damage|p2a: Ursaluna|20\/100 brn|[from] brn\n|upkeep\n|\n|t:|1698186305\n|switch|p1a: Azumarill|Azumarill, M|100\/100\n|turn|19\n|\n|t:|1698186317\n|move|p1a: Azumarill|Belly Drum|p1a: Azumarill\n|-damage|p1a: Azumarill|51\/100\n|-setboost|p1a: Azumarill|atk|6|[from] move: Belly Drum\n|move|p2a: Ursaluna|Facade|p1a: Azumarill\n|-damage|p1a: Azumarill|0 fnt\n|faint|p1a: Azumarill\n|\n|-damage|p2a: Ursaluna|13\/100 brn|[from] brn\n|upkeep\n|\n|t:|1698186328\n|switch|p1a: Chandelure|Chandelure, F|100\/100\n|turn|20\n|\n|t:|1698186333\n|move|p1a: Chandelure|Minimize|p1a: Chandelure\n|-boost|p1a: Chandelure|evasion|2\n|move|p2a: Ursaluna|Earthquake|p1a: Chandelure\n|-supereffective|p1a: Chandelure\n|-enditem|p1a: Chandelure|Focus Sash\n|-damage|p1a: Chandelure|1\/100\n|\n|-damage|p2a: Ursaluna|7\/100 brn|[from] brn\n|upkeep\n|turn|21\n|\n|t:|1698186343\n|switch|p2a: Ambipom|Ambipom, F|100\/100\n|move|p1a: Chandelure|Minimize|p1a: Chandelure\n|-boost|p1a: Chandelure|evasion|2\n|\n|upkeep\n|turn|22\n|\n|t:|1698186350\n|move|p2a: Ambipom|Curse|p1a: Chandelure\n|-start|p1a: Chandelure|Curse|[of] p2a: Ambipom\n|-damage|p2a: Ambipom|51\/100\n|move|p1a: Chandelure|Minimize|p1a: Chandelure\n|-boost|p1a: Chandelure|evasion|2\n|\n|-damage|p1a: Chandelure|0 fnt|[from] Curse\n|faint|p1a: Chandelure\n|upkeep\n|\n|t:|1698186360\n|switch|p1a: Chili Jean|Scovillain, M, shiny|2\/100\n|turn|23\n|\n|t:|1698186377\n|switch|p2a: Wyrdeer|Wyrdeer, F|100\/100\n|move|p1a: Chili Jean|Protect||[still]\n|-fail|p1a: Chili Jean\n|\n|-damage|p1a: Chili Jean|0 fnt|[from] item: Black Sludge\n|faint|p1a: Chili Jean\n|\n|win|Rowan_Rocket\n|upkeep\n|raw|Hdishshgstshw's rating: 1000 &rarr; <strong>1000<\/strong><br \/>(+0 for losing)\n|raw|Rowan_Rocket's rating: 1046 &rarr; <strong>1075<\/strong><br \/>(+29 for winning)\n|l|\u2606Hdishshgstshw\n","uploadtime":1698186398,"views":12,"p1id":"hdishshgstshw","p2id":"rowanrocket","formatid":"gen9anythinggoes","rating":1000,"private":0,"password":""}