{"id":"gen9anythinggoes-1977628287","p1":"thrustrush","p2":"HanzKrautsmann","format":"[Gen 9] Anything Goes","log":"|j|\u2606thrustrush\n|j|\u2606HanzKrautsmann\n|t:|1698433212\n|gametype|singles\n|player|p1|thrustrush|169|1046\n|player|p2|HanzKrautsmann|fisherman-gen4|1149\n|teamsize|p1|6\n|teamsize|p2|6\n|gen|9\n|tier|[Gen 9] Anything Goes\n|rated|\n|rule|HP Percentage Mod: HP is shown in percentages\n|rule|Endless Battle Clause: Forcing endless battles is banned\n|clearpoke\n|poke|p1|Golem, M|\n|poke|p1|Gengar, F|\n|poke|p1|Ceruledge, M|\n|poke|p1|Haxorus, M|\n|poke|p1|Annihilape, F|\n|poke|p1|Rayquaza|\n|poke|p2|Drifblim, F|\n|poke|p2|Clefable, M|\n|poke|p2|Calyrex-Shadow|\n|poke|p2|Shaymin-Sky|\n|poke|p2|Thundurus, M|\n|poke|p2|Espathra, F|\n|teampreview\n|inactive|Battle timer is ON: inactive players will automatically lose when time's up. (requested by HanzKrautsmann)\n|c|\u2606HanzKrautsmann|gang shit gang shit\n|\n|t:|1698433248\n|start\n|switch|p1a: Ceruledge|Ceruledge, M|100\/100\n|switch|p2a: Espathra|Espathra, F, shiny|100\/100\n|turn|1\n|\n|t:|1698433255\n|move|p1a: Ceruledge|Dragon Claw|p2a: Espathra\n|-damage|p2a: Espathra|77\/100\n|move|p2a: Espathra|Substitute|p2a: Espathra\n|-start|p2a: Espathra|Substitute\n|-damage|p2a: Espathra|53\/100\n|\n|-heal|p2a: Espathra|59\/100|[from] item: Leftovers\n|-ability|p2a: Espathra|Speed Boost|boost\n|-boost|p2a: Espathra|spe|1\n|upkeep\n|turn|2\n|\n|t:|1698433265\n|switch|p1a: Gengar|Gengar, F|100\/100\n|move|p2a: Espathra|Roost|p2a: Espathra\n|-heal|p2a: Espathra|100\/100\n|-singleturn|p2a: Espathra|move: Roost\n|\n|-ability|p2a: Espathra|Speed Boost|boost\n|-boost|p2a: Espathra|spe|1\n|upkeep\n|turn|3\n|\n|t:|1698433274\n|move|p2a: Espathra|Calm Mind|p2a: Espathra\n|-boost|p2a: Espathra|spa|1\n|-boost|p2a: Espathra|spd|1\n|move|p1a: Gengar|Dark Pulse|p2a: Espathra\n|-supereffective|p2a: Espathra\n|-end|p2a: Espathra|Substitute\n|\n|-ability|p2a: Espathra|Speed Boost|boost\n|-boost|p2a: Espathra|spe|1\n|upkeep\n|turn|4\n|c|\u2606HanzKrautsmann|gengarglin my balls\n|\n|t:|1698433301\n|move|p2a: Espathra|Baton Pass|p2a: Espathra\n|\n|t:|1698433305\n|switch|p2a: Clefable|Clefable, M, shiny|100\/100|[from] Baton Pass\n|move|p1a: Gengar|Dark Pulse|p2a: Clefable\n|-resisted|p2a: Clefable\n|-damage|p2a: Clefable|93\/100\n|\n|-heal|p2a: Clefable|99\/100|[from] item: Leftovers\n|upkeep\n|turn|5\n|\n|t:|1698433321\n|switch|p1a: Ceruledge|Ceruledge, M|100\/100\n|move|p2a: Clefable|Calm Mind|p2a: Clefable\n|-boost|p2a: Clefable|spa|1\n|-boost|p2a: Clefable|spd|1\n|\n|-heal|p2a: Clefable|100\/100|[from] item: Leftovers\n|upkeep\n|turn|6\n|inactive|HanzKrautsmann has 120 seconds left.\n|\n|t:|1698433342\n|move|p2a: Clefable|Calm Mind|p2a: Clefable\n|-boost|p2a: Clefable|spa|1\n|-boost|p2a: Clefable|spd|1\n|move|p1a: Ceruledge|Destiny Bond|p1a: Ceruledge\n|-singlemove|p1a: Ceruledge|Destiny Bond\n|\n|upkeep\n|turn|7\n|\n|t:|1698433350\n|move|p2a: Clefable|Calm Mind|p2a: Clefable\n|-boost|p2a: Clefable|spa|1\n|-boost|p2a: Clefable|spd|1\n|move|p1a: Ceruledge|Dragon Claw|p2a: Clefable\n|-immune|p2a: Clefable\n|\n|upkeep\n|turn|8\n|c|\u2606HanzKrautsmann|gengargle up my cum\n|\n|t:|1698433360\n|move|p2a: Clefable|Calm Mind|p2a: Clefable\n|-boost|p2a: Clefable|spa|1\n|-boost|p2a: Clefable|spd|1\n|move|p1a: Ceruledge|Dragon Claw|p2a: Clefable\n|-immune|p2a: Clefable\n|\n|upkeep\n|turn|9\n|\n|t:|1698433368\n|move|p2a: Clefable|Calm Mind|p2a: Clefable\n|-boost|p2a: Clefable|spa|1\n|-boost|p2a: Clefable|spd|1\n|move|p1a: Ceruledge|Destiny Bond|p1a: Ceruledge\n|-singlemove|p1a: Ceruledge|Destiny Bond\n|\n|upkeep\n|turn|10\n|\n|t:|1698433382\n|switch|p1a: Golem|Golem, M, shiny|100\/100\n|move|p2a: Clefable|Baton Pass|p2a: Clefable\n|\n|t:|1698433387\n|switch|p2a: Drifblim|Drifblim, F, shiny|100\/100|[from] Baton Pass\n|\n|upkeep\n|turn|11\n|\n|t:|1698433394\n|move|p2a: Drifblim|Substitute|p2a: Drifblim\n|-start|p2a: Drifblim|Substitute\n|-damage|p2a: Drifblim|75\/100\n|move|p1a: Golem|Rock Slide|p2a: Drifblim\n|-supereffective|p2a: Drifblim\n|-end|p2a: Drifblim|Substitute\n|\n|upkeep\n|turn|12\n|\n|t:|1698433404\n|move|p2a: Drifblim|Disable|p1a: Golem\n|-start|p1a: Golem|Disable|Rock Slide\n|move|p1a: Golem|Self-Destruct|p2a: Drifblim\n|-immune|p2a: Drifblim\n|faint|p1a: Golem\n|\n|upkeep\n|\n|t:|1698433412\n|switch|p1a: Gengar|Gengar, F|100\/100\n|turn|13\n|\n|t:|1698433417\n|move|p2a: Drifblim|Baton Pass|p2a: Drifblim\n|\n|t:|1698433420\n|switch|p2a: Clefable|Clefable, M, shiny|100\/100|[from] Baton Pass\n|move|p1a: Gengar|Dark Pulse|p2a: Clefable\n|-resisted|p2a: Clefable\n|-damage|p2a: Clefable|98\/100\n|\n|-heal|p2a: Clefable|100\/100|[from] item: Leftovers\n|upkeep\n|turn|14\n|\n|t:|1698433430\n|move|p2a: Clefable|Flamethrower|p1a: Gengar\n|-enditem|p1a: Gengar|Focus Sash\n|-damage|p1a: Gengar|1\/100\n|move|p1a: Gengar|Ice Punch|p2a: Clefable\n|-damage|p2a: Clefable|88\/100\n|\n|-heal|p2a: Clefable|94\/100|[from] item: Leftovers\n|upkeep\n|turn|15\n|\n|t:|1698433439\n|move|p2a: Clefable|Dazzling Gleam|p1a: Gengar\n|-resisted|p1a: Gengar\n|-damage|p1a: Gengar|0 fnt\n|faint|p1a: Gengar\n|\n|-heal|p2a: Clefable|99\/100|[from] item: Leftovers\n|upkeep\n|\n|t:|1698433450\n|switch|p1a: Annihilape|Annihilape, F|100\/100\n|turn|16\n|\n|t:|1698433466\n|move|p2a: Clefable|Dazzling Gleam|p1a: Annihilape\n|-supereffective|p1a: Annihilape\n|-damage|p1a: Annihilape|0 fnt\n|faint|p1a: Annihilape\n|\n|-heal|p2a: Clefable|100\/100|[from] item: Leftovers\n|upkeep\n|\n|t:|1698433472\n|switch|p1a: Ceruledge|Ceruledge, M|100\/100\n|turn|17\n|\n|t:|1698433478\n|move|p2a: Clefable|Baton Pass|p2a: Clefable\n|\n|t:|1698433484\n|switch|p2a: Calyrex|Calyrex-Shadow|100\/100|[from] Baton Pass\n|-ability|p2a: Calyrex|As One\n|-ability|p2a: Calyrex|Unnerve\n|move|p1a: Ceruledge|Destiny Bond|p1a: Ceruledge\n|-singlemove|p1a: Ceruledge|Destiny Bond\n|\n|upkeep\n|turn|18\n|\n|t:|1698433497\n|move|p2a: Calyrex|Baton Pass|p2a: Calyrex\n|\n|t:|1698433499\n|switch|p2a: Espathra|Espathra, F, shiny|100\/100|[from] Baton Pass\n|move|p1a: Ceruledge|Close Combat|p2a: Espathra\n|-resisted|p2a: Espathra\n|-damage|p2a: Espathra|84\/100\n|-unboost|p1a: Ceruledge|def|1\n|-unboost|p1a: Ceruledge|spd|1\n|-enditem|p1a: Ceruledge|White Herb\n|-clearnegativeboost|p1a: Ceruledge|[silent]\n|\n|-heal|p2a: Espathra|90\/100|[from] item: Leftovers\n|upkeep\n|turn|19\n|\n|t:|1698433513\n|move|p2a: Espathra|Substitute|p2a: Espathra\n|-start|p2a: Espathra|Substitute\n|-damage|p2a: Espathra|65\/100\n|move|p1a: Ceruledge|Destiny Bond|p1a: Ceruledge\n|-singlemove|p1a: Ceruledge|Destiny Bond\n|\n|-heal|p2a: Espathra|71\/100|[from] item: Leftovers\n|-ability|p2a: Espathra|Speed Boost|boost\n|-boost|p2a: Espathra|spe|1\n|upkeep\n|turn|20\n|\n|t:|1698433522\n|move|p2a: Espathra|Roost|p2a: Espathra\n|-heal|p2a: Espathra|100\/100\n|-singleturn|p2a: Espathra|move: Roost\n|move|p1a: Ceruledge|Bitter Blade|p2a: Espathra\n|-end|p2a: Espathra|Substitute\n|\n|-ability|p2a: Espathra|Speed Boost|boost\n|-boost|p2a: Espathra|spe|1\n|upkeep\n|turn|21\n|\n|t:|1698433535\n|move|p2a: Espathra|Substitute|p2a: Espathra\n|-start|p2a: Espathra|Substitute\n|-damage|p2a: Espathra|76\/100\n|move|p1a: Ceruledge|Destiny Bond|p1a: Ceruledge\n|-singlemove|p1a: Ceruledge|Destiny Bond\n|\n|-heal|p2a: Espathra|82\/100|[from] item: Leftovers\n|-ability|p2a: Espathra|Speed Boost|boost\n|-boost|p2a: Espathra|spe|1\n|upkeep\n|turn|22\n|\n|t:|1698433544\n|move|p2a: Espathra|Baton Pass|p2a: Espathra\n|\n|t:|1698433547\n|switch|p2a: Drifblim|Drifblim, F, shiny|75\/100|[from] Baton Pass\n|move|p1a: Ceruledge|Dragon Claw|p2a: Drifblim\n|-end|p2a: Drifblim|Substitute\n|\n|upkeep\n|turn|23\n|\n|t:|1698433559\n|move|p2a: Drifblim|Minimize|p2a: Drifblim\n|-boost|p2a: Drifblim|evasion|2\n|move|p1a: Ceruledge|Destiny Bond|p1a: Ceruledge\n|-singlemove|p1a: Ceruledge|Destiny Bond\n|\n|upkeep\n|turn|24\n|\n|t:|1698433565\n|move|p2a: Drifblim|Minimize|p2a: Drifblim\n|-boost|p2a: Drifblim|evasion|2\n|move|p1a: Ceruledge|Dragon Claw|p2a: Drifblim\n|-damage|p2a: Drifblim|42\/100\n|\n|upkeep\n|turn|25\n|\n|t:|1698433573\n|move|p2a: Drifblim|Baton Pass|p2a: Drifblim\n|\n|t:|1698433589\n|switch|p2a: Clefable|Clefable, M, shiny|100\/100|[from] Baton Pass\n|move|p1a: Ceruledge|Dragon Claw|p2a: Clefable\n|-immune|p2a: Clefable\n|\n|upkeep\n|turn|26\n|\n|t:|1698433597\n|move|p2a: Clefable|Dazzling Gleam|p1a: Ceruledge\n|-resisted|p1a: Ceruledge\n|-damage|p1a: Ceruledge|20\/100\n|move|p1a: Ceruledge|Destiny Bond|p1a: Ceruledge\n|-singlemove|p1a: Ceruledge|Destiny Bond\n|\n|upkeep\n|turn|27\n|\n|t:|1698433604\n|move|p2a: Clefable|Calm Mind|p2a: Clefable\n|-boost|p2a: Clefable|spa|0\n|-boost|p2a: Clefable|spd|0\n|move|p1a: Ceruledge|Dragon Claw|p2a: Clefable\n|-immune|p2a: Clefable\n|\n|upkeep\n|turn|28\n|\n|t:|1698433611\n|move|p2a: Clefable|Dazzling Gleam|p1a: Ceruledge\n|-resisted|p1a: Ceruledge\n|-damage|p1a: Ceruledge|0 fnt\n|faint|p1a: Ceruledge\n|\n|upkeep\n|\n|t:|1698433619\n|switch|p1a: Rayquaza|Rayquaza, shiny|100\/100\n|-ability|p1a: Rayquaza|Air Lock\n|turn|29\n|\n|t:|1698433627\n|move|p2a: Clefable|Dazzling Gleam|p1a: Rayquaza\n|-supereffective|p1a: Rayquaza\n|-damage|p1a: Rayquaza|0 fnt\n|faint|p1a: Rayquaza\n|\n|upkeep\n|\n|t:|1698433632\n|switch|p1a: Haxorus|Haxorus, M, shiny|100\/100\n|-ability|p1a: Haxorus|Unnerve\n|turn|30\n|\n|t:|1698433636\n|move|p2a: Clefable|Dazzling Gleam|p1a: Haxorus\n|-supereffective|p1a: Haxorus\n|-damage|p1a: Haxorus|0 fnt\n|faint|p1a: Haxorus\n|\n|win|HanzKrautsmann\n|raw|thrustrush's rating: 1046 &rarr; <strong>1034<\/strong><br \/>(-12 for losing)\n|raw|HanzKrautsmann's rating: 1149 &rarr; <strong>1167<\/strong><br \/>(+18 for winning)\n","uploadtime":1698433236,"views":7,"p1id":"thrustrush","p2id":"hanzkrautsmann","formatid":"gen9anythinggoes","rating":1034,"private":0,"password":""}