{"id":"gen9anythinggoes-1977865699","p1":"ZaneCrescentB","p2":"joon is god","format":"[Gen 9] Anything Goes","log":"|j|\u2606ZaneCrescentB\n|j|\u2606joon is god\n|t:|1698459224\n|gametype|singles\n|player|p1|ZaneCrescentB|sabi|\n|player|p2|joon is god|266|\n|teamsize|p1|6\n|teamsize|p2|6\n|gen|9\n|tier|[Gen 9] Anything Goes\n|rule|HP Percentage Mod: HP is shown in percentages\n|rule|Endless Battle Clause: Forcing endless battles is banned\n|clearpoke\n|poke|p1|Pawmot, F|\n|poke|p1|Chien-Pao|\n|poke|p1|Samurott-Hisui, M|\n|poke|p1|Cresselia, F|\n|poke|p1|Kingambit, M|\n|poke|p1|Regieleki|\n|poke|p2|Rillaboom, F|\n|poke|p2|Ceruledge, M|\n|poke|p2|Palafin, M|\n|poke|p2|Hatterene, F|\n|poke|p2|Toxapex, M|\n|poke|p2|Cinderace, M|\n|teampreview\n|c|\u2606ZaneCrescentB|Gl hf.\n|c|\u2606ZaneCrescentB|Let's GO1\n|\n|t:|1698459232\n|start\n|switch|p1a: Killua|Regieleki|100\/100\n|switch|p2a: Toxapex|Toxapex, M|100\/100\n|-item|p2a: Toxapex|Air Balloon\n|turn|1\n|\n|t:|1698459238\n|move|p1a: Killua|Reflect|p1a: Killua\n|-sidestart|p1: ZaneCrescentB|Reflect\n|move|p2a: Toxapex|Toxic Spikes|p1a: Killua\n|-sidestart|p1: ZaneCrescentB|move: Toxic Spikes\n|\n|upkeep\n|turn|2\n|\n|t:|1698459242\n|move|p1a: Killua|Light Screen|p1a: Killua\n|-sidestart|p1: ZaneCrescentB|move: Light Screen\n|move|p2a: Toxapex|Toxic Spikes|p1a: Killua\n|-sidestart|p1: ZaneCrescentB|move: Toxic Spikes\n|\n|upkeep\n|turn|3\n|\n|t:|1698459249\n|move|p1a: Killua|Rapid Spin|p2a: Toxapex\n|-damage|p2a: Toxapex|93\/100\n|-boost|p1a: Killua|spe|1\n|-enditem|p2a: Toxapex|Air Balloon\n|-sideend|p1: ZaneCrescentB|Toxic Spikes|[from] move: Rapid Spin|[of] p1a: Killua\n|move|p2a: Toxapex|Toxic Spikes|p1a: Killua\n|-sidestart|p1: ZaneCrescentB|move: Toxic Spikes\n|\n|upkeep\n|turn|4\n|\n|t:|1698459262\n|move|p1a: Killua|Wild Charge|p2a: Toxapex\n|-supereffective|p2a: Toxapex\n|-damage|p2a: Toxapex|45\/100\n|-damage|p1a: Killua|90\/100|[from] Recoil\n|move|p2a: Toxapex|Hydro Pump|p1a: Killua\n|-damage|p1a: Killua|72\/100\n|\n|upkeep\n|turn|5\n|\n|t:|1698459272\n|move|p2a: Toxapex|Baneful Bunker|p2a: Toxapex\n|-singleturn|p2a: Toxapex|move: Protect\n|move|p1a: Killua|Rapid Spin|p2a: Toxapex\n|-activate|p2a: Toxapex|move: Protect\n|-status|p1a: Killua|psn\n|\n|-damage|p1a: Killua|60\/100 psn|[from] psn\n|-sideend|p1: ZaneCrescentB|Reflect\n|upkeep\n|turn|6\n|\n|t:|1698459282\n|move|p1a: Killua|Wild Charge|p2a: Toxapex\n|-supereffective|p2a: Toxapex\n|-damage|p2a: Toxapex|0 fnt\n|faint|p2a: Toxapex\n|-damage|p1a: Killua|50\/100 psn|[from] Recoil\n|\n|-damage|p1a: Killua|38\/100 psn|[from] psn\n|-sideend|p1: ZaneCrescentB|move: Light Screen\n|upkeep\n|\n|t:|1698459286\n|switch|p2a: Rillaboom|Rillaboom, F|100\/100\n|turn|7\n|\n|t:|1698459289\n|move|p1a: Killua|Reflect|p1a: Killua\n|-sidestart|p1: ZaneCrescentB|Reflect\n|move|p2a: Rillaboom|Wood Hammer|p1a: Killua\n|-damage|p1a: Killua|0 fnt\n|faint|p1a: Killua\n|-damage|p2a: Rillaboom|87\/100|[from] Recoil\n|\n|-heal|p2a: Rillaboom|93\/100|[from] item: Leftovers\n|upkeep\n|\n|t:|1698459299\n|switch|p1a: Reimi|Pawmot, F|100\/100\n|-status|p1a: Reimi|psn\n|turn|8\n|\n|t:|1698459304\n|switch|p2a: Hatterene|Hatterene, F|100\/100\n|move|p1a: Reimi|Revival Blessing|p1a: Reimi\n|\n|t:|1698459307\n|-heal|p1: Killua|50\/100|[from] move: Revival Blessing\n|\n|-damage|p1a: Reimi|88\/100 psn|[from] psn\n|upkeep\n|turn|9\n|\n|t:|1698459312\n|switch|p1a: Cress-Selia|Cresselia, F|100\/100\n|move|p2a: Hatterene|Mystical Fire|p1a: Cress-Selia\n|-damage|p1a: Cress-Selia|84\/100\n|-unboost|p1a: Cress-Selia|spa|1\n|\n|-heal|p1a: Cress-Selia|90\/100|[from] item: Leftovers\n|upkeep\n|turn|10\n|\n|t:|1698459319\n|move|p2a: Hatterene|Mystical Fire|p1a: Cress-Selia\n|-damage|p1a: Cress-Selia|75\/100\n|-unboost|p1a: Cress-Selia|spa|1\n|move|p1a: Cress-Selia|Lunar Dance|p1a: Cress-Selia\n|faint|p1a: Cress-Selia\n|\n|upkeep\n|\n|t:|1698459321\n|switch|p1a: Reimi|Pawmot, F|88\/100 psn\n|-heal|p1a: Reimi|100\/100|[from] move: Lunar Dance\n|-status|p1a: Reimi|psn\n|turn|11\n|j| PhoenixMay29\n|\n|t:|1698459330\n|switch|p2a: Cinderace|Cinderace, M|100\/100\n|move|p1a: Reimi|Revival Blessing|p1a: Reimi\n|c| PhoenixMay29|glhf\n|\n|t:|1698459333\n|-heal|p1: Cress-Selia|50\/100|[from] move: Revival Blessing\n|\n|-damage|p1a: Reimi|88\/100 psn|[from] psn\n|-sideend|p1: ZaneCrescentB|Reflect\n|upkeep\n|turn|12\n|\n|t:|1698459340\n|switch|p1a: Cress-Selia|Cresselia, F|50\/100\n|move|p2a: Cinderace|Iron Head|p1a: Cress-Selia\n|-start|p2a: Cinderace|typechange|Steel|[from] ability: Libero\n|-damage|p1a: Cress-Selia|23\/100\n|\n|-heal|p1a: Cress-Selia|30\/100|[from] item: Leftovers\n|upkeep\n|turn|13\n|\n|t:|1698459356\n|switch|p2a: Rillaboom|Rillaboom, F|93\/100\n|move|p1a: Cress-Selia|Lunar Dance|p1a: Cress-Selia\n|faint|p1a: Cress-Selia\n|\n|-heal|p2a: Rillaboom|99\/100|[from] item: Leftovers\n|upkeep\n|\n|t:|1698459358\n|switch|p1a: Reimi|Pawmot, F|88\/100 psn\n|-heal|p1a: Reimi|100\/100|[from] move: Lunar Dance\n|-status|p1a: Reimi|psn\n|turn|14\n|\n|t:|1698459365\n|move|p1a: Reimi|Revival Blessing|p1a: Reimi\n|\n|t:|1698459366\n|-heal|p1: Cress-Selia|50\/100|[from] move: Revival Blessing\n|move|p2a: Rillaboom|Wood Hammer|p1a: Reimi\n|-damage|p1a: Reimi|8\/100 psn\n|-damage|p2a: Rillaboom|74\/100|[from] Recoil\n|\n|-heal|p2a: Rillaboom|81\/100|[from] item: Leftovers\n|-damage|p1a: Reimi|0 fnt|[from] psn\n|faint|p1a: Reimi\n|upkeep\n|\n|t:|1698459369\n|switch|p1a: Lordo|Kingambit, M|100\/100\n|-activate|p1a: Lordo|ability: Supreme Overlord\n|-start|p1a: Lordo|fallen4|[silent]\n|turn|15\n|\n|t:|1698459385\n|switch|p2a: Cinderace|Cinderace, M|100\/100\n|-end|p1a: Lordo|fallen4|[silent]\n|switch|p1a: Cress-Selia|Cresselia, F|50\/100\n|\n|-heal|p1a: Cress-Selia|57\/100|[from] item: Leftovers\n|upkeep\n|turn|16\n|\n|t:|1698459390\n|move|p2a: Cinderace|Iron Head|p1a: Cress-Selia\n|-start|p2a: Cinderace|typechange|Steel|[from] ability: Libero\n|-damage|p1a: Cress-Selia|30\/100\n|cant|p1a: Cress-Selia|flinch\n|\n|-heal|p1a: Cress-Selia|36\/100|[from] item: Leftovers\n|upkeep\n|turn|17\n|\n|t:|1698459399\n|move|p2a: Cinderace|High Jump Kick|p1a: Cress-Selia\n|-resisted|p1a: Cress-Selia\n|-damage|p1a: Cress-Selia|22\/100\n|move|p1a: Cress-Selia|Lunar Dance|p1a: Cress-Selia\n|faint|p1a: Cress-Selia\n|\n|upkeep\n|\n|t:|1698459404\n|switch|p1a: Killua|Regieleki|50\/100\n|-heal|p1a: Killua|100\/100|[from] move: Lunar Dance\n|turn|18\n|c|\u2606ZaneCrescentB|!DT Supreme Overlord\n|raw|<ul class=\"utilichart\"><li class=\"result\"><span class=\"col namecol\"><a href=\"https:\/\/dex.pokemonshowdown.com\/abilities\/supremeoverlord\">Supreme Overlord<\/a><\/span> <span class=\"col abilitydesccol\">This Pokemon's moves have 10% more power for each fainted ally, up to 5 allies.<\/span> <\/li><li style=\"clear:both\"><\/li><\/ul>\n|raw|<font size=\"1\"><font color=\"#686868\">Gen:<\/font> 9<\/font>\n\n|\n|t:|1698459416\n|move|p1a: Killua|Rapid Spin|p2a: Cinderace\n|-resisted|p2a: Cinderace\n|-damage|p2a: Cinderace|93\/100\n|-boost|p1a: Killua|spe|1\n|-sideend|p1: ZaneCrescentB|Toxic Spikes|[from] move: Rapid Spin|[of] p1a: Killua\n|move|p2a: Cinderace|Iron Head|p1a: Killua\n|-resisted|p1a: Killua\n|-damage|p1a: Killua|65\/100\n|\n|-heal|p2a: Cinderace|99\/100|[from] item: Leftovers\n|upkeep\n|turn|19\n|\n|t:|1698459422\n|move|p1a: Killua|Reflect|p1a: Killua\n|-sidestart|p1: ZaneCrescentB|Reflect\n|move|p2a: Cinderace|High Jump Kick|p1a: Killua\n|-damage|p1a: Killua|27\/100\n|\n|-heal|p2a: Cinderace|100\/100|[from] item: Leftovers\n|upkeep\n|turn|20\n|\n|t:|1698459427\n|move|p1a: Killua|Light Screen|p1a: Killua\n|-sidestart|p1: ZaneCrescentB|move: Light Screen\n|move|p2a: Cinderace|High Jump Kick|p1a: Killua\n|-damage|p1a: Killua|0 fnt\n|faint|p1a: Killua\n|\n|upkeep\n|\n|t:|1698459433\n|switch|p1a: Lordo|Kingambit, M|100\/100\n|-activate|p1a: Lordo|ability: Supreme Overlord\n|-start|p1a: Lordo|fallen5|[silent]\n|turn|21\n|\n|t:|1698459439\n|-terastallize|p1a: Lordo|Flying\n|move|p2a: Cinderace|Agility|p2a: Cinderace\n|-boost|p2a: Cinderace|spe|2\n|move|p1a: Lordo|Swords Dance|p1a: Lordo\n|-boost|p1a: Lordo|atk|2\n|\n|upkeep\n|turn|22\n|\n|t:|1698459445\n|switch|p2a: Palafin|Palafin, M|100\/100\n|move|p1a: Lordo|Kowtow Cleave|p2a: Palafin\n|-damage|p2a: Palafin|0 fnt\n|faint|p2a: Palafin\n|\n|upkeep\n|\n|t:|1698459448\n|switch|p2a: Ceruledge|Ceruledge, M|100\/100\n|turn|23\n|\n|t:|1698459453\n|move|p2a: Ceruledge|Dragon Claw|p1a: Lordo\n|-damage|p1a: Lordo|92\/100\n|move|p1a: Lordo|Iron Head|p2a: Ceruledge\n|-resisted|p2a: Ceruledge\n|-damage|p2a: Ceruledge|4\/100\n|\n|-heal|p2a: Ceruledge|10\/100|[from] item: Leftovers\n|-sideend|p1: ZaneCrescentB|Reflect\n|upkeep\n|turn|24\n|\n|t:|1698459459\n|move|p2a: Ceruledge|Clear Smog|p1a: Lordo\n|-damage|p1a: Lordo|88\/100\n|-clearboost|p1a: Lordo\n|move|p1a: Lordo|Aerial Ace|p2a: Ceruledge\n|-damage|p2a: Ceruledge|0 fnt\n|faint|p2a: Ceruledge\n|\n|-sideend|p1: ZaneCrescentB|move: Light Screen\n|upkeep\n|\n|t:|1698459465\n|switch|p2a: Hatterene|Hatterene, F|100\/100\n|turn|25\n|\n|t:|1698459469\n|move|p2a: Hatterene|Psycho Cut|p1a: Lordo\n|-damage|p1a: Lordo|74\/100\n|move|p1a: Lordo|Swords Dance|p1a: Lordo\n|-boost|p1a: Lordo|atk|2\n|\n|upkeep\n|turn|26\n|\n|t:|1698459473\n|move|p2a: Hatterene|Psycho Cut|p1a: Lordo\n|-damage|p1a: Lordo|59\/100\n|move|p1a: Lordo|Iron Head|p2a: Hatterene\n|-supereffective|p2a: Hatterene\n|-damage|p2a: Hatterene|0 fnt\n|faint|p2a: Hatterene\n|\n|upkeep\n|\n|t:|1698459479\n|switch|p2a: Cinderace|Cinderace, M|100\/100\n|turn|27\n|\n|t:|1698459487\n|move|p2a: Cinderace|High Jump Kick|p1a: Lordo\n|-start|p2a: Cinderace|typechange|Fighting|[from] ability: Libero\n|-resisted|p1a: Lordo\n|-damage|p1a: Lordo|36\/100\n|move|p1a: Lordo|Kowtow Cleave|p2a: Cinderace\n|-resisted|p2a: Cinderace\n|-crit|p2a: Cinderace\n|-damage|p2a: Cinderace|0 fnt\n|faint|p2a: Cinderace\n|\n|upkeep\n|\n|t:|1698459494\n|switch|p2a: Rillaboom|Rillaboom, F|81\/100\n|turn|28\n|\n|t:|1698459499\n|-terastallize|p2a: Rillaboom|Grass\n|move|p2a: Rillaboom|Drum Beating|p1a: Lordo\n|-resisted|p1a: Lordo\n|-damage|p1a: Lordo|19\/100\n|-unboost|p1a: Lordo|spe|1\n|move|p1a: Lordo|Aerial Ace|p2a: Rillaboom\n|-supereffective|p2a: Rillaboom\n|-damage|p2a: Rillaboom|0 fnt\n|faint|p2a: Rillaboom\n|\n|win|ZaneCrescentB\n|c|\u2606ZaneCrescentB|Gg.\n","uploadtime":1698459509,"views":7,"p1id":"zanecrescentb","p2id":"joonisgod","formatid":"gen9anythinggoes","rating":0,"private":0,"password":""}