{"id":"gen9anythinggoes-1993634666","p1":"eurosvgc","p2":"Glacierwing","format":"[Gen 9] Anything Goes","log":"|j|\u2606eurosvgc\n|j|\u2606Glacierwing\n|t:|1700339861\n|gametype|singles\n|player|p1|eurosvgc|266|1387\n|player|p2|Glacierwing|falkner|1660\n|teamsize|p1|6\n|teamsize|p2|6\n|gen|9\n|tier|[Gen 9] Anything Goes\n|rated|\n|rule|HP Percentage Mod: HP is shown in percentages\n|rule|Endless Battle Clause: Forcing endless battles is banned\n|clearpoke\n|poke|p1|Miraidon|\n|poke|p1|Wo-Chien|\n|poke|p1|Landorus-Therian, M|\n|poke|p1|Magearna|\n|poke|p1|Quagsire, M|\n|poke|p1|Eternatus|\n|poke|p2|Miraidon|\n|poke|p2|Grimmsnarl, M|\n|poke|p2|Arceus|\n|poke|p2|Koraidon|\n|poke|p2|Calyrex-Shadow|\n|poke|p2|Glimmora, F|\n|teampreview\n|\n|t:|1700339865\n|start\n|switch|p1a: Landorus|Landorus-Therian, M, shiny|100\/100\n|switch|p2a: Glimmora|Glimmora, F|100\/100\n|-ability|p1a: Landorus|Intimidate|boost\n|-unboost|p2a: Glimmora|atk|1\n|turn|1\n|\n|t:|1700339868\n|move|p1a: Landorus|Earthquake|p2a: Glimmora\n|-supereffective|p2a: Glimmora\n|-enditem|p2a: Glimmora|Focus Sash\n|-damage|p2a: Glimmora|1\/100\n|-activate|p2a: Glimmora|ability: Toxic Debris\n|-sidestart|p1: eurosvgc|move: Toxic Spikes\n|move|p2a: Glimmora|Mortal Spin|p1a: Landorus\n|-resisted|p1a: Landorus\n|-damage|p1a: Landorus|98\/100\n|-status|p1a: Landorus|psn\n|\n|-damage|p1a: Landorus|86\/100 psn|[from] psn\n|upkeep\n|turn|2\n|\n|t:|1700339889\n|move|p1a: Landorus|Earthquake|p2a: Glimmora\n|-supereffective|p2a: Glimmora\n|-damage|p2a: Glimmora|0 fnt\n|-activate|p2a: Glimmora|ability: Toxic Debris\n|-sidestart|p1: eurosvgc|move: Toxic Spikes\n|faint|p2a: Glimmora\n|\n|-damage|p1a: Landorus|74\/100 psn|[from] psn\n|upkeep\n|\n|t:|1700339903\n|switch|p2a: Grimmsnarl|Grimmsnarl, M|100\/100\n|turn|3\n|\n|t:|1700339909\n|switch|p1a: Eternatus|Eternatus|100\/100\n|-sideend|p1: eurosvgc|move: Toxic Spikes|[of] p1a: Eternatus\n|-ability|p1a: Eternatus|Pressure\n|move|p2a: Grimmsnarl|Taunt|p1a: Eternatus\n|-start|p1a: Eternatus|move: Taunt\n|\n|upkeep\n|turn|4\n|\n|t:|1700339919\n|switch|p1a: Magearna|Magearna|100\/100\n|switch|p2a: Arceus|Arceus|100\/100\n|\n|upkeep\n|turn|5\n|\n|t:|1700339925\n|move|p2a: Arceus|Taunt|p1a: Magearna\n|-start|p1a: Magearna|move: Taunt\n|move|p1a: Magearna|Thunderbolt|p2a: Arceus\n|-damage|p2a: Arceus|79\/100\n|\n|upkeep\n|turn|6\n|\n|t:|1700339931\n|switch|p1a: Wo-Chien|Wo-Chien|100\/100\n|-ability|p1a: Wo-Chien|Tablets of Ruin\n|move|p2a: Arceus|Swords Dance|p2a: Arceus\n|-boost|p2a: Arceus|atk|2\n|\n|upkeep\n|turn|7\n|\n|t:|1700339936\n|switch|p1a: Quagsire|Quagsire, M|100\/100\n|move|p2a: Arceus|Swords Dance|p2a: Arceus\n|-boost|p2a: Arceus|atk|2\n|\n|upkeep\n|turn|8\n|\n|t:|1700339938\n|move|p2a: Arceus|Taunt|p1a: Quagsire\n|-start|p1a: Quagsire|move: Taunt\n|cant|p1a: Quagsire|move: Taunt|Haze\n|\n|upkeep\n|turn|9\n|\n|t:|1700339943\n|move|p2a: Arceus|Extreme Speed|p1a: Quagsire\n|-damage|p1a: Quagsire|64\/100\n|-damage|p2a: Arceus|63\/100|[from] item: Rocky Helmet|[of] p1a: Quagsire\n|move|p1a: Quagsire|Waterfall|p2a: Arceus\n|-damage|p2a: Arceus|47\/100\n|\n|upkeep\n|turn|10\n|\n|t:|1700339949\n|move|p2a: Arceus|Extreme Speed|p1a: Quagsire\n|-damage|p1a: Quagsire|26\/100\n|-damage|p2a: Arceus|31\/100|[from] item: Rocky Helmet|[of] p1a: Quagsire\n|move|p1a: Quagsire|Waterfall|p2a: Arceus\n|-damage|p2a: Arceus|15\/100\n|\n|-end|p1a: Quagsire|move: Taunt\n|upkeep\n|turn|11\n|\n|t:|1700339955\n|move|p2a: Arceus|Extreme Speed|p1a: Quagsire\n|-damage|p1a: Quagsire|0 fnt\n|-damage|p2a: Arceus|0 fnt|[from] item: Rocky Helmet|[of] p1a: Quagsire\n|faint|p1a: Quagsire\n|faint|p2a: Arceus\n|\n|upkeep\n|\n|t:|1700339961\n|switch|p2a: Grimmsnarl|Grimmsnarl, M|100\/100\n|switch|p1a: Landorus|Landorus-Therian, M, shiny|74\/100 psn\n|-ability|p1a: Landorus|Intimidate|boost\n|-unboost|p2a: Grimmsnarl|atk|1\n|turn|12\n|\n|t:|1700339965\n|move|p2a: Grimmsnarl|Reflect|p2a: Grimmsnarl\n|-sidestart|p2: Glacierwing|Reflect\n|move|p1a: Landorus|U-turn|p2a: Grimmsnarl\n|-damage|p2a: Grimmsnarl|84\/100\n|\n|t:|1700339969\n|switch|p1a: Magearna|Magearna|100\/100|[from] U-turn\n|\n|upkeep\n|turn|13\n|\n|t:|1700339973\n|move|p2a: Grimmsnarl|Light Screen|p2a: Grimmsnarl\n|-sidestart|p2: Glacierwing|move: Light Screen\n|move|p1a: Magearna|Flash Cannon|p2a: Grimmsnarl\n|-supereffective|p2a: Grimmsnarl\n|-damage|p2a: Grimmsnarl|32\/100\n|\n|upkeep\n|turn|14\n|\n|t:|1700339977\n|switch|p2a: Miraidon|Miraidon|100\/100\n|-fieldstart|move: Electric Terrain|[from] ability: Hadron Engine|[of] p2a: Miraidon\n|move|p1a: Magearna|Flash Cannon|p2a: Miraidon\n|-resisted|p2a: Miraidon\n|-damage|p2a: Miraidon|92\/100\n|\n|-heal|p2a: Miraidon|98\/100|[from] item: Leftovers\n|upkeep\n|turn|15\n|\n|t:|1700339986\n|switch|p1a: Wo-Chien|Wo-Chien|100\/100\n|-ability|p1a: Wo-Chien|Tablets of Ruin\n|move|p2a: Miraidon|Calm Mind|p2a: Miraidon\n|-boost|p2a: Miraidon|spa|1\n|-boost|p2a: Miraidon|spd|1\n|\n|-heal|p2a: Miraidon|100\/100|[from] item: Leftovers\n|upkeep\n|turn|16\n|\n|t:|1700339995\n|-terastallize|p1a: Wo-Chien|Fairy\n|move|p2a: Miraidon|Dazzling Gleam|p1a: Wo-Chien\n|-damage|p1a: Wo-Chien|64\/100\n|move|p1a: Wo-Chien|Tera Blast|p2a: Miraidon|[anim] Tera Blast Fairy\n|-supereffective|p2a: Miraidon\n|-damage|p2a: Miraidon|86\/100\n|\n|-heal|p2a: Miraidon|92\/100|[from] item: Leftovers\n|-heal|p1a: Wo-Chien|70\/100|[from] item: Leftovers\n|upkeep\n|turn|17\n|\n|t:|1700340004\n|move|p2a: Miraidon|Calm Mind|p2a: Miraidon\n|-boost|p2a: Miraidon|spa|1\n|-boost|p2a: Miraidon|spd|1\n|move|p1a: Wo-Chien|Leech Seed|p2a: Miraidon\n|-start|p2a: Miraidon|move: Leech Seed\n|\n|-heal|p2a: Miraidon|99\/100|[from] item: Leftovers\n|-heal|p1a: Wo-Chien|76\/100|[from] item: Leftovers\n|-damage|p2a: Miraidon|86\/100|[from] Leech Seed|[of] p1a: Wo-Chien\n|-heal|p1a: Wo-Chien|90\/100|[silent]\n|upkeep\n|turn|18\n|\n|t:|1700340009\n|move|p2a: Miraidon|Calm Mind|p2a: Miraidon\n|-boost|p2a: Miraidon|spa|1\n|-boost|p2a: Miraidon|spd|1\n|move|p1a: Wo-Chien|Knock Off|p2a: Miraidon\n|-crit|p2a: Miraidon\n|-damage|p2a: Miraidon|49\/100\n|-enditem|p2a: Miraidon|Leftovers|[from] move: Knock Off|[of] p1a: Wo-Chien\n|\n|-heal|p1a: Wo-Chien|96\/100|[from] item: Leftovers\n|-damage|p2a: Miraidon|36\/100|[from] Leech Seed|[of] p1a: Wo-Chien\n|-heal|p1a: Wo-Chien|100\/100|[silent]\n|-fieldend|move: Electric Terrain\n|upkeep\n|turn|19\n|\n|t:|1700340018\n|move|p2a: Miraidon|Parabolic Charge|p1a: Wo-Chien\n|-damage|p1a: Wo-Chien|42\/100\n|-heal|p2a: Miraidon|64\/100|[from] drain|[of] p1a: Wo-Chien\n|move|p1a: Wo-Chien|Tera Blast|p2a: Miraidon|[anim] Tera Blast Fairy\n|-supereffective|p2a: Miraidon\n|-damage|p2a: Miraidon|56\/100\n|\n|-heal|p1a: Wo-Chien|48\/100|[from] item: Leftovers\n|-damage|p2a: Miraidon|44\/100|[from] Leech Seed|[of] p1a: Wo-Chien\n|-heal|p1a: Wo-Chien|61\/100|[silent]\n|-sideend|p2: Glacierwing|Reflect\n|upkeep\n|turn|20\n|\n|t:|1700340026\n|switch|p1a: Landorus|Landorus-Therian, M, shiny|74\/100 psn\n|-ability|p1a: Landorus|Intimidate|boost\n|-unboost|p2a: Miraidon|atk|1\n|move|p2a: Miraidon|Parabolic Charge|p1a: Landorus\n|-immune|p1a: Landorus\n|\n|-damage|p2a: Miraidon|31\/100|[from] Leech Seed|[of] p1a: Landorus\n|-heal|p1a: Landorus|89\/100 psn|[silent]\n|-damage|p1a: Landorus|77\/100 psn|[from] psn\n|-sideend|p2: Glacierwing|move: Light Screen\n|upkeep\n|turn|21\n|\n|t:|1700340037\n|move|p1a: Landorus|Earthquake|p2a: Miraidon\n|-supereffective|p2a: Miraidon\n|-damage|p2a: Miraidon|0 fnt\n|faint|p2a: Miraidon\n|\n|-damage|p1a: Landorus|65\/100 psn|[from] psn\n|upkeep\n|\n|t:|1700340040\n|switch|p2a: Calyrex|Calyrex-Shadow|100\/100\n|-ability|p2a: Calyrex|As One\n|-ability|p2a: Calyrex|Unnerve\n|turn|22\n|\n|t:|1700340048\n|move|p1a: Landorus|Earthquake|p2a: Calyrex\n|-damage|p2a: Calyrex|28\/100\n|move|p2a: Calyrex|Astral Barrage|p1a: Landorus\n|-damage|p1a: Landorus|0 fnt\n|faint|p1a: Landorus\n|-ability|p2a: Calyrex|Grim Neigh|boost\n|-boost|p2a: Calyrex|spa|1\n|\n|upkeep\n|\n|t:|1700340051\n|switch|p1a: Magearna|Magearna|100\/100\n|turn|23\n|\n|t:|1700340066\n|switch|p2a: Koraidon|Koraidon|100\/100\n|-weather|SunnyDay|[from] ability: Orichalcum Pulse|[of] p2a: Koraidon\n|-activate|p2a: Koraidon|Orichalcum Pulse|[source]\n|move|p1a: Magearna|Dazzling Gleam|p2a: Koraidon\n|-supereffective|p2a: Koraidon\n|-damage|p2a: Koraidon|0 fnt\n|faint|p2a: Koraidon\n|-ability|p1a: Magearna|Soul-Heart|boost\n|-boost|p1a: Magearna|spa|1\n|\n|-weather|SunnyDay|[upkeep]\n|upkeep\n|\n|t:|1700340076\n|switch|p2a: Calyrex|Calyrex-Shadow|28\/100\n|-ability|p2a: Calyrex|As One\n|-ability|p2a: Calyrex|Unnerve\n|turn|24\n|\n|t:|1700340080\n|move|p2a: Calyrex|Astral Barrage|p1a: Magearna\n|-damage|p1a: Magearna|57\/100\n|move|p1a: Magearna|Dazzling Gleam|p2a: Calyrex\n|-damage|p2a: Calyrex|0 fnt\n|faint|p2a: Calyrex\n|-ability|p1a: Magearna|Soul-Heart|boost\n|-boost|p1a: Magearna|spa|1\n|\n|-weather|SunnyDay|[upkeep]\n|upkeep\n|\n|t:|1700340086\n|switch|p2a: Grimmsnarl|Grimmsnarl, M|32\/100\n|turn|25\n|\n|t:|1700340089\n|move|p2a: Grimmsnarl|Light Screen|p2a: Grimmsnarl\n|-sidestart|p2: Glacierwing|move: Light Screen\n|move|p1a: Magearna|Dazzling Gleam|p2a: Grimmsnarl\n|-supereffective|p2a: Grimmsnarl\n|-damage|p2a: Grimmsnarl|0 fnt\n|faint|p2a: Grimmsnarl\n|\n|win|eurosvgc\n|raw|eurosvgc's rating: 1387 &rarr; <strong>1420<\/strong><br \/>(+33 for winning)\n|raw|Glacierwing's rating: 1660 &rarr; <strong>1627<\/strong><br \/>(-33 for losing)\n|l|\u2606Glacierwing\n","uploadtime":1700340107,"views":8,"p1id":"eurosvgc","p2id":"glacierwing","formatid":"gen9anythinggoes","rating":1420,"private":0,"password":""}