{"id":"gen9anythinggoes-1977923294","p1":"Valorantnoob","p2":"Mr.WTM","format":"[Gen 9] Anything Goes","log":"|j|\u2606Valorantnoob\n|j|\u2606Mr.WTM\n|t:|1698467086\n|gametype|singles\n|player|p1|Valorantnoob|wallace|1316\n|player|p2|Mr.WTM|norman|1217\n|teamsize|p1|6\n|teamsize|p2|6\n|gen|9\n|tier|[Gen 9] Anything Goes\n|rated|\n|rule|HP Percentage Mod: HP is shown in percentages\n|rule|Endless Battle Clause: Forcing endless battles is banned\n|clearpoke\n|poke|p1|Chien-Pao|\n|poke|p1|Cryogonal|\n|poke|p1|Kyogre|\n|poke|p1|Calyrex-Shadow|\n|poke|p1|Ditto|\n|poke|p1|Espathra, F|\n|poke|p2|Leavanny, F|\n|poke|p2|Jirachi|\n|poke|p2|Arceus|\n|poke|p2|Iron Treads|\n|poke|p2|Dragapult, F|\n|poke|p2|Jumpluff, F|\n|teampreview\n|inactive|Battle timer is ON: inactive players will automatically lose when time's up. (requested by Valorantnoob)\n|\n|t:|1698467098\n|start\n|switch|p1a: Kyogre|Kyogre|100\/100\n|switch|p2a: Dragapult|Dragapult, F|100\/100\n|-weather|RainDance|[from] ability: Drizzle|[of] p1a: Kyogre\n|turn|1\n|c|\u2606Valorantnoob|Swipe time\n|\n|t:|1698467108\n|move|p1a: Kyogre|Water Spout|p2a: Dragapult\n|-resisted|p2a: Dragapult\n|-damage|p2a: Dragapult|27\/100\n|move|p2a: Dragapult|Dragon Darts|p1a: Kyogre\n|-damage|p1a: Kyogre|74\/100\n|-anim|p2a: Dragapult|Dragon Darts|p1a: Kyogre\n|-damage|p1a: Kyogre|46\/100\n|\n|-weather|RainDance|[upkeep]\n|upkeep\n|turn|2\n|\n|t:|1698467117\n|move|p2a: Dragapult|Sucker Punch|p1a: Kyogre\n|-damage|p1a: Kyogre|23\/100\n|move|p1a: Kyogre|Water Spout|p2a: Dragapult\n|-resisted|p2a: Dragapult\n|-damage|p2a: Dragapult|11\/100\n|\n|-weather|RainDance|[upkeep]\n|upkeep\n|turn|3\n|\n|t:|1698467122\n|move|p2a: Dragapult|Sucker Punch|p1a: Kyogre\n|-damage|p1a: Kyogre|0 fnt\n|faint|p1a: Kyogre\n|\n|-weather|RainDance|[upkeep]\n|upkeep\n|\n|t:|1698467126\n|switch|p1a: Espathra|Espathra, F|100\/100\n|turn|4\n|\n|t:|1698467131\n|move|p2a: Dragapult|Dragon Dance|p2a: Dragapult\n|-boost|p2a: Dragapult|atk|1\n|-boost|p2a: Dragapult|spe|1\n|move|p1a: Espathra|Substitute|p1a: Espathra\n|-start|p1a: Espathra|Substitute\n|-damage|p1a: Espathra|76\/100\n|\n|-weather|RainDance|[upkeep]\n|-ability|p1a: Espathra|Speed Boost|boost\n|-boost|p1a: Espathra|spe|1\n|upkeep\n|turn|5\n|\n|t:|1698467140\n|move|p2a: Dragapult|Dragon Darts|p1a: Espathra\n|-damage|p1a: Espathra|15\/100\n|-anim|p2a: Dragapult|Dragon Darts|p1a: Espathra\n|-damage|p1a: Espathra|0 fnt\n|faint|p1a: Espathra\n|\n|-weather|none\n|upkeep\n|c|\u2606Valorantnoob|I forgot\n|c|\u2606Valorantnoob|Anyway thanks for the boost\n|\n|t:|1698467155\n|switch|p1a: Ditto|Ditto|100\/100\n|-transform|p1a: Ditto|p2a: Dragapult|[from] ability: Imposter\n|turn|6\n|\n|t:|1698467169\n|move|p2a: Dragapult|Sucker Punch|p1a: Ditto\n|-supereffective|p1a: Ditto\n|-damage|p1a: Ditto|0 fnt\n|faint|p1a: Ditto\n|\n|upkeep\n|c|\u2606Valorantnoob|Oh god\n|\n|t:|1698467179\n|switch|p1a: Calyrex|Calyrex-Shadow|100\/100\n|-ability|p1a: Calyrex|As One\n|-ability|p1a: Calyrex|Unnerve\n|turn|7\n|\n|t:|1698467185\n|-terastallize|p1a: Calyrex|Fighting\n|move|p2a: Dragapult|Sucker Punch|p1a: Calyrex\n|-resisted|p1a: Calyrex\n|-damage|p1a: Calyrex|78\/100\n|move|p1a: Calyrex|Astral Barrage|p2a: Dragapult\n|-supereffective|p2a: Dragapult\n|-damage|p2a: Dragapult|0 fnt\n|faint|p2a: Dragapult\n|-ability|p1a: Calyrex|Grim Neigh|boost\n|-boost|p1a: Calyrex|spa|1\n|\n|upkeep\n|c|\u2606Valorantnoob|Swipe time\n|\n|t:|1698467214\n|switch|p2a: Leavanny|Leavanny, F|100\/100\n|turn|8\n|\n|t:|1698467219\n|move|p2a: Leavanny|Switcheroo|p1a: Calyrex\n|-activate|p2a: Leavanny|move: Trick|[of] p1a: Calyrex\n|-item|p1a: Calyrex|Choice Scarf|[from] move: Switcheroo\n|-item|p2a: Leavanny|Quick Claw|[from] move: Switcheroo\n|move|p1a: Calyrex|Astral Barrage|p2a: Leavanny\n|-damage|p2a: Leavanny|0 fnt\n|faint|p2a: Leavanny\n|-ability|p1a: Calyrex|Grim Neigh|boost\n|-boost|p1a: Calyrex|spa|1\n|\n|upkeep\n|c|\u2606Valorantnoob|Yo\n|\n|t:|1698467232\n|switch|p2a: Arceus|Arceus|100\/100\n|turn|9\n|\n|t:|1698467235\n|switch|p1a: Cryogonal|Cryogonal|100\/100\n|move|p2a: Arceus|Swords Dance|p2a: Arceus\n|-boost|p2a: Arceus|atk|2\n|\n|upkeep\n|turn|10\n|\n|t:|1698467241\n|switch|p2a: Jirachi|Jirachi|100\/100\n|move|p1a: Cryogonal|Sheer Cold|p2a: Jirachi\n|-damage|p2a: Jirachi|0 fnt\n|faint|p2a: Jirachi\n|-ohko\n|\n|upkeep\n|\n|t:|1698467247\n|switch|p2a: Iron Treads|Iron Treads|100\/100\n|-enditem|p2a: Iron Treads|Booster Energy\n|-activate|p2a: Iron Treads|ability: Quark Drive|[fromitem]\n|-start|p2a: Iron Treads|quarkdrivespe\n|turn|11\n|\n|t:|1698467250\n|move|p2a: Iron Treads|Iron Head|p1a: Cryogonal\n|-supereffective|p1a: Cryogonal\n|-damage|p1a: Cryogonal|0 fnt\n|faint|p1a: Cryogonal\n|\n|upkeep\n|\n|t:|1698467252\n|switch|p1a: Chien-Pao|Chien-Pao|100\/100\n|-ability|p1a: Chien-Pao|Sword of Ruin\n|turn|12\n|\n|t:|1698467258\n|move|p1a: Chien-Pao|Sheer Cold|p2a: Iron Treads\n|-damage|p2a: Iron Treads|0 fnt\n|faint|p2a: Iron Treads\n|-end|p2a: Iron Treads|Quark Drive|[silent]\n|-ohko\n|\n|upkeep\n|\n|t:|1698467262\n|switch|p2a: Jumpluff|Jumpluff, F|100\/100\n|turn|13\n|\n|t:|1698467274\n|move|p1a: Chien-Pao|Sheer Cold|p2a: Jumpluff\n|-damage|p2a: Jumpluff|0 fnt\n|faint|p2a: Jumpluff\n|-ohko\n|\n|upkeep\n|c|\u2606Valorantnoob|Waaaaaah aaaaah haha\n|inactive|Mr.WTM has 120 seconds left.\n|c|\u2606Valorantnoob|Nice switchero but yu need luck and skills tbh\n|\n|t:|1698467317\n|switch|p2a: Arceus|Arceus|100\/100\n|turn|14\n|\n|t:|1698467322\n|move|p1a: Chien-Pao|Sheer Cold|p2a: Arceus\n|-damage|p2a: Arceus|0 fnt\n|faint|p2a: Arceus\n|-ohko\n|\n|win|Valorantnoob\n|raw|Valorantnoob's rating: 1316 &rarr; <strong>1330<\/strong><br \/>(+14 for winning)\n|raw|Mr.WTM's rating: 1217 &rarr; <strong>1199<\/strong><br \/>(-18 for losing)\n|c|\u2606Valorantnoob|Wow\n|c|\u2606Valorantnoob|\ud83d\ude03\n","uploadtime":1698467333,"views":10,"p1id":"valorantnoob","p2id":"mrwtm","formatid":"gen9anythinggoes","rating":1199,"private":0,"password":""}