{"id":"gen9anythinggoes-1998080667","p1":"orichalcum puise","p2":"Cutecat1122","format":"[Gen 9] Anything Goes","log":"|j|\u2606orichalcum puise\n|j|\u2606Cutecat1122\n|inactive|Battle timer is ON: inactive players will automatically lose when time's up.\n|t:|1700888145\n|gametype|singles\n|player|p1|orichalcum puise|lusamine-nihilego|\n|player|p2|Cutecat1122|cheryl|\n|teamsize|p1|6\n|teamsize|p2|6\n|gen|9\n|tier|[Gen 9] Anything Goes\n|rated|Tournament battle\n|rule|HP Percentage Mod: HP is shown in percentages\n|rule|Endless Battle Clause: Forcing endless battles is banned\n|rule|Frantic Fusions Mod: Pok\u00e9mon nicknamed after another Pok\u00e9mon get buffed stats and more abilities.\n|rule|Sleep Moves Clause: Sleep-inducing moves are banned\n|rule|Species Clause: Limit one of each Pok\u00e9mon\n|rule|OHKO Clause: OHKO moves are banned\n|rule|Evasion Moves Clause: Evasion moves are banned\n|clearpoke\n|poke|p1|Kyogre|\n|poke|p1|Umbreon, M|\n|poke|p1|Chansey, F|\n|poke|p1|Arceus|\n|poke|p1|Giratina|\n|poke|p1|Calyrex-Ice|\n|poke|p2|Calyrex-Shadow|\n|poke|p2|Zacian-*|\n|poke|p2|Koraidon|\n|poke|p2|Miraidon|\n|poke|p2|Arceus|\n|poke|p2|Eternatus|\n|teampreview\n|inactive|Cutecat1122 also wants the timer to be on.\n|inactive|orichalcum puise also wants the timer to be on.\n|j|%Pure Hackmons\n|j| Box133\n|\n|t:|1700888157\n|start\n|switch|p1a: Ditto|Chansey, F|100\/100\n|switch|p2a: Cloyster|Koraidon|100\/100\n|-transform|p1a: Ditto|p2a: Cloyster|[from] ability: Imposter\n|turn|1\n|j| laprasplayer\n|inactive|orichalcum puise has 120 seconds left.\n|j| artemisery\n|inactive|orichalcum puise has 90 seconds left.\n|l|\u2606orichalcum puise\n|inactive|orichalcum puise disconnected and has a minute to reconnect!\n|player|p1|\n|j|\u2606orichalcum puise\n|inactive|orichalcum puise reconnected and has 80 seconds left.\n|player|p1|orichalcum puise|lusamine-nihilego\n|\n|t:|1700888231\n|move|p1a: Ditto|Scale Shot|p2a: Cloyster\n|-supereffective|p2a: Cloyster\n|-damage|p2a: Cloyster|81\/100\n|-supereffective|p2a: Cloyster\n|-damage|p2a: Cloyster|62\/100\n|-supereffective|p2a: Cloyster\n|-damage|p2a: Cloyster|42\/100\n|-supereffective|p2a: Cloyster\n|-damage|p2a: Cloyster|22\/100\n|-supereffective|p2a: Cloyster\n|-damage|p2a: Cloyster|1\/100\n|-hitcount|p2a: Cloyster|5\n|-unboost|p1a: Ditto|def|1\n|-boost|p1a: Ditto|spe|1\n|move|p2a: Cloyster|Scale Shot|p1a: Ditto\n|-supereffective|p1a: Ditto\n|-damage|p1a: Ditto|87\/100\n|-supereffective|p1a: Ditto\n|-damage|p1a: Ditto|73\/100\n|-supereffective|p1a: Ditto\n|-damage|p1a: Ditto|59\/100\n|-supereffective|p1a: Ditto\n|-damage|p1a: Ditto|47\/100\n|-supereffective|p1a: Ditto\n|-damage|p1a: Ditto|33\/100\n|-hitcount|p1a: Ditto|5\n|-unboost|p2a: Cloyster|def|1\n|-boost|p2a: Cloyster|spe|1\n|-damage|p2a: Cloyster|0 fnt|[from] item: Life Orb\n|faint|p2a: Cloyster\n|\n|upkeep\n|\n|t:|1700888247\n|switch|p2a: Grimmsnarl|Arceus|100\/100\n|turn|2\n|\n|t:|1700888250\n|switch|p1a: Toxapex|Giratina|100\/100\n|move|p2a: Grimmsnarl|Extreme Speed|p1a: Toxapex\n|-immune|p1a: Toxapex\n|\n|upkeep\n|turn|3\n|\n|t:|1700888254\n|move|p2a: Grimmsnarl|Taunt|p1a: Toxapex\n|-start|p1a: Toxapex|move: Taunt\n|cant|p1a: Toxapex|move: Taunt|Will-O-Wisp\n|\n|upkeep\n|turn|4\n|\n|t:|1700888264\n|move|p2a: Grimmsnarl|Stealth Rock|p1a: Toxapex\n|-sidestart|p1: orichalcum puise|move: Stealth Rock\n|move|p1a: Toxapex|Dragon Tail|p2a: Grimmsnarl\n|-damage|p2a: Grimmsnarl|88\/100\n|drag|p2a: Calyrex-Ice|Zacian-Crowned|100\/100\n|-ability|p2a: Calyrex-Ice|Intrepid Sword|boost\n|-boost|p2a: Calyrex-Ice|atk|1\n|\n|upkeep\n|turn|5\n|inactive|orichalcum puise has 120 seconds left.\n|\n|t:|1700888272\n|move|p2a: Calyrex-Ice|Play Rough|p1a: Toxapex\n|-supereffective|p1a: Toxapex\n|-damage|p1a: Toxapex|30\/100\n|-unboost|p1a: Toxapex|atk|1\n|move|p1a: Toxapex|Dragon Tail|p2a: Calyrex-Ice\n|-immune|p2a: Calyrex-Ice\n|\n|-heal|p1a: Toxapex|36\/100|[from] item: Leftovers\n|-end|p1a: Toxapex|move: Taunt\n|upkeep\n|turn|6\n|inactive|orichalcum puise has 120 seconds left.\n|\n|t:|1700888300\n|switch|p1a: Medicham|Arceus|100\/100\n|move|p2a: Calyrex-Ice|Play Rough|p1a: Medicham|[miss]\n|-miss|p2a: Calyrex-Ice|p1a: Medicham\n|\n|upkeep\n|turn|7\n|\n|t:|1700888309\n|-terastallize|p1a: Medicham|Ghost\n|move|p2a: Calyrex-Ice|Behemoth Blade|p1a: Medicham\n|-damage|p1a: Medicham|40\/100\n|move|p1a: Medicham|Shadow Claw|p2a: Calyrex-Ice\n|-damage|p2a: Calyrex-Ice|36\/100\n|\n|upkeep\n|turn|8\n|\n|t:|1700888322\n|move|p1a: Medicham|Extreme Speed|p2a: Calyrex-Ice\n|-resisted|p2a: Calyrex-Ice\n|-damage|p2a: Calyrex-Ice|0 fnt\n|faint|p2a: Calyrex-Ice\n|\n|upkeep\n|\n|t:|1700888327\n|switch|p2a: Chi-Yu|Calyrex-Shadow|100\/100\n|-ability|p2a: Chi-Yu|As One\n|-ability|p2a: Chi-Yu|Unnerve\n|turn|9\n|\n|t:|1700888330\n|switch|p1a: Ting-Lu|Umbreon, M|100\/100\n|-damage|p1a: Ting-Lu|88\/100|[from] Stealth Rock\n|-ability|p1a: Ting-Lu|Vessel of Ruin\n|move|p2a: Chi-Yu|Nasty Plot|p2a: Chi-Yu\n|-boost|p2a: Chi-Yu|spa|2\n|\n|-heal|p1a: Ting-Lu|94\/100|[from] item: Leftovers\n|upkeep\n|turn|10\n|\n|t:|1700888343\n|-terastallize|p2a: Chi-Yu|Fighting\n|move|p2a: Chi-Yu|Tera Blast|p1a: Ting-Lu|[anim] Tera Blast Fighting\n|-supereffective|p1a: Ting-Lu\n|-damage|p1a: Ting-Lu|12\/100\n|move|p1a: Ting-Lu|Foul Play|p2a: Chi-Yu\n|-resisted|p2a: Chi-Yu\n|-damage|p2a: Chi-Yu|86\/100\n|\n|-heal|p1a: Ting-Lu|18\/100|[from] item: Leftovers\n|upkeep\n|turn|11\n|c| artemisery|le fishe\n|c| artemisery|wait since when\n|\n|t:|1700888356\n|move|p2a: Chi-Yu|Astral Barrage|p1a: Ting-Lu\n|-resisted|p1a: Ting-Lu\n|-damage|p1a: Ting-Lu|0 fnt\n|faint|p1a: Ting-Lu\n|-ability|p2a: Chi-Yu|Grim Neigh|boost\n|-boost|p2a: Chi-Yu|spa|1\n|\n|upkeep\n|\n|t:|1700888358\n|switch|p1a: Medicham|Arceus, tera:Ghost|40\/100\n|turn|12\n|\n|t:|1700888366\n|move|p1a: Medicham|Extreme Speed|p2a: Chi-Yu\n|-damage|p2a: Chi-Yu|0 fnt\n|faint|p2a: Chi-Yu\n|\n|upkeep\n|\n|t:|1700888376\n|switch|p2a: Calyrex-Shadow|Miraidon|100\/100\n|-fieldstart|move: Electric Terrain|[from] ability: Hadron Engine|[of] p2a: Calyrex-Shadow\n|turn|13\n|\n|t:|1700888384\n|move|p1a: Medicham|Extreme Speed|p2a: Calyrex-Shadow\n|-damage|p2a: Calyrex-Shadow|18\/100\n|move|p2a: Calyrex-Shadow|U-turn|p1a: Medicham\n|-resisted|p1a: Medicham\n|-damage|p1a: Medicham|35\/100\n|c| artemisery|oh i thought it was focus blast\n|\n|t:|1700888401\n|switch|p2a: Blissey|Eternatus|100\/100|[from] U-turn\n|-ability|p2a: Blissey|Pressure\n|\n|upkeep\n|turn|14\n|\n|t:|1700888407\n|move|p1a: Medicham|Extreme Speed|p2a: Blissey\n|-damage|p2a: Blissey|38\/100\n|move|p2a: Blissey|Toxic|p1a: Medicham\n|-status|p1a: Medicham|tox\n|\n|-damage|p1a: Medicham|29\/100 tox|[from] psn\n|upkeep\n|turn|15\n|\n|t:|1700888418\n|move|p1a: Medicham|Extreme Speed|p2a: Blissey\n|-damage|p2a: Blissey|0 fnt\n|faint|p2a: Blissey\n|\n|-damage|p1a: Medicham|17\/100 tox|[from] psn\n|upkeep\n|\n|t:|1700888425\n|switch|p2a: Grimmsnarl|Arceus|88\/100\n|turn|16\n|\n|t:|1700888432\n|switch|p1a: Toxapex|Giratina|69\/100\n|-damage|p1a: Toxapex|57\/100|[from] Stealth Rock\n|move|p2a: Grimmsnarl|Bulk Up|p2a: Grimmsnarl\n|-boost|p2a: Grimmsnarl|atk|1\n|-boost|p2a: Grimmsnarl|def|1\n|\n|-heal|p2a: Grimmsnarl|94\/100|[from] item: Leftovers\n|-heal|p1a: Toxapex|63\/100|[from] item: Leftovers\n|upkeep\n|turn|17\n|\n|t:|1700888445\n|move|p2a: Grimmsnarl|Taunt|p1a: Toxapex\n|-start|p1a: Toxapex|move: Taunt\n|move|p1a: Toxapex|Dragon Tail|p2a: Grimmsnarl\n|-damage|p2a: Grimmsnarl|86\/100\n|drag|p2a: Calyrex-Shadow|Miraidon|18\/100\n|-activate|p2a: Calyrex-Shadow|ability: Hadron Engine\n|\n|-heal|p1a: Toxapex|69\/100|[from] item: Leftovers\n|-fieldend|move: Electric Terrain\n|upkeep\n|turn|18\n|\n|t:|1700888455\n|switch|p1a: Calyrex-Shadow|Kyogre|100\/100\n|-damage|p1a: Calyrex-Shadow|88\/100|[from] Stealth Rock\n|-weather|RainDance|[from] ability: Drizzle|[of] p1a: Calyrex-Shadow\n|move|p2a: Calyrex-Shadow|Draco Meteor|p1a: Calyrex-Shadow\n|-damage|p1a: Calyrex-Shadow|39\/100\n|-unboost|p2a: Calyrex-Shadow|spa|2\n|\n|-weather|RainDance|[upkeep]\n|upkeep\n|turn|19\n|inactive|Cutecat1122 has 120 seconds left.\n|\n|t:|1700888486\n|move|p2a: Calyrex-Shadow|Draco Meteor|p1a: Calyrex-Shadow|[miss]\n|-miss|p2a: Calyrex-Shadow|p1a: Calyrex-Shadow\n|move|p1a: Calyrex-Shadow|Ice Beam|p2a: Calyrex-Shadow\n|-supereffective|p2a: Calyrex-Shadow\n|-damage|p2a: Calyrex-Shadow|0 fnt\n|faint|p2a: Calyrex-Shadow\n|\n|-weather|RainDance|[upkeep]\n|upkeep\n|c|\u2606Cutecat1122|gg\n|inactive|Cutecat1122 has 120 seconds left.\n|\n|t:|1700888492\n|switch|p2a: Grimmsnarl|Arceus|86\/100\n|turn|20\n|\n|t:|1700888505\n|switch|p1a: Toxapex|Giratina|100\/100\n|-damage|p1a: Toxapex|88\/100|[from] Stealth Rock\n|move|p2a: Grimmsnarl|Extreme Speed|p1a: Toxapex\n|-immune|p1a: Toxapex\n|\n|-weather|RainDance|[upkeep]\n|-heal|p2a: Grimmsnarl|92\/100|[from] item: Leftovers\n|-heal|p1a: Toxapex|94\/100|[from] item: Leftovers\n|upkeep\n|turn|21\n|c|\u2606orichalcum puise|gg\n|\n|t:|1700888515\n|move|p2a: Grimmsnarl|Taunt|p1a: Toxapex\n|-start|p1a: Toxapex|move: Taunt\n|move|p1a: Toxapex|Dragon Tail|p2a: Grimmsnarl\n|-damage|p2a: Grimmsnarl|80\/100\n|\n|-weather|RainDance|[upkeep]\n|-heal|p2a: Grimmsnarl|86\/100|[from] item: Leftovers\n|-heal|p1a: Toxapex|99\/100|[from] item: Leftovers\n|upkeep\n|turn|22\n|\n|t:|1700888530\n|move|p2a: Grimmsnarl|Bulk Up|p2a: Grimmsnarl\n|-boost|p2a: Grimmsnarl|atk|1\n|-boost|p2a: Grimmsnarl|def|1\n|move|p1a: Toxapex|Dragon Tail|p2a: Grimmsnarl\n|-damage|p2a: Grimmsnarl|77\/100\n|\n|-weather|none\n|-heal|p2a: Grimmsnarl|83\/100|[from] item: Leftovers\n|-heal|p1a: Toxapex|100\/100|[from] item: Leftovers\n|upkeep\n|turn|23\n|\n|t:|1700888534\n|switch|p1a: Ditto|Chansey, F|33\/100\n|-damage|p1a: Ditto|21\/100|[from] Stealth Rock\n|-transform|p1a: Ditto|p2a: Grimmsnarl|[from] ability: Imposter\n|move|p2a: Grimmsnarl|Bulk Up|p2a: Grimmsnarl\n|-boost|p2a: Grimmsnarl|atk|1\n|-boost|p2a: Grimmsnarl|def|1\n|\n|-heal|p2a: Grimmsnarl|89\/100|[from] item: Leftovers\n|upkeep\n|turn|24\n|\n|t:|1700888538\n|move|p2a: Grimmsnarl|Extreme Speed|p1a: Ditto\n|-damage|p1a: Ditto|4\/100\n|move|p1a: Ditto|Taunt|p2a: Grimmsnarl\n|-start|p2a: Grimmsnarl|move: Taunt\n|\n|-heal|p2a: Grimmsnarl|95\/100|[from] item: Leftovers\n|upkeep\n|turn|25\n|\n|t:|1700888544\n|switch|p1a: Toxapex|Giratina|100\/100\n|-damage|p1a: Toxapex|88\/100|[from] Stealth Rock\n|move|p2a: Grimmsnarl|Extreme Speed|p1a: Toxapex\n|-immune|p1a: Toxapex\n|\n|-heal|p2a: Grimmsnarl|100\/100|[from] item: Leftovers\n|-heal|p1a: Toxapex|94\/100|[from] item: Leftovers\n|upkeep\n|turn|26\n|\n|t:|1700888547\n|move|p2a: Grimmsnarl|Extreme Speed|p1a: Toxapex\n|-immune|p1a: Toxapex\n|move|p1a: Toxapex|Will-O-Wisp|p2a: Grimmsnarl\n|-status|p2a: Grimmsnarl|brn\n|\n|-heal|p1a: Toxapex|99\/100|[from] item: Leftovers\n|-damage|p2a: Grimmsnarl|94\/100 brn|[from] brn\n|upkeep\n|turn|27\n|\n|t:|1700888550\n|move|p2a: Grimmsnarl|Extreme Speed|p1a: Toxapex\n|-immune|p1a: Toxapex\n|move|p1a: Toxapex|Dragon Tail|p2a: Grimmsnarl\n|-damage|p2a: Grimmsnarl|88\/100 brn\n|\n|-heal|p2a: Grimmsnarl|94\/100 brn|[from] item: Leftovers\n|-heal|p1a: Toxapex|100\/100|[from] item: Leftovers\n|-damage|p2a: Grimmsnarl|88\/100 brn|[from] brn\n|-end|p2a: Grimmsnarl|move: Taunt\n|upkeep\n|turn|28\n|\n|t:|1700888553\n|switch|p1a: Ditto|Chansey, F|4\/100\n|-damage|p1a: Ditto|0 fnt|[from] Stealth Rock\n|faint|p1a: Ditto\n|move|p2a: Grimmsnarl|Bulk Up|p2a: Grimmsnarl\n|-boost|p2a: Grimmsnarl|atk|1\n|-boost|p2a: Grimmsnarl|def|1\n|\n|-heal|p2a: Grimmsnarl|94\/100 brn|[from] item: Leftovers\n|-damage|p2a: Grimmsnarl|88\/100 brn|[from] brn\n|upkeep\n|l| Box133\n|\n|t:|1700888559\n|switch|p1a: Groudon|Calyrex-Ice|100\/100\n|-ability|p1a: Groudon|As One\n|-ability|p1a: Groudon|Unnerve\n|-damage|p1a: Groudon|76\/100|[from] Stealth Rock\n|turn|29\n|\n|t:|1700888562\n|move|p2a: Grimmsnarl|Extreme Speed|p1a: Groudon\n|-damage|p1a: Groudon|43\/100\n|move|p1a: Groudon|Close Combat|p2a: Grimmsnarl\n|-supereffective|p2a: Grimmsnarl\n|-damage|p2a: Grimmsnarl|48\/100 brn\n|-unboost|p1a: Groudon|def|1\n|-unboost|p1a: Groudon|spd|1\n|-damage|p1a: Groudon|33\/100|[from] item: Life Orb\n|\n|-heal|p2a: Grimmsnarl|54\/100 brn|[from] item: Leftovers\n|-damage|p2a: Grimmsnarl|48\/100 brn|[from] brn\n|upkeep\n|turn|30\n|\n|t:|1700888574\n|move|p2a: Grimmsnarl|Extreme Speed|p1a: Groudon\n|-damage|p1a: Groudon|0 fnt\n|faint|p1a: Groudon\n|\n|-heal|p2a: Grimmsnarl|54\/100 brn|[from] item: Leftovers\n|-damage|p2a: Grimmsnarl|48\/100 brn|[from] brn\n|upkeep\n|\n|t:|1700888578\n|switch|p1a: Calyrex-Shadow|Kyogre|39\/100\n|-damage|p1a: Calyrex-Shadow|27\/100|[from] Stealth Rock\n|-weather|RainDance|[from] ability: Drizzle|[of] p1a: Calyrex-Shadow\n|turn|31\n|\n|t:|1700888587\n|move|p2a: Grimmsnarl|Bulk Up|p2a: Grimmsnarl\n|-boost|p2a: Grimmsnarl|atk|1\n|-boost|p2a: Grimmsnarl|def|1\n|move|p1a: Calyrex-Shadow|Water Spout|p2a: Grimmsnarl\n|-damage|p2a: Grimmsnarl|11\/100 brn\n|\n|-weather|RainDance|[upkeep]\n|-heal|p2a: Grimmsnarl|17\/100 brn|[from] item: Leftovers\n|-damage|p2a: Grimmsnarl|11\/100 brn|[from] brn\n|upkeep\n|turn|32\n|c|\u2606orichalcum puise|gg\n|\n|t:|1700888595\n|move|p2a: Grimmsnarl|Bulk Up|p2a: Grimmsnarl\n|-boost|p2a: Grimmsnarl|atk|1\n|-boost|p2a: Grimmsnarl|def|1\n|move|p1a: Calyrex-Shadow|Water Spout|p2a: Grimmsnarl\n|-damage|p2a: Grimmsnarl|0 fnt\n|faint|p2a: Grimmsnarl\n|\n|win|orichalcum puise\n|n|\u2606Cutecat1122|cutecat1122\n|n| Pure Hackmons|purehackmons\n|n| laprasplayer|laprasplayer\n|n| artemisery|artemisery\n|n|\u2606orichalcum puise|orichalcumpuise\n|c|\u2606Cutecat1122|gg\n|l| artemisery\n","uploadtime":1700888596,"views":0,"p1id":"orichalcumpuise","p2id":"cutecat1122","formatid":"gen9anythinggoes","rating":0,"private":0,"password":""}