{"id":"gen9anythinggoes-1996365528","p1":"MetalRose69","p2":"tangorine","format":"[Gen 9] Anything Goes","log":"|j|\u2606MetalRose69\n|j|\u2606tangorine\n|t:|1700675114\n|gametype|singles\n|player|p1|MetalRose69|valerie|1262\n|player|p2|tangorine|erika|1196\n|teamsize|p1|6\n|teamsize|p2|6\n|gen|9\n|tier|[Gen 9] Anything Goes\n|rated|\n|rule|HP Percentage Mod: HP is shown in percentages\n|rule|Endless Battle Clause: Forcing endless battles is banned\n|clearpoke\n|poke|p1|Skeledirge, M|\n|poke|p1|Garchomp, F|\n|poke|p1|Iron Valiant|\n|poke|p1|Arboliva, F|\n|poke|p1|Gyarados, M|\n|poke|p1|Tyranitar, M|\n|poke|p2|Urshifu-*, F|\n|poke|p2|Gastrodon, F|\n|poke|p2|Munkidori, M|\n|poke|p2|Mandibuzz, F|\n|poke|p2|Rotom-Mow|\n|poke|p2|Skeledirge, F|\n|teampreview\n|\n|t:|1700675134\n|start\n|switch|p1a: Kraid|Tyranitar, M|100\/100\n|switch|p2a: Gastrodon|Gastrodon, F|100\/100\n|-weather|Sandstorm|[from] ability: Sand Stream|[of] p1a: Kraid\n|turn|1\n|\n|t:|1700675142\n|switch|p1a: Olive Oyl|Arboliva, F|100\/100\n|move|p2a: Gastrodon|Earth Power|p1a: Olive Oyl\n|-resisted|p1a: Olive Oyl\n|-damage|p1a: Olive Oyl|92\/100\n|-fieldstart|move: Grassy Terrain|[from] ability: Seed Sower|[of] p1a: Olive Oyl\n|\n|-weather|Sandstorm|[upkeep]\n|-damage|p1a: Olive Oyl|85\/100|[from] Sandstorm\n|-heal|p1a: Olive Oyl|92\/100|[from] Grassy Terrain\n|-heal|p1a: Olive Oyl|98\/100|[from] item: Leftovers\n|upkeep\n|turn|2\n|\n|t:|1700675157\n|switch|p2a: Mandibuzz|Mandibuzz, F|100\/100\n|move|p1a: Olive Oyl|Leech Seed|p2a: Mandibuzz\n|-start|p2a: Mandibuzz|move: Leech Seed\n|\n|-weather|Sandstorm|[upkeep]\n|-damage|p1a: Olive Oyl|92\/100|[from] Sandstorm\n|-heal|p1a: Olive Oyl|98\/100|[from] Grassy Terrain\n|-heal|p1a: Olive Oyl|100\/100|[from] item: Leftovers\n|-damage|p2a: Mandibuzz|88\/100|[from] Leech Seed|[of] p1a: Olive Oyl\n|upkeep\n|turn|3\n|\n|t:|1700675167\n|switch|p1a: Artemis|Iron Valiant, shiny|100\/100\n|move|p2a: Mandibuzz|Toxic|p1a: Artemis\n|-status|p1a: Artemis|tox\n|\n|-weather|Sandstorm|[upkeep]\n|-damage|p1a: Artemis|94\/100 tox|[from] Sandstorm\n|-heal|p1a: Artemis|100\/100 tox|[from] Grassy Terrain\n|-damage|p2a: Mandibuzz|76\/100|[from] Leech Seed|[of] p1a: Artemis\n|-damage|p1a: Artemis|94\/100 tox|[from] psn\n|upkeep\n|turn|4\n|\n|t:|1700675184\n|switch|p2a: Skeledirge|Skeledirge, F|100\/100\n|move|p1a: Artemis|Moonblast|p2a: Skeledirge\n|-resisted|p2a: Skeledirge\n|-damage|p2a: Skeledirge|83\/100\n|-unboost|p2a: Skeledirge|spa|1\n|\n|-weather|Sandstorm|[upkeep]\n|-damage|p1a: Artemis|88\/100 tox|[from] Sandstorm\n|-damage|p2a: Skeledirge|77\/100|[from] Sandstorm\n|-heal|p1a: Artemis|94\/100 tox|[from] Grassy Terrain\n|-heal|p2a: Skeledirge|83\/100|[from] Grassy Terrain\n|-damage|p1a: Artemis|82\/100 tox|[from] psn\n|upkeep\n|turn|5\n|\n|t:|1700675197\n|-end|p1a: Artemis|Quark Drive|[silent]\n|switch|p1a: Kraid|Tyranitar, M|100\/100\n|move|p2a: Skeledirge|Will-O-Wisp|p1a: Kraid\n|-status|p1a: Kraid|brn\n|\n|-weather|none\n|-heal|p2a: Skeledirge|89\/100|[from] Grassy Terrain\n|-damage|p1a: Kraid|94\/100 brn|[from] brn\n|-fieldend|move: Grassy Terrain\n|upkeep\n|turn|6\n|\n|t:|1700675209\n|switch|p2a: Gastrodon|Gastrodon, F|100\/100\n|move|p1a: Kraid|Crunch|p2a: Gastrodon\n|-damage|p2a: Gastrodon|74\/100\n|\n|-heal|p1a: Kraid|100\/100 brn|[from] item: Leftovers\n|-heal|p2a: Gastrodon|81\/100|[from] item: Leftovers\n|-damage|p1a: Kraid|94\/100 brn|[from] brn\n|upkeep\n|turn|7\n|\n|t:|1700675219\n|switch|p1a: Olive Oyl|Arboliva, F|100\/100\n|move|p2a: Gastrodon|Ice Beam|p1a: Olive Oyl\n|-supereffective|p1a: Olive Oyl\n|-damage|p1a: Olive Oyl|75\/100\n|-fieldstart|move: Grassy Terrain|[from] ability: Seed Sower|[of] p1a: Olive Oyl\n|\n|-heal|p2a: Gastrodon|87\/100|[from] Grassy Terrain\n|-heal|p1a: Olive Oyl|82\/100|[from] Grassy Terrain\n|-heal|p1a: Olive Oyl|88\/100|[from] item: Leftovers\n|-heal|p2a: Gastrodon|93\/100|[from] item: Leftovers\n|upkeep\n|turn|8\n|\n|t:|1700675231\n|move|p2a: Gastrodon|Stealth Rock|p1a: Olive Oyl\n|-sidestart|p1: MetalRose69|move: Stealth Rock\n|move|p1a: Olive Oyl|Leech Seed|p2a: Gastrodon\n|-start|p2a: Gastrodon|move: Leech Seed\n|\n|-heal|p1a: Olive Oyl|94\/100|[from] Grassy Terrain\n|-heal|p2a: Gastrodon|99\/100|[from] Grassy Terrain\n|-heal|p2a: Gastrodon|100\/100|[from] item: Leftovers\n|-heal|p1a: Olive Oyl|99\/100|[from] item: Leftovers\n|-damage|p2a: Gastrodon|88\/100|[from] Leech Seed|[of] p1a: Olive Oyl\n|-heal|p1a: Olive Oyl|100\/100|[silent]\n|upkeep\n|turn|9\n|\n|t:|1700675241\n|switch|p2a: Skeledirge|Skeledirge, F|89\/100\n|move|p1a: Olive Oyl|Substitute|p1a: Olive Oyl\n|-start|p1a: Olive Oyl|Substitute\n|-damage|p1a: Olive Oyl|76\/100\n|\n|-heal|p2a: Skeledirge|95\/100|[from] Grassy Terrain\n|-heal|p1a: Olive Oyl|82\/100|[from] Grassy Terrain\n|-heal|p1a: Olive Oyl|88\/100|[from] item: Leftovers\n|upkeep\n|turn|10\n|\n|t:|1700675252\n|switch|p1a: Kraid|Tyranitar, M|94\/100 brn\n|-damage|p1a: Kraid|82\/100 brn|[from] Stealth Rock\n|-weather|Sandstorm|[from] ability: Sand Stream|[of] p1a: Kraid\n|move|p2a: Skeledirge|Torch Song|p1a: Kraid\n|-resisted|p1a: Kraid\n|-damage|p1a: Kraid|73\/100 brn\n|-boost|p2a: Skeledirge|spa|1\n|\n|-weather|Sandstorm|[upkeep]\n|-damage|p2a: Skeledirge|89\/100|[from] Sandstorm\n|-heal|p2a: Skeledirge|95\/100|[from] Grassy Terrain\n|-heal|p1a: Kraid|79\/100 brn|[from] Grassy Terrain\n|-heal|p1a: Kraid|86\/100 brn|[from] item: Leftovers\n|-damage|p1a: Kraid|79\/100 brn|[from] brn\n|upkeep\n|turn|11\n|\n|t:|1700675272\n|switch|p2a: Urshifu|Urshifu-Rapid-Strike, F|100\/100\n|move|p1a: Kraid|Crunch|p2a: Urshifu\n|-resisted|p2a: Urshifu\n|-damage|p2a: Urshifu|88\/100\n|\n|-weather|Sandstorm|[upkeep]\n|-damage|p2a: Urshifu|82\/100|[from] Sandstorm\n|-heal|p2a: Urshifu|88\/100|[from] Grassy Terrain\n|-heal|p1a: Kraid|86\/100 brn|[from] Grassy Terrain\n|-heal|p1a: Kraid|92\/100 brn|[from] item: Leftovers\n|-damage|p1a: Kraid|86\/100 brn|[from] brn\n|-fieldend|move: Grassy Terrain\n|upkeep\n|turn|12\n|\n|t:|1700675287\n|switch|p1a: Artemis|Iron Valiant, shiny|82\/100 tox\n|move|p2a: Urshifu|U-turn|p1a: Artemis\n|-resisted|p1a: Artemis\n|-damage|p1a: Artemis|71\/100 tox\n|\n|t:|1700675293\n|switch|p2a: Munkidori|Munkidori, M|100\/100|[from] U-turn\n|\n|-weather|Sandstorm|[upkeep]\n|-damage|p2a: Munkidori|95\/100|[from] Sandstorm\n|-damage|p1a: Artemis|65\/100 tox|[from] Sandstorm\n|-damage|p1a: Artemis|59\/100 tox|[from] psn\n|upkeep\n|turn|13\n|\n|t:|1700675306\n|-end|p1a: Artemis|Quark Drive|[silent]\n|switch|p1a: Kraid|Tyranitar, M|86\/100 brn\n|-damage|p1a: Kraid|73\/100 brn|[from] Stealth Rock\n|move|p2a: Munkidori|Sludge Bomb|p1a: Kraid\n|-resisted|p1a: Kraid\n|-damage|p1a: Kraid|59\/100 brn\n|\n|-weather|Sandstorm|[upkeep]\n|-damage|p2a: Munkidori|89\/100|[from] Sandstorm\n|-heal|p1a: Kraid|66\/100 brn|[from] item: Leftovers\n|-damage|p1a: Kraid|59\/100 brn|[from] brn\n|upkeep\n|turn|14\n|\n|t:|1700675317\n|switch|p2a: Mandibuzz|Mandibuzz, F|76\/100\n|move|p1a: Kraid|Crunch|p2a: Mandibuzz\n|-resisted|p2a: Mandibuzz\n|-damage|p2a: Mandibuzz|70\/100\n|\n|-weather|none\n|-heal|p1a: Kraid|66\/100 brn|[from] item: Leftovers\n|-damage|p1a: Kraid|59\/100 brn|[from] brn\n|upkeep\n|turn|15\n|\n|t:|1700675330\n|move|p2a: Mandibuzz|Roost|p2a: Mandibuzz\n|-heal|p2a: Mandibuzz|100\/100\n|-singleturn|p2a: Mandibuzz|move: Roost\n|move|p1a: Kraid|Rock Blast|p2a: Mandibuzz\n|-crit|p2a: Mandibuzz\n|-damage|p2a: Mandibuzz|95\/100\n|-damage|p2a: Mandibuzz|91\/100\n|-damage|p2a: Mandibuzz|87\/100\n|-damage|p2a: Mandibuzz|82\/100\n|-damage|p2a: Mandibuzz|78\/100\n|-hitcount|p2a: Mandibuzz|5\n|\n|-heal|p1a: Kraid|66\/100 brn|[from] item: Leftovers\n|-damage|p1a: Kraid|59\/100 brn|[from] brn\n|upkeep\n|turn|16\n|\n|t:|1700675346\n|switch|p2a: Urshifu|Urshifu-Rapid-Strike, F|88\/100\n|switch|p1a: Artemis|Iron Valiant, shiny|59\/100 tox\n|\n|-damage|p1a: Artemis|52\/100 tox|[from] psn\n|upkeep\n|turn|17\n|inactive|Battle timer is ON: inactive players will automatically lose when time's up. (requested by MetalRose69)\n|\n|t:|1700675363\n|switch|p2a: Skeledirge|Skeledirge, F|95\/100\n|move|p1a: Artemis|Moonblast|p2a: Skeledirge\n|-resisted|p2a: Skeledirge\n|-damage|p2a: Skeledirge|77\/100\n|-unboost|p2a: Skeledirge|spa|1\n|\n|-damage|p1a: Artemis|40\/100 tox|[from] psn\n|upkeep\n|turn|18\n|\n|t:|1700675378\n|-end|p1a: Artemis|Quark Drive|[silent]\n|switch|p1a: Kraid|Tyranitar, M|59\/100 brn\n|-damage|p1a: Kraid|47\/100 brn|[from] Stealth Rock\n|-weather|Sandstorm|[from] ability: Sand Stream|[of] p1a: Kraid\n|switch|p2a: Urshifu|Urshifu-Rapid-Strike, F|88\/100\n|\n|-weather|Sandstorm|[upkeep]\n|-damage|p2a: Urshifu|82\/100|[from] Sandstorm\n|-heal|p1a: Kraid|53\/100 brn|[from] item: Leftovers\n|-damage|p1a: Kraid|47\/100 brn|[from] brn\n|upkeep\n|turn|19\n|\n|t:|1700675403\n|switch|p1a: Artemis|Iron Valiant, shiny|40\/100 tox\n|move|p2a: Urshifu|Surging Strikes|p1a: Artemis\n|-crit|p1a: Artemis\n|-damage|p1a: Artemis|3\/100 tox\n|-crit|p1a: Artemis\n|-damage|p1a: Artemis|0 fnt\n|faint|p1a: Artemis\n|-end|p1a: Artemis|Quark Drive|[silent]\n|-hitcount|p1: Artemis|2\n|\n|-weather|Sandstorm|[upkeep]\n|-damage|p2a: Urshifu|76\/100|[from] Sandstorm\n|upkeep\n|inactive|MetalRose69 has 120 seconds left.\n|\n|t:|1700675442\n|switch|p1a: Olive Oyl|Arboliva, F|88\/100\n|-damage|p1a: Olive Oyl|76\/100|[from] Stealth Rock\n|turn|20\n|inactive|tangorine has 120 seconds left.\n|\n|t:|1700675493\n|switch|p2a: Munkidori|Munkidori, M|89\/100\n|move|p1a: Olive Oyl|Giga Drain|p2a: Munkidori\n|-resisted|p2a: Munkidori\n|-damage|p2a: Munkidori|71\/100\n|-heal|p1a: Olive Oyl|84\/100|[from] drain|[of] p2a: Munkidori\n|\n|-weather|Sandstorm|[upkeep]\n|-damage|p2a: Munkidori|65\/100|[from] Sandstorm\n|-damage|p1a: Olive Oyl|77\/100|[from] Sandstorm\n|-heal|p1a: Olive Oyl|84\/100|[from] item: Leftovers\n|upkeep\n|turn|21\n|inactive|MetalRose69 has 120 seconds left.\n|\n|t:|1700675503\n|switch|p1a: Kraid|Tyranitar, M|47\/100 brn\n|-damage|p1a: Kraid|35\/100 brn|[from] Stealth Rock\n|move|p2a: Munkidori|Sludge Bomb|p1a: Kraid\n|-resisted|p1a: Kraid\n|-damage|p1a: Kraid|21\/100 brn\n|\n|-weather|Sandstorm|[upkeep]\n|-damage|p2a: Munkidori|59\/100|[from] Sandstorm\n|-heal|p1a: Kraid|27\/100 brn|[from] item: Leftovers\n|-damage|p1a: Kraid|21\/100 brn|[from] brn\n|upkeep\n|turn|22\n|inactive|MetalRose69 has 120 seconds left.\n|\n|t:|1700675516\n|switch|p2a: Mandibuzz|Mandibuzz, F|78\/100\n|move|p1a: Kraid|Rest|p1a: Kraid\n|-status|p1a: Kraid|slp|[from] move: Rest\n|-heal|p1a: Kraid|100\/100 slp|[silent]\n|\n|-weather|none\n|upkeep\n|turn|23\n|inactive|MetalRose69 has 120 seconds left.\n|\n|t:|1700675527\n|move|p2a: Mandibuzz|Roost|p2a: Mandibuzz\n|-heal|p2a: Mandibuzz|100\/100\n|-singleturn|p2a: Mandibuzz|move: Roost\n|cant|p1a: Kraid|slp\n|\n|upkeep\n|turn|24\n|\n|t:|1700675541\n|switch|p2a: Urshifu|Urshifu-Rapid-Strike, F|76\/100\n|switch|p1a: Grenchler|Garchomp, F|100\/100\n|-damage|p1a: Grenchler|94\/100|[from] Stealth Rock\n|\n|upkeep\n|turn|25\n|\n|t:|1700675551\n|move|p1a: Grenchler|Stealth Rock|p2a: Urshifu\n|-sidestart|p2: tangorine|move: Stealth Rock\n|move|p2a: Urshifu|U-turn|p1a: Grenchler\n|-damage|p1a: Grenchler|61\/100\n|-damage|p2a: Urshifu|64\/100|[from] ability: Rough Skin|[of] p1a: Grenchler\n|-damage|p2a: Urshifu|47\/100|[from] item: Rocky Helmet|[of] p1a: Grenchler\n|inactive|tangorine has 90 seconds left.\n|\n|t:|1700675571\n|switch|p2a: Munkidori|Munkidori, M|59\/100|[from] U-turn\n|-damage|p2a: Munkidori|47\/100|[from] Stealth Rock\n|\n|upkeep\n|turn|26\n|inactive|tangorine has 90 seconds left.\n|\n|t:|1700675588\n|-terastallize|p1a: Grenchler|Steel\n|move|p2a: Munkidori|Parting Shot|p1a: Grenchler\n|-unboost|p1a: Grenchler|atk|1\n|-unboost|p1a: Grenchler|spa|1\n|\n|t:|1700675598\n|switch|p2a: Mandibuzz|Mandibuzz, F|100\/100|[from] Parting Shot\n|move|p1a: Grenchler|Earthquake|p2a: Mandibuzz\n|-immune|p2a: Mandibuzz\n|\n|upkeep\n|turn|27\n|\n|t:|1700675610\n|switch|p1a: Serris|Gyarados, M|100\/100\n|-damage|p1a: Serris|76\/100|[from] Stealth Rock\n|move|p2a: Mandibuzz|Foul Play|p1a: Serris\n|-damage|p1a: Serris|1\/100\n|\n|upkeep\n|turn|28\n|\n|t:|1700675616\n|move|p1a: Serris|Ice Fang|p2a: Mandibuzz\n|-supereffective|p2a: Mandibuzz\n|-damage|p2a: Mandibuzz|73\/100\n|move|p2a: Mandibuzz|U-turn|p1a: Serris\n|-resisted|p1a: Serris\n|-damage|p1a: Serris|0 fnt\n|faint|p1a: Serris\n|\n|t:|1700675642\n|switch|p2a: Rotom|Rotom-Mow|100\/100|[from] U-turn\n|-damage|p2a: Rotom|88\/100|[from] Stealth Rock\n|\n|-heal|p2a: Rotom|94\/100|[from] item: Leftovers\n|upkeep\n|inactive|MetalRose69 has 120 seconds left.\n|\n|t:|1700675678\n|switch|p1a: Crocomire|Skeledirge, M, shiny|100\/100\n|turn|29\n|\n|t:|1700675687\n|move|p2a: Rotom|Volt Switch|p1a: Crocomire\n|-damage|p1a: Crocomire|79\/100\n|inactive|tangorine has 60 seconds left.\n|\n|t:|1700675710\n|switch|p2a: Urshifu|Urshifu-Rapid-Strike, F|47\/100|[from] Volt Switch\n|-damage|p2a: Urshifu|41\/100|[from] Stealth Rock\n|move|p1a: Crocomire|Will-O-Wisp|p2a: Urshifu\n|-status|p2a: Urshifu|brn\n|\n|-damage|p2a: Urshifu|35\/100 brn|[from] brn\n|upkeep\n|turn|30\n|inactive|tangorine has 60 seconds left.\n|\n|t:|1700675721\n|switch|p1a: Olive Oyl|Arboliva, F|84\/100\n|-damage|p1a: Olive Oyl|71\/100|[from] Stealth Rock\n|move|p2a: Urshifu|Surging Strikes|p1a: Olive Oyl\n|-resisted|p1a: Olive Oyl\n|-crit|p1a: Olive Oyl\n|-damage|p1a: Olive Oyl|63\/100\n|-fieldstart|move: Grassy Terrain|[from] ability: Seed Sower|[of] p1a: Olive Oyl\n|-resisted|p1a: Olive Oyl\n|-crit|p1a: Olive Oyl\n|-damage|p1a: Olive Oyl|55\/100\n|-resisted|p1a: Olive Oyl\n|-crit|p1a: Olive Oyl\n|-damage|p1a: Olive Oyl|48\/100\n|-hitcount|p1a: Olive Oyl|3\n|\n|-heal|p2a: Urshifu|41\/100 brn|[from] Grassy Terrain\n|-heal|p1a: Olive Oyl|54\/100|[from] Grassy Terrain\n|-heal|p1a: Olive Oyl|60\/100|[from] item: Leftovers\n|-damage|p2a: Urshifu|35\/100 brn|[from] brn\n|upkeep\n|turn|31\n|\n|t:|1700675739\n|switch|p2a: Skeledirge|Skeledirge, F|77\/100\n|move|p1a: Olive Oyl|Giga Drain|p2a: Skeledirge\n|-resisted|p2a: Skeledirge\n|-damage|p2a: Skeledirge|62\/100\n|-heal|p1a: Olive Oyl|69\/100|[from] drain|[of] p2a: Skeledirge\n|\n|-heal|p2a: Skeledirge|68\/100|[from] Grassy Terrain\n|-heal|p1a: Olive Oyl|75\/100|[from] Grassy Terrain\n|-heal|p1a: Olive Oyl|81\/100|[from] item: Leftovers\n|upkeep\n|turn|32\n|\n|t:|1700675749\n|switch|p1a: Kraid|Tyranitar, M|100\/100 slp\n|-damage|p1a: Kraid|88\/100 slp|[from] Stealth Rock\n|-weather|Sandstorm|[from] ability: Sand Stream|[of] p1a: Kraid\n|move|p2a: Skeledirge|Torch Song|p1a: Kraid\n|-resisted|p1a: Kraid\n|-damage|p1a: Kraid|80\/100 slp\n|-boost|p2a: Skeledirge|spa|1\n|\n|-weather|Sandstorm|[upkeep]\n|-damage|p2a: Skeledirge|62\/100|[from] Sandstorm\n|-heal|p2a: Skeledirge|68\/100|[from] Grassy Terrain\n|-heal|p1a: Kraid|86\/100 slp|[from] Grassy Terrain\n|-heal|p1a: Kraid|92\/100 slp|[from] item: Leftovers\n|upkeep\n|turn|33\n|\n|t:|1700675764\n|move|p2a: Skeledirge|Will-O-Wisp||[still]\n|-fail|p2a: Skeledirge\n|cant|p1a: Kraid|slp\n|\n|-weather|Sandstorm|[upkeep]\n|-damage|p2a: Skeledirge|62\/100|[from] Sandstorm\n|-heal|p2a: Skeledirge|68\/100|[from] Grassy Terrain\n|-heal|p1a: Kraid|99\/100 slp|[from] Grassy Terrain\n|-heal|p1a: Kraid|100\/100 slp|[from] item: Leftovers\n|upkeep\n|turn|34\n|\n|t:|1700675772\n|move|p2a: Skeledirge|Will-O-Wisp||[still]\n|-fail|p2a: Skeledirge\n|-curestatus|p1a: Kraid|slp|[msg]\n|move|p1a: Kraid|Crunch|p2a: Skeledirge\n|-supereffective|p2a: Skeledirge\n|-damage|p2a: Skeledirge|0 fnt\n|faint|p2a: Skeledirge\n|\n|-weather|Sandstorm|[upkeep]\n|-fieldend|move: Grassy Terrain\n|upkeep\n|\n|t:|1700675779\n|switch|p2a: Urshifu|Urshifu-Rapid-Strike, F|35\/100 brn\n|-damage|p2a: Urshifu|29\/100 brn|[from] Stealth Rock\n|turn|35\n|\n|t:|1700675784\n|switch|p1a: Olive Oyl|Arboliva, F|81\/100\n|-damage|p1a: Olive Oyl|69\/100|[from] Stealth Rock\n|move|p2a: Urshifu|Poison Jab|p1a: Olive Oyl\n|-supereffective|p1a: Olive Oyl\n|-damage|p1a: Olive Oyl|23\/100\n|-status|p1a: Olive Oyl|psn\n|-fieldstart|move: Grassy Terrain|[from] ability: Seed Sower|[of] p1a: Olive Oyl\n|\n|-weather|Sandstorm|[upkeep]\n|-damage|p2a: Urshifu|23\/100 brn|[from] Sandstorm\n|-damage|p1a: Olive Oyl|17\/100 psn|[from] Sandstorm\n|-heal|p2a: Urshifu|29\/100 brn|[from] Grassy Terrain\n|-heal|p1a: Olive Oyl|23\/100 psn|[from] Grassy Terrain\n|-heal|p1a: Olive Oyl|29\/100 psn|[from] item: Leftovers\n|-damage|p1a: Olive Oyl|17\/100 psn|[from] psn\n|-damage|p2a: Urshifu|23\/100 brn|[from] brn\n|upkeep\n|turn|36\n|\n|t:|1700675800\n|move|p2a: Urshifu|Poison Jab|p1a: Olive Oyl\n|-supereffective|p1a: Olive Oyl\n|-damage|p1a: Olive Oyl|0 fnt\n|faint|p1a: Olive Oyl\n|\n|-weather|none\n|-heal|p2a: Urshifu|29\/100 brn|[from] Grassy Terrain\n|-damage|p2a: Urshifu|23\/100 brn|[from] brn\n|upkeep\n|\n|t:|1700675808\n|switch|p1a: Grenchler|Garchomp, F, tera:Steel|61\/100\n|-damage|p1a: Grenchler|55\/100|[from] Stealth Rock\n|turn|37\n|\n|t:|1700675818\n|switch|p2a: Rotom|Rotom-Mow|94\/100\n|-damage|p2a: Rotom|82\/100|[from] Stealth Rock\n|move|p1a: Grenchler|Dragon Tail|p2a: Rotom|[miss]\n|-miss|p1a: Grenchler|p2a: Rotom\n|\n|-heal|p1a: Grenchler|61\/100|[from] Grassy Terrain\n|-heal|p2a: Rotom|88\/100|[from] item: Leftovers\n|upkeep\n|turn|38\n|\n|t:|1700675827\n|switch|p1a: Crocomire|Skeledirge, M, shiny|79\/100\n|move|p2a: Rotom|Will-O-Wisp|p1a: Crocomire\n|-immune|p1a: Crocomire\n|\n|-heal|p2a: Rotom|94\/100|[from] item: Leftovers\n|-heal|p1a: Crocomire|85\/100|[from] Grassy Terrain\n|upkeep\n|turn|39\n|inactive|tangorine has 120 seconds left.\n|\n|t:|1700675835\n|move|p2a: Rotom|Volt Switch|p1a: Crocomire\n|-damage|p1a: Crocomire|63\/100\n|inactive|tangorine has 120 seconds left.\n|\n|t:|1700675846\n|switch|p2a: Urshifu|Urshifu-Rapid-Strike, F|23\/100 brn|[from] Volt Switch\n|-damage|p2a: Urshifu|17\/100 brn|[from] Stealth Rock\n|move|p1a: Crocomire|Will-O-Wisp|p2a: Urshifu\n|-fail|p2a: Urshifu|brn\n|\n|-heal|p2a: Urshifu|23\/100 brn|[from] Grassy Terrain\n|-heal|p1a: Crocomire|69\/100|[from] Grassy Terrain\n|-damage|p2a: Urshifu|17\/100 brn|[from] brn\n|-fieldend|move: Grassy Terrain\n|upkeep\n|turn|40\n|inactive|tangorine has 120 seconds left.\n|\n|t:|1700675857\n|switch|p1a: Grenchler|Garchomp, F, tera:Steel|61\/100\n|-damage|p1a: Grenchler|55\/100|[from] Stealth Rock\n|move|p2a: Urshifu|Close Combat|p1a: Grenchler\n|-supereffective|p1a: Grenchler\n|-damage|p1a: Grenchler|0 fnt\n|-unboost|p2a: Urshifu|def|1\n|-unboost|p2a: Urshifu|spd|1\n|-damage|p2a: Urshifu|4\/100 brn|[from] ability: Rough Skin|[of] p1a: Grenchler\n|-damage|p2a: Urshifu|0 fnt|[from] item: Rocky Helmet|[of] p1a: Grenchler\n|faint|p1a: Grenchler\n|faint|p2a: Urshifu\n|\n|upkeep\n|inactive|tangorine has 120 seconds left.\n|\n|t:|1700675877\n|switch|p1a: Kraid|Tyranitar, M|100\/100\n|switch|p2a: Gastrodon|Gastrodon, F|88\/100\n|-damage|p1a: Kraid|88\/100|[from] Stealth Rock\n|-weather|Sandstorm|[from] ability: Sand Stream|[of] p1a: Kraid\n|-damage|p2a: Gastrodon|82\/100|[from] Stealth Rock\n|turn|41\n|-message|MetalRose69 forfeited.\n|\n|win|tangorine\n|raw|MetalRose69's rating: 1262 &rarr; <strong>1232<\/strong><br \/>(-30 for losing)\n|raw|tangorine's rating: 1196 &rarr; <strong>1226<\/strong><br \/>(+30 for winning)\n|l|\u2606MetalRose69\n","uploadtime":1700675886,"views":2,"p1id":"metalrose69","p2id":"tangorine","formatid":"gen9anythinggoes","rating":1226,"private":0,"password":""}