{"id":"gen9anythinggoes-1983396702","p1":"Carlyle 62","p2":"Tvrtko420","format":"[Gen 9] Anything Goes","log":"|j|\u2606Carlyle 62\n|j|\u2606Tvrtko420\n|t:|1699125753\n|gametype|singles\n|player|p1|Carlyle 62|benga|1615\n|player|p2|Tvrtko420|red-masters2|1899\n|teamsize|p1|6\n|teamsize|p2|6\n|gen|9\n|tier|[Gen 9] Anything Goes\n|rated|\n|rule|HP Percentage Mod: HP is shown in percentages\n|rule|Endless Battle Clause: Forcing endless battles is banned\n|clearpoke\n|poke|p1|Orthworm, M|\n|poke|p1|Basculegion, M|\n|poke|p1|Ursaluna-Bloodmoon, M|\n|poke|p1|Zoroark-Hisui, M|\n|poke|p1|Skeledirge, M|\n|poke|p1|Morpeko, M|\n|poke|p2|Calyrex-Shadow|\n|poke|p2|Arceus|\n|poke|p2|Zacian-*|\n|poke|p2|Koraidon|\n|poke|p2|Leavanny, M|\n|poke|p2|Koraidon|\n|teampreview\n|\n|t:|1699125772\n|start\n|switch|p1a: Ursaluna|Ursaluna-Bloodmoon, M|100\/100\n|switch|p2a: Koraidon|Koraidon|100\/100\n|-weather|SunnyDay|[from] ability: Orichalcum Pulse|[of] p2a: Koraidon\n|-activate|p2a: Koraidon|Orichalcum Pulse|[source]\n|turn|1\n|\n|t:|1699125805\n|move|p2a: Koraidon|Flare Blitz|p1a: Ursaluna\n|-damage|p1a: Ursaluna|38\/100\n|-status|p1a: Ursaluna|brn\n|-damage|p2a: Koraidon|76\/100|[from] Recoil\n|move|p1a: Ursaluna|Blood Moon|p2a: Koraidon\n|-damage|p2a: Koraidon|0 fnt\n|faint|p2a: Koraidon\n|\n|-weather|SunnyDay|[upkeep]\n|-heal|p1a: Ursaluna|44\/100 brn|[from] item: Leftovers\n|-damage|p1a: Ursaluna|38\/100 brn|[from] brn\n|upkeep\n|\n|t:|1699125825\n|switch|p2a: Koraidon|Koraidon|100\/100\n|-activate|p2a: Koraidon|ability: Orichalcum Pulse\n|turn|2\n|\n|t:|1699125831\n|switch|p1a: Skeledirge|Skeledirge, M|100\/100\n|move|p2a: Koraidon|Low Kick|p1a: Skeledirge\n|-immune|p1a: Skeledirge\n|\n|-weather|SunnyDay|[upkeep]\n|upkeep\n|turn|3\n|\n|t:|1699125839\n|switch|p2a: Leavanny|Leavanny, M, shiny|100\/100\n|move|p1a: Skeledirge|Torch Song|p2a: Leavanny\n|-supereffective|p2a: Leavanny\n|-enditem|p2a: Leavanny|Focus Sash\n|-damage|p2a: Leavanny|1\/100\n|-boost|p1a: Skeledirge|spa|1\n|\n|-weather|SunnyDay|[upkeep]\n|upkeep\n|turn|4\n|inactive|Battle timer is ON: inactive players will automatically lose when time's up. (requested by Tvrtko420)\n|\n|t:|1699125864\n|move|p2a: Leavanny|Sticky Web|p1a: Skeledirge\n|-sidestart|p1: Carlyle 62|move: Sticky Web\n|move|p1a: Skeledirge|Torch Song|p2a: Leavanny\n|-supereffective|p2a: Leavanny\n|-damage|p2a: Leavanny|0 fnt\n|-boost|p1a: Skeledirge|spa|1\n|faint|p2a: Leavanny\n|\n|-weather|SunnyDay|[upkeep]\n|upkeep\n|\n|t:|1699125875\n|switch|p2a: Koraidon|Koraidon|100\/100\n|-activate|p2a: Koraidon|ability: Orichalcum Pulse\n|turn|5\n|\n|t:|1699125893\n|move|p2a: Koraidon|Outrage|p1a: Skeledirge\n|-damage|p1a: Skeledirge|48\/100\n|move|p1a: Skeledirge|Torch Song|p2a: Koraidon\n|-resisted|p2a: Koraidon\n|-damage|p2a: Koraidon|61\/100\n|-boost|p1a: Skeledirge|spa|1\n|\n|-weather|none\n|upkeep\n|turn|6\n|\n|t:|1699125899\n|switch|p1a: Orthworm|Orthworm, M|100\/100\n|-activate|p1a: Orthworm|move: Sticky Web\n|-unboost|p1a: Orthworm|spe|1\n|move|p2a: Koraidon|Outrage|p1a: Orthworm|[from]lockedmove\n|-resisted|p1a: Orthworm\n|-damage|p1a: Orthworm|80\/100\n|\n|upkeep\n|turn|7\n|\n|t:|1699125908\n|move|p2a: Koraidon|Outrage|p1a: Orthworm|[from]lockedmove\n|-resisted|p1a: Orthworm\n|-damage|p1a: Orthworm|60\/100\n|-start|p2a: Koraidon|confusion|[fatigue]\n|move|p1a: Orthworm|Shed Tail|p1a: Orthworm\n|-start|p1a: Orthworm|Substitute|[from] move: Shed Tail\n|-damage|p1a: Orthworm|10\/100\n|-enditem|p1a: Orthworm|Sitrus Berry|[eat]\n|-heal|p1a: Orthworm|35\/100|[from] item: Sitrus Berry\n|\n|t:|1699125916\n|switch|p1a: Morpeko|Morpeko, M, shiny|100\/100|[from] Shed Tail\n|-activate|p1a: Morpeko|move: Sticky Web\n|-unboost|p1a: Morpeko|spe|1\n|\n|-formechange|p1a: Morpeko|Morpeko-Hangry||[from] ability: Hunger Switch\n|upkeep\n|turn|8\n|\n|t:|1699125922\n|switch|p2a: Calyrex|Calyrex-Shadow|100\/100\n|-ability|p2a: Calyrex|As One\n|-ability|p2a: Calyrex|Unnerve\n|move|p1a: Morpeko|Rapid Spin|p2a: Calyrex\n|-immune|p2a: Calyrex\n|\n|-formechange|p1a: Morpeko|Morpeko||[from] ability: Hunger Switch\n|upkeep\n|turn|9\n|c|\u2606Tvrtko420|my man\n|c|\u2606Tvrtko420|ty for representing the morpeko spin\n|\n|t:|1699125947\n|-terastallize|p2a: Calyrex|Grass\n|move|p2a: Calyrex|Giga Drain|p1a: Morpeko\n|-end|p1a: Morpeko|Substitute\n|move|p1a: Morpeko|Aura Wheel|p2a: Calyrex\n|-resisted|p2a: Calyrex\n|-damage|p2a: Calyrex|75\/100\n|-boost|p1a: Morpeko|spe|1\n|\n|-heal|p2a: Calyrex|81\/100|[from] item: Leftovers\n|-formechange|p1a: Morpeko|Morpeko-Hangry||[from] ability: Hunger Switch\n|upkeep\n|turn|10\n|\n|t:|1699125960\n|move|p2a: Calyrex|Giga Drain|p1a: Morpeko\n|-damage|p1a: Morpeko|7\/100\n|-heal|p2a: Calyrex|100\/100|[from] drain|[of] p1a: Morpeko\n|move|p1a: Morpeko|Rapid Spin|p2a: Calyrex\n|-damage|p2a: Calyrex|85\/100\n|-boost|p1a: Morpeko|spe|1\n|-sideend|p1: Carlyle 62|Sticky Web|[from] move: Rapid Spin|[of] p1a: Morpeko\n|\n|-heal|p2a: Calyrex|91\/100|[from] item: Leftovers\n|-formechange|p1a: Morpeko|Morpeko||[from] ability: Hunger Switch\n|upkeep\n|turn|11\n|\n|t:|1699125978\n|move|p1a: Morpeko|Ice Fang|p2a: Calyrex\n|-supereffective|p2a: Calyrex\n|-damage|p2a: Calyrex|49\/100\n|move|p2a: Calyrex|Giga Drain|p1a: Morpeko\n|-damage|p1a: Morpeko|0 fnt\n|-heal|p2a: Calyrex|52\/100|[from] drain|[of] p1a: Morpeko\n|faint|p1a: Morpeko\n|-ability|p2a: Calyrex|Grim Neigh|boost\n|-boost|p2a: Calyrex|spa|1\n|\n|-heal|p2a: Calyrex|58\/100|[from] item: Leftovers\n|upkeep\n|\n|t:|1699125994\n|switch|p1a: Basculegion|Basculegion, M|100\/100\n|turn|12\n|\n|t:|1699126007\n|-terastallize|p1a: Basculegion|Normal\n|move|p2a: Calyrex|Giga Drain|p1a: Basculegion\n|-damage|p1a: Basculegion|29\/100\n|-heal|p2a: Calyrex|98\/100|[from] drain|[of] p1a: Basculegion\n|move|p1a: Basculegion|Last Respects|p2a: Calyrex\n|-damage|p2a: Calyrex|47\/100\n|\n|-heal|p2a: Calyrex|53\/100|[from] item: Leftovers\n|upkeep\n|turn|13\n|\n|t:|1699126015\n|switch|p1a: Orthworm|Orthworm, M|35\/100\n|move|p2a: Calyrex|Giga Drain|p1a: Orthworm\n|-resisted|p1a: Orthworm\n|-damage|p1a: Orthworm|0 fnt\n|-heal|p2a: Calyrex|70\/100|[from] drain|[of] p1a: Orthworm\n|faint|p1a: Orthworm\n|-ability|p2a: Calyrex|Grim Neigh|boost\n|-boost|p2a: Calyrex|spa|1\n|\n|-heal|p2a: Calyrex|76\/100|[from] item: Leftovers\n|upkeep\n|\n|t:|1699126021\n|switch|p1a: Skeledirge|Skeledirge, M|48\/100\n|turn|14\n|\n|t:|1699126039\n|move|p2a: Calyrex|Astral Barrage|p1a: Skeledirge\n|-supereffective|p1a: Skeledirge\n|-damage|p1a: Skeledirge|0 fnt\n|faint|p1a: Skeledirge\n|-ability|p2a: Calyrex|Grim Neigh|boost\n|-boost|p2a: Calyrex|spa|1\n|\n|-heal|p2a: Calyrex|82\/100|[from] item: Leftovers\n|upkeep\n|\n|t:|1699126042\n|switch|p1a: Basculegion|Basculegion, M|100\/100\n|-start|p1a: Basculegion|typechange|Normal|[silent]\n|turn|15\n|\n|t:|1699126051\n|move|p2a: Calyrex|Giga Drain|p1a: Basculegion\n|-damage|p1a: Basculegion|0 fnt\n|-heal|p2a: Calyrex|100\/100|[from] drain|[of] p1a: Basculegion\n|replace|p1a: Zoroark|Zoroark-Hisui, M\n|-end|p1a: Zoroark|Illusion\n|faint|p1a: Zoroark\n|-ability|p2a: Calyrex|Grim Neigh|boost\n|-boost|p2a: Calyrex|spa|1\n|\n|upkeep\n|-message|Carlyle 62 forfeited.\n|\n|win|Tvrtko420\n|raw|Carlyle 62's rating: 1615 &rarr; <strong>1608<\/strong><br \/>(-7 for losing)\n|raw|Tvrtko420's rating: 1899 &rarr; <strong>1906<\/strong><br \/>(+7 for winning)\n|l|\u2606Carlyle 62\n","uploadtime":1699127152,"views":6,"p1id":"carlyle62","p2id":"tvrtko420","formatid":"gen9anythinggoes","rating":1608,"private":0,"password":""}