{"id":"gen9anythinggoes-1984766385","p1":"Wirecyte","p2":"GraceLikesBirds","format":"[Gen 9] Anything Goes","log":"|j|\u2606Wirecyte\n|j|\u2606GraceLikesBirds\n|t:|1699297293\n|gametype|singles\n|player|p1|Wirecyte|roxie|1000\n|player|p2|GraceLikesBirds|candice|1082\n|teamsize|p1|6\n|teamsize|p2|6\n|gen|9\n|tier|[Gen 9] Anything Goes\n|rated|\n|rule|HP Percentage Mod: HP is shown in percentages\n|rule|Endless Battle Clause: Forcing endless battles is banned\n|clearpoke\n|poke|p1|Clawitzer, M|\n|poke|p1|Clawitzer, F|\n|poke|p1|Clawitzer, F|\n|poke|p1|Clawitzer, F|\n|poke|p1|Clawitzer, M|\n|poke|p1|Clawitzer, M|\n|poke|p2|Moltres|\n|poke|p2|Articuno|\n|poke|p2|Zapdos|\n|poke|p2|Moltres-Galar|\n|poke|p2|Articuno-Galar|\n|poke|p2|Zapdos-Galar|\n|teampreview\n|c|\u2606GraceLikesBirds|wow\n|c|\u2606GraceLikesBirds|i see\n|\n|t:|1699297319\n|start\n|switch|p1a: ClawSupporter|Clawitzer, M|100\/100\n|switch|p2a: 1.2|Zapdos|100\/100\n|turn|1\n|c|\u2606Wirecyte|Clawitzer\ud83e\udd76\n|c|\u2606GraceLikesBirds|indeed\n|\n|t:|1699297335\n|switch|p1a: ClawIcer|Clawitzer, F|100\/100\n|move|p2a: 1.2|Tailwind|p2a: 1.2\n|-sidestart|p2: GraceLikesBirds|move: Tailwind\n|\n|upkeep\n|turn|2\n|\n|t:|1699297342\n|-terastallize|p1a: ClawIcer|Ice\n|move|p2a: 1.2|Discharge|p1a: ClawIcer\n|-damage|p1a: ClawIcer|53\/100\n|-status|p1a: ClawIcer|par\n|move|p1a: ClawIcer|Ice Beam|p2a: 1.2\n|-supereffective|p2a: 1.2\n|-damage|p2a: 1.2|0 fnt\n|faint|p2a: 1.2\n|\n|upkeep\n|\n|t:|1699297354\n|switch|p2a: 2.2|Zapdos-Galar, shiny|100\/100\n|turn|3\n|\n|t:|1699297365\n|move|p2a: 2.2|Thunderous Kick|p1a: ClawIcer\n|-supereffective|p1a: ClawIcer\n|-damage|p1a: ClawIcer|0 fnt\n|-damage|p2a: 2.2|84\/100|[from] item: Rocky Helmet|[of] p1a: ClawIcer\n|faint|p1a: ClawIcer\n|-damage|p2a: 2.2|74\/100|[from] item: Life Orb\n|\n|upkeep\n|\n|t:|1699297379\n|switch|p1a: ClawLeader|Clawitzer, M, shiny|100\/100\n|turn|4\n|\n|t:|1699297387\n|move|p2a: 2.2|Trailblaze|p1a: ClawLeader\n|-supereffective|p1a: ClawLeader\n|-damage|p1a: ClawLeader|47\/100\n|-boost|p2a: 2.2|spe|1\n|-damage|p2a: 2.2|64\/100|[from] item: Life Orb\n|move|p1a: ClawLeader|Dragon Pulse|p2a: 2.2\n|-damage|p2a: 2.2|0 fnt\n|faint|p2a: 2.2\n|\n|-sideend|p2: GraceLikesBirds|move: Tailwind\n|upkeep\n|\n|t:|1699297408\n|switch|p2a: 2.1|Moltres-Galar, shiny|100\/100\n|turn|5\n|\n|t:|1699297427\n|move|p2a: 2.1|Fiery Wrath|p1a: ClawLeader\n|-damage|p1a: ClawLeader|0 fnt\n|faint|p1a: ClawLeader\n|-damage|p2a: 2.1|91\/100|[from] item: Life Orb\n|\n|upkeep\n|\n|t:|1699297432\n|switch|p1a: ClawSupporter|Clawitzer, M|100\/100\n|turn|6\n|\n|t:|1699297444\n|move|p2a: 2.1|Fiery Wrath|p1a: ClawSupporter\n|-damage|p1a: ClawSupporter|60\/100\n|-damage|p2a: 2.1|81\/100|[from] item: Life Orb\n|move|p1a: ClawSupporter|Rain Dance|p1a: ClawSupporter\n|-weather|RainDance\n|\n|-weather|RainDance|[upkeep]\n|upkeep\n|turn|7\n|\n|t:|1699297457\n|move|p2a: 2.1|Fiery Wrath|p1a: ClawSupporter\n|-damage|p1a: ClawSupporter|22\/100\n|-damage|p2a: 2.1|71\/100|[from] item: Life Orb\n|move|p1a: ClawSupporter|Scary Face|p2a: 2.1\n|-unboost|p2a: 2.1|spe|2\n|\n|-weather|RainDance|[upkeep]\n|upkeep\n|turn|8\n|\n|t:|1699297475\n|move|p1a: ClawSupporter|Heal Pulse|p2a: 2.1\n|-heal|p2a: 2.1|100\/100\n|move|p2a: 2.1|Hurricane|p1a: ClawSupporter\n|-damage|p1a: ClawSupporter|0 fnt\n|faint|p1a: ClawSupporter\n|-damage|p2a: 2.1|91\/100|[from] item: Life Orb\n|\n|-weather|RainDance|[upkeep]\n|upkeep\n|c|\u2606GraceLikesBirds|thanks\n|c|\u2606Wirecyte|get healed idiot\n|c|\u2606GraceLikesBirds|NOOOOO\n|\n|t:|1699297493\n|switch|p1a: ClawBrawler|Clawitzer, M|100\/100\n|turn|9\n|c|\u2606GraceLikesBirds|NOT THE HEALS\n|\n|t:|1699297500\n|move|p1a: ClawBrawler|Aura Sphere|p2a: 2.1\n|-damage|p2a: 2.1|50\/100\n|-ability|p2a: 2.1|Berserk|boost\n|-boost|p2a: 2.1|spa|1\n|move|p2a: 2.1|Hurricane|p1a: ClawBrawler\n|-damage|p1a: ClawBrawler|0 fnt\n|faint|p1a: ClawBrawler\n|-damage|p2a: 2.1|40\/100|[from] item: Life Orb\n|\n|-weather|RainDance|[upkeep]\n|upkeep\n|\n|t:|1699297515\n|switch|p1a: Clawater|Clawitzer, F|100\/100\n|turn|10\n|\n|t:|1699297518\n|move|p1a: Clawater|Weather Ball|p2a: 2.1\n|-damage|p2a: 2.1|0 fnt\n|faint|p2a: 2.1\n|\n|-weather|none\n|upkeep\n|c|\u2606Wirecyte|Clawitzer\ud83e\udd76\n|\n|t:|1699297526\n|switch|p2a: 1.0|Articuno|100\/100\n|turn|11\n|\n|t:|1699297536\n|move|p2a: 1.0|Snowscape|p2a: 1.0\n|-weather|Snow\n|move|p1a: Clawater|Rain Dance|p1a: Clawater\n|-weather|RainDance\n|\n|-weather|RainDance|[upkeep]\n|upkeep\n|turn|12\n|c|\u2606GraceLikesBirds|no\n|\n|t:|1699297543\n|move|p2a: 1.0|Snowscape|p2a: 1.0\n|-weather|Snow\n|move|p1a: Clawater|Weather Ball|p2a: 1.0\n|-damage|p2a: 1.0|68\/100\n|\n|-weather|Snow|[upkeep]\n|upkeep\n|turn|13\n|c|\u2606GraceLikesBirds|mine\n|\n|t:|1699297557\n|move|p2a: 1.0|Agility|p2a: 1.0\n|-boost|p2a: 1.0|spe|2\n|move|p1a: Clawater|Rain Dance|p1a: Clawater\n|-weather|RainDance\n|\n|-weather|RainDance|[upkeep]\n|upkeep\n|turn|14\n|\n|t:|1699297563\n|move|p2a: 1.0|Snowscape|p2a: 1.0\n|-weather|Snow\n|move|p1a: Clawater|Water Pulse|p2a: 1.0\n|-damage|p2a: 1.0|28\/100\n|\n|-weather|Snow|[upkeep]\n|upkeep\n|turn|15\n|\n|t:|1699297571\n|-terastallize|p2a: 1.0|Ghost\n|move|p2a: 1.0|Tera Blast|p1a: Clawater|[anim] Tera Blast Ghost\n|-damage|p1a: Clawater|58\/100\n|move|p1a: Clawater|Weather Ball|p2a: 1.0\n|-damage|p2a: 1.0|0 fnt\n|faint|p2a: 1.0\n|\n|-weather|Snow|[upkeep]\n|upkeep\n|c|\u2606GraceLikesBirds|nooooooo\n|\n|t:|1699297581\n|switch|p2a: 1.1|Moltres|100\/100\n|turn|16\n|c|\u2606Wirecyte|shoulda had clawitzer\n|\n|t:|1699297596\n|move|p2a: 1.1|Air Slash|p1a: Clawater\n|-damage|p1a: Clawater|15\/100\n|move|p1a: Clawater|Water Pulse|p2a: 1.1\n|-supereffective|p2a: 1.1\n|-damage|p2a: 1.1|36\/100\n|\n|-weather|Snow|[upkeep]\n|upkeep\n|turn|17\n|c|\u2606GraceLikesBirds|yeah i guess your right\n|\n|t:|1699297615\n|move|p2a: 1.1|Air Slash|p1a: Clawater\n|-damage|p1a: Clawater|0 fnt\n|faint|p1a: Clawater\n|\n|-weather|Snow|[upkeep]\n|upkeep\n|\n|t:|1699297620\n|switch|p1a: ClawSpeeder|Clawitzer, F|100\/100\n|turn|18\n|\n|t:|1699297632\n|move|p1a: ClawSpeeder|Aqua Jet|p2a: 1.1\n|-supereffective|p2a: 1.1\n|-damage|p2a: 1.1|17\/100\n|move|p2a: 1.1|Air Slash|p1a: ClawSpeeder\n|-damage|p1a: ClawSpeeder|53\/100\n|\n|-weather|none\n|upkeep\n|turn|19\n|\n|t:|1699297640\n|move|p1a: ClawSpeeder|Dragon Pulse|p2a: 1.1\n|-damage|p2a: 1.1|0 fnt\n|faint|p2a: 1.1\n|\n|upkeep\n|\n|t:|1699297645\n|switch|p2a: 2.0|Articuno-Galar, shiny|100\/100\n|turn|20\n|\n|t:|1699297650\n|move|p1a: ClawSpeeder|Dark Pulse|p2a: 2.0\n|-supereffective|p2a: 2.0\n|-damage|p2a: 2.0|61\/100\n|cant|p2a: 2.0|flinch\n|\n|-heal|p2a: 2.0|67\/100|[from] item: Leftovers\n|upkeep\n|turn|21\n|\n|t:|1699297658\n|move|p1a: ClawSpeeder|Dark Pulse|p2a: 2.0\n|-supereffective|p2a: 2.0\n|-damage|p2a: 2.0|22\/100\n|move|p2a: 2.0|Freezing Glare|p1a: ClawSpeeder\n|-damage|p1a: ClawSpeeder|13\/100\n|\n|-heal|p2a: 2.0|28\/100|[from] item: Leftovers\n|upkeep\n|turn|22\n|\n|t:|1699297665\n|move|p1a: ClawSpeeder|Dark Pulse|p2a: 2.0\n|-supereffective|p2a: 2.0\n|-damage|p2a: 2.0|0 fnt\n|faint|p2a: 2.0\n|\n|win|Wirecyte\n|raw|Wirecyte's rating: 1000 &rarr; <strong>1049<\/strong><br \/>(+49 for winning)\n|raw|GraceLikesBirds's rating: 1082 &rarr; <strong>1055<\/strong><br \/>(-27 for losing)\n|c|\u2606Wirecyte|L\n|c|\u2606GraceLikesBirds|gg\n|l|\u2606GraceLikesBirds\n","uploadtime":1699297686,"views":4,"p1id":"wirecyte","p2id":"gracelikesbirds","formatid":"gen9anythinggoes","rating":1049,"private":0,"password":""}