{"id":"gen9anythinggoes-2000430010","p1":"Pikaspeed","p2":"Omar84","format":"[Gen 9] Anything Goes","log":"|j|\u2606Pikaspeed\n|j|\u203dOmar84\n|t:|1701194119\n|gametype|singles\n|player|p1|Pikaspeed|n|1058\n|player|p2|Omar84|169|1040\n|teamsize|p1|6\n|teamsize|p2|6\n|gen|9\n|tier|[Gen 9] Anything Goes\n|rated|\n|rule|HP Percentage Mod: HP is shown in percentages\n|rule|Endless Battle Clause: Forcing endless battles is banned\n|clearpoke\n|poke|p1|Ceruledge, F|\n|poke|p1|Armarouge, F|\n|poke|p1|Sneasler, M|\n|poke|p1|Weavile, M|\n|poke|p1|Samurott-Hisui, F|\n|poke|p1|Samurott, F|\n|poke|p2|Veluza, F|\n|poke|p2|Shaymin-Sky|\n|poke|p2|Palafin, M|\n|poke|p2|Blissey, F|\n|poke|p2|Clodsire, M|\n|poke|p2|Cinderace, F|\n|teampreview\n|\n|t:|1701194125\n|start\n|switch|p1a: Weavile|Weavile, M|100\/100\n|switch|p2a: Blissey|Blissey, F, shiny|100\/100\n|turn|1\n|\n|t:|1701194137\n|move|p1a: Weavile|Fake Out|p2a: Blissey\n|-damage|p2a: Blissey|85\/100\n|cant|p2a: Blissey|flinch\n|\n|-heal|p2a: Blissey|91\/100|[from] item: Leftovers\n|upkeep\n|turn|2\n|\n|t:|1701194151\n|move|p1a: Weavile|Calm Mind|p1a: Weavile\n|-boost|p1a: Weavile|spa|1\n|-boost|p1a: Weavile|spd|1\n|move|p2a: Blissey|Charm|p1a: Weavile\n|-unboost|p1a: Weavile|atk|2\n|\n|-heal|p2a: Blissey|97\/100|[from] item: Leftovers\n|upkeep\n|turn|3\n|\n|t:|1701194160\n|move|p1a: Weavile|Calm Mind|p1a: Weavile\n|-boost|p1a: Weavile|spa|1\n|-boost|p1a: Weavile|spd|1\n|move|p2a: Blissey|Charm|p1a: Weavile\n|-unboost|p1a: Weavile|atk|2\n|\n|-heal|p2a: Blissey|100\/100|[from] item: Leftovers\n|upkeep\n|turn|4\n|\n|t:|1701194171\n|move|p1a: Weavile|Baton Pass|p1a: Weavile\n|\n|t:|1701194172\n|switch|p1a: Armarouge|Armarouge, F|100\/100|[from] Baton Pass\n|-enditem|p1a: Armarouge|White Herb\n|-clearnegativeboost|p1a: Armarouge|[silent]\n|move|p2a: Blissey|Drain Punch|p1a: Armarouge\n|-resisted|p1a: Armarouge\n|-damage|p1a: Armarouge|98\/100\n|-ability|p1a: Armarouge|Weak Armor|boost\n|-unboost|p1a: Armarouge|def|1\n|-boost|p1a: Armarouge|spe|2\n|\n|upkeep\n|turn|5\n|\n|t:|1701194187\n|move|p1a: Armarouge|Stored Power|p2a: Blissey\n|-damage|p2a: Blissey|48\/100\n|move|p2a: Blissey|Charm|p1a: Armarouge\n|-unboost|p1a: Armarouge|atk|2\n|\n|-heal|p2a: Blissey|54\/100|[from] item: Leftovers\n|upkeep\n|turn|6\n|\n|t:|1701194194\n|move|p1a: Armarouge|Flame Charge|p2a: Blissey\n|-damage|p2a: Blissey|48\/100\n|-boost|p1a: Armarouge|spe|1\n|move|p2a: Blissey|Soft-Boiled|p2a: Blissey\n|-heal|p2a: Blissey|98\/100\n|\n|-heal|p2a: Blissey|100\/100|[from] item: Leftovers\n|upkeep\n|turn|7\n|\n|t:|1701194212\n|move|p1a: Armarouge|Flame Charge|p2a: Blissey\n|-damage|p2a: Blissey|94\/100\n|-boost|p1a: Armarouge|spe|1\n|move|p2a: Blissey|Drain Punch|p1a: Armarouge\n|-resisted|p1a: Armarouge\n|-damage|p1a: Armarouge|95\/100\n|-heal|p2a: Blissey|95\/100|[from] drain|[of] p1a: Armarouge\n|-ability|p1a: Armarouge|Weak Armor|boost\n|-unboost|p1a: Armarouge|def|1\n|-boost|p1a: Armarouge|spe|2\n|\n|-heal|p2a: Blissey|100\/100|[from] item: Leftovers\n|upkeep\n|turn|8\n|l|\u203dOmar84\n|player|p2|\n|\n|t:|1701194227\n|move|p1a: Armarouge|Stored Power|p2a: Blissey\n|-damage|p2a: Blissey|3\/100\n|move|p2a: Blissey|Charm|p1a: Armarouge\n|-unboost|p1a: Armarouge|atk|2\n|\n|-heal|p2a: Blissey|9\/100|[from] item: Leftovers\n|upkeep\n|turn|9\n|j|\u203dOmar84\n|player|p2|Omar84|169\n|n|\u203dOmar84|omar84\n|\n|t:|1701194243\n|move|p1a: Armarouge|Clear Smog|p2a: Blissey\n|-damage|p2a: Blissey|0 fnt\n|-clearboost|p2a: Blissey\n|faint|p2a: Blissey\n|\n|upkeep\n|c|\u2606Pikaspeed|:)\n|\n|t:|1701194248\n|switch|p2a: Palafin|Palafin, M|100\/100\n|turn|10\n|\n|t:|1701194256\n|-terastallize|p1a: Armarouge|Poison\n|move|p1a: Armarouge|Stored Power|p2a: Palafin\n|-damage|p2a: Palafin|0 fnt\n|faint|p2a: Palafin\n|\n|upkeep\n|\n|t:|1701194261\n|switch|p2a: Clodsire|Clodsire, M|100\/100\n|turn|11\n|\n|t:|1701194264\n|move|p1a: Armarouge|Stored Power|p2a: Clodsire\n|-supereffective|p2a: Clodsire\n|-damage|p2a: Clodsire|0 fnt\n|faint|p2a: Clodsire\n|\n|upkeep\n|\n|t:|1701194269\n|switch|p2a: Veluza|Veluza, F, shiny|100\/100\n|turn|12\n|\n|t:|1701194274\n|move|p1a: Armarouge|Stored Power|p2a: Veluza\n|-resisted|p2a: Veluza\n|-damage|p2a: Veluza|0 fnt\n|faint|p2a: Veluza\n|\n|upkeep\n|\n|t:|1701194279\n|switch|p2a: Cinderace|Cinderace, F, shiny|100\/100\n|turn|13\n|\n|t:|1701194284\n|move|p1a: Armarouge|Stored Power|p2a: Cinderace\n|-damage|p2a: Cinderace|0 fnt\n|faint|p2a: Cinderace\n|\n|upkeep\n|\n|t:|1701194288\n|switch|p2a: Shaymin|Shaymin-Sky, shiny|100\/100\n|turn|14\n|\n|t:|1701194295\n|move|p1a: Armarouge|Stored Power|p2a: Shaymin\n|-damage|p2a: Shaymin|0 fnt\n|faint|p2a: Shaymin\n|\n|win|Pikaspeed\n|raw|Pikaspeed's rating: 1058 &rarr; <strong>1088<\/strong><br \/>(+30 for winning)\n|raw|Omar84's rating: 1040 &rarr; <strong>1025<\/strong><br \/>(-15 for losing)\n|l|\u203dOmar84\n|l|\u2606Pikaspeed\n|j|\u2606Pikaspeed\n|player|p1|Pikaspeed|n\n","uploadtime":1701194318,"views":1,"p1id":"pikaspeed","p2id":"omar84","formatid":"gen9anythinggoes","rating":1025,"private":0,"password":""}