{"id":"gen9anythinggoes-1985834160","p1":"cesarislh","p2":"BugCatcherTrevor","format":"[Gen 9] Anything Goes","log":"|j|\u2606cesarislh\n|j|\u2606BugCatcherTrevor\n|t:|1699411225\n|gametype|singles\n|player|p1|cesarislh|riley|1090\n|player|p2|BugCatcherTrevor|bugcatcher-gen4dp|1045\n|teamsize|p1|6\n|teamsize|p2|6\n|gen|9\n|tier|[Gen 9] Anything Goes\n|rated|\n|rule|HP Percentage Mod: HP is shown in percentages\n|rule|Endless Battle Clause: Forcing endless battles is banned\n|clearpoke\n|poke|p1|Talonflame, M|\n|poke|p1|Greninja-*, M|\n|poke|p1|Iron Valiant|\n|poke|p1|Ampharos, M|\n|poke|p1|Ninetales, M|\n|poke|p1|Iron Treads|\n|poke|p2|Volcarona, M|\n|poke|p2|Scizor, M|\n|poke|p2|Vikavolt, F|\n|poke|p2|Heracross, M|\n|poke|p2|Slither Wing|\n|poke|p2|Forretress, M|\n|teampreview\n|\n|t:|1699411234\n|start\n|switch|p1a: Talonflame|Talonflame, M, shiny|100\/100\n|switch|p2a: Scizor|Scizor, M|100\/100\n|turn|1\n|\n|t:|1699411242\n|move|p1a: Talonflame|Tailwind|p1a: Talonflame\n|-sidestart|p1: cesarislh|move: Tailwind\n|move|p2a: Scizor|Bullet Punch|p1a: Talonflame\n|-resisted|p1a: Talonflame\n|-damage|p1a: Talonflame|75\/100\n|\n|upkeep\n|turn|2\n|\n|t:|1699411251\n|move|p1a: Talonflame|Flare Blitz|p2a: Scizor\n|-supereffective|p2a: Scizor\n|-damage|p2a: Scizor|0 fnt\n|faint|p2a: Scizor\n|-damage|p1a: Talonflame|44\/100|[from] Recoil\n|-damage|p1a: Talonflame|34\/100|[from] item: Life Orb\n|\n|upkeep\n|\n|t:|1699411266\n|switch|p2a: Volcarona|Volcarona, M|100\/100\n|turn|3\n|\n|t:|1699411272\n|move|p1a: Talonflame|Brave Bird|p2a: Volcarona\n|-supereffective|p2a: Volcarona\n|-damage|p2a: Volcarona|0 fnt\n|faint|p2a: Volcarona\n|-damage|p1a: Talonflame|0 fnt|[from] Recoil\n|faint|p1a: Talonflame\n|\n|upkeep\n|inactive|Battle timer is ON: inactive players will automatically lose when time's up. (requested by BugCatcherTrevor)\n|\n|t:|1699411289\n|switch|p1a: Ninetales|Ninetales, M, shiny|100\/100\n|switch|p2a: Vikavolt|Vikavolt, F|100\/100\n|-weather|SunnyDay|[from] ability: Drought|[of] p1a: Ninetales\n|turn|4\n|\n|t:|1699411299\n|move|p1a: Ninetales|Flamethrower|p2a: Vikavolt\n|-supereffective|p2a: Vikavolt\n|-damage|p2a: Vikavolt|0 fnt\n|faint|p2a: Vikavolt\n|\n|-weather|SunnyDay|[upkeep]\n|-sideend|p1: cesarislh|move: Tailwind\n|upkeep\n|\n|t:|1699411317\n|switch|p2a: Forretress|Forretress, M|100\/100\n|turn|5\n|\n|t:|1699411325\n|move|p1a: Ninetales|Flamethrower|p2a: Forretress\n|-supereffective|p2a: Forretress\n|-ability|p2a: Forretress|Sturdy\n|-damage|p2a: Forretress|1\/100\n|-status|p2a: Forretress|brn\n|move|p2a: Forretress|Explosion|p1a: Ninetales\n|-damage|p1a: Ninetales|60\/100\n|faint|p2a: Forretress\n|\n|-weather|SunnyDay|[upkeep]\n|-heal|p1a: Ninetales|66\/100|[from] item: Leftovers\n|upkeep\n|\n|t:|1699411339\n|switch|p2a: Slither Wing|Slither Wing|100\/100\n|-activate|p2a: Slither Wing|ability: Protosynthesis\n|-start|p2a: Slither Wing|protosynthesisatk\n|turn|6\n|\n|t:|1699411349\n|move|p1a: Ninetales|Flamethrower|p2a: Slither Wing\n|-supereffective|p2a: Slither Wing\n|-damage|p2a: Slither Wing|0 fnt\n|faint|p2a: Slither Wing\n|-end|p2a: Slither Wing|Protosynthesis|[silent]\n|\n|-weather|SunnyDay|[upkeep]\n|-heal|p1a: Ninetales|72\/100|[from] item: Leftovers\n|upkeep\n|\n|t:|1699411357\n|switch|p2a: Heracross|Heracross, M|100\/100\n|turn|7\n|\n|t:|1699411361\n|-singleturn|p2a: Heracross|move: Focus Punch\n|move|p1a: Ninetales|Flamethrower|p2a: Heracross\n|-supereffective|p2a: Heracross\n|-damage|p2a: Heracross|0 fnt\n|faint|p2a: Heracross\n|\n|win|cesarislh\n|raw|cesarislh's rating: 1090 &rarr; <strong>1113<\/strong><br \/>(+23 for winning)\n|raw|BugCatcherTrevor's rating: 1045 &rarr; <strong>1030<\/strong><br \/>(-15 for losing)\n","uploadtime":1699411370,"views":4,"p1id":"cesarislh","p2id":"bugcatchertrevor","formatid":"gen9anythinggoes","rating":1030,"private":0,"password":""}