{"id":"gen9anythinggoes-1995097712","p1":"shmoe6","p2":"TDgarden","format":"[Gen 9] Anything Goes","log":"|j|\u2606shmoe6\n|j|\u2606TDgarden\n|t:|1700522259\n|gametype|singles\n|player|p1|shmoe6|skyla-masters2|1348\n|player|p2|TDgarden|265|1446\n|teamsize|p1|6\n|teamsize|p2|6\n|gen|9\n|tier|[Gen 9] Anything Goes\n|rated|\n|rule|HP Percentage Mod: HP is shown in percentages\n|rule|Endless Battle Clause: Forcing endless battles is banned\n|clearpoke\n|poke|p1|Calyrex-Shadow|\n|poke|p1|Miraidon|\n|poke|p1|Eternatus|\n|poke|p1|Ting-Lu|\n|poke|p1|Arceus-Fairy|\n|poke|p1|Landorus-Therian, M|\n|poke|p2|Darkrai|\n|poke|p2|Espeon, M|\n|poke|p2|Koraidon|\n|poke|p2|Kyogre|\n|poke|p2|Dragapult, M|\n|poke|p2|Landorus-Therian, M|\n|teampreview\n|c|\u2606TDgarden|ez\n|c|\u2606TDgarden|watch and learn\n|\n|t:|1700522275\n|start\n|switch|p1a: Landorus|Landorus-Therian, M|100\/100\n|switch|p2a: Daddy|Landorus-Therian, M|100\/100\n|-ability|p2a: Daddy|Intimidate|boost\n|-unboost|p1a: Landorus|atk|1\n|-ability|p1a: Landorus|Intimidate|boost\n|-unboost|p2a: Daddy|atk|1\n|turn|1\n|c|\u2606TDgarden|lololol\n|\n|t:|1700522287\n|move|p2a: Daddy|Stealth Rock|p1a: Landorus\n|-sidestart|p1: shmoe6|move: Stealth Rock\n|move|p1a: Landorus|Taunt|p2a: Daddy\n|-start|p2a: Daddy|move: Taunt\n|\n|upkeep\n|turn|2\n|\n|t:|1700522298\n|switch|p2a: Sushi|Kyogre|100\/100\n|-weather|RainDance|[from] ability: Drizzle|[of] p2a: Sushi\n|move|p1a: Landorus|Stealth Rock|p2a: Sushi\n|-sidestart|p2: TDgarden|move: Stealth Rock\n|\n|-weather|RainDance|[upkeep]\n|upkeep\n|turn|3\n|\n|t:|1700522311\n|move|p1a: Landorus|U-turn|p2a: Sushi\n|-damage|p2a: Sushi|85\/100\n|\n|t:|1700522318\n|switch|p1a: Miraidon|Miraidon|100\/100|[from] U-turn\n|-damage|p1a: Miraidon|88\/100|[from] Stealth Rock\n|-fieldstart|move: Electric Terrain|[from] ability: Hadron Engine|[of] p1a: Miraidon\n|move|p2a: Sushi|Origin Pulse|p1a: Miraidon\n|-resisted|p1a: Miraidon\n|-damage|p1a: Miraidon|43\/100\n|\n|-weather|RainDance|[upkeep]\n|upkeep\n|turn|4\n|\n|t:|1700522331\n|move|p1a: Miraidon|Draco Meteor|p2a: Sushi\n|-damage|p2a: Sushi|35\/100\n|-unboost|p1a: Miraidon|spa|2\n|-damage|p1a: Miraidon|33\/100|[from] item: Life Orb\n|move|p2a: Sushi|Icy Wind|p1a: Miraidon\n|-supereffective|p1a: Miraidon\n|-damage|p1a: Miraidon|0 fnt\n|faint|p1a: Miraidon\n|\n|-weather|RainDance|[upkeep]\n|upkeep\n|inactive|Battle timer is ON: inactive players will automatically lose when time's up. (requested by TDgarden)\n|\n|t:|1700522336\n|switch|p1a: Arceus|Arceus-Fairy|100\/100\n|-damage|p1a: Arceus|88\/100|[from] Stealth Rock\n|turn|5\n|c|\u2606TDgarden|haha weak\n|\n|t:|1700522346\n|move|p1a: Arceus|Calm Mind|p1a: Arceus\n|-boost|p1a: Arceus|spa|1\n|-boost|p1a: Arceus|spd|1\n|move|p2a: Sushi|Origin Pulse|p1a: Arceus\n|-damage|p1a: Arceus|45\/100\n|\n|-weather|RainDance|[upkeep]\n|upkeep\n|turn|6\n|\n|t:|1700522354\n|move|p1a: Arceus|Judgment|p2a: Sushi\n|-damage|p2a: Sushi|7\/100\n|move|p2a: Sushi|Origin Pulse|p1a: Arceus\n|-damage|p1a: Arceus|3\/100\n|\n|-weather|none\n|upkeep\n|turn|7\n|c|\u2606TDgarden|hahahahahahhahahaha\n|\n|t:|1700522364\n|move|p1a: Arceus|Recover|p1a: Arceus\n|-heal|p1a: Arceus|53\/100\n|move|p2a: Sushi|Origin Pulse|p1a: Arceus\n|-damage|p1a: Arceus|25\/100\n|\n|-fieldend|move: Electric Terrain\n|upkeep\n|turn|8\n|\n|t:|1700522372\n|move|p1a: Arceus|Recover|p1a: Arceus\n|-heal|p1a: Arceus|75\/100\n|move|p2a: Sushi|Thunder|p1a: Arceus\n|-damage|p1a: Arceus|55\/100\n|\n|upkeep\n|turn|9\n|\n|t:|1700522378\n|move|p1a: Arceus|Calm Mind|p1a: Arceus\n|-boost|p1a: Arceus|spa|1\n|-boost|p1a: Arceus|spd|1\n|move|p2a: Sushi|Thunder|p1a: Arceus\n|-damage|p1a: Arceus|40\/100\n|-status|p1a: Arceus|par\n|\n|upkeep\n|turn|10\n|c|\u2606TDgarden|hahahahahahhahahaha\n|\n|t:|1700522390\n|move|p2a: Sushi|Origin Pulse|p1a: Arceus\n|-damage|p1a: Arceus|21\/100 par\n|move|p1a: Arceus|Recover|p1a: Arceus\n|-heal|p1a: Arceus|71\/100 par\n|\n|upkeep\n|turn|11\n|\n|t:|1700522400\n|switch|p2a: Daddy|Landorus-Therian, M|100\/100\n|-damage|p2a: Daddy|88\/100|[from] Stealth Rock\n|-ability|p2a: Daddy|Intimidate|boost\n|-unboost|p1a: Arceus|atk|1\n|move|p1a: Arceus|Judgment|p2a: Daddy\n|-damage|p2a: Daddy|0 fnt\n|faint|p2a: Daddy\n|\n|upkeep\n|c|\u2606shmoe6|lol\n|c|\u2606TDgarden|this means war\n|\n|t:|1700522424\n|switch|p2a: Chromatica|Koraidon|100\/100\n|-damage|p2a: Chromatica|94\/100|[from] Stealth Rock\n|-weather|SunnyDay|[from] ability: Orichalcum Pulse|[of] p2a: Chromatica\n|-activate|p2a: Chromatica|Orichalcum Pulse|[source]\n|turn|12\n|\n|t:|1700522432\n|move|p2a: Chromatica|Iron Head|p1a: Arceus\n|-supereffective|p1a: Arceus\n|-damage|p1a: Arceus|26\/100 par\n|cant|p1a: Arceus|par\n|\n|-weather|SunnyDay|[upkeep]\n|-heal|p2a: Chromatica|100\/100|[from] item: Leftovers\n|upkeep\n|turn|13\n|c|\u2606TDgarden|XD XD XD\n|\n|t:|1700522452\n|switch|p1a: Landorus|Landorus-Therian, M|100\/100\n|-damage|p1a: Landorus|88\/100|[from] Stealth Rock\n|-ability|p1a: Landorus|Intimidate|boost\n|-unboost|p2a: Chromatica|atk|1\n|move|p2a: Chromatica|Iron Head|p1a: Landorus\n|-damage|p1a: Landorus|72\/100\n|-damage|p2a: Chromatica|84\/100|[from] item: Rocky Helmet|[of] p1a: Landorus\n|\n|-weather|SunnyDay|[upkeep]\n|-heal|p2a: Chromatica|90\/100|[from] item: Leftovers\n|upkeep\n|turn|14\n|\n|t:|1700522466\n|switch|p2a: Sushi|Kyogre|7\/100\n|-damage|p2a: Sushi|0 fnt|[from] Stealth Rock\n|faint|p2a: Sushi\n|move|p1a: Landorus|Earthquake|p2: Sushi|[notarget]\n|-fail|p1a: Landorus\n|\n|-weather|SunnyDay|[upkeep]\n|upkeep\n|\n|t:|1700522481\n|switch|p2a: Organic Missiles|Dragapult, M|100\/100\n|-damage|p2a: Organic Missiles|88\/100|[from] Stealth Rock\n|turn|15\n|\n|t:|1700522493\n|switch|p1a: Ting-Lu|Ting-Lu|100\/100\n|-damage|p1a: Ting-Lu|94\/100|[from] Stealth Rock\n|-ability|p1a: Ting-Lu|Vessel of Ruin\n|move|p2a: Organic Missiles|Flamethrower|p1a: Ting-Lu\n|-damage|p1a: Ting-Lu|79\/100\n|\n|-weather|SunnyDay|[upkeep]\n|-heal|p1a: Ting-Lu|86\/100|[from] item: Leftovers\n|upkeep\n|turn|16\n|\n|t:|1700522506\n|move|p2a: Organic Missiles|Flamethrower|p1a: Ting-Lu\n|-damage|p1a: Ting-Lu|71\/100\n|move|p1a: Ting-Lu|Earthquake|p2a: Organic Missiles\n|-damage|p2a: Organic Missiles|32\/100\n|\n|-weather|none\n|-heal|p1a: Ting-Lu|77\/100|[from] item: Leftovers\n|upkeep\n|turn|17\n|\n|t:|1700522517\n|switch|p2a: Goth|Darkrai|100\/100\n|-damage|p2a: Goth|88\/100|[from] Stealth Rock\n|move|p1a: Ting-Lu|Earthquake|p2a: Goth\n|-damage|p2a: Goth|36\/100\n|\n|-heal|p2a: Goth|42\/100|[from] item: Leftovers\n|-heal|p1a: Ting-Lu|83\/100|[from] item: Leftovers\n|upkeep\n|turn|18\n|\n|t:|1700522528\n|move|p2a: Goth|Hypnosis|p1a: Ting-Lu\n|-status|p1a: Ting-Lu|slp|[from] move: Hypnosis\n|cant|p1a: Ting-Lu|slp\n|\n|-heal|p2a: Goth|48\/100|[from] item: Leftovers\n|-heal|p1a: Ting-Lu|89\/100 slp|[from] item: Leftovers\n|-damage|p1a: Ting-Lu|77\/100 slp|[from] ability: Bad Dreams|[of] p2a: Goth\n|upkeep\n|turn|19\n|\n|t:|1700522541\n|switch|p2a: Espeon|Espeon, M|100\/100\n|-damage|p2a: Espeon|88\/100|[from] Stealth Rock\n|cant|p1a: Ting-Lu|slp\n|\n|-heal|p1a: Ting-Lu|83\/100 slp|[from] item: Leftovers\n|upkeep\n|turn|20\n|\n|t:|1700522550\n|move|p2a: Espeon|Calm Mind|p2a: Espeon\n|-boost|p2a: Espeon|spa|1\n|-boost|p2a: Espeon|spd|1\n|cant|p1a: Ting-Lu|slp\n|\n|-heal|p1a: Ting-Lu|89\/100 slp|[from] item: Leftovers\n|upkeep\n|turn|21\n|\n|t:|1700522557\n|move|p2a: Espeon|Calm Mind|p2a: Espeon\n|-boost|p2a: Espeon|spa|1\n|-boost|p2a: Espeon|spd|1\n|-curestatus|p1a: Ting-Lu|slp|[msg]\n|move|p1a: Ting-Lu|Ruination|p2a: Espeon\n|-damage|p2a: Espeon|44\/100\n|\n|-heal|p1a: Ting-Lu|96\/100|[from] item: Leftovers\n|upkeep\n|turn|22\n|\n|t:|1700522568\n|move|p2a: Espeon|Grass Knot|p1a: Ting-Lu\n|-supereffective|p1a: Ting-Lu\n|-damage|p1a: Ting-Lu|21\/100\n|move|p1a: Ting-Lu|Earthquake|p2a: Espeon\n|-damage|p2a: Espeon|0 fnt\n|faint|p2a: Espeon\n|\n|-heal|p1a: Ting-Lu|27\/100|[from] item: Leftovers\n|upkeep\n|c|\u2606shmoe6|lol\n|\n|t:|1700522578\n|switch|p2a: Chromatica|Koraidon|90\/100\n|-damage|p2a: Chromatica|84\/100|[from] Stealth Rock\n|-weather|SunnyDay|[from] ability: Orichalcum Pulse|[of] p2a: Chromatica\n|-activate|p2a: Chromatica|Orichalcum Pulse|[source]\n|turn|23\n|\n|t:|1700522586\n|switch|p1a: this clown|Calyrex-Shadow|100\/100\n|-ability|p1a: this clown|As One\n|-ability|p1a: this clown|Unnerve\n|move|p2a: Chromatica|Dragon Tail|p1a: this clown|[miss]\n|-miss|p2a: Chromatica|p1a: this clown\n|\n|-weather|SunnyDay|[upkeep]\n|-heal|p2a: Chromatica|90\/100|[from] item: Leftovers\n|upkeep\n|turn|24\n|c|\u2606TDgarden|you are cheating\n|c|\u2606TDgarden|:O\n|\n|t:|1700522604\n|move|p1a: this clown|Astral Barrage|p2a: Chromatica\n|-damage|p2a: Chromatica|15\/100\n|move|p2a: Chromatica|Dragon Tail|p1a: this clown\n|-damage|p1a: this clown|49\/100\n|drag|p1a: Eternatus|Eternatus|100\/100\n|-ability|p1a: Eternatus|Pressure\n|\n|-weather|SunnyDay|[upkeep]\n|-heal|p2a: Chromatica|22\/100|[from] item: Leftovers\n|upkeep\n|turn|25\n|c|\u2606TDgarden|this is THE proof that you are cheating\n|\n|t:|1700522618\n|-terastallize|p1a: Eternatus|Fairy\n|move|p1a: Eternatus|Dynamax Cannon|p2a: Chromatica\n|-supereffective|p2a: Chromatica\n|-damage|p2a: Chromatica|0 fnt\n|faint|p2a: Chromatica\n|\n|-weather|SunnyDay|[upkeep]\n|upkeep\n|\n|t:|1700522627\n|switch|p2a: Goth|Darkrai|48\/100\n|-damage|p2a: Goth|36\/100|[from] Stealth Rock\n|turn|26\n|\n|t:|1700522631\n|move|p2a: Goth|Hypnosis|p1a: Eternatus\n|-status|p1a: Eternatus|slp|[from] move: Hypnosis\n|cant|p1a: Eternatus|slp\n|\n|-weather|SunnyDay|[upkeep]\n|-heal|p2a: Goth|42\/100|[from] item: Leftovers\n|-damage|p1a: Eternatus|88\/100 slp|[from] ability: Bad Dreams|[of] p2a: Goth\n|upkeep\n|turn|27\n|c|\u2606TDgarden|hahahahahahahahhahaha\n|\n|t:|1700522641\n|move|p2a: Goth|Sludge Bomb|p1a: Eternatus\n|-supereffective|p1a: Eternatus\n|-crit|p1a: Eternatus\n|-damage|p1a: Eternatus|31\/100 slp\n|-curestatus|p1a: Eternatus|slp|[msg]\n|move|p1a: Eternatus|Dynamax Cannon|p2a: Goth\n|-damage|p2a: Goth|0 fnt\n|faint|p2a: Goth\n|\n|-weather|none\n|upkeep\n|c|\u2606shmoe6|ez\n|c|\u2606TDgarden|>: (\n|c|\u2606TDgarden|cheater!\n|\n|t:|1700522658\n|switch|p2a: Organic Missiles|Dragapult, M|32\/100\n|-damage|p2a: Organic Missiles|20\/100|[from] Stealth Rock\n|turn|28\n|c|\u2606shmoe6|yrp\n|c|\u2606shmoe6|yep\n|\n|t:|1700522665\n|move|p2a: Organic Missiles|Shadow Ball|p1a: Eternatus\n|-damage|p1a: Eternatus|12\/100\n|move|p1a: Eternatus|Dynamax Cannon|p2a: Organic Missiles\n|-supereffective|p2a: Organic Missiles\n|-damage|p2a: Organic Missiles|0 fnt\n|faint|p2a: Organic Missiles\n|\n|win|shmoe6\n|raw|shmoe6's rating: 1348 &rarr; <strong>1373<\/strong><br \/>(+25 for winning)\n|raw|TDgarden's rating: 1446 &rarr; <strong>1421<\/strong><br \/>(-25 for losing)\n|c|\u2606shmoe6|ez win\n|c|\u2606TDgarden|legendary spammer\n|l|\u2606TDgarden\n|c|\u2606shmoe6|trash talking gets u far huh, kid\n","uploadtime":1700522693,"views":2,"p1id":"shmoe6","p2id":"tdgarden","formatid":"gen9anythinggoes","rating":1373,"private":0,"password":""}