{"id":"gen9anythinggoes-1976268945","p1":"SlickyBob","p2":"Mscoquart8","format":"[Gen 9] Anything Goes","log":"|j|\u2606SlickyBob\n|j|\u2606Mscoquart8\n|t:|1698280518\n|gametype|singles\n|player|p1|SlickyBob|swimmer-gen4|1000\n|player|p2|Mscoquart8|2|1085\n|teamsize|p1|6\n|teamsize|p2|6\n|gen|9\n|tier|[Gen 9] Anything Goes\n|rated|\n|rule|HP Percentage Mod: HP is shown in percentages\n|rule|Endless Battle Clause: Forcing endless battles is banned\n|clearpoke\n|poke|p1|Ditto|\n|poke|p1|Ditto|\n|poke|p1|Ditto|\n|poke|p1|Ditto|\n|poke|p1|Ditto|\n|poke|p1|Ditto|\n|poke|p2|Zacian-*|\n|poke|p2|Calyrex-Shadow|\n|poke|p2|Goodra, F|\n|poke|p2|Darkrai|\n|poke|p2|Amoonguss, M|\n|poke|p2|Greninja-*, F|\n|teampreview\n|\n|t:|1698280528\n|start\n|switch|p1a: Nilvo|Ditto|100\/100\n|switch|p2a: Greninja|Greninja, F|100\/100\n|-transform|p1a: Nilvo|p2a: Greninja|[from] ability: Imposter\n|turn|1\n|\n|t:|1698280537\n|move|p2a: Greninja|Grass Knot|p1a: Nilvo\n|-start|p2a: Greninja|typechange|Grass|[from] ability: Protean\n|-supereffective|p1a: Nilvo\n|-damage|p1a: Nilvo|0 fnt\n|faint|p1a: Nilvo\n|\n|upkeep\n|\n|t:|1698280544\n|switch|p1a: Nalvo|Ditto|100\/100\n|-transform|p1a: Nalvo|p2a: Greninja|[from] ability: Imposter\n|turn|2\n|\n|t:|1698280563\n|switch|p2a: Goodra|Goodra, F|100\/100\n|move|p1a: Nalvo|Grass Knot|p2a: Goodra\n|-resisted|p2a: Goodra\n|-damage|p2a: Goodra|83\/100\n|-damage|p1a: Nalvo|84\/100|[from] item: Rocky Helmet|[of] p2a: Goodra\n|-ability|p2a: Goodra|Gooey\n|-unboost|p1a: Nalvo|spe|1\n|\n|upkeep\n|turn|3\n|\n|t:|1698280576\n|-terastallize|p1a: Nalvo|Normal\n|move|p1a: Nalvo|Grass Knot|p2a: Goodra\n|-resisted|p2a: Goodra\n|-damage|p2a: Goodra|67\/100\n|-damage|p1a: Nalvo|68\/100|[from] item: Rocky Helmet|[of] p2a: Goodra\n|-ability|p2a: Goodra|Gooey\n|-unboost|p1a: Nalvo|spe|1\n|move|p2a: Goodra|Toxic|p1a: Nalvo\n|-status|p1a: Nalvo|tox\n|\n|-damage|p1a: Nalvo|62\/100 tox|[from] psn\n|upkeep\n|turn|4\n|\n|t:|1698280601\n|switch|p2a: Zacian|Zacian-Crowned|100\/100\n|-ability|p2a: Zacian|Intrepid Sword|boost\n|-boost|p2a: Zacian|atk|1\n|move|p1a: Nalvo|Grass Knot|p2a: Zacian\n|-resisted|p2a: Zacian\n|-damage|p2a: Zacian|77\/100\n|\n|-damage|p1a: Nalvo|49\/100 tox|[from] psn\n|upkeep\n|turn|5\n|c|\u2606SlickyBob|Huge ditto\n|\n|t:|1698280614\n|move|p2a: Zacian|Swords Dance|p2a: Zacian\n|-boost|p2a: Zacian|atk|2\n|move|p1a: Nalvo|Grass Knot|p2a: Zacian\n|-resisted|p2a: Zacian\n|-damage|p2a: Zacian|52\/100\n|\n|-damage|p1a: Nalvo|31\/100 tox|[from] psn\n|upkeep\n|turn|6\n|\n|t:|1698280627\n|move|p2a: Zacian|Behemoth Blade|p1a: Nalvo\n|-damage|p1a: Nalvo|0 fnt\n|faint|p1a: Nalvo\n|\n|upkeep\n|\n|t:|1698280633\n|switch|p1a: Online Maligno|Ditto|100\/100\n|-transform|p1a: Online Maligno|p2a: Zacian|[from] ability: Imposter\n|-ability|p1a: Online Maligno|Intrepid Sword|boost\n|-boost|p1a: Online Maligno|atk|1\n|turn|7\n|\n|t:|1698280643\n|move|p1a: Online Maligno|Substitute|p1a: Online Maligno\n|-start|p1a: Online Maligno|Substitute\n|-damage|p1a: Online Maligno|76\/100\n|move|p2a: Zacian|Play Rough|p1a: Online Maligno\n|-resisted|p1a: Online Maligno\n|-end|p1a: Online Maligno|Substitute\n|\n|upkeep\n|turn|8\n|\n|t:|1698280654\n|move|p1a: Online Maligno|Substitute|p1a: Online Maligno\n|-start|p1a: Online Maligno|Substitute\n|-damage|p1a: Online Maligno|51\/100\n|move|p2a: Zacian|Play Rough|p1a: Online Maligno\n|-resisted|p1a: Online Maligno\n|-end|p1a: Online Maligno|Substitute\n|\n|upkeep\n|turn|9\n|\n|t:|1698280665\n|move|p1a: Online Maligno|Substitute|p1a: Online Maligno\n|-start|p1a: Online Maligno|Substitute\n|-damage|p1a: Online Maligno|26\/100\n|move|p2a: Zacian|Behemoth Blade|p1a: Online Maligno\n|-end|p1a: Online Maligno|Substitute\n|\n|upkeep\n|turn|10\n|\n|t:|1698280674\n|move|p1a: Online Maligno|Substitute|p1a: Online Maligno\n|-start|p1a: Online Maligno|Substitute\n|-damage|p1a: Online Maligno|1\/100\n|move|p2a: Zacian|Behemoth Blade|p1a: Online Maligno\n|-end|p1a: Online Maligno|Substitute\n|\n|upkeep\n|turn|11\n|\n|t:|1698280682\n|move|p1a: Online Maligno|Substitute|p1a: Online Maligno\n|-fail|p1a: Online Maligno|move: Substitute|[weak]\n|move|p2a: Zacian|Behemoth Blade|p1a: Online Maligno\n|-damage|p1a: Online Maligno|0 fnt\n|faint|p1a: Online Maligno\n|\n|upkeep\n|\n|t:|1698280688\n|switch|p1a: Piteco|Ditto|100\/100\n|-transform|p1a: Piteco|p2a: Zacian|[from] ability: Imposter\n|-ability|p1a: Piteco|Intrepid Sword|boost\n|-boost|p1a: Piteco|atk|1\n|turn|12\n|inactive|Battle timer is ON: inactive players will automatically lose when time's up. (requested by Mscoquart8)\n|\n|t:|1698280702\n|move|p1a: Piteco|Behemoth Blade|p2a: Zacian\n|-damage|p2a: Zacian|0 fnt\n|faint|p2a: Zacian\n|\n|upkeep\n|\n|t:|1698280717\n|switch|p2a: Amoonguss|Amoonguss, M|100\/100\n|turn|13\n|\n|t:|1698280727\n|move|p1a: Piteco|Behemoth Blade|p2a: Amoonguss\n|-damage|p2a: Amoonguss|0 fnt\n|faint|p2a: Amoonguss\n|\n|upkeep\n|c|\u2606SlickyBob|huge ditto\n|\n|t:|1698280743\n|switch|p2a: Calyrex|Calyrex-Shadow|100\/100\n|-ability|p2a: Calyrex|As One\n|-ability|p2a: Calyrex|Unnerve\n|turn|14\n|\n|t:|1698280755\n|move|p2a: Calyrex|Protect|p2a: Calyrex\n|-singleturn|p2a: Calyrex|Protect\n|move|p1a: Piteco|Behemoth Blade|p2a: Calyrex\n|-activate|p2a: Calyrex|move: Protect\n|\n|upkeep\n|turn|15\n|\n|t:|1698280765\n|switch|p2a: Goodra|Goodra, F|67\/100\n|move|p1a: Piteco|Behemoth Blade|p2a: Goodra\n|-damage|p2a: Goodra|0 fnt\n|-damage|p1a: Piteco|84\/100|[from] item: Rocky Helmet|[of] p2a: Goodra\n|-ability|p2a: Goodra|Gooey\n|-unboost|p1a: Piteco|spe|1\n|faint|p2a: Goodra\n|\n|upkeep\n|\n|t:|1698280778\n|switch|p2a: Darkrai|Darkrai|100\/100\n|turn|16\n|\n|t:|1698280782\n|move|p1a: Piteco|Behemoth Blade|p2a: Darkrai\n|-damage|p2a: Darkrai|0 fnt\n|faint|p2a: Darkrai\n|\n|upkeep\n|\n|t:|1698280787\n|switch|p2a: Calyrex|Calyrex-Shadow|100\/100\n|-ability|p2a: Calyrex|As One\n|-ability|p2a: Calyrex|Unnerve\n|turn|17\n|\n|t:|1698280800\n|switch|p1a: Pitico|Ditto|100\/100\n|-transform|p1a: Pitico|p2a: Calyrex|[from] ability: Imposter\n|move|p2a: Calyrex|Astral Barrage|p1a: Pitico\n|-supereffective|p1a: Pitico\n|-damage|p1a: Pitico|0 fnt\n|faint|p1a: Pitico\n|-ability|p2a: Calyrex|Grim Neigh|boost\n|-boost|p2a: Calyrex|spa|1\n|\n|upkeep\n|\n|t:|1698280814\n|switch|p1a: Pimposo|Ditto|100\/100\n|-transform|p1a: Pimposo|p2a: Calyrex|[from] ability: Imposter\n|turn|18\n|\n|t:|1698280825\n|move|p1a: Pimposo|Astral Barrage|p2a: Calyrex\n|-supereffective|p2a: Calyrex\n|-damage|p2a: Calyrex|0 fnt\n|faint|p2a: Calyrex\n|-ability|p1a: Pimposo|Grim Neigh|boost\n|-boost|p1a: Pimposo|spa|1\n|\n|upkeep\n|\n|t:|1698280833\n|switch|p2a: Greninja|Greninja, F|100\/100\n|turn|19\n|\n|t:|1698280838\n|move|p1a: Pimposo|Astral Barrage|p2a: Greninja\n|-resisted|p2a: Greninja\n|-damage|p2a: Greninja|0 fnt\n|faint|p2a: Greninja\n|\n|win|SlickyBob\n|raw|SlickyBob's rating: 1000 &rarr; <strong>1050<\/strong><br \/>(+50 for winning)\n|raw|Mscoquart8's rating: 1085 &rarr; <strong>1057<\/strong><br \/>(-28 for losing)\n|l|\u2606Mscoquart8\n|c|\u2606SlickyBob|ditto\n","uploadtime":1698281237,"views":13,"p1id":"slickybob","p2id":"mscoquart8","formatid":"gen9anythinggoes","rating":1050,"private":0,"password":""}