{"id":"gen9anythinggoes-1994238876","p1":"Gonquical","p2":"flavitoes","format":"[Gen 9] Anything Goes","log":"|j|\u2606Gonquical\n|j|\u2606flavitoes\n|t:|1700422258\n|gametype|singles\n|player|p1|Gonquical|n|\n|player|p2|flavitoes|ethan|\n|teamsize|p1|6\n|teamsize|p2|6\n|gen|9\n|tier|[Gen 9] Anything Goes\n|rule|HP Percentage Mod: HP is shown in percentages\n|rule|Endless Battle Clause: Forcing endless battles is banned\n|clearpoke\n|poke|p1|Gallade, M|\n|poke|p1|Zoroark-Hisui, M|\n|poke|p1|Landorus-Therian, M|\n|poke|p1|Amoonguss, F|\n|poke|p1|Indeedee-F, F|\n|poke|p1|Armarouge, M|\n|poke|p2|Sneasler, M|\n|poke|p2|Iron Valiant|\n|poke|p2|Iron Moth|\n|poke|p2|Garganacl, F|\n|poke|p2|Alomomola, F|\n|poke|p2|Enamorus, F|\n|teampreview\n|inactive|Battle timer is ON: inactive players will automatically lose when time's up. (requested by flavitoes)\n|inactive|Gonquical has 270 seconds left.\n|\n|t:|1700422318\n|start\n|switch|p1a: Lion bull|Landorus-Therian, M|100\/100\n|switch|p2a: KDB|Sneasler, M|100\/100\n|-ability|p1a: Lion bull|Intimidate|boost\n|-unboost|p2a: KDB|atk|1\n|turn|1\n|inactive|Gonquical has 270 seconds left.\n|l|\u2606Gonquical\n|inactive|Gonquical disconnected and has 300 seconds to reconnect!\n|player|p1|\n|c|\u2606flavitoes|modelito de revista pero senda diablaaa\n|j|\u2606Gonquical\n|inactive|Gonquical reconnected and has 260 seconds left.\n|player|p1|Gonquical|n\n|l|\u2606flavitoes\n|inactive|flavitoes disconnected and has 300 seconds to reconnect!\n|player|p2|\n|\n|t:|1700422376\n|move|p2a: KDB|Fake Out|p1a: Lion bull\n|-damage|p1a: Lion bull|92\/100\n|cant|p1a: Lion bull|flinch\n|\n|upkeep\n|turn|2\n|j|\u2606flavitoes\n|inactive|flavitoes reconnected and has 300 seconds left.\n|player|p2|flavitoes|ethan\n|\n|t:|1700422403\n|switch|p2a: foden|Enamorus, F|100\/100\n|move|p1a: Lion bull|Rock Slide|p2a: foden\n|-supereffective|p2a: foden\n|-damage|p2a: foden|24\/100\n|\n|upkeep\n|turn|3\n|l|\u2606flavitoes\n|inactive|flavitoes disconnected and has 290 seconds to reconnect!\n|player|p2|\n|inactive|Gonquical has 240 seconds left.\n|j|\u2606flavitoes\n|inactive|flavitoes reconnected.\n|player|p2|flavitoes|ethan\n|\n|t:|1700422461\n|move|p2a: foden|Moonblast|p1a: Lion bull\n|-damage|p1a: Lion bull|14\/100\n|-unboost|p1a: Lion bull|spa|1\n|move|p1a: Lion bull|Rock Slide|p2a: foden\n|-supereffective|p2a: foden\n|-damage|p2a: foden|0 fnt\n|faint|p2a: foden\n|\n|upkeep\n|\n|t:|1700422468\n|switch|p2a: KDB|Sneasler, M|100\/100\n|turn|4\n|\n|t:|1700422487\n|switch|p1a: Dasis Grom|Armarouge, M|100\/100\n|move|p2a: KDB|Dire Claw|p1a: Dasis Grom\n|-resisted|p1a: Dasis Grom\n|-damage|p1a: Dasis Grom|56\/100\n|replace|p1a: Gus|Zoroark-Hisui, M\n|-end|p1a: Gus|Illusion\n|\n|upkeep\n|turn|5\n|inactive|Gonquical has 210 seconds left.\n|c|\u2606flavitoes|bandida bandida bandida\n|inactive|Gonquical has 180 seconds left.\n|l|\u2606Gonquical\n|inactive|Gonquical disconnected and has 290 seconds to reconnect!\n|player|p1|\n|j|\u2606Gonquical\n|inactive|Gonquical reconnected and has 175 seconds left.\n|player|p1|Gonquical|n\n|\n|t:|1700422554\n|switch|p1a: Nani|Indeedee-F, F|100\/100\n|-fieldstart|move: Psychic Terrain|[from] ability: Psychic Surge|[of] p1a: Nani\n|move|p2a: KDB|U-turn|p1a: Nani\n|-supereffective|p1a: Nani\n|-damage|p1a: Nani|52\/100\n|-status|p1a: Nani|psn|[from] ability: Poison Touch|[of] p2a: KDB\n|inactive|flavitoes has 270 seconds left.\n|\n|t:|1700422587\n|switch|p2a: HAALAND|Iron Moth|100\/100|[from] U-turn\n|-enditem|p2a: HAALAND|Booster Energy\n|-activate|p2a: HAALAND|ability: Quark Drive|[fromitem]\n|-start|p2a: HAALAND|quarkdrivespe\n|\n|-damage|p1a: Nani|39\/100 psn|[from] psn\n|upkeep\n|-enditem|p1a: Nani|Sitrus Berry|[eat]\n|-heal|p1a: Nani|64\/100 psn|[from] item: Sitrus Berry\n|turn|6\n|inactive|Gonquical has 180 seconds left.\n|inactive|flavitoes has 270 seconds left.\n|c|\u2606flavitoes|la cagu\u00e9\n|\n|t:|1700422613\n|move|p2a: HAALAND|Fiery Dance|p1a: Nani\n|-damage|p1a: Nani|25\/100 psn\n|-boost|p2a: HAALAND|spa|1\n|move|p1a: Nani|Psychic|p2a: HAALAND\n|-supereffective|p2a: HAALAND\n|-crit|p2a: HAALAND\n|-damage|p2a: HAALAND|0 fnt\n|faint|p2a: HAALAND\n|-end|p2a: HAALAND|Quark Drive|[silent]\n|\n|-damage|p1a: Nani|13\/100 psn|[from] psn\n|upkeep\n|\n|t:|1700422625\n|switch|p2a: KDB|Sneasler, M|100\/100\n|turn|7\n|\n|t:|1700422632\n|move|p2a: KDB|Dire Claw|p1a: Nani\n|-damage|p1a: Nani|0 fnt\n|faint|p1a: Nani\n|\n|upkeep\n|inactive|Gonquical has 150 seconds left.\n|\n|t:|1700422665\n|switch|p1a: Dasis Grom|Armarouge, M|100\/100\n|turn|8\n|inactive|Gonquical has 150 seconds left.\n|\n|t:|1700422674\n|move|p2a: KDB|U-turn|p1a: Dasis Grom\n|-damage|p1a: Dasis Grom|76\/100\n|-ability|p1a: Dasis Grom|Weak Armor|boost\n|-unboost|p1a: Dasis Grom|def|1\n|-boost|p1a: Dasis Grom|spe|2\n|\n|t:|1700422678\n|switch|p2a: Alomomola|Alomomola, F|100\/100|[from] U-turn\n|move|p1a: Dasis Grom|Expanding Force|p2a: Alomomola\n|-damage|p2a: Alomomola|0 fnt\n|faint|p2a: Alomomola\n|-damage|p1a: Dasis Grom|66\/100|[from] item: Life Orb\n|\n|upkeep\n|\n|t:|1700422690\n|switch|p2a: GVARDIOL|Garganacl, F|100\/100\n|turn|9\n|inactive|Gonquical has 150 seconds left.\n|c|\u2606flavitoes|creo que perder\u00e9 jejeje\n|\n|t:|1700422733\n|move|p1a: Dasis Grom|Expanding Force|p2a: GVARDIOL\n|-damage|p2a: GVARDIOL|28\/100\n|-damage|p1a: Dasis Grom|56\/100|[from] item: Life Orb\n|move|p2a: GVARDIOL|Recover|p2a: GVARDIOL\n|-heal|p2a: GVARDIOL|78\/100\n|\n|-heal|p2a: GVARDIOL|84\/100|[from] item: Leftovers\n|-fieldend|move: Psychic Terrain\n|upkeep\n|turn|10\n|inactive|Gonquical has 120 seconds left.\n|\n|t:|1700422757\n|switch|p1a: Byron|Gallade, M|100\/100\n|move|p2a: GVARDIOL|Salt Cure|p1a: Byron\n|-resisted|p1a: Byron\n|-damage|p1a: Byron|92\/100\n|-start|p1a: Byron|Salt Cure\n|\n|-heal|p1a: Byron|98\/100|[from] item: Leftovers\n|-heal|p2a: GVARDIOL|90\/100|[from] item: Leftovers\n|-damage|p1a: Byron|86\/100|[from] Salt Cure\n|upkeep\n|turn|11\n|inactive|Gonquical has 120 seconds left.\n|\n|t:|1700422788\n|switch|p2a: Juli\u00e1n|Iron Valiant|100\/100\n|-enditem|p2a: Juli\u00e1n|Booster Energy\n|-activate|p2a: Juli\u00e1n|ability: Quark Drive|[fromitem]\n|-start|p2a: Juli\u00e1n|quarkdrivespe\n|move|p1a: Byron|Swords Dance|p1a: Byron\n|-boost|p1a: Byron|atk|2\n|\n|-heal|p1a: Byron|92\/100|[from] item: Leftovers\n|-damage|p1a: Byron|79\/100|[from] Salt Cure\n|upkeep\n|turn|12\n|inactive|flavitoes has 270 seconds left.\n|inactive|Gonquical has 90 seconds left.\n|\n|t:|1700422819\n|move|p2a: Juli\u00e1n|Moonblast|p1a: Byron\n|-supereffective|p1a: Byron\n|-damage|p1a: Byron|0 fnt\n|faint|p1a: Byron\n|\n|upkeep\n|\n|t:|1700422829\n|switch|p1a: Sakura Spike|Amoonguss, F|100\/100\n|turn|13\n|inactive|flavitoes has 270 seconds left.\n|\n|t:|1700422835\n|move|p2a: Juli\u00e1n|Psyshock|p1a: Sakura Spike\n|-supereffective|p1a: Sakura Spike\n|-damage|p1a: Sakura Spike|49\/100\n|move|p1a: Sakura Spike|Spore|p2a: Juli\u00e1n\n|-status|p2a: Juli\u00e1n|slp|[from] move: Spore\n|\n|upkeep\n|turn|14\n|inactive|Gonquical has 90 seconds left.\n|\n|t:|1700422848\n|-end|p2a: Juli\u00e1n|Quark Drive|[silent]\n|switch|p2a: KDB|Sneasler, M|100\/100\n|switch|p1a: Dasis Grom|Armarouge, M|56\/100\n|\n|upkeep\n|turn|15\n|inactive|Gonquical has 90 seconds left.\n|\n|t:|1700422859\n|move|p2a: KDB|U-turn|p1a: Dasis Grom\n|-resisted|p1a: Dasis Grom\n|-damage|p1a: Dasis Grom|31\/100\n|replace|p1a: Gus|Zoroark-Hisui, M\n|-end|p1a: Gus|Illusion\n|-status|p1a: Gus|psn|[from] ability: Poison Touch|[of] p2a: KDB\n|\n|t:|1700422866\n|switch|p2a: Juli\u00e1n|Iron Valiant|100\/100 slp|[from] U-turn\n|move|p1a: Gus|Psychic|p2a: Juli\u00e1n\n|-supereffective|p2a: Juli\u00e1n\n|-damage|p2a: Juli\u00e1n|0 fnt\n|faint|p2a: Juli\u00e1n\n|-end|p2a: Juli\u00e1n|Quark Drive|[silent]\n|\n|-damage|p1a: Gus|19\/100 psn|[from] psn\n|upkeep\n|\n|t:|1700422869\n|switch|p2a: KDB|Sneasler, M|100\/100\n|turn|16\n|inactive|Gonquical has 90 seconds left.\n|inactive|Gonquical has 60 seconds left.\n|\n|t:|1700422937\n|switch|p1a: Dasis Grom|Armarouge, M|56\/100\n|move|p2a: KDB|Dire Claw|p1a: Dasis Grom\n|-damage|p1a: Dasis Grom|11\/100\n|-ability|p1a: Dasis Grom|Weak Armor|boost\n|-unboost|p1a: Dasis Grom|def|1\n|-boost|p1a: Dasis Grom|spe|2\n|\n|upkeep\n|turn|17\n|c|\u2606flavitoes|todo el mundo sabe que Dei v siempre se zafa\n|\n|t:|1700422955\n|switch|p2a: GVARDIOL|Garganacl, F|90\/100\n|move|p1a: Dasis Grom|Flash Cannon|p2a: GVARDIOL\n|-supereffective|p2a: GVARDIOL\n|-damage|p2a: GVARDIOL|38\/100\n|-damage|p1a: Dasis Grom|1\/100|[from] item: Life Orb\n|\n|-heal|p2a: GVARDIOL|44\/100|[from] item: Leftovers\n|upkeep\n|turn|18\n|\n|t:|1700422966\n|move|p1a: Dasis Grom|Flash Cannon|p2a: GVARDIOL\n|-supereffective|p2a: GVARDIOL\n|-damage|p2a: GVARDIOL|0 fnt\n|faint|p2a: GVARDIOL\n|-damage|p1a: Dasis Grom|0 fnt|[from] item: Life Orb\n|faint|p1a: Dasis Grom\n|\n|upkeep\n|c|\u2606flavitoes|gg creo\n|\n|t:|1700422976\n|switch|p1a: Lion bull|Landorus-Therian, M|14\/100\n|switch|p2a: KDB|Sneasler, M|100\/100\n|-ability|p1a: Lion bull|Intimidate|boost\n|-unboost|p2a: KDB|atk|1\n|turn|19\n|\n|t:|1700422983\n|switch|p1a: Sakura Spike|Amoonguss, F|82\/100\n|move|p2a: KDB|Dire Claw|p1a: Sakura Spike\n|-damage|p1a: Sakura Spike|58\/100\n|\n|upkeep\n|turn|20\n|inactive|Gonquical has 60 seconds left.\n|\n|t:|1700422992\n|switch|p1a: Lion bull|Landorus-Therian, M|14\/100\n|-ability|p1a: Lion bull|Intimidate|boost\n|-unboost|p2a: KDB|atk|1\n|move|p2a: KDB|Dire Claw|p1a: Lion bull\n|-resisted|p1a: Lion bull\n|-damage|p1a: Lion bull|4\/100\n|\n|upkeep\n|turn|21\n|\n|t:|1700423001\n|switch|p1a: Sakura Spike|Amoonguss, F|91\/100\n|move|p2a: KDB|Dire Claw|p1a: Sakura Spike\n|-damage|p1a: Sakura Spike|72\/100\n|-status|p1a: Sakura Spike|slp\n|\n|upkeep\n|turn|22\n|\n|t:|1700423014\n|move|p2a: KDB|Dire Claw|p1a: Sakura Spike\n|-crit|p1a: Sakura Spike\n|-damage|p1a: Sakura Spike|19\/100 slp\n|-enditem|p1a: Sakura Spike|Aguav Berry|[eat]\n|-heal|p1a: Sakura Spike|52\/100 slp|[from] item: Aguav Berry\n|cant|p1a: Sakura Spike|slp\n|\n|upkeep\n|turn|23\n|\n|t:|1700423021\n|move|p2a: KDB|Dire Claw|p1a: Sakura Spike\n|-damage|p1a: Sakura Spike|33\/100 slp\n|-curestatus|p1a: Sakura Spike|slp|[msg]\n|move|p1a: Sakura Spike|Spore|p2a: KDB\n|-status|p2a: KDB|slp|[from] move: Spore\n|\n|upkeep\n|turn|24\n|\n|t:|1700423031\n|switch|p1a: Lion bull|Landorus-Therian, M|4\/100\n|-ability|p1a: Lion bull|Intimidate|boost\n|-unboost|p2a: KDB|atk|1\n|cant|p2a: KDB|slp\n|\n|upkeep\n|turn|25\n|\n|t:|1700423042\n|-curestatus|p2a: KDB|slp|[msg]\n|move|p2a: KDB|Dire Claw|p1a: Lion bull\n|-resisted|p1a: Lion bull\n|-damage|p1a: Lion bull|0 fnt\n|faint|p1a: Lion bull\n|\n|upkeep\n|\n|t:|1700423051\n|switch|p1a: Sakura Spike|Amoonguss, F|66\/100\n|turn|26\n|\n|t:|1700423055\n|move|p2a: KDB|Dire Claw|p1a: Sakura Spike\n|-damage|p1a: Sakura Spike|49\/100\n|move|p1a: Sakura Spike|Spore|p2a: KDB\n|-status|p2a: KDB|slp|[from] move: Spore\n|\n|upkeep\n|turn|27\n|\n|t:|1700423065\n|switch|p1a: Sakura Spike|Amoonguss, F|19\/100 psn\n|cant|p2a: KDB|slp\n|\n|-damage|p1a: Sakura Spike|7\/100 psn|[from] psn\n|upkeep\n|turn|28\n|inactive|Gonquical has 90 seconds left.\n|\n|t:|1700423072\n|cant|p2a: KDB|slp\n|move|p1a: Sakura Spike|Psychic|p2a: KDB\n|-supereffective|p2a: KDB\n|-damage|p2a: KDB|0 fnt\n|faint|p2a: KDB\n|\n|win|Gonquical\n|c|\u2606flavitoes|gg\n","uploadtime":1700423079,"views":11,"p1id":"gonquical","p2id":"flavitoes","formatid":"gen9anythinggoes","rating":0,"private":0,"password":""}