{"id":"gen9anythinggoes-1984748961","p1":"Purpleplayer","p2":"AiryHfjOne","format":"[Gen 9] Anything Goes","log":"|j|\u2606Purpleplayer\n|j|\u2606AiryHfjOne\n|t:|1699295861\n|gametype|singles\n|player|p1|Purpleplayer|hiker-gen4|1059\n|player|p2|AiryHfjOne|alec-anime|1128\n|teamsize|p1|6\n|teamsize|p2|6\n|gen|9\n|tier|[Gen 9] Anything Goes\n|rated|\n|rule|HP Percentage Mod: HP is shown in percentages\n|rule|Endless Battle Clause: Forcing endless battles is banned\n|clearpoke\n|poke|p1|Donphan, L1, F|\n|poke|p1|Geodude, F|\n|poke|p1|Geodude, M|\n|poke|p1|Geodude, M|\n|poke|p1|Regieleki|\n|poke|p1|Kingambit, M|\n|poke|p2|Tatsugiri-Droopy, M|\n|poke|p2|Dachsbun, M|\n|poke|p2|Farigiraf, M|\n|poke|p2|Clodsire, F|\n|poke|p2|Skeledirge, M|\n|poke|p2|Corviknight, F|\n|teampreview\n|c|\u2606AiryHfjOne|ggrmdnhg\n|c|\u2606AiryHfjOne|roooock\n|c|\u2606AiryHfjOne|hi\n|c|\u2606Purpleplayer|Glhf\n|c|\u2606AiryHfjOne|glhf\n|inactive|Battle timer is ON: inactive players will automatically lose when time's up. (requested by Purpleplayer)\n|c|\u2606AiryHfjOne|I think I'm gonna throw up\n|\n|t:|1699295894\n|start\n|switch|p1a: Geodude|Geodude, F, shiny|100\/100\n|switch|p2a: Dachsbun|Dachsbun, M, shiny|100\/100\n|turn|1\n|\n|t:|1699295900\n|move|p2a: Dachsbun|Body Press|p1a: Geodude\n|-supereffective|p1a: Geodude\n|-damage|p1a: Geodude|30\/100\n|move|p1a: Geodude|Explosion|p2a: Dachsbun\n|-damage|p2a: Dachsbun|51\/100\n|faint|p1a: Geodude\n|\n|upkeep\n|\n|t:|1699295906\n|switch|p1a: Geodude|Geodude, M, shiny|100\/100\n|turn|2\n|\n|t:|1699295910\n|switch|p2a: Skeledirge|Skeledirge, M, shiny|100\/100\n|move|p1a: Geodude|Explosion|p2a: Skeledirge\n|-immune|p2a: Skeledirge\n|faint|p1a: Geodude\n|\n|upkeep\n|inactive|Purpleplayer has 120 seconds left.\n|inactive|Purpleplayer has 90 seconds left.\n|\n|t:|1699295981\n|switch|p1a: Regieleki|Regieleki|100\/100\n|turn|3\n|\n|t:|1699295988\n|switch|p2a: Clodsire|Clodsire, F|100\/100\n|move|p1a: Regieleki|Thunder Cage|p2a: Clodsire\n|-immune|p2a: Clodsire\n|\n|upkeep\n|turn|4\n|inactive|Purpleplayer has 90 seconds left.\n|inactive|Purpleplayer has 60 seconds left.\n|\n|t:|1699296030\n|move|p1a: Regieleki|Rapid Spin|p2a: Clodsire\n|-damage|p2a: Clodsire|84\/100\n|-boost|p1a: Regieleki|spe|1\n|move|p2a: Clodsire|Earthquake|p1a: Regieleki\n|-supereffective|p1a: Regieleki\n|-damage|p1a: Regieleki|0 fnt\n|faint|p1a: Regieleki\n|\n|-heal|p2a: Clodsire|90\/100|[from] item: Leftovers\n|upkeep\n|inactive|Purpleplayer has 60 seconds left.\n|\n|t:|1699296038\n|switch|p1a: Donphan|Donphan, L1, F, shiny|100\/100\n|turn|5\n|c|\u2606AiryHfjOne|ok\n|\n|t:|1699296046\n|switch|p2a: Farigiraf|Farigiraf, M, shiny|100\/100\n|move|p1a: Donphan|Endeavor|p2a: Farigiraf\n|-damage|p2a: Farigiraf|4\/100\n|\n|upkeep\n|turn|6\n|\n|t:|1699296058\n|switch|p1a: Geodude|Geodude, M, shiny|100\/100\n|move|p2a: Farigiraf|Calm Mind|p2a: Farigiraf\n|-boost|p2a: Farigiraf|spa|1\n|-boost|p2a: Farigiraf|spd|1\n|\n|upkeep\n|turn|7\n|\n|t:|1699296067\n|switch|p2a: Skeledirge|Skeledirge, M, shiny|100\/100\n|move|p1a: Geodude|Explosion|p2a: Skeledirge\n|-immune|p2a: Skeledirge\n|faint|p1a: Geodude\n|\n|upkeep\n|\n|t:|1699296073\n|switch|p1a: Donphan|Donphan, L1, F, shiny|100\/100\n|turn|8\n|c|\u2606AiryHfjOne|ok x2\n|\n|t:|1699296087\n|move|p2a: Skeledirge|Torch Song|p1a: Donphan\n|-ability|p1a: Donphan|Sturdy\n|-damage|p1a: Donphan|8\/100\n|-boost|p2a: Skeledirge|spa|1\n|move|p1a: Donphan|Dig||[still]\n|-prepare|p1a: Donphan|Dig\n|\n|upkeep\n|turn|9\n|\n|t:|1699296106\n|switch|p2a: Corviknight|Corviknight, F, shiny|100\/100\n|-ability|p2a: Corviknight|Pressure\n|move|p1a: Donphan|Dig|p2a: Corviknight|[from]lockedmove\n|-immune|p2a: Corviknight\n|\n|upkeep\n|turn|10\n|c|\u2606AiryHfjOne|do it\n|\n|t:|1699296133\n|switch|p2a: Skeledirge|Skeledirge, M, shiny|100\/100\n|move|p1a: Donphan|Ice Shard|p2a: Skeledirge\n|-resisted|p2a: Skeledirge\n|-damage|p2a: Skeledirge|99\/100\n|-heal|p1a: Donphan|16\/100|[from] item: Shell Bell|[of] p2a: Skeledirge\n|\n|upkeep\n|turn|11\n|inactive|AiryHfjOne has 120 seconds left.\n|\n|t:|1699296152\n|switch|p2a: Dachsbun|Dachsbun, M, shiny|51\/100\n|move|p1a: Donphan|Ice Shard|p2a: Dachsbun\n|-damage|p2a: Dachsbun|51\/100\n|-heal|p1a: Donphan|24\/100|[from] item: Shell Bell|[of] p2a: Dachsbun\n|\n|upkeep\n|turn|12\n|\n|t:|1699296159\n|move|p2a: Dachsbun|Wish|p2a: Dachsbun\n|move|p1a: Donphan|Endeavor|p2a: Dachsbun\n|-damage|p2a: Dachsbun|1\/100\n|-damage|p1a: Donphan|8\/100|[from] item: Rocky Helmet|[of] p2a: Dachsbun\n|-heal|p1a: Donphan|100\/100|[from] item: Shell Bell|[of] p2a: Dachsbun\n|\n|upkeep\n|turn|13\n|\n|t:|1699296167\n|switch|p2a: Farigiraf|Farigiraf, M, shiny|4\/100\n|move|p1a: Donphan|Ice Shard|p2a: Farigiraf\n|-damage|p2a: Farigiraf|4\/100\n|\n|-heal|p2a: Farigiraf|45\/100|[from] move: Wish|[wisher] Dachsbun\n|upkeep\n|turn|14\n|inactive|Purpleplayer has 120 seconds left.\n|\n|t:|1699296175\n|move|p2a: Farigiraf|Agility|p2a: Farigiraf\n|-boost|p2a: Farigiraf|spe|2\n|move|p1a: Donphan|Endeavor|p2a: Farigiraf\n|-damage|p2a: Farigiraf|4\/100\n|\n|upkeep\n|turn|15\n|c|\u2606Purpleplayer|Try me\n|inactive|Purpleplayer has 120 seconds left.\n|\n|t:|1699296192\n|move|p2a: Farigiraf|Calm Mind|p2a: Farigiraf\n|-boost|p2a: Farigiraf|spa|1\n|-boost|p2a: Farigiraf|spd|1\n|move|p1a: Donphan|Endeavor|p2a: Farigiraf\n|-immune|p2a: Farigiraf\n|\n|upkeep\n|turn|16\n|c|\u2606AiryHfjOne|what\n|inactive|Purpleplayer has 120 seconds left.\n|\n|t:|1699296199\n|move|p1a: Donphan|Ice Shard|p2a: Farigiraf\n|-damage|p2a: Farigiraf|4\/100\n|move|p2a: Farigiraf|Calm Mind|p2a: Farigiraf\n|-boost|p2a: Farigiraf|spa|1\n|-boost|p2a: Farigiraf|spd|1\n|\n|upkeep\n|turn|17\n|inactive|Purpleplayer has 120 seconds left.\n|c|\u2606AiryHfjOne|chill\n|c|\u2606AiryHfjOne|it be a game\n|\n|t:|1699296229\n|move|p1a: Donphan|Ice Shard|p2a: Farigiraf\n|-damage|p2a: Farigiraf|3\/100\n|move|p2a: Farigiraf|Agility|p2a: Farigiraf\n|-boost|p2a: Farigiraf|spe|2\n|\n|upkeep\n|turn|18\n|\n|t:|1699296238\n|move|p1a: Donphan|Ice Shard|p2a: Farigiraf\n|-damage|p2a: Farigiraf|3\/100\n|move|p2a: Farigiraf|Stored Power|p1a: Donphan\n|-ability|p1a: Donphan|Sturdy\n|-damage|p1a: Donphan|8\/100\n|\n|upkeep\n|turn|19\n|inactive|Purpleplayer has 90 seconds left.\n|c|\u2606AiryHfjOne|how do you evolve phanphy btw\n|inactive|Purpleplayer has 60 seconds left.\n|c|\u2606AiryHfjOne|Is it level up or something\n|\n|t:|1699296305\n|move|p2a: Farigiraf|Stored Power|p1a: Donphan\n|-damage|p1a: Donphan|0 fnt\n|faint|p1a: Donphan\n|\n|upkeep\n|\n|t:|1699296308\n|switch|p1a: Kingambit|Kingambit, M, shiny|100\/100\n|-activate|p1a: Kingambit|ability: Supreme Overlord\n|-start|p1a: Kingambit|fallen5|[silent]\n|turn|20\n|\n|t:|1699296312\n|-terastallize|p2a: Farigiraf|Fighting\n|-terastallize|p1a: Kingambit|Dark\n|move|p1a: Kingambit|Sucker Punch|p2a: Farigiraf\n|-resisted|p2a: Farigiraf\n|-damage|p2a: Farigiraf|0 fnt\n|faint|p2a: Farigiraf\n|\n|upkeep\n|\n|t:|1699296323\n|switch|p2a: Tatsugiri|Tatsugiri-Droopy, M|100\/100\n|turn|21\n|c|\u2606Purpleplayer|Idk\n|\n|t:|1699296333\n|move|p1a: Kingambit|Swords Dance|p1a: Kingambit\n|-boost|p1a: Kingambit|atk|2\n|move|p2a: Tatsugiri|Mirror Coat||[still]\n|-fail|p2a: Tatsugiri\n|\n|upkeep\n|turn|22\n|\n|t:|1699296338\n|move|p1a: Kingambit|Sucker Punch|p2a: Tatsugiri\n|-damage|p2a: Tatsugiri|0 fnt\n|faint|p2a: Tatsugiri\n|\n|upkeep\n|\n|t:|1699296342\n|switch|p2a: Corviknight|Corviknight, F, shiny|100\/100\n|-ability|p2a: Corviknight|Pressure\n|turn|23\n|\n|t:|1699296346\n|move|p1a: Kingambit|Sucker Punch|p2a: Corviknight\n|-damage|p2a: Corviknight|0 fnt\n|-damage|p1a: Kingambit|84\/100|[from] item: Rocky Helmet|[of] p2a: Corviknight\n|faint|p2a: Corviknight\n|\n|upkeep\n|\n|t:|1699296351\n|switch|p2a: Clodsire|Clodsire, F|90\/100\n|turn|24\n|\n|t:|1699296356\n|move|p1a: Kingambit|Sucker Punch||[still]\n|-fail|p1a: Kingambit\n|move|p2a: Clodsire|Toxic|p1a: Kingambit\n|-status|p1a: Kingambit|tox\n|\n|-heal|p2a: Clodsire|96\/100|[from] item: Leftovers\n|-damage|p1a: Kingambit|78\/100 tox|[from] psn\n|upkeep\n|turn|25\n|\n|t:|1699296364\n|move|p1a: Kingambit|Sucker Punch||[still]\n|-fail|p1a: Kingambit\n|move|p2a: Clodsire|Recover|p2a: Clodsire\n|-heal|p2a: Clodsire|100\/100\n|\n|-damage|p1a: Kingambit|65\/100 tox|[from] psn\n|upkeep\n|turn|26\n|\n|t:|1699296371\n|move|p1a: Kingambit|Brick Break|p2a: Clodsire\n|-resisted|p2a: Clodsire\n|-damage|p2a: Clodsire|49\/100\n|move|p2a: Clodsire|Stealth Rock|p1a: Kingambit\n|-sidestart|p1: Purpleplayer|move: Stealth Rock\n|\n|-heal|p2a: Clodsire|55\/100|[from] item: Leftovers\n|-damage|p1a: Kingambit|47\/100 tox|[from] psn\n|upkeep\n|turn|27\n|\n|t:|1699296378\n|move|p1a: Kingambit|Brick Break|p2a: Clodsire\n|-resisted|p2a: Clodsire\n|-damage|p2a: Clodsire|5\/100\n|move|p2a: Clodsire|Recover|p2a: Clodsire\n|-heal|p2a: Clodsire|55\/100\n|\n|-heal|p2a: Clodsire|61\/100|[from] item: Leftovers\n|-damage|p1a: Kingambit|22\/100 tox|[from] psn\n|upkeep\n|turn|28\n|\n|t:|1699296383\n|move|p1a: Kingambit|Sucker Punch||[still]\n|-fail|p1a: Kingambit\n|move|p2a: Clodsire|Recover|p2a: Clodsire\n|-heal|p2a: Clodsire|100\/100\n|\n|-damage|p1a: Kingambit|0 fnt|[from] psn\n|faint|p1a: Kingambit\n|-end|p1a: Kingambit|fallen5|[silent]\n|\n|win|AiryHfjOne\n|upkeep\n|raw|Purpleplayer's rating: 1059 &rarr; <strong>1044<\/strong><br \/>(-15 for losing)\n|raw|AiryHfjOne's rating: 1128 &rarr; <strong>1148<\/strong><br \/>(+20 for winning)\n|l|\u2606Purpleplayer\n|c|\u2606AiryHfjOne|gg\n","uploadtime":1699296402,"views":4,"p1id":"purpleplayer","p2id":"airyhfjone","formatid":"gen9anythinggoes","rating":1044,"private":0,"password":""}