{"id":"gen9anythinggoes-1979749927","p1":"Xionicdemon","p2":"YoungsterJoey_LOL","format":"[Gen 9] Anything Goes","log":"|j|\u2606Xionicdemon\n|j|\u2606YoungsterJoey_LOL\n|t:|1698709348\n|gametype|singles\n|player|p1|Xionicdemon|hugh|1227\n|player|p2|YoungsterJoey_LOL|kiawe|1180\n|teamsize|p1|6\n|teamsize|p2|6\n|gen|9\n|tier|[Gen 9] Anything Goes\n|rated|\n|rule|HP Percentage Mod: HP is shown in percentages\n|rule|Endless Battle Clause: Forcing endless battles is banned\n|clearpoke\n|poke|p1|Urshifu-*, M|\n|poke|p1|Mewtwo|\n|poke|p1|Zapdos|\n|poke|p1|Gengar, M|\n|poke|p1|Cyclizar, M|\n|poke|p1|Gyarados, F|\n|poke|p2|Skeledirge, M|\n|poke|p2|Miraidon|\n|poke|p2|Gallade, M|\n|poke|p2|Krookodile, M|\n|poke|p2|Ludicolo, M|\n|poke|p2|Corviknight, F|\n|teampreview\n|inactive|Battle timer is ON: inactive players will automatically lose when time's up. (requested by YoungsterJoey_LOL)\n|\n|t:|1698709353\n|start\n|switch|p1a: Cyclizar|Cyclizar, M|100\/100\n|switch|p2a: Krookodile|Krookodile, M, shiny|100\/100\n|turn|1\n|\n|t:|1698709361\n|move|p1a: Cyclizar|Shed Tail|p1a: Cyclizar\n|-start|p1a: Cyclizar|Substitute|[from] move: Shed Tail\n|-damage|p1a: Cyclizar|50\/100\n|\n|t:|1698709371\n|switch|p1a: Urshifu|Urshifu, M|100\/100|[from] Shed Tail\n|move|p2a: Krookodile|Taunt|p1a: Urshifu\n|-start|p1a: Urshifu|move: Taunt\n|\n|upkeep\n|turn|2\n|\n|t:|1698709380\n|move|p2a: Krookodile|Low Sweep|p1a: Urshifu\n|-supereffective|p1a: Urshifu\n|-end|p1a: Urshifu|Substitute\n|move|p1a: Urshifu|Drain Punch|p2a: Krookodile\n|-supereffective|p2a: Krookodile\n|-crit|p2a: Krookodile\n|-damage|p2a: Krookodile|0 fnt\n|faint|p2a: Krookodile\n|\n|upkeep\n|\n|t:|1698709393\n|switch|p2a: Gallade|Gallade, M, shiny|100\/100\n|turn|3\n|\n|t:|1698709398\n|move|p2a: Gallade|Swords Dance|p2a: Gallade\n|-boost|p2a: Gallade|atk|2\n|move|p1a: Urshifu|Wicked Blow|p2a: Gallade\n|-crit|p2a: Gallade\n|-damage|p2a: Gallade|0 fnt\n|faint|p2a: Gallade\n|\n|-end|p1a: Urshifu|move: Taunt\n|upkeep\n|\n|t:|1698709407\n|switch|p2a: Skeledirge|Skeledirge, M, shiny|100\/100\n|turn|4\n|\n|t:|1698709411\n|move|p1a: Urshifu|Wicked Blow|p2a: Skeledirge\n|-supereffective|p2a: Skeledirge\n|-crit|p2a: Skeledirge\n|-damage|p2a: Skeledirge|1\/100\n|move|p2a: Skeledirge|Will-O-Wisp|p1a: Urshifu\n|-status|p1a: Urshifu|brn\n|\n|-damage|p1a: Urshifu|94\/100 brn|[from] brn\n|upkeep\n|turn|5\n|\n|t:|1698709424\n|move|p1a: Urshifu|Thunder Punch|p2a: Skeledirge\n|-damage|p2a: Skeledirge|0 fnt\n|faint|p2a: Skeledirge\n|\n|-damage|p1a: Urshifu|88\/100 brn|[from] brn\n|upkeep\n|\n|t:|1698709430\n|switch|p2a: Corviknight|Corviknight, F, shiny|100\/100\n|turn|6\n|\n|t:|1698709433\n|move|p1a: Urshifu|Thunder Punch|p2a: Corviknight\n|-supereffective|p2a: Corviknight\n|-damage|p2a: Corviknight|77\/100\n|move|p2a: Corviknight|Iron Defense|p2a: Corviknight\n|-boost|p2a: Corviknight|def|2\n|\n|-damage|p1a: Urshifu|82\/100 brn|[from] brn\n|upkeep\n|turn|7\n|\n|t:|1698709442\n|switch|p1a: Cyclizar|Cyclizar, M|83\/100\n|move|p2a: Corviknight|Iron Defense|p2a: Corviknight\n|-boost|p2a: Corviknight|def|2\n|\n|-heal|p1a: Cyclizar|89\/100|[from] item: Leftovers\n|upkeep\n|turn|8\n|\n|t:|1698709449\n|move|p1a: Cyclizar|Shed Tail|p1a: Cyclizar\n|-start|p1a: Cyclizar|Substitute|[from] move: Shed Tail\n|-damage|p1a: Cyclizar|39\/100\n|\n|t:|1698709452\n|switch|p1a: Zapdos|Zapdos|100\/100|[from] Shed Tail\n|move|p2a: Corviknight|Body Press|p1a: Zapdos\n|-resisted|p1a: Zapdos\n|-end|p1a: Zapdos|Substitute\n|\n|upkeep\n|turn|9\n|\n|t:|1698709461\n|move|p1a: Zapdos|Discharge|p2a: Corviknight\n|-supereffective|p2a: Corviknight\n|-damage|p2a: Corviknight|0 fnt\n|faint|p2a: Corviknight\n|\n|upkeep\n|\n|t:|1698709469\n|switch|p2a: Miraidon|Miraidon|100\/100\n|-fieldstart|move: Electric Terrain|[from] ability: Hadron Engine|[of] p2a: Miraidon\n|turn|10\n|c|\u2606YoungsterJoey_LOL|Imagine legend spamming\n|\n|t:|1698709496\n|switch|p1a: Urshifu|Urshifu, M|82\/100 brn\n|move|p2a: Miraidon|Power Gem|p1a: Urshifu\n|-resisted|p1a: Urshifu\n|-damage|p1a: Urshifu|56\/100 brn\n|\n|-damage|p1a: Urshifu|50\/100 brn|[from] brn\n|upkeep\n|turn|11\n|\n|t:|1698709507\n|move|p2a: Miraidon|Electro Drift|p1a: Urshifu\n|-damage|p1a: Urshifu|0 fnt\n|faint|p1a: Urshifu\n|\n|upkeep\n|\n|t:|1698709514\n|switch|p1a: Mewtwo|Mewtwo|100\/100\n|-ability|p1a: Mewtwo|Unnerve\n|turn|12\n|\n|t:|1698709520\n|move|p1a: Mewtwo|Ice Beam|p2a: Miraidon\n|-supereffective|p2a: Miraidon\n|-damage|p2a: Miraidon|55\/100\n|-damage|p1a: Mewtwo|91\/100|[from] item: Life Orb\n|move|p2a: Miraidon|Electro Drift|p1a: Mewtwo\n|-damage|p1a: Mewtwo|0 fnt\n|faint|p1a: Mewtwo\n|\n|upkeep\n|\n|t:|1698709530\n|switch|p1a: Cyclizar|Cyclizar, M|72\/100\n|turn|13\n|\n|t:|1698709535\n|move|p1a: Cyclizar|Dragon Claw|p2a: Miraidon\n|-supereffective|p2a: Miraidon\n|-damage|p2a: Miraidon|0 fnt\n|faint|p2a: Miraidon\n|\n|-heal|p1a: Cyclizar|78\/100|[from] item: Leftovers\n|upkeep\n|\n|t:|1698709541\n|switch|p2a: Ludicolo|Ludicolo, M, shiny|100\/100\n|turn|14\n|\n|t:|1698709551\n|move|p1a: Cyclizar|Body Slam|p2a: Ludicolo\n|-damage|p2a: Ludicolo|50\/100\n|move|p2a: Ludicolo|Rain Dance|p2a: Ludicolo\n|-weather|RainDance\n|\n|-weather|RainDance|[upkeep]\n|-heal|p1a: Cyclizar|84\/100|[from] item: Leftovers\n|-fieldend|move: Electric Terrain\n|upkeep\n|turn|15\n|\n|t:|1698709561\n|move|p2a: Ludicolo|Ice Beam|p1a: Cyclizar\n|-supereffective|p1a: Cyclizar\n|-damage|p1a: Cyclizar|0 fnt\n|faint|p1a: Cyclizar\n|\n|-weather|RainDance|[upkeep]\n|upkeep\n|\n|t:|1698709568\n|switch|p1a: Gengar|Gengar, M|100\/100\n|turn|16\n|\n|t:|1698709574\n|move|p2a: Ludicolo|Surf|p1a: Gengar\n|-damage|p1a: Gengar|2\/100\n|move|p1a: Gengar|Destiny Bond|p1a: Gengar\n|-singlemove|p1a: Gengar|Destiny Bond\n|\n|-weather|RainDance|[upkeep]\n|upkeep\n|turn|17\n|\n|t:|1698709586\n|move|p2a: Ludicolo|Rain Dance||[still]\n|-fail|p2a: Ludicolo\n|move|p1a: Gengar|Sludge Bomb|p2a: Ludicolo\n|-supereffective|p2a: Ludicolo\n|-damage|p2a: Ludicolo|0 fnt\n|faint|p2a: Ludicolo\n|\n|win|Xionicdemon\n|raw|Xionicdemon's rating: 1227 &rarr; <strong>1249<\/strong><br \/>(+22 for winning)\n|raw|YoungsterJoey_LOL's rating: 1180 &rarr; <strong>1158<\/strong><br \/>(-22 for losing)\n|l|\u2606YoungsterJoey_LOL\n","uploadtime":1698709594,"views":5,"p1id":"xionicdemon","p2id":"youngsterjoeylol","formatid":"gen9anythinggoes","rating":1158,"private":0,"password":""}