{"id":"gen9anythinggoes-1987958034","p1":"Raptors4TheChip","p2":"rrr3mix","format":"[Gen 9] Anything Goes","log":"|j|\u2606Raptors4TheChip\n|j|\u2606rrr3mix\n|t:|1699653120\n|gametype|singles\n|player|p1|Raptors4TheChip|102|\n|player|p2|rrr3mix|265|\n|teamsize|p1|6\n|teamsize|p2|6\n|gen|9\n|tier|[Gen 9] Anything Goes\n|rule|HP Percentage Mod: HP is shown in percentages\n|rule|Endless Battle Clause: Forcing endless battles is banned\n|clearpoke\n|poke|p1|Baxcalibur, M|\n|poke|p1|Staraptor, M|\n|poke|p1|Electrode|\n|poke|p1|Garganacl, M|\n|poke|p1|Scream Tail|\n|poke|p1|Torkoal, F|\n|poke|p2|Cinderace, F|\n|poke|p2|Gliscor, F|\n|poke|p2|Rotom-Wash|\n|poke|p2|Kingambit, F|\n|poke|p2|Tornadus-Therian, M|\n|poke|p2|Ditto|\n|teampreview\n|c|\u2606Raptors4TheChip|gl\n|c|\u2606rrr3mix|gl\n|j| dittoboys\n|c| dittoboys|pog\n|\n|t:|1699653157\n|start\n|switch|p1a: Electro|Electrode|100\/100\n|switch|p2a: Tornadus|Tornadus-Therian, M|100\/100\n|turn|1\n|c| dittoboys|first match of the week\n|\n|t:|1699653168\n|switch|p2a: Gliscor|Gliscor, F|100\/100\n|move|p1a: Electro|Volt Switch|p2a: Gliscor\n|-immune|p2a: Gliscor\n|\n|-status|p2a: Gliscor|tox|[from] item: Toxic Orb\n|upkeep\n|turn|2\n|\n|t:|1699653179\n|-terastallize|p1a: Electro|Ice\n|move|p1a: Electro|Tera Blast|p2a: Gliscor|[anim] Tera Blast Ice\n|-supereffective|p2a: Gliscor\n|-damage|p2a: Gliscor|0 fnt\n|faint|p2a: Gliscor\n|-damage|p1a: Electro|91\/100|[from] item: Life Orb\n|\n|upkeep\n|j| Tredz\n|\n|t:|1699653191\n|switch|p2a: Cinderace|Cinderace, F|100\/100\n|turn|3\n|\n|t:|1699653198\n|move|p1a: Electro|Volt Switch|p2a: Cinderace\n|-damage|p2a: Cinderace|46\/100\n|-damage|p1a: Electro|81\/100|[from] item: Life Orb\n|\n|t:|1699653202\n|switch|p1a: J. Jonah Jameson|Torkoal, F|100\/100|[from] Volt Switch\n|-weather|SunnyDay|[from] ability: Drought|[of] p1a: J. Jonah Jameson\n|move|p2a: Cinderace|Pyro Ball|p1a: J. Jonah Jameson\n|-resisted|p1a: J. Jonah Jameson\n|-damage|p1a: J. Jonah Jameson|61\/100\n|-damage|p2a: Cinderace|36\/100|[from] item: Life Orb\n|\n|-weather|SunnyDay|[upkeep]\n|upkeep\n|turn|4\n|c|\u2606rrr3mix|j jonah thats crazy lmaooo\n|j| UnovaJournies\n|\n|t:|1699653226\n|move|p2a: Cinderace|High Jump Kick|p1a: J. Jonah Jameson\n|-start|p2a: Cinderace|typechange|Fighting|[from] ability: Libero\n|-damage|p1a: J. Jonah Jameson|0 fnt\n|faint|p1a: J. Jonah Jameson\n|-damage|p2a: Cinderace|26\/100|[from] item: Life Orb\n|\n|-weather|SunnyDay|[upkeep]\n|upkeep\n|j| pogwuan\n|\n|t:|1699653235\n|switch|p1a: Vulture|Staraptor, M|100\/100\n|-ability|p1a: Vulture|Intimidate|boost\n|-unboost|p2a: Cinderace|atk|1\n|turn|5\n|\n|t:|1699653244\n|switch|p2a: Rotom|Rotom-Wash|100\/100\n|move|p1a: Vulture|Brave Bird|p2a: Rotom\n|-resisted|p2a: Rotom\n|-damage|p2a: Rotom|38\/100\n|-damage|p1a: Vulture|84\/100|[from] Recoil\n|\n|-weather|SunnyDay|[upkeep]\n|upkeep\n|turn|6\n|c| UnovaJournies|Shane is ghosting me, we were supposed to battle yesterday\n|\n|t:|1699653255\n|switch|p1a: Gwen Stacy|Scream Tail|100\/100\n|-activate|p1a: Gwen Stacy|ability: Protosynthesis\n|-start|p1a: Gwen Stacy|protosynthesisdef\n|move|p2a: Rotom|Trick|p1a: Gwen Stacy\n|-activate|p2a: Rotom|move: Trick|[of] p1a: Gwen Stacy\n|-item|p1a: Gwen Stacy|Choice Scarf|[from] move: Trick\n|-item|p2a: Rotom|Kee Berry|[from] move: Trick\n|\n|-weather|SunnyDay|[upkeep]\n|upkeep\n|turn|7\n|\n|t:|1699653269\n|-end|p1a: Gwen Stacy|Protosynthesis|[silent]\n|switch|p1a: Electro|Electrode, tera:Ice|81\/100\n|move|p2a: Rotom|Will-O-Wisp|p1a: Electro\n|-status|p1a: Electro|brn\n|\n|-weather|none\n|-damage|p1a: Electro|74\/100 brn|[from] brn\n|upkeep\n|turn|8\n|\n|t:|1699653283\n|move|p1a: Electro|Thunderbolt|p2a: Rotom\n|-damage|p2a: Rotom|0 fnt\n|faint|p2a: Rotom\n|-damage|p1a: Electro|64\/100 brn|[from] item: Life Orb\n|\n|-damage|p1a: Electro|58\/100 brn|[from] brn\n|upkeep\n|\n|t:|1699653297\n|switch|p2a: Cinderace|Cinderace, F|26\/100\n|turn|9\n|\n|t:|1699653301\n|move|p2a: Cinderace|Sucker Punch|p1a: Electro\n|-start|p2a: Cinderace|typechange|Dark|[from] ability: Libero\n|-damage|p1a: Electro|0 fnt\n|-status|p2a: Cinderace|par|[from] ability: Static|[of] p1a: Electro\n|faint|p1a: Electro\n|-damage|p2a: Cinderace|16\/100 par|[from] item: Life Orb\n|\n|upkeep\n|c| UnovaJournies|oof\n|\n|t:|1699653311\n|switch|p1a: Lizard|Baxcalibur, M|100\/100\n|turn|10\n|\n|t:|1699653322\n|move|p1a: Lizard|Swords Dance|p1a: Lizard\n|-boost|p1a: Lizard|atk|2\n|move|p2a: Cinderace|High Jump Kick|p1a: Lizard\n|-supereffective|p1a: Lizard\n|-damage|p1a: Lizard|0 fnt\n|faint|p1a: Lizard\n|-damage|p2a: Cinderace|6\/100 par|[from] item: Life Orb\n|\n|upkeep\n|\n|t:|1699653332\n|switch|p1a: Vulture|Staraptor, M|84\/100\n|-ability|p1a: Vulture|Intimidate|boost\n|-unboost|p2a: Cinderace|atk|1\n|turn|11\n|\n|t:|1699653339\n|move|p2a: Cinderace|Sucker Punch|p1a: Vulture\n|-damage|p1a: Vulture|41\/100\n|-damage|p2a: Cinderace|0 fnt|[from] item: Life Orb\n|faint|p2a: Cinderace\n|move|p1a: Vulture|U-turn|p2: Cinderace|[notarget]\n|-fail|p1a: Vulture\n|\n|upkeep\n|\n|t:|1699653349\n|switch|p2a: Tornadus|Tornadus-Therian, M|100\/100\n|turn|12\n|\n|t:|1699653359\n|switch|p1a: Sandman|Garganacl, M|100\/100\n|move|p2a: Tornadus|Hurricane|p1a: Sandman\n|-resisted|p1a: Sandman\n|-damage|p1a: Sandman|80\/100\n|-damage|p2a: Tornadus|91\/100|[from] item: Life Orb\n|\n|-heal|p1a: Sandman|86\/100|[from] item: Leftovers\n|upkeep\n|turn|13\n|\n|t:|1699653370\n|move|p2a: Tornadus|Focus Blast|p1a: Sandman\n|-supereffective|p1a: Sandman\n|-damage|p1a: Sandman|26\/100\n|-damage|p2a: Tornadus|81\/100|[from] item: Life Orb\n|move|p1a: Sandman|Iron Defense|p1a: Sandman\n|-boost|p1a: Sandman|def|2\n|\n|-heal|p1a: Sandman|32\/100|[from] item: Leftovers\n|upkeep\n|turn|14\n|\n|t:|1699653379\n|move|p1a: Sandman|Protect|p1a: Sandman\n|-singleturn|p1a: Sandman|Protect\n|move|p2a: Tornadus|Focus Blast|p1a: Sandman\n|-activate|p1a: Sandman|move: Protect\n|\n|-heal|p1a: Sandman|39\/100|[from] item: Leftovers\n|upkeep\n|turn|15\n|\n|t:|1699653386\n|move|p2a: Tornadus|Focus Blast|p1a: Sandman\n|-supereffective|p1a: Sandman\n|-damage|p1a: Sandman|0 fnt\n|faint|p1a: Sandman\n|-damage|p2a: Tornadus|71\/100|[from] item: Life Orb\n|\n|upkeep\n|\n|t:|1699653389\n|switch|p1a: Vulture|Staraptor, M|41\/100\n|-ability|p1a: Vulture|Intimidate|boost\n|-unboost|p2a: Tornadus|atk|1\n|turn|16\n|\n|t:|1699653414\n|switch|p1a: Gwen Stacy|Scream Tail|100\/100\n|move|p2a: Tornadus|Hurricane|p1a: Gwen Stacy|[miss]\n|-miss|p2a: Tornadus|p1a: Gwen Stacy\n|\n|upkeep\n|turn|17\n|\n|t:|1699653432\n|move|p1a: Gwen Stacy|Wish|p1a: Gwen Stacy\n|move|p2a: Tornadus|Knock Off|p1a: Gwen Stacy\n|-damage|p1a: Gwen Stacy|87\/100\n|-enditem|p1a: Gwen Stacy|Choice Scarf|[from] move: Knock Off|[of] p2a: Tornadus\n|-damage|p2a: Tornadus|62\/100|[from] item: Life Orb\n|\n|upkeep\n|turn|18\n|c|\u2606rrr3mix|im so dumb.\n|c| UnovaJournies|noooo\n|c| Tredz|lol\n|c| pogwuan|lmao\n|\n|t:|1699653443\n|move|p2a: Tornadus|U-turn|p1a: Gwen Stacy\n|-crit|p1a: Gwen Stacy\n|-damage|p1a: Gwen Stacy|68\/100\n|-damage|p2a: Tornadus|52\/100|[from] item: Life Orb\n|\n|t:|1699653451\n|switch|p2a: Ditto|Ditto|100\/100|[from] U-turn\n|-transform|p2a: Ditto|p1a: Gwen Stacy|[from] ability: Imposter\n|move|p1a: Gwen Stacy|Calm Mind|p1a: Gwen Stacy\n|-boost|p1a: Gwen Stacy|spa|1\n|-boost|p1a: Gwen Stacy|spd|1\n|\n|-heal|p1a: Gwen Stacy|100\/100|[from] move: Wish|[wisher] Gwen Stacy\n|upkeep\n|turn|19\n|c| UnovaJournies|bro had the w\n|\n|t:|1699653465\n|move|p2a: Ditto|Flamethrower|p1a: Gwen Stacy\n|-damage|p1a: Gwen Stacy|94\/100\n|move|p1a: Gwen Stacy|Calm Mind|p1a: Gwen Stacy\n|-boost|p1a: Gwen Stacy|spa|1\n|-boost|p1a: Gwen Stacy|spd|1\n|\n|upkeep\n|turn|20\n|c| pogwuan|rip\n|\n|t:|1699653471\n|move|p2a: Ditto|Flamethrower|p1a: Gwen Stacy\n|-damage|p1a: Gwen Stacy|90\/100\n|-status|p1a: Gwen Stacy|brn\n|move|p1a: Gwen Stacy|Flamethrower|p2a: Ditto\n|-damage|p2a: Ditto|75\/100\n|\n|-damage|p1a: Gwen Stacy|84\/100 brn|[from] brn\n|upkeep\n|turn|21\n|c|\u2606rrr3mix|:(\n|\n|t:|1699653483\n|move|p2a: Ditto|Flamethrower|p1a: Gwen Stacy\n|-damage|p1a: Gwen Stacy|79\/100 brn\n|move|p1a: Gwen Stacy|Calm Mind|p1a: Gwen Stacy\n|-boost|p1a: Gwen Stacy|spa|1\n|-boost|p1a: Gwen Stacy|spd|1\n|\n|-damage|p1a: Gwen Stacy|73\/100 brn|[from] brn\n|upkeep\n|turn|22\n|\n|t:|1699653491\n|move|p2a: Ditto|Flamethrower|p1a: Gwen Stacy\n|-damage|p1a: Gwen Stacy|69\/100 brn\n|move|p1a: Gwen Stacy|Wish|p1a: Gwen Stacy\n|\n|-damage|p1a: Gwen Stacy|63\/100 brn|[from] brn\n|upkeep\n|turn|23\n|\n|t:|1699653503\n|move|p2a: Ditto|Flamethrower|p1a: Gwen Stacy\n|-damage|p1a: Gwen Stacy|58\/100 brn\n|move|p1a: Gwen Stacy|Flamethrower|p2a: Ditto\n|-damage|p2a: Ditto|39\/100\n|\n|-heal|p1a: Gwen Stacy|100\/100 brn|[from] move: Wish|[wisher] Gwen Stacy\n|-damage|p1a: Gwen Stacy|94\/100 brn|[from] brn\n|upkeep\n|turn|24\n|\n|t:|1699653513\n|-activate|p2a: Ditto|move: Struggle\n|move|p2a: Ditto|Struggle|p1a: Gwen Stacy\n|-damage|p1a: Gwen Stacy|90\/100 brn\n|-damage|p2a: Ditto|14\/100|[from] recoil\n|move|p1a: Gwen Stacy|Flamethrower|p2a: Ditto\n|-damage|p2a: Ditto|0 fnt\n|faint|p2a: Ditto\n|-end|p2a: Ditto|Protosynthesis|[silent]\n|\n|-damage|p1a: Gwen Stacy|84\/100 brn|[from] brn\n|upkeep\n|c| UnovaJournies|why\n|c| dittoboys|ditto was the win con\n|\n|t:|1699653523\n|switch|p2a: Tornadus|Tornadus-Therian, M|85\/100\n|turn|25\n|\n|t:|1699653533\n|move|p2a: Tornadus|Hurricane|p1a: Gwen Stacy|[miss]\n|-miss|p2a: Tornadus|p1a: Gwen Stacy\n|move|p1a: Gwen Stacy|Wish|p1a: Gwen Stacy\n|\n|-damage|p1a: Gwen Stacy|78\/100 brn|[from] brn\n|upkeep\n|turn|26\n|\n|t:|1699653539\n|move|p2a: Tornadus|Hurricane|p1a: Gwen Stacy\n|-damage|p1a: Gwen Stacy|59\/100 brn\n|-damage|p2a: Tornadus|75\/100|[from] item: Life Orb\n|move|p1a: Gwen Stacy|Stored Power|p2a: Tornadus\n|-damage|p2a: Tornadus|0 fnt\n|faint|p2a: Tornadus\n|\n|-heal|p1a: Gwen Stacy|100\/100 brn|[from] move: Wish|[wisher] Gwen Stacy\n|-damage|p1a: Gwen Stacy|94\/100 brn|[from] brn\n|upkeep\n|\n|t:|1699653549\n|switch|p2a: Kingambit|Kingambit, F, shiny|100\/100\n|-activate|p2a: Kingambit|ability: Supreme Overlord\n|-start|p2a: Kingambit|fallen5|[silent]\n|turn|27\n|\n|t:|1699653555\n|move|p1a: Gwen Stacy|Flamethrower|p2a: Kingambit\n|-supereffective|p2a: Kingambit\n|-damage|p2a: Kingambit|30\/100\n|move|p2a: Kingambit|Iron Head|p1a: Gwen Stacy\n|-supereffective|p1a: Gwen Stacy\n|-damage|p1a: Gwen Stacy|12\/100 brn\n|\n|-heal|p2a: Kingambit|36\/100|[from] item: Leftovers\n|-damage|p1a: Gwen Stacy|6\/100 brn|[from] brn\n|upkeep\n|turn|28\n|l| Tredz\n|c| UnovaJournies|oh shit\n|c| UnovaJournies|wait a minute\n|\n|t:|1699653571\n|move|p2a: Kingambit|Sucker Punch||[still]\n|-fail|p2a: Kingambit\n|move|p1a: Gwen Stacy|Wish|p1a: Gwen Stacy\n|\n|-heal|p2a: Kingambit|43\/100|[from] item: Leftovers\n|-damage|p1a: Gwen Stacy|0 fnt|[from] brn\n|faint|p1a: Gwen Stacy\n|-end|p1a: Gwen Stacy|Protosynthesis|[silent]\n|upkeep\n|c| UnovaJournies|do it kill is the question\n|\n|t:|1699653584\n|switch|p1a: Vulture|Staraptor, M|41\/100\n|-ability|p1a: Vulture|Intimidate|boost\n|-unboost|p2a: Kingambit|atk|1\n|turn|29\n|c| dittoboys|down to the wire\n|c| UnovaJournies|-1 might be clutch\n|c| UnovaJournies|idk the calc\n|\n|t:|1699653631\n|move|p2a: Kingambit|Sucker Punch|p1a: Vulture\n|-damage|p1a: Vulture|0 fnt\n|faint|p1a: Vulture\n|\n|win|rrr3mix\n|c| UnovaJournies|yoooo\n|c|\u2606rrr3mix|gg\n|c| dittoboys|dang\n|c|\u2606rrr3mix|that was too close.\n|c|\u2606Raptors4TheChip|gg\n|c| UnovaJournies|rectified the choke\n|c|\u2606rrr3mix|had to make it interesting ya know\n|c|\u2606rrr3mix|the knock off was embarassing\n|l|\u2606Raptors4TheChip\n|j|\u2606Raptors4TheChip\n|player|p1|Raptors4TheChip|102\n|c|\u2606Raptors4TheChip|gg\n|c|\u2606Raptors4TheChip|lol ye it gave me a shot\n|l| UnovaJournies\n|l| dittoboys\n|j| UnovaJournies\n|c| UnovaJournies|make sure u get the link\n|c| UnovaJournies|for the upload\n","uploadtime":1699653821,"views":36,"p1id":"raptors4thechip","p2id":"rrr3mix","formatid":"gen9anythinggoes","rating":0,"private":0,"password":""}