{"id":"gen9anythinggoes-1978384517","p1":"LordRevan22","p2":"Fergder","format":"[Gen 9] Anything Goes","log":"|j|\u2606LordRevan22\n|j|\u2606Fergder\n|t:|1698532108\n|gametype|singles\n|player|p1|LordRevan22|170|\n|player|p2|Fergder|169|\n|teamsize|p1|6\n|teamsize|p2|6\n|gen|9\n|tier|[Gen 9] Anything Goes\n|rule|HP Percentage Mod: HP is shown in percentages\n|rule|Endless Battle Clause: Forcing endless battles is banned\n|clearpoke\n|poke|p1|Urshifu-*, M|\n|poke|p1|Gliscor, M|\n|poke|p1|Quagsire, M|\n|poke|p1|Clodsire, M|\n|poke|p1|Arboliva, M|\n|poke|p1|Salazzle, F|\n|poke|p2|Shaymin-Sky|\n|poke|p2|Ribombee, F|\n|poke|p2|Hoopa-Unbound|\n|poke|p2|Sandaconda, M|\n|poke|p2|Brambleghast, M|\n|poke|p2|Illumise, F|\n|teampreview\n|\n|t:|1698532114\n|start\n|switch|p1a: Salazzle|Salazzle, F, shiny|100\/100\n|switch|p2a: Sandaconda|Sandaconda, M|100\/100\n|turn|1\n|\n|t:|1698532121\n|move|p1a: Salazzle|Substitute|p1a: Salazzle\n|-start|p1a: Salazzle|Substitute\n|-damage|p1a: Salazzle|76\/100\n|move|p2a: Sandaconda|Coil|p2a: Sandaconda\n|-boost|p2a: Sandaconda|atk|1\n|-boost|p2a: Sandaconda|def|1\n|-boost|p2a: Sandaconda|accuracy|1\n|\n|-heal|p1a: Salazzle|82\/100|[from] item: Leftovers\n|upkeep\n|turn|2\n|\n|t:|1698532130\n|move|p1a: Salazzle|Toxic|p2a: Sandaconda\n|-status|p2a: Sandaconda|tox\n|move|p2a: Sandaconda|Coil|p2a: Sandaconda\n|-boost|p2a: Sandaconda|atk|1\n|-boost|p2a: Sandaconda|def|1\n|-boost|p2a: Sandaconda|accuracy|1\n|\n|-heal|p1a: Salazzle|88\/100|[from] item: Leftovers\n|-damage|p2a: Sandaconda|94\/100 tox|[from] psn\n|upkeep\n|turn|3\n|\n|t:|1698532144\n|move|p1a: Salazzle|Flamethrower|p2a: Sandaconda\n|-damage|p2a: Sandaconda|34\/100 tox\n|move|p2a: Sandaconda|Rock Blast|p1a: Salazzle\n|-supereffective|p1a: Salazzle\n|-end|p1a: Salazzle|Substitute\n|-supereffective|p1a: Salazzle\n|-damage|p1a: Salazzle|26\/100\n|-supereffective|p1a: Salazzle\n|-damage|p1a: Salazzle|0 fnt\n|faint|p1a: Salazzle\n|-hitcount|p1: Salazzle|3\n|\n|-damage|p2a: Sandaconda|21\/100 tox|[from] psn\n|upkeep\n|\n|t:|1698532158\n|switch|p1a: Gliscor|Gliscor, M, shiny|100\/100\n|turn|4\n|\n|t:|1698532162\n|move|p1a: Gliscor|Knock Off|p2a: Sandaconda\n|-damage|p2a: Sandaconda|12\/100 tox\n|-enditem|p2a: Sandaconda|Loaded Dice|[from] move: Knock Off|[of] p1a: Gliscor\n|move|p2a: Sandaconda|Rest|p2a: Sandaconda\n|-status|p2a: Sandaconda|slp|[from] move: Rest\n|-heal|p2a: Sandaconda|100\/100 slp|[silent]\n|\n|-activate|p2a: Sandaconda|ability: Shed Skin\n|-curestatus|p2a: Sandaconda|slp|[msg]\n|-status|p1a: Gliscor|tox|[from] item: Toxic Orb\n|upkeep\n|turn|5\n|\n|t:|1698532175\n|move|p1a: Gliscor|Fling|p2a: Sandaconda\n|-damage|p2a: Sandaconda|97\/100\n|-status|p2a: Sandaconda|tox\n|-enditem|p1a: Gliscor|Toxic Orb|[from] move: Fling\n|move|p2a: Sandaconda|Rock Blast|p1a: Gliscor\n|-damage|p1a: Gliscor|90\/100 tox\n|-damage|p1a: Gliscor|80\/100 tox\n|-hitcount|p1a: Gliscor|2\n|\n|-activate|p2a: Sandaconda|ability: Shed Skin\n|-curestatus|p2a: Sandaconda|tox|[msg]\n|-heal|p1a: Gliscor|93\/100 tox|[from] ability: Poison Heal\n|upkeep\n|turn|6\n|\n|t:|1698532190\n|switch|p1a: Quagsire|Quagsire, M, shiny|100\/100\n|move|p2a: Sandaconda|Scale Shot|p1a: Quagsire\n|-crit|p1a: Quagsire\n|-damage|p1a: Quagsire|91\/100\n|-damage|p1a: Quagsire|85\/100\n|-damage|p1a: Quagsire|79\/100\n|-damage|p1a: Quagsire|72\/100\n|-hitcount|p1a: Quagsire|4\n|-unboost|p2a: Sandaconda|def|1\n|-boost|p2a: Sandaconda|spe|1\n|\n|-heal|p1a: Quagsire|78\/100|[from] item: Leftovers\n|upkeep\n|turn|7\n|\n|t:|1698532205\n|move|p2a: Sandaconda|Coil|p2a: Sandaconda\n|-boost|p2a: Sandaconda|atk|1\n|-boost|p2a: Sandaconda|def|1\n|-boost|p2a: Sandaconda|accuracy|1\n|move|p1a: Quagsire|Stealth Rock|p2a: Sandaconda\n|-sidestart|p2: Fergder|move: Stealth Rock\n|\n|-heal|p1a: Quagsire|84\/100|[from] item: Leftovers\n|upkeep\n|turn|8\n|\n|t:|1698532214\n|move|p2a: Sandaconda|Rock Blast|p1a: Quagsire\n|-resisted|p1a: Quagsire\n|-damage|p1a: Quagsire|81\/100\n|-resisted|p1a: Quagsire\n|-damage|p1a: Quagsire|78\/100\n|-resisted|p1a: Quagsire\n|-damage|p1a: Quagsire|75\/100\n|-hitcount|p1a: Quagsire|3\n|move|p1a: Quagsire|Toxic|p2a: Sandaconda\n|-status|p2a: Sandaconda|tox\n|\n|-heal|p1a: Quagsire|81\/100|[from] item: Leftovers\n|-damage|p2a: Sandaconda|91\/100 tox|[from] psn\n|upkeep\n|turn|9\n|\n|t:|1698532227\n|move|p2a: Sandaconda|Coil|p2a: Sandaconda\n|-boost|p2a: Sandaconda|atk|1\n|-boost|p2a: Sandaconda|def|1\n|-boost|p2a: Sandaconda|accuracy|1\n|move|p1a: Quagsire|Earthquake|p2a: Sandaconda\n|-damage|p2a: Sandaconda|69\/100 tox\n|\n|-heal|p1a: Quagsire|88\/100|[from] item: Leftovers\n|-damage|p2a: Sandaconda|56\/100 tox|[from] psn\n|upkeep\n|turn|10\n|\n|t:|1698532237\n|move|p2a: Sandaconda|Scale Shot|p1a: Quagsire\n|-damage|p1a: Quagsire|81\/100\n|-damage|p1a: Quagsire|75\/100\n|-damage|p1a: Quagsire|69\/100\n|-hitcount|p1a: Quagsire|3\n|-unboost|p2a: Sandaconda|def|1\n|-boost|p2a: Sandaconda|spe|1\n|move|p1a: Quagsire|Earthquake|p2a: Sandaconda\n|-damage|p2a: Sandaconda|33\/100 tox\n|\n|-heal|p1a: Quagsire|75\/100|[from] item: Leftovers\n|-damage|p2a: Sandaconda|14\/100 tox|[from] psn\n|upkeep\n|turn|11\n|\n|t:|1698532261\n|switch|p1a: Urshifu|Urshifu, M|100\/100\n|move|p2a: Sandaconda|Rest|p2a: Sandaconda\n|-status|p2a: Sandaconda|slp|[from] move: Rest\n|-heal|p2a: Sandaconda|100\/100 slp|[silent]\n|\n|upkeep\n|turn|12\n|\n|t:|1698532281\n|switch|p2a: Shaymin|Shaymin-Sky|100\/100\n|-damage|p2a: Shaymin|76\/100|[from] Stealth Rock\n|move|p1a: Urshifu|Wicked Blow|p2a: Shaymin\n|-crit|p2a: Shaymin\n|-damage|p2a: Shaymin|0 fnt\n|faint|p2a: Shaymin\n|\n|upkeep\n|c|\u2606Fergder|Oop\n|\n|t:|1698532292\n|switch|p2a: Illumise|Illumise, F|100\/100\n|-damage|p2a: Illumise|76\/100|[from] Stealth Rock\n|turn|13\n|\n|t:|1698532297\n|move|p2a: Illumise|Thunder Wave|p1a: Urshifu\n|-hint|Since gen 7, Dark is immune to Prankster moves.\n|-immune|p1a: Urshifu\n|move|p1a: Urshifu|Wicked Blow|p2a: Illumise\n|-crit|p2a: Illumise\n|-damage|p2a: Illumise|0 fnt\n|faint|p2a: Illumise\n|\n|upkeep\n|\n|t:|1698532301\n|switch|p2a: Hoopa|Hoopa-Unbound|100\/100\n|-damage|p2a: Hoopa|88\/100|[from] Stealth Rock\n|turn|14\n|\n|t:|1698532313\n|switch|p1a: Arboliva|Arboliva, M, shiny|100\/100\n|move|p2a: Hoopa|Drain Punch|p1a: Arboliva\n|-supereffective|p1a: Arboliva\n|-damage|p1a: Arboliva|37\/100\n|-heal|p2a: Hoopa|100\/100|[from] drain|[of] p1a: Arboliva\n|-fieldstart|move: Grassy Terrain|[from] ability: Seed Sower|[of] p1a: Arboliva\n|\n|-heal|p1a: Arboliva|43\/100|[from] Grassy Terrain\n|-heal|p1a: Arboliva|49\/100|[from] item: Leftovers\n|upkeep\n|turn|15\n|\n|t:|1698532334\n|switch|p2a: Brambleghast|Brambleghast, M|100\/100\n|-terastallize|p1a: Arboliva|Fairy\n|move|p1a: Arboliva|Strength Sap|p2a: Brambleghast\n|-unboost|p2a: Brambleghast|atk|1\n|-heal|p1a: Arboliva|100\/100\n|\n|upkeep\n|turn|16\n|\n|t:|1698532347\n|move|p2a: Brambleghast|Rapid Spin|p1a: Arboliva\n|-damage|p1a: Arboliva|90\/100\n|-boost|p2a: Brambleghast|spe|1\n|-sideend|p2: Fergder|Stealth Rock|[from] move: Rapid Spin|[of] p2a: Brambleghast\n|move|p1a: Arboliva|Dazzling Gleam|p2a: Brambleghast\n|-damage|p2a: Brambleghast|37\/100\n|\n|-heal|p2a: Brambleghast|43\/100|[from] Grassy Terrain\n|-heal|p1a: Arboliva|96\/100|[from] Grassy Terrain\n|-heal|p1a: Arboliva|100\/100|[from] item: Leftovers\n|upkeep\n|turn|17\n|\n|t:|1698532358\n|move|p2a: Brambleghast|Seed Bomb|p1a: Arboliva\n|-damage|p1a: Arboliva|65\/100\n|move|p1a: Arboliva|Dazzling Gleam|p2a: Brambleghast\n|-damage|p2a: Brambleghast|0 fnt\n|faint|p2a: Brambleghast\n|\n|-heal|p1a: Arboliva|72\/100|[from] Grassy Terrain\n|-heal|p1a: Arboliva|78\/100|[from] item: Leftovers\n|upkeep\n|\n|t:|1698532368\n|switch|p2a: Sandaconda|Sandaconda, M|100\/100 slp\n|turn|18\n|\n|t:|1698532374\n|cant|p2a: Sandaconda|slp\n|move|p1a: Arboliva|Giga Drain|p2a: Sandaconda\n|-supereffective|p2a: Sandaconda\n|-damage|p2a: Sandaconda|0 fnt\n|-heal|p1a: Arboliva|100\/100|[from] drain|[of] p2a: Sandaconda\n|faint|p2a: Sandaconda\n|\n|-fieldend|move: Grassy Terrain\n|upkeep\n|\n|t:|1698532377\n|switch|p2a: Hoopa|Hoopa-Unbound|100\/100\n|turn|19\n|\n|t:|1698532386\n|move|p2a: Hoopa|Knock Off|p1a: Arboliva\n|-resisted|p1a: Arboliva\n|-damage|p1a: Arboliva|69\/100\n|-fieldstart|move: Grassy Terrain|[from] ability: Seed Sower|[of] p1a: Arboliva\n|-enditem|p1a: Arboliva|Leftovers|[from] move: Knock Off|[of] p2a: Hoopa\n|move|p1a: Arboliva|Strength Sap|p2a: Hoopa\n|-unboost|p2a: Hoopa|atk|1\n|-heal|p1a: Arboliva|100\/100\n|\n|upkeep\n|turn|20\n|c|\u2606Fergder|Lol gg\n|\n|t:|1698532397\n|move|p2a: Hoopa|Hyperspace Fury|p1a: Arboliva\n|-resisted|p1a: Arboliva\n|-crit|p1a: Arboliva\n|-damage|p1a: Arboliva|53\/100\n|-unboost|p2a: Hoopa|def|1\n|move|p1a: Arboliva|Dazzling Gleam|p2a: Hoopa\n|-supereffective|p2a: Hoopa\n|-damage|p2a: Hoopa|64\/100\n|\n|-heal|p2a: Hoopa|70\/100|[from] Grassy Terrain\n|-heal|p1a: Arboliva|59\/100|[from] Grassy Terrain\n|upkeep\n|turn|21\n|\n|t:|1698532409\n|move|p2a: Hoopa|Psychic|p1a: Arboliva\n|-damage|p1a: Arboliva|26\/100\n|move|p1a: Arboliva|Leech Seed|p2a: Hoopa\n|-start|p2a: Hoopa|move: Leech Seed\n|\n|-heal|p2a: Hoopa|76\/100|[from] Grassy Terrain\n|-heal|p1a: Arboliva|32\/100|[from] Grassy Terrain\n|-damage|p2a: Hoopa|64\/100|[from] Leech Seed|[of] p1a: Arboliva\n|-heal|p1a: Arboliva|44\/100|[silent]\n|upkeep\n|turn|22\n|\n|t:|1698532420\n|switch|p2a: Ribombee|Ribombee, F|100\/100\n|move|p1a: Arboliva|Giga Drain|p2a: Ribombee\n|-resisted|p2a: Ribombee\n|-damage|p2a: Ribombee|71\/100\n|-heal|p1a: Arboliva|58\/100|[from] drain|[of] p2a: Ribombee\n|\n|-heal|p2a: Ribombee|77\/100|[from] Grassy Terrain\n|-heal|p1a: Arboliva|64\/100|[from] Grassy Terrain\n|upkeep\n|turn|23\n|\n|t:|1698532431\n|move|p2a: Ribombee|Stun Spore|p1a: Arboliva\n|-status|p1a: Arboliva|par\n|move|p1a: Arboliva|Leech Seed|p2a: Ribombee\n|-start|p2a: Ribombee|move: Leech Seed\n|\n|-heal|p2a: Ribombee|83\/100|[from] Grassy Terrain\n|-heal|p1a: Arboliva|70\/100 par|[from] Grassy Terrain\n|-damage|p2a: Ribombee|71\/100|[from] Leech Seed|[of] p1a: Arboliva\n|-heal|p1a: Arboliva|81\/100 par|[silent]\n|-fieldend|move: Grassy Terrain\n|upkeep\n|turn|24\n|\n|t:|1698532443\n|move|p2a: Ribombee|Moonblast|p1a: Arboliva\n|-damage|p1a: Arboliva|60\/100 par\n|-unboost|p1a: Arboliva|spa|1\n|-fieldstart|move: Grassy Terrain|[from] ability: Seed Sower|[of] p1a: Arboliva\n|move|p1a: Arboliva|Strength Sap|p2a: Ribombee\n|-unboost|p2a: Ribombee|atk|1\n|-heal|p1a: Arboliva|97\/100 par\n|\n|-heal|p2a: Ribombee|77\/100|[from] Grassy Terrain\n|-heal|p1a: Arboliva|100\/100 par|[from] Grassy Terrain\n|-damage|p2a: Ribombee|65\/100|[from] Leech Seed|[of] p1a: Arboliva\n|upkeep\n|turn|25\n|-message|Fergder forfeited.\n|\n|win|LordRevan22\n|l|\u2606Fergder\n","uploadtime":1698532463,"views":12,"p1id":"lordrevan22","p2id":"fergder","formatid":"gen9anythinggoes","rating":0,"private":0,"password":""}