{"id":"gen9anythinggoes-1990386530","p1":"bf fcerzas","p2":"mr.Arch1","format":"[Gen 9] Anything Goes","log":"|j|\u2606bf fcerzas\n|j|\u2606mr.Arch1\n|t:|1699965425\n|gametype|singles\n|player|p1|bf fcerzas|swimmerf|1093\n|player|p2|mr.Arch1|266|1000\n|teamsize|p1|6\n|teamsize|p2|6\n|gen|9\n|tier|[Gen 9] Anything Goes\n|rated|\n|rule|HP Percentage Mod: HP is shown in percentages\n|rule|Endless Battle Clause: Forcing endless battles is banned\n|clearpoke\n|poke|p1|Palafin, F|\n|poke|p1|Palafin, F|\n|poke|p1|Palafin, M|\n|poke|p1|Palafin, M|\n|poke|p1|Palafin, M|\n|poke|p1|Palafin, F|\n|poke|p2|Geodude-Alola, M|\n|poke|p2|Geodude, F|\n|poke|p2|Geodude-Alola, M|\n|poke|p2|Geodude, M|\n|poke|p2|Geodude, M|\n|poke|p2|Kingambit, F|\n|teampreview\n|c|\u2606mr.Arch1|glhf\n|\n|t:|1699965435\n|start\n|switch|p1a: Palafin|Palafin, F|100\/100\n|switch|p2a: Geodude|Geodude, F|100\/100\n|-item|p2a: Geodude|Air Balloon\n|turn|1\n|inactive|Battle timer is ON: inactive players will automatically lose when time's up. (requested by bf fcerzas)\n|c|\u2606mr.Arch1|hey he repeating pokemon is my thing\n|\n|t:|1699965454\n|move|p1a: Palafin|Flip Turn|p2a: Geodude\n|-supereffective|p2a: Geodude\n|-ability|p2a: Geodude|Sturdy\n|-damage|p2a: Geodude|1\/100\n|-enditem|p2a: Geodude|Air Balloon\n|n|!bf fcerzas|bffcerzas\n|\n|t:|1699965471\n|detailschange|p1a: Palafin|Palafin-Hero, F\n|switch|p1a: Palafin|Palafin, F|100\/100|[from] Flip Turn\n|move|p2a: Geodude|Explosion|p1a: Palafin\n|-damage|p1a: Palafin|50\/100\n|faint|p2a: Geodude\n|\n|upkeep\n|c|\u2606mr.Arch1|zero to hero is crazy\n|\n|t:|1699965487\n|switch|p2a: Geodude|Geodude, M|100\/100\n|-item|p2a: Geodude|Air Balloon\n|turn|2\n|\n|t:|1699965491\n|move|p1a: Palafin|Flip Turn|p2a: Geodude\n|-supereffective|p2a: Geodude\n|-damage|p2a: Geodude|22\/100\n|-enditem|p2a: Geodude|Air Balloon\n|\n|t:|1699965494\n|detailschange|p1a: Palafin|Palafin-Hero, F\n|switch|p1a: Palafin|Palafin, M|100\/100|[from] Flip Turn\n|move|p2a: Geodude|Stealth Rock|p1a: Palafin\n|-sidestart|p1: bf fcerzas|move: Stealth Rock\n|\n|upkeep\n|turn|3\n|\n|t:|1699965514\n|move|p1a: Palafin|Flip Turn|p2a: Geodude\n|-supereffective|p2a: Geodude\n|-damage|p2a: Geodude|0 fnt\n|faint|p2a: Geodude\n|c|\u2606mr.Arch1|very interesting team you have\n|\n|t:|1699965526\n|detailschange|p1a: Palafin|Palafin-Hero, M\n|switch|p1a: Palafin|Palafin, M|100\/100|[from] Flip Turn\n|-damage|p1a: Palafin|88\/100|[from] Stealth Rock\n|\n|upkeep\n|\n|t:|1699965531\n|switch|p2a: Geodude|Geodude, M|100\/100\n|-item|p2a: Geodude|Air Balloon\n|turn|4\n|\n|t:|1699965542\n|move|p1a: Palafin|Flip Turn|p2a: Geodude\n|-supereffective|p2a: Geodude\n|-damage|p2a: Geodude|24\/100\n|-enditem|p2a: Geodude|Air Balloon\n|\n|t:|1699965545\n|detailschange|p1a: Palafin|Palafin-Hero, M\n|switch|p1a: Palafin|Palafin, M|100\/100|[from] Flip Turn\n|-damage|p1a: Palafin|88\/100|[from] Stealth Rock\n|move|p2a: Geodude|Explosion|p1a: Palafin\n|-damage|p1a: Palafin|20\/100\n|faint|p2a: Geodude\n|\n|-heal|p1a: Palafin|27\/100|[from] item: Leftovers\n|upkeep\n|\n|t:|1699965556\n|switch|p2a: Geodude|Geodude-Alola, M|100\/100\n|-item|p2a: Geodude|Air Balloon\n|turn|5\n|\n|t:|1699965565\n|move|p1a: Palafin|Flip Turn|p2a: Geodude\n|-supereffective|p2a: Geodude\n|-damage|p2a: Geodude|62\/100\n|-enditem|p2a: Geodude|Air Balloon\n|\n|t:|1699965570\n|detailschange|p1a: Palafin|Palafin-Hero, M\n|switch|p1a: Palafin|Palafin, F|100\/100|[from] Flip Turn\n|-damage|p1a: Palafin|88\/100|[from] Stealth Rock\n|move|p2a: Geodude|Explosion|p1a: Palafin\n|-damage|p1a: Palafin|37\/100\n|faint|p2a: Geodude\n|\n|upkeep\n|\n|t:|1699965582\n|switch|p2a: Geodude|Geodude-Alola, M|100\/100\n|-item|p2a: Geodude|Air Balloon\n|turn|6\n|\n|t:|1699965591\n|move|p1a: Palafin|Flip Turn|p2a: Geodude\n|-supereffective|p2a: Geodude\n|-damage|p2a: Geodude|60\/100\n|-enditem|p2a: Geodude|Air Balloon\n|\n|t:|1699965595\n|detailschange|p1a: Palafin|Palafin-Hero, F\n|switch|p1a: Palafin|Palafin-Hero, F|100\/100|[from] Flip Turn\n|-damage|p1a: Palafin|88\/100|[from] Stealth Rock\n|-activate|p1a: Palafin|ability: Zero to Hero\n|move|p2a: Geodude|Explosion|p1a: Palafin\n|-damage|p1a: Palafin|43\/100\n|faint|p2a: Geodude\n|\n|-heal|p1a: Palafin|49\/100|[from] item: Leftovers\n|upkeep\n|c|\u2606mr.Arch1|why does that look cool??\n|\n|t:|1699965605\n|switch|p2a: Kingambit|Kingambit, F, shiny|100\/100\n|-activate|p2a: Kingambit|ability: Supreme Overlord\n|-start|p2a: Kingambit|fallen5|[silent]\n|turn|7\n|\n|t:|1699965610\n|-terastallize|p2a: Kingambit|Dark\n|move|p1a: Palafin|Jet Punch|p2a: Kingambit\n|-damage|p2a: Kingambit|75\/100\n|move|p2a: Kingambit|Kowtow Cleave|p1a: Palafin\n|-damage|p1a: Palafin|0 fnt\n|faint|p1a: Palafin\n|\n|upkeep\n|\n|t:|1699965614\n|switch|p1a: Palafin|Palafin-Hero, F|37\/100\n|-damage|p1a: Palafin|25\/100|[from] Stealth Rock\n|-activate|p1a: Palafin|ability: Zero to Hero\n|turn|8\n|c|\u2606mr.Arch1|the hero's vs the villain\n|\n|t:|1699965626\n|-terastallize|p1a: Palafin|Water\n|move|p1a: Palafin|Jet Punch|p2a: Kingambit\n|-damage|p2a: Kingambit|41\/100\n|move|p2a: Kingambit|Kowtow Cleave|p1a: Palafin\n|-damage|p1a: Palafin|0 fnt\n|faint|p1a: Palafin\n|\n|upkeep\n|\n|t:|1699965631\n|switch|p1a: Palafin|Palafin-Hero, F|50\/100\n|-damage|p1a: Palafin|38\/100|[from] Stealth Rock\n|-activate|p1a: Palafin|ability: Zero to Hero\n|turn|9\n|\n|t:|1699965644\n|move|p1a: Palafin|Jet Punch|p2a: Kingambit\n|-damage|p2a: Kingambit|17\/100\n|move|p2a: Kingambit|Kowtow Cleave|p1a: Palafin\n|-damage|p1a: Palafin|0 fnt\n|faint|p1a: Palafin\n|\n|upkeep\n|\n|t:|1699965647\n|switch|p1a: Palafin|Palafin-Hero, M|100\/100\n|-damage|p1a: Palafin|88\/100|[from] Stealth Rock\n|-activate|p1a: Palafin|ability: Zero to Hero\n|turn|10\n|\n|t:|1699965656\n|move|p1a: Palafin|Jet Punch|p2a: Kingambit\n|-damage|p2a: Kingambit|0 fnt\n|faint|p2a: Kingambit\n|-end|p2a: Kingambit|fallen5|[silent]\n|\n|win|bf fcerzas\n|raw|bf fcerzas's rating: 1093 &rarr; <strong>1112<\/strong><br \/>(+19 for winning)\n|raw|mr.Arch1's rating: 1000 &rarr; <strong>1000<\/strong><br \/>(+0 for losing)\n","uploadtime":1699965461,"views":2,"p1id":"bffcerzas","p2id":"mrarch1","formatid":"gen9anythinggoes","rating":1000,"private":0,"password":""}