{"id":"gen9anythinggoes-1994110287","p1":"thepilotscode","p2":"YoungEsq","format":"[Gen 9] Anything Goes","log":"|j|\u2606thepilotscode\n|j|\u2606YoungEsq\n|t:|1700408062\n|gametype|singles\n|player|p1|thepilotscode|volkner|1211\n|player|p2|YoungEsq|102|1336\n|teamsize|p1|6\n|teamsize|p2|6\n|gen|9\n|tier|[Gen 9] Anything Goes\n|rated|\n|rule|HP Percentage Mod: HP is shown in percentages\n|rule|Endless Battle Clause: Forcing endless battles is banned\n|clearpoke\n|poke|p1|Glimmora, F|\n|poke|p1|Gliscor, M|\n|poke|p1|Kingambit, M|\n|poke|p1|Hoppip, L1, F|\n|poke|p1|Krookodile, M|\n|poke|p1|Skeledirge, M|\n|poke|p2|Ting-Lu|\n|poke|p2|Gholdengo|\n|poke|p2|Roaring Moon|\n|poke|p2|Chi-Yu|\n|poke|p2|Samurott-Hisui, M|\n|poke|p2|Mandibuzz, F|\n|teampreview\n|inactive|Battle timer is ON: inactive players will automatically lose when time's up. (requested by YoungEsq)\n|\n|t:|1700408068\n|start\n|switch|p1a: Rubble|Glimmora, F|100\/100\n|switch|p2a: Ting-Lu|Ting-Lu|100\/100\n|-ability|p2a: Ting-Lu|Vessel of Ruin\n|turn|1\n|\n|t:|1700408077\n|move|p1a: Rubble|Stealth Rock|p2a: Ting-Lu\n|-sidestart|p2: YoungEsq|move: Stealth Rock\n|move|p2a: Ting-Lu|Earthquake|p1a: Rubble\n|-supereffective|p1a: Rubble\n|-enditem|p1a: Rubble|Focus Sash\n|-damage|p1a: Rubble|1\/100\n|-activate|p1a: Rubble|ability: Toxic Debris\n|-sidestart|p2: YoungEsq|move: Toxic Spikes\n|\n|upkeep\n|turn|2\n|\n|t:|1700408086\n|move|p1a: Rubble|Spiky Shield|p1a: Rubble\n|-singleturn|p1a: Rubble|move: Protect\n|move|p2a: Ting-Lu|Earthquake|p1a: Rubble\n|-activate|p1a: Rubble|move: Protect\n|\n|upkeep\n|turn|3\n|\n|t:|1700408094\n|move|p1a: Rubble|Spikes|p2a: Ting-Lu\n|-sidestart|p2: YoungEsq|Spikes\n|move|p2a: Ting-Lu|Earthquake|p1a: Rubble\n|-supereffective|p1a: Rubble\n|-damage|p1a: Rubble|0 fnt\n|-activate|p1a: Rubble|ability: Toxic Debris\n|-sidestart|p2: YoungEsq|move: Toxic Spikes\n|faint|p1a: Rubble\n|\n|upkeep\n|\n|t:|1700408103\n|switch|p1a: Mary Poppins|Hoppip, L1, F, shiny|100\/100\n|turn|4\n|\n|t:|1700408107\n|move|p2a: Ting-Lu|Stealth Rock|p1a: Mary Poppins\n|-sidestart|p1: thepilotscode|move: Stealth Rock\n|move|p1a: Mary Poppins|Leech Seed|p2a: Ting-Lu|[miss]\n|-miss|p1a: Mary Poppins|p2a: Ting-Lu\n|\n|upkeep\n|turn|5\n|\n|t:|1700408116\n|move|p1a: Mary Poppins|Leech Seed|p2a: Ting-Lu\n|-start|p2a: Ting-Lu|move: Leech Seed\n|move|p2a: Ting-Lu|Whirlwind|p1a: Mary Poppins\n|drag|p1a: Mr. K|Gliscor, M, shiny|100\/100\n|-damage|p1a: Mr. K|88\/100|[from] Stealth Rock\n|\n|-damage|p2a: Ting-Lu|88\/100|[from] Leech Seed|[of] p1a: Mr. K\n|-heal|p1a: Mr. K|100\/100|[silent]\n|-status|p1a: Mr. K|tox|[from] item: Toxic Orb\n|upkeep\n|turn|6\n|\n|t:|1700408125\n|switch|p2a: Mandibuzz|Mandibuzz, F|100\/100\n|move|p1a: Mr. K|Swords Dance|p1a: Mr. K\n|-boost|p1a: Mr. K|atk|2\n|\n|upkeep\n|turn|7\n|\n|t:|1700408142\n|move|p1a: Mr. K|Baton Pass|p1a: Mr. K\n|\n|t:|1700408144\n|switch|p1a: Tick-Tock-Croc|Skeledirge, M|100\/100|[from] Baton Pass\n|-damage|p1a: Tick-Tock-Croc|75\/100|[from] Stealth Rock\n|move|p2a: Mandibuzz|Defog|p1a: Tick-Tock-Croc\n|-unboost|p1a: Tick-Tock-Croc|evasion|1\n|-sideend|p1: thepilotscode|Stealth Rock|[from] move: Defog|[of] p2a: Mandibuzz\n|-sideend|p2: YoungEsq|Spikes|[from] move: Defog|[of] p2a: Mandibuzz\n|-sideend|p2: YoungEsq|Toxic Spikes|[from] move: Defog|[of] p2a: Mandibuzz\n|-sideend|p2: YoungEsq|Stealth Rock|[from] move: Defog|[of] p2a: Mandibuzz\n|\n|upkeep\n|turn|8\n|\n|t:|1700408153\n|move|p2a: Mandibuzz|Toxic|p1a: Tick-Tock-Croc\n|-status|p1a: Tick-Tock-Croc|tox\n|move|p1a: Tick-Tock-Croc|Torch Song|p2a: Mandibuzz\n|-damage|p2a: Mandibuzz|79\/100\n|-boost|p1a: Tick-Tock-Croc|spa|1\n|-enditem|p1a: Tick-Tock-Croc|Throat Spray\n|-boost|p1a: Tick-Tock-Croc|spa|1|[from] item: Throat Spray\n|\n|-damage|p1a: Tick-Tock-Croc|69\/100 tox|[from] psn\n|upkeep\n|turn|9\n|\n|t:|1700408165\n|switch|p2a: Ting-Lu|Ting-Lu|88\/100\n|-ability|p2a: Ting-Lu|Vessel of Ruin\n|move|p1a: Tick-Tock-Croc|Torch Song|p2a: Ting-Lu\n|-damage|p2a: Ting-Lu|59\/100\n|-boost|p1a: Tick-Tock-Croc|spa|1\n|\n|-heal|p2a: Ting-Lu|66\/100|[from] item: Leftovers\n|-damage|p1a: Tick-Tock-Croc|57\/100 tox|[from] psn\n|upkeep\n|turn|10\n|\n|t:|1700408175\n|move|p1a: Tick-Tock-Croc|Seed Bomb|p2a: Ting-Lu\n|-supereffective|p2a: Ting-Lu\n|-damage|p2a: Ting-Lu|36\/100\n|move|p2a: Ting-Lu|Earthquake|p1a: Tick-Tock-Croc\n|-supereffective|p1a: Tick-Tock-Croc\n|-damage|p1a: Tick-Tock-Croc|0 fnt\n|faint|p1a: Tick-Tock-Croc\n|\n|-heal|p2a: Ting-Lu|43\/100|[from] item: Leftovers\n|upkeep\n|\n|t:|1700408185\n|switch|p1a: Mr. K|Gliscor, M, shiny|100\/100 tox\n|turn|11\n|\n|t:|1700408189\n|move|p1a: Mr. K|Agility|p1a: Mr. K\n|-boost|p1a: Mr. K|spe|2\n|move|p2a: Ting-Lu|Whirlwind|p1a: Mr. K\n|drag|p1a: Mary Poppins|Hoppip, L1, F, shiny|100\/100\n|\n|-heal|p2a: Ting-Lu|49\/100|[from] item: Leftovers\n|upkeep\n|turn|12\n|\n|t:|1700408196\n|move|p2a: Ting-Lu|Stealth Rock|p1a: Mary Poppins\n|-sidestart|p1: thepilotscode|move: Stealth Rock\n|move|p1a: Mary Poppins|Leech Seed|p2a: Ting-Lu\n|-start|p2a: Ting-Lu|move: Leech Seed\n|\n|-heal|p2a: Ting-Lu|55\/100|[from] item: Leftovers\n|-damage|p2a: Ting-Lu|43\/100|[from] Leech Seed|[of] p1a: Mary Poppins\n|upkeep\n|turn|13\n|\n|t:|1700408206\n|switch|p2a: Mandibuzz|Mandibuzz, F|79\/100\n|move|p1a: Mary Poppins|Protect||[still]\n|-fail|p1a: Mary Poppins\n|\n|upkeep\n|turn|14\n|\n|t:|1700408217\n|switch|p1a: Mr. K|Gliscor, M, shiny|100\/100 tox\n|-damage|p1a: Mr. K|88\/100 tox|[from] Stealth Rock\n|move|p2a: Mandibuzz|Toxic|p1a: Mr. K\n|-fail|p1a: Mr. K|tox\n|\n|-heal|p1a: Mr. K|100\/100 tox|[from] ability: Poison Heal\n|upkeep\n|turn|15\n|\n|t:|1700408225\n|switch|p2a: Chi-Yu|Chi-Yu|100\/100\n|-ability|p2a: Chi-Yu|Beads of Ruin\n|move|p1a: Mr. K|Agility|p1a: Mr. K\n|-boost|p1a: Mr. K|spe|2\n|\n|upkeep\n|turn|16\n|\n|t:|1700408233\n|-terastallize|p2a: Chi-Yu|Poison\n|move|p2a: Chi-Yu|Psychic|p1a: Mr. K\n|-damage|p1a: Mr. K|37\/100 tox\n|move|p1a: Mr. K|Earthquake|p2a: Chi-Yu\n|-supereffective|p2a: Chi-Yu\n|-damage|p2a: Chi-Yu|0 fnt\n|faint|p2a: Chi-Yu\n|\n|-heal|p1a: Mr. K|49\/100 tox|[from] ability: Poison Heal\n|upkeep\n|\n|t:|1700408256\n|switch|p2a: Samurott|Samurott-Hisui, M|100\/100\n|turn|17\n|\n|t:|1700408266\n|move|p1a: Mr. K|Earthquake|p2a: Samurott\n|-damage|p2a: Samurott|57\/100\n|move|p2a: Samurott|Ceaseless Edge|p1a: Mr. K\n|-damage|p1a: Mr. K|15\/100 tox\n|-sidestart|p1: thepilotscode|Spikes\n|\n|-heal|p1a: Mr. K|27\/100 tox|[from] ability: Poison Heal\n|upkeep\n|turn|18\n|\n|t:|1700408275\n|move|p1a: Mr. K|Baton Pass|p1a: Mr. K\n|\n|t:|1700408276\n|switch|p1a: Gustave|Krookodile, M, shiny|100\/100|[from] Baton Pass\n|-damage|p1a: Gustave|94\/100|[from] Stealth Rock\n|-damage|p1a: Gustave|82\/100|[from] Spikes\n|move|p2a: Samurott|Razor Shell|p1a: Gustave\n|-supereffective|p1a: Gustave\n|-damage|p1a: Gustave|0 fnt\n|faint|p1a: Gustave\n|\n|upkeep\n|\n|t:|1700408289\n|switch|p1a: Mr. K|Gliscor, M, shiny|27\/100 tox\n|-damage|p1a: Mr. K|15\/100 tox|[from] Stealth Rock\n|turn|19\n|\n|t:|1700408293\n|move|p1a: Mr. K|Earthquake|p2a: Samurott\n|-damage|p2a: Samurott|10\/100\n|move|p2a: Samurott|Razor Shell|p1a: Mr. K\n|-supereffective|p1a: Mr. K\n|-damage|p1a: Mr. K|0 fnt\n|faint|p1a: Mr. K\n|\n|upkeep\n|\n|t:|1700408304\n|switch|p1a: Mary Poppins|Hoppip, L1, F, shiny|100\/100\n|-damage|p1a: Mary Poppins|75\/100|[from] Stealth Rock\n|turn|20\n|\n|t:|1700408312\n|switch|p2a: Mandibuzz|Mandibuzz, F|79\/100\n|move|p1a: Mary Poppins|Protect||[still]\n|-fail|p1a: Mary Poppins\n|\n|upkeep\n|turn|21\n|\n|t:|1700408317\n|switch|p2a: Roaring Moon|Roaring Moon|100\/100\n|-enditem|p2a: Roaring Moon|Booster Energy\n|-activate|p2a: Roaring Moon|ability: Protosynthesis|[fromitem]\n|-start|p2a: Roaring Moon|protosynthesisatk\n|move|p1a: Mary Poppins|Leech Seed|p2a: Roaring Moon\n|-start|p2a: Roaring Moon|move: Leech Seed\n|\n|-damage|p2a: Roaring Moon|88\/100|[from] Leech Seed|[of] p1a: Mary Poppins\n|-heal|p1a: Mary Poppins|100\/100|[silent]\n|upkeep\n|turn|22\n|\n|t:|1700408328\n|move|p1a: Mary Poppins|Protect|p1a: Mary Poppins\n|-singleturn|p1a: Mary Poppins|Protect\n|move|p2a: Roaring Moon|Dragon Dance|p2a: Roaring Moon\n|-boost|p2a: Roaring Moon|atk|1\n|-boost|p2a: Roaring Moon|spe|1\n|\n|-damage|p2a: Roaring Moon|76\/100|[from] Leech Seed|[of] p1a: Mary Poppins\n|upkeep\n|turn|23\n|\n|t:|1700408335\n|move|p2a: Roaring Moon|Dragon Dance|p2a: Roaring Moon\n|-boost|p2a: Roaring Moon|atk|1\n|-boost|p2a: Roaring Moon|spe|1\n|move|p1a: Mary Poppins|Encore|p2a: Roaring Moon\n|-start|p2a: Roaring Moon|Encore\n|\n|-damage|p2a: Roaring Moon|64\/100|[from] Leech Seed|[of] p1a: Mary Poppins\n|upkeep\n|turn|24\n|\n|t:|1700408343\n|move|p2a: Roaring Moon|Dragon Dance|p2a: Roaring Moon\n|-boost|p2a: Roaring Moon|atk|1\n|-boost|p2a: Roaring Moon|spe|1\n|move|p1a: Mary Poppins|Substitute|p1a: Mary Poppins\n|-start|p1a: Mary Poppins|Substitute\n|-damage|p1a: Mary Poppins|75\/100\n|\n|-damage|p2a: Roaring Moon|51\/100|[from] Leech Seed|[of] p1a: Mary Poppins\n|-heal|p1a: Mary Poppins|100\/100|[silent]\n|upkeep\n|turn|25\n|\n|t:|1700408353\n|move|p1a: Mary Poppins|Protect|p1a: Mary Poppins\n|-singleturn|p1a: Mary Poppins|Protect\n|move|p2a: Roaring Moon|Dragon Dance|p2a: Roaring Moon\n|-boost|p2a: Roaring Moon|atk|1\n|-boost|p2a: Roaring Moon|spe|1\n|\n|-damage|p2a: Roaring Moon|39\/100|[from] Leech Seed|[of] p1a: Mary Poppins\n|upkeep\n|turn|26\n|\n|t:|1700408362\n|move|p2a: Roaring Moon|Dragon Dance|p2a: Roaring Moon\n|-boost|p2a: Roaring Moon|atk|1\n|-boost|p2a: Roaring Moon|spe|1\n|move|p1a: Mary Poppins|Leech Seed||[still]\n|-fail|p1a: Mary Poppins\n|\n|-damage|p2a: Roaring Moon|27\/100|[from] Leech Seed|[of] p1a: Mary Poppins\n|-end|p2a: Roaring Moon|Encore\n|upkeep\n|turn|27\n|\n|t:|1700408372\n|move|p2a: Roaring Moon|Acrobatics|p1a: Mary Poppins\n|-supereffective|p1a: Mary Poppins\n|-end|p1a: Mary Poppins|Substitute\n|move|p1a: Mary Poppins|Encore|p2a: Roaring Moon\n|-start|p2a: Roaring Moon|Encore\n|\n|-damage|p2a: Roaring Moon|15\/100|[from] Leech Seed|[of] p1a: Mary Poppins\n|upkeep\n|turn|28\n|\n|t:|1700408379\n|move|p1a: Mary Poppins|Protect|p1a: Mary Poppins\n|-singleturn|p1a: Mary Poppins|Protect\n|move|p2a: Roaring Moon|Acrobatics|p1a: Mary Poppins\n|-activate|p1a: Mary Poppins|move: Protect\n|\n|-damage|p2a: Roaring Moon|2\/100|[from] Leech Seed|[of] p1a: Mary Poppins\n|upkeep\n|turn|29\n|\n|t:|1700408386\n|move|p1a: Mary Poppins|Protect|p1a: Mary Poppins\n|-singleturn|p1a: Mary Poppins|Protect\n|move|p2a: Roaring Moon|Acrobatics|p1a: Mary Poppins\n|-activate|p1a: Mary Poppins|move: Protect\n|\n|-damage|p2a: Roaring Moon|0 fnt|[from] Leech Seed|[of] p1a: Mary Poppins\n|faint|p2a: Roaring Moon\n|-end|p2a: Roaring Moon|Protosynthesis|[silent]\n|upkeep\n|\n|t:|1700408396\n|switch|p2a: Samurott|Samurott-Hisui, M|10\/100\n|turn|30\n|c|\u2606thepilotscode|lol\n|\n|t:|1700408401\n|move|p2a: Samurott|Aqua Jet|p1a: Mary Poppins\n|-resisted|p1a: Mary Poppins\n|-enditem|p1a: Mary Poppins|Focus Sash\n|-damage|p1a: Mary Poppins|9\/100\n|move|p1a: Mary Poppins|Leech Seed|p2a: Samurott\n|-start|p2a: Samurott|move: Leech Seed\n|\n|-damage|p2a: Samurott|0 fnt|[from] Leech Seed|[of] p1a: Mary Poppins\n|-heal|p1a: Mary Poppins|100\/100|[silent]\n|faint|p2a: Samurott\n|upkeep\n|\n|t:|1700408409\n|switch|p2a: Gholdengo|Gholdengo|100\/100\n|-item|p2a: Gholdengo|Air Balloon\n|turn|31\n|\n|t:|1700408415\n|move|p2a: Gholdengo|Make It Rain|p1a: Mary Poppins\n|-damage|p1a: Mary Poppins|0 fnt\n|-unboost|p2a: Gholdengo|spa|1\n|faint|p1a: Mary Poppins\n|\n|upkeep\n|\n|t:|1700408421\n|switch|p1a: Elvis|Kingambit, M|100\/100\n|-damage|p1a: Elvis|94\/100|[from] Stealth Rock\n|-damage|p1a: Elvis|82\/100|[from] Spikes\n|-activate|p1a: Elvis|ability: Supreme Overlord\n|-start|p1a: Elvis|fallen5|[silent]\n|turn|32\n|\n|t:|1700408429\n|switch|p2a: Mandibuzz|Mandibuzz, F|79\/100\n|move|p1a: Elvis|Sucker Punch||[still]\n|-fail|p1a: Elvis\n|\n|upkeep\n|turn|33\n|\n|t:|1700408438\n|move|p1a: Elvis|Iron Head|p2a: Mandibuzz\n|-damage|p2a: Mandibuzz|24\/100\n|cant|p2a: Mandibuzz|flinch\n|\n|upkeep\n|turn|34\n|\n|t:|1700408442\n|move|p1a: Elvis|Iron Head|p2a: Mandibuzz\n|-damage|p2a: Mandibuzz|0 fnt\n|faint|p2a: Mandibuzz\n|\n|upkeep\n|\n|t:|1700408445\n|switch|p2a: Ting-Lu|Ting-Lu|43\/100\n|-ability|p2a: Ting-Lu|Vessel of Ruin\n|turn|35\n|\n|t:|1700408450\n|move|p1a: Elvis|Sucker Punch|p2a: Ting-Lu\n|-resisted|p2a: Ting-Lu\n|-damage|p2a: Ting-Lu|24\/100\n|move|p2a: Ting-Lu|Earthquake|p1a: Elvis\n|-supereffective|p1a: Elvis\n|-damage|p1a: Elvis|18\/100\n|\n|-heal|p2a: Ting-Lu|30\/100|[from] item: Leftovers\n|upkeep\n|turn|36\n|\n|t:|1700408462\n|move|p1a: Elvis|Retaliate|p2a: Ting-Lu\n|-damage|p2a: Ting-Lu|8\/100\n|move|p2a: Ting-Lu|Earthquake|p1a: Elvis\n|-supereffective|p1a: Elvis\n|-damage|p1a: Elvis|0 fnt\n|faint|p1a: Elvis\n|-end|p1a: Elvis|fallen5|[silent]\n|\n|win|YoungEsq\n|raw|thepilotscode's rating: 1211 &rarr; <strong>1195<\/strong><br \/>(-16 for losing)\n|raw|YoungEsq's rating: 1336 &rarr; <strong>1349<\/strong><br \/>(+13 for winning)\n","uploadtime":1700408466,"views":1,"p1id":"thepilotscode","p2id":"youngesq","formatid":"gen9anythinggoes","rating":1195,"private":0,"password":""}