{"id":"gen9anythinggoes-1987986017","p1":"bbkkrr","p2":"cattya","format":"[Gen 9] Anything Goes","log":"|j|\u2606bbkkrr\n|j|\u203dcattya\n|t:|1699656124\n|gametype|singles\n|player|p1|bbkkrr|170|1063\n|player|p2|cattya|265|1122\n|teamsize|p1|6\n|teamsize|p2|6\n|gen|9\n|tier|[Gen 9] Anything Goes\n|rated|\n|rule|HP Percentage Mod: HP is shown in percentages\n|rule|Endless Battle Clause: Forcing endless battles is banned\n|clearpoke\n|poke|p1|Gastrodon-East, M|\n|poke|p1|Kingambit, M|\n|poke|p1|Kommo-o, F|\n|poke|p1|Palafin, M|\n|poke|p1|Chien-Pao|\n|poke|p1|Iron Moth|\n|poke|p2|Glimmora, F|\n|poke|p2|Spiritomb, F|\n|poke|p2|Iron Hands|\n|poke|p2|Samurott-Hisui, F|\n|poke|p2|Rayquaza|\n|poke|p2|Kingambit, F|\n|teampreview\n|\n|t:|1699656139\n|start\n|switch|p1a: Iron Moth|Iron Moth|100\/100\n|switch|p2a: Glimmora|Glimmora, F|100\/100\n|-item|p2a: Glimmora|Air Balloon\n|-enditem|p1a: Iron Moth|Booster Energy\n|-activate|p1a: Iron Moth|ability: Quark Drive|[fromitem]\n|-start|p1a: Iron Moth|quarkdrivespa\n|turn|1\n|\n|t:|1699656149\n|move|p1a: Iron Moth|Toxic Spikes|p2a: Glimmora\n|-sidestart|p2: cattya|move: Toxic Spikes\n|move|p2a: Glimmora|Stealth Rock|p1a: Iron Moth\n|-sidestart|p1: bbkkrr|move: Stealth Rock\n|\n|upkeep\n|turn|2\n|\n|t:|1699656154\n|move|p1a: Iron Moth|Toxic Spikes|p2a: Glimmora\n|-sidestart|p2: cattya|move: Toxic Spikes\n|move|p2a: Glimmora|Spikes|p1a: Iron Moth\n|-sidestart|p1: bbkkrr|Spikes\n|\n|upkeep\n|turn|3\n|\n|t:|1699656159\n|move|p1a: Iron Moth|Light Screen|p1a: Iron Moth\n|-sidestart|p1: bbkkrr|move: Light Screen\n|move|p2a: Glimmora|Spikes|p1a: Iron Moth\n|-sidestart|p1: bbkkrr|Spikes\n|\n|upkeep\n|turn|4\n|\n|t:|1699656164\n|move|p1a: Iron Moth|Bug Buzz|p2a: Glimmora\n|-resisted|p2a: Glimmora\n|-damage|p2a: Glimmora|76\/100\n|-enditem|p2a: Glimmora|Air Balloon\n|move|p2a: Glimmora|Spikes|p1a: Iron Moth\n|-sidestart|p1: bbkkrr|Spikes\n|\n|upkeep\n|turn|5\n|\n|t:|1699656178\n|move|p1a: Iron Moth|Sludge Wave|p2a: Glimmora\n|-resisted|p2a: Glimmora\n|-damage|p2a: Glimmora|57\/100\n|move|p2a: Glimmora|Rock Slide|p1a: Iron Moth\n|-supereffective|p1a: Iron Moth\n|-damage|p1a: Iron Moth|56\/100\n|\n|upkeep\n|turn|6\n|\n|t:|1699656189\n|move|p1a: Iron Moth|Bug Buzz|p2a: Glimmora\n|-resisted|p2a: Glimmora\n|-damage|p2a: Glimmora|33\/100\n|move|p2a: Glimmora|Rock Slide|p1a: Iron Moth\n|-supereffective|p1a: Iron Moth\n|-damage|p1a: Iron Moth|8\/100\n|\n|upkeep\n|turn|7\n|\n|t:|1699656201\n|move|p1a: Iron Moth|Bug Buzz|p2a: Glimmora\n|-resisted|p2a: Glimmora\n|-damage|p2a: Glimmora|9\/100\n|move|p2a: Glimmora|Rock Slide|p1a: Iron Moth\n|-supereffective|p1a: Iron Moth\n|-damage|p1a: Iron Moth|0 fnt\n|faint|p1a: Iron Moth\n|-end|p1a: Iron Moth|Quark Drive|[silent]\n|\n|-sideend|p1: bbkkrr|move: Light Screen\n|upkeep\n|\n|t:|1699656212\n|switch|p1a: Palafin|Palafin, M|100\/100\n|-damage|p1a: Palafin|88\/100|[from] Stealth Rock\n|-damage|p1a: Palafin|63\/100|[from] Spikes\n|turn|8\n|\n|t:|1699656217\n|move|p1a: Palafin|Waterfall|p2a: Glimmora\n|-supereffective|p2a: Glimmora\n|-crit|p2a: Glimmora\n|-damage|p2a: Glimmora|0 fnt\n|-activate|p2a: Glimmora|ability: Toxic Debris\n|-sidestart|p1: bbkkrr|move: Toxic Spikes\n|faint|p2a: Glimmora\n|\n|upkeep\n|\n|t:|1699656232\n|switch|p2a: Iron Hands|Iron Hands|100\/100\n|-status|p2a: Iron Hands|tox\n|-enditem|p2a: Iron Hands|Booster Energy\n|-activate|p2a: Iron Hands|ability: Quark Drive|[fromitem]\n|-start|p2a: Iron Hands|quarkdriveatk\n|turn|9\n|\n|t:|1699656239\n|move|p2a: Iron Hands|Fake Out|p1a: Palafin\n|-damage|p1a: Palafin|37\/100\n|cant|p1a: Palafin|flinch\n|\n|-damage|p2a: Iron Hands|94\/100 tox|[from] psn\n|upkeep\n|turn|10\n|\n|t:|1699656245\n|move|p1a: Palafin|Waterfall|p2a: Iron Hands\n|-damage|p2a: Iron Hands|76\/100 tox\n|move|p2a: Iron Hands|Drain Punch|p1a: Palafin\n|-damage|p1a: Palafin|0 fnt\n|-heal|p2a: Iron Hands|88\/100 tox|[from] drain|[of] p1a: Palafin\n|faint|p1a: Palafin\n|\n|-damage|p2a: Iron Hands|76\/100 tox|[from] psn\n|upkeep\n|\n|t:|1699656251\n|switch|p1a: Gastrodon|Gastrodon-East, M|100\/100\n|-damage|p1a: Gastrodon|94\/100|[from] Stealth Rock\n|-damage|p1a: Gastrodon|69\/100|[from] Spikes\n|-status|p1a: Gastrodon|psn\n|turn|11\n|\n|t:|1699656259\n|move|p2a: Iron Hands|Drain Punch|p1a: Gastrodon\n|-damage|p1a: Gastrodon|13\/100 psn\n|-heal|p2a: Iron Hands|96\/100 tox|[from] drain|[of] p1a: Gastrodon\n|move|p1a: Gastrodon|Counter|p2a: Iron Hands\n|-damage|p2a: Iron Hands|15\/100 tox\n|\n|-heal|p1a: Gastrodon|19\/100 psn|[from] item: Leftovers\n|-damage|p2a: Iron Hands|0 fnt|[from] psn\n|faint|p2a: Iron Hands\n|-end|p2a: Iron Hands|Quark Drive|[silent]\n|-damage|p1a: Gastrodon|6\/100 psn|[from] psn\n|upkeep\n|\n|t:|1699656270\n|switch|p2a: Spiritomb|Spiritomb, F, shiny|100\/100\n|-status|p2a: Spiritomb|tox\n|turn|12\n|\n|t:|1699656275\n|move|p2a: Spiritomb|Hex|p1a: Gastrodon\n|-damage|p1a: Gastrodon|0 fnt\n|faint|p1a: Gastrodon\n|\n|-damage|p2a: Spiritomb|94\/100 tox|[from] psn\n|upkeep\n|\n|t:|1699656281\n|switch|p1a: Chien-Pao|Chien-Pao|100\/100\n|-damage|p1a: Chien-Pao|76\/100|[from] Stealth Rock\n|-damage|p1a: Chien-Pao|51\/100|[from] Spikes\n|-status|p1a: Chien-Pao|psn\n|-ability|p1a: Chien-Pao|Sword of Ruin\n|turn|13\n|\n|t:|1699656289\n|-terastallize|p2a: Spiritomb|Ghost\n|move|p1a: Chien-Pao|Swords Dance|p1a: Chien-Pao\n|-boost|p1a: Chien-Pao|atk|2\n|move|p2a: Spiritomb|Hex|p1a: Chien-Pao\n|-resisted|p1a: Chien-Pao\n|-damage|p1a: Chien-Pao|8\/100 psn\n|\n|-damage|p1a: Chien-Pao|0 fnt|[from] psn\n|faint|p1a: Chien-Pao\n|-damage|p2a: Spiritomb|82\/100 tox|[from] psn\n|upkeep\n|\n|t:|1699656295\n|switch|p1a: Kommo-o|Kommo-o, F|100\/100\n|-damage|p1a: Kommo-o|94\/100|[from] Stealth Rock\n|-damage|p1a: Kommo-o|69\/100|[from] Spikes\n|-status|p1a: Kommo-o|psn\n|turn|14\n|\n|t:|1699656304\n|move|p1a: Kommo-o|Belly Drum|p1a: Kommo-o\n|-damage|p1a: Kommo-o|19\/100 psn\n|-setboost|p1a: Kommo-o|atk|6|[from] move: Belly Drum\n|-enditem|p1a: Kommo-o|Aguav Berry|[eat]\n|-heal|p1a: Kommo-o|53\/100 psn|[from] item: Aguav Berry\n|move|p2a: Spiritomb|Hex|p1a: Kommo-o\n|-damage|p1a: Kommo-o|0 fnt\n|faint|p1a: Kommo-o\n|\n|-damage|p2a: Spiritomb|64\/100 tox|[from] psn\n|upkeep\n|\n|t:|1699656312\n|switch|p1a: Kingambit|Kingambit, M|100\/100\n|-damage|p1a: Kingambit|94\/100|[from] Stealth Rock\n|-damage|p1a: Kingambit|70\/100|[from] Spikes\n|-activate|p1a: Kingambit|ability: Supreme Overlord\n|-start|p1a: Kingambit|fallen5|[silent]\n|turn|15\n|\n|t:|1699656320\n|move|p1a: Kingambit|Swords Dance|p1a: Kingambit\n|-boost|p1a: Kingambit|atk|2\n|move|p2a: Spiritomb|Hex|p1a: Kingambit\n|-resisted|p1a: Kingambit\n|-damage|p1a: Kingambit|53\/100\n|\n|-damage|p2a: Spiritomb|40\/100 tox|[from] psn\n|upkeep\n|turn|16\n|\n|t:|1699656329\n|move|p1a: Kingambit|Swords Dance|p1a: Kingambit\n|-boost|p1a: Kingambit|atk|2\n|move|p2a: Spiritomb|Hex|p1a: Kingambit\n|-resisted|p1a: Kingambit\n|-damage|p1a: Kingambit|38\/100\n|\n|-damage|p2a: Spiritomb|10\/100 tox|[from] psn\n|upkeep\n|turn|17\n|\n|t:|1699656338\n|move|p1a: Kingambit|Rest|p1a: Kingambit\n|-status|p1a: Kingambit|slp|[from] move: Rest\n|-heal|p1a: Kingambit|100\/100 slp|[silent]\n|move|p2a: Spiritomb|Destiny Bond|p2a: Spiritomb\n|-singlemove|p2a: Spiritomb|Destiny Bond\n|\n|-damage|p2a: Spiritomb|0 fnt|[from] psn\n|faint|p2a: Spiritomb\n|upkeep\n|\n|t:|1699656347\n|switch|p2a: Samurott|Samurott-Hisui, F|100\/100\n|-status|p2a: Samurott|tox\n|turn|18\n|\n|t:|1699656357\n|move|p2a: Samurott|Sacred Sword|p1a: Kingambit\n|-supereffective|p1a: Kingambit\n|-damage|p1a: Kingambit|0 fnt\n|faint|p1a: Kingambit\n|-end|p1a: Kingambit|fallen5|[silent]\n|\n|win|cattya\n|raw|bbkkrr's rating: 1063 &rarr; <strong>1047<\/strong><br \/>(-16 for losing)\n|raw|cattya's rating: 1122 &rarr; <strong>1143<\/strong><br \/>(+21 for winning)\n","uploadtime":1699656364,"views":5,"p1id":"bbkkrr","p2id":"cattya","formatid":"gen9anythinggoes","rating":1047,"private":0,"password":""}